timestamp,collected_at,seconds,mid,bid,ask,asset
2026-01-06 06:15:00+00:00,2026-01-06 06:19:12.249650+00:00,0.0,3221.702,3221.47,3222.02,ETH
2026-01-06 06:15:01+00:00,2026-01-06 06:19:13.274502+00:00,1.0,3221.702,3221.47,3221.96,ETH
2026-01-06 06:15:02+00:00,2026-01-06 06:19:14.276719+00:00,2.0,3221.622,3221.43,3221.82,ETH
2026-01-06 06:15:03+00:00,2026-01-06 06:19:15.326188+00:00,3.0,3221.572,3221.41,3221.81,ETH
2026-01-06 06:15:04+00:00,2026-01-06 06:19:16.321845+00:00,4.0,3221.612,3221.44,3221.89,ETH
2026-01-06 06:15:05+00:00,2026-01-06 06:19:17.324387+00:00,5.0,3221.612,3221.44,3221.94,ETH
2026-01-06 06:15:06+00:00,2026-01-06 06:19:18.338737+00:00,6.0,3221.612,3221.44,3221.95,ETH
2026-01-06 06:15:07+00:00,2026-01-06 06:19:19.340633+00:00,7.0,3221.612,3221.43,3221.93,ETH
2026-01-06 06:15:08+00:00,2026-01-06 06:19:20.342649+00:00,8.0,3221.612,3221.43,3221.83,ETH
2026-01-06 06:15:09+00:00,2026-01-06 06:19:21.354231+00:00,9.0,3221.892,3221.62,3222.02,ETH
2026-01-06 06:15:10+00:00,2026-01-06 06:19:22.370110+00:00,10.0,3222.222,3221.89,3222.33,ETH
2026-01-06 06:15:11+00:00,2026-01-06 06:19:23.375829+00:00,11.0,3222.272,3221.97,3222.39,ETH
2026-01-06 06:15:12+00:00,2026-01-06 06:19:24.385697+00:00,12.0,3222.272,3221.96,3222.4,ETH
2026-01-06 06:15:13+00:00,2026-01-06 06:19:25.383528+00:00,13.0,3222.272,3221.95,3222.41,ETH
2026-01-06 06:15:14+00:00,2026-01-06 06:19:26.389098+00:00,14.0,3222.272,3221.95,3222.4,ETH
2026-01-06 06:15:15+00:00,2026-01-06 06:19:27.384973+00:00,15.0,3222.272,3221.95,3222.39,ETH
2026-01-06 06:15:16+00:00,2026-01-06 06:19:28.402467+00:00,16.0,3222.232,3221.96,3222.35,ETH
2026-01-06 06:15:17+00:00,2026-01-06 06:19:29.414493+00:00,17.0,3222.132,3221.96,3222.3,ETH
2026-01-06 06:15:18+00:00,2026-01-06 06:19:30.404013+00:00,18.0,3222.172,3221.96,3222.33,ETH
2026-01-06 06:15:19+00:00,2026-01-06 06:19:31.419290+00:00,19.0,3222.202,3221.96,3222.33,ETH
2026-01-06 06:15:20+00:00,2026-01-06 06:19:32.438683+00:00,20.0,3222.212,3221.97,3222.34,ETH
2026-01-06 06:15:21+00:00,2026-01-06 06:19:33.435805+00:00,21.0,3222.272,3221.96,3222.4,ETH
2026-01-06 06:15:22+00:00,2026-01-06 06:19:34.452811+00:00,22.0,3222.272,3221.96,3222.39,ETH
2026-01-06 06:15:23+00:00,2026-01-06 06:19:35.489967+00:00,23.0,3222.272,3221.97,3222.34,ETH
2026-01-06 06:15:24+00:00,2026-01-06 06:19:36.486390+00:00,24.0,3222.282,3221.97,3222.35,ETH
2026-01-06 06:15:25+00:00,2026-01-06 06:19:37.486398+00:00,25.0,3222.332,3222.0,3222.42,ETH
2026-01-06 06:15:26+00:00,2026-01-06 06:19:38.485753+00:00,26.0,3222.322,3222.03,3222.46,ETH
2026-01-06 06:15:27+00:00,2026-01-06 06:19:39.489814+00:00,27.0,3222.292,3222.02,3222.45,ETH
2026-01-06 06:15:28+00:00,2026-01-06 06:19:40.485167+00:00,28.0,3222.282,3222.01,3222.44,ETH
2026-01-06 06:15:29+00:00,2026-01-06 06:19:41.505382+00:00,29.0,3222.142,3222.01,3222.31,ETH
2026-01-06 06:15:30+00:00,2026-01-06 06:19:42.504965+00:00,30.0,3221.882,3221.76,3222.04,ETH
2026-01-06 06:15:31+00:00,2026-01-06 06:19:43.500525+00:00,31.0,3221.632,3221.46,3221.87,ETH
2026-01-06 06:15:32+00:00,2026-01-06 06:19:44.555626+00:00,32.0,3221.512,3221.4,3221.85,ETH
2026-01-06 06:15:33+00:00,2026-01-06 06:19:45.568227+00:00,33.0,3221.512,3221.4,3221.81,ETH
2026-01-06 06:15:34+00:00,2026-01-06 06:19:46.575347+00:00,34.0,3221.422,3221.4,3221.66,ETH
2026-01-06 06:15:35+00:00,2026-01-06 06:19:47.592266+00:00,35.0,3221.422,3221.27,3221.63,ETH
2026-01-06 06:15:36+00:00,2026-01-06 06:19:48.597439+00:00,36.0,3221.422,3221.27,3221.64,ETH
2026-01-06 06:15:37+00:00,2026-01-06 06:19:49.602540+00:00,37.0,3221.422,3221.27,3221.58,ETH
2026-01-06 06:15:38+00:00,2026-01-06 06:19:50.603426+00:00,38.0,3221.422,3221.27,3221.59,ETH
2026-01-06 06:15:39+00:00,2026-01-06 06:19:51.602240+00:00,39.0,3221.422,3221.27,3221.6,ETH
2026-01-06 06:15:40+00:00,2026-01-06 06:19:52.603518+00:00,40.0,3221.422,3221.27,3221.61,ETH
2026-01-06 06:15:41+00:00,2026-01-06 06:19:53.604512+00:00,41.0,3221.422,3221.27,3221.61,ETH
2026-01-06 06:15:42+00:00,2026-01-06 06:19:54.618351+00:00,42.0,3221.382,3221.27,3221.61,ETH
2026-01-06 06:15:43+00:00,2026-01-06 06:19:55.603634+00:00,43.0,3221.342,3221.27,3221.61,ETH
2026-01-06 06:15:44+00:00,2026-01-06 06:19:56.615194+00:00,44.0,3221.342,3221.25,3221.59,ETH
2026-01-06 06:15:45+00:00,2026-01-06 06:19:57.625066+00:00,45.0,3221.332,3221.17,3221.42,ETH
2026-01-06 06:15:46+00:00,2026-01-06 06:19:58.636603+00:00,46.0,3221.172,3221.1,3221.42,ETH
2026-01-06 06:15:47+00:00,2026-01-06 06:19:59.653450+00:00,47.0,3221.172,3221.0,3221.36,ETH
2026-01-06 06:15:48+00:00,2026-01-06 06:20:00.666645+00:00,48.0,3221.172,3221.0,3221.36,ETH
2026-01-06 06:15:49+00:00,2026-01-06 06:20:01.720707+00:00,49.0,3221.172,3221.01,3221.38,ETH
2026-01-06 06:15:50+00:00,2026-01-06 06:20:02.739619+00:00,50.0,3221.172,3221.01,3221.37,ETH
2026-01-06 06:15:51+00:00,2026-01-06 06:20:03.743096+00:00,51.0,3221.172,3221.01,3221.35,ETH
2026-01-06 06:15:52+00:00,2026-01-06 06:20:04.720583+00:00,52.0,3221.172,3221.01,3221.36,ETH
2026-01-06 06:15:53+00:00,2026-01-06 06:20:05.719686+00:00,53.0,3221.172,3221.01,3221.34,ETH
2026-01-06 06:15:54+00:00,2026-01-06 06:20:06.719235+00:00,54.0,3221.172,3221.03,3221.3,ETH
2026-01-06 06:15:55+00:00,2026-01-06 06:20:07.732620+00:00,55.0,3221.172,3221.04,3221.31,ETH
2026-01-06 06:15:56+00:00,2026-01-06 06:20:08.711790+00:00,56.0,3221.172,3221.04,3221.33,ETH
2026-01-06 06:15:57+00:00,2026-01-06 06:20:09.707089+00:00,57.0,3221.172,3221.04,3221.31,ETH
2026-01-06 06:15:58+00:00,2026-01-06 06:20:10.738709+00:00,58.0,3221.172,3221.04,3221.26,ETH
2026-01-06 06:15:59+00:00,2026-01-06 06:20:11.729729+00:00,59.0,3221.172,3220.95,3221.27,ETH
2026-01-06 06:16:00+00:00,2026-01-06 06:20:12.748669+00:00,60.0,3221.172,3220.95,3221.27,ETH
2026-01-06 06:16:01+00:00,2026-01-06 06:20:13.771278+00:00,61.0,3221.172,3220.95,3221.28,ETH
2026-01-06 06:16:02+00:00,2026-01-06 06:20:14.770634+00:00,62.0,3220.932,3220.84,3221.21,ETH
2026-01-06 06:16:03+00:00,2026-01-06 06:20:15.787124+00:00,63.0,3220.892,3220.83,3221.13,ETH
2026-01-06 06:16:04+00:00,2026-01-06 06:20:16.785847+00:00,64.0,3220.892,3220.8,3221.12,ETH
2026-01-06 06:16:05+00:00,2026-01-06 06:20:17.787933+00:00,65.0,3220.882,3220.81,3221.13,ETH
2026-01-06 06:16:06+00:00,2026-01-06 06:20:18.807326+00:00,66.0,3220.882,3220.76,3221.04,ETH
2026-01-06 06:16:07+00:00,2026-01-06 06:20:19.818646+00:00,67.0,3220.882,3220.8,3221.17,ETH
2026-01-06 06:16:08+00:00,2026-01-06 06:20:20.818548+00:00,68.0,3221.082,3220.82,3221.16,ETH
2026-01-06 06:16:09+00:00,2026-01-06 06:20:21.846372+00:00,69.0,3220.982,3220.81,3221.14,ETH
2026-01-06 06:16:10+00:00,2026-01-06 06:20:22.834287+00:00,70.0,3220.982,3220.81,3221.15,ETH
2026-01-06 06:16:11+00:00,2026-01-06 06:20:23.833311+00:00,71.0,3220.982,3220.81,3221.16,ETH
2026-01-06 06:16:12+00:00,2026-01-06 06:20:24.832561+00:00,72.0,3220.982,3220.81,3221.16,ETH
2026-01-06 06:16:13+00:00,2026-01-06 06:20:25.833995+00:00,73.0,3220.982,3220.81,3221.13,ETH
2026-01-06 06:16:14+00:00,2026-01-06 06:20:26.833792+00:00,74.0,3221.162,3220.83,3221.31,ETH
2026-01-06 06:16:15+00:00,2026-01-06 06:20:27.832670+00:00,75.0,3221.162,3221.03,3221.37,ETH
2026-01-06 06:16:16+00:00,2026-01-06 06:20:28.850559+00:00,76.0,3221.162,3221.03,3221.42,ETH
2026-01-06 06:16:17+00:00,2026-01-06 06:20:29.864382+00:00,77.0,3221.172,3221.03,3221.49,ETH
2026-01-06 06:16:18+00:00,2026-01-06 06:20:30.875140+00:00,78.0,3221.172,3221.04,3221.49,ETH
2026-01-06 06:16:19+00:00,2026-01-06 06:20:31.902122+00:00,79.0,3221.372,3221.1,3221.54,ETH
2026-01-06 06:16:20+00:00,2026-01-06 06:20:32.884975+00:00,80.0,3221.802,3221.47,3221.86,ETH
2026-01-06 06:16:21+00:00,2026-01-06 06:20:33.901372+00:00,81.0,3221.812,3221.5,3221.91,ETH
2026-01-06 06:16:22+00:00,2026-01-06 06:20:34.901844+00:00,82.0,3221.822,3221.58,3221.89,ETH
2026-01-06 06:16:23+00:00,2026-01-06 06:20:35.920004+00:00,83.0,3221.492,3221.46,3221.88,ETH
2026-01-06 06:16:24+00:00,2026-01-06 06:20:36.903806+00:00,84.0,3221.502,3221.4,3221.91,ETH
2026-01-06 06:16:25+00:00,2026-01-06 06:20:37.919424+00:00,85.0,3221.412,3221.39,3221.58,ETH
2026-01-06 06:16:26+00:00,2026-01-06 06:20:38.942977+00:00,86.0,3221.412,3221.39,3221.74,ETH
2026-01-06 06:16:27+00:00,2026-01-06 06:20:39.938265+00:00,87.0,3221.412,3221.39,3221.59,ETH
2026-01-06 06:16:28+00:00,2026-01-06 06:20:40.957940+00:00,88.0,3221.592,3221.39,3221.66,ETH
2026-01-06 06:16:29+00:00,2026-01-06 06:20:41.960084+00:00,89.0,3221.602,3221.48,3221.66,ETH
2026-01-06 06:16:30+00:00,2026-01-06 06:20:42.971858+00:00,90.0,3221.602,3221.48,3221.73,ETH
2026-01-06 06:16:31+00:00,2026-01-06 06:20:43.970003+00:00,91.0,3221.592,3221.48,3221.71,ETH
2026-01-06 06:16:32+00:00,2026-01-06 06:20:44.988348+00:00,92.0,3221.592,3221.46,3221.72,ETH
2026-01-06 06:16:33+00:00,2026-01-06 06:20:45.983651+00:00,93.0,3221.592,3221.47,3221.74,ETH
2026-01-06 06:16:34+00:00,2026-01-06 06:20:46.980693+00:00,94.0,3221.592,3221.47,3221.75,ETH
2026-01-06 06:16:35+00:00,2026-01-06 06:20:47.984413+00:00,95.0,3221.792,3221.47,3221.84,ETH
2026-01-06 06:16:36+00:00,2026-01-06 06:20:48.983881+00:00,96.0,3221.792,3221.57,3221.89,ETH
2026-01-06 06:16:37+00:00,2026-01-06 06:20:50.008951+00:00,97.0,3221.792,3221.57,3221.99,ETH
2026-01-06 06:16:38+00:00,2026-01-06 06:20:51.016955+00:00,98.0,3221.882,3221.57,3222.03,ETH
2026-01-06 06:16:39+00:00,2026-01-06 06:20:52.022451+00:00,99.0,3221.662,3221.55,3221.88,ETH
2026-01-06 06:16:40+00:00,2026-01-06 06:20:53.026323+00:00,100.0,3221.512,3221.47,3221.89,ETH
2026-01-06 06:16:41+00:00,2026-01-06 06:20:54.034446+00:00,101.0,3221.512,3221.39,3221.77,ETH
2026-01-06 06:16:42+00:00,2026-01-06 06:20:55.032277+00:00,102.0,3221.522,3221.39,3221.77,ETH
2026-01-06 06:16:43+00:00,2026-01-06 06:20:56.032495+00:00,103.0,3221.522,3221.34,3221.7,ETH
2026-01-06 06:16:44+00:00,2026-01-06 06:20:57.033047+00:00,104.0,3221.522,3221.34,3221.74,ETH
2026-01-06 06:16:45+00:00,2026-01-06 06:20:58.036698+00:00,105.0,3221.662,3221.42,3221.76,ETH
2026-01-06 06:16:46+00:00,2026-01-06 06:21:00.056003+00:00,106.0,3221.652,3221.42,3221.85,ETH
2026-01-06 06:16:47+00:00,2026-01-06 06:21:01.051265+00:00,107.0,3221.582,3221.38,3221.8,ETH
2026-01-06 06:16:48+00:00,2026-01-06 06:21:02.070245+00:00,108.0,3221.522,3221.35,3221.76,ETH
2026-01-06 06:16:49+00:00,2026-01-06 06:21:03.072082+00:00,109.0,3221.522,3221.35,3221.74,ETH
2026-01-06 06:16:50+00:00,2026-01-06 06:21:04.079990+00:00,110.0,3221.292,3221.17,3221.42,ETH
2026-01-06 06:16:51+00:00,2026-01-06 06:21:05.081530+00:00,111.0,3221.032,3220.87,3221.15,ETH
2026-01-06 06:16:52+00:00,2026-01-06 06:21:06.107337+00:00,112.0,3220.992,3220.73,3221.15,ETH
2026-01-06 06:16:53+00:00,2026-01-06 06:21:07.115140+00:00,113.0,3220.992,3220.73,3221.13,ETH
2026-01-06 06:16:54+00:00,2026-01-06 06:21:08.135108+00:00,114.0,3220.992,3220.71,3221.13,ETH
2026-01-06 06:16:55+00:00,2026-01-06 06:21:09.145751+00:00,115.0,3220.992,3220.69,3221.13,ETH
2026-01-06 06:16:56+00:00,2026-01-06 06:21:10.147267+00:00,116.0,3220.992,3220.69,3221.13,ETH
2026-01-06 06:16:57+00:00,2026-01-06 06:21:11.147375+00:00,117.0,3220.912,3220.7,3221.09,ETH
2026-01-06 06:16:58+00:00,2026-01-06 06:21:12.147506+00:00,118.0,3220.832,3220.65,3221.05,ETH
2026-01-06 06:16:59+00:00,2026-01-06 06:21:13.146649+00:00,119.0,3220.832,3220.6,3221.05,ETH
2026-01-06 06:17:00+00:00,2026-01-06 06:21:14.148362+00:00,120.0,3220.742,3220.55,3220.88,ETH
2026-01-06 06:17:01+00:00,2026-01-06 06:21:15.145524+00:00,121.0,3220.412,3220.31,3220.58,ETH
2026-01-06 06:17:02+00:00,2026-01-06 06:21:16.159057+00:00,122.0,3220.092,3220.04,3220.48,ETH
2026-01-06 06:17:03+00:00,2026-01-06 06:21:17.161627+00:00,123.0,3220.132,3220.01,3220.42,ETH
2026-01-06 06:17:05+00:00,2026-01-06 06:21:18.223934+00:00,125.0,3220.422,3220.06,3220.63,ETH
2026-01-06 06:17:06+00:00,2026-01-06 06:21:19.244837+00:00,126.0,3220.432,3220.3,3220.64,ETH
2026-01-06 06:17:07+00:00,2026-01-06 06:21:20.218514+00:00,127.0,3220.462,3220.27,3220.58,ETH
2026-01-06 06:17:08+00:00,2026-01-06 06:21:21.222156+00:00,128.0,3220.472,3220.27,3220.68,ETH
2026-01-06 06:17:09+00:00,2026-01-06 06:21:23.221308+00:00,129.0,3220.662,3220.38,3220.9,ETH
2026-01-06 06:17:10+00:00,2026-01-06 06:21:24.223441+00:00,130.0,3220.722,3220.5,3220.98,ETH
2026-01-06 06:17:11+00:00,2026-01-06 06:21:25.217574+00:00,131.0,3220.792,3220.6,3220.99,ETH
2026-01-06 06:17:12+00:00,2026-01-06 06:21:26.216112+00:00,132.0,3220.792,3220.6,3220.96,ETH
2026-01-06 06:17:13+00:00,2026-01-06 06:21:27.218994+00:00,133.0,3220.792,3220.6,3221.03,ETH
2026-01-06 06:17:14+00:00,2026-01-06 06:21:28.216328+00:00,134.0,3220.792,3220.61,3221.1,ETH
2026-01-06 06:17:15+00:00,2026-01-06 06:21:29.209961+00:00,135.0,3220.832,3220.63,3221.13,ETH
2026-01-06 06:17:16+00:00,2026-01-06 06:21:30.224926+00:00,136.0,3220.862,3220.66,3221.16,ETH
2026-01-06 06:17:17+00:00,2026-01-06 06:21:31.238166+00:00,137.0,3220.862,3220.68,3221.1,ETH
2026-01-06 06:17:18+00:00,2026-01-06 06:21:32.245578+00:00,138.0,3220.862,3220.68,3221.1,ETH
2026-01-06 06:17:19+00:00,2026-01-06 06:21:33.266869+00:00,139.0,3220.862,3220.67,3221.14,ETH
2026-01-06 06:17:20+00:00,2026-01-06 06:21:34.267040+00:00,140.0,3220.772,3220.57,3221.08,ETH
2026-01-06 06:17:21+00:00,2026-01-06 06:21:35.287011+00:00,141.0,3220.692,3220.48,3221.04,ETH
2026-01-06 06:17:22+00:00,2026-01-06 06:21:36.298984+00:00,142.0,3220.692,3220.5,3221.12,ETH
2026-01-06 06:17:23+00:00,2026-01-06 06:21:37.300372+00:00,143.0,3220.782,3220.57,3221.16,ETH
2026-01-06 06:17:24+00:00,2026-01-06 06:21:38.313075+00:00,144.0,3220.862,3220.65,3221.14,ETH
2026-01-06 06:17:25+00:00,2026-01-06 06:21:39.320311+00:00,145.0,3220.852,3220.67,3221.14,ETH
2026-01-06 06:17:26+00:00,2026-01-06 06:21:40.325229+00:00,146.0,3220.852,3220.67,3221.12,ETH
2026-01-06 06:17:27+00:00,2026-01-06 06:21:41.335273+00:00,147.0,3220.852,3220.68,3221.12,ETH
2026-01-06 06:17:28+00:00,2026-01-06 06:21:42.328382+00:00,148.0,3220.852,3220.68,3221.15,ETH
2026-01-06 06:17:29+00:00,2026-01-06 06:21:43.336980+00:00,149.0,3220.852,3220.68,3221.15,ETH
2026-01-06 06:17:30+00:00,2026-01-06 06:21:44.342927+00:00,150.0,3220.852,3220.68,3221.04,ETH
2026-01-06 06:17:31+00:00,2026-01-06 06:21:45.346710+00:00,151.0,3220.852,3220.68,3221.03,ETH
2026-01-06 06:17:32+00:00,2026-01-06 06:21:46.352860+00:00,152.0,3220.852,3220.68,3221.11,ETH
2026-01-06 06:17:33+00:00,2026-01-06 06:21:47.344254+00:00,153.0,3220.852,3220.67,3221.08,ETH
2026-01-06 06:17:34+00:00,2026-01-06 06:21:48.369525+00:00,154.0,3220.852,3220.67,3221.11,ETH
2026-01-06 06:17:35+00:00,2026-01-06 06:21:49.370189+00:00,155.0,3220.852,3220.67,3221.15,ETH
2026-01-06 06:17:36+00:00,2026-01-06 06:21:50.385543+00:00,156.0,3220.852,3220.67,3221.13,ETH
2026-01-06 06:17:37+00:00,2026-01-06 06:21:51.369698+00:00,157.0,3220.852,3220.66,3221.1,ETH
2026-01-06 06:17:38+00:00,2026-01-06 06:21:52.382572+00:00,158.0,3220.852,3220.66,3221.0,ETH
2026-01-06 06:17:39+00:00,2026-01-06 06:21:53.382777+00:00,159.0,3220.852,3220.67,3221.01,ETH
2026-01-06 06:17:40+00:00,2026-01-06 06:21:54.379033+00:00,160.0,3220.852,3220.67,3221.13,ETH
2026-01-06 06:17:41+00:00,2026-01-06 06:21:55.496078+00:00,161.0,3220.852,3220.67,3221.15,ETH
2026-01-06 06:17:42+00:00,2026-01-06 06:21:56.495218+00:00,162.0,3220.852,3220.67,3221.13,ETH
2026-01-06 06:17:43+00:00,2026-01-06 06:21:57.512910+00:00,163.0,3220.852,3220.67,3221.12,ETH
2026-01-06 06:17:44+00:00,2026-01-06 06:21:58.528809+00:00,164.0,3220.822,3220.67,3221.12,ETH
2026-01-06 06:17:45+00:00,2026-01-06 06:21:59.536617+00:00,165.0,3220.792,3220.65,3221.12,ETH
2026-01-06 06:17:46+00:00,2026-01-06 06:22:00.543928+00:00,166.0,3220.792,3220.65,3221.01,ETH
2026-01-06 06:17:47+00:00,2026-01-06 06:22:01.549290+00:00,167.0,3220.792,3220.65,3220.9,ETH
2026-01-06 06:17:48+00:00,2026-01-06 06:22:02.560449+00:00,168.0,3220.792,3220.65,3220.88,ETH
2026-01-06 06:17:49+00:00,2026-01-06 06:22:03.569793+00:00,169.0,3220.792,3220.65,3220.96,ETH
2026-01-06 06:17:50+00:00,2026-01-06 06:22:04.571557+00:00,170.0,3220.792,3220.65,3221.08,ETH
2026-01-06 06:17:51+00:00,2026-01-06 06:22:05.567472+00:00,171.0,3220.792,3220.63,3221.11,ETH
2026-01-06 06:17:52+00:00,2026-01-06 06:22:06.581634+00:00,172.0,3220.792,3220.62,3221.02,ETH
2026-01-06 06:17:53+00:00,2026-01-06 06:22:07.581287+00:00,173.0,3220.792,3220.62,3220.94,ETH
2026-01-06 06:17:54+00:00,2026-01-06 06:22:08.581932+00:00,174.0,3220.792,3220.62,3220.97,ETH
2026-01-06 06:17:55+00:00,2026-01-06 06:22:09.581441+00:00,175.0,3220.792,3220.61,3220.97,ETH
2026-01-06 06:17:56+00:00,2026-01-06 06:22:10.594186+00:00,176.0,3220.792,3220.61,3220.97,ETH
2026-01-06 06:17:57+00:00,2026-01-06 06:22:11.604216+00:00,177.0,3220.792,3220.62,3221.01,ETH
2026-01-06 06:17:58+00:00,2026-01-06 06:22:12.610476+00:00,178.0,3220.792,3220.61,3221.01,ETH
2026-01-06 06:17:59+00:00,2026-01-06 06:22:13.631529+00:00,179.0,3220.972,3220.69,3221.06,ETH
2026-01-06 06:18:00+00:00,2026-01-06 06:22:14.649211+00:00,180.0,3220.802,3220.69,3221.03,ETH
2026-01-06 06:18:01+00:00,2026-01-06 06:22:15.650453+00:00,181.0,3220.802,3220.6,3220.92,ETH
2026-01-06 06:18:02+00:00,2026-01-06 06:22:16.665993+00:00,182.0,3220.372,3220.28,3220.39,ETH
2026-01-06 06:18:03+00:00,2026-01-06 06:22:17.656299+00:00,183.0,3220.152,3219.98,3220.42,ETH
2026-01-06 06:18:04+00:00,2026-01-06 06:22:18.674024+00:00,184.0,3220.032,3219.91,3220.29,ETH
2026-01-06 06:18:05+00:00,2026-01-06 06:22:19.712255+00:00,185.0,3219.822,3219.69,3220.04,ETH
2026-01-06 06:18:06+00:00,2026-01-06 06:22:20.740404+00:00,186.0,3219.822,3219.68,3220.06,ETH
2026-01-06 06:18:07+00:00,2026-01-06 06:22:21.718203+00:00,187.0,3219.822,3219.66,3220.06,ETH
2026-01-06 06:18:08+00:00,2026-01-06 06:22:22.725943+00:00,188.0,3219.822,3219.66,3220.04,ETH
2026-01-06 06:18:09+00:00,2026-01-06 06:22:23.726753+00:00,189.0,3219.822,3219.67,3220.07,ETH
2026-01-06 06:18:10+00:00,2026-01-06 06:22:24.717302+00:00,190.0,3219.822,3219.69,3220.12,ETH
2026-01-06 06:18:11+00:00,2026-01-06 06:22:25.739683+00:00,191.0,3219.822,3219.7,3220.13,ETH
2026-01-06 06:18:12+00:00,2026-01-06 06:22:26.709467+00:00,192.0,3219.822,3219.7,3220.11,ETH
2026-01-06 06:18:13+00:00,2026-01-06 06:22:27.722776+00:00,193.0,3219.712,3219.61,3219.96,ETH
2026-01-06 06:18:14+00:00,2026-01-06 06:22:28.707407+00:00,194.0,3219.362,3219.22,3219.6,ETH
2026-01-06 06:18:15+00:00,2026-01-06 06:22:29.715648+00:00,195.0,3218.892,3218.79,3219.24,ETH
2026-01-06 06:18:16+00:00,2026-01-06 06:22:30.734108+00:00,196.0,3218.802,3218.71,3219.08,ETH
2026-01-06 06:18:17+00:00,2026-01-06 06:22:31.730966+00:00,197.0,3218.952,3218.78,3219.21,ETH
2026-01-06 06:18:18+00:00,2026-01-06 06:22:32.728832+00:00,198.0,3218.952,3218.8,3219.3,ETH
2026-01-06 06:18:19+00:00,2026-01-06 06:22:33.737213+00:00,199.0,3218.962,3218.8,3219.23,ETH
2026-01-06 06:18:20+00:00,2026-01-06 06:22:34.721244+00:00,200.0,3218.982,3218.8,3219.19,ETH
2026-01-06 06:18:21+00:00,2026-01-06 06:22:35.723831+00:00,201.0,3218.982,3218.81,3219.29,ETH
2026-01-06 06:18:22+00:00,2026-01-06 06:22:36.726521+00:00,202.0,3218.982,3218.81,3219.25,ETH
2026-01-06 06:18:23+00:00,2026-01-06 06:22:37.737310+00:00,203.0,3218.982,3218.81,3219.27,ETH
2026-01-06 06:18:24+00:00,2026-01-06 06:22:38.745853+00:00,204.0,3218.982,3218.81,3219.26,ETH
2026-01-06 06:18:25+00:00,2026-01-06 06:22:39.761868+00:00,205.0,3218.982,3218.81,3219.25,ETH
2026-01-06 06:18:26+00:00,2026-01-06 06:22:40.800236+00:00,206.0,3218.982,3218.82,3219.21,ETH
2026-01-06 06:18:27+00:00,2026-01-06 06:22:41.796617+00:00,207.0,3219.052,3218.82,3219.24,ETH
2026-01-06 06:18:28+00:00,2026-01-06 06:22:42.798900+00:00,208.0,3219.112,3218.82,3219.26,ETH
2026-01-06 06:18:29+00:00,2026-01-06 06:22:43.811767+00:00,209.0,3218.992,3218.83,3219.24,ETH
2026-01-06 06:18:30+00:00,2026-01-06 06:22:44.813792+00:00,210.0,3218.992,3218.82,3219.29,ETH
2026-01-06 06:18:31+00:00,2026-01-06 06:22:45.821783+00:00,211.0,3218.992,3218.83,3219.27,ETH
2026-01-06 06:18:32+00:00,2026-01-06 06:22:46.832385+00:00,212.0,3219.092,3218.87,3219.3,ETH
2026-01-06 06:18:33+00:00,2026-01-06 06:22:47.848787+00:00,213.0,3219.192,3218.92,3219.34,ETH
2026-01-06 06:18:34+00:00,2026-01-06 06:22:48.849270+00:00,214.0,3219.152,3218.89,3219.26,ETH
2026-01-06 06:18:35+00:00,2026-01-06 06:22:49.847133+00:00,215.0,3219.192,3218.9,3219.26,ETH
2026-01-06 06:18:36+00:00,2026-01-06 06:22:50.844535+00:00,216.0,3219.192,3218.89,3219.24,ETH
2026-01-06 06:18:37+00:00,2026-01-06 06:22:51.849111+00:00,217.0,3218.852,3218.78,3219.3,ETH
2026-01-06 06:18:38+00:00,2026-01-06 06:22:52.861743+00:00,218.0,3218.822,3218.65,3219.11,ETH
2026-01-06 06:18:39+00:00,2026-01-06 06:22:53.861997+00:00,219.0,3218.782,3218.53,3218.91,ETH
2026-01-06 06:18:40+00:00,2026-01-06 06:22:54.878943+00:00,220.0,3218.622,3218.54,3218.86,ETH
2026-01-06 06:18:41+00:00,2026-01-06 06:22:55.880639+00:00,221.0,3218.602,3218.49,3218.81,ETH
2026-01-06 06:18:42+00:00,2026-01-06 06:22:56.913367+00:00,222.0,3218.592,3218.45,3218.75,ETH
2026-01-06 06:18:43+00:00,2026-01-06 06:22:57.926161+00:00,223.0,3218.452,3218.36,3218.63,ETH
2026-01-06 06:18:44+00:00,2026-01-06 06:22:58.930775+00:00,224.0,3218.452,3218.36,3218.64,ETH
2026-01-06 06:18:45+00:00,2026-01-06 06:22:59.945058+00:00,225.0,3218.112,3218.1,3218.3,ETH
2026-01-06 06:18:46+00:00,2026-01-06 06:23:00.947846+00:00,226.0,3217.532,3217.41,3217.7,ETH
2026-01-06 06:18:47+00:00,2026-01-06 06:23:01.960534+00:00,227.0,3217.492,3217.19,3217.78,ETH
2026-01-06 06:18:48+00:00,2026-01-06 06:23:02.977037+00:00,228.0,3217.742,3217.52,3217.93,ETH
2026-01-06 06:18:49+00:00,2026-01-06 06:23:03.995932+00:00,229.0,3217.522,3217.4,3217.58,ETH
2026-01-06 06:18:50+00:00,2026-01-06 06:23:04.979572+00:00,230.0,3217.422,3217.34,3217.8,ETH
2026-01-06 06:18:51+00:00,2026-01-06 06:23:05.993274+00:00,231.0,3217.552,3217.39,3217.96,ETH
2026-01-06 06:18:52+00:00,2026-01-06 06:23:07.000715+00:00,232.0,3217.552,3217.43,3217.74,ETH
2026-01-06 06:18:53+00:00,2026-01-06 06:23:08.011212+00:00,233.0,3217.312,3217.24,3217.78,ETH
2026-01-06 06:18:54+00:00,2026-01-06 06:23:09.014678+00:00,234.0,3217.562,3217.32,3217.73,ETH
2026-01-06 06:18:55+00:00,2026-01-06 06:23:10.015520+00:00,235.0,3217.562,3217.4,3217.78,ETH
2026-01-06 06:18:56+00:00,2026-01-06 06:23:11.011233+00:00,236.0,3217.562,3217.4,3217.93,ETH
2026-01-06 06:18:57+00:00,2026-01-06 06:23:12.028735+00:00,237.0,3217.562,3217.42,3218.02,ETH
2026-01-06 06:18:58+00:00,2026-01-06 06:23:13.048366+00:00,238.0,3217.562,3217.42,3217.98,ETH
2026-01-06 06:18:59+00:00,2026-01-06 06:23:14.048408+00:00,239.0,3217.562,3217.41,3217.88,ETH
2026-01-06 06:19:00+00:00,2026-01-06 06:23:15.050865+00:00,240.0,3217.562,3217.43,3217.88,ETH
2026-01-06 06:19:01+00:00,2026-01-06 06:23:16.064784+00:00,241.0,3217.662,3217.43,3217.93,ETH
2026-01-06 06:19:02+00:00,2026-01-06 06:23:17.066104+00:00,242.0,3217.862,3217.67,3218.11,ETH
2026-01-06 06:19:03+00:00,2026-01-06 06:23:18.078478+00:00,243.0,3217.932,3217.73,3218.27,ETH
2026-01-06 06:19:04+00:00,2026-01-06 06:23:19.075828+00:00,244.0,3217.932,3217.81,3218.34,ETH
2026-01-06 06:19:05+00:00,2026-01-06 06:23:20.094315+00:00,245.0,3217.932,3217.81,3218.38,ETH
2026-01-06 06:19:06+00:00,2026-01-06 06:23:21.101699+00:00,246.0,3217.932,3217.81,3218.34,ETH
2026-01-06 06:19:07+00:00,2026-01-06 06:23:22.093206+00:00,247.0,3217.932,3217.82,3218.38,ETH
2026-01-06 06:19:08+00:00,2026-01-06 06:23:23.109664+00:00,248.0,3217.942,3217.82,3218.34,ETH
2026-01-06 06:19:09+00:00,2026-01-06 06:23:24.114397+00:00,249.0,3217.942,3217.83,3218.37,ETH
2026-01-06 06:19:10+00:00,2026-01-06 06:23:26.122311+00:00,250.0,3218.072,3217.88,3218.42,ETH
2026-01-06 06:19:11+00:00,2026-01-06 06:23:27.124915+00:00,251.0,3218.072,3217.92,3218.45,ETH
2026-01-06 06:19:12+00:00,2026-01-06 06:23:28.146069+00:00,252.0,3218.072,3217.92,3218.44,ETH
2026-01-06 06:19:13+00:00,2026-01-06 06:23:29.147099+00:00,253.0,3218.172,3218.01,3218.5,ETH
2026-01-06 06:19:14+00:00,2026-01-06 06:23:30.145948+00:00,254.0,3218.272,3218.09,3218.61,ETH
2026-01-06 06:19:16+00:00,2026-01-06 06:23:31.207749+00:00,256.0,3218.272,3218.09,3218.65,ETH
2026-01-06 06:19:17+00:00,2026-01-06 06:23:32.190437+00:00,257.0,3218.272,3218.09,3218.65,ETH
2026-01-06 06:19:18+00:00,2026-01-06 06:23:33.186984+00:00,258.0,3218.272,3218.1,3218.65,ETH
2026-01-06 06:19:19+00:00,2026-01-06 06:23:34.199603+00:00,259.0,3218.272,3218.11,3218.69,ETH
2026-01-06 06:19:20+00:00,2026-01-06 06:23:35.192263+00:00,260.0,3218.272,3218.1,3218.61,ETH
2026-01-06 06:19:21+00:00,2026-01-06 06:23:36.208595+00:00,261.0,3218.272,3218.11,3218.6,ETH
2026-01-06 06:19:22+00:00,2026-01-06 06:23:37.188233+00:00,262.0,3218.272,3218.12,3218.59,ETH
2026-01-06 06:19:23+00:00,2026-01-06 06:23:38.206722+00:00,263.0,3218.302,3218.12,3218.65,ETH
2026-01-06 06:19:24+00:00,2026-01-06 06:23:39.201117+00:00,264.0,3218.432,3218.3,3218.59,ETH
2026-01-06 06:19:25+00:00,2026-01-06 06:23:40.200200+00:00,265.0,3218.432,3218.31,3218.63,ETH
2026-01-06 06:19:26+00:00,2026-01-06 06:23:41.203151+00:00,266.0,3218.432,3218.29,3218.58,ETH
2026-01-06 06:19:27+00:00,2026-01-06 06:23:42.228959+00:00,267.0,3218.432,3218.29,3218.59,ETH
2026-01-06 06:19:28+00:00,2026-01-06 06:23:43.224831+00:00,268.0,3218.432,3218.29,3218.58,ETH
2026-01-06 06:19:29+00:00,2026-01-06 06:23:44.222390+00:00,269.0,3218.432,3218.29,3218.54,ETH
2026-01-06 06:19:30+00:00,2026-01-06 06:23:45.263234+00:00,270.0,3218.432,3218.29,3218.57,ETH
2026-01-06 06:19:31+00:00,2026-01-06 06:23:46.258018+00:00,271.0,3218.432,3218.29,3218.87,ETH
2026-01-06 06:19:32+00:00,2026-01-06 06:23:47.254237+00:00,272.0,3218.432,3218.29,3218.86,ETH
2026-01-06 06:19:33+00:00,2026-01-06 06:23:49.282033+00:00,273.0,3218.212,3218.12,3218.63,ETH
2026-01-06 06:19:34+00:00,2026-01-06 06:23:50.274658+00:00,274.0,3218.142,3217.98,3218.53,ETH
2026-01-06 06:19:35+00:00,2026-01-06 06:23:51.291805+00:00,275.0,3218.142,3217.98,3218.54,ETH
2026-01-06 06:19:36+00:00,2026-01-06 06:23:52.315345+00:00,276.0,3218.142,3218.0,3218.6,ETH
2026-01-06 06:19:37+00:00,2026-01-06 06:23:53.310435+00:00,277.0,3218.152,3218.02,3218.62,ETH
2026-01-06 06:19:38+00:00,2026-01-06 06:23:54.326305+00:00,278.0,3218.222,3218.08,3218.72,ETH
2026-01-06 06:19:39+00:00,2026-01-06 06:23:55.329954+00:00,279.0,3218.292,3218.15,3218.79,ETH
2026-01-06 06:19:40+00:00,2026-01-06 06:23:56.332362+00:00,280.0,3218.362,3218.16,3218.8,ETH
2026-01-06 06:19:41+00:00,2026-01-06 06:23:57.348028+00:00,281.0,3218.482,3218.28,3218.89,ETH
2026-01-06 06:19:42+00:00,2026-01-06 06:23:58.345574+00:00,282.0,3218.552,3218.39,3219.01,ETH
2026-01-06 06:19:43+00:00,2026-01-06 06:23:59.343312+00:00,283.0,3218.572,3218.38,3219.04,ETH
2026-01-06 06:19:44+00:00,2026-01-06 06:24:00.361276+00:00,284.0,3218.552,3218.37,3219.05,ETH
2026-01-06 06:19:45+00:00,2026-01-06 06:24:01.382030+00:00,285.0,3218.532,3218.37,3219.07,ETH
2026-01-06 06:19:46+00:00,2026-01-06 06:24:02.388501+00:00,286.0,3218.532,3218.37,3219.06,ETH
2026-01-06 06:19:47+00:00,2026-01-06 06:24:03.395292+00:00,287.0,3218.522,3218.38,3218.93,ETH
2026-01-06 06:19:48+00:00,2026-01-06 06:24:04.408607+00:00,288.0,3218.522,3218.4,3218.88,ETH
2026-01-06 06:19:49+00:00,2026-01-06 06:24:05.405860+00:00,289.0,3218.522,3218.4,3218.97,ETH
2026-01-06 06:19:50+00:00,2026-01-06 06:24:06.425602+00:00,290.0,3218.522,3218.4,3219.01,ETH
2026-01-06 06:19:51+00:00,2026-01-06 06:24:07.439375+00:00,291.0,3218.652,3218.41,3219.08,ETH
2026-01-06 06:19:52+00:00,2026-01-06 06:24:08.442863+00:00,292.0,3218.792,3218.46,3219.02,ETH
2026-01-06 06:19:53+00:00,2026-01-06 06:24:09.452505+00:00,293.0,3218.842,3218.53,3219.03,ETH
2026-01-06 06:19:54+00:00,2026-01-06 06:24:10.442059+00:00,294.0,3218.872,3218.58,3219.14,ETH
2026-01-06 06:19:55+00:00,2026-01-06 06:24:11.443765+00:00,295.0,3218.872,3218.58,3219.15,ETH
2026-01-06 06:19:56+00:00,2026-01-06 06:24:12.440925+00:00,296.0,3218.732,3218.58,3219.09,ETH
2026-01-06 06:19:57+00:00,2026-01-06 06:24:13.460979+00:00,297.0,3218.592,3218.58,3219.05,ETH
2026-01-06 06:19:58+00:00,2026-01-06 06:24:14.457698+00:00,298.0,3218.592,3218.45,3218.94,ETH
2026-01-06 06:19:59+00:00,2026-01-06 06:24:15.447836+00:00,299.0,3218.592,3218.43,3218.96,ETH
2026-01-06 06:20:00+00:00,2026-01-06 06:24:16.458284+00:00,300.0,3218.592,3218.42,3218.91,ETH
2026-01-06 06:20:01+00:00,2026-01-06 06:24:17.465008+00:00,301.0,3218.592,3218.43,3218.91,ETH
2026-01-06 06:20:02+00:00,2026-01-06 06:24:18.481369+00:00,302.0,3218.592,3218.43,3218.88,ETH
2026-01-06 06:20:03+00:00,2026-01-06 06:24:19.459059+00:00,303.0,3218.592,3218.43,3218.88,ETH
2026-01-06 06:20:04+00:00,2026-01-06 06:24:20.461716+00:00,304.0,3218.592,3218.43,3218.77,ETH
2026-01-06 06:20:05+00:00,2026-01-06 06:24:21.454079+00:00,305.0,3218.592,3218.43,3218.74,ETH
2026-01-06 06:20:06+00:00,2026-01-06 06:24:22.444742+00:00,306.0,3218.592,3218.42,3218.84,ETH
2026-01-06 06:20:07+00:00,2026-01-06 06:24:23.473583+00:00,307.0,3218.592,3218.39,3218.88,ETH
2026-01-06 06:20:08+00:00,2026-01-06 06:24:24.473259+00:00,308.0,3218.592,3218.39,3218.88,ETH
2026-01-06 06:20:09+00:00,2026-01-06 06:24:25.480273+00:00,309.0,3218.592,3218.4,3218.98,ETH
2026-01-06 06:20:10+00:00,2026-01-06 06:24:26.492964+00:00,310.0,3218.772,3218.4,3219.01,ETH
2026-01-06 06:20:11+00:00,2026-01-06 06:24:27.507733+00:00,311.0,3218.862,3218.58,3219.11,ETH
2026-01-06 06:20:12+00:00,2026-01-06 06:24:28.507994+00:00,312.0,3218.862,3218.58,3218.99,ETH
2026-01-06 06:20:13+00:00,2026-01-06 06:24:29.534340+00:00,313.0,3218.442,3218.27,3218.57,ETH
2026-01-06 06:20:14+00:00,2026-01-06 06:24:30.552839+00:00,314.0,3218.442,3218.27,3218.71,ETH
2026-01-06 06:20:15+00:00,2026-01-06 06:24:31.570134+00:00,315.0,3218.442,3218.27,3218.7,ETH
2026-01-06 06:20:16+00:00,2026-01-06 06:24:32.563880+00:00,316.0,3218.442,3218.26,3218.71,ETH
2026-01-06 06:20:17+00:00,2026-01-06 06:24:33.613455+00:00,317.0,3218.442,3218.28,3218.7,ETH
2026-01-06 06:20:18+00:00,2026-01-06 06:24:34.604202+00:00,318.0,3218.442,3218.27,3218.72,ETH
2026-01-06 06:20:19+00:00,2026-01-06 06:24:35.621714+00:00,319.0,3218.442,3218.27,3218.71,ETH
2026-01-06 06:20:20+00:00,2026-01-06 06:24:36.617395+00:00,320.0,3218.442,3218.28,3218.75,ETH
2026-01-06 06:20:21+00:00,2026-01-06 06:24:37.630420+00:00,321.0,3218.442,3218.28,3218.75,ETH
2026-01-06 06:20:22+00:00,2026-01-06 06:24:38.640354+00:00,322.0,3218.522,3218.28,3218.75,ETH
2026-01-06 06:20:23+00:00,2026-01-06 06:24:39.641295+00:00,323.0,3218.522,3218.35,3218.81,ETH
2026-01-06 06:20:24+00:00,2026-01-06 06:24:40.662823+00:00,324.0,3218.522,3218.35,3218.86,ETH
2026-01-06 06:20:25+00:00,2026-01-06 06:24:41.678582+00:00,325.0,3218.522,3218.34,3218.72,ETH
2026-01-06 06:20:26+00:00,2026-01-06 06:24:42.672477+00:00,326.0,3218.522,3218.35,3218.74,ETH
2026-01-06 06:20:27+00:00,2026-01-06 06:24:43.684728+00:00,327.0,3218.522,3218.35,3218.79,ETH
2026-01-06 06:20:28+00:00,2026-01-06 06:24:44.692557+00:00,328.0,3218.522,3218.35,3218.78,ETH
2026-01-06 06:20:29+00:00,2026-01-06 06:24:45.691532+00:00,329.0,3218.522,3218.35,3218.78,ETH
2026-01-06 06:20:30+00:00,2026-01-06 06:24:46.710464+00:00,330.0,3218.532,3218.37,3218.83,ETH
2026-01-06 06:20:31+00:00,2026-01-06 06:24:47.711887+00:00,331.0,3218.532,3218.37,3218.83,ETH
2026-01-06 06:20:32+00:00,2026-01-06 06:24:48.751027+00:00,332.0,3218.532,3218.37,3218.75,ETH
2026-01-06 06:20:33+00:00,2026-01-06 06:24:49.765266+00:00,333.0,3218.542,3218.42,3218.88,ETH
2026-01-06 06:20:34+00:00,2026-01-06 06:24:50.776169+00:00,334.0,3218.602,3218.42,3218.73,ETH
2026-01-06 06:20:35+00:00,2026-01-06 06:24:51.789457+00:00,335.0,3218.602,3218.43,3218.69,ETH
2026-01-06 06:20:36+00:00,2026-01-06 06:24:52.799119+00:00,336.0,3218.762,3218.49,3218.98,ETH
2026-01-06 06:20:37+00:00,2026-01-06 06:24:53.801031+00:00,337.0,3218.872,3218.64,3218.99,ETH
2026-01-06 06:20:38+00:00,2026-01-06 06:24:54.805835+00:00,338.0,3218.872,3218.64,3219.1,ETH
2026-01-06 06:20:39+00:00,2026-01-06 06:24:55.837775+00:00,339.0,3218.892,3218.69,3219.29,ETH
2026-01-06 06:20:40+00:00,2026-01-06 06:24:56.836332+00:00,340.0,3218.892,3218.71,3219.36,ETH
2026-01-06 06:20:41+00:00,2026-01-06 06:24:57.849751+00:00,341.0,3218.892,3218.73,3219.35,ETH
2026-01-06 06:20:42+00:00,2026-01-06 06:24:58.869107+00:00,342.0,3218.982,3218.81,3219.41,ETH
2026-01-06 06:20:43+00:00,2026-01-06 06:24:59.842549+00:00,343.0,3219.082,3218.88,3219.46,ETH
2026-01-06 06:20:44+00:00,2026-01-06 06:25:00.844680+00:00,344.0,3219.082,3218.88,3219.46,ETH
2026-01-06 06:20:45+00:00,2026-01-06 06:25:01.852105+00:00,345.0,3219.082,3218.88,3219.46,ETH
2026-01-06 06:20:46+00:00,2026-01-06 06:25:02.809062+00:00,346.0,3219.082,3218.88,3219.46,ETH
2026-01-06 06:20:47+00:00,2026-01-06 06:25:03.804377+00:00,347.0,3219.062,3218.84,3219.36,ETH
2026-01-06 06:20:48+00:00,2026-01-06 06:25:04.829128+00:00,348.0,3219.062,3218.85,3219.37,ETH
2026-01-06 06:20:49+00:00,2026-01-06 06:25:05.839517+00:00,349.0,3219.062,3218.85,3219.37,ETH
2026-01-06 06:20:50+00:00,2026-01-06 06:25:06.838632+00:00,350.0,3219.062,3218.85,3219.37,ETH
2026-01-06 06:20:51+00:00,2026-01-06 06:25:07.853849+00:00,351.0,3219.062,3218.85,3219.38,ETH
2026-01-06 06:20:52+00:00,2026-01-06 06:25:08.854689+00:00,352.0,3219.062,3218.85,3219.38,ETH
2026-01-06 06:20:53+00:00,2026-01-06 06:25:09.874386+00:00,353.0,3219.062,3218.85,3219.36,ETH
2026-01-06 06:20:54+00:00,2026-01-06 06:25:10.873675+00:00,354.0,3219.062,3218.85,3219.36,ETH
2026-01-06 06:20:55+00:00,2026-01-06 06:25:11.895945+00:00,355.0,3219.062,3218.85,3219.35,ETH
2026-01-06 06:20:56+00:00,2026-01-06 06:25:12.885941+00:00,356.0,3219.082,3218.85,3219.3,ETH
2026-01-06 06:20:57+00:00,2026-01-06 06:25:13.893217+00:00,357.0,3219.082,3218.87,3219.34,ETH
2026-01-06 06:20:58+00:00,2026-01-06 06:25:14.907114+00:00,358.0,3219.082,3218.88,3219.34,ETH
2026-01-06 06:20:59+00:00,2026-01-06 06:25:15.911251+00:00,359.0,3219.082,3218.88,3219.36,ETH
2026-01-06 06:21:00+00:00,2026-01-06 06:25:16.920379+00:00,360.0,3219.082,3218.87,3219.36,ETH
2026-01-06 06:21:01+00:00,2026-01-06 06:25:17.921214+00:00,361.0,3219.082,3218.88,3219.41,ETH
2026-01-06 06:21:02+00:00,2026-01-06 06:25:18.925700+00:00,362.0,3219.082,3218.88,3219.38,ETH
2026-01-06 06:21:03+00:00,2026-01-06 06:25:19.930631+00:00,363.0,3219.082,3218.89,3219.35,ETH
2026-01-06 06:21:04+00:00,2026-01-06 06:25:20.937949+00:00,364.0,3219.192,3218.88,3219.36,ETH
2026-01-06 06:21:05+00:00,2026-01-06 06:25:21.936743+00:00,365.0,3219.252,3218.96,3219.42,ETH
2026-01-06 06:21:06+00:00,2026-01-06 06:25:22.958168+00:00,366.0,3219.252,3218.99,3219.42,ETH
2026-01-06 06:21:07+00:00,2026-01-06 06:25:23.957047+00:00,367.0,3219.252,3218.99,3219.45,ETH
2026-01-06 06:21:08+00:00,2026-01-06 06:25:24.943638+00:00,368.0,3219.252,3218.99,3219.41,ETH
2026-01-06 06:21:09+00:00,2026-01-06 06:25:25.943332+00:00,369.0,3219.252,3218.97,3219.45,ETH
2026-01-06 06:21:10+00:00,2026-01-06 06:25:27.957301+00:00,370.0,3219.252,3218.98,3219.48,ETH
2026-01-06 06:21:11+00:00,2026-01-06 06:25:28.971507+00:00,371.0,3219.262,3218.99,3219.48,ETH
2026-01-06 06:21:12+00:00,2026-01-06 06:25:29.960632+00:00,372.0,3219.262,3218.99,3219.49,ETH
2026-01-06 06:21:13+00:00,2026-01-06 06:25:30.972063+00:00,373.0,3219.262,3218.99,3219.49,ETH
2026-01-06 06:21:14+00:00,2026-01-06 06:25:31.985676+00:00,374.0,3219.262,3219.0,3219.49,ETH
2026-01-06 06:21:15+00:00,2026-01-06 06:25:32.987862+00:00,375.0,3219.272,3219.0,3219.47,ETH
2026-01-06 06:21:16+00:00,2026-01-06 06:25:33.998855+00:00,376.0,3219.292,3219.0,3219.51,ETH
2026-01-06 06:21:17+00:00,2026-01-06 06:25:35.000330+00:00,377.0,3219.372,3219.13,3219.68,ETH
2026-01-06 06:21:18+00:00,2026-01-06 06:25:36.057361+00:00,378.0,3219.502,3219.25,3219.77,ETH
2026-01-06 06:21:19+00:00,2026-01-06 06:25:37.054968+00:00,379.0,3219.552,3219.26,3219.75,ETH
2026-01-06 06:21:20+00:00,2026-01-06 06:25:38.063122+00:00,380.0,3219.542,3219.27,3219.75,ETH
2026-01-06 06:21:21+00:00,2026-01-06 06:25:39.072713+00:00,381.0,3219.542,3219.26,3219.75,ETH
2026-01-06 06:21:22+00:00,2026-01-06 06:25:40.073012+00:00,382.0,3219.542,3219.26,3219.74,ETH
2026-01-06 06:21:23+00:00,2026-01-06 06:25:41.076576+00:00,383.0,3219.542,3219.26,3219.72,ETH
2026-01-06 06:21:24+00:00,2026-01-06 06:25:42.084609+00:00,384.0,3219.542,3219.26,3219.7,ETH
2026-01-06 06:21:25+00:00,2026-01-06 06:25:43.088824+00:00,385.0,3219.542,3219.26,3219.71,ETH
2026-01-06 06:21:26+00:00,2026-01-06 06:25:44.085361+00:00,386.0,3219.542,3219.26,3219.67,ETH
2026-01-06 06:21:27+00:00,2026-01-06 06:25:45.105385+00:00,387.0,3219.332,3219.16,3219.52,ETH
2026-01-06 06:21:28+00:00,2026-01-06 06:25:46.121599+00:00,388.0,3218.982,3218.89,3219.31,ETH
2026-01-06 06:21:29+00:00,2026-01-06 06:25:47.126985+00:00,389.0,3218.862,3218.72,3219.21,ETH
2026-01-06 06:21:30+00:00,2026-01-06 06:25:48.137069+00:00,390.0,3218.862,3218.71,3219.21,ETH
2026-01-06 06:21:32+00:00,2026-01-06 06:25:49.188295+00:00,392.0,3218.852,3218.7,3219.2,ETH
2026-01-06 06:21:33+00:00,2026-01-06 06:25:51.185737+00:00,393.0,3218.852,3218.66,3219.07,ETH
2026-01-06 06:21:34+00:00,2026-01-06 06:25:52.193316+00:00,394.0,3218.852,3218.67,3219.09,ETH
2026-01-06 06:21:35+00:00,2026-01-06 06:25:53.193021+00:00,395.0,3218.852,3218.67,3219.11,ETH
2026-01-06 06:21:36+00:00,2026-01-06 06:25:54.200549+00:00,396.0,3218.852,3218.67,3219.13,ETH
2026-01-06 06:21:37+00:00,2026-01-06 06:25:55.208525+00:00,397.0,3218.852,3218.67,3219.16,ETH
2026-01-06 06:21:38+00:00,2026-01-06 06:25:56.200536+00:00,398.0,3218.852,3218.67,3219.15,ETH
2026-01-06 06:21:39+00:00,2026-01-06 06:25:57.218322+00:00,399.0,3218.852,3218.67,3219.1,ETH
2026-01-06 06:21:40+00:00,2026-01-06 06:25:58.240153+00:00,400.0,3218.852,3218.68,3219.01,ETH
2026-01-06 06:21:41+00:00,2026-01-06 06:25:59.236682+00:00,401.0,3218.852,3218.69,3218.96,ETH
2026-01-06 06:21:42+00:00,2026-01-06 06:26:00.253625+00:00,402.0,3218.852,3218.7,3218.95,ETH
2026-01-06 06:21:43+00:00,2026-01-06 06:26:01.255358+00:00,403.0,3218.852,3218.69,3218.93,ETH
2026-01-06 06:21:44+00:00,2026-01-06 06:26:02.251901+00:00,404.0,3218.852,3218.66,3218.98,ETH
2026-01-06 06:21:45+00:00,2026-01-06 06:26:03.273840+00:00,405.0,3218.852,3218.65,3219.05,ETH
2026-01-06 06:21:46+00:00,2026-01-06 06:26:04.274893+00:00,406.0,3218.852,3218.65,3219.06,ETH
2026-01-06 06:21:47+00:00,2026-01-06 06:26:05.285204+00:00,407.0,3218.852,3218.65,3219.06,ETH
2026-01-06 06:21:48+00:00,2026-01-06 06:26:06.314940+00:00,408.0,3218.852,3218.65,3219.07,ETH
2026-01-06 06:21:49+00:00,2026-01-06 06:26:07.318409+00:00,409.0,3218.732,3218.54,3218.92,ETH
2026-01-06 06:21:50+00:00,2026-01-06 06:26:08.323763+00:00,410.0,3218.522,3218.43,3218.73,ETH
2026-01-06 06:21:51+00:00,2026-01-06 06:26:09.336806+00:00,411.0,3218.442,3218.39,3218.72,ETH
2026-01-06 06:21:52+00:00,2026-01-06 06:26:10.325602+00:00,412.0,3218.442,3218.34,3218.71,ETH
2026-01-06 06:21:53+00:00,2026-01-06 06:26:11.325271+00:00,413.0,3218.442,3218.31,3218.65,ETH
2026-01-06 06:21:54+00:00,2026-01-06 06:26:12.336113+00:00,414.0,3218.442,3218.29,3218.61,ETH
2026-01-06 06:21:55+00:00,2026-01-06 06:26:13.340620+00:00,415.0,3218.442,3218.28,3218.61,ETH
2026-01-06 06:21:56+00:00,2026-01-06 06:26:14.338545+00:00,416.0,3218.442,3218.28,3218.62,ETH
2026-01-06 06:21:57+00:00,2026-01-06 06:26:15.353746+00:00,417.0,3218.442,3218.29,3218.6,ETH
2026-01-06 06:21:58+00:00,2026-01-06 06:26:16.371012+00:00,418.0,3218.442,3218.29,3218.6,ETH
2026-01-06 06:21:59+00:00,2026-01-06 06:26:17.370589+00:00,419.0,3218.442,3218.29,3218.63,ETH
2026-01-06 06:22:00+00:00,2026-01-06 06:26:18.374171+00:00,420.0,3218.442,3218.29,3218.64,ETH
2026-01-06 06:22:01+00:00,2026-01-06 06:26:19.386728+00:00,421.0,3218.442,3218.29,3218.64,ETH
2026-01-06 06:22:02+00:00,2026-01-06 06:26:20.393896+00:00,422.0,3218.442,3218.29,3218.65,ETH
2026-01-06 06:22:03+00:00,2026-01-06 06:26:21.391042+00:00,423.0,3218.442,3218.28,3218.65,ETH
2026-01-06 06:22:04+00:00,2026-01-06 06:26:22.402633+00:00,424.0,3218.442,3218.27,3218.65,ETH
2026-01-06 06:22:05+00:00,2026-01-06 06:26:23.404801+00:00,425.0,3218.442,3218.27,3218.65,ETH
2026-01-06 06:22:06+00:00,2026-01-06 06:26:24.406481+00:00,426.0,3218.442,3218.26,3218.65,ETH
2026-01-06 06:22:07+00:00,2026-01-06 06:26:25.421067+00:00,427.0,3218.442,3218.24,3218.65,ETH
2026-01-06 06:22:08+00:00,2026-01-06 06:26:26.421645+00:00,428.0,3218.442,3218.24,3218.67,ETH
2026-01-06 06:22:09+00:00,2026-01-06 06:26:27.424453+00:00,429.0,3218.442,3218.24,3218.67,ETH
2026-01-06 06:22:10+00:00,2026-01-06 06:26:28.425853+00:00,430.0,3218.442,3218.24,3218.67,ETH
2026-01-06 06:22:11+00:00,2026-01-06 06:26:29.435413+00:00,431.0,3218.172,3217.98,3218.32,ETH
2026-01-06 06:22:12+00:00,2026-01-06 06:26:30.452046+00:00,432.0,3217.762,3217.63,3217.96,ETH
2026-01-06 06:22:13+00:00,2026-01-06 06:26:31.453397+00:00,433.0,3217.612,3217.5,3217.97,ETH
2026-01-06 06:22:14+00:00,2026-01-06 06:26:32.459270+00:00,434.0,3217.612,3217.47,3217.94,ETH
2026-01-06 06:22:15+00:00,2026-01-06 06:26:33.461692+00:00,435.0,3217.612,3217.47,3217.9,ETH
2026-01-06 06:22:16+00:00,2026-01-06 06:26:34.452217+00:00,436.0,3217.742,3217.55,3217.91,ETH
2026-01-06 06:22:17+00:00,2026-01-06 06:26:35.468895+00:00,437.0,3217.802,3217.64,3217.93,ETH
2026-01-06 06:22:18+00:00,2026-01-06 06:26:36.486503+00:00,438.0,3217.742,3217.62,3217.98,ETH
2026-01-06 06:22:19+00:00,2026-01-06 06:26:37.487113+00:00,439.0,3217.742,3217.59,3218.05,ETH
2026-01-06 06:22:20+00:00,2026-01-06 06:26:38.487885+00:00,440.0,3217.742,3217.59,3218.08,ETH
2026-01-06 06:22:21+00:00,2026-01-06 06:26:39.479111+00:00,441.0,3217.742,3217.6,3218.09,ETH
2026-01-06 06:22:22+00:00,2026-01-06 06:26:40.503185+00:00,442.0,3217.892,3217.67,3218.2,ETH
2026-01-06 06:22:23+00:00,2026-01-06 06:26:41.517704+00:00,443.0,3218.382,3218.09,3218.6,ETH
2026-01-06 06:22:24+00:00,2026-01-06 06:26:42.520401+00:00,444.0,3218.382,3218.09,3218.74,ETH
2026-01-06 06:22:25+00:00,2026-01-06 06:26:43.518350+00:00,445.0,3218.912,3218.8,3219.12,ETH
2026-01-06 06:22:26+00:00,2026-01-06 06:26:44.518506+00:00,446.0,3218.922,3218.8,3219.12,ETH
2026-01-06 06:22:27+00:00,2026-01-06 06:26:45.524824+00:00,447.0,3218.912,3218.79,3219.12,ETH
2026-01-06 06:22:28+00:00,2026-01-06 06:26:46.530677+00:00,448.0,3218.992,3218.79,3219.12,ETH
2026-01-06 06:22:29+00:00,2026-01-06 06:26:47.531940+00:00,449.0,3218.882,3218.73,3219.12,ETH
2026-01-06 06:22:30+00:00,2026-01-06 06:26:48.534565+00:00,450.0,3218.862,3218.73,3218.95,ETH
2026-01-06 06:22:31+00:00,2026-01-06 06:26:49.534218+00:00,451.0,3218.852,3218.59,3219.1,ETH
2026-01-06 06:22:32+00:00,2026-01-06 06:26:50.534532+00:00,452.0,3218.842,3218.58,3219.1,ETH
2026-01-06 06:22:33+00:00,2026-01-06 06:26:51.538446+00:00,453.0,3218.842,3218.58,3219.1,ETH
2026-01-06 06:22:34+00:00,2026-01-06 06:26:52.535673+00:00,454.0,3218.862,3218.61,3219.1,ETH
2026-01-06 06:22:35+00:00,2026-01-06 06:26:53.535605+00:00,455.0,3218.862,3218.61,3219.11,ETH
2026-01-06 06:22:36+00:00,2026-01-06 06:26:54.552046+00:00,456.0,3218.832,3218.57,3219.09,ETH
2026-01-06 06:22:37+00:00,2026-01-06 06:26:55.580758+00:00,457.0,3218.832,3218.57,3219.09,ETH
2026-01-06 06:22:38+00:00,2026-01-06 06:26:56.604008+00:00,458.0,3218.922,3218.7,3219.18,ETH
2026-01-06 06:22:39+00:00,2026-01-06 06:26:57.609287+00:00,459.0,3218.922,3218.7,3219.18,ETH
2026-01-06 06:22:40+00:00,2026-01-06 06:26:58.620743+00:00,460.0,3219.172,3218.96,3219.43,ETH
2026-01-06 06:22:41+00:00,2026-01-06 06:26:59.639257+00:00,461.0,3219.232,3219.14,3219.45,ETH
2026-01-06 06:22:42+00:00,2026-01-06 06:27:00.649987+00:00,462.0,3219.202,3218.98,3219.46,ETH
2026-01-06 06:22:43+00:00,2026-01-06 06:27:01.652948+00:00,463.0,3219.202,3219.0,3219.59,ETH
2026-01-06 06:22:44+00:00,2026-01-06 06:27:02.668082+00:00,464.0,3219.272,3219.11,3219.59,ETH
2026-01-06 06:22:45+00:00,2026-01-06 06:27:03.738428+00:00,465.0,3219.342,3219.23,3219.59,ETH
2026-01-06 06:22:46+00:00,2026-01-06 06:27:04.705382+00:00,466.0,3219.352,3219.23,3219.59,ETH
2026-01-06 06:22:47+00:00,2026-01-06 06:27:05.714432+00:00,467.0,3219.352,3219.23,3219.59,ETH
2026-01-06 06:22:48+00:00,2026-01-06 06:27:06.724282+00:00,468.0,3219.362,3219.24,3219.74,ETH
2026-01-06 06:22:49+00:00,2026-01-06 06:27:07.723111+00:00,469.0,3219.422,3219.23,3219.74,ETH
2026-01-06 06:22:50+00:00,2026-01-06 06:27:08.722575+00:00,470.0,3219.432,3219.28,3219.74,ETH
2026-01-06 06:22:51+00:00,2026-01-06 06:27:09.734296+00:00,471.0,3219.422,3219.29,3219.74,ETH
2026-01-06 06:22:52+00:00,2026-01-06 06:27:10.719783+00:00,472.0,3219.362,3219.29,3219.74,ETH
2026-01-06 06:22:53+00:00,2026-01-06 06:27:11.726471+00:00,473.0,3219.372,3219.31,3219.82,ETH
2026-01-06 06:22:54+00:00,2026-01-06 06:27:12.713688+00:00,474.0,3219.392,3219.31,3219.81,ETH
2026-01-06 06:22:55+00:00,2026-01-06 06:27:13.719592+00:00,475.0,3219.402,3219.34,3219.65,ETH
2026-01-06 06:22:56+00:00,2026-01-06 06:27:14.734449+00:00,476.0,3219.402,3219.35,3219.66,ETH
2026-01-06 06:22:57+00:00,2026-01-06 06:27:15.740206+00:00,477.0,3219.402,3219.35,3219.66,ETH
2026-01-06 06:22:58+00:00,2026-01-06 06:27:16.732015+00:00,478.0,3219.412,3219.35,3219.66,ETH
2026-01-06 06:22:59+00:00,2026-01-06 06:27:17.748260+00:00,479.0,3219.412,3219.35,3219.67,ETH
2026-01-06 06:23:00+00:00,2026-01-06 06:27:18.746342+00:00,480.0,3219.412,3219.33,3219.66,ETH
2026-01-06 06:23:01+00:00,2026-01-06 06:27:19.751324+00:00,481.0,3219.452,3219.3,3219.65,ETH
2026-01-06 06:23:02+00:00,2026-01-06 06:27:20.751302+00:00,482.0,3219.452,3219.3,3219.69,ETH
2026-01-06 06:23:03+00:00,2026-01-06 06:27:21.744109+00:00,483.0,3219.442,3219.31,3219.69,ETH
2026-01-06 06:23:04+00:00,2026-01-06 06:27:22.772365+00:00,484.0,3219.442,3219.27,3219.72,ETH
2026-01-06 06:23:05+00:00,2026-01-06 06:27:23.769679+00:00,485.0,3219.442,3219.26,3219.7,ETH
2026-01-06 06:23:06+00:00,2026-01-06 06:27:24.766284+00:00,486.0,3219.372,3219.09,3219.64,ETH
2026-01-06 06:23:07+00:00,2026-01-06 06:27:25.767820+00:00,487.0,3219.382,3219.11,3219.65,ETH
2026-01-06 06:23:08+00:00,2026-01-06 06:27:26.774519+00:00,488.0,3219.382,3219.11,3219.65,ETH
2026-01-06 06:23:09+00:00,2026-01-06 06:27:27.806493+00:00,489.0,3219.392,3219.12,3219.66,ETH
2026-01-06 06:23:10+00:00,2026-01-06 06:27:28.810025+00:00,490.0,3219.392,3219.12,3219.66,ETH
2026-01-06 06:23:11+00:00,2026-01-06 06:27:29.804246+00:00,491.0,3219.422,3219.14,3219.77,ETH
2026-01-06 06:23:12+00:00,2026-01-06 06:27:30.833513+00:00,492.0,3219.422,3219.14,3219.79,ETH
2026-01-06 06:23:13+00:00,2026-01-06 06:27:31.814163+00:00,493.0,3219.422,3219.14,3219.78,ETH
2026-01-06 06:23:14+00:00,2026-01-06 06:27:32.823049+00:00,494.0,3219.372,3219.16,3219.63,ETH
2026-01-06 06:23:15+00:00,2026-01-06 06:27:33.834723+00:00,495.0,3219.372,3219.16,3219.63,ETH
2026-01-06 06:23:16+00:00,2026-01-06 06:27:34.831889+00:00,496.0,3219.362,3219.18,3219.62,ETH
2026-01-06 06:23:17+00:00,2026-01-06 06:27:35.837773+00:00,497.0,3219.372,3219.16,3219.63,ETH
2026-01-06 06:23:18+00:00,2026-01-06 06:27:36.849868+00:00,498.0,3219.372,3219.16,3219.62,ETH
2026-01-06 06:23:19+00:00,2026-01-06 06:27:37.868389+00:00,499.0,3219.372,3219.17,3219.59,ETH
2026-01-06 06:23:20+00:00,2026-01-06 06:27:38.871401+00:00,500.0,3219.372,3219.16,3219.59,ETH
2026-01-06 06:23:21+00:00,2026-01-06 06:27:39.866989+00:00,501.0,3219.372,3219.15,3219.59,ETH
2026-01-06 06:23:22+00:00,2026-01-06 06:27:40.863400+00:00,502.0,3219.362,3219.15,3219.59,ETH
2026-01-06 06:23:23+00:00,2026-01-06 06:27:41.868452+00:00,503.0,3219.372,3219.15,3219.59,ETH
2026-01-06 06:23:24+00:00,2026-01-06 06:27:42.892026+00:00,504.0,3219.372,3219.15,3219.61,ETH
2026-01-06 06:23:25+00:00,2026-01-06 06:27:43.880914+00:00,505.0,3219.372,3219.15,3219.62,ETH
2026-01-06 06:23:26+00:00,2026-01-06 06:27:44.903384+00:00,506.0,3219.362,3219.15,3219.62,ETH
2026-01-06 06:23:27+00:00,2026-01-06 06:27:45.919077+00:00,507.0,3219.372,3219.15,3219.62,ETH
2026-01-06 06:23:28+00:00,2026-01-06 06:27:46.919931+00:00,508.0,3219.362,3219.14,3219.61,ETH
2026-01-06 06:23:29+00:00,2026-01-06 06:27:47.920048+00:00,509.0,3219.362,3219.14,3219.63,ETH
2026-01-06 06:23:30+00:00,2026-01-06 06:27:48.921369+00:00,510.0,3219.362,3219.14,3219.63,ETH
2026-01-06 06:23:31+00:00,2026-01-06 06:27:49.919734+00:00,511.0,3219.402,3219.15,3219.65,ETH
2026-01-06 06:23:32+00:00,2026-01-06 06:27:50.933091+00:00,512.0,3219.402,3219.15,3219.69,ETH
2026-01-06 06:23:33+00:00,2026-01-06 06:27:52.948429+00:00,513.0,3219.582,3219.32,3219.84,ETH
2026-01-06 06:23:34+00:00,2026-01-06 06:27:53.965681+00:00,514.0,3219.722,3219.48,3219.99,ETH
2026-01-06 06:23:35+00:00,2026-01-06 06:27:54.955683+00:00,515.0,3219.722,3219.53,3219.99,ETH
2026-01-06 06:23:36+00:00,2026-01-06 06:27:55.949172+00:00,516.0,3219.722,3219.54,3219.99,ETH
2026-01-06 06:23:37+00:00,2026-01-06 06:27:56.967567+00:00,517.0,3219.722,3219.54,3219.99,ETH
2026-01-06 06:23:38+00:00,2026-01-06 06:27:57.982864+00:00,518.0,3219.732,3219.55,3219.99,ETH
2026-01-06 06:23:39+00:00,2026-01-06 06:27:58.986756+00:00,519.0,3219.732,3219.55,3220.01,ETH
2026-01-06 06:23:40+00:00,2026-01-06 06:27:59.972115+00:00,520.0,3219.772,3219.55,3220.05,ETH
2026-01-06 06:23:41+00:00,2026-01-06 06:28:00.986644+00:00,521.0,3219.802,3219.55,3220.07,ETH
2026-01-06 06:23:42+00:00,2026-01-06 06:28:01.998607+00:00,522.0,3219.842,3219.6,3220.23,ETH
2026-01-06 06:23:43+00:00,2026-01-06 06:28:03.005272+00:00,523.0,3219.922,3219.7,3220.45,ETH
2026-01-06 06:23:44+00:00,2026-01-06 06:28:04.028515+00:00,524.0,3219.962,3219.78,3220.51,ETH
2026-01-06 06:23:45+00:00,2026-01-06 06:28:05.022019+00:00,525.0,3220.012,3219.79,3220.51,ETH
2026-01-06 06:23:46+00:00,2026-01-06 06:28:06.019899+00:00,526.0,3220.092,3219.84,3220.51,ETH
2026-01-06 06:23:47+00:00,2026-01-06 06:28:07.003142+00:00,527.0,3220.152,3219.9,3220.58,ETH
2026-01-06 06:23:48+00:00,2026-01-06 06:28:08.016839+00:00,528.0,3220.292,3220.05,3220.77,ETH
2026-01-06 06:23:49+00:00,2026-01-06 06:28:09.022398+00:00,529.0,3220.392,3220.27,3220.89,ETH
2026-01-06 06:23:50+00:00,2026-01-06 06:28:10.029828+00:00,530.0,3220.392,3220.35,3220.89,ETH
2026-01-06 06:23:51+00:00,2026-01-06 06:28:11.053295+00:00,531.0,3220.382,3220.36,3220.89,ETH
2026-01-06 06:23:52+00:00,2026-01-06 06:28:12.054739+00:00,532.0,3220.382,3220.36,3220.78,ETH
2026-01-06 06:23:54+00:00,2026-01-06 06:28:13.265525+00:00,534.0,3220.382,3220.36,3220.68,ETH
2026-01-06 06:23:55+00:00,2026-01-06 06:28:14.300359+00:00,535.0,3220.372,3220.36,3220.67,ETH
2026-01-06 06:23:56+00:00,2026-01-06 06:28:15.304753+00:00,536.0,3220.372,3220.36,3220.67,ETH
2026-01-06 06:23:57+00:00,2026-01-06 06:28:16.301407+00:00,537.0,3220.302,3220.14,3220.48,ETH
2026-01-06 06:23:58+00:00,2026-01-06 06:28:17.312789+00:00,538.0,3220.262,3220.05,3220.44,ETH
2026-01-06 06:23:59+00:00,2026-01-06 06:28:18.310252+00:00,539.0,3220.252,3220.0,3220.44,ETH
2026-01-06 06:24:00+00:00,2026-01-06 06:28:19.319339+00:00,540.0,3220.252,3219.97,3220.38,ETH
2026-01-06 06:24:01+00:00,2026-01-06 06:28:20.317701+00:00,541.0,3220.252,3219.98,3220.35,ETH
2026-01-06 06:24:02+00:00,2026-01-06 06:28:21.339835+00:00,542.0,3220.252,3219.98,3220.34,ETH
2026-01-06 06:24:03+00:00,2026-01-06 06:28:22.364319+00:00,543.0,3219.892,3219.87,3219.95,ETH
2026-01-06 06:24:04+00:00,2026-01-06 06:28:23.370848+00:00,544.0,3219.682,3219.41,3219.95,ETH
2026-01-06 06:24:05+00:00,2026-01-06 06:28:24.385066+00:00,545.0,3219.742,3219.52,3219.97,ETH
2026-01-06 06:24:06+00:00,2026-01-06 06:28:25.400688+00:00,546.0,3219.762,3219.52,3220.0,ETH
2026-01-06 06:24:07+00:00,2026-01-06 06:28:26.416630+00:00,547.0,3219.762,3219.52,3220.0,ETH
2026-01-06 06:24:08+00:00,2026-01-06 06:28:27.418724+00:00,548.0,3219.752,3219.51,3219.98,ETH
2026-01-06 06:24:09+00:00,2026-01-06 06:28:28.432585+00:00,549.0,3219.742,3219.5,3219.96,ETH
2026-01-06 06:24:10+00:00,2026-01-06 06:28:29.435748+00:00,550.0,3219.732,3219.5,3219.96,ETH
2026-01-06 06:24:11+00:00,2026-01-06 06:28:30.447962+00:00,551.0,3219.732,3219.5,3219.96,ETH
2026-01-06 06:24:12+00:00,2026-01-06 06:28:31.449983+00:00,552.0,3219.752,3219.52,3219.96,ETH
2026-01-06 06:24:13+00:00,2026-01-06 06:28:32.447582+00:00,553.0,3219.732,3219.52,3219.8,ETH
2026-01-06 06:24:14+00:00,2026-01-06 06:28:33.466803+00:00,554.0,3219.662,3219.42,3219.89,ETH
2026-01-06 06:24:15+00:00,2026-01-06 06:28:34.484042+00:00,555.0,3219.652,3219.41,3219.96,ETH
2026-01-06 06:24:16+00:00,2026-01-06 06:28:35.487091+00:00,556.0,3219.652,3219.41,3219.89,ETH
2026-01-06 06:24:17+00:00,2026-01-06 06:28:36.503247+00:00,557.0,3219.742,3219.52,3219.96,ETH
2026-01-06 06:24:18+00:00,2026-01-06 06:28:37.497351+00:00,558.0,3219.742,3219.52,3219.96,ETH
2026-01-06 06:24:19+00:00,2026-01-06 06:28:38.517893+00:00,559.0,3219.732,3219.51,3219.96,ETH
2026-01-06 06:24:20+00:00,2026-01-06 06:28:39.532357+00:00,560.0,3219.732,3219.51,3219.96,ETH
2026-01-06 06:24:21+00:00,2026-01-06 06:28:40.527067+00:00,561.0,3219.762,3219.53,3219.98,ETH
2026-01-06 06:24:22+00:00,2026-01-06 06:28:42.532297+00:00,562.0,3219.742,3219.51,3219.97,ETH
2026-01-06 06:24:23+00:00,2026-01-06 06:28:43.534752+00:00,563.0,3219.742,3219.51,3219.97,ETH
2026-01-06 06:24:24+00:00,2026-01-06 06:28:44.554265+00:00,564.0,3219.742,3219.51,3219.98,ETH
2026-01-06 06:24:25+00:00,2026-01-06 06:28:45.532628+00:00,565.0,3219.752,3219.52,3219.97,ETH
2026-01-06 06:24:26+00:00,2026-01-06 06:28:46.551348+00:00,566.0,3219.762,3219.53,3219.98,ETH
2026-01-06 06:24:27+00:00,2026-01-06 06:28:47.562658+00:00,567.0,3219.762,3219.53,3219.99,ETH
2026-01-06 06:24:28+00:00,2026-01-06 06:28:48.554826+00:00,568.0,3219.762,3219.53,3219.98,ETH
2026-01-06 06:24:29+00:00,2026-01-06 06:28:49.564990+00:00,569.0,3219.772,3219.54,3219.99,ETH
2026-01-06 06:24:30+00:00,2026-01-06 06:28:50.565162+00:00,570.0,3219.792,3219.55,3220.02,ETH
2026-01-06 06:24:31+00:00,2026-01-06 06:28:51.574761+00:00,571.0,3219.792,3219.56,3220.04,ETH
2026-01-06 06:24:32+00:00,2026-01-06 06:28:52.595968+00:00,572.0,3219.792,3219.56,3220.06,ETH
2026-01-06 06:24:33+00:00,2026-01-06 06:28:53.609675+00:00,573.0,3219.862,3219.65,3220.15,ETH
2026-01-06 06:24:34+00:00,2026-01-06 06:28:54.617619+00:00,574.0,3219.982,3219.75,3220.33,ETH
2026-01-06 06:24:35+00:00,2026-01-06 06:28:55.623556+00:00,575.0,3220.042,3219.88,3220.53,ETH
2026-01-06 06:24:36+00:00,2026-01-06 06:28:56.636238+00:00,576.0,3220.302,3220.14,3220.73,ETH
2026-01-06 06:24:38+00:00,2026-01-06 06:28:57.680119+00:00,578.0,3220.542,3220.28,3220.77,ETH
2026-01-06 06:24:39+00:00,2026-01-06 06:28:58.677040+00:00,579.0,3220.542,3220.28,3220.81,ETH
2026-01-06 06:24:40+00:00,2026-01-06 06:28:59.683565+00:00,580.0,3220.542,3220.28,3220.87,ETH
2026-01-06 06:24:41+00:00,2026-01-06 06:29:00.712469+00:00,581.0,3220.542,3220.28,3220.87,ETH
2026-01-06 06:24:42+00:00,2026-01-06 06:29:01.716250+00:00,582.0,3220.542,3220.27,3220.87,ETH
2026-01-06 06:24:43+00:00,2026-01-06 06:29:02.706083+00:00,583.0,3220.542,3220.27,3220.86,ETH
2026-01-06 06:24:44+00:00,2026-01-06 06:29:03.710590+00:00,584.0,3220.542,3220.28,3220.86,ETH
2026-01-06 06:24:45+00:00,2026-01-06 06:29:04.711870+00:00,585.0,3220.432,3220.22,3220.73,ETH
2026-01-06 06:24:46+00:00,2026-01-06 06:29:06.731057+00:00,586.0,3220.412,3220.22,3220.62,ETH
2026-01-06 06:24:47+00:00,2026-01-06 06:29:07.745610+00:00,587.0,3220.402,3220.22,3220.6,ETH
2026-01-06 06:24:48+00:00,2026-01-06 06:29:08.759895+00:00,588.0,3220.412,3220.21,3220.59,ETH
2026-01-06 06:24:49+00:00,2026-01-06 06:29:09.786155+00:00,589.0,3220.422,3220.21,3220.62,ETH
2026-01-06 06:24:50+00:00,2026-01-06 06:29:10.801875+00:00,590.0,3220.672,3220.42,3220.79,ETH
2026-01-06 06:24:51+00:00,2026-01-06 06:29:11.811104+00:00,591.0,3220.922,3220.64,3221.02,ETH
2026-01-06 06:24:52+00:00,2026-01-06 06:29:12.813229+00:00,592.0,3220.922,3220.63,3221.12,ETH
2026-01-06 06:24:53+00:00,2026-01-06 06:29:13.842287+00:00,593.0,3220.922,3220.63,3221.12,ETH
2026-01-06 06:24:54+00:00,2026-01-06 06:29:14.832985+00:00,594.0,3220.922,3220.62,3221.14,ETH
2026-01-06 06:24:55+00:00,2026-01-06 06:29:15.866320+00:00,595.0,3220.922,3220.63,3221.14,ETH
2026-01-06 06:24:56+00:00,2026-01-06 06:29:16.871505+00:00,596.0,3220.922,3220.63,3221.12,ETH
2026-01-06 06:24:57+00:00,2026-01-06 06:29:17.881761+00:00,597.0,3220.922,3220.62,3221.12,ETH
2026-01-06 06:24:58+00:00,2026-01-06 06:29:18.877291+00:00,598.0,3220.922,3220.61,3221.11,ETH
2026-01-06 06:24:59+00:00,2026-01-06 06:29:19.885692+00:00,599.0,3220.922,3220.61,3221.1,ETH
2026-01-06 06:25:00+00:00,2026-01-06 06:29:20.879958+00:00,600.0,3220.942,3220.61,3221.16,ETH
2026-01-06 06:25:01+00:00,2026-01-06 06:29:21.897996+00:00,601.0,3220.952,3220.62,3221.21,ETH
2026-01-06 06:25:02+00:00,2026-01-06 06:29:22.891097+00:00,602.0,3220.952,3220.63,3221.17,ETH
2026-01-06 06:25:03+00:00,2026-01-06 06:29:23.895484+00:00,603.0,3220.952,3220.63,3221.18,ETH
2026-01-06 06:25:04+00:00,2026-01-06 06:29:24.887301+00:00,604.0,3220.952,3220.63,3221.19,ETH
2026-01-06 06:25:05+00:00,2026-01-06 06:29:25.895361+00:00,605.0,3220.852,3220.6,3221.08,ETH
2026-01-06 06:25:06+00:00,2026-01-06 06:29:26.894335+00:00,606.0,3220.752,3220.55,3220.95,ETH
2026-01-06 06:25:07+00:00,2026-01-06 06:29:27.895745+00:00,607.0,3220.742,3220.5,3220.9,ETH
2026-01-06 06:25:08+00:00,2026-01-06 06:29:28.896847+00:00,608.0,3220.732,3220.47,3220.86,ETH
2026-01-06 06:25:09+00:00,2026-01-06 06:29:29.900422+00:00,609.0,3220.732,3220.48,3220.87,ETH
2026-01-06 06:25:10+00:00,2026-01-06 06:29:30.916078+00:00,610.0,3220.732,3220.48,3220.89,ETH
2026-01-06 06:25:11+00:00,2026-01-06 06:29:31.920561+00:00,611.0,3220.732,3220.48,3220.92,ETH
2026-01-06 06:25:12+00:00,2026-01-06 06:29:32.913988+00:00,612.0,3220.732,3220.48,3220.96,ETH
2026-01-06 06:25:13+00:00,2026-01-06 06:29:33.901051+00:00,613.0,3220.732,3220.48,3220.96,ETH
2026-01-06 06:25:14+00:00,2026-01-06 06:29:34.912981+00:00,614.0,3220.912,3220.6,3221.23,ETH
2026-01-06 06:25:15+00:00,2026-01-06 06:29:35.914631+00:00,615.0,3221.392,3221.1,3221.55,ETH
2026-01-06 06:25:16+00:00,2026-01-06 06:29:36.920025+00:00,616.0,3221.392,3221.1,3221.55,ETH
2026-01-06 06:25:17+00:00,2026-01-06 06:29:37.935473+00:00,617.0,3221.392,3221.11,3221.56,ETH
2026-01-06 06:25:18+00:00,2026-01-06 06:29:38.931766+00:00,618.0,3221.572,3221.23,3221.63,ETH
2026-01-06 06:25:19+00:00,2026-01-06 06:29:39.930118+00:00,619.0,3221.572,3221.23,3221.63,ETH
2026-01-06 06:25:20+00:00,2026-01-06 06:29:40.926125+00:00,620.0,3221.572,3221.23,3221.68,ETH
2026-01-06 06:25:21+00:00,2026-01-06 06:29:41.930922+00:00,621.0,3221.582,3221.24,3221.68,ETH
2026-01-06 06:25:22+00:00,2026-01-06 06:29:42.947462+00:00,622.0,3221.582,3221.24,3221.67,ETH
2026-01-06 06:25:23+00:00,2026-01-06 06:29:43.934557+00:00,623.0,3221.632,3221.31,3221.67,ETH
2026-01-06 06:25:24+00:00,2026-01-06 06:29:44.942341+00:00,624.0,3221.632,3221.35,3221.67,ETH
2026-01-06 06:25:25+00:00,2026-01-06 06:29:45.936347+00:00,625.0,3221.632,3221.36,3221.85,ETH
2026-01-06 06:25:26+00:00,2026-01-06 06:29:46.951531+00:00,626.0,3221.632,3221.36,3221.72,ETH
2026-01-06 06:25:27+00:00,2026-01-06 06:29:47.950286+00:00,627.0,3221.632,3221.36,3221.67,ETH
2026-01-06 06:25:28+00:00,2026-01-06 06:29:48.960645+00:00,628.0,3221.602,3221.4,3221.64,ETH
2026-01-06 06:25:29+00:00,2026-01-06 06:29:49.976986+00:00,629.0,3221.622,3221.4,3221.66,ETH
2026-01-06 06:25:30+00:00,2026-01-06 06:29:50.980270+00:00,630.0,3221.592,3221.38,3221.64,ETH
2026-01-06 06:25:31+00:00,2026-01-06 06:29:51.993498+00:00,631.0,3221.572,3221.38,3221.64,ETH
2026-01-06 06:25:32+00:00,2026-01-06 06:29:52.992240+00:00,632.0,3221.602,3221.36,3221.64,ETH
2026-01-06 06:25:33+00:00,2026-01-06 06:29:54.000158+00:00,633.0,3221.602,3221.37,3221.65,ETH
2026-01-06 06:25:34+00:00,2026-01-06 06:29:54.996539+00:00,634.0,3221.582,3221.37,3221.63,ETH
2026-01-06 06:25:35+00:00,2026-01-06 06:29:55.996874+00:00,635.0,3221.572,3221.36,3221.63,ETH
2026-01-06 06:25:36+00:00,2026-01-06 06:29:56.996709+00:00,636.0,3221.562,3221.35,3221.63,ETH
2026-01-06 06:25:37+00:00,2026-01-06 06:29:58.017124+00:00,637.0,3221.602,3221.35,3221.65,ETH
2026-01-06 06:25:38+00:00,2026-01-06 06:29:59.017029+00:00,638.0,3221.632,3221.36,3221.69,ETH
2026-01-06 06:25:39+00:00,2026-01-06 06:30:00.034003+00:00,639.0,3221.552,3221.37,3221.64,ETH
2026-01-06 06:25:40+00:00,2026-01-06 06:30:01.027778+00:00,640.0,3221.532,3221.37,3221.64,ETH
2026-01-06 06:25:41+00:00,2026-01-06 06:30:02.044314+00:00,641.0,3221.512,3221.37,3221.64,ETH
2026-01-06 06:25:42+00:00,2026-01-06 06:30:03.045652+00:00,642.0,3221.552,3221.38,3221.65,ETH
2026-01-06 06:25:43+00:00,2026-01-06 06:30:04.061182+00:00,643.0,3221.562,3221.37,3221.64,ETH
2026-01-06 06:25:44+00:00,2026-01-06 06:30:05.081287+00:00,644.0,3221.502,3221.38,3221.64,ETH
2026-01-06 06:25:45+00:00,2026-01-06 06:30:06.078198+00:00,645.0,3221.502,3221.37,3221.64,ETH
2026-01-06 06:25:46+00:00,2026-01-06 06:30:07.078599+00:00,646.0,3221.562,3221.38,3221.73,ETH
2026-01-06 06:25:47+00:00,2026-01-06 06:30:08.096868+00:00,647.0,3221.692,3221.46,3221.85,ETH
2026-01-06 06:25:48+00:00,2026-01-06 06:30:09.107504+00:00,648.0,3221.832,3221.55,3221.97,ETH
2026-01-06 06:25:49+00:00,2026-01-06 06:30:10.114268+00:00,649.0,3221.812,3221.65,3221.97,ETH
2026-01-06 06:25:50+00:00,2026-01-06 06:30:11.106184+00:00,650.0,3221.812,3221.64,3221.97,ETH
2026-01-06 06:25:51+00:00,2026-01-06 06:30:12.123800+00:00,651.0,3221.772,3221.64,3221.95,ETH
2026-01-06 06:25:52+00:00,2026-01-06 06:30:13.129989+00:00,652.0,3221.882,3221.63,3221.95,ETH
2026-01-06 06:25:53+00:00,2026-01-06 06:30:14.124750+00:00,653.0,3221.732,3221.54,3221.79,ETH
2026-01-06 06:25:54+00:00,2026-01-06 06:30:15.127738+00:00,654.0,3221.572,3221.45,3221.64,ETH
2026-01-06 06:25:55+00:00,2026-01-06 06:30:16.129281+00:00,655.0,3221.492,3221.3,3221.64,ETH
2026-01-06 06:25:56+00:00,2026-01-06 06:30:17.159323+00:00,656.0,3221.422,3221.3,3221.5,ETH
2026-01-06 06:25:57+00:00,2026-01-06 06:30:18.145676+00:00,657.0,3221.412,3221.26,3221.44,ETH
2026-01-06 06:25:58+00:00,2026-01-06 06:30:20.157274+00:00,658.0,3221.422,3221.27,3221.52,ETH
2026-01-06 06:25:59+00:00,2026-01-06 06:30:21.166758+00:00,659.0,3221.462,3221.3,3221.55,ETH
2026-01-06 06:26:00+00:00,2026-01-06 06:30:22.172211+00:00,660.0,3221.352,3221.19,3221.48,ETH
2026-01-06 06:26:01+00:00,2026-01-06 06:30:23.173843+00:00,661.0,3221.112,3220.96,3221.28,ETH
2026-01-06 06:26:02+00:00,2026-01-06 06:30:24.189759+00:00,662.0,3221.002,3220.85,3221.19,ETH
2026-01-06 06:26:03+00:00,2026-01-06 06:30:25.191001+00:00,663.0,3221.002,3220.83,3221.22,ETH
2026-01-06 06:26:04+00:00,2026-01-06 06:30:26.192959+00:00,664.0,3221.002,3220.8,3221.19,ETH
2026-01-06 06:26:05+00:00,2026-01-06 06:30:27.191599+00:00,665.0,3221.002,3220.8,3221.19,ETH
2026-01-06 06:26:06+00:00,2026-01-06 06:30:28.189594+00:00,666.0,3221.012,3220.83,3221.21,ETH
2026-01-06 06:26:07+00:00,2026-01-06 06:30:29.192020+00:00,667.0,3221.022,3220.88,3221.26,ETH
2026-01-06 06:26:08+00:00,2026-01-06 06:30:30.197172+00:00,668.0,3221.032,3220.92,3221.26,ETH
2026-01-06 06:26:10+00:00,2026-01-06 06:30:31.258987+00:00,670.0,3221.202,3220.92,3221.28,ETH
2026-01-06 06:26:11+00:00,2026-01-06 06:30:32.237633+00:00,671.0,3221.172,3221.0,3221.26,ETH
2026-01-06 06:26:12+00:00,2026-01-06 06:30:33.236865+00:00,672.0,3221.162,3221.0,3221.26,ETH
2026-01-06 06:26:13+00:00,2026-01-06 06:30:34.277050+00:00,673.0,3221.182,3221.0,3221.26,ETH
2026-01-06 06:26:14+00:00,2026-01-06 06:30:35.279339+00:00,674.0,3221.132,3221.0,3221.25,ETH
2026-01-06 06:26:15+00:00,2026-01-06 06:30:36.255250+00:00,675.0,3221.162,3220.99,3221.25,ETH
2026-01-06 06:26:16+00:00,2026-01-06 06:30:37.241397+00:00,676.0,3221.182,3220.99,3221.25,ETH
2026-01-06 06:26:17+00:00,2026-01-06 06:30:38.239083+00:00,677.0,3221.012,3220.99,3221.08,ETH
2026-01-06 06:26:18+00:00,2026-01-06 06:30:39.242765+00:00,678.0,3221.212,3220.88,3221.53,ETH
2026-01-06 06:26:19+00:00,2026-01-06 06:30:40.248124+00:00,679.0,3221.312,3221.08,3221.61,ETH
2026-01-06 06:26:20+00:00,2026-01-06 06:30:41.271506+00:00,680.0,3221.302,3221.08,3221.61,ETH
2026-01-06 06:26:21+00:00,2026-01-06 06:30:42.278599+00:00,681.0,3221.262,3221.08,3221.57,ETH
2026-01-06 06:26:22+00:00,2026-01-06 06:30:43.326806+00:00,682.0,3221.232,3221.08,3221.58,ETH
2026-01-06 06:26:23+00:00,2026-01-06 06:30:44.315670+00:00,683.0,3221.312,3221.1,3221.57,ETH
2026-01-06 06:26:24+00:00,2026-01-06 06:30:45.332276+00:00,684.0,3221.422,3221.1,3221.65,ETH
2026-01-06 06:26:25+00:00,2026-01-06 06:30:46.309958+00:00,685.0,3221.372,3221.07,3221.67,ETH
2026-01-06 06:26:26+00:00,2026-01-06 06:30:47.317778+00:00,686.0,3221.372,3221.07,3221.67,ETH
2026-01-06 06:26:27+00:00,2026-01-06 06:30:48.333707+00:00,687.0,3221.432,3221.12,3221.62,ETH
2026-01-06 06:26:28+00:00,2026-01-06 06:30:49.327052+00:00,688.0,3221.432,3221.13,3221.62,ETH
2026-01-06 06:26:29+00:00,2026-01-06 06:30:50.341476+00:00,689.0,3221.382,3221.13,3221.51,ETH
2026-01-06 06:26:30+00:00,2026-01-06 06:30:51.339200+00:00,690.0,3221.372,3221.1,3221.51,ETH
2026-01-06 06:26:31+00:00,2026-01-06 06:30:52.356827+00:00,691.0,3221.372,3221.1,3221.48,ETH
2026-01-06 06:26:32+00:00,2026-01-06 06:30:53.380614+00:00,692.0,3221.372,3221.1,3221.49,ETH
2026-01-06 06:26:33+00:00,2026-01-06 06:30:54.375229+00:00,693.0,3221.372,3221.1,3221.48,ETH
2026-01-06 06:26:34+00:00,2026-01-06 06:30:55.375282+00:00,694.0,3221.372,3221.1,3221.49,ETH
2026-01-06 06:26:35+00:00,2026-01-06 06:30:56.372956+00:00,695.0,3221.382,3221.12,3221.53,ETH
2026-01-06 06:26:36+00:00,2026-01-06 06:30:57.381346+00:00,696.0,3221.402,3221.12,3221.62,ETH
2026-01-06 06:26:37+00:00,2026-01-06 06:30:58.401353+00:00,697.0,3221.432,3221.13,3221.72,ETH
2026-01-06 06:26:38+00:00,2026-01-06 06:30:59.417176+00:00,698.0,3221.622,3221.35,3221.94,ETH
2026-01-06 06:26:39+00:00,2026-01-06 06:31:00.416027+00:00,699.0,3221.622,3221.35,3221.94,ETH
2026-01-06 06:26:40+00:00,2026-01-06 06:31:01.432051+00:00,700.0,3221.622,3221.36,3221.98,ETH
2026-01-06 06:26:41+00:00,2026-01-06 06:31:02.428703+00:00,701.0,3221.732,3221.36,3221.97,ETH
2026-01-06 06:26:42+00:00,2026-01-06 06:31:03.426187+00:00,702.0,3221.752,3221.41,3222.03,ETH
2026-01-06 06:26:43+00:00,2026-01-06 06:31:04.429321+00:00,703.0,3222.292,3221.81,3222.76,ETH
2026-01-06 06:26:44+00:00,2026-01-06 06:31:05.428722+00:00,704.0,3222.692,3222.33,3222.76,ETH
2026-01-06 06:26:45+00:00,2026-01-06 06:31:06.431375+00:00,705.0,3222.692,3222.46,3222.76,ETH
2026-01-06 06:26:46+00:00,2026-01-06 06:31:08.442359+00:00,706.0,3222.712,3222.46,3222.76,ETH
2026-01-06 06:26:47+00:00,2026-01-06 06:31:09.445887+00:00,707.0,3222.732,3222.46,3222.78,ETH
2026-01-06 06:26:48+00:00,2026-01-06 06:31:10.449783+00:00,708.0,3222.892,3222.74,3223.0,ETH
2026-01-06 06:26:49+00:00,2026-01-06 06:31:11.457950+00:00,709.0,3223.232,3223.17,3223.37,ETH
2026-01-06 06:26:50+00:00,2026-01-06 06:31:12.464106+00:00,710.0,3223.482,3223.31,3223.54,ETH
2026-01-06 06:26:51+00:00,2026-01-06 06:31:13.473907+00:00,711.0,3223.542,3223.36,3223.62,ETH
2026-01-06 06:26:52+00:00,2026-01-06 06:31:14.478390+00:00,712.0,3223.552,3223.42,3223.7,ETH
2026-01-06 06:26:53+00:00,2026-01-06 06:31:15.472624+00:00,713.0,3223.552,3223.38,3223.83,ETH
2026-01-06 06:26:54+00:00,2026-01-06 06:31:16.472327+00:00,714.0,3223.542,3223.37,3223.95,ETH
2026-01-06 06:26:55+00:00,2026-01-06 06:31:17.475393+00:00,715.0,3223.552,3223.4,3223.77,ETH
2026-01-06 06:26:56+00:00,2026-01-06 06:31:18.474522+00:00,716.0,3223.502,3223.37,3223.59,ETH
2026-01-06 06:26:57+00:00,2026-01-06 06:31:19.467865+00:00,717.0,3223.392,3223.32,3223.59,ETH
2026-01-06 06:26:58+00:00,2026-01-06 06:31:20.483786+00:00,718.0,3223.342,3223.3,3223.47,ETH
2026-01-06 06:26:59+00:00,2026-01-06 06:31:21.507665+00:00,719.0,3223.312,3223.24,3223.34,ETH
2026-01-06 06:27:00+00:00,2026-01-06 06:31:22.507355+00:00,720.0,3223.272,3223.16,3223.32,ETH
2026-01-06 06:27:01+00:00,2026-01-06 06:31:23.524337+00:00,721.0,3223.202,3223.04,3223.27,ETH
2026-01-06 06:27:02+00:00,2026-01-06 06:31:24.514124+00:00,722.0,3223.152,3222.94,3223.21,ETH
2026-01-06 06:27:03+00:00,2026-01-06 06:31:25.537577+00:00,723.0,3223.162,3222.94,3223.22,ETH
2026-01-06 06:27:04+00:00,2026-01-06 06:31:26.537411+00:00,724.0,3223.192,3222.94,3223.23,ETH
2026-01-06 06:27:05+00:00,2026-01-06 06:31:27.537481+00:00,725.0,3223.162,3222.91,3223.21,ETH
2026-01-06 06:27:06+00:00,2026-01-06 06:31:28.552177+00:00,726.0,3223.042,3222.82,3223.11,ETH
2026-01-06 06:27:07+00:00,2026-01-06 06:31:29.561516+00:00,727.0,3222.982,3222.75,3223.04,ETH
2026-01-06 06:27:08+00:00,2026-01-06 06:31:30.572943+00:00,728.0,3222.982,3222.77,3223.05,ETH
2026-01-06 06:27:09+00:00,2026-01-06 06:31:31.596825+00:00,729.0,3222.962,3222.78,3223.05,ETH
2026-01-06 06:27:10+00:00,2026-01-06 06:31:32.618444+00:00,730.0,3222.972,3222.79,3223.05,ETH
2026-01-06 06:27:11+00:00,2026-01-06 06:31:33.620624+00:00,731.0,3223.002,3222.79,3223.12,ETH
2026-01-06 06:27:12+00:00,2026-01-06 06:31:34.623795+00:00,732.0,3223.042,3222.79,3223.2,ETH
2026-01-06 06:27:13+00:00,2026-01-06 06:31:35.639149+00:00,733.0,3222.992,3222.79,3223.12,ETH
2026-01-06 06:27:14+00:00,2026-01-06 06:31:36.644210+00:00,734.0,3222.932,3222.79,3223.05,ETH
2026-01-06 06:27:15+00:00,2026-01-06 06:31:37.648492+00:00,735.0,3222.922,3222.74,3223.0,ETH
2026-01-06 06:27:16+00:00,2026-01-06 06:31:38.646504+00:00,736.0,3222.892,3222.68,3222.97,ETH
2026-01-06 06:27:17+00:00,2026-01-06 06:31:39.625717+00:00,737.0,3222.822,3222.61,3222.9,ETH
2026-01-06 06:27:18+00:00,2026-01-06 06:31:40.640194+00:00,738.0,3222.732,3222.55,3222.78,ETH
2026-01-06 06:27:19+00:00,2026-01-06 06:31:41.692623+00:00,739.0,3222.702,3222.56,3222.75,ETH
2026-01-06 06:27:20+00:00,2026-01-06 06:31:42.695178+00:00,740.0,3222.702,3222.56,3222.77,ETH
2026-01-06 06:27:21+00:00,2026-01-06 06:31:43.708051+00:00,741.0,3222.702,3222.56,3222.8,ETH
2026-01-06 06:27:22+00:00,2026-01-06 06:31:44.739057+00:00,742.0,3222.702,3222.56,3222.82,ETH
2026-01-06 06:27:23+00:00,2026-01-06 06:31:45.747075+00:00,743.0,3222.702,3222.57,3222.83,ETH
2026-01-06 06:27:24+00:00,2026-01-06 06:31:46.770479+00:00,744.0,3222.702,3222.59,3222.85,ETH
2026-01-06 06:27:25+00:00,2026-01-06 06:31:47.763906+00:00,745.0,3222.702,3222.59,3222.81,ETH
2026-01-06 06:27:26+00:00,2026-01-06 06:31:48.768498+00:00,746.0,3222.702,3222.58,3222.78,ETH
2026-01-06 06:27:27+00:00,2026-01-06 06:31:49.775043+00:00,747.0,3222.702,3222.58,3222.78,ETH
2026-01-06 06:27:28+00:00,2026-01-06 06:31:50.790745+00:00,748.0,3222.702,3222.58,3222.78,ETH
2026-01-06 06:27:29+00:00,2026-01-06 06:31:51.817958+00:00,749.0,3222.702,3222.58,3222.78,ETH
2026-01-06 06:27:30+00:00,2026-01-06 06:31:52.835332+00:00,750.0,3222.702,3222.58,3222.82,ETH
2026-01-06 06:27:31+00:00,2026-01-06 06:31:53.837216+00:00,751.0,3222.762,3222.64,3222.9,ETH
2026-01-06 06:27:32+00:00,2026-01-06 06:31:54.856334+00:00,752.0,3222.822,3222.71,3222.94,ETH
2026-01-06 06:27:33+00:00,2026-01-06 06:31:55.902765+00:00,753.0,3222.762,3222.7,3222.9,ETH
2026-01-06 06:27:34+00:00,2026-01-06 06:31:56.912530+00:00,754.0,3222.772,3222.66,3222.88,ETH
2026-01-06 06:27:35+00:00,2026-01-06 06:31:57.912169+00:00,755.0,3222.752,3222.62,3222.88,ETH
2026-01-06 06:27:36+00:00,2026-01-06 06:31:58.935588+00:00,756.0,3222.762,3222.62,3222.92,ETH
2026-01-06 06:27:37+00:00,2026-01-06 06:31:59.956393+00:00,757.0,3222.812,3222.63,3222.92,ETH
2026-01-06 06:27:38+00:00,2026-01-06 06:32:00.960059+00:00,758.0,3222.772,3222.63,3222.86,ETH
2026-01-06 06:27:39+00:00,2026-01-06 06:32:01.960245+00:00,759.0,3222.782,3222.63,3222.86,ETH
2026-01-06 06:27:40+00:00,2026-01-06 06:32:02.956182+00:00,760.0,3222.872,3222.66,3222.93,ETH
2026-01-06 06:27:41+00:00,2026-01-06 06:32:03.959579+00:00,761.0,3222.852,3222.7,3222.98,ETH
2026-01-06 06:27:42+00:00,2026-01-06 06:32:05.035107+00:00,762.0,3222.752,3222.7,3222.96,ETH
2026-01-06 06:27:43+00:00,2026-01-06 06:32:06.045303+00:00,763.0,3222.772,3222.7,3222.96,ETH
2026-01-06 06:27:45+00:00,2026-01-06 06:32:07.117416+00:00,765.0,3222.782,3222.7,3222.96,ETH
2026-01-06 06:27:46+00:00,2026-01-06 06:32:08.089358+00:00,766.0,3223.042,3222.75,3223.16,ETH
2026-01-06 06:27:47+00:00,2026-01-06 06:32:09.082721+00:00,767.0,3223.112,3222.89,3223.19,ETH
2026-01-06 06:27:48+00:00,2026-01-06 06:32:10.092163+00:00,768.0,3223.112,3222.89,3223.19,ETH
2026-01-06 06:27:49+00:00,2026-01-06 06:32:11.114102+00:00,769.0,3223.162,3222.88,3223.25,ETH
2026-01-06 06:27:50+00:00,2026-01-06 06:32:12.091196+00:00,770.0,3223.162,3222.88,3223.25,ETH
2026-01-06 06:27:51+00:00,2026-01-06 06:32:13.091443+00:00,771.0,3223.102,3222.9,3223.19,ETH
2026-01-06 06:27:52+00:00,2026-01-06 06:32:14.099047+00:00,772.0,3223.172,3222.9,3223.25,ETH
2026-01-06 06:27:53+00:00,2026-01-06 06:32:15.092589+00:00,773.0,3223.172,3222.9,3223.26,ETH
2026-01-06 06:27:54+00:00,2026-01-06 06:32:16.107222+00:00,774.0,3223.192,3222.93,3223.29,ETH
2026-01-06 06:27:55+00:00,2026-01-06 06:32:17.124595+00:00,775.0,3223.192,3222.93,3223.25,ETH
2026-01-06 06:27:56+00:00,2026-01-06 06:32:18.122364+00:00,776.0,3223.192,3222.93,3223.25,ETH
2026-01-06 06:27:57+00:00,2026-01-06 06:32:19.143117+00:00,777.0,3223.272,3222.99,3223.36,ETH
2026-01-06 06:27:58+00:00,2026-01-06 06:32:20.161531+00:00,778.0,3223.272,3222.99,3223.48,ETH
2026-01-06 06:27:59+00:00,2026-01-06 06:32:21.170445+00:00,779.0,3223.282,3223.05,3223.52,ETH
2026-01-06 06:28:00+00:00,2026-01-06 06:32:22.224696+00:00,780.0,3223.292,3223.13,3223.65,ETH
2026-01-06 06:28:01+00:00,2026-01-06 06:32:23.210850+00:00,781.0,3223.422,3223.08,3223.67,ETH
2026-01-06 06:28:02+00:00,2026-01-06 06:32:24.214781+00:00,782.0,3223.422,3223.08,3223.61,ETH
2026-01-06 06:28:03+00:00,2026-01-06 06:32:25.208112+00:00,783.0,3223.232,3223.13,3223.62,ETH
2026-01-06 06:28:04+00:00,2026-01-06 06:32:26.203372+00:00,784.0,3223.232,3223.04,3223.44,ETH
2026-01-06 06:28:05+00:00,2026-01-06 06:32:27.219785+00:00,785.0,3223.232,3222.96,3223.41,ETH
2026-01-06 06:28:06+00:00,2026-01-06 06:32:28.220819+00:00,786.0,3223.232,3222.96,3223.41,ETH
2026-01-06 06:28:07+00:00,2026-01-06 06:32:29.225752+00:00,787.0,3223.232,3222.96,3223.4,ETH
2026-01-06 06:28:08+00:00,2026-01-06 06:32:30.227803+00:00,788.0,3223.352,3222.96,3223.5,ETH
2026-01-06 06:28:09+00:00,2026-01-06 06:32:31.237577+00:00,789.0,3223.462,3223.16,3223.52,ETH
2026-01-06 06:28:10+00:00,2026-01-06 06:32:32.239736+00:00,790.0,3223.462,3223.16,3223.52,ETH
2026-01-06 06:28:11+00:00,2026-01-06 06:32:33.240412+00:00,791.0,3223.462,3223.16,3223.68,ETH
2026-01-06 06:28:12+00:00,2026-01-06 06:32:34.234327+00:00,792.0,3223.482,3223.19,3223.69,ETH
2026-01-06 06:28:13+00:00,2026-01-06 06:32:35.239601+00:00,793.0,3223.482,3223.19,3223.7,ETH
2026-01-06 06:28:14+00:00,2026-01-06 06:32:36.254820+00:00,794.0,3223.482,3223.19,3223.7,ETH
2026-01-06 06:28:15+00:00,2026-01-06 06:32:37.253985+00:00,795.0,3223.482,3223.19,3223.71,ETH
2026-01-06 06:28:16+00:00,2026-01-06 06:32:38.250310+00:00,796.0,3223.482,3223.19,3223.71,ETH
2026-01-06 06:28:17+00:00,2026-01-06 06:32:39.250578+00:00,797.0,3223.492,3223.2,3223.73,ETH
2026-01-06 06:28:18+00:00,2026-01-06 06:32:40.260559+00:00,798.0,3223.502,3223.22,3223.8,ETH
2026-01-06 06:28:19+00:00,2026-01-06 06:32:41.269005+00:00,799.0,3223.502,3223.22,3223.8,ETH
2026-01-06 06:28:20+00:00,2026-01-06 06:32:42.277345+00:00,800.0,3223.882,3223.57,3224.08,ETH
2026-01-06 06:28:21+00:00,2026-01-06 06:32:43.273807+00:00,801.0,3223.862,3223.56,3224.05,ETH
2026-01-06 06:28:22+00:00,2026-01-06 06:32:44.295961+00:00,802.0,3223.882,3223.56,3224.11,ETH
2026-01-06 06:28:23+00:00,2026-01-06 06:32:45.354431+00:00,803.0,3223.902,3223.6,3224.07,ETH
2026-01-06 06:28:24+00:00,2026-01-06 06:32:46.350197+00:00,804.0,3223.892,3223.59,3224.06,ETH
2026-01-06 06:28:25+00:00,2026-01-06 06:32:47.347836+00:00,805.0,3223.892,3223.59,3224.04,ETH
2026-01-06 06:28:26+00:00,2026-01-06 06:32:48.346036+00:00,806.0,3223.892,3223.59,3224.04,ETH
2026-01-06 06:28:27+00:00,2026-01-06 06:32:49.367153+00:00,807.0,3223.892,3223.59,3224.04,ETH
2026-01-06 06:28:28+00:00,2026-01-06 06:32:50.348634+00:00,808.0,3223.882,3223.56,3224.01,ETH
2026-01-06 06:28:29+00:00,2026-01-06 06:32:51.364097+00:00,809.0,3223.672,3223.55,3223.98,ETH
2026-01-06 06:28:30+00:00,2026-01-06 06:32:52.337242+00:00,810.0,3223.752,3223.49,3223.83,ETH
2026-01-06 06:28:31+00:00,2026-01-06 06:32:53.333678+00:00,811.0,3223.752,3223.49,3223.87,ETH
2026-01-06 06:28:32+00:00,2026-01-06 06:32:54.358735+00:00,812.0,3223.752,3223.49,3223.89,ETH
2026-01-06 06:28:33+00:00,2026-01-06 06:32:55.373471+00:00,813.0,3223.762,3223.49,3223.81,ETH
2026-01-06 06:28:34+00:00,2026-01-06 06:32:56.395770+00:00,814.0,3223.772,3223.5,3223.84,ETH
2026-01-06 06:28:35+00:00,2026-01-06 06:32:57.386514+00:00,815.0,3223.772,3223.5,3223.82,ETH
2026-01-06 06:28:36+00:00,2026-01-06 06:32:58.408206+00:00,816.0,3223.822,3223.57,3223.93,ETH
2026-01-06 06:28:37+00:00,2026-01-06 06:32:59.408171+00:00,817.0,3223.742,3223.59,3223.99,ETH
2026-01-06 06:28:38+00:00,2026-01-06 06:33:00.419787+00:00,818.0,3223.752,3223.59,3223.99,ETH
2026-01-06 06:28:39+00:00,2026-01-06 06:33:01.424652+00:00,819.0,3223.892,3223.59,3224.13,ETH
2026-01-06 06:28:40+00:00,2026-01-06 06:33:02.434969+00:00,820.0,3223.902,3223.59,3224.13,ETH
2026-01-06 06:28:41+00:00,2026-01-06 06:33:03.445315+00:00,821.0,3223.892,3223.59,3224.11,ETH
2026-01-06 06:28:42+00:00,2026-01-06 06:33:04.442194+00:00,822.0,3223.892,3223.59,3224.1,ETH
2026-01-06 06:28:43+00:00,2026-01-06 06:33:05.443698+00:00,823.0,3223.892,3223.58,3223.99,ETH
2026-01-06 06:28:44+00:00,2026-01-06 06:33:06.442629+00:00,824.0,3223.892,3223.58,3224.02,ETH
2026-01-06 06:28:45+00:00,2026-01-06 06:33:07.463836+00:00,825.0,3223.892,3223.59,3224.07,ETH
2026-01-06 06:28:46+00:00,2026-01-06 06:33:09.472267+00:00,826.0,3223.902,3223.59,3224.07,ETH
2026-01-06 06:28:47+00:00,2026-01-06 06:33:10.473019+00:00,827.0,3223.902,3223.59,3224.07,ETH
2026-01-06 06:28:48+00:00,2026-01-06 06:33:11.489702+00:00,828.0,3223.902,3223.6,3224.06,ETH
2026-01-06 06:28:49+00:00,2026-01-06 06:33:12.488803+00:00,829.0,3223.902,3223.6,3224.06,ETH
2026-01-06 06:28:50+00:00,2026-01-06 06:33:13.521243+00:00,830.0,3223.902,3223.6,3224.07,ETH
2026-01-06 06:28:51+00:00,2026-01-06 06:33:14.522762+00:00,831.0,3223.912,3223.61,3224.06,ETH
2026-01-06 06:28:52+00:00,2026-01-06 06:33:15.520597+00:00,832.0,3223.912,3223.62,3224.05,ETH
2026-01-06 06:28:53+00:00,2026-01-06 06:33:16.520274+00:00,833.0,3223.912,3223.61,3224.05,ETH
2026-01-06 06:28:54+00:00,2026-01-06 06:33:17.520232+00:00,834.0,3223.912,3223.61,3224.07,ETH
2026-01-06 06:28:55+00:00,2026-01-06 06:33:18.524168+00:00,835.0,3223.912,3223.61,3224.1,ETH
2026-01-06 06:28:56+00:00,2026-01-06 06:33:19.521240+00:00,836.0,3223.912,3223.61,3224.12,ETH
2026-01-06 06:28:57+00:00,2026-01-06 06:33:20.527003+00:00,837.0,3223.912,3223.61,3224.11,ETH
2026-01-06 06:28:58+00:00,2026-01-06 06:33:21.524098+00:00,838.0,3223.912,3223.61,3224.12,ETH
2026-01-06 06:28:59+00:00,2026-01-06 06:33:22.531293+00:00,839.0,3223.902,3223.6,3224.13,ETH
2026-01-06 06:29:00+00:00,2026-01-06 06:33:23.543870+00:00,840.0,3223.892,3223.59,3224.14,ETH
2026-01-06 06:29:01+00:00,2026-01-06 06:33:24.544940+00:00,841.0,3223.962,3223.75,3224.24,ETH
2026-01-06 06:29:02+00:00,2026-01-06 06:33:25.553773+00:00,842.0,3224.332,3224.11,3224.59,ETH
2026-01-06 06:29:03+00:00,2026-01-06 06:33:26.559224+00:00,843.0,3224.632,3224.31,3224.85,ETH
2026-01-06 06:29:04+00:00,2026-01-06 06:33:27.565774+00:00,844.0,3224.642,3224.32,3224.82,ETH
2026-01-06 06:29:05+00:00,2026-01-06 06:33:28.555564+00:00,845.0,3224.632,3224.31,3224.78,ETH
2026-01-06 06:29:06+00:00,2026-01-06 06:33:29.556061+00:00,846.0,3224.462,3224.28,3224.57,ETH
2026-01-06 06:29:07+00:00,2026-01-06 06:33:30.586948+00:00,847.0,3224.242,3224.05,3224.36,ETH
2026-01-06 06:29:08+00:00,2026-01-06 06:33:31.590072+00:00,848.0,3224.172,3223.86,3224.33,ETH
2026-01-06 06:29:09+00:00,2026-01-06 06:33:32.582965+00:00,849.0,3224.172,3223.86,3224.38,ETH
2026-01-06 06:29:10+00:00,2026-01-06 06:33:33.578866+00:00,850.0,3224.312,3224.01,3224.55,ETH
2026-01-06 06:29:11+00:00,2026-01-06 06:33:34.586246+00:00,851.0,3224.392,3224.16,3224.63,ETH
2026-01-06 06:29:12+00:00,2026-01-06 06:33:35.591937+00:00,852.0,3224.302,3224.17,3224.63,ETH
2026-01-06 06:29:13+00:00,2026-01-06 06:33:36.621711+00:00,853.0,3224.272,3224.17,3224.63,ETH
2026-01-06 06:29:14+00:00,2026-01-06 06:33:37.654263+00:00,854.0,3224.382,3224.17,3224.65,ETH
2026-01-06 06:29:15+00:00,2026-01-06 06:33:38.668797+00:00,855.0,3224.592,3224.28,3224.76,ETH
2026-01-06 06:29:16+00:00,2026-01-06 06:33:39.671593+00:00,856.0,3224.682,3224.41,3224.85,ETH
2026-01-06 06:29:17+00:00,2026-01-06 06:33:40.686283+00:00,857.0,3224.692,3224.41,3224.84,ETH
2026-01-06 06:29:18+00:00,2026-01-06 06:33:41.687809+00:00,858.0,3224.642,3224.42,3224.85,ETH
2026-01-06 06:29:19+00:00,2026-01-06 06:33:42.737651+00:00,859.0,3224.862,3224.65,3225.04,ETH
2026-01-06 06:29:20+00:00,2026-01-06 06:33:43.736886+00:00,860.0,3225.142,3224.89,3225.22,ETH
2026-01-06 06:29:21+00:00,2026-01-06 06:33:44.735109+00:00,861.0,3225.132,3224.88,3225.21,ETH
2026-01-06 06:29:22+00:00,2026-01-06 06:33:45.738777+00:00,862.0,3225.112,3224.88,3225.22,ETH
2026-01-06 06:29:23+00:00,2026-01-06 06:33:46.737811+00:00,863.0,3225.152,3224.9,3225.23,ETH
2026-01-06 06:29:24+00:00,2026-01-06 06:33:47.735283+00:00,864.0,3225.192,3224.87,3225.24,ETH
2026-01-06 06:29:25+00:00,2026-01-06 06:33:48.737615+00:00,865.0,3225.192,3224.88,3225.24,ETH
2026-01-06 06:29:26+00:00,2026-01-06 06:33:49.751933+00:00,866.0,3225.202,3224.94,3225.25,ETH
2026-01-06 06:29:27+00:00,2026-01-06 06:33:50.755541+00:00,867.0,3225.162,3224.95,3225.23,ETH
2026-01-06 06:29:28+00:00,2026-01-06 06:33:51.774369+00:00,868.0,3225.142,3224.96,3225.23,ETH
2026-01-06 06:29:29+00:00,2026-01-06 06:33:52.751862+00:00,869.0,3225.152,3224.96,3225.3,ETH
2026-01-06 06:29:30+00:00,2026-01-06 06:33:53.754250+00:00,870.0,3225.172,3224.95,3225.38,ETH
2026-01-06 06:29:31+00:00,2026-01-06 06:33:54.759666+00:00,871.0,3225.242,3224.97,3225.38,ETH
2026-01-06 06:29:32+00:00,2026-01-06 06:33:55.768883+00:00,872.0,3225.282,3225.0,3225.38,ETH
2026-01-06 06:29:33+00:00,2026-01-06 06:33:56.770377+00:00,873.0,3225.292,3225.01,3225.39,ETH
2026-01-06 06:29:34+00:00,2026-01-06 06:33:57.762997+00:00,874.0,3225.342,3225.04,3225.48,ETH
2026-01-06 06:29:35+00:00,2026-01-06 06:33:58.765962+00:00,875.0,3225.342,3225.05,3225.54,ETH
2026-01-06 06:29:36+00:00,2026-01-06 06:33:59.764966+00:00,876.0,3225.332,3225.04,3225.53,ETH
2026-01-06 06:29:37+00:00,2026-01-06 06:34:00.805645+00:00,877.0,3225.342,3225.03,3225.58,ETH
2026-01-06 06:29:38+00:00,2026-01-06 06:34:01.828712+00:00,878.0,3225.342,3225.03,3225.53,ETH
2026-01-06 06:29:39+00:00,2026-01-06 06:34:02.831893+00:00,879.0,3225.332,3225.02,3225.49,ETH
2026-01-06 06:29:40+00:00,2026-01-06 06:34:03.841461+00:00,880.0,3225.332,3225.02,3225.52,ETH
2026-01-06 06:29:41+00:00,2026-01-06 06:34:04.841557+00:00,881.0,3225.332,3225.02,3225.52,ETH
2026-01-06 06:29:42+00:00,2026-01-06 06:34:05.852401+00:00,882.0,3225.332,3225.03,3225.57,ETH
2026-01-06 06:29:43+00:00,2026-01-06 06:34:06.855194+00:00,883.0,3225.442,3225.19,3225.71,ETH
2026-01-06 06:29:44+00:00,2026-01-06 06:34:07.872223+00:00,884.0,3225.602,3225.37,3225.79,ETH
2026-01-06 06:29:45+00:00,2026-01-06 06:34:08.892951+00:00,885.0,3225.652,3225.4,3225.81,ETH
2026-01-06 06:29:46+00:00,2026-01-06 06:34:09.902109+00:00,886.0,3225.692,3225.44,3225.84,ETH
2026-01-06 06:29:47+00:00,2026-01-06 06:34:10.905253+00:00,887.0,3225.772,3225.48,3225.88,ETH
2026-01-06 06:29:48+00:00,2026-01-06 06:34:11.920486+00:00,888.0,3225.792,3225.48,3225.88,ETH
2026-01-06 06:29:49+00:00,2026-01-06 06:34:12.936704+00:00,889.0,3225.782,3225.48,3225.88,ETH
2026-01-06 06:29:50+00:00,2026-01-06 06:34:13.952877+00:00,890.0,3225.762,3225.48,3225.87,ETH
2026-01-06 06:29:51+00:00,2026-01-06 06:34:14.954391+00:00,891.0,3225.792,3225.47,3225.87,ETH
2026-01-06 06:29:52+00:00,2026-01-06 06:34:15.951931+00:00,892.0,3225.822,3225.47,3225.87,ETH
2026-01-06 06:29:53+00:00,2026-01-06 06:34:16.970427+00:00,893.0,3225.822,3225.47,3225.89,ETH
2026-01-06 06:29:54+00:00,2026-01-06 06:34:17.967020+00:00,894.0,3226.192,3225.92,3226.33,ETH
2026-01-06 06:29:55+00:00,2026-01-06 06:34:18.983881+00:00,895.0,3226.572,3226.38,3226.79,ETH
2026-01-06 06:29:56+00:00,2026-01-06 06:34:19.986458+00:00,896.0,3226.572,3226.39,3226.8,ETH
2026-01-06 06:29:57+00:00,2026-01-06 06:34:20.985905+00:00,897.0,3226.572,3226.4,3226.76,ETH
2026-01-06 06:29:58+00:00,2026-01-06 06:34:21.990096+00:00,898.0,3226.572,3226.4,3226.75,ETH
2026-01-06 06:29:59+00:00,2026-01-06 06:34:22.988373+00:00,899.0,3226.572,3226.4,3226.79,ETH
