timestamp,collected_at,seconds,up_mid,up_best_bid,up_best_ask,down_mid,down_best_bid,down_best_ask,up_best_bid_size,up_best_ask_size,down_best_bid_size,down_best_ask_size
2026-01-06 06:15:00.924000+00:00,2026-01-06 06:15:01.052035+00:00,0.924,0.5,0.48,0.52,0.5,0.48,0.52,,,,
2026-01-06 06:15:01.959000+00:00,2026-01-06 06:15:02.070650+00:00,1.959,0.545,0.54,0.55,0.455,0.45,0.46,,,,
2026-01-06 06:15:02.977000+00:00,2026-01-06 06:15:03.088808+00:00,2.977,0.525,0.51,0.54,0.485,0.48,0.49,,,,
2026-01-06 06:15:03.942000+00:00,2026-01-06 06:15:04.087198+00:00,3.942,0.475,0.47,0.48,0.525,0.52,0.53,,,,
2026-01-06 06:15:04.988000+00:00,2026-01-06 06:15:05.101131+00:00,4.988,0.475,0.47,0.48,0.535,0.53,0.54,,,,
2026-01-06 06:15:05.986000+00:00,2026-01-06 06:15:06.106928+00:00,5.986,0.4,0.39,0.41,0.605,0.6,0.61,,,,
2026-01-06 06:15:06.887000+00:00,2026-01-06 06:15:07.119162+00:00,6.887,0.415,0.41,0.42,0.585,0.58,0.59,,,,
2026-01-06 06:15:08.980000+00:00,2026-01-06 06:15:09.148994+00:00,8.98,0.435,0.43,0.44,0.56,0.55,0.57,,,,
2026-01-06 06:15:10.971000+00:00,2026-01-06 06:15:11.182325+00:00,10.971,0.435,0.43,0.44,0.565,0.56,0.57,,,,
2026-01-06 06:15:12.765000+00:00,2026-01-06 06:15:13.184302+00:00,12.765,0.435,0.43,0.44,0.565,0.56,0.57,,,,
2026-01-06 06:15:13.824000+00:00,2026-01-06 06:15:14.183983+00:00,13.824,0.435,0.43,0.44,0.565,0.56,0.57,,,,
2026-01-06 06:15:15.903000+00:00,2026-01-06 06:15:16.193380+00:00,15.903,0.425,0.42,0.43,0.575,0.57,0.58,,,,
2026-01-06 06:15:17.085000+00:00,2026-01-06 06:15:17.213758+00:00,17.085,0.425,0.42,0.43,0.575,0.57,0.58,,,,
2026-01-06 06:15:18.050000+00:00,2026-01-06 06:15:18.220529+00:00,18.05,0.43,0.42,0.44,0.5700000000000001,0.56,0.58,,,,
2026-01-06 06:15:19.026000+00:00,2026-01-06 06:15:19.217692+00:00,19.026,0.445,0.44,0.45,0.555,0.55,0.56,,,,
2026-01-06 06:15:20.978000+00:00,2026-01-06 06:15:21.228960+00:00,20.978,0.435,0.43,0.44,0.565,0.56,0.57,,,,
2026-01-06 06:15:22.078000+00:00,2026-01-06 06:15:22.228071+00:00,22.078,0.435,0.43,0.44,0.565,0.56,0.57,,,,
2026-01-06 06:15:23.097000+00:00,2026-01-06 06:15:23.222306+00:00,23.097,0.405,0.4,0.41,0.61,0.6,0.62,,,,
2026-01-06 06:15:24.116000+00:00,2026-01-06 06:15:24.225718+00:00,24.116,0.385,0.38,0.39,0.62,0.61,0.63,,,,
2026-01-06 06:15:25.124000+00:00,2026-01-06 06:15:25.244018+00:00,25.124,0.375,0.37,0.38,0.625,0.62,0.63,,,,
2026-01-06 06:15:26.996000+00:00,2026-01-06 06:15:27.252373+00:00,26.996,0.375,0.37,0.38,0.625,0.62,0.63,,,,
2026-01-06 06:15:28.150000+00:00,2026-01-06 06:15:28.268128+00:00,28.15,0.375,0.37,0.38,0.625,0.62,0.63,,,,
2026-01-06 06:15:29.101000+00:00,2026-01-06 06:15:29.269492+00:00,29.101,0.365,0.36,0.37,0.635,0.63,0.64,,,,
2026-01-06 06:15:30.145000+00:00,2026-01-06 06:15:30.277248+00:00,30.145,0.365,0.36,0.37,0.635,0.63,0.64,,,,
2026-01-06 06:15:31.132000+00:00,2026-01-06 06:15:31.277930+00:00,31.132,0.375,0.37,0.38,0.625,0.62,0.63,,,,
2026-01-06 06:15:32.127000+00:00,2026-01-06 06:15:32.292364+00:00,32.127,0.375,0.37,0.38,0.625,0.62,0.63,,,,
2026-01-06 06:15:33.159000+00:00,2026-01-06 06:15:33.307166+00:00,33.159,0.375,0.37,0.38,0.625,0.62,0.63,,,,
2026-01-06 06:15:34.221000+00:00,2026-01-06 06:15:34.310130+00:00,34.221,0.375,0.37,0.38,0.625,0.62,0.63,,,,
2026-01-06 06:15:35.197000+00:00,2026-01-06 06:15:35.322624+00:00,35.197,0.385,0.38,0.39,0.615,0.61,0.62,,,,
2026-01-06 06:15:36.193000+00:00,2026-01-06 06:15:36.317085+00:00,36.193,0.405,0.4,0.41,0.6,0.59,0.61,,,,
2026-01-06 06:15:37.873000+00:00,2026-01-06 06:15:38.344294+00:00,37.873,0.4,0.39,0.41,0.6,0.59,0.61,,,,
2026-01-06 06:15:39.206000+00:00,2026-01-06 06:15:39.368594+00:00,39.206,0.41,0.4,0.42,0.59,0.58,0.6,,,,
2026-01-06 06:15:40.337000+00:00,2026-01-06 06:15:40.367386+00:00,40.337,0.435,0.43,0.44,0.565,0.56,0.57,,,,
2026-01-06 06:15:41.229000+00:00,2026-01-06 06:15:41.383964+00:00,41.229,0.44,0.43,0.45,0.56,0.55,0.57,,,,
2026-01-06 06:15:42.276000+00:00,2026-01-06 06:15:42.400288+00:00,42.276,0.44,0.43,0.45,0.56,0.55,0.57,,,,
2026-01-06 06:15:43.109000+00:00,2026-01-06 06:15:43.400746+00:00,43.109,0.43,0.42,0.44,0.5700000000000001,0.56,0.58,,,,
2026-01-06 06:15:44.256000+00:00,2026-01-06 06:15:44.406932+00:00,44.256,0.43,0.42,0.44,0.5700000000000001,0.56,0.58,,,,
2026-01-06 06:15:45.382000+00:00,2026-01-06 06:15:45.413305+00:00,45.382,0.435,0.43,0.44,0.565,0.56,0.57,,,,
2026-01-06 06:15:46.311000+00:00,2026-01-06 06:15:46.417165+00:00,46.311,0.435,0.43,0.44,0.565,0.56,0.57,,,,
2026-01-06 06:15:47.215000+00:00,2026-01-06 06:15:47.434749+00:00,47.215,0.435,0.43,0.44,0.565,0.56,0.57,,,,
2026-01-06 06:15:48.317000+00:00,2026-01-06 06:15:48.428158+00:00,48.317,0.435,0.43,0.44,0.565,0.56,0.57,,,,
2026-01-06 06:15:49.269000+00:00,2026-01-06 06:15:49.424457+00:00,49.269,0.435,0.43,0.44,0.565,0.56,0.57,,,,
2026-01-06 06:15:50.283000+00:00,2026-01-06 06:15:50.424353+00:00,50.283,0.435,0.43,0.44,0.575,0.57,0.58,,,,
2026-01-06 06:15:51.286000+00:00,2026-01-06 06:15:51.433516+00:00,51.286,0.425,0.42,0.43,0.575,0.57,0.58,,,,
2026-01-06 06:15:52.291000+00:00,2026-01-06 06:15:52.432937+00:00,52.291,0.405,0.4,0.41,0.595,0.59,0.6,,,,
2026-01-06 06:15:53.196000+00:00,2026-01-06 06:15:53.437013+00:00,53.196,0.405,0.4,0.41,0.595,0.59,0.6,,,,
2026-01-06 06:15:54.338000+00:00,2026-01-06 06:15:54.437201+00:00,54.338,0.405,0.4,0.41,0.595,0.59,0.6,,,,
2026-01-06 06:15:55.258000+00:00,2026-01-06 06:15:55.436300+00:00,55.258,0.405,0.4,0.41,0.595,0.59,0.6,,,,
2026-01-06 06:15:56.320000+00:00,2026-01-06 06:15:56.441070+00:00,56.32,0.41,0.4,0.42,0.59,0.58,0.6,,,,
2026-01-06 06:15:57.334000+00:00,2026-01-06 06:15:57.439618+00:00,57.334,0.41,0.4,0.42,0.595,0.59,0.6,,,,
2026-01-06 06:15:58.354000+00:00,2026-01-06 06:15:58.465519+00:00,58.354,0.425,0.42,0.43,0.575,0.57,0.58,,,,
2026-01-06 06:15:59.367000+00:00,2026-01-06 06:15:59.472349+00:00,59.367,0.425,0.42,0.43,0.575,0.57,0.58,,,,
2026-01-06 06:16:00.351000+00:00,2026-01-06 06:16:00.475462+00:00,60.351,0.425,0.42,0.43,0.575,0.57,0.58,,,,
2026-01-06 06:16:01.371000+00:00,2026-01-06 06:16:01.485801+00:00,61.371,0.43,0.42,0.44,0.5700000000000001,0.56,0.58,,,,
2026-01-06 06:16:02.387000+00:00,2026-01-06 06:16:02.486053+00:00,62.387,0.425,0.42,0.43,0.575,0.57,0.58,,,,
2026-01-06 06:16:03.337000+00:00,2026-01-06 06:16:03.503231+00:00,63.337,0.405,0.4,0.41,0.595,0.59,0.6,,,,
2026-01-06 06:16:04.311000+00:00,2026-01-06 06:16:04.522215+00:00,64.311,0.425,0.41,0.44,0.575,0.56,0.59,,,,
2026-01-06 06:16:05.400000+00:00,2026-01-06 06:16:05.539885+00:00,65.4,0.43,0.42,0.44,0.5700000000000001,0.56,0.58,,,,
2026-01-06 06:16:06.370000+00:00,2026-01-06 06:16:06.537812+00:00,66.37,0.43,0.42,0.44,0.5700000000000001,0.56,0.58,,,,
2026-01-06 06:16:07.442000+00:00,2026-01-06 06:16:07.556744+00:00,67.442,0.43,0.42,0.44,0.575,0.57,0.58,,,,
2026-01-06 06:16:08.348000+00:00,2026-01-06 06:16:08.572440+00:00,68.348,0.425,0.42,0.43,0.58,0.57,0.59,,,,
2026-01-06 06:16:09.471000+00:00,2026-01-06 06:16:09.584399+00:00,69.471,0.435,0.43,0.44,0.565,0.56,0.57,,,,
2026-01-06 06:16:10.455000+00:00,2026-01-06 06:16:10.584113+00:00,70.455,0.485,0.48,0.49,0.515,0.51,0.52,,,,
2026-01-06 06:16:11.492000+00:00,2026-01-06 06:16:11.599391+00:00,71.492,0.4649999999999999,0.46,0.47,0.535,0.53,0.54,,,,
2026-01-06 06:16:12.457000+00:00,2026-01-06 06:16:12.599752+00:00,72.457,0.4599999999999999,0.45,0.47,0.54,0.53,0.55,,,,
2026-01-06 06:16:13.442000+00:00,2026-01-06 06:16:13.600577+00:00,73.442,0.4599999999999999,0.45,0.47,0.54,0.53,0.55,,,,
2026-01-06 06:16:14.482000+00:00,2026-01-06 06:16:14.614962+00:00,74.482,0.445,0.44,0.45,0.555,0.55,0.56,,,,
2026-01-06 06:16:15.523000+00:00,2026-01-06 06:16:15.632128+00:00,75.523,0.45,0.44,0.46,0.55,0.54,0.56,,,,
2026-01-06 06:16:16.521000+00:00,2026-01-06 06:16:16.648669+00:00,76.521,0.435,0.43,0.44,0.55,0.54,0.56,,,,
2026-01-06 06:16:17.552000+00:00,2026-01-06 06:16:17.665149+00:00,77.552,0.45,0.44,0.46,0.55,0.54,0.56,,,,
2026-01-06 06:16:18.490000+00:00,2026-01-06 06:16:18.664675+00:00,78.49,0.445,0.44,0.45,0.555,0.55,0.56,,,,
2026-01-06 06:16:19.518000+00:00,2026-01-06 06:16:19.681081+00:00,79.518,0.445,0.44,0.45,0.555,0.55,0.56,,,,
2026-01-06 06:16:20.576000+00:00,2026-01-06 06:16:20.698037+00:00,80.576,0.445,0.44,0.45,0.555,0.55,0.56,,,,
2026-01-06 06:16:21.510000+00:00,2026-01-06 06:16:21.698931+00:00,81.51,0.445,0.44,0.45,0.555,0.55,0.56,,,,
2026-01-06 06:16:22.577000+00:00,2026-01-06 06:16:22.698513+00:00,82.577,0.45,0.44,0.46,0.55,0.54,0.56,,,,
2026-01-06 06:16:23.600000+00:00,2026-01-06 06:16:23.711846+00:00,83.6,0.455,0.45,0.46,0.545,0.54,0.55,,,,
2026-01-06 06:16:24.591000+00:00,2026-01-06 06:16:24.715281+00:00,84.591,0.445,0.44,0.45,0.555,0.55,0.56,,,,
2026-01-06 06:16:25.600000+00:00,2026-01-06 06:16:25.730408+00:00,85.6,0.455,0.45,0.46,0.545,0.54,0.55,,,,
2026-01-06 06:16:26.562000+00:00,2026-01-06 06:16:26.733187+00:00,86.562,0.455,0.45,0.46,0.545,0.54,0.55,,,,
2026-01-06 06:16:27.559000+00:00,2026-01-06 06:16:27.749418+00:00,87.559,0.455,0.45,0.46,0.545,0.54,0.55,,,,
2026-01-06 06:16:28.551000+00:00,2026-01-06 06:16:28.749636+00:00,88.551,0.455,0.45,0.46,0.545,0.54,0.55,,,,
2026-01-06 06:16:29.612000+00:00,2026-01-06 06:16:29.748147+00:00,89.612,0.455,0.45,0.46,0.545,0.54,0.55,,,,
2026-01-06 06:16:30.661000+00:00,2026-01-06 06:16:30.766282+00:00,90.661,0.425,0.42,0.43,0.595,0.59,0.6,,,,
2026-01-06 06:16:31.654000+00:00,2026-01-06 06:16:31.781602+00:00,91.654,0.385,0.38,0.39,0.615,0.61,0.62,,,,
2026-01-06 06:16:32.489000+00:00,2026-01-06 06:16:32.802779+00:00,92.489,0.385,0.38,0.39,0.615,0.61,0.62,,,,
2026-01-06 06:16:33.637000+00:00,2026-01-06 06:16:33.806640+00:00,93.637,0.385,0.38,0.39,0.615,0.61,0.62,,,,
2026-01-06 06:16:34.663000+00:00,2026-01-06 06:16:34.812386+00:00,94.663,0.365,0.36,0.37,0.635,0.63,0.64,,,,
2026-01-06 06:16:35.710000+00:00,2026-01-06 06:16:35.824073+00:00,95.71,0.375,0.37,0.38,0.625,0.62,0.63,,,,
2026-01-06 06:16:36.667000+00:00,2026-01-06 06:16:36.817957+00:00,96.667,0.375,0.37,0.38,0.625,0.62,0.63,,,,
2026-01-06 06:16:37.696000+00:00,2026-01-06 06:16:37.821860+00:00,97.696,0.375,0.37,0.38,0.625,0.62,0.63,,,,
2026-01-06 06:16:38.711000+00:00,2026-01-06 06:16:38.832606+00:00,98.711,0.375,0.37,0.38,0.625,0.62,0.63,,,,
2026-01-06 06:16:39.684000+00:00,2026-01-06 06:16:39.847580+00:00,99.684,0.375,0.37,0.38,0.625,0.62,0.63,,,,
2026-01-06 06:16:40.735000+00:00,2026-01-06 06:16:40.855066+00:00,100.735,0.375,0.37,0.38,0.625,0.62,0.63,,,,
2026-01-06 06:16:41.724000+00:00,2026-01-06 06:16:41.855201+00:00,101.724,0.375,0.37,0.38,0.625,0.62,0.63,,,,
2026-01-06 06:16:42.640000+00:00,2026-01-06 06:16:42.857624+00:00,102.64,0.375,0.37,0.38,0.625,0.62,0.63,,,,
2026-01-06 06:16:43.707000+00:00,2026-01-06 06:16:43.865598+00:00,103.707,0.37,0.36,0.38,0.635,0.63,0.64,,,,
2026-01-06 06:16:44.755000+00:00,2026-01-06 06:16:44.864623+00:00,104.755,0.365,0.36,0.37,0.635,0.63,0.64,,,,
2026-01-06 06:16:45.686000+00:00,2026-01-06 06:16:45.865187+00:00,105.686,0.365,0.36,0.37,0.635,0.63,0.64,,,,
2026-01-06 06:16:46.752000+00:00,2026-01-06 06:16:46.864557+00:00,106.752,0.35,0.34,0.36,0.655,0.65,0.66,,,,
2026-01-06 06:16:47.701000+00:00,2026-01-06 06:16:47.868658+00:00,107.701,0.355,0.35,0.36,0.645,0.64,0.65,,,,
2026-01-06 06:16:48.749000+00:00,2026-01-06 06:16:48.874118+00:00,108.749,0.355,0.35,0.36,0.645,0.64,0.65,,,,
2026-01-06 06:16:49.764000+00:00,2026-01-06 06:16:49.881373+00:00,109.764,0.355,0.35,0.36,0.645,0.64,0.65,,,,
2026-01-06 06:16:50.761000+00:00,2026-01-06 06:16:50.880966+00:00,110.761,0.355,0.35,0.36,0.645,0.64,0.65,,,,
2026-01-06 06:16:51.751000+00:00,2026-01-06 06:16:51.887071+00:00,111.751,0.36,0.35,0.37,0.64,0.63,0.65,,,,
2026-01-06 06:16:52.525000+00:00,2026-01-06 06:16:52.904747+00:00,112.525,0.365,0.36,0.37,0.625,0.62,0.63,,,,
2026-01-06 06:16:53.785000+00:00,2026-01-06 06:16:53.914026+00:00,113.785,0.375,0.37,0.38,0.63,0.62,0.64,,,,
2026-01-06 06:16:54.812000+00:00,2026-01-06 06:16:54.921230+00:00,114.812,0.365,0.36,0.37,0.635,0.63,0.64,,,,
2026-01-06 06:16:55.773000+00:00,2026-01-06 06:16:55.930925+00:00,115.773,0.365,0.36,0.37,0.635,0.63,0.64,,,,
2026-01-06 06:16:56.599000+00:00,2026-01-06 06:16:56.930434+00:00,116.599,0.365,0.36,0.37,0.635,0.63,0.64,,,,
2026-01-06 06:16:57.802000+00:00,2026-01-06 06:16:57.923910+00:00,117.802,0.365,0.36,0.37,0.635,0.63,0.64,,,,
2026-01-06 06:16:58.808000+00:00,2026-01-06 06:16:58.947014+00:00,118.808,0.36,0.35,0.37,0.64,0.63,0.65,,,,
2026-01-06 06:16:59.826000+00:00,2026-01-06 06:16:59.947304+00:00,119.826,0.365,0.36,0.37,0.635,0.63,0.64,,,,
2026-01-06 06:17:00.756000+00:00,2026-01-06 06:17:00.941058+00:00,120.756,0.365,0.36,0.37,0.635,0.63,0.64,,,,
2026-01-06 06:17:01.808000+00:00,2026-01-06 06:17:01.936848+00:00,121.808,0.36,0.35,0.37,0.645,0.64,0.65,,,,
2026-01-06 06:17:02.812000+00:00,2026-01-06 06:17:02.946842+00:00,122.812,0.355,0.35,0.36,0.645,0.64,0.65,,,,
2026-01-06 06:17:03.811000+00:00,2026-01-06 06:17:03.952497+00:00,123.811,0.355,0.35,0.36,0.645,0.64,0.65,,,,
2026-01-06 06:17:04.857000+00:00,2026-01-06 06:17:04.972555+00:00,124.857,0.355,0.35,0.36,0.645,0.64,0.65,,,,
2026-01-06 06:17:05.861000+00:00,2026-01-06 06:17:05.985197+00:00,125.861,0.355,0.35,0.36,0.655,0.65,0.66,,,,
2026-01-06 06:17:06.895000+00:00,2026-01-06 06:17:06.998069+00:00,126.895,0.345,0.34,0.35,0.655,0.65,0.66,,,,
2026-01-06 06:17:07.792000+00:00,2026-01-06 06:17:07.996528+00:00,127.792,0.35,0.34,0.36,0.645,0.64,0.65,,,,
2026-01-06 06:17:08.836000+00:00,2026-01-06 06:17:08.996308+00:00,128.836,0.355,0.35,0.36,0.655,0.65,0.66,,,,
2026-01-06 06:17:09.500000+00:00,2026-01-06 06:17:09.997654+00:00,129.5,0.345,0.34,0.35,0.65,0.64,0.66,,,,
2026-01-06 06:17:10.856000+00:00,2026-01-06 06:17:11.017034+00:00,130.856,0.35,0.34,0.36,0.65,0.64,0.66,,,,
2026-01-06 06:17:11.739000+00:00,2026-01-06 06:17:12.013530+00:00,131.739,0.35,0.34,0.36,0.65,0.64,0.66,,,,
2026-01-06 06:17:12.842000+00:00,2026-01-06 06:17:13.017056+00:00,132.842,0.35,0.34,0.36,0.65,0.64,0.66,,,,
2026-01-06 06:17:13.914000+00:00,2026-01-06 06:17:14.024944+00:00,133.914,0.365,0.36,0.37,0.635,0.63,0.64,,,,
2026-01-06 06:17:14.913000+00:00,2026-01-06 06:17:15.030173+00:00,134.913,0.375,0.37,0.38,0.625,0.62,0.63,,,,
2026-01-06 06:17:15.837000+00:00,2026-01-06 06:17:16.036282+00:00,135.837,0.37,0.36,0.38,0.63,0.62,0.64,,,,
2026-01-06 06:17:16.882000+00:00,2026-01-06 06:17:17.050172+00:00,136.882,0.37,0.36,0.38,0.625,0.62,0.63,,,,
2026-01-06 06:17:17.944000+00:00,2026-01-06 06:17:18.058817+00:00,137.944,0.375,0.37,0.38,0.62,0.61,0.63,,,,
2026-01-06 06:17:18.953000+00:00,2026-01-06 06:17:19.063524+00:00,138.953,0.385,0.38,0.39,0.615,0.61,0.62,,,,
2026-01-06 06:17:19.935000+00:00,2026-01-06 06:17:20.072727+00:00,139.935,0.415,0.41,0.42,0.585,0.58,0.59,,,,
2026-01-06 06:17:20.876000+00:00,2026-01-06 06:17:21.066365+00:00,140.876,0.435,0.43,0.44,0.565,0.56,0.57,,,,
2026-01-06 06:17:21.947000+00:00,2026-01-06 06:17:22.081178+00:00,141.947,0.415,0.41,0.42,0.585,0.58,0.59,,,,
2026-01-06 06:17:22.974000+00:00,2026-01-06 06:17:23.081182+00:00,142.974,0.385,0.38,0.39,0.615,0.61,0.62,,,,
2026-01-06 06:17:23.974000+00:00,2026-01-06 06:17:24.080232+00:00,143.974,0.385,0.38,0.39,0.615,0.61,0.62,,,,
2026-01-06 06:17:24.962000+00:00,2026-01-06 06:17:25.094475+00:00,144.962,0.385,0.38,0.39,0.615,0.61,0.62,,,,
2026-01-06 06:17:25.965000+00:00,2026-01-06 06:17:26.083210+00:00,145.965,0.385,0.38,0.39,0.615,0.61,0.62,,,,
2026-01-06 06:17:26.782000+00:00,2026-01-06 06:17:27.096631+00:00,146.782,0.385,0.38,0.39,0.615,0.61,0.62,,,,
2026-01-06 06:17:28.005000+00:00,2026-01-06 06:17:28.113822+00:00,148.005,0.395,0.39,0.4,0.605,0.6,0.61,,,,
2026-01-06 06:17:29.992000+00:00,2026-01-06 06:17:30.147005+00:00,149.992,0.395,0.39,0.4,0.605,0.6,0.61,,,,
2026-01-06 06:17:30.886000+00:00,2026-01-06 06:17:31.161831+00:00,150.886,0.395,0.39,0.4,0.605,0.6,0.61,,,,
2026-01-06 06:17:32.043000+00:00,2026-01-06 06:17:32.156095+00:00,152.043,0.4,0.39,0.41,0.6,0.59,0.61,,,,
2026-01-06 06:17:33.953000+00:00,2026-01-06 06:17:34.158119+00:00,153.953,0.4,0.39,0.41,0.6,0.59,0.61,,,,
2026-01-06 06:17:35.988000+00:00,2026-01-06 06:17:36.163382+00:00,155.988,0.42,0.41,0.43,0.58,0.57,0.59,,,,
2026-01-06 06:17:37.036000+00:00,2026-01-06 06:17:37.161309+00:00,157.036,0.42,0.41,0.43,0.58,0.57,0.59,,,,
2026-01-06 06:17:38.069000+00:00,2026-01-06 06:17:38.179420+00:00,158.069,0.425,0.42,0.43,0.575,0.57,0.58,,,,
2026-01-06 06:17:39.056000+00:00,2026-01-06 06:17:39.183527+00:00,159.056,0.415,0.41,0.42,0.59,0.58,0.6,,,,
2026-01-06 06:17:40.080000+00:00,2026-01-06 06:17:40.195224+00:00,160.08,0.385,0.38,0.39,0.615,0.61,0.62,,,,
2026-01-06 06:17:41.974000+00:00,2026-01-06 06:17:42.208291+00:00,161.974,0.385,0.38,0.39,0.615,0.61,0.62,,,,
2026-01-06 06:17:42.978000+00:00,2026-01-06 06:17:43.229854+00:00,162.978,0.385,0.38,0.39,0.615,0.61,0.62,,,,
2026-01-06 06:17:44.049000+00:00,2026-01-06 06:17:44.236697+00:00,164.049,0.385,0.38,0.39,0.615,0.61,0.62,,,,
2026-01-06 06:17:45.126000+00:00,2026-01-06 06:17:45.244782+00:00,165.126,0.385,0.38,0.39,0.615,0.61,0.62,,,,
2026-01-06 06:17:46.021000+00:00,2026-01-06 06:17:46.244564+00:00,166.021,0.385,0.38,0.39,0.615,0.61,0.62,,,,
2026-01-06 06:17:47.927000+00:00,2026-01-06 06:17:48.277648+00:00,167.927,0.385,0.38,0.39,0.615,0.61,0.62,,,,
2026-01-06 06:17:49.093000+00:00,2026-01-06 06:17:49.277171+00:00,169.093,0.385,0.38,0.39,0.615,0.61,0.62,,,,
2026-01-06 06:17:50.140000+00:00,2026-01-06 06:17:50.277219+00:00,170.14,0.385,0.38,0.39,0.615,0.61,0.62,,,,
2026-01-06 06:17:51.175000+00:00,2026-01-06 06:17:51.288307+00:00,171.175,0.325,0.32,0.33,0.675,0.67,0.68,,,,
2026-01-06 06:17:52.183000+00:00,2026-01-06 06:17:52.295234+00:00,172.183,0.325,0.32,0.33,0.675,0.67,0.68,,,,
2026-01-06 06:17:53.202000+00:00,2026-01-06 06:17:53.305500+00:00,173.202,0.325,0.32,0.33,0.675,0.67,0.68,,,,
2026-01-06 06:17:54.209000+00:00,2026-01-06 06:17:54.311426+00:00,174.209,0.325,0.32,0.33,0.675,0.67,0.68,,,,
2026-01-06 06:17:55.213000+00:00,2026-01-06 06:17:55.328387+00:00,175.213,0.325,0.32,0.33,0.675,0.67,0.68,,,,
2026-01-06 06:17:56.162000+00:00,2026-01-06 06:17:56.327523+00:00,176.162,0.325,0.32,0.33,0.675,0.67,0.68,,,,
2026-01-06 06:17:57.183000+00:00,2026-01-06 06:17:57.345113+00:00,177.183,0.33,0.32,0.34,0.67,0.66,0.68,,,,
2026-01-06 06:17:58.210000+00:00,2026-01-06 06:17:58.345167+00:00,178.21,0.325,0.32,0.33,0.675,0.67,0.68,,,,
2026-01-06 06:17:59.229000+00:00,2026-01-06 06:17:59.361783+00:00,179.229,0.325,0.32,0.33,0.675,0.67,0.68,,,,
2026-01-06 06:18:00.267000+00:00,2026-01-06 06:18:00.378497+00:00,180.267,0.325,0.32,0.33,0.675,0.67,0.68,,,,
2026-01-06 06:18:01.275000+00:00,2026-01-06 06:18:01.378823+00:00,181.275,0.305,0.3,0.31,0.695,0.69,0.7,,,,
2026-01-06 06:18:02.274000+00:00,2026-01-06 06:18:02.388847+00:00,182.274,0.275,0.27,0.28,0.725,0.72,0.73,,,,
2026-01-06 06:18:03.261000+00:00,2026-01-06 06:18:03.386715+00:00,183.261,0.275,0.27,0.28,0.715,0.71,0.72,,,,
2026-01-06 06:18:04.277000+00:00,2026-01-06 06:18:04.403892+00:00,184.277,0.29,0.28,0.3,0.71,0.7,0.72,,,,
2026-01-06 06:18:05.296000+00:00,2026-01-06 06:18:05.408149+00:00,185.296,0.315,0.31,0.32,0.685,0.68,0.69,,,,
2026-01-06 06:18:06.220000+00:00,2026-01-06 06:18:06.401101+00:00,186.22,0.305,0.3,0.31,0.695,0.69,0.7,,,,
2026-01-06 06:18:07.293000+00:00,2026-01-06 06:18:07.411268+00:00,187.293,0.305,0.3,0.31,0.695,0.69,0.7,,,,
2026-01-06 06:18:08.294000+00:00,2026-01-06 06:18:08.411288+00:00,188.294,0.325,0.32,0.33,0.675,0.67,0.68,,,,
2026-01-06 06:18:09.330000+00:00,2026-01-06 06:18:09.427584+00:00,189.33,0.325,0.32,0.33,0.675,0.67,0.68,,,,
2026-01-06 06:18:10.298000+00:00,2026-01-06 06:18:10.436007+00:00,190.298,0.33,0.32,0.34,0.67,0.66,0.68,,,,
2026-01-06 06:18:11.287000+00:00,2026-01-06 06:18:11.444643+00:00,191.287,0.335,0.33,0.34,0.665,0.66,0.67,,,,
2026-01-06 06:18:12.309000+00:00,2026-01-06 06:18:12.445823+00:00,192.309,0.33,0.32,0.34,0.67,0.66,0.68,,,,
2026-01-06 06:18:13.334000+00:00,2026-01-06 06:18:13.462482+00:00,193.334,0.335,0.33,0.34,0.67,0.66,0.68,,,,
2026-01-06 06:18:14.291000+00:00,2026-01-06 06:18:14.478634+00:00,194.291,0.33,0.32,0.34,0.67,0.66,0.68,,,,
2026-01-06 06:18:15.250000+00:00,2026-01-06 06:18:15.499224+00:00,195.25,0.335,0.33,0.34,0.665,0.66,0.67,,,,
2026-01-06 06:18:16.381000+00:00,2026-01-06 06:18:16.495632+00:00,196.381,0.345,0.34,0.35,0.655,0.65,0.66,,,,
2026-01-06 06:18:17.395000+00:00,2026-01-06 06:18:17.501733+00:00,197.395,0.345,0.34,0.35,0.655,0.65,0.66,,,,
2026-01-06 06:18:18.381000+00:00,2026-01-06 06:18:18.505751+00:00,198.381,0.345,0.34,0.35,0.655,0.65,0.66,,,,
2026-01-06 06:18:19.317000+00:00,2026-01-06 06:18:19.499540+00:00,199.317,0.345,0.34,0.35,0.655,0.65,0.66,,,,
2026-01-06 06:18:20.381000+00:00,2026-01-06 06:18:20.510379+00:00,200.381,0.345,0.34,0.35,0.655,0.65,0.66,,,,
2026-01-06 06:18:21.403000+00:00,2026-01-06 06:18:21.510723+00:00,201.403,0.315,0.31,0.32,0.685,0.68,0.69,,,,
2026-01-06 06:18:22.361000+00:00,2026-01-06 06:18:22.510827+00:00,202.361,0.315,0.31,0.32,0.6799999999999999,0.67,0.69,,,,
2026-01-06 06:18:23.396000+00:00,2026-01-06 06:18:23.521166+00:00,203.396,0.325,0.32,0.33,0.675,0.67,0.68,,,,
2026-01-06 06:18:24.376000+00:00,2026-01-06 06:18:24.527407+00:00,204.376,0.33,0.32,0.34,0.67,0.66,0.68,,,,
2026-01-06 06:18:25.379000+00:00,2026-01-06 06:18:25.520986+00:00,205.379,0.33,0.32,0.34,0.67,0.66,0.68,,,,
2026-01-06 06:18:26.378000+00:00,2026-01-06 06:18:26.526754+00:00,206.378,0.33,0.32,0.34,0.67,0.66,0.68,,,,
2026-01-06 06:18:27.414000+00:00,2026-01-06 06:18:27.534259+00:00,207.414,0.33,0.32,0.34,0.665,0.66,0.67,,,,
2026-01-06 06:18:28.372000+00:00,2026-01-06 06:18:28.533822+00:00,208.372,0.33,0.32,0.34,0.675,0.67,0.68,,,,
2026-01-06 06:18:29.248000+00:00,2026-01-06 06:18:29.527421+00:00,209.248,0.33,0.32,0.34,0.67,0.66,0.68,,,,
2026-01-06 06:18:30.314000+00:00,2026-01-06 06:18:30.544776+00:00,210.314,0.325,0.32,0.33,0.675,0.67,0.68,,,,
2026-01-06 06:18:31.450000+00:00,2026-01-06 06:18:31.561066+00:00,211.45,0.325,0.32,0.33,0.675,0.67,0.68,,,,
2026-01-06 06:18:32.388000+00:00,2026-01-06 06:18:32.569110+00:00,212.388,0.325,0.32,0.33,0.675,0.67,0.68,,,,
2026-01-06 06:18:33.449000+00:00,2026-01-06 06:18:33.561130+00:00,213.449,0.325,0.32,0.33,0.675,0.67,0.68,,,,
2026-01-06 06:18:34.268000+00:00,2026-01-06 06:18:34.567749+00:00,214.268,0.325,0.32,0.33,0.675,0.67,0.68,,,,
2026-01-06 06:18:35.462000+00:00,2026-01-06 06:18:35.576500+00:00,215.462,0.325,0.32,0.33,0.675,0.67,0.68,,,,
2026-01-06 06:18:36.217000+00:00,2026-01-06 06:18:36.571072+00:00,216.217,0.325,0.32,0.33,0.675,0.67,0.68,,,,
2026-01-06 06:18:37.560000+00:00,2026-01-06 06:18:38.592487+00:00,217.56,0.315,0.31,0.32,0.685,0.68,0.69,,,,
2026-01-06 06:18:39.445000+00:00,2026-01-06 06:18:39.594154+00:00,219.445,0.315,0.31,0.32,0.6799999999999999,0.67,0.69,,,,
2026-01-06 06:18:40.447000+00:00,2026-01-06 06:18:40.613057+00:00,220.447,0.32,0.31,0.33,0.6799999999999999,0.67,0.69,,,,
2026-01-06 06:18:41.410000+00:00,2026-01-06 06:18:41.642188+00:00,221.41,0.32,0.31,0.33,0.6799999999999999,0.67,0.69,,,,
2026-01-06 06:18:42.529000+00:00,2026-01-06 06:18:42.660735+00:00,222.529,0.32,0.31,0.33,0.6799999999999999,0.67,0.69,,,,
2026-01-06 06:18:43.535000+00:00,2026-01-06 06:18:43.664328+00:00,223.535,0.32,0.31,0.33,0.6799999999999999,0.67,0.69,,,,
2026-01-06 06:18:44.558000+00:00,2026-01-06 06:18:44.676979+00:00,224.558,0.32,0.31,0.33,0.6799999999999999,0.67,0.69,,,,
2026-01-06 06:18:45.536000+00:00,2026-01-06 06:18:45.693781+00:00,225.536,0.32,0.31,0.33,0.6799999999999999,0.67,0.69,,,,
2026-01-06 06:18:46.383000+00:00,2026-01-06 06:18:46.694525+00:00,226.383,0.32,0.31,0.33,0.6799999999999999,0.67,0.69,,,,
2026-01-06 06:18:47.417000+00:00,2026-01-06 06:18:47.710575+00:00,227.417,0.32,0.31,0.33,0.6799999999999999,0.67,0.69,,,,
2026-01-06 06:18:48.091000+00:00,2026-01-06 06:18:48.709003+00:00,228.091,0.32,0.31,0.33,0.6799999999999999,0.67,0.69,,,,
2026-01-06 06:18:49.342000+00:00,2026-01-06 06:18:49.720511+00:00,229.342,0.315,0.31,0.32,0.685,0.68,0.69,,,,
2026-01-06 06:18:50.495000+00:00,2026-01-06 06:18:50.720406+00:00,230.495,0.315,0.31,0.32,0.685,0.68,0.69,,,,
2026-01-06 06:18:51.510000+00:00,2026-01-06 06:18:51.721975+00:00,231.51,0.315,0.31,0.32,0.685,0.68,0.69,,,,
2026-01-06 06:18:52.080000+00:00,2026-01-06 06:18:52.736816+00:00,232.08,0.315,0.31,0.32,0.685,0.68,0.69,,,,
2026-01-06 06:18:53.546000+00:00,2026-01-06 06:18:53.743490+00:00,233.546,0.315,0.31,0.32,0.685,0.68,0.69,,,,
2026-01-06 06:18:54.626000+00:00,2026-01-06 06:18:54.742609+00:00,234.626,0.315,0.31,0.32,0.685,0.68,0.69,,,,
2026-01-06 06:18:55.127000+00:00,2026-01-06 06:18:55.753807+00:00,235.127,0.315,0.31,0.32,0.685,0.68,0.69,,,,
2026-01-06 06:18:56.075000+00:00,2026-01-06 06:18:56.745238+00:00,236.075,0.315,0.31,0.32,0.685,0.68,0.69,,,,
2026-01-06 06:18:57.603000+00:00,2026-01-06 06:18:57.742876+00:00,237.603,0.315,0.31,0.32,0.685,0.68,0.69,,,,
2026-01-06 06:18:58.652000+00:00,2026-01-06 06:18:58.760748+00:00,238.652,0.33,0.32,0.34,0.67,0.66,0.68,,,,
2026-01-06 06:18:59.724000+00:00,2026-01-06 06:18:59.779804+00:00,239.724,0.325,0.32,0.33,0.675,0.67,0.68,,,,
2026-01-06 06:19:00.672000+00:00,2026-01-06 06:19:00.791851+00:00,240.672,0.315,0.31,0.32,0.685,0.68,0.69,,,,
2026-01-06 06:19:01.647000+00:00,2026-01-06 06:19:01.793492+00:00,241.647,0.305,0.3,0.31,0.695,0.69,0.7,,,,
2026-01-06 06:19:02.685000+00:00,2026-01-06 06:19:02.801711+00:00,242.685,0.25,0.24,0.26,0.745,0.74,0.75,,,,
2026-01-06 06:19:03.658000+00:00,2026-01-06 06:19:03.792694+00:00,243.658,0.245,0.24,0.25,0.755,0.75,0.76,,,,
2026-01-06 06:19:04.656000+00:00,2026-01-06 06:19:04.793531+00:00,244.656,0.225,0.22,0.23,0.775,0.77,0.78,,,,
2026-01-06 06:19:05.686000+00:00,2026-01-06 06:19:05.804588+00:00,245.686,0.235,0.23,0.24,0.765,0.76,0.77,,,,
2026-01-06 06:19:06.562000+00:00,2026-01-06 06:19:06.814459+00:00,246.562,0.2299999999999999,0.22,0.24,0.77,0.76,0.78,,,,
2026-01-06 06:19:07.712000+00:00,2026-01-06 06:19:07.831235+00:00,247.712,0.2299999999999999,0.22,0.24,0.77,0.76,0.78,,,,
2026-01-06 06:19:08.725000+00:00,2026-01-06 06:19:08.842639+00:00,248.725,0.235,0.23,0.24,0.765,0.76,0.77,,,,
2026-01-06 06:19:09.719000+00:00,2026-01-06 06:19:09.852411+00:00,249.719,0.235,0.23,0.24,0.765,0.76,0.77,,,,
2026-01-06 06:19:10.745000+00:00,2026-01-06 06:19:10.874565+00:00,250.745,0.235,0.23,0.24,0.765,0.76,0.77,,,,
2026-01-06 06:19:11.751000+00:00,2026-01-06 06:19:11.874915+00:00,251.751,0.235,0.23,0.24,0.765,0.76,0.77,,,,
2026-01-06 06:19:12.760000+00:00,2026-01-06 06:19:12.884653+00:00,252.76,0.235,0.23,0.24,0.765,0.76,0.77,,,,
2026-01-06 06:19:13.700000+00:00,2026-01-06 06:19:13.892010+00:00,253.7,0.235,0.23,0.24,0.775,0.77,0.78,,,,
2026-01-06 06:19:14.876000+00:00,2026-01-06 06:19:14.892970+00:00,254.876,0.18,0.17,0.19,0.825,0.82,0.83,,,,
2026-01-06 06:19:15.585000+00:00,2026-01-06 06:19:15.904726+00:00,255.585,0.18,0.17,0.19,0.8200000000000001,0.81,0.83,,,,
2026-01-06 06:19:16.791000+00:00,2026-01-06 06:19:16.916048+00:00,256.791,0.185,0.18,0.19,0.815,0.81,0.82,,,,
2026-01-06 06:19:17.727000+00:00,2026-01-06 06:19:17.915209+00:00,257.727,0.19,0.18,0.2,0.81,0.8,0.82,,,,
2026-01-06 06:19:18.589000+00:00,2026-01-06 06:19:18.925430+00:00,258.589,0.185,0.18,0.19,0.815,0.81,0.82,,,,
2026-01-06 06:19:19.782000+00:00,2026-01-06 06:19:19.933706+00:00,259.782,0.195,0.19,0.2,0.805,0.8,0.81,,,,
2026-01-06 06:19:20.775000+00:00,2026-01-06 06:19:20.941925+00:00,260.775,0.19,0.18,0.2,0.81,0.8,0.82,,,,
2026-01-06 06:19:21.739000+00:00,2026-01-06 06:19:21.953088+00:00,261.739,0.19,0.18,0.2,0.81,0.8,0.82,,,,
2026-01-06 06:19:22.438000+00:00,2026-01-06 06:19:22.957436+00:00,262.438,0.19,0.18,0.2,0.81,0.8,0.82,,,,
2026-01-06 06:19:23.806000+00:00,2026-01-06 06:19:23.967981+00:00,263.806,0.19,0.18,0.2,0.81,0.8,0.82,,,,
2026-01-06 06:19:24.640000+00:00,2026-01-06 06:19:24.958836+00:00,264.64,0.19,0.18,0.2,0.81,0.8,0.82,,,,
2026-01-06 06:19:25.837000+00:00,2026-01-06 06:19:25.968960+00:00,265.837,0.18,0.17,0.19,0.8200000000000001,0.81,0.83,,,,
2026-01-06 06:19:26.815000+00:00,2026-01-06 06:19:26.971269+00:00,266.815,0.19,0.18,0.2,0.81,0.8,0.82,,,,
2026-01-06 06:19:27.828000+00:00,2026-01-06 06:19:27.985362+00:00,267.828,0.19,0.18,0.2,0.81,0.8,0.82,,,,
2026-01-06 06:19:28.732000+00:00,2026-01-06 06:19:28.990588+00:00,268.732,0.19,0.18,0.2,0.81,0.8,0.82,,,,
2026-01-06 06:19:29.792000+00:00,2026-01-06 06:19:30.003305+00:00,269.792,0.19,0.18,0.2,0.815,0.81,0.82,,,,
2026-01-06 06:19:30.877000+00:00,2026-01-06 06:19:31.009159+00:00,270.877,0.185,0.18,0.19,0.815,0.81,0.82,,,,
2026-01-06 06:19:31.568000+00:00,2026-01-06 06:19:32.020484+00:00,271.568,0.18,0.17,0.19,0.81,0.8,0.82,,,,
2026-01-06 06:19:32.882000+00:00,2026-01-06 06:19:33.027310+00:00,272.882,0.195,0.19,0.2,0.805,0.8,0.81,,,,
2026-01-06 06:19:33.922000+00:00,2026-01-06 06:19:34.030734+00:00,273.922,0.19,0.18,0.2,0.81,0.8,0.82,,,,
2026-01-06 06:19:34.884000+00:00,2026-01-06 06:19:35.041411+00:00,274.884,0.185,0.18,0.19,0.815,0.81,0.82,,,,
2026-01-06 06:19:35.613000+00:00,2026-01-06 06:19:36.058883+00:00,275.613,0.185,0.18,0.19,0.815,0.81,0.82,,,,
2026-01-06 06:19:36.928000+00:00,2026-01-06 06:19:37.058387+00:00,276.928,0.19,0.18,0.2,0.81,0.8,0.82,,,,
2026-01-06 06:19:37.940000+00:00,2026-01-06 06:19:38.060423+00:00,277.94,0.175,0.17,0.18,0.835,0.83,0.84,,,,
2026-01-06 06:19:38.849000+00:00,2026-01-06 06:19:39.077555+00:00,278.849,0.165,0.16,0.17,0.835,0.83,0.84,,,,
2026-01-06 06:19:39.953000+00:00,2026-01-06 06:19:40.091186+00:00,279.953,0.165,0.16,0.17,0.835,0.83,0.84,,,,
2026-01-06 06:19:40.997000+00:00,2026-01-06 06:19:41.106783+00:00,280.997,0.155,0.15,0.16,0.845,0.84,0.85,,,,
2026-01-06 06:19:41.937000+00:00,2026-01-06 06:19:42.125136+00:00,281.937,0.155,0.15,0.16,0.845,0.84,0.85,,,,
2026-01-06 06:19:42.863000+00:00,2026-01-06 06:19:43.141806+00:00,282.863,0.15,0.14,0.16,0.85,0.84,0.86,,,,
2026-01-06 06:19:44.084000+00:00,2026-01-06 06:19:44.148413+00:00,284.084,0.145,0.14,0.15,0.855,0.85,0.86,,,,
2026-01-06 06:19:45.034000+00:00,2026-01-06 06:19:45.146745+00:00,285.034,0.145,0.14,0.15,0.865,0.86,0.87,,,,
2026-01-06 06:19:46.024000+00:00,2026-01-06 06:19:46.143241+00:00,286.024,0.125,0.12,0.13,0.885,0.88,0.89,,,,
2026-01-06 06:19:47.020000+00:00,2026-01-06 06:19:47.154143+00:00,287.02,0.135,0.13,0.14,0.865,0.86,0.87,,,,
2026-01-06 06:19:48.054000+00:00,2026-01-06 06:19:48.173147+00:00,288.054,0.135,0.13,0.14,0.865,0.86,0.87,,,,
2026-01-06 06:19:49.004000+00:00,2026-01-06 06:19:49.172505+00:00,289.004,0.125,0.12,0.13,0.875,0.87,0.88,,,,
2026-01-06 06:19:50.079000+00:00,2026-01-06 06:19:50.190238+00:00,290.079,0.135,0.13,0.14,0.865,0.86,0.87,,,,
2026-01-06 06:19:51.027000+00:00,2026-01-06 06:19:51.206128+00:00,291.027,0.13,0.12,0.14,0.87,0.86,0.88,,,,
2026-01-06 06:19:52.021000+00:00,2026-01-06 06:19:52.205546+00:00,292.021,0.13,0.12,0.14,0.87,0.86,0.88,,,,
2026-01-06 06:19:53.095000+00:00,2026-01-06 06:19:53.206668+00:00,293.095,0.12,0.11,0.13,0.875,0.87,0.88,,,,
2026-01-06 06:19:54.079000+00:00,2026-01-06 06:19:54.204506+00:00,294.079,0.135,0.13,0.14,0.865,0.86,0.87,,,,
2026-01-06 06:19:55.984000+00:00,2026-01-06 06:19:56.201326+00:00,295.984,0.135,0.13,0.14,0.865,0.86,0.87,,,,
2026-01-06 06:19:57.083000+00:00,2026-01-06 06:19:57.203124+00:00,297.083,0.135,0.13,0.14,0.865,0.86,0.87,,,,
2026-01-06 06:19:58.034000+00:00,2026-01-06 06:19:58.220782+00:00,298.034,0.13,0.12,0.14,0.87,0.86,0.88,,,,
2026-01-06 06:19:59.069000+00:00,2026-01-06 06:19:59.236899+00:00,299.069,0.13,0.12,0.14,0.87,0.86,0.88,,,,
2026-01-06 06:20:00.975000+00:00,2026-01-06 06:20:01.255891+00:00,300.975,0.135,0.13,0.14,0.865,0.86,0.87,,,,
2026-01-06 06:20:02.154000+00:00,2026-01-06 06:20:02.272597+00:00,302.154,0.145,0.14,0.15,0.855,0.85,0.86,,,,
2026-01-06 06:20:03.139000+00:00,2026-01-06 06:20:03.271960+00:00,303.139,0.145,0.14,0.15,0.855,0.85,0.86,,,,
2026-01-06 06:20:04.181000+00:00,2026-01-06 06:20:04.290003+00:00,304.181,0.145,0.14,0.15,0.855,0.85,0.86,,,,
2026-01-06 06:20:05.199000+00:00,2026-01-06 06:20:05.306474+00:00,305.199,0.145,0.14,0.15,0.855,0.85,0.86,,,,
2026-01-06 06:20:06.149000+00:00,2026-01-06 06:20:06.324079+00:00,306.149,0.145,0.14,0.15,0.855,0.85,0.86,,,,
2026-01-06 06:20:07.878000+00:00,2026-01-06 06:20:08.322637+00:00,307.878,0.145,0.14,0.15,0.855,0.85,0.86,,,,
2026-01-06 06:20:08.972000+00:00,2026-01-06 06:20:09.340038+00:00,308.972,0.145,0.14,0.15,0.855,0.85,0.86,,,,
2026-01-06 06:20:10.967000+00:00,2026-01-06 06:20:11.340080+00:00,310.967,0.155,0.15,0.16,0.845,0.84,0.85,,,,
2026-01-06 06:20:12.215000+00:00,2026-01-06 06:20:12.340095+00:00,312.215,0.155,0.15,0.16,0.845,0.84,0.85,,,,
2026-01-06 06:20:13.225000+00:00,2026-01-06 06:20:13.345595+00:00,313.225,0.155,0.15,0.16,0.845,0.84,0.85,,,,
2026-01-06 06:20:14.214000+00:00,2026-01-06 06:20:14.357129+00:00,314.214,0.165,0.16,0.17,0.835,0.83,0.84,,,,
2026-01-06 06:20:15.251000+00:00,2026-01-06 06:20:15.366592+00:00,315.251,0.155,0.15,0.16,0.845,0.84,0.85,,,,
2026-01-06 06:20:16.239000+00:00,2026-01-06 06:20:16.366361+00:00,316.239,0.155,0.15,0.16,0.845,0.84,0.85,,,,
2026-01-06 06:20:17.980000+00:00,2026-01-06 06:20:18.372840+00:00,317.98,0.165,0.16,0.17,0.835,0.83,0.84,,,,
2026-01-06 06:20:19.198000+00:00,2026-01-06 06:20:19.380299+00:00,319.198,0.165,0.16,0.17,0.835,0.83,0.84,,,,
2026-01-06 06:20:20.975000+00:00,2026-01-06 06:20:21.403582+00:00,320.975,0.165,0.16,0.17,0.835,0.83,0.84,,,,
2026-01-06 06:20:22.061000+00:00,2026-01-06 06:20:22.414583+00:00,322.061,0.155,0.15,0.16,0.845,0.84,0.85,,,,
2026-01-06 06:20:23.322000+00:00,2026-01-06 06:20:23.429292+00:00,323.322,0.155,0.15,0.16,0.825,0.82,0.83,,,,
2026-01-06 06:20:24.302000+00:00,2026-01-06 06:20:24.438834+00:00,324.302,0.1699999999999999,0.16,0.18,0.83,0.82,0.84,,,,
2026-01-06 06:20:25.341000+00:00,2026-01-06 06:20:25.455587+00:00,325.341,0.165,0.16,0.17,0.835,0.83,0.84,,,,
2026-01-06 06:20:26.085000+00:00,2026-01-06 06:20:26.476172+00:00,326.085,0.165,0.16,0.17,0.835,0.83,0.84,,,,
2026-01-06 06:20:27.276000+00:00,2026-01-06 06:20:27.492170+00:00,327.276,0.165,0.16,0.17,0.835,0.83,0.84,,,,
2026-01-06 06:20:28.389000+00:00,2026-01-06 06:20:28.506273+00:00,328.389,0.165,0.16,0.17,0.835,0.83,0.84,,,,
2026-01-06 06:20:29.087000+00:00,2026-01-06 06:20:29.511471+00:00,329.087,0.165,0.16,0.17,0.835,0.83,0.84,,,,
2026-01-06 06:20:30.339000+00:00,2026-01-06 06:20:30.519558+00:00,330.339,0.155,0.15,0.16,0.845,0.84,0.85,,,,
2026-01-06 06:20:31.318000+00:00,2026-01-06 06:20:31.516574+00:00,331.318,0.15,0.14,0.16,0.85,0.84,0.86,,,,
2026-01-06 06:20:32.415000+00:00,2026-01-06 06:20:32.521784+00:00,332.415,0.145,0.14,0.15,0.855,0.85,0.86,,,,
2026-01-06 06:20:33.375000+00:00,2026-01-06 06:20:33.523335+00:00,333.375,0.135,0.13,0.14,0.865,0.86,0.87,,,,
2026-01-06 06:20:34.399000+00:00,2026-01-06 06:20:34.522951+00:00,334.399,0.14,0.13,0.15,0.86,0.85,0.87,,,,
2026-01-06 06:20:35.234000+00:00,2026-01-06 06:20:35.528960+00:00,335.234,0.14,0.13,0.15,0.86,0.85,0.87,,,,
2026-01-06 06:20:36.408000+00:00,2026-01-06 06:20:36.523537+00:00,336.408,0.14,0.13,0.15,0.86,0.85,0.87,,,,
2026-01-06 06:20:37.223000+00:00,2026-01-06 06:20:37.539583+00:00,337.223,0.135,0.12,0.15,0.865,0.85,0.88,,,,
2026-01-06 06:20:38.377000+00:00,2026-01-06 06:20:38.539213+00:00,338.377,0.145,0.14,0.15,0.85,0.84,0.86,,,,
2026-01-06 06:20:39.129000+00:00,2026-01-06 06:20:39.538384+00:00,339.129,0.15,0.14,0.16,0.85,0.84,0.86,,,,
2026-01-06 06:20:40.329000+00:00,2026-01-06 06:20:40.538786+00:00,340.329,0.15,0.14,0.16,0.85,0.84,0.86,,,,
2026-01-06 06:20:41.416000+00:00,2026-01-06 06:20:41.544511+00:00,341.416,0.1699999999999999,0.16,0.18,0.83,0.82,0.84,,,,
2026-01-06 06:20:42.428000+00:00,2026-01-06 06:20:42.554992+00:00,342.428,0.1699999999999999,0.16,0.18,0.83,0.82,0.84,,,,
2026-01-06 06:20:43.442000+00:00,2026-01-06 06:20:43.555763+00:00,343.442,0.16,0.15,0.17,0.84,0.83,0.85,,,,
2026-01-06 06:20:44.169000+00:00,2026-01-06 06:20:44.573027+00:00,344.169,0.165,0.16,0.17,0.835,0.83,0.84,,,,
2026-01-06 06:20:45.435000+00:00,2026-01-06 06:20:45.588112+00:00,345.435,0.165,0.16,0.17,0.835,0.83,0.84,,,,
2026-01-06 06:20:46.346000+00:00,2026-01-06 06:20:46.595716+00:00,346.346,0.165,0.16,0.17,0.835,0.83,0.84,,,,
2026-01-06 06:20:47.448000+00:00,2026-01-06 06:20:47.593258+00:00,347.448,0.165,0.16,0.17,0.835,0.83,0.84,,,,
2026-01-06 06:20:48.368000+00:00,2026-01-06 06:20:48.599529+00:00,348.368,0.165,0.16,0.17,0.835,0.83,0.84,,,,
2026-01-06 06:20:49.253000+00:00,2026-01-06 06:20:49.604504+00:00,349.253,0.16,0.15,0.17,0.84,0.83,0.85,,,,
2026-01-06 06:20:50.482000+00:00,2026-01-06 06:20:50.604192+00:00,350.482,0.16,0.15,0.17,0.84,0.83,0.85,,,,
2026-01-06 06:20:51.511000+00:00,2026-01-06 06:20:51.622077+00:00,351.511,0.165,0.16,0.17,0.835,0.83,0.84,,,,
2026-01-06 06:20:52.461000+00:00,2026-01-06 06:20:52.622739+00:00,352.461,0.165,0.16,0.17,0.835,0.83,0.84,,,,
2026-01-06 06:20:53.375000+00:00,2026-01-06 06:20:53.631131+00:00,353.375,0.1699999999999999,0.16,0.18,0.83,0.82,0.84,,,,
2026-01-06 06:20:54.509000+00:00,2026-01-06 06:20:54.637564+00:00,354.509,0.165,0.16,0.17,0.83,0.82,0.84,,,,
2026-01-06 06:20:55.517000+00:00,2026-01-06 06:20:55.639572+00:00,355.517,0.16,0.15,0.17,0.84,0.83,0.85,,,,
2026-01-06 06:20:56.531000+00:00,2026-01-06 06:20:56.647538+00:00,356.531,0.16,0.15,0.17,0.84,0.83,0.85,,,,
2026-01-06 06:20:57.414000+00:00,2026-01-06 06:20:57.654694+00:00,357.414,0.155,0.15,0.16,0.845,0.84,0.85,,,,
2026-01-06 06:20:58.575000+00:00,2026-01-06 06:20:58.672718+00:00,358.575,0.155,0.15,0.16,0.845,0.84,0.85,,,,
2026-01-06 06:20:59.450000+00:00,2026-01-06 06:20:59.694059+00:00,359.45,0.155,0.15,0.16,0.85,0.84,0.86,,,,
2026-01-06 06:21:00.575000+00:00,2026-01-06 06:21:00.703518+00:00,360.575,0.145,0.14,0.15,0.855,0.85,0.86,,,,
2026-01-06 06:21:01.586000+00:00,2026-01-06 06:21:01.725469+00:00,361.586,0.14,0.13,0.15,0.86,0.85,0.87,,,,
2026-01-06 06:21:02.587000+00:00,2026-01-06 06:21:02.737652+00:00,362.587,0.14,0.13,0.15,0.86,0.85,0.87,,,,
2026-01-06 06:21:03.585000+00:00,2026-01-06 06:21:03.737664+00:00,363.585,0.14,0.13,0.15,0.86,0.85,0.87,,,,
2026-01-06 06:21:04.424000+00:00,2026-01-06 06:21:04.755643+00:00,364.424,0.14,0.13,0.15,0.86,0.85,0.87,,,,
2026-01-06 06:21:05.658000+00:00,2026-01-06 06:21:05.772431+00:00,365.658,0.135,0.13,0.14,0.865,0.86,0.87,,,,
2026-01-06 06:21:06.592000+00:00,2026-01-06 06:21:06.770988+00:00,366.592,0.14,0.13,0.15,0.86,0.85,0.87,,,,
2026-01-06 06:21:07.645000+00:00,2026-01-06 06:21:07.787056+00:00,367.645,0.155,0.15,0.16,0.845,0.84,0.85,,,,
2026-01-06 06:21:08.447000+00:00,2026-01-06 06:21:08.789811+00:00,368.447,0.155,0.15,0.16,0.845,0.84,0.85,,,,
2026-01-06 06:21:09.684000+00:00,2026-01-06 06:21:09.804608+00:00,369.684,0.155,0.15,0.16,0.845,0.84,0.85,,,,
2026-01-06 06:21:10.659000+00:00,2026-01-06 06:21:10.806500+00:00,370.659,0.16,0.15,0.17,0.845,0.84,0.85,,,,
2026-01-06 06:21:11.679000+00:00,2026-01-06 06:21:11.804541+00:00,371.679,0.155,0.15,0.16,0.845,0.84,0.85,,,,
2026-01-06 06:21:12.624000+00:00,2026-01-06 06:21:12.806901+00:00,372.624,0.155,0.15,0.16,0.845,0.84,0.85,,,,
2026-01-06 06:21:13.689000+00:00,2026-01-06 06:21:13.814774+00:00,373.689,0.135,0.13,0.14,0.865,0.86,0.87,,,,
2026-01-06 06:21:14.596000+00:00,2026-01-06 06:21:14.823205+00:00,374.596,0.135,0.13,0.14,0.865,0.86,0.87,,,,
2026-01-06 06:21:15.691000+00:00,2026-01-06 06:21:15.828482+00:00,375.691,0.135,0.13,0.14,0.865,0.86,0.87,,,,
2026-01-06 06:21:16.573000+00:00,2026-01-06 06:21:16.840535+00:00,376.573,0.135,0.13,0.14,0.865,0.86,0.87,,,,
2026-01-06 06:21:17.721000+00:00,2026-01-06 06:21:17.847098+00:00,377.721,0.135,0.13,0.14,0.865,0.86,0.87,,,,
2026-01-06 06:21:18.698000+00:00,2026-01-06 06:21:18.862307+00:00,378.698,0.14,0.13,0.15,0.86,0.85,0.87,,,,
2026-01-06 06:21:19.750000+00:00,2026-01-06 06:21:19.859508+00:00,379.75,0.14,0.13,0.15,0.86,0.85,0.87,,,,
2026-01-06 06:21:20.711000+00:00,2026-01-06 06:21:20.864648+00:00,380.711,0.14,0.13,0.15,0.86,0.85,0.87,,,,
2026-01-06 06:21:21.732000+00:00,2026-01-06 06:21:21.864661+00:00,381.732,0.14,0.13,0.15,0.86,0.85,0.87,,,,
2026-01-06 06:21:22.758000+00:00,2026-01-06 06:21:22.871487+00:00,382.758,0.135,0.13,0.14,0.865,0.86,0.87,,,,
2026-01-06 06:21:23.678000+00:00,2026-01-06 06:21:23.878771+00:00,383.678,0.135,0.13,0.14,0.865,0.86,0.87,,,,
2026-01-06 06:21:24.755000+00:00,2026-01-06 06:21:24.891119+00:00,384.755,0.135,0.13,0.14,0.865,0.86,0.87,,,,
2026-01-06 06:21:25.565000+00:00,2026-01-06 06:21:25.894307+00:00,385.565,0.135,0.13,0.14,0.875,0.86,0.89,,,,
2026-01-06 06:21:26.654000+00:00,2026-01-06 06:21:26.903604+00:00,386.654,0.135,0.13,0.14,0.865,0.86,0.87,,,,
2026-01-06 06:21:27.774000+00:00,2026-01-06 06:21:27.907529+00:00,387.774,0.135,0.13,0.14,0.865,0.86,0.87,,,,
2026-01-06 06:21:28.738000+00:00,2026-01-06 06:21:28.909963+00:00,388.738,0.135,0.13,0.14,0.865,0.86,0.87,,,,
2026-01-06 06:21:29.778000+00:00,2026-01-06 06:21:29.920732+00:00,389.778,0.135,0.13,0.14,0.865,0.86,0.87,,,,
2026-01-06 06:21:30.790000+00:00,2026-01-06 06:21:30.920091+00:00,390.79,0.135,0.13,0.14,0.865,0.86,0.87,,,,
2026-01-06 06:21:31.715000+00:00,2026-01-06 06:21:31.919898+00:00,391.715,0.135,0.13,0.14,0.865,0.86,0.87,,,,
2026-01-06 06:21:32.678000+00:00,2026-01-06 06:21:32.920647+00:00,392.678,0.135,0.13,0.14,0.865,0.86,0.87,,,,
2026-01-06 06:21:33.697000+00:00,2026-01-06 06:21:33.919572+00:00,393.697,0.135,0.13,0.14,0.865,0.86,0.87,,,,
2026-01-06 06:21:34.745000+00:00,2026-01-06 06:21:34.920628+00:00,394.745,0.135,0.13,0.14,0.865,0.86,0.87,,,,
2026-01-06 06:21:35.807000+00:00,2026-01-06 06:21:35.927145+00:00,395.807,0.135,0.13,0.14,0.865,0.86,0.87,,,,
2026-01-06 06:21:36.730000+00:00,2026-01-06 06:21:36.919674+00:00,396.73,0.15,0.14,0.16,0.85,0.84,0.86,,,,
2026-01-06 06:21:37.807000+00:00,2026-01-06 06:21:37.931485+00:00,397.807,0.15,0.14,0.16,0.85,0.84,0.86,,,,
2026-01-06 06:21:38.823000+00:00,2026-01-06 06:21:38.936468+00:00,398.823,0.155,0.15,0.16,0.845,0.84,0.85,,,,
2026-01-06 06:21:39.806000+00:00,2026-01-06 06:21:39.954207+00:00,399.806,0.155,0.15,0.16,0.845,0.84,0.85,,,,
2026-01-06 06:21:40.847000+00:00,2026-01-06 06:21:40.969969+00:00,400.847,0.155,0.15,0.16,0.84,0.83,0.85,,,,
2026-01-06 06:21:41.766000+00:00,2026-01-06 06:21:41.978902+00:00,401.766,0.16,0.15,0.17,0.84,0.83,0.85,,,,
2026-01-06 06:21:42.583000+00:00,2026-01-06 06:21:43.002499+00:00,402.583,0.16,0.15,0.17,0.84,0.83,0.85,,,,
2026-01-06 06:21:43.804000+00:00,2026-01-06 06:21:44.002945+00:00,403.804,0.16,0.15,0.17,0.84,0.83,0.85,,,,
2026-01-06 06:21:44.880000+00:00,2026-01-06 06:21:45.019103+00:00,404.88,0.16,0.15,0.17,0.84,0.83,0.85,,,,
2026-01-06 06:21:45.772000+00:00,2026-01-06 06:21:46.013408+00:00,405.772,0.155,0.15,0.16,0.845,0.84,0.85,,,,
2026-01-06 06:21:46.887000+00:00,2026-01-06 06:21:47.010021+00:00,406.887,0.145,0.14,0.15,0.855,0.85,0.86,,,,
2026-01-06 06:21:47.815000+00:00,2026-01-06 06:21:48.015912+00:00,407.815,0.15,0.14,0.16,0.85,0.84,0.86,,,,
2026-01-06 06:21:48.735000+00:00,2026-01-06 06:21:49.025358+00:00,408.735,0.15,0.14,0.16,0.85,0.84,0.86,,,,
2026-01-06 06:21:49.855000+00:00,2026-01-06 06:21:50.024761+00:00,409.855,0.15,0.14,0.16,0.85,0.84,0.86,,,,
2026-01-06 06:21:50.837000+00:00,2026-01-06 06:21:51.027894+00:00,410.837,0.15,0.14,0.16,0.85,0.84,0.86,,,,
2026-01-06 06:21:51.851000+00:00,2026-01-06 06:21:52.027326+00:00,411.851,0.15,0.14,0.16,0.85,0.84,0.86,,,,
2026-01-06 06:21:52.642000+00:00,2026-01-06 06:21:53.035795+00:00,412.642,0.15,0.14,0.16,0.85,0.84,0.86,,,,
2026-01-06 06:21:53.229000+00:00,2026-01-06 06:21:54.052651+00:00,413.229,0.15,0.14,0.16,0.85,0.84,0.86,,,,
2026-01-06 06:21:55.930000+00:00,2026-01-06 06:21:56.052184+00:00,415.93,0.15,0.14,0.16,0.85,0.84,0.86,,,,
2026-01-06 06:21:56.900000+00:00,2026-01-06 06:21:57.051966+00:00,416.9,0.155,0.15,0.16,0.845,0.84,0.85,,,,
2026-01-06 06:21:57.617000+00:00,2026-01-06 06:21:58.059931+00:00,417.617,0.155,0.15,0.16,0.845,0.84,0.85,,,,
2026-01-06 06:21:58.850000+00:00,2026-01-06 06:21:59.088500+00:00,418.85,0.16,0.15,0.17,0.84,0.83,0.85,,,,
2026-01-06 06:21:59.900000+00:00,2026-01-06 06:22:00.103770+00:00,419.9,0.16,0.15,0.17,0.84,0.83,0.85,,,,
2026-01-06 06:22:00.826000+00:00,2026-01-06 06:22:01.101800+00:00,420.826,0.16,0.15,0.17,0.84,0.83,0.85,,,,
2026-01-06 06:22:01.845000+00:00,2026-01-06 06:22:02.101696+00:00,421.845,0.16,0.15,0.17,0.84,0.83,0.85,,,,
2026-01-06 06:22:02.897000+00:00,2026-01-06 06:22:03.109067+00:00,422.897,0.16,0.15,0.17,0.84,0.83,0.85,,,,
2026-01-06 06:22:03.692000+00:00,2026-01-06 06:22:04.116737+00:00,423.692,0.16,0.15,0.17,0.84,0.83,0.85,,,,
2026-01-06 06:22:04.972000+00:00,2026-01-06 06:22:05.136307+00:00,424.972,0.16,0.15,0.17,0.84,0.83,0.85,,,,
2026-01-06 06:22:05.808000+00:00,2026-01-06 06:22:06.135471+00:00,425.808,0.16,0.15,0.17,0.84,0.83,0.85,,,,
2026-01-06 06:22:07.895000+00:00,2026-01-06 06:22:08.132931+00:00,427.895,0.16,0.15,0.17,0.84,0.83,0.85,,,,
2026-01-06 06:22:08.879000+00:00,2026-01-06 06:22:09.134881+00:00,428.879,0.16,0.15,0.17,0.84,0.83,0.85,,,,
2026-01-06 06:22:09.980000+00:00,2026-01-06 06:22:10.152106+00:00,429.98,0.16,0.15,0.17,0.84,0.83,0.85,,,,
2026-01-06 06:22:11.841000+00:00,2026-01-06 06:22:12.184096+00:00,431.841,0.16,0.15,0.17,0.84,0.83,0.85,,,,
2026-01-06 06:22:13.979000+00:00,2026-01-06 06:22:14.196155+00:00,433.979,0.145,0.14,0.15,0.855,0.85,0.86,,,,
2026-01-06 06:22:14.887000+00:00,2026-01-06 06:22:15.214391+00:00,434.887,0.145,0.14,0.15,0.855,0.85,0.86,,,,
2026-01-06 06:22:16.098000+00:00,2026-01-06 06:22:16.230639+00:00,436.098,0.145,0.14,0.15,0.855,0.85,0.86,,,,
2026-01-06 06:22:17.153000+00:00,2026-01-06 06:22:17.245487+00:00,437.153,0.1699999999999999,0.16,0.18,0.83,0.82,0.84,,,,
2026-01-06 06:22:18.135000+00:00,2026-01-06 06:22:18.253913+00:00,438.135,0.1699999999999999,0.16,0.18,0.83,0.82,0.84,,,,
2026-01-06 06:22:19.105000+00:00,2026-01-06 06:22:19.252986+00:00,439.105,0.1699999999999999,0.16,0.18,0.83,0.82,0.84,,,,
2026-01-06 06:22:20.136000+00:00,2026-01-06 06:22:20.269187+00:00,440.136,0.165,0.16,0.17,0.835,0.83,0.84,,,,
2026-01-06 06:22:21.129000+00:00,2026-01-06 06:22:21.267828+00:00,441.129,0.16,0.15,0.17,0.84,0.83,0.85,,,,
2026-01-06 06:22:22.092000+00:00,2026-01-06 06:22:22.268718+00:00,442.092,0.16,0.15,0.17,0.84,0.83,0.85,,,,
2026-01-06 06:22:23.008000+00:00,2026-01-06 06:22:23.269096+00:00,443.008,0.16,0.15,0.17,0.84,0.83,0.85,,,,
2026-01-06 06:22:24.169000+00:00,2026-01-06 06:22:24.284690+00:00,444.169,0.16,0.15,0.17,0.84,0.83,0.85,,,,
2026-01-06 06:22:25.178000+00:00,2026-01-06 06:22:25.293325+00:00,445.178,0.16,0.15,0.17,0.84,0.83,0.85,,,,
2026-01-06 06:22:26.219000+00:00,2026-01-06 06:22:26.300313+00:00,446.219,0.16,0.15,0.17,0.84,0.83,0.85,,,,
2026-01-06 06:22:27.162000+00:00,2026-01-06 06:22:27.302322+00:00,447.162,0.16,0.15,0.17,0.84,0.83,0.85,,,,
2026-01-06 06:22:28.166000+00:00,2026-01-06 06:22:28.303777+00:00,448.166,0.145,0.13,0.16,0.86,0.85,0.87,,,,
2026-01-06 06:22:29.175000+00:00,2026-01-06 06:22:29.303999+00:00,449.175,0.135,0.13,0.14,0.865,0.86,0.87,,,,
2026-01-06 06:22:30.190000+00:00,2026-01-06 06:22:30.318909+00:00,450.19,0.125,0.12,0.13,0.87,0.86,0.88,,,,
2026-01-06 06:22:31.631000+00:00,2026-01-06 06:22:32.327840+00:00,451.631,0.125,0.11,0.14,0.875,0.86,0.89,,,,
2026-01-06 06:22:33.554000+00:00,2026-01-06 06:22:34.368094+00:00,453.554,0.1149999999999999,0.11,0.12,0.885,0.88,0.89,,,,
2026-01-06 06:22:35.919000+00:00,2026-01-06 06:22:36.383603+00:00,455.919,0.1149999999999999,0.11,0.12,0.885,0.88,0.89,,,,
2026-01-06 06:22:37.694000+00:00,2026-01-06 06:22:38.392609+00:00,457.694,0.1149999999999999,0.11,0.12,0.885,0.88,0.89,,,,
2026-01-06 06:22:38.746000+00:00,2026-01-06 06:22:39.401615+00:00,458.746,0.1149999999999999,0.11,0.12,0.885,0.88,0.89,,,,
2026-01-06 06:22:40.261000+00:00,2026-01-06 06:22:40.400570+00:00,460.261,0.125,0.12,0.13,0.875,0.87,0.88,,,,
2026-01-06 06:22:41.249000+00:00,2026-01-06 06:22:41.419690+00:00,461.249,0.125,0.12,0.13,0.875,0.87,0.88,,,,
2026-01-06 06:22:42.024000+00:00,2026-01-06 06:22:42.434310+00:00,462.024,0.125,0.12,0.13,0.875,0.87,0.88,,,,
2026-01-06 06:22:43.310000+00:00,2026-01-06 06:22:43.434222+00:00,463.31,0.12,0.11,0.13,0.88,0.87,0.89,,,,
2026-01-06 06:22:44.940000+00:00,2026-01-06 06:22:45.451007+00:00,464.94,0.12,0.11,0.13,0.88,0.87,0.89,,,,
2026-01-06 06:22:46.288000+00:00,2026-01-06 06:22:46.450443+00:00,466.288,0.1149999999999999,0.11,0.12,0.885,0.88,0.89,,,,
2026-01-06 06:22:47.315000+00:00,2026-01-06 06:22:47.451788+00:00,467.315,0.12,0.11,0.13,0.88,0.87,0.89,,,,
2026-01-06 06:22:48.335000+00:00,2026-01-06 06:22:48.473235+00:00,468.335,0.12,0.11,0.13,0.88,0.87,0.89,,,,
2026-01-06 06:22:49.317000+00:00,2026-01-06 06:22:49.488505+00:00,469.317,0.1149999999999999,0.11,0.12,0.885,0.88,0.89,,,,
2026-01-06 06:22:50.353000+00:00,2026-01-06 06:22:50.483740+00:00,470.353,0.11,0.1,0.12,0.89,0.88,0.9,,,,
2026-01-06 06:22:51.832000+00:00,2026-01-06 06:22:52.514535+00:00,471.832,0.105,0.1,0.11,0.89,0.88,0.9,,,,
2026-01-06 06:22:53.389000+00:00,2026-01-06 06:22:53.516969+00:00,473.389,0.105,0.1,0.11,0.895,0.89,0.9,,,,
2026-01-06 06:22:54.206000+00:00,2026-01-06 06:22:54.530855+00:00,474.206,0.105,0.1,0.11,0.895,0.89,0.9,,,,
2026-01-06 06:22:55.323000+00:00,2026-01-06 06:22:55.547110+00:00,475.323,0.105,0.1,0.11,0.895,0.89,0.9,,,,
2026-01-06 06:22:56.415000+00:00,2026-01-06 06:22:56.551038+00:00,476.415,0.11,0.1,0.12,0.89,0.88,0.9,,,,
2026-01-06 06:22:57.318000+00:00,2026-01-06 06:22:57.547491+00:00,477.318,0.11,0.1,0.12,0.895,0.89,0.9,,,,
2026-01-06 06:22:58.423000+00:00,2026-01-06 06:22:58.552092+00:00,478.423,0.11,0.1,0.12,0.89,0.88,0.9,,,,
2026-01-06 06:22:59.436000+00:00,2026-01-06 06:22:59.563690+00:00,479.436,0.11,0.1,0.12,0.89,0.88,0.9,,,,
2026-01-06 06:23:00.439000+00:00,2026-01-06 06:23:00.570232+00:00,480.439,0.11,0.1,0.12,0.89,0.88,0.9,,,,
2026-01-06 06:23:01.270000+00:00,2026-01-06 06:23:01.579484+00:00,481.27,0.11,0.1,0.12,0.89,0.88,0.9,,,,
2026-01-06 06:23:02.441000+00:00,2026-01-06 06:23:02.584405+00:00,482.441,0.1149999999999999,0.11,0.12,0.885,0.88,0.89,,,,
2026-01-06 06:23:03.429000+00:00,2026-01-06 06:23:03.582862+00:00,483.429,0.11,0.1,0.12,0.895,0.88,0.91,,,,
2026-01-06 06:23:04.345000+00:00,2026-01-06 06:23:04.584211+00:00,484.345,0.105,0.09,0.12,0.895,0.88,0.91,,,,
2026-01-06 06:23:05.211000+00:00,2026-01-06 06:23:05.584165+00:00,485.211,0.105,0.09,0.12,0.895,0.88,0.91,,,,
2026-01-06 06:23:06.413000+00:00,2026-01-06 06:23:06.600698+00:00,486.413,0.1,0.09,0.11,0.9,0.89,0.91,,,,
2026-01-06 06:23:07.402000+00:00,2026-01-06 06:23:07.611020+00:00,487.402,0.1,0.09,0.11,0.9,0.89,0.91,,,,
2026-01-06 06:23:08.496000+00:00,2026-01-06 06:23:08.616904+00:00,488.496,0.1,0.09,0.11,0.9,0.89,0.91,,,,
2026-01-06 06:23:09.485000+00:00,2026-01-06 06:23:09.617527+00:00,489.485,0.1,0.09,0.11,0.9,0.89,0.91,,,,
2026-01-06 06:23:10.451000+00:00,2026-01-06 06:23:10.623273+00:00,490.451,0.1,0.09,0.11,0.9,0.89,0.91,,,,
2026-01-06 06:23:11.519000+00:00,2026-01-06 06:23:11.615663+00:00,491.519,0.0849999999999999,0.08,0.09,0.915,0.91,0.92,,,,
2026-01-06 06:23:12.507000+00:00,2026-01-06 06:23:12.622526+00:00,492.507,0.0849999999999999,0.08,0.09,0.915,0.91,0.92,,,,
2026-01-06 06:23:13.506000+00:00,2026-01-06 06:23:13.624307+00:00,493.506,0.0849999999999999,0.08,0.09,0.915,0.91,0.92,,,,
2026-01-06 06:23:14.479000+00:00,2026-01-06 06:23:14.628002+00:00,494.479,0.0849999999999999,0.08,0.09,0.915,0.91,0.92,,,,
2026-01-06 06:23:15.499000+00:00,2026-01-06 06:23:15.646746+00:00,495.499,0.0849999999999999,0.08,0.09,0.915,0.91,0.92,,,,
2026-01-06 06:23:16.548000+00:00,2026-01-06 06:23:16.657396+00:00,496.548,0.0849999999999999,0.08,0.09,0.915,0.91,0.92,,,,
2026-01-06 06:23:17.543000+00:00,2026-01-06 06:23:17.657447+00:00,497.543,0.0849999999999999,0.08,0.09,0.91,0.9,0.92,,,,
2026-01-06 06:23:18.760000+00:00,2026-01-06 06:23:19.685539+00:00,498.76,0.09,0.08,0.1,0.91,0.9,0.92,,,,
2026-01-06 06:23:20.546000+00:00,2026-01-06 06:23:20.699022+00:00,500.546,0.09,0.08,0.1,0.91,0.9,0.92,,,,
2026-01-06 06:23:21.480000+00:00,2026-01-06 06:23:21.698469+00:00,501.48,0.095,0.09,0.1,0.905,0.9,0.91,,,,
2026-01-06 06:23:22.531000+00:00,2026-01-06 06:23:22.715052+00:00,502.531,0.105,0.1,0.11,0.895,0.89,0.9,,,,
2026-01-06 06:23:23.549000+00:00,2026-01-06 06:23:23.717244+00:00,503.549,0.105,0.1,0.11,0.875,0.87,0.88,,,,
2026-01-06 06:23:24.578000+00:00,2026-01-06 06:23:24.715898+00:00,504.578,0.135,0.13,0.14,0.865,0.86,0.87,,,,
2026-01-06 06:23:25.607000+00:00,2026-01-06 06:23:25.721689+00:00,505.607,0.135,0.13,0.14,0.865,0.86,0.87,,,,
2026-01-06 06:23:26.420000+00:00,2026-01-06 06:23:26.731899+00:00,506.42,0.135,0.13,0.14,0.865,0.86,0.87,,,,
2026-01-06 06:23:27.615000+00:00,2026-01-06 06:23:27.749327+00:00,507.615,0.135,0.13,0.14,0.865,0.86,0.87,,,,
2026-01-06 06:23:28.586000+00:00,2026-01-06 06:23:28.756935+00:00,508.586,0.135,0.13,0.14,0.865,0.86,0.87,,,,
2026-01-06 06:23:29.664000+00:00,2026-01-06 06:23:29.762092+00:00,509.664,0.135,0.13,0.14,0.875,0.87,0.88,,,,
2026-01-06 06:23:30.686000+00:00,2026-01-06 06:23:30.764025+00:00,510.686,0.11,0.1,0.12,0.895,0.89,0.9,,,,
2026-01-06 06:23:31.672000+00:00,2026-01-06 06:23:31.782825+00:00,511.672,0.1,0.09,0.11,0.9,0.89,0.91,,,,
2026-01-06 06:23:32.652000+00:00,2026-01-06 06:23:32.789764+00:00,512.652,0.105,0.1,0.11,0.895,0.89,0.9,,,,
2026-01-06 06:23:33.685000+00:00,2026-01-06 06:23:33.802490+00:00,513.685,0.105,0.1,0.11,0.895,0.89,0.9,,,,
2026-01-06 06:23:34.509000+00:00,2026-01-06 06:23:34.808959+00:00,514.509,0.105,0.1,0.11,0.895,0.89,0.9,,,,
2026-01-06 06:23:35.594000+00:00,2026-01-06 06:23:35.805699+00:00,515.594,0.105,0.1,0.11,0.895,0.89,0.9,,,,
2026-01-06 06:23:36.481000+00:00,2026-01-06 06:23:36.799545+00:00,516.481,0.1149999999999999,0.11,0.12,0.89,0.88,0.9,,,,
2026-01-06 06:23:37.545000+00:00,2026-01-06 06:23:37.809941+00:00,517.545,0.1149999999999999,0.11,0.12,0.885,0.88,0.89,,,,
2026-01-06 06:23:38.656000+00:00,2026-01-06 06:23:38.823399+00:00,518.656,0.1149999999999999,0.11,0.12,0.885,0.88,0.89,,,,
2026-01-06 06:23:39.651000+00:00,2026-01-06 06:23:39.823129+00:00,519.651,0.13,0.12,0.14,0.87,0.86,0.88,,,,
2026-01-06 06:23:40.696000+00:00,2026-01-06 06:23:40.838499+00:00,520.696,0.125,0.12,0.13,0.875,0.87,0.88,,,,
2026-01-06 06:23:41.718000+00:00,2026-01-06 06:23:41.838395+00:00,521.718,0.125,0.12,0.13,0.865,0.86,0.87,,,,
2026-01-06 06:23:42.725000+00:00,2026-01-06 06:23:42.841126+00:00,522.725,0.14,0.13,0.15,0.865,0.86,0.87,,,,
2026-01-06 06:23:43.623000+00:00,2026-01-06 06:23:43.848102+00:00,523.623,0.145,0.14,0.15,0.855,0.85,0.86,,,,
2026-01-06 06:23:44.680000+00:00,2026-01-06 06:23:44.847927+00:00,524.68,0.145,0.14,0.15,0.855,0.85,0.86,,,,
2026-01-06 06:23:45.665000+00:00,2026-01-06 06:23:45.856978+00:00,525.665,0.145,0.14,0.15,0.855,0.85,0.86,,,,
2026-01-06 06:23:46.730000+00:00,2026-01-06 06:23:46.864054+00:00,526.73,0.145,0.14,0.15,0.855,0.85,0.86,,,,
2026-01-06 06:23:47.745000+00:00,2026-01-06 06:23:47.865248+00:00,527.745,0.145,0.14,0.15,0.855,0.85,0.86,,,,
2026-01-06 06:23:48.701000+00:00,2026-01-06 06:23:48.882132+00:00,528.701,0.145,0.14,0.15,0.855,0.85,0.86,,,,
2026-01-06 06:23:49.483000+00:00,2026-01-06 06:23:49.883372+00:00,529.483,0.145,0.14,0.15,0.855,0.85,0.86,,,,
2026-01-06 06:23:50.767000+00:00,2026-01-06 06:23:50.890194+00:00,530.767,0.145,0.14,0.15,0.855,0.85,0.86,,,,
2026-01-06 06:23:51.750000+00:00,2026-01-06 06:23:51.890825+00:00,531.75,0.135,0.13,0.14,0.865,0.86,0.87,,,,
2026-01-06 06:23:52.503000+00:00,2026-01-06 06:23:52.894356+00:00,532.503,0.14,0.13,0.15,0.86,0.85,0.87,,,,
2026-01-06 06:23:53.759000+00:00,2026-01-06 06:23:53.903119+00:00,533.759,0.14,0.13,0.15,0.86,0.85,0.87,,,,
2026-01-06 06:23:54.736000+00:00,2026-01-06 06:23:54.915401+00:00,534.736,0.14,0.13,0.15,0.86,0.85,0.87,,,,
2026-01-06 06:23:55.744000+00:00,2026-01-06 06:23:55.914657+00:00,535.744,0.14,0.13,0.15,0.86,0.85,0.87,,,,
2026-01-06 06:23:56.729000+00:00,2026-01-06 06:23:56.937939+00:00,536.729,0.14,0.13,0.15,0.86,0.85,0.87,,,,
2026-01-06 06:23:57.710000+00:00,2026-01-06 06:23:57.946110+00:00,537.71,0.14,0.13,0.15,0.86,0.85,0.87,,,,
2026-01-06 06:23:58.485000+00:00,2026-01-06 06:23:58.967339+00:00,538.485,0.14,0.13,0.15,0.86,0.85,0.87,,,,
2026-01-06 06:23:59.179000+00:00,2026-01-06 06:23:59.970340+00:00,539.179,0.14,0.13,0.15,0.86,0.85,0.87,,,,
2026-01-06 06:24:00.814000+00:00,2026-01-06 06:24:00.969969+00:00,540.814,0.14,0.13,0.15,0.855,0.84,0.87,,,,
2026-01-06 06:24:01.573000+00:00,2026-01-06 06:24:01.981328+00:00,541.573,0.145,0.14,0.15,0.855,0.85,0.86,,,,
2026-01-06 06:24:02.871000+00:00,2026-01-06 06:24:02.992311+00:00,542.871,0.135,0.13,0.14,0.865,0.86,0.87,,,,
2026-01-06 06:24:03.952000+00:00,2026-01-06 06:24:03.997371+00:00,543.952,0.135,0.13,0.14,0.865,0.86,0.87,,,,
2026-01-06 06:24:04.893000+00:00,2026-01-06 06:24:05.010459+00:00,544.893,0.125,0.12,0.13,0.875,0.87,0.88,,,,
2026-01-06 06:24:05.868000+00:00,2026-01-06 06:24:06.010555+00:00,545.868,0.1149999999999999,0.11,0.12,0.885,0.88,0.89,,,,
2026-01-06 06:24:06.925000+00:00,2026-01-06 06:24:07.020077+00:00,546.925,0.13,0.12,0.14,0.87,0.86,0.88,,,,
2026-01-06 06:24:07.907000+00:00,2026-01-06 06:24:08.029677+00:00,547.907,0.13,0.12,0.14,0.87,0.86,0.88,,,,
2026-01-06 06:24:08.872000+00:00,2026-01-06 06:24:09.035425+00:00,548.872,0.13,0.12,0.14,0.87,0.86,0.88,,,,
2026-01-06 06:24:09.911000+00:00,2026-01-06 06:24:10.031725+00:00,549.911,0.13,0.12,0.14,0.87,0.86,0.88,,,,
2026-01-06 06:24:10.733000+00:00,2026-01-06 06:24:11.046587+00:00,550.733,0.135,0.13,0.14,0.865,0.86,0.87,,,,
2026-01-06 06:24:11.721000+00:00,2026-01-06 06:24:12.046213+00:00,551.721,0.135,0.13,0.14,0.865,0.86,0.87,,,,
2026-01-06 06:24:12.954000+00:00,2026-01-06 06:24:13.048256+00:00,552.954,0.135,0.13,0.14,0.865,0.86,0.87,,,,
2026-01-06 06:24:13.946000+00:00,2026-01-06 06:24:14.060222+00:00,553.946,0.125,0.12,0.13,0.875,0.87,0.88,,,,
2026-01-06 06:24:14.566000+00:00,2026-01-06 06:24:15.065866+00:00,554.566,0.13,0.12,0.14,0.87,0.86,0.88,,,,
2026-01-06 06:24:15.944000+00:00,2026-01-06 06:24:16.080267+00:00,555.944,0.125,0.12,0.13,0.875,0.87,0.88,,,,
2026-01-06 06:24:16.966000+00:00,2026-01-06 06:24:17.094919+00:00,556.966,0.125,0.12,0.13,0.875,0.87,0.88,,,,
2026-01-06 06:24:17.562000+00:00,2026-01-06 06:24:18.097809+00:00,557.562,0.125,0.12,0.13,0.875,0.87,0.88,,,,
2026-01-06 06:24:18.990000+00:00,2026-01-06 06:24:19.113695+00:00,558.99,0.125,0.12,0.13,0.875,0.87,0.88,,,,
2026-01-06 06:24:19.885000+00:00,2026-01-06 06:24:20.128882+00:00,559.885,0.125,0.12,0.13,0.875,0.87,0.88,,,,
2026-01-06 06:24:20.971000+00:00,2026-01-06 06:24:21.128861+00:00,560.971,0.125,0.12,0.13,0.875,0.87,0.88,,,,
2026-01-06 06:24:22.979000+00:00,2026-01-06 06:24:23.145163+00:00,562.979,0.125,0.12,0.13,0.875,0.87,0.88,,,,
2026-01-06 06:24:23.984000+00:00,2026-01-06 06:24:24.145143+00:00,563.984,0.12,0.11,0.13,0.875,0.87,0.88,,,,
2026-01-06 06:24:24.964000+00:00,2026-01-06 06:24:25.161381+00:00,564.964,0.125,0.12,0.13,0.875,0.87,0.88,,,,
2026-01-06 06:24:25.982000+00:00,2026-01-06 06:24:26.160573+00:00,565.982,0.125,0.12,0.13,0.875,0.87,0.88,,,,
2026-01-06 06:24:27.066000+00:00,2026-01-06 06:24:27.180606+00:00,567.066,0.12,0.11,0.13,0.88,0.87,0.89,,,,
2026-01-06 06:24:28.072000+00:00,2026-01-06 06:24:28.201046+00:00,568.072,0.12,0.11,0.13,0.88,0.87,0.89,,,,
2026-01-06 06:24:29.095000+00:00,2026-01-06 06:24:29.219350+00:00,569.095,0.12,0.11,0.13,0.88,0.87,0.89,,,,
2026-01-06 06:24:30.851000+00:00,2026-01-06 06:24:31.245086+00:00,570.851,0.125,0.12,0.13,0.875,0.87,0.88,,,,
2026-01-06 06:24:32.971000+00:00,2026-01-06 06:24:33.262917+00:00,572.971,0.125,0.12,0.13,0.875,0.87,0.88,,,,
2026-01-06 06:24:34.170000+00:00,2026-01-06 06:24:34.280941+00:00,574.17,0.155,0.15,0.16,0.845,0.84,0.85,,,,
2026-01-06 06:24:35.109000+00:00,2026-01-06 06:24:35.279301+00:00,575.109,0.155,0.15,0.16,0.845,0.84,0.85,,,,
2026-01-06 06:24:36.149000+00:00,2026-01-06 06:24:36.287557+00:00,576.149,0.145,0.14,0.15,0.855,0.85,0.86,,,,
2026-01-06 06:24:37.005000+00:00,2026-01-06 06:24:37.293602+00:00,577.005,0.145,0.14,0.15,0.85,0.84,0.86,,,,
2026-01-06 06:24:38.119000+00:00,2026-01-06 06:24:38.296732+00:00,578.119,0.15,0.14,0.16,0.85,0.84,0.86,,,,
2026-01-06 06:24:39.077000+00:00,2026-01-06 06:24:39.310638+00:00,579.077,0.145,0.14,0.15,0.855,0.85,0.86,,,,
2026-01-06 06:24:40.158000+00:00,2026-01-06 06:24:40.327991+00:00,580.158,0.155,0.15,0.16,0.845,0.84,0.85,,,,
2026-01-06 06:24:41.163000+00:00,2026-01-06 06:24:41.344481+00:00,581.163,0.145,0.14,0.15,0.855,0.85,0.86,,,,
2026-01-06 06:24:42.237000+00:00,2026-01-06 06:24:42.352045+00:00,582.237,0.145,0.14,0.15,0.855,0.85,0.86,,,,
2026-01-06 06:24:43.012000+00:00,2026-01-06 06:24:43.358785+00:00,583.012,0.145,0.14,0.15,0.855,0.85,0.86,,,,
2026-01-06 06:24:44.224000+00:00,2026-01-06 06:24:44.377036+00:00,584.224,0.145,0.14,0.15,0.855,0.85,0.86,,,,
2026-01-06 06:24:45.260000+00:00,2026-01-06 06:24:45.395406+00:00,585.26,0.145,0.14,0.15,0.855,0.85,0.86,,,,
2026-01-06 06:24:46.273000+00:00,2026-01-06 06:24:46.391817+00:00,586.273,0.145,0.14,0.15,0.83,0.82,0.84,,,,
2026-01-06 06:24:47.282000+00:00,2026-01-06 06:24:47.397062+00:00,587.282,0.175,0.17,0.18,0.815,0.81,0.82,,,,
2026-01-06 06:24:48.274000+00:00,2026-01-06 06:24:48.393263+00:00,588.274,0.195,0.19,0.2,0.805,0.8,0.81,,,,
2026-01-06 06:24:49.302000+00:00,2026-01-06 06:24:49.405390+00:00,589.302,0.195,0.19,0.2,0.805,0.8,0.81,,,,
2026-01-06 06:24:50.264000+00:00,2026-01-06 06:24:50.395507+00:00,590.264,0.195,0.19,0.2,0.805,0.8,0.81,,,,
2026-01-06 06:24:51.138000+00:00,2026-01-06 06:24:51.396070+00:00,591.138,0.195,0.19,0.2,0.805,0.8,0.81,,,,
2026-01-06 06:24:52.268000+00:00,2026-01-06 06:24:52.405672+00:00,592.268,0.19,0.18,0.2,0.81,0.8,0.82,,,,
2026-01-06 06:24:53.923000+00:00,2026-01-06 06:24:54.412728+00:00,593.923,0.185,0.18,0.19,0.815,0.81,0.82,,,,
2026-01-06 06:24:55.204000+00:00,2026-01-06 06:24:55.413114+00:00,595.204,0.185,0.18,0.19,0.815,0.81,0.82,,,,
2026-01-06 06:24:56.316000+00:00,2026-01-06 06:24:56.429477+00:00,596.316,0.185,0.18,0.19,0.835,0.82,0.85,,,,
2026-01-06 06:24:57.329000+00:00,2026-01-06 06:24:57.444491+00:00,597.329,0.155,0.15,0.16,0.855,0.85,0.86,,,,
2026-01-06 06:24:58.346000+00:00,2026-01-06 06:24:58.455555+00:00,598.346,0.155,0.15,0.16,0.845,0.84,0.85,,,,
2026-01-06 06:24:59.311000+00:00,2026-01-06 06:24:59.464448+00:00,599.311,0.155,0.15,0.16,0.845,0.84,0.85,,,,
2026-01-06 06:25:00.249000+00:00,2026-01-06 06:25:00.467575+00:00,600.249,0.155,0.15,0.16,0.845,0.84,0.85,,,,
2026-01-06 06:25:01.347000+00:00,2026-01-06 06:25:01.477823+00:00,601.347,0.145,0.14,0.15,0.855,0.85,0.86,,,,
2026-01-06 06:25:02.302000+00:00,2026-01-06 06:25:02.477113+00:00,602.302,0.145,0.14,0.15,0.86,0.85,0.87,,,,
2026-01-06 06:25:03.357000+00:00,2026-01-06 06:25:03.486611+00:00,603.357,0.105,0.1,0.11,0.895,0.89,0.9,,,,
2026-01-06 06:25:04.335000+00:00,2026-01-06 06:25:04.487440+00:00,604.335,0.105,0.1,0.11,0.895,0.89,0.9,,,,
2026-01-06 06:25:05.378000+00:00,2026-01-06 06:25:05.494130+00:00,605.378,0.125,0.12,0.13,0.87,0.86,0.88,,,,
2026-01-06 06:25:06.338000+00:00,2026-01-06 06:25:06.502743+00:00,606.338,0.13,0.12,0.14,0.87,0.86,0.88,,,,
2026-01-06 06:25:07.365000+00:00,2026-01-06 06:25:07.495541+00:00,607.365,0.13,0.12,0.14,0.87,0.86,0.88,,,,
2026-01-06 06:25:08.367000+00:00,2026-01-06 06:25:08.494305+00:00,608.367,0.125,0.12,0.13,0.875,0.87,0.88,,,,
2026-01-06 06:25:09.354000+00:00,2026-01-06 06:25:09.511295+00:00,609.354,0.1149999999999999,0.11,0.12,0.885,0.88,0.89,,,,
2026-01-06 06:25:10.322000+00:00,2026-01-06 06:25:10.511124+00:00,610.322,0.1149999999999999,0.11,0.12,0.885,0.88,0.89,,,,
2026-01-06 06:25:11.377000+00:00,2026-01-06 06:25:11.510950+00:00,611.377,0.11,0.1,0.12,0.89,0.88,0.9,,,,
2026-01-06 06:25:12.413000+00:00,2026-01-06 06:25:12.527409+00:00,612.413,0.105,0.1,0.11,0.895,0.89,0.9,,,,
2026-01-06 06:25:13.405000+00:00,2026-01-06 06:25:13.528320+00:00,613.405,0.095,0.09,0.1,0.905,0.9,0.91,,,,
2026-01-06 06:25:14.405000+00:00,2026-01-06 06:25:14.534915+00:00,614.405,0.095,0.09,0.1,0.905,0.9,0.91,,,,
2026-01-06 06:25:15.403000+00:00,2026-01-06 06:25:15.535061+00:00,615.403,0.095,0.09,0.1,0.905,0.9,0.91,,,,
2026-01-06 06:25:16.408000+00:00,2026-01-06 06:25:16.551094+00:00,616.408,0.095,0.09,0.1,0.905,0.9,0.91,,,,
2026-01-06 06:25:17.428000+00:00,2026-01-06 06:25:17.563067+00:00,617.428,0.105,0.1,0.11,0.895,0.89,0.9,,,,
2026-01-06 06:25:18.441000+00:00,2026-01-06 06:25:18.563434+00:00,618.441,0.105,0.1,0.11,0.895,0.89,0.9,,,,
2026-01-06 06:25:19.128000+00:00,2026-01-06 06:25:19.565602+00:00,619.128,0.105,0.1,0.11,0.895,0.89,0.9,,,,
2026-01-06 06:25:20.434000+00:00,2026-01-06 06:25:20.578485+00:00,620.434,0.11,0.1,0.12,0.89,0.88,0.9,,,,
2026-01-06 06:25:21.460000+00:00,2026-01-06 06:25:21.598089+00:00,621.46,0.11,0.1,0.12,0.89,0.88,0.9,,,,
2026-01-06 06:25:22.477000+00:00,2026-01-06 06:25:22.588533+00:00,622.477,0.11,0.1,0.12,0.89,0.88,0.9,,,,
2026-01-06 06:25:23.179000+00:00,2026-01-06 06:25:23.592613+00:00,623.179,0.11,0.1,0.12,0.89,0.88,0.9,,,,
2026-01-06 06:25:24.086000+00:00,2026-01-06 06:25:24.593023+00:00,624.086,0.11,0.1,0.12,0.89,0.88,0.9,,,,
2026-01-06 06:25:25.179000+00:00,2026-01-06 06:25:26.629112+00:00,625.179,0.11,0.1,0.12,0.89,0.88,0.9,,,,
2026-01-06 06:25:27.482000+00:00,2026-01-06 06:25:27.627158+00:00,627.482,0.11,0.1,0.12,0.89,0.88,0.9,,,,
2026-01-06 06:25:28.165000+00:00,2026-01-06 06:25:28.633034+00:00,628.165,0.11,0.1,0.12,0.89,0.88,0.9,,,,
2026-01-06 06:25:29.241000+00:00,2026-01-06 06:25:29.642169+00:00,629.241,0.11,0.1,0.12,0.89,0.88,0.9,,,,
2026-01-06 06:25:30.418000+00:00,2026-01-06 06:25:30.641906+00:00,630.418,0.1149999999999999,0.11,0.12,0.885,0.88,0.89,,,,
2026-01-06 06:25:31.437000+00:00,2026-01-06 06:25:31.641754+00:00,631.437,0.1149999999999999,0.11,0.12,0.885,0.88,0.89,,,,
2026-01-06 06:25:32.525000+00:00,2026-01-06 06:25:32.659467+00:00,632.525,0.1149999999999999,0.11,0.12,0.885,0.88,0.89,,,,
2026-01-06 06:25:33.521000+00:00,2026-01-06 06:25:33.679833+00:00,633.521,0.1149999999999999,0.11,0.12,0.885,0.88,0.89,,,,
2026-01-06 06:25:34.551000+00:00,2026-01-06 06:25:34.675723+00:00,634.551,0.14,0.13,0.15,0.86,0.85,0.87,,,,
2026-01-06 06:25:35.548000+00:00,2026-01-06 06:25:35.683969+00:00,635.548,0.145,0.14,0.15,0.855,0.85,0.86,,,,
2026-01-06 06:25:36.565000+00:00,2026-01-06 06:25:36.683538+00:00,636.565,0.1699999999999999,0.16,0.18,0.83,0.82,0.84,,,,
2026-01-06 06:25:37.550000+00:00,2026-01-06 06:25:37.690401+00:00,637.55,0.165,0.16,0.17,0.835,0.83,0.84,,,,
2026-01-06 06:25:38.351000+00:00,2026-01-06 06:25:38.693779+00:00,638.351,0.165,0.16,0.17,0.835,0.83,0.84,,,,
2026-01-06 06:25:39.545000+00:00,2026-01-06 06:25:39.709219+00:00,639.545,0.165,0.16,0.17,0.835,0.83,0.84,,,,
2026-01-06 06:25:40.412000+00:00,2026-01-06 06:25:40.724453+00:00,640.412,0.165,0.16,0.17,0.835,0.83,0.84,,,,
2026-01-06 06:25:41.567000+00:00,2026-01-06 06:25:41.726327+00:00,641.567,0.165,0.16,0.17,0.835,0.83,0.84,,,,
2026-01-06 06:25:42.500000+00:00,2026-01-06 06:25:42.718280+00:00,642.5,0.165,0.16,0.17,0.84,0.83,0.85,,,,
2026-01-06 06:25:43.590000+00:00,2026-01-06 06:25:43.724563+00:00,643.59,0.165,0.16,0.17,0.835,0.83,0.84,,,,
2026-01-06 06:25:44.618000+00:00,2026-01-06 06:25:44.725406+00:00,644.618,0.135,0.13,0.14,0.865,0.86,0.87,,,,
2026-01-06 06:25:45.616000+00:00,2026-01-06 06:25:45.725784+00:00,645.616,0.135,0.13,0.14,0.865,0.86,0.87,,,,
2026-01-06 06:25:46.571000+00:00,2026-01-06 06:25:46.737998+00:00,646.571,0.135,0.13,0.14,0.865,0.86,0.87,,,,
2026-01-06 06:25:47.571000+00:00,2026-01-06 06:25:47.744003+00:00,647.571,0.135,0.13,0.14,0.865,0.86,0.87,,,,
2026-01-06 06:25:48.640000+00:00,2026-01-06 06:25:48.758985+00:00,648.64,0.13,0.12,0.14,0.865,0.86,0.87,,,,
2026-01-06 06:25:49.378000+00:00,2026-01-06 06:25:49.779127+00:00,649.378,0.125,0.12,0.13,0.875,0.87,0.88,,,,
2026-01-06 06:25:50.664000+00:00,2026-01-06 06:25:50.777884+00:00,650.664,0.125,0.12,0.13,0.855,0.85,0.86,,,,
2026-01-06 06:25:51.596000+00:00,2026-01-06 06:25:51.785030+00:00,651.596,0.185,0.18,0.19,0.8200000000000001,0.81,0.83,,,,
2026-01-06 06:25:52.631000+00:00,2026-01-06 06:25:52.783496+00:00,652.631,0.18,0.17,0.19,0.8200000000000001,0.81,0.83,,,,
2026-01-06 06:25:53.670000+00:00,2026-01-06 06:25:53.793420+00:00,653.67,0.175,0.17,0.18,0.8200000000000001,0.81,0.83,,,,
2026-01-06 06:25:54.552000+00:00,2026-01-06 06:25:54.801898+00:00,654.552,0.175,0.17,0.18,0.825,0.82,0.83,,,,
2026-01-06 06:25:55.678000+00:00,2026-01-06 06:25:55.792937+00:00,655.678,0.175,0.17,0.18,0.825,0.82,0.83,,,,
2026-01-06 06:25:56.557000+00:00,2026-01-06 06:25:56.795195+00:00,656.557,0.175,0.17,0.18,0.825,0.82,0.83,,,,
2026-01-06 06:25:57.665000+00:00,2026-01-06 06:25:57.793403+00:00,657.665,0.185,0.18,0.19,0.815,0.81,0.82,,,,
2026-01-06 06:25:58.631000+00:00,2026-01-06 06:25:58.798118+00:00,658.631,0.185,0.18,0.19,0.815,0.81,0.82,,,,
2026-01-06 06:25:59.694000+00:00,2026-01-06 06:25:59.809677+00:00,659.694,0.175,0.17,0.18,0.825,0.82,0.83,,,,
2026-01-06 06:26:00.701000+00:00,2026-01-06 06:26:00.822670+00:00,660.701,0.165,0.16,0.17,0.835,0.83,0.84,,,,
2026-01-06 06:26:01.690000+00:00,2026-01-06 06:26:01.837796+00:00,661.69,0.1699999999999999,0.16,0.18,0.83,0.82,0.84,,,,
2026-01-06 06:26:02.489000+00:00,2026-01-06 06:26:02.850553+00:00,662.489,0.1699999999999999,0.16,0.18,0.83,0.82,0.84,,,,
2026-01-06 06:26:03.594000+00:00,2026-01-06 06:26:03.850259+00:00,663.594,0.1699999999999999,0.16,0.18,0.83,0.82,0.84,,,,
2026-01-06 06:26:04.685000+00:00,2026-01-06 06:26:04.860040+00:00,664.685,0.1699999999999999,0.16,0.18,0.83,0.82,0.84,,,,
2026-01-06 06:26:05.759000+00:00,2026-01-06 06:26:05.875750+00:00,665.759,0.155,0.15,0.16,0.845,0.84,0.85,,,,
2026-01-06 06:26:06.743000+00:00,2026-01-06 06:26:06.884212+00:00,666.743,0.145,0.14,0.15,0.855,0.85,0.86,,,,
2026-01-06 06:26:07.776000+00:00,2026-01-06 06:26:07.892686+00:00,667.776,0.135,0.13,0.14,0.865,0.86,0.87,,,,
2026-01-06 06:26:08.401000+00:00,2026-01-06 06:26:08.898139+00:00,668.401,0.135,0.13,0.14,0.865,0.86,0.87,,,,
2026-01-06 06:26:09.687000+00:00,2026-01-06 06:26:09.908606+00:00,669.687,0.135,0.13,0.14,0.865,0.86,0.87,,,,
2026-01-06 06:26:10.774000+00:00,2026-01-06 06:26:10.924898+00:00,670.774,0.135,0.13,0.14,0.865,0.86,0.87,,,,
2026-01-06 06:26:11.647000+00:00,2026-01-06 06:26:11.932580+00:00,671.647,0.135,0.13,0.14,0.865,0.86,0.87,,,,
2026-01-06 06:26:12.767000+00:00,2026-01-06 06:26:12.942217+00:00,672.767,0.135,0.13,0.14,0.865,0.86,0.87,,,,
2026-01-06 06:26:13.838000+00:00,2026-01-06 06:26:13.948065+00:00,673.838,0.255,0.25,0.26,0.745,0.74,0.75,,,,
2026-01-06 06:26:14.843000+00:00,2026-01-06 06:26:14.958167+00:00,674.843,0.225,0.22,0.23,0.775,0.77,0.78,,,,
2026-01-06 06:26:15.850000+00:00,2026-01-06 06:26:15.967415+00:00,675.85,0.215,0.21,0.22,0.785,0.78,0.79,,,,
2026-01-06 06:26:16.847000+00:00,2026-01-06 06:26:16.965504+00:00,676.847,0.215,0.21,0.22,0.785,0.78,0.79,,,,
2026-01-06 06:26:17.804000+00:00,2026-01-06 06:26:17.975423+00:00,677.804,0.225,0.22,0.23,0.785,0.78,0.79,,,,
2026-01-06 06:26:18.837000+00:00,2026-01-06 06:26:18.974868+00:00,678.837,0.215,0.21,0.22,0.785,0.78,0.79,,,,
2026-01-06 06:26:19.840000+00:00,2026-01-06 06:26:19.975705+00:00,679.84,0.215,0.21,0.22,0.775,0.77,0.78,,,,
2026-01-06 06:26:20.871000+00:00,2026-01-06 06:26:20.992369+00:00,680.871,0.225,0.22,0.23,0.765,0.76,0.77,,,,
2026-01-06 06:26:21.850000+00:00,2026-01-06 06:26:21.998706+00:00,681.85,0.2299999999999999,0.22,0.24,0.77,0.76,0.78,,,,
2026-01-06 06:26:22.929000+00:00,2026-01-06 06:26:23.000498+00:00,682.929,0.235,0.23,0.24,0.765,0.76,0.77,,,,
2026-01-06 06:26:23.867000+00:00,2026-01-06 06:26:24.008310+00:00,683.867,0.24,0.23,0.25,0.76,0.75,0.77,,,,
2026-01-06 06:26:24.872000+00:00,2026-01-06 06:26:25.014772+00:00,684.872,0.24,0.23,0.25,0.76,0.75,0.77,,,,
2026-01-06 06:26:25.878000+00:00,2026-01-06 06:26:26.024745+00:00,685.878,0.235,0.23,0.24,0.765,0.76,0.77,,,,
2026-01-06 06:26:26.906000+00:00,2026-01-06 06:26:27.045533+00:00,686.906,0.235,0.23,0.24,0.76,0.75,0.77,,,,
2026-01-06 06:26:27.928000+00:00,2026-01-06 06:26:28.048093+00:00,687.928,0.245,0.24,0.25,0.755,0.75,0.76,,,,
2026-01-06 06:26:28.834000+00:00,2026-01-06 06:26:29.053212+00:00,688.834,0.25,0.24,0.26,0.75,0.74,0.76,,,,
2026-01-06 06:26:29.815000+00:00,2026-01-06 06:26:30.058776+00:00,689.815,0.245,0.24,0.25,0.76,0.75,0.77,,,,
2026-01-06 06:26:30.944000+00:00,2026-01-06 06:26:31.058953+00:00,690.944,0.235,0.23,0.24,0.765,0.76,0.77,,,,
2026-01-06 06:26:31.936000+00:00,2026-01-06 06:26:32.058260+00:00,691.936,0.2299999999999999,0.22,0.24,0.775,0.77,0.78,,,,
2026-01-06 06:26:32.875000+00:00,2026-01-06 06:26:33.074530+00:00,692.875,0.2299999999999999,0.22,0.24,0.77,0.76,0.78,,,,
2026-01-06 06:26:33.950000+00:00,2026-01-06 06:26:34.074198+00:00,693.95,0.225,0.22,0.23,0.775,0.77,0.78,,,,
2026-01-06 06:26:34.964000+00:00,2026-01-06 06:26:35.075111+00:00,694.964,0.225,0.22,0.23,0.775,0.77,0.78,,,,
2026-01-06 06:26:35.826000+00:00,2026-01-06 06:26:36.095696+00:00,695.826,0.225,0.22,0.23,0.775,0.77,0.78,,,,
2026-01-06 06:26:36.947000+00:00,2026-01-06 06:26:37.109458+00:00,696.947,0.225,0.22,0.23,0.775,0.77,0.78,,,,
2026-01-06 06:26:37.983000+00:00,2026-01-06 06:26:38.112814+00:00,697.983,0.215,0.21,0.22,0.785,0.78,0.79,,,,
2026-01-06 06:26:38.995000+00:00,2026-01-06 06:26:39.116822+00:00,698.995,0.2299999999999999,0.22,0.24,0.77,0.76,0.78,,,,
2026-01-06 06:26:39.983000+00:00,2026-01-06 06:26:40.110091+00:00,699.983,0.2299999999999999,0.22,0.24,0.765,0.76,0.77,,,,
2026-01-06 06:26:40.983000+00:00,2026-01-06 06:26:41.114446+00:00,700.983,0.235,0.23,0.24,0.765,0.76,0.77,,,,
2026-01-06 06:26:41.984000+00:00,2026-01-06 06:26:42.130077+00:00,701.984,0.235,0.23,0.24,0.765,0.76,0.77,,,,
2026-01-06 06:26:42.784000+00:00,2026-01-06 06:26:43.131269+00:00,702.784,0.2299999999999999,0.22,0.24,0.77,0.76,0.78,,,,
2026-01-06 06:26:43.899000+00:00,2026-01-06 06:26:44.141586+00:00,703.899,0.225,0.22,0.23,0.775,0.77,0.78,,,,
2026-01-06 06:26:44.971000+00:00,2026-01-06 06:26:45.141952+00:00,704.971,0.225,0.22,0.23,0.775,0.77,0.78,,,,
2026-01-06 06:26:46.041000+00:00,2026-01-06 06:26:46.158609+00:00,706.041,0.225,0.22,0.23,0.775,0.77,0.78,,,,
2026-01-06 06:26:47.025000+00:00,2026-01-06 06:26:47.173224+00:00,707.025,0.235,0.23,0.24,0.73,0.71,0.75,,,,
2026-01-06 06:26:48.993000+00:00,2026-01-06 06:26:49.189796+00:00,708.993,0.28,0.27,0.29,0.72,0.71,0.73,,,,
2026-01-06 06:26:49.959000+00:00,2026-01-06 06:26:50.195820+00:00,709.959,0.28,0.27,0.29,0.72,0.71,0.73,,,,
2026-01-06 06:26:51.082000+00:00,2026-01-06 06:26:51.190064+00:00,711.082,0.275,0.27,0.28,0.725,0.72,0.73,,,,
2026-01-06 06:26:52.064000+00:00,2026-01-06 06:26:52.203991+00:00,712.064,0.255,0.25,0.26,0.745,0.74,0.75,,,,
2026-01-06 06:26:53.104000+00:00,2026-01-06 06:26:53.221437+00:00,713.104,0.25,0.24,0.26,0.755,0.75,0.76,,,,
2026-01-06 06:26:54.112000+00:00,2026-01-06 06:26:54.228634+00:00,714.112,0.195,0.19,0.2,0.805,0.8,0.81,,,,
2026-01-06 06:26:55.121000+00:00,2026-01-06 06:26:55.239590+00:00,715.121,0.185,0.18,0.19,0.815,0.81,0.82,,,,
2026-01-06 06:26:56.061000+00:00,2026-01-06 06:26:56.246419+00:00,716.061,0.175,0.17,0.18,0.825,0.82,0.83,,,,
2026-01-06 06:26:57.126000+00:00,2026-01-06 06:26:57.257533+00:00,717.126,0.175,0.17,0.18,0.825,0.82,0.83,,,,
2026-01-06 06:26:58.128000+00:00,2026-01-06 06:26:58.274669+00:00,718.128,0.185,0.18,0.19,0.815,0.81,0.82,,,,
2026-01-06 06:26:59.987000+00:00,2026-01-06 06:27:00.308883+00:00,719.987,0.185,0.18,0.19,0.815,0.81,0.82,,,,
2026-01-06 06:27:01.227000+00:00,2026-01-06 06:27:01.325948+00:00,721.227,0.155,0.15,0.16,0.845,0.84,0.85,,,,
2026-01-06 06:27:02.207000+00:00,2026-01-06 06:27:02.322932+00:00,722.207,0.15,0.14,0.16,0.855,0.85,0.86,,,,
2026-01-06 06:27:03.175000+00:00,2026-01-06 06:27:03.324543+00:00,723.175,0.135,0.13,0.14,0.865,0.86,0.87,,,,
2026-01-06 06:27:04.202000+00:00,2026-01-06 06:27:04.323106+00:00,724.202,0.125,0.12,0.13,0.875,0.87,0.88,,,,
2026-01-06 06:27:05.213000+00:00,2026-01-06 06:27:05.323290+00:00,725.213,0.125,0.12,0.13,0.875,0.87,0.88,,,,
2026-01-06 06:27:06.215000+00:00,2026-01-06 06:27:06.332814+00:00,726.215,0.15,0.14,0.16,0.85,0.84,0.86,,,,
2026-01-06 06:27:07.228000+00:00,2026-01-06 06:27:07.343345+00:00,727.228,0.155,0.15,0.16,0.845,0.84,0.85,,,,
2026-01-06 06:27:08.127000+00:00,2026-01-06 06:27:08.342844+00:00,728.127,0.155,0.15,0.16,0.85,0.84,0.86,,,,
2026-01-06 06:27:09.195000+00:00,2026-01-06 06:27:09.338715+00:00,729.195,0.165,0.16,0.17,0.835,0.83,0.84,,,,
2026-01-06 06:27:10.213000+00:00,2026-01-06 06:27:10.332848+00:00,730.213,0.175,0.17,0.18,0.825,0.82,0.83,,,,
2026-01-06 06:27:11.201000+00:00,2026-01-06 06:27:11.331856+00:00,731.201,0.175,0.17,0.18,0.825,0.82,0.83,,,,
2026-01-06 06:27:12.152000+00:00,2026-01-06 06:27:12.342878+00:00,732.152,0.1699999999999999,0.16,0.18,0.83,0.82,0.84,,,,
2026-01-06 06:27:13.121000+00:00,2026-01-06 06:27:13.342443+00:00,733.121,0.1699999999999999,0.16,0.18,0.83,0.82,0.84,,,,
2026-01-06 06:27:14.978000+00:00,2026-01-06 06:27:15.356038+00:00,734.978,0.135,0.13,0.14,0.865,0.86,0.87,,,,
2026-01-06 06:27:16.252000+00:00,2026-01-06 06:27:16.361785+00:00,736.252,0.125,0.12,0.13,0.875,0.87,0.88,,,,
2026-01-06 06:27:17.259000+00:00,2026-01-06 06:27:17.373855+00:00,737.259,0.1149999999999999,0.11,0.12,0.885,0.88,0.89,,,,
2026-01-06 06:27:18.279000+00:00,2026-01-06 06:27:18.379663+00:00,738.279,0.165,0.16,0.17,0.835,0.83,0.84,,,,
2026-01-06 06:27:19.262000+00:00,2026-01-06 06:27:19.380851+00:00,739.262,0.1699999999999999,0.16,0.18,0.83,0.82,0.84,,,,
2026-01-06 06:27:20.237000+00:00,2026-01-06 06:27:20.382538+00:00,740.237,0.1699999999999999,0.16,0.18,0.83,0.82,0.84,,,,
2026-01-06 06:27:21.235000+00:00,2026-01-06 06:27:21.389064+00:00,741.235,0.1699999999999999,0.16,0.18,0.83,0.82,0.84,,,,
2026-01-06 06:27:22.272000+00:00,2026-01-06 06:27:22.394347+00:00,742.272,0.175,0.17,0.18,0.825,0.82,0.83,,,,
2026-01-06 06:27:23.066000+00:00,2026-01-06 06:27:23.405752+00:00,743.066,0.175,0.17,0.18,0.825,0.82,0.83,,,,
2026-01-06 06:27:24.191000+00:00,2026-01-06 06:27:24.419135+00:00,744.191,0.185,0.18,0.19,0.815,0.81,0.82,,,,
2026-01-06 06:27:25.182000+00:00,2026-01-06 06:27:25.419036+00:00,745.182,0.185,0.18,0.19,0.815,0.81,0.82,,,,
2026-01-06 06:27:26.276000+00:00,2026-01-06 06:27:26.423617+00:00,746.276,0.1699999999999999,0.16,0.18,0.83,0.82,0.84,,,,
2026-01-06 06:27:27.301000+00:00,2026-01-06 06:27:27.430934+00:00,747.301,0.1699999999999999,0.16,0.18,0.83,0.82,0.84,,,,
2026-01-06 06:27:28.088000+00:00,2026-01-06 06:27:28.438978+00:00,748.088,0.1699999999999999,0.16,0.18,0.83,0.82,0.84,,,,
2026-01-06 06:27:29.313000+00:00,2026-01-06 06:27:29.438919+00:00,749.313,0.145,0.14,0.15,0.855,0.85,0.86,,,,
2026-01-06 06:27:30.315000+00:00,2026-01-06 06:27:30.443099+00:00,750.315,0.15,0.14,0.16,0.85,0.84,0.86,,,,
2026-01-06 06:27:31.121000+00:00,2026-01-06 06:27:31.438429+00:00,751.121,0.15,0.14,0.16,0.85,0.84,0.86,,,,
2026-01-06 06:27:32.336000+00:00,2026-01-06 06:27:32.438931+00:00,752.336,0.15,0.14,0.16,0.85,0.84,0.86,,,,
2026-01-06 06:27:33.241000+00:00,2026-01-06 06:27:33.456395+00:00,753.241,0.15,0.14,0.16,0.85,0.84,0.86,,,,
2026-01-06 06:27:34.207000+00:00,2026-01-06 06:27:34.464688+00:00,754.207,0.15,0.14,0.16,0.85,0.84,0.86,,,,
2026-01-06 06:27:35.337000+00:00,2026-01-06 06:27:35.472224+00:00,755.337,0.175,0.17,0.18,0.825,0.82,0.83,,,,
2026-01-06 06:27:36.362000+00:00,2026-01-06 06:27:36.473415+00:00,756.362,0.195,0.18,0.21,0.78,0.77,0.79,,,,
2026-01-06 06:27:37.352000+00:00,2026-01-06 06:27:37.471667+00:00,757.352,0.22,0.21,0.23,0.78,0.77,0.79,,,,
2026-01-06 06:27:38.349000+00:00,2026-01-06 06:27:38.464624+00:00,758.349,0.22,0.21,0.23,0.785,0.78,0.79,,,,
2026-01-06 06:27:39.348000+00:00,2026-01-06 06:27:39.471390+00:00,759.348,0.215,0.21,0.22,0.785,0.78,0.79,,,,
2026-01-06 06:27:40.302000+00:00,2026-01-06 06:27:40.487925+00:00,760.302,0.215,0.21,0.22,0.785,0.78,0.79,,,,
2026-01-06 06:27:41.365000+00:00,2026-01-06 06:27:41.488812+00:00,761.365,0.215,0.21,0.22,0.785,0.78,0.79,,,,
2026-01-06 06:27:42.359000+00:00,2026-01-06 06:27:42.488215+00:00,762.359,0.215,0.21,0.22,0.78,0.77,0.79,,,,
2026-01-06 06:27:43.389000+00:00,2026-01-06 06:27:43.504957+00:00,763.389,0.44,0.43,0.45,0.565,0.56,0.57,,,,
2026-01-06 06:27:44.380000+00:00,2026-01-06 06:27:44.512888+00:00,764.38,0.41,0.4,0.42,0.585,0.58,0.59,,,,
2026-01-06 06:27:45.385000+00:00,2026-01-06 06:27:45.508046+00:00,765.385,0.44,0.43,0.45,0.585,0.58,0.59,,,,
2026-01-06 06:27:46.391000+00:00,2026-01-06 06:27:46.504602+00:00,766.391,0.455,0.45,0.46,0.545,0.54,0.55,,,,
2026-01-06 06:27:47.361000+00:00,2026-01-06 06:27:47.509970+00:00,767.361,0.415,0.41,0.42,0.585,0.58,0.59,,,,
2026-01-06 06:27:48.395000+00:00,2026-01-06 06:27:48.510796+00:00,768.395,0.475,0.47,0.48,0.515,0.5,0.53,,,,
2026-01-06 06:27:49.387000+00:00,2026-01-06 06:27:49.504905+00:00,769.387,0.615,0.61,0.62,0.375,0.36,0.39,,,,
2026-01-06 06:27:50.407000+00:00,2026-01-06 06:27:50.522005+00:00,770.407,0.6799999999999999,0.67,0.69,0.325,0.32,0.33,,,,
2026-01-06 06:27:51.382000+00:00,2026-01-06 06:27:51.520528+00:00,771.382,0.6799999999999999,0.67,0.69,0.3349999999999999,0.32,0.35,,,,
2026-01-06 06:27:52.409000+00:00,2026-01-06 06:27:52.524239+00:00,772.409,0.685,0.68,0.69,0.31,0.3,0.32,,,,
2026-01-06 06:27:53.389000+00:00,2026-01-06 06:27:53.540602+00:00,773.389,0.6799999999999999,0.67,0.69,0.33,0.32,0.34,,,,
2026-01-06 06:27:54.425000+00:00,2026-01-06 06:27:54.543184+00:00,774.425,0.6799999999999999,0.67,0.69,0.315,0.31,0.32,,,,
2026-01-06 06:27:55.384000+00:00,2026-01-06 06:27:55.540628+00:00,775.384,0.665,0.66,0.67,0.35,0.33,0.37,,,,
2026-01-06 06:27:56.388000+00:00,2026-01-06 06:27:56.549350+00:00,776.388,0.625,0.62,0.63,0.375,0.36,0.39,,,,
2026-01-06 06:27:57.430000+00:00,2026-01-06 06:27:57.564773+00:00,777.43,0.625,0.62,0.63,0.375,0.37,0.38,,,,
2026-01-06 06:27:58.458000+00:00,2026-01-06 06:27:58.580569+00:00,778.458,0.615,0.61,0.62,0.385,0.38,0.39,,,,
2026-01-06 06:27:59.473000+00:00,2026-01-06 06:27:59.589998+00:00,779.473,0.555,0.55,0.56,0.445,0.44,0.45,,,,
2026-01-06 06:28:00.408000+00:00,2026-01-06 06:28:00.601861+00:00,780.408,0.525,0.52,0.53,0.475,0.47,0.48,,,,
2026-01-06 06:28:01.489000+00:00,2026-01-06 06:28:01.607744+00:00,781.489,0.53,0.52,0.54,0.485,0.48,0.49,,,,
2026-01-06 06:28:02.492000+00:00,2026-01-06 06:28:02.613073+00:00,782.492,0.475,0.47,0.48,0.525,0.52,0.53,,,,
2026-01-06 06:28:03.487000+00:00,2026-01-06 06:28:03.621593+00:00,783.487,0.455,0.45,0.46,0.545,0.54,0.55,,,,
2026-01-06 06:28:04.433000+00:00,2026-01-06 06:28:04.611769+00:00,784.433,0.4649999999999999,0.46,0.47,0.535,0.53,0.54,,,,
2026-01-06 06:28:05.458000+00:00,2026-01-06 06:28:05.612623+00:00,785.458,0.4599999999999999,0.45,0.47,0.54,0.53,0.55,,,,
2026-01-06 06:28:06.458000+00:00,2026-01-06 06:28:06.621838+00:00,786.458,0.445,0.44,0.45,0.56,0.55,0.57,,,,
2026-01-06 06:28:07.508000+00:00,2026-01-06 06:28:07.625345+00:00,787.508,0.41,0.4,0.42,0.575,0.57,0.58,,,,
2026-01-06 06:28:08.513000+00:00,2026-01-06 06:28:08.625708+00:00,788.513,0.435,0.43,0.44,0.565,0.56,0.57,,,,
2026-01-06 06:28:09.490000+00:00,2026-01-06 06:28:09.637202+00:00,789.49,0.435,0.43,0.44,0.565,0.56,0.57,,,,
2026-01-06 06:28:10.526000+00:00,2026-01-06 06:28:10.657768+00:00,790.526,0.44,0.43,0.45,0.555,0.55,0.56,,,,
2026-01-06 06:28:11.456000+00:00,2026-01-06 06:28:11.652290+00:00,791.456,0.44,0.43,0.45,0.56,0.55,0.57,,,,
2026-01-06 06:28:12.656000+00:00,2026-01-06 06:28:12.668955+00:00,792.656,0.44,0.43,0.45,0.56,0.55,0.57,,,,
2026-01-06 06:28:13.678000+00:00,2026-01-06 06:28:13.711867+00:00,793.678,0.44,0.43,0.45,0.565,0.55,0.58,,,,
2026-01-06 06:28:14.599000+00:00,2026-01-06 06:28:14.723477+00:00,794.599,0.43,0.42,0.44,0.5700000000000001,0.56,0.58,,,,
2026-01-06 06:28:15.633000+00:00,2026-01-06 06:28:15.736569+00:00,795.633,0.425,0.42,0.43,0.575,0.57,0.58,,,,
2026-01-06 06:28:16.616000+00:00,2026-01-06 06:28:16.733840+00:00,796.616,0.385,0.38,0.39,0.615,0.61,0.62,,,,
2026-01-06 06:28:17.558000+00:00,2026-01-06 06:28:17.747126+00:00,797.558,0.305,0.3,0.31,0.695,0.69,0.7,,,,
2026-01-06 06:28:18.653000+00:00,2026-01-06 06:28:18.771743+00:00,798.653,0.35,0.33,0.37,0.64,0.61,0.67,,,,
2026-01-06 06:28:19.649000+00:00,2026-01-06 06:28:19.770258+00:00,799.649,0.385,0.38,0.39,0.615,0.61,0.62,,,,
2026-01-06 06:28:20.588000+00:00,2026-01-06 06:28:20.787471+00:00,800.588,0.385,0.38,0.39,0.615,0.61,0.62,,,,
2026-01-06 06:28:21.671000+00:00,2026-01-06 06:28:21.787291+00:00,801.671,0.38,0.37,0.39,0.62,0.61,0.63,,,,
2026-01-06 06:28:22.674000+00:00,2026-01-06 06:28:22.806142+00:00,802.674,0.385,0.38,0.39,0.58,0.57,0.59,,,,
2026-01-06 06:28:23.698000+00:00,2026-01-06 06:28:23.818866+00:00,803.698,0.425,0.42,0.43,0.565,0.56,0.57,,,,
2026-01-06 06:28:24.678000+00:00,2026-01-06 06:28:24.815198+00:00,804.678,0.43,0.42,0.44,0.5700000000000001,0.56,0.58,,,,
2026-01-06 06:28:25.711000+00:00,2026-01-06 06:28:25.828011+00:00,805.711,0.445,0.44,0.45,0.555,0.55,0.56,,,,
2026-01-06 06:28:26.704000+00:00,2026-01-06 06:28:26.836943+00:00,806.704,0.415,0.41,0.42,0.595,0.59,0.6,,,,
2026-01-06 06:28:27.690000+00:00,2026-01-06 06:28:27.861698+00:00,807.69,0.41,0.4,0.42,0.59,0.58,0.6,,,,
2026-01-06 06:28:28.629000+00:00,2026-01-06 06:28:28.870622+00:00,808.629,0.41,0.4,0.42,0.59,0.58,0.6,,,,
2026-01-06 06:28:29.728000+00:00,2026-01-06 06:28:29.880414+00:00,809.728,0.41,0.4,0.42,0.59,0.58,0.6,,,,
2026-01-06 06:28:30.745000+00:00,2026-01-06 06:28:30.879387+00:00,810.745,0.41,0.4,0.42,0.575,0.57,0.58,,,,
2026-01-06 06:28:31.765000+00:00,2026-01-06 06:28:31.883986+00:00,811.765,0.455,0.45,0.46,0.545,0.54,0.55,,,,
2026-01-06 06:28:32.755000+00:00,2026-01-06 06:28:32.887077+00:00,812.755,0.45,0.44,0.46,0.55,0.54,0.56,,,,
2026-01-06 06:28:33.778000+00:00,2026-01-06 06:28:33.888903+00:00,813.778,0.44,0.43,0.45,0.585,0.58,0.59,,,,
2026-01-06 06:28:34.765000+00:00,2026-01-06 06:28:34.886378+00:00,814.765,0.385,0.38,0.39,0.59,0.58,0.6,,,,
2026-01-06 06:28:35.756000+00:00,2026-01-06 06:28:35.892508+00:00,815.756,0.395,0.39,0.4,0.605,0.6,0.61,,,,
2026-01-06 06:28:36.786000+00:00,2026-01-06 06:28:36.907279+00:00,816.786,0.395,0.39,0.4,0.605,0.6,0.61,,,,
2026-01-06 06:28:37.704000+00:00,2026-01-06 06:28:37.909101+00:00,817.704,0.395,0.39,0.4,0.605,0.6,0.61,,,,
2026-01-06 06:28:38.787000+00:00,2026-01-06 06:28:38.914384+00:00,818.787,0.395,0.39,0.4,0.605,0.6,0.61,,,,
2026-01-06 06:28:39.806000+00:00,2026-01-06 06:28:39.928774+00:00,819.806,0.425,0.42,0.43,0.5700000000000001,0.56,0.58,,,,
2026-01-06 06:28:40.804000+00:00,2026-01-06 06:28:40.920819+00:00,820.804,0.445,0.44,0.45,0.555,0.55,0.56,,,,
2026-01-06 06:28:41.565000+00:00,2026-01-06 06:28:41.936467+00:00,821.565,0.435,0.43,0.44,0.565,0.56,0.57,,,,
2026-01-06 06:28:42.808000+00:00,2026-01-06 06:28:42.935522+00:00,822.808,0.445,0.44,0.45,0.555,0.55,0.56,,,,
2026-01-06 06:28:43.619000+00:00,2026-01-06 06:28:43.935850+00:00,823.619,0.455,0.45,0.46,0.545,0.54,0.55,,,,
2026-01-06 06:28:44.712000+00:00,2026-01-06 06:28:44.941302+00:00,824.712,0.445,0.44,0.45,0.555,0.55,0.56,,,,
2026-01-06 06:28:45.839000+00:00,2026-01-06 06:28:45.955405+00:00,825.839,0.4649999999999999,0.46,0.47,0.535,0.53,0.54,,,,
2026-01-06 06:28:46.825000+00:00,2026-01-06 06:28:46.968724+00:00,826.825,0.525,0.52,0.53,0.475,0.47,0.48,,,,
2026-01-06 06:28:47.818000+00:00,2026-01-06 06:28:47.979746+00:00,827.818,0.525,0.52,0.53,0.565,0.56,0.57,,,,
2026-01-06 06:28:48.837000+00:00,2026-01-06 06:28:48.975315+00:00,828.837,0.515,0.5,0.53,0.475,0.47,0.48,,,,
2026-01-06 06:28:49.878000+00:00,2026-01-06 06:28:49.994560+00:00,829.878,0.525,0.52,0.53,0.475,0.47,0.48,,,,
2026-01-06 06:28:50.883000+00:00,2026-01-06 06:28:51.004724+00:00,830.883,0.53,0.51,0.55,0.47,0.45,0.49,,,,
2026-01-06 06:28:51.769000+00:00,2026-01-06 06:28:52.008596+00:00,831.769,0.53,0.51,0.55,0.47,0.45,0.49,,,,
2026-01-06 06:28:52.833000+00:00,2026-01-06 06:28:53.002528+00:00,832.833,0.53,0.51,0.55,0.47,0.45,0.49,,,,
2026-01-06 06:28:53.870000+00:00,2026-01-06 06:28:54.004346+00:00,833.87,0.53,0.51,0.55,0.47,0.45,0.49,,,,
2026-01-06 06:28:54.858000+00:00,2026-01-06 06:28:55.027747+00:00,834.858,0.54,0.52,0.56,0.4549999999999999,0.44,0.47,,,,
2026-01-06 06:28:55.890000+00:00,2026-01-06 06:28:56.036054+00:00,835.89,0.5700000000000001,0.55,0.59,0.42,0.41,0.43,,,,
2026-01-06 06:28:56.920000+00:00,2026-01-06 06:28:57.043691+00:00,836.92,0.58,0.57,0.59,0.42,0.41,0.43,,,,
2026-01-06 06:28:57.811000+00:00,2026-01-06 06:28:58.053356+00:00,837.811,0.59,0.58,0.6,0.41,0.4,0.42,,,,
2026-01-06 06:28:58.953000+00:00,2026-01-06 06:28:59.068966+00:00,838.953,0.655,0.65,0.66,0.345,0.34,0.35,,,,
2026-01-06 06:29:00.983000+00:00,2026-01-06 06:29:01.108833+00:00,840.983,0.615,0.58,0.65,0.385,0.35,0.42,,,,
2026-01-06 06:29:02.010000+00:00,2026-01-06 06:29:02.133853+00:00,842.01,0.685,0.68,0.69,0.315,0.31,0.32,,,,
2026-01-06 06:29:03.025000+00:00,2026-01-06 06:29:03.150480+00:00,843.025,0.5900000000000001,0.55,0.63,0.4499999999999999,0.42,0.48,,,,
2026-01-06 06:29:04.043000+00:00,2026-01-06 06:29:04.167316+00:00,844.043,0.4649999999999999,0.44,0.49,0.535,0.51,0.56,,,,
2026-01-06 06:29:05.054000+00:00,2026-01-06 06:29:05.172312+00:00,845.054,0.55,0.52,0.58,0.45,0.4,0.5,,,,
2026-01-06 06:29:06.093000+00:00,2026-01-06 06:29:06.192075+00:00,846.093,0.565,0.51,0.62,0.44,0.39,0.49,,,,
2026-01-06 06:29:07.081000+00:00,2026-01-06 06:29:07.198955+00:00,847.081,0.5549999999999999,0.52,0.59,0.39,0.38,0.4,,,,
2026-01-06 06:29:08.087000+00:00,2026-01-06 06:29:08.207437+00:00,848.087,0.715,0.71,0.72,0.28,0.26,0.3,,,,
2026-01-06 06:29:09.084000+00:00,2026-01-06 06:29:09.208657+00:00,849.084,0.71,0.66,0.76,0.3,0.27,0.33,,,,
2026-01-06 06:29:10.073000+00:00,2026-01-06 06:29:10.200963+00:00,850.073,0.7,0.69,0.71,0.3,0.29,0.31,,,,
2026-01-06 06:29:11.067000+00:00,2026-01-06 06:29:11.204614+00:00,851.067,0.6950000000000001,0.68,0.71,0.31,0.3,0.32,,,,
2026-01-06 06:29:12.098000+00:00,2026-01-06 06:29:12.217588+00:00,852.098,0.71,0.66,0.76,0.3,0.27,0.33,,,,
2026-01-06 06:29:13.109000+00:00,2026-01-06 06:29:13.232819+00:00,853.109,0.71,0.69,0.73,0.295,0.27,0.32,,,,
2026-01-06 06:29:14.120000+00:00,2026-01-06 06:29:14.234629+00:00,854.12,0.7,0.68,0.72,0.3,0.28,0.32,,,,
2026-01-06 06:29:15.120000+00:00,2026-01-06 06:29:15.236705+00:00,855.12,0.715,0.69,0.74,0.29,0.26,0.32,,,,
2026-01-06 06:29:16.133000+00:00,2026-01-06 06:29:16.254857+00:00,856.133,0.72,0.7,0.74,0.28,0.26,0.3,,,,
2026-01-06 06:29:17.021000+00:00,2026-01-06 06:29:17.267414+00:00,857.021,0.72,0.7,0.74,0.28,0.26,0.3,,,,
2026-01-06 06:29:18.149000+00:00,2026-01-06 06:29:18.268572+00:00,858.149,0.755,0.75,0.76,0.245,0.24,0.25,,,,
2026-01-06 06:29:19.110000+00:00,2026-01-06 06:29:19.269881+00:00,859.11,0.86,0.84,0.88,0.145,0.13,0.16,,,,
2026-01-06 06:29:20.165000+00:00,2026-01-06 06:29:20.284182+00:00,860.165,0.875,0.85,0.9,0.13,0.11,0.15,,,,
2026-01-06 06:29:21.147000+00:00,2026-01-06 06:29:21.302417+00:00,861.147,0.895,0.89,0.9,0.105,0.1,0.11,,,,
2026-01-06 06:29:22.171000+00:00,2026-01-06 06:29:22.310381+00:00,862.171,0.895,0.89,0.9,0.105,0.1,0.11,,,,
2026-01-06 06:29:23.186000+00:00,2026-01-06 06:29:23.325025+00:00,863.186,0.89,0.88,0.9,0.11,0.1,0.12,,,,
2026-01-06 06:29:24.165000+00:00,2026-01-06 06:29:24.317916+00:00,864.165,0.89,0.88,0.9,0.115,0.1,0.13,,,,
2026-01-06 06:29:25.209000+00:00,2026-01-06 06:29:25.325401+00:00,865.209,0.89,0.87,0.91,0.1,0.07,0.13,,,,
2026-01-06 06:29:26.116000+00:00,2026-01-06 06:29:26.337402+00:00,866.116,0.915,0.9,0.93,0.085,0.07,0.1,,,,
2026-01-06 06:29:27.237000+00:00,2026-01-06 06:29:27.336870+00:00,867.237,0.895,0.88,0.91,0.095,0.08,0.11,,,,
2026-01-06 06:29:28.225000+00:00,2026-01-06 06:29:28.340035+00:00,868.225,0.905,0.9,0.91,0.095,0.09,0.1,,,,
2026-01-06 06:29:29.233000+00:00,2026-01-06 06:29:29.349490+00:00,869.233,0.79,0.74,0.84,0.2,0.14,0.26,,,,
2026-01-06 06:29:30.182000+00:00,2026-01-06 06:29:30.350296+00:00,870.182,0.825,0.79,0.86,0.16,0.11,0.21,,,,
2026-01-06 06:29:31.202000+00:00,2026-01-06 06:29:31.361536+00:00,871.202,0.8400000000000001,0.81,0.87,0.16,0.14,0.18,,,,
2026-01-06 06:29:32.246000+00:00,2026-01-06 06:29:32.368826+00:00,872.246,0.86,0.83,0.89,0.135,0.09,0.18,,,,
2026-01-06 06:29:33.233000+00:00,2026-01-06 06:29:33.368120+00:00,873.233,0.86,0.83,0.89,0.145,0.12,0.17,,,,
2026-01-06 06:29:34.256000+00:00,2026-01-06 06:29:34.374999+00:00,874.256,0.87,0.84,0.9,0.135,0.11,0.16,,,,
2026-01-06 06:29:35.271000+00:00,2026-01-06 06:29:35.386856+00:00,875.271,0.855,0.83,0.88,0.125,0.09,0.16,,,,
2026-01-06 06:29:36.181000+00:00,2026-01-06 06:29:36.383824+00:00,876.181,0.915,0.9,0.93,0.085,0.07,0.1,,,,
2026-01-06 06:29:37.271000+00:00,2026-01-06 06:29:37.391615+00:00,877.271,0.905,0.89,0.92,0.09,0.08,0.1,,,,
2026-01-06 06:29:38.243000+00:00,2026-01-06 06:29:38.403852+00:00,878.243,0.91,0.9,0.92,0.09,0.08,0.1,,,,
2026-01-06 06:29:39.303000+00:00,2026-01-06 06:29:39.425130+00:00,879.303,0.915,0.88,0.95,0.09,0.06,0.12,,,,
2026-01-06 06:29:40.229000+00:00,2026-01-06 06:29:40.421715+00:00,880.229,0.955,0.95,0.96,0.045,0.04,0.05,,,,
2026-01-06 06:29:41.105000+00:00,2026-01-06 06:29:41.422607+00:00,881.105,0.955,0.95,0.96,0.07,0.05,0.09,,,,
2026-01-06 06:29:42.234000+00:00,2026-01-06 06:29:42.425938+00:00,882.234,0.965,0.96,0.97,0.035,0.03,0.04,,,,
2026-01-06 06:29:43.233000+00:00,2026-01-06 06:29:43.433764+00:00,883.233,0.955,0.95,0.96,0.045,0.04,0.05,,,,
2026-01-06 06:29:44.295000+00:00,2026-01-06 06:29:44.434080+00:00,884.295,0.955,0.94,0.97,0.04,0.03,0.05,,,,
2026-01-06 06:29:45.318000+00:00,2026-01-06 06:29:45.440178+00:00,885.318,0.965,0.95,0.98,0.035,0.02,0.05,,,,
2026-01-06 06:29:46.307000+00:00,2026-01-06 06:29:46.458112+00:00,886.307,0.985,0.98,0.99,0.015,0.01,0.02,,,,
2026-01-06 06:29:47.349000+00:00,2026-01-06 06:29:47.466483+00:00,887.349,0.99,0.99,,0.01,,0.01,,,,
2026-01-06 06:29:48.336000+00:00,2026-01-06 06:29:48.466729+00:00,888.336,0.99,0.99,,0.01,,0.01,,,,
2026-01-06 06:29:49.284000+00:00,2026-01-06 06:29:49.472963+00:00,889.284,0.99,0.99,,0.01,,0.01,,,,
2026-01-06 06:29:50.347000+00:00,2026-01-06 06:29:50.466382+00:00,890.347,0.99,0.99,,0.01,,0.01,,,,
2026-01-06 06:29:51.102000+00:00,2026-01-06 06:29:51.470584+00:00,891.102,0.99,0.99,,0.01,,0.01,,,,
2026-01-06 06:29:52.850000+00:00,2026-01-06 06:29:53.472949+00:00,892.85,0.99,0.99,,0.01,,0.01,,,,
2026-01-06 06:29:54.335000+00:00,2026-01-06 06:29:54.491811+00:00,894.335,0.99,0.99,,0.01,,0.01,,,,
2026-01-06 06:29:55.215000+00:00,2026-01-06 06:29:55.505969+00:00,895.215,0.99,0.99,,0.01,,0.01,,,,
2026-01-06 06:29:56.312000+00:00,2026-01-06 06:29:56.514665+00:00,896.312,0.99,0.99,,0.01,,0.01,,,,
2026-01-06 06:29:57.233000+00:00,2026-01-06 06:29:57.512955+00:00,897.233,0.99,0.99,,0.01,,0.01,,,,
2026-01-06 06:29:58.171000+00:00,2026-01-06 06:29:58.528814+00:00,898.171,0.99,0.99,,0.01,,0.01,,,,
2026-01-06 06:29:59.301000+00:00,2026-01-06 06:29:59.544603+00:00,899.301,0.99,0.99,,0.01,,0.01,,,,
