timestamp,collected_at,seconds,mid,bid,ask,asset
2026-01-06 06:00:00+00:00,2026-01-06 06:03:58.658456+00:00,0.0,3220.472,3220.25,3220.57,ETH
2026-01-06 06:00:01+00:00,2026-01-06 06:03:59.651820+00:00,1.0,3220.512,3220.31,3220.7,ETH
2026-01-06 06:00:02+00:00,2026-01-06 06:04:00.649305+00:00,2.0,3220.302,3220.18,3220.39,ETH
2026-01-06 06:00:03+00:00,2026-01-06 06:04:01.679298+00:00,3.0,3219.982,3219.86,3220.04,ETH
2026-01-06 06:00:04+00:00,2026-01-06 06:04:02.670281+00:00,4.0,3219.822,3219.7,3220.0,ETH
2026-01-06 06:00:06+00:00,2026-01-06 06:04:03.778931+00:00,6.0,3219.822,3219.68,3220.06,ETH
2026-01-06 06:00:07+00:00,2026-01-06 06:04:04.808557+00:00,7.0,3220.062,3220.03,3220.29,ETH
2026-01-06 06:00:08+00:00,2026-01-06 06:04:05.791753+00:00,8.0,3220.222,3220.1,3220.52,ETH
2026-01-06 06:00:09+00:00,2026-01-06 06:04:06.813951+00:00,9.0,3220.222,3220.1,3220.55,ETH
2026-01-06 06:00:10+00:00,2026-01-06 06:04:07.812335+00:00,10.0,3219.912,3219.64,3220.2,ETH
2026-01-06 06:00:11+00:00,2026-01-06 06:04:08.821335+00:00,11.0,3219.652,3219.63,3220.2,ETH
2026-01-06 06:00:12+00:00,2026-01-06 06:04:09.823503+00:00,12.0,3219.652,3219.64,3220.2,ETH
2026-01-06 06:00:13+00:00,2026-01-06 06:04:10.838377+00:00,13.0,3219.722,3219.64,3220.21,ETH
2026-01-06 06:00:14+00:00,2026-01-06 06:04:11.826492+00:00,14.0,3219.762,3219.64,3220.17,ETH
2026-01-06 06:00:15+00:00,2026-01-06 06:04:12.828897+00:00,15.0,3219.662,3219.64,3220.26,ETH
2026-01-06 06:00:16+00:00,2026-01-06 06:04:13.825953+00:00,16.0,3219.662,3219.64,3220.26,ETH
2026-01-06 06:00:17+00:00,2026-01-06 06:04:14.848079+00:00,17.0,3219.662,3219.64,3220.27,ETH
2026-01-06 06:00:18+00:00,2026-01-06 06:04:15.826452+00:00,18.0,3219.652,3219.57,3220.21,ETH
2026-01-06 06:00:19+00:00,2026-01-06 06:04:16.830664+00:00,19.0,3219.652,3219.57,3220.17,ETH
2026-01-06 06:00:20+00:00,2026-01-06 06:04:17.844642+00:00,20.0,3219.652,3219.57,3220.16,ETH
2026-01-06 06:00:21+00:00,2026-01-06 06:04:18.845321+00:00,21.0,3219.782,3219.65,3220.1,ETH
2026-01-06 06:00:22+00:00,2026-01-06 06:04:19.852659+00:00,22.0,3219.782,3219.65,3220.11,ETH
2026-01-06 06:00:23+00:00,2026-01-06 06:04:20.859475+00:00,23.0,3219.802,3219.65,3220.11,ETH
2026-01-06 06:00:24+00:00,2026-01-06 06:04:22.871913+00:00,24.0,3219.792,3219.65,3220.14,ETH
2026-01-06 06:00:25+00:00,2026-01-06 06:04:23.872337+00:00,25.0,3219.782,3219.65,3220.19,ETH
2026-01-06 06:00:26+00:00,2026-01-06 06:04:24.870223+00:00,26.0,3219.762,3219.65,3220.21,ETH
2026-01-06 06:00:27+00:00,2026-01-06 06:04:25.873969+00:00,27.0,3219.742,3219.65,3220.21,ETH
2026-01-06 06:00:28+00:00,2026-01-06 06:04:26.889427+00:00,28.0,3219.752,3219.65,3220.23,ETH
2026-01-06 06:00:29+00:00,2026-01-06 06:04:27.907593+00:00,29.0,3219.922,3219.72,3220.25,ETH
2026-01-06 06:00:30+00:00,2026-01-06 06:04:28.906367+00:00,30.0,3219.982,3219.78,3220.26,ETH
2026-01-06 06:00:31+00:00,2026-01-06 06:04:29.905348+00:00,31.0,3219.892,3219.79,3220.26,ETH
2026-01-06 06:00:32+00:00,2026-01-06 06:04:30.906240+00:00,32.0,3220.032,3219.83,3220.36,ETH
2026-01-06 06:00:33+00:00,2026-01-06 06:04:31.905810+00:00,33.0,3220.312,3220.03,3220.49,ETH
2026-01-06 06:00:34+00:00,2026-01-06 06:04:32.924964+00:00,34.0,3220.482,3220.22,3220.55,ETH
2026-01-06 06:00:35+00:00,2026-01-06 06:04:33.923562+00:00,35.0,3220.512,3220.24,3220.64,ETH
2026-01-06 06:00:36+00:00,2026-01-06 06:04:34.923385+00:00,36.0,3220.512,3220.25,3220.7,ETH
2026-01-06 06:00:37+00:00,2026-01-06 06:04:35.938610+00:00,37.0,3220.522,3220.29,3220.74,ETH
2026-01-06 06:00:38+00:00,2026-01-06 06:04:36.935816+00:00,38.0,3220.522,3220.32,3220.77,ETH
2026-01-06 06:00:39+00:00,2026-01-06 06:04:37.942158+00:00,39.0,3220.842,3220.61,3220.97,ETH
2026-01-06 06:00:40+00:00,2026-01-06 06:04:38.941429+00:00,40.0,3221.162,3220.99,3221.28,ETH
2026-01-06 06:00:41+00:00,2026-01-06 06:04:39.957639+00:00,41.0,3221.162,3221.08,3221.48,ETH
2026-01-06 06:00:42+00:00,2026-01-06 06:04:40.954041+00:00,42.0,3221.122,3220.93,3221.54,ETH
2026-01-06 06:00:43+00:00,2026-01-06 06:04:41.971928+00:00,43.0,3221.122,3220.89,3221.48,ETH
2026-01-06 06:00:44+00:00,2026-01-06 06:04:42.971128+00:00,44.0,3221.152,3221.01,3221.39,ETH
2026-01-06 06:00:45+00:00,2026-01-06 06:04:43.974377+00:00,45.0,3221.152,3221.05,3221.36,ETH
2026-01-06 06:00:46+00:00,2026-01-06 06:04:44.985072+00:00,46.0,3221.152,3221.06,3221.38,ETH
2026-01-06 06:00:47+00:00,2026-01-06 06:04:45.990040+00:00,47.0,3221.152,3221.06,3221.39,ETH
2026-01-06 06:00:48+00:00,2026-01-06 06:04:47.003698+00:00,48.0,3221.152,3221.06,3221.39,ETH
2026-01-06 06:00:49+00:00,2026-01-06 06:04:48.017564+00:00,49.0,3221.152,3221.07,3221.35,ETH
2026-01-06 06:00:50+00:00,2026-01-06 06:04:49.022203+00:00,50.0,3221.322,3221.12,3221.5,ETH
2026-01-06 06:00:51+00:00,2026-01-06 06:04:50.019419+00:00,51.0,3221.322,3221.12,3221.5,ETH
2026-01-06 06:00:52+00:00,2026-01-06 06:04:51.018761+00:00,52.0,3221.322,3221.12,3221.49,ETH
2026-01-06 06:00:53+00:00,2026-01-06 06:04:52.021415+00:00,53.0,3221.322,3221.12,3221.49,ETH
2026-01-06 06:00:54+00:00,2026-01-06 06:04:53.036755+00:00,54.0,3221.552,3221.3,3221.72,ETH
2026-01-06 06:00:55+00:00,2026-01-06 06:04:54.035953+00:00,55.0,3221.572,3221.3,3221.72,ETH
2026-01-06 06:00:56+00:00,2026-01-06 06:04:55.043646+00:00,56.0,3221.492,3221.32,3221.5,ETH
2026-01-06 06:00:57+00:00,2026-01-06 06:04:56.043451+00:00,57.0,3221.522,3221.32,3221.94,ETH
2026-01-06 06:00:58+00:00,2026-01-06 06:04:57.059240+00:00,58.0,3221.562,3221.33,3222.05,ETH
2026-01-06 06:00:59+00:00,2026-01-06 06:04:58.068156+00:00,59.0,3221.552,3221.33,3222.02,ETH
2026-01-06 06:01:00+00:00,2026-01-06 06:04:59.069795+00:00,60.0,3221.652,3221.32,3222.06,ETH
2026-01-06 06:01:01+00:00,2026-01-06 06:05:00.090836+00:00,61.0,3221.652,3221.44,3221.98,ETH
2026-01-06 06:01:02+00:00,2026-01-06 06:05:01.108764+00:00,62.0,3221.522,3221.32,3221.56,ETH
2026-01-06 06:01:03+00:00,2026-01-06 06:05:02.131012+00:00,63.0,3221.362,3221.2,3221.85,ETH
2026-01-06 06:01:04+00:00,2026-01-06 06:05:03.137785+00:00,64.0,3221.322,3221.15,3221.64,ETH
2026-01-06 06:01:05+00:00,2026-01-06 06:05:04.147802+00:00,65.0,3221.332,3221.19,3221.69,ETH
2026-01-06 06:01:06+00:00,2026-01-06 06:05:05.209331+00:00,66.0,3221.332,3221.18,3221.7,ETH
2026-01-06 06:01:07+00:00,2026-01-06 06:05:06.154049+00:00,67.0,3221.332,3221.18,3221.68,ETH
2026-01-06 06:01:08+00:00,2026-01-06 06:05:07.198188+00:00,68.0,3221.332,3221.2,3221.7,ETH
2026-01-06 06:01:09+00:00,2026-01-06 06:05:08.192872+00:00,69.0,3221.332,3221.19,3221.69,ETH
2026-01-06 06:01:10+00:00,2026-01-06 06:05:09.166431+00:00,70.0,3221.332,3221.19,3221.69,ETH
2026-01-06 06:01:11+00:00,2026-01-06 06:05:10.231482+00:00,71.0,3221.332,3221.19,3221.68,ETH
2026-01-06 06:01:12+00:00,2026-01-06 06:05:11.204062+00:00,72.0,3221.332,3221.19,3221.61,ETH
2026-01-06 06:01:13+00:00,2026-01-06 06:05:12.214469+00:00,73.0,3221.172,3221.14,3221.61,ETH
2026-01-06 06:01:14+00:00,2026-01-06 06:05:13.224184+00:00,74.0,3221.192,3221.16,3221.65,ETH
2026-01-06 06:01:15+00:00,2026-01-06 06:05:14.212833+00:00,75.0,3221.332,3221.18,3221.68,ETH
2026-01-06 06:01:16+00:00,2026-01-06 06:05:15.218454+00:00,76.0,3221.332,3221.2,3221.7,ETH
2026-01-06 06:01:17+00:00,2026-01-06 06:05:16.237271+00:00,77.0,3221.332,3221.2,3221.66,ETH
2026-01-06 06:01:18+00:00,2026-01-06 06:05:17.239470+00:00,78.0,3221.332,3221.2,3221.69,ETH
2026-01-06 06:01:19+00:00,2026-01-06 06:05:18.236726+00:00,79.0,3221.332,3221.2,3221.53,ETH
2026-01-06 06:01:20+00:00,2026-01-06 06:05:19.231666+00:00,80.0,3221.332,3221.2,3221.72,ETH
2026-01-06 06:01:21+00:00,2026-01-06 06:05:20.256553+00:00,81.0,3221.332,3221.2,3221.66,ETH
2026-01-06 06:01:22+00:00,2026-01-06 06:05:21.247629+00:00,82.0,3221.332,3221.2,3221.72,ETH
2026-01-06 06:01:23+00:00,2026-01-06 06:05:22.272733+00:00,83.0,3221.332,3221.2,3221.69,ETH
2026-01-06 06:01:24+00:00,2026-01-06 06:05:23.277585+00:00,84.0,3221.332,3221.2,3221.68,ETH
2026-01-06 06:01:25+00:00,2026-01-06 06:05:24.294288+00:00,85.0,3221.332,3221.2,3221.7,ETH
2026-01-06 06:01:26+00:00,2026-01-06 06:05:25.306419+00:00,86.0,3221.332,3221.2,3221.65,ETH
2026-01-06 06:01:27+00:00,2026-01-06 06:05:26.309520+00:00,87.0,3221.222,3221.15,3221.31,ETH
2026-01-06 06:01:28+00:00,2026-01-06 06:05:27.324123+00:00,88.0,3221.212,3220.89,3221.39,ETH
2026-01-06 06:01:29+00:00,2026-01-06 06:05:28.340507+00:00,89.0,3221.092,3220.88,3221.28,ETH
2026-01-06 06:01:30+00:00,2026-01-06 06:05:29.340887+00:00,90.0,3220.892,3220.87,3221.31,ETH
2026-01-06 06:01:31+00:00,2026-01-06 06:05:30.341351+00:00,91.0,3220.892,3220.86,3221.29,ETH
2026-01-06 06:01:32+00:00,2026-01-06 06:05:32.357346+00:00,92.0,3220.892,3220.86,3221.31,ETH
2026-01-06 06:01:33+00:00,2026-01-06 06:05:33.375830+00:00,93.0,3220.932,3220.87,3221.34,ETH
2026-01-06 06:01:34+00:00,2026-01-06 06:05:34.389132+00:00,94.0,3220.982,3220.87,3221.33,ETH
2026-01-06 06:01:35+00:00,2026-01-06 06:05:35.392842+00:00,95.0,3220.942,3220.86,3221.29,ETH
2026-01-06 06:01:36+00:00,2026-01-06 06:05:36.387877+00:00,96.0,3220.892,3220.86,3221.26,ETH
2026-01-06 06:01:37+00:00,2026-01-06 06:05:37.407104+00:00,97.0,3220.902,3220.86,3221.26,ETH
2026-01-06 06:01:38+00:00,2026-01-06 06:05:38.425373+00:00,98.0,3220.922,3220.86,3221.26,ETH
2026-01-06 06:01:39+00:00,2026-01-06 06:05:39.438046+00:00,99.0,3220.932,3220.86,3221.28,ETH
2026-01-06 06:01:40+00:00,2026-01-06 06:05:40.444789+00:00,100.0,3220.962,3220.86,3221.32,ETH
2026-01-06 06:01:41+00:00,2026-01-06 06:05:41.457047+00:00,101.0,3220.982,3220.87,3221.34,ETH
2026-01-06 06:01:42+00:00,2026-01-06 06:05:42.435625+00:00,102.0,3220.972,3220.87,3221.35,ETH
2026-01-06 06:01:43+00:00,2026-01-06 06:05:43.437033+00:00,103.0,3220.962,3220.87,3221.35,ETH
2026-01-06 06:01:44+00:00,2026-01-06 06:05:44.454267+00:00,104.0,3220.962,3220.88,3221.39,ETH
2026-01-06 06:01:45+00:00,2026-01-06 06:05:45.454079+00:00,105.0,3221.012,3220.92,3221.42,ETH
2026-01-06 06:01:46+00:00,2026-01-06 06:05:46.455218+00:00,106.0,3221.082,3220.97,3221.44,ETH
2026-01-06 06:01:47+00:00,2026-01-06 06:05:47.458846+00:00,107.0,3221.092,3220.99,3221.45,ETH
2026-01-06 06:01:48+00:00,2026-01-06 06:05:48.455337+00:00,108.0,3221.092,3220.98,3221.41,ETH
2026-01-06 06:01:49+00:00,2026-01-06 06:05:49.458263+00:00,109.0,3221.092,3220.98,3221.39,ETH
2026-01-06 06:01:50+00:00,2026-01-06 06:05:50.454859+00:00,110.0,3220.972,3220.83,3221.3,ETH
2026-01-06 06:01:51+00:00,2026-01-06 06:05:51.454593+00:00,111.0,3220.842,3220.68,3221.19,ETH
2026-01-06 06:01:52+00:00,2026-01-06 06:05:52.472849+00:00,112.0,3220.772,3220.69,3221.15,ETH
2026-01-06 06:01:53+00:00,2026-01-06 06:05:53.485358+00:00,113.0,3220.702,3220.7,3221.12,ETH
2026-01-06 06:01:54+00:00,2026-01-06 06:05:54.488489+00:00,114.0,3220.722,3220.69,3221.11,ETH
2026-01-06 06:01:55+00:00,2026-01-06 06:05:55.491591+00:00,115.0,3220.752,3220.68,3221.13,ETH
2026-01-06 06:01:56+00:00,2026-01-06 06:05:56.475166+00:00,116.0,3220.752,3220.68,3221.17,ETH
2026-01-06 06:01:57+00:00,2026-01-06 06:05:57.471841+00:00,117.0,3220.762,3220.68,3221.16,ETH
2026-01-06 06:01:58+00:00,2026-01-06 06:05:58.472419+00:00,118.0,3220.772,3220.69,3221.17,ETH
2026-01-06 06:01:59+00:00,2026-01-06 06:05:59.482511+00:00,119.0,3220.812,3220.7,3221.19,ETH
2026-01-06 06:02:00+00:00,2026-01-06 06:06:00.500244+00:00,120.0,3220.852,3220.75,3221.2,ETH
2026-01-06 06:02:01+00:00,2026-01-06 06:06:01.502363+00:00,121.0,3220.732,3220.62,3221.03,ETH
2026-01-06 06:02:02+00:00,2026-01-06 06:06:02.514700+00:00,122.0,3220.362,3220.16,3220.5,ETH
2026-01-06 06:02:03+00:00,2026-01-06 06:06:03.520772+00:00,123.0,3219.792,3219.54,3219.86,ETH
2026-01-06 06:02:04+00:00,2026-01-06 06:06:04.519087+00:00,124.0,3219.202,3219.05,3219.45,ETH
2026-01-06 06:02:05+00:00,2026-01-06 06:06:05.522487+00:00,125.0,3218.872,3218.86,3219.31,ETH
2026-01-06 06:02:06+00:00,2026-01-06 06:06:06.521423+00:00,126.0,3218.812,3218.81,3219.3,ETH
2026-01-06 06:02:07+00:00,2026-01-06 06:06:07.534868+00:00,127.0,3219.002,3218.97,3219.33,ETH
2026-01-06 06:02:08+00:00,2026-01-06 06:06:08.571981+00:00,128.0,3219.192,3219.12,3219.45,ETH
2026-01-06 06:02:09+00:00,2026-01-06 06:06:09.599849+00:00,129.0,3219.272,3219.15,3219.55,ETH
2026-01-06 06:02:10+00:00,2026-01-06 06:06:10.599723+00:00,130.0,3219.452,3219.25,3219.67,ETH
2026-01-06 06:02:11+00:00,2026-01-06 06:06:11.613535+00:00,131.0,3219.542,3219.37,3219.82,ETH
2026-01-06 06:02:12+00:00,2026-01-06 06:06:12.616764+00:00,132.0,3219.512,3219.43,3219.93,ETH
2026-01-06 06:02:13+00:00,2026-01-06 06:06:13.616640+00:00,133.0,3219.482,3219.43,3219.96,ETH
2026-01-06 06:02:14+00:00,2026-01-06 06:06:14.614115+00:00,134.0,3219.482,3219.43,3219.93,ETH
2026-01-06 06:02:15+00:00,2026-01-06 06:06:15.619467+00:00,135.0,3219.472,3219.43,3219.94,ETH
2026-01-06 06:02:16+00:00,2026-01-06 06:06:16.653316+00:00,136.0,3219.522,3219.45,3219.96,ETH
2026-01-06 06:02:17+00:00,2026-01-06 06:06:17.662831+00:00,137.0,3219.572,3219.47,3219.98,ETH
2026-01-06 06:02:18+00:00,2026-01-06 06:06:18.653309+00:00,138.0,3219.572,3219.48,3219.97,ETH
2026-01-06 06:02:19+00:00,2026-01-06 06:06:19.653942+00:00,139.0,3219.582,3219.49,3219.94,ETH
2026-01-06 06:02:20+00:00,2026-01-06 06:06:20.650085+00:00,140.0,3219.582,3219.51,3219.94,ETH
2026-01-06 06:02:21+00:00,2026-01-06 06:06:21.664335+00:00,141.0,3219.572,3219.51,3219.96,ETH
2026-01-06 06:02:22+00:00,2026-01-06 06:06:22.699976+00:00,142.0,3219.572,3219.51,3219.96,ETH
2026-01-06 06:02:23+00:00,2026-01-06 06:06:23.703337+00:00,143.0,3219.562,3219.47,3219.8,ETH
2026-01-06 06:02:24+00:00,2026-01-06 06:06:24.702467+00:00,144.0,3219.442,3219.34,3219.67,ETH
2026-01-06 06:02:25+00:00,2026-01-06 06:06:25.705321+00:00,145.0,3219.272,3219.19,3219.69,ETH
2026-01-06 06:02:26+00:00,2026-01-06 06:06:26.709145+00:00,146.0,3219.242,3219.2,3219.65,ETH
2026-01-06 06:02:27+00:00,2026-01-06 06:06:27.716808+00:00,147.0,3219.292,3219.26,3219.66,ETH
2026-01-06 06:02:28+00:00,2026-01-06 06:06:28.715179+00:00,148.0,3219.362,3219.28,3219.68,ETH
2026-01-06 06:02:29+00:00,2026-01-06 06:06:29.731571+00:00,149.0,3219.422,3219.29,3219.68,ETH
2026-01-06 06:02:30+00:00,2026-01-06 06:06:30.738869+00:00,150.0,3219.422,3219.32,3219.74,ETH
2026-01-06 06:02:31+00:00,2026-01-06 06:06:31.737349+00:00,151.0,3219.502,3219.41,3219.87,ETH
2026-01-06 06:02:32+00:00,2026-01-06 06:06:32.781500+00:00,152.0,3219.582,3219.49,3219.9,ETH
2026-01-06 06:02:33+00:00,2026-01-06 06:06:33.783320+00:00,153.0,3219.582,3219.5,3219.84,ETH
2026-01-06 06:02:34+00:00,2026-01-06 06:06:34.800530+00:00,154.0,3219.572,3219.5,3219.82,ETH
2026-01-06 06:02:35+00:00,2026-01-06 06:06:35.834027+00:00,155.0,3219.572,3219.5,3219.79,ETH
2026-01-06 06:02:36+00:00,2026-01-06 06:06:36.823336+00:00,156.0,3219.572,3219.5,3219.8,ETH
2026-01-06 06:02:37+00:00,2026-01-06 06:06:37.818898+00:00,157.0,3219.582,3219.5,3219.87,ETH
2026-01-06 06:02:38+00:00,2026-01-06 06:06:38.850963+00:00,158.0,3219.602,3219.5,3219.91,ETH
2026-01-06 06:02:39+00:00,2026-01-06 06:06:39.840144+00:00,159.0,3219.842,3219.78,3220.09,ETH
2026-01-06 06:02:40+00:00,2026-01-06 06:06:40.851534+00:00,160.0,3220.182,3220.14,3220.45,ETH
2026-01-06 06:02:41+00:00,2026-01-06 06:06:41.856436+00:00,161.0,3220.282,3220.17,3220.59,ETH
2026-01-06 06:02:42+00:00,2026-01-06 06:06:42.885196+00:00,162.0,3220.392,3220.13,3220.69,ETH
2026-01-06 06:02:43+00:00,2026-01-06 06:06:43.899783+00:00,163.0,3220.652,3220.36,3220.84,ETH
2026-01-06 06:02:44+00:00,2026-01-06 06:06:44.908082+00:00,164.0,3220.832,3220.59,3220.89,ETH
2026-01-06 06:02:45+00:00,2026-01-06 06:06:45.904044+00:00,165.0,3220.852,3220.6,3220.92,ETH
2026-01-06 06:02:46+00:00,2026-01-06 06:06:46.929926+00:00,166.0,3220.852,3220.6,3220.95,ETH
2026-01-06 06:02:47+00:00,2026-01-06 06:06:47.937296+00:00,167.0,3220.852,3220.59,3220.94,ETH
2026-01-06 06:02:48+00:00,2026-01-06 06:06:48.949013+00:00,168.0,3220.852,3220.58,3220.96,ETH
2026-01-06 06:02:49+00:00,2026-01-06 06:06:49.956219+00:00,169.0,3220.872,3220.69,3221.02,ETH
2026-01-06 06:02:50+00:00,2026-01-06 06:06:50.956665+00:00,170.0,3220.902,3220.8,3221.01,ETH
2026-01-06 06:02:51+00:00,2026-01-06 06:06:51.953546+00:00,171.0,3220.842,3220.74,3220.89,ETH
2026-01-06 06:02:52+00:00,2026-01-06 06:06:52.956282+00:00,172.0,3220.732,3220.59,3220.8,ETH
2026-01-06 06:02:53+00:00,2026-01-06 06:06:53.963410+00:00,173.0,3220.672,3220.51,3220.8,ETH
2026-01-06 06:02:54+00:00,2026-01-06 06:06:54.964150+00:00,174.0,3220.612,3220.51,3220.74,ETH
2026-01-06 06:02:55+00:00,2026-01-06 06:06:55.999085+00:00,175.0,3220.462,3220.41,3220.64,ETH
2026-01-06 06:02:56+00:00,2026-01-06 06:06:57.012623+00:00,176.0,3220.412,3220.32,3220.68,ETH
2026-01-06 06:02:57+00:00,2026-01-06 06:06:58.014484+00:00,177.0,3220.612,3220.49,3220.78,ETH
2026-01-06 06:02:58+00:00,2026-01-06 06:06:59.020317+00:00,178.0,3220.782,3220.67,3220.84,ETH
2026-01-06 06:02:59+00:00,2026-01-06 06:07:00.049947+00:00,179.0,3220.912,3220.74,3221.02,ETH
2026-01-06 06:03:00+00:00,2026-01-06 06:07:01.063464+00:00,180.0,3221.022,3220.79,3221.18,ETH
2026-01-06 06:03:01+00:00,2026-01-06 06:07:02.070044+00:00,181.0,3221.012,3220.81,3221.18,ETH
2026-01-06 06:03:02+00:00,2026-01-06 06:07:03.082391+00:00,182.0,3221.002,3220.82,3221.18,ETH
2026-01-06 06:03:03+00:00,2026-01-06 06:07:04.099083+00:00,183.0,3221.002,3220.82,3221.18,ETH
2026-01-06 06:03:04+00:00,2026-01-06 06:07:05.140697+00:00,184.0,3221.062,3220.83,3221.18,ETH
2026-01-06 06:03:05+00:00,2026-01-06 06:07:06.153720+00:00,185.0,3221.132,3220.84,3221.18,ETH
2026-01-06 06:03:06+00:00,2026-01-06 06:07:07.165279+00:00,186.0,3221.132,3220.84,3221.2,ETH
2026-01-06 06:03:07+00:00,2026-01-06 06:07:08.189188+00:00,187.0,3221.302,3221.03,3221.44,ETH
2026-01-06 06:03:08+00:00,2026-01-06 06:07:09.184921+00:00,188.0,3221.522,3221.32,3221.79,ETH
2026-01-06 06:03:10+00:00,2026-01-06 06:07:10.233215+00:00,190.0,3221.712,3221.56,3222.2,ETH
2026-01-06 06:03:11+00:00,2026-01-06 06:07:12.203627+00:00,191.0,3221.852,3221.67,3221.89,ETH
2026-01-06 06:03:12+00:00,2026-01-06 06:07:13.219864+00:00,192.0,3221.792,3221.67,3221.95,ETH
2026-01-06 06:03:13+00:00,2026-01-06 06:07:14.221475+00:00,193.0,3221.792,3221.67,3221.99,ETH
2026-01-06 06:03:14+00:00,2026-01-06 06:07:15.232395+00:00,194.0,3221.792,3221.66,3221.97,ETH
2026-01-06 06:03:15+00:00,2026-01-06 06:07:16.233292+00:00,195.0,3221.752,3221.63,3221.97,ETH
2026-01-06 06:03:16+00:00,2026-01-06 06:07:17.247971+00:00,196.0,3221.612,3221.44,3221.73,ETH
2026-01-06 06:03:17+00:00,2026-01-06 06:07:18.252858+00:00,197.0,3221.322,3221.15,3221.45,ETH
2026-01-06 06:03:18+00:00,2026-01-06 06:07:19.271058+00:00,198.0,3221.162,3221.03,3221.44,ETH
2026-01-06 06:03:19+00:00,2026-01-06 06:07:20.270006+00:00,199.0,3221.162,3221.07,3221.44,ETH
2026-01-06 06:03:20+00:00,2026-01-06 06:07:21.262899+00:00,200.0,3221.162,3221.08,3221.39,ETH
2026-01-06 06:03:21+00:00,2026-01-06 06:07:22.270312+00:00,201.0,3221.162,3221.08,3221.38,ETH
2026-01-06 06:03:22+00:00,2026-01-06 06:07:23.263939+00:00,202.0,3221.162,3221.07,3221.39,ETH
2026-01-06 06:03:23+00:00,2026-01-06 06:07:24.280176+00:00,203.0,3221.162,3221.07,3221.39,ETH
2026-01-06 06:03:24+00:00,2026-01-06 06:07:25.297929+00:00,204.0,3221.162,3221.06,3221.38,ETH
2026-01-06 06:03:25+00:00,2026-01-06 06:07:26.302681+00:00,205.0,3221.162,3221.07,3221.35,ETH
2026-01-06 06:03:26+00:00,2026-01-06 06:07:27.316824+00:00,206.0,3221.162,3221.07,3221.36,ETH
2026-01-06 06:03:27+00:00,2026-01-06 06:07:28.297079+00:00,207.0,3221.162,3221.07,3221.41,ETH
2026-01-06 06:03:28+00:00,2026-01-06 06:07:29.317893+00:00,208.0,3221.162,3221.08,3221.44,ETH
2026-01-06 06:03:29+00:00,2026-01-06 06:07:30.320290+00:00,209.0,3221.162,3221.08,3221.44,ETH
2026-01-06 06:03:30+00:00,2026-01-06 06:07:31.315315+00:00,210.0,3221.162,3221.07,3221.41,ETH
2026-01-06 06:03:31+00:00,2026-01-06 06:07:32.321963+00:00,211.0,3221.162,3221.08,3221.34,ETH
2026-01-06 06:03:32+00:00,2026-01-06 06:07:33.327111+00:00,212.0,3221.162,3221.08,3221.3,ETH
2026-01-06 06:03:33+00:00,2026-01-06 06:07:34.358451+00:00,213.0,3221.162,3221.02,3221.32,ETH
2026-01-06 06:03:34+00:00,2026-01-06 06:07:35.356434+00:00,214.0,3221.162,3221.03,3221.36,ETH
2026-01-06 06:03:35+00:00,2026-01-06 06:07:36.339670+00:00,215.0,3221.162,3221.03,3221.39,ETH
2026-01-06 06:03:36+00:00,2026-01-06 06:07:37.348489+00:00,216.0,3221.162,3221.02,3221.36,ETH
2026-01-06 06:03:37+00:00,2026-01-06 06:07:38.352069+00:00,217.0,3221.342,3221.02,3221.51,ETH
2026-01-06 06:03:38+00:00,2026-01-06 06:07:39.353536+00:00,218.0,3221.662,3221.5,3221.92,ETH
2026-01-06 06:03:39+00:00,2026-01-06 06:07:40.364182+00:00,219.0,3221.662,3221.59,3222.01,ETH
2026-01-06 06:03:40+00:00,2026-01-06 06:07:41.363954+00:00,220.0,3221.892,3221.67,3221.96,ETH
2026-01-06 06:03:41+00:00,2026-01-06 06:07:42.369685+00:00,221.0,3222.082,3222.01,3222.16,ETH
2026-01-06 06:03:42+00:00,2026-01-06 06:07:43.385460+00:00,222.0,3222.242,3222.06,3222.43,ETH
2026-01-06 06:03:43+00:00,2026-01-06 06:07:44.386740+00:00,223.0,3222.242,3222.06,3222.37,ETH
2026-01-06 06:03:44+00:00,2026-01-06 06:07:45.390693+00:00,224.0,3222.242,3222.07,3222.31,ETH
2026-01-06 06:03:45+00:00,2026-01-06 06:07:46.381918+00:00,225.0,3222.242,3222.07,3222.28,ETH
2026-01-06 06:03:46+00:00,2026-01-06 06:07:47.401974+00:00,226.0,3222.412,3222.1,3222.65,ETH
2026-01-06 06:03:47+00:00,2026-01-06 06:07:48.401207+00:00,227.0,3222.522,3222.27,3222.64,ETH
2026-01-06 06:03:48+00:00,2026-01-06 06:07:49.420480+00:00,228.0,3222.642,3222.39,3222.93,ETH
2026-01-06 06:03:49+00:00,2026-01-06 06:07:50.420469+00:00,229.0,3222.642,3222.48,3222.94,ETH
2026-01-06 06:03:50+00:00,2026-01-06 06:07:51.460938+00:00,230.0,3222.622,3222.47,3222.83,ETH
2026-01-06 06:03:51+00:00,2026-01-06 06:07:52.451470+00:00,231.0,3222.602,3222.46,3222.72,ETH
2026-01-06 06:03:52+00:00,2026-01-06 06:07:53.465804+00:00,232.0,3222.602,3222.46,3222.8,ETH
2026-01-06 06:03:53+00:00,2026-01-06 06:07:54.486823+00:00,233.0,3222.532,3222.45,3222.6,ETH
2026-01-06 06:03:54+00:00,2026-01-06 06:07:55.498449+00:00,234.0,3222.602,3222.45,3222.93,ETH
2026-01-06 06:03:55+00:00,2026-01-06 06:07:56.500491+00:00,235.0,3222.602,3222.45,3222.85,ETH
2026-01-06 06:03:56+00:00,2026-01-06 06:07:57.498739+00:00,236.0,3222.602,3222.45,3222.79,ETH
2026-01-06 06:03:57+00:00,2026-01-06 06:07:58.505214+00:00,237.0,3222.602,3222.41,3222.87,ETH
2026-01-06 06:03:58+00:00,2026-01-06 06:07:59.516077+00:00,238.0,3222.602,3222.41,3222.82,ETH
2026-01-06 06:03:59+00:00,2026-01-06 06:08:00.521760+00:00,239.0,3222.602,3222.41,3222.77,ETH
2026-01-06 06:04:00+00:00,2026-01-06 06:08:01.542068+00:00,240.0,3222.602,3222.41,3222.86,ETH
2026-01-06 06:04:01+00:00,2026-01-06 06:08:02.529410+00:00,241.0,3222.602,3222.41,3222.94,ETH
2026-01-06 06:04:02+00:00,2026-01-06 06:08:03.534068+00:00,242.0,3222.432,3222.37,3222.75,ETH
2026-01-06 06:04:03+00:00,2026-01-06 06:08:04.548006+00:00,243.0,3222.402,3222.29,3222.66,ETH
2026-01-06 06:04:04+00:00,2026-01-06 06:08:05.560941+00:00,244.0,3222.372,3222.21,3222.57,ETH
2026-01-06 06:04:05+00:00,2026-01-06 06:08:06.566798+00:00,245.0,3222.152,3222.06,3222.35,ETH
2026-01-06 06:04:06+00:00,2026-01-06 06:08:07.566862+00:00,246.0,3221.932,3221.92,3222.12,ETH
2026-01-06 06:04:07+00:00,2026-01-06 06:08:08.567025+00:00,247.0,3221.642,3221.34,3221.87,ETH
2026-01-06 06:04:08+00:00,2026-01-06 06:08:09.581790+00:00,248.0,3221.182,3221.17,3221.68,ETH
2026-01-06 06:04:09+00:00,2026-01-06 06:08:10.580969+00:00,249.0,3221.182,3221.13,3221.43,ETH
2026-01-06 06:04:10+00:00,2026-01-06 06:08:11.647005+00:00,250.0,3221.172,3221.13,3221.41,ETH
2026-01-06 06:04:11+00:00,2026-01-06 06:08:12.669738+00:00,251.0,3221.002,3220.98,3221.39,ETH
2026-01-06 06:04:12+00:00,2026-01-06 06:08:13.678806+00:00,252.0,3220.832,3220.83,3221.36,ETH
2026-01-06 06:04:13+00:00,2026-01-06 06:08:14.703033+00:00,253.0,3220.702,3220.7,3221.04,ETH
2026-01-06 06:04:14+00:00,2026-01-06 06:08:15.716329+00:00,254.0,3220.542,3220.54,3221.03,ETH
2026-01-06 06:04:15+00:00,2026-01-06 06:08:16.728712+00:00,255.0,3220.512,3220.51,3220.94,ETH
2026-01-06 06:04:16+00:00,2026-01-06 06:08:17.740209+00:00,256.0,3220.502,3220.49,3220.98,ETH
2026-01-06 06:04:17+00:00,2026-01-06 06:08:18.744596+00:00,257.0,3220.522,3220.51,3220.98,ETH
2026-01-06 06:04:18+00:00,2026-01-06 06:08:19.753141+00:00,258.0,3220.552,3220.54,3221.01,ETH
2026-01-06 06:04:19+00:00,2026-01-06 06:08:20.763821+00:00,259.0,3220.542,3220.54,3221.02,ETH
2026-01-06 06:04:20+00:00,2026-01-06 06:08:21.764519+00:00,260.0,3220.182,3220.17,3220.63,ETH
2026-01-06 06:04:21+00:00,2026-01-06 06:08:22.766006+00:00,261.0,3220.172,3220.16,3220.63,ETH
2026-01-06 06:04:22+00:00,2026-01-06 06:08:23.779326+00:00,262.0,3220.172,3220.16,3220.54,ETH
2026-01-06 06:04:23+00:00,2026-01-06 06:08:24.799877+00:00,263.0,3220.172,3220.16,3220.53,ETH
2026-01-06 06:04:24+00:00,2026-01-06 06:08:25.797101+00:00,264.0,3220.172,3220.16,3220.53,ETH
2026-01-06 06:04:25+00:00,2026-01-06 06:08:26.815354+00:00,265.0,3220.172,3220.16,3220.46,ETH
2026-01-06 06:04:26+00:00,2026-01-06 06:08:27.813673+00:00,266.0,3220.172,3220.16,3220.58,ETH
2026-01-06 06:04:27+00:00,2026-01-06 06:08:28.827863+00:00,267.0,3220.172,3220.16,3220.57,ETH
2026-01-06 06:04:28+00:00,2026-01-06 06:08:29.846972+00:00,268.0,3220.632,3220.35,3220.78,ETH
2026-01-06 06:04:29+00:00,2026-01-06 06:08:30.920098+00:00,269.0,3220.632,3220.53,3220.98,ETH
2026-01-06 06:04:30+00:00,2026-01-06 06:08:31.916695+00:00,270.0,3220.632,3220.55,3221.02,ETH
2026-01-06 06:04:31+00:00,2026-01-06 06:08:32.927943+00:00,271.0,3220.642,3220.57,3220.98,ETH
2026-01-06 06:04:32+00:00,2026-01-06 06:08:33.936995+00:00,272.0,3220.662,3220.57,3221.23,ETH
2026-01-06 06:04:33+00:00,2026-01-06 06:08:34.948019+00:00,273.0,3220.642,3220.62,3220.81,ETH
2026-01-06 06:04:34+00:00,2026-01-06 06:08:35.949090+00:00,274.0,3220.642,3220.62,3220.81,ETH
2026-01-06 06:04:35+00:00,2026-01-06 06:08:36.960769+00:00,275.0,3220.642,3220.62,3220.8,ETH
2026-01-06 06:04:36+00:00,2026-01-06 06:08:37.944454+00:00,276.0,3220.742,3220.62,3220.88,ETH
2026-01-06 06:04:37+00:00,2026-01-06 06:08:38.945072+00:00,277.0,3220.812,3220.62,3220.97,ETH
2026-01-06 06:04:38+00:00,2026-01-06 06:08:39.961420+00:00,278.0,3220.962,3220.77,3221.11,ETH
2026-01-06 06:04:39+00:00,2026-01-06 06:08:40.946671+00:00,279.0,3220.962,3220.82,3221.06,ETH
2026-01-06 06:04:40+00:00,2026-01-06 06:08:41.949209+00:00,280.0,3221.102,3220.82,3221.41,ETH
2026-01-06 06:04:41+00:00,2026-01-06 06:08:42.962764+00:00,281.0,3221.372,3221.14,3221.59,ETH
2026-01-06 06:04:42+00:00,2026-01-06 06:08:43.963064+00:00,282.0,3221.452,3221.15,3221.66,ETH
2026-01-06 06:04:43+00:00,2026-01-06 06:08:44.981046+00:00,283.0,3221.442,3221.15,3221.79,ETH
2026-01-06 06:04:44+00:00,2026-01-06 06:08:45.996311+00:00,284.0,3221.442,3221.23,3221.59,ETH
2026-01-06 06:04:45+00:00,2026-01-06 06:08:47.006590+00:00,285.0,3221.452,3221.26,3221.59,ETH
2026-01-06 06:04:46+00:00,2026-01-06 06:08:48.012231+00:00,286.0,3221.452,3221.21,3221.77,ETH
2026-01-06 06:04:47+00:00,2026-01-06 06:08:49.027934+00:00,287.0,3221.452,3221.21,3221.76,ETH
2026-01-06 06:04:48+00:00,2026-01-06 06:08:50.055024+00:00,288.0,3221.452,3221.21,3221.76,ETH
2026-01-06 06:04:49+00:00,2026-01-06 06:08:51.031417+00:00,289.0,3221.452,3221.21,3221.56,ETH
2026-01-06 06:04:50+00:00,2026-01-06 06:08:52.045135+00:00,290.0,3221.602,3221.21,3221.8,ETH
2026-01-06 06:04:51+00:00,2026-01-06 06:08:53.045754+00:00,291.0,3221.802,3221.69,3221.91,ETH
2026-01-06 06:04:52+00:00,2026-01-06 06:08:54.048485+00:00,292.0,3221.822,3221.7,3222.01,ETH
2026-01-06 06:04:53+00:00,2026-01-06 06:08:55.045312+00:00,293.0,3221.662,3221.65,3221.85,ETH
2026-01-06 06:04:54+00:00,2026-01-06 06:08:56.060322+00:00,294.0,3221.262,3221.06,3221.54,ETH
2026-01-06 06:04:55+00:00,2026-01-06 06:08:57.063915+00:00,295.0,3220.242,3220.14,3220.27,ETH
2026-01-06 06:04:56+00:00,2026-01-06 06:08:58.078588+00:00,296.0,3220.012,3220.01,3220.49,ETH
2026-01-06 06:04:57+00:00,2026-01-06 06:08:59.082832+00:00,297.0,3220.012,3220.01,3220.35,ETH
2026-01-06 06:04:58+00:00,2026-01-06 06:09:00.097761+00:00,298.0,3220.012,3220.01,3220.36,ETH
2026-01-06 06:04:59+00:00,2026-01-06 06:09:01.096948+00:00,299.0,3220.012,3220.01,3220.35,ETH
2026-01-06 06:05:00+00:00,2026-01-06 06:09:02.098862+00:00,300.0,3220.012,3220.01,3220.32,ETH
2026-01-06 06:05:01+00:00,2026-01-06 06:09:03.092898+00:00,301.0,3220.012,3220.01,3220.37,ETH
2026-01-06 06:05:02+00:00,2026-01-06 06:09:04.114330+00:00,302.0,3219.542,3219.24,3219.59,ETH
2026-01-06 06:05:03+00:00,2026-01-06 06:09:05.112142+00:00,303.0,3218.952,3218.95,3219.23,ETH
2026-01-06 06:05:04+00:00,2026-01-06 06:09:06.112993+00:00,304.0,3218.962,3218.95,3219.16,ETH
2026-01-06 06:05:05+00:00,2026-01-06 06:09:07.113946+00:00,305.0,3218.962,3218.95,3219.21,ETH
2026-01-06 06:05:06+00:00,2026-01-06 06:09:08.111363+00:00,306.0,3219.032,3218.99,3219.27,ETH
2026-01-06 06:05:07+00:00,2026-01-06 06:09:09.126680+00:00,307.0,3219.102,3219.03,3219.33,ETH
2026-01-06 06:05:08+00:00,2026-01-06 06:09:10.142004+00:00,308.0,3219.172,3219.07,3219.39,ETH
2026-01-06 06:05:09+00:00,2026-01-06 06:09:11.146806+00:00,309.0,3219.252,3219.11,3219.45,ETH
2026-01-06 06:05:10+00:00,2026-01-06 06:09:12.146777+00:00,310.0,3219.442,3219.28,3219.6,ETH
2026-01-06 06:05:11+00:00,2026-01-06 06:09:14.157403+00:00,311.0,3219.442,3219.32,3219.75,ETH
2026-01-06 06:05:12+00:00,2026-01-06 06:09:15.165174+00:00,312.0,3219.442,3219.32,3219.86,ETH
2026-01-06 06:05:14+00:00,2026-01-06 06:09:16.219230+00:00,314.0,3219.442,3219.32,3219.98,ETH
2026-01-06 06:05:15+00:00,2026-01-06 06:09:17.214767+00:00,315.0,3219.932,3219.74,3220.23,ETH
2026-01-06 06:05:16+00:00,2026-01-06 06:09:18.214109+00:00,316.0,3220.432,3220.16,3220.48,ETH
2026-01-06 06:05:17+00:00,2026-01-06 06:09:19.210415+00:00,317.0,3220.472,3220.3,3220.58,ETH
2026-01-06 06:05:18+00:00,2026-01-06 06:09:20.202708+00:00,318.0,3220.402,3220.3,3220.47,ETH
2026-01-06 06:05:19+00:00,2026-01-06 06:09:21.214743+00:00,319.0,3220.202,3220.07,3220.36,ETH
2026-01-06 06:05:20+00:00,2026-01-06 06:09:22.222326+00:00,320.0,3220.202,3220.07,3220.57,ETH
2026-01-06 06:05:21+00:00,2026-01-06 06:09:23.225561+00:00,321.0,3220.402,3220.09,3220.47,ETH
2026-01-06 06:05:22+00:00,2026-01-06 06:09:24.228294+00:00,322.0,3220.472,3220.24,3220.75,ETH
2026-01-06 06:05:23+00:00,2026-01-06 06:09:25.232332+00:00,323.0,3220.452,3220.21,3220.63,ETH
2026-01-06 06:05:24+00:00,2026-01-06 06:09:26.250916+00:00,324.0,3220.582,3220.28,3220.72,ETH
2026-01-06 06:05:25+00:00,2026-01-06 06:09:27.244516+00:00,325.0,3220.762,3220.5,3220.81,ETH
2026-01-06 06:05:26+00:00,2026-01-06 06:09:28.269659+00:00,326.0,3220.562,3220.5,3220.72,ETH
2026-01-06 06:05:27+00:00,2026-01-06 06:09:29.279641+00:00,327.0,3220.562,3220.46,3220.74,ETH
2026-01-06 06:05:28+00:00,2026-01-06 06:09:30.290143+00:00,328.0,3220.562,3220.43,3220.94,ETH
2026-01-06 06:05:29+00:00,2026-01-06 06:09:31.298461+00:00,329.0,3220.562,3220.43,3220.72,ETH
2026-01-06 06:05:30+00:00,2026-01-06 06:09:32.296259+00:00,330.0,3220.562,3220.44,3220.74,ETH
2026-01-06 06:05:31+00:00,2026-01-06 06:09:33.316692+00:00,331.0,3220.562,3220.48,3220.83,ETH
2026-01-06 06:05:32+00:00,2026-01-06 06:09:34.320269+00:00,332.0,3220.562,3220.48,3221.03,ETH
2026-01-06 06:05:33+00:00,2026-01-06 06:09:35.330494+00:00,333.0,3220.532,3220.47,3220.81,ETH
2026-01-06 06:05:34+00:00,2026-01-06 06:09:36.345637+00:00,334.0,3220.152,3220.08,3220.37,ETH
2026-01-06 06:05:35+00:00,2026-01-06 06:09:38.347706+00:00,335.0,3220.002,3219.95,3220.17,ETH
2026-01-06 06:05:36+00:00,2026-01-06 06:09:39.361168+00:00,336.0,3219.752,3219.74,3220.01,ETH
2026-01-06 06:05:37+00:00,2026-01-06 06:09:40.348934+00:00,337.0,3219.652,3219.63,3220.05,ETH
2026-01-06 06:05:38+00:00,2026-01-06 06:09:41.350704+00:00,338.0,3219.652,3219.62,3220.04,ETH
2026-01-06 06:05:39+00:00,2026-01-06 06:09:42.347401+00:00,339.0,3219.652,3219.6,3220.03,ETH
2026-01-06 06:05:40+00:00,2026-01-06 06:09:43.332305+00:00,340.0,3219.652,3219.57,3220.01,ETH
2026-01-06 06:05:41+00:00,2026-01-06 06:09:44.361375+00:00,341.0,3219.652,3219.57,3220.0,ETH
2026-01-06 06:05:42+00:00,2026-01-06 06:09:45.348235+00:00,342.0,3219.652,3219.57,3219.99,ETH
2026-01-06 06:05:43+00:00,2026-01-06 06:09:46.329657+00:00,343.0,3219.652,3219.57,3220.02,ETH
2026-01-06 06:05:44+00:00,2026-01-06 06:09:47.345790+00:00,344.0,3219.852,3219.72,3220.12,ETH
2026-01-06 06:05:45+00:00,2026-01-06 06:09:48.330168+00:00,345.0,3220.052,3219.87,3220.12,ETH
2026-01-06 06:05:46+00:00,2026-01-06 06:09:49.345877+00:00,346.0,3220.052,3219.87,3220.17,ETH
2026-01-06 06:05:47+00:00,2026-01-06 06:09:50.348711+00:00,347.0,3220.052,3219.89,3220.28,ETH
2026-01-06 06:05:48+00:00,2026-01-06 06:09:51.356948+00:00,348.0,3220.052,3219.91,3220.27,ETH
2026-01-06 06:05:49+00:00,2026-01-06 06:09:52.343045+00:00,349.0,3220.052,3219.91,3220.25,ETH
2026-01-06 06:05:50+00:00,2026-01-06 06:09:53.349873+00:00,350.0,3220.062,3219.91,3220.31,ETH
2026-01-06 06:05:51+00:00,2026-01-06 06:09:54.362785+00:00,351.0,3220.052,3219.92,3220.39,ETH
2026-01-06 06:05:52+00:00,2026-01-06 06:09:55.360622+00:00,352.0,3220.092,3219.92,3220.4,ETH
2026-01-06 06:05:53+00:00,2026-01-06 06:09:56.361765+00:00,353.0,3220.302,3220.08,3220.45,ETH
2026-01-06 06:05:54+00:00,2026-01-06 06:09:57.361012+00:00,354.0,3220.462,3220.23,3220.53,ETH
2026-01-06 06:05:55+00:00,2026-01-06 06:09:58.382046+00:00,355.0,3220.442,3220.21,3220.5,ETH
2026-01-06 06:05:56+00:00,2026-01-06 06:09:59.376938+00:00,356.0,3220.442,3220.2,3220.52,ETH
2026-01-06 06:05:57+00:00,2026-01-06 06:10:00.372458+00:00,357.0,3220.462,3220.22,3220.62,ETH
2026-01-06 06:05:58+00:00,2026-01-06 06:10:01.402938+00:00,358.0,3220.462,3220.22,3220.67,ETH
2026-01-06 06:05:59+00:00,2026-01-06 06:10:02.394727+00:00,359.0,3220.462,3220.22,3220.54,ETH
2026-01-06 06:06:00+00:00,2026-01-06 06:10:03.403080+00:00,360.0,3220.462,3220.24,3220.89,ETH
2026-01-06 06:06:01+00:00,2026-01-06 06:10:04.408820+00:00,361.0,3220.522,3220.31,3220.89,ETH
2026-01-06 06:06:02+00:00,2026-01-06 06:10:05.412947+00:00,362.0,3220.422,3220.31,3220.58,ETH
2026-01-06 06:06:03+00:00,2026-01-06 06:10:06.412900+00:00,363.0,3220.312,3220.23,3220.6,ETH
2026-01-06 06:06:04+00:00,2026-01-06 06:10:07.432404+00:00,364.0,3220.692,3220.42,3221.03,ETH
2026-01-06 06:06:05+00:00,2026-01-06 06:10:08.442235+00:00,365.0,3220.692,3220.42,3220.97,ETH
2026-01-06 06:06:06+00:00,2026-01-06 06:10:09.441743+00:00,366.0,3220.692,3220.42,3220.9,ETH
2026-01-06 06:06:07+00:00,2026-01-06 06:10:10.467586+00:00,367.0,3220.692,3220.42,3220.84,ETH
2026-01-06 06:06:08+00:00,2026-01-06 06:10:11.447001+00:00,368.0,3220.692,3220.42,3221.04,ETH
2026-01-06 06:06:09+00:00,2026-01-06 06:10:12.461041+00:00,369.0,3220.692,3220.47,3221.08,ETH
2026-01-06 06:06:10+00:00,2026-01-06 06:10:13.458219+00:00,370.0,3220.842,3220.65,3221.13,ETH
2026-01-06 06:06:11+00:00,2026-01-06 06:10:14.474310+00:00,371.0,3220.882,3220.66,3221.17,ETH
2026-01-06 06:06:12+00:00,2026-01-06 06:10:15.477817+00:00,372.0,3221.132,3220.9,3221.22,ETH
2026-01-06 06:06:13+00:00,2026-01-06 06:10:16.493659+00:00,373.0,3221.202,3220.9,3221.35,ETH
2026-01-06 06:06:14+00:00,2026-01-06 06:10:17.481110+00:00,374.0,3221.172,3220.97,3221.21,ETH
2026-01-06 06:06:15+00:00,2026-01-06 06:10:18.504565+00:00,375.0,3221.112,3220.96,3221.4,ETH
2026-01-06 06:06:16+00:00,2026-01-06 06:10:19.514430+00:00,376.0,3221.112,3220.94,3221.39,ETH
2026-01-06 06:06:17+00:00,2026-01-06 06:10:20.525300+00:00,377.0,3221.112,3220.94,3221.4,ETH
2026-01-06 06:06:18+00:00,2026-01-06 06:10:21.525097+00:00,378.0,3221.112,3220.93,3221.29,ETH
2026-01-06 06:06:19+00:00,2026-01-06 06:10:22.567893+00:00,379.0,3221.112,3220.93,3221.24,ETH
2026-01-06 06:06:20+00:00,2026-01-06 06:10:23.571443+00:00,380.0,3221.112,3220.93,3221.22,ETH
2026-01-06 06:06:21+00:00,2026-01-06 06:10:24.593650+00:00,381.0,3221.112,3220.93,3221.37,ETH
2026-01-06 06:06:22+00:00,2026-01-06 06:10:25.606457+00:00,382.0,3221.112,3220.94,3221.4,ETH
2026-01-06 06:06:23+00:00,2026-01-06 06:10:26.620828+00:00,383.0,3221.242,3220.94,3221.54,ETH
2026-01-06 06:06:24+00:00,2026-01-06 06:10:27.808379+00:00,384.0,3221.332,3221.13,3221.48,ETH
2026-01-06 06:06:25+00:00,2026-01-06 06:10:28.871813+00:00,385.0,3221.482,3221.2,3221.64,ETH
2026-01-06 06:06:26+00:00,2026-01-06 06:10:29.859037+00:00,386.0,3221.492,3221.21,3221.57,ETH
2026-01-06 06:06:27+00:00,2026-01-06 06:10:30.862911+00:00,387.0,3221.432,3221.22,3221.54,ETH
2026-01-06 06:06:28+00:00,2026-01-06 06:10:31.867903+00:00,388.0,3221.372,3221.21,3221.49,ETH
2026-01-06 06:06:29+00:00,2026-01-06 06:10:32.874941+00:00,389.0,3221.332,3221.18,3221.45,ETH
2026-01-06 06:06:30+00:00,2026-01-06 06:10:33.873023+00:00,390.0,3221.222,3221.1,3221.31,ETH
2026-01-06 06:06:31+00:00,2026-01-06 06:10:34.888571+00:00,391.0,3220.872,3220.78,3221.08,ETH
2026-01-06 06:06:32+00:00,2026-01-06 06:10:35.893350+00:00,392.0,3220.552,3220.39,3220.77,ETH
2026-01-06 06:06:33+00:00,2026-01-06 06:10:36.906942+00:00,393.0,3220.492,3220.28,3220.58,ETH
2026-01-06 06:06:34+00:00,2026-01-06 06:10:37.909483+00:00,394.0,3220.492,3220.28,3220.62,ETH
2026-01-06 06:06:35+00:00,2026-01-06 06:10:38.921227+00:00,395.0,3220.412,3220.28,3220.61,ETH
2026-01-06 06:06:36+00:00,2026-01-06 06:10:39.926032+00:00,396.0,3220.322,3220.25,3220.63,ETH
2026-01-06 06:06:37+00:00,2026-01-06 06:10:40.926724+00:00,397.0,3220.232,3220.12,3220.53,ETH
2026-01-06 06:06:38+00:00,2026-01-06 06:10:41.925985+00:00,398.0,3220.152,3220.05,3220.3,ETH
2026-01-06 06:06:39+00:00,2026-01-06 06:10:42.927866+00:00,399.0,3220.152,3220.1,3220.45,ETH
2026-01-06 06:06:40+00:00,2026-01-06 06:10:43.945174+00:00,400.0,3220.152,3220.13,3220.63,ETH
2026-01-06 06:06:41+00:00,2026-01-06 06:10:44.939524+00:00,401.0,3220.152,3220.13,3220.55,ETH
2026-01-06 06:06:42+00:00,2026-01-06 06:10:45.955696+00:00,402.0,3220.142,3220.11,3220.5,ETH
2026-01-06 06:06:43+00:00,2026-01-06 06:10:46.965310+00:00,403.0,3220.142,3220.1,3220.39,ETH
2026-01-06 06:06:44+00:00,2026-01-06 06:10:47.966703+00:00,404.0,3220.142,3220.12,3220.41,ETH
2026-01-06 06:06:45+00:00,2026-01-06 06:10:48.979163+00:00,405.0,3220.312,3220.14,3220.6,ETH
2026-01-06 06:06:46+00:00,2026-01-06 06:10:49.986890+00:00,406.0,3220.552,3220.27,3220.74,ETH
2026-01-06 06:06:47+00:00,2026-01-06 06:10:51.004817+00:00,407.0,3220.622,3220.39,3220.82,ETH
2026-01-06 06:06:48+00:00,2026-01-06 06:10:52.013291+00:00,408.0,3220.622,3220.39,3221.01,ETH
2026-01-06 06:06:49+00:00,2026-01-06 06:10:53.015485+00:00,409.0,3220.622,3220.39,3221.01,ETH
2026-01-06 06:06:50+00:00,2026-01-06 06:10:54.024542+00:00,410.0,3220.622,3220.39,3221.01,ETH
2026-01-06 06:06:51+00:00,2026-01-06 06:10:55.025896+00:00,411.0,3220.622,3220.39,3221.01,ETH
2026-01-06 06:06:52+00:00,2026-01-06 06:10:56.040831+00:00,412.0,3220.622,3220.38,3221.01,ETH
2026-01-06 06:06:53+00:00,2026-01-06 06:10:57.046661+00:00,413.0,3220.702,3220.43,3221.01,ETH
2026-01-06 06:06:54+00:00,2026-01-06 06:10:58.059855+00:00,414.0,3220.782,3220.65,3221.29,ETH
2026-01-06 06:06:55+00:00,2026-01-06 06:10:59.070832+00:00,415.0,3220.782,3220.65,3221.29,ETH
2026-01-06 06:06:56+00:00,2026-01-06 06:11:00.065988+00:00,416.0,3220.782,3220.62,3221.25,ETH
2026-01-06 06:06:57+00:00,2026-01-06 06:11:01.084641+00:00,417.0,3220.782,3220.63,3221.18,ETH
2026-01-06 06:06:58+00:00,2026-01-06 06:11:02.079521+00:00,418.0,3220.522,3220.52,3221.04,ETH
2026-01-06 06:06:59+00:00,2026-01-06 06:11:03.083135+00:00,419.0,3220.692,3220.51,3221.04,ETH
2026-01-06 06:07:00+00:00,2026-01-06 06:11:04.087901+00:00,420.0,3220.782,3220.57,3221.09,ETH
2026-01-06 06:07:01+00:00,2026-01-06 06:11:05.093613+00:00,421.0,3220.782,3220.62,3221.07,ETH
2026-01-06 06:07:02+00:00,2026-01-06 06:11:06.114171+00:00,422.0,3220.502,3220.5,3220.92,ETH
2026-01-06 06:07:03+00:00,2026-01-06 06:11:07.119062+00:00,423.0,3220.502,3220.5,3221.01,ETH
2026-01-06 06:07:04+00:00,2026-01-06 06:11:08.140134+00:00,424.0,3220.502,3220.5,3221.0,ETH
2026-01-06 06:07:05+00:00,2026-01-06 06:11:09.152728+00:00,425.0,3220.502,3220.5,3220.92,ETH
2026-01-06 06:07:06+00:00,2026-01-06 06:11:10.153069+00:00,426.0,3220.502,3220.5,3220.95,ETH
2026-01-06 06:07:07+00:00,2026-01-06 06:11:11.170029+00:00,427.0,3220.502,3220.5,3220.97,ETH
2026-01-06 06:07:08+00:00,2026-01-06 06:11:12.221187+00:00,428.0,3220.602,3220.5,3220.95,ETH
2026-01-06 06:07:09+00:00,2026-01-06 06:11:13.228037+00:00,429.0,3220.692,3220.51,3220.97,ETH
2026-01-06 06:07:10+00:00,2026-01-06 06:11:14.195433+00:00,430.0,3220.682,3220.51,3220.98,ETH
2026-01-06 06:07:11+00:00,2026-01-06 06:11:15.206751+00:00,431.0,3220.542,3220.51,3220.96,ETH
2026-01-06 06:07:12+00:00,2026-01-06 06:11:16.208072+00:00,432.0,3220.522,3220.51,3221.02,ETH
2026-01-06 06:07:13+00:00,2026-01-06 06:11:17.203795+00:00,433.0,3220.522,3220.43,3220.99,ETH
2026-01-06 06:07:14+00:00,2026-01-06 06:11:18.223534+00:00,434.0,3220.522,3220.49,3220.99,ETH
2026-01-06 06:07:15+00:00,2026-01-06 06:11:19.210143+00:00,435.0,3220.522,3220.49,3221.02,ETH
2026-01-06 06:07:16+00:00,2026-01-06 06:11:20.217160+00:00,436.0,3220.522,3220.49,3221.0,ETH
2026-01-06 06:07:17+00:00,2026-01-06 06:11:21.217025+00:00,437.0,3220.522,3220.49,3220.97,ETH
2026-01-06 06:07:18+00:00,2026-01-06 06:11:22.218105+00:00,438.0,3220.802,3220.51,3220.93,ETH
2026-01-06 06:07:19+00:00,2026-01-06 06:11:23.235799+00:00,439.0,3220.812,3220.69,3220.93,ETH
2026-01-06 06:07:20+00:00,2026-01-06 06:11:24.242250+00:00,440.0,3220.912,3220.69,3220.95,ETH
2026-01-06 06:07:21+00:00,2026-01-06 06:11:25.256581+00:00,441.0,3220.922,3220.69,3220.97,ETH
2026-01-06 06:07:22+00:00,2026-01-06 06:11:26.275376+00:00,442.0,3220.942,3220.75,3221.12,ETH
2026-01-06 06:07:23+00:00,2026-01-06 06:11:27.255311+00:00,443.0,3220.942,3220.75,3221.12,ETH
2026-01-06 06:07:24+00:00,2026-01-06 06:11:28.254696+00:00,444.0,3220.562,3220.45,3220.65,ETH
2026-01-06 06:07:25+00:00,2026-01-06 06:11:29.275463+00:00,445.0,3220.302,3220.22,3220.6,ETH
2026-01-06 06:07:26+00:00,2026-01-06 06:11:30.275481+00:00,446.0,3220.302,3220.2,3220.62,ETH
2026-01-06 06:07:27+00:00,2026-01-06 06:11:31.292479+00:00,447.0,3220.302,3220.2,3220.58,ETH
2026-01-06 06:07:28+00:00,2026-01-06 06:11:32.287437+00:00,448.0,3220.302,3220.2,3220.78,ETH
2026-01-06 06:07:29+00:00,2026-01-06 06:11:33.289727+00:00,449.0,3220.302,3220.2,3220.76,ETH
2026-01-06 06:07:30+00:00,2026-01-06 06:11:34.287062+00:00,450.0,3220.302,3220.21,3220.75,ETH
2026-01-06 06:07:31+00:00,2026-01-06 06:11:35.293009+00:00,451.0,3220.302,3220.21,3220.65,ETH
2026-01-06 06:07:32+00:00,2026-01-06 06:11:36.325745+00:00,452.0,3220.292,3220.01,3220.66,ETH
2026-01-06 06:07:33+00:00,2026-01-06 06:11:37.341430+00:00,453.0,3220.292,3219.98,3220.64,ETH
2026-01-06 06:07:34+00:00,2026-01-06 06:11:39.356018+00:00,454.0,3220.282,3219.95,3220.58,ETH
2026-01-06 06:07:35+00:00,2026-01-06 06:11:40.374447+00:00,455.0,3220.282,3219.93,3220.54,ETH
2026-01-06 06:07:36+00:00,2026-01-06 06:11:41.354648+00:00,456.0,3220.282,3219.94,3220.55,ETH
2026-01-06 06:07:37+00:00,2026-01-06 06:11:42.375852+00:00,457.0,3220.282,3219.94,3220.57,ETH
2026-01-06 06:07:38+00:00,2026-01-06 06:11:43.361601+00:00,458.0,3220.282,3219.94,3220.59,ETH
2026-01-06 06:07:39+00:00,2026-01-06 06:11:44.372771+00:00,459.0,3220.222,3219.95,3220.56,ETH
2026-01-06 06:07:40+00:00,2026-01-06 06:11:45.373070+00:00,460.0,3220.162,3219.96,3220.52,ETH
2026-01-06 06:07:41+00:00,2026-01-06 06:11:46.374524+00:00,461.0,3220.162,3219.92,3220.49,ETH
2026-01-06 06:07:42+00:00,2026-01-06 06:11:47.374111+00:00,462.0,3220.162,3219.88,3220.46,ETH
2026-01-06 06:07:43+00:00,2026-01-06 06:11:48.375760+00:00,463.0,3220.162,3219.88,3220.46,ETH
2026-01-06 06:07:44+00:00,2026-01-06 06:11:49.376351+00:00,464.0,3220.162,3219.88,3220.46,ETH
2026-01-06 06:07:45+00:00,2026-01-06 06:11:50.380644+00:00,465.0,3220.162,3219.88,3220.46,ETH
2026-01-06 06:07:46+00:00,2026-01-06 06:11:51.388198+00:00,466.0,3220.162,3219.88,3220.45,ETH
2026-01-06 06:07:47+00:00,2026-01-06 06:11:52.392346+00:00,467.0,3220.162,3219.88,3220.45,ETH
2026-01-06 06:07:48+00:00,2026-01-06 06:11:53.398930+00:00,468.0,3220.162,3219.88,3220.46,ETH
2026-01-06 06:07:49+00:00,2026-01-06 06:11:54.402414+00:00,469.0,3220.162,3219.88,3220.45,ETH
2026-01-06 06:07:50+00:00,2026-01-06 06:11:55.404650+00:00,470.0,3220.162,3219.88,3220.43,ETH
2026-01-06 06:07:51+00:00,2026-01-06 06:11:56.416935+00:00,471.0,3220.162,3219.88,3220.41,ETH
2026-01-06 06:07:52+00:00,2026-01-06 06:11:57.405308+00:00,472.0,3220.162,3219.88,3220.43,ETH
2026-01-06 06:07:53+00:00,2026-01-06 06:11:58.421700+00:00,473.0,3220.162,3219.87,3220.42,ETH
2026-01-06 06:07:54+00:00,2026-01-06 06:11:59.422940+00:00,474.0,3220.162,3219.87,3220.41,ETH
2026-01-06 06:07:55+00:00,2026-01-06 06:12:00.450601+00:00,475.0,3220.162,3219.87,3220.42,ETH
2026-01-06 06:07:56+00:00,2026-01-06 06:12:01.439166+00:00,476.0,3220.162,3219.87,3220.43,ETH
2026-01-06 06:07:57+00:00,2026-01-06 06:12:02.439686+00:00,477.0,3220.162,3219.88,3220.43,ETH
2026-01-06 06:07:58+00:00,2026-01-06 06:12:03.452131+00:00,478.0,3220.162,3219.88,3220.43,ETH
2026-01-06 06:07:59+00:00,2026-01-06 06:12:04.455736+00:00,479.0,3220.162,3219.88,3220.43,ETH
2026-01-06 06:08:00+00:00,2026-01-06 06:12:05.443358+00:00,480.0,3220.162,3219.88,3220.43,ETH
2026-01-06 06:08:01+00:00,2026-01-06 06:12:06.439298+00:00,481.0,3220.162,3219.88,3220.42,ETH
2026-01-06 06:08:02+00:00,2026-01-06 06:12:07.444725+00:00,482.0,3220.162,3219.88,3220.43,ETH
2026-01-06 06:08:03+00:00,2026-01-06 06:12:08.437761+00:00,483.0,3220.162,3219.88,3220.45,ETH
2026-01-06 06:08:04+00:00,2026-01-06 06:12:09.440556+00:00,484.0,3220.162,3219.92,3220.46,ETH
2026-01-06 06:08:05+00:00,2026-01-06 06:12:10.457161+00:00,485.0,3220.172,3219.93,3220.44,ETH
2026-01-06 06:08:06+00:00,2026-01-06 06:12:11.477885+00:00,486.0,3220.172,3219.95,3220.54,ETH
2026-01-06 06:08:07+00:00,2026-01-06 06:12:12.489782+00:00,487.0,3220.282,3220.01,3220.57,ETH
2026-01-06 06:08:08+00:00,2026-01-06 06:12:13.472119+00:00,488.0,3220.282,3220.07,3220.58,ETH
2026-01-06 06:08:09+00:00,2026-01-06 06:12:14.487954+00:00,489.0,3220.392,3220.17,3220.56,ETH
2026-01-06 06:08:10+00:00,2026-01-06 06:12:15.493059+00:00,490.0,3220.392,3220.17,3220.73,ETH
2026-01-06 06:08:11+00:00,2026-01-06 06:12:16.505089+00:00,491.0,3220.392,3220.15,3220.61,ETH
2026-01-06 06:08:12+00:00,2026-01-06 06:12:17.508870+00:00,492.0,3220.392,3220.15,3220.68,ETH
2026-01-06 06:08:13+00:00,2026-01-06 06:12:18.511419+00:00,493.0,3220.392,3220.16,3220.7,ETH
2026-01-06 06:08:14+00:00,2026-01-06 06:12:19.522069+00:00,494.0,3220.392,3220.17,3220.75,ETH
2026-01-06 06:08:15+00:00,2026-01-06 06:12:20.522520+00:00,495.0,3220.452,3220.27,3220.73,ETH
2026-01-06 06:08:16+00:00,2026-01-06 06:12:21.526312+00:00,496.0,3220.452,3220.27,3220.84,ETH
2026-01-06 06:08:17+00:00,2026-01-06 06:12:22.537955+00:00,497.0,3220.452,3220.27,3220.87,ETH
2026-01-06 06:08:18+00:00,2026-01-06 06:12:23.536234+00:00,498.0,3220.162,3220.0,3220.43,ETH
2026-01-06 06:08:19+00:00,2026-01-06 06:12:24.536485+00:00,499.0,3220.162,3219.89,3220.37,ETH
2026-01-06 06:08:20+00:00,2026-01-06 06:12:25.535707+00:00,500.0,3220.162,3219.87,3220.37,ETH
2026-01-06 06:08:21+00:00,2026-01-06 06:12:26.534241+00:00,501.0,3220.162,3219.87,3220.36,ETH
2026-01-06 06:08:22+00:00,2026-01-06 06:12:27.544545+00:00,502.0,3219.942,3219.83,3220.34,ETH
2026-01-06 06:08:23+00:00,2026-01-06 06:12:28.558467+00:00,503.0,3219.942,3219.83,3220.34,ETH
2026-01-06 06:08:24+00:00,2026-01-06 06:12:29.557945+00:00,504.0,3219.942,3219.83,3220.33,ETH
2026-01-06 06:08:25+00:00,2026-01-06 06:12:30.571898+00:00,505.0,3219.942,3219.83,3220.33,ETH
2026-01-06 06:08:26+00:00,2026-01-06 06:12:31.584110+00:00,506.0,3219.942,3219.82,3220.32,ETH
2026-01-06 06:08:27+00:00,2026-01-06 06:12:32.586701+00:00,507.0,3219.942,3219.82,3220.32,ETH
2026-01-06 06:08:28+00:00,2026-01-06 06:12:33.607500+00:00,508.0,3219.942,3219.81,3220.32,ETH
2026-01-06 06:08:29+00:00,2026-01-06 06:12:34.605089+00:00,509.0,3219.942,3219.81,3220.3,ETH
2026-01-06 06:08:30+00:00,2026-01-06 06:12:35.618785+00:00,510.0,3219.942,3219.81,3220.3,ETH
2026-01-06 06:08:31+00:00,2026-01-06 06:12:36.606924+00:00,511.0,3219.932,3219.81,3220.27,ETH
2026-01-06 06:08:32+00:00,2026-01-06 06:12:37.622318+00:00,512.0,3219.932,3219.75,3220.25,ETH
2026-01-06 06:08:33+00:00,2026-01-06 06:12:38.633330+00:00,513.0,3219.932,3219.74,3220.24,ETH
2026-01-06 06:08:34+00:00,2026-01-06 06:12:39.632142+00:00,514.0,3219.932,3219.74,3220.25,ETH
2026-01-06 06:08:35+00:00,2026-01-06 06:12:40.634801+00:00,515.0,3219.932,3219.75,3220.25,ETH
2026-01-06 06:08:36+00:00,2026-01-06 06:12:41.641148+00:00,516.0,3219.932,3219.74,3220.26,ETH
2026-01-06 06:08:37+00:00,2026-01-06 06:12:42.635644+00:00,517.0,3219.922,3219.73,3220.27,ETH
2026-01-06 06:08:38+00:00,2026-01-06 06:12:43.637808+00:00,518.0,3219.932,3219.75,3220.27,ETH
2026-01-06 06:08:39+00:00,2026-01-06 06:12:44.638982+00:00,519.0,3219.902,3219.67,3220.2,ETH
2026-01-06 06:08:40+00:00,2026-01-06 06:12:45.649253+00:00,520.0,3218.462,3218.45,3218.9,ETH
2026-01-06 06:08:41+00:00,2026-01-06 06:12:46.667038+00:00,521.0,3218.462,3218.45,3218.65,ETH
2026-01-06 06:08:42+00:00,2026-01-06 06:12:47.708263+00:00,522.0,3218.462,3218.42,3218.79,ETH
2026-01-06 06:08:43+00:00,2026-01-06 06:12:48.736156+00:00,523.0,3218.582,3218.42,3218.8,ETH
2026-01-06 06:08:44+00:00,2026-01-06 06:12:49.722438+00:00,524.0,3218.792,3218.57,3218.85,ETH
2026-01-06 06:08:45+00:00,2026-01-06 06:12:50.720747+00:00,525.0,3218.892,3218.72,3219.06,ETH
2026-01-06 06:08:46+00:00,2026-01-06 06:12:51.722571+00:00,526.0,3218.892,3218.75,3219.23,ETH
2026-01-06 06:08:47+00:00,2026-01-06 06:12:52.720239+00:00,527.0,3218.892,3218.75,3219.24,ETH
2026-01-06 06:08:48+00:00,2026-01-06 06:12:53.731954+00:00,528.0,3218.892,3218.75,3219.27,ETH
2026-01-06 06:08:49+00:00,2026-01-06 06:12:54.738830+00:00,529.0,3218.892,3218.74,3219.24,ETH
2026-01-06 06:08:50+00:00,2026-01-06 06:12:55.736406+00:00,530.0,3218.892,3218.75,3219.25,ETH
2026-01-06 06:08:51+00:00,2026-01-06 06:12:56.737827+00:00,531.0,3218.892,3218.75,3219.21,ETH
2026-01-06 06:08:52+00:00,2026-01-06 06:12:57.751279+00:00,532.0,3218.892,3218.75,3219.23,ETH
2026-01-06 06:08:53+00:00,2026-01-06 06:12:58.769379+00:00,533.0,3218.892,3218.75,3219.25,ETH
2026-01-06 06:08:54+00:00,2026-01-06 06:12:59.776811+00:00,534.0,3218.712,3218.7,3219.02,ETH
2026-01-06 06:08:55+00:00,2026-01-06 06:13:00.813594+00:00,535.0,3218.602,3218.54,3218.89,ETH
2026-01-06 06:08:56+00:00,2026-01-06 06:13:01.786800+00:00,536.0,3218.602,3218.49,3218.89,ETH
2026-01-06 06:08:57+00:00,2026-01-06 06:13:02.802965+00:00,537.0,3218.602,3218.49,3218.87,ETH
2026-01-06 06:08:58+00:00,2026-01-06 06:13:03.810392+00:00,538.0,3218.602,3218.49,3218.85,ETH
2026-01-06 06:08:59+00:00,2026-01-06 06:13:04.805342+00:00,539.0,3218.602,3218.49,3218.82,ETH
2026-01-06 06:09:00+00:00,2026-01-06 06:13:05.805474+00:00,540.0,3218.612,3218.5,3218.87,ETH
2026-01-06 06:09:01+00:00,2026-01-06 06:13:06.826170+00:00,541.0,3218.462,3218.37,3218.69,ETH
2026-01-06 06:09:02+00:00,2026-01-06 06:13:07.822068+00:00,542.0,3218.462,3218.2,3218.79,ETH
2026-01-06 06:09:03+00:00,2026-01-06 06:13:08.837850+00:00,543.0,3218.462,3218.25,3218.76,ETH
2026-01-06 06:09:04+00:00,2026-01-06 06:13:09.825174+00:00,544.0,3218.462,3218.25,3218.76,ETH
2026-01-06 06:09:05+00:00,2026-01-06 06:13:10.854843+00:00,545.0,3218.782,3218.61,3218.89,ETH
2026-01-06 06:09:06+00:00,2026-01-06 06:13:11.841303+00:00,546.0,3218.732,3218.62,3218.81,ETH
2026-01-06 06:09:07+00:00,2026-01-06 06:13:12.846262+00:00,547.0,3218.622,3218.44,3218.95,ETH
2026-01-06 06:09:08+00:00,2026-01-06 06:13:13.832968+00:00,548.0,3218.712,3218.47,3218.95,ETH
2026-01-06 06:09:09+00:00,2026-01-06 06:13:14.835988+00:00,549.0,3218.872,3218.67,3219.22,ETH
2026-01-06 06:09:10+00:00,2026-01-06 06:13:15.852901+00:00,550.0,3218.922,3218.68,3219.23,ETH
2026-01-06 06:09:11+00:00,2026-01-06 06:13:16.840790+00:00,551.0,3218.922,3218.79,3219.29,ETH
2026-01-06 06:09:12+00:00,2026-01-06 06:13:17.853811+00:00,552.0,3218.922,3218.79,3219.3,ETH
2026-01-06 06:09:13+00:00,2026-01-06 06:13:18.857987+00:00,553.0,3218.922,3218.79,3219.29,ETH
2026-01-06 06:09:14+00:00,2026-01-06 06:13:19.851410+00:00,554.0,3218.922,3218.79,3219.3,ETH
2026-01-06 06:09:15+00:00,2026-01-06 06:13:20.888798+00:00,555.0,3218.932,3218.78,3219.35,ETH
2026-01-06 06:09:16+00:00,2026-01-06 06:13:21.883995+00:00,556.0,3218.932,3218.79,3219.33,ETH
2026-01-06 06:09:17+00:00,2026-01-06 06:13:22.887597+00:00,557.0,3219.172,3218.85,3219.52,ETH
2026-01-06 06:09:18+00:00,2026-01-06 06:13:23.904946+00:00,558.0,3219.692,3219.3,3219.97,ETH
2026-01-06 06:09:19+00:00,2026-01-06 06:13:24.920420+00:00,559.0,3219.732,3219.42,3219.95,ETH
2026-01-06 06:09:20+00:00,2026-01-06 06:13:25.934784+00:00,560.0,3219.782,3219.54,3219.93,ETH
2026-01-06 06:09:21+00:00,2026-01-06 06:13:26.950853+00:00,561.0,3219.912,3219.54,3220.19,ETH
2026-01-06 06:09:22+00:00,2026-01-06 06:13:27.970632+00:00,562.0,3220.072,3219.93,3220.24,ETH
2026-01-06 06:09:23+00:00,2026-01-06 06:13:28.988318+00:00,563.0,3220.192,3219.95,3220.24,ETH
2026-01-06 06:09:24+00:00,2026-01-06 06:13:29.984575+00:00,564.0,3220.232,3220.04,3220.47,ETH
2026-01-06 06:09:25+00:00,2026-01-06 06:13:31.003061+00:00,565.0,3220.232,3220.02,3220.44,ETH
2026-01-06 06:09:26+00:00,2026-01-06 06:13:32.000120+00:00,566.0,3220.232,3220.02,3220.41,ETH
2026-01-06 06:09:27+00:00,2026-01-06 06:13:33.002694+00:00,567.0,3219.922,3219.9,3220.09,ETH
2026-01-06 06:09:28+00:00,2026-01-06 06:13:34.005151+00:00,568.0,3219.922,3219.7,3219.92,ETH
2026-01-06 06:09:29+00:00,2026-01-06 06:13:35.006337+00:00,569.0,3219.912,3219.7,3220.02,ETH
2026-01-06 06:09:30+00:00,2026-01-06 06:13:36.003100+00:00,570.0,3219.772,3219.67,3219.9,ETH
2026-01-06 06:09:31+00:00,2026-01-06 06:13:37.021181+00:00,571.0,3219.642,3219.63,3219.79,ETH
2026-01-06 06:09:32+00:00,2026-01-06 06:13:38.035521+00:00,572.0,3219.502,3219.44,3219.72,ETH
2026-01-06 06:09:33+00:00,2026-01-06 06:13:39.033931+00:00,573.0,3219.132,3219.12,3219.52,ETH
2026-01-06 06:09:34+00:00,2026-01-06 06:13:40.033030+00:00,574.0,3219.132,3219.12,3219.5,ETH
2026-01-06 06:09:35+00:00,2026-01-06 06:13:42.051712+00:00,575.0,3219.132,3219.12,3219.51,ETH
2026-01-06 06:09:36+00:00,2026-01-06 06:13:43.055077+00:00,576.0,3219.132,3219.12,3219.51,ETH
2026-01-06 06:09:37+00:00,2026-01-06 06:13:44.051727+00:00,577.0,3219.132,3219.12,3219.51,ETH
2026-01-06 06:09:38+00:00,2026-01-06 06:13:45.056959+00:00,578.0,3219.132,3219.12,3219.51,ETH
2026-01-06 06:09:39+00:00,2026-01-06 06:13:46.083605+00:00,579.0,3219.132,3219.12,3219.52,ETH
2026-01-06 06:09:40+00:00,2026-01-06 06:13:47.089431+00:00,580.0,3219.262,3219.15,3219.51,ETH
2026-01-06 06:09:41+00:00,2026-01-06 06:13:48.100775+00:00,581.0,3219.422,3219.23,3219.5,ETH
2026-01-06 06:09:42+00:00,2026-01-06 06:13:49.115108+00:00,582.0,3219.452,3219.29,3219.57,ETH
2026-01-06 06:09:43+00:00,2026-01-06 06:13:50.113867+00:00,583.0,3219.872,3219.67,3219.96,ETH
2026-01-06 06:09:44+00:00,2026-01-06 06:13:51.137733+00:00,584.0,3220.292,3220.05,3220.4,ETH
2026-01-06 06:09:45+00:00,2026-01-06 06:13:52.157668+00:00,585.0,3220.292,3220.06,3220.5,ETH
2026-01-06 06:09:46+00:00,2026-01-06 06:13:53.149528+00:00,586.0,3220.292,3220.06,3220.51,ETH
2026-01-06 06:09:47+00:00,2026-01-06 06:13:54.153915+00:00,587.0,3220.282,3220.06,3220.53,ETH
2026-01-06 06:09:48+00:00,2026-01-06 06:13:55.163966+00:00,588.0,3220.282,3220.06,3220.57,ETH
2026-01-06 06:09:49+00:00,2026-01-06 06:13:56.171201+00:00,589.0,3220.372,3220.13,3220.62,ETH
2026-01-06 06:09:51+00:00,2026-01-06 06:13:57.208768+00:00,591.0,3220.462,3220.2,3220.65,ETH
2026-01-06 06:09:52+00:00,2026-01-06 06:13:58.216784+00:00,592.0,3220.462,3220.2,3220.68,ETH
2026-01-06 06:09:53+00:00,2026-01-06 06:13:59.235167+00:00,593.0,3220.402,3220.21,3220.47,ETH
2026-01-06 06:09:54+00:00,2026-01-06 06:14:00.251625+00:00,594.0,3220.402,3220.2,3220.47,ETH
2026-01-06 06:09:55+00:00,2026-01-06 06:14:01.224153+00:00,595.0,3220.412,3220.2,3220.47,ETH
2026-01-06 06:09:56+00:00,2026-01-06 06:14:02.225946+00:00,596.0,3220.522,3220.27,3220.66,ETH
2026-01-06 06:09:57+00:00,2026-01-06 06:14:03.267356+00:00,597.0,3220.532,3220.3,3220.63,ETH
2026-01-06 06:09:58+00:00,2026-01-06 06:14:04.233377+00:00,598.0,3220.632,3220.3,3220.93,ETH
2026-01-06 06:09:59+00:00,2026-01-06 06:14:06.284555+00:00,599.0,3220.672,3220.48,3220.99,ETH
2026-01-06 06:10:00+00:00,2026-01-06 06:14:07.303296+00:00,600.0,3220.672,3220.46,3220.97,ETH
2026-01-06 06:10:01+00:00,2026-01-06 06:14:08.304230+00:00,601.0,3220.672,3220.46,3220.95,ETH
2026-01-06 06:10:02+00:00,2026-01-06 06:14:09.318518+00:00,602.0,3220.672,3220.46,3220.92,ETH
2026-01-06 06:10:03+00:00,2026-01-06 06:14:10.323633+00:00,603.0,3220.742,3220.49,3220.93,ETH
2026-01-06 06:10:04+00:00,2026-01-06 06:14:11.336511+00:00,604.0,3220.872,3220.61,3221.1,ETH
2026-01-06 06:10:05+00:00,2026-01-06 06:14:12.350088+00:00,605.0,3220.952,3220.72,3221.22,ETH
2026-01-06 06:10:06+00:00,2026-01-06 06:14:13.347462+00:00,606.0,3221.072,3220.93,3221.31,ETH
2026-01-06 06:10:07+00:00,2026-01-06 06:14:14.352998+00:00,607.0,3221.302,3221.14,3221.53,ETH
2026-01-06 06:10:08+00:00,2026-01-06 06:14:15.369249+00:00,608.0,3221.432,3221.19,3221.7,ETH
2026-01-06 06:10:09+00:00,2026-01-06 06:14:16.388965+00:00,609.0,3221.432,3221.23,3221.76,ETH
2026-01-06 06:10:10+00:00,2026-01-06 06:14:17.398309+00:00,610.0,3221.432,3221.22,3221.77,ETH
2026-01-06 06:10:11+00:00,2026-01-06 06:14:18.417389+00:00,611.0,3221.432,3221.23,3221.77,ETH
2026-01-06 06:10:12+00:00,2026-01-06 06:14:19.458033+00:00,612.0,3221.432,3221.23,3221.78,ETH
2026-01-06 06:10:13+00:00,2026-01-06 06:14:20.422332+00:00,613.0,3221.432,3221.23,3221.77,ETH
2026-01-06 06:10:14+00:00,2026-01-06 06:14:21.435766+00:00,614.0,3221.442,3221.23,3221.8,ETH
2026-01-06 06:10:15+00:00,2026-01-06 06:14:22.446069+00:00,615.0,3221.712,3221.42,3221.93,ETH
2026-01-06 06:10:16+00:00,2026-01-06 06:14:23.450192+00:00,616.0,3221.992,3221.75,3222.11,ETH
2026-01-06 06:10:17+00:00,2026-01-06 06:14:24.451561+00:00,617.0,3222.092,3221.98,3222.41,ETH
2026-01-06 06:10:18+00:00,2026-01-06 06:14:25.450824+00:00,618.0,3222.192,3222.08,3222.63,ETH
2026-01-06 06:10:19+00:00,2026-01-06 06:14:26.464576+00:00,619.0,3222.192,3222.08,3222.66,ETH
2026-01-06 06:10:20+00:00,2026-01-06 06:14:27.464983+00:00,620.0,3222.182,3222.08,3222.61,ETH
2026-01-06 06:10:21+00:00,2026-01-06 06:14:28.465984+00:00,621.0,3222.182,3222.04,3222.46,ETH
2026-01-06 06:10:22+00:00,2026-01-06 06:14:29.476092+00:00,622.0,3222.182,3222.0,3222.37,ETH
2026-01-06 06:10:23+00:00,2026-01-06 06:14:30.484610+00:00,623.0,3222.182,3222.01,3222.47,ETH
2026-01-06 06:10:24+00:00,2026-01-06 06:14:31.487116+00:00,624.0,3222.182,3222.01,3222.49,ETH
2026-01-06 06:10:25+00:00,2026-01-06 06:14:32.500962+00:00,625.0,3222.182,3222.02,3222.49,ETH
2026-01-06 06:10:26+00:00,2026-01-06 06:14:33.503014+00:00,626.0,3222.182,3222.02,3222.47,ETH
2026-01-06 06:10:27+00:00,2026-01-06 06:14:34.502668+00:00,627.0,3222.182,3222.02,3222.43,ETH
2026-01-06 06:10:28+00:00,2026-01-06 06:14:35.516578+00:00,628.0,3222.502,3222.27,3222.78,ETH
2026-01-06 06:10:29+00:00,2026-01-06 06:14:36.530042+00:00,629.0,3222.602,3222.48,3222.71,ETH
2026-01-06 06:10:30+00:00,2026-01-06 06:14:37.642378+00:00,630.0,3222.552,3222.48,3222.78,ETH
2026-01-06 06:10:31+00:00,2026-01-06 06:14:38.550676+00:00,631.0,3222.572,3222.48,3222.78,ETH
2026-01-06 06:10:32+00:00,2026-01-06 06:14:39.550929+00:00,632.0,3222.452,3222.3,3222.5,ETH
2026-01-06 06:10:33+00:00,2026-01-06 06:14:40.552276+00:00,633.0,3222.492,3222.3,3222.65,ETH
2026-01-06 06:10:34+00:00,2026-01-06 06:14:41.565434+00:00,634.0,3222.492,3222.3,3222.61,ETH
2026-01-06 06:10:35+00:00,2026-01-06 06:14:42.570873+00:00,635.0,3222.492,3222.3,3222.66,ETH
2026-01-06 06:10:36+00:00,2026-01-06 06:14:43.573671+00:00,636.0,3222.492,3222.3,3222.67,ETH
2026-01-06 06:10:37+00:00,2026-01-06 06:14:44.595872+00:00,637.0,3222.492,3222.3,3222.68,ETH
2026-01-06 06:10:38+00:00,2026-01-06 06:14:45.592074+00:00,638.0,3222.492,3222.29,3222.64,ETH
2026-01-06 06:10:39+00:00,2026-01-06 06:14:46.614285+00:00,639.0,3222.492,3222.29,3222.67,ETH
2026-01-06 06:10:40+00:00,2026-01-06 06:14:47.616838+00:00,640.0,3222.502,3222.32,3222.62,ETH
2026-01-06 06:10:41+00:00,2026-01-06 06:14:48.631087+00:00,641.0,3222.582,3222.33,3222.7,ETH
2026-01-06 06:10:42+00:00,2026-01-06 06:14:49.632051+00:00,642.0,3222.602,3222.35,3222.67,ETH
2026-01-06 06:10:43+00:00,2026-01-06 06:14:50.627382+00:00,643.0,3222.602,3222.35,3222.67,ETH
2026-01-06 06:10:44+00:00,2026-01-06 06:14:51.630743+00:00,644.0,3222.602,3222.35,3222.65,ETH
2026-01-06 06:10:45+00:00,2026-01-06 06:14:52.627925+00:00,645.0,3222.602,3222.35,3222.66,ETH
2026-01-06 06:10:46+00:00,2026-01-06 06:14:54.649281+00:00,646.0,3222.362,3222.27,3222.55,ETH
2026-01-06 06:10:47+00:00,2026-01-06 06:14:55.650767+00:00,647.0,3222.362,3222.2,3222.51,ETH
2026-01-06 06:10:49+00:00,2026-01-06 06:14:56.712059+00:00,649.0,3222.362,3222.21,3222.52,ETH
2026-01-06 06:10:50+00:00,2026-01-06 06:14:57.734359+00:00,650.0,3222.362,3222.21,3222.54,ETH
2026-01-06 06:10:51+00:00,2026-01-06 06:14:58.758753+00:00,651.0,3222.362,3222.21,3222.55,ETH
2026-01-06 06:10:52+00:00,2026-01-06 06:14:59.813517+00:00,652.0,3222.362,3222.21,3222.56,ETH
2026-01-06 06:10:53+00:00,2026-01-06 06:15:00.719355+00:00,653.0,3222.362,3222.21,3222.59,ETH
2026-01-06 06:10:54+00:00,2026-01-06 06:15:01.725443+00:00,654.0,3222.362,3222.25,3222.6,ETH
2026-01-06 06:10:55+00:00,2026-01-06 06:15:02.725263+00:00,655.0,3222.662,3222.25,3222.74,ETH
2026-01-06 06:10:56+00:00,2026-01-06 06:15:03.729616+00:00,656.0,3222.702,3222.36,3222.74,ETH
2026-01-06 06:10:57+00:00,2026-01-06 06:15:04.738132+00:00,657.0,3222.632,3222.36,3222.74,ETH
2026-01-06 06:10:58+00:00,2026-01-06 06:15:05.738708+00:00,658.0,3222.702,3222.36,3222.74,ETH
2026-01-06 06:10:59+00:00,2026-01-06 06:15:06.725277+00:00,659.0,3222.702,3222.37,3222.75,ETH
2026-01-06 06:11:00+00:00,2026-01-06 06:15:07.735612+00:00,660.0,3223.072,3222.69,3223.37,ETH
2026-01-06 06:11:01+00:00,2026-01-06 06:15:08.742922+00:00,661.0,3223.202,3223.02,3223.31,ETH
2026-01-06 06:11:02+00:00,2026-01-06 06:15:09.744865+00:00,662.0,3223.332,3223.05,3223.55,ETH
2026-01-06 06:11:03+00:00,2026-01-06 06:15:10.766365+00:00,663.0,3223.402,3223.09,3223.55,ETH
2026-01-06 06:11:04+00:00,2026-01-06 06:15:11.785393+00:00,664.0,3223.512,3223.3,3223.66,ETH
2026-01-06 06:11:05+00:00,2026-01-06 06:15:12.783581+00:00,665.0,3223.552,3223.44,3223.69,ETH
2026-01-06 06:11:06+00:00,2026-01-06 06:15:13.782333+00:00,666.0,3223.812,3223.46,3224.11,ETH
2026-01-06 06:11:07+00:00,2026-01-06 06:15:14.781642+00:00,667.0,3223.932,3223.87,3224.05,ETH
2026-01-06 06:11:08+00:00,2026-01-06 06:15:15.782419+00:00,668.0,3224.042,3223.87,3224.11,ETH
2026-01-06 06:11:09+00:00,2026-01-06 06:15:17.797630+00:00,669.0,3224.042,3223.85,3224.13,ETH
2026-01-06 06:11:10+00:00,2026-01-06 06:15:18.821543+00:00,670.0,3224.042,3223.85,3224.12,ETH
2026-01-06 06:11:11+00:00,2026-01-06 06:15:19.816438+00:00,671.0,3224.102,3223.89,3224.27,ETH
2026-01-06 06:11:12+00:00,2026-01-06 06:15:20.818450+00:00,672.0,3224.222,3224.01,3224.48,ETH
2026-01-06 06:11:13+00:00,2026-01-06 06:15:21.818510+00:00,673.0,3224.292,3224.1,3224.53,ETH
2026-01-06 06:11:14+00:00,2026-01-06 06:15:22.827409+00:00,674.0,3224.262,3224.11,3224.43,ETH
2026-01-06 06:11:15+00:00,2026-01-06 06:15:23.833598+00:00,675.0,3224.202,3224.01,3224.28,ETH
2026-01-06 06:11:16+00:00,2026-01-06 06:15:24.830706+00:00,676.0,3224.122,3223.91,3224.23,ETH
2026-01-06 06:11:17+00:00,2026-01-06 06:15:25.851164+00:00,677.0,3224.052,3223.88,3224.2,ETH
2026-01-06 06:11:18+00:00,2026-01-06 06:15:26.847436+00:00,678.0,3224.052,3223.85,3224.22,ETH
2026-01-06 06:11:19+00:00,2026-01-06 06:15:27.850196+00:00,679.0,3224.052,3223.85,3224.27,ETH
2026-01-06 06:11:20+00:00,2026-01-06 06:15:28.844774+00:00,680.0,3224.052,3223.85,3224.23,ETH
2026-01-06 06:11:21+00:00,2026-01-06 06:15:29.848725+00:00,681.0,3224.052,3223.85,3224.23,ETH
2026-01-06 06:11:22+00:00,2026-01-06 06:15:30.847326+00:00,682.0,3223.892,3223.79,3224.19,ETH
2026-01-06 06:11:23+00:00,2026-01-06 06:15:31.849909+00:00,683.0,3223.662,3223.65,3223.99,ETH
2026-01-06 06:11:24+00:00,2026-01-06 06:15:32.865550+00:00,684.0,3223.572,3223.54,3223.79,ETH
2026-01-06 06:11:25+00:00,2026-01-06 06:15:33.868457+00:00,685.0,3223.712,3223.59,3223.81,ETH
2026-01-06 06:11:26+00:00,2026-01-06 06:15:34.868846+00:00,686.0,3223.952,3223.72,3224.01,ETH
2026-01-06 06:11:27+00:00,2026-01-06 06:15:35.883410+00:00,687.0,3224.032,3223.76,3224.1,ETH
2026-01-06 06:11:28+00:00,2026-01-06 06:15:36.869350+00:00,688.0,3224.032,3223.76,3224.1,ETH
2026-01-06 06:11:29+00:00,2026-01-06 06:15:37.873921+00:00,689.0,3224.032,3223.76,3224.1,ETH
2026-01-06 06:11:30+00:00,2026-01-06 06:15:38.874775+00:00,690.0,3224.032,3223.76,3224.12,ETH
2026-01-06 06:11:31+00:00,2026-01-06 06:15:39.897297+00:00,691.0,3224.022,3223.76,3224.11,ETH
2026-01-06 06:11:32+00:00,2026-01-06 06:15:40.883517+00:00,692.0,3224.022,3223.76,3224.15,ETH
2026-01-06 06:11:33+00:00,2026-01-06 06:15:41.883011+00:00,693.0,3224.022,3223.76,3224.22,ETH
2026-01-06 06:11:34+00:00,2026-01-06 06:15:42.903341+00:00,694.0,3224.022,3223.76,3224.22,ETH
2026-01-06 06:11:35+00:00,2026-01-06 06:15:43.896362+00:00,695.0,3224.022,3223.76,3224.07,ETH
2026-01-06 06:11:36+00:00,2026-01-06 06:15:44.899384+00:00,696.0,3224.022,3223.75,3224.23,ETH
2026-01-06 06:11:37+00:00,2026-01-06 06:15:45.894894+00:00,697.0,3224.022,3223.76,3224.23,ETH
2026-01-06 06:11:38+00:00,2026-01-06 06:15:46.901472+00:00,698.0,3224.022,3223.76,3224.15,ETH
2026-01-06 06:11:39+00:00,2026-01-06 06:15:47.897735+00:00,699.0,3223.722,3223.6,3224.0,ETH
2026-01-06 06:11:40+00:00,2026-01-06 06:15:48.898119+00:00,700.0,3223.722,3223.68,3224.05,ETH
2026-01-06 06:11:41+00:00,2026-01-06 06:15:49.902122+00:00,701.0,3223.722,3223.68,3224.04,ETH
2026-01-06 06:11:42+00:00,2026-01-06 06:15:50.913707+00:00,702.0,3223.722,3223.61,3223.88,ETH
2026-01-06 06:11:43+00:00,2026-01-06 06:15:51.902549+00:00,703.0,3223.722,3223.61,3223.86,ETH
2026-01-06 06:11:44+00:00,2026-01-06 06:15:52.919046+00:00,704.0,3223.722,3223.64,3224.03,ETH
2026-01-06 06:11:45+00:00,2026-01-06 06:15:53.932243+00:00,705.0,3223.362,3223.34,3223.48,ETH
2026-01-06 06:11:46+00:00,2026-01-06 06:15:54.945738+00:00,706.0,3223.212,3223.21,3223.53,ETH
2026-01-06 06:11:47+00:00,2026-01-06 06:15:55.947708+00:00,707.0,3223.202,3223.01,3223.32,ETH
2026-01-06 06:11:48+00:00,2026-01-06 06:15:56.963212+00:00,708.0,3223.202,3223.04,3223.32,ETH
2026-01-06 06:11:49+00:00,2026-01-06 06:15:57.980190+00:00,709.0,3223.212,3223.07,3223.33,ETH
2026-01-06 06:11:50+00:00,2026-01-06 06:15:58.985650+00:00,710.0,3223.212,3223.07,3223.32,ETH
2026-01-06 06:11:51+00:00,2026-01-06 06:15:59.998040+00:00,711.0,3223.212,3223.08,3223.31,ETH
2026-01-06 06:11:52+00:00,2026-01-06 06:16:01.009920+00:00,712.0,3223.472,3223.13,3223.74,ETH
2026-01-06 06:11:53+00:00,2026-01-06 06:16:02.025316+00:00,713.0,3223.532,3223.37,3223.73,ETH
2026-01-06 06:11:54+00:00,2026-01-06 06:16:03.030032+00:00,714.0,3223.542,3223.36,3223.84,ETH
2026-01-06 06:11:55+00:00,2026-01-06 06:16:04.028195+00:00,715.0,3223.542,3223.37,3223.83,ETH
2026-01-06 06:11:56+00:00,2026-01-06 06:16:05.046996+00:00,716.0,3223.342,3223.26,3223.76,ETH
2026-01-06 06:11:57+00:00,2026-01-06 06:16:06.042940+00:00,717.0,3223.232,3223.22,3223.57,ETH
2026-01-06 06:11:58+00:00,2026-01-06 06:16:08.047797+00:00,718.0,3223.042,3222.98,3223.25,ETH
2026-01-06 06:11:59+00:00,2026-01-06 06:16:09.059801+00:00,719.0,3223.042,3222.91,3223.26,ETH
2026-01-06 06:12:00+00:00,2026-01-06 06:16:10.068070+00:00,720.0,3223.042,3222.92,3223.26,ETH
2026-01-06 06:12:01+00:00,2026-01-06 06:16:11.064672+00:00,721.0,3223.042,3222.92,3223.27,ETH
2026-01-06 06:12:02+00:00,2026-01-06 06:16:12.071019+00:00,722.0,3223.042,3222.88,3223.27,ETH
2026-01-06 06:12:03+00:00,2026-01-06 06:16:13.077453+00:00,723.0,3223.042,3222.85,3223.25,ETH
2026-01-06 06:12:04+00:00,2026-01-06 06:16:14.082005+00:00,724.0,3223.042,3222.88,3223.25,ETH
2026-01-06 06:12:05+00:00,2026-01-06 06:16:15.096803+00:00,725.0,3223.042,3222.9,3223.23,ETH
2026-01-06 06:12:06+00:00,2026-01-06 06:16:16.098140+00:00,726.0,3223.042,3222.9,3223.23,ETH
2026-01-06 06:12:07+00:00,2026-01-06 06:16:17.094145+00:00,727.0,3223.042,3222.9,3223.27,ETH
2026-01-06 06:12:08+00:00,2026-01-06 06:16:18.111141+00:00,728.0,3223.042,3222.9,3223.27,ETH
2026-01-06 06:12:09+00:00,2026-01-06 06:16:19.105321+00:00,729.0,3223.042,3222.9,3223.27,ETH
2026-01-06 06:12:10+00:00,2026-01-06 06:16:20.109151+00:00,730.0,3223.042,3222.9,3223.26,ETH
2026-01-06 06:12:11+00:00,2026-01-06 06:16:21.125119+00:00,731.0,3223.042,3222.9,3223.26,ETH
2026-01-06 06:12:12+00:00,2026-01-06 06:16:22.142113+00:00,732.0,3223.042,3222.9,3223.27,ETH
2026-01-06 06:12:13+00:00,2026-01-06 06:16:23.144927+00:00,733.0,3223.042,3222.95,3223.33,ETH
2026-01-06 06:12:14+00:00,2026-01-06 06:16:24.140692+00:00,734.0,3223.042,3223.01,3223.38,ETH
2026-01-06 06:12:16+00:00,2026-01-06 06:16:25.194447+00:00,736.0,3223.042,3223.03,3223.32,ETH
2026-01-06 06:12:17+00:00,2026-01-06 06:16:26.202810+00:00,737.0,3223.042,3223.03,3223.37,ETH
2026-01-06 06:12:18+00:00,2026-01-06 06:16:27.224303+00:00,738.0,3223.042,3223.0,3223.42,ETH
2026-01-06 06:12:19+00:00,2026-01-06 06:16:28.193080+00:00,739.0,3223.042,3223.01,3223.42,ETH
2026-01-06 06:12:20+00:00,2026-01-06 06:16:29.204131+00:00,740.0,3223.042,3223.01,3223.41,ETH
2026-01-06 06:12:21+00:00,2026-01-06 06:16:31.208576+00:00,741.0,3223.042,3223.01,3223.4,ETH
2026-01-06 06:12:22+00:00,2026-01-06 06:16:32.194067+00:00,742.0,3223.052,3223.01,3223.42,ETH
2026-01-06 06:12:23+00:00,2026-01-06 06:16:33.200128+00:00,743.0,3223.062,3223.01,3223.42,ETH
2026-01-06 06:12:24+00:00,2026-01-06 06:16:34.208456+00:00,744.0,3223.062,3223.01,3223.38,ETH
2026-01-06 06:12:25+00:00,2026-01-06 06:16:35.205049+00:00,745.0,3223.062,3223.01,3223.34,ETH
2026-01-06 06:12:26+00:00,2026-01-06 06:16:36.204785+00:00,746.0,3222.972,3222.94,3223.25,ETH
2026-01-06 06:12:27+00:00,2026-01-06 06:16:37.215744+00:00,747.0,3222.882,3222.82,3223.16,ETH
2026-01-06 06:12:28+00:00,2026-01-06 06:16:38.225818+00:00,748.0,3222.882,3222.76,3223.18,ETH
2026-01-06 06:12:29+00:00,2026-01-06 06:16:39.213851+00:00,749.0,3222.882,3222.76,3223.2,ETH
2026-01-06 06:12:30+00:00,2026-01-06 06:16:40.223595+00:00,750.0,3222.882,3222.78,3223.19,ETH
2026-01-06 06:12:31+00:00,2026-01-06 06:16:41.230336+00:00,751.0,3222.882,3222.81,3223.17,ETH
2026-01-06 06:12:32+00:00,2026-01-06 06:16:42.226285+00:00,752.0,3222.882,3222.81,3223.16,ETH
2026-01-06 06:12:33+00:00,2026-01-06 06:16:43.228958+00:00,753.0,3222.882,3222.8,3223.13,ETH
2026-01-06 06:12:34+00:00,2026-01-06 06:16:44.241692+00:00,754.0,3222.882,3222.8,3223.12,ETH
2026-01-06 06:12:35+00:00,2026-01-06 06:16:45.241911+00:00,755.0,3222.882,3222.8,3223.12,ETH
2026-01-06 06:12:36+00:00,2026-01-06 06:16:46.238579+00:00,756.0,3222.882,3222.8,3223.13,ETH
2026-01-06 06:12:37+00:00,2026-01-06 06:16:47.247017+00:00,757.0,3222.972,3222.85,3223.15,ETH
2026-01-06 06:12:38+00:00,2026-01-06 06:16:48.256526+00:00,758.0,3223.062,3222.92,3223.16,ETH
2026-01-06 06:12:39+00:00,2026-01-06 06:16:49.260437+00:00,759.0,3223.062,3222.92,3223.17,ETH
2026-01-06 06:12:40+00:00,2026-01-06 06:16:50.274682+00:00,760.0,3223.062,3222.92,3223.18,ETH
2026-01-06 06:12:41+00:00,2026-01-06 06:16:51.280341+00:00,761.0,3223.062,3222.91,3223.19,ETH
2026-01-06 06:12:42+00:00,2026-01-06 06:16:52.274213+00:00,762.0,3223.062,3222.91,3223.2,ETH
2026-01-06 06:12:43+00:00,2026-01-06 06:16:53.276733+00:00,763.0,3223.062,3222.92,3223.2,ETH
2026-01-06 06:12:44+00:00,2026-01-06 06:16:54.290547+00:00,764.0,3223.062,3222.92,3223.2,ETH
2026-01-06 06:12:45+00:00,2026-01-06 06:16:55.313745+00:00,765.0,3223.062,3222.92,3223.19,ETH
2026-01-06 06:12:46+00:00,2026-01-06 06:16:56.331793+00:00,766.0,3223.062,3222.92,3223.19,ETH
2026-01-06 06:12:47+00:00,2026-01-06 06:16:57.326435+00:00,767.0,3223.062,3222.91,3223.18,ETH
2026-01-06 06:12:48+00:00,2026-01-06 06:16:58.330115+00:00,768.0,3223.062,3222.92,3223.19,ETH
2026-01-06 06:12:49+00:00,2026-01-06 06:16:59.331486+00:00,769.0,3223.062,3222.92,3223.16,ETH
2026-01-06 06:12:50+00:00,2026-01-06 06:17:00.362473+00:00,770.0,3223.062,3222.91,3223.18,ETH
2026-01-06 06:12:51+00:00,2026-01-06 06:17:01.364253+00:00,771.0,3223.062,3222.9,3223.18,ETH
2026-01-06 06:12:52+00:00,2026-01-06 06:17:02.361211+00:00,772.0,3223.062,3222.9,3223.21,ETH
2026-01-06 06:12:53+00:00,2026-01-06 06:17:03.362761+00:00,773.0,3223.052,3222.91,3223.09,ETH
2026-01-06 06:12:54+00:00,2026-01-06 06:17:04.382099+00:00,774.0,3223.042,3222.91,3223.09,ETH
2026-01-06 06:12:55+00:00,2026-01-06 06:17:05.375321+00:00,775.0,3222.802,3222.68,3222.96,ETH
2026-01-06 06:12:56+00:00,2026-01-06 06:17:06.384308+00:00,776.0,3222.682,3222.68,3222.98,ETH
2026-01-06 06:12:57+00:00,2026-01-06 06:17:07.382403+00:00,777.0,3222.682,3222.68,3223.01,ETH
2026-01-06 06:12:58+00:00,2026-01-06 06:17:08.398450+00:00,778.0,3222.692,3222.68,3222.98,ETH
2026-01-06 06:12:59+00:00,2026-01-06 06:17:09.408915+00:00,779.0,3222.682,3222.67,3222.99,ETH
2026-01-06 06:13:00+00:00,2026-01-06 06:17:10.417098+00:00,780.0,3222.682,3222.67,3222.92,ETH
2026-01-06 06:13:01+00:00,2026-01-06 06:17:11.427805+00:00,781.0,3222.682,3222.67,3222.95,ETH
2026-01-06 06:13:02+00:00,2026-01-06 06:17:12.434816+00:00,782.0,3222.682,3222.68,3222.9,ETH
2026-01-06 06:13:03+00:00,2026-01-06 06:17:13.427051+00:00,783.0,3222.682,3222.68,3222.97,ETH
2026-01-06 06:13:04+00:00,2026-01-06 06:17:14.424785+00:00,784.0,3222.682,3222.68,3222.96,ETH
2026-01-06 06:13:05+00:00,2026-01-06 06:17:15.428765+00:00,785.0,3222.682,3222.68,3222.96,ETH
2026-01-06 06:13:06+00:00,2026-01-06 06:17:16.426798+00:00,786.0,3222.682,3222.68,3222.95,ETH
2026-01-06 06:13:07+00:00,2026-01-06 06:17:17.431372+00:00,787.0,3222.682,3222.68,3222.95,ETH
2026-01-06 06:13:08+00:00,2026-01-06 06:17:19.443221+00:00,788.0,3222.682,3222.66,3222.97,ETH
2026-01-06 06:13:09+00:00,2026-01-06 06:17:20.436701+00:00,789.0,3222.682,3222.65,3222.95,ETH
2026-01-06 06:13:10+00:00,2026-01-06 06:17:21.440848+00:00,790.0,3222.682,3222.65,3222.95,ETH
2026-01-06 06:13:11+00:00,2026-01-06 06:17:22.442789+00:00,791.0,3222.682,3222.65,3222.95,ETH
2026-01-06 06:13:12+00:00,2026-01-06 06:17:23.463293+00:00,792.0,3222.682,3222.65,3222.94,ETH
2026-01-06 06:13:13+00:00,2026-01-06 06:17:24.457090+00:00,793.0,3222.682,3222.67,3222.91,ETH
2026-01-06 06:13:14+00:00,2026-01-06 06:17:25.464769+00:00,794.0,3222.682,3222.68,3222.9,ETH
2026-01-06 06:13:15+00:00,2026-01-06 06:17:26.456726+00:00,795.0,3222.682,3222.67,3222.9,ETH
2026-01-06 06:13:16+00:00,2026-01-06 06:17:27.442210+00:00,796.0,3222.682,3222.65,3222.91,ETH
2026-01-06 06:13:17+00:00,2026-01-06 06:17:28.460885+00:00,797.0,3222.682,3222.65,3222.91,ETH
2026-01-06 06:13:18+00:00,2026-01-06 06:17:29.454236+00:00,798.0,3222.682,3222.65,3222.96,ETH
2026-01-06 06:13:19+00:00,2026-01-06 06:17:30.464312+00:00,799.0,3222.682,3222.66,3222.97,ETH
2026-01-06 06:13:20+00:00,2026-01-06 06:17:31.517671+00:00,800.0,3222.812,3222.66,3223.06,ETH
2026-01-06 06:13:21+00:00,2026-01-06 06:17:32.531030+00:00,801.0,3222.952,3222.7,3223.2,ETH
2026-01-06 06:13:22+00:00,2026-01-06 06:17:33.529209+00:00,802.0,3222.952,3222.76,3223.22,ETH
2026-01-06 06:13:23+00:00,2026-01-06 06:17:34.546352+00:00,803.0,3222.962,3222.8,3223.22,ETH
2026-01-06 06:13:24+00:00,2026-01-06 06:17:35.557256+00:00,804.0,3222.962,3222.81,3223.21,ETH
2026-01-06 06:13:25+00:00,2026-01-06 06:17:36.571173+00:00,805.0,3222.962,3222.81,3223.22,ETH
2026-01-06 06:13:26+00:00,2026-01-06 06:17:37.580242+00:00,806.0,3222.962,3222.81,3223.22,ETH
2026-01-06 06:13:27+00:00,2026-01-06 06:17:38.590769+00:00,807.0,3222.992,3222.81,3223.23,ETH
2026-01-06 06:13:28+00:00,2026-01-06 06:17:39.596693+00:00,808.0,3223.022,3222.82,3223.23,ETH
2026-01-06 06:13:29+00:00,2026-01-06 06:17:40.609213+00:00,809.0,3223.022,3222.83,3223.18,ETH
2026-01-06 06:13:30+00:00,2026-01-06 06:17:41.632986+00:00,810.0,3223.022,3222.81,3223.17,ETH
2026-01-06 06:13:31+00:00,2026-01-06 06:17:42.646499+00:00,811.0,3223.022,3222.8,3223.15,ETH
2026-01-06 06:13:32+00:00,2026-01-06 06:17:43.638067+00:00,812.0,3223.022,3222.8,3223.12,ETH
2026-01-06 06:13:33+00:00,2026-01-06 06:17:44.660519+00:00,813.0,3223.012,3222.8,3223.13,ETH
2026-01-06 06:13:34+00:00,2026-01-06 06:17:45.656154+00:00,814.0,3223.012,3222.8,3223.16,ETH
2026-01-06 06:13:35+00:00,2026-01-06 06:17:46.679418+00:00,815.0,3223.012,3222.79,3223.18,ETH
2026-01-06 06:13:36+00:00,2026-01-06 06:17:47.679066+00:00,816.0,3223.012,3222.8,3223.18,ETH
2026-01-06 06:13:37+00:00,2026-01-06 06:17:48.685444+00:00,817.0,3223.012,3222.8,3223.19,ETH
2026-01-06 06:13:38+00:00,2026-01-06 06:17:49.693947+00:00,818.0,3223.012,3222.8,3223.18,ETH
2026-01-06 06:13:39+00:00,2026-01-06 06:17:50.692379+00:00,819.0,3223.012,3222.8,3223.16,ETH
2026-01-06 06:13:40+00:00,2026-01-06 06:17:51.692159+00:00,820.0,3223.012,3222.8,3223.18,ETH
2026-01-06 06:13:41+00:00,2026-01-06 06:17:52.687566+00:00,821.0,3222.962,3222.8,3223.18,ETH
2026-01-06 06:13:42+00:00,2026-01-06 06:17:53.726839+00:00,822.0,3222.912,3222.79,3223.16,ETH
2026-01-06 06:13:43+00:00,2026-01-06 06:17:54.721223+00:00,823.0,3222.912,3222.78,3223.19,ETH
2026-01-06 06:13:44+00:00,2026-01-06 06:17:55.725227+00:00,824.0,3222.912,3222.78,3223.17,ETH
2026-01-06 06:13:45+00:00,2026-01-06 06:17:56.723500+00:00,825.0,3222.912,3222.78,3223.16,ETH
2026-01-06 06:13:46+00:00,2026-01-06 06:17:57.725302+00:00,826.0,3222.802,3222.73,3223.13,ETH
2026-01-06 06:13:47+00:00,2026-01-06 06:17:58.730754+00:00,827.0,3222.692,3222.68,3223.1,ETH
2026-01-06 06:13:48+00:00,2026-01-06 06:17:59.733347+00:00,828.0,3222.692,3222.68,3223.09,ETH
2026-01-06 06:13:49+00:00,2026-01-06 06:18:00.738013+00:00,829.0,3222.692,3222.68,3223.01,ETH
2026-01-06 06:13:50+00:00,2026-01-06 06:18:01.739767+00:00,830.0,3222.692,3222.67,3222.87,ETH
2026-01-06 06:13:51+00:00,2026-01-06 06:18:02.736559+00:00,831.0,3222.692,3222.68,3222.79,ETH
2026-01-06 06:13:52+00:00,2026-01-06 06:18:03.737305+00:00,832.0,3222.692,3222.68,3222.79,ETH
2026-01-06 06:13:54+00:00,2026-01-06 06:18:04.782299+00:00,834.0,3222.722,3222.69,3223.1,ETH
2026-01-06 06:13:55+00:00,2026-01-06 06:18:05.791756+00:00,835.0,3222.852,3222.72,3223.15,ETH
2026-01-06 06:13:56+00:00,2026-01-06 06:18:06.781662+00:00,836.0,3222.852,3222.72,3223.26,ETH
2026-01-06 06:13:57+00:00,2026-01-06 06:18:08.790650+00:00,837.0,3222.852,3222.72,3223.24,ETH
2026-01-06 06:13:58+00:00,2026-01-06 06:18:09.788055+00:00,838.0,3222.862,3222.72,3223.26,ETH
2026-01-06 06:13:59+00:00,2026-01-06 06:18:10.793934+00:00,839.0,3222.862,3222.73,3223.26,ETH
2026-01-06 06:14:00+00:00,2026-01-06 06:18:11.787312+00:00,840.0,3223.032,3222.79,3223.36,ETH
2026-01-06 06:14:01+00:00,2026-01-06 06:18:12.791787+00:00,841.0,3223.092,3222.88,3223.34,ETH
2026-01-06 06:14:02+00:00,2026-01-06 06:18:13.806578+00:00,842.0,3222.922,3222.82,3223.2,ETH
2026-01-06 06:14:04+00:00,2026-01-06 06:18:14.849440+00:00,844.0,3222.692,3222.49,3222.96,ETH
2026-01-06 06:14:05+00:00,2026-01-06 06:18:15.864296+00:00,845.0,3222.532,3222.25,3222.73,ETH
2026-01-06 06:14:06+00:00,2026-01-06 06:18:16.862748+00:00,846.0,3221.732,3221.54,3221.86,ETH
2026-01-06 06:14:07+00:00,2026-01-06 06:18:17.884888+00:00,847.0,3221.542,3221.35,3221.85,ETH
2026-01-06 06:14:08+00:00,2026-01-06 06:18:18.865771+00:00,848.0,3221.682,3221.53,3221.95,ETH
2026-01-06 06:14:09+00:00,2026-01-06 06:18:19.859440+00:00,849.0,3221.682,3221.65,3222.04,ETH
2026-01-06 06:14:10+00:00,2026-01-06 06:18:20.870721+00:00,850.0,3221.682,3221.65,3222.12,ETH
2026-01-06 06:14:11+00:00,2026-01-06 06:18:21.886258+00:00,851.0,3221.682,3221.66,3222.11,ETH
2026-01-06 06:14:12+00:00,2026-01-06 06:18:22.890811+00:00,852.0,3221.682,3221.66,3222.1,ETH
2026-01-06 06:14:13+00:00,2026-01-06 06:18:23.889947+00:00,853.0,3221.682,3221.66,3222.13,ETH
2026-01-06 06:14:14+00:00,2026-01-06 06:18:24.903485+00:00,854.0,3221.682,3221.66,3222.13,ETH
2026-01-06 06:14:15+00:00,2026-01-06 06:18:25.922684+00:00,855.0,3221.682,3221.63,3222.07,ETH
2026-01-06 06:14:16+00:00,2026-01-06 06:18:26.919357+00:00,856.0,3221.682,3221.6,3221.85,ETH
2026-01-06 06:14:17+00:00,2026-01-06 06:18:27.918963+00:00,857.0,3221.682,3221.59,3222.01,ETH
2026-01-06 06:14:18+00:00,2026-01-06 06:18:28.920346+00:00,858.0,3221.682,3221.6,3221.86,ETH
2026-01-06 06:14:19+00:00,2026-01-06 06:18:29.946901+00:00,859.0,3221.682,3221.6,3222.07,ETH
2026-01-06 06:14:20+00:00,2026-01-06 06:18:30.944422+00:00,860.0,3221.962,3221.75,3222.12,ETH
2026-01-06 06:14:21+00:00,2026-01-06 06:18:32.959106+00:00,861.0,3221.782,3221.71,3222.07,ETH
2026-01-06 06:14:22+00:00,2026-01-06 06:18:33.954464+00:00,862.0,3221.622,3221.61,3221.93,ETH
2026-01-06 06:14:23+00:00,2026-01-06 06:18:34.990731+00:00,863.0,3221.542,3221.5,3221.82,ETH
2026-01-06 06:14:24+00:00,2026-01-06 06:18:35.979993+00:00,864.0,3221.422,3221.29,3221.82,ETH
2026-01-06 06:14:25+00:00,2026-01-06 06:18:36.988189+00:00,865.0,3221.332,3221.12,3221.69,ETH
2026-01-06 06:14:26+00:00,2026-01-06 06:18:38.009081+00:00,866.0,3221.332,3221.08,3221.59,ETH
2026-01-06 06:14:27+00:00,2026-01-06 06:18:39.004771+00:00,867.0,3221.252,3221.07,3221.55,ETH
2026-01-06 06:14:28+00:00,2026-01-06 06:18:40.005099+00:00,868.0,3221.102,3221.04,3221.44,ETH
2026-01-06 06:14:29+00:00,2026-01-06 06:18:41.005361+00:00,869.0,3221.032,3220.96,3221.35,ETH
2026-01-06 06:14:30+00:00,2026-01-06 06:18:42.011618+00:00,870.0,3221.032,3220.9,3221.35,ETH
2026-01-06 06:14:31+00:00,2026-01-06 06:18:43.035978+00:00,871.0,3221.032,3220.88,3221.24,ETH
2026-01-06 06:14:32+00:00,2026-01-06 06:18:44.039288+00:00,872.0,3221.032,3220.88,3221.26,ETH
2026-01-06 06:14:33+00:00,2026-01-06 06:18:45.043650+00:00,873.0,3221.032,3220.89,3221.4,ETH
2026-01-06 06:14:34+00:00,2026-01-06 06:18:46.055057+00:00,874.0,3221.162,3220.93,3221.43,ETH
2026-01-06 06:14:35+00:00,2026-01-06 06:18:47.054235+00:00,875.0,3221.312,3221.04,3221.45,ETH
2026-01-06 06:14:36+00:00,2026-01-06 06:18:48.055516+00:00,876.0,3221.332,3221.11,3221.5,ETH
2026-01-06 06:14:37+00:00,2026-01-06 06:18:49.076340+00:00,877.0,3221.332,3221.11,3221.59,ETH
2026-01-06 06:14:38+00:00,2026-01-06 06:18:50.073704+00:00,878.0,3221.332,3221.11,3221.61,ETH
2026-01-06 06:14:39+00:00,2026-01-06 06:18:51.087576+00:00,879.0,3221.392,3221.13,3221.67,ETH
2026-01-06 06:14:40+00:00,2026-01-06 06:18:52.100429+00:00,880.0,3221.542,3221.28,3221.84,ETH
2026-01-06 06:14:41+00:00,2026-01-06 06:18:53.101258+00:00,881.0,3221.632,3221.42,3221.84,ETH
2026-01-06 06:14:42+00:00,2026-01-06 06:18:54.104016+00:00,882.0,3221.632,3221.42,3221.85,ETH
2026-01-06 06:14:43+00:00,2026-01-06 06:18:55.105895+00:00,883.0,3221.652,3221.42,3221.95,ETH
2026-01-06 06:14:44+00:00,2026-01-06 06:18:56.120974+00:00,884.0,3221.672,3221.42,3221.94,ETH
2026-01-06 06:14:45+00:00,2026-01-06 06:18:57.134277+00:00,885.0,3221.672,3221.42,3221.93,ETH
2026-01-06 06:14:46+00:00,2026-01-06 06:18:58.135677+00:00,886.0,3221.672,3221.42,3221.93,ETH
2026-01-06 06:14:47+00:00,2026-01-06 06:18:59.155115+00:00,887.0,3221.672,3221.42,3221.92,ETH
2026-01-06 06:14:48+00:00,2026-01-06 06:19:00.209238+00:00,888.0,3221.652,3221.41,3221.95,ETH
2026-01-06 06:14:49+00:00,2026-01-06 06:19:01.205373+00:00,889.0,3221.652,3221.42,3221.93,ETH
2026-01-06 06:14:50+00:00,2026-01-06 06:19:02.202353+00:00,890.0,3221.652,3221.39,3221.87,ETH
2026-01-06 06:14:51+00:00,2026-01-06 06:19:03.200260+00:00,891.0,3221.652,3221.37,3221.86,ETH
2026-01-06 06:14:52+00:00,2026-01-06 06:19:04.223989+00:00,892.0,3221.652,3221.38,3221.88,ETH
2026-01-06 06:14:53+00:00,2026-01-06 06:19:05.216617+00:00,893.0,3221.502,3221.36,3221.87,ETH
2026-01-06 06:14:54+00:00,2026-01-06 06:19:06.221632+00:00,894.0,3221.352,3221.35,3221.78,ETH
2026-01-06 06:14:55+00:00,2026-01-06 06:19:07.217706+00:00,895.0,3221.352,3221.29,3221.72,ETH
2026-01-06 06:14:56+00:00,2026-01-06 06:19:08.237124+00:00,896.0,3221.352,3221.24,3221.77,ETH
2026-01-06 06:14:57+00:00,2026-01-06 06:19:09.237189+00:00,897.0,3221.502,3221.25,3221.79,ETH
2026-01-06 06:14:58+00:00,2026-01-06 06:19:10.252186+00:00,898.0,3221.682,3221.36,3221.85,ETH
2026-01-06 06:14:59+00:00,2026-01-06 06:19:11.251782+00:00,899.0,3221.702,3221.47,3221.95,ETH
