timestamp,collected_at,seconds,up_mid,up_best_bid,up_best_ask,down_mid,down_best_bid,down_best_ask,up_best_bid_size,up_best_ask_size,down_best_bid_size,down_best_ask_size
2026-01-06 06:00:00.426000+00:00,2026-01-06 06:00:00.527038+00:00,0.426,0.53,0.52,0.54,0.47,0.46,0.48,,,,
2026-01-06 06:00:01.435000+00:00,2026-01-06 06:00:01.531632+00:00,1.435,0.525,0.52,0.53,0.475,0.47,0.48,,,,
2026-01-06 06:00:02.435000+00:00,2026-01-06 06:00:02.538020+00:00,2.435,0.525,0.52,0.53,0.475,0.47,0.48,,,,
2026-01-06 06:00:03.448000+00:00,2026-01-06 06:00:03.555890+00:00,3.448,0.545,0.54,0.55,0.455,0.45,0.46,,,,
2026-01-06 06:00:04.461000+00:00,2026-01-06 06:00:04.559330+00:00,4.461,0.535,0.53,0.54,0.4649999999999999,0.46,0.47,,,,
2026-01-06 06:00:05.456000+00:00,2026-01-06 06:00:05.571759+00:00,5.456,0.525,0.52,0.53,0.475,0.47,0.48,,,,
2026-01-06 06:00:06.489000+00:00,2026-01-06 06:00:06.588040+00:00,6.489,0.49,0.48,0.5,0.51,0.5,0.52,,,,
2026-01-06 06:00:07.508000+00:00,2026-01-06 06:00:07.609010+00:00,7.508,0.495,0.49,0.5,0.505,0.5,0.51,,,,
2026-01-06 06:00:08.515000+00:00,2026-01-06 06:00:08.625202+00:00,8.515,0.485,0.48,0.49,0.515,0.51,0.52,,,,
2026-01-06 06:00:09.423000+00:00,2026-01-06 06:00:09.626386+00:00,9.423,0.485,0.48,0.49,0.515,0.51,0.52,,,,
2026-01-06 06:00:10.532000+00:00,2026-01-06 06:00:10.637212+00:00,10.532,0.495,0.49,0.5,0.4649999999999999,0.46,0.47,,,,
2026-01-06 06:00:11.544000+00:00,2026-01-06 06:00:11.637996+00:00,11.544,0.535,0.53,0.54,0.4649999999999999,0.46,0.47,,,,
2026-01-06 06:00:12.531000+00:00,2026-01-06 06:00:12.652734+00:00,12.531,0.54,0.53,0.55,0.4649999999999999,0.46,0.47,,,,
2026-01-06 06:00:13.481000+00:00,2026-01-06 06:00:13.652576+00:00,13.481,0.535,0.53,0.54,0.4649999999999999,0.46,0.47,,,,
2026-01-06 06:00:14.541000+00:00,2026-01-06 06:00:14.671280+00:00,14.541,0.53,0.52,0.54,0.485,0.46,0.51,,,,
2026-01-06 06:00:15.506000+00:00,2026-01-06 06:00:15.669659+00:00,15.506,0.535,0.53,0.54,0.4649999999999999,0.46,0.47,,,,
2026-01-06 06:00:16.572000+00:00,2026-01-06 06:00:16.687076+00:00,16.572,0.535,0.53,0.54,0.4649999999999999,0.46,0.47,,,,
2026-01-06 06:00:17.559000+00:00,2026-01-06 06:00:17.689056+00:00,17.559,0.54,0.53,0.55,0.4599999999999999,0.45,0.47,,,,
2026-01-06 06:00:18.558000+00:00,2026-01-06 06:00:18.686226+00:00,18.558,0.535,0.53,0.54,0.4649999999999999,0.46,0.47,,,,
2026-01-06 06:00:19.143000+00:00,2026-01-06 06:00:19.702772+00:00,19.143,0.535,0.53,0.54,0.4649999999999999,0.46,0.47,,,,
2026-01-06 06:00:20.553000+00:00,2026-01-06 06:00:20.710684+00:00,20.553,0.54,0.53,0.55,0.4599999999999999,0.45,0.47,,,,
2026-01-06 06:00:21.295000+00:00,2026-01-06 06:00:21.718910+00:00,21.295,0.54,0.53,0.55,0.4599999999999999,0.45,0.47,,,,
2026-01-06 06:00:22.607000+00:00,2026-01-06 06:00:22.718625+00:00,22.607,0.485,0.48,0.49,0.515,0.51,0.52,,,,
2026-01-06 06:00:23.404000+00:00,2026-01-06 06:00:23.722689+00:00,23.404,0.535,0.53,0.54,0.4649999999999999,0.46,0.47,,,,
2026-01-06 06:00:24.621000+00:00,2026-01-06 06:00:24.725838+00:00,24.621,0.535,0.53,0.54,0.4649999999999999,0.46,0.47,,,,
2026-01-06 06:00:25.571000+00:00,2026-01-06 06:00:25.718768+00:00,25.571,0.55,0.54,0.56,0.45,0.44,0.46,,,,
2026-01-06 06:00:26.558000+00:00,2026-01-06 06:00:26.738065+00:00,26.558,0.565,0.56,0.57,0.435,0.43,0.44,,,,
2026-01-06 06:00:27.515000+00:00,2026-01-06 06:00:27.738583+00:00,27.515,0.565,0.56,0.57,0.435,0.43,0.44,,,,
2026-01-06 06:00:28.650000+00:00,2026-01-06 06:00:28.753905+00:00,28.65,0.565,0.56,0.57,0.435,0.43,0.44,,,,
2026-01-06 06:00:29.692000+00:00,2026-01-06 06:00:29.758128+00:00,29.692,0.555,0.55,0.56,0.445,0.44,0.45,,,,
2026-01-06 06:00:30.289000+00:00,2026-01-06 06:00:30.759534+00:00,30.289,0.555,0.55,0.56,0.445,0.44,0.45,,,,
2026-01-06 06:00:31.663000+00:00,2026-01-06 06:00:31.766182+00:00,31.663,0.555,0.55,0.56,0.415,0.41,0.42,,,,
2026-01-06 06:00:32.620000+00:00,2026-01-06 06:00:32.768454+00:00,32.62,0.625,0.62,0.63,0.375,0.37,0.38,,,,
2026-01-06 06:00:33.679000+00:00,2026-01-06 06:00:33.772749+00:00,33.679,0.605,0.6,0.61,0.395,0.39,0.4,,,,
2026-01-06 06:00:34.668000+00:00,2026-01-06 06:00:34.777022+00:00,34.668,0.615,0.61,0.62,0.385,0.38,0.39,,,,
2026-01-06 06:00:35.669000+00:00,2026-01-06 06:00:35.786486+00:00,35.669,0.63,0.62,0.64,0.375,0.37,0.38,,,,
2026-01-06 06:00:36.700000+00:00,2026-01-06 06:00:36.803648+00:00,36.7,0.615,0.61,0.62,0.385,0.38,0.39,,,,
2026-01-06 06:00:37.706000+00:00,2026-01-06 06:00:37.815836+00:00,37.706,0.615,0.61,0.62,0.385,0.38,0.39,,,,
2026-01-06 06:00:38.719000+00:00,2026-01-06 06:00:38.819688+00:00,38.719,0.615,0.61,0.62,0.385,0.38,0.39,,,,
2026-01-06 06:00:39.704000+00:00,2026-01-06 06:00:39.821239+00:00,39.704,0.635,0.63,0.64,0.365,0.36,0.37,,,,
2026-01-06 06:00:40.658000+00:00,2026-01-06 06:00:40.836925+00:00,40.658,0.655,0.65,0.66,0.345,0.34,0.35,,,,
2026-01-06 06:00:41.707000+00:00,2026-01-06 06:00:41.843954+00:00,41.707,0.645,0.64,0.65,0.355,0.35,0.36,,,,
2026-01-06 06:00:42.740000+00:00,2026-01-06 06:00:42.845390+00:00,42.74,0.67,0.66,0.68,0.325,0.32,0.33,,,,
2026-01-06 06:00:43.739000+00:00,2026-01-06 06:00:43.844716+00:00,43.739,0.685,0.68,0.69,0.315,0.31,0.32,,,,
2026-01-06 06:00:44.658000+00:00,2026-01-06 06:00:44.863025+00:00,44.658,0.67,0.66,0.68,0.33,0.32,0.34,,,,
2026-01-06 06:00:45.739000+00:00,2026-01-06 06:00:45.867661+00:00,45.739,0.67,0.66,0.68,0.325,0.32,0.33,,,,
2026-01-06 06:00:46.491000+00:00,2026-01-06 06:00:46.879403+00:00,46.491,0.675,0.67,0.68,0.325,0.32,0.33,,,,
2026-01-06 06:00:47.775000+00:00,2026-01-06 06:00:47.888436+00:00,47.775,0.675,0.67,0.68,0.325,0.32,0.33,,,,
2026-01-06 06:00:48.786000+00:00,2026-01-06 06:00:48.903292+00:00,48.786,0.67,0.66,0.68,0.335,0.33,0.34,,,,
2026-01-06 06:00:49.646000+00:00,2026-01-06 06:00:49.897875+00:00,49.646,0.67,0.66,0.68,0.33,0.32,0.34,,,,
2026-01-06 06:00:50.730000+00:00,2026-01-06 06:00:50.903893+00:00,50.73,0.67,0.66,0.68,0.33,0.32,0.34,,,,
2026-01-06 06:00:51.824000+00:00,2026-01-06 06:00:51.922409+00:00,51.824,0.655,0.65,0.66,0.345,0.34,0.35,,,,
2026-01-06 06:00:52.807000+00:00,2026-01-06 06:00:52.922791+00:00,52.807,0.665,0.66,0.67,0.335,0.33,0.34,,,,
2026-01-06 06:00:53.827000+00:00,2026-01-06 06:00:53.946197+00:00,53.827,0.695,0.69,0.7,0.295,0.28,0.31,,,,
2026-01-06 06:00:54.825000+00:00,2026-01-06 06:00:54.974144+00:00,54.825,0.72,0.71,0.73,0.28,0.27,0.29,,,,
2026-01-06 06:00:55.835000+00:00,2026-01-06 06:00:55.986470+00:00,55.835,0.725,0.72,0.73,0.275,0.27,0.28,,,,
2026-01-06 06:00:56.913000+00:00,2026-01-06 06:00:56.980081+00:00,56.913,0.735,0.73,0.74,0.265,0.26,0.27,,,,
2026-01-06 06:00:57.828000+00:00,2026-01-06 06:00:57.987187+00:00,57.828,0.735,0.73,0.74,0.265,0.26,0.27,,,,
2026-01-06 06:00:58.898000+00:00,2026-01-06 06:00:58.997292+00:00,58.898,0.74,0.73,0.75,0.26,0.25,0.27,,,,
2026-01-06 06:00:59.871000+00:00,2026-01-06 06:01:00.016347+00:00,59.871,0.735,0.73,0.74,0.265,0.26,0.27,,,,
2026-01-06 06:01:00.912000+00:00,2026-01-06 06:01:01.028506+00:00,60.912,0.74,0.73,0.75,0.26,0.25,0.27,,,,
2026-01-06 06:01:01.930000+00:00,2026-01-06 06:01:02.036077+00:00,61.93,0.745,0.74,0.75,0.255,0.25,0.26,,,,
2026-01-06 06:01:02.943000+00:00,2026-01-06 06:01:03.047947+00:00,62.943,0.6799999999999999,0.67,0.69,0.32,0.31,0.33,,,,
2026-01-06 06:01:03.950000+00:00,2026-01-06 06:01:04.069003+00:00,63.95,0.685,0.68,0.69,0.315,0.31,0.32,,,,
2026-01-06 06:01:04.969000+00:00,2026-01-06 06:01:05.072211+00:00,64.969,0.685,0.68,0.69,0.315,0.31,0.32,,,,
2026-01-06 06:01:05.908000+00:00,2026-01-06 06:01:06.084297+00:00,65.908,0.685,0.68,0.69,0.315,0.31,0.32,,,,
2026-01-06 06:01:06.975000+00:00,2026-01-06 06:01:07.085015+00:00,66.975,0.73,0.72,0.74,0.275,0.27,0.28,,,,
2026-01-06 06:01:07.990000+00:00,2026-01-06 06:01:08.090327+00:00,67.99,0.725,0.72,0.73,0.275,0.27,0.28,,,,
2026-01-06 06:01:08.978000+00:00,2026-01-06 06:01:09.086335+00:00,68.978,0.72,0.71,0.73,0.285,0.28,0.29,,,,
2026-01-06 06:01:09.998000+00:00,2026-01-06 06:01:10.101613+00:00,69.998,0.665,0.66,0.67,0.335,0.33,0.34,,,,
2026-01-06 06:01:11.009000+00:00,2026-01-06 06:01:11.118686+00:00,71.009,0.675,0.67,0.68,0.325,0.32,0.33,,,,
2026-01-06 06:01:12.027000+00:00,2026-01-06 06:01:12.134946+00:00,72.027,0.685,0.68,0.69,0.315,0.31,0.32,,,,
2026-01-06 06:01:13.937000+00:00,2026-01-06 06:01:14.155393+00:00,73.937,0.685,0.68,0.69,0.315,0.31,0.32,,,,
2026-01-06 06:01:15.065000+00:00,2026-01-06 06:01:15.167701+00:00,75.065,0.685,0.68,0.69,0.315,0.31,0.32,,,,
2026-01-06 06:01:16.075000+00:00,2026-01-06 06:01:16.182023+00:00,76.075,0.685,0.68,0.69,0.315,0.31,0.32,,,,
2026-01-06 06:01:17.847000+00:00,2026-01-06 06:01:18.185139+00:00,77.847,0.675,0.67,0.68,0.325,0.32,0.33,,,,
2026-01-06 06:01:19.066000+00:00,2026-01-06 06:01:19.183279+00:00,79.066,0.675,0.67,0.68,0.325,0.32,0.33,,,,
2026-01-06 06:01:20.091000+00:00,2026-01-06 06:01:20.182901+00:00,80.091,0.675,0.67,0.68,0.325,0.32,0.33,,,,
2026-01-06 06:01:21.075000+00:00,2026-01-06 06:01:21.197687+00:00,81.075,0.69,0.68,0.7,0.31,0.3,0.32,,,,
2026-01-06 06:01:22.014000+00:00,2026-01-06 06:01:22.218816+00:00,82.014,0.69,0.68,0.7,0.31,0.3,0.32,,,,
2026-01-06 06:01:23.121000+00:00,2026-01-06 06:01:23.247940+00:00,83.121,0.69,0.68,0.7,0.31,0.3,0.32,,,,
2026-01-06 06:01:24.034000+00:00,2026-01-06 06:01:24.255417+00:00,84.034,0.69,0.68,0.7,0.31,0.3,0.32,,,,
2026-01-06 06:01:25.150000+00:00,2026-01-06 06:01:25.257713+00:00,85.15,0.69,0.68,0.7,0.31,0.3,0.32,,,,
2026-01-06 06:01:26.002000+00:00,2026-01-06 06:01:26.257125+00:00,86.002,0.69,0.68,0.7,0.31,0.3,0.32,,,,
2026-01-06 06:01:27.085000+00:00,2026-01-06 06:01:27.253833+00:00,87.085,0.69,0.68,0.7,0.31,0.3,0.32,,,,
2026-01-06 06:01:28.127000+00:00,2026-01-06 06:01:28.253068+00:00,88.127,0.69,0.68,0.7,0.305,0.3,0.31,,,,
2026-01-06 06:01:29.166000+00:00,2026-01-06 06:01:29.270995+00:00,89.166,0.695,0.69,0.7,0.305,0.3,0.31,,,,
2026-01-06 06:01:30.184000+00:00,2026-01-06 06:01:30.284758+00:00,90.184,0.705,0.7,0.71,0.295,0.29,0.3,,,,
2026-01-06 06:01:31.136000+00:00,2026-01-06 06:01:31.291470+00:00,91.136,0.705,0.7,0.71,0.295,0.29,0.3,,,,
2026-01-06 06:01:32.194000+00:00,2026-01-06 06:01:32.295694+00:00,92.194,0.725,0.72,0.73,0.275,0.27,0.28,,,,
2026-01-06 06:01:33.234000+00:00,2026-01-06 06:01:33.308043+00:00,93.234,0.735,0.73,0.74,0.255,0.25,0.26,,,,
2026-01-06 06:01:34.202000+00:00,2026-01-06 06:01:34.322366+00:00,94.202,0.745,0.74,0.75,0.255,0.25,0.26,,,,
2026-01-06 06:01:35.250000+00:00,2026-01-06 06:01:35.337367+00:00,95.25,0.745,0.74,0.75,0.255,0.25,0.26,,,,
2026-01-06 06:01:36.252000+00:00,2026-01-06 06:01:36.355647+00:00,96.252,0.755,0.75,0.76,0.245,0.24,0.25,,,,
2026-01-06 06:01:37.195000+00:00,2026-01-06 06:01:37.351171+00:00,97.195,0.745,0.74,0.75,0.255,0.25,0.26,,,,
2026-01-06 06:01:38.081000+00:00,2026-01-06 06:01:38.351487+00:00,98.081,0.745,0.74,0.75,0.255,0.25,0.26,,,,
2026-01-06 06:01:39.245000+00:00,2026-01-06 06:01:39.350581+00:00,99.245,0.745,0.74,0.75,0.255,0.25,0.26,,,,
2026-01-06 06:01:40.255000+00:00,2026-01-06 06:01:40.361435+00:00,100.255,0.785,0.78,0.79,0.22,0.21,0.23,,,,
2026-01-06 06:01:41.230000+00:00,2026-01-06 06:01:41.367210+00:00,101.23,0.785,0.78,0.79,0.215,0.21,0.22,,,,
2026-01-06 06:01:42.262000+00:00,2026-01-06 06:01:42.367590+00:00,102.262,0.775,0.77,0.78,0.24,0.23,0.25,,,,
2026-01-06 06:01:43.261000+00:00,2026-01-06 06:01:43.367068+00:00,103.261,0.765,0.76,0.77,0.235,0.23,0.24,,,,
2026-01-06 06:01:44.211000+00:00,2026-01-06 06:01:44.366658+00:00,104.211,0.78,0.77,0.79,0.22,0.21,0.23,,,,
2026-01-06 06:01:45.242000+00:00,2026-01-06 06:01:45.374070+00:00,105.242,0.78,0.77,0.79,0.22,0.21,0.23,,,,
2026-01-06 06:01:46.238000+00:00,2026-01-06 06:01:46.369187+00:00,106.238,0.785,0.78,0.79,0.22,0.21,0.23,,,,
2026-01-06 06:01:47.232000+00:00,2026-01-06 06:01:47.376887+00:00,107.232,0.78,0.77,0.79,0.22,0.21,0.23,,,,
2026-01-06 06:01:48.270000+00:00,2026-01-06 06:01:48.384273+00:00,108.27,0.78,0.77,0.79,0.22,0.21,0.23,,,,
2026-01-06 06:01:49.245000+00:00,2026-01-06 06:01:49.390871+00:00,109.245,0.78,0.77,0.79,0.22,0.21,0.23,,,,
2026-01-06 06:01:50.298000+00:00,2026-01-06 06:01:50.400685+00:00,110.298,0.785,0.78,0.79,0.215,0.21,0.22,,,,
2026-01-06 06:01:51.276000+00:00,2026-01-06 06:01:51.403777+00:00,111.276,0.785,0.78,0.79,0.215,0.21,0.22,,,,
2026-01-06 06:01:52.179000+00:00,2026-01-06 06:01:52.423966+00:00,112.179,0.785,0.78,0.79,0.215,0.21,0.22,,,,
2026-01-06 06:01:53.335000+00:00,2026-01-06 06:01:53.433614+00:00,113.335,0.785,0.78,0.79,0.205,0.2,0.21,,,,
2026-01-06 06:01:54.228000+00:00,2026-01-06 06:01:54.437328+00:00,114.228,0.815,0.81,0.82,0.185,0.18,0.19,,,,
2026-01-06 06:01:55.244000+00:00,2026-01-06 06:01:55.462025+00:00,115.244,0.8,0.79,0.81,0.19,0.18,0.2,,,,
2026-01-06 06:01:56.260000+00:00,2026-01-06 06:01:56.460288+00:00,116.26,0.81,0.8,0.82,0.19,0.18,0.2,,,,
2026-01-06 06:01:57.345000+00:00,2026-01-06 06:01:57.458038+00:00,117.345,0.81,0.8,0.82,0.19,0.18,0.2,,,,
2026-01-06 06:01:58.365000+00:00,2026-01-06 06:01:58.458794+00:00,118.365,0.81,0.8,0.82,0.19,0.18,0.2,,,,
2026-01-06 06:01:59.231000+00:00,2026-01-06 06:01:59.467430+00:00,119.231,0.81,0.8,0.82,0.19,0.18,0.2,,,,
2026-01-06 06:02:00.383000+00:00,2026-01-06 06:02:00.484202+00:00,120.383,0.815,0.81,0.82,0.185,0.18,0.19,,,,
2026-01-06 06:02:01.405000+00:00,2026-01-06 06:02:01.507473+00:00,121.405,0.815,0.81,0.82,0.185,0.18,0.19,,,,
2026-01-06 06:02:02.359000+00:00,2026-01-06 06:02:02.500316+00:00,122.359,0.795,0.79,0.8,0.215,0.21,0.22,,,,
2026-01-06 06:02:03.384000+00:00,2026-01-06 06:02:03.509572+00:00,123.384,0.785,0.78,0.79,0.215,0.21,0.22,,,,
2026-01-06 06:02:04.396000+00:00,2026-01-06 06:02:04.521624+00:00,124.396,0.785,0.78,0.79,0.215,0.21,0.22,,,,
2026-01-06 06:02:05.384000+00:00,2026-01-06 06:02:05.533166+00:00,125.384,0.785,0.78,0.79,0.215,0.21,0.22,,,,
2026-01-06 06:02:06.315000+00:00,2026-01-06 06:02:06.523851+00:00,126.315,0.78,0.77,0.79,0.215,0.21,0.22,,,,
2026-01-06 06:02:07.427000+00:00,2026-01-06 06:02:07.535811+00:00,127.427,0.785,0.78,0.79,0.22,0.21,0.23,,,,
2026-01-06 06:02:08.373000+00:00,2026-01-06 06:02:08.552569+00:00,128.373,0.785,0.78,0.79,0.21,0.2,0.22,,,,
2026-01-06 06:02:09.439000+00:00,2026-01-06 06:02:09.551195+00:00,129.439,0.795,0.79,0.8,0.205,0.2,0.21,,,,
2026-01-06 06:02:10.380000+00:00,2026-01-06 06:02:10.555365+00:00,130.38,0.795,0.79,0.8,0.205,0.2,0.21,,,,
2026-01-06 06:02:11.428000+00:00,2026-01-06 06:02:11.559211+00:00,131.428,0.795,0.79,0.8,0.205,0.2,0.21,,,,
2026-01-06 06:02:12.370000+00:00,2026-01-06 06:02:12.564712+00:00,132.37,0.795,0.79,0.8,0.2,0.19,0.21,,,,
2026-01-06 06:02:13.303000+00:00,2026-01-06 06:02:13.574260+00:00,133.303,0.8,0.79,0.81,0.2,0.19,0.21,,,,
2026-01-06 06:02:14.471000+00:00,2026-01-06 06:02:14.575145+00:00,134.471,0.795,0.78,0.81,0.205,0.19,0.22,,,,
2026-01-06 06:02:15.466000+00:00,2026-01-06 06:02:15.582761+00:00,135.466,0.8,0.79,0.81,0.195,0.19,0.2,,,,
2026-01-06 06:02:16.393000+00:00,2026-01-06 06:02:16.582585+00:00,136.393,0.8,0.79,0.81,0.2,0.19,0.21,,,,
2026-01-06 06:02:17.461000+00:00,2026-01-06 06:02:17.576084+00:00,137.461,0.8,0.79,0.81,0.2,0.19,0.21,,,,
2026-01-06 06:02:18.471000+00:00,2026-01-06 06:02:18.592779+00:00,138.471,0.8,0.79,0.81,0.2,0.19,0.21,,,,
2026-01-06 06:02:19.492000+00:00,2026-01-06 06:02:19.601950+00:00,139.492,0.8,0.79,0.81,0.2,0.19,0.21,,,,
2026-01-06 06:02:20.477000+00:00,2026-01-06 06:02:20.607764+00:00,140.477,0.795,0.79,0.8,0.2,0.19,0.21,,,,
2026-01-06 06:02:21.506000+00:00,2026-01-06 06:02:21.610926+00:00,141.506,0.8,0.79,0.81,0.205,0.19,0.22,,,,
2026-01-06 06:02:22.491000+00:00,2026-01-06 06:02:22.631748+00:00,142.491,0.805,0.8,0.81,0.195,0.19,0.2,,,,
2026-01-06 06:02:23.331000+00:00,2026-01-06 06:02:23.648753+00:00,143.331,0.8,0.79,0.81,0.2,0.19,0.21,,,,
2026-01-06 06:02:24.450000+00:00,2026-01-06 06:02:24.647987+00:00,144.45,0.8,0.79,0.81,0.2,0.19,0.21,,,,
2026-01-06 06:02:25.496000+00:00,2026-01-06 06:02:25.647627+00:00,145.496,0.8,0.79,0.81,0.2,0.19,0.21,,,,
2026-01-06 06:02:26.553000+00:00,2026-01-06 06:02:26.666095+00:00,146.553,0.795,0.79,0.8,0.205,0.2,0.21,,,,
2026-01-06 06:02:27.550000+00:00,2026-01-06 06:02:27.666850+00:00,147.55,0.775,0.77,0.78,0.2299999999999999,0.22,0.24,,,,
2026-01-06 06:02:28.545000+00:00,2026-01-06 06:02:28.664457+00:00,148.545,0.77,0.76,0.78,0.235,0.23,0.24,,,,
2026-01-06 06:02:29.456000+00:00,2026-01-06 06:02:29.682935+00:00,149.456,0.77,0.76,0.78,0.2299999999999999,0.22,0.24,,,,
2026-01-06 06:02:30.573000+00:00,2026-01-06 06:02:30.685020+00:00,150.573,0.77,0.76,0.78,0.2299999999999999,0.22,0.24,,,,
2026-01-06 06:02:31.589000+00:00,2026-01-06 06:02:31.699676+00:00,151.589,0.77,0.76,0.78,0.2299999999999999,0.22,0.24,,,,
2026-01-06 06:02:32.587000+00:00,2026-01-06 06:02:32.708087+00:00,152.587,0.775,0.77,0.78,0.225,0.22,0.23,,,,
2026-01-06 06:02:33.583000+00:00,2026-01-06 06:02:33.721167+00:00,153.583,0.785,0.78,0.79,0.215,0.21,0.22,,,,
2026-01-06 06:02:34.586000+00:00,2026-01-06 06:02:34.714428+00:00,154.586,0.775,0.76,0.79,0.22,0.2,0.24,,,,
2026-01-06 06:02:35.546000+00:00,2026-01-06 06:02:35.721602+00:00,155.546,0.765,0.75,0.78,0.235,0.22,0.25,,,,
2026-01-06 06:02:36.612000+00:00,2026-01-06 06:02:36.735531+00:00,156.612,0.765,0.75,0.78,0.235,0.22,0.25,,,,
2026-01-06 06:02:37.557000+00:00,2026-01-06 06:02:37.732269+00:00,157.557,0.77,0.76,0.78,0.2299999999999999,0.22,0.24,,,,
2026-01-06 06:02:38.569000+00:00,2026-01-06 06:02:38.731407+00:00,158.569,0.775,0.76,0.79,0.2299999999999999,0.21,0.25,,,,
2026-01-06 06:02:39.607000+00:00,2026-01-06 06:02:39.732760+00:00,159.607,0.77,0.76,0.78,0.2299999999999999,0.22,0.24,,,,
2026-01-06 06:02:40.579000+00:00,2026-01-06 06:02:40.731258+00:00,160.579,0.77,0.76,0.78,0.2299999999999999,0.22,0.24,,,,
2026-01-06 06:02:41.554000+00:00,2026-01-06 06:02:41.732744+00:00,161.554,0.765,0.75,0.78,0.235,0.22,0.25,,,,
2026-01-06 06:02:42.606000+00:00,2026-01-06 06:02:42.736125+00:00,162.606,0.765,0.75,0.78,0.235,0.22,0.25,,,,
2026-01-06 06:02:43.458000+00:00,2026-01-06 06:02:43.749792+00:00,163.458,0.785,0.78,0.79,0.215,0.21,0.22,,,,
2026-01-06 06:02:44.645000+00:00,2026-01-06 06:02:44.751672+00:00,164.645,0.785,0.78,0.79,0.205,0.19,0.22,,,,
2026-01-06 06:02:45.614000+00:00,2026-01-06 06:02:45.749021+00:00,165.614,0.795,0.78,0.81,0.2,0.19,0.21,,,,
2026-01-06 06:02:46.644000+00:00,2026-01-06 06:02:46.747006+00:00,166.644,0.8,0.79,0.81,0.2,0.19,0.21,,,,
2026-01-06 06:02:47.394000+00:00,2026-01-06 06:02:47.751929+00:00,167.394,0.8,0.79,0.81,0.2,0.19,0.21,,,,
2026-01-06 06:02:48.589000+00:00,2026-01-06 06:02:48.770604+00:00,168.589,0.795,0.79,0.8,0.205,0.2,0.21,,,,
2026-01-06 06:02:49.662000+00:00,2026-01-06 06:02:49.763125+00:00,169.662,0.785,0.78,0.79,0.215,0.21,0.22,,,,
2026-01-06 06:02:50.661000+00:00,2026-01-06 06:02:50.766993+00:00,170.661,0.76,0.75,0.77,0.24,0.23,0.25,,,,
2026-01-06 06:02:51.641000+00:00,2026-01-06 06:02:51.778817+00:00,171.641,0.755,0.75,0.76,0.245,0.24,0.25,,,,
2026-01-06 06:02:52.659000+00:00,2026-01-06 06:02:52.778496+00:00,172.659,0.75,0.74,0.76,0.25,0.24,0.26,,,,
2026-01-06 06:02:53.551000+00:00,2026-01-06 06:02:53.774142+00:00,173.551,0.755,0.75,0.76,0.245,0.24,0.25,,,,
2026-01-06 06:02:54.698000+00:00,2026-01-06 06:02:54.797339+00:00,174.698,0.755,0.75,0.76,0.245,0.24,0.25,,,,
2026-01-06 06:02:55.695000+00:00,2026-01-06 06:02:55.801903+00:00,175.695,0.765,0.75,0.78,0.24,0.23,0.25,,,,
2026-01-06 06:02:56.534000+00:00,2026-01-06 06:02:56.815426+00:00,176.534,0.765,0.76,0.77,0.235,0.23,0.24,,,,
2026-01-06 06:02:57.658000+00:00,2026-01-06 06:02:57.816256+00:00,177.658,0.77,0.76,0.78,0.2299999999999999,0.22,0.24,,,,
2026-01-06 06:02:58.643000+00:00,2026-01-06 06:02:58.835428+00:00,178.643,0.785,0.78,0.79,0.215,0.21,0.22,,,,
2026-01-06 06:02:59.464000+00:00,2026-01-06 06:02:59.837737+00:00,179.464,0.78,0.77,0.79,0.22,0.21,0.23,,,,
2026-01-06 06:03:00.734000+00:00,2026-01-06 06:03:00.836410+00:00,180.734,0.785,0.78,0.79,0.215,0.21,0.22,,,,
2026-01-06 06:03:01.714000+00:00,2026-01-06 06:03:01.844604+00:00,181.714,0.775,0.77,0.78,0.225,0.22,0.23,,,,
2026-01-06 06:03:02.693000+00:00,2026-01-06 06:03:02.847946+00:00,182.693,0.7,0.69,0.71,0.315,0.31,0.32,,,,
2026-01-06 06:03:03.767000+00:00,2026-01-06 06:03:03.865557+00:00,183.767,0.645,0.64,0.65,0.355,0.35,0.36,,,,
2026-01-06 06:03:04.806000+00:00,2026-01-06 06:03:04.881534+00:00,184.806,0.635,0.63,0.64,0.365,0.36,0.37,,,,
2026-01-06 06:03:05.648000+00:00,2026-01-06 06:03:05.902466+00:00,185.648,0.625,0.62,0.63,0.375,0.37,0.38,,,,
2026-01-06 06:03:06.828000+00:00,2026-01-06 06:03:06.914569+00:00,186.828,0.625,0.62,0.63,0.375,0.37,0.38,,,,
2026-01-06 06:03:07.817000+00:00,2026-01-06 06:03:07.933622+00:00,187.817,0.65,0.64,0.66,0.35,0.34,0.36,,,,
2026-01-06 06:03:08.832000+00:00,2026-01-06 06:03:08.934886+00:00,188.832,0.665,0.66,0.67,0.335,0.33,0.34,,,,
2026-01-06 06:03:09.844000+00:00,2026-01-06 06:03:09.948416+00:00,189.844,0.685,0.68,0.69,0.315,0.31,0.32,,,,
2026-01-06 06:03:10.794000+00:00,2026-01-06 06:03:10.942236+00:00,190.794,0.705,0.7,0.71,0.295,0.29,0.3,,,,
2026-01-06 06:03:11.845000+00:00,2026-01-06 06:03:11.947771+00:00,191.845,0.695,0.69,0.7,0.31,0.3,0.32,,,,
2026-01-06 06:03:12.813000+00:00,2026-01-06 06:03:12.953342+00:00,192.813,0.69,0.68,0.7,0.31,0.3,0.32,,,,
2026-01-06 06:03:13.856000+00:00,2026-01-06 06:03:13.964880+00:00,193.856,0.69,0.68,0.7,0.31,0.3,0.32,,,,
2026-01-06 06:03:14.848000+00:00,2026-01-06 06:03:14.981206+00:00,194.848,0.69,0.68,0.7,0.31,0.3,0.32,,,,
2026-01-06 06:03:15.863000+00:00,2026-01-06 06:03:15.990281+00:00,195.863,0.685,0.68,0.69,0.315,0.31,0.32,,,,
2026-01-06 06:03:16.861000+00:00,2026-01-06 06:03:16.998097+00:00,196.861,0.685,0.67,0.7,0.315,0.3,0.33,,,,
2026-01-06 06:03:17.879000+00:00,2026-01-06 06:03:18.014227+00:00,197.879,0.6950000000000001,0.68,0.71,0.31,0.3,0.32,,,,
2026-01-06 06:03:18.791000+00:00,2026-01-06 06:03:19.020541+00:00,198.791,0.6950000000000001,0.68,0.71,0.305,0.29,0.32,,,,
2026-01-06 06:03:19.903000+00:00,2026-01-06 06:03:20.025561+00:00,199.903,0.6950000000000001,0.68,0.71,0.305,0.29,0.32,,,,
2026-01-06 06:03:20.812000+00:00,2026-01-06 06:03:21.041004+00:00,200.812,0.69,0.68,0.7,0.31,0.3,0.32,,,,
2026-01-06 06:03:21.862000+00:00,2026-01-06 06:03:22.061661+00:00,201.862,0.69,0.68,0.7,0.31,0.3,0.32,,,,
2026-01-06 06:03:22.295000+00:00,2026-01-06 06:03:23.083564+00:00,202.295,0.69,0.68,0.7,0.31,0.3,0.32,,,,
2026-01-06 06:03:23.964000+00:00,2026-01-06 06:03:24.085822+00:00,203.964,0.65,0.64,0.66,0.345,0.34,0.35,,,,
2026-01-06 06:03:25.012000+00:00,2026-01-06 06:03:25.108495+00:00,205.012,0.655,0.65,0.66,0.345,0.34,0.35,,,,
2026-01-06 06:03:26.760000+00:00,2026-01-06 06:03:27.112460+00:00,206.76,0.665,0.66,0.67,0.335,0.33,0.34,,,,
2026-01-06 06:03:28.009000+00:00,2026-01-06 06:03:28.115095+00:00,208.009,0.665,0.66,0.67,0.335,0.33,0.34,,,,
2026-01-06 06:03:29.986000+00:00,2026-01-06 06:03:30.131810+00:00,209.986,0.675,0.67,0.68,0.325,0.32,0.33,,,,
2026-01-06 06:03:31.034000+00:00,2026-01-06 06:03:31.130802+00:00,211.034,0.695,0.69,0.7,0.305,0.3,0.31,,,,
2026-01-06 06:03:32.004000+00:00,2026-01-06 06:03:32.134616+00:00,212.004,0.695,0.69,0.7,0.3,0.29,0.31,,,,
2026-01-06 06:03:33.991000+00:00,2026-01-06 06:03:34.149708+00:00,213.991,0.695,0.69,0.7,0.305,0.3,0.31,,,,
2026-01-06 06:03:35.940000+00:00,2026-01-06 06:03:36.166810+00:00,215.94,0.695,0.69,0.7,0.305,0.3,0.31,,,,
2026-01-06 06:03:36.988000+00:00,2026-01-06 06:03:37.180990+00:00,216.988,0.695,0.69,0.7,0.305,0.3,0.31,,,,
2026-01-06 06:03:38.098000+00:00,2026-01-06 06:03:38.193248+00:00,218.098,0.705,0.7,0.71,0.295,0.29,0.3,,,,
2026-01-06 06:03:39.095000+00:00,2026-01-06 06:03:39.197185+00:00,219.095,0.705,0.7,0.71,0.285,0.28,0.29,,,,
2026-01-06 06:03:40.042000+00:00,2026-01-06 06:03:40.197532+00:00,220.042,0.755,0.75,0.76,0.245,0.24,0.25,,,,
2026-01-06 06:03:41.111000+00:00,2026-01-06 06:03:41.214460+00:00,221.111,0.755,0.75,0.76,0.245,0.24,0.25,,,,
2026-01-06 06:03:42.928000+00:00,2026-01-06 06:03:43.229062+00:00,222.928,0.735,0.73,0.74,0.265,0.26,0.27,,,,
2026-01-06 06:03:44.098000+00:00,2026-01-06 06:03:44.227424+00:00,224.098,0.775,0.77,0.78,0.225,0.22,0.23,,,,
2026-01-06 06:03:45.002000+00:00,2026-01-06 06:03:45.235780+00:00,225.002,0.78,0.77,0.79,0.22,0.21,0.23,,,,
2026-01-06 06:03:46.113000+00:00,2026-01-06 06:03:46.244090+00:00,226.113,0.78,0.77,0.79,0.22,0.21,0.23,,,,
2026-01-06 06:03:47.140000+00:00,2026-01-06 06:03:47.248304+00:00,227.14,0.78,0.77,0.79,0.22,0.21,0.23,,,,
2026-01-06 06:03:48.091000+00:00,2026-01-06 06:03:48.261301+00:00,228.091,0.78,0.77,0.79,0.22,0.21,0.23,,,,
2026-01-06 06:03:49.162000+00:00,2026-01-06 06:03:49.264666+00:00,229.162,0.795,0.79,0.8,0.205,0.2,0.21,,,,
2026-01-06 06:03:50.127000+00:00,2026-01-06 06:03:50.261382+00:00,230.127,0.795,0.79,0.8,0.205,0.2,0.21,,,,
2026-01-06 06:03:51.155000+00:00,2026-01-06 06:03:51.263919+00:00,231.155,0.79,0.78,0.8,0.21,0.2,0.22,,,,
2026-01-06 06:03:52.183000+00:00,2026-01-06 06:03:52.288658+00:00,232.183,0.755,0.75,0.76,0.245,0.24,0.25,,,,
2026-01-06 06:03:53.188000+00:00,2026-01-06 06:03:53.288780+00:00,233.188,0.765,0.76,0.77,0.235,0.23,0.24,,,,
2026-01-06 06:03:54.147000+00:00,2026-01-06 06:03:54.303870+00:00,234.147,0.765,0.76,0.77,0.235,0.23,0.24,,,,
2026-01-06 06:03:55.202000+00:00,2026-01-06 06:03:55.298089+00:00,235.202,0.765,0.76,0.77,0.235,0.23,0.24,,,,
2026-01-06 06:03:56.203000+00:00,2026-01-06 06:03:56.302513+00:00,236.203,0.745,0.73,0.76,0.26,0.25,0.27,,,,
2026-01-06 06:03:57.182000+00:00,2026-01-06 06:03:57.300414+00:00,237.182,0.745,0.74,0.75,0.255,0.25,0.26,,,,
2026-01-06 06:03:58.197000+00:00,2026-01-06 06:03:58.302497+00:00,238.197,0.79,0.78,0.8,0.205,0.2,0.21,,,,
2026-01-06 06:03:59.197000+00:00,2026-01-06 06:03:59.314747+00:00,239.197,0.79,0.78,0.8,0.21,0.2,0.22,,,,
2026-01-06 06:04:00.094000+00:00,2026-01-06 06:04:00.331811+00:00,240.094,0.79,0.78,0.8,0.21,0.2,0.22,,,,
2026-01-06 06:04:01.141000+00:00,2026-01-06 06:04:01.339416+00:00,241.141,0.795,0.79,0.8,0.205,0.2,0.21,,,,
2026-01-06 06:04:02.186000+00:00,2026-01-06 06:04:02.359246+00:00,242.186,0.795,0.79,0.8,0.205,0.2,0.21,,,,
2026-01-06 06:04:03.862000+00:00,2026-01-06 06:04:04.358544+00:00,243.862,0.8,0.79,0.81,0.2,0.19,0.21,,,,
2026-01-06 06:04:05.811000+00:00,2026-01-06 06:04:06.389517+00:00,245.811,0.8,0.79,0.81,0.2,0.19,0.21,,,,
2026-01-06 06:04:07.296000+00:00,2026-01-06 06:04:07.396204+00:00,247.296,0.815,0.81,0.82,0.18,0.17,0.19,,,,
2026-01-06 06:04:08.293000+00:00,2026-01-06 06:04:08.399161+00:00,248.293,0.84,0.83,0.85,0.16,0.15,0.17,,,,
2026-01-06 06:04:09.284000+00:00,2026-01-06 06:04:09.412619+00:00,249.284,0.84,0.83,0.85,0.16,0.15,0.17,,,,
2026-01-06 06:04:10.310000+00:00,2026-01-06 06:04:10.419408+00:00,250.31,0.855,0.85,0.86,0.145,0.14,0.15,,,,
2026-01-06 06:04:11.244000+00:00,2026-01-06 06:04:11.417966+00:00,251.244,0.835,0.83,0.84,0.165,0.16,0.17,,,,
2026-01-06 06:04:12.320000+00:00,2026-01-06 06:04:12.425605+00:00,252.32,0.83,0.82,0.84,0.1699999999999999,0.16,0.18,,,,
2026-01-06 06:04:13.167000+00:00,2026-01-06 06:04:13.429410+00:00,253.167,0.835,0.83,0.84,0.165,0.16,0.17,,,,
2026-01-06 06:04:14.300000+00:00,2026-01-06 06:04:14.433974+00:00,254.3,0.84,0.83,0.85,0.16,0.15,0.17,,,,
2026-01-06 06:04:15.034000+00:00,2026-01-06 06:04:15.444699+00:00,255.034,0.84,0.83,0.85,0.16,0.15,0.17,,,,
2026-01-06 06:04:16.350000+00:00,2026-01-06 06:04:16.454181+00:00,256.35,0.825,0.82,0.83,0.18,0.17,0.19,,,,
2026-01-06 06:04:17.339000+00:00,2026-01-06 06:04:17.444174+00:00,257.339,0.78,0.77,0.79,0.22,0.21,0.23,,,,
2026-01-06 06:04:18.332000+00:00,2026-01-06 06:04:18.448532+00:00,258.332,0.79,0.78,0.8,0.2,0.19,0.21,,,,
2026-01-06 06:04:19.376000+00:00,2026-01-06 06:04:19.453675+00:00,259.376,0.8,0.79,0.81,0.2,0.19,0.21,,,,
2026-01-06 06:04:20.203000+00:00,2026-01-06 06:04:20.456765+00:00,260.203,0.8,0.79,0.81,0.2,0.19,0.21,,,,
2026-01-06 06:04:21.134000+00:00,2026-01-06 06:04:21.462933+00:00,261.134,0.8,0.79,0.81,0.2,0.19,0.21,,,,
2026-01-06 06:04:22.321000+00:00,2026-01-06 06:04:22.460267+00:00,262.321,0.8,0.79,0.81,0.2,0.19,0.21,,,,
2026-01-06 06:04:23.309000+00:00,2026-01-06 06:04:23.485620+00:00,263.309,0.8,0.79,0.81,0.2,0.19,0.21,,,,
2026-01-06 06:04:24.376000+00:00,2026-01-06 06:04:24.495078+00:00,264.376,0.8,0.79,0.81,0.2,0.19,0.21,,,,
2026-01-06 06:04:25.157000+00:00,2026-01-06 06:04:25.495062+00:00,265.157,0.8,0.79,0.81,0.2,0.19,0.21,,,,
2026-01-06 06:04:26.384000+00:00,2026-01-06 06:04:26.501774+00:00,266.384,0.8,0.79,0.81,0.2,0.19,0.21,,,,
2026-01-06 06:04:27.411000+00:00,2026-01-06 06:04:27.495095+00:00,267.411,0.805,0.8,0.81,0.195,0.19,0.2,,,,
2026-01-06 06:04:28.166000+00:00,2026-01-06 06:04:28.511289+00:00,268.166,0.81,0.8,0.82,0.19,0.18,0.2,,,,
2026-01-06 06:04:29.393000+00:00,2026-01-06 06:04:29.511742+00:00,269.393,0.81,0.8,0.82,0.19,0.18,0.2,,,,
2026-01-06 06:04:30.417000+00:00,2026-01-06 06:04:30.525537+00:00,270.417,0.805,0.8,0.81,0.195,0.19,0.2,,,,
2026-01-06 06:04:31.431000+00:00,2026-01-06 06:04:31.527991+00:00,271.431,0.805,0.8,0.81,0.195,0.19,0.2,,,,
2026-01-06 06:04:32.435000+00:00,2026-01-06 06:04:32.541932+00:00,272.435,0.795,0.79,0.8,0.205,0.2,0.21,,,,
2026-01-06 06:04:33.430000+00:00,2026-01-06 06:04:33.556666+00:00,273.43,0.795,0.79,0.8,0.205,0.2,0.21,,,,
2026-01-06 06:04:34.411000+00:00,2026-01-06 06:04:34.562358+00:00,274.411,0.795,0.79,0.8,0.205,0.2,0.21,,,,
2026-01-06 06:04:35.434000+00:00,2026-01-06 06:04:35.568659+00:00,275.434,0.795,0.79,0.8,0.205,0.2,0.21,,,,
2026-01-06 06:04:36.342000+00:00,2026-01-06 06:04:36.578202+00:00,276.342,0.795,0.79,0.8,0.205,0.2,0.21,,,,
2026-01-06 06:04:37.387000+00:00,2026-01-06 06:04:37.577820+00:00,277.387,0.825,0.82,0.83,0.16,0.15,0.17,,,,
2026-01-06 06:04:38.455000+00:00,2026-01-06 06:04:38.576259+00:00,278.455,0.855,0.85,0.86,0.145,0.14,0.15,,,,
2026-01-06 06:04:39.487000+00:00,2026-01-06 06:04:39.577420+00:00,279.487,0.855,0.85,0.86,0.145,0.14,0.15,,,,
2026-01-06 06:04:40.424000+00:00,2026-01-06 06:04:40.593519+00:00,280.424,0.86,0.85,0.87,0.14,0.13,0.15,,,,
2026-01-06 06:04:41.470000+00:00,2026-01-06 06:04:41.612375+00:00,281.47,0.86,0.85,0.87,0.14,0.13,0.15,,,,
2026-01-06 06:04:42.504000+00:00,2026-01-06 06:04:42.617412+00:00,282.504,0.865,0.86,0.87,0.135,0.13,0.14,,,,
2026-01-06 06:04:43.489000+00:00,2026-01-06 06:04:43.625753+00:00,283.489,0.875,0.87,0.88,0.125,0.12,0.13,,,,
2026-01-06 06:04:44.356000+00:00,2026-01-06 06:04:44.626188+00:00,284.356,0.875,0.87,0.88,0.13,0.12,0.14,,,,
2026-01-06 06:04:45.282000+00:00,2026-01-06 06:04:45.642987+00:00,285.282,0.875,0.87,0.88,0.125,0.12,0.13,,,,
2026-01-06 06:04:46.513000+00:00,2026-01-06 06:04:46.659101+00:00,286.513,0.875,0.87,0.88,0.125,0.12,0.13,,,,
2026-01-06 06:04:47.342000+00:00,2026-01-06 06:04:47.658148+00:00,287.342,0.87,0.86,0.88,0.13,0.12,0.14,,,,
2026-01-06 06:04:48.536000+00:00,2026-01-06 06:04:48.654783+00:00,288.536,0.88,0.87,0.89,0.12,0.11,0.13,,,,
2026-01-06 06:04:49.561000+00:00,2026-01-06 06:04:49.670895+00:00,289.561,0.88,0.87,0.89,0.12,0.11,0.13,,,,
2026-01-06 06:04:50.520000+00:00,2026-01-06 06:04:50.675413+00:00,290.52,0.875,0.87,0.88,0.125,0.12,0.13,,,,
2026-01-06 06:04:51.529000+00:00,2026-01-06 06:04:51.673516+00:00,291.529,0.865,0.86,0.87,0.13,0.12,0.14,,,,
2026-01-06 06:04:52.489000+00:00,2026-01-06 06:04:52.690284+00:00,292.489,0.875,0.87,0.88,0.125,0.12,0.13,,,,
2026-01-06 06:04:53.590000+00:00,2026-01-06 06:04:53.694089+00:00,293.59,0.865,0.86,0.87,0.135,0.13,0.14,,,,
2026-01-06 06:04:54.520000+00:00,2026-01-06 06:04:54.685462+00:00,294.52,0.875,0.87,0.88,0.125,0.12,0.13,,,,
2026-01-06 06:04:55.556000+00:00,2026-01-06 06:04:55.699450+00:00,295.556,0.875,0.87,0.88,0.125,0.12,0.13,,,,
2026-01-06 06:04:56.557000+00:00,2026-01-06 06:04:56.704311+00:00,296.557,0.875,0.87,0.88,0.125,0.12,0.13,,,,
2026-01-06 06:04:57.498000+00:00,2026-01-06 06:04:57.705962+00:00,297.498,0.875,0.87,0.88,0.125,0.12,0.13,,,,
2026-01-06 06:04:58.565000+00:00,2026-01-06 06:04:58.717367+00:00,298.565,0.87,0.86,0.88,0.13,0.12,0.14,,,,
2026-01-06 06:04:59.592000+00:00,2026-01-06 06:04:59.709367+00:00,299.592,0.87,0.86,0.88,0.13,0.12,0.14,,,,
2026-01-06 06:05:00.604000+00:00,2026-01-06 06:05:00.707166+00:00,300.604,0.87,0.86,0.88,0.13,0.12,0.14,,,,
2026-01-06 06:05:01.600000+00:00,2026-01-06 06:05:01.720626+00:00,301.6,0.87,0.86,0.88,0.13,0.12,0.14,,,,
2026-01-06 06:05:02.638000+00:00,2026-01-06 06:05:02.736355+00:00,302.638,0.87,0.86,0.88,0.135,0.13,0.14,,,,
2026-01-06 06:05:03.539000+00:00,2026-01-06 06:05:03.745555+00:00,303.539,0.865,0.86,0.87,0.135,0.13,0.14,,,,
2026-01-06 06:05:04.599000+00:00,2026-01-06 06:05:04.759742+00:00,304.599,0.865,0.86,0.87,0.135,0.13,0.14,,,,
2026-01-06 06:05:05.655000+00:00,2026-01-06 06:05:05.777492+00:00,305.655,0.845,0.84,0.85,0.155,0.15,0.16,,,,
2026-01-06 06:05:06.682000+00:00,2026-01-06 06:05:06.783858+00:00,306.682,0.83,0.82,0.84,0.185,0.18,0.19,,,,
2026-01-06 06:05:07.587000+00:00,2026-01-06 06:05:07.787104+00:00,307.587,0.815,0.81,0.82,0.195,0.19,0.2,,,,
2026-01-06 06:05:08.696000+00:00,2026-01-06 06:05:08.802371+00:00,308.696,0.805,0.8,0.81,0.195,0.19,0.2,,,,
2026-01-06 06:05:09.513000+00:00,2026-01-06 06:05:09.809664+00:00,309.513,0.805,0.8,0.81,0.195,0.19,0.2,,,,
2026-01-06 06:05:10.531000+00:00,2026-01-06 06:05:10.808694+00:00,310.531,0.805,0.8,0.81,0.195,0.19,0.2,,,,
2026-01-06 06:05:11.716000+00:00,2026-01-06 06:05:11.817837+00:00,311.716,0.805,0.8,0.81,0.195,0.19,0.2,,,,
2026-01-06 06:05:12.707000+00:00,2026-01-06 06:05:12.815900+00:00,312.707,0.775,0.77,0.78,0.225,0.22,0.23,,,,
2026-01-06 06:05:13.724000+00:00,2026-01-06 06:05:13.824790+00:00,313.724,0.765,0.76,0.77,0.235,0.23,0.24,,,,
2026-01-06 06:05:14.622000+00:00,2026-01-06 06:05:14.828359+00:00,314.622,0.77,0.76,0.78,0.2299999999999999,0.22,0.24,,,,
2026-01-06 06:05:15.675000+00:00,2026-01-06 06:05:15.835935+00:00,315.675,0.77,0.76,0.78,0.2299999999999999,0.22,0.24,,,,
2026-01-06 06:05:16.737000+00:00,2026-01-06 06:05:16.841780+00:00,316.737,0.77,0.76,0.78,0.2299999999999999,0.22,0.24,,,,
2026-01-06 06:05:17.741000+00:00,2026-01-06 06:05:17.851524+00:00,317.741,0.77,0.76,0.78,0.2299999999999999,0.22,0.24,,,,
2026-01-06 06:05:18.791000+00:00,2026-01-06 06:05:18.852438+00:00,318.791,0.765,0.76,0.77,0.235,0.23,0.24,,,,
2026-01-06 06:05:19.755000+00:00,2026-01-06 06:05:19.860647+00:00,319.755,0.755,0.75,0.76,0.245,0.24,0.25,,,,
2026-01-06 06:05:20.783000+00:00,2026-01-06 06:05:20.874588+00:00,320.783,0.735,0.73,0.74,0.265,0.26,0.27,,,,
2026-01-06 06:05:21.780000+00:00,2026-01-06 06:05:21.891826+00:00,321.78,0.735,0.73,0.74,0.265,0.26,0.27,,,,
2026-01-06 06:05:22.736000+00:00,2026-01-06 06:05:22.883530+00:00,322.736,0.73,0.72,0.74,0.27,0.26,0.28,,,,
2026-01-06 06:05:23.764000+00:00,2026-01-06 06:05:23.891996+00:00,323.764,0.735,0.73,0.74,0.265,0.26,0.27,,,,
2026-01-06 06:05:24.740000+00:00,2026-01-06 06:05:24.891318+00:00,324.74,0.735,0.73,0.74,0.265,0.26,0.27,,,,
2026-01-06 06:05:25.771000+00:00,2026-01-06 06:05:25.897827+00:00,325.771,0.745,0.74,0.75,0.26,0.25,0.27,,,,
2026-01-06 06:05:26.799000+00:00,2026-01-06 06:05:26.909980+00:00,326.799,0.74,0.73,0.75,0.255,0.25,0.26,,,,
2026-01-06 06:05:27.806000+00:00,2026-01-06 06:05:27.911576+00:00,327.806,0.755,0.75,0.76,0.235,0.23,0.24,,,,
2026-01-06 06:05:28.814000+00:00,2026-01-06 06:05:28.913639+00:00,328.814,0.785,0.78,0.79,0.215,0.21,0.22,,,,
2026-01-06 06:05:29.703000+00:00,2026-01-06 06:05:29.912410+00:00,329.703,0.78,0.77,0.79,0.21,0.2,0.22,,,,
2026-01-06 06:05:30.808000+00:00,2026-01-06 06:05:30.925178+00:00,330.808,0.785,0.78,0.79,0.215,0.21,0.22,,,,
2026-01-06 06:05:31.811000+00:00,2026-01-06 06:05:31.932038+00:00,331.811,0.79,0.78,0.8,0.205,0.2,0.21,,,,
2026-01-06 06:05:32.704000+00:00,2026-01-06 06:05:32.924365+00:00,332.704,0.79,0.78,0.8,0.21,0.2,0.22,,,,
2026-01-06 06:05:33.812000+00:00,2026-01-06 06:05:33.949214+00:00,333.812,0.79,0.78,0.8,0.21,0.2,0.22,,,,
2026-01-06 06:05:34.695000+00:00,2026-01-06 06:05:34.963314+00:00,334.695,0.79,0.78,0.8,0.21,0.2,0.22,,,,
2026-01-06 06:05:35.736000+00:00,2026-01-06 06:05:35.980751+00:00,335.736,0.79,0.78,0.8,0.2,0.19,0.21,,,,
2026-01-06 06:05:36.595000+00:00,2026-01-06 06:05:36.996515+00:00,336.595,0.8,0.79,0.81,0.2,0.19,0.21,,,,
2026-01-06 06:05:37.888000+00:00,2026-01-06 06:05:38.000534+00:00,337.888,0.81,0.8,0.82,0.19,0.18,0.2,,,,
2026-01-06 06:05:38.847000+00:00,2026-01-06 06:05:39.030060+00:00,338.847,0.815,0.81,0.82,0.185,0.18,0.19,,,,
2026-01-06 06:05:39.906000+00:00,2026-01-06 06:05:40.024538+00:00,339.906,0.845,0.84,0.85,0.155,0.15,0.16,,,,
2026-01-06 06:05:40.889000+00:00,2026-01-06 06:05:41.025687+00:00,340.889,0.83,0.82,0.84,0.1699999999999999,0.16,0.18,,,,
2026-01-06 06:05:41.916000+00:00,2026-01-06 06:05:42.036538+00:00,341.916,0.83,0.82,0.84,0.165,0.16,0.17,,,,
2026-01-06 06:05:42.768000+00:00,2026-01-06 06:05:43.038372+00:00,342.768,0.845,0.84,0.85,0.155,0.15,0.16,,,,
2026-01-06 06:05:43.939000+00:00,2026-01-06 06:05:44.048052+00:00,343.939,0.845,0.84,0.85,0.155,0.15,0.16,,,,
2026-01-06 06:05:44.907000+00:00,2026-01-06 06:05:45.059076+00:00,344.907,0.845,0.84,0.85,0.16,0.15,0.17,,,,
2026-01-06 06:05:45.942000+00:00,2026-01-06 06:05:46.069311+00:00,345.942,0.84,0.83,0.85,0.16,0.15,0.17,,,,
2026-01-06 06:05:46.855000+00:00,2026-01-06 06:05:47.084759+00:00,346.855,0.84,0.83,0.85,0.16,0.15,0.17,,,,
2026-01-06 06:05:47.954000+00:00,2026-01-06 06:05:48.092683+00:00,347.954,0.84,0.83,0.85,0.16,0.15,0.17,,,,
2026-01-06 06:05:48.706000+00:00,2026-01-06 06:05:49.090744+00:00,348.706,0.84,0.83,0.85,0.16,0.15,0.17,,,,
2026-01-06 06:05:49.960000+00:00,2026-01-06 06:05:50.090282+00:00,349.96,0.86,0.85,0.87,0.14,0.13,0.15,,,,
2026-01-06 06:05:51.987000+00:00,2026-01-06 06:05:52.107556+00:00,351.987,0.87,0.86,0.88,0.13,0.12,0.14,,,,
2026-01-06 06:05:52.995000+00:00,2026-01-06 06:05:53.124944+00:00,352.995,0.865,0.86,0.87,0.135,0.13,0.14,,,,
2026-01-06 06:05:53.983000+00:00,2026-01-06 06:05:54.123883+00:00,353.983,0.805,0.8,0.81,0.195,0.19,0.2,,,,
2026-01-06 06:05:55.969000+00:00,2026-01-06 06:05:56.124534+00:00,355.969,0.745,0.74,0.75,0.255,0.25,0.26,,,,
2026-01-06 06:05:57.984000+00:00,2026-01-06 06:05:58.131226+00:00,357.984,0.74,0.73,0.75,0.26,0.25,0.27,,,,
2026-01-06 06:05:59.024000+00:00,2026-01-06 06:05:59.141967+00:00,359.024,0.74,0.73,0.75,0.255,0.25,0.26,,,,
2026-01-06 06:06:00.054000+00:00,2026-01-06 06:06:00.155097+00:00,360.054,0.745,0.74,0.75,0.265,0.26,0.27,,,,
2026-01-06 06:06:01.089000+00:00,2026-01-06 06:06:01.173850+00:00,361.089,0.725,0.72,0.73,0.275,0.27,0.28,,,,
2026-01-06 06:06:02.087000+00:00,2026-01-06 06:06:02.185853+00:00,362.087,0.645,0.64,0.65,0.355,0.35,0.36,,,,
2026-01-06 06:06:03.089000+00:00,2026-01-06 06:06:03.190662+00:00,363.089,0.615,0.61,0.62,0.385,0.38,0.39,,,,
2026-01-06 06:06:04.047000+00:00,2026-01-06 06:06:04.199965+00:00,364.047,0.63,0.62,0.64,0.37,0.36,0.38,,,,
2026-01-06 06:06:05.083000+00:00,2026-01-06 06:06:05.205819+00:00,365.083,0.63,0.62,0.64,0.37,0.36,0.38,,,,
2026-01-06 06:06:06.103000+00:00,2026-01-06 06:06:06.213575+00:00,366.103,0.63,0.62,0.64,0.37,0.36,0.38,,,,
2026-01-06 06:06:07.015000+00:00,2026-01-06 06:06:07.228374+00:00,367.015,0.63,0.62,0.64,0.37,0.36,0.38,,,,
2026-01-06 06:06:08.145000+00:00,2026-01-06 06:06:08.247502+00:00,368.145,0.64,0.63,0.65,0.355,0.35,0.36,,,,
2026-01-06 06:06:09.141000+00:00,2026-01-06 06:06:09.256679+00:00,369.141,0.695,0.69,0.7,0.31,0.3,0.32,,,,
2026-01-06 06:06:10.154000+00:00,2026-01-06 06:06:10.257835+00:00,370.154,0.715,0.71,0.72,0.295,0.29,0.3,,,,
2026-01-06 06:06:11.162000+00:00,2026-01-06 06:06:11.264882+00:00,371.162,0.695,0.69,0.7,0.3,0.29,0.31,,,,
2026-01-06 06:06:12.145000+00:00,2026-01-06 06:06:12.272076+00:00,372.145,0.7,0.69,0.71,0.3,0.29,0.31,,,,
2026-01-06 06:06:13.174000+00:00,2026-01-06 06:06:13.286273+00:00,373.174,0.7,0.69,0.71,0.3,0.29,0.31,,,,
2026-01-06 06:06:14.178000+00:00,2026-01-06 06:06:14.290296+00:00,374.178,0.695,0.69,0.7,0.305,0.3,0.31,,,,
2026-01-06 06:06:15.187000+00:00,2026-01-06 06:06:15.288935+00:00,375.187,0.695,0.69,0.7,0.295,0.28,0.31,,,,
2026-01-06 06:06:16.217000+00:00,2026-01-06 06:06:16.307916+00:00,376.217,0.77,0.76,0.78,0.215,0.21,0.22,,,,
2026-01-06 06:06:17.021000+00:00,2026-01-06 06:06:17.315757+00:00,377.021,0.785,0.78,0.79,0.215,0.21,0.22,,,,
2026-01-06 06:06:18.217000+00:00,2026-01-06 06:06:18.324590+00:00,378.217,0.765,0.76,0.77,0.235,0.23,0.24,,,,
2026-01-06 06:06:19.147000+00:00,2026-01-06 06:06:19.322953+00:00,379.147,0.75,0.74,0.76,0.25,0.24,0.26,,,,
2026-01-06 06:06:20.219000+00:00,2026-01-06 06:06:20.340202+00:00,380.219,0.75,0.74,0.76,0.25,0.24,0.26,,,,
2026-01-06 06:06:21.232000+00:00,2026-01-06 06:06:21.340241+00:00,381.232,0.775,0.77,0.78,0.2299999999999999,0.22,0.24,,,,
2026-01-06 06:06:22.204000+00:00,2026-01-06 06:06:22.354854+00:00,382.204,0.765,0.76,0.77,0.235,0.23,0.24,,,,
2026-01-06 06:06:23.232000+00:00,2026-01-06 06:06:23.356327+00:00,383.232,0.785,0.78,0.79,0.215,0.21,0.22,,,,
2026-01-06 06:06:24.238000+00:00,2026-01-06 06:06:24.371973+00:00,384.238,0.8,0.79,0.81,0.2,0.19,0.21,,,,
2026-01-06 06:06:25.250000+00:00,2026-01-06 06:06:25.373507+00:00,385.25,0.78,0.77,0.79,0.225,0.22,0.23,,,,
2026-01-06 06:06:26.186000+00:00,2026-01-06 06:06:26.375927+00:00,386.186,0.78,0.77,0.79,0.22,0.21,0.23,,,,
2026-01-06 06:06:27.254000+00:00,2026-01-06 06:06:27.374095+00:00,387.254,0.78,0.77,0.79,0.22,0.21,0.23,,,,
2026-01-06 06:06:28.261000+00:00,2026-01-06 06:06:28.378544+00:00,388.261,0.775,0.77,0.78,0.225,0.22,0.23,,,,
2026-01-06 06:06:29.304000+00:00,2026-01-06 06:06:29.403861+00:00,389.304,0.775,0.77,0.78,0.225,0.22,0.23,,,,
2026-01-06 06:06:30.257000+00:00,2026-01-06 06:06:30.413361+00:00,390.257,0.775,0.77,0.78,0.225,0.22,0.23,,,,
2026-01-06 06:06:31.180000+00:00,2026-01-06 06:06:31.423864+00:00,391.18,0.785,0.78,0.79,0.215,0.21,0.22,,,,
2026-01-06 06:06:32.280000+00:00,2026-01-06 06:06:32.440399+00:00,392.28,0.785,0.78,0.79,0.215,0.21,0.22,,,,
2026-01-06 06:06:33.285000+00:00,2026-01-06 06:06:33.456145+00:00,393.285,0.765,0.76,0.77,0.245,0.24,0.25,,,,
2026-01-06 06:06:34.324000+00:00,2026-01-06 06:06:34.473036+00:00,394.324,0.73,0.72,0.74,0.27,0.26,0.28,,,,
2026-01-06 06:06:35.365000+00:00,2026-01-06 06:06:35.471885+00:00,395.365,0.725,0.72,0.73,0.275,0.27,0.28,,,,
2026-01-06 06:06:36.316000+00:00,2026-01-06 06:06:36.488833+00:00,396.316,0.695,0.69,0.7,0.305,0.3,0.31,,,,
2026-01-06 06:06:37.349000+00:00,2026-01-06 06:06:37.489175+00:00,397.349,0.695,0.69,0.7,0.3,0.29,0.31,,,,
2026-01-06 06:06:38.288000+00:00,2026-01-06 06:06:38.508527+00:00,398.288,0.695,0.69,0.7,0.305,0.3,0.31,,,,
2026-01-06 06:06:39.361000+00:00,2026-01-06 06:06:39.518595+00:00,399.361,0.695,0.69,0.7,0.305,0.3,0.31,,,,
2026-01-06 06:06:40.236000+00:00,2026-01-06 06:06:40.526144+00:00,400.236,0.695,0.69,0.7,0.305,0.3,0.31,,,,
2026-01-06 06:06:41.365000+00:00,2026-01-06 06:06:41.543759+00:00,401.365,0.695,0.69,0.7,0.305,0.3,0.31,,,,
2026-01-06 06:06:42.433000+00:00,2026-01-06 06:06:42.554749+00:00,402.433,0.695,0.69,0.7,0.305,0.3,0.31,,,,
2026-01-06 06:06:43.446000+00:00,2026-01-06 06:06:43.573009+00:00,403.446,0.705,0.7,0.71,0.29,0.28,0.3,,,,
2026-01-06 06:06:44.467000+00:00,2026-01-06 06:06:44.573171+00:00,404.467,0.715,0.71,0.72,0.285,0.28,0.29,,,,
2026-01-06 06:06:45.465000+00:00,2026-01-06 06:06:45.573183+00:00,405.465,0.745,0.74,0.75,0.255,0.25,0.26,,,,
2026-01-06 06:06:46.345000+00:00,2026-01-06 06:06:46.588491+00:00,406.345,0.745,0.74,0.75,0.255,0.25,0.26,,,,
2026-01-06 06:06:47.481000+00:00,2026-01-06 06:06:47.589932+00:00,407.481,0.745,0.74,0.75,0.255,0.25,0.26,,,,
2026-01-06 06:06:48.343000+00:00,2026-01-06 06:06:48.604870+00:00,408.343,0.755,0.75,0.76,0.245,0.24,0.25,,,,
2026-01-06 06:06:49.059000+00:00,2026-01-06 06:06:49.604761+00:00,409.059,0.755,0.75,0.76,0.245,0.24,0.25,,,,
2026-01-06 06:06:50.489000+00:00,2026-01-06 06:06:50.613283+00:00,410.489,0.75,0.74,0.76,0.25,0.24,0.26,,,,
2026-01-06 06:06:51.497000+00:00,2026-01-06 06:06:51.610568+00:00,411.497,0.745,0.74,0.75,0.255,0.25,0.26,,,,
2026-01-06 06:06:52.483000+00:00,2026-01-06 06:06:52.622892+00:00,412.483,0.755,0.75,0.76,0.245,0.24,0.25,,,,
2026-01-06 06:06:53.530000+00:00,2026-01-06 06:06:53.636549+00:00,413.53,0.785,0.78,0.79,0.22,0.21,0.23,,,,
2026-01-06 06:06:54.551000+00:00,2026-01-06 06:06:54.654996+00:00,414.551,0.78,0.77,0.79,0.225,0.22,0.23,,,,
2026-01-06 06:06:55.542000+00:00,2026-01-06 06:06:55.650784+00:00,415.542,0.77,0.76,0.78,0.235,0.23,0.24,,,,
2026-01-06 06:06:56.559000+00:00,2026-01-06 06:06:56.659764+00:00,416.559,0.795,0.79,0.8,0.205,0.2,0.21,,,,
2026-01-06 06:06:57.471000+00:00,2026-01-06 06:06:57.656117+00:00,417.471,0.785,0.78,0.79,0.215,0.21,0.22,,,,
2026-01-06 06:06:58.514000+00:00,2026-01-06 06:06:58.672096+00:00,418.514,0.785,0.78,0.79,0.215,0.21,0.22,,,,
2026-01-06 06:06:59.445000+00:00,2026-01-06 06:06:59.688974+00:00,419.445,0.785,0.78,0.79,0.215,0.21,0.22,,,,
2026-01-06 06:07:00.532000+00:00,2026-01-06 06:07:00.700634+00:00,420.532,0.795,0.79,0.8,0.205,0.2,0.21,,,,
2026-01-06 06:07:01.566000+00:00,2026-01-06 06:07:01.712484+00:00,421.566,0.795,0.79,0.8,0.205,0.2,0.21,,,,
2026-01-06 06:07:02.613000+00:00,2026-01-06 06:07:02.722772+00:00,422.613,0.785,0.78,0.79,0.22,0.21,0.23,,,,
2026-01-06 06:07:03.617000+00:00,2026-01-06 06:07:03.751127+00:00,423.617,0.78,0.77,0.79,0.22,0.21,0.23,,,,
2026-01-06 06:07:04.674000+00:00,2026-01-06 06:07:04.753454+00:00,424.674,0.79,0.78,0.8,0.21,0.2,0.22,,,,
2026-01-06 06:07:05.652000+00:00,2026-01-06 06:07:05.755674+00:00,425.652,0.795,0.79,0.8,0.195,0.19,0.2,,,,
2026-01-06 06:07:06.473000+00:00,2026-01-06 06:07:06.754116+00:00,426.473,0.805,0.8,0.81,0.195,0.19,0.2,,,,
2026-01-06 06:07:07.476000+00:00,2026-01-06 06:07:07.759428+00:00,427.476,0.8,0.79,0.81,0.195,0.19,0.2,,,,
2026-01-06 06:07:08.643000+00:00,2026-01-06 06:07:08.755074+00:00,428.643,0.8049999999999999,0.79,0.82,0.19,0.18,0.2,,,,
2026-01-06 06:07:09.638000+00:00,2026-01-06 06:07:09.758629+00:00,429.638,0.81,0.8,0.82,0.185,0.18,0.19,,,,
2026-01-06 06:07:10.665000+00:00,2026-01-06 06:07:10.769128+00:00,430.665,0.825,0.82,0.83,0.175,0.17,0.18,,,,
2026-01-06 06:07:11.579000+00:00,2026-01-06 06:07:11.781068+00:00,431.579,0.825,0.82,0.83,0.175,0.17,0.18,,,,
2026-01-06 06:07:12.632000+00:00,2026-01-06 06:07:12.781475+00:00,432.632,0.84,0.83,0.85,0.16,0.15,0.17,,,,
2026-01-06 06:07:13.626000+00:00,2026-01-06 06:07:13.795204+00:00,433.626,0.835,0.83,0.84,0.165,0.16,0.17,,,,
2026-01-06 06:07:14.608000+00:00,2026-01-06 06:07:14.795300+00:00,434.608,0.845,0.83,0.86,0.165,0.16,0.17,,,,
2026-01-06 06:07:15.669000+00:00,2026-01-06 06:07:15.797439+00:00,435.669,0.835,0.83,0.84,0.165,0.16,0.17,,,,
2026-01-06 06:07:16.762000+00:00,2026-01-06 06:07:16.797027+00:00,436.762,0.845,0.83,0.86,0.155,0.14,0.17,,,,
2026-01-06 06:07:17.642000+00:00,2026-01-06 06:07:17.810735+00:00,437.642,0.84,0.83,0.85,0.16,0.15,0.17,,,,
2026-01-06 06:07:18.409000+00:00,2026-01-06 06:07:18.825944+00:00,438.409,0.84,0.83,0.85,0.16,0.15,0.17,,,,
2026-01-06 06:07:19.652000+00:00,2026-01-06 06:07:19.821048+00:00,439.652,0.84,0.83,0.85,0.165,0.16,0.17,,,,
2026-01-06 06:07:20.493000+00:00,2026-01-06 06:07:20.834912+00:00,440.493,0.835,0.83,0.84,0.165,0.16,0.17,,,,
2026-01-06 06:07:21.370000+00:00,2026-01-06 06:07:21.836696+00:00,441.37,0.835,0.83,0.84,0.165,0.16,0.17,,,,
2026-01-06 06:07:22.744000+00:00,2026-01-06 06:07:22.854077+00:00,442.744,0.855,0.85,0.86,0.145,0.14,0.15,,,,
2026-01-06 06:07:23.715000+00:00,2026-01-06 06:07:23.853043+00:00,443.715,0.865,0.85,0.88,0.135,0.12,0.15,,,,
2026-01-06 06:07:24.761000+00:00,2026-01-06 06:07:24.867679+00:00,444.761,0.855,0.85,0.86,0.145,0.14,0.15,,,,
2026-01-06 06:07:25.706000+00:00,2026-01-06 06:07:25.869685+00:00,445.706,0.86,0.85,0.87,0.14,0.13,0.15,,,,
2026-01-06 06:07:26.757000+00:00,2026-01-06 06:07:26.863117+00:00,446.757,0.865,0.86,0.87,0.135,0.13,0.14,,,,
2026-01-06 06:07:27.759000+00:00,2026-01-06 06:07:27.871556+00:00,447.759,0.865,0.86,0.87,0.135,0.13,0.14,,,,
2026-01-06 06:07:28.771000+00:00,2026-01-06 06:07:28.880712+00:00,448.771,0.85,0.84,0.86,0.15,0.14,0.16,,,,
2026-01-06 06:07:29.756000+00:00,2026-01-06 06:07:29.886609+00:00,449.756,0.845,0.84,0.85,0.16,0.15,0.17,,,,
2026-01-06 06:07:30.778000+00:00,2026-01-06 06:07:30.891970+00:00,450.778,0.815,0.81,0.82,0.185,0.18,0.19,,,,
2026-01-06 06:07:31.733000+00:00,2026-01-06 06:07:31.886091+00:00,451.733,0.78,0.77,0.79,0.22,0.21,0.23,,,,
2026-01-06 06:07:32.759000+00:00,2026-01-06 06:07:32.887324+00:00,452.759,0.775,0.77,0.78,0.225,0.22,0.23,,,,
2026-01-06 06:07:33.744000+00:00,2026-01-06 06:07:33.886634+00:00,453.744,0.78,0.77,0.79,0.22,0.21,0.23,,,,
2026-01-06 06:07:34.681000+00:00,2026-01-06 06:07:34.895286+00:00,454.681,0.78,0.77,0.79,0.22,0.21,0.23,,,,
2026-01-06 06:07:35.790000+00:00,2026-01-06 06:07:35.903764+00:00,455.79,0.785,0.78,0.79,0.215,0.21,0.22,,,,
2026-01-06 06:07:36.721000+00:00,2026-01-06 06:07:36.909257+00:00,456.721,0.775,0.77,0.78,0.225,0.22,0.23,,,,
2026-01-06 06:07:37.598000+00:00,2026-01-06 06:07:37.913171+00:00,457.598,0.775,0.77,0.78,0.25,0.24,0.26,,,,
2026-01-06 06:07:38.824000+00:00,2026-01-06 06:07:38.926334+00:00,458.824,0.765,0.75,0.78,0.225,0.22,0.23,,,,
2026-01-06 06:07:39.802000+00:00,2026-01-06 06:07:39.944286+00:00,459.802,0.775,0.77,0.78,0.225,0.22,0.23,,,,
2026-01-06 06:07:40.853000+00:00,2026-01-06 06:07:40.960809+00:00,460.853,0.78,0.77,0.79,0.22,0.21,0.23,,,,
2026-01-06 06:07:41.861000+00:00,2026-01-06 06:07:41.975466+00:00,461.861,0.76,0.75,0.77,0.24,0.23,0.25,,,,
2026-01-06 06:07:42.581000+00:00,2026-01-06 06:07:42.975544+00:00,462.581,0.76,0.75,0.77,0.24,0.23,0.25,,,,
2026-01-06 06:07:43.873000+00:00,2026-01-06 06:07:43.990582+00:00,463.873,0.77,0.76,0.78,0.2299999999999999,0.22,0.24,,,,
2026-01-06 06:07:44.893000+00:00,2026-01-06 06:07:45.002593+00:00,464.893,0.775,0.77,0.78,0.225,0.22,0.23,,,,
2026-01-06 06:07:45.902000+00:00,2026-01-06 06:07:46.012176+00:00,465.902,0.785,0.78,0.79,0.205,0.2,0.21,,,,
2026-01-06 06:07:46.898000+00:00,2026-01-06 06:07:47.027993+00:00,466.898,0.81,0.8,0.82,0.19,0.18,0.2,,,,
2026-01-06 06:07:47.883000+00:00,2026-01-06 06:07:48.025348+00:00,467.883,0.81,0.8,0.82,0.19,0.18,0.2,,,,
2026-01-06 06:07:48.863000+00:00,2026-01-06 06:07:49.045580+00:00,468.863,0.81,0.8,0.82,0.19,0.18,0.2,,,,
2026-01-06 06:07:49.938000+00:00,2026-01-06 06:07:50.058421+00:00,469.938,0.815,0.8,0.83,0.19,0.18,0.2,,,,
2026-01-06 06:07:50.856000+00:00,2026-01-06 06:07:51.073711+00:00,470.856,0.81,0.8,0.82,0.19,0.18,0.2,,,,
2026-01-06 06:07:51.946000+00:00,2026-01-06 06:07:52.079848+00:00,471.946,0.815,0.81,0.82,0.185,0.18,0.19,,,,
2026-01-06 06:07:52.976000+00:00,2026-01-06 06:07:53.086628+00:00,472.976,0.845,0.84,0.85,0.155,0.15,0.16,,,,
2026-01-06 06:07:53.932000+00:00,2026-01-06 06:07:54.105033+00:00,473.932,0.845,0.84,0.85,0.155,0.15,0.16,,,,
2026-01-06 06:07:55.896000+00:00,2026-01-06 06:07:56.103661+00:00,475.896,0.825,0.82,0.83,0.165,0.16,0.17,,,,
2026-01-06 06:07:56.971000+00:00,2026-01-06 06:07:57.105051+00:00,476.971,0.83,0.82,0.84,0.1699999999999999,0.16,0.18,,,,
2026-01-06 06:07:57.988000+00:00,2026-01-06 06:07:58.104906+00:00,477.988,0.805,0.8,0.81,0.195,0.19,0.2,,,,
2026-01-06 06:07:58.995000+00:00,2026-01-06 06:07:59.118070+00:00,478.995,0.81,0.8,0.82,0.175,0.17,0.18,,,,
2026-01-06 06:07:59.789000+00:00,2026-01-06 06:08:00.126617+00:00,479.789,0.825,0.82,0.83,0.175,0.17,0.18,,,,
2026-01-06 06:08:01.025000+00:00,2026-01-06 06:08:01.145679+00:00,481.025,0.815,0.81,0.82,0.185,0.18,0.19,,,,
2026-01-06 06:08:02.901000+00:00,2026-01-06 06:08:03.157633+00:00,482.901,0.815,0.81,0.82,0.185,0.18,0.19,,,,
2026-01-06 06:08:04.049000+00:00,2026-01-06 06:08:04.156261+00:00,484.049,0.815,0.81,0.82,0.185,0.18,0.19,,,,
2026-01-06 06:08:05.895000+00:00,2026-01-06 06:08:06.179741+00:00,485.895,0.8200000000000001,0.81,0.83,0.18,0.17,0.19,,,,
2026-01-06 06:08:07.963000+00:00,2026-01-06 06:08:08.220725+00:00,487.963,0.8200000000000001,0.81,0.83,0.18,0.17,0.19,,,,
2026-01-06 06:08:09.113000+00:00,2026-01-06 06:08:09.235756+00:00,489.113,0.83,0.82,0.84,0.1699999999999999,0.16,0.18,,,,
2026-01-06 06:08:10.145000+00:00,2026-01-06 06:08:10.253373+00:00,490.145,0.835,0.83,0.84,0.16,0.15,0.17,,,,
2026-01-06 06:08:11.142000+00:00,2026-01-06 06:08:11.252868+00:00,491.142,0.83,0.82,0.84,0.1699999999999999,0.16,0.18,,,,
2026-01-06 06:08:12.142000+00:00,2026-01-06 06:08:12.269240+00:00,492.142,0.825,0.81,0.84,0.175,0.16,0.19,,,,
2026-01-06 06:08:13.166000+00:00,2026-01-06 06:08:13.282307+00:00,493.166,0.825,0.81,0.84,0.18,0.17,0.19,,,,
2026-01-06 06:08:14.152000+00:00,2026-01-06 06:08:14.295286+00:00,494.152,0.825,0.81,0.84,0.175,0.16,0.19,,,,
2026-01-06 06:08:15.205000+00:00,2026-01-06 06:08:15.319459+00:00,495.205,0.8200000000000001,0.81,0.83,0.18,0.17,0.19,,,,
2026-01-06 06:08:16.033000+00:00,2026-01-06 06:08:16.337896+00:00,496.033,0.8200000000000001,0.81,0.83,0.175,0.16,0.19,,,,
2026-01-06 06:08:17.205000+00:00,2026-01-06 06:08:17.356678+00:00,497.205,0.825,0.81,0.84,0.175,0.16,0.19,,,,
2026-01-06 06:08:18.264000+00:00,2026-01-06 06:08:18.372970+00:00,498.264,0.86,0.85,0.87,0.14,0.13,0.15,,,,
2026-01-06 06:08:19.257000+00:00,2026-01-06 06:08:19.374956+00:00,499.257,0.855,0.85,0.86,0.145,0.14,0.15,,,,
2026-01-06 06:08:20.268000+00:00,2026-01-06 06:08:20.369537+00:00,500.268,0.85,0.84,0.86,0.15,0.14,0.16,,,,
2026-01-06 06:08:21.216000+00:00,2026-01-06 06:08:21.381132+00:00,501.216,0.865,0.86,0.87,0.135,0.13,0.14,,,,
2026-01-06 06:08:22.262000+00:00,2026-01-06 06:08:22.390481+00:00,502.262,0.865,0.85,0.88,0.14,0.13,0.15,,,,
2026-01-06 06:08:23.279000+00:00,2026-01-06 06:08:23.398333+00:00,503.279,0.865,0.85,0.88,0.135,0.12,0.15,,,,
2026-01-06 06:08:24.279000+00:00,2026-01-06 06:08:24.401695+00:00,504.279,0.8,0.79,0.81,0.205,0.2,0.21,,,,
2026-01-06 06:08:25.338000+00:00,2026-01-06 06:08:25.412563+00:00,505.338,0.805,0.8,0.81,0.195,0.19,0.2,,,,
2026-01-06 06:08:26.279000+00:00,2026-01-06 06:08:26.418624+00:00,506.279,0.805,0.8,0.81,0.195,0.19,0.2,,,,
2026-01-06 06:08:27.312000+00:00,2026-01-06 06:08:27.425258+00:00,507.312,0.81,0.8,0.82,0.19,0.18,0.2,,,,
2026-01-06 06:08:28.202000+00:00,2026-01-06 06:08:28.442015+00:00,508.202,0.81,0.8,0.82,0.19,0.18,0.2,,,,
2026-01-06 06:08:29.267000+00:00,2026-01-06 06:08:29.443902+00:00,509.267,0.805,0.8,0.81,0.195,0.19,0.2,,,,
2026-01-06 06:08:30.279000+00:00,2026-01-06 06:08:30.451606+00:00,510.279,0.805,0.8,0.81,0.195,0.19,0.2,,,,
2026-01-06 06:08:31.357000+00:00,2026-01-06 06:08:31.461549+00:00,511.357,0.795,0.79,0.8,0.205,0.2,0.21,,,,
2026-01-06 06:08:32.358000+00:00,2026-01-06 06:08:32.468155+00:00,512.358,0.79,0.78,0.8,0.21,0.2,0.22,,,,
2026-01-06 06:08:33.361000+00:00,2026-01-06 06:08:33.485400+00:00,513.361,0.79,0.78,0.8,0.21,0.2,0.22,,,,
2026-01-06 06:08:34.373000+00:00,2026-01-06 06:08:34.494002+00:00,514.373,0.79,0.78,0.8,0.21,0.2,0.22,,,,
2026-01-06 06:08:35.354000+00:00,2026-01-06 06:08:35.492552+00:00,515.354,0.79,0.78,0.8,0.21,0.2,0.22,,,,
2026-01-06 06:08:36.382000+00:00,2026-01-06 06:08:36.495478+00:00,516.382,0.795,0.79,0.8,0.205,0.2,0.21,,,,
2026-01-06 06:08:37.318000+00:00,2026-01-06 06:08:37.500738+00:00,517.318,0.795,0.79,0.8,0.205,0.2,0.21,,,,
2026-01-06 06:08:38.106000+00:00,2026-01-06 06:08:38.518447+00:00,518.106,0.795,0.79,0.8,0.205,0.2,0.21,,,,
2026-01-06 06:08:39.314000+00:00,2026-01-06 06:08:39.528870+00:00,519.314,0.795,0.79,0.8,0.205,0.2,0.21,,,,
2026-01-06 06:08:40.381000+00:00,2026-01-06 06:08:40.525780+00:00,520.381,0.785,0.78,0.79,0.215,0.21,0.22,,,,
2026-01-06 06:08:41.380000+00:00,2026-01-06 06:08:41.526104+00:00,521.38,0.785,0.78,0.79,0.215,0.21,0.22,,,,
2026-01-06 06:08:42.389000+00:00,2026-01-06 06:08:42.518491+00:00,522.389,0.785,0.78,0.79,0.215,0.21,0.22,,,,
2026-01-06 06:08:43.405000+00:00,2026-01-06 06:08:43.518612+00:00,523.405,0.785,0.78,0.79,0.215,0.21,0.22,,,,
2026-01-06 06:08:44.402000+00:00,2026-01-06 06:08:44.518442+00:00,524.402,0.785,0.78,0.79,0.215,0.21,0.22,,,,
2026-01-06 06:08:45.424000+00:00,2026-01-06 06:08:45.528136+00:00,525.424,0.785,0.78,0.79,0.215,0.21,0.22,,,,
2026-01-06 06:08:46.170000+00:00,2026-01-06 06:08:46.530648+00:00,526.17,0.785,0.78,0.79,0.215,0.21,0.22,,,,
2026-01-06 06:08:47.436000+00:00,2026-01-06 06:08:47.550846+00:00,527.436,0.785,0.78,0.79,0.215,0.21,0.22,,,,
2026-01-06 06:08:48.364000+00:00,2026-01-06 06:08:48.550682+00:00,528.364,0.785,0.78,0.79,0.215,0.21,0.22,,,,
2026-01-06 06:08:49.157000+00:00,2026-01-06 06:08:49.558108+00:00,529.157,0.785,0.78,0.79,0.215,0.21,0.22,,,,
2026-01-06 06:08:50.436000+00:00,2026-01-06 06:08:50.569352+00:00,530.436,0.785,0.78,0.79,0.215,0.21,0.22,,,,
2026-01-06 06:08:51.349000+00:00,2026-01-06 06:08:51.567257+00:00,531.349,0.795,0.79,0.8,0.205,0.2,0.21,,,,
2026-01-06 06:08:52.423000+00:00,2026-01-06 06:08:52.586294+00:00,532.423,0.795,0.79,0.8,0.205,0.2,0.21,,,,
2026-01-06 06:08:53.181000+00:00,2026-01-06 06:08:53.576889+00:00,533.181,0.795,0.79,0.8,0.205,0.2,0.21,,,,
2026-01-06 06:08:54.453000+00:00,2026-01-06 06:08:54.584331+00:00,534.453,0.795,0.79,0.8,0.205,0.2,0.21,,,,
2026-01-06 06:08:55.090000+00:00,2026-01-06 06:08:55.602915+00:00,535.09,0.795,0.79,0.8,0.205,0.2,0.21,,,,
2026-01-06 06:08:56.424000+00:00,2026-01-06 06:08:56.607408+00:00,536.424,0.795,0.79,0.8,0.205,0.2,0.21,,,,
2026-01-06 06:08:57.460000+00:00,2026-01-06 06:08:57.617975+00:00,537.46,0.795,0.79,0.8,0.205,0.2,0.21,,,,
2026-01-06 06:08:58.399000+00:00,2026-01-06 06:08:58.636162+00:00,538.399,0.795,0.79,0.8,0.205,0.2,0.21,,,,
2026-01-06 06:08:59.155000+00:00,2026-01-06 06:08:59.649177+00:00,539.155,0.795,0.79,0.8,0.205,0.2,0.21,,,,
2026-01-06 06:09:00.540000+00:00,2026-01-06 06:09:00.666403+00:00,540.54,0.795,0.79,0.8,0.205,0.2,0.21,,,,
2026-01-06 06:09:01.536000+00:00,2026-01-06 06:09:01.662769+00:00,541.536,0.795,0.79,0.8,0.205,0.2,0.21,,,,
2026-01-06 06:09:02.468000+00:00,2026-01-06 06:09:02.665875+00:00,542.468,0.805,0.8,0.81,0.195,0.19,0.2,,,,
2026-01-06 06:09:03.567000+00:00,2026-01-06 06:09:03.684011+00:00,543.567,0.805,0.8,0.81,0.19,0.18,0.2,,,,
2026-01-06 06:09:04.456000+00:00,2026-01-06 06:09:04.683952+00:00,544.456,0.815,0.81,0.82,0.185,0.18,0.19,,,,
2026-01-06 06:09:05.335000+00:00,2026-01-06 06:09:05.690934+00:00,545.335,0.815,0.81,0.82,0.185,0.18,0.19,,,,
2026-01-06 06:09:06.581000+00:00,2026-01-06 06:09:06.693237+00:00,546.581,0.815,0.81,0.82,0.1699999999999999,0.16,0.18,,,,
2026-01-06 06:09:07.541000+00:00,2026-01-06 06:09:07.700298+00:00,547.541,0.835,0.83,0.84,0.165,0.16,0.17,,,,
2026-01-06 06:09:08.573000+00:00,2026-01-06 06:09:08.705099+00:00,548.573,0.835,0.83,0.84,0.16,0.15,0.17,,,,
2026-01-06 06:09:09.594000+00:00,2026-01-06 06:09:09.719511+00:00,549.594,0.835,0.83,0.84,0.165,0.16,0.17,,,,
2026-01-06 06:09:10.628000+00:00,2026-01-06 06:09:10.734091+00:00,550.628,0.835,0.83,0.84,0.165,0.16,0.17,,,,
2026-01-06 06:09:11.623000+00:00,2026-01-06 06:09:11.750867+00:00,551.623,0.835,0.83,0.84,0.165,0.16,0.17,,,,
2026-01-06 06:09:12.649000+00:00,2026-01-06 06:09:12.757081+00:00,552.649,0.845,0.84,0.85,0.155,0.15,0.16,,,,
2026-01-06 06:09:13.593000+00:00,2026-01-06 06:09:13.750626+00:00,553.593,0.84,0.83,0.85,0.16,0.15,0.17,,,,
2026-01-06 06:09:14.631000+00:00,2026-01-06 06:09:14.750461+00:00,554.631,0.855,0.85,0.86,0.145,0.14,0.15,,,,
2026-01-06 06:09:15.592000+00:00,2026-01-06 06:09:15.749681+00:00,555.592,0.85,0.84,0.86,0.15,0.14,0.16,,,,
2026-01-06 06:09:16.240000+00:00,2026-01-06 06:09:16.761699+00:00,556.24,0.85,0.84,0.86,0.15,0.14,0.16,,,,
2026-01-06 06:09:17.660000+00:00,2026-01-06 06:09:17.770805+00:00,557.66,0.855,0.85,0.86,0.145,0.14,0.15,,,,
2026-01-06 06:09:18.633000+00:00,2026-01-06 06:09:18.766600+00:00,558.633,0.81,0.8,0.82,0.19,0.18,0.2,,,,
2026-01-06 06:09:19.654000+00:00,2026-01-06 06:09:19.766477+00:00,559.654,0.81,0.8,0.82,0.19,0.18,0.2,,,,
2026-01-06 06:09:20.611000+00:00,2026-01-06 06:09:20.780604+00:00,560.611,0.81,0.8,0.82,0.19,0.18,0.2,,,,
2026-01-06 06:09:21.630000+00:00,2026-01-06 06:09:21.789055+00:00,561.63,0.81,0.8,0.82,0.19,0.18,0.2,,,,
2026-01-06 06:09:22.595000+00:00,2026-01-06 06:09:22.791851+00:00,562.595,0.81,0.8,0.82,0.19,0.18,0.2,,,,
2026-01-06 06:09:23.660000+00:00,2026-01-06 06:09:23.807435+00:00,563.66,0.815,0.81,0.82,0.185,0.18,0.19,,,,
2026-01-06 06:09:24.349000+00:00,2026-01-06 06:09:24.806030+00:00,564.349,0.815,0.81,0.82,0.185,0.18,0.19,,,,
2026-01-06 06:09:25.708000+00:00,2026-01-06 06:09:25.820584+00:00,565.708,0.815,0.81,0.82,0.185,0.18,0.19,,,,
2026-01-06 06:09:26.707000+00:00,2026-01-06 06:09:26.824592+00:00,566.707,0.81,0.8,0.82,0.19,0.18,0.2,,,,
2026-01-06 06:09:27.623000+00:00,2026-01-06 06:09:27.829327+00:00,567.623,0.81,0.8,0.82,0.19,0.18,0.2,,,,
2026-01-06 06:09:28.456000+00:00,2026-01-06 06:09:28.827699+00:00,568.456,0.805,0.8,0.81,0.195,0.19,0.2,,,,
2026-01-06 06:09:29.647000+00:00,2026-01-06 06:09:29.842662+00:00,569.647,0.805,0.8,0.81,0.19,0.18,0.2,,,,
2026-01-06 06:09:30.702000+00:00,2026-01-06 06:09:30.845979+00:00,570.702,0.795,0.79,0.8,0.2,0.19,0.21,,,,
2026-01-06 06:09:31.707000+00:00,2026-01-06 06:09:31.840329+00:00,571.707,0.795,0.79,0.8,0.205,0.2,0.21,,,,
2026-01-06 06:09:32.589000+00:00,2026-01-06 06:09:32.843452+00:00,572.589,0.8,0.79,0.81,0.2,0.19,0.21,,,,
2026-01-06 06:09:33.428000+00:00,2026-01-06 06:09:33.848013+00:00,573.428,0.8,0.79,0.81,0.2,0.19,0.21,,,,
2026-01-06 06:09:34.625000+00:00,2026-01-06 06:09:34.864521+00:00,574.625,0.8,0.79,0.81,0.2,0.19,0.21,,,,
2026-01-06 06:09:35.567000+00:00,2026-01-06 06:09:35.869950+00:00,575.567,0.8,0.79,0.81,0.2,0.19,0.21,,,,
2026-01-06 06:09:36.776000+00:00,2026-01-06 06:09:36.880709+00:00,576.776,0.805,0.8,0.81,0.195,0.19,0.2,,,,
2026-01-06 06:09:37.784000+00:00,2026-01-06 06:09:37.888334+00:00,577.784,0.805,0.8,0.81,0.195,0.19,0.2,,,,
2026-01-06 06:09:38.779000+00:00,2026-01-06 06:09:38.888521+00:00,578.779,0.805,0.8,0.81,0.195,0.19,0.2,,,,
2026-01-06 06:09:39.753000+00:00,2026-01-06 06:09:39.882467+00:00,579.753,0.655,0.65,0.66,0.345,0.34,0.35,,,,
2026-01-06 06:09:40.717000+00:00,2026-01-06 06:09:40.881988+00:00,580.717,0.655,0.65,0.66,0.345,0.34,0.35,,,,
2026-01-06 06:09:41.732000+00:00,2026-01-06 06:09:41.880994+00:00,581.732,0.665,0.66,0.67,0.335,0.33,0.34,,,,
2026-01-06 06:09:42.666000+00:00,2026-01-06 06:09:42.881471+00:00,582.666,0.665,0.66,0.67,0.335,0.33,0.34,,,,
2026-01-06 06:09:43.704000+00:00,2026-01-06 06:09:43.871921+00:00,583.704,0.665,0.66,0.67,0.3399999999999999,0.33,0.35,,,,
2026-01-06 06:09:44.772000+00:00,2026-01-06 06:09:44.880868+00:00,584.772,0.725,0.72,0.73,0.265,0.26,0.27,,,,
2026-01-06 06:09:45.760000+00:00,2026-01-06 06:09:45.881338+00:00,585.76,0.75,0.74,0.76,0.255,0.25,0.26,,,,
2026-01-06 06:09:46.760000+00:00,2026-01-06 06:09:46.886519+00:00,586.76,0.74,0.73,0.75,0.265,0.26,0.27,,,,
2026-01-06 06:09:47.640000+00:00,2026-01-06 06:09:47.889055+00:00,587.64,0.735,0.73,0.74,0.265,0.26,0.27,,,,
2026-01-06 06:09:48.775000+00:00,2026-01-06 06:09:48.889734+00:00,588.775,0.735,0.73,0.74,0.265,0.26,0.27,,,,
2026-01-06 06:09:49.796000+00:00,2026-01-06 06:09:49.905543+00:00,589.796,0.735,0.73,0.74,0.265,0.26,0.27,,,,
2026-01-06 06:09:50.771000+00:00,2026-01-06 06:09:50.914654+00:00,590.771,0.725,0.72,0.73,0.275,0.27,0.28,,,,
2026-01-06 06:09:51.586000+00:00,2026-01-06 06:09:51.914226+00:00,591.586,0.725,0.72,0.73,0.275,0.27,0.28,,,,
2026-01-06 06:09:52.817000+00:00,2026-01-06 06:09:52.923536+00:00,592.817,0.725,0.72,0.73,0.275,0.27,0.28,,,,
2026-01-06 06:09:53.816000+00:00,2026-01-06 06:09:53.931462+00:00,593.816,0.725,0.72,0.73,0.275,0.27,0.28,,,,
2026-01-06 06:09:54.818000+00:00,2026-01-06 06:09:54.935134+00:00,594.818,0.635,0.63,0.64,0.365,0.36,0.37,,,,
2026-01-06 06:09:55.842000+00:00,2026-01-06 06:09:55.952230+00:00,595.842,0.655,0.65,0.66,0.345,0.34,0.35,,,,
2026-01-06 06:09:56.788000+00:00,2026-01-06 06:09:56.952075+00:00,596.788,0.665,0.66,0.67,0.335,0.33,0.34,,,,
2026-01-06 06:09:57.821000+00:00,2026-01-06 06:09:57.953263+00:00,597.821,0.665,0.66,0.67,0.335,0.33,0.34,,,,
2026-01-06 06:09:58.837000+00:00,2026-01-06 06:09:58.961194+00:00,598.837,0.665,0.66,0.67,0.335,0.33,0.34,,,,
2026-01-06 06:09:59.845000+00:00,2026-01-06 06:09:59.958619+00:00,599.845,0.685,0.68,0.69,0.315,0.31,0.32,,,,
2026-01-06 06:10:00.836000+00:00,2026-01-06 06:10:00.949985+00:00,600.836,0.6799999999999999,0.67,0.69,0.335,0.33,0.34,,,,
2026-01-06 06:10:01.848000+00:00,2026-01-06 06:10:01.964408+00:00,601.848,0.67,0.66,0.68,0.33,0.32,0.34,,,,
2026-01-06 06:10:02.794000+00:00,2026-01-06 06:10:02.964550+00:00,602.794,0.67,0.66,0.68,0.33,0.32,0.34,,,,
2026-01-06 06:10:03.811000+00:00,2026-01-06 06:10:03.964166+00:00,603.811,0.665,0.66,0.67,0.335,0.33,0.34,,,,
2026-01-06 06:10:04.873000+00:00,2026-01-06 06:10:04.984596+00:00,604.873,0.71,0.69,0.73,0.27,0.26,0.28,,,,
2026-01-06 06:10:05.813000+00:00,2026-01-06 06:10:06.005028+00:00,605.813,0.6799999999999999,0.67,0.69,0.32,0.31,0.33,,,,
2026-01-06 06:10:06.900000+00:00,2026-01-06 06:10:07.014734+00:00,606.9,0.69,0.68,0.7,0.305,0.3,0.31,,,,
2026-01-06 06:10:07.957000+00:00,2026-01-06 06:10:08.029501+00:00,607.957,0.705,0.7,0.71,0.295,0.29,0.3,,,,
2026-01-06 06:10:08.919000+00:00,2026-01-06 06:10:09.029203+00:00,608.919,0.705,0.7,0.71,0.295,0.29,0.3,,,,
2026-01-06 06:10:09.928000+00:00,2026-01-06 06:10:10.047289+00:00,609.928,0.715,0.71,0.72,0.265,0.25,0.28,,,,
2026-01-06 06:10:10.912000+00:00,2026-01-06 06:10:11.046268+00:00,610.912,0.74,0.73,0.75,0.26,0.25,0.27,,,,
2026-01-06 06:10:11.947000+00:00,2026-01-06 06:10:12.065344+00:00,611.947,0.74,0.73,0.75,0.26,0.25,0.27,,,,
2026-01-06 06:10:12.920000+00:00,2026-01-06 06:10:13.079560+00:00,612.92,0.74,0.73,0.75,0.255,0.25,0.26,,,,
2026-01-06 06:10:13.945000+00:00,2026-01-06 06:10:14.090578+00:00,613.945,0.745,0.74,0.75,0.255,0.25,0.26,,,,
2026-01-06 06:10:14.893000+00:00,2026-01-06 06:10:15.109380+00:00,614.893,0.74,0.73,0.75,0.26,0.25,0.27,,,,
2026-01-06 06:10:15.980000+00:00,2026-01-06 06:10:16.107157+00:00,615.98,0.745,0.74,0.75,0.255,0.25,0.26,,,,
2026-01-06 06:10:17.007000+00:00,2026-01-06 06:10:17.115494+00:00,617.007,0.765,0.76,0.77,0.235,0.23,0.24,,,,
2026-01-06 06:10:18.019000+00:00,2026-01-06 06:10:18.127924+00:00,618.019,0.805,0.8,0.81,0.195,0.19,0.2,,,,
2026-01-06 06:10:19.025000+00:00,2026-01-06 06:10:19.131958+00:00,619.025,0.825,0.82,0.83,0.1699999999999999,0.16,0.18,,,,
2026-01-06 06:10:20.038000+00:00,2026-01-06 06:10:20.146335+00:00,620.038,0.835,0.83,0.84,0.165,0.16,0.17,,,,
2026-01-06 06:10:21.025000+00:00,2026-01-06 06:10:21.161794+00:00,621.025,0.87,0.86,0.88,0.13,0.12,0.14,,,,
2026-01-06 06:10:22.048000+00:00,2026-01-06 06:10:22.177948+00:00,622.048,0.875,0.87,0.88,0.125,0.12,0.13,,,,
2026-01-06 06:10:23.081000+00:00,2026-01-06 06:10:23.193907+00:00,623.081,0.875,0.87,0.88,0.125,0.12,0.13,,,,
2026-01-06 06:10:24.008000+00:00,2026-01-06 06:10:24.212722+00:00,624.008,0.875,0.87,0.88,0.125,0.12,0.13,,,,
2026-01-06 06:10:25.106000+00:00,2026-01-06 06:10:25.226283+00:00,625.106,0.865,0.86,0.87,0.135,0.13,0.14,,,,
2026-01-06 06:10:26.042000+00:00,2026-01-06 06:10:26.230793+00:00,626.042,0.865,0.86,0.87,0.135,0.13,0.14,,,,
2026-01-06 06:10:27.123000+00:00,2026-01-06 06:10:27.228234+00:00,627.123,0.825,0.81,0.84,0.1699999999999999,0.16,0.18,,,,
2026-01-06 06:10:28.160000+00:00,2026-01-06 06:10:28.267155+00:00,628.16,0.825,0.82,0.83,0.175,0.17,0.18,,,,
2026-01-06 06:10:29.151000+00:00,2026-01-06 06:10:29.259249+00:00,629.151,0.825,0.82,0.83,0.185,0.18,0.19,,,,
2026-01-06 06:10:30.070000+00:00,2026-01-06 06:10:30.263683+00:00,630.07,0.81,0.8,0.82,0.19,0.18,0.2,,,,
2026-01-06 06:10:31.170000+00:00,2026-01-06 06:10:31.280952+00:00,631.17,0.805,0.8,0.81,0.195,0.19,0.2,,,,
2026-01-06 06:10:32.155000+00:00,2026-01-06 06:10:32.284456+00:00,632.155,0.775,0.77,0.78,0.245,0.24,0.25,,,,
2026-01-06 06:10:33.186000+00:00,2026-01-06 06:10:33.293928+00:00,633.186,0.755,0.75,0.76,0.245,0.24,0.25,,,,
2026-01-06 06:10:34.183000+00:00,2026-01-06 06:10:34.299624+00:00,634.183,0.755,0.75,0.76,0.245,0.24,0.25,,,,
2026-01-06 06:10:35.056000+00:00,2026-01-06 06:10:35.293020+00:00,635.056,0.76,0.75,0.77,0.24,0.23,0.25,,,,
2026-01-06 06:10:36.083000+00:00,2026-01-06 06:10:36.295067+00:00,636.083,0.755,0.75,0.76,0.245,0.24,0.25,,,,
2026-01-06 06:10:37.190000+00:00,2026-01-06 06:10:37.302311+00:00,637.19,0.755,0.75,0.76,0.245,0.24,0.25,,,,
2026-01-06 06:10:38.176000+00:00,2026-01-06 06:10:38.312953+00:00,638.176,0.755,0.75,0.76,0.245,0.24,0.25,,,,
2026-01-06 06:10:39.183000+00:00,2026-01-06 06:10:39.321707+00:00,639.183,0.76,0.75,0.77,0.245,0.24,0.25,,,,
2026-01-06 06:10:40.216000+00:00,2026-01-06 06:10:40.330673+00:00,640.216,0.765,0.76,0.77,0.235,0.23,0.24,,,,
2026-01-06 06:10:41.218000+00:00,2026-01-06 06:10:41.326110+00:00,641.218,0.765,0.76,0.77,0.235,0.23,0.24,,,,
2026-01-06 06:10:42.150000+00:00,2026-01-06 06:10:42.319122+00:00,642.15,0.79,0.78,0.8,0.21,0.2,0.22,,,,
2026-01-06 06:10:43.222000+00:00,2026-01-06 06:10:43.329238+00:00,643.222,0.815,0.81,0.82,0.185,0.18,0.19,,,,
2026-01-06 06:10:44.172000+00:00,2026-01-06 06:10:44.328931+00:00,644.172,0.87,0.86,0.88,0.13,0.12,0.14,,,,
2026-01-06 06:10:45.009000+00:00,2026-01-06 06:10:45.328163+00:00,645.009,0.87,0.86,0.88,0.13,0.12,0.14,,,,
2026-01-06 06:10:46.230000+00:00,2026-01-06 06:10:46.346068+00:00,646.23,0.875,0.87,0.88,0.125,0.12,0.13,,,,
2026-01-06 06:10:47.244000+00:00,2026-01-06 06:10:47.361013+00:00,647.244,0.875,0.87,0.88,0.125,0.12,0.13,,,,
2026-01-06 06:10:48.189000+00:00,2026-01-06 06:10:48.359436+00:00,648.189,0.875,0.87,0.88,0.125,0.12,0.13,,,,
2026-01-06 06:10:49.176000+00:00,2026-01-06 06:10:49.375195+00:00,649.176,0.875,0.87,0.88,0.125,0.12,0.13,,,,
2026-01-06 06:10:50.256000+00:00,2026-01-06 06:10:50.380389+00:00,650.256,0.885,0.88,0.89,0.1149999999999999,0.11,0.12,,,,
2026-01-06 06:10:51.265000+00:00,2026-01-06 06:10:51.384705+00:00,651.265,0.88,0.87,0.89,0.12,0.11,0.13,,,,
2026-01-06 06:10:52.220000+00:00,2026-01-06 06:10:52.395409+00:00,652.22,0.88,0.87,0.89,0.12,0.11,0.13,,,,
2026-01-06 06:10:53.259000+00:00,2026-01-06 06:10:53.395552+00:00,653.259,0.88,0.87,0.89,0.12,0.11,0.13,,,,
2026-01-06 06:10:54.263000+00:00,2026-01-06 06:10:54.396575+00:00,654.263,0.875,0.87,0.88,0.125,0.12,0.13,,,,
2026-01-06 06:10:55.125000+00:00,2026-01-06 06:10:55.394768+00:00,655.125,0.895,0.89,0.9,0.105,0.1,0.11,,,,
2026-01-06 06:10:56.264000+00:00,2026-01-06 06:10:56.411711+00:00,656.264,0.895,0.89,0.9,0.105,0.1,0.11,,,,
2026-01-06 06:10:57.316000+00:00,2026-01-06 06:10:57.426182+00:00,657.316,0.895,0.89,0.9,0.105,0.1,0.11,,,,
2026-01-06 06:10:58.319000+00:00,2026-01-06 06:10:58.435757+00:00,658.319,0.905,0.9,0.91,0.095,0.09,0.1,,,,
2026-01-06 06:10:59.305000+00:00,2026-01-06 06:10:59.429004+00:00,659.305,0.895,0.89,0.9,0.1,0.09,0.11,,,,
2026-01-06 06:11:00.282000+00:00,2026-01-06 06:11:00.443415+00:00,660.282,0.905,0.9,0.91,0.095,0.09,0.1,,,,
2026-01-06 06:11:01.246000+00:00,2026-01-06 06:11:01.446042+00:00,661.246,0.905,0.9,0.91,0.095,0.09,0.1,,,,
2026-01-06 06:11:02.326000+00:00,2026-01-06 06:11:02.462160+00:00,662.326,0.915,0.91,0.92,0.0849999999999999,0.08,0.09,,,,
2026-01-06 06:11:03.350000+00:00,2026-01-06 06:11:03.462871+00:00,663.35,0.915,0.91,0.92,0.0849999999999999,0.08,0.09,,,,
2026-01-06 06:11:04.424000+00:00,2026-01-06 06:11:04.469513+00:00,664.424,0.915,0.91,0.92,0.0849999999999999,0.08,0.09,,,,
2026-01-06 06:11:05.342000+00:00,2026-01-06 06:11:05.479613+00:00,665.342,0.925,0.92,0.93,0.075,0.07,0.08,,,,
2026-01-06 06:11:06.367000+00:00,2026-01-06 06:11:06.484761+00:00,666.367,0.925,0.92,0.93,0.075,0.07,0.08,,,,
2026-01-06 06:11:07.380000+00:00,2026-01-06 06:11:07.495156+00:00,667.38,0.935,0.93,0.94,0.065,0.06,0.07,,,,
2026-01-06 06:11:08.393000+00:00,2026-01-06 06:11:08.505929+00:00,668.393,0.935,0.93,0.94,0.065,0.06,0.07,,,,
2026-01-06 06:11:09.399000+00:00,2026-01-06 06:11:09.521646+00:00,669.399,0.945,0.94,0.95,0.055,0.05,0.06,,,,
2026-01-06 06:11:10.421000+00:00,2026-01-06 06:11:10.527902+00:00,670.421,0.945,0.94,0.95,0.055,0.05,0.06,,,,
2026-01-06 06:11:11.418000+00:00,2026-01-06 06:11:11.542202+00:00,671.418,0.945,0.94,0.95,0.055,0.05,0.06,,,,
2026-01-06 06:11:12.359000+00:00,2026-01-06 06:11:12.556294+00:00,672.359,0.945,0.94,0.95,0.055,0.05,0.06,,,,
2026-01-06 06:11:13.822000+00:00,2026-01-06 06:11:14.562143+00:00,673.822,0.945,0.94,0.95,0.055,0.05,0.06,,,,
2026-01-06 06:11:15.386000+00:00,2026-01-06 06:11:15.560619+00:00,675.386,0.945,0.94,0.95,0.055,0.05,0.06,,,,
2026-01-06 06:11:16.453000+00:00,2026-01-06 06:11:16.570230+00:00,676.453,0.965,0.96,0.97,0.035,0.03,0.04,,,,
2026-01-06 06:11:17.287000+00:00,2026-01-06 06:11:17.579713+00:00,677.287,0.965,0.96,0.97,0.035,0.03,0.04,,,,
2026-01-06 06:11:18.456000+00:00,2026-01-06 06:11:18.595995+00:00,678.456,0.965,0.96,0.97,0.035,0.03,0.04,,,,
2026-01-06 06:11:19.489000+00:00,2026-01-06 06:11:19.596455+00:00,679.489,0.965,0.96,0.97,0.035,0.03,0.04,,,,
2026-01-06 06:11:20.435000+00:00,2026-01-06 06:11:20.594504+00:00,680.435,0.965,0.96,0.97,0.035,0.03,0.04,,,,
2026-01-06 06:11:21.487000+00:00,2026-01-06 06:11:21.595461+00:00,681.487,0.965,0.96,0.97,0.035,0.03,0.04,,,,
2026-01-06 06:11:22.443000+00:00,2026-01-06 06:11:22.598258+00:00,682.443,0.965,0.96,0.97,0.035,0.03,0.04,,,,
2026-01-06 06:11:23.153000+00:00,2026-01-06 06:11:23.604255+00:00,683.153,0.965,0.96,0.97,0.035,0.03,0.04,,,,
2026-01-06 06:11:24.253000+00:00,2026-01-06 06:11:24.617286+00:00,684.253,0.965,0.96,0.97,0.035,0.03,0.04,,,,
2026-01-06 06:11:25.500000+00:00,2026-01-06 06:11:25.612545+00:00,685.5,0.965,0.96,0.97,0.035,0.03,0.04,,,,
2026-01-06 06:11:26.465000+00:00,2026-01-06 06:11:26.611749+00:00,686.465,0.965,0.96,0.97,0.035,0.03,0.04,,,,
2026-01-06 06:11:27.513000+00:00,2026-01-06 06:11:27.625567+00:00,687.513,0.975,0.97,0.98,0.025,0.02,0.03,,,,
2026-01-06 06:11:28.521000+00:00,2026-01-06 06:11:28.631920+00:00,688.521,0.975,0.97,0.98,0.025,0.02,0.03,,,,
2026-01-06 06:11:29.482000+00:00,2026-01-06 06:11:29.638167+00:00,689.482,0.975,0.97,0.98,0.025,0.02,0.03,,,,
2026-01-06 06:11:30.450000+00:00,2026-01-06 06:11:30.661200+00:00,690.45,0.975,0.97,0.98,0.025,0.02,0.03,,,,
2026-01-06 06:11:31.560000+00:00,2026-01-06 06:11:31.675542+00:00,691.56,0.975,0.97,0.98,0.025,0.02,0.03,,,,
2026-01-06 06:11:32.559000+00:00,2026-01-06 06:11:32.692572+00:00,692.559,0.975,0.97,0.98,0.025,0.02,0.03,,,,
2026-01-06 06:11:33.496000+00:00,2026-01-06 06:11:33.692169+00:00,693.496,0.975,0.97,0.98,0.025,0.02,0.03,,,,
2026-01-06 06:11:34.533000+00:00,2026-01-06 06:11:34.692463+00:00,694.533,0.975,0.97,0.98,0.025,0.02,0.03,,,,
2026-01-06 06:11:35.477000+00:00,2026-01-06 06:11:35.693197+00:00,695.477,0.975,0.97,0.98,0.025,0.02,0.03,,,,
2026-01-06 06:11:36.596000+00:00,2026-01-06 06:11:36.709202+00:00,696.596,0.975,0.97,0.98,0.025,0.02,0.03,,,,
2026-01-06 06:11:37.541000+00:00,2026-01-06 06:11:37.720427+00:00,697.541,0.975,0.97,0.98,0.025,0.02,0.03,,,,
2026-01-06 06:11:38.596000+00:00,2026-01-06 06:11:38.725132+00:00,698.596,0.975,0.97,0.98,0.025,0.02,0.03,,,,
2026-01-06 06:11:39.602000+00:00,2026-01-06 06:11:39.737067+00:00,699.602,0.975,0.97,0.98,0.025,0.02,0.03,,,,
2026-01-06 06:11:40.617000+00:00,2026-01-06 06:11:40.744479+00:00,700.617,0.975,0.97,0.98,0.025,0.02,0.03,,,,
2026-01-06 06:11:41.642000+00:00,2026-01-06 06:11:41.759120+00:00,701.642,0.975,0.97,0.98,0.025,0.02,0.03,,,,
2026-01-06 06:11:42.222000+00:00,2026-01-06 06:11:42.762274+00:00,702.222,0.975,0.97,0.98,0.025,0.02,0.03,,,,
2026-01-06 06:11:43.563000+00:00,2026-01-06 06:11:43.777010+00:00,703.563,0.975,0.97,0.98,0.025,0.02,0.03,,,,
2026-01-06 06:11:44.582000+00:00,2026-01-06 06:11:44.783027+00:00,704.582,0.975,0.97,0.98,0.025,0.02,0.03,,,,
2026-01-06 06:11:45.482000+00:00,2026-01-06 06:11:45.793529+00:00,705.482,0.975,0.97,0.98,0.025,0.02,0.03,,,,
2026-01-06 06:11:46.618000+00:00,2026-01-06 06:11:46.803213+00:00,706.618,0.975,0.97,0.98,0.025,0.02,0.03,,,,
2026-01-06 06:11:47.309000+00:00,2026-01-06 06:11:47.810247+00:00,707.309,0.975,0.97,0.98,0.025,0.02,0.03,,,,
2026-01-06 06:11:48.585000+00:00,2026-01-06 06:11:48.818992+00:00,708.585,0.975,0.97,0.98,0.025,0.02,0.03,,,,
2026-01-06 06:11:49.542000+00:00,2026-01-06 06:11:49.833486+00:00,709.542,0.975,0.97,0.98,0.025,0.02,0.03,,,,
2026-01-06 06:11:50.629000+00:00,2026-01-06 06:11:50.842619+00:00,710.629,0.975,0.97,0.98,0.025,0.02,0.03,,,,
2026-01-06 06:11:51.699000+00:00,2026-01-06 06:11:51.836165+00:00,711.699,0.975,0.97,0.98,0.025,0.02,0.03,,,,
2026-01-06 06:11:52.702000+00:00,2026-01-06 06:11:52.835602+00:00,712.702,0.975,0.97,0.98,0.025,0.02,0.03,,,,
2026-01-06 06:11:53.724000+00:00,2026-01-06 06:11:53.834548+00:00,713.724,0.985,0.98,0.99,0.015,0.01,0.02,,,,
2026-01-06 06:11:54.725000+00:00,2026-01-06 06:11:54.843234+00:00,714.725,0.975,0.97,0.98,0.025,0.02,0.03,,,,
2026-01-06 06:11:55.705000+00:00,2026-01-06 06:11:55.843103+00:00,715.705,0.975,0.97,0.98,0.025,0.02,0.03,,,,
2026-01-06 06:11:56.724000+00:00,2026-01-06 06:11:56.842399+00:00,716.724,0.975,0.97,0.98,0.025,0.02,0.03,,,,
2026-01-06 06:11:57.689000+00:00,2026-01-06 06:11:57.843069+00:00,717.689,0.975,0.97,0.98,0.025,0.02,0.03,,,,
2026-01-06 06:11:58.540000+00:00,2026-01-06 06:11:58.859564+00:00,718.54,0.985,0.98,0.99,0.015,0.01,0.02,,,,
2026-01-06 06:11:59.745000+00:00,2026-01-06 06:11:59.859569+00:00,719.745,0.985,0.98,0.99,0.015,0.01,0.02,,,,
2026-01-06 06:12:00.735000+00:00,2026-01-06 06:12:00.854916+00:00,720.735,0.985,0.98,0.99,0.015,0.01,0.02,,,,
2026-01-06 06:12:01.523000+00:00,2026-01-06 06:12:01.843304+00:00,721.523,0.985,0.98,0.99,0.015,0.01,0.02,,,,
2026-01-06 06:12:02.522000+00:00,2026-01-06 06:12:02.834837+00:00,722.522,0.985,0.98,0.99,0.015,0.01,0.02,,,,
2026-01-06 06:12:03.615000+00:00,2026-01-06 06:12:03.834948+00:00,723.615,0.985,0.98,0.99,0.015,0.01,0.02,,,,
2026-01-06 06:12:04.602000+00:00,2026-01-06 06:12:04.842762+00:00,724.602,0.985,0.98,0.99,0.015,0.01,0.02,,,,
2026-01-06 06:12:05.737000+00:00,2026-01-06 06:12:05.853087+00:00,725.737,0.985,0.98,0.99,0.015,0.01,0.02,,,,
2026-01-06 06:12:06.660000+00:00,2026-01-06 06:12:06.859629+00:00,726.66,0.985,0.98,0.99,0.015,0.01,0.02,,,,
2026-01-06 06:12:07.583000+00:00,2026-01-06 06:12:07.860882+00:00,727.583,0.985,0.98,0.99,0.015,0.01,0.02,,,,
2026-01-06 06:12:08.397000+00:00,2026-01-06 06:12:08.874010+00:00,728.397,0.985,0.98,0.99,0.015,0.01,0.02,,,,
2026-01-06 06:12:09.398000+00:00,2026-01-06 06:12:09.875044+00:00,729.398,0.985,0.98,0.99,0.015,0.01,0.02,,,,
2026-01-06 06:12:10.763000+00:00,2026-01-06 06:12:10.886531+00:00,730.763,0.99,0.99,,0.01,,0.01,,,,
2026-01-06 06:12:11.719000+00:00,2026-01-06 06:12:11.898040+00:00,731.719,0.99,0.99,,0.01,,0.01,,,,
2026-01-06 06:12:12.699000+00:00,2026-01-06 06:12:12.903645+00:00,732.699,0.99,0.99,,0.01,,0.01,,,,
2026-01-06 06:12:13.765000+00:00,2026-01-06 06:12:13.916262+00:00,733.765,0.99,0.99,,0.01,,0.01,,,,
2026-01-06 06:12:14.670000+00:00,2026-01-06 06:12:14.926800+00:00,734.67,0.99,0.99,,0.01,,0.01,,,,
2026-01-06 06:12:15.752000+00:00,2026-01-06 06:12:15.932556+00:00,735.752,0.99,0.99,,0.01,,0.01,,,,
2026-01-06 06:12:16.490000+00:00,2026-01-06 06:12:16.934389+00:00,736.49,0.99,0.99,,0.01,,0.01,,,,
2026-01-06 06:12:17.190000+00:00,2026-01-06 06:12:17.942910+00:00,737.19,0.99,0.99,,0.01,,0.01,,,,
2026-01-06 06:12:18.815000+00:00,2026-01-06 06:12:18.950473+00:00,738.815,0.99,0.99,,0.01,,0.01,,,,
2026-01-06 06:12:19.495000+00:00,2026-01-06 06:12:19.947255+00:00,739.495,0.99,0.99,,0.01,,0.01,,,,
2026-01-06 06:12:20.497000+00:00,2026-01-06 06:12:20.959802+00:00,740.497,0.99,0.99,,0.01,,0.01,,,,
2026-01-06 06:12:21.641000+00:00,2026-01-06 06:12:21.966360+00:00,741.641,0.99,0.99,,0.01,,0.01,,,,
2026-01-06 06:12:22.794000+00:00,2026-01-06 06:12:22.975907+00:00,742.794,0.99,0.99,,0.01,,0.01,,,,
2026-01-06 06:12:23.104000+00:00,2026-01-06 06:12:23.982866+00:00,743.104,0.99,0.99,,0.01,,0.01,,,,
2026-01-06 06:12:24.773000+00:00,2026-01-06 06:12:24.999123+00:00,744.773,0.99,0.99,,0.01,,0.01,,,,
2026-01-06 06:12:25.763000+00:00,2026-01-06 06:12:25.991812+00:00,745.763,0.99,0.99,,0.01,,0.01,,,,
2026-01-06 06:12:26.807000+00:00,2026-01-06 06:12:27.995326+00:00,746.807,0.99,0.99,,0.01,,0.01,,,,
2026-01-06 06:12:28.786000+00:00,2026-01-06 06:12:29.000790+00:00,748.786,0.99,0.99,,0.01,,0.01,,,,
2026-01-06 06:12:29.680000+00:00,2026-01-06 06:12:30.025810+00:00,749.68,0.99,0.99,,0.01,,0.01,,,,
2026-01-06 06:12:30.466000+00:00,2026-01-06 06:12:32.024428+00:00,750.466,0.99,0.99,,0.01,,0.01,,,,
2026-01-06 06:12:32.900000+00:00,2026-01-06 06:12:33.032039+00:00,752.9,0.99,0.99,,0.01,,0.01,,,,
2026-01-06 06:12:33.726000+00:00,2026-01-06 06:12:34.041681+00:00,753.726,0.99,0.99,,0.01,,0.01,,,,
2026-01-06 06:12:34.136000+00:00,2026-01-06 06:12:35.040543+00:00,754.136,0.99,0.99,,0.01,,0.01,,,,
2026-01-06 06:12:35.057000+00:00,2026-01-06 06:12:36.042521+00:00,755.057,0.99,0.99,,0.01,,0.01,,,,
2026-01-06 06:12:36.891000+00:00,2026-01-06 06:12:37.056607+00:00,756.891,0.99,0.99,,0.01,,0.01,,,,
2026-01-06 06:12:37.819000+00:00,2026-01-06 06:12:38.074212+00:00,757.819,0.99,0.99,,0.01,,0.01,,,,
2026-01-06 06:12:38.445000+00:00,2026-01-06 06:12:39.073579+00:00,758.445,0.99,0.99,,0.01,,0.01,,,,
2026-01-06 06:12:39.440000+00:00,2026-01-06 06:12:40.073015+00:00,759.44,0.99,0.99,,0.01,,0.01,,,,
2026-01-06 06:12:40.407000+00:00,2026-01-06 06:12:41.072615+00:00,760.407,0.99,0.99,,0.01,,0.01,,,,
2026-01-06 06:12:41.584000+00:00,2026-01-06 06:12:42.072358+00:00,761.584,0.99,0.99,,0.01,,0.01,,,,
2026-01-06 06:12:42.103000+00:00,2026-01-06 06:12:44.093441+00:00,762.103,0.99,0.99,,0.01,,0.01,,,,
2026-01-06 06:12:44.970000+00:00,2026-01-06 06:12:45.091315+00:00,764.97,0.99,0.99,,0.01,,0.01,,,,
2026-01-06 06:12:45.166000+00:00,2026-01-06 06:12:46.102922+00:00,765.166,0.99,0.99,,0.01,,0.01,,,,
2026-01-06 06:12:47.758000+00:00,2026-01-06 06:12:48.138247+00:00,767.758,0.99,0.99,,0.01,,0.01,,,,
2026-01-06 06:12:48.656000+00:00,2026-01-06 06:12:49.125482+00:00,768.656,0.99,0.99,,0.01,,0.01,,,,
2026-01-06 06:12:49.878000+00:00,2026-01-06 06:12:50.126002+00:00,769.878,0.99,0.99,,0.01,,0.01,,,,
2026-01-06 06:12:50.908000+00:00,2026-01-06 06:12:51.139821+00:00,770.908,0.99,0.99,,0.01,,0.01,,,,
2026-01-06 06:12:51.878000+00:00,2026-01-06 06:12:52.155881+00:00,771.878,0.99,0.99,,0.01,,0.01,,,,
2026-01-06 06:12:52.934000+00:00,2026-01-06 06:12:53.156085+00:00,772.934,0.99,0.99,,0.01,,0.01,,,,
2026-01-06 06:12:53.551000+00:00,2026-01-06 06:12:54.158094+00:00,773.551,0.99,0.99,,0.01,,0.01,,,,
2026-01-06 06:12:55.816000+00:00,2026-01-06 06:12:56.188637+00:00,775.816,0.99,0.99,,0.01,,0.01,,,,
2026-01-06 06:12:57.281000+00:00,2026-01-06 06:12:58.206747+00:00,777.281,0.99,0.99,,0.01,,0.01,,,,
2026-01-06 06:12:58.941000+00:00,2026-01-06 06:12:59.223441+00:00,778.941,0.99,0.99,,0.01,,0.01,,,,
2026-01-06 06:12:59.314000+00:00,2026-01-06 06:13:00.241445+00:00,779.314,0.99,0.99,,0.01,,0.01,,,,
2026-01-06 06:13:01.840000+00:00,2026-01-06 06:13:02.257305+00:00,781.84,0.99,0.99,,0.01,,0.01,,,,
2026-01-06 06:13:03.872000+00:00,2026-01-06 06:13:04.274966+00:00,783.872,0.99,0.99,,0.01,,0.01,,,,
2026-01-06 06:13:04.898000+00:00,2026-01-06 06:13:05.275158+00:00,784.898,0.99,0.99,,0.01,,0.01,,,,
2026-01-06 06:13:05.901000+00:00,2026-01-06 06:13:06.281331+00:00,785.901,0.99,0.99,,0.01,,0.01,,,,
2026-01-06 06:13:07.160000+00:00,2026-01-06 06:13:08.283115+00:00,787.16,0.99,0.99,,0.01,,0.01,,,,
2026-01-06 06:13:09.914000+00:00,2026-01-06 06:13:10.290491+00:00,789.914,0.99,0.99,,0.01,,0.01,,,,
2026-01-06 06:13:11.139000+00:00,2026-01-06 06:13:12.324406+00:00,791.139,0.99,0.99,,0.01,,0.01,,,,
2026-01-06 06:13:12.808000+00:00,2026-01-06 06:13:13.341371+00:00,792.808,0.99,0.99,,0.01,,0.01,,,,
2026-01-06 06:13:13.478000+00:00,2026-01-06 06:13:15.355783+00:00,793.478,0.99,0.99,,0.01,,0.01,,,,
2026-01-06 06:13:16.502000+00:00,2026-01-06 06:13:17.356569+00:00,796.502,0.99,0.99,,0.01,,0.01,,,,
2026-01-06 06:13:18.275000+00:00,2026-01-06 06:13:20.356453+00:00,798.275,0.99,0.99,,0.01,,0.01,,,,
2026-01-06 06:13:20.976000+00:00,2026-01-06 06:13:21.348077+00:00,800.976,0.99,0.99,,0.01,,0.01,,,,
2026-01-06 06:13:21.455000+00:00,2026-01-06 06:13:22.344419+00:00,801.455,0.99,0.99,,0.01,,0.01,,,,
2026-01-06 06:13:23.080000+00:00,2026-01-06 06:13:24.381589+00:00,803.08,0.99,0.99,,0.01,,0.01,,,,
2026-01-06 06:13:24.765000+00:00,2026-01-06 06:13:26.374442+00:00,804.765,0.99,0.99,,0.01,,0.01,,,,
2026-01-06 06:13:26.957000+00:00,2026-01-06 06:13:39.491184+00:00,806.957,0.99,0.99,,0.01,,0.01,,,,
2026-01-06 06:13:40.263000+00:00,2026-01-06 06:13:41.521904+00:00,820.263,0.99,0.99,,0.01,,0.01,,,,
2026-01-06 06:13:42.218000+00:00,2026-01-06 06:13:42.528550+00:00,822.218,0.99,0.99,,0.01,,0.01,,,,
2026-01-06 06:13:43.539000+00:00,2026-01-06 06:13:44.555705+00:00,823.539,0.99,0.99,,0.01,,0.01,,,,
2026-01-06 06:13:45.737000+00:00,2026-01-06 06:13:47.589159+00:00,825.737,0.99,0.99,,0.01,,0.01,,,,
2026-01-06 06:13:48.370000+00:00,2026-01-06 06:13:51.621989+00:00,828.37,0.99,0.99,,0.01,,0.01,,,,
2026-01-06 06:13:51.869000+00:00,2026-01-06 06:13:52.621244+00:00,831.869,0.99,0.99,,0.01,,0.01,,,,
2026-01-06 06:13:53.414000+00:00,2026-01-06 06:13:53.621610+00:00,833.414,0.99,0.99,,0.01,,0.01,,,,
2026-01-06 06:13:54.299000+00:00,2026-01-06 06:13:55.639030+00:00,834.299,0.99,0.99,,0.01,,0.01,,,,
2026-01-06 06:13:55.674000+00:00,2026-01-06 06:13:56.650670+00:00,835.674,0.99,0.99,,0.01,,0.01,,,,
2026-01-06 06:13:57.428000+00:00,2026-01-06 06:13:58.655463+00:00,837.428,0.99,0.99,,0.01,,0.01,,,,
2026-01-06 06:13:59.264000+00:00,2026-01-06 06:13:59.663858+00:00,839.264,0.99,0.99,,0.01,,0.01,,,,
2026-01-06 06:14:00.426000+00:00,2026-01-06 06:14:00.897993+00:00,840.426,0.99,0.99,,0.01,,0.01,,,,
2026-01-06 06:14:01.468000+00:00,2026-01-06 06:14:01.669359+00:00,841.468,0.99,0.99,,0.01,,0.01,,,,
2026-01-06 06:14:02.539000+00:00,2026-01-06 06:14:02.664692+00:00,842.539,0.99,0.99,,0.01,,0.01,,,,
2026-01-06 06:14:03.771000+00:00,2026-01-06 06:14:05.685564+00:00,843.771,0.99,0.99,,0.01,,0.01,,,,
2026-01-06 06:14:06.444000+00:00,2026-01-06 06:14:06.687054+00:00,846.444,0.99,0.99,,0.01,,0.01,,,,
2026-01-06 06:14:07.022000+00:00,2026-01-06 06:14:07.698927+00:00,847.022,0.99,0.99,,0.01,,0.01,,,,
2026-01-06 06:14:08.196000+00:00,2026-01-06 06:14:08.701749+00:00,848.196,0.99,0.99,,0.01,,0.01,,,,
2026-01-06 06:14:09.440000+00:00,2026-01-06 06:14:09.701492+00:00,849.44,0.99,0.99,,0.01,,0.01,,,,
2026-01-06 06:14:10.501000+00:00,2026-01-06 06:14:10.707738+00:00,850.501,0.99,0.99,,0.01,,0.01,,,,
2026-01-06 06:14:11.065000+00:00,2026-01-06 06:14:12.712074+00:00,851.065,0.99,0.99,,0.01,,0.01,,,,
2026-01-06 06:14:13.556000+00:00,2026-01-06 06:14:14.719417+00:00,853.556,0.99,0.99,,0.01,,0.01,,,,
2026-01-06 06:14:15.162000+00:00,2026-01-06 06:14:16.720989+00:00,855.162,0.99,0.99,,0.01,,0.01,,,,
2026-01-06 06:14:17.404000+00:00,2026-01-06 06:14:17.736349+00:00,857.404,0.99,0.99,,0.01,,0.01,,,,
2026-01-06 06:14:18.050000+00:00,2026-01-06 06:14:18.737428+00:00,858.05,0.99,0.99,,0.01,,0.01,,,,
2026-01-06 06:14:19.488000+00:00,2026-01-06 06:14:19.753773+00:00,859.488,0.99,0.99,,0.01,,0.01,,,,
2026-01-06 06:14:20.550000+00:00,2026-01-06 06:14:21.782412+00:00,860.55,0.99,0.99,,0.01,,0.01,,,,
2026-01-06 06:14:21.966000+00:00,2026-01-06 06:14:22.786538+00:00,861.966,0.99,0.99,,0.01,,0.01,,,,
2026-01-06 06:14:23.964000+00:00,2026-01-06 06:14:24.809164+00:00,863.964,0.99,0.99,,0.01,,0.01,,,,
2026-01-06 06:14:25.439000+00:00,2026-01-06 06:14:26.837337+00:00,865.439,0.99,0.99,,0.01,,0.01,,,,
2026-01-06 06:14:26.755000+00:00,2026-01-06 06:14:27.839511+00:00,866.755,0.99,0.99,,0.01,,0.01,,,,
2026-01-06 06:14:28.162000+00:00,2026-01-06 06:14:29.843630+00:00,868.162,0.99,0.99,,0.01,,0.01,,,,
2026-01-06 06:14:30.619000+00:00,2026-01-06 06:14:30.836399+00:00,870.619,0.99,0.99,,0.01,,0.01,,,,
2026-01-06 06:14:31.560000+00:00,2026-01-06 06:14:31.836333+00:00,871.56,0.99,0.99,,0.01,,0.01,,,,
2026-01-06 06:14:32.770000+00:00,2026-01-06 06:14:35.873002+00:00,872.77,0.99,0.99,,0.01,,0.01,,,,
2026-01-06 06:14:35.869000+00:00,2026-01-06 06:14:39.904232+00:00,875.869,0.99,0.99,,0.01,,0.01,,,,
2026-01-06 06:14:39.837000+00:00,2026-01-06 06:14:40.908398+00:00,879.837,0.99,0.99,,0.01,,0.01,,,,
2026-01-06 06:14:41.663000+00:00,2026-01-06 06:14:41.909974+00:00,881.663,0.99,0.99,,0.01,,0.01,,,,
2026-01-06 06:14:42.713000+00:00,2026-01-06 06:14:42.937105+00:00,882.713,0.99,0.99,,0.01,,0.01,,,,
2026-01-06 06:14:43.155000+00:00,2026-01-06 06:14:43.941710+00:00,883.155,0.99,0.99,,0.01,,0.01,,,,
2026-01-06 06:14:44.161000+00:00,2026-01-06 06:14:44.952991+00:00,884.161,0.99,0.99,,0.01,,0.01,,,,
2026-01-06 06:14:45.647000+00:00,2026-01-06 06:14:45.964417+00:00,885.647,0.99,0.99,,0.01,,0.01,,,,
2026-01-06 06:14:46.918000+00:00,2026-01-06 06:14:47.966451+00:00,886.918,0.99,0.99,,0.01,,0.01,,,,
2026-01-06 06:14:48.847000+00:00,2026-01-06 06:14:48.970525+00:00,888.847,0.99,0.99,,0.01,,0.01,,,,
2026-01-06 06:14:49.076000+00:00,2026-01-06 06:14:49.983243+00:00,889.076,0.99,0.99,,0.01,,0.01,,,,
2026-01-06 06:14:50.568000+00:00,2026-01-06 06:14:50.979416+00:00,890.568,0.99,0.99,,0.01,,0.01,,,,
2026-01-06 06:14:51.773000+00:00,2026-01-06 06:14:51.985661+00:00,891.773,0.99,0.99,,0.01,,0.01,,,,
2026-01-06 06:14:52.822000+00:00,2026-01-06 06:14:52.992023+00:00,892.822,0.99,0.99,,0.01,,0.01,,,,
2026-01-06 06:14:53.792000+00:00,2026-01-06 06:14:54.003080+00:00,893.792,0.99,0.99,,0.01,,0.01,,,,
2026-01-06 06:14:54.455000+00:00,2026-01-06 06:14:55.002643+00:00,894.455,0.99,0.99,,0.01,,0.01,,,,
2026-01-06 06:14:55.598000+00:00,2026-01-06 06:14:56.009254+00:00,895.598,0.99,0.99,,0.01,,0.01,,,,
2026-01-06 06:14:56.876000+00:00,2026-01-06 06:14:57.002119+00:00,896.876,0.99,0.99,,0.01,,0.01,,,,
2026-01-06 06:14:57.425000+00:00,2026-01-06 06:14:58.011131+00:00,897.425,0.99,0.99,,0.01,,0.01,,,,
2026-01-06 06:14:58.833000+00:00,2026-01-06 06:14:59.026126+00:00,898.833,0.99,0.99,,0.01,,0.01,,,,
2026-01-06 06:14:59.894000+00:00,2026-01-06 06:15:00.036685+00:00,899.894,0.485,0.48,0.49,0.515,0.51,0.52,,,,
