timestamp,collected_at,seconds,mid,bid,ask,asset
2026-01-06 05:00:00+00:00,2026-01-06 05:02:59.993339+00:00,0.0,3225.121,3225.01,3225.56,ETH
2026-01-06 05:00:01+00:00,2026-01-06 05:03:01.007095+00:00,1.0,3224.741,3224.53,3224.98,ETH
2026-01-06 05:00:02+00:00,2026-01-06 05:03:02.002475+00:00,2.0,3224.101,3223.85,3224.42,ETH
2026-01-06 05:00:03+00:00,2026-01-06 05:03:03.022192+00:00,3.0,3223.751,3223.61,3224.29,ETH
2026-01-06 05:00:04+00:00,2026-01-06 05:03:04.040469+00:00,4.0,3223.751,3223.58,3224.24,ETH
2026-01-06 05:00:05+00:00,2026-01-06 05:03:05.040356+00:00,5.0,3223.751,3223.56,3224.13,ETH
2026-01-06 05:00:06+00:00,2026-01-06 05:03:06.048798+00:00,6.0,3223.751,3223.58,3224.15,ETH
2026-01-06 05:00:07+00:00,2026-01-06 05:03:07.047507+00:00,7.0,3224.001,3223.6,3224.42,ETH
2026-01-06 05:00:08+00:00,2026-01-06 05:03:08.083194+00:00,8.0,3224.571,3224.2,3224.76,ETH
2026-01-06 05:00:09+00:00,2026-01-06 05:03:09.074161+00:00,9.0,3224.571,3224.2,3224.81,ETH
2026-01-06 05:00:10+00:00,2026-01-06 05:03:10.223264+00:00,10.0,3224.601,3224.3,3225.01,ETH
2026-01-06 05:00:11+00:00,2026-01-06 05:03:11.219607+00:00,11.0,3224.841,3224.54,3225.27,ETH
2026-01-06 05:00:12+00:00,2026-01-06 05:03:12.243855+00:00,12.0,3225.091,3224.83,3225.47,ETH
2026-01-06 05:00:13+00:00,2026-01-06 05:03:13.272967+00:00,13.0,3225.162,3224.89,3225.53,ETH
2026-01-06 05:00:14+00:00,2026-01-06 05:03:14.279941+00:00,14.0,3225.252,3224.91,3225.65,ETH
2026-01-06 05:00:15+00:00,2026-01-06 05:03:15.296753+00:00,15.0,3225.292,3224.93,3225.71,ETH
2026-01-06 05:00:16+00:00,2026-01-06 05:03:16.305792+00:00,16.0,3225.302,3224.94,3225.71,ETH
2026-01-06 05:00:17+00:00,2026-01-06 05:03:17.329197+00:00,17.0,3225.302,3224.94,3225.71,ETH
2026-01-06 05:00:18+00:00,2026-01-06 05:03:18.314607+00:00,18.0,3225.302,3224.95,3225.7,ETH
2026-01-06 05:00:19+00:00,2026-01-06 05:03:19.327281+00:00,19.0,3225.302,3224.94,3225.69,ETH
2026-01-06 05:00:20+00:00,2026-01-06 05:03:20.318179+00:00,20.0,3225.292,3224.94,3225.69,ETH
2026-01-06 05:00:21+00:00,2026-01-06 05:03:21.342931+00:00,21.0,3225.292,3224.94,3225.68,ETH
2026-01-06 05:00:22+00:00,2026-01-06 05:03:22.361491+00:00,22.0,3225.292,3224.94,3225.68,ETH
2026-01-06 05:00:23+00:00,2026-01-06 05:03:23.341183+00:00,23.0,3225.292,3224.94,3225.68,ETH
2026-01-06 05:00:24+00:00,2026-01-06 05:03:24.361126+00:00,24.0,3225.292,3224.94,3225.68,ETH
2026-01-06 05:00:25+00:00,2026-01-06 05:03:25.337887+00:00,25.0,3225.292,3224.94,3225.69,ETH
2026-01-06 05:00:26+00:00,2026-01-06 05:03:26.361597+00:00,26.0,3225.292,3224.94,3225.69,ETH
2026-01-06 05:00:27+00:00,2026-01-06 05:03:27.370029+00:00,27.0,3225.292,3224.95,3225.69,ETH
2026-01-06 05:00:28+00:00,2026-01-06 05:03:28.414780+00:00,28.0,3224.581,3224.41,3225.14,ETH
2026-01-06 05:00:29+00:00,2026-01-06 05:03:29.408346+00:00,29.0,3224.571,3224.35,3225.07,ETH
2026-01-06 05:00:30+00:00,2026-01-06 05:03:30.408159+00:00,30.0,3224.581,3224.34,3225.12,ETH
2026-01-06 05:00:31+00:00,2026-01-06 05:03:31.422386+00:00,31.0,3224.931,3224.52,3225.17,ETH
2026-01-06 05:00:32+00:00,2026-01-06 05:03:32.438942+00:00,32.0,3224.951,3224.57,3225.16,ETH
2026-01-06 05:00:33+00:00,2026-01-06 05:03:33.437768+00:00,33.0,3224.951,3224.57,3225.16,ETH
2026-01-06 05:00:34+00:00,2026-01-06 05:03:34.455371+00:00,34.0,3224.951,3224.6,3225.17,ETH
2026-01-06 05:00:35+00:00,2026-01-06 05:03:35.472446+00:00,35.0,3224.651,3224.59,3225.14,ETH
2026-01-06 05:00:36+00:00,2026-01-06 05:03:36.463595+00:00,36.0,3224.651,3224.51,3224.9,ETH
2026-01-06 05:00:37+00:00,2026-01-06 05:03:37.458203+00:00,37.0,3224.661,3224.49,3224.93,ETH
2026-01-06 05:00:38+00:00,2026-01-06 05:03:38.469256+00:00,38.0,3224.861,3224.49,3225.07,ETH
2026-01-06 05:00:39+00:00,2026-01-06 05:03:39.484635+00:00,39.0,3224.881,3224.5,3225.14,ETH
2026-01-06 05:00:40+00:00,2026-01-06 05:03:40.510002+00:00,40.0,3224.881,3224.5,3225.15,ETH
2026-01-06 05:00:41+00:00,2026-01-06 05:03:41.504843+00:00,41.0,3224.871,3224.47,3225.15,ETH
2026-01-06 05:00:42+00:00,2026-01-06 05:03:42.521035+00:00,42.0,3224.891,3224.49,3225.16,ETH
2026-01-06 05:00:43+00:00,2026-01-06 05:03:43.507768+00:00,43.0,3224.891,3224.49,3225.16,ETH
2026-01-06 05:00:44+00:00,2026-01-06 05:03:44.502286+00:00,44.0,3224.891,3224.49,3225.13,ETH
2026-01-06 05:00:45+00:00,2026-01-06 05:03:45.507926+00:00,45.0,3224.881,3224.49,3225.18,ETH
2026-01-06 05:00:46+00:00,2026-01-06 05:03:46.520544+00:00,46.0,3224.881,3224.49,3225.17,ETH
2026-01-06 05:00:47+00:00,2026-01-06 05:03:47.521470+00:00,47.0,3224.661,3224.4,3224.88,ETH
2026-01-06 05:00:48+00:00,2026-01-06 05:03:48.520111+00:00,48.0,3224.661,3224.37,3224.88,ETH
2026-01-06 05:00:49+00:00,2026-01-06 05:03:49.520992+00:00,49.0,3224.661,3224.37,3224.91,ETH
2026-01-06 05:00:50+00:00,2026-01-06 05:03:50.522681+00:00,50.0,3224.661,3224.35,3224.91,ETH
2026-01-06 05:00:51+00:00,2026-01-06 05:03:51.567042+00:00,51.0,3224.661,3224.35,3224.92,ETH
2026-01-06 05:00:52+00:00,2026-01-06 05:03:52.544302+00:00,52.0,3224.661,3224.35,3224.91,ETH
2026-01-06 05:00:53+00:00,2026-01-06 05:03:53.565299+00:00,53.0,3224.701,3224.35,3224.91,ETH
2026-01-06 05:00:54+00:00,2026-01-06 05:03:54.538576+00:00,54.0,3224.701,3224.37,3224.93,ETH
2026-01-06 05:00:55+00:00,2026-01-06 05:03:55.555193+00:00,55.0,3224.781,3224.37,3224.94,ETH
2026-01-06 05:00:56+00:00,2026-01-06 05:03:56.571474+00:00,56.0,3224.851,3224.43,3225.07,ETH
2026-01-06 05:00:57+00:00,2026-01-06 05:03:57.570074+00:00,57.0,3224.851,3224.43,3225.07,ETH
2026-01-06 05:00:58+00:00,2026-01-06 05:03:58.570678+00:00,58.0,3224.841,3224.43,3225.08,ETH
2026-01-06 05:00:59+00:00,2026-01-06 05:03:59.568907+00:00,59.0,3224.841,3224.43,3225.08,ETH
2026-01-06 05:01:00+00:00,2026-01-06 05:04:00.584653+00:00,60.0,3224.861,3224.44,3225.12,ETH
2026-01-06 05:01:01+00:00,2026-01-06 05:04:01.594842+00:00,61.0,3224.851,3224.43,3225.12,ETH
2026-01-06 05:01:02+00:00,2026-01-06 05:04:02.586352+00:00,62.0,3224.861,3224.44,3225.1,ETH
2026-01-06 05:01:03+00:00,2026-01-06 05:04:03.595174+00:00,63.0,3224.851,3224.43,3225.1,ETH
2026-01-06 05:01:04+00:00,2026-01-06 05:04:04.600162+00:00,64.0,3224.851,3224.43,3225.09,ETH
2026-01-06 05:01:05+00:00,2026-01-06 05:04:05.602209+00:00,65.0,3224.851,3224.43,3225.07,ETH
2026-01-06 05:01:06+00:00,2026-01-06 05:04:06.601732+00:00,66.0,3224.851,3224.43,3225.07,ETH
2026-01-06 05:01:07+00:00,2026-01-06 05:04:07.610679+00:00,67.0,3224.851,3224.43,3225.08,ETH
2026-01-06 05:01:08+00:00,2026-01-06 05:04:08.621160+00:00,68.0,3224.711,3224.43,3225.07,ETH
2026-01-06 05:01:09+00:00,2026-01-06 05:04:09.635999+00:00,69.0,3224.801,3224.41,3225.01,ETH
2026-01-06 05:01:10+00:00,2026-01-06 05:04:10.670790+00:00,70.0,3224.831,3224.41,3224.99,ETH
2026-01-06 05:01:11+00:00,2026-01-06 05:04:11.678647+00:00,71.0,3224.831,3224.41,3224.95,ETH
2026-01-06 05:01:12+00:00,2026-01-06 05:04:12.676237+00:00,72.0,3224.831,3224.41,3225.0,ETH
2026-01-06 05:01:13+00:00,2026-01-06 05:04:13.666453+00:00,73.0,3224.831,3224.41,3225.05,ETH
2026-01-06 05:01:14+00:00,2026-01-06 05:04:14.681183+00:00,74.0,3224.831,3224.41,3225.03,ETH
2026-01-06 05:01:15+00:00,2026-01-06 05:04:15.714081+00:00,75.0,3224.701,3224.4,3224.98,ETH
2026-01-06 05:01:16+00:00,2026-01-06 05:04:16.716482+00:00,76.0,3224.801,3224.39,3224.92,ETH
2026-01-06 05:01:17+00:00,2026-01-06 05:04:17.715419+00:00,77.0,3224.801,3224.39,3224.91,ETH
2026-01-06 05:01:18+00:00,2026-01-06 05:04:18.722711+00:00,78.0,3224.801,3224.39,3224.91,ETH
2026-01-06 05:01:19+00:00,2026-01-06 05:04:19.721858+00:00,79.0,3224.801,3224.39,3224.9,ETH
2026-01-06 05:01:20+00:00,2026-01-06 05:04:20.732364+00:00,80.0,3224.801,3224.38,3224.91,ETH
2026-01-06 05:01:21+00:00,2026-01-06 05:04:21.749294+00:00,81.0,3224.801,3224.38,3224.9,ETH
2026-01-06 05:01:22+00:00,2026-01-06 05:04:22.754062+00:00,82.0,3224.801,3224.38,3224.91,ETH
2026-01-06 05:01:23+00:00,2026-01-06 05:04:23.747177+00:00,83.0,3224.801,3224.38,3224.93,ETH
2026-01-06 05:01:24+00:00,2026-01-06 05:04:24.774845+00:00,84.0,3224.911,3224.55,3225.32,ETH
2026-01-06 05:01:25+00:00,2026-01-06 05:04:25.803693+00:00,85.0,3224.921,3224.6,3225.32,ETH
2026-01-06 05:01:26+00:00,2026-01-06 05:04:26.787696+00:00,86.0,3224.921,3224.64,3225.33,ETH
2026-01-06 05:01:27+00:00,2026-01-06 05:04:27.789285+00:00,87.0,3224.931,3224.65,3225.34,ETH
2026-01-06 05:01:28+00:00,2026-01-06 05:04:28.812255+00:00,88.0,3224.931,3224.65,3225.34,ETH
2026-01-06 05:01:29+00:00,2026-01-06 05:04:29.811922+00:00,89.0,3224.931,3224.65,3225.35,ETH
2026-01-06 05:01:30+00:00,2026-01-06 05:04:30.804810+00:00,90.0,3224.931,3224.65,3225.35,ETH
2026-01-06 05:01:31+00:00,2026-01-06 05:04:31.840610+00:00,91.0,3224.941,3224.65,3225.34,ETH
2026-01-06 05:01:32+00:00,2026-01-06 05:04:32.803343+00:00,92.0,3224.931,3224.65,3225.33,ETH
2026-01-06 05:01:33+00:00,2026-01-06 05:04:33.824873+00:00,93.0,3224.911,3224.65,3225.17,ETH
2026-01-06 05:01:34+00:00,2026-01-06 05:04:34.829811+00:00,94.0,3224.911,3224.65,3225.18,ETH
2026-01-06 05:01:35+00:00,2026-01-06 05:04:35.835085+00:00,95.0,3224.911,3224.65,3225.13,ETH
2026-01-06 05:01:36+00:00,2026-01-06 05:04:36.828203+00:00,96.0,3224.921,3224.65,3225.15,ETH
2026-01-06 05:01:37+00:00,2026-01-06 05:04:37.823560+00:00,97.0,3224.911,3224.65,3225.26,ETH
2026-01-06 05:01:38+00:00,2026-01-06 05:04:38.837973+00:00,98.0,3224.911,3224.65,3225.23,ETH
2026-01-06 05:01:39+00:00,2026-01-06 05:04:39.829829+00:00,99.0,3224.911,3224.65,3225.24,ETH
2026-01-06 05:01:40+00:00,2026-01-06 05:04:41.849580+00:00,100.0,3224.901,3224.65,3225.25,ETH
2026-01-06 05:01:41+00:00,2026-01-06 05:04:42.853579+00:00,101.0,3224.901,3224.65,3225.25,ETH
2026-01-06 05:01:42+00:00,2026-01-06 05:04:43.888620+00:00,102.0,3224.901,3224.65,3225.25,ETH
2026-01-06 05:01:43+00:00,2026-01-06 05:04:44.871205+00:00,103.0,3224.801,3224.64,3225.24,ETH
2026-01-06 05:01:44+00:00,2026-01-06 05:04:45.886035+00:00,104.0,3224.561,3224.44,3225.06,ETH
2026-01-06 05:01:45+00:00,2026-01-06 05:04:46.901146+00:00,105.0,3224.241,3224.06,3224.67,ETH
2026-01-06 05:01:46+00:00,2026-01-06 05:04:47.913986+00:00,106.0,3224.061,3223.86,3224.35,ETH
2026-01-06 05:01:47+00:00,2026-01-06 05:04:48.919065+00:00,107.0,3224.061,3223.85,3224.28,ETH
2026-01-06 05:01:48+00:00,2026-01-06 05:04:49.920293+00:00,108.0,3224.061,3223.84,3224.29,ETH
2026-01-06 05:01:49+00:00,2026-01-06 05:04:50.937466+00:00,109.0,3224.061,3223.84,3224.27,ETH
2026-01-06 05:01:50+00:00,2026-01-06 05:04:51.951219+00:00,110.0,3224.061,3223.84,3224.38,ETH
2026-01-06 05:01:51+00:00,2026-01-06 05:04:52.950338+00:00,111.0,3224.081,3223.88,3224.55,ETH
2026-01-06 05:01:52+00:00,2026-01-06 05:04:53.966754+00:00,112.0,3224.241,3223.93,3224.65,ETH
2026-01-06 05:01:53+00:00,2026-01-06 05:04:54.980772+00:00,113.0,3224.401,3223.97,3224.77,ETH
2026-01-06 05:01:54+00:00,2026-01-06 05:04:55.991251+00:00,114.0,3224.421,3224.0,3224.89,ETH
2026-01-06 05:01:55+00:00,2026-01-06 05:04:56.985880+00:00,115.0,3224.591,3224.16,3225.05,ETH
2026-01-06 05:01:56+00:00,2026-01-06 05:04:58.002581+00:00,116.0,3224.761,3224.35,3225.17,ETH
2026-01-06 05:01:57+00:00,2026-01-06 05:04:59.060638+00:00,117.0,3224.761,3224.41,3225.19,ETH
2026-01-06 05:01:58+00:00,2026-01-06 05:05:00.065815+00:00,118.0,3224.711,3224.43,3224.97,ETH
2026-01-06 05:01:59+00:00,2026-01-06 05:05:01.052072+00:00,119.0,3224.441,3224.13,3224.61,ETH
2026-01-06 05:02:00+00:00,2026-01-06 05:05:02.052341+00:00,120.0,3224.231,3223.85,3224.48,ETH
2026-01-06 05:02:01+00:00,2026-01-06 05:05:03.052288+00:00,121.0,3223.881,3223.66,3224.2,ETH
2026-01-06 05:02:02+00:00,2026-01-06 05:05:04.062468+00:00,122.0,3223.381,3223.31,3223.78,ETH
2026-01-06 05:02:03+00:00,2026-01-06 05:05:05.068962+00:00,123.0,3223.211,3223.02,3223.62,ETH
2026-01-06 05:02:04+00:00,2026-01-06 05:05:06.083535+00:00,124.0,3223.151,3222.82,3223.43,ETH
2026-01-06 05:02:05+00:00,2026-01-06 05:05:07.097858+00:00,125.0,3223.101,3222.74,3223.28,ETH
2026-01-06 05:02:06+00:00,2026-01-06 05:05:08.112538+00:00,126.0,3223.101,3222.74,3223.3,ETH
2026-01-06 05:02:07+00:00,2026-01-06 05:05:09.124699+00:00,127.0,3223.071,3222.73,3223.31,ETH
2026-01-06 05:02:08+00:00,2026-01-06 05:05:10.120911+00:00,128.0,3223.041,3222.68,3223.25,ETH
2026-01-06 05:02:09+00:00,2026-01-06 05:05:11.118405+00:00,129.0,3223.041,3222.65,3223.21,ETH
2026-01-06 05:02:10+00:00,2026-01-06 05:05:12.098808+00:00,130.0,3223.091,3222.69,3223.25,ETH
2026-01-06 05:02:11+00:00,2026-01-06 05:05:13.120388+00:00,131.0,3223.141,3222.73,3223.42,ETH
2026-01-06 05:02:12+00:00,2026-01-06 05:05:14.134836+00:00,132.0,3223.151,3222.74,3223.57,ETH
2026-01-06 05:02:13+00:00,2026-01-06 05:05:15.115263+00:00,133.0,3223.211,3222.8,3223.59,ETH
2026-01-06 05:02:14+00:00,2026-01-06 05:05:16.134609+00:00,134.0,3223.261,3222.84,3223.65,ETH
2026-01-06 05:02:15+00:00,2026-01-06 05:05:17.154388+00:00,135.0,3223.251,3222.85,3223.69,ETH
2026-01-06 05:02:16+00:00,2026-01-06 05:05:18.164370+00:00,136.0,3223.261,3222.86,3223.69,ETH
2026-01-06 05:02:17+00:00,2026-01-06 05:05:19.146124+00:00,137.0,3223.281,3222.86,3223.69,ETH
2026-01-06 05:02:18+00:00,2026-01-06 05:05:20.159911+00:00,138.0,3223.271,3222.86,3223.69,ETH
2026-01-06 05:02:19+00:00,2026-01-06 05:05:21.168464+00:00,139.0,3223.261,3222.87,3223.7,ETH
2026-01-06 05:02:20+00:00,2026-01-06 05:05:22.184398+00:00,140.0,3223.281,3222.88,3223.61,ETH
2026-01-06 05:02:21+00:00,2026-01-06 05:05:23.192789+00:00,141.0,3223.241,3222.88,3223.5,ETH
2026-01-06 05:02:22+00:00,2026-01-06 05:05:24.210206+00:00,142.0,3223.191,3222.86,3223.49,ETH
2026-01-06 05:02:23+00:00,2026-01-06 05:05:25.203574+00:00,143.0,3223.181,3222.8,3223.51,ETH
2026-01-06 05:02:24+00:00,2026-01-06 05:05:26.191728+00:00,144.0,3223.181,3222.75,3223.5,ETH
2026-01-06 05:02:25+00:00,2026-01-06 05:05:27.179915+00:00,145.0,3223.181,3222.75,3223.49,ETH
2026-01-06 05:02:26+00:00,2026-01-06 05:05:28.184994+00:00,146.0,3223.181,3222.75,3223.49,ETH
2026-01-06 05:02:27+00:00,2026-01-06 05:05:29.199906+00:00,147.0,3223.181,3222.75,3223.49,ETH
2026-01-06 05:02:28+00:00,2026-01-06 05:05:30.198409+00:00,148.0,3223.181,3222.75,3223.49,ETH
2026-01-06 05:02:29+00:00,2026-01-06 05:05:31.224888+00:00,149.0,3223.181,3222.75,3223.5,ETH
2026-01-06 05:02:30+00:00,2026-01-06 05:05:32.215496+00:00,150.0,3223.181,3222.75,3223.56,ETH
2026-01-06 05:02:31+00:00,2026-01-06 05:05:33.227129+00:00,151.0,3223.181,3222.75,3223.5,ETH
2026-01-06 05:02:32+00:00,2026-01-06 05:05:34.237459+00:00,152.0,3223.181,3222.75,3223.5,ETH
2026-01-06 05:02:33+00:00,2026-01-06 05:05:35.237129+00:00,153.0,3223.161,3222.73,3223.39,ETH
2026-01-06 05:02:34+00:00,2026-01-06 05:05:36.250710+00:00,154.0,3223.181,3222.75,3223.45,ETH
2026-01-06 05:02:35+00:00,2026-01-06 05:05:37.250771+00:00,155.0,3223.311,3222.89,3223.7,ETH
2026-01-06 05:02:36+00:00,2026-01-06 05:05:38.262657+00:00,156.0,3223.341,3222.92,3223.72,ETH
2026-01-06 05:02:37+00:00,2026-01-06 05:05:39.278068+00:00,157.0,3223.371,3222.94,3223.74,ETH
2026-01-06 05:02:38+00:00,2026-01-06 05:05:40.290395+00:00,158.0,3223.391,3222.96,3223.76,ETH
2026-01-06 05:02:39+00:00,2026-01-06 05:05:41.350556+00:00,159.0,3223.551,3223.18,3223.93,ETH
2026-01-06 05:02:40+00:00,2026-01-06 05:05:42.367786+00:00,160.0,3223.621,3223.22,3223.97,ETH
2026-01-06 05:02:41+00:00,2026-01-06 05:05:43.338912+00:00,161.0,3223.721,3223.27,3223.97,ETH
2026-01-06 05:02:42+00:00,2026-01-06 05:05:44.350168+00:00,162.0,3223.751,3223.3,3224.02,ETH
2026-01-06 05:02:43+00:00,2026-01-06 05:05:45.361954+00:00,163.0,3223.761,3223.31,3224.06,ETH
2026-01-06 05:02:44+00:00,2026-01-06 05:05:46.361032+00:00,164.0,3223.791,3223.34,3224.0,ETH
2026-01-06 05:02:45+00:00,2026-01-06 05:05:47.365261+00:00,165.0,3223.811,3223.36,3224.02,ETH
2026-01-06 05:02:46+00:00,2026-01-06 05:05:48.383414+00:00,166.0,3223.821,3223.33,3224.13,ETH
2026-01-06 05:02:47+00:00,2026-01-06 05:05:49.374588+00:00,167.0,3223.821,3223.29,3224.18,ETH
2026-01-06 05:02:48+00:00,2026-01-06 05:05:50.376035+00:00,168.0,3223.891,3223.47,3224.3,ETH
2026-01-06 05:02:49+00:00,2026-01-06 05:05:51.382758+00:00,169.0,3224.151,3223.74,3224.58,ETH
2026-01-06 05:02:50+00:00,2026-01-06 05:05:52.391931+00:00,170.0,3224.391,3223.93,3224.74,ETH
2026-01-06 05:02:51+00:00,2026-01-06 05:05:53.398712+00:00,171.0,3224.441,3224.02,3224.76,ETH
2026-01-06 05:02:52+00:00,2026-01-06 05:05:54.381715+00:00,172.0,3224.441,3224.02,3224.68,ETH
2026-01-06 05:02:53+00:00,2026-01-06 05:05:55.396491+00:00,173.0,3224.411,3224.04,3224.79,ETH
2026-01-06 05:02:54+00:00,2026-01-06 05:05:56.399973+00:00,174.0,3224.301,3224.04,3224.63,ETH
2026-01-06 05:02:55+00:00,2026-01-06 05:05:57.426022+00:00,175.0,3224.301,3224.04,3224.66,ETH
2026-01-06 05:02:56+00:00,2026-01-06 05:05:58.513139+00:00,176.0,3224.431,3224.03,3224.79,ETH
2026-01-06 05:02:57+00:00,2026-01-06 05:05:59.517069+00:00,177.0,3224.431,3224.03,3224.85,ETH
2026-01-06 05:02:58+00:00,2026-01-06 05:06:00.518381+00:00,178.0,3224.721,3224.28,3224.87,ETH
2026-01-06 05:02:59+00:00,2026-01-06 05:06:01.514460+00:00,179.0,3224.721,3224.31,3225.02,ETH
2026-01-06 05:03:00+00:00,2026-01-06 05:06:02.530394+00:00,180.0,3224.721,3224.32,3225.01,ETH
2026-01-06 05:03:01+00:00,2026-01-06 05:06:03.566296+00:00,181.0,3224.721,3224.32,3225.05,ETH
2026-01-06 05:03:02+00:00,2026-01-06 05:06:04.555246+00:00,182.0,3222.771,3222.59,3222.83,ETH
2026-01-06 05:03:03+00:00,2026-01-06 05:06:05.562032+00:00,183.0,3222.661,3222.47,3222.84,ETH
2026-01-06 05:03:04+00:00,2026-01-06 05:06:06.566026+00:00,184.0,3222.371,3221.9,3222.52,ETH
2026-01-06 05:03:05+00:00,2026-01-06 05:06:07.589512+00:00,185.0,3222.491,3221.98,3222.75,ETH
2026-01-06 05:03:06+00:00,2026-01-06 05:06:08.589227+00:00,186.0,3222.491,3221.98,3222.83,ETH
2026-01-06 05:03:07+00:00,2026-01-06 05:06:09.615962+00:00,187.0,3222.431,3221.97,3222.76,ETH
2026-01-06 05:03:08+00:00,2026-01-06 05:06:10.615905+00:00,188.0,3222.431,3221.97,3222.56,ETH
2026-01-06 05:03:09+00:00,2026-01-06 05:06:11.615144+00:00,189.0,3222.091,3221.85,3222.6,ETH
2026-01-06 05:03:10+00:00,2026-01-06 05:06:12.628186+00:00,190.0,3222.091,3221.72,3222.13,ETH
2026-01-06 05:03:11+00:00,2026-01-06 05:06:13.647029+00:00,191.0,3222.091,3221.72,3222.19,ETH
2026-01-06 05:03:12+00:00,2026-01-06 05:06:14.700595+00:00,192.0,3222.191,3221.74,3222.41,ETH
2026-01-06 05:03:13+00:00,2026-01-06 05:06:15.707019+00:00,193.0,3222.231,3221.77,3222.45,ETH
2026-01-06 05:03:14+00:00,2026-01-06 05:06:16.660988+00:00,194.0,3222.231,3221.78,3222.48,ETH
2026-01-06 05:03:15+00:00,2026-01-06 05:06:18.660357+00:00,195.0,3222.231,3221.82,3222.6,ETH
2026-01-06 05:03:17+00:00,2026-01-06 05:06:19.723832+00:00,197.0,3223.311,3222.82,3223.53,ETH
2026-01-06 05:03:18+00:00,2026-01-06 05:06:20.722012+00:00,198.0,3223.371,3222.9,3223.73,ETH
2026-01-06 05:03:19+00:00,2026-01-06 05:06:21.730635+00:00,199.0,3223.471,3222.99,3223.89,ETH
2026-01-06 05:03:20+00:00,2026-01-06 05:06:22.699161+00:00,200.0,3223.471,3222.99,3223.89,ETH
2026-01-06 05:03:21+00:00,2026-01-06 05:06:23.726737+00:00,201.0,3223.471,3223.0,3223.92,ETH
2026-01-06 05:03:22+00:00,2026-01-06 05:06:24.708875+00:00,202.0,3223.451,3222.99,3223.92,ETH
2026-01-06 05:03:23+00:00,2026-01-06 05:06:25.725547+00:00,203.0,3223.451,3222.99,3223.77,ETH
2026-01-06 05:03:24+00:00,2026-01-06 05:06:26.718118+00:00,204.0,3223.451,3222.98,3223.81,ETH
2026-01-06 05:03:25+00:00,2026-01-06 05:06:27.716893+00:00,205.0,3223.451,3223.05,3223.92,ETH
2026-01-06 05:03:26+00:00,2026-01-06 05:06:28.733864+00:00,206.0,3223.821,3223.38,3224.0,ETH
2026-01-06 05:03:27+00:00,2026-01-06 05:06:29.741155+00:00,207.0,3223.861,3223.51,3224.28,ETH
2026-01-06 05:03:28+00:00,2026-01-06 05:06:30.730458+00:00,208.0,3224.571,3224.21,3224.96,ETH
2026-01-06 05:03:29+00:00,2026-01-06 05:06:31.744713+00:00,209.0,3224.591,3224.24,3224.96,ETH
2026-01-06 05:03:30+00:00,2026-01-06 05:06:32.780723+00:00,210.0,3224.591,3224.24,3224.96,ETH
2026-01-06 05:03:31+00:00,2026-01-06 05:06:33.775639+00:00,211.0,3224.591,3224.25,3224.96,ETH
2026-01-06 05:03:32+00:00,2026-01-06 05:06:34.780236+00:00,212.0,3224.591,3224.25,3224.95,ETH
2026-01-06 05:03:33+00:00,2026-01-06 05:06:35.778584+00:00,213.0,3224.591,3224.25,3224.94,ETH
2026-01-06 05:03:34+00:00,2026-01-06 05:06:36.782979+00:00,214.0,3224.591,3224.25,3224.95,ETH
2026-01-06 05:03:35+00:00,2026-01-06 05:06:37.804076+00:00,215.0,3224.591,3224.25,3224.98,ETH
2026-01-06 05:03:36+00:00,2026-01-06 05:06:38.803283+00:00,216.0,3224.591,3224.25,3224.96,ETH
2026-01-06 05:03:37+00:00,2026-01-06 05:06:39.800781+00:00,217.0,3224.711,3224.31,3225.06,ETH
2026-01-06 05:03:38+00:00,2026-01-06 05:06:40.796299+00:00,218.0,3224.971,3224.62,3225.31,ETH
2026-01-06 05:03:39+00:00,2026-01-06 05:06:42.813383+00:00,219.0,3224.971,3224.62,3225.2,ETH
2026-01-06 05:03:40+00:00,2026-01-06 05:06:43.829907+00:00,220.0,3224.961,3224.62,3225.17,ETH
2026-01-06 05:03:41+00:00,2026-01-06 05:06:44.839675+00:00,221.0,3224.961,3224.62,3225.16,ETH
2026-01-06 05:03:43+00:00,2026-01-06 05:06:45.906455+00:00,223.0,3224.681,3224.6,3225.16,ETH
2026-01-06 05:03:44+00:00,2026-01-06 05:06:46.890984+00:00,224.0,3224.761,3224.4,3224.9,ETH
2026-01-06 05:03:45+00:00,2026-01-06 05:06:47.883595+00:00,225.0,3224.741,3224.29,3224.96,ETH
2026-01-06 05:03:46+00:00,2026-01-06 05:06:48.874667+00:00,226.0,3224.741,3224.29,3224.91,ETH
2026-01-06 05:03:47+00:00,2026-01-06 05:06:49.891605+00:00,227.0,3224.681,3224.25,3224.93,ETH
2026-01-06 05:03:48+00:00,2026-01-06 05:06:50.890133+00:00,228.0,3224.671,3224.18,3224.93,ETH
2026-01-06 05:03:49+00:00,2026-01-06 05:06:51.888737+00:00,229.0,3224.671,3224.18,3224.75,ETH
2026-01-06 05:03:50+00:00,2026-01-06 05:06:52.925883+00:00,230.0,3224.641,3224.15,3224.73,ETH
2026-01-06 05:03:51+00:00,2026-01-06 05:06:53.908581+00:00,231.0,3224.641,3224.16,3224.72,ETH
2026-01-06 05:03:52+00:00,2026-01-06 05:06:54.908040+00:00,232.0,3224.641,3224.16,3224.72,ETH
2026-01-06 05:03:53+00:00,2026-01-06 05:06:55.913843+00:00,233.0,3224.641,3224.16,3224.73,ETH
2026-01-06 05:03:54+00:00,2026-01-06 05:06:56.915376+00:00,234.0,3224.641,3224.16,3224.73,ETH
2026-01-06 05:03:55+00:00,2026-01-06 05:06:57.914397+00:00,235.0,3224.651,3224.16,3224.75,ETH
2026-01-06 05:03:56+00:00,2026-01-06 05:06:58.920446+00:00,236.0,3224.651,3224.16,3224.76,ETH
2026-01-06 05:03:57+00:00,2026-01-06 05:06:59.957303+00:00,237.0,3224.651,3224.16,3224.75,ETH
2026-01-06 05:03:58+00:00,2026-01-06 05:07:00.949900+00:00,238.0,3224.651,3224.18,3224.92,ETH
2026-01-06 05:03:59+00:00,2026-01-06 05:07:01.989983+00:00,239.0,3224.651,3224.18,3224.92,ETH
2026-01-06 05:04:00+00:00,2026-01-06 05:07:02.962607+00:00,240.0,3224.651,3224.18,3224.9,ETH
2026-01-06 05:04:01+00:00,2026-01-06 05:07:03.975284+00:00,241.0,3224.661,3224.18,3224.89,ETH
2026-01-06 05:04:02+00:00,2026-01-06 05:07:05.000974+00:00,242.0,3224.661,3224.18,3224.89,ETH
2026-01-06 05:04:03+00:00,2026-01-06 05:07:07.010542+00:00,243.0,3224.551,3224.17,3224.86,ETH
2026-01-06 05:04:04+00:00,2026-01-06 05:07:08.012638+00:00,244.0,3224.551,3224.15,3224.76,ETH
2026-01-06 05:04:05+00:00,2026-01-06 05:07:09.012168+00:00,245.0,3224.551,3224.16,3224.69,ETH
2026-01-06 05:04:06+00:00,2026-01-06 05:07:10.022570+00:00,246.0,3224.551,3224.15,3224.71,ETH
2026-01-06 05:04:07+00:00,2026-01-06 05:07:11.033319+00:00,247.0,3224.551,3224.15,3224.72,ETH
2026-01-06 05:04:08+00:00,2026-01-06 05:07:12.009741+00:00,248.0,3224.551,3224.15,3224.74,ETH
2026-01-06 05:04:09+00:00,2026-01-06 05:07:13.009613+00:00,249.0,3224.551,3224.16,3224.75,ETH
2026-01-06 05:04:10+00:00,2026-01-06 05:07:14.013329+00:00,250.0,3224.561,3224.17,3224.76,ETH
2026-01-06 05:04:11+00:00,2026-01-06 05:07:15.038389+00:00,251.0,3224.571,3224.17,3224.8,ETH
2026-01-06 05:04:12+00:00,2026-01-06 05:07:16.036176+00:00,252.0,3224.591,3224.17,3224.85,ETH
2026-01-06 05:04:13+00:00,2026-01-06 05:07:17.047139+00:00,253.0,3224.621,3224.18,3224.85,ETH
2026-01-06 05:04:14+00:00,2026-01-06 05:07:18.077399+00:00,254.0,3224.631,3224.18,3224.89,ETH
2026-01-06 05:04:15+00:00,2026-01-06 05:07:19.080534+00:00,255.0,3224.521,3224.06,3224.74,ETH
2026-01-06 05:04:16+00:00,2026-01-06 05:07:20.079892+00:00,256.0,3224.401,3223.94,3224.55,ETH
2026-01-06 05:04:17+00:00,2026-01-06 05:07:21.079865+00:00,257.0,3224.391,3223.94,3224.56,ETH
2026-01-06 05:04:18+00:00,2026-01-06 05:07:22.102794+00:00,258.0,3224.381,3223.93,3224.57,ETH
2026-01-06 05:04:19+00:00,2026-01-06 05:07:23.106570+00:00,259.0,3224.381,3223.93,3224.56,ETH
2026-01-06 05:04:20+00:00,2026-01-06 05:07:24.116843+00:00,260.0,3224.371,3223.93,3224.54,ETH
2026-01-06 05:04:21+00:00,2026-01-06 05:07:25.109200+00:00,261.0,3224.371,3223.92,3224.54,ETH
2026-01-06 05:04:22+00:00,2026-01-06 05:07:26.131442+00:00,262.0,3224.371,3223.92,3224.55,ETH
2026-01-06 05:04:23+00:00,2026-01-06 05:07:27.128554+00:00,263.0,3224.371,3223.92,3224.56,ETH
2026-01-06 05:04:24+00:00,2026-01-06 05:07:28.152163+00:00,264.0,3224.341,3223.89,3224.55,ETH
2026-01-06 05:04:25+00:00,2026-01-06 05:07:29.155185+00:00,265.0,3224.141,3223.86,3224.44,ETH
2026-01-06 05:04:26+00:00,2026-01-06 05:07:30.167464+00:00,266.0,3223.961,3223.86,3224.32,ETH
2026-01-06 05:04:27+00:00,2026-01-06 05:07:31.169946+00:00,267.0,3223.961,3223.6,3224.14,ETH
2026-01-06 05:04:28+00:00,2026-01-06 05:07:32.170034+00:00,268.0,3223.551,3223.54,3223.88,ETH
2026-01-06 05:04:29+00:00,2026-01-06 05:07:33.178393+00:00,269.0,3223.551,3223.19,3223.84,ETH
2026-01-06 05:04:30+00:00,2026-01-06 05:07:34.226163+00:00,270.0,3223.841,3223.4,3224.25,ETH
2026-01-06 05:04:31+00:00,2026-01-06 05:07:35.179594+00:00,271.0,3223.931,3223.48,3224.39,ETH
2026-01-06 05:04:32+00:00,2026-01-06 05:07:36.237671+00:00,272.0,3224.021,3223.61,3224.44,ETH
2026-01-06 05:04:33+00:00,2026-01-06 05:07:37.265550+00:00,273.0,3224.021,3223.61,3224.45,ETH
2026-01-06 05:04:34+00:00,2026-01-06 05:07:38.214731+00:00,274.0,3224.031,3223.61,3224.45,ETH
2026-01-06 05:04:35+00:00,2026-01-06 05:07:39.225732+00:00,275.0,3224.071,3223.63,3224.45,ETH
2026-01-06 05:04:36+00:00,2026-01-06 05:07:40.260567+00:00,276.0,3224.091,3223.61,3224.5,ETH
2026-01-06 05:04:37+00:00,2026-01-06 05:07:41.226583+00:00,277.0,3224.101,3223.61,3224.57,ETH
2026-01-06 05:04:38+00:00,2026-01-06 05:07:42.222207+00:00,278.0,3224.121,3223.65,3224.57,ETH
2026-01-06 05:04:39+00:00,2026-01-06 05:07:43.231025+00:00,279.0,3224.121,3223.66,3224.56,ETH
2026-01-06 05:04:40+00:00,2026-01-06 05:07:44.252998+00:00,280.0,3224.121,3223.67,3224.54,ETH
2026-01-06 05:04:41+00:00,2026-01-06 05:07:45.256640+00:00,281.0,3224.131,3223.68,3224.56,ETH
2026-01-06 05:04:42+00:00,2026-01-06 05:07:46.240508+00:00,282.0,3224.131,3223.68,3224.57,ETH
2026-01-06 05:04:43+00:00,2026-01-06 05:07:47.237076+00:00,283.0,3224.151,3223.69,3224.58,ETH
2026-01-06 05:04:44+00:00,2026-01-06 05:07:48.257166+00:00,284.0,3224.221,3223.77,3224.65,ETH
2026-01-06 05:04:45+00:00,2026-01-06 05:07:49.242969+00:00,285.0,3224.241,3223.83,3224.7,ETH
2026-01-06 05:04:46+00:00,2026-01-06 05:07:50.240777+00:00,286.0,3224.201,3223.82,3224.7,ETH
2026-01-06 05:04:47+00:00,2026-01-06 05:07:51.238795+00:00,287.0,3224.231,3223.84,3224.7,ETH
2026-01-06 05:04:48+00:00,2026-01-06 05:07:52.235691+00:00,288.0,3224.681,3224.25,3225.09,ETH
2026-01-06 05:04:49+00:00,2026-01-06 05:07:53.241760+00:00,289.0,3225.101,3224.65,3225.52,ETH
2026-01-06 05:04:50+00:00,2026-01-06 05:07:54.259956+00:00,290.0,3225.101,3224.66,3225.54,ETH
2026-01-06 05:04:51+00:00,2026-01-06 05:07:55.273293+00:00,291.0,3225.101,3224.67,3225.59,ETH
2026-01-06 05:04:52+00:00,2026-01-06 05:07:56.278704+00:00,292.0,3225.212,3224.71,3225.67,ETH
2026-01-06 05:04:53+00:00,2026-01-06 05:07:57.292116+00:00,293.0,3225.192,3224.8,3225.67,ETH
2026-01-06 05:04:54+00:00,2026-01-06 05:07:58.314317+00:00,294.0,3225.222,3224.81,3225.64,ETH
2026-01-06 05:04:55+00:00,2026-01-06 05:07:59.314328+00:00,295.0,3225.222,3224.81,3225.59,ETH
2026-01-06 05:04:56+00:00,2026-01-06 05:08:00.325395+00:00,296.0,3225.262,3224.94,3225.71,ETH
2026-01-06 05:04:57+00:00,2026-01-06 05:08:01.328876+00:00,297.0,3225.262,3224.94,3225.76,ETH
2026-01-06 05:04:58+00:00,2026-01-06 05:08:02.341246+00:00,298.0,3225.262,3224.94,3225.75,ETH
2026-01-06 05:04:59+00:00,2026-01-06 05:08:03.353361+00:00,299.0,3225.262,3224.93,3225.74,ETH
2026-01-06 05:05:00+00:00,2026-01-06 05:08:04.358343+00:00,300.0,3225.232,3224.91,3225.74,ETH
2026-01-06 05:05:01+00:00,2026-01-06 05:08:05.376851+00:00,301.0,3225.252,3224.91,3225.74,ETH
2026-01-06 05:05:02+00:00,2026-01-06 05:08:06.381167+00:00,302.0,3225.272,3224.93,3225.78,ETH
2026-01-06 05:05:03+00:00,2026-01-06 05:08:07.378228+00:00,303.0,3225.722,3225.3,3225.91,ETH
2026-01-06 05:05:04+00:00,2026-01-06 05:08:08.396905+00:00,304.0,3225.722,3225.4,3226.15,ETH
2026-01-06 05:05:05+00:00,2026-01-06 05:08:09.391156+00:00,305.0,3225.752,3225.46,3226.19,ETH
2026-01-06 05:05:06+00:00,2026-01-06 05:08:10.397834+00:00,306.0,3225.752,3225.46,3226.16,ETH
2026-01-06 05:05:07+00:00,2026-01-06 05:08:11.393050+00:00,307.0,3225.752,3225.46,3226.23,ETH
2026-01-06 05:05:08+00:00,2026-01-06 05:08:12.405056+00:00,308.0,3225.752,3225.46,3226.22,ETH
2026-01-06 05:05:09+00:00,2026-01-06 05:08:13.409728+00:00,309.0,3225.752,3225.46,3226.24,ETH
2026-01-06 05:05:10+00:00,2026-01-06 05:08:14.405141+00:00,310.0,3225.752,3225.46,3226.23,ETH
2026-01-06 05:05:11+00:00,2026-01-06 05:08:15.410278+00:00,311.0,3225.752,3225.46,3226.23,ETH
2026-01-06 05:05:12+00:00,2026-01-06 05:08:16.425473+00:00,312.0,3225.752,3225.46,3226.24,ETH
2026-01-06 05:05:13+00:00,2026-01-06 05:08:17.434422+00:00,313.0,3225.752,3225.46,3226.24,ETH
2026-01-06 05:05:14+00:00,2026-01-06 05:08:18.430011+00:00,314.0,3225.752,3225.46,3226.22,ETH
2026-01-06 05:05:15+00:00,2026-01-06 05:08:19.444828+00:00,315.0,3225.752,3225.46,3226.2,ETH
2026-01-06 05:05:16+00:00,2026-01-06 05:08:20.446257+00:00,316.0,3225.752,3225.46,3226.2,ETH
2026-01-06 05:05:17+00:00,2026-01-06 05:08:21.443998+00:00,317.0,3225.762,3225.46,3226.2,ETH
2026-01-06 05:05:18+00:00,2026-01-06 05:08:22.462313+00:00,318.0,3225.762,3225.46,3226.2,ETH
2026-01-06 05:05:19+00:00,2026-01-06 05:08:23.445238+00:00,319.0,3225.762,3225.46,3226.21,ETH
2026-01-06 05:05:20+00:00,2026-01-06 05:08:24.446727+00:00,320.0,3225.592,3225.46,3226.12,ETH
2026-01-06 05:05:21+00:00,2026-01-06 05:08:25.464208+00:00,321.0,3225.572,3225.42,3225.97,ETH
2026-01-06 05:05:22+00:00,2026-01-06 05:08:26.453413+00:00,322.0,3225.442,3225.19,3225.79,ETH
2026-01-06 05:05:23+00:00,2026-01-06 05:08:27.464967+00:00,323.0,3225.442,3225.05,3225.79,ETH
2026-01-06 05:05:24+00:00,2026-01-06 05:08:28.476992+00:00,324.0,3225.432,3224.97,3225.8,ETH
2026-01-06 05:05:25+00:00,2026-01-06 05:08:29.476899+00:00,325.0,3225.432,3224.96,3225.81,ETH
2026-01-06 05:05:26+00:00,2026-01-06 05:08:30.494084+00:00,326.0,3225.432,3224.94,3225.83,ETH
2026-01-06 05:05:27+00:00,2026-01-06 05:08:31.509852+00:00,327.0,3225.352,3224.93,3225.89,ETH
2026-01-06 05:05:28+00:00,2026-01-06 05:08:32.521113+00:00,328.0,3225.622,3225.22,3226.14,ETH
2026-01-06 05:05:29+00:00,2026-01-06 05:08:33.526025+00:00,329.0,3225.622,3225.23,3226.05,ETH
2026-01-06 05:05:30+00:00,2026-01-06 05:08:34.523944+00:00,330.0,3225.622,3225.23,3226.06,ETH
2026-01-06 05:05:31+00:00,2026-01-06 05:08:35.523728+00:00,331.0,3225.622,3225.24,3226.07,ETH
2026-01-06 05:05:32+00:00,2026-01-06 05:08:36.528898+00:00,332.0,3225.622,3225.23,3226.05,ETH
2026-01-06 05:05:33+00:00,2026-01-06 05:08:37.539705+00:00,333.0,3225.602,3225.25,3226.02,ETH
2026-01-06 05:05:34+00:00,2026-01-06 05:08:38.543576+00:00,334.0,3225.602,3225.22,3226.01,ETH
2026-01-06 05:05:35+00:00,2026-01-06 05:08:39.552057+00:00,335.0,3225.602,3225.22,3226.01,ETH
2026-01-06 05:05:36+00:00,2026-01-06 05:08:40.539941+00:00,336.0,3225.602,3225.22,3226.01,ETH
2026-01-06 05:05:37+00:00,2026-01-06 05:08:41.570155+00:00,337.0,3225.592,3225.22,3225.97,ETH
2026-01-06 05:05:38+00:00,2026-01-06 05:08:42.566503+00:00,338.0,3225.592,3225.22,3225.96,ETH
2026-01-06 05:05:39+00:00,2026-01-06 05:08:44.589961+00:00,339.0,3225.592,3225.22,3225.95,ETH
2026-01-06 05:05:40+00:00,2026-01-06 05:08:45.603058+00:00,340.0,3225.592,3225.22,3225.96,ETH
2026-01-06 05:05:41+00:00,2026-01-06 05:08:46.621181+00:00,341.0,3225.592,3225.22,3225.99,ETH
2026-01-06 05:05:42+00:00,2026-01-06 05:08:47.629291+00:00,342.0,3225.592,3225.22,3225.98,ETH
2026-01-06 05:05:43+00:00,2026-01-06 05:08:48.621983+00:00,343.0,3225.592,3225.22,3225.95,ETH
2026-01-06 05:05:44+00:00,2026-01-06 05:08:49.637772+00:00,344.0,3225.592,3225.22,3225.94,ETH
2026-01-06 05:05:45+00:00,2026-01-06 05:08:50.660681+00:00,345.0,3225.592,3225.22,3225.94,ETH
2026-01-06 05:05:46+00:00,2026-01-06 05:08:51.658027+00:00,346.0,3225.592,3225.22,3225.94,ETH
2026-01-06 05:05:47+00:00,2026-01-06 05:08:52.659200+00:00,347.0,3225.612,3225.22,3225.95,ETH
2026-01-06 05:05:48+00:00,2026-01-06 05:08:53.659295+00:00,348.0,3225.632,3225.2,3225.96,ETH
2026-01-06 05:05:49+00:00,2026-01-06 05:08:54.672643+00:00,349.0,3225.632,3225.19,3225.94,ETH
2026-01-06 05:05:50+00:00,2026-01-06 05:08:55.687419+00:00,350.0,3225.632,3225.19,3225.94,ETH
2026-01-06 05:05:51+00:00,2026-01-06 05:08:56.686361+00:00,351.0,3225.632,3225.18,3225.94,ETH
2026-01-06 05:05:53+00:00,2026-01-06 05:08:57.732391+00:00,353.0,3225.642,3225.17,3226.0,ETH
2026-01-06 05:05:54+00:00,2026-01-06 05:08:58.746351+00:00,354.0,3225.642,3225.18,3225.96,ETH
2026-01-06 05:05:55+00:00,2026-01-06 05:09:00.691907+00:00,355.0,3225.642,3225.18,3225.92,ETH
2026-01-06 05:05:56+00:00,2026-01-06 05:09:01.686320+00:00,356.0,3225.642,3225.18,3225.97,ETH
2026-01-06 05:05:57+00:00,2026-01-06 05:09:02.687713+00:00,357.0,3225.532,3225.14,3225.93,ETH
2026-01-06 05:05:59+00:00,2026-01-06 05:09:03.742330+00:00,359.0,3225.422,3224.9,3225.59,ETH
2026-01-06 05:06:00+00:00,2026-01-06 05:09:04.729583+00:00,360.0,3225.232,3224.83,3225.64,ETH
2026-01-06 05:06:01+00:00,2026-01-06 05:09:05.743498+00:00,361.0,3224.921,3224.78,3225.42,ETH
2026-01-06 05:06:02+00:00,2026-01-06 05:09:06.759357+00:00,362.0,3224.741,3224.63,3225.27,ETH
2026-01-06 05:06:03+00:00,2026-01-06 05:09:08.742480+00:00,363.0,3224.571,3224.26,3224.78,ETH
2026-01-06 05:06:04+00:00,2026-01-06 05:09:09.749888+00:00,364.0,3224.571,3224.18,3224.73,ETH
2026-01-06 05:06:05+00:00,2026-01-06 05:09:10.759125+00:00,365.0,3224.571,3224.13,3224.73,ETH
2026-01-06 05:06:06+00:00,2026-01-06 05:09:11.767213+00:00,366.0,3224.571,3224.13,3224.7,ETH
2026-01-06 05:06:07+00:00,2026-01-06 05:09:12.759298+00:00,367.0,3224.491,3224.12,3224.7,ETH
2026-01-06 05:06:08+00:00,2026-01-06 05:09:13.758394+00:00,368.0,3224.291,3224.05,3224.55,ETH
2026-01-06 05:06:09+00:00,2026-01-06 05:09:14.774547+00:00,369.0,3224.021,3223.73,3224.22,ETH
2026-01-06 05:06:10+00:00,2026-01-06 05:09:15.775036+00:00,370.0,3223.881,3223.47,3224.04,ETH
2026-01-06 05:06:11+00:00,2026-01-06 05:09:16.783362+00:00,371.0,3223.881,3223.47,3224.09,ETH
2026-01-06 05:06:12+00:00,2026-01-06 05:09:17.787061+00:00,372.0,3223.881,3223.46,3224.14,ETH
2026-01-06 05:06:13+00:00,2026-01-06 05:09:18.787369+00:00,373.0,3223.881,3223.46,3224.14,ETH
2026-01-06 05:06:14+00:00,2026-01-06 05:09:19.791817+00:00,374.0,3223.791,3223.43,3223.93,ETH
2026-01-06 05:06:15+00:00,2026-01-06 05:09:20.785540+00:00,375.0,3223.651,3223.37,3223.71,ETH
2026-01-06 05:06:16+00:00,2026-01-06 05:09:21.792226+00:00,376.0,3223.571,3223.2,3223.7,ETH
2026-01-06 05:06:17+00:00,2026-01-06 05:09:22.800278+00:00,377.0,3223.541,3223.08,3223.69,ETH
2026-01-06 05:06:18+00:00,2026-01-06 05:09:23.804766+00:00,378.0,3223.531,3223.09,3223.66,ETH
2026-01-06 05:06:19+00:00,2026-01-06 05:09:24.808926+00:00,379.0,3223.421,3222.95,3223.59,ETH
2026-01-06 05:06:20+00:00,2026-01-06 05:09:25.818518+00:00,380.0,3223.311,3222.8,3223.52,ETH
2026-01-06 05:06:21+00:00,2026-01-06 05:09:26.812024+00:00,381.0,3223.261,3222.79,3223.38,ETH
2026-01-06 05:06:22+00:00,2026-01-06 05:09:27.823563+00:00,382.0,3223.121,3222.79,3223.27,ETH
2026-01-06 05:06:24+00:00,2026-01-06 05:09:28.878829+00:00,384.0,3223.041,3222.78,3223.29,ETH
2026-01-06 05:06:25+00:00,2026-01-06 05:09:29.893209+00:00,385.0,3223.041,3222.57,3223.25,ETH
2026-01-06 05:06:26+00:00,2026-01-06 05:09:30.869009+00:00,386.0,3223.041,3222.58,3223.25,ETH
2026-01-06 05:06:27+00:00,2026-01-06 05:09:32.841969+00:00,387.0,3223.041,3222.57,3223.21,ETH
2026-01-06 05:06:28+00:00,2026-01-06 05:09:33.857727+00:00,388.0,3223.031,3222.57,3223.21,ETH
2026-01-06 05:06:29+00:00,2026-01-06 05:09:34.854824+00:00,389.0,3223.041,3222.57,3223.29,ETH
2026-01-06 05:06:30+00:00,2026-01-06 05:09:35.871694+00:00,390.0,3223.131,3222.66,3223.39,ETH
2026-01-06 05:06:31+00:00,2026-01-06 05:09:36.888128+00:00,391.0,3223.211,3222.75,3223.48,ETH
2026-01-06 05:06:32+00:00,2026-01-06 05:09:37.894650+00:00,392.0,3223.241,3222.75,3223.58,ETH
2026-01-06 05:06:33+00:00,2026-01-06 05:09:38.906166+00:00,393.0,3223.261,3222.76,3223.64,ETH
2026-01-06 05:06:34+00:00,2026-01-06 05:09:39.921359+00:00,394.0,3223.271,3222.78,3223.67,ETH
2026-01-06 05:06:35+00:00,2026-01-06 05:09:40.926543+00:00,395.0,3223.321,3222.86,3223.67,ETH
2026-01-06 05:06:36+00:00,2026-01-06 05:09:41.971610+00:00,396.0,3223.381,3222.92,3223.72,ETH
2026-01-06 05:06:37+00:00,2026-01-06 05:09:42.970881+00:00,397.0,3223.381,3222.92,3223.77,ETH
2026-01-06 05:06:38+00:00,2026-01-06 05:09:43.991633+00:00,398.0,3223.381,3222.93,3223.78,ETH
2026-01-06 05:06:39+00:00,2026-01-06 05:09:45.005533+00:00,399.0,3223.411,3222.95,3223.83,ETH
2026-01-06 05:06:40+00:00,2026-01-06 05:09:46.073831+00:00,400.0,3223.441,3222.97,3223.83,ETH
2026-01-06 05:06:41+00:00,2026-01-06 05:09:47.091475+00:00,401.0,3223.431,3222.97,3223.85,ETH
2026-01-06 05:06:42+00:00,2026-01-06 05:09:48.089639+00:00,402.0,3223.431,3222.98,3223.89,ETH
2026-01-06 05:06:43+00:00,2026-01-06 05:09:49.101174+00:00,403.0,3223.431,3222.98,3223.86,ETH
2026-01-06 05:06:44+00:00,2026-01-06 05:09:50.102066+00:00,404.0,3223.431,3222.98,3223.84,ETH
2026-01-06 05:06:45+00:00,2026-01-06 05:09:51.107283+00:00,405.0,3223.431,3222.98,3223.83,ETH
2026-01-06 05:06:46+00:00,2026-01-06 05:09:52.125825+00:00,406.0,3223.431,3222.97,3223.79,ETH
2026-01-06 05:06:48+00:00,2026-01-06 05:09:53.201713+00:00,408.0,3223.361,3222.9,3223.7,ETH
2026-01-06 05:06:49+00:00,2026-01-06 05:09:55.157291+00:00,409.0,3223.361,3222.9,3223.62,ETH
2026-01-06 05:06:50+00:00,2026-01-06 05:09:56.207403+00:00,410.0,3223.361,3222.9,3223.63,ETH
2026-01-06 05:06:51+00:00,2026-01-06 05:09:57.190173+00:00,411.0,3223.361,3222.9,3223.63,ETH
2026-01-06 05:06:52+00:00,2026-01-06 05:09:58.203217+00:00,412.0,3223.361,3222.9,3223.64,ETH
2026-01-06 05:06:53+00:00,2026-01-06 05:09:59.233699+00:00,413.0,3223.361,3222.9,3223.65,ETH
2026-01-06 05:06:54+00:00,2026-01-06 05:10:00.235426+00:00,414.0,3223.361,3222.89,3223.65,ETH
2026-01-06 05:06:55+00:00,2026-01-06 05:10:01.211410+00:00,415.0,3223.361,3222.9,3223.66,ETH
2026-01-06 05:06:56+00:00,2026-01-06 05:10:02.223002+00:00,416.0,3223.441,3223.1,3223.8,ETH
2026-01-06 05:06:57+00:00,2026-01-06 05:10:03.219869+00:00,417.0,3223.841,3223.5,3224.19,ETH
2026-01-06 05:06:58+00:00,2026-01-06 05:10:04.221344+00:00,418.0,3224.101,3223.68,3224.39,ETH
2026-01-06 05:06:59+00:00,2026-01-06 05:10:05.213082+00:00,419.0,3223.941,3223.64,3224.21,ETH
2026-01-06 05:07:00+00:00,2026-01-06 05:10:06.214594+00:00,420.0,3223.851,3223.49,3224.09,ETH
2026-01-06 05:07:01+00:00,2026-01-06 05:10:07.238865+00:00,421.0,3223.871,3223.37,3224.16,ETH
2026-01-06 05:07:02+00:00,2026-01-06 05:10:08.228399+00:00,422.0,3223.901,3223.38,3224.23,ETH
2026-01-06 05:07:03+00:00,2026-01-06 05:10:09.224325+00:00,423.0,3223.901,3223.38,3224.24,ETH
2026-01-06 05:07:04+00:00,2026-01-06 05:10:10.237449+00:00,424.0,3223.891,3223.38,3224.2,ETH
2026-01-06 05:07:05+00:00,2026-01-06 05:10:11.230292+00:00,425.0,3223.961,3223.51,3224.28,ETH
2026-01-06 05:07:06+00:00,2026-01-06 05:10:12.238807+00:00,426.0,3224.111,3223.79,3224.53,ETH
2026-01-06 05:07:07+00:00,2026-01-06 05:10:13.249466+00:00,427.0,3224.181,3223.89,3224.65,ETH
2026-01-06 05:07:08+00:00,2026-01-06 05:10:14.253883+00:00,428.0,3224.181,3223.81,3224.64,ETH
2026-01-06 05:07:09+00:00,2026-01-06 05:10:15.272571+00:00,429.0,3224.181,3223.73,3224.63,ETH
2026-01-06 05:07:10+00:00,2026-01-06 05:10:16.275466+00:00,430.0,3224.181,3223.69,3224.57,ETH
2026-01-06 05:07:11+00:00,2026-01-06 05:10:17.268003+00:00,431.0,3224.181,3223.68,3224.51,ETH
2026-01-06 05:07:12+00:00,2026-01-06 05:10:18.272598+00:00,432.0,3224.171,3223.67,3224.5,ETH
2026-01-06 05:07:13+00:00,2026-01-06 05:10:19.275269+00:00,433.0,3224.151,3223.67,3224.52,ETH
2026-01-06 05:07:14+00:00,2026-01-06 05:10:20.270073+00:00,434.0,3224.111,3223.66,3224.51,ETH
2026-01-06 05:07:15+00:00,2026-01-06 05:10:21.261960+00:00,435.0,3224.131,3223.66,3224.44,ETH
2026-01-06 05:07:16+00:00,2026-01-06 05:10:22.273213+00:00,436.0,3224.141,3223.64,3224.43,ETH
2026-01-06 05:07:17+00:00,2026-01-06 05:10:23.271120+00:00,437.0,3224.141,3223.65,3224.43,ETH
2026-01-06 05:07:18+00:00,2026-01-06 05:10:24.284920+00:00,438.0,3224.161,3223.64,3224.52,ETH
2026-01-06 05:07:19+00:00,2026-01-06 05:10:25.286490+00:00,439.0,3224.171,3223.66,3224.51,ETH
2026-01-06 05:07:20+00:00,2026-01-06 05:10:26.286509+00:00,440.0,3224.171,3223.66,3224.5,ETH
2026-01-06 05:07:21+00:00,2026-01-06 05:10:27.287883+00:00,441.0,3224.181,3223.66,3224.57,ETH
2026-01-06 05:07:22+00:00,2026-01-06 05:10:28.289735+00:00,442.0,3224.201,3223.68,3224.52,ETH
2026-01-06 05:07:23+00:00,2026-01-06 05:10:29.307443+00:00,443.0,3224.201,3223.68,3224.57,ETH
2026-01-06 05:07:24+00:00,2026-01-06 05:10:30.299786+00:00,444.0,3224.201,3223.68,3224.56,ETH
2026-01-06 05:07:25+00:00,2026-01-06 05:10:31.304139+00:00,445.0,3224.201,3223.68,3224.56,ETH
2026-01-06 05:07:26+00:00,2026-01-06 05:10:32.305346+00:00,446.0,3224.211,3223.69,3224.64,ETH
2026-01-06 05:07:27+00:00,2026-01-06 05:10:33.304079+00:00,447.0,3224.351,3223.87,3224.92,ETH
2026-01-06 05:07:28+00:00,2026-01-06 05:10:34.334747+00:00,448.0,3224.471,3224.03,3225.02,ETH
2026-01-06 05:07:29+00:00,2026-01-06 05:10:35.338693+00:00,449.0,3224.731,3224.23,3225.15,ETH
2026-01-06 05:07:30+00:00,2026-01-06 05:10:36.356476+00:00,450.0,3224.731,3224.35,3225.24,ETH
2026-01-06 05:07:31+00:00,2026-01-06 05:10:37.419990+00:00,451.0,3224.881,3224.35,3225.34,ETH
2026-01-06 05:07:32+00:00,2026-01-06 05:10:38.426631+00:00,452.0,3225.172,3224.76,3225.53,ETH
2026-01-06 05:07:33+00:00,2026-01-06 05:10:39.439086+00:00,453.0,3225.212,3224.82,3225.58,ETH
2026-01-06 05:07:34+00:00,2026-01-06 05:10:40.438313+00:00,454.0,3225.151,3224.79,3225.55,ETH
2026-01-06 05:07:35+00:00,2026-01-06 05:10:41.569810+00:00,455.0,3225.151,3224.79,3225.57,ETH
2026-01-06 05:07:36+00:00,2026-01-06 05:10:42.569500+00:00,456.0,3225.151,3224.78,3225.51,ETH
2026-01-06 05:07:37+00:00,2026-01-06 05:10:43.564789+00:00,457.0,3225.151,3224.78,3225.53,ETH
2026-01-06 05:07:38+00:00,2026-01-06 05:10:45.585157+00:00,458.0,3225.151,3224.77,3225.6,ETH
2026-01-06 05:07:39+00:00,2026-01-06 05:10:46.585180+00:00,459.0,3225.202,3224.79,3225.64,ETH
2026-01-06 05:07:40+00:00,2026-01-06 05:10:47.599963+00:00,460.0,3225.262,3224.83,3225.64,ETH
2026-01-06 05:07:41+00:00,2026-01-06 05:10:48.587410+00:00,461.0,3225.262,3224.87,3225.64,ETH
2026-01-06 05:07:42+00:00,2026-01-06 05:10:49.585269+00:00,462.0,3225.192,3224.88,3225.42,ETH
2026-01-06 05:07:43+00:00,2026-01-06 05:10:50.586457+00:00,463.0,3224.961,3224.74,3225.11,ETH
2026-01-06 05:07:44+00:00,2026-01-06 05:10:51.605354+00:00,464.0,3224.781,3224.42,3225.01,ETH
2026-01-06 05:07:45+00:00,2026-01-06 05:10:52.604819+00:00,465.0,3224.771,3224.26,3225.02,ETH
2026-01-06 05:07:46+00:00,2026-01-06 05:10:53.619308+00:00,466.0,3224.771,3224.26,3225.06,ETH
2026-01-06 05:07:47+00:00,2026-01-06 05:10:54.638382+00:00,467.0,3224.791,3224.26,3225.08,ETH
2026-01-06 05:07:48+00:00,2026-01-06 05:10:55.645513+00:00,468.0,3224.821,3224.26,3225.06,ETH
2026-01-06 05:07:49+00:00,2026-01-06 05:10:56.647940+00:00,469.0,3224.821,3224.27,3225.07,ETH
2026-01-06 05:07:51+00:00,2026-01-06 05:10:57.699312+00:00,471.0,3224.831,3224.28,3225.1,ETH
2026-01-06 05:07:52+00:00,2026-01-06 05:10:58.706012+00:00,472.0,3224.811,3224.27,3225.01,ETH
2026-01-06 05:07:53+00:00,2026-01-06 05:10:59.717280+00:00,473.0,3224.801,3224.26,3225.01,ETH
2026-01-06 05:07:54+00:00,2026-01-06 05:11:00.704741+00:00,474.0,3224.811,3224.26,3225.01,ETH
2026-01-06 05:07:55+00:00,2026-01-06 05:11:01.701689+00:00,475.0,3224.821,3224.28,3225.01,ETH
2026-01-06 05:07:56+00:00,2026-01-06 05:11:02.723286+00:00,476.0,3224.821,3224.28,3225.01,ETH
2026-01-06 05:07:57+00:00,2026-01-06 05:11:03.729039+00:00,477.0,3224.821,3224.28,3225.01,ETH
2026-01-06 05:07:58+00:00,2026-01-06 05:11:04.733424+00:00,478.0,3224.821,3224.28,3225.01,ETH
2026-01-06 05:07:59+00:00,2026-01-06 05:11:05.731876+00:00,479.0,3224.821,3224.33,3225.01,ETH
2026-01-06 05:08:00+00:00,2026-01-06 05:11:06.747018+00:00,480.0,3224.871,3224.45,3225.02,ETH
2026-01-06 05:08:01+00:00,2026-01-06 05:11:07.751562+00:00,481.0,3224.871,3224.48,3225.0,ETH
2026-01-06 05:08:02+00:00,2026-01-06 05:11:09.754641+00:00,482.0,3224.071,3223.96,3224.22,ETH
2026-01-06 05:08:04+00:00,2026-01-06 05:11:10.789264+00:00,484.0,3223.971,3223.44,3224.22,ETH
2026-01-06 05:08:05+00:00,2026-01-06 05:11:11.818105+00:00,485.0,3223.971,3223.44,3224.22,ETH
2026-01-06 05:08:06+00:00,2026-01-06 05:11:12.809569+00:00,486.0,3223.971,3223.44,3224.22,ETH
2026-01-06 05:08:07+00:00,2026-01-06 05:11:13.815799+00:00,487.0,3223.951,3223.42,3224.22,ETH
2026-01-06 05:08:08+00:00,2026-01-06 05:11:14.823938+00:00,488.0,3223.951,3223.43,3224.22,ETH
2026-01-06 05:08:09+00:00,2026-01-06 05:11:15.817738+00:00,489.0,3223.961,3223.44,3224.22,ETH
2026-01-06 05:08:10+00:00,2026-01-06 05:11:16.813165+00:00,490.0,3223.961,3223.44,3224.22,ETH
2026-01-06 05:08:11+00:00,2026-01-06 05:11:17.830459+00:00,491.0,3223.951,3223.42,3224.22,ETH
2026-01-06 05:08:12+00:00,2026-01-06 05:11:18.839784+00:00,492.0,3223.951,3223.42,3224.22,ETH
2026-01-06 05:08:13+00:00,2026-01-06 05:11:19.859114+00:00,493.0,3223.911,3223.42,3224.17,ETH
2026-01-06 05:08:14+00:00,2026-01-06 05:11:20.863570+00:00,494.0,3223.911,3223.42,3224.12,ETH
2026-01-06 05:08:15+00:00,2026-01-06 05:11:21.866983+00:00,495.0,3223.901,3223.43,3224.09,ETH
2026-01-06 05:08:16+00:00,2026-01-06 05:11:22.866638+00:00,496.0,3223.901,3223.43,3224.12,ETH
2026-01-06 05:08:17+00:00,2026-01-06 05:11:23.864497+00:00,497.0,3223.911,3223.45,3224.09,ETH
2026-01-06 05:08:18+00:00,2026-01-06 05:11:24.870289+00:00,498.0,3223.911,3223.45,3224.07,ETH
2026-01-06 05:08:19+00:00,2026-01-06 05:11:25.882738+00:00,499.0,3223.911,3223.45,3224.17,ETH
2026-01-06 05:08:20+00:00,2026-01-06 05:11:26.881582+00:00,500.0,3224.031,3223.54,3224.22,ETH
2026-01-06 05:08:21+00:00,2026-01-06 05:11:27.886677+00:00,501.0,3224.031,3223.55,3224.36,ETH
2026-01-06 05:08:22+00:00,2026-01-06 05:11:28.904625+00:00,502.0,3224.031,3223.56,3224.37,ETH
2026-01-06 05:08:23+00:00,2026-01-06 05:11:29.903710+00:00,503.0,3224.011,3223.53,3224.37,ETH
2026-01-06 05:08:24+00:00,2026-01-06 05:11:30.921306+00:00,504.0,3224.011,3223.53,3224.3,ETH
2026-01-06 05:08:25+00:00,2026-01-06 05:11:31.923551+00:00,505.0,3224.011,3223.53,3224.29,ETH
2026-01-06 05:08:26+00:00,2026-01-06 05:11:32.921970+00:00,506.0,3224.011,3223.53,3224.36,ETH
2026-01-06 05:08:27+00:00,2026-01-06 05:11:34.951790+00:00,507.0,3223.851,3223.38,3224.15,ETH
2026-01-06 05:08:28+00:00,2026-01-06 05:11:35.952519+00:00,508.0,3223.731,3223.25,3224.06,ETH
2026-01-06 05:08:29+00:00,2026-01-06 05:11:36.988679+00:00,509.0,3223.651,3223.17,3223.95,ETH
2026-01-06 05:08:30+00:00,2026-01-06 05:11:37.998288+00:00,510.0,3223.631,3223.16,3223.9,ETH
2026-01-06 05:08:31+00:00,2026-01-06 05:11:38.987365+00:00,511.0,3223.631,3223.15,3223.9,ETH
2026-01-06 05:08:32+00:00,2026-01-06 05:11:39.998168+00:00,512.0,3223.621,3223.14,3223.9,ETH
2026-01-06 05:08:33+00:00,2026-01-06 05:11:40.999815+00:00,513.0,3223.621,3223.14,3223.9,ETH
2026-01-06 05:08:34+00:00,2026-01-06 05:11:42.006760+00:00,514.0,3223.631,3223.14,3223.9,ETH
2026-01-06 05:08:35+00:00,2026-01-06 05:11:42.995251+00:00,515.0,3223.641,3223.14,3223.97,ETH
2026-01-06 05:08:36+00:00,2026-01-06 05:11:44.017068+00:00,516.0,3223.661,3223.14,3224.03,ETH
2026-01-06 05:08:37+00:00,2026-01-06 05:11:45.033611+00:00,517.0,3223.671,3223.14,3224.02,ETH
2026-01-06 05:08:38+00:00,2026-01-06 05:11:46.033460+00:00,518.0,3223.671,3223.14,3224.02,ETH
2026-01-06 05:08:39+00:00,2026-01-06 05:11:47.027706+00:00,519.0,3223.671,3223.14,3224.01,ETH
2026-01-06 05:08:40+00:00,2026-01-06 05:11:48.052049+00:00,520.0,3223.571,3223.12,3223.88,ETH
2026-01-06 05:08:41+00:00,2026-01-06 05:11:49.066315+00:00,521.0,3223.471,3223.07,3223.72,ETH
2026-01-06 05:08:42+00:00,2026-01-06 05:11:50.065413+00:00,522.0,3223.471,3223.04,3223.68,ETH
2026-01-06 05:08:43+00:00,2026-01-06 05:11:51.069066+00:00,523.0,3223.471,3223.04,3223.67,ETH
2026-01-06 05:08:44+00:00,2026-01-06 05:11:52.065864+00:00,524.0,3223.471,3223.05,3223.68,ETH
2026-01-06 05:08:45+00:00,2026-01-06 05:11:53.080089+00:00,525.0,3223.471,3223.04,3223.71,ETH
2026-01-06 05:08:46+00:00,2026-01-06 05:11:54.065160+00:00,526.0,3223.471,3223.03,3223.74,ETH
2026-01-06 05:08:47+00:00,2026-01-06 05:11:55.079907+00:00,527.0,3223.471,3223.03,3223.76,ETH
2026-01-06 05:08:48+00:00,2026-01-06 05:11:56.086366+00:00,528.0,3223.471,3223.02,3223.75,ETH
2026-01-06 05:08:49+00:00,2026-01-06 05:11:57.082551+00:00,529.0,3223.471,3223.02,3223.73,ETH
2026-01-06 05:08:50+00:00,2026-01-06 05:11:58.082038+00:00,530.0,3223.471,3223.02,3223.72,ETH
2026-01-06 05:08:51+00:00,2026-01-06 05:11:59.094502+00:00,531.0,3223.471,3223.02,3223.71,ETH
2026-01-06 05:08:52+00:00,2026-01-06 05:12:00.099316+00:00,532.0,3223.371,3223.02,3223.61,ETH
2026-01-06 05:08:53+00:00,2026-01-06 05:12:01.097677+00:00,533.0,3223.211,3222.86,3223.39,ETH
2026-01-06 05:08:54+00:00,2026-01-06 05:12:02.084181+00:00,534.0,3223.141,3222.68,3223.25,ETH
2026-01-06 05:08:55+00:00,2026-01-06 05:12:03.082700+00:00,535.0,3223.111,3222.64,3223.22,ETH
2026-01-06 05:08:56+00:00,2026-01-06 05:12:04.084092+00:00,536.0,3223.091,3222.63,3223.2,ETH
2026-01-06 05:08:57+00:00,2026-01-06 05:12:05.095869+00:00,537.0,3223.081,3222.61,3223.2,ETH
2026-01-06 05:08:58+00:00,2026-01-06 05:12:06.108873+00:00,538.0,3223.061,3222.59,3223.2,ETH
2026-01-06 05:08:59+00:00,2026-01-06 05:12:07.113388+00:00,539.0,3223.061,3222.58,3223.2,ETH
2026-01-06 05:09:00+00:00,2026-01-06 05:12:08.114179+00:00,540.0,3222.941,3222.46,3223.11,ETH
2026-01-06 05:09:01+00:00,2026-01-06 05:12:09.110060+00:00,541.0,3222.601,3222.34,3222.96,ETH
2026-01-06 05:09:02+00:00,2026-01-06 05:12:10.132056+00:00,542.0,3222.361,3222.2,3222.7,ETH
2026-01-06 05:09:03+00:00,2026-01-06 05:12:11.134022+00:00,543.0,3222.391,3222.05,3222.6,ETH
2026-01-06 05:09:04+00:00,2026-01-06 05:12:12.131590+00:00,544.0,3222.641,3222.2,3222.97,ETH
2026-01-06 05:09:05+00:00,2026-01-06 05:12:13.132624+00:00,545.0,3222.931,3222.59,3223.44,ETH
2026-01-06 05:09:06+00:00,2026-01-06 05:12:14.134789+00:00,546.0,3223.181,3222.8,3223.73,ETH
2026-01-06 05:09:07+00:00,2026-01-06 05:12:15.151469+00:00,547.0,3223.351,3222.81,3223.82,ETH
2026-01-06 05:09:08+00:00,2026-01-06 05:12:16.173426+00:00,548.0,3223.351,3222.81,3223.86,ETH
2026-01-06 05:09:09+00:00,2026-01-06 05:12:17.180269+00:00,549.0,3223.351,3222.81,3223.9,ETH
2026-01-06 05:09:10+00:00,2026-01-06 05:12:18.190967+00:00,550.0,3223.351,3222.82,3223.89,ETH
2026-01-06 05:09:11+00:00,2026-01-06 05:12:19.184825+00:00,551.0,3223.341,3222.83,3223.88,ETH
2026-01-06 05:09:12+00:00,2026-01-06 05:12:20.197361+00:00,552.0,3223.331,3222.83,3223.88,ETH
2026-01-06 05:09:13+00:00,2026-01-06 05:12:21.210548+00:00,553.0,3223.351,3222.83,3223.87,ETH
2026-01-06 05:09:14+00:00,2026-01-06 05:12:22.218363+00:00,554.0,3223.361,3222.83,3223.87,ETH
2026-01-06 05:09:15+00:00,2026-01-06 05:12:23.254094+00:00,555.0,3223.361,3222.83,3223.86,ETH
2026-01-06 05:09:16+00:00,2026-01-06 05:12:24.230953+00:00,556.0,3223.361,3222.86,3223.86,ETH
2026-01-06 05:09:17+00:00,2026-01-06 05:12:25.239420+00:00,557.0,3223.551,3223.01,3224.01,ETH
2026-01-06 05:09:18+00:00,2026-01-06 05:12:26.253097+00:00,558.0,3223.731,3223.21,3224.16,ETH
2026-01-06 05:09:19+00:00,2026-01-06 05:12:27.249581+00:00,559.0,3223.731,3223.28,3224.17,ETH
2026-01-06 05:09:20+00:00,2026-01-06 05:12:28.250595+00:00,560.0,3223.711,3223.3,3224.19,ETH
2026-01-06 05:09:21+00:00,2026-01-06 05:12:29.266819+00:00,561.0,3223.691,3223.31,3224.19,ETH
2026-01-06 05:09:22+00:00,2026-01-06 05:12:30.288108+00:00,562.0,3223.691,3223.31,3224.16,ETH
2026-01-06 05:09:23+00:00,2026-01-06 05:12:31.296865+00:00,563.0,3223.691,3223.3,3224.19,ETH
2026-01-06 05:09:24+00:00,2026-01-06 05:12:32.302755+00:00,564.0,3223.691,3223.3,3224.21,ETH
2026-01-06 05:09:25+00:00,2026-01-06 05:12:33.295565+00:00,565.0,3223.691,3223.31,3224.21,ETH
2026-01-06 05:09:26+00:00,2026-01-06 05:12:34.322305+00:00,566.0,3223.691,3223.31,3224.22,ETH
2026-01-06 05:09:27+00:00,2026-01-06 05:12:35.334614+00:00,567.0,3223.691,3223.3,3224.24,ETH
2026-01-06 05:09:28+00:00,2026-01-06 05:12:36.332329+00:00,568.0,3223.691,3223.3,3224.2,ETH
2026-01-06 05:09:29+00:00,2026-01-06 05:12:37.340312+00:00,569.0,3223.691,3223.3,3224.17,ETH
2026-01-06 05:09:30+00:00,2026-01-06 05:12:38.331581+00:00,570.0,3223.681,3223.3,3224.15,ETH
2026-01-06 05:09:31+00:00,2026-01-06 05:12:39.336649+00:00,571.0,3223.681,3223.3,3224.13,ETH
2026-01-06 05:09:32+00:00,2026-01-06 05:12:40.348737+00:00,572.0,3223.681,3223.3,3224.14,ETH
2026-01-06 05:09:33+00:00,2026-01-06 05:12:41.354685+00:00,573.0,3223.711,3223.3,3224.15,ETH
2026-01-06 05:09:34+00:00,2026-01-06 05:12:42.345804+00:00,574.0,3223.741,3223.29,3224.2,ETH
2026-01-06 05:09:35+00:00,2026-01-06 05:12:43.344592+00:00,575.0,3223.741,3223.28,3224.26,ETH
2026-01-06 05:09:36+00:00,2026-01-06 05:12:44.348176+00:00,576.0,3223.741,3223.28,3224.25,ETH
2026-01-06 05:09:37+00:00,2026-01-06 05:12:45.351682+00:00,577.0,3223.741,3223.28,3224.23,ETH
2026-01-06 05:09:38+00:00,2026-01-06 05:12:46.346133+00:00,578.0,3223.741,3223.28,3224.21,ETH
2026-01-06 05:09:39+00:00,2026-01-06 05:12:47.368833+00:00,579.0,3223.741,3223.27,3224.17,ETH
2026-01-06 05:09:40+00:00,2026-01-06 05:12:48.382007+00:00,580.0,3223.731,3223.28,3224.16,ETH
2026-01-06 05:09:41+00:00,2026-01-06 05:12:49.363528+00:00,581.0,3223.691,3223.25,3223.87,ETH
2026-01-06 05:09:42+00:00,2026-01-06 05:12:50.361314+00:00,582.0,3223.681,3223.22,3223.81,ETH
2026-01-06 05:09:43+00:00,2026-01-06 05:12:51.363622+00:00,583.0,3223.681,3223.22,3223.85,ETH
2026-01-06 05:09:44+00:00,2026-01-06 05:12:52.366810+00:00,584.0,3223.721,3223.24,3224.0,ETH
2026-01-06 05:09:45+00:00,2026-01-06 05:12:53.365649+00:00,585.0,3223.731,3223.27,3224.17,ETH
2026-01-06 05:09:46+00:00,2026-01-06 05:12:54.364217+00:00,586.0,3223.741,3223.28,3224.17,ETH
2026-01-06 05:09:47+00:00,2026-01-06 05:12:55.367535+00:00,587.0,3223.741,3223.28,3224.17,ETH
2026-01-06 05:09:48+00:00,2026-01-06 05:12:56.381866+00:00,588.0,3223.741,3223.28,3224.17,ETH
2026-01-06 05:09:49+00:00,2026-01-06 05:12:57.380010+00:00,589.0,3223.751,3223.28,3224.17,ETH
2026-01-06 05:09:50+00:00,2026-01-06 05:12:58.399808+00:00,590.0,3223.751,3223.28,3224.17,ETH
2026-01-06 05:09:51+00:00,2026-01-06 05:12:59.396859+00:00,591.0,3223.751,3223.3,3224.16,ETH
2026-01-06 05:09:52+00:00,2026-01-06 05:13:00.395035+00:00,592.0,3223.741,3223.3,3224.16,ETH
2026-01-06 05:09:53+00:00,2026-01-06 05:13:01.412250+00:00,593.0,3223.741,3223.3,3224.16,ETH
2026-01-06 05:09:54+00:00,2026-01-06 05:13:02.445244+00:00,594.0,3223.741,3223.29,3224.16,ETH
2026-01-06 05:09:55+00:00,2026-01-06 05:13:03.446248+00:00,595.0,3223.741,3223.29,3224.16,ETH
2026-01-06 05:09:56+00:00,2026-01-06 05:13:04.436333+00:00,596.0,3223.741,3223.3,3224.16,ETH
2026-01-06 05:09:57+00:00,2026-01-06 05:13:05.437779+00:00,597.0,3223.741,3223.29,3224.16,ETH
2026-01-06 05:09:58+00:00,2026-01-06 05:13:06.449177+00:00,598.0,3223.741,3223.29,3224.16,ETH
2026-01-06 05:09:59+00:00,2026-01-06 05:13:07.451738+00:00,599.0,3223.741,3223.29,3224.16,ETH
2026-01-06 05:10:00+00:00,2026-01-06 05:13:08.452954+00:00,600.0,3223.741,3223.29,3224.16,ETH
2026-01-06 05:10:01+00:00,2026-01-06 05:13:09.465531+00:00,601.0,3223.751,3223.3,3224.16,ETH
2026-01-06 05:10:02+00:00,2026-01-06 05:13:11.465545+00:00,602.0,3223.761,3223.3,3224.16,ETH
2026-01-06 05:10:03+00:00,2026-01-06 05:13:12.481841+00:00,603.0,3223.761,3223.3,3224.16,ETH
2026-01-06 05:10:04+00:00,2026-01-06 05:13:13.496918+00:00,604.0,3223.771,3223.3,3224.16,ETH
2026-01-06 05:10:05+00:00,2026-01-06 05:13:14.515212+00:00,605.0,3223.771,3223.3,3224.16,ETH
2026-01-06 05:10:06+00:00,2026-01-06 05:13:15.530677+00:00,606.0,3223.771,3223.3,3224.16,ETH
2026-01-06 05:10:07+00:00,2026-01-06 05:13:16.545768+00:00,607.0,3223.771,3223.3,3224.16,ETH
2026-01-06 05:10:08+00:00,2026-01-06 05:13:17.550101+00:00,608.0,3223.771,3223.3,3224.16,ETH
2026-01-06 05:10:09+00:00,2026-01-06 05:13:18.555528+00:00,609.0,3223.761,3223.32,3224.16,ETH
2026-01-06 05:10:10+00:00,2026-01-06 05:13:19.565085+00:00,610.0,3223.761,3223.33,3224.16,ETH
2026-01-06 05:10:11+00:00,2026-01-06 05:13:20.562451+00:00,611.0,3223.761,3223.33,3224.16,ETH
2026-01-06 05:10:12+00:00,2026-01-06 05:13:21.563051+00:00,612.0,3223.761,3223.33,3224.16,ETH
2026-01-06 05:10:13+00:00,2026-01-06 05:13:22.561997+00:00,613.0,3223.761,3223.33,3224.16,ETH
2026-01-06 05:10:14+00:00,2026-01-06 05:13:23.568876+00:00,614.0,3223.761,3223.33,3224.16,ETH
2026-01-06 05:10:15+00:00,2026-01-06 05:13:24.560880+00:00,615.0,3223.761,3223.33,3224.16,ETH
2026-01-06 05:10:16+00:00,2026-01-06 05:13:25.562301+00:00,616.0,3223.761,3223.34,3224.16,ETH
2026-01-06 05:10:17+00:00,2026-01-06 05:13:26.564202+00:00,617.0,3223.761,3223.34,3224.16,ETH
2026-01-06 05:10:18+00:00,2026-01-06 05:13:27.586975+00:00,618.0,3223.761,3223.34,3224.16,ETH
2026-01-06 05:10:19+00:00,2026-01-06 05:13:28.581597+00:00,619.0,3223.761,3223.34,3224.16,ETH
2026-01-06 05:10:20+00:00,2026-01-06 05:13:29.578918+00:00,620.0,3223.761,3223.34,3224.16,ETH
2026-01-06 05:10:21+00:00,2026-01-06 05:13:30.576878+00:00,621.0,3223.761,3223.33,3224.16,ETH
2026-01-06 05:10:22+00:00,2026-01-06 05:13:31.578822+00:00,622.0,3223.761,3223.33,3224.16,ETH
2026-01-06 05:10:23+00:00,2026-01-06 05:13:32.580535+00:00,623.0,3223.751,3223.33,3224.16,ETH
2026-01-06 05:10:24+00:00,2026-01-06 05:13:33.580558+00:00,624.0,3223.751,3223.34,3224.16,ETH
2026-01-06 05:10:25+00:00,2026-01-06 05:13:34.575032+00:00,625.0,3223.751,3223.34,3224.16,ETH
2026-01-06 05:10:26+00:00,2026-01-06 05:13:35.593408+00:00,626.0,3223.751,3223.34,3224.16,ETH
2026-01-06 05:10:27+00:00,2026-01-06 05:13:36.608285+00:00,627.0,3223.931,3223.45,3224.3,ETH
2026-01-06 05:10:28+00:00,2026-01-06 05:13:37.620511+00:00,628.0,3223.931,3223.54,3224.55,ETH
2026-01-06 05:10:29+00:00,2026-01-06 05:13:38.612242+00:00,629.0,3224.401,3223.98,3224.85,ETH
2026-01-06 05:10:30+00:00,2026-01-06 05:13:39.615067+00:00,630.0,3224.431,3224.0,3224.85,ETH
2026-01-06 05:10:31+00:00,2026-01-06 05:13:40.623109+00:00,631.0,3224.481,3224.03,3224.85,ETH
2026-01-06 05:10:32+00:00,2026-01-06 05:13:41.635605+00:00,632.0,3224.451,3224.05,3224.85,ETH
2026-01-06 05:10:33+00:00,2026-01-06 05:13:42.642561+00:00,633.0,3224.391,3224.04,3224.66,ETH
2026-01-06 05:10:34+00:00,2026-01-06 05:13:43.642751+00:00,634.0,3224.391,3224.04,3224.66,ETH
2026-01-06 05:10:35+00:00,2026-01-06 05:13:44.642294+00:00,635.0,3224.391,3224.04,3224.66,ETH
2026-01-06 05:10:36+00:00,2026-01-06 05:13:45.638646+00:00,636.0,3224.391,3224.04,3224.66,ETH
2026-01-06 05:10:37+00:00,2026-01-06 05:13:46.645271+00:00,637.0,3224.381,3224.03,3224.66,ETH
2026-01-06 05:10:38+00:00,2026-01-06 05:13:47.647337+00:00,638.0,3224.221,3224.01,3224.66,ETH
2026-01-06 05:10:39+00:00,2026-01-06 05:13:48.645934+00:00,639.0,3224.251,3224.01,3224.66,ETH
2026-01-06 05:10:40+00:00,2026-01-06 05:13:49.684197+00:00,640.0,3224.331,3224.06,3224.72,ETH
2026-01-06 05:10:41+00:00,2026-01-06 05:13:50.698906+00:00,641.0,3224.481,3224.1,3224.82,ETH
2026-01-06 05:10:42+00:00,2026-01-06 05:13:51.718092+00:00,642.0,3224.591,3224.13,3224.86,ETH
2026-01-06 05:10:43+00:00,2026-01-06 05:13:52.703487+00:00,643.0,3224.631,3224.16,3224.86,ETH
2026-01-06 05:10:44+00:00,2026-01-06 05:13:53.706981+00:00,644.0,3224.601,3224.15,3224.76,ETH
2026-01-06 05:10:45+00:00,2026-01-06 05:13:54.713081+00:00,645.0,3224.481,3223.97,3224.65,ETH
2026-01-06 05:10:46+00:00,2026-01-06 05:13:55.730742+00:00,646.0,3224.291,3223.77,3224.5,ETH
2026-01-06 05:10:47+00:00,2026-01-06 05:13:56.747156+00:00,647.0,3224.101,3223.62,3224.3,ETH
2026-01-06 05:10:48+00:00,2026-01-06 05:13:57.747184+00:00,648.0,3224.001,3223.51,3224.23,ETH
2026-01-06 05:10:49+00:00,2026-01-06 05:13:58.760283+00:00,649.0,3223.991,3223.51,3224.23,ETH
2026-01-06 05:10:50+00:00,2026-01-06 05:13:59.765996+00:00,650.0,3224.291,3223.77,3224.57,ETH
2026-01-06 05:10:51+00:00,2026-01-06 05:14:00.938082+00:00,651.0,3224.591,3224.03,3224.92,ETH
2026-01-06 05:10:52+00:00,2026-01-06 05:14:01.942541+00:00,652.0,3224.611,3224.25,3225.02,ETH
2026-01-06 05:10:53+00:00,2026-01-06 05:14:02.946459+00:00,653.0,3224.601,3224.27,3225.02,ETH
2026-01-06 05:10:54+00:00,2026-01-06 05:14:03.947210+00:00,654.0,3224.581,3224.27,3225.02,ETH
2026-01-06 05:10:55+00:00,2026-01-06 05:14:04.957687+00:00,655.0,3224.571,3224.27,3224.96,ETH
2026-01-06 05:10:56+00:00,2026-01-06 05:14:05.963679+00:00,656.0,3224.571,3224.27,3224.85,ETH
2026-01-06 05:10:57+00:00,2026-01-06 05:14:06.979508+00:00,657.0,3224.561,3224.27,3224.81,ETH
2026-01-06 05:10:58+00:00,2026-01-06 05:14:07.994019+00:00,658.0,3224.521,3224.24,3224.79,ETH
2026-01-06 05:10:59+00:00,2026-01-06 05:14:08.990919+00:00,659.0,3224.521,3224.21,3224.78,ETH
2026-01-06 05:11:00+00:00,2026-01-06 05:14:09.982581+00:00,660.0,3224.521,3224.21,3224.79,ETH
2026-01-06 05:11:01+00:00,2026-01-06 05:14:10.993814+00:00,661.0,3224.531,3224.09,3224.8,ETH
2026-01-06 05:11:02+00:00,2026-01-06 05:14:12.012488+00:00,662.0,3224.551,3224.11,3224.9,ETH
2026-01-06 05:11:03+00:00,2026-01-06 05:14:13.015562+00:00,663.0,3224.581,3224.13,3225.0,ETH
2026-01-06 05:11:04+00:00,2026-01-06 05:14:14.015339+00:00,664.0,3224.591,3224.15,3225.01,ETH
2026-01-06 05:11:05+00:00,2026-01-06 05:14:15.030917+00:00,665.0,3224.591,3224.15,3225.01,ETH
2026-01-06 05:11:06+00:00,2026-01-06 05:14:16.030270+00:00,666.0,3224.591,3224.15,3225.01,ETH
2026-01-06 05:11:07+00:00,2026-01-06 05:14:17.042551+00:00,667.0,3224.611,3224.16,3225.01,ETH
2026-01-06 05:11:08+00:00,2026-01-06 05:14:18.061593+00:00,668.0,3224.611,3224.17,3225.01,ETH
2026-01-06 05:11:09+00:00,2026-01-06 05:14:19.072390+00:00,669.0,3224.631,3224.17,3225.01,ETH
2026-01-06 05:11:10+00:00,2026-01-06 05:14:20.072581+00:00,670.0,3224.631,3224.17,3225.01,ETH
2026-01-06 05:11:11+00:00,2026-01-06 05:14:21.075534+00:00,671.0,3224.631,3224.2,3225.16,ETH
2026-01-06 05:11:12+00:00,2026-01-06 05:14:22.077748+00:00,672.0,3224.661,3224.21,3225.19,ETH
2026-01-06 05:11:13+00:00,2026-01-06 05:14:23.082423+00:00,673.0,3224.741,3224.21,3225.21,ETH
2026-01-06 05:11:14+00:00,2026-01-06 05:14:25.096077+00:00,674.0,3224.791,3224.37,3225.23,ETH
2026-01-06 05:11:15+00:00,2026-01-06 05:14:26.098275+00:00,675.0,3224.831,3224.38,3225.26,ETH
2026-01-06 05:11:16+00:00,2026-01-06 05:14:27.109729+00:00,676.0,3224.831,3224.38,3225.28,ETH
2026-01-06 05:11:17+00:00,2026-01-06 05:14:28.126516+00:00,677.0,3224.841,3224.39,3225.33,ETH
2026-01-06 05:11:18+00:00,2026-01-06 05:14:29.121010+00:00,678.0,3224.851,3224.39,3225.34,ETH
2026-01-06 05:11:19+00:00,2026-01-06 05:14:30.129398+00:00,679.0,3224.851,3224.39,3225.3,ETH
2026-01-06 05:11:20+00:00,2026-01-06 05:14:31.126329+00:00,680.0,3224.881,3224.65,3225.41,ETH
2026-01-06 05:11:21+00:00,2026-01-06 05:14:32.140201+00:00,681.0,3225.151,3224.96,3225.7,ETH
2026-01-06 05:11:22+00:00,2026-01-06 05:14:33.154308+00:00,682.0,3225.512,3225.07,3225.9,ETH
2026-01-06 05:11:23+00:00,2026-01-06 05:14:34.166622+00:00,683.0,3226.002,3225.53,3226.23,ETH
2026-01-06 05:11:24+00:00,2026-01-06 05:14:35.178444+00:00,684.0,3226.362,3225.98,3226.57,ETH
2026-01-06 05:11:25+00:00,2026-01-06 05:14:36.177746+00:00,685.0,3226.352,3226.02,3226.57,ETH
2026-01-06 05:11:26+00:00,2026-01-06 05:14:37.190625+00:00,686.0,3226.282,3225.92,3226.52,ETH
2026-01-06 05:11:28+00:00,2026-01-06 05:14:38.246744+00:00,688.0,3226.222,3225.8,3226.5,ETH
2026-01-06 05:11:29+00:00,2026-01-06 05:14:39.250499+00:00,689.0,3226.272,3225.77,3226.68,ETH
2026-01-06 05:11:30+00:00,2026-01-06 05:14:40.263663+00:00,690.0,3226.292,3225.79,3226.63,ETH
2026-01-06 05:11:31+00:00,2026-01-06 05:14:41.256839+00:00,691.0,3226.732,3226.16,3227.21,ETH
2026-01-06 05:11:32+00:00,2026-01-06 05:14:42.238327+00:00,692.0,3226.722,3226.32,3227.3,ETH
2026-01-06 05:11:33+00:00,2026-01-06 05:14:43.250942+00:00,693.0,3226.712,3226.36,3227.11,ETH
2026-01-06 05:11:34+00:00,2026-01-06 05:14:44.240164+00:00,694.0,3226.662,3226.33,3227.04,ETH
2026-01-06 05:11:35+00:00,2026-01-06 05:14:45.241540+00:00,695.0,3226.662,3226.33,3227.05,ETH
2026-01-06 05:11:36+00:00,2026-01-06 05:14:46.241773+00:00,696.0,3226.582,3226.31,3226.98,ETH
2026-01-06 05:11:37+00:00,2026-01-06 05:14:47.248197+00:00,697.0,3226.572,3226.13,3226.94,ETH
2026-01-06 05:11:38+00:00,2026-01-06 05:14:49.244856+00:00,698.0,3226.622,3226.13,3226.98,ETH
2026-01-06 05:11:39+00:00,2026-01-06 05:14:50.266746+00:00,699.0,3226.632,3226.13,3227.0,ETH
2026-01-06 05:11:40+00:00,2026-01-06 05:14:51.265922+00:00,700.0,3226.492,3226.13,3226.89,ETH
2026-01-06 05:11:41+00:00,2026-01-06 05:14:52.277710+00:00,701.0,3226.062,3225.89,3226.31,ETH
2026-01-06 05:11:42+00:00,2026-01-06 05:14:53.288671+00:00,702.0,3225.612,3225.38,3225.78,ETH
2026-01-06 05:11:43+00:00,2026-01-06 05:14:54.305350+00:00,703.0,3225.462,3225.07,3225.74,ETH
2026-01-06 05:11:44+00:00,2026-01-06 05:14:55.316991+00:00,704.0,3225.462,3225.04,3225.74,ETH
2026-01-06 05:11:45+00:00,2026-01-06 05:14:56.312085+00:00,705.0,3225.442,3225.01,3225.66,ETH
2026-01-06 05:11:46+00:00,2026-01-06 05:14:57.323965+00:00,706.0,3225.422,3224.98,3225.57,ETH
2026-01-06 05:11:47+00:00,2026-01-06 05:14:58.324425+00:00,707.0,3225.412,3224.98,3225.57,ETH
2026-01-06 05:11:48+00:00,2026-01-06 05:14:59.326458+00:00,708.0,3225.412,3224.98,3225.6,ETH
2026-01-06 05:11:49+00:00,2026-01-06 05:15:00.355121+00:00,709.0,3225.412,3224.98,3225.63,ETH
2026-01-06 05:11:50+00:00,2026-01-06 05:15:01.343456+00:00,710.0,3225.412,3224.98,3225.65,ETH
2026-01-06 05:11:51+00:00,2026-01-06 05:15:02.355154+00:00,711.0,3225.412,3224.98,3225.67,ETH
2026-01-06 05:11:52+00:00,2026-01-06 05:15:03.341798+00:00,712.0,3225.412,3224.98,3225.66,ETH
2026-01-06 05:11:53+00:00,2026-01-06 05:15:04.347747+00:00,713.0,3225.412,3224.97,3225.66,ETH
2026-01-06 05:11:54+00:00,2026-01-06 05:15:05.361680+00:00,714.0,3225.412,3224.97,3225.65,ETH
2026-01-06 05:11:55+00:00,2026-01-06 05:15:06.362180+00:00,715.0,3225.412,3224.97,3225.69,ETH
2026-01-06 05:11:56+00:00,2026-01-06 05:15:07.356449+00:00,716.0,3225.412,3224.97,3225.73,ETH
2026-01-06 05:11:57+00:00,2026-01-06 05:15:08.356412+00:00,717.0,3225.412,3224.97,3225.73,ETH
2026-01-06 05:11:58+00:00,2026-01-06 05:15:09.364735+00:00,718.0,3225.442,3224.98,3225.72,ETH
2026-01-06 05:11:59+00:00,2026-01-06 05:15:10.355941+00:00,719.0,3225.462,3224.98,3225.69,ETH
2026-01-06 05:12:00+00:00,2026-01-06 05:15:11.361576+00:00,720.0,3225.452,3224.98,3225.7,ETH
2026-01-06 05:12:01+00:00,2026-01-06 05:15:12.373607+00:00,721.0,3225.452,3224.98,3225.73,ETH
2026-01-06 05:12:02+00:00,2026-01-06 05:15:13.370994+00:00,722.0,3225.452,3224.98,3225.72,ETH
2026-01-06 05:12:03+00:00,2026-01-06 05:15:14.390427+00:00,723.0,3225.452,3224.98,3225.7,ETH
2026-01-06 05:12:04+00:00,2026-01-06 05:15:15.385450+00:00,724.0,3225.452,3224.98,3225.7,ETH
2026-01-06 05:12:05+00:00,2026-01-06 05:15:16.388362+00:00,725.0,3225.452,3224.98,3225.74,ETH
2026-01-06 05:12:06+00:00,2026-01-06 05:15:17.389953+00:00,726.0,3225.452,3224.98,3225.72,ETH
2026-01-06 05:12:07+00:00,2026-01-06 05:15:18.389498+00:00,727.0,3225.452,3224.97,3225.66,ETH
2026-01-06 05:12:08+00:00,2026-01-06 05:15:19.393942+00:00,728.0,3225.442,3224.97,3225.67,ETH
2026-01-06 05:12:09+00:00,2026-01-06 05:15:20.393989+00:00,729.0,3225.432,3224.97,3225.67,ETH
2026-01-06 05:12:10+00:00,2026-01-06 05:15:21.403115+00:00,730.0,3225.442,3224.97,3225.67,ETH
2026-01-06 05:12:11+00:00,2026-01-06 05:15:22.393394+00:00,731.0,3225.442,3224.97,3225.68,ETH
2026-01-06 05:12:12+00:00,2026-01-06 05:15:23.395796+00:00,732.0,3225.442,3224.97,3225.69,ETH
2026-01-06 05:12:13+00:00,2026-01-06 05:15:24.396106+00:00,733.0,3225.442,3224.97,3225.68,ETH
2026-01-06 05:12:14+00:00,2026-01-06 05:15:25.388554+00:00,734.0,3225.442,3224.97,3225.68,ETH
2026-01-06 05:12:15+00:00,2026-01-06 05:15:26.402986+00:00,735.0,3225.442,3224.97,3225.73,ETH
2026-01-06 05:12:16+00:00,2026-01-06 05:15:27.432439+00:00,736.0,3225.442,3224.97,3225.77,ETH
2026-01-06 05:12:17+00:00,2026-01-06 05:15:28.448935+00:00,737.0,3225.442,3224.97,3225.74,ETH
2026-01-06 05:12:18+00:00,2026-01-06 05:15:29.443123+00:00,738.0,3225.442,3224.97,3225.71,ETH
2026-01-06 05:12:19+00:00,2026-01-06 05:15:30.443677+00:00,739.0,3225.442,3224.97,3225.7,ETH
2026-01-06 05:12:20+00:00,2026-01-06 05:15:31.445904+00:00,740.0,3225.442,3224.97,3225.72,ETH
2026-01-06 05:12:21+00:00,2026-01-06 05:15:32.463603+00:00,741.0,3225.442,3224.99,3225.74,ETH
2026-01-06 05:12:22+00:00,2026-01-06 05:15:33.472674+00:00,742.0,3225.452,3225.01,3225.76,ETH
2026-01-06 05:12:23+00:00,2026-01-06 05:15:34.455184+00:00,743.0,3225.482,3225.02,3225.81,ETH
2026-01-06 05:12:24+00:00,2026-01-06 05:15:35.456751+00:00,744.0,3225.502,3225.03,3225.83,ETH
2026-01-06 05:12:25+00:00,2026-01-06 05:15:36.467866+00:00,745.0,3225.522,3225.03,3225.82,ETH
2026-01-06 05:12:26+00:00,2026-01-06 05:15:37.471548+00:00,746.0,3225.522,3225.03,3225.82,ETH
2026-01-06 05:12:27+00:00,2026-01-06 05:15:38.473842+00:00,747.0,3225.522,3225.04,3225.85,ETH
2026-01-06 05:12:28+00:00,2026-01-06 05:15:39.504094+00:00,748.0,3225.522,3225.03,3225.81,ETH
2026-01-06 05:12:29+00:00,2026-01-06 05:15:40.508879+00:00,749.0,3225.522,3225.03,3225.84,ETH
2026-01-06 05:12:30+00:00,2026-01-06 05:15:41.521104+00:00,750.0,3225.522,3225.03,3225.84,ETH
2026-01-06 05:12:31+00:00,2026-01-06 05:15:42.510047+00:00,751.0,3225.502,3225.03,3225.82,ETH
2026-01-06 05:12:32+00:00,2026-01-06 05:15:43.510416+00:00,752.0,3225.522,3225.02,3225.81,ETH
2026-01-06 05:12:33+00:00,2026-01-06 05:15:44.522091+00:00,753.0,3225.522,3225.02,3225.8,ETH
2026-01-06 05:12:34+00:00,2026-01-06 05:15:45.553357+00:00,754.0,3225.482,3225.01,3225.79,ETH
2026-01-06 05:12:35+00:00,2026-01-06 05:15:46.557145+00:00,755.0,3225.462,3225.01,3225.77,ETH
2026-01-06 05:12:36+00:00,2026-01-06 05:15:47.578919+00:00,756.0,3225.452,3225.0,3225.65,ETH
2026-01-06 05:12:37+00:00,2026-01-06 05:15:48.588609+00:00,757.0,3225.452,3224.99,3225.53,ETH
2026-01-06 05:12:38+00:00,2026-01-06 05:15:49.592207+00:00,758.0,3225.242,3224.97,3225.54,ETH
2026-01-06 05:12:39+00:00,2026-01-06 05:15:50.725151+00:00,759.0,3225.252,3224.93,3225.49,ETH
2026-01-06 05:12:40+00:00,2026-01-06 05:15:51.755179+00:00,760.0,3225.542,3225.11,3225.83,ETH
2026-01-06 05:12:41+00:00,2026-01-06 05:15:52.703004+00:00,761.0,3225.612,3225.2,3225.92,ETH
2026-01-06 05:12:42+00:00,2026-01-06 05:15:53.722742+00:00,762.0,3225.652,3225.31,3226.01,ETH
2026-01-06 05:12:43+00:00,2026-01-06 05:15:54.733436+00:00,763.0,3225.762,3225.44,3226.17,ETH
2026-01-06 05:12:44+00:00,2026-01-06 05:15:55.721711+00:00,764.0,3225.712,3225.44,3226.01,ETH
2026-01-06 05:12:45+00:00,2026-01-06 05:15:56.721693+00:00,765.0,3225.592,3225.3,3225.79,ETH
2026-01-06 05:12:46+00:00,2026-01-06 05:15:57.736497+00:00,766.0,3225.612,3225.18,3225.88,ETH
2026-01-06 05:12:47+00:00,2026-01-06 05:15:58.738825+00:00,767.0,3225.592,3225.16,3225.93,ETH
2026-01-06 05:12:48+00:00,2026-01-06 05:15:59.756890+00:00,768.0,3225.582,3225.15,3225.89,ETH
2026-01-06 05:12:49+00:00,2026-01-06 05:16:00.751141+00:00,769.0,3225.592,3225.15,3225.89,ETH
2026-01-06 05:12:50+00:00,2026-01-06 05:16:01.770331+00:00,770.0,3225.592,3225.15,3225.94,ETH
2026-01-06 05:12:51+00:00,2026-01-06 05:16:02.775842+00:00,771.0,3225.592,3225.15,3225.94,ETH
2026-01-06 05:12:52+00:00,2026-01-06 05:16:03.792433+00:00,772.0,3225.592,3225.15,3225.94,ETH
2026-01-06 05:12:53+00:00,2026-01-06 05:16:04.791977+00:00,773.0,3225.592,3225.15,3225.93,ETH
2026-01-06 05:12:54+00:00,2026-01-06 05:16:05.808612+00:00,774.0,3225.592,3225.15,3225.92,ETH
2026-01-06 05:12:55+00:00,2026-01-06 05:16:06.816639+00:00,775.0,3225.592,3225.15,3225.89,ETH
2026-01-06 05:12:56+00:00,2026-01-06 05:16:07.801178+00:00,776.0,3225.792,3225.25,3226.07,ETH
2026-01-06 05:12:57+00:00,2026-01-06 05:16:08.815824+00:00,777.0,3225.792,3225.25,3226.07,ETH
2026-01-06 05:12:58+00:00,2026-01-06 05:16:09.808225+00:00,778.0,3225.812,3225.27,3226.12,ETH
2026-01-06 05:12:59+00:00,2026-01-06 05:16:10.808755+00:00,779.0,3225.822,3225.29,3226.13,ETH
2026-01-06 05:13:00+00:00,2026-01-06 05:16:11.828149+00:00,780.0,3225.822,3225.33,3226.14,ETH
2026-01-06 05:13:01+00:00,2026-01-06 05:16:12.827941+00:00,781.0,3225.572,3225.29,3225.61,ETH
2026-01-06 05:13:02+00:00,2026-01-06 05:16:13.837567+00:00,782.0,3225.402,3225.23,3225.59,ETH
2026-01-06 05:13:03+00:00,2026-01-06 05:16:14.841624+00:00,783.0,3225.272,3224.84,3225.41,ETH
2026-01-06 05:13:04+00:00,2026-01-06 05:16:15.858472+00:00,784.0,3225.001,3224.79,3225.31,ETH
2026-01-06 05:13:05+00:00,2026-01-06 05:16:16.880084+00:00,785.0,3225.001,3224.76,3225.19,ETH
2026-01-06 05:13:06+00:00,2026-01-06 05:16:17.872764+00:00,786.0,3225.001,3224.57,3225.13,ETH
2026-01-06 05:13:07+00:00,2026-01-06 05:16:18.877382+00:00,787.0,3225.001,3224.57,3225.25,ETH
2026-01-06 05:13:08+00:00,2026-01-06 05:16:19.877266+00:00,788.0,3225.001,3224.58,3225.26,ETH
2026-01-06 05:13:09+00:00,2026-01-06 05:16:20.874626+00:00,789.0,3225.001,3224.56,3225.22,ETH
2026-01-06 05:13:10+00:00,2026-01-06 05:16:21.874949+00:00,790.0,3225.001,3224.56,3225.26,ETH
2026-01-06 05:13:11+00:00,2026-01-06 05:16:22.888723+00:00,791.0,3225.001,3224.56,3225.26,ETH
2026-01-06 05:13:12+00:00,2026-01-06 05:16:23.896485+00:00,792.0,3225.051,3224.58,3225.26,ETH
2026-01-06 05:13:13+00:00,2026-01-06 05:16:24.899253+00:00,793.0,3225.051,3224.58,3225.13,ETH
2026-01-06 05:13:14+00:00,2026-01-06 05:16:25.893482+00:00,794.0,3225.051,3224.58,3225.16,ETH
2026-01-06 05:13:15+00:00,2026-01-06 05:16:27.890616+00:00,795.0,3225.051,3224.59,3225.21,ETH
2026-01-06 05:13:16+00:00,2026-01-06 05:16:28.893254+00:00,796.0,3225.051,3224.59,3225.19,ETH
2026-01-06 05:13:17+00:00,2026-01-06 05:16:29.906426+00:00,797.0,3225.051,3224.59,3225.18,ETH
2026-01-06 05:13:18+00:00,2026-01-06 05:16:30.920253+00:00,798.0,3225.051,3224.59,3225.15,ETH
2026-01-06 05:13:19+00:00,2026-01-06 05:16:31.925661+00:00,799.0,3225.051,3224.58,3225.11,ETH
2026-01-06 05:13:20+00:00,2026-01-06 05:16:32.944698+00:00,800.0,3225.051,3224.58,3225.17,ETH
2026-01-06 05:13:21+00:00,2026-01-06 05:16:33.937429+00:00,801.0,3225.051,3224.58,3225.23,ETH
2026-01-06 05:13:22+00:00,2026-01-06 05:16:34.955451+00:00,802.0,3225.051,3224.59,3225.24,ETH
2026-01-06 05:13:23+00:00,2026-01-06 05:16:35.958996+00:00,803.0,3225.051,3224.59,3225.23,ETH
2026-01-06 05:13:24+00:00,2026-01-06 05:16:36.956473+00:00,804.0,3225.051,3224.59,3225.2,ETH
2026-01-06 05:13:25+00:00,2026-01-06 05:16:37.941950+00:00,805.0,3225.051,3224.59,3225.16,ETH
2026-01-06 05:13:26+00:00,2026-01-06 05:16:38.939591+00:00,806.0,3225.051,3224.59,3225.15,ETH
2026-01-06 05:13:27+00:00,2026-01-06 05:16:39.934934+00:00,807.0,3225.051,3224.59,3225.16,ETH
2026-01-06 05:13:28+00:00,2026-01-06 05:16:40.955523+00:00,808.0,3225.051,3224.59,3225.18,ETH
2026-01-06 05:13:29+00:00,2026-01-06 05:16:41.956749+00:00,809.0,3225.051,3224.59,3225.19,ETH
2026-01-06 05:13:30+00:00,2026-01-06 05:16:42.972413+00:00,810.0,3225.051,3224.59,3225.18,ETH
2026-01-06 05:13:31+00:00,2026-01-06 05:16:43.987452+00:00,811.0,3225.051,3224.59,3225.18,ETH
2026-01-06 05:13:32+00:00,2026-01-06 05:16:44.999888+00:00,812.0,3225.051,3224.58,3225.17,ETH
2026-01-06 05:13:33+00:00,2026-01-06 05:16:46.009112+00:00,813.0,3225.041,3224.57,3225.15,ETH
2026-01-06 05:13:34+00:00,2026-01-06 05:16:47.021691+00:00,814.0,3225.041,3224.57,3225.14,ETH
2026-01-06 05:13:35+00:00,2026-01-06 05:16:48.040356+00:00,815.0,3225.041,3224.57,3225.15,ETH
2026-01-06 05:13:36+00:00,2026-01-06 05:16:49.032582+00:00,816.0,3225.031,3224.55,3225.17,ETH
2026-01-06 05:13:37+00:00,2026-01-06 05:16:50.030459+00:00,817.0,3225.021,3224.53,3225.2,ETH
2026-01-06 05:13:38+00:00,2026-01-06 05:16:51.056636+00:00,818.0,3225.021,3224.53,3225.22,ETH
2026-01-06 05:13:39+00:00,2026-01-06 05:16:52.074206+00:00,819.0,3225.031,3224.56,3225.22,ETH
2026-01-06 05:13:40+00:00,2026-01-06 05:16:53.066209+00:00,820.0,3225.031,3224.56,3225.22,ETH
2026-01-06 05:13:41+00:00,2026-01-06 05:16:54.235855+00:00,821.0,3225.031,3224.55,3225.21,ETH
2026-01-06 05:13:42+00:00,2026-01-06 05:16:55.253875+00:00,822.0,3225.021,3224.54,3225.21,ETH
2026-01-06 05:13:43+00:00,2026-01-06 05:16:56.272605+00:00,823.0,3225.021,3224.54,3225.19,ETH
2026-01-06 05:13:44+00:00,2026-01-06 05:16:57.288303+00:00,824.0,3225.031,3224.54,3225.19,ETH
2026-01-06 05:13:45+00:00,2026-01-06 05:16:58.282615+00:00,825.0,3225.031,3224.55,3225.2,ETH
2026-01-06 05:13:46+00:00,2026-01-06 05:16:59.307079+00:00,826.0,3225.031,3224.55,3225.19,ETH
2026-01-06 05:13:47+00:00,2026-01-06 05:17:00.328795+00:00,827.0,3225.031,3224.55,3225.18,ETH
2026-01-06 05:13:48+00:00,2026-01-06 05:17:01.315647+00:00,828.0,3225.031,3224.55,3225.18,ETH
2026-01-06 05:13:49+00:00,2026-01-06 05:17:02.327222+00:00,829.0,3225.031,3224.55,3225.18,ETH
2026-01-06 05:13:50+00:00,2026-01-06 05:17:03.324834+00:00,830.0,3225.031,3224.55,3225.18,ETH
2026-01-06 05:13:51+00:00,2026-01-06 05:17:04.332371+00:00,831.0,3225.031,3224.55,3225.19,ETH
2026-01-06 05:13:52+00:00,2026-01-06 05:17:05.325840+00:00,832.0,3225.031,3224.55,3225.19,ETH
2026-01-06 05:13:53+00:00,2026-01-06 05:17:06.330720+00:00,833.0,3225.011,3224.55,3225.18,ETH
2026-01-06 05:13:54+00:00,2026-01-06 05:17:07.331754+00:00,834.0,3225.001,3224.55,3225.18,ETH
2026-01-06 05:13:55+00:00,2026-01-06 05:17:08.326178+00:00,835.0,3225.001,3224.55,3225.19,ETH
2026-01-06 05:13:56+00:00,2026-01-06 05:17:09.334303+00:00,836.0,3225.001,3224.55,3225.19,ETH
2026-01-06 05:13:57+00:00,2026-01-06 05:17:10.333415+00:00,837.0,3225.001,3224.55,3225.18,ETH
2026-01-06 05:13:58+00:00,2026-01-06 05:17:11.339657+00:00,838.0,3225.001,3224.55,3225.18,ETH
2026-01-06 05:13:59+00:00,2026-01-06 05:17:12.352865+00:00,839.0,3224.891,3224.52,3225.07,ETH
2026-01-06 05:14:00+00:00,2026-01-06 05:17:13.353704+00:00,840.0,3224.751,3224.39,3224.85,ETH
2026-01-06 05:14:01+00:00,2026-01-06 05:17:14.372771+00:00,841.0,3224.721,3224.28,3224.77,ETH
2026-01-06 05:14:02+00:00,2026-01-06 05:17:15.385828+00:00,842.0,3224.721,3224.28,3224.77,ETH
2026-01-06 05:14:03+00:00,2026-01-06 05:17:16.393053+00:00,843.0,3224.721,3224.28,3224.78,ETH
2026-01-06 05:14:04+00:00,2026-01-06 05:17:17.389036+00:00,844.0,3224.561,3224.28,3224.77,ETH
2026-01-06 05:14:05+00:00,2026-01-06 05:17:18.384980+00:00,845.0,3224.561,3224.12,3224.68,ETH
2026-01-06 05:14:06+00:00,2026-01-06 05:17:19.372386+00:00,846.0,3224.641,3224.18,3224.78,ETH
2026-01-06 05:14:07+00:00,2026-01-06 05:17:20.387796+00:00,847.0,3224.641,3224.18,3224.78,ETH
2026-01-06 05:14:08+00:00,2026-01-06 05:17:21.413113+00:00,848.0,3224.631,3224.17,3224.69,ETH
2026-01-06 05:14:09+00:00,2026-01-06 05:17:22.422720+00:00,849.0,3224.511,3224.06,3224.64,ETH
2026-01-06 05:14:10+00:00,2026-01-06 05:17:23.425776+00:00,850.0,3224.511,3224.04,3224.64,ETH
2026-01-06 05:14:11+00:00,2026-01-06 05:17:24.434600+00:00,851.0,3224.511,3224.04,3224.63,ETH
2026-01-06 05:14:12+00:00,2026-01-06 05:17:25.434688+00:00,852.0,3224.501,3224.04,3224.61,ETH
2026-01-06 05:14:13+00:00,2026-01-06 05:17:26.454680+00:00,853.0,3224.501,3224.04,3224.64,ETH
2026-01-06 05:14:14+00:00,2026-01-06 05:17:27.450570+00:00,854.0,3224.521,3224.05,3224.67,ETH
2026-01-06 05:14:15+00:00,2026-01-06 05:17:28.469066+00:00,855.0,3224.531,3224.06,3224.67,ETH
2026-01-06 05:14:16+00:00,2026-01-06 05:17:29.469997+00:00,856.0,3224.541,3224.06,3224.67,ETH
2026-01-06 05:14:17+00:00,2026-01-06 05:17:30.485879+00:00,857.0,3224.541,3224.06,3224.67,ETH
2026-01-06 05:14:18+00:00,2026-01-06 05:17:31.487845+00:00,858.0,3224.551,3224.07,3224.65,ETH
2026-01-06 05:14:19+00:00,2026-01-06 05:17:32.506893+00:00,859.0,3224.551,3224.07,3224.66,ETH
2026-01-06 05:14:20+00:00,2026-01-06 05:17:33.492935+00:00,860.0,3224.551,3224.07,3224.65,ETH
2026-01-06 05:14:21+00:00,2026-01-06 05:17:34.521234+00:00,861.0,3224.531,3224.06,3224.63,ETH
2026-01-06 05:14:22+00:00,2026-01-06 05:17:35.516323+00:00,862.0,3224.841,3224.35,3224.99,ETH
2026-01-06 05:14:23+00:00,2026-01-06 05:17:36.521069+00:00,863.0,3224.841,3224.36,3224.99,ETH
2026-01-06 05:14:24+00:00,2026-01-06 05:17:37.538665+00:00,864.0,3224.751,3224.36,3224.87,ETH
2026-01-06 05:14:25+00:00,2026-01-06 05:17:38.535931+00:00,865.0,3224.741,3224.3,3224.89,ETH
2026-01-06 05:14:26+00:00,2026-01-06 05:17:40.570249+00:00,866.0,3224.731,3224.33,3224.84,ETH
2026-01-06 05:14:27+00:00,2026-01-06 05:17:41.584567+00:00,867.0,3224.741,3224.33,3224.8,ETH
2026-01-06 05:14:28+00:00,2026-01-06 05:17:42.585602+00:00,868.0,3224.741,3224.34,3224.87,ETH
2026-01-06 05:14:29+00:00,2026-01-06 05:17:43.583641+00:00,869.0,3224.741,3224.34,3224.94,ETH
2026-01-06 05:14:30+00:00,2026-01-06 05:17:44.583702+00:00,870.0,3224.751,3224.34,3224.92,ETH
2026-01-06 05:14:31+00:00,2026-01-06 05:17:45.586112+00:00,871.0,3224.751,3224.34,3224.96,ETH
2026-01-06 05:14:32+00:00,2026-01-06 05:17:46.573993+00:00,872.0,3224.731,3224.31,3224.97,ETH
2026-01-06 05:14:33+00:00,2026-01-06 05:17:47.590487+00:00,873.0,3224.701,3224.26,3224.9,ETH
2026-01-06 05:14:34+00:00,2026-01-06 05:17:48.615064+00:00,874.0,3224.711,3224.25,3224.9,ETH
2026-01-06 05:14:35+00:00,2026-01-06 05:17:49.616897+00:00,875.0,3224.731,3224.25,3224.94,ETH
2026-01-06 05:14:36+00:00,2026-01-06 05:17:50.619705+00:00,876.0,3224.721,3224.22,3225.02,ETH
2026-01-06 05:14:37+00:00,2026-01-06 05:17:51.633006+00:00,877.0,3224.711,3224.2,3225.03,ETH
2026-01-06 05:14:38+00:00,2026-01-06 05:17:52.639690+00:00,878.0,3224.711,3224.2,3224.99,ETH
2026-01-06 05:14:39+00:00,2026-01-06 05:17:53.650419+00:00,879.0,3224.731,3224.23,3224.95,ETH
2026-01-06 05:14:40+00:00,2026-01-06 05:17:54.662655+00:00,880.0,3224.711,3224.24,3224.9,ETH
2026-01-06 05:14:42+00:00,2026-01-06 05:17:55.721673+00:00,882.0,3224.701,3224.25,3224.87,ETH
2026-01-06 05:14:43+00:00,2026-01-06 05:17:56.730422+00:00,883.0,3224.691,3224.24,3224.87,ETH
2026-01-06 05:14:44+00:00,2026-01-06 05:17:57.708945+00:00,884.0,3224.691,3224.24,3224.89,ETH
2026-01-06 05:14:45+00:00,2026-01-06 05:17:58.720072+00:00,885.0,3224.681,3224.22,3224.88,ETH
2026-01-06 05:14:46+00:00,2026-01-06 05:17:59.745318+00:00,886.0,3224.681,3224.21,3224.87,ETH
2026-01-06 05:14:47+00:00,2026-01-06 05:18:00.738258+00:00,887.0,3224.681,3224.22,3224.87,ETH
2026-01-06 05:14:48+00:00,2026-01-06 05:18:01.721728+00:00,888.0,3224.681,3224.22,3224.9,ETH
2026-01-06 05:14:49+00:00,2026-01-06 05:18:02.719639+00:00,889.0,3224.681,3224.22,3224.9,ETH
2026-01-06 05:14:50+00:00,2026-01-06 05:18:03.731703+00:00,890.0,3224.681,3224.22,3224.85,ETH
2026-01-06 05:14:51+00:00,2026-01-06 05:18:05.751795+00:00,891.0,3224.681,3224.21,3224.86,ETH
2026-01-06 05:14:52+00:00,2026-01-06 05:18:06.750189+00:00,892.0,3224.681,3224.2,3224.86,ETH
2026-01-06 05:14:53+00:00,2026-01-06 05:18:07.747107+00:00,893.0,3224.681,3224.2,3224.88,ETH
2026-01-06 05:14:54+00:00,2026-01-06 05:18:08.766759+00:00,894.0,3224.681,3224.2,3224.89,ETH
2026-01-06 05:14:55+00:00,2026-01-06 05:18:09.770515+00:00,895.0,3224.681,3224.2,3224.9,ETH
2026-01-06 05:14:56+00:00,2026-01-06 05:18:10.791815+00:00,896.0,3224.681,3224.2,3224.9,ETH
2026-01-06 05:14:57+00:00,2026-01-06 05:18:11.806897+00:00,897.0,3224.681,3224.24,3225.02,ETH
2026-01-06 05:14:58+00:00,2026-01-06 05:18:12.837116+00:00,898.0,3224.831,3224.38,3225.22,ETH
2026-01-06 05:14:59+00:00,2026-01-06 05:18:13.836916+00:00,899.0,3224.981,3224.48,3225.3,ETH
