timestamp,collected_at,seconds,up_mid,up_best_bid,up_best_ask,down_mid,down_best_bid,down_best_ask,up_best_bid_size,up_best_ask_size,down_best_bid_size,down_best_ask_size
2026-01-06 05:00:00.008000+00:00,2026-01-06 05:00:00.420793+00:00,0.008,0.55,0.53,0.57,0.4499999999999999,0.43,0.47,,,,
2026-01-06 05:00:01.278000+00:00,2026-01-06 05:00:01.406977+00:00,1.278,0.54,0.53,0.55,0.4599999999999999,0.45,0.47,,,,
2026-01-06 05:00:02.287000+00:00,2026-01-06 05:00:02.401535+00:00,2.287,0.555,0.55,0.56,0.445,0.44,0.45,,,,
2026-01-06 05:00:03.208000+00:00,2026-01-06 05:00:03.399872+00:00,3.208,0.555,0.55,0.56,0.45,0.44,0.46,,,,
2026-01-06 05:00:04.298000+00:00,2026-01-06 05:00:04.398048+00:00,4.298,0.55,0.54,0.56,0.475,0.47,0.48,,,,
2026-01-06 05:00:05.317000+00:00,2026-01-06 05:00:05.398797+00:00,5.317,0.49,0.47,0.51,0.51,0.49,0.53,,,,
2026-01-06 05:00:06.407000+00:00,2026-01-06 05:00:06.406695+00:00,6.407,0.515,0.51,0.52,0.485,0.48,0.49,,,,
2026-01-06 05:00:07.328000+00:00,2026-01-06 05:00:07.415032+00:00,7.328,0.455,0.45,0.46,0.545,0.54,0.55,,,,
2026-01-06 05:00:08.341000+00:00,2026-01-06 05:00:08.416144+00:00,8.341,0.45,0.44,0.46,0.55,0.54,0.56,,,,
2026-01-06 05:00:09.305000+00:00,2026-01-06 05:00:09.422546+00:00,9.305,0.445,0.44,0.45,0.555,0.55,0.56,,,,
2026-01-06 05:00:10.384000+00:00,2026-01-06 05:00:10.430554+00:00,10.384,0.455,0.45,0.46,0.545,0.54,0.55,,,,
2026-01-06 05:00:11.387000+00:00,2026-01-06 05:00:11.421961+00:00,11.387,0.48,0.47,0.49,0.51,0.5,0.52,,,,
2026-01-06 05:00:12.350000+00:00,2026-01-06 05:00:12.423396+00:00,12.35,0.515,0.51,0.52,0.485,0.48,0.49,,,,
2026-01-06 05:00:13.342000+00:00,2026-01-06 05:00:13.422748+00:00,13.342,0.55,0.54,0.56,0.445,0.44,0.45,,,,
2026-01-06 05:00:14.398000+00:00,2026-01-06 05:00:14.439644+00:00,14.398,0.575,0.56,0.59,0.42,0.41,0.43,,,,
2026-01-06 05:00:15.381000+00:00,2026-01-06 05:00:15.456154+00:00,15.381,0.595,0.59,0.6,0.405,0.4,0.41,,,,
2026-01-06 05:00:16.382000+00:00,2026-01-06 05:00:16.459392+00:00,16.382,0.63,0.61,0.65,0.365,0.35,0.38,,,,
2026-01-06 05:00:17.338000+00:00,2026-01-06 05:00:17.465201+00:00,17.338,0.64,0.63,0.65,0.355,0.34,0.37,,,,
2026-01-06 05:00:18.271000+00:00,2026-01-06 05:00:18.464875+00:00,18.271,0.625,0.62,0.63,0.375,0.37,0.38,,,,
2026-01-06 05:00:19.337000+00:00,2026-01-06 05:00:19.480928+00:00,19.337,0.635,0.62,0.65,0.355,0.35,0.36,,,,
2026-01-06 05:00:20.402000+00:00,2026-01-06 05:00:20.481361+00:00,20.402,0.71,0.7,0.72,0.275,0.26,0.29,,,,
2026-01-06 05:00:21.397000+00:00,2026-01-06 05:00:21.473316+00:00,21.397,0.735,0.73,0.74,0.265,0.26,0.27,,,,
2026-01-06 05:00:22.476000+00:00,2026-01-06 05:00:22.485459+00:00,22.476,0.72,0.7,0.74,0.275,0.26,0.29,,,,
2026-01-06 05:00:23.387000+00:00,2026-01-06 05:00:23.491173+00:00,23.387,0.725,0.71,0.74,0.275,0.26,0.29,,,,
2026-01-06 05:00:24.421000+00:00,2026-01-06 05:00:24.488265+00:00,24.421,0.72,0.71,0.73,0.28,0.27,0.29,,,,
2026-01-06 05:00:25.421000+00:00,2026-01-06 05:00:25.492192+00:00,25.421,0.72,0.71,0.73,0.28,0.27,0.29,,,,
2026-01-06 05:00:26.448000+00:00,2026-01-06 05:00:26.517542+00:00,26.448,0.725,0.71,0.74,0.275,0.26,0.29,,,,
2026-01-06 05:00:27.436000+00:00,2026-01-06 05:00:27.518874+00:00,27.436,0.725,0.71,0.74,0.275,0.26,0.29,,,,
2026-01-06 05:00:28.461000+00:00,2026-01-06 05:00:28.532264+00:00,28.461,0.73,0.72,0.74,0.27,0.26,0.28,,,,
2026-01-06 05:00:29.468000+00:00,2026-01-06 05:00:29.540941+00:00,29.468,0.745,0.74,0.75,0.255,0.25,0.26,,,,
2026-01-06 05:00:30.445000+00:00,2026-01-06 05:00:30.536833+00:00,30.445,0.715,0.7,0.73,0.28,0.27,0.29,,,,
2026-01-06 05:00:31.461000+00:00,2026-01-06 05:00:31.530911+00:00,31.461,0.715,0.71,0.72,0.285,0.28,0.29,,,,
2026-01-06 05:00:32.449000+00:00,2026-01-06 05:00:32.531516+00:00,32.449,0.695,0.69,0.7,0.305,0.3,0.31,,,,
2026-01-06 05:00:33.479000+00:00,2026-01-06 05:00:33.546527+00:00,33.479,0.685,0.68,0.69,0.315,0.31,0.32,,,,
2026-01-06 05:00:34.151000+00:00,2026-01-06 05:00:34.571764+00:00,34.151,0.685,0.68,0.69,0.315,0.31,0.32,,,,
2026-01-06 05:00:35.496000+00:00,2026-01-06 05:00:35.583659+00:00,35.496,0.69,0.68,0.7,0.31,0.3,0.32,,,,
2026-01-06 05:00:36.521000+00:00,2026-01-06 05:00:36.591834+00:00,36.521,0.6799999999999999,0.67,0.69,0.32,0.31,0.33,,,,
2026-01-06 05:00:37.401000+00:00,2026-01-06 05:00:37.608478+00:00,37.401,0.6799999999999999,0.67,0.69,0.32,0.31,0.33,,,,
2026-01-06 05:00:38.546000+00:00,2026-01-06 05:00:38.625888+00:00,38.546,0.675,0.66,0.69,0.325,0.31,0.34,,,,
2026-01-06 05:00:39.561000+00:00,2026-01-06 05:00:39.629938+00:00,39.561,0.685,0.68,0.69,0.315,0.31,0.32,,,,
2026-01-06 05:00:40.486000+00:00,2026-01-06 05:00:40.646086+00:00,40.486,0.685,0.68,0.69,0.315,0.31,0.32,,,,
2026-01-06 05:00:41.583000+00:00,2026-01-06 05:00:41.652240+00:00,41.583,0.675,0.66,0.69,0.325,0.31,0.34,,,,
2026-01-06 05:00:42.574000+00:00,2026-01-06 05:00:42.652603+00:00,42.574,0.7,0.69,0.71,0.3,0.29,0.31,,,,
2026-01-06 05:00:43.543000+00:00,2026-01-06 05:00:43.662878+00:00,43.543,0.71,0.7,0.72,0.29,0.28,0.3,,,,
2026-01-06 05:00:44.578000+00:00,2026-01-06 05:00:44.664414+00:00,44.578,0.71,0.7,0.72,0.29,0.28,0.3,,,,
2026-01-06 05:00:45.586000+00:00,2026-01-06 05:00:45.679162+00:00,45.586,0.71,0.7,0.72,0.295,0.28,0.31,,,,
2026-01-06 05:00:46.607000+00:00,2026-01-06 05:00:46.694513+00:00,46.607,0.725,0.72,0.73,0.26,0.24,0.28,,,,
2026-01-06 05:00:47.610000+00:00,2026-01-06 05:00:47.694876+00:00,47.61,0.755,0.74,0.77,0.25,0.23,0.27,,,,
2026-01-06 05:00:48.579000+00:00,2026-01-06 05:00:48.715414+00:00,48.579,0.73,0.72,0.74,0.265,0.25,0.28,,,,
2026-01-06 05:00:49.655000+00:00,2026-01-06 05:00:49.717108+00:00,49.655,0.75,0.74,0.76,0.26,0.24,0.28,,,,
2026-01-06 05:00:50.444000+00:00,2026-01-06 05:00:50.727675+00:00,50.444,0.74,0.73,0.75,0.26,0.25,0.27,,,,
2026-01-06 05:00:51.609000+00:00,2026-01-06 05:00:51.734321+00:00,51.609,0.735,0.73,0.74,0.26,0.25,0.27,,,,
2026-01-06 05:00:52.563000+00:00,2026-01-06 05:00:52.744221+00:00,52.563,0.74,0.73,0.75,0.255,0.25,0.26,,,,
2026-01-06 05:00:53.552000+00:00,2026-01-06 05:00:53.751951+00:00,53.552,0.74,0.73,0.75,0.26,0.25,0.27,,,,
2026-01-06 05:00:54.695000+00:00,2026-01-06 05:00:54.765066+00:00,54.695,0.765,0.75,0.78,0.235,0.23,0.24,,,,
2026-01-06 05:00:55.704000+00:00,2026-01-06 05:00:55.780107+00:00,55.704,0.78,0.77,0.79,0.22,0.21,0.23,,,,
2026-01-06 05:00:56.710000+00:00,2026-01-06 05:00:56.788000+00:00,56.71,0.775,0.77,0.78,0.225,0.22,0.23,,,,
2026-01-06 05:00:57.460000+00:00,2026-01-06 05:00:57.782737+00:00,57.46,0.77,0.76,0.78,0.2299999999999999,0.22,0.24,,,,
2026-01-06 05:00:58.697000+00:00,2026-01-06 05:00:58.781122+00:00,58.697,0.76,0.75,0.77,0.24,0.23,0.25,,,,
2026-01-06 05:00:59.694000+00:00,2026-01-06 05:00:59.781057+00:00,59.694,0.75,0.74,0.76,0.24,0.23,0.25,,,,
2026-01-06 05:01:00.716000+00:00,2026-01-06 05:01:00.788986+00:00,60.716,0.735,0.73,0.74,0.27,0.26,0.28,,,,
2026-01-06 05:01:01.694000+00:00,2026-01-06 05:01:01.778791+00:00,61.694,0.685,0.68,0.69,0.325,0.31,0.34,,,,
2026-01-06 05:01:02.711000+00:00,2026-01-06 05:01:02.780381+00:00,62.711,0.635,0.63,0.64,0.365,0.36,0.37,,,,
2026-01-06 05:01:03.719000+00:00,2026-01-06 05:01:03.797528+00:00,63.719,0.625,0.62,0.63,0.375,0.37,0.38,,,,
2026-01-06 05:01:04.679000+00:00,2026-01-06 05:01:04.820067+00:00,64.679,0.63,0.62,0.64,0.37,0.36,0.38,,,,
2026-01-06 05:01:05.769000+00:00,2026-01-06 05:01:05.829096+00:00,65.769,0.645,0.63,0.66,0.345,0.34,0.35,,,,
2026-01-06 05:01:06.762000+00:00,2026-01-06 05:01:06.829178+00:00,66.762,0.725,0.71,0.74,0.28,0.27,0.29,,,,
2026-01-06 05:01:07.772000+00:00,2026-01-06 05:01:07.845977+00:00,67.772,0.72,0.71,0.73,0.28,0.27,0.29,,,,
2026-01-06 05:01:08.776000+00:00,2026-01-06 05:01:08.849846+00:00,68.776,0.735,0.73,0.74,0.265,0.26,0.27,,,,
2026-01-06 05:01:09.776000+00:00,2026-01-06 05:01:09.854829+00:00,69.776,0.725,0.72,0.73,0.275,0.27,0.28,,,,
2026-01-06 05:01:10.786000+00:00,2026-01-06 05:01:10.854834+00:00,70.786,0.735,0.73,0.74,0.265,0.26,0.27,,,,
2026-01-06 05:01:11.732000+00:00,2026-01-06 05:01:11.855268+00:00,71.732,0.75,0.74,0.76,0.25,0.24,0.26,,,,
2026-01-06 05:01:12.793000+00:00,2026-01-06 05:01:12.862974+00:00,72.793,0.77,0.76,0.78,0.225,0.22,0.23,,,,
2026-01-06 05:01:13.767000+00:00,2026-01-06 05:01:13.862926+00:00,73.767,0.775,0.76,0.79,0.2249999999999999,0.21,0.24,,,,
2026-01-06 05:01:14.774000+00:00,2026-01-06 05:01:14.863209+00:00,74.774,0.77,0.76,0.78,0.2299999999999999,0.22,0.24,,,,
2026-01-06 05:01:15.770000+00:00,2026-01-06 05:01:15.873884+00:00,75.77,0.78,0.77,0.79,0.22,0.21,0.23,,,,
2026-01-06 05:01:16.796000+00:00,2026-01-06 05:01:16.880589+00:00,76.796,0.78,0.77,0.79,0.22,0.21,0.23,,,,
2026-01-06 05:01:17.693000+00:00,2026-01-06 05:01:17.879008+00:00,77.693,0.78,0.77,0.79,0.22,0.21,0.23,,,,
2026-01-06 05:01:18.854000+00:00,2026-01-06 05:01:18.882264+00:00,78.854,0.775,0.77,0.78,0.225,0.22,0.23,,,,
2026-01-06 05:01:19.719000+00:00,2026-01-06 05:01:19.886923+00:00,79.719,0.78,0.77,0.79,0.22,0.21,0.23,,,,
2026-01-06 05:01:20.685000+00:00,2026-01-06 05:01:20.883766+00:00,80.685,0.78,0.77,0.79,0.22,0.21,0.23,,,,
2026-01-06 05:01:21.808000+00:00,2026-01-06 05:01:21.896217+00:00,81.808,0.78,0.77,0.79,0.22,0.21,0.23,,,,
2026-01-06 05:01:22.359000+00:00,2026-01-06 05:01:22.911938+00:00,82.359,0.78,0.77,0.79,0.22,0.21,0.23,,,,
2026-01-06 05:01:23.445000+00:00,2026-01-06 05:01:23.911696+00:00,83.445,0.78,0.77,0.79,0.22,0.21,0.23,,,,
2026-01-06 05:01:24.809000+00:00,2026-01-06 05:01:24.909897+00:00,84.809,0.78,0.77,0.79,0.22,0.21,0.23,,,,
2026-01-06 05:01:25.768000+00:00,2026-01-06 05:01:25.910950+00:00,85.768,0.765,0.76,0.77,0.235,0.23,0.24,,,,
2026-01-06 05:01:26.765000+00:00,2026-01-06 05:01:26.917928+00:00,86.765,0.765,0.76,0.77,0.235,0.23,0.24,,,,
2026-01-06 05:01:27.811000+00:00,2026-01-06 05:01:27.925300+00:00,87.811,0.745,0.74,0.75,0.255,0.25,0.26,,,,
2026-01-06 05:01:28.827000+00:00,2026-01-06 05:01:28.931691+00:00,88.827,0.725,0.72,0.73,0.275,0.27,0.28,,,,
2026-01-06 05:01:29.879000+00:00,2026-01-06 05:01:29.946297+00:00,89.879,0.725,0.72,0.73,0.275,0.27,0.28,,,,
2026-01-06 05:01:30.882000+00:00,2026-01-06 05:01:30.967292+00:00,90.882,0.74,0.73,0.75,0.26,0.25,0.27,,,,
2026-01-06 05:01:31.869000+00:00,2026-01-06 05:01:31.984329+00:00,91.869,0.735,0.73,0.74,0.265,0.26,0.27,,,,
2026-01-06 05:01:32.829000+00:00,2026-01-06 05:01:32.985779+00:00,92.829,0.735,0.73,0.74,0.265,0.26,0.27,,,,
2026-01-06 05:01:33.683000+00:00,2026-01-06 05:01:33.994870+00:00,93.683,0.74,0.73,0.75,0.26,0.25,0.27,,,,
2026-01-06 05:01:34.778000+00:00,2026-01-06 05:01:35.011320+00:00,94.778,0.735,0.73,0.74,0.28,0.27,0.29,,,,
2026-01-06 05:01:36.836000+00:00,2026-01-06 05:01:37.021039+00:00,96.836,0.72,0.71,0.73,0.28,0.27,0.29,,,,
2026-01-06 05:01:37.824000+00:00,2026-01-06 05:01:38.036138+00:00,97.824,0.725,0.72,0.73,0.27,0.26,0.28,,,,
2026-01-06 05:01:38.923000+00:00,2026-01-06 05:01:39.062300+00:00,98.923,0.725,0.72,0.73,0.275,0.27,0.28,,,,
2026-01-06 05:01:39.669000+00:00,2026-01-06 05:01:40.071131+00:00,99.669,0.725,0.72,0.73,0.275,0.27,0.28,,,,
2026-01-06 05:01:40.995000+00:00,2026-01-06 05:01:41.078256+00:00,100.995,0.725,0.72,0.73,0.275,0.27,0.28,,,,
2026-01-06 05:01:41.866000+00:00,2026-01-06 05:01:42.082681+00:00,101.866,0.725,0.72,0.73,0.275,0.27,0.28,,,,
2026-01-06 05:01:42.880000+00:00,2026-01-06 05:01:43.087969+00:00,102.88,0.725,0.72,0.73,0.275,0.27,0.28,,,,
2026-01-06 05:01:43.850000+00:00,2026-01-06 05:01:44.101970+00:00,103.85,0.72,0.71,0.73,0.28,0.27,0.29,,,,
2026-01-06 05:01:44.980000+00:00,2026-01-06 05:01:45.110826+00:00,104.98,0.72,0.71,0.73,0.28,0.27,0.29,,,,
2026-01-06 05:01:46.008000+00:00,2026-01-06 05:01:46.112435+00:00,106.008,0.715,0.71,0.72,0.285,0.28,0.29,,,,
2026-01-06 05:01:47.014000+00:00,2026-01-06 05:01:47.121106+00:00,107.014,0.715,0.71,0.72,0.285,0.28,0.29,,,,
2026-01-06 05:01:48.032000+00:00,2026-01-06 05:01:48.117085+00:00,108.032,0.715,0.71,0.72,0.285,0.28,0.29,,,,
2026-01-06 05:01:49.058000+00:00,2026-01-06 05:01:49.132271+00:00,109.058,0.715,0.71,0.72,0.285,0.28,0.29,,,,
2026-01-06 05:01:50.055000+00:00,2026-01-06 05:01:50.143361+00:00,110.055,0.715,0.71,0.72,0.285,0.28,0.29,,,,
2026-01-06 05:01:51.060000+00:00,2026-01-06 05:01:51.151686+00:00,111.06,0.715,0.71,0.72,0.285,0.28,0.29,,,,
2026-01-06 05:01:52.038000+00:00,2026-01-06 05:01:52.159578+00:00,112.038,0.715,0.71,0.72,0.285,0.28,0.29,,,,
2026-01-06 05:01:53.064000+00:00,2026-01-06 05:01:53.176821+00:00,113.064,0.715,0.71,0.72,0.285,0.28,0.29,,,,
2026-01-06 05:01:54.048000+00:00,2026-01-06 05:01:54.188096+00:00,114.048,0.715,0.71,0.72,0.285,0.28,0.29,,,,
2026-01-06 05:01:55.960000+00:00,2026-01-06 05:01:56.210594+00:00,115.96,0.715,0.71,0.72,0.285,0.28,0.29,,,,
2026-01-06 05:01:57.903000+00:00,2026-01-06 05:01:58.228197+00:00,117.903,0.705,0.7,0.71,0.285,0.28,0.29,,,,
2026-01-06 05:01:59.972000+00:00,2026-01-06 05:02:00.233860+00:00,119.972,0.715,0.71,0.72,0.285,0.28,0.29,,,,
2026-01-06 05:02:01.834000+00:00,2026-01-06 05:02:02.232199+00:00,121.834,0.715,0.71,0.72,0.285,0.28,0.29,,,,
2026-01-06 05:02:03.087000+00:00,2026-01-06 05:02:03.244578+00:00,123.087,0.715,0.71,0.72,0.285,0.28,0.29,,,,
2026-01-06 05:02:04.149000+00:00,2026-01-06 05:02:04.258334+00:00,124.149,0.71,0.7,0.72,0.29,0.28,0.3,,,,
2026-01-06 05:02:05.182000+00:00,2026-01-06 05:02:05.269049+00:00,125.182,0.71,0.7,0.72,0.29,0.28,0.3,,,,
2026-01-06 05:02:06.131000+00:00,2026-01-06 05:02:06.273349+00:00,126.131,0.71,0.7,0.72,0.29,0.28,0.3,,,,
2026-01-06 05:02:07.001000+00:00,2026-01-06 05:02:07.278825+00:00,127.001,0.71,0.7,0.72,0.29,0.28,0.3,,,,
2026-01-06 05:02:08.149000+00:00,2026-01-06 05:02:08.283241+00:00,128.149,0.71,0.7,0.72,0.29,0.28,0.3,,,,
2026-01-06 05:02:09.199000+00:00,2026-01-06 05:02:09.277640+00:00,129.199,0.715,0.71,0.72,0.285,0.28,0.29,,,,
2026-01-06 05:02:10.157000+00:00,2026-01-06 05:02:10.282012+00:00,130.157,0.71,0.7,0.72,0.29,0.28,0.3,,,,
2026-01-06 05:02:11.189000+00:00,2026-01-06 05:02:11.276843+00:00,131.189,0.71,0.7,0.72,0.29,0.28,0.3,,,,
2026-01-06 05:02:12.171000+00:00,2026-01-06 05:02:12.268251+00:00,132.171,0.71,0.7,0.72,0.29,0.28,0.3,,,,
2026-01-06 05:02:13.169000+00:00,2026-01-06 05:02:13.278233+00:00,133.169,0.71,0.7,0.72,0.29,0.28,0.3,,,,
2026-01-06 05:02:14.282000+00:00,2026-01-06 05:02:14.287703+00:00,134.282,0.715,0.71,0.72,0.285,0.28,0.29,,,,
2026-01-06 05:02:15.135000+00:00,2026-01-06 05:02:15.294274+00:00,135.135,0.715,0.71,0.72,0.285,0.28,0.29,,,,
2026-01-06 05:02:16.240000+00:00,2026-01-06 05:02:16.311531+00:00,136.24,0.715,0.71,0.72,0.285,0.28,0.29,,,,
2026-01-06 05:02:17.194000+00:00,2026-01-06 05:02:17.316654+00:00,137.194,0.715,0.71,0.72,0.285,0.28,0.29,,,,
2026-01-06 05:02:18.192000+00:00,2026-01-06 05:02:18.324666+00:00,138.192,0.715,0.71,0.72,0.285,0.28,0.29,,,,
2026-01-06 05:02:19.277000+00:00,2026-01-06 05:02:19.349688+00:00,139.277,0.71,0.7,0.72,0.29,0.28,0.3,,,,
2026-01-06 05:02:20.200000+00:00,2026-01-06 05:02:20.356942+00:00,140.2,0.71,0.7,0.72,0.29,0.28,0.3,,,,
2026-01-06 05:02:21.230000+00:00,2026-01-06 05:02:21.368934+00:00,141.23,0.71,0.7,0.72,0.29,0.28,0.3,,,,
2026-01-06 05:02:22.301000+00:00,2026-01-06 05:02:22.377628+00:00,142.301,0.715,0.71,0.72,0.285,0.28,0.29,,,,
2026-01-06 05:02:23.317000+00:00,2026-01-06 05:02:23.382154+00:00,143.317,0.715,0.71,0.72,0.285,0.28,0.29,,,,
2026-01-06 05:02:24.304000+00:00,2026-01-06 05:02:24.392743+00:00,144.304,0.745,0.74,0.75,0.255,0.25,0.26,,,,
2026-01-06 05:02:25.328000+00:00,2026-01-06 05:02:25.411848+00:00,145.328,0.745,0.74,0.75,0.255,0.25,0.26,,,,
2026-01-06 05:02:26.350000+00:00,2026-01-06 05:02:26.431988+00:00,146.35,0.745,0.74,0.75,0.255,0.25,0.26,,,,
2026-01-06 05:02:27.844000+00:00,2026-01-06 05:02:28.434804+00:00,147.844,0.745,0.74,0.75,0.255,0.25,0.26,,,,
2026-01-06 05:02:29.347000+00:00,2026-01-06 05:02:29.447447+00:00,149.347,0.745,0.74,0.75,0.255,0.25,0.26,,,,
2026-01-06 05:02:30.324000+00:00,2026-01-06 05:02:30.443536+00:00,150.324,0.745,0.74,0.75,0.255,0.25,0.26,,,,
2026-01-06 05:02:31.333000+00:00,2026-01-06 05:02:31.455707+00:00,151.333,0.745,0.74,0.75,0.255,0.25,0.26,,,,
2026-01-06 05:02:32.379000+00:00,2026-01-06 05:02:32.477288+00:00,152.379,0.745,0.74,0.75,0.255,0.25,0.26,,,,
2026-01-06 05:02:33.303000+00:00,2026-01-06 05:02:33.482443+00:00,153.303,0.75,0.74,0.76,0.25,0.24,0.26,,,,
2026-01-06 05:02:34.278000+00:00,2026-01-06 05:02:34.491934+00:00,154.278,0.75,0.74,0.76,0.25,0.24,0.26,,,,
2026-01-06 05:02:35.399000+00:00,2026-01-06 05:02:35.491799+00:00,155.399,0.75,0.74,0.76,0.25,0.24,0.26,,,,
2026-01-06 05:02:36.427000+00:00,2026-01-06 05:02:36.492417+00:00,156.427,0.745,0.74,0.75,0.255,0.25,0.26,,,,
2026-01-06 05:02:37.432000+00:00,2026-01-06 05:02:37.504878+00:00,157.432,0.745,0.74,0.75,0.255,0.25,0.26,,,,
2026-01-06 05:02:38.418000+00:00,2026-01-06 05:02:38.508045+00:00,158.418,0.745,0.74,0.75,0.255,0.25,0.26,,,,
2026-01-06 05:02:39.278000+00:00,2026-01-06 05:02:39.509497+00:00,159.278,0.745,0.74,0.75,0.255,0.25,0.26,,,,
2026-01-06 05:02:40.397000+00:00,2026-01-06 05:02:40.517454+00:00,160.397,0.74,0.73,0.75,0.26,0.25,0.27,,,,
2026-01-06 05:02:41.442000+00:00,2026-01-06 05:02:41.540717+00:00,161.442,0.74,0.73,0.75,0.265,0.26,0.27,,,,
2026-01-06 05:02:42.483000+00:00,2026-01-06 05:02:42.559343+00:00,162.483,0.735,0.73,0.74,0.265,0.26,0.27,,,,
2026-01-06 05:02:43.477000+00:00,2026-01-06 05:02:43.559786+00:00,163.477,0.735,0.73,0.74,0.265,0.26,0.27,,,,
2026-01-06 05:02:44.441000+00:00,2026-01-06 05:02:44.560557+00:00,164.441,0.725,0.72,0.73,0.3,0.29,0.31,,,,
2026-01-06 05:02:45.442000+00:00,2026-01-06 05:02:45.553067+00:00,165.442,0.665,0.66,0.67,0.335,0.33,0.34,,,,
2026-01-06 05:02:46.498000+00:00,2026-01-06 05:02:46.567376+00:00,166.498,0.665,0.66,0.67,0.335,0.33,0.34,,,,
2026-01-06 05:02:47.477000+00:00,2026-01-06 05:02:47.580627+00:00,167.477,0.665,0.66,0.67,0.335,0.33,0.34,,,,
2026-01-06 05:02:48.490000+00:00,2026-01-06 05:02:48.585864+00:00,168.49,0.665,0.66,0.67,0.335,0.33,0.34,,,,
2026-01-06 05:02:49.518000+00:00,2026-01-06 05:02:49.592028+00:00,169.518,0.665,0.66,0.67,0.325,0.32,0.33,,,,
2026-01-06 05:02:50.511000+00:00,2026-01-06 05:02:50.592687+00:00,170.511,0.685,0.68,0.69,0.315,0.31,0.32,,,,
2026-01-06 05:02:51.446000+00:00,2026-01-06 05:02:51.593434+00:00,171.446,0.7,0.69,0.71,0.3,0.29,0.31,,,,
2026-01-06 05:02:52.381000+00:00,2026-01-06 05:02:52.604859+00:00,172.381,0.7,0.69,0.71,0.3,0.29,0.31,,,,
2026-01-06 05:02:53.483000+00:00,2026-01-06 05:02:53.608386+00:00,173.483,0.72,0.71,0.73,0.28,0.27,0.29,,,,
2026-01-06 05:02:54.489000+00:00,2026-01-06 05:02:54.613155+00:00,174.489,0.725,0.72,0.73,0.275,0.27,0.28,,,,
2026-01-06 05:02:55.519000+00:00,2026-01-06 05:02:55.612871+00:00,175.519,0.745,0.74,0.75,0.255,0.25,0.26,,,,
2026-01-06 05:02:56.432000+00:00,2026-01-06 05:02:56.627868+00:00,176.432,0.745,0.74,0.75,0.255,0.25,0.26,,,,
2026-01-06 05:02:57.557000+00:00,2026-01-06 05:02:57.626218+00:00,177.557,0.745,0.74,0.75,0.255,0.25,0.26,,,,
2026-01-06 05:02:58.573000+00:00,2026-01-06 05:02:58.644236+00:00,178.573,0.735,0.73,0.74,0.265,0.26,0.27,,,,
2026-01-06 05:02:59.573000+00:00,2026-01-06 05:02:59.658339+00:00,179.573,0.685,0.68,0.69,0.315,0.31,0.32,,,,
2026-01-06 05:03:00.573000+00:00,2026-01-06 05:03:00.672910+00:00,180.573,0.675,0.67,0.68,0.325,0.32,0.33,,,,
2026-01-06 05:03:01.613000+00:00,2026-01-06 05:03:01.686816+00:00,181.613,0.615,0.61,0.62,0.385,0.38,0.39,,,,
2026-01-06 05:03:02.592000+00:00,2026-01-06 05:03:02.697534+00:00,182.592,0.61,0.6,0.62,0.395,0.39,0.4,,,,
2026-01-06 05:03:03.599000+00:00,2026-01-06 05:03:03.704863+00:00,183.599,0.59,0.58,0.6,0.415,0.41,0.42,,,,
2026-01-06 05:03:04.522000+00:00,2026-01-06 05:03:04.706334+00:00,184.522,0.58,0.57,0.59,0.42,0.41,0.43,,,,
2026-01-06 05:03:05.619000+00:00,2026-01-06 05:03:05.710292+00:00,185.619,0.58,0.57,0.59,0.42,0.41,0.43,,,,
2026-01-06 05:03:06.589000+00:00,2026-01-06 05:03:06.707715+00:00,186.589,0.58,0.57,0.59,0.42,0.41,0.43,,,,
2026-01-06 05:03:07.628000+00:00,2026-01-06 05:03:07.706312+00:00,187.628,0.5700000000000001,0.56,0.58,0.43,0.42,0.44,,,,
2026-01-06 05:03:08.558000+00:00,2026-01-06 05:03:08.709748+00:00,188.558,0.575,0.57,0.58,0.425,0.42,0.43,,,,
2026-01-06 05:03:09.641000+00:00,2026-01-06 05:03:09.721310+00:00,189.641,0.575,0.57,0.58,0.425,0.42,0.43,,,,
2026-01-06 05:03:10.643000+00:00,2026-01-06 05:03:10.721314+00:00,190.643,0.595,0.59,0.6,0.405,0.4,0.41,,,,
2026-01-06 05:03:11.647000+00:00,2026-01-06 05:03:11.722264+00:00,191.647,0.6,0.59,0.61,0.395,0.39,0.4,,,,
2026-01-06 05:03:12.559000+00:00,2026-01-06 05:03:12.729241+00:00,192.559,0.605,0.6,0.61,0.395,0.39,0.4,,,,
2026-01-06 05:03:13.654000+00:00,2026-01-06 05:03:13.749104+00:00,193.654,0.605,0.6,0.61,0.39,0.38,0.4,,,,
2026-01-06 05:03:14.577000+00:00,2026-01-06 05:03:14.762062+00:00,194.577,0.62,0.61,0.63,0.39,0.38,0.4,,,,
2026-01-06 05:03:15.684000+00:00,2026-01-06 05:03:15.775439+00:00,195.684,0.615,0.61,0.62,0.385,0.38,0.39,,,,
2026-01-06 05:03:16.706000+00:00,2026-01-06 05:03:16.792140+00:00,196.706,0.615,0.61,0.62,0.385,0.38,0.39,,,,
2026-01-06 05:03:17.684000+00:00,2026-01-06 05:03:17.791294+00:00,197.684,0.615,0.61,0.62,0.385,0.38,0.39,,,,
2026-01-06 05:03:18.600000+00:00,2026-01-06 05:03:18.791020+00:00,198.6,0.615,0.61,0.62,0.385,0.38,0.39,,,,
2026-01-06 05:03:19.683000+00:00,2026-01-06 05:03:19.790953+00:00,199.683,0.62,0.61,0.63,0.38,0.37,0.39,,,,
2026-01-06 05:03:20.709000+00:00,2026-01-06 05:03:20.800433+00:00,200.709,0.62,0.61,0.63,0.38,0.37,0.39,,,,
2026-01-06 05:03:21.713000+00:00,2026-01-06 05:03:21.806694+00:00,201.713,0.615,0.61,0.62,0.385,0.38,0.39,,,,
2026-01-06 05:03:22.733000+00:00,2026-01-06 05:03:22.824952+00:00,202.733,0.585,0.58,0.59,0.42,0.41,0.43,,,,
2026-01-06 05:03:23.755000+00:00,2026-01-06 05:03:23.832188+00:00,203.755,0.6,0.59,0.61,0.4,0.39,0.41,,,,
2026-01-06 05:03:24.786000+00:00,2026-01-06 05:03:24.841232+00:00,204.786,0.6,0.59,0.61,0.4,0.39,0.41,,,,
2026-01-06 05:03:25.609000+00:00,2026-01-06 05:03:25.841063+00:00,205.609,0.59,0.58,0.6,0.41,0.4,0.42,,,,
2026-01-06 05:03:26.777000+00:00,2026-01-06 05:03:26.840752+00:00,206.777,0.59,0.58,0.6,0.41,0.4,0.42,,,,
2026-01-06 05:03:27.585000+00:00,2026-01-06 05:03:27.847789+00:00,207.585,0.595,0.59,0.6,0.4,0.39,0.41,,,,
2026-01-06 05:03:28.696000+00:00,2026-01-06 05:03:28.842882+00:00,208.696,0.605,0.6,0.61,0.395,0.39,0.4,,,,
2026-01-06 05:03:29.630000+00:00,2026-01-06 05:03:29.845457+00:00,209.63,0.6,0.59,0.61,0.4,0.39,0.41,,,,
2026-01-06 05:03:30.652000+00:00,2026-01-06 05:03:30.846312+00:00,210.652,0.595,0.59,0.6,0.405,0.4,0.41,,,,
2026-01-06 05:03:31.699000+00:00,2026-01-06 05:03:31.861992+00:00,211.699,0.595,0.59,0.6,0.405,0.4,0.41,,,,
2026-01-06 05:03:32.619000+00:00,2026-01-06 05:03:32.868906+00:00,212.619,0.595,0.59,0.6,0.4,0.39,0.41,,,,
2026-01-06 05:03:33.779000+00:00,2026-01-06 05:03:33.879589+00:00,213.779,0.59,0.58,0.6,0.405,0.4,0.41,,,,
2026-01-06 05:03:34.688000+00:00,2026-01-06 05:03:34.879062+00:00,214.688,0.595,0.59,0.6,0.405,0.4,0.41,,,,
2026-01-06 05:03:35.806000+00:00,2026-01-06 05:03:35.888167+00:00,215.806,0.595,0.59,0.6,0.405,0.4,0.41,,,,
2026-01-06 05:03:36.826000+00:00,2026-01-06 05:03:36.894512+00:00,216.826,0.615,0.61,0.62,0.385,0.38,0.39,,,,
2026-01-06 05:03:37.816000+00:00,2026-01-06 05:03:37.895344+00:00,217.816,0.655,0.65,0.66,0.345,0.34,0.35,,,,
2026-01-06 05:03:38.802000+00:00,2026-01-06 05:03:38.894304+00:00,218.802,0.645,0.64,0.65,0.355,0.35,0.36,,,,
2026-01-06 05:03:39.788000+00:00,2026-01-06 05:03:39.903154+00:00,219.788,0.66,0.65,0.67,0.3399999999999999,0.33,0.35,,,,
2026-01-06 05:03:40.838000+00:00,2026-01-06 05:03:40.908114+00:00,220.838,0.665,0.66,0.67,0.335,0.33,0.34,,,,
2026-01-06 05:03:41.849000+00:00,2026-01-06 05:03:41.919448+00:00,221.849,0.67,0.66,0.68,0.335,0.33,0.34,,,,
2026-01-06 05:03:42.822000+00:00,2026-01-06 05:03:42.933538+00:00,222.822,0.665,0.66,0.67,0.335,0.33,0.34,,,,
2026-01-06 05:03:43.866000+00:00,2026-01-06 05:03:43.941322+00:00,223.866,0.66,0.65,0.67,0.3399999999999999,0.33,0.35,,,,
2026-01-06 05:03:44.705000+00:00,2026-01-06 05:03:44.946749+00:00,224.705,0.655,0.65,0.66,0.345,0.34,0.35,,,,
2026-01-06 05:03:45.882000+00:00,2026-01-06 05:03:45.950632+00:00,225.882,0.67,0.66,0.68,0.33,0.32,0.34,,,,
2026-01-06 05:03:46.890000+00:00,2026-01-06 05:03:46.970038+00:00,226.89,0.67,0.66,0.68,0.33,0.32,0.34,,,,
2026-01-06 05:03:47.701000+00:00,2026-01-06 05:03:47.978285+00:00,227.701,0.67,0.66,0.68,0.33,0.32,0.34,,,,
2026-01-06 05:03:48.912000+00:00,2026-01-06 05:03:48.980444+00:00,228.912,0.675,0.67,0.68,0.325,0.32,0.33,,,,
2026-01-06 05:03:49.922000+00:00,2026-01-06 05:03:50.000309+00:00,229.922,0.72,0.71,0.73,0.28,0.27,0.29,,,,
2026-01-06 05:03:50.902000+00:00,2026-01-06 05:03:50.997356+00:00,230.902,0.725,0.72,0.73,0.275,0.27,0.28,,,,
2026-01-06 05:03:51.905000+00:00,2026-01-06 05:03:52.012550+00:00,231.905,0.725,0.72,0.73,0.285,0.28,0.29,,,,
2026-01-06 05:03:52.949000+00:00,2026-01-06 05:03:53.029225+00:00,232.949,0.715,0.71,0.72,0.285,0.28,0.29,,,,
2026-01-06 05:03:53.956000+00:00,2026-01-06 05:03:54.046569+00:00,233.956,0.715,0.71,0.72,0.285,0.28,0.29,,,,
2026-01-06 05:03:54.978000+00:00,2026-01-06 05:03:55.056706+00:00,234.978,0.715,0.71,0.72,0.285,0.28,0.29,,,,
2026-01-06 05:03:55.993000+00:00,2026-01-06 05:03:56.075244+00:00,235.993,0.715,0.71,0.72,0.285,0.28,0.29,,,,
2026-01-06 05:03:56.978000+00:00,2026-01-06 05:03:57.095524+00:00,236.978,0.725,0.72,0.73,0.275,0.27,0.28,,,,
2026-01-06 05:03:58.025000+00:00,2026-01-06 05:03:58.104800+00:00,238.025,0.745,0.74,0.75,0.255,0.25,0.26,,,,
2026-01-06 05:03:59.047000+00:00,2026-01-06 05:03:59.123984+00:00,239.047,0.74,0.73,0.75,0.26,0.25,0.27,,,,
2026-01-06 05:04:00.042000+00:00,2026-01-06 05:04:00.123870+00:00,240.042,0.74,0.73,0.75,0.26,0.25,0.27,,,,
2026-01-06 05:04:01.021000+00:00,2026-01-06 05:04:01.134463+00:00,241.021,0.745,0.74,0.75,0.255,0.25,0.26,,,,
2026-01-06 05:04:02.048000+00:00,2026-01-06 05:04:02.122541+00:00,242.048,0.735,0.73,0.74,0.265,0.26,0.27,,,,
2026-01-06 05:04:03.037000+00:00,2026-01-06 05:04:03.127737+00:00,243.037,0.54,0.53,0.55,0.4599999999999999,0.45,0.47,,,,
2026-01-06 05:04:04.022000+00:00,2026-01-06 05:04:04.136057+00:00,244.022,0.545,0.54,0.55,0.455,0.45,0.46,,,,
2026-01-06 05:04:05.063000+00:00,2026-01-06 05:04:05.139026+00:00,245.063,0.55,0.53,0.57,0.44,0.43,0.45,,,,
2026-01-06 05:04:06.060000+00:00,2026-01-06 05:04:06.140277+00:00,246.06,0.555,0.55,0.56,0.445,0.44,0.45,,,,
2026-01-06 05:04:07.040000+00:00,2026-01-06 05:04:07.155086+00:00,247.04,0.535,0.53,0.54,0.4649999999999999,0.46,0.47,,,,
2026-01-06 05:04:08.092000+00:00,2026-01-06 05:04:08.161817+00:00,248.092,0.535,0.53,0.54,0.4649999999999999,0.46,0.47,,,,
2026-01-06 05:04:09.085000+00:00,2026-01-06 05:04:09.165914+00:00,249.085,0.505,0.5,0.51,0.495,0.49,0.5,,,,
2026-01-06 05:04:10.895000+00:00,2026-01-06 05:04:11.161664+00:00,250.895,0.51,0.5,0.52,0.49,0.48,0.5,,,,
2026-01-06 05:04:12.090000+00:00,2026-01-06 05:04:12.172644+00:00,252.09,0.505,0.5,0.51,0.495,0.49,0.5,,,,
2026-01-06 05:04:13.098000+00:00,2026-01-06 05:04:13.170702+00:00,253.098,0.545,0.54,0.55,0.455,0.45,0.46,,,,
2026-01-06 05:04:14.102000+00:00,2026-01-06 05:04:14.173561+00:00,254.102,0.535,0.53,0.54,0.4649999999999999,0.46,0.47,,,,
2026-01-06 05:04:15.083000+00:00,2026-01-06 05:04:15.187904+00:00,255.083,0.545,0.54,0.55,0.455,0.45,0.46,,,,
2026-01-06 05:04:16.123000+00:00,2026-01-06 05:04:16.195764+00:00,256.123,0.545,0.54,0.55,0.455,0.45,0.46,,,,
2026-01-06 05:04:17.126000+00:00,2026-01-06 05:04:17.205468+00:00,257.126,0.645,0.64,0.65,0.355,0.35,0.36,,,,
2026-01-06 05:04:18.038000+00:00,2026-01-06 05:04:18.218447+00:00,258.038,0.655,0.65,0.66,0.345,0.34,0.35,,,,
2026-01-06 05:04:19.142000+00:00,2026-01-06 05:04:19.220401+00:00,259.142,0.66,0.65,0.67,0.3399999999999999,0.33,0.35,,,,
2026-01-06 05:04:20.150000+00:00,2026-01-06 05:04:20.220516+00:00,260.15,0.655,0.65,0.66,0.345,0.34,0.35,,,,
2026-01-06 05:04:21.154000+00:00,2026-01-06 05:04:21.237230+00:00,261.154,0.655,0.65,0.66,0.345,0.34,0.35,,,,
2026-01-06 05:04:22.169000+00:00,2026-01-06 05:04:22.237546+00:00,262.169,0.65,0.64,0.66,0.35,0.34,0.36,,,,
2026-01-06 05:04:23.177000+00:00,2026-01-06 05:04:23.256561+00:00,263.177,0.65,0.64,0.66,0.355,0.35,0.36,,,,
2026-01-06 05:04:24.100000+00:00,2026-01-06 05:04:24.272236+00:00,264.1,0.65,0.64,0.66,0.35,0.34,0.36,,,,
2026-01-06 05:04:25.203000+00:00,2026-01-06 05:04:25.277245+00:00,265.203,0.655,0.65,0.66,0.3299999999999999,0.31,0.35,,,,
2026-01-06 05:04:26.226000+00:00,2026-01-06 05:04:26.294329+00:00,266.226,0.69,0.68,0.7,0.31,0.3,0.32,,,,
2026-01-06 05:04:27.239000+00:00,2026-01-06 05:04:27.306104+00:00,267.239,0.745,0.74,0.75,0.255,0.25,0.26,,,,
2026-01-06 05:04:28.224000+00:00,2026-01-06 05:04:28.326279+00:00,268.224,0.765,0.76,0.77,0.235,0.23,0.24,,,,
2026-01-06 05:04:29.190000+00:00,2026-01-06 05:04:29.329466+00:00,269.19,0.76,0.75,0.77,0.24,0.23,0.25,,,,
2026-01-06 05:04:30.240000+00:00,2026-01-06 05:04:30.337407+00:00,270.24,0.755,0.75,0.76,0.25,0.24,0.26,,,,
2026-01-06 05:04:31.261000+00:00,2026-01-06 05:04:31.348614+00:00,271.261,0.73,0.72,0.74,0.28,0.27,0.29,,,,
2026-01-06 05:04:32.257000+00:00,2026-01-06 05:04:32.354524+00:00,272.257,0.72,0.71,0.73,0.275,0.27,0.28,,,,
2026-01-06 05:04:33.909000+00:00,2026-01-06 05:04:34.360124+00:00,273.909,0.725,0.72,0.73,0.275,0.27,0.28,,,,
2026-01-06 05:04:35.075000+00:00,2026-01-06 05:04:35.362483+00:00,275.075,0.725,0.72,0.73,0.275,0.27,0.28,,,,
2026-01-06 05:04:36.288000+00:00,2026-01-06 05:04:36.368753+00:00,276.288,0.755,0.75,0.76,0.245,0.24,0.25,,,,
2026-01-06 05:04:37.296000+00:00,2026-01-06 05:04:37.379814+00:00,277.296,0.755,0.75,0.76,0.245,0.24,0.25,,,,
2026-01-06 05:04:38.321000+00:00,2026-01-06 05:04:38.381487+00:00,278.321,0.745,0.74,0.75,0.255,0.25,0.26,,,,
2026-01-06 05:04:39.221000+00:00,2026-01-06 05:04:39.387973+00:00,279.221,0.745,0.74,0.75,0.255,0.25,0.26,,,,
2026-01-06 05:04:40.331000+00:00,2026-01-06 05:04:40.403227+00:00,280.331,0.74,0.73,0.75,0.26,0.25,0.27,,,,
2026-01-06 05:04:41.227000+00:00,2026-01-06 05:04:41.422240+00:00,281.227,0.74,0.73,0.75,0.26,0.25,0.27,,,,
2026-01-06 05:04:42.297000+00:00,2026-01-06 05:04:42.432691+00:00,282.297,0.74,0.73,0.75,0.26,0.25,0.27,,,,
2026-01-06 05:04:43.274000+00:00,2026-01-06 05:04:43.438184+00:00,283.274,0.73,0.72,0.74,0.27,0.26,0.28,,,,
2026-01-06 05:04:44.362000+00:00,2026-01-06 05:04:44.439252+00:00,284.362,0.72,0.71,0.73,0.28,0.27,0.29,,,,
2026-01-06 05:04:45.275000+00:00,2026-01-06 05:04:45.462494+00:00,285.275,0.72,0.71,0.73,0.28,0.27,0.29,,,,
2026-01-06 05:04:46.361000+00:00,2026-01-06 05:04:46.450479+00:00,286.361,0.72,0.71,0.73,0.28,0.27,0.29,,,,
2026-01-06 05:04:47.369000+00:00,2026-01-06 05:04:47.453836+00:00,287.369,0.715,0.71,0.72,0.285,0.28,0.29,,,,
2026-01-06 05:04:48.354000+00:00,2026-01-06 05:04:48.464663+00:00,288.354,0.715,0.71,0.72,0.29,0.28,0.3,,,,
2026-01-06 05:04:49.410000+00:00,2026-01-06 05:04:49.482655+00:00,289.41,0.71,0.7,0.72,0.29,0.28,0.3,,,,
2026-01-06 05:04:50.312000+00:00,2026-01-06 05:04:50.484646+00:00,290.312,0.71,0.7,0.72,0.29,0.28,0.3,,,,
2026-01-06 05:04:51.378000+00:00,2026-01-06 05:04:51.494195+00:00,291.378,0.705,0.7,0.71,0.295,0.29,0.3,,,,
2026-01-06 05:04:52.485000+00:00,2026-01-06 05:04:52.496740+00:00,292.485,0.705,0.7,0.71,0.295,0.29,0.3,,,,
2026-01-06 05:04:53.381000+00:00,2026-01-06 05:04:53.508471+00:00,293.381,0.705,0.7,0.71,0.295,0.29,0.3,,,,
2026-01-06 05:04:54.401000+00:00,2026-01-06 05:04:54.513231+00:00,294.401,0.705,0.7,0.71,0.295,0.29,0.3,,,,
2026-01-06 05:04:55.445000+00:00,2026-01-06 05:04:55.527573+00:00,295.445,0.705,0.7,0.71,0.295,0.29,0.3,,,,
2026-01-06 05:04:56.362000+00:00,2026-01-06 05:04:56.534423+00:00,296.362,0.705,0.7,0.71,0.29,0.28,0.3,,,,
2026-01-06 05:04:57.416000+00:00,2026-01-06 05:04:57.543307+00:00,297.416,0.715,0.71,0.72,0.285,0.28,0.29,,,,
2026-01-06 05:04:58.446000+00:00,2026-01-06 05:04:58.541592+00:00,298.446,0.715,0.71,0.72,0.285,0.28,0.29,,,,
2026-01-06 05:04:59.408000+00:00,2026-01-06 05:04:59.541692+00:00,299.408,0.715,0.71,0.72,0.285,0.28,0.29,,,,
2026-01-06 05:05:00.471000+00:00,2026-01-06 05:05:00.554360+00:00,300.471,0.715,0.71,0.72,0.29,0.28,0.3,,,,
2026-01-06 05:05:01.492000+00:00,2026-01-06 05:05:01.569319+00:00,301.492,0.71,0.7,0.72,0.29,0.28,0.3,,,,
2026-01-06 05:05:02.497000+00:00,2026-01-06 05:05:02.575391+00:00,302.497,0.71,0.7,0.72,0.29,0.28,0.3,,,,
2026-01-06 05:05:03.499000+00:00,2026-01-06 05:05:03.578891+00:00,303.499,0.705,0.7,0.71,0.295,0.29,0.3,,,,
2026-01-06 05:05:04.418000+00:00,2026-01-06 05:05:04.592540+00:00,304.418,0.705,0.7,0.71,0.295,0.29,0.3,,,,
2026-01-06 05:05:05.530000+00:00,2026-01-06 05:05:05.604495+00:00,305.53,0.705,0.7,0.71,0.295,0.29,0.3,,,,
2026-01-06 05:05:06.311000+00:00,2026-01-06 05:05:06.608545+00:00,306.311,0.705,0.7,0.71,0.295,0.29,0.3,,,,
2026-01-06 05:05:07.523000+00:00,2026-01-06 05:05:07.619522+00:00,307.523,0.705,0.7,0.71,0.295,0.29,0.3,,,,
2026-01-06 05:05:08.259000+00:00,2026-01-06 05:05:08.613462+00:00,308.259,0.705,0.7,0.71,0.295,0.29,0.3,,,,
2026-01-06 05:05:09.533000+00:00,2026-01-06 05:05:09.622921+00:00,309.533,0.705,0.7,0.71,0.295,0.29,0.3,,,,
2026-01-06 05:05:10.453000+00:00,2026-01-06 05:05:10.630305+00:00,310.453,0.705,0.7,0.71,0.295,0.29,0.3,,,,
2026-01-06 05:05:11.521000+00:00,2026-01-06 05:05:11.627102+00:00,311.521,0.705,0.7,0.71,0.295,0.29,0.3,,,,
2026-01-06 05:05:12.505000+00:00,2026-01-06 05:05:12.641255+00:00,312.505,0.705,0.7,0.71,0.295,0.29,0.3,,,,
2026-01-06 05:05:13.266000+00:00,2026-01-06 05:05:13.645050+00:00,313.266,0.705,0.7,0.71,0.295,0.29,0.3,,,,
2026-01-06 05:05:14.543000+00:00,2026-01-06 05:05:14.653932+00:00,314.543,0.705,0.7,0.71,0.295,0.29,0.3,,,,
2026-01-06 05:05:15.581000+00:00,2026-01-06 05:05:15.659091+00:00,315.581,0.685,0.68,0.69,0.315,0.31,0.32,,,,
2026-01-06 05:05:16.539000+00:00,2026-01-06 05:05:16.653194+00:00,316.539,0.6799999999999999,0.67,0.69,0.32,0.31,0.33,,,,
2026-01-06 05:05:17.592000+00:00,2026-01-06 05:05:17.665068+00:00,317.592,0.6799999999999999,0.67,0.69,0.32,0.31,0.33,,,,
2026-01-06 05:05:18.480000+00:00,2026-01-06 05:05:18.657240+00:00,318.48,0.6799999999999999,0.67,0.69,0.32,0.31,0.33,,,,
2026-01-06 05:05:19.385000+00:00,2026-01-06 05:05:19.673056+00:00,319.385,0.685,0.68,0.69,0.315,0.31,0.32,,,,
2026-01-06 05:05:20.359000+00:00,2026-01-06 05:05:20.675150+00:00,320.359,0.685,0.68,0.69,0.315,0.31,0.32,,,,
2026-01-06 05:05:21.461000+00:00,2026-01-06 05:05:21.681114+00:00,321.461,0.685,0.68,0.69,0.315,0.31,0.32,,,,
2026-01-06 05:05:22.549000+00:00,2026-01-06 05:05:22.690488+00:00,322.549,0.685,0.68,0.69,0.315,0.31,0.32,,,,
2026-01-06 05:05:23.593000+00:00,2026-01-06 05:05:23.693569+00:00,323.593,0.685,0.68,0.69,0.315,0.31,0.32,,,,
2026-01-06 05:05:24.551000+00:00,2026-01-06 05:05:24.695048+00:00,324.551,0.685,0.68,0.69,0.315,0.31,0.32,,,,
2026-01-06 05:05:25.652000+00:00,2026-01-06 05:05:25.719385+00:00,325.652,0.665,0.66,0.67,0.3399999999999999,0.33,0.35,,,,
2026-01-06 05:05:26.664000+00:00,2026-01-06 05:05:26.736946+00:00,326.664,0.66,0.65,0.67,0.3399999999999999,0.33,0.35,,,,
2026-01-06 05:05:27.622000+00:00,2026-01-06 05:05:27.754441+00:00,327.622,0.655,0.65,0.66,0.345,0.34,0.35,,,,
2026-01-06 05:05:28.691000+00:00,2026-01-06 05:05:28.768124+00:00,328.691,0.625,0.62,0.63,0.375,0.37,0.38,,,,
2026-01-06 05:05:29.721000+00:00,2026-01-06 05:05:29.784159+00:00,329.721,0.635,0.63,0.64,0.365,0.36,0.37,,,,
2026-01-06 05:05:30.729000+00:00,2026-01-06 05:05:30.801422+00:00,330.729,0.655,0.65,0.66,0.345,0.34,0.35,,,,
2026-01-06 05:05:31.728000+00:00,2026-01-06 05:05:31.802571+00:00,331.728,0.6799999999999999,0.67,0.69,0.32,0.31,0.33,,,,
2026-01-06 05:05:32.738000+00:00,2026-01-06 05:05:32.819329+00:00,332.738,0.6799999999999999,0.67,0.69,0.32,0.31,0.33,,,,
2026-01-06 05:05:33.752000+00:00,2026-01-06 05:05:33.833349+00:00,333.752,0.6799999999999999,0.67,0.69,0.32,0.31,0.33,,,,
2026-01-06 05:05:34.757000+00:00,2026-01-06 05:05:34.833283+00:00,334.757,0.675,0.67,0.68,0.325,0.32,0.33,,,,
2026-01-06 05:05:35.723000+00:00,2026-01-06 05:05:35.840843+00:00,335.723,0.685,0.68,0.69,0.315,0.31,0.32,,,,
2026-01-06 05:05:36.677000+00:00,2026-01-06 05:05:36.848589+00:00,336.677,0.69,0.68,0.7,0.31,0.3,0.32,,,,
2026-01-06 05:05:37.640000+00:00,2026-01-06 05:05:37.851177+00:00,337.64,0.69,0.68,0.7,0.31,0.3,0.32,,,,
2026-01-06 05:05:38.733000+00:00,2026-01-06 05:05:38.852170+00:00,338.733,0.685,0.68,0.69,0.32,0.31,0.33,,,,
2026-01-06 05:05:39.655000+00:00,2026-01-06 05:05:39.855752+00:00,339.655,0.6799999999999999,0.67,0.69,0.32,0.31,0.33,,,,
2026-01-06 05:05:40.788000+00:00,2026-01-06 05:05:40.883681+00:00,340.788,0.685,0.68,0.69,0.315,0.31,0.32,,,,
2026-01-06 05:05:41.796000+00:00,2026-01-06 05:05:41.875512+00:00,341.796,0.685,0.68,0.69,0.315,0.31,0.32,,,,
2026-01-06 05:05:42.799000+00:00,2026-01-06 05:05:42.894203+00:00,342.799,0.685,0.68,0.69,0.305,0.3,0.31,,,,
2026-01-06 05:05:43.821000+00:00,2026-01-06 05:05:43.891863+00:00,343.821,0.705,0.7,0.71,0.295,0.29,0.3,,,,
2026-01-06 05:05:44.818000+00:00,2026-01-06 05:05:44.894854+00:00,344.818,0.7,0.69,0.71,0.3,0.29,0.31,,,,
2026-01-06 05:05:45.782000+00:00,2026-01-06 05:05:45.900207+00:00,345.782,0.71,0.7,0.72,0.29,0.28,0.3,,,,
2026-01-06 05:05:46.822000+00:00,2026-01-06 05:05:46.905591+00:00,346.822,0.705,0.7,0.71,0.295,0.29,0.3,,,,
2026-01-06 05:05:47.818000+00:00,2026-01-06 05:05:47.895371+00:00,347.818,0.715,0.71,0.72,0.285,0.28,0.29,,,,
2026-01-06 05:05:48.790000+00:00,2026-01-06 05:05:48.903732+00:00,348.79,0.755,0.75,0.76,0.245,0.24,0.25,,,,
2026-01-06 05:05:49.846000+00:00,2026-01-06 05:05:49.918660+00:00,349.846,0.755,0.75,0.76,0.245,0.24,0.25,,,,
2026-01-06 05:05:50.850000+00:00,2026-01-06 05:05:50.921750+00:00,350.85,0.755,0.75,0.76,0.245,0.24,0.25,,,,
2026-01-06 05:05:51.867000+00:00,2026-01-06 05:05:51.939835+00:00,351.867,0.775,0.77,0.78,0.225,0.22,0.23,,,,
2026-01-06 05:05:52.883000+00:00,2026-01-06 05:05:52.956207+00:00,352.883,0.775,0.77,0.78,0.225,0.22,0.23,,,,
2026-01-06 05:05:53.902000+00:00,2026-01-06 05:05:53.975472+00:00,353.902,0.775,0.77,0.78,0.225,0.22,0.23,,,,
2026-01-06 05:05:54.841000+00:00,2026-01-06 05:05:54.973060+00:00,354.841,0.775,0.77,0.78,0.225,0.22,0.23,,,,
2026-01-06 05:05:55.878000+00:00,2026-01-06 05:05:55.996524+00:00,355.878,0.78,0.77,0.79,0.225,0.22,0.23,,,,
2026-01-06 05:05:56.928000+00:00,2026-01-06 05:05:57.004781+00:00,356.928,0.775,0.77,0.78,0.225,0.22,0.23,,,,
2026-01-06 05:05:57.958000+00:00,2026-01-06 05:05:58.010249+00:00,357.958,0.775,0.77,0.78,0.225,0.22,0.23,,,,
2026-01-06 05:05:58.915000+00:00,2026-01-06 05:05:59.023059+00:00,358.915,0.775,0.77,0.78,0.225,0.22,0.23,,,,
2026-01-06 05:05:59.955000+00:00,2026-01-06 05:06:00.026536+00:00,359.955,0.78,0.77,0.79,0.225,0.22,0.23,,,,
2026-01-06 05:06:00.960000+00:00,2026-01-06 05:06:01.041021+00:00,360.96,0.785,0.78,0.79,0.215,0.21,0.22,,,,
2026-01-06 05:06:01.841000+00:00,2026-01-06 05:06:02.041563+00:00,361.841,0.775,0.77,0.78,0.225,0.22,0.23,,,,
2026-01-06 05:06:02.976000+00:00,2026-01-06 05:06:03.053479+00:00,362.976,0.795,0.79,0.8,0.205,0.2,0.21,,,,
2026-01-06 05:06:04.994000+00:00,2026-01-06 05:06:05.079010+00:00,364.994,0.805,0.8,0.81,0.195,0.19,0.2,,,,
2026-01-06 05:06:06.732000+00:00,2026-01-06 05:06:07.106601+00:00,366.732,0.81,0.8,0.82,0.19,0.18,0.2,,,,
2026-01-06 05:06:07.928000+00:00,2026-01-06 05:06:08.119836+00:00,367.928,0.805,0.8,0.81,0.195,0.19,0.2,,,,
2026-01-06 05:06:09.065000+00:00,2026-01-06 05:06:09.140724+00:00,369.065,0.805,0.8,0.81,0.195,0.19,0.2,,,,
2026-01-06 05:06:10.057000+00:00,2026-01-06 05:06:10.140537+00:00,370.057,0.805,0.8,0.81,0.195,0.19,0.2,,,,
2026-01-06 05:06:11.012000+00:00,2026-01-06 05:06:11.145783+00:00,371.012,0.81,0.8,0.82,0.19,0.18,0.2,,,,
2026-01-06 05:06:12.080000+00:00,2026-01-06 05:06:12.157357+00:00,372.08,0.81,0.8,0.82,0.19,0.18,0.2,,,,
2026-01-06 05:06:13+00:00,2026-01-06 05:06:13.167014+00:00,373.0,0.81,0.8,0.82,0.19,0.18,0.2,,,,
2026-01-06 05:06:14.008000+00:00,2026-01-06 05:06:14.190366+00:00,374.008,0.805,0.8,0.81,0.195,0.19,0.2,,,,
2026-01-06 05:06:15.103000+00:00,2026-01-06 05:06:15.184640+00:00,375.103,0.805,0.8,0.81,0.195,0.19,0.2,,,,
2026-01-06 05:06:16.079000+00:00,2026-01-06 05:06:16.191853+00:00,376.079,0.81,0.8,0.82,0.19,0.18,0.2,,,,
2026-01-06 05:06:17.537000+00:00,2026-01-06 05:06:18.214370+00:00,377.537,0.81,0.8,0.82,0.195,0.19,0.2,,,,
2026-01-06 05:06:19.123000+00:00,2026-01-06 05:06:19.215901+00:00,379.123,0.805,0.8,0.81,0.195,0.19,0.2,,,,
2026-01-06 05:06:20.067000+00:00,2026-01-06 05:06:20.213663+00:00,380.067,0.795,0.79,0.8,0.21,0.2,0.22,,,,
2026-01-06 05:06:21.139000+00:00,2026-01-06 05:06:21.217376+00:00,381.139,0.775,0.77,0.78,0.2299999999999999,0.22,0.24,,,,
2026-01-06 05:06:22.138000+00:00,2026-01-06 05:06:22.223269+00:00,382.138,0.78,0.77,0.79,0.22,0.21,0.23,,,,
2026-01-06 05:06:23.015000+00:00,2026-01-06 05:06:23.215468+00:00,383.015,0.78,0.77,0.79,0.22,0.21,0.23,,,,
2026-01-06 05:06:24.142000+00:00,2026-01-06 05:06:24.215088+00:00,384.142,0.78,0.77,0.79,0.22,0.21,0.23,,,,
2026-01-06 05:06:25.138000+00:00,2026-01-06 05:06:25.216771+00:00,385.138,0.78,0.77,0.79,0.225,0.22,0.23,,,,
2026-01-06 05:06:26.116000+00:00,2026-01-06 05:06:26.215834+00:00,386.116,0.775,0.77,0.78,0.225,0.22,0.23,,,,
2026-01-06 05:06:27.134000+00:00,2026-01-06 05:06:27.216106+00:00,387.134,0.785,0.78,0.79,0.215,0.21,0.22,,,,
2026-01-06 05:06:28.078000+00:00,2026-01-06 05:06:28.226282+00:00,388.078,0.805,0.8,0.81,0.195,0.19,0.2,,,,
2026-01-06 05:06:29.146000+00:00,2026-01-06 05:06:29.238635+00:00,389.146,0.79,0.78,0.8,0.205,0.2,0.21,,,,
2026-01-06 05:06:30.111000+00:00,2026-01-06 05:06:30.233314+00:00,390.111,0.795,0.79,0.8,0.205,0.2,0.21,,,,
2026-01-06 05:06:31.139000+00:00,2026-01-06 05:06:31.236474+00:00,391.139,0.795,0.79,0.8,0.205,0.2,0.21,,,,
2026-01-06 05:06:32.019000+00:00,2026-01-06 05:06:32.241513+00:00,392.019,0.795,0.79,0.8,0.205,0.2,0.21,,,,
2026-01-06 05:06:33.181000+00:00,2026-01-06 05:06:33.249777+00:00,393.181,0.795,0.79,0.8,0.205,0.2,0.21,,,,
2026-01-06 05:06:34.933000+00:00,2026-01-06 05:06:35.266205+00:00,394.933,0.79,0.78,0.8,0.21,0.2,0.22,,,,
2026-01-06 05:06:36.145000+00:00,2026-01-06 05:06:36.267158+00:00,396.145,0.79,0.78,0.8,0.215,0.21,0.22,,,,
2026-01-06 05:06:37.042000+00:00,2026-01-06 05:06:37.282060+00:00,397.042,0.79,0.78,0.8,0.215,0.21,0.22,,,,
2026-01-06 05:06:38.194000+00:00,2026-01-06 05:06:38.300291+00:00,398.194,0.795,0.79,0.8,0.205,0.2,0.21,,,,
2026-01-06 05:06:39.210000+00:00,2026-01-06 05:06:39.312430+00:00,399.21,0.79,0.78,0.8,0.21,0.2,0.22,,,,
2026-01-06 05:06:40.238000+00:00,2026-01-06 05:06:40.324244+00:00,400.238,0.79,0.78,0.8,0.21,0.2,0.22,,,,
2026-01-06 05:06:41.752000+00:00,2026-01-06 05:06:42.331432+00:00,401.752,0.79,0.78,0.8,0.21,0.2,0.22,,,,
2026-01-06 05:06:43.230000+00:00,2026-01-06 05:06:43.347988+00:00,403.23,0.79,0.78,0.8,0.21,0.2,0.22,,,,
2026-01-06 05:06:44.858000+00:00,2026-01-06 05:06:45.364866+00:00,404.858,0.79,0.78,0.8,0.21,0.2,0.22,,,,
2026-01-06 05:06:46.293000+00:00,2026-01-06 05:06:46.368441+00:00,406.293,0.795,0.79,0.8,0.205,0.2,0.21,,,,
2026-01-06 05:06:47.290000+00:00,2026-01-06 05:06:47.372539+00:00,407.29,0.795,0.79,0.8,0.205,0.2,0.21,,,,
2026-01-06 05:06:48.229000+00:00,2026-01-06 05:06:48.381724+00:00,408.229,0.795,0.79,0.8,0.205,0.2,0.21,,,,
2026-01-06 05:06:49.109000+00:00,2026-01-06 05:06:49.381322+00:00,409.109,0.795,0.79,0.8,0.205,0.2,0.21,,,,
2026-01-06 05:06:50.248000+00:00,2026-01-06 05:06:50.383393+00:00,410.248,0.79,0.78,0.8,0.21,0.2,0.22,,,,
2026-01-06 05:06:51.332000+00:00,2026-01-06 05:06:51.405303+00:00,411.332,0.795,0.79,0.8,0.205,0.2,0.21,,,,
2026-01-06 05:06:52.340000+00:00,2026-01-06 05:06:52.413221+00:00,412.34,0.795,0.79,0.8,0.205,0.2,0.21,,,,
2026-01-06 05:06:53.309000+00:00,2026-01-06 05:06:53.424806+00:00,413.309,0.795,0.79,0.8,0.205,0.2,0.21,,,,
2026-01-06 05:06:54.372000+00:00,2026-01-06 05:06:54.432785+00:00,414.372,0.795,0.79,0.8,0.205,0.2,0.21,,,,
2026-01-06 05:06:55.264000+00:00,2026-01-06 05:06:55.449284+00:00,415.264,0.795,0.79,0.8,0.205,0.2,0.21,,,,
2026-01-06 05:06:56.182000+00:00,2026-01-06 05:06:56.450877+00:00,416.182,0.795,0.79,0.8,0.205,0.2,0.21,,,,
2026-01-06 05:06:57.395000+00:00,2026-01-06 05:06:57.467199+00:00,417.395,0.775,0.77,0.78,0.225,0.22,0.23,,,,
2026-01-06 05:06:58.398000+00:00,2026-01-06 05:06:58.477726+00:00,418.398,0.77,0.76,0.78,0.2299999999999999,0.22,0.24,,,,
2026-01-06 05:06:59.385000+00:00,2026-01-06 05:06:59.477693+00:00,419.385,0.765,0.76,0.77,0.235,0.23,0.24,,,,
2026-01-06 05:07:00.409000+00:00,2026-01-06 05:07:00.483521+00:00,420.409,0.755,0.75,0.76,0.245,0.24,0.25,,,,
2026-01-06 05:07:01.417000+00:00,2026-01-06 05:07:01.493007+00:00,421.417,0.74,0.73,0.75,0.265,0.26,0.27,,,,
2026-01-06 05:07:02.444000+00:00,2026-01-06 05:07:02.499047+00:00,422.444,0.725,0.72,0.73,0.275,0.27,0.28,,,,
2026-01-06 05:07:03.349000+00:00,2026-01-06 05:07:03.514328+00:00,423.349,0.715,0.71,0.72,0.285,0.28,0.29,,,,
2026-01-06 05:07:04.388000+00:00,2026-01-06 05:07:04.519581+00:00,424.388,0.715,0.71,0.72,0.285,0.28,0.29,,,,
2026-01-06 05:07:05.420000+00:00,2026-01-06 05:07:05.514812+00:00,425.42,0.715,0.71,0.72,0.285,0.28,0.29,,,,
2026-01-06 05:07:06.424000+00:00,2026-01-06 05:07:06.520256+00:00,426.424,0.715,0.71,0.72,0.285,0.28,0.29,,,,
2026-01-06 05:07:07.433000+00:00,2026-01-06 05:07:07.524980+00:00,427.433,0.715,0.71,0.72,0.285,0.28,0.29,,,,
2026-01-06 05:07:08.449000+00:00,2026-01-06 05:07:08.519642+00:00,428.449,0.6799999999999999,0.67,0.69,0.325,0.32,0.33,,,,
2026-01-06 05:07:09.446000+00:00,2026-01-06 05:07:09.524876+00:00,429.446,0.655,0.65,0.66,0.35,0.34,0.36,,,,
2026-01-06 05:07:10.340000+00:00,2026-01-06 05:07:10.539520+00:00,430.34,0.655,0.65,0.66,0.345,0.34,0.35,,,,
2026-01-06 05:07:11.457000+00:00,2026-01-06 05:07:11.557039+00:00,431.457,0.67,0.66,0.68,0.335,0.33,0.34,,,,
2026-01-06 05:07:12.428000+00:00,2026-01-06 05:07:12.563857+00:00,432.428,0.67,0.66,0.68,0.33,0.32,0.34,,,,
2026-01-06 05:07:13.435000+00:00,2026-01-06 05:07:13.578458+00:00,433.435,0.67,0.66,0.68,0.33,0.32,0.34,,,,
2026-01-06 05:07:14.476000+00:00,2026-01-06 05:07:14.587010+00:00,434.476,0.67,0.66,0.68,0.33,0.32,0.34,,,,
2026-01-06 05:07:15.512000+00:00,2026-01-06 05:07:15.584051+00:00,435.512,0.625,0.62,0.63,0.375,0.37,0.38,,,,
2026-01-06 05:07:16.497000+00:00,2026-01-06 05:07:16.584111+00:00,436.497,0.625,0.62,0.63,0.375,0.37,0.38,,,,
2026-01-06 05:07:17.513000+00:00,2026-01-06 05:07:17.586892+00:00,437.513,0.605,0.58,0.63,0.395,0.39,0.4,,,,
2026-01-06 05:07:18.506000+00:00,2026-01-06 05:07:18.597334+00:00,438.506,0.605,0.6,0.61,0.405,0.4,0.41,,,,
2026-01-06 05:07:19.483000+00:00,2026-01-06 05:07:19.606521+00:00,439.483,0.605,0.6,0.61,0.395,0.39,0.4,,,,
2026-01-06 05:07:20.266000+00:00,2026-01-06 05:07:20.616100+00:00,440.266,0.605,0.6,0.61,0.395,0.39,0.4,,,,
2026-01-06 05:07:21.546000+00:00,2026-01-06 05:07:21.633774+00:00,441.546,0.595,0.59,0.6,0.405,0.4,0.41,,,,
2026-01-06 05:07:22.550000+00:00,2026-01-06 05:07:22.630985+00:00,442.55,0.585,0.58,0.59,0.415,0.41,0.42,,,,
2026-01-06 05:07:23.556000+00:00,2026-01-06 05:07:23.630782+00:00,443.556,0.575,0.57,0.58,0.425,0.42,0.43,,,,
2026-01-06 05:07:24.570000+00:00,2026-01-06 05:07:24.639189+00:00,444.57,0.5700000000000001,0.56,0.58,0.425,0.42,0.43,,,,
2026-01-06 05:07:25.582000+00:00,2026-01-06 05:07:25.646077+00:00,445.582,0.575,0.57,0.58,0.425,0.42,0.43,,,,
2026-01-06 05:07:26.556000+00:00,2026-01-06 05:07:26.663059+00:00,446.556,0.5700000000000001,0.56,0.58,0.425,0.42,0.43,,,,
2026-01-06 05:07:27.544000+00:00,2026-01-06 05:07:27.663585+00:00,447.544,0.575,0.57,0.58,0.425,0.42,0.43,,,,
2026-01-06 05:07:28.576000+00:00,2026-01-06 05:07:28.671880+00:00,448.576,0.575,0.57,0.58,0.425,0.42,0.43,,,,
2026-01-06 05:07:29.604000+00:00,2026-01-06 05:07:29.682031+00:00,449.604,0.5700000000000001,0.56,0.58,0.425,0.42,0.43,,,,
2026-01-06 05:07:30.557000+00:00,2026-01-06 05:07:30.682207+00:00,450.557,0.595,0.59,0.6,0.385,0.38,0.39,,,,
2026-01-06 05:07:31.596000+00:00,2026-01-06 05:07:31.685678+00:00,451.596,0.615,0.61,0.62,0.385,0.38,0.39,,,,
2026-01-06 05:07:32.614000+00:00,2026-01-06 05:07:32.687392+00:00,452.614,0.61,0.6,0.62,0.38,0.37,0.39,,,,
2026-01-06 05:07:33.583000+00:00,2026-01-06 05:07:33.702100+00:00,453.583,0.62,0.61,0.63,0.38,0.37,0.39,,,,
2026-01-06 05:07:34.554000+00:00,2026-01-06 05:07:34.705065+00:00,454.554,0.615,0.61,0.62,0.385,0.38,0.39,,,,
2026-01-06 05:07:35.641000+00:00,2026-01-06 05:07:35.706221+00:00,455.641,0.635,0.63,0.64,0.375,0.37,0.38,,,,
2026-01-06 05:07:36.627000+00:00,2026-01-06 05:07:36.702533+00:00,456.627,0.62,0.61,0.63,0.375,0.37,0.38,,,,
2026-01-06 05:07:37.442000+00:00,2026-01-06 05:07:37.713013+00:00,457.442,0.625,0.62,0.63,0.375,0.37,0.38,,,,
2026-01-06 05:07:38.661000+00:00,2026-01-06 05:07:38.727664+00:00,458.661,0.635,0.63,0.64,0.36,0.35,0.37,,,,
2026-01-06 05:07:39.657000+00:00,2026-01-06 05:07:39.742268+00:00,459.657,0.645,0.64,0.65,0.36,0.35,0.37,,,,
2026-01-06 05:07:40.599000+00:00,2026-01-06 05:07:40.745905+00:00,460.599,0.635,0.63,0.64,0.365,0.36,0.37,,,,
2026-01-06 05:07:41.658000+00:00,2026-01-06 05:07:41.761246+00:00,461.658,0.63,0.62,0.64,0.37,0.36,0.38,,,,
2026-01-06 05:07:42.698000+00:00,2026-01-06 05:07:42.779699+00:00,462.698,0.64,0.63,0.65,0.36,0.35,0.37,,,,
2026-01-06 05:07:43.554000+00:00,2026-01-06 05:07:43.784163+00:00,463.554,0.635,0.63,0.64,0.365,0.36,0.37,,,,
2026-01-06 05:07:44.637000+00:00,2026-01-06 05:07:44.793515+00:00,464.637,0.63,0.62,0.64,0.37,0.36,0.38,,,,
2026-01-06 05:07:45.729000+00:00,2026-01-06 05:07:45.798355+00:00,465.729,0.62,0.61,0.63,0.38,0.37,0.39,,,,
2026-01-06 05:07:46.721000+00:00,2026-01-06 05:07:46.804884+00:00,466.721,0.62,0.61,0.63,0.385,0.38,0.39,,,,
2026-01-06 05:07:47.655000+00:00,2026-01-06 05:07:47.801894+00:00,467.655,0.605,0.6,0.61,0.395,0.39,0.4,,,,
2026-01-06 05:07:48.727000+00:00,2026-01-06 05:07:48.803472+00:00,468.727,0.605,0.6,0.61,0.395,0.39,0.4,,,,
2026-01-06 05:07:49.637000+00:00,2026-01-06 05:07:49.819649+00:00,469.637,0.61,0.6,0.62,0.39,0.38,0.4,,,,
2026-01-06 05:07:50.734000+00:00,2026-01-06 05:07:50.830288+00:00,470.734,0.61,0.6,0.62,0.39,0.38,0.4,,,,
2026-01-06 05:07:51.711000+00:00,2026-01-06 05:07:51.834210+00:00,471.711,0.61,0.6,0.62,0.39,0.38,0.4,,,,
2026-01-06 05:07:52.759000+00:00,2026-01-06 05:07:52.836307+00:00,472.759,0.61,0.6,0.62,0.39,0.38,0.4,,,,
2026-01-06 05:07:53.489000+00:00,2026-01-06 05:07:53.839040+00:00,473.489,0.61,0.6,0.62,0.39,0.38,0.4,,,,
2026-01-06 05:07:54.780000+00:00,2026-01-06 05:07:54.854265+00:00,474.78,0.615,0.61,0.62,0.385,0.38,0.39,,,,
2026-01-06 05:07:55.783000+00:00,2026-01-06 05:07:55.857422+00:00,475.783,0.635,0.63,0.64,0.365,0.36,0.37,,,,
2026-01-06 05:07:56.777000+00:00,2026-01-06 05:07:56.868302+00:00,476.777,0.665,0.66,0.67,0.335,0.33,0.34,,,,
2026-01-06 05:07:57.793000+00:00,2026-01-06 05:07:57.863688+00:00,477.793,0.72,0.71,0.73,0.275,0.27,0.28,,,,
2026-01-06 05:07:58.789000+00:00,2026-01-06 05:07:58.867698+00:00,478.789,0.725,0.72,0.73,0.305,0.28,0.33,,,,
2026-01-06 05:07:59.782000+00:00,2026-01-06 05:07:59.863259+00:00,479.782,0.66,0.65,0.67,0.3399999999999999,0.33,0.35,,,,
2026-01-06 05:08:00.801000+00:00,2026-01-06 05:08:00.873310+00:00,480.801,0.665,0.66,0.67,0.335,0.33,0.34,,,,
2026-01-06 05:08:01.790000+00:00,2026-01-06 05:08:01.867792+00:00,481.79,0.675,0.67,0.68,0.325,0.32,0.33,,,,
2026-01-06 05:08:02.752000+00:00,2026-01-06 05:08:02.863050+00:00,482.752,0.67,0.66,0.68,0.33,0.32,0.34,,,,
2026-01-06 05:08:03.783000+00:00,2026-01-06 05:08:03.866458+00:00,483.783,0.67,0.66,0.68,0.335,0.33,0.34,,,,
2026-01-06 05:08:04.775000+00:00,2026-01-06 05:08:04.869204+00:00,484.775,0.665,0.66,0.67,0.335,0.33,0.34,,,,
2026-01-06 05:08:05.788000+00:00,2026-01-06 05:08:05.870083+00:00,485.788,0.675,0.67,0.68,0.325,0.32,0.33,,,,
2026-01-06 05:08:06.793000+00:00,2026-01-06 05:08:06.885392+00:00,486.793,0.71,0.7,0.72,0.29,0.28,0.3,,,,
2026-01-06 05:08:07.782000+00:00,2026-01-06 05:08:07.901592+00:00,487.782,0.71,0.7,0.72,0.29,0.28,0.3,,,,
2026-01-06 05:08:08.834000+00:00,2026-01-06 05:08:08.904768+00:00,488.834,0.71,0.7,0.72,0.295,0.29,0.3,,,,
2026-01-06 05:08:09.675000+00:00,2026-01-06 05:08:09.899255+00:00,489.675,0.695,0.69,0.7,0.305,0.3,0.31,,,,
2026-01-06 05:08:10.607000+00:00,2026-01-06 05:08:10.895916+00:00,490.607,0.695,0.69,0.7,0.305,0.3,0.31,,,,
2026-01-06 05:08:11.785000+00:00,2026-01-06 05:08:11.888267+00:00,491.785,0.695,0.69,0.7,0.305,0.3,0.31,,,,
2026-01-06 05:08:12.639000+00:00,2026-01-06 05:08:12.890734+00:00,492.639,0.695,0.69,0.7,0.305,0.3,0.31,,,,
2026-01-06 05:08:13.743000+00:00,2026-01-06 05:08:13.904124+00:00,493.743,0.69,0.68,0.7,0.31,0.3,0.32,,,,
2026-01-06 05:08:14.811000+00:00,2026-01-06 05:08:14.912525+00:00,494.811,0.69,0.68,0.7,0.31,0.3,0.32,,,,
2026-01-06 05:08:15.844000+00:00,2026-01-06 05:08:15.920490+00:00,495.844,0.69,0.68,0.7,0.31,0.3,0.32,,,,
2026-01-06 05:08:16.842000+00:00,2026-01-06 05:08:16.920192+00:00,496.842,0.7,0.69,0.71,0.295,0.29,0.3,,,,
2026-01-06 05:08:17.849000+00:00,2026-01-06 05:08:17.924072+00:00,497.849,0.705,0.7,0.71,0.3,0.29,0.31,,,,
2026-01-06 05:08:18.794000+00:00,2026-01-06 05:08:18.914380+00:00,498.794,0.69,0.68,0.7,0.31,0.3,0.32,,,,
2026-01-06 05:08:19.869000+00:00,2026-01-06 05:08:19.929191+00:00,499.869,0.705,0.7,0.71,0.295,0.29,0.3,,,,
2026-01-06 05:08:20.703000+00:00,2026-01-06 05:08:20.918331+00:00,500.703,0.71,0.7,0.72,0.29,0.28,0.3,,,,
2026-01-06 05:08:21.758000+00:00,2026-01-06 05:08:21.919887+00:00,501.758,0.715,0.71,0.72,0.285,0.28,0.29,,,,
2026-01-06 05:08:22.848000+00:00,2026-01-06 05:08:22.930720+00:00,502.848,0.715,0.71,0.72,0.29,0.28,0.3,,,,
2026-01-06 05:08:23.836000+00:00,2026-01-06 05:08:23.940321+00:00,503.836,0.715,0.71,0.72,0.285,0.28,0.29,,,,
2026-01-06 05:08:24.834000+00:00,2026-01-06 05:08:24.933520+00:00,504.834,0.715,0.71,0.72,0.285,0.28,0.29,,,,
2026-01-06 05:08:25.832000+00:00,2026-01-06 05:08:25.952162+00:00,505.832,0.725,0.72,0.73,0.275,0.27,0.28,,,,
2026-01-06 05:08:26.894000+00:00,2026-01-06 05:08:26.969093+00:00,506.894,0.745,0.74,0.75,0.245,0.24,0.25,,,,
2026-01-06 05:08:27.890000+00:00,2026-01-06 05:08:27.975553+00:00,507.89,0.765,0.76,0.77,0.235,0.23,0.24,,,,
2026-01-06 05:08:28.888000+00:00,2026-01-06 05:08:28.977605+00:00,508.888,0.775,0.77,0.78,0.225,0.22,0.23,,,,
2026-01-06 05:08:29.991000+00:00,2026-01-06 05:08:29.990260+00:00,509.991,0.785,0.78,0.79,0.215,0.21,0.22,,,,
2026-01-06 05:08:30.932000+00:00,2026-01-06 05:08:31.000684+00:00,510.932,0.795,0.79,0.8,0.205,0.2,0.21,,,,
2026-01-06 05:08:31.923000+00:00,2026-01-06 05:08:32.002682+00:00,511.923,0.815,0.81,0.82,0.185,0.18,0.19,,,,
2026-01-06 05:08:32.917000+00:00,2026-01-06 05:08:32.999211+00:00,512.917,0.795,0.79,0.8,0.205,0.2,0.21,,,,
2026-01-06 05:08:33.929000+00:00,2026-01-06 05:08:34.011593+00:00,513.929,0.805,0.8,0.81,0.195,0.19,0.2,,,,
2026-01-06 05:08:34.940000+00:00,2026-01-06 05:08:35.011971+00:00,514.94,0.795,0.79,0.8,0.205,0.2,0.21,,,,
2026-01-06 05:08:35.923000+00:00,2026-01-06 05:08:36.027752+00:00,515.923,0.8,0.79,0.81,0.195,0.19,0.2,,,,
2026-01-06 05:08:36.914000+00:00,2026-01-06 05:08:37.039636+00:00,516.914,0.805,0.8,0.81,0.195,0.19,0.2,,,,
2026-01-06 05:08:37.874000+00:00,2026-01-06 05:08:38.032297+00:00,517.874,0.805,0.8,0.81,0.195,0.19,0.2,,,,
2026-01-06 05:08:38.942000+00:00,2026-01-06 05:08:39.028777+00:00,518.942,0.815,0.81,0.82,0.185,0.18,0.19,,,,
2026-01-06 05:08:39.933000+00:00,2026-01-06 05:08:40.044664+00:00,519.933,0.81,0.8,0.82,0.19,0.18,0.2,,,,
2026-01-06 05:08:40.949000+00:00,2026-01-06 05:08:41.061594+00:00,520.949,0.815,0.81,0.82,0.185,0.18,0.19,,,,
2026-01-06 05:08:42.970000+00:00,2026-01-06 05:08:43.077922+00:00,522.97,0.805,0.8,0.81,0.195,0.19,0.2,,,,
2026-01-06 05:08:43.957000+00:00,2026-01-06 05:08:44.077681+00:00,523.957,0.765,0.76,0.77,0.235,0.23,0.24,,,,
2026-01-06 05:08:44.945000+00:00,2026-01-06 05:08:45.093311+00:00,524.945,0.765,0.76,0.77,0.235,0.23,0.24,,,,
2026-01-06 05:08:46.036000+00:00,2026-01-06 05:08:46.113092+00:00,526.036,0.765,0.76,0.77,0.235,0.23,0.24,,,,
2026-01-06 05:08:47.039000+00:00,2026-01-06 05:08:47.111537+00:00,527.039,0.765,0.76,0.77,0.235,0.23,0.24,,,,
2026-01-06 05:08:48.062000+00:00,2026-01-06 05:08:48.128319+00:00,528.062,0.775,0.77,0.78,0.225,0.22,0.23,,,,
2026-01-06 05:08:49.963000+00:00,2026-01-06 05:08:50.159638+00:00,529.963,0.785,0.78,0.79,0.215,0.21,0.22,,,,
2026-01-06 05:08:51.079000+00:00,2026-01-06 05:08:51.160663+00:00,531.079,0.785,0.78,0.79,0.215,0.21,0.22,,,,
2026-01-06 05:08:52.107000+00:00,2026-01-06 05:08:52.176151+00:00,532.107,0.78,0.77,0.79,0.22,0.21,0.23,,,,
2026-01-06 05:08:53.723000+00:00,2026-01-06 05:08:54.176687+00:00,533.723,0.78,0.77,0.79,0.22,0.21,0.23,,,,
2026-01-06 05:08:54.895000+00:00,2026-01-06 05:08:55.193945+00:00,534.895,0.785,0.78,0.79,0.215,0.21,0.22,,,,
2026-01-06 05:08:55.743000+00:00,2026-01-06 05:08:56.200967+00:00,535.743,0.785,0.78,0.79,0.215,0.21,0.22,,,,
2026-01-06 05:08:57.103000+00:00,2026-01-06 05:08:57.205604+00:00,537.103,0.785,0.78,0.79,0.215,0.21,0.22,,,,
2026-01-06 05:08:58.081000+00:00,2026-01-06 05:08:58.211514+00:00,538.081,0.785,0.78,0.79,0.215,0.21,0.22,,,,
2026-01-06 05:08:59.146000+00:00,2026-01-06 05:08:59.225629+00:00,539.146,0.795,0.79,0.8,0.205,0.2,0.21,,,,
2026-01-06 05:09:00.174000+00:00,2026-01-06 05:09:00.241001+00:00,540.174,0.8,0.79,0.81,0.2,0.19,0.21,,,,
2026-01-06 05:09:01.100000+00:00,2026-01-06 05:09:01.252151+00:00,541.1,0.795,0.79,0.8,0.205,0.2,0.21,,,,
2026-01-06 05:09:02.180000+00:00,2026-01-06 05:09:02.258183+00:00,542.18,0.725,0.72,0.73,0.29,0.28,0.3,,,,
2026-01-06 05:09:03.130000+00:00,2026-01-06 05:09:03.261704+00:00,543.13,0.695,0.69,0.7,0.295,0.29,0.3,,,,
2026-01-06 05:09:04.199000+00:00,2026-01-06 05:09:04.267465+00:00,544.199,0.705,0.7,0.71,0.29,0.28,0.3,,,,
2026-01-06 05:09:05.186000+00:00,2026-01-06 05:09:05.278363+00:00,545.186,0.71,0.7,0.72,0.29,0.28,0.3,,,,
2026-01-06 05:09:06.204000+00:00,2026-01-06 05:09:06.284690+00:00,546.204,0.71,0.7,0.72,0.29,0.28,0.3,,,,
2026-01-06 05:09:07.120000+00:00,2026-01-06 05:09:07.303318+00:00,547.12,0.715,0.71,0.72,0.285,0.28,0.29,,,,
2026-01-06 05:09:08.872000+00:00,2026-01-06 05:09:09.310520+00:00,548.872,0.71,0.7,0.72,0.29,0.28,0.3,,,,
2026-01-06 05:09:10.218000+00:00,2026-01-06 05:09:10.326714+00:00,550.218,0.705,0.7,0.71,0.295,0.29,0.3,,,,
2026-01-06 05:09:11.265000+00:00,2026-01-06 05:09:11.342155+00:00,551.265,0.705,0.7,0.71,0.295,0.29,0.3,,,,
2026-01-06 05:09:12.271000+00:00,2026-01-06 05:09:12.359049+00:00,552.271,0.705,0.7,0.71,0.295,0.29,0.3,,,,
2026-01-06 05:09:13.270000+00:00,2026-01-06 05:09:13.366376+00:00,553.27,0.695,0.69,0.7,0.3,0.29,0.31,,,,
2026-01-06 05:09:14.170000+00:00,2026-01-06 05:09:14.369775+00:00,554.17,0.705,0.7,0.71,0.295,0.29,0.3,,,,
2026-01-06 05:09:15.051000+00:00,2026-01-06 05:09:15.365766+00:00,555.051,0.705,0.7,0.71,0.295,0.29,0.3,,,,
2026-01-06 05:09:16.262000+00:00,2026-01-06 05:09:16.373608+00:00,556.262,0.705,0.7,0.71,0.295,0.29,0.3,,,,
2026-01-06 05:09:17.294000+00:00,2026-01-06 05:09:17.375066+00:00,557.294,0.705,0.7,0.71,0.295,0.29,0.3,,,,
2026-01-06 05:09:18.104000+00:00,2026-01-06 05:09:18.391602+00:00,558.104,0.705,0.7,0.71,0.295,0.29,0.3,,,,
2026-01-06 05:09:19.319000+00:00,2026-01-06 05:09:19.393149+00:00,559.319,0.695,0.69,0.7,0.305,0.3,0.31,,,,
2026-01-06 05:09:20.317000+00:00,2026-01-06 05:09:20.396951+00:00,560.317,0.715,0.71,0.72,0.285,0.28,0.29,,,,
2026-01-06 05:09:21.311000+00:00,2026-01-06 05:09:21.410724+00:00,561.311,0.715,0.71,0.72,0.285,0.28,0.29,,,,
2026-01-06 05:09:22.318000+00:00,2026-01-06 05:09:22.402183+00:00,562.318,0.715,0.71,0.72,0.285,0.28,0.29,,,,
2026-01-06 05:09:23.349000+00:00,2026-01-06 05:09:23.416778+00:00,563.349,0.72,0.71,0.73,0.28,0.27,0.29,,,,
2026-01-06 05:09:24.336000+00:00,2026-01-06 05:09:24.423507+00:00,564.336,0.725,0.72,0.73,0.275,0.27,0.28,,,,
2026-01-06 05:09:25.288000+00:00,2026-01-06 05:09:25.433065+00:00,565.288,0.725,0.72,0.73,0.275,0.27,0.28,,,,
2026-01-06 05:09:26.374000+00:00,2026-01-06 05:09:26.448963+00:00,566.374,0.725,0.72,0.73,0.275,0.27,0.28,,,,
2026-01-06 05:09:27.372000+00:00,2026-01-06 05:09:27.453868+00:00,567.372,0.715,0.71,0.72,0.285,0.28,0.29,,,,
2026-01-06 05:09:28.388000+00:00,2026-01-06 05:09:28.464932+00:00,568.388,0.685,0.67,0.7,0.315,0.31,0.32,,,,
2026-01-06 05:09:29.397000+00:00,2026-01-06 05:09:29.476451+00:00,569.397,0.685,0.67,0.7,0.32,0.31,0.33,,,,
2026-01-06 05:09:30.389000+00:00,2026-01-06 05:09:30.492024+00:00,570.389,0.685,0.68,0.69,0.315,0.31,0.32,,,,
2026-01-06 05:09:31.276000+00:00,2026-01-06 05:09:31.491906+00:00,571.276,0.6799999999999999,0.67,0.69,0.32,0.31,0.33,,,,
2026-01-06 05:09:32.394000+00:00,2026-01-06 05:09:32.480984+00:00,572.394,0.685,0.68,0.69,0.315,0.31,0.32,,,,
2026-01-06 05:09:33.278000+00:00,2026-01-06 05:09:33.498885+00:00,573.278,0.6799999999999999,0.67,0.69,0.32,0.31,0.33,,,,
2026-01-06 05:09:34.333000+00:00,2026-01-06 05:09:34.510517+00:00,574.333,0.6799999999999999,0.67,0.69,0.315,0.31,0.32,,,,
2026-01-06 05:09:35.435000+00:00,2026-01-06 05:09:35.518167+00:00,575.435,0.7,0.69,0.71,0.3,0.29,0.31,,,,
2026-01-06 05:09:36.341000+00:00,2026-01-06 05:09:36.522273+00:00,576.341,0.7,0.69,0.71,0.3,0.29,0.31,,,,
2026-01-06 05:09:37.415000+00:00,2026-01-06 05:09:37.541522+00:00,577.415,0.6950000000000001,0.68,0.71,0.3,0.29,0.31,,,,
2026-01-06 05:09:38.236000+00:00,2026-01-06 05:09:38.553811+00:00,578.236,0.7,0.69,0.71,0.3,0.29,0.31,,,,
2026-01-06 05:09:39.440000+00:00,2026-01-06 05:09:39.560514+00:00,579.44,0.7,0.69,0.71,0.3,0.29,0.31,,,,
2026-01-06 05:09:40.486000+00:00,2026-01-06 05:09:40.565453+00:00,580.486,0.695,0.69,0.7,0.305,0.3,0.31,,,,
2026-01-06 05:09:41.475000+00:00,2026-01-06 05:09:41.568719+00:00,581.475,0.665,0.66,0.67,0.335,0.33,0.34,,,,
2026-01-06 05:09:42.496000+00:00,2026-01-06 05:09:42.577364+00:00,582.496,0.665,0.66,0.67,0.335,0.33,0.34,,,,
2026-01-06 05:09:43.439000+00:00,2026-01-06 05:09:43.593259+00:00,583.439,0.665,0.66,0.67,0.335,0.33,0.34,,,,
2026-01-06 05:09:44.489000+00:00,2026-01-06 05:09:44.610693+00:00,584.489,0.665,0.66,0.67,0.3399999999999999,0.33,0.35,,,,
2026-01-06 05:09:45.581000+00:00,2026-01-06 05:09:45.616065+00:00,585.581,0.665,0.66,0.67,0.335,0.33,0.34,,,,
2026-01-06 05:09:46.531000+00:00,2026-01-06 05:09:46.615741+00:00,586.531,0.665,0.66,0.67,0.335,0.33,0.34,,,,
2026-01-06 05:09:47.508000+00:00,2026-01-06 05:09:47.624467+00:00,587.508,0.665,0.66,0.67,0.335,0.33,0.34,,,,
2026-01-06 05:09:48.511000+00:00,2026-01-06 05:09:48.624486+00:00,588.511,0.655,0.65,0.66,0.345,0.34,0.35,,,,
2026-01-06 05:09:49.463000+00:00,2026-01-06 05:09:49.641241+00:00,589.463,0.655,0.65,0.66,0.345,0.34,0.35,,,,
2026-01-06 05:09:50.553000+00:00,2026-01-06 05:09:50.640704+00:00,590.553,0.655,0.65,0.66,0.345,0.34,0.35,,,,
2026-01-06 05:09:51.425000+00:00,2026-01-06 05:09:51.641982+00:00,591.425,0.655,0.65,0.66,0.345,0.34,0.35,,,,
2026-01-06 05:09:52.560000+00:00,2026-01-06 05:09:52.641371+00:00,592.56,0.63,0.62,0.64,0.375,0.37,0.38,,,,
2026-01-06 05:09:53.580000+00:00,2026-01-06 05:09:53.665219+00:00,593.58,0.615,0.61,0.62,0.385,0.38,0.39,,,,
2026-01-06 05:09:54.585000+00:00,2026-01-06 05:09:54.672693+00:00,594.585,0.595,0.59,0.6,0.405,0.4,0.41,,,,
2026-01-06 05:09:55.562000+00:00,2026-01-06 05:09:55.689844+00:00,595.562,0.595,0.59,0.6,0.405,0.4,0.41,,,,
2026-01-06 05:09:56.531000+00:00,2026-01-06 05:09:56.705523+00:00,596.531,0.595,0.59,0.6,0.405,0.4,0.41,,,,
2026-01-06 05:09:57.427000+00:00,2026-01-06 05:09:57.704184+00:00,597.427,0.595,0.59,0.6,0.405,0.4,0.41,,,,
2026-01-06 05:09:58.538000+00:00,2026-01-06 05:09:58.705812+00:00,598.538,0.595,0.59,0.6,0.405,0.4,0.41,,,,
2026-01-06 05:09:59.655000+00:00,2026-01-06 05:09:59.706464+00:00,599.655,0.595,0.59,0.6,0.405,0.4,0.41,,,,
2026-01-06 05:10:00.633000+00:00,2026-01-06 05:10:00.705628+00:00,600.633,0.565,0.55,0.58,0.445,0.44,0.45,,,,
2026-01-06 05:10:01.651000+00:00,2026-01-06 05:10:01.721496+00:00,601.651,0.555,0.55,0.56,0.445,0.44,0.45,,,,
2026-01-06 05:10:02.650000+00:00,2026-01-06 05:10:02.732715+00:00,602.65,0.51,0.5,0.52,0.495,0.49,0.5,,,,
2026-01-06 05:10:03.632000+00:00,2026-01-06 05:10:03.747833+00:00,603.632,0.545,0.54,0.55,0.455,0.45,0.46,,,,
2026-01-06 05:10:04.684000+00:00,2026-01-06 05:10:04.765751+00:00,604.684,0.625,0.61,0.64,0.36,0.35,0.37,,,,
2026-01-06 05:10:05.673000+00:00,2026-01-06 05:10:05.772632+00:00,605.673,0.665,0.66,0.67,0.33,0.32,0.34,,,,
2026-01-06 05:10:06.707000+00:00,2026-01-06 05:10:06.786777+00:00,606.707,0.675,0.67,0.68,0.325,0.32,0.33,,,,
2026-01-06 05:10:07.718000+00:00,2026-01-06 05:10:07.795690+00:00,607.718,0.675,0.67,0.68,0.32,0.31,0.33,,,,
2026-01-06 05:10:08.505000+00:00,2026-01-06 05:10:08.799928+00:00,608.505,0.6799999999999999,0.67,0.69,0.32,0.31,0.33,,,,
2026-01-06 05:10:09.723000+00:00,2026-01-06 05:10:09.809483+00:00,609.723,0.685,0.68,0.69,0.315,0.31,0.32,,,,
2026-01-06 05:10:10.482000+00:00,2026-01-06 05:10:10.826922+00:00,610.482,0.685,0.68,0.69,0.315,0.31,0.32,,,,
2026-01-06 05:10:11.560000+00:00,2026-01-06 05:10:11.827199+00:00,611.56,0.685,0.68,0.69,0.315,0.31,0.32,,,,
2026-01-06 05:10:12.761000+00:00,2026-01-06 05:10:12.830586+00:00,612.761,0.6799999999999999,0.67,0.69,0.325,0.32,0.33,,,,
2026-01-06 05:10:13.698000+00:00,2026-01-06 05:10:13.835277+00:00,613.698,0.6799999999999999,0.67,0.69,0.325,0.32,0.33,,,,
2026-01-06 05:10:14.635000+00:00,2026-01-06 05:10:14.846575+00:00,614.635,0.675,0.67,0.68,0.33,0.32,0.34,,,,
2026-01-06 05:10:15.781000+00:00,2026-01-06 05:10:15.858587+00:00,615.781,0.67,0.66,0.68,0.33,0.32,0.34,,,,
2026-01-06 05:10:16.761000+00:00,2026-01-06 05:10:16.865010+00:00,616.761,0.685,0.68,0.69,0.315,0.31,0.32,,,,
2026-01-06 05:10:17.771000+00:00,2026-01-06 05:10:17.867118+00:00,617.771,0.73,0.72,0.74,0.27,0.26,0.28,,,,
2026-01-06 05:10:18.797000+00:00,2026-01-06 05:10:18.875399+00:00,618.797,0.73,0.72,0.74,0.27,0.26,0.28,,,,
2026-01-06 05:10:19.806000+00:00,2026-01-06 05:10:19.893554+00:00,619.806,0.725,0.72,0.73,0.275,0.27,0.28,,,,
2026-01-06 05:10:20.824000+00:00,2026-01-06 05:10:20.900225+00:00,620.824,0.71,0.7,0.72,0.29,0.28,0.3,,,,
2026-01-06 05:10:21.804000+00:00,2026-01-06 05:10:21.911773+00:00,621.804,0.72,0.71,0.73,0.28,0.27,0.29,,,,
2026-01-06 05:10:22.650000+00:00,2026-01-06 05:10:22.911988+00:00,622.65,0.715,0.71,0.72,0.285,0.28,0.29,,,,
2026-01-06 05:10:23.823000+00:00,2026-01-06 05:10:23.917525+00:00,623.823,0.715,0.71,0.72,0.285,0.28,0.29,,,,
2026-01-06 05:10:24.703000+00:00,2026-01-06 05:10:24.919087+00:00,624.703,0.715,0.71,0.72,0.285,0.28,0.29,,,,
2026-01-06 05:10:25.567000+00:00,2026-01-06 05:10:25.923674+00:00,625.567,0.715,0.71,0.72,0.285,0.28,0.29,,,,
2026-01-06 05:10:26.856000+00:00,2026-01-06 05:10:26.932505+00:00,626.856,0.715,0.71,0.72,0.285,0.28,0.29,,,,
2026-01-06 05:10:27.762000+00:00,2026-01-06 05:10:27.948057+00:00,627.762,0.715,0.71,0.72,0.285,0.28,0.29,,,,
2026-01-06 05:10:28.880000+00:00,2026-01-06 05:10:28.961440+00:00,628.88,0.71,0.7,0.72,0.29,0.28,0.3,,,,
2026-01-06 05:10:29.836000+00:00,2026-01-06 05:10:29.957740+00:00,629.836,0.705,0.7,0.71,0.295,0.29,0.3,,,,
2026-01-06 05:10:30.893000+00:00,2026-01-06 05:10:30.961371+00:00,630.893,0.705,0.7,0.71,0.295,0.29,0.3,,,,
2026-01-06 05:10:31.893000+00:00,2026-01-06 05:10:31.974324+00:00,631.893,0.705,0.7,0.71,0.295,0.29,0.3,,,,
2026-01-06 05:10:32.914000+00:00,2026-01-06 05:10:32.993186+00:00,632.914,0.705,0.7,0.71,0.275,0.27,0.28,,,,
2026-01-06 05:10:33.887000+00:00,2026-01-06 05:10:33.990071+00:00,633.887,0.725,0.72,0.73,0.275,0.27,0.28,,,,
2026-01-06 05:10:34.919000+00:00,2026-01-06 05:10:34.997769+00:00,634.919,0.725,0.72,0.73,0.275,0.27,0.28,,,,
2026-01-06 05:10:35.778000+00:00,2026-01-06 05:10:36.011100+00:00,635.778,0.725,0.72,0.73,0.275,0.27,0.28,,,,
2026-01-06 05:10:36.928000+00:00,2026-01-06 05:10:37.019957+00:00,636.928,0.725,0.72,0.73,0.275,0.27,0.28,,,,
2026-01-06 05:10:37.942000+00:00,2026-01-06 05:10:38.028186+00:00,637.942,0.725,0.72,0.73,0.275,0.27,0.28,,,,
2026-01-06 05:10:38.945000+00:00,2026-01-06 05:10:39.027645+00:00,638.945,0.725,0.72,0.73,0.275,0.27,0.28,,,,
2026-01-06 05:10:39.970000+00:00,2026-01-06 05:10:40.038590+00:00,639.97,0.715,0.71,0.72,0.295,0.29,0.3,,,,
2026-01-06 05:10:41.967000+00:00,2026-01-06 05:10:42.056851+00:00,641.967,0.705,0.7,0.71,0.295,0.29,0.3,,,,
2026-01-06 05:10:42.785000+00:00,2026-01-06 05:10:43.073214+00:00,642.785,0.705,0.7,0.71,0.295,0.29,0.3,,,,
2026-01-06 05:10:43.992000+00:00,2026-01-06 05:10:44.091429+00:00,643.992,0.73,0.72,0.74,0.265,0.26,0.27,,,,
2026-01-06 05:10:44.989000+00:00,2026-01-06 05:10:45.093669+00:00,644.989,0.73,0.72,0.74,0.27,0.26,0.28,,,,
2026-01-06 05:10:45.854000+00:00,2026-01-06 05:10:46.120979+00:00,645.854,0.73,0.72,0.74,0.27,0.26,0.28,,,,
2026-01-06 05:10:47.011000+00:00,2026-01-06 05:10:47.125880+00:00,647.011,0.735,0.73,0.74,0.265,0.26,0.27,,,,
2026-01-06 05:10:48.897000+00:00,2026-01-06 05:10:49.137974+00:00,648.897,0.735,0.73,0.74,0.265,0.26,0.27,,,,
2026-01-06 05:10:49.916000+00:00,2026-01-06 05:10:50.126160+00:00,649.916,0.735,0.73,0.74,0.265,0.26,0.27,,,,
2026-01-06 05:10:51.785000+00:00,2026-01-06 05:10:52.161774+00:00,651.785,0.735,0.73,0.74,0.265,0.26,0.27,,,,
2026-01-06 05:10:53.829000+00:00,2026-01-06 05:10:54.186848+00:00,653.829,0.735,0.73,0.74,0.265,0.26,0.27,,,,
2026-01-06 05:10:55.982000+00:00,2026-01-06 05:10:56.205261+00:00,655.982,0.735,0.73,0.74,0.265,0.26,0.27,,,,
2026-01-06 05:10:57.129000+00:00,2026-01-06 05:10:57.204368+00:00,657.129,0.735,0.73,0.74,0.265,0.26,0.27,,,,
2026-01-06 05:10:58.123000+00:00,2026-01-06 05:10:58.204989+00:00,658.123,0.735,0.73,0.74,0.27,0.26,0.28,,,,
2026-01-06 05:10:59.114000+00:00,2026-01-06 05:10:59.221488+00:00,659.114,0.73,0.72,0.74,0.27,0.26,0.28,,,,
2026-01-06 05:11:00.171000+00:00,2026-01-06 05:11:00.238021+00:00,660.171,0.735,0.73,0.74,0.265,0.26,0.27,,,,
2026-01-06 05:11:01.915000+00:00,2026-01-06 05:11:02.264032+00:00,661.915,0.735,0.73,0.74,0.255,0.25,0.26,,,,
2026-01-06 05:11:03.190000+00:00,2026-01-06 05:11:03.274737+00:00,663.19,0.74,0.73,0.75,0.26,0.25,0.27,,,,
2026-01-06 05:11:04.140000+00:00,2026-01-06 05:11:04.273160+00:00,664.14,0.74,0.73,0.75,0.26,0.25,0.27,,,,
2026-01-06 05:11:05.157000+00:00,2026-01-06 05:11:05.274161+00:00,665.157,0.745,0.74,0.75,0.255,0.25,0.26,,,,
2026-01-06 05:11:06.171000+00:00,2026-01-06 05:11:06.273323+00:00,666.171,0.745,0.74,0.75,0.26,0.25,0.27,,,,
2026-01-06 05:11:07.195000+00:00,2026-01-06 05:11:07.278681+00:00,667.195,0.745,0.74,0.75,0.255,0.25,0.26,,,,
2026-01-06 05:11:08.832000+00:00,2026-01-06 05:11:09.293504+00:00,668.832,0.745,0.74,0.75,0.255,0.25,0.26,,,,
2026-01-06 05:11:10.201000+00:00,2026-01-06 05:11:10.287750+00:00,670.201,0.735,0.73,0.74,0.265,0.26,0.27,,,,
2026-01-06 05:11:11.213000+00:00,2026-01-06 05:11:11.296150+00:00,671.213,0.73,0.72,0.74,0.265,0.26,0.27,,,,
2026-01-06 05:11:12.241000+00:00,2026-01-06 05:11:12.317065+00:00,672.241,0.725,0.72,0.73,0.275,0.27,0.28,,,,
2026-01-06 05:11:13.132000+00:00,2026-01-06 05:11:13.322027+00:00,673.132,0.725,0.72,0.73,0.275,0.27,0.28,,,,
2026-01-06 05:11:14.238000+00:00,2026-01-06 05:11:14.329491+00:00,674.238,0.73,0.72,0.74,0.265,0.26,0.27,,,,
2026-01-06 05:11:15.144000+00:00,2026-01-06 05:11:15.321986+00:00,675.144,0.74,0.73,0.75,0.26,0.25,0.27,,,,
2026-01-06 05:11:16.145000+00:00,2026-01-06 05:11:16.338414+00:00,676.145,0.735,0.73,0.74,0.265,0.26,0.27,,,,
2026-01-06 05:11:17.016000+00:00,2026-01-06 05:11:17.337705+00:00,677.016,0.735,0.73,0.74,0.265,0.26,0.27,,,,
2026-01-06 05:11:18.245000+00:00,2026-01-06 05:11:18.335983+00:00,678.245,0.735,0.73,0.74,0.27,0.26,0.28,,,,
2026-01-06 05:11:19.273000+00:00,2026-01-06 05:11:19.356106+00:00,679.273,0.735,0.73,0.74,0.265,0.26,0.27,,,,
2026-01-06 05:11:20.268000+00:00,2026-01-06 05:11:20.364791+00:00,680.268,0.74,0.73,0.75,0.26,0.25,0.27,,,,
2026-01-06 05:11:21.212000+00:00,2026-01-06 05:11:21.369063+00:00,681.212,0.735,0.73,0.74,0.265,0.26,0.27,,,,
2026-01-06 05:11:22.253000+00:00,2026-01-06 05:11:22.382585+00:00,682.253,0.74,0.73,0.75,0.26,0.25,0.27,,,,
2026-01-06 05:11:23.228000+00:00,2026-01-06 05:11:23.388037+00:00,683.228,0.74,0.73,0.75,0.26,0.25,0.27,,,,
2026-01-06 05:11:24.235000+00:00,2026-01-06 05:11:24.390170+00:00,684.235,0.745,0.74,0.75,0.255,0.25,0.26,,,,
2026-01-06 05:11:25.348000+00:00,2026-01-06 05:11:25.391382+00:00,685.348,0.745,0.74,0.75,0.255,0.25,0.26,,,,
2026-01-06 05:11:26.322000+00:00,2026-01-06 05:11:26.399007+00:00,686.322,0.745,0.74,0.75,0.255,0.25,0.26,,,,
2026-01-06 05:11:27.343000+00:00,2026-01-06 05:11:27.421330+00:00,687.343,0.745,0.74,0.75,0.255,0.25,0.26,,,,
2026-01-06 05:11:28.354000+00:00,2026-01-06 05:11:28.421963+00:00,688.354,0.805,0.8,0.81,0.195,0.19,0.2,,,,
2026-01-06 05:11:29.334000+00:00,2026-01-06 05:11:29.420977+00:00,689.334,0.815,0.81,0.82,0.185,0.18,0.19,,,,
2026-01-06 05:11:30.336000+00:00,2026-01-06 05:11:30.422630+00:00,690.336,0.815,0.81,0.82,0.185,0.18,0.19,,,,
2026-01-06 05:11:31.336000+00:00,2026-01-06 05:11:31.421967+00:00,691.336,0.815,0.81,0.82,0.185,0.18,0.19,,,,
2026-01-06 05:11:32.311000+00:00,2026-01-06 05:11:32.421368+00:00,692.311,0.815,0.81,0.82,0.195,0.19,0.2,,,,
2026-01-06 05:11:33.275000+00:00,2026-01-06 05:11:33.423003+00:00,693.275,0.79,0.78,0.8,0.21,0.2,0.22,,,,
2026-01-06 05:11:34.317000+00:00,2026-01-06 05:11:34.423666+00:00,694.317,0.785,0.78,0.79,0.215,0.21,0.22,,,,
2026-01-06 05:11:35.340000+00:00,2026-01-06 05:11:35.431816+00:00,695.34,0.79,0.78,0.8,0.21,0.2,0.22,,,,
2026-01-06 05:11:36.340000+00:00,2026-01-06 05:11:36.429237+00:00,696.34,0.79,0.78,0.8,0.21,0.2,0.22,,,,
2026-01-06 05:11:37.340000+00:00,2026-01-06 05:11:37.441840+00:00,697.34,0.785,0.78,0.79,0.215,0.21,0.22,,,,
2026-01-06 05:11:38.309000+00:00,2026-01-06 05:11:38.437203+00:00,698.309,0.795,0.79,0.8,0.205,0.2,0.21,,,,
2026-01-06 05:11:39.382000+00:00,2026-01-06 05:11:39.455632+00:00,699.382,0.79,0.78,0.8,0.21,0.2,0.22,,,,
2026-01-06 05:11:40.377000+00:00,2026-01-06 05:11:40.460772+00:00,700.377,0.795,0.79,0.8,0.185,0.18,0.19,,,,
2026-01-06 05:11:41.383000+00:00,2026-01-06 05:11:41.460519+00:00,701.383,0.835,0.83,0.84,0.165,0.16,0.17,,,,
2026-01-06 05:11:42.378000+00:00,2026-01-06 05:11:42.458983+00:00,702.378,0.825,0.82,0.83,0.175,0.17,0.18,,,,
2026-01-06 05:11:43.256000+00:00,2026-01-06 05:11:43.471146+00:00,703.256,0.83,0.82,0.84,0.1699999999999999,0.16,0.18,,,,
2026-01-06 05:11:44.403000+00:00,2026-01-06 05:11:44.483676+00:00,704.403,0.825,0.82,0.83,0.175,0.17,0.18,,,,
2026-01-06 05:11:45.414000+00:00,2026-01-06 05:11:45.484192+00:00,705.414,0.785,0.78,0.79,0.215,0.21,0.22,,,,
2026-01-06 05:11:46.396000+00:00,2026-01-06 05:11:46.478736+00:00,706.396,0.755,0.75,0.76,0.26,0.25,0.27,,,,
2026-01-06 05:11:47.378000+00:00,2026-01-06 05:11:47.493353+00:00,707.378,0.745,0.74,0.75,0.26,0.25,0.27,,,,
2026-01-06 05:11:48.442000+00:00,2026-01-06 05:11:48.507912+00:00,708.442,0.745,0.74,0.75,0.255,0.25,0.26,,,,
2026-01-06 05:11:49.382000+00:00,2026-01-06 05:11:49.518573+00:00,709.382,0.745,0.74,0.75,0.255,0.25,0.26,,,,
2026-01-06 05:11:50.442000+00:00,2026-01-06 05:11:50.521578+00:00,710.442,0.745,0.74,0.75,0.255,0.25,0.26,,,,
2026-01-06 05:11:51.442000+00:00,2026-01-06 05:11:51.528273+00:00,711.442,0.835,0.83,0.84,0.165,0.16,0.17,,,,
2026-01-06 05:11:52.457000+00:00,2026-01-06 05:11:52.535833+00:00,712.457,0.835,0.83,0.84,0.1699999999999999,0.16,0.18,,,,
2026-01-06 05:11:53.456000+00:00,2026-01-06 05:11:53.554052+00:00,713.456,0.825,0.82,0.83,0.175,0.17,0.18,,,,
2026-01-06 05:11:54.450000+00:00,2026-01-06 05:11:54.551099+00:00,714.45,0.8200000000000001,0.81,0.83,0.18,0.17,0.19,,,,
2026-01-06 05:11:55.230000+00:00,2026-01-06 05:11:55.553010+00:00,715.23,0.81,0.8,0.82,0.19,0.18,0.2,,,,
2026-01-06 05:11:56.494000+00:00,2026-01-06 05:11:56.571423+00:00,716.494,0.815,0.81,0.82,0.195,0.19,0.2,,,,
2026-01-06 05:11:57.511000+00:00,2026-01-06 05:11:57.586890+00:00,717.511,0.805,0.8,0.81,0.2,0.19,0.21,,,,
2026-01-06 05:11:58.436000+00:00,2026-01-06 05:11:58.603897+00:00,718.436,0.805,0.8,0.81,0.195,0.19,0.2,,,,
2026-01-06 05:11:59.419000+00:00,2026-01-06 05:11:59.619366+00:00,719.419,0.815,0.81,0.82,0.185,0.18,0.19,,,,
2026-01-06 05:12:00.557000+00:00,2026-01-06 05:12:00.635837+00:00,720.557,0.815,0.81,0.82,0.185,0.18,0.19,,,,
2026-01-06 05:12:01.566000+00:00,2026-01-06 05:12:01.637895+00:00,721.566,0.815,0.81,0.82,0.185,0.18,0.19,,,,
2026-01-06 05:12:02.516000+00:00,2026-01-06 05:12:02.637880+00:00,722.516,0.835,0.83,0.84,0.165,0.16,0.17,,,,
2026-01-06 05:12:03.470000+00:00,2026-01-06 05:12:03.654283+00:00,723.47,0.845,0.84,0.85,0.155,0.15,0.16,,,,
2026-01-06 05:12:04.596000+00:00,2026-01-06 05:12:04.669440+00:00,724.596,0.855,0.85,0.86,0.145,0.14,0.15,,,,
2026-01-06 05:12:05.514000+00:00,2026-01-06 05:12:05.657786+00:00,725.514,0.855,0.85,0.86,0.145,0.14,0.15,,,,
2026-01-06 05:12:06.560000+00:00,2026-01-06 05:12:06.653412+00:00,726.56,0.845,0.84,0.85,0.155,0.15,0.16,,,,
2026-01-06 05:12:07.527000+00:00,2026-01-06 05:12:07.670815+00:00,727.527,0.855,0.85,0.86,0.145,0.14,0.15,,,,
2026-01-06 05:12:08.531000+00:00,2026-01-06 05:12:08.691759+00:00,728.531,0.855,0.85,0.86,0.145,0.14,0.15,,,,
2026-01-06 05:12:09.581000+00:00,2026-01-06 05:12:09.713592+00:00,729.581,0.855,0.85,0.86,0.145,0.14,0.15,,,,
2026-01-06 05:12:10.655000+00:00,2026-01-06 05:12:10.718762+00:00,730.655,0.865,0.86,0.87,0.135,0.13,0.14,,,,
2026-01-06 05:12:11.640000+00:00,2026-01-06 05:12:11.726493+00:00,731.64,0.865,0.86,0.87,0.135,0.13,0.14,,,,
2026-01-06 05:12:12.662000+00:00,2026-01-06 05:12:12.741179+00:00,732.662,0.905,0.9,0.91,0.095,0.09,0.1,,,,
2026-01-06 05:12:13.660000+00:00,2026-01-06 05:12:13.737282+00:00,733.66,0.87,0.86,0.88,0.12,0.11,0.13,,,,
2026-01-06 05:12:14.662000+00:00,2026-01-06 05:12:14.754796+00:00,734.662,0.88,0.87,0.89,0.12,0.11,0.13,,,,
2026-01-06 05:12:15.682000+00:00,2026-01-06 05:12:15.754056+00:00,735.682,0.89,0.87,0.91,0.11,0.09,0.13,,,,
2026-01-06 05:12:16.667000+00:00,2026-01-06 05:12:16.752621+00:00,736.667,0.9,0.88,0.92,0.105,0.09,0.12,,,,
2026-01-06 05:12:17.628000+00:00,2026-01-06 05:12:17.751881+00:00,737.628,0.915,0.91,0.92,0.095,0.08,0.11,,,,
2026-01-06 05:12:18.673000+00:00,2026-01-06 05:12:18.768947+00:00,738.673,0.91,0.89,0.93,0.09,0.07,0.11,,,,
2026-01-06 05:12:19.681000+00:00,2026-01-06 05:12:19.775031+00:00,739.681,0.925,0.92,0.93,0.075,0.07,0.08,,,,
2026-01-06 05:12:20.710000+00:00,2026-01-06 05:12:20.793315+00:00,740.71,0.93,0.92,0.94,0.065,0.06,0.07,,,,
2026-01-06 05:12:21.727000+00:00,2026-01-06 05:12:21.800310+00:00,741.727,0.935,0.93,0.94,0.065,0.06,0.07,,,,
2026-01-06 05:12:22.742000+00:00,2026-01-06 05:12:22.821364+00:00,742.742,0.945,0.94,0.95,0.055,0.05,0.06,,,,
2026-01-06 05:12:23.707000+00:00,2026-01-06 05:12:23.821707+00:00,743.707,0.945,0.94,0.95,0.055,0.05,0.06,,,,
2026-01-06 05:12:24.743000+00:00,2026-01-06 05:12:24.835597+00:00,744.743,0.965,0.96,0.97,0.035,0.03,0.04,,,,
2026-01-06 05:12:25.632000+00:00,2026-01-06 05:12:25.844923+00:00,745.632,0.965,0.96,0.97,0.035,0.03,0.04,,,,
2026-01-06 05:12:26.761000+00:00,2026-01-06 05:12:26.853286+00:00,746.761,0.975,0.97,0.98,0.025,0.02,0.03,,,,
2026-01-06 05:12:27.732000+00:00,2026-01-06 05:12:27.855244+00:00,747.732,0.965,0.96,0.97,0.04,0.03,0.05,,,,
2026-01-06 05:12:28.745000+00:00,2026-01-06 05:12:28.858080+00:00,748.745,0.965,0.96,0.97,0.03,0.02,0.04,,,,
2026-01-06 05:12:29.685000+00:00,2026-01-06 05:12:29.855550+00:00,749.685,0.975,0.97,0.98,0.025,0.02,0.03,,,,
2026-01-06 05:12:30.747000+00:00,2026-01-06 05:12:30.865486+00:00,750.747,0.985,0.98,0.99,0.015,0.01,0.02,,,,
2026-01-06 05:12:31.778000+00:00,2026-01-06 05:12:31.868639+00:00,751.778,0.985,0.98,0.99,0.015,0.01,0.02,,,,
2026-01-06 05:12:32.707000+00:00,2026-01-06 05:12:32.878350+00:00,752.707,0.985,0.98,0.99,0.015,0.01,0.02,,,,
2026-01-06 05:12:33.640000+00:00,2026-01-06 05:12:33.876596+00:00,753.64,0.985,0.98,0.99,0.015,0.01,0.02,,,,
2026-01-06 05:12:34.774000+00:00,2026-01-06 05:12:34.885111+00:00,754.774,0.98,0.97,0.99,0.015,0.01,0.02,,,,
2026-01-06 05:12:35.776000+00:00,2026-01-06 05:12:35.875736+00:00,755.776,0.985,0.98,0.99,0.015,0.01,0.02,,,,
2026-01-06 05:12:36.801000+00:00,2026-01-06 05:12:36.878184+00:00,756.801,0.985,0.98,0.99,0.015,0.01,0.02,,,,
2026-01-06 05:12:37.738000+00:00,2026-01-06 05:12:37.874716+00:00,757.738,0.975,0.97,0.98,0.025,0.02,0.03,,,,
2026-01-06 05:12:38.409000+00:00,2026-01-06 05:12:38.861612+00:00,758.409,0.98,0.97,0.99,0.02,0.01,0.03,,,,
2026-01-06 05:12:39.798000+00:00,2026-01-06 05:12:39.868232+00:00,759.798,0.975,0.97,0.98,0.025,0.02,0.03,,,,
2026-01-06 05:12:40.562000+00:00,2026-01-06 05:12:40.868531+00:00,760.562,0.98,0.97,0.99,0.02,0.01,0.03,,,,
2026-01-06 05:12:41.791000+00:00,2026-01-06 05:12:41.870999+00:00,761.791,0.955,0.94,0.97,0.045,0.03,0.06,,,,
2026-01-06 05:12:42.800000+00:00,2026-01-06 05:12:42.884607+00:00,762.8,0.96,0.95,0.97,0.045,0.04,0.05,,,,
2026-01-06 05:12:43.813000+00:00,2026-01-06 05:12:43.892430+00:00,763.813,0.945,0.92,0.97,0.05,0.03,0.07,,,,
2026-01-06 05:12:44.798000+00:00,2026-01-06 05:12:44.885330+00:00,764.798,0.945,0.93,0.96,0.055,0.04,0.07,,,,
2026-01-06 05:12:45.807000+00:00,2026-01-06 05:12:45.893885+00:00,765.807,0.945,0.94,0.95,0.055,0.05,0.06,,,,
2026-01-06 05:12:46.763000+00:00,2026-01-06 05:12:46.895604+00:00,766.763,0.94,0.93,0.95,0.065,0.06,0.07,,,,
2026-01-06 05:12:47.755000+00:00,2026-01-06 05:12:47.907945+00:00,767.755,0.955,0.94,0.97,0.04,0.03,0.05,,,,
2026-01-06 05:12:48.830000+00:00,2026-01-06 05:12:48.908831+00:00,768.83,0.945,0.93,0.96,0.055,0.04,0.07,,,,
2026-01-06 05:12:49.795000+00:00,2026-01-06 05:12:49.926243+00:00,769.795,0.96,0.95,0.97,0.05,0.03,0.07,,,,
2026-01-06 05:12:50.860000+00:00,2026-01-06 05:12:50.939275+00:00,770.86,0.93,0.92,0.94,0.07,0.06,0.08,,,,
2026-01-06 05:12:51.458000+00:00,2026-01-06 05:12:51.954692+00:00,771.458,0.935,0.92,0.95,0.065,0.05,0.08,,,,
2026-01-06 05:12:52.771000+00:00,2026-01-06 05:12:52.955479+00:00,772.771,0.945,0.94,0.95,0.055,0.05,0.06,,,,
2026-01-06 05:12:53.777000+00:00,2026-01-06 05:12:53.972408+00:00,773.777,0.945,0.94,0.95,0.055,0.05,0.06,,,,
2026-01-06 05:12:54.818000+00:00,2026-01-06 05:12:54.974375+00:00,774.818,0.945,0.94,0.95,0.055,0.05,0.06,,,,
2026-01-06 05:12:55.892000+00:00,2026-01-06 05:12:55.984628+00:00,775.892,0.955,0.94,0.97,0.045,0.03,0.06,,,,
2026-01-06 05:12:56.745000+00:00,2026-01-06 05:12:56.992363+00:00,776.745,0.96,0.95,0.97,0.04,0.03,0.05,,,,
2026-01-06 05:12:57.914000+00:00,2026-01-06 05:12:58.001356+00:00,777.914,0.965,0.96,0.97,0.035,0.03,0.04,,,,
2026-01-06 05:12:58.863000+00:00,2026-01-06 05:12:58.990764+00:00,778.863,0.965,0.96,0.97,0.035,0.03,0.04,,,,
2026-01-06 05:12:59.845000+00:00,2026-01-06 05:13:00.012318+00:00,779.845,0.965,0.96,0.97,0.035,0.03,0.04,,,,
2026-01-06 05:13:00.800000+00:00,2026-01-06 05:13:01.033472+00:00,780.8,0.965,0.96,0.97,0.035,0.03,0.04,,,,
2026-01-06 05:13:01.767000+00:00,2026-01-06 05:13:02.039685+00:00,781.767,0.975,0.97,0.98,0.025,0.02,0.03,,,,
2026-01-06 05:13:02.869000+00:00,2026-01-06 05:13:03.034369+00:00,782.869,0.965,0.95,0.98,0.035,0.02,0.05,,,,
2026-01-06 05:13:03.944000+00:00,2026-01-06 05:13:04.033669+00:00,783.944,0.97,0.96,0.98,0.03,0.02,0.04,,,,
2026-01-06 05:13:04.941000+00:00,2026-01-06 05:13:05.041017+00:00,784.941,0.965,0.95,0.98,0.025,0.02,0.03,,,,
2026-01-06 05:13:05.682000+00:00,2026-01-06 05:13:06.040701+00:00,785.682,0.975,0.97,0.98,0.025,0.02,0.03,,,,
2026-01-06 05:13:06.963000+00:00,2026-01-06 05:13:07.050359+00:00,786.963,0.96,0.95,0.97,0.045,0.04,0.05,,,,
2026-01-06 05:13:07.975000+00:00,2026-01-06 05:13:08.065129+00:00,787.975,0.975,0.97,0.98,0.025,0.02,0.03,,,,
2026-01-06 05:13:08.984000+00:00,2026-01-06 05:13:09.067594+00:00,788.984,0.96,0.95,0.97,0.04,0.03,0.05,,,,
2026-01-06 05:13:09.837000+00:00,2026-01-06 05:13:10.084097+00:00,789.837,0.96,0.95,0.97,0.025,0.02,0.03,,,,
2026-01-06 05:13:10.988000+00:00,2026-01-06 05:13:11.079175+00:00,790.988,0.975,0.97,0.98,0.025,0.02,0.03,,,,
2026-01-06 05:13:11.892000+00:00,2026-01-06 05:13:12.071884+00:00,791.892,0.975,0.97,0.98,0.025,0.02,0.03,,,,
2026-01-06 05:13:12.726000+00:00,2026-01-06 05:13:13.065556+00:00,792.726,0.975,0.97,0.98,0.025,0.02,0.03,,,,
2026-01-06 05:13:13.972000+00:00,2026-01-06 05:13:14.068670+00:00,793.972,0.975,0.97,0.98,0.025,0.02,0.03,,,,
2026-01-06 05:13:14.945000+00:00,2026-01-06 05:13:15.068468+00:00,794.945,0.975,0.97,0.98,0.025,0.02,0.03,,,,
2026-01-06 05:13:15.849000+00:00,2026-01-06 05:13:16.068528+00:00,795.849,0.975,0.97,0.98,0.025,0.02,0.03,,,,
2026-01-06 05:13:16.866000+00:00,2026-01-06 05:13:17.083020+00:00,796.866,0.98,0.97,0.99,0.02,0.01,0.03,,,,
2026-01-06 05:13:17.545000+00:00,2026-01-06 05:13:18.084657+00:00,797.545,0.98,0.97,0.99,0.02,0.01,0.03,,,,
2026-01-06 05:13:18.250000+00:00,2026-01-06 05:13:19.086879+00:00,798.25,0.98,0.97,0.99,0.02,0.01,0.03,,,,
2026-01-06 05:13:20.642000+00:00,2026-01-06 05:13:21.100392+00:00,800.642,0.975,0.97,0.98,0.025,0.02,0.03,,,,
2026-01-06 05:13:21.534000+00:00,2026-01-06 05:13:22.100813+00:00,801.534,0.975,0.97,0.98,0.02,0.01,0.03,,,,
2026-01-06 05:13:22.879000+00:00,2026-01-06 05:13:23.115955+00:00,802.879,0.985,0.98,0.99,0.015,0.01,0.02,,,,
2026-01-06 05:13:23.952000+00:00,2026-01-06 05:13:24.115425+00:00,803.952,0.985,0.98,0.99,0.015,0.01,0.02,,,,
2026-01-06 05:13:24.985000+00:00,2026-01-06 05:13:25.132245+00:00,804.985,0.985,0.98,0.99,0.015,0.01,0.02,,,,
2026-01-06 05:13:25.948000+00:00,2026-01-06 05:13:26.133514+00:00,805.948,0.985,0.98,0.99,0.015,0.01,0.02,,,,
2026-01-06 05:13:26.937000+00:00,2026-01-06 05:13:27.132450+00:00,806.937,0.985,0.98,0.99,0.015,0.01,0.02,,,,
2026-01-06 05:13:27.480000+00:00,2026-01-06 05:13:28.131243+00:00,807.48,0.985,0.98,0.99,0.015,0.01,0.02,,,,
2026-01-06 05:13:28.899000+00:00,2026-01-06 05:13:29.131931+00:00,808.899,0.985,0.98,0.99,0.015,0.01,0.02,,,,
2026-01-06 05:13:30.009000+00:00,2026-01-06 05:13:30.132551+00:00,810.009,0.985,0.98,0.99,0.015,0.01,0.02,,,,
2026-01-06 05:13:31.939000+00:00,2026-01-06 05:13:32.149283+00:00,811.939,0.985,0.98,0.99,0.015,0.01,0.02,,,,
2026-01-06 05:13:33.962000+00:00,2026-01-06 05:13:34.164895+00:00,813.962,0.985,0.98,0.99,0.015,0.01,0.02,,,,
2026-01-06 05:13:35.964000+00:00,2026-01-06 05:13:36.169765+00:00,815.964,0.985,0.98,0.99,0.015,0.01,0.02,,,,
2026-01-06 05:13:36.650000+00:00,2026-01-06 05:13:37.182147+00:00,816.65,0.985,0.98,0.99,0.015,0.01,0.02,,,,
2026-01-06 05:13:38.112000+00:00,2026-01-06 05:13:38.181438+00:00,818.112,0.985,0.98,0.99,0.015,0.01,0.02,,,,
2026-01-06 05:13:39.103000+00:00,2026-01-06 05:13:39.182580+00:00,819.103,0.985,0.98,0.99,0.015,0.01,0.02,,,,
2026-01-06 05:13:40.092000+00:00,2026-01-06 05:13:40.186201+00:00,820.092,0.985,0.98,0.99,0.015,0.01,0.02,,,,
2026-01-06 05:13:41.091000+00:00,2026-01-06 05:13:41.196270+00:00,821.091,0.985,0.98,0.99,0.015,0.01,0.02,,,,
2026-01-06 05:13:42.097000+00:00,2026-01-06 05:13:42.196477+00:00,822.097,0.985,0.98,0.99,0.015,0.01,0.02,,,,
2026-01-06 05:13:43.822000+00:00,2026-01-06 05:13:44.213875+00:00,823.822,0.99,0.99,,0.01,,0.01,,,,
2026-01-06 05:13:45.120000+00:00,2026-01-06 05:13:45.212270+00:00,825.12,0.99,0.99,,0.01,,0.01,,,,
2026-01-06 05:13:46.668000+00:00,2026-01-06 05:13:47.212808+00:00,826.668,0.99,0.99,,0.01,,0.01,,,,
2026-01-06 05:13:47.629000+00:00,2026-01-06 05:13:48.231642+00:00,827.629,0.99,0.99,,0.01,,0.01,,,,
2026-01-06 05:13:49.148000+00:00,2026-01-06 05:13:49.250297+00:00,829.148,0.99,0.99,,0.01,,0.01,,,,
2026-01-06 05:13:50.067000+00:00,2026-01-06 05:13:50.252920+00:00,830.067,0.99,0.99,,0.01,,0.01,,,,
2026-01-06 05:13:51.161000+00:00,2026-01-06 05:13:51.269135+00:00,831.161,0.99,0.99,,0.01,,0.01,,,,
2026-01-06 05:13:52.104000+00:00,2026-01-06 05:13:52.285938+00:00,832.104,0.99,0.99,,0.01,,0.01,,,,
2026-01-06 05:13:53.777000+00:00,2026-01-06 05:13:54.310399+00:00,833.777,0.99,0.99,,0.01,,0.01,,,,
2026-01-06 05:13:55.870000+00:00,2026-01-06 05:13:56.323625+00:00,835.87,0.99,0.99,,0.01,,0.01,,,,
2026-01-06 05:13:56.329000+00:00,2026-01-06 05:13:57.335620+00:00,836.329,0.99,0.99,,0.01,,0.01,,,,
2026-01-06 05:13:57.574000+00:00,2026-01-06 05:13:58.349955+00:00,837.574,0.99,0.99,,0.01,,0.01,,,,
2026-01-06 05:13:59.812000+00:00,2026-01-06 05:14:00.625720+00:00,839.812,0.99,0.99,,0.01,,0.01,,,,
2026-01-06 05:14:01.056000+00:00,2026-01-06 05:14:01.388145+00:00,841.056,0.99,0.99,,0.01,,0.01,,,,
2026-01-06 05:14:02.245000+00:00,2026-01-06 05:14:02.400957+00:00,842.245,0.99,0.99,,0.01,,0.01,,,,
2026-01-06 05:14:03.255000+00:00,2026-01-06 05:14:03.421000+00:00,843.255,0.99,0.99,,0.01,,0.01,,,,
2026-01-06 05:14:04.341000+00:00,2026-01-06 05:14:04.432849+00:00,844.341,0.99,0.99,,0.01,,0.01,,,,
2026-01-06 05:14:05.339000+00:00,2026-01-06 05:14:05.449096+00:00,845.339,0.99,0.99,,0.01,,0.01,,,,
2026-01-06 05:14:06.865000+00:00,2026-01-06 05:14:07.463296+00:00,846.865,0.99,0.99,,0.01,,0.01,,,,
2026-01-06 05:14:08.420000+00:00,2026-01-06 05:14:10.481208+00:00,848.42,0.99,0.99,,0.01,,0.01,,,,
2026-01-06 05:14:11.086000+00:00,2026-01-06 05:14:11.496342+00:00,851.086,0.99,0.99,,0.01,,0.01,,,,
2026-01-06 05:14:12.780000+00:00,2026-01-06 05:14:13.507456+00:00,852.78,0.99,0.99,,0.01,,0.01,,,,
2026-01-06 05:14:14.185000+00:00,2026-01-06 05:14:14.497182+00:00,854.185,0.99,0.99,,0.01,,0.01,,,,
2026-01-06 05:14:15.368000+00:00,2026-01-06 05:14:17.506383+00:00,855.368,0.99,0.99,,0.01,,0.01,,,,
2026-01-06 05:14:18.388000+00:00,2026-01-06 05:14:18.515241+00:00,858.388,0.99,0.99,,0.01,,0.01,,,,
2026-01-06 05:14:19.338000+00:00,2026-01-06 05:14:22.559804+00:00,859.338,0.99,0.99,,0.01,,0.01,,,,
2026-01-06 05:14:23.156000+00:00,2026-01-06 05:14:23.572316+00:00,863.156,0.99,0.99,,0.01,,0.01,,,,
2026-01-06 05:14:24.726000+00:00,2026-01-06 05:14:25.582012+00:00,864.726,0.99,0.99,,0.01,,0.01,,,,
2026-01-06 05:14:26.041000+00:00,2026-01-06 05:14:26.600871+00:00,866.041,0.99,0.99,,0.01,,0.01,,,,
2026-01-06 05:14:27.537000+00:00,2026-01-06 05:14:28.614994+00:00,867.537,0.99,0.99,,0.01,,0.01,,,,
2026-01-06 05:14:29.320000+00:00,2026-01-06 05:14:29.631807+00:00,869.32,0.99,0.99,,0.01,,0.01,,,,
2026-01-06 05:14:30.532000+00:00,2026-01-06 05:14:30.647146+00:00,870.532,0.99,0.99,,0.01,,0.01,,,,
2026-01-06 05:14:31.540000+00:00,2026-01-06 05:14:31.665646+00:00,871.54,0.99,0.99,,0.01,,0.01,,,,
2026-01-06 05:14:32.470000+00:00,2026-01-06 05:14:33.681604+00:00,872.47,0.99,0.99,,0.01,,0.01,,,,
2026-01-06 05:14:33.634000+00:00,2026-01-06 05:14:34.682172+00:00,873.634,0.99,0.99,,0.01,,0.01,,,,
2026-01-06 05:14:35.984000+00:00,2026-01-06 05:14:38.728180+00:00,875.984,0.99,0.99,,0.01,,0.01,,,,
2026-01-06 05:14:39.259000+00:00,2026-01-06 05:14:39.726188+00:00,879.259,0.99,0.99,,0.01,,0.01,,,,
2026-01-06 05:14:40.284000+00:00,2026-01-06 05:14:41.737324+00:00,880.284,0.99,0.99,,0.01,,0.01,,,,
2026-01-06 05:14:42.177000+00:00,2026-01-06 05:14:42.761596+00:00,882.177,0.99,0.99,,0.01,,0.01,,,,
2026-01-06 05:14:43.535000+00:00,2026-01-06 05:14:43.766988+00:00,883.535,0.99,0.99,,0.01,,0.01,,,,
2026-01-06 05:14:44.048000+00:00,2026-01-06 05:14:44.773342+00:00,884.048,0.99,0.99,,0.01,,0.01,,,,
2026-01-06 05:14:45.988000+00:00,2026-01-06 05:14:47.803044+00:00,885.988,0.99,0.99,,0.01,,0.01,,,,
2026-01-06 05:14:48.255000+00:00,2026-01-06 05:14:49.829123+00:00,888.255,0.99,0.99,,0.01,,0.01,,,,
2026-01-06 05:14:50.874000+00:00,2026-01-06 05:14:51.830925+00:00,890.874,0.99,0.99,,0.01,,0.01,,,,
2026-01-06 05:14:52.692000+00:00,2026-01-06 05:14:52.843518+00:00,892.692,0.99,0.99,,0.01,,0.01,,,,
2026-01-06 05:14:53.647000+00:00,2026-01-06 05:14:53.851125+00:00,893.647,0.99,0.99,,0.01,,0.01,,,,
2026-01-06 05:14:54.624000+00:00,2026-01-06 05:14:54.851844+00:00,894.624,0.99,0.99,,0.01,,0.01,,,,
2026-01-06 05:14:55.666000+00:00,2026-01-06 05:14:55.846539+00:00,895.666,0.99,0.99,,0.01,,0.01,,,,
2026-01-06 05:14:56.663000+00:00,2026-01-06 05:14:56.865562+00:00,896.663,0.99,0.99,,0.01,,0.01,,,,
2026-01-06 05:14:57.788000+00:00,2026-01-06 05:14:57.880140+00:00,897.788,0.99,0.99,,0.01,,0.01,,,,
2026-01-06 05:14:58.615000+00:00,2026-01-06 05:14:58.886781+00:00,898.615,0.99,0.99,,0.01,,0.01,,,,
2026-01-06 05:14:59.109000+00:00,2026-01-06 05:14:59.896174+00:00,899.109,0.99,0.99,,0.01,,0.01,,,,
