timestamp,seconds,mid,bid,ask,asset
2026-01-07 04:15:00+00:00,0.0,3261.451,3261.32,3261.53,ETH
2026-01-07 04:15:01+00:00,1.0,3261.351,3261.26,3261.51,ETH
2026-01-07 04:15:02+00:00,2.0,3261.341,3261.18,3261.48,ETH
2026-01-07 04:15:03+00:00,3.0,3261.391,3261.16,3261.46,ETH
2026-01-07 04:15:04+00:00,4.0,3261.291,3261.15,3261.41,ETH
2026-01-07 04:15:05+00:00,5.0,3261.031,3260.98,3261.13,ETH
2026-01-07 04:15:06+00:00,6.0,3260.851,3260.73,3260.91,ETH
2026-01-07 04:15:07+00:00,7.0,3260.711,3260.61,3260.92,ETH
2026-01-07 04:15:08+00:00,8.0,3260.561,3260.45,3260.82,ETH
2026-01-07 04:15:09+00:00,9.0,3260.551,3260.35,3260.68,ETH
2026-01-07 04:15:10+00:00,10.0,3260.411,3260.3,3260.54,ETH
2026-01-07 04:15:11+00:00,11.0,3260.241,3260.15,3260.34,ETH
2026-01-07 04:15:12+00:00,12.0,3260.291,3260.04,3260.38,ETH
2026-01-07 04:15:13+00:00,13.0,3260.451,3260.16,3260.6,ETH
2026-01-07 04:15:14+00:00,14.0,3260.531,3260.3,3260.68,ETH
2026-01-07 04:15:15+00:00,15.0,3260.381,3260.28,3260.54,ETH
2026-01-07 04:15:16+00:00,16.0,3260.531,3260.28,3260.62,ETH
2026-01-07 04:15:17+00:00,17.0,3260.531,3260.31,3260.65,ETH
2026-01-07 04:15:18+00:00,18.0,3261.221,3261.1,3261.4,ETH
2026-01-07 04:15:19+00:00,19.0,3261.431,3261.2,3261.43,ETH
2026-01-07 04:15:20+00:00,20.0,3261.441,3261.29,3261.82,ETH
2026-01-07 04:15:21+00:00,21.0,3261.721,3261.42,3261.82,ETH
2026-01-07 04:15:22+00:00,22.0,3261.761,3261.44,3261.82,ETH
2026-01-07 04:15:23+00:00,23.0,3261.901,3261.7,3262.04,ETH
2026-01-07 04:15:24+00:00,24.0,3261.891,3261.77,3262.04,ETH
2026-01-07 04:15:25+00:00,25.0,3262.011,3261.76,3262.08,ETH
2026-01-07 04:15:26+00:00,26.0,3262.001,3261.8,3262.06,ETH
2026-01-07 04:15:27+00:00,27.0,3262.071,3261.9,3262.15,ETH
2026-01-07 04:15:28+00:00,28.0,3262.261,3262.04,3262.39,ETH
2026-01-07 04:15:29+00:00,29.0,3262.421,3262.16,3262.52,ETH
2026-01-07 04:15:30+00:00,30.0,3262.451,3262.2,3262.51,ETH
2026-01-07 04:15:31+00:00,31.0,3262.411,3262.2,3262.49,ETH
2026-01-07 04:15:32+00:00,32.0,3262.371,3262.17,3262.47,ETH
2026-01-07 04:15:33+00:00,33.0,3262.261,3262.14,3262.44,ETH
2026-01-07 04:15:34+00:00,34.0,3262.021,3261.92,3262.18,ETH
2026-01-07 04:15:35+00:00,35.0,3261.671,3261.52,3261.75,ETH
2026-01-07 04:15:36+00:00,36.0,3261.451,3261.31,3261.59,ETH
2026-01-07 04:15:37+00:00,37.0,3261.451,3261.28,3261.59,ETH
2026-01-07 04:15:38+00:00,38.0,3261.451,3261.27,3261.55,ETH
2026-01-07 04:15:39+00:00,39.0,3261.451,3261.26,3261.56,ETH
2026-01-07 04:15:40+00:00,40.0,3261.451,3261.26,3261.56,ETH
2026-01-07 04:15:41+00:00,41.0,3261.451,3261.26,3261.55,ETH
2026-01-07 04:15:42+00:00,42.0,3261.451,3261.27,3261.57,ETH
2026-01-07 04:15:43+00:00,43.0,3261.451,3261.27,3261.55,ETH
2026-01-07 04:15:44+00:00,44.0,3261.451,3261.27,3261.56,ETH
2026-01-07 04:15:45+00:00,45.0,3261.461,3261.24,3261.61,ETH
2026-01-07 04:15:46+00:00,46.0,3261.461,3261.3,3261.61,ETH
2026-01-07 04:15:47+00:00,47.0,3261.461,3261.3,3261.68,ETH
2026-01-07 04:15:48+00:00,48.0,3261.461,3261.3,3261.68,ETH
2026-01-07 04:15:49+00:00,49.0,3261.351,3261.3,3261.5,ETH
2026-01-07 04:15:50+00:00,50.0,3261.211,3261.16,3261.5,ETH
2026-01-07 04:15:51+00:00,51.0,3261.091,3261.09,3261.42,ETH
2026-01-07 04:15:52+00:00,52.0,3261.091,3261.09,3261.42,ETH
2026-01-07 04:15:53+00:00,53.0,3261.091,3261.09,3261.45,ETH
2026-01-07 04:15:54+00:00,54.0,3261.091,3261.09,3261.44,ETH
2026-01-07 04:15:55+00:00,55.0,3261.101,3261.09,3261.43,ETH
2026-01-07 04:15:56+00:00,56.0,3261.101,3261.1,3261.3,ETH
2026-01-07 04:15:57+00:00,57.0,3261.031,3261.02,3261.3,ETH
2026-01-07 04:15:58+00:00,58.0,3261.031,3261.02,3261.31,ETH
2026-01-07 04:15:59+00:00,59.0,3261.101,3261.1,3261.28,ETH
2026-01-07 04:16:00+00:00,60.0,3260.931,3260.93,3261.42,ETH
2026-01-07 04:16:01+00:00,61.0,3260.961,3260.91,3261.21,ETH
2026-01-07 04:16:02+00:00,62.0,3260.941,3260.89,3261.19,ETH
2026-01-07 04:16:03+00:00,63.0,3260.751,3260.69,3260.96,ETH
2026-01-07 04:16:04+00:00,64.0,3260.561,3260.5,3260.7,ETH
2026-01-07 04:16:05+00:00,65.0,3260.561,3260.43,3260.66,ETH
2026-01-07 04:16:06+00:00,66.0,3260.451,3260.37,3260.61,ETH
2026-01-07 04:16:07+00:00,67.0,3260.351,3260.34,3260.58,ETH
2026-01-07 04:16:08+00:00,68.0,3260.351,3260.32,3260.53,ETH
2026-01-07 04:16:09+00:00,69.0,3260.351,3260.3,3260.5,ETH
2026-01-07 04:16:10+00:00,70.0,3260.371,3260.3,3260.56,ETH
2026-01-07 04:16:11+00:00,71.0,3260.391,3260.31,3260.6,ETH
2026-01-07 04:16:12+00:00,72.0,3260.391,3260.28,3260.6,ETH
2026-01-07 04:16:13+00:00,73.0,3259.991,3259.81,3260.12,ETH
2026-01-07 04:16:14+00:00,74.0,3259.481,3259.31,3259.64,ETH
2026-01-07 04:16:15+00:00,75.0,3259.371,3259.23,3259.56,ETH
2026-01-07 04:16:16+00:00,76.0,3259.141,3259.06,3259.25,ETH
2026-01-07 04:16:17+00:00,77.0,3258.911,3258.84,3259.03,ETH
2026-01-07 04:16:18+00:00,78.0,3258.841,3258.76,3258.98,ETH
2026-01-07 04:16:19+00:00,79.0,3258.621,3258.59,3258.79,ETH
2026-01-07 04:16:20+00:00,80.0,3258.641,3258.52,3258.9,ETH
2026-01-07 04:16:21+00:00,81.0,3258.821,3258.61,3259.1,ETH
2026-01-07 04:16:22+00:00,82.0,3258.821,3258.61,3259.05,ETH
2026-01-07 04:16:23+00:00,83.0,3258.821,3258.61,3259.05,ETH
2026-01-07 04:16:24+00:00,84.0,3258.821,3258.61,3259.01,ETH
2026-01-07 04:16:25+00:00,85.0,3258.831,3258.67,3258.97,ETH
2026-01-07 04:16:26+00:00,86.0,3258.991,3258.76,3259.16,ETH
2026-01-07 04:16:27+00:00,87.0,3259.151,3258.84,3259.31,ETH
2026-01-07 04:16:28+00:00,88.0,3259.461,3259.15,3259.6,ETH
2026-01-07 04:16:29+00:00,89.0,3259.751,3259.53,3259.86,ETH
2026-01-07 04:16:30+00:00,90.0,3259.711,3259.64,3259.86,ETH
2026-01-07 04:16:31+00:00,91.0,3259.741,3259.67,3259.91,ETH
2026-01-07 04:16:33+00:00,93.0,3259.911,3259.79,3260.05,ETH
2026-01-07 04:16:34+00:00,94.0,3259.911,3259.83,3260.11,ETH
2026-01-07 04:16:35+00:00,95.0,3259.911,3259.84,3260.08,ETH
2026-01-07 04:16:36+00:00,96.0,3259.721,3259.63,3259.93,ETH
2026-01-07 04:16:37+00:00,97.0,3259.211,3259.17,3259.38,ETH
2026-01-07 04:16:38+00:00,98.0,3259.051,3259.03,3259.2,ETH
2026-01-07 04:16:39+00:00,99.0,3259.051,3258.94,3259.25,ETH
2026-01-07 04:16:40+00:00,100.0,3259.201,3259.05,3259.3,ETH
2026-01-07 04:16:41+00:00,101.0,3259.201,3259.09,3259.51,ETH
2026-01-07 04:16:42+00:00,102.0,3259.411,3259.14,3259.61,ETH
2026-01-07 04:16:43+00:00,103.0,3259.481,3259.24,3259.65,ETH
2026-01-07 04:16:44+00:00,104.0,3259.601,3259.35,3259.7,ETH
2026-01-07 04:16:45+00:00,105.0,3259.701,3259.49,3259.85,ETH
2026-01-07 04:16:46+00:00,106.0,3259.871,3259.63,3259.91,ETH
2026-01-07 04:16:47+00:00,107.0,3259.851,3259.69,3259.91,ETH
2026-01-07 04:16:48+00:00,108.0,3259.841,3259.69,3259.91,ETH
2026-01-07 04:16:49+00:00,109.0,3259.911,3259.69,3260.09,ETH
2026-01-07 04:16:50+00:00,110.0,3260.071,3259.83,3260.19,ETH
2026-01-07 04:16:51+00:00,111.0,3260.161,3259.96,3260.27,ETH
2026-01-07 04:16:52+00:00,112.0,3260.031,3259.95,3260.23,ETH
2026-01-07 04:16:53+00:00,113.0,3259.991,3259.9,3260.23,ETH
2026-01-07 04:16:54+00:00,114.0,3259.811,3259.71,3260.13,ETH
2026-01-07 04:16:55+00:00,115.0,3259.571,3259.53,3259.82,ETH
2026-01-07 04:16:56+00:00,116.0,3259.391,3259.37,3259.56,ETH
2026-01-07 04:16:57+00:00,117.0,3259.201,3259.18,3259.45,ETH
2026-01-07 04:16:58+00:00,118.0,3259.121,3259.12,3259.32,ETH
2026-01-07 04:16:59+00:00,119.0,3259.281,3259.21,3259.37,ETH
2026-01-07 04:17:00+00:00,120.0,3259.461,3259.3,3259.64,ETH
2026-01-07 04:17:01+00:00,121.0,3259.621,3259.46,3259.95,ETH
2026-01-07 04:17:02+00:00,122.0,3259.861,3259.71,3260.14,ETH
2026-01-07 04:17:03+00:00,123.0,3259.971,3259.82,3260.13,ETH
2026-01-07 04:17:04+00:00,124.0,3260.051,3259.9,3260.15,ETH
2026-01-07 04:17:05+00:00,125.0,3260.101,3259.97,3260.21,ETH
2026-01-07 04:17:06+00:00,126.0,3260.101,3259.97,3260.22,ETH
2026-01-07 04:17:07+00:00,127.0,3260.101,3259.97,3260.22,ETH
2026-01-07 04:17:08+00:00,128.0,3260.101,3259.97,3260.25,ETH
2026-01-07 04:17:09+00:00,129.0,3260.101,3259.97,3260.23,ETH
2026-01-07 04:17:10+00:00,130.0,3260.101,3259.98,3260.17,ETH
2026-01-07 04:17:11+00:00,131.0,3260.101,3259.98,3260.18,ETH
2026-01-07 04:17:12+00:00,132.0,3260.101,3259.98,3260.19,ETH
2026-01-07 04:17:13+00:00,133.0,3260.101,3259.99,3260.19,ETH
2026-01-07 04:17:14+00:00,134.0,3260.121,3260.0,3260.18,ETH
2026-01-07 04:17:15+00:00,135.0,3260.041,3260.0,3260.14,ETH
2026-01-07 04:17:16+00:00,136.0,3260.001,3259.94,3260.05,ETH
2026-01-07 04:17:17+00:00,137.0,3260.031,3259.95,3260.31,ETH
2026-01-07 04:17:18+00:00,138.0,3260.211,3260.0,3260.44,ETH
2026-01-07 04:17:19+00:00,139.0,3260.601,3260.41,3260.72,ETH
2026-01-07 04:17:20+00:00,140.0,3260.841,3260.79,3260.92,ETH
2026-01-07 04:17:21+00:00,141.0,3260.941,3260.86,3261.01,ETH
2026-01-07 04:17:22+00:00,142.0,3261.021,3260.94,3261.11,ETH
2026-01-07 04:17:23+00:00,143.0,3261.081,3261.03,3261.21,ETH
2026-01-07 04:17:24+00:00,144.0,3261.211,3261.16,3261.33,ETH
2026-01-07 04:17:25+00:00,145.0,3261.281,3261.23,3261.39,ETH
2026-01-07 04:17:26+00:00,146.0,3261.331,3261.25,3261.4,ETH
2026-01-07 04:17:27+00:00,147.0,3261.351,3261.27,3261.4,ETH
2026-01-07 04:17:28+00:00,148.0,3261.351,3261.27,3261.4,ETH
2026-01-07 04:17:29+00:00,149.0,3261.371,3261.3,3261.42,ETH
2026-01-07 04:17:30+00:00,150.0,3261.381,3261.33,3261.5,ETH
2026-01-07 04:17:31+00:00,151.0,3261.431,3261.38,3261.58,ETH
2026-01-07 04:17:32+00:00,152.0,3261.501,3261.42,3261.58,ETH
2026-01-07 04:17:33+00:00,153.0,3261.471,3261.4,3261.58,ETH
2026-01-07 04:17:34+00:00,154.0,3261.621,3261.56,3261.74,ETH
2026-01-07 04:17:35+00:00,155.0,3262.041,3261.83,3262.17,ETH
2026-01-07 04:17:36+00:00,156.0,3262.611,3262.42,3262.73,ETH
2026-01-07 04:17:37+00:00,157.0,3262.971,3262.92,3263.03,ETH
2026-01-07 04:17:38+00:00,158.0,3263.071,3262.99,3263.17,ETH
2026-01-07 04:17:39+00:00,159.0,3262.861,3262.85,3262.97,ETH
2026-01-07 04:17:40+00:00,160.0,3262.801,3262.8,3262.92,ETH
2026-01-07 04:17:41+00:00,161.0,3262.701,3262.63,3262.81,ETH
2026-01-07 04:17:42+00:00,162.0,3262.801,3262.77,3262.89,ETH
2026-01-07 04:17:43+00:00,163.0,3262.801,3262.8,3262.89,ETH
2026-01-07 04:17:44+00:00,164.0,3262.801,3262.8,3263.01,ETH
2026-01-07 04:17:45+00:00,165.0,3263.281,3263.24,3263.52,ETH
2026-01-07 04:17:46+00:00,166.0,3263.311,3263.24,3263.45,ETH
2026-01-07 04:17:47+00:00,167.0,3263.311,3263.24,3263.44,ETH
2026-01-07 04:17:48+00:00,168.0,3263.251,3263.24,3263.5,ETH
2026-01-07 04:17:49+00:00,169.0,3263.241,3263.24,3263.48,ETH
2026-01-07 04:17:50+00:00,170.0,3263.241,3263.22,3263.32,ETH
2026-01-07 04:17:51+00:00,171.0,3263.691,3263.45,3263.8,ETH
2026-01-07 04:17:52+00:00,172.0,3263.811,3263.52,3263.89,ETH
2026-01-07 04:17:53+00:00,173.0,3263.931,3263.58,3263.99,ETH
2026-01-07 04:17:54+00:00,174.0,3264.041,3263.8,3264.17,ETH
2026-01-07 04:17:55+00:00,175.0,3264.051,3263.81,3264.15,ETH
2026-01-07 04:17:56+00:00,176.0,3264.291,3263.9,3264.39,ETH
2026-01-07 04:17:57+00:00,177.0,3264.291,3264.07,3264.52,ETH
2026-01-07 04:17:58+00:00,178.0,3264.291,3264.08,3264.53,ETH
2026-01-07 04:17:59+00:00,179.0,3264.291,3264.09,3264.46,ETH
2026-01-07 04:18:00+00:00,180.0,3264.291,3264.1,3264.44,ETH
2026-01-07 04:18:01+00:00,181.0,3264.121,3264.1,3264.21,ETH
2026-01-07 04:18:02+00:00,182.0,3263.571,3263.49,3263.78,ETH
2026-01-07 04:18:03+00:00,183.0,3263.141,3263.13,3263.52,ETH
2026-01-07 04:18:04+00:00,184.0,3262.871,3262.86,3263.29,ETH
2026-01-07 04:18:05+00:00,185.0,3262.881,3262.85,3263.06,ETH
2026-01-07 04:18:06+00:00,186.0,3262.881,3262.84,3262.94,ETH
2026-01-07 04:18:07+00:00,187.0,3262.741,3262.72,3262.88,ETH
2026-01-07 04:18:08+00:00,188.0,3262.611,3262.6,3262.78,ETH
2026-01-07 04:18:10+00:00,190.0,3262.541,3262.54,3262.69,ETH
2026-01-07 04:18:11+00:00,191.0,3262.611,3262.57,3262.66,ETH
2026-01-07 04:18:12+00:00,192.0,3262.701,3262.61,3262.89,ETH
2026-01-07 04:18:13+00:00,193.0,3262.701,3262.61,3262.89,ETH
2026-01-07 04:18:14+00:00,194.0,3262.541,3262.53,3262.95,ETH
2026-01-07 04:18:15+00:00,195.0,3262.541,3262.53,3262.75,ETH
2026-01-07 04:18:16+00:00,196.0,3262.471,3262.47,3262.71,ETH
2026-01-07 04:18:17+00:00,197.0,3262.401,3262.39,3262.55,ETH
2026-01-07 04:18:18+00:00,198.0,3262.281,3262.14,3262.4,ETH
2026-01-07 04:18:19+00:00,199.0,3262.311,3262.13,3262.37,ETH
2026-01-07 04:18:20+00:00,200.0,3262.091,3262.05,3262.4,ETH
2026-01-07 04:18:21+00:00,201.0,3262.061,3262.02,3262.4,ETH
2026-01-07 04:18:22+00:00,202.0,3262.191,3262.13,3262.34,ETH
2026-01-07 04:18:23+00:00,203.0,3261.721,3261.64,3261.8,ETH
2026-01-07 04:18:24+00:00,204.0,3261.611,3261.6,3261.87,ETH
2026-01-07 04:18:25+00:00,205.0,3261.421,3261.41,3261.76,ETH
2026-01-07 04:18:26+00:00,206.0,3261.461,3261.45,3261.72,ETH
2026-01-07 04:18:27+00:00,207.0,3261.391,3261.36,3261.55,ETH
2026-01-07 04:18:28+00:00,208.0,3261.341,3261.31,3261.42,ETH
2026-01-07 04:18:29+00:00,209.0,3261.361,3261.34,3261.43,ETH
2026-01-07 04:18:30+00:00,210.0,3261.331,3261.28,3261.38,ETH
2026-01-07 04:18:31+00:00,211.0,3261.301,3261.23,3261.37,ETH
2026-01-07 04:18:32+00:00,212.0,3261.191,3261.14,3261.37,ETH
2026-01-07 04:18:33+00:00,213.0,3261.181,3261.13,3261.37,ETH
2026-01-07 04:18:34+00:00,214.0,3261.181,3261.13,3261.36,ETH
2026-01-07 04:18:35+00:00,215.0,3261.081,3261.03,3261.36,ETH
2026-01-07 04:18:36+00:00,216.0,3261.041,3261.01,3261.23,ETH
2026-01-07 04:18:37+00:00,217.0,3260.991,3260.98,3261.08,ETH
2026-01-07 04:18:38+00:00,218.0,3260.971,3260.96,3261.06,ETH
2026-01-07 04:18:39+00:00,219.0,3260.981,3260.97,3261.07,ETH
2026-01-07 04:18:40+00:00,220.0,3261.071,3261.03,3261.18,ETH
2026-01-07 04:18:41+00:00,221.0,3261.291,3261.23,3261.4,ETH
2026-01-07 04:18:42+00:00,222.0,3261.461,3261.4,3261.54,ETH
2026-01-07 04:18:43+00:00,223.0,3261.481,3261.43,3261.58,ETH
2026-01-07 04:18:44+00:00,224.0,3261.491,3261.44,3261.58,ETH
2026-01-07 04:18:45+00:00,225.0,3261.501,3261.44,3261.57,ETH
2026-01-07 04:18:46+00:00,226.0,3261.401,3261.33,3261.44,ETH
2026-01-07 04:18:47+00:00,227.0,3261.281,3261.21,3261.31,ETH
2026-01-07 04:18:48+00:00,228.0,3261.251,3261.21,3261.31,ETH
2026-01-07 04:18:49+00:00,229.0,3261.271,3261.22,3261.32,ETH
2026-01-07 04:18:50+00:00,230.0,3261.291,3261.25,3261.34,ETH
2026-01-07 04:18:51+00:00,231.0,3261.271,3261.22,3261.46,ETH
2026-01-07 04:18:52+00:00,232.0,3261.271,3261.23,3261.34,ETH
2026-01-07 04:18:53+00:00,233.0,3261.351,3261.29,3261.44,ETH
2026-01-07 04:18:54+00:00,234.0,3261.361,3261.36,3261.56,ETH
2026-01-07 04:18:55+00:00,235.0,3261.361,3261.36,3261.63,ETH
2026-01-07 04:18:56+00:00,236.0,3261.531,3261.45,3261.6,ETH
2026-01-07 04:18:57+00:00,237.0,3261.421,3261.41,3261.6,ETH
2026-01-07 04:18:58+00:00,238.0,3261.351,3261.35,3261.57,ETH
2026-01-07 04:18:59+00:00,239.0,3261.331,3261.33,3261.46,ETH
2026-01-07 04:19:00+00:00,240.0,3261.561,3261.45,3261.66,ETH
2026-01-07 04:19:01+00:00,241.0,3261.831,3261.68,3261.93,ETH
2026-01-07 04:19:02+00:00,242.0,3261.881,3261.79,3262.05,ETH
2026-01-07 04:19:03+00:00,243.0,3261.881,3261.8,3262.1,ETH
2026-01-07 04:19:04+00:00,244.0,3261.891,3261.8,3262.07,ETH
2026-01-07 04:19:05+00:00,245.0,3261.761,3261.71,3262.02,ETH
2026-01-07 04:19:06+00:00,246.0,3261.621,3261.61,3261.98,ETH
2026-01-07 04:19:07+00:00,247.0,3261.621,3261.61,3261.99,ETH
2026-01-07 04:19:08+00:00,248.0,3261.621,3261.61,3261.91,ETH
2026-01-07 04:19:09+00:00,249.0,3261.701,3261.68,3261.93,ETH
2026-01-07 04:19:10+00:00,250.0,3261.781,3261.75,3262.03,ETH
2026-01-07 04:19:11+00:00,251.0,3261.811,3261.75,3262.04,ETH
2026-01-07 04:19:12+00:00,252.0,3261.851,3261.75,3262.06,ETH
2026-01-07 04:19:13+00:00,253.0,3261.881,3261.81,3262.06,ETH
2026-01-07 04:19:14+00:00,254.0,3261.891,3261.79,3262.05,ETH
2026-01-07 04:19:15+00:00,255.0,3261.981,3261.8,3262.16,ETH
2026-01-07 04:19:16+00:00,256.0,3262.061,3261.7,3262.35,ETH
2026-01-07 04:19:17+00:00,257.0,3262.101,3261.73,3262.26,ETH
2026-01-07 04:19:18+00:00,258.0,3262.101,3261.74,3262.31,ETH
2026-01-07 04:19:19+00:00,259.0,3262.091,3261.72,3262.24,ETH
2026-01-07 04:19:20+00:00,260.0,3262.011,3261.72,3262.27,ETH
2026-01-07 04:19:21+00:00,261.0,3262.021,3261.73,3262.25,ETH
2026-01-07 04:19:22+00:00,262.0,3262.021,3261.73,3262.18,ETH
2026-01-07 04:19:23+00:00,263.0,3261.951,3261.73,3262.02,ETH
2026-01-07 04:19:24+00:00,264.0,3261.951,3261.73,3262.03,ETH
2026-01-07 04:19:25+00:00,265.0,3261.951,3261.73,3262.03,ETH
2026-01-07 04:19:26+00:00,266.0,3261.941,3261.73,3262.03,ETH
2026-01-07 04:19:27+00:00,267.0,3261.931,3261.73,3262.03,ETH
2026-01-07 04:19:28+00:00,268.0,3261.921,3261.73,3262.03,ETH
2026-01-07 04:19:29+00:00,269.0,3261.931,3261.73,3262.03,ETH
2026-01-07 04:19:30+00:00,270.0,3261.981,3261.74,3262.03,ETH
2026-01-07 04:19:31+00:00,271.0,3261.811,3261.74,3261.97,ETH
2026-01-07 04:19:32+00:00,272.0,3261.941,3261.74,3261.98,ETH
2026-01-07 04:19:33+00:00,273.0,3261.831,3261.73,3261.96,ETH
2026-01-07 04:19:34+00:00,274.0,3261.561,3261.56,3261.87,ETH
2026-01-07 04:19:35+00:00,275.0,3261.571,3261.56,3261.84,ETH
2026-01-07 04:19:36+00:00,276.0,3261.591,3261.59,3261.72,ETH
2026-01-07 04:19:37+00:00,277.0,3261.621,3261.61,3261.79,ETH
2026-01-07 04:19:38+00:00,278.0,3261.641,3261.63,3261.83,ETH
2026-01-07 04:19:39+00:00,279.0,3261.641,3261.63,3261.82,ETH
2026-01-07 04:19:40+00:00,280.0,3261.751,3261.72,3261.87,ETH
2026-01-07 04:19:41+00:00,281.0,3261.811,3261.75,3262.05,ETH
2026-01-07 04:19:42+00:00,282.0,3261.861,3261.8,3262.18,ETH
2026-01-07 04:19:43+00:00,283.0,3261.991,3261.9,3262.21,ETH
2026-01-07 04:19:44+00:00,284.0,3262.001,3261.88,3262.19,ETH
2026-01-07 04:19:45+00:00,285.0,3262.001,3261.86,3262.13,ETH
2026-01-07 04:19:46+00:00,286.0,3262.001,3261.86,3262.14,ETH
2026-01-07 04:19:47+00:00,287.0,3262.001,3261.86,3262.15,ETH
2026-01-07 04:19:49+00:00,289.0,3261.991,3261.86,3262.14,ETH
2026-01-07 04:19:50+00:00,290.0,3261.991,3261.87,3262.08,ETH
2026-01-07 04:19:51+00:00,291.0,3261.751,3261.74,3262.08,ETH
2026-01-07 04:19:52+00:00,292.0,3261.751,3261.74,3262.09,ETH
2026-01-07 04:19:53+00:00,293.0,3261.751,3261.74,3262.07,ETH
2026-01-07 04:19:54+00:00,294.0,3261.751,3261.74,3262.05,ETH
2026-01-07 04:19:55+00:00,295.0,3261.741,3261.73,3262.03,ETH
2026-01-07 04:19:56+00:00,296.0,3261.751,3261.74,3262.04,ETH
2026-01-07 04:19:57+00:00,297.0,3261.861,3261.75,3261.96,ETH
2026-01-07 04:19:58+00:00,298.0,3261.931,3261.85,3262.1,ETH
2026-01-07 04:19:59+00:00,299.0,3261.991,3261.85,3262.12,ETH
2026-01-07 04:20:00+00:00,300.0,3262.121,3261.93,3262.31,ETH
2026-01-07 04:20:01+00:00,301.0,3262.231,3262.08,3262.38,ETH
2026-01-07 04:20:02+00:00,302.0,3262.301,3262.15,3262.39,ETH
2026-01-07 04:20:03+00:00,303.0,3262.331,3262.13,3262.44,ETH
2026-01-07 04:20:04+00:00,304.0,3262.221,3262.09,3262.39,ETH
2026-01-07 04:20:05+00:00,305.0,3262.091,3262.05,3262.31,ETH
2026-01-07 04:20:06+00:00,306.0,3262.071,3262.01,3262.3,ETH
2026-01-07 04:20:07+00:00,307.0,3262.071,3262.0,3262.32,ETH
2026-01-07 04:20:08+00:00,308.0,3262.071,3262.0,3262.34,ETH
2026-01-07 04:20:09+00:00,309.0,3262.071,3262.0,3262.33,ETH
2026-01-07 04:20:10+00:00,310.0,3262.191,3262.05,3262.35,ETH
2026-01-07 04:20:11+00:00,311.0,3262.321,3262.17,3262.38,ETH
2026-01-07 04:20:12+00:00,312.0,3262.321,3262.25,3262.37,ETH
2026-01-07 04:20:13+00:00,313.0,3262.311,3262.26,3262.36,ETH
2026-01-07 04:20:14+00:00,314.0,3262.211,3262.19,3262.32,ETH
2026-01-07 04:20:15+00:00,315.0,3262.161,3262.13,3262.35,ETH
2026-01-07 04:20:16+00:00,316.0,3262.161,3262.13,3262.4,ETH
2026-01-07 04:20:17+00:00,317.0,3262.121,3262.11,3262.37,ETH
2026-01-07 04:20:18+00:00,318.0,3262.131,3262.13,3262.35,ETH
2026-01-07 04:20:19+00:00,319.0,3262.191,3262.17,3262.32,ETH
2026-01-07 04:20:20+00:00,320.0,3262.221,3262.17,3262.27,ETH
2026-01-07 04:20:21+00:00,321.0,3262.271,3262.18,3262.33,ETH
2026-01-07 04:20:22+00:00,322.0,3262.321,3262.21,3262.38,ETH
2026-01-07 04:20:23+00:00,323.0,3262.311,3262.22,3262.36,ETH
2026-01-07 04:20:24+00:00,324.0,3262.321,3262.24,3262.36,ETH
2026-01-07 04:20:25+00:00,325.0,3262.331,3262.25,3262.39,ETH
2026-01-07 04:20:26+00:00,326.0,3262.331,3262.25,3262.38,ETH
2026-01-07 04:20:27+00:00,327.0,3262.311,3262.25,3262.36,ETH
2026-01-07 04:20:28+00:00,328.0,3262.321,3262.25,3262.39,ETH
2026-01-07 04:20:29+00:00,329.0,3262.321,3262.25,3262.41,ETH
2026-01-07 04:20:30+00:00,330.0,3262.321,3262.25,3262.45,ETH
2026-01-07 04:20:31+00:00,331.0,3262.321,3262.25,3262.45,ETH
2026-01-07 04:20:32+00:00,332.0,3262.301,3262.25,3262.41,ETH
2026-01-07 04:20:33+00:00,333.0,3262.071,3261.97,3262.33,ETH
2026-01-07 04:20:34+00:00,334.0,3262.291,3262.25,3262.33,ETH
2026-01-07 04:20:35+00:00,335.0,3262.311,3262.26,3262.36,ETH
2026-01-07 04:20:36+00:00,336.0,3262.411,3262.27,3262.46,ETH
2026-01-07 04:20:37+00:00,337.0,3262.421,3262.31,3262.47,ETH
2026-01-07 04:20:38+00:00,338.0,3262.431,3262.31,3262.49,ETH
2026-01-07 04:20:39+00:00,339.0,3262.431,3262.32,3262.48,ETH
2026-01-07 04:20:40+00:00,340.0,3262.431,3262.31,3262.5,ETH
2026-01-07 04:20:41+00:00,341.0,3262.641,3262.37,3262.8,ETH
2026-01-07 04:20:42+00:00,342.0,3262.951,3262.79,3263.01,ETH
2026-01-07 04:20:43+00:00,343.0,3262.721,3262.67,3262.83,ETH
2026-01-07 04:20:44+00:00,344.0,3262.941,3262.78,3262.99,ETH
2026-01-07 04:20:45+00:00,345.0,3262.851,3262.79,3262.92,ETH
2026-01-07 04:20:46+00:00,346.0,3262.931,3262.78,3262.97,ETH
2026-01-07 04:20:47+00:00,347.0,3262.901,3262.8,3263.03,ETH
2026-01-07 04:20:48+00:00,348.0,3262.901,3262.79,3263.06,ETH
2026-01-07 04:20:50+00:00,350.0,3262.911,3262.8,3263.12,ETH
2026-01-07 04:20:51+00:00,351.0,3262.901,3262.8,3262.94,ETH
2026-01-07 04:20:52+00:00,352.0,3262.911,3262.8,3262.97,ETH
2026-01-07 04:20:53+00:00,353.0,3263.231,3263.17,3263.49,ETH
2026-01-07 04:20:54+00:00,354.0,3263.231,3263.15,3263.5,ETH
2026-01-07 04:20:55+00:00,355.0,3263.231,3263.14,3263.68,ETH
2026-01-07 04:20:56+00:00,356.0,3263.231,3263.14,3263.65,ETH
2026-01-07 04:20:57+00:00,357.0,3263.171,3263.13,3263.23,ETH
2026-01-07 04:20:58+00:00,358.0,3263.171,3263.11,3263.23,ETH
2026-01-07 04:20:59+00:00,359.0,3263.221,3263.15,3263.36,ETH
2026-01-07 04:21:00+00:00,360.0,3263.021,3262.97,3263.19,ETH
2026-01-07 04:21:01+00:00,361.0,3262.811,3262.78,3263.02,ETH
2026-01-07 04:21:02+00:00,362.0,3262.601,3262.6,3262.85,ETH
2026-01-07 04:21:03+00:00,363.0,3262.601,3262.6,3262.79,ETH
2026-01-07 04:21:04+00:00,364.0,3262.871,3262.68,3262.92,ETH
2026-01-07 04:21:05+00:00,365.0,3263.001,3262.79,3263.16,ETH
2026-01-07 04:21:06+00:00,366.0,3262.561,3262.55,3262.66,ETH
2026-01-07 04:21:07+00:00,367.0,3262.181,3262.17,3262.5,ETH
2026-01-07 04:21:08+00:00,368.0,3262.181,3262.17,3262.49,ETH
2026-01-07 04:21:09+00:00,369.0,3262.181,3262.17,3262.49,ETH
2026-01-07 04:21:10+00:00,370.0,3262.181,3262.17,3262.49,ETH
2026-01-07 04:21:11+00:00,371.0,3262.181,3262.17,3262.44,ETH
2026-01-07 04:21:12+00:00,372.0,3262.181,3262.17,3262.44,ETH
2026-01-07 04:21:13+00:00,373.0,3262.181,3262.17,3262.51,ETH
2026-01-07 04:21:14+00:00,374.0,3262.181,3262.17,3262.57,ETH
2026-01-07 04:21:15+00:00,375.0,3262.251,3262.24,3262.52,ETH
2026-01-07 04:21:16+00:00,376.0,3262.311,3262.31,3262.46,ETH
2026-01-07 04:21:17+00:00,377.0,3262.311,3262.31,3262.44,ETH
2026-01-07 04:21:18+00:00,378.0,3262.331,3262.31,3262.49,ETH
2026-01-07 04:21:19+00:00,379.0,3262.411,3262.36,3262.54,ETH
2026-01-07 04:21:20+00:00,380.0,3262.471,3262.45,3262.6,ETH
2026-01-07 04:21:21+00:00,381.0,3262.361,3262.31,3262.52,ETH
2026-01-07 04:21:22+00:00,382.0,3262.191,3262.15,3262.35,ETH
2026-01-07 04:21:23+00:00,383.0,3262.221,3262.19,3262.38,ETH
2026-01-07 04:21:24+00:00,384.0,3262.371,3262.34,3262.55,ETH
2026-01-07 04:21:25+00:00,385.0,3262.451,3262.45,3262.71,ETH
2026-01-07 04:21:26+00:00,386.0,3262.671,3262.53,3262.93,ETH
2026-01-07 04:21:27+00:00,387.0,3263.161,3262.95,3263.34,ETH
2026-01-07 04:21:28+00:00,388.0,3263.441,3263.29,3263.55,ETH
2026-01-07 04:21:29+00:00,389.0,3263.441,3263.34,3263.57,ETH
2026-01-07 04:21:30+00:00,390.0,3263.561,3263.39,3263.79,ETH
2026-01-07 04:21:31+00:00,391.0,3263.691,3263.52,3263.95,ETH
2026-01-07 04:21:32+00:00,392.0,3263.751,3263.63,3263.96,ETH
2026-01-07 04:21:33+00:00,393.0,3263.821,3263.7,3264.13,ETH
2026-01-07 04:21:34+00:00,394.0,3263.831,3263.77,3264.25,ETH
2026-01-07 04:21:35+00:00,395.0,3263.851,3263.77,3264.04,ETH
2026-01-07 04:21:36+00:00,396.0,3263.851,3263.84,3264.16,ETH
2026-01-07 04:21:37+00:00,397.0,3263.851,3263.84,3264.13,ETH
2026-01-07 04:21:38+00:00,398.0,3263.971,3263.9,3264.16,ETH
2026-01-07 04:21:39+00:00,399.0,3263.971,3263.9,3264.14,ETH
2026-01-07 04:21:40+00:00,400.0,3263.971,3263.86,3264.05,ETH
2026-01-07 04:21:41+00:00,401.0,3263.581,3263.56,3263.99,ETH
2026-01-07 04:21:42+00:00,402.0,3263.581,3263.51,3263.78,ETH
2026-01-07 04:21:43+00:00,403.0,3263.541,3263.51,3263.66,ETH
2026-01-07 04:21:44+00:00,404.0,3263.541,3263.5,3263.61,ETH
2026-01-07 04:21:45+00:00,405.0,3263.521,3263.47,3263.61,ETH
2026-01-07 04:21:46+00:00,406.0,3263.531,3263.49,3263.64,ETH
2026-01-07 04:21:47+00:00,407.0,3263.561,3263.51,3263.68,ETH
2026-01-07 04:21:48+00:00,408.0,3263.531,3263.47,3263.65,ETH
2026-01-07 04:21:49+00:00,409.0,3263.581,3263.48,3263.68,ETH
2026-01-07 04:21:50+00:00,410.0,3263.721,3263.62,3263.92,ETH
2026-01-07 04:21:51+00:00,411.0,3263.901,3263.84,3264.14,ETH
2026-01-07 04:21:52+00:00,412.0,3264.021,3263.94,3264.14,ETH
2026-01-07 04:21:53+00:00,413.0,3264.071,3263.93,3264.19,ETH
2026-01-07 04:21:54+00:00,414.0,3264.051,3263.92,3264.23,ETH
2026-01-07 04:21:55+00:00,415.0,3263.941,3263.89,3264.21,ETH
2026-01-07 04:21:56+00:00,416.0,3263.911,3263.87,3264.19,ETH
2026-01-07 04:21:57+00:00,417.0,3263.911,3263.85,3264.19,ETH
2026-01-07 04:21:58+00:00,418.0,3263.911,3263.85,3264.17,ETH
2026-01-07 04:21:59+00:00,419.0,3263.911,3263.86,3264.16,ETH
2026-01-07 04:22:00+00:00,420.0,3263.911,3263.81,3264.2,ETH
2026-01-07 04:22:01+00:00,421.0,3263.661,3263.65,3263.88,ETH
2026-01-07 04:22:02+00:00,422.0,3263.671,3263.52,3263.74,ETH
2026-01-07 04:22:03+00:00,423.0,3263.571,3263.52,3263.73,ETH
2026-01-07 04:22:04+00:00,424.0,3263.511,3263.44,3263.78,ETH
2026-01-07 04:22:05+00:00,425.0,3263.621,3263.6,3263.71,ETH
2026-01-07 04:22:06+00:00,426.0,3263.581,3263.38,3263.6,ETH
2026-01-07 04:22:07+00:00,427.0,3263.491,3263.44,3263.6,ETH
2026-01-07 04:22:08+00:00,428.0,3263.421,3263.38,3263.49,ETH
2026-01-07 04:22:09+00:00,429.0,3263.331,3263.29,3263.41,ETH
2026-01-07 04:22:10+00:00,430.0,3263.421,3263.37,3263.51,ETH
2026-01-07 04:22:11+00:00,431.0,3263.351,3263.3,3263.58,ETH
2026-01-07 04:22:12+00:00,432.0,3263.371,3263.32,3263.54,ETH
2026-01-07 04:22:13+00:00,433.0,3263.391,3263.35,3263.56,ETH
2026-01-07 04:22:14+00:00,434.0,3263.551,3263.52,3263.6,ETH
2026-01-07 04:22:15+00:00,435.0,3263.551,3263.46,3263.8,ETH
2026-01-07 04:22:16+00:00,436.0,3263.121,3263.1,3263.17,ETH
2026-01-07 04:22:17+00:00,437.0,3262.971,3262.93,3263.1,ETH
2026-01-07 04:22:18+00:00,438.0,3262.811,3262.7,3262.97,ETH
2026-01-07 04:22:19+00:00,439.0,3262.661,3262.66,3263.03,ETH
2026-01-07 04:22:20+00:00,440.0,3262.661,3262.66,3262.8,ETH
2026-01-07 04:22:21+00:00,441.0,3262.671,3262.67,3262.82,ETH
2026-01-07 04:22:22+00:00,442.0,3262.671,3262.67,3262.88,ETH
2026-01-07 04:22:23+00:00,443.0,3262.701,3262.68,3262.91,ETH
2026-01-07 04:22:24+00:00,444.0,3262.671,3262.62,3262.92,ETH
2026-01-07 04:22:25+00:00,445.0,3262.921,3262.89,3263.0,ETH
2026-01-07 04:22:26+00:00,446.0,3262.791,3262.78,3262.9,ETH
2026-01-07 04:22:27+00:00,447.0,3262.791,3262.78,3262.91,ETH
2026-01-07 04:22:28+00:00,448.0,3262.611,3262.6,3262.72,ETH
2026-01-07 04:22:29+00:00,449.0,3262.441,3262.42,3262.52,ETH
2026-01-07 04:22:30+00:00,450.0,3262.521,3262.5,3262.57,ETH
2026-01-07 04:22:31+00:00,451.0,3262.511,3262.49,3262.57,ETH
2026-01-07 04:22:32+00:00,452.0,3262.511,3262.49,3262.57,ETH
2026-01-07 04:22:33+00:00,453.0,3263.131,3262.99,3263.24,ETH
2026-01-07 04:22:34+00:00,454.0,3263.341,3263.29,3263.4,ETH
2026-01-07 04:22:35+00:00,455.0,3263.361,3263.31,3263.4,ETH
2026-01-07 04:22:36+00:00,456.0,3263.341,3263.3,3263.39,ETH
2026-01-07 04:22:37+00:00,457.0,3263.341,3263.3,3263.39,ETH
2026-01-07 04:22:38+00:00,458.0,3263.341,3263.29,3263.39,ETH
2026-01-07 04:22:39+00:00,459.0,3263.341,3263.29,3263.39,ETH
2026-01-07 04:22:40+00:00,460.0,3263.391,3263.37,3263.46,ETH
2026-01-07 04:22:41+00:00,461.0,3263.391,3263.38,3263.47,ETH
2026-01-07 04:22:42+00:00,462.0,3263.531,3263.39,3263.64,ETH
2026-01-07 04:22:43+00:00,463.0,3263.641,3263.43,3263.9,ETH
2026-01-07 04:22:44+00:00,464.0,3263.351,3263.3,3263.38,ETH
2026-01-07 04:22:45+00:00,465.0,3263.301,3263.3,3263.59,ETH
2026-01-07 04:22:46+00:00,466.0,3263.411,3263.32,3263.57,ETH
2026-01-07 04:22:47+00:00,467.0,3263.411,3263.34,3263.5,ETH
2026-01-07 04:22:48+00:00,468.0,3263.411,3263.33,3263.52,ETH
2026-01-07 04:22:49+00:00,469.0,3263.411,3263.33,3263.66,ETH
2026-01-07 04:22:50+00:00,470.0,3263.411,3263.33,3263.53,ETH
2026-01-07 04:22:51+00:00,471.0,3263.411,3263.33,3263.7,ETH
2026-01-07 04:22:52+00:00,472.0,3263.621,3263.43,3263.62,ETH
2026-01-07 04:22:53+00:00,473.0,3263.621,3263.48,3263.62,ETH
2026-01-07 04:22:54+00:00,474.0,3263.621,3263.52,3263.73,ETH
2026-01-07 04:22:55+00:00,475.0,3263.621,3263.53,3263.7,ETH
2026-01-07 04:22:56+00:00,476.0,3263.621,3263.52,3263.7,ETH
2026-01-07 04:22:57+00:00,477.0,3263.221,3263.1,3263.27,ETH
2026-01-07 04:22:58+00:00,478.0,3263.001,3262.96,3263.04,ETH
2026-01-07 04:22:59+00:00,479.0,3262.961,3262.93,3263.04,ETH
2026-01-07 04:23:00+00:00,480.0,3262.931,3262.91,3263.05,ETH
2026-01-07 04:23:01+00:00,481.0,3262.891,3262.89,3263.06,ETH
2026-01-07 04:23:02+00:00,482.0,3262.891,3262.89,3263.03,ETH
2026-01-07 04:23:03+00:00,483.0,3262.891,3262.89,3263.03,ETH
2026-01-07 04:23:04+00:00,484.0,3262.891,3262.88,3262.96,ETH
2026-01-07 04:23:05+00:00,485.0,3262.621,3262.56,3262.67,ETH
2026-01-07 04:23:06+00:00,486.0,3262.371,3262.36,3262.64,ETH
2026-01-07 04:23:07+00:00,487.0,3262.371,3262.36,3262.61,ETH
2026-01-07 04:23:08+00:00,488.0,3262.271,3262.24,3262.36,ETH
2026-01-07 04:23:09+00:00,489.0,3262.191,3262.15,3262.36,ETH
2026-01-07 04:23:10+00:00,490.0,3262.331,3262.3,3262.38,ETH
2026-01-07 04:23:11+00:00,491.0,3262.291,3262.25,3262.36,ETH
2026-01-07 04:23:12+00:00,492.0,3262.211,3262.17,3262.36,ETH
2026-01-07 04:23:13+00:00,493.0,3262.141,3262.09,3262.28,ETH
2026-01-07 04:23:14+00:00,494.0,3262.141,3262.1,3262.25,ETH
2026-01-07 04:23:15+00:00,495.0,3262.181,3262.17,3262.3,ETH
2026-01-07 04:23:16+00:00,496.0,3262.161,3262.14,3262.25,ETH
2026-01-07 04:23:17+00:00,497.0,3262.161,3262.14,3262.27,ETH
2026-01-07 04:23:18+00:00,498.0,3262.201,3262.17,3262.3,ETH
2026-01-07 04:23:19+00:00,499.0,3262.191,3262.15,3262.24,ETH
2026-01-07 04:23:20+00:00,500.0,3262.171,3262.13,3262.21,ETH
2026-01-07 04:23:21+00:00,501.0,3262.151,3262.11,3262.21,ETH
2026-01-07 04:23:22+00:00,502.0,3262.131,3262.1,3262.21,ETH
2026-01-07 04:23:23+00:00,503.0,3262.121,3262.08,3262.21,ETH
2026-01-07 04:23:24+00:00,504.0,3262.161,3262.13,3262.24,ETH
2026-01-07 04:23:25+00:00,505.0,3262.201,3262.19,3262.28,ETH
2026-01-07 04:23:26+00:00,506.0,3262.201,3262.2,3262.33,ETH
2026-01-07 04:23:27+00:00,507.0,3262.201,3262.2,3262.36,ETH
2026-01-07 04:23:28+00:00,508.0,3262.201,3262.2,3262.36,ETH
2026-01-07 04:23:30+00:00,510.0,3262.201,3262.2,3262.39,ETH
2026-01-07 04:23:31+00:00,511.0,3262.201,3262.2,3262.33,ETH
2026-01-07 04:23:32+00:00,512.0,3262.201,3262.2,3262.36,ETH
2026-01-07 04:23:33+00:00,513.0,3262.301,3262.26,3262.36,ETH
2026-01-07 04:23:34+00:00,514.0,3262.261,3262.22,3262.33,ETH
2026-01-07 04:23:35+00:00,515.0,3262.171,3262.13,3262.24,ETH
2026-01-07 04:23:36+00:00,516.0,3262.051,3262.01,3262.11,ETH
2026-01-07 04:23:37+00:00,517.0,3261.961,3261.91,3262.03,ETH
2026-01-07 04:23:38+00:00,518.0,3261.911,3261.87,3261.99,ETH
2026-01-07 04:23:39+00:00,519.0,3261.681,3261.66,3261.73,ETH
2026-01-07 04:23:40+00:00,520.0,3261.401,3261.39,3261.46,ETH
2026-01-07 04:23:41+00:00,521.0,3261.311,3261.28,3261.46,ETH
2026-01-07 04:23:42+00:00,522.0,3261.271,3261.23,3261.46,ETH
2026-01-07 04:23:43+00:00,523.0,3261.371,3261.34,3261.55,ETH
2026-01-07 04:23:44+00:00,524.0,3261.401,3261.38,3261.55,ETH
2026-01-07 04:23:45+00:00,525.0,3261.341,3261.3,3261.46,ETH
2026-01-07 04:23:46+00:00,526.0,3261.331,3261.29,3261.46,ETH
2026-01-07 04:23:47+00:00,527.0,3261.351,3261.3,3261.46,ETH
2026-01-07 04:23:48+00:00,528.0,3261.341,3261.29,3261.46,ETH
2026-01-07 04:23:49+00:00,529.0,3261.271,3261.24,3261.44,ETH
2026-01-07 04:23:50+00:00,530.0,3261.221,3261.22,3261.42,ETH
2026-01-07 04:23:51+00:00,531.0,3261.341,3261.31,3261.48,ETH
2026-01-07 04:23:52+00:00,532.0,3261.581,3261.54,3261.69,ETH
2026-01-07 04:23:53+00:00,533.0,3261.721,3261.68,3261.8,ETH
2026-01-07 04:23:54+00:00,534.0,3261.731,3261.7,3261.78,ETH
2026-01-07 04:23:55+00:00,535.0,3261.731,3261.71,3261.8,ETH
2026-01-07 04:23:56+00:00,536.0,3261.731,3261.72,3261.83,ETH
2026-01-07 04:23:57+00:00,537.0,3261.731,3261.72,3261.85,ETH
2026-01-07 04:23:58+00:00,538.0,3261.731,3261.73,3261.86,ETH
2026-01-07 04:23:59+00:00,539.0,3261.731,3261.73,3261.92,ETH
2026-01-07 04:24:00+00:00,540.0,3261.791,3261.76,3261.99,ETH
2026-01-07 04:24:01+00:00,541.0,3261.871,3261.83,3262.03,ETH
2026-01-07 04:24:02+00:00,542.0,3261.901,3261.88,3262.09,ETH
2026-01-07 04:24:03+00:00,543.0,3261.901,3261.89,3262.11,ETH
2026-01-07 04:24:04+00:00,544.0,3261.901,3261.88,3262.02,ETH
2026-01-07 04:24:05+00:00,545.0,3261.901,3261.88,3262.02,ETH
2026-01-07 04:24:06+00:00,546.0,3261.901,3261.88,3262.03,ETH
2026-01-07 04:24:07+00:00,547.0,3261.731,3261.71,3261.96,ETH
2026-01-07 04:24:08+00:00,548.0,3261.541,3261.5,3261.82,ETH
2026-01-07 04:24:09+00:00,549.0,3261.521,3261.48,3261.71,ETH
2026-01-07 04:24:10+00:00,550.0,3261.511,3261.51,3261.77,ETH
2026-01-07 04:24:11+00:00,551.0,3261.671,3261.64,3261.83,ETH
2026-01-07 04:24:12+00:00,552.0,3261.871,3261.81,3261.93,ETH
2026-01-07 04:24:13+00:00,553.0,3261.911,3261.88,3262.05,ETH
2026-01-07 04:24:14+00:00,554.0,3261.911,3261.91,3262.13,ETH
2026-01-07 04:24:15+00:00,555.0,3261.911,3261.91,3262.12,ETH
2026-01-07 04:24:16+00:00,556.0,3261.911,3261.91,3262.06,ETH
2026-01-07 04:24:17+00:00,557.0,3261.911,3261.91,3262.1,ETH
2026-01-07 04:24:18+00:00,558.0,3261.911,3261.91,3262.19,ETH
2026-01-07 04:24:19+00:00,559.0,3261.911,3261.91,3262.22,ETH
2026-01-07 04:24:20+00:00,560.0,3261.911,3261.91,3262.21,ETH
2026-01-07 04:24:21+00:00,561.0,3261.911,3261.91,3262.21,ETH
2026-01-07 04:24:22+00:00,562.0,3261.921,3261.91,3262.21,ETH
2026-01-07 04:24:23+00:00,563.0,3261.881,3261.83,3262.13,ETH
2026-01-07 04:24:24+00:00,564.0,3261.891,3261.84,3262.12,ETH
2026-01-07 04:24:25+00:00,565.0,3261.931,3261.92,3262.19,ETH
2026-01-07 04:24:26+00:00,566.0,3261.931,3261.92,3262.13,ETH
2026-01-07 04:24:27+00:00,567.0,3261.951,3261.92,3262.04,ETH
2026-01-07 04:24:28+00:00,568.0,3261.981,3261.95,3262.1,ETH
2026-01-07 04:24:29+00:00,569.0,3261.991,3261.97,3262.19,ETH
2026-01-07 04:24:30+00:00,570.0,3261.991,3261.96,3262.14,ETH
2026-01-07 04:24:31+00:00,571.0,3261.991,3261.96,3262.1,ETH
2026-01-07 04:24:32+00:00,572.0,3261.981,3261.87,3262.07,ETH
2026-01-07 04:24:33+00:00,573.0,3261.981,3261.87,3262.08,ETH
2026-01-07 04:24:34+00:00,574.0,3261.991,3261.96,3262.18,ETH
2026-01-07 04:24:35+00:00,575.0,3261.991,3261.97,3262.21,ETH
2026-01-07 04:24:36+00:00,576.0,3261.991,3261.98,3262.2,ETH
2026-01-07 04:24:37+00:00,577.0,3261.991,3261.99,3262.21,ETH
2026-01-07 04:24:38+00:00,578.0,3261.991,3261.99,3262.14,ETH
2026-01-07 04:24:39+00:00,579.0,3261.991,3261.99,3262.07,ETH
2026-01-07 04:24:40+00:00,580.0,3261.991,3261.97,3262.06,ETH
2026-01-07 04:24:41+00:00,581.0,3261.991,3261.97,3262.12,ETH
2026-01-07 04:24:42+00:00,582.0,3261.991,3261.99,3262.2,ETH
2026-01-07 04:24:43+00:00,583.0,3261.991,3261.99,3262.2,ETH
2026-01-07 04:24:44+00:00,584.0,3261.991,3261.99,3262.17,ETH
2026-01-07 04:24:45+00:00,585.0,3261.991,3261.99,3262.12,ETH
2026-01-07 04:24:46+00:00,586.0,3261.991,3261.99,3262.1,ETH
2026-01-07 04:24:47+00:00,587.0,3261.891,3261.84,3262.0,ETH
2026-01-07 04:24:48+00:00,588.0,3261.901,3261.85,3262.0,ETH
2026-01-07 04:24:49+00:00,589.0,3262.341,3262.01,3262.62,ETH
2026-01-07 04:24:50+00:00,590.0,3262.581,3262.39,3262.67,ETH
2026-01-07 04:24:51+00:00,591.0,3262.501,3262.46,3262.61,ETH
2026-01-07 04:24:52+00:00,592.0,3262.401,3262.39,3262.51,ETH
2026-01-07 04:24:53+00:00,593.0,3262.401,3262.37,3262.7,ETH
2026-01-07 04:24:54+00:00,594.0,3262.201,3262.19,3262.66,ETH
2026-01-07 04:24:55+00:00,595.0,3262.401,3262.35,3262.52,ETH
2026-01-07 04:24:56+00:00,596.0,3262.401,3262.35,3262.52,ETH
2026-01-07 04:24:57+00:00,597.0,3262.401,3262.35,3262.49,ETH
2026-01-07 04:24:58+00:00,598.0,3262.401,3262.34,3262.47,ETH
2026-01-07 04:24:59+00:00,599.0,3262.401,3262.34,3262.49,ETH
2026-01-07 04:25:00+00:00,600.0,3262.401,3262.34,3262.47,ETH
2026-01-07 04:25:01+00:00,601.0,3262.401,3262.33,3262.55,ETH
2026-01-07 04:25:02+00:00,602.0,3262.401,3262.35,3262.55,ETH
2026-01-07 04:25:03+00:00,603.0,3262.401,3262.35,3262.56,ETH
2026-01-07 04:25:04+00:00,604.0,3262.401,3262.34,3262.54,ETH
2026-01-07 04:25:05+00:00,605.0,3262.401,3262.34,3262.55,ETH
2026-01-07 04:25:06+00:00,606.0,3262.401,3262.34,3262.6,ETH
2026-01-07 04:25:07+00:00,607.0,3262.401,3262.34,3262.58,ETH
2026-01-07 04:25:08+00:00,608.0,3262.401,3262.35,3262.53,ETH
2026-01-07 04:25:09+00:00,609.0,3262.401,3262.35,3262.46,ETH
2026-01-07 04:25:10+00:00,610.0,3262.401,3262.35,3262.52,ETH
2026-01-07 04:25:11+00:00,611.0,3262.401,3262.35,3262.53,ETH
2026-01-07 04:25:12+00:00,612.0,3262.401,3262.35,3262.52,ETH
2026-01-07 04:25:13+00:00,613.0,3262.401,3262.17,3262.49,ETH
2026-01-07 04:25:14+00:00,614.0,3262.401,3262.2,3262.52,ETH
2026-01-07 04:25:15+00:00,615.0,3262.401,3262.2,3262.56,ETH
2026-01-07 04:25:16+00:00,616.0,3262.401,3262.2,3262.53,ETH
2026-01-07 04:25:17+00:00,617.0,3262.401,3262.21,3262.53,ETH
2026-01-07 04:25:18+00:00,618.0,3262.401,3262.22,3262.53,ETH
2026-01-07 04:25:19+00:00,619.0,3262.401,3262.22,3262.61,ETH
2026-01-07 04:25:20+00:00,620.0,3262.401,3262.25,3262.58,ETH
2026-01-07 04:25:21+00:00,621.0,3262.401,3262.26,3262.53,ETH
2026-01-07 04:25:22+00:00,622.0,3262.541,3262.33,3262.6,ETH
2026-01-07 04:25:23+00:00,623.0,3262.551,3262.34,3262.61,ETH
2026-01-07 04:25:24+00:00,624.0,3262.571,3262.34,3262.61,ETH
2026-01-07 04:25:25+00:00,625.0,3262.591,3262.34,3262.65,ETH
2026-01-07 04:25:26+00:00,626.0,3262.601,3262.34,3262.64,ETH
2026-01-07 04:25:27+00:00,627.0,3262.951,3262.57,3263.0,ETH
2026-01-07 04:25:28+00:00,628.0,3262.951,3262.57,3263.11,ETH
2026-01-07 04:25:29+00:00,629.0,3262.821,3262.79,3262.92,ETH
2026-01-07 04:25:30+00:00,630.0,3262.821,3262.77,3262.94,ETH
2026-01-07 04:25:31+00:00,631.0,3262.671,3262.45,3262.7,ETH
2026-01-07 04:25:32+00:00,632.0,3262.531,3262.17,3262.55,ETH
2026-01-07 04:25:33+00:00,633.0,3262.171,3262.11,3262.35,ETH
2026-01-07 04:25:34+00:00,634.0,3262.121,3262.07,3262.35,ETH
2026-01-07 04:25:35+00:00,635.0,3262.071,3262.04,3262.35,ETH
2026-01-07 04:25:36+00:00,636.0,3262.091,3262.05,3262.35,ETH
2026-01-07 04:25:37+00:00,637.0,3262.091,3262.06,3262.35,ETH
2026-01-07 04:25:38+00:00,638.0,3262.091,3262.06,3262.35,ETH
2026-01-07 04:25:39+00:00,639.0,3262.141,3262.08,3262.35,ETH
2026-01-07 04:25:40+00:00,640.0,3262.131,3262.08,3262.19,ETH
2026-01-07 04:25:41+00:00,641.0,3262.111,3262.06,3262.17,ETH
2026-01-07 04:25:42+00:00,642.0,3262.091,3262.05,3262.15,ETH
2026-01-07 04:25:43+00:00,643.0,3262.081,3262.04,3262.13,ETH
2026-01-07 04:25:44+00:00,644.0,3262.021,3261.98,3262.11,ETH
2026-01-07 04:25:45+00:00,645.0,3262.011,3261.97,3262.11,ETH
2026-01-07 04:25:46+00:00,646.0,3261.611,3261.42,3261.62,ETH
2026-01-07 04:25:47+00:00,647.0,3261.451,3261.32,3261.51,ETH
2026-01-07 04:25:48+00:00,648.0,3261.331,3261.18,3261.46,ETH
2026-01-07 04:25:49+00:00,649.0,3261.331,3261.19,3261.46,ETH
2026-01-07 04:25:50+00:00,650.0,3261.251,3261.19,3261.46,ETH
2026-01-07 04:25:51+00:00,651.0,3261.271,3261.19,3261.46,ETH
2026-01-07 04:25:52+00:00,652.0,3261.361,3261.18,3261.49,ETH
2026-01-07 04:25:53+00:00,653.0,3261.451,3261.16,3261.51,ETH
2026-01-07 04:25:54+00:00,654.0,3260.921,3260.88,3261.04,ETH
2026-01-07 04:25:55+00:00,655.0,3260.871,3260.84,3261.03,ETH
2026-01-07 04:25:56+00:00,656.0,3260.801,3260.76,3260.99,ETH
2026-01-07 04:25:57+00:00,657.0,3260.781,3260.74,3260.94,ETH
2026-01-07 04:25:58+00:00,658.0,3260.821,3260.77,3260.94,ETH
2026-01-07 04:25:59+00:00,659.0,3260.631,3260.55,3260.86,ETH
2026-01-07 04:26:00+00:00,660.0,3260.581,3260.58,3260.82,ETH
2026-01-07 04:26:01+00:00,661.0,3260.661,3260.61,3260.73,ETH
2026-01-07 04:26:02+00:00,662.0,3260.721,3260.61,3260.79,ETH
2026-01-07 04:26:03+00:00,663.0,3260.651,3260.6,3260.73,ETH
2026-01-07 04:26:04+00:00,664.0,3260.651,3260.61,3260.73,ETH
2026-01-07 04:26:05+00:00,665.0,3260.631,3260.58,3260.73,ETH
2026-01-07 04:26:06+00:00,666.0,3260.721,3260.62,3260.9,ETH
2026-01-07 04:26:07+00:00,667.0,3260.721,3260.63,3260.94,ETH
2026-01-07 04:26:08+00:00,668.0,3260.691,3260.63,3260.73,ETH
2026-01-07 04:26:09+00:00,669.0,3260.721,3260.63,3260.88,ETH
2026-01-07 04:26:10+00:00,670.0,3260.941,3260.85,3261.09,ETH
2026-01-07 04:26:11+00:00,671.0,3261.021,3260.85,3261.09,ETH
2026-01-07 04:26:12+00:00,672.0,3261.071,3260.93,3261.12,ETH
2026-01-07 04:26:13+00:00,673.0,3261.041,3260.93,3261.1,ETH
2026-01-07 04:26:14+00:00,674.0,3261.071,3260.93,3261.12,ETH
2026-01-07 04:26:15+00:00,675.0,3261.081,3260.93,3261.14,ETH
2026-01-07 04:26:16+00:00,676.0,3261.091,3260.91,3261.15,ETH
2026-01-07 04:26:17+00:00,677.0,3260.991,3260.92,3261.1,ETH
2026-01-07 04:26:18+00:00,678.0,3261.091,3260.92,3261.16,ETH
2026-01-07 04:26:19+00:00,679.0,3261.091,3260.92,3261.14,ETH
2026-01-07 04:26:20+00:00,680.0,3261.061,3260.92,3261.1,ETH
2026-01-07 04:26:21+00:00,681.0,3261.381,3261.25,3261.45,ETH
2026-01-07 04:26:22+00:00,682.0,3261.691,3261.53,3261.74,ETH
2026-01-07 04:26:23+00:00,683.0,3261.701,3261.53,3261.75,ETH
2026-01-07 04:26:24+00:00,684.0,3261.711,3261.53,3261.76,ETH
2026-01-07 04:26:25+00:00,685.0,3261.681,3261.53,3261.79,ETH
2026-01-07 04:26:26+00:00,686.0,3261.671,3261.53,3261.79,ETH
2026-01-07 04:26:27+00:00,687.0,3261.701,3261.53,3261.77,ETH
2026-01-07 04:26:28+00:00,688.0,3261.691,3261.53,3261.73,ETH
2026-01-07 04:26:29+00:00,689.0,3261.681,3261.53,3261.72,ETH
2026-01-07 04:26:30+00:00,690.0,3261.631,3261.53,3261.71,ETH
2026-01-07 04:26:31+00:00,691.0,3261.581,3261.5,3261.69,ETH
2026-01-07 04:26:32+00:00,692.0,3261.581,3261.46,3261.7,ETH
2026-01-07 04:26:33+00:00,693.0,3261.571,3261.44,3261.68,ETH
2026-01-07 04:26:34+00:00,694.0,3261.571,3261.43,3261.67,ETH
2026-01-07 04:26:35+00:00,695.0,3261.571,3261.43,3261.69,ETH
2026-01-07 04:26:36+00:00,696.0,3261.371,3261.22,3261.47,ETH
2026-01-07 04:26:37+00:00,697.0,3261.181,3261.0,3261.25,ETH
2026-01-07 04:26:38+00:00,698.0,3261.201,3261.0,3261.25,ETH
2026-01-07 04:26:39+00:00,699.0,3261.211,3261.0,3261.26,ETH
2026-01-07 04:26:40+00:00,700.0,3261.181,3261.0,3261.25,ETH
2026-01-07 04:26:41+00:00,701.0,3261.071,3260.97,3261.14,ETH
2026-01-07 04:26:42+00:00,702.0,3261.031,3260.95,3261.18,ETH
2026-01-07 04:26:43+00:00,703.0,3261.071,3260.94,3261.27,ETH
2026-01-07 04:26:44+00:00,704.0,3261.071,3260.94,3261.21,ETH
2026-01-07 04:26:45+00:00,705.0,3261.111,3260.95,3261.16,ETH
2026-01-07 04:26:46+00:00,706.0,3261.101,3260.95,3261.23,ETH
2026-01-07 04:26:47+00:00,707.0,3261.031,3260.94,3261.11,ETH
2026-01-07 04:26:48+00:00,708.0,3261.011,3260.94,3261.11,ETH
2026-01-07 04:26:49+00:00,709.0,3261.031,3260.93,3261.11,ETH
2026-01-07 04:26:50+00:00,710.0,3261.091,3260.93,3261.12,ETH
2026-01-07 04:26:51+00:00,711.0,3260.781,3260.78,3261.0,ETH
2026-01-07 04:26:52+00:00,712.0,3260.781,3260.77,3261.0,ETH
2026-01-07 04:26:53+00:00,713.0,3260.781,3260.77,3261.05,ETH
2026-01-07 04:26:54+00:00,714.0,3260.791,3260.78,3261.06,ETH
2026-01-07 04:26:55+00:00,715.0,3260.851,3260.8,3261.07,ETH
2026-01-07 04:26:56+00:00,716.0,3260.891,3260.85,3260.92,ETH
2026-01-07 04:26:57+00:00,717.0,3260.891,3260.88,3261.08,ETH
2026-01-07 04:26:58+00:00,718.0,3260.891,3260.88,3261.04,ETH
2026-01-07 04:26:59+00:00,719.0,3260.891,3260.89,3261.0,ETH
2026-01-07 04:27:00+00:00,720.0,3260.891,3260.89,3261.06,ETH
2026-01-07 04:27:01+00:00,721.0,3260.961,3260.91,3261.13,ETH
2026-01-07 04:27:02+00:00,722.0,3261.091,3260.94,3261.16,ETH
2026-01-07 04:27:03+00:00,723.0,3261.081,3260.92,3261.14,ETH
2026-01-07 04:27:04+00:00,724.0,3261.011,3260.91,3261.07,ETH
2026-01-07 04:27:05+00:00,725.0,3261.001,3260.93,3261.06,ETH
2026-01-07 04:27:06+00:00,726.0,3260.991,3260.92,3261.04,ETH
2026-01-07 04:27:07+00:00,727.0,3260.991,3260.91,3261.03,ETH
2026-01-07 04:27:08+00:00,728.0,3261.011,3260.91,3261.06,ETH
2026-01-07 04:27:09+00:00,729.0,3261.001,3260.91,3261.06,ETH
2026-01-07 04:27:10+00:00,730.0,3260.991,3260.92,3261.02,ETH
2026-01-07 04:27:11+00:00,731.0,3260.801,3260.8,3260.96,ETH
2026-01-07 04:27:12+00:00,732.0,3260.801,3260.8,3261.06,ETH
2026-01-07 04:27:13+00:00,733.0,3260.801,3260.8,3261.05,ETH
2026-01-07 04:27:14+00:00,734.0,3260.801,3260.8,3261.06,ETH
2026-01-07 04:27:15+00:00,735.0,3260.801,3260.8,3261.07,ETH
2026-01-07 04:27:16+00:00,736.0,3260.801,3260.8,3261.05,ETH
2026-01-07 04:27:17+00:00,737.0,3260.811,3260.8,3261.04,ETH
2026-01-07 04:27:18+00:00,738.0,3260.811,3260.8,3261.06,ETH
2026-01-07 04:27:19+00:00,739.0,3261.001,3260.99,3261.1,ETH
2026-01-07 04:27:20+00:00,740.0,3260.951,3260.9,3261.0,ETH
2026-01-07 04:27:21+00:00,741.0,3261.001,3260.99,3261.05,ETH
2026-01-07 04:27:22+00:00,742.0,3261.001,3260.99,3261.07,ETH
2026-01-07 04:27:23+00:00,743.0,3261.001,3260.98,3261.06,ETH
2026-01-07 04:27:24+00:00,744.0,3261.001,3260.98,3261.06,ETH
2026-01-07 04:27:25+00:00,745.0,3261.001,3260.98,3261.06,ETH
2026-01-07 04:27:26+00:00,746.0,3261.001,3260.99,3261.08,ETH
2026-01-07 04:27:27+00:00,747.0,3261.001,3260.99,3261.1,ETH
2026-01-07 04:27:28+00:00,748.0,3261.001,3260.99,3261.09,ETH
2026-01-07 04:27:29+00:00,749.0,3261.001,3260.99,3261.1,ETH
2026-01-07 04:27:30+00:00,750.0,3261.001,3260.99,3261.08,ETH
2026-01-07 04:27:31+00:00,751.0,3261.001,3260.99,3261.09,ETH
2026-01-07 04:27:32+00:00,752.0,3261.001,3260.99,3261.09,ETH
2026-01-07 04:27:33+00:00,753.0,3261.021,3260.99,3261.07,ETH
2026-01-07 04:27:34+00:00,754.0,3261.041,3261.02,3261.13,ETH
2026-01-07 04:27:35+00:00,755.0,3261.081,3261.06,3261.22,ETH
2026-01-07 04:27:36+00:00,756.0,3261.121,3261.08,3261.25,ETH
2026-01-07 04:27:37+00:00,757.0,3261.061,3261.02,3261.16,ETH
2026-01-07 04:27:38+00:00,758.0,3261.061,3261.0,3261.11,ETH
2026-01-07 04:27:39+00:00,759.0,3261.111,3261.06,3261.19,ETH
2026-01-07 04:27:40+00:00,760.0,3261.141,3261.08,3261.23,ETH
2026-01-07 04:27:41+00:00,761.0,3261.171,3261.1,3261.23,ETH
2026-01-07 04:27:42+00:00,762.0,3261.171,3261.1,3261.23,ETH
2026-01-07 04:27:43+00:00,763.0,3261.151,3261.08,3261.2,ETH
2026-01-07 04:27:45+00:00,765.0,3261.141,3261.07,3261.19,ETH
2026-01-07 04:27:46+00:00,766.0,3261.141,3261.06,3261.18,ETH
2026-01-07 04:27:47+00:00,767.0,3261.141,3261.06,3261.21,ETH
2026-01-07 04:27:48+00:00,768.0,3261.151,3261.07,3261.23,ETH
2026-01-07 04:27:49+00:00,769.0,3261.151,3261.07,3261.21,ETH
2026-01-07 04:27:50+00:00,770.0,3261.151,3261.08,3261.22,ETH
2026-01-07 04:27:51+00:00,771.0,3261.181,3261.08,3261.25,ETH
2026-01-07 04:27:52+00:00,772.0,3261.191,3261.09,3261.23,ETH
2026-01-07 04:27:53+00:00,773.0,3261.181,3261.09,3261.22,ETH
2026-01-07 04:27:54+00:00,774.0,3261.191,3261.09,3261.31,ETH
2026-01-07 04:27:55+00:00,775.0,3261.191,3261.1,3261.3,ETH
2026-01-07 04:27:56+00:00,776.0,3261.191,3261.1,3261.32,ETH
2026-01-07 04:27:57+00:00,777.0,3261.191,3261.1,3261.31,ETH
2026-01-07 04:27:58+00:00,778.0,3261.191,3261.1,3261.3,ETH
2026-01-07 04:27:59+00:00,779.0,3261.191,3261.09,3261.3,ETH
2026-01-07 04:28:00+00:00,780.0,3261.191,3261.09,3261.3,ETH
2026-01-07 04:28:01+00:00,781.0,3261.191,3261.09,3261.29,ETH
2026-01-07 04:28:02+00:00,782.0,3261.021,3260.95,3261.24,ETH
2026-01-07 04:28:03+00:00,783.0,3261.021,3260.95,3261.23,ETH
2026-01-07 04:28:04+00:00,784.0,3261.191,3261.1,3261.27,ETH
2026-01-07 04:28:05+00:00,785.0,3261.191,3261.11,3261.26,ETH
2026-01-07 04:28:06+00:00,786.0,3261.031,3260.98,3261.22,ETH
2026-01-07 04:28:07+00:00,787.0,3260.871,3260.86,3261.18,ETH
2026-01-07 04:28:08+00:00,788.0,3260.891,3260.87,3261.07,ETH
2026-01-07 04:28:09+00:00,789.0,3260.901,3260.87,3260.95,ETH
2026-01-07 04:28:10+00:00,790.0,3260.901,3260.87,3260.94,ETH
2026-01-07 04:28:11+00:00,791.0,3260.911,3260.88,3260.95,ETH
2026-01-07 04:28:12+00:00,792.0,3260.921,3260.89,3260.96,ETH
2026-01-07 04:28:13+00:00,793.0,3260.931,3260.89,3260.96,ETH
2026-01-07 04:28:14+00:00,794.0,3260.931,3260.9,3260.97,ETH
2026-01-07 04:28:15+00:00,795.0,3260.941,3260.91,3260.98,ETH
2026-01-07 04:28:16+00:00,796.0,3260.941,3260.91,3260.98,ETH
2026-01-07 04:28:17+00:00,797.0,3260.941,3260.92,3260.99,ETH
2026-01-07 04:28:18+00:00,798.0,3260.921,3260.9,3260.98,ETH
2026-01-07 04:28:19+00:00,799.0,3260.911,3260.88,3260.94,ETH
2026-01-07 04:28:20+00:00,800.0,3260.941,3260.93,3261.02,ETH
2026-01-07 04:28:21+00:00,801.0,3260.941,3260.93,3261.05,ETH
2026-01-07 04:28:22+00:00,802.0,3261.011,3260.98,3261.18,ETH
2026-01-07 04:28:23+00:00,803.0,3261.181,3261.07,3261.22,ETH
2026-01-07 04:28:24+00:00,804.0,3261.181,3261.17,3261.27,ETH
2026-01-07 04:28:25+00:00,805.0,3261.181,3261.17,3261.27,ETH
2026-01-07 04:28:26+00:00,806.0,3261.181,3261.11,3261.29,ETH
2026-01-07 04:28:27+00:00,807.0,3261.181,3261.11,3261.34,ETH
2026-01-07 04:28:28+00:00,808.0,3261.471,3261.18,3261.62,ETH
2026-01-07 04:28:29+00:00,809.0,3261.541,3261.38,3261.62,ETH
2026-01-07 04:28:30+00:00,810.0,3261.551,3261.42,3261.59,ETH
2026-01-07 04:28:31+00:00,811.0,3261.551,3261.42,3261.59,ETH
2026-01-07 04:28:32+00:00,812.0,3261.571,3261.42,3261.62,ETH
2026-01-07 04:28:33+00:00,813.0,3261.571,3261.43,3261.65,ETH
2026-01-07 04:28:34+00:00,814.0,3261.571,3261.43,3261.62,ETH
2026-01-07 04:28:35+00:00,815.0,3261.521,3261.43,3261.58,ETH
2026-01-07 04:28:36+00:00,816.0,3261.311,3261.3,3261.36,ETH
2026-01-07 04:28:37+00:00,817.0,3261.321,3261.3,3261.4,ETH
2026-01-07 04:28:38+00:00,818.0,3261.351,3261.31,3261.4,ETH
2026-01-07 04:28:39+00:00,819.0,3261.351,3261.33,3261.4,ETH
2026-01-07 04:28:40+00:00,820.0,3261.331,3261.33,3261.41,ETH
2026-01-07 04:28:41+00:00,821.0,3261.331,3261.33,3261.42,ETH
2026-01-07 04:28:42+00:00,822.0,3261.331,3261.33,3261.47,ETH
2026-01-07 04:28:43+00:00,823.0,3261.331,3261.33,3261.46,ETH
2026-01-07 04:28:44+00:00,824.0,3261.331,3261.33,3261.45,ETH
2026-01-07 04:28:45+00:00,825.0,3261.331,3261.33,3261.44,ETH
2026-01-07 04:28:46+00:00,826.0,3261.301,3261.29,3261.42,ETH
2026-01-07 04:28:48+00:00,828.0,3261.311,3261.3,3261.4,ETH
2026-01-07 04:28:49+00:00,829.0,3261.311,3261.3,3261.41,ETH
2026-01-07 04:28:50+00:00,830.0,3261.311,3261.3,3261.42,ETH
2026-01-07 04:28:51+00:00,831.0,3261.311,3261.3,3261.51,ETH
2026-01-07 04:28:52+00:00,832.0,3261.311,3261.3,3261.42,ETH
2026-01-07 04:28:53+00:00,833.0,3261.311,3261.3,3261.43,ETH
2026-01-07 04:28:54+00:00,834.0,3261.311,3261.3,3261.41,ETH
2026-01-07 04:28:55+00:00,835.0,3261.311,3261.3,3261.4,ETH
2026-01-07 04:28:56+00:00,836.0,3261.311,3261.3,3261.38,ETH
2026-01-07 04:28:57+00:00,837.0,3261.311,3261.3,3261.4,ETH
2026-01-07 04:28:58+00:00,838.0,3261.151,3261.15,3261.3,ETH
2026-01-07 04:28:59+00:00,839.0,3260.871,3260.82,3261.0,ETH
2026-01-07 04:29:00+00:00,840.0,3260.761,3260.71,3261.0,ETH
2026-01-07 04:29:01+00:00,841.0,3260.801,3260.75,3261.0,ETH
2026-01-07 04:29:02+00:00,842.0,3260.901,3260.81,3261.0,ETH
2026-01-07 04:29:03+00:00,843.0,3260.801,3260.75,3261.0,ETH
2026-01-07 04:29:04+00:00,844.0,3260.791,3260.75,3261.01,ETH
2026-01-07 04:29:05+00:00,845.0,3260.801,3260.76,3261.01,ETH
2026-01-07 04:29:06+00:00,846.0,3260.951,3260.91,3261.05,ETH
2026-01-07 04:29:07+00:00,847.0,3261.081,3261.02,3261.25,ETH
2026-01-07 04:29:08+00:00,848.0,3261.001,3260.96,3261.23,ETH
2026-01-07 04:29:09+00:00,849.0,3260.981,3260.95,3261.12,ETH
2026-01-07 04:29:10+00:00,850.0,3260.931,3260.86,3261.19,ETH
2026-01-07 04:29:11+00:00,851.0,3261.001,3260.91,3261.36,ETH
2026-01-07 04:29:12+00:00,852.0,3261.051,3260.99,3261.28,ETH
2026-01-07 04:29:13+00:00,853.0,3260.961,3260.92,3261.11,ETH
2026-01-07 04:29:14+00:00,854.0,3260.941,3260.9,3261.1,ETH
2026-01-07 04:29:15+00:00,855.0,3260.861,3260.82,3261.1,ETH
2026-01-07 04:29:16+00:00,856.0,3260.881,3260.84,3261.1,ETH
2026-01-07 04:29:17+00:00,857.0,3260.901,3260.86,3261.1,ETH
2026-01-07 04:29:18+00:00,858.0,3260.911,3260.86,3261.1,ETH
2026-01-07 04:29:19+00:00,859.0,3260.891,3260.85,3261.1,ETH
2026-01-07 04:29:20+00:00,860.0,3260.901,3260.86,3261.1,ETH
2026-01-07 04:29:21+00:00,861.0,3260.911,3260.86,3261.1,ETH
2026-01-07 04:29:22+00:00,862.0,3260.921,3260.85,3261.1,ETH
2026-01-07 04:29:23+00:00,863.0,3260.971,3260.91,3261.1,ETH
2026-01-07 04:29:24+00:00,864.0,3260.961,3260.92,3261.1,ETH
2026-01-07 04:29:26+00:00,866.0,3261.091,3261.07,3261.22,ETH
2026-01-07 04:29:27+00:00,867.0,3261.011,3261.0,3261.2,ETH
2026-01-07 04:29:28+00:00,868.0,3261.011,3260.99,3261.07,ETH
2026-01-07 04:29:29+00:00,869.0,3261.061,3261.01,3261.2,ETH
2026-01-07 04:29:30+00:00,870.0,3260.961,3260.86,3261.1,ETH
2026-01-07 04:29:31+00:00,871.0,3260.711,3260.63,3260.98,ETH
2026-01-07 04:29:32+00:00,872.0,3260.541,3260.52,3260.84,ETH
2026-01-07 04:29:33+00:00,873.0,3260.431,3260.42,3260.76,ETH
2026-01-07 04:29:34+00:00,874.0,3260.341,3260.33,3260.66,ETH
2026-01-07 04:29:35+00:00,875.0,3260.341,3260.33,3260.58,ETH
2026-01-07 04:29:36+00:00,876.0,3260.541,3260.46,3260.73,ETH
2026-01-07 04:29:37+00:00,877.0,3260.761,3260.66,3260.85,ETH
2026-01-07 04:29:38+00:00,878.0,3260.811,3260.72,3260.87,ETH
2026-01-07 04:29:39+00:00,879.0,3260.841,3260.72,3260.88,ETH
2026-01-07 04:29:40+00:00,880.0,3260.831,3260.73,3260.87,ETH
2026-01-07 04:29:41+00:00,881.0,3260.831,3260.73,3260.86,ETH
2026-01-07 04:29:42+00:00,882.0,3260.831,3260.73,3260.88,ETH
2026-01-07 04:29:43+00:00,883.0,3260.831,3260.73,3260.87,ETH
2026-01-07 04:29:44+00:00,884.0,3260.831,3260.73,3260.87,ETH
2026-01-07 04:29:45+00:00,885.0,3260.831,3260.73,3260.87,ETH
2026-01-07 04:29:46+00:00,886.0,3260.951,3260.77,3261.04,ETH
2026-01-07 04:29:47+00:00,887.0,3261.131,3260.9,3261.31,ETH
2026-01-07 04:29:48+00:00,888.0,3261.301,3261.1,3261.52,ETH
2026-01-07 04:29:49+00:00,889.0,3261.511,3261.24,3261.68,ETH
2026-01-07 04:29:50+00:00,890.0,3261.581,3261.33,3261.72,ETH
2026-01-07 04:29:51+00:00,891.0,3261.601,3261.38,3261.75,ETH
2026-01-07 04:29:52+00:00,892.0,3261.691,3261.47,3261.81,ETH
2026-01-07 04:29:53+00:00,893.0,3261.691,3261.57,3261.81,ETH
2026-01-07 04:29:54+00:00,894.0,3261.691,3261.58,3261.79,ETH
2026-01-07 04:29:55+00:00,895.0,3261.691,3261.59,3261.78,ETH
2026-01-07 04:29:56+00:00,896.0,3261.401,3261.4,3261.77,ETH
2026-01-07 04:29:57+00:00,897.0,3261.411,3261.41,3261.77,ETH
2026-01-07 04:29:58+00:00,898.0,3261.411,3261.41,3261.69,ETH
2026-01-07 04:29:59+00:00,899.0,3261.461,3261.46,3261.63,ETH
