timestamp,collected_at,seconds,mid,bid,ask,asset
2026-01-06 03:00:00+00:00,2026-01-06 03:02:17.674224+00:00,0.0,137.58,137.57,137.59,SOL
2026-01-06 03:00:01+00:00,2026-01-06 03:02:19.665185+00:00,1.0,137.58,137.57,137.59,SOL
2026-01-06 03:00:02+00:00,2026-01-06 03:02:20.661518+00:00,2.0,137.58,137.57,137.59,SOL
2026-01-06 03:00:04+00:00,2026-01-06 03:02:22.467281+00:00,4.0,137.58,137.57,137.59,SOL
2026-01-06 03:00:05+00:00,2026-01-06 03:02:22.741514+00:00,5.0,137.58,137.57,137.59,SOL
2026-01-06 03:00:06+00:00,2026-01-06 03:02:23.746064+00:00,6.0,137.58,137.57,137.59,SOL
2026-01-06 03:00:07+00:00,2026-01-06 03:02:24.729130+00:00,7.0,137.58,137.57,137.59,SOL
2026-01-06 03:00:08+00:00,2026-01-06 03:02:25.747309+00:00,8.0,137.58,137.57,137.6,SOL
2026-01-06 03:00:09+00:00,2026-01-06 03:02:26.744062+00:00,9.0,137.6,137.58,137.61,SOL
2026-01-06 03:00:10+00:00,2026-01-06 03:02:27.760772+00:00,10.0,137.61,137.59,137.63,SOL
2026-01-06 03:00:11+00:00,2026-01-06 03:02:28.779010+00:00,11.0,137.61,137.6,137.63,SOL
2026-01-06 03:00:12+00:00,2026-01-06 03:02:29.762821+00:00,12.0,137.62,137.6,137.63,SOL
2026-01-06 03:00:13+00:00,2026-01-06 03:02:30.780247+00:00,13.0,137.62,137.6,137.63,SOL
2026-01-06 03:00:14+00:00,2026-01-06 03:02:31.811001+00:00,14.0,137.62,137.6,137.63,SOL
2026-01-06 03:00:15+00:00,2026-01-06 03:02:32.897646+00:00,15.0,137.62,137.6,137.63,SOL
2026-01-06 03:00:16+00:00,2026-01-06 03:02:33.887099+00:00,16.0,137.62,137.61,137.63,SOL
2026-01-06 03:00:17+00:00,2026-01-06 03:02:34.977739+00:00,17.0,137.61,137.61,137.63,SOL
2026-01-06 03:00:18+00:00,2026-01-06 03:02:35.956437+00:00,18.0,137.62,137.61,137.64,SOL
2026-01-06 03:00:19+00:00,2026-01-06 03:02:36.962763+00:00,19.0,137.62,137.62,137.65,SOL
2026-01-06 03:00:20+00:00,2026-01-06 03:02:39.007255+00:00,20.0,137.63,137.62,137.66,SOL
2026-01-06 03:00:21+00:00,2026-01-06 03:02:39.681290+00:00,21.0,137.64,137.62,137.66,SOL
2026-01-06 03:00:23+00:00,2026-01-06 03:02:40.742790+00:00,23.0,137.63,137.62,137.64,SOL
2026-01-06 03:00:24+00:00,2026-01-06 03:02:41.930431+00:00,24.0,137.61,137.6,137.62,SOL
2026-01-06 03:00:25+00:00,2026-01-06 03:02:43.678854+00:00,25.0,137.61,137.6,137.62,SOL
2026-01-06 03:00:26+00:00,2026-01-06 03:02:44.753186+00:00,26.0,137.61,137.6,137.62,SOL
2026-01-06 03:00:27+00:00,2026-01-06 03:02:45.775481+00:00,27.0,137.61,137.6,137.62,SOL
2026-01-06 03:00:29+00:00,2026-01-06 03:02:46.856643+00:00,29.0,137.61,137.6,137.63,SOL
2026-01-06 03:00:30+00:00,2026-01-06 03:02:47.923823+00:00,30.0,137.61,137.6,137.62,SOL
2026-01-06 03:00:31+00:00,2026-01-06 03:02:48.905732+00:00,31.0,137.61,137.6,137.62,SOL
2026-01-06 03:00:32+00:00,2026-01-06 03:02:49.910710+00:00,32.0,137.61,137.6,137.62,SOL
2026-01-06 03:00:33+00:00,2026-01-06 03:02:50.913475+00:00,33.0,137.61,137.6,137.62,SOL
2026-01-06 03:00:34+00:00,2026-01-06 03:02:51.927513+00:00,34.0,137.61,137.6,137.62,SOL
2026-01-06 03:00:35+00:00,2026-01-06 03:02:53.112655+00:00,35.0,137.61,137.6,137.63,SOL
2026-01-06 03:00:36+00:00,2026-01-06 03:02:54.127068+00:00,36.0,137.61,137.6,137.63,SOL
2026-01-06 03:00:37+00:00,2026-01-06 03:02:55.150009+00:00,37.0,137.61,137.6,137.63,SOL
2026-01-06 03:00:38+00:00,2026-01-06 03:02:56.159788+00:00,38.0,137.61,137.6,137.62,SOL
2026-01-06 03:00:39+00:00,2026-01-06 03:02:57.160276+00:00,39.0,137.61,137.6,137.63,SOL
2026-01-06 03:00:40+00:00,2026-01-06 03:02:58.185002+00:00,40.0,137.61,137.6,137.62,SOL
2026-01-06 03:00:41+00:00,2026-01-06 03:02:59.181941+00:00,41.0,137.6,137.59,137.61,SOL
2026-01-06 03:00:42+00:00,2026-01-06 03:03:00.938051+00:00,42.0,137.6,137.58,137.6,SOL
2026-01-06 03:00:44+00:00,2026-01-06 03:03:02.078695+00:00,44.0,137.58,137.58,137.6,SOL
2026-01-06 03:00:45+00:00,2026-01-06 03:03:02.859466+00:00,45.0,137.58,137.58,137.6,SOL
2026-01-06 03:00:47+00:00,2026-01-06 03:03:05.189206+00:00,47.0,137.56,137.56,137.57,SOL
2026-01-06 03:00:48+00:00,2026-01-06 03:03:06.226174+00:00,48.0,137.56,137.55,137.57,SOL
2026-01-06 03:00:49+00:00,2026-01-06 03:03:07.228708+00:00,49.0,137.56,137.55,137.57,SOL
2026-01-06 03:00:50+00:00,2026-01-06 03:03:08.324844+00:00,50.0,137.56,137.55,137.57,SOL
2026-01-06 03:00:51+00:00,2026-01-06 03:03:09.323388+00:00,51.0,137.56,137.55,137.57,SOL
2026-01-06 03:00:52+00:00,2026-01-06 03:03:10.311033+00:00,52.0,137.56,137.55,137.57,SOL
2026-01-06 03:00:53+00:00,2026-01-06 03:03:11.342522+00:00,53.0,137.56,137.55,137.57,SOL
2026-01-06 03:00:54+00:00,2026-01-06 03:03:12.358693+00:00,54.0,137.56,137.55,137.57,SOL
2026-01-06 03:00:55+00:00,2026-01-06 03:03:13.335882+00:00,55.0,137.56,137.55,137.58,SOL
2026-01-06 03:00:56+00:00,2026-01-06 03:03:14.435808+00:00,56.0,137.58,137.56,137.6,SOL
2026-01-06 03:00:57+00:00,2026-01-06 03:03:15.431901+00:00,57.0,137.59,137.58,137.6,SOL
2026-01-06 03:00:58+00:00,2026-01-06 03:03:16.476121+00:00,58.0,137.59,137.58,137.61,SOL
2026-01-06 03:00:59+00:00,2026-01-06 03:03:17.457530+00:00,59.0,137.59,137.58,137.61,SOL
2026-01-06 03:01:00+00:00,2026-01-06 03:03:18.489058+00:00,60.0,137.59,137.58,137.61,SOL
2026-01-06 03:01:01+00:00,2026-01-06 03:03:19.489055+00:00,61.0,137.59,137.58,137.6,SOL
2026-01-06 03:01:02+00:00,2026-01-06 03:03:20.508902+00:00,62.0,137.58,137.58,137.6,SOL
2026-01-06 03:01:03+00:00,2026-01-06 03:03:22.260510+00:00,63.0,137.58,137.57,137.6,SOL
2026-01-06 03:01:04+00:00,2026-01-06 03:03:22.525680+00:00,64.0,137.58,137.56,137.6,SOL
2026-01-06 03:01:05+00:00,2026-01-06 03:03:23.541350+00:00,65.0,137.58,137.56,137.6,SOL
2026-01-06 03:01:07+00:00,2026-01-06 03:03:25.304008+00:00,67.0,137.58,137.57,137.59,SOL
2026-01-06 03:01:08+00:00,2026-01-06 03:03:26.575096+00:00,68.0,137.58,137.57,137.6,SOL
2026-01-06 03:01:09+00:00,2026-01-06 03:03:27.583871+00:00,69.0,137.58,137.57,137.6,SOL
2026-01-06 03:01:10+00:00,2026-01-06 03:03:28.588802+00:00,70.0,137.59,137.58,137.61,SOL
2026-01-06 03:01:11+00:00,2026-01-06 03:03:29.595857+00:00,71.0,137.59,137.58,137.61,SOL
2026-01-06 03:01:12+00:00,2026-01-06 03:03:30.662340+00:00,72.0,137.59,137.58,137.61,SOL
2026-01-06 03:01:13+00:00,2026-01-06 03:03:32.375184+00:00,73.0,137.6,137.59,137.62,SOL
2026-01-06 03:01:14+00:00,2026-01-06 03:03:33.624271+00:00,74.0,137.6,137.59,137.62,SOL
2026-01-06 03:01:15+00:00,2026-01-06 03:03:34.338617+00:00,75.0,137.6,137.59,137.62,SOL
2026-01-06 03:01:16+00:00,2026-01-06 03:03:35.580619+00:00,76.0,137.6,137.59,137.62,SOL
2026-01-06 03:01:17+00:00,2026-01-06 03:03:36.578768+00:00,77.0,137.6,137.59,137.61,SOL
2026-01-06 03:01:18+00:00,2026-01-06 03:03:37.614140+00:00,78.0,137.58,137.58,137.6,SOL
2026-01-06 03:01:19+00:00,2026-01-06 03:03:38.660109+00:00,79.0,137.57,137.57,137.59,SOL
2026-01-06 03:01:20+00:00,2026-01-06 03:03:39.677787+00:00,80.0,137.57,137.56,137.58,SOL
2026-01-06 03:01:21+00:00,2026-01-06 03:03:41.295701+00:00,81.0,137.57,137.56,137.58,SOL
2026-01-06 03:01:23+00:00,2026-01-06 03:03:42.326908+00:00,83.0,137.56,137.56,137.58,SOL
2026-01-06 03:01:24+00:00,2026-01-06 03:03:43.484613+00:00,84.0,137.56,137.55,137.57,SOL
2026-01-06 03:01:25+00:00,2026-01-06 03:03:44.488177+00:00,85.0,137.56,137.55,137.58,SOL
2026-01-06 03:01:26+00:00,2026-01-06 03:03:45.397424+00:00,86.0,137.57,137.56,137.58,SOL
2026-01-06 03:01:27+00:00,2026-01-06 03:03:46.412228+00:00,87.0,137.58,137.56,137.59,SOL
2026-01-06 03:01:28+00:00,2026-01-06 03:03:47.461824+00:00,88.0,137.58,137.57,137.6,SOL
2026-01-06 03:01:29+00:00,2026-01-06 03:03:48.507270+00:00,89.0,137.58,137.57,137.6,SOL
2026-01-06 03:01:30+00:00,2026-01-06 03:03:49.565346+00:00,90.0,137.57,137.57,137.59,SOL
2026-01-06 03:01:31+00:00,2026-01-06 03:03:50.548713+00:00,91.0,137.57,137.56,137.58,SOL
2026-01-06 03:01:32+00:00,2026-01-06 03:03:51.543772+00:00,92.0,137.57,137.56,137.58,SOL
2026-01-06 03:01:34+00:00,2026-01-06 03:03:52.761232+00:00,94.0,137.57,137.56,137.58,SOL
2026-01-06 03:01:35+00:00,2026-01-06 03:03:53.759534+00:00,95.0,137.57,137.57,137.62,SOL
2026-01-06 03:01:36+00:00,2026-01-06 03:03:54.776375+00:00,96.0,137.61,137.6,137.63,SOL
2026-01-06 03:01:37+00:00,2026-01-06 03:03:56.493573+00:00,97.0,137.61,137.6,137.63,SOL
2026-01-06 03:01:38+00:00,2026-01-06 03:03:57.443470+00:00,98.0,137.61,137.59,137.62,SOL
2026-01-06 03:01:39+00:00,2026-01-06 03:03:58.453961+00:00,99.0,137.61,137.59,137.62,SOL
2026-01-06 03:01:40+00:00,2026-01-06 03:03:59.416409+00:00,100.0,137.61,137.59,137.62,SOL
2026-01-06 03:01:41+00:00,2026-01-06 03:04:00.452796+00:00,101.0,137.61,137.59,137.62,SOL
2026-01-06 03:01:42+00:00,2026-01-06 03:04:01.458326+00:00,102.0,137.61,137.59,137.62,SOL
2026-01-06 03:01:43+00:00,2026-01-06 03:04:02.473106+00:00,103.0,137.61,137.59,137.62,SOL
2026-01-06 03:01:44+00:00,2026-01-06 03:04:03.526143+00:00,104.0,137.61,137.59,137.62,SOL
2026-01-06 03:01:45+00:00,2026-01-06 03:04:04.583168+00:00,105.0,137.61,137.59,137.62,SOL
2026-01-06 03:01:46+00:00,2026-01-06 03:04:05.577903+00:00,106.0,137.61,137.59,137.62,SOL
2026-01-06 03:01:47+00:00,2026-01-06 03:04:06.581089+00:00,107.0,137.61,137.59,137.62,SOL
2026-01-06 03:01:48+00:00,2026-01-06 03:04:07.593346+00:00,108.0,137.61,137.59,137.62,SOL
2026-01-06 03:01:49+00:00,2026-01-06 03:04:08.594802+00:00,109.0,137.61,137.59,137.62,SOL
2026-01-06 03:01:50+00:00,2026-01-06 03:04:09.649073+00:00,110.0,137.6,137.59,137.62,SOL
2026-01-06 03:01:51+00:00,2026-01-06 03:04:10.652811+00:00,111.0,137.6,137.59,137.62,SOL
2026-01-06 03:01:52+00:00,2026-01-06 03:04:11.663102+00:00,112.0,137.6,137.59,137.62,SOL
2026-01-06 03:01:53+00:00,2026-01-06 03:04:12.663653+00:00,113.0,137.61,137.59,137.62,SOL
2026-01-06 03:01:54+00:00,2026-01-06 03:04:13.743525+00:00,114.0,137.61,137.59,137.62,SOL
2026-01-06 03:01:55+00:00,2026-01-06 03:04:14.769284+00:00,115.0,137.61,137.59,137.62,SOL
2026-01-06 03:01:56+00:00,2026-01-06 03:04:15.766701+00:00,116.0,137.61,137.59,137.62,SOL
2026-01-06 03:01:58+00:00,2026-01-06 03:04:16.915745+00:00,118.0,137.6,137.59,137.62,SOL
2026-01-06 03:01:59+00:00,2026-01-06 03:04:17.897535+00:00,119.0,137.6,137.59,137.61,SOL
2026-01-06 03:02:00+00:00,2026-01-06 03:04:19.654360+00:00,120.0,137.6,137.59,137.61,SOL
2026-01-06 03:02:01+00:00,2026-01-06 03:04:20.613071+00:00,121.0,137.6,137.59,137.61,SOL
2026-01-06 03:02:02+00:00,2026-01-06 03:04:21.671458+00:00,122.0,137.6,137.59,137.61,SOL
2026-01-06 03:02:03+00:00,2026-01-06 03:04:22.676458+00:00,123.0,137.61,137.6,137.64,SOL
2026-01-06 03:02:04+00:00,2026-01-06 03:04:23.855490+00:00,124.0,137.65,137.64,137.67,SOL
2026-01-06 03:02:05+00:00,2026-01-06 03:04:25.708097+00:00,125.0,137.67,137.66,137.69,SOL
2026-01-06 03:02:06+00:00,2026-01-06 03:04:25.792803+00:00,126.0,137.67,137.66,137.69,SOL
2026-01-06 03:02:08+00:00,2026-01-06 03:04:27.828279+00:00,128.0,137.67,137.67,137.69,SOL
2026-01-06 03:02:09+00:00,2026-01-06 03:04:28.972746+00:00,129.0,137.68,137.67,137.7,SOL
2026-01-06 03:02:10+00:00,2026-01-06 03:04:30.176524+00:00,130.0,137.69,137.68,137.71,SOL
2026-01-06 03:02:11+00:00,2026-01-06 03:04:30.993073+00:00,131.0,137.69,137.68,137.71,SOL
2026-01-06 03:02:12+00:00,2026-01-06 03:04:32.010699+00:00,132.0,137.7,137.68,137.71,SOL
2026-01-06 03:02:13+00:00,2026-01-06 03:04:33.118450+00:00,133.0,137.7,137.68,137.71,SOL
2026-01-06 03:02:14+00:00,2026-01-06 03:04:34.104605+00:00,134.0,137.7,137.68,137.71,SOL
2026-01-06 03:02:16+00:00,2026-01-06 03:04:35.323145+00:00,136.0,137.71,137.69,137.71,SOL
2026-01-06 03:02:17+00:00,2026-01-06 03:04:37.157618+00:00,137.0,137.72,137.7,137.73,SOL
2026-01-06 03:02:18+00:00,2026-01-06 03:04:38.123723+00:00,138.0,137.72,137.7,137.73,SOL
2026-01-06 03:02:19+00:00,2026-01-06 03:04:39.159643+00:00,139.0,137.72,137.7,137.73,SOL
2026-01-06 03:02:21+00:00,2026-01-06 03:04:41.240104+00:00,141.0,137.72,137.71,137.73,SOL
2026-01-06 03:02:22+00:00,2026-01-06 03:04:41.288078+00:00,142.0,137.72,137.7,137.73,SOL
2026-01-06 03:02:23+00:00,2026-01-06 03:04:42.354815+00:00,143.0,137.72,137.7,137.73,SOL
2026-01-06 03:02:24+00:00,2026-01-06 03:04:43.422481+00:00,144.0,137.72,137.71,137.72,SOL
2026-01-06 03:02:25+00:00,2026-01-06 03:04:45.207370+00:00,145.0,137.71,137.69,137.72,SOL
2026-01-06 03:02:26+00:00,2026-01-06 03:04:46.154267+00:00,146.0,137.71,137.69,137.72,SOL
2026-01-06 03:02:27+00:00,2026-01-06 03:04:47.358360+00:00,147.0,137.71,137.69,137.72,SOL
2026-01-06 03:02:29+00:00,2026-01-06 03:04:49.226384+00:00,149.0,137.7,137.68,137.71,SOL
2026-01-06 03:02:30+00:00,2026-01-06 03:04:50.257232+00:00,150.0,137.69,137.68,137.7,SOL
2026-01-06 03:02:31+00:00,2026-01-06 03:04:51.292889+00:00,151.0,137.69,137.67,137.7,SOL
2026-01-06 03:02:33+00:00,2026-01-06 03:04:52.475625+00:00,153.0,137.68,137.67,137.69,SOL
2026-01-06 03:02:34+00:00,2026-01-06 03:04:53.443219+00:00,154.0,137.67,137.66,137.68,SOL
2026-01-06 03:02:36+00:00,2026-01-06 03:04:55.589879+00:00,156.0,137.65,137.64,137.66,SOL
2026-01-06 03:02:37+00:00,2026-01-06 03:04:56.458491+00:00,157.0,137.64,137.63,137.65,SOL
2026-01-06 03:02:38+00:00,2026-01-06 03:04:58.512365+00:00,158.0,137.64,137.63,137.66,SOL
2026-01-06 03:02:39+00:00,2026-01-06 03:04:58.558115+00:00,159.0,137.63,137.63,137.64,SOL
2026-01-06 03:02:40+00:00,2026-01-06 03:04:59.658440+00:00,160.0,137.63,137.63,137.64,SOL
2026-01-06 03:02:41+00:00,2026-01-06 03:05:00.725137+00:00,161.0,137.64,137.63,137.66,SOL
2026-01-06 03:02:42+00:00,2026-01-06 03:05:01.688099+00:00,162.0,137.65,137.63,137.66,SOL
2026-01-06 03:02:43+00:00,2026-01-06 03:05:02.742036+00:00,163.0,137.65,137.63,137.66,SOL
2026-01-06 03:02:44+00:00,2026-01-06 03:05:03.770434+00:00,164.0,137.65,137.63,137.66,SOL
2026-01-06 03:02:45+00:00,2026-01-06 03:05:04.741517+00:00,165.0,137.65,137.63,137.66,SOL
2026-01-06 03:02:46+00:00,2026-01-06 03:05:05.789315+00:00,166.0,137.65,137.63,137.66,SOL
2026-01-06 03:02:47+00:00,2026-01-06 03:05:06.798424+00:00,167.0,137.65,137.64,137.66,SOL
2026-01-06 03:02:48+00:00,2026-01-06 03:05:07.781459+00:00,168.0,137.65,137.64,137.66,SOL
2026-01-06 03:02:49+00:00,2026-01-06 03:05:08.790382+00:00,169.0,137.65,137.64,137.66,SOL
2026-01-06 03:02:50+00:00,2026-01-06 03:05:09.796196+00:00,170.0,137.65,137.64,137.66,SOL
2026-01-06 03:02:51+00:00,2026-01-06 03:05:11.756934+00:00,171.0,137.65,137.64,137.66,SOL
2026-01-06 03:02:52+00:00,2026-01-06 03:05:12.650505+00:00,172.0,137.67,137.65,137.69,SOL
2026-01-06 03:02:54+00:00,2026-01-06 03:05:13.889707+00:00,174.0,137.68,137.67,137.69,SOL
2026-01-06 03:02:55+00:00,2026-01-06 03:05:14.989517+00:00,175.0,137.68,137.67,137.69,SOL
2026-01-06 03:02:56+00:00,2026-01-06 03:05:15.887855+00:00,176.0,137.68,137.67,137.69,SOL
2026-01-06 03:02:57+00:00,2026-01-06 03:05:16.750904+00:00,177.0,137.68,137.67,137.69,SOL
2026-01-06 03:02:58+00:00,2026-01-06 03:05:17.641092+00:00,178.0,137.68,137.67,137.69,SOL
2026-01-06 03:02:59+00:00,2026-01-06 03:05:18.744635+00:00,179.0,137.68,137.67,137.69,SOL
2026-01-06 03:03:00+00:00,2026-01-06 03:05:19.672808+00:00,180.0,137.68,137.67,137.69,SOL
2026-01-06 03:03:01+00:00,2026-01-06 03:05:20.764449+00:00,181.0,137.69,137.68,137.73,SOL
2026-01-06 03:03:02+00:00,2026-01-06 03:05:21.819510+00:00,182.0,137.72,137.71,137.74,SOL
2026-01-06 03:03:03+00:00,2026-01-06 03:05:22.761262+00:00,183.0,137.74,137.73,137.75,SOL
2026-01-06 03:03:04+00:00,2026-01-06 03:05:23.933923+00:00,184.0,137.74,137.73,137.75,SOL
2026-01-06 03:03:05+00:00,2026-01-06 03:05:24.779411+00:00,185.0,137.74,137.73,137.75,SOL
2026-01-06 03:03:06+00:00,2026-01-06 03:05:25.820738+00:00,186.0,137.74,137.73,137.75,SOL
2026-01-06 03:03:07+00:00,2026-01-06 03:05:26.937222+00:00,187.0,137.72,137.71,137.73,SOL
2026-01-06 03:03:08+00:00,2026-01-06 03:05:27.892850+00:00,188.0,137.72,137.7,137.73,SOL
2026-01-06 03:03:09+00:00,2026-01-06 03:05:28.890376+00:00,189.0,137.72,137.71,137.74,SOL
2026-01-06 03:03:10+00:00,2026-01-06 03:05:29.926980+00:00,190.0,137.73,137.71,137.74,SOL
2026-01-06 03:03:11+00:00,2026-01-06 03:05:30.944231+00:00,191.0,137.73,137.71,137.74,SOL
2026-01-06 03:03:12+00:00,2026-01-06 03:05:31.943569+00:00,192.0,137.73,137.71,137.74,SOL
2026-01-06 03:03:13+00:00,2026-01-06 03:05:32.946579+00:00,193.0,137.73,137.72,137.74,SOL
2026-01-06 03:03:14+00:00,2026-01-06 03:05:33.969361+00:00,194.0,137.73,137.72,137.74,SOL
2026-01-06 03:03:15+00:00,2026-01-06 03:05:35.975641+00:00,195.0,137.73,137.72,137.74,SOL
2026-01-06 03:03:16+00:00,2026-01-06 03:05:37.018918+00:00,196.0,137.73,137.72,137.74,SOL
2026-01-06 03:03:17+00:00,2026-01-06 03:05:38.017746+00:00,197.0,137.73,137.72,137.75,SOL
2026-01-06 03:03:18+00:00,2026-01-06 03:05:39.037024+00:00,198.0,137.73,137.72,137.75,SOL
2026-01-06 03:03:19+00:00,2026-01-06 03:05:40.027103+00:00,199.0,137.74,137.72,137.75,SOL
2026-01-06 03:03:20+00:00,2026-01-06 03:05:41.053305+00:00,200.0,137.74,137.72,137.75,SOL
2026-01-06 03:03:21+00:00,2026-01-06 03:05:42.093166+00:00,201.0,137.74,137.72,137.75,SOL
2026-01-06 03:03:22+00:00,2026-01-06 03:05:43.089083+00:00,202.0,137.73,137.72,137.74,SOL
2026-01-06 03:03:24+00:00,2026-01-06 03:05:44.257782+00:00,204.0,137.72,137.71,137.74,SOL
2026-01-06 03:03:25+00:00,2026-01-06 03:05:45.235121+00:00,205.0,137.72,137.71,137.74,SOL
2026-01-06 03:03:26+00:00,2026-01-06 03:05:46.201496+00:00,206.0,137.72,137.71,137.73,SOL
2026-01-06 03:03:27+00:00,2026-01-06 03:05:47.242858+00:00,207.0,137.71,137.7,137.71,SOL
2026-01-06 03:03:28+00:00,2026-01-06 03:05:48.218708+00:00,208.0,137.7,137.69,137.71,SOL
2026-01-06 03:03:29+00:00,2026-01-06 03:05:49.223610+00:00,209.0,137.69,137.68,137.71,SOL
2026-01-06 03:03:30+00:00,2026-01-06 03:05:50.223077+00:00,210.0,137.69,137.68,137.71,SOL
2026-01-06 03:03:31+00:00,2026-01-06 03:05:51.424345+00:00,211.0,137.68,137.68,137.7,SOL
2026-01-06 03:03:32+00:00,2026-01-06 03:05:52.438474+00:00,212.0,137.68,137.68,137.7,SOL
2026-01-06 03:03:33+00:00,2026-01-06 03:05:53.446750+00:00,213.0,137.69,137.67,137.7,SOL
2026-01-06 03:03:34+00:00,2026-01-06 03:05:54.472399+00:00,214.0,137.69,137.67,137.7,SOL
2026-01-06 03:03:35+00:00,2026-01-06 03:05:55.487605+00:00,215.0,137.67,137.66,137.69,SOL
2026-01-06 03:03:36+00:00,2026-01-06 03:05:56.484321+00:00,216.0,137.67,137.66,137.69,SOL
2026-01-06 03:03:37+00:00,2026-01-06 03:05:57.534020+00:00,217.0,137.67,137.66,137.68,SOL
2026-01-06 03:03:38+00:00,2026-01-06 03:05:58.543667+00:00,218.0,137.67,137.66,137.69,SOL
2026-01-06 03:03:39+00:00,2026-01-06 03:05:59.557224+00:00,219.0,137.68,137.67,137.69,SOL
2026-01-06 03:03:40+00:00,2026-01-06 03:06:00.674099+00:00,220.0,137.68,137.67,137.7,SOL
2026-01-06 03:03:41+00:00,2026-01-06 03:06:01.668884+00:00,221.0,137.68,137.67,137.7,SOL
2026-01-06 03:03:42+00:00,2026-01-06 03:06:02.687024+00:00,222.0,137.68,137.68,137.7,SOL
2026-01-06 03:03:43+00:00,2026-01-06 03:06:03.678244+00:00,223.0,137.7,137.68,137.75,SOL
2026-01-06 03:03:44+00:00,2026-01-06 03:06:04.685748+00:00,224.0,137.73,137.72,137.75,SOL
2026-01-06 03:03:45+00:00,2026-01-06 03:06:05.739948+00:00,225.0,137.73,137.72,137.75,SOL
2026-01-06 03:03:46+00:00,2026-01-06 03:06:06.771663+00:00,226.0,137.73,137.72,137.75,SOL
2026-01-06 03:03:47+00:00,2026-01-06 03:06:07.740277+00:00,227.0,137.73,137.72,137.75,SOL
2026-01-06 03:03:48+00:00,2026-01-06 03:06:08.768080+00:00,228.0,137.73,137.72,137.75,SOL
2026-01-06 03:03:49+00:00,2026-01-06 03:06:09.764557+00:00,229.0,137.73,137.72,137.75,SOL
2026-01-06 03:03:50+00:00,2026-01-06 03:06:10.932754+00:00,230.0,137.73,137.72,137.76,SOL
2026-01-06 03:03:52+00:00,2026-01-06 03:06:12.621183+00:00,232.0,137.74,137.73,137.76,SOL
2026-01-06 03:03:53+00:00,2026-01-06 03:06:13.946896+00:00,233.0,137.74,137.73,137.76,SOL
2026-01-06 03:03:54+00:00,2026-01-06 03:06:14.606304+00:00,234.0,137.74,137.73,137.76,SOL
2026-01-06 03:03:55+00:00,2026-01-06 03:06:15.638764+00:00,235.0,137.74,137.73,137.76,SOL
2026-01-06 03:03:56+00:00,2026-01-06 03:06:16.654125+00:00,236.0,137.74,137.73,137.76,SOL
2026-01-06 03:03:57+00:00,2026-01-06 03:06:17.658960+00:00,237.0,137.74,137.73,137.76,SOL
2026-01-06 03:03:58+00:00,2026-01-06 03:06:18.802757+00:00,238.0,137.74,137.73,137.76,SOL
2026-01-06 03:03:59+00:00,2026-01-06 03:06:19.767709+00:00,239.0,137.74,137.73,137.76,SOL
2026-01-06 03:04:00+00:00,2026-01-06 03:06:20.720688+00:00,240.0,137.74,137.73,137.77,SOL
2026-01-06 03:04:02+00:00,2026-01-06 03:06:22.733777+00:00,242.0,137.73,137.72,137.75,SOL
2026-01-06 03:04:03+00:00,2026-01-06 03:06:23.786299+00:00,243.0,137.73,137.72,137.74,SOL
2026-01-06 03:04:04+00:00,2026-01-06 03:06:24.933227+00:00,244.0,137.74,137.72,137.75,SOL
2026-01-06 03:04:05+00:00,2026-01-06 03:06:25.916438+00:00,245.0,137.73,137.72,137.74,SOL
2026-01-06 03:04:06+00:00,2026-01-06 03:06:26.868179+00:00,246.0,137.74,137.72,137.75,SOL
2026-01-06 03:04:07+00:00,2026-01-06 03:06:27.863472+00:00,247.0,137.74,137.72,137.75,SOL
2026-01-06 03:04:08+00:00,2026-01-06 03:06:28.918695+00:00,248.0,137.74,137.72,137.75,SOL
2026-01-06 03:04:09+00:00,2026-01-06 03:06:29.908012+00:00,249.0,137.74,137.72,137.75,SOL
2026-01-06 03:04:10+00:00,2026-01-06 03:06:30.953823+00:00,250.0,137.74,137.72,137.75,SOL
2026-01-06 03:04:11+00:00,2026-01-06 03:06:31.902165+00:00,251.0,137.71,137.71,137.72,SOL
2026-01-06 03:04:12+00:00,2026-01-06 03:06:32.899698+00:00,252.0,137.72,137.71,137.74,SOL
2026-01-06 03:04:13+00:00,2026-01-06 03:06:34.049953+00:00,253.0,137.73,137.72,137.76,SOL
2026-01-06 03:04:14+00:00,2026-01-06 03:06:35.037672+00:00,254.0,137.74,137.73,137.76,SOL
2026-01-06 03:04:15+00:00,2026-01-06 03:06:36.054047+00:00,255.0,137.74,137.73,137.77,SOL
2026-01-06 03:10:58+00:00,2026-01-06 03:12:03.740981+00:00,658.0,137.89,137.88,137.9,SOL
2026-01-06 03:10:49+00:00,2026-01-06 03:12:04.622067+00:00,649.0,137.89,137.88,137.9,SOL
2026-01-06 03:10:50+00:00,2026-01-06 03:12:05.646970+00:00,650.0,137.89,137.88,137.9,SOL
2026-01-06 03:10:51+00:00,2026-01-06 03:12:06.682687+00:00,651.0,137.89,137.88,137.9,SOL
2026-01-06 03:10:52+00:00,2026-01-06 03:12:07.707958+00:00,652.0,137.89,137.88,137.91,SOL
2026-01-06 03:10:53+00:00,2026-01-06 03:12:08.695573+00:00,653.0,137.89,137.88,137.9,SOL
2026-01-06 03:10:54+00:00,2026-01-06 03:12:09.719161+00:00,654.0,137.88,137.87,137.89,SOL
2026-01-06 03:10:55+00:00,2026-01-06 03:12:10.728427+00:00,655.0,137.88,137.86,137.89,SOL
2026-01-06 03:10:56+00:00,2026-01-06 03:12:11.754291+00:00,656.0,137.87,137.86,137.89,SOL
2026-01-06 03:10:59+00:00,2026-01-06 03:12:15.222481+00:00,659.0,137.87,137.86,137.88,SOL
2026-01-06 03:11:00+00:00,2026-01-06 03:12:17.891640+00:00,660.0,137.87,137.86,137.88,SOL
2026-01-06 03:11:01+00:00,2026-01-06 03:12:18.941851+00:00,661.0,137.85,137.84,137.87,SOL
2026-01-06 03:11:02+00:00,2026-01-06 03:12:23.877082+00:00,662.0,137.84,137.83,137.85,SOL
2026-01-06 03:11:03+00:00,2026-01-06 03:12:26.345752+00:00,663.0,137.84,137.82,137.84,SOL
2026-01-06 03:11:04+00:00,2026-01-06 03:12:26.380518+00:00,664.0,137.83,137.83,137.84,SOL
2026-01-06 03:11:05+00:00,2026-01-06 03:12:35.939636+00:00,665.0,137.84,137.82,137.84,SOL
2026-01-06 03:11:06+00:00,2026-01-06 03:12:39.078848+00:00,666.0,137.8,137.79,137.81,SOL
2026-01-06 03:11:07+00:00,2026-01-06 03:12:39.100653+00:00,667.0,137.8,137.79,137.81,SOL
2026-01-06 03:11:08+00:00,2026-01-06 03:12:40.718459+00:00,668.0,137.8,137.79,137.81,SOL
2026-01-06 03:11:09+00:00,2026-01-06 03:12:41.716037+00:00,669.0,137.79,137.78,137.8,SOL
2026-01-06 03:11:10+00:00,2026-01-06 03:12:43.292938+00:00,670.0,137.78,137.78,137.79,SOL
2026-01-06 03:11:11+00:00,2026-01-06 03:12:46.415531+00:00,671.0,137.79,137.77,137.8,SOL
2026-01-06 03:11:12+00:00,2026-01-06 03:12:46.479252+00:00,672.0,137.79,137.78,137.8,SOL
2026-01-06 03:11:13+00:00,2026-01-06 03:12:47.496289+00:00,673.0,137.79,137.77,137.8,SOL
2026-01-06 03:11:14+00:00,2026-01-06 03:12:48.587857+00:00,674.0,137.78,137.77,137.79,SOL
2026-01-06 03:11:15+00:00,2026-01-06 03:12:51.997049+00:00,675.0,137.79,137.77,137.8,SOL
2026-01-06 03:11:16+00:00,2026-01-06 03:12:53.058639+00:00,676.0,137.79,137.77,137.81,SOL
2026-01-06 03:11:17+00:00,2026-01-06 03:12:55.702006+00:00,677.0,137.79,137.78,137.8,SOL
2026-01-06 03:11:18+00:00,2026-01-06 03:12:56.767964+00:00,678.0,137.78,137.77,137.8,SOL
2026-01-06 03:11:19+00:00,2026-01-06 03:12:58.019258+00:00,679.0,137.78,137.77,137.8,SOL
2026-01-06 03:11:20+00:00,2026-01-06 03:12:59.449974+00:00,680.0,137.78,137.77,137.8,SOL
2026-01-06 03:11:21+00:00,2026-01-06 03:12:59.467302+00:00,681.0,137.78,137.77,137.8,SOL
2026-01-06 03:11:22+00:00,2026-01-06 03:13:00.832743+00:00,682.0,137.78,137.77,137.79,SOL
2026-01-06 03:11:23+00:00,2026-01-06 03:13:01.855445+00:00,683.0,137.78,137.77,137.79,SOL
2026-01-06 03:11:24+00:00,2026-01-06 03:13:02.955608+00:00,684.0,137.78,137.77,137.79,SOL
2026-01-06 03:11:25+00:00,2026-01-06 03:13:41.515049+00:00,685.0,137.86,137.85,137.88,SOL
2026-01-06 03:11:26+00:00,2026-01-06 03:13:42.748461+00:00,686.0,137.86,137.85,137.88,SOL
2026-01-06 03:11:28+00:00,2026-01-06 03:13:44.545875+00:00,688.0,137.85,137.85,137.87,SOL
2026-01-06 03:11:29+00:00,2026-01-06 03:13:45.756797+00:00,689.0,137.85,137.84,137.86,SOL
2026-01-06 03:11:31+00:00,2026-01-06 03:13:47.529951+00:00,691.0,137.85,137.84,137.86,SOL
2026-01-06 03:11:32+00:00,2026-01-06 03:13:48.681125+00:00,692.0,137.85,137.83,137.86,SOL
2026-01-06 03:11:33+00:00,2026-01-06 03:13:49.053400+00:00,693.0,137.85,137.83,137.86,SOL
2026-01-06 03:11:34+00:00,2026-01-06 03:13:50.140912+00:00,694.0,137.84,137.82,137.85,SOL
2026-01-06 03:11:35+00:00,2026-01-06 03:13:51.076006+00:00,695.0,137.84,137.82,137.85,SOL
2026-01-06 03:11:36+00:00,2026-01-06 03:13:52.105767+00:00,696.0,137.83,137.82,137.84,SOL
2026-01-06 03:11:37+00:00,2026-01-06 03:13:53.107544+00:00,697.0,137.83,137.82,137.84,SOL
2026-01-06 03:11:38+00:00,2026-01-06 03:13:54.123158+00:00,698.0,137.83,137.82,137.84,SOL
2026-01-06 03:11:39+00:00,2026-01-06 03:13:55.140522+00:00,699.0,137.84,137.82,137.85,SOL
2026-01-06 03:11:40+00:00,2026-01-06 03:13:56.167929+00:00,700.0,137.84,137.82,137.85,SOL
2026-01-06 03:11:41+00:00,2026-01-06 03:13:57.175284+00:00,701.0,137.84,137.82,137.85,SOL
2026-01-06 03:11:42+00:00,2026-01-06 03:13:58.190875+00:00,702.0,137.82,137.81,137.83,SOL
2026-01-06 03:11:43+00:00,2026-01-06 03:13:59.203386+00:00,703.0,137.8,137.79,137.81,SOL
2026-01-06 03:11:44+00:00,2026-01-06 03:14:00.417799+00:00,704.0,137.8,137.79,137.81,SOL
2026-01-06 03:11:45+00:00,2026-01-06 03:14:01.395250+00:00,705.0,137.8,137.79,137.81,SOL
2026-01-06 03:11:46+00:00,2026-01-06 03:14:02.401663+00:00,706.0,137.81,137.79,137.82,SOL
2026-01-06 03:11:47+00:00,2026-01-06 03:14:03.416331+00:00,707.0,137.81,137.79,137.82,SOL
2026-01-06 03:11:48+00:00,2026-01-06 03:14:05.219070+00:00,708.0,137.81,137.8,137.82,SOL
2026-01-06 03:11:50+00:00,2026-01-06 03:14:06.304516+00:00,710.0,137.81,137.79,137.82,SOL
2026-01-06 03:11:51+00:00,2026-01-06 03:14:07.358280+00:00,711.0,137.8,137.79,137.82,SOL
2026-01-06 03:11:52+00:00,2026-01-06 03:14:08.644943+00:00,712.0,137.8,137.79,137.82,SOL
2026-01-06 03:11:53+00:00,2026-01-06 03:14:09.621127+00:00,713.0,137.8,137.79,137.82,SOL
2026-01-06 03:11:54+00:00,2026-01-06 03:14:10.685341+00:00,714.0,137.8,137.79,137.81,SOL
2026-01-06 03:11:55+00:00,2026-01-06 03:14:11.793880+00:00,715.0,137.8,137.79,137.81,SOL
2026-01-06 03:11:56+00:00,2026-01-06 03:14:12.630842+00:00,716.0,137.8,137.79,137.81,SOL
2026-01-06 03:11:57+00:00,2026-01-06 03:14:13.906619+00:00,717.0,137.81,137.8,137.83,SOL
2026-01-06 03:11:58+00:00,2026-01-06 03:14:15.533111+00:00,718.0,137.82,137.81,137.83,SOL
2026-01-06 03:11:59+00:00,2026-01-06 03:14:15.588545+00:00,719.0,137.81,137.81,137.83,SOL
2026-01-06 03:12:00+00:00,2026-01-06 03:14:16.616007+00:00,720.0,137.82,137.81,137.83,SOL
2026-01-06 03:12:01+00:00,2026-01-06 03:14:17.614686+00:00,721.0,137.82,137.81,137.83,SOL
2026-01-06 03:12:02+00:00,2026-01-06 03:14:19.100302+00:00,722.0,137.82,137.81,137.83,SOL
2026-01-06 03:12:03+00:00,2026-01-06 03:14:20.374857+00:00,723.0,137.82,137.81,137.83,SOL
2026-01-06 03:12:04+00:00,2026-01-06 03:14:21.613774+00:00,724.0,137.81,137.81,137.82,SOL
2026-01-06 03:12:05+00:00,2026-01-06 03:14:22.301926+00:00,725.0,137.81,137.8,137.83,SOL
2026-01-06 03:12:06+00:00,2026-01-06 03:14:23.690776+00:00,726.0,137.82,137.8,137.83,SOL
2026-01-06 03:12:07+00:00,2026-01-06 03:14:24.694606+00:00,727.0,137.82,137.8,137.83,SOL
2026-01-06 03:12:08+00:00,2026-01-06 03:14:25.632993+00:00,728.0,137.82,137.8,137.83,SOL
2026-01-06 03:12:10+00:00,2026-01-06 03:14:26.670274+00:00,730.0,137.82,137.81,137.83,SOL
2026-01-06 03:12:11+00:00,2026-01-06 03:14:27.687891+00:00,731.0,137.82,137.81,137.83,SOL
2026-01-06 03:12:12+00:00,2026-01-06 03:14:29.139066+00:00,732.0,137.82,137.81,137.83,SOL
2026-01-06 03:12:13+00:00,2026-01-06 03:14:30.237888+00:00,733.0,137.82,137.81,137.83,SOL
2026-01-06 03:12:14+00:00,2026-01-06 03:14:31.211001+00:00,734.0,137.82,137.81,137.83,SOL
2026-01-06 03:12:15+00:00,2026-01-06 03:14:32.314888+00:00,735.0,137.82,137.81,137.83,SOL
2026-01-06 03:12:16+00:00,2026-01-06 03:14:33.193584+00:00,736.0,137.82,137.81,137.83,SOL
2026-01-06 03:12:17+00:00,2026-01-06 03:14:34.187521+00:00,737.0,137.82,137.81,137.83,SOL
2026-01-06 03:12:18+00:00,2026-01-06 03:14:35.276404+00:00,738.0,137.82,137.81,137.83,SOL
2026-01-06 03:12:19+00:00,2026-01-06 03:14:36.262156+00:00,739.0,137.82,137.81,137.83,SOL
2026-01-06 03:12:20+00:00,2026-01-06 03:14:37.278219+00:00,740.0,137.82,137.81,137.83,SOL
2026-01-06 03:12:22+00:00,2026-01-06 03:14:38.387004+00:00,742.0,137.82,137.8,137.83,SOL
2026-01-06 03:12:23+00:00,2026-01-06 03:14:39.393187+00:00,743.0,137.82,137.81,137.83,SOL
2026-01-06 03:12:24+00:00,2026-01-06 03:14:40.420523+00:00,744.0,137.82,137.81,137.83,SOL
2026-01-06 03:12:25+00:00,2026-01-06 03:14:41.435350+00:00,745.0,137.81,137.8,137.83,SOL
2026-01-06 03:12:26+00:00,2026-01-06 03:14:42.828368+00:00,746.0,137.82,137.81,137.83,SOL
2026-01-06 03:12:27+00:00,2026-01-06 03:14:43.561398+00:00,747.0,137.82,137.81,137.83,SOL
2026-01-06 03:12:28+00:00,2026-01-06 03:14:44.628730+00:00,748.0,137.82,137.81,137.84,SOL
2026-01-06 03:12:29+00:00,2026-01-06 03:14:46.714124+00:00,749.0,137.84,137.83,137.86,SOL
2026-01-06 03:12:30+00:00,2026-01-06 03:14:47.756424+00:00,750.0,137.84,137.83,137.86,SOL
2026-01-06 03:12:32+00:00,2026-01-06 03:14:48.900085+00:00,752.0,137.84,137.83,137.86,SOL
2026-01-06 03:12:33+00:00,2026-01-06 03:14:50.409922+00:00,753.0,137.87,137.86,137.9,SOL
2026-01-06 03:12:34+00:00,2026-01-06 03:14:51.381718+00:00,754.0,137.89,137.87,137.9,SOL
2026-01-06 03:12:35+00:00,2026-01-06 03:14:52.430827+00:00,755.0,137.89,137.87,137.9,SOL
2026-01-06 03:12:36+00:00,2026-01-06 03:14:53.431931+00:00,756.0,137.9,137.87,137.91,SOL
2026-01-06 03:12:37+00:00,2026-01-06 03:14:54.428445+00:00,757.0,137.9,137.87,137.91,SOL
2026-01-06 03:12:38+00:00,2026-01-06 03:14:55.914756+00:00,758.0,137.9,137.88,137.91,SOL
2026-01-06 03:12:39+00:00,2026-01-06 03:14:56.446454+00:00,759.0,137.9,137.88,137.91,SOL
2026-01-06 03:12:40+00:00,2026-01-06 03:14:58.042402+00:00,760.0,137.9,137.88,137.91,SOL
2026-01-06 03:12:42+00:00,2026-01-06 03:14:59.071167+00:00,762.0,137.9,137.88,137.91,SOL
2026-01-06 03:12:43+00:00,2026-01-06 03:15:00.062343+00:00,763.0,137.9,137.88,137.91,SOL
2026-01-06 03:12:44+00:00,2026-01-06 03:15:01.120469+00:00,764.0,137.9,137.88,137.91,SOL
2026-01-06 03:12:45+00:00,2026-01-06 03:15:02.161464+00:00,765.0,137.9,137.88,137.91,SOL
2026-01-06 03:12:46+00:00,2026-01-06 03:15:03.241143+00:00,766.0,137.9,137.88,137.91,SOL
2026-01-06 03:12:47+00:00,2026-01-06 03:15:04.268274+00:00,767.0,137.9,137.88,137.91,SOL
2026-01-06 03:12:48+00:00,2026-01-06 03:15:05.386827+00:00,768.0,137.9,137.88,137.91,SOL
2026-01-06 03:12:49+00:00,2026-01-06 03:15:06.424657+00:00,769.0,137.9,137.88,137.91,SOL
2026-01-06 03:12:50+00:00,2026-01-06 03:15:07.751751+00:00,770.0,137.9,137.88,137.91,SOL
2026-01-06 03:12:51+00:00,2026-01-06 03:15:08.773863+00:00,771.0,137.9,137.88,137.91,SOL
2026-01-06 03:12:52+00:00,2026-01-06 03:15:09.779638+00:00,772.0,137.9,137.88,137.92,SOL
2026-01-06 03:12:53+00:00,2026-01-06 03:15:10.856338+00:00,773.0,137.91,137.9,137.93,SOL
2026-01-06 03:12:54+00:00,2026-01-06 03:15:12.188148+00:00,774.0,137.93,137.91,137.94,SOL
2026-01-06 03:12:56+00:00,2026-01-06 03:15:13.748029+00:00,776.0,137.92,137.91,137.94,SOL
2026-01-06 03:12:57+00:00,2026-01-06 03:15:14.278464+00:00,777.0,137.92,137.91,137.94,SOL
2026-01-06 03:12:58+00:00,2026-01-06 03:15:15.249210+00:00,778.0,137.93,137.91,137.94,SOL
2026-01-06 03:12:59+00:00,2026-01-06 03:15:16.272927+00:00,779.0,137.93,137.91,137.94,SOL
2026-01-06 03:13:00+00:00,2026-01-06 03:15:17.272965+00:00,780.0,137.93,137.91,137.94,SOL
2026-01-06 03:13:01+00:00,2026-01-06 03:15:18.297803+00:00,781.0,137.93,137.91,137.94,SOL
2026-01-06 03:13:02+00:00,2026-01-06 03:15:19.934675+00:00,782.0,137.93,137.91,137.94,SOL
2026-01-06 03:13:03+00:00,2026-01-06 03:15:20.317204+00:00,783.0,137.94,137.91,137.96,SOL
2026-01-06 03:13:04+00:00,2026-01-06 03:15:21.316759+00:00,784.0,137.96,137.94,137.97,SOL
2026-01-06 03:13:05+00:00,2026-01-06 03:15:22.325892+00:00,785.0,137.97,137.95,137.98,SOL
2026-01-06 03:13:06+00:00,2026-01-06 03:15:23.385830+00:00,786.0,137.97,137.96,138.0,SOL
2026-01-06 03:13:07+00:00,2026-01-06 03:15:24.345275+00:00,787.0,137.99,137.97,138.0,SOL
2026-01-06 03:13:08+00:00,2026-01-06 03:15:25.377958+00:00,788.0,137.99,137.97,138.0,SOL
2026-01-06 03:13:09+00:00,2026-01-06 03:15:26.386477+00:00,789.0,137.99,137.97,138.0,SOL
2026-01-06 03:13:10+00:00,2026-01-06 03:15:27.797503+00:00,790.0,137.99,137.97,138.0,SOL
2026-01-06 03:13:11+00:00,2026-01-06 03:15:28.558266+00:00,791.0,137.99,137.97,138.0,SOL
2026-01-06 03:13:12+00:00,2026-01-06 03:15:29.544381+00:00,792.0,137.99,137.97,138.0,SOL
2026-01-06 03:13:13+00:00,2026-01-06 03:15:30.562706+00:00,793.0,137.99,137.97,138.0,SOL
2026-01-06 03:13:14+00:00,2026-01-06 03:15:31.808780+00:00,794.0,137.99,137.97,138.0,SOL
2026-01-06 03:13:15+00:00,2026-01-06 03:15:32.810633+00:00,795.0,137.99,137.97,138.0,SOL
2026-01-06 03:13:16+00:00,2026-01-06 03:15:33.830328+00:00,796.0,137.99,137.97,138.0,SOL
2026-01-06 03:13:17+00:00,2026-01-06 03:15:34.860830+00:00,797.0,137.99,137.97,138.0,SOL
2026-01-06 03:13:18+00:00,2026-01-06 03:15:35.848594+00:00,798.0,137.99,137.97,138.0,SOL
2026-01-06 03:13:19+00:00,2026-01-06 03:15:36.872964+00:00,799.0,137.99,137.97,138.0,SOL
2026-01-06 03:13:20+00:00,2026-01-06 03:15:37.862438+00:00,800.0,137.99,137.97,138.0,SOL
2026-01-06 03:13:21+00:00,2026-01-06 03:15:38.992542+00:00,801.0,137.99,137.97,138.0,SOL
2026-01-06 03:13:22+00:00,2026-01-06 03:15:40.307472+00:00,802.0,138.01,137.99,138.02,SOL
2026-01-06 03:13:23+00:00,2026-01-06 03:15:41.288264+00:00,803.0,138.01,137.99,138.02,SOL
2026-01-06 03:13:24+00:00,2026-01-06 03:15:42.276014+00:00,804.0,138.01,137.99,138.02,SOL
2026-01-06 03:13:25+00:00,2026-01-06 03:15:43.327604+00:00,805.0,138.01,137.99,138.02,SOL
2026-01-06 03:13:26+00:00,2026-01-06 03:15:44.329506+00:00,806.0,138.01,137.99,138.02,SOL
2026-01-06 03:13:27+00:00,2026-01-06 03:15:45.343481+00:00,807.0,138.01,137.99,138.02,SOL
2026-01-06 03:13:28+00:00,2026-01-06 03:15:46.762075+00:00,808.0,138.0,137.99,138.02,SOL
2026-01-06 03:13:29+00:00,2026-01-06 03:15:48.236677+00:00,809.0,138.0,137.99,138.02,SOL
2026-01-06 03:13:30+00:00,2026-01-06 03:15:49.207817+00:00,810.0,138.0,137.99,138.02,SOL
2026-01-06 03:13:31+00:00,2026-01-06 03:15:49.936512+00:00,811.0,138.0,137.99,138.02,SOL
2026-01-06 03:13:32+00:00,2026-01-06 03:15:50.644837+00:00,812.0,138.0,137.99,138.02,SOL
2026-01-06 03:13:33+00:00,2026-01-06 03:15:51.647316+00:00,813.0,138.0,137.99,138.02,SOL
2026-01-06 03:13:35+00:00,2026-01-06 03:15:53.210512+00:00,815.0,138.0,137.99,138.02,SOL
2026-01-06 03:13:36+00:00,2026-01-06 03:15:54.123823+00:00,816.0,138.01,137.99,138.02,SOL
2026-01-06 03:13:37+00:00,2026-01-06 03:15:55.180092+00:00,817.0,138.0,137.99,138.02,SOL
2026-01-06 03:13:38+00:00,2026-01-06 03:15:56.189030+00:00,818.0,137.99,137.98,138.0,SOL
2026-01-06 03:13:39+00:00,2026-01-06 03:15:57.165835+00:00,819.0,137.98,137.97,138.0,SOL
2026-01-06 03:13:40+00:00,2026-01-06 03:15:58.251368+00:00,820.0,137.99,137.97,138.0,SOL
2026-01-06 03:13:41+00:00,2026-01-06 03:15:59.336059+00:00,821.0,137.99,137.97,138.0,SOL
2026-01-06 03:13:42+00:00,2026-01-06 03:16:00.529753+00:00,822.0,137.99,137.97,138.0,SOL
2026-01-06 03:13:43+00:00,2026-01-06 03:16:01.620427+00:00,823.0,137.99,137.97,138.0,SOL
2026-01-06 03:13:44+00:00,2026-01-06 03:16:02.657629+00:00,824.0,137.99,137.97,138.0,SOL
2026-01-06 03:13:45+00:00,2026-01-06 03:16:03.742354+00:00,825.0,137.99,137.97,138.0,SOL
2026-01-06 03:13:46+00:00,2026-01-06 03:16:04.807513+00:00,826.0,137.99,137.97,138.0,SOL
2026-01-06 03:13:47+00:00,2026-01-06 03:16:05.815950+00:00,827.0,137.99,137.98,138.01,SOL
2026-01-06 03:13:49+00:00,2026-01-06 03:16:07.082876+00:00,829.0,138.0,137.98,138.01,SOL
2026-01-06 03:13:50+00:00,2026-01-06 03:16:08.097369+00:00,830.0,138.0,137.99,138.01,SOL
2026-01-06 03:13:51+00:00,2026-01-06 03:16:09.171200+00:00,831.0,138.0,137.99,138.01,SOL
2026-01-06 03:13:52+00:00,2026-01-06 03:16:10.081699+00:00,832.0,138.0,137.99,138.01,SOL
2026-01-06 03:13:53+00:00,2026-01-06 03:16:11.543323+00:00,833.0,138.0,137.99,138.01,SOL
2026-01-06 03:13:54+00:00,2026-01-06 03:16:12.626143+00:00,834.0,138.0,137.99,138.01,SOL
2026-01-06 03:13:55+00:00,2026-01-06 03:16:13.578619+00:00,835.0,138.0,137.99,138.01,SOL
2026-01-06 03:13:56+00:00,2026-01-06 03:16:14.667268+00:00,836.0,138.0,137.99,138.01,SOL
2026-01-06 03:13:58+00:00,2026-01-06 03:16:16.192765+00:00,838.0,138.0,137.98,138.01,SOL
2026-01-06 03:13:59+00:00,2026-01-06 03:16:17.882731+00:00,839.0,138.0,137.98,138.01,SOL
2026-01-06 03:14:00+00:00,2026-01-06 03:16:18.884703+00:00,840.0,138.0,137.98,138.01,SOL
2026-01-06 03:14:01+00:00,2026-01-06 03:16:19.879706+00:00,841.0,138.0,137.98,138.01,SOL
2026-01-06 03:14:03+00:00,2026-01-06 03:16:21.030063+00:00,843.0,137.99,137.97,138.0,SOL
2026-01-06 03:14:04+00:00,2026-01-06 03:16:22.485425+00:00,844.0,137.99,137.97,138.0,SOL
2026-01-06 03:14:05+00:00,2026-01-06 03:16:23.501061+00:00,845.0,137.99,137.97,138.0,SOL
2026-01-06 03:14:06+00:00,2026-01-06 03:16:24.526178+00:00,846.0,137.99,137.97,138.0,SOL
2026-01-06 03:14:07+00:00,2026-01-06 03:16:25.550200+00:00,847.0,137.98,137.97,138.0,SOL
2026-01-06 03:14:08+00:00,2026-01-06 03:16:27.094603+00:00,848.0,137.98,137.96,137.99,SOL
2026-01-06 03:14:09+00:00,2026-01-06 03:16:28.168924+00:00,849.0,137.98,137.96,138.0,SOL
2026-01-06 03:14:10+00:00,2026-01-06 03:16:29.179506+00:00,850.0,137.99,137.98,138.01,SOL
2026-01-06 03:14:11+00:00,2026-01-06 03:16:30.331219+00:00,851.0,138.01,137.99,138.01,SOL
2026-01-06 03:14:12+00:00,2026-01-06 03:16:31.629046+00:00,852.0,138.01,137.99,138.01,SOL
2026-01-06 03:14:13+00:00,2026-01-06 03:16:32.644111+00:00,853.0,138.01,137.99,138.01,SOL
2026-01-06 03:14:14+00:00,2026-01-06 03:16:33.666025+00:00,854.0,138.01,137.99,138.02,SOL
2026-01-06 03:14:15+00:00,2026-01-06 03:16:34.799940+00:00,855.0,138.01,137.99,138.02,SOL
2026-01-06 03:14:17+00:00,2026-01-06 03:16:35.687254+00:00,857.0,138.01,137.99,138.02,SOL
2026-01-06 03:14:18+00:00,2026-01-06 03:16:36.917489+00:00,858.0,138.01,137.99,138.02,SOL
2026-01-06 03:14:19+00:00,2026-01-06 03:16:37.791696+00:00,859.0,138.01,137.99,138.02,SOL
2026-01-06 03:14:20+00:00,2026-01-06 03:16:38.724624+00:00,860.0,138.01,138.0,138.02,SOL
2026-01-06 03:14:21+00:00,2026-01-06 03:16:39.779049+00:00,861.0,138.02,138.0,138.02,SOL
2026-01-06 03:14:22+00:00,2026-01-06 03:16:40.826677+00:00,862.0,138.02,138.0,138.02,SOL
2026-01-06 03:14:23+00:00,2026-01-06 03:16:41.759743+00:00,863.0,138.02,138.0,138.02,SOL
2026-01-06 03:14:24+00:00,2026-01-06 03:16:42.899799+00:00,864.0,138.01,138.0,138.02,SOL
2026-01-06 03:14:25+00:00,2026-01-06 03:16:44.194967+00:00,865.0,138.01,138.0,138.02,SOL
2026-01-06 03:14:26+00:00,2026-01-06 03:16:45.237679+00:00,866.0,138.01,138.0,138.02,SOL
2026-01-06 03:14:27+00:00,2026-01-06 03:16:46.536688+00:00,867.0,138.01,138.0,138.02,SOL
2026-01-06 03:14:28+00:00,2026-01-06 03:16:47.542572+00:00,868.0,138.01,138.0,138.02,SOL
2026-01-06 03:14:29+00:00,2026-01-06 03:16:48.602058+00:00,869.0,138.01,137.99,138.02,SOL
2026-01-06 03:14:30+00:00,2026-01-06 03:16:49.594789+00:00,870.0,138.01,137.99,138.02,SOL
2026-01-06 03:14:31+00:00,2026-01-06 03:16:50.672792+00:00,871.0,138.01,138.0,138.02,SOL
2026-01-06 03:14:32+00:00,2026-01-06 03:16:51.732374+00:00,872.0,138.02,138.0,138.02,SOL
2026-01-06 03:14:33+00:00,2026-01-06 03:16:52.744733+00:00,873.0,138.02,138.0,138.02,SOL
2026-01-06 03:14:35+00:00,2026-01-06 03:16:53.858686+00:00,875.0,138.02,138.01,138.04,SOL
2026-01-06 03:14:36+00:00,2026-01-06 03:16:54.963863+00:00,876.0,138.03,138.01,138.04,SOL
2026-01-06 03:14:37+00:00,2026-01-06 03:16:56.234699+00:00,877.0,138.03,138.01,138.04,SOL
2026-01-06 03:14:38+00:00,2026-01-06 03:16:57.217789+00:00,878.0,138.03,138.01,138.04,SOL
2026-01-06 03:14:39+00:00,2026-01-06 03:16:58.253114+00:00,879.0,138.03,138.01,138.04,SOL
2026-01-06 03:14:40+00:00,2026-01-06 03:16:59.250108+00:00,880.0,138.03,138.01,138.04,SOL
2026-01-06 03:14:41+00:00,2026-01-06 03:17:00.380713+00:00,881.0,138.03,138.02,138.05,SOL
2026-01-06 03:14:42+00:00,2026-01-06 03:17:02.037997+00:00,882.0,138.04,138.02,138.05,SOL
2026-01-06 03:14:43+00:00,2026-01-06 03:17:02.441143+00:00,883.0,138.04,138.02,138.05,SOL
2026-01-06 03:14:44+00:00,2026-01-06 03:17:03.422841+00:00,884.0,138.04,138.02,138.06,SOL
2026-01-06 03:14:45+00:00,2026-01-06 03:17:04.629551+00:00,885.0,138.05,138.02,138.06,SOL
2026-01-06 03:14:46+00:00,2026-01-06 03:17:05.516211+00:00,886.0,138.05,138.03,138.06,SOL
2026-01-06 03:14:47+00:00,2026-01-06 03:17:06.555460+00:00,887.0,138.05,138.03,138.07,SOL
2026-01-06 03:14:49+00:00,2026-01-06 03:17:07.863708+00:00,889.0,138.07,138.05,138.08,SOL
2026-01-06 03:14:50+00:00,2026-01-06 03:17:08.870596+00:00,890.0,138.07,138.05,138.09,SOL
2026-01-06 03:14:51+00:00,2026-01-06 03:17:10.158833+00:00,891.0,138.07,138.05,138.09,SOL
2026-01-06 03:14:52+00:00,2026-01-06 03:17:11.180791+00:00,892.0,138.07,138.06,138.09,SOL
2026-01-06 03:14:53+00:00,2026-01-06 03:17:12.243342+00:00,893.0,138.08,138.06,138.09,SOL
2026-01-06 03:14:54+00:00,2026-01-06 03:17:13.294782+00:00,894.0,138.08,138.06,138.09,SOL
2026-01-06 03:14:55+00:00,2026-01-06 03:17:14.349023+00:00,895.0,138.08,138.06,138.09,SOL
2026-01-06 03:14:56+00:00,2026-01-06 03:17:15.665421+00:00,896.0,138.09,138.06,138.09,SOL
2026-01-06 03:14:57+00:00,2026-01-06 03:17:17.209758+00:00,897.0,138.12,138.09,138.13,SOL
2026-01-06 03:14:58+00:00,2026-01-06 03:17:17.908902+00:00,898.0,138.12,138.09,138.13,SOL
2026-01-06 03:14:59+00:00,2026-01-06 03:17:18.924516+00:00,899.0,138.12,138.1,138.14,SOL
