timestamp,collected_at,seconds,up_mid,up_best_bid,up_best_ask,down_mid,down_best_bid,down_best_ask,up_best_bid_size,up_best_ask_size,down_best_bid_size,down_best_ask_size
2026-01-06 03:00:01.990000+00:00,2026-01-06 03:00:02.018630+00:00,1.99,0.505,0.5,0.51,0.495,0.49,0.5,,,,
2026-01-06 03:00:03.032000+00:00,2026-01-06 03:00:03.129518+00:00,3.032,0.505,0.5,0.51,0.495,0.49,0.5,,,,
2026-01-06 03:00:04.263000+00:00,2026-01-06 03:00:05.038912+00:00,4.263,0.535,0.53,0.54,0.4649999999999999,0.46,0.47,,,,
2026-01-06 03:00:05.743000+00:00,2026-01-06 03:00:06.047044+00:00,5.743,0.545,0.54,0.55,0.455,0.45,0.46,,,,
2026-01-06 03:00:07.161000+00:00,2026-01-06 03:00:07.148675+00:00,7.161,0.55,0.54,0.56,0.45,0.44,0.46,,,,
2026-01-06 03:00:08.527000+00:00,2026-01-06 03:00:08.593949+00:00,8.527,0.555,0.55,0.56,0.445,0.44,0.45,,,,
2026-01-06 03:00:10.971000+00:00,2026-01-06 03:00:11.025181+00:00,10.971,0.5,0.49,0.51,0.495,0.48,0.51,,,,
2026-01-06 03:00:12.734000+00:00,2026-01-06 03:00:13.064268+00:00,12.734,0.505,0.49,0.52,0.495,0.48,0.51,,,,
2026-01-06 03:00:13.842000+00:00,2026-01-06 03:00:14.034945+00:00,13.842,0.505,0.49,0.52,0.495,0.48,0.51,,,,
2026-01-06 03:00:14.871000+00:00,2026-01-06 03:00:15.033461+00:00,14.871,0.505,0.49,0.52,0.495,0.48,0.51,,,,
2026-01-06 03:00:15.366000+00:00,2026-01-06 03:00:16.093922+00:00,15.366,0.505,0.49,0.52,0.495,0.48,0.51,,,,
2026-01-06 03:00:17.893000+00:00,2026-01-06 03:00:18.115865+00:00,17.893,0.505,0.5,0.51,0.505,0.5,0.51,,,,
2026-01-06 03:00:18.277000+00:00,2026-01-06 03:00:19.116158+00:00,18.277,0.495,0.49,0.5,0.505,0.5,0.51,,,,
2026-01-06 03:00:19.913000+00:00,2026-01-06 03:00:20.079010+00:00,19.913,0.5,0.49,0.51,0.5,0.49,0.51,,,,
2026-01-06 03:00:20.375000+00:00,2026-01-06 03:00:21.094678+00:00,20.375,0.495,0.49,0.5,0.505,0.5,0.51,,,,
2026-01-06 03:00:21.812000+00:00,2026-01-06 03:00:22.064089+00:00,21.812,0.495,0.49,0.5,0.505,0.5,0.51,,,,
2026-01-06 03:00:23.639000+00:00,2026-01-06 03:00:24.101471+00:00,23.639,0.485,0.48,0.49,0.515,0.51,0.52,,,,
2026-01-06 03:00:25.852000+00:00,2026-01-06 03:00:26.094288+00:00,25.852,0.485,0.48,0.49,0.515,0.51,0.52,,,,
2026-01-06 03:00:26.953000+00:00,2026-01-06 03:00:27.102349+00:00,26.953,0.495,0.49,0.5,0.505,0.5,0.51,,,,
2026-01-06 03:00:27.548000+00:00,2026-01-06 03:00:28.119114+00:00,27.548,0.5,0.49,0.51,0.5,0.49,0.51,,,,
2026-01-06 03:00:28.556000+00:00,2026-01-06 03:00:29.101477+00:00,28.556,0.5,0.49,0.51,0.5,0.49,0.51,,,,
2026-01-06 03:00:30.001000+00:00,2026-01-06 03:00:30.159372+00:00,30.001,0.505,0.5,0.51,0.5,0.49,0.51,,,,
2026-01-06 03:00:31.953000+00:00,2026-01-06 03:00:32.127844+00:00,31.953,0.485,0.48,0.49,0.515,0.51,0.52,,,,
2026-01-06 03:00:33.001000+00:00,2026-01-06 03:00:33.113199+00:00,33.001,0.485,0.48,0.49,0.515,0.51,0.52,,,,
2026-01-06 03:00:34.941000+00:00,2026-01-06 03:00:35.224500+00:00,34.941,0.485,0.48,0.49,0.515,0.51,0.52,,,,
2026-01-06 03:00:36.749000+00:00,2026-01-06 03:00:37.143572+00:00,36.749,0.48,0.47,0.49,0.52,0.51,0.53,,,,
2026-01-06 03:00:38.167000+00:00,2026-01-06 03:00:38.184831+00:00,38.167,0.485,0.48,0.49,0.515,0.51,0.52,,,,
2026-01-06 03:00:39.932000+00:00,2026-01-06 03:00:40.182288+00:00,39.932,0.485,0.48,0.49,0.515,0.51,0.52,,,,
2026-01-06 03:00:40.956000+00:00,2026-01-06 03:00:41.294688+00:00,40.956,0.495,0.49,0.5,0.505,0.5,0.51,,,,
2026-01-06 03:00:42.005000+00:00,2026-01-06 03:00:42.499266+00:00,42.005,0.495,0.49,0.5,0.505,0.5,0.51,,,,
2026-01-06 03:00:43.149000+00:00,2026-01-06 03:00:43.215203+00:00,43.149,0.485,0.48,0.49,0.515,0.51,0.52,,,,
2026-01-06 03:00:44.226000+00:00,2026-01-06 03:00:44.233400+00:00,44.226,0.48,0.47,0.49,0.52,0.51,0.53,,,,
2026-01-06 03:00:45.934000+00:00,2026-01-06 03:00:46.254355+00:00,45.934,0.47,0.46,0.48,0.53,0.52,0.54,,,,
2026-01-06 03:00:47.942000+00:00,2026-01-06 03:00:48.298113+00:00,47.942,0.485,0.48,0.49,0.515,0.51,0.52,,,,
2026-01-06 03:00:49.964000+00:00,2026-01-06 03:00:50.296206+00:00,49.964,0.485,0.48,0.49,0.515,0.51,0.52,,,,
2026-01-06 03:00:51.291000+00:00,2026-01-06 03:00:51.326516+00:00,51.291,0.485,0.48,0.49,0.515,0.51,0.52,,,,
2026-01-06 03:00:52.238000+00:00,2026-01-06 03:00:52.296193+00:00,52.238,0.485,0.48,0.49,0.515,0.51,0.52,,,,
2026-01-06 03:00:53.257000+00:00,2026-01-06 03:00:53.313986+00:00,53.257,0.485,0.48,0.49,0.515,0.51,0.52,,,,
2026-01-06 03:00:54.025000+00:00,2026-01-06 03:00:54.343266+00:00,54.025,0.485,0.48,0.49,0.515,0.51,0.52,,,,
2026-01-06 03:00:55.088000+00:00,2026-01-06 03:00:55.377801+00:00,55.088,0.475,0.47,0.48,0.525,0.52,0.53,,,,
2026-01-06 03:00:56.277000+00:00,2026-01-06 03:00:56.335595+00:00,56.277,0.475,0.47,0.48,0.525,0.52,0.53,,,,
2026-01-06 03:00:57.257000+00:00,2026-01-06 03:00:57.329227+00:00,57.257,0.475,0.47,0.48,0.525,0.52,0.53,,,,
2026-01-06 03:00:58.365000+00:00,2026-01-06 03:00:58.395562+00:00,58.365,0.475,0.47,0.48,0.525,0.52,0.53,,,,
2026-01-06 03:00:59.645000+00:00,2026-01-06 03:00:59.675458+00:00,59.645,0.48,0.47,0.49,0.52,0.51,0.53,,,,
2026-01-06 03:01:00.257000+00:00,2026-01-06 03:01:00.458799+00:00,60.257,0.48,0.47,0.49,0.52,0.51,0.53,,,,
2026-01-06 03:01:01.086000+00:00,2026-01-06 03:01:01.424130+00:00,61.086,0.475,0.47,0.48,0.525,0.52,0.53,,,,
2026-01-06 03:01:02.291000+00:00,2026-01-06 03:01:02.445390+00:00,62.291,0.48,0.47,0.49,0.515,0.51,0.52,,,,
2026-01-06 03:01:03.205000+00:00,2026-01-06 03:01:03.428124+00:00,63.205,0.485,0.48,0.49,0.515,0.51,0.52,,,,
2026-01-06 03:01:04.293000+00:00,2026-01-06 03:01:04.397680+00:00,64.293,0.48,0.47,0.49,0.52,0.51,0.53,,,,
2026-01-06 03:01:05.002000+00:00,2026-01-06 03:01:05.491819+00:00,65.002,0.48,0.47,0.49,0.52,0.51,0.53,,,,
2026-01-06 03:01:06.034000+00:00,2026-01-06 03:01:06.448057+00:00,66.034,0.48,0.47,0.49,0.52,0.51,0.53,,,,
2026-01-06 03:01:07.004000+00:00,2026-01-06 03:01:07.477416+00:00,67.004,0.48,0.47,0.49,0.52,0.51,0.53,,,,
2026-01-06 03:01:08.378000+00:00,2026-01-06 03:01:08.503055+00:00,68.378,0.495,0.49,0.5,0.495,0.49,0.5,,,,
2026-01-06 03:01:09.508000+00:00,2026-01-06 03:01:09.509967+00:00,69.508,0.505,0.5,0.51,0.495,0.49,0.5,,,,
2026-01-06 03:01:10.418000+00:00,2026-01-06 03:01:10.561109+00:00,70.418,0.535,0.53,0.54,0.4649999999999999,0.46,0.47,,,,
2026-01-06 03:01:11.594000+00:00,2026-01-06 03:01:11.546137+00:00,71.594,0.535,0.53,0.54,0.4649999999999999,0.46,0.47,,,,
2026-01-06 03:01:12.192000+00:00,2026-01-06 03:01:12.527818+00:00,72.192,0.55,0.54,0.56,0.45,0.44,0.46,,,,
2026-01-06 03:01:13.404000+00:00,2026-01-06 03:01:13.526086+00:00,73.404,0.55,0.54,0.56,0.45,0.44,0.46,,,,
2026-01-06 03:01:14.449000+00:00,2026-01-06 03:01:14.511749+00:00,74.449,0.54,0.53,0.55,0.4599999999999999,0.45,0.47,,,,
2026-01-06 03:01:15.387000+00:00,2026-01-06 03:01:15.548008+00:00,75.387,0.54,0.53,0.55,0.4599999999999999,0.45,0.47,,,,
2026-01-06 03:01:16.883000+00:00,2026-01-06 03:01:16.967474+00:00,76.883,0.53,0.52,0.54,0.47,0.46,0.48,,,,
2026-01-06 03:01:17.408000+00:00,2026-01-06 03:01:17.643202+00:00,77.408,0.53,0.52,0.54,0.47,0.46,0.48,,,,
2026-01-06 03:01:18.273000+00:00,2026-01-06 03:01:18.684819+00:00,78.273,0.54,0.53,0.55,0.4599999999999999,0.45,0.47,,,,
2026-01-06 03:01:19.624000+00:00,2026-01-06 03:01:19.626850+00:00,79.624,0.565,0.56,0.57,0.435,0.43,0.44,,,,
2026-01-06 03:01:20.589000+00:00,2026-01-06 03:01:20.647511+00:00,80.589,0.5700000000000001,0.56,0.58,0.43,0.42,0.44,,,,
2026-01-06 03:01:21.282000+00:00,2026-01-06 03:01:21.642028+00:00,81.282,0.56,0.55,0.57,0.455,0.45,0.46,,,,
2026-01-06 03:01:22.645000+00:00,2026-01-06 03:01:22.644442+00:00,82.645,0.53,0.52,0.54,0.48,0.47,0.49,,,,
2026-01-06 03:01:23.597000+00:00,2026-01-06 03:01:23.637016+00:00,83.597,0.53,0.52,0.54,0.48,0.47,0.49,,,,
2026-01-06 03:01:24.671000+00:00,2026-01-06 03:01:24.699069+00:00,84.671,0.515,0.51,0.52,0.485,0.48,0.49,,,,
2026-01-06 03:01:25.563000+00:00,2026-01-06 03:01:25.659963+00:00,85.563,0.515,0.51,0.52,0.485,0.48,0.49,,,,
2026-01-06 03:01:26.525000+00:00,2026-01-06 03:01:26.647778+00:00,86.525,0.52,0.51,0.53,0.48,0.47,0.49,,,,
2026-01-06 03:01:27.388000+00:00,2026-01-06 03:01:27.694039+00:00,87.388,0.53,0.52,0.54,0.47,0.46,0.48,,,,
2026-01-06 03:01:28.441000+00:00,2026-01-06 03:01:28.646467+00:00,88.441,0.53,0.52,0.54,0.47,0.46,0.48,,,,
2026-01-06 03:01:29.632000+00:00,2026-01-06 03:01:29.678349+00:00,89.632,0.53,0.52,0.54,0.47,0.46,0.48,,,,
2026-01-06 03:01:30.472000+00:00,2026-01-06 03:01:30.746062+00:00,90.472,0.515,0.51,0.52,0.485,0.48,0.49,,,,
2026-01-06 03:01:31.344000+00:00,2026-01-06 03:01:31.745288+00:00,91.344,0.52,0.51,0.53,0.48,0.47,0.49,,,,
2026-01-06 03:01:32.706000+00:00,2026-01-06 03:01:33.779306+00:00,92.706,0.52,0.51,0.53,0.48,0.47,0.49,,,,
2026-01-06 03:01:34.417000+00:00,2026-01-06 03:01:34.895924+00:00,94.417,0.52,0.51,0.53,0.48,0.47,0.49,,,,
2026-01-06 03:01:35.942000+00:00,2026-01-06 03:01:36.838596+00:00,95.942,0.52,0.51,0.53,0.48,0.47,0.49,,,,
2026-01-06 03:01:36.946000+00:00,2026-01-06 03:01:37.833284+00:00,96.946,0.52,0.51,0.53,0.48,0.47,0.49,,,,
2026-01-06 03:01:38.003000+00:00,2026-01-06 03:01:38.834904+00:00,98.003,0.52,0.51,0.53,0.48,0.47,0.49,,,,
2026-01-06 03:01:39.804000+00:00,2026-01-06 03:01:39.851192+00:00,99.804,0.5,0.49,0.51,0.5,0.49,0.51,,,,
2026-01-06 03:01:40.863000+00:00,2026-01-06 03:01:40.869920+00:00,100.863,0.485,0.48,0.49,0.515,0.51,0.52,,,,
2026-01-06 03:01:41.860000+00:00,2026-01-06 03:01:41.854991+00:00,101.86,0.47,0.46,0.48,0.53,0.52,0.54,,,,
2026-01-06 03:01:42.997000+00:00,2026-01-06 03:01:43.058873+00:00,102.997,0.47,0.46,0.48,0.53,0.52,0.54,,,,
2026-01-06 03:01:43.926000+00:00,2026-01-06 03:01:43.933761+00:00,103.926,0.455,0.45,0.46,0.545,0.54,0.55,,,,
2026-01-06 03:01:44.549000+00:00,2026-01-06 03:01:44.887288+00:00,104.549,0.455,0.45,0.46,0.545,0.54,0.55,,,,
2026-01-06 03:01:45.616000+00:00,2026-01-06 03:01:45.910809+00:00,105.616,0.455,0.45,0.46,0.545,0.54,0.55,,,,
2026-01-06 03:01:46.892000+00:00,2026-01-06 03:01:46.925237+00:00,106.892,0.455,0.45,0.46,0.545,0.54,0.55,,,,
2026-01-06 03:01:47.912000+00:00,2026-01-06 03:01:47.912441+00:00,107.912,0.455,0.45,0.46,0.545,0.54,0.55,,,,
2026-01-06 03:01:48.733000+00:00,2026-01-06 03:01:48.928017+00:00,108.733,0.455,0.45,0.46,0.545,0.54,0.55,,,,
2026-01-06 03:01:50.412000+00:00,2026-01-06 03:01:50.915992+00:00,110.412,0.455,0.45,0.46,0.545,0.54,0.55,,,,
2026-01-06 03:01:51.353000+00:00,2026-01-06 03:01:51.916989+00:00,111.353,0.455,0.45,0.46,0.545,0.54,0.55,,,,
2026-01-06 03:01:52.975000+00:00,2026-01-06 03:01:52.995360+00:00,112.975,0.44,0.43,0.45,0.56,0.55,0.57,,,,
2026-01-06 03:01:53.743000+00:00,2026-01-06 03:01:53.943676+00:00,113.743,0.44,0.43,0.45,0.56,0.55,0.57,,,,
2026-01-06 03:01:54.126000+00:00,2026-01-06 03:01:54.952668+00:00,114.126,0.44,0.43,0.45,0.545,0.54,0.55,,,,
2026-01-06 03:01:55.921000+00:00,2026-01-06 03:01:55.934510+00:00,115.921,0.475,0.47,0.48,0.5,0.49,0.51,,,,
2026-01-06 03:01:56.896000+00:00,2026-01-06 03:01:56.940591+00:00,116.896,0.5,0.49,0.51,0.495,0.49,0.5,,,,
2026-01-06 03:01:57.940000+00:00,2026-01-06 03:01:57.919722+00:00,117.94,0.5,0.49,0.51,0.5,0.49,0.51,,,,
2026-01-06 03:01:58.421000+00:00,2026-01-06 03:01:58.926893+00:00,118.421,0.5,0.49,0.51,0.5,0.49,0.51,,,,
2026-01-06 03:01:59.874000+00:00,2026-01-06 03:01:59.937870+00:00,119.874,0.485,0.48,0.49,0.515,0.51,0.52,,,,
2026-01-06 03:02:00.938000+00:00,2026-01-06 03:02:00.938739+00:00,120.938,0.485,0.48,0.49,0.515,0.51,0.52,,,,
2026-01-06 03:02:01.817000+00:00,2026-01-06 03:02:01.915496+00:00,121.817,0.47,0.46,0.48,0.53,0.52,0.54,,,,
2026-01-06 03:02:02.776000+00:00,2026-01-06 03:02:02.974563+00:00,122.776,0.47,0.46,0.48,0.53,0.52,0.54,,,,
2026-01-06 03:02:03.942000+00:00,2026-01-06 03:02:03.943009+00:00,123.942,0.47,0.46,0.48,0.53,0.52,0.54,,,,
2026-01-06 03:02:04.960000+00:00,2026-01-06 03:02:04.968700+00:00,124.96,0.475,0.47,0.48,0.525,0.52,0.53,,,,
2026-01-06 03:02:05.932000+00:00,2026-01-06 03:02:06.007836+00:00,125.932,0.475,0.47,0.48,0.525,0.52,0.53,,,,
2026-01-06 03:02:06.937000+00:00,2026-01-06 03:02:06.948933+00:00,126.937,0.485,0.48,0.49,0.515,0.51,0.52,,,,
2026-01-06 03:02:07.938000+00:00,2026-01-06 03:02:07.998641+00:00,127.938,0.5,0.49,0.51,0.5,0.49,0.51,,,,
2026-01-06 03:02:09.937000+00:00,2026-01-06 03:02:09.976223+00:00,129.937,0.485,0.48,0.49,0.51,0.5,0.52,,,,
2026-01-06 03:02:10.935000+00:00,2026-01-06 03:02:11.011145+00:00,130.935,0.505,0.5,0.51,0.485,0.48,0.49,,,,
2026-01-06 03:02:12.212000+00:00,2026-01-06 03:02:13.118548+00:00,132.212,0.52,0.51,0.53,0.48,0.47,0.49,,,,
2026-01-06 03:02:13.931000+00:00,2026-01-06 03:02:14.020559+00:00,133.931,0.52,0.51,0.53,0.485,0.47,0.5,,,,
2026-01-06 03:02:15.937000+00:00,2026-01-06 03:02:16.110500+00:00,135.937,0.5,0.49,0.51,0.5,0.49,0.51,,,,
2026-01-06 03:02:17.067000+00:00,2026-01-06 03:02:17.073030+00:00,137.067,0.5,0.49,0.51,0.5,0.49,0.51,,,,
2026-01-06 03:02:18.064000+00:00,2026-01-06 03:02:18.074623+00:00,138.064,0.495,0.49,0.5,0.52,0.51,0.53,,,,
2026-01-06 03:02:19.058000+00:00,2026-01-06 03:02:19.074761+00:00,139.058,0.475,0.47,0.48,0.535,0.52,0.55,,,,
2026-01-06 03:02:20.959000+00:00,2026-01-06 03:02:21.091310+00:00,140.959,0.4599999999999999,0.45,0.47,0.54,0.53,0.55,,,,
2026-01-06 03:02:22.937000+00:00,2026-01-06 03:02:23.100066+00:00,142.937,0.44,0.43,0.45,0.56,0.55,0.57,,,,
2026-01-06 03:02:24.002000+00:00,2026-01-06 03:02:24.094220+00:00,144.002,0.44,0.43,0.45,0.56,0.55,0.57,,,,
2026-01-06 03:02:25.946000+00:00,2026-01-06 03:02:26.107559+00:00,145.946,0.48,0.47,0.49,0.52,0.51,0.53,,,,
2026-01-06 03:02:27.211000+00:00,2026-01-06 03:02:27.241244+00:00,147.211,0.5,0.49,0.51,0.5,0.49,0.51,,,,
2026-01-06 03:02:28.161000+00:00,2026-01-06 03:02:28.228689+00:00,148.161,0.49,0.48,0.5,0.51,0.5,0.52,,,,
2026-01-06 03:02:29.048000+00:00,2026-01-06 03:02:29.248089+00:00,149.048,0.48,0.47,0.49,0.52,0.51,0.53,,,,
2026-01-06 03:02:30.226000+00:00,2026-01-06 03:02:30.272322+00:00,150.226,0.4599999999999999,0.45,0.47,0.54,0.53,0.55,,,,
2026-01-06 03:02:31.235000+00:00,2026-01-06 03:02:31.293011+00:00,151.235,0.455,0.45,0.46,0.545,0.54,0.55,,,,
2026-01-06 03:02:32.636000+00:00,2026-01-06 03:02:33.283006+00:00,152.636,0.4599999999999999,0.45,0.47,0.54,0.53,0.55,,,,
2026-01-06 03:02:34.275000+00:00,2026-01-06 03:02:34.269616+00:00,154.275,0.495,0.49,0.5,0.505,0.5,0.51,,,,
2026-01-06 03:02:35.242000+00:00,2026-01-06 03:02:35.278805+00:00,155.242,0.525,0.52,0.53,0.4649999999999999,0.46,0.47,,,,
2026-01-06 03:02:36.012000+00:00,2026-01-06 03:02:36.313840+00:00,156.012,0.535,0.53,0.54,0.4649999999999999,0.46,0.47,,,,
2026-01-06 03:02:37.358000+00:00,2026-01-06 03:02:37.657005+00:00,157.358,0.535,0.53,0.54,0.48,0.47,0.49,,,,
2026-01-06 03:02:38.633000+00:00,2026-01-06 03:02:38.643055+00:00,158.633,0.51,0.5,0.52,0.49,0.48,0.5,,,,
2026-01-06 03:02:39.309000+00:00,2026-01-06 03:02:39.328786+00:00,159.309,0.5,0.49,0.51,0.5,0.49,0.51,,,,
2026-01-06 03:02:40.003000+00:00,2026-01-06 03:02:40.312340+00:00,160.003,0.5,0.49,0.51,0.5,0.49,0.51,,,,
2026-01-06 03:02:41.406000+00:00,2026-01-06 03:02:41.591636+00:00,161.406,0.5,0.49,0.51,0.5,0.49,0.51,,,,
2026-01-06 03:02:42+00:00,2026-01-06 03:02:42.324928+00:00,162.0,0.5,0.49,0.51,0.5,0.49,0.51,,,,
2026-01-06 03:02:43.214000+00:00,2026-01-06 03:02:43.341538+00:00,163.214,0.51,0.5,0.52,0.49,0.48,0.5,,,,
2026-01-06 03:02:44+00:00,2026-01-06 03:02:44.407150+00:00,164.0,0.525,0.52,0.53,0.475,0.47,0.48,,,,
2026-01-06 03:02:45.935000+00:00,2026-01-06 03:02:46.544089+00:00,165.935,0.515,0.51,0.52,0.48,0.47,0.49,,,,
2026-01-06 03:02:47.404000+00:00,2026-01-06 03:02:47.457136+00:00,167.404,0.525,0.52,0.53,0.475,0.47,0.48,,,,
2026-01-06 03:02:48.297000+00:00,2026-01-06 03:02:48.471486+00:00,168.297,0.515,0.51,0.52,0.485,0.48,0.49,,,,
2026-01-06 03:02:49.952000+00:00,2026-01-06 03:02:50.475019+00:00,169.952,0.51,0.5,0.52,0.495,0.49,0.5,,,,
2026-01-06 03:02:51.239000+00:00,2026-01-06 03:02:51.541610+00:00,171.239,0.51,0.5,0.52,0.49,0.48,0.5,,,,
2026-01-06 03:02:52.296000+00:00,2026-01-06 03:02:52.461324+00:00,172.296,0.51,0.5,0.52,0.49,0.48,0.5,,,,
2026-01-06 03:02:53.007000+00:00,2026-01-06 03:02:53.508817+00:00,173.007,0.51,0.5,0.52,0.49,0.48,0.5,,,,
2026-01-06 03:02:54.277000+00:00,2026-01-06 03:02:54.549822+00:00,174.277,0.51,0.5,0.52,0.49,0.48,0.5,,,,
2026-01-06 03:02:55.383000+00:00,2026-01-06 03:02:55.506888+00:00,175.383,0.51,0.5,0.52,0.49,0.48,0.5,,,,
2026-01-06 03:02:56.536000+00:00,2026-01-06 03:02:56.540857+00:00,176.536,0.49,0.48,0.5,0.51,0.5,0.52,,,,
2026-01-06 03:02:57.945000+00:00,2026-01-06 03:02:58.547422+00:00,177.945,0.5,0.49,0.51,0.5,0.49,0.51,,,,
2026-01-06 03:02:59.370000+00:00,2026-01-06 03:02:59.564239+00:00,179.37,0.5,0.49,0.51,0.5,0.49,0.51,,,,
2026-01-06 03:03:00.491000+00:00,2026-01-06 03:03:00.540300+00:00,180.491,0.5,0.49,0.51,0.5,0.49,0.51,,,,
2026-01-06 03:03:01.451000+00:00,2026-01-06 03:03:01.578888+00:00,181.451,0.49,0.48,0.5,0.51,0.5,0.52,,,,
2026-01-06 03:03:02.434000+00:00,2026-01-06 03:03:02.526874+00:00,182.434,0.51,0.5,0.52,0.475,0.47,0.48,,,,
2026-01-06 03:03:03.879000+00:00,2026-01-06 03:03:03.887638+00:00,183.879,0.61,0.6,0.62,0.39,0.38,0.4,,,,
2026-01-06 03:03:04.810000+00:00,2026-01-06 03:03:04.820807+00:00,184.81,0.615,0.6,0.63,0.4,0.39,0.41,,,,
2026-01-06 03:03:05.768000+00:00,2026-01-06 03:03:05.775843+00:00,185.768,0.61,0.6,0.62,0.39,0.38,0.4,,,,
2026-01-06 03:03:06.487000+00:00,2026-01-06 03:03:06.756703+00:00,186.487,0.61,0.6,0.62,0.39,0.38,0.4,,,,
2026-01-06 03:03:07.800000+00:00,2026-01-06 03:03:07.844713+00:00,187.8,0.61,0.6,0.62,0.385,0.38,0.39,,,,
2026-01-06 03:03:08.670000+00:00,2026-01-06 03:03:08.842442+00:00,188.67,0.615,0.61,0.62,0.375,0.37,0.38,,,,
2026-01-06 03:03:09.691000+00:00,2026-01-06 03:03:09.739199+00:00,189.691,0.645,0.64,0.65,0.355,0.35,0.36,,,,
2026-01-06 03:03:10.584000+00:00,2026-01-06 03:03:10.777391+00:00,190.584,0.64,0.63,0.65,0.36,0.35,0.37,,,,
2026-01-06 03:03:11.732000+00:00,2026-01-06 03:03:11.833074+00:00,191.732,0.64,0.63,0.65,0.36,0.35,0.37,,,,
2026-01-06 03:03:12.748000+00:00,2026-01-06 03:03:12.809204+00:00,192.748,0.645,0.64,0.65,0.355,0.35,0.36,,,,
2026-01-06 03:03:13.743000+00:00,2026-01-06 03:03:13.805770+00:00,193.743,0.645,0.64,0.65,0.355,0.35,0.36,,,,
2026-01-06 03:03:14.840000+00:00,2026-01-06 03:03:14.864209+00:00,194.84,0.645,0.64,0.65,0.355,0.35,0.36,,,,
2026-01-06 03:03:15.843000+00:00,2026-01-06 03:03:15.840810+00:00,195.843,0.645,0.64,0.65,0.355,0.35,0.36,,,,
2026-01-06 03:03:16.953000+00:00,2026-01-06 03:03:16.868394+00:00,196.953,0.665,0.66,0.67,0.335,0.33,0.34,,,,
2026-01-06 03:03:17.460000+00:00,2026-01-06 03:03:17.890246+00:00,197.46,0.665,0.66,0.67,0.335,0.33,0.34,,,,
2026-01-06 03:03:18.745000+00:00,2026-01-06 03:03:18.907244+00:00,198.745,0.66,0.65,0.67,0.3399999999999999,0.33,0.35,,,,
2026-01-06 03:03:19.856000+00:00,2026-01-06 03:03:19.928642+00:00,199.856,0.66,0.65,0.67,0.3399999999999999,0.33,0.35,,,,
2026-01-06 03:03:20.386000+00:00,2026-01-06 03:03:20.864735+00:00,200.386,0.665,0.66,0.67,0.3399999999999999,0.33,0.35,,,,
2026-01-06 03:03:21.931000+00:00,2026-01-06 03:03:21.944350+00:00,201.931,0.66,0.65,0.67,0.335,0.33,0.34,,,,
2026-01-06 03:03:22.372000+00:00,2026-01-06 03:03:22.974686+00:00,202.372,0.665,0.66,0.67,0.335,0.33,0.34,,,,
2026-01-06 03:03:23.932000+00:00,2026-01-06 03:03:23.940120+00:00,203.932,0.655,0.65,0.66,0.345,0.34,0.35,,,,
2026-01-06 03:03:24.812000+00:00,2026-01-06 03:03:24.940720+00:00,204.812,0.655,0.65,0.66,0.345,0.34,0.35,,,,
2026-01-06 03:03:26.948000+00:00,2026-01-06 03:03:26.964679+00:00,206.948,0.655,0.65,0.66,0.345,0.34,0.35,,,,
2026-01-06 03:03:27.892000+00:00,2026-01-06 03:03:27.965847+00:00,207.892,0.655,0.65,0.66,0.345,0.34,0.35,,,,
2026-01-06 03:03:29.011000+00:00,2026-01-06 03:03:29.043183+00:00,209.011,0.635,0.63,0.64,0.365,0.36,0.37,,,,
2026-01-06 03:03:30.296000+00:00,2026-01-06 03:03:30.272555+00:00,210.296,0.63,0.62,0.64,0.37,0.36,0.38,,,,
2026-01-06 03:03:31.946000+00:00,2026-01-06 03:03:32.014790+00:00,211.946,0.63,0.62,0.64,0.375,0.36,0.39,,,,
2026-01-06 03:03:32.955000+00:00,2026-01-06 03:03:32.959260+00:00,212.955,0.605,0.59,0.62,0.395,0.38,0.41,,,,
2026-01-06 03:03:33.947000+00:00,2026-01-06 03:03:33.964391+00:00,213.947,0.6,0.59,0.61,0.4,0.39,0.41,,,,
2026-01-06 03:03:34.945000+00:00,2026-01-06 03:03:34.973102+00:00,214.945,0.56,0.55,0.57,0.445,0.44,0.45,,,,
2026-01-06 03:03:35.931000+00:00,2026-01-06 03:03:35.963472+00:00,215.931,0.55,0.54,0.56,0.45,0.44,0.46,,,,
2026-01-06 03:03:36.867000+00:00,2026-01-06 03:03:36.970705+00:00,216.867,0.56,0.55,0.57,0.44,0.43,0.45,,,,
2026-01-06 03:03:38.987000+00:00,2026-01-06 03:03:38.985863+00:00,218.987,0.555,0.55,0.56,0.45,0.44,0.46,,,,
2026-01-06 03:03:40.939000+00:00,2026-01-06 03:03:40.979903+00:00,220.939,0.58,0.57,0.59,0.42,0.41,0.43,,,,
2026-01-06 03:03:41.650000+00:00,2026-01-06 03:03:41.955874+00:00,221.65,0.58,0.57,0.59,0.42,0.41,0.43,,,,
2026-01-06 03:03:42.936000+00:00,2026-01-06 03:03:43.089439+00:00,222.936,0.58,0.57,0.59,0.42,0.41,0.43,,,,
2026-01-06 03:03:43.457000+00:00,2026-01-06 03:03:43.992207+00:00,223.457,0.58,0.57,0.59,0.42,0.41,0.43,,,,
2026-01-06 03:03:44.935000+00:00,2026-01-06 03:03:45.005440+00:00,224.935,0.58,0.57,0.59,0.42,0.41,0.43,,,,
2026-01-06 03:03:46.032000+00:00,2026-01-06 03:03:46.057393+00:00,226.032,0.58,0.57,0.59,0.415,0.41,0.42,,,,
2026-01-06 03:03:47.071000+00:00,2026-01-06 03:03:47.080578+00:00,227.071,0.585,0.58,0.59,0.415,0.41,0.42,,,,
2026-01-06 03:03:48.006000+00:00,2026-01-06 03:03:48.056279+00:00,228.006,0.58,0.57,0.59,0.42,0.41,0.43,,,,
2026-01-06 03:03:49.097000+00:00,2026-01-06 03:03:49.088501+00:00,229.097,0.58,0.57,0.59,0.425,0.41,0.44,,,,
2026-01-06 03:03:50.060000+00:00,2026-01-06 03:03:50.071523+00:00,230.06,0.575,0.56,0.59,0.42,0.41,0.43,,,,
2026-01-06 03:03:51.087000+00:00,2026-01-06 03:03:51.087783+00:00,231.087,0.59,0.58,0.6,0.405,0.4,0.41,,,,
2026-01-06 03:03:52.082000+00:00,2026-01-06 03:03:52.341245+00:00,232.082,0.63,0.62,0.64,0.365,0.35,0.38,,,,
2026-01-06 03:03:53.927000+00:00,2026-01-06 03:03:54.085935+00:00,233.927,0.635,0.62,0.65,0.365,0.35,0.38,,,,
2026-01-06 03:03:55.111000+00:00,2026-01-06 03:03:55.124120+00:00,235.111,0.645,0.63,0.66,0.365,0.35,0.38,,,,
2026-01-06 03:03:56.957000+00:00,2026-01-06 03:03:57.074697+00:00,236.957,0.635,0.62,0.65,0.365,0.35,0.38,,,,
2026-01-06 03:03:57.931000+00:00,2026-01-06 03:03:58.039359+00:00,237.931,0.635,0.62,0.65,0.365,0.35,0.38,,,,
2026-01-06 03:03:59.982000+00:00,2026-01-06 03:04:00.055273+00:00,239.982,0.635,0.62,0.65,0.365,0.35,0.38,,,,
2026-01-06 03:04:01.076000+00:00,2026-01-06 03:04:01.089418+00:00,241.076,0.67,0.66,0.68,0.325,0.32,0.33,,,,
2026-01-06 03:04:02.935000+00:00,2026-01-06 03:04:03.092696+00:00,242.935,0.73,0.71,0.75,0.27,0.25,0.29,,,,
2026-01-06 03:04:04.082000+00:00,2026-01-06 03:04:04.089162+00:00,244.082,0.705,0.7,0.71,0.285,0.27,0.3,,,,
2026-01-06 03:04:05.066000+00:00,2026-01-06 03:04:05.111149+00:00,245.066,0.71,0.7,0.72,0.295,0.29,0.3,,,,
2026-01-06 03:04:06.092000+00:00,2026-01-06 03:04:06.126335+00:00,246.092,0.675,0.67,0.68,0.325,0.32,0.33,,,,
2026-01-06 03:04:07.083000+00:00,2026-01-06 03:04:07.109934+00:00,247.083,0.665,0.65,0.68,0.3349999999999999,0.32,0.35,,,,
2026-01-06 03:04:08.155000+00:00,2026-01-06 03:04:08.188416+00:00,248.155,0.66,0.65,0.67,0.325,0.32,0.33,,,,
2026-01-06 03:04:09.245000+00:00,2026-01-06 03:04:09.242261+00:00,249.245,0.7,0.68,0.72,0.29,0.28,0.3,,,,
2026-01-06 03:04:10.937000+00:00,2026-01-06 03:04:11.164549+00:00,250.937,0.695,0.69,0.7,0.305,0.3,0.31,,,,
2026-01-06 03:04:12.990000+00:00,2026-01-06 03:04:13.191272+00:00,252.99,0.7,0.69,0.71,0.3,0.29,0.31,,,,
2026-01-06 03:04:14.165000+00:00,2026-01-06 03:04:14.192828+00:00,254.165,0.69,0.68,0.7,0.31,0.3,0.32,,,,
2026-01-06 03:04:15.260000+00:00,2026-01-06 03:04:15.353465+00:00,255.26,0.69,0.68,0.7,0.31,0.3,0.32,,,,
2026-01-06 03:04:16.466000+00:00,2026-01-06 03:04:16.472048+00:00,256.466,0.705,0.69,0.72,0.3,0.29,0.31,,,,
2026-01-06 03:04:17.002000+00:00,2026-01-06 03:04:17.224888+00:00,257.002,0.7,0.69,0.71,0.295,0.29,0.3,,,,
2026-01-06 03:04:18.034000+00:00,2026-01-06 03:04:18.260560+00:00,258.034,0.715,0.71,0.72,0.285,0.28,0.29,,,,
2026-01-06 03:04:19.095000+00:00,2026-01-06 03:04:19.260605+00:00,259.095,0.715,0.71,0.72,0.285,0.28,0.29,,,,
2026-01-06 03:04:20.008000+00:00,2026-01-06 03:04:20.256538+00:00,260.008,0.71,0.7,0.72,0.29,0.28,0.3,,,,
2026-01-06 03:04:21.192000+00:00,2026-01-06 03:04:21.338925+00:00,261.192,0.705,0.7,0.71,0.295,0.29,0.3,,,,
2026-01-06 03:04:22.005000+00:00,2026-01-06 03:04:22.308863+00:00,262.005,0.71,0.7,0.72,0.29,0.28,0.3,,,,
2026-01-06 03:04:23.941000+00:00,2026-01-06 03:04:24.287897+00:00,263.941,0.6799999999999999,0.67,0.69,0.32,0.31,0.33,,,,
2026-01-06 03:04:25.283000+00:00,2026-01-06 03:04:25.344291+00:00,265.283,0.6799999999999999,0.67,0.69,0.325,0.32,0.33,,,,
2026-01-06 03:04:26.613000+00:00,2026-01-06 03:04:26.712466+00:00,266.613,0.675,0.67,0.68,0.325,0.32,0.33,,,,
2026-01-06 03:04:27.383000+00:00,2026-01-06 03:04:27.392984+00:00,267.383,0.635,0.62,0.65,0.37,0.36,0.38,,,,
2026-01-06 03:04:28.547000+00:00,2026-01-06 03:04:28.638315+00:00,268.547,0.65,0.64,0.66,0.36,0.35,0.37,,,,
2026-01-06 03:04:29.600000+00:00,2026-01-06 03:04:29.603712+00:00,269.6,0.64,0.63,0.65,0.35,0.34,0.36,,,,
2026-01-06 03:04:30.262000+00:00,2026-01-06 03:04:30.591549+00:00,270.262,0.64,0.63,0.65,0.37,0.36,0.38,,,,
2026-01-06 03:04:31.390000+00:00,2026-01-06 03:04:31.639472+00:00,271.39,0.64,0.63,0.65,0.36,0.35,0.37,,,,
2026-01-06 03:04:32.366000+00:00,2026-01-06 03:04:32.637974+00:00,272.366,0.64,0.63,0.65,0.37,0.36,0.38,,,,
2026-01-06 03:04:33.571000+00:00,2026-01-06 03:04:33.642582+00:00,273.571,0.61,0.6,0.62,0.39,0.38,0.4,,,,
2026-01-06 03:04:34.677000+00:00,2026-01-06 03:04:34.641258+00:00,274.677,0.6,0.59,0.61,0.4,0.39,0.41,,,,
2026-01-06 03:04:35.623000+00:00,2026-01-06 03:04:35.734756+00:00,275.623,0.615,0.61,0.62,0.375,0.37,0.38,,,,
2026-01-06 03:04:36.628000+00:00,2026-01-06 03:04:36.674134+00:00,276.628,0.615,0.61,0.62,0.395,0.38,0.41,,,,
2026-01-06 03:04:37.705000+00:00,2026-01-06 03:04:37.722990+00:00,277.705,0.615,0.6,0.63,0.38,0.37,0.39,,,,
2026-01-06 03:04:38.681000+00:00,2026-01-06 03:04:38.691817+00:00,278.681,0.645,0.64,0.65,0.355,0.35,0.36,,,,
2026-01-06 03:04:39.521000+00:00,2026-01-06 03:04:39.724871+00:00,279.521,0.64,0.63,0.65,0.355,0.35,0.36,,,,
2026-01-06 03:04:40.390000+00:00,2026-01-06 03:04:40.851932+00:00,280.39,0.645,0.64,0.65,0.355,0.35,0.36,,,,
2026-01-06 03:04:41.641000+00:00,2026-01-06 03:04:41.719544+00:00,281.641,0.645,0.64,0.65,0.355,0.35,0.36,,,,
2026-01-06 03:04:42.721000+00:00,2026-01-06 03:04:42.746080+00:00,282.721,0.705,0.7,0.71,0.295,0.29,0.3,,,,
2026-01-06 03:04:43.828000+00:00,2026-01-06 03:04:43.857712+00:00,283.828,0.695,0.69,0.7,0.305,0.3,0.31,,,,
2026-01-06 03:04:44.799000+00:00,2026-01-06 03:04:44.796583+00:00,284.799,0.7,0.69,0.71,0.3,0.29,0.31,,,,
2026-01-06 03:04:45.646000+00:00,2026-01-06 03:04:45.755948+00:00,285.646,0.7,0.69,0.71,0.3,0.29,0.31,,,,
2026-01-06 03:04:46.701000+00:00,2026-01-06 03:04:46.788951+00:00,286.701,0.7,0.69,0.71,0.295,0.29,0.3,,,,
2026-01-06 03:04:47.846000+00:00,2026-01-06 03:04:47.859413+00:00,287.846,0.705,0.7,0.71,0.295,0.29,0.3,,,,
2026-01-06 03:04:48.635000+00:00,2026-01-06 03:04:48.842491+00:00,288.635,0.7,0.69,0.71,0.3,0.29,0.31,,,,
2026-01-06 03:04:49.059000+00:00,2026-01-06 03:04:49.798221+00:00,289.059,0.7,0.69,0.71,0.295,0.29,0.3,,,,
2026-01-06 03:04:50.578000+00:00,2026-01-06 03:04:50.877504+00:00,290.578,0.705,0.7,0.71,0.295,0.29,0.3,,,,
2026-01-06 03:04:51.656000+00:00,2026-01-06 03:04:51.851498+00:00,291.656,0.705,0.7,0.71,0.295,0.29,0.3,,,,
2026-01-06 03:04:52.882000+00:00,2026-01-06 03:04:52.913158+00:00,292.882,0.715,0.71,0.72,0.285,0.28,0.29,,,,
2026-01-06 03:04:53.931000+00:00,2026-01-06 03:04:53.937511+00:00,293.931,0.705,0.7,0.71,0.295,0.29,0.3,,,,
2026-01-06 03:04:55.009000+00:00,2026-01-06 03:04:55.091293+00:00,295.009,0.71,0.7,0.72,0.29,0.28,0.3,,,,
2026-01-06 03:04:56.083000+00:00,2026-01-06 03:04:56.088513+00:00,296.083,0.71,0.7,0.72,0.29,0.28,0.3,,,,
2026-01-06 03:04:57.934000+00:00,2026-01-06 03:04:58.138399+00:00,297.934,0.715,0.71,0.72,0.285,0.28,0.29,,,,
2026-01-06 03:04:59.001000+00:00,2026-01-06 03:04:59.237540+00:00,299.001,0.715,0.71,0.72,0.285,0.28,0.29,,,,
2026-01-06 03:05:00.231000+00:00,2026-01-06 03:05:00.244539+00:00,300.231,0.715,0.71,0.72,0.285,0.28,0.29,,,,
2026-01-06 03:05:01.159000+00:00,2026-01-06 03:05:01.160408+00:00,301.159,0.71,0.7,0.72,0.3,0.29,0.31,,,,
2026-01-06 03:05:02.113000+00:00,2026-01-06 03:05:02.144955+00:00,302.113,0.695,0.69,0.7,0.305,0.3,0.31,,,,
2026-01-06 03:05:03.056000+00:00,2026-01-06 03:05:03.174885+00:00,303.056,0.695,0.69,0.7,0.305,0.3,0.31,,,,
2026-01-06 03:05:04.183000+00:00,2026-01-06 03:05:04.273346+00:00,304.183,0.715,0.71,0.72,0.285,0.28,0.29,,,,
2026-01-06 03:05:05.368000+00:00,2026-01-06 03:05:05.376187+00:00,305.368,0.695,0.69,0.7,0.305,0.3,0.31,,,,
2026-01-06 03:05:06.375000+00:00,2026-01-06 03:05:06.376653+00:00,306.375,0.715,0.71,0.72,0.285,0.28,0.29,,,,
2026-01-06 03:05:07.380000+00:00,2026-01-06 03:05:07.368983+00:00,307.38,0.715,0.71,0.72,0.29,0.28,0.3,,,,
2026-01-06 03:05:08.244000+00:00,2026-01-06 03:05:08.340360+00:00,308.244,0.7,0.69,0.71,0.3,0.29,0.31,,,,
2026-01-06 03:05:09.240000+00:00,2026-01-06 03:05:09.307262+00:00,309.24,0.7,0.69,0.71,0.3,0.29,0.31,,,,
2026-01-06 03:05:10.294000+00:00,2026-01-06 03:05:10.318838+00:00,310.294,0.695,0.69,0.7,0.325,0.31,0.34,,,,
2026-01-06 03:05:11.330000+00:00,2026-01-06 03:05:11.336721+00:00,311.33,0.675,0.67,0.68,0.325,0.32,0.33,,,,
2026-01-06 03:05:12.257000+00:00,2026-01-06 03:05:12.318104+00:00,312.257,0.725,0.72,0.73,0.275,0.27,0.28,,,,
2026-01-06 03:05:13.244000+00:00,2026-01-06 03:05:13.285955+00:00,313.244,0.725,0.72,0.73,0.275,0.27,0.28,,,,
2026-01-06 03:05:14.555000+00:00,2026-01-06 03:05:14.602945+00:00,314.555,0.73,0.72,0.74,0.27,0.26,0.28,,,,
2026-01-06 03:05:15.292000+00:00,2026-01-06 03:05:15.306129+00:00,315.292,0.735,0.73,0.74,0.265,0.26,0.27,,,,
2026-01-06 03:05:16.287000+00:00,2026-01-06 03:05:16.350265+00:00,316.287,0.73,0.72,0.74,0.27,0.26,0.28,,,,
2026-01-06 03:05:17.299000+00:00,2026-01-06 03:05:17.304801+00:00,317.299,0.75,0.74,0.76,0.25,0.24,0.26,,,,
2026-01-06 03:05:18.352000+00:00,2026-01-06 03:05:18.384821+00:00,318.352,0.75,0.74,0.76,0.25,0.24,0.26,,,,
2026-01-06 03:05:19.284000+00:00,2026-01-06 03:05:19.305430+00:00,319.284,0.755,0.75,0.76,0.24,0.23,0.25,,,,
2026-01-06 03:05:20.212000+00:00,2026-01-06 03:05:20.308335+00:00,320.212,0.75,0.74,0.76,0.25,0.24,0.26,,,,
2026-01-06 03:05:21.113000+00:00,2026-01-06 03:05:21.362946+00:00,321.113,0.75,0.74,0.76,0.25,0.24,0.26,,,,
2026-01-06 03:05:22.202000+00:00,2026-01-06 03:05:22.371217+00:00,322.202,0.755,0.75,0.76,0.24,0.23,0.25,,,,
2026-01-06 03:05:23.394000+00:00,2026-01-06 03:05:23.420871+00:00,323.394,0.765,0.75,0.78,0.2299999999999999,0.22,0.24,,,,
2026-01-06 03:05:24.295000+00:00,2026-01-06 03:05:24.392405+00:00,324.295,0.775,0.77,0.78,0.22,0.21,0.23,,,,
2026-01-06 03:05:25.385000+00:00,2026-01-06 03:05:25.401355+00:00,325.385,0.795,0.79,0.8,0.205,0.2,0.21,,,,
2026-01-06 03:05:26.361000+00:00,2026-01-06 03:05:26.372406+00:00,326.361,0.8200000000000001,0.81,0.83,0.1699999999999999,0.16,0.18,,,,
2026-01-06 03:05:27.314000+00:00,2026-01-06 03:05:27.370727+00:00,327.314,0.83,0.82,0.84,0.1699999999999999,0.16,0.18,,,,
2026-01-06 03:05:28.369000+00:00,2026-01-06 03:05:28.399919+00:00,328.369,0.84,0.83,0.85,0.16,0.15,0.17,,,,
2026-01-06 03:05:29.320000+00:00,2026-01-06 03:05:29.451337+00:00,329.32,0.84,0.83,0.85,0.16,0.15,0.17,,,,
2026-01-06 03:05:30.380000+00:00,2026-01-06 03:05:30.470298+00:00,330.38,0.84,0.83,0.85,0.155,0.15,0.16,,,,
2026-01-06 03:05:31.184000+00:00,2026-01-06 03:05:31.400781+00:00,331.184,0.85,0.84,0.86,0.15,0.14,0.16,,,,
2026-01-06 03:05:32.391000+00:00,2026-01-06 03:05:32.410195+00:00,332.391,0.85,0.84,0.86,0.15,0.14,0.16,,,,
2026-01-06 03:05:33.404000+00:00,2026-01-06 03:05:33.436240+00:00,333.404,0.875,0.87,0.88,0.12,0.11,0.13,,,,
2026-01-06 03:05:34.439000+00:00,2026-01-06 03:05:34.442115+00:00,334.439,0.89,0.88,0.9,0.11,0.1,0.12,,,,
2026-01-06 03:05:35.426000+00:00,2026-01-06 03:05:35.461301+00:00,335.426,0.895,0.89,0.9,0.12,0.11,0.13,,,,
2026-01-06 03:05:36.407000+00:00,2026-01-06 03:05:36.455876+00:00,336.407,0.88,0.87,0.89,0.135,0.13,0.14,,,,
2026-01-06 03:05:37.388000+00:00,2026-01-06 03:05:37.482782+00:00,337.388,0.87,0.86,0.88,0.13,0.12,0.14,,,,
2026-01-06 03:05:38.489000+00:00,2026-01-06 03:05:38.508565+00:00,338.489,0.865,0.86,0.87,0.135,0.13,0.14,,,,
2026-01-06 03:05:39.488000+00:00,2026-01-06 03:05:39.520596+00:00,339.488,0.875,0.87,0.88,0.1149999999999999,0.11,0.12,,,,
2026-01-06 03:05:40.442000+00:00,2026-01-06 03:05:40.521497+00:00,340.442,0.88,0.87,0.89,0.1149999999999999,0.11,0.12,,,,
2026-01-06 03:05:41.520000+00:00,2026-01-06 03:05:41.573893+00:00,341.52,0.895,0.89,0.9,0.105,0.1,0.11,,,,
2026-01-06 03:05:42.463000+00:00,2026-01-06 03:05:42.592911+00:00,342.463,0.89,0.88,0.9,0.11,0.1,0.12,,,,
2026-01-06 03:05:43.624000+00:00,2026-01-06 03:05:43.649876+00:00,343.624,0.89,0.88,0.9,0.125,0.12,0.13,,,,
2026-01-06 03:05:44.613000+00:00,2026-01-06 03:05:44.623766+00:00,344.613,0.88,0.87,0.89,0.12,0.11,0.13,,,,
2026-01-06 03:05:45.397000+00:00,2026-01-06 03:05:45.617593+00:00,345.397,0.88,0.87,0.89,0.12,0.11,0.13,,,,
2026-01-06 03:05:46.203000+00:00,2026-01-06 03:05:46.633972+00:00,346.203,0.89,0.88,0.9,0.11,0.1,0.12,,,,
2026-01-06 03:05:47.604000+00:00,2026-01-06 03:05:47.640768+00:00,347.604,0.895,0.89,0.9,0.105,0.1,0.11,,,,
2026-01-06 03:05:48.615000+00:00,2026-01-06 03:05:48.652896+00:00,348.615,0.895,0.89,0.9,0.105,0.1,0.11,,,,
2026-01-06 03:05:49.607000+00:00,2026-01-06 03:05:49.665481+00:00,349.607,0.895,0.89,0.9,0.105,0.1,0.11,,,,
2026-01-06 03:05:51.900000+00:00,2026-01-06 03:05:51.908293+00:00,351.9,0.9,0.89,0.91,0.1,0.09,0.11,,,,
2026-01-06 03:05:52.857000+00:00,2026-01-06 03:05:52.912797+00:00,352.857,0.89,0.88,0.9,0.1149999999999999,0.11,0.12,,,,
2026-01-06 03:05:53.980000+00:00,2026-01-06 03:05:53.978318+00:00,353.98,0.88,0.87,0.89,0.12,0.11,0.13,,,,
2026-01-06 03:05:54.940000+00:00,2026-01-06 03:05:54.951265+00:00,354.94,0.88,0.87,0.89,0.12,0.11,0.13,,,,
2026-01-06 03:05:55.928000+00:00,2026-01-06 03:05:55.965689+00:00,355.928,0.88,0.87,0.89,0.12,0.11,0.13,,,,
2026-01-06 03:05:56.714000+00:00,2026-01-06 03:05:56.982546+00:00,356.714,0.88,0.87,0.89,0.12,0.11,0.13,,,,
2026-01-06 03:05:57.992000+00:00,2026-01-06 03:05:58.035133+00:00,357.992,0.88,0.87,0.89,0.12,0.11,0.13,,,,
2026-01-06 03:05:58.987000+00:00,2026-01-06 03:05:59.002143+00:00,358.987,0.875,0.87,0.88,0.12,0.11,0.13,,,,
2026-01-06 03:05:59.987000+00:00,2026-01-06 03:05:59.990715+00:00,359.987,0.87,0.86,0.88,0.14,0.13,0.15,,,,
2026-01-06 03:06:01.019000+00:00,2026-01-06 03:06:01.016266+00:00,361.019,0.84,0.83,0.85,0.165,0.16,0.17,,,,
2026-01-06 03:06:02.952000+00:00,2026-01-06 03:06:03.018855+00:00,362.952,0.85,0.84,0.86,0.16,0.15,0.17,,,,
2026-01-06 03:06:03.972000+00:00,2026-01-06 03:06:04.004677+00:00,363.972,0.825,0.82,0.83,0.175,0.17,0.18,,,,
2026-01-06 03:06:05.940000+00:00,2026-01-06 03:06:06.204759+00:00,365.94,0.83,0.82,0.84,0.1699999999999999,0.16,0.18,,,,
2026-01-06 03:06:07.078000+00:00,2026-01-06 03:06:07.190519+00:00,367.078,0.815,0.81,0.82,0.185,0.18,0.19,,,,
2026-01-06 03:06:08.220000+00:00,2026-01-06 03:06:08.234395+00:00,368.22,0.815,0.81,0.82,0.185,0.18,0.19,,,,
2026-01-06 03:06:09.248000+00:00,2026-01-06 03:06:09.252169+00:00,369.248,0.815,0.81,0.82,0.185,0.18,0.19,,,,
2026-01-06 03:06:10.457000+00:00,2026-01-06 03:06:10.517894+00:00,370.457,0.815,0.81,0.82,0.185,0.18,0.19,,,,
2026-01-06 03:06:11.243000+00:00,2026-01-06 03:06:11.287608+00:00,371.243,0.805,0.8,0.81,0.195,0.19,0.2,,,,
2026-01-06 03:06:12.261000+00:00,2026-01-06 03:06:12.276722+00:00,372.261,0.815,0.81,0.82,0.185,0.18,0.19,,,,
2026-01-06 03:06:13.575000+00:00,2026-01-06 03:06:13.576048+00:00,373.575,0.845,0.84,0.85,0.15,0.14,0.16,,,,
2026-01-06 03:06:14.213000+00:00,2026-01-06 03:06:14.250623+00:00,374.213,0.835,0.83,0.84,0.16,0.15,0.17,,,,
2026-01-06 03:06:15.955000+00:00,2026-01-06 03:06:16.236531+00:00,375.955,0.85,0.84,0.86,0.15,0.14,0.16,,,,
2026-01-06 03:06:17.002000+00:00,2026-01-06 03:06:17.288002+00:00,377.002,0.85,0.84,0.86,0.15,0.14,0.16,,,,
2026-01-06 03:06:18.267000+00:00,2026-01-06 03:06:18.287593+00:00,378.267,0.85,0.84,0.86,0.15,0.14,0.16,,,,
2026-01-06 03:06:19.371000+00:00,2026-01-06 03:06:19.408909+00:00,379.371,0.85,0.84,0.86,0.15,0.14,0.16,,,,
2026-01-06 03:06:20.292000+00:00,2026-01-06 03:06:20.351024+00:00,380.292,0.865,0.86,0.87,0.135,0.13,0.14,,,,
2026-01-06 03:06:21.913000+00:00,2026-01-06 03:06:22.399478+00:00,381.913,0.85,0.84,0.86,0.15,0.14,0.16,,,,
2026-01-06 03:06:23.304000+00:00,2026-01-06 03:06:23.322667+00:00,383.304,0.85,0.84,0.86,0.15,0.14,0.16,,,,
2026-01-06 03:06:24.264000+00:00,2026-01-06 03:06:24.393982+00:00,384.264,0.855,0.85,0.86,0.145,0.14,0.15,,,,
2026-01-06 03:06:25.334000+00:00,2026-01-06 03:06:25.381701+00:00,385.334,0.865,0.86,0.87,0.135,0.13,0.14,,,,
2026-01-06 03:06:26.419000+00:00,2026-01-06 03:06:26.335505+00:00,386.419,0.875,0.87,0.88,0.125,0.12,0.13,,,,
2026-01-06 03:06:27.370000+00:00,2026-01-06 03:06:27.455158+00:00,387.37,0.87,0.86,0.88,0.13,0.12,0.14,,,,
2026-01-06 03:06:28.367000+00:00,2026-01-06 03:06:28.382618+00:00,388.367,0.88,0.87,0.89,0.12,0.11,0.13,,,,
2026-01-06 03:06:29.311000+00:00,2026-01-06 03:06:29.405521+00:00,389.311,0.87,0.86,0.88,0.13,0.12,0.14,,,,
2026-01-06 03:06:30.232000+00:00,2026-01-06 03:06:30.401891+00:00,390.232,0.875,0.87,0.88,0.125,0.12,0.13,,,,
2026-01-06 03:06:31.306000+00:00,2026-01-06 03:06:31.422547+00:00,391.306,0.88,0.87,0.89,0.12,0.11,0.13,,,,
2026-01-06 03:06:32.351000+00:00,2026-01-06 03:06:32.448900+00:00,392.351,0.885,0.88,0.89,0.1149999999999999,0.11,0.12,,,,
2026-01-06 03:06:33.369000+00:00,2026-01-06 03:06:33.420948+00:00,393.369,0.87,0.86,0.88,0.125,0.12,0.13,,,,
2026-01-06 03:06:34.319000+00:00,2026-01-06 03:06:34.440334+00:00,394.319,0.875,0.87,0.88,0.125,0.12,0.13,,,,
2026-01-06 03:11:56.594000+00:00,2026-01-06 03:11:56.759053+00:00,716.594,0.9,0.89,0.91,0.1,0.09,0.11,,,,
2026-01-06 03:11:57.507000+00:00,2026-01-06 03:11:57.764283+00:00,717.507,0.89,0.88,0.9,0.1,0.08,0.12,,,,
2026-01-06 03:11:58.648000+00:00,2026-01-06 03:11:58.758875+00:00,718.648,0.905,0.89,0.92,0.095,0.08,0.11,,,,
2026-01-06 03:11:59.424000+00:00,2026-01-06 03:11:59.757244+00:00,719.424,0.905,0.89,0.92,0.095,0.08,0.11,,,,
2026-01-06 03:12:00.670000+00:00,2026-01-06 03:12:00.756024+00:00,720.67,0.905,0.89,0.92,0.085,0.07,0.1,,,,
2026-01-06 03:12:01.762000+00:00,2026-01-06 03:12:01.771289+00:00,721.762,0.95,0.94,0.96,0.045,0.04,0.05,,,,
2026-01-06 03:12:02.759000+00:00,2026-01-06 03:12:02.780207+00:00,722.759,0.955,0.95,0.96,0.045,0.04,0.05,,,,
2026-01-06 03:12:03.785000+00:00,2026-01-06 03:12:03.792391+00:00,723.785,0.955,0.95,0.96,0.045,0.04,0.05,,,,
2026-01-06 03:12:04.723000+00:00,2026-01-06 03:12:04.789068+00:00,724.723,0.955,0.95,0.96,0.045,0.04,0.05,,,,
2026-01-06 03:12:05.726000+00:00,2026-01-06 03:12:05.794590+00:00,725.726,0.955,0.95,0.96,0.045,0.04,0.05,,,,
2026-01-06 03:12:06.782000+00:00,2026-01-06 03:12:06.787727+00:00,726.782,0.95,0.94,0.96,0.05,0.04,0.06,,,,
2026-01-06 03:12:07.467000+00:00,2026-01-06 03:12:07.809912+00:00,727.467,0.955,0.95,0.96,0.05,0.04,0.06,,,,
2026-01-06 03:12:08.765000+00:00,2026-01-06 03:12:08.807949+00:00,728.765,0.95,0.94,0.96,0.05,0.04,0.06,,,,
2026-01-06 03:12:09.026000+00:00,2026-01-06 03:12:09.819516+00:00,729.026,0.95,0.94,0.96,0.05,0.04,0.06,,,,
2026-01-06 03:12:10.744000+00:00,2026-01-06 03:12:10.820162+00:00,730.744,0.95,0.94,0.96,0.05,0.04,0.06,,,,
2026-01-06 03:12:11.320000+00:00,2026-01-06 03:12:11.826391+00:00,731.32,0.95,0.94,0.96,0.045,0.04,0.05,,,,
2026-01-06 03:12:12.719000+00:00,2026-01-06 03:12:12.835103+00:00,732.719,0.955,0.95,0.96,0.045,0.04,0.05,,,,
2026-01-06 03:12:13.392000+00:00,2026-01-06 03:12:13.846457+00:00,733.392,0.955,0.95,0.96,0.045,0.04,0.05,,,,
2026-01-06 03:12:14.625000+00:00,2026-01-06 03:12:14.843843+00:00,734.625,0.955,0.95,0.96,0.045,0.04,0.05,,,,
2026-01-06 03:12:17.595000+00:00,2026-01-06 03:12:17.596768+00:00,737.595,0.97,0.96,0.98,0.025,0.02,0.03,,,,
2026-01-06 03:12:18.571000+00:00,2026-01-06 03:12:18.636584+00:00,738.571,0.97,0.96,0.98,0.03,0.02,0.04,,,,
2026-01-06 03:12:21.541000+00:00,2026-01-06 03:12:21.241040+00:00,741.541,0.975,0.97,0.98,0.025,0.02,0.03,,,,
2026-01-06 03:12:23.163000+00:00,2026-01-06 03:12:23.509312+00:00,743.163,0.975,0.97,0.98,0.025,0.02,0.03,,,,
2026-01-06 03:12:25.865000+00:00,2026-01-06 03:12:26.042219+00:00,745.865,0.975,0.97,0.98,0.025,0.02,0.03,,,,
2026-01-06 03:12:28.947000+00:00,2026-01-06 03:12:29.277544+00:00,748.947,0.975,0.97,0.98,0.025,0.02,0.03,,,,
2026-01-06 03:12:33.287000+00:00,2026-01-06 03:12:32.955179+00:00,753.287,0.975,0.97,0.98,0.025,0.02,0.03,,,,
2026-01-06 03:12:36.277000+00:00,2026-01-06 03:12:36.377487+00:00,756.277,0.975,0.97,0.98,0.025,0.02,0.03,,,,
2026-01-06 03:12:38.771000+00:00,2026-01-06 03:12:38.772357+00:00,758.771,0.975,0.97,0.98,0.025,0.02,0.03,,,,
2026-01-06 03:12:39.120000+00:00,2026-01-06 03:12:39.903605+00:00,759.12,0.98,0.97,0.99,0.025,0.02,0.03,,,,
2026-01-06 03:12:40.883000+00:00,2026-01-06 03:12:40.947047+00:00,760.883,0.975,0.97,0.98,0.025,0.02,0.03,,,,
2026-01-06 03:12:41.938000+00:00,2026-01-06 03:12:41.953692+00:00,761.938,0.975,0.97,0.98,0.025,0.02,0.03,,,,
2026-01-06 03:12:43.003000+00:00,2026-01-06 03:12:43.018328+00:00,763.003,0.975,0.97,0.98,0.025,0.02,0.03,,,,
2026-01-06 03:12:44.216000+00:00,2026-01-06 03:12:44.186529+00:00,764.216,0.975,0.97,0.98,0.025,0.02,0.03,,,,
2026-01-06 03:12:45.220000+00:00,2026-01-06 03:12:45.883613+00:00,765.22,0.975,0.97,0.98,0.025,0.02,0.03,,,,
2026-01-06 03:12:46.905000+00:00,2026-01-06 03:12:46.916931+00:00,766.905,0.975,0.97,0.98,0.025,0.02,0.03,,,,
2026-01-06 03:12:47.929000+00:00,2026-01-06 03:12:48.268652+00:00,767.929,0.975,0.97,0.98,0.025,0.02,0.03,,,,
2026-01-06 03:12:49.199000+00:00,2026-01-06 03:12:49.269209+00:00,769.199,0.975,0.97,0.98,0.025,0.02,0.03,,,,
2026-01-06 03:12:51.642000+00:00,2026-01-06 03:12:51.680277+00:00,771.642,0.975,0.97,0.98,0.025,0.02,0.03,,,,
2026-01-06 03:12:52.747000+00:00,2026-01-06 03:12:52.753214+00:00,772.747,0.975,0.97,0.98,0.025,0.02,0.03,,,,
2026-01-06 03:12:54.003000+00:00,2026-01-06 03:12:54.081371+00:00,774.003,0.975,0.97,0.98,0.03,0.02,0.04,,,,
2026-01-06 03:12:55.390000+00:00,2026-01-06 03:12:55.303891+00:00,775.39,0.97,0.96,0.98,0.025,0.02,0.03,,,,
2026-01-06 03:12:56.454000+00:00,2026-01-06 03:12:56.481124+00:00,776.454,0.975,0.97,0.98,0.025,0.02,0.03,,,,
2026-01-06 03:12:57.282000+00:00,2026-01-06 03:12:57.699695+00:00,777.282,0.975,0.97,0.98,0.025,0.02,0.03,,,,
2026-01-06 03:12:59.078000+00:00,2026-01-06 03:12:59.182217+00:00,779.078,0.975,0.97,0.98,0.025,0.02,0.03,,,,
2026-01-06 03:13:00.176000+00:00,2026-01-06 03:13:00.226122+00:00,780.176,0.975,0.97,0.98,0.025,0.02,0.03,,,,
2026-01-06 03:13:01.047000+00:00,2026-01-06 03:13:01.235199+00:00,781.047,0.975,0.97,0.98,0.025,0.02,0.03,,,,
2026-01-06 03:13:02.085000+00:00,2026-01-06 03:13:02.252362+00:00,782.085,0.975,0.97,0.98,0.025,0.02,0.03,,,,
2026-01-06 03:13:03.009000+00:00,2026-01-06 03:13:03.252132+00:00,783.009,0.975,0.97,0.98,0.025,0.02,0.03,,,,
2026-01-06 03:13:04.295000+00:00,2026-01-06 03:13:04.347230+00:00,784.295,0.975,0.97,0.98,0.025,0.02,0.03,,,,
2026-01-06 03:13:05.001000+00:00,2026-01-06 03:13:05.347222+00:00,785.001,0.975,0.97,0.98,0.025,0.02,0.03,,,,
2026-01-06 03:13:06.034000+00:00,2026-01-06 03:13:06.331995+00:00,786.034,0.975,0.97,0.98,0.025,0.02,0.03,,,,
2026-01-06 03:13:07.756000+00:00,2026-01-06 03:13:07.957302+00:00,787.756,0.975,0.97,0.98,0.025,0.02,0.03,,,,
2026-01-06 03:13:08.935000+00:00,2026-01-06 03:13:09.016668+00:00,788.935,0.975,0.97,0.98,0.025,0.02,0.03,,,,
2026-01-06 03:13:10+00:00,2026-01-06 03:13:10.252861+00:00,790.0,0.975,0.97,0.98,0.025,0.02,0.03,,,,
2026-01-06 03:13:11.381000+00:00,2026-01-06 03:13:11.525123+00:00,791.381,0.975,0.97,0.98,0.025,0.02,0.03,,,,
2026-01-06 03:13:12.717000+00:00,2026-01-06 03:13:13.603915+00:00,792.717,0.975,0.97,0.98,0.025,0.02,0.03,,,,
2026-01-06 03:13:14.649000+00:00,2026-01-06 03:13:14.848184+00:00,794.649,0.975,0.97,0.98,0.025,0.02,0.03,,,,
2026-01-06 03:13:15.295000+00:00,2026-01-06 03:13:15.854918+00:00,795.295,0.975,0.97,0.98,0.025,0.02,0.03,,,,
2026-01-06 03:13:16.714000+00:00,2026-01-06 03:13:16.919130+00:00,796.714,0.975,0.97,0.98,0.025,0.02,0.03,,,,
2026-01-06 03:13:18.938000+00:00,2026-01-06 03:13:19.326356+00:00,798.938,0.975,0.97,0.98,0.025,0.02,0.03,,,,
2026-01-06 03:13:20.143000+00:00,2026-01-06 03:13:20.316510+00:00,800.143,0.975,0.97,0.98,0.025,0.02,0.03,,,,
2026-01-06 03:13:21.319000+00:00,2026-01-06 03:13:21.327614+00:00,801.319,0.98,0.97,0.99,0.02,0.01,0.03,,,,
2026-01-06 03:13:22.713000+00:00,2026-01-06 03:13:22.710639+00:00,802.713,0.985,0.98,0.99,0.015,0.01,0.02,,,,
2026-01-06 03:13:24.398000+00:00,2026-01-06 03:13:24.452844+00:00,804.398,0.985,0.98,0.99,0.015,0.01,0.02,,,,
2026-01-06 03:13:25.169000+00:00,2026-01-06 03:13:25.460766+00:00,805.169,0.985,0.98,0.99,0.015,0.01,0.02,,,,
2026-01-06 03:13:26.391000+00:00,2026-01-06 03:13:26.462615+00:00,806.391,0.985,0.98,0.99,0.015,0.01,0.02,,,,
2026-01-06 03:13:27.809000+00:00,2026-01-06 03:13:27.834124+00:00,807.809,0.985,0.98,0.99,0.015,0.01,0.02,,,,
2026-01-06 03:13:28.814000+00:00,2026-01-06 03:13:28.852299+00:00,808.814,0.985,0.98,0.99,0.015,0.01,0.02,,,,
2026-01-06 03:13:29.615000+00:00,2026-01-06 03:13:29.866020+00:00,809.615,0.985,0.98,0.99,0.015,0.01,0.02,,,,
2026-01-06 03:13:31.329000+00:00,2026-01-06 03:13:31.483069+00:00,811.329,0.985,0.98,0.99,0.015,0.01,0.02,,,,
2026-01-06 03:13:32.001000+00:00,2026-01-06 03:13:32.500575+00:00,812.001,0.985,0.98,0.99,0.015,0.01,0.02,,,,
2026-01-06 03:13:33.445000+00:00,2026-01-06 03:13:33.519589+00:00,813.445,0.985,0.98,0.99,0.02,,0.02,,,,
2026-01-06 03:13:36.619000+00:00,2026-01-06 03:13:36.845184+00:00,816.619,0.99,0.99,,0.01,,0.01,,,,
2026-01-06 03:13:37.738000+00:00,2026-01-06 03:13:37.843598+00:00,817.738,0.99,0.99,,0.01,,0.01,,,,
2026-01-06 03:13:38.903000+00:00,2026-01-06 03:13:38.894807+00:00,818.903,0.99,0.99,,0.01,,0.01,,,,
2026-01-06 03:13:40.058000+00:00,2026-01-06 03:13:40.147498+00:00,820.058,0.99,0.99,,0.01,,0.01,,,,
2026-01-06 03:13:41.099000+00:00,2026-01-06 03:13:41.239195+00:00,821.099,0.99,0.99,,0.01,,0.01,,,,
2026-01-06 03:13:42.001000+00:00,2026-01-06 03:13:42.245233+00:00,822.001,0.99,0.99,,0.01,,0.01,,,,
2026-01-06 03:13:44.178000+00:00,2026-01-06 03:13:44.264840+00:00,824.178,0.99,0.99,,0.01,,0.01,,,,
2026-01-06 03:13:45.338000+00:00,2026-01-06 03:13:45.451079+00:00,825.338,0.99,0.99,,0.01,,0.01,,,,
2026-01-06 03:13:46.934000+00:00,2026-01-06 03:13:46.968063+00:00,826.934,0.99,0.99,,0.01,,0.01,,,,
2026-01-06 03:13:48.935000+00:00,2026-01-06 03:13:49.379810+00:00,828.935,0.99,0.99,,0.01,,0.01,,,,
2026-01-06 03:13:50+00:00,2026-01-06 03:13:50.380331+00:00,830.0,0.99,0.99,,0.01,,0.01,,,,
2026-01-06 03:13:51.937000+00:00,2026-01-06 03:13:52.388900+00:00,831.937,0.99,0.99,,0.01,,0.01,,,,
2026-01-06 03:13:53.003000+00:00,2026-01-06 03:13:53.395638+00:00,833.003,0.99,0.99,,0.01,,0.01,,,,
2026-01-06 03:13:54.942000+00:00,2026-01-06 03:13:55.423027+00:00,834.942,0.99,0.99,,0.01,,0.01,,,,
2026-01-06 03:13:56.756000+00:00,2026-01-06 03:13:57.433111+00:00,836.756,0.99,0.99,,0.01,,0.01,,,,
2026-01-06 03:13:57.934000+00:00,2026-01-06 03:13:58.437660+00:00,837.934,0.99,0.99,,0.01,,0.01,,,,
2026-01-06 03:13:59.004000+00:00,2026-01-06 03:13:59.439003+00:00,839.004,0.99,0.99,,0.01,,0.01,,,,
2026-01-06 03:14:00.335000+00:00,2026-01-06 03:14:00.589678+00:00,840.335,0.99,0.99,,0.01,,0.01,,,,
2026-01-06 03:14:01.207000+00:00,2026-01-06 03:14:01.436246+00:00,841.207,0.99,0.99,,0.01,,0.01,,,,
2026-01-06 03:14:02.931000+00:00,2026-01-06 03:14:03.446968+00:00,842.931,0.99,0.99,,0.01,,0.01,,,,
2026-01-06 03:14:04.002000+00:00,2026-01-06 03:14:04.915298+00:00,844.002,0.99,0.99,,0.01,,0.01,,,,
2026-01-06 03:14:05.932000+00:00,2026-01-06 03:14:05.940753+00:00,845.932,0.99,0.99,,0.01,,0.01,,,,
2026-01-06 03:14:06.105000+00:00,2026-01-06 03:14:06.933630+00:00,846.105,0.99,0.99,,0.01,,0.01,,,,
2026-01-06 03:14:07.947000+00:00,2026-01-06 03:14:08.346762+00:00,847.947,0.99,0.99,,0.01,,0.01,,,,
2026-01-06 03:14:09.959000+00:00,2026-01-06 03:14:10.331997+00:00,849.959,0.99,0.99,,0.01,,0.01,,,,
2026-01-06 03:14:11.003000+00:00,2026-01-06 03:14:12.359173+00:00,851.003,0.99,0.99,,0.01,,0.01,,,,
2026-01-06 03:14:13.142000+00:00,2026-01-06 03:14:13.615722+00:00,853.142,0.99,0.99,,0.01,,0.01,,,,
2026-01-06 03:14:14.003000+00:00,2026-01-06 03:14:14.633002+00:00,854.003,0.99,0.99,,0.01,,0.01,,,,
2026-01-06 03:14:15.508000+00:00,2026-01-06 03:14:15.626320+00:00,855.508,0.99,0.99,,0.01,,0.01,,,,
2026-01-06 03:14:16.254000+00:00,2026-01-06 03:14:17.666243+00:00,856.254,0.99,0.99,,0.01,,0.01,,,,
2026-01-06 03:14:17.944000+00:00,2026-01-06 03:14:18.810345+00:00,857.944,0.99,0.99,,0.01,,0.01,,,,
2026-01-06 03:14:19.143000+00:00,2026-01-06 03:14:19.810794+00:00,859.143,0.99,0.99,,0.01,,0.01,,,,
2026-01-06 03:14:21.003000+00:00,2026-01-06 03:14:22.321538+00:00,861.003,0.99,0.99,,0.01,,0.01,,,,
2026-01-06 03:14:23.296000+00:00,2026-01-06 03:14:23.311732+00:00,863.296,0.99,0.99,,0.01,,0.01,,,,
2026-01-06 03:14:24.936000+00:00,2026-01-06 03:14:25.329111+00:00,864.936,0.99,0.99,,0.01,,0.01,,,,
2026-01-06 03:14:26.001000+00:00,2026-01-06 03:14:26.392007+00:00,866.001,0.99,0.99,,0.01,,0.01,,,,
2026-01-06 03:14:27.358000+00:00,2026-01-06 03:14:27.397999+00:00,867.358,0.99,0.99,,0.01,,0.01,,,,
2026-01-06 03:14:28.932000+00:00,2026-01-06 03:14:29.870323+00:00,868.932,0.99,0.99,,0.01,,0.01,,,,
2026-01-06 03:14:30.062000+00:00,2026-01-06 03:14:30.874151+00:00,870.062,0.99,0.99,,0.01,,0.01,,,,
2026-01-06 03:14:31.709000+00:00,2026-01-06 03:14:31.886340+00:00,871.709,0.99,0.99,,0.01,,0.01,,,,
2026-01-06 03:14:32.156000+00:00,2026-01-06 03:14:32.904188+00:00,872.156,0.99,0.99,,0.01,,0.01,,,,
2026-01-06 03:14:33.936000+00:00,2026-01-06 03:14:34.974470+00:00,873.936,0.99,0.99,,0.01,,0.01,,,,
2026-01-06 03:14:35.938000+00:00,2026-01-06 03:14:36.967576+00:00,875.938,0.99,0.99,,0.01,,0.01,,,,
2026-01-06 03:14:37.537000+00:00,2026-01-06 03:14:37.990371+00:00,877.537,0.99,0.99,,0.01,,0.01,,,,
2026-01-06 03:14:38.927000+00:00,2026-01-06 03:14:38.998264+00:00,878.927,0.99,0.99,,0.01,,0.01,,,,
2026-01-06 03:14:40.929000+00:00,2026-01-06 03:14:41.033572+00:00,880.929,0.99,0.99,,0.01,,0.01,,,,
2026-01-06 03:14:42.003000+00:00,2026-01-06 03:14:43.076629+00:00,882.003,0.99,0.99,,0.01,,0.01,,,,
2026-01-06 03:14:43.941000+00:00,2026-01-06 03:14:44.282011+00:00,883.941,0.99,0.99,,0.01,,0.01,,,,
2026-01-06 03:14:45.571000+00:00,2026-01-06 03:14:46.399315+00:00,885.571,0.99,0.99,,0.01,,0.01,,,,
2026-01-06 03:14:46.942000+00:00,2026-01-06 03:14:47.423367+00:00,886.942,0.99,0.99,,0.01,,0.01,,,,
2026-01-06 03:14:48.002000+00:00,2026-01-06 03:14:48.426625+00:00,888.002,0.99,0.99,,0.01,,0.01,,,,
2026-01-06 03:14:49.423000+00:00,2026-01-06 03:14:49.439231+00:00,889.423,0.99,0.99,,0.01,,0.01,,,,
2026-01-06 03:14:50.802000+00:00,2026-01-06 03:14:51.475285+00:00,890.802,0.99,0.99,,0.01,,0.01,,,,
2026-01-06 03:14:52.432000+00:00,2026-01-06 03:14:52.475802+00:00,892.432,0.99,0.99,,0.01,,0.01,,,,
2026-01-06 03:14:53.002000+00:00,2026-01-06 03:14:53.475120+00:00,893.002,0.99,0.99,,0.01,,0.01,,,,
2026-01-06 03:14:54.459000+00:00,2026-01-06 03:14:54.496319+00:00,894.459,0.99,0.99,,0.01,,0.01,,,,
2026-01-06 03:14:55.418000+00:00,2026-01-06 03:14:55.528878+00:00,895.418,0.99,0.99,,0.01,,0.01,,,,
2026-01-06 03:14:56.404000+00:00,2026-01-06 03:14:56.537039+00:00,896.404,0.99,0.99,,0.01,,0.01,,,,
2026-01-06 03:14:57.381000+00:00,2026-01-06 03:14:57.679260+00:00,897.381,0.99,0.99,,0.01,,0.01,,,,
2026-01-06 03:14:58.209000+00:00,2026-01-06 03:14:58.752823+00:00,898.209,0.99,0.99,,0.01,,0.01,,,,
2026-01-06 03:14:59.359000+00:00,2026-01-06 03:14:59.764150+00:00,899.359,0.99,0.99,,0.01,,0.01,,,,
