timestamp,seconds,mid,bid,ask,asset
2026-01-07 08:00:00+00:00,0.0,3254.331,3254.16,3254.38,ETH
2026-01-07 08:00:01+00:00,1.0,3253.801,3253.69,3254.03,ETH
2026-01-07 08:00:02+00:00,2.0,3253.801,3253.72,3254.02,ETH
2026-01-07 08:00:03+00:00,3.0,3253.801,3253.71,3253.92,ETH
2026-01-07 08:00:04+00:00,4.0,3253.561,3253.45,3254.01,ETH
2026-01-07 08:00:05+00:00,5.0,3253.431,3253.39,3253.79,ETH
2026-01-07 08:00:06+00:00,6.0,3253.121,3253.11,3253.67,ETH
2026-01-07 08:00:07+00:00,7.0,3253.101,3253.1,3253.61,ETH
2026-01-07 08:00:08+00:00,8.0,3253.101,3253.1,3253.54,ETH
2026-01-07 08:00:09+00:00,9.0,3253.341,3253.11,3253.5,ETH
2026-01-07 08:00:10+00:00,10.0,3253.341,3253.13,3253.51,ETH
2026-01-07 08:00:12+00:00,12.0,3253.211,3253.09,3253.46,ETH
2026-01-07 08:00:13+00:00,13.0,3253.351,3253.1,3253.56,ETH
2026-01-07 08:00:14+00:00,14.0,3253.641,3253.42,3253.77,ETH
2026-01-07 08:00:15+00:00,15.0,3253.641,3253.42,3254.15,ETH
2026-01-07 08:00:16+00:00,16.0,3253.641,3253.43,3253.92,ETH
2026-01-07 08:00:17+00:00,17.0,3253.371,3253.22,3253.83,ETH
2026-01-07 08:00:18+00:00,18.0,3253.241,3253.2,3253.54,ETH
2026-01-07 08:00:19+00:00,19.0,3253.491,3253.23,3253.65,ETH
2026-01-07 08:00:20+00:00,20.0,3253.491,3253.25,3253.67,ETH
2026-01-07 08:00:21+00:00,21.0,3253.491,3253.25,3253.62,ETH
2026-01-07 08:00:22+00:00,22.0,3253.491,3253.24,3253.63,ETH
2026-01-07 08:00:23+00:00,23.0,3253.491,3253.23,3253.61,ETH
2026-01-07 08:00:24+00:00,24.0,3253.491,3253.23,3253.62,ETH
2026-01-07 08:00:25+00:00,25.0,3253.491,3253.25,3253.61,ETH
2026-01-07 08:00:26+00:00,26.0,3253.491,3253.24,3253.63,ETH
2026-01-07 08:00:27+00:00,27.0,3253.191,3253.05,3253.24,ETH
2026-01-07 08:00:28+00:00,28.0,3253.011,3252.91,3253.12,ETH
2026-01-07 08:00:29+00:00,29.0,3252.921,3252.71,3253.12,ETH
2026-01-07 08:00:30+00:00,30.0,3252.911,3252.7,3253.07,ETH
2026-01-07 08:00:31+00:00,31.0,3252.921,3252.69,3253.19,ETH
2026-01-07 08:00:32+00:00,32.0,3252.921,3252.69,3253.21,ETH
2026-01-07 08:00:33+00:00,33.0,3252.911,3252.71,3253.22,ETH
2026-01-07 08:00:34+00:00,34.0,3253.261,3252.85,3253.4,ETH
2026-01-07 08:00:35+00:00,35.0,3253.501,3253.23,3253.67,ETH
2026-01-07 08:00:36+00:00,36.0,3253.971,3253.68,3254.06,ETH
2026-01-07 08:00:37+00:00,37.0,3254.221,3253.98,3254.31,ETH
2026-01-07 08:00:38+00:00,38.0,3254.231,3254.04,3254.38,ETH
2026-01-07 08:00:39+00:00,39.0,3254.231,3254.04,3254.46,ETH
2026-01-07 08:00:40+00:00,40.0,3254.231,3254.04,3254.52,ETH
2026-01-07 08:00:41+00:00,41.0,3254.101,3253.89,3254.35,ETH
2026-01-07 08:00:42+00:00,42.0,3253.891,3253.72,3254.12,ETH
2026-01-07 08:00:43+00:00,43.0,3253.801,3253.58,3253.99,ETH
2026-01-07 08:00:44+00:00,44.0,3253.661,3253.42,3253.88,ETH
2026-01-07 08:00:45+00:00,45.0,3253.491,3253.35,3253.67,ETH
2026-01-07 08:00:46+00:00,46.0,3253.471,3253.34,3253.52,ETH
2026-01-07 08:00:47+00:00,47.0,3253.481,3253.34,3253.52,ETH
2026-01-07 08:00:48+00:00,48.0,3253.421,3253.32,3253.52,ETH
2026-01-07 08:00:50+00:00,50.0,3253.331,3253.3,3253.42,ETH
2026-01-07 08:00:51+00:00,51.0,3252.991,3252.9,3253.21,ETH
2026-01-07 08:00:52+00:00,52.0,3252.991,3252.88,3253.21,ETH
2026-01-07 08:00:53+00:00,53.0,3252.981,3252.88,3253.21,ETH
2026-01-07 08:00:54+00:00,54.0,3253.001,3252.87,3253.21,ETH
2026-01-07 08:00:55+00:00,55.0,3252.941,3252.88,3253.21,ETH
2026-01-07 08:00:56+00:00,56.0,3252.961,3252.88,3253.21,ETH
2026-01-07 08:00:57+00:00,57.0,3253.001,3252.89,3253.21,ETH
2026-01-07 08:00:58+00:00,58.0,3253.021,3252.93,3253.21,ETH
2026-01-07 08:00:59+00:00,59.0,3253.081,3252.94,3253.34,ETH
2026-01-07 08:01:00+00:00,60.0,3253.351,3253.04,3253.56,ETH
2026-01-07 08:01:01+00:00,61.0,3253.551,3253.29,3253.72,ETH
2026-01-07 08:01:02+00:00,62.0,3253.741,3253.6,3253.96,ETH
2026-01-07 08:01:03+00:00,63.0,3254.061,3253.77,3254.27,ETH
2026-01-07 08:01:04+00:00,64.0,3254.191,3253.81,3254.45,ETH
2026-01-07 08:01:05+00:00,65.0,3254.331,3254.03,3254.54,ETH
2026-01-07 08:01:06+00:00,66.0,3254.431,3254.25,3254.53,ETH
2026-01-07 08:01:07+00:00,67.0,3254.191,3254.02,3254.28,ETH
2026-01-07 08:01:08+00:00,68.0,3253.971,3253.74,3254.08,ETH
2026-01-07 08:01:09+00:00,69.0,3253.951,3253.72,3254.06,ETH
2026-01-07 08:01:10+00:00,70.0,3253.951,3253.73,3254.05,ETH
2026-01-07 08:01:11+00:00,71.0,3253.951,3253.73,3254.06,ETH
2026-01-07 08:01:12+00:00,72.0,3253.891,3253.74,3254.04,ETH
2026-01-07 08:01:13+00:00,73.0,3253.821,3253.75,3254.0,ETH
2026-01-07 08:01:14+00:00,74.0,3253.791,3253.73,3253.98,ETH
2026-01-07 08:01:15+00:00,75.0,3253.761,3253.72,3253.96,ETH
2026-01-07 08:01:16+00:00,76.0,3253.781,3253.71,3253.96,ETH
2026-01-07 08:01:17+00:00,77.0,3253.781,3253.72,3253.96,ETH
2026-01-07 08:01:18+00:00,78.0,3253.811,3253.72,3253.96,ETH
2026-01-07 08:01:19+00:00,79.0,3253.841,3253.73,3253.96,ETH
2026-01-07 08:01:20+00:00,80.0,3253.831,3253.74,3253.96,ETH
2026-01-07 08:01:21+00:00,81.0,3253.821,3253.77,3253.96,ETH
2026-01-07 08:01:22+00:00,82.0,3253.901,3253.78,3254.24,ETH
2026-01-07 08:01:23+00:00,83.0,3254.061,3253.93,3254.24,ETH
2026-01-07 08:01:24+00:00,84.0,3254.061,3253.93,3254.24,ETH
2026-01-07 08:01:25+00:00,85.0,3254.381,3254.07,3254.69,ETH
2026-01-07 08:01:26+00:00,86.0,3254.521,3254.28,3254.68,ETH
2026-01-07 08:01:27+00:00,87.0,3254.501,3254.36,3254.68,ETH
2026-01-07 08:01:28+00:00,88.0,3254.441,3254.35,3254.44,ETH
2026-01-07 08:01:29+00:00,89.0,3254.211,3254.17,3254.3,ETH
2026-01-07 08:01:30+00:00,90.0,3254.631,3254.21,3254.7,ETH
2026-01-07 08:01:31+00:00,91.0,3254.641,3254.21,3254.69,ETH
2026-01-07 08:01:32+00:00,92.0,3254.821,3254.51,3255.08,ETH
2026-01-07 08:01:33+00:00,93.0,3255.031,3254.6,3255.29,ETH
2026-01-07 08:01:34+00:00,94.0,3255.241,3254.91,3255.43,ETH
2026-01-07 08:01:35+00:00,95.0,3255.371,3255.11,3255.44,ETH
2026-01-07 08:01:36+00:00,96.0,3255.371,3255.11,3255.44,ETH
2026-01-07 08:01:37+00:00,97.0,3255.311,3255.1,3255.44,ETH
2026-01-07 08:01:38+00:00,98.0,3255.441,3255.1,3255.47,ETH
2026-01-07 08:01:39+00:00,99.0,3255.441,3255.1,3255.48,ETH
2026-01-07 08:01:40+00:00,100.0,3255.281,3255.04,3255.41,ETH
2026-01-07 08:01:41+00:00,101.0,3255.091,3254.99,3255.28,ETH
2026-01-07 08:01:42+00:00,102.0,3254.661,3254.5,3254.72,ETH
2026-01-07 08:01:43+00:00,103.0,3254.661,3254.41,3254.84,ETH
2026-01-07 08:01:44+00:00,104.0,3254.661,3254.4,3254.7,ETH
2026-01-07 08:01:45+00:00,105.0,3254.661,3254.4,3254.71,ETH
2026-01-07 08:01:46+00:00,106.0,3254.661,3254.4,3254.76,ETH
2026-01-07 08:01:47+00:00,107.0,3254.661,3254.41,3254.77,ETH
2026-01-07 08:01:48+00:00,108.0,3254.621,3254.39,3254.67,ETH
2026-01-07 08:01:49+00:00,109.0,3254.661,3254.4,3254.77,ETH
2026-01-07 08:01:50+00:00,110.0,3254.661,3254.4,3254.7,ETH
2026-01-07 08:01:51+00:00,111.0,3254.661,3254.4,3254.74,ETH
2026-01-07 08:01:52+00:00,112.0,3254.631,3254.39,3254.67,ETH
2026-01-07 08:01:53+00:00,113.0,3254.631,3254.38,3254.67,ETH
2026-01-07 08:01:54+00:00,114.0,3254.631,3254.38,3254.67,ETH
2026-01-07 08:01:55+00:00,115.0,3254.641,3254.38,3254.68,ETH
2026-01-07 08:01:56+00:00,116.0,3254.641,3254.38,3254.68,ETH
2026-01-07 08:01:57+00:00,117.0,3254.641,3254.38,3254.68,ETH
2026-01-07 08:01:58+00:00,118.0,3254.641,3254.39,3254.68,ETH
2026-01-07 08:01:59+00:00,119.0,3254.561,3254.37,3254.66,ETH
2026-01-07 08:02:00+00:00,120.0,3254.481,3254.35,3254.73,ETH
2026-01-07 08:02:01+00:00,121.0,3254.641,3254.41,3254.91,ETH
2026-01-07 08:02:02+00:00,122.0,3254.721,3254.47,3254.87,ETH
2026-01-07 08:02:03+00:00,123.0,3254.651,3254.46,3254.77,ETH
2026-01-07 08:02:04+00:00,124.0,3254.651,3254.45,3254.77,ETH
2026-01-07 08:02:05+00:00,125.0,3254.281,3254.12,3254.4,ETH
2026-01-07 08:02:06+00:00,126.0,3253.871,3253.79,3254.02,ETH
2026-01-07 08:02:07+00:00,127.0,3253.821,3253.78,3254.02,ETH
2026-01-07 08:02:08+00:00,128.0,3253.821,3253.78,3254.03,ETH
2026-01-07 08:02:09+00:00,129.0,3253.821,3253.78,3254.03,ETH
2026-01-07 08:02:10+00:00,130.0,3253.821,3253.78,3254.03,ETH
2026-01-07 08:02:11+00:00,131.0,3253.821,3253.75,3253.99,ETH
2026-01-07 08:02:12+00:00,132.0,3253.761,3253.64,3253.83,ETH
2026-01-07 08:02:13+00:00,133.0,3253.751,3253.53,3253.83,ETH
2026-01-07 08:02:14+00:00,134.0,3253.761,3253.53,3253.83,ETH
2026-01-07 08:02:15+00:00,135.0,3253.781,3253.54,3253.83,ETH
2026-01-07 08:02:16+00:00,136.0,3253.791,3253.55,3253.83,ETH
2026-01-07 08:02:17+00:00,137.0,3253.771,3253.54,3253.83,ETH
2026-01-07 08:02:18+00:00,138.0,3253.761,3253.52,3253.83,ETH
2026-01-07 08:02:19+00:00,139.0,3253.821,3253.52,3253.93,ETH
2026-01-07 08:02:20+00:00,140.0,3253.821,3253.51,3253.86,ETH
2026-01-07 08:02:21+00:00,141.0,3253.821,3253.53,3253.87,ETH
2026-01-07 08:02:22+00:00,142.0,3253.821,3253.53,3253.99,ETH
2026-01-07 08:02:23+00:00,143.0,3253.821,3253.64,3253.98,ETH
2026-01-07 08:02:24+00:00,144.0,3253.821,3253.65,3253.94,ETH
2026-01-07 08:02:25+00:00,145.0,3253.731,3253.53,3253.83,ETH
2026-01-07 08:02:26+00:00,146.0,3253.781,3253.48,3253.83,ETH
2026-01-07 08:02:27+00:00,147.0,3253.821,3253.47,3253.88,ETH
2026-01-07 08:02:28+00:00,148.0,3253.821,3253.49,3253.87,ETH
2026-01-07 08:02:29+00:00,149.0,3253.821,3253.48,3253.92,ETH
2026-01-07 08:02:30+00:00,150.0,3253.821,3253.48,3253.86,ETH
2026-01-07 08:02:31+00:00,151.0,3253.051,3252.85,3253.31,ETH
2026-01-07 08:02:32+00:00,152.0,3252.921,3252.79,3253.27,ETH
2026-01-07 08:02:33+00:00,153.0,3252.921,3252.79,3253.16,ETH
2026-01-07 08:02:34+00:00,154.0,3252.921,3252.76,3253.11,ETH
2026-01-07 08:02:35+00:00,155.0,3252.921,3252.76,3253.19,ETH
2026-01-07 08:02:36+00:00,156.0,3252.921,3252.79,3253.18,ETH
2026-01-07 08:02:37+00:00,157.0,3252.921,3252.79,3253.15,ETH
2026-01-07 08:02:38+00:00,158.0,3252.921,3252.79,3253.15,ETH
2026-01-07 08:02:39+00:00,159.0,3253.131,3252.84,3253.18,ETH
2026-01-07 08:02:40+00:00,160.0,3253.051,3252.79,3253.15,ETH
2026-01-07 08:02:41+00:00,161.0,3252.971,3252.81,3253.14,ETH
2026-01-07 08:02:42+00:00,162.0,3252.921,3252.74,3253.06,ETH
2026-01-07 08:02:43+00:00,163.0,3252.931,3252.73,3253.08,ETH
2026-01-07 08:02:44+00:00,164.0,3252.951,3252.73,3253.08,ETH
2026-01-07 08:02:45+00:00,165.0,3252.981,3252.73,3253.11,ETH
2026-01-07 08:02:46+00:00,166.0,3253.231,3252.73,3253.33,ETH
2026-01-07 08:02:47+00:00,167.0,3253.681,3253.25,3253.75,ETH
2026-01-07 08:02:48+00:00,168.0,3253.811,3253.52,3253.88,ETH
2026-01-07 08:02:49+00:00,169.0,3253.861,3253.54,3253.89,ETH
2026-01-07 08:02:50+00:00,170.0,3253.871,3253.54,3253.91,ETH
2026-01-07 08:02:51+00:00,171.0,3253.881,3253.55,3254.04,ETH
2026-01-07 08:02:52+00:00,172.0,3254.011,3253.72,3254.21,ETH
2026-01-07 08:02:53+00:00,173.0,3254.071,3253.82,3254.24,ETH
2026-01-07 08:02:54+00:00,174.0,3254.191,3253.83,3254.22,ETH
2026-01-07 08:02:55+00:00,175.0,3254.251,3253.88,3254.32,ETH
2026-01-07 08:02:56+00:00,176.0,3254.171,3253.89,3254.31,ETH
2026-01-07 08:02:57+00:00,177.0,3254.171,3253.89,3254.29,ETH
2026-01-07 08:02:58+00:00,178.0,3253.881,3253.8,3253.94,ETH
2026-01-07 08:02:59+00:00,179.0,3253.531,3253.46,3253.59,ETH
2026-01-07 08:03:00+00:00,180.0,3253.511,3253.3,3253.78,ETH
2026-01-07 08:03:01+00:00,181.0,3253.361,3253.3,3253.52,ETH
2026-01-07 08:03:02+00:00,182.0,3253.361,3253.29,3253.52,ETH
2026-01-07 08:03:03+00:00,183.0,3253.321,3253.2,3253.52,ETH
2026-01-07 08:03:04+00:00,184.0,3253.311,3253.23,3253.52,ETH
2026-01-07 08:03:05+00:00,185.0,3253.311,3253.23,3253.52,ETH
2026-01-07 08:03:06+00:00,186.0,3253.331,3253.23,3253.52,ETH
2026-01-07 08:03:07+00:00,187.0,3253.241,3253.15,3253.38,ETH
2026-01-07 08:03:08+00:00,188.0,3253.331,3253.13,3253.38,ETH
2026-01-07 08:03:09+00:00,189.0,3253.341,3253.13,3253.38,ETH
2026-01-07 08:03:10+00:00,190.0,3253.271,3253.13,3253.38,ETH
2026-01-07 08:03:11+00:00,191.0,3253.251,3253.13,3253.38,ETH
2026-01-07 08:03:12+00:00,192.0,3253.261,3253.13,3253.38,ETH
2026-01-07 08:03:13+00:00,193.0,3253.221,3253.13,3253.36,ETH
2026-01-07 08:03:14+00:00,194.0,3253.291,3253.13,3253.39,ETH
2026-01-07 08:03:15+00:00,195.0,3253.201,3253.13,3253.36,ETH
2026-01-07 08:03:16+00:00,196.0,3253.121,3253.03,3253.36,ETH
2026-01-07 08:03:17+00:00,197.0,3253.161,3253.12,3253.36,ETH
2026-01-07 08:03:18+00:00,198.0,3253.131,3253.09,3253.36,ETH
2026-01-07 08:03:19+00:00,199.0,3253.101,3253.06,3253.36,ETH
2026-01-07 08:03:20+00:00,200.0,3253.031,3253.0,3253.36,ETH
2026-01-07 08:03:21+00:00,201.0,3253.171,3252.99,3253.36,ETH
2026-01-07 08:03:22+00:00,202.0,3253.121,3253.0,3253.36,ETH
2026-01-07 08:03:23+00:00,203.0,3253.141,3253.1,3253.36,ETH
2026-01-07 08:03:24+00:00,204.0,3253.311,3253.24,3253.5,ETH
2026-01-07 08:03:25+00:00,205.0,3253.501,3253.31,3253.5,ETH
2026-01-07 08:03:26+00:00,206.0,3253.501,3253.34,3253.5,ETH
2026-01-07 08:03:27+00:00,207.0,3253.501,3253.38,3253.5,ETH
2026-01-07 08:03:28+00:00,208.0,3253.571,3253.45,3253.77,ETH
2026-01-07 08:03:29+00:00,209.0,3253.781,3253.53,3253.85,ETH
2026-01-07 08:03:30+00:00,210.0,3253.761,3253.71,3253.8,ETH
2026-01-07 08:03:31+00:00,211.0,3253.781,3253.62,3253.99,ETH
2026-01-07 08:03:32+00:00,212.0,3253.541,3253.37,3253.59,ETH
2026-01-07 08:03:33+00:00,213.0,3253.361,3253.21,3253.41,ETH
2026-01-07 08:03:34+00:00,214.0,3252.931,3252.86,3252.99,ETH
2026-01-07 08:03:35+00:00,215.0,3252.811,3252.72,3253.05,ETH
2026-01-07 08:03:36+00:00,216.0,3252.821,3252.69,3253.04,ETH
2026-01-07 08:03:37+00:00,217.0,3252.811,3252.67,3253.08,ETH
2026-01-07 08:03:38+00:00,218.0,3252.811,3252.68,3253.07,ETH
2026-01-07 08:03:39+00:00,219.0,3252.811,3252.68,3253.06,ETH
2026-01-07 08:03:40+00:00,220.0,3252.811,3252.68,3253.05,ETH
2026-01-07 08:03:41+00:00,221.0,3252.811,3252.68,3252.87,ETH
2026-01-07 08:03:42+00:00,222.0,3252.851,3252.68,3252.89,ETH
2026-01-07 08:03:43+00:00,223.0,3252.851,3252.69,3252.88,ETH
2026-01-07 08:03:44+00:00,224.0,3252.811,3252.7,3252.87,ETH
2026-01-07 08:03:45+00:00,225.0,3253.121,3252.76,3253.2,ETH
2026-01-07 08:03:46+00:00,226.0,3252.921,3252.79,3253.13,ETH
2026-01-07 08:03:47+00:00,227.0,3252.911,3252.76,3253.19,ETH
2026-01-07 08:03:48+00:00,228.0,3253.021,3252.78,3253.34,ETH
2026-01-07 08:03:49+00:00,229.0,3253.281,3252.87,3253.48,ETH
2026-01-07 08:03:50+00:00,230.0,3253.451,3253.11,3253.6,ETH
2026-01-07 08:03:51+00:00,231.0,3253.531,3253.27,3253.67,ETH
2026-01-07 08:03:52+00:00,232.0,3253.541,3253.26,3253.63,ETH
2026-01-07 08:03:53+00:00,233.0,3253.491,3253.25,3253.59,ETH
2026-01-07 08:03:54+00:00,234.0,3253.461,3253.24,3253.59,ETH
2026-01-07 08:03:55+00:00,235.0,3253.401,3253.19,3253.59,ETH
2026-01-07 08:03:56+00:00,236.0,3253.411,3253.14,3253.59,ETH
2026-01-07 08:03:57+00:00,237.0,3253.431,3253.14,3253.59,ETH
2026-01-07 08:03:58+00:00,238.0,3253.411,3253.14,3253.54,ETH
2026-01-07 08:03:59+00:00,239.0,3253.391,3253.15,3253.49,ETH
2026-01-07 08:04:00+00:00,240.0,3253.521,3253.17,3253.7,ETH
2026-01-07 08:04:01+00:00,241.0,3253.871,3253.47,3254.02,ETH
2026-01-07 08:04:02+00:00,242.0,3254.101,3253.84,3254.27,ETH
2026-01-07 08:04:03+00:00,243.0,3254.321,3254.15,3254.47,ETH
2026-01-07 08:04:04+00:00,244.0,3254.511,3254.38,3254.55,ETH
2026-01-07 08:04:05+00:00,245.0,3254.501,3254.39,3254.54,ETH
2026-01-07 08:04:06+00:00,246.0,3254.511,3254.4,3254.54,ETH
2026-01-07 08:04:07+00:00,247.0,3254.661,3254.46,3254.81,ETH
2026-01-07 08:04:09+00:00,249.0,3254.931,3254.6,3255.18,ETH
2026-01-07 08:04:10+00:00,250.0,3255.081,3254.94,3255.29,ETH
2026-01-07 08:04:11+00:00,251.0,3255.081,3254.88,3255.25,ETH
2026-01-07 08:04:12+00:00,252.0,3255.061,3254.79,3255.17,ETH
2026-01-07 08:04:13+00:00,253.0,3254.881,3254.65,3255.01,ETH
2026-01-07 08:04:14+00:00,254.0,3254.661,3254.51,3254.89,ETH
2026-01-07 08:04:15+00:00,255.0,3254.581,3254.41,3254.87,ETH
2026-01-07 08:04:16+00:00,256.0,3254.561,3254.4,3254.88,ETH
2026-01-07 08:04:17+00:00,257.0,3254.561,3254.4,3254.86,ETH
2026-01-07 08:04:18+00:00,258.0,3254.561,3254.4,3254.86,ETH
2026-01-07 08:04:20+00:00,260.0,3254.561,3254.4,3254.81,ETH
2026-01-07 08:04:21+00:00,261.0,3254.561,3254.39,3254.83,ETH
2026-01-07 08:04:22+00:00,262.0,3254.561,3254.37,3254.81,ETH
2026-01-07 08:04:23+00:00,263.0,3254.961,3254.56,3254.99,ETH
2026-01-07 08:04:24+00:00,264.0,3254.871,3254.56,3254.99,ETH
2026-01-07 08:04:25+00:00,265.0,3254.871,3254.56,3254.98,ETH
2026-01-07 08:04:26+00:00,266.0,3254.871,3254.57,3255.02,ETH
2026-01-07 08:04:27+00:00,267.0,3255.051,3254.63,3255.08,ETH
2026-01-07 08:04:28+00:00,268.0,3255.041,3254.64,3255.07,ETH
2026-01-07 08:04:29+00:00,269.0,3255.051,3254.63,3255.08,ETH
2026-01-07 08:04:30+00:00,270.0,3255.061,3254.64,3255.12,ETH
2026-01-07 08:04:31+00:00,271.0,3255.061,3254.64,3255.2,ETH
2026-01-07 08:04:32+00:00,272.0,3255.061,3254.73,3255.19,ETH
2026-01-07 08:04:33+00:00,273.0,3255.081,3254.74,3255.19,ETH
2026-01-07 08:04:34+00:00,274.0,3255.081,3254.73,3255.18,ETH
2026-01-07 08:04:35+00:00,275.0,3254.991,3254.73,3255.17,ETH
2026-01-07 08:04:36+00:00,276.0,3255.001,3254.72,3255.1,ETH
2026-01-07 08:04:37+00:00,277.0,3255.001,3254.72,3255.18,ETH
2026-01-07 08:04:38+00:00,278.0,3255.001,3254.72,3255.19,ETH
2026-01-07 08:04:39+00:00,279.0,3255.001,3254.71,3255.16,ETH
2026-01-07 08:04:40+00:00,280.0,3255.001,3254.71,3255.24,ETH
2026-01-07 08:04:41+00:00,281.0,3255.001,3254.71,3255.23,ETH
2026-01-07 08:04:42+00:00,282.0,3255.001,3254.71,3255.23,ETH
2026-01-07 08:04:43+00:00,283.0,3255.001,3254.71,3255.2,ETH
2026-01-07 08:04:44+00:00,284.0,3255.001,3254.71,3255.21,ETH
2026-01-07 08:04:45+00:00,285.0,3255.001,3254.71,3255.21,ETH
2026-01-07 08:04:46+00:00,286.0,3255.001,3254.71,3255.21,ETH
2026-01-07 08:04:47+00:00,287.0,3254.971,3254.71,3255.15,ETH
2026-01-07 08:04:48+00:00,288.0,3254.971,3254.73,3255.16,ETH
2026-01-07 08:04:49+00:00,289.0,3254.861,3254.73,3254.96,ETH
2026-01-07 08:04:50+00:00,290.0,3254.861,3254.69,3255.14,ETH
2026-01-07 08:04:51+00:00,291.0,3254.751,3254.68,3255.02,ETH
2026-01-07 08:04:52+00:00,292.0,3254.711,3254.55,3255.07,ETH
2026-01-07 08:04:53+00:00,293.0,3254.721,3254.55,3254.91,ETH
2026-01-07 08:04:54+00:00,294.0,3254.711,3254.56,3254.91,ETH
2026-01-07 08:04:55+00:00,295.0,3254.711,3254.55,3254.91,ETH
2026-01-07 08:04:56+00:00,296.0,3254.831,3254.55,3254.96,ETH
2026-01-07 08:04:57+00:00,297.0,3255.001,3254.68,3255.06,ETH
2026-01-07 08:04:58+00:00,298.0,3255.001,3254.68,3255.05,ETH
2026-01-07 08:04:59+00:00,299.0,3255.001,3254.68,3255.05,ETH
2026-01-07 08:05:00+00:00,300.0,3255.001,3254.71,3255.14,ETH
2026-01-07 08:05:01+00:00,301.0,3255.001,3254.71,3255.13,ETH
2026-01-07 08:05:02+00:00,302.0,3255.191,3254.77,3255.22,ETH
2026-01-07 08:05:03+00:00,303.0,3255.111,3254.81,3255.21,ETH
2026-01-07 08:05:04+00:00,304.0,3255.111,3254.81,3255.21,ETH
2026-01-07 08:05:05+00:00,305.0,3255.111,3254.81,3255.21,ETH
2026-01-07 08:05:06+00:00,306.0,3255.111,3254.81,3255.23,ETH
2026-01-07 08:05:07+00:00,307.0,3255.111,3254.81,3255.22,ETH
2026-01-07 08:05:08+00:00,308.0,3255.111,3254.81,3255.22,ETH
2026-01-07 08:05:09+00:00,309.0,3255.121,3254.81,3255.22,ETH
2026-01-07 08:05:10+00:00,310.0,3255.151,3254.81,3255.28,ETH
2026-01-07 08:05:11+00:00,311.0,3255.161,3254.84,3255.26,ETH
2026-01-07 08:05:12+00:00,312.0,3255.111,3254.84,3255.25,ETH
2026-01-07 08:05:13+00:00,313.0,3255.281,3254.84,3255.41,ETH
2026-01-07 08:05:14+00:00,314.0,3255.271,3254.89,3255.32,ETH
2026-01-07 08:05:15+00:00,315.0,3255.271,3254.9,3255.36,ETH
2026-01-07 08:05:16+00:00,316.0,3255.271,3254.93,3255.41,ETH
2026-01-07 08:05:17+00:00,317.0,3255.271,3254.96,3255.37,ETH
2026-01-07 08:05:18+00:00,318.0,3255.271,3254.96,3255.35,ETH
2026-01-07 08:05:19+00:00,319.0,3255.271,3254.96,3255.39,ETH
2026-01-07 08:05:20+00:00,320.0,3255.351,3254.99,3255.43,ETH
2026-01-07 08:05:21+00:00,321.0,3255.421,3255.0,3255.46,ETH
2026-01-07 08:05:22+00:00,322.0,3255.401,3255.0,3255.43,ETH
2026-01-07 08:05:23+00:00,323.0,3255.431,3255.12,3255.66,ETH
2026-01-07 08:05:24+00:00,324.0,3255.511,3255.14,3255.76,ETH
2026-01-07 08:05:25+00:00,325.0,3255.721,3255.35,3255.84,ETH
2026-01-07 08:05:26+00:00,326.0,3255.831,3255.49,3256.06,ETH
2026-01-07 08:05:27+00:00,327.0,3255.871,3255.52,3255.99,ETH
2026-01-07 08:05:28+00:00,328.0,3255.891,3255.56,3256.01,ETH
2026-01-07 08:05:29+00:00,329.0,3255.881,3255.58,3255.96,ETH
2026-01-07 08:05:30+00:00,330.0,3255.871,3255.6,3255.9,ETH
2026-01-07 08:05:31+00:00,331.0,3255.891,3255.61,3255.92,ETH
2026-01-07 08:05:32+00:00,332.0,3256.001,3255.63,3256.33,ETH
2026-01-07 08:05:33+00:00,333.0,3256.181,3255.85,3256.35,ETH
2026-01-07 08:05:34+00:00,334.0,3256.161,3255.97,3256.35,ETH
2026-01-07 08:05:35+00:00,335.0,3256.281,3255.98,3256.37,ETH
2026-01-07 08:05:36+00:00,336.0,3256.141,3255.98,3256.35,ETH
2026-01-07 08:05:37+00:00,337.0,3256.241,3255.97,3256.32,ETH
2026-01-07 08:05:38+00:00,338.0,3256.111,3255.93,3256.27,ETH
2026-01-07 08:05:39+00:00,339.0,3256.001,3255.85,3256.08,ETH
2026-01-07 08:05:40+00:00,340.0,3256.011,3255.82,3256.11,ETH
2026-01-07 08:05:41+00:00,341.0,3256.011,3255.82,3256.14,ETH
2026-01-07 08:05:42+00:00,342.0,3256.211,3255.89,3256.35,ETH
2026-01-07 08:05:43+00:00,343.0,3256.411,3256.13,3256.47,ETH
2026-01-07 08:05:44+00:00,344.0,3256.421,3256.17,3256.47,ETH
2026-01-07 08:05:45+00:00,345.0,3256.441,3256.21,3256.47,ETH
2026-01-07 08:05:46+00:00,346.0,3256.451,3256.25,3256.47,ETH
2026-01-07 08:05:47+00:00,347.0,3256.361,3256.26,3256.46,ETH
2026-01-07 08:05:48+00:00,348.0,3256.311,3256.26,3256.44,ETH
2026-01-07 08:05:49+00:00,349.0,3256.311,3256.25,3256.42,ETH
2026-01-07 08:05:50+00:00,350.0,3256.321,3256.2,3256.43,ETH
2026-01-07 08:05:51+00:00,351.0,3255.921,3255.83,3255.99,ETH
2026-01-07 08:05:52+00:00,352.0,3255.231,3255.14,3255.27,ETH
2026-01-07 08:05:53+00:00,353.0,3254.751,3254.64,3254.85,ETH
2026-01-07 08:05:54+00:00,354.0,3254.491,3254.31,3254.63,ETH
2026-01-07 08:05:55+00:00,355.0,3254.441,3254.12,3254.56,ETH
2026-01-07 08:05:56+00:00,356.0,3254.271,3254.11,3254.48,ETH
2026-01-07 08:05:58+00:00,358.0,3254.111,3254.05,3254.41,ETH
2026-01-07 08:05:59+00:00,359.0,3254.111,3254.04,3254.36,ETH
2026-01-07 08:06:00+00:00,360.0,3254.111,3254.04,3254.36,ETH
2026-01-07 08:06:01+00:00,361.0,3254.111,3254.04,3254.35,ETH
2026-01-07 08:06:02+00:00,362.0,3253.861,3253.74,3253.91,ETH
2026-01-07 08:06:03+00:00,363.0,3253.361,3253.24,3253.46,ETH
2026-01-07 08:06:04+00:00,364.0,3253.351,3253.15,3253.45,ETH
2026-01-07 08:06:05+00:00,365.0,3253.351,3253.03,3253.45,ETH
2026-01-07 08:06:06+00:00,366.0,3253.121,3252.97,3253.48,ETH
2026-01-07 08:06:07+00:00,367.0,3253.121,3252.93,3253.4,ETH
2026-01-07 08:06:08+00:00,368.0,3253.411,3253.06,3253.5,ETH
2026-01-07 08:06:09+00:00,369.0,3253.231,3252.98,3253.47,ETH
2026-01-07 08:06:10+00:00,370.0,3253.261,3252.95,3253.49,ETH
2026-01-07 08:06:11+00:00,371.0,3253.481,3253.25,3253.64,ETH
2026-01-07 08:06:12+00:00,372.0,3253.361,3253.23,3253.49,ETH
2026-01-07 08:06:13+00:00,373.0,3253.151,3253.07,3253.22,ETH
2026-01-07 08:06:14+00:00,374.0,3253.071,3253.0,3253.15,ETH
2026-01-07 08:06:15+00:00,375.0,3252.951,3252.88,3253.08,ETH
2026-01-07 08:06:16+00:00,376.0,3252.841,3252.72,3252.99,ETH
2026-01-07 08:06:17+00:00,377.0,3252.841,3252.71,3253.0,ETH
2026-01-07 08:06:18+00:00,378.0,3252.841,3252.73,3253.01,ETH
2026-01-07 08:06:19+00:00,379.0,3252.841,3252.7,3253.07,ETH
2026-01-07 08:06:20+00:00,380.0,3252.841,3252.68,3253.14,ETH
2026-01-07 08:06:21+00:00,381.0,3252.841,3252.68,3253.06,ETH
2026-01-07 08:06:22+00:00,382.0,3252.841,3252.68,3252.95,ETH
2026-01-07 08:06:23+00:00,383.0,3252.841,3252.68,3253.04,ETH
2026-01-07 08:06:24+00:00,384.0,3252.841,3252.68,3253.12,ETH
2026-01-07 08:06:25+00:00,385.0,3252.991,3252.75,3253.2,ETH
2026-01-07 08:06:26+00:00,386.0,3253.171,3252.88,3253.27,ETH
2026-01-07 08:06:27+00:00,387.0,3253.271,3252.96,3253.29,ETH
2026-01-07 08:06:28+00:00,388.0,3253.331,3253.02,3253.36,ETH
2026-01-07 08:06:29+00:00,389.0,3253.381,3253.08,3253.46,ETH
2026-01-07 08:06:30+00:00,390.0,3253.531,3253.24,3253.67,ETH
2026-01-07 08:06:31+00:00,391.0,3253.711,3253.48,3253.88,ETH
2026-01-07 08:06:32+00:00,392.0,3253.861,3253.66,3254.07,ETH
2026-01-07 08:06:33+00:00,393.0,3254.041,3253.76,3254.25,ETH
2026-01-07 08:06:34+00:00,394.0,3254.181,3253.81,3254.31,ETH
2026-01-07 08:06:35+00:00,395.0,3254.171,3253.84,3254.39,ETH
2026-01-07 08:06:36+00:00,396.0,3254.141,3253.84,3254.49,ETH
2026-01-07 08:06:37+00:00,397.0,3254.151,3253.85,3254.48,ETH
2026-01-07 08:06:38+00:00,398.0,3254.331,3253.97,3254.63,ETH
2026-01-07 08:06:39+00:00,399.0,3254.531,3254.25,3254.77,ETH
2026-01-07 08:06:40+00:00,400.0,3254.621,3254.42,3254.79,ETH
2026-01-07 08:06:41+00:00,401.0,3254.781,3254.59,3254.89,ETH
2026-01-07 08:06:42+00:00,402.0,3254.981,3254.78,3255.19,ETH
2026-01-07 08:06:43+00:00,403.0,3255.241,3254.94,3255.45,ETH
2026-01-07 08:06:44+00:00,404.0,3255.401,3255.09,3255.53,ETH
2026-01-07 08:06:45+00:00,405.0,3255.431,3255.08,3255.67,ETH
2026-01-07 08:06:46+00:00,406.0,3255.551,3255.28,3255.86,ETH
2026-01-07 08:06:47+00:00,407.0,3255.731,3255.49,3255.99,ETH
2026-01-07 08:06:48+00:00,408.0,3255.851,3255.59,3256.14,ETH
2026-01-07 08:06:49+00:00,409.0,3255.961,3255.74,3256.26,ETH
2026-01-07 08:06:50+00:00,410.0,3256.091,3255.87,3256.22,ETH
2026-01-07 08:06:51+00:00,411.0,3256.221,3256.07,3256.56,ETH
2026-01-07 08:06:52+00:00,412.0,3256.651,3256.51,3257.08,ETH
2026-01-07 08:06:53+00:00,413.0,3257.001,3256.83,3257.18,ETH
2026-01-07 08:06:54+00:00,414.0,3257.011,3256.85,3257.15,ETH
2026-01-07 08:06:55+00:00,415.0,3257.001,3256.85,3257.24,ETH
2026-01-07 08:06:56+00:00,416.0,3256.991,3256.85,3257.3,ETH
2026-01-07 08:06:57+00:00,417.0,3256.981,3256.85,3257.32,ETH
2026-01-07 08:06:58+00:00,418.0,3256.971,3256.85,3257.34,ETH
2026-01-07 08:06:59+00:00,419.0,3256.971,3256.86,3257.35,ETH
2026-01-07 08:07:00+00:00,420.0,3256.921,3256.79,3257.31,ETH
2026-01-07 08:07:01+00:00,421.0,3256.871,3256.68,3257.24,ETH
2026-01-07 08:07:02+00:00,422.0,3256.781,3256.64,3257.11,ETH
2026-01-07 08:07:03+00:00,423.0,3256.681,3256.55,3257.02,ETH
2026-01-07 08:07:04+00:00,424.0,3256.771,3256.56,3257.08,ETH
2026-01-07 08:07:05+00:00,425.0,3256.861,3256.66,3257.11,ETH
2026-01-07 08:07:06+00:00,426.0,3256.801,3256.61,3257.07,ETH
2026-01-07 08:07:07+00:00,427.0,3256.691,3256.52,3256.99,ETH
2026-01-07 08:07:08+00:00,428.0,3256.641,3256.44,3256.85,ETH
2026-01-07 08:07:09+00:00,429.0,3256.641,3256.43,3256.76,ETH
2026-01-07 08:07:10+00:00,430.0,3256.641,3256.44,3256.76,ETH
2026-01-07 08:07:11+00:00,431.0,3256.651,3256.44,3256.76,ETH
2026-01-07 08:07:12+00:00,432.0,3256.651,3256.44,3256.76,ETH
2026-01-07 08:07:13+00:00,433.0,3256.651,3256.43,3256.76,ETH
2026-01-07 08:07:14+00:00,434.0,3256.651,3256.43,3256.75,ETH
2026-01-07 08:07:15+00:00,435.0,3256.651,3256.44,3256.75,ETH
2026-01-07 08:07:16+00:00,436.0,3256.731,3256.45,3256.81,ETH
2026-01-07 08:07:17+00:00,437.0,3256.821,3256.46,3256.87,ETH
2026-01-07 08:07:18+00:00,438.0,3256.761,3256.46,3256.81,ETH
2026-01-07 08:07:19+00:00,439.0,3256.731,3256.47,3256.81,ETH
2026-01-07 08:07:20+00:00,440.0,3256.761,3256.49,3256.86,ETH
2026-01-07 08:07:21+00:00,441.0,3256.791,3256.52,3256.83,ETH
2026-01-07 08:07:22+00:00,442.0,3256.781,3256.52,3256.83,ETH
2026-01-07 08:07:23+00:00,443.0,3256.771,3256.51,3256.85,ETH
2026-01-07 08:07:24+00:00,444.0,3256.781,3256.52,3256.83,ETH
2026-01-07 08:07:25+00:00,445.0,3256.751,3256.52,3256.79,ETH
2026-01-07 08:07:26+00:00,446.0,3256.741,3256.5,3256.77,ETH
2026-01-07 08:07:27+00:00,447.0,3256.731,3256.5,3256.78,ETH
2026-01-07 08:07:28+00:00,448.0,3256.501,3256.2,3256.54,ETH
2026-01-07 08:07:29+00:00,449.0,3256.251,3256.05,3256.3,ETH
2026-01-07 08:07:30+00:00,450.0,3256.211,3255.95,3256.32,ETH
2026-01-07 08:07:31+00:00,451.0,3256.211,3255.95,3256.38,ETH
2026-01-07 08:07:32+00:00,452.0,3256.211,3255.95,3256.39,ETH
2026-01-07 08:07:33+00:00,453.0,3256.211,3255.97,3256.42,ETH
2026-01-07 08:07:34+00:00,454.0,3256.571,3256.1,3256.76,ETH
2026-01-07 08:07:35+00:00,455.0,3256.641,3256.31,3256.74,ETH
2026-01-07 08:07:36+00:00,456.0,3256.691,3256.36,3256.85,ETH
2026-01-07 08:07:37+00:00,457.0,3256.721,3256.41,3256.9,ETH
2026-01-07 08:07:38+00:00,458.0,3256.691,3256.43,3256.94,ETH
2026-01-07 08:07:39+00:00,459.0,3256.711,3256.43,3256.98,ETH
2026-01-07 08:07:40+00:00,460.0,3256.711,3256.43,3256.97,ETH
2026-01-07 08:07:41+00:00,461.0,3256.681,3256.43,3256.95,ETH
2026-01-07 08:07:42+00:00,462.0,3256.651,3256.43,3256.95,ETH
2026-01-07 08:07:43+00:00,463.0,3256.541,3256.3,3256.77,ETH
2026-01-07 08:07:44+00:00,464.0,3256.411,3256.18,3256.61,ETH
2026-01-07 08:07:45+00:00,465.0,3256.391,3256.17,3256.65,ETH
2026-01-07 08:07:46+00:00,466.0,3256.391,3256.17,3256.65,ETH
2026-01-07 08:07:47+00:00,467.0,3256.391,3256.18,3256.61,ETH
2026-01-07 08:07:48+00:00,468.0,3256.371,3256.17,3256.54,ETH
2026-01-07 08:07:49+00:00,469.0,3256.371,3256.16,3256.56,ETH
2026-01-07 08:07:50+00:00,470.0,3256.371,3256.17,3256.58,ETH
2026-01-07 08:07:51+00:00,471.0,3256.341,3256.17,3256.57,ETH
2026-01-07 08:07:52+00:00,472.0,3256.571,3256.5,3256.61,ETH
2026-01-07 08:07:53+00:00,473.0,3256.551,3256.53,3256.61,ETH
2026-01-07 08:07:54+00:00,474.0,3256.551,3256.52,3256.59,ETH
2026-01-07 08:07:55+00:00,475.0,3256.571,3256.54,3256.61,ETH
2026-01-07 08:07:56+00:00,476.0,3256.571,3256.57,3256.66,ETH
2026-01-07 08:07:57+00:00,477.0,3256.571,3256.57,3256.63,ETH
2026-01-07 08:07:58+00:00,478.0,3256.551,3256.54,3256.64,ETH
2026-01-07 08:07:59+00:00,479.0,3256.481,3256.46,3256.61,ETH
2026-01-07 08:08:00+00:00,480.0,3256.501,3256.49,3256.64,ETH
2026-01-07 08:08:01+00:00,481.0,3256.441,3256.43,3256.62,ETH
2026-01-07 08:08:02+00:00,482.0,3256.331,3256.33,3256.53,ETH
2026-01-07 08:08:03+00:00,483.0,3256.371,3256.36,3256.59,ETH
2026-01-07 08:08:04+00:00,484.0,3256.371,3256.36,3256.59,ETH
2026-01-07 08:08:05+00:00,485.0,3256.271,3256.27,3256.57,ETH
2026-01-07 08:08:06+00:00,486.0,3256.271,3256.27,3256.47,ETH
2026-01-07 08:08:07+00:00,487.0,3256.271,3256.27,3256.46,ETH
2026-01-07 08:08:08+00:00,488.0,3256.401,3256.34,3256.53,ETH
2026-01-07 08:08:09+00:00,489.0,3256.411,3256.4,3256.53,ETH
2026-01-07 08:08:10+00:00,490.0,3256.411,3256.4,3256.54,ETH
2026-01-07 08:08:11+00:00,491.0,3256.491,3256.47,3256.64,ETH
2026-01-07 08:08:12+00:00,492.0,3256.651,3256.59,3256.83,ETH
2026-01-07 08:08:13+00:00,493.0,3256.891,3256.82,3257.06,ETH
2026-01-07 08:08:14+00:00,494.0,3257.141,3257.03,3257.32,ETH
2026-01-07 08:08:15+00:00,495.0,3257.291,3257.18,3257.41,ETH
2026-01-07 08:08:16+00:00,496.0,3257.361,3257.33,3257.46,ETH
2026-01-07 08:08:17+00:00,497.0,3257.311,3257.28,3257.51,ETH
2026-01-07 08:08:18+00:00,498.0,3257.241,3257.23,3257.51,ETH
2026-01-07 08:08:19+00:00,499.0,3257.231,3257.23,3257.53,ETH
2026-01-07 08:08:20+00:00,500.0,3257.231,3257.23,3257.53,ETH
2026-01-07 08:08:21+00:00,501.0,3257.231,3257.23,3257.54,ETH
2026-01-07 08:08:22+00:00,502.0,3257.231,3257.23,3257.53,ETH
2026-01-07 08:08:23+00:00,503.0,3257.231,3257.23,3257.53,ETH
2026-01-07 08:08:24+00:00,504.0,3257.231,3257.23,3257.54,ETH
2026-01-07 08:08:26+00:00,506.0,3257.471,3257.39,3257.53,ETH
2026-01-07 08:08:27+00:00,507.0,3257.491,3257.39,3257.59,ETH
2026-01-07 08:08:28+00:00,508.0,3257.491,3257.49,3257.58,ETH
2026-01-07 08:08:29+00:00,509.0,3257.491,3257.49,3257.6,ETH
2026-01-07 08:08:30+00:00,510.0,3257.491,3257.49,3257.6,ETH
2026-01-07 08:08:31+00:00,511.0,3257.491,3257.48,3257.56,ETH
2026-01-07 08:08:32+00:00,512.0,3257.451,3257.4,3257.56,ETH
2026-01-07 08:08:33+00:00,513.0,3257.451,3257.43,3257.57,ETH
2026-01-07 08:08:34+00:00,514.0,3257.451,3257.45,3257.59,ETH
2026-01-07 08:08:35+00:00,515.0,3257.451,3257.45,3257.59,ETH
2026-01-07 08:08:36+00:00,516.0,3257.461,3257.44,3257.55,ETH
2026-01-07 08:08:37+00:00,517.0,3257.461,3257.45,3257.58,ETH
2026-01-07 08:08:38+00:00,518.0,3257.581,3257.52,3257.65,ETH
2026-01-07 08:08:39+00:00,519.0,3257.551,3257.55,3257.61,ETH
2026-01-07 08:08:40+00:00,520.0,3257.551,3257.55,3257.63,ETH
2026-01-07 08:08:41+00:00,521.0,3257.551,3257.55,3257.63,ETH
2026-01-07 08:08:42+00:00,522.0,3257.551,3257.55,3257.63,ETH
2026-01-07 08:08:43+00:00,523.0,3257.441,3257.44,3257.63,ETH
2026-01-07 08:08:44+00:00,524.0,3257.441,3257.44,3257.65,ETH
2026-01-07 08:08:45+00:00,525.0,3257.441,3257.44,3257.62,ETH
2026-01-07 08:08:46+00:00,526.0,3257.441,3257.44,3257.62,ETH
2026-01-07 08:08:47+00:00,527.0,3257.361,3257.35,3257.59,ETH
2026-01-07 08:08:48+00:00,528.0,3257.361,3257.35,3257.59,ETH
2026-01-07 08:08:49+00:00,529.0,3257.381,3257.35,3257.57,ETH
2026-01-07 08:08:50+00:00,530.0,3257.361,3257.35,3257.62,ETH
2026-01-07 08:08:51+00:00,531.0,3257.541,3257.22,3257.64,ETH
2026-01-07 08:08:52+00:00,532.0,3257.611,3257.31,3257.99,ETH
2026-01-07 08:08:53+00:00,533.0,3258.221,3257.89,3258.47,ETH
2026-01-07 08:08:54+00:00,534.0,3258.321,3258.0,3258.54,ETH
2026-01-07 08:08:55+00:00,535.0,3258.561,3258.38,3258.94,ETH
2026-01-07 08:08:56+00:00,536.0,3258.801,3258.46,3258.86,ETH
2026-01-07 08:08:57+00:00,537.0,3258.771,3258.46,3258.85,ETH
2026-01-07 08:08:58+00:00,538.0,3258.801,3258.43,3259.04,ETH
2026-01-07 08:08:59+00:00,539.0,3258.721,3258.42,3259.08,ETH
2026-01-07 08:09:00+00:00,540.0,3258.721,3258.41,3259.1,ETH
2026-01-07 08:09:01+00:00,541.0,3258.931,3258.55,3259.2,ETH
2026-01-07 08:09:02+00:00,542.0,3259.151,3258.8,3259.23,ETH
2026-01-07 08:09:03+00:00,543.0,3259.101,3258.89,3259.15,ETH
2026-01-07 08:09:04+00:00,544.0,3258.891,3258.7,3258.97,ETH
2026-01-07 08:09:05+00:00,545.0,3258.721,3258.54,3258.86,ETH
2026-01-07 08:09:06+00:00,546.0,3258.801,3258.55,3258.99,ETH
2026-01-07 08:09:07+00:00,547.0,3258.981,3258.7,3259.12,ETH
2026-01-07 08:09:08+00:00,548.0,3259.091,3258.84,3259.17,ETH
2026-01-07 08:09:09+00:00,549.0,3259.111,3258.85,3259.16,ETH
2026-01-07 08:09:10+00:00,550.0,3259.061,3258.85,3259.14,ETH
2026-01-07 08:09:11+00:00,551.0,3258.941,3258.76,3259.08,ETH
2026-01-07 08:09:12+00:00,552.0,3258.871,3258.67,3259.03,ETH
2026-01-07 08:09:13+00:00,553.0,3258.871,3258.68,3259.02,ETH
2026-01-07 08:09:14+00:00,554.0,3258.731,3258.6,3258.83,ETH
2026-01-07 08:09:15+00:00,555.0,3258.561,3258.41,3258.69,ETH
2026-01-07 08:09:16+00:00,556.0,3258.431,3258.3,3258.62,ETH
2026-01-07 08:09:17+00:00,557.0,3258.331,3258.25,3258.5,ETH
2026-01-07 08:09:18+00:00,558.0,3258.321,3258.2,3258.48,ETH
2026-01-07 08:09:19+00:00,559.0,3258.251,3258.16,3258.34,ETH
2026-01-07 08:09:20+00:00,560.0,3258.091,3258.04,3258.18,ETH
2026-01-07 08:09:22+00:00,562.0,3258.091,3258.0,3258.17,ETH
2026-01-07 08:09:23+00:00,563.0,3258.081,3257.99,3258.22,ETH
2026-01-07 08:09:24+00:00,564.0,3258.091,3258.01,3258.22,ETH
2026-01-07 08:09:25+00:00,565.0,3258.131,3258.01,3258.22,ETH
2026-01-07 08:09:26+00:00,566.0,3258.201,3258.01,3258.26,ETH
2026-01-07 08:09:27+00:00,567.0,3258.191,3258.01,3258.25,ETH
2026-01-07 08:09:28+00:00,568.0,3258.181,3258.01,3258.23,ETH
2026-01-07 08:09:29+00:00,569.0,3258.201,3258.01,3258.25,ETH
2026-01-07 08:09:30+00:00,570.0,3258.171,3258.01,3258.24,ETH
2026-01-07 08:09:31+00:00,571.0,3258.141,3258.0,3258.23,ETH
2026-01-07 08:09:32+00:00,572.0,3258.081,3257.98,3258.23,ETH
2026-01-07 08:09:33+00:00,573.0,3258.021,3257.95,3258.22,ETH
2026-01-07 08:09:34+00:00,574.0,3257.961,3257.9,3258.19,ETH
2026-01-07 08:09:35+00:00,575.0,3257.931,3257.89,3258.17,ETH
2026-01-07 08:09:36+00:00,576.0,3258.041,3258.0,3258.17,ETH
2026-01-07 08:09:37+00:00,577.0,3258.111,3258.08,3258.17,ETH
2026-01-07 08:09:38+00:00,578.0,3258.141,3258.1,3258.19,ETH
2026-01-07 08:09:39+00:00,579.0,3258.161,3258.14,3258.23,ETH
2026-01-07 08:09:40+00:00,580.0,3258.151,3258.13,3258.22,ETH
2026-01-07 08:09:41+00:00,581.0,3258.221,3258.17,3258.26,ETH
2026-01-07 08:09:42+00:00,582.0,3258.291,3258.24,3258.32,ETH
2026-01-07 08:09:43+00:00,583.0,3258.271,3258.21,3258.34,ETH
2026-01-07 08:09:44+00:00,584.0,3258.211,3258.16,3258.32,ETH
2026-01-07 08:09:46+00:00,586.0,3258.151,3258.11,3258.2,ETH
2026-01-07 08:09:47+00:00,587.0,3258.161,3258.14,3258.23,ETH
2026-01-07 08:09:48+00:00,588.0,3258.161,3258.14,3258.22,ETH
2026-01-07 08:09:49+00:00,589.0,3258.161,3258.14,3258.22,ETH
2026-01-07 08:09:50+00:00,590.0,3258.161,3258.14,3258.23,ETH
2026-01-07 08:09:51+00:00,591.0,3258.151,3258.12,3258.19,ETH
2026-01-07 08:09:52+00:00,592.0,3258.131,3258.09,3258.16,ETH
2026-01-07 08:09:53+00:00,593.0,3258.031,3257.98,3258.09,ETH
2026-01-07 08:09:54+00:00,594.0,3257.941,3257.9,3258.02,ETH
2026-01-07 08:09:55+00:00,595.0,3257.941,3257.9,3258.02,ETH
2026-01-07 08:09:56+00:00,596.0,3257.921,3257.88,3258.02,ETH
2026-01-07 08:09:57+00:00,597.0,3257.901,3257.83,3257.97,ETH
2026-01-07 08:09:58+00:00,598.0,3257.801,3257.74,3257.9,ETH
2026-01-07 08:09:59+00:00,599.0,3257.771,3257.73,3257.88,ETH
2026-01-07 08:10:00+00:00,600.0,3257.801,3257.75,3257.88,ETH
2026-01-07 08:10:01+00:00,601.0,3257.781,3257.75,3257.88,ETH
2026-01-07 08:10:02+00:00,602.0,3257.781,3257.74,3257.88,ETH
2026-01-07 08:10:03+00:00,603.0,3257.791,3257.75,3257.88,ETH
2026-01-07 08:10:04+00:00,604.0,3257.791,3257.76,3257.88,ETH
2026-01-07 08:10:05+00:00,605.0,3257.741,3257.7,3257.8,ETH
2026-01-07 08:10:06+00:00,606.0,3257.691,3257.65,3257.72,ETH
2026-01-07 08:10:07+00:00,607.0,3257.641,3257.6,3257.72,ETH
2026-01-07 08:10:08+00:00,608.0,3257.651,3257.61,3257.73,ETH
2026-01-07 08:10:09+00:00,609.0,3257.641,3257.6,3257.68,ETH
2026-01-07 08:10:10+00:00,610.0,3257.601,3257.57,3257.66,ETH
2026-01-07 08:10:11+00:00,611.0,3257.591,3257.56,3257.65,ETH
2026-01-07 08:10:12+00:00,612.0,3257.551,3257.52,3257.62,ETH
2026-01-07 08:10:13+00:00,613.0,3257.491,3257.47,3257.61,ETH
2026-01-07 08:10:14+00:00,614.0,3257.431,3257.42,3257.61,ETH
2026-01-07 08:10:15+00:00,615.0,3257.421,3257.42,3257.6,ETH
2026-01-07 08:10:16+00:00,616.0,3257.421,3257.42,3257.58,ETH
2026-01-07 08:10:17+00:00,617.0,3257.421,3257.42,3257.56,ETH
2026-01-07 08:10:18+00:00,618.0,3257.421,3257.42,3257.55,ETH
2026-01-07 08:10:19+00:00,619.0,3257.421,3257.42,3257.56,ETH
2026-01-07 08:10:20+00:00,620.0,3257.421,3257.42,3257.58,ETH
2026-01-07 08:10:21+00:00,621.0,3257.421,3257.42,3257.58,ETH
2026-01-07 08:10:22+00:00,622.0,3257.421,3257.42,3257.6,ETH
2026-01-07 08:10:23+00:00,623.0,3257.421,3257.42,3257.64,ETH
2026-01-07 08:10:24+00:00,624.0,3257.421,3257.42,3257.63,ETH
2026-01-07 08:10:25+00:00,625.0,3257.451,3257.44,3257.64,ETH
2026-01-07 08:10:26+00:00,626.0,3257.451,3257.44,3257.71,ETH
2026-01-07 08:10:27+00:00,627.0,3257.421,3257.42,3257.73,ETH
2026-01-07 08:10:28+00:00,628.0,3257.421,3257.42,3257.69,ETH
2026-01-07 08:10:29+00:00,629.0,3257.421,3257.42,3257.7,ETH
2026-01-07 08:10:30+00:00,630.0,3257.421,3257.42,3257.71,ETH
2026-01-07 08:10:31+00:00,631.0,3257.421,3257.42,3257.72,ETH
2026-01-07 08:10:32+00:00,632.0,3257.421,3257.42,3257.68,ETH
2026-01-07 08:10:33+00:00,633.0,3257.421,3257.42,3257.65,ETH
2026-01-07 08:10:34+00:00,634.0,3257.421,3257.42,3257.66,ETH
2026-01-07 08:10:35+00:00,635.0,3257.341,3257.31,3257.48,ETH
2026-01-07 08:10:36+00:00,636.0,3257.271,3257.24,3257.36,ETH
2026-01-07 08:10:37+00:00,637.0,3257.281,3257.27,3257.43,ETH
2026-01-07 08:10:38+00:00,638.0,3257.281,3257.27,3257.46,ETH
2026-01-07 08:10:39+00:00,639.0,3257.281,3257.27,3257.5,ETH
2026-01-07 08:10:40+00:00,640.0,3257.281,3257.27,3257.54,ETH
2026-01-07 08:10:41+00:00,641.0,3257.271,3257.27,3257.58,ETH
2026-01-07 08:10:42+00:00,642.0,3257.271,3257.27,3257.57,ETH
2026-01-07 08:10:43+00:00,643.0,3257.271,3257.27,3257.56,ETH
2026-01-07 08:10:44+00:00,644.0,3257.271,3257.26,3257.57,ETH
2026-01-07 08:10:45+00:00,645.0,3257.271,3257.26,3257.58,ETH
2026-01-07 08:10:46+00:00,646.0,3257.261,3257.26,3257.57,ETH
2026-01-07 08:10:47+00:00,647.0,3257.261,3257.26,3257.51,ETH
2026-01-07 08:10:48+00:00,648.0,3257.261,3257.26,3257.46,ETH
2026-01-07 08:10:49+00:00,649.0,3257.181,3257.18,3257.39,ETH
2026-01-07 08:10:50+00:00,650.0,3257.041,3257.03,3257.26,ETH
2026-01-07 08:10:51+00:00,651.0,3256.901,3256.89,3257.13,ETH
2026-01-07 08:10:52+00:00,652.0,3256.821,3256.81,3256.98,ETH
2026-01-07 08:10:53+00:00,653.0,3256.791,3256.76,3256.85,ETH
2026-01-07 08:10:54+00:00,654.0,3256.761,3256.72,3256.82,ETH
2026-01-07 08:10:55+00:00,655.0,3256.761,3256.65,3256.82,ETH
2026-01-07 08:10:56+00:00,656.0,3256.771,3256.53,3256.82,ETH
2026-01-07 08:10:57+00:00,657.0,3256.821,3256.53,3256.93,ETH
2026-01-07 08:10:58+00:00,658.0,3256.871,3256.58,3257.04,ETH
2026-01-07 08:10:59+00:00,659.0,3256.961,3256.61,3257.18,ETH
2026-01-07 08:11:00+00:00,660.0,3256.981,3256.61,3257.11,ETH
2026-01-07 08:11:01+00:00,661.0,3257.011,3256.67,3257.27,ETH
2026-01-07 08:11:02+00:00,662.0,3257.011,3256.66,3257.35,ETH
2026-01-07 08:11:03+00:00,663.0,3257.091,3256.74,3257.42,ETH
2026-01-07 08:11:04+00:00,664.0,3257.181,3256.81,3257.49,ETH
2026-01-07 08:11:05+00:00,665.0,3257.051,3256.8,3257.4,ETH
2026-01-07 08:11:06+00:00,666.0,3257.051,3256.79,3257.35,ETH
2026-01-07 08:11:07+00:00,667.0,3256.941,3256.79,3257.32,ETH
2026-01-07 08:11:08+00:00,668.0,3256.891,3256.72,3257.29,ETH
2026-01-07 08:11:09+00:00,669.0,3256.831,3256.7,3257.28,ETH
2026-01-07 08:11:10+00:00,670.0,3256.831,3256.7,3257.29,ETH
2026-01-07 08:11:11+00:00,671.0,3256.831,3256.7,3257.32,ETH
2026-01-07 08:11:12+00:00,672.0,3256.831,3256.71,3257.33,ETH
2026-01-07 08:11:13+00:00,673.0,3256.851,3256.71,3257.13,ETH
2026-01-07 08:11:14+00:00,674.0,3256.831,3256.7,3257.18,ETH
2026-01-07 08:11:15+00:00,675.0,3256.831,3256.69,3257.17,ETH
2026-01-07 08:11:16+00:00,676.0,3256.831,3256.68,3257.14,ETH
2026-01-07 08:11:17+00:00,677.0,3256.821,3256.61,3256.95,ETH
2026-01-07 08:11:18+00:00,678.0,3256.811,3256.53,3256.95,ETH
2026-01-07 08:11:19+00:00,679.0,3256.821,3256.52,3256.97,ETH
2026-01-07 08:11:20+00:00,680.0,3256.821,3256.52,3256.97,ETH
2026-01-07 08:11:21+00:00,681.0,3256.541,3256.53,3256.98,ETH
2026-01-07 08:11:22+00:00,682.0,3256.541,3256.44,3256.89,ETH
2026-01-07 08:11:23+00:00,683.0,3256.541,3256.43,3256.86,ETH
2026-01-07 08:11:24+00:00,684.0,3256.541,3256.53,3256.86,ETH
2026-01-07 08:11:25+00:00,685.0,3256.541,3256.53,3256.88,ETH
2026-01-07 08:11:26+00:00,686.0,3256.541,3256.53,3256.9,ETH
2026-01-07 08:11:27+00:00,687.0,3256.541,3256.53,3256.9,ETH
2026-01-07 08:11:28+00:00,688.0,3256.541,3256.53,3256.89,ETH
2026-01-07 08:11:29+00:00,689.0,3256.541,3256.53,3256.89,ETH
2026-01-07 08:11:31+00:00,691.0,3256.541,3256.54,3256.85,ETH
2026-01-07 08:11:32+00:00,692.0,3256.541,3256.54,3256.84,ETH
2026-01-07 08:11:33+00:00,693.0,3256.541,3256.54,3256.85,ETH
2026-01-07 08:11:34+00:00,694.0,3256.541,3256.54,3256.83,ETH
2026-01-07 08:11:35+00:00,695.0,3256.541,3256.54,3256.82,ETH
2026-01-07 08:11:36+00:00,696.0,3256.541,3256.54,3256.83,ETH
2026-01-07 08:11:37+00:00,697.0,3256.541,3256.54,3256.81,ETH
2026-01-07 08:11:38+00:00,698.0,3256.421,3256.39,3256.6,ETH
2026-01-07 08:11:39+00:00,699.0,3255.801,3255.79,3255.97,ETH
2026-01-07 08:11:40+00:00,700.0,3255.661,3255.65,3255.79,ETH
2026-01-07 08:11:41+00:00,701.0,3255.641,3255.38,3255.71,ETH
2026-01-07 08:11:42+00:00,702.0,3255.501,3255.22,3255.68,ETH
2026-01-07 08:11:43+00:00,703.0,3255.491,3255.18,3255.62,ETH
2026-01-07 08:11:44+00:00,704.0,3255.491,3255.18,3255.66,ETH
2026-01-07 08:11:45+00:00,705.0,3255.491,3255.18,3255.62,ETH
2026-01-07 08:11:46+00:00,706.0,3255.491,3255.17,3255.62,ETH
2026-01-07 08:11:47+00:00,707.0,3255.461,3255.17,3255.49,ETH
2026-01-07 08:11:48+00:00,708.0,3255.121,3255.0,3255.39,ETH
2026-01-07 08:11:49+00:00,709.0,3255.071,3254.87,3255.31,ETH
2026-01-07 08:11:50+00:00,710.0,3255.071,3254.81,3255.32,ETH
2026-01-07 08:11:51+00:00,711.0,3255.071,3254.8,3255.3,ETH
2026-01-07 08:11:52+00:00,712.0,3254.981,3254.67,3255.27,ETH
2026-01-07 08:11:53+00:00,713.0,3254.831,3254.55,3255.23,ETH
2026-01-07 08:11:54+00:00,714.0,3254.761,3254.52,3255.13,ETH
2026-01-07 08:11:55+00:00,715.0,3254.761,3254.48,3255.14,ETH
2026-01-07 08:11:56+00:00,716.0,3254.761,3254.48,3255.21,ETH
2026-01-07 08:11:57+00:00,717.0,3254.751,3254.44,3255.09,ETH
2026-01-07 08:11:58+00:00,718.0,3254.551,3254.38,3254.98,ETH
2026-01-07 08:11:59+00:00,719.0,3254.331,3254.32,3254.87,ETH
2026-01-07 08:12:00+00:00,720.0,3254.281,3254.27,3254.75,ETH
2026-01-07 08:12:01+00:00,721.0,3254.461,3254.44,3254.79,ETH
2026-01-07 08:12:02+00:00,722.0,3254.961,3254.9,3255.06,ETH
2026-01-07 08:12:03+00:00,723.0,3255.281,3255.22,3255.35,ETH
2026-01-07 08:12:04+00:00,724.0,3255.351,3255.27,3255.45,ETH
2026-01-07 08:12:05+00:00,725.0,3255.471,3255.4,3255.66,ETH
2026-01-07 08:12:06+00:00,726.0,3255.521,3255.52,3255.73,ETH
2026-01-07 08:12:07+00:00,727.0,3255.521,3255.52,3255.66,ETH
2026-01-07 08:12:08+00:00,728.0,3255.401,3255.4,3255.64,ETH
2026-01-07 08:12:09+00:00,729.0,3255.291,3255.28,3255.62,ETH
2026-01-07 08:12:10+00:00,730.0,3255.291,3255.28,3255.59,ETH
2026-01-07 08:12:11+00:00,731.0,3255.291,3255.28,3255.58,ETH
2026-01-07 08:12:12+00:00,732.0,3255.291,3255.28,3255.59,ETH
2026-01-07 08:12:13+00:00,733.0,3255.291,3255.28,3255.55,ETH
2026-01-07 08:12:14+00:00,734.0,3255.291,3255.28,3255.52,ETH
2026-01-07 08:12:15+00:00,735.0,3255.111,3255.07,3255.16,ETH
2026-01-07 08:12:16+00:00,736.0,3255.051,3255.01,3255.16,ETH
2026-01-07 08:12:17+00:00,737.0,3255.101,3255.08,3255.22,ETH
2026-01-07 08:12:18+00:00,738.0,3255.111,3255.09,3255.16,ETH
2026-01-07 08:12:19+00:00,739.0,3255.051,3255.02,3255.16,ETH
2026-01-07 08:12:20+00:00,740.0,3255.061,3255.02,3255.16,ETH
2026-01-07 08:12:21+00:00,741.0,3255.091,3255.05,3255.16,ETH
2026-01-07 08:12:22+00:00,742.0,3255.071,3255.03,3255.16,ETH
2026-01-07 08:12:23+00:00,743.0,3255.001,3254.97,3255.16,ETH
2026-01-07 08:12:24+00:00,744.0,3255.011,3254.98,3255.16,ETH
2026-01-07 08:12:25+00:00,745.0,3255.021,3254.98,3255.16,ETH
2026-01-07 08:12:26+00:00,746.0,3255.051,3255.02,3255.16,ETH
2026-01-07 08:12:27+00:00,747.0,3255.051,3255.01,3255.16,ETH
2026-01-07 08:12:28+00:00,748.0,3255.021,3254.98,3255.16,ETH
2026-01-07 08:12:29+00:00,749.0,3255.021,3254.98,3255.16,ETH
2026-01-07 08:12:30+00:00,750.0,3255.241,3255.2,3255.49,ETH
2026-01-07 08:12:31+00:00,751.0,3255.391,3255.36,3255.51,ETH
2026-01-07 08:12:32+00:00,752.0,3255.481,3255.47,3255.56,ETH
2026-01-07 08:12:33+00:00,753.0,3255.481,3255.47,3255.56,ETH
2026-01-07 08:12:34+00:00,754.0,3255.481,3255.47,3255.57,ETH
2026-01-07 08:12:35+00:00,755.0,3255.481,3255.48,3255.61,ETH
2026-01-07 08:12:36+00:00,756.0,3255.521,3255.48,3255.61,ETH
2026-01-07 08:12:37+00:00,757.0,3255.531,3255.48,3255.56,ETH
2026-01-07 08:12:38+00:00,758.0,3255.481,3255.48,3255.56,ETH
2026-01-07 08:12:39+00:00,759.0,3255.481,3255.48,3255.6,ETH
2026-01-07 08:12:40+00:00,760.0,3255.481,3255.48,3255.63,ETH
2026-01-07 08:12:41+00:00,761.0,3255.501,3255.48,3255.59,ETH
2026-01-07 08:12:42+00:00,762.0,3255.481,3255.48,3255.58,ETH
2026-01-07 08:12:43+00:00,763.0,3255.481,3255.48,3255.61,ETH
2026-01-07 08:12:44+00:00,764.0,3255.481,3255.48,3255.6,ETH
2026-01-07 08:12:45+00:00,765.0,3255.481,3255.48,3255.69,ETH
2026-01-07 08:12:46+00:00,766.0,3255.481,3255.48,3255.75,ETH
2026-01-07 08:12:47+00:00,767.0,3255.481,3255.48,3255.71,ETH
2026-01-07 08:12:48+00:00,768.0,3255.481,3255.48,3255.7,ETH
2026-01-07 08:12:49+00:00,769.0,3255.571,3255.57,3255.77,ETH
2026-01-07 08:12:50+00:00,770.0,3255.771,3255.64,3255.88,ETH
2026-01-07 08:12:51+00:00,771.0,3255.981,3255.92,3256.02,ETH
2026-01-07 08:12:52+00:00,772.0,3256.191,3256.14,3256.38,ETH
2026-01-07 08:12:53+00:00,773.0,3256.201,3256.19,3256.54,ETH
2026-01-07 08:12:54+00:00,774.0,3256.201,3256.19,3256.53,ETH
2026-01-07 08:12:55+00:00,775.0,3256.201,3256.19,3256.54,ETH
2026-01-07 08:12:56+00:00,776.0,3256.201,3256.19,3256.49,ETH
2026-01-07 08:12:57+00:00,777.0,3256.201,3256.19,3256.51,ETH
2026-01-07 08:12:58+00:00,778.0,3256.201,3256.19,3256.52,ETH
2026-01-07 08:12:59+00:00,779.0,3256.261,3256.25,3256.64,ETH
2026-01-07 08:13:00+00:00,780.0,3256.231,3256.21,3256.64,ETH
2026-01-07 08:13:01+00:00,781.0,3256.191,3256.19,3256.65,ETH
2026-01-07 08:13:02+00:00,782.0,3256.111,3255.94,3256.45,ETH
2026-01-07 08:13:03+00:00,783.0,3255.861,3255.69,3256.09,ETH
2026-01-07 08:13:04+00:00,784.0,3255.691,3255.69,3255.94,ETH
2026-01-07 08:13:05+00:00,785.0,3255.691,3255.69,3255.94,ETH
2026-01-07 08:13:06+00:00,786.0,3255.711,3255.69,3255.95,ETH
2026-01-07 08:13:07+00:00,787.0,3255.711,3255.69,3255.95,ETH
2026-01-07 08:13:08+00:00,788.0,3255.701,3255.69,3255.94,ETH
2026-01-07 08:13:09+00:00,789.0,3255.691,3255.69,3255.92,ETH
2026-01-07 08:13:10+00:00,790.0,3255.691,3255.69,3255.93,ETH
2026-01-07 08:13:11+00:00,791.0,3255.691,3255.69,3255.95,ETH
2026-01-07 08:13:12+00:00,792.0,3255.691,3255.69,3255.96,ETH
2026-01-07 08:13:13+00:00,793.0,3255.691,3255.69,3255.96,ETH
2026-01-07 08:13:14+00:00,794.0,3255.691,3255.69,3256.0,ETH
2026-01-07 08:13:15+00:00,795.0,3255.691,3255.69,3256.02,ETH
2026-01-07 08:13:16+00:00,796.0,3255.691,3255.69,3256.02,ETH
2026-01-07 08:13:17+00:00,797.0,3255.691,3255.69,3256.02,ETH
2026-01-07 08:13:18+00:00,798.0,3255.691,3255.69,3256.03,ETH
2026-01-07 08:13:19+00:00,799.0,3255.691,3255.69,3256.07,ETH
2026-01-07 08:13:20+00:00,800.0,3255.691,3255.69,3256.06,ETH
2026-01-07 08:13:21+00:00,801.0,3255.691,3255.69,3256.03,ETH
2026-01-07 08:13:22+00:00,802.0,3255.691,3255.69,3256.03,ETH
2026-01-07 08:13:23+00:00,803.0,3255.691,3255.69,3256.05,ETH
2026-01-07 08:13:24+00:00,804.0,3255.691,3255.69,3256.03,ETH
2026-01-07 08:13:25+00:00,805.0,3255.691,3255.69,3255.98,ETH
2026-01-07 08:13:26+00:00,806.0,3255.691,3255.69,3255.97,ETH
2026-01-07 08:13:27+00:00,807.0,3255.691,3255.69,3255.97,ETH
2026-01-07 08:13:28+00:00,808.0,3255.701,3255.69,3256.0,ETH
2026-01-07 08:13:29+00:00,809.0,3255.701,3255.69,3256.02,ETH
2026-01-07 08:13:30+00:00,810.0,3255.701,3255.69,3256.02,ETH
2026-01-07 08:13:31+00:00,811.0,3255.701,3255.69,3256.03,ETH
2026-01-07 08:13:32+00:00,812.0,3255.691,3255.69,3256.04,ETH
2026-01-07 08:13:33+00:00,813.0,3255.691,3255.69,3256.05,ETH
2026-01-07 08:13:34+00:00,814.0,3255.691,3255.69,3256.06,ETH
2026-01-07 08:13:35+00:00,815.0,3255.691,3255.69,3256.06,ETH
2026-01-07 08:13:36+00:00,816.0,3255.711,3255.69,3256.06,ETH
2026-01-07 08:13:37+00:00,817.0,3255.721,3255.69,3256.08,ETH
2026-01-07 08:13:38+00:00,818.0,3255.711,3255.69,3256.12,ETH
2026-01-07 08:13:39+00:00,819.0,3255.711,3255.69,3256.14,ETH
2026-01-07 08:13:40+00:00,820.0,3255.711,3255.69,3256.17,ETH
2026-01-07 08:13:41+00:00,821.0,3255.711,3255.69,3256.18,ETH
2026-01-07 08:13:42+00:00,822.0,3255.701,3255.69,3256.19,ETH
2026-01-07 08:13:43+00:00,823.0,3255.691,3255.69,3256.2,ETH
2026-01-07 08:13:44+00:00,824.0,3255.721,3255.71,3256.17,ETH
2026-01-07 08:13:45+00:00,825.0,3255.761,3255.76,3256.16,ETH
2026-01-07 08:13:46+00:00,826.0,3255.741,3255.73,3256.17,ETH
2026-01-07 08:13:47+00:00,827.0,3255.701,3255.69,3256.13,ETH
2026-01-07 08:13:48+00:00,828.0,3255.701,3255.69,3256.13,ETH
2026-01-07 08:13:49+00:00,829.0,3255.761,3255.76,3256.17,ETH
2026-01-07 08:13:50+00:00,830.0,3255.821,3255.81,3256.19,ETH
2026-01-07 08:13:51+00:00,831.0,3255.811,3255.8,3256.19,ETH
2026-01-07 08:13:52+00:00,832.0,3255.811,3255.79,3256.19,ETH
2026-01-07 08:13:53+00:00,833.0,3255.801,3255.79,3256.18,ETH
2026-01-07 08:13:54+00:00,834.0,3255.801,3255.79,3256.16,ETH
2026-01-07 08:13:55+00:00,835.0,3255.801,3255.79,3256.15,ETH
2026-01-07 08:13:56+00:00,836.0,3255.801,3255.79,3256.19,ETH
2026-01-07 08:13:57+00:00,837.0,3255.801,3255.79,3256.21,ETH
2026-01-07 08:13:58+00:00,838.0,3255.801,3255.79,3256.2,ETH
2026-01-07 08:13:59+00:00,839.0,3255.751,3255.74,3256.21,ETH
2026-01-07 08:14:00+00:00,840.0,3255.871,3255.86,3256.25,ETH
2026-01-07 08:14:01+00:00,841.0,3256.031,3255.99,3256.18,ETH
2026-01-07 08:14:02+00:00,842.0,3256.041,3255.99,3256.1,ETH
2026-01-07 08:14:03+00:00,843.0,3256.041,3256.03,3256.19,ETH
2026-01-07 08:14:04+00:00,844.0,3256.031,3256.03,3256.27,ETH
2026-01-07 08:14:05+00:00,845.0,3256.031,3256.03,3256.27,ETH
2026-01-07 08:14:06+00:00,846.0,3256.111,3256.09,3256.38,ETH
2026-01-07 08:14:07+00:00,847.0,3256.191,3256.16,3256.44,ETH
2026-01-07 08:14:08+00:00,848.0,3256.211,3256.17,3256.4,ETH
2026-01-07 08:14:09+00:00,849.0,3256.191,3256.16,3256.46,ETH
2026-01-07 08:14:10+00:00,850.0,3255.911,3255.82,3256.11,ETH
2026-01-07 08:14:11+00:00,851.0,3255.411,3255.3,3255.45,ETH
2026-01-07 08:14:12+00:00,852.0,3255.151,3255.12,3255.19,ETH
2026-01-07 08:14:13+00:00,853.0,3255.171,3255.16,3255.29,ETH
2026-01-07 08:14:14+00:00,854.0,3255.171,3255.16,3255.28,ETH
2026-01-07 08:14:15+00:00,855.0,3255.171,3255.16,3255.25,ETH
2026-01-07 08:14:16+00:00,856.0,3255.171,3255.16,3255.28,ETH
2026-01-07 08:14:17+00:00,857.0,3255.551,3255.38,3255.61,ETH
2026-01-07 08:14:18+00:00,858.0,3255.581,3255.57,3255.73,ETH
2026-01-07 08:14:19+00:00,859.0,3255.581,3255.57,3255.7,ETH
2026-01-07 08:14:20+00:00,860.0,3255.581,3255.57,3255.73,ETH
2026-01-07 08:14:21+00:00,861.0,3255.911,3255.91,3256.1,ETH
2026-01-07 08:14:22+00:00,862.0,3255.911,3255.91,3256.43,ETH
2026-01-07 08:14:23+00:00,863.0,3256.181,3256.13,3256.23,ETH
2026-01-07 08:14:24+00:00,864.0,3256.181,3256.14,3256.22,ETH
2026-01-07 08:14:25+00:00,865.0,3256.451,3256.39,3256.55,ETH
2026-01-07 08:14:26+00:00,866.0,3256.311,3256.26,3256.55,ETH
2026-01-07 08:14:27+00:00,867.0,3256.261,3256.08,3256.48,ETH
2026-01-07 08:14:28+00:00,868.0,3256.081,3255.83,3256.2,ETH
2026-01-07 08:14:29+00:00,869.0,3255.841,3255.76,3255.97,ETH
2026-01-07 08:14:30+00:00,870.0,3255.761,3255.76,3255.95,ETH
2026-01-07 08:14:31+00:00,871.0,3255.761,3255.75,3255.94,ETH
2026-01-07 08:14:32+00:00,872.0,3255.761,3255.75,3255.95,ETH
2026-01-07 08:14:33+00:00,873.0,3255.761,3255.75,3255.92,ETH
2026-01-07 08:14:34+00:00,874.0,3255.761,3255.75,3255.89,ETH
2026-01-07 08:14:35+00:00,875.0,3255.511,3255.5,3255.88,ETH
2026-01-07 08:14:36+00:00,876.0,3255.511,3255.5,3255.87,ETH
2026-01-07 08:14:37+00:00,877.0,3255.511,3255.5,3255.9,ETH
2026-01-07 08:14:38+00:00,878.0,3255.531,3255.53,3255.94,ETH
2026-01-07 08:14:39+00:00,879.0,3255.531,3255.53,3255.98,ETH
2026-01-07 08:14:40+00:00,880.0,3255.891,3255.89,3256.05,ETH
2026-01-07 08:14:41+00:00,881.0,3256.011,3255.89,3256.3,ETH
2026-01-07 08:14:42+00:00,882.0,3255.941,3255.89,3256.29,ETH
2026-01-07 08:14:43+00:00,883.0,3255.941,3255.89,3256.29,ETH
2026-01-07 08:14:44+00:00,884.0,3255.971,3255.89,3256.28,ETH
2026-01-07 08:14:45+00:00,885.0,3255.891,3255.89,3256.2,ETH
2026-01-07 08:14:46+00:00,886.0,3255.891,3255.89,3256.24,ETH
2026-01-07 08:14:47+00:00,887.0,3255.891,3255.89,3256.23,ETH
2026-01-07 08:14:48+00:00,888.0,3255.891,3255.89,3256.2,ETH
2026-01-07 08:14:49+00:00,889.0,3255.891,3255.89,3256.22,ETH
2026-01-07 08:14:50+00:00,890.0,3255.891,3255.89,3256.25,ETH
2026-01-07 08:14:51+00:00,891.0,3255.911,3255.89,3256.24,ETH
2026-01-07 08:14:52+00:00,892.0,3255.941,3255.89,3256.26,ETH
2026-01-07 08:14:53+00:00,893.0,3255.921,3255.89,3256.26,ETH
2026-01-07 08:14:54+00:00,894.0,3255.891,3255.89,3256.22,ETH
2026-01-07 08:14:55+00:00,895.0,3255.891,3255.89,3256.22,ETH
2026-01-07 08:14:56+00:00,896.0,3255.891,3255.89,3256.18,ETH
2026-01-07 08:14:57+00:00,897.0,3255.891,3255.89,3256.02,ETH
2026-01-07 08:14:58+00:00,898.0,3255.661,3255.62,3256.03,ETH
2026-01-07 08:14:59+00:00,899.0,3255.641,3255.64,3255.91,ETH
