timestamp,collected_at,seconds,up_mid,up_best_bid,up_best_ask,down_mid,down_best_bid,down_best_ask,up_best_bid_size,up_best_ask_size,down_best_bid_size,down_best_ask_size,up_bid_2,up_bid_2_size,up_ask_2,up_ask_2_size,up_bid_3,up_bid_3_size,up_ask_3,up_ask_3_size,up_bid_4,up_bid_4_size,up_ask_4,up_ask_4_size,up_bid_5,up_bid_5_size,up_ask_5,up_ask_5_size,up_bid_6,up_bid_6_size,up_ask_6,up_ask_6_size,down_bid_2,down_bid_2_size,down_ask_2,down_ask_2_size,down_bid_3,down_bid_3_size,down_ask_3,down_ask_3_size,down_bid_4,down_bid_4_size,down_ask_4,down_ask_4_size,down_bid_5,down_bid_5_size,down_ask_5,down_ask_5_size,down_bid_6,down_bid_6_size,down_ask_6,down_ask_6_size
2026-01-07 08:00:00.046000+00:00,2026-01-07 07:59:57.533613+00:00,0.046,0.01,,0.01,0.99,0.99,,,7529.77,7529.77,,,,0.02,408.66,,,0.03,5.0,,,0.04,26.42,,,0.05,478.19,,,0.06,251.6,0.98,408.66,,,0.97,5.0,,,0.96,26.42,,,0.95,478.19,,,0.94,251.6,,
2026-01-07 08:00:01.001000+00:00,2026-01-07 07:59:58.559177+00:00,1.001,0.01,,0.01,0.99,0.99,,,7529.77,12529.77,,,,0.02,408.66,,,0.04,26.42,,,0.05,478.19,,,0.06,251.6,,,0.07,110.7,0.98,408.66,,,0.96,26.42,,,0.95,478.19,,,0.94,251.6,,,0.93,110.7,,
2026-01-07 08:00:02.001000+00:00,2026-01-07 07:59:59.563256+00:00,2.001,0.01,,0.01,0.99,0.99,,,206820.99,206820.99,,,,0.02,408.66,,,0.04,26.42,,,0.05,478.19,,,0.06,251.6,,,0.07,110.7,0.98,408.66,,,0.96,26.42,,,0.95,478.19,,,0.94,251.6,,,0.93,110.7,,
2026-01-07 08:00:03.088000+00:00,2026-01-07 08:00:00.572809+00:00,3.088,0.555,0.55,0.56,0.445,0.44,0.45,8.0,243.0,304.0,8.0,0.54,5.0,0.57,541.0,0.53,2431.6,0.58,121.0,0.52,122.92,0.59,121.0,0.51,45.0,0.6,55.0,0.5,299.13,0.61,64.0,0.43,602.0,0.47,2431.6,0.42,121.0,0.48,122.92,0.41,121.0,0.49,45.0,0.4,55.0,0.5,299.13,0.39,64.0,0.51,290.1
2026-01-07 08:00:04.120000+00:00,2026-01-07 08:00:01.579104+00:00,4.12,0.535,0.53,0.54,0.46499999999999997,0.46,0.47,1487.6,333.0,348.0,1487.6,0.52,122.92,0.55,304.0,0.51,45.0,0.56,324.0,0.5,299.13,0.57,602.0,0.49,290.1,0.58,121.0,0.48,15.0,0.59,121.0,0.45,304.0,0.48,122.92,0.44,324.0,0.49,45.0,0.43,602.0,0.5,299.13,0.42,121.0,0.51,290.1,0.41,121.0,0.52,15.0
2026-01-07 08:00:05.133000+00:00,2026-01-07 08:00:02.598373+00:00,5.133,0.535,0.53,0.54,0.46499999999999997,0.46,0.47,1091.12,407.0,353.0,1116.12,0.52,122.92,0.55,304.0,0.51,45.0,0.56,324.0,0.5,334.13,0.57,602.0,0.49,335.1,0.58,121.0,0.48,45.0,0.59,121.0,0.45,304.0,0.48,122.92,0.44,376.0,0.49,45.0,0.43,602.0,0.5,334.13,0.42,121.0,0.51,335.1,0.41,121.0,0.52,45.0
2026-01-07 08:00:06.988000+00:00,2026-01-07 08:00:04.609727+00:00,6.988,0.535,0.53,0.54,0.46499999999999997,0.46,0.47,172.07,50.0,35.0,172.07,0.52,325.92,0.55,35.0,0.51,303.0,0.56,60.0,0.5,532.13,0.57,401.0,0.49,653.1,0.58,334.0,0.48,349.0,0.59,304.0,0.45,20.0,0.48,340.92,0.44,60.0,0.49,273.0,0.43,343.0,0.5,547.13,0.42,394.0,0.51,653.1,0.41,304.0,0.52,349.0
2026-01-07 08:00:08.155000+00:00,2026-01-07 08:00:05.616203+00:00,8.155,0.565,0.56,0.57,0.435,0.43,0.44,167.0,28.82,28.82,167.0,0.55,288.0,0.6,80.0,0.54,368.0,0.61,45.0,0.53,536.07,0.62,60.0,0.52,446.92,0.63,15.0,0.51,394.0,0.64,183.0,0.4,80.0,0.45,288.0,0.39,45.0,0.46,288.0,0.38,60.0,0.47,536.07,0.37,15.0,0.48,446.92,0.36,183.0,0.49,394.0
2026-01-07 08:00:09.178000+00:00,2026-01-07 08:00:06.639588+00:00,9.178,0.585,0.58,0.59,0.415,0.41,0.42,61.0,70.0,207.0,61.0,0.57,32.18,0.6,337.0,0.56,183.0,0.61,167.0,0.55,304.0,0.62,338.0,0.54,369.0,0.63,293.0,0.53,466.07,0.64,304.0,0.4,513.0,0.43,32.18,0.39,457.0,0.44,183.0,0.38,338.0,0.45,304.0,0.37,293.0,0.46,369.0,0.36,304.0,0.47,466.07
2026-01-07 08:00:10.179000+00:00,2026-01-07 08:00:07.644654+00:00,10.179,0.535,0.53,0.54,0.46499999999999997,0.46,0.47,102.07,263.0,384.0,102.07,0.52,122.92,0.55,367.0,0.51,45.0,0.56,384.0,0.5,304.13,0.57,459.0,0.49,493.1,0.58,454.0,0.48,384.0,0.59,490.0,0.45,367.0,0.48,122.92,0.44,384.0,0.49,45.0,0.43,459.0,0.5,304.13,0.42,454.0,0.51,493.1,0.41,490.0,0.52,304.0
2026-01-07 08:00:11.146000+00:00,2026-01-07 08:00:08.650021+00:00,11.146,0.535,0.53,0.54,0.46499999999999997,0.46,0.47,91.85,438.0,428.0,91.85,0.52,122.92,0.55,437.0,0.51,45.0,0.56,454.0,0.5,304.13,0.57,454.0,0.49,310.1,0.58,454.0,0.47,9.0,0.59,419.0,0.45,437.0,0.48,122.92,0.44,454.0,0.49,45.0,0.43,454.0,0.5,304.13,0.42,454.0,0.51,310.1,0.41,419.0,0.53,9.0
2026-01-07 08:00:12.194000+00:00,2026-01-07 08:00:09.655310+00:00,12.194,0.505,0.5,0.51,0.495,0.49,0.5,229.05,202.0,202.0,107.05,0.49,310.1,0.52,162.0,0.47,9.0,0.53,257.78,0.45,5.0,0.54,508.0,0.43,300.0,0.55,542.0,0.42,80.0,0.56,419.0,0.48,162.0,0.51,310.1,0.47,273.73,0.53,9.0,0.46,508.0,0.55,5.0,0.45,542.0,0.57,350.0,0.44,419.0,0.58,60.0
2026-01-07 08:00:13.195000+00:00,2026-01-07 08:00:10.672512+00:00,13.195,0.455,0.45,0.46,0.545,0.54,0.55,90.0,35.0,35.0,202.92,0.44,60.0,0.47,107.0,0.43,360.0,0.48,141.0,0.42,45.0,0.49,92.85,0.41,80.0,0.5,267.0,0.4,265.5,0.51,349.0,0.53,62.0,0.56,145.0,0.52,96.0,0.57,415.0,0.51,92.85,0.58,115.0,0.5,222.0,0.59,236.0,0.49,349.0,0.6,325.5
2026-01-07 08:00:14.201000+00:00,2026-01-07 08:00:11.690440+00:00,14.201,0.475,0.47,0.48,0.525,0.52,0.53,17.0,45.0,45.0,78.0,0.46,157.0,0.49,80.0,0.45,466.92,0.5,60.0,0.44,469.0,0.51,202.0,0.43,754.0,0.52,187.0,0.42,454.0,0.53,490.32,0.51,80.0,0.54,218.0,0.5,60.0,0.55,466.92,0.49,263.0,0.56,469.0,0.48,248.0,0.57,754.0,0.47,490.32,0.58,454.0
2026-01-07 08:00:15.019000+00:00,2026-01-07 08:00:12.695577+00:00,15.019,0.475,0.47,0.48,0.525,0.52,0.53,58.22,45.0,45.0,49.33,0.46,283.0,0.49,80.0,0.45,446.92,0.5,110.0,0.44,469.0,0.51,263.0,0.43,754.0,0.52,248.0,0.42,454.0,0.53,490.32,0.51,80.0,0.54,298.0,0.5,110.0,0.55,431.92,0.49,263.0,0.56,469.0,0.48,248.0,0.57,754.0,0.47,490.32,0.58,454.0
2026-01-07 08:00:16.243000+00:00,2026-01-07 08:00:13.701942+00:00,16.243,0.485,0.48,0.49,0.515,0.51,0.52,39.0,45.0,45.0,39.0,0.47,30.44,0.5,100.0,0.46,183.0,0.51,228.0,0.45,456.92,0.52,248.0,0.44,434.0,0.53,490.32,0.43,754.0,0.54,404.0,0.5,135.0,0.53,35.0,0.49,238.0,0.54,193.0,0.48,248.0,0.55,491.92,0.47,490.32,0.56,469.0,0.46,439.0,0.57,754.0
2026-01-07 08:00:17.232000+00:00,2026-01-07 08:00:14.707559+00:00,17.232,0.485,0.48,0.49,0.515,0.51,0.52,144.0,70.0,70.0,144.0,0.47,110.0,0.5,155.0,0.46,253.0,0.51,359.0,0.45,456.92,0.52,318.0,0.44,454.0,0.53,560.32,0.43,754.0,0.54,439.0,0.5,155.0,0.53,180.0,0.49,359.0,0.54,323.0,0.48,318.0,0.55,456.92,0.47,560.32,0.56,454.0,0.46,439.0,0.57,754.0
2026-01-07 08:00:18.229000+00:00,2026-01-07 08:00:15.716874+00:00,18.229,0.485,0.48,0.49,0.515,0.51,0.52,361.0,70.0,95.0,422.0,0.47,341.0,0.5,5.0,0.46,454.0,0.52,218.0,0.45,456.92,0.53,314.32,0.44,454.0,0.54,454.0,0.43,734.0,0.55,447.0,0.5,5.0,0.53,341.0,0.49,15.0,0.54,454.0,0.48,132.0,0.55,456.92,0.47,161.32,0.56,454.0,0.46,333.0,0.57,734.0
2026-01-07 08:00:19.228000+00:00,2026-01-07 08:00:16.724906+00:00,19.228,0.5,0.49,0.51,0.5,0.49,0.51,185.0,45.0,45.0,185.0,0.48,357.0,0.52,132.0,0.47,271.0,0.53,161.32,0.46,454.0,0.54,263.0,0.45,456.92,0.55,256.0,0.44,404.0,0.56,248.0,0.48,132.0,0.52,461.35,0.47,161.32,0.53,271.0,0.46,263.0,0.54,454.0,0.45,256.0,0.55,456.92,0.44,248.0,0.56,404.0
2026-01-07 08:00:20.285000+00:00,2026-01-07 08:00:17.733532+00:00,20.285,0.5,0.49,0.51,0.5,0.49,0.51,185.0,45.0,45.0,185.0,0.48,461.35,0.52,80.0,0.47,271.0,0.53,161.32,0.46,454.0,0.54,316.0,0.45,456.92,0.55,256.0,0.44,404.0,0.56,248.0,0.48,80.0,0.52,461.35,0.47,161.32,0.53,271.0,0.46,316.0,0.54,454.0,0.45,256.0,0.55,456.92,0.44,248.0,0.56,404.0
2026-01-07 08:00:21.279000+00:00,2026-01-07 08:00:18.737514+00:00,21.279,0.51,0.5,0.52,0.485,0.48,0.49,80.0,35.0,35.0,105.0,0.49,159.64,0.53,161.32,0.48,446.35,0.54,316.0,0.47,271.0,0.55,256.0,0.46,454.0,0.56,248.0,0.45,1005.58,0.57,404.0,0.47,116.32,0.5,60.0,0.46,317.0,0.51,159.64,0.45,256.0,0.52,446.35,0.44,248.0,0.53,271.0,0.43,404.0,0.54,454.0
2026-01-07 08:00:22.296000+00:00,2026-01-07 08:00:19.745034+00:00,22.296,0.525,0.52,0.53,0.475,0.47,0.48,85.75,106.32,106.32,100.75,0.51,167.0,0.55,109.0,0.5,358.0,0.56,248.0,0.49,419.0,0.57,248.0,0.48,557.35,0.58,304.0,0.47,419.0,0.59,304.0,0.45,8.0,0.49,237.0,0.44,218.0,0.5,438.0,0.43,183.0,0.51,454.0,0.42,384.0,0.52,557.35,0.41,304.0,0.53,419.0
2026-01-07 08:00:23.294000+00:00,2026-01-07 08:00:20.751574+00:00,23.294,0.535,0.53,0.54,0.46499999999999997,0.46,0.47,137.0,85.0,90.0,198.0,0.52,404.0,0.55,88.0,0.51,359.0,0.56,177.0,0.5,469.0,0.57,202.0,0.49,454.0,0.58,262.0,0.48,592.35,0.59,233.0,0.45,210.0,0.48,100.0,0.44,177.0,0.49,359.0,0.43,202.0,0.5,469.0,0.42,444.0,0.51,454.0,0.41,354.0,0.52,592.35
2026-01-07 08:00:24.296000+00:00,2026-01-07 08:00:21.759144+00:00,24.296,0.545,0.54,0.55,0.455,0.45,0.46,19.3,39.0,39.0,19.3,0.53,300.36,0.56,96.0,0.52,308.0,0.57,71.0,0.51,454.0,0.58,233.0,0.5,454.0,0.59,263.0,0.49,454.0,0.6,283.0,0.44,96.0,0.47,300.36,0.43,71.0,0.48,308.0,0.42,263.0,0.49,454.0,0.41,263.0,0.5,454.0,0.4,283.0,0.51,454.0
2026-01-07 08:00:25.304000+00:00,2026-01-07 08:00:22.764853+00:00,25.304,0.545,0.54,0.55,0.455,0.45,0.46,51.39,86.08,101.08,51.39,0.53,60.0,0.56,136.0,0.52,165.0,0.57,141.0,0.51,125.0,0.58,263.0,0.5,333.0,0.59,384.0,0.49,439.0,0.6,432.0,0.44,136.0,0.47,60.0,0.43,141.0,0.48,165.0,0.42,263.0,0.49,125.0,0.41,454.0,0.5,333.0,0.4,439.0,0.51,439.0
2026-01-07 08:00:26.281000+00:00,2026-01-07 08:00:23.770699+00:00,26.281,0.545,0.54,0.55,0.455,0.45,0.46,51.39,32.75,32.75,51.39,0.53,60.0,0.56,151.0,0.52,165.0,0.57,141.0,0.51,125.0,0.58,263.0,0.5,333.0,0.59,454.0,0.49,439.0,0.6,439.0,0.44,151.0,0.47,60.0,0.43,141.0,0.48,165.0,0.42,263.0,0.49,125.0,0.41,454.0,0.5,333.0,0.4,439.0,0.51,439.0
2026-01-07 08:00:27.306000+00:00,2026-01-07 08:00:24.777519+00:00,27.306,0.545,0.54,0.55,0.41000000000000003,0.4,0.42,334.69,24.0,80.0,45.0,0.53,469.0,0.57,11.08,0.52,454.0,0.58,35.0,0.51,496.0,0.59,193.0,0.5,478.0,0.6,348.0,0.49,404.0,0.61,263.0,0.38,233.0,0.43,247.0,0.37,183.0,0.44,333.0,0.36,368.99,0.45,252.0,0.35,309.0,0.46,525.69,0.34,304.0,0.47,529.0
2026-01-07 08:00:28.332000+00:00,2026-01-07 08:00:25.799106+00:00,28.332,0.595,0.59,0.6,0.405,0.4,0.41,237.56,34.93,34.93,237.56,0.58,263.0,0.61,35.0,0.57,359.0,0.62,25.0,0.56,459.09,0.63,111.08,0.55,454.0,0.64,80.0,0.54,475.69,0.65,230.63,0.39,35.0,0.42,263.0,0.38,25.0,0.43,359.0,0.37,111.08,0.44,459.09,0.36,80.0,0.45,454.0,0.35,230.63,0.46,475.69
2026-01-07 08:00:29.119000+00:00,2026-01-07 08:00:26.805998+00:00,29.119,0.605,0.6,0.61,0.385,0.38,0.39,45.0,35.0,15.0,15.0,0.59,185.55,0.62,25.0,0.58,263.0,0.63,46.08,0.57,359.0,0.64,35.0,0.56,459.09,0.65,288.0,0.55,454.0,0.66,198.0,0.37,11.08,0.4,50.0,0.35,223.0,0.41,185.55,0.34,198.0,0.42,228.0,0.33,314.0,0.43,349.0,0.32,447.0,0.44,459.09
2026-01-07 08:00:30.362000+00:00,2026-01-07 08:00:27.812786+00:00,30.362,0.645,0.64,0.65,0.355,0.35,0.36,251.02,5.0,10.0,373.02,0.63,249.58,0.67,10.0,0.62,388.0,0.68,55.0,0.61,589.4,0.69,75.0,0.6,454.0,0.7,303.0,0.59,456.55,0.71,285.65,0.33,35.0,0.37,249.58,0.32,80.0,0.38,449.0,0.31,75.0,0.39,589.4,0.3,303.0,0.4,454.0,0.29,285.65,0.41,456.55
2026-01-07 08:00:31.358000+00:00,2026-01-07 08:00:28.821172+00:00,31.358,0.675,0.67,0.68,0.325,0.32,0.33,239.43,20.0,10.0,410.43,0.66,349.0,0.7,203.0,0.65,349.0,0.71,218.0,0.64,338.02,0.72,266.55,0.63,335.58,0.73,248.0,0.62,439.0,0.74,339.0,0.3,203.0,0.34,349.0,0.29,183.0,0.35,349.0,0.28,238.0,0.36,373.02,0.27,291.55,0.37,335.58,0.26,369.0,0.38,404.0
2026-01-07 08:00:32.346000+00:00,2026-01-07 08:00:29.812843+00:00,32.346,0.695,0.69,0.7,0.305,0.3,0.31,45.0,55.0,55.0,51.44,0.68,50.88,0.71,10.0,0.67,384.0,0.72,135.0,0.66,359.0,0.73,278.0,0.65,384.0,0.74,248.0,0.64,373.02,0.75,183.0,0.29,10.0,0.32,50.88,0.28,135.0,0.33,384.0,0.27,263.0,0.34,359.0,0.26,263.0,0.35,384.0,0.25,183.0,0.36,373.02
2026-01-07 08:00:33.348000+00:00,2026-01-07 08:00:30.817458+00:00,33.348,0.695,0.69,0.7,0.305,0.3,0.31,90.31,12.88,12.88,76.63,0.68,364.88,0.72,55.0,0.67,384.0,0.73,10.0,0.66,492.0,0.74,238.0,0.65,454.0,0.75,298.0,0.64,408.02,0.76,208.4,0.28,55.0,0.32,364.88,0.27,10.0,0.33,384.0,0.26,283.0,0.34,492.0,0.25,263.0,0.35,454.0,0.24,223.4,0.36,408.02
2026-01-07 08:00:34.359000+00:00,2026-01-07 08:00:31.812043+00:00,34.359,0.69,0.68,0.7,0.305,0.3,0.31,43.56,40.0,40.0,30.0,0.67,384.0,0.71,10.0,0.66,429.0,0.72,257.0,0.65,454.0,0.73,278.0,0.64,428.02,0.74,248.0,0.63,405.58,0.75,228.0,0.29,10.0,0.32,43.56,0.28,318.0,0.33,80.0,0.27,263.0,0.34,429.0,0.26,263.0,0.35,454.0,0.25,298.0,0.36,428.02
2026-01-07 08:00:35.351000+00:00,2026-01-07 08:00:32.817693+00:00,35.351,0.695,0.69,0.7,0.305,0.3,0.31,15.54,48.12,23.12,15.54,0.68,43.56,0.71,10.0,0.67,80.0,0.72,368.0,0.66,359.0,0.73,348.0,0.65,454.0,0.74,318.0,0.64,428.02,0.75,298.0,0.29,90.0,0.32,78.56,0.28,353.0,0.33,55.0,0.27,348.0,0.34,384.0,0.26,318.0,0.35,454.0,0.25,298.0,0.36,428.02
2026-01-07 08:00:36.375000+00:00,2026-01-07 08:00:33.841636+00:00,36.375,0.7,0.69,0.71,0.305,0.3,0.31,5.83,115.0,55.0,20.0,0.68,78.56,0.72,258.0,0.67,55.0,0.73,348.0,0.66,384.0,0.74,353.0,0.65,454.0,0.75,298.0,0.64,428.02,0.76,399.4,0.29,212.0,0.32,43.56,0.28,298.0,0.33,80.0,0.27,333.0,0.34,359.0,0.26,439.0,0.35,384.0,0.25,419.0,0.36,358.02
2026-01-07 08:00:37.353000+00:00,2026-01-07 08:00:34.848156+00:00,37.353,0.69,0.68,0.7,0.305,0.3,0.31,35.31,115.0,35.0,45.0,0.67,80.0,0.71,253.0,0.66,55.0,0.72,283.0,0.65,80.0,0.73,333.0,0.64,428.02,0.74,439.0,0.63,405.58,0.75,419.0,0.29,273.0,0.32,60.31,0.28,298.0,0.33,80.0,0.27,333.0,0.34,55.0,0.26,439.0,0.35,80.0,0.25,419.0,0.36,428.02
2026-01-07 08:00:38.987000+00:00,2026-01-07 08:00:36.873965+00:00,38.987,0.69,0.68,0.7,0.295,0.29,0.3,25.43,115.0,218.0,57.0,0.67,80.0,0.71,253.0,0.66,125.0,0.72,329.5,0.65,150.0,0.73,333.0,0.64,428.02,0.74,439.0,0.63,405.58,0.75,419.0,0.28,259.5,0.31,62.0,0.27,263.0,0.32,25.43,0.26,384.0,0.33,55.0,0.25,349.0,0.34,272.0,0.24,399.4,0.35,393.0
2026-01-07 08:00:40.420000+00:00,2026-01-07 08:00:37.878560+00:00,40.42,0.715,0.71,0.72,0.28500000000000003,0.28,0.29,95.0,30.0,15.0,120.0,0.7,100.0,0.73,35.0,0.69,125.0,0.74,213.0,0.68,434.43,0.75,218.0,0.67,419.0,0.76,288.39,0.66,419.0,0.77,319.0,0.26,238.0,0.3,110.0,0.25,193.0,0.31,272.0,0.24,323.39,0.32,434.43,0.23,319.0,0.33,454.0,0.22,329.9,0.34,419.0
2026-01-07 08:00:41.367000+00:00,2026-01-07 08:00:38.877276+00:00,41.367,0.715,0.71,0.72,0.28500000000000003,0.28,0.29,105.0,12.96,12.96,105.0,0.7,370.23,0.73,35.0,0.69,454.0,0.74,30.0,0.68,434.43,0.75,35.0,0.67,454.0,0.76,323.4,0.66,457.0,0.77,198.0,0.27,35.0,0.3,370.23,0.26,30.0,0.31,454.0,0.25,35.0,0.32,434.43,0.24,323.4,0.33,454.0,0.23,198.0,0.34,457.0
2026-01-07 08:00:42.420000+00:00,2026-01-07 08:00:39.884187+00:00,42.42,0.735,0.73,0.74,0.265,0.26,0.27,85.0,20.0,20.0,85.0,0.72,177.0,0.76,253.9,0.71,372.75,0.77,273.0,0.7,325.23,0.78,258.9,0.69,490.0,0.79,339.0,0.68,399.43,0.8,2271.17,0.24,253.9,0.28,177.0,0.23,273.0,0.29,372.75,0.22,258.9,0.3,325.23,0.21,339.0,0.31,454.0,0.2,2271.17,0.32,399.43
2026-01-07 08:00:43.392000+00:00,2026-01-07 08:00:40.890589+00:00,43.392,0.725,0.72,0.73,0.275,0.27,0.28,66.0,20.0,105.0,14.99,0.71,129.75,0.74,108.99,0.7,95.0,0.75,253.0,0.69,454.0,0.76,298.9,0.68,434.43,0.77,263.0,0.67,439.0,0.78,329.9,0.26,80.0,0.29,149.75,0.25,253.0,0.3,95.0,0.24,298.9,0.31,150.0,0.23,263.0,0.32,434.43,0.22,329.9,0.33,439.0
2026-01-07 08:00:44.430000+00:00,2026-01-07 08:00:41.895055+00:00,44.43,0.72,0.71,0.73,0.28500000000000003,0.28,0.29,61.4,80.0,40.0,35.0,0.7,25.0,0.74,228.0,0.69,150.0,0.75,228.0,0.68,434.43,0.76,298.9,0.67,439.0,0.77,228.0,0.66,404.0,0.78,399.9,0.27,92.25,0.3,30.0,0.26,238.0,0.31,45.0,0.25,278.0,0.32,434.43,0.24,298.9,0.33,439.0,0.23,349.0,0.34,439.0
2026-01-07 08:00:45.361000+00:00,2026-01-07 08:00:42.919522+00:00,45.361,0.715,0.71,0.72,0.28500000000000003,0.28,0.29,95.1,10.0,10.0,71.28,0.7,40.0,0.74,35.0,0.69,333.0,0.75,273.0,0.68,434.43,0.76,298.9,0.67,439.0,0.77,348.0,0.66,404.0,0.78,399.9,0.26,35.0,0.3,40.0,0.25,273.0,0.31,333.0,0.24,298.9,0.32,434.43,0.23,348.0,0.33,439.0,0.22,399.9,0.34,442.0
2026-01-07 08:00:46.176000+00:00,2026-01-07 08:00:43.925274+00:00,46.176,0.715,0.71,0.72,0.28500000000000003,0.28,0.29,71.17,10.0,10.0,67.27,0.7,40.0,0.74,35.0,0.69,333.0,0.75,273.0,0.68,434.43,0.76,298.9,0.67,439.0,0.77,348.0,0.66,442.0,0.78,399.9,0.27,79.99,0.3,40.0,0.26,115.0,0.31,333.0,0.25,238.0,0.32,434.43,0.24,313.9,0.33,439.0,0.23,333.0,0.34,442.0
2026-01-07 08:00:47.448000+00:00,2026-01-07 08:00:44.950428+00:00,47.448,0.715,0.71,0.72,0.28500000000000003,0.28,0.29,50.93,8.13,8.13,50.93,0.7,135.0,0.73,35.0,0.69,125.0,0.74,273.0,0.68,313.43,0.75,263.0,0.67,439.0,0.76,313.9,0.66,439.0,0.77,454.0,0.27,35.0,0.3,135.0,0.26,273.0,0.31,125.0,0.25,263.0,0.32,313.43,0.24,313.9,0.33,439.0,0.23,454.0,0.34,439.0
2026-01-07 08:00:48.509000+00:00,2026-01-07 08:00:45.954754+00:00,48.509,0.71,0.7,0.72,0.295,0.29,0.3,11.18,22.13,28.0,8.0,0.69,125.0,0.73,35.0,0.68,313.43,0.74,273.0,0.67,439.0,0.75,333.0,0.66,453.0,0.76,383.9,0.65,404.0,0.77,454.0,0.28,43.13,0.31,150.0,0.27,10.0,0.32,288.43,0.26,298.0,0.33,439.0,0.25,333.0,0.34,453.0,0.24,383.9,0.35,439.0
2026-01-07 08:00:49.494000+00:00,2026-01-07 08:00:46.960859+00:00,49.494,0.705,0.7,0.71,0.295,0.29,0.3,100.0,14.0,14.0,76.18,0.69,150.0,0.72,43.13,0.68,288.43,0.73,80.0,0.67,453.0,0.74,185.0,0.66,439.0,0.75,333.0,0.65,439.0,0.76,368.9,0.28,43.13,0.31,150.0,0.27,80.0,0.32,288.43,0.26,185.0,0.33,453.0,0.25,333.0,0.34,439.0,0.24,383.9,0.35,439.0
2026-01-07 08:00:50.219000+00:00,2026-01-07 08:00:47.985278+00:00,50.219,0.705,0.7,0.71,0.295,0.29,0.3,26.23,14.0,14.0,26.23,0.69,150.0,0.72,43.13,0.68,288.43,0.73,160.0,0.67,439.0,0.74,150.0,0.66,453.0,0.75,348.0,0.65,439.0,0.76,368.9,0.28,43.13,0.31,150.0,0.27,160.0,0.32,288.43,0.26,150.0,0.33,439.0,0.25,348.0,0.34,453.0,0.24,368.9,0.35,439.0
2026-01-07 08:00:51.392000+00:00,2026-01-07 08:00:48.995111+00:00,51.392,0.705,0.7,0.71,0.295,0.29,0.3,4.36,14.0,14.0,4.36,0.69,150.0,0.72,113.13,0.68,288.43,0.73,160.0,0.67,439.0,0.74,167.9,0.66,453.0,0.75,348.0,0.65,439.0,0.76,358.4,0.28,113.13,0.31,150.0,0.27,160.0,0.32,288.43,0.26,167.9,0.33,439.0,0.25,348.0,0.34,453.0,0.24,358.4,0.35,439.0
2026-01-07 08:00:52.316000+00:00,2026-01-07 08:00:50.001733+00:00,52.316,0.7,0.69,0.71,0.3,0.29,0.31,165.0,29.0,29.0,165.0,0.68,288.43,0.72,113.13,0.67,439.0,0.73,160.0,0.66,453.0,0.74,167.9,0.65,439.0,0.75,348.0,0.64,432.02,0.76,358.4,0.28,113.13,0.32,288.43,0.27,160.0,0.33,439.0,0.26,167.9,0.34,453.0,0.25,348.0,0.35,439.0,0.24,358.4,0.36,432.02
2026-01-07 08:00:53.353000+00:00,2026-01-07 08:00:51.008432+00:00,53.353,0.705,0.7,0.71,0.295,0.29,0.3,15.0,49.0,70.0,31.0,0.69,100.0,0.72,101.73,0.68,313.43,0.73,105.0,0.67,428.0,0.74,185.0,0.66,439.0,0.75,355.6,0.65,439.0,0.76,338.4,0.28,88.13,0.31,100.0,0.27,185.0,0.32,313.43,0.26,150.0,0.33,428.0,0.25,370.6,0.34,439.0,0.24,323.4,0.35,439.0
2026-01-07 08:00:54.429000+00:00,2026-01-07 08:00:52.016148+00:00,54.429,0.705,0.7,0.71,0.295,0.29,0.3,7.51,50.0,50.0,7.51,0.69,100.0,0.72,108.13,0.68,313.43,0.73,185.0,0.67,428.0,0.74,150.0,0.66,488.0,0.75,348.0,0.65,477.0,0.76,323.4,0.28,108.13,0.31,100.0,0.27,185.0,0.32,313.43,0.26,150.0,0.33,428.0,0.25,348.0,0.34,488.0,0.24,323.4,0.35,477.0
2026-01-07 08:00:55.500000+00:00,2026-01-07 08:00:53.022198+00:00,55.5,0.7,0.69,0.71,0.3,0.29,0.31,132.9,14.0,14.0,132.9,0.68,288.43,0.72,148.13,0.67,453.0,0.73,80.0,0.66,488.0,0.74,185.0,0.65,439.0,0.75,348.0,0.64,393.02,0.76,358.4,0.28,148.13,0.32,288.43,0.27,80.0,0.33,453.0,0.26,185.0,0.34,488.0,0.25,348.0,0.35,439.0,0.24,358.4,0.36,432.02
2026-01-07 08:00:56.353000+00:00,2026-01-07 08:00:54.029448+00:00,56.353,0.7,0.69,0.71,0.3,0.29,0.31,127.93,49.0,49.0,127.93,0.68,288.43,0.72,113.13,0.67,453.0,0.73,160.0,0.66,488.0,0.74,150.0,0.65,439.0,0.75,348.0,0.64,432.02,0.76,358.4,0.28,113.13,0.32,288.43,0.27,160.0,0.33,453.0,0.26,150.0,0.34,488.0,0.25,333.0,0.35,439.0,0.24,358.4,0.36,432.02
2026-01-07 08:00:57.506000+00:00,2026-01-07 08:00:55.034937+00:00,57.506,0.695,0.69,0.7,0.305,0.3,0.31,65.0,14.0,14.0,80.0,0.68,303.43,0.71,105.0,0.67,453.0,0.72,113.13,0.66,488.0,0.73,160.0,0.65,439.0,0.74,150.0,0.64,432.02,0.75,348.0,0.29,70.0,0.32,233.43,0.28,148.13,0.33,453.0,0.27,80.0,0.34,488.0,0.26,185.0,0.35,439.0,0.25,333.0,0.36,432.02
2026-01-07 08:00:58.486000+00:00,2026-01-07 08:00:56.043290+00:00,58.486,0.7,0.69,0.71,0.295,0.29,0.3,69.97,44.0,29.0,35.0,0.68,233.43,0.72,133.13,0.67,453.0,0.73,80.0,0.66,488.0,0.74,185.0,0.65,477.0,0.75,362.99,0.64,393.02,0.76,358.4,0.28,133.13,0.31,44.97,0.27,80.0,0.32,258.43,0.26,185.0,0.33,453.0,0.25,362.99,0.34,488.0,0.24,358.4,0.35,442.0
2026-01-07 08:00:59.587000+00:00,2026-01-07 08:00:57.048156+00:00,59.587,0.695,0.69,0.7,0.305,0.3,0.31,14.65,249.98,381.08,14.65,0.68,208.43,0.71,269.0,0.67,334.0,0.72,369.13,0.66,345.75,0.73,272.0,0.65,369.0,0.74,393.0,0.64,428.02,0.75,419.0,0.29,391.0,0.32,183.0,0.28,265.13,0.33,304.0,0.27,393.0,0.34,349.0,0.26,393.0,0.35,369.0,0.25,419.0,0.36,348.02
2026-01-07 08:01:00.585000+00:00,2026-01-07 08:00:58.054148+00:00,60.585,0.635,0.62,0.65,0.345,0.33,0.36,293.0,32.15,115.0,192.0,0.61,323.4,0.66,125.0,0.6,20339.0,0.67,95.0,0.59,386.55,0.68,272.0,0.58,414.0,0.69,333.0,0.57,394.0,0.7,505.1,0.32,278.0,0.37,323.0,0.31,333.0,0.38,354.0,0.3,505.1,0.39,313.4,0.29,418.0,0.4,20339.0,0.28,397.13,0.41,351.55
2026-01-07 08:01:01.488000+00:00,2026-01-07 08:00:59.060593+00:00,61.488,0.65,0.64,0.66,0.35,0.34,0.36,276.8,115.0,115.0,261.8,0.63,359.0,0.67,90.0,0.62,374.0,0.68,95.0,0.61,348.4,0.69,150.0,0.6,20339.0,0.7,419.1,0.59,351.55,0.71,297.0,0.33,90.0,0.37,374.0,0.32,95.0,0.38,374.0,0.31,150.0,0.39,348.4,0.3,417.5,0.4,20339.0,0.29,297.0,0.41,351.55
2026-01-07 08:01:02.610000+00:00,2026-01-07 08:01:00.070440+00:00,62.61,0.635,0.63,0.64,0.365,0.36,0.37,70.0,35.0,35.0,70.0,0.62,233.0,0.65,125.0,0.61,343.4,0.66,95.0,0.6,20314.0,0.67,263.0,0.59,311.55,0.68,333.0,0.58,353.0,0.69,298.0,0.35,135.0,0.38,233.0,0.34,95.0,0.39,378.4,0.33,263.0,0.4,20314.0,0.32,333.0,0.41,311.55,0.31,298.0,0.42,388.0
2026-01-07 08:01:03.623000+00:00,2026-01-07 08:01:01.078955+00:00,63.623,0.625,0.62,0.63,0.375,0.37,0.38,79.92,35.0,5.0,79.92,0.61,448.4,0.64,150.0,0.6,20384.0,0.65,70.0,0.59,381.55,0.66,150.0,0.58,458.0,0.67,211.0,0.57,484.0,0.68,333.0,0.36,150.0,0.39,463.4,0.35,70.0,0.4,20384.0,0.34,150.0,0.41,381.55,0.33,211.0,0.42,458.0,0.32,333.0,0.43,484.0
2026-01-07 08:01:04.611000+00:00,2026-01-07 08:01:02.101023+00:00,64.611,0.605,0.6,0.61,0.395,0.39,0.4,20000.0,79.99,169.99,20000.0,0.59,59.93,0.62,80.0,0.58,399.0,0.63,120.0,0.57,384.0,0.64,333.0,0.56,414.09,0.65,413.0,0.55,484.0,0.66,372.0,0.38,90.0,0.41,14.93,0.37,105.0,0.42,384.0,0.36,333.0,0.43,329.0,0.35,430.9,0.44,414.09,0.34,372.0,0.45,484.0
2026-01-07 08:01:05.646000+00:00,2026-01-07 08:01:03.108257+00:00,65.646,0.605,0.6,0.61,0.395,0.39,0.4,20000.0,130.69,145.69,20000.0,0.59,49.93,0.62,95.0,0.58,359.0,0.63,115.0,0.57,354.0,0.64,402.0,0.56,414.09,0.65,333.0,0.55,409.0,0.66,298.0,0.38,115.0,0.41,49.93,0.37,125.0,0.42,359.0,0.36,402.0,0.43,354.0,0.35,333.0,0.44,414.09,0.34,333.0,0.45,409.0
2026-01-07 08:01:06.650000+00:00,2026-01-07 08:01:04.114986+00:00,66.65,0.605,0.6,0.61,0.395,0.39,0.4,19996.37,159.69,159.69,19996.37,0.59,49.93,0.62,200.0,0.58,359.0,0.63,125.0,0.57,354.0,0.64,402.0,0.56,414.09,0.65,333.0,0.55,409.0,0.66,333.0,0.38,200.0,0.41,49.93,0.37,125.0,0.42,359.0,0.36,402.0,0.43,354.0,0.35,333.0,0.44,414.09,0.34,333.0,0.45,409.0
2026-01-07 08:01:07.594000+00:00,2026-01-07 08:01:05.140018+00:00,67.594,0.605,0.6,0.61,0.395,0.39,0.4,19729.02,148.99,148.99,19729.02,0.59,49.93,0.62,212.3,0.58,125.0,0.63,376.0,0.57,424.0,0.64,333.0,0.56,414.09,0.65,333.0,0.55,409.0,0.66,333.0,0.38,212.3,0.41,49.93,0.37,308.0,0.42,125.0,0.36,333.0,0.43,424.0,0.35,333.0,0.44,414.09,0.34,333.0,0.45,409.0
2026-01-07 08:01:08.650000+00:00,2026-01-07 08:01:06.148309+00:00,68.65,0.605,0.6,0.61,0.395,0.39,0.4,19879.02,104.0,104.0,19854.02,0.59,179.93,0.62,232.3,0.58,125.0,0.63,308.0,0.57,409.0,0.64,348.0,0.56,414.09,0.65,404.0,0.55,409.0,0.66,333.0,0.38,232.3,0.41,179.93,0.37,323.0,0.42,125.0,0.36,333.0,0.43,409.0,0.35,333.0,0.44,414.09,0.34,407.0,0.45,409.0
2026-01-07 08:01:09.463000+00:00,2026-01-07 08:01:07.156717+00:00,69.463,0.605,0.6,0.61,0.395,0.39,0.4,19844.02,104.0,104.0,19844.02,0.59,179.93,0.62,232.3,0.58,125.0,0.63,323.0,0.57,409.0,0.64,333.0,0.56,414.09,0.65,333.0,0.55,409.0,0.66,407.0,0.38,232.3,0.41,179.93,0.37,323.0,0.42,125.0,0.36,333.0,0.43,409.0,0.35,333.0,0.44,414.09,0.34,407.0,0.45,409.0
2026-01-07 08:01:10.695000+00:00,2026-01-07 08:01:08.177371+00:00,70.695,0.605,0.6,0.61,0.395,0.39,0.4,19656.99,210.81,207.48,19656.99,0.59,164.93,0.62,150.0,0.58,140.0,0.63,323.0,0.57,409.0,0.64,333.0,0.56,414.09,0.65,333.0,0.55,409.0,0.66,407.0,0.38,150.0,0.41,164.93,0.37,323.0,0.42,140.0,0.36,333.0,0.43,409.0,0.35,333.0,0.44,414.09,0.34,407.0,0.45,409.0
2026-01-07 08:01:11.725000+00:00,2026-01-07 08:01:09.200237+00:00,71.725,0.605,0.6,0.61,0.395,0.39,0.4,19597.01,262.48,262.48,19578.01,0.59,84.93,0.62,191.0,0.58,150.0,0.63,333.0,0.57,444.0,0.64,333.0,0.56,414.09,0.65,333.0,0.55,409.0,0.66,298.0,0.38,191.0,0.41,84.93,0.37,333.0,0.42,150.0,0.36,333.0,0.43,444.0,0.35,333.0,0.44,414.09,0.34,298.0,0.45,409.0
2026-01-07 08:01:12.743000+00:00,2026-01-07 08:01:10.213694+00:00,72.743,0.605,0.6,0.61,0.38,0.37,0.39,19872.76,68.48,80.0,80.0,0.59,472.93,0.63,80.0,0.58,454.0,0.64,115.0,0.57,454.0,0.65,70.0,0.56,414.09,0.66,407.0,0.55,374.0,0.67,196.0,0.36,115.0,0.4,19847.76,0.35,70.0,0.41,497.93,0.34,407.0,0.42,454.0,0.33,196.0,0.43,454.0,0.32,318.0,0.44,379.09
2026-01-07 08:01:13.755000+00:00,2026-01-07 08:01:11.218234+00:00,73.755,0.64,0.63,0.65,0.36,0.35,0.37,40.0,120.0,150.0,40.0,0.62,278.0,0.66,129.0,0.61,429.0,0.67,80.0,0.6,19976.01,0.68,248.0,0.59,468.93,0.69,393.0,0.58,454.0,0.7,358.0,0.34,129.0,0.38,278.0,0.33,80.0,0.39,429.0,0.32,248.0,0.4,19976.01,0.31,393.0,0.41,468.93,0.3,358.0,0.42,454.0
2026-01-07 08:01:14.743000+00:00,2026-01-07 08:01:12.224623+00:00,74.743,0.63,0.62,0.64,0.37,0.36,0.38,333.0,115.0,115.0,333.0,0.61,444.0,0.65,151.0,0.6,19976.01,0.66,70.0,0.59,468.93,0.67,65.0,0.58,454.0,0.68,248.0,0.57,453.0,0.69,411.3,0.35,151.0,0.39,444.0,0.34,70.0,0.4,19976.01,0.33,65.0,0.41,468.93,0.32,248.0,0.42,454.0,0.31,411.3,0.43,453.0
2026-01-07 08:01:15.755000+00:00,2026-01-07 08:01:13.245955+00:00,75.755,0.635,0.63,0.64,0.365,0.36,0.37,5.0,115.0,230.0,5.0,0.62,333.0,0.65,166.0,0.61,429.0,0.66,55.0,0.6,20011.01,0.67,65.0,0.59,473.93,0.68,248.0,0.58,459.0,0.69,411.3,0.35,186.0,0.38,183.0,0.34,115.0,0.39,304.0,0.33,135.0,0.4,19847.01,0.32,318.0,0.41,467.93,0.31,376.3,0.42,459.0
2026-01-07 08:01:16.785000+00:00,2026-01-07 08:01:14.253107+00:00,76.785,0.605,0.6,0.61,0.395,0.39,0.4,19563.01,114.99,114.99,19563.01,0.59,70.0,0.62,15.0,0.58,164.99,0.64,35.0,0.57,517.78,0.65,81.0,0.56,414.09,0.66,35.0,0.55,374.0,0.68,203.02,0.38,15.0,0.41,120.0,0.36,35.0,0.42,170.0,0.35,81.0,0.43,502.78,0.34,35.0,0.44,414.09,0.32,136.0,0.45,374.0
2026-01-07 08:01:17.576000+00:00,2026-01-07 08:01:15.260127+00:00,77.576,0.605,0.6,0.61,0.395,0.39,0.4,19550.8,114.99,100.0,19575.8,0.59,120.0,0.62,15.0,0.58,240.0,0.64,35.0,0.57,572.78,0.65,81.0,0.56,484.09,0.66,35.0,0.55,444.0,0.68,136.0,0.38,15.0,0.41,115.0,0.36,35.0,0.42,254.93,0.35,81.0,0.43,558.0,0.34,35.0,0.44,484.09,0.32,121.0,0.45,444.0
2026-01-07 08:01:18.677000+00:00,2026-01-07 08:01:16.283740+00:00,78.677,0.615,0.61,0.62,0.385,0.38,0.39,330.71,15.0,15.0,400.71,0.6,19843.73,0.63,80.0,0.59,378.0,0.64,80.0,0.58,463.0,0.65,106.0,0.57,509.0,0.66,10.0,0.56,498.09,0.67,35.0,0.37,80.0,0.4,19913.73,0.36,80.0,0.41,448.0,0.35,106.0,0.42,463.0,0.34,10.0,0.43,509.0,0.33,35.0,0.44,498.09
2026-01-07 08:01:19.700000+00:00,2026-01-07 08:01:17.290023+00:00,79.7,0.635,0.63,0.64,0.365,0.36,0.37,136.0,115.0,105.0,136.0,0.62,288.0,0.65,106.0,0.61,504.0,0.66,10.0,0.6,20069.73,0.67,35.0,0.59,579.0,0.69,105.0,0.58,454.0,0.7,308.73,0.35,106.0,0.38,288.0,0.34,10.0,0.39,504.0,0.33,35.0,0.4,20069.73,0.31,105.0,0.41,579.0,0.3,308.73,0.42,454.0
2026-01-07 08:01:20.794000+00:00,2026-01-07 08:01:18.297320+00:00,80.794,0.635,0.63,0.64,0.365,0.36,0.37,129.34,135.0,135.0,129.34,0.62,288.0,0.65,106.0,0.61,504.0,0.66,10.0,0.6,20034.8,0.67,47.4,0.59,594.0,0.69,227.0,0.58,474.0,0.7,323.73,0.35,106.0,0.38,288.0,0.34,10.0,0.39,504.0,0.33,47.4,0.4,20049.8,0.31,227.0,0.41,579.0,0.3,308.73,0.42,474.0
2026-01-07 08:01:21.839000+00:00,2026-01-07 08:01:19.304567+00:00,81.839,0.625,0.62,0.63,0.375,0.37,0.38,288.0,122.99,122.99,288.0,0.61,454.0,0.64,60.0,0.6,20029.79,0.65,35.0,0.59,609.0,0.66,10.0,0.58,488.71,0.67,47.4,0.57,404.0,0.69,288.0,0.36,129.0,0.39,454.0,0.35,35.0,0.4,20029.79,0.34,10.0,0.41,579.0,0.33,47.4,0.42,503.71,0.31,299.14,0.43,404.0
2026-01-07 08:01:22.806000+00:00,2026-01-07 08:01:20.313366+00:00,82.806,0.625,0.62,0.63,0.375,0.37,0.38,343.0,122.99,122.99,343.0,0.61,454.0,0.64,60.0,0.6,20029.79,0.65,106.0,0.59,509.0,0.66,10.0,0.58,503.71,0.67,47.4,0.57,404.0,0.69,299.14,0.36,60.0,0.39,454.0,0.35,106.0,0.4,20029.79,0.34,10.0,0.41,509.0,0.33,47.4,0.42,503.71,0.31,299.14,0.43,404.0
2026-01-07 08:01:23.783000+00:00,2026-01-07 08:01:21.312464+00:00,83.783,0.625,0.62,0.63,0.375,0.37,0.38,340.36,114.99,114.99,340.36,0.61,454.0,0.64,60.0,0.6,20029.79,0.65,106.0,0.59,539.0,0.66,10.0,0.58,474.0,0.67,47.4,0.57,404.0,0.69,288.0,0.36,60.0,0.39,454.0,0.35,106.0,0.4,20029.79,0.34,10.0,0.41,539.0,0.33,47.4,0.42,474.0,0.31,288.0,0.43,404.0
2026-01-07 08:01:24.552000+00:00,2026-01-07 08:01:22.318430+00:00,84.552,0.625,0.62,0.63,0.375,0.37,0.38,305.36,114.99,149.99,305.36,0.61,479.0,0.64,95.0,0.6,20004.79,0.65,81.0,0.59,539.0,0.66,35.0,0.58,474.0,0.67,12.4,0.57,439.0,0.69,288.0,0.36,70.0,0.39,444.0,0.35,106.0,0.4,20029.79,0.33,12.4,0.41,514.0,0.31,288.0,0.42,474.0,0.3,323.73,0.43,439.0
2026-01-07 08:01:25.718000+00:00,2026-01-07 08:01:23.326934+00:00,85.718,0.625,0.62,0.63,0.375,0.37,0.38,175.09,144.74,144.74,175.09,0.61,444.0,0.64,70.0,0.6,20035.04,0.65,106.0,0.59,504.0,0.67,12.4,0.58,469.0,0.69,299.14,0.57,439.0,0.7,308.73,0.36,70.0,0.39,444.0,0.35,106.0,0.4,20035.04,0.33,12.4,0.41,504.0,0.31,299.14,0.42,469.0,0.3,308.73,0.43,439.0
2026-01-07 08:01:26.862000+00:00,2026-01-07 08:01:24.331971+00:00,86.862,0.605,0.6,0.61,0.395,0.39,0.4,19495.8,144.0,174.0,19495.8,0.59,40.0,0.62,55.0,0.58,198.0,0.63,360.34,0.57,315.75,0.64,162.0,0.56,404.33,0.65,243.0,0.55,384.0,0.66,304.0,0.38,55.0,0.41,40.0,0.37,421.34,0.42,15.0,0.36,223.0,0.43,11.75,0.35,304.0,0.44,193.34,0.34,304.0,0.45,389.0
2026-01-07 08:01:27.691000+00:00,2026-01-07 08:01:25.341936+00:00,87.691,0.605,0.6,0.61,0.395,0.39,0.4,19305.37,361.0,351.0,19283.37,0.59,20.0,0.62,238.0,0.58,15.0,0.63,341.34,0.57,11.75,0.64,344.0,0.56,5.09,0.65,304.0,0.55,278.0,0.66,304.0,0.38,238.0,0.41,20.0,0.37,341.34,0.42,15.0,0.36,344.0,0.43,11.75,0.35,304.0,0.44,5.09,0.34,304.0,0.45,278.0
2026-01-07 08:01:28.886000+00:00,2026-01-07 08:01:26.349784+00:00,88.886,0.605,0.6,0.61,0.395,0.39,0.4,19261.93,346.0,361.0,19261.93,0.59,20.0,0.62,238.0,0.58,15.0,0.63,337.84,0.57,11.75,0.64,344.0,0.56,5.09,0.65,304.0,0.55,278.0,0.66,304.0,0.38,238.0,0.41,20.0,0.37,337.84,0.42,15.0,0.36,344.0,0.43,11.75,0.35,304.0,0.44,5.09,0.34,304.0,0.45,278.0
2026-01-07 08:01:29.778000+00:00,2026-01-07 08:01:27.358340+00:00,89.778,0.605,0.6,0.61,0.395,0.39,0.4,19240.88,382.72,382.72,19240.88,0.59,30.0,0.62,238.0,0.58,15.0,0.63,347.84,0.57,11.75,0.64,344.0,0.56,5.09,0.65,304.0,0.55,278.0,0.66,304.0,0.38,238.0,0.41,30.0,0.37,347.84,0.42,15.0,0.36,344.0,0.43,11.75,0.35,304.0,0.44,5.09,0.34,304.0,0.45,278.0
2026-01-07 08:01:30.903000+00:00,2026-01-07 08:01:28.364241+00:00,90.903,0.605,0.6,0.61,0.395,0.39,0.4,19326.88,278.72,276.55,19326.88,0.59,140.0,0.62,255.2,0.58,70.0,0.63,395.74,0.57,175.25,0.64,344.0,0.56,150.09,0.65,314.0,0.55,313.0,0.66,304.0,0.38,255.2,0.41,140.0,0.37,395.74,0.42,70.0,0.36,344.0,0.43,175.25,0.35,314.0,0.44,150.09,0.34,304.0,0.45,313.0
2026-01-07 08:01:31.775000+00:00,2026-01-07 08:01:29.370138+00:00,91.775,0.605,0.6,0.61,0.395,0.39,0.4,19309.78,276.55,93.55,19309.78,0.59,160.0,0.62,265.2,0.58,70.0,0.63,395.74,0.57,175.25,0.64,354.0,0.56,272.09,0.65,304.0,0.55,434.0,0.66,304.0,0.38,82.2,0.41,160.0,0.37,395.74,0.42,70.0,0.36,233.0,0.43,175.25,0.35,304.0,0.44,333.09,0.34,304.0,0.45,434.0
2026-01-07 08:01:32.870000+00:00,2026-01-07 08:01:30.375506+00:00,92.87,0.605,0.6,0.61,0.395,0.39,0.4,19344.78,101.35,101.35,19354.78,0.59,80.0,0.62,65.0,0.58,184.99,0.63,405.74,0.57,298.0,0.64,223.0,0.56,333.09,0.65,304.0,0.55,419.0,0.66,304.0,0.38,65.0,0.41,150.0,0.37,405.74,0.42,198.99,0.36,223.0,0.43,298.0,0.35,314.0,0.44,333.09,0.34,304.0,0.45,419.0
2026-01-07 08:01:33.915000+00:00,2026-01-07 08:01:31.383742+00:00,93.915,0.615,0.61,0.62,0.375,0.37,0.38,70.0,10.0,134.34,70.0,0.6,19412.52,0.63,124.34,0.59,180.0,0.64,223.0,0.58,298.0,0.65,183.0,0.57,454.0,0.66,314.0,0.56,491.09,0.67,380.0,0.36,223.0,0.39,269.0,0.35,183.0,0.4,19352.28,0.34,314.0,0.41,145.0,0.33,380.0,0.42,298.0,0.32,329.0,0.43,454.0
2026-01-07 08:01:34.921000+00:00,2026-01-07 08:01:32.390481+00:00,94.921,0.625,0.62,0.63,0.33999999999999997,0.33,0.35,294.99,59.34,324.0,72.71,0.61,368.0,0.66,65.0,0.6,19535.28,0.67,259.0,0.59,419.0,0.68,208.0,0.58,419.0,0.69,344.0,0.57,434.0,0.7,439.73,0.32,208.0,0.36,294.71,0.31,344.0,0.37,165.0,0.3,439.73,0.38,312.0,0.29,409.0,0.39,499.0,0.28,387.13,0.4,19586.28
2026-01-07 08:01:35.936000+00:00,2026-01-07 08:01:33.395259+00:00,95.936,0.675,0.67,0.68,0.325,0.32,0.33,327.0,15.0,15.0,327.0,0.66,257.0,0.7,238.73,0.65,393.0,0.71,208.0,0.64,524.0,0.72,466.13,0.63,604.0,0.73,314.0,0.62,489.0,0.74,394.01,0.3,55.73,0.34,327.0,0.29,55.0,0.35,524.0,0.28,162.13,0.36,524.0,0.27,193.0,0.37,534.0,0.26,198.01,0.38,468.0
2026-01-07 08:01:36.907000+00:00,2026-01-07 08:01:34.400419+00:00,96.907,0.695,0.69,0.7,0.305,0.3,0.31,114.95,6.73,6.73,124.95,0.68,64.0,0.71,135.26,0.67,35.0,0.72,63.13,0.66,10.0,0.73,223.0,0.65,76.82,0.74,294.01,0.64,524.0,0.75,183.0,0.29,135.26,0.32,54.0,0.28,73.13,0.33,35.0,0.27,306.0,0.34,10.0,0.26,198.01,0.35,76.82,0.25,183.0,0.36,454.0
2026-01-07 08:01:37.961000+00:00,2026-01-07 08:01:35.424063+00:00,97.961,0.695,0.69,0.7,0.305,0.3,0.31,120.36,6.73,6.73,120.36,0.68,54.0,0.71,145.26,0.67,45.0,0.72,63.13,0.66,100.0,0.73,316.0,0.65,76.82,0.74,202.11,0.64,454.0,0.75,183.0,0.29,145.26,0.32,54.0,0.28,63.13,0.33,45.0,0.27,316.0,0.34,100.0,0.26,202.11,0.35,76.82,0.25,183.0,0.36,454.0
2026-01-07 08:01:38.920000+00:00,2026-01-07 08:01:36.416199+00:00,98.92,0.695,0.69,0.7,0.305,0.3,0.31,110.36,6.73,6.73,115.36,0.68,64.0,0.71,145.26,0.67,115.0,0.72,73.13,0.66,100.0,0.73,376.0,0.65,76.82,0.74,272.11,0.64,454.0,0.75,253.0,0.29,145.26,0.32,64.0,0.28,73.13,0.33,115.0,0.27,376.0,0.34,100.0,0.26,272.11,0.35,76.82,0.25,253.0,0.36,454.0
2026-01-07 08:01:39.927000+00:00,2026-01-07 08:01:37.424369+00:00,99.927,0.695,0.69,0.7,0.305,0.3,0.31,97.96,16.73,16.73,81.83,0.68,44.0,0.71,155.26,0.67,125.0,0.72,53.13,0.66,110.0,0.73,376.0,0.65,76.82,0.74,272.11,0.64,454.0,0.75,253.0,0.29,155.26,0.32,44.0,0.28,53.13,0.33,125.0,0.27,376.0,0.34,110.0,0.26,272.11,0.35,76.82,0.25,253.0,0.36,454.0
2026-01-07 08:01:40.951000+00:00,2026-01-07 08:01:38.412271+00:00,100.951,0.695,0.69,0.7,0.305,0.3,0.31,15.0,343.7,333.7,15.0,0.66,15.0,0.71,383.0,0.65,188.25,0.72,455.13,0.64,429.0,0.73,404.0,0.63,488.0,0.74,379.01,0.62,439.0,0.75,374.0,0.29,383.0,0.34,15.0,0.28,455.13,0.35,188.25,0.27,404.0,0.36,429.0,0.26,379.01,0.37,488.0,0.25,374.0,0.38,449.0
2026-01-07 08:01:41.943000+00:00,2026-01-07 08:01:39.433991+00:00,101.943,0.655,0.65,0.66,0.345,0.34,0.35,96.83,20.0,20.0,96.83,0.64,115.0,0.67,318.0,0.63,309.46,0.68,258.0,0.62,459.0,0.69,228.0,0.61,449.0,0.7,331.0,0.6,19571.28,0.71,364.0,0.33,318.0,0.36,180.0,0.32,258.0,0.37,293.0,0.31,309.0,0.38,459.0,0.3,248.0,0.39,449.0,0.29,364.0,0.4,19606.28
2026-01-07 08:01:42.958000+00:00,2026-01-07 08:01:40.440429+00:00,102.958,0.635,0.63,0.64,0.365,0.36,0.37,218.0,135.25,110.25,218.0,0.62,465.86,0.65,125.0,0.61,489.0,0.66,177.0,0.6,19616.28,0.67,228.0,0.59,439.0,0.68,306.0,0.58,374.0,0.69,349.0,0.35,105.0,0.38,395.86,0.34,177.0,0.39,489.0,0.33,228.0,0.4,19616.28,0.32,306.0,0.41,439.0,0.31,349.0,0.42,374.0
2026-01-07 08:01:43.986000+00:00,2026-01-07 08:01:41.447133+00:00,103.986,0.62,0.61,0.63,0.38,0.37,0.39,110.0,115.0,200.0,100.0,0.6,19406.74,0.64,75.0,0.59,334.0,0.65,55.0,0.58,409.0,0.66,228.0,0.57,467.0,0.67,228.0,0.56,379.09,0.68,306.0,0.36,162.0,0.4,19445.28,0.35,212.0,0.41,374.0,0.34,228.0,0.42,409.0,0.33,304.0,0.43,409.0,0.32,349.0,0.44,471.09
2026-01-07 08:01:45.918000+00:00,2026-01-07 08:01:43.480378+00:00,105.918,0.615,0.61,0.62,0.38,0.37,0.39,100.0,5.0,190.0,100.0,0.6,19262.28,0.63,170.0,0.59,70.0,0.64,237.0,0.58,409.0,0.65,343.0,0.57,409.0,0.66,372.0,0.56,414.09,0.67,298.0,0.36,237.0,0.4,19262.28,0.35,343.0,0.41,70.0,0.34,372.0,0.42,409.0,0.33,298.0,0.43,409.0,0.32,443.2,0.44,414.09
2026-01-07 08:01:46.684000+00:00,2026-01-07 08:01:44.485818+00:00,106.684,0.62,0.61,0.63,0.38,0.37,0.39,90.0,190.0,190.0,90.0,0.6,19262.28,0.64,237.0,0.59,140.0,0.65,343.0,0.58,409.0,0.66,372.0,0.57,409.0,0.67,298.0,0.56,414.09,0.68,443.2,0.36,237.0,0.4,19262.28,0.35,343.0,0.41,140.0,0.34,372.0,0.42,409.0,0.33,298.0,0.43,409.0,0.32,443.2,0.44,414.09
2026-01-07 08:01:47.919000+00:00,2026-01-07 08:01:45.493318+00:00,107.919,0.625,0.62,0.63,0.375,0.37,0.38,10.0,170.0,170.0,10.0,0.61,100.0,0.64,223.0,0.6,19244.03,0.65,333.0,0.59,145.0,0.66,372.0,0.58,409.0,0.67,298.0,0.57,458.0,0.68,443.2,0.36,243.0,0.39,170.0,0.35,333.0,0.4,19302.28,0.34,382.0,0.41,160.0,0.33,298.0,0.42,409.0,0.32,443.2,0.43,458.0
2026-01-07 08:01:48.988000+00:00,2026-01-07 08:01:46.501235+00:00,108.988,0.615,0.61,0.62,0.38,0.37,0.39,186.75,3.38,203.01,186.75,0.6,19312.28,0.63,204.6,0.59,160.0,0.64,237.0,0.58,409.0,0.65,343.0,0.57,458.0,0.66,372.0,0.56,414.09,0.67,298.0,0.36,237.0,0.4,19312.28,0.35,343.0,0.41,160.0,0.34,372.0,0.42,409.0,0.33,298.0,0.43,458.0,0.32,443.2,0.44,414.09
2026-01-07 08:01:50.991000+00:00,2026-01-07 08:01:48.516426+00:00,110.991,0.605,0.6,0.61,0.395,0.39,0.4,19096.88,343.0,343.0,19096.88,0.58,111.99,0.62,288.0,0.57,75.0,0.63,421.0,0.56,115.09,0.64,404.0,0.55,10.0,0.65,419.0,0.54,409.0,0.66,430.8,0.38,248.0,0.42,111.99,0.37,401.0,0.43,75.0,0.36,423.4,0.44,115.09,0.35,419.0,0.45,10.0,0.34,430.8,0.46,409.0
2026-01-07 08:01:52.927000+00:00,2026-01-07 08:01:50.523929+00:00,112.927,0.605,0.6,0.61,0.395,0.39,0.4,19073.66,357.0,357.0,19073.66,0.59,20.0,0.62,238.0,0.58,11.99,0.63,428.32,0.57,96.86,0.64,433.4,0.56,115.09,0.65,419.0,0.55,10.0,0.66,431.2,0.38,238.0,0.41,20.0,0.37,428.32,0.42,11.99,0.36,433.4,0.43,96.86,0.35,419.0,0.44,115.09,0.34,431.2,0.45,10.0
2026-01-07 08:01:53.947000+00:00,2026-01-07 08:01:51.531100+00:00,113.947,0.605,0.6,0.61,0.395,0.39,0.4,19141.16,365.73,365.73,19141.16,0.59,90.0,0.62,238.0,0.58,181.99,0.63,428.32,0.57,176.46,0.64,433.4,0.56,130.09,0.65,419.0,0.55,105.0,0.66,431.2,0.38,238.0,0.41,90.0,0.37,428.32,0.42,181.99,0.36,433.4,0.43,176.46,0.35,419.0,0.44,130.09,0.34,431.2,0.45,105.0
2026-01-07 08:01:55.059000+00:00,2026-01-07 08:01:52.541562+00:00,115.059,0.605,0.6,0.61,0.395,0.39,0.4,19141.16,355.73,355.73,19141.16,0.59,90.0,0.62,238.0,0.58,181.99,0.63,428.32,0.57,176.46,0.64,433.4,0.56,130.09,0.65,419.0,0.55,105.0,0.66,431.2,0.38,238.0,0.41,90.0,0.37,428.32,0.42,181.99,0.36,433.4,0.43,176.46,0.35,419.0,0.44,130.09,0.34,431.2,0.45,105.0
2026-01-07 08:01:56.033000+00:00,2026-01-07 08:01:53.545911+00:00,116.033,0.605,0.6,0.61,0.395,0.39,0.4,19146.16,355.73,355.73,19146.16,0.59,80.0,0.62,238.0,0.58,181.99,0.63,350.32,0.57,176.46,0.64,512.4,0.56,130.09,0.65,419.0,0.55,105.0,0.66,431.2,0.38,238.0,0.41,80.0,0.37,350.32,0.42,181.99,0.36,512.4,0.43,176.46,0.35,419.0,0.44,130.09,0.34,431.2,0.45,105.0
2026-01-07 08:01:57.065000+00:00,2026-01-07 08:01:54.535917+00:00,117.065,0.605,0.6,0.61,0.395,0.39,0.4,19146.16,152.73,152.73,19146.16,0.59,166.86,0.62,238.0,0.58,161.99,0.63,305.32,0.57,141.46,0.64,312.4,0.56,303.09,0.65,439.0,0.55,374.0,0.66,431.2,0.38,304.0,0.41,166.86,0.37,305.32,0.42,161.99,0.36,312.4,0.43,151.46,0.35,439.0,0.44,303.09,0.34,431.2,0.45,374.0
2026-01-07 08:01:58.812000+00:00,2026-01-07 08:01:56.564816+00:00,118.812,0.615,0.61,0.62,0.385,0.38,0.39,35.0,119.26,119.26,35.0,0.6,19228.76,0.63,107.32,0.59,161.75,0.64,252.4,0.58,373.99,0.65,299.0,0.57,454.0,0.66,240.2,0.56,424.09,0.67,349.0,0.37,107.32,0.4,19233.76,0.36,242.4,0.41,161.75,0.35,299.0,0.42,373.99,0.34,240.2,0.43,454.0,0.33,349.0,0.44,424.09
2026-01-07 08:02:00.134000+00:00,2026-01-07 08:01:57.589017+00:00,120.134,0.625,0.62,0.63,0.375,0.37,0.38,130.0,42.32,7.32,130.0,0.61,65.0,0.64,297.4,0.6,19201.76,0.65,354.0,0.59,156.46,0.66,250.2,0.58,349.99,0.67,349.0,0.57,454.0,0.68,358.2,0.36,237.4,0.39,110.0,0.35,223.0,0.4,19148.76,0.34,389.2,0.41,277.0,0.33,359.0,0.42,470.99,0.32,368.2,0.43,419.0
2026-01-07 08:02:01.135000+00:00,2026-01-07 08:01:58.609826+00:00,121.135,0.66,0.65,0.67,0.33999999999999997,0.33,0.35,186.86,135.0,150.0,161.86,0.64,81.46,0.68,325.2,0.63,287.0,0.69,268.0,0.62,368.0,0.7,223.0,0.61,534.0,0.71,349.0,0.6,19462.76,0.72,312.13,0.32,325.2,0.36,81.46,0.31,268.0,0.37,202.0,0.3,223.0,0.38,333.0,0.29,349.0,0.39,454.0,0.28,312.13,0.4,19462.76
2026-01-07 08:02:02.137000+00:00,2026-01-07 08:01:59.617034+00:00,122.137,0.66,0.65,0.67,0.33999999999999997,0.33,0.35,131.14,150.0,150.0,131.14,0.64,111.46,0.68,162.2,0.63,333.0,0.69,258.0,0.62,454.0,0.7,213.0,0.61,454.0,0.71,228.0,0.6,19467.76,0.72,312.13,0.32,162.2,0.36,111.46,0.31,248.0,0.37,333.0,0.3,213.0,0.38,454.0,0.29,228.0,0.39,454.0,0.28,312.13,0.4,19467.76
2026-01-07 08:02:03.133000+00:00,2026-01-07 08:02:00.621326+00:00,123.133,0.69,0.68,0.7,0.305,0.3,0.31,135.0,198.0,198.0,5.0,0.67,71.96,0.71,293.0,0.66,120.0,0.72,201.13,0.65,388.28,0.73,248.0,0.64,454.0,0.74,263.01,0.63,419.0,0.75,379.0,0.29,293.0,0.32,135.0,0.28,201.13,0.33,98.42,0.27,248.0,0.34,90.0,0.26,263.01,0.35,383.28,0.25,379.0,0.36,454.0
2026-01-07 08:02:04.153000+00:00,2026-01-07 08:02:01.627205+00:00,124.153,0.69,0.68,0.7,0.31,0.3,0.32,100.0,150.0,150.0,100.0,0.67,96.96,0.71,268.0,0.66,85.0,0.72,315.13,0.65,383.28,0.73,213.0,0.64,503.0,0.74,263.01,0.63,454.0,0.75,379.0,0.29,268.0,0.33,106.96,0.28,315.13,0.34,85.0,0.27,213.0,0.35,383.28,0.26,263.01,0.36,503.0,0.25,379.0,0.37,454.0
2026-01-07 08:02:05.167000+00:00,2026-01-07 08:02:02.630998+00:00,125.167,0.705,0.7,0.71,0.295,0.29,0.3,226.46,198.0,198.0,216.46,0.69,192.0,0.72,191.13,0.68,403.0,0.73,316.0,0.67,389.96,0.74,388.27,0.66,473.0,0.75,379.0,0.65,418.28,0.76,399.0,0.28,191.13,0.31,192.0,0.27,316.0,0.32,403.0,0.26,348.27,0.33,389.96,0.25,314.0,0.34,473.0,0.24,359.0,0.35,418.28
2026-01-07 08:02:06.121000+00:00,2026-01-07 08:02:03.647287+00:00,126.121,0.725,0.72,0.73,0.275,0.27,0.28,35.0,130.0,155.0,35.0,0.71,130.0,0.74,176.01,0.7,211.75,0.75,273.28,0.69,454.0,0.76,224.4,0.68,474.0,0.77,218.0,0.67,415.96,0.78,324.0,0.26,293.01,0.29,30.0,0.25,263.0,0.3,225.0,0.24,224.4,0.31,469.0,0.23,218.0,0.32,474.0,0.22,324.0,0.33,415.96
2026-01-07 08:02:07.200000+00:00,2026-01-07 08:02:04.665350+00:00,127.2,0.715,0.71,0.72,0.315,0.31,0.32,15.0,723.26,152.0,20.0,0.68,31.86,0.73,462.2,0.66,46.75,0.74,459.01,0.65,95.0,0.75,419.0,0.64,80.0,0.76,394.0,0.63,369.0,0.77,374.0,0.3,210.65,0.34,35.0,0.29,257.28,0.35,125.0,0.28,558.0,0.36,80.0,0.27,382.2,0.37,80.0,0.26,424.01,0.38,389.0
2026-01-07 08:02:08.130000+00:00,2026-01-07 08:02:05.670598+00:00,128.13,0.66,0.65,0.67,0.33999999999999997,0.33,0.35,140.0,112.75,112.75,140.0,0.64,65.0,0.68,208.28,0.63,100.0,0.69,238.0,0.62,369.0,0.7,273.0,0.61,409.0,0.71,263.0,0.6,19460.76,0.72,450.0,0.32,208.28,0.36,65.0,0.31,238.0,0.37,100.0,0.3,273.0,0.38,369.0,0.29,263.0,0.39,409.0,0.28,450.0,0.4,19460.76
2026-01-07 08:02:09.189000+00:00,2026-01-07 08:02:06.673353+00:00,129.189,0.65,0.64,0.66,0.35,0.34,0.36,150.21,131.22,128.84,150.21,0.63,65.0,0.67,100.0,0.62,369.0,0.68,276.28,0.61,339.0,0.69,263.0,0.6,19481.76,0.7,273.0,0.59,374.0,0.71,228.0,0.33,100.0,0.37,65.0,0.32,276.28,0.38,369.0,0.31,263.0,0.39,339.0,0.3,273.0,0.4,19481.76,0.29,228.0,0.41,374.0
2026-01-07 08:02:10.936000+00:00,2026-01-07 08:02:08.685962+00:00,130.936,0.655,0.65,0.66,0.345,0.34,0.35,150.0,4.23,4.23,150.0,0.64,75.0,0.67,155.0,0.63,160.0,0.68,208.28,0.62,439.0,0.69,344.0,0.61,429.0,0.7,343.0,0.6,19446.76,0.71,298.0,0.33,155.0,0.36,75.0,0.32,208.28,0.37,160.0,0.31,344.0,0.38,439.0,0.3,343.0,0.39,429.0,0.29,298.0,0.4,19446.76
2026-01-07 08:02:12.183000+00:00,2026-01-07 08:02:09.688055+00:00,132.183,0.665,0.66,0.67,0.335,0.33,0.34,183.0,98.35,98.35,183.0,0.65,494.0,0.68,202.0,0.64,450.75,0.69,212.0,0.63,439.0,0.7,237.0,0.62,439.0,0.71,454.0,0.61,429.0,0.72,531.5,0.32,202.0,0.35,251.0,0.31,273.0,0.36,207.75,0.3,298.0,0.37,439.0,0.29,454.0,0.38,439.0,0.28,531.5,0.39,429.0
2026-01-07 08:02:13.223000+00:00,2026-01-07 08:02:10.693566+00:00,133.223,0.665,0.66,0.67,0.335,0.33,0.34,285.45,73.9,73.9,295.45,0.65,171.0,0.68,318.0,0.64,186.0,0.69,248.0,0.63,439.0,0.7,441.0,0.62,439.0,0.71,454.0,0.61,429.0,0.72,445.5,0.32,318.0,0.35,171.0,0.31,248.0,0.36,186.0,0.3,451.0,0.37,439.0,0.29,464.0,0.38,439.0,0.28,445.5,0.39,429.0
2026-01-07 08:02:14.112000+00:00,2026-01-07 08:02:11.698673+00:00,134.112,0.665,0.66,0.67,0.335,0.33,0.34,108.35,72.18,72.18,108.35,0.65,166.0,0.68,318.0,0.64,197.75,0.69,273.0,0.63,439.0,0.7,436.0,0.62,439.0,0.71,454.0,0.61,429.0,0.72,445.5,0.32,318.0,0.35,166.0,0.31,273.0,0.36,197.75,0.3,436.0,0.37,439.0,0.29,454.0,0.38,439.0,0.28,445.5,0.39,429.0
2026-01-07 08:02:15.219000+00:00,2026-01-07 08:02:12.707701+00:00,135.219,0.655,0.65,0.66,0.345,0.34,0.35,216.0,5.0,85.0,146.0,0.64,206.0,0.67,188.53,0.63,464.0,0.68,298.0,0.62,439.0,0.69,248.0,0.61,429.0,0.7,426.0,0.6,19446.76,0.71,454.0,0.33,150.53,0.36,259.35,0.32,288.0,0.37,464.0,0.31,319.0,0.38,439.0,0.3,343.0,0.39,429.0,0.29,454.0,0.4,19446.76
2026-01-07 08:02:16.184000+00:00,2026-01-07 08:02:13.696148+00:00,136.184,0.655,0.65,0.66,0.345,0.34,0.35,225.0,30.0,5.0,225.0,0.64,145.0,0.67,190.53,0.63,160.0,0.68,288.0,0.62,338.0,0.69,238.0,0.61,409.0,0.7,426.0,0.6,19446.76,0.71,454.0,0.33,180.53,0.36,145.0,0.32,278.0,0.37,160.0,0.31,238.0,0.38,338.0,0.3,343.0,0.39,409.0,0.29,454.0,0.4,19446.76
2026-01-07 08:02:17.273000+00:00,2026-01-07 08:02:14.711417+00:00,137.273,0.66,0.65,0.67,0.33999999999999997,0.33,0.35,245.0,170.53,170.53,245.0,0.64,146.75,0.68,283.0,0.63,135.0,0.69,263.0,0.62,459.0,0.7,343.0,0.61,409.0,0.71,333.0,0.6,19446.76,0.72,430.5,0.32,263.0,0.36,146.75,0.31,263.0,0.37,135.0,0.3,343.0,0.38,459.0,0.29,333.0,0.39,409.0,0.28,516.5,0.4,19509.76
2026-01-07 08:02:18.220000+00:00,2026-01-07 08:02:15.718583+00:00,138.22,0.66,0.65,0.67,0.335,0.33,0.34,230.0,170.53,72.18,98.35,0.64,180.95,0.68,283.0,0.63,135.0,0.69,263.0,0.62,459.0,0.7,426.0,0.61,409.0,0.71,333.0,0.6,19446.76,0.72,430.5,0.32,338.0,0.35,160.0,0.31,248.0,0.36,169.2,0.3,426.0,0.37,135.0,0.29,333.0,0.38,459.0,0.28,430.5,0.39,409.0
2026-01-07 08:02:19.086000+00:00,2026-01-07 08:02:16.726444+00:00,139.086,0.665,0.66,0.67,0.335,0.33,0.34,138.35,72.18,72.18,138.35,0.65,165.0,0.68,318.0,0.64,149.2,0.69,238.0,0.63,135.0,0.7,378.0,0.62,459.0,0.71,343.0,0.61,409.0,0.72,516.5,0.32,318.0,0.35,165.0,0.31,238.0,0.36,149.2,0.3,378.0,0.37,135.0,0.29,343.0,0.38,459.0,0.28,516.5,0.39,409.0
2026-01-07 08:02:20.146000+00:00,2026-01-07 08:02:17.746970+00:00,140.146,0.665,0.66,0.67,0.335,0.33,0.34,93.43,57.18,57.18,93.43,0.65,185.0,0.68,328.0,0.64,159.2,0.69,248.0,0.63,135.0,0.7,368.0,0.62,459.0,0.71,333.0,0.61,409.0,0.72,516.5,0.32,328.0,0.35,185.0,0.31,248.0,0.36,159.2,0.3,368.0,0.37,135.0,0.29,333.0,0.38,459.0,0.28,516.5,0.39,409.0
2026-01-07 08:02:21.271000+00:00,2026-01-07 08:02:18.755420+00:00,141.271,0.665,0.66,0.67,0.335,0.33,0.34,87.57,57.18,57.18,87.57,0.65,185.0,0.68,145.0,0.64,159.2,0.69,248.0,0.63,378.0,0.7,368.0,0.62,459.0,0.71,333.0,0.61,409.0,0.72,516.5,0.32,145.0,0.35,185.0,0.31,248.0,0.36,159.2,0.3,368.0,0.37,378.0,0.29,333.0,0.38,459.0,0.28,516.5,0.39,409.0
2026-01-07 08:02:22.312000+00:00,2026-01-07 08:02:19.777676+00:00,142.312,0.695,0.69,0.7,0.305,0.3,0.31,89.36,10.0,20.0,83.36,0.68,45.0,0.71,316.63,0.67,100.0,0.72,343.0,0.66,151.21,0.73,373.0,0.65,454.0,0.74,459.01,0.64,478.2,0.75,479.0,0.29,306.63,0.32,45.0,0.28,333.0,0.33,91.75,0.27,373.0,0.34,161.21,0.26,459.01,0.35,454.0,0.25,479.0,0.36,478.2
2026-01-07 08:02:23.135000+00:00,2026-01-07 08:02:20.783964+00:00,143.135,0.695,0.69,0.7,0.305,0.3,0.31,66.09,15.0,35.0,66.09,0.68,45.0,0.71,306.63,0.67,76.75,0.72,387.0,0.66,146.21,0.73,373.0,0.65,419.0,0.74,363.01,0.64,443.2,0.75,479.0,0.29,316.63,0.32,45.0,0.28,387.0,0.33,76.75,0.27,373.0,0.34,146.21,0.26,363.01,0.35,419.0,0.25,479.0,0.36,443.2
2026-01-07 08:02:24.206000+00:00,2026-01-07 08:02:21.805953+00:00,144.206,0.695,0.69,0.7,0.305,0.3,0.31,65.09,35.0,35.0,65.09,0.68,80.0,0.71,351.63,0.67,86.75,0.72,397.0,0.66,181.21,0.73,408.0,0.65,454.0,0.74,375.81,0.64,478.2,0.75,479.0,0.29,341.63,0.32,80.0,0.28,397.0,0.33,86.75,0.27,408.0,0.34,181.21,0.26,375.81,0.35,454.0,0.25,479.0,0.36,478.2
2026-01-07 08:02:25.353000+00:00,2026-01-07 08:02:22.812491+00:00,145.353,0.715,0.7,0.73,0.275,0.27,0.28,75.0,15.0,15.0,51.36,0.69,217.09,0.74,273.01,0.68,594.0,0.75,508.0,0.67,454.0,0.76,308.0,0.66,555.21,0.77,268.0,0.65,468.0,0.78,414.0,0.26,273.01,0.29,66.75,0.25,508.0,0.3,65.0,0.24,308.0,0.31,280.73,0.23,268.0,0.32,499.0,0.22,414.0,0.33,419.0
2026-01-07 08:02:26.330000+00:00,2026-01-07 08:02:23.817931+00:00,146.33,0.725,0.72,0.73,0.275,0.27,0.28,86.36,15.0,15.0,86.36,0.71,76.75,0.74,243.01,0.7,170.0,0.75,463.0,0.69,346.73,0.76,308.0,0.68,454.0,0.77,268.0,0.67,419.0,0.78,414.0,0.26,243.01,0.29,76.75,0.25,463.0,0.3,170.0,0.24,308.0,0.31,346.73,0.23,268.0,0.32,454.0,0.22,414.0,0.33,419.0
2026-01-07 08:02:27.355000+00:00,2026-01-07 08:02:24.836466+00:00,147.355,0.725,0.72,0.73,0.275,0.27,0.28,24.63,150.0,150.0,24.63,0.71,75.0,0.74,233.01,0.7,165.0,0.75,418.0,0.69,467.73,0.76,293.0,0.68,484.0,0.77,280.6,0.67,439.0,0.78,414.0,0.26,248.01,0.29,75.0,0.25,403.0,0.3,150.0,0.24,293.0,0.31,479.48,0.23,268.0,0.32,484.0,0.22,425.9,0.33,439.0
2026-01-07 08:02:28.401000+00:00,2026-01-07 08:02:25.844084+00:00,148.401,0.695,0.69,0.7,0.305,0.3,0.31,13.73,134.98,134.98,13.73,0.68,324.0,0.71,69.13,0.67,374.44,0.72,116.0,0.66,421.74,0.73,243.0,0.65,380.3,0.74,233.01,0.64,448.2,0.75,373.0,0.29,69.13,0.32,20.0,0.28,186.0,0.33,191.44,0.27,313.0,0.34,421.74,0.26,303.01,0.35,380.3,0.25,373.0,0.36,448.2
2026-01-07 08:02:29.384000+00:00,2026-01-07 08:02:26.850510+00:00,149.384,0.71,0.7,0.72,0.28500000000000003,0.28,0.29,97.0,71.0,106.0,100.0,0.69,75.0,0.73,373.0,0.68,45.0,0.74,283.01,0.67,206.44,0.75,388.0,0.66,514.35,0.76,449.0,0.65,405.3,0.77,449.0,0.27,338.0,0.3,66.75,0.26,286.11,0.31,85.0,0.25,338.0,0.32,55.0,0.24,553.0,0.33,328.44,0.23,449.0,0.34,500.35
2026-01-07 08:02:30.140000+00:00,2026-01-07 08:02:27.856749+00:00,150.14,0.71,0.7,0.72,0.29000000000000004,0.28,0.3,60.8,184.98,184.98,60.8,0.69,105.0,0.73,70.0,0.68,55.0,0.74,301.11,0.67,389.44,0.75,323.0,0.66,500.35,0.76,362.0,0.65,546.3,0.77,449.0,0.27,70.0,0.31,105.0,0.26,301.11,0.32,55.0,0.25,323.0,0.33,389.44,0.24,362.0,0.34,500.35,0.23,449.0,0.35,546.3
2026-01-07 08:02:31.391000+00:00,2026-01-07 08:02:28.868003+00:00,151.391,0.71,0.7,0.72,0.28500000000000003,0.28,0.29,71.6,172.84,10.0,165.0,0.69,105.0,0.73,80.0,0.68,359.0,0.74,293.01,0.67,389.44,0.75,323.0,0.66,619.35,0.76,258.0,0.65,475.3,0.77,268.0,0.27,15.0,0.3,45.0,0.26,311.62,0.31,323.0,0.25,308.0,0.32,454.0,0.24,283.0,0.33,424.44,0.23,258.0,0.34,658.35
2026-01-07 08:02:32.397000+00:00,2026-01-07 08:02:29.876689+00:00,152.397,0.735,0.73,0.74,0.265,0.26,0.27,52.51,5.01,5.01,52.51,0.72,90.0,0.75,164.98,0.71,263.0,0.76,25.0,0.7,404.0,0.77,303.0,0.69,454.0,0.78,427.0,0.68,439.0,0.79,258.0,0.25,164.98,0.28,90.0,0.24,25.0,0.29,333.0,0.23,303.0,0.3,474.0,0.22,427.0,0.31,454.0,0.21,258.0,0.32,439.0
2026-01-07 08:02:33.408000+00:00,2026-01-07 08:02:30.882550+00:00,153.408,0.735,0.73,0.74,0.265,0.26,0.27,129.26,5.01,5.01,94.26,0.72,298.0,0.77,416.61,0.71,454.0,0.78,303.0,0.7,474.0,0.79,303.0,0.69,454.0,0.8,514.0,0.68,404.0,0.81,2213.96,0.23,158.61,0.28,368.0,0.22,208.0,0.29,454.0,0.21,218.0,0.3,474.0,0.2,393.0,0.31,454.0,0.19,2213.96,0.32,404.0
2026-01-07 08:02:34.347000+00:00,2026-01-07 08:02:31.891325+00:00,154.347,0.775,0.77,0.78,0.225,0.22,0.23,40.0,130.0,70.0,40.0,0.76,75.0,0.79,80.0,0.75,115.0,0.8,160.0,0.74,394.0,0.81,2234.96,0.73,445.15,0.82,293.0,0.72,424.6,0.83,293.0,0.21,109.98,0.24,75.0,0.2,160.0,0.25,115.0,0.19,2102.96,0.26,394.0,0.18,432.0,0.27,445.15,0.17,293.0,0.28,424.6
2026-01-07 08:02:35.396000+00:00,2026-01-07 08:02:32.897057+00:00,155.396,0.775,0.77,0.78,0.225,0.22,0.23,25.0,143.0,143.0,25.0,0.76,89.77,0.79,85.0,0.75,80.0,0.8,135.0,0.74,429.0,0.81,2234.96,0.73,445.15,0.82,293.0,0.72,424.6,0.83,306.0,0.21,85.0,0.24,89.77,0.2,135.0,0.25,80.0,0.19,2234.96,0.26,499.0,0.18,293.0,0.27,445.15,0.17,306.0,0.28,424.6
2026-01-07 08:02:36.187000+00:00,2026-01-07 08:02:33.905825+00:00,156.187,0.77,0.76,0.78,0.22999999999999998,0.22,0.24,114.77,126.33,124.66,114.77,0.75,65.0,0.79,130.0,0.74,489.0,0.8,110.0,0.73,445.15,0.81,2259.96,0.72,459.6,0.82,293.0,0.71,404.0,0.83,306.0,0.21,130.0,0.25,65.0,0.2,110.0,0.26,489.0,0.19,2259.96,0.27,445.15,0.18,293.0,0.28,459.6,0.17,376.0,0.29,404.0
2026-01-07 08:02:37.431000+00:00,2026-01-07 08:02:34.910037+00:00,157.431,0.775,0.77,0.78,0.225,0.22,0.23,35.0,92.99,92.99,35.0,0.76,99.77,0.79,120.0,0.75,90.0,0.8,120.0,0.74,469.0,0.81,2259.96,0.73,445.15,0.82,293.0,0.72,424.6,0.83,375.3,0.21,130.0,0.24,169.77,0.2,120.0,0.25,180.0,0.19,2329.96,0.26,469.0,0.18,363.0,0.27,445.15,0.17,375.3,0.28,424.6
2026-01-07 08:02:38.279000+00:00,2026-01-07 08:02:35.933970+00:00,158.279,0.775,0.77,0.78,0.225,0.22,0.23,45.0,90.03,90.03,45.0,0.76,169.77,0.79,105.0,0.75,185.0,0.8,135.0,0.74,454.0,0.81,2339.96,0.73,445.15,0.82,363.0,0.72,424.6,0.83,363.0,0.21,120.0,0.24,169.77,0.2,120.0,0.25,170.0,0.19,2339.96,0.26,469.0,0.18,363.0,0.27,445.15,0.17,363.0,0.28,424.6
2026-01-07 08:02:39.443000+00:00,2026-01-07 08:02:36.924177+00:00,159.443,0.775,0.77,0.78,0.22999999999999998,0.22,0.24,35.0,105.68,105.68,70.0,0.76,80.0,0.79,105.0,0.75,198.0,0.8,235.0,0.74,474.0,0.81,2197.96,0.73,460.15,0.82,363.0,0.72,424.6,0.83,363.0,0.21,105.0,0.25,90.0,0.2,235.0,0.26,518.77,0.19,2197.96,0.27,445.15,0.18,363.0,0.28,424.6,0.17,363.0,0.29,404.0
2026-01-07 08:02:40.459000+00:00,2026-01-07 08:02:37.943609+00:00,160.459,0.755,0.75,0.76,0.245,0.24,0.25,60.0,113.16,111.84,60.0,0.74,119.77,0.77,85.0,0.73,156.15,0.78,298.0,0.72,459.6,0.79,367.0,0.71,439.0,0.8,388.0,0.7,424.0,0.81,2197.96,0.23,85.0,0.26,119.77,0.22,298.0,0.27,156.15,0.21,367.0,0.28,459.6,0.2,388.0,0.29,439.0,0.19,2197.96,0.3,424.0
2026-01-07 08:02:41.379000+00:00,2026-01-07 08:02:38.968418+00:00,161.379,0.725,0.72,0.73,0.275,0.27,0.28,5.6,261.98,251.98,5.6,0.71,363.0,0.74,202.0,0.7,423.77,0.75,182.0,0.69,384.0,0.76,180.64,0.68,369.0,0.77,392.0,0.67,414.44,0.78,454.0,0.26,197.0,0.29,10.0,0.25,233.0,0.3,99.77,0.24,285.64,0.31,344.0,0.23,583.0,0.32,349.0,0.22,419.0,0.33,414.44
2026-01-07 08:02:42.483000+00:00,2026-01-07 08:02:39.973786+00:00,162.483,0.705,0.7,0.71,0.295,0.29,0.3,35.0,134.98,109.98,24.73,0.69,83.0,0.72,115.0,0.68,100.0,0.73,268.0,0.67,399.44,0.74,263.0,0.66,470.35,0.75,263.0,0.65,486.3,0.76,450.64,0.28,115.0,0.31,83.0,0.27,268.0,0.32,100.0,0.26,263.0,0.33,399.44,0.25,363.0,0.34,470.35,0.24,346.64,0.35,415.3
2026-01-07 08:02:43.502000+00:00,2026-01-07 08:02:40.981290+00:00,163.502,0.7,0.69,0.71,0.3,0.29,0.31,118.0,109.98,109.98,128.0,0.68,80.0,0.72,100.0,0.67,374.44,0.73,263.0,0.66,470.35,0.74,333.0,0.65,521.3,0.75,333.0,0.64,473.2,0.76,450.64,0.28,115.0,0.32,80.0,0.27,248.0,0.33,374.44,0.26,333.0,0.34,470.35,0.25,333.0,0.35,521.3,0.24,450.64,0.36,473.2
2026-01-07 08:02:44.502000+00:00,2026-01-07 08:02:41.988129+00:00,164.502,0.7,0.69,0.71,0.3,0.29,0.31,198.0,108.57,113.94,198.0,0.68,135.0,0.72,115.0,0.67,459.44,0.73,248.0,0.66,589.35,0.74,333.0,0.65,591.3,0.75,333.0,0.64,473.2,0.76,450.64,0.28,120.0,0.32,135.0,0.27,248.0,0.33,459.44,0.26,333.0,0.34,589.35,0.25,333.0,0.35,591.3,0.24,450.64,0.36,473.2
2026-01-07 08:02:45.009000+00:00,2026-01-07 08:02:43.010389+00:00,165.009,0.7,0.69,0.71,0.3,0.29,0.31,198.0,111.13,111.13,198.0,0.68,150.0,0.72,105.0,0.67,444.44,0.73,277.0,0.66,589.35,0.74,333.0,0.65,591.3,0.75,333.0,0.64,473.2,0.76,450.64,0.28,105.0,0.32,150.0,0.27,277.0,0.33,444.44,0.26,333.0,0.34,589.35,0.25,333.0,0.35,591.3,0.24,450.64,0.36,473.2
2026-01-07 08:02:46.492000+00:00,2026-01-07 08:02:44.014569+00:00,166.492,0.7,0.69,0.71,0.3,0.29,0.31,198.0,111.13,111.13,198.0,0.68,150.0,0.72,105.0,0.67,444.44,0.73,277.0,0.66,589.35,0.74,333.0,0.65,591.3,0.75,333.0,0.64,473.2,0.76,450.64,0.28,120.0,0.32,135.0,0.27,262.0,0.33,459.44,0.26,333.0,0.34,589.35,0.25,333.0,0.35,591.3,0.24,450.64,0.36,473.2
2026-01-07 08:02:47.160000+00:00,2026-01-07 08:02:45.020727+00:00,167.16,0.7,0.69,0.71,0.3,0.29,0.31,218.0,105.76,105.76,218.0,0.68,135.0,0.72,115.0,0.67,459.44,0.73,262.0,0.66,589.35,0.74,333.0,0.65,591.3,0.75,333.0,0.64,473.2,0.76,450.64,0.28,115.0,0.32,135.0,0.27,262.0,0.33,459.44,0.26,333.0,0.34,589.35,0.25,333.0,0.35,591.3,0.24,450.64,0.36,473.2
2026-01-07 08:02:48.498000+00:00,2026-01-07 08:02:46.025683+00:00,168.498,0.7,0.69,0.71,0.3,0.29,0.31,207.63,105.76,105.76,207.63,0.68,135.0,0.72,115.0,0.67,459.44,0.73,262.0,0.66,589.35,0.74,333.0,0.65,591.3,0.75,333.0,0.64,473.2,0.76,450.64,0.28,115.0,0.32,135.0,0.27,262.0,0.33,459.44,0.26,333.0,0.34,589.35,0.25,333.0,0.35,591.3,0.24,450.64,0.36,473.2
2026-01-07 08:02:49.491000+00:00,2026-01-07 08:02:47.030884+00:00,169.491,0.7,0.69,0.71,0.3,0.29,0.31,220.78,103.69,103.69,220.78,0.68,125.0,0.72,95.0,0.67,454.0,0.73,282.0,0.66,589.35,0.74,333.0,0.65,591.3,0.75,333.0,0.64,473.2,0.76,450.64,0.28,95.0,0.32,125.0,0.27,282.0,0.33,454.0,0.26,333.0,0.34,589.35,0.25,333.0,0.35,591.3,0.24,450.64,0.36,473.2
2026-01-07 08:02:50.554000+00:00,2026-01-07 08:02:48.036747+00:00,170.554,0.705,0.7,0.71,0.295,0.29,0.3,35.0,103.69,103.69,35.0,0.69,195.78,0.72,105.0,0.68,150.0,0.73,272.0,0.67,454.0,0.74,333.0,0.66,589.35,0.75,433.0,0.65,485.3,0.76,346.64,0.28,105.0,0.31,195.78,0.27,272.0,0.32,150.0,0.26,333.0,0.33,454.0,0.25,433.0,0.34,589.35,0.24,346.64,0.35,485.3
2026-01-07 08:02:51.384000+00:00,2026-01-07 08:02:49.056123+00:00,171.384,0.705,0.7,0.71,0.295,0.29,0.3,35.0,108.69,108.69,49.0,0.69,195.78,0.72,70.0,0.68,150.0,0.73,297.0,0.67,454.0,0.74,308.0,0.66,589.35,0.75,433.0,0.65,485.3,0.76,346.64,0.28,70.0,0.31,195.78,0.27,297.0,0.32,150.0,0.26,308.0,0.33,454.0,0.25,433.0,0.34,589.35,0.24,346.64,0.35,485.3
2026-01-07 08:02:52.497000+00:00,2026-01-07 08:02:50.065855+00:00,172.497,0.705,0.7,0.71,0.295,0.29,0.3,49.0,103.69,103.69,49.0,0.69,195.78,0.72,70.0,0.68,150.0,0.73,297.0,0.67,454.0,0.74,308.0,0.66,589.35,0.75,433.0,0.65,485.3,0.76,346.64,0.28,70.0,0.31,195.78,0.27,297.0,0.32,150.0,0.26,308.0,0.33,454.0,0.25,433.0,0.34,589.35,0.24,346.64,0.35,485.3
2026-01-07 08:02:53.574000+00:00,2026-01-07 08:02:51.088401+00:00,173.574,0.705,0.7,0.71,0.295,0.29,0.3,49.0,103.69,103.69,49.0,0.69,195.78,0.72,70.0,0.68,150.0,0.73,297.0,0.67,503.0,0.74,308.0,0.66,540.35,0.75,433.0,0.65,485.3,0.76,346.64,0.28,70.0,0.31,195.78,0.27,297.0,0.32,150.0,0.26,308.0,0.33,503.0,0.25,433.0,0.34,540.35,0.24,346.64,0.35,485.3
2026-01-07 08:02:54.518000+00:00,2026-01-07 08:02:52.098395+00:00,174.518,0.705,0.7,0.71,0.295,0.29,0.3,119.0,103.69,103.69,119.0,0.69,195.78,0.72,70.0,0.68,150.0,0.73,262.0,0.67,503.0,0.74,429.0,0.66,540.35,0.75,308.0,0.65,485.3,0.76,346.64,0.28,70.0,0.31,195.78,0.27,262.0,0.32,150.0,0.26,429.0,0.33,503.0,0.25,308.0,0.34,540.35,0.24,346.64,0.35,485.3
2026-01-07 08:02:55.558000+00:00,2026-01-07 08:02:53.102441+00:00,175.558,0.705,0.7,0.71,0.295,0.29,0.3,119.0,103.69,103.69,119.0,0.69,195.78,0.72,70.0,0.68,150.0,0.73,252.0,0.67,503.0,0.74,429.0,0.66,540.35,0.75,308.0,0.65,485.3,0.76,346.64,0.28,70.0,0.31,195.78,0.27,262.0,0.32,150.0,0.26,429.0,0.33,503.0,0.25,308.0,0.34,540.35,0.24,346.64,0.35,485.3
2026-01-07 08:02:56.651000+00:00,2026-01-07 08:02:54.110200+00:00,176.651,0.705,0.7,0.71,0.295,0.29,0.3,129.0,103.69,103.69,119.15,0.69,185.78,0.72,70.0,0.68,150.0,0.73,262.0,0.67,503.0,0.74,429.0,0.66,540.35,0.75,308.0,0.65,485.3,0.76,346.64,0.28,70.0,0.31,185.78,0.27,262.0,0.32,150.0,0.26,394.0,0.33,503.0,0.25,298.0,0.34,540.35,0.24,346.64,0.35,485.3
2026-01-07 08:02:57.471000+00:00,2026-01-07 08:02:55.118753+00:00,177.471,0.715,0.71,0.72,0.28500000000000003,0.28,0.29,35.0,110.68,110.68,35.0,0.7,179.0,0.73,263.0,0.69,180.78,0.74,357.0,0.68,165.0,0.75,408.0,0.67,488.0,0.76,346.64,0.66,505.35,0.77,459.0,0.27,263.0,0.3,179.0,0.26,357.0,0.31,180.78,0.25,408.0,0.32,165.0,0.24,346.64,0.33,488.0,0.23,459.0,0.34,505.35
2026-01-07 08:02:58.601000+00:00,2026-01-07 08:02:56.141003+00:00,178.601,0.71,0.7,0.72,0.29000000000000004,0.28,0.3,204.0,110.68,110.68,204.0,0.69,155.78,0.73,298.0,0.68,165.0,0.74,332.0,0.67,488.0,0.75,433.0,0.66,540.35,0.76,346.64,0.65,485.3,0.77,459.0,0.27,298.0,0.31,155.78,0.26,332.0,0.32,165.0,0.25,433.0,0.33,488.0,0.24,346.64,0.34,540.35,0.23,459.0,0.35,485.3
2026-01-07 08:02:59.690000+00:00,2026-01-07 08:02:57.156171+00:00,179.69,0.715,0.71,0.72,0.28500000000000003,0.28,0.29,14.0,110.68,110.68,14.0,0.7,190.0,0.73,298.0,0.69,155.78,0.74,332.0,0.68,165.0,0.75,333.0,0.67,439.0,0.76,346.64,0.66,540.35,0.77,471.9,0.27,298.0,0.3,190.0,0.26,332.0,0.31,155.78,0.25,433.0,0.32,165.0,0.24,346.64,0.33,439.0,0.23,471.9,0.34,540.35
2026-01-07 08:03:00.685000+00:00,2026-01-07 08:02:58.160483+00:00,180.685,0.715,0.71,0.72,0.28500000000000003,0.28,0.29,29.0,85.85,20.0,99.0,0.7,190.0,0.73,283.0,0.69,170.78,0.74,347.0,0.68,150.0,0.75,433.0,0.67,439.0,0.76,346.64,0.66,540.35,0.77,471.9,0.27,283.0,0.3,125.0,0.26,357.0,0.31,185.78,0.25,443.0,0.32,150.0,0.24,346.64,0.33,439.0,0.23,471.9,0.34,505.35
2026-01-07 08:03:01.724000+00:00,2026-01-07 08:02:59.185911+00:00,181.724,0.735,0.73,0.74,0.265,0.26,0.27,183.0,130.19,262.19,183.0,0.72,364.0,0.75,177.0,0.71,384.0,0.76,177.28,0.7,408.0,0.77,281.0,0.69,479.78,0.78,152.0,0.68,419.0,0.79,369.0,0.25,302.0,0.28,379.0,0.24,187.28,0.29,314.0,0.23,172.0,0.3,423.0,0.22,308.0,0.31,489.78,0.21,369.0,0.32,475.14
2026-01-07 08:03:02.637000+00:00,2026-01-07 08:03:00.193224+00:00,182.637,0.725,0.72,0.73,0.275,0.27,0.28,30.0,110.0,95.0,30.0,0.71,10.0,0.74,246.62,0.7,217.3,0.75,363.0,0.69,66.01,0.76,248.28,0.68,490.14,0.77,233.0,0.67,404.0,0.78,439.0,0.26,246.62,0.29,10.0,0.25,363.0,0.3,217.3,0.24,248.28,0.31,96.01,0.23,233.0,0.32,464.0,0.22,439.0,0.33,404.0
2026-01-07 08:03:03.682000+00:00,2026-01-07 08:03:01.218033+00:00,183.682,0.725,0.72,0.73,0.275,0.27,0.28,30.0,74.62,74.62,30.0,0.71,10.0,0.74,246.62,0.7,224.04,0.75,363.0,0.69,76.01,0.76,248.28,0.68,484.0,0.77,233.0,0.67,404.0,0.78,439.0,0.26,246.62,0.29,10.0,0.25,363.0,0.3,234.04,0.24,248.28,0.31,86.01,0.23,233.0,0.32,484.0,0.22,439.0,0.33,404.0
2026-01-07 08:03:04.758000+00:00,2026-01-07 08:03:02.222771+00:00,184.758,0.725,0.72,0.73,0.295,0.29,0.3,30.0,84.72,203.72,50.77,0.7,129.77,0.74,256.62,0.69,105.0,0.75,363.0,0.68,454.0,0.76,248.28,0.67,434.0,0.77,303.0,0.66,478.36,0.78,404.0,0.28,247.0,0.31,30.0,0.27,222.0,0.32,339.0,0.26,422.62,0.33,398.43,0.25,263.0,0.34,523.36,0.24,394.28,0.35,430.3
2026-01-07 08:03:05.781000+00:00,2026-01-07 08:03:03.239963+00:00,185.781,0.665,0.66,0.67,0.335,0.33,0.34,218.79,122.0,183.0,218.79,0.65,136.3,0.68,222.46,0.64,119.2,0.69,197.26,0.63,35.0,0.7,273.0,0.62,278.0,0.71,438.4,0.61,339.0,0.72,384.0,0.32,283.46,0.35,136.3,0.31,197.26,0.36,119.2,0.3,273.0,0.37,35.0,0.29,438.4,0.38,278.0,0.28,384.0,0.39,339.0
2026-01-07 08:03:06.768000+00:00,2026-01-07 08:03:04.244386+00:00,186.768,0.665,0.66,0.67,0.335,0.33,0.34,104.36,46.2,60.92,104.36,0.65,186.3,0.68,273.0,0.64,129.2,0.69,278.26,0.63,45.0,0.7,263.0,0.62,339.0,0.71,272.4,0.61,339.0,0.72,384.0,0.32,283.0,0.35,186.3,0.31,278.26,0.36,109.2,0.3,263.0,0.37,35.0,0.29,272.4,0.38,339.0,0.28,384.0,0.39,339.0
2026-01-07 08:03:07.684000+00:00,2026-01-07 08:03:05.250540+00:00,187.684,0.665,0.66,0.67,0.335,0.33,0.34,104.36,66.04,66.04,104.36,0.65,214.33,0.68,283.0,0.64,119.2,0.69,278.26,0.63,35.0,0.7,263.0,0.62,339.0,0.71,274.8,0.61,339.0,0.72,384.0,0.32,283.0,0.35,214.33,0.31,278.26,0.36,119.2,0.3,263.0,0.37,35.0,0.29,274.8,0.38,339.0,0.28,384.0,0.39,339.0
2026-01-07 08:03:08.780000+00:00,2026-01-07 08:03:06.260147+00:00,188.78,0.665,0.66,0.67,0.335,0.33,0.34,174.36,71.1,71.1,209.36,0.65,259.33,0.68,283.0,0.64,169.2,0.69,278.26,0.63,105.0,0.7,263.0,0.62,409.0,0.71,280.17,0.61,374.0,0.72,389.0,0.32,283.0,0.35,269.33,0.31,278.26,0.36,204.2,0.3,263.0,0.37,105.0,0.29,280.17,0.38,409.0,0.28,389.0,0.39,374.0
2026-01-07 08:03:09.689000+00:00,2026-01-07 08:03:07.268753+00:00,189.689,0.665,0.66,0.67,0.335,0.33,0.34,209.36,61.16,46.81,209.36,0.65,269.33,0.68,283.0,0.64,204.2,0.69,268.26,0.63,105.0,0.7,343.0,0.62,409.0,0.71,350.17,0.61,374.0,0.72,459.0,0.32,283.0,0.35,269.33,0.31,268.26,0.36,204.2,0.3,343.0,0.37,105.0,0.29,350.17,0.38,409.0,0.28,459.0,0.39,374.0
2026-01-07 08:03:10.837000+00:00,2026-01-07 08:03:08.290247+00:00,190.837,0.655,0.65,0.66,0.345,0.34,0.35,136.3,35.0,190.0,161.3,0.64,215.6,0.67,62.18,0.63,120.0,0.68,100.0,0.62,420.75,0.69,268.26,0.61,394.0,0.7,343.0,0.6,19397.76,0.71,344.8,0.33,159.18,0.36,235.6,0.32,222.0,0.37,120.0,0.31,278.26,0.38,420.75,0.3,454.0,0.39,429.0,0.29,465.8,0.4,19397.76
2026-01-07 08:03:11.811000+00:00,2026-01-07 08:03:09.294404+00:00,191.811,0.655,0.65,0.66,0.355,0.35,0.36,21.3,301.0,45.0,49.9,0.64,59.2,0.67,310.18,0.63,30.0,0.68,333.0,0.62,236.4,0.69,363.26,0.61,135.0,0.7,454.0,0.6,19432.76,0.71,430.8,0.34,291.0,0.37,10.0,0.33,310.18,0.38,236.4,0.32,333.0,0.39,135.0,0.31,363.26,0.4,19432.76,0.3,454.0,0.41,423.0
2026-01-07 08:03:12.491000+00:00,2026-01-07 08:03:10.303028+00:00,192.491,0.645,0.64,0.65,0.355,0.35,0.36,14.9,45.0,45.0,14.9,0.63,178.03,0.66,283.0,0.62,135.0,0.67,240.18,0.61,135.0,0.68,333.0,0.6,19432.76,0.69,363.26,0.59,458.0,0.7,454.0,0.34,283.0,0.37,178.03,0.33,240.18,0.38,135.0,0.32,333.0,0.39,135.0,0.31,363.26,0.4,19432.76,0.3,454.0,0.41,458.0
2026-01-07 08:03:13.575000+00:00,2026-01-07 08:03:11.324843+00:00,193.575,0.645,0.64,0.65,0.355,0.35,0.36,24.9,45.0,45.0,24.9,0.63,178.03,0.66,283.0,0.62,125.0,0.67,240.18,0.61,135.0,0.68,333.0,0.6,19432.76,0.69,363.26,0.59,458.0,0.7,454.0,0.34,283.0,0.37,178.03,0.33,240.18,0.38,125.0,0.32,333.0,0.39,135.0,0.31,363.26,0.4,19432.76,0.3,454.0,0.41,458.0
2026-01-07 08:03:14.709000+00:00,2026-01-07 08:03:12.333756+00:00,194.709,0.645,0.64,0.65,0.355,0.35,0.36,94.9,45.0,45.0,94.9,0.63,248.03,0.66,297.0,0.62,125.0,0.67,240.18,0.61,135.0,0.68,333.0,0.6,19432.76,0.69,363.26,0.59,458.0,0.7,454.0,0.34,297.0,0.37,248.03,0.33,240.18,0.38,125.0,0.32,333.0,0.39,135.0,0.31,363.26,0.4,19432.76,0.3,454.0,0.41,458.0
2026-01-07 08:03:15.888000+00:00,2026-01-07 08:03:13.355911+00:00,195.888,0.645,0.64,0.65,0.355,0.35,0.36,94.9,45.0,50.0,84.9,0.63,233.03,0.66,297.0,0.62,140.0,0.67,240.18,0.61,135.0,0.68,333.0,0.6,19432.76,0.69,363.26,0.59,458.0,0.7,454.0,0.34,297.0,0.37,248.03,0.33,240.18,0.38,135.0,0.32,333.0,0.39,135.0,0.31,363.26,0.4,19432.76,0.3,454.0,0.41,458.0
2026-01-07 08:03:16.816000+00:00,2026-01-07 08:03:14.364538+00:00,196.816,0.635,0.63,0.64,0.36,0.35,0.37,203.03,15.0,45.0,248.03,0.62,164.43,0.65,45.0,0.61,135.0,0.66,297.0,0.6,19452.76,0.67,240.18,0.59,458.0,0.68,333.0,0.58,434.0,0.69,363.26,0.34,297.0,0.38,135.0,0.33,240.18,0.39,135.0,0.32,333.0,0.4,19452.76,0.31,369.36,0.41,458.0,0.3,460.2,0.42,434.0
2026-01-07 08:03:17.746000+00:00,2026-01-07 08:03:15.386137+00:00,197.746,0.64,0.63,0.65,0.36,0.35,0.37,262.03,37.0,37.0,262.03,0.62,135.0,0.66,297.0,0.61,135.0,0.67,240.18,0.6,19452.76,0.68,339.0,0.59,458.0,0.69,369.36,0.58,434.0,0.7,460.2,0.34,297.0,0.38,135.0,0.33,246.08,0.39,135.0,0.32,339.0,0.4,19452.76,0.31,369.36,0.41,458.0,0.3,460.2,0.42,434.0
2026-01-07 08:03:18.859000+00:00,2026-01-07 08:03:16.395793+00:00,198.859,0.655,0.65,0.66,0.345,0.34,0.35,177.03,218.0,218.0,177.03,0.64,50.0,0.67,236.08,0.63,176.75,0.68,339.0,0.62,125.0,0.69,369.36,0.61,105.0,0.7,480.2,0.6,19452.76,0.71,447.1,0.33,236.08,0.36,50.0,0.32,339.0,0.37,176.75,0.31,369.36,0.38,125.0,0.3,480.2,0.39,105.0,0.29,447.1,0.4,19452.76
2026-01-07 08:03:19.928000+00:00,2026-01-07 08:03:17.388258+00:00,199.928,0.655,0.65,0.66,0.35,0.34,0.36,14.0,223.0,223.0,121.4,0.64,121.4,0.67,256.08,0.63,176.75,0.68,339.0,0.62,125.0,0.69,288.36,0.61,105.0,0.7,543.2,0.6,19452.76,0.71,437.1,0.33,266.08,0.37,186.75,0.32,339.0,0.38,135.0,0.31,369.36,0.39,105.0,0.3,460.2,0.4,19452.76,0.29,437.1,0.41,458.0
2026-01-07 08:03:20.883000+00:00,2026-01-07 08:03:18.395018+00:00,200.883,0.65,0.64,0.66,0.35,0.34,0.36,156.4,233.0,218.0,121.97,0.63,165.0,0.67,256.08,0.62,160.0,0.68,339.0,0.61,105.0,0.69,369.36,0.6,19452.76,0.7,460.2,0.59,423.0,0.71,437.1,0.33,256.08,0.37,165.0,0.32,339.0,0.38,160.0,0.31,369.36,0.39,105.0,0.3,460.2,0.4,19452.76,0.29,437.1,0.41,423.0
2026-01-07 08:03:21.945000+00:00,2026-01-07 08:03:19.417961+00:00,201.945,0.655,0.65,0.66,0.335,0.33,0.34,258.78,143.0,5.74,131.4,0.64,262.0,0.67,188.74,0.63,393.0,0.68,224.0,0.62,413.0,0.69,268.36,0.61,348.0,0.7,473.2,0.6,19397.76,0.71,402.1,0.32,41.0,0.35,225.75,0.31,248.36,0.36,323.0,0.3,352.2,0.37,454.0,0.29,281.1,0.38,474.0,0.28,324.4,0.39,409.0
2026-01-07 08:03:22.894000+00:00,2026-01-07 08:03:20.422827+00:00,202.894,0.675,0.67,0.68,0.325,0.32,0.33,137.03,41.0,41.0,137.03,0.66,65.0,0.69,238.36,0.65,196.75,0.7,382.2,0.64,323.0,0.71,281.1,0.63,454.0,0.72,324.4,0.62,474.0,0.73,500.6,0.31,248.36,0.34,65.0,0.3,372.2,0.35,196.75,0.29,281.1,0.36,323.0,0.28,324.4,0.37,454.0,0.27,500.6,0.38,474.0
2026-01-07 08:03:23.712000+00:00,2026-01-07 08:03:21.449111+00:00,203.712,0.67,0.66,0.68,0.33,0.32,0.34,156.4,106.0,106.0,156.4,0.65,155.0,0.69,319.36,0.64,373.0,0.7,269.2,0.63,454.0,0.71,281.1,0.62,474.0,0.72,324.4,0.61,374.0,0.73,500.6,0.31,319.36,0.35,155.0,0.3,269.2,0.36,373.0,0.29,281.1,0.37,454.0,0.28,324.4,0.38,474.0,0.27,500.6,0.39,374.0
2026-01-07 08:03:24.962000+00:00,2026-01-07 08:03:22.456236+00:00,204.962,0.635,0.63,0.64,0.365,0.36,0.37,35.0,65.0,65.0,35.0,0.62,201.4,0.65,167.0,0.61,150.0,0.66,263.0,0.6,19322.12,0.67,248.9,0.59,419.0,0.68,339.0,0.58,434.0,0.69,535.36,0.35,167.0,0.38,201.4,0.34,263.0,0.39,150.0,0.33,248.9,0.4,19332.12,0.32,339.0,0.41,419.0,0.31,535.36,0.42,434.0
2026-01-07 08:03:25.794000+00:00,2026-01-07 08:03:23.466681+00:00,205.794,0.64,0.63,0.65,0.36,0.35,0.37,176.03,228.0,228.0,176.03,0.62,55.0,0.66,268.8,0.61,180.0,0.67,243.9,0.6,19282.12,0.68,339.0,0.59,409.0,0.69,535.36,0.58,434.0,0.7,445.2,0.34,288.8,0.38,55.0,0.33,243.9,0.39,180.0,0.32,339.0,0.4,19282.12,0.31,535.36,0.41,409.0,0.3,445.2,0.42,434.0
2026-01-07 08:03:26.890000+00:00,2026-01-07 08:03:24.468680+00:00,206.89,0.635,0.63,0.64,0.365,0.36,0.37,35.0,45.0,45.0,35.0,0.62,161.4,0.65,228.0,0.61,180.0,0.66,288.8,0.6,19282.12,0.67,243.9,0.59,236.72,0.68,339.0,0.58,440.13,0.69,535.36,0.35,228.0,0.38,161.4,0.34,288.8,0.39,180.0,0.33,253.9,0.4,19282.12,0.32,339.0,0.41,236.72,0.31,535.36,0.42,440.13
2026-01-07 08:03:28.005000+00:00,2026-01-07 08:03:25.475795+00:00,208.005,0.635,0.63,0.64,0.365,0.36,0.37,35.0,45.0,45.0,35.0,0.62,161.4,0.65,228.0,0.61,180.0,0.66,288.8,0.6,19282.12,0.67,253.9,0.59,236.72,0.68,339.0,0.58,440.13,0.69,535.36,0.35,228.0,0.38,161.4,0.34,288.8,0.39,180.0,0.33,253.9,0.4,19282.12,0.32,339.0,0.41,236.72,0.31,535.36,0.42,440.13
2026-01-07 08:03:29.914000+00:00,2026-01-07 08:03:27.503402+00:00,209.914,0.64,0.63,0.65,0.365,0.36,0.37,233.03,45.0,45.0,105.0,0.62,150.0,0.66,303.8,0.61,180.0,0.67,253.9,0.6,19596.84,0.68,339.0,0.59,415.13,0.69,414.36,0.58,454.0,0.7,445.2,0.35,45.0,0.38,201.4,0.34,303.8,0.39,180.0,0.33,253.9,0.4,19596.84,0.32,339.0,0.41,415.13,0.31,414.36,0.42,454.0
2026-01-07 08:03:31.950000+00:00,2026-01-07 08:03:29.504737+00:00,211.95,0.605,0.6,0.61,0.395,0.39,0.4,18762.12,283.0,283.0,18762.12,0.57,143.03,0.62,248.0,0.56,125.09,0.63,452.0,0.55,10.0,0.64,459.6,0.54,339.0,0.65,465.6,0.53,354.0,0.66,439.8,0.38,248.0,0.43,143.03,0.37,457.6,0.44,125.09,0.36,459.6,0.45,10.0,0.35,465.6,0.46,339.0,0.34,439.8,0.47,354.0
2026-01-07 08:03:32.947000+00:00,2026-01-07 08:03:30.527883+00:00,212.947,0.605,0.6,0.61,0.395,0.39,0.4,18762.12,265.75,261.25,18762.12,0.59,30.0,0.62,253.5,0.57,158.03,0.63,486.2,0.56,60.09,0.64,459.6,0.55,65.0,0.65,459.7,0.54,339.0,0.66,439.8,0.38,319.5,0.41,30.0,0.37,418.2,0.43,65.0,0.36,459.6,0.44,122.06,0.35,459.7,0.45,65.0,0.34,439.8,0.46,339.0
2026-01-07 08:03:34.070000+00:00,2026-01-07 08:03:31.531801+00:00,214.07,0.605,0.6,0.61,0.395,0.39,0.4,18860.47,238.97,308.97,18885.47,0.58,30.0,0.62,450.5,0.57,130.0,0.63,478.2,0.56,80.09,0.64,459.6,0.55,80.0,0.65,459.7,0.54,10.0,0.66,439.8,0.38,434.5,0.41,30.0,0.37,556.2,0.42,114.43,0.36,469.6,0.43,90.0,0.35,459.7,0.44,120.09,0.34,439.8,0.45,150.0
2026-01-07 08:03:35.062000+00:00,2026-01-07 08:03:32.539000+00:00,215.062,0.605,0.6,0.61,0.395,0.39,0.4,18604.4,219.97,219.97,18604.4,0.59,115.0,0.62,243.5,0.58,180.0,0.63,345.2,0.57,140.0,0.64,389.6,0.56,155.09,0.65,389.7,0.55,333.0,0.66,379.8,0.38,243.5,0.41,115.0,0.37,345.2,0.42,180.0,0.36,389.6,0.43,140.0,0.35,389.7,0.44,155.09,0.34,379.8,0.45,333.0
2026-01-07 08:03:36.064000+00:00,2026-01-07 08:03:33.559774+00:00,216.064,0.605,0.6,0.61,0.395,0.39,0.4,18494.97,264.97,264.97,18494.97,0.59,185.0,0.62,243.5,0.58,180.0,0.63,345.2,0.57,140.0,0.64,399.6,0.56,155.09,0.65,409.7,0.55,333.0,0.66,369.8,0.38,243.5,0.41,185.0,0.37,345.2,0.42,180.0,0.36,399.6,0.43,140.0,0.35,409.7,0.44,155.09,0.34,369.8,0.45,333.0
2026-01-07 08:03:37.105000+00:00,2026-01-07 08:03:34.566617+00:00,217.105,0.605,0.6,0.61,0.395,0.39,0.4,18479.97,264.97,239.97,18479.97,0.59,80.0,0.62,243.5,0.58,219.43,0.63,355.2,0.57,170.0,0.64,389.6,0.56,155.09,0.65,389.7,0.55,333.0,0.66,369.8,0.38,243.5,0.41,215.0,0.37,287.2,0.42,150.0,0.36,389.6,0.43,170.0,0.35,389.7,0.44,155.09,0.34,369.8,0.45,333.0
2026-01-07 08:03:38.901000+00:00,2026-01-07 08:03:36.576574+00:00,218.901,0.605,0.6,0.61,0.395,0.39,0.4,18604.4,219.97,264.97,18499.97,0.59,115.0,0.62,60.5,0.58,180.0,0.63,268.6,0.57,323.0,0.64,358.6,0.56,459.09,0.65,419.7,0.55,454.0,0.66,439.8,0.38,60.5,0.41,185.0,0.37,278.6,0.42,180.0,0.36,348.6,0.43,323.0,0.35,338.7,0.44,459.09,0.34,439.8,0.45,454.0
2026-01-07 08:03:40.104000+00:00,2026-01-07 08:03:37.583232+00:00,220.104,0.605,0.6,0.61,0.395,0.39,0.4,18499.97,264.97,260.39,18499.97,0.59,185.0,0.62,60.5,0.58,165.0,0.63,288.6,0.57,338.0,0.64,417.6,0.56,459.09,0.65,338.7,0.55,454.0,0.66,439.8,0.38,60.5,0.41,185.0,0.37,288.6,0.42,180.0,0.36,348.6,0.43,323.0,0.35,409.7,0.44,459.09,0.34,454.1,0.45,454.0
2026-01-07 08:03:41.133000+00:00,2026-01-07 08:03:38.606464+00:00,221.133,0.605,0.6,0.61,0.395,0.39,0.4,18489.97,244.45,269.45,18479.97,0.59,185.0,0.62,60.5,0.58,160.0,0.63,278.6,0.57,353.0,0.64,417.6,0.56,459.09,0.65,338.7,0.55,454.0,0.66,454.1,0.38,60.5,0.41,70.0,0.37,278.6,0.42,219.43,0.36,407.6,0.43,323.0,0.35,338.7,0.44,489.09,0.34,454.1,0.45,454.0
2026-01-07 08:03:42.117000+00:00,2026-01-07 08:03:39.613863+00:00,222.117,0.605,0.6,0.61,0.395,0.39,0.4,18110.59,505.6,435.6,18110.59,0.57,210.0,0.62,500.5,0.56,170.09,0.63,459.6,0.55,150.0,0.64,459.6,0.54,129.0,0.65,459.7,0.53,547.0,0.66,454.1,0.38,430.5,0.43,210.0,0.37,459.6,0.44,170.09,0.36,459.6,0.45,150.0,0.35,459.7,0.46,129.0,0.34,454.1,0.47,547.0
2026-01-07 08:03:43.171000+00:00,2026-01-07 08:03:40.635172+00:00,223.171,0.605,0.6,0.61,0.395,0.39,0.4,17998.59,410.6,410.6,18028.59,0.59,85.0,0.62,430.5,0.58,74.43,0.63,459.6,0.57,141.75,0.64,459.6,0.56,135.09,0.65,459.7,0.55,150.0,0.66,454.1,0.38,364.5,0.41,65.0,0.37,459.6,0.42,80.0,0.36,479.6,0.43,141.75,0.35,530.7,0.44,120.09,0.34,454.1,0.45,150.0
2026-01-07 08:03:44.680000+00:00,2026-01-07 08:03:42.650472+00:00,224.68,0.605,0.6,0.61,0.395,0.39,0.4,18073.59,410.6,365.6,18173.02,0.59,185.0,0.62,364.5,0.58,115.0,0.63,459.6,0.57,156.75,0.64,469.6,0.56,120.09,0.65,530.7,0.55,150.0,0.66,454.1,0.38,334.5,0.41,130.0,0.37,344.6,0.42,252.0,0.36,410.9,0.43,287.0,0.35,409.7,0.44,373.09,0.34,439.8,0.45,393.0
2026-01-07 08:03:46.194000+00:00,2026-01-07 08:03:43.656651+00:00,226.194,0.645,0.64,0.65,0.355,0.35,0.36,160.0,183.0,183.0,160.0,0.63,55.0,0.66,324.8,0.62,377.0,0.67,399.9,0.61,317.0,0.68,428.0,0.6,18427.59,0.69,379.36,0.59,663.0,0.7,385.2,0.34,319.0,0.37,55.0,0.33,399.9,0.38,377.0,0.32,428.0,0.39,352.0,0.31,369.36,0.4,18427.59,0.3,395.2,0.41,663.0
2026-01-07 08:03:47.110000+00:00,2026-01-07 08:03:44.662259+00:00,227.11,0.655,0.65,0.66,0.325,0.32,0.33,337.43,5.0,6.0,20.0,0.64,419.0,0.67,10.0,0.63,454.0,0.68,6.0,0.62,454.0,0.69,51.1,0.61,419.0,0.7,81.2,0.6,18534.59,0.71,56.3,0.31,51.1,0.34,222.0,0.3,81.2,0.35,268.0,0.29,56.3,0.36,419.0,0.28,137.4,0.37,454.0,0.27,239.6,0.38,454.0
2026-01-07 08:03:48.122000+00:00,2026-01-07 08:03:45.686599+00:00,228.122,0.685,0.68,0.69,0.315,0.31,0.32,35.0,61.1,71.1,35.0,0.67,134.43,0.7,81.2,0.66,333.0,0.71,66.3,0.65,263.0,0.72,130.4,0.64,454.0,0.73,239.6,0.63,419.0,0.74,374.42,0.3,91.2,0.33,134.43,0.29,46.3,0.34,303.0,0.28,130.4,0.35,293.0,0.27,239.6,0.36,454.0,0.26,374.42,0.37,419.0
2026-01-07 08:03:49.051000+00:00,2026-01-07 08:03:46.688664+00:00,229.051,0.685,0.68,0.69,0.315,0.31,0.32,35.0,71.1,71.1,35.0,0.67,124.43,0.7,91.2,0.66,343.0,0.71,46.3,0.65,273.0,0.72,135.9,0.64,454.0,0.73,239.6,0.63,419.0,0.74,374.42,0.3,91.2,0.33,124.43,0.29,46.3,0.34,343.0,0.28,135.9,0.35,273.0,0.27,239.6,0.36,454.0,0.26,374.42,0.37,419.0
2026-01-07 08:03:50.156000+00:00,2026-01-07 08:03:47.697555+00:00,230.156,0.685,0.68,0.69,0.315,0.31,0.32,35.0,61.1,51.1,60.0,0.67,134.43,0.7,101.2,0.66,357.0,0.71,46.3,0.65,333.0,0.72,135.9,0.64,454.0,0.73,239.6,0.63,419.0,0.74,374.42,0.3,101.2,0.33,134.43,0.29,46.3,0.34,357.0,0.28,132.9,0.35,333.0,0.27,239.6,0.36,454.0,0.26,374.42,0.37,419.0
2026-01-07 08:03:51.104000+00:00,2026-01-07 08:03:48.705489+00:00,231.104,0.685,0.68,0.69,0.315,0.31,0.32,60.0,51.1,10.0,186.75,0.67,134.43,0.7,101.2,0.66,427.0,0.71,46.3,0.65,333.0,0.72,202.9,0.64,454.0,0.73,309.6,0.63,419.0,0.74,444.42,0.3,230.2,0.33,99.0,0.29,21.3,0.34,333.0,0.28,142.9,0.35,333.0,0.27,274.6,0.36,454.0,0.26,409.42,0.37,419.0
2026-01-07 08:03:52.225000+00:00,2026-01-07 08:03:49.710850+00:00,232.225,0.695,0.69,0.7,0.305,0.3,0.31,114.43,209.0,209.0,114.43,0.68,160.0,0.71,90.0,0.67,348.0,0.72,86.9,0.66,464.0,0.73,219.6,0.65,454.0,0.74,323.42,0.64,454.0,0.75,294.9,0.29,75.0,0.32,180.0,0.28,86.9,0.33,308.0,0.27,219.6,0.34,464.0,0.26,323.42,0.35,454.0,0.25,294.9,0.36,454.0
2026-01-07 08:03:53.115000+00:00,2026-01-07 08:03:50.732752+00:00,233.115,0.695,0.69,0.7,0.29500000000000004,0.28,0.31,214.43,244.0,61.4,249.43,0.68,155.0,0.71,40.0,0.67,333.0,0.72,185.4,0.66,429.0,0.73,76.6,0.65,454.0,0.74,323.42,0.64,454.0,0.75,259.9,0.27,41.6,0.32,125.0,0.26,218.42,0.33,333.0,0.25,189.9,0.34,419.0,0.24,396.38,0.35,454.0,0.23,456.3,0.36,419.0
2026-01-07 08:03:54.257000+00:00,2026-01-07 08:03:51.738095+00:00,234.257,0.71,0.7,0.72,0.29000000000000004,0.28,0.3,170.0,65.0,80.0,185.0,0.69,348.0,0.73,96.6,0.68,343.0,0.74,80.42,0.67,454.0,0.75,41.9,0.66,454.0,0.76,310.38,0.65,404.0,0.77,456.3,0.27,189.6,0.31,348.0,0.26,80.42,0.32,343.0,0.25,41.9,0.33,454.0,0.24,310.38,0.34,454.0,0.23,456.3,0.35,404.0
2026-01-07 08:03:55.264000+00:00,2026-01-07 08:03:52.729779+00:00,235.264,0.71,0.7,0.72,0.29000000000000004,0.28,0.3,178.03,80.0,86.97,178.03,0.69,378.0,0.73,189.6,0.68,333.0,0.74,80.42,0.67,454.0,0.75,41.9,0.66,464.72,0.76,318.68,0.65,410.13,0.77,456.3,0.27,189.6,0.31,378.0,0.26,80.42,0.32,333.0,0.25,41.9,0.33,454.0,0.24,318.68,0.34,464.72,0.23,456.3,0.35,410.13
2026-01-07 08:03:56.268000+00:00,2026-01-07 08:03:53.733255+00:00,236.268,0.705,0.7,0.71,0.295,0.29,0.3,70.0,55.0,45.0,70.0,0.69,447.43,0.72,86.97,0.68,338.0,0.73,169.6,0.67,474.0,0.74,70.42,0.66,474.72,0.75,41.9,0.65,465.13,0.76,318.68,0.28,106.97,0.31,447.43,0.27,169.6,0.32,348.0,0.26,70.42,0.33,464.0,0.25,41.9,0.34,474.72,0.24,318.68,0.35,465.13
2026-01-07 08:03:57.359000+00:00,2026-01-07 08:03:54.737726+00:00,237.359,0.7,0.69,0.71,0.3,0.29,0.31,467.43,45.0,45.0,467.43,0.68,318.0,0.72,96.97,0.67,484.0,0.73,179.6,0.66,454.0,0.74,70.42,0.65,459.0,0.75,111.9,0.64,453.0,0.76,388.68,0.28,96.97,0.32,318.0,0.27,179.6,0.33,484.0,0.26,70.42,0.34,454.0,0.25,111.9,0.35,683.0,0.24,388.68,0.36,453.0
2026-01-07 08:03:58.290000+00:00,2026-01-07 08:03:55.758708+00:00,238.29,0.655,0.65,0.66,0.345,0.34,0.35,20.0,45.0,45.0,20.0,0.64,347.43,0.67,20.0,0.63,374.0,0.68,45.0,0.62,469.0,0.69,45.0,0.61,459.0,0.7,494.0,0.6,18382.59,0.71,419.0,0.33,55.0,0.36,164.43,0.32,55.0,0.37,253.0,0.31,222.0,0.38,348.0,0.3,507.0,0.39,459.0,0.29,454.0,0.4,18382.59
2026-01-07 08:03:59.306000+00:00,2026-01-07 08:03:56.764355+00:00,239.306,0.655,0.65,0.66,0.345,0.34,0.35,20.0,378.0,304.0,10.0,0.63,130.0,0.67,208.0,0.62,85.0,0.68,263.0,0.61,85.0,0.69,466.7,0.6,18166.59,0.7,469.0,0.59,339.0,0.71,419.0,0.33,304.0,0.36,129.43,0.32,263.0,0.37,75.0,0.31,466.7,0.38,90.0,0.3,469.0,0.39,85.0,0.29,419.0,0.4,18166.59
2026-01-07 08:04:00.202000+00:00,2026-01-07 08:03:57.769292+00:00,240.202,0.655,0.65,0.66,0.345,0.34,0.35,20.0,378.0,378.0,30.0,0.64,129.43,0.67,238.0,0.63,75.0,0.68,263.0,0.62,45.0,0.69,486.2,0.61,85.0,0.7,469.0,0.6,18166.59,0.71,419.0,0.33,238.0,0.36,129.43,0.32,263.0,0.37,60.0,0.31,486.2,0.38,60.0,0.3,469.0,0.39,85.0,0.29,419.0,0.4,18166.59
2026-01-07 08:04:01.365000+00:00,2026-01-07 08:03:58.776128+00:00,241.365,0.63,0.62,0.64,0.37,0.36,0.38,139.43,97.99,97.99,139.43,0.61,111.75,0.65,55.0,0.6,18236.59,0.66,398.0,0.59,409.0,0.67,263.0,0.58,409.0,0.68,263.0,0.57,458.0,0.69,431.2,0.35,65.0,0.39,121.75,0.34,398.0,0.4,18236.59,0.33,263.0,0.41,409.0,0.32,263.0,0.42,409.0,0.31,431.2,0.43,458.0
2026-01-07 08:04:02.936000+00:00,2026-01-07 08:04:00.792615+00:00,242.936,0.63,0.62,0.64,0.37,0.36,0.38,129.03,104.98,104.98,129.03,0.61,205.0,0.65,75.0,0.6,18266.59,0.66,215.0,0.59,419.72,0.67,263.0,0.58,639.13,0.68,263.0,0.57,458.0,0.69,416.2,0.35,75.0,0.39,205.0,0.34,215.0,0.4,18266.59,0.33,263.0,0.41,419.72,0.32,263.0,0.42,639.13,0.31,416.2,0.43,458.0
2026-01-07 08:04:04.124000+00:00,2026-01-07 08:04:01.787594+00:00,244.124,0.63,0.62,0.64,0.37,0.36,0.38,139.03,90.29,90.29,139.03,0.61,195.0,0.65,85.0,0.6,18266.59,0.66,215.0,0.59,419.72,0.67,333.0,0.58,639.13,0.68,333.0,0.57,458.0,0.69,416.2,0.35,85.0,0.39,195.0,0.34,215.0,0.4,18266.59,0.33,333.0,0.41,419.72,0.32,333.0,0.42,639.13,0.31,416.2,0.43,458.0
2026-01-07 08:04:05.317000+00:00,2026-01-07 08:04:02.809671+00:00,245.317,0.635,0.63,0.64,0.365,0.36,0.37,135.0,40.0,40.0,120.0,0.62,95.0,0.65,70.0,0.61,180.0,0.66,221.0,0.6,18261.59,0.67,419.0,0.59,409.0,0.68,343.0,0.58,633.0,0.69,416.2,0.35,70.0,0.38,60.0,0.34,221.0,0.39,205.0,0.33,419.0,0.4,18236.59,0.32,343.0,0.41,409.0,0.31,416.2,0.42,633.0
2026-01-07 08:04:06.365000+00:00,2026-01-07 08:04:03.818309+00:00,246.365,0.625,0.62,0.63,0.375,0.37,0.38,15.0,287.0,282.23,15.0,0.61,45.0,0.64,262.0,0.6,18270.64,0.65,484.0,0.59,334.0,0.66,332.0,0.58,374.0,0.67,454.0,0.57,423.0,0.68,419.0,0.36,323.0,0.39,45.0,0.35,545.0,0.4,18087.64,0.34,332.0,0.41,15.0,0.33,454.0,0.42,268.0,0.32,419.0,0.43,337.0
2026-01-07 08:04:07.380000+00:00,2026-01-07 08:04:04.839520+00:00,247.38,0.615,0.61,0.62,0.385,0.38,0.39,19.95,94.99,94.99,19.95,0.6,18107.64,0.63,65.0,0.59,40.0,0.64,263.0,0.57,322.0,0.65,545.0,0.56,638.09,0.66,332.0,0.55,374.0,0.67,419.0,0.37,65.0,0.4,18107.64,0.36,263.0,0.41,40.0,0.35,545.0,0.42,35.0,0.34,332.0,0.43,332.0,0.33,419.0,0.44,638.09
2026-01-07 08:04:08.351000+00:00,2026-01-07 08:04:05.846091+00:00,248.351,0.615,0.61,0.62,0.385,0.38,0.39,39.95,80.99,80.99,39.95,0.6,18087.64,0.63,65.0,0.59,40.0,0.64,273.0,0.58,35.0,0.65,535.0,0.57,332.0,0.66,297.0,0.56,638.09,0.67,419.0,0.37,65.0,0.4,18087.64,0.36,273.0,0.41,40.0,0.35,535.0,0.42,35.0,0.34,297.0,0.43,332.0,0.33,419.0,0.44,638.09
2026-01-07 08:04:09.378000+00:00,2026-01-07 08:04:06.853112+00:00,249.378,0.615,0.61,0.62,0.385,0.38,0.39,169.95,21.0,21.0,169.95,0.6,18045.34,0.63,10.0,0.59,35.0,0.64,278.0,0.58,10.0,0.65,535.0,0.57,357.0,0.66,307.0,0.56,638.09,0.67,429.0,0.37,10.0,0.4,18045.34,0.36,278.0,0.41,35.0,0.35,535.0,0.42,10.0,0.34,307.0,0.43,357.0,0.33,429.0,0.44,638.09
2026-01-07 08:04:10.365000+00:00,2026-01-07 08:04:07.861408+00:00,250.365,0.625,0.62,0.63,0.375,0.37,0.38,130.0,259.0,259.0,135.0,0.61,140.0,0.64,105.61,0.6,18086.11,0.65,273.0,0.59,105.0,0.66,297.0,0.58,80.0,0.67,429.0,0.57,357.0,0.68,404.0,0.36,115.61,0.39,150.0,0.35,203.0,0.4,18086.11,0.34,307.0,0.41,105.0,0.33,419.0,0.42,80.0,0.32,404.0,0.43,357.0
2026-01-07 08:04:11.456000+00:00,2026-01-07 08:04:08.864308+00:00,251.456,0.625,0.62,0.63,0.375,0.37,0.38,100.0,293.95,328.99,50.0,0.61,199.05,0.64,115.61,0.6,18086.11,0.65,203.0,0.59,105.0,0.66,297.0,0.58,80.0,0.67,419.0,0.57,357.0,0.68,404.0,0.36,100.61,0.39,199.05,0.35,203.0,0.4,18086.11,0.34,297.0,0.41,105.0,0.33,419.0,0.42,80.0,0.32,404.0,0.43,357.0
2026-01-07 08:04:12.420000+00:00,2026-01-07 08:04:09.885503+00:00,252.42,0.62,0.61,0.63,0.385,0.38,0.39,219.05,293.99,35.0,219.05,0.6,18086.11,0.64,90.61,0.59,105.0,0.65,209.8,0.58,80.0,0.66,297.0,0.57,288.0,0.67,419.0,0.56,658.09,0.68,404.0,0.37,303.99,0.4,18086.11,0.36,90.61,0.41,105.0,0.35,209.8,0.42,80.0,0.34,297.0,0.43,288.0,0.33,419.0,0.44,668.09
2026-01-07 08:04:13.443000+00:00,2026-01-07 08:04:10.894722+00:00,253.443,0.615,0.61,0.62,0.385,0.38,0.39,192.76,35.0,35.0,192.76,0.6,18086.11,0.63,234.0,0.59,105.0,0.64,95.61,0.58,80.0,0.65,138.8,0.57,298.0,0.66,311.0,0.56,658.09,0.67,419.0,0.37,234.0,0.4,18086.11,0.36,105.61,0.41,105.0,0.35,138.8,0.42,80.0,0.34,311.0,0.43,298.0,0.33,419.0,0.44,658.09
2026-01-07 08:04:14.213000+00:00,2026-01-07 08:04:11.885733+00:00,254.213,0.615,0.61,0.62,0.385,0.38,0.39,199.05,45.0,45.0,199.05,0.6,18109.36,0.63,244.0,0.59,105.0,0.64,105.61,0.58,80.0,0.65,128.6,0.57,288.0,0.66,301.0,0.56,668.09,0.67,419.0,0.37,244.0,0.4,18109.36,0.36,105.61,0.41,105.0,0.35,128.6,0.42,80.0,0.34,301.0,0.43,288.0,0.33,419.0,0.44,668.09
2026-01-07 08:04:15.339000+00:00,2026-01-07 08:04:12.890424+00:00,255.339,0.615,0.61,0.62,0.385,0.38,0.39,199.05,35.0,30.16,199.05,0.6,18144.36,0.63,314.0,0.59,80.0,0.64,185.61,0.58,105.0,0.65,269.6,0.57,288.0,0.66,297.0,0.56,668.09,0.67,419.0,0.37,314.0,0.4,18144.36,0.36,185.61,0.41,80.0,0.35,269.6,0.42,105.0,0.34,297.0,0.43,288.0,0.33,419.0,0.44,668.09
2026-01-07 08:04:16.342000+00:00,2026-01-07 08:04:13.898239+00:00,256.342,0.625,0.62,0.63,0.375,0.37,0.38,110.0,339.0,339.0,110.0,0.61,169.0,0.64,190.61,0.6,18134.36,0.65,212.6,0.59,80.0,0.66,371.0,0.58,105.0,0.67,419.0,0.57,288.0,0.68,404.0,0.36,204.61,0.39,179.0,0.35,208.6,0.4,18124.36,0.34,371.0,0.41,80.0,0.33,419.0,0.42,105.0,0.32,404.0,0.43,298.0
2026-01-07 08:04:17.360000+00:00,2026-01-07 08:04:14.889237+00:00,257.36,0.615,0.61,0.62,0.38,0.37,0.39,85.0,84.98,423.0,199.05,0.6,18164.36,0.63,398.0,0.59,90.0,0.64,165.61,0.58,135.0,0.65,198.6,0.57,288.0,0.66,371.0,0.56,658.09,0.67,419.0,0.36,165.61,0.4,18109.36,0.35,198.6,0.41,130.0,0.34,371.0,0.42,105.0,0.33,419.0,0.43,288.0,0.32,404.0,0.44,658.09
2026-01-07 08:04:18.344000+00:00,2026-01-07 08:04:15.894062+00:00,258.344,0.62,0.61,0.63,0.38,0.37,0.39,114.05,423.0,403.0,134.05,0.6,18109.36,0.64,165.61,0.59,130.0,0.65,198.6,0.58,115.0,0.66,371.0,0.57,288.0,0.67,419.0,0.56,658.09,0.68,404.0,0.36,175.61,0.4,18109.36,0.35,208.6,0.41,110.0,0.34,371.0,0.42,115.0,0.33,419.0,0.43,288.0,0.32,404.0,0.44,658.09
2026-01-07 08:04:19.364000+00:00,2026-01-07 08:04:16.902672+00:00,259.364,0.625,0.62,0.63,0.375,0.37,0.38,135.0,329.0,329.0,135.0,0.61,144.0,0.64,180.61,0.6,18134.36,0.65,70.0,0.59,263.0,0.66,176.0,0.58,288.0,0.67,515.0,0.57,409.0,0.68,404.0,0.36,180.61,0.39,266.0,0.35,70.0,0.4,18256.36,0.34,176.0,0.41,384.0,0.33,515.0,0.42,409.0,0.32,404.0,0.43,409.0
2026-01-07 08:04:20.366000+00:00,2026-01-07 08:04:17.912493+00:00,260.366,0.625,0.62,0.63,0.375,0.37,0.38,135.0,319.23,319.23,135.0,0.61,327.0,0.64,190.61,0.6,18317.36,0.65,70.0,0.59,384.0,0.66,125.0,0.58,409.0,0.67,384.0,0.57,429.0,0.68,283.0,0.36,190.61,0.39,327.0,0.35,70.0,0.4,18317.36,0.34,125.0,0.41,384.0,0.33,384.0,0.42,409.0,0.32,283.0,0.43,429.0
2026-01-07 08:04:21.414000+00:00,2026-01-07 08:04:18.923031+00:00,261.414,0.625,0.62,0.63,0.375,0.37,0.38,10.0,389.23,319.23,125.0,0.61,391.05,0.64,182.64,0.6,18317.36,0.65,80.0,0.59,384.0,0.66,115.0,0.58,409.0,0.67,374.0,0.57,429.0,0.68,296.9,0.36,204.61,0.39,337.0,0.35,70.0,0.4,18317.36,0.34,115.0,0.41,384.0,0.33,374.0,0.42,409.0,0.32,296.9,0.43,429.0
2026-01-07 08:04:22.210000+00:00,2026-01-07 08:04:19.931151+00:00,262.21,0.625,0.62,0.63,0.375,0.37,0.38,119.71,319.23,319.23,119.71,0.61,337.0,0.64,204.61,0.6,18317.36,0.65,80.0,0.59,384.0,0.66,125.0,0.58,409.0,0.67,374.0,0.57,429.0,0.68,296.9,0.36,204.61,0.39,337.0,0.35,80.0,0.4,18307.36,0.34,125.0,0.41,384.0,0.33,374.0,0.42,409.0,0.32,296.9,0.43,429.0
2026-01-07 08:04:23.469000+00:00,2026-01-07 08:04:20.938664+00:00,263.469,0.625,0.62,0.63,0.375,0.37,0.38,365.71,70.0,70.0,431.71,0.61,444.0,0.64,103.64,0.6,18398.36,0.67,434.0,0.59,409.0,0.68,306.9,0.58,633.0,0.69,424.0,0.57,394.0,0.7,414.0,0.36,103.64,0.39,444.0,0.33,175.0,0.4,18398.36,0.32,201.9,0.41,409.0,0.31,303.0,0.42,633.0,0.3,414.0,0.43,452.0
2026-01-07 08:04:24.442000+00:00,2026-01-07 08:04:21.950468+00:00,264.442,0.635,0.63,0.64,0.365,0.36,0.37,345.53,5.0,5.0,345.53,0.62,463.0,0.66,224.0,0.61,454.0,0.67,82.55,0.6,18398.36,0.68,88.9,0.59,409.0,0.69,131.0,0.58,464.0,0.7,223.0,0.34,224.0,0.38,463.0,0.33,82.55,0.39,454.0,0.32,88.9,0.4,18398.36,0.31,131.0,0.41,409.0,0.3,213.0,0.42,464.0
2026-01-07 08:04:25.387000+00:00,2026-01-07 08:04:22.959234+00:00,265.387,0.655,0.65,0.66,0.345,0.34,0.35,160.0,224.0,224.0,160.0,0.64,368.0,0.67,92.55,0.63,323.48,0.68,88.9,0.62,468.0,0.69,131.0,0.61,454.0,0.7,30.0,0.6,18363.36,0.71,309.89,0.33,92.55,0.36,368.0,0.32,88.9,0.37,323.48,0.31,131.0,0.38,468.0,0.3,30.0,0.39,454.0,0.29,309.89,0.4,18363.36
2026-01-07 08:04:26.445000+00:00,2026-01-07 08:04:23.966005+00:00,266.445,0.655,0.65,0.66,0.345,0.34,0.35,154.57,224.0,224.0,154.57,0.64,368.0,0.67,102.55,0.63,323.48,0.68,88.9,0.62,468.0,0.69,121.0,0.61,454.0,0.7,30.0,0.6,18393.36,0.71,309.89,0.33,102.55,0.36,398.0,0.32,88.9,0.37,293.48,0.31,121.0,0.38,468.0,0.3,30.0,0.39,454.0,0.29,309.89,0.4,18393.36
2026-01-07 08:04:27.506000+00:00,2026-01-07 08:04:24.957849+00:00,267.506,0.655,0.65,0.66,0.345,0.34,0.35,144.57,224.0,224.0,214.57,0.64,422.0,0.67,102.55,0.63,293.48,0.68,166.9,0.62,454.0,0.69,40.0,0.61,454.0,0.7,30.0,0.6,18393.36,0.71,379.89,0.33,102.55,0.36,422.0,0.32,166.9,0.37,293.48,0.31,40.0,0.38,454.0,0.3,30.0,0.39,454.0,0.29,379.89,0.4,18393.36
2026-01-07 08:04:28.510000+00:00,2026-01-07 08:04:25.977800+00:00,268.51,0.685,0.68,0.69,0.315,0.31,0.32,155.0,224.0,224.0,175.0,0.67,103.0,0.7,169.04,0.66,212.0,0.71,309.89,0.65,271.57,0.72,409.0,0.64,468.0,0.73,385.6,0.63,379.48,0.74,385.8,0.3,179.04,0.33,120.0,0.29,136.89,0.34,273.0,0.28,140.0,0.35,332.57,0.27,274.6,0.36,468.0,0.26,385.8,0.37,379.48
2026-01-07 08:04:29.512000+00:00,2026-01-07 08:04:26.999441+00:00,269.512,0.685,0.68,0.69,0.315,0.31,0.32,140.0,274.56,193.56,165.0,0.67,190.0,0.7,96.98,0.66,333.0,0.71,71.89,0.65,327.57,0.72,75.0,0.64,478.0,0.73,274.6,0.63,389.48,0.74,385.8,0.3,179.98,0.33,190.0,0.29,71.89,0.34,333.0,0.28,75.0,0.35,327.57,0.27,274.6,0.36,478.0,0.26,385.8,0.37,389.48
2026-01-07 08:04:30.534000+00:00,2026-01-07 08:04:28.008825+00:00,270.534,0.685,0.68,0.69,0.315,0.31,0.32,25.0,276.11,276.11,25.0,0.67,80.0,0.7,138.94,0.66,403.0,0.71,95.59,0.65,357.57,0.72,40.0,0.64,478.0,0.73,264.6,0.63,389.48,0.74,385.8,0.3,138.94,0.33,80.0,0.29,95.59,0.34,403.0,0.28,40.0,0.35,357.57,0.27,264.6,0.36,478.0,0.26,385.8,0.37,399.48
2026-01-07 08:04:31.552000+00:00,2026-01-07 08:04:29.028043+00:00,271.552,0.645,0.64,0.65,0.355,0.35,0.36,374.0,334.43,349.43,374.0,0.63,274.48,0.66,70.0,0.62,509.0,0.67,65.0,0.61,479.0,0.68,35.0,0.6,18383.36,0.69,258.0,0.59,423.0,0.7,202.0,0.34,60.0,0.37,274.48,0.33,170.0,0.38,439.0,0.32,80.0,0.39,384.0,0.31,272.0,0.4,18572.36,0.3,272.0,0.41,363.0
2026-01-07 08:04:32.569000+00:00,2026-01-07 08:04:30.033605+00:00,272.569,0.645,0.64,0.65,0.355,0.35,0.36,15.0,525.27,595.27,15.0,0.61,20.0,0.66,262.0,0.6,18248.36,0.67,474.0,0.59,427.8,0.68,409.0,0.58,329.0,0.69,454.0,0.57,359.0,0.7,419.0,0.34,262.0,0.39,20.0,0.33,474.0,0.4,17944.36,0.32,409.0,0.41,123.8,0.31,454.0,0.42,208.0,0.3,419.0,0.43,359.0
2026-01-07 08:04:33.538000+00:00,2026-01-07 08:04:31.025742+00:00,273.538,0.605,0.6,0.61,0.395,0.39,0.4,17944.36,333.0,552.0,17748.79,0.57,20.0,0.62,303.99,0.56,85.09,0.63,384.0,0.55,46.75,0.64,469.0,0.54,45.0,0.65,621.27,0.53,329.0,0.66,433.6,0.38,293.99,0.43,20.0,0.37,534.0,0.44,85.09,0.36,469.0,0.45,46.75,0.35,586.27,0.46,45.0,0.34,513.6,0.47,329.0
2026-01-07 08:04:34.497000+00:00,2026-01-07 08:04:32.031717+00:00,274.497,0.605,0.6,0.61,0.395,0.39,0.4,17671.87,637.0,707.0,17671.87,0.58,129.98,0.62,323.69,0.57,65.0,0.63,454.0,0.56,90.09,0.64,549.0,0.54,35.0,0.65,621.27,0.53,329.0,0.66,419.0,0.38,393.69,0.42,129.98,0.37,454.0,0.43,55.0,0.36,549.0,0.44,90.09,0.35,621.27,0.46,35.0,0.34,419.0,0.47,329.0
2026-01-07 08:04:35.571000+00:00,2026-01-07 08:04:33.037465+00:00,275.571,0.605,0.6,0.61,0.395,0.39,0.4,17646.87,621.95,621.95,17646.87,0.58,149.98,0.62,403.69,0.57,85.0,0.63,454.0,0.56,65.09,0.64,469.0,0.54,35.0,0.65,621.27,0.53,329.0,0.66,419.0,0.38,403.69,0.42,149.98,0.37,454.0,0.43,85.0,0.36,469.0,0.44,50.09,0.35,621.27,0.46,35.0,0.34,419.0,0.47,329.0
2026-01-07 08:04:36.590000+00:00,2026-01-07 08:04:34.058795+00:00,276.59,0.605,0.6,0.61,0.395,0.39,0.4,17646.87,621.95,621.95,17646.87,0.59,20.0,0.62,337.89,0.58,139.98,0.63,532.0,0.57,75.0,0.64,469.0,0.56,50.09,0.65,642.69,0.54,35.0,0.66,419.0,0.38,337.89,0.41,20.0,0.37,532.0,0.42,139.98,0.36,469.0,0.43,75.0,0.35,642.69,0.44,50.09,0.34,419.0,0.46,35.0
2026-01-07 08:04:37.348000+00:00,2026-01-07 08:04:35.065626+00:00,277.348,0.605,0.6,0.61,0.395,0.39,0.4,17646.87,621.95,621.95,17646.87,0.59,20.0,0.62,393.89,0.58,139.98,0.63,474.0,0.57,75.0,0.64,469.0,0.56,50.09,0.65,642.69,0.54,35.0,0.66,419.0,0.38,393.89,0.41,20.0,0.37,474.0,0.42,139.98,0.36,469.0,0.43,75.0,0.35,642.69,0.44,50.09,0.34,419.0,0.46,35.0
2026-01-07 08:04:38.552000+00:00,2026-01-07 08:04:36.070940+00:00,278.552,0.605,0.6,0.61,0.395,0.39,0.4,17646.87,621.95,621.95,17646.87,0.59,20.0,0.62,430.07,0.58,139.98,0.63,464.0,0.57,45.0,0.64,469.0,0.56,80.09,0.65,642.69,0.54,35.0,0.66,419.0,0.38,630.61,0.41,20.0,0.37,464.0,0.42,139.98,0.36,469.0,0.43,45.0,0.35,642.69,0.44,80.09,0.34,419.0,0.46,35.0
2026-01-07 08:04:39.595000+00:00,2026-01-07 08:04:37.079376+00:00,279.595,0.605,0.6,0.61,0.395,0.39,0.4,17646.87,621.95,685.95,17646.87,0.59,20.0,0.62,735.86,0.58,139.98,0.63,464.0,0.57,45.0,0.64,469.0,0.56,80.09,0.65,642.69,0.54,35.0,0.66,419.0,0.38,669.86,0.41,20.0,0.37,464.0,0.42,139.98,0.36,469.0,0.43,45.0,0.35,642.69,0.44,80.09,0.34,419.0,0.46,35.0
2026-01-07 08:04:40.610000+00:00,2026-01-07 08:04:38.082483+00:00,280.61,0.605,0.6,0.61,0.395,0.39,0.4,17646.87,635.45,635.45,17646.87,0.59,20.0,0.62,735.86,0.58,139.98,0.63,464.0,0.57,45.0,0.64,469.0,0.56,80.09,0.65,642.69,0.54,35.0,0.66,419.0,0.38,735.86,0.41,20.0,0.37,464.0,0.42,139.98,0.36,469.0,0.43,45.0,0.35,642.69,0.44,80.09,0.34,419.0,0.45,35.0
2026-01-07 08:04:41.537000+00:00,2026-01-07 08:04:39.104057+00:00,281.537,0.605,0.6,0.61,0.395,0.39,0.4,17646.87,635.45,635.45,17646.87,0.59,30.0,0.62,725.86,0.58,129.98,0.63,464.0,0.57,45.0,0.64,469.0,0.56,80.09,0.65,642.69,0.55,35.0,0.66,419.0,0.38,725.86,0.41,30.0,0.37,474.0,0.42,129.98,0.36,469.0,0.43,45.0,0.35,642.69,0.44,80.09,0.34,419.0,0.45,35.0
2026-01-07 08:04:42.644000+00:00,2026-01-07 08:04:40.110091+00:00,282.644,0.605,0.6,0.61,0.395,0.39,0.4,17641.82,635.45,621.45,17676.82,0.59,159.99,0.62,715.96,0.58,60.0,0.63,480.7,0.57,75.0,0.64,469.0,0.56,50.09,0.65,642.69,0.55,35.0,0.66,419.0,0.38,639.96,0.41,129.99,0.37,528.7,0.42,60.0,0.36,489.0,0.43,75.0,0.35,652.69,0.44,50.09,0.34,419.0,0.45,35.0
2026-01-07 08:04:43.560000+00:00,2026-01-07 08:04:41.115321+00:00,283.56,0.605,0.6,0.61,0.395,0.39,0.4,17686.82,611.45,611.45,17666.82,0.59,129.99,0.62,639.96,0.58,60.0,0.63,528.7,0.57,75.0,0.64,489.0,0.56,50.09,0.65,652.69,0.55,35.0,0.66,419.0,0.38,705.96,0.41,149.99,0.37,480.7,0.42,60.0,0.36,479.0,0.43,75.0,0.35,642.69,0.44,50.09,0.34,419.0,0.46,35.0
2026-01-07 08:04:44.656000+00:00,2026-01-07 08:04:42.121552+00:00,284.656,0.605,0.6,0.61,0.395,0.39,0.4,17926.8,207.45,207.45,17921.8,0.59,192.0,0.62,549.97,0.58,338.0,0.63,374.0,0.57,323.0,0.64,369.0,0.56,207.09,0.65,663.69,0.55,122.0,0.66,394.0,0.38,549.97,0.41,203.75,0.37,389.0,0.42,408.0,0.36,374.0,0.43,393.0,0.35,643.69,0.44,398.09,0.34,454.0,0.45,313.0
2026-01-07 08:04:45.646000+00:00,2026-01-07 08:04:43.112375+00:00,285.646,0.605,0.6,0.61,0.395,0.39,0.4,17646.82,118.23,118.23,17646.82,0.59,206.0,0.62,700.97,0.58,166.0,0.63,359.0,0.57,166.0,0.64,339.0,0.56,512.09,0.65,572.69,0.55,339.0,0.66,439.0,0.38,700.97,0.41,206.0,0.37,359.0,0.42,166.0,0.36,339.0,0.43,166.0,0.35,572.69,0.44,512.09,0.34,509.0,0.45,339.0
2026-01-07 08:04:46.635000+00:00,2026-01-07 08:04:44.116952+00:00,286.635,0.605,0.6,0.61,0.395,0.39,0.4,17661.82,150.0,150.0,17671.82,0.59,120.0,0.62,874.97,0.58,86.75,0.63,287.99,0.57,141.0,0.64,429.0,0.56,263.09,0.65,642.69,0.55,388.0,0.66,404.0,0.38,874.97,0.41,120.0,0.37,287.99,0.42,86.75,0.36,429.0,0.43,141.0,0.35,642.69,0.44,263.09,0.34,404.0,0.45,388.0
2026-01-07 08:04:47.478000+00:00,2026-01-07 08:04:45.122912+00:00,287.478,0.605,0.6,0.61,0.395,0.39,0.4,17766.26,50.0,50.0,17766.26,0.59,70.0,0.62,863.97,0.58,86.75,0.63,287.99,0.57,141.0,0.64,498.0,0.56,263.09,0.65,642.69,0.55,388.0,0.66,404.0,0.38,933.97,0.41,70.0,0.37,287.99,0.42,86.75,0.36,498.0,0.43,141.0,0.35,642.69,0.44,263.09,0.34,404.0,0.45,388.0
2026-01-07 08:04:48.657000+00:00,2026-01-07 08:04:46.131007+00:00,288.657,0.605,0.6,0.61,0.395,0.39,0.4,17826.01,15.0,15.0,17808.01,0.59,192.0,0.62,529.97,0.58,232.0,0.63,218.0,0.57,262.0,0.64,497.0,0.56,633.09,0.65,642.69,0.55,375.0,0.66,548.0,0.38,346.97,0.41,253.0,0.37,105.0,0.42,293.0,0.36,193.0,0.43,262.0,0.35,363.68,0.44,690.09,0.34,328.0,0.45,319.0
2026-01-07 08:04:49.704000+00:00,2026-01-07 08:04:47.154735+00:00,289.704,0.615,0.61,0.62,0.365,0.35,0.38,494.0,313.95,188.69,17.54,0.6,18020.82,0.65,188.69,0.59,399.0,0.66,224.0,0.58,469.0,0.67,76.0,0.57,311.0,0.68,165.0,0.56,431.09,0.69,258.0,0.34,224.0,0.39,494.0,0.33,76.0,0.4,18020.82,0.32,165.0,0.41,469.0,0.31,258.0,0.42,469.0,0.3,258.0,0.43,381.0
2026-01-07 08:04:50.641000+00:00,2026-01-07 08:04:48.162423+00:00,290.641,0.645,0.64,0.65,0.355,0.35,0.36,311.02,173.69,173.69,311.02,0.63,374.0,0.66,224.0,0.62,234.54,0.67,129.97,0.61,533.0,0.68,65.0,0.6,18030.82,0.69,104.99,0.59,349.0,0.7,40.0,0.34,224.0,0.37,374.0,0.33,129.97,0.38,234.54,0.32,65.0,0.39,533.0,0.31,104.99,0.4,18030.82,0.3,40.0,0.41,349.0
2026-01-07 08:04:51.735000+00:00,2026-01-07 08:04:49.183784+00:00,291.735,0.645,0.64,0.65,0.355,0.35,0.36,276.02,168.95,152.1,270.15,0.63,399.0,0.66,248.2,0.62,234.54,0.67,139.97,0.61,533.0,0.68,59.99,0.6,18030.82,0.69,79.99,0.59,349.0,0.7,40.0,0.34,278.2,0.37,389.0,0.33,129.97,0.38,264.54,0.32,59.99,0.39,533.0,0.31,79.99,0.4,18030.82,0.3,40.0,0.41,349.0
2026-01-07 08:04:52.714000+00:00,2026-01-07 08:04:50.194118+00:00,292.714,0.645,0.64,0.65,0.355,0.35,0.36,96.0,382.07,382.07,96.0,0.63,314.0,0.66,169.19,0.62,294.54,0.67,150.0,0.61,484.0,0.68,125.0,0.6,18254.82,0.69,149.99,0.59,359.0,0.7,135.0,0.34,169.19,0.37,314.0,0.33,150.0,0.38,294.54,0.32,125.0,0.39,484.0,0.31,149.99,0.4,18264.82,0.3,218.0,0.41,420.0
2026-01-07 08:04:53.715000+00:00,2026-01-07 08:04:51.199061+00:00,293.715,0.645,0.64,0.65,0.355,0.35,0.36,45.95,407.07,407.07,45.95,0.63,339.0,0.66,413.2,0.62,269.54,0.67,247.0,0.61,479.0,0.68,272.0,0.6,18328.82,0.69,271.99,0.59,384.0,0.7,378.0,0.34,423.2,0.37,339.0,0.33,247.0,0.38,269.54,0.32,272.0,0.39,489.0,0.31,271.99,0.4,18391.82,0.3,378.0,0.41,384.0
2026-01-07 08:04:54.735000+00:00,2026-01-07 08:04:52.204570+00:00,294.735,0.635,0.63,0.64,0.365,0.36,0.37,35.0,269.99,269.99,35.0,0.62,40.0,0.65,302.09,0.61,185.0,0.66,413.2,0.6,18391.82,0.67,308.0,0.59,384.0,0.68,333.0,0.58,364.0,0.69,332.99,0.35,302.09,0.38,10.0,0.34,413.2,0.39,185.0,0.33,308.0,0.4,18391.82,0.32,333.0,0.41,384.0,0.31,332.99,0.42,364.0
2026-01-07 08:04:55.713000+00:00,2026-01-07 08:04:53.212056+00:00,295.713,0.63,0.62,0.64,0.37,0.36,0.38,125.0,269.99,269.99,125.0,0.61,120.0,0.65,317.1,0.6,18303.82,0.66,423.2,0.59,445.0,0.67,343.0,0.58,384.0,0.68,333.0,0.57,212.0,0.69,332.99,0.35,317.1,0.39,120.0,0.34,423.2,0.4,18303.82,0.33,343.0,0.41,445.0,0.32,333.0,0.42,384.0,0.31,332.99,0.43,212.0
