timestamp,collected_at,seconds,mid,bid,ask,asset
2026-01-06 03:15:00+00:00,2026-01-06 03:17:09.632087+00:00,0.0,93801.83,93799.67,93806.57,BTC
2026-01-06 03:15:01+00:00,2026-01-06 03:17:10.695547+00:00,1.0,93801.99,93799.69,93806.68,BTC
2026-01-06 03:15:02+00:00,2026-01-06 03:17:11.782302+00:00,2.0,93801.97,93799.33,93806.69,BTC
2026-01-06 03:15:03+00:00,2026-01-06 03:17:12.770755+00:00,3.0,93801.98,93799.03,93806.71,BTC
2026-01-06 03:15:04+00:00,2026-01-06 03:17:13.854564+00:00,4.0,93800.63,93797.24,93805.54,BTC
2026-01-06 03:15:05+00:00,2026-01-06 03:17:14.896202+00:00,5.0,93799.26,93795.74,93804.35,BTC
2026-01-06 03:15:07+00:00,2026-01-06 03:17:16.330071+00:00,7.0,93801.86,93798.83,93806.6,BTC
2026-01-06 03:15:08+00:00,2026-01-06 03:17:17.303574+00:00,8.0,93801.86,93798.83,93806.6,BTC
2026-01-06 03:15:09+00:00,2026-01-06 03:17:18.318566+00:00,9.0,93798.62,93795.11,93803.86,BTC
2026-01-06 03:15:10+00:00,2026-01-06 03:17:19.326082+00:00,10.0,93798.62,93795.11,93803.86,BTC
2026-01-06 03:15:11+00:00,2026-01-06 03:17:20.349052+00:00,11.0,93794.88,93790.01,93799.77,BTC
2026-01-06 03:15:12+00:00,2026-01-06 03:17:21.994810+00:00,12.0,93793.26,93788.97,93798.57,BTC
2026-01-06 03:15:13+00:00,2026-01-06 03:17:23.138646+00:00,13.0,93792.46,93788.6,93796.7,BTC
2026-01-06 03:15:15+00:00,2026-01-06 03:17:24.491491+00:00,15.0,93792.44,93788.66,93796.66,BTC
2026-01-06 03:15:16+00:00,2026-01-06 03:17:25.527940+00:00,16.0,93791.04,93786.64,93793.83,BTC
2026-01-06 03:15:17+00:00,2026-01-06 03:17:26.903366+00:00,17.0,93786.91,93782.97,93791.27,BTC
2026-01-06 03:15:18+00:00,2026-01-06 03:17:27.841908+00:00,18.0,93786.82,93783.02,93791.22,BTC
2026-01-06 03:15:19+00:00,2026-01-06 03:17:28.860872+00:00,19.0,93784.02,93780.44,93786.98,BTC
2026-01-06 03:15:20+00:00,2026-01-06 03:17:29.877989+00:00,20.0,93779.02,93774.91,93780.61,BTC
2026-01-06 03:15:21+00:00,2026-01-06 03:17:30.920652+00:00,21.0,93776.83,93771.97,93778.47,BTC
2026-01-06 03:15:22+00:00,2026-01-06 03:17:32.209906+00:00,22.0,93776.8,93771.98,93778.37,BTC
2026-01-06 03:15:23+00:00,2026-01-06 03:17:33.257921+00:00,23.0,93776.77,93772.0,93778.27,BTC
2026-01-06 03:15:24+00:00,2026-01-06 03:17:34.206200+00:00,24.0,93776.34,93771.37,93778.03,BTC
2026-01-06 03:15:25+00:00,2026-01-06 03:17:35.224631+00:00,25.0,93775.95,93770.75,93777.79,BTC
2026-01-06 03:15:26+00:00,2026-01-06 03:17:36.336527+00:00,26.0,93776.65,93771.47,93779.52,BTC
2026-01-06 03:15:28+00:00,2026-01-06 03:17:37.461075+00:00,28.0,93778.73,93773.65,93781.33,BTC
2026-01-06 03:15:29+00:00,2026-01-06 03:17:38.492247+00:00,29.0,93778.57,93773.91,93780.98,BTC
2026-01-06 03:15:30+00:00,2026-01-06 03:17:39.790863+00:00,30.0,93778.58,93773.91,93780.98,BTC
2026-01-06 03:15:31+00:00,2026-01-06 03:17:40.868335+00:00,31.0,93778.85,93774.36,93780.67,BTC
2026-01-06 03:15:32+00:00,2026-01-06 03:17:41.885882+00:00,32.0,93778.86,93774.73,93780.93,BTC
2026-01-06 03:15:33+00:00,2026-01-06 03:17:42.990025+00:00,33.0,93782.73,93779.07,93785.71,BTC
2026-01-06 03:15:34+00:00,2026-01-06 03:17:44.331111+00:00,34.0,93786.54,93783.41,93790.43,BTC
2026-01-06 03:15:35+00:00,2026-01-06 03:17:45.360222+00:00,35.0,93786.73,93783.86,93790.51,BTC
2026-01-06 03:15:37+00:00,2026-01-06 03:17:46.970716+00:00,37.0,93784.29,93781.6,93788.41,BTC
2026-01-06 03:15:38+00:00,2026-01-06 03:17:47.361387+00:00,38.0,93786.37,93783.77,93790.4,BTC
2026-01-06 03:15:39+00:00,2026-01-06 03:17:48.476105+00:00,39.0,93788.45,93785.95,93792.39,BTC
2026-01-06 03:15:40+00:00,2026-01-06 03:17:49.361260+00:00,40.0,93788.63,93785.48,93792.59,BTC
2026-01-06 03:15:41+00:00,2026-01-06 03:17:51.279369+00:00,41.0,93788.87,93785.01,93792.89,BTC
2026-01-06 03:15:42+00:00,2026-01-06 03:17:52.258388+00:00,42.0,93791.34,93788.45,93795.55,BTC
2026-01-06 03:15:43+00:00,2026-01-06 03:17:53.424038+00:00,43.0,93795.83,93792.63,93800.39,BTC
2026-01-06 03:15:44+00:00,2026-01-06 03:17:55.015108+00:00,44.0,93800.66,93796.91,93805.32,BTC
2026-01-06 03:15:45+00:00,2026-01-06 03:17:55.656708+00:00,45.0,93802.96,93799.38,93807.3,BTC
2026-01-06 03:15:46+00:00,2026-01-06 03:17:56.466191+00:00,46.0,93805.52,93802.93,93809.68,BTC
2026-01-06 03:15:47+00:00,2026-01-06 03:17:57.535466+00:00,47.0,93806.14,93804.1,93810.18,BTC
2026-01-06 03:15:48+00:00,2026-01-06 03:17:58.554625+00:00,48.0,93806.45,93803.48,93810.67,BTC
2026-01-06 03:15:49+00:00,2026-01-06 03:17:59.771565+00:00,49.0,93804.61,93800.6,93808.98,BTC
2026-01-06 03:15:50+00:00,2026-01-06 03:18:00.708304+00:00,50.0,93805.15,93801.17,93809.33,BTC
2026-01-06 03:15:51+00:00,2026-01-06 03:18:01.868015+00:00,51.0,93806.72,93802.78,93810.89,BTC
2026-01-06 03:15:52+00:00,2026-01-06 03:18:02.933977+00:00,52.0,93804.46,93800.36,93808.92,BTC
2026-01-06 03:15:53+00:00,2026-01-06 03:18:03.958703+00:00,53.0,93805.67,93801.5,93810.07,BTC
2026-01-06 03:15:54+00:00,2026-01-06 03:18:04.973633+00:00,54.0,93807.48,93803.22,93811.79,BTC
2026-01-06 03:15:55+00:00,2026-01-06 03:18:06.050397+00:00,55.0,93807.38,93803.0,93811.77,BTC
2026-01-06 03:15:56+00:00,2026-01-06 03:18:07.255916+00:00,56.0,93807.83,93803.5,93812.18,BTC
2026-01-06 03:15:57+00:00,2026-01-06 03:18:08.203587+00:00,57.0,93805.26,93800.91,93809.62,BTC
2026-01-06 03:15:59+00:00,2026-01-06 03:18:09.152601+00:00,59.0,93808.81,93804.4,93813.23,BTC
2026-01-06 03:16:00+00:00,2026-01-06 03:18:10.254597+00:00,60.0,93808.9,93804.88,93813.27,BTC
2026-01-06 03:16:01+00:00,2026-01-06 03:18:11.672055+00:00,61.0,93810.44,93806.45,93814.47,BTC
2026-01-06 03:16:02+00:00,2026-01-06 03:18:11.910299+00:00,62.0,93810.0,93806.29,93814.32,BTC
2026-01-06 03:16:03+00:00,2026-01-06 03:18:13.989783+00:00,63.0,93811.48,93807.74,93815.91,BTC
2026-01-06 03:16:04+00:00,2026-01-06 03:18:14.851254+00:00,64.0,93813.23,93809.38,93817.67,BTC
2026-01-06 03:16:05+00:00,2026-01-06 03:18:15.954058+00:00,65.0,93815.73,93811.68,93820.13,BTC
2026-01-06 03:16:06+00:00,2026-01-06 03:18:16.983374+00:00,66.0,93816.53,93812.33,93821.03,BTC
2026-01-06 03:16:07+00:00,2026-01-06 03:18:18.071778+00:00,67.0,93816.61,93812.21,93821.31,BTC
2026-01-06 03:16:09+00:00,2026-01-06 03:18:19.008310+00:00,69.0,93816.71,93811.94,93821.49,BTC
2026-01-06 03:16:10+00:00,2026-01-06 03:18:20.221905+00:00,70.0,93817.13,93812.51,93821.88,BTC
2026-01-06 03:16:11+00:00,2026-01-06 03:18:21.448571+00:00,71.0,93817.05,93812.29,93822.0,BTC
2026-01-06 03:16:12+00:00,2026-01-06 03:18:22.447466+00:00,72.0,93817.49,93812.8,93822.36,BTC
2026-01-06 03:16:13+00:00,2026-01-06 03:18:23.570059+00:00,73.0,93818.17,93813.56,93823.07,BTC
2026-01-06 03:16:14+00:00,2026-01-06 03:18:24.540876+00:00,74.0,93818.49,93814.16,93823.35,BTC
2026-01-06 03:16:15+00:00,2026-01-06 03:18:25.487645+00:00,75.0,93818.09,93813.73,93822.92,BTC
2026-01-06 03:16:16+00:00,2026-01-06 03:18:26.489253+00:00,76.0,93817.69,93813.29,93822.49,BTC
2026-01-06 03:16:17+00:00,2026-01-06 03:18:27.506288+00:00,77.0,93806.85,93801.26,93808.41,BTC
2026-01-06 03:16:18+00:00,2026-01-06 03:18:28.865219+00:00,78.0,93801.72,93797.24,93805.61,BTC
2026-01-06 03:16:19+00:00,2026-01-06 03:18:29.943036+00:00,79.0,93798.21,93793.42,93803.03,BTC
2026-01-06 03:16:20+00:00,2026-01-06 03:18:30.943170+00:00,80.0,93798.24,93793.17,93802.17,BTC
2026-01-06 03:16:21+00:00,2026-01-06 03:18:31.975909+00:00,81.0,93798.02,93792.81,93801.28,BTC
2026-01-06 03:16:22+00:00,2026-01-06 03:18:32.941572+00:00,82.0,93797.77,93792.9,93801.56,BTC
2026-01-06 03:16:23+00:00,2026-01-06 03:18:33.941191+00:00,83.0,93797.67,93792.76,93801.45,BTC
2026-01-06 03:16:24+00:00,2026-01-06 03:18:34.970874+00:00,84.0,93797.57,93792.41,93801.03,BTC
2026-01-06 03:16:25+00:00,2026-01-06 03:18:36.025293+00:00,85.0,93797.73,93792.56,93801.09,BTC
2026-01-06 03:16:26+00:00,2026-01-06 03:18:37.003746+00:00,86.0,93795.72,93790.54,93799.06,BTC
2026-01-06 03:16:27+00:00,2026-01-06 03:18:38.008012+00:00,87.0,93793.54,93788.37,93796.97,BTC
2026-01-06 03:16:28+00:00,2026-01-06 03:18:39.024447+00:00,88.0,93795.73,93790.72,93799.07,BTC
2026-01-06 03:16:29+00:00,2026-01-06 03:18:40.057507+00:00,89.0,93797.42,93792.46,93801.16,BTC
2026-01-06 03:16:30+00:00,2026-01-06 03:18:41.077373+00:00,90.0,93797.38,93792.37,93801.08,BTC
2026-01-06 03:16:31+00:00,2026-01-06 03:18:42.196031+00:00,91.0,93796.05,93790.96,93799.19,BTC
2026-01-06 03:16:33+00:00,2026-01-06 03:18:43.631556+00:00,93.0,93797.8,93792.59,93800.87,BTC
2026-01-06 03:16:34+00:00,2026-01-06 03:18:44.596561+00:00,94.0,93797.19,93792.27,93800.23,BTC
2026-01-06 03:16:35+00:00,2026-01-06 03:18:45.613901+00:00,95.0,93797.19,93792.27,93800.23,BTC
2026-01-06 03:16:36+00:00,2026-01-06 03:18:46.619829+00:00,96.0,93797.14,93792.54,93801.25,BTC
2026-01-06 03:16:37+00:00,2026-01-06 03:18:48.656766+00:00,97.0,93788.24,93783.53,93791.0,BTC
2026-01-06 03:16:39+00:00,2026-01-06 03:18:49.775563+00:00,99.0,93787.6,93783.24,93789.83,BTC
2026-01-06 03:16:40+00:00,2026-01-06 03:18:50.847598+00:00,100.0,93787.17,93783.04,93789.05,BTC
2026-01-06 03:16:41+00:00,2026-01-06 03:18:51.855105+00:00,101.0,93787.15,93783.0,93789.05,BTC
2026-01-06 03:16:42+00:00,2026-01-06 03:18:53.182958+00:00,102.0,93784.1,93779.47,93786.12,BTC
2026-01-06 03:16:43+00:00,2026-01-06 03:18:54.235550+00:00,103.0,93783.13,93778.09,93786.58,BTC
2026-01-06 03:16:44+00:00,2026-01-06 03:18:55.217774+00:00,104.0,93783.07,93778.04,93787.87,BTC
2026-01-06 03:16:45+00:00,2026-01-06 03:18:56.746966+00:00,105.0,93783.02,93777.96,93787.98,BTC
2026-01-06 03:16:46+00:00,2026-01-06 03:18:57.607593+00:00,106.0,93782.99,93777.88,93788.08,BTC
2026-01-06 03:16:47+00:00,2026-01-06 03:18:58.664650+00:00,107.0,93783.01,93777.98,93788.07,BTC
2026-01-06 03:16:49+00:00,2026-01-06 03:19:00.002849+00:00,109.0,93783.02,93778.07,93788.06,BTC
2026-01-06 03:16:50+00:00,2026-01-06 03:19:01.036917+00:00,110.0,93781.92,93776.17,93785.79,BTC
2026-01-06 03:16:51+00:00,2026-01-06 03:19:02.229933+00:00,111.0,93781.92,93776.17,93785.79,BTC
2026-01-06 03:16:52+00:00,2026-01-06 03:19:03.057205+00:00,112.0,93782.97,93777.96,93787.99,BTC
2026-01-06 03:16:53+00:00,2026-01-06 03:19:04.130343+00:00,113.0,93782.91,93777.88,93787.99,BTC
2026-01-06 03:16:54+00:00,2026-01-06 03:19:05.582915+00:00,114.0,93782.75,93777.55,93787.25,BTC
2026-01-06 03:16:55+00:00,2026-01-06 03:19:06.597101+00:00,115.0,93782.74,93777.7,93787.57,BTC
2026-01-06 03:16:56+00:00,2026-01-06 03:19:07.571208+00:00,116.0,93782.69,93777.62,93787.15,BTC
2026-01-06 03:16:57+00:00,2026-01-06 03:19:08.570421+00:00,117.0,93782.77,93777.63,93787.32,BTC
2026-01-06 03:16:58+00:00,2026-01-06 03:19:09.648033+00:00,118.0,93782.95,93777.94,93788.13,BTC
2026-01-06 03:16:59+00:00,2026-01-06 03:19:10.737973+00:00,119.0,93782.83,93777.87,93787.96,BTC
2026-01-06 03:17:00+00:00,2026-01-06 03:19:11.770460+00:00,120.0,93782.65,93777.75,93787.55,BTC
2026-01-06 03:17:02+00:00,2026-01-06 03:19:13.168426+00:00,122.0,93791.06,93786.25,93795.87,BTC
2026-01-06 03:17:03+00:00,2026-01-06 03:19:14.213501+00:00,123.0,93791.78,93787.62,93795.93,BTC
2026-01-06 03:17:04+00:00,2026-01-06 03:19:15.221051+00:00,124.0,93791.78,93787.62,93795.93,BTC
2026-01-06 03:17:05+00:00,2026-01-06 03:19:16.276159+00:00,125.0,93793.46,93789.61,93797.31,BTC
2026-01-06 03:17:06+00:00,2026-01-06 03:19:17.354925+00:00,126.0,93793.56,93789.82,93797.3,BTC
2026-01-06 03:17:07+00:00,2026-01-06 03:19:18.687349+00:00,127.0,93793.47,93789.46,93797.26,BTC
2026-01-06 03:17:08+00:00,2026-01-06 03:19:19.940201+00:00,128.0,93793.58,93789.58,93797.36,BTC
2026-01-06 03:17:10+00:00,2026-01-06 03:19:21.125163+00:00,130.0,93793.54,93789.58,93797.41,BTC
2026-01-06 03:17:11+00:00,2026-01-06 03:19:22.296251+00:00,131.0,93793.33,93789.51,93797.15,BTC
2026-01-06 03:17:12+00:00,2026-01-06 03:19:23.280250+00:00,132.0,93786.22,93779.6,93792.3,BTC
2026-01-06 03:17:13+00:00,2026-01-06 03:19:24.296001+00:00,133.0,93788.82,93784.55,93793.08,BTC
2026-01-06 03:17:14+00:00,2026-01-06 03:19:25.672065+00:00,134.0,93793.4,93789.52,93797.22,BTC
2026-01-06 03:17:15+00:00,2026-01-06 03:19:26.854396+00:00,135.0,93793.35,93789.59,93797.12,BTC
2026-01-06 03:17:16+00:00,2026-01-06 03:19:27.810816+00:00,136.0,93793.36,93789.6,93797.11,BTC
2026-01-06 03:17:18+00:00,2026-01-06 03:19:29.016798+00:00,138.0,93793.26,93788.85,93797.4,BTC
2026-01-06 03:17:19+00:00,2026-01-06 03:19:30.003211+00:00,139.0,93793.38,93788.97,93797.38,BTC
2026-01-06 03:17:20+00:00,2026-01-06 03:19:31.005469+00:00,140.0,93793.5,93789.63,93797.37,BTC
2026-01-06 03:17:21+00:00,2026-01-06 03:19:32.116054+00:00,141.0,93793.36,93789.61,93797.11,BTC
2026-01-06 03:17:22+00:00,2026-01-06 03:19:33.303914+00:00,142.0,93793.51,93789.64,93797.37,BTC
2026-01-06 03:17:23+00:00,2026-01-06 03:19:34.338910+00:00,143.0,93784.27,93780.91,93788.62,BTC
2026-01-06 03:17:24+00:00,2026-01-06 03:19:35.441665+00:00,144.0,93784.27,93780.55,93788.62,BTC
2026-01-06 03:17:25+00:00,2026-01-06 03:19:36.439734+00:00,145.0,93793.66,93789.77,93797.55,BTC
2026-01-06 03:17:26+00:00,2026-01-06 03:19:37.454483+00:00,146.0,93792.71,93788.6,93796.84,BTC
2026-01-06 03:17:27+00:00,2026-01-06 03:19:38.465897+00:00,147.0,93793.11,93789.34,93796.89,BTC
2026-01-06 03:17:28+00:00,2026-01-06 03:19:39.477829+00:00,148.0,93793.11,93789.34,93796.89,BTC
2026-01-06 03:17:29+00:00,2026-01-06 03:19:40.495480+00:00,149.0,93793.21,93789.34,93797.07,BTC
2026-01-06 03:17:30+00:00,2026-01-06 03:19:41.877291+00:00,150.0,93793.21,93789.34,93797.07,BTC
2026-01-06 03:17:31+00:00,2026-01-06 03:19:42.790556+00:00,151.0,93793.21,93789.34,93797.07,BTC
2026-01-06 03:17:32+00:00,2026-01-06 03:19:43.838106+00:00,152.0,93788.2,93783.53,93791.64,BTC
2026-01-06 03:17:33+00:00,2026-01-06 03:19:44.858685+00:00,153.0,93788.12,93783.51,93791.55,BTC
2026-01-06 03:17:34+00:00,2026-01-06 03:19:45.887334+00:00,154.0,93788.15,93783.66,93791.36,BTC
2026-01-06 03:17:35+00:00,2026-01-06 03:19:46.949763+00:00,155.0,93788.28,93783.87,93791.6,BTC
2026-01-06 03:17:36+00:00,2026-01-06 03:19:48.284775+00:00,156.0,93788.2,93783.6,93791.37,BTC
2026-01-06 03:17:38+00:00,2026-01-06 03:19:49.748596+00:00,158.0,93787.79,93783.15,93790.93,BTC
2026-01-06 03:17:39+00:00,2026-01-06 03:19:50.801624+00:00,159.0,93786.06,93781.42,93789.26,BTC
2026-01-06 03:17:40+00:00,2026-01-06 03:19:51.804894+00:00,160.0,93783.39,93778.82,93786.43,BTC
2026-01-06 03:17:41+00:00,2026-01-06 03:19:52.859545+00:00,161.0,93786.88,93782.26,93790.02,BTC
2026-01-06 03:17:42+00:00,2026-01-06 03:19:54.348041+00:00,162.0,93786.57,93781.92,93789.79,BTC
2026-01-06 03:17:43+00:00,2026-01-06 03:19:55.185436+00:00,163.0,93786.83,93781.72,93790.32,BTC
2026-01-06 03:17:44+00:00,2026-01-06 03:19:56.042364+00:00,164.0,93786.89,93782.3,93790.09,BTC
2026-01-06 03:17:45+00:00,2026-01-06 03:19:57.063333+00:00,165.0,93783.15,93778.53,93786.37,BTC
2026-01-06 03:17:46+00:00,2026-01-06 03:19:58.206897+00:00,166.0,93785.8,93781.17,93789.02,BTC
2026-01-06 03:17:47+00:00,2026-01-06 03:19:59.149628+00:00,167.0,93785.76,93781.1,93789.05,BTC
2026-01-06 03:17:48+00:00,2026-01-06 03:20:00.385487+00:00,168.0,93785.2,93780.57,93788.47,BTC
2026-01-06 03:17:49+00:00,2026-01-06 03:20:01.671323+00:00,169.0,93786.61,93781.92,93789.92,BTC
2026-01-06 03:17:51+00:00,2026-01-06 03:20:02.809662+00:00,171.0,93783.83,93779.19,93787.03,BTC
2026-01-06 03:17:52+00:00,2026-01-06 03:20:04.165409+00:00,172.0,93787.31,93782.58,93790.65,BTC
2026-01-06 03:17:53+00:00,2026-01-06 03:20:05.236380+00:00,173.0,93785.81,93781.14,93789.19,BTC
2026-01-06 03:17:54+00:00,2026-01-06 03:20:06.229120+00:00,174.0,93787.18,93782.64,93790.78,BTC
2026-01-06 03:17:55+00:00,2026-01-06 03:20:07.664422+00:00,175.0,93788.04,93783.59,93791.45,BTC
2026-01-06 03:17:56+00:00,2026-01-06 03:20:08.360179+00:00,176.0,93788.22,93783.86,93791.41,BTC
2026-01-06 03:17:57+00:00,2026-01-06 03:20:09.370483+00:00,177.0,93787.53,93783.15,93790.63,BTC
2026-01-06 03:17:58+00:00,2026-01-06 03:20:10.394091+00:00,178.0,93786.58,93781.93,93789.57,BTC
2026-01-06 03:17:59+00:00,2026-01-06 03:20:11.402138+00:00,179.0,93785.19,93780.5,93788.18,BTC
2026-01-06 03:18:00+00:00,2026-01-06 03:20:12.401818+00:00,180.0,93785.45,93780.76,93788.42,BTC
2026-01-06 03:18:01+00:00,2026-01-06 03:20:13.730831+00:00,181.0,93786.05,93781.23,93789.99,BTC
2026-01-06 03:18:02+00:00,2026-01-06 03:20:14.781829+00:00,182.0,93787.04,93782.28,93791.79,BTC
2026-01-06 03:18:03+00:00,2026-01-06 03:20:15.826243+00:00,183.0,93789.49,93784.96,93793.99,BTC
2026-01-06 03:18:04+00:00,2026-01-06 03:20:16.822958+00:00,184.0,93789.79,93785.32,93794.24,BTC
2026-01-06 03:18:05+00:00,2026-01-06 03:20:17.879106+00:00,185.0,93789.7,93785.32,93794.06,BTC
2026-01-06 03:18:06+00:00,2026-01-06 03:20:18.994269+00:00,186.0,93790.04,93785.8,93794.26,BTC
2026-01-06 03:18:07+00:00,2026-01-06 03:20:19.534572+00:00,187.0,93790.08,93785.77,93794.27,BTC
2026-01-06 03:18:08+00:00,2026-01-06 03:20:20.534946+00:00,188.0,93790.07,93785.62,93794.14,BTC
2026-01-06 03:18:09+00:00,2026-01-06 03:20:21.546911+00:00,189.0,93790.05,93785.55,93794.11,BTC
2026-01-06 03:18:10+00:00,2026-01-06 03:20:22.952412+00:00,190.0,93790.06,93785.54,93794.24,BTC
2026-01-06 03:18:11+00:00,2026-01-06 03:20:24.274159+00:00,191.0,93790.03,93785.61,93794.26,BTC
2026-01-06 03:18:12+00:00,2026-01-06 03:20:25.250754+00:00,192.0,93790.02,93785.73,93794.25,BTC
2026-01-06 03:18:14+00:00,2026-01-06 03:20:26.253904+00:00,194.0,93789.1,93784.26,93793.95,BTC
2026-01-06 03:18:15+00:00,2026-01-06 03:20:27.288892+00:00,195.0,93786.07,93781.34,93790.8,BTC
2026-01-06 03:18:16+00:00,2026-01-06 03:20:28.310559+00:00,196.0,93785.43,93780.88,93789.99,BTC
2026-01-06 03:18:17+00:00,2026-01-06 03:20:29.421233+00:00,197.0,93785.43,93780.88,93789.99,BTC
2026-01-06 03:18:18+00:00,2026-01-06 03:20:30.324241+00:00,198.0,93789.86,93785.26,93794.46,BTC
2026-01-06 03:18:19+00:00,2026-01-06 03:20:31.457049+00:00,199.0,93789.75,93785.2,93794.3,BTC
2026-01-06 03:18:20+00:00,2026-01-06 03:20:32.460191+00:00,200.0,93789.95,93785.35,93794.58,BTC
2026-01-06 03:18:21+00:00,2026-01-06 03:20:33.398935+00:00,201.0,93793.6,93789.46,93797.74,BTC
2026-01-06 03:18:22+00:00,2026-01-06 03:20:34.415651+00:00,202.0,93793.6,93789.46,93797.74,BTC
2026-01-06 03:18:23+00:00,2026-01-06 03:20:35.444991+00:00,203.0,93795.53,93790.93,93800.13,BTC
2026-01-06 03:18:24+00:00,2026-01-06 03:20:36.583186+00:00,204.0,93799.28,93795.2,93803.36,BTC
2026-01-06 03:18:26+00:00,2026-01-06 03:20:37.864144+00:00,206.0,93803.03,93799.45,93806.59,BTC
2026-01-06 03:18:27+00:00,2026-01-06 03:20:38.882449+00:00,207.0,93798.37,93794.38,93802.37,BTC
2026-01-06 03:18:28+00:00,2026-01-06 03:20:39.890440+00:00,208.0,93798.27,93794.27,93802.27,BTC
2026-01-06 03:18:29+00:00,2026-01-06 03:20:40.877613+00:00,209.0,93802.54,93798.49,93806.53,BTC
2026-01-06 03:18:30+00:00,2026-01-06 03:20:41.882353+00:00,210.0,93802.84,93799.27,93806.4,BTC
2026-01-06 03:18:31+00:00,2026-01-06 03:20:42.882444+00:00,211.0,93802.83,93799.07,93806.39,BTC
2026-01-06 03:18:32+00:00,2026-01-06 03:20:43.896936+00:00,212.0,93802.77,93799.07,93806.38,BTC
2026-01-06 03:18:33+00:00,2026-01-06 03:20:45.297763+00:00,213.0,93802.76,93799.14,93806.37,BTC
2026-01-06 03:18:34+00:00,2026-01-06 03:20:46.799976+00:00,214.0,93800.22,93796.14,93804.3,BTC
2026-01-06 03:18:35+00:00,2026-01-06 03:20:47.295013+00:00,215.0,93798.16,93794.09,93802.24,BTC
2026-01-06 03:18:36+00:00,2026-01-06 03:20:48.332196+00:00,216.0,93798.9,93794.75,93803.05,BTC
2026-01-06 03:18:37+00:00,2026-01-06 03:20:49.334399+00:00,217.0,93798.69,93794.66,93802.72,BTC
2026-01-06 03:18:38+00:00,2026-01-06 03:20:50.393341+00:00,218.0,93802.87,93799.22,93806.5,BTC
2026-01-06 03:18:39+00:00,2026-01-06 03:20:51.695419+00:00,219.0,93802.84,93799.22,93806.46,BTC
2026-01-06 03:18:40+00:00,2026-01-06 03:20:52.943529+00:00,220.0,93802.85,93799.22,93806.47,BTC
2026-01-06 03:18:41+00:00,2026-01-06 03:20:54.384597+00:00,221.0,93802.85,93799.22,93806.47,BTC
2026-01-06 03:18:42+00:00,2026-01-06 03:20:54.999311+00:00,222.0,93802.85,93799.23,93806.46,BTC
2026-01-06 03:18:43+00:00,2026-01-06 03:20:56.001229+00:00,223.0,93802.88,93799.31,93806.46,BTC
2026-01-06 03:18:44+00:00,2026-01-06 03:20:57.005709+00:00,224.0,93803.22,93799.49,93806.95,BTC
2026-01-06 03:18:45+00:00,2026-01-06 03:20:58.022204+00:00,225.0,93803.23,93799.49,93806.95,BTC
2026-01-06 03:18:46+00:00,2026-01-06 03:20:59.062365+00:00,226.0,93802.97,93798.85,93806.9,BTC
2026-01-06 03:18:47+00:00,2026-01-06 03:21:00.432384+00:00,227.0,93802.54,93798.41,93806.63,BTC
2026-01-06 03:18:48+00:00,2026-01-06 03:21:01.700427+00:00,228.0,93802.37,93798.23,93806.45,BTC
2026-01-06 03:18:49+00:00,2026-01-06 03:21:02.459613+00:00,229.0,93802.15,93798.09,93806.18,BTC
2026-01-06 03:18:51+00:00,2026-01-06 03:21:03.534296+00:00,231.0,93801.7,93797.71,93805.72,BTC
2026-01-06 03:18:52+00:00,2026-01-06 03:21:04.645950+00:00,232.0,93802.17,93798.12,93806.22,BTC
2026-01-06 03:18:53+00:00,2026-01-06 03:21:05.853164+00:00,233.0,93802.12,93798.02,93805.98,BTC
2026-01-06 03:18:54+00:00,2026-01-06 03:21:07.533482+00:00,234.0,93801.95,93797.84,93805.83,BTC
2026-01-06 03:18:55+00:00,2026-01-06 03:21:08.554861+00:00,235.0,93801.53,93797.44,93805.62,BTC
2026-01-06 03:18:56+00:00,2026-01-06 03:21:09.696026+00:00,236.0,93802.17,93798.11,93806.03,BTC
2026-01-06 03:18:58+00:00,2026-01-06 03:21:10.696699+00:00,238.0,93802.62,93798.53,93806.71,BTC
2026-01-06 03:18:59+00:00,2026-01-06 03:21:11.885303+00:00,239.0,93802.66,93798.83,93806.3,BTC
2026-01-06 03:19:00+00:00,2026-01-06 03:21:13.084217+00:00,240.0,93796.93,93792.86,93801.57,BTC
2026-01-06 03:19:01+00:00,2026-01-06 03:21:14.064177+00:00,241.0,93796.68,93792.6,93800.76,BTC
2026-01-06 03:19:02+00:00,2026-01-06 03:21:15.080969+00:00,242.0,93797.78,93794.23,93801.32,BTC
2026-01-06 03:19:03+00:00,2026-01-06 03:21:16.082426+00:00,243.0,93794.07,93787.31,93795.51,BTC
2026-01-06 03:19:04+00:00,2026-01-06 03:21:17.459391+00:00,244.0,93790.73,93785.45,93795.27,BTC
2026-01-06 03:19:05+00:00,2026-01-06 03:21:18.436158+00:00,245.0,93789.79,93784.62,93794.45,BTC
2026-01-06 03:19:06+00:00,2026-01-06 03:21:19.451117+00:00,246.0,93788.8,93783.42,93792.1,BTC
2026-01-06 03:19:07+00:00,2026-01-06 03:21:20.543682+00:00,247.0,93790.11,93784.63,93793.9,BTC
2026-01-06 03:19:08+00:00,2026-01-06 03:21:21.471369+00:00,248.0,93791.58,93786.28,93796.57,BTC
2026-01-06 03:19:09+00:00,2026-01-06 03:21:22.471736+00:00,249.0,93791.9,93787.0,93796.48,BTC
2026-01-06 03:19:10+00:00,2026-01-06 03:21:23.525572+00:00,250.0,93791.23,93786.32,93795.8,BTC
2026-01-06 03:19:11+00:00,2026-01-06 03:21:24.527479+00:00,251.0,93790.34,93785.09,93794.84,BTC
2026-01-06 03:19:12+00:00,2026-01-06 03:21:25.679905+00:00,252.0,93790.55,93785.24,93795.02,BTC
2026-01-06 03:19:13+00:00,2026-01-06 03:21:26.779822+00:00,253.0,93791.8,93787.13,93796.05,BTC
2026-01-06 03:19:14+00:00,2026-01-06 03:21:27.670864+00:00,254.0,93792.68,93788.63,93796.72,BTC
2026-01-06 03:19:16+00:00,2026-01-06 03:21:28.817744+00:00,256.0,93792.22,93787.77,93796.63,BTC
2026-01-06 03:19:17+00:00,2026-01-06 03:21:29.775888+00:00,257.0,93795.17,93790.48,93799.57,BTC
2026-01-06 03:19:18+00:00,2026-01-06 03:21:30.800188+00:00,258.0,93791.65,93787.04,93796.3,BTC
2026-01-06 03:19:19+00:00,2026-01-06 03:21:31.851078+00:00,259.0,93791.65,93787.04,93796.3,BTC
2026-01-06 03:19:20+00:00,2026-01-06 03:21:33.207321+00:00,260.0,93791.63,93787.1,93796.17,BTC
2026-01-06 03:19:21+00:00,2026-01-06 03:21:34.203333+00:00,261.0,93795.54,93791.5,93799.58,BTC
2026-01-06 03:19:22+00:00,2026-01-06 03:21:35.265824+00:00,262.0,93795.56,93791.49,93799.66,BTC
2026-01-06 03:19:23+00:00,2026-01-06 03:21:37.280726+00:00,263.0,93791.71,93787.1,93796.31,BTC
2026-01-06 03:19:24+00:00,2026-01-06 03:21:38.267320+00:00,264.0,93793.65,93789.3,93798.01,BTC
2026-01-06 03:19:25+00:00,2026-01-06 03:21:39.334475+00:00,265.0,93795.67,93791.57,93799.87,BTC
2026-01-06 03:19:26+00:00,2026-01-06 03:21:40.384464+00:00,266.0,93797.93,93794.06,93801.91,BTC
2026-01-06 03:19:27+00:00,2026-01-06 03:21:41.386818+00:00,267.0,93800.14,93796.5,93803.8,BTC
2026-01-06 03:19:28+00:00,2026-01-06 03:21:42.711033+00:00,268.0,93800.16,93796.52,93803.81,BTC
2026-01-06 03:19:29+00:00,2026-01-06 03:21:43.033850+00:00,269.0,93800.2,93796.59,93803.81,BTC
2026-01-06 03:19:30+00:00,2026-01-06 03:21:44.030248+00:00,270.0,93800.25,93796.66,93803.84,BTC
2026-01-06 03:19:31+00:00,2026-01-06 03:21:45.028895+00:00,271.0,93800.26,93796.65,93803.87,BTC
2026-01-06 03:19:32+00:00,2026-01-06 03:21:46.483298+00:00,272.0,93798.97,93795.11,93802.83,BTC
2026-01-06 03:19:33+00:00,2026-01-06 03:21:47.881527+00:00,273.0,93798.94,93795.1,93802.79,BTC
2026-01-06 03:19:34+00:00,2026-01-06 03:21:48.647435+00:00,274.0,93800.2,93796.62,93803.79,BTC
2026-01-06 03:19:36+00:00,2026-01-06 03:21:49.637952+00:00,276.0,93795.12,93790.96,93799.28,BTC
2026-01-06 03:19:37+00:00,2026-01-06 03:21:51.224925+00:00,277.0,93799.06,93795.11,93802.95,BTC
2026-01-06 03:19:38+00:00,2026-01-06 03:21:52.175841+00:00,278.0,93800.02,93795.97,93803.9,BTC
2026-01-06 03:19:39+00:00,2026-01-06 03:21:53.182157+00:00,279.0,93802.19,93798.23,93805.78,BTC
2026-01-06 03:19:41+00:00,2026-01-06 03:21:54.498599+00:00,281.0,93799.21,93795.32,93803.1,BTC
2026-01-06 03:19:42+00:00,2026-01-06 03:21:55.489049+00:00,282.0,93802.18,93798.29,93805.71,BTC
2026-01-06 03:19:43+00:00,2026-01-06 03:21:56.879693+00:00,283.0,93799.21,93795.16,93803.27,BTC
2026-01-06 03:19:44+00:00,2026-01-06 03:21:57.713437+00:00,284.0,93802.15,93798.59,93805.7,BTC
2026-01-06 03:19:45+00:00,2026-01-06 03:21:59.030762+00:00,285.0,93802.19,93798.61,93805.8,BTC
2026-01-06 03:19:46+00:00,2026-01-06 03:22:00.125384+00:00,286.0,93799.96,93795.92,93803.99,BTC
2026-01-06 03:19:47+00:00,2026-01-06 03:22:01.668558+00:00,287.0,93801.63,93797.71,93805.36,BTC
2026-01-06 03:19:48+00:00,2026-01-06 03:22:02.961893+00:00,288.0,93804.66,93800.96,93808.17,BTC
2026-01-06 03:19:50+00:00,2026-01-06 03:22:04.075914+00:00,290.0,93804.65,93801.15,93808.15,BTC
2026-01-06 03:19:51+00:00,2026-01-06 03:22:05.380541+00:00,291.0,93804.67,93801.14,93808.19,BTC
2026-01-06 03:19:52+00:00,2026-01-06 03:22:05.793389+00:00,292.0,93804.67,93801.14,93808.19,BTC
2026-01-06 03:19:53+00:00,2026-01-06 03:22:06.788161+00:00,293.0,93804.67,93800.87,93808.19,BTC
2026-01-06 03:19:54+00:00,2026-01-06 03:22:07.799611+00:00,294.0,93799.98,93795.94,93804.03,BTC
2026-01-06 03:19:55+00:00,2026-01-06 03:22:08.836576+00:00,295.0,93803.92,93800.38,93807.36,BTC
2026-01-06 03:19:56+00:00,2026-01-06 03:22:09.853549+00:00,296.0,93803.92,93800.47,93807.35,BTC
2026-01-06 03:19:57+00:00,2026-01-06 03:22:10.860555+00:00,297.0,93804.18,93800.62,93807.73,BTC
2026-01-06 03:19:58+00:00,2026-01-06 03:22:11.865295+00:00,298.0,93804.17,93800.61,93807.73,BTC
2026-01-06 03:19:59+00:00,2026-01-06 03:22:12.948039+00:00,299.0,93804.17,93800.61,93807.73,BTC
2026-01-06 03:20:00+00:00,2026-01-06 03:22:14.003236+00:00,300.0,93804.16,93800.27,93807.72,BTC
2026-01-06 03:20:01+00:00,2026-01-06 03:22:15.127612+00:00,301.0,93804.16,93800.27,93807.72,BTC
2026-01-06 03:20:02+00:00,2026-01-06 03:22:16.311871+00:00,302.0,93804.24,93800.49,93807.82,BTC
2026-01-06 03:20:03+00:00,2026-01-06 03:22:17.387780+00:00,303.0,93801.99,93798.06,93805.75,BTC
2026-01-06 03:20:04+00:00,2026-01-06 03:22:18.382781+00:00,304.0,93803.27,93799.16,93807.29,BTC
2026-01-06 03:20:05+00:00,2026-01-06 03:22:19.410958+00:00,305.0,93807.64,93803.45,93811.77,BTC
2026-01-06 03:20:06+00:00,2026-01-06 03:22:20.397792+00:00,306.0,93809.89,93805.79,93813.81,BTC
2026-01-06 03:20:07+00:00,2026-01-06 03:22:21.418650+00:00,307.0,93813.1,93808.84,93817.14,BTC
2026-01-06 03:20:08+00:00,2026-01-06 03:22:22.605757+00:00,308.0,93815.06,93810.77,93819.21,BTC
2026-01-06 03:20:10+00:00,2026-01-06 03:22:24.202648+00:00,310.0,93811.18,93806.8,93815.56,BTC
2026-01-06 03:20:11+00:00,2026-01-06 03:22:25.113436+00:00,311.0,93815.05,93810.78,93818.97,BTC
2026-01-06 03:20:12+00:00,2026-01-06 03:22:26.073984+00:00,312.0,93815.02,93810.76,93818.88,BTC
2026-01-06 03:20:13+00:00,2026-01-06 03:22:27.113535+00:00,313.0,93815.07,93810.89,93818.96,BTC
2026-01-06 03:20:14+00:00,2026-01-06 03:22:28.113018+00:00,314.0,93812.04,93807.77,93816.3,BTC
2026-01-06 03:20:15+00:00,2026-01-06 03:22:29.592493+00:00,315.0,93813.44,93809.13,93817.63,BTC
2026-01-06 03:20:16+00:00,2026-01-06 03:22:30.593128+00:00,316.0,93814.97,93810.83,93818.98,BTC
2026-01-06 03:20:17+00:00,2026-01-06 03:22:31.620341+00:00,317.0,93813.24,93809.14,93817.32,BTC
2026-01-06 03:20:18+00:00,2026-01-06 03:22:32.791051+00:00,318.0,93811.28,93806.93,93815.61,BTC
2026-01-06 03:20:19+00:00,2026-01-06 03:22:33.853620+00:00,319.0,93813.09,93808.66,93817.34,BTC
2026-01-06 03:20:20+00:00,2026-01-06 03:22:34.828094+00:00,320.0,93814.82,93810.49,93818.87,BTC
2026-01-06 03:20:22+00:00,2026-01-06 03:22:36.163273+00:00,322.0,93814.72,93810.58,93818.78,BTC
2026-01-06 03:20:23+00:00,2026-01-06 03:22:37.215517+00:00,323.0,93814.57,93810.18,93818.72,BTC
2026-01-06 03:20:24+00:00,2026-01-06 03:22:38.389886+00:00,324.0,93814.25,93809.77,93818.71,BTC
2026-01-06 03:20:25+00:00,2026-01-06 03:22:39.491501+00:00,325.0,93814.5,93810.1,93818.69,BTC
2026-01-06 03:20:26+00:00,2026-01-06 03:22:40.408404+00:00,326.0,93810.66,93806.28,93815.04,BTC
2026-01-06 03:20:27+00:00,2026-01-06 03:22:41.366238+00:00,327.0,93809.86,93805.41,93814.1,BTC
2026-01-06 03:20:28+00:00,2026-01-06 03:22:42.444644+00:00,328.0,93808.12,93802.8,93812.5,BTC
2026-01-06 03:20:29+00:00,2026-01-06 03:22:43.794897+00:00,329.0,93792.65,93787.83,93795.12,BTC
2026-01-06 03:20:30+00:00,2026-01-06 03:22:44.835452+00:00,330.0,93789.89,93785.96,93791.13,BTC
2026-01-06 03:20:31+00:00,2026-01-06 03:22:45.896141+00:00,331.0,93787.31,93783.2,93787.98,BTC
2026-01-06 03:20:33+00:00,2026-01-06 03:22:47.236720+00:00,333.0,93786.1,93781.99,93788.9,BTC
2026-01-06 03:20:34+00:00,2026-01-06 03:22:48.178665+00:00,334.0,93786.1,93781.99,93788.37,BTC
2026-01-06 03:20:35+00:00,2026-01-06 03:22:50.190348+00:00,335.0,93785.36,93780.74,93789.31,BTC
2026-01-06 03:20:37+00:00,2026-01-06 03:22:51.326091+00:00,337.0,93783.82,93779.8,93787.85,BTC
2026-01-06 03:20:38+00:00,2026-01-06 03:22:52.413453+00:00,338.0,93783.8,93779.75,93787.62,BTC
2026-01-06 03:20:39+00:00,2026-01-06 03:22:53.642903+00:00,339.0,93782.03,93777.85,93785.32,BTC
2026-01-06 03:20:40+00:00,2026-01-06 03:22:54.620803+00:00,340.0,93780.27,93775.95,93783.03,BTC
2026-01-06 03:20:41+00:00,2026-01-06 03:22:55.668867+00:00,341.0,93783.62,93779.19,93786.36,BTC
2026-01-06 03:20:42+00:00,2026-01-06 03:22:56.793870+00:00,342.0,93783.3,93778.95,93785.98,BTC
2026-01-06 03:20:43+00:00,2026-01-06 03:22:57.807328+00:00,343.0,93783.3,93779.16,93786.21,BTC
2026-01-06 03:20:44+00:00,2026-01-06 03:22:58.817487+00:00,344.0,93784.06,93780.12,93787.38,BTC
2026-01-06 03:20:45+00:00,2026-01-06 03:22:59.954528+00:00,345.0,93783.6,93779.48,93786.63,BTC
2026-01-06 03:20:46+00:00,2026-01-06 03:23:01.028772+00:00,346.0,93783.63,93779.52,93786.72,BTC
2026-01-06 03:20:47+00:00,2026-01-06 03:23:02.093744+00:00,347.0,93784.31,93780.18,93788.04,BTC
2026-01-06 03:20:48+00:00,2026-01-06 03:23:03.121347+00:00,348.0,93786.24,93781.89,93790.36,BTC
2026-01-06 03:20:49+00:00,2026-01-06 03:23:04.147404+00:00,349.0,93787.59,93783.25,93791.92,BTC
2026-01-06 03:20:51+00:00,2026-01-06 03:23:05.285149+00:00,351.0,93787.63,93783.32,93791.92,BTC
2026-01-06 03:20:52+00:00,2026-01-06 03:23:06.303790+00:00,352.0,93788.09,93783.75,93792.39,BTC
2026-01-06 03:20:53+00:00,2026-01-06 03:23:07.386053+00:00,353.0,93788.86,93784.47,93793.24,BTC
2026-01-06 03:20:54+00:00,2026-01-06 03:23:08.393492+00:00,354.0,93785.65,93781.33,93789.98,BTC
2026-01-06 03:20:55+00:00,2026-01-06 03:23:09.411587+00:00,355.0,93784.41,93780.15,93788.34,BTC
2026-01-06 03:20:56+00:00,2026-01-06 03:23:10.413362+00:00,356.0,93784.41,93780.15,93788.34,BTC
2026-01-06 03:20:57+00:00,2026-01-06 03:23:11.448636+00:00,357.0,93785.59,93781.47,93789.75,BTC
2026-01-06 03:20:58+00:00,2026-01-06 03:23:13.858657+00:00,358.0,93785.75,93781.78,93789.65,BTC
2026-01-06 03:20:59+00:00,2026-01-06 03:23:14.657837+00:00,359.0,93785.97,93782.09,93789.78,BTC
2026-01-06 03:21:01+00:00,2026-01-06 03:23:15.744723+00:00,361.0,93784.49,93780.05,93787.94,BTC
2026-01-06 03:21:02+00:00,2026-01-06 03:23:16.767365+00:00,362.0,93784.17,93779.8,93787.94,BTC
2026-01-06 03:21:03+00:00,2026-01-06 03:23:17.883167+00:00,363.0,93787.3,93783.01,93791.4,BTC
2026-01-06 03:21:04+00:00,2026-01-06 03:23:18.988725+00:00,364.0,93787.31,93783.02,93791.41,BTC
2026-01-06 03:21:05+00:00,2026-01-06 03:23:20.303353+00:00,365.0,93787.56,93783.54,93791.46,BTC
2026-01-06 03:21:06+00:00,2026-01-06 03:23:21.662033+00:00,366.0,93787.59,93783.78,93791.4,BTC
2026-01-06 03:21:08+00:00,2026-01-06 03:23:22.800983+00:00,368.0,93787.56,93783.78,93791.34,BTC
2026-01-06 03:21:09+00:00,2026-01-06 03:23:23.761277+00:00,369.0,93787.17,93782.99,93791.35,BTC
2026-01-06 03:21:10+00:00,2026-01-06 03:23:24.772787+00:00,370.0,93787.23,93783.01,93791.42,BTC
2026-01-06 03:21:11+00:00,2026-01-06 03:23:26.161048+00:00,371.0,93791.88,93787.43,93796.32,BTC
2026-01-06 03:21:12+00:00,2026-01-06 03:23:26.918608+00:00,372.0,93789.1,93784.83,93793.36,BTC
2026-01-06 03:21:13+00:00,2026-01-06 03:23:27.889812+00:00,373.0,93789.1,93784.83,93793.36,BTC
2026-01-06 03:21:14+00:00,2026-01-06 03:23:28.902896+00:00,374.0,93790.89,93786.6,93795.16,BTC
2026-01-06 03:21:15+00:00,2026-01-06 03:23:29.878749+00:00,375.0,93791.98,93787.55,93795.69,BTC
2026-01-06 03:21:16+00:00,2026-01-06 03:23:30.893740+00:00,376.0,93791.9,93787.57,93796.24,BTC
2026-01-06 03:21:17+00:00,2026-01-06 03:23:31.927807+00:00,377.0,93791.9,93787.57,93796.24,BTC
2026-01-06 03:21:18+00:00,2026-01-06 03:23:33.167100+00:00,378.0,93791.76,93787.43,93796.09,BTC
2026-01-06 03:21:19+00:00,2026-01-06 03:23:34.185287+00:00,379.0,93791.8,93787.48,93796.13,BTC
2026-01-06 03:21:20+00:00,2026-01-06 03:23:35.451838+00:00,380.0,93791.73,93787.41,93796.04,BTC
2026-01-06 03:21:21+00:00,2026-01-06 03:23:36.209511+00:00,381.0,93791.5,93787.18,93795.82,BTC
2026-01-06 03:21:22+00:00,2026-01-06 03:23:37.203556+00:00,382.0,93789.32,93785.0,93792.83,BTC
2026-01-06 03:21:23+00:00,2026-01-06 03:23:38.341149+00:00,383.0,93786.89,93782.79,93790.97,BTC
2026-01-06 03:21:24+00:00,2026-01-06 03:23:39.822274+00:00,384.0,93786.85,93782.73,93790.13,BTC
2026-01-06 03:21:26+00:00,2026-01-06 03:23:41.577697+00:00,386.0,93786.84,93782.68,93789.28,BTC
2026-01-06 03:21:27+00:00,2026-01-06 03:23:42.602869+00:00,387.0,93786.57,93781.84,93788.57,BTC
2026-01-06 03:21:28+00:00,2026-01-06 03:23:43.609171+00:00,388.0,93786.56,93781.84,93788.57,BTC
2026-01-06 03:21:29+00:00,2026-01-06 03:23:44.692452+00:00,389.0,93786.0,93781.28,93788.27,BTC
2026-01-06 03:21:30+00:00,2026-01-06 03:23:45.837792+00:00,390.0,93785.96,93781.27,93788.22,BTC
2026-01-06 03:21:31+00:00,2026-01-06 03:23:46.995304+00:00,391.0,93786.26,93781.56,93788.82,BTC
2026-01-06 03:21:32+00:00,2026-01-06 03:23:47.989604+00:00,392.0,93786.03,93781.49,93789.51,BTC
2026-01-06 03:21:34+00:00,2026-01-06 03:23:49.282896+00:00,394.0,93785.47,93781.25,93789.71,BTC
2026-01-06 03:21:35+00:00,2026-01-06 03:23:50.258193+00:00,395.0,93785.2,93780.88,93789.53,BTC
2026-01-06 03:21:36+00:00,2026-01-06 03:23:51.256323+00:00,396.0,93785.2,93780.88,93789.53,BTC
2026-01-06 03:21:37+00:00,2026-01-06 03:23:52.290166+00:00,397.0,93785.46,93781.27,93789.67,BTC
2026-01-06 03:21:38+00:00,2026-01-06 03:23:53.387567+00:00,398.0,93785.32,93781.35,93789.43,BTC
2026-01-06 03:21:39+00:00,2026-01-06 03:23:54.528701+00:00,399.0,93785.55,93781.43,93788.85,BTC
2026-01-06 03:21:40+00:00,2026-01-06 03:23:55.568627+00:00,400.0,93785.56,93781.48,93789.02,BTC
2026-01-06 03:21:41+00:00,2026-01-06 03:23:56.615684+00:00,401.0,93785.56,93781.49,93789.49,BTC
2026-01-06 03:21:42+00:00,2026-01-06 03:23:57.733632+00:00,402.0,93784.53,93779.72,93788.84,BTC
2026-01-06 03:21:43+00:00,2026-01-06 03:23:58.813429+00:00,403.0,93783.3,93778.64,93786.0,BTC
2026-01-06 03:21:44+00:00,2026-01-06 03:23:59.933039+00:00,404.0,93781.85,93777.36,93783.01,BTC
2026-01-06 03:21:45+00:00,2026-01-06 03:24:01.274550+00:00,405.0,93773.51,93769.06,93776.29,BTC
2026-01-06 03:21:46+00:00,2026-01-06 03:24:02.209950+00:00,406.0,93765.23,93760.9,93769.56,BTC
2026-01-06 03:21:48+00:00,2026-01-06 03:24:03.573197+00:00,408.0,93764.28,93759.44,93768.6,BTC
2026-01-06 03:21:49+00:00,2026-01-06 03:24:04.584119+00:00,409.0,93765.24,93760.65,93769.65,BTC
2026-01-06 03:21:50+00:00,2026-01-06 03:24:05.589446+00:00,410.0,93764.92,93760.24,93769.3,BTC
2026-01-06 03:21:51+00:00,2026-01-06 03:24:06.725918+00:00,411.0,93764.59,93759.84,93768.95,BTC
2026-01-06 03:21:52+00:00,2026-01-06 03:24:08.507093+00:00,412.0,93764.27,93759.44,93768.6,BTC
2026-01-06 03:21:53+00:00,2026-01-06 03:24:08.961675+00:00,413.0,93762.9,93758.2,93766.14,BTC
2026-01-06 03:21:54+00:00,2026-01-06 03:24:09.948869+00:00,414.0,93757.67,93753.56,93760.38,BTC
2026-01-06 03:21:55+00:00,2026-01-06 03:24:10.909120+00:00,415.0,93752.26,93748.35,93755.98,BTC
2026-01-06 03:21:56+00:00,2026-01-06 03:24:11.908047+00:00,416.0,93751.6,93747.54,93755.73,BTC
2026-01-06 03:21:57+00:00,2026-01-06 03:24:12.918778+00:00,417.0,93751.66,93747.62,93755.74,BTC
2026-01-06 03:21:58+00:00,2026-01-06 03:24:14.020866+00:00,418.0,93751.51,93747.43,93755.6,BTC
2026-01-06 03:21:59+00:00,2026-01-06 03:24:15.018463+00:00,419.0,93751.33,93747.21,93755.1,BTC
2026-01-06 03:22:00+00:00,2026-01-06 03:24:16.263423+00:00,420.0,93752.42,93748.39,93756.12,BTC
2026-01-06 03:22:02+00:00,2026-01-06 03:24:17.443340+00:00,422.0,93755.27,93750.77,93759.91,BTC
2026-01-06 03:22:03+00:00,2026-01-06 03:24:18.406433+00:00,423.0,93756.05,93751.62,93761.13,BTC
2026-01-06 03:22:04+00:00,2026-01-06 03:24:19.424425+00:00,424.0,93755.43,93750.55,93760.31,BTC
2026-01-06 03:22:05+00:00,2026-01-06 03:24:20.449941+00:00,425.0,93759.66,93755.4,93763.92,BTC
2026-01-06 03:22:06+00:00,2026-01-06 03:24:21.457132+00:00,426.0,93756.99,93752.28,93761.7,BTC
2026-01-06 03:22:07+00:00,2026-01-06 03:24:22.491168+00:00,427.0,93756.63,93752.21,93761.05,BTC
2026-01-06 03:22:08+00:00,2026-01-06 03:24:24.562620+00:00,428.0,93759.23,93755.11,93763.34,BTC
2026-01-06 03:22:09+00:00,2026-01-06 03:24:25.556867+00:00,429.0,93759.28,93754.74,93763.65,BTC
2026-01-06 03:22:10+00:00,2026-01-06 03:24:26.609089+00:00,430.0,93757.81,93753.42,93762.32,BTC
2026-01-06 03:22:11+00:00,2026-01-06 03:24:27.709163+00:00,431.0,93756.42,93752.19,93760.81,BTC
2026-01-06 03:22:12+00:00,2026-01-06 03:24:28.807115+00:00,432.0,93756.48,93751.99,93760.63,BTC
2026-01-06 03:22:14+00:00,2026-01-06 03:24:30.457670+00:00,434.0,93756.13,93751.97,93760.23,BTC
2026-01-06 03:22:15+00:00,2026-01-06 03:24:31.506451+00:00,435.0,93756.21,93752.01,93760.38,BTC
2026-01-06 03:22:16+00:00,2026-01-06 03:24:32.489852+00:00,436.0,93756.17,93751.94,93760.38,BTC
2026-01-06 03:22:17+00:00,2026-01-06 03:24:33.538767+00:00,437.0,93756.62,93752.65,93760.59,BTC
2026-01-06 03:22:18+00:00,2026-01-06 03:24:34.591332+00:00,438.0,93756.65,93752.67,93760.59,BTC
2026-01-06 03:22:19+00:00,2026-01-06 03:24:35.768527+00:00,439.0,93756.67,93752.69,93760.59,BTC
2026-01-06 03:22:20+00:00,2026-01-06 03:24:36.671116+00:00,440.0,93756.71,93752.74,93760.62,BTC
2026-01-06 03:22:21+00:00,2026-01-06 03:24:37.885896+00:00,441.0,93756.74,93752.78,93760.68,BTC
2026-01-06 03:22:23+00:00,2026-01-06 03:24:38.809817+00:00,443.0,93756.75,93752.77,93760.71,BTC
2026-01-06 03:22:24+00:00,2026-01-06 03:24:39.820383+00:00,444.0,93756.8,93752.84,93760.75,BTC
2026-01-06 03:22:25+00:00,2026-01-06 03:24:40.868097+00:00,445.0,93756.79,93752.86,93760.82,BTC
2026-01-06 03:22:26+00:00,2026-01-06 03:24:42.220249+00:00,446.0,93756.81,93752.88,93760.82,BTC
2026-01-06 03:22:27+00:00,2026-01-06 03:24:43.321907+00:00,447.0,93756.81,93752.88,93760.73,BTC
2026-01-06 03:22:28+00:00,2026-01-06 03:24:44.252426+00:00,448.0,93756.82,93752.9,93760.73,BTC
2026-01-06 03:22:29+00:00,2026-01-06 03:24:45.298913+00:00,449.0,93756.06,93751.58,93760.43,BTC
2026-01-06 03:22:30+00:00,2026-01-06 03:24:46.249865+00:00,450.0,93756.92,93753.02,93760.82,BTC
2026-01-06 03:22:31+00:00,2026-01-06 03:24:47.706386+00:00,451.0,93756.91,93753.01,93760.82,BTC
2026-01-06 03:22:32+00:00,2026-01-06 03:24:49.238462+00:00,452.0,93756.9,93752.99,93760.81,BTC
2026-01-06 03:22:33+00:00,2026-01-06 03:24:49.695745+00:00,453.0,93756.89,93752.97,93760.8,BTC
2026-01-06 03:22:34+00:00,2026-01-06 03:24:50.722759+00:00,454.0,93756.97,93753.01,93760.93,BTC
2026-01-06 03:22:35+00:00,2026-01-06 03:24:51.709521+00:00,455.0,93756.59,93752.15,93760.72,BTC
2026-01-06 03:22:36+00:00,2026-01-06 03:24:52.713609+00:00,456.0,93756.59,93752.24,93760.75,BTC
2026-01-06 03:22:37+00:00,2026-01-06 03:24:53.901101+00:00,457.0,93756.68,93752.74,93760.61,BTC
2026-01-06 03:22:39+00:00,2026-01-06 03:24:55.349067+00:00,459.0,93756.41,93751.75,93760.51,BTC
2026-01-06 03:22:40+00:00,2026-01-06 03:24:56.788862+00:00,460.0,93755.25,93750.58,93759.93,BTC
2026-01-06 03:22:41+00:00,2026-01-06 03:24:57.366737+00:00,461.0,93756.84,93752.67,93761.01,BTC
2026-01-06 03:22:42+00:00,2026-01-06 03:24:58.337674+00:00,462.0,93756.75,93752.59,93760.94,BTC
2026-01-06 03:22:43+00:00,2026-01-06 03:24:59.355167+00:00,463.0,93756.75,93752.59,93760.91,BTC
2026-01-06 03:22:44+00:00,2026-01-06 03:25:00.378785+00:00,464.0,93756.76,93752.61,93760.91,BTC
2026-01-06 03:22:45+00:00,2026-01-06 03:25:01.395251+00:00,465.0,93756.78,93752.57,93760.99,BTC
2026-01-06 03:22:46+00:00,2026-01-06 03:25:02.459369+00:00,466.0,93756.76,93752.58,93760.95,BTC
2026-01-06 03:22:47+00:00,2026-01-06 03:25:03.868331+00:00,467.0,93756.74,93752.54,93760.95,BTC
2026-01-06 03:22:48+00:00,2026-01-06 03:25:05.168326+00:00,468.0,93756.74,93752.54,93760.94,BTC
2026-01-06 03:22:49+00:00,2026-01-06 03:25:05.917308+00:00,469.0,93756.81,93752.83,93760.78,BTC
2026-01-06 03:22:50+00:00,2026-01-06 03:25:06.982373+00:00,470.0,93756.18,93751.79,93760.14,BTC
2026-01-06 03:22:51+00:00,2026-01-06 03:25:08.150129+00:00,471.0,93756.13,93751.57,93760.19,BTC
2026-01-06 03:22:52+00:00,2026-01-06 03:25:09.200464+00:00,472.0,93756.91,93752.45,93760.95,BTC
2026-01-06 03:22:54+00:00,2026-01-06 03:25:10.369369+00:00,474.0,93756.81,93752.24,93761.02,BTC
2026-01-06 03:22:55+00:00,2026-01-06 03:25:11.350618+00:00,475.0,93757.02,93752.66,93761.03,BTC
2026-01-06 03:22:56+00:00,2026-01-06 03:25:12.327027+00:00,476.0,93756.77,93752.72,93760.82,BTC
2026-01-06 03:22:57+00:00,2026-01-06 03:25:14.337551+00:00,477.0,93756.79,93752.74,93760.83,BTC
2026-01-06 03:22:58+00:00,2026-01-06 03:25:15.440795+00:00,478.0,93756.8,93752.65,93760.93,BTC
2026-01-06 03:22:59+00:00,2026-01-06 03:25:16.430077+00:00,479.0,93756.91,93752.77,93761.03,BTC
2026-01-06 03:23:00+00:00,2026-01-06 03:25:17.652809+00:00,480.0,93756.99,93752.96,93761.01,BTC
2026-01-06 03:23:01+00:00,2026-01-06 03:25:18.675583+00:00,481.0,93757.55,93753.22,93761.81,BTC
2026-01-06 03:23:03+00:00,2026-01-06 03:25:19.747625+00:00,483.0,93756.03,93751.53,93760.57,BTC
2026-01-06 03:23:04+00:00,2026-01-06 03:25:20.755502+00:00,484.0,93758.36,93754.05,93762.68,BTC
2026-01-06 03:23:05+00:00,2026-01-06 03:25:21.772656+00:00,485.0,93757.9,93753.5,93762.3,BTC
2026-01-06 03:23:06+00:00,2026-01-06 03:25:22.880625+00:00,486.0,93758.73,93754.39,93763.02,BTC
2026-01-06 03:23:07+00:00,2026-01-06 03:25:23.932267+00:00,487.0,93758.6,93754.23,93762.97,BTC
2026-01-06 03:23:08+00:00,2026-01-06 03:25:25.249197+00:00,488.0,93758.04,93753.64,93762.35,BTC
2026-01-06 03:23:09+00:00,2026-01-06 03:25:26.185479+00:00,489.0,93757.93,93753.52,93762.35,BTC
2026-01-06 03:23:10+00:00,2026-01-06 03:25:27.240089+00:00,490.0,93756.84,93752.25,93761.31,BTC
2026-01-06 03:23:11+00:00,2026-01-06 03:25:28.271928+00:00,491.0,93756.72,93752.08,93761.26,BTC
2026-01-06 03:23:12+00:00,2026-01-06 03:25:29.281172+00:00,492.0,93758.29,93753.76,93762.81,BTC
2026-01-06 03:23:13+00:00,2026-01-06 03:25:30.283164+00:00,493.0,93758.29,93753.82,93762.76,BTC
2026-01-06 03:23:15+00:00,2026-01-06 03:25:31.802702+00:00,495.0,93758.23,93753.78,93762.72,BTC
2026-01-06 03:23:16+00:00,2026-01-06 03:25:33.243944+00:00,496.0,93758.18,93753.65,93762.71,BTC
2026-01-06 03:23:17+00:00,2026-01-06 03:25:34.349546+00:00,497.0,93758.18,93753.65,93762.71,BTC
2026-01-06 03:23:18+00:00,2026-01-06 03:25:35.295596+00:00,498.0,93752.78,93748.77,93755.46,BTC
2026-01-06 03:23:19+00:00,2026-01-06 03:25:36.452602+00:00,499.0,93750.82,93746.53,93754.47,BTC
2026-01-06 03:23:20+00:00,2026-01-06 03:25:37.316997+00:00,500.0,93750.82,93746.53,93754.47,BTC
2026-01-06 03:23:21+00:00,2026-01-06 03:25:38.604290+00:00,501.0,93749.37,93744.89,93751.2,BTC
2026-01-06 03:23:22+00:00,2026-01-06 03:25:39.636458+00:00,502.0,93749.13,93744.64,93751.06,BTC
2026-01-06 03:23:23+00:00,2026-01-06 03:25:40.778068+00:00,503.0,93750.43,93746.32,93754.21,BTC
2026-01-06 03:23:24+00:00,2026-01-06 03:25:41.834474+00:00,504.0,93749.8,93745.47,93752.7,BTC
2026-01-06 03:23:25+00:00,2026-01-06 03:25:42.891263+00:00,505.0,93748.96,93744.4,93750.97,BTC
2026-01-06 03:23:26+00:00,2026-01-06 03:25:43.912483+00:00,506.0,93748.04,93743.47,93750.09,BTC
2026-01-06 03:23:27+00:00,2026-01-06 03:25:44.914131+00:00,507.0,93748.13,93743.63,93751.34,BTC
2026-01-06 03:23:28+00:00,2026-01-06 03:25:46.023333+00:00,508.0,93748.94,93744.36,93752.85,BTC
2026-01-06 03:23:29+00:00,2026-01-06 03:25:47.049328+00:00,509.0,93748.74,93743.99,93752.22,BTC
2026-01-06 03:23:30+00:00,2026-01-06 03:25:48.037675+00:00,510.0,93748.54,93743.75,93751.97,BTC
2026-01-06 03:23:31+00:00,2026-01-06 03:25:49.070057+00:00,511.0,93748.34,93743.57,93751.76,BTC
2026-01-06 03:23:32+00:00,2026-01-06 03:25:50.103709+00:00,512.0,93748.19,93743.4,93751.61,BTC
2026-01-06 03:23:34+00:00,2026-01-06 03:25:51.319995+00:00,514.0,93748.24,93743.41,93751.69,BTC
2026-01-06 03:23:35+00:00,2026-01-06 03:25:52.372323+00:00,515.0,93748.96,93744.27,93752.23,BTC
2026-01-06 03:23:36+00:00,2026-01-06 03:25:53.539764+00:00,516.0,93747.08,93742.38,93750.34,BTC
2026-01-06 03:23:37+00:00,2026-01-06 03:25:54.556917+00:00,517.0,93746.59,93741.91,93749.14,BTC
2026-01-06 03:23:38+00:00,2026-01-06 03:25:55.585247+00:00,518.0,93743.24,93739.52,93745.33,BTC
2026-01-06 03:23:39+00:00,2026-01-06 03:25:56.601546+00:00,519.0,93742.56,93738.92,93744.48,BTC
2026-01-06 03:23:40+00:00,2026-01-06 03:25:57.807411+00:00,520.0,93741.79,93737.04,93746.12,BTC
2026-01-06 03:23:42+00:00,2026-01-06 03:25:59.622977+00:00,522.0,93743.27,93738.13,93748.4,BTC
2026-01-06 03:23:43+00:00,2026-01-06 03:26:00.684880+00:00,523.0,93743.27,93738.13,93748.4,BTC
2026-01-06 03:23:44+00:00,2026-01-06 03:26:01.662151+00:00,524.0,93754.21,93749.39,93758.71,BTC
2026-01-06 03:23:45+00:00,2026-01-06 03:26:03.791736+00:00,525.0,93750.31,93745.69,93754.94,BTC
2026-01-06 03:23:46+00:00,2026-01-06 03:26:04.702071+00:00,526.0,93752.06,93747.68,93756.46,BTC
2026-01-06 03:23:47+00:00,2026-01-06 03:26:05.397490+00:00,527.0,93753.85,93749.7,93758.0,BTC
2026-01-06 03:23:48+00:00,2026-01-06 03:26:06.433632+00:00,528.0,93753.85,93749.7,93758.0,BTC
2026-01-06 03:23:49+00:00,2026-01-06 03:26:08.168313+00:00,529.0,93752.59,93748.19,93756.99,BTC
2026-01-06 03:23:50+00:00,2026-01-06 03:26:08.798939+00:00,530.0,93751.46,93746.83,93756.1,BTC
2026-01-06 03:23:51+00:00,2026-01-06 03:26:09.794404+00:00,531.0,93751.51,93746.89,93756.13,BTC
2026-01-06 03:23:52+00:00,2026-01-06 03:26:10.771607+00:00,532.0,93752.82,93748.16,93757.24,BTC
2026-01-06 03:23:53+00:00,2026-01-06 03:26:11.887048+00:00,533.0,93754.18,93749.64,93758.39,BTC
2026-01-06 03:23:54+00:00,2026-01-06 03:26:12.766701+00:00,534.0,93754.18,93749.79,93758.35,BTC
2026-01-06 03:23:56+00:00,2026-01-06 03:26:13.952933+00:00,536.0,93754.33,93749.87,93758.52,BTC
2026-01-06 03:23:57+00:00,2026-01-06 03:26:15.185242+00:00,537.0,93754.33,93749.99,93758.54,BTC
2026-01-06 03:23:58+00:00,2026-01-06 03:26:16.032471+00:00,538.0,93754.6,93750.39,93758.81,BTC
2026-01-06 03:23:59+00:00,2026-01-06 03:26:17.036328+00:00,539.0,93754.34,93750.12,93758.56,BTC
2026-01-06 03:24:00+00:00,2026-01-06 03:26:18.120240+00:00,540.0,93754.34,93750.12,93758.56,BTC
2026-01-06 03:24:01+00:00,2026-01-06 03:26:19.086809+00:00,541.0,93770.14,93765.66,93774.13,BTC
2026-01-06 03:24:02+00:00,2026-01-06 03:26:20.606405+00:00,542.0,93769.04,93765.12,93772.94,BTC
2026-01-06 03:24:04+00:00,2026-01-06 03:26:22.063968+00:00,544.0,93761.85,93757.92,93766.41,BTC
2026-01-06 03:24:05+00:00,2026-01-06 03:26:23.129344+00:00,545.0,93762.63,93758.12,93768.13,BTC
2026-01-06 03:24:06+00:00,2026-01-06 03:26:24.122264+00:00,546.0,93765.01,93760.2,93769.83,BTC
2026-01-06 03:24:07+00:00,2026-01-06 03:26:25.190057+00:00,547.0,93764.03,93759.26,93768.81,BTC
2026-01-06 03:24:08+00:00,2026-01-06 03:26:26.403612+00:00,548.0,93764.31,93759.36,93769.27,BTC
2026-01-06 03:24:09+00:00,2026-01-06 03:26:27.396438+00:00,549.0,93764.03,93759.32,93768.74,BTC
2026-01-06 03:24:10+00:00,2026-01-06 03:26:28.901756+00:00,550.0,93764.5,93759.76,93769.34,BTC
2026-01-06 03:24:11+00:00,2026-01-06 03:26:29.571697+00:00,551.0,93765.58,93760.75,93770.4,BTC
2026-01-06 03:24:12+00:00,2026-01-06 03:26:30.503805+00:00,552.0,93763.14,93758.45,93767.85,BTC
2026-01-06 03:24:13+00:00,2026-01-06 03:26:32.521070+00:00,553.0,93763.1,93758.3,93767.02,BTC
2026-01-06 03:24:14+00:00,2026-01-06 03:26:32.535597+00:00,554.0,93762.96,93758.11,93767.27,BTC
2026-01-06 03:24:15+00:00,2026-01-06 03:26:33.713489+00:00,555.0,93762.17,93757.58,93766.42,BTC
2026-01-06 03:24:16+00:00,2026-01-06 03:26:35.381162+00:00,556.0,93760.59,93756.19,93765.0,BTC
2026-01-06 03:24:18+00:00,2026-01-06 03:26:36.265812+00:00,558.0,93760.59,93756.21,93764.96,BTC
2026-01-06 03:24:19+00:00,2026-01-06 03:26:37.268125+00:00,559.0,93760.59,93756.22,93764.96,BTC
2026-01-06 03:24:20+00:00,2026-01-06 03:26:38.280490+00:00,560.0,93760.15,93755.56,93764.73,BTC
2026-01-06 03:24:21+00:00,2026-01-06 03:26:39.303898+00:00,561.0,93760.29,93755.55,93764.76,BTC
2026-01-06 03:24:22+00:00,2026-01-06 03:26:40.403464+00:00,562.0,93761.27,93756.1,93766.45,BTC
2026-01-06 03:24:23+00:00,2026-01-06 03:26:41.962954+00:00,563.0,93761.13,93755.97,93766.32,BTC
2026-01-06 03:24:24+00:00,2026-01-06 03:26:43.283944+00:00,564.0,93761.62,93756.63,93766.52,BTC
2026-01-06 03:24:25+00:00,2026-01-06 03:26:44.098370+00:00,565.0,93761.35,93756.35,93766.25,BTC
2026-01-06 03:24:26+00:00,2026-01-06 03:26:45.053098+00:00,566.0,93760.74,93755.65,93765.84,BTC
2026-01-06 03:24:27+00:00,2026-01-06 03:26:46.103394+00:00,567.0,93761.65,93756.8,93766.49,BTC
2026-01-06 03:24:28+00:00,2026-01-06 03:26:47.143606+00:00,568.0,93762.19,93757.55,93766.83,BTC
2026-01-06 03:24:29+00:00,2026-01-06 03:26:47.987274+00:00,569.0,93761.26,93756.07,93766.42,BTC
2026-01-06 03:24:30+00:00,2026-01-06 03:26:49.055837+00:00,570.0,93758.11,93752.26,93763.59,BTC
2026-01-06 03:24:32+00:00,2026-01-06 03:26:50.174638+00:00,572.0,93754.7,93749.62,93759.79,BTC
2026-01-06 03:24:33+00:00,2026-01-06 03:26:52.205206+00:00,573.0,93754.45,93749.52,93758.31,BTC
2026-01-06 03:24:34+00:00,2026-01-06 03:26:53.215299+00:00,574.0,93754.93,93750.01,93759.25,BTC
2026-01-06 03:24:35+00:00,2026-01-06 03:26:54.841960+00:00,575.0,93755.17,93750.03,93759.84,BTC
2026-01-06 03:24:36+00:00,2026-01-06 03:26:55.002016+00:00,576.0,93755.21,93750.02,93759.73,BTC
2026-01-06 03:24:38+00:00,2026-01-06 03:26:56.869829+00:00,578.0,93755.47,93750.6,93760.17,BTC
2026-01-06 03:24:39+00:00,2026-01-06 03:26:58.066458+00:00,579.0,93753.2,93747.77,93758.25,BTC
2026-01-06 03:24:40+00:00,2026-01-06 03:26:59.011086+00:00,580.0,93752.09,93746.69,93757.49,BTC
2026-01-06 03:24:41+00:00,2026-01-06 03:27:00.034913+00:00,581.0,93753.26,93748.04,93758.32,BTC
2026-01-06 03:24:42+00:00,2026-01-06 03:27:01.182627+00:00,582.0,93753.3,93748.16,93758.27,BTC
2026-01-06 03:24:43+00:00,2026-01-06 03:27:02.056022+00:00,583.0,93753.2,93748.2,93758.15,BTC
2026-01-06 03:24:45+00:00,2026-01-06 03:27:03.487878+00:00,585.0,93752.44,93746.91,93757.98,BTC
2026-01-06 03:24:46+00:00,2026-01-06 03:27:04.546039+00:00,586.0,93749.25,93743.92,93754.57,BTC
2026-01-06 03:24:47+00:00,2026-01-06 03:27:05.619313+00:00,587.0,93747.96,93742.59,93753.34,BTC
2026-01-06 03:24:48+00:00,2026-01-06 03:27:06.700235+00:00,588.0,93746.68,93741.25,93752.11,BTC
2026-01-06 03:24:49+00:00,2026-01-06 03:27:07.807723+00:00,589.0,93752.7,93747.76,93757.64,BTC
2026-01-06 03:24:50+00:00,2026-01-06 03:27:08.947298+00:00,590.0,93752.67,93747.75,93757.6,BTC
2026-01-06 03:24:51+00:00,2026-01-06 03:27:09.857759+00:00,591.0,93752.04,93746.92,93757.16,BTC
2026-01-06 03:24:52+00:00,2026-01-06 03:27:11.028822+00:00,592.0,93752.0,93746.98,93757.02,BTC
2026-01-06 03:24:53+00:00,2026-01-06 03:27:12.343903+00:00,593.0,93752.58,93747.87,93757.28,BTC
2026-01-06 03:24:54+00:00,2026-01-06 03:27:13.045064+00:00,594.0,93749.62,93744.7,93754.61,BTC
2026-01-06 03:24:55+00:00,2026-01-06 03:27:14.128350+00:00,595.0,93749.64,93744.76,93754.61,BTC
2026-01-06 03:24:56+00:00,2026-01-06 03:27:15.191155+00:00,596.0,93752.63,93747.99,93757.28,BTC
2026-01-06 03:24:57+00:00,2026-01-06 03:27:16.223200+00:00,597.0,93752.64,93748.0,93757.28,BTC
2026-01-06 03:24:59+00:00,2026-01-06 03:27:17.431831+00:00,599.0,93749.57,93744.49,93755.09,BTC
2026-01-06 03:25:00+00:00,2026-01-06 03:27:18.455693+00:00,600.0,93752.7,93748.13,93757.27,BTC
2026-01-06 03:26:44+00:00,2026-01-06 03:27:57.833636+00:00,704.0,93760.35,93756.28,93764.12,BTC
2026-01-06 03:26:45+00:00,2026-01-06 03:27:58.792620+00:00,705.0,93760.36,93756.33,93764.12,BTC
2026-01-06 03:26:46+00:00,2026-01-06 03:27:59.785022+00:00,706.0,93760.37,93756.38,93764.13,BTC
2026-01-06 03:26:47+00:00,2026-01-06 03:28:00.854931+00:00,707.0,93760.72,93756.78,93764.67,BTC
2026-01-06 03:26:48+00:00,2026-01-06 03:28:01.839174+00:00,708.0,93760.93,93756.76,93765.06,BTC
2026-01-06 03:26:49+00:00,2026-01-06 03:28:02.826026+00:00,709.0,93763.01,93758.36,93767.65,BTC
2026-01-06 03:26:50+00:00,2026-01-06 03:28:03.828993+00:00,710.0,93774.64,93770.11,93779.17,BTC
2026-01-06 03:26:51+00:00,2026-01-06 03:28:04.832280+00:00,711.0,93777.97,93773.76,93782.26,BTC
2026-01-06 03:26:52+00:00,2026-01-06 03:28:05.846447+00:00,712.0,93777.98,93773.89,93782.46,BTC
2026-01-06 03:26:53+00:00,2026-01-06 03:28:06.862320+00:00,713.0,93779.84,93776.06,93784.23,BTC
2026-01-06 03:26:54+00:00,2026-01-06 03:28:07.868600+00:00,714.0,93782.88,93779.34,93787.61,BTC
2026-01-06 03:26:55+00:00,2026-01-06 03:28:08.883845+00:00,715.0,93782.88,93779.34,93787.61,BTC
2026-01-06 03:26:56+00:00,2026-01-06 03:28:09.881003+00:00,716.0,93789.68,93786.16,93794.19,BTC
2026-01-06 03:26:57+00:00,2026-01-06 03:28:10.879985+00:00,717.0,93793.9,93790.25,93798.53,BTC
2026-01-06 03:26:58+00:00,2026-01-06 03:28:11.898317+00:00,718.0,93793.9,93791.22,93798.53,BTC
2026-01-06 03:26:59+00:00,2026-01-06 03:28:12.898291+00:00,719.0,93795.06,93791.09,93800.39,BTC
2026-01-06 03:27:00+00:00,2026-01-06 03:28:13.899927+00:00,720.0,93794.03,93790.81,93799.24,BTC
2026-01-06 03:27:01+00:00,2026-01-06 03:28:14.902694+00:00,721.0,93794.09,93790.79,93800.3,BTC
2026-01-06 03:27:02+00:00,2026-01-06 03:28:15.914424+00:00,722.0,93794.68,93791.31,93800.46,BTC
2026-01-06 03:27:03+00:00,2026-01-06 03:28:16.930848+00:00,723.0,93794.81,93791.41,93800.1,BTC
2026-01-06 03:27:04+00:00,2026-01-06 03:28:17.933741+00:00,724.0,93794.74,93791.42,93800.04,BTC
2026-01-06 03:27:05+00:00,2026-01-06 03:28:18.931580+00:00,725.0,93795.2,93791.85,93800.5,BTC
2026-01-06 03:27:06+00:00,2026-01-06 03:28:19.966813+00:00,726.0,93797.56,93794.05,93802.76,BTC
2026-01-06 03:27:07+00:00,2026-01-06 03:28:20.984244+00:00,727.0,93799.85,93796.3,93805.11,BTC
2026-01-06 03:27:08+00:00,2026-01-06 03:28:21.978787+00:00,728.0,93803.1,93799.79,93808.58,BTC
2026-01-06 03:27:09+00:00,2026-01-06 03:28:23.001454+00:00,729.0,93813.08,93809.16,93818.24,BTC
2026-01-06 03:27:10+00:00,2026-01-06 03:28:24.006679+00:00,730.0,93819.65,93814.96,93824.26,BTC
2026-01-06 03:27:11+00:00,2026-01-06 03:28:25.001033+00:00,731.0,93819.53,93814.92,93824.06,BTC
2026-01-06 03:27:12+00:00,2026-01-06 03:28:25.993506+00:00,732.0,93819.14,93814.37,93823.92,BTC
2026-01-06 03:27:13+00:00,2026-01-06 03:28:27.011008+00:00,733.0,93818.34,93813.74,93823.41,BTC
2026-01-06 03:27:14+00:00,2026-01-06 03:28:28.018565+00:00,734.0,93815.9,93811.13,93820.75,BTC
2026-01-06 03:27:15+00:00,2026-01-06 03:28:29.045519+00:00,735.0,93813.73,93808.36,93818.2,BTC
2026-01-06 03:27:16+00:00,2026-01-06 03:28:30.043399+00:00,736.0,93813.21,93808.2,93818.01,BTC
2026-01-06 03:27:17+00:00,2026-01-06 03:28:31.047254+00:00,737.0,93812.94,93808.22,93817.95,BTC
2026-01-06 03:27:18+00:00,2026-01-06 03:28:32.225616+00:00,738.0,93812.77,93807.84,93817.57,BTC
2026-01-06 03:27:19+00:00,2026-01-06 03:28:33.225969+00:00,739.0,93812.46,93807.42,93817.26,BTC
2026-01-06 03:27:20+00:00,2026-01-06 03:28:34.233526+00:00,740.0,93813.52,93808.91,93818.0,BTC
2026-01-06 03:27:21+00:00,2026-01-06 03:28:35.245068+00:00,741.0,93814.88,93810.14,93819.95,BTC
2026-01-06 03:27:22+00:00,2026-01-06 03:28:36.245765+00:00,742.0,93816.08,93811.24,93821.52,BTC
2026-01-06 03:27:23+00:00,2026-01-06 03:28:37.263440+00:00,743.0,93818.62,93813.46,93823.78,BTC
2026-01-06 03:27:24+00:00,2026-01-06 03:28:38.283713+00:00,744.0,93818.62,93813.43,93823.78,BTC
2026-01-06 03:27:25+00:00,2026-01-06 03:28:39.299481+00:00,745.0,93818.86,93813.87,93823.83,BTC
2026-01-06 03:27:26+00:00,2026-01-06 03:28:40.313085+00:00,746.0,93818.31,93813.31,93823.31,BTC
2026-01-06 03:27:27+00:00,2026-01-06 03:28:41.343565+00:00,747.0,93818.35,93813.39,93823.32,BTC
2026-01-06 03:27:28+00:00,2026-01-06 03:28:42.359882+00:00,748.0,93819.24,93814.46,93823.87,BTC
2026-01-06 03:27:29+00:00,2026-01-06 03:28:43.350243+00:00,749.0,93819.25,93814.16,93823.88,BTC
2026-01-06 03:27:30+00:00,2026-01-06 03:28:44.350476+00:00,750.0,93818.63,93813.32,93823.62,BTC
2026-01-06 03:27:31+00:00,2026-01-06 03:28:45.354600+00:00,751.0,93817.37,93812.29,93822.45,BTC
2026-01-06 03:27:32+00:00,2026-01-06 03:28:46.361502+00:00,752.0,93816.7,93811.83,93821.57,BTC
2026-01-06 03:27:33+00:00,2026-01-06 03:28:47.362694+00:00,753.0,93816.74,93811.75,93821.56,BTC
2026-01-06 03:27:34+00:00,2026-01-06 03:28:48.363770+00:00,754.0,93816.79,93811.72,93821.53,BTC
2026-01-06 03:27:35+00:00,2026-01-06 03:28:49.376859+00:00,755.0,93816.48,93811.32,93821.48,BTC
2026-01-06 03:27:36+00:00,2026-01-06 03:28:50.382711+00:00,756.0,93816.09,93810.91,93821.27,BTC
2026-01-06 03:27:37+00:00,2026-01-06 03:28:51.387833+00:00,757.0,93816.43,93811.46,93821.31,BTC
2026-01-06 03:27:38+00:00,2026-01-06 03:28:52.380274+00:00,758.0,93816.84,93811.99,93821.53,BTC
2026-01-06 03:27:39+00:00,2026-01-06 03:28:53.397123+00:00,759.0,93816.47,93811.45,93821.41,BTC
2026-01-06 03:27:40+00:00,2026-01-06 03:28:54.394331+00:00,760.0,93817.47,93812.41,93822.53,BTC
2026-01-06 03:27:41+00:00,2026-01-06 03:28:55.416738+00:00,761.0,93819.51,93814.58,93824.4,BTC
2026-01-06 03:27:42+00:00,2026-01-06 03:28:56.416377+00:00,762.0,93820.84,93815.93,93825.63,BTC
2026-01-06 03:27:43+00:00,2026-01-06 03:28:57.416220+00:00,763.0,93821.54,93816.6,93826.24,BTC
2026-01-06 03:27:44+00:00,2026-01-06 03:29:58.873875+00:00,764.0,93814.91,93809.88,93819.68,BTC
2026-01-06 03:27:45+00:00,2026-01-06 03:29:59.885066+00:00,765.0,93814.9,93809.8,93819.85,BTC
2026-01-06 03:27:46+00:00,2026-01-06 03:30:00.879372+00:00,766.0,93814.93,93809.8,93819.85,BTC
2026-01-06 03:27:47+00:00,2026-01-06 03:30:01.876357+00:00,767.0,93814.19,93808.98,93819.41,BTC
2026-01-06 03:27:48+00:00,2026-01-06 03:30:02.877813+00:00,768.0,93814.06,93808.74,93819.44,BTC
2026-01-06 03:27:49+00:00,2026-01-06 03:30:03.876894+00:00,769.0,93814.68,93809.48,93819.8,BTC
2026-01-06 03:27:50+00:00,2026-01-06 03:30:04.876316+00:00,770.0,93807.72,93802.14,93811.42,BTC
2026-01-06 03:27:51+00:00,2026-01-06 03:30:05.890422+00:00,771.0,93807.26,93802.14,93811.42,BTC
2026-01-06 03:27:52+00:00,2026-01-06 03:30:06.906053+00:00,772.0,93807.21,93802.15,93812.27,BTC
2026-01-06 03:27:53+00:00,2026-01-06 03:30:07.930933+00:00,773.0,93808.12,93803.38,93812.86,BTC
2026-01-06 03:27:54+00:00,2026-01-06 03:30:08.939681+00:00,774.0,93808.12,93803.38,93812.86,BTC
2026-01-06 03:27:55+00:00,2026-01-06 03:30:09.943507+00:00,775.0,93808.36,93803.64,93813.08,BTC
2026-01-06 03:27:56+00:00,2026-01-06 03:30:10.959631+00:00,776.0,93807.24,93802.06,93812.43,BTC
2026-01-06 03:27:57+00:00,2026-01-06 03:30:11.958044+00:00,777.0,93806.75,93801.61,93811.89,BTC
2026-01-06 03:27:58+00:00,2026-01-06 03:30:12.962842+00:00,778.0,93809.1,93804.55,93813.68,BTC
2026-01-06 03:27:59+00:00,2026-01-06 03:30:13.974896+00:00,779.0,93809.06,93804.44,93813.67,BTC
2026-01-06 03:28:00+00:00,2026-01-06 03:30:14.986588+00:00,780.0,93809.05,93804.43,93813.69,BTC
2026-01-06 03:28:01+00:00,2026-01-06 03:30:16.994953+00:00,781.0,93809.07,93804.46,93813.68,BTC
2026-01-06 03:28:02+00:00,2026-01-06 03:30:17.996573+00:00,782.0,93809.08,93804.48,93813.68,BTC
2026-01-06 03:28:03+00:00,2026-01-06 03:30:19.011586+00:00,783.0,93808.66,93803.87,93813.46,BTC
2026-01-06 03:28:04+00:00,2026-01-06 03:30:20.028445+00:00,784.0,93808.64,93803.86,93813.44,BTC
2026-01-06 03:28:05+00:00,2026-01-06 03:30:21.040912+00:00,785.0,93809.04,93804.46,93813.63,BTC
2026-01-06 03:28:06+00:00,2026-01-06 03:30:22.047245+00:00,786.0,93811.32,93806.48,93815.8,BTC
2026-01-06 03:28:07+00:00,2026-01-06 03:30:23.063603+00:00,787.0,93813.59,93808.55,93817.97,BTC
2026-01-06 03:28:09+00:00,2026-01-06 03:30:24.250041+00:00,789.0,93811.72,93807.79,93815.66,BTC
2026-01-06 03:28:10+00:00,2026-01-06 03:30:25.277931+00:00,790.0,93811.7,93807.74,93815.65,BTC
2026-01-06 03:28:11+00:00,2026-01-06 03:30:26.285597+00:00,791.0,93810.01,93805.65,93814.38,BTC
2026-01-06 03:28:12+00:00,2026-01-06 03:30:27.296501+00:00,792.0,93810.01,93805.65,93814.38,BTC
2026-01-06 03:28:13+00:00,2026-01-06 03:30:28.294868+00:00,793.0,93811.71,93807.77,93815.66,BTC
2026-01-06 03:28:14+00:00,2026-01-06 03:30:29.311044+00:00,794.0,93811.69,93807.53,93815.62,BTC
2026-01-06 03:28:15+00:00,2026-01-06 03:30:30.309547+00:00,795.0,93809.9,93805.48,93814.32,BTC
2026-01-06 03:28:16+00:00,2026-01-06 03:30:31.329267+00:00,796.0,93806.78,93802.5,93809.97,BTC
2026-01-06 03:28:17+00:00,2026-01-06 03:30:32.328992+00:00,797.0,93803.66,93799.52,93805.63,BTC
2026-01-06 03:28:18+00:00,2026-01-06 03:30:33.329906+00:00,798.0,93800.94,93796.73,93805.14,BTC
2026-01-06 03:28:19+00:00,2026-01-06 03:30:34.345625+00:00,799.0,93792.55,93787.11,93796.41,BTC
2026-01-06 03:28:20+00:00,2026-01-06 03:30:35.362293+00:00,800.0,93791.48,93787.11,93795.4,BTC
2026-01-06 03:28:21+00:00,2026-01-06 03:30:36.374778+00:00,801.0,93790.58,93786.29,93793.95,BTC
2026-01-06 03:28:22+00:00,2026-01-06 03:30:37.395392+00:00,802.0,93793.83,93789.57,93798.13,BTC
2026-01-06 03:28:23+00:00,2026-01-06 03:30:38.397890+00:00,803.0,93793.89,93789.69,93798.09,BTC
2026-01-06 03:28:24+00:00,2026-01-06 03:30:39.394091+00:00,804.0,93792.09,93787.29,93796.89,BTC
2026-01-06 03:28:25+00:00,2026-01-06 03:30:40.395193+00:00,805.0,93793.81,93789.41,93798.13,BTC
2026-01-06 03:28:26+00:00,2026-01-06 03:30:41.415468+00:00,806.0,93793.89,93789.64,93798.21,BTC
2026-01-06 03:28:27+00:00,2026-01-06 03:30:42.411764+00:00,807.0,93793.92,93789.73,93798.21,BTC
2026-01-06 03:28:28+00:00,2026-01-06 03:30:43.426210+00:00,808.0,93793.79,93789.31,93798.27,BTC
2026-01-06 03:28:29+00:00,2026-01-06 03:30:44.428432+00:00,809.0,93793.8,93789.35,93798.25,BTC
2026-01-06 03:28:30+00:00,2026-01-06 03:30:45.421727+00:00,810.0,93793.83,93789.51,93798.19,BTC
2026-01-06 03:28:31+00:00,2026-01-06 03:30:46.426883+00:00,811.0,93793.88,93789.56,93798.19,BTC
2026-01-06 03:28:32+00:00,2026-01-06 03:30:47.426817+00:00,812.0,93793.87,93789.54,93798.19,BTC
2026-01-06 03:28:33+00:00,2026-01-06 03:30:48.446209+00:00,813.0,93793.87,93789.54,93798.19,BTC
2026-01-06 03:28:34+00:00,2026-01-06 03:30:49.444433+00:00,814.0,93793.87,93789.54,93798.19,BTC
2026-01-06 03:28:35+00:00,2026-01-06 03:30:50.428501+00:00,815.0,93793.87,93789.54,93798.25,BTC
2026-01-06 03:28:36+00:00,2026-01-06 03:30:51.444958+00:00,816.0,93793.69,93789.24,93798.13,BTC
2026-01-06 03:28:37+00:00,2026-01-06 03:30:52.437877+00:00,817.0,93793.59,93788.98,93798.13,BTC
2026-01-06 03:28:38+00:00,2026-01-06 03:30:53.442355+00:00,818.0,93793.65,93789.2,93798.11,BTC
2026-01-06 03:28:39+00:00,2026-01-06 03:30:54.438516+00:00,819.0,93793.65,93789.2,93798.1,BTC
2026-01-06 03:28:40+00:00,2026-01-06 03:30:55.461865+00:00,820.0,93791.31,93786.34,93796.38,BTC
2026-01-06 03:28:41+00:00,2026-01-06 03:30:56.474470+00:00,821.0,93791.16,93786.21,93796.11,BTC
2026-01-06 03:28:42+00:00,2026-01-06 03:30:57.474644+00:00,822.0,93793.61,93788.91,93798.32,BTC
2026-01-06 03:28:43+00:00,2026-01-06 03:30:58.479004+00:00,823.0,93793.61,93788.91,93798.32,BTC
2026-01-06 03:28:44+00:00,2026-01-06 03:30:59.478162+00:00,824.0,93793.63,93789.12,93798.14,BTC
2026-01-06 03:28:45+00:00,2026-01-06 03:31:00.477463+00:00,825.0,93791.88,93786.65,93797.11,BTC
2026-01-06 03:28:46+00:00,2026-01-06 03:31:01.477749+00:00,826.0,93795.48,93790.47,93800.49,BTC
2026-01-06 03:28:47+00:00,2026-01-06 03:31:02.488077+00:00,827.0,93793.4,93788.28,93798.52,BTC
2026-01-06 03:28:48+00:00,2026-01-06 03:31:03.489003+00:00,828.0,93793.27,93788.17,93798.37,BTC
2026-01-06 03:28:49+00:00,2026-01-06 03:31:05.494741+00:00,829.0,93796.36,93791.8,93800.91,BTC
2026-01-06 03:28:50+00:00,2026-01-06 03:31:06.492695+00:00,830.0,93796.5,93791.94,93801.06,BTC
2026-01-06 03:28:51+00:00,2026-01-06 03:31:07.491671+00:00,831.0,93795.06,93790.3,93799.81,BTC
2026-01-06 03:28:52+00:00,2026-01-06 03:31:08.511016+00:00,832.0,93795.08,93790.39,93799.77,BTC
2026-01-06 03:28:53+00:00,2026-01-06 03:31:09.504495+00:00,833.0,93796.58,93792.07,93801.1,BTC
2026-01-06 03:28:54+00:00,2026-01-06 03:31:10.510377+00:00,834.0,93796.38,93791.83,93800.94,BTC
2026-01-06 03:28:55+00:00,2026-01-06 03:31:11.509982+00:00,835.0,93796.15,93791.69,93800.61,BTC
2026-01-06 03:28:56+00:00,2026-01-06 03:31:12.511191+00:00,836.0,93795.34,93790.92,93799.75,BTC
2026-01-06 03:28:57+00:00,2026-01-06 03:31:13.527921+00:00,837.0,93794.0,93789.57,93798.44,BTC
2026-01-06 03:28:58+00:00,2026-01-06 03:31:14.520353+00:00,838.0,93793.34,93788.89,93797.78,BTC
2026-01-06 03:28:59+00:00,2026-01-06 03:31:15.544420+00:00,839.0,93793.28,93788.85,93797.7,BTC
2026-01-06 03:29:00+00:00,2026-01-06 03:31:16.563512+00:00,840.0,93793.24,93788.8,93797.67,BTC
2026-01-06 03:29:01+00:00,2026-01-06 03:31:17.559244+00:00,841.0,93793.26,93788.77,93797.71,BTC
2026-01-06 03:29:02+00:00,2026-01-06 03:31:18.568242+00:00,842.0,93793.49,93788.76,93797.86,BTC
2026-01-06 03:29:03+00:00,2026-01-06 03:31:19.560596+00:00,843.0,93793.51,93788.83,93797.82,BTC
2026-01-06 03:29:04+00:00,2026-01-06 03:31:20.568965+00:00,844.0,93793.25,93788.8,93797.63,BTC
2026-01-06 03:29:05+00:00,2026-01-06 03:31:21.573530+00:00,845.0,93793.25,93788.76,93797.65,BTC
2026-01-06 03:29:06+00:00,2026-01-06 03:31:22.592103+00:00,846.0,93793.31,93788.78,93797.74,BTC
2026-01-06 03:29:07+00:00,2026-01-06 03:31:23.592117+00:00,847.0,93793.29,93788.74,93797.8,BTC
2026-01-06 03:29:08+00:00,2026-01-06 03:31:24.590186+00:00,848.0,93796.68,93791.94,93801.42,BTC
2026-01-06 03:29:09+00:00,2026-01-06 03:31:25.591713+00:00,849.0,93800.22,93795.49,93805.04,BTC
2026-01-06 03:29:10+00:00,2026-01-06 03:31:26.594495+00:00,850.0,93799.04,93794.52,93803.67,BTC
2026-01-06 03:29:11+00:00,2026-01-06 03:31:27.593604+00:00,851.0,93799.05,93794.87,93803.26,BTC
2026-01-06 03:29:12+00:00,2026-01-06 03:31:28.620061+00:00,852.0,93800.36,93796.51,93804.22,BTC
2026-01-06 03:29:13+00:00,2026-01-06 03:31:29.610815+00:00,853.0,93800.36,93796.51,93804.22,BTC
2026-01-06 03:29:14+00:00,2026-01-06 03:31:30.613166+00:00,854.0,93800.35,93796.27,93804.2,BTC
2026-01-06 03:29:15+00:00,2026-01-06 03:31:31.608069+00:00,855.0,93799.87,93795.45,93804.25,BTC
2026-01-06 03:29:16+00:00,2026-01-06 03:31:32.626324+00:00,856.0,93800.54,93796.27,93804.39,BTC
2026-01-06 03:29:17+00:00,2026-01-06 03:31:33.644736+00:00,857.0,93800.54,93796.25,93804.4,BTC
2026-01-06 03:29:18+00:00,2026-01-06 03:31:34.642752+00:00,858.0,93800.54,93796.44,93804.4,BTC
2026-01-06 03:29:19+00:00,2026-01-06 03:31:35.660160+00:00,859.0,93800.57,93796.7,93804.43,BTC
2026-01-06 03:29:20+00:00,2026-01-06 03:31:36.715870+00:00,860.0,93799.08,93794.96,93803.19,BTC
2026-01-06 03:29:21+00:00,2026-01-06 03:31:37.705537+00:00,861.0,93798.1,93794.22,93801.98,BTC
2026-01-06 03:29:22+00:00,2026-01-06 03:31:38.710486+00:00,862.0,93796.75,93792.77,93800.41,BTC
2026-01-06 03:29:23+00:00,2026-01-06 03:31:39.709872+00:00,863.0,93795.8,93791.59,93799.51,BTC
2026-01-06 03:29:24+00:00,2026-01-06 03:31:40.718149+00:00,864.0,93796.14,93791.81,93800.31,BTC
2026-01-06 03:29:25+00:00,2026-01-06 03:31:41.718476+00:00,865.0,93796.49,93792.04,93800.95,BTC
2026-01-06 03:29:26+00:00,2026-01-06 03:31:42.741776+00:00,866.0,93797.16,93792.83,93801.48,BTC
2026-01-06 03:29:27+00:00,2026-01-06 03:31:43.720182+00:00,867.0,93797.39,93793.27,93801.38,BTC
2026-01-06 03:29:28+00:00,2026-01-06 03:31:44.723069+00:00,868.0,93797.08,93792.82,93801.21,BTC
2026-01-06 03:29:29+00:00,2026-01-06 03:31:45.733501+00:00,869.0,93797.34,93793.05,93801.63,BTC
2026-01-06 03:29:30+00:00,2026-01-06 03:31:46.754037+00:00,870.0,93796.81,93792.48,93801.42,BTC
2026-01-06 03:29:31+00:00,2026-01-06 03:31:47.758387+00:00,871.0,93797.16,93792.8,93801.66,BTC
2026-01-06 03:29:32+00:00,2026-01-06 03:31:48.759067+00:00,872.0,93798.68,93794.41,93802.61,BTC
2026-01-06 03:29:33+00:00,2026-01-06 03:31:49.764494+00:00,873.0,93798.77,93794.55,93802.61,BTC
2026-01-06 03:29:34+00:00,2026-01-06 03:31:50.767568+00:00,874.0,93798.76,93794.62,93802.6,BTC
2026-01-06 03:29:35+00:00,2026-01-06 03:31:51.789463+00:00,875.0,93798.74,93794.63,93802.55,BTC
2026-01-06 03:29:36+00:00,2026-01-06 03:31:52.792877+00:00,876.0,93798.73,93794.58,93802.52,BTC
2026-01-06 03:29:37+00:00,2026-01-06 03:31:53.792450+00:00,877.0,93798.56,93794.3,93802.52,BTC
2026-01-06 03:29:38+00:00,2026-01-06 03:31:54.805791+00:00,878.0,93798.59,93794.38,93802.51,BTC
2026-01-06 03:29:39+00:00,2026-01-06 03:31:55.837551+00:00,879.0,93798.59,93794.38,93802.51,BTC
2026-01-06 03:29:40+00:00,2026-01-06 03:31:56.825696+00:00,880.0,93798.5,93794.33,93802.55,BTC
2026-01-06 03:29:41+00:00,2026-01-06 03:31:57.838523+00:00,881.0,93798.04,93793.87,93802.22,BTC
2026-01-06 03:29:42+00:00,2026-01-06 03:31:58.858781+00:00,882.0,93797.29,93793.17,93801.45,BTC
2026-01-06 03:29:43+00:00,2026-01-06 03:31:59.874572+00:00,883.0,93797.29,93793.17,93801.45,BTC
2026-01-06 03:29:44+00:00,2026-01-06 03:32:00.875649+00:00,884.0,93798.0,93793.87,93802.12,BTC
2026-01-06 03:29:45+00:00,2026-01-06 03:32:01.892024+00:00,885.0,93797.84,93793.75,93801.93,BTC
2026-01-06 03:29:46+00:00,2026-01-06 03:32:03.262938+00:00,886.0,93798.12,93793.85,93802.31,BTC
2026-01-06 03:29:47+00:00,2026-01-06 03:32:04.277556+00:00,887.0,93798.17,93793.89,93802.37,BTC
2026-01-06 03:29:48+00:00,2026-01-06 03:32:05.288761+00:00,888.0,93798.03,93793.83,93802.22,BTC
2026-01-06 03:29:49+00:00,2026-01-06 03:32:06.291892+00:00,889.0,93797.94,93793.79,93802.09,BTC
2026-01-06 03:29:50+00:00,2026-01-06 03:32:07.285064+00:00,890.0,93798.38,93794.39,93802.36,BTC
2026-01-06 03:29:51+00:00,2026-01-06 03:32:08.310847+00:00,891.0,93798.78,93794.93,93802.62,BTC
2026-01-06 03:29:52+00:00,2026-01-06 03:32:09.324751+00:00,892.0,93795.42,93791.52,93798.76,BTC
2026-01-06 03:29:53+00:00,2026-01-06 03:32:10.342125+00:00,893.0,93791.34,93787.12,93794.03,BTC
2026-01-06 03:29:54+00:00,2026-01-06 03:32:11.356012+00:00,894.0,93785.34,93781.06,93788.66,BTC
2026-01-06 03:29:55+00:00,2026-01-06 03:32:12.359689+00:00,895.0,93780.05,93775.93,93784.17,BTC
2026-01-06 03:29:56+00:00,2026-01-06 03:32:13.341589+00:00,896.0,93780.01,93775.84,93784.18,BTC
2026-01-06 03:29:57+00:00,2026-01-06 03:32:14.374630+00:00,897.0,93779.97,93775.75,93784.19,BTC
2026-01-06 03:29:58+00:00,2026-01-06 03:32:15.374383+00:00,898.0,93779.95,93775.7,93784.26,BTC
2026-01-06 03:29:59+00:00,2026-01-06 03:32:16.374447+00:00,899.0,93772.17,93767.95,93776.43,BTC
