timestamp,collected_at,seconds,up_mid,up_best_bid,up_best_ask,down_mid,down_best_bid,down_best_ask,up_best_bid_size,up_best_ask_size,down_best_bid_size,down_best_ask_size
2026-01-06 03:15:00.390000+00:00,2026-01-06 03:15:00.478756+00:00,0.39,0.51,0.5,0.52,0.49,0.48,0.5,,,,
2026-01-06 03:15:01.444000+00:00,2026-01-06 03:15:01.483618+00:00,1.444,0.505,0.5,0.51,0.495,0.49,0.5,,,,
2026-01-06 03:15:02.488000+00:00,2026-01-06 03:15:02.504324+00:00,2.488,0.505,0.5,0.51,0.505,0.5,0.51,,,,
2026-01-06 03:15:03.456000+00:00,2026-01-06 03:15:03.503078+00:00,3.456,0.485,0.48,0.49,0.515,0.51,0.52,,,,
2026-01-06 03:15:04.828000+00:00,2026-01-06 03:15:04.824926+00:00,4.828,0.485,0.48,0.49,0.515,0.51,0.52,,,,
2026-01-06 03:15:05.819000+00:00,2026-01-06 03:15:05.848948+00:00,5.819,0.495,0.49,0.5,0.505,0.5,0.51,,,,
2026-01-06 03:15:06.760000+00:00,2026-01-06 03:15:06.847865+00:00,6.76,0.49,0.48,0.5,0.51,0.5,0.52,,,,
2026-01-06 03:15:07.838000+00:00,2026-01-06 03:15:07.848372+00:00,7.838,0.485,0.48,0.49,0.515,0.51,0.52,,,,
2026-01-06 03:15:08.847000+00:00,2026-01-06 03:15:08.864048+00:00,8.847,0.485,0.48,0.49,0.515,0.51,0.52,,,,
2026-01-06 03:15:09.816000+00:00,2026-01-06 03:15:09.864466+00:00,9.816,0.485,0.48,0.49,0.52,0.51,0.53,,,,
2026-01-06 03:15:10.864000+00:00,2026-01-06 03:15:10.875345+00:00,10.864,0.475,0.47,0.48,0.52,0.51,0.53,,,,
2026-01-06 03:15:11.866000+00:00,2026-01-06 03:15:11.885346+00:00,11.866,0.48,0.47,0.49,0.52,0.51,0.53,,,,
2026-01-06 03:15:12.956000+00:00,2026-01-06 03:15:12.902933+00:00,12.956,0.475,0.47,0.48,0.525,0.52,0.53,,,,
2026-01-06 03:15:14.104000+00:00,2026-01-06 03:15:14.131067+00:00,14.104,0.475,0.47,0.48,0.525,0.52,0.53,,,,
2026-01-06 03:15:15.102000+00:00,2026-01-06 03:15:15.120199+00:00,15.102,0.475,0.47,0.48,0.525,0.52,0.53,,,,
2026-01-06 03:15:16.102000+00:00,2026-01-06 03:15:16.124160+00:00,16.102,0.485,0.48,0.49,0.515,0.51,0.52,,,,
2026-01-06 03:15:17.104000+00:00,2026-01-06 03:15:17.123601+00:00,17.104,0.485,0.48,0.49,0.515,0.51,0.52,,,,
2026-01-06 03:15:18.121000+00:00,2026-01-06 03:15:18.129617+00:00,18.121,0.485,0.48,0.49,0.515,0.51,0.52,,,,
2026-01-06 03:15:19.250000+00:00,2026-01-06 03:15:19.295568+00:00,19.25,0.485,0.48,0.49,0.515,0.51,0.52,,,,
2026-01-06 03:15:20.419000+00:00,2026-01-06 03:15:20.313197+00:00,20.419,0.485,0.48,0.49,0.515,0.51,0.52,,,,
2026-01-06 03:15:21.323000+00:00,2026-01-06 03:15:21.345018+00:00,21.323,0.475,0.47,0.48,0.525,0.52,0.53,,,,
2026-01-06 03:15:22.196000+00:00,2026-01-06 03:15:22.343368+00:00,22.196,0.475,0.47,0.48,0.525,0.52,0.53,,,,
2026-01-06 03:15:23.314000+00:00,2026-01-06 03:15:23.369061+00:00,23.314,0.485,0.48,0.49,0.515,0.51,0.52,,,,
2026-01-06 03:15:24.321000+00:00,2026-01-06 03:15:24.357539+00:00,24.321,0.485,0.48,0.49,0.515,0.51,0.52,,,,
2026-01-06 03:15:25.315000+00:00,2026-01-06 03:15:25.376971+00:00,25.315,0.485,0.48,0.49,0.515,0.51,0.52,,,,
2026-01-06 03:15:26.370000+00:00,2026-01-06 03:15:26.378566+00:00,26.37,0.485,0.48,0.49,0.515,0.51,0.52,,,,
2026-01-06 03:15:27.390000+00:00,2026-01-06 03:15:27.402117+00:00,27.39,0.495,0.49,0.5,0.505,0.5,0.51,,,,
2026-01-06 03:15:28.351000+00:00,2026-01-06 03:15:28.428431+00:00,28.351,0.495,0.49,0.5,0.505,0.5,0.51,,,,
2026-01-06 03:15:29.373000+00:00,2026-01-06 03:15:29.428430+00:00,29.373,0.495,0.49,0.5,0.505,0.5,0.51,,,,
2026-01-06 03:15:30.348000+00:00,2026-01-06 03:15:30.437221+00:00,30.348,0.495,0.49,0.5,0.505,0.5,0.51,,,,
2026-01-06 03:15:31.476000+00:00,2026-01-06 03:15:31.447753+00:00,31.476,0.495,0.49,0.5,0.505,0.5,0.51,,,,
2026-01-06 03:15:32.475000+00:00,2026-01-06 03:15:32.456374+00:00,32.475,0.495,0.49,0.5,0.505,0.5,0.51,,,,
2026-01-06 03:15:33.490000+00:00,2026-01-06 03:15:33.500849+00:00,33.49,0.505,0.5,0.51,0.495,0.49,0.5,,,,
2026-01-06 03:15:34.486000+00:00,2026-01-06 03:15:34.512596+00:00,34.486,0.53,0.52,0.54,0.4649999999999999,0.46,0.47,,,,
2026-01-06 03:15:35.526000+00:00,2026-01-06 03:15:35.531439+00:00,35.526,0.535,0.53,0.54,0.4649999999999999,0.46,0.47,,,,
2026-01-06 03:15:36.510000+00:00,2026-01-06 03:15:36.534963+00:00,36.51,0.535,0.53,0.54,0.4649999999999999,0.46,0.47,,,,
2026-01-06 03:15:37.537000+00:00,2026-01-06 03:15:37.545231+00:00,37.537,0.545,0.54,0.55,0.455,0.45,0.46,,,,
2026-01-06 03:15:38.504000+00:00,2026-01-06 03:15:38.551666+00:00,38.504,0.545,0.54,0.55,0.455,0.45,0.46,,,,
2026-01-06 03:15:39.537000+00:00,2026-01-06 03:15:39.552233+00:00,39.537,0.555,0.55,0.56,0.445,0.44,0.45,,,,
2026-01-06 03:15:40.547000+00:00,2026-01-06 03:15:40.556155+00:00,40.547,0.555,0.55,0.56,0.445,0.44,0.45,,,,
2026-01-06 03:15:41.539000+00:00,2026-01-06 03:15:41.570135+00:00,41.539,0.555,0.55,0.56,0.445,0.44,0.45,,,,
2026-01-06 03:15:42.579000+00:00,2026-01-06 03:15:42.594375+00:00,42.579,0.555,0.55,0.56,0.435,0.43,0.44,,,,
2026-01-06 03:15:43.584000+00:00,2026-01-06 03:15:43.597492+00:00,43.584,0.585,0.58,0.59,0.415,0.41,0.42,,,,
2026-01-06 03:15:44.604000+00:00,2026-01-06 03:15:44.639956+00:00,44.604,0.585,0.58,0.59,0.415,0.41,0.42,,,,
2026-01-06 03:15:45.801000+00:00,2026-01-06 03:15:45.824272+00:00,45.801,0.595,0.59,0.6,0.405,0.4,0.41,,,,
2026-01-06 03:15:46.874000+00:00,2026-01-06 03:15:46.901423+00:00,46.874,0.595,0.59,0.6,0.4,0.39,0.41,,,,
2026-01-06 03:15:47.896000+00:00,2026-01-06 03:15:47.909750+00:00,47.896,0.645,0.64,0.65,0.355,0.35,0.36,,,,
2026-01-06 03:15:49.071000+00:00,2026-01-06 03:15:49.212812+00:00,49.071,0.655,0.65,0.66,0.345,0.34,0.35,,,,
2026-01-06 03:15:50.186000+00:00,2026-01-06 03:15:50.226318+00:00,50.186,0.645,0.64,0.65,0.355,0.35,0.36,,,,
2026-01-06 03:15:51.229000+00:00,2026-01-06 03:15:51.240695+00:00,51.229,0.655,0.65,0.66,0.345,0.34,0.35,,,,
2026-01-06 03:15:52.250000+00:00,2026-01-06 03:15:52.260635+00:00,52.25,0.655,0.65,0.66,0.345,0.34,0.35,,,,
2026-01-06 03:15:53.295000+00:00,2026-01-06 03:15:53.304557+00:00,53.295,0.655,0.65,0.66,0.325,0.32,0.33,,,,
2026-01-06 03:15:54.308000+00:00,2026-01-06 03:15:54.320410+00:00,54.308,0.675,0.67,0.68,0.325,0.32,0.33,,,,
2026-01-06 03:15:55.410000+00:00,2026-01-06 03:15:55.412044+00:00,55.41,0.675,0.67,0.68,0.325,0.32,0.33,,,,
2026-01-06 03:15:56.386000+00:00,2026-01-06 03:15:56.413172+00:00,56.386,0.675,0.67,0.68,0.315,0.31,0.32,,,,
2026-01-06 03:15:57.403000+00:00,2026-01-06 03:15:57.416628+00:00,57.403,0.685,0.68,0.69,0.315,0.31,0.32,,,,
2026-01-06 03:15:58.402000+00:00,2026-01-06 03:15:58.428595+00:00,58.402,0.685,0.68,0.69,0.315,0.31,0.32,,,,
2026-01-06 03:15:59.465000+00:00,2026-01-06 03:15:59.468299+00:00,59.465,0.685,0.68,0.69,0.315,0.31,0.32,,,,
2026-01-06 03:16:00.754000+00:00,2026-01-06 03:16:00.794446+00:00,60.754,0.695,0.69,0.7,0.305,0.3,0.31,,,,
2026-01-06 03:16:01.752000+00:00,2026-01-06 03:16:01.793096+00:00,61.752,0.695,0.69,0.7,0.315,0.31,0.32,,,,
2026-01-06 03:16:03.163000+00:00,2026-01-06 03:16:03.161999+00:00,63.163,0.675,0.67,0.68,0.325,0.32,0.33,,,,
2026-01-06 03:16:04.247000+00:00,2026-01-06 03:16:04.182453+00:00,64.247,0.685,0.68,0.69,0.315,0.31,0.32,,,,
2026-01-06 03:16:05.189000+00:00,2026-01-06 03:16:05.204511+00:00,65.189,0.685,0.68,0.69,0.315,0.31,0.32,,,,
2026-01-06 03:16:06.215000+00:00,2026-01-06 03:16:06.234178+00:00,66.215,0.685,0.68,0.69,0.315,0.31,0.32,,,,
2026-01-06 03:16:07.290000+00:00,2026-01-06 03:16:07.307659+00:00,67.29,0.685,0.68,0.69,0.315,0.31,0.32,,,,
2026-01-06 03:16:08.292000+00:00,2026-01-06 03:16:08.305904+00:00,68.292,0.675,0.67,0.68,0.325,0.32,0.33,,,,
2026-01-06 03:16:09.321000+00:00,2026-01-06 03:16:09.370999+00:00,69.321,0.665,0.66,0.67,0.345,0.34,0.35,,,,
2026-01-06 03:16:10.396000+00:00,2026-01-06 03:16:10.412245+00:00,70.396,0.655,0.65,0.66,0.345,0.34,0.35,,,,
2026-01-06 03:16:11.347000+00:00,2026-01-06 03:16:11.401817+00:00,71.347,0.645,0.64,0.65,0.365,0.36,0.37,,,,
2026-01-06 03:16:12.393000+00:00,2026-01-06 03:16:12.405209+00:00,72.393,0.635,0.63,0.64,0.365,0.36,0.37,,,,
2026-01-06 03:16:13.390000+00:00,2026-01-06 03:16:13.423021+00:00,73.39,0.625,0.62,0.63,0.375,0.37,0.38,,,,
2026-01-06 03:16:14.389000+00:00,2026-01-06 03:16:14.429115+00:00,74.389,0.625,0.62,0.63,0.375,0.37,0.38,,,,
2026-01-06 03:16:15.434000+00:00,2026-01-06 03:16:15.450902+00:00,75.434,0.625,0.62,0.63,0.375,0.37,0.38,,,,
2026-01-06 03:16:16.377000+00:00,2026-01-06 03:16:16.459655+00:00,76.377,0.595,0.59,0.6,0.415,0.41,0.42,,,,
2026-01-06 03:16:17.582000+00:00,2026-01-06 03:16:17.592809+00:00,77.582,0.585,0.58,0.59,0.415,0.41,0.42,,,,
2026-01-06 03:16:18.583000+00:00,2026-01-06 03:16:18.597762+00:00,78.583,0.585,0.58,0.59,0.415,0.41,0.42,,,,
2026-01-06 03:16:19.585000+00:00,2026-01-06 03:16:19.601753+00:00,79.585,0.585,0.58,0.59,0.415,0.41,0.42,,,,
2026-01-06 03:16:20.596000+00:00,2026-01-06 03:16:20.678378+00:00,80.596,0.575,0.57,0.58,0.425,0.42,0.43,,,,
2026-01-06 03:16:21.706000+00:00,2026-01-06 03:16:21.696874+00:00,81.706,0.555,0.55,0.56,0.445,0.44,0.45,,,,
2026-01-06 03:16:22.693000+00:00,2026-01-06 03:16:22.695588+00:00,82.693,0.555,0.55,0.56,0.445,0.44,0.45,,,,
2026-01-06 03:16:23.804000+00:00,2026-01-06 03:16:23.823388+00:00,83.804,0.555,0.55,0.56,0.445,0.44,0.45,,,,
2026-01-06 03:16:24.804000+00:00,2026-01-06 03:16:24.822214+00:00,84.804,0.545,0.54,0.55,0.455,0.45,0.46,,,,
2026-01-06 03:16:25.810000+00:00,2026-01-06 03:16:25.836102+00:00,85.81,0.535,0.53,0.54,0.4649999999999999,0.46,0.47,,,,
2026-01-06 03:16:26.833000+00:00,2026-01-06 03:16:26.854158+00:00,86.833,0.565,0.56,0.57,0.435,0.43,0.44,,,,
2026-01-06 03:16:27.891000+00:00,2026-01-06 03:16:27.896703+00:00,87.891,0.565,0.56,0.57,0.435,0.43,0.44,,,,
2026-01-06 03:16:28.893000+00:00,2026-01-06 03:16:28.904419+00:00,88.893,0.555,0.55,0.56,0.445,0.44,0.45,,,,
2026-01-06 03:16:30.332000+00:00,2026-01-06 03:16:30.329428+00:00,90.332,0.585,0.58,0.59,0.405,0.4,0.41,,,,
2026-01-06 03:16:31.330000+00:00,2026-01-06 03:16:31.344930+00:00,91.33,0.585,0.58,0.59,0.415,0.41,0.42,,,,
2026-01-06 03:16:32.334000+00:00,2026-01-06 03:16:32.357718+00:00,92.334,0.585,0.58,0.59,0.415,0.41,0.42,,,,
2026-01-06 03:16:33.347000+00:00,2026-01-06 03:16:33.365024+00:00,93.347,0.595,0.59,0.6,0.4,0.39,0.41,,,,
2026-01-06 03:16:34.348000+00:00,2026-01-06 03:16:34.385949+00:00,94.348,0.625,0.62,0.63,0.365,0.36,0.37,,,,
2026-01-06 03:16:35.368000+00:00,2026-01-06 03:16:35.375356+00:00,95.368,0.645,0.64,0.65,0.355,0.35,0.36,,,,
2026-01-06 03:16:36.394000+00:00,2026-01-06 03:16:36.378937+00:00,96.394,0.645,0.64,0.65,0.355,0.35,0.36,,,,
2026-01-06 03:16:37.383000+00:00,2026-01-06 03:16:37.417693+00:00,97.383,0.635,0.63,0.64,0.365,0.36,0.37,,,,
2026-01-06 03:16:38.323000+00:00,2026-01-06 03:16:38.417527+00:00,98.323,0.635,0.63,0.64,0.365,0.36,0.37,,,,
2026-01-06 03:16:39.411000+00:00,2026-01-06 03:16:39.421829+00:00,99.411,0.635,0.63,0.64,0.365,0.36,0.37,,,,
2026-01-06 03:16:40.410000+00:00,2026-01-06 03:16:40.441493+00:00,100.41,0.645,0.64,0.65,0.355,0.35,0.36,,,,
2026-01-06 03:16:41.395000+00:00,2026-01-06 03:16:41.440120+00:00,101.395,0.655,0.65,0.66,0.345,0.34,0.35,,,,
2026-01-06 03:16:42.433000+00:00,2026-01-06 03:16:42.443150+00:00,102.433,0.655,0.65,0.66,0.335,0.33,0.34,,,,
2026-01-06 03:16:43.498000+00:00,2026-01-06 03:16:43.477452+00:00,103.498,0.705,0.7,0.71,0.295,0.29,0.3,,,,
2026-01-06 03:16:44.475000+00:00,2026-01-06 03:16:44.481950+00:00,104.475,0.715,0.71,0.72,0.285,0.28,0.29,,,,
2026-01-06 03:16:45.449000+00:00,2026-01-06 03:16:45.475337+00:00,105.449,0.715,0.71,0.72,0.285,0.28,0.29,,,,
2026-01-06 03:16:46.457000+00:00,2026-01-06 03:16:46.470381+00:00,106.457,0.705,0.7,0.71,0.295,0.29,0.3,,,,
2026-01-06 03:16:47.465000+00:00,2026-01-06 03:16:47.479674+00:00,107.465,0.71,0.7,0.72,0.29,0.28,0.3,,,,
2026-01-06 03:16:48.461000+00:00,2026-01-06 03:16:48.492766+00:00,108.461,0.715,0.71,0.72,0.285,0.28,0.29,,,,
2026-01-06 03:16:49.490000+00:00,2026-01-06 03:16:49.514511+00:00,109.49,0.725,0.72,0.73,0.275,0.27,0.28,,,,
2026-01-06 03:16:50.501000+00:00,2026-01-06 03:16:50.526500+00:00,110.501,0.715,0.71,0.72,0.285,0.28,0.29,,,,
2026-01-06 03:16:51.522000+00:00,2026-01-06 03:16:51.546160+00:00,111.522,0.715,0.71,0.72,0.285,0.28,0.29,,,,
2026-01-06 03:16:52.528000+00:00,2026-01-06 03:16:52.542994+00:00,112.528,0.715,0.71,0.72,0.285,0.28,0.29,,,,
2026-01-06 03:16:53.794000+00:00,2026-01-06 03:16:53.709673+00:00,113.794,0.715,0.71,0.72,0.285,0.28,0.29,,,,
2026-01-06 03:16:54.887000+00:00,2026-01-06 03:16:54.891617+00:00,114.887,0.71,0.7,0.72,0.29,0.28,0.3,,,,
2026-01-06 03:16:56.192000+00:00,2026-01-06 03:16:56.208000+00:00,116.192,0.705,0.7,0.71,0.295,0.29,0.3,,,,
2026-01-06 03:16:57.197000+00:00,2026-01-06 03:16:57.235503+00:00,117.197,0.715,0.71,0.72,0.285,0.28,0.29,,,,
2026-01-06 03:16:58.224000+00:00,2026-01-06 03:16:58.244153+00:00,118.224,0.715,0.71,0.72,0.285,0.28,0.29,,,,
2026-01-06 03:16:59.222000+00:00,2026-01-06 03:16:59.243136+00:00,119.222,0.715,0.71,0.72,0.285,0.28,0.29,,,,
2026-01-06 03:17:00.185000+00:00,2026-01-06 03:17:00.268057+00:00,120.185,0.715,0.71,0.72,0.285,0.28,0.29,,,,
2026-01-06 03:17:01.275000+00:00,2026-01-06 03:17:01.289765+00:00,121.275,0.715,0.71,0.72,0.285,0.28,0.29,,,,
2026-01-06 03:17:02.377000+00:00,2026-01-06 03:17:02.406144+00:00,122.377,0.715,0.71,0.72,0.285,0.28,0.29,,,,
2026-01-06 03:17:03.429000+00:00,2026-01-06 03:17:03.412802+00:00,123.429,0.715,0.71,0.72,0.275,0.27,0.28,,,,
2026-01-06 03:17:04.406000+00:00,2026-01-06 03:17:04.421789+00:00,124.406,0.735,0.73,0.74,0.265,0.26,0.27,,,,
2026-01-06 03:17:05.434000+00:00,2026-01-06 03:17:05.446811+00:00,125.434,0.735,0.73,0.74,0.265,0.26,0.27,,,,
2026-01-06 03:17:06.884000+00:00,2026-01-06 03:17:06.887411+00:00,126.884,0.745,0.74,0.75,0.255,0.25,0.26,,,,
2026-01-06 03:17:07.882000+00:00,2026-01-06 03:17:07.917450+00:00,127.882,0.745,0.74,0.75,0.255,0.25,0.26,,,,
2026-01-06 03:17:09.282000+00:00,2026-01-06 03:17:09.292115+00:00,129.282,0.745,0.74,0.75,0.255,0.25,0.26,,,,
2026-01-06 03:17:10.299000+00:00,2026-01-06 03:17:10.309935+00:00,130.299,0.74,0.73,0.75,0.265,0.26,0.27,,,,
2026-01-06 03:17:11.314000+00:00,2026-01-06 03:17:11.325342+00:00,131.314,0.745,0.74,0.75,0.255,0.25,0.26,,,,
2026-01-06 03:17:12.301000+00:00,2026-01-06 03:17:12.346643+00:00,132.301,0.74,0.73,0.75,0.26,0.25,0.27,,,,
2026-01-06 03:17:13.349000+00:00,2026-01-06 03:17:13.356356+00:00,133.349,0.735,0.73,0.74,0.265,0.26,0.27,,,,
2026-01-06 03:17:14.297000+00:00,2026-01-06 03:17:14.367186+00:00,134.297,0.73,0.72,0.74,0.27,0.26,0.28,,,,
2026-01-06 03:17:15.362000+00:00,2026-01-06 03:17:15.397128+00:00,135.362,0.735,0.73,0.74,0.265,0.26,0.27,,,,
2026-01-06 03:17:16.414000+00:00,2026-01-06 03:17:16.412507+00:00,136.414,0.725,0.72,0.73,0.275,0.27,0.28,,,,
2026-01-06 03:17:17.347000+00:00,2026-01-06 03:17:17.427165+00:00,137.347,0.675,0.66,0.69,0.3299999999999999,0.31,0.35,,,,
2026-01-06 03:17:18.423000+00:00,2026-01-06 03:17:18.451565+00:00,138.423,0.66,0.65,0.67,0.36,0.35,0.37,,,,
2026-01-06 03:17:19.433000+00:00,2026-01-06 03:17:19.451981+00:00,139.433,0.615,0.61,0.62,0.385,0.38,0.39,,,,
2026-01-06 03:17:20.460000+00:00,2026-01-06 03:17:20.470287+00:00,140.46,0.615,0.6,0.63,0.38,0.37,0.39,,,,
2026-01-06 03:17:21.671000+00:00,2026-01-06 03:17:21.686977+00:00,141.671,0.635,0.63,0.64,0.365,0.36,0.37,,,,
2026-01-06 03:17:22.835000+00:00,2026-01-06 03:17:22.857613+00:00,142.835,0.625,0.62,0.63,0.375,0.37,0.38,,,,
2026-01-06 03:17:24.199000+00:00,2026-01-06 03:17:24.217487+00:00,144.199,0.625,0.62,0.63,0.375,0.37,0.38,,,,
2026-01-06 03:17:25.169000+00:00,2026-01-06 03:17:25.202141+00:00,145.169,0.635,0.63,0.64,0.365,0.36,0.37,,,,
2026-01-06 03:17:26.171000+00:00,2026-01-06 03:17:26.212515+00:00,146.171,0.635,0.63,0.64,0.365,0.36,0.37,,,,
2026-01-06 03:17:27.209000+00:00,2026-01-06 03:17:27.220269+00:00,147.209,0.625,0.62,0.63,0.37,0.36,0.38,,,,
2026-01-06 03:17:28.240000+00:00,2026-01-06 03:17:28.244493+00:00,148.24,0.63,0.62,0.64,0.365,0.36,0.37,,,,
2026-01-06 03:17:29.206000+00:00,2026-01-06 03:17:29.285464+00:00,149.206,0.635,0.63,0.64,0.365,0.36,0.37,,,,
2026-01-06 03:17:30.601000+00:00,2026-01-06 03:17:30.597534+00:00,150.601,0.635,0.63,0.64,0.365,0.36,0.37,,,,
2026-01-06 03:17:31.618000+00:00,2026-01-06 03:17:31.624655+00:00,151.618,0.635,0.63,0.64,0.365,0.36,0.37,,,,
2026-01-06 03:17:32.813000+00:00,2026-01-06 03:17:32.823326+00:00,152.813,0.635,0.63,0.64,0.365,0.36,0.37,,,,
2026-01-06 03:17:33.832000+00:00,2026-01-06 03:17:33.848499+00:00,153.832,0.635,0.63,0.64,0.365,0.36,0.37,,,,
2026-01-06 03:17:34.821000+00:00,2026-01-06 03:17:34.846964+00:00,154.821,0.63,0.62,0.64,0.37,0.36,0.38,,,,
2026-01-06 03:17:35.850000+00:00,2026-01-06 03:17:35.865428+00:00,155.85,0.635,0.63,0.64,0.365,0.36,0.37,,,,
2026-01-06 03:17:37.134000+00:00,2026-01-06 03:17:37.150319+00:00,157.134,0.615,0.61,0.62,0.39,0.38,0.4,,,,
2026-01-06 03:17:38.149000+00:00,2026-01-06 03:17:38.159128+00:00,158.149,0.595,0.59,0.6,0.405,0.4,0.41,,,,
2026-01-06 03:17:39.150000+00:00,2026-01-06 03:17:39.185829+00:00,159.15,0.585,0.58,0.59,0.415,0.41,0.42,,,,
2026-01-06 03:17:40.483000+00:00,2026-01-06 03:17:40.521510+00:00,160.483,0.585,0.58,0.59,0.415,0.41,0.42,,,,
2026-01-06 03:17:41.523000+00:00,2026-01-06 03:17:41.527460+00:00,161.523,0.575,0.57,0.58,0.415,0.41,0.42,,,,
2026-01-06 03:17:42.499000+00:00,2026-01-06 03:17:42.547435+00:00,162.499,0.575,0.57,0.58,0.425,0.42,0.43,,,,
2026-01-06 03:17:43.542000+00:00,2026-01-06 03:17:43.562749+00:00,163.542,0.575,0.57,0.58,0.425,0.42,0.43,,,,
2026-01-06 03:17:44.556000+00:00,2026-01-06 03:17:44.572947+00:00,164.556,0.585,0.58,0.59,0.405,0.4,0.41,,,,
2026-01-06 03:17:45.571000+00:00,2026-01-06 03:17:45.581042+00:00,165.571,0.595,0.59,0.6,0.405,0.4,0.41,,,,
2026-01-06 03:17:46.621000+00:00,2026-01-06 03:17:46.634216+00:00,166.621,0.595,0.59,0.6,0.405,0.4,0.41,,,,
2026-01-06 03:17:47.680000+00:00,2026-01-06 03:17:47.648006+00:00,167.68,0.595,0.59,0.6,0.405,0.4,0.41,,,,
2026-01-06 03:17:48.625000+00:00,2026-01-06 03:17:48.663728+00:00,168.625,0.585,0.58,0.59,0.415,0.41,0.42,,,,
2026-01-06 03:17:49.666000+00:00,2026-01-06 03:17:49.678102+00:00,169.666,0.585,0.58,0.59,0.415,0.41,0.42,,,,
2026-01-06 03:17:50.934000+00:00,2026-01-06 03:17:50.943778+00:00,170.934,0.59,0.58,0.6,0.41,0.4,0.42,,,,
2026-01-06 03:17:51.904000+00:00,2026-01-06 03:17:51.955494+00:00,171.904,0.59,0.58,0.6,0.41,0.4,0.42,,,,
2026-01-06 03:17:52.977000+00:00,2026-01-06 03:17:52.973861+00:00,172.977,0.595,0.59,0.6,0.405,0.4,0.41,,,,
2026-01-06 03:17:54.156000+00:00,2026-01-06 03:17:54.140772+00:00,174.156,0.595,0.59,0.6,0.405,0.4,0.41,,,,
2026-01-06 03:17:55.076000+00:00,2026-01-06 03:17:55.158572+00:00,175.076,0.595,0.59,0.6,0.405,0.4,0.41,,,,
2026-01-06 03:17:56.150000+00:00,2026-01-06 03:17:56.174909+00:00,176.15,0.59,0.58,0.6,0.41,0.4,0.42,,,,
2026-01-06 03:17:57.134000+00:00,2026-01-06 03:17:57.185315+00:00,177.134,0.59,0.58,0.6,0.41,0.4,0.42,,,,
2026-01-06 03:17:58.175000+00:00,2026-01-06 03:17:58.186813+00:00,178.175,0.58,0.57,0.59,0.42,0.41,0.43,,,,
2026-01-06 03:17:59.427000+00:00,2026-01-06 03:17:59.451915+00:00,179.427,0.59,0.58,0.6,0.41,0.4,0.42,,,,
2026-01-06 03:18:00.380000+00:00,2026-01-06 03:18:00.436535+00:00,180.38,0.585,0.58,0.59,0.415,0.41,0.42,,,,
2026-01-06 03:18:01.432000+00:00,2026-01-06 03:18:01.448375+00:00,181.432,0.595,0.59,0.6,0.385,0.38,0.39,,,,
2026-01-06 03:18:02.639000+00:00,2026-01-06 03:18:02.641492+00:00,182.639,0.655,0.65,0.66,0.345,0.34,0.35,,,,
2026-01-06 03:18:03.633000+00:00,2026-01-06 03:18:03.652210+00:00,183.633,0.655,0.65,0.66,0.335,0.33,0.34,,,,
2026-01-06 03:18:04.683000+00:00,2026-01-06 03:18:04.691174+00:00,184.683,0.665,0.66,0.67,0.335,0.33,0.34,,,,
2026-01-06 03:18:05.638000+00:00,2026-01-06 03:18:05.690864+00:00,185.638,0.665,0.66,0.67,0.335,0.33,0.34,,,,
2026-01-06 03:18:06.738000+00:00,2026-01-06 03:18:06.729467+00:00,186.738,0.665,0.66,0.67,0.335,0.33,0.34,,,,
2026-01-06 03:18:07.831000+00:00,2026-01-06 03:18:07.728763+00:00,187.831,0.655,0.65,0.66,0.345,0.34,0.35,,,,
2026-01-06 03:18:08.848000+00:00,2026-01-06 03:18:08.871557+00:00,188.848,0.665,0.66,0.67,0.335,0.33,0.34,,,,
2026-01-06 03:18:09.869000+00:00,2026-01-06 03:18:09.902280+00:00,189.869,0.665,0.66,0.67,0.3399999999999999,0.33,0.35,,,,
2026-01-06 03:18:10.964000+00:00,2026-01-06 03:18:11.003277+00:00,190.964,0.66,0.65,0.67,0.345,0.34,0.35,,,,
2026-01-06 03:18:12.033000+00:00,2026-01-06 03:18:12.010425+00:00,192.033,0.655,0.65,0.66,0.345,0.34,0.35,,,,
2026-01-06 03:18:13.442000+00:00,2026-01-06 03:18:13.349891+00:00,193.442,0.665,0.66,0.67,0.335,0.33,0.34,,,,
2026-01-06 03:18:14.336000+00:00,2026-01-06 03:18:14.351918+00:00,194.336,0.655,0.65,0.66,0.345,0.34,0.35,,,,
2026-01-06 03:18:15.633000+00:00,2026-01-06 03:18:15.629003+00:00,195.633,0.645,0.64,0.65,0.355,0.35,0.36,,,,
2026-01-06 03:18:16.633000+00:00,2026-01-06 03:18:16.645828+00:00,196.633,0.655,0.65,0.66,0.345,0.34,0.35,,,,
2026-01-06 03:18:17.601000+00:00,2026-01-06 03:18:17.654443+00:00,197.601,0.655,0.65,0.66,0.345,0.34,0.35,,,,
2026-01-06 03:18:18.570000+00:00,2026-01-06 03:18:18.655525+00:00,198.57,0.655,0.65,0.66,0.345,0.34,0.35,,,,
2026-01-06 03:18:19.658000+00:00,2026-01-06 03:18:19.664222+00:00,199.658,0.655,0.65,0.66,0.345,0.34,0.35,,,,
2026-01-06 03:18:20.678000+00:00,2026-01-06 03:18:20.738067+00:00,200.678,0.645,0.64,0.65,0.355,0.35,0.36,,,,
2026-01-06 03:18:21.610000+00:00,2026-01-06 03:18:21.743638+00:00,201.61,0.645,0.64,0.65,0.35,0.34,0.36,,,,
2026-01-06 03:18:22.677000+00:00,2026-01-06 03:18:22.761466+00:00,202.677,0.655,0.65,0.66,0.345,0.34,0.35,,,,
2026-01-06 03:18:23.785000+00:00,2026-01-06 03:18:23.802761+00:00,203.785,0.655,0.65,0.66,0.345,0.34,0.35,,,,
2026-01-06 03:18:24.961000+00:00,2026-01-06 03:18:24.968908+00:00,204.961,0.66,0.65,0.67,0.345,0.34,0.35,,,,
2026-01-06 03:18:25.961000+00:00,2026-01-06 03:18:25.973606+00:00,205.961,0.64,0.63,0.65,0.355,0.35,0.36,,,,
2026-01-06 03:18:26.864000+00:00,2026-01-06 03:18:26.976963+00:00,206.864,0.645,0.64,0.65,0.355,0.35,0.36,,,,
2026-01-06 03:18:28.003000+00:00,2026-01-06 03:18:28.020450+00:00,208.003,0.645,0.64,0.65,0.355,0.35,0.36,,,,
2026-01-06 03:18:29.014000+00:00,2026-01-06 03:18:29.040540+00:00,209.014,0.645,0.64,0.65,0.355,0.35,0.36,,,,
2026-01-06 03:18:30.046000+00:00,2026-01-06 03:18:30.053031+00:00,210.046,0.645,0.64,0.65,0.355,0.35,0.36,,,,
2026-01-06 03:18:31.171000+00:00,2026-01-06 03:18:31.240226+00:00,211.171,0.605,0.6,0.61,0.395,0.39,0.4,,,,
2026-01-06 03:18:32.254000+00:00,2026-01-06 03:18:32.243026+00:00,212.254,0.605,0.6,0.61,0.395,0.39,0.4,,,,
2026-01-06 03:18:33.201000+00:00,2026-01-06 03:18:33.242746+00:00,213.201,0.625,0.62,0.63,0.375,0.37,0.38,,,,
2026-01-06 03:18:34.250000+00:00,2026-01-06 03:18:34.239826+00:00,214.25,0.625,0.62,0.63,0.385,0.38,0.39,,,,
2026-01-06 03:18:35.190000+00:00,2026-01-06 03:18:35.243410+00:00,215.19,0.615,0.61,0.62,0.385,0.38,0.39,,,,
2026-01-06 03:18:36.134000+00:00,2026-01-06 03:18:36.286518+00:00,216.134,0.615,0.61,0.62,0.385,0.38,0.39,,,,
2026-01-06 03:18:37.673000+00:00,2026-01-06 03:18:37.701262+00:00,217.673,0.605,0.6,0.61,0.395,0.39,0.4,,,,
2026-01-06 03:18:38.662000+00:00,2026-01-06 03:18:38.706809+00:00,218.662,0.605,0.6,0.61,0.395,0.39,0.4,,,,
2026-01-06 03:18:39.716000+00:00,2026-01-06 03:18:39.721922+00:00,219.716,0.605,0.6,0.61,0.395,0.39,0.4,,,,
2026-01-06 03:18:40.713000+00:00,2026-01-06 03:18:40.738481+00:00,220.713,0.605,0.6,0.61,0.395,0.39,0.4,,,,
2026-01-06 03:18:41.804000+00:00,2026-01-06 03:18:41.751001+00:00,221.804,0.605,0.6,0.61,0.395,0.39,0.4,,,,
2026-01-06 03:18:42.709000+00:00,2026-01-06 03:18:42.761648+00:00,222.709,0.605,0.6,0.61,0.395,0.39,0.4,,,,
2026-01-06 03:18:43.745000+00:00,2026-01-06 03:18:43.786246+00:00,223.745,0.605,0.6,0.61,0.395,0.39,0.4,,,,
2026-01-06 03:18:44.753000+00:00,2026-01-06 03:18:44.780718+00:00,224.753,0.605,0.6,0.61,0.395,0.39,0.4,,,,
2026-01-06 03:18:46.137000+00:00,2026-01-06 03:18:46.147844+00:00,226.137,0.605,0.6,0.61,0.395,0.39,0.4,,,,
2026-01-06 03:18:47.094000+00:00,2026-01-06 03:18:47.152018+00:00,227.094,0.605,0.6,0.61,0.395,0.39,0.4,,,,
2026-01-06 03:18:48.132000+00:00,2026-01-06 03:18:48.167255+00:00,228.132,0.605,0.6,0.61,0.395,0.39,0.4,,,,
2026-01-06 03:18:49.151000+00:00,2026-01-06 03:18:49.188603+00:00,229.151,0.605,0.6,0.61,0.395,0.39,0.4,,,,
2026-01-06 03:18:50.219000+00:00,2026-01-06 03:18:50.218120+00:00,230.219,0.615,0.61,0.62,0.385,0.38,0.39,,,,
2026-01-06 03:18:51.218000+00:00,2026-01-06 03:18:51.236791+00:00,231.218,0.615,0.61,0.62,0.385,0.38,0.39,,,,
2026-01-06 03:18:52.244000+00:00,2026-01-06 03:18:52.275791+00:00,232.244,0.615,0.61,0.62,0.385,0.38,0.39,,,,
2026-01-06 03:18:53.258000+00:00,2026-01-06 03:18:53.275555+00:00,233.258,0.615,0.61,0.62,0.385,0.38,0.39,,,,
2026-01-06 03:18:54.257000+00:00,2026-01-06 03:18:54.280802+00:00,234.257,0.615,0.61,0.62,0.385,0.38,0.39,,,,
2026-01-06 03:18:55.205000+00:00,2026-01-06 03:18:55.292135+00:00,235.205,0.615,0.61,0.62,0.385,0.38,0.39,,,,
2026-01-06 03:18:56.286000+00:00,2026-01-06 03:18:56.303412+00:00,236.286,0.615,0.61,0.62,0.385,0.38,0.39,,,,
2026-01-06 03:18:57.278000+00:00,2026-01-06 03:18:57.334149+00:00,237.278,0.615,0.61,0.62,0.385,0.38,0.39,,,,
2026-01-06 03:18:58.319000+00:00,2026-01-06 03:18:58.349727+00:00,238.319,0.615,0.61,0.62,0.385,0.38,0.39,,,,
2026-01-06 03:18:59.716000+00:00,2026-01-06 03:18:59.733301+00:00,239.716,0.615,0.61,0.62,0.385,0.38,0.39,,,,
2026-01-06 03:19:00.705000+00:00,2026-01-06 03:19:00.739423+00:00,240.705,0.615,0.61,0.62,0.385,0.38,0.39,,,,
2026-01-06 03:19:01.787000+00:00,2026-01-06 03:19:01.738834+00:00,241.787,0.615,0.61,0.62,0.385,0.38,0.39,,,,
2026-01-06 03:19:02.715000+00:00,2026-01-06 03:19:02.735722+00:00,242.715,0.635,0.63,0.64,0.365,0.36,0.37,,,,
2026-01-06 03:19:03.771000+00:00,2026-01-06 03:19:03.781594+00:00,243.771,0.635,0.63,0.64,0.365,0.36,0.37,,,,
2026-01-06 03:19:04.733000+00:00,2026-01-06 03:19:04.794738+00:00,244.733,0.635,0.63,0.64,0.365,0.36,0.37,,,,
2026-01-06 03:19:05.777000+00:00,2026-01-06 03:19:05.810601+00:00,245.777,0.635,0.63,0.64,0.365,0.36,0.37,,,,
2026-01-06 03:19:06.917000+00:00,2026-01-06 03:19:06.936413+00:00,246.917,0.63,0.62,0.64,0.37,0.36,0.38,,,,
2026-01-06 03:19:07.955000+00:00,2026-01-06 03:19:07.941299+00:00,247.955,0.63,0.62,0.64,0.37,0.36,0.38,,,,
2026-01-06 03:19:08.916000+00:00,2026-01-06 03:19:08.946609+00:00,248.916,0.63,0.62,0.64,0.365,0.36,0.37,,,,
2026-01-06 03:19:10.419000+00:00,2026-01-06 03:19:10.452348+00:00,250.419,0.645,0.64,0.65,0.355,0.35,0.36,,,,
2026-01-06 03:19:11.435000+00:00,2026-01-06 03:19:11.455661+00:00,251.435,0.645,0.64,0.65,0.355,0.35,0.36,,,,
2026-01-06 03:19:12.767000+00:00,2026-01-06 03:19:12.786625+00:00,252.767,0.635,0.63,0.64,0.365,0.36,0.37,,,,
2026-01-06 03:19:13.751000+00:00,2026-01-06 03:19:13.914300+00:00,253.751,0.645,0.64,0.65,0.355,0.35,0.36,,,,
2026-01-06 03:19:14.912000+00:00,2026-01-06 03:19:14.914400+00:00,254.912,0.645,0.64,0.65,0.355,0.35,0.36,,,,
2026-01-06 03:19:15.907000+00:00,2026-01-06 03:19:15.919005+00:00,255.907,0.645,0.64,0.65,0.355,0.35,0.36,,,,
2026-01-06 03:19:16.908000+00:00,2026-01-06 03:19:16.930469+00:00,256.908,0.705,0.7,0.71,0.295,0.29,0.3,,,,
2026-01-06 03:19:18.361000+00:00,2026-01-06 03:19:18.379593+00:00,258.361,0.7,0.69,0.71,0.305,0.3,0.31,,,,
2026-01-06 03:19:19.365000+00:00,2026-01-06 03:19:19.385880+00:00,259.365,0.685,0.68,0.69,0.315,0.31,0.32,,,,
2026-01-06 03:19:20.756000+00:00,2026-01-06 03:19:20.764154+00:00,260.756,0.685,0.68,0.69,0.315,0.31,0.32,,,,
2026-01-06 03:19:21.877000+00:00,2026-01-06 03:19:21.815562+00:00,261.877,0.69,0.68,0.7,0.305,0.3,0.31,,,,
2026-01-06 03:19:22.796000+00:00,2026-01-06 03:19:22.824309+00:00,262.796,0.695,0.69,0.7,0.305,0.3,0.31,,,,
2026-01-06 03:19:23.767000+00:00,2026-01-06 03:19:23.835259+00:00,263.767,0.715,0.71,0.72,0.265,0.26,0.27,,,,
2026-01-06 03:19:25.310000+00:00,2026-01-06 03:19:25.335305+00:00,265.31,0.745,0.74,0.75,0.255,0.25,0.26,,,,
2026-01-06 03:19:26.329000+00:00,2026-01-06 03:19:26.346760+00:00,266.329,0.745,0.74,0.75,0.255,0.25,0.26,,,,
2026-01-06 03:19:27.420000+00:00,2026-01-06 03:19:27.510838+00:00,267.42,0.74,0.73,0.75,0.26,0.25,0.27,,,,
2026-01-06 03:19:28.524000+00:00,2026-01-06 03:19:28.522536+00:00,268.524,0.74,0.73,0.75,0.265,0.26,0.27,,,,
2026-01-06 03:19:29.686000+00:00,2026-01-06 03:19:29.708249+00:00,269.686,0.73,0.72,0.74,0.27,0.26,0.28,,,,
2026-01-06 03:19:30.632000+00:00,2026-01-06 03:19:30.711421+00:00,270.632,0.73,0.72,0.74,0.27,0.26,0.28,,,,
2026-01-06 03:19:31.742000+00:00,2026-01-06 03:19:31.787341+00:00,271.742,0.725,0.72,0.73,0.275,0.27,0.28,,,,
2026-01-06 03:19:32.791000+00:00,2026-01-06 03:19:32.803253+00:00,272.791,0.73,0.72,0.74,0.27,0.26,0.28,,,,
2026-01-06 03:19:33.777000+00:00,2026-01-06 03:19:33.817045+00:00,273.777,0.73,0.72,0.74,0.27,0.26,0.28,,,,
2026-01-06 03:19:34.912000+00:00,2026-01-06 03:19:34.899581+00:00,274.912,0.73,0.72,0.74,0.27,0.26,0.28,,,,
2026-01-06 03:19:35.884000+00:00,2026-01-06 03:19:35.902228+00:00,275.884,0.73,0.72,0.74,0.27,0.26,0.28,,,,
2026-01-06 03:19:36.903000+00:00,2026-01-06 03:19:36.922120+00:00,276.903,0.735,0.73,0.74,0.265,0.26,0.27,,,,
2026-01-06 03:19:37.920000+00:00,2026-01-06 03:19:37.935424+00:00,277.92,0.735,0.73,0.74,0.265,0.26,0.27,,,,
2026-01-06 03:19:38.940000+00:00,2026-01-06 03:19:38.953692+00:00,278.94,0.755,0.75,0.76,0.245,0.24,0.25,,,,
2026-01-06 03:19:40.131000+00:00,2026-01-06 03:19:40.171439+00:00,280.131,0.745,0.74,0.75,0.255,0.25,0.26,,,,
2026-01-06 03:19:41.334000+00:00,2026-01-06 03:19:41.179797+00:00,281.334,0.755,0.75,0.76,0.245,0.24,0.25,,,,
2026-01-06 03:19:42.082000+00:00,2026-01-06 03:19:42.188033+00:00,282.082,0.755,0.75,0.76,0.245,0.24,0.25,,,,
2026-01-06 03:19:43.182000+00:00,2026-01-06 03:19:43.198869+00:00,283.182,0.765,0.76,0.77,0.235,0.23,0.24,,,,
2026-01-06 03:19:44.133000+00:00,2026-01-06 03:19:44.187552+00:00,284.133,0.76,0.75,0.77,0.24,0.23,0.25,,,,
2026-01-06 03:19:45.197000+00:00,2026-01-06 03:19:45.185556+00:00,285.197,0.765,0.76,0.77,0.24,0.23,0.25,,,,
2026-01-06 03:19:46.365000+00:00,2026-01-06 03:19:46.377137+00:00,286.365,0.755,0.74,0.77,0.245,0.23,0.26,,,,
2026-01-06 03:19:47.366000+00:00,2026-01-06 03:19:47.396601+00:00,287.366,0.735,0.73,0.74,0.265,0.26,0.27,,,,
2026-01-06 03:19:48.380000+00:00,2026-01-06 03:19:48.398234+00:00,288.38,0.735,0.73,0.74,0.265,0.26,0.27,,,,
2026-01-06 03:19:49.446000+00:00,2026-01-06 03:19:49.450609+00:00,289.446,0.725,0.72,0.73,0.275,0.27,0.28,,,,
2026-01-06 03:19:50.443000+00:00,2026-01-06 03:19:50.449039+00:00,290.443,0.73,0.72,0.74,0.27,0.26,0.28,,,,
2026-01-06 03:19:51.389000+00:00,2026-01-06 03:19:51.453148+00:00,291.389,0.735,0.73,0.74,0.265,0.26,0.27,,,,
2026-01-06 03:19:52.395000+00:00,2026-01-06 03:19:52.465269+00:00,292.395,0.735,0.73,0.74,0.265,0.26,0.27,,,,
2026-01-06 03:19:53.640000+00:00,2026-01-06 03:19:53.663645+00:00,293.64,0.735,0.73,0.74,0.265,0.26,0.27,,,,
2026-01-06 03:19:54.654000+00:00,2026-01-06 03:19:54.686517+00:00,294.654,0.735,0.73,0.74,0.265,0.26,0.27,,,,
2026-01-06 03:19:55.748000+00:00,2026-01-06 03:19:55.765595+00:00,295.748,0.735,0.73,0.74,0.265,0.26,0.27,,,,
2026-01-06 03:19:56.759000+00:00,2026-01-06 03:19:56.779279+00:00,296.759,0.725,0.72,0.73,0.275,0.27,0.28,,,,
2026-01-06 03:19:57.710000+00:00,2026-01-06 03:19:57.766918+00:00,297.71,0.735,0.73,0.74,0.265,0.26,0.27,,,,
2026-01-06 03:19:58.734000+00:00,2026-01-06 03:19:58.777589+00:00,298.734,0.735,0.73,0.74,0.265,0.26,0.27,,,,
2026-01-06 03:19:59.764000+00:00,2026-01-06 03:19:59.785971+00:00,299.764,0.735,0.73,0.74,0.265,0.26,0.27,,,,
2026-01-06 03:20:01.341000+00:00,2026-01-06 03:20:01.353193+00:00,301.341,0.745,0.74,0.75,0.255,0.25,0.26,,,,
2026-01-06 03:20:02.371000+00:00,2026-01-06 03:20:02.367865+00:00,302.371,0.725,0.72,0.73,0.28,0.27,0.29,,,,
2026-01-06 03:20:03.310000+00:00,2026-01-06 03:20:03.370941+00:00,303.31,0.69,0.68,0.7,0.335,0.33,0.34,,,,
2026-01-06 03:20:04.356000+00:00,2026-01-06 03:20:04.374509+00:00,304.356,0.675,0.67,0.68,0.325,0.32,0.33,,,,
2026-01-06 03:20:05.339000+00:00,2026-01-06 03:20:05.378483+00:00,305.339,0.675,0.67,0.68,0.325,0.32,0.33,,,,
2026-01-06 03:20:06.414000+00:00,2026-01-06 03:20:06.375203+00:00,306.414,0.645,0.64,0.65,0.355,0.35,0.36,,,,
2026-01-06 03:20:07.371000+00:00,2026-01-06 03:20:07.383067+00:00,307.371,0.65,0.64,0.66,0.345,0.34,0.35,,,,
2026-01-06 03:20:08.369000+00:00,2026-01-06 03:20:08.384567+00:00,308.369,0.655,0.65,0.66,0.335,0.33,0.34,,,,
2026-01-06 03:20:09.397000+00:00,2026-01-06 03:20:09.406310+00:00,309.397,0.725,0.72,0.73,0.29,0.27,0.31,,,,
2026-01-06 03:20:10.400000+00:00,2026-01-06 03:20:10.427097+00:00,310.4,0.695,0.69,0.7,0.305,0.3,0.31,,,,
2026-01-06 03:20:11.372000+00:00,2026-01-06 03:20:11.420390+00:00,311.372,0.695,0.69,0.7,0.305,0.3,0.31,,,,
2026-01-06 03:20:12.391000+00:00,2026-01-06 03:20:12.414826+00:00,312.391,0.695,0.69,0.7,0.295,0.29,0.3,,,,
2026-01-06 03:20:13.381000+00:00,2026-01-06 03:20:13.403522+00:00,313.381,0.715,0.71,0.72,0.285,0.28,0.29,,,,
2026-01-06 03:20:14.356000+00:00,2026-01-06 03:20:14.427297+00:00,314.356,0.725,0.72,0.73,0.275,0.27,0.28,,,,
2026-01-06 03:20:15.413000+00:00,2026-01-06 03:20:15.443635+00:00,315.413,0.715,0.71,0.72,0.28,0.27,0.29,,,,
2026-01-06 03:20:16.454000+00:00,2026-01-06 03:20:16.463857+00:00,316.454,0.725,0.72,0.73,0.275,0.27,0.28,,,,
2026-01-06 03:20:17.472000+00:00,2026-01-06 03:20:17.514683+00:00,317.472,0.735,0.73,0.74,0.265,0.26,0.27,,,,
2026-01-06 03:20:18.575000+00:00,2026-01-06 03:20:18.570381+00:00,318.575,0.735,0.73,0.74,0.265,0.26,0.27,,,,
2026-01-06 03:20:19.545000+00:00,2026-01-06 03:20:19.580990+00:00,319.545,0.735,0.73,0.74,0.265,0.26,0.27,,,,
2026-01-06 03:20:20.565000+00:00,2026-01-06 03:20:20.588916+00:00,320.565,0.725,0.72,0.73,0.275,0.27,0.28,,,,
2026-01-06 03:20:21.572000+00:00,2026-01-06 03:20:21.605561+00:00,321.572,0.725,0.72,0.73,0.275,0.27,0.28,,,,
2026-01-06 03:20:22.575000+00:00,2026-01-06 03:20:22.669726+00:00,322.575,0.72,0.71,0.73,0.28,0.27,0.29,,,,
2026-01-06 03:20:23.672000+00:00,2026-01-06 03:20:23.674090+00:00,323.672,0.725,0.72,0.73,0.275,0.27,0.28,,,,
2026-01-06 03:20:24.668000+00:00,2026-01-06 03:20:24.680074+00:00,324.668,0.725,0.72,0.73,0.275,0.27,0.28,,,,
2026-01-06 03:20:25.965000+00:00,2026-01-06 03:20:25.981506+00:00,325.965,0.725,0.72,0.73,0.27,0.26,0.28,,,,
2026-01-06 03:20:26.952000+00:00,2026-01-06 03:20:26.964992+00:00,326.952,0.745,0.74,0.75,0.255,0.25,0.26,,,,
2026-01-06 03:20:27.932000+00:00,2026-01-06 03:20:27.966238+00:00,327.932,0.745,0.74,0.75,0.255,0.25,0.26,,,,
2026-01-06 03:20:28.933000+00:00,2026-01-06 03:20:28.990267+00:00,328.933,0.745,0.74,0.75,0.255,0.25,0.26,,,,
2026-01-06 03:20:30.017000+00:00,2026-01-06 03:20:30.001980+00:00,330.017,0.745,0.74,0.75,0.255,0.25,0.26,,,,
2026-01-06 03:20:31.009000+00:00,2026-01-06 03:20:31.045385+00:00,331.009,0.745,0.74,0.75,0.255,0.25,0.26,,,,
2026-01-06 03:20:32.006000+00:00,2026-01-06 03:20:32.092186+00:00,332.006,0.745,0.74,0.75,0.255,0.25,0.26,,,,
2026-01-06 03:20:33.003000+00:00,2026-01-06 03:20:33.123802+00:00,333.003,0.745,0.74,0.75,0.255,0.25,0.26,,,,
2026-01-06 03:20:34.110000+00:00,2026-01-06 03:20:34.135119+00:00,334.11,0.755,0.75,0.76,0.245,0.24,0.25,,,,
2026-01-06 03:20:35.075000+00:00,2026-01-06 03:20:35.151321+00:00,335.075,0.755,0.75,0.76,0.245,0.24,0.25,,,,
2026-01-06 03:20:36.243000+00:00,2026-01-06 03:20:36.256816+00:00,336.243,0.745,0.74,0.75,0.255,0.25,0.26,,,,
2026-01-06 03:20:37.320000+00:00,2026-01-06 03:20:37.264661+00:00,337.32,0.755,0.75,0.76,0.24,0.23,0.25,,,,
2026-01-06 03:20:38.270000+00:00,2026-01-06 03:20:38.297009+00:00,338.27,0.765,0.76,0.77,0.235,0.23,0.24,,,,
2026-01-06 03:20:39.338000+00:00,2026-01-06 03:20:39.354649+00:00,339.338,0.765,0.76,0.77,0.235,0.23,0.24,,,,
2026-01-06 03:20:40.232000+00:00,2026-01-06 03:20:40.363001+00:00,340.232,0.765,0.76,0.77,0.235,0.23,0.24,,,,
2026-01-06 03:20:41.319000+00:00,2026-01-06 03:20:41.367713+00:00,341.319,0.765,0.76,0.77,0.235,0.23,0.24,,,,
2026-01-06 03:20:42.378000+00:00,2026-01-06 03:20:42.387538+00:00,342.378,0.76,0.75,0.77,0.24,0.23,0.25,,,,
2026-01-06 03:20:43.359000+00:00,2026-01-06 03:20:43.383917+00:00,343.359,0.765,0.76,0.77,0.235,0.23,0.24,,,,
2026-01-06 03:20:44.391000+00:00,2026-01-06 03:20:44.406548+00:00,344.391,0.755,0.75,0.76,0.245,0.24,0.25,,,,
2026-01-06 03:20:45.345000+00:00,2026-01-06 03:20:45.415537+00:00,345.345,0.76,0.75,0.77,0.2299999999999999,0.22,0.24,,,,
2026-01-06 03:20:46.410000+00:00,2026-01-06 03:20:46.418142+00:00,346.41,0.77,0.76,0.78,0.225,0.22,0.23,,,,
2026-01-06 03:20:47.340000+00:00,2026-01-06 03:20:47.413892+00:00,347.34,0.785,0.78,0.79,0.215,0.21,0.22,,,,
2026-01-06 03:20:48.343000+00:00,2026-01-06 03:20:48.417384+00:00,348.343,0.785,0.78,0.79,0.215,0.21,0.22,,,,
2026-01-06 03:20:49.381000+00:00,2026-01-06 03:20:49.433689+00:00,349.381,0.78,0.77,0.79,0.22,0.21,0.23,,,,
2026-01-06 03:20:50.398000+00:00,2026-01-06 03:20:50.437609+00:00,350.398,0.78,0.77,0.79,0.22,0.21,0.23,,,,
2026-01-06 03:20:51.359000+00:00,2026-01-06 03:20:51.427466+00:00,351.359,0.78,0.77,0.79,0.22,0.21,0.23,,,,
2026-01-06 03:20:52.625000+00:00,2026-01-06 03:20:52.644572+00:00,352.625,0.785,0.78,0.79,0.215,0.21,0.22,,,,
2026-01-06 03:20:53.609000+00:00,2026-01-06 03:20:53.664120+00:00,353.609,0.785,0.78,0.79,0.215,0.21,0.22,,,,
2026-01-06 03:20:54.654000+00:00,2026-01-06 03:20:54.659405+00:00,354.654,0.775,0.77,0.78,0.225,0.22,0.23,,,,
2026-01-06 03:20:55.577000+00:00,2026-01-06 03:20:55.665574+00:00,355.577,0.745,0.74,0.75,0.255,0.25,0.26,,,,
2026-01-06 03:20:56.623000+00:00,2026-01-06 03:20:56.659708+00:00,356.623,0.755,0.75,0.76,0.245,0.24,0.25,,,,
2026-01-06 03:20:57.624000+00:00,2026-01-06 03:20:57.742174+00:00,357.624,0.755,0.75,0.76,0.245,0.24,0.25,,,,
2026-01-06 03:20:58.685000+00:00,2026-01-06 03:20:58.794411+00:00,358.685,0.755,0.75,0.76,0.25,0.24,0.26,,,,
2026-01-06 03:21:00.076000+00:00,2026-01-06 03:21:00.127012+00:00,360.076,0.755,0.75,0.76,0.245,0.24,0.25,,,,
2026-01-06 03:21:01.147000+00:00,2026-01-06 03:21:01.145921+00:00,361.147,0.765,0.76,0.77,0.235,0.23,0.24,,,,
2026-01-06 03:21:02.137000+00:00,2026-01-06 03:21:02.151510+00:00,362.137,0.765,0.76,0.77,0.235,0.23,0.24,,,,
2026-01-06 03:21:03.143000+00:00,2026-01-06 03:21:03.150764+00:00,363.143,0.765,0.76,0.77,0.235,0.23,0.24,,,,
2026-01-06 03:21:04.124000+00:00,2026-01-06 03:21:04.150982+00:00,364.124,0.765,0.76,0.77,0.235,0.23,0.24,,,,
2026-01-06 03:21:05.140000+00:00,2026-01-06 03:21:05.153766+00:00,365.14,0.785,0.78,0.79,0.205,0.2,0.21,,,,
2026-01-06 03:21:06.144000+00:00,2026-01-06 03:21:06.163105+00:00,366.144,0.795,0.79,0.8,0.205,0.2,0.21,,,,
2026-01-06 03:21:07.189000+00:00,2026-01-06 03:21:07.212454+00:00,367.189,0.8200000000000001,0.81,0.83,0.18,0.17,0.19,,,,
2026-01-06 03:21:08.207000+00:00,2026-01-06 03:21:08.211671+00:00,368.207,0.8200000000000001,0.81,0.83,0.18,0.17,0.19,,,,
2026-01-06 03:21:09.204000+00:00,2026-01-06 03:21:09.224471+00:00,369.204,0.81,0.8,0.82,0.195,0.19,0.2,,,,
2026-01-06 03:21:10.374000+00:00,2026-01-06 03:21:10.393432+00:00,370.374,0.81,0.8,0.82,0.19,0.18,0.2,,,,
2026-01-06 03:21:11.556000+00:00,2026-01-06 03:21:11.575677+00:00,371.556,0.805,0.8,0.81,0.19,0.18,0.2,,,,
2026-01-06 03:21:12.706000+00:00,2026-01-06 03:21:12.721058+00:00,372.706,0.805,0.8,0.81,0.195,0.19,0.2,,,,
2026-01-06 03:21:13.695000+00:00,2026-01-06 03:21:13.726296+00:00,373.695,0.815,0.81,0.82,0.185,0.18,0.19,,,,
2026-01-06 03:21:14.704000+00:00,2026-01-06 03:21:14.734814+00:00,374.704,0.8200000000000001,0.81,0.83,0.18,0.17,0.19,,,,
2026-01-06 03:21:15.702000+00:00,2026-01-06 03:21:15.738183+00:00,375.702,0.8200000000000001,0.81,0.83,0.18,0.17,0.19,,,,
2026-01-06 03:21:16.649000+00:00,2026-01-06 03:21:16.736094+00:00,376.649,0.8200000000000001,0.81,0.83,0.18,0.17,0.19,,,,
2026-01-06 03:21:17.709000+00:00,2026-01-06 03:21:17.756955+00:00,377.709,0.815,0.81,0.82,0.185,0.18,0.19,,,,
2026-01-06 03:21:18.773000+00:00,2026-01-06 03:21:18.771316+00:00,378.773,0.795,0.79,0.8,0.19,0.18,0.2,,,,
2026-01-06 03:21:19.753000+00:00,2026-01-06 03:21:19.783415+00:00,379.753,0.815,0.81,0.82,0.185,0.18,0.19,,,,
2026-01-06 03:21:20.786000+00:00,2026-01-06 03:21:20.807297+00:00,380.786,0.805,0.8,0.81,0.195,0.19,0.2,,,,
2026-01-06 03:21:21.790000+00:00,2026-01-06 03:21:21.817009+00:00,381.79,0.815,0.81,0.82,0.185,0.18,0.19,,,,
2026-01-06 03:21:22.696000+00:00,2026-01-06 03:21:22.817951+00:00,382.696,0.81,0.8,0.82,0.19,0.18,0.2,,,,
2026-01-06 03:21:23.798000+00:00,2026-01-06 03:21:23.831666+00:00,383.798,0.81,0.8,0.82,0.195,0.19,0.2,,,,
2026-01-06 03:21:24.823000+00:00,2026-01-06 03:21:24.847414+00:00,384.823,0.81,0.8,0.82,0.19,0.18,0.2,,,,
2026-01-06 03:21:25.849000+00:00,2026-01-06 03:21:25.875022+00:00,385.849,0.8,0.79,0.81,0.195,0.19,0.2,,,,
2026-01-06 03:21:26.871000+00:00,2026-01-06 03:21:26.888427+00:00,386.871,0.79,0.78,0.8,0.21,0.2,0.22,,,,
2026-01-06 03:21:27.863000+00:00,2026-01-06 03:21:27.874224+00:00,387.863,0.785,0.78,0.79,0.215,0.21,0.22,,,,
2026-01-06 03:21:28.707000+00:00,2026-01-06 03:21:28.893412+00:00,388.707,0.775,0.77,0.78,0.225,0.22,0.23,,,,
2026-01-06 03:21:29.883000+00:00,2026-01-06 03:21:29.898601+00:00,389.883,0.75,0.74,0.76,0.25,0.24,0.26,,,,
2026-01-06 03:21:30.851000+00:00,2026-01-06 03:21:30.910056+00:00,390.851,0.675,0.67,0.68,0.325,0.32,0.33,,,,
2026-01-06 03:21:31.829000+00:00,2026-01-06 03:21:31.928739+00:00,391.829,0.645,0.64,0.65,0.36,0.35,0.37,,,,
2026-01-06 03:21:32.920000+00:00,2026-01-06 03:21:32.933190+00:00,392.92,0.645,0.64,0.65,0.365,0.36,0.37,,,,
2026-01-06 03:21:33.917000+00:00,2026-01-06 03:21:33.931674+00:00,393.917,0.635,0.63,0.64,0.365,0.36,0.37,,,,
2026-01-06 03:21:34.956000+00:00,2026-01-06 03:21:34.949942+00:00,394.956,0.615,0.6,0.63,0.39,0.38,0.4,,,,
2026-01-06 03:21:35.938000+00:00,2026-01-06 03:21:35.947797+00:00,395.938,0.625,0.62,0.63,0.375,0.37,0.38,,,,
2026-01-06 03:21:36.913000+00:00,2026-01-06 03:21:36.945556+00:00,396.913,0.615,0.61,0.62,0.385,0.38,0.39,,,,
2026-01-06 03:21:37.937000+00:00,2026-01-06 03:21:37.948164+00:00,397.937,0.625,0.62,0.63,0.375,0.37,0.38,,,,
2026-01-06 03:21:38.957000+00:00,2026-01-06 03:21:38.971938+00:00,398.957,0.625,0.62,0.63,0.375,0.37,0.38,,,,
2026-01-06 03:21:39.949000+00:00,2026-01-06 03:21:39.988066+00:00,399.949,0.625,0.62,0.63,0.375,0.37,0.38,,,,
2026-01-06 03:21:41.003000+00:00,2026-01-06 03:21:41.010658+00:00,401.003,0.625,0.62,0.63,0.375,0.37,0.38,,,,
2026-01-06 03:21:42.071000+00:00,2026-01-06 03:21:42.106406+00:00,402.071,0.63,0.62,0.64,0.37,0.36,0.38,,,,
2026-01-06 03:21:43.100000+00:00,2026-01-06 03:21:43.115917+00:00,403.1,0.625,0.62,0.63,0.375,0.37,0.38,,,,
2026-01-06 03:21:44.116000+00:00,2026-01-06 03:21:44.126746+00:00,404.116,0.635,0.63,0.64,0.365,0.36,0.37,,,,
2026-01-06 03:21:45.116000+00:00,2026-01-06 03:21:45.135388+00:00,405.116,0.635,0.63,0.64,0.365,0.36,0.37,,,,
2026-01-06 03:21:46.187000+00:00,2026-01-06 03:21:46.192228+00:00,406.187,0.61,0.59,0.63,0.385,0.38,0.39,,,,
2026-01-06 03:21:47.180000+00:00,2026-01-06 03:21:47.205855+00:00,407.18,0.63,0.62,0.64,0.355,0.35,0.36,,,,
2026-01-06 03:21:48.188000+00:00,2026-01-06 03:21:48.197823+00:00,408.188,0.655,0.65,0.66,0.345,0.34,0.35,,,,
2026-01-06 03:21:49.343000+00:00,2026-01-06 03:21:49.336565+00:00,409.343,0.695,0.69,0.7,0.305,0.3,0.31,,,,
2026-01-06 03:21:50.713000+00:00,2026-01-06 03:21:50.897519+00:00,410.713,0.695,0.69,0.7,0.315,0.31,0.32,,,,
2026-01-06 03:21:51.864000+00:00,2026-01-06 03:21:51.902153+00:00,411.864,0.685,0.68,0.69,0.315,0.31,0.32,,,,
2026-01-06 03:21:52.827000+00:00,2026-01-06 03:21:52.908822+00:00,412.827,0.6799999999999999,0.67,0.69,0.32,0.31,0.33,,,,
2026-01-06 03:21:53.864000+00:00,2026-01-06 03:21:53.898247+00:00,413.864,0.675,0.67,0.68,0.325,0.32,0.33,,,,
2026-01-06 03:21:54.894000+00:00,2026-01-06 03:21:54.909736+00:00,414.894,0.665,0.66,0.67,0.335,0.33,0.34,,,,
2026-01-06 03:21:56.053000+00:00,2026-01-06 03:21:56.072676+00:00,416.053,0.665,0.66,0.67,0.335,0.33,0.34,,,,
2026-01-06 03:21:57.067000+00:00,2026-01-06 03:21:57.079915+00:00,417.067,0.665,0.66,0.67,0.3399999999999999,0.33,0.35,,,,
2026-01-06 03:21:58.225000+00:00,2026-01-06 03:21:58.248459+00:00,418.225,0.645,0.64,0.65,0.355,0.35,0.36,,,,
2026-01-06 03:21:59.247000+00:00,2026-01-06 03:21:59.261768+00:00,419.247,0.655,0.65,0.66,0.345,0.34,0.35,,,,
2026-01-06 03:22:00.260000+00:00,2026-01-06 03:22:00.271282+00:00,420.26,0.665,0.66,0.67,0.335,0.33,0.34,,,,
2026-01-06 03:22:01.355000+00:00,2026-01-06 03:22:01.365311+00:00,421.355,0.665,0.66,0.67,0.335,0.33,0.34,,,,
2026-01-06 03:22:02.358000+00:00,2026-01-06 03:22:02.379014+00:00,422.358,0.665,0.66,0.67,0.335,0.33,0.34,,,,
2026-01-06 03:22:03.759000+00:00,2026-01-06 03:22:03.771089+00:00,423.759,0.665,0.66,0.67,0.335,0.33,0.34,,,,
2026-01-06 03:22:05.074000+00:00,2026-01-06 03:22:05.095547+00:00,425.074,0.665,0.66,0.67,0.335,0.33,0.34,,,,
2026-01-06 03:22:06.036000+00:00,2026-01-06 03:22:06.103520+00:00,426.036,0.665,0.66,0.67,0.335,0.33,0.34,,,,
2026-01-06 03:22:07.099000+00:00,2026-01-06 03:22:07.121943+00:00,427.099,0.665,0.66,0.67,0.335,0.33,0.34,,,,
2026-01-06 03:22:08.142000+00:00,2026-01-06 03:22:08.159434+00:00,428.142,0.665,0.66,0.67,0.335,0.33,0.34,,,,
2026-01-06 03:22:09.075000+00:00,2026-01-06 03:22:09.178132+00:00,429.075,0.6799999999999999,0.67,0.69,0.3,0.29,0.31,,,,
2026-01-06 03:22:10.207000+00:00,2026-01-06 03:22:10.275714+00:00,430.207,0.705,0.7,0.71,0.29,0.28,0.3,,,,
2026-01-06 03:22:11.542000+00:00,2026-01-06 03:22:11.561062+00:00,431.542,0.745,0.74,0.75,0.255,0.25,0.26,,,,
2026-01-06 03:22:12.566000+00:00,2026-01-06 03:22:12.579444+00:00,432.566,0.755,0.75,0.76,0.245,0.24,0.25,,,,
2026-01-06 03:22:13.565000+00:00,2026-01-06 03:22:13.589124+00:00,433.565,0.75,0.74,0.76,0.245,0.24,0.25,,,,
2026-01-06 03:22:14.784000+00:00,2026-01-06 03:22:14.799239+00:00,434.784,0.745,0.74,0.75,0.25,0.24,0.26,,,,
2026-01-06 03:22:15.754000+00:00,2026-01-06 03:22:15.809477+00:00,435.754,0.75,0.74,0.76,0.25,0.24,0.26,,,,
2026-01-06 03:22:16.751000+00:00,2026-01-06 03:22:16.827200+00:00,436.751,0.755,0.75,0.76,0.25,0.24,0.26,,,,
2026-01-06 03:22:17.847000+00:00,2026-01-06 03:22:17.865845+00:00,437.847,0.75,0.74,0.76,0.245,0.24,0.25,,,,
2026-01-06 03:22:18.854000+00:00,2026-01-06 03:22:18.877601+00:00,438.854,0.75,0.74,0.76,0.25,0.24,0.26,,,,
2026-01-06 03:22:19.758000+00:00,2026-01-06 03:22:19.887319+00:00,439.758,0.75,0.74,0.76,0.245,0.24,0.25,,,,
2026-01-06 03:22:20.875000+00:00,2026-01-06 03:22:20.895046+00:00,440.875,0.745,0.74,0.75,0.255,0.25,0.26,,,,
2026-01-06 03:22:22.230000+00:00,2026-01-06 03:22:22.289700+00:00,442.23,0.665,0.66,0.67,0.335,0.33,0.34,,,,
2026-01-06 03:22:23.650000+00:00,2026-01-06 03:22:23.665757+00:00,443.65,0.675,0.67,0.68,0.325,0.32,0.33,,,,
2026-01-06 03:22:24.737000+00:00,2026-01-06 03:22:24.746769+00:00,444.737,0.675,0.67,0.68,0.325,0.32,0.33,,,,
2026-01-06 03:22:25.704000+00:00,2026-01-06 03:22:25.747592+00:00,445.704,0.675,0.67,0.68,0.315,0.31,0.32,,,,
2026-01-06 03:22:26.747000+00:00,2026-01-06 03:22:26.750626+00:00,446.747,0.685,0.68,0.69,0.315,0.31,0.32,,,,
2026-01-06 03:22:27.742000+00:00,2026-01-06 03:22:27.761373+00:00,447.742,0.6799999999999999,0.67,0.69,0.32,0.31,0.33,,,,
2026-01-06 03:22:28.761000+00:00,2026-01-06 03:22:28.776569+00:00,448.761,0.685,0.68,0.69,0.315,0.31,0.32,,,,
2026-01-06 03:22:29.750000+00:00,2026-01-06 03:22:29.787272+00:00,449.75,0.675,0.67,0.68,0.325,0.32,0.33,,,,
2026-01-06 03:22:31.139000+00:00,2026-01-06 03:22:31.149374+00:00,451.139,0.675,0.67,0.68,0.325,0.32,0.33,,,,
2026-01-06 03:22:32.434000+00:00,2026-01-06 03:22:32.455026+00:00,452.434,0.665,0.66,0.67,0.335,0.33,0.34,,,,
2026-01-06 03:22:33.449000+00:00,2026-01-06 03:22:33.465583+00:00,453.449,0.615,0.61,0.62,0.385,0.38,0.39,,,,
2026-01-06 03:22:34.454000+00:00,2026-01-06 03:22:34.467156+00:00,454.454,0.66,0.65,0.67,0.345,0.34,0.35,,,,
2026-01-06 03:22:35.419000+00:00,2026-01-06 03:22:35.460966+00:00,455.419,0.655,0.65,0.66,0.345,0.34,0.35,,,,
2026-01-06 03:22:36.873000+00:00,2026-01-06 03:22:36.879171+00:00,456.873,0.655,0.65,0.66,0.345,0.34,0.35,,,,
2026-01-06 03:22:37.850000+00:00,2026-01-06 03:22:37.898225+00:00,457.85,0.655,0.65,0.66,0.345,0.34,0.35,,,,
2026-01-06 03:22:38.938000+00:00,2026-01-06 03:22:38.985562+00:00,458.938,0.655,0.65,0.66,0.345,0.34,0.35,,,,
2026-01-06 03:22:39.949000+00:00,2026-01-06 03:22:39.999073+00:00,459.949,0.645,0.64,0.65,0.355,0.35,0.36,,,,
2026-01-06 03:22:40.990000+00:00,2026-01-06 03:22:41.011449+00:00,460.99,0.645,0.64,0.65,0.355,0.35,0.36,,,,
2026-01-06 03:22:42.001000+00:00,2026-01-06 03:22:42.030083+00:00,462.001,0.645,0.64,0.65,0.355,0.35,0.36,,,,
2026-01-06 03:22:43.424000+00:00,2026-01-06 03:22:43.430603+00:00,463.424,0.645,0.64,0.65,0.355,0.35,0.36,,,,
2026-01-06 03:22:44.443000+00:00,2026-01-06 03:22:44.458804+00:00,464.443,0.645,0.64,0.65,0.355,0.35,0.36,,,,
2026-01-06 03:22:45.450000+00:00,2026-01-06 03:22:45.466854+00:00,465.45,0.555,0.55,0.56,0.45,0.44,0.46,,,,
2026-01-06 03:22:46.783000+00:00,2026-01-06 03:22:46.779966+00:00,466.783,0.56,0.55,0.57,0.455,0.45,0.46,,,,
2026-01-06 03:22:47.798000+00:00,2026-01-06 03:22:47.794074+00:00,467.798,0.55,0.54,0.56,0.455,0.45,0.46,,,,
2026-01-06 03:22:48.795000+00:00,2026-01-06 03:22:48.809497+00:00,468.795,0.545,0.54,0.55,0.455,0.45,0.46,,,,
2026-01-06 03:22:49.830000+00:00,2026-01-06 03:22:49.855586+00:00,469.83,0.55,0.54,0.56,0.45,0.44,0.46,,,,
2026-01-06 03:22:50.847000+00:00,2026-01-06 03:22:50.872238+00:00,470.847,0.565,0.56,0.57,0.435,0.43,0.44,,,,
2026-01-06 03:22:51.796000+00:00,2026-01-06 03:22:51.872072+00:00,471.796,0.565,0.56,0.57,0.435,0.43,0.44,,,,
2026-01-06 03:22:53.290000+00:00,2026-01-06 03:22:53.298438+00:00,473.29,0.555,0.55,0.56,0.445,0.44,0.45,,,,
2026-01-06 03:22:54.289000+00:00,2026-01-06 03:22:54.305729+00:00,474.289,0.505,0.5,0.51,0.505,0.5,0.51,,,,
2026-01-06 03:22:55.287000+00:00,2026-01-06 03:22:55.308435+00:00,475.287,0.4549999999999999,0.44,0.47,0.545,0.53,0.56,,,,
2026-01-06 03:22:56.299000+00:00,2026-01-06 03:22:56.306854+00:00,476.299,0.4649999999999999,0.46,0.47,0.565,0.56,0.57,,,,
2026-01-06 03:22:57.238000+00:00,2026-01-06 03:22:57.328028+00:00,477.238,0.4599999999999999,0.45,0.47,0.54,0.53,0.55,,,,
2026-01-06 03:22:58.319000+00:00,2026-01-06 03:22:58.337761+00:00,478.319,0.455,0.45,0.46,0.545,0.54,0.55,,,,
2026-01-06 03:22:59.331000+00:00,2026-01-06 03:22:59.353011+00:00,479.331,0.455,0.45,0.46,0.545,0.54,0.55,,,,
2026-01-06 03:23:00.643000+00:00,2026-01-06 03:23:00.660784+00:00,480.643,0.455,0.45,0.46,0.54,0.53,0.55,,,,
2026-01-06 03:23:01.632000+00:00,2026-01-06 03:23:01.668273+00:00,481.632,0.4649999999999999,0.46,0.47,0.535,0.53,0.54,,,,
2026-01-06 03:23:02.687000+00:00,2026-01-06 03:23:02.664736+00:00,482.687,0.535,0.53,0.54,0.4649999999999999,0.46,0.47,,,,
2026-01-06 03:23:03.724000+00:00,2026-01-06 03:23:03.769853+00:00,483.724,0.56,0.55,0.57,0.44,0.43,0.45,,,,
2026-01-06 03:23:04.759000+00:00,2026-01-06 03:23:04.774280+00:00,484.759,0.5549999999999999,0.53,0.58,0.4649999999999999,0.46,0.47,,,,
2026-01-06 03:23:05.764000+00:00,2026-01-06 03:23:05.777019+00:00,485.764,0.535,0.53,0.54,0.4649999999999999,0.46,0.47,,,,
2026-01-06 03:23:06.767000+00:00,2026-01-06 03:23:06.837146+00:00,486.767,0.525,0.52,0.53,0.475,0.47,0.48,,,,
2026-01-06 03:23:07.795000+00:00,2026-01-06 03:23:07.851698+00:00,487.795,0.525,0.52,0.53,0.475,0.47,0.48,,,,
2026-01-06 03:23:08.811000+00:00,2026-01-06 03:23:08.852259+00:00,488.811,0.535,0.53,0.54,0.4649999999999999,0.46,0.47,,,,
2026-01-06 03:23:09.859000+00:00,2026-01-06 03:23:09.848655+00:00,489.859,0.535,0.53,0.54,0.4649999999999999,0.46,0.47,,,,
2026-01-06 03:23:10.851000+00:00,2026-01-06 03:23:10.856946+00:00,490.851,0.515,0.51,0.52,0.49,0.48,0.5,,,,
2026-01-06 03:23:12.208000+00:00,2026-01-06 03:23:12.211857+00:00,492.208,0.515,0.51,0.52,0.49,0.48,0.5,,,,
2026-01-06 03:23:13.229000+00:00,2026-01-06 03:23:13.276503+00:00,493.229,0.505,0.5,0.51,0.49,0.48,0.5,,,,
2026-01-06 03:23:14.327000+00:00,2026-01-06 03:23:14.360641+00:00,494.327,0.51,0.5,0.52,0.49,0.48,0.5,,,,
2026-01-06 03:23:15.356000+00:00,2026-01-06 03:23:15.378819+00:00,495.356,0.51,0.5,0.52,0.49,0.48,0.5,,,,
2026-01-06 03:23:16.319000+00:00,2026-01-06 03:23:16.412114+00:00,496.319,0.505,0.5,0.51,0.495,0.49,0.5,,,,
2026-01-06 03:23:17.358000+00:00,2026-01-06 03:23:17.428139+00:00,497.358,0.51,0.5,0.52,0.49,0.48,0.5,,,,
2026-01-06 03:23:18.661000+00:00,2026-01-06 03:23:18.677904+00:00,498.661,0.51,0.5,0.52,0.49,0.48,0.5,,,,
2026-01-06 03:23:19.672000+00:00,2026-01-06 03:23:19.688056+00:00,499.672,0.505,0.5,0.51,0.495,0.49,0.5,,,,
2026-01-06 03:23:21.328000+00:00,2026-01-06 03:23:21.339813+00:00,501.328,0.515,0.51,0.52,0.48,0.47,0.49,,,,
2026-01-06 03:23:22.347000+00:00,2026-01-06 03:23:22.365816+00:00,502.347,0.515,0.51,0.52,0.485,0.48,0.49,,,,
2026-01-06 03:23:23.352000+00:00,2026-01-06 03:23:23.375232+00:00,503.352,0.525,0.52,0.53,0.475,0.47,0.48,,,,
2026-01-06 03:23:24.301000+00:00,2026-01-06 03:23:24.377523+00:00,504.301,0.525,0.52,0.53,0.475,0.47,0.48,,,,
2026-01-06 03:23:25.260000+00:00,2026-01-06 03:23:25.412330+00:00,505.26,0.525,0.52,0.53,0.475,0.47,0.48,,,,
2026-01-06 03:23:26.292000+00:00,2026-01-06 03:23:26.407765+00:00,506.292,0.525,0.52,0.53,0.475,0.47,0.48,,,,
2026-01-06 03:23:27.340000+00:00,2026-01-06 03:23:27.416535+00:00,507.34,0.525,0.52,0.53,0.475,0.47,0.48,,,,
2026-01-06 03:23:28.437000+00:00,2026-01-06 03:23:28.450319+00:00,508.437,0.53,0.52,0.54,0.47,0.46,0.48,,,,
2026-01-06 03:23:29.434000+00:00,2026-01-06 03:23:29.453732+00:00,509.434,0.53,0.52,0.54,0.47,0.46,0.48,,,,
2026-01-06 03:23:30.435000+00:00,2026-01-06 03:23:30.457811+00:00,510.435,0.53,0.52,0.54,0.47,0.46,0.48,,,,
2026-01-06 03:23:31.284000+00:00,2026-01-06 03:23:31.463203+00:00,511.284,0.53,0.52,0.54,0.47,0.46,0.48,,,,
2026-01-06 03:23:32.347000+00:00,2026-01-06 03:23:32.480532+00:00,512.347,0.53,0.52,0.54,0.47,0.46,0.48,,,,
2026-01-06 03:23:33.419000+00:00,2026-01-06 03:23:33.481655+00:00,513.419,0.525,0.52,0.53,0.47,0.46,0.48,,,,
2026-01-06 03:23:34.757000+00:00,2026-01-06 03:23:34.774462+00:00,514.757,0.53,0.52,0.54,0.47,0.46,0.48,,,,
2026-01-06 03:23:35.766000+00:00,2026-01-06 03:23:35.784471+00:00,515.766,0.53,0.52,0.54,0.47,0.46,0.48,,,,
2026-01-06 03:23:36.773000+00:00,2026-01-06 03:23:36.790069+00:00,516.773,0.515,0.51,0.52,0.485,0.48,0.49,,,,
2026-01-06 03:23:37.758000+00:00,2026-01-06 03:23:37.783491+00:00,517.758,0.505,0.5,0.51,0.495,0.49,0.5,,,,
2026-01-06 03:23:38.893000+00:00,2026-01-06 03:23:38.901639+00:00,518.893,0.515,0.51,0.52,0.485,0.48,0.49,,,,
2026-01-06 03:23:39.873000+00:00,2026-01-06 03:23:39.894852+00:00,519.873,0.51,0.5,0.52,0.49,0.48,0.5,,,,
2026-01-06 03:23:41.284000+00:00,2026-01-06 03:23:41.281315+00:00,521.284,0.495,0.49,0.5,0.505,0.5,0.51,,,,
2026-01-06 03:23:42.277000+00:00,2026-01-06 03:23:42.308248+00:00,522.277,0.51,0.5,0.52,0.49,0.48,0.5,,,,
2026-01-06 03:23:43.296000+00:00,2026-01-06 03:23:43.321093+00:00,523.296,0.51,0.5,0.52,0.49,0.48,0.5,,,,
2026-01-06 03:23:44.285000+00:00,2026-01-06 03:23:44.323324+00:00,524.285,0.51,0.5,0.52,0.49,0.48,0.5,,,,
2026-01-06 03:23:45.309000+00:00,2026-01-06 03:23:45.340730+00:00,525.309,0.505,0.5,0.51,0.495,0.49,0.5,,,,
2026-01-06 03:23:46.624000+00:00,2026-01-06 03:23:46.658922+00:00,526.624,0.51,0.5,0.52,0.49,0.48,0.5,,,,
2026-01-06 03:23:47.647000+00:00,2026-01-06 03:23:47.667419+00:00,527.647,0.51,0.5,0.52,0.49,0.48,0.5,,,,
2026-01-06 03:23:48.574000+00:00,2026-01-06 03:23:48.677431+00:00,528.574,0.51,0.5,0.52,0.49,0.48,0.5,,,,
2026-01-06 03:23:49.646000+00:00,2026-01-06 03:23:49.696919+00:00,529.646,0.515,0.51,0.52,0.485,0.48,0.49,,,,
2026-01-06 03:23:50.699000+00:00,2026-01-06 03:23:50.714582+00:00,530.699,0.52,0.51,0.53,0.475,0.47,0.48,,,,
2026-01-06 03:23:51.710000+00:00,2026-01-06 03:23:51.725535+00:00,531.71,0.505,0.5,0.51,0.495,0.49,0.5,,,,
2026-01-06 03:23:52.777000+00:00,2026-01-06 03:23:52.787698+00:00,532.777,0.495,0.49,0.5,0.505,0.5,0.51,,,,
2026-01-06 03:23:54.165000+00:00,2026-01-06 03:23:54.193669+00:00,534.165,0.505,0.5,0.51,0.495,0.49,0.5,,,,
2026-01-06 03:23:55.245000+00:00,2026-01-06 03:23:55.249906+00:00,535.245,0.505,0.5,0.51,0.495,0.49,0.5,,,,
2026-01-06 03:23:56.300000+00:00,2026-01-06 03:23:56.331061+00:00,536.3,0.505,0.5,0.51,0.495,0.49,0.5,,,,
2026-01-06 03:23:57.348000+00:00,2026-01-06 03:23:57.356261+00:00,537.348,0.505,0.5,0.51,0.495,0.49,0.5,,,,
2026-01-06 03:23:58.301000+00:00,2026-01-06 03:23:58.368675+00:00,538.301,0.505,0.5,0.51,0.495,0.49,0.5,,,,
2026-01-06 03:23:59.317000+00:00,2026-01-06 03:23:59.372127+00:00,539.317,0.49,0.48,0.5,0.51,0.5,0.52,,,,
2026-01-06 03:24:00.729000+00:00,2026-01-06 03:24:00.736518+00:00,540.729,0.495,0.49,0.5,0.505,0.5,0.51,,,,
2026-01-06 03:24:01.876000+00:00,2026-01-06 03:24:01.886609+00:00,541.876,0.515,0.51,0.52,0.48,0.47,0.49,,,,
2026-01-06 03:24:02.895000+00:00,2026-01-06 03:24:02.894800+00:00,542.895,0.54,0.53,0.55,0.4599999999999999,0.45,0.47,,,,
2026-01-06 03:24:03.887000+00:00,2026-01-06 03:24:03.903469+00:00,543.887,0.545,0.54,0.55,0.455,0.45,0.46,,,,
2026-01-06 03:24:04.904000+00:00,2026-01-06 03:24:04.918156+00:00,544.904,0.495,0.49,0.5,0.505,0.5,0.51,,,,
2026-01-06 03:24:05.851000+00:00,2026-01-06 03:24:05.911554+00:00,545.851,0.495,0.49,0.5,0.505,0.5,0.51,,,,
2026-01-06 03:24:06.892000+00:00,2026-01-06 03:24:06.910653+00:00,546.892,0.495,0.49,0.5,0.505,0.5,0.51,,,,
2026-01-06 03:24:08.175000+00:00,2026-01-06 03:24:08.209321+00:00,548.175,0.495,0.49,0.5,0.505,0.5,0.51,,,,
2026-01-06 03:24:09.198000+00:00,2026-01-06 03:24:09.227401+00:00,549.198,0.485,0.48,0.49,0.515,0.51,0.52,,,,
2026-01-06 03:24:10.438000+00:00,2026-01-06 03:24:10.445058+00:00,550.438,0.505,0.5,0.51,0.495,0.49,0.5,,,,
2026-01-06 03:24:11.441000+00:00,2026-01-06 03:24:11.454771+00:00,551.441,0.505,0.5,0.51,0.495,0.49,0.5,,,,
2026-01-06 03:24:12.444000+00:00,2026-01-06 03:24:12.460206+00:00,552.444,0.495,0.49,0.5,0.515,0.51,0.52,,,,
2026-01-06 03:24:13.430000+00:00,2026-01-06 03:24:13.456700+00:00,553.43,0.485,0.48,0.49,0.515,0.51,0.52,,,,
2026-01-06 03:24:14.712000+00:00,2026-01-06 03:24:14.730962+00:00,554.712,0.475,0.47,0.48,0.525,0.52,0.53,,,,
2026-01-06 03:24:15.731000+00:00,2026-01-06 03:24:15.735380+00:00,555.731,0.475,0.47,0.48,0.52,0.51,0.53,,,,
2026-01-06 03:24:16.744000+00:00,2026-01-06 03:24:16.788247+00:00,556.744,0.48,0.47,0.49,0.52,0.51,0.53,,,,
2026-01-06 03:24:17.781000+00:00,2026-01-06 03:24:17.793150+00:00,557.781,0.475,0.47,0.48,0.535,0.53,0.54,,,,
2026-01-06 03:24:18.775000+00:00,2026-01-06 03:24:18.794297+00:00,558.775,0.415,0.41,0.42,0.58,0.57,0.59,,,,
2026-01-06 03:24:19.770000+00:00,2026-01-06 03:24:19.790226+00:00,559.77,0.425,0.42,0.43,0.575,0.57,0.58,,,,
2026-01-06 03:24:20.778000+00:00,2026-01-06 03:24:20.806160+00:00,560.778,0.425,0.42,0.43,0.575,0.57,0.58,,,,
2026-01-06 03:24:21.821000+00:00,2026-01-06 03:24:21.836661+00:00,561.821,0.425,0.42,0.43,0.575,0.57,0.58,,,,
2026-01-06 03:24:23.092000+00:00,2026-01-06 03:24:23.218163+00:00,563.092,0.425,0.42,0.43,0.575,0.57,0.58,,,,
2026-01-06 03:24:24.170000+00:00,2026-01-06 03:24:24.214245+00:00,564.17,0.425,0.42,0.43,0.5700000000000001,0.56,0.58,,,,
2026-01-06 03:24:25.155000+00:00,2026-01-06 03:24:25.210573+00:00,565.155,0.425,0.42,0.43,0.575,0.57,0.58,,,,
2026-01-06 03:24:26.198000+00:00,2026-01-06 03:24:26.212508+00:00,566.198,0.425,0.42,0.43,0.575,0.57,0.58,,,,
2026-01-06 03:24:27.214000+00:00,2026-01-06 03:24:27.231280+00:00,567.214,0.405,0.4,0.41,0.595,0.59,0.6,,,,
2026-01-06 03:24:28.283000+00:00,2026-01-06 03:24:28.308024+00:00,568.283,0.415,0.41,0.42,0.595,0.59,0.6,,,,
2026-01-06 03:24:30.127000+00:00,2026-01-06 03:24:30.142733+00:00,570.127,0.405,0.4,0.41,0.595,0.59,0.6,,,,
2026-01-06 03:24:31.120000+00:00,2026-01-06 03:24:31.150495+00:00,571.12,0.415,0.41,0.42,0.585,0.58,0.59,,,,
2026-01-06 03:24:32.133000+00:00,2026-01-06 03:24:32.145846+00:00,572.133,0.405,0.4,0.41,0.595,0.59,0.6,,,,
2026-01-06 03:24:33.141000+00:00,2026-01-06 03:24:33.159547+00:00,573.141,0.395,0.39,0.4,0.605,0.6,0.61,,,,
2026-01-06 03:24:34.986000+00:00,2026-01-06 03:24:35.219211+00:00,574.986,0.385,0.38,0.39,0.61,0.6,0.62,,,,
2026-01-06 03:24:36.282000+00:00,2026-01-06 03:24:36.308054+00:00,576.282,0.385,0.38,0.39,0.625,0.62,0.63,,,,
2026-01-06 03:24:37.289000+00:00,2026-01-06 03:24:37.310021+00:00,577.289,0.365,0.36,0.37,0.635,0.63,0.64,,,,
2026-01-06 03:24:38.360000+00:00,2026-01-06 03:24:38.483441+00:00,578.36,0.345,0.34,0.35,0.655,0.65,0.66,,,,
2026-01-06 03:24:39.473000+00:00,2026-01-06 03:24:39.481096+00:00,579.473,0.325,0.32,0.33,0.67,0.66,0.68,,,,
2026-01-06 03:24:40.476000+00:00,2026-01-06 03:24:40.491260+00:00,580.476,0.335,0.33,0.34,0.655,0.64,0.67,,,,
2026-01-06 03:24:41.844000+00:00,2026-01-06 03:24:41.857105+00:00,581.844,0.375,0.37,0.38,0.625,0.62,0.63,,,,
2026-01-06 03:24:42.863000+00:00,2026-01-06 03:24:42.873170+00:00,582.863,0.395,0.39,0.4,0.605,0.6,0.61,,,,
2026-01-06 03:24:43.812000+00:00,2026-01-06 03:24:43.885060+00:00,583.812,0.485,0.47,0.5,0.48,0.47,0.49,,,,
2026-01-06 03:24:44.836000+00:00,2026-01-06 03:24:44.887539+00:00,584.836,0.555,0.55,0.56,0.45,0.44,0.46,,,,
2026-01-06 03:24:45.859000+00:00,2026-01-06 03:24:45.894684+00:00,585.859,0.535,0.53,0.54,0.4649999999999999,0.46,0.47,,,,
2026-01-06 03:24:46.902000+00:00,2026-01-06 03:24:46.908621+00:00,586.902,0.505,0.5,0.51,0.49,0.48,0.5,,,,
2026-01-06 03:24:47.855000+00:00,2026-01-06 03:24:47.929517+00:00,587.855,0.505,0.5,0.51,0.49,0.48,0.5,,,,
2026-01-06 03:24:48.904000+00:00,2026-01-06 03:24:48.923270+00:00,588.904,0.505,0.5,0.51,0.495,0.49,0.5,,,,
2026-01-06 03:24:50.352000+00:00,2026-01-06 03:24:50.368952+00:00,590.352,0.48,0.45,0.51,0.495,0.48,0.51,,,,
2026-01-06 03:24:51.353000+00:00,2026-01-06 03:24:51.369510+00:00,591.353,0.515,0.51,0.52,0.48,0.47,0.49,,,,
2026-01-06 03:24:52.353000+00:00,2026-01-06 03:24:52.371744+00:00,592.353,0.525,0.51,0.54,0.475,0.47,0.48,,,,
2026-01-06 03:24:53.370000+00:00,2026-01-06 03:24:53.386382+00:00,593.37,0.515,0.51,0.52,0.485,0.48,0.49,,,,
2026-01-06 03:24:54.354000+00:00,2026-01-06 03:24:54.395285+00:00,594.354,0.505,0.5,0.51,0.495,0.49,0.5,,,,
2026-01-06 03:24:55.373000+00:00,2026-01-06 03:24:55.405060+00:00,595.373,0.515,0.51,0.52,0.49,0.48,0.5,,,,
2026-01-06 03:24:56.477000+00:00,2026-01-06 03:24:56.498766+00:00,596.477,0.51,0.5,0.52,0.505,0.5,0.51,,,,
2026-01-06 03:24:57.479000+00:00,2026-01-06 03:24:57.510948+00:00,597.479,0.5,0.49,0.51,0.5,0.49,0.51,,,,
2026-01-06 03:24:58.524000+00:00,2026-01-06 03:24:58.538004+00:00,598.524,0.495,0.49,0.5,0.505,0.5,0.51,,,,
2026-01-06 03:24:59.432000+00:00,2026-01-06 03:24:59.544952+00:00,599.432,0.505,0.5,0.51,0.495,0.49,0.5,,,,
2026-01-06 03:25:00.537000+00:00,2026-01-06 03:25:00.548404+00:00,600.537,0.515,0.51,0.52,0.485,0.48,0.49,,,,
2026-01-06 03:25:01.565000+00:00,2026-01-06 03:25:01.565819+00:00,601.565,0.585,0.57,0.6,0.415,0.4,0.43,,,,
2026-01-06 03:25:02.500000+00:00,2026-01-06 03:25:02.565926+00:00,602.5,0.655,0.65,0.66,0.345,0.34,0.35,,,,
2026-01-06 03:25:03.499000+00:00,2026-01-06 03:25:03.576058+00:00,603.499,0.685,0.68,0.69,0.32,0.31,0.33,,,,
2026-01-06 03:25:04.592000+00:00,2026-01-06 03:25:04.598208+00:00,604.592,0.555,0.55,0.56,0.415,0.41,0.42,,,,
2026-01-06 03:25:05.605000+00:00,2026-01-06 03:25:05.622432+00:00,605.605,0.575,0.57,0.58,0.425,0.42,0.43,,,,
2026-01-06 03:25:06.608000+00:00,2026-01-06 03:25:06.626986+00:00,606.608,0.66,0.65,0.67,0.345,0.34,0.35,,,,
2026-01-06 03:25:07.599000+00:00,2026-01-06 03:25:07.631928+00:00,607.599,0.595,0.59,0.6,0.405,0.4,0.41,,,,
2026-01-06 03:25:08.883000+00:00,2026-01-06 03:25:08.891602+00:00,608.883,0.595,0.59,0.6,0.41,0.4,0.42,,,,
2026-01-06 03:25:09.887000+00:00,2026-01-06 03:25:09.899586+00:00,609.887,0.585,0.58,0.59,0.42,0.41,0.43,,,,
2026-01-06 03:25:10.902000+00:00,2026-01-06 03:25:10.906990+00:00,610.902,0.5700000000000001,0.55,0.59,0.425,0.42,0.43,,,,
2026-01-06 03:25:11.926000+00:00,2026-01-06 03:25:11.921099+00:00,611.926,0.575,0.57,0.58,0.425,0.42,0.43,,,,
2026-01-06 03:25:12.913000+00:00,2026-01-06 03:25:12.928062+00:00,612.913,0.575,0.57,0.58,0.435,0.43,0.44,,,,
2026-01-06 03:25:13.915000+00:00,2026-01-06 03:25:13.953772+00:00,613.915,0.52,0.51,0.53,0.475,0.47,0.48,,,,
2026-01-06 03:25:14.970000+00:00,2026-01-06 03:25:14.961377+00:00,614.97,0.535,0.53,0.54,0.4649999999999999,0.46,0.47,,,,
2026-01-06 03:25:16.116000+00:00,2026-01-06 03:25:16.124971+00:00,616.116,0.505,0.5,0.51,0.495,0.49,0.5,,,,
2026-01-06 03:25:17.111000+00:00,2026-01-06 03:25:17.129579+00:00,617.111,0.525,0.52,0.53,0.475,0.47,0.48,,,,
2026-01-06 03:25:18.357000+00:00,2026-01-06 03:25:18.375256+00:00,618.357,0.525,0.52,0.53,0.475,0.47,0.48,,,,
2026-01-06 03:25:19.350000+00:00,2026-01-06 03:25:19.385769+00:00,619.35,0.53,0.52,0.54,0.4649999999999999,0.46,0.47,,,,
2026-01-06 03:25:20.308000+00:00,2026-01-06 03:25:20.392952+00:00,620.308,0.535,0.53,0.54,0.4649999999999999,0.46,0.47,,,,
2026-01-06 03:25:21.378000+00:00,2026-01-06 03:25:21.405596+00:00,621.378,0.535,0.53,0.54,0.4649999999999999,0.46,0.47,,,,
2026-01-06 03:25:22.401000+00:00,2026-01-06 03:25:22.409656+00:00,622.401,0.565,0.56,0.57,0.435,0.43,0.44,,,,
2026-01-06 03:25:23.578000+00:00,2026-01-06 03:25:23.632062+00:00,623.578,0.555,0.55,0.56,0.445,0.44,0.45,,,,
2026-01-06 03:25:24.569000+00:00,2026-01-06 03:25:24.633073+00:00,624.569,0.56,0.55,0.57,0.445,0.44,0.45,,,,
2026-01-06 03:25:25.614000+00:00,2026-01-06 03:25:25.703109+00:00,625.614,0.555,0.55,0.56,0.445,0.44,0.45,,,,
2026-01-06 03:25:26.675000+00:00,2026-01-06 03:25:26.708003+00:00,626.675,0.555,0.55,0.56,0.445,0.44,0.45,,,,
2026-01-06 03:25:27.686000+00:00,2026-01-06 03:25:27.718157+00:00,627.686,0.565,0.56,0.57,0.435,0.43,0.44,,,,
2026-01-06 03:25:28.658000+00:00,2026-01-06 03:25:28.723424+00:00,628.658,0.565,0.56,0.57,0.435,0.43,0.44,,,,
2026-01-06 03:25:29.942000+00:00,2026-01-06 03:25:29.946372+00:00,629.942,0.565,0.56,0.57,0.435,0.43,0.44,,,,
2026-01-06 03:25:30.929000+00:00,2026-01-06 03:25:30.954031+00:00,630.929,0.515,0.51,0.52,0.485,0.48,0.49,,,,
2026-01-06 03:25:31.955000+00:00,2026-01-06 03:25:31.972597+00:00,631.955,0.495,0.49,0.5,0.51,0.5,0.52,,,,
2026-01-06 03:25:32.929000+00:00,2026-01-06 03:25:32.972944+00:00,632.929,0.485,0.48,0.49,0.515,0.51,0.52,,,,
2026-01-06 03:25:33.954000+00:00,2026-01-06 03:25:33.971624+00:00,633.954,0.495,0.49,0.5,0.505,0.5,0.51,,,,
2026-01-06 03:25:34.965000+00:00,2026-01-06 03:25:34.985871+00:00,634.965,0.505,0.5,0.51,0.495,0.49,0.5,,,,
2026-01-06 03:25:35.903000+00:00,2026-01-06 03:25:35.985587+00:00,635.903,0.505,0.5,0.51,0.495,0.49,0.5,,,,
2026-01-06 03:25:36.972000+00:00,2026-01-06 03:25:36.999676+00:00,636.972,0.505,0.5,0.51,0.505,0.5,0.51,,,,
2026-01-06 03:25:38.226000+00:00,2026-01-06 03:25:38.316712+00:00,638.226,0.495,0.49,0.5,0.505,0.5,0.51,,,,
2026-01-06 03:25:39.325000+00:00,2026-01-06 03:25:39.344784+00:00,639.325,0.475,0.47,0.48,0.535,0.53,0.54,,,,
2026-01-06 03:25:40.460000+00:00,2026-01-06 03:25:40.491257+00:00,640.46,0.425,0.42,0.43,0.575,0.57,0.58,,,,
2026-01-06 03:25:41.465000+00:00,2026-01-06 03:25:41.493963+00:00,641.465,0.425,0.42,0.43,0.575,0.57,0.58,,,,
2026-01-06 03:25:42.414000+00:00,2026-01-06 03:25:42.506411+00:00,642.414,0.425,0.42,0.43,0.575,0.57,0.58,,,,
2026-01-06 03:25:43.487000+00:00,2026-01-06 03:25:43.503324+00:00,643.487,0.425,0.42,0.43,0.575,0.57,0.58,,,,
2026-01-06 03:25:44.454000+00:00,2026-01-06 03:25:44.502296+00:00,644.454,0.435,0.43,0.44,0.565,0.56,0.57,,,,
2026-01-06 03:25:45.577000+00:00,2026-01-06 03:25:45.520753+00:00,645.577,0.44,0.43,0.45,0.56,0.55,0.57,,,,
2026-01-06 03:25:46.709000+00:00,2026-01-06 03:25:46.703016+00:00,646.709,0.445,0.44,0.45,0.555,0.55,0.56,,,,
2026-01-06 03:25:47.664000+00:00,2026-01-06 03:25:47.705619+00:00,647.664,0.445,0.44,0.45,0.555,0.55,0.56,,,,
2026-01-06 03:25:48.701000+00:00,2026-01-06 03:25:48.722909+00:00,648.701,0.445,0.44,0.45,0.555,0.55,0.56,,,,
2026-01-06 03:25:49.701000+00:00,2026-01-06 03:25:49.719634+00:00,649.701,0.45,0.44,0.46,0.545,0.54,0.55,,,,
2026-01-06 03:25:50.709000+00:00,2026-01-06 03:25:50.725201+00:00,650.709,0.455,0.45,0.46,0.545,0.54,0.55,,,,
2026-01-06 03:25:51.676000+00:00,2026-01-06 03:25:51.739263+00:00,651.676,0.4649999999999999,0.46,0.47,0.535,0.53,0.54,,,,
2026-01-06 03:25:53.169000+00:00,2026-01-06 03:25:53.173412+00:00,653.169,0.4649999999999999,0.46,0.47,0.535,0.53,0.54,,,,
2026-01-06 03:25:54.201000+00:00,2026-01-06 03:25:54.206082+00:00,654.201,0.47,0.46,0.48,0.53,0.52,0.54,,,,
2026-01-06 03:25:55.191000+00:00,2026-01-06 03:25:55.219533+00:00,655.191,0.4649999999999999,0.46,0.47,0.535,0.53,0.54,,,,
2026-01-06 03:25:56.210000+00:00,2026-01-06 03:25:56.224181+00:00,656.21,0.455,0.45,0.46,0.545,0.54,0.55,,,,
2026-01-06 03:25:57.213000+00:00,2026-01-06 03:25:57.235236+00:00,657.213,0.475,0.47,0.48,0.525,0.52,0.53,,,,
2026-01-06 03:25:58.284000+00:00,2026-01-06 03:25:58.300282+00:00,658.284,0.475,0.47,0.48,0.525,0.52,0.53,,,,
2026-01-06 03:25:59.310000+00:00,2026-01-06 03:25:59.334143+00:00,659.31,0.47,0.46,0.48,0.53,0.52,0.54,,,,
2026-01-06 03:26:00.294000+00:00,2026-01-06 03:26:00.327109+00:00,660.294,0.455,0.45,0.46,0.545,0.54,0.55,,,,
2026-01-06 03:26:01.324000+00:00,2026-01-06 03:26:01.336130+00:00,661.324,0.435,0.43,0.44,0.585,0.57,0.6,,,,
2026-01-06 03:26:02.321000+00:00,2026-01-06 03:26:02.337562+00:00,662.321,0.3399999999999999,0.33,0.35,0.655,0.65,0.66,,,,
2026-01-06 03:26:03.392000+00:00,2026-01-06 03:26:03.382863+00:00,663.392,0.325,0.32,0.33,0.675,0.67,0.68,,,,
2026-01-06 03:26:04.384000+00:00,2026-01-06 03:26:04.414042+00:00,664.384,0.315,0.31,0.32,0.69,0.68,0.7,,,,
2026-01-06 03:26:05.395000+00:00,2026-01-06 03:26:05.437858+00:00,665.395,0.325,0.32,0.33,0.675,0.67,0.68,,,,
2026-01-06 03:26:06.415000+00:00,2026-01-06 03:26:06.440889+00:00,666.415,0.33,0.32,0.34,0.675,0.67,0.68,,,,
2026-01-06 03:26:07.458000+00:00,2026-01-06 03:26:07.473224+00:00,667.458,0.315,0.31,0.32,0.6799999999999999,0.67,0.69,,,,
2026-01-06 03:26:08.454000+00:00,2026-01-06 03:26:08.472309+00:00,668.454,0.32,0.31,0.33,0.67,0.66,0.68,,,,
2026-01-06 03:26:09.445000+00:00,2026-01-06 03:26:09.468230+00:00,669.445,0.325,0.31,0.34,0.675,0.66,0.69,,,,
2026-01-06 03:26:10.392000+00:00,2026-01-06 03:26:10.467839+00:00,670.392,0.315,0.31,0.32,0.6950000000000001,0.68,0.71,,,,
2026-01-06 03:26:11.437000+00:00,2026-01-06 03:26:11.484680+00:00,671.437,0.315,0.31,0.32,0.685,0.68,0.69,,,,
2026-01-06 03:26:12.345000+00:00,2026-01-06 03:26:12.484803+00:00,672.345,0.325,0.32,0.33,0.675,0.67,0.68,,,,
2026-01-06 03:26:13.638000+00:00,2026-01-06 03:26:13.670884+00:00,673.638,0.315,0.31,0.32,0.685,0.68,0.69,,,,
2026-01-06 03:26:14.647000+00:00,2026-01-06 03:26:14.668803+00:00,674.647,0.345,0.34,0.35,0.655,0.65,0.66,,,,
2026-01-06 03:26:15.655000+00:00,2026-01-06 03:26:15.742647+00:00,675.655,0.345,0.34,0.35,0.655,0.65,0.66,,,,
2026-01-06 03:26:16.746000+00:00,2026-01-06 03:26:16.763374+00:00,676.746,0.3399999999999999,0.33,0.35,0.655,0.65,0.66,,,,
2026-01-06 03:26:17.722000+00:00,2026-01-06 03:26:17.760657+00:00,677.722,0.335,0.33,0.34,0.665,0.66,0.67,,,,
2026-01-06 03:26:18.791000+00:00,2026-01-06 03:26:18.809917+00:00,678.791,0.335,0.33,0.34,0.66,0.65,0.67,,,,
2026-01-06 03:26:20.309000+00:00,2026-01-06 03:26:20.279927+00:00,680.309,0.415,0.41,0.42,0.585,0.58,0.59,,,,
2026-01-06 03:26:21.751000+00:00,2026-01-06 03:26:21.767787+00:00,681.751,0.405,0.4,0.41,0.595,0.59,0.6,,,,
2026-01-06 03:26:22.836000+00:00,2026-01-06 03:26:22.849049+00:00,682.836,0.525,0.52,0.53,0.475,0.47,0.48,,,,
2026-01-06 03:26:23.842000+00:00,2026-01-06 03:26:23.849029+00:00,683.842,0.645,0.64,0.65,0.3399999999999999,0.33,0.35,,,,
2026-01-06 03:26:24.894000+00:00,2026-01-06 03:26:24.900786+00:00,684.894,0.625,0.62,0.63,0.375,0.37,0.38,,,,
2026-01-06 03:26:25.909000+00:00,2026-01-06 03:26:25.932603+00:00,685.909,0.615,0.61,0.62,0.395,0.39,0.4,,,,
2026-01-06 03:26:27.066000+00:00,2026-01-06 03:26:27.098099+00:00,687.066,0.585,0.58,0.59,0.415,0.41,0.42,,,,
2026-01-06 03:26:28.064000+00:00,2026-01-06 03:26:28.086934+00:00,688.064,0.615,0.61,0.62,0.385,0.38,0.39,,,,
2026-01-06 03:26:29.079000+00:00,2026-01-06 03:26:29.097917+00:00,689.079,0.615,0.61,0.62,0.385,0.38,0.39,,,,
2026-01-06 03:26:30.172000+00:00,2026-01-06 03:26:30.201742+00:00,690.172,0.6,0.59,0.61,0.4,0.39,0.41,,,,
2026-01-06 03:26:31.161000+00:00,2026-01-06 03:26:31.201952+00:00,691.161,0.595,0.59,0.6,0.405,0.4,0.41,,,,
2026-01-06 03:26:32.188000+00:00,2026-01-06 03:26:32.232629+00:00,692.188,0.59,0.58,0.6,0.41,0.4,0.42,,,,
2026-01-06 03:26:33.359000+00:00,2026-01-06 03:26:33.401209+00:00,693.359,0.59,0.58,0.6,0.41,0.4,0.42,,,,
2026-01-06 03:26:34.401000+00:00,2026-01-06 03:26:34.418876+00:00,694.401,0.585,0.58,0.59,0.415,0.41,0.42,,,,
2026-01-06 03:26:35.425000+00:00,2026-01-06 03:26:35.436606+00:00,695.425,0.585,0.58,0.59,0.415,0.41,0.42,,,,
2026-01-06 03:26:36.430000+00:00,2026-01-06 03:26:36.441770+00:00,696.43,0.595,0.59,0.6,0.405,0.4,0.41,,,,
2026-01-06 03:26:37.418000+00:00,2026-01-06 03:26:37.437496+00:00,697.418,0.595,0.59,0.6,0.405,0.4,0.41,,,,
2026-01-06 03:26:38.411000+00:00,2026-01-06 03:26:38.451771+00:00,698.411,0.585,0.58,0.59,0.415,0.41,0.42,,,,
2026-01-06 03:26:39.461000+00:00,2026-01-06 03:26:39.478120+00:00,699.461,0.59,0.58,0.6,0.415,0.41,0.42,,,,
2026-01-06 03:26:40.472000+00:00,2026-01-06 03:26:40.487374+00:00,700.472,0.59,0.58,0.6,0.415,0.41,0.42,,,,
2026-01-06 03:26:41.666000+00:00,2026-01-06 03:26:41.684328+00:00,701.666,0.595,0.59,0.6,0.405,0.4,0.41,,,,
2026-01-06 03:26:42.603000+00:00,2026-01-06 03:26:42.684289+00:00,702.603,0.595,0.59,0.6,0.405,0.4,0.41,,,,
2026-01-06 03:26:43.739000+00:00,2026-01-06 03:26:43.684863+00:00,703.739,0.595,0.59,0.6,0.405,0.4,0.41,,,,
2026-01-06 03:26:44.639000+00:00,2026-01-06 03:26:44.686904+00:00,704.639,0.605,0.6,0.61,0.395,0.39,0.4,,,,
2026-01-06 03:26:45.673000+00:00,2026-01-06 03:26:45.696968+00:00,705.673,0.605,0.6,0.61,0.395,0.39,0.4,,,,
2026-01-06 03:26:46.696000+00:00,2026-01-06 03:26:46.707081+00:00,706.696,0.605,0.6,0.61,0.395,0.39,0.4,,,,
2026-01-06 03:26:47.662000+00:00,2026-01-06 03:26:47.716932+00:00,707.662,0.605,0.6,0.61,0.395,0.39,0.4,,,,
2026-01-06 03:26:48.750000+00:00,2026-01-06 03:26:48.775482+00:00,708.75,0.605,0.6,0.61,0.395,0.39,0.4,,,,
2026-01-06 03:26:49.862000+00:00,2026-01-06 03:26:49.879903+00:00,709.862,0.595,0.59,0.6,0.375,0.36,0.39,,,,
2026-01-06 03:26:50.799000+00:00,2026-01-06 03:26:50.887094+00:00,710.799,0.78,0.77,0.79,0.2,0.19,0.21,,,,
2026-01-06 03:26:51.877000+00:00,2026-01-06 03:26:51.897491+00:00,711.877,0.81,0.8,0.82,0.185,0.18,0.19,,,,
2026-01-06 03:26:52.869000+00:00,2026-01-06 03:26:52.901792+00:00,712.869,0.825,0.81,0.84,0.1699999999999999,0.16,0.18,,,,
2026-01-06 03:26:53.989000+00:00,2026-01-06 03:26:54.020315+00:00,713.989,0.805,0.8,0.81,0.195,0.19,0.2,,,,
2026-01-06 03:26:54.998000+00:00,2026-01-06 03:26:55.039903+00:00,714.998,0.835,0.83,0.84,0.155,0.15,0.16,,,,
2026-01-06 03:26:56.571000+00:00,2026-01-06 03:26:56.581675+00:00,716.571,0.865,0.86,0.87,0.135,0.13,0.14,,,,
2026-01-06 03:26:57.753000+00:00,2026-01-06 03:26:57.751730+00:00,717.753,0.875,0.87,0.88,0.125,0.12,0.13,,,,
2026-01-06 03:26:58.718000+00:00,2026-01-06 03:26:58.738011+00:00,718.718,0.895,0.89,0.9,0.105,0.1,0.11,,,,
2026-01-06 03:26:59.739000+00:00,2026-01-06 03:26:59.763147+00:00,719.739,0.895,0.89,0.9,0.105,0.1,0.11,,,,
2026-01-06 03:27:00.747000+00:00,2026-01-06 03:27:00.767388+00:00,720.747,0.885,0.88,0.89,0.1149999999999999,0.11,0.12,,,,
2026-01-06 03:27:01.764000+00:00,2026-01-06 03:27:01.780198+00:00,721.764,0.88,0.87,0.89,0.125,0.12,0.13,,,,
2026-01-06 03:27:03.181000+00:00,2026-01-06 03:27:03.202162+00:00,723.181,0.885,0.88,0.89,0.1149999999999999,0.11,0.12,,,,
2026-01-06 03:27:04.216000+00:00,2026-01-06 03:27:04.239449+00:00,724.216,0.905,0.9,0.91,0.095,0.09,0.1,,,,
2026-01-06 03:27:05.318000+00:00,2026-01-06 03:27:05.293967+00:00,725.318,0.89,0.88,0.9,0.11,0.1,0.12,,,,
2026-01-06 03:27:06.316000+00:00,2026-01-06 03:27:06.404397+00:00,726.316,0.89,0.88,0.9,0.1149999999999999,0.11,0.12,,,,
2026-01-06 03:27:07.362000+00:00,2026-01-06 03:27:07.412549+00:00,727.362,0.895,0.89,0.9,0.105,0.1,0.11,,,,
2026-01-06 03:27:08.410000+00:00,2026-01-06 03:27:08.417995+00:00,728.41,0.905,0.9,0.91,0.095,0.09,0.1,,,,
2026-01-06 03:27:09.532000+00:00,2026-01-06 03:27:09.561729+00:00,729.532,0.945,0.94,0.95,0.045,0.04,0.05,,,,
2026-01-06 03:27:10.570000+00:00,2026-01-06 03:27:10.586972+00:00,730.57,0.955,0.95,0.96,0.045,0.04,0.05,,,,
2026-01-06 03:27:11.554000+00:00,2026-01-06 03:27:11.645505+00:00,731.554,0.935,0.93,0.94,0.065,0.06,0.07,,,,
2026-01-06 03:27:12.586000+00:00,2026-01-06 03:27:12.647126+00:00,732.586,0.935,0.93,0.94,0.065,0.06,0.07,,,,
2026-01-06 03:27:13.631000+00:00,2026-01-06 03:27:13.641207+00:00,733.631,0.955,0.95,0.96,0.045,0.04,0.05,,,,
2026-01-06 03:27:14.604000+00:00,2026-01-06 03:27:14.651572+00:00,734.604,0.945,0.94,0.95,0.055,0.05,0.06,,,,
2026-01-06 03:27:15.635000+00:00,2026-01-06 03:27:15.653350+00:00,735.635,0.94,0.93,0.95,0.055,0.05,0.06,,,,
2026-01-06 03:27:16.694000+00:00,2026-01-06 03:27:16.692156+00:00,736.694,0.935,0.93,0.94,0.06,0.05,0.07,,,,
2026-01-06 03:27:17.684000+00:00,2026-01-06 03:27:17.682942+00:00,737.684,0.955,0.95,0.96,0.045,0.04,0.05,,,,
2026-01-06 03:27:52.247000+00:00,2026-01-06 03:27:52.169974+00:00,772.247,0.985,0.98,0.99,0.025,0.02,0.03,,,,
2026-01-06 03:27:53.238000+00:00,2026-01-06 03:27:53.331781+00:00,773.238,0.975,0.97,0.98,0.025,0.02,0.03,,,,
2026-01-06 03:27:54.306000+00:00,2026-01-06 03:27:54.331008+00:00,774.306,0.985,0.98,0.99,0.015,0.01,0.02,,,,
2026-01-06 03:27:55.194000+00:00,2026-01-06 03:27:55.344535+00:00,775.194,0.975,0.97,0.98,0.025,0.02,0.03,,,,
2026-01-06 03:27:56.230000+00:00,2026-01-06 03:27:56.347908+00:00,776.23,0.975,0.97,0.98,0.025,0.02,0.03,,,,
2026-01-06 03:27:57.265000+00:00,2026-01-06 03:27:57.359973+00:00,777.265,0.975,0.97,0.98,0.025,0.02,0.03,,,,
2026-01-06 03:27:58.341000+00:00,2026-01-06 03:27:58.372480+00:00,778.341,0.975,0.97,0.98,0.025,0.02,0.03,,,,
2026-01-06 03:27:59.305000+00:00,2026-01-06 03:27:59.383177+00:00,779.305,0.975,0.97,0.98,0.025,0.02,0.03,,,,
2026-01-06 03:28:00.364000+00:00,2026-01-06 03:28:00.385812+00:00,780.364,0.975,0.97,0.98,0.025,0.02,0.03,,,,
2026-01-06 03:28:01.288000+00:00,2026-01-06 03:28:01.405238+00:00,781.288,0.975,0.97,0.98,0.025,0.02,0.03,,,,
2026-01-06 03:28:02.229000+00:00,2026-01-06 03:28:02.408163+00:00,782.229,0.975,0.97,0.98,0.025,0.02,0.03,,,,
2026-01-06 03:28:03.382000+00:00,2026-01-06 03:28:03.425841+00:00,783.382,0.975,0.97,0.98,0.025,0.02,0.03,,,,
2026-01-06 03:28:04.408000+00:00,2026-01-06 03:28:04.440349+00:00,784.408,0.975,0.97,0.98,0.025,0.02,0.03,,,,
2026-01-06 03:28:05.362000+00:00,2026-01-06 03:28:05.458463+00:00,785.362,0.975,0.97,0.98,0.025,0.02,0.03,,,,
2026-01-06 03:28:06.131000+00:00,2026-01-06 03:28:06.456837+00:00,786.131,0.975,0.97,0.98,0.025,0.02,0.03,,,,
2026-01-06 03:28:07.423000+00:00,2026-01-06 03:28:07.474670+00:00,787.423,0.975,0.97,0.98,0.025,0.02,0.03,,,,
2026-01-06 03:28:08.473000+00:00,2026-01-06 03:28:08.491044+00:00,788.473,0.975,0.97,0.98,0.025,0.02,0.03,,,,
2026-01-06 03:28:09.442000+00:00,2026-01-06 03:28:09.502045+00:00,789.442,0.97,0.96,0.98,0.03,0.02,0.04,,,,
2026-01-06 03:28:10.478000+00:00,2026-01-06 03:28:10.508154+00:00,790.478,0.975,0.97,0.98,0.025,0.02,0.03,,,,
2026-01-06 03:28:11.494000+00:00,2026-01-06 03:28:11.524230+00:00,791.494,0.975,0.97,0.98,0.025,0.02,0.03,,,,
2026-01-06 03:28:12.446000+00:00,2026-01-06 03:28:12.536646+00:00,792.446,0.975,0.97,0.98,0.025,0.02,0.03,,,,
2026-01-06 03:28:13.320000+00:00,2026-01-06 03:28:13.554119+00:00,793.32,0.975,0.97,0.98,0.025,0.02,0.03,,,,
2026-01-06 03:28:14.504000+00:00,2026-01-06 03:28:14.556468+00:00,794.504,0.975,0.97,0.98,0.025,0.02,0.03,,,,
2026-01-06 03:28:15.526000+00:00,2026-01-06 03:28:15.554875+00:00,795.526,0.98,0.97,0.99,0.02,0.01,0.03,,,,
2026-01-06 03:28:16.544000+00:00,2026-01-06 03:28:16.565010+00:00,796.544,0.975,0.96,0.99,0.025,0.02,0.03,,,,
2026-01-06 03:28:17.550000+00:00,2026-01-06 03:28:17.573345+00:00,797.55,0.97,0.96,0.98,0.03,0.02,0.04,,,,
2026-01-06 03:28:18.565000+00:00,2026-01-06 03:28:18.591281+00:00,798.565,0.965,0.96,0.97,0.035,0.03,0.04,,,,
2026-01-06 03:28:19.574000+00:00,2026-01-06 03:28:19.607118+00:00,799.574,0.985,0.98,0.99,0.015,0.01,0.02,,,,
2026-01-06 03:28:20.613000+00:00,2026-01-06 03:28:20.613664+00:00,800.613,0.985,0.98,0.99,0.015,0.01,0.02,,,,
2026-01-06 03:28:21.594000+00:00,2026-01-06 03:28:21.620363+00:00,801.594,0.985,0.98,0.99,0.015,0.01,0.02,,,,
2026-01-06 03:28:22.610000+00:00,2026-01-06 03:28:22.622551+00:00,802.61,0.985,0.98,0.99,0.015,0.01,0.02,,,,
2026-01-06 03:28:23.613000+00:00,2026-01-06 03:28:23.641670+00:00,803.613,0.985,0.98,0.99,0.015,0.01,0.02,,,,
2026-01-06 03:28:24.614000+00:00,2026-01-06 03:28:24.639064+00:00,804.614,0.985,0.98,0.99,0.015,0.01,0.02,,,,
2026-01-06 03:28:25.613000+00:00,2026-01-06 03:28:25.646372+00:00,805.613,0.985,0.98,0.99,0.035,0.03,0.04,,,,
2026-01-06 03:28:26.630000+00:00,2026-01-06 03:28:26.652097+00:00,806.63,0.985,0.98,0.99,0.015,0.01,0.02,,,,
2026-01-06 03:28:27.571000+00:00,2026-01-06 03:28:27.656712+00:00,807.571,0.985,0.98,0.99,0.015,0.01,0.02,,,,
2026-01-06 03:28:28.664000+00:00,2026-01-06 03:28:28.682355+00:00,808.664,0.985,0.98,0.99,0.015,0.01,0.02,,,,
2026-01-06 03:28:29.601000+00:00,2026-01-06 03:28:29.694856+00:00,809.601,0.985,0.98,0.99,0.015,0.01,0.02,,,,
2026-01-06 03:28:30.675000+00:00,2026-01-06 03:28:30.705648+00:00,810.675,0.985,0.98,0.99,0.01,,0.01,,,,
2026-01-06 03:28:31.674000+00:00,2026-01-06 03:28:31.713403+00:00,811.674,0.99,0.99,,0.01,,0.01,,,,
2026-01-06 03:28:32.682000+00:00,2026-01-06 03:28:32.722558+00:00,812.682,0.99,0.99,,0.01,,0.01,,,,
2026-01-06 03:28:33.685000+00:00,2026-01-06 03:28:33.721550+00:00,813.685,0.99,0.99,,0.01,,0.01,,,,
2026-01-06 03:28:34.558000+00:00,2026-01-06 03:28:34.722109+00:00,814.558,0.99,0.99,,0.01,,0.01,,,,
2026-01-06 03:28:35.675000+00:00,2026-01-06 03:28:35.723543+00:00,815.675,0.99,0.99,,0.01,,0.01,,,,
2026-01-06 03:28:36.695000+00:00,2026-01-06 03:28:36.742687+00:00,816.695,0.99,0.99,,0.01,,0.01,,,,
2026-01-06 03:28:37.233000+00:00,2026-01-06 03:28:37.756004+00:00,817.233,0.99,0.99,,0.01,,0.01,,,,
2026-01-06 03:28:38.433000+00:00,2026-01-06 03:28:38.752480+00:00,818.433,0.99,0.99,,0.01,,0.01,,,,
2026-01-06 03:28:39.556000+00:00,2026-01-06 03:28:39.756515+00:00,819.556,0.99,0.99,,0.01,,0.01,,,,
2026-01-06 03:28:40.615000+00:00,2026-01-06 03:28:40.758416+00:00,820.615,0.99,0.99,,0.01,,0.01,,,,
2026-01-06 03:28:41.799000+00:00,2026-01-06 03:28:41.831415+00:00,821.799,0.99,0.99,,0.01,,0.01,,,,
2026-01-06 03:28:42.727000+00:00,2026-01-06 03:28:42.841364+00:00,822.727,0.99,0.99,,0.01,,0.01,,,,
2026-01-06 03:28:43.668000+00:00,2026-01-06 03:28:43.842522+00:00,823.668,0.99,0.99,,0.01,,0.01,,,,
2026-01-06 03:28:44.828000+00:00,2026-01-06 03:28:44.854963+00:00,824.828,0.99,0.99,,0.01,,0.01,,,,
2026-01-06 03:28:45.717000+00:00,2026-01-06 03:28:45.857356+00:00,825.717,0.99,0.99,,0.01,,0.01,,,,
2026-01-06 03:28:46.272000+00:00,2026-01-06 03:28:46.869131+00:00,826.272,0.99,0.99,,0.01,,0.01,,,,
2026-01-06 03:28:47.765000+00:00,2026-01-06 03:28:47.877521+00:00,827.765,0.99,0.99,,0.01,,0.01,,,,
2026-01-06 03:28:48.771000+00:00,2026-01-06 03:28:48.885076+00:00,828.771,0.99,0.99,,0.01,,0.01,,,,
2026-01-06 03:28:49.875000+00:00,2026-01-06 03:28:49.890771+00:00,829.875,0.99,0.99,,0.01,,0.01,,,,
2026-01-06 03:28:50.872000+00:00,2026-01-06 03:28:50.908055+00:00,830.872,0.99,0.99,,0.01,,0.01,,,,
2026-01-06 03:28:51.816000+00:00,2026-01-06 03:28:51.921325+00:00,831.816,0.99,0.99,,0.01,,0.01,,,,
2026-01-06 03:28:52.932000+00:00,2026-01-06 03:28:52.943126+00:00,832.932,0.99,0.99,,0.01,,0.01,,,,
2026-01-06 03:28:53.924000+00:00,2026-01-06 03:28:53.938874+00:00,833.924,0.99,0.99,,0.01,,0.01,,,,
2026-01-06 03:28:54.773000+00:00,2026-01-06 03:28:54.944635+00:00,834.773,0.99,0.99,,0.01,,0.01,,,,
2026-01-06 03:28:55.875000+00:00,2026-01-06 03:28:55.959299+00:00,835.875,0.99,0.99,,0.01,,0.01,,,,
2026-01-06 03:28:56.951000+00:00,2026-01-06 03:28:56.968981+00:00,836.951,0.99,0.99,,0.01,,0.01,,,,
2026-01-06 03:28:57.904000+00:00,2026-01-06 03:28:57.987802+00:00,837.904,0.99,0.99,,0.01,,0.01,,,,
2026-01-06 03:28:58.815000+00:00,2026-01-06 03:28:58.987431+00:00,838.815,0.99,0.99,,0.01,,0.01,,,,
2026-01-06 03:28:59.781000+00:00,2026-01-06 03:28:59.983821+00:00,839.781,0.99,0.99,,0.01,,0.01,,,,
2026-01-06 03:29:01.952000+00:00,2026-01-06 03:29:02.004016+00:00,841.952,0.99,0.99,,0.01,,0.01,,,,
2026-01-06 03:29:02.684000+00:00,2026-01-06 03:29:03.012348+00:00,842.684,0.99,0.99,,0.01,,0.01,,,,
2026-01-06 03:29:03.770000+00:00,2026-01-06 03:29:04.020295+00:00,843.77,0.99,0.99,,0.01,,0.01,,,,
2026-01-06 03:29:04.962000+00:00,2026-01-06 03:29:05.033593+00:00,844.962,0.99,0.99,,0.01,,0.01,,,,
2026-01-06 03:29:05.747000+00:00,2026-01-06 03:29:06.033966+00:00,845.747,0.99,0.99,,0.01,,0.01,,,,
2026-01-06 03:29:06.966000+00:00,2026-01-06 03:29:07.054900+00:00,846.966,0.99,0.99,,0.01,,0.01,,,,
2026-01-06 03:29:07.463000+00:00,2026-01-06 03:29:08.054881+00:00,847.463,0.99,0.99,,0.01,,0.01,,,,
2026-01-06 03:29:08.991000+00:00,2026-01-06 03:29:09.048313+00:00,848.991,0.99,0.99,,0.01,,0.01,,,,
2026-01-06 03:29:09.578000+00:00,2026-01-06 03:29:10.050257+00:00,849.578,0.99,0.99,,0.01,,0.01,,,,
2026-01-06 03:29:10.870000+00:00,2026-01-06 03:29:11.055524+00:00,850.87,0.99,0.99,,0.01,,0.01,,,,
2026-01-06 03:29:11.917000+00:00,2026-01-06 03:29:12.067393+00:00,851.917,0.99,0.99,,0.01,,0.01,,,,
2026-01-06 03:29:12.763000+00:00,2026-01-06 03:29:13.062785+00:00,852.763,0.99,0.99,,0.01,,0.01,,,,
2026-01-06 03:29:13.861000+00:00,2026-01-06 03:29:14.061473+00:00,853.861,0.99,0.99,,0.01,,0.01,,,,
2026-01-06 03:29:14.584000+00:00,2026-01-06 03:29:15.070240+00:00,854.584,0.99,0.99,,0.01,,0.01,,,,
2026-01-06 03:29:15.967000+00:00,2026-01-06 03:29:16.086973+00:00,855.967,0.99,0.99,,0.01,,0.01,,,,
2026-01-06 03:29:17.064000+00:00,2026-01-06 03:29:17.102740+00:00,857.064,0.99,0.99,,0.01,,0.01,,,,
2026-01-06 03:29:18.056000+00:00,2026-01-06 03:29:18.100212+00:00,858.056,0.99,0.99,,0.01,,0.01,,,,
2026-01-06 03:29:19.101000+00:00,2026-01-06 03:29:19.121424+00:00,859.101,0.99,0.99,,0.01,,0.01,,,,
2026-01-06 03:29:20.053000+00:00,2026-01-06 03:29:20.133676+00:00,860.053,0.99,0.99,,0.01,,0.01,,,,
2026-01-06 03:29:21.929000+00:00,2026-01-06 03:29:22.137618+00:00,861.929,0.99,0.99,,0.01,,0.01,,,,
2026-01-06 03:29:23.070000+00:00,2026-01-06 03:29:23.153982+00:00,863.07,0.99,0.99,,0.01,,0.01,,,,
2026-01-06 03:29:24.629000+00:00,2026-01-06 03:29:25.170635+00:00,864.629,0.99,0.99,,0.01,,0.01,,,,
2026-01-06 03:29:26.166000+00:00,2026-01-06 03:29:26.175432+00:00,866.166,0.99,0.99,,0.01,,0.01,,,,
2026-01-06 03:29:27.118000+00:00,2026-01-06 03:29:27.174246+00:00,867.118,0.99,0.99,,0.01,,0.01,,,,
2026-01-06 03:29:28.911000+00:00,2026-01-06 03:29:29.198141+00:00,868.911,0.99,0.99,,0.01,,0.01,,,,
2026-01-06 03:29:30.957000+00:00,2026-01-06 03:29:31.204627+00:00,870.957,0.99,0.99,,0.01,,0.01,,,,
2026-01-06 03:29:32.113000+00:00,2026-01-06 03:29:32.199316+00:00,872.113,0.99,0.99,,0.01,,0.01,,,,
2026-01-06 03:29:33.803000+00:00,2026-01-06 03:29:34.202687+00:00,873.803,0.99,0.99,,0.01,,0.01,,,,
2026-01-06 03:29:34.450000+00:00,2026-01-06 03:29:35.220240+00:00,874.45,0.99,0.99,,0.01,,0.01,,,,
2026-01-06 03:29:35.521000+00:00,2026-01-06 03:29:36.221231+00:00,875.521,0.99,0.99,,0.01,,0.01,,,,
2026-01-06 03:29:37.191000+00:00,2026-01-06 03:29:37.231668+00:00,877.191,0.99,0.99,,0.01,,0.01,,,,
2026-01-06 03:29:38.189000+00:00,2026-01-06 03:29:38.233734+00:00,878.189,0.99,0.99,,0.01,,0.01,,,,
2026-01-06 03:29:39.168000+00:00,2026-01-06 03:29:39.241386+00:00,879.168,0.99,0.99,,0.01,,0.01,,,,
2026-01-06 03:29:40.167000+00:00,2026-01-06 03:29:40.235421+00:00,880.167,0.99,0.99,,0.01,,0.01,,,,
2026-01-06 03:29:41.214000+00:00,2026-01-06 03:29:41.247059+00:00,881.214,0.99,0.99,,0.01,,0.01,,,,
2026-01-06 03:29:42.196000+00:00,2026-01-06 03:29:42.269780+00:00,882.196,0.99,0.99,,0.01,,0.01,,,,
2026-01-06 03:29:43.118000+00:00,2026-01-06 03:29:43.285787+00:00,883.118,0.99,0.99,,0.01,,0.01,,,,
2026-01-06 03:29:44.102000+00:00,2026-01-06 03:29:44.294619+00:00,884.102,0.99,0.99,,0.01,,0.01,,,,
2026-01-06 03:29:45.265000+00:00,2026-01-06 03:29:45.304058+00:00,885.265,0.99,0.99,,0.01,,0.01,,,,
2026-01-06 03:29:46.263000+00:00,2026-01-06 03:29:46.317824+00:00,886.263,0.99,0.99,,0.01,,0.01,,,,
2026-01-06 03:29:47.072000+00:00,2026-01-06 03:29:47.319350+00:00,887.072,0.99,0.99,,0.01,,0.01,,,,
2026-01-06 03:29:48.219000+00:00,2026-01-06 03:29:48.333226+00:00,888.219,0.99,0.99,,0.01,,0.01,,,,
2026-01-06 03:29:49.108000+00:00,2026-01-06 03:29:49.336514+00:00,889.108,0.99,0.99,,0.01,,0.01,,,,
2026-01-06 03:29:50.158000+00:00,2026-01-06 03:29:50.337522+00:00,890.158,0.99,0.99,,0.01,,0.01,,,,
2026-01-06 03:29:51.264000+00:00,2026-01-06 03:29:51.350936+00:00,891.264,0.99,0.99,,0.01,,0.01,,,,
2026-01-06 03:29:52.120000+00:00,2026-01-06 03:29:52.359468+00:00,892.12,0.99,0.99,,0.01,,0.01,,,,
2026-01-06 03:29:53.071000+00:00,2026-01-06 03:29:53.368379+00:00,893.071,0.99,0.99,,0.01,,0.01,,,,
2026-01-06 03:29:54.039000+00:00,2026-01-06 03:29:54.384730+00:00,894.039,0.99,0.99,,0.01,,0.01,,,,
2026-01-06 03:29:55.260000+00:00,2026-01-06 03:29:55.396203+00:00,895.26,0.99,0.99,,0.01,,0.01,,,,
2026-01-06 03:29:56.093000+00:00,2026-01-06 03:29:56.413783+00:00,896.093,0.99,0.99,,0.01,,0.01,,,,
2026-01-06 03:29:57.412000+00:00,2026-01-06 03:29:57.415747+00:00,897.412,0.99,0.99,,0.01,,0.01,,,,
2026-01-06 03:29:58.286000+00:00,2026-01-06 03:29:58.427490+00:00,898.286,0.99,0.99,,0.01,,0.01,,,,
2026-01-06 03:29:59.369000+00:00,2026-01-06 03:29:59.431553+00:00,899.369,0.99,0.99,,0.01,,0.01,,,,
