timestamp,collected_at,seconds,up_mid,up_best_bid,up_best_ask,down_mid,down_best_bid,down_best_ask,up_best_bid_size,up_best_ask_size,down_best_bid_size,down_best_ask_size,up_bid_2,up_bid_2_size,up_ask_2,up_ask_2_size,up_bid_3,up_bid_3_size,up_ask_3,up_ask_3_size,up_bid_4,up_bid_4_size,up_ask_4,up_ask_4_size,up_bid_5,up_bid_5_size,up_ask_5,up_ask_5_size,up_bid_6,up_bid_6_size,up_ask_6,up_ask_6_size,down_bid_2,down_bid_2_size,down_ask_2,down_ask_2_size,down_bid_3,down_bid_3_size,down_ask_3,down_ask_3_size,down_bid_4,down_bid_4_size,down_ask_4,down_ask_4_size,down_bid_5,down_bid_5_size,down_ask_5,down_ask_5_size,down_bid_6,down_bid_6_size,down_ask_6,down_ask_6_size
2026-01-07 04:15:00.163000+00:00,2026-01-07 04:14:57.503970+00:00,0.163,0.01,,0.01,0.99,0.99,,,3176.63,3176.63,,,,0.02,220.95,,,0.03,190.0,,,0.05,606.05,,,0.06,28.34,,,0.07,104.12,0.98,220.95,,,0.97,190.0,,,0.95,606.05,,,0.94,28.34,,,0.93,104.12,,
2026-01-07 04:15:01.178000+00:00,2026-01-07 04:14:58.526887+00:00,1.178,0.01,,0.01,0.99,0.99,,,86830.78,86830.78,,,,0.02,220.95,,,0.03,190.0,,,0.05,606.05,,,0.06,28.34,,,0.07,104.12,0.98,220.95,,,0.97,190.0,,,0.95,546.62,,,0.94,28.34,,,0.93,104.12,,
2026-01-07 04:15:02+00:00,2026-01-07 04:14:59.546674+00:00,2.0,0.01,,0.01,0.99,0.99,,,86840.78,86840.78,,,,0.02,220.95,,,0.03,190.0,,,0.05,546.62,,,0.06,28.34,,,0.07,104.12,0.98,220.95,,,0.97,190.0,,,0.95,546.62,,,0.94,28.34,,,0.93,104.12,,
2026-01-07 04:15:03.236000+00:00,2026-01-07 04:15:00.553700+00:00,3.236,0.53,0.52,0.54,0.475,0.46,0.49,641.39,154.0,169.0,581.54,0.51,783.15,0.56,5.0,0.5,794.03,0.57,513.0,0.49,417.4,0.58,200.0,0.48,145.5,0.59,240.0,0.47,586.7,0.6,650.0,0.45,5.0,0.5,794.03,0.44,5.0,0.51,429.19,0.43,513.0,0.52,145.5,0.42,200.0,0.53,586.7,0.41,240.0,0.54,483.5
2026-01-07 04:15:04.228000+00:00,2026-01-07 04:15:01.559471+00:00,4.228,0.515,0.51,0.52,0.485,0.48,0.49,198.64,131.14,140.14,213.64,0.5,794.03,0.53,50.0,0.49,490.25,0.54,5.0,0.48,145.5,0.56,5.0,0.47,586.7,0.57,513.0,0.46,483.5,0.58,200.0,0.47,50.0,0.5,794.03,0.46,5.0,0.51,490.25,0.44,5.0,0.52,145.5,0.43,513.0,0.53,586.7,0.42,200.0,0.54,483.5
2026-01-07 04:15:05.226000+00:00,2026-01-07 04:15:02.567954+00:00,5.226,0.505,0.5,0.51,0.495,0.49,0.5,714.81,140.0,191.0,685.81,0.49,490.25,0.52,132.0,0.48,145.5,0.53,60.0,0.47,616.7,0.54,5.0,0.46,513.5,0.56,5.0,0.45,290.0,0.57,513.0,0.48,80.0,0.51,490.25,0.47,60.0,0.52,145.5,0.46,5.0,0.53,616.7,0.44,5.0,0.54,513.5,0.43,513.0,0.55,290.0
2026-01-07 04:15:06.239000+00:00,2026-01-07 04:15:03.571617+00:00,6.239,0.505,0.5,0.51,0.485,0.48,0.49,58.51,302.8,202.0,892.2,0.49,490.25,0.52,323.0,0.48,145.5,0.53,181.0,0.47,616.7,0.54,121.0,0.46,528.5,0.55,121.0,0.45,275.0,0.56,126.0,0.47,181.0,0.5,25.0,0.46,121.0,0.51,456.76,0.45,121.0,0.52,175.5,0.44,126.0,0.53,631.7,0.43,634.0,0.54,528.5
2026-01-07 04:15:07.256000+00:00,2026-01-07 04:15:04.578729+00:00,7.256,0.515,0.51,0.52,0.485,0.48,0.49,549.04,340.0,340.0,549.04,0.49,441.76,0.53,243.0,0.48,175.5,0.54,394.0,0.47,631.7,0.55,304.0,0.46,837.5,0.56,126.0,0.45,579.0,0.57,634.0,0.47,243.0,0.51,441.76,0.46,304.0,0.52,175.5,0.45,304.0,0.53,631.7,0.44,126.0,0.54,852.5,0.43,649.0,0.55,654.0
2026-01-07 04:15:08.259000+00:00,2026-01-07 04:15:05.588047+00:00,8.259,0.515,0.51,0.52,0.485,0.48,0.49,470.42,503.3,533.3,470.42,0.49,441.76,0.53,364.0,0.48,145.5,0.54,304.0,0.47,586.7,0.55,309.0,0.46,907.5,0.56,121.0,0.45,579.0,0.57,641.0,0.47,364.0,0.51,441.76,0.46,304.0,0.52,145.5,0.45,309.0,0.53,586.7,0.44,121.0,0.54,603.5,0.43,641.0,0.55,275.0
2026-01-07 04:15:09.277000+00:00,2026-01-07 04:15:06.606220+00:00,9.277,0.515,0.51,0.52,0.485,0.48,0.49,219.36,593.3,568.3,214.36,0.49,491.76,0.53,434.0,0.48,280.5,0.54,409.0,0.47,706.7,0.55,414.0,0.46,810.5,0.56,196.0,0.45,588.0,0.57,711.0,0.47,439.0,0.5,5.0,0.46,409.0,0.51,486.76,0.45,414.0,0.52,280.5,0.44,196.0,0.53,706.7,0.43,711.0,0.54,720.5
2026-01-07 04:15:10.273000+00:00,2026-01-07 04:15:07.614821+00:00,10.273,0.515,0.51,0.52,0.485,0.48,0.49,116.29,452.3,452.3,91.29,0.5,44.0,0.53,506.0,0.49,588.76,0.54,433.0,0.48,259.0,0.55,414.0,0.47,706.7,0.56,196.0,0.46,781.5,0.57,711.0,0.47,506.0,0.5,44.0,0.46,433.0,0.51,588.76,0.45,414.0,0.52,259.0,0.44,196.0,0.53,706.7,0.43,711.0,0.54,781.5
2026-01-07 04:15:11.272000+00:00,2026-01-07 04:15:08.619471+00:00,11.272,0.515,0.51,0.52,0.485,0.48,0.49,46.61,540.3,656.3,46.61,0.49,471.76,0.53,444.0,0.48,229.0,0.54,409.0,0.47,1098.7,0.55,414.0,0.46,820.5,0.56,226.0,0.45,739.0,0.57,711.0,0.47,444.0,0.51,471.76,0.46,409.0,0.52,229.0,0.45,414.0,0.53,1098.7,0.44,226.0,0.54,820.5,0.43,711.0,0.55,739.0
2026-01-07 04:15:12.247000+00:00,2026-01-07 04:15:09.627752+00:00,12.247,0.495,0.49,0.5,0.505,0.5,0.51,284.37,385.0,475.0,289.37,0.48,129.0,0.51,299.0,0.47,961.7,0.52,459.22,0.46,591.5,0.53,469.0,0.45,323.0,0.54,409.0,0.44,430.0,0.55,379.0,0.49,209.0,0.52,129.0,0.48,449.22,0.53,956.7,0.47,469.0,0.54,591.5,0.46,409.0,0.55,323.0,0.45,379.0,0.56,430.0
2026-01-07 04:15:13.291000+00:00,2026-01-07 04:15:10.617082+00:00,13.291,0.485,0.48,0.49,0.515,0.51,0.52,15.0,80.0,80.0,15.0,0.47,927.44,0.5,411.0,0.46,637.5,0.51,423.0,0.45,290.0,0.52,449.22,0.44,430.0,0.53,469.0,0.43,520.0,0.54,379.0,0.5,411.0,0.53,927.44,0.49,423.0,0.54,637.5,0.48,449.22,0.55,290.0,0.47,469.0,0.56,430.0,0.46,379.0,0.57,520.0
2026-01-07 04:15:14.125000+00:00,2026-01-07 04:15:11.625960+00:00,14.125,0.485,0.48,0.49,0.515,0.51,0.52,64.0,219.0,208.79,64.0,0.47,1010.44,0.5,256.0,0.46,608.5,0.51,449.0,0.45,275.0,0.52,473.22,0.44,613.0,0.53,469.0,0.43,703.0,0.54,379.0,0.5,256.0,0.53,1010.44,0.49,449.0,0.54,603.5,0.48,473.22,0.55,275.0,0.47,469.0,0.56,491.0,0.46,379.0,0.57,703.0
2026-01-07 04:15:15.271000+00:00,2026-01-07 04:15:12.631260+00:00,15.271,0.485,0.48,0.49,0.515,0.51,0.52,23.0,293.79,288.79,23.0,0.47,1046.44,0.5,326.0,0.46,603.5,0.51,401.0,0.45,275.0,0.52,461.22,0.44,491.0,0.53,469.0,0.43,703.0,0.54,379.0,0.5,331.0,0.53,1046.44,0.49,401.0,0.54,603.5,0.48,461.22,0.55,275.0,0.47,469.0,0.56,491.0,0.46,379.0,0.57,703.0
2026-01-07 04:15:16.243000+00:00,2026-01-07 04:15:13.654455+00:00,16.243,0.475,0.47,0.48,0.525,0.52,0.53,870.44,204.0,294.0,870.44,0.46,665.5,0.49,345.79,0.45,314.0,0.5,346.0,0.44,491.0,0.51,302.0,0.43,713.0,0.52,449.22,0.42,334.0,0.53,434.0,0.51,255.79,0.54,665.5,0.5,346.0,0.55,284.0,0.49,302.0,0.56,430.0,0.48,449.22,0.57,713.0,0.47,434.0,0.58,334.0
2026-01-07 04:15:17.303000+00:00,2026-01-07 04:15:14.663134+00:00,17.303,0.475,0.47,0.48,0.525,0.52,0.53,860.38,384.83,424.83,860.38,0.46,483.5,0.49,230.79,0.45,292.0,0.5,393.0,0.44,651.0,0.51,424.0,0.43,713.0,0.52,449.22,0.42,349.0,0.53,434.0,0.51,230.79,0.54,483.5,0.5,393.0,0.55,292.0,0.49,424.0,0.56,651.0,0.48,449.22,0.57,713.0,0.47,434.0,0.58,349.0
2026-01-07 04:15:18.360000+00:00,2026-01-07 04:15:15.683147+00:00,18.36,0.475,0.47,0.48,0.525,0.52,0.53,750.58,297.0,297.0,750.58,0.46,483.5,0.49,238.79,0.45,292.0,0.5,459.0,0.44,556.0,0.51,485.0,0.43,455.0,0.52,449.22,0.42,233.0,0.53,439.0,0.51,262.79,0.54,495.5,0.5,483.0,0.55,328.0,0.49,485.0,0.56,556.0,0.48,449.22,0.57,455.0,0.47,439.0,0.58,233.0
2026-01-07 04:15:19.335000+00:00,2026-01-07 04:15:16.690216+00:00,19.335,0.475,0.47,0.48,0.525,0.52,0.53,740.58,278.0,278.0,740.58,0.46,531.5,0.49,255.79,0.45,328.0,0.5,514.0,0.44,520.0,0.51,485.0,0.43,455.0,0.52,449.22,0.42,228.0,0.53,439.0,0.51,255.79,0.54,531.5,0.5,514.0,0.55,328.0,0.49,485.0,0.56,520.0,0.48,449.22,0.57,455.0,0.47,439.0,0.58,228.0
2026-01-07 04:15:20.356000+00:00,2026-01-07 04:15:17.685394+00:00,20.356,0.475,0.47,0.48,0.525,0.52,0.53,827.74,35.0,35.0,827.74,0.46,543.5,0.49,129.79,0.45,367.0,0.5,454.0,0.44,642.0,0.51,485.0,0.43,683.0,0.52,461.22,0.42,334.0,0.53,523.0,0.51,129.79,0.54,543.5,0.5,454.0,0.55,367.0,0.49,536.0,0.56,642.0,0.48,461.22,0.57,683.0,0.47,523.0,0.58,404.0
2026-01-07 04:15:21.370000+00:00,2026-01-07 04:15:18.677934+00:00,21.37,0.475,0.47,0.48,0.525,0.52,0.53,711.74,54.0,144.0,711.74,0.46,587.5,0.49,199.79,0.45,428.0,0.5,295.13,0.44,613.0,0.51,448.0,0.43,734.0,0.52,461.22,0.42,414.0,0.53,439.0,0.51,199.79,0.54,587.5,0.5,295.13,0.55,443.0,0.49,448.0,0.56,613.0,0.48,418.22,0.57,734.0,0.47,439.0,0.58,414.0
2026-01-07 04:15:22.262000+00:00,2026-01-07 04:15:19.686565+00:00,22.262,0.475,0.47,0.48,0.525,0.52,0.53,644.74,113.68,260.68,644.74,0.46,507.5,0.49,284.79,0.45,535.0,0.5,305.13,0.44,628.0,0.51,364.0,0.43,734.0,0.52,406.22,0.42,454.0,0.53,439.0,0.51,527.79,0.54,507.5,0.5,548.13,0.55,535.0,0.49,485.0,0.56,628.0,0.48,406.22,0.57,734.0,0.47,439.0,0.58,349.0
2026-01-07 04:15:23.228000+00:00,2026-01-07 04:15:20.693130+00:00,23.228,0.475,0.47,0.48,0.525,0.52,0.53,644.74,343.18,413.18,644.74,0.46,507.5,0.49,588.79,0.45,352.0,0.5,539.13,0.44,445.0,0.51,485.0,0.43,613.0,0.52,406.22,0.42,228.0,0.53,439.0,0.51,588.79,0.54,507.5,0.5,539.13,0.55,352.0,0.49,485.0,0.56,445.0,0.48,406.22,0.57,613.0,0.47,439.0,0.58,223.0
2026-01-07 04:15:24.339000+00:00,2026-01-07 04:15:21.714794+00:00,24.339,0.475,0.47,0.48,0.535,0.53,0.54,78.56,613.18,80.0,445.06,0.46,488.5,0.49,428.79,0.45,200.0,0.5,479.13,0.44,552.0,0.51,485.0,0.43,454.0,0.52,406.22,0.42,45.0,0.53,439.0,0.52,623.18,0.55,200.0,0.51,453.79,0.56,552.0,0.5,479.13,0.57,454.0,0.49,450.0,0.58,45.0,0.48,406.22,0.59,70.0
2026-01-07 04:15:25.321000+00:00,2026-01-07 04:15:22.704566+00:00,25.321,0.46499999999999997,0.46,0.47,0.535,0.53,0.54,440.06,250.0,407.0,440.06,0.45,205.0,0.48,618.0,0.44,472.0,0.49,453.79,0.43,504.0,0.5,479.13,0.42,45.0,0.51,450.0,0.41,160.0,0.52,406.22,0.52,570.0,0.55,205.0,0.51,453.79,0.56,472.0,0.5,479.13,0.57,504.0,0.49,450.0,0.58,30.0,0.48,406.22,0.59,175.0
2026-01-07 04:15:26.244000+00:00,2026-01-07 04:15:23.708889+00:00,26.244,0.46499999999999997,0.46,0.47,0.535,0.53,0.54,166.56,357.0,357.0,105.56,0.45,212.0,0.48,379.0,0.44,465.0,0.49,453.79,0.43,504.0,0.5,444.13,0.42,228.0,0.51,450.0,0.41,358.0,0.52,406.22,0.52,379.0,0.55,212.0,0.51,453.79,0.56,465.0,0.5,444.13,0.57,504.0,0.49,450.0,0.58,228.0,0.48,406.22,0.59,358.0
2026-01-07 04:15:27.362000+00:00,2026-01-07 04:15:24.729361+00:00,27.362,0.46499999999999997,0.46,0.47,0.535,0.53,0.54,58.56,357.0,357.0,58.56,0.45,212.0,0.48,379.0,0.44,472.0,0.49,453.79,0.43,492.0,0.5,444.13,0.42,233.0,0.51,450.0,0.41,358.0,0.52,406.22,0.52,374.0,0.55,12.0,0.51,453.79,0.56,72.0,0.5,444.13,0.57,92.0,0.49,450.0,0.58,233.0,0.48,406.22,0.59,358.0
2026-01-07 04:15:28.390000+00:00,2026-01-07 04:15:25.737846+00:00,28.39,0.455,0.45,0.46,0.555,0.55,0.56,17.0,45.0,86.0,29.0,0.44,72.0,0.47,337.0,0.43,92.0,0.48,364.0,0.42,228.0,0.49,418.79,0.41,358.0,0.5,444.13,0.4,613.0,0.51,450.0,0.54,60.0,0.57,128.0,0.53,439.0,0.58,228.0,0.52,280.0,0.59,358.0,0.51,418.79,0.6,613.0,0.5,444.13,0.61,339.0
2026-01-07 04:15:29.437000+00:00,2026-01-07 04:15:26.757635+00:00,29.437,0.425,0.42,0.43,0.575,0.57,0.58,275.0,49.76,49.76,275.0,0.41,375.0,0.44,60.0,0.4,648.0,0.45,69.0,0.39,314.0,0.46,127.0,0.38,217.0,0.47,270.0,0.37,327.0,0.48,316.0,0.56,72.0,0.59,435.0,0.55,117.0,0.6,660.0,0.54,127.0,0.61,314.0,0.53,270.0,0.62,217.0,0.52,316.0,0.63,327.0
2026-01-07 04:15:30.406000+00:00,2026-01-07 04:15:27.764882+00:00,30.406,0.425,0.42,0.43,0.575,0.57,0.58,220.0,61.68,76.68,189.46,0.41,477.0,0.44,60.0,0.4,718.0,0.45,129.0,0.39,329.0,0.46,217.0,0.38,242.0,0.47,227.0,0.37,287.0,0.48,268.0,0.56,60.0,0.59,477.0,0.55,199.0,0.6,718.0,0.54,287.0,0.61,329.0,0.53,157.0,0.62,242.0,0.52,268.0,0.63,287.0
2026-01-07 04:15:31.438000+00:00,2026-01-07 04:15:28.770035+00:00,31.438,0.425,0.42,0.43,0.575,0.57,0.58,15.0,66.68,66.68,15.0,0.41,168.0,0.44,108.0,0.4,660.0,0.45,253.0,0.39,419.0,0.46,190.0,0.38,217.0,0.47,110.0,0.37,337.0,0.48,437.0,0.56,108.0,0.59,168.0,0.55,253.0,0.6,660.0,0.54,190.0,0.61,419.0,0.53,110.0,0.62,217.0,0.52,437.0,0.63,337.0
2026-01-07 04:15:32.448000+00:00,2026-01-07 04:15:29.793546+00:00,32.448,0.42,0.41,0.43,0.575,0.57,0.58,387.0,63.13,209.13,15.0,0.4,574.0,0.44,72.0,0.39,434.0,0.45,289.0,0.38,227.0,0.46,190.0,0.37,327.0,0.47,293.0,0.36,409.0,0.48,437.0,0.56,137.0,0.59,387.0,0.55,289.0,0.6,574.0,0.54,120.0,0.61,434.0,0.53,293.0,0.62,227.0,0.52,437.0,0.63,327.0
2026-01-07 04:15:33.467000+00:00,2026-01-07 04:15:30.801982+00:00,33.467,0.415,0.41,0.42,0.585,0.58,0.59,351.0,70.0,70.0,358.0,0.4,584.0,0.43,172.13,0.39,419.0,0.44,137.0,0.38,227.0,0.45,265.0,0.37,217.0,0.46,120.0,0.36,409.0,0.47,293.0,0.57,167.13,0.6,557.0,0.56,80.0,0.61,414.0,0.55,205.0,0.62,217.0,0.54,120.0,0.63,217.0,0.53,329.0,0.64,424.0
2026-01-07 04:15:34.497000+00:00,2026-01-07 04:15:31.823871+00:00,34.497,0.425,0.42,0.43,0.575,0.57,0.58,128.0,168.96,98.96,128.0,0.41,320.09,0.44,150.0,0.4,632.0,0.45,253.0,0.39,324.0,0.46,144.0,0.38,327.0,0.47,293.0,0.37,287.0,0.48,389.0,0.56,150.0,0.59,320.09,0.55,277.0,0.6,644.0,0.54,144.0,0.61,324.0,0.53,293.0,0.62,327.0,0.52,389.0,0.63,287.0
2026-01-07 04:15:35.503000+00:00,2026-01-07 04:15:32.832539+00:00,35.503,0.435,0.43,0.44,0.565,0.56,0.57,105.0,25.0,25.0,105.0,0.42,378.0,0.45,105.0,0.41,480.09,0.46,85.0,0.4,823.0,0.47,258.0,0.39,409.0,0.48,437.0,0.38,302.0,0.49,427.79,0.55,70.0,0.58,386.0,0.54,5.0,0.59,470.09,0.53,75.0,0.6,698.0,0.52,316.0,0.61,409.0,0.51,420.79,0.62,267.0
2026-01-07 04:15:36.375000+00:00,2026-01-07 04:15:33.839418+00:00,36.375,0.46499999999999997,0.46,0.47,0.535,0.53,0.54,236.07,175.0,175.0,221.07,0.45,210.0,0.48,167.0,0.44,306.0,0.49,218.79,0.43,274.33,0.5,125.13,0.42,427.0,0.51,304.0,0.41,505.09,0.52,391.22,0.52,167.0,0.55,210.0,0.51,213.79,0.56,318.0,0.5,125.13,0.57,274.33,0.49,304.0,0.58,427.0,0.48,391.22,0.59,505.09
2026-01-07 04:15:37.459000+00:00,2026-01-07 04:15:34.846347+00:00,37.459,0.46499999999999997,0.46,0.47,0.535,0.53,0.54,236.07,180.0,180.0,236.07,0.45,210.0,0.48,167.0,0.44,318.0,0.49,218.79,0.43,318.33,0.5,125.13,0.42,384.0,0.51,304.0,0.41,505.09,0.52,391.22,0.52,167.0,0.55,210.0,0.51,218.79,0.56,318.0,0.5,125.13,0.57,318.33,0.49,304.0,0.58,384.0,0.48,391.22,0.59,505.09
2026-01-07 04:15:38.498000+00:00,2026-01-07 04:15:35.851180+00:00,38.498,0.46499999999999997,0.46,0.47,0.535,0.53,0.54,95.0,75.0,229.0,202.0,0.45,66.0,0.48,133.0,0.44,183.0,0.49,425.79,0.43,175.33,0.5,308.13,0.42,359.0,0.51,425.0,0.41,495.09,0.52,391.22,0.52,168.0,0.55,196.0,0.51,411.79,0.56,330.0,0.5,308.13,0.57,331.33,0.49,425.0,0.58,394.0,0.48,391.22,0.59,495.09
2026-01-07 04:15:39.541000+00:00,2026-01-07 04:15:36.872672+00:00,39.541,0.46499999999999997,0.46,0.47,0.515,0.51,0.52,520.86,224.0,5.0,182.0,0.45,399.0,0.49,5.0,0.44,333.0,0.5,30.13,0.43,367.33,0.51,21.0,0.42,454.0,0.52,286.22,0.41,475.09,0.53,434.0,0.5,30.13,0.53,12.0,0.49,21.0,0.54,495.86,0.48,24.0,0.55,399.0,0.47,167.0,0.56,443.0,0.46,339.0,0.57,367.33
2026-01-07 04:15:40.550000+00:00,2026-01-07 04:15:37.880168+00:00,40.55,0.545,0.54,0.55,0.455,0.45,0.46,2.73,182.0,210.0,63.73,0.53,198.0,0.56,27.0,0.52,273.0,0.57,20.0,0.51,302.0,0.58,126.0,0.5,288.87,0.59,222.0,0.49,469.0,0.6,634.0,0.44,15.0,0.47,198.0,0.43,20.0,0.48,193.0,0.42,186.0,0.49,277.0,0.41,161.0,0.5,264.87,0.4,634.0,0.51,481.0
2026-01-07 04:15:41.454000+00:00,2026-01-07 04:15:38.886021+00:00,41.454,0.545,0.54,0.55,0.455,0.45,0.46,33.73,145.0,147.81,33.73,0.53,198.0,0.56,35.0,0.52,193.0,0.57,25.0,0.51,197.0,0.58,186.0,0.5,272.87,0.59,161.0,0.49,544.0,0.6,634.0,0.44,35.0,0.47,198.0,0.43,25.0,0.48,193.0,0.42,121.0,0.49,277.0,0.41,222.0,0.5,252.87,0.4,634.0,0.51,481.0
2026-01-07 04:15:42.554000+00:00,2026-01-07 04:15:39.890975+00:00,42.554,0.545,0.54,0.55,0.455,0.45,0.46,33.73,215.81,215.81,33.73,0.53,198.0,0.56,105.0,0.52,193.0,0.57,95.0,0.51,197.0,0.58,251.0,0.5,308.87,0.59,231.0,0.49,520.0,0.6,634.0,0.44,105.0,0.47,198.0,0.43,95.0,0.48,193.0,0.42,251.0,0.49,277.0,0.41,231.0,0.5,249.87,0.4,634.0,0.51,544.0
2026-01-07 04:15:43.506000+00:00,2026-01-07 04:15:40.895271+00:00,43.506,0.535,0.53,0.54,0.46499999999999997,0.46,0.47,35.0,74.0,62.0,35.0,0.52,10.0,0.55,259.81,0.51,359.0,0.56,128.0,0.5,367.87,0.57,389.0,0.49,457.0,0.58,374.0,0.48,467.0,0.59,475.0,0.45,271.81,0.48,10.0,0.44,80.0,0.49,297.0,0.43,389.0,0.5,366.87,0.42,374.0,0.51,457.0,0.41,475.0,0.52,467.0
2026-01-07 04:15:44.549000+00:00,2026-01-07 04:15:41.900059+00:00,44.549,0.525,0.52,0.53,0.475,0.47,0.48,30.0,50.0,50.0,30.0,0.51,196.53,0.54,293.0,0.5,274.87,0.55,307.81,0.49,457.0,0.56,92.0,0.48,454.0,0.57,447.0,0.47,419.0,0.58,374.0,0.46,293.0,0.49,196.53,0.45,271.81,0.5,262.87,0.44,92.0,0.51,457.0,0.43,389.0,0.52,454.0,0.42,374.0,0.53,419.0
2026-01-07 04:15:45.575000+00:00,2026-01-07 04:15:42.908925+00:00,45.575,0.525,0.52,0.53,0.49,0.48,0.5,30.0,357.0,122.0,35.0,0.49,72.0,0.54,491.0,0.48,104.0,0.55,516.81,0.47,243.0,0.56,374.0,0.46,214.86,0.57,447.0,0.45,389.0,0.58,374.0,0.47,568.0,0.51,82.0,0.46,501.0,0.52,139.0,0.45,429.0,0.53,278.0,0.44,374.0,0.54,249.86,0.43,447.0,0.55,389.0
2026-01-07 04:15:46.615000+00:00,2026-01-07 04:15:43.914347+00:00,46.615,0.495,0.49,0.5,0.505,0.5,0.51,80.0,25.0,254.0,80.0,0.48,192.26,0.51,185.0,0.47,309.0,0.52,310.0,0.46,324.86,0.53,322.0,0.45,469.0,0.54,419.0,0.44,439.0,0.55,429.0,0.49,170.0,0.52,192.26,0.48,310.0,0.53,356.0,0.47,322.0,0.54,324.86,0.46,419.0,0.55,424.0,0.45,429.0,0.56,439.0
2026-01-07 04:15:47.509000+00:00,2026-01-07 04:15:44.921661+00:00,47.509,0.495,0.49,0.5,0.505,0.5,0.51,263.0,244.0,244.0,233.0,0.48,277.26,0.51,180.0,0.47,332.0,0.52,185.0,0.46,324.86,0.53,151.0,0.45,424.0,0.54,115.0,0.44,439.0,0.55,429.0,0.49,180.0,0.52,312.26,0.48,185.0,0.53,332.0,0.47,151.0,0.54,324.86,0.46,115.0,0.55,424.0,0.45,429.0,0.56,439.0
2026-01-07 04:15:48.533000+00:00,2026-01-07 04:15:45.931475+00:00,48.533,0.495,0.49,0.5,0.505,0.5,0.51,57.23,317.0,272.0,57.23,0.48,317.26,0.51,252.0,0.47,357.0,0.52,149.0,0.46,370.86,0.53,115.0,0.45,424.0,0.54,115.0,0.44,439.0,0.55,429.0,0.49,252.0,0.52,322.26,0.48,149.0,0.53,357.0,0.47,115.0,0.54,370.86,0.46,115.0,0.55,424.0,0.45,429.0,0.56,439.0
2026-01-07 04:15:49.593000+00:00,2026-01-07 04:15:46.939097+00:00,49.593,0.495,0.49,0.5,0.505,0.5,0.51,134.23,269.1,269.1,127.0,0.48,337.26,0.51,257.0,0.47,290.0,0.52,331.0,0.46,440.86,0.53,237.0,0.45,424.0,0.54,358.0,0.44,439.0,0.55,429.0,0.49,257.0,0.52,154.26,0.48,392.0,0.53,290.0,0.47,298.0,0.54,319.86,0.46,419.0,0.55,424.0,0.45,429.0,0.56,439.0
2026-01-07 04:15:50.464000+00:00,2026-01-07 04:15:47.946251+00:00,50.464,0.495,0.49,0.5,0.505,0.5,0.51,35.0,339.74,324.74,35.0,0.48,134.26,0.51,312.0,0.47,357.0,0.52,332.0,0.46,273.86,0.53,308.0,0.45,469.0,0.54,419.0,0.44,439.0,0.55,429.0,0.49,312.0,0.52,134.26,0.48,332.0,0.53,357.0,0.47,308.0,0.54,273.86,0.46,419.0,0.55,469.0,0.45,429.0,0.56,439.0
2026-01-07 04:15:51.555000+00:00,2026-01-07 04:15:48.954882+00:00,51.555,0.495,0.49,0.5,0.505,0.5,0.51,30.0,314.74,264.74,15.0,0.48,122.26,0.51,324.0,0.47,174.0,0.52,320.0,0.46,285.86,0.53,308.0,0.45,489.0,0.54,419.0,0.44,439.0,0.55,429.0,0.49,324.0,0.52,122.26,0.48,320.0,0.53,174.0,0.47,308.0,0.54,285.86,0.46,419.0,0.55,489.0,0.45,429.0,0.56,439.0
2026-01-07 04:15:52.639000+00:00,2026-01-07 04:15:49.963709+00:00,52.639,0.49,0.48,0.5,0.51,0.5,0.52,110.26,257.74,257.74,110.26,0.47,186.0,0.51,324.0,0.46,285.86,0.52,320.0,0.45,504.0,0.53,308.0,0.44,444.0,0.54,419.0,0.43,531.33,0.55,419.0,0.49,324.0,0.53,186.0,0.48,320.0,0.54,285.86,0.47,1007.94,0.55,504.0,0.46,419.0,0.56,444.0,0.45,419.0,0.57,531.33
2026-01-07 04:15:53.447000+00:00,2026-01-07 04:15:50.972824+00:00,53.447,0.49,0.48,0.5,0.51,0.5,0.52,107.08,329.74,329.74,107.08,0.47,114.0,0.51,264.0,0.46,357.86,0.52,308.0,0.45,504.0,0.53,1007.94,0.44,444.0,0.54,419.0,0.43,531.33,0.55,419.0,0.49,264.0,0.53,114.0,0.48,308.0,0.54,357.86,0.47,1007.94,0.55,504.0,0.46,419.0,0.56,439.0,0.45,419.0,0.57,531.33
2026-01-07 04:15:54.659000+00:00,2026-01-07 04:15:51.996276+00:00,54.659,0.49,0.48,0.5,0.51,0.5,0.52,107.08,195.78,350.78,107.08,0.47,126.0,0.51,288.0,0.46,365.86,0.52,308.0,0.45,439.0,0.53,1007.94,0.44,439.0,0.54,419.0,0.43,576.33,0.55,475.0,0.49,300.0,0.53,141.0,0.48,308.0,0.54,368.86,0.47,1007.94,0.55,424.0,0.46,419.0,0.56,439.0,0.45,475.0,0.57,576.33
2026-01-07 04:15:55.496000+00:00,2026-01-07 04:15:53.017368+00:00,55.496,0.485,0.48,0.49,0.515,0.51,0.52,102.61,118.0,108.0,102.61,0.47,208.0,0.5,361.0,0.46,383.86,0.51,312.0,0.45,424.0,0.52,308.0,0.44,439.0,0.53,1007.94,0.43,576.33,0.54,419.0,0.5,361.0,0.53,208.0,0.49,312.0,0.54,383.86,0.48,308.0,0.55,424.0,0.47,1007.94,0.56,439.0,0.46,419.0,0.57,531.33
2026-01-07 04:15:56.692000+00:00,2026-01-07 04:15:54.026272+00:00,56.692,0.485,0.48,0.49,0.515,0.51,0.52,96.98,80.0,69.79,96.98,0.47,244.0,0.5,337.0,0.46,347.86,0.51,336.0,0.45,469.0,0.52,308.0,0.44,439.0,0.53,1007.94,0.43,531.33,0.54,419.0,0.5,337.0,0.53,244.0,0.49,336.0,0.54,347.86,0.48,308.0,0.55,469.0,0.47,1007.94,0.56,439.0,0.46,419.0,0.57,531.33
2026-01-07 04:15:57.675000+00:00,2026-01-07 04:15:55.018617+00:00,57.675,0.485,0.48,0.49,0.515,0.51,0.52,96.98,80.0,28.97,94.73,0.47,244.0,0.5,337.0,0.46,347.86,0.51,336.0,0.45,469.0,0.52,308.0,0.44,439.0,0.53,1007.94,0.43,536.33,0.54,419.0,0.5,337.0,0.53,244.0,0.49,336.0,0.54,347.86,0.48,308.0,0.55,469.0,0.47,1007.94,0.56,439.0,0.46,419.0,0.57,536.33
2026-01-07 04:15:58.690000+00:00,2026-01-07 04:15:56.028871+00:00,58.69,0.49,0.48,0.5,0.51,0.5,0.52,159.73,377.0,377.0,174.73,0.47,259.0,0.51,336.0,0.46,332.86,0.52,308.0,0.45,469.0,0.53,1007.94,0.44,439.0,0.54,419.0,0.43,531.33,0.55,424.0,0.49,336.0,0.53,259.0,0.48,308.0,0.54,332.86,0.47,1007.94,0.55,469.0,0.46,419.0,0.56,439.0,0.45,424.0,0.57,531.33
2026-01-07 04:15:59.701000+00:00,2026-01-07 04:15:57.035015+00:00,59.701,0.49,0.48,0.5,0.51,0.5,0.52,174.73,359.66,359.66,174.73,0.47,259.0,0.51,336.0,0.46,332.86,0.52,308.0,0.45,469.0,0.53,1007.94,0.44,439.0,0.54,419.0,0.43,531.33,0.55,419.0,0.49,336.0,0.53,259.0,0.48,308.0,0.54,332.86,0.47,1007.94,0.55,469.0,0.46,419.0,0.56,439.0,0.45,419.0,0.57,531.33
2026-01-07 04:16:00.646000+00:00,2026-01-07 04:15:58.040758+00:00,60.646,0.49,0.48,0.5,0.515,0.51,0.52,174.73,358.66,75.0,75.0,0.47,244.0,0.51,336.0,0.46,347.86,0.52,308.0,0.45,424.0,0.53,1007.94,0.44,439.0,0.54,419.0,0.43,576.33,0.55,475.0,0.5,358.66,0.53,269.0,0.49,301.0,0.54,433.86,0.48,298.0,0.55,434.0,0.47,1007.94,0.56,404.0,0.46,419.0,0.57,531.33
2026-01-07 04:16:01.692000+00:00,2026-01-07 04:15:59.050210+00:00,61.692,0.485,0.48,0.49,0.515,0.51,0.52,30.4,442.0,442.0,30.4,0.47,183.0,0.5,415.66,0.46,90.0,0.51,388.0,0.45,187.0,0.52,419.0,0.44,287.0,0.53,429.0,0.43,292.33,0.54,419.0,0.5,415.66,0.53,178.0,0.49,388.0,0.54,115.0,0.48,419.0,0.55,172.0,0.47,429.0,0.56,287.0,0.46,419.0,0.57,292.33
2026-01-07 04:16:02.598000+00:00,2026-01-07 04:16:00.071615+00:00,62.598,0.485,0.48,0.49,0.515,0.51,0.52,30.4,427.0,427.0,30.4,0.47,108.0,0.5,427.66,0.46,95.0,0.51,388.0,0.45,204.0,0.52,419.0,0.44,260.0,0.53,429.0,0.43,306.33,0.54,473.0,0.5,427.66,0.53,108.0,0.49,388.0,0.54,95.0,0.48,419.0,0.55,204.0,0.47,429.0,0.56,260.0,0.46,473.0,0.57,306.33
2026-01-07 04:16:03.751000+00:00,2026-01-07 04:16:01.077818+00:00,63.751,0.485,0.48,0.49,0.525,0.52,0.53,30.4,353.0,15.0,49.0,0.47,125.0,0.5,511.66,0.46,84.0,0.51,809.0,0.45,120.0,0.52,419.0,0.44,248.0,0.53,429.0,0.43,396.33,0.54,473.0,0.51,408.0,0.54,84.0,0.5,501.66,0.55,120.0,0.49,719.0,0.56,65.0,0.48,419.0,0.57,204.0,0.47,429.0,0.58,439.0
2026-01-07 04:16:04.761000+00:00,2026-01-07 04:16:02.085144+00:00,64.761,0.46499999999999997,0.46,0.47,0.535,0.53,0.54,75.0,229.0,229.0,61.0,0.45,185.0,0.48,160.0,0.44,135.0,0.49,322.0,0.43,274.0,0.5,405.66,0.42,439.0,0.51,719.0,0.41,689.09,0.52,419.0,0.52,208.0,0.55,197.0,0.51,334.0,0.56,207.0,0.5,405.66,0.57,274.0,0.49,719.0,0.58,439.0,0.48,419.0,0.59,689.09
2026-01-07 04:16:05.766000+00:00,2026-01-07 04:16:03.091810+00:00,65.766,0.425,0.42,0.43,0.58,0.57,0.59,389.0,12.0,72.0,261.09,0.41,515.09,0.44,173.0,0.4,768.0,0.45,209.0,0.39,669.0,0.46,184.0,0.38,287.0,0.47,169.0,0.37,287.0,0.48,326.0,0.56,140.0,0.6,783.0,0.55,428.0,0.61,669.0,0.54,233.0,0.62,287.0,0.53,169.0,0.63,287.0,0.52,326.0,0.64,374.0
2026-01-07 04:16:06.756000+00:00,2026-01-07 04:16:04.097338+00:00,66.756,0.425,0.42,0.43,0.575,0.57,0.58,12.86,48.48,33.48,17.86,0.41,191.09,0.44,128.0,0.4,843.0,0.45,381.0,0.39,657.0,0.46,243.0,0.38,287.0,0.47,259.0,0.37,287.0,0.48,115.0,0.56,145.0,0.59,191.09,0.55,405.0,0.6,885.0,0.54,243.0,0.61,669.0,0.53,259.0,0.62,287.0,0.52,115.0,0.63,287.0
2026-01-07 04:16:07.775000+00:00,2026-01-07 04:16:05.120632+00:00,67.775,0.425,0.42,0.43,0.575,0.57,0.58,12.86,33.48,38.48,12.86,0.41,191.09,0.44,145.0,0.4,800.0,0.45,475.0,0.39,645.0,0.46,298.0,0.38,327.0,0.47,259.0,0.37,287.0,0.48,115.0,0.56,155.0,0.59,221.09,0.55,475.0,0.6,797.0,0.54,303.88,0.61,660.0,0.53,259.0,0.62,327.0,0.52,115.0,0.63,287.0
2026-01-07 04:16:08.760000+00:00,2026-01-07 04:16:06.124385+00:00,68.76,0.405,0.4,0.41,0.595,0.59,0.6,368.0,190.83,190.83,368.0,0.39,216.99,0.42,179.32,0.38,65.0,0.43,451.42,0.37,50.0,0.44,370.0,0.36,563.0,0.45,533.0,0.35,484.0,0.46,424.88,0.58,250.32,0.61,216.99,0.57,451.42,0.62,65.0,0.56,370.0,0.63,50.0,0.55,533.0,0.64,563.0,0.54,424.88,0.65,484.0
2026-01-07 04:16:09.656000+00:00,2026-01-07 04:16:07.128996+00:00,69.656,0.405,0.4,0.41,0.595,0.59,0.6,296.0,291.83,291.83,284.0,0.39,276.99,0.42,310.32,0.38,47.0,0.43,588.42,0.37,150.0,0.44,322.0,0.36,633.0,0.45,509.0,0.35,484.0,0.46,424.88,0.58,310.32,0.61,276.99,0.57,588.42,0.62,47.0,0.56,322.0,0.63,150.0,0.55,509.0,0.64,633.0,0.54,424.88,0.65,484.0
2026-01-07 04:16:10.828000+00:00,2026-01-07 04:16:08.148857+00:00,70.828,0.405,0.4,0.41,0.595,0.59,0.6,279.0,303.83,355.22,279.0,0.37,91.0,0.42,310.32,0.36,423.99,0.43,292.42,0.35,499.0,0.44,419.0,0.34,633.0,0.45,509.0,0.33,419.0,0.46,424.88,0.58,619.32,0.63,68.0,0.57,403.42,0.64,528.99,0.56,419.0,0.65,416.0,0.55,419.0,0.66,643.0,0.54,424.88,0.67,509.0
2026-01-07 04:16:11.832000+00:00,2026-01-07 04:16:09.167981+00:00,71.832,0.395,0.39,0.4,0.605,0.6,0.61,47.65,146.0,146.0,47.65,0.38,17.0,0.41,306.22,0.37,155.0,0.42,609.32,0.36,376.0,0.43,354.42,0.35,185.0,0.44,322.0,0.34,450.0,0.45,419.0,0.59,306.22,0.62,17.0,0.58,609.32,0.63,155.0,0.57,354.42,0.64,376.0,0.56,322.0,0.65,185.0,0.55,419.0,0.66,450.0
2026-01-07 04:16:12.806000+00:00,2026-01-07 04:16:10.177906+00:00,72.806,0.395,0.39,0.4,0.605,0.6,0.61,147.65,96.0,96.0,318.99,0.38,103.51,0.41,241.22,0.37,100.0,0.42,609.32,0.36,326.0,0.43,366.42,0.35,160.0,0.44,310.0,0.34,450.0,0.45,419.0,0.59,236.22,0.62,349.51,0.58,519.32,0.63,338.0,0.57,282.42,0.64,458.0,0.56,334.0,0.65,448.0,0.55,479.0,0.66,460.0
2026-01-07 04:16:13.850000+00:00,2026-01-07 04:16:11.184834+00:00,73.85,0.425,0.42,0.43,0.575,0.57,0.58,67.48,105.0,111.0,57.48,0.41,382.0,0.44,84.0,0.4,419.0,0.45,117.0,0.39,476.0,0.46,190.0,0.38,518.0,0.47,224.0,0.37,466.0,0.48,283.0,0.56,84.0,0.59,377.0,0.55,117.0,0.6,419.0,0.54,190.0,0.61,476.0,0.53,224.0,0.62,518.0,0.52,283.0,0.63,466.0
2026-01-07 04:16:14.809000+00:00,2026-01-07 04:16:12.204553+00:00,74.809,0.425,0.42,0.43,0.575,0.57,0.58,123.48,105.0,105.0,138.48,0.41,397.0,0.44,84.0,0.4,469.0,0.45,117.0,0.39,517.0,0.46,190.0,0.38,478.0,0.47,224.0,0.37,466.0,0.48,358.0,0.56,108.0,0.59,412.0,0.55,93.0,0.6,454.0,0.54,190.0,0.61,517.0,0.53,224.0,0.62,490.0,0.52,358.0,0.63,478.0
2026-01-07 04:16:15.835000+00:00,2026-01-07 04:16:13.210648+00:00,75.835,0.425,0.42,0.43,0.575,0.57,0.58,150.48,95.0,95.0,150.48,0.41,400.0,0.44,284.0,0.4,496.0,0.45,129.0,0.39,511.0,0.46,202.0,0.38,478.0,0.47,224.0,0.37,454.0,0.48,358.0,0.56,284.0,0.59,400.0,0.55,129.0,0.6,496.0,0.54,202.0,0.61,511.0,0.53,224.0,0.62,478.0,0.52,358.0,0.63,454.0
2026-01-07 04:16:16.621000+00:00,2026-01-07 04:16:14.200943+00:00,76.621,0.425,0.42,0.43,0.575,0.57,0.58,12.0,115.0,115.0,12.0,0.41,405.0,0.44,308.0,0.4,496.0,0.45,117.0,0.39,494.0,0.46,190.0,0.38,488.0,0.47,224.0,0.37,454.0,0.48,358.0,0.56,308.0,0.59,405.0,0.55,117.0,0.6,496.0,0.54,190.0,0.61,494.0,0.53,224.0,0.62,500.0,0.52,358.0,0.63,454.0
2026-01-07 04:16:17.880000+00:00,2026-01-07 04:16:15.206423+00:00,77.88,0.45999999999999996,0.45,0.47,0.525,0.52,0.53,45.0,17.0,75.0,117.0,0.44,191.0,0.48,227.0,0.43,79.33,0.49,826.94,0.42,555.51,0.5,265.0,0.41,553.0,0.51,445.0,0.4,419.0,0.52,145.0,0.51,998.94,0.54,612.0,0.5,75.0,0.55,424.0,0.49,446.0,0.56,417.0,0.48,166.0,0.57,385.33,0.47,389.0,0.58,542.51
2026-01-07 04:16:18.924000+00:00,2026-01-07 04:16:16.229339+00:00,78.924,0.485,0.48,0.49,0.515,0.51,0.52,353.0,355.74,355.74,353.0,0.47,378.56,0.51,540.0,0.46,396.0,0.52,166.0,0.45,478.0,0.53,175.0,0.44,580.0,0.54,379.0,0.43,331.33,0.55,384.0,0.49,540.0,0.53,378.56,0.48,166.0,0.54,396.0,0.47,175.0,0.55,478.0,0.46,379.0,0.56,580.0,0.45,384.0,0.57,331.33
2026-01-07 04:16:19.907000+00:00,2026-01-07 04:16:17.232269+00:00,79.907,0.485,0.48,0.49,0.515,0.51,0.52,594.0,131.74,131.74,579.0,0.47,441.56,0.5,12.0,0.46,466.0,0.51,743.0,0.45,490.0,0.52,130.0,0.44,478.0,0.53,180.0,0.43,555.33,0.54,379.0,0.5,12.0,0.53,456.56,0.49,708.0,0.54,466.0,0.48,120.0,0.55,490.0,0.47,90.0,0.56,478.0,0.46,379.0,0.57,585.33
2026-01-07 04:16:20.763000+00:00,2026-01-07 04:16:18.235245+00:00,80.763,0.485,0.48,0.49,0.515,0.51,0.52,691.0,121.74,121.74,676.0,0.47,409.56,0.51,684.0,0.46,478.0,0.52,191.0,0.45,490.0,0.53,100.0,0.44,466.0,0.54,75.0,0.43,585.33,0.55,418.0,0.49,684.0,0.53,409.56,0.48,191.0,0.54,478.0,0.47,100.0,0.55,490.0,0.46,75.0,0.56,466.0,0.45,418.0,0.57,585.33
2026-01-07 04:16:21.918000+00:00,2026-01-07 04:16:19.242147+00:00,81.918,0.485,0.48,0.49,0.515,0.51,0.52,563.07,121.74,121.74,586.17,0.47,288.56,0.51,778.0,0.46,478.0,0.52,157.0,0.45,490.0,0.53,368.0,0.44,466.0,0.54,328.0,0.43,361.33,0.55,554.0,0.49,400.0,0.53,421.56,0.48,145.0,0.54,478.0,0.47,374.0,0.55,678.0,0.46,399.0,0.56,469.0,0.45,504.0,0.57,366.33
2026-01-07 04:16:22.789000+00:00,2026-01-07 04:16:20.236020+00:00,82.789,0.505,0.5,0.51,0.495,0.49,0.5,264.0,310.0,33.21,229.0,0.49,188.0,0.52,70.0,0.48,410.17,0.53,155.0,0.47,458.56,0.54,240.0,0.46,454.0,0.55,251.0,0.45,658.0,0.56,250.0,0.48,70.0,0.51,178.0,0.47,155.0,0.52,410.17,0.46,240.0,0.53,423.56,0.45,271.0,0.54,419.0,0.44,250.0,0.55,643.0
2026-01-07 04:16:23.891000+00:00,2026-01-07 04:16:21.242449+00:00,83.891,0.515,0.51,0.52,0.485,0.48,0.49,191.0,70.0,70.0,191.0,0.5,169.0,0.53,116.0,0.49,201.0,0.54,240.0,0.48,375.17,0.55,235.0,0.47,463.56,0.56,250.0,0.46,431.0,0.57,343.0,0.47,116.0,0.5,169.0,0.46,240.0,0.51,201.0,0.45,235.0,0.52,375.17,0.44,250.0,0.53,463.56,0.43,343.0,0.54,431.0
2026-01-07 04:16:24.937000+00:00,2026-01-07 04:16:22.263282+00:00,84.937,0.515,0.51,0.52,0.485,0.48,0.49,273.95,80.0,80.0,207.95,0.5,55.0,0.53,104.0,0.49,201.0,0.54,259.99,0.48,336.17,0.55,200.0,0.47,466.56,0.56,250.0,0.46,431.0,0.57,343.0,0.47,145.0,0.5,120.0,0.46,225.0,0.51,201.0,0.45,214.99,0.52,324.17,0.44,235.0,0.53,449.56,0.43,343.0,0.54,431.0
2026-01-07 04:16:25.623000+00:00,2026-01-07 04:16:23.269229+00:00,85.623,0.515,0.51,0.52,0.485,0.48,0.49,202.95,116.0,128.0,202.95,0.5,125.0,0.53,160.0,0.49,271.0,0.54,190.0,0.48,324.17,0.55,239.99,0.47,473.56,0.56,245.0,0.46,419.0,0.57,343.0,0.47,384.0,0.5,125.0,0.46,190.0,0.51,271.0,0.45,239.99,0.52,324.17,0.44,245.0,0.53,473.56,0.43,343.0,0.54,419.0
2026-01-07 04:16:26.954000+00:00,2026-01-07 04:16:24.289575+00:00,86.954,0.515,0.51,0.52,0.485,0.48,0.49,277.95,155.0,155.0,277.95,0.5,190.0,0.53,384.0,0.49,271.0,0.54,205.0,0.48,324.17,0.55,225.0,0.47,461.56,0.56,245.0,0.46,419.0,0.57,343.0,0.47,396.0,0.5,190.0,0.46,205.0,0.51,271.0,0.45,225.0,0.52,360.17,0.44,245.0,0.53,473.56,0.43,343.0,0.54,419.0
2026-01-07 04:16:27.967000+00:00,2026-01-07 04:16:25.295104+00:00,87.967,0.535,0.53,0.54,0.45,0.44,0.46,272.0,33.0,240.0,133.5,0.52,204.0,0.55,75.0,0.51,621.95,0.56,240.0,0.5,295.0,0.57,270.99,0.49,283.0,0.58,277.5,0.48,430.17,0.59,378.0,0.43,270.99,0.47,348.0,0.42,277.5,0.48,400.0,0.41,378.0,0.49,531.95,0.4,709.0,0.5,260.0,0.39,454.0,0.51,248.0
2026-01-07 04:16:28.968000+00:00,2026-01-07 04:16:26.300392+00:00,88.968,0.555,0.55,0.56,0.445,0.44,0.45,262.0,5.0,5.0,307.0,0.54,155.0,0.57,15.0,0.53,519.0,0.58,273.5,0.52,650.0,0.59,312.99,0.51,480.95,0.6,674.0,0.5,236.0,0.61,394.0,0.43,15.0,0.46,198.0,0.42,118.5,0.47,577.0,0.41,385.49,0.48,580.0,0.4,689.0,0.49,456.95,0.39,394.0,0.5,236.0
2026-01-07 04:16:29.977000+00:00,2026-01-07 04:16:27.305352+00:00,89.977,0.565,0.56,0.57,0.435,0.43,0.44,169.52,15.0,102.49,96.02,0.55,227.82,0.58,186.5,0.54,340.0,0.59,276.99,0.53,601.0,0.6,370.0,0.52,478.0,0.61,273.0,0.51,440.95,0.62,379.0,0.42,156.5,0.45,262.82,0.41,285.0,0.46,325.0,0.4,345.0,0.47,616.0,0.39,263.0,0.48,466.0,0.38,379.0,0.49,428.95
2026-01-07 04:16:30.972000+00:00,2026-01-07 04:16:28.311571+00:00,90.972,0.565,0.56,0.57,0.435,0.43,0.44,93.74,130.49,130.49,93.74,0.55,262.82,0.58,72.5,0.54,301.0,0.59,285.0,0.53,616.0,0.6,345.0,0.52,466.0,0.61,263.0,0.51,440.95,0.62,379.0,0.42,72.5,0.45,262.82,0.41,285.0,0.46,301.0,0.4,345.0,0.47,616.0,0.39,263.0,0.48,466.0,0.38,379.0,0.49,440.95
2026-01-07 04:16:31.989000+00:00,2026-01-07 04:16:29.316848+00:00,91.989,0.555,0.55,0.56,0.445,0.44,0.45,44.57,621.78,668.78,44.57,0.54,302.5,0.57,254.99,0.53,115.0,0.58,356.5,0.52,241.0,0.59,554.0,0.51,379.95,0.6,639.0,0.5,307.0,0.61,384.0,0.43,264.99,0.46,337.5,0.42,391.5,0.47,125.0,0.41,554.0,0.48,241.0,0.4,639.0,0.49,379.95,0.39,384.0,0.5,342.0
2026-01-07 04:16:32.996000+00:00,2026-01-07 04:16:30.322500+00:00,92.996,0.545,0.54,0.55,0.455,0.45,0.46,87.17,137.53,137.53,87.17,0.53,150.0,0.56,555.78,0.52,189.0,0.57,277.99,0.51,210.95,0.58,426.5,0.5,374.0,0.59,624.0,0.49,687.0,0.6,709.0,0.44,555.78,0.47,150.0,0.43,277.99,0.48,189.0,0.42,426.5,0.49,210.95,0.41,624.0,0.5,374.0,0.4,709.0,0.51,687.0
2026-01-07 04:16:33.999000+00:00,2026-01-07 04:16:31.331636+00:00,93.999,0.535,0.53,0.54,0.48,0.47,0.49,70.0,95.0,272.49,137.95,0.52,174.5,0.55,161.03,0.51,147.95,0.56,495.78,0.5,350.5,0.57,263.0,0.49,711.0,0.58,426.5,0.48,445.17,0.59,624.0,0.46,270.0,0.5,357.0,0.45,187.04,0.51,500.0,0.44,384.0,0.52,469.17,0.43,349.0,0.53,443.56,0.42,426.5,0.54,640.0
2026-01-07 04:16:35.995000+00:00,2026-01-07 04:16:33.341895+00:00,95.995,0.505,0.5,0.51,0.515,0.51,0.52,32.0,118.49,167.0,30.0,0.48,30.0,0.52,784.0,0.47,12.0,0.53,312.0,0.46,104.5,0.54,534.0,0.45,69.6,0.55,485.04,0.44,139.0,0.56,419.0,0.5,226.0,0.53,12.0,0.49,198.49,0.54,104.5,0.48,819.0,0.55,69.6,0.47,302.0,0.56,139.0,0.46,499.0,0.57,119.0
2026-01-07 04:16:37.987000+00:00,2026-01-07 04:16:35.350747+00:00,97.987,0.45999999999999996,0.45,0.47,0.54,0.53,0.55,144.6,346.0,346.0,149.6,0.44,197.0,0.48,308.99,0.43,177.0,0.49,343.0,0.42,433.0,0.5,231.0,0.41,433.0,0.51,345.49,0.4,386.0,0.52,663.0,0.52,308.99,0.56,197.0,0.51,343.0,0.57,177.0,0.5,231.0,0.58,433.0,0.49,345.49,0.59,433.0,0.48,663.0,0.6,386.0
2026-01-07 04:16:38.997000+00:00,2026-01-07 04:16:36.371574+00:00,98.997,0.46499999999999997,0.46,0.47,0.535,0.53,0.54,77.5,12.0,7.0,77.5,0.45,191.6,0.48,251.49,0.44,501.0,0.49,343.0,0.43,493.0,0.5,231.0,0.42,433.0,0.51,224.49,0.41,433.0,0.52,663.0,0.52,227.49,0.55,191.6,0.51,367.0,0.56,501.0,0.5,231.0,0.57,493.0,0.49,224.49,0.58,409.0,0.48,663.0,0.59,433.0
2026-01-07 04:16:39.968000+00:00,2026-01-07 04:16:37.376692+00:00,99.968,0.47,0.46,0.48,0.53,0.52,0.54,67.75,254.49,254.49,67.75,0.45,191.6,0.49,367.0,0.44,209.0,0.5,301.0,0.43,505.0,0.51,415.49,0.42,645.0,0.52,439.0,0.41,421.0,0.53,302.0,0.51,367.0,0.55,191.6,0.5,301.0,0.56,209.0,0.49,415.49,0.57,505.0,0.48,439.0,0.58,645.0,0.47,302.0,0.59,421.0
2026-01-07 04:16:40.954000+00:00,2026-01-07 04:16:38.397243+00:00,100.954,0.46499999999999997,0.46,0.47,0.535,0.53,0.54,137.75,20.0,20.0,137.75,0.45,191.6,0.48,227.49,0.44,209.0,0.49,379.0,0.43,505.0,0.5,286.0,0.42,665.0,0.51,415.49,0.41,421.0,0.52,419.0,0.52,227.49,0.55,191.6,0.51,379.0,0.56,209.0,0.5,286.0,0.57,505.0,0.49,415.49,0.58,665.0,0.48,419.0,0.59,421.0
2026-01-07 04:16:42.018000+00:00,2026-01-07 04:16:39.384146+00:00,102.018,0.46499999999999997,0.46,0.47,0.535,0.53,0.54,135.89,20.0,20.0,135.89,0.45,313.6,0.48,227.49,0.44,452.0,0.49,379.0,0.43,505.0,0.5,286.0,0.42,665.0,0.51,415.49,0.41,421.0,0.52,419.0,0.52,227.49,0.55,313.6,0.51,379.0,0.56,452.0,0.5,286.0,0.57,505.0,0.49,415.49,0.58,665.0,0.48,419.0,0.59,421.0
2026-01-07 04:16:43.007000+00:00,2026-01-07 04:16:40.391961+00:00,103.007,0.46499999999999997,0.46,0.47,0.535,0.53,0.54,135.89,20.0,20.0,135.89,0.45,374.6,0.48,215.49,0.44,513.0,0.49,208.0,0.43,505.0,0.5,286.0,0.42,665.0,0.51,294.49,0.41,421.0,0.52,298.0,0.52,215.49,0.55,374.6,0.51,208.0,0.56,513.0,0.5,286.0,0.57,505.0,0.49,294.49,0.58,665.0,0.48,298.0,0.59,421.0
2026-01-07 04:16:44.019000+00:00,2026-01-07 04:16:41.399382+00:00,104.019,0.46499999999999997,0.46,0.47,0.535,0.53,0.54,130.89,17.87,17.87,130.89,0.45,424.6,0.48,215.49,0.44,513.0,0.49,432.0,0.43,460.0,0.5,286.0,0.42,665.0,0.51,294.49,0.41,421.0,0.52,298.0,0.52,215.49,0.55,424.6,0.51,432.0,0.56,513.0,0.5,286.0,0.57,448.0,0.49,294.49,0.58,665.0,0.48,298.0,0.59,421.0
2026-01-07 04:16:45.037000+00:00,2026-01-07 04:16:42.403510+00:00,105.037,0.46499999999999997,0.46,0.47,0.535,0.53,0.54,186.03,17.87,17.87,232.03,0.45,458.6,0.48,79.99,0.44,503.0,0.49,399.0,0.43,436.0,0.5,397.0,0.42,665.0,0.51,294.49,0.41,409.0,0.52,298.0,0.52,79.99,0.55,413.6,0.51,399.0,0.56,413.0,0.5,397.0,0.57,436.0,0.49,384.49,0.58,665.0,0.48,298.0,0.59,409.0
2026-01-07 04:16:46.017000+00:00,2026-01-07 04:16:43.413139+00:00,106.017,0.46499999999999997,0.46,0.47,0.535,0.53,0.54,232.03,7.87,7.87,232.03,0.45,503.6,0.48,79.99,0.44,413.0,0.49,399.0,0.43,436.0,0.5,397.0,0.42,665.0,0.51,384.49,0.41,409.0,0.52,298.0,0.52,79.99,0.55,503.6,0.51,399.0,0.56,413.0,0.5,397.0,0.57,436.0,0.49,384.49,0.58,665.0,0.48,298.0,0.59,409.0
2026-01-07 04:16:47.917000+00:00,2026-01-07 04:16:45.425931+00:00,107.917,0.46499999999999997,0.46,0.47,0.535,0.53,0.54,317.03,7.87,7.87,317.03,0.45,600.6,0.48,103.99,0.44,420.0,0.49,471.0,0.43,448.0,0.5,301.0,0.42,677.0,0.51,384.49,0.41,409.0,0.52,298.0,0.52,103.99,0.55,600.6,0.51,471.0,0.56,420.0,0.5,301.0,0.57,448.0,0.49,384.49,0.58,677.0,0.48,298.0,0.59,409.0
2026-01-07 04:16:49.120000+00:00,2026-01-07 04:16:46.446951+00:00,109.12,0.46499999999999997,0.46,0.47,0.535,0.53,0.54,253.0,307.87,347.87,253.0,0.45,563.6,0.48,359.99,0.44,436.0,0.49,408.0,0.43,467.0,0.5,333.0,0.42,677.0,0.51,505.49,0.41,421.0,0.52,419.0,0.52,339.99,0.55,483.6,0.51,408.0,0.56,441.0,0.5,333.0,0.57,423.0,0.49,505.49,0.58,720.0,0.48,419.0,0.59,421.0
2026-01-07 04:16:50.003000+00:00,2026-01-07 04:16:47.455899+00:00,110.003,0.455,0.45,0.46,0.545,0.54,0.55,179.6,208.38,208.38,175.6,0.44,137.0,0.47,224.0,0.43,307.0,0.48,510.99,0.42,798.0,0.49,313.0,0.41,433.0,0.5,273.0,0.4,438.0,0.51,415.49,0.53,224.0,0.56,137.0,0.52,498.99,0.57,351.0,0.51,313.0,0.58,755.0,0.5,273.0,0.59,433.0,0.49,415.49,0.6,438.0
2026-01-07 04:16:51.955000+00:00,2026-01-07 04:16:49.453028+00:00,111.955,0.455,0.45,0.46,0.545,0.54,0.55,168.79,20.0,20.0,168.79,0.44,132.0,0.47,343.0,0.43,119.0,0.48,461.99,0.42,798.0,0.49,348.0,0.41,433.0,0.5,394.0,0.4,438.0,0.51,415.49,0.53,343.0,0.56,117.0,0.52,437.99,0.57,122.0,0.51,348.0,0.58,798.0,0.5,394.0,0.59,433.0,0.49,415.49,0.6,438.0
2026-01-07 04:16:53.218000+00:00,2026-01-07 04:16:50.462904+00:00,113.218,0.455,0.45,0.46,0.545,0.54,0.55,164.15,90.0,90.0,164.15,0.44,117.0,0.47,343.0,0.43,243.0,0.48,685.99,0.42,586.0,0.49,348.0,0.41,433.0,0.5,394.0,0.4,438.0,0.51,415.49,0.53,343.0,0.56,239.0,0.52,685.99,0.57,365.0,0.51,348.0,0.58,586.0,0.5,394.0,0.59,433.0,0.49,415.49,0.6,438.0
2026-01-07 04:16:54.077000+00:00,2026-01-07 04:16:51.466223+00:00,114.077,0.455,0.45,0.46,0.545,0.54,0.55,154.51,90.0,90.0,154.51,0.44,300.0,0.47,282.0,0.43,426.0,0.48,517.99,0.42,586.0,0.49,333.0,0.41,433.0,0.5,273.0,0.4,438.0,0.51,294.49,0.53,282.0,0.56,300.0,0.52,517.99,0.57,426.0,0.51,333.0,0.58,586.0,0.5,273.0,0.59,433.0,0.49,294.49,0.6,438.0
2026-01-07 04:16:55.816000+00:00,2026-01-07 04:16:53.495093+00:00,115.816,0.455,0.45,0.46,0.545,0.54,0.55,140.51,90.0,90.0,140.51,0.44,300.0,0.47,277.0,0.43,426.0,0.48,517.99,0.42,591.0,0.49,333.0,0.41,433.0,0.5,273.0,0.4,438.0,0.51,294.49,0.53,277.0,0.56,300.0,0.52,517.99,0.57,426.0,0.51,333.0,0.58,591.0,0.5,273.0,0.59,433.0,0.49,294.49,0.6,438.0
2026-01-07 04:16:57.077000+00:00,2026-01-07 04:16:55.504608+00:00,117.077,0.455,0.45,0.46,0.545,0.54,0.55,130.76,102.0,102.0,130.76,0.44,288.0,0.47,265.0,0.43,470.0,0.48,517.99,0.42,560.0,0.49,333.0,0.41,433.0,0.5,273.0,0.4,662.0,0.51,294.49,0.53,265.0,0.56,288.0,0.52,517.99,0.57,470.0,0.51,333.0,0.58,560.0,0.5,273.0,0.59,433.0,0.49,294.49,0.6,662.0
2026-01-07 04:16:59.068000+00:00,2026-01-07 04:16:56.512115+00:00,119.068,0.455,0.45,0.46,0.545,0.54,0.55,121.12,102.0,102.0,121.12,0.44,288.0,0.47,265.0,0.43,470.0,0.48,517.99,0.42,560.0,0.49,333.0,0.41,433.0,0.5,273.0,0.4,662.0,0.51,294.49,0.53,265.0,0.56,288.0,0.52,517.99,0.57,470.0,0.51,333.0,0.58,560.0,0.5,273.0,0.59,433.0,0.49,294.49,0.6,662.0
2026-01-07 04:17:00.203000+00:00,2026-01-07 04:16:57.520259+00:00,120.203,0.455,0.45,0.46,0.545,0.54,0.55,73.18,781.5,885.5,113.18,0.44,150.0,0.47,383.0,0.43,60.0,0.48,522.99,0.42,155.0,0.49,419.0,0.41,300.0,0.5,394.0,0.4,413.0,0.51,415.49,0.53,434.0,0.56,150.0,0.52,598.99,0.57,80.0,0.51,419.0,0.58,190.0,0.5,394.0,0.59,117.0,0.49,415.49,0.6,97.0
2026-01-07 04:17:01.203000+00:00,2026-01-07 04:16:58.527052+00:00,121.203,0.435,0.43,0.44,0.565,0.56,0.57,305.73,61.0,61.0,340.73,0.42,531.68,0.45,66.0,0.41,359.0,0.47,150.0,0.4,324.0,0.48,239.99,0.39,409.0,0.49,325.0,0.38,425.0,0.5,273.0,0.55,61.0,0.58,486.68,0.53,150.0,0.59,394.0,0.52,278.99,0.6,371.0,0.51,310.0,0.61,339.0,0.5,273.0,0.62,355.0
2026-01-07 04:17:02.126000+00:00,2026-01-07 04:16:59.531848+00:00,122.126,0.445,0.44,0.45,0.555,0.55,0.56,26.19,513.0,485.0,26.19,0.43,90.0,0.46,378.0,0.42,87.5,0.47,557.0,0.41,122.0,0.48,548.99,0.4,210.0,0.49,419.0,0.39,375.0,0.5,394.0,0.54,378.0,0.57,90.0,0.53,557.0,0.58,108.0,0.52,548.99,0.59,95.0,0.51,419.0,0.6,210.0,0.5,394.0,0.61,375.0
2026-01-07 04:17:03.233000+00:00,2026-01-07 04:17:00.534235+00:00,123.233,0.445,0.44,0.45,0.555,0.55,0.56,11.31,457.0,502.0,11.31,0.42,99.5,0.46,470.0,0.41,146.0,0.47,557.0,0.4,327.0,0.48,458.99,0.39,351.0,0.49,419.0,0.38,363.0,0.5,394.0,0.54,470.0,0.57,5.0,0.53,557.0,0.58,92.0,0.52,458.99,0.59,161.0,0.51,419.0,0.6,327.0,0.5,394.0,0.61,351.0
2026-01-07 04:17:04.232000+00:00,2026-01-07 04:17:01.556537+00:00,124.232,0.445,0.44,0.45,0.555,0.55,0.56,2.39,563.0,902.0,2.39,0.42,15.0,0.46,398.0,0.4,325.5,0.47,454.0,0.39,361.0,0.48,458.99,0.38,339.0,0.49,419.0,0.37,538.0,0.5,409.0,0.54,519.0,0.58,15.0,0.53,454.0,0.6,224.5,0.52,458.99,0.61,377.66,0.51,468.0,0.62,380.0,0.5,409.0,0.63,351.0
2026-01-07 04:17:05.219000+00:00,2026-01-07 04:17:02.558760+00:00,125.219,0.405,0.4,0.41,0.595,0.59,0.6,5.0,140.1,140.1,5.0,0.39,88.66,0.42,307.0,0.38,64.0,0.43,443.0,0.37,59.0,0.44,441.09,0.36,438.0,0.45,648.0,0.35,631.0,0.46,424.0,0.58,307.0,0.61,88.66,0.57,443.0,0.62,64.0,0.56,441.09,0.63,59.0,0.55,648.0,0.64,438.0,0.54,424.0,0.65,631.0
2026-01-07 04:17:06.230000+00:00,2026-01-07 04:17:03.568172+00:00,126.23,0.395,0.39,0.4,0.605,0.6,0.61,82.66,20.0,20.0,82.66,0.38,270.0,0.41,125.1,0.37,338.0,0.42,282.0,0.36,475.0,0.43,435.0,0.35,631.0,0.44,312.01,0.34,339.0,0.45,648.0,0.59,160.1,0.62,148.0,0.58,331.0,0.63,217.0,0.57,431.0,0.64,475.0,0.56,312.01,0.65,631.0,0.55,648.0,0.66,339.0
2026-01-07 04:17:07.201000+00:00,2026-01-07 04:17:04.588791+00:00,127.201,0.395,0.39,0.4,0.605,0.6,0.61,72.39,5.0,5.0,62.76,0.38,108.0,0.41,160.1,0.37,257.0,0.42,375.0,0.36,475.0,0.43,392.0,0.35,631.0,0.44,320.93,0.34,339.0,0.45,648.0,0.59,166.1,0.62,108.0,0.58,375.0,0.63,217.0,0.57,392.0,0.64,514.0,0.56,320.93,0.65,631.0,0.55,648.0,0.66,339.0
2026-01-07 04:17:08.191000+00:00,2026-01-07 04:17:05.595756+00:00,128.191,0.39,0.38,0.4,0.61,0.6,0.62,173.5,173.0,173.0,173.5,0.37,205.0,0.41,136.0,0.36,502.0,0.42,318.0,0.35,643.0,0.43,333.0,0.34,433.0,0.44,320.93,0.33,396.0,0.45,648.0,0.59,136.0,0.63,245.0,0.58,318.0,0.64,463.0,0.57,333.0,0.65,867.0,0.56,320.93,0.66,433.0,0.55,424.0,0.67,396.0
2026-01-07 04:17:09.268000+00:00,2026-01-07 04:17:06.617763+00:00,129.268,0.39,0.38,0.4,0.605,0.6,0.61,138.5,285.0,235.0,15.0,0.37,391.0,0.41,181.0,0.36,438.0,0.42,245.0,0.35,867.0,0.43,298.0,0.34,433.0,0.44,320.93,0.33,431.0,0.45,303.0,0.59,223.5,0.62,126.0,0.58,245.0,0.63,391.0,0.57,298.0,0.64,438.0,0.56,320.93,0.65,867.0,0.55,303.0,0.66,433.0
2026-01-07 04:17:10.256000+00:00,2026-01-07 04:17:07.625195+00:00,130.256,0.395,0.39,0.4,0.605,0.6,0.61,52.5,110.0,110.0,52.5,0.38,127.9,0.41,279.5,0.37,391.0,0.42,254.0,0.36,438.0,0.43,298.0,0.35,867.0,0.44,320.93,0.34,433.0,0.45,298.0,0.59,279.5,0.62,127.9,0.58,254.0,0.63,391.0,0.57,298.0,0.64,438.0,0.56,320.93,0.65,867.0,0.55,298.0,0.66,433.0
2026-01-07 04:17:11.259000+00:00,2026-01-07 04:17:08.630191+00:00,131.259,0.395,0.39,0.4,0.605,0.6,0.61,42.74,130.0,130.0,42.74,0.38,167.9,0.41,259.5,0.37,351.0,0.42,254.0,0.36,438.0,0.43,298.0,0.35,867.0,0.44,320.93,0.34,433.0,0.45,298.0,0.59,259.5,0.62,127.9,0.58,254.0,0.63,391.0,0.57,298.0,0.64,438.0,0.56,320.93,0.65,867.0,0.55,298.0,0.66,433.0
2026-01-07 04:17:12.197000+00:00,2026-01-07 04:17:09.631876+00:00,132.197,0.385,0.38,0.39,0.615,0.61,0.62,110.9,61.08,106.08,110.9,0.37,396.0,0.4,341.0,0.36,438.0,0.41,245.0,0.35,855.0,0.42,110.0,0.34,433.0,0.43,298.0,0.33,443.0,0.44,320.93,0.6,341.0,0.63,396.0,0.59,245.0,0.64,438.0,0.58,456.0,0.65,855.0,0.57,298.0,0.66,363.0,0.56,320.93,0.67,443.0
2026-01-07 04:17:13.327000+00:00,2026-01-07 04:17:10.651066+00:00,133.327,0.385,0.38,0.39,0.615,0.61,0.62,20.0,573.0,674.0,20.0,0.36,314.0,0.4,498.0,0.35,584.0,0.41,483.0,0.34,309.0,0.42,379.0,0.33,319.0,0.43,419.0,0.32,349.0,0.44,441.93,0.6,559.0,0.64,10.0,0.59,454.0,0.65,280.0,0.58,421.0,0.66,5.0,0.57,419.0,0.67,10.0,0.56,441.93,0.68,45.0
2026-01-07 04:17:14.272000+00:00,2026-01-07 04:17:11.658461+00:00,134.272,0.335,0.33,0.34,0.665,0.66,0.67,10.0,259.27,259.27,10.0,0.32,77.4,0.35,367.0,0.31,90.0,0.36,383.0,0.3,60.0,0.37,228.0,0.29,363.0,0.38,419.0,0.28,567.0,0.39,419.0,0.65,367.0,0.68,77.4,0.64,383.0,0.69,90.0,0.63,228.0,0.7,60.0,0.62,419.0,0.71,363.0,0.61,419.0,0.72,567.0
2026-01-07 04:17:15.312000+00:00,2026-01-07 04:17:12.664556+00:00,135.312,0.335,0.33,0.34,0.665,0.66,0.67,10.0,280.27,292.27,10.0,0.32,32.4,0.35,325.0,0.31,135.0,0.36,358.0,0.3,48.0,0.37,419.0,0.29,363.0,0.38,427.06,0.28,582.0,0.39,419.0,0.65,325.0,0.68,32.4,0.64,358.0,0.69,45.0,0.63,419.0,0.7,48.0,0.62,427.06,0.71,363.0,0.61,419.0,0.72,582.0
2026-01-07 04:17:16.338000+00:00,2026-01-07 04:17:13.671830+00:00,136.338,0.335,0.33,0.34,0.665,0.66,0.67,10.0,567.0,552.0,10.0,0.32,32.4,0.35,272.0,0.31,188.0,0.36,389.0,0.3,195.0,0.37,419.0,0.29,240.0,0.38,507.06,0.28,333.0,0.39,434.0,0.65,272.0,0.68,32.4,0.64,389.0,0.69,61.0,0.63,419.0,0.7,245.0,0.62,507.06,0.71,240.0,0.61,475.0,0.72,368.0
2026-01-07 04:17:17.330000+00:00,2026-01-07 04:17:14.677589+00:00,137.33,0.325,0.32,0.33,0.675,0.67,0.68,27.4,766.0,593.0,27.4,0.29,50.0,0.34,449.0,0.28,280.0,0.35,287.0,0.27,297.0,0.36,424.0,0.26,353.0,0.37,419.0,0.25,806.98,0.38,442.06,0.66,449.0,0.71,45.0,0.65,287.0,0.72,280.0,0.64,424.0,0.73,297.0,0.63,419.0,0.74,353.0,0.62,442.06,0.75,806.98
2026-01-07 04:17:18.363000+00:00,2026-01-07 04:17:15.699768+00:00,138.363,0.295,0.29,0.3,0.705,0.7,0.71,5.0,154.0,152.0,20.0,0.28,268.0,0.31,226.97,0.27,212.0,0.32,219.88,0.26,431.0,0.33,448.0,0.25,818.98,0.34,439.0,0.24,363.0,0.35,252.0,0.69,316.97,0.72,85.0,0.68,245.88,0.73,212.0,0.67,419.0,0.74,345.0,0.66,439.0,0.75,793.98,0.65,252.0,0.76,388.0
2026-01-07 04:17:19.363000+00:00,2026-01-07 04:17:16.704697+00:00,139.363,0.295,0.29,0.3,0.705,0.7,0.71,10.0,219.01,229.01,8.59,0.28,5.0,0.31,585.0,0.27,291.99,0.32,424.88,0.26,310.0,0.33,419.0,0.25,582.98,0.34,439.0,0.24,363.0,0.35,252.0,0.69,585.0,0.72,5.0,0.68,424.88,0.73,108.99,0.67,419.0,0.74,310.0,0.66,439.0,0.75,461.98,0.65,252.0,0.76,363.0
2026-01-07 04:17:20.347000+00:00,2026-01-07 04:17:17.711022+00:00,140.347,0.295,0.29,0.3,0.705,0.7,0.71,23.59,113.67,113.67,19.36,0.28,79.0,0.31,469.0,0.27,208.99,0.32,351.88,0.26,310.0,0.33,467.0,0.25,449.98,0.34,439.0,0.24,339.0,0.35,252.0,0.69,469.0,0.72,79.0,0.68,351.88,0.73,208.99,0.67,467.0,0.74,310.0,0.66,439.0,0.75,449.98,0.65,252.0,0.76,339.0
2026-01-07 04:17:21.398000+00:00,2026-01-07 04:17:18.732359+00:00,141.398,0.3,0.29,0.31,0.695,0.69,0.7,249.36,140.63,25.64,30.0,0.28,265.0,0.32,60.88,0.27,417.99,0.33,341.0,0.26,403.0,0.34,159.0,0.25,867.98,0.35,131.0,0.24,449.0,0.36,424.0,0.68,110.88,0.71,249.36,0.67,353.0,0.72,277.0,0.66,163.0,0.73,417.99,0.65,131.0,0.74,403.0,0.64,424.0,0.75,867.98
2026-01-07 04:17:22.393000+00:00,2026-01-07 04:17:19.738673+00:00,142.393,0.305,0.3,0.31,0.695,0.69,0.7,219.0,15.64,15.64,219.0,0.29,377.36,0.32,130.88,0.28,535.0,0.33,371.0,0.27,293.99,0.34,360.0,0.26,449.0,0.35,70.0,0.25,643.98,0.36,303.0,0.68,130.88,0.71,377.36,0.67,407.0,0.72,535.0,0.66,300.0,0.73,293.99,0.65,70.0,0.74,449.0,0.64,303.0,0.75,643.98
2026-01-07 04:17:23.343000+00:00,2026-01-07 04:17:20.744854+00:00,143.343,0.305,0.3,0.31,0.695,0.69,0.7,61.0,15.64,15.64,55.0,0.29,256.36,0.32,166.88,0.28,402.0,0.33,383.0,0.27,305.99,0.34,251.0,0.26,446.0,0.35,253.0,0.25,643.98,0.36,424.0,0.68,178.88,0.71,232.36,0.67,413.0,0.72,402.0,0.66,197.0,0.73,281.99,0.65,253.0,0.74,458.0,0.64,424.0,0.75,643.98
2026-01-07 04:17:24.347000+00:00,2026-01-07 04:17:21.750422+00:00,144.347,0.3,0.29,0.31,0.7,0.69,0.71,54.36,166.63,166.63,54.36,0.28,355.0,0.32,190.88,0.27,327.99,0.33,459.0,0.26,446.0,0.34,298.0,0.25,686.98,0.35,379.0,0.24,459.0,0.36,424.0,0.68,260.88,0.72,355.0,0.67,459.0,0.73,327.99,0.66,298.0,0.74,446.0,0.65,379.0,0.75,686.98,0.64,424.0,0.76,459.0
2026-01-07 04:17:25.403000+00:00,2026-01-07 04:17:22.757214+00:00,145.403,0.315,0.31,0.32,0.685,0.68,0.69,188.0,130.87,142.87,188.0,0.3,459.0,0.33,152.0,0.29,375.36,0.34,327.0,0.28,433.0,0.35,75.0,0.27,298.0,0.36,120.0,0.26,772.0,0.37,283.0,0.67,99.0,0.7,344.0,0.66,275.0,0.71,388.36,0.65,421.0,0.72,351.0,0.64,242.0,0.73,295.0,0.63,404.0,0.74,376.0
2026-01-07 04:17:26.437000+00:00,2026-01-07 04:17:23.763789+00:00,146.437,0.305,0.3,0.31,0.685,0.68,0.69,149.0,105.0,54.66,350.0,0.29,61.36,0.32,99.66,0.28,195.0,0.33,398.0,0.27,152.0,0.34,430.0,0.26,612.0,0.35,374.0,0.25,573.98,0.36,424.0,0.67,193.0,0.7,382.0,0.66,494.0,0.71,319.36,0.65,479.07,0.72,418.0,0.64,453.97,0.73,496.0,0.63,404.0,0.74,374.0
2026-01-07 04:17:27.334000+00:00,2026-01-07 04:17:24.768178+00:00,147.334,0.315,0.31,0.32,0.685,0.68,0.69,190.0,34.97,34.97,190.0,0.3,547.0,0.33,10.0,0.29,375.36,0.34,466.0,0.28,410.0,0.35,295.0,0.27,513.0,0.36,303.0,0.26,444.0,0.37,283.0,0.67,10.0,0.7,547.0,0.66,466.0,0.71,375.36,0.65,295.0,0.72,410.0,0.64,303.0,0.73,513.0,0.63,283.0,0.74,444.0
2026-01-07 04:17:28.453000+00:00,2026-01-07 04:17:25.772052+00:00,148.453,0.335,0.33,0.34,0.665,0.66,0.67,345.0,5.0,5.0,383.0,0.32,186.0,0.36,241.0,0.31,408.0,0.37,45.0,0.3,374.0,0.38,486.06,0.29,589.36,0.39,358.0,0.28,389.0,0.4,479.0,0.65,35.0,0.68,221.0,0.64,364.0,0.69,340.0,0.63,81.0,0.7,445.0,0.62,303.06,0.71,412.36,0.61,358.0,0.72,389.0
2026-01-07 04:17:29.466000+00:00,2026-01-07 04:17:26.792501+00:00,149.466,0.375,0.37,0.38,0.625,0.62,0.63,226.0,108.03,108.03,226.0,0.36,392.99,0.39,164.99,0.35,379.0,0.4,344.0,0.34,446.0,0.41,105.0,0.33,384.0,0.42,150.0,0.32,539.0,0.43,328.0,0.61,164.99,0.64,453.99,0.6,344.0,0.65,379.0,0.59,105.0,0.66,446.0,0.58,220.0,0.67,384.0,0.57,328.0,0.68,539.0
2026-01-07 04:17:30.402000+00:00,2026-01-07 04:17:27.799126+00:00,150.402,0.375,0.37,0.38,0.625,0.62,0.63,287.0,85.0,85.0,287.0,0.36,339.0,0.39,151.02,0.35,472.0,0.4,344.0,0.34,510.0,0.41,105.0,0.33,408.0,0.42,220.0,0.32,449.0,0.43,328.0,0.61,151.02,0.64,339.0,0.6,344.0,0.65,472.0,0.59,105.0,0.66,510.0,0.58,220.0,0.67,408.0,0.57,328.0,0.68,449.0
2026-01-07 04:17:31.388000+00:00,2026-01-07 04:17:28.802808+00:00,151.388,0.375,0.37,0.38,0.625,0.62,0.63,299.0,85.0,20.0,426.99,0.36,475.0,0.39,151.02,0.35,465.0,0.4,344.0,0.34,494.0,0.41,105.0,0.33,384.0,0.42,403.0,0.32,425.0,0.43,328.0,0.61,137.1,0.64,364.0,0.6,414.0,0.65,392.0,0.59,204.98,0.66,494.0,0.58,333.0,0.67,349.0,0.57,328.0,0.68,166.0
2026-01-07 04:17:32.485000+00:00,2026-01-07 04:17:29.808658+00:00,152.485,0.385,0.38,0.39,0.615,0.61,0.62,156.0,61.07,61.07,153.8,0.37,484.0,0.4,381.0,0.36,447.0,0.41,304.0,0.35,479.0,0.42,162.0,0.34,404.0,0.43,340.0,0.33,643.0,0.44,350.93,0.6,381.0,0.63,479.0,0.59,304.0,0.64,452.0,0.58,162.0,0.65,479.0,0.57,340.0,0.66,404.0,0.56,350.93,0.67,643.0
2026-01-07 04:17:33.489000+00:00,2026-01-07 04:17:30.814244+00:00,153.489,0.39,0.38,0.4,0.615,0.61,0.62,229.8,359.0,31.07,265.8,0.37,376.0,0.41,310.0,0.36,423.0,0.42,284.0,0.35,479.0,0.43,340.0,0.34,404.0,0.44,350.93,0.33,653.0,0.45,328.0,0.6,339.0,0.63,411.0,0.59,346.0,0.64,423.0,0.58,308.0,0.65,479.0,0.57,340.0,0.66,404.0,0.56,362.93,0.67,653.0
2026-01-07 04:17:34.471000+00:00,2026-01-07 04:17:31.822924+00:00,154.471,0.385,0.38,0.39,0.615,0.61,0.62,20.0,131.07,131.07,15.0,0.37,323.0,0.4,384.0,0.36,359.0,0.41,356.0,0.35,479.0,0.42,333.0,0.34,404.0,0.43,328.0,0.33,703.0,0.44,350.93,0.6,432.0,0.63,335.0,0.59,356.0,0.64,395.0,0.58,345.0,0.65,479.0,0.57,328.0,0.66,404.0,0.56,350.93,0.67,703.0
2026-01-07 04:17:35.506000+00:00,2026-01-07 04:17:32.826593+00:00,155.506,0.375,0.37,0.38,0.625,0.62,0.63,161.0,204.0,582.97,111.0,0.36,349.0,0.39,195.0,0.35,608.0,0.4,386.0,0.34,428.0,0.41,290.0,0.33,703.0,0.42,333.0,0.32,221.0,0.43,328.0,0.61,267.0,0.64,309.0,0.6,317.0,0.65,309.0,0.59,523.0,0.66,458.98,0.58,454.0,0.67,408.0,0.57,449.0,0.68,344.0
2026-01-07 04:17:36.483000+00:00,2026-01-07 04:17:33.834199+00:00,156.483,0.31,0.3,0.32,0.69,0.68,0.7,163.0,181.0,263.0,163.0,0.29,217.36,0.33,195.0,0.28,175.0,0.34,213.0,0.27,264.0,0.35,129.0,0.26,344.0,0.36,298.0,0.25,563.98,0.37,393.0,0.67,159.0,0.71,229.36,0.66,213.0,0.72,265.0,0.65,199.0,0.73,264.0,0.64,298.0,0.74,344.0,0.63,303.0,0.75,563.98
2026-01-07 04:17:37.519000+00:00,2026-01-07 04:17:34.841475+00:00,157.519,0.305,0.3,0.31,0.7,0.69,0.71,60.0,55.0,76.0,178.36,0.29,16.36,0.32,257.97,0.28,488.98,0.33,324.0,0.27,229.0,0.34,279.0,0.26,568.0,0.35,270.0,0.25,528.98,0.36,298.0,0.68,305.97,0.72,509.0,0.67,543.0,0.73,276.0,0.66,240.0,0.74,580.0,0.65,248.0,0.75,578.98,0.64,419.0,0.76,309.0
2026-01-07 04:17:38.477000+00:00,2026-01-07 04:17:35.845546+00:00,158.477,0.31,0.3,0.32,0.685,0.68,0.69,254.0,61.07,61.07,67.0,0.29,387.36,0.33,314.0,0.28,491.0,0.34,147.0,0.27,252.0,0.35,260.0,0.26,583.0,0.36,310.0,0.25,523.98,0.37,303.0,0.67,344.0,0.7,234.0,0.66,93.0,0.71,387.36,0.65,260.0,0.72,491.0,0.64,310.0,0.73,252.0,0.63,303.0,0.74,568.0
2026-01-07 04:17:39.516000+00:00,2026-01-07 04:17:36.851775+00:00,159.516,0.325,0.32,0.33,0.67,0.66,0.68,46.86,379.0,136.07,186.86,0.31,439.0,0.34,45.0,0.3,358.0,0.35,326.0,0.29,400.36,0.36,334.0,0.28,389.0,0.37,315.0,0.27,267.0,0.38,419.0,0.65,148.0,0.69,430.0,0.64,334.0,0.7,419.0,0.63,315.0,0.71,400.36,0.62,298.0,0.72,389.0,0.61,404.0,0.73,267.0
2026-01-07 04:17:40.543000+00:00,2026-01-07 04:17:37.873981+00:00,160.543,0.335,0.33,0.34,0.665,0.66,0.67,314.0,51.07,51.07,5.0,0.32,476.0,0.35,449.0,0.31,388.0,0.36,331.0,0.3,546.0,0.37,254.0,0.29,412.36,0.38,298.0,0.28,474.0,0.39,404.0,0.65,454.0,0.68,172.0,0.64,392.0,0.69,267.0,0.63,315.0,0.7,546.0,0.62,298.0,0.71,412.36,0.61,404.0,0.72,474.0
2026-01-07 04:17:41.572000+00:00,2026-01-07 04:17:38.895434+00:00,161.572,0.345,0.34,0.35,0.65,0.64,0.66,249.0,5.0,244.07,318.0,0.33,226.0,0.36,256.07,0.32,298.0,0.37,233.0,0.31,389.0,0.38,328.0,0.3,349.0,0.39,404.0,0.29,388.36,0.4,404.0,0.63,293.0,0.67,352.0,0.62,422.0,0.68,369.0,0.61,416.0,0.69,471.0,0.6,404.0,0.7,454.0,0.59,479.0,0.71,478.36
2026-01-07 04:17:42.573000+00:00,2026-01-07 04:17:39.904262+00:00,162.573,0.345,0.34,0.35,0.655,0.65,0.66,387.48,5.0,5.0,387.48,0.33,383.0,0.36,61.07,0.32,418.0,0.37,291.0,0.31,401.0,0.38,135.0,0.3,464.0,0.39,295.0,0.29,443.36,0.4,295.0,0.64,61.07,0.67,420.0,0.63,291.0,0.68,408.0,0.62,205.0,0.69,401.0,0.61,295.0,0.7,464.0,0.6,295.0,0.71,453.36
2026-01-07 04:17:43.555000+00:00,2026-01-07 04:17:40.908248+00:00,163.555,0.345,0.34,0.35,0.655,0.65,0.66,521.48,5.0,5.0,521.48,0.33,420.0,0.36,5.0,0.32,408.0,0.37,456.0,0.31,401.0,0.38,157.0,0.3,688.0,0.39,295.0,0.29,533.36,0.4,283.0,0.64,5.0,0.67,432.0,0.63,456.0,0.68,408.0,0.62,157.0,0.69,401.0,0.61,112.0,0.7,688.0,0.6,283.0,0.71,533.36
2026-01-07 04:17:44.600000+00:00,2026-01-07 04:17:41.914291+00:00,164.6,0.365,0.36,0.37,0.625,0.62,0.63,176.0,5.0,62.58,24.0,0.35,92.0,0.38,62.58,0.34,421.0,0.39,327.0,0.33,384.0,0.4,365.97,0.32,454.0,0.41,394.0,0.31,474.0,0.42,466.0,0.61,458.0,0.64,171.0,0.6,365.97,0.65,92.0,0.59,394.0,0.66,421.0,0.58,466.0,0.67,384.0,0.57,449.0,0.68,454.0
2026-01-07 04:17:45.593000+00:00,2026-01-07 04:17:42.922400+00:00,165.593,0.38,0.37,0.39,0.62,0.61,0.63,115.0,413.0,483.0,177.0,0.36,62.0,0.4,345.99,0.35,45.0,0.41,397.0,0.34,399.0,0.42,454.0,0.33,349.0,0.43,449.0,0.32,419.0,0.44,471.93,0.6,343.0,0.64,309.0,0.59,412.0,0.65,335.0,0.58,466.0,0.66,421.0,0.57,449.0,0.67,454.0,0.56,471.93,0.68,454.0
2026-01-07 04:17:46.595000+00:00,2026-01-07 04:17:43.931906+00:00,166.595,0.385,0.38,0.39,0.615,0.61,0.62,132.19,204.0,174.0,132.19,0.37,378.0,0.4,316.58,0.36,405.0,0.41,243.0,0.35,421.0,0.42,204.0,0.34,454.0,0.43,328.0,0.33,454.0,0.44,350.93,0.6,316.58,0.63,373.0,0.59,243.0,0.64,405.0,0.58,204.0,0.65,421.0,0.57,328.0,0.66,454.0,0.56,350.93,0.67,454.0
2026-01-07 04:17:47.618000+00:00,2026-01-07 04:17:44.944018+00:00,167.618,0.375,0.37,0.38,0.625,0.62,0.63,324.0,30.0,102.58,309.0,0.36,478.0,0.39,272.0,0.35,383.0,0.4,329.0,0.34,516.0,0.41,190.0,0.33,486.0,0.42,150.0,0.32,439.0,0.43,328.0,0.61,224.0,0.64,454.0,0.6,305.0,0.65,371.0,0.59,190.0,0.66,454.0,0.58,150.0,0.67,511.0,0.57,328.0,0.68,439.0
2026-01-07 04:17:48.620000+00:00,2026-01-07 04:17:45.953125+00:00,168.62,0.375,0.37,0.38,0.615,0.61,0.62,429.0,17.0,179.0,115.0,0.36,349.0,0.39,304.0,0.35,536.0,0.4,299.0,0.34,407.0,0.41,220.0,0.33,486.0,0.42,150.0,0.32,451.0,0.43,328.0,0.6,340.58,0.63,376.0,0.59,256.0,0.64,385.0,0.58,150.0,0.65,548.0,0.57,328.0,0.66,371.0,0.56,350.93,0.67,474.0
2026-01-07 04:17:49.629000+00:00,2026-01-07 04:17:46.959502+00:00,169.629,0.375,0.37,0.38,0.625,0.62,0.63,436.0,70.0,70.0,436.0,0.36,424.0,0.39,294.0,0.35,510.0,0.4,265.0,0.34,371.0,0.41,256.0,0.33,489.0,0.42,150.0,0.32,439.0,0.43,328.0,0.61,299.0,0.64,424.0,0.6,265.0,0.65,510.0,0.59,244.0,0.66,371.0,0.58,150.0,0.67,489.0,0.57,328.0,0.68,439.0
2026-01-07 04:17:50.633000+00:00,2026-01-07 04:17:47.966274+00:00,170.633,0.375,0.37,0.38,0.625,0.62,0.63,456.0,75.0,70.0,491.0,0.36,424.0,0.39,229.0,0.35,510.0,0.4,197.58,0.34,371.0,0.41,351.0,0.33,713.0,0.42,150.0,0.32,439.0,0.43,328.0,0.61,234.0,0.64,385.0,0.6,192.58,0.65,510.0,0.59,351.0,0.66,371.0,0.58,150.0,0.67,713.0,0.57,328.0,0.68,439.0
2026-01-07 04:17:51.689000+00:00,2026-01-07 04:17:48.990052+00:00,171.689,0.375,0.37,0.38,0.625,0.62,0.63,5.0,177.81,218.81,5.0,0.36,493.0,0.39,310.0,0.35,461.0,0.4,157.0,0.34,396.0,0.41,468.0,0.33,725.0,0.42,333.0,0.32,439.0,0.43,328.0,0.61,327.0,0.64,493.0,0.6,157.0,0.65,473.0,0.59,468.0,0.66,432.0,0.58,333.0,0.67,725.0,0.57,328.0,0.68,439.0
2026-01-07 04:17:52.679000+00:00,2026-01-07 04:17:49.998890+00:00,172.679,0.365,0.36,0.37,0.635,0.63,0.64,189.0,98.0,85.0,150.0,0.35,157.0,0.38,250.45,0.34,447.81,0.39,493.0,0.33,729.0,0.4,328.0,0.32,451.0,0.41,468.0,0.31,409.0,0.42,454.0,0.62,181.45,0.65,200.0,0.61,481.0,0.66,435.81,0.6,328.0,0.67,717.0,0.59,468.0,0.68,451.0,0.58,454.0,0.69,409.0
2026-01-07 04:17:53.655000+00:00,2026-01-07 04:17:51.004542+00:00,173.655,0.365,0.36,0.37,0.635,0.63,0.64,155.0,80.0,80.0,155.0,0.35,157.0,0.38,205.45,0.34,485.81,0.39,493.0,0.33,702.0,0.4,328.0,0.32,451.0,0.41,468.0,0.31,409.0,0.42,454.0,0.62,205.45,0.65,157.0,0.61,493.0,0.66,497.81,0.6,328.0,0.67,702.0,0.59,468.0,0.68,451.0,0.58,454.0,0.69,409.0
2026-01-07 04:17:54.651000+00:00,2026-01-07 04:17:52.011838+00:00,174.651,0.35,0.34,0.36,0.65,0.64,0.66,104.79,167.8,167.8,139.79,0.33,153.0,0.37,483.0,0.32,171.0,0.38,341.87,0.31,386.0,0.39,298.0,0.3,603.0,0.4,419.0,0.29,373.36,0.41,494.0,0.63,478.0,0.67,116.0,0.62,341.87,0.68,203.0,0.61,298.0,0.69,386.0,0.6,419.0,0.7,603.0,0.59,494.0,0.71,373.36
2026-01-07 04:17:55.698000+00:00,2026-01-07 04:17:53.015089+00:00,175.698,0.345,0.34,0.35,0.655,0.65,0.66,7.81,308.97,320.97,7.81,0.31,460.0,0.36,259.81,0.3,403.0,0.37,509.0,0.29,389.36,0.38,426.87,0.28,410.14,0.39,419.0,0.27,229.0,0.4,419.0,0.64,259.81,0.69,424.0,0.63,419.0,0.7,408.0,0.62,426.87,0.71,384.36,0.61,419.0,0.72,488.14,0.6,419.0,0.73,229.0
2026-01-07 04:17:56.698000+00:00,2026-01-07 04:17:54.020841+00:00,176.698,0.32,0.31,0.33,0.6799999999999999,0.67,0.69,156.0,65.78,60.78,161.0,0.3,408.0,0.34,195.0,0.29,501.36,0.35,188.97,0.28,393.14,0.36,320.81,0.27,229.0,0.37,298.0,0.26,344.0,0.38,419.0,0.66,200.0,0.7,408.0,0.65,188.97,0.71,501.36,0.64,320.81,0.72,393.14,0.63,298.0,0.73,217.0,0.62,419.0,0.74,344.0
2026-01-07 04:17:57.695000+00:00,2026-01-07 04:17:55.027252+00:00,177.695,0.315,0.31,0.32,0.685,0.68,0.69,22.0,115.0,75.0,22.0,0.3,493.0,0.33,171.78,0.29,474.36,0.34,393.0,0.28,405.14,0.35,269.0,0.27,441.0,0.36,305.81,0.26,349.0,0.37,298.0,0.67,186.78,0.7,494.0,0.66,378.0,0.71,464.36,0.65,269.0,0.72,370.14,0.64,426.81,0.73,406.0,0.63,298.0,0.74,349.0
2026-01-07 04:17:58.710000+00:00,2026-01-07 04:17:56.039967+00:00,178.71,0.315,0.31,0.32,0.6799999999999999,0.67,0.69,287.38,80.0,127.87,326.38,0.3,346.0,0.33,122.87,0.29,414.36,0.34,660.0,0.28,368.14,0.35,372.0,0.27,441.0,0.36,438.81,0.26,344.0,0.37,298.0,0.66,672.0,0.7,346.0,0.65,372.0,0.71,414.36,0.64,438.81,0.72,368.14,0.63,298.0,0.73,441.0,0.62,404.0,0.74,344.0
2026-01-07 04:17:59.706000+00:00,2026-01-07 04:17:57.047774+00:00,179.706,0.325,0.32,0.33,0.655,0.65,0.66,649.0,7.87,50.0,77.0,0.31,372.38,0.35,50.0,0.3,394.0,0.36,197.81,0.29,388.36,0.37,295.0,0.28,675.14,0.38,319.0,0.27,262.0,0.39,283.0,0.64,197.81,0.67,188.13,0.63,295.0,0.68,539.97,0.62,319.0,0.69,362.38,0.61,283.0,0.7,359.0,0.6,404.0,0.71,338.36
2026-01-07 04:18:00.735000+00:00,2026-01-07 04:17:58.053274+00:00,180.735,0.345,0.34,0.35,0.655,0.65,0.66,413.0,20.0,20.0,474.0,0.33,306.0,0.36,7.81,0.32,497.0,0.37,374.0,0.31,467.38,0.38,409.0,0.3,464.0,0.39,313.0,0.29,682.36,0.4,404.0,0.64,7.81,0.67,306.0,0.63,284.0,0.68,497.0,0.62,226.0,0.69,467.38,0.61,130.0,0.7,464.0,0.6,283.0,0.71,682.36
2026-01-07 04:18:01.754000+00:00,2026-01-07 04:17:59.075584+00:00,181.754,0.375,0.37,0.38,0.61,0.6,0.62,121.98,80.0,105.0,110.0,0.36,378.31,0.39,94.0,0.35,419.97,0.4,57.0,0.34,403.0,0.41,373.0,0.33,384.0,0.42,362.99,0.32,384.0,0.43,449.0,0.59,397.0,0.63,60.0,0.58,362.99,0.64,345.31,0.57,449.0,0.65,407.97,0.56,471.93,0.66,403.0,0.55,449.0,0.67,384.0
2026-01-07 04:18:02.751000+00:00,2026-01-07 04:18:00.077073+00:00,182.751,0.385,0.38,0.39,0.615,0.61,0.62,148.34,65.0,65.0,123.34,0.37,268.0,0.4,375.0,0.36,359.31,0.41,190.0,0.35,497.97,0.42,363.0,0.34,383.0,0.43,328.0,0.33,262.0,0.44,350.93,0.6,384.8,0.63,268.0,0.59,190.0,0.64,359.31,0.58,363.0,0.65,497.97,0.57,328.0,0.66,383.0,0.56,350.93,0.67,262.0
2026-01-07 04:18:03.741000+00:00,2026-01-07 04:18:01.083758+00:00,183.741,0.385,0.38,0.39,0.615,0.61,0.62,246.92,5.0,2.56,307.92,0.37,413.0,0.4,408.8,0.36,383.31,0.41,316.0,0.35,461.97,0.42,363.0,0.34,371.0,0.43,328.0,0.33,262.0,0.44,350.93,0.6,396.8,0.63,413.0,0.59,316.0,0.64,383.31,0.58,180.0,0.65,473.97,0.57,328.0,0.66,366.81,0.56,350.93,0.67,262.0
2026-01-07 04:18:04.757000+00:00,2026-01-07 04:18:02.085828+00:00,184.757,0.395,0.39,0.4,0.605,0.6,0.61,167.0,238.8,233.8,167.0,0.38,441.0,0.41,190.0,0.37,385.0,0.42,222.0,0.36,382.31,0.43,382.0,0.35,424.97,0.44,350.93,0.34,391.81,0.45,328.0,0.59,195.0,0.62,441.0,0.58,222.0,0.63,385.0,0.57,382.0,0.64,382.31,0.56,350.93,0.65,424.97,0.55,328.0,0.66,391.81
2026-01-07 04:18:05.647000+00:00,2026-01-07 04:18:03.107460+00:00,185.647,0.395,0.39,0.4,0.605,0.6,0.61,167.0,298.8,298.8,167.0,0.38,92.0,0.41,115.0,0.37,394.0,0.42,495.0,0.36,382.31,0.43,382.0,0.35,334.97,0.44,350.93,0.34,461.81,0.45,449.0,0.59,115.0,0.62,92.0,0.58,495.0,0.63,394.0,0.57,382.0,0.64,382.31,0.56,350.93,0.65,334.97,0.55,449.0,0.66,461.81
2026-01-07 04:18:06.682000+00:00,2026-01-07 04:18:04.111896+00:00,186.682,0.395,0.39,0.4,0.605,0.6,0.61,130.0,298.8,298.8,130.0,0.38,68.0,0.41,187.0,0.37,394.0,0.42,447.0,0.36,406.31,0.43,358.0,0.35,346.97,0.44,350.93,0.34,486.81,0.45,449.0,0.59,187.0,0.62,68.0,0.58,447.0,0.63,394.0,0.57,358.0,0.64,406.31,0.56,350.93,0.65,346.97,0.55,449.0,0.66,486.81
2026-01-07 04:18:07.678000+00:00,2026-01-07 04:18:05.132365+00:00,187.678,0.395,0.39,0.4,0.605,0.6,0.61,309.94,228.8,228.8,294.94,0.38,372.0,0.41,265.06,0.37,550.0,0.42,264.0,0.36,381.31,0.43,175.0,0.35,441.97,0.44,350.93,0.34,495.73,0.45,333.0,0.59,265.06,0.62,372.0,0.58,264.0,0.63,550.0,0.57,175.0,0.64,381.31,0.56,350.93,0.65,441.97,0.55,333.0,0.66,495.73
2026-01-07 04:18:08.764000+00:00,2026-01-07 04:18:06.137283+00:00,188.764,0.395,0.39,0.4,0.605,0.6,0.61,289.94,298.8,298.8,289.94,0.38,372.0,0.41,195.06,0.37,550.0,0.42,264.0,0.36,381.31,0.43,175.0,0.35,466.97,0.44,350.93,0.34,470.73,0.45,333.0,0.59,195.06,0.62,372.0,0.58,264.0,0.63,550.0,0.57,175.0,0.64,381.31,0.56,350.93,0.65,466.97,0.55,328.0,0.66,470.73
2026-01-07 04:18:09.796000+00:00,2026-01-07 04:18:07.145209+00:00,189.796,0.395,0.39,0.4,0.605,0.6,0.61,289.94,298.8,298.8,289.94,0.38,372.0,0.41,195.06,0.37,510.0,0.42,264.0,0.36,420.31,0.43,175.0,0.35,466.97,0.44,350.93,0.34,470.73,0.45,328.0,0.59,195.06,0.62,372.0,0.58,264.0,0.63,510.0,0.57,175.0,0.64,420.31,0.56,350.93,0.65,466.97,0.55,328.0,0.66,470.73
2026-01-07 04:18:10.746000+00:00,2026-01-07 04:18:08.167235+00:00,190.746,0.395,0.39,0.4,0.605,0.6,0.61,296.75,298.8,298.8,296.75,0.38,372.0,0.41,195.06,0.37,550.0,0.42,264.0,0.36,381.31,0.43,175.0,0.35,456.97,0.44,350.93,0.34,480.73,0.45,528.0,0.59,195.06,0.62,372.0,0.58,264.0,0.63,550.0,0.57,175.0,0.64,381.31,0.56,350.93,0.65,456.97,0.55,528.0,0.66,480.73
2026-01-07 04:18:11.821000+00:00,2026-01-07 04:18:09.170066+00:00,191.821,0.395,0.39,0.4,0.605,0.6,0.61,110.79,296.3,296.3,110.79,0.38,372.0,0.41,214.27,0.37,550.0,0.42,264.0,0.36,381.31,0.43,175.0,0.35,451.97,0.44,350.93,0.34,490.73,0.45,528.0,0.59,214.27,0.62,372.0,0.58,264.0,0.63,550.0,0.57,175.0,0.64,381.31,0.56,350.93,0.65,451.97,0.55,528.0,0.66,490.73
2026-01-07 04:18:12.793000+00:00,2026-01-07 04:18:10.162789+00:00,192.793,0.395,0.39,0.4,0.605,0.6,0.61,110.79,296.3,296.3,110.79,0.38,412.0,0.41,214.27,0.37,510.0,0.42,264.0,0.36,381.31,0.43,175.0,0.35,451.97,0.44,350.93,0.34,485.73,0.45,528.0,0.59,214.27,0.62,372.0,0.58,264.0,0.63,510.0,0.57,175.0,0.64,420.31,0.56,350.93,0.65,451.97,0.55,528.0,0.66,485.73
2026-01-07 04:18:13.607000+00:00,2026-01-07 04:18:11.169839+00:00,193.607,0.395,0.39,0.4,0.605,0.6,0.61,110.79,296.3,296.3,103.79,0.38,68.0,0.41,214.27,0.37,389.0,0.42,447.0,0.36,420.31,0.43,358.0,0.35,466.97,0.44,350.93,0.34,470.73,0.45,649.0,0.59,214.27,0.62,108.0,0.58,447.0,0.63,389.0,0.57,358.0,0.64,381.31,0.56,350.93,0.65,466.97,0.55,649.0,0.66,470.73
2026-01-07 04:18:14.831000+00:00,2026-01-07 04:18:12.177311+00:00,194.831,0.385,0.38,0.39,0.615,0.61,0.62,120.99,87.0,68.19,120.99,0.37,233.0,0.4,499.24,0.36,378.37,0.41,286.18,0.35,419.97,0.42,574.0,0.34,532.73,0.43,449.0,0.33,573.0,0.44,471.93,0.6,499.24,0.63,50.0,0.59,347.18,0.64,88.06,0.58,574.0,0.65,178.0,0.57,449.0,0.66,514.73,0.56,471.93,0.67,573.0
2026-01-07 04:18:15.736000+00:00,2026-01-07 04:18:13.181881+00:00,195.736,0.385,0.38,0.39,0.615,0.61,0.62,120.99,431.19,416.19,120.99,0.37,50.0,0.4,562.24,0.36,88.06,0.41,347.18,0.35,140.0,0.42,484.0,0.34,552.73,0.43,449.0,0.33,573.0,0.44,471.93,0.6,562.24,0.63,50.0,0.59,347.18,0.64,88.06,0.58,484.0,0.65,140.0,0.57,449.0,0.66,557.73,0.56,471.93,0.67,573.0
2026-01-07 04:18:16.821000+00:00,2026-01-07 04:18:14.200536+00:00,196.821,0.385,0.38,0.39,0.615,0.61,0.62,151.36,119.19,114.19,151.36,0.37,50.0,0.4,562.24,0.36,136.06,0.41,341.21,0.35,144.0,0.42,363.0,0.34,517.73,0.43,449.0,0.33,561.0,0.44,477.23,0.6,510.3,0.63,50.0,0.59,439.27,0.64,136.06,0.58,363.0,0.65,144.0,0.57,449.0,0.66,427.73,0.56,477.23,0.67,561.0
2026-01-07 04:18:17.811000+00:00,2026-01-07 04:18:15.210059+00:00,197.811,0.385,0.38,0.39,0.61,0.6,0.62,447.67,24.0,320.3,447.67,0.37,491.0,0.4,332.3,0.36,416.06,0.41,174.25,0.35,395.0,0.42,270.0,0.34,422.73,0.43,328.0,0.33,576.0,0.44,356.23,0.59,174.25,0.63,503.0,0.58,270.0,0.64,404.06,0.57,328.0,0.65,383.0,0.56,356.23,0.66,422.73,0.55,533.3,0.67,576.0
2026-01-07 04:18:18.906000+00:00,2026-01-07 04:18:16.231585+00:00,198.906,0.425,0.42,0.43,0.575,0.57,0.58,250.0,75.0,75.0,392.98,0.41,380.0,0.44,97.93,0.4,378.0,0.45,336.74,0.39,535.0,0.46,262.0,0.38,519.0,0.47,415.0,0.37,624.0,0.48,394.99,0.56,97.93,0.59,432.0,0.55,289.8,0.6,328.0,0.54,230.06,0.61,524.0,0.53,330.0,0.62,519.0,0.52,424.99,0.63,653.0
2026-01-07 04:18:19.888000+00:00,2026-01-07 04:18:17.242928+00:00,199.888,0.445,0.44,0.45,0.555,0.55,0.56,317.83,294.8,299.8,322.83,0.43,386.0,0.46,140.06,0.42,294.0,0.47,167.0,0.41,455.0,0.48,243.99,0.4,384.0,0.49,398.0,0.39,419.0,0.5,348.0,0.54,140.06,0.57,393.0,0.53,210.0,0.58,330.0,0.52,243.99,0.59,467.0,0.51,398.0,0.6,384.0,0.5,348.0,0.61,419.0
2026-01-07 04:18:20.597000+00:00,2026-01-07 04:18:18.248539+00:00,200.597,0.445,0.44,0.45,0.555,0.55,0.56,327.83,209.8,209.8,327.83,0.43,383.0,0.46,70.06,0.42,373.0,0.47,180.0,0.41,425.0,0.48,273.99,0.4,384.0,0.49,398.0,0.39,419.0,0.5,348.0,0.54,70.06,0.57,383.0,0.53,180.0,0.58,373.0,0.52,273.99,0.59,425.0,0.51,398.0,0.6,384.0,0.5,348.0,0.61,419.0
2026-01-07 04:18:21.813000+00:00,2026-01-07 04:18:19.256926+00:00,201.813,0.445,0.44,0.45,0.555,0.55,0.56,250.21,214.8,214.8,250.21,0.43,440.0,0.46,70.06,0.42,330.0,0.47,250.0,0.41,401.0,0.48,343.99,0.4,394.0,0.49,328.0,0.39,509.0,0.5,348.0,0.54,5.0,0.57,428.0,0.53,232.94,0.58,318.0,0.52,343.99,0.59,401.0,0.51,328.0,0.6,394.0,0.5,348.0,0.61,509.0
2026-01-07 04:18:22.866000+00:00,2026-01-07 04:18:20.275265+00:00,202.866,0.445,0.44,0.45,0.555,0.55,0.56,232.21,289.8,289.8,232.21,0.43,445.0,0.46,93.06,0.42,318.0,0.47,268.94,0.41,411.0,0.48,343.99,0.4,399.0,0.49,145.0,0.39,509.0,0.5,348.0,0.54,123.06,0.57,445.0,0.53,262.0,0.58,318.0,0.52,343.99,0.59,411.0,0.51,145.0,0.6,489.0,0.5,348.0,0.61,643.0
2026-01-07 04:18:23.956000+00:00,2026-01-07 04:18:21.281638+00:00,203.956,0.445,0.44,0.45,0.555,0.55,0.56,252.21,209.8,209.8,237.21,0.43,433.0,0.46,87.0,0.42,330.0,0.47,405.0,0.41,401.0,0.48,301.05,0.4,519.0,0.49,175.0,0.39,419.0,0.5,348.0,0.54,87.0,0.57,433.0,0.53,405.0,0.58,330.0,0.52,301.05,0.59,401.0,0.51,175.0,0.6,519.0,0.5,348.0,0.61,419.0
2026-01-07 04:18:24.948000+00:00,2026-01-07 04:18:22.286954+00:00,204.948,0.46499999999999997,0.46,0.47,0.535,0.53,0.54,318.18,248.0,248.0,303.18,0.45,388.0,0.48,226.05,0.44,152.0,0.49,175.0,0.43,453.0,0.5,255.0,0.42,318.0,0.51,145.0,0.41,426.0,0.52,405.26,0.52,226.05,0.55,388.0,0.51,175.0,0.56,152.0,0.5,255.0,0.57,452.0,0.49,145.0,0.58,318.0,0.48,405.26,0.59,426.0
2026-01-07 04:18:25.952000+00:00,2026-01-07 04:18:23.280633+00:00,205.952,0.475,0.47,0.48,0.525,0.52,0.53,134.99,54.99,54.99,134.99,0.46,364.2,0.49,174.94,0.45,446.0,0.5,119.0,0.44,235.0,0.51,264.97,0.43,499.0,0.52,405.26,0.42,394.88,0.53,206.0,0.51,99.94,0.54,364.2,0.5,119.0,0.55,446.0,0.49,264.97,0.56,235.0,0.48,405.26,0.57,499.0,0.47,206.0,0.58,394.88
2026-01-07 04:18:26.955000+00:00,2026-01-07 04:18:24.285056+00:00,206.955,0.475,0.47,0.48,0.525,0.52,0.53,125.36,34.99,34.99,125.36,0.46,369.0,0.49,51.94,0.45,467.0,0.5,167.0,0.44,223.0,0.51,218.97,0.43,454.0,0.52,405.26,0.42,394.88,0.53,211.0,0.51,51.94,0.54,369.0,0.5,167.0,0.55,422.0,0.49,218.97,0.56,223.0,0.48,405.26,0.57,499.0,0.47,211.0,0.58,394.88
2026-01-07 04:18:27.656000+00:00,2026-01-07 04:18:25.307553+00:00,207.656,0.475,0.47,0.48,0.525,0.52,0.53,94.36,34.99,34.99,94.36,0.46,398.0,0.49,56.99,0.45,422.0,0.5,209.0,0.44,223.0,0.51,165.0,0.43,508.0,0.52,405.26,0.42,384.88,0.53,211.0,0.51,56.99,0.54,398.0,0.5,209.0,0.55,422.0,0.49,165.0,0.56,223.0,0.48,405.26,0.57,508.0,0.47,211.0,0.58,384.88
2026-01-07 04:18:28.990000+00:00,2026-01-07 04:18:26.314836+00:00,208.99,0.475,0.47,0.48,0.525,0.52,0.53,201.36,34.99,34.99,222.36,0.46,454.0,0.5,107.0,0.45,398.0,0.51,245.99,0.44,357.0,0.52,365.26,0.43,454.0,0.53,141.0,0.42,364.0,0.54,449.0,0.5,153.06,0.54,466.0,0.49,222.0,0.55,455.0,0.48,449.26,0.56,357.0,0.47,141.0,0.57,474.0,0.46,449.0,0.58,364.0
2026-01-07 04:18:29.968000+00:00,2026-01-07 04:18:27.322862+00:00,209.968,0.495,0.49,0.5,0.505,0.5,0.51,253.01,78.06,78.06,253.01,0.48,390.0,0.51,57.0,0.47,285.0,0.52,266.26,0.46,466.0,0.53,165.0,0.45,390.0,0.54,449.0,0.44,322.0,0.55,459.04,0.49,57.0,0.52,390.0,0.48,266.26,0.53,285.0,0.47,165.0,0.54,466.0,0.46,449.0,0.55,390.0,0.45,459.04,0.56,322.0
2026-01-07 04:18:30.879000+00:00,2026-01-07 04:18:28.329098+00:00,210.879,0.495,0.49,0.5,0.505,0.5,0.51,248.01,73.06,73.06,248.01,0.48,426.0,0.51,57.0,0.47,261.0,0.52,266.26,0.46,500.0,0.53,165.0,0.45,345.0,0.54,449.0,0.44,322.0,0.55,459.04,0.49,57.0,0.52,426.0,0.48,266.26,0.53,261.0,0.47,165.0,0.54,500.0,0.46,449.0,0.55,345.0,0.45,459.04,0.56,322.0
2026-01-07 04:18:32.728000+00:00,2026-01-07 04:18:30.340775+00:00,212.728,0.485,0.48,0.49,0.515,0.51,0.52,90.0,238.25,238.25,115.0,0.47,219.99,0.5,436.0,0.46,275.0,0.51,563.0,0.45,229.0,0.52,521.0,0.44,182.0,0.53,449.0,0.43,592.0,0.54,449.0,0.5,412.0,0.53,243.99,0.49,563.0,0.54,239.0,0.48,521.0,0.55,205.0,0.47,449.0,0.56,182.0,0.46,449.0,0.57,592.0
2026-01-07 04:18:34.020000+00:00,2026-01-07 04:18:31.347177+00:00,214.02,0.485,0.48,0.49,0.505,0.5,0.51,594.0,5.0,117.0,268.0,0.47,519.0,0.5,239.0,0.46,454.0,0.51,5.0,0.45,558.31,0.52,200.06,0.44,271.0,0.53,195.0,0.43,419.0,0.54,159.0,0.48,200.06,0.52,489.0,0.47,195.0,0.53,509.0,0.46,159.0,0.54,454.0,0.45,350.04,0.55,523.31,0.44,449.0,0.56,236.0
2026-01-07 04:18:35.998000+00:00,2026-01-07 04:18:33.380303+00:00,215.998,0.545,0.54,0.55,0.425,0.42,0.43,435.38,0.04,7.0,88.0,0.53,492.0,0.57,99.0,0.52,494.0,0.58,205.31,0.51,466.0,0.59,150.0,0.5,247.72,0.6,170.0,0.49,494.0,0.61,90.0,0.41,90.0,0.44,167.0,0.4,180.0,0.45,211.96,0.39,246.0,0.46,293.0,0.38,286.0,0.47,808.0,0.37,408.97,0.48,414.0
2026-01-07 04:18:37.073000+00:00,2026-01-07 04:18:34.402022+00:00,217.073,0.605,0.6,0.61,0.395,0.39,0.4,206.99,5.0,5.0,186.99,0.59,369.0,0.62,96.0,0.58,192.0,0.63,109.0,0.57,321.0,0.64,40.0,0.56,441.0,0.65,404.0,0.55,303.96,0.66,304.0,0.38,136.0,0.41,394.0,0.37,79.0,0.42,167.0,0.36,30.0,0.43,321.0,0.35,404.0,0.44,441.0,0.34,304.0,0.45,338.96
2026-01-07 04:18:38.083000+00:00,2026-01-07 04:18:35.410614+00:00,218.083,0.605,0.6,0.61,0.395,0.39,0.4,222.73,14.86,7.86,217.73,0.59,369.0,0.62,96.0,0.58,228.0,0.63,127.0,0.57,285.0,0.64,10.0,0.56,384.0,0.65,399.0,0.55,359.96,0.66,378.0,0.38,77.0,0.41,357.0,0.37,110.0,0.42,168.0,0.36,132.0,0.43,285.0,0.35,399.0,0.44,384.0,0.34,378.0,0.45,359.96
2026-01-07 04:18:39.114000+00:00,2026-01-07 04:18:36.434496+00:00,219.114,0.575,0.57,0.58,0.425,0.42,0.43,135.0,142.0,147.0,135.0,0.56,215.0,0.59,267.0,0.55,117.0,0.6,426.0,0.54,270.0,0.61,371.0,0.53,554.0,0.62,439.0,0.52,359.0,0.63,349.0,0.41,267.0,0.44,220.0,0.4,426.0,0.45,117.0,0.39,371.0,0.46,270.0,0.38,439.0,0.47,554.0,0.37,349.0,0.48,359.0
2026-01-07 04:18:40.111000+00:00,2026-01-07 04:18:37.442668+00:00,220.111,0.575,0.57,0.58,0.425,0.42,0.43,35.0,105.0,105.0,35.0,0.56,275.0,0.59,286.14,0.55,165.0,0.6,450.0,0.54,376.0,0.61,359.0,0.53,675.0,0.62,439.0,0.52,347.0,0.63,361.0,0.41,286.14,0.44,287.0,0.4,450.0,0.45,153.0,0.39,359.0,0.46,425.0,0.38,439.0,0.47,675.0,0.37,361.0,0.48,347.0
2026-01-07 04:18:41.111000+00:00,2026-01-07 04:18:38.440354+00:00,221.111,0.585,0.58,0.59,0.415,0.41,0.42,60.0,193.14,10.14,254.21,0.57,273.0,0.6,397.31,0.56,284.0,0.61,607.0,0.55,448.0,0.62,427.0,0.54,499.0,0.63,361.0,0.53,628.0,0.64,374.0,0.4,93.31,0.43,371.0,0.39,303.0,0.44,325.0,0.38,306.0,0.45,454.0,0.37,361.0,0.46,499.0,0.36,464.0,0.47,628.0
2026-01-07 04:18:42.057000+00:00,2026-01-07 04:18:39.444119+00:00,222.057,0.585,0.58,0.59,0.415,0.41,0.42,406.85,0.14,0.14,406.85,0.57,358.0,0.6,93.31,0.56,333.0,0.61,357.0,0.55,466.0,0.62,264.0,0.54,534.0,0.63,451.0,0.53,628.0,0.64,374.0,0.4,93.31,0.43,358.0,0.39,357.0,0.44,333.0,0.38,264.0,0.45,466.0,0.37,451.0,0.46,534.0,0.36,374.0,0.47,628.0
2026-01-07 04:18:43.126000+00:00,2026-01-07 04:18:40.465611+00:00,223.126,0.585,0.58,0.59,0.415,0.41,0.42,400.85,0.14,0.14,398.46,0.57,363.0,0.6,117.31,0.56,333.0,0.61,369.0,0.55,466.0,0.62,240.0,0.54,534.0,0.63,509.0,0.53,628.0,0.64,374.0,0.4,117.31,0.43,363.0,0.39,369.0,0.44,333.0,0.38,240.0,0.45,466.0,0.37,509.0,0.46,534.0,0.36,374.0,0.47,628.0
2026-01-07 04:18:44.060000+00:00,2026-01-07 04:18:41.471745+00:00,224.06,0.585,0.58,0.59,0.415,0.41,0.42,388.07,0.14,0.14,373.07,0.57,370.0,0.6,117.31,0.56,345.0,0.61,369.0,0.55,478.0,0.62,240.0,0.54,546.0,0.63,509.0,0.53,628.0,0.64,374.0,0.4,24.0,0.43,481.0,0.39,344.0,0.44,441.0,0.38,275.0,0.45,534.0,0.37,539.0,0.46,492.0,0.36,374.0,0.47,404.0
2026-01-07 04:18:45.158000+00:00,2026-01-07 04:18:42.479087+00:00,225.158,0.635,0.63,0.64,0.365,0.36,0.37,306.74,12.0,12.0,394.74,0.62,189.0,0.65,113.0,0.61,223.0,0.66,328.0,0.6,323.0,0.67,61.99,0.59,374.86,0.68,388.0,0.58,313.69,0.69,310.1,0.35,148.0,0.38,250.0,0.34,358.0,0.39,354.0,0.33,32.0,0.4,454.0,0.32,388.0,0.41,444.86,0.31,310.1,0.42,313.69
2026-01-07 04:18:46.156000+00:00,2026-01-07 04:18:43.489645+00:00,226.156,0.64,0.63,0.65,0.36,0.35,0.37,170.45,203.0,167.0,170.45,0.62,275.0,0.66,333.0,0.61,329.0,0.67,57.0,0.6,454.0,0.68,388.0,0.59,432.86,0.69,400.1,0.58,348.69,0.7,380.2,0.34,309.0,0.38,263.0,0.33,45.0,0.39,305.0,0.32,388.0,0.4,466.0,0.31,400.1,0.41,408.86,0.3,380.2,0.42,336.69
2026-01-07 04:18:47.148000+00:00,2026-01-07 04:18:44.494847+00:00,227.148,0.63,0.62,0.64,0.37,0.36,0.38,229.99,104.09,104.09,229.99,0.61,305.0,0.65,377.0,0.6,369.0,0.66,595.0,0.59,299.86,0.67,515.0,0.58,372.69,0.68,310.0,0.57,445.0,0.69,310.1,0.35,377.0,0.39,305.0,0.34,595.0,0.4,369.0,0.33,515.0,0.41,299.86,0.32,310.0,0.42,372.69,0.31,310.1,0.43,445.0
2026-01-07 04:18:48.170000+00:00,2026-01-07 04:18:45.502230+00:00,228.17,0.63,0.62,0.64,0.37,0.36,0.38,236.99,60.0,75.0,248.99,0.61,293.0,0.65,347.0,0.6,357.0,0.66,625.0,0.59,287.86,0.67,520.0,0.58,336.69,0.68,380.0,0.57,445.0,0.69,380.1,0.35,401.0,0.39,317.0,0.34,607.0,0.4,357.0,0.33,532.0,0.41,311.86,0.32,380.0,0.42,336.69,0.31,380.1,0.43,445.0
2026-01-07 04:18:49.152000+00:00,2026-01-07 04:18:46.507532+00:00,229.152,0.625,0.62,0.63,0.375,0.37,0.38,165.0,158.0,158.0,171.8,0.61,388.0,0.64,244.0,0.6,320.0,0.65,236.0,0.59,299.86,0.66,384.0,0.58,608.69,0.67,485.0,0.57,507.0,0.68,380.0,0.36,244.0,0.39,388.0,0.35,236.0,0.4,320.0,0.34,384.0,0.41,299.86,0.33,555.0,0.42,608.69,0.32,380.0,0.43,507.0
2026-01-07 04:18:50.164000+00:00,2026-01-07 04:18:47.498654+00:00,230.164,0.625,0.62,0.63,0.375,0.37,0.38,94.99,5.0,5.0,6.25,0.61,167.0,0.64,338.0,0.6,434.0,0.65,368.0,0.59,323.86,0.66,408.0,0.58,572.69,0.67,384.0,0.57,573.0,0.68,458.0,0.36,396.0,0.39,179.0,0.35,450.0,0.4,422.0,0.34,478.0,0.41,323.86,0.33,384.0,0.42,572.69,0.32,458.0,0.43,558.0
2026-01-07 04:18:51.047000+00:00,2026-01-07 04:18:48.509330+00:00,231.047,0.625,0.62,0.63,0.375,0.37,0.38,100.25,5.0,5.0,290.25,0.61,179.0,0.64,206.87,0.6,434.0,0.65,268.0,0.59,299.86,0.66,508.0,0.58,560.69,0.67,413.9,0.57,558.0,0.68,458.0,0.35,339.0,0.39,271.0,0.34,665.0,0.4,447.0,0.33,478.9,0.41,420.86,0.32,458.0,0.42,560.69,0.31,380.1,0.43,523.0
2026-01-07 04:18:52.184000+00:00,2026-01-07 04:18:49.518160+00:00,232.184,0.66,0.65,0.67,0.33999999999999997,0.33,0.35,239.0,159.99,159.99,274.0,0.64,264.0,0.68,91.0,0.63,424.0,0.69,197.1,0.62,456.0,0.7,404.2,0.61,454.0,0.71,380.3,0.6,487.0,0.72,466.4,0.32,91.0,0.36,274.0,0.31,202.1,0.37,459.0,0.3,404.2,0.38,456.0,0.29,380.3,0.39,454.0,0.28,466.4,0.4,487.0
2026-01-07 04:18:53.240000+00:00,2026-01-07 04:18:50.527910+00:00,233.24,0.6799999999999999,0.67,0.69,0.315,0.31,0.32,30.0,35.0,35.0,57.96,0.66,467.0,0.7,164.3,0.65,231.41,0.71,411.27,0.64,333.0,0.72,576.4,0.63,469.0,0.73,392.6,0.62,459.0,0.74,380.8,0.3,159.3,0.33,236.0,0.29,411.27,0.34,394.0,0.28,576.4,0.35,231.41,0.27,392.6,0.36,333.0,0.26,380.8,0.37,469.0
2026-01-07 04:18:54.203000+00:00,2026-01-07 04:18:51.536438+00:00,234.203,0.685,0.68,0.69,0.315,0.31,0.32,71.25,5.0,5.0,56.25,0.67,256.0,0.7,432.3,0.66,209.91,0.71,344.3,0.65,314.41,0.72,477.4,0.64,345.0,0.73,473.6,0.63,454.0,0.74,380.8,0.3,432.3,0.33,195.0,0.29,374.3,0.34,209.91,0.28,447.4,0.35,314.41,0.27,473.6,0.36,345.0,0.26,380.8,0.37,454.0
2026-01-07 04:18:55.228000+00:00,2026-01-07 04:18:52.558045+00:00,235.228,0.705,0.7,0.71,0.295,0.29,0.3,10.0,398.74,398.74,10.0,0.69,100.0,0.72,469.4,0.68,203.25,0.73,415.6,0.67,372.0,0.74,476.8,0.66,234.91,0.75,380.9,0.65,443.41,0.76,320.1,0.28,469.4,0.31,90.0,0.27,415.6,0.32,203.25,0.26,476.8,0.33,372.0,0.25,380.9,0.34,234.91,0.24,320.1,0.35,443.41
2026-01-07 04:18:56.228000+00:00,2026-01-07 04:18:53.561084+00:00,236.228,0.705,0.7,0.71,0.295,0.29,0.3,195.6,58.59,24.0,256.6,0.69,202.0,0.72,333.4,0.68,346.25,0.73,352.6,0.67,377.0,0.74,345.8,0.66,413.91,0.75,420.9,0.65,408.41,0.76,416.1,0.28,150.4,0.31,258.0,0.27,48.6,0.32,346.25,0.26,345.8,0.33,389.0,0.25,420.9,0.34,413.91,0.24,416.1,0.35,408.41
2026-01-07 04:18:57.233000+00:00,2026-01-07 04:18:54.568255+00:00,237.233,0.705,0.7,0.71,0.295,0.29,0.3,73.6,2.0,2.0,73.6,0.69,80.0,0.72,288.4,0.68,370.25,0.73,352.6,0.67,401.0,0.74,345.8,0.66,280.91,0.75,425.9,0.65,396.41,0.76,416.1,0.28,288.4,0.31,80.0,0.27,352.6,0.32,370.25,0.26,345.8,0.33,401.0,0.25,425.9,0.34,280.91,0.24,416.1,0.35,396.41
2026-01-07 04:18:58.253000+00:00,2026-01-07 04:18:55.570208+00:00,238.253,0.715,0.71,0.72,0.295,0.29,0.3,33.2,289.32,144.74,105.0,0.7,85.0,0.73,387.6,0.69,170.0,0.74,320.8,0.68,370.25,0.75,450.9,0.67,377.0,0.76,381.1,0.66,279.91,0.77,381.3,0.28,222.92,0.31,145.0,0.27,387.6,0.32,370.25,0.26,320.8,0.33,377.0,0.25,450.9,0.34,314.91,0.24,416.1,0.35,411.41
2026-01-07 04:18:59.232000+00:00,2026-01-07 04:18:56.577278+00:00,239.232,0.705,0.7,0.71,0.295,0.29,0.3,35.0,137.74,137.74,23.6,0.69,150.0,0.72,192.92,0.68,370.25,0.73,387.6,0.67,387.0,0.74,320.8,0.66,307.91,0.75,445.9,0.65,396.41,0.76,416.1,0.28,204.92,0.31,150.0,0.27,387.6,0.32,370.25,0.26,320.8,0.33,399.0,0.25,445.9,0.34,307.91,0.24,416.1,0.35,396.41
2026-01-07 04:19:00.189000+00:00,2026-01-07 04:18:57.581859+00:00,240.189,0.705,0.7,0.71,0.295,0.29,0.3,66.66,102.04,102.04,55.26,0.69,157.0,0.72,281.92,0.68,345.25,0.73,638.6,0.67,416.0,0.74,511.8,0.66,278.91,0.75,415.9,0.65,421.41,0.76,381.1,0.28,281.92,0.31,157.0,0.27,638.6,0.32,345.25,0.26,511.8,0.33,416.0,0.25,415.9,0.34,278.91,0.24,381.1,0.35,421.41
2026-01-07 04:19:01.272000+00:00,2026-01-07 04:18:58.602039+00:00,241.272,0.665,0.66,0.67,0.335,0.33,0.34,6.68,217.0,516.74,6.68,0.64,114.85,0.68,133.0,0.63,52.0,0.69,268.0,0.62,366.0,0.7,803.37,0.61,432.0,0.71,508.6,0.6,451.0,0.72,428.92,0.32,376.0,0.36,5.0,0.31,278.0,0.37,92.0,0.3,508.0,0.38,113.0,0.29,493.6,0.39,337.0,0.28,514.92,0.4,617.0
2026-01-07 04:19:02.258000+00:00,2026-01-07 04:18:59.608192+00:00,242.258,0.625,0.62,0.63,0.375,0.37,0.38,115.85,45.0,30.0,115.85,0.61,179.0,0.64,213.0,0.6,103.0,0.65,440.4,0.59,287.86,0.66,371.32,0.58,179.48,0.67,774.0,0.57,435.0,0.68,349.0,0.36,237.0,0.39,179.0,0.35,452.4,0.4,115.0,0.34,371.32,0.41,287.86,0.33,774.0,0.42,191.48,0.32,349.0,0.43,435.0
2026-01-07 04:19:03.301000+00:00,2026-01-07 04:19:00.628338+00:00,243.301,0.625,0.62,0.63,0.375,0.37,0.38,27.35,470.0,667.0,27.35,0.6,183.0,0.64,298.0,0.59,197.86,0.65,384.0,0.58,225.48,0.66,332.32,0.57,335.0,0.67,519.0,0.56,415.0,0.68,364.0,0.36,298.0,0.4,183.0,0.35,384.0,0.41,227.86,0.34,406.32,0.42,225.48,0.33,429.0,0.43,370.0,0.32,370.0,0.44,362.0
2026-01-07 04:19:04.243000+00:00,2026-01-07 04:19:01.650321+00:00,244.243,0.595,0.59,0.6,0.405,0.4,0.41,41.52,306.0,306.0,41.52,0.58,35.0,0.61,351.18,0.57,61.0,0.62,451.92,0.56,401.0,0.63,633.0,0.55,368.0,0.64,349.0,0.54,421.0,0.65,349.0,0.39,472.18,0.42,30.0,0.38,451.92,0.43,61.0,0.37,623.0,0.44,406.0,0.36,359.0,0.45,368.0,0.35,349.0,0.46,433.0
2026-01-07 04:19:05.265000+00:00,2026-01-07 04:19:02.642709+00:00,245.265,0.575,0.57,0.58,0.425,0.42,0.43,41.0,276.92,276.92,41.0,0.56,45.0,0.59,261.9,0.55,183.0,0.6,504.0,0.54,509.0,0.61,384.0,0.53,311.0,0.62,366.92,0.52,364.0,0.63,419.0,0.41,261.9,0.44,45.0,0.4,504.0,0.45,151.0,0.39,384.0,0.46,388.0,0.38,366.92,0.47,323.0,0.37,419.0,0.48,364.0
2026-01-07 04:19:06.320000+00:00,2026-01-07 04:19:03.649717+00:00,246.32,0.565,0.56,0.57,0.435,0.43,0.44,50.0,35.0,73.0,45.0,0.55,163.0,0.58,212.61,0.54,614.0,0.59,250.9,0.53,408.0,0.6,383.0,0.52,364.0,0.61,419.0,0.51,409.0,0.62,366.92,0.42,197.61,0.45,168.0,0.41,250.9,0.46,560.0,0.4,383.0,0.47,437.0,0.39,419.0,0.48,364.0,0.38,366.92,0.49,409.0
2026-01-07 04:19:07.063000+00:00,2026-01-07 04:19:04.640342+00:00,247.063,0.565,0.56,0.57,0.445,0.44,0.45,45.0,140.0,5.0,135.0,0.55,107.0,0.58,368.61,0.54,207.0,0.59,258.9,0.53,486.0,0.6,554.0,0.52,363.0,0.61,643.0,0.51,409.0,0.62,372.42,0.43,221.0,0.46,183.0,0.42,258.61,0.47,409.0,0.41,216.9,0.48,379.0,0.4,509.0,0.49,409.0,0.39,643.0,0.5,322.72
2026-01-07 04:19:08.260000+00:00,2026-01-07 04:19:05.663241+00:00,248.26,0.535,0.53,0.54,0.46499999999999997,0.46,0.47,164.0,172.0,228.0,225.0,0.52,91.0,0.55,193.0,0.51,265.0,0.56,360.0,0.5,105.0,0.57,431.0,0.49,394.0,0.58,529.69,0.48,409.0,0.59,372.9,0.45,193.0,0.48,339.0,0.44,360.0,0.49,503.0,0.43,431.0,0.5,363.0,0.42,529.69,0.51,379.0,0.41,372.9,0.52,409.0
2026-01-07 04:19:09.334000+00:00,2026-01-07 04:19:06.665466+00:00,249.334,0.535,0.53,0.54,0.46499999999999997,0.46,0.47,316.0,106.0,138.0,316.0,0.52,336.0,0.55,63.0,0.51,661.0,0.56,259.0,0.5,448.0,0.57,250.0,0.49,391.0,0.58,408.69,0.48,409.0,0.59,257.3,0.45,298.0,0.48,336.0,0.44,323.0,0.49,610.0,0.43,256.0,0.5,486.0,0.42,499.69,0.51,403.0,0.41,257.3,0.52,409.0
2026-01-07 04:19:10.271000+00:00,2026-01-07 04:19:07.672578+00:00,250.271,0.535,0.53,0.54,0.46499999999999997,0.46,0.47,43.0,149.0,149.0,32.74,0.52,20.0,0.55,359.0,0.51,447.0,0.56,360.0,0.5,300.0,0.57,346.0,0.49,403.0,0.58,409.69,0.48,421.0,0.59,257.3,0.45,359.0,0.48,20.0,0.44,360.0,0.49,447.0,0.43,346.0,0.5,300.0,0.42,409.69,0.51,403.0,0.41,257.3,0.52,421.0
2026-01-07 04:19:11.334000+00:00,2026-01-07 04:19:08.679803+00:00,251.334,0.535,0.53,0.54,0.46499999999999997,0.46,0.47,364.0,96.0,94.14,411.74,0.52,364.0,0.55,268.0,0.51,561.0,0.56,288.0,0.5,419.0,0.57,332.0,0.49,379.0,0.58,759.69,0.48,424.0,0.59,287.28,0.45,268.0,0.48,376.0,0.44,288.0,0.49,561.0,0.43,344.0,0.5,394.0,0.42,771.69,0.51,369.0,0.41,287.28,0.52,424.0
2026-01-07 04:19:12.305000+00:00,2026-01-07 04:19:09.687504+00:00,252.305,0.545,0.54,0.55,0.455,0.45,0.46,337.0,70.0,70.0,326.52,0.53,610.0,0.57,75.0,0.52,436.0,0.58,510.69,0.51,434.0,0.59,309.9,0.5,424.0,0.6,520.0,0.49,399.0,0.61,409.5,0.43,75.0,0.47,610.0,0.42,327.69,0.48,436.0,0.41,339.9,0.49,434.0,0.4,369.0,0.5,424.0,0.39,409.5,0.51,384.0
2026-01-07 04:19:13.339000+00:00,2026-01-07 04:19:10.692363+00:00,253.339,0.545,0.54,0.55,0.455,0.45,0.46,309.52,70.0,70.0,309.52,0.53,581.0,0.56,10.0,0.52,472.0,0.58,363.69,0.51,421.0,0.59,339.9,0.5,419.0,0.6,333.0,0.49,384.0,0.61,409.5,0.44,10.0,0.47,581.0,0.43,12.0,0.48,472.0,0.42,363.69,0.49,421.0,0.41,327.9,0.5,419.0,0.4,333.0,0.51,384.0
2026-01-07 04:19:14.329000+00:00,2026-01-07 04:19:11.699839+00:00,254.329,0.545,0.54,0.55,0.455,0.45,0.46,282.15,144.0,144.0,282.15,0.53,504.0,0.56,134.98,0.52,476.0,0.57,90.0,0.51,421.0,0.58,275.69,0.5,419.0,0.59,261.9,0.49,420.0,0.6,333.0,0.44,134.98,0.47,504.0,0.43,90.0,0.48,476.0,0.42,397.69,0.49,421.0,0.41,261.9,0.5,419.0,0.4,333.0,0.51,420.0
2026-01-07 04:19:15.382000+00:00,2026-01-07 04:19:12.708397+00:00,255.382,0.535,0.53,0.54,0.46499999999999997,0.46,0.47,65.0,253.14,253.14,65.0,0.52,25.0,0.55,485.0,0.51,380.0,0.56,474.0,0.5,217.0,0.57,474.0,0.49,455.0,0.58,459.69,0.48,386.0,0.59,372.9,0.45,490.0,0.48,25.0,0.44,474.0,0.49,380.0,0.43,474.0,0.5,217.0,0.42,459.69,0.51,455.0,0.41,372.9,0.52,386.0
2026-01-07 04:19:16.357000+00:00,2026-01-07 04:19:13.727407+00:00,256.357,0.53,0.52,0.54,0.475,0.47,0.48,60.0,402.0,225.0,60.0,0.51,63.0,0.55,444.98,0.5,114.0,0.56,466.0,0.49,628.0,0.57,434.0,0.48,374.0,0.58,409.69,0.47,374.0,0.59,372.9,0.46,303.0,0.49,80.0,0.45,438.0,0.5,150.0,0.44,469.0,0.51,628.0,0.43,419.0,0.52,433.0,0.42,409.69,0.53,433.0
2026-01-07 04:19:17.419000+00:00,2026-01-07 04:19:14.752484+00:00,257.419,0.505,0.5,0.51,0.495,0.49,0.5,50.0,182.0,355.0,50.0,0.49,80.0,0.52,338.0,0.48,221.0,0.53,328.0,0.47,339.0,0.54,348.0,0.46,420.91,0.55,298.0,0.45,488.31,0.56,648.0,0.48,318.0,0.51,80.0,0.47,418.0,0.52,221.0,0.46,348.0,0.53,339.0,0.45,298.0,0.54,432.91,0.44,648.0,0.55,500.31
2026-01-07 04:19:18.376000+00:00,2026-01-07 04:19:15.755347+00:00,258.376,0.495,0.49,0.5,0.505,0.5,0.51,129.0,235.0,220.0,129.0,0.48,221.0,0.51,340.0,0.47,339.0,0.52,303.0,0.46,465.51,0.53,413.0,0.45,536.31,0.54,469.0,0.44,421.0,0.55,419.0,0.49,340.0,0.52,221.0,0.48,273.0,0.53,339.0,0.47,443.0,0.54,465.51,0.46,469.0,0.55,536.31,0.45,419.0,0.56,433.0
2026-01-07 04:19:19.155000+00:00,2026-01-07 04:19:16.779911+00:00,259.155,0.495,0.49,0.5,0.505,0.5,0.51,118.78,138.0,138.0,116.81,0.48,170.0,0.51,412.0,0.47,117.0,0.52,285.0,0.46,318.51,0.53,443.0,0.45,524.31,0.54,469.0,0.44,397.0,0.55,419.0,0.49,412.0,0.52,413.0,0.48,285.0,0.53,360.0,0.47,443.0,0.54,440.51,0.46,469.0,0.55,524.31,0.45,419.0,0.56,397.0
2026-01-07 04:19:20.446000+00:00,2026-01-07 04:19:17.784889+00:00,260.446,0.495,0.49,0.5,0.505,0.5,0.51,94.0,167.0,167.0,94.0,0.48,499.0,0.51,374.0,0.47,644.0,0.52,316.0,0.46,477.51,0.53,438.0,0.45,524.31,0.54,469.0,0.44,432.0,0.55,419.0,0.49,374.0,0.52,499.0,0.48,316.0,0.53,644.0,0.47,438.0,0.54,477.51,0.46,469.0,0.55,524.31,0.45,419.0,0.56,432.0
2026-01-07 04:19:21.421000+00:00,2026-01-07 04:19:18.808428+00:00,261.421,0.495,0.49,0.5,0.505,0.5,0.51,99.0,364.0,369.0,99.0,0.48,110.0,0.51,481.0,0.47,341.0,0.52,455.0,0.46,263.51,0.53,348.0,0.45,548.31,0.54,454.0,0.44,397.0,0.55,643.0,0.49,481.0,0.52,110.0,0.48,455.0,0.53,341.0,0.47,348.0,0.54,263.51,0.46,454.0,0.55,548.31,0.45,643.0,0.56,397.0
2026-01-07 04:19:22.489000+00:00,2026-01-07 04:19:19.814838+00:00,262.489,0.485,0.48,0.49,0.515,0.51,0.52,70.0,417.0,347.0,70.0,0.47,324.0,0.5,296.97,0.46,489.51,0.51,503.0,0.45,428.31,0.52,559.0,0.44,421.0,0.53,419.0,0.43,398.0,0.54,419.0,0.5,267.0,0.53,324.0,0.49,503.0,0.54,399.51,0.48,559.0,0.55,383.31,0.47,419.0,0.56,372.0,0.46,451.6,0.57,409.0
2026-01-07 04:19:23.429000+00:00,2026-01-07 04:19:20.821918+00:00,263.429,0.455,0.45,0.46,0.545,0.54,0.55,79.31,294.19,217.27,94.31,0.44,68.0,0.47,345.0,0.43,224.0,0.48,420.0,0.42,372.0,0.49,348.0,0.41,404.0,0.5,514.0,0.4,409.0,0.51,419.0,0.53,277.0,0.56,68.0,0.52,420.0,0.57,91.0,0.51,348.0,0.58,506.0,0.5,738.0,0.59,221.0,0.49,419.0,0.6,339.0
2026-01-07 04:19:24.493000+00:00,2026-01-07 04:19:21.826472+00:00,264.493,0.445,0.44,0.45,0.555,0.55,0.56,68.0,108.69,108.69,68.0,0.43,91.0,0.46,190.0,0.42,567.0,0.47,277.0,0.41,209.0,0.48,420.0,0.4,339.0,0.49,348.0,0.39,409.0,0.5,537.0,0.54,190.0,0.57,91.0,0.53,277.0,0.58,591.0,0.52,420.0,0.59,197.0,0.51,348.0,0.6,339.0,0.5,537.0,0.61,409.0
2026-01-07 04:19:25.502000+00:00,2026-01-07 04:19:22.830974+00:00,265.502,0.445,0.44,0.45,0.555,0.55,0.56,68.0,133.69,93.69,68.0,0.43,47.0,0.46,238.0,0.42,610.0,0.47,229.0,0.41,197.0,0.48,408.0,0.4,351.0,0.49,348.0,0.39,409.0,0.5,537.0,0.54,250.0,0.57,91.0,0.53,229.0,0.58,567.0,0.52,408.0,0.59,197.0,0.51,348.0,0.6,363.0,0.5,537.0,0.61,409.0
2026-01-07 04:19:26.527000+00:00,2026-01-07 04:19:23.854364+00:00,266.527,0.445,0.44,0.45,0.555,0.55,0.56,66.21,5.0,5.0,66.21,0.43,47.0,0.46,277.0,0.42,598.0,0.47,247.0,0.41,209.0,0.48,378.0,0.4,363.0,0.49,348.0,0.39,409.0,0.5,537.0,0.54,277.0,0.57,47.0,0.53,247.0,0.58,598.0,0.52,378.0,0.59,209.0,0.51,348.0,0.6,363.0,0.5,537.0,0.61,409.0
2026-01-07 04:19:27.451000+00:00,2026-01-07 04:19:24.858659+00:00,267.451,0.445,0.44,0.45,0.555,0.55,0.56,66.21,123.0,123.0,66.21,0.43,35.0,0.46,329.0,0.42,673.0,0.47,305.0,0.41,279.0,0.48,378.0,0.4,433.0,0.49,348.0,0.39,409.0,0.5,537.0,0.54,329.0,0.57,55.0,0.53,305.0,0.58,673.0,0.52,378.0,0.59,279.0,0.51,348.0,0.6,445.0,0.5,537.0,0.61,409.0
2026-01-07 04:19:28.445000+00:00,2026-01-07 04:19:25.863460+00:00,268.445,0.445,0.44,0.45,0.5700000000000001,0.56,0.58,19.03,357.0,272.97,305.0,0.43,30.0,0.46,465.0,0.42,315.0,0.47,288.0,0.41,443.0,0.48,288.0,0.4,523.0,0.49,434.0,0.39,469.0,0.5,419.0,0.55,247.0,0.59,433.0,0.54,455.0,0.6,488.0,0.53,288.0,0.61,469.0,0.52,374.0,0.62,409.0,0.51,643.0,0.63,374.0
2026-01-07 04:19:29.513000+00:00,2026-01-07 04:19:26.854373+00:00,269.513,0.43,0.42,0.44,0.5700000000000001,0.56,0.58,324.0,469.02,469.02,324.0,0.41,57.0,0.45,188.0,0.4,328.0,0.46,490.0,0.39,457.0,0.47,288.0,0.38,445.0,0.48,374.0,0.37,374.0,0.49,643.0,0.55,188.0,0.59,57.0,0.54,490.0,0.6,328.0,0.53,288.0,0.61,457.0,0.52,374.0,0.62,445.0,0.51,643.0,0.63,374.0
2026-01-07 04:19:30.494000+00:00,2026-01-07 04:19:27.860881+00:00,270.494,0.425,0.42,0.43,0.575,0.57,0.58,20.0,395.99,456.99,20.0,0.41,92.0,0.44,330.94,0.4,156.0,0.45,180.0,0.39,326.0,0.46,448.0,0.38,457.0,0.47,359.0,0.37,445.0,0.48,374.0,0.56,420.94,0.59,92.0,0.55,180.0,0.6,156.0,0.54,358.0,0.61,416.0,0.53,359.0,0.62,457.0,0.52,374.0,0.63,445.0
2026-01-07 04:19:31.394000+00:00,2026-01-07 04:19:28.865959+00:00,271.394,0.415,0.41,0.42,0.585,0.58,0.59,92.0,101.0,101.0,92.0,0.4,156.0,0.43,406.99,0.39,416.0,0.44,445.94,0.38,457.0,0.45,180.0,0.37,445.0,0.46,323.0,0.36,433.18,0.47,238.0,0.57,406.99,0.6,156.0,0.56,445.94,0.61,416.0,0.55,180.0,0.62,445.0,0.54,323.0,0.63,445.0,0.53,238.0,0.64,433.18
2026-01-07 04:19:32.385000+00:00,2026-01-07 04:19:29.886521+00:00,272.385,0.415,0.41,0.42,0.585,0.58,0.59,90.3,66.0,66.0,90.3,0.4,168.0,0.43,489.99,0.39,416.0,0.44,446.97,0.38,462.0,0.45,210.0,0.37,433.0,0.46,358.0,0.36,433.18,0.47,238.0,0.57,489.99,0.6,168.0,0.56,446.97,0.61,416.0,0.55,210.0,0.62,462.0,0.54,358.0,0.63,433.0,0.53,238.0,0.64,433.18
2026-01-07 04:19:33.524000+00:00,2026-01-07 04:19:30.893882+00:00,273.524,0.415,0.41,0.42,0.585,0.58,0.59,88.13,136.0,134.4,123.13,0.4,121.0,0.43,454.99,0.39,642.0,0.44,436.97,0.38,450.0,0.45,175.0,0.37,410.0,0.46,358.0,0.36,398.18,0.47,238.0,0.57,454.99,0.6,131.0,0.56,471.97,0.61,677.0,0.55,185.0,0.62,450.0,0.54,358.0,0.63,445.0,0.53,273.0,0.64,398.18
2026-01-07 04:19:34.579000+00:00,2026-01-07 04:19:31.915799+00:00,274.579,0.415,0.41,0.42,0.585,0.58,0.59,123.13,154.4,139.4,123.13,0.4,131.0,0.43,489.99,0.39,747.0,0.44,476.97,0.38,450.0,0.45,180.0,0.37,445.0,0.46,358.0,0.36,398.18,0.47,238.0,0.57,489.99,0.6,131.0,0.56,446.97,0.61,747.0,0.55,210.0,0.62,438.0,0.54,358.0,0.63,445.0,0.53,238.0,0.64,398.18
2026-01-07 04:19:35.551000+00:00,2026-01-07 04:19:32.922950+00:00,275.551,0.415,0.41,0.42,0.585,0.58,0.59,123.13,75.0,73.1,123.13,0.4,131.0,0.43,271.99,0.39,767.0,0.44,471.97,0.38,438.0,0.45,368.0,0.37,457.0,0.46,358.0,0.36,398.18,0.47,273.0,0.57,271.99,0.6,131.0,0.56,471.97,0.61,767.0,0.55,368.0,0.62,438.0,0.54,358.0,0.63,457.0,0.53,273.0,0.64,398.18
2026-01-07 04:19:36.606000+00:00,2026-01-07 04:19:33.943444+00:00,276.606,0.415,0.41,0.42,0.585,0.58,0.59,123.13,71.2,71.2,123.13,0.4,136.0,0.43,306.99,0.39,767.0,0.44,446.97,0.38,433.0,0.45,393.0,0.37,457.0,0.46,358.0,0.36,398.18,0.47,238.0,0.57,306.99,0.6,136.0,0.56,446.97,0.61,767.0,0.55,393.0,0.62,433.0,0.54,358.0,0.63,457.0,0.53,238.0,0.64,398.18
2026-01-07 04:19:37.516000+00:00,2026-01-07 04:19:34.949630+00:00,277.516,0.415,0.41,0.42,0.585,0.58,0.59,81.13,5.0,75.0,81.13,0.4,131.0,0.43,306.99,0.39,808.0,0.44,446.97,0.38,450.0,0.45,393.0,0.37,445.0,0.46,358.0,0.36,398.18,0.47,238.0,0.57,306.99,0.6,131.0,0.56,446.97,0.61,808.0,0.55,393.0,0.62,450.0,0.54,358.0,0.63,445.0,0.53,238.0,0.64,398.18
2026-01-07 04:19:38.284000+00:00,2026-01-07 04:19:35.955458+00:00,278.284,0.415,0.41,0.42,0.585,0.58,0.59,86.13,74.5,74.5,86.13,0.4,131.0,0.43,306.99,0.39,808.0,0.44,446.97,0.38,445.0,0.45,393.0,0.37,445.0,0.46,358.0,0.36,398.18,0.47,238.0,0.57,306.99,0.6,131.0,0.56,446.97,0.61,808.0,0.55,393.0,0.62,445.0,0.54,358.0,0.63,445.0,0.53,238.0,0.64,398.18
2026-01-07 04:19:39.632000+00:00,2026-01-07 04:19:36.980511+00:00,279.632,0.415,0.41,0.42,0.585,0.58,0.59,81.45,70.0,70.0,81.45,0.4,131.0,0.43,276.99,0.39,808.0,0.44,486.97,0.38,445.0,0.45,353.0,0.37,445.0,0.46,358.0,0.36,398.18,0.47,273.0,0.57,276.99,0.6,131.0,0.56,396.97,0.61,808.0,0.55,353.0,0.62,445.0,0.54,358.0,0.63,445.0,0.53,273.0,0.64,398.18
2026-01-07 04:19:40.654000+00:00,2026-01-07 04:19:37.987790+00:00,280.654,0.415,0.41,0.42,0.585,0.58,0.59,171.45,75.0,75.0,337.45,0.4,131.0,0.43,142.0,0.39,718.0,0.44,431.97,0.38,445.0,0.45,353.0,0.37,445.0,0.46,358.0,0.36,398.18,0.47,363.0,0.57,70.0,0.6,389.0,0.56,479.97,0.61,465.0,0.55,372.0,0.62,445.0,0.54,362.97,0.63,409.0,0.53,273.0,0.64,398.18
2026-01-07 04:19:41.660000+00:00,2026-01-07 04:19:39.009762+00:00,281.66,0.445,0.44,0.45,0.545,0.54,0.55,77.0,5.0,10.0,427.07,0.43,414.0,0.46,10.0,0.42,172.0,0.47,135.0,0.41,555.45,0.48,60.0,0.4,489.0,0.49,343.0,0.39,429.0,0.5,357.0,0.53,140.0,0.56,278.0,0.52,60.0,0.57,739.0,0.51,355.0,0.58,334.0,0.5,393.0,0.59,544.0,0.49,305.0,0.6,374.0
2026-01-07 04:19:42.521000+00:00,2026-01-07 04:19:40.013310+00:00,282.521,0.46499999999999997,0.46,0.47,0.535,0.53,0.54,414.0,126.99,126.99,414.0,0.45,426.07,0.48,65.0,0.44,376.0,0.49,297.0,0.43,795.0,0.5,393.0,0.42,369.0,0.51,305.0,0.41,404.0,0.52,529.0,0.52,187.0,0.55,414.07,0.51,309.0,0.56,364.0,0.5,345.0,0.57,807.0,0.49,293.0,0.58,369.0,0.48,529.0,0.59,404.0
2026-01-07 04:19:43.621000+00:00,2026-01-07 04:19:41.020794+00:00,283.621,0.46499999999999997,0.46,0.47,0.535,0.53,0.54,125.0,131.99,131.99,125.0,0.45,253.07,0.48,243.0,0.44,315.0,0.49,345.0,0.43,791.0,0.5,357.0,0.42,369.0,0.51,293.0,0.41,404.0,0.52,529.0,0.52,60.0,0.55,248.07,0.51,345.0,0.56,376.0,0.5,357.0,0.57,791.0,0.49,293.0,0.58,369.0,0.48,529.0,0.59,404.0
2026-01-07 04:19:44.600000+00:00,2026-01-07 04:19:42.034073+00:00,284.6,0.46499999999999997,0.46,0.47,0.535,0.53,0.54,129.81,141.99,141.99,124.81,0.45,248.07,0.48,108.0,0.44,364.0,0.49,309.0,0.43,802.0,0.5,333.0,0.42,369.0,0.51,293.0,0.41,404.0,0.52,529.0,0.52,178.0,0.55,253.07,0.51,391.0,0.56,364.0,0.5,333.0,0.57,802.0,0.49,293.0,0.58,369.0,0.48,529.0,0.59,404.0
2026-01-07 04:19:45.666000+00:00,2026-01-07 04:19:43.041103+00:00,285.666,0.46499999999999997,0.46,0.47,0.535,0.53,0.54,184.81,51.99,51.99,254.81,0.45,233.07,0.48,212.99,0.44,364.0,0.49,426.0,0.43,578.0,0.5,308.0,0.42,369.0,0.51,318.0,0.41,404.0,0.52,753.0,0.52,212.99,0.55,303.07,0.51,426.0,0.56,434.0,0.5,308.0,0.57,579.0,0.49,318.0,0.58,369.0,0.48,753.0,0.59,404.0
2026-01-07 04:19:46.711000+00:00,2026-01-07 04:19:44.045509+00:00,286.711,0.445,0.44,0.45,0.555,0.55,0.56,105.0,83.0,217.46,105.0,0.43,285.04,0.46,226.0,0.42,379.0,0.47,429.99,0.41,324.99,0.48,534.0,0.4,445.0,0.49,454.0,0.39,422.0,0.5,454.0,0.54,306.0,0.57,285.04,0.53,344.99,0.58,374.0,0.52,544.0,0.59,329.99,0.51,429.0,0.6,445.0,0.5,454.0,0.61,422.0
2026-01-07 04:19:47.545000+00:00,2026-01-07 04:19:45.050545+00:00,287.545,0.445,0.44,0.45,0.555,0.55,0.56,35.0,312.46,312.46,35.0,0.43,200.04,0.46,391.0,0.42,374.0,0.47,356.99,0.41,336.99,0.48,544.0,0.4,465.0,0.49,429.0,0.39,398.0,0.5,454.0,0.54,391.0,0.57,200.04,0.53,356.99,0.58,374.0,0.52,544.0,0.59,336.99,0.51,429.0,0.6,465.0,0.5,454.0,0.61,398.0
2026-01-07 04:19:48.706000+00:00,2026-01-07 04:19:46.074027+00:00,288.706,0.445,0.44,0.45,0.555,0.55,0.56,35.0,312.46,312.46,35.0,0.43,200.04,0.46,391.0,0.42,359.0,0.47,356.99,0.41,236.99,0.48,544.0,0.4,407.0,0.49,429.0,0.39,374.0,0.5,454.0,0.54,391.0,0.57,200.04,0.53,356.99,0.58,359.0,0.52,549.0,0.59,236.99,0.51,429.0,0.6,407.0,0.5,454.0,0.61,374.0
2026-01-07 04:19:49.525000+00:00,2026-01-07 04:19:47.081116+00:00,289.525,0.445,0.44,0.45,0.555,0.55,0.56,35.0,286.23,272.53,35.0,0.43,200.04,0.46,403.0,0.42,371.0,0.47,403.99,0.41,248.99,0.48,519.0,0.4,383.0,0.49,454.0,0.39,374.0,0.5,454.0,0.54,403.0,0.57,200.04,0.53,403.99,0.58,371.0,0.52,519.0,0.59,248.99,0.51,454.0,0.6,383.0,0.5,454.0,0.61,374.0
2026-01-07 04:19:50.454000+00:00,2026-01-07 04:19:48.084846+00:00,290.454,0.445,0.44,0.45,0.555,0.55,0.56,130.0,265.54,265.54,130.0,0.43,117.04,0.46,325.0,0.42,2371.0,0.47,481.99,0.41,260.99,0.48,441.0,0.4,359.0,0.49,544.0,0.39,374.0,0.5,678.0,0.54,325.0,0.57,117.04,0.53,481.99,0.58,2371.0,0.52,441.0,0.59,260.99,0.51,544.0,0.6,359.0,0.5,678.0,0.61,374.0
2026-01-07 04:19:51.758000+00:00,2026-01-07 04:19:49.087203+00:00,291.758,0.445,0.44,0.45,0.555,0.55,0.56,135.0,265.54,157.54,135.0,0.43,238.04,0.46,349.0,0.42,2614.0,0.47,457.99,0.41,382.99,0.48,308.0,0.4,359.0,0.49,544.0,0.39,374.0,0.5,678.0,0.54,166.0,0.57,238.04,0.53,457.99,0.58,2675.0,0.52,308.0,0.59,443.99,0.51,423.0,0.6,359.0,0.5,557.0,0.61,374.0
2026-01-07 04:19:52.780000+00:00,2026-01-07 04:19:50.092111+00:00,292.78,0.445,0.44,0.45,0.555,0.55,0.56,291.0,70.0,70.0,291.0,0.43,284.04,0.46,175.0,0.42,2620.0,0.47,379.99,0.41,383.99,0.48,386.0,0.4,359.0,0.49,381.0,0.39,374.0,0.5,557.0,0.54,175.0,0.57,284.04,0.53,379.99,0.58,2620.0,0.52,386.0,0.59,383.99,0.51,381.0,0.6,359.0,0.5,557.0,0.61,374.0
