timestamp,collected_at,seconds,up_mid,up_best_bid,up_best_ask,down_mid,down_best_bid,down_best_ask,up_best_bid_size,up_best_ask_size,down_best_bid_size,down_best_ask_size,up_bid_2,up_bid_2_size,up_ask_2,up_ask_2_size,up_bid_3,up_bid_3_size,up_ask_3,up_ask_3_size,up_bid_4,up_bid_4_size,up_ask_4,up_ask_4_size,up_bid_5,up_bid_5_size,up_ask_5,up_ask_5_size,up_bid_6,up_bid_6_size,up_ask_6,up_ask_6_size,down_bid_2,down_bid_2_size,down_ask_2,down_ask_2_size,down_bid_3,down_bid_3_size,down_ask_3,down_ask_3_size,down_bid_4,down_bid_4_size,down_ask_4,down_ask_4_size,down_bid_5,down_bid_5_size,down_ask_5,down_ask_5_size,down_bid_6,down_bid_6_size,down_ask_6,down_ask_6_size
2026-01-07 07:30:00.127000+00:00,2026-01-07 07:29:57.603660+00:00,0.127,0.99,0.99,,0.01,,0.01,8500.57,,,8500.57,0.98,341.75,,,0.97,160.66,,,0.96,70.15,,,0.95,203.39,,,0.94,368.68,,,,,0.02,341.75,,,0.03,160.66,,,0.04,70.15,,,0.05,203.39,,,0.06,368.68
2026-01-07 07:30:01.225000+00:00,2026-01-07 07:29:59.614256+00:00,1.225,0.99,0.99,,0.01,,0.01,211519.18,,,211519.18,0.98,341.75,,,0.97,160.66,,,0.96,70.15,,,0.95,203.39,,,0.94,368.68,,,,,0.02,341.75,,,0.03,160.66,,,0.04,70.15,,,0.05,203.39,,,0.06,368.68
2026-01-07 07:30:03.081000+00:00,2026-01-07 07:30:00.619552+00:00,3.081,0.475,0.47,0.48,0.525,0.52,0.53,131.9,735.05,735.05,131.9,0.46,299.0,0.49,472.0,0.45,331.43,0.5,642.03,0.44,304.0,0.51,682.27,0.43,304.0,0.52,19.0,0.42,121.0,0.53,61.0,0.51,472.0,0.54,299.0,0.5,642.03,0.55,331.43,0.49,682.27,0.56,304.0,0.48,19.0,0.57,304.0,0.47,61.0,0.58,121.0
2026-01-07 07:30:04.137000+00:00,2026-01-07 07:30:01.634539+00:00,4.137,0.475,0.47,0.48,0.525,0.52,0.53,49.0,770.05,770.05,49.0,0.46,263.27,0.49,472.0,0.45,304.0,0.5,672.03,0.44,304.0,0.51,697.27,0.43,304.0,0.52,19.0,0.42,121.0,0.53,61.0,0.51,487.0,0.54,263.27,0.5,687.03,0.55,304.0,0.49,712.27,0.56,304.0,0.48,19.0,0.57,304.0,0.47,61.0,0.58,181.0
2026-01-07 07:30:05.189000+00:00,2026-01-07 07:30:02.634535+00:00,5.189,0.475,0.47,0.48,0.525,0.52,0.53,69.0,670.88,670.88,69.0,0.46,263.27,0.49,480.0,0.45,319.0,0.5,707.03,0.44,304.0,0.51,742.27,0.43,304.0,0.52,19.0,0.42,181.0,0.53,61.0,0.51,480.0,0.54,263.27,0.5,707.03,0.55,319.0,0.49,742.27,0.56,304.0,0.48,19.0,0.57,304.0,0.47,61.0,0.58,181.0
2026-01-07 07:30:06.141000+00:00,2026-01-07 07:30:03.642084+00:00,6.141,0.475,0.47,0.48,0.525,0.52,0.53,60.75,670.88,670.88,60.75,0.46,263.27,0.49,495.0,0.45,319.0,0.5,712.03,0.44,304.0,0.51,742.27,0.43,304.0,0.52,19.0,0.42,181.0,0.53,61.0,0.51,495.0,0.54,298.27,0.5,712.03,0.55,319.0,0.49,742.27,0.56,339.0,0.48,19.0,0.57,304.0,0.47,61.0,0.58,181.0
2026-01-07 07:30:07.191000+00:00,2026-01-07 07:30:04.648192+00:00,7.191,0.475,0.47,0.48,0.525,0.52,0.53,83.75,645.88,645.88,83.75,0.46,298.27,0.49,495.0,0.45,314.0,0.5,727.03,0.44,339.0,0.51,752.27,0.43,397.0,0.52,19.0,0.42,156.0,0.53,61.0,0.51,495.0,0.54,298.27,0.5,727.03,0.55,314.0,0.49,752.27,0.56,339.0,0.48,19.0,0.57,397.0,0.47,61.0,0.58,156.0
2026-01-07 07:30:08.193000+00:00,2026-01-07 07:30:05.640965+00:00,8.193,0.485,0.48,0.49,0.515,0.51,0.52,51.06,347.74,352.74,96.06,0.47,289.75,0.5,847.03,0.46,328.27,0.51,692.27,0.45,409.0,0.52,24.0,0.44,466.0,0.53,150.0,0.43,374.0,0.54,313.0,0.5,847.03,0.53,204.75,0.49,692.27,0.54,363.27,0.48,34.0,0.55,409.0,0.47,150.0,0.56,466.0,0.46,313.0,0.57,374.0
2026-01-07 07:30:09.157000+00:00,2026-01-07 07:30:06.648456+00:00,9.157,0.495,0.49,0.5,0.505,0.5,0.51,75.0,847.03,847.03,75.0,0.48,54.13,0.51,692.27,0.47,174.75,0.52,99.0,0.46,417.27,0.53,130.0,0.45,409.0,0.54,298.0,0.44,374.0,0.55,328.0,0.49,692.27,0.52,54.13,0.48,99.0,0.53,174.75,0.47,130.0,0.54,416.27,0.46,298.0,0.55,409.0,0.45,328.0,0.56,374.0
2026-01-07 07:30:10.986000+00:00,2026-01-07 07:30:08.652193+00:00,10.986,0.495,0.49,0.5,0.505,0.5,0.51,90.0,868.03,868.03,80.0,0.48,79.13,0.51,517.27,0.47,293.75,0.52,149.0,0.46,428.27,0.53,130.0,0.45,409.0,0.54,115.0,0.44,374.0,0.55,328.0,0.49,517.27,0.52,79.13,0.48,149.0,0.53,293.75,0.47,130.0,0.54,428.27,0.46,115.0,0.55,409.0,0.45,328.0,0.56,374.0
2026-01-07 07:30:12.081000+00:00,2026-01-07 07:30:09.656359+00:00,12.081,0.495,0.49,0.5,0.505,0.5,0.51,95.0,868.03,865.03,95.0,0.48,79.13,0.51,517.27,0.47,363.75,0.52,149.0,0.46,429.27,0.53,130.0,0.45,409.0,0.54,115.0,0.44,374.0,0.55,328.0,0.49,517.27,0.52,79.13,0.48,149.0,0.53,363.75,0.47,130.0,0.54,429.27,0.46,115.0,0.55,409.0,0.45,328.0,0.56,374.0
2026-01-07 07:30:13.973000+00:00,2026-01-07 07:30:11.670442+00:00,13.973,0.495,0.49,0.5,0.505,0.5,0.51,100.0,859.03,859.03,85.0,0.48,79.13,0.51,532.27,0.47,363.75,0.52,134.0,0.46,428.27,0.53,130.0,0.45,409.0,0.54,115.0,0.44,374.0,0.55,328.0,0.49,532.27,0.52,79.13,0.48,134.0,0.53,363.75,0.47,130.0,0.54,428.27,0.46,115.0,0.55,409.0,0.45,328.0,0.56,374.0
2026-01-07 07:30:15.069000+00:00,2026-01-07 07:30:12.677101+00:00,15.069,0.495,0.49,0.5,0.505,0.5,0.51,64.92,807.03,807.03,64.92,0.48,79.13,0.51,553.27,0.47,375.75,0.52,149.0,0.46,416.27,0.53,130.0,0.45,409.0,0.54,115.0,0.44,374.0,0.55,328.0,0.49,541.27,0.52,79.13,0.48,149.0,0.53,375.75,0.47,130.0,0.54,416.27,0.46,115.0,0.55,409.0,0.45,328.0,0.56,374.0
2026-01-07 07:30:16.260000+00:00,2026-01-07 07:30:13.700579+00:00,16.26,0.495,0.49,0.5,0.505,0.5,0.51,5.0,920.03,968.03,5.0,0.48,64.13,0.51,425.27,0.47,294.75,0.52,149.0,0.46,488.27,0.53,115.0,0.45,421.0,0.54,115.0,0.44,374.0,0.55,328.0,0.49,425.27,0.52,64.13,0.48,149.0,0.53,294.75,0.47,115.0,0.54,488.27,0.46,115.0,0.55,433.0,0.45,363.0,0.56,374.0
2026-01-07 07:30:17.214000+00:00,2026-01-07 07:30:14.705496+00:00,17.214,0.495,0.49,0.5,0.505,0.5,0.51,35.0,959.09,959.09,35.0,0.48,64.13,0.51,425.27,0.47,294.75,0.52,149.0,0.46,435.27,0.53,115.0,0.45,489.0,0.54,115.0,0.44,374.0,0.55,333.0,0.49,425.27,0.52,64.13,0.48,149.0,0.53,294.75,0.47,115.0,0.54,435.27,0.46,115.0,0.55,489.0,0.45,333.0,0.56,374.0
2026-01-07 07:30:18.302000+00:00,2026-01-07 07:30:15.696779+00:00,18.302,0.495,0.49,0.5,0.505,0.5,0.51,5.0,765.41,765.41,5.0,0.48,64.13,0.51,497.27,0.47,366.75,0.52,149.0,0.46,387.27,0.53,115.0,0.45,465.0,0.54,150.0,0.44,374.0,0.55,308.0,0.49,497.27,0.52,64.13,0.48,149.0,0.53,366.75,0.47,115.0,0.54,387.27,0.46,150.0,0.55,465.0,0.45,308.0,0.56,374.0
2026-01-07 07:30:19.240000+00:00,2026-01-07 07:30:16.702851+00:00,19.24,0.495,0.49,0.5,0.505,0.5,0.51,5.0,758.05,758.05,5.0,0.48,60.0,0.51,497.27,0.47,245.75,0.52,149.0,0.46,387.27,0.53,298.0,0.45,465.0,0.54,333.0,0.44,374.0,0.55,429.0,0.49,497.27,0.52,60.0,0.48,161.0,0.53,245.75,0.47,298.0,0.54,387.27,0.46,333.0,0.55,465.0,0.45,429.0,0.56,374.0
2026-01-07 07:30:20.194000+00:00,2026-01-07 07:30:17.706566+00:00,20.194,0.495,0.49,0.5,0.505,0.5,0.51,1.07,711.77,711.77,1.07,0.48,70.41,0.51,437.27,0.47,233.75,0.52,161.0,0.46,399.27,0.53,298.0,0.45,465.0,0.54,333.0,0.44,374.0,0.55,429.0,0.49,437.27,0.52,70.41,0.48,161.0,0.53,233.75,0.47,298.0,0.54,399.27,0.46,333.0,0.55,465.0,0.45,429.0,0.56,374.0
2026-01-07 07:30:21.164000+00:00,2026-01-07 07:30:18.725148+00:00,21.164,0.49,0.48,0.5,0.51,0.5,0.52,72.61,711.77,711.77,72.61,0.47,182.75,0.51,452.27,0.46,450.27,0.52,146.0,0.45,465.0,0.53,298.0,0.44,374.0,0.54,333.0,0.43,374.0,0.55,429.0,0.49,452.27,0.53,182.75,0.48,146.0,0.54,450.27,0.47,298.0,0.55,465.0,0.46,333.0,0.56,374.0,0.45,429.0,0.57,374.0
2026-01-07 07:30:22.052000+00:00,2026-01-07 07:30:19.742556+00:00,22.052,0.49,0.48,0.5,0.51,0.5,0.52,84.17,703.21,669.58,80.32,0.47,182.75,0.51,452.27,0.46,426.27,0.52,146.0,0.45,465.0,0.53,298.0,0.44,374.0,0.54,333.0,0.43,374.0,0.55,429.0,0.49,452.27,0.53,182.75,0.48,146.0,0.54,426.27,0.47,298.0,0.55,409.0,0.46,333.0,0.56,374.0,0.45,474.0,0.57,374.0
2026-01-07 07:30:23.280000+00:00,2026-01-07 07:30:20.743844+00:00,23.28,0.485,0.48,0.49,0.515,0.51,0.52,30.0,5.0,5.0,30.0,0.47,35.0,0.5,641.52,0.46,283.42,0.51,452.27,0.45,304.0,0.52,146.0,0.44,361.0,0.53,333.0,0.43,374.0,0.54,308.0,0.5,641.52,0.53,59.0,0.49,452.27,0.54,307.42,0.48,146.0,0.55,304.0,0.47,333.0,0.56,361.0,0.46,308.0,0.57,374.0
2026-01-07 07:30:24.301000+00:00,2026-01-07 07:30:21.746838+00:00,24.301,0.495,0.49,0.5,0.505,0.5,0.51,113.03,552.52,489.52,118.03,0.48,90.51,0.51,648.27,0.47,69.0,0.52,149.0,0.46,292.42,0.53,333.0,0.45,360.0,0.54,308.0,0.44,304.0,0.55,454.0,0.49,612.27,0.52,124.51,0.48,158.0,0.53,42.0,0.47,348.0,0.54,244.42,0.46,308.0,0.55,304.0,0.45,454.0,0.56,304.0
2026-01-07 07:30:25.126000+00:00,2026-01-07 07:30:22.752689+00:00,25.126,0.495,0.49,0.5,0.505,0.5,0.51,360.38,483.6,483.6,360.38,0.48,341.51,0.51,520.27,0.47,381.0,0.52,193.0,0.46,298.42,0.53,237.0,0.45,304.0,0.54,125.0,0.44,304.0,0.55,333.0,0.49,520.27,0.52,341.51,0.48,193.0,0.53,381.0,0.47,237.0,0.54,298.42,0.46,125.0,0.55,304.0,0.45,333.0,0.56,304.0
2026-01-07 07:30:26.315000+00:00,2026-01-07 07:30:23.774761+00:00,26.315,0.495,0.49,0.5,0.505,0.5,0.51,350.38,483.6,473.6,365.38,0.48,341.51,0.51,520.27,0.47,381.0,0.52,193.0,0.46,297.42,0.53,237.0,0.45,304.0,0.54,125.0,0.44,304.0,0.55,333.0,0.49,520.27,0.52,341.51,0.48,193.0,0.53,381.0,0.47,213.0,0.54,244.42,0.46,125.0,0.55,304.0,0.45,333.0,0.56,304.0
2026-01-07 07:30:27.313000+00:00,2026-01-07 07:30:24.793758+00:00,27.313,0.495,0.49,0.5,0.505,0.5,0.51,436.38,473.6,473.6,429.38,0.48,427.11,0.51,380.27,0.47,381.0,0.52,91.0,0.46,244.42,0.53,104.0,0.45,374.0,0.54,60.0,0.44,374.0,0.55,228.0,0.49,380.27,0.52,355.11,0.48,19.0,0.53,369.0,0.46,80.0,0.54,244.42,0.45,45.0,0.55,374.0,0.44,373.0,0.56,374.0
2026-01-07 07:30:28.351000+00:00,2026-01-07 07:30:25.799254+00:00,28.351,0.475,0.47,0.48,0.525,0.52,0.53,334.0,1189.51,1178.87,349.0,0.46,297.42,0.5,230.6,0.45,389.0,0.51,380.27,0.44,409.0,0.52,19.0,0.43,389.0,0.53,12.0,0.42,374.0,0.54,164.0,0.51,24.3,0.54,309.42,0.5,302.6,0.55,319.0,0.49,380.27,0.56,339.0,0.48,19.0,0.57,389.0,0.47,50.0,0.58,374.0
2026-01-07 07:30:29.359000+00:00,2026-01-07 07:30:26.801488+00:00,29.359,0.475,0.47,0.48,0.525,0.52,0.53,348.2,1078.33,1078.33,334.0,0.46,249.42,0.49,84.3,0.45,362.0,0.5,230.6,0.44,316.0,0.51,380.27,0.43,319.0,0.52,99.0,0.42,374.0,0.53,45.0,0.51,84.3,0.54,302.42,0.5,230.6,0.55,362.0,0.49,380.27,0.56,316.0,0.48,99.0,0.57,319.0,0.47,45.0,0.58,374.0
2026-01-07 07:30:30.329000+00:00,2026-01-07 07:30:27.821983+00:00,30.329,0.475,0.47,0.48,0.525,0.52,0.53,344.9,930.77,930.77,344.9,0.46,302.42,0.49,84.3,0.45,362.0,0.5,230.6,0.44,316.0,0.51,380.27,0.43,319.0,0.52,99.0,0.42,374.0,0.53,45.0,0.51,84.3,0.54,302.42,0.5,230.6,0.55,362.0,0.49,380.27,0.56,316.0,0.48,169.0,0.57,319.0,0.47,130.0,0.58,386.0
2026-01-07 07:30:31.345000+00:00,2026-01-07 07:30:28.826479+00:00,31.345,0.475,0.47,0.48,0.525,0.52,0.53,238.9,516.39,511.39,238.9,0.46,302.42,0.49,82.3,0.45,314.0,0.5,320.6,0.44,304.0,0.51,693.27,0.43,379.0,0.52,382.0,0.42,304.0,0.53,308.0,0.51,82.3,0.54,303.42,0.5,320.6,0.55,314.0,0.49,693.27,0.56,304.0,0.48,382.0,0.57,379.0,0.47,308.0,0.58,304.0
2026-01-07 07:30:32.339000+00:00,2026-01-07 07:30:29.831231+00:00,32.339,0.475,0.47,0.48,0.525,0.52,0.53,223.0,361.39,325.39,223.0,0.46,298.42,0.49,36.3,0.45,319.0,0.5,230.6,0.44,328.0,0.51,520.27,0.43,319.0,0.52,169.0,0.42,304.0,0.53,328.0,0.51,36.3,0.54,298.42,0.5,230.6,0.55,355.0,0.49,520.27,0.56,304.0,0.48,169.0,0.57,319.0,0.47,328.0,0.58,304.0
2026-01-07 07:30:33.398000+00:00,2026-01-07 07:30:30.838575+00:00,33.398,0.475,0.47,0.48,0.525,0.52,0.53,568.0,285.22,285.22,568.0,0.46,314.42,0.49,17.3,0.45,314.0,0.5,230.6,0.44,304.0,0.51,520.27,0.43,319.0,0.52,89.0,0.42,316.0,0.53,333.0,0.51,29.3,0.54,362.42,0.5,314.6,0.55,314.0,0.49,520.27,0.56,304.0,0.48,89.0,0.57,331.0,0.47,333.0,0.58,386.0
2026-01-07 07:30:34.375000+00:00,2026-01-07 07:30:31.845210+00:00,34.375,0.495,0.49,0.5,0.505,0.5,0.51,100.0,314.6,314.6,100.0,0.48,55.0,0.51,520.27,0.47,548.0,0.52,139.0,0.46,336.72,0.53,115.0,0.45,304.0,0.54,363.0,0.44,304.0,0.55,608.0,0.49,520.27,0.52,55.0,0.48,139.0,0.53,548.0,0.47,115.0,0.54,336.72,0.46,180.0,0.55,304.0,0.45,608.0,0.56,304.0
2026-01-07 07:30:35.365000+00:00,2026-01-07 07:30:32.836263+00:00,35.365,0.495,0.49,0.5,0.505,0.5,0.51,85.0,228.6,268.6,85.0,0.48,55.0,0.51,520.27,0.47,548.0,0.52,169.0,0.46,312.72,0.53,145.0,0.45,328.0,0.54,150.0,0.44,316.0,0.55,608.0,0.49,600.27,0.52,55.0,0.48,134.0,0.53,548.0,0.47,145.0,0.54,223.72,0.46,150.0,0.55,340.0,0.45,608.0,0.56,304.0
2026-01-07 07:30:36.291000+00:00,2026-01-07 07:30:33.856787+00:00,36.291,0.495,0.49,0.5,0.505,0.5,0.51,45.31,228.6,228.6,45.31,0.48,55.0,0.51,600.27,0.47,548.0,0.52,134.0,0.46,289.72,0.53,180.0,0.45,352.0,0.54,125.0,0.44,304.0,0.55,633.0,0.49,600.27,0.52,55.0,0.48,134.0,0.53,548.0,0.47,180.0,0.54,289.72,0.46,125.0,0.55,352.0,0.45,633.0,0.56,304.0
2026-01-07 07:30:37.416000+00:00,2026-01-07 07:30:34.861527+00:00,37.416,0.495,0.49,0.5,0.505,0.5,0.51,233.31,453.6,453.6,233.31,0.48,15.0,0.51,495.27,0.47,42.23,0.52,304.0,0.46,223.72,0.53,333.0,0.45,304.0,0.54,308.0,0.44,352.0,0.55,633.0,0.49,495.27,0.52,15.0,0.48,365.0,0.53,42.23,0.47,333.0,0.54,223.72,0.46,308.0,0.55,304.0,0.45,633.0,0.56,352.0
2026-01-07 07:30:38.403000+00:00,2026-01-07 07:30:35.866686+00:00,38.403,0.495,0.49,0.5,0.505,0.5,0.51,223.11,377.6,377.6,223.11,0.48,15.0,0.51,519.27,0.47,78.05,0.52,365.0,0.46,233.42,0.53,333.0,0.45,326.01,0.54,308.0,0.44,328.0,0.55,633.0,0.49,519.27,0.52,15.0,0.48,400.0,0.53,78.05,0.47,308.0,0.54,233.42,0.46,333.0,0.55,326.01,0.45,633.0,0.56,328.0
2026-01-07 07:30:39.360000+00:00,2026-01-07 07:30:36.876407+00:00,39.36,0.495,0.49,0.5,0.505,0.5,0.51,228.11,371.6,407.6,228.11,0.48,22.0,0.51,589.27,0.47,66.05,0.52,400.0,0.46,233.42,0.53,308.0,0.45,350.01,0.54,333.0,0.44,328.0,0.55,633.0,0.49,589.27,0.52,22.0,0.48,400.0,0.53,66.05,0.47,308.0,0.54,233.42,0.46,333.0,0.55,326.01,0.45,633.0,0.56,316.0
2026-01-07 07:30:40.438000+00:00,2026-01-07 07:30:37.884333+00:00,40.438,0.495,0.49,0.5,0.505,0.5,0.51,228.11,354.38,327.38,228.11,0.48,34.0,0.51,649.27,0.47,90.05,0.52,400.0,0.46,233.42,0.53,308.0,0.45,326.01,0.54,333.0,0.44,328.0,0.55,633.0,0.49,649.27,0.52,34.0,0.48,412.0,0.53,90.05,0.47,308.0,0.54,221.42,0.46,333.0,0.55,326.01,0.45,633.0,0.56,328.0
2026-01-07 07:30:41.383000+00:00,2026-01-07 07:30:38.892186+00:00,41.383,0.495,0.49,0.5,0.505,0.5,0.51,263.11,305.66,305.66,263.11,0.48,34.0,0.51,649.27,0.47,102.05,0.52,377.0,0.46,221.42,0.53,333.0,0.45,326.01,0.54,308.0,0.44,328.0,0.55,633.0,0.49,649.27,0.52,34.0,0.48,329.0,0.53,102.05,0.47,380.0,0.54,221.42,0.46,308.0,0.55,326.01,0.45,633.0,0.56,328.0
2026-01-07 07:30:42.463000+00:00,2026-01-07 07:30:39.900759+00:00,42.463,0.495,0.49,0.5,0.505,0.5,0.51,263.11,357.66,357.66,263.11,0.48,22.0,0.51,649.27,0.47,102.05,0.52,317.0,0.46,221.42,0.53,380.0,0.45,326.01,0.54,308.0,0.44,328.0,0.55,633.0,0.49,649.27,0.52,22.0,0.48,317.0,0.53,114.05,0.47,380.0,0.54,221.42,0.46,308.0,0.55,326.01,0.45,633.0,0.56,328.0
2026-01-07 07:30:43.328000+00:00,2026-01-07 07:30:40.906750+00:00,43.328,0.495,0.49,0.5,0.505,0.5,0.51,263.11,164.56,164.56,263.11,0.48,22.0,0.51,679.27,0.47,114.05,0.52,317.0,0.46,221.42,0.53,380.0,0.45,326.01,0.54,308.0,0.44,328.0,0.55,633.0,0.49,649.27,0.52,22.0,0.48,365.0,0.53,114.05,0.47,333.0,0.54,221.42,0.46,308.0,0.55,326.01,0.45,633.0,0.56,328.0
2026-01-07 07:30:44.298000+00:00,2026-01-07 07:30:41.915389+00:00,44.298,0.495,0.49,0.5,0.525,0.51,0.54,225.22,146.98,45.0,184.88,0.48,22.0,0.51,661.27,0.47,114.05,0.52,365.0,0.46,221.42,0.53,333.0,0.45,326.01,0.54,308.0,0.44,328.0,0.55,633.0,0.5,146.98,0.55,326.01,0.49,649.27,0.56,328.0,0.48,365.0,0.57,389.0,0.47,333.0,0.58,374.0,0.46,308.0,0.59,440.0
2026-01-07 07:30:45.462000+00:00,2026-01-07 07:30:42.935689+00:00,45.462,0.48,0.47,0.49,0.52,0.51,0.53,30.0,141.85,153.85,30.0,0.46,189.88,0.5,132.98,0.45,312.71,0.51,624.27,0.44,328.0,0.52,375.0,0.43,331.0,0.53,333.0,0.42,374.0,0.54,333.0,0.5,132.98,0.54,189.88,0.49,624.27,0.55,312.71,0.48,375.0,0.56,328.0,0.47,333.0,0.57,331.0,0.46,333.0,0.58,374.0
2026-01-07 07:30:46.500000+00:00,2026-01-07 07:30:43.944937+00:00,46.5,0.485,0.48,0.49,0.515,0.51,0.52,5.0,96.0,96.0,5.0,0.47,30.0,0.5,95.75,0.46,184.88,0.51,612.27,0.45,312.71,0.52,375.0,0.44,328.0,0.53,333.0,0.43,343.0,0.54,333.0,0.5,95.75,0.53,30.0,0.49,612.27,0.54,184.88,0.48,375.0,0.55,312.71,0.47,333.0,0.56,328.0,0.46,333.0,0.57,343.0
2026-01-07 07:30:47.512000+00:00,2026-01-07 07:30:44.968642+00:00,47.512,0.485,0.48,0.49,0.515,0.51,0.52,5.0,102.63,152.63,5.0,0.47,30.0,0.5,95.75,0.46,223.88,0.51,612.27,0.45,338.41,0.52,375.0,0.44,340.0,0.53,333.0,0.43,343.0,0.54,333.0,0.5,95.75,0.53,30.0,0.49,591.27,0.54,223.88,0.48,327.0,0.55,338.41,0.47,333.0,0.56,340.0,0.46,333.0,0.57,343.0
2026-01-07 07:30:48.396000+00:00,2026-01-07 07:30:45.981191+00:00,48.396,0.48,0.47,0.49,0.52,0.51,0.53,74.0,130.56,128.19,74.0,0.46,109.88,0.5,165.75,0.45,338.41,0.51,554.27,0.44,328.0,0.52,375.0,0.43,343.0,0.53,333.0,0.42,374.0,0.54,333.0,0.5,165.75,0.54,109.88,0.49,554.27,0.55,338.41,0.48,375.0,0.56,328.0,0.47,333.0,0.57,343.0,0.46,333.0,0.58,374.0
2026-01-07 07:30:49.531000+00:00,2026-01-07 07:30:46.989092+00:00,49.531,0.48,0.47,0.49,0.525,0.52,0.53,64.59,260.0,105.0,60.81,0.46,333.88,0.5,234.75,0.45,339.41,0.51,542.27,0.44,328.0,0.52,400.0,0.43,343.0,0.53,333.0,0.42,304.0,0.54,419.0,0.51,165.0,0.54,281.0,0.5,259.75,0.55,339.41,0.49,542.27,0.56,328.0,0.48,400.0,0.57,343.0,0.47,298.0,0.58,304.0
2026-01-07 07:30:50.547000+00:00,2026-01-07 07:30:47.998277+00:00,50.547,0.475,0.47,0.48,0.525,0.52,0.53,42.45,40.66,35.66,42.45,0.46,298.0,0.49,220.0,0.45,327.41,0.5,211.75,0.44,316.0,0.51,530.27,0.43,355.0,0.52,400.0,0.42,316.0,0.53,298.0,0.51,232.0,0.54,298.0,0.5,211.75,0.55,327.41,0.49,530.27,0.56,316.0,0.48,400.0,0.57,343.0,0.47,298.0,0.58,328.0
2026-01-07 07:30:51.557000+00:00,2026-01-07 07:30:49.006843+00:00,51.557,0.49,0.48,0.5,0.51,0.5,0.52,140.3,184.75,184.75,125.3,0.47,101.45,0.51,619.27,0.46,279.0,0.52,352.0,0.45,348.71,0.53,333.0,0.44,340.3,0.54,500.0,0.43,377.0,0.55,704.0,0.49,619.27,0.53,101.45,0.48,352.0,0.54,279.0,0.47,333.0,0.55,348.71,0.46,500.0,0.56,340.3,0.45,704.0,0.57,377.0
2026-01-07 07:30:52.500000+00:00,2026-01-07 07:30:50.010496+00:00,52.5,0.485,0.48,0.49,0.515,0.51,0.52,98.37,15.0,15.0,98.37,0.47,101.45,0.5,184.75,0.46,279.0,0.51,619.27,0.45,360.71,0.52,352.0,0.44,340.3,0.53,380.0,0.43,319.0,0.54,454.0,0.5,184.75,0.53,101.45,0.49,619.27,0.54,279.0,0.48,352.0,0.55,360.71,0.47,380.0,0.56,340.3,0.46,454.0,0.57,319.0
2026-01-07 07:30:53.545000+00:00,2026-01-07 07:30:51.016772+00:00,53.545,0.495,0.49,0.5,0.505,0.5,0.51,3.03,56.81,56.81,3.03,0.48,128.37,0.51,644.27,0.47,76.45,0.52,327.0,0.46,339.0,0.53,604.0,0.45,430.71,0.54,454.0,0.44,410.3,0.55,739.0,0.49,649.27,0.52,140.28,0.48,327.0,0.53,76.45,0.47,604.0,0.54,339.0,0.46,454.0,0.55,430.71,0.45,739.0,0.56,410.3
2026-01-07 07:30:54.561000+00:00,2026-01-07 07:30:52.022299+00:00,54.561,0.495,0.49,0.5,0.505,0.5,0.51,3.03,63.21,63.21,3.03,0.48,164.38,0.51,637.27,0.47,139.45,0.52,144.0,0.46,534.0,0.53,604.0,0.45,406.71,0.54,333.0,0.44,410.3,0.55,739.0,0.49,637.27,0.52,164.38,0.48,144.0,0.53,139.45,0.47,604.0,0.54,534.0,0.46,333.0,0.55,406.71,0.45,739.0,0.56,410.3
2026-01-07 07:30:55.571000+00:00,2026-01-07 07:30:53.045993+00:00,55.571,0.495,0.49,0.5,0.505,0.5,0.51,3.03,60.63,60.63,3.03,0.48,104.38,0.51,549.27,0.47,151.45,0.52,156.0,0.46,534.0,0.53,604.0,0.45,406.71,0.54,333.0,0.44,410.3,0.55,739.0,0.49,579.27,0.52,159.38,0.48,156.0,0.53,151.45,0.47,557.0,0.54,534.0,0.46,379.0,0.55,406.71,0.45,739.0,0.56,410.3
2026-01-07 07:30:56.502000+00:00,2026-01-07 07:30:54.050103+00:00,56.502,0.495,0.49,0.5,0.505,0.5,0.51,63.03,53.39,53.39,48.03,0.48,194.38,0.51,544.27,0.47,141.45,0.52,181.0,0.46,544.5,0.53,532.0,0.45,406.71,0.54,333.0,0.44,455.0,0.55,784.0,0.49,544.27,0.52,194.38,0.48,181.0,0.53,141.45,0.47,532.0,0.54,544.5,0.46,379.0,0.55,406.71,0.45,739.0,0.56,398.0
2026-01-07 07:30:57.561000+00:00,2026-01-07 07:30:55.041033+00:00,57.561,0.495,0.49,0.5,0.505,0.5,0.51,56.03,53.39,57.57,64.97,0.48,182.38,0.51,544.27,0.47,141.45,0.52,169.0,0.46,544.5,0.53,579.0,0.45,406.71,0.54,333.0,0.44,398.0,0.55,739.0,0.49,544.27,0.52,182.38,0.48,169.0,0.53,141.45,0.47,579.0,0.54,544.5,0.46,333.0,0.55,406.71,0.45,739.0,0.56,398.0
2026-01-07 07:30:58.332000+00:00,2026-01-07 07:30:56.043738+00:00,58.332,0.495,0.49,0.5,0.505,0.5,0.51,56.97,80.0,100.0,76.97,0.48,194.38,0.51,556.27,0.47,99.0,0.52,64.0,0.46,308.8,0.53,604.0,0.45,406.71,0.54,308.0,0.44,398.0,0.55,739.0,0.49,556.27,0.52,194.38,0.48,64.0,0.53,99.0,0.47,604.0,0.54,308.8,0.46,308.0,0.55,418.71,0.45,739.0,0.56,398.0
2026-01-07 07:30:59.593000+00:00,2026-01-07 07:30:57.048842+00:00,59.593,0.495,0.49,0.5,0.505,0.5,0.51,73.94,219.3,219.3,73.94,0.48,67.38,0.51,632.27,0.47,10.0,0.52,346.5,0.46,487.8,0.53,653.0,0.45,382.71,0.54,454.0,0.44,431.0,0.55,769.0,0.49,693.27,0.52,67.38,0.48,407.5,0.53,10.0,0.47,653.0,0.54,304.8,0.46,454.0,0.55,78.71,0.45,769.0,0.56,127.0
2026-01-07 07:31:00.613000+00:00,2026-01-07 07:30:58.054821+00:00,60.613,0.475,0.47,0.48,0.525,0.52,0.53,40.0,135.0,135.0,40.0,0.46,314.8,0.49,55.65,0.45,78.71,0.5,921.55,0.44,127.65,0.51,688.27,0.43,402.62,0.52,400.0,0.42,374.0,0.53,708.0,0.51,177.65,0.54,314.8,0.5,921.55,0.55,78.71,0.49,688.27,0.56,127.65,0.48,521.0,0.57,438.62,0.47,708.0,0.58,374.0
2026-01-07 07:31:01.631000+00:00,2026-01-07 07:30:59.075549+00:00,61.631,0.455,0.45,0.46,0.545,0.54,0.55,427.98,61.0,171.0,234.98,0.44,477.0,0.47,61.0,0.43,368.3,0.48,471.75,0.42,419.0,0.49,304.0,0.41,494.0,0.5,1046.55,0.4,564.0,0.51,719.27,0.53,183.0,0.56,253.0,0.52,260.75,0.57,310.3,0.51,304.0,0.58,419.0,0.5,942.55,0.59,494.0,0.49,684.27,0.6,564.0
2026-01-07 07:31:02.630000+00:00,2026-01-07 07:31:00.078777+00:00,62.63,0.495,0.49,0.5,0.505,0.5,0.51,84.0,636.55,636.55,69.0,0.48,72.43,0.51,385.27,0.47,69.0,0.52,149.0,0.46,575.48,0.53,105.0,0.45,296.68,0.54,410.0,0.44,304.0,0.55,772.0,0.49,385.27,0.52,57.43,0.48,149.0,0.53,69.0,0.47,105.0,0.54,575.48,0.46,181.0,0.55,296.68,0.45,817.0,0.56,361.0
2026-01-07 07:31:03.641000+00:00,2026-01-07 07:31:01.086324+00:00,63.641,0.495,0.49,0.5,0.505,0.5,0.51,207.19,453.55,453.55,207.19,0.48,371.13,0.51,368.63,0.47,190.0,0.52,149.0,0.46,575.48,0.53,177.0,0.45,211.68,0.54,85.0,0.44,361.0,0.55,817.0,0.49,368.63,0.52,364.13,0.48,197.0,0.53,178.0,0.47,129.0,0.54,587.48,0.46,85.0,0.55,223.68,0.45,817.0,0.56,361.0
2026-01-07 07:31:04.606000+00:00,2026-01-07 07:31:02.095003+00:00,64.606,0.495,0.49,0.5,0.505,0.5,0.51,191.39,441.79,441.79,191.39,0.48,378.43,0.51,373.63,0.47,190.0,0.52,54.0,0.46,551.48,0.53,125.0,0.45,211.68,0.54,191.0,0.44,361.0,0.55,817.0,0.49,373.63,0.52,378.43,0.48,54.0,0.53,190.0,0.47,125.0,0.54,551.48,0.46,191.0,0.55,211.68,0.45,817.0,0.56,361.0
2026-01-07 07:31:05.603000+00:00,2026-01-07 07:31:03.119032+00:00,65.603,0.495,0.49,0.5,0.505,0.5,0.51,223.39,440.79,440.79,223.39,0.48,378.43,0.51,368.63,0.47,202.2,0.52,124.0,0.46,575.48,0.53,243.0,0.45,211.68,0.54,177.0,0.44,361.0,0.55,887.0,0.49,448.63,0.52,378.43,0.48,124.0,0.53,202.2,0.47,243.0,0.54,575.48,0.46,177.0,0.55,211.68,0.45,887.0,0.56,361.0
2026-01-07 07:31:06.662000+00:00,2026-01-07 07:31:04.125939+00:00,66.662,0.495,0.49,0.5,0.505,0.5,0.51,199.39,444.79,444.79,199.39,0.48,378.43,0.51,532.63,0.47,226.02,0.52,204.0,0.46,339.48,0.53,160.0,0.45,235.68,0.54,211.0,0.44,398.0,0.55,842.0,0.49,532.63,0.52,378.43,0.48,204.0,0.53,226.02,0.47,160.0,0.54,339.48,0.46,211.0,0.55,235.68,0.45,842.0,0.56,398.0
2026-01-07 07:31:07.586000+00:00,2026-01-07 07:31:05.134152+00:00,67.586,0.495,0.49,0.5,0.505,0.5,0.51,214.39,444.79,444.79,214.39,0.48,366.43,0.51,532.63,0.47,238.02,0.52,174.0,0.46,327.48,0.53,175.0,0.45,247.68,0.54,211.0,0.44,398.0,0.55,842.0,0.49,537.63,0.52,366.43,0.48,174.0,0.53,238.02,0.47,175.0,0.54,327.48,0.46,165.0,0.55,247.68,0.45,887.0,0.56,455.0
2026-01-07 07:31:08.690000+00:00,2026-01-07 07:31:06.139914+00:00,68.69,0.495,0.49,0.5,0.505,0.5,0.51,199.39,426.65,426.65,499.39,0.48,390.43,0.51,343.63,0.47,226.02,0.52,161.0,0.46,339.48,0.53,70.0,0.45,223.68,0.54,215.0,0.44,398.0,0.55,842.0,0.49,331.63,0.52,354.43,0.48,217.0,0.53,250.02,0.47,129.0,0.54,327.48,0.46,195.0,0.55,291.68,0.45,648.0,0.56,374.0
2026-01-07 07:31:09.695000+00:00,2026-01-07 07:31:07.145821+00:00,69.695,0.495,0.49,0.5,0.505,0.5,0.51,427.08,423.95,423.95,412.08,0.48,354.43,0.51,331.63,0.47,226.02,0.52,181.0,0.46,397.48,0.53,105.0,0.45,337.68,0.54,195.0,0.44,374.0,0.55,465.0,0.49,367.63,0.52,390.43,0.48,229.0,0.53,226.02,0.47,140.0,0.54,397.48,0.46,160.0,0.55,361.68,0.45,465.0,0.56,398.0
2026-01-07 07:31:10.720000+00:00,2026-01-07 07:31:08.167860+00:00,70.72,0.495,0.49,0.5,0.505,0.5,0.51,432.08,421.95,416.95,558.08,0.48,390.43,0.51,379.63,0.47,226.02,0.52,67.0,0.46,327.48,0.54,185.0,0.45,305.68,0.55,480.0,0.44,455.0,0.56,100.0,0.49,384.63,0.52,385.43,0.48,67.0,0.53,226.02,0.46,265.0,0.54,327.48,0.45,510.0,0.55,305.68,0.44,80.0,0.56,455.0
2026-01-07 07:31:11.730000+00:00,2026-01-07 07:31:09.173169+00:00,71.73,0.505,0.5,0.51,0.495,0.49,0.5,78.0,272.46,272.46,92.8,0.49,584.08,0.52,67.0,0.48,385.43,0.55,600.0,0.47,226.02,0.56,110.0,0.46,397.48,0.57,105.0,0.45,316.79,0.58,512.0,0.48,67.0,0.51,524.88,0.47,5.0,0.52,437.43,0.46,80.0,0.53,226.02,0.45,520.0,0.54,397.48,0.44,110.0,0.55,316.79
2026-01-07 07:31:12.763000+00:00,2026-01-07 07:31:10.190913+00:00,72.763,0.505,0.5,0.51,0.495,0.49,0.5,59.8,226.35,226.35,59.8,0.49,387.88,0.52,84.0,0.48,349.43,0.53,24.0,0.47,226.02,0.55,565.0,0.46,421.48,0.56,70.0,0.45,316.79,0.57,135.0,0.48,84.0,0.51,387.88,0.47,24.0,0.52,349.43,0.45,565.0,0.53,226.02,0.44,70.0,0.54,421.48,0.43,135.0,0.55,316.79
2026-01-07 07:31:13.750000+00:00,2026-01-07 07:31:11.197901+00:00,73.75,0.505,0.5,0.51,0.495,0.49,0.5,69.8,178.74,178.74,69.8,0.49,375.88,0.52,19.0,0.48,373.43,0.53,85.0,0.47,214.02,0.54,70.0,0.46,408.34,0.55,466.0,0.45,292.79,0.56,70.0,0.48,24.0,0.51,362.08,0.47,80.0,0.52,361.43,0.46,70.0,0.53,214.02,0.45,442.0,0.54,408.34,0.44,70.0,0.55,292.79
2026-01-07 07:31:14.765000+00:00,2026-01-07 07:31:12.207640+00:00,74.765,0.505,0.5,0.51,0.495,0.49,0.5,86.8,174.61,179.61,124.8,0.49,404.69,0.52,24.0,0.48,349.43,0.53,92.0,0.47,226.02,0.54,82.0,0.46,420.34,0.55,382.0,0.45,303.9,0.56,70.0,0.48,60.0,0.51,353.69,0.47,140.0,0.52,349.43,0.46,70.0,0.53,238.02,0.45,370.0,0.54,432.34,0.44,70.0,0.55,315.9
2026-01-07 07:31:15.688000+00:00,2026-01-07 07:31:13.211699+00:00,75.688,0.505,0.5,0.51,0.495,0.49,0.5,49.8,227.61,227.61,49.8,0.49,397.69,0.52,147.0,0.48,385.43,0.53,70.0,0.47,214.02,0.54,70.0,0.46,420.34,0.55,370.0,0.45,339.9,0.56,170.0,0.48,147.0,0.51,397.69,0.47,70.0,0.52,385.43,0.46,70.0,0.53,214.02,0.45,370.0,0.54,420.34,0.44,170.0,0.55,339.9
2026-01-07 07:31:16.773000+00:00,2026-01-07 07:31:14.233433+00:00,76.773,0.505,0.5,0.51,0.495,0.49,0.5,278.8,276.61,275.61,328.8,0.49,418.04,0.52,99.0,0.48,349.43,0.53,70.0,0.47,250.02,0.54,70.0,0.46,408.34,0.55,370.0,0.45,315.9,0.56,220.0,0.48,99.0,0.51,367.04,0.47,70.0,0.52,349.43,0.46,70.0,0.53,250.02,0.45,370.0,0.54,408.34,0.44,220.0,0.55,339.9
2026-01-07 07:31:17.806000+00:00,2026-01-07 07:31:15.255797+00:00,77.806,0.505,0.5,0.51,0.495,0.49,0.5,587.8,174.61,168.72,587.8,0.49,437.04,0.52,19.0,0.48,455.43,0.54,72.0,0.47,308.02,0.55,324.0,0.46,408.34,0.57,150.0,0.45,303.9,0.58,70.0,0.48,19.0,0.51,437.04,0.46,72.0,0.52,455.43,0.45,324.0,0.53,308.02,0.43,150.0,0.54,408.34,0.42,70.0,0.55,303.9
2026-01-07 07:31:18.809000+00:00,2026-01-07 07:31:16.251350+00:00,78.809,0.545,0.54,0.55,0.455,0.45,0.46,302.65,124.92,3.77,332.65,0.53,343.0,0.56,5.0,0.52,328.0,0.57,174.0,0.51,249.58,0.58,70.0,0.5,353.8,0.59,170.0,0.49,359.04,0.6,454.0,0.43,24.0,0.47,378.0,0.42,70.0,0.48,328.0,0.41,85.0,0.49,213.38,0.4,509.0,0.5,344.0,0.39,110.0,0.51,359.04
2026-01-07 07:31:19.766000+00:00,2026-01-07 07:31:17.257177+00:00,79.766,0.545,0.54,0.55,0.445,0.44,0.45,329.65,1.58,12.0,15.0,0.53,331.0,0.56,12.0,0.52,376.0,0.57,29.0,0.51,223.18,0.58,150.0,0.5,344.0,0.59,70.0,0.49,359.04,0.6,524.0,0.43,29.0,0.46,329.65,0.42,150.0,0.47,331.0,0.41,70.0,0.48,376.0,0.4,524.0,0.49,223.18,0.39,110.0,0.5,344.0
2026-01-07 07:31:20.802000+00:00,2026-01-07 07:31:18.265153+00:00,80.802,0.575,0.57,0.58,0.425,0.42,0.43,48.0,65.0,65.0,48.0,0.56,42.5,0.59,162.0,0.55,86.0,0.6,536.0,0.54,338.65,0.61,122.0,0.53,295.0,0.62,288.0,0.52,364.9,0.63,328.0,0.41,162.0,0.44,47.5,0.4,536.0,0.45,86.0,0.39,122.0,0.46,338.65,0.38,288.0,0.47,295.0,0.37,328.0,0.48,364.9
2026-01-07 07:31:21.830000+00:00,2026-01-07 07:31:19.288777+00:00,81.83,0.585,0.58,0.59,0.41000000000000003,0.4,0.42,60.0,162.0,360.0,60.0,0.57,45.0,0.6,312.0,0.56,60.0,0.61,122.0,0.55,293.0,0.62,288.0,0.54,290.65,0.63,328.0,0.53,295.0,0.64,458.0,0.39,110.0,0.43,69.0,0.38,312.0,0.44,48.0,0.37,328.0,0.45,269.0,0.36,458.0,0.46,290.65,0.35,454.09,0.47,307.0
2026-01-07 07:31:22.705000+00:00,2026-01-07 07:31:20.293100+00:00,82.705,0.59,0.58,0.6,0.415,0.41,0.42,52.38,440.0,5.0,52.38,0.57,110.0,0.61,122.0,0.56,24.0,0.62,352.0,0.55,269.0,0.63,288.0,0.54,290.65,0.64,478.0,0.53,307.0,0.65,454.09,0.4,440.0,0.43,110.0,0.39,122.0,0.44,24.0,0.38,352.0,0.45,269.0,0.37,288.0,0.46,290.65,0.36,478.0,0.47,307.0
2026-01-07 07:31:23.832000+00:00,2026-01-07 07:31:21.298133+00:00,83.832,0.585,0.58,0.59,0.415,0.41,0.42,37.38,5.0,5.0,52.38,0.57,110.0,0.6,440.0,0.56,24.0,0.61,122.0,0.55,269.0,0.62,312.0,0.54,290.65,0.63,328.0,0.53,307.0,0.64,478.0,0.4,440.0,0.43,110.0,0.39,122.0,0.44,24.0,0.38,312.0,0.45,269.0,0.37,328.0,0.46,290.65,0.36,478.0,0.47,307.0
2026-01-07 07:31:24.805000+00:00,2026-01-07 07:31:22.302933+00:00,84.805,0.585,0.58,0.59,0.415,0.41,0.42,57.38,3.13,3.13,57.38,0.57,110.0,0.6,440.0,0.56,24.0,0.61,244.0,0.55,269.0,0.62,312.0,0.54,290.65,0.63,328.0,0.53,307.0,0.64,478.0,0.4,440.0,0.43,110.0,0.39,305.0,0.44,24.0,0.38,312.0,0.45,269.0,0.37,328.0,0.46,290.65,0.36,478.0,0.47,307.0
2026-01-07 07:31:25.768000+00:00,2026-01-07 07:31:23.310000+00:00,85.768,0.59,0.58,0.6,0.41000000000000003,0.4,0.42,54.99,410.0,410.0,54.99,0.57,117.0,0.61,117.0,0.56,12.0,0.62,317.0,0.55,269.0,0.63,552.0,0.54,360.65,0.64,478.0,0.53,377.0,0.65,489.09,0.39,117.0,0.43,117.0,0.38,317.0,0.44,12.0,0.37,552.0,0.45,269.0,0.36,478.0,0.46,360.65,0.35,489.09,0.47,377.0
2026-01-07 07:31:26.836000+00:00,2026-01-07 07:31:24.316371+00:00,86.836,0.595,0.59,0.6,0.405,0.4,0.41,5.0,235.0,235.0,25.0,0.58,55.88,0.61,232.0,0.57,93.0,0.62,330.0,0.56,12.0,0.63,524.0,0.55,269.0,0.64,517.0,0.54,352.65,0.65,454.09,0.39,232.0,0.42,55.88,0.38,330.0,0.43,105.0,0.37,524.0,0.44,12.0,0.36,517.0,0.45,269.0,0.35,454.09,0.46,352.65
2026-01-07 07:31:27.869000+00:00,2026-01-07 07:31:25.320083+00:00,87.869,0.595,0.59,0.6,0.405,0.4,0.41,35.0,233.15,228.15,35.0,0.58,76.88,0.61,250.0,0.57,81.0,0.62,300.0,0.55,269.0,0.63,536.0,0.54,352.65,0.64,517.0,0.53,412.0,0.65,454.09,0.39,250.0,0.42,76.88,0.38,300.0,0.43,81.0,0.37,536.0,0.45,269.0,0.36,517.0,0.46,352.65,0.35,454.09,0.47,412.0
2026-01-07 07:31:28.877000+00:00,2026-01-07 07:31:26.312050+00:00,88.877,0.595,0.59,0.6,0.405,0.4,0.41,30.0,406.15,406.15,30.0,0.58,93.0,0.61,402.0,0.57,51.0,0.62,336.0,0.56,30.0,0.63,536.0,0.55,115.0,0.64,458.0,0.54,398.65,0.65,492.09,0.39,402.0,0.42,93.0,0.38,336.0,0.43,51.0,0.37,536.0,0.44,30.0,0.36,458.0,0.45,115.0,0.35,492.09,0.46,398.65
2026-01-07 07:31:29.869000+00:00,2026-01-07 07:31:27.314575+00:00,89.869,0.595,0.59,0.6,0.405,0.4,0.41,20.0,411.15,481.15,20.0,0.58,26.16,0.61,445.0,0.57,117.0,0.62,340.0,0.56,30.0,0.63,524.0,0.55,115.0,0.64,458.0,0.54,352.65,0.65,454.09,0.39,415.0,0.42,26.16,0.38,340.0,0.43,75.0,0.37,645.0,0.44,57.0,0.36,458.0,0.45,115.0,0.35,454.09,0.46,352.65
2026-01-07 07:31:30.892000+00:00,2026-01-07 07:31:28.338100+00:00,90.892,0.565,0.56,0.57,0.435,0.43,0.44,5.0,180.0,144.0,5.0,0.54,224.0,0.58,189.0,0.53,77.0,0.59,334.13,0.52,255.0,0.6,506.15,0.51,365.18,0.61,409.0,0.5,510.91,0.62,443.84,0.42,232.0,0.46,224.0,0.41,207.0,0.48,291.43,0.4,506.15,0.49,389.18,0.39,409.0,0.5,510.91,0.38,443.84,0.51,489.04
2026-01-07 07:31:31.908000+00:00,2026-01-07 07:31:29.347281+00:00,91.908,0.525,0.52,0.53,0.475,0.47,0.48,213.68,138.0,185.0,198.36,0.51,154.6,0.54,80.0,0.5,176.34,0.55,331.0,0.49,286.04,0.56,274.0,0.48,421.0,0.57,275.0,0.47,457.02,0.58,427.0,0.46,69.0,0.49,94.6,0.45,295.0,0.5,96.91,0.44,238.0,0.51,369.04,0.43,429.0,0.52,445.0,0.42,384.0,0.53,457.02
2026-01-07 07:31:32.904000+00:00,2026-01-07 07:31:30.351300+00:00,92.904,0.515,0.51,0.52,0.485,0.48,0.49,94.6,75.0,143.0,94.6,0.5,96.91,0.53,443.47,0.49,216.16,0.54,213.0,0.48,347.0,0.55,275.0,0.47,457.02,0.56,384.0,0.46,415.34,0.57,384.0,0.47,351.47,0.5,96.91,0.46,238.0,0.51,416.16,0.45,275.0,0.52,282.0,0.44,396.0,0.53,487.45,0.43,349.0,0.54,415.34
2026-01-07 07:31:33.937000+00:00,2026-01-07 07:31:31.371559+00:00,93.937,0.495,0.49,0.5,0.505,0.5,0.51,141.16,197.91,242.91,141.16,0.48,111.0,0.51,332.0,0.47,135.02,0.52,472.37,0.46,314.86,0.53,701.47,0.45,109.22,0.54,384.0,0.44,419.0,0.55,441.0,0.49,332.0,0.52,75.0,0.48,424.37,0.53,123.02,0.47,477.47,0.54,90.86,0.46,384.0,0.55,109.22,0.45,441.0,0.56,384.0
2026-01-07 07:31:34.937000+00:00,2026-01-07 07:31:32.380243+00:00,94.937,0.415,0.41,0.42,0.585,0.58,0.59,36.0,94.71,171.03,36.0,0.4,2409.31,0.43,60.0,0.39,155.0,0.44,157.33,0.38,308.0,0.45,273.0,0.37,406.0,0.46,165.12,0.36,379.0,0.47,316.0,0.57,60.0,0.6,2334.31,0.56,218.33,0.61,80.0,0.55,334.0,0.62,233.0,0.54,226.12,0.63,406.0,0.53,316.0,0.64,379.0
2026-01-07 07:31:35.956000+00:00,2026-01-07 07:31:33.400802+00:00,95.956,0.405,0.4,0.41,0.595,0.59,0.6,1757.72,430.0,435.0,1757.72,0.39,48.0,0.42,427.7,0.38,55.98,0.43,456.0,0.37,75.0,0.44,339.33,0.36,75.0,0.45,339.0,0.35,381.0,0.46,440.12,0.58,427.7,0.61,53.0,0.57,456.0,0.62,50.98,0.56,339.33,0.63,75.0,0.55,339.0,0.64,75.0,0.54,440.12,0.65,381.0
2026-01-07 07:31:36.921000+00:00,2026-01-07 07:31:34.407860+00:00,96.921,0.405,0.4,0.41,0.595,0.59,0.6,1447.41,365.29,360.29,1447.41,0.39,72.0,0.42,422.7,0.38,26.98,0.43,456.0,0.37,5.0,0.44,339.33,0.36,87.0,0.45,339.0,0.35,404.0,0.46,440.12,0.58,422.7,0.61,72.0,0.57,456.0,0.62,26.98,0.56,339.33,0.63,5.0,0.55,339.0,0.64,87.0,0.54,440.12,0.65,404.0
2026-01-07 07:31:37.688000+00:00,2026-01-07 07:31:35.412062+00:00,97.688,0.405,0.4,0.41,0.595,0.59,0.6,1442.24,250.76,235.76,1442.24,0.39,72.0,0.42,434.7,0.38,26.98,0.43,444.0,0.37,5.0,0.44,339.33,0.36,87.0,0.45,351.0,0.35,418.3,0.46,428.12,0.58,434.7,0.61,72.0,0.57,444.0,0.62,26.98,0.56,339.33,0.63,5.0,0.55,351.0,0.64,87.0,0.54,428.12,0.65,418.3
2026-01-07 07:31:38.964000+00:00,2026-01-07 07:31:36.418120+00:00,98.964,0.405,0.4,0.41,0.595,0.59,0.6,1442.24,376.76,378.76,1442.24,0.38,14.98,0.42,653.7,0.37,5.0,0.43,454.0,0.35,385.3,0.44,397.33,0.34,82.0,0.45,409.0,0.33,80.0,0.46,370.12,0.58,723.7,0.62,14.98,0.57,454.0,0.63,5.0,0.56,397.33,0.65,385.3,0.55,409.0,0.66,82.0,0.54,370.12,0.67,80.0
2026-01-07 07:31:39.965000+00:00,2026-01-07 07:31:37.430070+00:00,99.965,0.405,0.4,0.41,0.595,0.59,0.6,988.99,336.02,336.02,988.99,0.38,14.98,0.42,723.7,0.36,72.0,0.43,466.0,0.35,316.0,0.44,397.33,0.34,80.8,0.45,409.0,0.33,298.0,0.46,419.12,0.58,711.7,0.62,14.98,0.57,466.0,0.64,36.0,0.56,397.33,0.65,352.0,0.55,409.0,0.66,80.8,0.54,419.12,0.67,298.0
2026-01-07 07:31:40.864000+00:00,2026-01-07 07:31:38.449949+00:00,100.864,0.405,0.4,0.41,0.595,0.59,0.6,938.99,255.31,255.31,938.99,0.38,14.98,0.42,931.7,0.37,36.0,0.43,466.0,0.36,48.0,0.44,397.33,0.35,304.0,0.45,409.0,0.34,80.8,0.46,419.12,0.58,931.7,0.62,14.98,0.57,466.0,0.63,36.0,0.56,397.33,0.64,48.0,0.55,409.0,0.65,304.0,0.54,419.12,0.66,80.8
2026-01-07 07:31:41.884000+00:00,2026-01-07 07:31:39.456644+00:00,101.884,0.405,0.4,0.41,0.595,0.59,0.6,929.15,533.11,437.11,572.59,0.38,26.98,0.42,627.7,0.37,72.0,0.43,466.0,0.35,10.0,0.44,397.33,0.34,92.8,0.45,409.0,0.33,263.0,0.46,419.12,0.58,617.7,0.62,26.98,0.57,466.0,0.63,72.0,0.56,362.33,0.65,10.0,0.55,374.0,0.66,92.8,0.54,419.12,0.67,298.0
2026-01-07 07:31:43.993000+00:00,2026-01-07 07:31:41.499271+00:00,103.993,0.405,0.4,0.41,0.595,0.59,0.6,172.75,403.69,403.69,172.75,0.38,14.98,0.42,755.7,0.36,12.0,0.43,466.0,0.35,5.0,0.44,397.33,0.34,85.8,0.45,414.0,0.33,298.0,0.46,419.12,0.58,767.7,0.62,74.98,0.57,478.0,0.63,12.0,0.56,397.33,0.64,12.0,0.55,414.0,0.65,17.0,0.54,419.12,0.66,85.8
2026-01-07 07:31:44.859000+00:00,2026-01-07 07:31:42.506086+00:00,104.859,0.405,0.4,0.41,0.595,0.59,0.6,165.88,478.69,483.69,165.88,0.38,74.98,0.42,687.7,0.37,12.0,0.43,478.0,0.36,12.0,0.44,397.33,0.35,87.0,0.45,414.0,0.34,85.8,0.46,419.12,0.58,687.7,0.62,74.98,0.57,478.0,0.63,12.0,0.56,397.33,0.64,12.0,0.55,414.0,0.65,87.0,0.54,419.12,0.66,85.8
2026-01-07 07:31:46.063000+00:00,2026-01-07 07:31:43.508162+00:00,106.063,0.405,0.4,0.41,0.595,0.59,0.6,51.88,353.81,353.81,51.88,0.39,65.0,0.42,695.7,0.38,26.98,0.43,526.0,0.36,12.0,0.44,409.33,0.35,75.0,0.45,414.0,0.34,85.8,0.46,419.12,0.58,695.7,0.61,65.0,0.57,526.0,0.62,26.98,0.56,421.33,0.64,12.0,0.55,414.0,0.65,75.0,0.54,419.12,0.66,85.8
2026-01-07 07:31:47.014000+00:00,2026-01-07 07:31:44.527329+00:00,107.014,0.405,0.4,0.41,0.595,0.59,0.6,84.88,353.81,353.81,84.88,0.39,24.0,0.42,700.7,0.38,14.98,0.43,454.0,0.36,12.0,0.44,457.33,0.35,75.0,0.45,438.0,0.34,85.8,0.46,419.12,0.58,700.7,0.61,24.0,0.57,466.0,0.62,14.98,0.56,457.33,0.64,12.0,0.55,438.0,0.65,75.0,0.54,419.12,0.66,85.8
2026-01-07 07:31:48.089000+00:00,2026-01-07 07:31:45.534009+00:00,108.089,0.405,0.4,0.41,0.595,0.59,0.6,14.88,597.81,597.81,14.88,0.39,5.0,0.42,707.7,0.38,14.98,0.43,454.0,0.35,75.0,0.44,409.33,0.34,85.8,0.45,414.0,0.33,339.0,0.46,419.12,0.58,767.7,0.61,5.0,0.57,466.0,0.62,74.98,0.56,409.33,0.63,24.0,0.55,414.0,0.65,87.0,0.54,419.12,0.66,85.8
2026-01-07 07:31:49.096000+00:00,2026-01-07 07:31:46.540543+00:00,109.096,0.405,0.4,0.41,0.595,0.59,0.6,13.11,622.81,614.81,3.06,0.39,5.0,0.42,767.7,0.38,62.98,0.43,466.0,0.37,36.0,0.44,409.33,0.35,5.0,0.45,414.0,0.34,97.8,0.46,419.12,0.58,755.7,0.62,67.98,0.57,466.0,0.63,36.0,0.56,454.33,0.65,5.0,0.55,414.0,0.66,87.0,0.54,370.12,0.67,89.7
2026-01-07 07:31:50.107000+00:00,2026-01-07 07:31:47.559577+00:00,110.107,0.355,0.35,0.36,0.645,0.64,0.65,5.0,292.99,346.99,5.0,0.34,5.0,0.37,229.0,0.33,19.7,0.38,333.02,0.32,478.0,0.39,80.0,0.31,413.0,0.4,201.0,0.3,375.0,0.41,541.81,0.63,229.0,0.67,19.7,0.62,333.02,0.68,408.0,0.61,80.0,0.69,413.0,0.6,201.0,0.7,363.0,0.59,541.81,0.71,449.0
2026-01-07 07:31:51.034000+00:00,2026-01-07 07:31:48.567068+00:00,111.034,0.355,0.35,0.36,0.645,0.64,0.65,15.38,168.99,99.99,15.38,0.34,5.0,0.37,229.0,0.33,119.7,0.38,333.02,0.32,135.0,0.39,80.0,0.31,255.0,0.4,201.0,0.3,350.0,0.41,541.81,0.63,217.0,0.66,5.0,0.62,333.02,0.67,119.7,0.61,80.0,0.68,135.0,0.6,201.0,0.69,255.0,0.59,541.81,0.7,350.0
2026-01-07 07:31:52.078000+00:00,2026-01-07 07:31:49.590746+00:00,112.078,0.355,0.35,0.36,0.645,0.64,0.65,15.38,178.99,178.99,15.38,0.34,5.0,0.37,229.0,0.33,143.7,0.38,345.02,0.32,147.0,0.39,323.0,0.31,291.0,0.4,323.0,0.3,362.0,0.41,541.81,0.63,241.0,0.66,5.0,0.62,333.02,0.67,143.7,0.61,323.0,0.68,147.0,0.6,323.0,0.69,291.0,0.59,541.81,0.7,362.0
2026-01-07 07:31:53.771000+00:00,2026-01-07 07:31:51.599874+00:00,113.771,0.355,0.35,0.36,0.645,0.64,0.65,15.38,169.12,169.12,15.38,0.34,110.0,0.37,321.0,0.33,84.0,0.38,403.02,0.32,184.49,0.39,454.0,0.31,485.0,0.4,454.0,0.3,362.0,0.41,307.81,0.63,321.0,0.66,110.0,0.62,403.02,0.67,84.0,0.61,454.0,0.68,184.49,0.6,454.0,0.69,485.0,0.59,307.81,0.7,362.0
2026-01-07 07:31:55.175000+00:00,2026-01-07 07:31:52.621435+00:00,115.175,0.335,0.33,0.34,0.665,0.66,0.67,15.0,247.0,252.0,15.0,0.32,82.5,0.35,60.0,0.31,339.0,0.36,214.34,0.3,465.0,0.37,332.0,0.29,514.0,0.38,595.02,0.28,473.0,0.39,419.0,0.65,75.0,0.68,7.5,0.64,214.34,0.69,264.0,0.63,332.0,0.7,332.0,0.62,595.02,0.71,444.0,0.61,419.0,0.72,473.0
2026-01-07 07:31:56.173000+00:00,2026-01-07 07:31:53.631133+00:00,116.173,0.325,0.32,0.33,0.675,0.67,0.68,7.5,207.04,207.04,7.5,0.31,229.0,0.34,127.0,0.3,357.0,0.35,411.0,0.29,419.0,0.36,348.0,0.28,438.0,0.37,252.0,0.27,473.0,0.38,560.02,0.66,127.0,0.69,229.0,0.65,411.0,0.7,357.0,0.64,348.0,0.71,419.0,0.63,252.0,0.72,438.0,0.62,560.02,0.73,473.0
2026-01-07 07:31:57.199000+00:00,2026-01-07 07:31:54.656055+00:00,117.199,0.315,0.31,0.32,0.685,0.68,0.69,239.71,85.0,90.81,249.91,0.3,345.0,0.33,201.0,0.29,431.0,0.34,151.0,0.28,450.0,0.35,289.0,0.27,461.0,0.36,348.0,0.26,481.0,0.37,252.0,0.67,166.0,0.7,345.0,0.66,127.0,0.71,431.0,0.65,289.0,0.72,426.0,0.64,348.0,0.73,461.0,0.63,252.0,0.74,481.0
2026-01-07 07:31:58.156000+00:00,2026-01-07 07:31:55.661482+00:00,118.156,0.315,0.31,0.32,0.685,0.68,0.69,237.91,164.69,179.69,237.91,0.3,357.0,0.33,157.0,0.29,419.0,0.34,79.0,0.28,438.0,0.35,289.0,0.27,473.0,0.36,348.0,0.26,493.0,0.37,252.0,0.67,157.0,0.7,174.0,0.66,79.0,0.71,298.0,0.65,289.0,0.72,438.0,0.64,348.0,0.73,473.0,0.63,252.0,0.74,493.0
2026-01-07 07:31:59.133000+00:00,2026-01-07 07:31:56.668745+00:00,119.133,0.315,0.31,0.32,0.685,0.68,0.69,237.91,155.78,155.78,237.91,0.3,174.0,0.33,169.0,0.29,298.0,0.34,147.0,0.28,438.0,0.35,359.0,0.27,473.0,0.36,338.0,0.26,493.0,0.37,252.0,0.67,169.0,0.7,174.0,0.66,147.0,0.71,298.0,0.65,359.0,0.72,438.0,0.64,338.0,0.73,473.0,0.63,252.0,0.74,493.0
2026-01-07 07:32:00.151000+00:00,2026-01-07 07:31:57.690706+00:00,120.151,0.315,0.31,0.32,0.685,0.68,0.69,361.37,71.56,96.56,371.77,0.3,104.0,0.33,176.35,0.29,298.0,0.34,147.0,0.28,438.0,0.35,359.0,0.27,473.0,0.36,338.0,0.26,493.0,0.37,252.0,0.67,172.35,0.7,121.99,0.66,151.0,0.71,280.0,0.65,339.0,0.72,438.0,0.64,338.0,0.73,473.0,0.63,252.0,0.74,469.0
2026-01-07 07:32:01.202000+00:00,2026-01-07 07:31:58.698850+00:00,121.202,0.315,0.31,0.32,0.685,0.68,0.69,262.13,172.56,196.56,262.13,0.3,120.0,0.33,225.0,0.29,247.0,0.34,125.0,0.28,414.0,0.35,339.0,0.27,497.0,0.36,358.0,0.26,493.0,0.37,373.0,0.67,201.0,0.7,85.0,0.66,125.0,0.71,237.0,0.65,339.0,0.72,379.0,0.64,358.0,0.73,497.0,0.63,373.0,0.74,481.0
2026-01-07 07:32:02.245000+00:00,2026-01-07 07:31:59.703866+00:00,122.245,0.315,0.31,0.32,0.685,0.68,0.69,283.95,238.0,238.0,283.95,0.3,90.0,0.33,201.0,0.29,89.0,0.34,308.0,0.28,379.0,0.35,339.0,0.27,497.0,0.36,358.0,0.26,481.0,0.37,373.0,0.67,201.0,0.7,95.0,0.66,308.0,0.71,89.0,0.65,339.0,0.72,379.0,0.64,358.0,0.73,497.0,0.63,373.0,0.74,481.0
2026-01-07 07:32:03.191000+00:00,2026-01-07 07:32:00.707102+00:00,123.191,0.315,0.31,0.32,0.685,0.68,0.69,285.75,158.0,158.0,284.15,0.3,114.0,0.33,202.0,0.29,65.0,0.34,357.0,0.28,391.0,0.35,314.0,0.27,485.0,0.36,373.52,0.26,493.0,0.37,373.0,0.67,202.0,0.7,114.0,0.66,357.0,0.71,65.0,0.65,314.0,0.72,391.0,0.64,373.52,0.73,485.0,0.63,373.0,0.74,493.0
2026-01-07 07:32:04.247000+00:00,2026-01-07 07:32:01.715545+00:00,124.247,0.315,0.31,0.32,0.685,0.68,0.69,284.15,143.0,143.0,279.09,0.3,114.0,0.33,202.0,0.29,262.4,0.34,174.0,0.28,403.0,0.35,314.0,0.27,485.0,0.36,373.52,0.26,481.0,0.37,373.0,0.67,202.0,0.7,114.0,0.66,174.0,0.71,262.4,0.65,314.0,0.72,403.0,0.64,373.52,0.73,485.0,0.63,373.0,0.74,481.0
2026-01-07 07:32:05.279000+00:00,2026-01-07 07:32:02.724463+00:00,125.279,0.315,0.31,0.32,0.685,0.68,0.69,327.49,119.21,108.0,340.89,0.3,94.0,0.33,202.0,0.29,262.4,0.34,174.0,0.28,403.0,0.35,314.0,0.27,485.0,0.36,373.52,0.26,481.0,0.37,373.0,0.67,202.0,0.7,94.0,0.66,174.0,0.71,262.4,0.65,314.0,0.72,403.0,0.64,373.52,0.73,485.0,0.63,373.0,0.74,481.0
2026-01-07 07:32:06.014000+00:00,2026-01-07 07:32:03.729713+00:00,126.014,0.315,0.31,0.32,0.685,0.68,0.69,368.53,93.0,78.0,368.53,0.3,79.0,0.33,209.35,0.29,262.4,0.34,174.0,0.28,391.0,0.35,334.0,0.27,497.0,0.36,353.52,0.26,481.0,0.37,373.0,0.67,209.35,0.7,79.0,0.66,174.0,0.71,262.4,0.65,334.0,0.72,391.0,0.64,353.52,0.73,497.0,0.63,373.0,0.74,481.0
2026-01-07 07:32:07.281000+00:00,2026-01-07 07:32:04.739274+00:00,127.281,0.325,0.32,0.33,0.675,0.67,0.68,133.0,80.0,31.0,229.0,0.31,633.93,0.34,105.0,0.3,388.99,0.35,228.0,0.29,353.4,0.36,256.09,0.28,379.0,0.37,105.0,0.27,449.0,0.38,626.0,0.66,110.0,0.69,637.29,0.65,228.0,0.7,388.99,0.64,187.09,0.71,353.4,0.63,173.0,0.72,379.0,0.62,626.0,0.73,449.0
2026-01-07 07:32:08.164000+00:00,2026-01-07 07:32:05.729712+00:00,128.164,0.345,0.34,0.35,0.655,0.65,0.66,138.0,183.0,183.0,138.0,0.33,72.0,0.36,179.09,0.32,320.0,0.37,257.0,0.31,590.29,0.38,542.0,0.3,420.0,0.39,333.0,0.29,377.4,0.4,412.33,0.64,179.09,0.67,72.0,0.63,257.0,0.68,320.0,0.62,542.0,0.69,590.29,0.61,333.0,0.7,420.0,0.6,412.33,0.71,377.4
2026-01-07 07:32:09.278000+00:00,2026-01-07 07:32:06.737381+00:00,129.278,0.345,0.34,0.35,0.655,0.65,0.66,143.66,122.51,122.51,143.66,0.33,107.0,0.36,282.39,0.32,295.0,0.37,160.0,0.31,615.29,0.38,542.0,0.3,420.0,0.39,333.0,0.29,342.4,0.4,447.33,0.64,282.39,0.67,107.0,0.63,160.0,0.68,295.0,0.62,542.0,0.69,615.29,0.61,333.0,0.7,420.0,0.6,447.33,0.71,342.4
2026-01-07 07:32:10.294000+00:00,2026-01-07 07:32:07.745802+00:00,130.294,0.355,0.35,0.36,0.645,0.64,0.65,161.0,29.74,29.74,217.0,0.34,277.66,0.39,367.0,0.33,350.0,0.4,415.33,0.32,399.0,0.41,475.2,0.31,369.0,0.42,526.7,0.3,438.62,0.43,453.0,0.62,128.0,0.66,338.66,0.61,179.0,0.67,411.0,0.6,111.33,0.68,399.0,0.59,474.24,0.69,369.0,0.58,526.7,0.7,438.62
2026-01-07 07:32:11.306000+00:00,2026-01-07 07:32:08.754747+00:00,131.306,0.375,0.37,0.38,0.625,0.62,0.63,17.25,118.53,118.53,37.25,0.36,151.64,0.39,85.0,0.35,288.0,0.4,167.66,0.34,299.0,0.41,455.09,0.33,423.0,0.42,540.7,0.32,376.0,0.43,439.0,0.61,85.0,0.64,131.64,0.6,167.66,0.65,288.0,0.59,455.09,0.66,299.0,0.58,419.7,0.67,423.0,0.57,439.0,0.68,376.0
2026-01-07 07:32:12.122000+00:00,2026-01-07 07:32:09.772407+00:00,132.122,0.375,0.37,0.38,0.625,0.62,0.63,10.5,138.53,138.53,10.5,0.36,132.64,0.39,177.41,0.35,129.0,0.4,266.66,0.34,263.0,0.41,455.09,0.33,671.0,0.42,540.7,0.32,388.0,0.43,439.0,0.61,177.41,0.64,132.64,0.6,266.66,0.65,129.0,0.59,455.09,0.66,263.0,0.58,540.7,0.67,671.0,0.57,439.0,0.68,388.0
2026-01-07 07:32:13.003000+00:00,2026-01-07 07:32:10.779435+00:00,133.003,0.375,0.37,0.38,0.625,0.62,0.63,10.5,138.53,138.53,10.5,0.36,132.64,0.39,189.41,0.35,129.0,0.4,254.66,0.34,263.0,0.41,469.09,0.33,671.0,0.42,526.7,0.32,388.0,0.43,439.0,0.61,189.41,0.64,132.64,0.6,254.66,0.65,129.0,0.59,469.09,0.66,263.0,0.58,526.7,0.67,671.0,0.57,439.0,0.68,388.0
2026-01-07 07:32:14.331000+00:00,2026-01-07 07:32:11.786639+00:00,134.331,0.365,0.36,0.37,0.635,0.63,0.64,40.0,106.0,106.0,40.0,0.35,130.0,0.38,64.57,0.34,263.0,0.39,93.41,0.33,653.0,0.4,338.66,0.32,364.0,0.41,455.09,0.31,431.0,0.42,526.7,0.62,130.57,0.65,50.0,0.61,93.41,0.66,297.99,0.6,338.66,0.67,677.0,0.59,455.09,0.68,364.0,0.58,526.7,0.69,455.0
2026-01-07 07:32:15.362000+00:00,2026-01-07 07:32:12.810292+00:00,135.362,0.365,0.36,0.37,0.635,0.63,0.64,14.0,113.0,111.0,19.0,0.35,135.0,0.38,180.57,0.34,75.0,0.39,265.41,0.33,556.0,0.4,349.66,0.32,399.0,0.41,576.09,0.31,443.0,0.42,526.7,0.62,233.57,0.65,155.0,0.61,265.41,0.66,79.0,0.6,349.66,0.67,532.0,0.59,576.09,0.68,435.0,0.58,526.7,0.69,431.0
2026-01-07 07:32:16.197000+00:00,2026-01-07 07:32:13.815636+00:00,136.197,0.365,0.36,0.37,0.635,0.63,0.64,19.0,70.91,60.63,19.0,0.35,179.0,0.38,257.57,0.34,55.0,0.39,289.41,0.33,568.0,0.4,349.66,0.32,411.0,0.41,800.09,0.31,443.0,0.42,526.7,0.62,257.57,0.65,179.0,0.61,289.41,0.66,55.0,0.6,349.66,0.67,568.0,0.59,800.09,0.68,411.0,0.58,526.7,0.69,443.0
2026-01-07 07:32:17.835000+00:00,2026-01-07 07:32:15.845733+00:00,137.835,0.365,0.36,0.37,0.635,0.63,0.64,17.28,55.73,55.73,17.28,0.35,167.0,0.38,257.57,0.34,55.0,0.39,347.41,0.33,544.0,0.4,349.66,0.32,421.8,0.41,800.09,0.31,443.0,0.42,477.7,0.62,257.57,0.65,167.0,0.61,347.41,0.66,55.0,0.6,349.66,0.67,544.0,0.59,800.09,0.68,421.8,0.58,477.7,0.69,443.0
2026-01-07 07:32:19.382000+00:00,2026-01-07 07:32:16.852347+00:00,139.382,0.355,0.35,0.36,0.645,0.64,0.65,128.14,5.0,5.0,148.14,0.34,67.0,0.37,67.13,0.33,544.0,0.38,210.57,0.32,445.1,0.39,399.41,0.31,443.0,0.4,349.66,0.3,409.02,0.41,800.09,0.63,67.13,0.66,67.0,0.62,210.57,0.67,544.0,0.61,399.41,0.68,445.1,0.6,349.66,0.69,443.0,0.59,800.09,0.7,409.02
2026-01-07 07:32:20.333000+00:00,2026-01-07 07:32:17.857920+00:00,140.333,0.355,0.35,0.36,0.645,0.64,0.65,166.29,5.0,5.0,166.29,0.34,67.0,0.37,86.45,0.33,532.0,0.38,197.57,0.32,422.1,0.39,385.41,0.31,443.0,0.4,349.66,0.3,409.02,0.41,800.09,0.63,86.45,0.66,67.0,0.62,197.57,0.67,532.0,0.61,385.41,0.68,422.1,0.6,349.66,0.69,443.0,0.59,917.21,0.7,409.02
2026-01-07 07:32:21.378000+00:00,2026-01-07 07:32:18.871114+00:00,141.378,0.355,0.35,0.36,0.645,0.64,0.65,166.29,5.0,5.0,166.29,0.34,67.0,0.37,86.45,0.33,532.0,0.38,197.57,0.32,412.0,0.39,385.41,0.31,443.0,0.4,349.66,0.3,409.02,0.41,917.21,0.63,86.45,0.66,67.0,0.62,197.57,0.67,532.0,0.61,385.41,0.68,412.0,0.6,349.66,0.69,443.0,0.59,917.21,0.7,409.02
2026-01-07 07:32:22.089000+00:00,2026-01-07 07:32:19.879790+00:00,142.089,0.355,0.35,0.36,0.645,0.64,0.65,166.29,5.0,5.0,166.29,0.34,67.0,0.37,121.45,0.33,532.0,0.38,238.57,0.32,412.0,0.39,346.41,0.31,443.0,0.4,349.66,0.3,409.02,0.41,917.21,0.63,121.45,0.66,67.0,0.62,238.57,0.67,532.0,0.61,346.41,0.68,412.0,0.6,349.66,0.69,443.0,0.59,917.21,0.7,409.02
2026-01-07 07:32:23.349000+00:00,2026-01-07 07:32:20.901597+00:00,143.349,0.355,0.35,0.36,0.645,0.64,0.65,48.99,92.96,92.96,48.99,0.34,144.0,0.37,142.73,0.33,507.0,0.38,112.57,0.32,411.0,0.39,410.41,0.31,455.0,0.4,349.66,0.3,439.32,0.41,917.21,0.63,142.73,0.66,144.0,0.62,182.57,0.67,507.0,0.61,410.41,0.68,411.0,0.6,349.66,0.69,455.0,0.59,877.68,0.7,439.32
2026-01-07 07:32:24.444000+00:00,2026-01-07 07:32:21.906971+00:00,144.444,0.355,0.35,0.36,0.645,0.64,0.65,23.82,92.96,92.96,23.82,0.34,158.0,0.37,270.73,0.33,507.0,0.38,182.57,0.32,411.0,0.39,410.41,0.31,455.0,0.4,349.66,0.3,439.32,0.41,653.68,0.63,258.73,0.66,146.0,0.62,182.57,0.67,507.0,0.61,410.41,0.68,411.0,0.6,349.66,0.69,455.0,0.59,653.68,0.7,439.32
2026-01-07 07:32:25.429000+00:00,2026-01-07 07:32:22.914766+00:00,145.429,0.355,0.35,0.36,0.645,0.64,0.65,21.88,104.96,104.96,21.88,0.34,146.0,0.37,258.73,0.33,519.0,0.38,182.57,0.32,411.0,0.39,410.41,0.31,455.0,0.4,349.66,0.3,439.32,0.41,653.68,0.63,258.73,0.66,146.0,0.62,182.57,0.67,519.0,0.61,410.41,0.68,411.0,0.6,349.66,0.69,455.0,0.59,653.68,0.7,439.32
2026-01-07 07:32:26.366000+00:00,2026-01-07 07:32:23.920523+00:00,146.366,0.355,0.35,0.36,0.645,0.64,0.65,21.88,127.96,127.96,32.15,0.34,158.0,0.37,245.73,0.33,507.0,0.38,273.57,0.32,411.0,0.39,346.41,0.31,455.0,0.4,349.66,0.3,439.32,0.41,618.68,0.63,315.73,0.66,158.0,0.62,273.57,0.67,507.0,0.61,346.41,0.68,411.0,0.6,349.66,0.69,455.0,0.59,618.68,0.7,439.32
2026-01-07 07:32:27.328000+00:00,2026-01-07 07:32:24.926291+00:00,147.328,0.355,0.35,0.36,0.645,0.64,0.65,44.47,117.06,124.29,44.47,0.34,123.0,0.37,320.73,0.33,532.0,0.38,207.57,0.32,386.0,0.39,410.41,0.31,490.0,0.4,349.66,0.3,439.32,0.41,618.68,0.63,320.73,0.66,123.0,0.62,207.57,0.67,532.0,0.61,346.41,0.68,386.0,0.6,349.66,0.69,490.0,0.59,618.68,0.7,439.32
2026-01-07 07:32:28.477000+00:00,2026-01-07 07:32:25.935608+00:00,148.477,0.355,0.35,0.36,0.645,0.64,0.65,44.47,133.79,350.79,44.47,0.34,123.0,0.37,320.73,0.33,502.0,0.38,273.57,0.32,415.99,0.39,346.41,0.31,490.0,0.4,573.66,0.3,439.32,0.41,618.68,0.63,456.73,0.66,38.0,0.62,482.57,0.67,283.0,0.61,467.41,0.68,376.0,0.6,470.66,0.69,450.0,0.59,618.68,0.7,379.32
2026-01-07 07:32:29.481000+00:00,2026-01-07 07:32:26.927196+00:00,149.481,0.355,0.35,0.36,0.645,0.64,0.65,21.14,386.35,396.35,21.14,0.34,19.0,0.37,496.73,0.33,131.61,0.38,531.57,0.32,75.0,0.39,467.41,0.31,302.0,0.4,470.66,0.3,391.32,0.41,618.68,0.63,496.73,0.66,19.0,0.62,531.57,0.67,131.61,0.61,467.41,0.68,75.0,0.6,470.66,0.69,302.0,0.59,618.68,0.7,391.32
2026-01-07 07:32:30.455000+00:00,2026-01-07 07:32:27.938367+00:00,150.455,0.355,0.35,0.36,0.645,0.64,0.65,27.73,385.35,327.35,7.73,0.34,19.0,0.37,484.73,0.33,27.0,0.38,519.57,0.31,310.0,0.39,467.41,0.3,411.31,0.4,470.66,0.29,438.0,0.41,618.68,0.63,439.73,0.67,19.0,0.62,519.57,0.69,287.0,0.61,467.41,0.7,375.31,0.6,470.66,0.71,650.0,0.59,618.68,0.72,425.0
2026-01-07 07:32:31.468000+00:00,2026-01-07 07:32:28.946310+00:00,151.468,0.325,0.32,0.33,0.675,0.67,0.68,33.99,80.0,80.0,33.99,0.31,100.0,0.34,126.27,0.3,278.31,0.35,289.0,0.29,638.0,0.36,352.0,0.28,437.0,0.37,464.73,0.27,438.0,0.38,418.57,0.66,126.27,0.69,100.0,0.65,289.0,0.7,278.31,0.64,352.0,0.71,638.0,0.63,464.73,0.72,437.0,0.62,418.57,0.73,508.0
2026-01-07 07:32:32.496000+00:00,2026-01-07 07:32:29.955039+00:00,152.496,0.28500000000000003,0.28,0.29,0.715,0.71,0.72,126.99,27.51,27.51,126.99,0.27,30.0,0.3,119.97,0.26,310.99,0.31,258.0,0.25,388.0,0.32,335.0,0.24,339.0,0.33,489.0,0.23,379.0,0.34,319.0,0.7,119.97,0.73,70.0,0.69,258.0,0.74,285.99,0.68,335.0,0.75,413.0,0.67,489.0,0.76,304.0,0.66,319.0,0.77,374.0
2026-01-07 07:32:33.493000+00:00,2026-01-07 07:32:30.962413+00:00,153.493,0.295,0.29,0.3,0.705,0.7,0.71,12.0,147.56,147.56,12.0,0.28,105.17,0.31,257.0,0.27,266.0,0.32,330.35,0.26,275.99,0.33,465.0,0.25,413.0,0.34,354.0,0.24,304.0,0.35,349.0,0.69,257.0,0.72,105.17,0.68,330.35,0.73,301.0,0.67,465.0,0.74,285.99,0.66,354.0,0.75,413.0,0.65,419.0,0.76,339.0
2026-01-07 07:32:34.516000+00:00,2026-01-07 07:32:31.965768+00:00,154.516,0.295,0.29,0.3,0.705,0.7,0.71,2.21,161.98,161.98,2.21,0.28,147.17,0.31,295.0,0.27,276.0,0.32,282.35,0.26,286.99,0.33,465.0,0.25,436.3,0.34,354.0,0.24,316.0,0.35,449.0,0.69,305.0,0.72,147.17,0.68,282.35,0.73,276.0,0.67,465.0,0.74,286.99,0.66,354.0,0.75,436.3,0.65,476.73,0.76,316.0
2026-01-07 07:32:35.526000+00:00,2026-01-07 07:32:32.973778+00:00,155.526,0.295,0.29,0.3,0.715,0.71,0.72,2.21,273.98,218.99,20.0,0.28,15.0,0.31,245.0,0.27,370.98,0.32,270.35,0.26,262.0,0.33,465.0,0.25,442.3,0.34,578.0,0.24,375.0,0.35,476.73,0.7,277.0,0.74,298.0,0.69,293.0,0.75,623.3,0.68,305.35,0.76,392.99,0.67,535.0,0.77,382.3,0.66,389.0,0.78,507.6
2026-01-07 07:32:36.544000+00:00,2026-01-07 07:32:33.997857+00:00,156.544,0.28500000000000003,0.28,0.29,0.715,0.71,0.72,135.0,256.0,256.0,133.61,0.27,45.0,0.3,207.0,0.26,293.0,0.31,145.0,0.25,618.2,0.32,340.35,0.24,370.1,0.33,638.0,0.23,394.3,0.34,389.0,0.7,207.0,0.73,45.0,0.69,145.0,0.74,293.0,0.68,340.35,0.75,618.2,0.67,562.0,0.76,382.1,0.66,389.0,0.77,382.3
2026-01-07 07:32:37.412000+00:00,2026-01-07 07:32:35.017655+00:00,157.412,0.28500000000000003,0.28,0.29,0.715,0.71,0.72,133.61,184.0,184.0,133.61,0.27,45.0,0.3,267.0,0.26,290.0,0.31,157.0,0.25,655.2,0.32,340.35,0.24,369.1,0.33,562.0,0.23,467.3,0.34,463.0,0.7,267.0,0.73,45.0,0.69,157.0,0.74,290.0,0.68,340.35,0.75,655.2,0.67,562.0,0.76,369.1,0.66,463.0,0.77,467.3
2026-01-07 07:32:38.493000+00:00,2026-01-07 07:32:36.023782+00:00,158.493,0.28500000000000003,0.28,0.29,0.715,0.71,0.72,128.61,122.0,122.0,128.61,0.27,45.0,0.3,219.0,0.26,107.0,0.31,328.0,0.25,648.3,0.32,340.35,0.24,357.1,0.33,638.0,0.23,358.3,0.34,389.0,0.7,219.0,0.73,45.0,0.69,328.0,0.74,107.0,0.68,340.35,0.75,648.3,0.67,638.0,0.76,357.1,0.66,389.0,0.77,358.3
2026-01-07 07:32:39.586000+00:00,2026-01-07 07:32:37.032369+00:00,159.586,0.28500000000000003,0.28,0.29,0.715,0.71,0.72,140.61,51.95,51.95,118.95,0.27,74.99,0.3,175.0,0.26,124.0,0.31,412.0,0.25,647.3,0.32,352.35,0.24,462.1,0.33,562.0,0.23,416.3,0.34,389.0,0.7,190.0,0.73,74.99,0.69,412.0,0.74,129.0,0.68,352.35,0.75,647.3,0.67,562.0,0.76,462.1,0.66,389.0,0.77,416.3
2026-01-07 07:32:40.583000+00:00,2026-01-07 07:32:38.040791+00:00,160.583,0.28500000000000003,0.28,0.29,0.715,0.71,0.72,5.56,149.57,178.57,5.0,0.27,89.99,0.3,261.0,0.26,171.0,0.31,364.0,0.25,612.0,0.32,340.35,0.24,370.1,0.33,638.0,0.23,428.3,0.34,389.0,0.7,189.0,0.73,99.99,0.69,352.0,0.74,135.0,0.68,340.35,0.75,600.0,0.67,638.0,0.76,370.1,0.66,389.0,0.77,440.3
2026-01-07 07:32:41.503000+00:00,2026-01-07 07:32:39.049521+00:00,161.503,0.275,0.27,0.28,0.725,0.72,0.73,99.99,89.0,29.0,99.99,0.26,135.0,0.29,161.57,0.25,594.9,0.3,177.0,0.24,382.1,0.31,352.0,0.23,428.3,0.32,340.35,0.22,566.6,0.33,638.0,0.71,149.57,0.74,135.0,0.7,177.0,0.75,594.9,0.69,352.0,0.76,370.1,0.68,340.35,0.77,428.3,0.67,638.0,0.78,554.6
2026-01-07 07:32:42.530000+00:00,2026-01-07 07:32:40.064655+00:00,162.53,0.275,0.27,0.28,0.725,0.72,0.73,99.99,5.0,22.0,93.82,0.26,132.0,0.29,204.57,0.25,633.89,0.3,185.0,0.24,352.1,0.31,328.0,0.23,464.3,0.32,340.35,0.22,542.6,0.33,638.0,0.71,216.57,0.74,117.0,0.7,161.0,0.75,648.89,0.69,328.0,0.76,352.1,0.68,340.35,0.77,464.3,0.67,638.0,0.78,542.6
2026-01-07 07:32:43.610000+00:00,2026-01-07 07:32:41.072127+00:00,163.61,0.275,0.27,0.28,0.725,0.72,0.73,92.45,17.0,17.0,92.45,0.26,132.0,0.29,216.57,0.25,633.89,0.3,161.0,0.24,364.1,0.31,328.0,0.23,452.3,0.32,345.35,0.22,542.6,0.33,638.0,0.71,216.57,0.74,132.0,0.7,161.0,0.75,633.89,0.69,328.0,0.76,364.1,0.68,345.35,0.77,452.3,0.67,638.0,0.78,542.6
2026-01-07 07:32:44.606000+00:00,2026-01-07 07:32:42.079179+00:00,164.606,0.275,0.27,0.28,0.725,0.72,0.73,92.45,5.0,5.0,92.45,0.26,129.0,0.29,316.57,0.25,636.89,0.3,209.0,0.24,376.1,0.31,328.0,0.23,440.3,0.32,345.35,0.22,542.6,0.33,638.0,0.71,316.57,0.74,129.0,0.7,209.0,0.75,636.89,0.69,328.0,0.76,376.1,0.68,345.35,0.77,428.3,0.67,638.0,0.78,542.6
2026-01-07 07:32:45.638000+00:00,2026-01-07 07:32:43.081921+00:00,165.638,0.28,0.27,0.29,0.715,0.71,0.72,74.45,239.39,152.0,110.0,0.26,142.0,0.3,302.0,0.25,593.0,0.31,328.0,0.24,358.1,0.32,544.35,0.23,416.3,0.33,683.0,0.22,430.0,0.34,389.0,0.7,316.0,0.73,40.0,0.69,328.0,0.74,142.0,0.68,544.35,0.75,588.0,0.67,683.0,0.76,346.1,0.66,389.0,0.77,416.3
2026-01-07 07:32:46.638000+00:00,2026-01-07 07:32:44.106041+00:00,166.638,0.28500000000000003,0.28,0.29,0.715,0.71,0.72,139.0,10.0,10.0,126.22,0.27,54.0,0.3,353.0,0.26,166.0,0.31,328.0,0.25,296.0,0.32,550.35,0.24,225.1,0.33,695.0,0.23,532.0,0.34,463.0,0.7,353.0,0.73,54.0,0.69,328.0,0.74,166.0,0.68,550.35,0.75,296.0,0.67,695.0,0.76,225.1,0.66,463.0,0.77,532.0
2026-01-07 07:32:47.664000+00:00,2026-01-07 07:32:45.108098+00:00,167.664,0.29000000000000004,0.28,0.3,0.71,0.7,0.72,104.22,375.78,411.78,104.22,0.27,30.0,0.31,328.0,0.26,142.0,0.32,478.35,0.25,296.0,0.33,535.0,0.24,225.1,0.34,389.0,0.23,423.0,0.35,476.73,0.69,376.0,0.73,42.0,0.68,466.35,0.74,142.0,0.67,535.0,0.75,332.0,0.66,389.0,0.76,225.1,0.65,476.73,0.77,435.0
2026-01-07 07:32:48.553000+00:00,2026-01-07 07:32:46.114707+00:00,168.553,0.28500000000000003,0.28,0.29,0.715,0.71,0.72,104.22,47.0,47.0,104.22,0.27,30.0,0.3,477.78,0.26,154.0,0.31,364.0,0.25,296.0,0.32,466.35,0.24,261.1,0.33,535.0,0.23,436.4,0.34,389.0,0.7,477.78,0.73,30.0,0.69,364.0,0.74,154.0,0.68,466.35,0.75,296.0,0.67,535.0,0.76,261.1,0.66,389.0,0.77,436.4
2026-01-07 07:32:49.442000+00:00,2026-01-07 07:32:47.120393+00:00,169.442,0.28500000000000003,0.28,0.29,0.715,0.71,0.72,94.22,43.55,35.0,94.22,0.27,30.0,0.3,477.78,0.26,154.0,0.31,364.0,0.25,296.0,0.32,466.35,0.24,261.1,0.33,535.0,0.23,448.4,0.34,389.0,0.7,489.78,0.73,164.0,0.69,364.0,0.74,264.0,0.68,466.35,0.75,575.0,0.67,535.0,0.76,358.1,0.66,389.0,0.77,436.4
2026-01-07 07:32:50.600000+00:00,2026-01-07 07:32:48.128034+00:00,170.6,0.28500000000000003,0.28,0.29,0.715,0.71,0.72,108.22,56.55,56.55,108.22,0.27,225.0,0.3,264.78,0.26,325.0,0.31,157.0,0.25,636.0,0.32,162.35,0.24,358.1,0.33,414.0,0.23,436.4,0.34,268.0,0.7,264.78,0.73,225.0,0.69,157.0,0.74,325.0,0.68,162.35,0.75,636.0,0.67,414.0,0.76,346.1,0.66,268.0,0.77,436.4
2026-01-07 07:32:51.726000+00:00,2026-01-07 07:32:49.117722+00:00,171.726,0.28500000000000003,0.28,0.29,0.715,0.71,0.72,108.22,92.55,203.1,43.22,0.27,213.0,0.3,240.78,0.26,325.0,0.31,159.0,0.25,600.0,0.32,386.35,0.24,406.1,0.33,414.0,0.23,436.4,0.34,268.0,0.7,180.0,0.73,246.17,0.69,159.0,0.74,325.0,0.68,386.35,0.75,600.0,0.67,414.0,0.76,406.1,0.66,268.0,0.77,436.4
2026-01-07 07:32:52.499000+00:00,2026-01-07 07:32:50.138378+00:00,172.499,0.28500000000000003,0.28,0.29,0.715,0.71,0.72,43.22,196.2,196.2,33.22,0.27,246.17,0.3,180.0,0.26,325.0,0.31,159.0,0.25,600.0,0.32,386.35,0.24,406.1,0.33,414.0,0.23,436.4,0.34,268.0,0.7,180.0,0.73,246.17,0.69,159.0,0.74,325.0,0.68,386.35,0.75,600.0,0.67,414.0,0.76,406.1,0.66,268.0,0.77,436.4
2026-01-07 07:32:53.641000+00:00,2026-01-07 07:32:51.130764+00:00,173.641,0.28500000000000003,0.28,0.29,0.715,0.71,0.72,37.05,192.75,46.2,122.05,0.27,63.17,0.3,180.0,0.26,142.0,0.31,342.0,0.25,606.9,0.32,647.35,0.24,406.1,0.33,338.0,0.23,436.4,0.34,389.0,0.7,180.78,0.73,30.0,0.69,409.0,0.74,130.0,0.68,583.35,0.75,588.0,0.67,338.0,0.76,346.1,0.66,389.0,0.77,424.4
2026-01-07 07:32:54.743000+00:00,2026-01-07 07:32:52.151645+00:00,174.743,0.28500000000000003,0.28,0.29,0.715,0.71,0.72,37.05,160.42,196.42,23.05,0.27,75.17,0.3,198.0,0.26,142.0,0.31,378.0,0.25,612.0,0.32,647.35,0.24,382.1,0.33,338.0,0.23,436.4,0.34,389.0,0.7,198.0,0.73,77.17,0.69,366.0,0.74,142.0,0.68,647.35,0.75,600.0,0.67,338.0,0.76,406.1,0.66,389.0,0.77,424.4
2026-01-07 07:32:55.709000+00:00,2026-01-07 07:32:53.159440+00:00,175.709,0.28500000000000003,0.28,0.29,0.715,0.71,0.72,23.05,232.42,237.42,23.05,0.27,77.17,0.3,186.0,0.26,142.0,0.31,447.0,0.25,600.0,0.32,569.35,0.24,370.1,0.33,338.0,0.23,436.4,0.34,389.0,0.7,174.0,0.73,77.17,0.69,447.0,0.74,142.0,0.68,569.35,0.75,600.0,0.67,338.0,0.76,370.1,0.66,389.0,0.77,472.4
2026-01-07 07:32:56.567000+00:00,2026-01-07 07:32:54.164195+00:00,176.567,0.28500000000000003,0.28,0.29,0.715,0.71,0.72,23.05,220.42,244.42,18.05,0.27,77.17,0.3,217.0,0.26,100.0,0.31,328.0,0.25,629.99,0.32,569.35,0.24,358.1,0.33,338.0,0.23,448.4,0.34,389.0,0.7,217.0,0.73,77.17,0.69,328.0,0.74,100.0,0.68,569.35,0.75,629.99,0.67,387.0,0.76,358.1,0.66,389.0,0.77,428.3
2026-01-07 07:32:57.714000+00:00,2026-01-07 07:32:55.154876+00:00,177.714,0.28500000000000003,0.28,0.29,0.715,0.71,0.72,13.05,172.42,172.42,13.05,0.27,87.17,0.3,275.0,0.26,142.0,0.31,354.0,0.25,588.0,0.32,569.35,0.24,382.1,0.33,387.0,0.23,428.3,0.34,389.0,0.7,289.0,0.73,87.17,0.69,340.0,0.74,154.0,0.68,569.35,0.75,600.0,0.67,387.0,0.76,394.1,0.66,389.0,0.77,416.3
2026-01-07 07:32:58.529000+00:00,2026-01-07 07:32:56.158752+00:00,178.529,0.28500000000000003,0.28,0.29,0.715,0.71,0.72,13.05,246.42,246.42,13.05,0.27,87.17,0.3,223.0,0.26,154.0,0.31,340.0,0.25,600.0,0.32,569.35,0.24,394.1,0.33,387.0,0.23,428.3,0.34,389.0,0.7,223.0,0.73,87.17,0.69,340.0,0.74,154.0,0.68,569.35,0.75,600.0,0.67,387.0,0.76,394.1,0.66,389.0,0.77,428.3
2026-01-07 07:32:59.633000+00:00,2026-01-07 07:32:57.164263+00:00,179.633,0.28500000000000003,0.28,0.29,0.715,0.71,0.72,13.05,246.42,246.42,13.05,0.27,77.17,0.3,223.0,0.26,119.0,0.31,340.0,0.25,625.0,0.32,569.35,0.24,369.1,0.33,338.0,0.23,428.3,0.34,389.0,0.7,223.0,0.73,77.17,0.69,340.0,0.74,119.0,0.68,569.35,0.75,625.0,0.67,338.0,0.76,369.1,0.66,389.0,0.77,428.3
2026-01-07 07:33:00.720000+00:00,2026-01-07 07:32:58.171179+00:00,180.72,0.315,0.31,0.32,0.645,0.64,0.65,42.0,12.35,110.78,99.27,0.29,45.0,0.33,5.0,0.28,818.05,0.35,57.73,0.27,250.99,0.36,110.78,0.26,535.0,0.37,83.0,0.25,430.9,0.38,296.0,0.63,98.0,0.66,189.0,0.62,308.0,0.67,290.0,0.61,260.41,0.68,393.3,0.6,370.66,0.69,335.0,0.59,560.21,0.7,243.0
2026-01-07 07:33:01.709000+00:00,2026-01-07 07:32:59.176862+00:00,181.709,0.355,0.35,0.36,0.665,0.66,0.67,30.0,239.78,148.99,20.0,0.34,10.0,0.37,198.0,0.33,60.0,0.38,213.0,0.32,121.99,0.39,450.41,0.31,396.0,0.4,370.66,0.3,331.0,0.41,534.04,0.65,90.0,0.68,91.99,0.64,184.0,0.69,361.0,0.63,198.0,0.7,331.0,0.62,213.0,0.71,390.0,0.61,485.41,0.72,387.0
2026-01-07 07:33:02.603000+00:00,2026-01-07 07:33:00.178133+00:00,182.603,0.335,0.33,0.34,0.665,0.66,0.67,50.91,204.38,204.38,50.91,0.32,101.99,0.35,143.0,0.31,384.0,0.36,100.0,0.3,366.0,0.37,208.0,0.29,401.0,0.38,248.0,0.28,429.4,0.39,534.41,0.65,143.0,0.68,101.99,0.64,100.0,0.69,384.0,0.63,208.0,0.7,366.0,0.62,248.0,0.71,401.0,0.61,534.41,0.72,429.4
2026-01-07 07:33:03.658000+00:00,2026-01-07 07:33:01.196912+00:00,183.658,0.335,0.33,0.34,0.665,0.66,0.67,37.0,85.38,85.38,37.0,0.32,304.99,0.35,80.0,0.31,398.0,0.36,243.0,0.3,393.2,0.37,62.0,0.29,407.3,0.38,318.0,0.28,404.4,0.39,604.41,0.65,122.0,0.68,304.99,0.64,267.0,0.69,398.0,0.63,62.0,0.7,393.2,0.62,318.0,0.71,407.3,0.61,604.41,0.72,404.4
2026-01-07 07:33:04.614000+00:00,2026-01-07 07:33:02.213464+00:00,184.614,0.335,0.33,0.34,0.665,0.66,0.67,25.21,100.38,100.38,25.21,0.32,121.99,0.35,193.0,0.31,628.1,0.36,210.0,0.3,393.2,0.37,120.0,0.29,407.3,0.38,318.0,0.28,474.4,0.39,380.41,0.65,193.0,0.68,121.99,0.64,210.0,0.69,628.1,0.63,120.0,0.7,393.2,0.62,318.0,0.71,407.3,0.61,380.41,0.72,474.4
2026-01-07 07:33:05.768000+00:00,2026-01-07 07:33:03.219179+00:00,185.768,0.335,0.33,0.34,0.665,0.66,0.67,8.21,271.38,271.38,8.21,0.32,121.99,0.35,146.0,0.31,616.1,0.36,204.0,0.3,345.2,0.37,120.0,0.29,419.3,0.38,318.0,0.28,498.4,0.39,380.41,0.65,146.0,0.68,121.99,0.64,204.0,0.69,616.1,0.63,120.0,0.7,357.2,0.62,318.0,0.71,419.3,0.61,380.41,0.72,510.4
2026-01-07 07:33:06.777000+00:00,2026-01-07 07:33:04.225544+00:00,186.777,0.335,0.33,0.34,0.665,0.66,0.67,8.21,184.38,184.38,8.21,0.32,133.99,0.35,164.0,0.31,616.1,0.36,192.0,0.3,369.2,0.37,120.0,0.29,431.3,0.38,318.0,0.28,486.4,0.39,380.41,0.65,164.0,0.68,133.99,0.64,192.0,0.69,616.1,0.63,120.0,0.7,369.2,0.62,318.0,0.71,431.3,0.61,380.41,0.72,486.4
2026-01-07 07:33:07.797000+00:00,2026-01-07 07:33:05.245378+00:00,187.797,0.335,0.33,0.34,0.665,0.66,0.67,8.21,283.38,268.38,8.21,0.32,121.99,0.35,107.0,0.31,608.45,0.36,165.0,0.3,360.2,0.37,120.0,0.29,407.3,0.38,542.0,0.28,510.4,0.39,380.41,0.65,107.0,0.68,121.99,0.64,165.0,0.69,608.45,0.63,120.0,0.7,360.2,0.62,542.0,0.71,419.3,0.61,380.41,0.72,522.4
2026-01-07 07:33:08.755000+00:00,2026-01-07 07:33:06.251876+00:00,188.755,0.335,0.33,0.34,0.665,0.66,0.67,8.21,283.38,283.38,8.21,0.32,121.99,0.35,107.0,0.31,596.45,0.36,165.0,0.3,372.2,0.37,120.0,0.29,407.3,0.38,542.0,0.28,522.4,0.39,380.41,0.65,107.0,0.68,121.99,0.64,165.0,0.69,596.45,0.63,120.0,0.7,372.2,0.62,542.0,0.71,419.3,0.61,380.41,0.72,522.4
2026-01-07 07:33:09.658000+00:00,2026-01-07 07:33:07.258211+00:00,189.658,0.335,0.33,0.34,0.665,0.66,0.67,8.21,122.43,122.43,8.21,0.32,105.17,0.35,232.0,0.31,401.45,0.36,448.0,0.3,381.2,0.37,303.0,0.29,394.3,0.38,318.0,0.28,404.4,0.39,466.41,0.65,232.0,0.68,105.17,0.64,448.0,0.69,401.45,0.63,303.0,0.7,381.2,0.62,318.0,0.71,394.3,0.61,466.41,0.72,404.4
2026-01-07 07:33:10.843000+00:00,2026-01-07 07:33:08.278905+00:00,190.843,0.345,0.34,0.35,0.655,0.65,0.66,158.0,183.0,218.0,158.0,0.33,60.21,0.36,404.6,0.32,133.99,0.37,342.0,0.31,420.45,0.38,390.0,0.3,345.2,0.39,466.41,0.29,395.3,0.4,397.33,0.64,404.6,0.67,60.21,0.63,342.0,0.68,255.99,0.62,390.0,0.69,420.45,0.61,501.41,0.7,345.2,0.6,397.33,0.71,395.3
2026-01-07 07:33:11.613000+00:00,2026-01-07 07:33:09.283062+00:00,191.613,0.345,0.34,0.35,0.655,0.65,0.66,158.0,148.0,148.0,158.0,0.33,75.21,0.36,221.6,0.32,301.99,0.37,144.0,0.31,420.45,0.38,405.0,0.3,345.2,0.39,380.41,0.29,395.3,0.4,268.0,0.64,221.6,0.67,75.21,0.63,144.0,0.68,301.99,0.62,405.0,0.69,420.45,0.61,380.41,0.7,345.2,0.6,268.0,0.71,395.3
2026-01-07 07:33:12.826000+00:00,2026-01-07 07:33:10.275085+00:00,192.826,0.345,0.34,0.35,0.655,0.65,0.66,29.0,164.0,287.0,29.0,0.33,98.71,0.36,270.0,0.32,79.99,0.37,318.0,0.31,397.45,0.38,318.0,0.3,332.2,0.39,380.41,0.29,395.3,0.4,268.0,0.64,165.0,0.67,78.71,0.63,318.0,0.68,79.99,0.62,318.0,0.69,403.35,0.61,380.41,0.7,332.2,0.6,268.0,0.71,443.3
2026-01-07 07:33:13.778000+00:00,2026-01-07 07:33:11.280910+00:00,193.778,0.345,0.34,0.35,0.655,0.65,0.66,135.85,183.0,203.0,135.85,0.33,48.21,0.36,214.79,0.32,91.99,0.37,318.0,0.31,403.35,0.38,318.0,0.3,368.2,0.39,380.41,0.29,701.3,0.4,268.0,0.64,214.79,0.67,48.21,0.63,318.0,0.68,91.99,0.62,318.0,0.69,403.35,0.61,380.41,0.7,368.2,0.6,268.0,0.71,701.3
2026-01-07 07:33:14.704000+00:00,2026-01-07 07:33:12.277366+00:00,194.704,0.345,0.34,0.35,0.655,0.65,0.66,135.85,60.0,60.0,135.85,0.33,75.21,0.36,385.79,0.32,76.99,0.37,339.0,0.31,409.45,0.38,333.0,0.3,368.2,0.39,380.41,0.29,701.3,0.4,268.0,0.64,385.79,0.67,75.21,0.63,339.0,0.68,76.99,0.62,333.0,0.69,409.45,0.61,380.41,0.7,368.2,0.6,268.0,0.71,701.3
2026-01-07 07:33:15.854000+00:00,2026-01-07 07:33:13.282288+00:00,195.854,0.355,0.35,0.36,0.645,0.64,0.65,323.0,89.0,125.0,323.0,0.34,528.85,0.37,301.0,0.33,429.41,0.38,248.0,0.32,407.99,0.39,367.41,0.31,467.45,0.4,253.0,0.3,392.2,0.41,533.82,0.63,182.79,0.66,458.85,0.62,65.0,0.67,347.41,0.61,93.41,0.68,355.99,0.6,55.0,0.69,409.45,0.59,533.82,0.7,428.2
2026-01-07 07:33:16.761000+00:00,2026-01-07 07:33:14.290129+00:00,196.761,0.365,0.36,0.37,0.635,0.63,0.64,136.0,135.79,135.79,136.0,0.35,314.0,0.38,116.0,0.34,474.85,0.39,93.41,0.33,398.41,0.4,55.0,0.32,403.27,0.41,229.82,0.31,374.45,0.42,35.0,0.62,116.0,0.65,314.0,0.61,93.41,0.66,474.85,0.6,55.0,0.67,398.41,0.59,229.82,0.68,403.27,0.58,35.0,0.69,374.45
2026-01-07 07:33:17.803000+00:00,2026-01-07 07:33:15.296831+00:00,197.803,0.365,0.36,0.37,0.635,0.63,0.64,136.0,130.79,130.79,136.0,0.35,314.0,0.38,168.0,0.34,479.85,0.39,117.41,0.33,402.21,0.4,55.0,0.32,410.5,0.41,229.82,0.31,374.45,0.42,218.0,0.62,168.0,0.65,314.0,0.61,117.41,0.66,479.85,0.6,55.0,0.67,402.21,0.59,229.82,0.68,398.5,0.58,218.0,0.69,386.45
2026-01-07 07:33:18.534000+00:00,2026-01-07 07:33:16.300595+00:00,198.534,0.365,0.36,0.37,0.635,0.63,0.64,136.0,182.79,182.79,136.0,0.35,428.99,0.38,126.0,0.34,421.85,0.39,181.41,0.33,414.21,0.4,55.0,0.32,410.5,0.41,229.82,0.31,410.45,0.42,218.0,0.62,111.0,0.65,428.99,0.61,196.41,0.66,435.12,0.6,55.0,0.67,399.21,0.59,229.82,0.68,410.5,0.58,218.0,0.69,398.45
2026-01-07 07:33:19.793000+00:00,2026-01-07 07:33:17.321904+00:00,199.793,0.365,0.36,0.37,0.635,0.63,0.64,251.0,45.79,39.51,251.0,0.35,376.0,0.38,141.82,0.34,430.12,0.39,314.41,0.33,435.21,0.4,125.0,0.32,646.5,0.41,299.82,0.31,432.45,0.42,288.0,0.62,141.82,0.65,376.0,0.61,314.41,0.66,430.12,0.6,125.0,0.67,435.21,0.59,299.82,0.68,646.5,0.58,288.0,0.69,432.45
2026-01-07 07:33:20.844000+00:00,2026-01-07 07:33:18.329176+00:00,200.844,0.365,0.36,0.37,0.635,0.63,0.64,251.0,39.51,39.51,251.0,0.35,376.0,0.38,99.82,0.34,430.12,0.39,226.41,0.33,435.21,0.4,188.0,0.32,646.5,0.41,299.82,0.31,432.45,0.42,288.0,0.62,99.82,0.65,376.0,0.61,226.41,0.66,430.12,0.6,188.0,0.67,435.21,0.59,299.82,0.68,646.5,0.58,288.0,0.69,432.45
2026-01-07 07:33:21.888000+00:00,2026-01-07 07:33:19.339574+00:00,201.888,0.365,0.36,0.37,0.635,0.63,0.64,40.0,141.0,141.0,40.0,0.35,441.0,0.38,117.47,0.34,404.85,0.39,227.41,0.33,414.21,0.4,125.0,0.32,682.5,0.41,299.82,0.31,444.45,0.42,288.0,0.62,129.47,0.65,441.0,0.61,227.41,0.66,404.85,0.6,125.0,0.67,414.21,0.59,299.82,0.68,682.5,0.58,288.0,0.69,444.45
2026-01-07 07:33:22.784000+00:00,2026-01-07 07:33:20.346783+00:00,202.784,0.375,0.37,0.38,0.625,0.62,0.63,40.0,56.0,122.0,40.0,0.36,10.0,0.39,109.0,0.35,489.32,0.4,80.0,0.34,404.85,0.41,25.0,0.33,413.62,0.42,101.82,0.32,635.5,0.43,180.94,0.61,45.0,0.64,10.0,0.6,80.0,0.65,507.91,0.59,25.0,0.66,404.85,0.58,101.82,0.67,413.62,0.57,180.94,0.68,635.5
2026-01-07 07:33:23.900000+00:00,2026-01-07 07:33:21.340021+00:00,203.9,0.375,0.37,0.38,0.625,0.62,0.63,35.0,102.18,109.18,35.0,0.36,10.0,0.39,45.0,0.35,587.57,0.4,304.0,0.34,613.37,0.41,25.0,0.33,524.0,0.42,101.82,0.32,669.5,0.43,185.94,0.61,45.0,0.64,10.0,0.6,304.0,0.65,587.57,0.59,25.0,0.66,598.37,0.58,101.82,0.67,553.62,0.57,185.94,0.68,669.5
2026-01-07 07:33:24.847000+00:00,2026-01-07 07:33:22.344585+00:00,204.847,0.385,0.38,0.39,0.615,0.61,0.62,47.0,45.0,45.0,47.0,0.37,234.0,0.4,367.0,0.36,96.99,0.41,49.0,0.35,508.57,0.42,101.82,0.34,536.37,0.43,185.94,0.33,524.0,0.44,376.33,0.6,367.0,0.63,234.0,0.59,61.0,0.64,96.99,0.58,101.82,0.65,498.91,0.57,197.94,0.66,536.37,0.56,376.33,0.67,524.0
2026-01-07 07:33:25.724000+00:00,2026-01-07 07:33:23.343508+00:00,205.724,0.385,0.38,0.39,0.615,0.61,0.62,24.0,45.0,45.0,24.0,0.37,239.0,0.4,381.0,0.36,191.65,0.41,73.0,0.35,559.43,0.42,101.82,0.34,530.85,0.43,197.94,0.33,454.0,0.44,376.33,0.6,381.0,0.63,239.0,0.59,49.0,0.64,191.65,0.58,101.82,0.65,559.43,0.57,185.94,0.66,530.85,0.56,376.33,0.67,454.0
2026-01-07 07:33:26.894000+00:00,2026-01-07 07:33:24.348894+00:00,206.894,0.38,0.37,0.39,0.62,0.61,0.63,201.0,65.0,65.0,255.0,0.36,253.65,0.4,441.0,0.35,559.43,0.41,37.0,0.34,530.85,0.42,113.82,0.33,454.0,0.43,197.94,0.32,657.5,0.44,376.33,0.6,378.0,0.64,239.65,0.59,98.0,0.65,559.43,0.58,113.82,0.66,530.85,0.57,197.94,0.67,454.0,0.56,376.33,0.68,657.5
2026-01-07 07:33:27.688000+00:00,2026-01-07 07:33:25.370785+00:00,207.688,0.38,0.37,0.39,0.62,0.61,0.63,313.0,62.43,62.43,298.0,0.36,311.99,0.4,378.0,0.35,553.91,0.41,98.0,0.34,460.85,0.42,113.82,0.33,454.0,0.43,197.94,0.32,657.5,0.44,376.33,0.6,378.0,0.64,311.99,0.59,98.0,0.65,553.91,0.58,113.82,0.66,460.85,0.57,197.94,0.67,454.0,0.56,376.33,0.68,657.5
2026-01-07 07:33:28.930000+00:00,2026-01-07 07:33:26.374419+00:00,208.93,0.385,0.38,0.39,0.615,0.61,0.62,718.99,5.0,5.0,693.99,0.37,806.0,0.42,21.82,0.36,475.3,0.43,5.0,0.35,472.59,0.44,171.33,0.34,460.85,0.45,533.0,0.33,419.0,0.46,290.12,0.58,21.82,0.63,806.0,0.57,5.0,0.64,475.3,0.55,229.0,0.65,472.59,0.54,35.0,0.66,460.85,0.53,208.0,0.67,424.9
2026-01-07 07:33:29.979000+00:00,2026-01-07 07:33:27.381925+00:00,209.979,0.45999999999999996,0.45,0.47,0.535,0.53,0.54,140.0,74.0,127.0,50.0,0.44,253.0,0.48,293.38,0.43,342.0,0.49,345.72,0.42,297.18,0.5,326.0,0.41,382.59,0.51,339.0,0.4,349.0,0.52,348.8,0.52,293.38,0.55,140.0,0.51,345.72,0.56,273.0,0.5,326.0,0.57,377.0,0.49,339.0,0.58,332.18,0.48,348.8,0.59,382.59
2026-01-07 07:33:30.957000+00:00,2026-01-07 07:33:28.403962+00:00,210.957,0.485,0.48,0.49,0.515,0.51,0.52,254.0,6.72,6.72,304.78,0.47,534.86,0.52,281.8,0.46,446.6,0.53,72.0,0.45,359.0,0.54,50.0,0.44,384.0,0.55,230.0,0.43,384.0,0.56,304.0,0.48,62.8,0.53,509.86,0.46,5.0,0.54,411.6,0.45,183.0,0.55,583.4,0.44,328.0,0.56,384.0,0.43,319.0,0.57,349.0
2026-01-07 07:33:31.934000+00:00,2026-01-07 07:33:29.423795+00:00,211.934,0.555,0.55,0.56,0.445,0.44,0.45,88.0,28.96,23.96,174.0,0.54,39.4,0.57,117.0,0.53,267.0,0.58,45.0,0.52,238.2,0.6,103.15,0.51,383.08,0.61,314.0,0.5,400.0,0.62,339.0,0.43,122.0,0.46,100.4,0.42,45.0,0.47,348.0,0.4,103.15,0.48,238.2,0.39,314.0,0.49,383.08,0.38,339.0,0.5,436.0
2026-01-07 07:33:32.961000+00:00,2026-01-07 07:33:30.430990+00:00,212.961,0.545,0.54,0.55,0.455,0.45,0.46,35.0,50.0,47.81,32.65,0.53,145.0,0.56,23.96,0.52,298.2,0.57,117.0,0.51,298.08,0.58,167.0,0.5,459.0,0.59,218.0,0.49,297.28,0.6,382.15,0.44,23.96,0.47,140.0,0.43,166.0,0.48,125.0,0.42,228.0,0.49,298.08,0.41,218.0,0.5,459.0,0.4,382.15,0.51,297.28
2026-01-07 07:33:33.978000+00:00,2026-01-07 07:33:31.436698+00:00,213.978,0.545,0.54,0.55,0.46499999999999997,0.46,0.47,3.17,239.81,45.0,21.66,0.53,31.66,0.56,306.96,0.52,105.52,0.57,374.0,0.51,339.56,0.58,396.0,0.5,440.98,0.59,339.0,0.49,297.28,0.6,407.15,0.45,231.81,0.48,100.52,0.44,266.96,0.49,314.56,0.43,399.0,0.5,440.98,0.42,346.0,0.51,332.28,0.41,304.0,0.52,270.78
2026-01-07 07:33:34.955000+00:00,2026-01-07 07:33:32.442807+00:00,214.955,0.525,0.52,0.53,0.475,0.47,0.48,76.85,97.0,97.0,76.85,0.51,154.67,0.54,45.0,0.5,141.98,0.55,309.81,0.49,35.0,0.56,349.96,0.48,333.0,0.57,396.0,0.47,484.86,0.58,429.0,0.46,80.0,0.49,154.67,0.45,284.81,0.5,141.98,0.44,374.96,0.51,35.0,0.43,408.0,0.52,403.0,0.42,417.0,0.53,484.86
2026-01-07 07:33:36.837000+00:00,2026-01-07 07:33:34.470233+00:00,216.837,0.48,0.47,0.49,0.52,0.51,0.53,162.81,129.38,129.38,162.81,0.46,307.6,0.5,53.25,0.45,440.99,0.51,118.0,0.44,524.0,0.52,263.0,0.43,813.3,0.53,333.0,0.42,447.48,0.54,249.0,0.5,103.25,0.54,342.6,0.49,104.0,0.55,440.99,0.48,263.0,0.56,524.0,0.47,333.0,0.57,813.3,0.46,249.0,0.58,447.48
2026-01-07 07:33:38.004000+00:00,2026-01-07 07:33:35.493552+00:00,218.004,0.485,0.48,0.49,0.515,0.51,0.52,188.99,71.96,71.96,176.99,0.47,77.0,0.5,10.0,0.46,310.6,0.51,35.0,0.45,414.0,0.52,338.0,0.44,509.0,0.53,321.0,0.43,813.3,0.54,237.0,0.5,10.0,0.53,65.0,0.49,35.0,0.54,310.6,0.48,278.0,0.55,414.0,0.47,297.0,0.56,509.0,0.46,237.0,0.57,813.3
2026-01-07 07:33:39.066000+00:00,2026-01-07 07:33:36.512859+00:00,219.066,0.485,0.48,0.49,0.515,0.51,0.52,176.99,10.0,10.0,176.99,0.47,109.66,0.5,35.0,0.46,291.12,0.51,70.0,0.45,439.0,0.52,263.0,0.44,509.0,0.53,309.0,0.43,871.3,0.54,318.0,0.5,35.0,0.53,109.66,0.49,10.0,0.54,291.12,0.48,278.0,0.55,439.0,0.47,309.0,0.56,509.0,0.46,318.0,0.57,871.3
2026-01-07 07:33:40.012000+00:00,2026-01-07 07:33:37.517762+00:00,220.012,0.485,0.48,0.49,0.51,0.5,0.52,476.99,5.0,5.0,476.99,0.47,337.66,0.5,5.0,0.46,577.12,0.51,117.33,0.45,439.0,0.52,367.0,0.44,444.0,0.53,128.0,0.43,484.3,0.54,272.0,0.49,117.33,0.53,407.66,0.48,367.0,0.54,577.12,0.47,128.0,0.55,439.0,0.46,272.0,0.56,444.0,0.45,269.81,0.57,484.3
2026-01-07 07:33:41.077000+00:00,2026-01-07 07:33:38.523210+00:00,221.077,0.505,0.5,0.51,0.495,0.49,0.5,131.79,152.33,248.28,5.0,0.49,134.0,0.52,404.49,0.48,430.66,0.53,141.0,0.47,393.0,0.54,272.0,0.46,556.6,0.55,281.81,0.45,439.0,0.56,319.0,0.48,356.0,0.51,172.55,0.47,129.0,0.52,444.66,0.46,248.0,0.53,393.0,0.45,245.81,0.54,556.6,0.44,319.0,0.55,439.0
2026-01-07 07:33:42.055000+00:00,2026-01-07 07:33:39.545844+00:00,222.055,0.485,0.48,0.49,0.515,0.51,0.52,25.66,176.2,181.2,25.66,0.47,299.55,0.5,111.0,0.46,434.6,0.51,214.17,0.45,586.98,0.52,511.0,0.44,668.0,0.53,297.0,0.43,479.0,0.54,369.0,0.5,111.0,0.53,299.55,0.49,214.17,0.54,434.6,0.48,511.0,0.55,586.98,0.47,297.0,0.56,668.0,0.46,369.0,0.57,479.0
2026-01-07 07:33:43.028000+00:00,2026-01-07 07:33:40.551368+00:00,223.028,0.485,0.48,0.49,0.515,0.51,0.52,25.66,181.44,130.44,25.66,0.47,299.55,0.5,106.0,0.46,439.6,0.51,214.17,0.45,586.98,0.52,511.0,0.44,668.0,0.53,297.0,0.43,491.0,0.54,369.0,0.5,106.0,0.53,299.55,0.49,214.17,0.54,439.6,0.48,511.0,0.55,586.98,0.47,297.0,0.56,668.0,0.46,369.0,0.57,496.3
2026-01-07 07:33:44.045000+00:00,2026-01-07 07:33:41.577665+00:00,224.045,0.485,0.48,0.49,0.515,0.51,0.52,8.14,120.8,109.95,8.14,0.47,299.55,0.5,156.0,0.46,451.6,0.51,214.17,0.45,574.98,0.52,511.0,0.44,668.0,0.53,297.0,0.43,496.3,0.54,369.0,0.5,144.0,0.53,299.55,0.49,214.17,0.54,451.6,0.48,511.0,0.55,538.98,0.47,297.0,0.56,668.0,0.46,369.0,0.57,484.3
2026-01-07 07:33:45.140000+00:00,2026-01-07 07:33:42.585074+00:00,225.14,0.485,0.48,0.49,0.515,0.51,0.52,6.21,132.9,81.9,6.21,0.47,359.55,0.5,130.0,0.46,441.6,0.51,202.17,0.45,538.98,0.52,499.0,0.44,680.0,0.53,333.0,0.43,496.3,0.54,369.0,0.5,180.0,0.53,359.55,0.49,202.17,0.54,441.6,0.48,499.0,0.55,538.98,0.47,333.0,0.56,680.0,0.46,369.0,0.57,484.3
2026-01-07 07:33:46.167000+00:00,2026-01-07 07:33:43.608325+00:00,226.167,0.485,0.48,0.49,0.515,0.51,0.52,6.21,182.22,182.22,6.21,0.47,15.64,0.5,189.0,0.46,306.6,0.51,361.17,0.45,425.34,0.52,420.0,0.44,386.0,0.53,418.0,0.43,531.0,0.54,356.27,0.5,189.0,0.53,15.64,0.49,361.17,0.54,306.6,0.48,420.0,0.55,425.34,0.47,418.0,0.56,386.0,0.46,356.27,0.57,601.0
2026-01-07 07:33:47.176000+00:00,2026-01-07 07:33:44.617046+00:00,227.176,0.455,0.45,0.46,0.555,0.55,0.56,11.79,149.4,60.0,5.0,0.44,5.0,0.47,201.0,0.42,5.0,0.48,679.0,0.41,267.55,0.49,337.22,0.4,619.0,0.5,369.0,0.39,529.0,0.51,498.17,0.54,234.4,0.58,175.0,0.53,179.0,0.59,214.0,0.52,610.0,0.6,607.0,0.51,393.22,0.61,413.0,0.5,334.0,0.62,554.0
2026-01-07 07:33:48.123000+00:00,2026-01-07 07:33:45.622849+00:00,228.123,0.435,0.43,0.44,0.5700000000000001,0.56,0.58,16.77,110.95,75.95,130.0,0.42,154.0,0.45,70.0,0.41,248.0,0.46,296.4,0.4,619.0,0.47,272.0,0.39,401.0,0.48,504.0,0.38,554.0,0.49,323.27,0.55,72.0,0.59,272.0,0.54,249.4,0.6,607.0,0.53,248.0,0.61,389.0,0.52,481.0,0.62,554.0,0.51,311.27,0.63,554.0
2026-01-07 07:33:49.102000+00:00,2026-01-07 07:33:46.629057+00:00,229.102,0.425,0.42,0.43,0.575,0.57,0.58,130.0,40.0,65.0,110.0,0.41,308.0,0.44,104.95,0.4,619.0,0.45,92.0,0.39,414.4,0.46,308.4,0.38,566.0,0.47,272.0,0.37,554.0,0.48,469.0,0.56,104.95,0.59,328.0,0.55,92.0,0.6,619.0,0.54,308.4,0.61,414.4,0.53,272.0,0.62,566.0,0.52,469.0,0.63,554.0
2026-01-07 07:33:50.195000+00:00,2026-01-07 07:33:47.651567+00:00,230.195,0.405,0.4,0.41,0.595,0.59,0.6,116.0,109.49,109.49,56.0,0.39,205.34,0.42,55.0,0.38,104.99,0.43,174.0,0.37,391.0,0.44,286.0,0.36,431.6,0.45,309.0,0.35,534.7,0.46,325.4,0.58,55.0,0.61,217.34,0.57,174.0,0.62,104.99,0.56,286.0,0.63,391.0,0.55,309.0,0.64,431.6,0.54,325.4,0.65,534.7
2026-01-07 07:33:51.195000+00:00,2026-01-07 07:33:48.658710+00:00,231.195,0.405,0.4,0.41,0.595,0.59,0.6,166.0,23.11,23.11,166.0,0.39,176.0,0.42,80.95,0.38,104.99,0.43,116.0,0.37,391.0,0.44,343.0,0.36,431.6,0.45,260.0,0.35,400.7,0.46,325.4,0.58,80.95,0.61,176.0,0.57,116.0,0.62,104.99,0.56,286.0,0.63,391.0,0.55,260.0,0.64,431.6,0.54,325.4,0.65,400.7
2026-01-07 07:33:52.209000+00:00,2026-01-07 07:33:49.668144+00:00,232.209,0.405,0.4,0.41,0.595,0.59,0.6,31.27,85.41,85.41,45.27,0.39,220.34,0.42,115.0,0.38,109.99,0.43,299.0,0.37,270.0,0.44,286.0,0.36,396.6,0.45,381.0,0.35,390.7,0.46,325.4,0.58,115.0,0.61,220.34,0.57,299.0,0.62,109.99,0.56,286.0,0.63,305.0,0.55,381.0,0.64,406.6,0.54,325.4,0.65,425.7
2026-01-07 07:33:53.205000+00:00,2026-01-07 07:33:50.673210+00:00,233.205,0.355,0.35,0.36,0.645,0.64,0.65,21.5,125.44,125.44,21.5,0.34,472.85,0.37,55.0,0.33,708.0,0.38,128.0,0.32,498.72,0.39,167.0,0.31,509.45,0.4,268.0,0.3,495.2,0.41,461.0,0.63,60.0,0.66,472.85,0.62,128.0,0.67,708.0,0.61,153.0,0.68,498.72,0.6,268.0,0.69,434.45,0.59,461.0,0.7,420.2
2026-01-07 07:33:54.228000+00:00,2026-01-07 07:33:51.677682+00:00,234.228,0.35,0.34,0.36,0.655,0.65,0.66,54.85,103.62,95.0,57.45,0.33,138.79,0.37,60.0,0.32,129.72,0.38,403.0,0.31,329.45,0.39,260.0,0.3,350.2,0.4,260.0,0.29,465.3,0.41,346.0,0.64,63.62,0.67,138.79,0.63,92.0,0.68,87.72,0.62,352.0,0.69,347.45,0.61,248.0,0.7,350.2,0.6,225.0,0.71,465.3
2026-01-07 07:33:55.235000+00:00,2026-01-07 07:33:52.699546+00:00,235.235,0.345,0.34,0.35,0.655,0.65,0.66,64.45,87.62,87.62,64.45,0.33,150.79,0.36,63.62,0.32,87.72,0.37,116.0,0.31,406.45,0.38,364.0,0.3,325.2,0.39,248.0,0.29,490.3,0.4,237.0,0.64,63.62,0.67,150.79,0.63,116.0,0.68,87.72,0.62,364.0,0.69,406.45,0.61,248.0,0.7,325.2,0.6,237.0,0.71,490.3
2026-01-07 07:33:56.252000+00:00,2026-01-07 07:33:53.708294+00:00,236.252,0.345,0.34,0.35,0.655,0.65,0.66,334.84,101.0,40.0,334.84,0.33,376.0,0.36,310.0,0.32,326.72,0.37,167.35,0.31,93.45,0.38,65.0,0.3,91.2,0.39,141.0,0.29,490.3,0.4,239.0,0.64,249.0,0.67,376.0,0.63,106.35,0.68,326.72,0.62,65.0,0.69,93.45,0.61,141.0,0.7,91.2,0.6,239.0,0.71,490.3
2026-01-07 07:33:57.262000+00:00,2026-01-07 07:33:54.730921+00:00,237.262,0.345,0.34,0.35,0.655,0.65,0.66,370.84,18.0,18.0,370.84,0.33,470.0,0.36,25.0,0.32,507.72,0.37,142.35,0.31,220.45,0.38,115.0,0.3,352.2,0.39,129.0,0.29,420.3,0.4,237.0,0.64,25.0,0.67,470.0,0.63,142.35,0.68,507.72,0.62,115.0,0.69,220.45,0.61,129.0,0.7,352.2,0.6,237.0,0.71,420.3
2026-01-07 07:33:58.192000+00:00,2026-01-07 07:33:55.735546+00:00,238.192,0.345,0.34,0.35,0.645,0.64,0.65,382.84,18.0,15.0,118.0,0.33,458.0,0.36,25.0,0.32,519.72,0.37,142.35,0.31,220.45,0.38,101.0,0.3,346.4,0.39,143.0,0.29,420.3,0.4,257.0,0.62,271.0,0.66,498.84,0.61,36.0,0.67,446.0,0.6,333.35,0.68,484.72,0.59,286.0,0.69,476.45,0.58,395.0,0.7,170.4
2026-01-07 07:33:59.298000+00:00,2026-01-07 07:33:56.740634+00:00,239.298,0.375,0.37,0.38,0.625,0.62,0.63,140.79,241.0,241.0,140.79,0.36,327.8,0.39,146.0,0.35,311.0,0.4,113.0,0.34,481.0,0.41,138.0,0.33,551.0,0.42,77.0,0.32,519.72,0.43,297.0,0.61,146.0,0.64,327.8,0.6,113.0,0.65,311.0,0.59,138.0,0.66,481.0,0.58,77.0,0.67,551.0,0.57,297.0,0.68,519.72
2026-01-07 07:34:00.288000+00:00,2026-01-07 07:33:57.732404+00:00,240.288,0.375,0.37,0.38,0.625,0.62,0.63,126.79,249.0,249.0,140.79,0.36,365.82,0.39,158.0,0.35,309.0,0.4,113.0,0.34,469.0,0.41,260.0,0.33,551.0,0.42,199.0,0.32,519.72,0.43,297.0,0.61,158.0,0.64,351.82,0.6,113.0,0.65,309.0,0.59,260.0,0.66,469.0,0.58,199.0,0.67,551.0,0.57,297.0,0.68,519.72
2026-01-07 07:34:01.289000+00:00,2026-01-07 07:33:58.741059+00:00,241.289,0.375,0.37,0.38,0.63,0.62,0.64,19.0,326.35,386.35,190.85,0.36,207.85,0.39,138.0,0.35,339.0,0.4,98.0,0.34,469.0,0.41,321.0,0.33,559.3,0.42,260.0,0.32,519.72,0.43,369.0,0.61,116.0,0.65,327.0,0.6,135.0,0.66,517.0,0.59,260.0,0.67,547.3,0.58,248.0,0.68,519.72,0.57,369.0,0.69,429.45
2026-01-07 07:34:02.272000+00:00,2026-01-07 07:33:59.746842+00:00,242.272,0.365,0.36,0.37,0.635,0.63,0.64,256.85,36.0,111.0,80.0,0.35,427.0,0.38,298.71,0.34,496.0,0.39,85.0,0.33,501.3,0.4,147.0,0.32,437.72,0.41,248.0,0.31,441.45,0.42,248.0,0.62,118.0,0.65,493.79,0.61,70.0,0.66,484.0,0.6,147.0,0.67,725.0,0.59,248.0,0.68,437.72,0.58,248.0,0.69,441.45
2026-01-07 07:34:03.258000+00:00,2026-01-07 07:34:00.751751+00:00,243.258,0.365,0.36,0.37,0.635,0.63,0.64,65.0,147.0,147.0,65.0,0.35,479.79,0.38,76.0,0.34,448.0,0.39,94.0,0.33,831.0,0.4,123.0,0.32,449.72,0.41,248.0,0.31,429.45,0.42,248.0,0.62,76.0,0.65,479.79,0.61,82.0,0.66,448.0,0.6,123.0,0.67,819.0,0.59,248.0,0.68,437.72,0.58,248.0,0.69,429.45
2026-01-07 07:34:04.267000+00:00,2026-01-07 07:34:01.758582+00:00,244.267,0.365,0.36,0.37,0.645,0.64,0.65,25.0,317.0,78.0,20.0,0.35,203.0,0.38,194.0,0.34,309.85,0.39,313.0,0.33,399.0,0.4,552.0,0.32,396.7,0.41,369.0,0.31,430.45,0.42,334.0,0.63,295.0,0.66,309.85,0.62,306.0,0.67,399.0,0.61,374.0,0.68,396.7,0.6,593.0,0.69,430.45,0.59,369.0,0.7,490.2
2026-01-07 07:34:05.307000+00:00,2026-01-07 07:34:02.767193+00:00,245.307,0.35,0.34,0.36,0.65,0.64,0.66,121.85,84.93,84.93,161.85,0.33,123.0,0.37,168.0,0.32,232.71,0.38,213.0,0.31,359.45,0.39,361.0,0.3,514.2,0.4,558.0,0.29,455.3,0.41,383.0,0.63,208.0,0.67,133.0,0.62,223.0,0.68,267.71,0.61,361.0,0.69,394.45,0.6,593.0,0.7,514.2,0.59,418.0,0.71,455.3
2026-01-07 07:34:06.367000+00:00,2026-01-07 07:34:03.777405+00:00,246.367,0.35,0.34,0.36,0.65,0.64,0.66,185.85,60.93,60.93,211.85,0.33,121.0,0.37,220.0,0.32,267.71,0.38,235.0,0.31,382.45,0.39,349.0,0.3,502.2,0.4,605.0,0.29,455.3,0.41,418.0,0.63,220.0,0.67,121.0,0.62,235.0,0.68,273.71,0.61,349.0,0.69,382.45,0.6,605.0,0.7,502.2,0.59,418.0,0.71,455.3
2026-01-07 07:34:07.250000+00:00,2026-01-07 07:34:04.782492+00:00,247.25,0.35,0.34,0.36,0.65,0.64,0.66,211.85,60.93,60.93,211.85,0.33,121.0,0.37,220.0,0.32,273.71,0.38,301.0,0.31,382.45,0.39,285.0,0.3,502.2,0.4,605.0,0.29,462.0,0.41,418.0,0.63,220.0,0.67,121.0,0.62,301.0,0.68,273.71,0.61,285.0,0.69,382.45,0.6,605.0,0.7,502.2,0.59,418.0,0.71,462.0
2026-01-07 07:34:08.344000+00:00,2026-01-07 07:34:05.791849+00:00,248.344,0.325,0.32,0.33,0.69,0.68,0.7,7.72,330.24,210.28,5.0,0.31,7.35,0.34,276.0,0.3,53.0,0.35,430.0,0.29,107.3,0.36,617.0,0.28,193.25,0.37,247.0,0.27,146.6,0.38,334.0,0.67,293.24,0.71,25.0,0.66,363.0,0.72,75.0,0.65,383.0,0.73,253.38,0.64,369.0,0.74,353.78,0.63,212.0,0.75,400.9
2026-01-07 07:34:09.363000+00:00,2026-01-07 07:34:06.810512+00:00,249.363,0.295,0.29,0.3,0.705,0.7,0.71,5.0,284.66,284.66,5.0,0.28,5.0,0.31,264.0,0.27,193.38,0.32,276.28,0.26,95.8,0.33,384.24,0.25,21.9,0.34,393.0,0.24,461.1,0.35,383.0,0.69,259.0,0.72,6.28,0.68,276.28,0.73,198.38,0.67,384.24,0.74,95.8,0.66,393.0,0.75,21.9,0.65,383.0,0.76,461.1
2026-01-07 07:34:10.351000+00:00,2026-01-07 07:34:07.816273+00:00,250.351,0.295,0.29,0.3,0.705,0.7,0.71,3.59,313.66,313.66,3.59,0.28,5.0,0.31,279.0,0.27,193.38,0.32,260.0,0.26,95.8,0.33,308.24,0.25,21.9,0.34,467.0,0.24,466.2,0.35,334.0,0.69,279.0,0.72,5.0,0.68,260.0,0.73,193.38,0.67,384.24,0.74,95.8,0.66,393.0,0.75,21.9,0.65,334.0,0.76,466.2
2026-01-07 07:34:11.308000+00:00,2026-01-07 07:34:08.822558+00:00,251.308,0.28500000000000003,0.28,0.29,0.715,0.71,0.72,5.0,249.76,163.55,5.0,0.27,193.38,0.3,257.66,0.26,53.8,0.31,268.0,0.25,51.9,0.32,369.0,0.24,271.2,0.33,320.24,0.23,334.3,0.34,408.0,0.7,257.66,0.73,193.38,0.69,268.0,0.74,53.8,0.68,369.0,0.75,51.9,0.67,320.24,0.76,271.2,0.66,408.0,0.77,334.3
2026-01-07 07:34:12.382000+00:00,2026-01-07 07:34:09.829168+00:00,252.382,0.275,0.27,0.28,0.725,0.72,0.73,4.28,100.0,100.0,4.28,0.26,303.85,0.29,199.2,0.25,262.1,0.3,250.66,0.24,497.1,0.31,694.0,0.23,307.3,0.32,393.0,0.22,491.6,0.33,308.24,0.71,199.2,0.74,303.85,0.7,250.66,0.75,262.1,0.69,694.0,0.76,497.1,0.68,393.0,0.77,307.3,0.67,308.24,0.78,491.6
2026-01-07 07:34:13.355000+00:00,2026-01-07 07:34:10.839708+00:00,253.355,0.275,0.27,0.28,0.725,0.72,0.73,100.95,50.0,50.0,100.74,0.26,144.26,0.29,192.2,0.25,115.1,0.3,275.66,0.24,302.1,0.31,401.0,0.23,377.3,0.32,393.0,0.22,675.6,0.33,349.24,0.71,203.24,0.74,144.26,0.7,275.66,0.75,115.1,0.69,401.0,0.76,302.1,0.68,393.0,0.77,377.3,0.67,349.24,0.78,675.6
2026-01-07 07:34:14.353000+00:00,2026-01-07 07:34:11.845375+00:00,254.353,0.275,0.27,0.28,0.725,0.72,0.73,112.74,55.0,55.0,112.74,0.26,96.26,0.29,114.24,0.25,124.8,0.3,266.01,0.24,302.1,0.31,389.0,0.23,365.3,0.32,429.0,0.22,675.6,0.33,361.24,0.71,114.24,0.74,96.26,0.7,266.01,0.75,124.8,0.69,389.0,0.76,302.1,0.68,429.0,0.77,365.3,0.67,361.24,0.78,675.6
2026-01-07 07:34:15.293000+00:00,2026-01-07 07:34:12.852851+00:00,255.293,0.275,0.27,0.28,0.725,0.72,0.73,112.74,18.18,18.18,112.74,0.26,89.98,0.29,139.24,0.25,84.8,0.3,261.01,0.24,327.1,0.31,369.0,0.23,340.3,0.32,429.0,0.22,675.6,0.33,396.24,0.71,139.24,0.74,89.98,0.7,261.01,0.75,84.8,0.69,369.0,0.76,327.1,0.68,429.0,0.77,340.3,0.67,396.24,0.78,675.6
2026-01-07 07:34:16.419000+00:00,2026-01-07 07:34:13.874012+00:00,256.419,0.275,0.27,0.28,0.725,0.72,0.73,148.74,8.18,8.18,160.74,0.26,89.98,0.29,139.24,0.25,107.8,0.3,261.01,0.24,302.1,0.31,429.0,0.23,365.3,0.32,459.0,0.22,561.6,0.33,320.24,0.71,139.24,0.74,113.98,0.7,261.01,0.75,107.8,0.69,429.0,0.76,314.1,0.68,459.0,0.77,365.3,0.67,320.24,0.78,561.6
2026-01-07 07:34:17.735000+00:00,2026-01-07 07:34:15.900190+00:00,257.735,0.275,0.27,0.28,0.72,0.71,0.73,100.74,8.18,139.24,100.74,0.26,231.98,0.29,139.24,0.25,264.8,0.3,321.01,0.24,442.1,0.31,605.0,0.23,307.3,0.32,381.0,0.22,605.6,0.33,396.24,0.7,321.01,0.74,231.98,0.69,605.0,0.75,264.8,0.68,381.0,0.76,442.1,0.67,396.24,0.77,307.3,0.66,334.0,0.78,605.6
2026-01-07 07:34:19.423000+00:00,2026-01-07 07:34:16.920983+00:00,259.423,0.28500000000000003,0.28,0.29,0.715,0.71,0.72,126.85,139.24,139.24,126.85,0.27,69.0,0.3,326.01,0.26,195.98,0.31,605.0,0.25,269.8,0.32,381.0,0.24,442.1,0.33,396.24,0.23,307.3,0.34,334.0,0.7,326.01,0.73,69.0,0.69,605.0,0.74,183.98,0.68,369.0,0.75,264.8,0.67,396.24,0.76,442.1,0.66,334.0,0.77,307.3
2026-01-07 07:34:20.062000+00:00,2026-01-07 07:34:17.923000+00:00,260.062,0.28500000000000003,0.28,0.29,0.715,0.71,0.72,126.85,139.24,139.24,126.85,0.27,95.0,0.3,340.01,0.26,195.98,0.31,605.0,0.25,264.8,0.32,369.0,0.24,442.1,0.33,408.24,0.23,307.3,0.34,334.0,0.7,340.01,0.73,95.0,0.69,605.0,0.74,195.98,0.68,369.0,0.75,264.8,0.67,408.24,0.76,442.1,0.66,334.0,0.77,307.3
2026-01-07 07:34:21.467000+00:00,2026-01-07 07:34:18.927625+00:00,261.467,0.28500000000000003,0.28,0.29,0.715,0.71,0.72,126.85,139.24,139.24,126.85,0.27,177.0,0.3,314.01,0.26,265.98,0.31,619.0,0.25,252.8,0.32,369.0,0.24,372.1,0.33,408.24,0.23,307.3,0.34,334.0,0.7,294.01,0.73,177.0,0.69,619.0,0.74,265.98,0.68,369.0,0.75,252.8,0.67,408.24,0.76,372.1,0.66,334.0,0.77,307.3
2026-01-07 07:34:22.348000+00:00,2026-01-07 07:34:19.930488+00:00,262.348,0.28500000000000003,0.28,0.29,0.715,0.71,0.72,124.12,109.24,109.24,124.12,0.27,183.28,0.3,320.01,0.26,270.98,0.31,625.0,0.25,245.0,0.32,369.0,0.24,379.7,0.33,408.24,0.23,307.3,0.34,334.0,0.7,320.01,0.73,183.28,0.69,625.0,0.74,270.98,0.68,369.0,0.75,245.0,0.67,408.24,0.76,379.7,0.66,334.0,0.77,307.3
2026-01-07 07:34:23.456000+00:00,2026-01-07 07:34:20.953593+00:00,263.456,0.275,0.27,0.28,0.725,0.72,0.73,132.07,35.0,35.0,132.07,0.26,275.98,0.29,122.04,0.25,464.0,0.3,296.0,0.24,493.1,0.31,431.0,0.23,416.3,0.32,260.0,0.22,503.6,0.33,322.24,0.71,122.04,0.74,287.98,0.7,237.0,0.75,464.0,0.69,512.0,0.76,493.1,0.68,272.0,0.77,416.3,0.67,322.24,0.78,503.6
2026-01-07 07:34:24.045000+00:00,2026-01-07 07:34:21.960484+00:00,264.045,0.275,0.27,0.28,0.725,0.72,0.73,116.79,12.0,17.0,116.79,0.26,243.98,0.29,173.04,0.25,282.0,0.3,318.0,0.24,600.1,0.31,504.0,0.23,391.3,0.32,260.0,0.22,503.6,0.33,357.24,0.71,173.04,0.74,243.98,0.7,318.0,0.75,282.0,0.69,504.0,0.76,600.1,0.68,260.0,0.77,391.3,0.67,357.24,0.78,503.6
2026-01-07 07:34:25.536000+00:00,2026-01-07 07:34:22.981708+00:00,265.536,0.275,0.27,0.28,0.725,0.72,0.73,116.79,35.0,35.0,116.79,0.26,279.98,0.29,136.04,0.25,246.0,0.3,367.0,0.24,588.1,0.31,492.0,0.23,391.3,0.32,272.0,0.22,503.6,0.33,322.24,0.71,136.04,0.74,279.98,0.7,367.0,0.75,246.0,0.69,492.0,0.76,588.1,0.68,272.0,0.77,391.3,0.67,322.24,0.78,503.6
2026-01-07 07:34:26.434000+00:00,2026-01-07 07:34:23.992858+00:00,266.434,0.275,0.27,0.28,0.725,0.72,0.73,111.79,49.0,49.0,111.79,0.26,315.98,0.29,149.04,0.25,227.0,0.3,330.0,0.24,588.1,0.31,504.0,0.23,403.3,0.32,272.0,0.22,491.6,0.33,308.24,0.71,161.04,0.74,315.98,0.7,330.0,0.75,227.0,0.69,504.0,0.76,588.1,0.68,272.0,0.77,403.3,0.67,308.24,0.78,491.6
2026-01-07 07:34:27.453000+00:00,2026-01-07 07:34:25.015115+00:00,267.453,0.28,0.27,0.29,0.72,0.71,0.73,116.79,156.04,156.04,116.79,0.26,274.0,0.3,335.0,0.25,264.0,0.31,504.0,0.24,588.1,0.32,272.0,0.23,391.3,0.33,308.24,0.22,503.6,0.34,334.0,0.7,335.0,0.74,274.0,0.69,504.0,0.75,264.0,0.68,272.0,0.76,588.1,0.67,308.24,0.77,391.3,0.66,334.0,0.78,503.6
2026-01-07 07:34:28.544000+00:00,2026-01-07 07:34:26.022810+00:00,268.544,0.275,0.27,0.28,0.725,0.72,0.73,116.79,35.0,35.0,116.79,0.26,274.0,0.29,136.04,0.25,264.0,0.3,355.0,0.24,588.1,0.31,484.0,0.23,391.3,0.32,272.0,0.22,503.6,0.33,273.24,0.71,136.04,0.74,274.0,0.7,355.0,0.75,264.0,0.69,484.0,0.76,588.1,0.68,272.0,0.77,391.3,0.67,273.24,0.78,503.6
2026-01-07 07:34:29.514000+00:00,2026-01-07 07:34:27.026704+00:00,269.514,0.275,0.27,0.28,0.725,0.72,0.73,116.79,35.0,35.0,116.79,0.26,274.0,0.29,136.04,0.25,264.0,0.3,375.0,0.24,588.1,0.31,533.0,0.23,391.3,0.32,272.0,0.22,503.6,0.33,273.24,0.71,136.04,0.74,274.0,0.7,375.0,0.75,264.0,0.69,533.0,0.76,588.1,0.68,272.0,0.77,391.3,0.67,273.24,0.78,503.6
2026-01-07 07:34:30.459000+00:00,2026-01-07 07:34:28.046965+00:00,270.459,0.275,0.27,0.28,0.735,0.73,0.74,5.0,56.35,130.0,285.85,0.26,285.85,0.29,131.04,0.25,248.0,0.3,350.0,0.24,618.1,0.31,521.0,0.23,391.3,0.32,272.0,0.22,503.6,0.33,308.24,0.72,66.35,0.75,284.0,0.71,138.04,0.76,618.1,0.7,375.0,0.77,391.3,0.69,521.0,0.78,503.6,0.68,237.0,0.79,491.8
2026-01-07 07:34:31.262000+00:00,2026-01-07 07:34:29.052902+00:00,271.262,0.265,0.26,0.27,0.735,0.73,0.74,145.85,135.0,140.0,121.85,0.25,284.0,0.28,66.35,0.24,618.1,0.29,138.04,0.23,461.3,0.3,375.0,0.22,503.6,0.31,521.0,0.21,491.8,0.32,237.0,0.72,80.35,0.75,296.0,0.71,136.04,0.76,618.1,0.7,363.0,0.77,461.3,0.69,545.0,0.78,503.6,0.68,213.0,0.79,491.8
2026-01-07 07:34:32.606000+00:00,2026-01-07 07:34:30.057377+00:00,272.606,0.265,0.26,0.27,0.735,0.73,0.74,121.85,135.0,135.0,121.85,0.25,224.0,0.28,116.35,0.24,666.1,0.29,88.04,0.23,461.3,0.3,280.0,0.22,491.6,0.31,521.0,0.21,491.8,0.32,213.0,0.72,140.35,0.75,224.0,0.71,177.04,0.76,690.1,0.7,292.0,0.77,473.3,0.69,521.0,0.78,491.6,0.68,213.0,0.79,503.8
2026-01-07 07:34:33.588000+00:00,2026-01-07 07:34:31.067648+00:00,273.588,0.265,0.26,0.27,0.735,0.73,0.74,119.71,135.0,135.0,99.71,0.25,407.0,0.28,140.35,0.24,690.1,0.29,174.04,0.23,473.3,0.3,109.0,0.22,491.6,0.31,114.0,0.21,503.8,0.32,213.0,0.72,140.35,0.75,427.0,0.71,174.04,0.76,690.1,0.7,109.0,0.77,473.3,0.69,114.0,0.78,491.6,0.68,213.0,0.79,503.8
2026-01-07 07:34:34.599000+00:00,2026-01-07 07:34:32.076163+00:00,274.599,0.265,0.26,0.27,0.735,0.73,0.74,42.56,317.0,317.0,42.56,0.25,453.79,0.28,129.0,0.24,690.1,0.29,88.04,0.23,473.3,0.3,109.0,0.22,491.6,0.31,65.0,0.21,503.8,0.32,213.0,0.72,129.0,0.75,453.79,0.71,88.04,0.76,690.1,0.7,109.0,0.77,473.3,0.69,65.0,0.78,491.6,0.68,213.0,0.79,503.8
2026-01-07 07:34:35.264000+00:00,2026-01-07 07:34:33.082396+00:00,275.264,0.265,0.26,0.27,0.74,0.73,0.75,10.0,283.0,288.0,478.79,0.25,478.79,0.28,135.43,0.24,678.1,0.29,88.04,0.23,473.3,0.3,109.0,0.22,491.6,0.31,65.0,0.21,503.8,0.32,213.0,0.72,135.43,0.76,678.1,0.71,88.04,0.77,461.3,0.7,109.0,0.78,491.6,0.69,65.0,0.79,503.8,0.68,213.0,0.8,527.1
2026-01-07 07:34:36.583000+00:00,2026-01-07 07:34:34.105729+00:00,276.583,0.255,0.25,0.26,0.745,0.74,0.75,350.79,5.0,5.0,350.79,0.24,690.1,0.27,192.8,0.23,466.3,0.28,135.43,0.22,491.6,0.29,177.04,0.21,503.8,0.3,97.0,0.2,527.1,0.31,77.0,0.73,192.8,0.76,690.1,0.72,135.43,0.77,461.3,0.71,177.04,0.78,561.6,0.7,77.0,0.79,503.8,0.69,77.0,0.8,527.1
2026-01-07 07:34:37.555000+00:00,2026-01-07 07:34:35.113929+00:00,277.555,0.26,0.25,0.27,0.74,0.73,0.75,336.79,204.0,297.0,336.79,0.24,480.1,0.28,126.43,0.23,461.3,0.29,177.04,0.22,561.6,0.3,350.0,0.21,503.8,0.31,97.0,0.2,527.1,0.32,213.0,0.72,126.43,0.76,480.1,0.71,88.04,0.77,461.3,0.7,350.0,0.78,561.6,0.69,97.0,0.79,503.8,0.68,213.0,0.8,527.1
2026-01-07 07:34:38.506000+00:00,2026-01-07 07:34:36.137589+00:00,278.506,0.26,0.25,0.27,0.74,0.73,0.75,336.79,204.0,237.0,336.79,0.24,480.1,0.28,126.43,0.23,461.3,0.29,88.04,0.22,561.6,0.3,350.0,0.21,503.8,0.31,97.0,0.2,527.1,0.32,213.0,0.72,126.43,0.76,480.1,0.71,88.04,0.77,461.3,0.7,350.0,0.78,561.6,0.69,97.0,0.79,503.8,0.68,213.0,0.8,527.1
2026-01-07 07:34:39.609000+00:00,2026-01-07 07:34:37.162797+00:00,279.609,0.25,0.24,0.26,0.75,0.74,0.76,495.85,201.35,201.35,495.85,0.23,577.3,0.27,150.0,0.22,561.6,0.28,88.43,0.21,491.8,0.29,88.04,0.2,539.1,0.3,533.0,0.19,457.4,0.31,233.0,0.73,150.0,0.77,577.3,0.72,88.43,0.78,561.6,0.71,88.04,0.79,491.8,0.7,533.0,0.8,539.1,0.69,233.0,0.81,457.4
2026-01-07 07:34:40.515000+00:00,2026-01-07 07:34:38.182905+00:00,280.515,0.255,0.25,0.26,0.745,0.74,0.75,139.89,35.0,35.0,139.89,0.24,456.0,0.27,128.17,0.23,516.3,0.28,119.43,0.22,536.6,0.29,189.04,0.21,503.8,0.3,533.0,0.2,527.1,0.31,245.0,0.73,128.17,0.76,456.0,0.72,119.43,0.77,516.3,0.71,189.04,0.78,536.6,0.7,533.0,0.79,503.8,0.69,245.0,0.8,527.1
2026-01-07 07:34:41.732000+00:00,2026-01-07 07:34:39.191808+00:00,281.732,0.245,0.24,0.25,0.755,0.75,0.76,351.85,35.0,40.0,351.85,0.23,559.3,0.26,237.09,0.22,760.6,0.27,151.0,0.21,573.8,0.28,107.43,0.2,527.1,0.29,88.04,0.19,492.4,0.3,449.0,0.74,232.09,0.77,554.3,0.73,151.0,0.78,760.6,0.72,107.43,0.79,573.8,0.71,88.04,0.8,527.1,0.7,449.0,0.81,492.4
2026-01-07 07:34:42.748000+00:00,2026-01-07 07:34:40.199738+00:00,282.748,0.245,0.24,0.25,0.755,0.75,0.76,363.85,5.0,5.0,363.85,0.23,554.3,0.26,84.0,0.22,760.6,0.27,164.17,0.21,573.8,0.28,107.43,0.2,527.1,0.29,177.04,0.19,492.4,0.3,504.0,0.74,84.0,0.77,554.3,0.73,164.17,0.78,760.6,0.72,107.43,0.79,573.8,0.71,177.04,0.8,527.1,0.7,504.0,0.81,492.4
2026-01-07 07:34:43.622000+00:00,2026-01-07 07:34:41.190932+00:00,283.622,0.245,0.24,0.25,0.755,0.75,0.76,363.85,35.0,35.0,363.85,0.23,519.3,0.26,78.09,0.22,785.6,0.27,165.0,0.21,548.8,0.28,107.43,0.2,527.1,0.29,177.04,0.19,492.4,0.3,469.0,0.74,92.09,0.77,519.3,0.73,151.0,0.78,785.6,0.72,107.43,0.79,548.8,0.71,177.04,0.8,527.1,0.7,469.0,0.81,492.4
2026-01-07 07:34:44.717000+00:00,2026-01-07 07:34:42.211441+00:00,284.717,0.245,0.24,0.25,0.755,0.75,0.76,351.85,40.0,40.0,331.99,0.23,519.3,0.26,87.09,0.22,785.6,0.27,139.0,0.21,536.8,0.28,107.43,0.2,527.1,0.29,177.04,0.19,492.4,0.3,469.0,0.74,87.09,0.77,519.3,0.73,139.0,0.78,785.6,0.72,107.43,0.79,536.8,0.71,177.04,0.8,527.1,0.7,469.0,0.81,492.4
2026-01-07 07:34:45.767000+00:00,2026-01-07 07:34:43.218935+00:00,285.767,0.245,0.24,0.25,0.755,0.75,0.76,261.23,40.0,40.0,261.23,0.23,543.3,0.26,99.09,0.22,785.6,0.27,163.0,0.21,536.8,0.28,71.43,0.2,539.1,0.29,100.04,0.19,492.4,0.3,457.0,0.74,99.09,0.77,555.3,0.73,163.0,0.78,809.6,0.72,71.43,0.79,536.8,0.71,189.04,0.8,539.1,0.7,457.0,0.81,492.4
2026-01-07 07:34:46.761000+00:00,2026-01-07 07:34:44.222984+00:00,286.761,0.245,0.24,0.25,0.755,0.75,0.76,255.63,40.0,40.0,255.63,0.23,543.3,0.26,111.09,0.22,821.6,0.27,163.0,0.21,536.8,0.28,71.43,0.2,539.1,0.29,177.04,0.19,492.4,0.3,457.0,0.74,111.09,0.77,543.3,0.73,163.0,0.78,786.6,0.72,83.43,0.79,526.8,0.71,174.04,0.8,504.1,0.7,457.0,0.81,492.4
2026-01-07 07:34:47.576000+00:00,2026-01-07 07:34:45.215190+00:00,287.576,0.245,0.24,0.25,0.755,0.75,0.76,267.63,40.0,40.0,267.63,0.23,560.0,0.26,99.09,0.22,750.6,0.27,256.0,0.21,561.8,0.28,83.43,0.2,514.1,0.29,100.04,0.19,492.4,0.3,457.0,0.74,99.09,0.77,560.0,0.73,256.0,0.78,750.6,0.72,83.43,0.79,561.8,0.71,100.04,0.8,514.1,0.7,457.0,0.81,492.4
2026-01-07 07:34:48.707000+00:00,2026-01-07 07:34:46.205293+00:00,288.707,0.245,0.24,0.25,0.755,0.75,0.76,266.31,40.0,40.0,266.31,0.23,530.0,0.26,99.09,0.22,780.6,0.27,163.0,0.21,561.8,0.28,83.43,0.2,514.1,0.29,189.04,0.19,492.4,0.3,437.0,0.74,99.09,0.77,530.0,0.73,256.0,0.78,780.6,0.72,83.43,0.79,561.8,0.71,100.04,0.8,514.1,0.7,437.0,0.81,492.4
2026-01-07 07:34:49.655000+00:00,2026-01-07 07:34:47.212219+00:00,289.655,0.245,0.24,0.25,0.755,0.75,0.76,264.99,40.0,40.0,264.99,0.23,530.0,0.26,99.09,0.22,780.6,0.27,163.0,0.21,561.8,0.28,103.43,0.2,514.1,0.29,189.04,0.19,492.4,0.3,437.0,0.74,99.09,0.77,530.0,0.73,163.0,0.78,780.6,0.72,103.43,0.79,561.8,0.71,189.04,0.8,514.1,0.7,437.0,0.81,492.4
2026-01-07 07:34:50.798000+00:00,2026-01-07 07:34:48.232416+00:00,290.798,0.245,0.24,0.25,0.755,0.75,0.76,131.14,92.17,88.17,121.0,0.23,570.79,0.26,129.0,0.22,784.0,0.27,234.0,0.21,573.8,0.28,237.43,0.2,502.1,0.29,198.04,0.19,504.4,0.3,30.0,0.74,120.0,0.77,387.79,0.73,234.0,0.78,627.0,0.72,237.43,0.79,548.8,0.71,259.04,0.8,527.1,0.7,30.0,0.81,504.4
2026-01-07 07:34:51.783000+00:00,2026-01-07 07:34:49.240891+00:00,291.783,0.24,0.23,0.25,0.76,0.75,0.77,278.79,75.26,75.26,302.79,0.22,470.0,0.26,120.0,0.21,536.8,0.27,295.0,0.2,527.1,0.28,274.43,0.19,504.4,0.29,283.04,0.18,492.8,0.3,213.0,0.74,120.0,0.78,482.0,0.73,295.0,0.79,536.8,0.72,274.43,0.8,527.1,0.71,283.04,0.81,504.4,0.7,213.0,0.82,492.8
