timestamp,seconds,mid,bid,ask,asset
2026-01-07 09:00:00+00:00,0.0,3247.61,3247.48,3247.67,ETH
2026-01-07 09:00:01+00:00,1.0,3247.29,3247.07,3247.38,ETH
2026-01-07 09:00:02+00:00,2.0,3247.11,3246.9,3247.27,ETH
2026-01-07 09:00:03+00:00,3.0,3247.11,3246.97,3247.37,ETH
2026-01-07 09:00:05+00:00,5.0,3247.57,3247.38,3247.78,ETH
2026-01-07 09:00:06+00:00,6.0,3247.64,3247.45,3247.79,ETH
2026-01-07 09:00:07+00:00,7.0,3247.74,3247.38,3247.8,ETH
2026-01-07 09:00:08+00:00,8.0,3247.79,3247.55,3247.89,ETH
2026-01-07 09:00:09+00:00,9.0,3247.78,3247.55,3247.83,ETH
2026-01-07 09:00:10+00:00,10.0,3247.79,3247.53,3247.84,ETH
2026-01-07 09:00:11+00:00,11.0,3247.63,3247.44,3247.84,ETH
2026-01-07 09:00:12+00:00,12.0,3247.47,3247.4,3247.67,ETH
2026-01-07 09:00:13+00:00,13.0,3247.47,3247.39,3247.55,ETH
2026-01-07 09:00:14+00:00,14.0,3247.53,3247.41,3247.69,ETH
2026-01-07 09:00:15+00:00,15.0,3247.58,3247.46,3247.71,ETH
2026-01-07 09:00:16+00:00,16.0,3247.51,3247.43,3247.6,ETH
2026-01-07 09:00:17+00:00,17.0,3247.42,3247.37,3247.52,ETH
2026-01-07 09:00:18+00:00,18.0,3247.44,3247.33,3247.5,ETH
2026-01-07 09:00:19+00:00,19.0,3247.49,3247.38,3247.55,ETH
2026-01-07 09:00:20+00:00,20.0,3247.51,3247.46,3247.68,ETH
2026-01-07 09:00:21+00:00,21.0,3247.51,3247.46,3247.81,ETH
2026-01-07 09:00:22+00:00,22.0,3247.84,3247.74,3248.03,ETH
2026-01-07 09:00:23+00:00,23.0,3248.24,3248.14,3248.33,ETH
2026-01-07 09:00:24+00:00,24.0,3248.59,3248.44,3248.7,ETH
2026-01-07 09:00:25+00:00,25.0,3249.06,3248.79,3249.2,ETH
2026-01-07 09:00:26+00:00,26.0,3249.4,3249.07,3249.57,ETH
2026-01-07 09:00:27+00:00,27.0,3249.65,3249.32,3249.81,ETH
2026-01-07 09:00:28+00:00,28.0,3249.74,3249.45,3249.93,ETH
2026-01-07 09:00:29+00:00,29.0,3249.82,3249.61,3250.02,ETH
2026-01-07 09:00:30+00:00,30.0,3249.98,3249.85,3250.13,ETH
2026-01-07 09:00:31+00:00,31.0,3250.11,3249.93,3250.2,ETH
2026-01-07 09:00:32+00:00,32.0,3250.16,3249.96,3250.27,ETH
2026-01-07 09:00:33+00:00,33.0,3250.19,3249.97,3250.35,ETH
2026-01-07 09:00:34+00:00,34.0,3250.05,3249.97,3250.2,ETH
2026-01-07 09:00:35+00:00,35.0,3250.06,3249.91,3250.26,ETH
2026-01-07 09:00:36+00:00,36.0,3250.05,3249.93,3250.28,ETH
2026-01-07 09:00:37+00:00,37.0,3250.16,3250.11,3250.49,ETH
2026-01-07 09:00:38+00:00,38.0,3250.69,3250.64,3250.8,ETH
2026-01-07 09:00:39+00:00,39.0,3250.73,3250.62,3250.8,ETH
2026-01-07 09:00:40+00:00,40.0,3250.79,3250.65,3250.87,ETH
2026-01-07 09:00:41+00:00,41.0,3251.16,3251.06,3251.2,ETH
2026-01-07 09:00:42+00:00,42.0,3251.37,3251.12,3251.51,ETH
2026-01-07 09:00:43+00:00,43.0,3251.0,3250.9,3251.23,ETH
2026-01-07 09:00:44+00:00,44.0,3250.85,3250.78,3250.95,ETH
2026-01-07 09:00:45+00:00,45.0,3250.79,3250.75,3250.86,ETH
2026-01-07 09:00:46+00:00,46.0,3250.85,3250.79,3250.91,ETH
2026-01-07 09:00:47+00:00,47.0,3250.87,3250.79,3251.03,ETH
2026-01-07 09:00:48+00:00,48.0,3250.87,3250.79,3251.06,ETH
2026-01-07 09:00:49+00:00,49.0,3250.79,3250.66,3250.87,ETH
2026-01-07 09:00:50+00:00,50.0,3250.65,3250.63,3250.83,ETH
2026-01-07 09:00:51+00:00,51.0,3250.65,3250.52,3250.88,ETH
2026-01-07 09:00:52+00:00,52.0,3250.65,3250.52,3250.74,ETH
2026-01-07 09:00:53+00:00,53.0,3250.65,3250.41,3250.69,ETH
2026-01-07 09:00:54+00:00,54.0,3250.65,3250.41,3250.74,ETH
2026-01-07 09:00:55+00:00,55.0,3250.51,3250.4,3250.7,ETH
2026-01-07 09:00:56+00:00,56.0,3250.51,3250.35,3250.73,ETH
2026-01-07 09:00:57+00:00,57.0,3250.49,3250.35,3250.53,ETH
2026-01-07 09:00:58+00:00,58.0,3250.46,3250.35,3250.51,ETH
2026-01-07 09:00:59+00:00,59.0,3250.38,3250.33,3250.51,ETH
2026-01-07 09:01:00+00:00,60.0,3250.37,3250.3,3250.51,ETH
2026-01-07 09:01:01+00:00,61.0,3250.26,3250.22,3250.39,ETH
2026-01-07 09:01:02+00:00,62.0,3250.3,3250.1,3250.4,ETH
2026-01-07 09:01:03+00:00,63.0,3250.4,3250.1,3250.76,ETH
2026-01-07 09:01:04+00:00,64.0,3250.27,3250.21,3250.49,ETH
2026-01-07 09:01:05+00:00,65.0,3250.39,3250.21,3250.51,ETH
2026-01-07 09:01:06+00:00,66.0,3250.38,3250.29,3250.51,ETH
2026-01-07 09:01:07+00:00,67.0,3250.51,3250.35,3250.56,ETH
2026-01-07 09:01:08+00:00,68.0,3250.85,3250.64,3250.96,ETH
2026-01-07 09:01:09+00:00,69.0,3250.89,3250.73,3251.09,ETH
2026-01-07 09:01:10+00:00,70.0,3250.92,3250.82,3251.09,ETH
2026-01-07 09:01:11+00:00,71.0,3250.92,3250.79,3251.08,ETH
2026-01-07 09:01:12+00:00,72.0,3251.01,3250.91,3251.08,ETH
2026-01-07 09:01:13+00:00,73.0,3251.04,3250.91,3251.15,ETH
2026-01-07 09:01:14+00:00,74.0,3251.04,3250.91,3251.15,ETH
2026-01-07 09:01:15+00:00,75.0,3251.15,3250.91,3251.4,ETH
2026-01-07 09:01:16+00:00,76.0,3251.2,3251.07,3251.39,ETH
2026-01-07 09:01:17+00:00,77.0,3251.13,3251.07,3251.21,ETH
2026-01-07 09:01:18+00:00,78.0,3251.09,3251.02,3251.21,ETH
2026-01-07 09:01:19+00:00,79.0,3251.03,3250.98,3251.21,ETH
2026-01-07 09:01:20+00:00,80.0,3251.11,3250.98,3251.21,ETH
2026-01-07 09:01:21+00:00,81.0,3251.11,3250.98,3251.21,ETH
2026-01-07 09:01:22+00:00,82.0,3251.0,3250.94,3251.21,ETH
2026-01-07 09:01:23+00:00,83.0,3250.99,3250.87,3251.21,ETH
2026-01-07 09:01:24+00:00,84.0,3251.12,3250.99,3251.21,ETH
2026-01-07 09:01:25+00:00,85.0,3251.09,3250.99,3251.21,ETH
2026-01-07 09:01:26+00:00,86.0,3251.16,3250.99,3251.21,ETH
2026-01-07 09:01:27+00:00,87.0,3251.16,3251.0,3251.21,ETH
2026-01-07 09:01:28+00:00,88.0,3251.16,3251.0,3251.21,ETH
2026-01-07 09:01:29+00:00,89.0,3251.11,3251.0,3251.21,ETH
2026-01-07 09:01:30+00:00,90.0,3251.09,3250.96,3251.21,ETH
2026-01-07 09:01:31+00:00,91.0,3251.0,3250.94,3251.21,ETH
2026-01-07 09:01:32+00:00,92.0,3250.99,3250.91,3251.21,ETH
2026-01-07 09:01:33+00:00,93.0,3250.98,3250.92,3251.04,ETH
2026-01-07 09:01:34+00:00,94.0,3250.98,3250.92,3251.01,ETH
2026-01-07 09:01:35+00:00,95.0,3250.97,3250.95,3251.12,ETH
2026-01-07 09:01:36+00:00,96.0,3250.97,3250.94,3251.1,ETH
2026-01-07 09:01:37+00:00,97.0,3250.97,3250.94,3251.12,ETH
2026-01-07 09:01:38+00:00,98.0,3250.97,3250.94,3251.13,ETH
2026-01-07 09:01:39+00:00,99.0,3250.97,3250.94,3251.04,ETH
2026-01-07 09:01:40+00:00,100.0,3250.97,3250.94,3251.04,ETH
2026-01-07 09:01:41+00:00,101.0,3250.97,3250.94,3251.07,ETH
2026-01-07 09:01:42+00:00,102.0,3250.97,3250.94,3251.15,ETH
2026-01-07 09:01:43+00:00,103.0,3250.97,3250.9,3251.02,ETH
2026-01-07 09:01:44+00:00,104.0,3250.98,3250.94,3251.2,ETH
2026-01-07 09:01:45+00:00,105.0,3251.03,3250.98,3251.2,ETH
2026-01-07 09:01:46+00:00,106.0,3251.06,3250.98,3251.2,ETH
2026-01-07 09:01:47+00:00,107.0,3251.04,3250.91,3251.15,ETH
2026-01-07 09:01:49+00:00,109.0,3250.49,3250.43,3250.67,ETH
2026-01-07 09:01:50+00:00,110.0,3250.41,3250.21,3250.42,ETH
2026-01-07 09:01:51+00:00,111.0,3250.21,3250.08,3250.46,ETH
2026-01-07 09:01:52+00:00,112.0,3250.21,3249.97,3250.48,ETH
2026-01-07 09:01:53+00:00,113.0,3250.21,3249.97,3250.41,ETH
2026-01-07 09:01:54+00:00,114.0,3250.21,3249.97,3250.34,ETH
2026-01-07 09:01:55+00:00,115.0,3250.21,3249.97,3250.34,ETH
2026-01-07 09:01:56+00:00,116.0,3250.21,3249.96,3250.29,ETH
2026-01-07 09:01:57+00:00,117.0,3250.21,3249.96,3250.36,ETH
2026-01-07 09:01:58+00:00,118.0,3250.21,3249.96,3250.38,ETH
2026-01-07 09:01:59+00:00,119.0,3250.03,3249.95,3250.31,ETH
2026-01-07 09:02:00+00:00,120.0,3250.03,3249.95,3250.33,ETH
2026-01-07 09:02:01+00:00,121.0,3250.08,3249.94,3250.36,ETH
2026-01-07 09:02:02+00:00,122.0,3250.08,3249.95,3250.26,ETH
2026-01-07 09:02:03+00:00,123.0,3250.03,3249.93,3250.23,ETH
2026-01-07 09:02:04+00:00,124.0,3249.66,3249.61,3249.88,ETH
2026-01-07 09:02:05+00:00,125.0,3249.61,3249.55,3249.93,ETH
2026-01-07 09:02:06+00:00,126.0,3249.61,3249.55,3249.77,ETH
2026-01-07 09:02:07+00:00,127.0,3249.61,3249.54,3249.8,ETH
2026-01-07 09:02:08+00:00,128.0,3249.61,3249.58,3249.74,ETH
2026-01-07 09:02:09+00:00,129.0,3249.62,3249.58,3249.7,ETH
2026-01-07 09:02:10+00:00,130.0,3249.59,3249.55,3249.65,ETH
2026-01-07 09:02:11+00:00,131.0,3249.48,3249.45,3249.61,ETH
2026-01-07 09:02:12+00:00,132.0,3249.44,3249.4,3249.61,ETH
2026-01-07 09:02:13+00:00,133.0,3249.45,3249.4,3249.61,ETH
2026-01-07 09:02:14+00:00,134.0,3249.44,3249.34,3249.61,ETH
2026-01-07 09:02:15+00:00,135.0,3249.47,3249.31,3249.61,ETH
2026-01-07 09:02:16+00:00,136.0,3249.45,3249.32,3249.59,ETH
2026-01-07 09:02:17+00:00,137.0,3249.43,3249.28,3249.64,ETH
2026-01-07 09:02:18+00:00,138.0,3249.47,3249.32,3249.66,ETH
2026-01-07 09:02:19+00:00,139.0,3249.6,3249.44,3249.68,ETH
2026-01-07 09:02:20+00:00,140.0,3249.67,3249.53,3249.73,ETH
2026-01-07 09:02:21+00:00,141.0,3249.7,3249.65,3249.79,ETH
2026-01-07 09:02:22+00:00,142.0,3249.74,3249.64,3249.83,ETH
2026-01-07 09:02:23+00:00,143.0,3249.74,3249.6,3249.81,ETH
2026-01-07 09:02:24+00:00,144.0,3249.74,3249.6,3249.81,ETH
2026-01-07 09:02:25+00:00,145.0,3249.74,3249.55,3249.81,ETH
2026-01-07 09:02:26+00:00,146.0,3249.75,3249.63,3249.82,ETH
2026-01-07 09:02:27+00:00,147.0,3249.75,3249.65,3249.84,ETH
2026-01-07 09:02:28+00:00,148.0,3249.85,3249.74,3250.0,ETH
2026-01-07 09:02:29+00:00,149.0,3250.0,3249.94,3250.16,ETH
2026-01-07 09:02:30+00:00,150.0,3250.1,3250.07,3250.23,ETH
2026-01-07 09:02:31+00:00,151.0,3250.18,3250.13,3250.27,ETH
2026-01-07 09:02:32+00:00,152.0,3250.18,3250.1,3250.23,ETH
2026-01-07 09:02:33+00:00,153.0,3250.18,3250.08,3250.22,ETH
2026-01-07 09:02:34+00:00,154.0,3250.18,3250.05,3250.33,ETH
2026-01-07 09:02:35+00:00,155.0,3250.27,3250.19,3250.34,ETH
2026-01-07 09:02:36+00:00,156.0,3250.42,3250.31,3250.62,ETH
2026-01-07 09:02:37+00:00,157.0,3250.49,3250.36,3250.62,ETH
2026-01-07 09:02:38+00:00,158.0,3250.53,3250.36,3250.62,ETH
2026-01-07 09:02:39+00:00,159.0,3250.46,3250.38,3250.62,ETH
2026-01-07 09:02:40+00:00,160.0,3250.57,3250.38,3250.62,ETH
2026-01-07 09:02:41+00:00,161.0,3250.46,3250.38,3250.62,ETH
2026-01-07 09:02:42+00:00,162.0,3250.2,3250.1,3250.29,ETH
2026-01-07 09:02:43+00:00,163.0,3250.2,3250.11,3250.31,ETH
2026-01-07 09:02:44+00:00,164.0,3250.27,3250.09,3250.39,ETH
2026-01-07 09:02:45+00:00,165.0,3250.27,3250.09,3250.39,ETH
2026-01-07 09:02:46+00:00,166.0,3250.42,3250.2,3250.58,ETH
2026-01-07 09:02:47+00:00,167.0,3250.51,3250.27,3250.6,ETH
2026-01-07 09:02:48+00:00,168.0,3250.48,3250.38,3250.56,ETH
2026-01-07 09:02:49+00:00,169.0,3250.5,3250.38,3250.56,ETH
2026-01-07 09:02:50+00:00,170.0,3250.48,3250.37,3250.56,ETH
2026-01-07 09:02:51+00:00,171.0,3250.52,3250.37,3250.57,ETH
2026-01-07 09:02:52+00:00,172.0,3250.49,3250.28,3250.56,ETH
2026-01-07 09:02:53+00:00,173.0,3250.51,3250.27,3250.57,ETH
2026-01-07 09:02:54+00:00,174.0,3250.51,3250.28,3250.57,ETH
2026-01-07 09:02:55+00:00,175.0,3250.42,3250.28,3250.56,ETH
2026-01-07 09:02:56+00:00,176.0,3250.42,3250.28,3250.56,ETH
2026-01-07 09:02:57+00:00,177.0,3250.41,3250.27,3250.55,ETH
2026-01-07 09:02:58+00:00,178.0,3250.41,3250.27,3250.56,ETH
2026-01-07 09:02:59+00:00,179.0,3250.46,3250.28,3250.58,ETH
2026-01-07 09:03:00+00:00,180.0,3250.52,3250.28,3250.59,ETH
2026-01-07 09:03:01+00:00,181.0,3250.52,3250.28,3250.61,ETH
2026-01-07 09:03:02+00:00,182.0,3250.52,3250.28,3250.62,ETH
2026-01-07 09:03:03+00:00,183.0,3250.52,3250.28,3250.6,ETH
2026-01-07 09:03:04+00:00,184.0,3250.52,3250.27,3250.6,ETH
2026-01-07 09:03:05+00:00,185.0,3250.64,3250.44,3250.74,ETH
2026-01-07 09:03:06+00:00,186.0,3250.79,3250.63,3250.87,ETH
2026-01-07 09:03:07+00:00,187.0,3250.77,3250.64,3250.87,ETH
2026-01-07 09:03:08+00:00,188.0,3250.71,3250.66,3250.86,ETH
2026-01-07 09:03:10+00:00,190.0,3250.6,3250.51,3250.74,ETH
2026-01-07 09:03:11+00:00,191.0,3250.56,3250.51,3250.78,ETH
2026-01-07 09:03:12+00:00,192.0,3250.51,3250.29,3250.72,ETH
2026-01-07 09:03:13+00:00,193.0,3250.51,3250.3,3250.74,ETH
2026-01-07 09:03:14+00:00,194.0,3250.51,3250.3,3250.73,ETH
2026-01-07 09:03:15+00:00,195.0,3250.51,3250.29,3250.73,ETH
2026-01-07 09:03:16+00:00,196.0,3250.69,3250.35,3250.92,ETH
2026-01-07 09:03:17+00:00,197.0,3250.74,3250.35,3251.02,ETH
2026-01-07 09:03:18+00:00,198.0,3250.72,3250.39,3250.93,ETH
2026-01-07 09:03:19+00:00,199.0,3250.54,3250.39,3250.82,ETH
2026-01-07 09:03:20+00:00,200.0,3250.55,3250.41,3250.82,ETH
2026-01-07 09:03:21+00:00,201.0,3250.61,3250.51,3250.82,ETH
2026-01-07 09:03:22+00:00,202.0,3250.65,3250.54,3250.82,ETH
2026-01-07 09:03:23+00:00,203.0,3250.66,3250.54,3250.82,ETH
2026-01-07 09:03:24+00:00,204.0,3250.67,3250.54,3250.82,ETH
2026-01-07 09:03:25+00:00,205.0,3250.68,3250.53,3250.82,ETH
2026-01-07 09:03:26+00:00,206.0,3250.66,3250.53,3250.82,ETH
2026-01-07 09:03:27+00:00,207.0,3250.65,3250.49,3250.76,ETH
2026-01-07 09:03:28+00:00,208.0,3250.65,3250.45,3250.76,ETH
2026-01-07 09:03:29+00:00,209.0,3250.67,3250.49,3250.82,ETH
2026-01-07 09:03:30+00:00,210.0,3250.7,3250.53,3250.82,ETH
2026-01-07 09:03:31+00:00,211.0,3250.7,3250.55,3250.82,ETH
2026-01-07 09:03:32+00:00,212.0,3250.71,3250.56,3250.82,ETH
2026-01-07 09:03:33+00:00,213.0,3250.7,3250.6,3250.83,ETH
2026-01-07 09:03:34+00:00,214.0,3250.85,3250.69,3250.97,ETH
2026-01-07 09:03:35+00:00,215.0,3251.1,3250.89,3251.18,ETH
2026-01-07 09:03:36+00:00,216.0,3251.2,3251.02,3251.26,ETH
2026-01-07 09:03:37+00:00,217.0,3251.23,3251.03,3251.26,ETH
2026-01-07 09:03:38+00:00,218.0,3251.25,3251.12,3251.31,ETH
2026-01-07 09:03:39+00:00,219.0,3251.25,3251.21,3251.34,ETH
2026-01-07 09:03:40+00:00,220.0,3251.25,3251.19,3251.31,ETH
2026-01-07 09:03:41+00:00,221.0,3251.25,3251.2,3251.31,ETH
2026-01-07 09:03:42+00:00,222.0,3251.25,3251.24,3251.35,ETH
2026-01-07 09:03:43+00:00,223.0,3251.25,3251.24,3251.42,ETH
2026-01-07 09:03:44+00:00,224.0,3251.25,3251.24,3251.48,ETH
2026-01-07 09:03:45+00:00,225.0,3251.25,3251.24,3251.35,ETH
2026-01-07 09:03:46+00:00,226.0,3251.25,3251.24,3251.4,ETH
2026-01-07 09:03:47+00:00,227.0,3251.25,3251.24,3251.41,ETH
2026-01-07 09:03:48+00:00,228.0,3251.49,3251.35,3251.54,ETH
2026-01-07 09:03:49+00:00,229.0,3251.53,3251.36,3251.67,ETH
2026-01-07 09:03:50+00:00,230.0,3251.53,3251.35,3251.64,ETH
2026-01-07 09:03:51+00:00,231.0,3251.53,3251.35,3251.64,ETH
2026-01-07 09:03:52+00:00,232.0,3251.53,3251.35,3251.65,ETH
2026-01-07 09:03:53+00:00,233.0,3251.35,3251.2,3251.54,ETH
2026-01-07 09:03:54+00:00,234.0,3251.53,3251.33,3251.69,ETH
2026-01-07 09:03:55+00:00,235.0,3251.53,3251.34,3251.66,ETH
2026-01-07 09:03:56+00:00,236.0,3251.53,3251.34,3251.65,ETH
2026-01-07 09:03:57+00:00,237.0,3251.53,3251.37,3251.63,ETH
2026-01-07 09:03:58+00:00,238.0,3251.53,3251.37,3251.67,ETH
2026-01-07 09:03:59+00:00,239.0,3251.53,3251.37,3251.7,ETH
2026-01-07 09:04:00+00:00,240.0,3251.52,3251.37,3251.57,ETH
2026-01-07 09:04:01+00:00,241.0,3251.46,3251.37,3251.54,ETH
2026-01-07 09:04:02+00:00,242.0,3251.38,3251.32,3251.54,ETH
2026-01-07 09:04:03+00:00,243.0,3251.31,3251.25,3251.37,ETH
2026-01-07 09:04:04+00:00,244.0,3251.24,3251.16,3251.35,ETH
2026-01-07 09:04:05+00:00,245.0,3251.24,3251.15,3251.37,ETH
2026-01-07 09:04:06+00:00,246.0,3251.24,3251.15,3251.35,ETH
2026-01-07 09:04:07+00:00,247.0,3251.24,3251.15,3251.32,ETH
2026-01-07 09:04:08+00:00,248.0,3251.24,3251.15,3251.38,ETH
2026-01-07 09:04:09+00:00,249.0,3251.32,3251.11,3251.47,ETH
2026-01-07 09:04:10+00:00,250.0,3251.16,3251.02,3251.27,ETH
2026-01-07 09:04:11+00:00,251.0,3251.0,3250.9,3251.1,ETH
2026-01-07 09:04:12+00:00,252.0,3250.96,3250.84,3251.08,ETH
2026-01-07 09:04:13+00:00,253.0,3250.96,3250.83,3251.08,ETH
2026-01-07 09:04:14+00:00,254.0,3250.81,3250.69,3250.96,ETH
2026-01-07 09:04:15+00:00,255.0,3250.67,3250.54,3250.83,ETH
2026-01-07 09:04:16+00:00,256.0,3250.59,3250.47,3250.8,ETH
2026-01-07 09:04:17+00:00,257.0,3250.51,3250.42,3250.78,ETH
2026-01-07 09:04:18+00:00,258.0,3250.51,3250.42,3250.78,ETH
2026-01-07 09:04:19+00:00,259.0,3250.51,3250.42,3250.77,ETH
2026-01-07 09:04:20+00:00,260.0,3250.51,3250.42,3250.75,ETH
2026-01-07 09:04:21+00:00,261.0,3250.51,3250.42,3250.74,ETH
2026-01-07 09:04:22+00:00,262.0,3250.51,3250.42,3250.74,ETH
2026-01-07 09:04:23+00:00,263.0,3250.51,3250.42,3250.78,ETH
2026-01-07 09:04:25+00:00,265.0,3250.76,3250.57,3250.89,ETH
2026-01-07 09:04:26+00:00,266.0,3250.72,3250.57,3250.84,ETH
2026-01-07 09:04:27+00:00,267.0,3250.72,3250.57,3250.87,ETH
2026-01-07 09:04:28+00:00,268.0,3250.72,3250.57,3250.87,ETH
2026-01-07 09:04:29+00:00,269.0,3250.72,3250.58,3250.88,ETH
2026-01-07 09:04:30+00:00,270.0,3250.72,3250.56,3250.86,ETH
2026-01-07 09:04:31+00:00,271.0,3250.81,3250.56,3250.89,ETH
2026-01-07 09:04:32+00:00,272.0,3250.68,3250.56,3250.73,ETH
2026-01-07 09:04:33+00:00,273.0,3250.7,3250.56,3250.73,ETH
2026-01-07 09:04:34+00:00,274.0,3250.68,3250.59,3250.73,ETH
2026-01-07 09:04:35+00:00,275.0,3250.6,3250.56,3250.71,ETH
2026-01-07 09:04:36+00:00,276.0,3250.51,3250.42,3250.52,ETH
2026-01-07 09:04:37+00:00,277.0,3250.33,3250.27,3250.52,ETH
2026-01-07 09:04:38+00:00,278.0,3250.21,3250.2,3250.25,ETH
2026-01-07 09:04:39+00:00,279.0,3250.21,3250.13,3250.27,ETH
2026-01-07 09:04:40+00:00,280.0,3250.43,3250.32,3250.51,ETH
2026-01-07 09:04:41+00:00,281.0,3250.38,3250.32,3250.51,ETH
2026-01-07 09:04:42+00:00,282.0,3250.38,3250.29,3250.5,ETH
2026-01-07 09:04:43+00:00,283.0,3250.38,3250.24,3250.51,ETH
2026-01-07 09:04:44+00:00,284.0,3250.38,3250.24,3250.51,ETH
2026-01-07 09:04:45+00:00,285.0,3250.32,3250.23,3250.5,ETH
2026-01-07 09:04:46+00:00,286.0,3250.39,3250.23,3250.5,ETH
2026-01-07 09:04:47+00:00,287.0,3250.42,3250.32,3250.5,ETH
2026-01-07 09:04:48+00:00,288.0,3250.33,3250.25,3250.5,ETH
2026-01-07 09:04:49+00:00,289.0,3250.34,3250.25,3250.5,ETH
2026-01-07 09:04:50+00:00,290.0,3250.34,3250.27,3250.51,ETH
2026-01-07 09:04:51+00:00,291.0,3250.36,3250.31,3250.65,ETH
2026-01-07 09:04:52+00:00,292.0,3250.41,3250.34,3250.64,ETH
2026-01-07 09:04:53+00:00,293.0,3250.35,3250.3,3250.64,ETH
2026-01-07 09:04:54+00:00,294.0,3250.35,3250.28,3250.64,ETH
2026-01-07 09:04:55+00:00,295.0,3250.35,3250.28,3250.63,ETH
2026-01-07 09:04:56+00:00,296.0,3250.35,3250.29,3250.63,ETH
2026-01-07 09:04:57+00:00,297.0,3250.35,3250.28,3250.64,ETH
2026-01-07 09:04:58+00:00,298.0,3250.35,3250.28,3250.64,ETH
2026-01-07 09:04:59+00:00,299.0,3250.34,3250.28,3250.64,ETH
2026-01-07 09:05:00+00:00,300.0,3250.34,3250.28,3250.64,ETH
2026-01-07 09:05:01+00:00,301.0,3250.39,3250.31,3250.73,ETH
2026-01-07 09:05:03+00:00,303.0,3250.5,3250.35,3250.81,ETH
2026-01-07 09:05:04+00:00,304.0,3250.68,3250.46,3250.93,ETH
2026-01-07 09:05:05+00:00,305.0,3250.76,3250.69,3250.93,ETH
2026-01-07 09:05:06+00:00,306.0,3250.87,3250.64,3250.96,ETH
2026-01-07 09:05:07+00:00,307.0,3250.85,3250.71,3250.96,ETH
2026-01-07 09:05:08+00:00,308.0,3250.29,3250.04,3250.49,ETH
2026-01-07 09:05:09+00:00,309.0,3247.55,3247.49,3247.62,ETH
2026-01-07 09:05:10+00:00,310.0,3247.53,3247.48,3247.54,ETH
2026-01-07 09:05:11+00:00,311.0,3247.5,3247.19,3247.5,ETH
2026-01-07 09:05:12+00:00,312.0,3247.46,3247.21,3247.52,ETH
2026-01-07 09:05:13+00:00,313.0,3247.62,3247.51,3247.63,ETH
2026-01-07 09:05:14+00:00,314.0,3247.68,3247.6,3247.87,ETH
2026-01-07 09:05:15+00:00,315.0,3247.71,3247.56,3247.87,ETH
2026-01-07 09:05:16+00:00,316.0,3247.71,3247.62,3247.87,ETH
2026-01-07 09:05:17+00:00,317.0,3246.21,3245.95,3246.47,ETH
2026-01-07 09:05:18+00:00,318.0,3245.83,3245.69,3246.27,ETH
2026-01-07 09:05:19+00:00,319.0,3245.6,3245.4,3245.66,ETH
2026-01-07 09:05:20+00:00,320.0,3245.6,3245.41,3245.67,ETH
2026-01-07 09:05:21+00:00,321.0,3245.77,3245.33,3245.8,ETH
2026-01-07 09:05:22+00:00,322.0,3245.45,3245.06,3245.61,ETH
2026-01-07 09:05:23+00:00,323.0,3245.06,3244.78,3245.31,ETH
2026-01-07 09:05:24+00:00,324.0,3244.91,3244.78,3245.17,ETH
2026-01-07 09:05:25+00:00,325.0,3244.82,3244.74,3245.15,ETH
2026-01-07 09:05:26+00:00,326.0,3244.82,3244.73,3245.13,ETH
2026-01-07 09:05:27+00:00,327.0,3244.83,3244.73,3245.13,ETH
2026-01-07 09:05:28+00:00,328.0,3244.42,3244.31,3244.64,ETH
2026-01-07 09:05:29+00:00,329.0,3243.62,3243.52,3243.75,ETH
2026-01-07 09:05:30+00:00,330.0,3242.99,3242.74,3243.05,ETH
2026-01-07 09:05:31+00:00,331.0,3242.74,3242.44,3242.78,ETH
2026-01-07 09:05:32+00:00,332.0,3242.64,3242.47,3242.85,ETH
2026-01-07 09:05:33+00:00,333.0,3242.28,3242.06,3242.48,ETH
2026-01-07 09:05:34+00:00,334.0,3242.0,3241.74,3242.1,ETH
2026-01-07 09:05:35+00:00,335.0,3241.97,3241.77,3242.12,ETH
2026-01-07 09:05:36+00:00,336.0,3241.95,3241.77,3242.11,ETH
2026-01-07 09:05:37+00:00,337.0,3242.01,3241.9,3242.13,ETH
2026-01-07 09:05:38+00:00,338.0,3242.05,3242.01,3242.19,ETH
2026-01-07 09:05:39+00:00,339.0,3241.91,3241.83,3242.11,ETH
2026-01-07 09:05:40+00:00,340.0,3241.81,3241.53,3242.0,ETH
2026-01-07 09:05:41+00:00,341.0,3241.8,3241.47,3242.01,ETH
2026-01-07 09:05:42+00:00,342.0,3241.81,3241.67,3242.0,ETH
2026-01-07 09:05:43+00:00,343.0,3241.88,3241.84,3242.15,ETH
2026-01-07 09:05:44+00:00,344.0,3241.94,3241.88,3242.31,ETH
2026-01-07 09:05:45+00:00,345.0,3241.98,3241.92,3242.31,ETH
2026-01-07 09:05:46+00:00,346.0,3241.6,3241.19,3241.62,ETH
2026-01-07 09:05:47+00:00,347.0,3240.84,3240.7,3241.2,ETH
2026-01-07 09:05:48+00:00,348.0,3241.07,3240.73,3241.17,ETH
2026-01-07 09:05:49+00:00,349.0,3241.08,3240.78,3241.5,ETH
2026-01-07 09:05:50+00:00,350.0,3241.19,3241.0,3241.49,ETH
2026-01-07 09:05:51+00:00,351.0,3241.08,3240.7,3241.22,ETH
2026-01-07 09:05:52+00:00,352.0,3240.43,3240.35,3240.49,ETH
2026-01-07 09:05:53+00:00,353.0,3239.91,3239.54,3240.01,ETH
2026-01-07 09:05:54+00:00,354.0,3239.77,3239.54,3239.84,ETH
2026-01-07 09:05:55+00:00,355.0,3239.93,3239.75,3240.21,ETH
2026-01-07 09:05:56+00:00,356.0,3240.07,3239.96,3240.39,ETH
2026-01-07 09:05:57+00:00,357.0,3239.54,3239.46,3239.54,ETH
2026-01-07 09:05:58+00:00,358.0,3239.47,3239.39,3239.55,ETH
2026-01-07 09:05:59+00:00,359.0,3239.81,3239.71,3240.0,ETH
2026-01-07 09:06:00+00:00,360.0,3239.9,3239.83,3240.43,ETH
2026-01-07 09:06:01+00:00,361.0,3240.15,3240.01,3240.41,ETH
2026-01-07 09:06:02+00:00,362.0,3239.85,3239.48,3239.86,ETH
2026-01-07 09:06:03+00:00,363.0,3238.64,3238.53,3239.07,ETH
2026-01-07 09:06:04+00:00,364.0,3238.98,3238.77,3239.1,ETH
2026-01-07 09:06:05+00:00,365.0,3239.24,3239.1,3239.38,ETH
2026-01-07 09:06:06+00:00,366.0,3239.21,3239.12,3239.41,ETH
2026-01-07 09:06:07+00:00,367.0,3239.09,3238.52,3239.16,ETH
2026-01-07 09:06:08+00:00,368.0,3238.32,3238.31,3238.61,ETH
2026-01-07 09:06:09+00:00,369.0,3238.25,3238.24,3238.47,ETH
2026-01-07 09:06:10+00:00,370.0,3238.19,3238.18,3238.33,ETH
2026-01-07 09:06:12+00:00,372.0,3237.56,3237.28,3237.85,ETH
2026-01-07 09:06:13+00:00,373.0,3236.88,3236.68,3236.97,ETH
2026-01-07 09:06:14+00:00,374.0,3237.72,3237.35,3237.83,ETH
2026-01-07 09:06:15+00:00,375.0,3237.95,3237.88,3238.15,ETH
2026-01-07 09:06:16+00:00,376.0,3237.98,3237.97,3238.13,ETH
2026-01-07 09:06:17+00:00,377.0,3237.96,3237.82,3238.01,ETH
2026-01-07 09:06:18+00:00,378.0,3237.07,3236.91,3237.28,ETH
2026-01-07 09:06:19+00:00,379.0,3237.41,3237.09,3237.7,ETH
2026-01-07 09:06:20+00:00,380.0,3237.44,3237.11,3237.76,ETH
2026-01-07 09:06:21+00:00,381.0,3237.05,3237.04,3237.19,ETH
2026-01-07 09:06:22+00:00,382.0,3237.04,3236.77,3237.1,ETH
2026-01-07 09:06:23+00:00,383.0,3236.25,3236.13,3236.27,ETH
2026-01-07 09:06:24+00:00,384.0,3236.0,3235.93,3236.26,ETH
2026-01-07 09:06:25+00:00,385.0,3236.03,3235.93,3236.09,ETH
2026-01-07 09:06:26+00:00,386.0,3236.04,3235.95,3236.2,ETH
2026-01-07 09:06:27+00:00,387.0,3236.05,3236.0,3236.2,ETH
2026-01-07 09:06:28+00:00,388.0,3234.21,3233.94,3234.42,ETH
2026-01-07 09:06:29+00:00,389.0,3234.43,3234.3,3234.73,ETH
2026-01-07 09:06:30+00:00,390.0,3235.22,3234.93,3235.29,ETH
2026-01-07 09:06:31+00:00,391.0,3235.23,3235.04,3235.29,ETH
2026-01-07 09:06:32+00:00,392.0,3234.73,3234.52,3235.04,ETH
2026-01-07 09:06:33+00:00,393.0,3234.87,3234.51,3235.07,ETH
2026-01-07 09:06:34+00:00,394.0,3234.94,3234.73,3235.29,ETH
2026-01-07 09:06:35+00:00,395.0,3234.99,3234.89,3235.2,ETH
2026-01-07 09:06:36+00:00,396.0,3234.25,3234.11,3234.65,ETH
2026-01-07 09:06:37+00:00,397.0,3233.65,3233.44,3234.15,ETH
2026-01-07 09:06:38+00:00,398.0,3233.93,3233.66,3234.1,ETH
2026-01-07 09:06:39+00:00,399.0,3234.19,3233.91,3234.31,ETH
2026-01-07 09:06:40+00:00,400.0,3234.3,3234.07,3234.43,ETH
2026-01-07 09:06:41+00:00,401.0,3234.4,3234.2,3234.52,ETH
2026-01-07 09:06:42+00:00,402.0,3234.29,3234.11,3234.61,ETH
2026-01-07 09:06:43+00:00,403.0,3234.48,3234.21,3234.88,ETH
2026-01-07 09:06:44+00:00,404.0,3235.07,3234.74,3235.24,ETH
2026-01-07 09:06:45+00:00,405.0,3235.5,3235.33,3235.58,ETH
2026-01-07 09:06:46+00:00,406.0,3235.88,3235.69,3236.09,ETH
2026-01-07 09:06:47+00:00,407.0,3235.91,3235.77,3236.33,ETH
2026-01-07 09:06:48+00:00,408.0,3235.85,3235.81,3236.31,ETH
2026-01-07 09:06:49+00:00,409.0,3235.83,3235.78,3236.34,ETH
2026-01-07 09:06:50+00:00,410.0,3235.84,3235.77,3236.24,ETH
2026-01-07 09:06:51+00:00,411.0,3235.93,3235.85,3236.11,ETH
2026-01-07 09:06:52+00:00,412.0,3235.96,3235.89,3236.2,ETH
2026-01-07 09:06:53+00:00,413.0,3236.07,3236.0,3236.35,ETH
2026-01-07 09:06:54+00:00,414.0,3236.24,3236.14,3236.55,ETH
2026-01-07 09:06:55+00:00,415.0,3236.45,3236.26,3236.63,ETH
2026-01-07 09:06:56+00:00,416.0,3236.46,3236.3,3236.55,ETH
2026-01-07 09:06:57+00:00,417.0,3236.38,3236.29,3236.52,ETH
2026-01-07 09:06:58+00:00,418.0,3236.38,3236.26,3236.49,ETH
2026-01-07 09:06:59+00:00,419.0,3236.33,3236.27,3236.54,ETH
2026-01-07 09:07:00+00:00,420.0,3236.31,3236.25,3236.65,ETH
2026-01-07 09:07:01+00:00,421.0,3236.32,3236.25,3236.57,ETH
2026-01-07 09:07:02+00:00,422.0,3236.23,3235.98,3236.26,ETH
2026-01-07 09:07:03+00:00,423.0,3235.84,3235.77,3236.12,ETH
2026-01-07 09:07:04+00:00,424.0,3236.14,3236.13,3236.38,ETH
2026-01-07 09:07:05+00:00,425.0,3236.16,3236.11,3236.38,ETH
2026-01-07 09:07:06+00:00,426.0,3236.16,3236.11,3236.38,ETH
2026-01-07 09:07:07+00:00,427.0,3236.16,3236.09,3236.38,ETH
2026-01-07 09:07:08+00:00,428.0,3235.95,3235.75,3236.03,ETH
2026-01-07 09:07:09+00:00,429.0,3235.31,3234.99,3235.5,ETH
2026-01-07 09:07:10+00:00,430.0,3234.88,3234.87,3235.39,ETH
2026-01-07 09:07:11+00:00,431.0,3234.88,3234.87,3235.12,ETH
2026-01-07 09:07:12+00:00,432.0,3234.88,3234.87,3235.12,ETH
2026-01-07 09:07:13+00:00,433.0,3234.9,3234.82,3235.0,ETH
2026-01-07 09:07:14+00:00,434.0,3235.29,3235.19,3235.35,ETH
2026-01-07 09:07:15+00:00,435.0,3235.19,3235.12,3235.21,ETH
2026-01-07 09:07:16+00:00,436.0,3235.09,3235.08,3235.13,ETH
2026-01-07 09:07:17+00:00,437.0,3235.39,3235.33,3235.49,ETH
2026-01-07 09:07:18+00:00,438.0,3235.46,3235.42,3235.56,ETH
2026-01-07 09:07:19+00:00,439.0,3235.55,3235.49,3235.63,ETH
2026-01-07 09:07:20+00:00,440.0,3235.58,3235.51,3235.65,ETH
2026-01-07 09:07:21+00:00,441.0,3236.11,3235.97,3236.31,ETH
2026-01-07 09:07:22+00:00,442.0,3236.5,3236.4,3236.61,ETH
2026-01-07 09:07:23+00:00,443.0,3236.78,3236.69,3236.99,ETH
2026-01-07 09:07:24+00:00,444.0,3237.06,3236.84,3237.15,ETH
2026-01-07 09:07:25+00:00,445.0,3237.26,3237.15,3237.26,ETH
2026-01-07 09:07:26+00:00,446.0,3237.24,3237.16,3237.27,ETH
2026-01-07 09:07:27+00:00,447.0,3237.38,3237.28,3237.44,ETH
2026-01-07 09:07:28+00:00,448.0,3237.34,3237.29,3237.44,ETH
2026-01-07 09:07:29+00:00,449.0,3237.54,3237.47,3237.6,ETH
2026-01-07 09:07:30+00:00,450.0,3237.7,3237.61,3237.87,ETH
2026-01-07 09:07:31+00:00,451.0,3237.91,3237.8,3238.02,ETH
2026-01-07 09:07:32+00:00,452.0,3237.94,3237.83,3238.01,ETH
2026-01-07 09:07:33+00:00,453.0,3238.12,3237.98,3238.18,ETH
2026-01-07 09:07:34+00:00,454.0,3238.14,3238.06,3238.2,ETH
2026-01-07 09:07:35+00:00,455.0,3238.17,3238.12,3238.21,ETH
2026-01-07 09:07:36+00:00,456.0,3238.17,3238.13,3238.23,ETH
2026-01-07 09:07:37+00:00,457.0,3238.17,3238.16,3238.27,ETH
2026-01-07 09:07:38+00:00,458.0,3238.03,3238.02,3238.15,ETH
2026-01-07 09:07:39+00:00,459.0,3237.68,3237.67,3237.83,ETH
2026-01-07 09:07:40+00:00,460.0,3237.68,3237.67,3237.77,ETH
2026-01-07 09:07:41+00:00,461.0,3237.55,3237.54,3237.68,ETH
2026-01-07 09:07:42+00:00,462.0,3237.56,3237.55,3237.67,ETH
2026-01-07 09:07:43+00:00,463.0,3237.56,3237.55,3237.67,ETH
2026-01-07 09:07:44+00:00,464.0,3237.56,3237.55,3237.67,ETH
2026-01-07 09:07:45+00:00,465.0,3237.59,3237.54,3237.67,ETH
2026-01-07 09:07:46+00:00,466.0,3237.6,3237.56,3237.67,ETH
2026-01-07 09:07:47+00:00,467.0,3237.63,3237.59,3237.68,ETH
2026-01-07 09:07:48+00:00,468.0,3237.64,3237.6,3237.69,ETH
2026-01-07 09:07:49+00:00,469.0,3237.65,3237.6,3237.7,ETH
2026-01-07 09:07:50+00:00,470.0,3237.67,3237.64,3237.75,ETH
2026-01-07 09:07:51+00:00,471.0,3237.68,3237.67,3237.8,ETH
2026-01-07 09:07:52+00:00,472.0,3237.66,3237.63,3237.74,ETH
2026-01-07 09:07:53+00:00,473.0,3237.66,3237.63,3237.81,ETH
2026-01-07 09:07:54+00:00,474.0,3237.77,3237.71,3237.98,ETH
2026-01-07 09:07:55+00:00,475.0,3237.86,3237.8,3238.0,ETH
2026-01-07 09:07:56+00:00,476.0,3237.86,3237.86,3237.95,ETH
2026-01-07 09:07:57+00:00,477.0,3237.86,3237.85,3237.96,ETH
2026-01-07 09:07:58+00:00,478.0,3237.86,3237.85,3238.0,ETH
2026-01-07 09:07:59+00:00,479.0,3237.86,3237.86,3238.0,ETH
2026-01-07 09:08:00+00:00,480.0,3237.86,3237.86,3238.0,ETH
2026-01-07 09:08:01+00:00,481.0,3237.77,3237.77,3237.91,ETH
2026-01-07 09:08:02+00:00,482.0,3237.68,3237.68,3237.79,ETH
2026-01-07 09:08:03+00:00,483.0,3237.39,3237.37,3237.47,ETH
2026-01-07 09:08:04+00:00,484.0,3237.1,3237.06,3237.19,ETH
2026-01-07 09:08:05+00:00,485.0,3237.11,3237.08,3237.24,ETH
2026-01-07 09:08:06+00:00,486.0,3237.12,3237.1,3237.28,ETH
2026-01-07 09:08:07+00:00,487.0,3237.14,3237.1,3237.27,ETH
2026-01-07 09:08:08+00:00,488.0,3237.05,3236.97,3237.11,ETH
2026-01-07 09:08:09+00:00,489.0,3236.57,3236.41,3236.58,ETH
2026-01-07 09:08:10+00:00,490.0,3236.07,3235.94,3236.1,ETH
2026-01-07 09:08:11+00:00,491.0,3235.94,3235.91,3236.0,ETH
2026-01-07 09:08:12+00:00,492.0,3235.94,3235.91,3236.0,ETH
2026-01-07 09:08:13+00:00,493.0,3235.93,3235.89,3235.99,ETH
2026-01-07 09:08:14+00:00,494.0,3235.92,3235.89,3235.99,ETH
2026-01-07 09:08:15+00:00,495.0,3235.91,3235.89,3235.99,ETH
2026-01-07 09:08:16+00:00,496.0,3235.91,3235.89,3235.99,ETH
2026-01-07 09:08:17+00:00,497.0,3235.91,3235.89,3235.99,ETH
2026-01-07 09:08:18+00:00,498.0,3235.91,3235.89,3235.99,ETH
2026-01-07 09:08:19+00:00,499.0,3235.91,3235.87,3235.99,ETH
2026-01-07 09:08:20+00:00,500.0,3235.88,3235.85,3235.95,ETH
2026-01-07 09:08:21+00:00,501.0,3235.8,3235.79,3235.91,ETH
2026-01-07 09:08:22+00:00,502.0,3235.77,3235.74,3235.91,ETH
2026-01-07 09:08:23+00:00,503.0,3235.84,3235.81,3235.95,ETH
2026-01-07 09:08:24+00:00,504.0,3235.98,3235.94,3236.06,ETH
2026-01-07 09:08:25+00:00,505.0,3236.32,3236.26,3236.41,ETH
2026-01-07 09:08:26+00:00,506.0,3236.75,3236.71,3236.92,ETH
2026-01-07 09:08:28+00:00,508.0,3236.87,3236.86,3236.89,ETH
2026-01-07 09:08:29+00:00,509.0,3236.9,3236.87,3236.93,ETH
2026-01-07 09:08:30+00:00,510.0,3236.89,3236.86,3236.94,ETH
2026-01-07 09:08:31+00:00,511.0,3236.93,3236.92,3237.03,ETH
2026-01-07 09:08:32+00:00,512.0,3237.09,3237.07,3237.15,ETH
2026-01-07 09:08:33+00:00,513.0,3237.24,3237.23,3237.34,ETH
2026-01-07 09:08:34+00:00,514.0,3237.25,3237.24,3237.36,ETH
2026-01-07 09:08:35+00:00,515.0,3237.21,3237.13,3237.26,ETH
2026-01-07 09:08:36+00:00,516.0,3237.01,3236.95,3237.09,ETH
2026-01-07 09:08:37+00:00,517.0,3236.87,3236.87,3237.02,ETH
2026-01-07 09:08:38+00:00,518.0,3236.84,3236.82,3236.95,ETH
2026-01-07 09:08:39+00:00,519.0,3236.79,3236.74,3236.88,ETH
2026-01-07 09:08:40+00:00,520.0,3236.75,3236.69,3236.87,ETH
2026-01-07 09:08:41+00:00,521.0,3236.74,3236.68,3236.85,ETH
2026-01-07 09:08:42+00:00,522.0,3236.72,3236.66,3236.84,ETH
2026-01-07 09:08:43+00:00,523.0,3236.67,3236.64,3236.84,ETH
2026-01-07 09:08:44+00:00,524.0,3236.63,3236.62,3236.84,ETH
2026-01-07 09:08:45+00:00,525.0,3236.63,3236.62,3236.84,ETH
2026-01-07 09:08:46+00:00,526.0,3236.63,3236.62,3236.84,ETH
2026-01-07 09:08:47+00:00,527.0,3236.66,3236.63,3236.84,ETH
2026-01-07 09:08:48+00:00,528.0,3236.71,3236.65,3236.84,ETH
2026-01-07 09:08:49+00:00,529.0,3236.72,3236.67,3236.84,ETH
2026-01-07 09:08:50+00:00,530.0,3236.75,3236.71,3236.84,ETH
2026-01-07 09:08:51+00:00,531.0,3236.8,3236.75,3236.85,ETH
2026-01-07 09:08:52+00:00,532.0,3236.82,3236.79,3236.98,ETH
2026-01-07 09:08:53+00:00,533.0,3236.89,3236.88,3237.12,ETH
2026-01-07 09:08:54+00:00,534.0,3236.91,3236.88,3237.04,ETH
2026-01-07 09:08:55+00:00,535.0,3236.87,3236.83,3236.94,ETH
2026-01-07 09:08:56+00:00,536.0,3236.87,3236.82,3237.05,ETH
2026-01-07 09:08:57+00:00,537.0,3236.88,3236.83,3237.15,ETH
2026-01-07 09:08:58+00:00,538.0,3236.95,3236.92,3237.15,ETH
2026-01-07 09:08:59+00:00,539.0,3237.05,3237.01,3237.14,ETH
2026-01-07 09:09:00+00:00,540.0,3237.19,3237.1,3237.28,ETH
2026-01-07 09:09:01+00:00,541.0,3237.48,3237.35,3237.62,ETH
2026-01-07 09:09:02+00:00,542.0,3237.92,3237.82,3238.0,ETH
2026-01-07 09:09:03+00:00,543.0,3238.18,3238.11,3238.19,ETH
2026-01-07 09:09:04+00:00,544.0,3238.16,3238.13,3238.19,ETH
2026-01-07 09:09:05+00:00,545.0,3238.28,3238.24,3238.47,ETH
2026-01-07 09:09:06+00:00,546.0,3238.54,3238.47,3238.75,ETH
2026-01-07 09:09:07+00:00,547.0,3238.65,3238.59,3238.75,ETH
2026-01-07 09:09:08+00:00,548.0,3238.61,3238.53,3238.7,ETH
2026-01-07 09:09:09+00:00,549.0,3238.61,3238.48,3238.67,ETH
2026-01-07 09:09:12+00:00,552.0,3238.0,3237.97,3238.2,ETH
2026-01-07 09:09:13+00:00,553.0,3237.99,3237.94,3238.17,ETH
2026-01-07 09:09:16+00:00,556.0,3237.04,3236.89,3237.12,ETH
2026-01-07 09:09:17+00:00,557.0,3236.81,3236.8,3237.05,ETH
2026-01-07 09:09:20+00:00,560.0,3236.78,3236.77,3237.0,ETH
2026-01-07 09:09:21+00:00,561.0,3236.7,3236.53,3236.84,ETH
2026-01-07 09:09:22+00:00,562.0,3236.4,3236.21,3236.55,ETH
2026-01-07 09:09:27+00:00,567.0,3235.98,3235.94,3236.2,ETH
2026-01-07 09:09:28+00:00,568.0,3236.05,3235.91,3236.19,ETH
2026-01-07 09:09:29+00:00,569.0,3236.14,3235.88,3236.29,ETH
2026-01-07 09:09:33+00:00,573.0,3236.19,3235.94,3236.27,ETH
2026-01-07 09:09:37+00:00,577.0,3235.66,3235.65,3235.82,ETH
2026-01-07 09:09:38+00:00,578.0,3236.0,3235.75,3236.09,ETH
2026-01-07 09:09:40+00:00,580.0,3235.89,3235.79,3235.94,ETH
2026-01-07 09:09:41+00:00,581.0,3235.82,3235.77,3235.92,ETH
2026-01-07 09:09:45+00:00,585.0,3235.84,3235.77,3235.95,ETH
2026-01-07 09:09:46+00:00,586.0,3235.81,3235.74,3235.89,ETH
2026-01-07 09:09:47+00:00,587.0,3235.79,3235.72,3235.86,ETH
2026-01-07 09:09:50+00:00,590.0,3235.85,3235.75,3235.9,ETH
2026-01-07 09:09:51+00:00,591.0,3235.9,3235.76,3235.97,ETH
2026-01-07 09:09:52+00:00,592.0,3235.82,3235.76,3235.94,ETH
2026-01-07 09:09:53+00:00,593.0,3235.8,3235.75,3235.86,ETH
2026-01-07 09:09:54+00:00,594.0,3235.82,3235.74,3235.83,ETH
2026-01-07 09:09:55+00:00,595.0,3235.74,3235.7,3235.9,ETH
2026-01-07 09:09:56+00:00,596.0,3235.73,3235.68,3235.83,ETH
2026-01-07 09:09:57+00:00,597.0,3235.7,3235.65,3235.83,ETH
2026-01-07 09:09:58+00:00,598.0,3235.7,3235.67,3235.83,ETH
2026-01-07 09:09:59+00:00,599.0,3235.71,3235.68,3235.83,ETH
2026-01-07 09:10:00+00:00,600.0,3234.95,3234.95,3235.11,ETH
2026-01-07 09:10:01+00:00,601.0,3235.11,3234.91,3235.31,ETH
2026-01-07 09:10:02+00:00,602.0,3235.65,3235.55,3235.72,ETH
2026-01-07 09:10:03+00:00,603.0,3235.7,3235.44,3235.71,ETH
2026-01-07 09:10:04+00:00,604.0,3235.33,3235.28,3235.61,ETH
2026-01-07 09:10:05+00:00,605.0,3235.09,3235.03,3235.29,ETH
2026-01-07 09:10:06+00:00,606.0,3235.03,3234.97,3235.1,ETH
2026-01-07 09:10:07+00:00,607.0,3234.81,3234.51,3234.82,ETH
2026-01-07 09:10:08+00:00,608.0,3234.51,3234.34,3234.63,ETH
2026-01-07 09:10:09+00:00,609.0,3234.13,3234.07,3234.23,ETH
2026-01-07 09:10:10+00:00,610.0,3233.77,3233.71,3233.85,ETH
2026-01-07 09:10:11+00:00,611.0,3233.69,3233.68,3233.83,ETH
2026-01-07 09:10:12+00:00,612.0,3233.68,3233.65,3233.71,ETH
2026-01-07 09:10:13+00:00,613.0,3233.68,3233.66,3233.69,ETH
2026-01-07 09:10:14+00:00,614.0,3233.78,3233.73,3233.85,ETH
2026-01-07 09:10:15+00:00,615.0,3233.81,3233.74,3233.93,ETH
2026-01-07 09:10:16+00:00,616.0,3233.82,3233.75,3233.94,ETH
2026-01-07 09:10:17+00:00,617.0,3233.82,3233.76,3233.92,ETH
2026-01-07 09:10:18+00:00,618.0,3233.78,3233.73,3233.83,ETH
2026-01-07 09:10:19+00:00,619.0,3234.08,3233.97,3234.22,ETH
2026-01-07 09:10:20+00:00,620.0,3234.38,3234.21,3234.6,ETH
2026-01-07 09:10:21+00:00,621.0,3234.46,3234.31,3234.66,ETH
2026-01-07 09:10:22+00:00,622.0,3234.54,3234.41,3234.72,ETH
2026-01-07 09:10:23+00:00,623.0,3234.62,3234.51,3234.78,ETH
2026-01-07 09:10:24+00:00,624.0,3234.66,3234.59,3234.79,ETH
2026-01-07 09:10:25+00:00,625.0,3234.67,3234.64,3234.79,ETH
2026-01-07 09:10:26+00:00,626.0,3234.68,3234.65,3234.79,ETH
2026-01-07 09:10:27+00:00,627.0,3234.73,3234.67,3234.79,ETH
2026-01-07 09:10:28+00:00,628.0,3234.73,3234.67,3234.79,ETH
2026-01-07 09:10:29+00:00,629.0,3234.7,3234.66,3234.79,ETH
2026-01-07 09:10:30+00:00,630.0,3234.96,3234.73,3235.22,ETH
2026-01-07 09:10:31+00:00,631.0,3235.27,3235.22,3235.46,ETH
2026-01-07 09:10:32+00:00,632.0,3235.28,3235.23,3235.57,ETH
2026-01-07 09:10:33+00:00,633.0,3235.85,3235.66,3236.06,ETH
2026-01-07 09:10:34+00:00,634.0,3235.85,3235.72,3236.04,ETH
2026-01-07 09:10:35+00:00,635.0,3235.85,3235.7,3236.05,ETH
2026-01-07 09:10:36+00:00,636.0,3235.85,3235.68,3236.05,ETH
2026-01-07 09:10:37+00:00,637.0,3235.85,3235.68,3236.05,ETH
2026-01-07 09:10:38+00:00,638.0,3235.85,3235.74,3236.05,ETH
2026-01-07 09:10:39+00:00,639.0,3235.88,3235.82,3236.05,ETH
2026-01-07 09:10:40+00:00,640.0,3235.93,3235.82,3236.05,ETH
2026-01-07 09:10:41+00:00,641.0,3236.16,3235.99,3236.37,ETH
2026-01-07 09:10:42+00:00,642.0,3236.39,3236.21,3236.68,ETH
2026-01-07 09:10:43+00:00,643.0,3236.43,3236.28,3236.67,ETH
2026-01-07 09:10:44+00:00,644.0,3236.46,3236.35,3236.66,ETH
2026-01-07 09:10:45+00:00,645.0,3236.55,3236.46,3236.67,ETH
2026-01-07 09:10:46+00:00,646.0,3236.65,3236.54,3236.69,ETH
2026-01-07 09:10:47+00:00,647.0,3236.74,3236.62,3236.8,ETH
2026-01-07 09:10:48+00:00,648.0,3236.84,3236.69,3236.9,ETH
2026-01-07 09:10:50+00:00,650.0,3236.95,3236.8,3237.04,ETH
2026-01-07 09:10:51+00:00,651.0,3237.02,3236.84,3237.06,ETH
2026-01-07 09:10:52+00:00,652.0,3237.06,3236.81,3237.07,ETH
2026-01-07 09:10:53+00:00,653.0,3236.99,3236.84,3237.05,ETH
2026-01-07 09:10:54+00:00,654.0,3236.96,3236.81,3237.0,ETH
2026-01-07 09:10:55+00:00,655.0,3236.91,3236.81,3237.0,ETH
2026-01-07 09:10:56+00:00,656.0,3236.52,3236.21,3236.76,ETH
2026-01-07 09:10:57+00:00,657.0,3236.41,3236.18,3236.74,ETH
2026-01-07 09:10:58+00:00,658.0,3236.42,3236.36,3236.47,ETH
2026-01-07 09:10:59+00:00,659.0,3236.36,3236.28,3236.39,ETH
2026-01-07 09:11:00+00:00,660.0,3236.06,3235.78,3236.07,ETH
2026-01-07 09:11:01+00:00,661.0,3235.49,3235.18,3235.59,ETH
2026-01-07 09:11:02+00:00,662.0,3235.11,3234.97,3235.33,ETH
2026-01-07 09:11:03+00:00,663.0,3235.14,3235.02,3235.41,ETH
2026-01-07 09:11:04+00:00,664.0,3235.24,3235.15,3235.53,ETH
2026-01-07 09:11:05+00:00,665.0,3235.56,3235.38,3235.7,ETH
2026-01-07 09:11:06+00:00,666.0,3235.79,3235.55,3235.82,ETH
2026-01-07 09:11:07+00:00,667.0,3235.76,3235.62,3235.82,ETH
2026-01-07 09:11:08+00:00,668.0,3235.76,3235.67,3235.82,ETH
2026-01-07 09:11:09+00:00,669.0,3235.78,3235.68,3235.85,ETH
2026-01-07 09:11:10+00:00,670.0,3235.9,3235.75,3236.08,ETH
2026-01-07 09:11:11+00:00,671.0,3236.2,3236.03,3236.45,ETH
2026-01-07 09:11:12+00:00,672.0,3236.33,3236.09,3236.44,ETH
2026-01-07 09:11:13+00:00,673.0,3236.18,3235.98,3236.27,ETH
2026-01-07 09:11:14+00:00,674.0,3236.09,3236.02,3236.21,ETH
2026-01-07 09:11:15+00:00,675.0,3236.09,3236.03,3236.16,ETH
2026-01-07 09:11:16+00:00,676.0,3236.09,3236.02,3236.18,ETH
2026-01-07 09:11:17+00:00,677.0,3236.09,3236.02,3236.18,ETH
2026-01-07 09:11:18+00:00,678.0,3235.86,3235.63,3235.98,ETH
2026-01-07 09:11:19+00:00,679.0,3235.38,3235.19,3235.72,ETH
2026-01-07 09:11:20+00:00,680.0,3235.13,3235.12,3235.65,ETH
2026-01-07 09:11:21+00:00,681.0,3235.13,3235.12,3235.67,ETH
2026-01-07 09:11:22+00:00,682.0,3235.14,3235.12,3235.61,ETH
2026-01-07 09:11:23+00:00,683.0,3235.15,3235.12,3235.53,ETH
2026-01-07 09:11:24+00:00,684.0,3234.79,3234.52,3234.8,ETH
2026-01-07 09:11:25+00:00,685.0,3234.22,3234.06,3234.48,ETH
2026-01-07 09:11:26+00:00,686.0,3234.13,3234.12,3234.24,ETH
2026-01-07 09:11:27+00:00,687.0,3234.25,3234.19,3234.71,ETH
2026-01-07 09:11:28+00:00,688.0,3234.64,3234.46,3234.72,ETH
2026-01-07 09:11:29+00:00,689.0,3234.5,3234.45,3234.57,ETH
2026-01-07 09:11:30+00:00,690.0,3234.46,3234.35,3234.51,ETH
2026-01-07 09:11:31+00:00,691.0,3234.46,3234.31,3234.62,ETH
2026-01-07 09:11:32+00:00,692.0,3234.48,3234.33,3234.56,ETH
2026-01-07 09:11:33+00:00,693.0,3234.43,3234.33,3234.71,ETH
2026-01-07 09:11:34+00:00,694.0,3234.2,3234.02,3234.24,ETH
2026-01-07 09:11:35+00:00,695.0,3234.13,3234.0,3234.21,ETH
2026-01-07 09:11:36+00:00,696.0,3234.26,3234.11,3234.37,ETH
2026-01-07 09:11:37+00:00,697.0,3234.3,3234.21,3234.4,ETH
2026-01-07 09:11:38+00:00,698.0,3234.28,3234.21,3234.34,ETH
2026-01-07 09:11:39+00:00,699.0,3233.84,3233.74,3233.96,ETH
2026-01-07 09:11:40+00:00,700.0,3233.67,3233.67,3233.85,ETH
2026-01-07 09:11:41+00:00,701.0,3233.65,3233.64,3233.76,ETH
2026-01-07 09:11:42+00:00,702.0,3233.66,3233.64,3233.78,ETH
2026-01-07 09:11:43+00:00,703.0,3233.9,3233.83,3234.17,ETH
2026-01-07 09:11:44+00:00,704.0,3234.28,3234.13,3234.5,ETH
2026-01-07 09:11:45+00:00,705.0,3234.39,3234.24,3234.58,ETH
2026-01-07 09:11:46+00:00,706.0,3234.24,3234.18,3234.57,ETH
2026-01-07 09:11:47+00:00,707.0,3234.19,3234.17,3234.51,ETH
2026-01-07 09:11:48+00:00,708.0,3234.32,3234.17,3234.47,ETH
2026-01-07 09:11:49+00:00,709.0,3234.3,3234.16,3234.66,ETH
2026-01-07 09:11:50+00:00,710.0,3233.67,3233.39,3233.73,ETH
2026-01-07 09:11:51+00:00,711.0,3233.5,3233.42,3233.88,ETH
2026-01-07 09:11:52+00:00,712.0,3233.48,3233.43,3233.66,ETH
2026-01-07 09:11:53+00:00,713.0,3233.52,3233.47,3233.65,ETH
2026-01-07 09:11:54+00:00,714.0,3233.38,3233.25,3233.43,ETH
2026-01-07 09:11:55+00:00,715.0,3233.1,3232.99,3233.16,ETH
2026-01-07 09:11:56+00:00,716.0,3233.01,3232.99,3233.1,ETH
2026-01-07 09:11:57+00:00,717.0,3233.01,3233.01,3233.14,ETH
2026-01-07 09:11:58+00:00,718.0,3232.96,3232.96,3233.11,ETH
2026-01-07 09:11:59+00:00,719.0,3232.68,3232.62,3232.82,ETH
2026-01-07 09:12:00+00:00,720.0,3232.64,3232.57,3232.78,ETH
2026-01-07 09:12:01+00:00,721.0,3233.09,3233.02,3233.23,ETH
2026-01-07 09:12:02+00:00,722.0,3233.52,3233.38,3233.69,ETH
2026-01-07 09:12:03+00:00,723.0,3233.86,3233.71,3233.98,ETH
2026-01-07 09:12:04+00:00,724.0,3234.05,3233.9,3234.08,ETH
2026-01-07 09:12:05+00:00,725.0,3234.02,3233.9,3234.1,ETH
2026-01-07 09:12:06+00:00,726.0,3233.97,3233.9,3234.15,ETH
2026-01-07 09:12:07+00:00,727.0,3234.05,3233.91,3234.21,ETH
2026-01-07 09:12:08+00:00,728.0,3234.11,3233.95,3234.19,ETH
2026-01-07 09:12:09+00:00,729.0,3234.06,3233.97,3234.17,ETH
2026-01-07 09:12:10+00:00,730.0,3234.12,3234.02,3234.24,ETH
2026-01-07 09:12:11+00:00,731.0,3234.18,3234.07,3234.32,ETH
2026-01-07 09:12:12+00:00,732.0,3234.21,3233.9,3234.22,ETH
2026-01-07 09:12:13+00:00,733.0,3234.22,3233.9,3234.31,ETH
2026-01-07 09:12:14+00:00,734.0,3234.22,3234.01,3234.48,ETH
2026-01-07 09:12:15+00:00,735.0,3234.31,3234.02,3234.7,ETH
2026-01-07 09:12:16+00:00,736.0,3234.91,3234.85,3235.02,ETH
2026-01-07 09:12:17+00:00,737.0,3234.52,3234.38,3234.6,ETH
2026-01-07 09:12:18+00:00,738.0,3233.86,3233.7,3233.96,ETH
2026-01-07 09:12:19+00:00,739.0,3233.19,3233.07,3233.41,ETH
2026-01-07 09:12:20+00:00,740.0,3233.05,3232.71,3233.17,ETH
2026-01-07 09:12:21+00:00,741.0,3233.01,3232.8,3233.23,ETH
2026-01-07 09:12:22+00:00,742.0,3233.51,3233.31,3233.73,ETH
2026-01-07 09:12:23+00:00,743.0,3233.73,3233.57,3234.01,ETH
2026-01-07 09:12:24+00:00,744.0,3234.0,3233.94,3234.39,ETH
2026-01-07 09:12:25+00:00,745.0,3234.59,3234.21,3234.76,ETH
2026-01-07 09:12:26+00:00,746.0,3234.6,3234.45,3234.76,ETH
2026-01-07 09:12:27+00:00,747.0,3234.41,3234.37,3234.59,ETH
2026-01-07 09:12:28+00:00,748.0,3234.25,3234.14,3234.44,ETH
2026-01-07 09:12:29+00:00,749.0,3234.14,3233.96,3234.32,ETH
2026-01-07 09:12:30+00:00,750.0,3233.15,3232.85,3233.44,ETH
2026-01-07 09:12:31+00:00,751.0,3232.89,3232.73,3233.17,ETH
2026-01-07 09:12:32+00:00,752.0,3233.03,3232.84,3233.16,ETH
2026-01-07 09:12:33+00:00,753.0,3233.09,3232.9,3233.15,ETH
2026-01-07 09:12:34+00:00,754.0,3232.87,3232.71,3233.11,ETH
2026-01-07 09:12:35+00:00,755.0,3232.56,3232.47,3233.03,ETH
2026-01-07 09:12:36+00:00,756.0,3232.44,3232.4,3232.96,ETH
2026-01-07 09:12:37+00:00,757.0,3232.42,3232.4,3232.84,ETH
2026-01-07 09:12:38+00:00,758.0,3232.29,3232.2,3232.64,ETH
2026-01-07 09:12:39+00:00,759.0,3232.18,3232.06,3232.42,ETH
2026-01-07 09:12:40+00:00,760.0,3232.54,3232.33,3232.76,ETH
2026-01-07 09:12:41+00:00,761.0,3233.23,3232.98,3233.4,ETH
2026-01-07 09:12:42+00:00,762.0,3233.53,3233.28,3233.68,ETH
2026-01-07 09:12:43+00:00,763.0,3233.39,3233.13,3233.64,ETH
2026-01-07 09:12:44+00:00,764.0,3233.4,3233.24,3233.65,ETH
2026-01-07 09:12:45+00:00,765.0,3233.65,3233.52,3233.89,ETH
2026-01-07 09:12:46+00:00,766.0,3233.9,3233.77,3234.07,ETH
2026-01-07 09:12:47+00:00,767.0,3234.02,3233.9,3234.14,ETH
2026-01-07 09:12:48+00:00,768.0,3233.99,3233.86,3234.12,ETH
2026-01-07 09:12:49+00:00,769.0,3233.89,3233.67,3234.0,ETH
2026-01-07 09:12:50+00:00,770.0,3233.86,3233.68,3233.98,ETH
2026-01-07 09:12:51+00:00,771.0,3233.94,3233.82,3234.0,ETH
2026-01-07 09:12:52+00:00,772.0,3233.96,3233.85,3234.03,ETH
2026-01-07 09:12:53+00:00,773.0,3233.92,3233.85,3234.02,ETH
2026-01-07 09:12:54+00:00,774.0,3233.96,3233.83,3234.03,ETH
2026-01-07 09:12:55+00:00,775.0,3234.01,3233.81,3234.03,ETH
2026-01-07 09:12:56+00:00,776.0,3234.07,3233.86,3234.24,ETH
2026-01-07 09:12:57+00:00,777.0,3234.32,3234.12,3234.63,ETH
2026-01-07 09:12:58+00:00,778.0,3234.72,3234.53,3234.97,ETH
2026-01-07 09:12:59+00:00,779.0,3234.96,3234.75,3235.25,ETH
2026-01-07 09:13:00+00:00,780.0,3235.0,3234.76,3235.37,ETH
2026-01-07 09:13:01+00:00,781.0,3235.09,3234.84,3235.45,ETH
2026-01-07 09:13:02+00:00,782.0,3235.24,3235.18,3235.63,ETH
2026-01-07 09:13:03+00:00,783.0,3235.65,3235.53,3235.69,ETH
2026-01-07 09:13:04+00:00,784.0,3235.87,3235.63,3236.08,ETH
2026-01-07 09:13:05+00:00,785.0,3235.95,3235.72,3236.01,ETH
2026-01-07 09:13:06+00:00,786.0,3235.97,3235.79,3236.03,ETH
2026-01-07 09:13:07+00:00,787.0,3235.58,3235.4,3235.72,ETH
2026-01-07 09:13:08+00:00,788.0,3235.44,3235.23,3235.57,ETH
2026-01-07 09:13:09+00:00,789.0,3235.22,3235.1,3235.37,ETH
2026-01-07 09:13:10+00:00,790.0,3235.23,3235.1,3235.41,ETH
2026-01-07 09:13:11+00:00,791.0,3235.62,3235.25,3235.87,ETH
2026-01-07 09:13:12+00:00,792.0,3235.62,3235.5,3235.75,ETH
2026-01-07 09:13:13+00:00,793.0,3235.74,3235.51,3235.81,ETH
2026-01-07 09:13:14+00:00,794.0,3235.32,3235.28,3235.5,ETH
2026-01-07 09:13:15+00:00,795.0,3234.77,3234.61,3234.97,ETH
2026-01-07 09:13:16+00:00,796.0,3234.51,3234.36,3234.85,ETH
2026-01-07 09:13:17+00:00,797.0,3234.2,3234.12,3234.34,ETH
2026-01-07 09:13:18+00:00,798.0,3234.11,3234.04,3234.16,ETH
2026-01-07 09:13:19+00:00,799.0,3234.1,3234.03,3234.12,ETH
2026-01-07 09:13:20+00:00,800.0,3234.1,3234.02,3234.12,ETH
2026-01-07 09:13:21+00:00,801.0,3234.14,3234.11,3234.27,ETH
2026-01-07 09:13:22+00:00,802.0,3234.15,3234.12,3234.25,ETH
2026-01-07 09:13:23+00:00,803.0,3234.15,3234.1,3234.25,ETH
2026-01-07 09:13:24+00:00,804.0,3234.14,3234.09,3234.25,ETH
2026-01-07 09:13:25+00:00,805.0,3234.14,3234.1,3234.25,ETH
2026-01-07 09:13:26+00:00,806.0,3234.14,3234.08,3234.23,ETH
2026-01-07 09:13:27+00:00,807.0,3234.14,3234.09,3234.23,ETH
2026-01-07 09:13:28+00:00,808.0,3234.14,3234.1,3234.23,ETH
2026-01-07 09:13:29+00:00,809.0,3234.14,3234.09,3234.23,ETH
2026-01-07 09:13:30+00:00,810.0,3234.14,3234.09,3234.23,ETH
2026-01-07 09:13:31+00:00,811.0,3234.15,3234.11,3234.24,ETH
2026-01-07 09:13:32+00:00,812.0,3234.23,3234.13,3234.29,ETH
2026-01-07 09:13:33+00:00,813.0,3234.23,3234.12,3234.33,ETH
2026-01-07 09:13:34+00:00,814.0,3234.23,3234.12,3234.32,ETH
2026-01-07 09:13:35+00:00,815.0,3234.2,3234.11,3234.23,ETH
2026-01-07 09:13:36+00:00,816.0,3234.04,3233.9,3234.16,ETH
2026-01-07 09:13:37+00:00,817.0,3233.89,3233.7,3234.1,ETH
2026-01-07 09:13:38+00:00,818.0,3233.36,3233.11,3233.6,ETH
2026-01-07 09:13:39+00:00,819.0,3233.26,3233.1,3233.52,ETH
2026-01-07 09:13:40+00:00,820.0,3233.21,3233.11,3233.62,ETH
2026-01-07 09:13:41+00:00,821.0,3233.23,3233.12,3233.62,ETH
2026-01-07 09:13:42+00:00,822.0,3233.25,3233.12,3233.62,ETH
2026-01-07 09:13:43+00:00,823.0,3233.46,3233.23,3233.83,ETH
2026-01-07 09:13:44+00:00,824.0,3233.49,3233.38,3233.94,ETH
2026-01-07 09:13:45+00:00,825.0,3233.53,3233.45,3234.04,ETH
2026-01-07 09:13:46+00:00,826.0,3233.53,3233.45,3234.03,ETH
2026-01-07 09:13:47+00:00,827.0,3233.47,3233.33,3233.84,ETH
2026-01-07 09:13:48+00:00,828.0,3233.41,3233.2,3233.64,ETH
2026-01-07 09:13:49+00:00,829.0,3233.13,3233.1,3233.27,ETH
2026-01-07 09:13:50+00:00,830.0,3233.08,3232.99,3233.36,ETH
2026-01-07 09:13:51+00:00,831.0,3233.0,3232.99,3233.1,ETH
2026-01-07 09:13:52+00:00,832.0,3233.02,3233.0,3233.1,ETH
2026-01-07 09:13:53+00:00,833.0,3233.07,3233.0,3233.1,ETH
2026-01-07 09:13:54+00:00,834.0,3233.12,3233.02,3233.19,ETH
2026-01-07 09:13:55+00:00,835.0,3233.03,3232.91,3233.11,ETH
2026-01-07 09:13:56+00:00,836.0,3232.92,3232.9,3233.03,ETH
2026-01-07 09:13:57+00:00,837.0,3232.88,3232.63,3232.94,ETH
2026-01-07 09:13:58+00:00,838.0,3232.58,3232.22,3232.63,ETH
2026-01-07 09:13:59+00:00,839.0,3232.19,3232.19,3232.44,ETH
2026-01-07 09:14:00+00:00,840.0,3232.2,3232.19,3232.42,ETH
2026-01-07 09:14:01+00:00,841.0,3231.93,3231.85,3231.95,ETH
2026-01-07 09:14:02+00:00,842.0,3231.68,3231.67,3232.17,ETH
2026-01-07 09:14:03+00:00,843.0,3232.84,3232.6,3233.02,ETH
2026-01-07 09:14:04+00:00,844.0,3233.12,3233.11,3233.28,ETH
2026-01-07 09:14:05+00:00,845.0,3234.03,3233.86,3234.18,ETH
2026-01-07 09:14:06+00:00,846.0,3234.42,3234.09,3234.64,ETH
2026-01-07 09:14:07+00:00,847.0,3234.38,3234.36,3234.5,ETH
2026-01-07 09:14:08+00:00,848.0,3234.24,3234.23,3234.43,ETH
2026-01-07 09:14:09+00:00,849.0,3234.37,3234.21,3234.67,ETH
2026-01-07 09:14:10+00:00,850.0,3233.82,3233.78,3234.1,ETH
2026-01-07 09:14:11+00:00,851.0,3233.58,3233.56,3234.1,ETH
2026-01-07 09:14:12+00:00,852.0,3233.58,3233.55,3234.06,ETH
2026-01-07 09:14:13+00:00,853.0,3233.57,3233.51,3234.11,ETH
2026-01-07 09:14:14+00:00,854.0,3234.82,3234.47,3235.14,ETH
2026-01-07 09:14:15+00:00,855.0,3235.12,3235.11,3235.27,ETH
2026-01-07 09:14:16+00:00,856.0,3235.47,3235.35,3235.5,ETH
2026-01-07 09:14:17+00:00,857.0,3235.6,3235.5,3235.79,ETH
2026-01-07 09:14:18+00:00,858.0,3235.74,3235.66,3236.08,ETH
2026-01-07 09:14:19+00:00,859.0,3235.94,3235.79,3236.0,ETH
2026-01-07 09:14:20+00:00,860.0,3236.09,3235.95,3236.27,ETH
2026-01-07 09:14:21+00:00,861.0,3236.29,3236.03,3236.41,ETH
2026-01-07 09:14:22+00:00,862.0,3236.3,3236.11,3236.34,ETH
2026-01-07 09:14:23+00:00,863.0,3236.13,3235.99,3236.25,ETH
2026-01-07 09:14:24+00:00,864.0,3235.95,3235.83,3235.98,ETH
2026-01-07 09:14:25+00:00,865.0,3235.95,3235.83,3235.98,ETH
2026-01-07 09:14:26+00:00,866.0,3235.88,3235.82,3235.94,ETH
2026-01-07 09:14:27+00:00,867.0,3236.11,3235.99,3236.24,ETH
2026-01-07 09:14:28+00:00,868.0,3236.38,3236.17,3236.56,ETH
2026-01-07 09:14:29+00:00,869.0,3236.59,3236.53,3236.82,ETH
2026-01-07 09:14:30+00:00,870.0,3236.83,3236.68,3236.83,ETH
2026-01-07 09:14:31+00:00,871.0,3236.8,3236.69,3236.83,ETH
2026-01-07 09:14:32+00:00,872.0,3236.82,3236.7,3236.84,ETH
2026-01-07 09:14:33+00:00,873.0,3236.82,3236.66,3236.88,ETH
2026-01-07 09:14:34+00:00,874.0,3236.43,3236.11,3236.44,ETH
2026-01-07 09:14:35+00:00,875.0,3236.22,3236.11,3236.27,ETH
2026-01-07 09:14:36+00:00,876.0,3236.16,3236.1,3236.26,ETH
2026-01-07 09:14:37+00:00,877.0,3236.07,3236.01,3236.19,ETH
2026-01-07 09:14:38+00:00,878.0,3236.05,3235.98,3236.14,ETH
2026-01-07 09:14:39+00:00,879.0,3236.11,3236.04,3236.16,ETH
2026-01-07 09:14:40+00:00,880.0,3236.11,3236.05,3236.16,ETH
2026-01-07 09:14:41+00:00,881.0,3236.1,3236.05,3236.16,ETH
2026-01-07 09:14:42+00:00,882.0,3236.15,3236.09,3236.21,ETH
2026-01-07 09:14:43+00:00,883.0,3236.44,3236.3,3236.5,ETH
2026-01-07 09:14:44+00:00,884.0,3236.25,3236.04,3236.43,ETH
2026-01-07 09:14:45+00:00,885.0,3235.78,3235.77,3235.94,ETH
2026-01-07 09:14:46+00:00,886.0,3235.78,3235.77,3235.94,ETH
2026-01-07 09:14:47+00:00,887.0,3235.77,3235.76,3235.9,ETH
2026-01-07 09:14:48+00:00,888.0,3235.78,3235.77,3235.91,ETH
2026-01-07 09:14:49+00:00,889.0,3235.74,3235.31,3235.85,ETH
2026-01-07 09:14:50+00:00,890.0,3235.4,3235.19,3235.77,ETH
2026-01-07 09:14:51+00:00,891.0,3235.52,3235.39,3236.07,ETH
2026-01-07 09:14:52+00:00,892.0,3235.49,3235.4,3236.1,ETH
2026-01-07 09:14:53+00:00,893.0,3235.52,3235.43,3235.76,ETH
2026-01-07 09:14:54+00:00,894.0,3235.51,3235.44,3235.81,ETH
2026-01-07 09:14:55+00:00,895.0,3235.8,3235.75,3235.86,ETH
2026-01-07 09:14:56+00:00,896.0,3236.49,3236.37,3236.52,ETH
2026-01-07 09:14:57+00:00,897.0,3236.51,3236.41,3236.55,ETH
2026-01-07 09:14:58+00:00,898.0,3236.53,3236.44,3236.59,ETH
2026-01-07 09:14:59+00:00,899.0,3236.55,3236.48,3236.62,ETH
