timestamp,collected_at,seconds,up_mid,up_best_bid,up_best_ask,down_mid,down_best_bid,down_best_ask,up_best_bid_size,up_best_ask_size,down_best_bid_size,down_best_ask_size,up_bid_2,up_bid_2_size,up_ask_2,up_ask_2_size,up_bid_3,up_bid_3_size,up_ask_3,up_ask_3_size,up_bid_4,up_bid_4_size,up_ask_4,up_ask_4_size,up_bid_5,up_bid_5_size,up_ask_5,up_ask_5_size,up_bid_6,up_bid_6_size,up_ask_6,up_ask_6_size,down_bid_2,down_bid_2_size,down_ask_2,down_ask_2_size,down_bid_3,down_bid_3_size,down_ask_3,down_ask_3_size,down_bid_4,down_bid_4_size,down_ask_4,down_ask_4_size,down_bid_5,down_bid_5_size,down_ask_5,down_ask_5_size,down_bid_6,down_bid_6_size,down_ask_6,down_ask_6_size
2026-01-07 09:00:00.440000+00:00,2026-01-07 08:59:57.939622+00:00,0.44,0.865,0.74,0.99,0.045,0.01,0.08,136.0,178.0,163.0,26.0,0.61,41.0,,,0.52,235.43,,,0.51,378.48,,,0.5,300.0,,,0.49,41.7,,,,,0.26,111.0,,,0.39,41.0,,,0.48,235.43,,,0.49,378.48,,,0.5,300.0
2026-01-07 09:00:01.350000+00:00,2026-01-07 08:59:58.945165+00:00,1.35,0.9550000000000001,0.92,0.99,0.045,0.01,0.08,20.0,161.98,161.98,20.0,0.9,5510.0,,,0.8,5510.0,,,0.73,17.0,,,0.7,5510.0,,,0.52,235.43,,,,,0.1,5510.0,,,0.2,5510.0,,,0.27,17.0,,,0.3,5510.0,,,0.48,235.43
2026-01-07 09:00:02.391000+00:00,2026-01-07 08:59:59.951107+00:00,2.391,0.99,0.99,,0.01,,0.01,183932.02,,,183932.02,0.98,6.0,,,0.92,20.0,,,0.9,8010.0,,,0.8,5510.0,,,0.73,17.0,,,,,0.02,6.0,,,0.08,20.0,,,0.1,8010.0,,,0.2,5510.0,,,0.27,17.0
2026-01-07 09:00:03.407000+00:00,2026-01-07 09:00:00.957078+00:00,3.407,0.5549999999999999,0.53,0.58,0.44499999999999995,0.42,0.47,1353.25,160.0,155.0,1353.25,0.52,47.0,0.59,243.63,0.51,269.83,0.6,241.5,0.5,1190.61,0.61,243.0,0.49,292.64,0.62,121.0,0.48,243.0,0.64,20.0,0.41,304.63,0.48,47.0,0.4,363.5,0.49,330.83,0.39,243.0,0.5,1251.61,0.38,121.0,0.51,353.64,0.36,20.0,0.52,243.0
2026-01-07 09:00:04.485000+00:00,2026-01-07 09:00:01.977013+00:00,4.485,0.535,0.53,0.54,0.46499999999999997,0.46,0.47,1398.25,56.0,56.0,1398.25,0.52,47.0,0.55,15.0,0.51,330.83,0.56,15.0,0.5,1251.61,0.57,15.0,0.49,353.64,0.58,193.0,0.48,304.0,0.59,304.63,0.45,15.0,0.48,47.0,0.44,15.0,0.49,345.83,0.43,15.0,0.5,1251.61,0.42,193.0,0.51,353.64,0.41,304.63,0.52,304.0
2026-01-07 09:00:05.481000+00:00,2026-01-07 09:00:02.977589+00:00,5.481,0.535,0.53,0.54,0.46499999999999997,0.46,0.47,1453.25,58.0,58.0,1438.25,0.52,57.0,0.55,15.0,0.51,410.83,0.56,50.0,0.5,1301.61,0.57,25.0,0.49,388.64,0.58,228.0,0.48,304.0,0.59,339.63,0.45,30.0,0.48,57.0,0.44,50.0,0.49,1625.83,0.43,25.0,0.5,1301.61,0.42,228.0,0.51,388.64,0.41,339.63,0.52,304.0
2026-01-07 09:00:06.491000+00:00,2026-01-07 09:00:03.994013+00:00,6.491,0.535,0.53,0.54,0.46499999999999997,0.46,0.47,1433.25,78.0,88.0,1418.25,0.52,259.0,0.55,30.0,0.51,1731.83,0.56,233.0,0.5,1422.61,0.57,208.0,0.49,388.64,0.58,218.0,0.48,304.0,0.59,339.63,0.45,30.0,0.48,259.0,0.44,233.0,0.49,1731.83,0.43,208.0,0.5,1422.61,0.42,218.0,0.51,388.64,0.41,339.63,0.52,304.0
2026-01-07 09:00:07.379000+00:00,2026-01-07 09:00:05.000992+00:00,7.379,0.535,0.53,0.54,0.46499999999999997,0.46,0.47,1111.25,336.0,331.0,1111.25,0.52,47.0,0.55,208.0,0.51,1427.83,0.56,233.0,0.5,1118.61,0.57,354.0,0.49,99.64,0.58,399.0,0.48,314.0,0.59,304.63,0.45,208.0,0.48,47.0,0.44,233.0,0.49,1362.83,0.43,354.0,0.5,1153.61,0.42,399.0,0.51,99.64,0.41,304.63,0.52,314.0
2026-01-07 09:00:08.501000+00:00,2026-01-07 09:00:06.008245+00:00,8.501,0.535,0.53,0.54,0.46499999999999997,0.46,0.47,776.23,331.0,331.0,776.23,0.52,47.0,0.55,329.0,0.51,1347.83,0.56,354.0,0.5,1073.61,0.57,354.0,0.49,129.64,0.58,339.0,0.48,15.0,0.59,304.63,0.45,399.0,0.48,47.0,0.44,481.0,0.49,1347.83,0.43,424.0,0.5,1123.61,0.42,409.0,0.51,109.64,0.41,374.63,0.52,15.0
2026-01-07 09:00:09.237000+00:00,2026-01-07 09:00:07.015565+00:00,9.237,0.535,0.53,0.54,0.46499999999999997,0.46,0.47,532.01,321.0,321.0,532.01,0.52,47.0,0.55,399.0,0.51,1347.83,0.56,481.0,0.5,1153.61,0.57,424.0,0.49,109.64,0.58,409.0,0.47,304.0,0.59,374.63,0.45,399.0,0.48,47.0,0.44,481.0,0.49,1347.83,0.43,424.0,0.5,1153.61,0.42,409.0,0.51,109.64,0.41,374.63,0.53,374.0
2026-01-07 09:00:10.383000+00:00,2026-01-07 09:00:08.022660+00:00,10.383,0.535,0.53,0.54,0.46499999999999997,0.46,0.47,523.79,316.0,316.0,523.79,0.52,127.0,0.55,464.0,0.51,1427.83,0.56,501.0,0.5,1118.61,0.57,424.0,0.49,109.64,0.58,409.0,0.47,374.0,0.59,374.63,0.45,464.0,0.48,127.0,0.44,501.0,0.49,1427.83,0.43,424.0,0.5,1118.61,0.42,409.0,0.51,179.64,0.41,374.63,0.52,70.0
2026-01-07 09:00:11.168000+00:00,2026-01-07 09:00:09.030433+00:00,11.168,0.535,0.53,0.54,0.46499999999999997,0.46,0.47,573.79,301.0,301.0,573.79,0.52,147.0,0.55,429.0,0.51,1497.83,0.56,551.0,0.5,1203.61,0.57,424.0,0.49,164.64,0.58,409.0,0.48,70.0,0.59,374.63,0.45,429.0,0.48,147.0,0.44,551.0,0.49,1497.83,0.43,424.0,0.5,1203.61,0.42,409.0,0.51,164.64,0.41,374.63,0.52,70.0
2026-01-07 09:00:12.545000+00:00,2026-01-07 09:00:10.039166+00:00,12.545,0.535,0.53,0.54,0.47,0.46,0.48,448.79,571.0,586.0,20.79,0.52,47.0,0.55,399.0,0.51,1347.83,0.56,424.0,0.5,1073.61,0.57,430.0,0.49,49.64,0.58,409.0,0.48,80.0,0.59,374.63,0.45,399.0,0.49,1347.83,0.44,424.0,0.5,1073.61,0.43,430.0,0.51,49.64,0.42,409.0,0.53,100.0,0.41,374.63,0.55,45.0
2026-01-07 09:00:13.495000+00:00,2026-01-07 09:00:11.046773+00:00,13.495,0.515,0.51,0.52,0.495,0.49,0.5,6.83,249.71,80.0,1019.44,0.5,1073.61,0.53,135.0,0.49,49.64,0.54,422.0,0.48,80.0,0.55,429.0,0.47,45.0,0.56,424.0,0.46,160.0,0.57,410.0,0.48,214.71,0.51,49.64,0.47,150.0,0.52,80.0,0.46,422.0,0.53,45.0,0.45,429.0,0.54,160.0,0.44,389.0,0.55,30.0
2026-01-07 09:00:14.553000+00:00,2026-01-07 09:00:12.053836+00:00,14.553,0.505,0.5,0.51,0.495,0.49,0.5,898.26,191.0,191.0,898.26,0.49,49.64,0.52,155.21,0.45,150.0,0.53,150.0,0.44,45.0,0.54,422.0,0.43,137.0,0.55,429.0,0.42,304.0,0.56,396.5,0.48,155.21,0.51,49.64,0.47,150.0,0.55,130.0,0.46,422.0,0.56,45.0,0.45,429.0,0.57,122.0,0.44,396.5,0.58,304.0
2026-01-07 09:00:15.579000+00:00,2026-01-07 09:00:13.063645+00:00,15.579,0.505,0.5,0.51,0.495,0.49,0.5,761.46,176.0,181.0,707.4,0.49,157.64,0.52,180.21,0.48,67.5,0.53,130.0,0.47,45.0,0.54,342.0,0.46,45.0,0.55,359.0,0.45,75.0,0.56,396.5,0.48,180.21,0.51,157.64,0.47,130.0,0.52,67.5,0.46,342.0,0.53,45.0,0.45,359.0,0.54,45.0,0.44,396.5,0.55,75.0
2026-01-07 09:00:16.503000+00:00,2026-01-07 09:00:14.070330+00:00,16.503,0.505,0.5,0.51,0.495,0.49,0.5,712.4,151.0,151.0,712.4,0.49,157.64,0.52,155.21,0.48,67.5,0.53,135.0,0.47,45.0,0.54,362.0,0.46,45.0,0.55,359.0,0.45,45.0,0.56,396.5,0.48,155.21,0.51,227.64,0.47,135.0,0.52,137.5,0.46,362.0,0.53,115.0,0.45,359.0,0.54,115.0,0.44,396.5,0.55,115.0
2026-01-07 09:00:17.281000+00:00,2026-01-07 09:00:15.091649+00:00,17.281,0.505,0.5,0.51,0.495,0.49,0.5,682.4,121.0,146.0,631.4,0.49,237.64,0.52,190.21,0.48,137.5,0.53,120.0,0.47,115.0,0.54,352.0,0.46,115.0,0.55,359.0,0.45,115.0,0.56,396.5,0.48,312.21,0.51,157.64,0.47,242.0,0.52,130.0,0.46,352.0,0.53,145.0,0.45,359.0,0.54,115.0,0.44,396.5,0.55,115.0
2026-01-07 09:00:18.601000+00:00,2026-01-07 09:00:16.096607+00:00,18.601,0.505,0.5,0.51,0.495,0.49,0.5,286.4,216.0,226.0,296.44,0.49,37.64,0.52,408.21,0.46,80.0,0.53,333.0,0.45,100.0,0.54,377.0,0.44,130.0,0.55,394.0,0.43,70.0,0.56,396.5,0.48,408.21,0.51,37.64,0.47,333.0,0.54,80.0,0.46,377.0,0.55,70.0,0.45,394.0,0.56,160.0,0.44,396.5,0.57,70.0
2026-01-07 09:00:19.609000+00:00,2026-01-07 09:00:17.104026+00:00,19.609,0.505,0.5,0.51,0.495,0.49,0.5,238.48,175.0,201.0,242.44,0.49,37.64,0.52,408.21,0.46,10.0,0.53,333.0,0.45,65.0,0.54,377.0,0.44,70.0,0.55,394.0,0.43,30.0,0.56,396.5,0.48,408.21,0.51,37.64,0.47,333.0,0.53,10.0,0.46,377.0,0.55,90.0,0.45,394.0,0.56,95.0,0.44,396.5,0.57,10.0
2026-01-07 09:00:20.620000+00:00,2026-01-07 09:00:18.112742+00:00,20.62,0.495,0.49,0.5,0.525,0.52,0.53,1.08,100.0,80.0,15.0,0.47,10.0,0.51,196.0,0.46,136.0,0.52,443.21,0.45,45.0,0.53,298.0,0.44,75.0,0.54,377.0,0.42,70.0,0.55,394.0,0.51,149.0,0.54,140.0,0.5,100.0,0.55,45.0,0.49,135.0,0.56,75.0,0.48,398.21,0.58,70.0,0.47,298.0,0.59,253.0
2026-01-07 09:00:21.646000+00:00,2026-01-07 09:00:19.134355+00:00,21.646,0.455,0.45,0.46,0.545,0.54,0.55,25.0,202.0,207.0,35.0,0.44,130.0,0.47,313.0,0.43,100.0,0.48,406.0,0.42,90.0,0.49,288.0,0.41,253.0,0.5,293.0,0.4,303.0,0.51,125.0,0.53,313.0,0.56,120.0,0.52,446.0,0.57,100.0,0.51,288.0,0.58,90.0,0.5,293.0,0.59,253.0,0.49,125.0,0.6,303.0
2026-01-07 09:00:22.652000+00:00,2026-01-07 09:00:20.138826+00:00,22.652,0.445,0.44,0.45,0.555,0.55,0.56,135.0,29.88,29.88,135.0,0.43,120.0,0.46,193.0,0.42,70.0,0.47,439.0,0.41,70.0,0.48,379.0,0.4,120.0,0.49,349.0,0.39,253.0,0.5,354.0,0.54,193.0,0.57,130.0,0.53,439.0,0.58,70.0,0.52,379.0,0.59,70.0,0.51,398.0,0.6,120.0,0.5,354.0,0.61,253.0
2026-01-07 09:00:23.628000+00:00,2026-01-07 09:00:21.144806+00:00,23.628,0.445,0.44,0.45,0.555,0.55,0.56,114.0,34.68,79.68,40.0,0.43,30.0,0.46,253.0,0.42,110.0,0.47,409.0,0.41,70.0,0.48,417.0,0.4,120.0,0.49,419.0,0.39,253.0,0.5,424.0,0.54,253.0,0.57,110.0,0.53,409.0,0.58,40.0,0.52,417.0,0.6,120.0,0.51,419.0,0.61,253.0,0.5,424.0,0.62,253.0
2026-01-07 09:00:24.644000+00:00,2026-01-07 09:00:22.145926+00:00,24.644,0.415,0.41,0.42,0.585,0.58,0.59,85.0,80.0,348.0,5.0,0.4,140.0,0.43,283.0,0.39,10.0,0.44,399.0,0.38,183.0,0.45,176.0,0.37,293.0,0.46,228.0,0.36,253.0,0.47,419.0,0.57,414.0,0.6,170.0,0.56,389.0,0.61,60.0,0.55,221.0,0.62,183.0,0.54,228.0,0.63,183.0,0.53,419.0,0.64,253.0
2026-01-07 09:00:25.660000+00:00,2026-01-07 09:00:23.150797+00:00,25.66,0.405,0.4,0.41,0.595,0.59,0.6,140.0,35.0,20.17,130.0,0.39,40.0,0.42,326.38,0.38,10.0,0.43,379.0,0.35,265.98,0.44,419.0,0.34,308.03,0.45,281.0,0.33,304.01,0.46,298.0,0.58,381.38,0.61,75.0,0.57,379.0,0.62,30.0,0.56,419.0,0.63,10.0,0.55,281.0,0.65,265.98,0.54,298.0,0.66,308.03
2026-01-07 09:00:26.646000+00:00,2026-01-07 09:00:24.156611+00:00,26.646,0.405,0.4,0.41,0.595,0.59,0.6,225.0,25.17,25.17,200.0,0.39,20.0,0.42,296.38,0.38,10.0,0.43,459.0,0.35,265.98,0.44,429.0,0.34,338.03,0.45,281.0,0.33,309.01,0.46,298.0,0.58,281.38,0.61,10.0,0.57,304.0,0.62,122.0,0.56,379.0,0.63,122.0,0.55,378.0,0.64,161.0,0.54,308.0,0.65,416.98
2026-01-07 09:00:27.654000+00:00,2026-01-07 09:00:25.163889+00:00,27.654,0.425,0.41,0.44,0.575,0.56,0.59,35.0,113.0,148.0,35.0,0.4,195.0,0.45,429.0,0.39,80.0,0.46,419.0,0.38,131.0,0.47,419.0,0.37,253.0,0.48,414.0,0.36,288.0,0.49,404.0,0.55,484.0,0.6,195.0,0.54,419.0,0.61,80.0,0.53,419.0,0.62,131.0,0.52,414.0,0.63,288.0,0.51,404.0,0.64,263.0
2026-01-07 09:00:28.623000+00:00,2026-01-07 09:00:26.155051+00:00,28.623,0.43,0.42,0.44,0.5700000000000001,0.56,0.58,100.0,113.0,113.0,100.0,0.41,108.3,0.45,429.0,0.4,200.0,0.46,419.0,0.39,80.0,0.47,466.0,0.38,131.0,0.48,414.0,0.37,253.0,0.49,404.0,0.55,429.0,0.59,108.3,0.54,419.0,0.6,200.0,0.53,466.0,0.61,80.0,0.52,414.0,0.62,131.0,0.51,404.0,0.63,253.0
2026-01-07 09:00:29.656000+00:00,2026-01-07 09:00:27.145077+00:00,29.656,0.42,0.41,0.43,0.585,0.58,0.59,73.3,125.7,15.1,73.3,0.4,200.0,0.44,106.9,0.39,115.0,0.45,419.0,0.38,141.0,0.46,419.0,0.37,288.0,0.47,419.0,0.36,288.0,0.48,414.0,0.57,123.7,0.6,190.0,0.56,150.9,0.61,145.0,0.55,419.0,0.62,151.0,0.54,419.0,0.63,288.0,0.53,419.0,0.64,288.0
2026-01-07 09:00:30.658000+00:00,2026-01-07 09:00:28.151575+00:00,30.658,0.405,0.4,0.41,0.595,0.59,0.6,45.0,112.0,72.0,45.0,0.39,10.0,0.42,232.1,0.38,91.0,0.43,358.0,0.37,298.0,0.44,393.9,0.36,313.0,0.45,430.2,0.35,421.98,0.46,419.0,0.58,232.1,0.61,10.0,0.57,358.0,0.62,20.0,0.56,454.9,0.63,333.0,0.55,430.2,0.64,323.0,0.54,419.0,0.65,330.98
2026-01-07 09:00:31.650000+00:00,2026-01-07 09:00:29.155273+00:00,31.65,0.405,0.4,0.41,0.595,0.59,0.6,37.46,35.0,40.0,37.46,0.39,40.0,0.42,260.0,0.38,30.0,0.43,419.0,0.37,150.0,0.44,464.8,0.36,140.0,0.45,419.0,0.35,330.98,0.46,419.0,0.58,260.0,0.61,40.0,0.57,419.0,0.62,30.0,0.56,464.8,0.63,150.0,0.55,419.0,0.64,140.0,0.54,419.0,0.65,330.98
2026-01-07 09:00:32.670000+00:00,2026-01-07 09:00:30.162669+00:00,32.67,0.405,0.4,0.41,0.595,0.59,0.6,67.46,32.56,32.56,67.46,0.39,85.0,0.42,60.0,0.38,95.0,0.43,155.0,0.37,368.0,0.44,354.8,0.36,363.0,0.45,419.0,0.35,300.98,0.46,419.0,0.58,60.0,0.61,85.0,0.57,155.0,0.62,95.0,0.56,354.8,0.63,368.0,0.55,419.0,0.64,363.0,0.54,419.0,0.65,300.98
2026-01-07 09:00:33.613000+00:00,2026-01-07 09:00:31.186847+00:00,33.613,0.405,0.4,0.41,0.595,0.59,0.6,92.46,20.36,20.36,102.46,0.39,140.0,0.42,60.0,0.38,120.0,0.43,155.0,0.37,368.0,0.44,354.8,0.36,363.0,0.45,419.0,0.35,265.98,0.46,419.0,0.58,60.0,0.61,130.0,0.57,155.0,0.62,120.0,0.56,299.9,0.63,368.0,0.55,419.0,0.64,363.0,0.54,465.0,0.65,303.98
2026-01-07 09:00:34.687000+00:00,2026-01-07 09:00:32.192376+00:00,34.687,0.375,0.37,0.38,0.625,0.62,0.63,203.0,45.0,73.0,203.0,0.36,273.0,0.4,45.0,0.35,235.98,0.41,6.0,0.34,476.03,0.42,42.0,0.33,460.01,0.45,73.09,0.32,488.94,0.46,404.0,0.61,30.0,0.64,218.0,0.6,53.0,0.65,280.98,0.58,49.5,0.66,431.03,0.57,18.0,0.67,420.01,0.56,15.0,0.68,473.94
2026-01-07 09:00:35.677000+00:00,2026-01-07 09:00:33.198253+00:00,35.677,0.375,0.37,0.38,0.625,0.62,0.63,20.0,65.0,65.0,20.0,0.36,303.0,0.39,30.0,0.35,220.98,0.4,148.0,0.34,466.03,0.41,244.0,0.33,405.01,0.42,251.5,0.32,433.94,0.43,262.0,0.61,30.0,0.64,268.0,0.6,148.0,0.65,220.98,0.59,244.0,0.66,466.03,0.58,251.5,0.67,405.01,0.57,262.0,0.68,433.94
2026-01-07 09:00:36.694000+00:00,2026-01-07 09:00:34.188614+00:00,36.694,0.375,0.37,0.38,0.625,0.62,0.63,9.84,97.77,362.77,9.84,0.36,183.0,0.39,110.0,0.35,195.98,0.4,209.0,0.34,371.03,0.41,80.0,0.33,335.01,0.42,244.0,0.32,338.94,0.43,262.0,0.61,353.0,0.64,183.0,0.6,368.0,0.65,195.98,0.59,201.0,0.66,371.03,0.58,365.0,0.67,325.01,0.57,383.0,0.68,338.94
2026-01-07 09:00:37.685000+00:00,2026-01-07 09:00:35.196797+00:00,37.685,0.345,0.34,0.35,0.665,0.66,0.67,67.03,224.92,181.7,21.01,0.33,21.01,0.36,494.0,0.32,34.94,0.37,439.0,0.31,8.79,0.38,466.77,0.3,42.57,0.39,334.0,0.29,91.26,0.4,349.0,0.65,345.92,0.68,34.94,0.64,414.0,0.69,8.79,0.63,439.0,0.7,42.57,0.62,386.77,0.71,91.26,0.61,334.0,0.72,20.0
2026-01-07 09:00:38.731000+00:00,2026-01-07 09:00:36.215125+00:00,38.731,0.325,0.32,0.33,0.675,0.67,0.68,30.0,71.0,71.0,30.0,0.31,55.0,0.34,54.7,0.3,65.0,0.35,186.0,0.29,183.0,0.36,369.0,0.28,203.0,0.37,359.0,0.27,183.0,0.38,386.77,0.66,54.7,0.69,55.0,0.65,186.0,0.7,65.0,0.64,369.0,0.71,183.0,0.63,359.0,0.72,203.0,0.62,386.77,0.73,183.0
2026-01-07 09:00:39.702000+00:00,2026-01-07 09:00:37.219985+00:00,39.702,0.315,0.31,0.32,0.685,0.68,0.69,67.56,259.88,183.63,67.56,0.3,45.0,0.33,71.0,0.29,183.0,0.34,54.7,0.28,203.0,0.35,186.0,0.27,183.0,0.36,369.0,0.26,358.0,0.37,359.0,0.67,71.0,0.7,45.0,0.66,54.7,0.71,183.0,0.65,186.0,0.72,203.0,0.64,369.0,0.73,183.0,0.63,359.0,0.74,393.0
2026-01-07 09:00:40.706000+00:00,2026-01-07 09:00:38.211403+00:00,40.706,0.315,0.31,0.32,0.685,0.68,0.69,418.0,183.63,137.69,358.0,0.3,358.0,0.33,34.0,0.29,323.0,0.34,39.7,0.28,378.0,0.35,98.0,0.27,278.0,0.36,186.0,0.26,494.0,0.37,186.0,0.67,34.0,0.7,358.0,0.66,39.7,0.71,323.0,0.65,98.0,0.72,378.0,0.64,186.0,0.73,278.0,0.63,206.0,0.74,494.0
2026-01-07 09:00:41.704000+00:00,2026-01-07 09:00:39.199463+00:00,41.704,0.3,0.29,0.31,0.705,0.7,0.71,183.0,58.54,31.66,183.0,0.28,278.0,0.32,212.69,0.27,183.0,0.33,81.0,0.26,208.0,0.34,180.7,0.25,438.13,0.35,359.0,0.24,388.8,0.36,349.0,0.69,43.54,0.72,278.0,0.68,197.69,0.73,183.0,0.67,81.0,0.74,208.0,0.66,180.7,0.75,218.13,0.65,359.0,0.76,388.8
2026-01-07 09:00:42.708000+00:00,2026-01-07 09:00:40.205147+00:00,42.708,0.295,0.29,0.3,0.705,0.7,0.71,298.0,13.32,13.32,298.0,0.28,203.0,0.31,38.54,0.27,183.0,0.32,60.0,0.26,208.0,0.33,64.0,0.25,323.13,0.34,228.7,0.24,458.8,0.35,349.0,0.69,38.54,0.72,203.0,0.68,60.0,0.73,183.0,0.67,64.0,0.74,208.0,0.66,228.7,0.75,323.13,0.65,349.0,0.76,458.8
2026-01-07 09:00:43.689000+00:00,2026-01-07 09:00:41.212384+00:00,43.689,0.3,0.29,0.31,0.7,0.69,0.71,268.0,32.86,32.86,268.0,0.28,203.0,0.32,60.0,0.27,183.0,0.33,64.0,0.26,358.0,0.34,228.7,0.25,393.13,0.35,349.0,0.24,378.8,0.36,364.0,0.68,60.0,0.72,203.0,0.67,64.0,0.73,183.0,0.66,228.7,0.74,358.0,0.65,349.0,0.75,393.13,0.64,364.0,0.76,378.8
2026-01-07 09:00:44.691000+00:00,2026-01-07 09:00:42.204359+00:00,44.691,0.305,0.3,0.31,0.695,0.69,0.7,25.0,17.86,17.86,20.0,0.29,289.29,0.32,60.0,0.28,343.0,0.33,64.0,0.27,323.0,0.34,228.7,0.26,348.0,0.35,349.0,0.25,393.13,0.36,364.0,0.68,60.0,0.71,289.29,0.67,64.0,0.72,343.0,0.66,218.7,0.73,323.0,0.65,359.0,0.74,348.0,0.64,354.0,0.75,393.13
2026-01-07 09:00:45.724000+00:00,2026-01-07 09:00:43.211893+00:00,45.724,0.305,0.3,0.31,0.695,0.69,0.7,488.0,22.86,12.86,488.0,0.29,299.29,0.32,45.0,0.28,393.0,0.33,258.0,0.27,503.0,0.34,39.7,0.26,494.0,0.35,166.0,0.25,519.13,0.36,359.0,0.68,45.0,0.71,299.29,0.67,269.55,0.72,378.0,0.66,39.7,0.73,469.0,0.65,166.0,0.74,528.0,0.64,379.0,0.75,489.13
2026-01-07 09:00:46.706000+00:00,2026-01-07 09:00:44.220610+00:00,46.706,0.325,0.32,0.33,0.675,0.67,0.68,144.37,309.55,314.55,76.0,0.31,183.0,0.34,77.7,0.29,79.29,0.35,359.0,0.28,223.0,0.36,354.0,0.27,233.0,0.37,334.0,0.26,432.0,0.38,270.77,0.66,77.7,0.69,61.0,0.65,359.0,0.72,223.0,0.64,354.0,0.73,233.0,0.63,334.0,0.74,432.0,0.62,331.77,0.75,473.13
2026-01-07 09:00:47.722000+00:00,2026-01-07 09:00:45.228822+00:00,47.722,0.28500000000000003,0.28,0.29,0.715,0.71,0.72,228.0,60.0,65.0,35.0,0.27,233.0,0.3,5.0,0.26,208.0,0.31,25.0,0.25,218.13,0.32,40.0,0.24,369.8,0.33,234.55,0.23,329.0,0.34,292.7,0.7,5.0,0.73,70.0,0.69,35.0,0.74,208.0,0.68,50.0,0.75,218.13,0.67,275.55,0.76,213.8,0.66,353.7,0.77,528.0
2026-01-07 09:00:48.734000+00:00,2026-01-07 09:00:46.233027+00:00,48.734,0.28500000000000003,0.28,0.29,0.715,0.71,0.72,65.0,20.0,35.0,91.0,0.27,40.0,0.3,224.0,0.26,208.0,0.31,40.0,0.25,218.13,0.32,121.0,0.24,213.8,0.33,396.55,0.23,578.0,0.34,343.7,0.7,224.0,0.73,40.0,0.69,40.0,0.74,208.0,0.68,121.0,0.75,218.13,0.67,396.55,0.76,213.8,0.66,343.7,0.77,578.0
2026-01-07 09:00:49.642000+00:00,2026-01-07 09:00:47.225129+00:00,49.642,0.28500000000000003,0.28,0.29,0.715,0.71,0.72,20.0,32.35,32.35,15.0,0.27,85.0,0.3,249.0,0.26,208.0,0.31,35.0,0.25,218.13,0.32,121.0,0.24,363.8,0.33,386.55,0.23,718.0,0.34,353.7,0.7,239.0,0.73,85.0,0.69,45.0,0.74,208.0,0.68,121.0,0.75,218.13,0.67,386.55,0.76,363.8,0.66,353.7,0.77,718.0
2026-01-07 09:00:50.423000+00:00,2026-01-07 09:00:48.229659+00:00,50.423,0.28500000000000003,0.28,0.29,0.715,0.71,0.72,15.0,32.35,32.35,15.0,0.27,85.0,0.3,239.0,0.26,208.0,0.31,45.0,0.25,218.13,0.32,121.0,0.24,363.8,0.33,386.55,0.23,718.0,0.34,353.7,0.7,239.0,0.73,85.0,0.69,45.0,0.74,208.0,0.68,121.0,0.75,218.13,0.67,386.55,0.76,363.8,0.66,353.7,0.77,718.0
2026-01-07 09:00:51.703000+00:00,2026-01-07 09:00:49.236704+00:00,51.703,0.28500000000000003,0.28,0.29,0.715,0.71,0.72,165.0,15.1,15.1,150.39,0.27,225.0,0.3,239.0,0.26,348.0,0.31,45.0,0.25,358.13,0.32,121.0,0.24,353.8,0.33,386.55,0.23,648.0,0.34,353.7,0.7,239.0,0.73,225.0,0.69,45.0,0.74,348.0,0.68,121.0,0.75,358.13,0.67,386.55,0.76,353.8,0.66,353.7,0.77,648.0
2026-01-07 09:00:52.696000+00:00,2026-01-07 09:00:50.243790+00:00,52.696,0.28500000000000003,0.28,0.29,0.715,0.71,0.72,214.41,11.65,11.65,214.41,0.27,150.0,0.3,224.0,0.26,348.0,0.31,40.0,0.25,358.13,0.32,121.0,0.24,283.8,0.33,285.55,0.23,648.0,0.34,343.7,0.7,224.0,0.73,150.0,0.69,40.0,0.74,348.0,0.68,121.0,0.75,358.13,0.67,285.55,0.76,283.8,0.66,343.7,0.77,648.0
2026-01-07 09:00:53.710000+00:00,2026-01-07 09:00:51.231104+00:00,53.71,0.28500000000000003,0.28,0.29,0.715,0.71,0.72,114.41,1.65,1.65,124.41,0.27,323.0,0.3,224.0,0.26,348.0,0.31,15.0,0.25,409.13,0.32,45.0,0.24,678.8,0.33,102.55,0.23,444.0,0.34,242.7,0.7,224.0,0.73,323.0,0.69,15.0,0.74,348.0,0.68,55.0,0.75,409.13,0.67,102.55,0.76,678.8,0.66,242.7,0.77,444.0
2026-01-07 09:00:54.734000+00:00,2026-01-07 09:00:52.236045+00:00,54.734,0.28500000000000003,0.28,0.29,0.715,0.71,0.72,262.46,1.65,1.65,262.46,0.27,323.0,0.31,15.0,0.26,484.0,0.32,30.0,0.25,683.13,0.33,60.55,0.24,474.8,0.34,232.7,0.23,484.0,0.35,243.0,0.69,15.0,0.73,323.0,0.68,30.0,0.74,484.0,0.67,60.55,0.75,693.13,0.66,232.7,0.76,482.8,0.65,261.0,0.77,484.0
2026-01-07 09:00:55.758000+00:00,2026-01-07 09:00:53.257335+00:00,55.758,0.305,0.3,0.31,0.695,0.69,0.7,180.0,5.32,5.32,180.0,0.29,323.0,0.32,30.0,0.28,325.46,0.33,45.55,0.27,693.0,0.34,39.7,0.26,513.0,0.35,55.0,0.25,519.13,0.36,263.0,0.68,45.0,0.71,323.0,0.67,45.55,0.72,325.46,0.66,39.7,0.73,693.0,0.65,30.0,0.74,513.0,0.64,233.0,0.75,489.13
2026-01-07 09:00:56.748000+00:00,2026-01-07 09:00:54.247754+00:00,56.748,0.315,0.31,0.32,0.685,0.68,0.69,52.75,30.0,30.0,42.75,0.3,40.0,0.33,45.0,0.29,403.0,0.34,46.57,0.28,290.46,0.35,60.0,0.27,683.0,0.36,253.0,0.26,578.0,0.37,253.0,0.67,45.0,0.7,40.0,0.66,46.57,0.71,524.0,0.65,60.0,0.72,411.46,0.64,253.0,0.73,494.0,0.63,253.0,0.74,588.0
2026-01-07 09:00:57.541000+00:00,2026-01-07 09:00:55.252607+00:00,57.541,0.315,0.31,0.32,0.685,0.68,0.69,85.0,30.0,30.0,85.0,0.3,150.0,0.33,45.0,0.29,444.0,0.34,46.57,0.28,411.46,0.35,70.0,0.27,528.0,0.36,243.0,0.26,484.0,0.37,213.0,0.67,45.0,0.7,150.0,0.66,46.57,0.71,444.0,0.65,70.0,0.72,411.46,0.64,243.0,0.73,528.0,0.63,213.0,0.74,484.0
2026-01-07 09:00:58.756000+00:00,2026-01-07 09:00:56.262179+00:00,58.756,0.315,0.31,0.32,0.685,0.68,0.69,235.0,30.0,30.0,195.0,0.3,140.0,0.33,13.48,0.29,444.0,0.34,46.57,0.28,411.46,0.35,70.0,0.27,458.0,0.36,233.0,0.26,484.0,0.37,213.0,0.67,13.48,0.7,383.0,0.66,21.57,0.71,444.0,0.65,40.0,0.72,426.46,0.64,233.0,0.73,518.0,0.63,223.0,0.74,469.0
2026-01-07 09:00:59.751000+00:00,2026-01-07 09:00:57.266852+00:00,59.751,0.315,0.31,0.32,0.685,0.68,0.69,145.72,105.0,105.0,94.66,0.3,459.0,0.33,23.48,0.29,514.0,0.34,41.57,0.28,635.46,0.35,40.0,0.27,409.0,0.36,233.0,0.26,458.0,0.37,263.0,0.67,23.48,0.7,459.0,0.66,41.57,0.71,514.0,0.65,40.0,0.72,635.46,0.64,233.0,0.73,409.0,0.63,263.0,0.74,458.0
2026-01-07 09:01:00.801000+00:00,2026-01-07 09:00:58.290629+00:00,60.801,0.28500000000000003,0.28,0.29,0.715,0.71,0.72,183.0,35.0,65.0,183.0,0.27,379.0,0.3,70.0,0.26,469.0,0.31,55.0,0.25,512.13,0.32,43.93,0.24,509.8,0.33,23.48,0.23,384.0,0.34,143.57,0.7,110.0,0.73,314.0,0.69,40.0,0.74,344.0,0.68,103.93,0.75,339.13,0.67,135.48,0.76,586.4,0.66,143.57,0.77,304.0
2026-01-07 09:01:01.758000+00:00,2026-01-07 09:00:59.297374+00:00,61.758,0.265,0.26,0.27,0.735,0.73,0.74,203.0,65.0,50.0,203.0,0.25,374.13,0.28,90.0,0.24,618.0,0.29,35.0,0.23,336.0,0.3,90.0,0.22,364.0,0.31,334.0,0.21,319.0,0.32,33.93,0.72,70.0,0.75,374.13,0.71,15.0,0.76,548.0,0.69,254.0,0.77,336.0,0.68,23.93,0.78,364.0,0.67,183.0,0.79,319.0
2026-01-07 09:01:02.808000+00:00,2026-01-07 09:01:00.303947+00:00,62.808,0.265,0.26,0.27,0.735,0.73,0.74,248.0,45.0,45.0,379.0,0.25,359.13,0.28,45.0,0.24,548.0,0.29,15.0,0.23,304.0,0.31,264.0,0.22,389.0,0.32,23.93,0.21,439.0,0.33,183.0,0.72,45.0,0.75,392.13,0.71,15.0,0.76,359.0,0.69,30.0,0.77,314.0,0.68,68.93,0.78,424.0,0.67,193.0,0.79,474.0
2026-01-07 09:01:03.829000+00:00,2026-01-07 09:01:01.323793+00:00,63.829,0.275,0.27,0.28,0.725,0.72,0.73,208.0,45.0,45.0,208.0,0.26,324.0,0.29,15.0,0.25,542.13,0.31,65.0,0.24,464.0,0.32,33.93,0.23,479.0,0.33,10.0,0.22,409.0,0.34,208.0,0.71,15.0,0.74,324.0,0.69,75.0,0.75,542.13,0.68,33.93,0.76,464.0,0.67,10.0,0.77,479.0,0.66,208.0,0.78,409.0
2026-01-07 09:01:04.848000+00:00,2026-01-07 09:01:02.326182+00:00,64.848,0.275,0.27,0.28,0.725,0.72,0.73,790.0,45.0,45.0,795.0,0.26,579.0,0.29,15.0,0.25,509.13,0.31,30.0,0.24,504.0,0.32,23.93,0.23,538.0,0.33,35.0,0.22,494.0,0.34,293.0,0.71,15.0,0.74,579.0,0.69,30.0,0.75,509.13,0.68,23.93,0.76,504.0,0.67,35.0,0.77,538.0,0.66,110.0,0.78,494.0
2026-01-07 09:01:05.761000+00:00,2026-01-07 09:01:03.334949+00:00,65.761,0.305,0.3,0.31,0.695,0.69,0.7,170.37,105.0,80.0,170.37,0.29,168.0,0.32,33.93,0.28,484.0,0.33,10.0,0.27,645.0,0.34,100.0,0.26,582.0,0.35,522.0,0.25,439.13,0.36,308.0,0.68,33.93,0.71,168.0,0.67,10.0,0.72,484.0,0.66,100.0,0.73,645.0,0.65,522.0,0.74,582.0,0.64,308.0,0.75,439.13
2026-01-07 09:01:06.846000+00:00,2026-01-07 09:01:04.341712+00:00,66.846,0.3,0.29,0.31,0.7,0.69,0.71,66.0,50.0,40.0,86.0,0.28,459.0,0.32,28.93,0.27,645.0,0.33,20.0,0.26,547.0,0.34,100.0,0.25,464.13,0.35,288.0,0.24,404.0,0.36,308.0,0.68,48.93,0.72,459.0,0.67,20.0,0.73,645.0,0.66,100.0,0.74,547.0,0.65,288.0,0.75,464.13,0.64,318.0,0.76,404.0
2026-01-07 09:01:07.883000+00:00,2026-01-07 09:01:05.347292+00:00,67.883,0.305,0.3,0.31,0.695,0.69,0.7,91.56,35.0,35.0,91.56,0.29,91.0,0.32,23.93,0.28,339.0,0.33,35.0,0.27,669.0,0.34,110.0,0.26,513.0,0.35,308.0,0.25,534.13,0.36,308.0,0.68,23.93,0.71,91.0,0.67,35.0,0.72,339.0,0.66,110.0,0.73,669.0,0.65,308.0,0.74,513.0,0.64,308.0,0.75,534.13
2026-01-07 09:01:08.793000+00:00,2026-01-07 09:01:06.354165+00:00,68.793,0.305,0.3,0.31,0.695,0.69,0.7,10.0,35.0,35.0,10.0,0.29,251.0,0.32,58.93,0.28,409.0,0.33,10.0,0.27,669.0,0.34,110.0,0.26,443.0,0.35,288.0,0.25,464.13,0.36,308.0,0.68,58.93,0.71,251.0,0.67,20.0,0.72,409.0,0.66,90.0,0.73,669.0,0.65,288.0,0.74,443.0,0.64,308.0,0.75,464.13
2026-01-07 09:01:09.834000+00:00,2026-01-07 09:01:07.347043+00:00,69.834,0.305,0.3,0.31,0.695,0.69,0.7,16.0,90.0,100.0,16.0,0.29,251.0,0.32,63.93,0.28,424.88,0.33,10.0,0.27,679.0,0.34,100.0,0.26,478.0,0.35,288.0,0.25,439.13,0.36,318.0,0.68,53.93,0.71,231.0,0.67,10.0,0.72,444.88,0.66,90.0,0.73,679.0,0.65,288.0,0.74,478.0,0.64,318.0,0.75,439.13
2026-01-07 09:01:10.829000+00:00,2026-01-07 09:01:08.368772+00:00,70.829,0.305,0.3,0.31,0.695,0.69,0.7,148.79,75.0,75.0,148.79,0.29,221.0,0.32,63.93,0.28,444.88,0.33,20.0,0.27,609.0,0.34,314.0,0.26,478.0,0.35,288.0,0.25,439.13,0.36,318.0,0.68,63.93,0.71,221.0,0.67,20.0,0.72,444.88,0.66,314.0,0.73,609.0,0.65,288.0,0.74,478.0,0.64,318.0,0.75,439.13
2026-01-07 09:01:11.857000+00:00,2026-01-07 09:01:09.373198+00:00,71.857,0.28500000000000003,0.28,0.29,0.715,0.71,0.72,534.88,20.0,20.0,524.88,0.27,411.0,0.31,70.0,0.26,547.0,0.32,23.93,0.25,464.13,0.33,224.0,0.24,429.0,0.34,273.0,0.23,469.0,0.35,288.0,0.69,60.0,0.73,411.0,0.68,38.93,0.74,737.0,0.67,224.0,0.75,464.13,0.66,283.0,0.76,489.0,0.65,288.0,0.77,469.0
2026-01-07 09:01:12.887000+00:00,2026-01-07 09:01:10.378003+00:00,72.887,0.28500000000000003,0.28,0.29,0.715,0.71,0.72,449.0,10.0,6.55,449.0,0.27,411.0,0.31,75.0,0.26,687.0,0.32,63.93,0.25,439.13,0.33,244.0,0.24,439.0,0.34,90.0,0.23,484.0,0.35,298.0,0.69,90.0,0.73,411.0,0.68,53.93,0.74,687.0,0.67,244.0,0.75,439.13,0.66,90.0,0.76,439.0,0.65,288.0,0.77,484.0
2026-01-07 09:01:13.881000+00:00,2026-01-07 09:01:11.393593+00:00,73.881,0.29000000000000004,0.28,0.3,0.71,0.7,0.72,504.0,15.0,15.0,514.0,0.27,451.0,0.31,100.0,0.26,722.0,0.32,43.93,0.25,464.13,0.33,224.0,0.24,414.0,0.34,100.0,0.23,424.0,0.35,288.0,0.69,100.0,0.73,451.0,0.68,43.93,0.74,722.0,0.67,224.0,0.75,464.13,0.66,100.0,0.76,429.0,0.65,288.0,0.77,469.0
2026-01-07 09:01:14.905000+00:00,2026-01-07 09:01:12.400844+00:00,74.905,0.305,0.3,0.31,0.7,0.69,0.71,15.71,60.0,60.0,90.0,0.29,50.0,0.32,38.93,0.28,474.0,0.33,254.0,0.27,445.0,0.34,100.0,0.26,688.0,0.35,298.0,0.25,489.13,0.36,318.0,0.68,48.93,0.72,509.0,0.67,254.0,0.73,411.0,0.66,100.0,0.74,688.0,0.65,298.0,0.75,489.13,0.64,318.0,0.76,523.0
2026-01-07 09:01:15.926000+00:00,2026-01-07 09:01:13.407264+00:00,75.926,0.29000000000000004,0.28,0.3,0.715,0.71,0.72,304.0,31.0,5.0,254.0,0.27,411.0,0.31,85.0,0.26,722.0,0.32,53.93,0.25,513.13,0.33,234.0,0.24,424.0,0.34,90.0,0.23,424.0,0.35,288.0,0.7,96.0,0.73,311.0,0.69,55.0,0.74,722.0,0.68,33.93,0.75,513.13,0.67,224.0,0.76,414.0,0.66,212.0,0.77,434.0
2026-01-07 09:01:16.853000+00:00,2026-01-07 09:01:14.397214+00:00,76.853,0.275,0.27,0.28,0.725,0.72,0.73,476.0,45.0,45.0,461.0,0.26,722.0,0.29,5.0,0.25,534.13,0.3,65.0,0.24,463.0,0.31,65.0,0.23,494.0,0.32,18.93,0.22,494.0,0.33,224.0,0.71,10.0,0.74,732.0,0.7,65.0,0.75,534.13,0.69,55.0,0.76,463.0,0.68,18.93,0.77,484.0,0.67,224.0,0.78,504.0
2026-01-07 09:01:17.819000+00:00,2026-01-07 09:01:15.414974+00:00,77.819,0.275,0.27,0.28,0.725,0.72,0.73,433.86,35.0,35.0,433.86,0.26,718.0,0.29,10.0,0.25,577.13,0.3,75.0,0.24,463.0,0.31,45.0,0.23,484.0,0.32,8.93,0.22,524.0,0.33,224.0,0.71,10.0,0.74,718.0,0.7,65.0,0.75,577.13,0.69,55.0,0.76,463.0,0.68,8.93,0.77,484.0,0.67,224.0,0.78,524.0
2026-01-07 09:01:18.881000+00:00,2026-01-07 09:01:16.419903+00:00,78.881,0.275,0.27,0.28,0.725,0.72,0.73,443.86,35.0,35.0,443.86,0.26,718.0,0.29,10.0,0.25,507.13,0.3,45.0,0.24,478.0,0.31,75.0,0.23,469.0,0.32,8.93,0.22,554.0,0.33,224.0,0.71,10.0,0.74,718.0,0.7,45.0,0.75,507.13,0.69,85.0,0.76,478.0,0.68,8.93,0.77,469.0,0.67,224.0,0.78,554.0
2026-01-07 09:01:19.819000+00:00,2026-01-07 09:01:17.426243+00:00,79.819,0.275,0.27,0.28,0.725,0.72,0.73,493.86,35.0,35.0,493.86,0.26,743.0,0.29,25.0,0.25,577.13,0.3,60.0,0.24,478.0,0.31,55.0,0.23,474.0,0.32,8.93,0.22,554.0,0.33,224.0,0.71,25.0,0.74,743.0,0.7,60.0,0.75,577.13,0.69,55.0,0.76,478.0,0.68,8.93,0.77,474.0,0.67,224.0,0.78,554.0
2026-01-07 09:01:20.928000+00:00,2026-01-07 09:01:18.447558+00:00,80.928,0.275,0.27,0.28,0.725,0.72,0.73,533.86,55.0,55.0,533.86,0.26,747.0,0.29,25.0,0.25,577.13,0.3,30.0,0.24,429.0,0.31,65.0,0.23,474.0,0.32,8.93,0.22,554.0,0.33,224.0,0.71,25.0,0.74,747.0,0.7,30.0,0.75,577.13,0.69,65.0,0.76,429.0,0.68,8.93,0.77,474.0,0.67,224.0,0.78,554.0
2026-01-07 09:01:21.987000+00:00,2026-01-07 09:01:19.454103+00:00,81.987,0.28500000000000003,0.28,0.29,0.715,0.71,0.72,318.0,45.0,45.0,601.0,0.27,622.86,0.31,35.0,0.26,559.0,0.32,18.93,0.25,664.13,0.34,273.0,0.24,484.0,0.35,308.0,0.23,439.0,0.36,308.0,0.69,35.0,0.73,408.86,0.68,8.93,0.74,679.0,0.67,15.0,0.75,549.13,0.66,313.0,0.76,484.0,0.65,308.0,0.77,548.0
2026-01-07 09:01:22.965000+00:00,2026-01-07 09:01:20.475609+00:00,82.965,0.325,0.32,0.33,0.675,0.67,0.68,184.07,45.0,45.0,176.07,0.31,324.0,0.34,115.0,0.3,370.19,0.35,155.0,0.29,339.0,0.36,359.0,0.28,662.0,0.37,105.0,0.27,523.86,0.38,305.77,0.66,115.0,0.69,324.0,0.65,155.0,0.7,370.19,0.64,359.0,0.71,339.0,0.63,105.0,0.72,662.0,0.62,305.77,0.73,523.86
2026-01-07 09:01:23.914000+00:00,2026-01-07 09:01:21.485635+00:00,83.914,0.325,0.32,0.33,0.665,0.66,0.67,387.07,45.0,120.0,77.0,0.31,324.0,0.34,105.0,0.3,573.19,0.35,145.0,0.29,483.0,0.36,145.0,0.28,579.0,0.37,115.0,0.27,523.86,0.38,122.77,0.65,125.0,0.68,372.07,0.64,125.0,0.69,324.0,0.63,115.0,0.7,573.19,0.62,122.77,0.71,483.0,0.61,75.0,0.72,579.0
2026-01-07 09:01:24.996000+00:00,2026-01-07 09:01:22.489880+00:00,84.996,0.345,0.34,0.35,0.655,0.65,0.66,253.0,35.08,20.08,382.0,0.33,299.0,0.36,125.0,0.32,498.07,0.37,120.0,0.31,563.0,0.38,396.77,0.3,449.19,0.39,95.0,0.29,549.0,0.4,75.0,0.64,125.0,0.67,378.0,0.63,120.0,0.68,484.07,0.62,172.77,0.69,424.0,0.61,95.0,0.7,534.19,0.6,75.0,0.71,514.0
2026-01-07 09:01:26.022000+00:00,2026-01-07 09:01:23.495985+00:00,86.022,0.375,0.37,0.38,0.625,0.62,0.63,35.0,137.77,137.77,196.0,0.36,413.0,0.39,90.0,0.35,468.92,0.4,100.0,0.34,843.0,0.41,115.0,0.33,519.0,0.42,95.0,0.32,492.07,0.43,337.0,0.61,90.0,0.64,384.0,0.6,100.0,0.65,583.92,0.59,115.0,0.66,843.0,0.58,95.0,0.67,554.0,0.57,93.0,0.68,412.07
2026-01-07 09:01:27.008000+00:00,2026-01-07 09:01:24.502546+00:00,87.008,0.405,0.4,0.41,0.595,0.59,0.6,213.31,40.0,30.0,238.31,0.39,214.0,0.42,40.0,0.38,316.23,0.43,28.0,0.37,497.07,0.44,234.0,0.36,389.0,0.46,183.0,0.35,543.92,0.47,183.0,0.57,18.0,0.61,239.0,0.56,234.0,0.62,276.18,0.54,183.0,0.63,492.07,0.53,183.0,0.64,349.0,0.52,231.0,0.65,543.92
2026-01-07 09:01:28.994000+00:00,2026-01-07 09:01:26.519775+00:00,88.994,0.405,0.4,0.41,0.595,0.59,0.6,176.51,32.8,32.8,176.51,0.39,379.0,0.42,50.0,0.38,271.18,0.43,38.0,0.37,692.07,0.44,234.0,0.36,733.0,0.46,183.0,0.35,533.92,0.47,183.0,0.58,50.0,0.61,379.0,0.57,38.0,0.62,306.18,0.56,234.0,0.63,657.07,0.53,183.0,0.64,733.0,0.52,231.0,0.65,533.92
2026-01-07 09:01:29.962000+00:00,2026-01-07 09:01:27.529080+00:00,89.962,0.425,0.42,0.43,0.575,0.57,0.58,228.0,48.0,48.0,205.0,0.41,511.21,0.44,15.0,0.4,441.51,0.45,50.0,0.39,490.0,0.46,30.0,0.38,555.23,0.49,233.0,0.37,512.07,0.5,253.0,0.56,15.0,0.59,526.21,0.55,50.0,0.6,441.51,0.54,30.0,0.61,490.0,0.51,233.0,0.62,555.23,0.5,253.0,0.63,512.07
2026-01-07 09:01:30.964000+00:00,2026-01-07 09:01:28.533163+00:00,90.964,0.425,0.42,0.43,0.575,0.57,0.58,198.0,48.0,18.0,604.0,0.41,531.21,0.44,25.0,0.4,473.51,0.45,40.0,0.39,508.0,0.46,30.0,0.38,555.23,0.49,233.0,0.37,463.07,0.5,203.0,0.56,10.0,0.59,689.21,0.55,65.0,0.6,476.51,0.54,20.0,0.61,528.0,0.53,20.0,0.62,452.23,0.52,224.0,0.63,428.07
2026-01-07 09:01:32.031000+00:00,2026-01-07 09:01:29.556419+00:00,92.031,0.455,0.45,0.46,0.545,0.54,0.55,148.0,60.0,50.0,148.0,0.44,150.35,0.48,224.0,0.43,514.0,0.49,50.0,0.42,583.98,0.5,15.0,0.41,644.21,0.51,223.65,0.4,311.51,0.52,334.99,0.53,10.0,0.56,150.35,0.52,224.0,0.57,594.0,0.51,50.0,0.58,603.98,0.5,15.0,0.59,604.21,0.49,223.65,0.6,301.51
2026-01-07 09:01:33.061000+00:00,2026-01-07 09:01:30.561884+00:00,93.061,0.455,0.45,0.46,0.545,0.54,0.55,146.18,30.0,30.0,146.18,0.44,155.35,0.47,30.0,0.43,659.0,0.48,224.0,0.42,603.98,0.49,50.0,0.41,574.21,0.5,15.0,0.4,340.51,0.51,223.65,0.53,30.0,0.56,155.35,0.52,224.0,0.57,629.0,0.51,50.0,0.58,583.98,0.5,15.0,0.59,604.21,0.49,223.65,0.6,340.51
2026-01-07 09:01:34.076000+00:00,2026-01-07 09:01:31.570249+00:00,94.076,0.435,0.42,0.45,0.575,0.57,0.58,65.97,70.0,30.0,89.98,0.41,354.0,0.46,119.8,0.4,410.51,0.48,183.0,0.39,514.0,0.49,233.0,0.38,522.23,0.5,198.0,0.37,433.07,0.51,344.65,0.56,37.58,0.59,429.0,0.55,50.0,0.6,397.51,0.54,39.8,0.61,594.0,0.52,183.0,0.62,522.23,0.51,233.0,0.63,433.07
2026-01-07 09:01:35.948000+00:00,2026-01-07 09:01:33.605911+00:00,95.948,0.425,0.42,0.43,0.575,0.57,0.58,183.0,44.0,44.0,193.0,0.41,525.44,0.44,42.58,0.4,460.51,0.45,60.0,0.39,738.0,0.46,64.8,0.38,522.23,0.47,10.0,0.37,433.07,0.48,183.0,0.56,42.58,0.59,525.44,0.55,60.0,0.6,460.51,0.54,64.8,0.61,738.0,0.53,10.0,0.62,522.23,0.52,183.0,0.63,433.07
2026-01-07 09:01:37.114000+00:00,2026-01-07 09:01:34.612040+00:00,97.114,0.47,0.46,0.48,0.515,0.51,0.52,95.0,30.0,55.0,233.03,0.45,130.0,0.49,115.0,0.44,435.42,0.5,35.0,0.43,634.0,0.51,223.65,0.42,518.0,0.52,282.99,0.41,553.44,0.53,183.0,0.5,95.0,0.53,363.0,0.49,243.65,0.54,343.0,0.48,292.99,0.55,363.0,0.47,183.0,0.56,395.42,0.46,299.6,0.57,778.0
2026-01-07 09:01:38.100000+00:00,2026-01-07 09:01:35.616922+00:00,98.1,0.485,0.48,0.49,0.515,0.51,0.52,176.6,124.69,39.69,316.6,0.47,459.0,0.5,65.0,0.46,439.0,0.51,314.65,0.45,499.0,0.52,99.99,0.44,530.42,0.54,178.6,0.43,509.0,0.55,193.0,0.5,95.0,0.53,439.0,0.49,314.65,0.54,439.0,0.48,99.99,0.55,529.0,0.46,178.6,0.56,600.42,0.45,193.0,0.57,509.0
2026-01-07 09:01:39.085000+00:00,2026-01-07 09:01:36.637244+00:00,99.085,0.485,0.48,0.49,0.515,0.51,0.52,307.6,39.69,39.69,307.6,0.47,414.0,0.5,95.0,0.46,479.0,0.51,324.65,0.45,619.0,0.52,99.99,0.44,540.42,0.54,178.6,0.43,504.0,0.55,193.0,0.5,95.0,0.53,474.0,0.49,314.65,0.54,429.0,0.48,99.99,0.55,609.0,0.46,178.6,0.56,540.42,0.45,193.0,0.57,504.0
2026-01-07 09:01:40.118000+00:00,2026-01-07 09:01:37.657189+00:00,100.118,0.485,0.48,0.49,0.515,0.51,0.52,523.67,17.93,22.93,606.67,0.47,436.0,0.5,15.0,0.46,399.0,0.51,40.65,0.45,613.0,0.52,154.99,0.44,491.42,0.53,60.0,0.43,554.0,0.54,178.6,0.5,15.0,0.53,586.0,0.49,40.65,0.54,623.0,0.48,154.99,0.55,543.0,0.47,45.0,0.56,441.42,0.46,57.6,0.57,464.0
2026-01-07 09:01:41.177000+00:00,2026-01-07 09:01:38.678058+00:00,101.177,0.515,0.51,0.52,0.485,0.48,0.49,90.0,99.99,99.99,151.0,0.5,318.0,0.54,301.6,0.49,511.07,0.55,45.0,0.48,639.67,0.56,57.5,0.47,524.0,0.57,204.0,0.46,483.0,0.58,183.0,0.46,301.6,0.5,323.0,0.45,30.0,0.51,546.07,0.44,57.5,0.52,609.67,0.43,204.0,0.53,559.0,0.42,183.0,0.54,483.0
2026-01-07 09:01:42.182000+00:00,2026-01-07 09:01:39.670235+00:00,102.182,0.51,0.5,0.52,0.505,0.5,0.51,168.0,480.84,40.0,109.9,0.49,390.97,0.53,152.0,0.48,376.67,0.54,195.6,0.47,414.0,0.55,162.0,0.46,490.0,0.56,280.5,0.45,598.0,0.57,383.0,0.49,45.0,0.52,117.8,0.48,480.84,0.53,110.0,0.47,213.0,0.54,560.0,0.46,256.6,0.55,688.0,0.45,223.0,0.56,456.42
2026-01-07 09:01:43.143000+00:00,2026-01-07 09:01:40.676884+00:00,103.143,0.495,0.49,0.5,0.505,0.5,0.51,142.1,50.02,50.0,142.1,0.48,110.0,0.51,45.0,0.47,120.0,0.52,456.84,0.46,171.0,0.53,213.0,0.45,678.0,0.54,256.6,0.44,456.42,0.55,223.0,0.49,55.0,0.52,110.0,0.48,456.84,0.53,125.0,0.47,213.0,0.54,191.0,0.46,256.6,0.55,668.0,0.45,223.0,0.56,456.42
2026-01-07 09:01:44.179000+00:00,2026-01-07 09:01:41.697411+00:00,104.179,0.495,0.49,0.5,0.515,0.51,0.52,32.92,85.0,15.0,5.0,0.48,15.0,0.51,45.0,0.47,202.19,0.52,451.84,0.46,287.0,0.53,213.0,0.45,649.0,0.54,256.6,0.44,505.42,0.55,223.0,0.5,85.0,0.53,167.19,0.49,45.0,0.54,348.0,0.48,451.84,0.55,614.0,0.47,213.0,0.56,505.42,0.46,256.6,0.57,489.0
2026-01-07 09:01:45.219000+00:00,2026-01-07 09:01:42.704464+00:00,105.219,0.485,0.48,0.49,0.515,0.51,0.52,110.0,25.0,10.0,232.8,0.47,187.2,0.5,80.0,0.46,201.0,0.51,60.0,0.45,654.0,0.52,451.84,0.44,520.42,0.53,223.0,0.43,489.0,0.54,256.6,0.5,60.0,0.53,270.0,0.49,80.0,0.54,297.0,0.48,441.84,0.55,539.0,0.47,233.0,0.56,450.42,0.46,256.6,0.57,419.0
2026-01-07 09:01:46.337000+00:00,2026-01-07 09:01:43.706559+00:00,106.337,0.505,0.5,0.51,0.495,0.49,0.5,185.8,15.0,15.0,185.8,0.49,300.0,0.52,273.84,0.48,265.0,0.53,85.0,0.47,554.0,0.54,256.6,0.46,393.0,0.55,243.0,0.45,663.0,0.56,213.0,0.48,273.84,0.51,300.0,0.47,85.0,0.52,265.0,0.46,256.6,0.53,554.0,0.45,243.0,0.54,393.0,0.44,213.0,0.55,663.0
2026-01-07 09:01:47.080000+00:00,2026-01-07 09:01:44.712192+00:00,107.08,0.5,0.49,0.51,0.5,0.49,0.51,372.19,40.0,40.0,372.19,0.48,250.0,0.52,318.84,0.47,569.0,0.53,40.0,0.46,393.0,0.54,266.6,0.45,663.0,0.55,233.0,0.44,450.42,0.56,223.0,0.48,318.84,0.52,250.0,0.47,40.0,0.53,569.0,0.46,266.6,0.54,393.0,0.45,233.0,0.55,663.0,0.44,223.0,0.56,450.42
2026-01-07 09:01:48.022000+00:00,2026-01-07 09:01:45.734068+00:00,108.022,0.495,0.49,0.5,0.505,0.5,0.51,170.0,66.16,55.0,170.0,0.48,372.8,0.51,100.0,0.47,534.0,0.52,268.84,0.46,382.0,0.53,40.0,0.45,708.0,0.54,266.6,0.44,450.42,0.55,233.0,0.49,100.0,0.52,372.8,0.48,268.84,0.53,534.0,0.47,40.0,0.54,382.0,0.46,266.6,0.55,708.0,0.45,233.0,0.56,450.42
2026-01-07 09:01:49.208000+00:00,2026-01-07 09:01:46.736789+00:00,109.208,0.485,0.48,0.49,0.525,0.52,0.53,80.0,35.0,35.0,250.0,0.47,554.0,0.5,99.38,0.46,442.0,0.51,40.0,0.45,539.0,0.52,176.84,0.44,450.42,0.53,152.0,0.43,454.0,0.54,266.6,0.51,35.0,0.54,451.0,0.5,99.38,0.55,609.0,0.49,40.0,0.56,450.42,0.48,237.84,0.57,454.0,0.47,213.0,0.58,399.0
2026-01-07 09:01:50.153000+00:00,2026-01-07 09:01:47.745115+00:00,110.153,0.475,0.47,0.48,0.53,0.52,0.54,35.0,130.0,130.0,220.0,0.46,230.0,0.49,40.0,0.45,709.0,0.5,39.38,0.44,510.42,0.51,50.0,0.43,489.0,0.52,227.84,0.42,399.0,0.53,213.0,0.51,40.0,0.55,674.0,0.5,39.38,0.56,545.42,0.49,50.0,0.57,489.0,0.48,227.84,0.58,399.0,0.47,213.0,0.59,373.44
2026-01-07 09:01:51.068000+00:00,2026-01-07 09:01:48.750083+00:00,111.068,0.46499999999999997,0.46,0.47,0.535,0.53,0.54,255.0,66.78,58.78,255.0,0.45,684.0,0.48,90.0,0.44,580.42,0.49,75.0,0.43,489.0,0.5,49.38,0.42,434.0,0.51,50.0,0.41,373.44,0.52,227.84,0.52,90.0,0.55,684.0,0.51,75.0,0.56,580.42,0.5,49.38,0.57,489.0,0.49,50.0,0.58,434.0,0.48,227.84,0.59,373.44
2026-01-07 09:01:52.125000+00:00,2026-01-07 09:01:49.756876+00:00,112.125,0.46499999999999997,0.46,0.47,0.535,0.53,0.54,270.0,73.78,73.78,205.0,0.45,724.0,0.48,80.0,0.44,535.42,0.49,85.0,0.43,489.0,0.5,49.38,0.42,434.0,0.51,50.0,0.41,373.44,0.52,227.84,0.52,80.0,0.55,724.0,0.51,85.0,0.56,535.42,0.5,49.38,0.57,489.0,0.49,50.0,0.58,434.0,0.48,227.84,0.59,373.44
2026-01-07 09:01:53.260000+00:00,2026-01-07 09:01:50.762124+00:00,113.26,0.46499999999999997,0.46,0.47,0.535,0.53,0.54,115.0,34.0,84.0,100.0,0.45,434.0,0.48,65.0,0.44,490.42,0.49,65.0,0.43,489.0,0.5,263.38,0.42,484.0,0.51,172.0,0.41,443.44,0.52,227.84,0.52,90.0,0.55,434.0,0.51,50.0,0.56,520.42,0.5,263.38,0.57,534.0,0.49,172.0,0.58,504.0,0.48,227.84,0.59,478.44
2026-01-07 09:01:54.125000+00:00,2026-01-07 09:01:51.769690+00:00,114.125,0.46499999999999997,0.46,0.47,0.535,0.53,0.54,5.0,79.0,79.0,5.0,0.45,414.0,0.48,90.0,0.44,670.42,0.49,50.0,0.43,534.0,0.5,263.38,0.42,524.0,0.51,233.0,0.41,408.44,0.52,227.84,0.52,90.0,0.55,414.0,0.51,50.0,0.56,520.42,0.5,263.38,0.57,548.0,0.49,233.0,0.58,524.0,0.48,227.84,0.59,408.44
2026-01-07 09:01:55.283000+00:00,2026-01-07 09:01:52.791544+00:00,115.283,0.455,0.45,0.46,0.545,0.54,0.55,324.0,35.0,49.0,324.0,0.44,430.42,0.47,95.0,0.43,754.0,0.48,90.0,0.42,539.0,0.49,30.0,0.41,478.44,0.5,263.38,0.4,296.51,0.51,223.0,0.53,95.0,0.56,430.42,0.52,90.0,0.57,753.0,0.51,30.0,0.58,539.0,0.5,263.38,0.59,478.44,0.49,223.0,0.6,296.51
2026-01-07 09:01:56.284000+00:00,2026-01-07 09:01:53.783529+00:00,116.284,0.455,0.45,0.46,0.545,0.54,0.55,294.0,44.0,44.0,294.0,0.44,500.42,0.47,95.0,0.43,739.0,0.48,90.0,0.42,539.0,0.49,30.0,0.41,478.44,0.5,273.38,0.4,296.51,0.51,223.0,0.53,95.0,0.56,515.42,0.52,90.0,0.57,739.0,0.51,30.0,0.58,539.0,0.5,273.38,0.59,478.44,0.49,223.0,0.6,296.51
2026-01-07 09:01:57.299000+00:00,2026-01-07 09:01:54.777017+00:00,117.299,0.455,0.45,0.46,0.545,0.54,0.55,462.18,44.0,44.0,462.18,0.44,605.42,0.47,95.0,0.43,672.0,0.48,90.0,0.42,693.0,0.49,30.0,0.41,408.44,0.5,171.38,0.4,296.51,0.51,223.0,0.53,95.0,0.56,556.42,0.52,90.0,0.57,721.0,0.51,30.0,0.58,693.0,0.5,171.38,0.59,408.44,0.49,223.0,0.6,296.51
2026-01-07 09:01:58.080000+00:00,2026-01-07 09:01:55.782794+00:00,118.08,0.455,0.45,0.46,0.545,0.54,0.55,190.0,84.0,104.0,190.0,0.44,336.0,0.47,80.0,0.43,672.0,0.48,90.0,0.42,698.0,0.49,30.0,0.41,423.44,0.5,232.38,0.4,296.51,0.51,223.0,0.53,80.0,0.56,336.0,0.52,90.0,0.57,716.0,0.51,30.0,0.58,698.0,0.5,232.38,0.59,423.44,0.49,223.0,0.6,296.51
2026-01-07 09:01:59.248000+00:00,2026-01-07 09:01:56.774750+00:00,119.248,0.455,0.45,0.46,0.545,0.54,0.55,25.5,100.0,100.0,25.5,0.44,331.0,0.47,115.0,0.43,642.0,0.48,50.0,0.42,788.0,0.49,30.0,0.41,423.44,0.5,222.38,0.4,296.51,0.51,223.0,0.53,115.0,0.56,331.0,0.52,50.0,0.57,642.0,0.51,30.0,0.58,788.0,0.5,222.38,0.59,443.44,0.49,223.0,0.6,296.51
2026-01-07 09:02:00.284000+00:00,2026-01-07 09:01:57.783074+00:00,120.284,0.455,0.45,0.46,0.545,0.54,0.55,13.22,53.0,53.0,13.22,0.44,416.0,0.47,134.1,0.43,717.0,0.48,60.0,0.42,732.0,0.49,30.0,0.41,428.44,0.5,222.38,0.4,296.51,0.51,223.0,0.53,134.1,0.56,416.0,0.52,60.0,0.57,717.0,0.51,30.0,0.58,732.0,0.5,222.38,0.59,428.44,0.49,223.0,0.6,296.51
2026-01-07 09:02:01.267000+00:00,2026-01-07 09:01:58.776568+00:00,121.267,0.445,0.44,0.45,0.555,0.55,0.56,55.0,65.0,65.0,30.0,0.43,268.0,0.46,101.0,0.42,368.0,0.47,247.1,0.41,443.0,0.48,243.0,0.4,366.51,0.49,447.0,0.39,324.0,0.5,222.38,0.54,40.0,0.57,224.0,0.53,247.1,0.58,368.0,0.52,263.0,0.59,504.0,0.51,457.0,0.6,366.51,0.5,222.38,0.61,324.0
2026-01-07 09:02:02.288000+00:00,2026-01-07 09:01:59.783647+00:00,122.288,0.445,0.44,0.45,0.555,0.55,0.56,20.0,60.0,60.0,45.0,0.43,224.0,0.46,55.0,0.42,457.0,0.47,44.1,0.41,519.0,0.48,40.0,0.4,366.51,0.49,437.0,0.39,324.0,0.5,212.38,0.54,40.0,0.57,234.0,0.53,94.1,0.58,472.0,0.52,50.0,0.59,504.0,0.51,447.0,0.6,366.51,0.5,222.38,0.61,324.0
2026-01-07 09:02:03.230000+00:00,2026-01-07 09:02:00.806965+00:00,123.23,0.455,0.45,0.46,0.545,0.54,0.55,70.0,30.0,30.0,70.0,0.44,152.82,0.47,59.1,0.43,238.0,0.48,207.0,0.42,404.0,0.49,457.0,0.41,529.0,0.5,212.38,0.4,366.51,0.51,233.0,0.53,59.1,0.56,132.82,0.52,268.0,0.57,258.0,0.51,457.0,0.58,404.0,0.5,212.38,0.59,529.0,0.49,233.0,0.6,366.51
2026-01-07 09:02:04.227000+00:00,2026-01-07 09:02:01.813902+00:00,124.227,0.45999999999999996,0.45,0.47,0.54,0.53,0.55,295.0,44.1,44.1,295.0,0.44,280.0,0.48,283.0,0.43,607.0,0.49,233.0,0.42,469.0,0.5,212.38,0.41,683.0,0.51,233.0,0.4,261.51,0.52,217.84,0.52,283.0,0.56,280.0,0.51,233.0,0.57,607.0,0.5,212.38,0.58,469.0,0.49,233.0,0.59,663.0,0.48,217.84,0.6,261.51
2026-01-07 09:02:05.299000+00:00,2026-01-07 09:02:02.815314+00:00,125.299,0.47,0.46,0.48,0.525,0.52,0.53,263.79,28.8,28.8,85.0,0.45,204.0,0.49,437.0,0.44,155.0,0.5,282.38,0.43,578.0,0.51,243.0,0.42,469.0,0.52,227.84,0.41,439.0,0.53,334.0,0.51,437.0,0.54,263.79,0.5,282.38,0.55,204.0,0.49,243.0,0.56,155.0,0.48,227.84,0.57,578.0,0.47,334.0,0.58,469.0
2026-01-07 09:02:06.312000+00:00,2026-01-07 09:02:03.810535+00:00,126.312,0.47,0.46,0.48,0.53,0.52,0.54,230.79,28.8,38.8,230.79,0.45,249.0,0.49,492.0,0.44,170.0,0.5,222.38,0.43,577.0,0.51,233.0,0.42,469.0,0.52,217.84,0.41,439.0,0.53,334.0,0.51,492.0,0.55,269.0,0.5,222.38,0.56,170.0,0.49,233.0,0.57,577.0,0.48,217.84,0.58,469.0,0.47,334.0,0.59,439.0
2026-01-07 09:02:07.292000+00:00,2026-01-07 09:02:04.814043+00:00,127.292,0.485,0.48,0.49,0.515,0.51,0.52,214.99,407.0,224.0,214.99,0.47,150.0,0.5,227.38,0.46,169.79,0.51,288.0,0.45,220.0,0.52,227.84,0.44,325.0,0.53,344.0,0.43,484.0,0.54,377.6,0.5,227.38,0.53,150.0,0.49,288.0,0.54,169.79,0.48,227.84,0.55,220.0,0.47,223.0,0.56,447.0,0.46,377.6,0.57,484.0
2026-01-07 09:02:08.321000+00:00,2026-01-07 09:02:05.817879+00:00,128.321,0.505,0.5,0.51,0.495,0.49,0.5,213.0,10.0,10.0,213.0,0.49,200.0,0.52,232.84,0.48,404.0,0.53,457.0,0.47,408.0,0.54,266.6,0.46,534.0,0.55,248.0,0.45,423.0,0.56,304.0,0.48,49.84,0.51,200.0,0.47,274.0,0.52,404.0,0.46,266.6,0.53,455.0,0.45,248.0,0.54,549.0,0.44,183.0,0.55,423.0
2026-01-07 09:02:09.258000+00:00,2026-01-07 09:02:06.834778+00:00,129.258,0.515,0.51,0.52,0.48,0.47,0.49,200.0,10.0,271.0,200.0,0.5,118.0,0.53,291.0,0.49,220.0,0.54,255.6,0.48,269.0,0.55,238.0,0.47,516.0,0.56,193.0,0.46,483.0,0.57,310.0,0.46,265.6,0.5,143.0,0.45,238.0,0.51,190.0,0.44,193.0,0.52,259.0,0.43,310.0,0.53,516.0,0.42,364.0,0.54,483.0
2026-01-07 09:02:10.345000+00:00,2026-01-07 09:02:07.839097+00:00,130.345,0.515,0.51,0.52,0.485,0.48,0.49,40.0,41.0,76.0,35.0,0.5,223.0,0.53,299.0,0.49,205.0,0.54,270.6,0.48,245.0,0.55,223.0,0.47,483.0,0.56,193.0,0.46,483.0,0.57,310.0,0.47,309.0,0.5,203.0,0.46,245.6,0.51,190.0,0.45,233.0,0.52,260.0,0.44,183.0,0.53,483.0,0.43,368.0,0.54,529.0
2026-01-07 09:02:11.359000+00:00,2026-01-07 09:02:08.859811+00:00,131.359,0.51,0.5,0.52,0.49,0.48,0.5,308.0,36.0,36.0,318.0,0.49,270.0,0.53,354.0,0.48,165.0,0.54,270.6,0.47,483.0,0.55,233.0,0.46,518.0,0.56,240.0,0.45,439.0,0.57,310.0,0.47,334.0,0.51,270.0,0.46,300.6,0.52,165.0,0.45,233.0,0.53,483.0,0.44,240.0,0.54,518.0,0.43,310.0,0.55,439.0
2026-01-07 09:02:12.296000+00:00,2026-01-07 09:02:09.865066+00:00,132.296,0.515,0.51,0.52,0.485,0.48,0.49,70.0,71.0,71.0,70.0,0.5,388.0,0.53,349.0,0.49,185.0,0.54,285.6,0.48,180.0,0.55,233.0,0.47,483.0,0.56,240.0,0.46,742.0,0.57,183.0,0.47,334.0,0.5,388.0,0.46,285.6,0.51,165.0,0.45,233.0,0.52,180.0,0.44,240.0,0.53,483.0,0.43,183.0,0.54,742.0
2026-01-07 09:02:13.218000+00:00,2026-01-07 09:02:10.870776+00:00,133.218,0.515,0.51,0.52,0.485,0.48,0.49,67.95,56.0,56.0,82.95,0.5,408.0,0.53,334.0,0.49,180.0,0.54,300.6,0.48,165.0,0.55,233.0,0.47,483.0,0.56,240.0,0.46,742.0,0.57,183.0,0.47,334.0,0.5,403.0,0.46,290.6,0.51,170.0,0.45,233.0,0.52,179.0,0.44,250.0,0.53,469.0,0.43,183.0,0.54,742.0
2026-01-07 09:02:14.369000+00:00,2026-01-07 09:02:11.875741+00:00,134.369,0.515,0.51,0.52,0.485,0.48,0.49,176.19,34.0,34.0,176.19,0.5,373.0,0.53,349.0,0.49,170.0,0.54,280.6,0.48,179.0,0.55,233.0,0.47,469.0,0.56,193.0,0.46,788.0,0.57,241.0,0.47,339.0,0.5,373.0,0.46,280.6,0.51,170.0,0.45,243.0,0.52,179.0,0.44,193.0,0.53,469.0,0.43,241.0,0.54,788.0
2026-01-07 09:02:15.377000+00:00,2026-01-07 09:02:12.882830+00:00,135.377,0.525,0.52,0.53,0.475,0.47,0.48,175.0,228.42,218.42,175.0,0.51,166.19,0.54,138.6,0.5,298.0,0.55,243.0,0.49,155.0,0.56,208.0,0.48,489.0,0.57,189.0,0.47,516.0,0.58,364.0,0.46,138.6,0.49,171.19,0.45,243.0,0.5,298.0,0.44,208.0,0.51,155.0,0.43,189.0,0.52,489.0,0.42,364.0,0.53,516.0
2026-01-07 09:02:16.393000+00:00,2026-01-07 09:02:13.892133+00:00,136.393,0.515,0.51,0.52,0.485,0.48,0.49,196.19,15.0,15.0,216.19,0.5,273.0,0.53,343.42,0.49,220.0,0.54,107.6,0.48,489.0,0.55,233.0,0.47,469.0,0.56,240.0,0.46,712.0,0.57,189.0,0.47,303.42,0.5,278.0,0.46,92.6,0.51,205.0,0.45,248.0,0.52,489.0,0.44,240.0,0.53,469.0,0.43,189.0,0.54,712.0
2026-01-07 09:02:17.395000+00:00,2026-01-07 09:02:14.895654+00:00,137.395,0.515,0.51,0.52,0.485,0.48,0.49,56.19,101.0,91.0,56.19,0.5,333.0,0.53,268.42,0.49,195.0,0.54,97.6,0.48,509.0,0.55,223.0,0.47,469.0,0.56,240.0,0.46,712.0,0.57,201.0,0.47,268.42,0.5,333.0,0.46,97.6,0.51,195.0,0.45,223.0,0.52,549.0,0.44,240.0,0.53,469.0,0.43,201.0,0.54,712.0
2026-01-07 09:02:18.239000+00:00,2026-01-07 09:02:15.915747+00:00,138.239,0.505,0.5,0.51,0.495,0.49,0.5,333.0,76.25,76.25,313.0,0.49,195.0,0.52,81.0,0.48,549.0,0.53,268.42,0.47,469.0,0.54,97.6,0.46,712.0,0.55,223.0,0.45,419.0,0.56,240.0,0.48,81.0,0.51,200.0,0.47,283.42,0.52,564.0,0.46,82.6,0.53,469.0,0.45,223.0,0.54,712.0,0.44,240.0,0.55,419.0
2026-01-07 09:02:19.347000+00:00,2026-01-07 09:02:16.919121+00:00,139.347,0.505,0.5,0.51,0.495,0.49,0.5,278.0,121.25,116.25,278.0,0.49,210.0,0.52,61.0,0.48,569.0,0.53,273.42,0.47,538.0,0.54,72.6,0.46,663.0,0.55,223.0,0.45,419.0,0.56,240.0,0.48,61.0,0.51,210.0,0.47,273.42,0.52,569.0,0.46,72.6,0.53,528.0,0.45,223.0,0.54,663.0,0.44,240.0,0.55,419.0
2026-01-07 09:02:20.366000+00:00,2026-01-07 09:02:17.926674+00:00,140.366,0.505,0.5,0.51,0.495,0.49,0.5,315.0,61.25,61.25,315.0,0.49,230.0,0.52,96.0,0.48,210.0,0.53,466.42,0.47,335.0,0.54,265.6,0.46,663.0,0.55,223.0,0.45,419.0,0.56,240.0,0.48,96.0,0.51,250.0,0.47,466.42,0.52,180.0,0.46,265.6,0.53,335.0,0.45,223.0,0.54,663.0,0.44,240.0,0.55,419.0
2026-01-07 09:02:21.370000+00:00,2026-01-07 09:02:18.932314+00:00,141.37,0.505,0.5,0.51,0.495,0.49,0.5,400.0,75.25,75.25,400.0,0.49,155.0,0.53,446.42,0.48,301.0,0.54,310.6,0.47,457.0,0.55,258.0,0.46,709.0,0.56,193.0,0.45,374.0,0.57,450.0,0.47,446.42,0.51,155.0,0.46,310.6,0.52,301.0,0.45,258.0,0.53,457.0,0.44,193.0,0.54,709.0,0.43,450.0,0.55,374.0
2026-01-07 09:02:22.343000+00:00,2026-01-07 09:02:19.936470+00:00,142.343,0.505,0.5,0.51,0.495,0.49,0.5,363.0,60.25,60.25,363.0,0.49,200.0,0.52,21.0,0.48,362.0,0.53,263.42,0.47,565.0,0.54,300.6,0.46,663.0,0.55,253.0,0.45,374.0,0.56,183.0,0.48,36.0,0.51,200.0,0.47,263.42,0.52,362.0,0.46,300.6,0.53,565.0,0.45,253.0,0.54,663.0,0.44,183.0,0.55,374.0
2026-01-07 09:02:23.251000+00:00,2026-01-07 09:02:20.929141+00:00,143.251,0.505,0.5,0.51,0.495,0.49,0.5,340.13,60.25,60.25,340.13,0.49,220.0,0.52,66.0,0.48,362.0,0.53,288.42,0.47,518.0,0.54,280.6,0.46,709.0,0.55,233.0,0.45,374.0,0.56,183.0,0.48,66.0,0.51,220.0,0.47,288.42,0.52,362.0,0.46,280.6,0.53,518.0,0.45,233.0,0.54,709.0,0.44,183.0,0.55,374.0
2026-01-07 09:02:24.300000+00:00,2026-01-07 09:02:21.938256+00:00,144.3,0.505,0.5,0.51,0.495,0.49,0.5,325.56,80.25,80.25,325.56,0.49,220.0,0.52,25.0,0.48,372.0,0.53,303.42,0.47,565.0,0.54,280.6,0.46,663.0,0.55,233.0,0.45,374.0,0.56,253.0,0.48,25.0,0.51,220.0,0.47,303.42,0.52,372.0,0.46,280.6,0.53,565.0,0.45,233.0,0.54,663.0,0.44,253.0,0.55,374.0
2026-01-07 09:02:25.383000+00:00,2026-01-07 09:02:22.945360+00:00,145.383,0.505,0.5,0.51,0.495,0.49,0.5,310.56,75.25,75.25,350.56,0.49,220.0,0.52,25.0,0.48,189.0,0.53,303.42,0.47,565.0,0.54,280.6,0.46,663.0,0.55,303.0,0.45,374.0,0.56,253.0,0.48,25.0,0.51,220.0,0.47,303.42,0.52,189.0,0.46,280.6,0.53,565.0,0.45,303.0,0.54,663.0,0.44,253.0,0.55,374.0
2026-01-07 09:02:26.360000+00:00,2026-01-07 09:02:23.949891+00:00,146.36,0.505,0.5,0.51,0.495,0.49,0.5,193.23,110.25,110.25,193.23,0.49,245.0,0.52,125.0,0.48,164.0,0.53,318.42,0.47,565.0,0.54,340.6,0.46,663.0,0.55,303.0,0.45,429.0,0.56,253.0,0.48,125.0,0.51,245.0,0.47,318.42,0.52,164.0,0.46,340.6,0.53,565.0,0.45,303.0,0.54,663.0,0.44,253.0,0.55,429.0
2026-01-07 09:02:27.089000+00:00,2026-01-07 09:02:24.955589+00:00,147.089,0.505,0.5,0.51,0.495,0.49,0.5,158.23,115.25,115.25,158.23,0.49,260.0,0.52,130.0,0.48,164.0,0.53,308.42,0.47,518.0,0.54,340.6,0.46,709.0,0.55,303.0,0.45,429.0,0.56,253.0,0.48,130.0,0.51,260.0,0.47,308.42,0.52,164.0,0.46,340.6,0.53,518.0,0.45,303.0,0.54,709.0,0.44,253.0,0.55,429.0
2026-01-07 09:02:28.449000+00:00,2026-01-07 09:02:25.961081+00:00,148.449,0.505,0.5,0.51,0.495,0.49,0.5,151.71,115.25,125.25,151.71,0.49,230.0,0.52,161.0,0.48,204.0,0.53,303.42,0.47,518.0,0.54,340.6,0.46,709.0,0.55,293.0,0.45,429.0,0.56,253.0,0.48,161.0,0.51,230.0,0.47,303.42,0.52,204.0,0.46,340.6,0.53,518.0,0.45,293.0,0.54,709.0,0.44,253.0,0.55,429.0
2026-01-07 09:02:29.381000+00:00,2026-01-07 09:02:26.982602+00:00,149.381,0.505,0.5,0.51,0.495,0.49,0.5,151.71,120.25,120.25,151.71,0.49,230.0,0.52,161.0,0.48,204.0,0.53,425.42,0.47,518.0,0.54,340.6,0.46,709.0,0.55,293.0,0.45,429.0,0.56,253.0,0.48,161.0,0.51,230.0,0.47,425.42,0.52,180.0,0.46,340.6,0.53,532.0,0.45,293.0,0.54,709.0,0.44,253.0,0.55,429.0
2026-01-07 09:02:30.364000+00:00,2026-01-07 09:02:27.988726+00:00,150.364,0.505,0.5,0.51,0.495,0.49,0.5,151.71,80.25,70.25,151.71,0.49,260.0,0.52,186.0,0.48,224.0,0.53,496.42,0.47,518.0,0.54,340.6,0.46,709.0,0.55,293.0,0.45,429.0,0.56,253.0,0.48,186.0,0.51,260.0,0.47,486.42,0.52,214.0,0.46,330.6,0.53,518.0,0.45,293.0,0.54,709.0,0.44,253.0,0.55,429.0
2026-01-07 09:02:31.498000+00:00,2026-01-07 09:02:29.011790+00:00,151.498,0.505,0.5,0.51,0.495,0.49,0.5,131.71,110.25,120.25,131.71,0.49,205.0,0.52,166.0,0.48,275.0,0.53,501.42,0.47,542.0,0.54,315.6,0.46,709.0,0.55,293.0,0.45,429.0,0.56,253.0,0.48,166.0,0.51,205.0,0.47,501.42,0.52,275.0,0.46,315.6,0.53,542.0,0.45,293.0,0.54,709.0,0.44,253.0,0.55,429.0
2026-01-07 09:02:32.520000+00:00,2026-01-07 09:02:30.033696+00:00,152.52,0.495,0.49,0.5,0.505,0.5,0.51,245.0,14.0,14.0,245.0,0.48,290.0,0.51,166.25,0.47,213.0,0.52,130.0,0.46,663.0,0.53,501.42,0.45,429.0,0.54,325.6,0.44,439.0,0.55,293.0,0.49,121.25,0.52,280.0,0.48,141.0,0.53,213.0,0.47,501.42,0.54,663.0,0.46,325.6,0.55,429.0,0.45,293.0,0.56,439.0
2026-01-07 09:02:33.522000+00:00,2026-01-07 09:02:31.036695+00:00,153.522,0.505,0.5,0.51,0.495,0.49,0.5,105.0,130.25,115.25,105.0,0.49,225.0,0.52,141.0,0.48,270.0,0.53,501.42,0.47,203.0,0.54,325.6,0.46,663.0,0.55,293.0,0.45,474.0,0.56,310.0,0.48,151.0,0.51,245.0,0.47,501.42,0.52,270.0,0.46,325.6,0.53,203.0,0.45,293.0,0.54,663.0,0.44,310.0,0.55,474.0
2026-01-07 09:02:34.193000+00:00,2026-01-07 09:02:32.041967+00:00,154.193,0.495,0.49,0.5,0.505,0.5,0.51,275.0,14.0,14.0,275.0,0.48,260.0,0.51,141.25,0.47,213.0,0.52,150.0,0.46,663.0,0.53,501.42,0.45,474.0,0.54,325.6,0.44,439.0,0.55,293.0,0.49,141.25,0.52,260.0,0.48,150.0,0.53,213.0,0.47,501.42,0.54,663.0,0.46,325.6,0.55,474.0,0.45,293.0,0.56,439.0
2026-01-07 09:02:35.563000+00:00,2026-01-07 09:02:33.063870+00:00,155.563,0.495,0.49,0.5,0.505,0.5,0.51,265.0,14.0,14.0,265.0,0.48,270.0,0.51,151.25,0.47,213.0,0.52,140.0,0.46,663.0,0.53,501.42,0.45,474.0,0.54,325.6,0.44,439.0,0.55,293.0,0.49,151.25,0.52,270.0,0.48,140.0,0.53,164.0,0.47,501.42,0.54,663.0,0.46,325.6,0.55,429.0,0.45,349.0,0.56,439.0
2026-01-07 09:02:36.409000+00:00,2026-01-07 09:02:34.072581+00:00,156.409,0.495,0.49,0.5,0.505,0.5,0.51,260.0,14.0,14.0,260.0,0.48,270.0,0.51,151.25,0.47,164.0,0.52,140.0,0.46,663.0,0.53,501.42,0.45,429.0,0.54,325.6,0.44,439.0,0.55,349.0,0.49,151.25,0.52,270.0,0.48,140.0,0.53,164.0,0.47,501.42,0.54,663.0,0.46,325.6,0.55,429.0,0.45,349.0,0.56,439.0
2026-01-07 09:02:37.574000+00:00,2026-01-07 09:02:35.077913+00:00,157.574,0.495,0.49,0.5,0.505,0.5,0.51,248.89,14.0,14.0,273.89,0.48,260.0,0.51,166.25,0.47,164.0,0.52,140.0,0.46,663.0,0.53,501.42,0.45,523.0,0.54,325.6,0.44,439.0,0.55,293.0,0.49,156.25,0.52,260.0,0.48,150.0,0.53,164.0,0.47,501.42,0.54,663.0,0.46,325.6,0.55,523.0,0.45,293.0,0.56,439.0
2026-01-07 09:02:38.588000+00:00,2026-01-07 09:02:36.087324+00:00,158.588,0.495,0.49,0.5,0.505,0.5,0.51,258.89,34.0,20.0,268.89,0.48,260.0,0.51,191.25,0.47,164.0,0.52,140.0,0.46,663.0,0.53,501.42,0.45,523.0,0.54,325.6,0.44,439.0,0.55,293.0,0.49,205.25,0.52,250.0,0.48,150.0,0.53,164.0,0.47,501.42,0.54,663.0,0.46,315.6,0.55,523.0,0.45,293.0,0.56,439.0
2026-01-07 09:02:39.190000+00:00,2026-01-07 09:02:37.094002+00:00,159.19,0.495,0.49,0.5,0.505,0.5,0.51,268.89,20.0,20.0,268.89,0.48,254.0,0.51,190.25,0.47,150.0,0.52,130.0,0.46,663.0,0.53,481.42,0.45,523.0,0.54,315.6,0.44,439.0,0.55,303.0,0.49,190.25,0.52,254.0,0.48,130.0,0.53,150.0,0.47,481.42,0.54,663.0,0.46,315.6,0.55,523.0,0.45,303.0,0.56,439.0
2026-01-07 09:02:40.392000+00:00,2026-01-07 09:02:38.100474+00:00,160.392,0.495,0.49,0.5,0.505,0.5,0.51,258.89,20.0,20.0,258.89,0.48,284.0,0.51,215.25,0.47,150.0,0.52,140.0,0.46,663.0,0.53,501.42,0.45,523.0,0.54,325.6,0.44,439.0,0.55,293.0,0.49,215.25,0.52,284.0,0.48,140.0,0.53,150.0,0.47,501.42,0.54,663.0,0.46,325.6,0.55,523.0,0.45,293.0,0.56,439.0
2026-01-07 09:02:41.444000+00:00,2026-01-07 09:02:39.107630+00:00,161.444,0.495,0.49,0.5,0.505,0.5,0.51,253.89,18.0,18.0,253.89,0.48,284.0,0.51,170.25,0.47,150.0,0.52,155.0,0.46,709.0,0.53,501.42,0.45,478.0,0.54,325.6,0.44,439.0,0.55,293.0,0.49,170.25,0.52,284.0,0.48,155.0,0.53,150.0,0.47,501.42,0.54,709.0,0.46,325.6,0.55,478.0,0.45,293.0,0.56,439.0
2026-01-07 09:02:42.562000+00:00,2026-01-07 09:02:40.111993+00:00,162.562,0.495,0.49,0.5,0.505,0.5,0.51,253.89,18.0,18.0,253.89,0.48,270.0,0.51,170.25,0.47,164.0,0.52,155.0,0.46,709.0,0.53,501.42,0.45,478.0,0.54,325.6,0.44,439.0,0.55,293.0,0.49,170.25,0.52,270.0,0.48,155.0,0.53,164.0,0.47,501.42,0.54,709.0,0.46,325.6,0.55,478.0,0.45,293.0,0.56,439.0
2026-01-07 09:02:43.607000+00:00,2026-01-07 09:02:41.133618+00:00,163.607,0.495,0.49,0.5,0.505,0.5,0.51,333.89,18.0,18.0,333.89,0.48,249.0,0.51,145.25,0.47,187.0,0.52,170.0,0.46,663.0,0.53,476.42,0.45,478.0,0.54,350.6,0.44,439.0,0.55,303.0,0.49,145.25,0.52,249.0,0.48,170.0,0.53,187.0,0.47,476.42,0.54,663.0,0.46,350.6,0.55,478.0,0.45,303.0,0.56,439.0
2026-01-07 09:02:44.619000+00:00,2026-01-07 09:02:42.123250+00:00,164.619,0.495,0.49,0.5,0.505,0.5,0.51,348.89,18.0,18.0,348.89,0.48,239.0,0.51,160.25,0.47,197.0,0.52,165.0,0.46,663.0,0.53,486.42,0.45,478.0,0.54,340.6,0.44,439.0,0.55,293.0,0.49,160.25,0.52,239.0,0.48,165.0,0.53,150.0,0.47,486.42,0.54,709.0,0.46,340.6,0.55,478.0,0.45,293.0,0.56,439.0
2026-01-07 09:02:45.544000+00:00,2026-01-07 09:02:43.148290+00:00,165.544,0.495,0.49,0.5,0.505,0.5,0.51,228.89,23.0,23.0,228.89,0.48,295.0,0.51,195.25,0.47,164.0,0.52,145.0,0.46,719.0,0.53,491.42,0.45,478.0,0.54,315.6,0.44,439.0,0.55,293.0,0.49,195.25,0.52,344.0,0.48,145.0,0.53,164.0,0.47,491.42,0.54,719.0,0.46,315.6,0.55,429.0,0.45,293.0,0.56,439.0
2026-01-07 09:02:46.651000+00:00,2026-01-07 09:02:44.138698+00:00,166.651,0.495,0.49,0.5,0.505,0.5,0.51,223.89,51.0,62.0,223.89,0.48,299.0,0.51,244.25,0.47,246.0,0.52,145.0,0.46,673.0,0.53,476.42,0.45,429.0,0.54,315.6,0.44,439.0,0.55,293.0,0.49,216.25,0.52,299.0,0.48,145.0,0.53,256.0,0.47,476.42,0.54,673.0,0.46,315.6,0.55,429.0,0.45,293.0,0.56,439.0
2026-01-07 09:02:47.653000+00:00,2026-01-07 09:02:45.147254+00:00,167.653,0.495,0.49,0.5,0.505,0.5,0.51,70.0,142.0,688.0,70.0,0.48,50.0,0.51,258.25,0.47,124.72,0.52,232.0,0.46,469.0,0.53,293.0,0.45,409.0,0.54,315.6,0.44,439.0,0.55,293.0,0.49,258.25,0.52,50.0,0.48,222.0,0.54,334.0,0.47,283.0,0.55,339.0,0.46,490.6,0.56,503.99,0.45,429.0,0.57,488.0
2026-01-07 09:02:48.683000+00:00,2026-01-07 09:02:46.169135+00:00,168.683,0.485,0.48,0.49,0.515,0.51,0.52,10.0,313.0,333.0,10.0,0.45,205.0,0.5,542.0,0.44,194.99,0.51,319.25,0.43,161.0,0.52,283.0,0.42,439.0,0.53,283.0,0.41,439.0,0.54,489.6,0.5,542.0,0.55,205.0,0.49,319.25,0.56,194.99,0.48,283.0,0.57,161.0,0.47,283.0,0.58,482.0,0.46,489.6,0.59,439.0
2026-01-07 09:02:49.615000+00:00,2026-01-07 09:02:47.164065+00:00,169.615,0.435,0.43,0.44,0.565,0.56,0.57,10.0,202.0,202.0,10.0,0.42,65.0,0.45,146.0,0.41,170.0,0.46,277.0,0.4,111.0,0.47,278.0,0.39,117.0,0.48,223.0,0.38,302.23,0.49,509.0,0.55,141.0,0.58,15.0,0.54,257.0,0.59,170.0,0.53,278.0,0.6,111.0,0.52,223.0,0.61,117.0,0.51,509.0,0.62,136.0
2026-01-07 09:02:50.666000+00:00,2026-01-07 09:02:48.167936+00:00,170.666,0.425,0.42,0.43,0.575,0.57,0.58,12.82,268.0,268.0,12.82,0.41,230.0,0.44,20.0,0.4,90.0,0.45,20.0,0.39,136.0,0.46,10.0,0.38,146.0,0.47,51.0,0.37,454.07,0.48,242.37,0.56,20.0,0.59,230.0,0.55,10.0,0.6,90.0,0.54,10.0,0.61,136.0,0.53,51.0,0.62,146.0,0.52,242.37,0.63,454.07
2026-01-07 09:02:51.556000+00:00,2026-01-07 09:02:49.174228+00:00,171.556,0.415,0.41,0.42,0.585,0.58,0.59,269.0,35.0,25.0,269.0,0.4,90.0,0.43,238.0,0.39,136.0,0.44,10.0,0.38,146.0,0.45,44.0,0.37,454.07,0.47,51.0,0.36,299.0,0.48,242.37,0.57,238.0,0.6,90.0,0.56,10.0,0.61,95.0,0.55,268.0,0.62,186.0,0.53,121.0,0.63,454.07,0.52,242.37,0.64,299.0
2026-01-07 09:02:52.656000+00:00,2026-01-07 09:02:50.199094+00:00,172.656,0.425,0.42,0.43,0.575,0.57,0.58,80.0,228.0,228.0,125.0,0.41,264.0,0.44,10.0,0.4,90.0,0.45,278.0,0.39,95.0,0.47,121.0,0.38,186.0,0.48,242.37,0.37,374.07,0.49,473.0,0.56,15.0,0.59,264.0,0.55,278.0,0.6,120.0,0.54,70.0,0.61,65.0,0.53,121.0,0.62,256.0,0.52,242.37,0.63,444.07
2026-01-07 09:02:53.674000+00:00,2026-01-07 09:02:51.207498+00:00,173.674,0.425,0.42,0.43,0.575,0.57,0.58,85.0,228.0,228.0,85.0,0.41,264.0,0.44,85.0,0.4,90.0,0.45,348.0,0.39,136.0,0.46,90.0,0.38,216.0,0.47,121.0,0.37,444.07,0.48,242.37,0.56,85.0,0.59,264.0,0.55,348.0,0.6,90.0,0.54,90.0,0.61,136.0,0.53,121.0,0.62,216.0,0.52,242.37,0.63,444.07
2026-01-07 09:02:54.699000+00:00,2026-01-07 09:02:52.214753+00:00,174.699,0.425,0.42,0.43,0.575,0.57,0.58,85.0,228.08,243.08,85.0,0.41,264.0,0.44,105.0,0.4,100.0,0.45,328.0,0.39,226.0,0.46,100.0,0.38,216.0,0.47,111.0,0.37,444.07,0.48,242.37,0.56,105.0,0.59,259.0,0.55,328.0,0.6,110.0,0.54,90.0,0.61,226.0,0.53,111.0,0.62,216.0,0.52,242.37,0.63,444.07
2026-01-07 09:02:55.706000+00:00,2026-01-07 09:02:53.222206+00:00,175.706,0.425,0.42,0.43,0.575,0.57,0.58,29.0,243.08,243.08,29.0,0.41,259.0,0.44,90.0,0.4,140.0,0.45,338.0,0.39,196.0,0.46,80.0,0.38,216.0,0.47,111.0,0.37,220.07,0.48,242.37,0.56,90.0,0.59,259.0,0.55,338.0,0.6,140.0,0.54,80.0,0.61,196.0,0.53,111.0,0.62,216.0,0.52,242.37,0.63,220.07
2026-01-07 09:02:56.375000+00:00,2026-01-07 09:02:54.229214+00:00,176.375,0.425,0.42,0.43,0.575,0.57,0.58,34.0,65.0,65.0,19.0,0.41,269.0,0.44,105.0,0.4,140.0,0.45,338.0,0.39,196.0,0.46,90.0,0.38,216.0,0.47,111.0,0.37,220.07,0.48,242.37,0.56,105.0,0.59,275.0,0.55,338.0,0.6,140.0,0.54,90.0,0.61,196.0,0.53,111.0,0.62,216.0,0.52,242.37,0.63,220.07
2026-01-07 09:02:57.735000+00:00,2026-01-07 09:02:55.234858+00:00,177.735,0.425,0.42,0.43,0.575,0.57,0.58,14.0,65.0,65.0,9.0,0.41,231.0,0.44,105.0,0.4,110.0,0.45,338.0,0.39,185.0,0.46,90.0,0.38,256.0,0.47,111.0,0.37,220.07,0.48,242.37,0.56,105.0,0.59,231.0,0.55,338.0,0.6,110.0,0.54,90.0,0.61,185.0,0.53,111.0,0.62,256.0,0.52,242.37,0.63,220.07
2026-01-07 09:02:58.694000+00:00,2026-01-07 09:02:56.240558+00:00,178.694,0.415,0.41,0.42,0.585,0.58,0.59,35.0,30.0,30.0,35.0,0.4,200.0,0.43,90.0,0.39,195.0,0.44,80.0,0.38,480.0,0.45,348.0,0.37,342.07,0.46,202.0,0.36,369.0,0.47,233.0,0.57,90.0,0.6,200.0,0.56,80.0,0.61,195.0,0.55,348.0,0.62,480.0,0.54,202.0,0.63,342.07,0.53,233.0,0.64,369.0
2026-01-07 09:02:59.734000+00:00,2026-01-07 09:02:57.236456+00:00,179.734,0.42,0.41,0.43,0.58,0.57,0.59,234.0,60.0,55.0,234.0,0.4,120.0,0.44,104.0,0.39,407.0,0.45,334.0,0.38,562.0,0.46,263.0,0.37,403.07,0.47,294.0,0.36,369.0,0.48,242.37,0.56,104.0,0.6,120.0,0.55,334.0,0.61,407.0,0.54,263.0,0.62,562.0,0.53,294.0,0.63,403.07,0.52,242.37,0.64,369.0
2026-01-07 09:03:00.719000+00:00,2026-01-07 09:02:58.244795+00:00,180.719,0.415,0.41,0.42,0.585,0.58,0.59,267.0,600.0,600.0,249.0,0.4,293.0,0.43,45.0,0.39,579.0,0.44,119.0,0.38,623.0,0.45,294.0,0.37,403.07,0.46,120.0,0.36,369.0,0.47,294.0,0.57,45.0,0.6,293.0,0.56,119.0,0.61,579.0,0.55,294.0,0.62,623.0,0.54,120.0,0.63,403.07,0.53,294.0,0.64,369.0
2026-01-07 09:03:01.653000+00:00,2026-01-07 09:02:59.251057+00:00,181.653,0.415,0.41,0.42,0.585,0.58,0.59,199.0,600.0,600.0,199.0,0.4,313.0,0.43,70.0,0.39,548.0,0.44,94.0,0.38,663.0,0.45,334.0,0.37,403.07,0.46,80.0,0.36,369.0,0.47,294.0,0.57,70.0,0.6,318.0,0.56,94.0,0.61,548.0,0.55,334.0,0.62,663.0,0.54,80.0,0.63,403.07,0.53,294.0,0.64,369.0
2026-01-07 09:03:02.749000+00:00,2026-01-07 09:03:00.258730+00:00,182.749,0.405,0.4,0.41,0.595,0.59,0.6,252.0,70.0,70.0,252.0,0.39,615.99,0.42,635.0,0.38,663.0,0.43,145.0,0.37,443.07,0.44,124.0,0.36,369.0,0.45,304.0,0.35,423.92,0.46,70.0,0.58,635.0,0.61,615.99,0.57,145.0,0.62,663.0,0.56,124.0,0.63,443.07,0.55,304.0,0.64,369.0,0.54,70.0,0.65,423.92
2026-01-07 09:03:03.765000+00:00,2026-01-07 09:03:01.264428+00:00,183.765,0.395,0.39,0.4,0.605,0.6,0.61,79.0,175.0,165.0,30.0,0.38,198.0,0.41,55.0,0.37,323.07,0.42,856.0,0.36,472.71,0.43,237.0,0.35,582.92,0.44,192.0,0.34,324.0,0.45,374.0,0.59,139.0,0.62,198.0,0.58,912.0,0.63,503.07,0.57,237.0,0.64,458.0,0.56,192.0,0.65,592.92,0.55,374.0,0.66,324.0
2026-01-07 09:03:04.764000+00:00,2026-01-07 09:03:02.268186+00:00,184.764,0.39,0.38,0.4,0.61,0.6,0.62,200.0,55.0,50.0,270.0,0.37,120.0,0.41,110.0,0.36,214.0,0.42,893.0,0.35,552.92,0.43,308.0,0.34,324.0,0.44,253.0,0.33,294.0,0.45,374.0,0.59,135.0,0.63,130.0,0.58,903.0,0.64,204.0,0.57,308.0,0.65,552.92,0.56,253.0,0.66,324.0,0.55,374.0,0.67,294.0
2026-01-07 09:03:05.769000+00:00,2026-01-07 09:03:03.275186+00:00,185.769,0.385,0.38,0.39,0.615,0.61,0.62,65.0,30.0,30.0,50.0,0.37,190.0,0.4,105.0,0.36,214.0,0.41,120.0,0.35,552.92,0.42,903.0,0.34,324.0,0.43,308.0,0.33,294.0,0.44,253.0,0.6,105.0,0.63,200.0,0.59,120.0,0.64,184.0,0.58,903.0,0.65,582.92,0.57,308.0,0.66,324.0,0.56,253.0,0.67,294.0
2026-01-07 09:03:06.765000+00:00,2026-01-07 09:03:04.283950+00:00,186.765,0.395,0.39,0.4,0.605,0.6,0.61,55.0,65.0,65.0,55.0,0.38,205.0,0.41,135.0,0.37,110.0,0.42,913.0,0.36,165.0,0.43,308.0,0.35,552.92,0.44,263.0,0.34,324.0,0.45,374.0,0.59,135.0,0.62,205.0,0.58,913.0,0.63,150.0,0.57,308.0,0.64,165.0,0.56,263.0,0.65,552.92,0.55,374.0,0.66,324.0
2026-01-07 09:03:07.802000+00:00,2026-01-07 09:03:05.302797+00:00,187.802,0.395,0.39,0.4,0.605,0.6,0.61,80.0,70.0,70.0,80.0,0.38,205.0,0.41,135.0,0.37,519.0,0.42,730.0,0.36,533.0,0.43,125.0,0.35,423.92,0.44,487.0,0.34,394.0,0.45,253.0,0.59,135.0,0.62,205.0,0.58,730.0,0.63,489.0,0.57,125.0,0.64,563.0,0.56,487.0,0.65,423.92,0.55,253.0,0.66,394.0
2026-01-07 09:03:08.800000+00:00,2026-01-07 09:03:06.311971+00:00,188.8,0.395,0.39,0.4,0.615,0.61,0.62,30.0,70.0,57.0,20.0,0.38,45.0,0.41,135.0,0.37,215.0,0.42,730.0,0.36,622.0,0.43,125.0,0.35,423.92,0.44,487.0,0.34,394.0,0.45,253.0,0.6,135.0,0.63,265.0,0.59,120.0,0.64,563.0,0.58,710.0,0.65,491.92,0.57,125.0,0.66,394.0,0.56,477.0,0.67,364.0
2026-01-07 09:03:09.800000+00:00,2026-01-07 09:03:07.321458+00:00,189.8,0.385,0.38,0.39,0.615,0.61,0.62,15.0,68.0,76.0,15.0,0.37,230.0,0.4,95.0,0.36,593.0,0.41,120.0,0.35,501.92,0.42,710.0,0.34,394.0,0.43,125.0,0.33,364.0,0.44,477.0,0.6,95.0,0.63,230.0,0.59,120.0,0.64,593.0,0.58,710.0,0.65,501.92,0.57,125.0,0.66,394.0,0.56,477.0,0.67,364.0
2026-01-07 09:03:10.836000+00:00,2026-01-07 09:03:08.325610+00:00,190.836,0.385,0.38,0.39,0.615,0.61,0.62,15.0,83.0,88.0,15.0,0.37,35.0,0.4,165.0,0.36,618.0,0.41,120.0,0.35,592.92,0.42,710.0,0.34,432.0,0.43,125.0,0.33,364.0,0.44,253.0,0.6,165.0,0.63,35.0,0.59,120.0,0.64,618.0,0.58,710.0,0.65,577.92,0.57,125.0,0.66,447.0,0.56,253.0,0.67,364.0
2026-01-07 09:03:11.745000+00:00,2026-01-07 09:03:09.330705+00:00,191.745,0.375,0.37,0.38,0.625,0.62,0.63,20.0,30.0,30.0,20.0,0.36,330.0,0.39,170.0,0.35,760.92,0.4,120.0,0.34,329.0,0.41,313.0,0.33,294.0,0.42,1117.0,0.32,417.07,0.43,298.0,0.61,170.0,0.64,330.0,0.6,120.0,0.65,760.92,0.59,313.0,0.66,329.0,0.58,1117.0,0.67,294.0,0.57,298.0,0.68,417.07
2026-01-07 09:03:12.799000+00:00,2026-01-07 09:03:10.332057+00:00,192.799,0.365,0.36,0.37,0.635,0.63,0.64,180.0,35.0,35.0,180.0,0.35,767.92,0.38,90.0,0.34,357.0,0.39,130.0,0.33,334.0,0.4,130.0,0.32,417.07,0.41,283.0,0.31,379.0,0.42,1107.0,0.62,90.0,0.65,767.92,0.61,130.0,0.66,357.0,0.6,130.0,0.67,334.0,0.59,283.0,0.68,417.07,0.58,1107.0,0.69,379.0
2026-01-07 09:03:13.847000+00:00,2026-01-07 09:03:11.353656+00:00,193.847,0.365,0.36,0.37,0.635,0.63,0.64,176.87,75.0,60.0,181.87,0.35,717.92,0.38,70.0,0.34,459.0,0.39,130.0,0.33,361.0,0.4,130.0,0.32,417.07,0.41,283.0,0.31,379.0,0.42,1107.0,0.62,70.0,0.65,717.92,0.61,130.0,0.66,459.0,0.6,130.0,0.67,371.0,0.59,283.0,0.68,417.07,0.58,1107.0,0.69,379.0
2026-01-07 09:03:14.839000+00:00,2026-01-07 09:03:12.360262+00:00,194.839,0.365,0.36,0.37,0.635,0.63,0.64,126.39,50.0,50.0,136.39,0.35,767.92,0.38,75.0,0.34,482.0,0.39,120.0,0.33,324.0,0.4,130.0,0.32,417.07,0.41,293.0,0.31,379.0,0.42,1107.0,0.62,75.0,0.65,792.92,0.61,120.0,0.66,452.0,0.6,130.0,0.67,309.0,0.59,293.0,0.68,417.07,0.58,1107.0,0.69,379.0
2026-01-07 09:03:15.760000+00:00,2026-01-07 09:03:13.365768+00:00,195.76,0.365,0.36,0.37,0.635,0.63,0.64,370.39,20.0,20.0,346.01,0.35,667.92,0.38,100.0,0.34,419.0,0.39,100.0,0.33,364.0,0.4,175.0,0.32,417.07,0.41,110.0,0.31,379.0,0.42,517.0,0.62,100.0,0.65,667.92,0.61,100.0,0.66,419.0,0.6,175.0,0.67,364.0,0.59,110.0,0.68,417.07,0.58,517.0,0.69,379.0
2026-01-07 09:03:16.877000+00:00,2026-01-07 09:03:14.371189+00:00,196.877,0.365,0.36,0.37,0.635,0.63,0.64,63.01,165.0,180.0,63.01,0.35,318.92,0.38,110.0,0.34,334.0,0.39,100.0,0.33,489.71,0.4,252.0,0.32,457.07,0.41,222.0,0.31,379.0,0.42,283.0,0.62,110.0,0.65,318.92,0.61,100.0,0.66,519.0,0.6,252.0,0.67,441.0,0.59,222.0,0.68,427.07,0.58,283.0,0.69,379.0
2026-01-07 09:03:17.875000+00:00,2026-01-07 09:03:15.377632+00:00,197.875,0.365,0.36,0.37,0.635,0.63,0.64,239.0,20.0,20.0,239.0,0.35,175.0,0.38,100.0,0.34,492.0,0.39,100.0,0.33,454.0,0.4,145.0,0.32,417.07,0.41,313.0,0.31,379.0,0.42,293.0,0.62,100.0,0.65,175.0,0.61,100.0,0.66,492.0,0.6,145.0,0.67,454.0,0.59,313.0,0.68,417.07,0.58,293.0,0.69,379.0
2026-01-07 09:03:18.894000+00:00,2026-01-07 09:03:16.400509+00:00,198.894,0.365,0.36,0.37,0.635,0.63,0.64,210.0,10.0,10.0,210.0,0.35,292.0,0.38,100.0,0.34,492.0,0.39,140.0,0.33,454.0,0.4,130.0,0.32,417.07,0.41,283.0,0.31,379.0,0.42,283.0,0.62,105.0,0.65,292.0,0.61,140.0,0.66,492.0,0.6,140.0,0.67,454.0,0.59,293.0,0.68,417.07,0.58,283.0,0.69,379.0
2026-01-07 09:03:19.845000+00:00,2026-01-07 09:03:17.407389+00:00,199.845,0.365,0.36,0.37,0.615,0.6,0.63,697.0,10.0,75.0,45.0,0.35,497.0,0.4,75.0,0.34,484.0,0.41,223.0,0.33,454.0,0.42,223.0,0.32,417.07,0.43,359.0,0.31,359.0,0.44,379.3,0.59,40.0,0.64,763.0,0.58,40.0,0.65,558.0,0.57,55.0,0.66,484.0,0.56,258.3,0.67,454.0,0.55,482.3,0.68,417.07
2026-01-07 09:03:20.911000+00:00,2026-01-07 09:03:18.414652+00:00,200.911,0.395,0.39,0.4,0.605,0.6,0.61,210.0,20.0,20.0,210.0,0.38,327.99,0.41,65.0,0.37,529.0,0.42,70.0,0.36,494.0,0.43,45.0,0.35,568.0,0.44,85.3,0.34,434.0,0.45,482.3,0.59,65.0,0.62,327.99,0.58,70.0,0.63,529.0,0.57,45.0,0.64,494.0,0.56,85.3,0.65,568.0,0.55,482.3,0.66,434.0
2026-01-07 09:03:21.884000+00:00,2026-01-07 09:03:19.423291+00:00,201.884,0.395,0.39,0.4,0.605,0.6,0.61,240.0,20.0,20.0,240.0,0.38,352.99,0.42,65.0,0.37,429.0,0.43,120.0,0.36,494.0,0.44,80.0,0.35,588.0,0.45,477.0,0.34,434.0,0.46,263.0,0.58,65.0,0.62,352.99,0.57,120.0,0.63,429.0,0.56,80.0,0.64,494.0,0.55,477.0,0.65,588.0,0.54,263.0,0.66,434.0
2026-01-07 09:03:22.934000+00:00,2026-01-07 09:03:20.429345+00:00,202.934,0.395,0.39,0.4,0.605,0.6,0.61,210.0,20.0,20.0,210.0,0.38,342.99,0.41,95.0,0.37,449.0,0.42,165.0,0.36,533.0,0.43,125.0,0.35,588.0,0.44,80.0,0.34,434.0,0.45,477.0,0.59,85.0,0.62,362.99,0.58,195.0,0.63,439.0,0.57,125.0,0.64,533.0,0.56,80.0,0.65,588.0,0.55,477.0,0.66,434.0
2026-01-07 09:03:23.908000+00:00,2026-01-07 09:03:21.437898+00:00,203.908,0.395,0.39,0.4,0.605,0.6,0.61,170.0,25.0,35.0,170.0,0.38,347.99,0.41,165.0,0.37,693.0,0.42,100.0,0.36,543.0,0.43,150.0,0.35,588.0,0.44,90.0,0.34,434.0,0.45,477.0,0.59,165.0,0.62,347.99,0.58,100.0,0.63,693.0,0.57,150.0,0.64,543.0,0.56,90.0,0.65,588.0,0.55,477.0,0.66,434.0
2026-01-07 09:03:24.899000+00:00,2026-01-07 09:03:22.442796+00:00,204.899,0.395,0.39,0.4,0.605,0.6,0.61,170.0,20.0,20.0,165.0,0.38,357.99,0.41,155.0,0.37,733.0,0.42,120.0,0.36,494.0,0.43,115.0,0.35,588.0,0.44,115.0,0.34,434.0,0.45,487.0,0.59,155.0,0.62,357.99,0.58,120.0,0.63,733.0,0.57,115.0,0.64,494.0,0.56,115.0,0.65,588.0,0.55,487.0,0.66,434.0
2026-01-07 09:03:25.953000+00:00,2026-01-07 09:03:23.465204+00:00,205.953,0.395,0.39,0.4,0.605,0.6,0.61,194.0,20.0,20.0,194.0,0.38,342.99,0.41,155.0,0.37,733.0,0.42,120.0,0.36,494.0,0.43,115.0,0.35,588.0,0.44,115.0,0.34,434.0,0.45,487.0,0.59,155.0,0.62,342.99,0.58,120.0,0.63,733.0,0.57,115.0,0.64,494.0,0.56,115.0,0.65,588.0,0.55,487.0,0.66,434.0
2026-01-07 09:03:26.973000+00:00,2026-01-07 09:03:24.485279+00:00,206.973,0.395,0.39,0.4,0.605,0.6,0.61,209.0,40.0,40.0,209.0,0.38,159.99,0.41,125.0,0.37,713.0,0.42,120.0,0.36,543.0,0.43,115.0,0.35,539.0,0.44,298.0,0.34,434.0,0.45,487.0,0.59,125.0,0.62,179.99,0.58,134.0,0.63,713.0,0.57,115.0,0.64,543.0,0.56,298.0,0.65,539.0,0.55,487.0,0.66,434.0
2026-01-07 09:03:27.985000+00:00,2026-01-07 09:03:25.494549+00:00,207.985,0.395,0.39,0.4,0.605,0.6,0.61,189.0,40.0,40.0,189.0,0.38,179.99,0.41,155.0,0.37,713.0,0.42,134.0,0.36,543.0,0.43,150.0,0.35,519.0,0.44,90.0,0.34,454.0,0.45,477.0,0.59,140.0,0.62,179.99,0.58,134.0,0.63,713.0,0.57,150.0,0.64,543.0,0.56,90.0,0.65,519.0,0.55,477.0,0.66,454.0
2026-01-07 09:03:28.999000+00:00,2026-01-07 09:03:26.500573+00:00,208.999,0.425,0.42,0.43,0.575,0.57,0.58,75.72,100.0,100.0,188.71,0.41,169.0,0.44,160.0,0.4,150.0,0.45,329.0,0.39,408.0,0.46,90.0,0.38,503.99,0.47,294.0,0.37,464.0,0.48,363.37,0.56,160.0,0.59,194.0,0.55,329.0,0.6,185.0,0.54,90.0,0.61,338.0,0.53,294.0,0.62,538.99,0.52,363.37,0.63,449.0
2026-01-07 09:03:29.868000+00:00,2026-01-07 09:03:27.494958+00:00,209.868,0.425,0.42,0.43,0.575,0.57,0.58,203.71,85.0,85.0,203.71,0.41,189.0,0.44,145.0,0.4,378.0,0.45,359.0,0.39,470.0,0.46,80.0,0.38,498.99,0.47,304.0,0.37,498.0,0.48,242.37,0.56,115.0,0.59,214.0,0.55,324.0,0.6,348.0,0.54,80.0,0.61,470.0,0.53,304.0,0.62,498.99,0.52,242.37,0.63,498.0
2026-01-07 09:03:30.934000+00:00,2026-01-07 09:03:28.513654+00:00,210.934,0.435,0.43,0.44,0.565,0.56,0.57,31.49,69.65,74.0,31.49,0.42,341.71,0.45,70.0,0.41,447.0,0.46,30.0,0.4,571.0,0.47,121.0,0.39,723.0,0.48,135.0,0.38,512.99,0.49,100.2,0.55,70.0,0.58,396.71,0.54,30.0,0.59,533.0,0.53,111.0,0.6,541.0,0.52,135.0,0.61,723.0,0.51,100.2,0.62,512.99
2026-01-07 09:03:32.033000+00:00,2026-01-07 09:03:29.521320+00:00,212.033,0.435,0.43,0.44,0.565,0.56,0.57,31.49,60.0,50.0,31.49,0.42,193.0,0.45,100.0,0.41,339.0,0.46,145.0,0.4,499.0,0.47,121.0,0.39,734.0,0.48,100.0,0.38,442.99,0.49,212.2,0.55,110.0,0.58,10.0,0.54,135.0,0.59,218.0,0.53,121.0,0.6,509.0,0.52,100.0,0.61,769.0,0.51,273.2,0.62,472.99
2026-01-07 09:03:33.028000+00:00,2026-01-07 09:03:30.528086+00:00,213.028,0.43,0.42,0.44,0.5700000000000001,0.56,0.58,122.99,35.0,65.0,212.99,0.41,288.0,0.45,135.0,0.4,472.0,0.46,120.0,0.39,734.0,0.47,111.0,0.38,428.99,0.48,100.0,0.37,469.0,0.49,1352.95,0.55,175.0,0.59,313.0,0.54,110.0,0.6,517.0,0.53,121.0,0.61,694.0,0.52,100.0,0.62,414.0,0.51,1352.95,0.63,469.0
2026-01-07 09:03:34.046000+00:00,2026-01-07 09:03:31.546834+00:00,214.046,0.435,0.43,0.44,0.545,0.54,0.55,205.0,67.45,10.0,15.0,0.42,175.0,0.45,135.0,0.41,327.0,0.46,120.0,0.4,485.0,0.47,111.0,0.39,638.0,0.48,100.0,0.38,414.0,0.49,1352.95,0.53,345.0,0.56,97.75,0.52,100.0,0.57,240.0,0.51,1352.95,0.58,296.0,0.5,288.2,0.59,283.0,0.49,456.45,0.6,470.0
2026-01-07 09:03:35.053000+00:00,2026-01-07 09:03:32.554651+00:00,215.053,0.45999999999999996,0.45,0.47,0.54,0.53,0.55,201.84,60.68,60.68,201.84,0.44,222.75,0.48,105.0,0.43,391.0,0.49,1104.75,0.42,382.0,0.5,283.0,0.41,484.0,0.51,410.25,0.4,708.0,0.52,379.2,0.52,105.0,0.56,222.75,0.51,1104.75,0.57,391.0,0.5,283.0,0.58,382.0,0.49,410.25,0.59,484.0,0.48,379.2,0.6,708.0
2026-01-07 09:03:36.969000+00:00,2026-01-07 09:03:34.581760+00:00,216.969,0.45999999999999996,0.45,0.47,0.54,0.53,0.55,183.85,90.0,90.0,173.85,0.44,162.75,0.48,90.0,0.43,337.0,0.49,1094.75,0.42,470.0,0.5,223.0,0.41,484.0,0.51,400.25,0.4,678.0,0.52,379.2,0.52,90.0,0.56,162.75,0.51,1094.75,0.57,337.0,0.5,223.0,0.58,470.0,0.49,400.25,0.59,484.0,0.48,379.2,0.6,678.0
2026-01-07 09:03:38.028000+00:00,2026-01-07 09:03:35.602571+00:00,218.028,0.45999999999999996,0.45,0.47,0.54,0.53,0.55,188.85,90.0,90.0,183.85,0.44,162.75,0.48,160.0,0.43,347.0,0.49,1164.75,0.42,470.0,0.5,293.0,0.41,484.0,0.51,400.25,0.4,678.0,0.52,379.2,0.52,150.0,0.56,162.75,0.51,1388.75,0.57,347.0,0.5,293.0,0.58,470.0,0.49,400.25,0.59,484.0,0.48,379.2,0.6,454.0
2026-01-07 09:03:39.596000+00:00,2026-01-07 09:03:37.610951+00:00,219.596,0.455,0.45,0.46,0.54,0.53,0.55,163.85,14.0,165.0,163.85,0.44,152.75,0.47,200.0,0.43,367.0,0.48,120.0,0.42,470.0,0.49,1398.75,0.41,484.0,0.5,283.0,0.4,454.0,0.51,400.25,0.52,110.0,0.56,117.75,0.51,1398.75,0.57,357.0,0.5,283.0,0.58,435.0,0.49,400.25,0.59,484.0,0.48,379.2,0.6,419.0
2026-01-07 09:03:41.116000+00:00,2026-01-07 09:03:38.618716+00:00,221.116,0.415,0.41,0.42,0.585,0.58,0.59,195.0,10.0,10.0,209.0,0.4,115.0,0.43,85.0,0.39,150.0,0.44,45.0,0.38,323.0,0.45,223.0,0.37,369.0,0.46,527.0,0.36,334.0,0.47,404.0,0.57,120.0,0.6,105.0,0.56,69.0,0.61,150.0,0.55,223.0,0.62,323.0,0.54,527.0,0.63,379.0,0.53,404.0,0.64,334.0
2026-01-07 09:03:42.141000+00:00,2026-01-07 09:03:39.638982+00:00,222.141,0.425,0.42,0.43,0.565,0.56,0.57,280.0,10.0,89.0,206.0,0.41,323.0,0.44,79.0,0.4,358.0,0.45,30.0,0.39,283.0,0.46,319.0,0.38,369.0,0.47,293.0,0.37,334.0,0.48,283.0,0.55,30.0,0.58,105.0,0.54,319.0,0.59,348.0,0.53,293.0,0.6,358.0,0.52,283.0,0.61,283.0,0.51,1468.75,0.62,334.0
2026-01-07 09:03:43.129000+00:00,2026-01-07 09:03:40.644359+00:00,223.129,0.435,0.43,0.44,0.565,0.56,0.57,240.0,14.0,14.0,200.0,0.42,130.0,0.45,85.0,0.41,493.0,0.46,329.0,0.4,308.0,0.47,110.0,0.39,263.0,0.48,293.0,0.38,404.0,0.49,1468.75,0.55,85.0,0.58,130.0,0.54,329.0,0.59,493.0,0.53,110.0,0.6,308.0,0.52,293.0,0.61,263.0,0.51,1468.75,0.62,404.0
2026-01-07 09:03:44.154000+00:00,2026-01-07 09:03:41.651576+00:00,224.154,0.435,0.43,0.44,0.56,0.55,0.57,193.21,14.0,105.79,193.21,0.42,232.0,0.45,91.79,0.41,392.0,0.46,329.0,0.4,429.0,0.47,110.0,0.39,454.0,0.48,293.0,0.38,404.0,0.49,1468.75,0.54,329.0,0.58,246.0,0.53,110.0,0.59,378.0,0.52,110.0,0.6,429.0,0.51,1347.75,0.61,454.0,0.5,409.2,0.62,404.0
2026-01-07 09:03:45.010000+00:00,2026-01-07 09:03:42.660402+00:00,225.01,0.44,0.43,0.45,0.56,0.55,0.57,208.21,95.79,95.79,208.21,0.42,246.0,0.46,339.0,0.41,368.0,0.47,110.0,0.4,499.0,0.48,110.0,0.39,454.0,0.49,1347.75,0.38,404.0,0.5,409.2,0.54,339.0,0.58,246.0,0.53,110.0,0.59,368.0,0.52,110.0,0.6,499.0,0.51,1347.75,0.61,454.0,0.5,409.2,0.62,404.0
2026-01-07 09:03:46.103000+00:00,2026-01-07 09:03:43.667330+00:00,226.103,0.455,0.45,0.46,0.54,0.53,0.55,215.0,14.0,69.49,215.0,0.44,165.0,0.47,141.79,0.43,359.21,0.48,175.0,0.42,308.0,0.49,1398.75,0.41,484.0,0.5,288.2,0.4,484.0,0.51,415.45,0.52,175.0,0.56,179.0,0.51,1398.75,0.57,345.21,0.5,288.2,0.58,308.0,0.49,415.45,0.59,484.0,0.48,379.2,0.6,484.0
2026-01-07 09:03:47.153000+00:00,2026-01-07 09:03:44.673288+00:00,227.153,0.45999999999999996,0.45,0.47,0.54,0.53,0.55,190.0,64.17,74.17,190.0,0.44,189.0,0.48,175.0,0.43,355.21,0.49,1388.75,0.42,378.0,0.5,298.2,0.41,484.0,0.51,405.45,0.4,484.0,0.52,379.2,0.52,175.0,0.56,189.0,0.51,1388.75,0.57,355.21,0.5,298.2,0.58,378.0,0.49,405.45,0.59,484.0,0.48,379.2,0.6,484.0
2026-01-07 09:03:48.101000+00:00,2026-01-07 09:03:45.677937+00:00,228.101,0.45999999999999996,0.45,0.47,0.54,0.53,0.55,175.0,94.17,94.17,175.0,0.44,179.0,0.48,155.0,0.43,321.21,0.49,1388.75,0.42,470.0,0.5,298.2,0.41,484.0,0.51,405.45,0.4,484.0,0.52,379.2,0.52,155.0,0.56,179.0,0.51,1388.75,0.57,321.21,0.5,298.2,0.58,470.0,0.49,405.45,0.59,484.0,0.48,379.2,0.6,484.0
2026-01-07 09:03:49.165000+00:00,2026-01-07 09:03:46.695766+00:00,229.165,0.45999999999999996,0.45,0.47,0.54,0.53,0.55,175.0,119.17,119.17,175.0,0.44,179.0,0.48,130.0,0.43,321.21,0.49,1388.75,0.42,470.0,0.5,298.2,0.41,484.0,0.51,405.45,0.4,484.0,0.52,379.2,0.52,130.0,0.56,179.0,0.51,1388.75,0.57,321.21,0.5,298.2,0.58,470.0,0.49,405.45,0.59,484.0,0.48,379.2,0.6,484.0
2026-01-07 09:03:50.216000+00:00,2026-01-07 09:03:47.717980+00:00,230.216,0.45,0.44,0.46,0.545,0.54,0.55,244.0,50.0,5.0,90.0,0.43,351.21,0.47,197.38,0.42,470.0,0.48,110.0,0.41,708.0,0.49,1164.75,0.4,484.0,0.5,298.2,0.39,404.0,0.51,405.45,0.53,207.38,0.56,229.0,0.52,110.0,0.57,351.21,0.51,1164.75,0.58,470.0,0.5,298.2,0.59,708.0,0.49,405.45,0.6,484.0
2026-01-07 09:03:51.226000+00:00,2026-01-07 09:03:48.724238+00:00,231.226,0.445,0.44,0.45,0.555,0.55,0.56,35.0,78.0,63.0,35.0,0.43,390.21,0.46,105.0,0.42,507.0,0.47,127.38,0.41,708.0,0.48,110.0,0.4,526.0,0.49,1174.75,0.39,404.0,0.5,288.2,0.54,105.0,0.57,390.21,0.53,127.38,0.58,507.0,0.52,110.0,0.59,708.0,0.51,1174.75,0.6,526.0,0.5,288.2,0.61,404.0
2026-01-07 09:03:52.169000+00:00,2026-01-07 09:03:49.729435+00:00,232.169,0.445,0.44,0.45,0.555,0.55,0.56,259.0,18.0,18.0,250.0,0.43,331.21,0.46,50.0,0.42,470.0,0.47,177.38,0.41,708.0,0.48,130.0,0.4,484.0,0.49,1164.75,0.39,404.0,0.5,298.2,0.54,50.0,0.57,331.21,0.53,177.38,0.58,470.0,0.52,130.0,0.59,708.0,0.51,1164.75,0.6,484.0,0.5,298.2,0.61,404.0
2026-01-07 09:03:53.211000+00:00,2026-01-07 09:03:50.739047+00:00,233.211,0.45,0.44,0.46,0.55,0.54,0.56,234.0,75.0,75.0,284.0,0.43,321.21,0.47,112.16,0.42,470.0,0.48,120.0,0.41,708.0,0.49,1164.75,0.4,484.0,0.5,298.2,0.39,404.0,0.51,405.45,0.53,74.0,0.57,331.21,0.52,120.0,0.58,470.0,0.51,1164.75,0.59,708.0,0.5,298.2,0.6,484.0,0.49,405.45,0.61,404.0
2026-01-07 09:03:54.215000+00:00,2026-01-07 09:03:51.762454+00:00,234.215,0.45,0.44,0.46,0.55,0.54,0.56,244.0,75.0,75.0,244.0,0.43,331.21,0.47,144.0,0.42,470.0,0.48,344.0,0.41,708.0,0.49,1164.75,0.4,484.0,0.5,298.2,0.39,404.0,0.51,405.45,0.53,144.0,0.57,331.21,0.52,344.0,0.58,470.0,0.51,1164.75,0.59,708.0,0.5,298.2,0.6,484.0,0.49,405.45,0.61,404.0
2026-01-07 09:03:55.204000+00:00,2026-01-07 09:03:52.766788+00:00,235.204,0.45,0.44,0.46,0.545,0.54,0.55,244.0,75.0,45.0,125.0,0.43,331.21,0.47,169.0,0.42,427.0,0.48,324.0,0.41,750.0,0.49,1174.75,0.4,484.0,0.5,288.2,0.39,404.0,0.51,405.45,0.53,184.0,0.56,209.0,0.52,324.0,0.57,331.21,0.51,1174.75,0.58,427.0,0.5,288.2,0.59,750.0,0.49,405.45,0.6,484.0
2026-01-07 09:03:56.275000+00:00,2026-01-07 09:03:53.776443+00:00,236.275,0.455,0.45,0.46,0.55,0.54,0.56,70.0,65.0,110.0,29.0,0.44,219.0,0.47,189.0,0.43,341.21,0.48,324.0,0.42,427.0,0.49,1174.75,0.41,708.0,0.5,288.2,0.4,526.0,0.51,456.45,0.53,109.0,0.57,459.93,0.52,324.0,0.58,457.0,0.51,1286.75,0.59,708.0,0.5,288.2,0.6,484.0,0.49,405.45,0.61,404.0
2026-01-07 09:03:57.224000+00:00,2026-01-07 09:03:54.783398+00:00,237.224,0.45,0.44,0.46,0.555,0.55,0.56,15.0,15.0,58.0,35.0,0.43,242.93,0.47,95.0,0.42,324.0,0.48,334.0,0.41,659.0,0.49,1347.75,0.4,484.0,0.5,288.2,0.39,404.0,0.51,405.45,0.54,15.0,0.57,242.93,0.53,85.0,0.58,324.0,0.52,369.0,0.59,659.0,0.51,1357.75,0.6,484.0,0.5,288.2,0.61,404.0
2026-01-07 09:03:58.291000+00:00,2026-01-07 09:03:55.791025+00:00,238.291,0.445,0.44,0.45,0.555,0.55,0.56,35.0,40.0,40.0,55.0,0.43,262.93,0.46,14.0,0.42,284.0,0.47,99.0,0.41,587.0,0.48,369.0,0.4,484.0,0.49,1357.75,0.39,404.0,0.5,288.2,0.53,104.0,0.57,302.93,0.52,369.0,0.58,274.0,0.51,1357.75,0.59,629.0,0.5,288.2,0.6,484.0,0.49,405.45,0.61,404.0
2026-01-07 09:03:59.298000+00:00,2026-01-07 09:03:56.794990+00:00,239.298,0.445,0.44,0.45,0.555,0.55,0.56,60.0,40.0,40.0,85.0,0.43,267.93,0.47,114.0,0.42,274.0,0.48,359.0,0.41,629.0,0.49,1357.75,0.4,484.0,0.5,288.2,0.39,404.0,0.51,405.45,0.54,70.0,0.57,267.93,0.53,114.0,0.58,274.0,0.52,359.0,0.59,629.0,0.51,1367.75,0.6,484.0,0.5,288.2,0.61,404.0
2026-01-07 09:04:00.278000+00:00,2026-01-07 09:03:57.800910+00:00,240.278,0.445,0.44,0.45,0.555,0.55,0.56,289.0,10.0,10.0,245.0,0.43,173.21,0.46,100.0,0.42,259.0,0.47,109.0,0.41,629.0,0.48,384.0,0.4,484.0,0.49,1377.75,0.39,404.0,0.5,298.2,0.54,100.0,0.57,172.21,0.53,109.0,0.58,274.0,0.52,359.0,0.59,629.0,0.51,1357.75,0.6,484.0,0.5,288.2,0.61,404.0
2026-01-07 09:04:01.212000+00:00,2026-01-07 09:03:58.805175+00:00,241.212,0.445,0.44,0.45,0.555,0.55,0.56,232.37,10.0,10.0,232.37,0.43,202.21,0.46,110.0,0.42,274.0,0.47,169.0,0.41,629.0,0.48,364.0,0.4,484.0,0.49,1357.75,0.39,404.0,0.5,288.2,0.54,110.0,0.57,202.21,0.53,169.0,0.58,274.0,0.52,364.0,0.59,629.0,0.51,1357.75,0.6,484.0,0.5,288.2,0.61,404.0
2026-01-07 09:04:02.280000+00:00,2026-01-07 09:03:59.811471+00:00,242.28,0.445,0.44,0.45,0.555,0.55,0.56,251.37,10.0,10.0,260.72,0.43,198.21,0.46,100.0,0.42,287.0,0.47,144.0,0.41,587.0,0.48,369.0,0.4,484.0,0.49,1387.75,0.39,404.0,0.5,288.2,0.54,100.0,0.57,198.21,0.53,144.0,0.58,287.0,0.52,369.0,0.59,587.0,0.51,1387.75,0.6,484.0,0.5,288.2,0.61,404.0
2026-01-07 09:04:03.290000+00:00,2026-01-07 09:04:00.819057+00:00,243.29,0.445,0.44,0.45,0.555,0.55,0.56,245.72,10.0,10.0,245.72,0.43,208.21,0.46,100.0,0.42,238.0,0.47,154.0,0.41,636.0,0.48,359.0,0.4,484.0,0.49,1377.75,0.39,404.0,0.5,288.2,0.54,100.0,0.57,208.21,0.53,154.0,0.58,195.0,0.52,369.0,0.59,678.0,0.51,1377.75,0.6,484.0,0.5,288.2,0.61,404.0
2026-01-07 09:04:04.013000+00:00,2026-01-07 09:04:01.840836+00:00,244.013,0.445,0.44,0.45,0.555,0.55,0.56,159.09,10.0,10.0,159.09,0.43,257.21,0.46,135.0,0.42,225.0,0.47,154.0,0.41,678.0,0.48,364.0,0.4,484.0,0.49,1347.75,0.39,404.0,0.5,288.2,0.54,135.0,0.57,257.21,0.53,154.0,0.58,225.0,0.52,364.0,0.59,678.0,0.51,1347.75,0.6,484.0,0.5,288.2,0.61,404.0
2026-01-07 09:04:05.348000+00:00,2026-01-07 09:04:02.849272+00:00,245.348,0.445,0.44,0.45,0.555,0.55,0.56,298.09,10.0,10.0,244.09,0.43,178.21,0.46,80.0,0.42,244.0,0.47,134.0,0.41,587.0,0.48,354.0,0.4,484.0,0.49,1357.75,0.39,404.0,0.5,288.2,0.53,80.0,0.57,334.21,0.52,135.0,0.58,365.0,0.51,1357.75,0.59,484.0,0.5,288.2,0.6,484.0,0.49,405.45,0.61,404.0
2026-01-07 09:04:06.333000+00:00,2026-01-07 09:04:03.858044+00:00,246.333,0.48,0.47,0.49,0.52,0.51,0.53,267.71,1214.75,1214.75,267.71,0.46,323.0,0.5,110.0,0.45,348.0,0.51,141.25,0.44,547.09,0.52,100.0,0.43,532.21,0.53,268.2,0.42,723.0,0.54,411.8,0.5,110.0,0.54,323.0,0.49,141.25,0.55,348.0,0.48,100.0,0.56,547.09,0.47,268.2,0.57,532.21,0.46,411.8,0.58,723.0
2026-01-07 09:04:07.366000+00:00,2026-01-07 09:04:04.868859+00:00,247.366,0.485,0.48,0.49,0.515,0.51,0.52,200.0,1079.75,1109.75,75.0,0.47,316.0,0.5,45.0,0.46,338.0,0.51,106.25,0.45,474.0,0.52,324.0,0.44,547.09,0.53,268.2,0.43,452.21,0.54,411.8,0.5,55.0,0.53,351.0,0.49,81.25,0.54,338.0,0.48,304.0,0.55,544.0,0.47,268.2,0.56,547.09,0.46,411.8,0.57,452.21
2026-01-07 09:04:08.365000+00:00,2026-01-07 09:04:05.876202+00:00,248.365,0.485,0.48,0.49,0.515,0.51,0.52,50.0,1079.75,1079.75,35.0,0.47,422.0,0.5,80.0,0.46,338.0,0.51,101.25,0.45,544.0,0.52,304.0,0.44,547.09,0.53,75.2,0.43,452.21,0.54,290.8,0.5,80.0,0.53,397.0,0.49,91.25,0.54,418.0,0.48,314.0,0.55,544.0,0.47,75.2,0.56,547.09,0.46,290.8,0.57,452.21
2026-01-07 09:04:09.378000+00:00,2026-01-07 09:04:06.882860+00:00,249.378,0.47,0.46,0.48,0.535,0.53,0.54,183.0,88.0,90.0,218.0,0.45,464.0,0.49,1158.75,0.44,537.09,0.5,125.0,0.43,775.21,0.51,96.25,0.42,434.0,0.52,253.0,0.41,419.0,0.53,258.2,0.52,65.0,0.55,488.0,0.51,1158.75,0.56,532.09,0.5,247.0,0.57,805.21,0.49,218.25,0.58,469.0,0.48,374.0,0.59,419.0
2026-01-07 09:04:10.389000+00:00,2026-01-07 09:04:07.891456+00:00,250.389,0.445,0.44,0.45,0.555,0.55,0.56,84.0,57.77,57.77,84.0,0.43,158.21,0.46,60.0,0.42,95.0,0.47,75.0,0.41,348.0,0.48,307.0,0.4,476.0,0.49,1556.75,0.39,404.0,0.5,419.0,0.54,60.0,0.57,158.21,0.53,75.0,0.58,95.0,0.52,307.0,0.59,368.0,0.51,1556.75,0.6,456.0,0.5,419.0,0.61,404.0
2026-01-07 09:04:11.348000+00:00,2026-01-07 09:04:08.912780+00:00,251.348,0.445,0.44,0.45,0.555,0.55,0.56,35.0,57.77,57.77,35.0,0.43,158.21,0.46,70.0,0.42,189.0,0.47,75.0,0.41,375.0,0.48,307.0,0.4,384.0,0.49,1556.75,0.39,404.0,0.5,419.0,0.54,70.0,0.57,158.21,0.53,75.0,0.58,189.0,0.52,307.0,0.59,365.0,0.51,1556.75,0.6,384.0,0.5,419.0,0.61,404.0
2026-01-07 09:04:12.438000+00:00,2026-01-07 09:04:09.932079+00:00,252.438,0.445,0.44,0.45,0.555,0.55,0.56,35.0,32.77,32.77,35.0,0.43,228.21,0.46,54.0,0.42,144.0,0.47,170.0,0.41,335.0,0.48,313.0,0.4,384.0,0.49,1566.75,0.39,404.0,0.5,419.0,0.54,54.0,0.57,238.21,0.53,170.0,0.58,144.0,0.52,313.0,0.59,335.0,0.51,1566.75,0.6,384.0,0.5,419.0,0.61,404.0
2026-01-07 09:04:13.417000+00:00,2026-01-07 09:04:10.940842+00:00,253.417,0.445,0.44,0.45,0.555,0.55,0.56,35.0,17.77,17.77,35.0,0.43,238.21,0.46,54.0,0.42,144.0,0.47,170.0,0.41,335.0,0.48,323.0,0.4,384.0,0.49,1566.75,0.39,404.0,0.5,419.0,0.54,40.0,0.57,238.21,0.53,184.0,0.58,144.0,0.52,323.0,0.59,335.0,0.51,1566.75,0.6,384.0,0.5,419.0,0.61,404.0
2026-01-07 09:04:14.004000+00:00,2026-01-07 09:04:11.930176+00:00,254.004,0.445,0.44,0.45,0.555,0.55,0.56,35.0,17.77,17.77,49.0,0.43,238.21,0.46,110.0,0.42,214.0,0.47,184.0,0.41,405.0,0.48,323.0,0.4,678.0,0.49,1342.75,0.39,404.0,0.5,419.0,0.54,100.0,0.57,198.21,0.53,164.0,0.58,244.0,0.52,323.0,0.59,333.0,0.51,1342.75,0.6,678.0,0.5,419.0,0.61,404.0
2026-01-07 09:04:15.317000+00:00,2026-01-07 09:04:12.948723+00:00,255.317,0.455,0.45,0.46,0.545,0.54,0.55,160.0,100.0,85.0,205.0,0.44,164.0,0.47,149.0,0.43,118.21,0.48,135.0,0.42,257.0,0.49,1372.75,0.41,333.0,0.5,439.0,0.4,678.0,0.51,405.45,0.53,149.0,0.56,164.0,0.52,130.0,0.57,118.21,0.51,1367.75,0.58,257.0,0.5,439.0,0.59,333.0,0.49,405.45,0.6,678.0
2026-01-07 09:04:16.259000+00:00,2026-01-07 09:04:13.941065+00:00,256.259,0.455,0.45,0.46,0.535,0.52,0.55,274.0,70.0,124.0,299.9,0.44,120.0,0.47,135.0,0.43,163.21,0.48,134.0,0.42,165.0,0.49,1347.75,0.41,333.0,0.5,459.0,0.4,678.0,0.51,415.45,0.51,1357.75,0.56,120.0,0.5,459.0,0.57,123.21,0.49,415.45,0.58,130.0,0.48,386.3,0.59,333.0,0.47,379.2,0.6,643.0
2026-01-07 09:04:17.436000+00:00,2026-01-07 09:04:14.963980+00:00,257.436,0.475,0.47,0.48,0.525,0.52,0.53,10.63,44.0,44.0,5.63,0.46,473.0,0.49,1353.75,0.45,397.0,0.5,75.0,0.44,393.0,0.51,71.45,0.43,531.21,0.52,92.3,0.42,469.0,0.53,258.2,0.51,1353.75,0.54,473.0,0.5,75.0,0.55,397.0,0.49,71.45,0.56,393.0,0.48,92.3,0.57,531.21,0.47,258.2,0.58,469.0
2026-01-07 09:04:18.462000+00:00,2026-01-07 09:04:15.971687+00:00,258.462,0.475,0.47,0.48,0.525,0.52,0.53,5.0,44.0,44.0,5.0,0.46,458.0,0.49,1353.75,0.45,397.0,0.5,65.0,0.44,393.0,0.51,61.45,0.43,487.21,0.52,82.5,0.42,469.0,0.53,258.2,0.51,1363.75,0.54,473.0,0.5,85.0,0.55,397.0,0.49,61.45,0.56,393.0,0.48,82.5,0.57,532.21,0.47,258.2,0.58,469.0
2026-01-07 09:04:19.488000+00:00,2026-01-07 09:04:16.977184+00:00,259.488,0.475,0.47,0.48,0.525,0.52,0.53,20.0,30.0,30.0,55.0,0.46,424.08,0.49,1377.75,0.45,407.0,0.5,95.0,0.44,393.0,0.51,51.45,0.43,531.21,0.52,75.2,0.42,518.0,0.53,258.2,0.51,1377.75,0.54,408.0,0.5,95.0,0.55,407.0,0.49,51.45,0.56,393.0,0.48,75.2,0.57,531.21,0.47,258.2,0.58,518.0
2026-01-07 09:04:20.430000+00:00,2026-01-07 09:04:17.996708+00:00,260.43,0.475,0.47,0.48,0.525,0.52,0.53,35.0,30.0,30.0,35.0,0.46,428.0,0.49,1447.75,0.45,407.0,0.5,165.0,0.44,393.0,0.51,121.45,0.43,531.21,0.52,75.2,0.42,518.0,0.53,258.2,0.51,1447.75,0.54,428.0,0.5,165.0,0.55,407.0,0.49,121.45,0.56,393.0,0.48,75.2,0.57,531.21,0.47,258.2,0.58,518.0
2026-01-07 09:04:21.494000+00:00,2026-01-07 09:04:19.004304+00:00,261.494,0.475,0.47,0.48,0.525,0.52,0.53,183.0,12.36,15.0,183.0,0.46,413.0,0.49,1139.75,0.45,353.0,0.5,267.0,0.44,499.0,0.51,288.25,0.43,711.21,0.52,313.0,0.42,561.0,0.53,374.0,0.51,1139.75,0.54,413.0,0.5,267.0,0.55,353.0,0.49,288.25,0.56,499.0,0.48,313.0,0.57,711.21,0.47,374.0,0.58,561.0
2026-01-07 09:04:22.465000+00:00,2026-01-07 09:04:20.009222+00:00,262.465,0.475,0.47,0.48,0.525,0.52,0.53,61.0,15.0,15.0,61.0,0.46,225.0,0.49,1144.75,0.45,171.11,0.5,328.0,0.44,195.0,0.51,339.25,0.43,451.21,0.52,374.0,0.42,417.0,0.53,374.0,0.51,1144.75,0.54,230.0,0.5,328.0,0.55,181.11,0.49,339.25,0.56,195.0,0.48,374.0,0.57,452.21,0.47,374.0,0.58,417.0
2026-01-07 09:04:23.435000+00:00,2026-01-07 09:04:21.014804+00:00,263.435,0.475,0.47,0.48,0.525,0.52,0.53,61.0,15.0,15.0,61.0,0.46,230.0,0.49,1214.75,0.45,181.11,0.5,552.0,0.44,125.0,0.51,339.25,0.43,451.21,0.52,374.0,0.42,417.0,0.53,374.0,0.51,1214.75,0.54,240.0,0.5,552.0,0.55,181.11,0.49,329.25,0.56,125.0,0.48,374.0,0.57,451.21,0.47,374.0,0.58,417.0
2026-01-07 09:04:24.504000+00:00,2026-01-07 09:04:22.023262+00:00,264.504,0.48,0.47,0.49,0.52,0.51,0.53,220.0,1184.75,1184.75,220.0,0.46,175.0,0.5,567.0,0.45,141.11,0.51,339.25,0.44,125.0,0.52,374.0,0.43,590.21,0.53,374.0,0.42,460.0,0.54,475.3,0.5,577.0,0.54,190.0,0.49,339.25,0.55,111.11,0.48,384.0,0.56,125.0,0.47,374.0,0.57,590.21,0.46,475.3,0.58,460.0
2026-01-07 09:04:25.528000+00:00,2026-01-07 09:04:23.029281+00:00,265.528,0.475,0.47,0.48,0.525,0.52,0.53,10.63,40.0,80.0,10.63,0.46,210.0,0.49,1229.75,0.45,281.11,0.5,562.0,0.44,195.0,0.51,309.25,0.43,590.21,0.52,374.0,0.42,460.0,0.53,374.0,0.51,1224.75,0.54,195.0,0.5,542.0,0.55,256.11,0.49,309.25,0.56,215.0,0.48,374.0,0.57,590.21,0.47,374.0,0.58,460.0
2026-01-07 09:04:26.531000+00:00,2026-01-07 09:04:24.039404+00:00,266.531,0.475,0.47,0.48,0.525,0.52,0.53,10.63,105.0,105.0,0.63,0.46,85.0,0.49,1194.75,0.45,231.11,0.5,532.0,0.44,260.0,0.51,309.25,0.43,630.21,0.52,374.0,0.42,460.0,0.53,374.0,0.51,1204.75,0.54,105.0,0.5,532.0,0.55,211.11,0.49,309.25,0.56,260.0,0.48,374.0,0.57,640.21,0.47,374.0,0.58,460.0
2026-01-07 09:04:27.536000+00:00,2026-01-07 09:04:25.043057+00:00,267.536,0.46499999999999997,0.46,0.47,0.53,0.52,0.54,20.0,83.0,75.0,160.0,0.45,256.11,0.48,95.0,0.44,245.0,0.49,1179.75,0.43,630.21,0.5,522.0,0.42,348.0,0.51,294.25,0.41,516.0,0.52,426.0,0.51,1169.75,0.55,236.11,0.5,522.0,0.56,180.0,0.49,294.25,0.57,590.21,0.48,426.0,0.58,348.0,0.47,374.0,0.59,516.0
2026-01-07 09:04:28.548000+00:00,2026-01-07 09:04:26.050774+00:00,268.548,0.47,0.46,0.48,0.525,0.52,0.53,165.0,90.0,35.0,200.0,0.45,296.11,0.49,1179.75,0.44,180.0,0.5,542.0,0.43,590.21,0.51,294.25,0.42,391.0,0.52,374.0,0.41,474.0,0.53,374.0,0.51,1149.75,0.54,159.0,0.5,532.0,0.55,216.11,0.49,304.25,0.56,170.0,0.48,374.0,0.57,590.21,0.47,374.0,0.58,391.0
2026-01-07 09:04:29.551000+00:00,2026-01-07 09:04:27.057953+00:00,269.551,0.485,0.48,0.49,0.515,0.51,0.52,170.0,1069.75,1069.75,160.0,0.47,387.0,0.5,284.0,0.46,308.0,0.51,151.25,0.45,353.0,0.52,100.0,0.44,499.0,0.53,100.0,0.43,755.21,0.54,465.8,0.5,284.0,0.53,387.0,0.49,151.25,0.54,308.0,0.48,100.0,0.55,353.0,0.47,90.0,0.56,499.0,0.46,465.8,0.57,755.21
2026-01-07 09:04:30.478000+00:00,2026-01-07 09:04:28.064238+00:00,270.478,0.485,0.48,0.49,0.515,0.51,0.52,160.0,1069.75,1069.75,160.0,0.47,367.0,0.5,294.0,0.46,338.0,0.51,141.25,0.45,353.0,0.52,110.0,0.44,499.0,0.53,80.0,0.43,755.21,0.54,465.8,0.5,304.0,0.53,367.0,0.49,146.25,0.54,338.0,0.48,80.0,0.55,353.0,0.47,70.0,0.56,499.0,0.46,465.8,0.57,755.21
2026-01-07 09:04:31.509000+00:00,2026-01-07 09:04:29.087105+00:00,271.509,0.485,0.48,0.49,0.515,0.51,0.52,150.38,1069.75,1069.75,150.38,0.47,164.0,0.5,309.0,0.46,428.0,0.51,176.25,0.45,358.0,0.52,80.0,0.44,499.0,0.53,253.0,0.43,755.21,0.54,465.8,0.5,309.0,0.53,164.0,0.49,176.25,0.54,428.0,0.48,80.0,0.55,358.0,0.47,253.0,0.56,499.0,0.46,465.8,0.57,755.21
2026-01-07 09:04:32.597000+00:00,2026-01-07 09:04:30.095732+00:00,272.597,0.485,0.48,0.49,0.515,0.51,0.52,245.38,1069.75,1069.75,220.38,0.47,154.0,0.5,335.62,0.46,378.0,0.51,161.24,0.45,358.0,0.52,100.0,0.44,499.0,0.53,263.0,0.43,755.21,0.54,465.8,0.5,370.62,0.53,154.0,0.49,151.25,0.54,378.0,0.48,100.0,0.55,358.0,0.47,263.0,0.56,499.0,0.46,465.8,0.57,755.21
2026-01-07 09:04:33.607000+00:00,2026-01-07 09:04:31.104250+00:00,273.607,0.485,0.48,0.49,0.515,0.51,0.52,145.38,1069.75,1069.75,145.38,0.47,214.0,0.5,385.62,0.46,378.0,0.51,146.25,0.45,358.0,0.52,110.0,0.44,499.0,0.53,253.0,0.43,756.21,0.54,411.8,0.5,385.62,0.53,214.0,0.49,146.25,0.54,378.0,0.48,110.0,0.55,358.0,0.47,253.0,0.56,499.0,0.46,411.8,0.57,756.21
2026-01-07 09:04:34.573000+00:00,2026-01-07 09:04:32.111028+00:00,274.573,0.485,0.48,0.49,0.515,0.51,0.52,264.38,1069.75,1069.75,264.38,0.47,252.0,0.5,325.62,0.46,378.0,0.51,161.24,0.45,358.0,0.52,110.0,0.44,499.0,0.53,273.0,0.43,756.21,0.54,411.8,0.5,325.62,0.53,252.0,0.49,161.24,0.54,378.0,0.48,100.0,0.55,358.0,0.47,273.0,0.56,499.0,0.46,411.8,0.57,756.21
2026-01-07 09:04:35.627000+00:00,2026-01-07 09:04:33.136752+00:00,275.627,0.485,0.48,0.49,0.515,0.51,0.52,673.38,419.43,389.12,633.38,0.47,494.0,0.51,26.25,0.46,723.0,0.53,35.0,0.45,504.0,0.54,122.6,0.44,499.0,0.55,206.0,0.43,512.21,0.56,135.0,0.49,26.25,0.53,494.0,0.47,35.0,0.54,723.0,0.46,47.6,0.55,504.0,0.45,260.98,0.56,499.0,0.44,123.15,0.57,512.21
2026-01-07 09:04:36.639000+00:00,2026-01-07 09:04:34.145400+00:00,276.639,0.485,0.48,0.49,0.515,0.51,0.52,518.38,135.61,129.01,518.38,0.47,541.0,0.51,26.25,0.46,723.0,0.53,35.0,0.45,504.0,0.54,162.6,0.44,548.0,0.55,85.0,0.43,467.21,0.56,112.55,0.49,26.25,0.53,541.0,0.47,35.0,0.54,723.0,0.46,172.6,0.55,504.0,0.45,85.0,0.56,548.0,0.44,112.55,0.57,467.21
2026-01-07 09:04:37.521000+00:00,2026-01-07 09:04:35.151210+00:00,277.521,0.485,0.48,0.49,0.515,0.51,0.52,516.45,129.01,129.01,516.45,0.47,494.0,0.51,26.25,0.46,769.0,0.52,15.0,0.45,553.0,0.53,129.99,0.44,499.0,0.54,112.6,0.43,467.21,0.55,105.0,0.49,26.25,0.53,494.0,0.48,15.0,0.54,769.0,0.47,129.99,0.55,553.0,0.46,112.6,0.56,499.0,0.45,105.0,0.57,467.21
2026-01-07 09:04:38.666000+00:00,2026-01-07 09:04:36.160460+00:00,278.666,0.485,0.48,0.49,0.515,0.51,0.52,516.45,119.01,119.01,516.45,0.47,534.0,0.5,95.0,0.46,769.0,0.51,96.25,0.45,553.0,0.52,90.0,0.44,499.0,0.53,229.98,0.43,467.21,0.54,157.6,0.5,95.0,0.53,534.0,0.49,96.25,0.54,769.0,0.48,90.0,0.55,553.0,0.47,209.98,0.56,499.0,0.46,147.6,0.57,467.21
2026-01-07 09:04:39.634000+00:00,2026-01-07 09:04:37.184169+00:00,279.634,0.485,0.48,0.49,0.515,0.51,0.52,500.29,119.01,119.01,500.29,0.47,544.0,0.5,95.0,0.46,769.0,0.51,116.25,0.45,553.0,0.52,100.0,0.44,499.0,0.53,209.98,0.43,467.21,0.54,371.6,0.5,95.0,0.53,544.0,0.49,116.25,0.54,769.0,0.48,100.0,0.55,553.0,0.47,209.98,0.56,499.0,0.46,371.6,0.57,467.21
2026-01-07 09:04:40.658000+00:00,2026-01-07 09:04:38.190093+00:00,280.658,0.485,0.48,0.49,0.515,0.51,0.52,454.52,134.01,129.01,454.52,0.47,494.0,0.5,90.0,0.46,844.0,0.51,126.25,0.45,553.0,0.52,185.0,0.44,509.0,0.53,135.0,0.43,467.21,0.54,381.6,0.5,80.0,0.53,541.0,0.49,126.25,0.54,753.0,0.48,185.0,0.55,553.0,0.47,135.0,0.56,499.0,0.46,396.6,0.57,467.21
2026-01-07 09:04:41.517000+00:00,2026-01-07 09:04:39.195403+00:00,281.517,0.485,0.48,0.49,0.515,0.51,0.52,333.52,169.01,154.01,333.52,0.47,541.0,0.5,90.0,0.46,758.0,0.51,226.24,0.45,603.0,0.52,100.0,0.44,499.0,0.53,165.0,0.43,467.21,0.54,366.6,0.5,90.0,0.53,541.0,0.49,226.24,0.54,758.0,0.48,100.0,0.55,603.0,0.47,165.0,0.56,499.0,0.46,366.6,0.57,467.21
2026-01-07 09:04:42.235000+00:00,2026-01-07 09:04:40.202405+00:00,282.235,0.485,0.48,0.49,0.515,0.51,0.52,327.74,134.01,144.01,327.74,0.47,546.0,0.5,90.0,0.46,803.0,0.51,126.25,0.45,553.0,0.52,185.0,0.44,499.0,0.53,165.0,0.43,467.21,0.54,366.6,0.5,90.0,0.53,546.0,0.49,126.25,0.54,803.0,0.48,185.0,0.55,553.0,0.47,165.0,0.56,499.0,0.46,366.6,0.57,467.21
2026-01-07 09:04:43.667000+00:00,2026-01-07 09:04:41.206657+00:00,283.667,0.485,0.48,0.49,0.515,0.51,0.52,322.74,134.26,134.26,322.74,0.47,499.0,0.5,100.0,0.46,849.0,0.51,236.24,0.45,553.0,0.52,100.0,0.44,499.0,0.53,165.0,0.43,467.21,0.54,366.6,0.5,100.0,0.53,499.0,0.49,236.24,0.54,849.0,0.48,100.0,0.55,553.0,0.47,165.0,0.56,499.0,0.46,366.6,0.57,467.21
2026-01-07 09:04:44.669000+00:00,2026-01-07 09:04:42.213149+00:00,284.669,0.485,0.48,0.49,0.515,0.51,0.52,337.74,100.26,100.26,337.74,0.47,564.0,0.5,95.0,0.46,769.0,0.51,226.24,0.45,553.0,0.52,130.0,0.44,499.0,0.53,175.0,0.43,467.21,0.54,366.6,0.5,95.0,0.53,564.0,0.49,226.24,0.54,769.0,0.48,130.0,0.55,553.0,0.47,175.0,0.56,499.0,0.46,366.6,0.57,467.21
2026-01-07 09:04:45.395000+00:00,2026-01-07 09:04:43.218870+00:00,285.395,0.485,0.48,0.49,0.515,0.51,0.52,393.74,94.26,94.26,393.74,0.47,541.0,0.5,70.0,0.46,723.0,0.51,121.25,0.45,553.0,0.52,205.0,0.44,499.0,0.53,185.0,0.43,467.21,0.54,376.6,0.5,70.0,0.53,541.0,0.49,121.25,0.54,723.0,0.48,205.0,0.55,553.0,0.47,185.0,0.56,499.0,0.46,376.6,0.57,467.21
2026-01-07 09:04:46.723000+00:00,2026-01-07 09:04:44.223211+00:00,286.723,0.485,0.48,0.49,0.515,0.51,0.52,361.74,94.26,94.26,351.74,0.47,494.0,0.5,70.0,0.46,723.0,0.51,96.25,0.45,553.0,0.52,110.0,0.44,499.0,0.53,209.99,0.43,467.21,0.54,406.6,0.5,70.0,0.53,494.0,0.49,96.25,0.54,723.0,0.48,100.0,0.55,553.0,0.47,229.99,0.56,499.0,0.46,416.6,0.57,467.21
2026-01-07 09:04:47.752000+00:00,2026-01-07 09:04:45.245146+00:00,287.752,0.5,0.49,0.51,0.495,0.49,0.5,381.0,96.25,96.25,270.0,0.48,399.74,0.52,85.0,0.47,568.0,0.53,244.99,0.46,499.0,0.54,386.6,0.45,504.0,0.55,165.0,0.44,449.0,0.56,80.0,0.48,85.0,0.51,392.0,0.47,244.99,0.52,424.74,0.46,386.6,0.53,568.0,0.45,165.0,0.54,499.0,0.44,80.0,0.55,469.0
2026-01-07 09:04:48.604000+00:00,2026-01-07 09:04:46.250639+00:00,288.604,0.505,0.5,0.51,0.495,0.49,0.5,320.0,26.25,26.25,315.0,0.49,328.0,0.52,85.0,0.48,543.74,0.53,244.99,0.47,519.0,0.54,386.6,0.46,499.0,0.55,165.0,0.45,469.0,0.56,80.0,0.48,50.0,0.51,328.0,0.47,100.0,0.52,543.74,0.46,416.6,0.53,519.0,0.45,165.0,0.54,499.0,0.44,80.0,0.55,469.0
2026-01-07 09:04:49.755000+00:00,2026-01-07 09:04:47.258390+00:00,289.755,0.525,0.52,0.53,0.475,0.47,0.48,50.0,123.99,123.99,35.0,0.51,270.75,0.54,157.6,0.5,251.0,0.55,230.0,0.49,429.0,0.56,100.0,0.48,543.74,0.57,88.0,0.47,464.0,0.58,253.0,0.46,157.6,0.49,331.75,0.45,230.0,0.5,251.0,0.44,100.0,0.51,429.0,0.43,88.0,0.52,543.74,0.42,253.0,0.53,464.0
