timestamp,collected_at,seconds,mid,bid,ask,asset
2026-01-06 16:20:59+00:00,,359.0,3262.792,3262.62,3262.964,ETH
2026-01-06 16:21:00+00:00,,360.0,3262.062,3262.05,3262.0739999999996,ETH
2026-01-06 16:21:01+00:00,,361.0,3261.792,3261.78,3261.8039999999996,ETH
2026-01-06 16:21:02+00:00,,362.0,3261.812,3261.64,3261.984,ETH
2026-01-06 16:21:03+00:00,,363.0,3262.022,3261.87,3262.174,ETH
2026-01-06 16:21:04+00:00,,364.0,3262.022,3261.85,3262.194,ETH
2026-01-06 16:21:05+00:00,,365.0,3262.052,3261.89,3262.2140000000004,ETH
2026-01-06 16:21:06+00:00,,366.0,3261.482,3261.39,3261.574,ETH
2026-01-06 16:21:07+00:00,,367.0,3261.342,3261.17,3261.514,ETH
2026-01-06 16:21:08+00:00,,368.0,3261.202,3261.16,3261.2440000000006,ETH
2026-01-06 16:21:09+00:00,,369.0,3261.262,3261.18,3261.3440000000005,ETH
2026-01-06 16:21:10+00:00,,370.0,3261.242,3261.17,3261.3140000000003,ETH
2026-01-06 16:21:11+00:00,,371.0,3261.182,3261.16,3261.2039999999997,ETH
2026-01-06 16:21:12+00:00,,372.0,3260.532,3260.39,3260.6740000000004,ETH
2026-01-06 16:21:13+00:00,,373.0,3260.332,3260.28,3260.3839999999996,ETH
2026-01-06 16:21:14+00:00,,374.0,3260.252,3260.12,3260.384,ETH
2026-01-06 16:21:15+00:00,,375.0,3258.832,3258.66,3259.004,ETH
2026-01-06 16:21:16+00:00,,376.0,3258.852,3258.72,3258.984,ETH
2026-01-06 16:21:17+00:00,,377.0,3258.702,3258.6,3258.8040000000005,ETH
2026-01-06 16:21:11+00:00,,371.0,3261.182,3261.16,3261.2039999999997,ETH
2026-01-06 16:21:18+00:00,,378.0,3259.122,3258.95,3259.294,ETH
2026-01-06 16:21:12+00:00,,372.0,3260.532,3260.39,3260.6740000000004,ETH
2026-01-06 16:21:19+00:00,,379.0,3259.712,3259.65,3259.774,ETH
2026-01-06 16:21:20+00:00,,380.0,3259.882,3259.76,3260.004,ETH
2026-01-06 16:21:13+00:00,,373.0,3260.332,3260.28,3260.3839999999996,ETH
2026-01-06 16:21:21+00:00,,381.0,3259.872,3259.71,3260.0339999999997,ETH
2026-01-06 16:21:22+00:00,,382.0,3259.592,3259.4,3259.784,ETH
2026-01-06 16:21:23+00:00,,383.0,3259.772,3259.75,3259.794,ETH
2026-01-06 16:21:24+00:00,,384.0,3259.732,3259.6,3259.864,ETH
2026-01-06 16:21:25+00:00,,385.0,3259.622,3259.44,3259.8039999999996,ETH
2026-01-06 16:21:26+00:00,,386.0,3259.572,3259.52,3259.6240000000003,ETH
2026-01-06 16:21:27+00:00,,387.0,3259.072,3259.0,3259.1440000000002,ETH
2026-01-06 16:21:28+00:00,,388.0,3258.572,3258.48,3258.664,ETH
2026-01-06 16:21:14+00:00,,374.0,3259.542,3259.39,3259.694,ETH
2026-01-06 16:21:29+00:00,,389.0,3258.222,3258.1,3258.3440000000005,ETH
2026-01-06 16:21:30+00:00,,390.0,3258.212,3258.15,3258.274,ETH
2026-01-06 16:21:15+00:00,,375.0,3259.422,3259.3,3259.544,ETH
2026-01-06 16:21:16+00:00,,376.0,3259.612,3259.5,3259.724,ETH
2026-01-06 16:21:17+00:00,,377.0,3259.292,3259.25,3259.334,ETH
2026-01-06 16:21:31+00:00,,391.0,3258.432,3258.31,3258.5539999999996,ETH
2026-01-06 16:21:32+00:00,,392.0,3258.432,3258.32,3258.5439999999994,ETH
2026-01-06 16:21:18+00:00,,378.0,3259.072,3259.0,3259.1440000000002,ETH
2026-01-06 16:21:33+00:00,,393.0,3258.422,3258.32,3258.524,ETH
2026-01-06 16:21:19+00:00,,379.0,3258.572,3258.48,3258.664,ETH
2026-01-06 16:21:34+00:00,,394.0,3258.542,3258.47,3258.614,ETH
2026-01-06 16:21:20+00:00,,380.0,3258.222,3258.1,3258.3440000000005,ETH
2026-01-06 16:21:35+00:00,,395.0,3258.702,3258.68,3258.7240000000006,ETH
2026-01-06 16:21:21+00:00,,381.0,3258.152,3258.09,3258.214,ETH
2026-01-06 16:21:36+00:00,,396.0,3258.972,3258.84,3259.1040000000003,ETH
2026-01-06 16:21:22+00:00,,382.0,3258.332,3258.25,3258.4139999999998,ETH
2026-01-06 16:21:37+00:00,,397.0,3258.552,3258.53,3258.574,ETH
2026-01-06 16:21:23+00:00,,383.0,3258.442,3258.33,3258.554,ETH
2026-01-06 16:21:38+00:00,,398.0,3258.642,3258.53,3258.7539999999995,ETH
2026-01-06 16:21:24+00:00,,384.0,3258.432,3258.31,3258.5539999999996,ETH
2026-01-06 16:21:39+00:00,,399.0,3258.762,3258.64,3258.8840000000005,ETH
2026-01-06 16:21:25+00:00,,385.0,3258.422,3258.32,3258.524,ETH
2026-01-06 16:21:40+00:00,,400.0,3258.902,3258.82,3258.984,ETH
2026-01-06 16:21:41+00:00,,401.0,3259.022,3258.9,3259.144,ETH
2026-01-06 16:21:42+00:00,,402.0,3259.092,3258.95,3259.2340000000004,ETH
2026-01-06 16:21:43+00:00,,403.0,3259.272,3259.08,3259.464,ETH
2026-01-06 16:21:44+00:00,,404.0,3259.442,3259.28,3259.604,ETH
2026-01-06 16:21:45+00:00,,405.0,3259.572,3259.41,3259.7340000000004,ETH
2026-01-06 16:21:46+00:00,,406.0,3259.652,3259.51,3259.794,ETH
2026-01-06 16:21:47+00:00,,407.0,3259.722,3259.6,3259.8440000000005,ETH
2026-01-06 16:21:48+00:00,,408.0,3259.832,3259.7,3259.964,ETH
2026-01-06 16:21:49+00:00,,409.0,3259.812,3259.76,3259.8639999999996,ETH
2026-01-06 16:21:50+00:00,,410.0,3259.672,3259.62,3259.724,ETH
2026-01-06 16:21:51+00:00,,411.0,3259.572,3259.49,3259.6540000000005,ETH
2026-01-06 16:21:52+00:00,,412.0,3259.812,3259.71,3259.9139999999998,ETH
2026-01-06 16:21:53+00:00,,413.0,3260.772,3260.65,3260.894,ETH
2026-01-06 16:21:54+00:00,,414.0,3261.032,3260.92,3261.1440000000002,ETH
2026-01-06 16:21:55+00:00,,415.0,3261.182,3261.05,3261.3139999999994,ETH
2026-01-06 16:21:56+00:00,,416.0,3261.452,3261.31,3261.5940000000005,ETH
2026-01-06 16:23:00+00:00,,480.0,3261.752,3261.66,3261.844,ETH
2026-01-06 16:21:57+00:00,,417.0,3261.782,3261.63,3261.934,ETH
2026-01-06 16:23:01+00:00,,481.0,3262.122,3261.95,3262.294,ETH
2026-01-06 16:21:58+00:00,,418.0,3261.852,3261.72,3261.984,ETH
2026-01-06 16:23:02+00:00,,482.0,3262.492,3262.31,3262.6740000000004,ETH
2026-01-06 16:21:59+00:00,,419.0,3261.812,3261.7,3261.924,ETH
2026-01-06 16:23:03+00:00,,483.0,3262.662,3262.58,3262.7439999999997,ETH
2026-01-06 16:22:00+00:00,,420.0,3261.652,3261.58,3261.724,ETH
2026-01-06 16:23:04+00:00,,484.0,3262.862,3262.8,3262.924,ETH
2026-01-06 16:22:01+00:00,,421.0,3261.862,3261.73,3261.994,ETH
2026-01-06 16:23:05+00:00,,485.0,3263.062,3262.88,3263.2439999999997,ETH
2026-01-06 16:22:02+00:00,,422.0,3262.392,3262.16,3262.624,ETH
2026-01-06 16:23:06+00:00,,486.0,3263.142,3262.99,3263.294,ETH
2026-01-06 16:22:03+00:00,,423.0,3262.582,3262.46,3262.7039999999997,ETH
2026-01-06 16:23:07+00:00,,487.0,3263.332,3263.28,3263.3839999999996,ETH
2026-01-06 16:22:04+00:00,,424.0,3262.742,3262.71,3262.7740000000003,ETH
2026-01-06 16:23:08+00:00,,488.0,3263.522,3263.49,3263.554,ETH
2026-01-06 16:22:05+00:00,,425.0,3262.982,3262.89,3263.074,ETH
2026-01-06 16:23:09+00:00,,489.0,3263.692,3263.64,3263.744,ETH
2026-01-06 16:22:06+00:00,,426.0,3263.152,3262.87,3263.434,ETH
2026-01-06 16:23:10+00:00,,490.0,3263.712,3263.67,3263.754,ETH
2026-01-06 16:22:07+00:00,,427.0,3263.142,3263.1,3263.1839999999997,ETH
2026-01-06 16:23:11+00:00,,491.0,3263.482,3263.4,3263.564,ETH
2026-01-06 16:22:08+00:00,,428.0,3263.512,3263.46,3263.5640000000003,ETH
2026-01-06 16:23:12+00:00,,492.0,3263.442,3263.36,3263.524,ETH
2026-01-06 16:22:09+00:00,,429.0,3263.532,3263.51,3263.554,ETH
2026-01-06 16:23:13+00:00,,493.0,3263.672,3263.58,3263.764,ETH
2026-01-06 16:22:10+00:00,,430.0,3263.692,3263.64,3263.744,ETH
2026-01-06 16:23:14+00:00,,494.0,3264.082,3263.93,3264.234,ETH
2026-01-06 16:22:11+00:00,,431.0,3263.712,3263.67,3263.754,ETH
2026-01-06 16:23:15+00:00,,495.0,3264.412,3264.34,3264.4839999999995,ETH
2026-01-06 16:22:12+00:00,,432.0,3263.482,3263.4,3263.564,ETH
2026-01-06 16:23:16+00:00,,496.0,3264.682,3264.49,3264.874,ETH
2026-01-06 16:22:13+00:00,,433.0,3263.442,3263.36,3263.524,ETH
2026-01-06 16:23:17+00:00,,497.0,3265.032,3264.97,3265.0940000000005,ETH
2026-01-06 16:22:14+00:00,,434.0,3263.672,3263.58,3263.764,ETH
2026-01-06 16:23:18+00:00,,498.0,3264.752,3264.61,3264.894,ETH
2026-01-06 16:22:15+00:00,,435.0,3264.082,3263.93,3264.234,ETH
2026-01-06 16:23:19+00:00,,499.0,3264.612,3264.48,3264.744,ETH
2026-01-06 16:22:16+00:00,,436.0,3264.552,3264.42,3264.684,ETH
2026-01-06 16:23:20+00:00,,500.0,3264.612,3264.51,3264.714,ETH
2026-01-06 16:22:17+00:00,,437.0,3264.682,3264.49,3264.874,ETH
2026-01-06 16:23:21+00:00,,501.0,3264.552,3264.5,3264.6040000000003,ETH
2026-01-06 16:22:18+00:00,,438.0,3265.032,3264.97,3265.0940000000005,ETH
2026-01-06 16:23:22+00:00,,502.0,3264.502,3264.46,3264.544,ETH
2026-01-06 16:22:19+00:00,,439.0,3264.752,3264.61,3264.894,ETH
2026-01-06 16:23:23+00:00,,503.0,3264.412,3264.21,3264.6139999999996,ETH
2026-01-06 16:22:20+00:00,,440.0,3264.612,3264.48,3264.744,ETH
2026-01-06 16:23:24+00:00,,504.0,3264.172,3263.97,3264.3740000000003,ETH
2026-01-06 16:22:21+00:00,,441.0,3264.582,3264.5,3264.6639999999998,ETH
2026-01-06 16:23:25+00:00,,505.0,3264.462,3264.32,3264.604,ETH
2026-01-06 16:22:22+00:00,,442.0,3264.552,3264.5,3264.6040000000003,ETH
2026-01-06 16:23:26+00:00,,506.0,3264.492,3264.36,3264.6240000000003,ETH
2026-01-06 16:22:23+00:00,,443.0,3264.502,3264.46,3264.544,ETH
2026-01-06 16:23:27+00:00,,507.0,3264.372,3264.31,3264.4339999999997,ETH
2026-01-06 16:22:24+00:00,,444.0,3264.412,3264.21,3264.6139999999996,ETH
2026-01-06 16:23:28+00:00,,508.0,3264.202,3264.1,3264.3040000000005,ETH
2026-01-06 16:22:25+00:00,,445.0,3264.172,3263.97,3264.3740000000003,ETH
2026-01-06 16:23:29+00:00,,509.0,3264.252,3264.24,3264.264,ETH
2026-01-06 16:22:26+00:00,,446.0,3264.462,3264.32,3264.604,ETH
2026-01-06 16:23:30+00:00,,510.0,3264.282,3264.27,3264.2940000000003,ETH
2026-01-06 16:22:27+00:00,,447.0,3264.522,3264.41,3264.634,ETH
2026-01-06 16:23:31+00:00,,511.0,3264.302,3264.28,3264.324,ETH
2026-01-06 16:22:28+00:00,,448.0,3264.372,3264.31,3264.4339999999997,ETH
2026-01-06 16:23:32+00:00,,512.0,3264.302,3264.28,3264.324,ETH
2026-01-06 16:22:29+00:00,,449.0,3264.202,3264.1,3264.3040000000005,ETH
2026-01-06 16:23:33+00:00,,513.0,3264.232,3264.14,3264.324,ETH
2026-01-06 16:22:30+00:00,,450.0,3264.252,3264.24,3264.264,ETH
2026-01-06 16:23:34+00:00,,514.0,3263.762,3263.74,3263.7840000000006,ETH
2026-01-06 16:22:31+00:00,,451.0,3264.282,3264.27,3264.2940000000003,ETH
2026-01-06 16:23:35+00:00,,515.0,3263.572,3263.56,3263.5840000000003,ETH
2026-01-06 16:22:32+00:00,,452.0,3264.302,3264.28,3264.324,ETH
2026-01-06 16:23:36+00:00,,516.0,3263.472,3263.46,3263.4840000000004,ETH
2026-01-06 16:22:33+00:00,,453.0,3264.302,3264.28,3264.324,ETH
2026-01-06 16:23:37+00:00,,517.0,3263.442,3263.43,3263.454,ETH
2026-01-06 16:22:34+00:00,,454.0,3264.232,3264.14,3264.324,ETH
2026-01-06 16:23:38+00:00,,518.0,3263.442,3263.43,3263.454,ETH
2026-01-06 16:22:35+00:00,,455.0,3263.762,3263.74,3263.7840000000006,ETH
2026-01-06 16:23:39+00:00,,519.0,3263.272,3263.26,3263.2839999999997,ETH
2026-01-06 16:22:36+00:00,,456.0,3263.572,3263.56,3263.5840000000003,ETH
2026-01-06 16:23:40+00:00,,520.0,3263.182,3263.1,3263.2639999999997,ETH
2026-01-06 16:22:37+00:00,,457.0,3263.472,3263.46,3263.4840000000004,ETH
2026-01-06 16:23:41+00:00,,521.0,3262.482,3262.43,3262.534,ETH
2026-01-06 16:22:38+00:00,,458.0,3263.442,3263.43,3263.454,ETH
2026-01-06 16:23:42+00:00,,522.0,3262.482,3262.43,3262.534,ETH
2026-01-06 16:22:39+00:00,,459.0,3263.442,3263.43,3263.454,ETH
2026-01-06 16:23:43+00:00,,523.0,3262.472,3262.44,3262.5040000000004,ETH
2026-01-06 16:22:40+00:00,,460.0,3263.272,3263.26,3263.2839999999997,ETH
2026-01-06 16:23:44+00:00,,524.0,3262.532,3262.42,3262.6440000000002,ETH
2026-01-06 16:22:41+00:00,,461.0,3263.182,3263.1,3263.2639999999997,ETH
2026-01-06 16:23:45+00:00,,525.0,3262.632,3262.52,3262.744,ETH
2026-01-06 16:22:42+00:00,,462.0,3262.482,3262.43,3262.534,ETH
2026-01-06 16:23:46+00:00,,526.0,3262.672,3262.56,3262.784,ETH
2026-01-06 16:22:43+00:00,,463.0,3262.482,3262.43,3262.534,ETH
2026-01-06 16:23:47+00:00,,527.0,3262.642,3262.51,3262.7739999999994,ETH
2026-01-06 16:22:44+00:00,,464.0,3262.472,3262.44,3262.5040000000004,ETH
2026-01-06 16:23:48+00:00,,528.0,3262.582,3262.51,3262.6539999999995,ETH
2026-01-06 16:22:45+00:00,,465.0,3262.532,3262.42,3262.6440000000002,ETH
2026-01-06 16:23:49+00:00,,529.0,3262.892,3262.7,3263.084,ETH
2026-01-06 16:22:46+00:00,,466.0,3262.632,3262.52,3262.744,ETH
2026-01-06 16:23:50+00:00,,530.0,3262.672,3262.64,3262.704,ETH
2026-01-06 16:23:51+00:00,,531.0,3262.602,3262.54,3262.6639999999998,ETH
2026-01-06 16:22:47+00:00,,467.0,3262.662,3262.54,3262.7839999999997,ETH
2026-01-06 16:23:52+00:00,,532.0,3262.672,3262.57,3262.774,ETH
2026-01-06 16:22:48+00:00,,468.0,3262.612,3262.51,3262.714,ETH
2026-01-06 16:23:53+00:00,,533.0,3262.482,3262.36,3262.604,ETH
2026-01-06 16:22:49+00:00,,469.0,3262.732,3262.61,3262.854,ETH
2026-01-06 16:23:54+00:00,,534.0,3262.452,3262.37,3262.5340000000006,ETH
2026-01-06 16:22:50+00:00,,470.0,3262.782,3262.67,3262.8940000000002,ETH
2026-01-06 16:23:55+00:00,,535.0,3262.412,3262.37,3262.4539999999997,ETH
2026-01-06 16:22:51+00:00,,471.0,3262.632,3262.59,3262.674,ETH
2026-01-06 16:23:56+00:00,,536.0,3262.382,3262.37,3262.3940000000002,ETH
2026-01-06 16:22:52+00:00,,472.0,3262.632,3262.56,3262.704,ETH
2026-01-06 16:23:57+00:00,,537.0,3262.402,3262.37,3262.434,ETH
2026-01-06 16:22:53+00:00,,473.0,3262.582,3262.47,3262.694,ETH
2026-01-06 16:23:58+00:00,,538.0,3262.712,3262.64,3262.784,ETH
2026-01-06 16:22:54+00:00,,474.0,3262.462,3262.36,3262.564,ETH
2026-01-06 16:22:55+00:00,,475.0,3262.432,3262.37,3262.4939999999997,ETH
2026-01-06 16:22:56+00:00,,476.0,3262.402,3262.37,3262.434,ETH
2026-01-06 16:22:57+00:00,,477.0,3262.392,3262.37,3262.4139999999998,ETH
2026-01-06 16:22:58+00:00,,478.0,3262.552,3262.5,3262.6040000000003,ETH
2026-01-06 16:22:59+00:00,,479.0,3262.872,3262.82,3262.9239999999995,ETH
2026-01-06 16:23:00+00:00,,480.0,3263.152,3263.05,3263.254,ETH
2026-01-06 16:23:01+00:00,,481.0,3263.632,3263.4,3263.864,ETH
2026-01-06 16:23:02+00:00,,482.0,3264.082,3263.93,3264.234,ETH
2026-01-06 16:23:03+00:00,,483.0,3264.552,3264.43,3264.6740000000004,ETH
2026-01-06 16:23:04+00:00,,484.0,3264.932,3264.74,3265.124,ETH
2026-01-06 16:23:05+00:00,,485.0,3264.922,3264.79,3265.054,ETH
2026-01-06 16:23:06+00:00,,486.0,3264.922,3264.81,3265.034,ETH
2026-01-06 16:23:07+00:00,,487.0,3264.992,3264.84,3265.1440000000002,ETH
2026-01-06 16:23:08+00:00,,488.0,3265.142,3264.96,3265.3239999999996,ETH
2026-01-06 16:23:09+00:00,,489.0,3265.242,3265.06,3265.4240000000004,ETH
2026-01-06 16:23:10+00:00,,490.0,3265.262,3265.05,3265.474,ETH
2026-01-06 16:23:11+00:00,,491.0,3265.062,3265.0,3265.124,ETH
2026-01-06 16:23:12+00:00,,492.0,3264.592,3264.51,3264.674,ETH
2026-01-06 16:23:13+00:00,,493.0,3264.712,3264.47,3264.954,ETH
2026-01-06 16:23:14+00:00,,494.0,3264.502,3264.47,3264.534,ETH
2026-01-06 16:23:15+00:00,,495.0,3264.342,3264.3,3264.384,ETH
2026-01-06 16:23:16+00:00,,496.0,3264.232,3264.21,3264.254,ETH
2026-01-06 16:23:17+00:00,,497.0,3264.422,3264.35,3264.494,ETH
2026-01-06 16:23:18+00:00,,498.0,3264.652,3264.57,3264.734,ETH
2026-01-06 16:23:19+00:00,,499.0,3264.802,3264.75,3264.8540000000003,ETH
2026-01-06 16:23:20+00:00,,500.0,3264.932,3264.89,3264.9739999999997,ETH
2026-01-06 16:23:21+00:00,,501.0,3264.932,3264.88,3264.9839999999995,ETH
2026-01-06 16:23:22+00:00,,502.0,3264.932,3264.82,3265.0439999999994,ETH
2026-01-06 16:23:23+00:00,,503.0,3264.962,3264.84,3265.084,ETH
2026-01-06 16:23:24+00:00,,504.0,3265.072,3264.94,3265.204,ETH
2026-01-06 16:23:25+00:00,,505.0,3265.092,3264.99,3265.1940000000004,ETH
2026-01-06 16:23:26+00:00,,506.0,3265.172,3265.07,3265.274,ETH
2026-01-06 16:23:27+00:00,,507.0,3265.682,3265.56,3265.8039999999996,ETH
2026-01-06 16:23:28+00:00,,508.0,3266.082,3266.02,3266.144,ETH
2026-01-06 16:23:29+00:00,,509.0,3266.162,3266.08,3266.2439999999997,ETH
2026-01-06 16:23:30+00:00,,510.0,3266.202,3266.06,3266.3440000000005,ETH
2026-01-06 16:23:31+00:00,,511.0,3266.272,3266.02,3266.524,ETH
2026-01-06 16:23:32+00:00,,512.0,3266.372,3266.07,3266.6739999999995,ETH
2026-01-06 16:23:33+00:00,,513.0,3266.192,3266.11,3266.274,ETH
2026-01-06 16:23:34+00:00,,514.0,3266.172,3266.11,3266.234,ETH
2026-01-06 16:23:35+00:00,,515.0,3266.042,3266.04,3266.044,ETH
2026-01-06 16:23:36+00:00,,516.0,3265.642,3265.44,3265.8439999999996,ETH
2026-01-06 16:23:37+00:00,,517.0,3265.242,3265.22,3265.2640000000006,ETH
2026-01-06 16:23:38+00:00,,518.0,3265.252,3265.22,3265.284,ETH
2026-01-06 16:23:39+00:00,,519.0,3265.562,3265.38,3265.7439999999997,ETH
2026-01-06 16:23:40+00:00,,520.0,3265.252,3265.19,3265.314,ETH
2026-01-06 16:23:41+00:00,,521.0,3265.102,3265.05,3265.1539999999995,ETH
2026-01-06 16:23:42+00:00,,522.0,3265.222,3265.1,3265.3440000000005,ETH
2026-01-06 16:23:43+00:00,,523.0,3264.822,3264.78,3264.864,ETH
2026-01-06 16:23:44+00:00,,524.0,3264.602,3264.56,3264.644,ETH
2026-01-06 16:23:45+00:00,,525.0,3264.692,3264.58,3264.804,ETH
2026-01-06 16:23:46+00:00,,526.0,3264.682,3264.63,3264.7339999999995,ETH
2026-01-06 16:23:47+00:00,,527.0,3264.852,3264.66,3265.044,ETH
2026-01-06 16:23:48+00:00,,528.0,3264.592,3264.58,3264.6040000000003,ETH
2026-01-06 16:23:49+00:00,,529.0,3264.472,3264.34,3264.6040000000003,ETH
2026-01-06 16:23:50+00:00,,530.0,3264.422,3264.37,3264.474,ETH
2026-01-06 16:23:51+00:00,,531.0,3264.192,3264.18,3264.204,ETH
2026-01-06 16:23:52+00:00,,532.0,3264.192,3264.18,3264.204,ETH
2026-01-06 16:23:53+00:00,,533.0,3264.162,3264.15,3264.1739999999995,ETH
2026-01-06 16:23:54+00:00,,534.0,3263.992,3263.88,3264.1040000000003,ETH
2026-01-06 16:23:59+00:00,,539.0,3263.302,3263.24,3263.3640000000005,ETH
2026-01-06 16:23:55+00:00,,535.0,3263.822,3263.77,3263.8740000000003,ETH
2026-01-06 16:24:00+00:00,,540.0,3263.302,3263.22,3263.3840000000005,ETH
2026-01-06 16:23:56+00:00,,536.0,3263.862,3263.82,3263.904,ETH
2026-01-06 16:24:01+00:00,,541.0,3263.452,3263.25,3263.6540000000005,ETH
2026-01-06 16:23:57+00:00,,537.0,3263.552,3263.53,3263.574,ETH
2026-01-06 16:24:02+00:00,,542.0,3263.602,3263.3,3263.9039999999995,ETH
2026-01-06 16:23:58+00:00,,538.0,3263.462,3263.39,3263.534,ETH
2026-01-06 16:24:03+00:00,,543.0,3263.712,3263.59,3263.834,ETH
2026-01-06 16:23:59+00:00,,539.0,3263.332,3263.26,3263.4039999999995,ETH
2026-01-06 16:24:04+00:00,,544.0,3263.872,3263.66,3264.084,ETH
2026-01-06 16:24:00+00:00,,540.0,3263.302,3263.24,3263.3640000000005,ETH
2026-01-06 16:24:05+00:00,,545.0,3263.852,3263.66,3264.044,ETH
2026-01-06 16:24:01+00:00,,541.0,3263.302,3263.22,3263.3840000000005,ETH
2026-01-06 16:24:06+00:00,,546.0,3263.792,3263.66,3263.924,ETH
2026-01-06 16:24:02+00:00,,542.0,3263.452,3263.25,3263.6540000000005,ETH
2026-01-06 16:24:07+00:00,,547.0,3263.872,3263.66,3264.084,ETH
2026-01-06 16:24:03+00:00,,543.0,3263.662,3263.44,3263.8839999999996,ETH
2026-01-06 16:24:08+00:00,,548.0,3263.862,3263.65,3264.074,ETH
2026-01-06 16:24:04+00:00,,544.0,3263.792,3263.63,3263.9539999999997,ETH
2026-01-06 16:24:09+00:00,,549.0,3263.552,3263.4,3263.704,ETH
2026-01-06 16:24:05+00:00,,545.0,3263.862,3263.66,3264.0640000000003,ETH
2026-01-06 16:24:10+00:00,,550.0,3263.282,3263.25,3263.3140000000003,ETH
2026-01-06 16:24:06+00:00,,546.0,3263.822,3263.66,3263.9840000000004,ETH
2026-01-06 16:24:11+00:00,,551.0,3263.652,3263.44,3263.864,ETH
2026-01-06 16:24:07+00:00,,547.0,3263.832,3263.66,3264.004,ETH
2026-01-06 16:24:12+00:00,,552.0,3263.912,3263.7,3264.124,ETH
2026-01-06 16:24:08+00:00,,548.0,3263.862,3263.65,3264.074,ETH
2026-01-06 16:24:13+00:00,,553.0,3263.912,3263.7,3264.124,ETH
2026-01-06 16:24:09+00:00,,549.0,3263.552,3263.4,3263.704,ETH
2026-01-06 16:24:14+00:00,,554.0,3263.912,3263.7,3264.124,ETH
2026-01-06 16:24:10+00:00,,550.0,3263.282,3263.25,3263.3140000000003,ETH
2026-01-06 16:24:15+00:00,,555.0,3263.912,3263.71,3264.1139999999996,ETH
2026-01-06 16:24:11+00:00,,551.0,3263.652,3263.44,3263.864,ETH
2026-01-06 16:24:16+00:00,,556.0,3263.842,3263.71,3263.974,ETH
2026-01-06 16:24:12+00:00,,552.0,3263.912,3263.7,3264.124,ETH
2026-01-06 16:24:17+00:00,,557.0,3263.372,3263.22,3263.524,ETH
2026-01-06 16:24:13+00:00,,553.0,3263.912,3263.7,3264.124,ETH
2026-01-06 16:24:18+00:00,,558.0,3262.932,3262.89,3262.9739999999997,ETH
2026-01-06 16:24:14+00:00,,554.0,3263.912,3263.7,3264.124,ETH
2026-01-06 16:24:19+00:00,,559.0,3262.712,3262.69,3262.734,ETH
2026-01-06 16:24:15+00:00,,555.0,3263.912,3263.71,3264.1139999999996,ETH
2026-01-06 16:24:20+00:00,,560.0,3262.692,3262.67,3262.714,ETH
2026-01-06 16:24:16+00:00,,556.0,3263.842,3263.71,3263.974,ETH
2026-01-06 16:24:21+00:00,,561.0,3262.422,3262.3,3262.544,ETH
2026-01-06 16:24:17+00:00,,557.0,3263.372,3263.22,3263.524,ETH
2026-01-06 16:24:22+00:00,,562.0,3261.822,3261.7,3261.9440000000004,ETH
2026-01-06 16:24:18+00:00,,558.0,3263.122,3263.06,3263.1839999999997,ETH
2026-01-06 16:24:23+00:00,,563.0,3261.412,3261.38,3261.4439999999995,ETH
2026-01-06 16:24:19+00:00,,559.0,3262.732,3262.72,3262.744,ETH
2026-01-06 16:24:24+00:00,,564.0,3261.342,3261.32,3261.364,ETH
2026-01-06 16:24:20+00:00,,560.0,3262.682,3262.67,3262.6939999999995,ETH
2026-01-06 16:24:25+00:00,,565.0,3261.202,3261.17,3261.2340000000004,ETH
2026-01-06 16:24:21+00:00,,561.0,3262.702,3262.66,3262.7440000000006,ETH
2026-01-06 16:24:26+00:00,,566.0,3260.832,3260.8,3260.8639999999996,ETH
2026-01-06 16:24:22+00:00,,562.0,3262.422,3262.3,3262.544,ETH
2026-01-06 16:24:27+00:00,,567.0,3260.602,3260.59,3260.6139999999996,ETH
2026-01-06 16:24:23+00:00,,563.0,3261.822,3261.7,3261.9440000000004,ETH
2026-01-06 16:24:28+00:00,,568.0,3260.412,3260.39,3260.4339999999997,ETH
2026-01-06 16:24:24+00:00,,564.0,3261.412,3261.38,3261.4439999999995,ETH
2026-01-06 16:24:29+00:00,,569.0,3260.212,3260.13,3260.294,ETH
2026-01-06 16:24:25+00:00,,565.0,3261.342,3261.32,3261.364,ETH
2026-01-06 16:24:30+00:00,,570.0,3259.822,3259.15,3260.494,ETH
2026-01-06 16:24:26+00:00,,566.0,3261.202,3261.17,3261.2340000000004,ETH
2026-01-06 16:24:31+00:00,,571.0,3258.712,3258.64,3258.784,ETH
2026-01-06 16:24:27+00:00,,567.0,3260.832,3260.8,3260.8639999999996,ETH
2026-01-06 16:24:32+00:00,,572.0,3258.142,3258.08,3258.2039999999997,ETH
2026-01-06 16:24:28+00:00,,568.0,3260.512,3260.49,3260.5340000000006,ETH
2026-01-06 16:24:33+00:00,,573.0,3257.192,3257.1,3257.284,ETH
2026-01-06 16:24:29+00:00,,569.0,3260.312,3260.26,3260.3639999999996,ETH
2026-01-06 16:24:34+00:00,,574.0,3255.372,3255.13,3255.6139999999996,ETH
2026-01-06 16:24:30+00:00,,570.0,3260.012,3259.64,3260.3840000000005,ETH
2026-01-06 16:24:35+00:00,,575.0,3254.322,3254.06,3254.5840000000003,ETH
2026-01-06 16:24:31+00:00,,571.0,3259.442,3259.09,3259.794,ETH
2026-01-06 16:24:36+00:00,,576.0,3254.342,3254.22,3254.4640000000004,ETH
2026-01-06 16:24:32+00:00,,572.0,3258.712,3258.64,3258.784,ETH
2026-01-06 16:24:37+00:00,,577.0,3254.252,3254.09,3254.4139999999998,ETH
2026-01-06 16:24:38+00:00,,578.0,3253.582,3253.33,3253.834,ETH
2026-01-06 16:24:33+00:00,,573.0,3257.192,3257.1,3257.284,ETH
2026-01-06 16:24:39+00:00,,579.0,3253.502,3253.31,3253.694,ETH
2026-01-06 16:24:34+00:00,,574.0,3255.372,3255.13,3255.6139999999996,ETH
2026-01-06 16:24:40+00:00,,580.0,3254.032,3253.9,3254.164,ETH
2026-01-06 16:24:35+00:00,,575.0,3254.322,3254.06,3254.5840000000003,ETH
2026-01-06 16:24:41+00:00,,581.0,3253.872,3253.73,3254.0139999999997,ETH
2026-01-06 16:24:36+00:00,,576.0,3254.342,3254.22,3254.4640000000004,ETH
2026-01-06 16:24:42+00:00,,582.0,3253.372,3253.22,3253.524,ETH
2026-01-06 16:24:37+00:00,,577.0,3254.252,3254.09,3254.4139999999998,ETH
2026-01-06 16:24:43+00:00,,583.0,3252.932,3252.78,3253.0839999999994,ETH
2026-01-06 16:24:38+00:00,,578.0,3253.582,3253.33,3253.834,ETH
2026-01-06 16:24:44+00:00,,584.0,3252.832,3252.66,3253.004,ETH
2026-01-06 16:24:39+00:00,,579.0,3253.502,3253.31,3253.694,ETH
2026-01-06 16:24:45+00:00,,585.0,3253.202,3253.1,3253.3040000000005,ETH
2026-01-06 16:24:40+00:00,,580.0,3254.032,3253.9,3254.164,ETH
2026-01-06 16:24:46+00:00,,586.0,3253.822,3253.76,3253.884,ETH
2026-01-06 16:24:41+00:00,,581.0,3253.872,3253.73,3254.0139999999997,ETH
2026-01-06 16:24:47+00:00,,587.0,3254.092,3254.03,3254.154,ETH
2026-01-06 16:24:42+00:00,,582.0,3253.372,3253.22,3253.524,ETH
2026-01-06 16:24:48+00:00,,588.0,3254.082,3254.06,3254.104,ETH
2026-01-06 16:24:43+00:00,,583.0,3252.932,3252.78,3253.0839999999994,ETH
2026-01-06 16:24:49+00:00,,589.0,3254.142,3254.0,3254.2839999999997,ETH
2026-01-06 16:24:44+00:00,,584.0,3252.832,3252.66,3253.004,ETH
2026-01-06 16:24:50+00:00,,590.0,3254.232,3254.07,3254.394,ETH
2026-01-06 16:24:45+00:00,,585.0,3253.202,3253.1,3253.3040000000005,ETH
2026-01-06 16:24:51+00:00,,591.0,3254.252,3254.23,3254.274,ETH
2026-01-06 16:24:46+00:00,,586.0,3253.822,3253.76,3253.884,ETH
2026-01-06 16:24:52+00:00,,592.0,3254.332,3254.2,3254.464,ETH
2026-01-06 16:24:47+00:00,,587.0,3254.092,3254.03,3254.154,ETH
2026-01-06 16:24:53+00:00,,593.0,3254.842,3254.71,3254.974,ETH
2026-01-06 16:24:48+00:00,,588.0,3254.082,3254.06,3254.104,ETH
2026-01-06 16:24:54+00:00,,594.0,3254.522,3254.37,3254.674,ETH
2026-01-06 16:24:49+00:00,,589.0,3254.142,3254.0,3254.2839999999997,ETH
2026-01-06 16:24:55+00:00,,595.0,3254.522,3254.43,3254.614,ETH
2026-01-06 16:24:50+00:00,,590.0,3254.232,3254.07,3254.394,ETH
2026-01-06 16:24:56+00:00,,596.0,3255.032,3254.9,3255.164,ETH
2026-01-06 16:24:51+00:00,,591.0,3254.292,3254.21,3254.374,ETH
2026-01-06 16:24:57+00:00,,597.0,3255.922,3255.77,3256.074,ETH
2026-01-06 16:24:52+00:00,,592.0,3254.582,3254.45,3254.714,ETH
2026-01-06 16:24:58+00:00,,598.0,3256.212,3256.03,3256.394,ETH
2026-01-06 16:24:53+00:00,,593.0,3254.682,3254.54,3254.8239999999996,ETH
2026-01-06 16:24:59+00:00,,599.0,3256.092,3255.96,3256.224,ETH
2026-01-06 16:24:54+00:00,,594.0,3254.522,3254.4,3254.644,ETH
2026-01-06 16:25:00+00:00,,600.0,3255.852,3255.82,3255.8839999999996,ETH
2026-01-06 16:24:55+00:00,,595.0,3254.772,3254.67,3254.874,ETH
2026-01-06 16:25:01+00:00,,601.0,3255.572,3255.4,3255.744,ETH
2026-01-06 16:24:56+00:00,,596.0,3255.472,3255.33,3255.6140000000005,ETH
2026-01-06 16:25:02+00:00,,602.0,3254.832,3254.32,3255.3439999999996,ETH
2026-01-06 16:24:57+00:00,,597.0,3256.062,3255.9,3256.2239999999997,ETH
2026-01-06 16:25:03+00:00,,603.0,3254.112,3254.01,3254.214,ETH
2026-01-06 16:24:58+00:00,,598.0,3256.152,3256.0,3256.304,ETH
2026-01-06 16:25:04+00:00,,604.0,3253.912,3253.87,3253.9539999999997,ETH
2026-01-06 16:24:59+00:00,,599.0,3255.972,3255.89,3256.0540000000005,ETH
2026-01-06 16:25:05+00:00,,605.0,3252.642,3252.61,3252.6739999999995,ETH
2026-01-06 16:25:00+00:00,,600.0,3255.712,3255.61,3255.814,ETH
2026-01-06 16:25:06+00:00,,606.0,3252.552,3252.4,3252.704,ETH
2026-01-06 16:25:01+00:00,,601.0,3255.202,3254.86,3255.5440000000003,ETH
2026-01-06 16:25:07+00:00,,607.0,3252.192,3251.73,3252.654,ETH
2026-01-06 16:25:02+00:00,,602.0,3254.472,3254.16,3254.7840000000006,ETH
2026-01-06 16:25:08+00:00,,608.0,3252.192,3252.0,3252.384,ETH
2026-01-06 16:25:03+00:00,,603.0,3254.012,3253.94,3254.0840000000003,ETH
2026-01-06 16:25:09+00:00,,609.0,3252.382,3252.09,3252.674,ETH
2026-01-06 16:25:04+00:00,,604.0,3253.282,3253.24,3253.3240000000005,ETH
2026-01-06 16:25:10+00:00,,610.0,3252.272,3252.09,3252.4539999999997,ETH
2026-01-06 16:25:05+00:00,,605.0,3252.602,3252.5,3252.7039999999997,ETH
2026-01-06 16:25:11+00:00,,611.0,3251.532,3251.21,3251.8540000000003,ETH
2026-01-06 16:25:06+00:00,,606.0,3252.372,3252.06,3252.6839999999997,ETH
2026-01-06 16:25:12+00:00,,612.0,3251.472,3251.32,3251.6240000000003,ETH
2026-01-06 16:25:07+00:00,,607.0,3252.192,3251.86,3252.524,ETH
2026-01-06 16:25:13+00:00,,613.0,3251.302,3251.17,3251.434,ETH
2026-01-06 16:25:08+00:00,,608.0,3252.292,3252.04,3252.544,ETH
2026-01-06 16:25:14+00:00,,614.0,3251.162,3251.14,3251.1839999999997,ETH
2026-01-06 16:25:09+00:00,,609.0,3252.332,3252.09,3252.5739999999996,ETH
2026-01-06 16:25:15+00:00,,615.0,3251.362,3251.12,3251.6040000000003,ETH
2026-01-06 16:25:10+00:00,,610.0,3251.902,3251.65,3252.154,ETH
2026-01-06 16:25:16+00:00,,616.0,3251.782,3251.76,3251.804,ETH
2026-01-06 16:25:11+00:00,,611.0,3251.502,3251.26,3251.7439999999997,ETH
2026-01-06 16:25:17+00:00,,617.0,3251.762,3251.48,3252.0440000000003,ETH
2026-01-06 16:25:12+00:00,,612.0,3251.382,3251.25,3251.514,ETH
2026-01-06 16:25:18+00:00,,618.0,3251.262,3251.14,3251.3840000000005,ETH
2026-01-06 16:25:13+00:00,,613.0,3251.232,3251.16,3251.304,ETH
2026-01-06 16:25:19+00:00,,619.0,3251.342,3251.2,3251.4840000000004,ETH
2026-01-06 16:25:14+00:00,,614.0,3251.262,3251.13,3251.3940000000002,ETH
2026-01-06 16:25:20+00:00,,620.0,3251.202,3251.17,3251.2340000000004,ETH
2026-01-06 16:25:15+00:00,,615.0,3251.572,3251.44,3251.704,ETH
2026-01-06 16:25:21+00:00,,621.0,3250.902,3250.73,3251.074,ETH
2026-01-06 16:25:16+00:00,,616.0,3251.772,3251.62,3251.924,ETH
2026-01-06 16:25:22+00:00,,622.0,3251.462,3251.43,3251.494,ETH
2026-01-06 16:25:17+00:00,,617.0,3251.512,3251.31,3251.7140000000004,ETH
2026-01-06 16:25:23+00:00,,623.0,3253.542,3253.15,3253.9339999999997,ETH
2026-01-06 16:25:18+00:00,,618.0,3251.302,3251.17,3251.434,ETH
2026-01-06 16:25:24+00:00,,624.0,3253.882,3253.72,3254.0440000000003,ETH
2026-01-06 16:25:19+00:00,,619.0,3251.272,3251.18,3251.364,ETH
2026-01-06 16:25:25+00:00,,625.0,3253.762,3253.65,3253.8740000000003,ETH
2026-01-06 16:25:20+00:00,,620.0,3251.052,3250.95,3251.1540000000005,ETH
2026-01-06 16:25:26+00:00,,626.0,3253.432,3253.21,3253.6539999999995,ETH
2026-01-06 16:25:21+00:00,,621.0,3251.182,3251.08,3251.2839999999997,ETH
2026-01-06 16:25:27+00:00,,627.0,3253.442,3253.23,3253.654,ETH
2026-01-06 16:25:22+00:00,,622.0,3252.502,3252.29,3252.714,ETH
2026-01-06 16:25:28+00:00,,628.0,3253.612,3253.47,3253.7540000000004,ETH
2026-01-06 16:25:23+00:00,,623.0,3253.712,3253.44,3253.984,ETH
2026-01-06 16:25:24+00:00,,624.0,3253.822,3253.68,3253.9640000000004,ETH
2026-01-06 16:25:29+00:00,,629.0,3254.122,3254.01,3254.2339999999995,ETH
2026-01-06 16:25:25+00:00,,625.0,3253.592,3253.43,3253.7540000000004,ETH
2026-01-06 16:25:30+00:00,,630.0,3254.072,3253.92,3254.224,ETH
2026-01-06 16:25:26+00:00,,626.0,3253.442,3253.22,3253.664,ETH
2026-01-06 16:25:31+00:00,,631.0,3253.862,3253.74,3253.9840000000004,ETH
2026-01-06 16:25:27+00:00,,627.0,3253.532,3253.35,3253.7140000000004,ETH
2026-01-06 16:25:32+00:00,,632.0,3253.702,3253.63,3253.7740000000003,ETH
2026-01-06 16:25:28+00:00,,628.0,3253.872,3253.74,3254.004,ETH
2026-01-06 16:25:33+00:00,,633.0,3253.632,3253.59,3253.674,ETH
2026-01-06 16:25:29+00:00,,629.0,3254.162,3254.01,3254.3139999999994,ETH
2026-01-06 16:25:34+00:00,,634.0,3253.622,3253.55,3253.6939999999995,ETH
2026-01-06 16:25:30+00:00,,630.0,3254.072,3253.92,3254.224,ETH
2026-01-06 16:25:35+00:00,,635.0,3253.612,3253.56,3253.664,ETH
2026-01-06 16:25:31+00:00,,631.0,3253.862,3253.74,3253.9840000000004,ETH
2026-01-06 16:25:36+00:00,,636.0,3253.662,3253.64,3253.6839999999997,ETH
2026-01-06 16:25:32+00:00,,632.0,3253.702,3253.63,3253.7740000000003,ETH
2026-01-06 16:25:37+00:00,,637.0,3253.632,3253.61,3253.654,ETH
2026-01-06 16:25:33+00:00,,633.0,3253.632,3253.59,3253.674,ETH
2026-01-06 16:25:38+00:00,,638.0,3253.562,3253.47,3253.654,ETH
2026-01-06 16:25:34+00:00,,634.0,3253.652,3253.58,3253.724,ETH
2026-01-06 16:25:39+00:00,,639.0,3253.552,3253.39,3253.7140000000004,ETH
2026-01-06 16:25:35+00:00,,635.0,3253.602,3253.51,3253.6939999999995,ETH
2026-01-06 16:25:40+00:00,,640.0,3253.572,3253.33,3253.8140000000003,ETH
2026-01-06 16:25:36+00:00,,636.0,3253.632,3253.61,3253.654,ETH
2026-01-06 16:25:41+00:00,,641.0,3253.312,3253.27,3253.354,ETH
2026-01-06 16:25:37+00:00,,637.0,3253.682,3253.67,3253.6939999999995,ETH
2026-01-06 16:25:42+00:00,,642.0,3253.252,3253.22,3253.284,ETH
2026-01-06 16:25:38+00:00,,638.0,3253.572,3253.54,3253.6040000000003,ETH
2026-01-06 16:25:43+00:00,,643.0,3253.202,3253.04,3253.3640000000005,ETH
2026-01-06 16:25:39+00:00,,639.0,3253.552,3253.39,3253.7140000000004,ETH
2026-01-06 16:25:44+00:00,,644.0,3252.932,3252.83,3253.0339999999997,ETH
2026-01-06 16:25:40+00:00,,640.0,3253.572,3253.33,3253.8140000000003,ETH
2026-01-06 16:25:45+00:00,,645.0,3252.942,3252.88,3253.004,ETH
2026-01-06 16:25:46+00:00,,646.0,3253.052,3252.99,3253.1140000000005,ETH
2026-01-06 16:25:41+00:00,,641.0,3253.282,3253.24,3253.3240000000005,ETH
2026-01-06 16:25:42+00:00,,642.0,3253.372,3253.25,3253.4939999999997,ETH
2026-01-06 16:25:47+00:00,,647.0,3253.252,3253.2,3253.304,ETH
2026-01-06 16:25:48+00:00,,648.0,3253.382,3253.31,3253.454,ETH
2026-01-06 16:25:43+00:00,,643.0,3253.202,3253.04,3253.3640000000005,ETH
2026-01-06 16:25:44+00:00,,644.0,3252.932,3252.83,3253.0339999999997,ETH
2026-01-06 16:25:49+00:00,,649.0,3253.412,3253.32,3253.5039999999995,ETH
2026-01-06 16:25:45+00:00,,645.0,3252.942,3252.88,3253.004,ETH
2026-01-06 16:25:50+00:00,,650.0,3253.342,3253.25,3253.434,ETH
2026-01-06 16:25:46+00:00,,646.0,3253.052,3252.99,3253.1140000000005,ETH
2026-01-06 16:25:51+00:00,,651.0,3253.232,3252.99,3253.474,ETH
2026-01-06 16:25:47+00:00,,647.0,3253.252,3253.2,3253.304,ETH
2026-01-06 16:25:52+00:00,,652.0,3252.972,3252.73,3253.2140000000004,ETH
2026-01-06 16:25:48+00:00,,648.0,3253.382,3253.31,3253.454,ETH
2026-01-06 16:25:53+00:00,,653.0,3252.482,3252.43,3252.534,ETH
2026-01-06 16:25:49+00:00,,649.0,3253.412,3253.32,3253.5039999999995,ETH
2026-01-06 16:25:54+00:00,,654.0,3252.292,3252.22,3252.364,ETH
2026-01-06 16:25:50+00:00,,650.0,3253.342,3253.25,3253.434,ETH
2026-01-06 16:25:55+00:00,,655.0,3252.362,3252.26,3252.464,ETH
2026-01-06 16:25:51+00:00,,651.0,3253.232,3252.99,3253.474,ETH
2026-01-06 16:25:56+00:00,,656.0,3252.352,3252.28,3252.4239999999995,ETH
2026-01-06 16:25:52+00:00,,652.0,3252.972,3252.73,3253.2140000000004,ETH
2026-01-06 16:25:57+00:00,,657.0,3252.432,3252.32,3252.5439999999994,ETH
2026-01-06 16:25:53+00:00,,653.0,3252.482,3252.43,3252.534,ETH
2026-01-06 16:25:58+00:00,,658.0,3252.572,3252.5,3252.6440000000002,ETH
2026-01-06 16:25:54+00:00,,654.0,3252.292,3252.22,3252.364,ETH
2026-01-06 16:25:59+00:00,,659.0,3252.732,3252.69,3252.774,ETH
2026-01-06 16:25:55+00:00,,655.0,3252.362,3252.26,3252.464,ETH
2026-01-06 16:26:00+00:00,,660.0,3252.802,3252.67,3252.934,ETH
2026-01-06 16:25:56+00:00,,656.0,3252.352,3252.28,3252.4239999999995,ETH
2026-01-06 16:26:01+00:00,,661.0,3252.632,3252.51,3252.754,ETH
2026-01-06 16:25:57+00:00,,657.0,3252.432,3252.32,3252.5439999999994,ETH
2026-01-06 16:26:02+00:00,,662.0,3252.672,3252.61,3252.734,ETH
2026-01-06 16:25:58+00:00,,658.0,3252.492,3252.37,3252.6140000000005,ETH
2026-01-06 16:26:03+00:00,,663.0,3252.882,3252.8,3252.964,ETH
2026-01-06 16:25:59+00:00,,659.0,3252.662,3252.64,3252.6839999999997,ETH
2026-01-06 16:26:04+00:00,,664.0,3252.772,3252.62,3252.924,ETH
2026-01-06 16:26:00+00:00,,660.0,3252.812,3252.73,3252.894,ETH
2026-01-06 16:26:05+00:00,,665.0,3252.672,3252.56,3252.784,ETH
2026-01-06 16:26:01+00:00,,661.0,3252.792,3252.6,3252.984,ETH
2026-01-06 16:26:06+00:00,,666.0,3252.632,3252.51,3252.754,ETH
2026-01-06 16:26:02+00:00,,662.0,3252.462,3252.41,3252.514,ETH
2026-01-06 16:26:07+00:00,,667.0,3252.812,3252.76,3252.8639999999996,ETH
2026-01-06 16:26:03+00:00,,663.0,3252.882,3252.8,3252.964,ETH
2026-01-06 16:26:08+00:00,,668.0,3251.562,3251.55,3251.5739999999996,ETH
2026-01-06 16:26:04+00:00,,664.0,3252.772,3252.62,3252.924,ETH
2026-01-06 16:26:09+00:00,,669.0,3251.372,3251.36,3251.3839999999996,ETH
2026-01-06 16:26:05+00:00,,665.0,3252.672,3252.56,3252.784,ETH
2026-01-06 16:26:10+00:00,,670.0,3251.412,3251.34,3251.4839999999995,ETH
2026-01-06 16:26:06+00:00,,666.0,3252.632,3252.51,3252.754,ETH
2026-01-06 16:26:11+00:00,,671.0,3251.412,3251.24,3251.584,ETH
2026-01-06 16:26:07+00:00,,667.0,3252.812,3252.76,3252.8639999999996,ETH
2026-01-06 16:26:12+00:00,,672.0,3251.412,3251.26,3251.5639999999994,ETH
2026-01-06 16:26:08+00:00,,668.0,3251.562,3251.55,3251.5739999999996,ETH
2026-01-06 16:26:13+00:00,,673.0,3251.352,3251.29,3251.4139999999998,ETH
2026-01-06 16:26:09+00:00,,669.0,3251.372,3251.36,3251.3839999999996,ETH
2026-01-06 16:26:14+00:00,,674.0,3249.992,3249.86,3250.1240000000003,ETH
2026-01-06 16:26:10+00:00,,670.0,3251.412,3251.34,3251.4839999999995,ETH
2026-01-06 16:26:15+00:00,,675.0,3249.952,3249.81,3250.0940000000005,ETH
2026-01-06 16:26:11+00:00,,671.0,3251.412,3251.24,3251.584,ETH
2026-01-06 16:26:16+00:00,,676.0,3250.572,3250.55,3250.594,ETH
2026-01-06 16:26:12+00:00,,672.0,3251.412,3251.26,3251.5639999999994,ETH
2026-01-06 16:26:17+00:00,,677.0,3250.982,3250.83,3251.134,ETH
2026-01-06 16:26:13+00:00,,673.0,3251.352,3251.29,3251.4139999999998,ETH
2026-01-06 16:26:18+00:00,,678.0,3250.352,3250.24,3250.464,ETH
2026-01-06 16:26:14+00:00,,674.0,3249.992,3249.86,3250.1240000000003,ETH
2026-01-06 16:26:19+00:00,,679.0,3250.552,3250.38,3250.724,ETH
2026-01-06 16:26:15+00:00,,675.0,3249.952,3249.81,3250.0940000000005,ETH
2026-01-06 16:26:20+00:00,,680.0,3250.522,3250.35,3250.694,ETH
2026-01-06 16:26:16+00:00,,676.0,3250.572,3250.55,3250.594,ETH
2026-01-06 16:26:21+00:00,,681.0,3250.492,3250.44,3250.5440000000003,ETH
2026-01-06 16:26:17+00:00,,677.0,3250.982,3250.83,3251.134,ETH
2026-01-06 16:26:22+00:00,,682.0,3250.922,3250.87,3250.974,ETH
2026-01-06 16:26:18+00:00,,678.0,3250.352,3250.24,3250.464,ETH
2026-01-06 16:26:23+00:00,,683.0,3251.642,3251.33,3251.9539999999997,ETH
2026-01-06 16:26:19+00:00,,679.0,3250.552,3250.38,3250.724,ETH
2026-01-06 16:26:24+00:00,,684.0,3252.012,3251.88,3252.1440000000002,ETH
2026-01-06 16:26:20+00:00,,680.0,3250.522,3250.35,3250.694,ETH
2026-01-06 16:26:25+00:00,,685.0,3251.402,3251.39,3251.414,ETH
2026-01-06 16:26:21+00:00,,681.0,3250.492,3250.44,3250.5440000000003,ETH
2026-01-06 16:26:26+00:00,,686.0,3251.102,3250.96,3251.2439999999997,ETH
2026-01-06 16:26:22+00:00,,682.0,3251.282,3251.1,3251.4640000000004,ETH
2026-01-06 16:26:27+00:00,,687.0,3250.302,3250.15,3250.454,ETH
2026-01-06 16:26:23+00:00,,683.0,3251.822,3251.61,3252.034,ETH
2026-01-06 16:26:28+00:00,,688.0,3250.172,3250.03,3250.314,ETH
2026-01-06 16:26:24+00:00,,684.0,3251.702,3251.63,3251.7740000000003,ETH
2026-01-06 16:26:29+00:00,,689.0,3249.652,3249.53,3249.774,ETH
2026-01-06 16:26:25+00:00,,685.0,3251.252,3251.17,3251.334,ETH
2026-01-06 16:26:30+00:00,,690.0,3248.742,3248.64,3248.8440000000005,ETH
2026-01-06 16:26:26+00:00,,686.0,3250.732,3250.58,3250.884,ETH
2026-01-06 16:26:31+00:00,,691.0,3248.282,3248.14,3248.4240000000004,ETH
2026-01-06 16:26:27+00:00,,687.0,3250.302,3250.15,3250.454,ETH
2026-01-06 16:26:32+00:00,,692.0,3248.272,3248.1,3248.444,ETH
2026-01-06 16:26:28+00:00,,688.0,3250.172,3250.03,3250.314,ETH
2026-01-06 16:26:33+00:00,,693.0,3248.132,3247.98,3248.284,ETH
2026-01-06 16:26:29+00:00,,689.0,3249.652,3249.53,3249.774,ETH
2026-01-06 16:26:34+00:00,,694.0,3247.822,3247.66,3247.9840000000004,ETH
2026-01-06 16:26:30+00:00,,690.0,3248.742,3248.64,3248.8440000000005,ETH
2026-01-06 16:26:35+00:00,,695.0,3247.662,3247.54,3247.7839999999997,ETH
2026-01-06 16:26:31+00:00,,691.0,3248.282,3248.14,3248.4240000000004,ETH
2026-01-06 16:26:36+00:00,,696.0,3247.632,3247.5,3247.764,ETH
2026-01-06 16:26:32+00:00,,692.0,3248.272,3248.1,3248.444,ETH
2026-01-06 16:26:37+00:00,,697.0,3247.542,3247.43,3247.654,ETH
2026-01-06 16:26:33+00:00,,693.0,3248.132,3247.98,3248.284,ETH
2026-01-06 16:26:38+00:00,,698.0,3247.702,3247.51,3247.8940000000002,ETH
2026-01-06 16:26:34+00:00,,694.0,3247.822,3247.66,3247.9840000000004,ETH
2026-01-06 16:26:39+00:00,,699.0,3247.992,3247.69,3248.2940000000003,ETH
2026-01-06 16:26:35+00:00,,695.0,3247.662,3247.54,3247.7839999999997,ETH
2026-01-06 16:26:40+00:00,,700.0,3248.252,3248.01,3248.4939999999997,ETH
2026-01-06 16:26:36+00:00,,696.0,3247.632,3247.5,3247.764,ETH
2026-01-06 16:26:42+00:00,,702.0,3248.462,3248.39,3248.534,ETH
2026-01-06 16:26:37+00:00,,697.0,3247.542,3247.43,3247.654,ETH
2026-01-06 16:26:38+00:00,,698.0,3247.702,3247.51,3247.8940000000002,ETH
2026-01-06 16:26:39+00:00,,699.0,3247.992,3247.69,3248.2940000000003,ETH
2026-01-06 16:26:40+00:00,,700.0,3248.252,3248.01,3248.4939999999997,ETH
2026-01-06 16:26:41+00:00,,701.0,3248.432,3248.3,3248.5639999999994,ETH
2026-01-06 16:26:42+00:00,,702.0,3248.342,3248.24,3248.4440000000004,ETH
2026-01-06 16:26:43+00:00,,703.0,3247.912,3247.78,3248.0439999999994,ETH
2026-01-06 16:26:44+00:00,,704.0,3247.612,3247.4,3247.824,ETH
2026-01-06 16:26:45+00:00,,705.0,3247.622,3247.33,3247.9139999999998,ETH
2026-01-06 16:26:46+00:00,,706.0,3247.972,3247.71,3248.2340000000004,ETH
2026-01-06 16:26:47+00:00,,707.0,3248.062,3247.93,3248.194,ETH
2026-01-06 16:26:48+00:00,,708.0,3248.012,3247.92,3248.1040000000003,ETH
2026-01-06 16:26:49+00:00,,709.0,3248.512,3248.23,3248.7940000000003,ETH
2026-01-06 16:26:50+00:00,,710.0,3249.332,3249.07,3249.5939999999996,ETH
2026-01-06 16:26:51+00:00,,711.0,3249.602,3249.49,3249.714,ETH
2026-01-06 16:26:52+00:00,,712.0,3249.602,3249.45,3249.754,ETH
2026-01-06 16:26:53+00:00,,713.0,3250.422,3250.34,3250.504,ETH
2026-01-06 16:26:54+00:00,,714.0,3252.282,3252.22,3252.3440000000005,ETH
2026-01-06 16:26:55+00:00,,715.0,3253.472,3253.33,3253.6140000000005,ETH
2026-01-06 16:26:57+00:00,,717.0,3254.102,3254.03,3254.1739999999995,ETH
2026-01-06 16:26:58+00:00,,718.0,3254.292,3254.1,3254.484,ETH
2026-01-06 16:26:59+00:00,,719.0,3254.262,3254.15,3254.3740000000003,ETH
2026-01-06 16:27:00+00:00,,720.0,3254.122,3254.04,3254.2039999999997,ETH
2026-01-06 16:27:01+00:00,,721.0,3253.742,3253.66,3253.8240000000005,ETH
2026-01-06 16:27:02+00:00,,722.0,3253.472,3253.38,3253.5640000000003,ETH
2026-01-06 16:27:04+00:00,,724.0,3253.262,3253.1,3253.4240000000004,ETH
2026-01-06 16:27:05+00:00,,725.0,3253.092,3252.94,3253.244,ETH
2026-01-06 16:27:06+00:00,,726.0,3252.612,3252.51,3252.714,ETH
2026-01-06 16:27:07+00:00,,727.0,3252.312,3251.76,3252.8639999999996,ETH
2026-01-06 16:27:08+00:00,,728.0,3251.872,3251.85,3251.894,ETH
2026-01-06 16:27:09+00:00,,729.0,3251.822,3251.8,3251.844,ETH
2026-01-06 16:27:10+00:00,,730.0,3251.822,3251.8,3251.844,ETH
2026-01-06 16:27:11+00:00,,731.0,3251.872,3251.86,3251.8839999999996,ETH
2026-01-06 16:27:12+00:00,,732.0,3252.132,3252.1,3252.164,ETH
2026-01-06 16:27:13+00:00,,733.0,3252.512,3252.29,3252.7340000000004,ETH
2026-01-06 16:27:14+00:00,,734.0,3252.722,3252.44,3253.0040000000004,ETH
2026-01-06 16:27:15+00:00,,735.0,3252.282,3251.93,3252.6340000000005,ETH
2026-01-06 16:27:16+00:00,,736.0,3251.702,3251.56,3251.8440000000005,ETH
2026-01-06 16:27:17+00:00,,737.0,3251.442,3251.43,3251.454,ETH
2026-01-06 16:27:18+00:00,,738.0,3251.192,3251.12,3251.264,ETH
2026-01-06 16:27:19+00:00,,739.0,3251.192,3251.12,3251.264,ETH
2026-01-06 16:27:20+00:00,,740.0,3251.182,3251.11,3251.2539999999995,ETH
2026-01-06 16:27:21+00:00,,741.0,3251.232,3251.2,3251.264,ETH
2026-01-06 16:27:22+00:00,,742.0,3251.752,3251.48,3252.024,ETH
2026-01-06 16:27:23+00:00,,743.0,3251.792,3251.77,3251.814,ETH
2026-01-06 16:27:24+00:00,,744.0,3251.942,3251.88,3252.004,ETH
2026-01-06 16:27:25+00:00,,745.0,3251.742,3251.1,3252.3840000000005,ETH
2026-01-06 16:27:26+00:00,,746.0,3251.302,3251.26,3251.344,ETH
2026-01-06 16:27:27+00:00,,747.0,3251.292,3251.26,3251.3239999999996,ETH
2026-01-06 16:27:28+00:00,,748.0,3251.152,3251.13,3251.174,ETH
2026-01-06 16:27:29+00:00,,749.0,3251.082,3251.02,3251.144,ETH
2026-01-06 16:27:30+00:00,,750.0,3251.012,3251.01,3251.014,ETH
2026-01-06 16:27:31+00:00,,751.0,3250.822,3250.77,3250.8740000000003,ETH
2026-01-06 16:27:32+00:00,,752.0,3250.382,3250.37,3250.3940000000002,ETH
2026-01-06 16:27:33+00:00,,753.0,3250.252,3250.19,3250.314,ETH
2026-01-06 16:27:34+00:00,,754.0,3250.292,3250.22,3250.364,ETH
2026-01-06 16:27:35+00:00,,755.0,3250.652,3250.45,3250.8540000000003,ETH
2026-01-06 16:27:36+00:00,,756.0,3250.822,3250.71,3250.934,ETH
2026-01-06 16:27:37+00:00,,757.0,3250.862,3250.78,3250.944,ETH
2026-01-06 16:27:38+00:00,,758.0,3251.202,3251.12,3251.2840000000006,ETH
2026-01-06 16:27:39+00:00,,759.0,3251.712,3251.64,3251.784,ETH
2026-01-06 16:27:40+00:00,,760.0,3251.992,3251.86,3252.1240000000003,ETH
2026-01-06 16:27:41+00:00,,761.0,3252.202,3251.99,3252.4140000000007,ETH
2026-01-06 16:27:42+00:00,,762.0,3252.282,3252.15,3252.414,ETH
2026-01-06 16:27:43+00:00,,763.0,3252.302,3252.26,3252.344,ETH
2026-01-06 16:27:44+00:00,,764.0,3252.322,3252.26,3252.384,ETH
2026-01-06 16:27:45+00:00,,765.0,3252.302,3252.22,3252.3840000000005,ETH
2026-01-06 16:27:46+00:00,,766.0,3252.132,3252.07,3252.194,ETH
2026-01-06 16:27:47+00:00,,767.0,3252.072,3252.02,3252.1240000000003,ETH
2026-01-06 16:27:48+00:00,,768.0,3251.942,3251.73,3252.154,ETH
2026-01-06 16:27:49+00:00,,769.0,3251.602,3251.39,3251.814,ETH
2026-01-06 16:27:50+00:00,,770.0,3251.202,3251.12,3251.2840000000006,ETH
2026-01-06 16:27:51+00:00,,771.0,3250.712,3250.65,3250.774,ETH
2026-01-06 16:27:52+00:00,,772.0,3250.452,3250.42,3250.4840000000004,ETH
2026-01-06 16:27:53+00:00,,773.0,3250.422,3250.4,3250.444,ETH
2026-01-06 16:27:54+00:00,,774.0,3250.542,3250.39,3250.694,ETH
2026-01-06 16:27:55+00:00,,775.0,3250.832,3250.65,3251.0139999999997,ETH
2026-01-06 16:27:56+00:00,,776.0,3251.152,3251.09,3251.214,ETH
2026-01-06 16:27:57+00:00,,777.0,3251.322,3251.27,3251.3740000000003,ETH
2026-01-06 16:27:58+00:00,,778.0,3251.542,3251.48,3251.604,ETH
2026-01-06 16:27:59+00:00,,779.0,3251.742,3251.54,3251.9440000000004,ETH
2026-01-06 16:28:00+00:00,,780.0,3251.902,3251.75,3252.054,ETH
2026-01-06 16:28:01+00:00,,781.0,3251.912,3251.8,3252.0239999999994,ETH
2026-01-06 16:28:02+00:00,,782.0,3251.712,3251.64,3251.784,ETH
2026-01-06 16:28:03+00:00,,783.0,3251.772,3251.68,3251.864,ETH
2026-01-06 16:28:04+00:00,,784.0,3251.962,3251.85,3252.074,ETH
2026-01-06 16:28:05+00:00,,785.0,3251.962,3251.83,3252.094,ETH
2026-01-06 16:28:06+00:00,,786.0,3251.462,3251.28,3251.644,ETH
2026-01-06 16:28:07+00:00,,787.0,3250.842,3250.66,3251.0240000000003,ETH
2026-01-06 16:28:08+00:00,,788.0,3250.292,3250.15,3250.4339999999997,ETH
2026-01-06 16:28:09+00:00,,789.0,3249.412,3249.34,3249.4839999999995,ETH
2026-01-06 16:28:10+00:00,,790.0,3248.592,3248.51,3248.674,ETH
2026-01-06 16:28:11+00:00,,791.0,3248.202,3248.15,3248.2540000000004,ETH
2026-01-06 16:28:12+00:00,,792.0,3247.582,3247.5,3247.6639999999998,ETH
2026-01-06 16:28:13+00:00,,793.0,3247.152,3246.98,3247.324,ETH
2026-01-06 16:28:14+00:00,,794.0,3247.352,3247.23,3247.4739999999997,ETH
2026-01-06 16:28:15+00:00,,795.0,3247.502,3247.31,3247.694,ETH
2026-01-06 16:28:16+00:00,,796.0,3247.382,3247.09,3247.674,ETH
2026-01-06 16:28:17+00:00,,797.0,3246.782,3246.54,3247.0240000000003,ETH
2026-01-06 16:28:18+00:00,,798.0,3246.372,3246.22,3246.524,ETH
2026-01-06 16:28:19+00:00,,799.0,3246.382,3246.26,3246.504,ETH
2026-01-06 16:28:20+00:00,,800.0,3245.862,3245.51,3246.214,ETH
2026-01-06 16:28:21+00:00,,801.0,3245.942,3245.81,3246.074,ETH
2026-01-06 16:28:22+00:00,,802.0,3246.122,3245.78,3246.4639999999995,ETH
2026-01-06 16:28:23+00:00,,803.0,3245.942,3245.81,3246.074,ETH
2026-01-06 16:28:24+00:00,,804.0,3246.012,3245.99,3246.0340000000006,ETH
2026-01-06 16:28:25+00:00,,805.0,3246.462,3246.43,3246.494,ETH
2026-01-06 16:28:26+00:00,,806.0,3246.512,3246.41,3246.6140000000005,ETH
2026-01-06 16:28:27+00:00,,807.0,3246.622,3246.39,3246.854,ETH
2026-01-06 16:28:28+00:00,,808.0,3246.652,3246.61,3246.694,ETH
2026-01-06 16:28:29+00:00,,809.0,3246.772,3246.61,3246.9339999999997,ETH
2026-01-06 16:28:30+00:00,,810.0,3246.682,3246.53,3246.8339999999994,ETH
2026-01-06 16:28:31+00:00,,811.0,3246.702,3246.56,3246.8440000000005,ETH
2026-01-06 16:28:32+00:00,,812.0,3246.662,3246.6,3246.7239999999997,ETH
2026-01-06 16:28:33+00:00,,813.0,3247.322,3247.17,3247.474,ETH
2026-01-06 16:28:34+00:00,,814.0,3247.492,3247.42,3247.5640000000003,ETH
2026-01-06 16:28:35+00:00,,815.0,3247.772,3247.62,3247.924,ETH
2026-01-06 16:28:36+00:00,,816.0,3247.622,3247.55,3247.6939999999995,ETH
2026-01-06 16:28:37+00:00,,817.0,3247.602,3247.48,3247.7239999999997,ETH
2026-01-06 16:28:38+00:00,,818.0,3247.632,3247.5,3247.764,ETH
2026-01-06 16:28:39+00:00,,819.0,3247.822,3247.77,3247.8740000000003,ETH
2026-01-06 16:28:40+00:00,,820.0,3247.952,3247.9,3248.0040000000004,ETH
2026-01-06 16:28:41+00:00,,821.0,3248.002,3247.93,3248.074,ETH
2026-01-06 16:28:42+00:00,,822.0,3247.892,3247.83,3247.9539999999997,ETH
2026-01-06 16:28:43+00:00,,823.0,3247.702,3247.64,3247.7640000000006,ETH
2026-01-06 16:28:44+00:00,,824.0,3247.442,3247.36,3247.524,ETH
2026-01-06 16:28:45+00:00,,825.0,3247.162,3247.06,3247.2639999999997,ETH
2026-01-06 16:28:46+00:00,,826.0,3246.942,3246.85,3247.034,ETH
2026-01-06 16:28:47+00:00,,827.0,3246.822,3246.75,3246.8940000000002,ETH
2026-01-06 16:28:48+00:00,,828.0,3246.812,3246.78,3246.8439999999996,ETH
2026-01-06 16:28:49+00:00,,829.0,3246.822,3246.81,3246.8340000000003,ETH
2026-01-06 16:28:50+00:00,,830.0,3246.992,3246.91,3247.0740000000005,ETH
2026-01-06 16:28:51+00:00,,831.0,3247.812,3247.8,3247.8239999999996,ETH
2026-01-06 16:28:52+00:00,,832.0,3247.472,3247.28,3247.664,ETH
2026-01-06 16:28:53+00:00,,833.0,3247.312,3247.15,3247.4739999999997,ETH
2026-01-06 16:28:54+00:00,,834.0,3247.222,3247.12,3247.3240000000005,ETH
2026-01-06 16:28:55+00:00,,835.0,3247.402,3247.23,3247.574,ETH
2026-01-06 16:28:56+00:00,,836.0,3247.342,3247.28,3247.404,ETH
2026-01-06 16:28:57+00:00,,837.0,3247.382,3247.32,3247.444,ETH
2026-01-06 16:28:58+00:00,,838.0,3247.522,3247.44,3247.604,ETH
2026-01-06 16:28:59+00:00,,839.0,3247.512,3247.45,3247.5740000000005,ETH
2026-01-06 16:29:00+00:00,,840.0,3247.472,3247.41,3247.5340000000006,ETH
2026-01-06 16:29:01+00:00,,841.0,3247.312,3247.28,3247.3439999999996,ETH
2026-01-06 16:29:02+00:00,,842.0,3246.772,3246.47,3247.074,ETH
2026-01-06 16:29:03+00:00,,843.0,3245.932,3245.73,3246.1339999999996,ETH
2026-01-06 16:29:04+00:00,,844.0,3245.692,3245.47,3245.914,ETH
2026-01-06 16:29:05+00:00,,845.0,3246.612,3246.29,3246.934,ETH
2026-01-06 16:29:06+00:00,,846.0,3247.562,3247.14,3247.984,ETH
2026-01-06 16:29:07+00:00,,847.0,3247.382,3246.93,3247.8340000000003,ETH
2026-01-06 16:29:08+00:00,,848.0,3247.202,3246.72,3247.6840000000007,ETH
2026-01-06 16:29:09+00:00,,849.0,3246.582,3246.21,3246.9539999999997,ETH
2026-01-06 16:29:10+00:00,,850.0,3246.182,3246.0,3246.3639999999996,ETH
2026-01-06 16:29:11+00:00,,851.0,3246.302,3246.18,3246.4240000000004,ETH
2026-01-06 16:29:12+00:00,,852.0,3247.632,3247.54,3247.724,ETH
2026-01-06 16:29:13+00:00,,853.0,3248.122,3248.03,3248.2139999999995,ETH
2026-01-06 16:29:14+00:00,,854.0,3248.642,3248.15,3249.1339999999996,ETH
2026-01-06 16:29:15+00:00,,855.0,3248.252,3247.85,3248.654,ETH
2026-01-06 16:29:16+00:00,,856.0,3247.912,3247.87,3247.9539999999997,ETH
2026-01-06 16:29:17+00:00,,857.0,3248.182,3248.0,3248.3639999999996,ETH
2026-01-06 16:29:18+00:00,,858.0,3248.682,3248.47,3248.894,ETH
2026-01-06 16:29:19+00:00,,859.0,3248.772,3248.68,3248.864,ETH
2026-01-06 16:29:20+00:00,,860.0,3248.822,3248.75,3248.8940000000002,ETH
2026-01-06 16:29:21+00:00,,861.0,3248.732,3248.67,3248.794,ETH
2026-01-06 16:29:22+00:00,,862.0,3248.542,3248.38,3248.7039999999997,ETH
2026-01-06 16:29:23+00:00,,863.0,3248.342,3248.14,3248.5440000000003,ETH
2026-01-06 16:29:24+00:00,,864.0,3248.252,3248.14,3248.364,ETH
2026-01-06 16:29:25+00:00,,865.0,3248.192,3248.08,3248.304,ETH
2026-01-06 16:29:26+00:00,,866.0,3248.052,3247.96,3248.1440000000002,ETH
2026-01-06 16:29:27+00:00,,867.0,3247.742,3247.69,3247.7940000000003,ETH
2026-01-06 16:29:28+00:00,,868.0,3247.512,3247.48,3247.5440000000003,ETH
2026-01-06 16:29:29+00:00,,869.0,3247.602,3247.55,3247.6539999999995,ETH
2026-01-06 16:29:30+00:00,,870.0,3247.642,3247.56,3247.7239999999997,ETH
2026-01-06 16:29:31+00:00,,871.0,3247.212,3247.05,3247.374,ETH
2026-01-06 16:29:32+00:00,,872.0,3247.012,3246.82,3247.204,ETH
2026-01-06 16:29:33+00:00,,873.0,3247.322,3247.21,3247.434,ETH
2026-01-06 16:29:34+00:00,,874.0,3247.552,3247.42,3247.684,ETH
2026-01-06 16:29:35+00:00,,875.0,3247.632,3247.49,3247.7740000000003,ETH
2026-01-06 16:29:36+00:00,,876.0,3247.912,3247.7,3248.124,ETH
2026-01-06 16:29:37+00:00,,877.0,3247.912,3247.7,3248.124,ETH
2026-01-06 16:29:38+00:00,,878.0,3249.222,3249.2,3249.2440000000006,ETH
2026-01-06 16:29:39+00:00,,879.0,3249.702,3249.38,3250.0240000000003,ETH
2026-01-06 16:29:40+00:00,,880.0,3250.142,3250.13,3250.1539999999995,ETH
2026-01-06 16:29:41+00:00,,881.0,3250.502,3250.48,3250.524,ETH
2026-01-06 16:29:42+00:00,,882.0,3250.422,3250.13,3250.714,ETH
2026-01-06 16:29:43+00:00,,883.0,3250.032,3249.79,3250.2740000000003,ETH
2026-01-06 16:29:44+00:00,,884.0,3249.772,3249.65,3249.894,ETH
2026-01-06 16:29:45+00:00,,885.0,3249.882,3249.83,3249.934,ETH
2026-01-06 16:29:46+00:00,,886.0,3249.942,3249.86,3250.024,ETH
2026-01-06 16:29:47+00:00,,887.0,3249.922,3249.87,3249.974,ETH
2026-01-06 16:29:48+00:00,,888.0,3250.102,3250.03,3250.1739999999995,ETH
2026-01-06 16:29:49+00:00,,889.0,3251.342,3250.94,3251.744,ETH
2026-01-06 16:29:50+00:00,,890.0,3251.402,3251.17,3251.634,ETH
2026-01-06 16:29:51+00:00,,891.0,3251.672,3251.57,3251.774,ETH
2026-01-06 16:29:52+00:00,,892.0,3251.982,3251.95,3252.014,ETH
2026-01-06 16:29:53+00:00,,893.0,3252.212,3252.08,3252.344,ETH
2026-01-06 16:29:54+00:00,,894.0,3252.492,3252.44,3252.5440000000003,ETH
2026-01-06 16:29:55+00:00,,895.0,3252.492,3252.46,3252.5240000000003,ETH
2026-01-06 16:29:56+00:00,,896.0,3252.512,3252.37,3252.6540000000005,ETH
2026-01-06 16:29:57+00:00,,897.0,3252.362,3252.25,3252.474,ETH
2026-01-06 16:29:58+00:00,,898.0,3252.432,3252.0,3252.8639999999996,ETH
2026-01-06 16:29:59+00:00,,899.0,3252.512,3252.43,3252.5940000000005,ETH
