timestamp,collected_at,seconds,up_mid,up_best_bid,up_best_ask,down_mid,down_best_bid,down_best_ask,up_best_bid_size,up_best_ask_size,down_best_bid_size,down_best_ask_size
2026-01-06 16:21:49.490000+00:00,2026-01-06 16:21:49.941368+00:00,409.49,0.185,0.18,0.19,0.81,0.8,0.82,,,,
2026-01-06 16:21:50.420000+00:00,2026-01-06 16:21:50.961363+00:00,410.42,0.185,0.18,0.19,0.815,0.81,0.82,,,,
2026-01-06 16:21:51.548000+00:00,2026-01-06 16:21:51.986955+00:00,411.548,0.185,0.18,0.19,0.815,0.81,0.82,,,,
2026-01-06 16:21:52.558000+00:00,2026-01-06 16:21:53.009976+00:00,412.558,0.185,0.18,0.19,0.815,0.81,0.82,,,,
2026-01-06 16:21:53.571000+00:00,2026-01-06 16:21:54.012662+00:00,413.571,0.19,0.18,0.2,0.815,0.81,0.82,,,,
2026-01-06 16:21:54.584000+00:00,2026-01-06 16:21:55.025107+00:00,414.584,0.175,0.17,0.18,0.825,0.82,0.83,,,,
2026-01-06 16:21:55.504000+00:00,2026-01-06 16:21:56.014758+00:00,415.504,0.18,0.17,0.19,0.8200000000000001,0.81,0.83,,,,
2026-01-06 16:21:56.587000+00:00,2026-01-06 16:21:57.026370+00:00,416.587,0.175,0.17,0.18,0.825,0.82,0.83,,,,
2026-01-06 16:21:57.597000+00:00,2026-01-06 16:21:58.041877+00:00,417.597,0.2,0.19,0.21,0.8,0.79,0.81,,,,
2026-01-06 16:21:58.624000+00:00,2026-01-06 16:21:59.061888+00:00,418.624,0.195,0.19,0.2,0.805,0.8,0.81,,,,
2026-01-06 16:21:59.669000+00:00,2026-01-06 16:22:00.072205+00:00,419.669,0.2,0.19,0.21,0.805,0.8,0.81,,,,
2026-01-06 16:22:00.627000+00:00,2026-01-06 16:22:01.071746+00:00,420.627,0.2,0.19,0.21,0.8,0.79,0.81,,,,
2026-01-06 16:22:01.626000+00:00,2026-01-06 16:22:02.060944+00:00,421.626,0.2,0.19,0.21,0.81,0.8,0.82,,,,
2026-01-06 16:22:02.521000+00:00,2026-01-06 16:22:03.074030+00:00,422.521,0.185,0.18,0.19,0.815,0.81,0.82,,,,
2026-01-06 16:22:03.647000+00:00,2026-01-06 16:22:04.076186+00:00,423.647,0.20500000000000002,0.2,0.21,0.795,0.79,0.8,,,,
2026-01-06 16:22:04.614000+00:00,2026-01-06 16:22:05.095981+00:00,424.614,0.195,0.19,0.2,0.805,0.8,0.81,,,,
2026-01-06 16:22:05.668000+00:00,2026-01-06 16:22:06.104558+00:00,425.668,0.175,0.17,0.18,0.825,0.82,0.83,,,,
2026-01-06 16:22:06.659000+00:00,2026-01-06 16:22:07.114140+00:00,426.659,0.165,0.16,0.17,0.835,0.83,0.84,,,,
2026-01-06 16:22:07.667000+00:00,2026-01-06 16:22:08.123597+00:00,427.667,0.155,0.15,0.16,0.845,0.84,0.85,,,,
2026-01-06 16:22:08.694000+00:00,2026-01-06 16:22:09.121605+00:00,428.694,0.155,0.15,0.16,0.845,0.84,0.85,,,,
2026-01-06 16:22:09.531000+00:00,2026-01-06 16:22:10.131677+00:00,429.531,0.155,0.15,0.16,0.845,0.84,0.85,,,,
2026-01-06 16:22:10.706000+00:00,2026-01-06 16:22:11.147650+00:00,430.706,0.155,0.15,0.16,0.845,0.84,0.85,,,,
2026-01-06 16:22:11.731000+00:00,2026-01-06 16:22:12.155873+00:00,431.731,0.155,0.15,0.16,0.845,0.84,0.85,,,,
2026-01-06 16:22:12.733000+00:00,2026-01-06 16:22:13.169900+00:00,432.733,0.155,0.15,0.16,0.845,0.84,0.85,,,,
2026-01-06 16:22:13.747000+00:00,2026-01-06 16:22:14.180540+00:00,433.747,0.185,0.18,0.19,0.815,0.81,0.82,,,,
2026-01-06 16:22:14.746000+00:00,2026-01-06 16:22:15.195817+00:00,434.746,0.16999999999999998,0.16,0.18,0.83,0.82,0.84,,,,
2026-01-06 16:22:15.748000+00:00,2026-01-06 16:22:16.195971+00:00,435.748,0.165,0.16,0.17,0.835,0.83,0.84,,,,
2026-01-06 16:22:16.715000+00:00,2026-01-06 16:22:17.200120+00:00,436.715,0.16999999999999998,0.16,0.18,0.83,0.82,0.84,,,,
2026-01-06 16:22:17.361000+00:00,2026-01-06 16:22:17.726685+00:00,437.361,0.16999999999999998,0.16,0.18,0.8200000000000001,0.81,0.83,,,,
2026-01-06 16:22:17.767000+00:00,2026-01-06 16:22:18.210215+00:00,437.767,0.185,0.18,0.19,0.8200000000000001,0.81,0.83,,,,
2026-01-06 16:22:18.582000+00:00,2026-01-06 16:22:18.986921+00:00,438.582,0.18,0.17,0.19,0.8200000000000001,0.81,0.83,,,,
2026-01-06 16:22:18.748000+00:00,2026-01-06 16:22:19.218149+00:00,438.748,0.18,0.17,0.19,0.8200000000000001,0.81,0.83,,,,
2026-01-06 16:22:19.515000+00:00,2026-01-06 16:22:19.970138+00:00,439.515,0.175,0.17,0.18,0.825,0.82,0.83,,,,
2026-01-06 16:22:19.798000+00:00,2026-01-06 16:22:20.229851+00:00,439.798,0.18,0.17,0.19,0.8200000000000001,0.81,0.83,,,,
2026-01-06 16:22:20.534000+00:00,2026-01-06 16:22:20.982216+00:00,440.534,0.18,0.17,0.19,0.8200000000000001,0.81,0.83,,,,
2026-01-06 16:22:20.785000+00:00,2026-01-06 16:22:21.231009+00:00,440.785,0.18,0.17,0.19,0.825,0.82,0.83,,,,
2026-01-06 16:22:21.526000+00:00,2026-01-06 16:22:21.985000+00:00,441.526,0.14500000000000002,0.14,0.15,0.855,0.85,0.86,,,,
2026-01-06 16:22:21.802000+00:00,2026-01-06 16:22:22.235979+00:00,441.802,0.14500000000000002,0.14,0.15,0.855,0.85,0.86,,,,
2026-01-06 16:22:22.541000+00:00,2026-01-06 16:22:22.991743+00:00,442.541,0.14500000000000002,0.14,0.15,0.855,0.85,0.86,,,,
2026-01-06 16:22:22.775000+00:00,2026-01-06 16:22:23.242055+00:00,442.775,0.14500000000000002,0.14,0.15,0.855,0.85,0.86,,,,
2026-01-06 16:22:23.800000+00:00,2026-01-06 16:22:24.241395+00:00,443.8,0.15000000000000002,0.14,0.16,0.85,0.84,0.86,,,,
2026-01-06 16:22:23.517000+00:00,2026-01-06 16:22:24.005613+00:00,443.517,0.15000000000000002,0.14,0.16,0.85,0.84,0.86,,,,
2026-01-06 16:22:24.767000+00:00,2026-01-06 16:22:25.265538+00:00,444.767,0.16999999999999998,0.16,0.18,0.83,0.82,0.84,,,,
2026-01-06 16:22:24.846000+00:00,2026-01-06 16:22:25.306566+00:00,444.846,0.16999999999999998,0.16,0.18,0.83,0.82,0.84,,,,
2026-01-06 16:22:25.829000+00:00,2026-01-06 16:22:26.268223+00:00,445.829,0.175,0.17,0.18,0.825,0.82,0.83,,,,
2026-01-06 16:22:25.891000+00:00,2026-01-06 16:22:26.330301+00:00,445.891,0.175,0.17,0.18,0.825,0.82,0.83,,,,
2026-01-06 16:22:26.846000+00:00,2026-01-06 16:22:27.291246+00:00,446.846,0.15000000000000002,0.14,0.16,0.85,0.84,0.86,,,,
2026-01-06 16:22:26.934000+00:00,2026-01-06 16:22:27.409401+00:00,446.934,0.15000000000000002,0.14,0.16,0.85,0.84,0.86,,,,
2026-01-06 16:22:28.002000+00:00,2026-01-06 16:22:28.449489+00:00,448.002,0.165,0.16,0.17,0.83,0.82,0.84,,,,
2026-01-06 16:22:29.078000+00:00,2026-01-06 16:22:29.559394+00:00,449.078,0.18,0.17,0.19,0.8200000000000001,0.81,0.83,,,,
2026-01-06 16:22:30.148000+00:00,2026-01-06 16:22:30.559400+00:00,450.148,0.165,0.16,0.17,0.835,0.83,0.84,,,,
2026-01-06 16:22:28.294000+00:00,2026-01-06 16:22:28.708765+00:00,448.294,0.175,0.17,0.18,0.8200000000000001,0.81,0.83,,,,
2026-01-06 16:22:31.148000+00:00,2026-01-06 16:22:31.583410+00:00,451.148,0.165,0.16,0.17,0.835,0.83,0.84,,,,
2026-01-06 16:22:32.130000+00:00,2026-01-06 16:22:32.621395+00:00,452.13,0.175,0.17,0.18,0.825,0.82,0.83,,,,
2026-01-06 16:22:32.104000+00:00,2026-01-06 16:22:32.500415+00:00,452.104,0.175,0.17,0.18,0.825,0.82,0.83,,,,
2026-01-06 16:22:33.703000+00:00,2026-01-06 16:22:34.421764+00:00,453.703,0.185,0.18,0.19,0.815,0.81,0.82,,,,
2026-01-06 16:22:36.685000+00:00,2026-01-06 16:22:37.221764+00:00,456.685,0.185,0.18,0.19,0.815,0.81,0.82,,,,
2026-01-06 16:22:38.598000+00:00,2026-01-06 16:22:39.225466+00:00,458.598,0.195,0.19,0.2,0.805,0.8,0.81,,,,
2026-01-06 16:22:35.012000+00:00,2026-01-06 16:22:35.091763+00:00,455.012,0.185,0.18,0.19,0.815,0.81,0.82,,,,
2026-01-06 16:22:39.790000+00:00,2026-01-06 16:22:40.254662+00:00,459.79,0.195,0.19,0.2,0.805,0.8,0.81,,,,
2026-01-06 16:22:41.192000+00:00,2026-01-06 16:22:41.706077+00:00,461.192,0.185,0.18,0.19,0.815,0.81,0.82,,,,
2026-01-06 16:22:42.343000+00:00,2026-01-06 16:22:42.724046+00:00,462.343,0.175,0.17,0.18,0.825,0.82,0.83,,,,
2026-01-06 16:22:40.574000+00:00,2026-01-06 16:22:41.005984+00:00,460.574,0.195,0.19,0.2,0.815,0.81,0.82,,,,
2026-01-06 16:22:43.557000+00:00,2026-01-06 16:22:43.974086+00:00,463.557,0.18,0.17,0.19,0.8200000000000001,0.81,0.83,,,,
2026-01-06 16:22:43.497000+00:00,2026-01-06 16:22:43.940091+00:00,463.497,0.18,0.17,0.19,0.8200000000000001,0.81,0.83,,,,
2026-01-06 16:22:44.505000+00:00,2026-01-06 16:22:44.966947+00:00,464.505,0.18,0.17,0.19,0.8200000000000001,0.81,0.83,,,,
2026-01-06 16:22:44.659000+00:00,2026-01-06 16:22:45.093814+00:00,464.659,0.18,0.17,0.19,0.8200000000000001,0.81,0.83,,,,
2026-01-06 16:22:45.523000+00:00,2026-01-06 16:22:45.977298+00:00,465.523,0.18,0.17,0.19,0.8200000000000001,0.81,0.83,,,,
2026-01-06 16:22:45.656000+00:00,2026-01-06 16:22:46.105650+00:00,465.656,0.18,0.17,0.19,0.8200000000000001,0.81,0.83,,,,
2026-01-06 16:22:46.404000+00:00,2026-01-06 16:22:46.980588+00:00,466.404,0.18,0.17,0.19,0.8200000000000001,0.81,0.83,,,,
2026-01-06 16:22:46.404000+00:00,2026-01-06 16:22:47.114473+00:00,466.404,0.18,0.17,0.19,0.8200000000000001,0.81,0.83,,,,
2026-01-06 16:22:47.435000+00:00,2026-01-06 16:22:47.977218+00:00,467.435,0.185,0.18,0.19,0.815,0.81,0.82,,,,
2026-01-06 16:22:47.643000+00:00,2026-01-06 16:22:48.119310+00:00,467.643,0.185,0.18,0.19,0.8200000000000001,0.81,0.83,,,,
2026-01-06 16:22:48.028000+00:00,2026-01-06 16:22:48.983959+00:00,468.028,0.18,0.17,0.19,0.8200000000000001,0.81,0.83,,,,
2026-01-06 16:22:48.682000+00:00,2026-01-06 16:22:49.118126+00:00,468.682,0.18,0.17,0.19,0.8200000000000001,0.81,0.83,,,,
2026-01-06 16:22:49.550000+00:00,2026-01-06 16:22:50.003200+00:00,469.55,0.18,0.17,0.19,0.8200000000000001,0.81,0.83,,,,
2026-01-06 16:22:49.663000+00:00,2026-01-06 16:22:50.125723+00:00,469.663,0.18,0.17,0.19,0.8200000000000001,0.81,0.83,,,,
2026-01-06 16:22:50.613000+00:00,2026-01-06 16:22:51.020361+00:00,470.613,0.175,0.17,0.18,0.825,0.82,0.83,,,,
2026-01-06 16:22:50.621000+00:00,2026-01-06 16:22:51.130303+00:00,470.621,0.175,0.17,0.18,0.825,0.82,0.83,,,,
2026-01-06 16:22:51.688000+00:00,2026-01-06 16:22:52.141359+00:00,471.688,0.175,0.17,0.18,0.825,0.82,0.83,,,,
2026-01-06 16:22:52.698000+00:00,2026-01-06 16:22:53.143791+00:00,472.698,0.215,0.21,0.22,0.785,0.78,0.79,,,,
2026-01-06 16:22:53.701000+00:00,2026-01-06 16:22:54.155228+00:00,473.701,0.215,0.21,0.22,0.785,0.78,0.79,,,,
2026-01-06 16:22:54.693000+00:00,2026-01-06 16:22:55.160475+00:00,474.693,0.225,0.22,0.23,0.785,0.78,0.79,,,,
2026-01-06 16:22:55.691000+00:00,2026-01-06 16:22:56.159786+00:00,475.691,0.215,0.21,0.22,0.785,0.78,0.79,,,,
2026-01-06 16:22:56.728000+00:00,2026-01-06 16:22:57.172084+00:00,476.728,0.235,0.23,0.24,0.755,0.75,0.76,,,,
2026-01-06 16:22:57.714000+00:00,2026-01-06 16:22:58.168370+00:00,477.714,0.245,0.24,0.25,0.755,0.75,0.76,,,,
2026-01-06 16:22:58.733000+00:00,2026-01-06 16:22:59.167883+00:00,478.733,0.245,0.24,0.25,0.755,0.75,0.76,,,,
2026-01-06 16:22:59.744000+00:00,2026-01-06 16:23:00.186248+00:00,479.744,0.245,0.24,0.25,0.765,0.76,0.77,,,,
2026-01-06 16:23:00.746000+00:00,2026-01-06 16:23:01.188825+00:00,480.746,0.25,0.24,0.26,0.74,0.73,0.75,,,,
2026-01-06 16:23:01.747000+00:00,2026-01-06 16:23:02.190533+00:00,481.747,0.265,0.26,0.27,0.735,0.73,0.74,,,,
2026-01-06 16:23:02.757000+00:00,2026-01-06 16:23:03.197985+00:00,482.757,0.28500000000000003,0.28,0.29,0.715,0.71,0.72,,,,
2026-01-06 16:23:03.770000+00:00,2026-01-06 16:23:04.203800+00:00,483.77,0.295,0.29,0.3,0.705,0.7,0.71,,,,
2026-01-06 16:23:04.765000+00:00,2026-01-06 16:23:05.208628+00:00,484.765,0.295,0.29,0.3,0.705,0.7,0.71,,,,
2026-01-06 16:23:05.794000+00:00,2026-01-06 16:23:06.222554+00:00,485.794,0.305,0.3,0.31,0.695,0.69,0.7,,,,
2026-01-06 16:23:06.810000+00:00,2026-01-06 16:23:07.241857+00:00,486.81,0.295,0.29,0.3,0.705,0.7,0.71,,,,
2026-01-06 16:23:07.804000+00:00,2026-01-06 16:23:08.243404+00:00,487.804,0.33,0.32,0.34,0.665,0.66,0.67,,,,
2026-01-06 16:23:08.786000+00:00,2026-01-06 16:23:09.243682+00:00,488.786,0.345,0.34,0.35,0.655,0.65,0.66,,,,
2026-01-06 16:23:09.812000+00:00,2026-01-06 16:23:10.255178+00:00,489.812,0.345,0.34,0.35,0.655,0.65,0.66,,,,
2026-01-06 16:23:10.799000+00:00,2026-01-06 16:23:11.258391+00:00,490.799,0.345,0.34,0.35,0.655,0.65,0.66,,,,
2026-01-06 16:23:11.806000+00:00,2026-01-06 16:23:12.258807+00:00,491.806,0.315,0.31,0.32,0.685,0.68,0.69,,,,
2026-01-06 16:23:12.811000+00:00,2026-01-06 16:23:13.256177+00:00,492.811,0.315,0.31,0.32,0.685,0.68,0.69,,,,
2026-01-06 16:23:13.813000+00:00,2026-01-06 16:23:14.274577+00:00,493.813,0.325,0.32,0.33,0.655,0.65,0.66,,,,
2026-01-06 16:23:14.827000+00:00,2026-01-06 16:23:15.276082+00:00,494.827,0.345,0.34,0.35,0.645,0.64,0.65,,,,
2026-01-06 16:23:15.839000+00:00,2026-01-06 16:23:16.271292+00:00,495.839,0.375,0.37,0.38,0.625,0.62,0.63,,,,
2026-01-06 16:23:16.864000+00:00,2026-01-06 16:23:17.290385+00:00,496.864,0.385,0.38,0.39,0.615,0.61,0.62,,,,
2026-01-06 16:23:17.879000+00:00,2026-01-06 16:23:18.307117+00:00,497.879,0.405,0.4,0.41,0.595,0.59,0.6,,,,
2026-01-06 16:23:18.884000+00:00,2026-01-06 16:23:19.321483+00:00,498.884,0.385,0.38,0.39,0.625,0.62,0.63,,,,
2026-01-06 16:23:19.870000+00:00,2026-01-06 16:23:20.321969+00:00,499.87,0.365,0.36,0.37,0.635,0.63,0.64,,,,
2026-01-06 16:23:20.907000+00:00,2026-01-06 16:23:21.336544+00:00,500.907,0.37,0.36,0.38,0.625,0.62,0.63,,,,
2026-01-06 16:23:21.898000+00:00,2026-01-06 16:23:22.349310+00:00,501.898,0.37,0.36,0.38,0.63,0.62,0.64,,,,
2026-01-06 16:23:22.918000+00:00,2026-01-06 16:23:23.355403+00:00,502.918,0.37,0.36,0.38,0.63,0.62,0.64,,,,
2026-01-06 16:23:23.927000+00:00,2026-01-06 16:23:24.361354+00:00,503.927,0.345,0.34,0.35,0.655,0.65,0.66,,,,
2026-01-06 16:23:24.940000+00:00,2026-01-06 16:23:25.376814+00:00,504.94,0.325,0.32,0.33,0.675,0.67,0.68,,,,
2026-01-06 16:23:25.945000+00:00,2026-01-06 16:23:26.381420+00:00,505.945,0.365,0.36,0.37,0.635,0.63,0.64,,,,
2026-01-06 16:23:26.953000+00:00,2026-01-06 16:23:27.401569+00:00,506.953,0.36,0.35,0.37,0.65,0.64,0.66,,,,
2026-01-06 16:23:27.948000+00:00,2026-01-06 16:23:28.410063+00:00,507.948,0.335,0.33,0.34,0.665,0.66,0.67,,,,
2026-01-06 16:23:28.971000+00:00,2026-01-06 16:23:29.416057+00:00,508.971,0.335,0.33,0.34,0.665,0.66,0.67,,,,
2026-01-06 16:23:29.956000+00:00,2026-01-06 16:23:30.415405+00:00,509.956,0.355,0.35,0.36,0.645,0.64,0.65,,,,
2026-01-06 16:23:30.893000+00:00,2026-01-06 16:23:31.423836+00:00,510.893,0.35,0.34,0.36,0.65,0.64,0.66,,,,
2026-01-06 16:23:31.978000+00:00,2026-01-06 16:23:32.435700+00:00,511.978,0.35,0.34,0.36,0.65,0.64,0.66,,,,
2026-01-06 16:23:32.998000+00:00,2026-01-06 16:23:33.443284+00:00,512.998,0.345,0.34,0.35,0.655,0.65,0.66,,,,
2026-01-06 16:23:34.021000+00:00,2026-01-06 16:23:34.456335+00:00,514.021,0.305,0.3,0.31,0.695,0.69,0.7,,,,
2026-01-06 16:23:35.993000+00:00,2026-01-06 16:23:36.462257+00:00,515.993,0.28500000000000003,0.28,0.29,0.715,0.71,0.72,,,,
2026-01-06 16:23:36.929000+00:00,2026-01-06 16:23:37.458502+00:00,516.929,0.28500000000000003,0.28,0.29,0.715,0.71,0.72,,,,
2026-01-06 16:23:37.564000+00:00,2026-01-06 16:23:38.466924+00:00,517.564,0.28500000000000003,0.28,0.29,0.715,0.71,0.72,,,,
2026-01-06 16:23:39.041000+00:00,2026-01-06 16:23:39.470564+00:00,519.041,0.28500000000000003,0.28,0.29,0.72,0.71,0.73,,,,
2026-01-06 16:23:40.010000+00:00,2026-01-06 16:23:40.467139+00:00,520.01,0.275,0.27,0.28,0.725,0.72,0.73,,,,
2026-01-06 16:23:41.027000+00:00,2026-01-06 16:23:41.478132+00:00,521.027,0.245,0.24,0.25,0.755,0.75,0.76,,,,
2026-01-06 16:23:42.055000+00:00,2026-01-06 16:23:42.489678+00:00,522.055,0.235,0.23,0.24,0.765,0.76,0.77,,,,
2026-01-06 16:23:43.049000+00:00,2026-01-06 16:23:43.492560+00:00,523.049,0.24,0.23,0.25,0.755,0.75,0.76,,,,
2026-01-06 16:23:44.022000+00:00,2026-01-06 16:23:44.487968+00:00,524.022,0.24,0.23,0.25,0.76,0.75,0.77,,,,
2026-01-06 16:23:45.062000+00:00,2026-01-06 16:23:45.506197+00:00,525.062,0.235,0.23,0.24,0.765,0.76,0.77,,,,
2026-01-06 16:23:46.064000+00:00,2026-01-06 16:23:46.527548+00:00,526.064,0.255,0.25,0.26,0.745,0.74,0.75,,,,
2026-01-06 16:23:47.017000+00:00,2026-01-06 16:23:47.554008+00:00,527.017,0.24,0.23,0.25,0.765,0.76,0.77,,,,
2026-01-06 16:23:48.063000+00:00,2026-01-06 16:23:48.560442+00:00,528.063,0.235,0.23,0.24,0.765,0.76,0.77,,,,
2026-01-06 16:23:49.099000+00:00,2026-01-06 16:23:49.572355+00:00,529.099,0.26,0.25,0.27,0.74,0.73,0.75,,,,
2026-01-06 16:23:50.160000+00:00,2026-01-06 16:23:50.592080+00:00,530.16,0.26,0.25,0.27,0.745,0.74,0.75,,,,
2026-01-06 16:23:51.164000+00:00,2026-01-06 16:23:51.606762+00:00,531.164,0.235,0.23,0.24,0.765,0.76,0.77,,,,
2026-01-06 16:23:52.175000+00:00,2026-01-06 16:23:52.608975+00:00,532.175,0.25,0.24,0.26,0.745,0.74,0.75,,,,
2026-01-06 16:23:53.165000+00:00,2026-01-06 16:23:53.625707+00:00,533.165,0.245,0.24,0.25,0.755,0.75,0.76,,,,
2026-01-06 16:23:54.903000+00:00,2026-01-06 16:23:55.640296+00:00,534.903,0.24,0.23,0.25,0.76,0.75,0.77,,,,
2026-01-06 16:23:56.199000+00:00,2026-01-06 16:23:56.646215+00:00,536.199,0.24,0.23,0.25,0.76,0.75,0.77,,,,
2026-01-06 16:23:57.216000+00:00,2026-01-06 16:23:57.649251+00:00,537.216,0.24,0.23,0.25,0.76,0.75,0.77,,,,
2026-01-06 16:23:58.206000+00:00,2026-01-06 16:23:58.649691+00:00,538.206,0.24,0.23,0.25,0.755,0.75,0.76,,,,
2026-01-06 16:23:59.213000+00:00,2026-01-06 16:23:59.661275+00:00,539.213,0.265,0.26,0.27,0.735,0.73,0.74,,,,
2026-01-06 16:24:00.269000+00:00,2026-01-06 16:24:00.512309+00:00,540.269,0.28500000000000003,0.28,0.29,0.715,0.71,0.72,,,,
2026-01-06 16:24:00.233000+00:00,2026-01-06 16:24:00.674524+00:00,540.233,0.28500000000000003,0.28,0.29,0.715,0.71,0.72,,,,
2026-01-06 16:24:01.031000+00:00,2026-01-06 16:24:01.496679+00:00,541.031,0.28500000000000003,0.28,0.29,0.715,0.71,0.72,,,,
2026-01-06 16:24:01.265000+00:00,2026-01-06 16:24:01.694540+00:00,541.265,0.28500000000000003,0.28,0.29,0.715,0.71,0.72,,,,
2026-01-06 16:24:02.075000+00:00,2026-01-06 16:24:02.499338+00:00,542.075,0.295,0.29,0.3,0.695,0.69,0.7,,,,
2026-01-06 16:24:02.272000+00:00,2026-01-06 16:24:02.706994+00:00,542.272,0.32,0.31,0.33,0.65,0.64,0.66,,,,
2026-01-06 16:24:03.101000+00:00,2026-01-06 16:24:03.516272+00:00,543.101,0.35,0.34,0.36,0.635,0.63,0.64,,,,
2026-01-06 16:24:03.285000+00:00,2026-01-06 16:24:03.717768+00:00,543.285,0.365,0.36,0.37,0.635,0.63,0.64,,,,
2026-01-06 16:24:04.011000+00:00,2026-01-06 16:24:04.522676+00:00,544.011,0.375,0.37,0.38,0.595,0.59,0.6,,,,
2026-01-06 16:24:04.277000+00:00,2026-01-06 16:24:04.726771+00:00,544.277,0.405,0.4,0.41,0.595,0.59,0.6,,,,
2026-01-06 16:24:05.085000+00:00,2026-01-06 16:24:05.521613+00:00,545.085,0.395,0.39,0.4,0.615,0.61,0.62,,,,
2026-01-06 16:24:05.299000+00:00,2026-01-06 16:24:05.740464+00:00,545.299,0.385,0.38,0.39,0.615,0.61,0.62,,,,
2026-01-06 16:24:06.098000+00:00,2026-01-06 16:24:06.537096+00:00,546.098,0.365,0.36,0.37,0.635,0.63,0.64,,,,
2026-01-06 16:24:06.280000+00:00,2026-01-06 16:24:06.739018+00:00,546.28,0.365,0.36,0.37,0.64,0.63,0.65,,,,
2026-01-06 16:24:07.090000+00:00,2026-01-06 16:24:07.537415+00:00,547.09,0.365,0.36,0.37,0.605,0.6,0.61,,,,
2026-01-06 16:24:07.310000+00:00,2026-01-06 16:24:07.736124+00:00,547.31,0.395,0.39,0.4,0.605,0.6,0.61,,,,
2026-01-06 16:24:08.122000+00:00,2026-01-06 16:24:08.541658+00:00,548.122,0.395,0.39,0.4,0.605,0.6,0.61,,,,
2026-01-06 16:24:08.286000+00:00,2026-01-06 16:24:08.739343+00:00,548.286,0.395,0.39,0.4,0.605,0.6,0.61,,,,
2026-01-06 16:24:09.128000+00:00,2026-01-06 16:24:09.565121+00:00,549.128,0.395,0.39,0.4,0.605,0.6,0.61,,,,
2026-01-06 16:24:09.310000+00:00,2026-01-06 16:24:09.755022+00:00,549.31,0.395,0.39,0.4,0.605,0.6,0.61,,,,
2026-01-06 16:24:10.132000+00:00,2026-01-06 16:24:10.574623+00:00,550.132,0.395,0.39,0.4,0.605,0.6,0.61,,,,
2026-01-06 16:24:10.317000+00:00,2026-01-06 16:24:10.764184+00:00,550.317,0.395,0.39,0.4,0.605,0.6,0.61,,,,
2026-01-06 16:24:11.134000+00:00,2026-01-06 16:24:11.580757+00:00,551.134,0.33499999999999996,0.32,0.35,0.665,0.66,0.67,,,,
2026-01-06 16:24:11.327000+00:00,2026-01-06 16:24:11.769085+00:00,551.327,0.335,0.33,0.34,0.665,0.66,0.67,,,,
2026-01-06 16:24:12.144000+00:00,2026-01-06 16:24:12.583282+00:00,552.144,0.335,0.33,0.34,0.665,0.66,0.67,,,,
2026-01-06 16:24:12.318000+00:00,2026-01-06 16:24:12.771451+00:00,552.318,0.335,0.33,0.34,0.665,0.66,0.67,,,,
2026-01-06 16:24:13.144000+00:00,2026-01-06 16:24:13.595997+00:00,553.144,0.335,0.33,0.34,0.66,0.65,0.67,,,,
2026-01-06 16:24:13.303000+00:00,2026-01-06 16:24:13.771501+00:00,553.303,0.33999999999999997,0.33,0.35,0.66,0.65,0.67,,,,
2026-01-06 16:24:14.158000+00:00,2026-01-06 16:24:14.598696+00:00,554.158,0.33999999999999997,0.33,0.35,0.66,0.65,0.67,,,,
2026-01-06 16:24:14.274000+00:00,2026-01-06 16:24:14.762027+00:00,554.274,0.33999999999999997,0.33,0.35,0.66,0.65,0.67,,,,
2026-01-06 16:24:15.170000+00:00,2026-01-06 16:24:15.607735+00:00,555.17,0.32,0.31,0.33,0.685,0.68,0.69,,,,
2026-01-06 16:24:15.305000+00:00,2026-01-06 16:24:15.757413+00:00,555.305,0.315,0.31,0.32,0.685,0.68,0.69,,,,
2026-01-06 16:24:16.156000+00:00,2026-01-06 16:24:16.607554+00:00,556.156,0.315,0.31,0.32,0.685,0.68,0.69,,,,
2026-01-06 16:24:16.342000+00:00,2026-01-06 16:24:16.780151+00:00,556.342,0.315,0.31,0.32,0.685,0.68,0.69,,,,
2026-01-06 16:24:17.165000+00:00,2026-01-06 16:24:17.604482+00:00,557.165,0.325,0.32,0.33,0.675,0.67,0.68,,,,
2026-01-06 16:24:17.345000+00:00,2026-01-06 16:24:17.794440+00:00,557.345,0.325,0.32,0.33,0.675,0.67,0.68,,,,
2026-01-06 16:24:18.174000+00:00,2026-01-06 16:24:18.616149+00:00,558.174,0.36,0.35,0.37,0.63,0.62,0.64,,,,
2026-01-06 16:24:18.360000+00:00,2026-01-06 16:24:18.797317+00:00,558.36,0.37,0.36,0.38,0.63,0.62,0.64,,,,
2026-01-06 16:24:19.159000+00:00,2026-01-06 16:24:19.631093+00:00,559.159,0.37,0.36,0.38,0.635,0.63,0.64,,,,
2026-01-06 16:24:19.364000+00:00,2026-01-06 16:24:19.807764+00:00,559.364,0.365,0.36,0.37,0.63,0.62,0.64,,,,
2026-01-06 16:24:20.190000+00:00,2026-01-06 16:24:20.649604+00:00,560.19,0.365,0.36,0.37,0.635,0.63,0.64,,,,
2026-01-06 16:24:20.190000+00:00,2026-01-06 16:24:20.823590+00:00,560.19,0.365,0.36,0.37,0.64,0.63,0.65,,,,
2026-01-06 16:24:21.208000+00:00,2026-01-06 16:24:21.669116+00:00,561.208,0.36,0.35,0.37,0.635,0.63,0.64,,,,
2026-01-06 16:24:21.395000+00:00,2026-01-06 16:24:21.827550+00:00,561.395,0.365,0.36,0.37,0.635,0.63,0.64,,,,
2026-01-06 16:24:22.229000+00:00,2026-01-06 16:24:22.667409+00:00,562.229,0.365,0.36,0.37,0.635,0.63,0.64,,,,
2026-01-06 16:24:22.249000+00:00,2026-01-06 16:24:22.824522+00:00,562.249,0.365,0.36,0.37,0.635,0.63,0.64,,,,
2026-01-06 16:24:23.212000+00:00,2026-01-06 16:24:23.681163+00:00,563.212,0.37,0.36,0.38,0.63,0.62,0.64,,,,
2026-01-06 16:24:23.409000+00:00,2026-01-06 16:24:23.838428+00:00,563.409,0.37,0.36,0.38,0.635,0.62,0.65,,,,
2026-01-06 16:24:24.046000+00:00,2026-01-06 16:24:24.694629+00:00,564.046,0.365,0.36,0.37,0.635,0.63,0.64,,,,
2026-01-06 16:24:24.407000+00:00,2026-01-06 16:24:24.851382+00:00,564.407,0.365,0.36,0.37,0.635,0.63,0.64,,,,
2026-01-06 16:24:25.267000+00:00,2026-01-06 16:24:25.704228+00:00,565.267,0.365,0.36,0.37,0.615,0.61,0.62,,,,
2026-01-06 16:24:25.395000+00:00,2026-01-06 16:24:25.838986+00:00,565.395,0.385,0.38,0.39,0.625,0.62,0.63,,,,
2026-01-06 16:24:26.233000+00:00,2026-01-06 16:24:26.722046+00:00,566.233,0.365,0.36,0.37,0.635,0.63,0.64,,,,
2026-01-06 16:24:26.412000+00:00,2026-01-06 16:24:26.854157+00:00,566.412,0.365,0.36,0.37,0.635,0.63,0.64,,,,
2026-01-06 16:24:27.299000+00:00,2026-01-06 16:24:27.733166+00:00,567.299,0.425,0.42,0.43,0.575,0.57,0.58,,,,
2026-01-06 16:24:27.410000+00:00,2026-01-06 16:24:27.869171+00:00,567.41,0.425,0.42,0.43,0.565,0.55,0.58,,,,
2026-01-06 16:24:28.294000+00:00,2026-01-06 16:24:28.738353+00:00,568.294,0.45,0.44,0.46,0.55,0.54,0.56,,,,
2026-01-06 16:24:28.445000+00:00,2026-01-06 16:24:28.885764+00:00,568.445,0.45,0.44,0.46,0.55,0.54,0.56,,,,
2026-01-06 16:24:29.297000+00:00,2026-01-06 16:24:29.739139+00:00,569.297,0.44,0.43,0.45,0.555,0.55,0.56,,,,
2026-01-06 16:24:29.392000+00:00,2026-01-06 16:24:29.890366+00:00,569.392,0.445,0.44,0.45,0.555,0.55,0.56,,,,
2026-01-06 16:24:30.298000+00:00,2026-01-06 16:24:30.741044+00:00,570.298,0.435,0.43,0.44,0.565,0.56,0.57,,,,
2026-01-06 16:24:30.381000+00:00,2026-01-06 16:24:30.902956+00:00,570.381,0.435,0.43,0.44,0.565,0.56,0.57,,,,
2026-01-06 16:24:31.146000+00:00,2026-01-06 16:24:31.751398+00:00,571.146,0.425,0.42,0.43,0.575,0.57,0.58,,,,
2026-01-06 16:24:31.462000+00:00,2026-01-06 16:24:31.917070+00:00,571.462,0.425,0.42,0.43,0.575,0.57,0.58,,,,
2026-01-06 16:24:32.315000+00:00,2026-01-06 16:24:32.755123+00:00,572.315,0.445,0.44,0.45,0.555,0.55,0.56,,,,
2026-01-06 16:24:32.549000+00:00,2026-01-06 16:24:32.923641+00:00,572.549,0.445,0.44,0.45,0.555,0.55,0.56,,,,
2026-01-06 16:24:33.313000+00:00,2026-01-06 16:24:33.767946+00:00,573.313,0.445,0.44,0.45,0.555,0.55,0.56,,,,
2026-01-06 16:24:33.482000+00:00,2026-01-06 16:24:33.925360+00:00,573.482,0.445,0.44,0.45,0.555,0.55,0.56,,,,
2026-01-06 16:24:34.354000+00:00,2026-01-06 16:24:34.790752+00:00,574.354,0.425,0.42,0.43,0.575,0.57,0.58,,,,
2026-01-06 16:24:34.504000+00:00,2026-01-06 16:24:34.946315+00:00,574.504,0.425,0.42,0.43,0.575,0.57,0.58,,,,
2026-01-06 16:24:35.360000+00:00,2026-01-06 16:24:35.800822+00:00,575.36,0.4,0.39,0.41,0.605,0.6,0.61,,,,
2026-01-06 16:24:35.514000+00:00,2026-01-06 16:24:35.956742+00:00,575.514,0.395,0.39,0.4,0.605,0.6,0.61,,,,
2026-01-06 16:24:36.381000+00:00,2026-01-06 16:24:36.799298+00:00,576.381,0.37,0.36,0.38,0.63,0.62,0.64,,,,
2026-01-06 16:24:36.515000+00:00,2026-01-06 16:24:36.956815+00:00,576.515,0.37,0.36,0.38,0.63,0.62,0.64,,,,
2026-01-06 16:24:37.381000+00:00,2026-01-06 16:24:37.814525+00:00,577.381,0.375,0.37,0.38,0.625,0.62,0.63,,,,
2026-01-06 16:24:37.517000+00:00,2026-01-06 16:24:37.973479+00:00,577.517,0.375,0.37,0.38,0.625,0.62,0.63,,,,
2026-01-06 16:24:38.416000+00:00,2026-01-06 16:24:38.837563+00:00,578.416,0.385,0.38,0.39,0.625,0.62,0.63,,,,
2026-01-06 16:24:38.513000+00:00,2026-01-06 16:24:38.968763+00:00,578.513,0.38,0.37,0.39,0.625,0.62,0.63,,,,
2026-01-06 16:24:39.407000+00:00,2026-01-06 16:24:39.844288+00:00,579.407,0.375,0.37,0.38,0.625,0.62,0.63,,,,
2026-01-06 16:24:39.483000+00:00,2026-01-06 16:24:39.959140+00:00,579.483,0.375,0.37,0.38,0.625,0.62,0.63,,,,
2026-01-06 16:24:40.416000+00:00,2026-01-06 16:24:40.856642+00:00,580.416,0.365,0.36,0.37,0.635,0.63,0.64,,,,
2026-01-06 16:24:40.448000+00:00,2026-01-06 16:24:40.973238+00:00,580.448,0.365,0.36,0.37,0.635,0.63,0.64,,,,
2026-01-06 16:24:41.354000+00:00,2026-01-06 16:24:41.877463+00:00,581.354,0.375,0.37,0.38,0.625,0.62,0.63,,,,
2026-01-06 16:24:41.354000+00:00,2026-01-06 16:24:41.972748+00:00,581.354,0.375,0.37,0.38,0.63,0.62,0.64,,,,
2026-01-06 16:24:42.430000+00:00,2026-01-06 16:24:42.871853+00:00,582.43,0.335,0.33,0.34,0.665,0.66,0.67,,,,
2026-01-06 16:24:42.534000+00:00,2026-01-06 16:24:42.976411+00:00,582.534,0.335,0.33,0.34,0.665,0.66,0.67,,,,
2026-01-06 16:24:43.448000+00:00,2026-01-06 16:24:43.886073+00:00,583.448,0.315,0.31,0.32,0.675,0.67,0.68,,,,
2026-01-06 16:24:43.540000+00:00,2026-01-06 16:24:43.984801+00:00,583.54,0.325,0.32,0.33,0.675,0.67,0.68,,,,
2026-01-06 16:24:44.452000+00:00,2026-01-06 16:24:44.899063+00:00,584.452,0.335,0.33,0.34,0.665,0.66,0.67,,,,
2026-01-06 16:24:44.508000+00:00,2026-01-06 16:24:45.008438+00:00,584.508,0.335,0.33,0.34,0.665,0.66,0.67,,,,
2026-01-06 16:24:45.449000+00:00,2026-01-06 16:24:45.910126+00:00,585.449,0.335,0.33,0.34,0.665,0.66,0.67,,,,
2026-01-06 16:24:45.578000+00:00,2026-01-06 16:24:46.022377+00:00,585.578,0.335,0.33,0.34,0.665,0.66,0.67,,,,
2026-01-06 16:24:46.322000+00:00,2026-01-06 16:24:46.916491+00:00,586.322,0.335,0.33,0.34,0.665,0.66,0.67,,,,
2026-01-06 16:24:46.558000+00:00,2026-01-06 16:24:47.037574+00:00,586.558,0.335,0.33,0.34,0.665,0.66,0.67,,,,
2026-01-06 16:24:47.449000+00:00,2026-01-06 16:24:47.920175+00:00,587.449,0.335,0.33,0.34,0.665,0.66,0.67,,,,
2026-01-06 16:24:47.536000+00:00,2026-01-06 16:24:48.037006+00:00,587.536,0.335,0.33,0.34,0.665,0.66,0.67,,,,
2026-01-06 16:24:48.464000+00:00,2026-01-06 16:24:48.935687+00:00,588.464,0.335,0.33,0.34,0.675,0.67,0.68,,,,
2026-01-06 16:24:48.613000+00:00,2026-01-06 16:24:49.046261+00:00,588.613,0.325,0.32,0.33,0.69,0.68,0.7,,,,
2026-01-06 16:24:49.503000+00:00,2026-01-06 16:24:49.948007+00:00,589.503,0.315,0.31,0.32,0.69,0.68,0.7,,,,
2026-01-06 16:24:49.605000+00:00,2026-01-06 16:24:50.057200+00:00,589.605,0.31,0.3,0.32,0.69,0.68,0.7,,,,
2026-01-06 16:24:50.527000+00:00,2026-01-06 16:24:50.955953+00:00,590.527,0.315,0.31,0.32,0.685,0.68,0.69,,,,
2026-01-06 16:24:50.572000+00:00,2026-01-06 16:24:51.068082+00:00,590.572,0.315,0.31,0.32,0.685,0.68,0.69,,,,
2026-01-06 16:24:51.481000+00:00,2026-01-06 16:24:51.951187+00:00,591.481,0.315,0.31,0.32,0.69,0.68,0.7,,,,
2026-01-06 16:24:51.595000+00:00,2026-01-06 16:24:52.066782+00:00,591.595,0.315,0.31,0.32,0.69,0.68,0.7,,,,
2026-01-06 16:24:52.401000+00:00,2026-01-06 16:24:53.073048+00:00,592.401,0.305,0.3,0.31,0.695,0.69,0.7,,,,
2026-01-06 16:24:52.407000+00:00,2026-01-06 16:24:52.957657+00:00,592.407,0.305,0.3,0.31,0.695,0.69,0.7,,,,
2026-01-06 16:24:53.594000+00:00,2026-01-06 16:24:53.977610+00:00,593.594,0.28500000000000003,0.28,0.29,0.725,0.72,0.73,,,,
2026-01-06 16:24:53.643000+00:00,2026-01-06 16:24:54.091584+00:00,593.643,0.28,0.27,0.29,0.725,0.72,0.73,,,,
2026-01-06 16:24:54.551000+00:00,2026-01-06 16:24:54.987226+00:00,594.551,0.275,0.27,0.28,0.72,0.71,0.73,,,,
2026-01-06 16:24:54.660000+00:00,2026-01-06 16:24:55.111854+00:00,594.66,0.275,0.27,0.28,0.72,0.71,0.73,,,,
2026-01-06 16:24:55.528000+00:00,2026-01-06 16:24:55.992815+00:00,595.528,0.275,0.27,0.28,0.725,0.72,0.73,,,,
2026-01-06 16:24:55.675000+00:00,2026-01-06 16:24:56.120670+00:00,595.675,0.275,0.27,0.28,0.725,0.72,0.73,,,,
2026-01-06 16:24:56.549000+00:00,2026-01-06 16:24:56.990601+00:00,596.549,0.27,0.26,0.28,0.735,0.73,0.74,,,,
2026-01-06 16:24:56.674000+00:00,2026-01-06 16:24:57.121073+00:00,596.674,0.265,0.26,0.27,0.735,0.73,0.74,,,,
2026-01-06 16:24:57.558000+00:00,2026-01-06 16:24:57.997213+00:00,597.558,0.245,0.24,0.25,0.755,0.75,0.76,,,,
2026-01-06 16:24:57.686000+00:00,2026-01-06 16:24:58.139135+00:00,597.686,0.245,0.24,0.25,0.755,0.75,0.76,,,,
2026-01-06 16:24:58.513000+00:00,2026-01-06 16:24:59.005394+00:00,598.513,0.245,0.24,0.25,0.755,0.75,0.76,,,,
2026-01-06 16:24:58.651000+00:00,2026-01-06 16:24:59.147922+00:00,598.651,0.245,0.24,0.25,0.76,0.75,0.77,,,,
2026-01-06 16:24:59.513000+00:00,2026-01-06 16:25:00.010176+00:00,599.513,0.24,0.23,0.25,0.76,0.75,0.77,,,,
2026-01-06 16:24:59.683000+00:00,2026-01-06 16:25:00.150210+00:00,599.683,0.24,0.23,0.25,0.76,0.75,0.77,,,,
2026-01-06 16:25:00.581000+00:00,2026-01-06 16:25:01.011471+00:00,600.581,0.22999999999999998,0.22,0.24,0.77,0.76,0.78,,,,
2026-01-06 16:25:00.656000+00:00,2026-01-06 16:25:01.171896+00:00,600.656,0.22999999999999998,0.22,0.24,0.765,0.76,0.77,,,,
2026-01-06 16:25:01.604000+00:00,2026-01-06 16:25:02.026149+00:00,601.604,0.245,0.24,0.25,0.755,0.75,0.76,,,,
2026-01-06 16:25:01.656000+00:00,2026-01-06 16:25:02.172428+00:00,601.656,0.245,0.24,0.25,0.755,0.75,0.76,,,,
2026-01-06 16:25:02.594000+00:00,2026-01-06 16:25:03.021298+00:00,602.594,0.275,0.27,0.28,0.725,0.72,0.73,,,,
2026-01-06 16:25:02.738000+00:00,2026-01-06 16:25:03.181002+00:00,602.738,0.275,0.27,0.28,0.725,0.72,0.73,,,,
2026-01-06 16:25:03.557000+00:00,2026-01-06 16:25:04.026256+00:00,603.557,0.28500000000000003,0.28,0.29,0.715,0.71,0.72,,,,
2026-01-06 16:25:03.761000+00:00,2026-01-06 16:25:04.200922+00:00,603.761,0.28500000000000003,0.28,0.29,0.715,0.71,0.72,,,,
2026-01-06 16:25:04.577000+00:00,2026-01-06 16:25:05.032843+00:00,604.577,0.265,0.26,0.27,0.735,0.73,0.74,,,,
2026-01-06 16:25:04.745000+00:00,2026-01-06 16:25:05.204445+00:00,604.745,0.265,0.26,0.27,0.735,0.73,0.74,,,,
2026-01-06 16:25:05.648000+00:00,2026-01-06 16:25:06.043782+00:00,605.648,0.265,0.26,0.27,0.735,0.73,0.74,,,,
2026-01-06 16:25:05.752000+00:00,2026-01-06 16:25:06.200334+00:00,605.752,0.265,0.26,0.27,0.735,0.73,0.74,,,,
2026-01-06 16:25:06.611000+00:00,2026-01-06 16:25:07.055085+00:00,606.611,0.245,0.24,0.25,0.745,0.73,0.76,,,,
2026-01-06 16:25:06.773000+00:00,2026-01-06 16:25:07.225297+00:00,606.773,0.26,0.25,0.27,0.74,0.73,0.75,,,,
2026-01-06 16:25:07.586000+00:00,2026-01-06 16:25:08.065419+00:00,607.586,0.26,0.25,0.27,0.74,0.73,0.75,,,,
2026-01-06 16:25:07.744000+00:00,2026-01-06 16:25:08.238270+00:00,607.744,0.26,0.25,0.27,0.74,0.73,0.75,,,,
2026-01-06 16:25:08.602000+00:00,2026-01-06 16:25:09.071677+00:00,608.602,0.265,0.26,0.27,0.735,0.73,0.74,,,,
2026-01-06 16:25:08.797000+00:00,2026-01-06 16:25:09.237521+00:00,608.797,0.265,0.26,0.27,0.755,0.74,0.77,,,,
2026-01-06 16:25:09.627000+00:00,2026-01-06 16:25:10.072202+00:00,609.627,0.235,0.23,0.24,0.765,0.76,0.77,,,,
2026-01-06 16:25:09.789000+00:00,2026-01-06 16:25:10.234411+00:00,609.789,0.235,0.23,0.24,0.745,0.74,0.75,,,,
2026-01-06 16:25:10.570000+00:00,2026-01-06 16:25:11.070551+00:00,610.57,0.255,0.25,0.26,0.745,0.74,0.75,,,,
2026-01-06 16:25:10.803000+00:00,2026-01-06 16:25:11.239858+00:00,610.803,0.255,0.25,0.26,0.735,0.73,0.74,,,,
2026-01-06 16:25:11.631000+00:00,2026-01-06 16:25:12.065801+00:00,611.631,0.275,0.27,0.28,0.725,0.72,0.73,,,,
2026-01-06 16:25:11.768000+00:00,2026-01-06 16:25:12.236978+00:00,611.768,0.275,0.27,0.28,0.725,0.72,0.73,,,,
2026-01-06 16:25:12.625000+00:00,2026-01-06 16:25:13.072611+00:00,612.625,0.275,0.27,0.28,0.725,0.72,0.73,,,,
2026-01-06 16:25:12.838000+00:00,2026-01-06 16:25:13.255117+00:00,612.838,0.275,0.27,0.28,0.725,0.72,0.73,,,,
2026-01-06 16:25:13.607000+00:00,2026-01-06 16:25:14.065068+00:00,613.607,0.27,0.26,0.28,0.745,0.74,0.75,,,,
2026-01-06 16:25:13.813000+00:00,2026-01-06 16:25:14.258425+00:00,613.813,0.255,0.25,0.26,0.745,0.74,0.75,,,,
2026-01-06 16:25:14.636000+00:00,2026-01-06 16:25:15.080978+00:00,614.636,0.265,0.26,0.27,0.73,0.72,0.74,,,,
2026-01-06 16:25:14.810000+00:00,2026-01-06 16:25:15.269712+00:00,614.81,0.27,0.26,0.28,0.73,0.72,0.74,,,,
2026-01-06 16:25:15.634000+00:00,2026-01-06 16:25:16.088918+00:00,615.634,0.265,0.26,0.27,0.735,0.73,0.74,,,,
2026-01-06 16:25:15.836000+00:00,2026-01-06 16:25:16.285211+00:00,615.836,0.265,0.26,0.27,0.735,0.73,0.74,,,,
2026-01-06 16:25:16.657000+00:00,2026-01-06 16:25:17.104882+00:00,616.657,0.26,0.25,0.27,0.745,0.74,0.75,,,,
2026-01-06 16:25:16.859000+00:00,2026-01-06 16:25:17.297894+00:00,616.859,0.255,0.25,0.26,0.745,0.74,0.75,,,,
2026-01-06 16:25:17.694000+00:00,2026-01-06 16:25:18.114574+00:00,617.694,0.225,0.22,0.23,0.775,0.77,0.78,,,,
2026-01-06 16:25:17.849000+00:00,2026-01-06 16:25:18.304907+00:00,617.849,0.225,0.22,0.23,0.79,0.78,0.8,,,,
2026-01-06 16:25:18.690000+00:00,2026-01-06 16:25:19.126178+00:00,618.69,0.20500000000000002,0.2,0.21,0.795,0.79,0.8,,,,
2026-01-06 16:25:18.806000+00:00,2026-01-06 16:25:19.321910+00:00,618.806,0.20500000000000002,0.2,0.21,0.795,0.79,0.8,,,,
2026-01-06 16:25:19.669000+00:00,2026-01-06 16:25:20.127574+00:00,619.669,0.185,0.18,0.19,0.8049999999999999,0.79,0.82,,,,
2026-01-06 16:25:19.895000+00:00,2026-01-06 16:25:20.335447+00:00,619.895,0.20500000000000002,0.2,0.21,0.795,0.79,0.8,,,,
2026-01-06 16:25:20.666000+00:00,2026-01-06 16:25:21.125780+00:00,620.666,0.19,0.18,0.2,0.81,0.8,0.82,,,,
2026-01-06 16:25:20.913000+00:00,2026-01-06 16:25:21.354876+00:00,620.913,0.19,0.18,0.2,0.81,0.8,0.82,,,,
2026-01-06 16:25:21.695000+00:00,2026-01-06 16:25:22.134430+00:00,621.695,0.16499999999999998,0.15,0.18,0.84,0.83,0.85,,,,
2026-01-06 16:25:21.912000+00:00,2026-01-06 16:25:22.371347+00:00,621.912,0.16,0.15,0.17,0.84,0.83,0.85,,,,
2026-01-06 16:25:22.702000+00:00,2026-01-06 16:25:23.140145+00:00,622.702,0.15000000000000002,0.14,0.16,0.85,0.84,0.86,,,,
2026-01-06 16:25:22.891000+00:00,2026-01-06 16:25:23.377433+00:00,622.891,0.15000000000000002,0.14,0.16,0.855,0.85,0.86,,,,
2026-01-06 16:25:23.695000+00:00,2026-01-06 16:25:24.150084+00:00,623.695,0.135,0.13,0.14,0.86,0.85,0.87,,,,
2026-01-06 16:25:23.855000+00:00,2026-01-06 16:25:24.388156+00:00,623.855,0.14,0.13,0.15,0.86,0.85,0.87,,,,
2026-01-06 16:25:24.720000+00:00,2026-01-06 16:25:25.169112+00:00,624.72,0.135,0.13,0.14,0.86,0.85,0.87,,,,
2026-01-06 16:25:24.916000+00:00,2026-01-06 16:25:25.391976+00:00,624.916,0.14,0.13,0.15,0.865,0.86,0.87,,,,
2026-01-06 16:25:25.723000+00:00,2026-01-06 16:25:26.179963+00:00,625.723,0.125,0.12,0.13,0.875,0.87,0.88,,,,
2026-01-06 16:25:25.931000+00:00,2026-01-06 16:25:26.393247+00:00,625.931,0.12,0.11,0.13,0.885,0.88,0.89,,,,
2026-01-06 16:25:26.682000+00:00,2026-01-06 16:25:27.192685+00:00,626.682,0.11499999999999999,0.11,0.12,0.885,0.88,0.89,,,,
2026-01-06 16:25:26.960000+00:00,2026-01-06 16:25:27.404745+00:00,626.96,0.11499999999999999,0.11,0.12,0.885,0.88,0.89,,,,
2026-01-06 16:25:27.726000+00:00,2026-01-06 16:25:28.201726+00:00,627.726,0.10500000000000001,0.1,0.11,0.895,0.89,0.9,,,,
2026-01-06 16:25:27.957000+00:00,2026-01-06 16:25:28.401514+00:00,627.957,0.10500000000000001,0.1,0.11,0.895,0.89,0.9,,,,
2026-01-06 16:25:28.746000+00:00,2026-01-06 16:25:29.200396+00:00,628.746,0.10500000000000001,0.1,0.11,0.895,0.89,0.9,,,,
2026-01-06 16:25:28.923000+00:00,2026-01-06 16:25:29.401859+00:00,628.923,0.10500000000000001,0.1,0.11,0.895,0.89,0.9,,,,
2026-01-06 16:25:29.768000+00:00,2026-01-06 16:25:30.204642+00:00,629.768,0.08499999999999999,0.08,0.09,0.915,0.91,0.92,,,,
2026-01-06 16:25:29.961000+00:00,2026-01-06 16:25:30.401607+00:00,629.961,0.08499999999999999,0.08,0.09,0.915,0.91,0.92,,,,
2026-01-06 16:25:30.742000+00:00,2026-01-06 16:25:31.193623+00:00,630.742,0.07500000000000001,0.07,0.08,0.925,0.92,0.93,,,,
2026-01-06 16:25:30.960000+00:00,2026-01-06 16:25:31.420658+00:00,630.96,0.07500000000000001,0.07,0.08,0.925,0.92,0.93,,,,
2026-01-06 16:25:31.740000+00:00,2026-01-06 16:25:32.194577+00:00,631.74,0.065,0.06,0.07,0.935,0.93,0.94,,,,
2026-01-06 16:25:32.703000+00:00,2026-01-06 16:25:33.202112+00:00,632.703,0.055,0.05,0.06,0.945,0.94,0.95,,,,
2026-01-06 16:25:32.999000+00:00,2026-01-06 16:25:33.452382+00:00,632.999,0.055,0.05,0.06,0.945,0.94,0.95,,,,
2026-01-06 16:25:33.773000+00:00,2026-01-06 16:25:34.213074+00:00,633.773,0.045,0.04,0.05,0.955,0.95,0.96,,,,
2026-01-06 16:25:33.954000+00:00,2026-01-06 16:25:34.446945+00:00,633.954,0.045,0.04,0.05,0.955,0.95,0.96,,,,
2026-01-06 16:25:34.844000+00:00,2026-01-06 16:25:35.230573+00:00,634.844,0.035,0.03,0.04,0.965,0.96,0.97,,,,
2026-01-06 16:25:35.795000+00:00,2026-01-06 16:25:36.239119+00:00,635.795,0.035,0.03,0.04,0.965,0.96,0.97,,,,
2026-01-06 16:25:35.971000+00:00,2026-01-06 16:25:36.449378+00:00,635.971,0.035,0.03,0.04,0.965,0.96,0.97,,,,
2026-01-06 16:25:36.798000+00:00,2026-01-06 16:25:37.246074+00:00,636.798,0.045,0.04,0.05,0.955,0.95,0.96,,,,
2026-01-06 16:25:37.006000+00:00,2026-01-06 16:25:37.451763+00:00,637.006,0.045,0.04,0.05,0.975,0.97,0.98,,,,
2026-01-06 16:25:37.795000+00:00,2026-01-06 16:25:38.244493+00:00,637.795,0.025,0.02,0.03,0.975,0.97,0.98,,,,
2026-01-06 16:25:38+00:00,2026-01-06 16:25:38.453784+00:00,638.0,0.025,0.02,0.03,0.975,0.97,0.98,,,,
2026-01-06 16:25:38.817000+00:00,2026-01-06 16:25:39.260145+00:00,638.817,0.025,0.02,0.03,0.975,0.97,0.98,,,,
2026-01-06 16:25:39.016000+00:00,2026-01-06 16:25:39.459106+00:00,639.016,0.025,0.02,0.03,0.975,0.97,0.98,,,,
2026-01-06 16:25:39.784000+00:00,2026-01-06 16:25:40.268060+00:00,639.784,0.045,0.04,0.05,0.955,0.95,0.96,,,,
2026-01-06 16:25:40.002000+00:00,2026-01-06 16:25:40.470036+00:00,640.002,0.045,0.04,0.05,0.955,0.95,0.96,,,,
2026-01-06 16:25:40.760000+00:00,2026-01-06 16:25:41.281721+00:00,640.76,0.035,0.03,0.04,0.965,0.96,0.97,,,,
2026-01-06 16:25:41.017000+00:00,2026-01-06 16:25:41.471075+00:00,641.017,0.035,0.03,0.04,0.965,0.96,0.97,,,,
2026-01-06 16:25:41.765000+00:00,2026-01-06 16:25:42.283877+00:00,641.765,0.03,0.02,0.04,0.97,0.96,0.98,,,,
2026-01-06 16:25:42.034000+00:00,2026-01-06 16:25:42.486199+00:00,642.034,0.025,0.02,0.03,0.975,0.97,0.98,,,,
2026-01-06 16:25:42.806000+00:00,2026-01-06 16:25:43.296650+00:00,642.806,0.025,0.02,0.03,0.975,0.97,0.98,,,,
2026-01-06 16:25:43.025000+00:00,2026-01-06 16:25:43.487716+00:00,643.025,0.025,0.02,0.03,0.975,0.97,0.98,,,,
2026-01-06 16:25:43.858000+00:00,2026-01-06 16:25:44.313286+00:00,643.858,0.035,0.03,0.04,0.975,0.97,0.98,,,,
2026-01-06 16:25:44.083000+00:00,2026-01-06 16:25:44.502400+00:00,644.083,0.025,0.02,0.03,0.975,0.97,0.98,,,,
2026-01-06 16:25:44.830000+00:00,2026-01-06 16:25:45.322616+00:00,644.83,0.035,0.03,0.04,0.965,0.96,0.97,,,,
2026-01-06 16:25:45.054000+00:00,2026-01-06 16:25:45.509765+00:00,645.054,0.035,0.03,0.04,0.965,0.96,0.97,,,,
2026-01-06 16:25:45.895000+00:00,2026-01-06 16:25:46.332344+00:00,645.895,0.035,0.03,0.04,0.965,0.96,0.97,,,,
2026-01-06 16:25:46.057000+00:00,2026-01-06 16:25:46.510168+00:00,646.057,0.035,0.03,0.04,0.965,0.96,0.97,,,,
2026-01-06 16:25:46.911000+00:00,2026-01-06 16:25:47.346361+00:00,646.911,0.035,0.03,0.04,0.965,0.96,0.97,,,,
2026-01-06 16:25:47.848000+00:00,2026-01-06 16:25:48.360099+00:00,647.848,0.035,0.03,0.04,0.965,0.96,0.97,,,,
2026-01-06 16:25:47.951000+00:00,2026-01-06 16:25:48.513576+00:00,647.951,0.035,0.03,0.04,0.965,0.96,0.97,,,,
2026-01-06 16:25:48.916000+00:00,2026-01-06 16:25:49.357095+00:00,648.916,0.035,0.03,0.04,0.965,0.96,0.97,,,,
2026-01-06 16:25:49.076000+00:00,2026-01-06 16:25:49.536614+00:00,649.076,0.035,0.03,0.04,0.965,0.96,0.97,,,,
2026-01-06 16:25:49.922000+00:00,2026-01-06 16:25:50.381524+00:00,649.922,0.035,0.03,0.04,0.955,0.95,0.96,,,,
2026-01-06 16:25:50.015000+00:00,2026-01-06 16:25:50.553315+00:00,650.015,0.045,0.04,0.05,0.955,0.95,0.96,,,,
2026-01-06 16:25:50.896000+00:00,2026-01-06 16:25:51.379911+00:00,650.896,0.035,0.03,0.04,0.965,0.96,0.97,,,,
2026-01-06 16:25:51.060000+00:00,2026-01-06 16:25:51.561953+00:00,651.06,0.035,0.03,0.04,0.965,0.96,0.97,,,,
2026-01-06 16:25:51.933000+00:00,2026-01-06 16:25:52.382734+00:00,651.933,0.035,0.03,0.04,0.965,0.96,0.97,,,,
2026-01-06 16:25:52.122000+00:00,2026-01-06 16:25:52.577825+00:00,652.122,0.035,0.03,0.04,0.955,0.95,0.96,,,,
2026-01-06 16:25:52.909000+00:00,2026-01-06 16:25:53.385050+00:00,652.909,0.04,0.03,0.05,0.965,0.96,0.97,,,,
2026-01-06 16:25:53.121000+00:00,2026-01-06 16:25:53.584477+00:00,653.121,0.035,0.03,0.04,0.965,0.96,0.97,,,,
2026-01-06 16:25:53.944000+00:00,2026-01-06 16:25:54.401577+00:00,653.944,0.035,0.03,0.04,0.945,0.94,0.95,,,,
2026-01-06 16:25:54.106000+00:00,2026-01-06 16:25:54.589093+00:00,654.106,0.055,0.05,0.06,0.965,0.96,0.97,,,,
2026-01-06 16:25:54.975000+00:00,2026-01-06 16:25:55.419766+00:00,654.975,0.045,0.04,0.05,0.955,0.95,0.96,,,,
2026-01-06 16:25:55.139000+00:00,2026-01-06 16:25:55.585126+00:00,655.139,0.045,0.04,0.05,0.955,0.95,0.96,,,,
2026-01-06 16:25:55.974000+00:00,2026-01-06 16:25:56.435045+00:00,655.974,0.035,0.03,0.04,0.965,0.96,0.97,,,,
2026-01-06 16:25:56.130000+00:00,2026-01-06 16:25:56.586332+00:00,656.13,0.035,0.03,0.04,0.965,0.96,0.97,,,,
2026-01-06 16:25:56.991000+00:00,2026-01-06 16:25:57.457531+00:00,656.991,0.055,0.05,0.06,0.95,0.94,0.96,,,,
2026-01-06 16:25:57.093000+00:00,2026-01-06 16:25:57.603575+00:00,657.093,0.05,0.04,0.06,0.95,0.94,0.96,,,,
2026-01-06 16:25:58.024000+00:00,2026-01-06 16:25:58.467208+00:00,658.024,0.055,0.05,0.06,0.95,0.94,0.96,,,,
2026-01-06 16:25:58.163000+00:00,2026-01-06 16:25:58.618799+00:00,658.163,0.05,0.04,0.06,0.955,0.95,0.96,,,,
2026-01-06 16:25:59.035000+00:00,2026-01-06 16:25:59.476489+00:00,659.035,0.065,0.06,0.07,0.935,0.93,0.94,,,,
2026-01-06 16:25:59.130000+00:00,2026-01-06 16:25:59.636308+00:00,659.13,0.065,0.06,0.07,0.935,0.93,0.94,,,,
2026-01-06 16:26:00.043000+00:00,2026-01-06 16:26:00.483882+00:00,660.043,0.035,0.03,0.04,0.965,0.96,0.97,,,,
2026-01-06 16:26:00.193000+00:00,2026-01-06 16:26:00.639024+00:00,660.193,0.035,0.03,0.04,0.95,0.94,0.96,,,,
2026-01-06 16:26:01.047000+00:00,2026-01-06 16:26:01.471886+00:00,661.047,0.035,0.03,0.04,0.965,0.96,0.97,,,,
2026-01-06 16:26:01.159000+00:00,2026-01-06 16:26:01.651300+00:00,661.159,0.035,0.03,0.04,0.965,0.96,0.97,,,,
2026-01-06 16:26:02.196000+00:00,2026-01-06 16:26:02.652996+00:00,662.196,0.035,0.03,0.04,0.965,0.96,0.97,,,,
2026-01-06 16:26:02.991000+00:00,2026-01-06 16:26:03.476556+00:00,662.991,0.035,0.03,0.04,0.965,0.96,0.97,,,,
2026-01-06 16:26:03.139000+00:00,2026-01-06 16:26:03.653628+00:00,663.139,0.035,0.03,0.04,0.965,0.96,0.97,,,,
2026-01-06 16:26:04.174000+00:00,2026-01-06 16:26:04.667280+00:00,664.174,0.03,0.02,0.04,0.975,0.97,0.98,,,,
2026-01-06 16:26:04.906000+00:00,2026-01-06 16:26:05.480075+00:00,664.906,0.025,0.02,0.03,0.975,0.97,0.98,,,,
2026-01-06 16:26:05.239000+00:00,2026-01-06 16:26:05.686883+00:00,665.239,0.025,0.02,0.03,0.97,0.96,0.98,,,,
2026-01-06 16:26:05.956000+00:00,2026-01-06 16:26:06.483660+00:00,665.956,0.025,0.02,0.03,0.975,0.97,0.98,,,,
2026-01-06 16:26:06.082000+00:00,2026-01-06 16:26:06.701218+00:00,666.082,0.025,0.02,0.03,0.975,0.97,0.98,,,,
2026-01-06 16:26:07.047000+00:00,2026-01-06 16:26:07.499862+00:00,667.047,0.025,0.02,0.03,0.97,0.96,0.98,,,,
2026-01-06 16:26:07.223000+00:00,2026-01-06 16:26:07.716397+00:00,667.223,0.03,0.02,0.04,0.975,0.96,0.99,,,,
2026-01-06 16:26:08.027000+00:00,2026-01-06 16:26:08.519014+00:00,668.027,0.025,0.02,0.03,0.975,0.97,0.98,,,,
2026-01-06 16:26:08.255000+00:00,2026-01-06 16:26:08.715155+00:00,668.255,0.025,0.02,0.03,0.975,0.97,0.98,,,,
2026-01-06 16:26:09.044000+00:00,2026-01-06 16:26:09.519739+00:00,669.044,0.025,0.02,0.03,0.975,0.97,0.98,,,,
2026-01-06 16:26:09.267000+00:00,2026-01-06 16:26:09.715755+00:00,669.267,0.025,0.02,0.03,0.975,0.97,0.98,,,,
2026-01-06 16:26:10.992000+00:00,2026-01-06 16:26:11.549472+00:00,670.992,0.025,0.02,0.03,0.975,0.97,0.98,,,,
2026-01-06 16:26:10.992000+00:00,2026-01-06 16:26:11.734216+00:00,670.992,0.025,0.02,0.03,0.975,0.97,0.98,,,,
2026-01-06 16:26:12.250000+00:00,2026-01-06 16:26:12.732773+00:00,672.25,0.025,0.02,0.03,0.975,0.97,0.98,,,,
2026-01-06 16:26:12.774000+00:00,2026-01-06 16:26:13.560318+00:00,672.774,0.025,0.02,0.03,0.975,0.97,0.98,,,,
2026-01-06 16:26:13.296000+00:00,2026-01-06 16:26:13.736756+00:00,673.296,0.025,0.02,0.03,0.975,0.97,0.98,,,,
2026-01-06 16:26:14.134000+00:00,2026-01-06 16:26:14.578151+00:00,674.134,0.02,0.01,0.03,0.98,0.97,0.99,,,,
2026-01-06 16:26:14.193000+00:00,2026-01-06 16:26:14.745055+00:00,674.193,0.02,0.01,0.03,0.985,0.98,0.99,,,,
2026-01-06 16:26:15.035000+00:00,2026-01-06 16:26:15.598554+00:00,675.035,0.015,0.01,0.02,0.985,0.98,0.99,,,,
2026-01-06 16:26:15.301000+00:00,2026-01-06 16:26:15.752708+00:00,675.301,0.015,0.01,0.02,0.985,0.98,0.99,,,,
2026-01-06 16:26:16.161000+00:00,2026-01-06 16:26:16.599785+00:00,676.161,0.025,0.02,0.03,0.975,0.97,0.98,,,,
2026-01-06 16:26:16.264000+00:00,2026-01-06 16:26:16.772498+00:00,676.264,0.025,0.02,0.03,0.975,0.97,0.98,,,,
2026-01-06 16:26:17.280000+00:00,2026-01-06 16:26:17.782523+00:00,677.28,0.025,0.02,0.03,0.975,0.97,0.98,,,,
2026-01-06 16:26:17.914000+00:00,2026-01-06 16:26:18.633868+00:00,677.914,0.025,0.02,0.03,0.975,0.97,0.98,,,,
2026-01-06 16:26:18.298000+00:00,2026-01-06 16:26:18.783430+00:00,678.298,0.025,0.02,0.03,0.975,0.97,0.98,,,,
2026-01-06 16:26:19.102000+00:00,2026-01-06 16:26:19.631595+00:00,679.102,0.025,0.02,0.03,0.975,0.97,0.98,,,,
2026-01-06 16:26:19.210000+00:00,2026-01-06 16:26:19.795615+00:00,679.21,0.025,0.02,0.03,0.97,0.96,0.98,,,,
2026-01-06 16:26:20.193000+00:00,2026-01-06 16:26:20.650584+00:00,680.193,0.02,0.01,0.03,0.98,0.97,0.99,,,,
2026-01-06 16:26:20.258000+00:00,2026-01-06 16:26:20.796266+00:00,680.258,0.02,0.01,0.03,0.98,0.97,0.99,,,,
2026-01-06 16:26:21.139000+00:00,2026-01-06 16:26:21.681382+00:00,681.139,0.015,0.01,0.02,0.985,0.98,0.99,,,,
2026-01-06 16:26:21.292000+00:00,2026-01-06 16:26:21.799587+00:00,681.292,0.015,0.01,0.02,0.985,0.98,0.99,,,,
2026-01-06 16:26:22.241000+00:00,2026-01-06 16:26:22.687949+00:00,682.241,0.015,0.01,0.02,0.985,0.98,0.99,,,,
2026-01-06 16:26:22.360000+00:00,2026-01-06 16:26:22.814491+00:00,682.36,0.015,0.01,0.02,0.985,0.98,0.99,,,,
2026-01-06 16:26:23.271000+00:00,2026-01-06 16:26:23.698624+00:00,683.271,0.015,0.01,0.02,0.975,0.96,0.99,,,,
2026-01-06 16:26:23.368000+00:00,2026-01-06 16:26:23.829704+00:00,683.368,0.015,0.01,0.02,0.97,0.96,0.98,,,,
2026-01-06 16:26:24.231000+00:00,2026-01-06 16:26:24.701307+00:00,684.231,0.025,0.02,0.03,0.975,0.97,0.98,,,,
2026-01-06 16:26:24.383000+00:00,2026-01-06 16:26:24.833070+00:00,684.383,0.025,0.02,0.03,0.975,0.97,0.98,,,,
2026-01-06 16:26:25.265000+00:00,2026-01-06 16:26:25.715483+00:00,685.265,0.025,0.02,0.03,0.975,0.97,0.98,,,,
2026-01-06 16:26:25.347000+00:00,2026-01-06 16:26:25.835500+00:00,685.347,0.025,0.02,0.03,0.975,0.97,0.98,,,,
2026-01-06 16:26:26.276000+00:00,2026-01-06 16:26:26.715474+00:00,686.276,0.025,0.02,0.03,0.975,0.97,0.98,,,,
2026-01-06 16:26:26.396000+00:00,2026-01-06 16:26:26.850204+00:00,686.396,0.025,0.02,0.03,0.975,0.97,0.98,,,,
2026-01-06 16:26:27.188000+00:00,2026-01-06 16:26:27.716458+00:00,687.188,0.015,0.01,0.02,0.985,0.98,0.99,,,,
2026-01-06 16:26:27.374000+00:00,2026-01-06 16:26:27.843436+00:00,687.374,0.015,0.01,0.02,0.985,0.98,0.99,,,,
2026-01-06 16:26:28.270000+00:00,2026-01-06 16:26:28.734982+00:00,688.27,0.025,0.02,0.03,0.975,0.97,0.98,,,,
2026-01-06 16:26:28.376000+00:00,2026-01-06 16:26:28.843494+00:00,688.376,0.025,0.02,0.03,0.975,0.97,0.98,,,,
2026-01-06 16:26:29.273000+00:00,2026-01-06 16:26:29.746769+00:00,689.273,0.025,0.02,0.03,0.975,0.97,0.98,,,,
2026-01-06 16:26:29.375000+00:00,2026-01-06 16:26:29.858089+00:00,689.375,0.025,0.02,0.03,0.975,0.97,0.98,,,,
2026-01-06 16:26:30.240000+00:00,2026-01-06 16:26:30.757139+00:00,690.24,0.025,0.02,0.03,0.975,0.97,0.98,,,,
2026-01-06 16:26:30.240000+00:00,2026-01-06 16:26:30.861981+00:00,690.24,0.025,0.02,0.03,0.975,0.97,0.98,,,,
2026-01-06 16:26:31.249000+00:00,2026-01-06 16:26:31.769754+00:00,691.249,0.025,0.02,0.03,0.975,0.97,0.98,,,,
2026-01-06 16:26:31.426000+00:00,2026-01-06 16:26:31.868967+00:00,691.426,0.025,0.02,0.03,0.975,0.97,0.98,,,,
2026-01-06 16:26:32.341000+00:00,2026-01-06 16:26:32.785277+00:00,692.341,0.035,0.03,0.04,0.965,0.96,0.97,,,,
2026-01-06 16:26:32.431000+00:00,2026-01-06 16:26:32.885476+00:00,692.431,0.035,0.03,0.04,0.965,0.96,0.97,,,,
2026-01-06 16:26:33.298000+00:00,2026-01-06 16:26:33.788815+00:00,693.298,0.035,0.03,0.04,0.965,0.96,0.97,,,,
2026-01-06 16:26:33.402000+00:00,2026-01-06 16:26:33.885329+00:00,693.402,0.035,0.03,0.04,0.965,0.96,0.97,,,,
2026-01-06 16:26:34.211000+00:00,2026-01-06 16:26:34.809501+00:00,694.211,0.03,0.02,0.04,0.97,0.96,0.98,,,,
2026-01-06 16:26:34.211000+00:00,2026-01-06 16:26:34.885419+00:00,694.211,0.03,0.02,0.04,0.965,0.96,0.97,,,,
2026-01-06 16:26:35.369000+00:00,2026-01-06 16:26:35.815864+00:00,695.369,0.035,0.03,0.04,0.965,0.96,0.97,,,,
2026-01-06 16:26:35.424000+00:00,2026-01-06 16:26:35.893440+00:00,695.424,0.035,0.03,0.04,0.965,0.96,0.97,,,,
2026-01-06 16:26:36.331000+00:00,2026-01-06 16:26:36.815068+00:00,696.331,0.025,0.02,0.03,0.975,0.97,0.98,,,,
2026-01-06 16:26:36.445000+00:00,2026-01-06 16:26:36.912683+00:00,696.445,0.025,0.02,0.03,0.975,0.97,0.98,,,,
2026-01-06 16:26:37.307000+00:00,2026-01-06 16:26:37.832731+00:00,697.307,0.03,0.02,0.04,0.97,0.96,0.98,,,,
2026-01-06 16:26:37.428000+00:00,2026-01-06 16:26:37.911401+00:00,697.428,0.03,0.02,0.04,0.97,0.96,0.98,,,,
2026-01-06 16:26:38.399000+00:00,2026-01-06 16:26:38.847783+00:00,698.399,0.035,0.03,0.04,0.965,0.96,0.97,,,,
2026-01-06 16:26:38.438000+00:00,2026-01-06 16:26:38.911005+00:00,698.438,0.035,0.03,0.04,0.965,0.96,0.97,,,,
2026-01-06 16:26:39.399000+00:00,2026-01-06 16:26:39.866332+00:00,699.399,0.03,0.02,0.04,0.97,0.96,0.98,,,,
2026-01-06 16:26:39.399000+00:00,2026-01-06 16:26:39.931167+00:00,699.399,0.03,0.02,0.04,0.97,0.96,0.98,,,,
2026-01-06 16:26:40.333000+00:00,2026-01-06 16:26:40.865030+00:00,700.333,0.025,0.02,0.03,0.975,0.97,0.98,,,,
2026-01-06 16:26:40.436000+00:00,2026-01-06 16:26:40.928126+00:00,700.436,0.03,0.02,0.04,0.975,0.97,0.98,,,,
2026-01-06 16:26:41.435000+00:00,2026-01-06 16:26:41.942132+00:00,701.435,0.025,0.02,0.03,0.975,0.97,0.98,,,,
2026-01-06 16:26:41.973000+00:00,2026-01-06 16:26:42.884112+00:00,701.973,0.025,0.02,0.03,0.975,0.97,0.98,,,,
2026-01-06 16:26:42.473000+00:00,2026-01-06 16:26:42.950111+00:00,702.473,0.025,0.02,0.03,0.975,0.97,0.98,,,,
2026-01-06 16:26:43.412000+00:00,2026-01-06 16:26:43.887824+00:00,703.412,0.025,0.02,0.03,0.975,0.97,0.98,,,,
2026-01-06 16:26:43.412000+00:00,2026-01-06 16:26:43.951757+00:00,703.412,0.025,0.02,0.03,0.975,0.97,0.98,,,,
2026-01-06 16:26:44.352000+00:00,2026-01-06 16:26:44.908882+00:00,704.352,0.025,0.02,0.03,0.975,0.97,0.98,,,,
2026-01-06 16:26:44.504000+00:00,2026-01-06 16:26:44.971556+00:00,704.504,0.025,0.02,0.03,0.975,0.97,0.98,,,,
2026-01-06 16:26:45.467000+00:00,2026-01-06 16:26:45.923253+00:00,705.467,0.025,0.02,0.03,0.975,0.97,0.98,,,,
2026-01-06 16:26:45.531000+00:00,2026-01-06 16:26:45.988915+00:00,705.531,0.025,0.02,0.03,0.975,0.97,0.98,,,,
2026-01-06 16:26:46.391000+00:00,2026-01-06 16:26:46.939623+00:00,706.391,0.02,0.01,0.03,0.985,0.98,0.99,,,,
2026-01-06 16:26:46.578000+00:00,2026-01-06 16:26:47.002804+00:00,706.578,0.015,0.01,0.02,0.985,0.98,0.99,,,,
2026-01-06 16:26:47.507000+00:00,2026-01-06 16:26:47.951439+00:00,707.507,0.02,0.01,0.03,0.975,0.97,0.98,,,,
2026-01-06 16:26:47.568000+00:00,2026-01-06 16:26:48.014724+00:00,707.568,0.025,0.02,0.03,0.975,0.97,0.98,,,,
2026-01-06 16:26:48.428000+00:00,2026-01-06 16:26:48.965187+00:00,708.428,0.025,0.02,0.03,0.975,0.97,0.98,,,,
2026-01-06 16:26:48.428000+00:00,2026-01-06 16:26:49.032868+00:00,708.428,0.025,0.02,0.03,0.975,0.97,0.98,,,,
2026-01-06 16:26:49.270000+00:00,2026-01-06 16:26:49.968468+00:00,709.27,0.02,0.01,0.03,0.98,0.97,0.99,,,,
2026-01-06 16:26:49.270000+00:00,2026-01-06 16:26:50.034356+00:00,709.27,0.02,0.01,0.03,0.98,0.97,0.99,,,,
2026-01-06 16:26:50.401000+00:00,2026-01-06 16:26:50.970223+00:00,710.401,0.02,0.01,0.03,0.985,0.98,0.99,,,,
2026-01-06 16:26:50.686000+00:00,2026-01-06 16:26:51.034800+00:00,710.686,0.015,0.01,0.02,0.985,0.98,0.99,,,,
2026-01-06 16:26:51.507000+00:00,2026-01-06 16:26:51.968160+00:00,711.507,0.015,0.01,0.02,0.985,0.98,0.99,,,,
2026-01-06 16:26:51.607000+00:00,2026-01-06 16:26:52.048716+00:00,711.607,0.015,0.01,0.02,0.985,0.98,0.99,,,,
2026-01-06 16:26:52.486000+00:00,2026-01-06 16:26:52.964906+00:00,712.486,0.015,0.01,0.02,0.985,0.98,0.99,,,,
2026-01-06 16:26:52.486000+00:00,2026-01-06 16:26:53.059047+00:00,712.486,0.015,0.01,0.02,0.985,0.98,0.99,,,,
2026-01-06 16:26:53.523000+00:00,2026-01-06 16:26:53.968113+00:00,713.523,0.015,0.01,0.02,0.985,0.98,0.99,,,,
2026-01-06 16:26:53.610000+00:00,2026-01-06 16:26:54.064665+00:00,713.61,0.015,0.01,0.02,0.985,0.98,0.99,,,,
2026-01-06 16:26:54.200000+00:00,2026-01-06 16:26:54.962227+00:00,714.2,0.015,0.01,0.02,0.985,0.98,0.99,,,,
2026-01-06 16:26:54.200000+00:00,2026-01-06 16:26:55.065049+00:00,714.2,0.015,0.01,0.02,0.985,0.98,0.99,,,,
2026-01-06 16:26:55.216000+00:00,2026-01-06 16:26:55.977403+00:00,715.216,0.015,0.01,0.02,0.985,0.98,0.99,,,,
2026-01-06 16:26:55.580000+00:00,2026-01-06 16:26:56.071648+00:00,715.58,0.015,0.01,0.02,0.985,0.98,0.99,,,,
2026-01-06 16:26:56.535000+00:00,2026-01-06 16:26:56.981311+00:00,716.535,0.02,0.01,0.03,0.98,0.97,0.99,,,,
2026-01-06 16:26:56.606000+00:00,2026-01-06 16:26:57.082527+00:00,716.606,0.02,0.01,0.03,0.98,0.97,0.99,,,,
2026-01-06 16:26:57.339000+00:00,2026-01-06 16:26:57.977276+00:00,717.339,0.015,0.01,0.02,0.985,0.98,0.99,,,,
2026-01-06 16:26:57.339000+00:00,2026-01-06 16:26:58.086174+00:00,717.339,0.015,0.01,0.02,0.985,0.98,0.99,,,,
2026-01-06 16:26:58.540000+00:00,2026-01-06 16:26:58.994421+00:00,718.54,0.025,0.02,0.03,0.975,0.97,0.98,,,,
2026-01-06 16:26:58.540000+00:00,2026-01-06 16:26:59.095562+00:00,718.54,0.025,0.02,0.03,0.975,0.97,0.98,,,,
2026-01-06 16:26:59.546000+00:00,2026-01-06 16:27:00.006159+00:00,719.546,0.015,0.01,0.02,0.985,0.98,0.99,,,,
2026-01-06 16:26:59.596000+00:00,2026-01-06 16:27:00.100750+00:00,719.596,0.015,0.01,0.02,0.985,0.98,0.99,,,,
2026-01-06 16:27:00.544000+00:00,2026-01-06 16:27:01.027832+00:00,720.544,0.015,0.01,0.02,0.985,0.98,0.99,,,,
2026-01-06 16:27:00.672000+00:00,2026-01-06 16:27:01.115573+00:00,720.672,0.015,0.01,0.02,0.985,0.98,0.99,,,,
2026-01-06 16:27:01.609000+00:00,2026-01-06 16:27:02.036629+00:00,721.609,0.015,0.01,0.02,0.985,0.98,0.99,,,,
2026-01-06 16:27:01.609000+00:00,2026-01-06 16:27:02.132270+00:00,721.609,0.015,0.01,0.02,0.985,0.98,0.99,,,,
2026-01-06 16:27:02.574000+00:00,2026-01-06 16:27:03.050035+00:00,722.574,0.015,0.01,0.02,0.985,0.98,0.99,,,,
2026-01-06 16:27:02.574000+00:00,2026-01-06 16:27:03.136878+00:00,722.574,0.015,0.01,0.02,0.985,0.98,0.99,,,,
2026-01-06 16:27:03.624000+00:00,2026-01-06 16:27:04.062758+00:00,723.624,0.015,0.01,0.02,0.985,0.98,0.99,,,,
2026-01-06 16:27:03.624000+00:00,2026-01-06 16:27:04.124714+00:00,723.624,0.015,0.01,0.02,0.985,0.98,0.99,,,,
2026-01-06 16:27:04.533000+00:00,2026-01-06 16:27:05.075249+00:00,724.533,0.015,0.01,0.02,0.985,0.98,0.99,,,,
2026-01-06 16:27:04.630000+00:00,2026-01-06 16:27:05.122388+00:00,724.63,0.015,0.01,0.02,0.985,0.98,0.99,,,,
2026-01-06 16:27:05.566000+00:00,2026-01-06 16:27:06.088185+00:00,725.566,0.015,0.01,0.02,0.985,0.98,0.99,,,,
2026-01-06 16:27:05.566000+00:00,2026-01-06 16:27:06.136195+00:00,725.566,0.015,0.01,0.02,0.985,0.98,0.99,,,,
2026-01-06 16:27:06.528000+00:00,2026-01-06 16:27:07.098598+00:00,726.528,0.015,0.01,0.02,0.985,0.98,0.99,,,,
2026-01-06 16:27:06.528000+00:00,2026-01-06 16:27:07.131941+00:00,726.528,0.015,0.01,0.02,0.985,0.98,0.99,,,,
2026-01-06 16:27:07.605000+00:00,2026-01-06 16:27:08.113264+00:00,727.605,0.015,0.01,0.02,0.985,0.98,0.99,,,,
2026-01-06 16:27:07.744000+00:00,2026-01-06 16:27:08.159491+00:00,727.744,0.015,0.01,0.02,0.985,0.98,0.99,,,,
2026-01-06 16:27:08.615000+00:00,2026-01-06 16:27:09.133676+00:00,728.615,0.015,0.01,0.02,0.985,0.98,0.99,,,,
2026-01-06 16:27:08.742000+00:00,2026-01-06 16:27:09.180093+00:00,728.742,0.015,0.01,0.02,0.985,0.98,0.99,,,,
2026-01-06 16:27:09.529000+00:00,2026-01-06 16:27:10.154225+00:00,729.529,0.015,0.01,0.02,0.985,0.98,0.99,,,,
2026-01-06 16:27:09.529000+00:00,2026-01-06 16:27:10.185911+00:00,729.529,0.015,0.01,0.02,0.985,0.98,0.99,,,,
2026-01-06 16:27:10.557000+00:00,2026-01-06 16:27:11.162988+00:00,730.557,0.015,0.01,0.02,0.985,0.98,0.99,,,,
2026-01-06 16:27:10.557000+00:00,2026-01-06 16:27:11.196781+00:00,730.557,0.015,0.01,0.02,0.985,0.98,0.99,,,,
2026-01-06 16:27:11.725000+00:00,2026-01-06 16:27:12.167503+00:00,731.725,0.015,0.01,0.02,0.985,0.98,0.99,,,,
2026-01-06 16:27:11.725000+00:00,2026-01-06 16:27:12.200103+00:00,731.725,0.015,0.01,0.02,0.985,0.98,0.99,,,,
2026-01-06 16:27:12.736000+00:00,2026-01-06 16:27:13.178653+00:00,732.736,0.015,0.01,0.02,0.985,0.98,0.99,,,,
2026-01-06 16:27:12.736000+00:00,2026-01-06 16:27:13.194659+00:00,732.736,0.015,0.01,0.02,0.985,0.98,0.99,,,,
2026-01-06 16:27:13.661000+00:00,2026-01-06 16:27:14.188663+00:00,733.661,0.015,0.01,0.02,0.985,0.98,0.99,,,,
2026-01-06 16:27:13.661000+00:00,2026-01-06 16:27:14.204253+00:00,733.661,0.015,0.01,0.02,0.985,0.98,0.99,,,,
2026-01-06 16:27:14.683000+00:00,2026-01-06 16:27:15.199176+00:00,734.683,0.015,0.01,0.02,0.985,0.98,0.99,,,,
2026-01-06 16:27:14.683000+00:00,2026-01-06 16:27:15.215188+00:00,734.683,0.015,0.01,0.02,0.985,0.98,0.99,,,,
2026-01-06 16:27:15.717000+00:00,2026-01-06 16:27:16.215202+00:00,735.717,0.015,0.01,0.02,0.985,0.98,0.99,,,,
2026-01-06 16:27:15.717000+00:00,2026-01-06 16:27:16.231221+00:00,735.717,0.015,0.01,0.02,0.985,0.98,0.99,,,,
2026-01-06 16:27:16.664000+00:00,2026-01-06 16:27:17.236235+00:00,736.664,0.015,0.01,0.02,0.985,0.98,0.99,,,,
2026-01-06 16:27:16.664000+00:00,2026-01-06 16:27:17.252652+00:00,736.664,0.015,0.01,0.02,0.985,0.98,0.99,,,,
2026-01-06 16:27:17.696000+00:00,2026-01-06 16:27:18.243390+00:00,737.696,0.015,0.01,0.02,0.985,0.98,0.99,,,,
2026-01-06 16:27:17.807000+00:00,2026-01-06 16:27:18.258577+00:00,737.807,0.015,0.01,0.02,0.985,0.98,0.99,,,,
2026-01-06 16:27:18.754000+00:00,2026-01-06 16:27:19.249752+00:00,738.754,0.015,0.01,0.02,0.985,0.98,0.99,,,,
2026-01-06 16:27:18.754000+00:00,2026-01-06 16:27:19.266927+00:00,738.754,0.015,0.01,0.02,0.985,0.98,0.99,,,,
2026-01-06 16:27:19.816000+00:00,2026-01-06 16:27:20.266453+00:00,739.816,0.015,0.01,0.02,0.985,0.98,0.99,,,,
2026-01-06 16:27:19.761000+00:00,2026-01-06 16:27:20.248769+00:00,739.761,0.015,0.01,0.02,0.985,0.98,0.99,,,,
2026-01-06 16:27:20.828000+00:00,2026-01-06 16:27:21.265173+00:00,740.828,0.015,0.01,0.02,0.985,0.98,0.99,,,,
2026-01-06 16:27:20.828000+00:00,2026-01-06 16:27:21.280790+00:00,740.828,0.015,0.01,0.02,0.985,0.98,0.99,,,,
2026-01-06 16:27:21.820000+00:00,2026-01-06 16:27:22.278616+00:00,741.82,0.015,0.01,0.02,0.985,0.98,0.99,,,,
2026-01-06 16:27:21.820000+00:00,2026-01-06 16:27:22.294098+00:00,741.82,0.015,0.01,0.02,0.985,0.98,0.99,,,,
2026-01-06 16:27:22.729000+00:00,2026-01-06 16:27:23.273458+00:00,742.729,0.015,0.01,0.02,0.985,0.98,0.99,,,,
2026-01-06 16:27:22.843000+00:00,2026-01-06 16:27:23.304535+00:00,742.843,0.015,0.01,0.02,0.985,0.98,0.99,,,,
2026-01-06 16:27:23.794000+00:00,2026-01-06 16:27:24.271474+00:00,743.794,0.015,0.01,0.02,0.985,0.98,0.99,,,,
2026-01-06 16:27:23.794000+00:00,2026-01-06 16:27:24.318158+00:00,743.794,0.015,0.01,0.02,0.985,0.98,0.99,,,,
2026-01-06 16:27:24.834000+00:00,2026-01-06 16:27:25.281031+00:00,744.834,0.015,0.01,0.02,0.985,0.98,0.99,,,,
2026-01-06 16:27:24.834000+00:00,2026-01-06 16:27:25.330959+00:00,744.834,0.015,0.01,0.02,0.985,0.98,0.99,,,,
2026-01-06 16:27:25.779000+00:00,2026-01-06 16:27:26.278045+00:00,745.779,0.015,0.01,0.02,0.985,0.98,0.99,,,,
2026-01-06 16:27:25.853000+00:00,2026-01-06 16:27:26.346415+00:00,745.853,0.015,0.01,0.02,0.985,0.98,0.99,,,,
2026-01-06 16:27:26.826000+00:00,2026-01-06 16:27:27.295171+00:00,746.826,0.015,0.01,0.02,0.985,0.98,0.99,,,,
2026-01-06 16:27:26.826000+00:00,2026-01-06 16:27:27.345383+00:00,746.826,0.015,0.01,0.02,0.985,0.98,0.99,,,,
2026-01-06 16:27:27.792000+00:00,2026-01-06 16:27:28.295856+00:00,747.792,0.015,0.01,0.02,0.985,0.98,0.99,,,,
2026-01-06 16:27:27.792000+00:00,2026-01-06 16:27:28.362832+00:00,747.792,0.015,0.01,0.02,0.985,0.98,0.99,,,,
2026-01-06 16:27:28.692000+00:00,2026-01-06 16:27:29.299959+00:00,748.692,0.015,0.01,0.02,0.985,0.98,0.99,,,,
2026-01-06 16:27:29.866000+00:00,2026-01-06 16:27:30.301891+00:00,749.866,0.015,0.01,0.02,0.985,0.98,0.99,,,,
2026-01-06 16:27:29.895000+00:00,2026-01-06 16:27:30.362506+00:00,749.895,0.015,0.01,0.02,0.985,0.98,0.99,,,,
2026-01-06 16:27:30.667000+00:00,2026-01-06 16:27:31.310886+00:00,750.667,0.015,0.01,0.02,0.985,0.98,0.99,,,,
2026-01-06 16:27:30.667000+00:00,2026-01-06 16:27:31.357993+00:00,750.667,0.015,0.01,0.02,0.985,0.98,0.99,,,,
2026-01-06 16:27:31.790000+00:00,2026-01-06 16:27:32.316765+00:00,751.79,0.015,0.01,0.02,0.99,0.99,,,,,
2026-01-06 16:27:31.930000+00:00,2026-01-06 16:27:32.378312+00:00,751.93,0.01,,0.01,0.99,0.99,,,,,
2026-01-06 16:27:32.884000+00:00,2026-01-06 16:27:33.326576+00:00,752.884,0.01,,0.01,0.99,0.99,,,,,
2026-01-06 16:27:32.939000+00:00,2026-01-06 16:27:33.381617+00:00,752.939,0.01,,0.01,0.99,0.99,,,,,
2026-01-06 16:27:33.876000+00:00,2026-01-06 16:27:34.341241+00:00,753.876,0.01,,0.01,0.99,0.99,,,,,
2026-01-06 16:27:33.876000+00:00,2026-01-06 16:27:34.388937+00:00,753.876,0.01,,0.01,0.99,0.99,,,,,
2026-01-06 16:27:34.361000+00:00,2026-01-06 16:27:35.345372+00:00,754.361,0.01,,0.01,0.99,0.99,,,,,
2026-01-06 16:27:34.942000+00:00,2026-01-06 16:27:35.392105+00:00,754.942,0.01,,0.01,0.99,0.99,,,,,
2026-01-06 16:27:35.730000+00:00,2026-01-06 16:27:36.365619+00:00,755.73,0.01,,0.01,0.99,0.99,,,,,
2026-01-06 16:27:35.730000+00:00,2026-01-06 16:27:36.397435+00:00,755.73,0.01,,0.01,0.99,0.99,,,,,
2026-01-06 16:27:36.899000+00:00,2026-01-06 16:27:38.397205+00:00,756.899,0.01,,0.01,0.99,0.99,,,,,
2026-01-06 16:27:36.899000+00:00,2026-01-06 16:27:38.412926+00:00,756.899,0.01,,0.01,0.99,0.99,,,,,
2026-01-06 16:27:38.774000+00:00,2026-01-06 16:27:39.423317+00:00,758.774,0.01,,0.01,0.99,0.99,,,,,
2026-01-06 16:27:38.774000+00:00,2026-01-06 16:27:39.407447+00:00,758.774,0.01,,0.01,0.99,0.99,,,,,
2026-01-06 16:27:39.777000+00:00,2026-01-06 16:27:40.429228+00:00,759.777,0.01,,0.01,0.99,0.99,,,,,
2026-01-06 16:27:40.965000+00:00,2026-01-06 16:27:41.430127+00:00,760.965,0.01,,0.01,0.99,0.99,,,,,
2026-01-06 16:27:41.001000+00:00,2026-01-06 16:27:42.445233+00:00,761.001,0.01,,0.01,0.99,0.99,,,,,
2026-01-06 16:27:41.001000+00:00,2026-01-06 16:27:42.445233+00:00,761.001,0.01,,0.01,0.99,0.99,,,,,
2026-01-06 16:27:42.447000+00:00,2026-01-06 16:27:43.449553+00:00,762.447,0.01,,0.01,0.99,0.99,,,,,
2026-01-06 16:27:42.447000+00:00,2026-01-06 16:27:43.449553+00:00,762.447,0.01,,0.01,0.99,0.99,,,,,
2026-01-06 16:27:43.651000+00:00,2026-01-06 16:27:44.445557+00:00,763.651,0.01,,0.01,0.99,0.99,,,,,
2026-01-06 16:27:43.651000+00:00,2026-01-06 16:27:44.445557+00:00,763.651,0.01,,0.01,0.99,0.99,,,,,
2026-01-06 16:27:44.896000+00:00,2026-01-06 16:27:45.455514+00:00,764.896,0.01,,0.01,0.99,0.99,,,,,
2026-01-06 16:27:44.896000+00:00,2026-01-06 16:27:45.455514+00:00,764.896,0.01,,0.01,0.99,0.99,,,,,
2026-01-06 16:27:45.783000+00:00,2026-01-06 16:27:46.464627+00:00,765.783,0.01,,0.01,0.99,0.99,,,,,
2026-01-06 16:27:45.783000+00:00,2026-01-06 16:27:46.459008+00:00,765.783,0.01,,0.01,0.99,0.99,,,,,
2026-01-06 16:27:46.951000+00:00,2026-01-06 16:27:47.472130+00:00,766.951,0.01,,0.01,0.99,0.99,,,,,
2026-01-06 16:27:46.951000+00:00,2026-01-06 16:27:47.473269+00:00,766.951,0.01,,0.01,0.99,0.99,,,,,
2026-01-06 16:27:47.964000+00:00,2026-01-06 16:27:48.482243+00:00,767.964,0.01,,0.01,0.99,0.99,,,,,
2026-01-06 16:27:47.964000+00:00,2026-01-06 16:27:48.482243+00:00,767.964,0.01,,0.01,0.99,0.99,,,,,
2026-01-06 16:27:48.657000+00:00,2026-01-06 16:27:49.502312+00:00,768.657,0.01,,0.01,0.99,0.99,,,,,
2026-01-06 16:27:48.657000+00:00,2026-01-06 16:27:49.502312+00:00,768.657,0.01,,0.01,0.99,0.99,,,,,
2026-01-06 16:27:50.696000+00:00,2026-01-06 16:27:51.509490+00:00,770.696,0.01,,0.01,0.99,0.99,,,,,
2026-01-06 16:27:50.696000+00:00,2026-01-06 16:27:51.540285+00:00,770.696,0.01,,0.01,0.99,0.99,,,,,
2026-01-06 16:27:51.737000+00:00,2026-01-06 16:27:52.515481+00:00,771.737,0.01,,0.01,0.99,0.99,,,,,
2026-01-06 16:27:51.737000+00:00,2026-01-06 16:27:52.549024+00:00,771.737,0.01,,0.01,0.99,0.99,,,,,
2026-01-06 16:27:53.043000+00:00,2026-01-06 16:27:53.529777+00:00,773.043,0.01,,0.01,0.99,0.99,,,,,
2026-01-06 16:27:53.043000+00:00,2026-01-06 16:27:53.546511+00:00,773.043,0.01,,0.01,0.99,0.99,,,,,
2026-01-06 16:27:54.072000+00:00,2026-01-06 16:27:54.534016+00:00,774.072,0.01,,0.01,0.99,0.99,,,,,
2026-01-06 16:27:54.114000+00:00,2026-01-06 16:27:54.550720+00:00,774.114,0.01,,0.01,0.99,0.99,,,,,
2026-01-06 16:27:55.858000+00:00,2026-01-06 16:27:56.548570+00:00,775.858,0.01,,0.01,0.99,0.99,,,,,
2026-01-06 16:27:55.858000+00:00,2026-01-06 16:27:56.564835+00:00,775.858,0.01,,0.01,0.99,0.99,,,,,
2026-01-06 16:27:56.922000+00:00,2026-01-06 16:27:57.547275+00:00,776.922,0.01,,0.01,0.99,0.99,,,,,
2026-01-06 16:27:56.922000+00:00,2026-01-06 16:27:57.580737+00:00,776.922,0.01,,0.01,0.99,0.99,,,,,
2026-01-06 16:27:57.169000+00:00,2026-01-06 16:27:58.584070+00:00,777.169,0.01,,0.01,0.99,0.99,,,,,
2026-01-06 16:27:57.169000+00:00,2026-01-06 16:27:58.551867+00:00,777.169,0.01,,0.01,0.99,0.99,,,,,
2026-01-06 16:27:59.134000+00:00,2026-01-06 16:27:59.578545+00:00,779.134,0.01,,0.01,0.99,0.99,,,,,
2026-01-06 16:27:59.134000+00:00,2026-01-06 16:27:59.563397+00:00,779.134,0.01,,0.01,0.99,0.99,,,,,
2026-01-06 16:28:00.073000+00:00,2026-01-06 16:28:00.581768+00:00,780.073,0.01,,0.01,0.99,0.99,,,,,
2026-01-06 16:28:00.073000+00:00,2026-01-06 16:28:00.566431+00:00,780.073,0.01,,0.01,0.99,0.99,,,,,
2026-01-06 16:28:01.503000+00:00,2026-01-06 16:28:02.565808+00:00,781.503,0.01,,0.01,0.99,0.99,,,,,
2026-01-06 16:28:01.503000+00:00,2026-01-06 16:28:02.597938+00:00,781.503,0.01,,0.01,0.99,0.99,,,,,
2026-01-06 16:28:02.711000+00:00,2026-01-06 16:28:03.586315+00:00,782.711,0.01,,0.01,0.99,0.99,,,,,
2026-01-06 16:28:02.711000+00:00,2026-01-06 16:28:03.602415+00:00,782.711,0.01,,0.01,0.99,0.99,,,,,
2026-01-06 16:28:04.903000+00:00,2026-01-06 16:28:05.626058+00:00,784.903,0.01,,0.01,0.99,0.99,,,,,
2026-01-06 16:28:04.903000+00:00,2026-01-06 16:28:05.626058+00:00,784.903,0.01,,0.01,0.99,0.99,,,,,
2026-01-06 16:28:06.117000+00:00,2026-01-06 16:28:06.639083+00:00,786.117,0.01,,0.01,0.99,0.99,,,,,
2026-01-06 16:28:06.117000+00:00,2026-01-06 16:28:06.639083+00:00,786.117,0.01,,0.01,0.99,0.99,,,,,
2026-01-06 16:28:07.394000+00:00,2026-01-06 16:28:08.646285+00:00,787.394,0.01,,0.01,0.99,0.99,,,,,
2026-01-06 16:28:07.394000+00:00,2026-01-06 16:28:08.646285+00:00,787.394,0.01,,0.01,0.99,0.99,,,,,
2026-01-06 16:28:08.651000+00:00,2026-01-06 16:28:09.648322+00:00,788.651,0.01,,0.01,0.99,0.99,,,,,
2026-01-06 16:28:08.651000+00:00,2026-01-06 16:28:09.648322+00:00,788.651,0.01,,0.01,0.99,0.99,,,,,
2026-01-06 16:28:09.492000+00:00,2026-01-06 16:28:10.668626+00:00,789.492,0.01,,0.01,0.99,0.99,,,,,
2026-01-06 16:28:09.492000+00:00,2026-01-06 16:28:10.668626+00:00,789.492,0.01,,0.01,0.99,0.99,,,,,
2026-01-06 16:28:10.844000+00:00,2026-01-06 16:28:11.679454+00:00,790.844,0.01,,0.01,0.99,0.99,,,,,
2026-01-06 16:28:10.844000+00:00,2026-01-06 16:28:11.679454+00:00,790.844,0.01,,0.01,0.99,0.99,,,,,
2026-01-06 16:28:11.872000+00:00,2026-01-06 16:28:12.706009+00:00,791.872,0.01,,0.01,0.99,0.99,,,,,
2026-01-06 16:28:11.872000+00:00,2026-01-06 16:28:12.690262+00:00,791.872,0.01,,0.01,0.99,0.99,,,,,
2026-01-06 16:28:13.126000+00:00,2026-01-06 16:28:13.703468+00:00,793.126,0.01,,0.01,0.99,0.99,,,,,
2026-01-06 16:28:13.126000+00:00,2026-01-06 16:28:13.703468+00:00,793.126,0.01,,0.01,0.99,0.99,,,,,
2026-01-06 16:28:14.545000+00:00,2026-01-06 16:28:15.729278+00:00,794.545,0.01,,0.01,0.99,0.99,,,,,
2026-01-06 16:28:14.545000+00:00,2026-01-06 16:28:15.729278+00:00,794.545,0.01,,0.01,0.99,0.99,,,,,
2026-01-06 16:28:16.865000+00:00,2026-01-06 16:28:18.758717+00:00,796.865,0.01,,0.01,0.99,0.99,,,,,
2026-01-06 16:28:16.865000+00:00,2026-01-06 16:28:18.758717+00:00,796.865,0.01,,0.01,0.99,0.99,,,,,
2026-01-06 16:28:19.077000+00:00,2026-01-06 16:28:19.780336+00:00,799.077,0.01,,0.01,0.99,0.99,,,,,
2026-01-06 16:28:19.077000+00:00,2026-01-06 16:28:19.780336+00:00,799.077,0.01,,0.01,0.99,0.99,,,,,
2026-01-06 16:28:20.262000+00:00,2026-01-06 16:28:20.794388+00:00,800.262,0.01,,0.01,0.99,0.99,,,,,
2026-01-06 16:28:20.262000+00:00,2026-01-06 16:28:20.794388+00:00,800.262,0.01,,0.01,0.99,0.99,,,,,
2026-01-06 16:28:21.293000+00:00,2026-01-06 16:28:21.794885+00:00,801.293,0.01,,0.01,0.99,0.99,,,,,
2026-01-06 16:28:21.293000+00:00,2026-01-06 16:28:21.810857+00:00,801.293,0.01,,0.01,0.99,0.99,,,,,
2026-01-06 16:28:22.294000+00:00,2026-01-06 16:28:22.820894+00:00,802.294,0.01,,0.01,0.99,0.99,,,,,
2026-01-06 16:28:22.294000+00:00,2026-01-06 16:28:22.805481+00:00,802.294,0.01,,0.01,0.99,0.99,,,,,
2026-01-06 16:28:23.212000+00:00,2026-01-06 16:28:23.821417+00:00,803.212,0.01,,0.01,0.99,0.99,,,,,
2026-01-06 16:28:23.212000+00:00,2026-01-06 16:28:23.836782+00:00,803.212,0.01,,0.01,0.99,0.99,,,,,
2026-01-06 16:28:24.300000+00:00,2026-01-06 16:28:24.845463+00:00,804.3,0.01,,0.01,0.99,0.99,,,,,
2026-01-06 16:28:24.300000+00:00,2026-01-06 16:28:24.830153+00:00,804.3,0.01,,0.01,0.99,0.99,,,,,
2026-01-06 16:28:25.967000+00:00,2026-01-06 16:28:26.856749+00:00,805.967,0.01,,0.01,0.99,0.99,,,,,
2026-01-06 16:28:25.967000+00:00,2026-01-06 16:28:26.858742+00:00,805.967,0.01,,0.01,0.99,0.99,,,,,
2026-01-06 16:28:27.688000+00:00,2026-01-06 16:28:28.874249+00:00,807.688,0.01,,0.01,0.99,0.99,,,,,
2026-01-06 16:28:27.688000+00:00,2026-01-06 16:28:28.858612+00:00,807.688,0.01,,0.01,0.99,0.99,,,,,
2026-01-06 16:28:29.054000+00:00,2026-01-06 16:28:29.860780+00:00,809.054,0.01,,0.01,0.99,0.99,,,,,
2026-01-06 16:28:29.054000+00:00,2026-01-06 16:28:29.876036+00:00,809.054,0.01,,0.01,0.99,0.99,,,,,
2026-01-06 16:28:30.320000+00:00,2026-01-06 16:28:30.866393+00:00,810.32,0.01,,0.01,0.99,0.99,,,,,
2026-01-06 16:28:30.320000+00:00,2026-01-06 16:28:30.881705+00:00,810.32,0.01,,0.01,0.99,0.99,,,,,
2026-01-06 16:28:31.809000+00:00,2026-01-06 16:28:32.881124+00:00,811.809,0.01,,0.01,0.99,0.99,,,,,
2026-01-06 16:28:31.809000+00:00,2026-01-06 16:28:32.914306+00:00,811.809,0.01,,0.01,0.99,0.99,,,,,
2026-01-06 16:28:32.550000+00:00,2026-01-06 16:28:33.916370+00:00,812.55,0.01,,0.01,0.99,0.99,,,,,
2026-01-06 16:28:32.550000+00:00,2026-01-06 16:28:34.906128+00:00,812.55,0.01,,0.01,0.99,0.99,,,,,
2026-01-06 16:28:34.671000+00:00,2026-01-06 16:28:35.924033+00:00,814.671,0.01,,0.01,0.99,0.99,,,,,
2026-01-06 16:28:34.671000+00:00,2026-01-06 16:28:35.939888+00:00,814.671,0.01,,0.01,0.99,0.99,,,,,
2026-01-06 16:28:35.700000+00:00,2026-01-06 16:28:36.931970+00:00,815.7,0.01,,0.01,0.99,0.99,,,,,
2026-01-06 16:28:35.700000+00:00,2026-01-06 16:28:36.964049+00:00,815.7,0.01,,0.01,0.99,0.99,,,,,
2026-01-06 16:28:36.535000+00:00,2026-01-06 16:28:37.944175+00:00,816.535,0.01,,0.01,0.99,0.99,,,,,
2026-01-06 16:28:36.535000+00:00,2026-01-06 16:28:37.959219+00:00,816.535,0.01,,0.01,0.99,0.99,,,,,
2026-01-06 16:28:38.174000+00:00,2026-01-06 16:28:38.947098+00:00,818.174,0.01,,0.01,0.99,0.99,,,,,
2026-01-06 16:28:38.174000+00:00,2026-01-06 16:28:38.964028+00:00,818.174,0.01,,0.01,0.99,0.99,,,,,
2026-01-06 16:28:39.784000+00:00,2026-01-06 16:28:40.960920+00:00,819.784,0.01,,0.01,0.99,0.99,,,,,
2026-01-06 16:28:39.784000+00:00,2026-01-06 16:28:40.962990+00:00,819.784,0.01,,0.01,0.99,0.99,,,,,
2026-01-06 16:28:41.525000+00:00,2026-01-06 16:28:41.967269+00:00,821.525,0.01,,0.01,0.99,0.99,,,,,
2026-01-06 16:28:41.525000+00:00,2026-01-06 16:28:41.982947+00:00,821.525,0.01,,0.01,0.99,0.99,,,,,
2026-01-06 16:28:42.475000+00:00,2026-01-06 16:28:42.974283+00:00,822.475,0.01,,0.01,0.99,0.99,,,,,
2026-01-06 16:28:42.475000+00:00,2026-01-06 16:28:42.990284+00:00,822.475,0.01,,0.01,0.99,0.99,,,,,
2026-01-06 16:28:43+00:00,2026-01-06 16:28:44.977641+00:00,823.0,0.01,,0.01,0.99,0.99,,,,,
2026-01-06 16:28:43+00:00,2026-01-06 16:28:45.010241+00:00,823.0,0.01,,0.01,0.99,0.99,,,,,
2026-01-06 16:28:45.136000+00:00,2026-01-06 16:28:45.993501+00:00,825.136,0.01,,0.01,0.99,0.99,,,,,
2026-01-06 16:28:45.136000+00:00,2026-01-06 16:28:46.010825+00:00,825.136,0.01,,0.01,0.99,0.99,,,,,
2026-01-06 16:28:46.568000+00:00,2026-01-06 16:28:49.005053+00:00,826.568,0.01,,0.01,0.99,0.99,,,,,
2026-01-06 16:28:46.568000+00:00,2026-01-06 16:28:49.020538+00:00,826.568,0.01,,0.01,0.99,0.99,,,,,
2026-01-06 16:28:49.127000+00:00,2026-01-06 16:28:51.028376+00:00,829.127,0.01,,0.01,0.99,0.99,,,,,
2026-01-06 16:28:51.454000+00:00,2026-01-06 16:28:52.046703+00:00,831.454,0.01,,0.01,0.99,0.99,,,,,
2026-01-06 16:28:52.948000+00:00,2026-01-06 16:28:56.060930+00:00,832.948,0.01,,0.01,0.99,0.99,,,,,
2026-01-06 16:28:56.968000+00:00,2026-01-06 16:28:58.052344+00:00,836.968,0.01,,0.01,0.99,0.99,,,,,
2026-01-06 16:28:58.616000+00:00,2026-01-06 16:28:59.065179+00:00,838.616,0.01,,0.01,0.99,0.99,,,,,
2026-01-06 16:28:59.763000+00:00,2026-01-06 16:29:00.386777+00:00,839.763,0.01,,0.01,0.99,0.99,,,,,
2026-01-06 16:29:00.483000+00:00,2026-01-06 16:29:01.082182+00:00,840.483,0.01,,0.01,0.99,0.99,,,,,
2026-01-06 16:29:01.603000+00:00,2026-01-06 16:29:02.083324+00:00,841.603,0.01,,0.01,0.99,0.99,,,,,
2026-01-06 16:29:02.677000+00:00,2026-01-06 16:29:03.197346+00:00,842.677,0.01,,0.01,0.99,0.99,,,,,
2026-01-06 16:29:03.794000+00:00,2026-01-06 16:29:05.228285+00:00,843.794,0.01,,0.01,0.99,0.99,,,,,
2026-01-06 16:29:05.825000+00:00,2026-01-06 16:29:06.251160+00:00,845.825,0.01,,0.01,0.99,0.99,,,,,
2026-01-06 16:29:06.926000+00:00,2026-01-06 16:29:07.345831+00:00,846.926,0.01,,0.01,0.99,0.99,,,,,
2026-01-06 16:29:07.461000+00:00,2026-01-06 16:29:08.356915+00:00,847.461,0.01,,0.01,0.99,0.99,,,,,
2026-01-06 16:29:08.362000+00:00,2026-01-06 16:29:09.362161+00:00,848.362,0.01,,0.01,0.99,0.99,,,,,
2026-01-06 16:29:09.168000+00:00,2026-01-06 16:29:10.374925+00:00,849.168,0.01,,0.01,0.99,0.99,,,,,
2026-01-06 16:29:10.247000+00:00,2026-01-06 16:29:11.565247+00:00,850.247,0.01,,0.01,0.99,0.99,,,,,
2026-01-06 16:29:11.666000+00:00,2026-01-06 16:29:12.576707+00:00,851.666,0.01,,0.01,0.99,0.99,,,,,
2026-01-06 16:29:12.867000+00:00,2026-01-06 16:29:13.579628+00:00,852.867,0.01,,0.01,0.99,0.99,,,,,
2026-01-06 16:29:13.863000+00:00,2026-01-06 16:29:14.589244+00:00,853.863,0.01,,0.01,0.99,0.99,,,,,
2026-01-06 16:29:15.063000+00:00,2026-01-06 16:29:15.595223+00:00,855.063,0.01,,0.01,0.99,0.99,,,,,
2026-01-06 16:29:16.070000+00:00,2026-01-06 16:29:16.614839+00:00,856.07,0.01,,0.01,0.99,0.99,,,,,
2026-01-06 16:29:17.128000+00:00,2026-01-06 16:29:19.678044+00:00,857.128,0.01,,0.01,0.99,0.99,,,,,
2026-01-06 16:29:19.562000+00:00,2026-01-06 16:29:20.669472+00:00,859.562,0.01,,0.01,0.99,0.99,,,,,
2026-01-06 16:29:20.669000+00:00,2026-01-06 16:29:21.679079+00:00,860.669,0.01,,0.01,0.99,0.99,,,,,
2026-01-06 16:29:21.919000+00:00,2026-01-06 16:29:23.884490+00:00,861.919,0.01,,0.01,0.99,0.99,,,,,
2026-01-06 16:29:23.513000+00:00,2026-01-06 16:29:25.906473+00:00,863.513,0.01,,0.01,0.99,0.99,,,,,
2026-01-06 16:29:25.700000+00:00,2026-01-06 16:29:26.911122+00:00,865.7,0.01,,0.01,0.99,0.99,,,,,
2026-01-06 16:29:27.458000+00:00,2026-01-06 16:29:27.928894+00:00,867.458,0.01,,0.01,0.99,0.99,,,,,
2026-01-06 16:29:28.469000+00:00,2026-01-06 16:29:28.932465+00:00,868.469,0.01,,0.01,0.99,0.99,,,,,
2026-01-06 16:29:29.059000+00:00,2026-01-06 16:29:29.930477+00:00,869.059,0.01,,0.01,0.99,0.99,,,,,
2026-01-06 16:29:30.267000+00:00,2026-01-06 16:29:30.947101+00:00,870.267,0.01,,0.01,0.99,0.99,,,,,
2026-01-06 16:29:31.519000+00:00,2026-01-06 16:29:31.942168+00:00,871.519,0.01,,0.01,0.99,0.99,,,,,
2026-01-06 16:29:32.935000+00:00,2026-01-06 16:29:33.955545+00:00,872.935,0.01,,0.01,0.99,0.99,,,,,
2026-01-06 16:29:34.129000+00:00,2026-01-06 16:29:34.968798+00:00,874.129,0.01,,0.01,0.99,0.99,,,,,
2026-01-06 16:29:35.520000+00:00,2026-01-06 16:29:35.976525+00:00,875.52,0.01,,0.01,0.99,0.99,,,,,
2026-01-06 16:29:36.740000+00:00,2026-01-06 16:29:37.995732+00:00,876.74,0.01,,0.01,0.99,0.99,,,,,
2026-01-06 16:29:38.963000+00:00,2026-01-06 16:29:40.007251+00:00,878.963,0.01,,0.01,0.99,0.99,,,,,
2026-01-06 16:29:40.503000+00:00,2026-01-06 16:29:41.010794+00:00,880.503,0.01,,0.01,0.99,0.99,,,,,
2026-01-06 16:29:41.551000+00:00,2026-01-06 16:29:43.054922+00:00,881.551,0.01,,0.01,0.99,0.99,,,,,
2026-01-06 16:29:43.362000+00:00,2026-01-06 16:29:44.075428+00:00,883.362,0.01,,0.01,0.99,0.99,,,,,
2026-01-06 16:29:44.128000+00:00,2026-01-06 16:29:45.085923+00:00,884.128,0.01,,0.01,0.99,0.99,,,,,
2026-01-06 16:29:45.813000+00:00,2026-01-06 16:29:48.133599+00:00,885.813,0.01,,0.01,0.99,0.99,,,,,
2026-01-06 16:29:48.659000+00:00,2026-01-06 16:29:49.124168+00:00,888.659,0.01,,0.01,0.99,0.99,,,,,
2026-01-06 16:29:49.563000+00:00,2026-01-06 16:29:50.125370+00:00,889.563,0.01,,0.01,0.99,0.99,,,,,
2026-01-06 16:29:50.230000+00:00,2026-01-06 16:29:51.154673+00:00,890.23,0.01,,0.01,0.99,0.99,,,,,
2026-01-06 16:29:51.623000+00:00,2026-01-06 16:29:52.158009+00:00,891.623,0.01,,0.01,0.99,0.99,,,,,
2026-01-06 16:29:52.648000+00:00,2026-01-06 16:29:53.155698+00:00,892.648,0.01,,0.01,0.99,0.99,,,,,
2026-01-06 16:29:53.734000+00:00,2026-01-06 16:29:54.176840+00:00,893.734,0.01,,0.01,0.99,0.99,,,,,
2026-01-06 16:29:54.750000+00:00,2026-01-06 16:29:55.193819+00:00,894.75,0.01,,0.01,0.99,0.99,,,,,
2026-01-06 16:29:55.721000+00:00,2026-01-06 16:29:56.207506+00:00,895.721,0.01,,0.01,0.99,0.99,,,,,
2026-01-06 16:29:56.483000+00:00,2026-01-06 16:29:57.210234+00:00,896.483,0.01,,0.01,0.99,0.99,,,,,
2026-01-06 16:29:57.307000+00:00,2026-01-06 16:29:58.211880+00:00,897.307,0.01,,0.01,0.99,0.99,,,,,
2026-01-06 16:29:58.673000+00:00,2026-01-06 16:29:59.210522+00:00,898.673,0.01,,0.01,0.99,0.99,,,,,
