timestamp,collected_at,seconds,mid,bid,ask,asset
2026-01-06 02:45:46+00:00,2026-01-06 02:46:54.733758+00:00,46.0,137.6,137.59,137.61,SOL
2026-01-06 02:45:47+00:00,2026-01-06 02:46:54.920701+00:00,47.0,137.59,137.58,137.6,SOL
2026-01-06 02:45:48+00:00,2026-01-06 02:46:56.728189+00:00,48.0,137.56,137.55,137.57,SOL
2026-01-06 02:45:49+00:00,2026-01-06 02:46:56.967092+00:00,49.0,137.56,137.55,137.57,SOL
2026-01-06 02:45:50+00:00,2026-01-06 02:46:58.891698+00:00,50.0,137.55,137.54,137.55,SOL
2026-01-06 02:45:51+00:00,2026-01-06 02:47:00.001381+00:00,51.0,137.54,137.53,137.55,SOL
2026-01-06 02:45:52+00:00,2026-01-06 02:47:00.968350+00:00,52.0,137.54,137.53,137.55,SOL
2026-01-06 02:45:53+00:00,2026-01-06 02:47:01.955177+00:00,53.0,137.53,137.52,137.55,SOL
2026-01-06 02:45:54+00:00,2026-01-06 02:47:02.966611+00:00,54.0,137.53,137.52,137.54,SOL
2026-01-06 02:45:55+00:00,2026-01-06 02:47:05.023126+00:00,55.0,137.53,137.52,137.55,SOL
2026-01-06 02:45:56+00:00,2026-01-06 02:47:06.243897+00:00,56.0,137.53,137.52,137.54,SOL
2026-01-06 02:45:57+00:00,2026-01-06 02:47:08.105835+00:00,57.0,137.53,137.52,137.55,SOL
2026-01-06 02:45:58+00:00,2026-01-06 02:47:09.135419+00:00,58.0,137.53,137.52,137.54,SOL
2026-01-06 02:45:59+00:00,2026-01-06 02:47:10.145077+00:00,59.0,137.53,137.52,137.54,SOL
2026-01-06 02:46:00+00:00,2026-01-06 02:47:11.147066+00:00,60.0,137.53,137.52,137.54,SOL
2026-01-06 02:46:01+00:00,2026-01-06 02:47:12.188142+00:00,61.0,137.53,137.52,137.54,SOL
2026-01-06 02:46:02+00:00,2026-01-06 02:47:13.253602+00:00,62.0,137.53,137.52,137.54,SOL
2026-01-06 02:46:03+00:00,2026-01-06 02:47:14.267214+00:00,63.0,137.53,137.52,137.55,SOL
2026-01-06 02:46:04+00:00,2026-01-06 02:47:15.276308+00:00,64.0,137.53,137.52,137.55,SOL
2026-01-06 02:46:05+00:00,2026-01-06 02:47:16.269610+00:00,65.0,137.53,137.52,137.56,SOL
2026-01-06 02:46:06+00:00,2026-01-06 02:47:17.285028+00:00,66.0,137.54,137.52,137.56,SOL
2026-01-06 02:46:07+00:00,2026-01-06 02:47:18.289351+00:00,67.0,137.54,137.53,137.55,SOL
2026-01-06 02:46:08+00:00,2026-01-06 02:47:19.293242+00:00,68.0,137.54,137.53,137.55,SOL
2026-01-06 02:46:09+00:00,2026-01-06 02:47:20.389978+00:00,69.0,137.54,137.53,137.55,SOL
2026-01-06 02:46:10+00:00,2026-01-06 02:47:21.403480+00:00,70.0,137.54,137.53,137.55,SOL
2026-01-06 02:46:11+00:00,2026-01-06 02:47:22.441048+00:00,71.0,137.54,137.53,137.55,SOL
2026-01-06 02:46:12+00:00,2026-01-06 02:47:23.422452+00:00,72.0,137.54,137.53,137.56,SOL
2026-01-06 02:46:13+00:00,2026-01-06 02:47:24.439884+00:00,73.0,137.54,137.53,137.56,SOL
2026-01-06 02:46:14+00:00,2026-01-06 02:47:25.453005+00:00,74.0,137.54,137.53,137.56,SOL
2026-01-06 02:46:15+00:00,2026-01-06 02:47:26.490288+00:00,75.0,137.54,137.53,137.56,SOL
2026-01-06 02:46:16+00:00,2026-01-06 02:47:27.501726+00:00,76.0,137.54,137.53,137.56,SOL
2026-01-06 02:46:17+00:00,2026-01-06 02:47:28.512392+00:00,77.0,137.54,137.53,137.56,SOL
2026-01-06 02:46:18+00:00,2026-01-06 02:47:29.484168+00:00,78.0,137.54,137.53,137.56,SOL
2026-01-06 02:46:19+00:00,2026-01-06 02:47:30.514849+00:00,79.0,137.55,137.54,137.57,SOL
2026-01-06 02:46:20+00:00,2026-01-06 02:47:31.522009+00:00,80.0,137.57,137.56,137.6,SOL
2026-01-06 02:46:21+00:00,2026-01-06 02:47:32.517317+00:00,81.0,137.57,137.57,137.59,SOL
2026-01-06 02:46:22+00:00,2026-01-06 02:47:34.560519+00:00,82.0,137.58,137.57,137.59,SOL
2026-01-06 02:46:23+00:00,2026-01-06 02:47:35.531960+00:00,83.0,137.58,137.57,137.59,SOL
2026-01-06 02:46:24+00:00,2026-01-06 02:47:36.646251+00:00,84.0,137.58,137.57,137.59,SOL
2026-01-06 02:46:25+00:00,2026-01-06 02:47:37.616879+00:00,85.0,137.58,137.57,137.59,SOL
2026-01-06 02:46:26+00:00,2026-01-06 02:47:38.616178+00:00,86.0,137.58,137.57,137.59,SOL
2026-01-06 02:46:27+00:00,2026-01-06 02:47:39.636355+00:00,87.0,137.57,137.57,137.59,SOL
2026-01-06 02:46:28+00:00,2026-01-06 02:47:41.903723+00:00,88.0,137.57,137.56,137.59,SOL
2026-01-06 02:46:29+00:00,2026-01-06 02:47:42.937389+00:00,89.0,137.57,137.56,137.58,SOL
2026-01-06 02:46:30+00:00,2026-01-06 02:47:43.935921+00:00,90.0,137.56,137.55,137.58,SOL
2026-01-06 02:46:31+00:00,2026-01-06 02:47:44.929444+00:00,91.0,137.56,137.55,137.58,SOL
2026-01-06 02:46:32+00:00,2026-01-06 02:47:46.791390+00:00,92.0,137.56,137.55,137.58,SOL
2026-01-06 02:46:33+00:00,2026-01-06 02:47:47.013547+00:00,93.0,137.56,137.55,137.58,SOL
2026-01-06 02:46:34+00:00,2026-01-06 02:47:48.082086+00:00,94.0,137.56,137.55,137.58,SOL
2026-01-06 02:46:35+00:00,2026-01-06 02:47:49.845002+00:00,95.0,137.56,137.55,137.58,SOL
2026-01-06 02:46:36+00:00,2026-01-06 02:47:51.893381+00:00,96.0,137.56,137.55,137.58,SOL
2026-01-06 02:46:37+00:00,2026-01-06 02:47:51.935393+00:00,97.0,137.56,137.55,137.58,SOL
2026-01-06 02:46:38+00:00,2026-01-06 02:47:52.926667+00:00,98.0,137.56,137.55,137.58,SOL
2026-01-06 02:46:39+00:00,2026-01-06 02:48:46.949126+00:00,99.0,137.46,137.45,137.47,SOL
2026-01-06 02:46:40+00:00,2026-01-06 02:48:48.071501+00:00,100.0,137.44,137.44,137.46,SOL
2026-01-06 02:46:41+00:00,2026-01-06 02:48:49.048717+00:00,101.0,137.43,137.42,137.44,SOL
2026-01-06 02:46:42+00:00,2026-01-06 02:48:50.062753+00:00,102.0,137.43,137.42,137.44,SOL
2026-01-06 02:46:43+00:00,2026-01-06 02:48:51.115486+00:00,103.0,137.43,137.42,137.44,SOL
2026-01-06 02:46:44+00:00,2026-01-06 02:48:52.116918+00:00,104.0,137.43,137.42,137.44,SOL
2026-01-06 02:46:45+00:00,2026-01-06 02:48:53.135300+00:00,105.0,137.43,137.42,137.44,SOL
2026-01-06 02:46:46+00:00,2026-01-06 02:48:54.277227+00:00,106.0,137.43,137.42,137.44,SOL
2026-01-06 02:46:47+00:00,2026-01-06 02:48:55.298087+00:00,107.0,137.43,137.42,137.44,SOL
2026-01-06 02:46:48+00:00,2026-01-06 02:48:56.287033+00:00,108.0,137.43,137.42,137.45,SOL
2026-01-06 02:46:49+00:00,2026-01-06 02:48:57.288290+00:00,109.0,137.43,137.42,137.44,SOL
2026-01-06 02:46:50+00:00,2026-01-06 02:48:58.284103+00:00,110.0,137.43,137.42,137.44,SOL
2026-01-06 02:46:51+00:00,2026-01-06 02:48:59.351107+00:00,111.0,137.43,137.42,137.44,SOL
2026-01-06 02:46:52+00:00,2026-01-06 02:49:00.452764+00:00,112.0,137.43,137.42,137.45,SOL
2026-01-06 02:46:53+00:00,2026-01-06 02:49:01.451196+00:00,113.0,137.43,137.42,137.45,SOL
2026-01-06 02:46:54+00:00,2026-01-06 02:49:03.206444+00:00,114.0,137.43,137.42,137.45,SOL
2026-01-06 02:46:55+00:00,2026-01-06 02:49:04.138258+00:00,115.0,137.43,137.42,137.45,SOL
2026-01-06 02:46:56+00:00,2026-01-06 02:49:05.165043+00:00,116.0,137.43,137.42,137.45,SOL
2026-01-06 02:46:57+00:00,2026-01-06 02:49:06.205798+00:00,117.0,137.44,137.43,137.45,SOL
2026-01-06 02:46:58+00:00,2026-01-06 02:49:07.199119+00:00,118.0,137.44,137.43,137.46,SOL
2026-01-06 02:46:59+00:00,2026-01-06 02:49:08.160725+00:00,119.0,137.44,137.43,137.47,SOL
2026-01-06 02:47:01+00:00,2026-01-06 02:49:09.511891+00:00,121.0,137.44,137.43,137.46,SOL
2026-01-06 02:47:02+00:00,2026-01-06 02:49:11.136804+00:00,122.0,137.44,137.43,137.46,SOL
2026-01-06 02:47:04+00:00,2026-01-06 02:49:12.273992+00:00,124.0,137.44,137.43,137.46,SOL
2026-01-06 02:47:05+00:00,2026-01-06 02:49:13.306853+00:00,125.0,137.44,137.43,137.46,SOL
2026-01-06 02:47:06+00:00,2026-01-06 02:49:14.383903+00:00,126.0,137.45,137.44,137.49,SOL
2026-01-06 02:47:07+00:00,2026-01-06 02:49:15.495569+00:00,127.0,137.48,137.46,137.5,SOL
2026-01-06 02:47:08+00:00,2026-01-06 02:49:16.521255+00:00,128.0,137.48,137.47,137.5,SOL
2026-01-06 02:47:09+00:00,2026-01-06 02:49:17.609883+00:00,129.0,137.5,137.48,137.53,SOL
2026-01-06 02:47:12+00:00,2026-01-06 02:49:20.466850+00:00,132.0,137.54,137.52,137.55,SOL
2026-01-06 02:47:13+00:00,2026-01-06 02:49:21.517208+00:00,133.0,137.54,137.52,137.54,SOL
2026-01-06 02:47:14+00:00,2026-01-06 02:49:22.516724+00:00,134.0,137.54,137.52,137.55,SOL
2026-01-06 02:47:15+00:00,2026-01-06 02:49:23.555283+00:00,135.0,137.55,137.52,137.55,SOL
2026-01-06 02:47:16+00:00,2026-01-06 02:49:24.558200+00:00,136.0,137.54,137.52,137.55,SOL
2026-01-06 02:47:17+00:00,2026-01-06 02:49:25.549426+00:00,137.0,137.54,137.52,137.55,SOL
2026-01-06 02:47:18+00:00,2026-01-06 02:49:26.522663+00:00,138.0,137.54,137.52,137.55,SOL
2026-01-06 02:47:19+00:00,2026-01-06 02:49:27.533047+00:00,139.0,137.54,137.52,137.55,SOL
2026-01-06 02:47:20+00:00,2026-01-06 02:49:28.551680+00:00,140.0,137.54,137.52,137.55,SOL
2026-01-06 02:47:21+00:00,2026-01-06 02:49:29.637076+00:00,141.0,137.55,137.52,137.56,SOL
2026-01-06 02:47:22+00:00,2026-01-06 02:49:30.564193+00:00,142.0,137.55,137.52,137.56,SOL
2026-01-06 02:47:23+00:00,2026-01-06 02:49:31.584115+00:00,143.0,137.55,137.52,137.56,SOL
2026-01-06 02:47:24+00:00,2026-01-06 02:49:32.569266+00:00,144.0,137.55,137.52,137.55,SOL
2026-01-06 02:47:25+00:00,2026-01-06 02:49:33.564837+00:00,145.0,137.55,137.52,137.56,SOL
2026-01-06 02:47:26+00:00,2026-01-06 02:49:34.585270+00:00,146.0,137.55,137.52,137.56,SOL
2026-01-06 02:47:27+00:00,2026-01-06 02:49:35.647629+00:00,147.0,137.55,137.52,137.56,SOL
2026-01-06 02:47:28+00:00,2026-01-06 02:49:36.651748+00:00,148.0,137.55,137.52,137.56,SOL
2026-01-06 02:47:30+00:00,2026-01-06 02:49:38.666824+00:00,150.0,137.53,137.52,137.54,SOL
2026-01-06 02:47:31+00:00,2026-01-06 02:49:39.568257+00:00,151.0,137.52,137.51,137.54,SOL
2026-01-06 02:47:32+00:00,2026-01-06 02:49:40.565812+00:00,152.0,137.49,137.48,137.49,SOL
2026-01-06 02:47:33+00:00,2026-01-06 02:49:41.662349+00:00,153.0,137.48,137.47,137.49,SOL
2026-01-06 02:47:34+00:00,2026-01-06 02:49:42.684875+00:00,154.0,137.48,137.46,137.49,SOL
2026-01-06 02:47:35+00:00,2026-01-06 02:49:43.675767+00:00,155.0,137.48,137.47,137.49,SOL
2026-01-06 02:47:36+00:00,2026-01-06 02:49:44.683164+00:00,156.0,137.48,137.47,137.49,SOL
2026-01-06 02:47:37+00:00,2026-01-06 02:49:45.767318+00:00,157.0,137.48,137.47,137.49,SOL
2026-01-06 02:47:38+00:00,2026-01-06 02:49:46.758785+00:00,158.0,137.51,137.49,137.52,SOL
2026-01-06 02:47:39+00:00,2026-01-06 02:49:47.758978+00:00,159.0,137.51,137.49,137.52,SOL
2026-01-06 02:47:40+00:00,2026-01-06 02:49:48.814661+00:00,160.0,137.51,137.5,137.52,SOL
2026-01-06 02:47:41+00:00,2026-01-06 02:49:49.852848+00:00,161.0,137.51,137.5,137.52,SOL
2026-01-06 02:47:42+00:00,2026-01-06 02:49:50.895073+00:00,162.0,137.54,137.51,137.55,SOL
2026-01-06 02:47:43+00:00,2026-01-06 02:49:51.915254+00:00,163.0,137.54,137.52,137.55,SOL
2026-01-06 02:47:44+00:00,2026-01-06 02:49:52.931375+00:00,164.0,137.54,137.52,137.55,SOL
2026-01-06 02:47:45+00:00,2026-01-06 02:49:53.932230+00:00,165.0,137.56,137.55,137.58,SOL
2026-01-06 02:47:46+00:00,2026-01-06 02:49:54.916890+00:00,166.0,137.58,137.55,137.59,SOL
2026-01-06 02:47:47+00:00,2026-01-06 02:49:55.964569+00:00,167.0,137.58,137.56,137.59,SOL
2026-01-06 02:47:48+00:00,2026-01-06 02:49:56.946462+00:00,168.0,137.58,137.56,137.59,SOL
2026-01-06 02:47:50+00:00,2026-01-06 02:49:58.854644+00:00,170.0,137.59,137.57,137.59,SOL
2026-01-06 02:47:51+00:00,2026-01-06 02:49:59.051844+00:00,171.0,137.58,137.57,137.59,SOL
2026-01-06 02:47:52+00:00,2026-01-06 02:50:00.856016+00:00,172.0,137.58,137.57,137.59,SOL
2026-01-06 02:47:53+00:00,2026-01-06 02:50:00.981247+00:00,173.0,137.58,137.57,137.59,SOL
2026-01-06 02:47:54+00:00,2026-01-06 02:50:04.119244+00:00,174.0,137.59,137.58,137.6,SOL
2026-01-06 02:47:56+00:00,2026-01-06 02:50:05.062718+00:00,176.0,137.58,137.57,137.59,SOL
2026-01-06 02:47:58+00:00,2026-01-06 02:50:07.021059+00:00,178.0,137.59,137.57,137.59,SOL
2026-01-06 02:47:59+00:00,2026-01-06 02:50:08.081803+00:00,179.0,137.58,137.57,137.59,SOL
2026-01-06 02:48:00+00:00,2026-01-06 02:50:09.095369+00:00,180.0,137.58,137.57,137.59,SOL
2026-01-06 02:48:02+00:00,2026-01-06 02:50:11.454311+00:00,182.0,137.58,137.57,137.59,SOL
2026-01-06 02:48:03+00:00,2026-01-06 02:50:12.430848+00:00,183.0,137.59,137.57,137.6,SOL
2026-01-06 02:48:04+00:00,2026-01-06 02:50:13.432847+00:00,184.0,137.6,137.57,137.61,SOL
2026-01-06 02:48:05+00:00,2026-01-06 02:50:14.504763+00:00,185.0,137.6,137.57,137.61,SOL
2026-01-06 02:48:06+00:00,2026-01-06 02:50:15.473819+00:00,186.0,137.6,137.57,137.61,SOL
2026-01-06 02:48:07+00:00,2026-01-06 02:50:16.465762+00:00,187.0,137.61,137.59,137.62,SOL
2026-01-06 02:48:08+00:00,2026-01-06 02:50:18.454834+00:00,188.0,137.62,137.6,137.63,SOL
2026-01-06 02:48:10+00:00,2026-01-06 02:50:19.396918+00:00,190.0,137.63,137.6,137.64,SOL
2026-01-06 02:48:11+00:00,2026-01-06 02:50:20.406721+00:00,191.0,137.63,137.61,137.64,SOL
2026-01-06 02:48:12+00:00,2026-01-06 02:50:21.518330+00:00,192.0,137.63,137.61,137.64,SOL
2026-01-06 02:48:13+00:00,2026-01-06 02:50:22.464350+00:00,193.0,137.62,137.61,137.63,SOL
2026-01-06 02:48:14+00:00,2026-01-06 02:50:23.530597+00:00,194.0,137.62,137.6,137.63,SOL
2026-01-06 02:48:15+00:00,2026-01-06 02:50:24.569923+00:00,195.0,137.63,137.6,137.64,SOL
2026-01-06 02:48:17+00:00,2026-01-06 02:50:26.430310+00:00,197.0,137.64,137.62,137.65,SOL
2026-01-06 02:48:18+00:00,2026-01-06 02:50:27.651205+00:00,198.0,137.64,137.62,137.65,SOL
2026-01-06 02:48:19+00:00,2026-01-06 02:50:28.687326+00:00,199.0,137.63,137.62,137.64,SOL
2026-01-06 02:48:20+00:00,2026-01-06 02:50:29.732965+00:00,200.0,137.64,137.61,137.65,SOL
2026-01-06 02:48:22+00:00,2026-01-06 02:50:31.711068+00:00,202.0,137.64,137.61,137.65,SOL
2026-01-06 02:48:23+00:00,2026-01-06 02:50:32.508632+00:00,203.0,137.64,137.61,137.65,SOL
2026-01-06 02:48:24+00:00,2026-01-06 02:50:33.377756+00:00,204.0,137.64,137.61,137.64,SOL
2026-01-06 02:48:25+00:00,2026-01-06 02:50:34.432024+00:00,205.0,137.64,137.61,137.64,SOL
2026-01-06 02:48:26+00:00,2026-01-06 02:50:35.379936+00:00,206.0,137.65,137.61,137.65,SOL
2026-01-06 02:48:27+00:00,2026-01-06 02:50:36.596069+00:00,207.0,137.66,137.62,137.66,SOL
2026-01-06 02:48:28+00:00,2026-01-06 02:50:37.615769+00:00,208.0,137.66,137.63,137.66,SOL
2026-01-06 02:48:29+00:00,2026-01-06 02:50:38.609750+00:00,209.0,137.66,137.63,137.66,SOL
2026-01-06 02:48:31+00:00,2026-01-06 02:50:40.951288+00:00,211.0,137.66,137.63,137.66,SOL
2026-01-06 02:48:32+00:00,2026-01-06 02:50:41.932055+00:00,212.0,137.66,137.63,137.67,SOL
2026-01-06 02:48:33+00:00,2026-01-06 02:50:43.046219+00:00,213.0,137.66,137.63,137.67,SOL
2026-01-06 02:48:34+00:00,2026-01-06 02:50:43.991318+00:00,214.0,137.66,137.63,137.67,SOL
2026-01-06 02:48:35+00:00,2026-01-06 02:50:45.016051+00:00,215.0,137.66,137.63,137.67,SOL
2026-01-06 02:48:36+00:00,2026-01-06 02:50:46.045856+00:00,216.0,137.65,137.63,137.66,SOL
2026-01-06 02:48:37+00:00,2026-01-06 02:50:47.111551+00:00,217.0,137.65,137.63,137.66,SOL
2026-01-06 02:48:38+00:00,2026-01-06 02:50:48.123729+00:00,218.0,137.65,137.63,137.66,SOL
2026-01-06 02:48:39+00:00,2026-01-06 02:50:49.111619+00:00,219.0,137.65,137.63,137.65,SOL
2026-01-06 02:48:41+00:00,2026-01-06 02:50:51.029945+00:00,221.0,137.66,137.63,137.67,SOL
2026-01-06 02:48:42+00:00,2026-01-06 02:50:53.558050+00:00,222.0,137.66,137.64,137.68,SOL
2026-01-06 02:48:45+00:00,2026-01-06 02:50:54.305265+00:00,225.0,137.65,137.63,137.66,SOL
2026-01-06 02:48:46+00:00,2026-01-06 02:50:56.234728+00:00,226.0,137.65,137.63,137.66,SOL
2026-01-06 02:48:47+00:00,2026-01-06 02:50:57.280553+00:00,227.0,137.65,137.63,137.66,SOL
2026-01-06 02:48:48+00:00,2026-01-06 02:50:58.384718+00:00,228.0,137.65,137.63,137.66,SOL
2026-01-06 02:48:50+00:00,2026-01-06 02:50:59.542576+00:00,230.0,137.65,137.63,137.66,SOL
2026-01-06 02:48:51+00:00,2026-01-06 02:51:00.514025+00:00,231.0,137.65,137.63,137.66,SOL
2026-01-06 02:48:52+00:00,2026-01-06 02:51:01.515818+00:00,232.0,137.65,137.63,137.66,SOL
2026-01-06 02:48:54+00:00,2026-01-06 02:51:03.577887+00:00,234.0,137.65,137.63,137.65,SOL
2026-01-06 02:48:55+00:00,2026-01-06 02:51:04.630982+00:00,235.0,137.65,137.63,137.65,SOL
2026-01-06 02:48:56+00:00,2026-01-06 02:51:05.719901+00:00,236.0,137.65,137.63,137.65,SOL
2026-01-06 02:48:57+00:00,2026-01-06 02:51:06.667087+00:00,237.0,137.64,137.63,137.65,SOL
2026-01-06 02:48:58+00:00,2026-01-06 02:51:07.669142+00:00,238.0,137.64,137.63,137.65,SOL
2026-01-06 02:49:01+00:00,2026-01-06 02:51:11.203927+00:00,241.0,137.62,137.61,137.63,SOL
2026-01-06 02:49:06+00:00,2026-01-06 02:51:15.920954+00:00,246.0,137.63,137.61,137.63,SOL
2026-01-06 02:49:07+00:00,2026-01-06 02:51:16.998905+00:00,247.0,137.63,137.61,137.63,SOL
2026-01-06 02:49:09+00:00,2026-01-06 02:51:18.843560+00:00,249.0,137.61,137.6,137.64,SOL
2026-01-06 02:49:13+00:00,2026-01-06 02:51:22.846403+00:00,253.0,137.62,137.6,137.63,SOL
2026-01-06 02:49:14+00:00,2026-01-06 02:51:23.861558+00:00,254.0,137.62,137.6,137.63,SOL
2026-01-06 02:49:16+00:00,2026-01-06 02:51:25.901293+00:00,256.0,137.62,137.61,137.63,SOL
2026-01-06 02:49:18+00:00,2026-01-06 02:51:28.002004+00:00,258.0,137.67,137.65,137.68,SOL
2026-01-06 02:49:19+00:00,2026-01-06 02:51:30.110746+00:00,259.0,137.67,137.65,137.68,SOL
2026-01-06 02:49:20+00:00,2026-01-06 02:51:30.185997+00:00,260.0,137.67,137.65,137.68,SOL
2026-01-06 02:49:21+00:00,2026-01-06 02:51:31.147658+00:00,261.0,137.67,137.65,137.69,SOL
2026-01-06 02:49:22+00:00,2026-01-06 02:51:32.213646+00:00,262.0,137.67,137.65,137.69,SOL
2026-01-06 02:49:23+00:00,2026-01-06 02:51:33.210651+00:00,263.0,137.67,137.65,137.69,SOL
2026-01-06 02:49:24+00:00,2026-01-06 02:51:34.296711+00:00,264.0,137.67,137.65,137.68,SOL
2026-01-06 02:49:26+00:00,2026-01-06 02:51:36.169628+00:00,266.0,137.67,137.65,137.68,SOL
2026-01-06 02:49:27+00:00,2026-01-06 02:51:37.216675+00:00,267.0,137.67,137.65,137.68,SOL
2026-01-06 02:49:28+00:00,2026-01-06 02:51:38.245950+00:00,268.0,137.67,137.65,137.68,SOL
2026-01-06 02:49:29+00:00,2026-01-06 02:51:39.194031+00:00,269.0,137.67,137.64,137.68,SOL
2026-01-06 02:49:30+00:00,2026-01-06 02:51:40.199161+00:00,270.0,137.67,137.64,137.68,SOL
2026-01-06 02:49:31+00:00,2026-01-06 02:51:41.178593+00:00,271.0,137.67,137.65,137.68,SOL
2026-01-06 02:49:32+00:00,2026-01-06 02:51:42.350242+00:00,272.0,137.66,137.64,137.67,SOL
2026-01-06 02:49:33+00:00,2026-01-06 02:51:43.314186+00:00,273.0,137.65,137.64,137.66,SOL
2026-01-06 02:49:34+00:00,2026-01-06 02:51:44.453519+00:00,274.0,137.65,137.63,137.66,SOL
2026-01-06 02:49:35+00:00,2026-01-06 02:51:45.468680+00:00,275.0,137.64,137.63,137.65,SOL
2026-01-06 02:49:36+00:00,2026-01-06 02:51:46.512142+00:00,276.0,137.64,137.62,137.65,SOL
2026-01-06 02:49:37+00:00,2026-01-06 02:51:48.246672+00:00,277.0,137.64,137.62,137.65,SOL
2026-01-06 02:49:38+00:00,2026-01-06 02:51:49.183612+00:00,278.0,137.64,137.62,137.65,SOL
2026-01-06 02:49:39+00:00,2026-01-06 02:51:50.136721+00:00,279.0,137.64,137.62,137.65,SOL
2026-01-06 02:49:41+00:00,2026-01-06 02:51:51.348737+00:00,281.0,137.64,137.62,137.65,SOL
2026-01-06 02:49:42+00:00,2026-01-06 02:51:52.481003+00:00,282.0,137.64,137.62,137.65,SOL
2026-01-06 02:49:43+00:00,2026-01-06 02:51:53.152136+00:00,283.0,137.64,137.62,137.66,SOL
2026-01-06 02:49:44+00:00,2026-01-06 02:51:54.137360+00:00,284.0,137.65,137.63,137.66,SOL
2026-01-06 02:49:45+00:00,2026-01-06 02:51:55.367613+00:00,285.0,137.66,137.63,137.67,SOL
2026-01-06 02:49:47+00:00,2026-01-06 02:51:57.429154+00:00,287.0,137.66,137.64,137.67,SOL
2026-01-06 02:49:48+00:00,2026-01-06 02:51:58.659767+00:00,288.0,137.66,137.64,137.67,SOL
2026-01-06 02:49:49+00:00,2026-01-06 02:51:59.641550+00:00,289.0,137.66,137.64,137.67,SOL
2026-01-06 02:49:50+00:00,2026-01-06 02:52:00.659814+00:00,290.0,137.66,137.64,137.68,SOL
2026-01-06 02:49:51+00:00,2026-01-06 02:52:01.669488+00:00,291.0,137.66,137.64,137.68,SOL
2026-01-06 02:49:52+00:00,2026-01-06 02:52:02.658861+00:00,292.0,137.66,137.64,137.68,SOL
2026-01-06 02:49:53+00:00,2026-01-06 02:52:03.677188+00:00,293.0,137.66,137.64,137.67,SOL
2026-01-06 02:49:54+00:00,2026-01-06 02:52:04.684784+00:00,294.0,137.65,137.64,137.66,SOL
2026-01-06 02:49:55+00:00,2026-01-06 02:52:05.670815+00:00,295.0,137.65,137.64,137.66,SOL
2026-01-06 02:49:56+00:00,2026-01-06 02:52:06.686994+00:00,296.0,137.65,137.63,137.65,SOL
2026-01-06 02:49:57+00:00,2026-01-06 02:52:07.729176+00:00,297.0,137.65,137.63,137.66,SOL
2026-01-06 02:49:58+00:00,2026-01-06 02:52:08.715947+00:00,298.0,137.65,137.63,137.66,SOL
2026-01-06 02:50:01+00:00,2026-01-06 02:52:11.609659+00:00,301.0,137.65,137.63,137.67,SOL
2026-01-06 02:50:02+00:00,2026-01-06 02:52:12.677000+00:00,302.0,137.65,137.64,137.67,SOL
2026-01-06 02:50:03+00:00,2026-01-06 02:52:13.811111+00:00,303.0,137.66,137.64,137.67,SOL
2026-01-06 02:50:04+00:00,2026-01-06 02:52:14.729336+00:00,304.0,137.66,137.64,137.67,SOL
2026-01-06 02:50:06+00:00,2026-01-06 02:52:16.827617+00:00,306.0,137.66,137.64,137.67,SOL
2026-01-06 02:50:07+00:00,2026-01-06 02:52:17.657132+00:00,307.0,137.66,137.64,137.67,SOL
2026-01-06 02:50:08+00:00,2026-01-06 02:52:18.735919+00:00,308.0,137.66,137.64,137.67,SOL
2026-01-06 02:50:09+00:00,2026-01-06 02:52:19.662878+00:00,309.0,137.66,137.64,137.66,SOL
2026-01-06 02:50:10+00:00,2026-01-06 02:52:20.616854+00:00,310.0,137.66,137.64,137.67,SOL
2026-01-06 02:50:11+00:00,2026-01-06 02:52:21.644148+00:00,311.0,137.66,137.64,137.67,SOL
2026-01-06 02:50:12+00:00,2026-01-06 02:52:22.706485+00:00,312.0,137.66,137.64,137.67,SOL
2026-01-06 02:50:13+00:00,2026-01-06 02:52:23.672218+00:00,313.0,137.66,137.64,137.67,SOL
2026-01-06 02:50:14+00:00,2026-01-06 02:52:24.727898+00:00,314.0,137.66,137.64,137.67,SOL
2026-01-06 02:50:15+00:00,2026-01-06 02:52:25.843879+00:00,315.0,137.64,137.63,137.65,SOL
2026-01-06 02:50:16+00:00,2026-01-06 02:52:26.673770+00:00,316.0,137.64,137.62,137.65,SOL
2026-01-06 02:50:17+00:00,2026-01-06 02:52:27.803333+00:00,317.0,137.64,137.62,137.65,SOL
2026-01-06 02:50:19+00:00,2026-01-06 02:52:29.833951+00:00,319.0,137.62,137.6,137.62,SOL
2026-01-06 02:50:20+00:00,2026-01-06 02:52:31.111325+00:00,320.0,137.61,137.6,137.62,SOL
2026-01-06 02:50:21+00:00,2026-01-06 02:52:32.082211+00:00,321.0,137.61,137.6,137.62,SOL
2026-01-06 02:50:22+00:00,2026-01-06 02:52:33.083571+00:00,322.0,137.61,137.6,137.62,SOL
2026-01-06 02:50:25+00:00,2026-01-06 02:52:36.043486+00:00,325.0,137.61,137.6,137.62,SOL
2026-01-06 02:50:26+00:00,2026-01-06 02:52:37.135071+00:00,326.0,137.6,137.59,137.61,SOL
2026-01-06 02:50:27+00:00,2026-01-06 02:52:38.149951+00:00,327.0,137.6,137.59,137.61,SOL
2026-01-06 02:50:28+00:00,2026-01-06 02:52:39.153158+00:00,328.0,137.6,137.58,137.61,SOL
2026-01-06 02:50:30+00:00,2026-01-06 02:52:41.001915+00:00,330.0,137.6,137.58,137.61,SOL
2026-01-06 02:50:34+00:00,2026-01-06 02:52:44.973195+00:00,334.0,137.61,137.59,137.63,SOL
2026-01-06 02:50:35+00:00,2026-01-06 02:52:46.104446+00:00,335.0,137.61,137.59,137.62,SOL
2026-01-06 02:50:36+00:00,2026-01-06 02:52:47.122960+00:00,336.0,137.61,137.59,137.62,SOL
2026-01-06 02:50:37+00:00,2026-01-06 02:52:48.110478+00:00,337.0,137.61,137.59,137.62,SOL
2026-01-06 02:50:39+00:00,2026-01-06 02:52:51.091215+00:00,339.0,137.61,137.59,137.63,SOL
2026-01-06 02:50:40+00:00,2026-01-06 02:52:53.597005+00:00,340.0,137.6,137.59,137.62,SOL
2026-01-06 02:50:43+00:00,2026-01-06 02:52:53.697396+00:00,343.0,137.61,137.59,137.62,SOL
2026-01-06 02:50:45+00:00,2026-01-06 02:52:56.183082+00:00,345.0,137.61,137.6,137.62,SOL
2026-01-06 02:50:47+00:00,2026-01-06 02:52:57.976637+00:00,347.0,137.6,137.59,137.6,SOL
2026-01-06 02:50:48+00:00,2026-01-06 02:52:59.927133+00:00,348.0,137.59,137.58,137.6,SOL
2026-01-06 02:50:50+00:00,2026-01-06 02:53:01.016591+00:00,350.0,137.59,137.58,137.6,SOL
2026-01-06 02:50:51+00:00,2026-01-06 02:53:01.929562+00:00,351.0,137.59,137.58,137.6,SOL
2026-01-06 02:50:53+00:00,2026-01-06 02:53:04.121958+00:00,353.0,137.59,137.58,137.6,SOL
2026-01-06 02:50:54+00:00,2026-01-06 02:53:04.151098+00:00,354.0,137.59,137.58,137.6,SOL
2026-01-06 02:50:55+00:00,2026-01-06 02:53:06.162231+00:00,355.0,137.59,137.57,137.6,SOL
2026-01-06 02:50:57+00:00,2026-01-06 02:53:08.116812+00:00,357.0,137.59,137.57,137.6,SOL
2026-01-06 02:50:58+00:00,2026-01-06 02:53:09.108180+00:00,358.0,137.59,137.57,137.6,SOL
2026-01-06 02:50:59+00:00,2026-01-06 02:53:10.045532+00:00,359.0,137.59,137.57,137.6,SOL
2026-01-06 02:51:00+00:00,2026-01-06 02:53:11.155344+00:00,360.0,137.59,137.57,137.6,SOL
2026-01-06 02:51:01+00:00,2026-01-06 02:53:12.181599+00:00,361.0,137.59,137.57,137.6,SOL
2026-01-06 02:51:03+00:00,2026-01-06 02:53:15.378894+00:00,363.0,137.6,137.59,137.61,SOL
2026-01-06 02:51:07+00:00,2026-01-06 02:53:18.325272+00:00,367.0,137.57,137.56,137.59,SOL
2026-01-06 02:51:08+00:00,2026-01-06 02:53:19.390540+00:00,368.0,137.57,137.56,137.58,SOL
2026-01-06 02:51:09+00:00,2026-01-06 02:53:20.459690+00:00,369.0,137.57,137.56,137.59,SOL
2026-01-06 02:51:10+00:00,2026-01-06 02:53:21.394909+00:00,370.0,137.57,137.56,137.59,SOL
2026-01-06 02:51:11+00:00,2026-01-06 02:53:22.591982+00:00,371.0,137.57,137.56,137.59,SOL
2026-01-06 02:51:12+00:00,2026-01-06 02:53:23.633706+00:00,372.0,137.57,137.56,137.59,SOL
2026-01-06 02:51:14+00:00,2026-01-06 02:53:25.763766+00:00,374.0,137.54,137.52,137.55,SOL
2026-01-06 02:51:16+00:00,2026-01-06 02:53:27.862977+00:00,376.0,137.5,137.49,137.51,SOL
2026-01-06 02:51:17+00:00,2026-01-06 02:53:28.898709+00:00,377.0,137.5,137.49,137.51,SOL
2026-01-06 02:51:18+00:00,2026-01-06 02:53:29.812953+00:00,378.0,137.5,137.49,137.51,SOL
2026-01-06 02:51:19+00:00,2026-01-06 02:53:30.975938+00:00,379.0,137.5,137.49,137.51,SOL
2026-01-06 02:51:21+00:00,2026-01-06 02:53:32.990539+00:00,381.0,137.5,137.49,137.52,SOL
2026-01-06 02:51:22+00:00,2026-01-06 02:53:34.174930+00:00,382.0,137.5,137.49,137.52,SOL
2026-01-06 02:51:23+00:00,2026-01-06 02:53:35.112134+00:00,383.0,137.5,137.49,137.52,SOL
2026-01-06 02:51:25+00:00,2026-01-06 02:53:37.063192+00:00,385.0,137.49,137.49,137.51,SOL
2026-01-06 02:51:26+00:00,2026-01-06 02:53:38.098651+00:00,386.0,137.49,137.49,137.51,SOL
2026-01-06 02:51:27+00:00,2026-01-06 02:53:39.141678+00:00,387.0,137.49,137.49,137.51,SOL
2026-01-06 02:51:28+00:00,2026-01-06 02:53:40.110510+00:00,388.0,137.49,137.48,137.51,SOL
2026-01-06 02:51:30+00:00,2026-01-06 02:53:41.241737+00:00,390.0,137.49,137.48,137.51,SOL
2026-01-06 02:51:31+00:00,2026-01-06 02:53:42.258789+00:00,391.0,137.49,137.48,137.51,SOL
2026-01-06 02:51:32+00:00,2026-01-06 02:53:43.258913+00:00,392.0,137.49,137.49,137.51,SOL
2026-01-06 02:51:33+00:00,2026-01-06 02:53:44.280044+00:00,393.0,137.5,137.49,137.51,SOL
2026-01-06 02:51:35+00:00,2026-01-06 02:53:47.321358+00:00,395.0,137.5,137.49,137.52,SOL
2026-01-06 02:51:36+00:00,2026-01-06 02:53:47.365544+00:00,396.0,137.5,137.49,137.52,SOL
2026-01-06 02:51:38+00:00,2026-01-06 02:53:49.425321+00:00,398.0,137.5,137.49,137.53,SOL
2026-01-06 02:51:39+00:00,2026-01-06 02:53:51.241094+00:00,399.0,137.52,137.51,137.54,SOL
2026-01-06 02:51:40+00:00,2026-01-06 02:53:52.313287+00:00,400.0,137.52,137.51,137.54,SOL
2026-01-06 02:51:41+00:00,2026-01-06 02:53:53.205380+00:00,401.0,137.52,137.51,137.54,SOL
2026-01-06 02:51:42+00:00,2026-01-06 02:53:54.186388+00:00,402.0,137.53,137.52,137.55,SOL
2026-01-06 02:51:44+00:00,2026-01-06 02:53:55.374826+00:00,404.0,137.54,137.52,137.54,SOL
2026-01-06 02:51:45+00:00,2026-01-06 02:53:56.293833+00:00,405.0,137.53,137.52,137.54,SOL
2026-01-06 02:51:46+00:00,2026-01-06 02:53:57.380938+00:00,406.0,137.51,137.5,137.52,SOL
2026-01-06 02:51:47+00:00,2026-01-06 02:53:58.473940+00:00,407.0,137.51,137.5,137.52,SOL
2026-01-06 02:51:49+00:00,2026-01-06 02:54:00.447746+00:00,409.0,137.51,137.49,137.52,SOL
2026-01-06 02:51:50+00:00,2026-01-06 02:54:01.463734+00:00,410.0,137.51,137.5,137.52,SOL
2026-01-06 02:51:52+00:00,2026-01-06 02:54:03.408431+00:00,412.0,137.51,137.5,137.52,SOL
2026-01-06 02:51:53+00:00,2026-01-06 02:54:04.507776+00:00,413.0,137.51,137.5,137.52,SOL
2026-01-06 02:51:55+00:00,2026-01-06 02:54:06.636742+00:00,415.0,137.51,137.5,137.52,SOL
2026-01-06 02:51:57+00:00,2026-01-06 02:54:08.438365+00:00,417.0,137.51,137.5,137.52,SOL
2026-01-06 02:51:58+00:00,2026-01-06 02:54:08.491209+00:00,418.0,137.51,137.5,137.52,SOL
2026-01-06 02:51:59+00:00,2026-01-06 02:54:11.728620+00:00,419.0,137.51,137.5,137.53,SOL
2026-01-06 02:52:01+00:00,2026-01-06 02:54:14.478285+00:00,421.0,137.51,137.5,137.53,SOL
2026-01-06 02:52:02+00:00,2026-01-06 02:54:14.536030+00:00,422.0,137.51,137.51,137.53,SOL
2026-01-06 02:52:05+00:00,2026-01-06 02:54:17.640614+00:00,425.0,137.51,137.51,137.54,SOL
2026-01-06 02:52:06+00:00,2026-01-06 02:54:18.726454+00:00,426.0,137.51,137.51,137.54,SOL
2026-01-06 02:52:08+00:00,2026-01-06 02:54:19.813601+00:00,428.0,137.51,137.51,137.53,SOL
2026-01-06 02:52:09+00:00,2026-01-06 02:54:20.829912+00:00,429.0,137.52,137.51,137.54,SOL
2026-01-06 02:52:11+00:00,2026-01-06 02:54:23.142459+00:00,431.0,137.52,137.51,137.53,SOL
2026-01-06 02:52:12+00:00,2026-01-06 02:54:24.306934+00:00,432.0,137.51,137.5,137.53,SOL
2026-01-06 02:52:13+00:00,2026-01-06 02:54:25.323024+00:00,433.0,137.51,137.5,137.53,SOL
2026-01-06 02:52:14+00:00,2026-01-06 02:54:27.089211+00:00,434.0,137.51,137.5,137.53,SOL
2026-01-06 02:52:17+00:00,2026-01-06 02:54:29.143462+00:00,437.0,137.51,137.5,137.53,SOL
2026-01-06 02:52:18+00:00,2026-01-06 02:54:30.205677+00:00,438.0,137.51,137.5,137.52,SOL
2026-01-06 02:52:19+00:00,2026-01-06 02:54:31.220515+00:00,439.0,137.51,137.5,137.53,SOL
2026-01-06 02:52:21+00:00,2026-01-06 02:54:33.347567+00:00,441.0,137.51,137.5,137.53,SOL
2026-01-06 02:52:22+00:00,2026-01-06 02:54:34.490327+00:00,442.0,137.51,137.5,137.53,SOL
2026-01-06 02:52:23+00:00,2026-01-06 02:54:35.448585+00:00,443.0,137.51,137.5,137.53,SOL
2026-01-06 02:52:24+00:00,2026-01-06 02:54:36.438264+00:00,444.0,137.51,137.5,137.52,SOL
2026-01-06 02:52:26+00:00,2026-01-06 02:54:38.796130+00:00,446.0,137.49,137.48,137.51,SOL
2026-01-06 02:52:27+00:00,2026-01-06 02:54:39.713141+00:00,447.0,137.49,137.48,137.51,SOL
2026-01-06 02:52:28+00:00,2026-01-06 02:54:40.794756+00:00,448.0,137.49,137.48,137.51,SOL
2026-01-06 02:52:29+00:00,2026-01-06 02:54:42.706630+00:00,449.0,137.49,137.48,137.51,SOL
2026-01-06 02:52:30+00:00,2026-01-06 02:54:43.049712+00:00,450.0,137.49,137.48,137.5,SOL
2026-01-06 02:52:31+00:00,2026-01-06 02:54:44.038087+00:00,451.0,137.49,137.48,137.5,SOL
2026-01-06 02:52:32+00:00,2026-01-06 02:54:45.072340+00:00,452.0,137.49,137.48,137.51,SOL
2026-01-06 02:52:33+00:00,2026-01-06 02:54:46.063910+00:00,453.0,137.49,137.48,137.51,SOL
2026-01-06 02:52:34+00:00,2026-01-06 02:54:47.083575+00:00,454.0,137.49,137.48,137.51,SOL
2026-01-06 02:52:35+00:00,2026-01-06 02:54:48.098324+00:00,455.0,137.49,137.49,137.51,SOL
2026-01-06 02:52:36+00:00,2026-01-06 02:54:49.744894+00:00,456.0,137.49,137.49,137.51,SOL
2026-01-06 02:52:38+00:00,2026-01-06 02:54:50.826311+00:00,458.0,137.49,137.49,137.51,SOL
2026-01-06 02:52:39+00:00,2026-01-06 02:54:52.875498+00:00,459.0,137.49,137.49,137.51,SOL
2026-01-06 02:52:40+00:00,2026-01-06 02:54:52.978819+00:00,460.0,137.49,137.49,137.51,SOL
2026-01-06 02:52:41+00:00,2026-01-06 02:54:53.939575+00:00,461.0,137.49,137.49,137.51,SOL
2026-01-06 02:52:43+00:00,2026-01-06 02:54:55.914025+00:00,463.0,137.5,137.49,137.52,SOL
2026-01-06 02:52:44+00:00,2026-01-06 02:54:56.973392+00:00,464.0,137.5,137.49,137.52,SOL
2026-01-06 02:52:45+00:00,2026-01-06 02:54:57.961627+00:00,465.0,137.5,137.49,137.52,SOL
2026-01-06 02:52:46+00:00,2026-01-06 02:54:59.004359+00:00,466.0,137.49,137.48,137.51,SOL
2026-01-06 02:52:48+00:00,2026-01-06 02:55:00.954288+00:00,468.0,137.48,137.47,137.5,SOL
2026-01-06 02:52:49+00:00,2026-01-06 02:55:02.213648+00:00,469.0,137.48,137.47,137.5,SOL
2026-01-06 02:52:52+00:00,2026-01-06 02:55:04.522671+00:00,472.0,137.46,137.45,137.47,SOL
2026-01-06 02:52:54+00:00,2026-01-06 02:55:06.608785+00:00,474.0,137.46,137.45,137.47,SOL
2026-01-06 02:52:55+00:00,2026-01-06 02:55:07.644545+00:00,475.0,137.46,137.45,137.47,SOL
2026-01-06 02:52:56+00:00,2026-01-06 02:55:08.787037+00:00,476.0,137.46,137.45,137.47,SOL
2026-01-06 02:52:57+00:00,2026-01-06 02:55:09.640413+00:00,477.0,137.46,137.45,137.48,SOL
2026-01-06 02:53:02+00:00,2026-01-06 02:55:15.202652+00:00,482.0,137.46,137.45,137.47,SOL
2026-01-06 02:53:03+00:00,2026-01-06 02:55:16.218789+00:00,483.0,137.46,137.45,137.48,SOL
2026-01-06 02:53:06+00:00,2026-01-06 02:55:18.461693+00:00,486.0,137.47,137.46,137.48,SOL
2026-01-06 02:53:07+00:00,2026-01-06 02:55:20.305518+00:00,487.0,137.47,137.46,137.49,SOL
2026-01-06 02:53:08+00:00,2026-01-06 02:55:21.124387+00:00,488.0,137.47,137.46,137.5,SOL
2026-01-06 02:53:09+00:00,2026-01-06 02:55:22.181712+00:00,489.0,137.48,137.47,137.5,SOL
2026-01-06 02:53:10+00:00,2026-01-06 02:55:23.368697+00:00,490.0,137.49,137.48,137.51,SOL
2026-01-06 02:53:11+00:00,2026-01-06 02:55:24.370874+00:00,491.0,137.5,137.49,137.52,SOL
2026-01-06 02:53:12+00:00,2026-01-06 02:55:26.127518+00:00,492.0,137.5,137.49,137.52,SOL
2026-01-06 02:53:13+00:00,2026-01-06 02:55:26.439555+00:00,493.0,137.5,137.49,137.52,SOL
2026-01-06 02:53:14+00:00,2026-01-06 02:55:27.507865+00:00,494.0,137.5,137.49,137.51,SOL
2026-01-06 02:53:16+00:00,2026-01-06 02:55:29.157122+00:00,496.0,137.5,137.49,137.51,SOL
2026-01-06 02:53:17+00:00,2026-01-06 02:55:30.104654+00:00,497.0,137.5,137.49,137.51,SOL
2026-01-06 02:53:18+00:00,2026-01-06 02:55:31.306420+00:00,498.0,137.5,137.49,137.51,SOL
2026-01-06 02:53:19+00:00,2026-01-06 02:55:32.552769+00:00,499.0,137.5,137.49,137.51,SOL
2026-01-06 02:53:20+00:00,2026-01-06 02:55:33.536164+00:00,500.0,137.5,137.49,137.52,SOL
2026-01-06 02:53:21+00:00,2026-01-06 02:55:34.561528+00:00,501.0,137.5,137.49,137.52,SOL
2026-01-06 02:53:22+00:00,2026-01-06 02:55:35.571673+00:00,502.0,137.5,137.49,137.52,SOL
2026-01-06 02:53:23+00:00,2026-01-06 02:55:36.626595+00:00,503.0,137.5,137.49,137.52,SOL
2026-01-06 02:53:24+00:00,2026-01-06 02:55:37.562260+00:00,504.0,137.5,137.49,137.52,SOL
2026-01-06 02:53:25+00:00,2026-01-06 02:55:38.591439+00:00,505.0,137.5,137.49,137.52,SOL
2026-01-06 02:53:26+00:00,2026-01-06 02:55:39.584529+00:00,506.0,137.5,137.49,137.52,SOL
2026-01-06 02:53:27+00:00,2026-01-06 02:55:40.607480+00:00,507.0,137.5,137.49,137.52,SOL
2026-01-06 02:53:28+00:00,2026-01-06 02:55:41.613008+00:00,508.0,137.5,137.49,137.52,SOL
2026-01-06 02:53:29+00:00,2026-01-06 02:55:43.405138+00:00,509.0,137.5,137.5,137.52,SOL
2026-01-06 02:53:31+00:00,2026-01-06 02:55:44.505840+00:00,511.0,137.5,137.5,137.52,SOL
2026-01-06 02:53:32+00:00,2026-01-06 02:55:45.661795+00:00,512.0,137.5,137.5,137.52,SOL
2026-01-06 02:53:33+00:00,2026-01-06 02:55:46.668668+00:00,513.0,137.5,137.5,137.52,SOL
2026-01-06 02:53:34+00:00,2026-01-06 02:55:47.674060+00:00,514.0,137.5,137.5,137.52,SOL
2026-01-06 02:53:35+00:00,2026-01-06 02:55:49.519746+00:00,515.0,137.5,137.5,137.52,SOL
2026-01-06 02:53:37+00:00,2026-01-06 02:55:50.524065+00:00,517.0,137.52,137.51,137.53,SOL
2026-01-06 02:53:38+00:00,2026-01-06 02:55:51.326191+00:00,518.0,137.53,137.52,137.55,SOL
2026-01-06 02:53:39+00:00,2026-01-06 02:55:52.306350+00:00,519.0,137.53,137.53,137.55,SOL
2026-01-06 02:53:40+00:00,2026-01-06 02:55:53.406351+00:00,520.0,137.53,137.53,137.55,SOL
2026-01-06 02:53:41+00:00,2026-01-06 02:55:54.388409+00:00,521.0,137.53,137.53,137.55,SOL
2026-01-06 02:53:42+00:00,2026-01-06 02:55:55.506067+00:00,522.0,137.53,137.53,137.55,SOL
2026-01-06 02:53:43+00:00,2026-01-06 02:55:56.537883+00:00,523.0,137.53,137.52,137.55,SOL
2026-01-06 02:53:44+00:00,2026-01-06 02:55:57.555213+00:00,524.0,137.53,137.52,137.55,SOL
2026-01-06 02:53:45+00:00,2026-01-06 02:55:58.567718+00:00,525.0,137.53,137.52,137.55,SOL
2026-01-06 02:53:46+00:00,2026-01-06 02:55:59.592686+00:00,526.0,137.53,137.52,137.55,SOL
2026-01-06 02:53:47+00:00,2026-01-06 02:56:00.592662+00:00,527.0,137.53,137.52,137.55,SOL
2026-01-06 02:53:48+00:00,2026-01-06 02:56:01.694709+00:00,528.0,137.53,137.52,137.55,SOL
2026-01-06 02:53:49+00:00,2026-01-06 02:56:02.673694+00:00,529.0,137.53,137.52,137.55,SOL
2026-01-06 02:53:51+00:00,2026-01-06 02:56:05.703222+00:00,531.0,137.53,137.52,137.55,SOL
2026-01-06 02:53:53+00:00,2026-01-06 02:56:06.746251+00:00,533.0,137.53,137.52,137.55,SOL
2026-01-06 02:53:54+00:00,2026-01-06 02:56:07.774983+00:00,534.0,137.53,137.52,137.55,SOL
2026-01-06 02:53:55+00:00,2026-01-06 02:56:08.804221+00:00,535.0,137.53,137.52,137.55,SOL
2026-01-06 02:53:58+00:00,2026-01-06 02:56:11.667979+00:00,538.0,137.54,137.53,137.56,SOL
2026-01-06 02:53:59+00:00,2026-01-06 02:56:12.677695+00:00,539.0,137.55,137.53,137.56,SOL
2026-01-06 02:54:00+00:00,2026-01-06 02:56:13.859048+00:00,540.0,137.56,137.55,137.59,SOL
2026-01-06 02:54:01+00:00,2026-01-06 02:56:15.068174+00:00,541.0,137.59,137.59,137.62,SOL
2026-01-06 02:54:02+00:00,2026-01-06 02:56:16.078015+00:00,542.0,137.62,137.62,137.64,SOL
2026-01-06 02:54:03+00:00,2026-01-06 02:56:17.153300+00:00,543.0,137.63,137.62,137.64,SOL
2026-01-06 02:54:04+00:00,2026-01-06 02:56:18.117566+00:00,544.0,137.63,137.62,137.65,SOL
2026-01-06 02:54:05+00:00,2026-01-06 02:56:19.143827+00:00,545.0,137.64,137.63,137.65,SOL
2026-01-06 02:54:06+00:00,2026-01-06 02:56:20.145417+00:00,546.0,137.64,137.63,137.65,SOL
2026-01-06 02:54:07+00:00,2026-01-06 02:56:21.169289+00:00,547.0,137.64,137.63,137.65,SOL
2026-01-06 02:54:08+00:00,2026-01-06 02:56:22.144106+00:00,548.0,137.63,137.62,137.64,SOL
2026-01-06 02:54:09+00:00,2026-01-06 02:56:23.169745+00:00,549.0,137.63,137.61,137.64,SOL
2026-01-06 02:54:10+00:00,2026-01-06 02:56:24.175609+00:00,550.0,137.62,137.61,137.63,SOL
2026-01-06 02:54:11+00:00,2026-01-06 02:56:25.170901+00:00,551.0,137.62,137.61,137.63,SOL
2026-01-06 02:54:12+00:00,2026-01-06 02:56:26.176337+00:00,552.0,137.61,137.6,137.62,SOL
2026-01-06 02:54:13+00:00,2026-01-06 02:56:27.221055+00:00,553.0,137.6,137.59,137.61,SOL
2026-01-06 02:54:16+00:00,2026-01-06 02:56:29.491613+00:00,556.0,137.59,137.58,137.6,SOL
2026-01-06 02:54:17+00:00,2026-01-06 02:56:30.490302+00:00,557.0,137.59,137.58,137.6,SOL
2026-01-06 02:54:18+00:00,2026-01-06 02:56:31.522033+00:00,558.0,137.59,137.58,137.6,SOL
2026-01-06 02:54:19+00:00,2026-01-06 02:56:32.536985+00:00,559.0,137.59,137.58,137.6,SOL
2026-01-06 02:54:20+00:00,2026-01-06 02:56:34.516857+00:00,560.0,137.59,137.58,137.6,SOL
2026-01-06 02:54:21+00:00,2026-01-06 02:56:35.274913+00:00,561.0,137.59,137.58,137.6,SOL
2026-01-06 02:54:23+00:00,2026-01-06 02:56:36.469057+00:00,563.0,137.61,137.6,137.62,SOL
2026-01-06 02:54:24+00:00,2026-01-06 02:56:38.303128+00:00,564.0,137.61,137.6,137.62,SOL
2026-01-06 02:54:25+00:00,2026-01-06 02:56:39.330698+00:00,565.0,137.62,137.6,137.62,SOL
2026-01-06 02:54:27+00:00,2026-01-06 02:56:41.402922+00:00,567.0,137.62,137.6,137.63,SOL
2026-01-06 02:54:28+00:00,2026-01-06 02:56:41.492531+00:00,568.0,137.62,137.6,137.63,SOL
2026-01-06 02:54:30+00:00,2026-01-06 02:56:44.420673+00:00,570.0,137.62,137.6,137.63,SOL
2026-01-06 02:54:32+00:00,2026-01-06 02:56:45.500187+00:00,572.0,137.63,137.61,137.64,SOL
2026-01-06 02:54:33+00:00,2026-01-06 02:56:46.569021+00:00,573.0,137.63,137.61,137.64,SOL
2026-01-06 02:54:35+00:00,2026-01-06 02:56:48.839760+00:00,575.0,137.62,137.61,137.63,SOL
2026-01-06 02:54:36+00:00,2026-01-06 02:56:49.656497+00:00,576.0,137.62,137.61,137.63,SOL
2026-01-06 02:54:37+00:00,2026-01-06 02:56:50.634769+00:00,577.0,137.62,137.61,137.63,SOL
2026-01-06 02:54:38+00:00,2026-01-06 02:56:51.843458+00:00,578.0,137.62,137.61,137.63,SOL
2026-01-06 02:54:39+00:00,2026-01-06 02:56:52.609003+00:00,579.0,137.62,137.61,137.63,SOL
2026-01-06 02:54:40+00:00,2026-01-06 02:56:53.507597+00:00,580.0,137.63,137.61,137.64,SOL
2026-01-06 02:54:41+00:00,2026-01-06 02:56:54.654196+00:00,581.0,137.63,137.61,137.64,SOL
2026-01-06 02:54:42+00:00,2026-01-06 02:56:55.675841+00:00,582.0,137.63,137.61,137.64,SOL
2026-01-06 02:54:43+00:00,2026-01-06 02:56:56.671051+00:00,583.0,137.62,137.6,137.63,SOL
2026-01-06 02:54:44+00:00,2026-01-06 02:56:57.817986+00:00,584.0,137.62,137.6,137.63,SOL
2026-01-06 02:54:45+00:00,2026-01-06 02:56:58.785843+00:00,585.0,137.61,137.6,137.63,SOL
2026-01-06 02:54:46+00:00,2026-01-06 02:56:59.792979+00:00,586.0,137.6,137.59,137.61,SOL
2026-01-06 02:54:47+00:00,2026-01-06 02:57:00.887002+00:00,587.0,137.6,137.59,137.61,SOL
2026-01-06 02:54:48+00:00,2026-01-06 02:57:01.808329+00:00,588.0,137.6,137.59,137.61,SOL
2026-01-06 02:54:49+00:00,2026-01-06 02:57:02.834619+00:00,589.0,137.6,137.58,137.61,SOL
2026-01-06 02:54:50+00:00,2026-01-06 02:57:03.842786+00:00,590.0,137.6,137.58,137.61,SOL
2026-01-06 02:54:51+00:00,2026-01-06 02:57:04.935824+00:00,591.0,137.6,137.58,137.61,SOL
2026-01-06 02:54:52+00:00,2026-01-06 02:57:05.950782+00:00,592.0,137.6,137.58,137.61,SOL
2026-01-06 02:54:53+00:00,2026-01-06 02:57:06.967255+00:00,593.0,137.6,137.58,137.61,SOL
2026-01-06 02:54:54+00:00,2026-01-06 02:57:07.962370+00:00,594.0,137.6,137.58,137.61,SOL
2026-01-06 02:54:56+00:00,2026-01-06 02:57:09.788471+00:00,596.0,137.6,137.58,137.61,SOL
2026-01-06 02:54:57+00:00,2026-01-06 02:57:11.020135+00:00,597.0,137.61,137.58,137.61,SOL
2026-01-06 02:54:58+00:00,2026-01-06 02:57:12.017388+00:00,598.0,137.61,137.59,137.61,SOL
2026-01-06 02:55:00+00:00,2026-01-06 02:57:13.987949+00:00,600.0,137.61,137.59,137.61,SOL
2026-01-06 02:55:01+00:00,2026-01-06 02:57:15.290146+00:00,601.0,137.62,137.6,137.63,SOL
2026-01-06 02:55:02+00:00,2026-01-06 02:57:16.275593+00:00,602.0,137.64,137.61,137.66,SOL
2026-01-06 02:55:03+00:00,2026-01-06 02:57:17.307444+00:00,603.0,137.66,137.63,137.68,SOL
2026-01-06 02:55:04+00:00,2026-01-06 02:57:18.288279+00:00,604.0,137.67,137.65,137.68,SOL
2026-01-06 02:55:05+00:00,2026-01-06 02:57:19.317386+00:00,605.0,137.67,137.65,137.68,SOL
2026-01-06 02:55:07+00:00,2026-01-06 02:57:21.175076+00:00,607.0,137.67,137.65,137.68,SOL
2026-01-06 02:55:08+00:00,2026-01-06 02:57:22.324156+00:00,608.0,137.71,137.68,137.72,SOL
2026-01-06 02:55:09+00:00,2026-01-06 02:57:23.407289+00:00,609.0,137.71,137.68,137.71,SOL
2026-01-06 02:55:10+00:00,2026-01-06 02:57:24.334809+00:00,610.0,137.71,137.68,137.72,SOL
2026-01-06 02:55:11+00:00,2026-01-06 02:57:25.399490+00:00,611.0,137.7,137.68,137.72,SOL
2026-01-06 02:55:12+00:00,2026-01-06 02:57:26.550862+00:00,612.0,137.7,137.68,137.71,SOL
2026-01-06 02:55:13+00:00,2026-01-06 02:57:27.471439+00:00,613.0,137.68,137.68,137.7,SOL
2026-01-06 02:55:14+00:00,2026-01-06 02:57:28.475043+00:00,614.0,137.68,137.67,137.69,SOL
2026-01-06 02:55:15+00:00,2026-01-06 02:57:29.488198+00:00,615.0,137.67,137.66,137.68,SOL
2026-01-06 02:55:16+00:00,2026-01-06 02:57:30.493081+00:00,616.0,137.67,137.66,137.68,SOL
2026-01-06 02:55:17+00:00,2026-01-06 02:57:31.506167+00:00,617.0,137.67,137.66,137.69,SOL
2026-01-06 02:55:18+00:00,2026-01-06 02:57:32.522039+00:00,618.0,137.67,137.66,137.69,SOL
2026-01-06 02:55:19+00:00,2026-01-06 02:57:33.566980+00:00,619.0,137.67,137.66,137.69,SOL
2026-01-06 02:55:20+00:00,2026-01-06 02:57:34.573799+00:00,620.0,137.68,137.66,137.69,SOL
2026-01-06 02:55:21+00:00,2026-01-06 02:57:35.553749+00:00,621.0,137.68,137.67,137.7,SOL
2026-01-06 02:55:22+00:00,2026-01-06 02:57:36.557624+00:00,622.0,137.69,137.68,137.71,SOL
2026-01-06 02:55:23+00:00,2026-01-06 02:57:37.687379+00:00,623.0,137.7,137.68,137.71,SOL
2026-01-06 02:55:24+00:00,2026-01-06 02:57:38.595516+00:00,624.0,137.71,137.69,137.71,SOL
2026-01-06 02:55:25+00:00,2026-01-06 02:57:39.591258+00:00,625.0,137.7,137.69,137.71,SOL
2026-01-06 02:55:26+00:00,2026-01-06 02:57:40.617969+00:00,626.0,137.7,137.68,137.71,SOL
2026-01-06 02:55:27+00:00,2026-01-06 02:57:41.648923+00:00,627.0,137.69,137.67,137.71,SOL
2026-01-06 02:55:28+00:00,2026-01-06 02:57:42.805244+00:00,628.0,137.69,137.67,137.71,SOL
2026-01-06 02:55:29+00:00,2026-01-06 02:57:43.768249+00:00,629.0,137.69,137.67,137.71,SOL
2026-01-06 02:55:30+00:00,2026-01-06 02:57:44.797406+00:00,630.0,137.69,137.67,137.71,SOL
2026-01-06 02:55:31+00:00,2026-01-06 02:57:45.824573+00:00,631.0,137.69,137.67,137.71,SOL
2026-01-06 02:55:32+00:00,2026-01-06 02:57:46.812598+00:00,632.0,137.69,137.67,137.71,SOL
2026-01-06 02:55:33+00:00,2026-01-06 02:57:47.821955+00:00,633.0,137.69,137.67,137.71,SOL
2026-01-06 02:55:34+00:00,2026-01-06 02:57:48.837666+00:00,634.0,137.69,137.67,137.7,SOL
2026-01-06 02:55:35+00:00,2026-01-06 02:57:49.847052+00:00,635.0,137.69,137.67,137.71,SOL
2026-01-06 02:55:36+00:00,2026-01-06 02:57:50.933623+00:00,636.0,137.7,137.68,137.71,SOL
2026-01-06 02:55:37+00:00,2026-01-06 02:57:51.900514+00:00,637.0,137.7,137.68,137.71,SOL
2026-01-06 02:55:38+00:00,2026-01-06 02:57:52.949849+00:00,638.0,137.7,137.68,137.71,SOL
2026-01-06 02:55:39+00:00,2026-01-06 02:57:53.913773+00:00,639.0,137.7,137.69,137.72,SOL
2026-01-06 02:55:40+00:00,2026-01-06 02:57:54.971572+00:00,640.0,137.72,137.7,137.74,SOL
2026-01-06 02:55:41+00:00,2026-01-06 02:57:55.958377+00:00,641.0,137.72,137.71,137.74,SOL
2026-01-06 02:55:42+00:00,2026-01-06 02:57:56.950186+00:00,642.0,137.72,137.71,137.73,SOL
2026-01-06 02:55:43+00:00,2026-01-06 02:57:57.936396+00:00,643.0,137.72,137.71,137.73,SOL
2026-01-06 02:55:44+00:00,2026-01-06 02:57:58.988406+00:00,644.0,137.72,137.71,137.73,SOL
2026-01-06 02:55:45+00:00,2026-01-06 02:57:59.986619+00:00,645.0,137.72,137.71,137.73,SOL
2026-01-06 02:55:46+00:00,2026-01-06 02:58:01.000151+00:00,646.0,137.72,137.71,137.73,SOL
2026-01-06 02:55:47+00:00,2026-01-06 02:58:01.998996+00:00,647.0,137.72,137.71,137.73,SOL
2026-01-06 02:55:48+00:00,2026-01-06 02:58:04.133039+00:00,648.0,137.72,137.71,137.73,SOL
2026-01-06 02:55:51+00:00,2026-01-06 02:58:05.972927+00:00,651.0,137.72,137.71,137.73,SOL
2026-01-06 02:55:52+00:00,2026-01-06 02:58:07.103189+00:00,652.0,137.72,137.71,137.73,SOL
2026-01-06 02:55:53+00:00,2026-01-06 02:58:08.170929+00:00,653.0,137.72,137.71,137.73,SOL
2026-01-06 02:55:55+00:00,2026-01-06 02:58:10.122157+00:00,655.0,137.72,137.71,137.73,SOL
2026-01-06 02:55:58+00:00,2026-01-06 02:58:13.201178+00:00,658.0,137.72,137.71,137.74,SOL
2026-01-06 02:55:59+00:00,2026-01-06 02:58:13.274896+00:00,659.0,137.72,137.71,137.74,SOL
2026-01-06 02:56:00+00:00,2026-01-06 02:58:15.298300+00:00,660.0,137.71,137.7,137.72,SOL
2026-01-06 02:56:01+00:00,2026-01-06 02:58:16.284337+00:00,661.0,137.72,137.7,137.73,SOL
2026-01-06 02:56:03+00:00,2026-01-06 02:58:19.351180+00:00,663.0,137.73,137.71,137.74,SOL
2026-01-06 02:56:05+00:00,2026-01-06 02:58:19.432112+00:00,665.0,137.73,137.71,137.74,SOL
2026-01-06 02:56:06+00:00,2026-01-06 02:58:20.666014+00:00,666.0,137.75,137.72,137.75,SOL
2026-01-06 02:56:08+00:00,2026-01-06 02:58:22.544061+00:00,668.0,137.75,137.72,137.75,SOL
2026-01-06 02:56:09+00:00,2026-01-06 02:58:23.577159+00:00,669.0,137.75,137.73,137.77,SOL
2026-01-06 02:56:10+00:00,2026-01-06 02:58:24.599381+00:00,670.0,137.75,137.73,137.76,SOL
2026-01-06 02:56:11+00:00,2026-01-06 02:58:25.553953+00:00,671.0,137.75,137.73,137.77,SOL
2026-01-06 02:56:12+00:00,2026-01-06 02:58:26.599968+00:00,672.0,137.75,137.73,137.77,SOL
2026-01-06 02:56:13+00:00,2026-01-06 02:58:27.579145+00:00,673.0,137.75,137.74,137.77,SOL
2026-01-06 02:56:14+00:00,2026-01-06 02:58:28.606985+00:00,674.0,137.73,137.72,137.75,SOL
2026-01-06 02:56:15+00:00,2026-01-06 02:58:29.741516+00:00,675.0,137.72,137.71,137.73,SOL
2026-01-06 02:56:16+00:00,2026-01-06 02:58:30.662471+00:00,676.0,137.72,137.7,137.72,SOL
2026-01-06 02:56:17+00:00,2026-01-06 02:58:31.656613+00:00,677.0,137.7,137.69,137.71,SOL
2026-01-06 02:56:18+00:00,2026-01-06 02:58:32.682715+00:00,678.0,137.69,137.68,137.7,SOL
2026-01-06 02:56:20+00:00,2026-01-06 02:58:34.716099+00:00,680.0,137.69,137.68,137.7,SOL
2026-01-06 02:56:21+00:00,2026-01-06 02:58:35.721393+00:00,681.0,137.69,137.68,137.7,SOL
2026-01-06 02:56:22+00:00,2026-01-06 02:58:36.649287+00:00,682.0,137.69,137.68,137.7,SOL
2026-01-06 02:56:23+00:00,2026-01-06 02:58:38.782327+00:00,683.0,137.68,137.67,137.7,SOL
2026-01-06 02:56:24+00:00,2026-01-06 02:58:39.732108+00:00,684.0,137.67,137.67,137.69,SOL
2026-01-06 02:56:25+00:00,2026-01-06 02:58:40.653763+00:00,685.0,137.67,137.66,137.68,SOL
2026-01-06 02:56:27+00:00,2026-01-06 02:58:41.850905+00:00,687.0,137.66,137.65,137.68,SOL
2026-01-06 02:56:28+00:00,2026-01-06 02:58:42.899491+00:00,688.0,137.66,137.65,137.68,SOL
2026-01-06 02:56:29+00:00,2026-01-06 02:58:44.638728+00:00,689.0,137.66,137.65,137.68,SOL
2026-01-06 02:56:30+00:00,2026-01-06 02:58:45.606487+00:00,690.0,137.66,137.65,137.68,SOL
2026-01-06 02:56:32+00:00,2026-01-06 02:58:46.905345+00:00,692.0,137.66,137.65,137.68,SOL
2026-01-06 02:56:33+00:00,2026-01-06 02:58:47.849797+00:00,693.0,137.66,137.65,137.67,SOL
2026-01-06 02:56:34+00:00,2026-01-06 02:58:48.868612+00:00,694.0,137.66,137.65,137.67,SOL
2026-01-06 02:56:35+00:00,2026-01-06 02:58:49.884472+00:00,695.0,137.66,137.65,137.67,SOL
2026-01-06 02:56:36+00:00,2026-01-06 02:58:50.907063+00:00,696.0,137.66,137.65,137.67,SOL
2026-01-06 02:56:37+00:00,2026-01-06 02:58:51.917602+00:00,697.0,137.66,137.65,137.67,SOL
2026-01-06 02:56:38+00:00,2026-01-06 02:58:52.969990+00:00,698.0,137.66,137.65,137.67,SOL
2026-01-06 02:56:39+00:00,2026-01-06 02:58:54.015201+00:00,699.0,137.66,137.65,137.67,SOL
2026-01-06 02:56:40+00:00,2026-01-06 02:58:55.739227+00:00,700.0,137.65,137.64,137.67,SOL
2026-01-06 02:56:41+00:00,2026-01-06 02:58:56.025248+00:00,701.0,137.65,137.64,137.66,SOL
2026-01-06 02:56:42+00:00,2026-01-06 02:58:57.039851+00:00,702.0,137.63,137.62,137.64,SOL
2026-01-06 02:56:43+00:00,2026-01-06 02:58:58.790720+00:00,703.0,137.62,137.61,137.63,SOL
2026-01-06 02:56:44+00:00,2026-01-06 02:58:59.055833+00:00,704.0,137.61,137.6,137.62,SOL
2026-01-06 02:56:45+00:00,2026-01-06 02:59:02.288128+00:00,705.0,137.6,137.59,137.61,SOL
2026-01-06 02:56:47+00:00,2026-01-06 02:59:02.340878+00:00,707.0,137.58,137.57,137.59,SOL
2026-01-06 02:56:48+00:00,2026-01-06 02:59:03.387685+00:00,708.0,137.58,137.57,137.59,SOL
2026-01-06 02:56:49+00:00,2026-01-06 02:59:04.387122+00:00,709.0,137.58,137.57,137.59,SOL
2026-01-06 02:56:50+00:00,2026-01-06 02:59:05.406535+00:00,710.0,137.58,137.57,137.6,SOL
2026-01-06 02:56:52+00:00,2026-01-06 02:59:07.599338+00:00,712.0,137.59,137.58,137.61,SOL
2026-01-06 02:56:53+00:00,2026-01-06 02:59:08.666228+00:00,713.0,137.59,137.58,137.61,SOL
2026-01-06 02:56:54+00:00,2026-01-06 02:59:09.619956+00:00,714.0,137.59,137.58,137.61,SOL
2026-01-06 02:56:55+00:00,2026-01-06 02:59:10.645008+00:00,715.0,137.59,137.58,137.61,SOL
2026-01-06 02:56:57+00:00,2026-01-06 02:59:12.691820+00:00,717.0,137.59,137.58,137.61,SOL
2026-01-06 02:56:58+00:00,2026-01-06 02:59:13.749563+00:00,718.0,137.59,137.58,137.61,SOL
2026-01-06 02:56:59+00:00,2026-01-06 02:59:14.042763+00:00,719.0,137.59,137.58,137.61,SOL
2026-01-06 02:57:00+00:00,2026-01-06 02:59:15.021738+00:00,720.0,137.59,137.58,137.62,SOL
2026-01-06 02:57:01+00:00,2026-01-06 02:59:16.063740+00:00,721.0,137.6,137.59,137.62,SOL
2026-01-06 02:57:02+00:00,2026-01-06 02:59:17.091092+00:00,722.0,137.64,137.63,137.66,SOL
2026-01-06 02:57:03+00:00,2026-01-06 02:59:18.151035+00:00,723.0,137.64,137.64,137.66,SOL
2026-01-06 02:57:04+00:00,2026-01-06 02:59:19.125298+00:00,724.0,137.65,137.64,137.67,SOL
2026-01-06 02:57:05+00:00,2026-01-06 02:59:20.939008+00:00,725.0,137.65,137.64,137.67,SOL
2026-01-06 02:57:06+00:00,2026-01-06 02:59:21.150520+00:00,726.0,137.65,137.64,137.67,SOL
2026-01-06 02:57:08+00:00,2026-01-06 02:59:23.052162+00:00,728.0,137.66,137.65,137.69,SOL
2026-01-06 02:57:09+00:00,2026-01-06 02:59:24.222111+00:00,729.0,137.66,137.66,137.69,SOL
2026-01-06 02:57:10+00:00,2026-01-06 02:59:25.316892+00:00,730.0,137.67,137.66,137.7,SOL
2026-01-06 02:57:11+00:00,2026-01-06 02:59:26.216950+00:00,731.0,137.68,137.66,137.7,SOL
2026-01-06 02:57:12+00:00,2026-01-06 02:59:28.218845+00:00,732.0,137.69,137.68,137.71,SOL
2026-01-06 02:57:13+00:00,2026-01-06 02:59:29.296665+00:00,733.0,137.69,137.68,137.71,SOL
2026-01-06 02:57:15+00:00,2026-01-06 02:59:30.398056+00:00,735.0,137.69,137.68,137.71,SOL
2026-01-06 02:57:16+00:00,2026-01-06 02:59:31.350791+00:00,736.0,137.69,137.68,137.71,SOL
2026-01-06 02:57:17+00:00,2026-01-06 02:59:32.418187+00:00,737.0,137.69,137.68,137.7,SOL
2026-01-06 02:57:18+00:00,2026-01-06 02:59:33.455612+00:00,738.0,137.69,137.68,137.7,SOL
2026-01-06 02:57:19+00:00,2026-01-06 02:59:34.462109+00:00,739.0,137.69,137.68,137.7,SOL
2026-01-06 02:57:20+00:00,2026-01-06 02:59:36.143349+00:00,740.0,137.69,137.68,137.7,SOL
2026-01-06 02:57:21+00:00,2026-01-06 02:59:37.147131+00:00,741.0,137.7,137.68,137.71,SOL
2026-01-06 02:57:22+00:00,2026-01-06 02:59:38.145724+00:00,742.0,137.7,137.69,137.71,SOL
2026-01-06 02:57:23+00:00,2026-01-06 02:59:39.072115+00:00,743.0,137.7,137.69,137.71,SOL
2026-01-06 02:57:24+00:00,2026-01-06 02:59:40.214853+00:00,744.0,137.7,137.69,137.71,SOL
2026-01-06 02:57:25+00:00,2026-01-06 02:59:41.283715+00:00,745.0,137.7,137.69,137.71,SOL
2026-01-06 02:57:26+00:00,2026-01-06 02:59:42.225853+00:00,746.0,137.7,137.69,137.71,SOL
2026-01-06 02:57:27+00:00,2026-01-06 02:59:43.213090+00:00,747.0,137.7,137.69,137.72,SOL
2026-01-06 02:57:29+00:00,2026-01-06 02:59:44.415558+00:00,749.0,137.7,137.69,137.72,SOL
2026-01-06 02:57:30+00:00,2026-01-06 02:59:45.420734+00:00,750.0,137.7,137.69,137.72,SOL
2026-01-06 02:57:31+00:00,2026-01-06 02:59:47.195212+00:00,751.0,137.7,137.69,137.72,SOL
2026-01-06 02:57:32+00:00,2026-01-06 02:59:48.211568+00:00,752.0,137.7,137.69,137.72,SOL
2026-01-06 02:57:33+00:00,2026-01-06 02:59:49.111802+00:00,753.0,137.7,137.69,137.72,SOL
2026-01-06 02:57:34+00:00,2026-01-06 02:59:50.219554+00:00,754.0,137.7,137.69,137.72,SOL
2026-01-06 02:57:35+00:00,2026-01-06 02:59:51.211766+00:00,755.0,137.7,137.69,137.72,SOL
2026-01-06 02:57:36+00:00,2026-01-06 02:59:52.168131+00:00,756.0,137.71,137.69,137.72,SOL
2026-01-06 02:57:37+00:00,2026-01-06 02:59:53.388961+00:00,757.0,137.7,137.69,137.72,SOL
2026-01-06 02:57:38+00:00,2026-01-06 02:59:54.395888+00:00,758.0,137.7,137.69,137.72,SOL
2026-01-06 02:57:39+00:00,2026-01-06 02:59:55.173125+00:00,759.0,137.7,137.69,137.72,SOL
2026-01-06 02:57:40+00:00,2026-01-06 02:59:56.269274+00:00,760.0,137.7,137.69,137.72,SOL
2026-01-06 02:57:41+00:00,2026-01-06 02:59:57.211896+00:00,761.0,137.7,137.69,137.72,SOL
2026-01-06 02:57:42+00:00,2026-01-06 02:59:58.233336+00:00,762.0,137.7,137.69,137.72,SOL
2026-01-06 02:57:43+00:00,2026-01-06 02:59:59.212776+00:00,763.0,137.7,137.69,137.72,SOL
2026-01-06 02:57:44+00:00,2026-01-06 03:00:00.254942+00:00,764.0,137.7,137.69,137.72,SOL
2026-01-06 02:57:45+00:00,2026-01-06 03:00:01.433094+00:00,765.0,137.7,137.69,137.72,SOL
2026-01-06 02:57:46+00:00,2026-01-06 03:00:02.717292+00:00,766.0,137.7,137.69,137.72,SOL
2026-01-06 02:57:47+00:00,2026-01-06 03:00:03.717057+00:00,767.0,137.7,137.69,137.72,SOL
2026-01-06 02:57:48+00:00,2026-01-06 03:00:06.449126+00:00,768.0,137.7,137.69,137.72,SOL
2026-01-06 02:57:50+00:00,2026-01-06 03:00:06.563532+00:00,770.0,137.7,137.69,137.72,SOL
2026-01-06 02:57:54+00:00,2026-01-06 03:00:10.563650+00:00,774.0,137.71,137.69,137.72,SOL
2026-01-06 02:57:55+00:00,2026-01-06 03:00:11.501136+00:00,775.0,137.71,137.69,137.72,SOL
2026-01-06 02:57:56+00:00,2026-01-06 03:00:12.541397+00:00,776.0,137.71,137.68,137.72,SOL
2026-01-06 02:57:57+00:00,2026-01-06 03:00:13.552724+00:00,777.0,137.7,137.68,137.71,SOL
2026-01-06 02:57:58+00:00,2026-01-06 03:00:14.567801+00:00,778.0,137.7,137.69,137.71,SOL
2026-01-06 02:57:59+00:00,2026-01-06 03:00:15.580608+00:00,779.0,137.7,137.69,137.71,SOL
2026-01-06 02:58:00+00:00,2026-01-06 03:00:16.614120+00:00,780.0,137.7,137.69,137.71,SOL
2026-01-06 02:58:02+00:00,2026-01-06 03:00:18.582754+00:00,782.0,137.69,137.68,137.71,SOL
2026-01-06 02:58:03+00:00,2026-01-06 03:00:19.451573+00:00,783.0,137.69,137.68,137.71,SOL
2026-01-06 02:58:04+00:00,2026-01-06 03:00:20.435985+00:00,784.0,137.69,137.68,137.7,SOL
2026-01-06 02:58:05+00:00,2026-01-06 03:00:21.517678+00:00,785.0,137.69,137.68,137.7,SOL
2026-01-06 02:58:06+00:00,2026-01-06 03:00:22.616065+00:00,786.0,137.69,137.68,137.7,SOL
2026-01-06 02:58:07+00:00,2026-01-06 03:00:23.626474+00:00,787.0,137.69,137.68,137.7,SOL
2026-01-06 02:58:08+00:00,2026-01-06 03:00:24.497830+00:00,788.0,137.69,137.68,137.7,SOL
2026-01-06 02:58:09+00:00,2026-01-06 03:00:25.504132+00:00,789.0,137.68,137.67,137.69,SOL
2026-01-06 02:58:10+00:00,2026-01-06 03:00:26.482793+00:00,790.0,137.68,137.67,137.69,SOL
2026-01-06 02:58:11+00:00,2026-01-06 03:00:27.493158+00:00,791.0,137.68,137.67,137.69,SOL
2026-01-06 02:58:12+00:00,2026-01-06 03:00:28.438429+00:00,792.0,137.68,137.67,137.69,SOL
2026-01-06 02:58:13+00:00,2026-01-06 03:00:29.534526+00:00,793.0,137.67,137.66,137.68,SOL
2026-01-06 02:58:14+00:00,2026-01-06 03:00:30.639871+00:00,794.0,137.66,137.66,137.68,SOL
2026-01-06 02:58:15+00:00,2026-01-06 03:00:31.646779+00:00,795.0,137.66,137.65,137.67,SOL
2026-01-06 02:58:16+00:00,2026-01-06 03:00:32.503558+00:00,796.0,137.66,137.65,137.67,SOL
2026-01-06 02:58:17+00:00,2026-01-06 03:00:33.499024+00:00,797.0,137.66,137.65,137.68,SOL
2026-01-06 02:58:18+00:00,2026-01-06 03:00:34.650602+00:00,798.0,137.66,137.65,137.68,SOL
2026-01-06 02:58:19+00:00,2026-01-06 03:00:35.617054+00:00,799.0,137.66,137.65,137.68,SOL
2026-01-06 02:58:20+00:00,2026-01-06 03:00:36.536634+00:00,800.0,137.66,137.65,137.68,SOL
2026-01-06 02:58:21+00:00,2026-01-06 03:00:37.628702+00:00,801.0,137.66,137.65,137.68,SOL
2026-01-06 02:58:22+00:00,2026-01-06 03:00:38.644141+00:00,802.0,137.66,137.65,137.67,SOL
2026-01-06 02:58:23+00:00,2026-01-06 03:00:39.582531+00:00,803.0,137.66,137.65,137.67,SOL
2026-01-06 02:58:24+00:00,2026-01-06 03:00:40.616024+00:00,804.0,137.66,137.65,137.67,SOL
2026-01-06 02:58:25+00:00,2026-01-06 03:00:41.685477+00:00,805.0,137.66,137.65,137.67,SOL
2026-01-06 02:58:26+00:00,2026-01-06 03:00:42.858101+00:00,806.0,137.66,137.65,137.67,SOL
2026-01-06 02:58:27+00:00,2026-01-06 03:00:43.862732+00:00,807.0,137.66,137.64,137.66,SOL
2026-01-06 02:58:28+00:00,2026-01-06 03:00:44.850849+00:00,808.0,137.65,137.64,137.66,SOL
2026-01-06 02:58:29+00:00,2026-01-06 03:00:45.884808+00:00,809.0,137.65,137.64,137.66,SOL
2026-01-06 02:58:30+00:00,2026-01-06 03:00:46.845879+00:00,810.0,137.65,137.64,137.66,SOL
2026-01-06 02:58:31+00:00,2026-01-06 03:00:47.834857+00:00,811.0,137.65,137.64,137.66,SOL
2026-01-06 02:58:32+00:00,2026-01-06 03:00:48.863136+00:00,812.0,137.65,137.64,137.66,SOL
2026-01-06 02:58:33+00:00,2026-01-06 03:00:49.849135+00:00,813.0,137.65,137.64,137.66,SOL
2026-01-06 02:58:34+00:00,2026-01-06 03:00:50.982466+00:00,814.0,137.64,137.63,137.65,SOL
2026-01-06 02:58:35+00:00,2026-01-06 03:00:51.967503+00:00,815.0,137.63,137.62,137.65,SOL
2026-01-06 02:58:36+00:00,2026-01-06 03:00:53.010648+00:00,816.0,137.63,137.62,137.64,SOL
2026-01-06 02:58:37+00:00,2026-01-06 03:00:53.929256+00:00,817.0,137.63,137.62,137.64,SOL
2026-01-06 02:58:38+00:00,2026-01-06 03:00:54.949004+00:00,818.0,137.62,137.62,137.63,SOL
2026-01-06 02:58:39+00:00,2026-01-06 03:00:55.967585+00:00,819.0,137.62,137.61,137.62,SOL
2026-01-06 02:58:40+00:00,2026-01-06 03:00:56.995530+00:00,820.0,137.61,137.6,137.62,SOL
2026-01-06 02:58:41+00:00,2026-01-06 03:00:58.026931+00:00,821.0,137.61,137.6,137.62,SOL
2026-01-06 02:58:42+00:00,2026-01-06 03:00:59.033418+00:00,822.0,137.61,137.6,137.62,SOL
2026-01-06 02:58:43+00:00,2026-01-06 03:01:00.062251+00:00,823.0,137.61,137.61,137.62,SOL
2026-01-06 02:58:44+00:00,2026-01-06 03:01:01.043985+00:00,824.0,137.61,137.6,137.62,SOL
2026-01-06 02:58:45+00:00,2026-01-06 03:01:02.061312+00:00,825.0,137.61,137.6,137.62,SOL
2026-01-06 02:58:46+00:00,2026-01-06 03:01:03.101803+00:00,826.0,137.61,137.6,137.62,SOL
2026-01-06 02:58:47+00:00,2026-01-06 03:01:05.149953+00:00,827.0,137.61,137.6,137.62,SOL
2026-01-06 02:58:49+00:00,2026-01-06 03:01:06.779676+00:00,829.0,137.6,137.59,137.61,SOL
2026-01-06 02:58:50+00:00,2026-01-06 03:01:06.808908+00:00,830.0,137.59,137.59,137.61,SOL
2026-01-06 02:58:51+00:00,2026-01-06 03:01:07.820815+00:00,831.0,137.59,137.59,137.61,SOL
2026-01-06 02:58:52+00:00,2026-01-06 03:01:08.928887+00:00,832.0,137.6,137.59,137.61,SOL
2026-01-06 02:58:53+00:00,2026-01-06 03:01:09.959620+00:00,833.0,137.6,137.59,137.61,SOL
2026-01-06 02:58:54+00:00,2026-01-06 03:01:11.080032+00:00,834.0,137.6,137.59,137.61,SOL
2026-01-06 02:58:55+00:00,2026-01-06 03:01:12.078218+00:00,835.0,137.6,137.59,137.61,SOL
2026-01-06 02:58:56+00:00,2026-01-06 03:01:13.098310+00:00,836.0,137.6,137.59,137.61,SOL
2026-01-06 02:58:57+00:00,2026-01-06 03:01:14.066515+00:00,837.0,137.6,137.59,137.61,SOL
2026-01-06 02:58:58+00:00,2026-01-06 03:01:15.077072+00:00,838.0,137.6,137.59,137.61,SOL
2026-01-06 02:58:59+00:00,2026-01-06 03:01:16.133340+00:00,839.0,137.6,137.59,137.61,SOL
2026-01-06 02:59:01+00:00,2026-01-06 03:01:18.047159+00:00,841.0,137.6,137.59,137.61,SOL
2026-01-06 02:59:02+00:00,2026-01-06 03:01:19.153918+00:00,842.0,137.62,137.61,137.64,SOL
2026-01-06 02:59:03+00:00,2026-01-06 03:01:20.209877+00:00,843.0,137.62,137.61,137.63,SOL
2026-01-06 02:59:04+00:00,2026-01-06 03:01:21.013369+00:00,844.0,137.62,137.61,137.64,SOL
2026-01-06 02:59:05+00:00,2026-01-06 03:01:22.000928+00:00,845.0,137.63,137.62,137.64,SOL
2026-01-06 02:59:06+00:00,2026-01-06 03:01:23.127419+00:00,846.0,137.63,137.62,137.64,SOL
2026-01-06 02:59:07+00:00,2026-01-06 03:01:24.093946+00:00,847.0,137.63,137.62,137.65,SOL
2026-01-06 02:59:08+00:00,2026-01-06 03:01:25.116939+00:00,848.0,137.63,137.62,137.66,SOL
2026-01-06 02:59:09+00:00,2026-01-06 03:01:26.168225+00:00,849.0,137.63,137.62,137.65,SOL
2026-01-06 02:59:10+00:00,2026-01-06 03:01:27.219743+00:00,850.0,137.63,137.62,137.64,SOL
2026-01-06 02:59:11+00:00,2026-01-06 03:01:28.144943+00:00,851.0,137.61,137.6,137.62,SOL
2026-01-06 02:59:12+00:00,2026-01-06 03:01:30.143242+00:00,852.0,137.61,137.59,137.62,SOL
2026-01-06 02:59:13+00:00,2026-01-06 03:01:31.180130+00:00,853.0,137.6,137.59,137.61,SOL
2026-01-06 02:59:14+00:00,2026-01-06 03:01:32.175304+00:00,854.0,137.6,137.59,137.61,SOL
2026-01-06 02:59:15+00:00,2026-01-06 03:01:33.166061+00:00,855.0,137.6,137.59,137.61,SOL
2026-01-06 02:59:16+00:00,2026-01-06 03:01:34.193654+00:00,856.0,137.6,137.59,137.61,SOL
2026-01-06 02:59:18+00:00,2026-01-06 03:01:35.420074+00:00,858.0,137.6,137.59,137.61,SOL
2026-01-06 02:59:19+00:00,2026-01-06 03:01:36.460295+00:00,859.0,137.6,137.59,137.61,SOL
2026-01-06 02:59:20+00:00,2026-01-06 03:01:37.447751+00:00,860.0,137.6,137.59,137.61,SOL
2026-01-06 02:59:21+00:00,2026-01-06 03:01:38.448004+00:00,861.0,137.6,137.59,137.61,SOL
2026-01-06 02:59:22+00:00,2026-01-06 03:01:39.476016+00:00,862.0,137.6,137.59,137.61,SOL
2026-01-06 02:59:23+00:00,2026-01-06 03:01:40.488259+00:00,863.0,137.59,137.59,137.6,SOL
2026-01-06 02:59:24+00:00,2026-01-06 03:01:41.454559+00:00,864.0,137.59,137.59,137.6,SOL
2026-01-06 02:59:25+00:00,2026-01-06 03:01:42.482878+00:00,865.0,137.59,137.59,137.6,SOL
2026-01-06 02:59:26+00:00,2026-01-06 03:01:43.465796+00:00,866.0,137.59,137.58,137.6,SOL
2026-01-06 02:59:27+00:00,2026-01-06 03:01:44.481066+00:00,867.0,137.59,137.58,137.6,SOL
2026-01-06 02:59:28+00:00,2026-01-06 03:01:45.493006+00:00,868.0,137.59,137.58,137.61,SOL
2026-01-06 02:59:29+00:00,2026-01-06 03:01:46.525244+00:00,869.0,137.59,137.58,137.61,SOL
2026-01-06 02:59:30+00:00,2026-01-06 03:01:47.574311+00:00,870.0,137.59,137.58,137.61,SOL
2026-01-06 02:59:31+00:00,2026-01-06 03:01:48.548422+00:00,871.0,137.59,137.58,137.61,SOL
2026-01-06 02:59:32+00:00,2026-01-06 03:01:49.530495+00:00,872.0,137.59,137.58,137.6,SOL
2026-01-06 02:59:33+00:00,2026-01-06 03:01:50.541807+00:00,873.0,137.59,137.58,137.6,SOL
2026-01-06 02:59:34+00:00,2026-01-06 03:01:51.609245+00:00,874.0,137.59,137.58,137.6,SOL
2026-01-06 02:59:35+00:00,2026-01-06 03:01:52.556968+00:00,875.0,137.59,137.58,137.6,SOL
2026-01-06 02:59:36+00:00,2026-01-06 03:01:53.593239+00:00,876.0,137.59,137.58,137.6,SOL
2026-01-06 02:59:37+00:00,2026-01-06 03:01:54.593372+00:00,877.0,137.59,137.58,137.6,SOL
2026-01-06 02:59:38+00:00,2026-01-06 03:01:56.416196+00:00,878.0,137.59,137.58,137.6,SOL
2026-01-06 02:59:40+00:00,2026-01-06 03:01:57.323368+00:00,880.0,137.59,137.58,137.6,SOL
2026-01-06 02:59:41+00:00,2026-01-06 03:01:58.334225+00:00,881.0,137.59,137.58,137.6,SOL
2026-01-06 02:59:42+00:00,2026-01-06 03:01:59.409365+00:00,882.0,137.59,137.58,137.6,SOL
2026-01-06 02:59:43+00:00,2026-01-06 03:02:00.590154+00:00,883.0,137.59,137.58,137.6,SOL
2026-01-06 02:59:44+00:00,2026-01-06 03:02:01.525868+00:00,884.0,137.59,137.58,137.6,SOL
2026-01-06 02:59:45+00:00,2026-01-06 03:02:02.511300+00:00,885.0,137.59,137.58,137.6,SOL
2026-01-06 02:59:46+00:00,2026-01-06 03:02:03.493535+00:00,886.0,137.58,137.57,137.59,SOL
2026-01-06 02:59:47+00:00,2026-01-06 03:02:04.500066+00:00,887.0,137.58,137.57,137.59,SOL
2026-01-06 02:59:48+00:00,2026-01-06 03:02:05.503184+00:00,888.0,137.58,137.57,137.6,SOL
2026-01-06 02:59:49+00:00,2026-01-06 03:02:06.513027+00:00,889.0,137.58,137.57,137.6,SOL
2026-01-06 02:59:50+00:00,2026-01-06 03:02:07.539484+00:00,890.0,137.58,137.57,137.6,SOL
2026-01-06 02:59:51+00:00,2026-01-06 03:02:08.515405+00:00,891.0,137.58,137.57,137.6,SOL
2026-01-06 02:59:52+00:00,2026-01-06 03:02:09.591206+00:00,892.0,137.58,137.57,137.6,SOL
2026-01-06 02:59:53+00:00,2026-01-06 03:02:10.582439+00:00,893.0,137.58,137.57,137.6,SOL
2026-01-06 02:59:54+00:00,2026-01-06 03:02:11.583416+00:00,894.0,137.58,137.57,137.6,SOL
2026-01-06 02:59:55+00:00,2026-01-06 03:02:12.592708+00:00,895.0,137.58,137.57,137.59,SOL
2026-01-06 02:59:56+00:00,2026-01-06 03:02:13.605263+00:00,896.0,137.58,137.57,137.59,SOL
2026-01-06 02:59:57+00:00,2026-01-06 03:02:14.580368+00:00,897.0,137.58,137.57,137.59,SOL
2026-01-06 02:59:58+00:00,2026-01-06 03:02:15.607685+00:00,898.0,137.58,137.57,137.59,SOL
2026-01-06 02:59:59+00:00,2026-01-06 03:02:16.612684+00:00,899.0,137.57,137.57,137.59,SOL
