timestamp,collected_at,seconds,up_mid,up_best_bid,up_best_ask,down_mid,down_best_bid,down_best_ask,up_best_bid_size,up_best_ask_size,down_best_bid_size,down_best_ask_size
2026-01-06 02:46:37.976000+00:00,2026-01-06 02:46:38.042106+00:00,97.976,0.4599999999999999,0.45,0.47,0.55,0.53,0.57,,,,
2026-01-06 02:46:39.073000+00:00,2026-01-06 02:46:39.255386+00:00,99.073,0.4499999999999999,0.43,0.47,0.55,0.53,0.57,,,,
2026-01-06 02:46:40.165000+00:00,2026-01-06 02:46:40.209601+00:00,100.165,0.4549999999999999,0.43,0.48,0.5449999999999999,0.52,0.57,,,,
2026-01-06 02:46:41.132000+00:00,2026-01-06 02:46:41.210594+00:00,101.132,0.4499999999999999,0.43,0.47,0.55,0.53,0.57,,,,
2026-01-06 02:46:42.743000+00:00,2026-01-06 02:46:43.276872+00:00,102.743,0.4599999999999999,0.45,0.47,0.54,0.53,0.55,,,,
2026-01-06 02:46:44.193000+00:00,2026-01-06 02:46:44.244573+00:00,104.193,0.4599999999999999,0.45,0.47,0.54,0.53,0.55,,,,
2026-01-06 02:46:45.208000+00:00,2026-01-06 02:46:45.215449+00:00,105.208,0.4599999999999999,0.45,0.47,0.54,0.53,0.55,,,,
2026-01-06 02:46:46.232000+00:00,2026-01-06 02:46:46.261141+00:00,106.232,0.445,0.43,0.46,0.5549999999999999,0.54,0.57,,,,
2026-01-06 02:46:47.111000+00:00,2026-01-06 02:46:47.239043+00:00,107.111,0.44,0.43,0.45,0.56,0.55,0.57,,,,
2026-01-06 02:46:48.954000+00:00,2026-01-06 02:46:49.241085+00:00,108.954,0.445,0.43,0.46,0.5549999999999999,0.54,0.57,,,,
2026-01-06 02:46:50.142000+00:00,2026-01-06 02:46:50.289046+00:00,110.142,0.445,0.43,0.46,0.5549999999999999,0.54,0.57,,,,
2026-01-06 02:46:51.293000+00:00,2026-01-06 02:46:51.306589+00:00,111.293,0.445,0.43,0.46,0.5549999999999999,0.54,0.57,,,,
2026-01-06 02:46:52.231000+00:00,2026-01-06 02:46:52.293574+00:00,112.231,0.445,0.43,0.46,0.5549999999999999,0.54,0.57,,,,
2026-01-06 02:46:53.005000+00:00,2026-01-06 02:46:53.395315+00:00,113.005,0.445,0.43,0.46,0.545,0.54,0.55,,,,
2026-01-06 02:46:54.137000+00:00,2026-01-06 02:46:54.371189+00:00,114.137,0.455,0.45,0.46,0.545,0.54,0.55,,,,
2026-01-06 02:46:55.002000+00:00,2026-01-06 02:46:55.293821+00:00,115.002,0.455,0.45,0.46,0.545,0.54,0.55,,,,
2026-01-06 02:46:56.228000+00:00,2026-01-06 02:46:56.352420+00:00,116.228,0.455,0.45,0.46,0.545,0.54,0.55,,,,
2026-01-06 02:46:57.437000+00:00,2026-01-06 02:46:57.442591+00:00,117.437,0.455,0.45,0.46,0.545,0.54,0.55,,,,
2026-01-06 02:46:58.467000+00:00,2026-01-06 02:46:58.461059+00:00,118.467,0.455,0.45,0.46,0.545,0.54,0.55,,,,
2026-01-06 02:46:59.060000+00:00,2026-01-06 02:46:59.409451+00:00,119.06,0.455,0.45,0.46,0.545,0.54,0.55,,,,
2026-01-06 02:47:00.471000+00:00,2026-01-06 02:47:00.511526+00:00,120.471,0.47,0.46,0.48,0.525,0.52,0.53,,,,
2026-01-06 02:47:01.372000+00:00,2026-01-06 02:47:01.434671+00:00,121.372,0.4599999999999999,0.45,0.47,0.545,0.54,0.55,,,,
2026-01-06 02:47:02.426000+00:00,2026-01-06 02:47:02.471567+00:00,122.426,0.425,0.42,0.43,0.575,0.57,0.58,,,,
2026-01-06 02:47:03.635000+00:00,2026-01-06 02:47:03.661317+00:00,123.635,0.425,0.42,0.43,0.575,0.57,0.58,,,,
2026-01-06 02:47:04.572000+00:00,2026-01-06 02:47:04.585358+00:00,124.572,0.425,0.42,0.43,0.575,0.57,0.58,,,,
2026-01-06 02:47:05.863000+00:00,2026-01-06 02:47:05.859635+00:00,125.863,0.415,0.41,0.42,0.585,0.58,0.59,,,,
2026-01-06 02:47:07.394000+00:00,2026-01-06 02:47:07.772731+00:00,127.394,0.39,0.38,0.4,0.61,0.6,0.62,,,,
2026-01-06 02:47:08.711000+00:00,2026-01-06 02:47:08.709378+00:00,128.711,0.385,0.38,0.39,0.615,0.61,0.62,,,,
2026-01-06 02:47:09.725000+00:00,2026-01-06 02:47:09.742961+00:00,129.725,0.385,0.38,0.39,0.615,0.61,0.62,,,,
2026-01-06 02:47:10.527000+00:00,2026-01-06 02:47:10.760369+00:00,130.527,0.385,0.38,0.39,0.615,0.61,0.62,,,,
2026-01-06 02:47:11.645000+00:00,2026-01-06 02:47:11.727009+00:00,131.645,0.385,0.38,0.39,0.615,0.61,0.62,,,,
2026-01-06 02:47:12.467000+00:00,2026-01-06 02:47:12.722869+00:00,132.467,0.385,0.38,0.39,0.615,0.61,0.62,,,,
2026-01-06 02:47:13.002000+00:00,2026-01-06 02:47:13.740272+00:00,133.002,0.385,0.38,0.39,0.615,0.61,0.62,,,,
2026-01-06 02:47:14.268000+00:00,2026-01-06 02:47:14.823003+00:00,134.268,0.385,0.38,0.39,0.615,0.61,0.62,,,,
2026-01-06 02:47:15.758000+00:00,2026-01-06 02:47:15.758673+00:00,135.758,0.395,0.39,0.4,0.605,0.6,0.61,,,,
2026-01-06 02:47:16.004000+00:00,2026-01-06 02:47:16.775199+00:00,136.004,0.395,0.39,0.4,0.605,0.6,0.61,,,,
2026-01-06 02:47:17.655000+00:00,2026-01-06 02:47:17.823793+00:00,137.655,0.41,0.4,0.42,0.59,0.58,0.6,,,,
2026-01-06 02:47:18.806000+00:00,2026-01-06 02:47:18.807677+00:00,138.806,0.39,0.38,0.4,0.61,0.6,0.62,,,,
2026-01-06 02:47:19.932000+00:00,2026-01-06 02:47:19.923801+00:00,139.932,0.39,0.38,0.4,0.61,0.6,0.62,,,,
2026-01-06 02:47:20.428000+00:00,2026-01-06 02:47:20.932944+00:00,140.428,0.39,0.38,0.4,0.61,0.6,0.62,,,,
2026-01-06 02:47:21.976000+00:00,2026-01-06 02:47:21.990851+00:00,141.976,0.375,0.37,0.38,0.625,0.62,0.63,,,,
2026-01-06 02:47:22.946000+00:00,2026-01-06 02:47:22.972456+00:00,142.946,0.375,0.37,0.38,0.625,0.62,0.63,,,,
2026-01-06 02:47:23.651000+00:00,2026-01-06 02:47:23.986857+00:00,143.651,0.38,0.37,0.39,0.62,0.61,0.63,,,,
2026-01-06 02:47:24.800000+00:00,2026-01-06 02:47:24.975001+00:00,144.8,0.38,0.37,0.39,0.62,0.61,0.63,,,,
2026-01-06 02:47:25.951000+00:00,2026-01-06 02:47:26.061718+00:00,145.951,0.38,0.37,0.39,0.62,0.61,0.63,,,,
2026-01-06 02:47:27.952000+00:00,2026-01-06 02:47:28.055681+00:00,147.952,0.385,0.38,0.39,0.62,0.61,0.63,,,,
2026-01-06 02:47:29.939000+00:00,2026-01-06 02:47:30.034817+00:00,149.939,0.39,0.38,0.4,0.61,0.6,0.62,,,,
2026-01-06 02:47:31.907000+00:00,2026-01-06 02:47:32.085509+00:00,151.907,0.4,0.39,0.41,0.6,0.59,0.61,,,,
2026-01-06 02:47:33.127000+00:00,2026-01-06 02:47:33.128325+00:00,153.127,0.41,0.4,0.42,0.595,0.59,0.6,,,,
2026-01-06 02:47:34.862000+00:00,2026-01-06 02:47:35.143100+00:00,154.862,0.41,0.4,0.42,0.59,0.58,0.6,,,,
2026-01-06 02:47:36.302000+00:00,2026-01-06 02:47:36.301223+00:00,156.302,0.385,0.38,0.39,0.615,0.61,0.62,,,,
2026-01-06 02:47:37.001000+00:00,2026-01-06 02:47:37.109757+00:00,157.001,0.38,0.37,0.39,0.62,0.61,0.63,,,,
2026-01-06 02:47:38.135000+00:00,2026-01-06 02:47:38.140548+00:00,158.135,0.375,0.37,0.38,0.625,0.62,0.63,,,,
2026-01-06 02:47:39.218000+00:00,2026-01-06 02:47:39.212353+00:00,159.218,0.325,0.32,0.33,0.695,0.69,0.7,,,,
2026-01-06 02:47:40.193000+00:00,2026-01-06 02:47:40.193140+00:00,160.193,0.275,0.27,0.28,0.715,0.71,0.72,,,,
2026-01-06 02:47:41.539000+00:00,2026-01-06 02:47:41.571259+00:00,161.539,0.285,0.28,0.29,0.715,0.71,0.72,,,,
2026-01-06 02:47:42.293000+00:00,2026-01-06 02:47:42.312255+00:00,162.293,0.285,0.28,0.29,0.725,0.71,0.74,,,,
2026-01-06 02:47:43.324000+00:00,2026-01-06 02:47:43.319041+00:00,163.324,0.285,0.28,0.29,0.715,0.71,0.72,,,,
2026-01-06 02:47:44.282000+00:00,2026-01-06 02:47:44.413192+00:00,164.282,0.285,0.28,0.29,0.715,0.71,0.72,,,,
2026-01-06 02:47:45.291000+00:00,2026-01-06 02:47:45.324317+00:00,165.291,0.285,0.28,0.29,0.715,0.71,0.72,,,,
2026-01-06 02:47:46.153000+00:00,2026-01-06 02:47:46.436652+00:00,166.153,0.285,0.28,0.29,0.71,0.7,0.72,,,,
2026-01-06 02:47:47.001000+00:00,2026-01-06 02:47:47.418315+00:00,167.001,0.29,0.28,0.3,0.71,0.7,0.72,,,,
2026-01-06 02:47:48.436000+00:00,2026-01-06 02:47:48.419657+00:00,168.436,0.315,0.31,0.32,0.685,0.68,0.69,,,,
2026-01-06 02:47:49.445000+00:00,2026-01-06 02:47:49.507796+00:00,169.445,0.29,0.28,0.3,0.71,0.7,0.72,,,,
2026-01-06 02:47:50.701000+00:00,2026-01-06 02:47:50.837640+00:00,170.701,0.295,0.28,0.31,0.695,0.69,0.7,,,,
2026-01-06 02:47:51.540000+00:00,2026-01-06 02:47:51.555384+00:00,171.54,0.305,0.3,0.31,0.695,0.69,0.7,,,,
2026-01-06 02:47:52.505000+00:00,2026-01-06 02:47:52.570752+00:00,172.505,0.29,0.28,0.3,0.71,0.7,0.72,,,,
2026-01-06 02:47:53.161000+00:00,2026-01-06 02:47:53.862118+00:00,173.161,0.29,0.28,0.3,0.71,0.7,0.72,,,,
2026-01-06 02:47:54.529000+00:00,2026-01-06 02:47:54.612869+00:00,174.529,0.29,0.28,0.3,0.71,0.7,0.72,,,,
2026-01-06 02:47:55.544000+00:00,2026-01-06 02:47:55.609431+00:00,175.544,0.305,0.29,0.32,0.6950000000000001,0.68,0.71,,,,
2026-01-06 02:47:56.441000+00:00,2026-01-06 02:47:56.609503+00:00,176.441,0.3,0.28,0.32,0.7,0.68,0.72,,,,
2026-01-06 02:47:57.084000+00:00,2026-01-06 02:47:57.608187+00:00,177.084,0.29,0.28,0.3,0.7,0.68,0.72,,,,
2026-01-06 02:47:58.698000+00:00,2026-01-06 02:47:58.700906+00:00,178.698,0.315,0.31,0.32,0.675,0.66,0.69,,,,
2026-01-06 02:47:59.673000+00:00,2026-01-06 02:47:59.690921+00:00,179.673,0.315,0.31,0.32,0.685,0.68,0.69,,,,
2026-01-06 02:48:00.578000+00:00,2026-01-06 02:48:00.685035+00:00,180.578,0.31,0.3,0.32,0.69,0.68,0.7,,,,
2026-01-06 02:48:01.671000+00:00,2026-01-06 02:48:01.713695+00:00,181.671,0.31,0.3,0.32,0.69,0.68,0.7,,,,
2026-01-06 02:48:02.792000+00:00,2026-01-06 02:48:02.805178+00:00,182.792,0.31,0.3,0.32,0.69,0.68,0.7,,,,
2026-01-06 02:48:03.656000+00:00,2026-01-06 02:48:03.711985+00:00,183.656,0.31,0.3,0.32,0.69,0.68,0.7,,,,
2026-01-06 02:48:04.707000+00:00,2026-01-06 02:48:04.722324+00:00,184.707,0.315,0.31,0.32,0.685,0.68,0.69,,,,
2026-01-06 02:48:05.760000+00:00,2026-01-06 02:48:05.743761+00:00,185.76,0.36,0.35,0.37,0.64,0.63,0.65,,,,
2026-01-06 02:48:06.700000+00:00,2026-01-06 02:48:06.720625+00:00,186.7,0.36,0.35,0.37,0.635,0.63,0.64,,,,
2026-01-06 02:48:07.585000+00:00,2026-01-06 02:48:07.848855+00:00,187.585,0.365,0.36,0.37,0.635,0.63,0.64,,,,
2026-01-06 02:48:08.735000+00:00,2026-01-06 02:48:08.705721+00:00,188.735,0.395,0.39,0.4,0.605,0.6,0.61,,,,
2026-01-06 02:48:09.508000+00:00,2026-01-06 02:48:09.689633+00:00,189.508,0.39,0.38,0.4,0.615,0.61,0.62,,,,
2026-01-06 02:48:10.598000+00:00,2026-01-06 02:48:10.718354+00:00,190.598,0.385,0.38,0.39,0.615,0.61,0.62,,,,
2026-01-06 02:48:11.743000+00:00,2026-01-06 02:48:11.741594+00:00,191.743,0.435,0.43,0.44,0.5700000000000001,0.56,0.58,,,,
2026-01-06 02:48:12.721000+00:00,2026-01-06 02:48:12.710963+00:00,192.721,0.425,0.42,0.43,0.575,0.57,0.58,,,,
2026-01-06 02:48:13.737000+00:00,2026-01-06 02:48:13.738259+00:00,193.737,0.41,0.4,0.42,0.575,0.57,0.58,,,,
2026-01-06 02:48:14.513000+00:00,2026-01-06 02:48:14.723505+00:00,194.513,0.425,0.42,0.43,0.575,0.57,0.58,,,,
2026-01-06 02:48:15.471000+00:00,2026-01-06 02:48:15.827809+00:00,195.471,0.42,0.41,0.43,0.58,0.57,0.59,,,,
2026-01-06 02:48:16.760000+00:00,2026-01-06 02:48:16.749517+00:00,196.76,0.405,0.4,0.41,0.595,0.59,0.6,,,,
2026-01-06 02:48:17.292000+00:00,2026-01-06 02:48:17.756509+00:00,197.292,0.41,0.4,0.42,0.59,0.58,0.6,,,,
2026-01-06 02:48:18.692000+00:00,2026-01-06 02:48:18.853394+00:00,198.692,0.415,0.41,0.42,0.585,0.58,0.59,,,,
2026-01-06 02:48:19.645000+00:00,2026-01-06 02:48:19.858484+00:00,199.645,0.415,0.41,0.42,0.585,0.58,0.59,,,,
2026-01-06 02:48:20.745000+00:00,2026-01-06 02:48:21.204839+00:00,200.745,0.415,0.41,0.42,0.585,0.58,0.59,,,,
2026-01-06 02:48:21.958000+00:00,2026-01-06 02:48:22.156099+00:00,201.958,0.415,0.41,0.42,0.585,0.58,0.59,,,,
2026-01-06 02:48:23.300000+00:00,2026-01-06 02:48:23.301846+00:00,203.3,0.41,0.4,0.42,0.59,0.58,0.6,,,,
2026-01-06 02:48:24.164000+00:00,2026-01-06 02:48:24.163401+00:00,204.164,0.415,0.41,0.42,0.585,0.58,0.59,,,,
2026-01-06 02:48:25.906000+00:00,2026-01-06 02:48:26.186126+00:00,205.906,0.42,0.41,0.43,0.58,0.57,0.59,,,,
2026-01-06 02:48:26.902000+00:00,2026-01-06 02:48:27.170115+00:00,206.902,0.42,0.41,0.43,0.58,0.57,0.59,,,,
2026-01-06 02:48:28.026000+00:00,2026-01-06 02:48:28.302232+00:00,208.026,0.42,0.41,0.43,0.58,0.57,0.59,,,,
2026-01-06 02:48:29.941000+00:00,2026-01-06 02:48:30.399196+00:00,209.941,0.39,0.38,0.4,0.61,0.6,0.62,,,,
2026-01-06 02:48:31.590000+00:00,2026-01-06 02:48:31.605537+00:00,211.59,0.365,0.36,0.37,0.635,0.63,0.64,,,,
2026-01-06 02:48:32.929000+00:00,2026-01-06 02:48:33.398046+00:00,212.929,0.3399999999999999,0.33,0.35,0.66,0.65,0.67,,,,
2026-01-06 02:48:34.340000+00:00,2026-01-06 02:48:34.422604+00:00,214.34,0.3399999999999999,0.33,0.35,0.66,0.65,0.67,,,,
2026-01-06 02:48:35.357000+00:00,2026-01-06 02:48:35.405482+00:00,215.357,0.3399999999999999,0.33,0.35,0.66,0.65,0.67,,,,
2026-01-06 02:48:36.195000+00:00,2026-01-06 02:48:36.461582+00:00,216.195,0.3399999999999999,0.33,0.35,0.66,0.65,0.67,,,,
2026-01-06 02:48:37.448000+00:00,2026-01-06 02:48:37.508030+00:00,217.448,0.355,0.35,0.36,0.645,0.64,0.65,,,,
2026-01-06 02:48:38.276000+00:00,2026-01-06 02:48:38.484011+00:00,218.276,0.385,0.38,0.39,0.62,0.61,0.63,,,,
2026-01-06 02:48:39.438000+00:00,2026-01-06 02:48:39.522428+00:00,219.438,0.385,0.38,0.39,0.615,0.61,0.62,,,,
2026-01-06 02:48:40.548000+00:00,2026-01-06 02:48:40.533369+00:00,220.548,0.38,0.37,0.39,0.6,0.59,0.61,,,,
2026-01-06 02:48:41.363000+00:00,2026-01-06 02:48:41.468054+00:00,221.363,0.425,0.42,0.43,0.565,0.56,0.57,,,,
2026-01-06 02:48:42.694000+00:00,2026-01-06 02:48:42.934492+00:00,222.694,0.42,0.41,0.43,0.58,0.57,0.59,,,,
2026-01-06 02:48:43.232000+00:00,2026-01-06 02:48:43.534531+00:00,223.232,0.42,0.41,0.43,0.58,0.57,0.59,,,,
2026-01-06 02:48:44.602000+00:00,2026-01-06 02:48:44.631917+00:00,224.602,0.4649999999999999,0.46,0.47,0.545,0.54,0.55,,,,
2026-01-06 02:48:45.597000+00:00,2026-01-06 02:48:45.595520+00:00,225.597,0.455,0.45,0.46,0.515,0.51,0.52,,,,
2026-01-06 02:48:46.420000+00:00,2026-01-06 02:48:46.603895+00:00,226.42,0.48,0.47,0.49,0.525,0.52,0.53,,,,
2026-01-06 02:48:47.551000+00:00,2026-01-06 02:48:47.654606+00:00,227.551,0.48,0.47,0.49,0.52,0.51,0.53,,,,
2026-01-06 02:48:48.708000+00:00,2026-01-06 02:48:48.703663+00:00,228.708,0.495,0.49,0.5,0.505,0.5,0.51,,,,
2026-01-06 02:48:49.703000+00:00,2026-01-06 02:48:49.700283+00:00,229.703,0.485,0.48,0.49,0.515,0.51,0.52,,,,
2026-01-06 02:48:50.539000+00:00,2026-01-06 02:48:50.712680+00:00,230.539,0.485,0.48,0.49,0.515,0.51,0.52,,,,
2026-01-06 02:48:51.702000+00:00,2026-01-06 02:48:51.695234+00:00,231.702,0.475,0.47,0.48,0.535,0.53,0.54,,,,
2026-01-06 02:48:52.424000+00:00,2026-01-06 02:48:52.772437+00:00,232.424,0.4649999999999999,0.46,0.47,0.535,0.53,0.54,,,,
2026-01-06 02:48:53.777000+00:00,2026-01-06 02:48:53.781195+00:00,233.777,0.485,0.47,0.5,0.525,0.52,0.53,,,,
2026-01-06 02:48:54.001000+00:00,2026-01-06 02:48:54.786725+00:00,234.001,0.475,0.47,0.48,0.525,0.52,0.53,,,,
2026-01-06 02:48:55.577000+00:00,2026-01-06 02:48:55.745412+00:00,235.577,0.4599999999999999,0.45,0.47,0.54,0.53,0.55,,,,
2026-01-06 02:48:56.751000+00:00,2026-01-06 02:48:56.749079+00:00,236.751,0.4599999999999999,0.45,0.47,0.54,0.53,0.55,,,,
2026-01-06 02:48:57.569000+00:00,2026-01-06 02:48:57.764766+00:00,237.569,0.4599999999999999,0.45,0.47,0.54,0.53,0.55,,,,
2026-01-06 02:48:58.659000+00:00,2026-01-06 02:48:58.984136+00:00,238.659,0.4599999999999999,0.45,0.47,0.54,0.53,0.55,,,,
2026-01-06 02:48:59.282000+00:00,2026-01-06 02:49:00.837907+00:00,239.282,0.4599999999999999,0.45,0.47,0.54,0.53,0.55,,,,
2026-01-06 02:49:00.952000+00:00,2026-01-06 02:49:01.855431+00:00,240.952,0.4599999999999999,0.45,0.47,0.54,0.53,0.55,,,,
2026-01-06 02:49:02.858000+00:00,2026-01-06 02:49:02.859719+00:00,242.858,0.475,0.47,0.48,0.525,0.52,0.53,,,,
2026-01-06 02:49:03.802000+00:00,2026-01-06 02:49:03.821164+00:00,243.802,0.485,0.48,0.49,0.515,0.51,0.52,,,,
2026-01-06 02:49:04.800000+00:00,2026-01-06 02:49:04.800521+00:00,244.8,0.485,0.48,0.49,0.515,0.51,0.52,,,,
2026-01-06 02:49:05.646000+00:00,2026-01-06 02:49:05.782572+00:00,245.646,0.485,0.48,0.49,0.515,0.51,0.52,,,,
2026-01-06 02:49:06.795000+00:00,2026-01-06 02:49:06.798283+00:00,246.795,0.505,0.5,0.51,0.495,0.49,0.5,,,,
2026-01-06 02:49:07.808000+00:00,2026-01-06 02:49:07.799233+00:00,247.808,0.515,0.51,0.52,0.485,0.48,0.49,,,,
2026-01-06 02:49:08.692000+00:00,2026-01-06 02:49:09.833308+00:00,248.692,0.515,0.51,0.52,0.485,0.48,0.49,,,,
2026-01-06 02:49:10.816000+00:00,2026-01-06 02:49:10.822763+00:00,250.816,0.515,0.51,0.52,0.475,0.47,0.48,,,,
2026-01-06 02:49:11.846000+00:00,2026-01-06 02:49:11.906630+00:00,251.846,0.565,0.56,0.57,0.435,0.43,0.44,,,,
2026-01-06 02:49:12.767000+00:00,2026-01-06 02:49:12.898999+00:00,252.767,0.545,0.54,0.55,0.455,0.45,0.46,,,,
2026-01-06 02:49:13.891000+00:00,2026-01-06 02:49:13.954072+00:00,253.891,0.505,0.5,0.51,0.49,0.48,0.5,,,,
2026-01-06 02:49:14.938000+00:00,2026-01-06 02:49:14.939628+00:00,254.938,0.51,0.5,0.52,0.49,0.48,0.5,,,,
2026-01-06 02:49:15.947000+00:00,2026-01-06 02:49:15.978878+00:00,255.947,0.525,0.52,0.53,0.47,0.46,0.48,,,,
2026-01-06 02:49:16.967000+00:00,2026-01-06 02:49:16.971322+00:00,256.967,0.5700000000000001,0.56,0.58,0.44,0.43,0.45,,,,
2026-01-06 02:49:18.255000+00:00,2026-01-06 02:49:18.298216+00:00,258.255,0.555,0.55,0.56,0.47,0.46,0.48,,,,
2026-01-06 02:49:19.967000+00:00,2026-01-06 02:49:20.010673+00:00,259.967,0.525,0.52,0.53,0.455,0.45,0.46,,,,
2026-01-06 02:49:21.003000+00:00,2026-01-06 02:49:21.002586+00:00,261.003,0.54,0.53,0.55,0.4599999999999999,0.45,0.47,,,,
2026-01-06 02:49:22.040000+00:00,2026-01-06 02:49:22.052602+00:00,262.04,0.53,0.52,0.54,0.47,0.46,0.48,,,,
2026-01-06 02:49:23.023000+00:00,2026-01-06 02:49:23.063359+00:00,263.023,0.525,0.52,0.53,0.4599999999999999,0.45,0.47,,,,
2026-01-06 02:49:24.001000+00:00,2026-01-06 02:49:24.027738+00:00,264.001,0.54,0.53,0.55,0.4599999999999999,0.45,0.47,,,,
2026-01-06 02:49:25.048000+00:00,2026-01-06 02:49:25.034092+00:00,265.048,0.54,0.53,0.55,0.4599999999999999,0.45,0.47,,,,
2026-01-06 02:49:26.935000+00:00,2026-01-06 02:49:27.058060+00:00,266.935,0.5700000000000001,0.56,0.58,0.425,0.42,0.43,,,,
2026-01-06 02:49:28.050000+00:00,2026-01-06 02:49:28.063983+00:00,268.05,0.575,0.57,0.58,0.425,0.42,0.43,,,,
2026-01-06 02:49:29.944000+00:00,2026-01-06 02:49:30.093684+00:00,269.944,0.5700000000000001,0.56,0.58,0.43,0.42,0.44,,,,
2026-01-06 02:49:31.471000+00:00,2026-01-06 02:49:32.114882+00:00,271.471,0.58,0.57,0.59,0.42,0.41,0.43,,,,
2026-01-06 02:49:32.992000+00:00,2026-01-06 02:49:33.115145+00:00,272.992,0.575,0.57,0.58,0.425,0.42,0.43,,,,
2026-01-06 02:49:34.002000+00:00,2026-01-06 02:49:34.119726+00:00,274.002,0.58,0.57,0.59,0.42,0.41,0.43,,,,
2026-01-06 02:49:35.025000+00:00,2026-01-06 02:49:35.167808+00:00,275.025,0.56,0.55,0.57,0.45,0.44,0.46,,,,
2026-01-06 02:49:36.125000+00:00,2026-01-06 02:49:36.169562+00:00,276.125,0.555,0.55,0.56,0.435,0.42,0.45,,,,
2026-01-06 02:49:37.391000+00:00,2026-01-06 02:49:37.518649+00:00,277.391,0.575,0.57,0.58,0.425,0.42,0.43,,,,
2026-01-06 02:49:38.002000+00:00,2026-01-06 02:49:38.279533+00:00,278.002,0.575,0.57,0.58,0.425,0.42,0.43,,,,
2026-01-06 02:49:39.001000+00:00,2026-01-06 02:49:39.198110+00:00,279.001,0.5700000000000001,0.56,0.58,0.43,0.42,0.44,,,,
2026-01-06 02:49:40.162000+00:00,2026-01-06 02:49:40.216068+00:00,280.162,0.565,0.56,0.57,0.435,0.43,0.44,,,,
2026-01-06 02:49:41.245000+00:00,2026-01-06 02:49:41.249329+00:00,281.245,0.575,0.57,0.58,0.425,0.42,0.43,,,,
2026-01-06 02:49:42.162000+00:00,2026-01-06 02:49:42.249717+00:00,282.162,0.605,0.6,0.61,0.395,0.39,0.4,,,,
2026-01-06 02:49:43.300000+00:00,2026-01-06 02:49:43.310175+00:00,283.3,0.605,0.6,0.61,0.41,0.39,0.43,,,,
2026-01-06 02:49:44.134000+00:00,2026-01-06 02:49:44.295917+00:00,284.134,0.56,0.55,0.57,0.44,0.43,0.45,,,,
2026-01-06 02:49:45.101000+00:00,2026-01-06 02:49:45.331585+00:00,285.101,0.555,0.55,0.56,0.44,0.43,0.45,,,,
2026-01-06 02:49:46.002000+00:00,2026-01-06 02:49:46.402015+00:00,286.002,0.56,0.55,0.57,0.44,0.43,0.45,,,,
2026-01-06 02:49:47.204000+00:00,2026-01-06 02:49:47.279695+00:00,287.204,0.56,0.55,0.57,0.44,0.43,0.45,,,,
2026-01-06 02:49:48.001000+00:00,2026-01-06 02:49:48.306274+00:00,288.001,0.56,0.55,0.57,0.44,0.43,0.45,,,,
2026-01-06 02:49:49.306000+00:00,2026-01-06 02:49:49.299732+00:00,289.306,0.56,0.55,0.57,0.44,0.43,0.45,,,,
2026-01-06 02:49:50.226000+00:00,2026-01-06 02:49:50.316423+00:00,290.226,0.585,0.58,0.59,0.43,0.42,0.44,,,,
2026-01-06 02:49:51.342000+00:00,2026-01-06 02:49:51.386770+00:00,291.342,0.5700000000000001,0.56,0.58,0.43,0.42,0.44,,,,
2026-01-06 02:49:52.239000+00:00,2026-01-06 02:49:52.364934+00:00,292.239,0.5700000000000001,0.56,0.58,0.43,0.42,0.44,,,,
2026-01-06 02:49:53.077000+00:00,2026-01-06 02:49:53.426980+00:00,293.077,0.5700000000000001,0.56,0.58,0.43,0.42,0.44,,,,
2026-01-06 02:49:54.001000+00:00,2026-01-06 02:49:54.363832+00:00,294.001,0.5700000000000001,0.56,0.58,0.43,0.42,0.44,,,,
2026-01-06 02:49:55.307000+00:00,2026-01-06 02:49:55.400709+00:00,295.307,0.565,0.56,0.57,0.435,0.43,0.44,,,,
2026-01-06 02:49:56.094000+00:00,2026-01-06 02:49:56.304587+00:00,296.094,0.565,0.56,0.57,0.435,0.43,0.44,,,,
2026-01-06 02:49:57.150000+00:00,2026-01-06 02:49:57.341174+00:00,297.15,0.56,0.55,0.57,0.44,0.43,0.45,,,,
2026-01-06 02:49:58.434000+00:00,2026-01-06 02:49:58.434095+00:00,298.434,0.545,0.53,0.56,0.4599999999999999,0.45,0.47,,,,
2026-01-06 02:49:59.353000+00:00,2026-01-06 02:49:59.371781+00:00,299.353,0.525,0.52,0.53,0.475,0.47,0.48,,,,
2026-01-06 02:50:00.334000+00:00,2026-01-06 02:50:00.365372+00:00,300.334,0.54,0.53,0.55,0.4649999999999999,0.46,0.47,,,,
2026-01-06 02:50:01.134000+00:00,2026-01-06 02:50:01.354877+00:00,301.134,0.54,0.53,0.55,0.4599999999999999,0.45,0.47,,,,
2026-01-06 02:50:02.345000+00:00,2026-01-06 02:50:02.360050+00:00,302.345,0.55,0.54,0.56,0.45,0.44,0.46,,,,
2026-01-06 02:50:03.166000+00:00,2026-01-06 02:50:03.335596+00:00,303.166,0.53,0.52,0.54,0.47,0.46,0.48,,,,
2026-01-06 02:50:04.662000+00:00,2026-01-06 02:50:04.666322+00:00,304.662,0.555,0.55,0.56,0.445,0.44,0.45,,,,
2026-01-06 02:50:05.582000+00:00,2026-01-06 02:50:05.609271+00:00,305.582,0.54,0.53,0.55,0.455,0.45,0.46,,,,
2026-01-06 02:50:06.551000+00:00,2026-01-06 02:50:06.610934+00:00,306.551,0.545,0.54,0.55,0.4599999999999999,0.45,0.47,,,,
2026-01-06 02:50:07.596000+00:00,2026-01-06 02:50:07.598338+00:00,307.596,0.54,0.53,0.55,0.4599999999999999,0.45,0.47,,,,
2026-01-06 02:50:08.657000+00:00,2026-01-06 02:50:08.639296+00:00,308.657,0.52,0.51,0.53,0.475,0.47,0.48,,,,
2026-01-06 02:50:10.927000+00:00,2026-01-06 02:50:10.917227+00:00,310.927,0.56,0.55,0.57,0.445,0.44,0.45,,,,
2026-01-06 02:50:11.886000+00:00,2026-01-06 02:50:11.920845+00:00,311.886,0.53,0.52,0.54,0.47,0.46,0.48,,,,
2026-01-06 02:50:12.938000+00:00,2026-01-06 02:50:12.944783+00:00,312.938,0.53,0.52,0.54,0.47,0.46,0.48,,,,
2026-01-06 02:50:13.934000+00:00,2026-01-06 02:50:13.950789+00:00,313.934,0.535,0.53,0.54,0.4599999999999999,0.45,0.47,,,,
2026-01-06 02:50:14.181000+00:00,2026-01-06 02:50:14.933093+00:00,314.181,0.54,0.53,0.55,0.45,0.44,0.46,,,,
2026-01-06 02:50:15.976000+00:00,2026-01-06 02:50:15.964238+00:00,315.976,0.565,0.56,0.57,0.425,0.42,0.43,,,,
2026-01-06 02:50:17.915000+00:00,2026-01-06 02:50:18.063833+00:00,317.915,0.615,0.61,0.62,0.385,0.38,0.39,,,,
2026-01-06 02:50:18.860000+00:00,2026-01-06 02:50:19.054782+00:00,318.86,0.61,0.6,0.62,0.39,0.38,0.4,,,,
2026-01-06 02:50:19.953000+00:00,2026-01-06 02:50:19.960978+00:00,319.953,0.595,0.58,0.61,0.405,0.39,0.42,,,,
2026-01-06 02:50:21.963000+00:00,2026-01-06 02:50:21.964095+00:00,321.963,0.59,0.58,0.6,0.41,0.4,0.42,,,,
2026-01-06 02:50:22.597000+00:00,2026-01-06 02:50:22.953741+00:00,322.597,0.6,0.59,0.61,0.4,0.39,0.41,,,,
2026-01-06 02:50:23.693000+00:00,2026-01-06 02:50:23.971924+00:00,323.693,0.61,0.6,0.62,0.39,0.38,0.4,,,,
2026-01-06 02:50:24.930000+00:00,2026-01-06 02:50:25.084371+00:00,324.93,0.605,0.6,0.61,0.395,0.39,0.4,,,,
2026-01-06 02:50:26.914000+00:00,2026-01-06 02:50:27.044357+00:00,326.914,0.595,0.59,0.6,0.405,0.4,0.41,,,,
2026-01-06 02:50:28.067000+00:00,2026-01-06 02:50:28.057788+00:00,328.067,0.6,0.59,0.61,0.4,0.39,0.41,,,,
2026-01-06 02:50:29.001000+00:00,2026-01-06 02:50:30.067759+00:00,329.001,0.6,0.59,0.61,0.4,0.39,0.41,,,,
2026-01-06 02:50:31.329000+00:00,2026-01-06 02:50:31.330955+00:00,331.329,0.6,0.59,0.61,0.4,0.39,0.41,,,,
2026-01-06 02:50:32.987000+00:00,2026-01-06 02:50:33.048044+00:00,332.987,0.5700000000000001,0.56,0.58,0.43,0.42,0.44,,,,
2026-01-06 02:50:33.934000+00:00,2026-01-06 02:50:34.029849+00:00,333.934,0.5700000000000001,0.56,0.58,0.43,0.42,0.44,,,,
2026-01-06 02:50:35.005000+00:00,2026-01-06 02:50:35.033056+00:00,335.005,0.555,0.55,0.56,0.445,0.44,0.45,,,,
2026-01-06 02:50:36.090000+00:00,2026-01-06 02:50:36.104050+00:00,336.09,0.56,0.55,0.57,0.44,0.43,0.45,,,,
2026-01-06 02:50:37.046000+00:00,2026-01-06 02:50:37.069571+00:00,337.046,0.56,0.55,0.57,0.44,0.43,0.45,,,,
2026-01-06 02:50:38.062000+00:00,2026-01-06 02:50:38.099514+00:00,338.062,0.56,0.55,0.57,0.44,0.43,0.45,,,,
2026-01-06 02:50:39.642000+00:00,2026-01-06 02:50:39.902040+00:00,339.642,0.5700000000000001,0.56,0.58,0.43,0.42,0.44,,,,
2026-01-06 02:50:40.409000+00:00,2026-01-06 02:50:40.550802+00:00,340.409,0.5700000000000001,0.56,0.58,0.43,0.42,0.44,,,,
2026-01-06 02:50:41.246000+00:00,2026-01-06 02:50:41.517396+00:00,341.246,0.5700000000000001,0.56,0.58,0.43,0.42,0.44,,,,
2026-01-06 02:50:42.482000+00:00,2026-01-06 02:50:42.563530+00:00,342.482,0.575,0.57,0.58,0.425,0.42,0.43,,,,
2026-01-06 02:50:43.445000+00:00,2026-01-06 02:50:43.538796+00:00,343.445,0.585,0.58,0.59,0.4,0.39,0.41,,,,
2026-01-06 02:50:44.010000+00:00,2026-01-06 02:50:44.565765+00:00,344.01,0.6,0.59,0.61,0.4,0.39,0.41,,,,
2026-01-06 02:50:45.412000+00:00,2026-01-06 02:50:45.622285+00:00,345.412,0.59,0.58,0.6,0.41,0.4,0.42,,,,
2026-01-06 02:50:46.243000+00:00,2026-01-06 02:50:46.602186+00:00,346.243,0.59,0.58,0.6,0.405,0.4,0.41,,,,
2026-01-06 02:50:47.477000+00:00,2026-01-06 02:50:47.579842+00:00,347.477,0.6,0.59,0.61,0.4,0.39,0.41,,,,
2026-01-06 02:50:48.578000+00:00,2026-01-06 02:50:48.597716+00:00,348.578,0.6,0.59,0.61,0.4,0.39,0.41,,,,
2026-01-06 02:50:49.559000+00:00,2026-01-06 02:50:49.630825+00:00,349.559,0.61,0.6,0.62,0.39,0.38,0.4,,,,
2026-01-06 02:50:50.500000+00:00,2026-01-06 02:50:50.657636+00:00,350.5,0.61,0.6,0.62,0.39,0.38,0.4,,,,
2026-01-06 02:50:52.738000+00:00,2026-01-06 02:50:52.852996+00:00,352.738,0.615,0.61,0.62,0.385,0.38,0.39,,,,
2026-01-06 02:50:53.896000+00:00,2026-01-06 02:50:53.896815+00:00,353.896,0.58,0.57,0.59,0.42,0.41,0.43,,,,
2026-01-06 02:50:54.890000+00:00,2026-01-06 02:50:54.887105+00:00,354.89,0.58,0.57,0.59,0.42,0.41,0.43,,,,
2026-01-06 02:50:55.844000+00:00,2026-01-06 02:50:55.874694+00:00,355.844,0.58,0.57,0.59,0.42,0.41,0.43,,,,
2026-01-06 02:50:56.494000+00:00,2026-01-06 02:50:56.871680+00:00,356.494,0.58,0.57,0.59,0.42,0.41,0.43,,,,
2026-01-06 02:50:57.976000+00:00,2026-01-06 02:50:57.983633+00:00,357.976,0.59,0.58,0.6,0.41,0.4,0.42,,,,
2026-01-06 02:50:58.936000+00:00,2026-01-06 02:50:58.949397+00:00,358.936,0.595,0.59,0.6,0.405,0.4,0.41,,,,
2026-01-06 02:50:59.591000+00:00,2026-01-06 02:50:59.915538+00:00,359.591,0.6,0.59,0.61,0.4,0.39,0.41,,,,
2026-01-06 02:51:00.850000+00:00,2026-01-06 02:51:00.913301+00:00,360.85,0.6,0.59,0.61,0.4,0.39,0.41,,,,
2026-01-06 02:51:01.885000+00:00,2026-01-06 02:51:02.198649+00:00,361.885,0.6,0.59,0.61,0.4,0.39,0.41,,,,
2026-01-06 02:51:02.927000+00:00,2026-01-06 02:51:03.172675+00:00,362.927,0.6,0.59,0.61,0.4,0.39,0.41,,,,
2026-01-06 02:51:04.096000+00:00,2026-01-06 02:51:04.108880+00:00,364.096,0.6,0.59,0.61,0.4,0.39,0.41,,,,
2026-01-06 02:51:05.018000+00:00,2026-01-06 02:51:05.113293+00:00,365.018,0.605,0.6,0.61,0.395,0.39,0.4,,,,
2026-01-06 02:51:06.035000+00:00,2026-01-06 02:51:06.112567+00:00,366.035,0.605,0.6,0.61,0.395,0.39,0.4,,,,
2026-01-06 02:51:07.002000+00:00,2026-01-06 02:51:07.143571+00:00,367.002,0.61,0.6,0.62,0.39,0.38,0.4,,,,
2026-01-06 02:51:08.084000+00:00,2026-01-06 02:51:08.313241+00:00,368.084,0.61,0.6,0.62,0.39,0.38,0.4,,,,
2026-01-06 02:51:09.063000+00:00,2026-01-06 02:51:09.856681+00:00,369.063,0.61,0.6,0.62,0.39,0.38,0.4,,,,
2026-01-06 02:51:10.594000+00:00,2026-01-06 02:51:10.795260+00:00,370.594,0.61,0.6,0.62,0.39,0.38,0.4,,,,
2026-01-06 02:51:11.714000+00:00,2026-01-06 02:51:11.829685+00:00,371.714,0.605,0.6,0.61,0.395,0.39,0.4,,,,
2026-01-06 02:51:12.993000+00:00,2026-01-06 02:51:13.000203+00:00,372.993,0.585,0.58,0.59,0.41,0.4,0.42,,,,
2026-01-06 02:51:14.545000+00:00,2026-01-06 02:51:14.587477+00:00,374.545,0.56,0.55,0.57,0.43,0.42,0.44,,,,
2026-01-06 02:51:15.389000+00:00,2026-01-06 02:51:15.454447+00:00,375.389,0.5700000000000001,0.56,0.58,0.43,0.42,0.44,,,,
2026-01-06 02:51:16.401000+00:00,2026-01-06 02:51:16.434924+00:00,376.401,0.5700000000000001,0.56,0.58,0.43,0.42,0.44,,,,
2026-01-06 02:51:17.388000+00:00,2026-01-06 02:51:17.412493+00:00,377.388,0.5700000000000001,0.56,0.58,0.43,0.42,0.44,,,,
2026-01-06 02:51:18.400000+00:00,2026-01-06 02:51:18.433231+00:00,378.4,0.52,0.51,0.53,0.48,0.47,0.49,,,,
2026-01-06 02:51:19.990000+00:00,2026-01-06 02:51:20.484884+00:00,379.99,0.52,0.51,0.53,0.48,0.47,0.49,,,,
2026-01-06 02:51:21.283000+00:00,2026-01-06 02:51:21.561697+00:00,381.283,0.52,0.51,0.53,0.48,0.47,0.49,,,,
2026-01-06 02:51:22.378000+00:00,2026-01-06 02:51:22.334962+00:00,382.378,0.52,0.51,0.53,0.48,0.47,0.49,,,,
2026-01-06 02:51:23.939000+00:00,2026-01-06 02:51:24.406227+00:00,383.939,0.52,0.51,0.53,0.48,0.47,0.49,,,,
2026-01-06 02:51:25.533000+00:00,2026-01-06 02:51:25.551229+00:00,385.533,0.515,0.51,0.52,0.485,0.48,0.49,,,,
2026-01-06 02:51:26.841000+00:00,2026-01-06 02:51:26.888881+00:00,386.841,0.5,0.49,0.51,0.5,0.49,0.51,,,,
2026-01-06 02:51:27.538000+00:00,2026-01-06 02:51:27.594502+00:00,387.538,0.5,0.49,0.51,0.5,0.49,0.51,,,,
2026-01-06 02:51:28.517000+00:00,2026-01-06 02:51:28.694583+00:00,388.517,0.5,0.49,0.51,0.5,0.49,0.51,,,,
2026-01-06 02:51:29.643000+00:00,2026-01-06 02:51:29.665351+00:00,389.643,0.5,0.49,0.51,0.5,0.49,0.51,,,,
2026-01-06 02:51:30.459000+00:00,2026-01-06 02:51:30.681962+00:00,390.459,0.5,0.49,0.51,0.5,0.49,0.51,,,,
2026-01-06 02:51:31.611000+00:00,2026-01-06 02:51:32.746265+00:00,391.611,0.5,0.49,0.51,0.495,0.49,0.5,,,,
2026-01-06 02:51:33.699000+00:00,2026-01-06 02:51:33.772060+00:00,393.699,0.505,0.5,0.51,0.4649999999999999,0.45,0.48,,,,
2026-01-06 02:51:34.774000+00:00,2026-01-06 02:51:34.800051+00:00,394.774,0.52,0.51,0.53,0.48,0.47,0.49,,,,
2026-01-06 02:51:35.728000+00:00,2026-01-06 02:51:35.742366+00:00,395.728,0.52,0.51,0.53,0.485,0.48,0.49,,,,
2026-01-06 02:51:36.650000+00:00,2026-01-06 02:51:36.778621+00:00,396.65,0.515,0.51,0.52,0.485,0.48,0.49,,,,
2026-01-06 02:51:37.653000+00:00,2026-01-06 02:51:37.836893+00:00,397.653,0.53,0.52,0.54,0.47,0.46,0.48,,,,
2026-01-06 02:51:38.740000+00:00,2026-01-06 02:51:38.762194+00:00,398.74,0.53,0.52,0.54,0.47,0.46,0.48,,,,
2026-01-06 02:51:39.732000+00:00,2026-01-06 02:51:39.757434+00:00,399.732,0.52,0.51,0.53,0.48,0.47,0.49,,,,
2026-01-06 02:51:40.666000+00:00,2026-01-06 02:51:40.761881+00:00,400.666,0.52,0.51,0.53,0.47,0.46,0.48,,,,
2026-01-06 02:51:41.699000+00:00,2026-01-06 02:51:41.780793+00:00,401.699,0.53,0.52,0.54,0.47,0.46,0.48,,,,
2026-01-06 02:51:42.062000+00:00,2026-01-06 02:51:42.801278+00:00,402.062,0.53,0.52,0.54,0.47,0.46,0.48,,,,
2026-01-06 02:51:43.748000+00:00,2026-01-06 02:51:43.863704+00:00,403.748,0.53,0.52,0.54,0.48,0.47,0.49,,,,
2026-01-06 02:51:44.572000+00:00,2026-01-06 02:51:44.856587+00:00,404.572,0.52,0.51,0.53,0.48,0.47,0.49,,,,
2026-01-06 02:51:45.892000+00:00,2026-01-06 02:51:45.895649+00:00,405.892,0.52,0.51,0.53,0.48,0.47,0.49,,,,
2026-01-06 02:51:46.855000+00:00,2026-01-06 02:51:46.873986+00:00,406.855,0.505,0.5,0.51,0.495,0.49,0.5,,,,
2026-01-06 02:51:47.928000+00:00,2026-01-06 02:51:47.928889+00:00,407.928,0.48,0.47,0.49,0.52,0.51,0.53,,,,
2026-01-06 02:51:48.768000+00:00,2026-01-06 02:51:48.816198+00:00,408.768,0.48,0.47,0.49,0.52,0.51,0.53,,,,
2026-01-06 02:51:49.542000+00:00,2026-01-06 02:51:49.809353+00:00,409.542,0.48,0.47,0.49,0.52,0.51,0.53,,,,
2026-01-06 02:51:50.814000+00:00,2026-01-06 02:51:50.860519+00:00,410.814,0.48,0.47,0.49,0.52,0.51,0.53,,,,
2026-01-06 02:51:52.781000+00:00,2026-01-06 02:51:52.787577+00:00,412.781,0.49,0.48,0.5,0.51,0.5,0.52,,,,
2026-01-06 02:51:53.791000+00:00,2026-01-06 02:51:53.811779+00:00,413.791,0.49,0.48,0.5,0.51,0.5,0.52,,,,
2026-01-06 02:51:54.354000+00:00,2026-01-06 02:51:54.863264+00:00,414.354,0.49,0.48,0.5,0.51,0.5,0.52,,,,
2026-01-06 02:51:56.932000+00:00,2026-01-06 02:51:57.982068+00:00,416.932,0.49,0.48,0.5,0.51,0.5,0.52,,,,
2026-01-06 02:51:58.002000+00:00,2026-01-06 02:51:58.964611+00:00,418.002,0.49,0.48,0.5,0.51,0.5,0.52,,,,
2026-01-06 02:51:59.772000+00:00,2026-01-06 02:51:59.977725+00:00,419.772,0.49,0.48,0.5,0.51,0.5,0.52,,,,
2026-01-06 02:52:00.926000+00:00,2026-01-06 02:52:00.985931+00:00,420.926,0.515,0.51,0.52,0.48,0.47,0.49,,,,
2026-01-06 02:52:01.843000+00:00,2026-01-06 02:52:01.980605+00:00,421.843,0.52,0.51,0.53,0.48,0.47,0.49,,,,
2026-01-06 02:52:03.928000+00:00,2026-01-06 02:52:04.090224+00:00,423.928,0.51,0.5,0.52,0.49,0.48,0.5,,,,
2026-01-06 02:52:05.002000+00:00,2026-01-06 02:52:05.093968+00:00,425.002,0.51,0.5,0.52,0.49,0.48,0.5,,,,
2026-01-06 02:52:06.046000+00:00,2026-01-06 02:52:06.116234+00:00,426.046,0.4599999999999999,0.45,0.47,0.54,0.53,0.55,,,,
2026-01-06 02:52:07.176000+00:00,2026-01-06 02:52:07.174592+00:00,427.176,0.4549999999999999,0.44,0.47,0.54,0.53,0.55,,,,
2026-01-06 02:52:08.112000+00:00,2026-01-06 02:52:08.110112+00:00,428.112,0.475,0.47,0.48,0.525,0.52,0.53,,,,
2026-01-06 02:52:09+00:00,2026-01-06 02:52:09.426355+00:00,429.0,0.4649999999999999,0.45,0.48,0.535,0.52,0.55,,,,
2026-01-06 02:52:10.479000+00:00,2026-01-06 02:52:10.492636+00:00,430.479,0.4549999999999999,0.43,0.48,0.5449999999999999,0.52,0.57,,,,
2026-01-06 02:52:11+00:00,2026-01-06 02:52:11.214172+00:00,431.0,0.4549999999999999,0.43,0.48,0.5449999999999999,0.52,0.57,,,,
2026-01-06 02:52:12.207000+00:00,2026-01-06 02:52:12.296029+00:00,432.207,0.4549999999999999,0.43,0.48,0.5449999999999999,0.52,0.57,,,,
2026-01-06 02:52:13.205000+00:00,2026-01-06 02:52:13.246440+00:00,433.205,0.415,0.41,0.42,0.58,0.57,0.59,,,,
2026-01-06 02:52:14.240000+00:00,2026-01-06 02:52:14.231179+00:00,434.24,0.385,0.36,0.41,0.595,0.59,0.6,,,,
2026-01-06 02:52:15.319000+00:00,2026-01-06 02:52:15.317060+00:00,435.319,0.355,0.35,0.36,0.66,0.65,0.67,,,,
2026-01-06 02:52:16.242000+00:00,2026-01-06 02:52:16.263845+00:00,436.242,0.3399999999999999,0.33,0.35,0.655,0.65,0.66,,,,
2026-01-06 02:52:17.135000+00:00,2026-01-06 02:52:17.277973+00:00,437.135,0.3299999999999999,0.31,0.35,0.6699999999999999,0.65,0.69,,,,
2026-01-06 02:52:18.342000+00:00,2026-01-06 02:52:18.347018+00:00,438.342,0.3299999999999999,0.31,0.35,0.66,0.65,0.67,,,,
2026-01-06 02:52:19.238000+00:00,2026-01-06 02:52:19.285540+00:00,439.238,0.365,0.34,0.39,0.635,0.61,0.66,,,,
2026-01-06 02:52:20.207000+00:00,2026-01-06 02:52:20.261588+00:00,440.207,0.345,0.32,0.37,0.655,0.63,0.68,,,,
2026-01-06 02:52:21.125000+00:00,2026-01-06 02:52:21.280285+00:00,441.125,0.36,0.35,0.37,0.64,0.63,0.65,,,,
2026-01-06 02:52:22.199000+00:00,2026-01-06 02:52:22.327244+00:00,442.199,0.36,0.35,0.37,0.64,0.63,0.65,,,,
2026-01-06 02:52:23.037000+00:00,2026-01-06 02:52:23.310222+00:00,443.037,0.36,0.35,0.37,0.64,0.63,0.65,,,,
2026-01-06 02:52:24.328000+00:00,2026-01-06 02:52:24.329518+00:00,444.328,0.345,0.34,0.35,0.665,0.65,0.68,,,,
2026-01-06 02:52:25.394000+00:00,2026-01-06 02:52:25.319048+00:00,445.394,0.32,0.3,0.34,0.6799999999999999,0.66,0.7,,,,
2026-01-06 02:52:26.306000+00:00,2026-01-06 02:52:26.323273+00:00,446.306,0.32,0.3,0.34,0.6799999999999999,0.66,0.7,,,,
2026-01-06 02:52:27.320000+00:00,2026-01-06 02:52:27.351970+00:00,447.32,0.32,0.3,0.34,0.6799999999999999,0.66,0.7,,,,
2026-01-06 02:52:28.341000+00:00,2026-01-06 02:52:28.426973+00:00,448.341,0.32,0.3,0.34,0.6799999999999999,0.66,0.7,,,,
2026-01-06 02:52:29.484000+00:00,2026-01-06 02:52:29.499028+00:00,449.484,0.32,0.3,0.34,0.6799999999999999,0.66,0.7,,,,
2026-01-06 02:52:30.422000+00:00,2026-01-06 02:52:30.496465+00:00,450.422,0.32,0.3,0.34,0.6799999999999999,0.66,0.7,,,,
2026-01-06 02:52:31.524000+00:00,2026-01-06 02:52:31.560185+00:00,451.524,0.345,0.33,0.36,0.665,0.64,0.69,,,,
2026-01-06 02:52:32.421000+00:00,2026-01-06 02:52:32.503036+00:00,452.421,0.35,0.34,0.36,0.665,0.64,0.69,,,,
2026-01-06 02:52:33.637000+00:00,2026-01-06 02:52:33.653003+00:00,453.637,0.3349999999999999,0.31,0.36,0.665,0.64,0.69,,,,
2026-01-06 02:52:34.913000+00:00,2026-01-06 02:52:34.908923+00:00,454.913,0.3399999999999999,0.31,0.37,0.65,0.63,0.67,,,,
2026-01-06 02:52:35.543000+00:00,2026-01-06 02:52:35.616990+00:00,455.543,0.345,0.33,0.36,0.655,0.64,0.67,,,,
2026-01-06 02:52:36.591000+00:00,2026-01-06 02:52:36.592950+00:00,456.591,0.345,0.33,0.36,0.665,0.64,0.69,,,,
2026-01-06 02:52:37.685000+00:00,2026-01-06 02:52:37.725252+00:00,457.685,0.365,0.35,0.38,0.635,0.62,0.65,,,,
2026-01-06 02:52:38.593000+00:00,2026-01-06 02:52:38.594507+00:00,458.593,0.375,0.36,0.39,0.63,0.61,0.65,,,,
2026-01-06 02:52:39.639000+00:00,2026-01-06 02:52:39.708048+00:00,459.639,0.38,0.36,0.4,0.62,0.6,0.64,,,,
2026-01-06 02:52:40.523000+00:00,2026-01-06 02:52:40.600452+00:00,460.523,0.38,0.36,0.4,0.61,0.6,0.62,,,,
2026-01-06 02:52:41.937000+00:00,2026-01-06 02:52:41.943889+00:00,461.937,0.39,0.38,0.4,0.605,0.6,0.61,,,,
2026-01-06 02:52:43.428000+00:00,2026-01-06 02:52:43.324222+00:00,463.428,0.425,0.42,0.43,0.575,0.57,0.58,,,,
2026-01-06 02:52:44.590000+00:00,2026-01-06 02:52:44.608981+00:00,464.59,0.355,0.34,0.37,0.655,0.65,0.66,,,,
2026-01-06 02:52:45.576000+00:00,2026-01-06 02:52:45.617764+00:00,465.576,0.36,0.35,0.37,0.64,0.63,0.65,,,,
2026-01-06 02:52:46.723000+00:00,2026-01-06 02:52:46.658862+00:00,466.723,0.36,0.35,0.37,0.64,0.63,0.65,,,,
2026-01-06 02:52:47.640000+00:00,2026-01-06 02:52:47.628026+00:00,467.64,0.36,0.35,0.37,0.64,0.63,0.65,,,,
2026-01-06 02:52:49.084000+00:00,2026-01-06 02:52:49.163536+00:00,469.084,0.36,0.35,0.37,0.64,0.63,0.65,,,,
2026-01-06 02:52:50.404000+00:00,2026-01-06 02:52:50.773474+00:00,470.404,0.355,0.34,0.37,0.645,0.63,0.66,,,,
2026-01-06 02:52:52.162000+00:00,2026-01-06 02:52:52.276868+00:00,472.162,0.36,0.35,0.37,0.64,0.63,0.65,,,,
2026-01-06 02:52:53.689000+00:00,2026-01-06 02:52:54.159638+00:00,473.689,0.36,0.35,0.37,0.645,0.63,0.66,,,,
2026-01-06 02:52:54.940000+00:00,2026-01-06 02:52:55.539576+00:00,474.94,0.36,0.35,0.37,0.64,0.63,0.65,,,,
2026-01-06 02:52:56.590000+00:00,2026-01-06 02:52:56.560348+00:00,476.59,0.355,0.34,0.37,0.645,0.63,0.66,,,,
2026-01-06 02:52:57.544000+00:00,2026-01-06 02:52:57.537260+00:00,477.544,0.36,0.35,0.37,0.64,0.63,0.65,,,,
2026-01-06 02:52:58.427000+00:00,2026-01-06 02:52:58.577924+00:00,478.427,0.365,0.36,0.37,0.605,0.59,0.62,,,,
2026-01-06 02:52:59.547000+00:00,2026-01-06 02:52:59.550022+00:00,479.547,0.395,0.38,0.41,0.615,0.6,0.63,,,,
2026-01-06 02:53:00.600000+00:00,2026-01-06 02:53:00.592060+00:00,480.6,0.385,0.37,0.4,0.615,0.6,0.63,,,,
2026-01-06 02:53:01.447000+00:00,2026-01-06 02:53:01.501205+00:00,481.447,0.385,0.37,0.4,0.62,0.6,0.64,,,,
2026-01-06 02:53:02.148000+00:00,2026-01-06 02:53:02.699317+00:00,482.148,0.38,0.36,0.4,0.625,0.61,0.64,,,,
2026-01-06 02:53:03.433000+00:00,2026-01-06 02:53:03.616820+00:00,483.433,0.375,0.36,0.39,0.62,0.61,0.63,,,,
2026-01-06 02:53:04.559000+00:00,2026-01-06 02:53:04.559181+00:00,484.559,0.38,0.37,0.39,0.62,0.61,0.63,,,,
2026-01-06 02:53:05.455000+00:00,2026-01-06 02:53:05.614898+00:00,485.455,0.38,0.37,0.39,0.62,0.61,0.63,,,,
2026-01-06 02:53:06.327000+00:00,2026-01-06 02:53:06.941386+00:00,486.327,0.38,0.37,0.39,0.62,0.61,0.63,,,,
2026-01-06 02:53:07.689000+00:00,2026-01-06 02:53:07.683903+00:00,487.689,0.385,0.38,0.39,0.615,0.61,0.62,,,,
2026-01-06 02:53:08.425000+00:00,2026-01-06 02:53:08.682511+00:00,488.425,0.385,0.38,0.39,0.615,0.61,0.62,,,,
2026-01-06 02:53:09.621000+00:00,2026-01-06 02:53:09.665346+00:00,489.621,0.395,0.39,0.4,0.605,0.6,0.61,,,,
2026-01-06 02:53:10.773000+00:00,2026-01-06 02:53:10.769875+00:00,490.773,0.36,0.35,0.37,0.64,0.63,0.65,,,,
2026-01-06 02:53:11.484000+00:00,2026-01-06 02:53:11.659259+00:00,491.484,0.345,0.32,0.37,0.655,0.63,0.68,,,,
2026-01-06 02:53:12.690000+00:00,2026-01-06 02:53:12.858287+00:00,492.69,0.345,0.32,0.37,0.645,0.63,0.66,,,,
2026-01-06 02:53:14.934000+00:00,2026-01-06 02:53:14.923103+00:00,494.934,0.36,0.35,0.37,0.64,0.63,0.65,,,,
2026-01-06 02:53:16.836000+00:00,2026-01-06 02:53:16.843123+00:00,496.836,0.335,0.33,0.34,0.66,0.65,0.67,,,,
2026-01-06 02:53:17.587000+00:00,2026-01-06 02:53:17.922401+00:00,497.587,0.3399999999999999,0.33,0.35,0.66,0.65,0.67,,,,
2026-01-06 02:53:18.640000+00:00,2026-01-06 02:53:18.909060+00:00,498.64,0.3399999999999999,0.33,0.35,0.66,0.65,0.67,,,,
2026-01-06 02:53:19.922000+00:00,2026-01-06 02:53:19.915368+00:00,499.922,0.3349999999999999,0.32,0.35,0.655,0.65,0.66,,,,
2026-01-06 02:53:20.939000+00:00,2026-01-06 02:53:20.912017+00:00,500.939,0.345,0.34,0.35,0.655,0.65,0.66,,,,
2026-01-06 02:53:21.591000+00:00,2026-01-06 02:53:21.941745+00:00,501.591,0.345,0.34,0.35,0.655,0.65,0.66,,,,
2026-01-06 02:53:23.058000+00:00,2026-01-06 02:53:23.014322+00:00,503.058,0.33,0.32,0.34,0.67,0.66,0.68,,,,
2026-01-06 02:53:24.485000+00:00,2026-01-06 02:53:24.526358+00:00,504.485,0.3,0.29,0.31,0.71,0.7,0.72,,,,
2026-01-06 02:53:25.328000+00:00,2026-01-06 02:53:25.424360+00:00,505.328,0.29,0.28,0.3,0.71,0.7,0.72,,,,
2026-01-06 02:53:26.783000+00:00,2026-01-06 02:53:26.827530+00:00,506.783,0.29,0.28,0.3,0.71,0.7,0.72,,,,
2026-01-06 02:53:27.508000+00:00,2026-01-06 02:53:27.507325+00:00,507.508,0.3,0.29,0.31,0.69,0.68,0.7,,,,
2026-01-06 02:53:28.469000+00:00,2026-01-06 02:53:28.468719+00:00,508.469,0.305,0.29,0.32,0.6950000000000001,0.68,0.71,,,,
2026-01-06 02:53:29.795000+00:00,2026-01-06 02:53:30.575219+00:00,509.795,0.3,0.29,0.31,0.7,0.69,0.71,,,,
2026-01-06 02:53:31.867000+00:00,2026-01-06 02:53:31.834788+00:00,511.867,0.32,0.31,0.33,0.675,0.67,0.68,,,,
2026-01-06 02:53:32.647000+00:00,2026-01-06 02:53:32.626004+00:00,512.647,0.325,0.32,0.33,0.675,0.67,0.68,,,,
2026-01-06 02:53:33.063000+00:00,2026-01-06 02:53:33.648131+00:00,513.063,0.325,0.32,0.33,0.675,0.67,0.68,,,,
2026-01-06 02:53:34.491000+00:00,2026-01-06 02:53:34.590390+00:00,514.491,0.325,0.32,0.33,0.675,0.67,0.68,,,,
2026-01-06 02:53:35.830000+00:00,2026-01-06 02:53:35.836430+00:00,515.83,0.325,0.32,0.33,0.675,0.67,0.68,,,,
2026-01-06 02:53:36.658000+00:00,2026-01-06 02:53:36.658899+00:00,516.658,0.325,0.32,0.33,0.6799999999999999,0.67,0.69,,,,
2026-01-06 02:53:37.414000+00:00,2026-01-06 02:53:37.596346+00:00,517.414,0.325,0.32,0.33,0.675,0.67,0.68,,,,
2026-01-06 02:53:38.355000+00:00,2026-01-06 02:53:38.656400+00:00,518.355,0.325,0.32,0.33,0.675,0.67,0.68,,,,
2026-01-06 02:53:39.422000+00:00,2026-01-06 02:53:39.670512+00:00,519.422,0.32,0.31,0.33,0.6799999999999999,0.67,0.69,,,,
2026-01-06 02:53:40.002000+00:00,2026-01-06 02:53:40.612186+00:00,520.002,0.32,0.31,0.33,0.6799999999999999,0.67,0.69,,,,
2026-01-06 02:53:41.621000+00:00,2026-01-06 02:53:41.666426+00:00,521.621,0.32,0.31,0.33,0.6799999999999999,0.67,0.69,,,,
2026-01-06 02:53:42.612000+00:00,2026-01-06 02:53:42.629618+00:00,522.612,0.325,0.32,0.33,0.675,0.67,0.68,,,,
2026-01-06 02:53:43.721000+00:00,2026-01-06 02:53:43.757036+00:00,523.721,0.33,0.32,0.34,0.67,0.66,0.68,,,,
2026-01-06 02:53:44.760000+00:00,2026-01-06 02:53:44.722222+00:00,524.76,0.33,0.32,0.34,0.67,0.66,0.68,,,,
2026-01-06 02:53:45.853000+00:00,2026-01-06 02:53:45.838950+00:00,525.853,0.325,0.32,0.33,0.675,0.67,0.68,,,,
2026-01-06 02:53:46.933000+00:00,2026-01-06 02:53:46.958278+00:00,526.933,0.27,0.26,0.28,0.72,0.71,0.73,,,,
2026-01-06 02:53:47.795000+00:00,2026-01-06 02:53:47.785950+00:00,527.795,0.28,0.27,0.29,0.72,0.71,0.73,,,,
2026-01-06 02:53:48.919000+00:00,2026-01-06 02:53:48.896807+00:00,528.919,0.28,0.27,0.29,0.725,0.72,0.73,,,,
2026-01-06 02:53:49.793000+00:00,2026-01-06 02:53:49.877118+00:00,529.793,0.275,0.27,0.28,0.725,0.72,0.73,,,,
2026-01-06 02:53:50.735000+00:00,2026-01-06 02:53:50.846165+00:00,530.735,0.2299999999999999,0.22,0.24,0.775,0.77,0.78,,,,
2026-01-06 02:53:51.931000+00:00,2026-01-06 02:53:51.941015+00:00,531.931,0.2249999999999999,0.21,0.24,0.775,0.76,0.79,,,,
2026-01-06 02:53:52.835000+00:00,2026-01-06 02:53:52.853491+00:00,532.835,0.2249999999999999,0.21,0.24,0.775,0.76,0.79,,,,
2026-01-06 02:53:53.779000+00:00,2026-01-06 02:53:53.854372+00:00,533.779,0.2299999999999999,0.21,0.25,0.765,0.74,0.79,,,,
2026-01-06 02:53:54.932000+00:00,2026-01-06 02:53:54.959704+00:00,534.932,0.25,0.24,0.26,0.75,0.74,0.76,,,,
2026-01-06 02:53:55.647000+00:00,2026-01-06 02:53:55.922964+00:00,535.647,0.25,0.24,0.26,0.75,0.74,0.76,,,,
2026-01-06 02:53:56.928000+00:00,2026-01-06 02:53:56.925881+00:00,536.928,0.25,0.24,0.26,0.75,0.74,0.76,,,,
2026-01-06 02:53:57.760000+00:00,2026-01-06 02:53:57.906523+00:00,537.76,0.25,0.24,0.26,0.75,0.74,0.76,,,,
2026-01-06 02:53:59.061000+00:00,2026-01-06 02:53:59.245722+00:00,539.061,0.235,0.23,0.24,0.765,0.76,0.77,,,,
2026-01-06 02:54:00.933000+00:00,2026-01-06 02:54:01.071944+00:00,540.933,0.235,0.23,0.24,0.765,0.76,0.77,,,,
2026-01-06 02:54:02.929000+00:00,2026-01-06 02:54:03.046892+00:00,542.929,0.2249999999999999,0.21,0.24,0.775,0.76,0.79,,,,
2026-01-06 02:54:04.066000+00:00,2026-01-06 02:54:04.089332+00:00,544.066,0.235,0.23,0.24,0.765,0.76,0.77,,,,
2026-01-06 02:54:05.157000+00:00,2026-01-06 02:54:05.156711+00:00,545.157,0.245,0.24,0.25,0.755,0.75,0.76,,,,
2026-01-06 02:54:06.157000+00:00,2026-01-06 02:54:06.105870+00:00,546.157,0.245,0.24,0.25,0.77,0.75,0.79,,,,
2026-01-06 02:54:07.090000+00:00,2026-01-06 02:54:07.090317+00:00,547.09,0.225,0.22,0.23,0.775,0.77,0.78,,,,
2026-01-06 02:54:08.106000+00:00,2026-01-06 02:54:08.106499+00:00,548.106,0.275,0.27,0.28,0.73,0.72,0.74,,,,
2026-01-06 02:54:09.097000+00:00,2026-01-06 02:54:09.122890+00:00,549.097,0.275,0.27,0.28,0.72,0.7,0.74,,,,
2026-01-06 02:54:10.991000+00:00,2026-01-06 02:54:11.174110+00:00,550.991,0.3,0.29,0.31,0.7,0.69,0.71,,,,
2026-01-06 02:54:12+00:00,2026-01-06 02:54:12.159513+00:00,552.0,0.3,0.29,0.31,0.7,0.69,0.71,,,,
2026-01-06 02:54:13.069000+00:00,2026-01-06 02:54:13.149645+00:00,553.069,0.305,0.3,0.31,0.695,0.69,0.7,,,,
2026-01-06 02:54:14.940000+00:00,2026-01-06 02:54:15.179283+00:00,554.94,0.295,0.29,0.3,0.705,0.7,0.71,,,,
2026-01-06 02:54:16.569000+00:00,2026-01-06 02:54:16.562578+00:00,556.569,0.3,0.29,0.31,0.7,0.69,0.71,,,,
2026-01-06 02:54:17.577000+00:00,2026-01-06 02:54:18.291151+00:00,557.577,0.305,0.3,0.31,0.695,0.69,0.7,,,,
2026-01-06 02:54:19.293000+00:00,2026-01-06 02:54:19.347437+00:00,559.293,0.3,0.29,0.31,0.7,0.69,0.71,,,,
2026-01-06 02:54:20.007000+00:00,2026-01-06 02:54:20.289987+00:00,560.007,0.3,0.29,0.31,0.7,0.69,0.71,,,,
2026-01-06 02:54:21.246000+00:00,2026-01-06 02:54:21.564999+00:00,561.246,0.295,0.29,0.3,0.7,0.69,0.71,,,,
2026-01-06 02:54:22.217000+00:00,2026-01-06 02:54:22.709137+00:00,562.217,0.29,0.28,0.3,0.71,0.7,0.72,,,,
2026-01-06 02:54:23.723000+00:00,2026-01-06 02:54:23.734112+00:00,563.723,0.29,0.28,0.3,0.705,0.7,0.71,,,,
2026-01-06 02:54:24.934000+00:00,2026-01-06 02:54:24.959703+00:00,564.934,0.285,0.28,0.29,0.715,0.71,0.72,,,,
2026-01-06 02:54:25.675000+00:00,2026-01-06 02:54:25.663048+00:00,565.675,0.285,0.28,0.29,0.715,0.71,0.72,,,,
2026-01-06 02:54:26.567000+00:00,2026-01-06 02:54:26.694708+00:00,566.567,0.285,0.28,0.29,0.71,0.7,0.72,,,,
2026-01-06 02:54:27.541000+00:00,2026-01-06 02:54:27.707925+00:00,567.541,0.3,0.29,0.31,0.7,0.69,0.71,,,,
2026-01-06 02:54:28.535000+00:00,2026-01-06 02:54:28.750822+00:00,568.535,0.295,0.29,0.3,0.705,0.7,0.71,,,,
2026-01-06 02:54:29.970000+00:00,2026-01-06 02:54:30.623627+00:00,569.97,0.29,0.28,0.3,0.71,0.7,0.72,,,,
2026-01-06 02:54:31.937000+00:00,2026-01-06 02:54:31.950437+00:00,571.937,0.29,0.28,0.3,0.71,0.7,0.72,,,,
2026-01-06 02:54:32.943000+00:00,2026-01-06 02:54:32.953077+00:00,572.943,0.29,0.28,0.3,0.71,0.7,0.72,,,,
2026-01-06 02:54:33.932000+00:00,2026-01-06 02:54:33.985237+00:00,573.932,0.29,0.28,0.3,0.71,0.7,0.72,,,,
2026-01-06 02:54:34.493000+00:00,2026-01-06 02:54:34.959535+00:00,574.493,0.29,0.28,0.3,0.71,0.7,0.72,,,,
2026-01-06 02:54:35.984000+00:00,2026-01-06 02:54:35.972267+00:00,575.984,0.285,0.28,0.29,0.715,0.71,0.72,,,,
2026-01-06 02:54:37.106000+00:00,2026-01-06 02:54:37.095433+00:00,577.106,0.285,0.28,0.29,0.715,0.71,0.72,,,,
2026-01-06 02:54:38.430000+00:00,2026-01-06 02:54:38.423301+00:00,578.43,0.3399999999999999,0.33,0.35,0.635,0.63,0.64,,,,
2026-01-06 02:54:39.326000+00:00,2026-01-06 02:54:39.379242+00:00,579.326,0.325,0.32,0.33,0.675,0.67,0.68,,,,
2026-01-06 02:54:40.371000+00:00,2026-01-06 02:54:40.446727+00:00,580.371,0.335,0.33,0.34,0.665,0.66,0.67,,,,
2026-01-06 02:54:41.637000+00:00,2026-01-06 02:54:41.631889+00:00,581.637,0.32,0.31,0.33,0.67,0.66,0.68,,,,
2026-01-06 02:54:42.278000+00:00,2026-01-06 02:54:42.379718+00:00,582.278,0.33,0.32,0.34,0.675,0.66,0.69,,,,
2026-01-06 02:54:43.930000+00:00,2026-01-06 02:54:44.458297+00:00,583.93,0.33,0.32,0.34,0.67,0.66,0.68,,,,
2026-01-06 02:54:45.239000+00:00,2026-01-06 02:54:45.404172+00:00,585.239,0.33,0.32,0.34,0.675,0.66,0.69,,,,
2026-01-06 02:54:46.455000+00:00,2026-01-06 02:54:46.484342+00:00,586.455,0.33,0.32,0.34,0.67,0.66,0.68,,,,
2026-01-06 02:54:47.410000+00:00,2026-01-06 02:54:47.421821+00:00,587.41,0.325,0.31,0.34,0.67,0.66,0.68,,,,
2026-01-06 02:54:48.330000+00:00,2026-01-06 02:54:48.421638+00:00,588.33,0.335,0.33,0.34,0.665,0.66,0.67,,,,
2026-01-06 02:54:49.387000+00:00,2026-01-06 02:54:49.407459+00:00,589.387,0.345,0.34,0.35,0.66,0.65,0.67,,,,
2026-01-06 02:54:50.183000+00:00,2026-01-06 02:54:50.470202+00:00,590.183,0.3399999999999999,0.33,0.35,0.67,0.66,0.68,,,,
2026-01-06 02:54:51.498000+00:00,2026-01-06 02:54:51.501424+00:00,591.498,0.3399999999999999,0.33,0.35,0.66,0.65,0.67,,,,
2026-01-06 02:54:52.511000+00:00,2026-01-06 02:54:52.508144+00:00,592.511,0.335,0.33,0.34,0.66,0.65,0.67,,,,
2026-01-06 02:54:53.407000+00:00,2026-01-06 02:54:53.472083+00:00,593.407,0.3399999999999999,0.33,0.35,0.665,0.66,0.67,,,,
2026-01-06 02:54:54.493000+00:00,2026-01-06 02:54:54.540234+00:00,594.493,0.3399999999999999,0.33,0.35,0.66,0.65,0.67,,,,
2026-01-06 02:54:55.482000+00:00,2026-01-06 02:54:55.515624+00:00,595.482,0.3399999999999999,0.33,0.35,0.66,0.65,0.67,,,,
2026-01-06 02:54:56.457000+00:00,2026-01-06 02:54:56.501740+00:00,596.457,0.3399999999999999,0.33,0.35,0.66,0.65,0.67,,,,
2026-01-06 02:54:57.415000+00:00,2026-01-06 02:54:57.543719+00:00,597.415,0.3399999999999999,0.33,0.35,0.66,0.65,0.67,,,,
2026-01-06 02:54:58.410000+00:00,2026-01-06 02:54:58.508754+00:00,598.41,0.38,0.37,0.39,0.62,0.61,0.63,,,,
2026-01-06 02:54:59.542000+00:00,2026-01-06 02:54:59.577310+00:00,599.542,0.38,0.37,0.39,0.62,0.61,0.63,,,,
2026-01-06 02:55:00.521000+00:00,2026-01-06 02:55:00.541911+00:00,600.521,0.435,0.43,0.44,0.555,0.55,0.56,,,,
2026-01-06 02:55:01.615000+00:00,2026-01-06 02:55:01.629612+00:00,601.615,0.54,0.51,0.57,0.445,0.43,0.46,,,,
2026-01-06 02:55:03.299000+00:00,2026-01-06 02:55:03.387624+00:00,603.299,0.55,0.54,0.56,0.45,0.44,0.46,,,,
2026-01-06 02:55:04.007000+00:00,2026-01-06 02:55:04.017101+00:00,604.007,0.55,0.54,0.56,0.45,0.44,0.46,,,,
2026-01-06 02:55:05.429000+00:00,2026-01-06 02:55:05.567193+00:00,605.429,0.5700000000000001,0.56,0.58,0.435,0.43,0.44,,,,
2026-01-06 02:55:06.166000+00:00,2026-01-06 02:55:06.172304+00:00,606.166,0.56,0.55,0.57,0.43,0.42,0.44,,,,
2026-01-06 02:55:07.194000+00:00,2026-01-06 02:55:07.179723+00:00,607.194,0.555,0.55,0.56,0.435,0.42,0.45,,,,
2026-01-06 02:55:08.186000+00:00,2026-01-06 02:55:08.203496+00:00,608.186,0.55,0.54,0.56,0.45,0.44,0.46,,,,
2026-01-06 02:55:09.188000+00:00,2026-01-06 02:55:09.206541+00:00,609.188,0.52,0.51,0.53,0.48,0.47,0.49,,,,
2026-01-06 02:55:10.121000+00:00,2026-01-06 02:55:10.233635+00:00,610.121,0.53,0.52,0.54,0.535,0.53,0.54,,,,
2026-01-06 02:55:14.831000+00:00,2026-01-06 02:55:14.836427+00:00,614.831,0.4449999999999999,0.42,0.47,0.5549999999999999,0.53,0.58,,,,
2026-01-06 02:55:15.789000+00:00,2026-01-06 02:55:15.792653+00:00,615.789,0.435,0.42,0.45,0.5700000000000001,0.56,0.58,,,,
2026-01-06 02:55:16.839000+00:00,2026-01-06 02:55:16.859638+00:00,616.839,0.43,0.42,0.44,0.5700000000000001,0.56,0.58,,,,
2026-01-06 02:55:18.816000+00:00,2026-01-06 02:55:18.856835+00:00,618.816,0.445,0.43,0.46,0.5549999999999999,0.54,0.57,,,,
2026-01-06 02:55:19.714000+00:00,2026-01-06 02:55:19.777525+00:00,619.714,0.445,0.43,0.46,0.5549999999999999,0.54,0.57,,,,
2026-01-06 02:55:20.596000+00:00,2026-01-06 02:55:20.757139+00:00,620.596,0.45,0.44,0.46,0.55,0.54,0.56,,,,
2026-01-06 02:55:21.828000+00:00,2026-01-06 02:55:21.825692+00:00,621.828,0.5,0.49,0.51,0.495,0.49,0.5,,,,
2026-01-06 02:55:22.852000+00:00,2026-01-06 02:55:22.891603+00:00,622.852,0.505,0.5,0.51,0.495,0.49,0.5,,,,
2026-01-06 02:55:23.743000+00:00,2026-01-06 02:55:23.820022+00:00,623.743,0.5,0.49,0.51,0.49,0.47,0.51,,,,
2026-01-06 02:55:24.782000+00:00,2026-01-06 02:55:24.791568+00:00,624.782,0.51,0.49,0.53,0.49,0.47,0.51,,,,
2026-01-06 02:55:25.681000+00:00,2026-01-06 02:55:25.795724+00:00,625.681,0.51,0.49,0.53,0.49,0.47,0.51,,,,
2026-01-06 02:55:26.776000+00:00,2026-01-06 02:55:26.807053+00:00,626.776,0.52,0.5,0.54,0.48,0.46,0.5,,,,
2026-01-06 02:55:28.771000+00:00,2026-01-06 02:55:28.822223+00:00,628.771,0.515,0.5,0.53,0.485,0.47,0.5,,,,
2026-01-06 02:55:29.602000+00:00,2026-01-06 02:55:29.790914+00:00,629.602,0.515,0.5,0.53,0.485,0.47,0.5,,,,
2026-01-06 02:55:30.001000+00:00,2026-01-06 02:55:30.928381+00:00,630.001,0.515,0.5,0.53,0.475,0.47,0.48,,,,
2026-01-06 02:55:31.936000+00:00,2026-01-06 02:55:31.953767+00:00,631.936,0.55,0.54,0.56,0.4549999999999999,0.44,0.47,,,,
2026-01-06 02:55:32.940000+00:00,2026-01-06 02:55:32.969664+00:00,632.94,0.54,0.52,0.56,0.47,0.46,0.48,,,,
2026-01-06 02:55:33.944000+00:00,2026-01-06 02:55:33.960797+00:00,633.944,0.515,0.49,0.54,0.48,0.46,0.5,,,,
2026-01-06 02:55:35.939000+00:00,2026-01-06 02:55:35.972735+00:00,635.939,0.52,0.5,0.54,0.48,0.46,0.5,,,,
2026-01-06 02:55:36.898000+00:00,2026-01-06 02:55:36.968744+00:00,636.898,0.525,0.51,0.54,0.475,0.46,0.49,,,,
2026-01-06 02:55:37.961000+00:00,2026-01-06 02:55:37.969012+00:00,637.961,0.51,0.5,0.52,0.49,0.48,0.5,,,,
2026-01-06 02:55:38.938000+00:00,2026-01-06 02:55:38.952140+00:00,638.938,0.515,0.51,0.52,0.485,0.48,0.49,,,,
2026-01-06 02:55:39.669000+00:00,2026-01-06 02:55:39.960209+00:00,639.669,0.515,0.51,0.52,0.485,0.48,0.49,,,,
2026-01-06 02:55:40.980000+00:00,2026-01-06 02:55:40.972174+00:00,640.98,0.515,0.51,0.52,0.485,0.48,0.49,,,,
2026-01-06 02:55:41.949000+00:00,2026-01-06 02:55:41.972250+00:00,641.949,0.515,0.51,0.52,0.49,0.48,0.5,,,,
2026-01-06 02:55:43.935000+00:00,2026-01-06 02:55:44.022482+00:00,643.935,0.51,0.5,0.52,0.49,0.48,0.5,,,,
2026-01-06 02:55:44.894000+00:00,2026-01-06 02:55:44.976172+00:00,644.894,0.51,0.5,0.52,0.5,0.49,0.51,,,,
2026-01-06 02:55:46.005000+00:00,2026-01-06 02:55:46.028916+00:00,646.005,0.45,0.44,0.46,0.55,0.54,0.56,,,,
2026-01-06 02:55:47.001000+00:00,2026-01-06 02:55:47.070791+00:00,647.001,0.45,0.44,0.46,0.55,0.54,0.56,,,,
2026-01-06 02:55:48.065000+00:00,2026-01-06 02:55:48.086988+00:00,648.065,0.4599999999999999,0.45,0.47,0.54,0.53,0.55,,,,
2026-01-06 02:55:49.007000+00:00,2026-01-06 02:55:49.003905+00:00,649.007,0.4599999999999999,0.45,0.47,0.54,0.53,0.55,,,,
2026-01-06 02:55:50.941000+00:00,2026-01-06 02:55:50.985335+00:00,650.941,0.4599999999999999,0.45,0.47,0.54,0.53,0.55,,,,
2026-01-06 02:55:51.894000+00:00,2026-01-06 02:55:51.956435+00:00,651.894,0.4599999999999999,0.45,0.47,0.54,0.53,0.55,,,,
2026-01-06 02:55:53.014000+00:00,2026-01-06 02:55:53.021619+00:00,653.014,0.4599999999999999,0.45,0.47,0.54,0.53,0.55,,,,
2026-01-06 02:55:54.980000+00:00,2026-01-06 02:55:55.048286+00:00,654.98,0.4599999999999999,0.45,0.47,0.54,0.53,0.55,,,,
2026-01-06 02:55:56.006000+00:00,2026-01-06 02:55:56.152809+00:00,656.006,0.4649999999999999,0.46,0.47,0.535,0.53,0.54,,,,
2026-01-06 02:55:57.018000+00:00,2026-01-06 02:55:57.104272+00:00,657.018,0.475,0.47,0.48,0.505,0.5,0.51,,,,
2026-01-06 02:55:58.004000+00:00,2026-01-06 02:55:58.095279+00:00,658.004,0.505,0.48,0.53,0.495,0.47,0.52,,,,
2026-01-06 02:55:59.776000+00:00,2026-01-06 02:56:00.152887+00:00,659.776,0.51,0.49,0.53,0.49,0.47,0.51,,,,
2026-01-06 02:56:01.125000+00:00,2026-01-06 02:56:01.127614+00:00,661.125,0.525,0.52,0.53,0.475,0.47,0.48,,,,
2026-01-06 02:56:02.126000+00:00,2026-01-06 02:56:02.137343+00:00,662.126,0.61,0.6,0.62,0.4,0.38,0.42,,,,
2026-01-06 02:56:03.237000+00:00,2026-01-06 02:56:03.230849+00:00,663.237,0.645,0.64,0.65,0.355,0.35,0.36,,,,
2026-01-06 02:56:04.439000+00:00,2026-01-06 02:56:04.460435+00:00,664.439,0.66,0.65,0.67,0.3399999999999999,0.33,0.35,,,,
2026-01-06 02:56:05.212000+00:00,2026-01-06 02:56:05.204327+00:00,665.212,0.705,0.7,0.71,0.315,0.29,0.34,,,,
2026-01-06 02:56:06.312000+00:00,2026-01-06 02:56:06.354841+00:00,666.312,0.685,0.66,0.71,0.32,0.3,0.34,,,,
2026-01-06 02:56:07.078000+00:00,2026-01-06 02:56:07.145129+00:00,667.078,0.69,0.67,0.71,0.295,0.27,0.32,,,,
2026-01-06 02:56:08.309000+00:00,2026-01-06 02:56:08.230030+00:00,668.309,0.765,0.74,0.79,0.235,0.21,0.26,,,,
2026-01-06 02:56:09.186000+00:00,2026-01-06 02:56:09.185533+00:00,669.186,0.725,0.71,0.74,0.275,0.26,0.29,,,,
2026-01-06 02:56:10.535000+00:00,2026-01-06 02:56:10.377034+00:00,670.535,0.73,0.72,0.74,0.26,0.25,0.27,,,,
2026-01-06 02:56:11.253000+00:00,2026-01-06 02:56:11.314661+00:00,671.253,0.735,0.73,0.74,0.27,0.26,0.28,,,,
2026-01-06 02:56:12.335000+00:00,2026-01-06 02:56:12.326420+00:00,672.335,0.72,0.7,0.74,0.3,0.29,0.31,,,,
2026-01-06 02:56:13.317000+00:00,2026-01-06 02:56:13.417320+00:00,673.317,0.66,0.65,0.67,0.3399999999999999,0.33,0.35,,,,
2026-01-06 02:56:14.074000+00:00,2026-01-06 02:56:14.388559+00:00,674.074,0.665,0.66,0.67,0.335,0.33,0.34,,,,
2026-01-06 02:56:15.414000+00:00,2026-01-06 02:56:15.439782+00:00,675.414,0.665,0.66,0.67,0.335,0.33,0.34,,,,
2026-01-06 02:56:16.342000+00:00,2026-01-06 02:56:16.453406+00:00,676.342,0.665,0.66,0.67,0.335,0.33,0.34,,,,
2026-01-06 02:56:17.285000+00:00,2026-01-06 02:56:17.551550+00:00,677.285,0.665,0.66,0.67,0.335,0.33,0.34,,,,
2026-01-06 02:56:18.490000+00:00,2026-01-06 02:56:18.515806+00:00,678.49,0.675,0.67,0.68,0.325,0.32,0.33,,,,
2026-01-06 02:56:19.003000+00:00,2026-01-06 02:56:19.515341+00:00,679.003,0.675,0.66,0.69,0.325,0.31,0.34,,,,
2026-01-06 02:56:20.532000+00:00,2026-01-06 02:56:20.533638+00:00,680.532,0.675,0.67,0.68,0.33,0.32,0.34,,,,
2026-01-06 02:56:21.517000+00:00,2026-01-06 02:56:21.507096+00:00,681.517,0.755,0.74,0.77,0.24,0.22,0.26,,,,
2026-01-06 02:56:22.472000+00:00,2026-01-06 02:56:22.538235+00:00,682.472,0.76,0.73,0.79,0.2249999999999999,0.21,0.24,,,,
2026-01-06 02:56:23.512000+00:00,2026-01-06 02:56:23.558667+00:00,683.512,0.785,0.78,0.79,0.215,0.21,0.22,,,,
2026-01-06 02:56:24.346000+00:00,2026-01-06 02:56:24.572914+00:00,684.346,0.765,0.74,0.79,0.235,0.21,0.26,,,,
2026-01-06 02:56:25.557000+00:00,2026-01-06 02:56:25.650825+00:00,685.557,0.765,0.74,0.79,0.235,0.21,0.26,,,,
2026-01-06 02:56:26.697000+00:00,2026-01-06 02:56:26.690203+00:00,686.697,0.74,0.7,0.78,0.28,0.26,0.3,,,,
2026-01-06 02:56:27.704000+00:00,2026-01-06 02:56:27.656226+00:00,687.704,0.755,0.73,0.78,0.255,0.22,0.29,,,,
2026-01-06 02:56:28.938000+00:00,2026-01-06 02:56:28.940699+00:00,688.938,0.77,0.76,0.78,0.255,0.22,0.29,,,,
2026-01-06 02:56:29.757000+00:00,2026-01-06 02:56:29.874081+00:00,689.757,0.73,0.71,0.75,0.27,0.25,0.29,,,,
2026-01-06 02:56:30.695000+00:00,2026-01-06 02:56:30.890740+00:00,690.695,0.745,0.72,0.77,0.255,0.23,0.28,,,,
2026-01-06 02:56:32.367000+00:00,2026-01-06 02:56:32.900906+00:00,692.367,0.735,0.72,0.75,0.265,0.25,0.28,,,,
2026-01-06 02:56:33.990000+00:00,2026-01-06 02:56:34.159029+00:00,693.99,0.755,0.74,0.77,0.245,0.23,0.26,,,,
2026-01-06 02:56:34.816000+00:00,2026-01-06 02:56:34.894368+00:00,694.816,0.765,0.76,0.77,0.235,0.23,0.24,,,,
2026-01-06 02:56:36.421000+00:00,2026-01-06 02:56:36.824757+00:00,696.421,0.765,0.74,0.79,0.235,0.21,0.26,,,,
2026-01-06 02:56:37.831000+00:00,2026-01-06 02:56:37.915642+00:00,697.831,0.755,0.74,0.77,0.245,0.23,0.26,,,,
2026-01-06 02:56:38.594000+00:00,2026-01-06 02:56:38.864401+00:00,698.594,0.765,0.74,0.79,0.2299999999999999,0.21,0.25,,,,
2026-01-06 02:56:40.950000+00:00,2026-01-06 02:56:40.952612+00:00,700.95,0.81,0.8,0.82,0.195,0.19,0.2,,,,
2026-01-06 02:56:42.398000+00:00,2026-01-06 02:56:42.417509+00:00,702.398,0.815,0.81,0.82,0.185,0.18,0.19,,,,
2026-01-06 02:56:43.981000+00:00,2026-01-06 02:56:44.002922+00:00,703.981,0.825,0.81,0.84,0.18,0.17,0.19,,,,
2026-01-06 02:56:45.101000+00:00,2026-01-06 02:56:45.135486+00:00,705.101,0.815,0.81,0.82,0.185,0.18,0.19,,,,
2026-01-06 02:56:46.136000+00:00,2026-01-06 02:56:46.150688+00:00,706.136,0.805,0.8,0.81,0.195,0.19,0.2,,,,
2026-01-06 02:56:47.035000+00:00,2026-01-06 02:56:47.051672+00:00,707.035,0.815,0.81,0.82,0.185,0.18,0.19,,,,
2026-01-06 02:56:48.158000+00:00,2026-01-06 02:56:48.151671+00:00,708.158,0.815,0.81,0.82,0.185,0.18,0.19,,,,
2026-01-06 02:56:49.099000+00:00,2026-01-06 02:56:49.157801+00:00,709.099,0.8,0.79,0.81,0.21,0.2,0.22,,,,
2026-01-06 02:56:50.205000+00:00,2026-01-06 02:56:50.223175+00:00,710.205,0.795,0.79,0.8,0.205,0.2,0.21,,,,
2026-01-06 02:56:51.484000+00:00,2026-01-06 02:56:51.500525+00:00,711.484,0.79,0.78,0.8,0.2,0.19,0.21,,,,
2026-01-06 02:56:52.166000+00:00,2026-01-06 02:56:52.175498+00:00,712.166,0.8,0.79,0.81,0.2,0.19,0.21,,,,
2026-01-06 02:56:53.128000+00:00,2026-01-06 02:56:53.184918+00:00,713.128,0.8,0.79,0.81,0.2,0.19,0.21,,,,
2026-01-06 02:56:54.207000+00:00,2026-01-06 02:56:54.203019+00:00,714.207,0.8,0.79,0.81,0.2,0.19,0.21,,,,
2026-01-06 02:56:55.221000+00:00,2026-01-06 02:56:55.224202+00:00,715.221,0.805,0.8,0.81,0.195,0.19,0.2,,,,
2026-01-06 02:56:56.068000+00:00,2026-01-06 02:56:56.171603+00:00,716.068,0.81,0.8,0.82,0.195,0.19,0.2,,,,
2026-01-06 02:56:57.184000+00:00,2026-01-06 02:56:57.268131+00:00,717.184,0.805,0.8,0.81,0.19,0.18,0.2,,,,
2026-01-06 02:56:58.222000+00:00,2026-01-06 02:56:58.234403+00:00,718.222,0.815,0.81,0.82,0.185,0.18,0.19,,,,
2026-01-06 02:56:59.201000+00:00,2026-01-06 02:56:59.253063+00:00,719.201,0.805,0.8,0.81,0.195,0.19,0.2,,,,
2026-01-06 02:57:00.372000+00:00,2026-01-06 02:57:00.356793+00:00,720.372,0.785,0.78,0.79,0.22,0.21,0.23,,,,
2026-01-06 02:57:01.286000+00:00,2026-01-06 02:57:01.286697+00:00,721.286,0.845,0.84,0.85,0.155,0.15,0.16,,,,
2026-01-06 02:57:02.250000+00:00,2026-01-06 02:57:02.272094+00:00,722.25,0.855,0.85,0.86,0.15,0.14,0.16,,,,
2026-01-06 02:57:03.209000+00:00,2026-01-06 02:57:03.280926+00:00,723.209,0.85,0.84,0.86,0.15,0.14,0.16,,,,
2026-01-06 02:57:04.520000+00:00,2026-01-06 02:57:04.570791+00:00,724.52,0.87,0.86,0.88,0.125,0.12,0.13,,,,
2026-01-06 02:57:05.215000+00:00,2026-01-06 02:57:05.269920+00:00,725.215,0.875,0.87,0.88,0.125,0.12,0.13,,,,
2026-01-06 02:57:06.269000+00:00,2026-01-06 02:57:06.273722+00:00,726.269,0.88,0.87,0.89,0.12,0.11,0.13,,,,
2026-01-06 02:57:07.241000+00:00,2026-01-06 02:57:07.274531+00:00,727.241,0.88,0.87,0.89,0.12,0.11,0.13,,,,
2026-01-06 02:57:08.146000+00:00,2026-01-06 02:57:08.352359+00:00,728.146,0.88,0.87,0.89,0.1149999999999999,0.11,0.12,,,,
2026-01-06 02:57:09.380000+00:00,2026-01-06 02:57:09.384675+00:00,729.38,0.895,0.89,0.9,0.105,0.1,0.11,,,,
2026-01-06 02:57:10.270000+00:00,2026-01-06 02:57:10.400217+00:00,730.27,0.89,0.88,0.9,0.115,0.1,0.13,,,,
2026-01-06 02:57:11.514000+00:00,2026-01-06 02:57:11.569210+00:00,731.514,0.88,0.87,0.89,0.12,0.11,0.13,,,,
2026-01-06 02:57:12.831000+00:00,2026-01-06 02:57:12.835454+00:00,732.831,0.875,0.87,0.88,0.125,0.12,0.13,,,,
2026-01-06 02:57:13.646000+00:00,2026-01-06 02:57:13.651701+00:00,733.646,0.865,0.86,0.87,0.135,0.13,0.14,,,,
2026-01-06 02:57:14.741000+00:00,2026-01-06 02:57:14.750746+00:00,734.741,0.83,0.82,0.84,0.1699999999999999,0.16,0.18,,,,
2026-01-06 02:57:15.752000+00:00,2026-01-06 02:57:15.752536+00:00,735.752,0.815,0.81,0.82,0.185,0.18,0.19,,,,
2026-01-06 02:57:16.656000+00:00,2026-01-06 02:57:16.669030+00:00,736.656,0.76,0.75,0.77,0.24,0.23,0.25,,,,
2026-01-06 02:57:17.683000+00:00,2026-01-06 02:57:17.714303+00:00,737.683,0.765,0.76,0.77,0.235,0.23,0.24,,,,
2026-01-06 02:57:18.751000+00:00,2026-01-06 02:57:18.719192+00:00,738.751,0.78,0.77,0.79,0.22,0.21,0.23,,,,
2026-01-06 02:57:19.643000+00:00,2026-01-06 02:57:19.719005+00:00,739.643,0.77,0.76,0.78,0.2299999999999999,0.22,0.24,,,,
2026-01-06 02:57:20.719000+00:00,2026-01-06 02:57:20.850545+00:00,740.719,0.78,0.77,0.79,0.22,0.21,0.23,,,,
2026-01-06 02:57:21.920000+00:00,2026-01-06 02:57:21.920676+00:00,741.92,0.78,0.77,0.79,0.22,0.21,0.23,,,,
2026-01-06 02:57:22.919000+00:00,2026-01-06 02:57:22.911357+00:00,742.919,0.775,0.77,0.78,0.225,0.22,0.23,,,,
2026-01-06 02:57:23.955000+00:00,2026-01-06 02:57:23.989052+00:00,743.955,0.735,0.73,0.74,0.26,0.25,0.27,,,,
2026-01-06 02:57:25.001000+00:00,2026-01-06 02:57:24.948522+00:00,745.001,0.725,0.72,0.73,0.28,0.27,0.29,,,,
2026-01-06 02:57:26.126000+00:00,2026-01-06 02:57:26.104732+00:00,746.126,0.715,0.71,0.72,0.285,0.28,0.29,,,,
2026-01-06 02:57:27.945000+00:00,2026-01-06 02:57:28.019491+00:00,747.945,0.715,0.71,0.72,0.275,0.27,0.28,,,,
2026-01-06 02:57:28.629000+00:00,2026-01-06 02:57:28.953516+00:00,748.629,0.725,0.72,0.73,0.275,0.27,0.28,,,,
2026-01-06 02:57:29.668000+00:00,2026-01-06 02:57:29.950533+00:00,749.668,0.725,0.72,0.73,0.275,0.27,0.28,,,,
2026-01-06 02:57:30.983000+00:00,2026-01-06 02:57:30.998486+00:00,750.983,0.725,0.72,0.73,0.275,0.27,0.28,,,,
2026-01-06 02:57:31.942000+00:00,2026-01-06 02:57:31.945771+00:00,751.942,0.715,0.71,0.72,0.285,0.28,0.29,,,,
2026-01-06 02:57:32.931000+00:00,2026-01-06 02:57:32.935257+00:00,752.931,0.73,0.72,0.74,0.27,0.26,0.28,,,,
2026-01-06 02:57:33.795000+00:00,2026-01-06 02:57:33.973524+00:00,753.795,0.73,0.72,0.74,0.27,0.26,0.28,,,,
2026-01-06 02:57:34.962000+00:00,2026-01-06 02:57:34.975950+00:00,754.962,0.735,0.73,0.74,0.265,0.26,0.27,,,,
2026-01-06 02:57:35.936000+00:00,2026-01-06 02:57:35.967377+00:00,755.936,0.73,0.72,0.74,0.27,0.26,0.28,,,,
2026-01-06 02:57:37.935000+00:00,2026-01-06 02:57:38.038531+00:00,757.935,0.73,0.72,0.74,0.27,0.26,0.28,,,,
2026-01-06 02:57:39.059000+00:00,2026-01-06 02:57:39.104264+00:00,759.059,0.73,0.72,0.74,0.27,0.26,0.28,,,,
2026-01-06 02:57:40.017000+00:00,2026-01-06 02:57:40.119484+00:00,760.017,0.73,0.72,0.74,0.27,0.26,0.28,,,,
2026-01-06 02:57:41.074000+00:00,2026-01-06 02:57:41.085005+00:00,761.074,0.655,0.62,0.69,0.365,0.35,0.38,,,,
2026-01-06 02:57:42.157000+00:00,2026-01-06 02:57:42.112145+00:00,762.157,0.61,0.6,0.62,0.39,0.38,0.4,,,,
2026-01-06 02:57:43.119000+00:00,2026-01-06 02:57:43.142180+00:00,763.119,0.595,0.59,0.6,0.405,0.4,0.41,,,,
2026-01-06 02:57:44.089000+00:00,2026-01-06 02:57:44.105895+00:00,764.089,0.555,0.55,0.56,0.495,0.49,0.5,,,,
2026-01-06 02:57:45.102000+00:00,2026-01-06 02:57:45.119079+00:00,765.102,0.5,0.49,0.51,0.51,0.5,0.52,,,,
2026-01-06 02:57:46.169000+00:00,2026-01-06 02:57:46.201082+00:00,766.169,0.375,0.37,0.38,0.625,0.62,0.63,,,,
2026-01-06 02:57:47.147000+00:00,2026-01-06 02:57:47.163469+00:00,767.147,0.4599999999999999,0.45,0.47,0.54,0.53,0.55,,,,
2026-01-06 02:57:48.139000+00:00,2026-01-06 02:57:48.237026+00:00,768.139,0.475,0.47,0.48,0.52,0.51,0.53,,,,
2026-01-06 02:57:49.260000+00:00,2026-01-06 02:57:49.271780+00:00,769.26,0.475,0.47,0.48,0.525,0.52,0.53,,,,
2026-01-06 02:57:50.178000+00:00,2026-01-06 02:57:50.366581+00:00,770.178,0.52,0.51,0.53,0.48,0.47,0.49,,,,
2026-01-06 02:57:51.351000+00:00,2026-01-06 02:57:51.356144+00:00,771.351,0.54,0.53,0.55,0.4599999999999999,0.45,0.47,,,,
2026-01-06 02:57:52.292000+00:00,2026-01-06 02:57:52.300532+00:00,772.292,0.535,0.52,0.55,0.455,0.45,0.46,,,,
2026-01-06 02:57:53.095000+00:00,2026-01-06 02:57:53.317760+00:00,773.095,0.545,0.54,0.55,0.455,0.45,0.46,,,,
2026-01-06 02:57:54.289000+00:00,2026-01-06 02:57:54.375842+00:00,774.289,0.545,0.54,0.55,0.455,0.45,0.46,,,,
2026-01-06 02:57:55+00:00,2026-01-06 02:57:55.337387+00:00,775.0,0.545,0.54,0.55,0.455,0.45,0.46,,,,
2026-01-06 02:57:56.321000+00:00,2026-01-06 02:57:56.341406+00:00,776.321,0.545,0.54,0.55,0.455,0.45,0.46,,,,
2026-01-06 02:57:57.348000+00:00,2026-01-06 02:57:57.351246+00:00,777.348,0.545,0.54,0.55,0.455,0.45,0.46,,,,
2026-01-06 02:57:58.322000+00:00,2026-01-06 02:57:58.338092+00:00,778.322,0.545,0.54,0.55,0.455,0.45,0.46,,,,
2026-01-06 02:57:59.261000+00:00,2026-01-06 02:57:59.376177+00:00,779.261,0.545,0.54,0.55,0.455,0.45,0.46,,,,
2026-01-06 02:58:00.345000+00:00,2026-01-06 02:58:00.367748+00:00,780.345,0.56,0.55,0.57,0.435,0.43,0.44,,,,
2026-01-06 02:58:01.328000+00:00,2026-01-06 02:58:01.351285+00:00,781.328,0.625,0.62,0.63,0.3,0.29,0.31,,,,
2026-01-06 02:58:02.459000+00:00,2026-01-06 02:58:02.467005+00:00,782.459,0.72,0.71,0.73,0.28,0.27,0.29,,,,
2026-01-06 02:58:03.448000+00:00,2026-01-06 02:58:03.450994+00:00,783.448,0.695,0.69,0.7,0.305,0.3,0.31,,,,
2026-01-06 02:58:04.696000+00:00,2026-01-06 02:58:04.771721+00:00,784.696,0.72,0.71,0.73,0.28,0.27,0.29,,,,
2026-01-06 02:58:05.593000+00:00,2026-01-06 02:58:05.550603+00:00,785.593,0.725,0.72,0.73,0.27,0.26,0.28,,,,
2026-01-06 02:58:06.518000+00:00,2026-01-06 02:58:06.510076+00:00,786.518,0.715,0.71,0.72,0.27,0.26,0.28,,,,
2026-01-06 02:58:07.477000+00:00,2026-01-06 02:58:07.617389+00:00,787.477,0.735,0.73,0.74,0.265,0.26,0.27,,,,
2026-01-06 02:58:08.956000+00:00,2026-01-06 02:58:08.983666+00:00,788.956,0.745,0.73,0.76,0.255,0.24,0.27,,,,
2026-01-06 02:58:09.643000+00:00,2026-01-06 02:58:09.684769+00:00,789.643,0.8,0.79,0.81,0.195,0.19,0.2,,,,
2026-01-06 02:58:10.736000+00:00,2026-01-06 02:58:10.725339+00:00,790.736,0.8200000000000001,0.8,0.84,0.165,0.14,0.19,,,,
2026-01-06 02:58:11.987000+00:00,2026-01-06 02:58:11.932985+00:00,791.987,0.8300000000000001,0.81,0.85,0.1699999999999999,0.15,0.19,,,,
2026-01-06 02:58:12.746000+00:00,2026-01-06 02:58:12.751209+00:00,792.746,0.8300000000000001,0.81,0.85,0.175,0.16,0.19,,,,
2026-01-06 02:58:13.803000+00:00,2026-01-06 02:58:13.760180+00:00,793.803,0.825,0.81,0.84,0.175,0.16,0.19,,,,
2026-01-06 02:58:14.673000+00:00,2026-01-06 02:58:14.688671+00:00,794.673,0.825,0.81,0.84,0.1699999999999999,0.15,0.19,,,,
2026-01-06 02:58:15.539000+00:00,2026-01-06 02:58:15.701726+00:00,795.539,0.8200000000000001,0.8,0.84,0.18,0.16,0.2,,,,
2026-01-06 02:58:16.793000+00:00,2026-01-06 02:58:16.860976+00:00,796.793,0.8200000000000001,0.81,0.83,0.18,0.17,0.19,,,,
2026-01-06 02:58:18.942000+00:00,2026-01-06 02:58:18.984307+00:00,798.942,0.825,0.82,0.83,0.175,0.17,0.18,,,,
2026-01-06 02:58:20.047000+00:00,2026-01-06 02:58:20.114786+00:00,800.047,0.825,0.82,0.83,0.175,0.17,0.18,,,,
2026-01-06 02:58:21.944000+00:00,2026-01-06 02:58:22.072014+00:00,801.944,0.87,0.86,0.88,0.13,0.12,0.14,,,,
2026-01-06 02:58:23.108000+00:00,2026-01-06 02:58:23.107247+00:00,803.108,0.855,0.83,0.88,0.15,0.12,0.18,,,,
2026-01-06 02:58:24.052000+00:00,2026-01-06 02:58:24.071974+00:00,804.052,0.85,0.83,0.87,0.14,0.13,0.15,,,,
2026-01-06 02:58:25.069000+00:00,2026-01-06 02:58:25.091289+00:00,805.069,0.86,0.84,0.88,0.14,0.12,0.16,,,,
2026-01-06 02:58:26.134000+00:00,2026-01-06 02:58:26.176978+00:00,806.134,0.855,0.84,0.87,0.145,0.13,0.16,,,,
2026-01-06 02:58:27.039000+00:00,2026-01-06 02:58:27.109844+00:00,807.039,0.855,0.84,0.87,0.14,0.12,0.16,,,,
2026-01-06 02:58:28.009000+00:00,2026-01-06 02:58:28.124928+00:00,808.009,0.86,0.84,0.88,0.14,0.12,0.16,,,,
2026-01-06 02:58:29.090000+00:00,2026-01-06 02:58:29.113764+00:00,809.09,0.895,0.89,0.9,0.095,0.08,0.11,,,,
2026-01-06 02:58:30.060000+00:00,2026-01-06 02:58:30.188842+00:00,810.06,0.895,0.89,0.9,0.105,0.1,0.11,,,,
2026-01-06 02:58:31.151000+00:00,2026-01-06 02:58:31.148313+00:00,811.151,0.865,0.85,0.88,0.13,0.12,0.14,,,,
2026-01-06 02:58:32.028000+00:00,2026-01-06 02:58:32.153945+00:00,812.028,0.87,0.86,0.88,0.14,0.13,0.15,,,,
2026-01-06 02:58:33.207000+00:00,2026-01-06 02:58:33.237395+00:00,813.207,0.87,0.86,0.88,0.13,0.12,0.14,,,,
2026-01-06 02:58:34.251000+00:00,2026-01-06 02:58:34.315378+00:00,814.251,0.885,0.88,0.89,0.11,0.1,0.12,,,,
2026-01-06 02:58:35.241000+00:00,2026-01-06 02:58:35.329351+00:00,815.241,0.89,0.88,0.9,0.11,0.1,0.12,,,,
2026-01-06 02:58:36.187000+00:00,2026-01-06 02:58:36.233523+00:00,816.187,0.905,0.9,0.91,0.095,0.09,0.1,,,,
2026-01-06 02:58:37.219000+00:00,2026-01-06 02:58:37.223455+00:00,817.219,0.855,0.85,0.86,0.14,0.13,0.15,,,,
2026-01-06 02:58:38.288000+00:00,2026-01-06 02:58:38.285148+00:00,818.288,0.87,0.86,0.88,0.135,0.12,0.15,,,,
2026-01-06 02:58:39.299000+00:00,2026-01-06 02:58:39.282984+00:00,819.299,0.865,0.85,0.88,0.13,0.12,0.14,,,,
2026-01-06 02:58:40.191000+00:00,2026-01-06 02:58:40.229864+00:00,820.191,0.87,0.86,0.88,0.125,0.11,0.14,,,,
2026-01-06 02:58:41.289000+00:00,2026-01-06 02:58:41.290759+00:00,821.289,0.88,0.87,0.89,0.12,0.11,0.13,,,,
2026-01-06 02:58:42.393000+00:00,2026-01-06 02:58:42.571319+00:00,822.393,0.87,0.86,0.88,0.13,0.12,0.14,,,,
2026-01-06 02:58:43.225000+00:00,2026-01-06 02:58:43.253451+00:00,823.225,0.88,0.87,0.89,0.12,0.11,0.13,,,,
2026-01-06 02:58:44.270000+00:00,2026-01-06 02:58:44.270796+00:00,824.27,0.87,0.86,0.88,0.12,0.11,0.13,,,,
2026-01-06 02:58:45.184000+00:00,2026-01-06 02:58:45.268081+00:00,825.184,0.88,0.87,0.89,0.125,0.12,0.13,,,,
2026-01-06 02:58:46.289000+00:00,2026-01-06 02:58:46.350771+00:00,826.289,0.885,0.88,0.89,0.1149999999999999,0.11,0.12,,,,
2026-01-06 02:58:47.092000+00:00,2026-01-06 02:58:47.303479+00:00,827.092,0.905,0.88,0.93,0.095,0.07,0.12,,,,
2026-01-06 02:58:48.315000+00:00,2026-01-06 02:58:48.330903+00:00,828.315,0.91,0.89,0.93,0.09,0.07,0.11,,,,
2026-01-06 02:58:49.291000+00:00,2026-01-06 02:58:49.308230+00:00,829.291,0.905,0.89,0.92,0.1,0.09,0.11,,,,
2026-01-06 02:58:50.303000+00:00,2026-01-06 02:58:50.329239+00:00,830.303,0.89,0.88,0.9,0.105,0.09,0.12,,,,
2026-01-06 02:58:51.261000+00:00,2026-01-06 02:58:51.313724+00:00,831.261,0.9,0.88,0.92,0.1,0.08,0.12,,,,
2026-01-06 02:58:52.614000+00:00,2026-01-06 02:58:52.627785+00:00,832.614,0.93,0.9,0.96,0.07,0.04,0.1,,,,
2026-01-06 02:58:53.355000+00:00,2026-01-06 02:58:53.355469+00:00,833.355,0.93,0.91,0.95,0.07,0.05,0.09,,,,
2026-01-06 02:58:54.338000+00:00,2026-01-06 02:58:54.338401+00:00,834.338,0.925,0.9,0.95,0.075,0.05,0.1,,,,
2026-01-06 02:58:55.309000+00:00,2026-01-06 02:58:55.368455+00:00,835.309,0.93,0.91,0.95,0.07,0.05,0.09,,,,
2026-01-06 02:58:56.352000+00:00,2026-01-06 02:58:56.370924+00:00,836.352,0.905,0.89,0.92,0.095,0.08,0.11,,,,
2026-01-06 02:58:57.633000+00:00,2026-01-06 02:58:57.649758+00:00,837.633,0.92,0.9,0.94,0.085,0.07,0.1,,,,
2026-01-06 02:58:58.348000+00:00,2026-01-06 02:58:58.428177+00:00,838.348,0.915,0.9,0.93,0.085,0.07,0.1,,,,
2026-01-06 02:58:59.342000+00:00,2026-01-06 02:58:59.381851+00:00,839.342,0.915,0.9,0.93,0.085,0.07,0.1,,,,
2026-01-06 02:59:01.955000+00:00,2026-01-06 02:59:01.952520+00:00,841.955,0.94,0.93,0.95,0.06,0.05,0.07,,,,
2026-01-06 02:59:02.953000+00:00,2026-01-06 02:59:03.003491+00:00,842.953,0.92,0.9,0.94,0.08,0.06,0.1,,,,
2026-01-06 02:59:03.844000+00:00,2026-01-06 02:59:03.945954+00:00,843.844,0.91,0.88,0.94,0.09,0.06,0.12,,,,
2026-01-06 02:59:04.974000+00:00,2026-01-06 02:59:05.006495+00:00,844.974,0.91,0.88,0.94,0.09,0.06,0.12,,,,
2026-01-06 02:59:06.069000+00:00,2026-01-06 02:59:06.074695+00:00,846.069,0.905,0.87,0.94,0.095,0.06,0.13,,,,
2026-01-06 02:59:07.116000+00:00,2026-01-06 02:59:07.229975+00:00,847.116,0.905,0.87,0.94,0.095,0.06,0.13,,,,
2026-01-06 02:59:08.214000+00:00,2026-01-06 02:59:08.233318+00:00,848.214,0.89,0.85,0.93,0.11,0.07,0.15,,,,
2026-01-06 02:59:09.141000+00:00,2026-01-06 02:59:09.254499+00:00,849.141,0.88,0.85,0.91,0.135,0.12,0.15,,,,
2026-01-06 02:59:10.107000+00:00,2026-01-06 02:59:10.265312+00:00,850.107,0.865,0.85,0.88,0.135,0.12,0.15,,,,
2026-01-06 02:59:11.044000+00:00,2026-01-06 02:59:11.313514+00:00,851.044,0.865,0.85,0.88,0.135,0.12,0.15,,,,
2026-01-06 02:59:12.348000+00:00,2026-01-06 02:59:12.365408+00:00,852.348,0.865,0.85,0.88,0.135,0.12,0.15,,,,
2026-01-06 02:59:13.310000+00:00,2026-01-06 02:59:13.420860+00:00,853.31,0.85,0.84,0.86,0.15,0.14,0.16,,,,
2026-01-06 02:59:14.390000+00:00,2026-01-06 02:59:14.497807+00:00,854.39,0.855,0.84,0.87,0.145,0.13,0.16,,,,
2026-01-06 02:59:15.422000+00:00,2026-01-06 02:59:15.428236+00:00,855.422,0.855,0.84,0.87,0.145,0.13,0.16,,,,
2026-01-06 02:59:16.554000+00:00,2026-01-06 02:59:16.566425+00:00,856.554,0.835,0.8,0.87,0.165,0.13,0.2,,,,
2026-01-06 02:59:17.303000+00:00,2026-01-06 02:59:17.539556+00:00,857.303,0.835,0.8,0.87,0.165,0.13,0.2,,,,
2026-01-06 02:59:18.446000+00:00,2026-01-06 02:59:18.612833+00:00,858.446,0.835,0.8,0.87,0.16,0.13,0.19,,,,
2026-01-06 02:59:19.385000+00:00,2026-01-06 02:59:19.566278+00:00,859.385,0.8400000000000001,0.81,0.87,0.16,0.13,0.19,,,,
2026-01-06 02:59:20.461000+00:00,2026-01-06 02:59:20.549871+00:00,860.461,0.8400000000000001,0.81,0.87,0.16,0.13,0.19,,,,
2026-01-06 02:59:21.465000+00:00,2026-01-06 02:59:21.645517+00:00,861.465,0.8400000000000001,0.81,0.87,0.16,0.13,0.19,,,,
2026-01-06 02:59:22.634000+00:00,2026-01-06 02:59:22.623912+00:00,862.634,0.835,0.81,0.86,0.165,0.14,0.19,,,,
2026-01-06 02:59:23.002000+00:00,2026-01-06 02:59:23.560917+00:00,863.002,0.8400000000000001,0.81,0.87,0.175,0.16,0.19,,,,
2026-01-06 02:59:24.571000+00:00,2026-01-06 02:59:24.699348+00:00,864.571,0.825,0.81,0.84,0.175,0.16,0.19,,,,
2026-01-06 02:59:25.644000+00:00,2026-01-06 02:59:25.695035+00:00,865.644,0.8400000000000001,0.81,0.87,0.16,0.13,0.19,,,,
2026-01-06 02:59:26.667000+00:00,2026-01-06 02:59:26.712720+00:00,866.667,0.895,0.88,0.91,0.105,0.09,0.12,,,,
2026-01-06 02:59:27.663000+00:00,2026-01-06 02:59:27.688126+00:00,867.663,0.845,0.81,0.88,0.155,0.12,0.19,,,,
2026-01-06 02:59:28.741000+00:00,2026-01-06 02:59:28.745941+00:00,868.741,0.845,0.81,0.88,0.155,0.12,0.19,,,,
2026-01-06 02:59:29.832000+00:00,2026-01-06 02:59:29.914613+00:00,869.832,0.845,0.81,0.88,0.155,0.12,0.19,,,,
2026-01-06 02:59:30.730000+00:00,2026-01-06 02:59:30.753458+00:00,870.73,0.845,0.81,0.88,0.155,0.12,0.19,,,,
2026-01-06 02:59:31.739000+00:00,2026-01-06 02:59:31.761879+00:00,871.739,0.845,0.81,0.88,0.155,0.12,0.19,,,,
2026-01-06 02:59:32.800000+00:00,2026-01-06 02:59:32.810876+00:00,872.8,0.845,0.81,0.88,0.155,0.12,0.19,,,,
2026-01-06 02:59:33.621000+00:00,2026-01-06 02:59:33.835827+00:00,873.621,0.845,0.81,0.88,0.155,0.12,0.19,,,,
2026-01-06 02:59:34.738000+00:00,2026-01-06 02:59:34.766866+00:00,874.738,0.815,0.81,0.82,0.185,0.18,0.19,,,,
2026-01-06 02:59:35.764000+00:00,2026-01-06 02:59:35.799554+00:00,875.764,0.6799999999999999,0.61,0.75,0.32,0.25,0.39,,,,
2026-01-06 02:59:36.776000+00:00,2026-01-06 02:59:36.764284+00:00,876.776,0.6950000000000001,0.65,0.74,0.315,0.26,0.37,,,,
2026-01-06 02:59:37.738000+00:00,2026-01-06 02:59:37.782900+00:00,877.738,0.7,0.65,0.75,0.3,0.25,0.35,,,,
2026-01-06 02:59:38.659000+00:00,2026-01-06 02:59:38.745206+00:00,878.659,0.685,0.64,0.73,0.315,0.27,0.36,,,,
2026-01-06 02:59:39.812000+00:00,2026-01-06 02:59:39.824184+00:00,879.812,0.635,0.58,0.69,0.365,0.31,0.42,,,,
2026-01-06 02:59:40.873000+00:00,2026-01-06 02:59:40.885584+00:00,880.873,0.63,0.58,0.68,0.37,0.32,0.42,,,,
2026-01-06 02:59:41.540000+00:00,2026-01-06 02:59:41.820033+00:00,881.54,0.625,0.57,0.68,0.375,0.32,0.43,,,,
2026-01-06 02:59:42.819000+00:00,2026-01-06 02:59:42.830462+00:00,882.819,0.5900000000000001,0.5,0.68,0.41,0.32,0.5,,,,
2026-01-06 02:59:44.682000+00:00,2026-01-06 02:59:44.866032+00:00,884.682,0.53,0.46,0.6,0.47,0.4,0.54,,,,
2026-01-06 02:59:45.727000+00:00,2026-01-06 02:59:45.827034+00:00,885.727,0.53,0.46,0.6,0.47,0.4,0.54,,,,
2026-01-06 02:59:46.641000+00:00,2026-01-06 02:59:46.801303+00:00,886.641,0.55,0.46,0.64,0.45,0.36,0.54,,,,
2026-01-06 02:59:47.782000+00:00,2026-01-06 02:59:47.800332+00:00,887.782,0.505,0.23,0.78,0.47,0.22,0.72,,,,
2026-01-06 02:59:48.575000+00:00,2026-01-06 02:59:48.788511+00:00,888.575,0.325,0.23,0.42,0.675,0.58,0.77,,,,
2026-01-06 02:59:49.742000+00:00,2026-01-06 02:59:49.765031+00:00,889.742,0.43,0.25,0.61,0.5700000000000001,0.39,0.75,,,,
2026-01-06 02:59:50.786000+00:00,2026-01-06 02:59:50.785956+00:00,890.786,0.56,0.45,0.67,0.44,0.33,0.55,,,,
2026-01-06 02:59:51.676000+00:00,2026-01-06 02:59:51.799494+00:00,891.676,0.265,0.19,0.34,0.47,0.32,0.62,,,,
2026-01-06 02:59:52.801000+00:00,2026-01-06 02:59:52.865431+00:00,892.801,0.46,0.26,0.66,0.5700000000000001,0.33,0.81,,,,
2026-01-06 02:59:53.770000+00:00,2026-01-06 02:59:53.913372+00:00,893.77,0.42,0.2,0.64,0.5800000000000001,0.36,0.8,,,,
2026-01-06 02:59:54.699000+00:00,2026-01-06 02:59:54.816069+00:00,894.699,0.41,0.2,0.62,0.5900000000000001,0.38,0.8,,,,
2026-01-06 02:59:55.880000+00:00,2026-01-06 02:59:55.877363+00:00,895.88,0.4,0.19,0.61,0.6000000000000001,0.39,0.81,,,,
2026-01-06 02:59:56.806000+00:00,2026-01-06 02:59:56.878316+00:00,896.806,0.4,0.2,0.6,0.6000000000000001,0.4,0.8,,,,
2026-01-06 02:59:57.877000+00:00,2026-01-06 02:59:57.890676+00:00,897.877,0.39,0.19,0.59,0.61,0.41,0.81,,,,
2026-01-06 02:59:58.866000+00:00,2026-01-06 02:59:58.880827+00:00,898.866,0.365,0.15,0.58,0.635,0.42,0.85,,,,
2026-01-06 02:59:59.908000+00:00,2026-01-06 02:59:59.928042+00:00,899.908,0.35,0.15,0.55,0.52,0.19,0.85,,,,
