timestamp,collected_at,seconds,mid,bid,ask,asset
2026-01-06 10:00:00+00:00,2026-01-06 10:07:45.859152+00:00,0.0,3222.341,3222.3,3222.38,ETH
2026-01-06 10:00:01+00:00,2026-01-06 10:07:46.867312+00:00,1.0,3222.361,3222.33,3222.39,ETH
2026-01-06 10:00:02+00:00,2026-01-06 10:07:47.855632+00:00,2.0,3222.361,3222.35,3222.44,ETH
2026-01-06 10:00:03+00:00,2026-01-06 10:07:48.859043+00:00,3.0,3222.351,3222.34,3222.41,ETH
2026-01-06 10:00:04+00:00,2026-01-06 10:07:49.873646+00:00,4.0,3222.361,3222.36,3222.42,ETH
2026-01-06 10:00:05+00:00,2026-01-06 10:07:50.878084+00:00,5.0,3222.381,3222.37,3222.44,ETH
2026-01-06 10:00:06+00:00,2026-01-06 10:07:51.881519+00:00,6.0,3222.351,3222.31,3222.39,ETH
2026-01-06 10:00:07+00:00,2026-01-06 10:07:52.888283+00:00,7.0,3222.341,3222.3,3222.38,ETH
2026-01-06 10:00:08+00:00,2026-01-06 10:07:53.890647+00:00,8.0,3222.331,3222.3,3222.37,ETH
2026-01-06 10:00:09+00:00,2026-01-06 10:07:54.891631+00:00,9.0,3222.321,3222.3,3222.37,ETH
2026-01-06 10:00:10+00:00,2026-01-06 10:07:55.910931+00:00,10.0,3222.331,3222.31,3222.38,ETH
2026-01-06 10:00:11+00:00,2026-01-06 10:07:56.919554+00:00,11.0,3222.321,3222.3,3222.37,ETH
2026-01-06 10:00:12+00:00,2026-01-06 10:07:57.905030+00:00,12.0,3222.321,3222.3,3222.37,ETH
2026-01-06 10:00:13+00:00,2026-01-06 10:07:58.919270+00:00,13.0,3222.301,3222.3,3222.33,ETH
2026-01-06 10:00:14+00:00,2026-01-06 10:07:59.943960+00:00,14.0,3222.321,3222.3,3222.37,ETH
2026-01-06 10:00:15+00:00,2026-01-06 10:08:00.938432+00:00,15.0,3222.291,3222.26,3222.37,ETH
2026-01-06 10:00:16+00:00,2026-01-06 10:08:01.945399+00:00,16.0,3222.301,3222.26,3222.37,ETH
2026-01-06 10:00:17+00:00,2026-01-06 10:08:02.938018+00:00,17.0,3222.331,3222.24,3222.37,ETH
2026-01-06 10:00:18+00:00,2026-01-06 10:08:03.937946+00:00,18.0,3222.331,3222.24,3222.37,ETH
2026-01-06 10:00:19+00:00,2026-01-06 10:08:04.954258+00:00,19.0,3222.341,3222.24,3222.37,ETH
2026-01-06 10:00:20+00:00,2026-01-06 10:08:05.958996+00:00,20.0,3222.341,3222.29,3222.55,ETH
2026-01-06 10:00:21+00:00,2026-01-06 10:08:06.952322+00:00,21.0,3222.521,3222.31,3222.55,ETH
2026-01-06 10:00:22+00:00,2026-01-06 10:08:07.956475+00:00,22.0,3222.521,3222.29,3222.55,ETH
2026-01-06 10:00:23+00:00,2026-01-06 10:08:08.961522+00:00,23.0,3222.521,3222.29,3222.55,ETH
2026-01-06 10:00:24+00:00,2026-01-06 10:08:09.936769+00:00,24.0,3222.491,3222.45,3222.55,ETH
2026-01-06 10:00:25+00:00,2026-01-06 10:08:10.959151+00:00,25.0,3222.491,3222.46,3222.55,ETH
2026-01-06 10:00:26+00:00,2026-01-06 10:08:11.974202+00:00,26.0,3222.501,3222.46,3222.55,ETH
2026-01-06 10:00:27+00:00,2026-01-06 10:08:12.986293+00:00,27.0,3222.511,3222.47,3222.55,ETH
2026-01-06 10:00:28+00:00,2026-01-06 10:08:13.989304+00:00,28.0,3222.331,3222.29,3222.37,ETH
2026-01-06 10:00:29+00:00,2026-01-06 10:08:15.006283+00:00,29.0,3222.261,3222.15,3222.27,ETH
2026-01-06 10:00:30+00:00,2026-01-06 10:08:16.020611+00:00,30.0,3222.061,3222.03,3222.22,ETH
2026-01-06 10:00:31+00:00,2026-01-06 10:08:17.002887+00:00,31.0,3221.981,3221.66,3221.99,ETH
2026-01-06 10:00:32+00:00,2026-01-06 10:08:18.006910+00:00,32.0,3221.641,3221.6,3221.68,ETH
2026-01-06 10:00:33+00:00,2026-01-06 10:08:19.036584+00:00,33.0,3221.581,3221.58,3222.07,ETH
2026-01-06 10:00:34+00:00,2026-01-06 10:08:20.070567+00:00,34.0,3221.581,3221.58,3222.08,ETH
2026-01-06 10:00:35+00:00,2026-01-06 10:08:21.074529+00:00,35.0,3221.561,3221.55,3222.11,ETH
2026-01-06 10:00:36+00:00,2026-01-06 10:08:22.101431+00:00,36.0,3221.511,3221.38,3221.91,ETH
2026-01-06 10:00:37+00:00,2026-01-06 10:08:23.103497+00:00,37.0,3221.351,3221.32,3221.8,ETH
2026-01-06 10:00:38+00:00,2026-01-06 10:08:24.119822+00:00,38.0,3221.241,3221.23,3221.74,ETH
2026-01-06 10:00:39+00:00,2026-01-06 10:08:26.140957+00:00,39.0,3221.121,3221.12,3221.42,ETH
2026-01-06 10:00:41+00:00,2026-01-06 10:08:27.199828+00:00,41.0,3220.971,3220.96,3221.24,ETH
2026-01-06 10:00:42+00:00,2026-01-06 10:08:28.209241+00:00,42.0,3220.971,3220.96,3221.48,ETH
2026-01-06 10:00:43+00:00,2026-01-06 10:08:29.194842+00:00,43.0,3220.941,3220.9,3220.98,ETH
2026-01-06 10:00:44+00:00,2026-01-06 10:08:30.188563+00:00,44.0,3220.951,3220.95,3221.14,ETH
2026-01-06 10:00:45+00:00,2026-01-06 10:08:31.193013+00:00,45.0,3220.951,3220.95,3221.15,ETH
2026-01-06 10:00:46+00:00,2026-01-06 10:08:32.198093+00:00,46.0,3220.951,3220.95,3221.15,ETH
2026-01-06 10:00:47+00:00,2026-01-06 10:08:33.339940+00:00,47.0,3220.951,3220.95,3221.15,ETH
2026-01-06 10:00:48+00:00,2026-01-06 10:08:34.343012+00:00,48.0,3220.951,3220.94,3221.13,ETH
2026-01-06 10:00:49+00:00,2026-01-06 10:08:35.339658+00:00,49.0,3220.941,3220.94,3221.1,ETH
2026-01-06 10:00:50+00:00,2026-01-06 10:08:36.344626+00:00,50.0,3220.941,3220.94,3221.08,ETH
2026-01-06 10:00:51+00:00,2026-01-06 10:08:37.356186+00:00,51.0,3220.221,3220.22,3220.62,ETH
2026-01-06 10:00:52+00:00,2026-01-06 10:08:38.386241+00:00,52.0,3220.211,3220.21,3220.58,ETH
2026-01-06 10:00:53+00:00,2026-01-06 10:08:39.386275+00:00,53.0,3220.231,3220.21,3220.55,ETH
2026-01-06 10:00:54+00:00,2026-01-06 10:08:40.384771+00:00,54.0,3220.211,3220.21,3220.54,ETH
2026-01-06 10:00:55+00:00,2026-01-06 10:08:41.405609+00:00,55.0,3220.201,3220.2,3220.49,ETH
2026-01-06 10:00:56+00:00,2026-01-06 10:08:42.420401+00:00,56.0,3220.201,3220.2,3220.44,ETH
2026-01-06 10:00:57+00:00,2026-01-06 10:08:43.433402+00:00,57.0,3220.201,3220.2,3220.43,ETH
2026-01-06 10:00:58+00:00,2026-01-06 10:08:44.435285+00:00,58.0,3220.201,3220.2,3220.46,ETH
2026-01-06 10:00:59+00:00,2026-01-06 10:08:45.447186+00:00,59.0,3220.201,3220.2,3220.42,ETH
2026-01-06 10:01:00+00:00,2026-01-06 10:08:46.454558+00:00,60.0,3220.201,3220.2,3220.44,ETH
2026-01-06 10:01:01+00:00,2026-01-06 10:08:47.457336+00:00,61.0,3220.201,3220.2,3220.53,ETH
2026-01-06 10:01:02+00:00,2026-01-06 10:08:48.457227+00:00,62.0,3220.201,3220.2,3220.54,ETH
2026-01-06 10:01:03+00:00,2026-01-06 10:08:50.474444+00:00,63.0,3220.201,3220.2,3220.55,ETH
2026-01-06 10:01:04+00:00,2026-01-06 10:08:51.467671+00:00,64.0,3220.201,3220.2,3220.58,ETH
2026-01-06 10:01:05+00:00,2026-01-06 10:08:52.475287+00:00,65.0,3220.201,3220.2,3220.58,ETH
2026-01-06 10:01:06+00:00,2026-01-06 10:08:53.472637+00:00,66.0,3220.221,3220.2,3220.44,ETH
2026-01-06 10:01:07+00:00,2026-01-06 10:08:54.487774+00:00,67.0,3220.311,3220.27,3220.41,ETH
2026-01-06 10:01:08+00:00,2026-01-06 10:08:55.500486+00:00,68.0,3220.351,3220.31,3220.46,ETH
2026-01-06 10:01:09+00:00,2026-01-06 10:08:56.504224+00:00,69.0,3220.321,3220.26,3220.41,ETH
2026-01-06 10:01:10+00:00,2026-01-06 10:08:57.503820+00:00,70.0,3220.331,3220.28,3220.41,ETH
2026-01-06 10:01:11+00:00,2026-01-06 10:08:58.505467+00:00,71.0,3220.341,3220.3,3220.43,ETH
2026-01-06 10:01:12+00:00,2026-01-06 10:08:59.503537+00:00,72.0,3220.341,3220.28,3220.44,ETH
2026-01-06 10:01:13+00:00,2026-01-06 10:09:00.522792+00:00,73.0,3220.351,3220.29,3220.44,ETH
2026-01-06 10:01:14+00:00,2026-01-06 10:09:01.520082+00:00,74.0,3220.381,3220.34,3220.44,ETH
2026-01-06 10:01:15+00:00,2026-01-06 10:09:02.532625+00:00,75.0,3220.411,3220.36,3220.45,ETH
2026-01-06 10:01:16+00:00,2026-01-06 10:09:03.535221+00:00,76.0,3220.471,3220.43,3220.54,ETH
2026-01-06 10:01:17+00:00,2026-01-06 10:09:04.559702+00:00,77.0,3220.571,3220.53,3220.7,ETH
2026-01-06 10:01:18+00:00,2026-01-06 10:09:05.568044+00:00,78.0,3220.631,3220.59,3220.86,ETH
2026-01-06 10:01:19+00:00,2026-01-06 10:09:06.563876+00:00,79.0,3220.911,3220.82,3221.08,ETH
2026-01-06 10:01:20+00:00,2026-01-06 10:09:07.571443+00:00,80.0,3221.351,3221.15,3221.4,ETH
2026-01-06 10:01:21+00:00,2026-01-06 10:09:08.583507+00:00,81.0,3221.761,3221.57,3221.8,ETH
2026-01-06 10:01:22+00:00,2026-01-06 10:09:09.580740+00:00,82.0,3222.011,3221.9,3222.13,ETH
2026-01-06 10:01:23+00:00,2026-01-06 10:09:10.599515+00:00,83.0,3222.101,3222.01,3222.25,ETH
2026-01-06 10:01:24+00:00,2026-01-06 10:09:11.600849+00:00,84.0,3222.141,3222.04,3222.29,ETH
2026-01-06 10:01:25+00:00,2026-01-06 10:09:12.604162+00:00,85.0,3222.181,3222.07,3222.31,ETH
2026-01-06 10:01:26+00:00,2026-01-06 10:09:13.609576+00:00,86.0,3222.221,3222.13,3222.31,ETH
2026-01-06 10:01:27+00:00,2026-01-06 10:09:14.603108+00:00,87.0,3222.161,3222.05,3222.29,ETH
2026-01-06 10:01:28+00:00,2026-01-06 10:09:15.618446+00:00,88.0,3222.101,3221.98,3222.42,ETH
2026-01-06 10:01:29+00:00,2026-01-06 10:09:16.618864+00:00,89.0,3222.301,3222.11,3222.45,ETH
2026-01-06 10:01:30+00:00,2026-01-06 10:09:17.618971+00:00,90.0,3222.301,3222.13,3222.48,ETH
2026-01-06 10:01:31+00:00,2026-01-06 10:09:18.619541+00:00,91.0,3222.301,3222.18,3222.5,ETH
2026-01-06 10:01:32+00:00,2026-01-06 10:09:19.637092+00:00,92.0,3222.181,3222.1,3222.22,ETH
2026-01-06 10:01:33+00:00,2026-01-06 10:09:20.654551+00:00,93.0,3222.151,3222.06,3222.22,ETH
2026-01-06 10:01:34+00:00,2026-01-06 10:09:21.710415+00:00,94.0,3222.201,3222.08,3222.24,ETH
2026-01-06 10:01:35+00:00,2026-01-06 10:09:22.715098+00:00,95.0,3222.281,3222.1,3222.4,ETH
2026-01-06 10:01:36+00:00,2026-01-06 10:09:23.702422+00:00,96.0,3222.111,3221.95,3222.21,ETH
2026-01-06 10:01:37+00:00,2026-01-06 10:09:24.716467+00:00,97.0,3221.701,3221.64,3221.79,ETH
2026-01-06 10:01:38+00:00,2026-01-06 10:09:25.721692+00:00,98.0,3221.621,3221.6,3221.74,ETH
2026-01-06 10:01:39+00:00,2026-01-06 10:09:26.705129+00:00,99.0,3221.741,3221.7,3221.94,ETH
2026-01-06 10:01:40+00:00,2026-01-06 10:09:27.706688+00:00,100.0,3221.791,3221.7,3222.07,ETH
2026-01-06 10:01:41+00:00,2026-01-06 10:09:28.717622+00:00,101.0,3221.801,3221.72,3222.02,ETH
2026-01-06 10:01:42+00:00,2026-01-06 10:09:29.707330+00:00,102.0,3221.801,3221.76,3221.99,ETH
2026-01-06 10:01:43+00:00,2026-01-06 10:09:30.704709+00:00,103.0,3221.801,3221.76,3221.99,ETH
2026-01-06 10:01:44+00:00,2026-01-06 10:09:31.712679+00:00,104.0,3221.801,3221.76,3221.99,ETH
2026-01-06 10:01:45+00:00,2026-01-06 10:09:32.723929+00:00,105.0,3221.821,3221.8,3221.99,ETH
2026-01-06 10:01:46+00:00,2026-01-06 10:09:33.718082+00:00,106.0,3221.841,3221.8,3221.99,ETH
2026-01-06 10:01:47+00:00,2026-01-06 10:09:34.731936+00:00,107.0,3221.841,3221.79,3221.99,ETH
2026-01-06 10:01:48+00:00,2026-01-06 10:09:35.751493+00:00,108.0,3221.841,3221.79,3221.99,ETH
2026-01-06 10:01:49+00:00,2026-01-06 10:09:36.750983+00:00,109.0,3221.851,3221.8,3221.98,ETH
2026-01-06 10:01:50+00:00,2026-01-06 10:09:37.756082+00:00,110.0,3221.981,3221.86,3222.08,ETH
2026-01-06 10:01:51+00:00,2026-01-06 10:09:38.770810+00:00,111.0,3222.101,3221.91,3222.2,ETH
2026-01-06 10:01:52+00:00,2026-01-06 10:09:39.766051+00:00,112.0,3222.151,3222.07,3222.22,ETH
2026-01-06 10:01:53+00:00,2026-01-06 10:09:40.780459+00:00,113.0,3222.461,3222.33,3222.56,ETH
2026-01-06 10:01:54+00:00,2026-01-06 10:09:41.780721+00:00,114.0,3222.541,3222.46,3222.55,ETH
2026-01-06 10:01:55+00:00,2026-01-06 10:09:42.797853+00:00,115.0,3222.541,3222.5,3222.55,ETH
2026-01-06 10:01:56+00:00,2026-01-06 10:09:43.801534+00:00,116.0,3222.621,3222.54,3222.64,ETH
2026-01-06 10:01:57+00:00,2026-01-06 10:09:44.800949+00:00,117.0,3222.611,3222.54,3222.66,ETH
2026-01-06 10:01:58+00:00,2026-01-06 10:09:45.797035+00:00,118.0,3222.541,3222.49,3222.57,ETH
2026-01-06 10:01:59+00:00,2026-01-06 10:09:46.794890+00:00,119.0,3222.541,3222.5,3222.71,ETH
2026-01-06 10:02:00+00:00,2026-01-06 10:09:47.818220+00:00,120.0,3222.541,3222.52,3222.58,ETH
2026-01-06 10:02:01+00:00,2026-01-06 10:09:48.870814+00:00,121.0,3222.541,3222.54,3222.61,ETH
2026-01-06 10:02:02+00:00,2026-01-06 10:09:49.868995+00:00,122.0,3222.561,3222.55,3222.63,ETH
2026-01-06 10:02:03+00:00,2026-01-06 10:09:50.855619+00:00,123.0,3222.581,3222.56,3222.7,ETH
2026-01-06 10:02:04+00:00,2026-01-06 10:09:51.874909+00:00,124.0,3222.581,3222.57,3222.68,ETH
2026-01-06 10:02:05+00:00,2026-01-06 10:09:52.867353+00:00,125.0,3222.611,3222.54,3222.69,ETH
2026-01-06 10:02:06+00:00,2026-01-06 10:09:53.872974+00:00,126.0,3222.721,3222.56,3222.82,ETH
2026-01-06 10:02:07+00:00,2026-01-06 10:09:54.872954+00:00,127.0,3222.901,3222.74,3222.97,ETH
2026-01-06 10:02:08+00:00,2026-01-06 10:09:55.875498+00:00,128.0,3223.011,3222.9,3223.08,ETH
2026-01-06 10:02:09+00:00,2026-01-06 10:09:56.892981+00:00,129.0,3223.041,3222.95,3223.08,ETH
2026-01-06 10:02:10+00:00,2026-01-06 10:09:57.897367+00:00,130.0,3223.041,3222.96,3223.04,ETH
2026-01-06 10:02:11+00:00,2026-01-06 10:09:58.882198+00:00,131.0,3223.061,3222.98,3223.11,ETH
2026-01-06 10:02:12+00:00,2026-01-06 10:09:59.883706+00:00,132.0,3223.101,3222.99,3223.17,ETH
2026-01-06 10:02:13+00:00,2026-01-06 10:10:00.879817+00:00,133.0,3223.101,3222.98,3223.21,ETH
2026-01-06 10:02:14+00:00,2026-01-06 10:10:01.876169+00:00,134.0,3223.091,3222.97,3223.24,ETH
2026-01-06 10:02:15+00:00,2026-01-06 10:10:02.882947+00:00,135.0,3223.091,3222.97,3223.21,ETH
2026-01-06 10:02:16+00:00,2026-01-06 10:10:03.882862+00:00,136.0,3223.021,3222.97,3223.14,ETH
2026-01-06 10:02:17+00:00,2026-01-06 10:10:04.870305+00:00,137.0,3223.011,3222.97,3223.14,ETH
2026-01-06 10:02:18+00:00,2026-01-06 10:10:05.897615+00:00,138.0,3223.031,3222.98,3223.18,ETH
2026-01-06 10:02:19+00:00,2026-01-06 10:10:06.900938+00:00,139.0,3222.991,3222.95,3223.08,ETH
2026-01-06 10:02:20+00:00,2026-01-06 10:10:07.918306+00:00,140.0,3222.971,3222.96,3223.15,ETH
2026-01-06 10:02:21+00:00,2026-01-06 10:10:08.916407+00:00,141.0,3222.901,3222.89,3222.95,ETH
2026-01-06 10:02:22+00:00,2026-01-06 10:10:09.938737+00:00,142.0,3222.891,3222.89,3223.11,ETH
2026-01-06 10:02:23+00:00,2026-01-06 10:10:10.945863+00:00,143.0,3222.891,3222.89,3223.1,ETH
2026-01-06 10:02:24+00:00,2026-01-06 10:10:11.934919+00:00,144.0,3222.891,3222.88,3222.98,ETH
2026-01-06 10:02:25+00:00,2026-01-06 10:10:12.952276+00:00,145.0,3222.931,3222.88,3223.05,ETH
2026-01-06 10:02:26+00:00,2026-01-06 10:10:13.966697+00:00,146.0,3222.811,3222.77,3222.89,ETH
2026-01-06 10:02:27+00:00,2026-01-06 10:10:14.979557+00:00,147.0,3222.891,3222.84,3222.98,ETH
2026-01-06 10:02:28+00:00,2026-01-06 10:10:15.985794+00:00,148.0,3222.741,3222.71,3222.79,ETH
2026-01-06 10:02:29+00:00,2026-01-06 10:10:16.983173+00:00,149.0,3222.741,3222.74,3222.83,ETH
2026-01-06 10:02:30+00:00,2026-01-06 10:10:17.988633+00:00,150.0,3222.721,3222.68,3222.83,ETH
2026-01-06 10:02:31+00:00,2026-01-06 10:10:18.988216+00:00,151.0,3222.731,3222.69,3222.83,ETH
2026-01-06 10:02:32+00:00,2026-01-06 10:10:19.983739+00:00,152.0,3222.731,3222.69,3222.79,ETH
2026-01-06 10:02:33+00:00,2026-01-06 10:10:20.986456+00:00,153.0,3222.701,3222.66,3222.75,ETH
2026-01-06 10:02:34+00:00,2026-01-06 10:10:21.989582+00:00,154.0,3222.701,3222.66,3222.75,ETH
2026-01-06 10:02:35+00:00,2026-01-06 10:10:23.000960+00:00,155.0,3222.671,3222.63,3222.75,ETH
2026-01-06 10:02:36+00:00,2026-01-06 10:10:24.016094+00:00,156.0,3222.661,3222.62,3222.77,ETH
2026-01-06 10:02:37+00:00,2026-01-06 10:10:25.021980+00:00,157.0,3222.641,3222.6,3222.75,ETH
2026-01-06 10:02:38+00:00,2026-01-06 10:10:26.035560+00:00,158.0,3222.631,3222.6,3222.75,ETH
2026-01-06 10:02:39+00:00,2026-01-06 10:10:27.035908+00:00,159.0,3222.641,3222.61,3222.75,ETH
2026-01-06 10:02:40+00:00,2026-01-06 10:10:29.047115+00:00,160.0,3222.641,3222.6,3222.77,ETH
2026-01-06 10:02:41+00:00,2026-01-06 10:10:30.052753+00:00,161.0,3222.651,3222.61,3222.77,ETH
2026-01-06 10:02:42+00:00,2026-01-06 10:10:31.066014+00:00,162.0,3222.661,3222.62,3222.77,ETH
2026-01-06 10:02:43+00:00,2026-01-06 10:10:32.093642+00:00,163.0,3222.661,3222.6,3222.82,ETH
2026-01-06 10:02:44+00:00,2026-01-06 10:10:33.114101+00:00,164.0,3222.771,3222.71,3222.94,ETH
2026-01-06 10:02:45+00:00,2026-01-06 10:10:34.120560+00:00,165.0,3222.961,3222.9,3223.03,ETH
2026-01-06 10:02:46+00:00,2026-01-06 10:10:35.138248+00:00,166.0,3223.161,3223.06,3223.2,ETH
2026-01-06 10:02:48+00:00,2026-01-06 10:10:36.181052+00:00,168.0,3223.311,3223.15,3223.37,ETH
2026-01-06 10:02:49+00:00,2026-01-06 10:10:37.186283+00:00,169.0,3223.331,3223.15,3223.4,ETH
2026-01-06 10:02:50+00:00,2026-01-06 10:10:38.184956+00:00,170.0,3223.331,3223.15,3223.38,ETH
2026-01-06 10:02:51+00:00,2026-01-06 10:10:39.205239+00:00,171.0,3223.331,3223.15,3223.37,ETH
2026-01-06 10:02:52+00:00,2026-01-06 10:10:40.212054+00:00,172.0,3223.331,3223.15,3223.42,ETH
2026-01-06 10:02:53+00:00,2026-01-06 10:10:41.190862+00:00,173.0,3223.331,3223.16,3223.42,ETH
2026-01-06 10:02:54+00:00,2026-01-06 10:10:42.195104+00:00,174.0,3223.331,3223.17,3223.43,ETH
2026-01-06 10:02:55+00:00,2026-01-06 10:10:43.205423+00:00,175.0,3223.381,3223.28,3223.41,ETH
2026-01-06 10:02:56+00:00,2026-01-06 10:10:44.209897+00:00,176.0,3223.411,3223.33,3223.52,ETH
2026-01-06 10:02:57+00:00,2026-01-06 10:10:45.223700+00:00,177.0,3223.431,3223.4,3223.53,ETH
2026-01-06 10:02:58+00:00,2026-01-06 10:10:46.246380+00:00,178.0,3223.451,3223.4,3223.53,ETH
2026-01-06 10:02:59+00:00,2026-01-06 10:10:47.251890+00:00,179.0,3223.471,3223.39,3223.54,ETH
2026-01-06 10:03:00+00:00,2026-01-06 10:10:48.250809+00:00,180.0,3223.481,3223.41,3223.55,ETH
2026-01-06 10:03:01+00:00,2026-01-06 10:10:49.247564+00:00,181.0,3223.461,3223.41,3223.55,ETH
2026-01-06 10:03:02+00:00,2026-01-06 10:10:50.258658+00:00,182.0,3223.521,3223.43,3223.56,ETH
2026-01-06 10:03:03+00:00,2026-01-06 10:10:51.279362+00:00,183.0,3223.551,3223.51,3223.59,ETH
2026-01-06 10:03:04+00:00,2026-01-06 10:10:52.285155+00:00,184.0,3223.611,3223.57,3223.69,ETH
2026-01-06 10:03:05+00:00,2026-01-06 10:10:53.310451+00:00,185.0,3223.661,3223.63,3223.78,ETH
2026-01-06 10:03:06+00:00,2026-01-06 10:10:54.318808+00:00,186.0,3223.661,3223.63,3223.78,ETH
2026-01-06 10:03:07+00:00,2026-01-06 10:10:55.317290+00:00,187.0,3223.651,3223.63,3223.82,ETH
2026-01-06 10:03:08+00:00,2026-01-06 10:10:56.319219+00:00,188.0,3223.641,3223.61,3223.75,ETH
2026-01-06 10:03:09+00:00,2026-01-06 10:10:57.316848+00:00,189.0,3223.631,3223.59,3223.69,ETH
2026-01-06 10:03:10+00:00,2026-01-06 10:10:58.330773+00:00,190.0,3223.641,3223.62,3223.79,ETH
2026-01-06 10:03:11+00:00,2026-01-06 10:10:59.351172+00:00,191.0,3223.641,3223.63,3223.83,ETH
2026-01-06 10:03:12+00:00,2026-01-06 10:11:00.359249+00:00,192.0,3223.641,3223.63,3223.81,ETH
2026-01-06 10:03:13+00:00,2026-01-06 10:11:01.368809+00:00,193.0,3223.641,3223.62,3223.73,ETH
2026-01-06 10:03:14+00:00,2026-01-06 10:11:02.368106+00:00,194.0,3223.661,3223.62,3223.71,ETH
2026-01-06 10:03:15+00:00,2026-01-06 10:11:03.383654+00:00,195.0,3223.681,3223.66,3223.8,ETH
2026-01-06 10:03:16+00:00,2026-01-06 10:11:04.390262+00:00,196.0,3223.771,3223.73,3223.88,ETH
2026-01-06 10:03:17+00:00,2026-01-06 10:11:05.400531+00:00,197.0,3223.841,3223.75,3223.91,ETH
2026-01-06 10:03:18+00:00,2026-01-06 10:11:06.398640+00:00,198.0,3223.871,3223.79,3223.93,ETH
2026-01-06 10:03:19+00:00,2026-01-06 10:11:07.396884+00:00,199.0,3223.911,3223.87,3223.95,ETH
2026-01-06 10:03:20+00:00,2026-01-06 10:11:08.417719+00:00,200.0,3223.921,3223.88,3224.02,ETH
2026-01-06 10:03:21+00:00,2026-01-06 10:11:09.403385+00:00,201.0,3224.051,3223.97,3224.16,ETH
2026-01-06 10:03:22+00:00,2026-01-06 10:11:10.436754+00:00,202.0,3224.231,3224.17,3224.45,ETH
2026-01-06 10:03:23+00:00,2026-01-06 10:11:11.431480+00:00,203.0,3224.351,3224.3,3224.63,ETH
2026-01-06 10:03:24+00:00,2026-01-06 10:11:12.428295+00:00,204.0,3224.511,3224.42,3224.62,ETH
2026-01-06 10:03:25+00:00,2026-01-06 10:11:13.430702+00:00,205.0,3224.571,3224.5,3224.62,ETH
2026-01-06 10:03:26+00:00,2026-01-06 10:11:14.431485+00:00,206.0,3224.541,3224.48,3224.6,ETH
2026-01-06 10:03:27+00:00,2026-01-06 10:11:15.450480+00:00,207.0,3224.521,3224.43,3224.6,ETH
2026-01-06 10:03:28+00:00,2026-01-06 10:11:17.480514+00:00,208.0,3224.551,3224.45,3224.6,ETH
2026-01-06 10:03:29+00:00,2026-01-06 10:11:18.499522+00:00,209.0,3224.591,3224.47,3224.62,ETH
2026-01-06 10:03:30+00:00,2026-01-06 10:11:19.516920+00:00,210.0,3224.591,3224.47,3224.64,ETH
2026-01-06 10:03:31+00:00,2026-01-06 10:11:20.523198+00:00,211.0,3224.341,3224.31,3224.59,ETH
2026-01-06 10:03:32+00:00,2026-01-06 10:11:21.516563+00:00,212.0,3224.291,3224.25,3224.34,ETH
2026-01-06 10:03:33+00:00,2026-01-06 10:11:22.513254+00:00,213.0,3224.131,3224.09,3224.26,ETH
2026-01-06 10:03:34+00:00,2026-01-06 10:11:23.531719+00:00,214.0,3224.201,3224.16,3224.26,ETH
2026-01-06 10:03:35+00:00,2026-01-06 10:11:24.544156+00:00,215.0,3223.951,3223.95,3224.09,ETH
2026-01-06 10:03:36+00:00,2026-01-06 10:11:25.552390+00:00,216.0,3224.091,3224.09,3224.22,ETH
2026-01-06 10:03:37+00:00,2026-01-06 10:11:26.569613+00:00,217.0,3224.091,3224.09,3224.25,ETH
2026-01-06 10:03:38+00:00,2026-01-06 10:11:27.552625+00:00,218.0,3224.081,3224.01,3224.21,ETH
2026-01-06 10:03:39+00:00,2026-01-06 10:11:28.548988+00:00,219.0,3224.091,3224.09,3224.22,ETH
2026-01-06 10:03:40+00:00,2026-01-06 10:11:29.571271+00:00,220.0,3224.261,3224.17,3224.41,ETH
2026-01-06 10:03:41+00:00,2026-01-06 10:11:30.579969+00:00,221.0,3224.241,3224.21,3224.36,ETH
2026-01-06 10:03:42+00:00,2026-01-06 10:11:31.574615+00:00,222.0,3224.191,3224.15,3224.3,ETH
2026-01-06 10:03:43+00:00,2026-01-06 10:11:32.580397+00:00,223.0,3224.151,3224.15,3224.36,ETH
2026-01-06 10:03:44+00:00,2026-01-06 10:11:33.636262+00:00,224.0,3224.151,3224.15,3224.34,ETH
2026-01-06 10:03:45+00:00,2026-01-06 10:11:34.645010+00:00,225.0,3224.151,3224.15,3224.32,ETH
2026-01-06 10:03:46+00:00,2026-01-06 10:11:35.641155+00:00,226.0,3224.151,3224.14,3224.23,ETH
2026-01-06 10:03:47+00:00,2026-01-06 10:11:36.644919+00:00,227.0,3224.151,3224.15,3224.22,ETH
2026-01-06 10:03:48+00:00,2026-01-06 10:11:37.665121+00:00,228.0,3224.151,3224.15,3224.26,ETH
2026-01-06 10:03:49+00:00,2026-01-06 10:11:38.670076+00:00,229.0,3224.151,3224.15,3224.32,ETH
2026-01-06 10:03:50+00:00,2026-01-06 10:11:39.685316+00:00,230.0,3224.141,3224.1,3224.18,ETH
2026-01-06 10:03:51+00:00,2026-01-06 10:11:40.686341+00:00,231.0,3224.121,3224.07,3224.16,ETH
2026-01-06 10:03:52+00:00,2026-01-06 10:11:41.688072+00:00,232.0,3224.121,3224.08,3224.16,ETH
2026-01-06 10:03:53+00:00,2026-01-06 10:11:42.693329+00:00,233.0,3224.151,3224.15,3224.31,ETH
2026-01-06 10:03:54+00:00,2026-01-06 10:11:43.680755+00:00,234.0,3224.381,3224.26,3224.4,ETH
2026-01-06 10:03:55+00:00,2026-01-06 10:11:44.695322+00:00,235.0,3224.391,3224.27,3224.47,ETH
2026-01-06 10:03:56+00:00,2026-01-06 10:11:45.695015+00:00,236.0,3224.391,3224.27,3224.47,ETH
2026-01-06 10:03:57+00:00,2026-01-06 10:11:46.680687+00:00,237.0,3224.811,3224.66,3224.85,ETH
2026-01-06 10:03:58+00:00,2026-01-06 10:11:47.680027+00:00,238.0,3224.801,3224.77,3225.0,ETH
2026-01-06 10:03:59+00:00,2026-01-06 10:11:48.713131+00:00,239.0,3224.991,3224.87,3225.0,ETH
2026-01-06 10:04:00+00:00,2026-01-06 10:11:49.686102+00:00,240.0,3224.991,3224.96,3225.0,ETH
2026-01-06 10:04:01+00:00,2026-01-06 10:11:50.691321+00:00,241.0,3224.991,3224.96,3225.02,ETH
2026-01-06 10:04:02+00:00,2026-01-06 10:11:51.700457+00:00,242.0,3224.991,3224.96,3225.0,ETH
2026-01-06 10:04:03+00:00,2026-01-06 10:11:52.698980+00:00,243.0,3224.971,3224.91,3224.99,ETH
2026-01-06 10:04:04+00:00,2026-01-06 10:11:53.707917+00:00,244.0,3224.981,3224.97,3225.02,ETH
2026-01-06 10:04:05+00:00,2026-01-06 10:11:54.709531+00:00,245.0,3224.841,3224.84,3225.03,ETH
2026-01-06 10:04:06+00:00,2026-01-06 10:11:55.719241+00:00,246.0,3224.841,3224.82,3225.0,ETH
2026-01-06 10:04:07+00:00,2026-01-06 10:11:56.723436+00:00,247.0,3224.831,3224.8,3224.98,ETH
2026-01-06 10:04:08+00:00,2026-01-06 10:11:57.728460+00:00,248.0,3224.821,3224.78,3224.95,ETH
2026-01-06 10:04:09+00:00,2026-01-06 10:11:58.736927+00:00,249.0,3224.811,3224.76,3224.92,ETH
2026-01-06 10:04:10+00:00,2026-01-06 10:11:59.748450+00:00,250.0,3224.841,3224.8,3224.9,ETH
2026-01-06 10:04:11+00:00,2026-01-06 10:12:00.751553+00:00,251.0,3224.791,3224.74,3224.85,ETH
2026-01-06 10:04:12+00:00,2026-01-06 10:12:01.767651+00:00,252.0,3224.781,3224.74,3224.85,ETH
2026-01-06 10:04:13+00:00,2026-01-06 10:12:02.765616+00:00,253.0,3224.781,3224.74,3224.85,ETH
2026-01-06 10:04:14+00:00,2026-01-06 10:12:03.765364+00:00,254.0,3224.791,3224.74,3224.85,ETH
2026-01-06 10:04:15+00:00,2026-01-06 10:12:04.780306+00:00,255.0,3224.801,3224.76,3224.85,ETH
2026-01-06 10:04:16+00:00,2026-01-06 10:12:05.796414+00:00,256.0,3224.761,3224.72,3224.84,ETH
2026-01-06 10:04:17+00:00,2026-01-06 10:12:06.804139+00:00,257.0,3224.741,3224.69,3224.84,ETH
2026-01-06 10:04:18+00:00,2026-01-06 10:12:07.812442+00:00,258.0,3224.761,3224.72,3224.84,ETH
2026-01-06 10:04:19+00:00,2026-01-06 10:12:08.813918+00:00,259.0,3224.771,3224.73,3224.84,ETH
2026-01-06 10:04:20+00:00,2026-01-06 10:12:09.814636+00:00,260.0,3224.781,3224.74,3224.85,ETH
2026-01-06 10:04:21+00:00,2026-01-06 10:12:10.811961+00:00,261.0,3224.781,3224.75,3224.85,ETH
2026-01-06 10:04:22+00:00,2026-01-06 10:12:11.831565+00:00,262.0,3224.771,3224.73,3224.84,ETH
2026-01-06 10:04:23+00:00,2026-01-06 10:12:12.834213+00:00,263.0,3224.761,3224.72,3224.84,ETH
2026-01-06 10:04:24+00:00,2026-01-06 10:12:13.851062+00:00,264.0,3224.741,3224.71,3224.84,ETH
2026-01-06 10:04:25+00:00,2026-01-06 10:12:14.829391+00:00,265.0,3224.671,3224.63,3224.7,ETH
2026-01-06 10:04:26+00:00,2026-01-06 10:12:15.841993+00:00,266.0,3224.671,3224.64,3224.71,ETH
2026-01-06 10:04:27+00:00,2026-01-06 10:12:16.866925+00:00,267.0,3224.641,3224.6,3224.68,ETH
2026-01-06 10:04:28+00:00,2026-01-06 10:12:17.861489+00:00,268.0,3224.671,3224.67,3224.76,ETH
2026-01-06 10:04:29+00:00,2026-01-06 10:12:18.876698+00:00,269.0,3224.671,3224.65,3224.73,ETH
2026-01-06 10:04:30+00:00,2026-01-06 10:12:19.883590+00:00,270.0,3224.671,3224.65,3224.73,ETH
2026-01-06 10:04:31+00:00,2026-01-06 10:12:20.875093+00:00,271.0,3224.671,3224.66,3224.73,ETH
2026-01-06 10:04:32+00:00,2026-01-06 10:12:21.895015+00:00,272.0,3224.611,3224.58,3224.68,ETH
2026-01-06 10:04:33+00:00,2026-01-06 10:12:22.892020+00:00,273.0,3224.631,3224.59,3224.68,ETH
2026-01-06 10:04:34+00:00,2026-01-06 10:12:23.898577+00:00,274.0,3224.631,3224.6,3224.68,ETH
2026-01-06 10:04:35+00:00,2026-01-06 10:12:24.894301+00:00,275.0,3224.631,3224.6,3224.68,ETH
2026-01-06 10:04:36+00:00,2026-01-06 10:12:25.896718+00:00,276.0,3224.631,3224.59,3224.68,ETH
2026-01-06 10:04:37+00:00,2026-01-06 10:12:26.926500+00:00,277.0,3224.651,3224.61,3224.68,ETH
2026-01-06 10:04:38+00:00,2026-01-06 10:12:27.911568+00:00,278.0,3224.651,3224.61,3224.69,ETH
2026-01-06 10:04:39+00:00,2026-01-06 10:12:28.910230+00:00,279.0,3224.671,3224.63,3224.72,ETH
2026-01-06 10:04:40+00:00,2026-01-06 10:12:30.928841+00:00,280.0,3224.751,3224.64,3224.92,ETH
2026-01-06 10:04:41+00:00,2026-01-06 10:12:31.933771+00:00,281.0,3224.751,3224.63,3224.95,ETH
2026-01-06 10:04:42+00:00,2026-01-06 10:12:32.947169+00:00,282.0,3224.751,3224.67,3224.94,ETH
2026-01-06 10:04:43+00:00,2026-01-06 10:12:33.944400+00:00,283.0,3224.751,3224.67,3224.9,ETH
2026-01-06 10:04:44+00:00,2026-01-06 10:12:34.938971+00:00,284.0,3224.711,3224.67,3224.82,ETH
2026-01-06 10:04:45+00:00,2026-01-06 10:12:35.964383+00:00,285.0,3224.681,3224.67,3224.74,ETH
2026-01-06 10:04:46+00:00,2026-01-06 10:12:36.960064+00:00,286.0,3224.681,3224.67,3224.74,ETH
2026-01-06 10:04:47+00:00,2026-01-06 10:12:37.963592+00:00,287.0,3224.681,3224.67,3224.74,ETH
2026-01-06 10:04:48+00:00,2026-01-06 10:12:39.059886+00:00,288.0,3224.671,3224.66,3224.74,ETH
2026-01-06 10:04:49+00:00,2026-01-06 10:12:40.055706+00:00,289.0,3224.671,3224.65,3224.74,ETH
2026-01-06 10:04:50+00:00,2026-01-06 10:12:41.074605+00:00,290.0,3224.621,3224.6,3224.74,ETH
2026-01-06 10:04:51+00:00,2026-01-06 10:12:42.097254+00:00,291.0,3224.571,3224.56,3224.74,ETH
2026-01-06 10:04:52+00:00,2026-01-06 10:12:43.116013+00:00,292.0,3224.571,3224.56,3224.74,ETH
2026-01-06 10:04:53+00:00,2026-01-06 10:12:44.122362+00:00,293.0,3224.571,3224.56,3224.74,ETH
2026-01-06 10:04:54+00:00,2026-01-06 10:12:45.129104+00:00,294.0,3224.571,3224.56,3224.74,ETH
2026-01-06 10:04:55+00:00,2026-01-06 10:12:46.129636+00:00,295.0,3224.571,3224.57,3224.74,ETH
2026-01-06 10:04:56+00:00,2026-01-06 10:12:47.124850+00:00,296.0,3224.571,3224.57,3224.77,ETH
2026-01-06 10:04:57+00:00,2026-01-06 10:12:48.126414+00:00,297.0,3224.571,3224.57,3224.8,ETH
2026-01-06 10:04:58+00:00,2026-01-06 10:12:49.124155+00:00,298.0,3224.641,3224.63,3224.8,ETH
2026-01-06 10:04:59+00:00,2026-01-06 10:12:50.130627+00:00,299.0,3224.751,3224.72,3224.86,ETH
2026-01-06 10:05:00+00:00,2026-01-06 10:12:51.130136+00:00,300.0,3224.791,3224.76,3224.93,ETH
2026-01-06 10:05:01+00:00,2026-01-06 10:12:52.126723+00:00,301.0,3224.791,3224.76,3224.94,ETH
2026-01-06 10:05:02+00:00,2026-01-06 10:12:53.127986+00:00,302.0,3225.061,3224.86,3225.17,ETH
2026-01-06 10:05:03+00:00,2026-01-06 10:12:54.143011+00:00,303.0,3225.641,3225.35,3225.7,ETH
2026-01-06 10:05:04+00:00,2026-01-06 10:12:55.149107+00:00,304.0,3225.991,3225.83,3226.03,ETH
2026-01-06 10:05:05+00:00,2026-01-06 10:12:56.161152+00:00,305.0,3226.041,3225.94,3226.08,ETH
2026-01-06 10:05:06+00:00,2026-01-06 10:12:57.156055+00:00,306.0,3226.181,3226.06,3226.22,ETH
2026-01-06 10:05:07+00:00,2026-01-06 10:12:58.173291+00:00,307.0,3226.301,3226.22,3226.34,ETH
2026-01-06 10:05:08+00:00,2026-01-06 10:12:59.176545+00:00,308.0,3226.291,3226.27,3226.34,ETH
2026-01-06 10:05:09+00:00,2026-01-06 10:13:00.169497+00:00,309.0,3226.311,3226.3,3226.36,ETH
2026-01-06 10:05:10+00:00,2026-01-06 10:13:01.174824+00:00,310.0,3226.461,3226.37,3226.5,ETH
2026-01-06 10:05:11+00:00,2026-01-06 10:13:02.181406+00:00,311.0,3226.601,3226.48,3226.62,ETH
2026-01-06 10:05:12+00:00,2026-01-06 10:13:03.199936+00:00,312.0,3226.611,3226.53,3226.63,ETH
2026-01-06 10:05:13+00:00,2026-01-06 10:13:04.208686+00:00,313.0,3226.591,3226.51,3226.64,ETH
2026-01-06 10:05:14+00:00,2026-01-06 10:13:05.208932+00:00,314.0,3226.551,3226.5,3226.64,ETH
2026-01-06 10:05:15+00:00,2026-01-06 10:13:06.194487+00:00,315.0,3226.541,3226.5,3226.72,ETH
2026-01-06 10:05:16+00:00,2026-01-06 10:13:07.199171+00:00,316.0,3226.491,3226.45,3226.7,ETH
2026-01-06 10:05:17+00:00,2026-01-06 10:13:08.198439+00:00,317.0,3226.471,3226.43,3226.61,ETH
2026-01-06 10:05:18+00:00,2026-01-06 10:13:09.208979+00:00,318.0,3226.491,3226.44,3226.61,ETH
2026-01-06 10:05:20+00:00,2026-01-06 10:13:10.287047+00:00,320.0,3226.511,3226.41,3226.61,ETH
2026-01-06 10:05:21+00:00,2026-01-06 10:13:11.212606+00:00,321.0,3226.531,3226.41,3226.61,ETH
2026-01-06 10:05:22+00:00,2026-01-06 10:13:12.245206+00:00,322.0,3226.521,3226.48,3226.61,ETH
2026-01-06 10:05:23+00:00,2026-01-06 10:13:13.255679+00:00,323.0,3226.571,3226.49,3226.61,ETH
2026-01-06 10:05:24+00:00,2026-01-06 10:13:14.254032+00:00,324.0,3226.551,3226.49,3226.61,ETH
2026-01-06 10:05:25+00:00,2026-01-06 10:13:15.266577+00:00,325.0,3226.561,3226.49,3226.61,ETH
2026-01-06 10:05:26+00:00,2026-01-06 10:13:16.276119+00:00,326.0,3226.711,3226.67,3226.91,ETH
2026-01-06 10:05:27+00:00,2026-01-06 10:13:17.285411+00:00,327.0,3226.721,3226.67,3226.77,ETH
2026-01-06 10:05:28+00:00,2026-01-06 10:13:19.275296+00:00,328.0,3226.741,3226.64,3226.86,ETH
2026-01-06 10:05:29+00:00,2026-01-06 10:13:20.273627+00:00,329.0,3226.721,3226.62,3226.8,ETH
2026-01-06 10:05:30+00:00,2026-01-06 10:13:21.279301+00:00,330.0,3226.711,3226.62,3226.8,ETH
2026-01-06 10:05:31+00:00,2026-01-06 10:13:22.293097+00:00,331.0,3226.621,3226.56,3226.71,ETH
2026-01-06 10:05:32+00:00,2026-01-06 10:13:23.287788+00:00,332.0,3226.561,3226.52,3226.62,ETH
2026-01-06 10:05:33+00:00,2026-01-06 10:13:24.289407+00:00,333.0,3226.571,3226.53,3226.62,ETH
2026-01-06 10:05:34+00:00,2026-01-06 10:13:25.278080+00:00,334.0,3226.561,3226.52,3226.61,ETH
2026-01-06 10:05:35+00:00,2026-01-06 10:13:26.290291+00:00,335.0,3226.541,3226.51,3226.61,ETH
2026-01-06 10:05:36+00:00,2026-01-06 10:13:27.293289+00:00,336.0,3226.551,3226.51,3226.61,ETH
2026-01-06 10:05:37+00:00,2026-01-06 10:13:28.305225+00:00,337.0,3226.551,3226.49,3226.61,ETH
2026-01-06 10:05:38+00:00,2026-01-06 10:13:29.311479+00:00,338.0,3226.541,3226.49,3226.61,ETH
2026-01-06 10:05:39+00:00,2026-01-06 10:13:30.330218+00:00,339.0,3226.541,3226.51,3226.61,ETH
2026-01-06 10:05:40+00:00,2026-01-06 10:13:31.327606+00:00,340.0,3226.541,3226.5,3226.61,ETH
2026-01-06 10:05:41+00:00,2026-01-06 10:13:32.328074+00:00,341.0,3226.421,3226.39,3226.49,ETH
2026-01-06 10:05:42+00:00,2026-01-06 10:13:33.342155+00:00,342.0,3226.281,3226.25,3226.36,ETH
2026-01-06 10:05:43+00:00,2026-01-06 10:13:34.342810+00:00,343.0,3226.181,3226.13,3226.36,ETH
2026-01-06 10:05:44+00:00,2026-01-06 10:13:35.344691+00:00,344.0,3225.991,3225.94,3226.28,ETH
2026-01-06 10:05:45+00:00,2026-01-06 10:13:36.340527+00:00,345.0,3225.831,3225.77,3226.13,ETH
2026-01-06 10:05:46+00:00,2026-01-06 10:13:37.343431+00:00,346.0,3225.771,3225.72,3225.98,ETH
2026-01-06 10:05:47+00:00,2026-01-06 10:13:38.341435+00:00,347.0,3225.791,3225.72,3225.91,ETH
2026-01-06 10:05:48+00:00,2026-01-06 10:13:39.344438+00:00,348.0,3225.771,3225.71,3225.89,ETH
2026-01-06 10:05:49+00:00,2026-01-06 10:13:40.375272+00:00,349.0,3225.751,3225.71,3225.87,ETH
2026-01-06 10:05:50+00:00,2026-01-06 10:13:41.380725+00:00,350.0,3225.751,3225.71,3225.87,ETH
2026-01-06 10:05:51+00:00,2026-01-06 10:13:42.363346+00:00,351.0,3225.621,3225.58,3225.74,ETH
2026-01-06 10:05:52+00:00,2026-01-06 10:13:43.389918+00:00,352.0,3225.441,3225.39,3225.6,ETH
2026-01-06 10:05:53+00:00,2026-01-06 10:13:44.385969+00:00,353.0,3225.381,3225.33,3225.6,ETH
2026-01-06 10:05:54+00:00,2026-01-06 10:13:45.386651+00:00,354.0,3225.301,3225.23,3225.4,ETH
2026-01-06 10:05:55+00:00,2026-01-06 10:13:46.396520+00:00,355.0,3225.201,3225.17,3225.4,ETH
2026-01-06 10:05:56+00:00,2026-01-06 10:13:47.402883+00:00,356.0,3225.131,3225.1,3225.28,ETH
2026-01-06 10:05:57+00:00,2026-01-06 10:13:48.438161+00:00,357.0,3225.031,3224.99,3225.1,ETH
2026-01-06 10:05:58+00:00,2026-01-06 10:13:49.436202+00:00,358.0,3224.921,3224.9,3225.04,ETH
2026-01-06 10:05:59+00:00,2026-01-06 10:13:50.460731+00:00,359.0,3224.851,3224.85,3225.0,ETH
2026-01-06 10:06:00+00:00,2026-01-06 10:13:51.457811+00:00,360.0,3224.851,3224.85,3224.96,ETH
2026-01-06 10:06:01+00:00,2026-01-06 10:13:52.458243+00:00,361.0,3224.851,3224.85,3224.96,ETH
2026-01-06 10:06:02+00:00,2026-01-06 10:13:53.457560+00:00,362.0,3224.831,3224.8,3225.06,ETH
2026-01-06 10:06:03+00:00,2026-01-06 10:13:54.439379+00:00,363.0,3224.831,3224.79,3225.08,ETH
2026-01-06 10:06:04+00:00,2026-01-06 10:13:55.439150+00:00,364.0,3224.821,3224.78,3225.05,ETH
2026-01-06 10:06:05+00:00,2026-01-06 10:13:56.461799+00:00,365.0,3224.791,3224.75,3225.09,ETH
2026-01-06 10:06:06+00:00,2026-01-06 10:13:57.451181+00:00,366.0,3224.791,3224.74,3225.09,ETH
2026-01-06 10:06:07+00:00,2026-01-06 10:13:58.459500+00:00,367.0,3224.661,3224.6,3224.84,ETH
2026-01-06 10:06:08+00:00,2026-01-06 10:13:59.436373+00:00,368.0,3224.471,3224.42,3224.53,ETH
2026-01-06 10:06:09+00:00,2026-01-06 10:14:00.693004+00:00,369.0,3224.421,3224.39,3224.51,ETH
2026-01-06 10:06:10+00:00,2026-01-06 10:14:01.708734+00:00,370.0,3224.461,3224.4,3224.62,ETH
2026-01-06 10:06:11+00:00,2026-01-06 10:14:02.722371+00:00,371.0,3224.521,3224.44,3224.7,ETH
2026-01-06 10:06:12+00:00,2026-01-06 10:14:03.705860+00:00,372.0,3224.491,3224.44,3224.66,ETH
2026-01-06 10:06:13+00:00,2026-01-06 10:14:04.714296+00:00,373.0,3224.451,3224.4,3224.57,ETH
2026-01-06 10:06:14+00:00,2026-01-06 10:14:05.739794+00:00,374.0,3224.471,3224.42,3224.52,ETH
2026-01-06 10:06:15+00:00,2026-01-06 10:14:06.724693+00:00,375.0,3224.491,3224.46,3224.56,ETH
2026-01-06 10:06:16+00:00,2026-01-06 10:14:07.722679+00:00,376.0,3224.501,3224.48,3224.65,ETH
2026-01-06 10:06:17+00:00,2026-01-06 10:14:08.728295+00:00,377.0,3224.511,3224.48,3224.65,ETH
2026-01-06 10:06:18+00:00,2026-01-06 10:14:09.727267+00:00,378.0,3224.541,3224.51,3224.61,ETH
2026-01-06 10:06:19+00:00,2026-01-06 10:14:10.719140+00:00,379.0,3224.501,3224.47,3224.58,ETH
2026-01-06 10:06:20+00:00,2026-01-06 10:14:11.710341+00:00,380.0,3224.431,3224.4,3224.54,ETH
2026-01-06 10:06:21+00:00,2026-01-06 10:14:12.712315+00:00,381.0,3224.401,3224.4,3224.52,ETH
2026-01-06 10:06:22+00:00,2026-01-06 10:14:13.722673+00:00,382.0,3224.421,3224.4,3224.54,ETH
2026-01-06 10:06:23+00:00,2026-01-06 10:14:14.725515+00:00,383.0,3224.441,3224.4,3224.55,ETH
2026-01-06 10:06:24+00:00,2026-01-06 10:14:15.729073+00:00,384.0,3224.421,3224.38,3224.49,ETH
2026-01-06 10:06:25+00:00,2026-01-06 10:14:16.726746+00:00,385.0,3224.231,3224.18,3224.39,ETH
2026-01-06 10:06:26+00:00,2026-01-06 10:14:17.726706+00:00,386.0,3224.101,3224.05,3224.32,ETH
2026-01-06 10:06:27+00:00,2026-01-06 10:14:18.745355+00:00,387.0,3224.201,3224.15,3224.32,ETH
2026-01-06 10:06:28+00:00,2026-01-06 10:14:19.734511+00:00,388.0,3224.261,3224.22,3224.32,ETH
2026-01-06 10:06:29+00:00,2026-01-06 10:14:20.743302+00:00,389.0,3224.291,3224.25,3224.35,ETH
2026-01-06 10:06:30+00:00,2026-01-06 10:14:21.741709+00:00,390.0,3224.301,3224.26,3224.38,ETH
2026-01-06 10:06:31+00:00,2026-01-06 10:14:22.742786+00:00,391.0,3224.291,3224.25,3224.36,ETH
2026-01-06 10:06:32+00:00,2026-01-06 10:14:23.770218+00:00,392.0,3224.301,3224.26,3224.34,ETH
2026-01-06 10:06:33+00:00,2026-01-06 10:14:24.776536+00:00,393.0,3224.311,3224.29,3224.41,ETH
2026-01-06 10:06:34+00:00,2026-01-06 10:14:25.792172+00:00,394.0,3224.351,3224.33,3224.47,ETH
2026-01-06 10:06:35+00:00,2026-01-06 10:14:26.809400+00:00,395.0,3224.481,3224.43,3224.51,ETH
2026-01-06 10:06:36+00:00,2026-01-06 10:14:27.813450+00:00,396.0,3224.691,3224.57,3224.73,ETH
2026-01-06 10:06:37+00:00,2026-01-06 10:14:28.808986+00:00,397.0,3224.721,3224.61,3224.86,ETH
2026-01-06 10:06:38+00:00,2026-01-06 10:14:29.823857+00:00,398.0,3224.641,3224.61,3224.76,ETH
2026-01-06 10:06:39+00:00,2026-01-06 10:14:30.825677+00:00,399.0,3224.661,3224.62,3224.76,ETH
2026-01-06 10:06:40+00:00,2026-01-06 10:14:31.839748+00:00,400.0,3224.581,3224.54,3224.78,ETH
2026-01-06 10:06:41+00:00,2026-01-06 10:14:32.858950+00:00,401.0,3224.501,3224.49,3224.71,ETH
2026-01-06 10:06:42+00:00,2026-01-06 10:14:33.858987+00:00,402.0,3224.581,3224.53,3224.71,ETH
2026-01-06 10:06:43+00:00,2026-01-06 10:14:34.876088+00:00,403.0,3224.691,3224.6,3224.78,ETH
2026-01-06 10:06:44+00:00,2026-01-06 10:14:35.876349+00:00,404.0,3224.791,3224.65,3224.91,ETH
2026-01-06 10:06:45+00:00,2026-01-06 10:14:36.859358+00:00,405.0,3224.831,3224.67,3224.93,ETH
2026-01-06 10:06:46+00:00,2026-01-06 10:14:37.872817+00:00,406.0,3224.791,3224.7,3224.85,ETH
2026-01-06 10:06:47+00:00,2026-01-06 10:14:38.878566+00:00,407.0,3224.631,3224.56,3224.7,ETH
2026-01-06 10:06:48+00:00,2026-01-06 10:14:39.892240+00:00,408.0,3224.431,3224.34,3224.48,ETH
2026-01-06 10:06:49+00:00,2026-01-06 10:14:40.889799+00:00,409.0,3224.331,3224.3,3224.39,ETH
2026-01-06 10:06:50+00:00,2026-01-06 10:14:41.888694+00:00,410.0,3224.311,3224.27,3224.36,ETH
2026-01-06 10:06:51+00:00,2026-01-06 10:14:42.891897+00:00,411.0,3224.291,3224.25,3224.37,ETH
2026-01-06 10:06:52+00:00,2026-01-06 10:14:43.892064+00:00,412.0,3224.361,3224.33,3224.47,ETH
2026-01-06 10:06:53+00:00,2026-01-06 10:14:44.907191+00:00,413.0,3224.321,3224.3,3224.46,ETH
2026-01-06 10:06:54+00:00,2026-01-06 10:14:45.907295+00:00,414.0,3224.251,3224.21,3224.35,ETH
2026-01-06 10:06:55+00:00,2026-01-06 10:14:46.921037+00:00,415.0,3224.261,3224.23,3224.31,ETH
2026-01-06 10:06:56+00:00,2026-01-06 10:14:47.924640+00:00,416.0,3224.261,3224.24,3224.31,ETH
2026-01-06 10:06:57+00:00,2026-01-06 10:14:48.927115+00:00,417.0,3224.281,3224.27,3224.36,ETH
2026-01-06 10:06:58+00:00,2026-01-06 10:14:49.924036+00:00,418.0,3224.321,3224.29,3224.4,ETH
2026-01-06 10:06:59+00:00,2026-01-06 10:14:50.923493+00:00,419.0,3224.361,3224.32,3224.4,ETH
2026-01-06 10:07:00+00:00,2026-01-06 10:14:51.939449+00:00,420.0,3224.591,3224.44,3224.75,ETH
2026-01-06 10:07:01+00:00,2026-01-06 10:14:52.942249+00:00,421.0,3225.151,3224.87,3225.33,ETH
2026-01-06 10:07:02+00:00,2026-01-06 10:14:53.954169+00:00,422.0,3225.481,3225.3,3225.63,ETH
2026-01-06 10:07:03+00:00,2026-01-06 10:14:54.941763+00:00,423.0,3225.491,3225.4,3225.72,ETH
2026-01-06 10:07:04+00:00,2026-01-06 10:14:55.949324+00:00,424.0,3225.491,3225.41,3225.74,ETH
2026-01-06 10:07:05+00:00,2026-01-06 10:14:56.956051+00:00,425.0,3225.491,3225.41,3225.76,ETH
2026-01-06 10:07:06+00:00,2026-01-06 10:14:57.950688+00:00,426.0,3225.491,3225.41,3225.76,ETH
2026-01-06 10:07:07+00:00,2026-01-06 10:14:58.959073+00:00,427.0,3225.491,3225.41,3225.63,ETH
2026-01-06 10:07:08+00:00,2026-01-06 10:14:59.971189+00:00,428.0,3225.491,3225.41,3225.6,ETH
2026-01-06 10:07:09+00:00,2026-01-06 10:15:00.975236+00:00,429.0,3225.401,3225.36,3225.49,ETH
2026-01-06 10:07:10+00:00,2026-01-06 10:15:01.984147+00:00,430.0,3225.431,3225.38,3225.49,ETH
2026-01-06 10:07:11+00:00,2026-01-06 10:15:02.991416+00:00,431.0,3225.441,3225.39,3225.49,ETH
2026-01-06 10:07:12+00:00,2026-01-06 10:15:03.994291+00:00,432.0,3225.441,3225.4,3225.49,ETH
2026-01-06 10:07:13+00:00,2026-01-06 10:15:05.006030+00:00,433.0,3225.381,3225.34,3225.49,ETH
2026-01-06 10:07:14+00:00,2026-01-06 10:15:06.008494+00:00,434.0,3225.361,3225.32,3225.49,ETH
2026-01-06 10:07:15+00:00,2026-01-06 10:15:07.003969+00:00,435.0,3225.231,3225.13,3225.42,ETH
2026-01-06 10:07:16+00:00,2026-01-06 10:15:08.014770+00:00,436.0,3225.171,3225.12,3225.37,ETH
2026-01-06 10:07:17+00:00,2026-01-06 10:15:09.018121+00:00,437.0,3225.251,3225.21,3225.42,ETH
2026-01-06 10:07:18+00:00,2026-01-06 10:15:10.016447+00:00,438.0,3225.201,3225.16,3225.42,ETH
2026-01-06 10:07:19+00:00,2026-01-06 10:15:11.025944+00:00,439.0,3225.181,3225.14,3225.42,ETH
2026-01-06 10:07:20+00:00,2026-01-06 10:15:12.030417+00:00,440.0,3225.181,3225.14,3225.42,ETH
2026-01-06 10:07:21+00:00,2026-01-06 10:15:13.034798+00:00,441.0,3225.191,3225.14,3225.42,ETH
2026-01-06 10:07:22+00:00,2026-01-06 10:15:14.031930+00:00,442.0,3225.151,3225.11,3225.38,ETH
2026-01-06 10:07:23+00:00,2026-01-06 10:15:15.032164+00:00,443.0,3225.161,3225.12,3225.38,ETH
2026-01-06 10:07:24+00:00,2026-01-06 10:15:16.053647+00:00,444.0,3225.211,3225.16,3225.39,ETH
2026-01-06 10:07:25+00:00,2026-01-06 10:15:17.038770+00:00,445.0,3225.231,3225.18,3225.42,ETH
2026-01-06 10:07:26+00:00,2026-01-06 10:15:18.049191+00:00,446.0,3225.201,3225.15,3225.42,ETH
2026-01-06 10:07:27+00:00,2026-01-06 10:15:19.076357+00:00,447.0,3225.131,3225.09,3225.42,ETH
2026-01-06 10:07:28+00:00,2026-01-06 10:15:20.105059+00:00,448.0,3225.181,3225.14,3225.42,ETH
2026-01-06 10:07:29+00:00,2026-01-06 10:15:21.123915+00:00,449.0,3225.221,3225.18,3225.38,ETH
2026-01-06 10:07:30+00:00,2026-01-06 10:15:22.119212+00:00,450.0,3225.221,3225.18,3225.42,ETH
2026-01-06 10:07:31+00:00,2026-01-06 10:15:24.123506+00:00,451.0,3225.321,3225.22,3225.42,ETH
2026-01-06 10:07:32+00:00,2026-01-06 10:15:25.135540+00:00,452.0,3225.271,3225.21,3225.41,ETH
2026-01-06 10:07:33+00:00,2026-01-06 10:15:26.152355+00:00,453.0,3225.261,3225.21,3225.41,ETH
2026-01-06 10:07:35+00:00,2026-01-06 10:15:27.190916+00:00,455.0,3225.281,3225.24,3225.42,ETH
2026-01-06 10:07:36+00:00,2026-01-06 10:15:28.195820+00:00,456.0,3225.251,3225.21,3225.36,ETH
2026-01-06 10:07:37+00:00,2026-01-06 10:15:29.205175+00:00,457.0,3225.301,3225.23,3225.36,ETH
2026-01-06 10:07:38+00:00,2026-01-06 10:15:30.194237+00:00,458.0,3225.241,3225.2,3225.36,ETH
2026-01-06 10:07:39+00:00,2026-01-06 10:15:31.208482+00:00,459.0,3225.241,3225.2,3225.36,ETH
2026-01-06 10:07:40+00:00,2026-01-06 10:15:32.221110+00:00,460.0,3225.161,3225.12,3225.36,ETH
2026-01-06 10:07:41+00:00,2026-01-06 10:15:33.233867+00:00,461.0,3225.101,3225.04,3225.21,ETH
2026-01-06 10:07:42+00:00,2026-01-06 10:15:34.239908+00:00,462.0,3224.701,3224.7,3224.77,ETH
2026-01-06 10:07:43+00:00,2026-01-06 10:15:35.236510+00:00,463.0,3224.701,3224.69,3224.82,ETH
2026-01-06 10:07:44+00:00,2026-01-06 10:15:36.233383+00:00,464.0,3224.701,3224.69,3224.79,ETH
2026-01-06 10:07:45+00:00,2026-01-06 10:15:37.233859+00:00,465.0,3224.701,3224.69,3224.78,ETH
2026-01-06 10:07:46+00:00,2026-01-06 10:15:38.233362+00:00,466.0,3224.701,3224.69,3224.81,ETH
2026-01-06 10:07:47+00:00,2026-01-06 10:15:39.242965+00:00,467.0,3224.701,3224.69,3224.8,ETH
2026-01-06 10:07:48+00:00,2026-01-06 10:15:40.236352+00:00,468.0,3224.701,3224.69,3224.82,ETH
2026-01-06 10:07:49+00:00,2026-01-06 10:15:41.266676+00:00,469.0,3224.711,3224.7,3224.79,ETH
2026-01-06 10:07:50+00:00,2026-01-06 10:15:42.284203+00:00,470.0,3224.661,3224.62,3224.71,ETH
2026-01-06 10:07:51+00:00,2026-01-06 10:15:43.265842+00:00,471.0,3224.681,3224.66,3224.81,ETH
2026-01-06 10:07:52+00:00,2026-01-06 10:15:44.287491+00:00,472.0,3224.701,3224.69,3224.9,ETH
2026-01-06 10:07:53+00:00,2026-01-06 10:15:45.273585+00:00,473.0,3224.951,3224.9,3225.06,ETH
2026-01-06 10:07:54+00:00,2026-01-06 10:15:47.300515+00:00,474.0,3224.921,3224.89,3225.01,ETH
2026-01-06 10:07:55+00:00,2026-01-06 10:15:48.307783+00:00,475.0,3224.921,3224.89,3225.02,ETH
2026-01-06 10:07:56+00:00,2026-01-06 10:15:49.331296+00:00,476.0,3224.811,3224.79,3224.94,ETH
2026-01-06 10:07:57+00:00,2026-01-06 10:15:50.337741+00:00,477.0,3224.791,3224.7,3224.98,ETH
2026-01-06 10:07:58+00:00,2026-01-06 10:15:51.352188+00:00,478.0,3224.861,3224.7,3225.03,ETH
2026-01-06 10:07:59+00:00,2026-01-06 10:15:52.336217+00:00,479.0,3224.831,3224.75,3224.95,ETH
2026-01-06 10:08:00+00:00,2026-01-06 10:15:53.353061+00:00,480.0,3224.861,3224.84,3224.99,ETH
2026-01-06 10:08:01+00:00,2026-01-06 10:15:54.370925+00:00,481.0,3224.981,3224.94,3225.21,ETH
2026-01-06 10:08:02+00:00,2026-01-06 10:15:55.383025+00:00,482.0,3225.121,3225.06,3225.31,ETH
2026-01-06 10:08:03+00:00,2026-01-06 10:15:56.398016+00:00,483.0,3225.181,3225.14,3225.28,ETH
2026-01-06 10:08:04+00:00,2026-01-06 10:15:57.405115+00:00,484.0,3225.191,3225.13,3225.28,ETH
2026-01-06 10:08:05+00:00,2026-01-06 10:15:58.418675+00:00,485.0,3225.191,3225.12,3225.28,ETH
2026-01-06 10:08:06+00:00,2026-01-06 10:15:59.425252+00:00,486.0,3225.191,3225.11,3225.28,ETH
2026-01-06 10:08:07+00:00,2026-01-06 10:16:00.438869+00:00,487.0,3225.161,3225.07,3225.27,ETH
2026-01-06 10:08:08+00:00,2026-01-06 10:16:01.432930+00:00,488.0,3225.111,3225.03,3225.26,ETH
2026-01-06 10:08:09+00:00,2026-01-06 10:16:02.441851+00:00,489.0,3225.121,3225.07,3225.26,ETH
2026-01-06 10:08:10+00:00,2026-01-06 10:16:03.434229+00:00,490.0,3225.191,3225.14,3225.26,ETH
2026-01-06 10:08:11+00:00,2026-01-06 10:16:04.434242+00:00,491.0,3225.211,3225.16,3225.27,ETH
2026-01-06 10:08:12+00:00,2026-01-06 10:16:05.433897+00:00,492.0,3225.201,3225.15,3225.27,ETH
2026-01-06 10:08:13+00:00,2026-01-06 10:16:06.457247+00:00,493.0,3225.131,3225.07,3225.23,ETH
2026-01-06 10:08:14+00:00,2026-01-06 10:16:07.465476+00:00,494.0,3225.071,3224.98,3225.21,ETH
2026-01-06 10:08:15+00:00,2026-01-06 10:16:08.466240+00:00,495.0,3225.081,3224.96,3225.25,ETH
2026-01-06 10:08:16+00:00,2026-01-06 10:16:09.489553+00:00,496.0,3225.091,3224.95,3225.27,ETH
2026-01-06 10:08:17+00:00,2026-01-06 10:16:10.502994+00:00,497.0,3224.911,3224.91,3225.0,ETH
2026-01-06 10:08:18+00:00,2026-01-06 10:16:11.519150+00:00,498.0,3224.891,3224.83,3225.25,ETH
2026-01-06 10:08:19+00:00,2026-01-06 10:16:12.528987+00:00,499.0,3225.041,3224.94,3225.22,ETH
2026-01-06 10:08:20+00:00,2026-01-06 10:16:13.532262+00:00,500.0,3225.111,3225.07,3225.25,ETH
2026-01-06 10:08:21+00:00,2026-01-06 10:16:14.524071+00:00,501.0,3225.251,3225.21,3225.29,ETH
2026-01-06 10:08:22+00:00,2026-01-06 10:16:15.548200+00:00,502.0,3225.211,3225.19,3225.26,ETH
2026-01-06 10:08:23+00:00,2026-01-06 10:16:16.554705+00:00,503.0,3225.231,3225.19,3225.27,ETH
2026-01-06 10:08:24+00:00,2026-01-06 10:16:17.555514+00:00,504.0,3225.261,3225.17,3225.31,ETH
2026-01-06 10:08:25+00:00,2026-01-06 10:16:18.558060+00:00,505.0,3225.301,3225.17,3225.42,ETH
2026-01-06 10:08:26+00:00,2026-01-06 10:16:19.557417+00:00,506.0,3225.371,3225.33,3225.42,ETH
2026-01-06 10:08:27+00:00,2026-01-06 10:16:20.586788+00:00,507.0,3225.591,3225.4,3225.72,ETH
2026-01-06 10:08:28+00:00,2026-01-06 10:16:21.568924+00:00,508.0,3225.711,3225.63,3225.78,ETH
2026-01-06 10:08:29+00:00,2026-01-06 10:16:22.708493+00:00,509.0,3225.691,3225.62,3225.74,ETH
2026-01-06 10:08:30+00:00,2026-01-06 10:16:23.708495+00:00,510.0,3225.701,3225.61,3225.76,ETH
2026-01-06 10:08:31+00:00,2026-01-06 10:16:24.722095+00:00,511.0,3225.701,3225.61,3225.76,ETH
2026-01-06 10:08:32+00:00,2026-01-06 10:16:25.721174+00:00,512.0,3225.701,3225.6,3225.79,ETH
2026-01-06 10:08:33+00:00,2026-01-06 10:16:26.715863+00:00,513.0,3225.701,3225.59,3225.82,ETH
2026-01-06 10:08:34+00:00,2026-01-06 10:16:27.699354+00:00,514.0,3225.701,3225.6,3225.81,ETH
2026-01-06 10:08:35+00:00,2026-01-06 10:16:28.705130+00:00,515.0,3225.701,3225.6,3225.8,ETH
2026-01-06 10:08:36+00:00,2026-01-06 10:16:29.703348+00:00,516.0,3225.701,3225.6,3225.82,ETH
2026-01-06 10:08:37+00:00,2026-01-06 10:16:30.701457+00:00,517.0,3225.701,3225.6,3225.79,ETH
2026-01-06 10:08:38+00:00,2026-01-06 10:16:31.706596+00:00,518.0,3225.701,3225.61,3225.77,ETH
2026-01-06 10:08:39+00:00,2026-01-06 10:16:32.710468+00:00,519.0,3225.701,3225.61,3225.77,ETH
2026-01-06 10:08:40+00:00,2026-01-06 10:16:33.714411+00:00,520.0,3225.681,3225.59,3225.73,ETH
2026-01-06 10:08:41+00:00,2026-01-06 10:16:34.715470+00:00,521.0,3225.701,3225.56,3225.75,ETH
2026-01-06 10:08:42+00:00,2026-01-06 10:16:35.730856+00:00,522.0,3225.841,3225.69,3225.93,ETH
2026-01-06 10:08:43+00:00,2026-01-06 10:16:36.741891+00:00,523.0,3225.941,3225.83,3226.07,ETH
2026-01-06 10:08:44+00:00,2026-01-06 10:16:37.735464+00:00,524.0,3226.011,3225.9,3226.13,ETH
2026-01-06 10:08:45+00:00,2026-01-06 10:16:38.731986+00:00,525.0,3226.011,3225.9,3226.26,ETH
2026-01-06 10:08:46+00:00,2026-01-06 10:16:39.748097+00:00,526.0,3226.011,3225.9,3226.26,ETH
2026-01-06 10:08:47+00:00,2026-01-06 10:16:40.750233+00:00,527.0,3225.971,3225.91,3226.26,ETH
2026-01-06 10:08:48+00:00,2026-01-06 10:16:41.744568+00:00,528.0,3225.961,3225.84,3226.3,ETH
2026-01-06 10:08:49+00:00,2026-01-06 10:16:42.752061+00:00,529.0,3226.001,3225.85,3226.24,ETH
2026-01-06 10:08:50+00:00,2026-01-06 10:16:43.749262+00:00,530.0,3226.001,3225.85,3226.27,ETH
2026-01-06 10:08:51+00:00,2026-01-06 10:16:44.767986+00:00,531.0,3226.001,3225.92,3226.29,ETH
2026-01-06 10:08:52+00:00,2026-01-06 10:16:45.772741+00:00,532.0,3225.931,3225.88,3226.13,ETH
2026-01-06 10:08:53+00:00,2026-01-06 10:16:46.802305+00:00,533.0,3226.011,3225.91,3226.16,ETH
2026-01-06 10:08:54+00:00,2026-01-06 10:16:47.797824+00:00,534.0,3225.991,3225.91,3226.32,ETH
2026-01-06 10:08:55+00:00,2026-01-06 10:16:48.823205+00:00,535.0,3225.931,3225.87,3226.09,ETH
2026-01-06 10:08:56+00:00,2026-01-06 10:16:49.819694+00:00,536.0,3225.931,3225.87,3226.09,ETH
2026-01-06 10:08:57+00:00,2026-01-06 10:16:50.817590+00:00,537.0,3225.851,3225.77,3226.17,ETH
2026-01-06 10:08:58+00:00,2026-01-06 10:16:51.822849+00:00,538.0,3225.961,3225.83,3226.15,ETH
2026-01-06 10:08:59+00:00,2026-01-06 10:16:52.817626+00:00,539.0,3225.941,3225.87,3226.18,ETH
2026-01-06 10:09:00+00:00,2026-01-06 10:16:53.820482+00:00,540.0,3225.931,3225.88,3226.24,ETH
2026-01-06 10:09:01+00:00,2026-01-06 10:16:54.833011+00:00,541.0,3225.991,3225.94,3226.24,ETH
2026-01-06 10:09:02+00:00,2026-01-06 10:16:55.816756+00:00,542.0,3225.991,3225.94,3226.23,ETH
2026-01-06 10:09:03+00:00,2026-01-06 10:16:56.863666+00:00,543.0,3225.991,3225.94,3226.24,ETH
2026-01-06 10:09:04+00:00,2026-01-06 10:16:57.900124+00:00,544.0,3225.991,3225.93,3226.17,ETH
2026-01-06 10:09:05+00:00,2026-01-06 10:16:58.888795+00:00,545.0,3226.061,3225.94,3226.19,ETH
2026-01-06 10:09:06+00:00,2026-01-06 10:16:59.898417+00:00,546.0,3226.001,3225.94,3226.16,ETH
2026-01-06 10:09:07+00:00,2026-01-06 10:17:00.918184+00:00,547.0,3226.001,3225.94,3226.07,ETH
2026-01-06 10:09:08+00:00,2026-01-06 10:17:02.922190+00:00,548.0,3226.001,3225.9,3226.06,ETH
2026-01-06 10:09:09+00:00,2026-01-06 10:17:03.922879+00:00,549.0,3226.021,3225.9,3226.08,ETH
2026-01-06 10:09:10+00:00,2026-01-06 10:17:04.915512+00:00,550.0,3226.031,3225.91,3226.11,ETH
2026-01-06 10:09:11+00:00,2026-01-06 10:17:05.940475+00:00,551.0,3226.031,3225.91,3226.1,ETH
2026-01-06 10:09:12+00:00,2026-01-06 10:17:07.036297+00:00,552.0,3226.031,3225.91,3226.08,ETH
2026-01-06 10:09:13+00:00,2026-01-06 10:17:08.027339+00:00,553.0,3226.031,3225.92,3226.12,ETH
2026-01-06 10:09:14+00:00,2026-01-06 10:17:09.046101+00:00,554.0,3226.031,3225.92,3226.19,ETH
2026-01-06 10:09:15+00:00,2026-01-06 10:17:10.050768+00:00,555.0,3225.611,3225.38,3225.75,ETH
2026-01-06 10:09:16+00:00,2026-01-06 10:17:11.068183+00:00,556.0,3225.011,3224.82,3225.18,ETH
2026-01-06 10:09:17+00:00,2026-01-06 10:17:12.077405+00:00,557.0,3224.841,3224.8,3224.99,ETH
2026-01-06 10:09:18+00:00,2026-01-06 10:17:13.095836+00:00,558.0,3224.861,3224.82,3224.92,ETH
2026-01-06 10:09:19+00:00,2026-01-06 10:17:14.100993+00:00,559.0,3224.851,3224.81,3224.92,ETH
2026-01-06 10:09:20+00:00,2026-01-06 10:17:15.098210+00:00,560.0,3224.841,3224.8,3224.92,ETH
2026-01-06 10:09:21+00:00,2026-01-06 10:17:16.097394+00:00,561.0,3224.961,3224.92,3225.03,ETH
2026-01-06 10:09:22+00:00,2026-01-06 10:17:17.102274+00:00,562.0,3225.081,3225.01,3225.14,ETH
2026-01-06 10:09:23+00:00,2026-01-06 10:17:18.097584+00:00,563.0,3225.051,3224.99,3225.13,ETH
2026-01-06 10:09:24+00:00,2026-01-06 10:17:19.101065+00:00,564.0,3225.021,3224.96,3225.14,ETH
2026-01-06 10:09:25+00:00,2026-01-06 10:17:20.094323+00:00,565.0,3224.981,3224.94,3225.14,ETH
2026-01-06 10:09:26+00:00,2026-01-06 10:17:21.118553+00:00,566.0,3224.841,3224.82,3224.99,ETH
2026-01-06 10:09:27+00:00,2026-01-06 10:17:22.116615+00:00,567.0,3224.791,3224.75,3224.87,ETH
2026-01-06 10:09:28+00:00,2026-01-06 10:17:23.116822+00:00,568.0,3224.841,3224.8,3224.89,ETH
2026-01-06 10:09:29+00:00,2026-01-06 10:17:24.119345+00:00,569.0,3224.851,3224.81,3224.9,ETH
2026-01-06 10:09:30+00:00,2026-01-06 10:17:25.131582+00:00,570.0,3224.831,3224.8,3224.87,ETH
2026-01-06 10:09:31+00:00,2026-01-06 10:17:26.147615+00:00,571.0,3224.941,3224.89,3224.99,ETH
2026-01-06 10:09:32+00:00,2026-01-06 10:17:27.146274+00:00,572.0,3225.071,3225.0,3225.13,ETH
2026-01-06 10:09:33+00:00,2026-01-06 10:17:28.199417+00:00,573.0,3225.151,3225.0,3225.29,ETH
2026-01-06 10:09:34+00:00,2026-01-06 10:17:29.184741+00:00,574.0,3225.161,3225.0,3225.31,ETH
2026-01-06 10:09:35+00:00,2026-01-06 10:17:30.198779+00:00,575.0,3225.161,3225.03,3225.35,ETH
2026-01-06 10:09:36+00:00,2026-01-06 10:17:31.202592+00:00,576.0,3225.191,3225.04,3225.47,ETH
2026-01-06 10:09:37+00:00,2026-01-06 10:17:32.205824+00:00,577.0,3225.371,3225.23,3225.58,ETH
2026-01-06 10:09:38+00:00,2026-01-06 10:17:33.199047+00:00,578.0,3225.601,3225.48,3225.68,ETH
2026-01-06 10:09:39+00:00,2026-01-06 10:17:34.213075+00:00,579.0,3225.831,3225.73,3225.9,ETH
2026-01-06 10:09:40+00:00,2026-01-06 10:17:35.226558+00:00,580.0,3226.031,3225.95,3226.09,ETH
2026-01-06 10:09:41+00:00,2026-01-06 10:17:36.231707+00:00,581.0,3226.081,3225.95,3226.15,ETH
2026-01-06 10:09:42+00:00,2026-01-06 10:17:37.249988+00:00,582.0,3226.011,3225.88,3226.15,ETH
2026-01-06 10:09:43+00:00,2026-01-06 10:17:38.265990+00:00,583.0,3226.031,3225.84,3226.19,ETH
2026-01-06 10:09:44+00:00,2026-01-06 10:17:39.266489+00:00,584.0,3226.111,3225.89,3226.21,ETH
2026-01-06 10:09:45+00:00,2026-01-06 10:17:40.287518+00:00,585.0,3226.131,3225.96,3226.22,ETH
2026-01-06 10:09:46+00:00,2026-01-06 10:17:41.268835+00:00,586.0,3226.081,3225.96,3226.22,ETH
2026-01-06 10:09:47+00:00,2026-01-06 10:17:42.284191+00:00,587.0,3226.051,3225.96,3226.22,ETH
2026-01-06 10:09:48+00:00,2026-01-06 10:17:43.285689+00:00,588.0,3226.111,3225.97,3226.28,ETH
2026-01-06 10:09:49+00:00,2026-01-06 10:17:44.287587+00:00,589.0,3226.301,3226.11,3226.41,ETH
2026-01-06 10:09:50+00:00,2026-01-06 10:17:45.303619+00:00,590.0,3226.491,3226.31,3226.56,ETH
2026-01-06 10:09:51+00:00,2026-01-06 10:17:46.298240+00:00,591.0,3226.531,3226.37,3226.64,ETH
2026-01-06 10:09:52+00:00,2026-01-06 10:17:47.314241+00:00,592.0,3226.521,3226.36,3226.64,ETH
2026-01-06 10:09:53+00:00,2026-01-06 10:17:48.315194+00:00,593.0,3226.531,3226.36,3226.64,ETH
2026-01-06 10:09:54+00:00,2026-01-06 10:17:49.333583+00:00,594.0,3226.521,3226.36,3226.64,ETH
2026-01-06 10:09:55+00:00,2026-01-06 10:17:50.332983+00:00,595.0,3226.511,3226.36,3226.64,ETH
2026-01-06 10:09:56+00:00,2026-01-06 10:17:51.348050+00:00,596.0,3226.321,3226.25,3226.45,ETH
2026-01-06 10:09:57+00:00,2026-01-06 10:17:52.351443+00:00,597.0,3226.141,3226.13,3226.25,ETH
2026-01-06 10:09:58+00:00,2026-01-06 10:17:53.361009+00:00,598.0,3226.141,3226.13,3226.26,ETH
2026-01-06 10:09:59+00:00,2026-01-06 10:17:54.369732+00:00,599.0,3226.121,3226.09,3226.28,ETH
2026-01-06 10:10:00+00:00,2026-01-06 10:17:55.367976+00:00,600.0,3226.261,3226.03,3226.38,ETH
2026-01-06 10:10:01+00:00,2026-01-06 10:17:56.367612+00:00,601.0,3226.411,3226.07,3226.47,ETH
2026-01-06 10:10:02+00:00,2026-01-06 10:17:57.387018+00:00,602.0,3226.421,3226.18,3226.5,ETH
2026-01-06 10:10:03+00:00,2026-01-06 10:17:58.398452+00:00,603.0,3226.531,3226.31,3226.58,ETH
2026-01-06 10:10:04+00:00,2026-01-06 10:17:59.417260+00:00,604.0,3226.691,3226.49,3226.75,ETH
2026-01-06 10:10:05+00:00,2026-01-06 10:18:00.416422+00:00,605.0,3226.781,3226.59,3226.85,ETH
2026-01-06 10:10:06+00:00,2026-01-06 10:18:01.434017+00:00,606.0,3226.751,3226.6,3226.81,ETH
2026-01-06 10:10:07+00:00,2026-01-06 10:18:02.446246+00:00,607.0,3226.751,3226.6,3226.89,ETH
2026-01-06 10:10:08+00:00,2026-01-06 10:18:03.447069+00:00,608.0,3226.781,3226.59,3226.96,ETH
2026-01-06 10:10:09+00:00,2026-01-06 10:18:04.449634+00:00,609.0,3226.891,3226.69,3227.03,ETH
2026-01-06 10:10:10+00:00,2026-01-06 10:18:05.449632+00:00,610.0,3227.031,3226.83,3227.12,ETH
2026-01-06 10:10:11+00:00,2026-01-06 10:18:06.467996+00:00,611.0,3227.291,3227.09,3227.42,ETH
2026-01-06 10:10:12+00:00,2026-01-06 10:18:07.462740+00:00,612.0,3227.621,3227.51,3228.01,ETH
2026-01-06 10:10:13+00:00,2026-01-06 10:18:08.449939+00:00,613.0,3227.891,3227.86,3228.3,ETH
2026-01-06 10:10:14+00:00,2026-01-06 10:18:09.447476+00:00,614.0,3228.041,3228.0,3228.33,ETH
2026-01-06 10:10:15+00:00,2026-01-06 10:18:10.466106+00:00,615.0,3228.221,3228.08,3228.4,ETH
2026-01-06 10:10:16+00:00,2026-01-06 10:18:11.462910+00:00,616.0,3228.471,3228.16,3228.64,ETH
2026-01-06 10:10:17+00:00,2026-01-06 10:18:12.465171+00:00,617.0,3228.671,3228.4,3228.86,ETH
2026-01-06 10:10:18+00:00,2026-01-06 10:18:13.479299+00:00,618.0,3228.761,3228.65,3228.89,ETH
2026-01-06 10:10:19+00:00,2026-01-06 10:18:14.499100+00:00,619.0,3228.771,3228.66,3228.97,ETH
2026-01-06 10:10:20+00:00,2026-01-06 10:18:15.478697+00:00,620.0,3228.831,3228.66,3229.05,ETH
2026-01-06 10:10:21+00:00,2026-01-06 10:18:16.497064+00:00,621.0,3228.731,3228.68,3229.05,ETH
2026-01-06 10:10:22+00:00,2026-01-06 10:18:17.500388+00:00,622.0,3228.781,3228.72,3229.2,ETH
2026-01-06 10:10:23+00:00,2026-01-06 10:18:18.512936+00:00,623.0,3228.811,3228.77,3229.04,ETH
2026-01-06 10:10:24+00:00,2026-01-06 10:18:19.528933+00:00,624.0,3228.981,3228.94,3229.33,ETH
2026-01-06 10:10:25+00:00,2026-01-06 10:18:20.549865+00:00,625.0,3228.961,3228.91,3229.33,ETH
2026-01-06 10:10:26+00:00,2026-01-06 10:18:21.552775+00:00,626.0,3228.991,3228.95,3229.3,ETH
2026-01-06 10:10:27+00:00,2026-01-06 10:18:22.567225+00:00,627.0,3228.821,3228.77,3229.1,ETH
2026-01-06 10:10:28+00:00,2026-01-06 10:18:23.580550+00:00,628.0,3229.031,3228.89,3229.07,ETH
2026-01-06 10:10:29+00:00,2026-01-06 10:18:24.591366+00:00,629.0,3229.011,3228.89,3229.04,ETH
2026-01-06 10:10:30+00:00,2026-01-06 10:18:25.608598+00:00,630.0,3228.961,3228.88,3229.04,ETH
2026-01-06 10:10:31+00:00,2026-01-06 10:18:26.613115+00:00,631.0,3229.011,3228.87,3229.06,ETH
2026-01-06 10:10:32+00:00,2026-01-06 10:18:27.625957+00:00,632.0,3229.091,3229.02,3229.34,ETH
2026-01-06 10:10:33+00:00,2026-01-06 10:18:28.632875+00:00,633.0,3229.391,3229.32,3229.42,ETH
2026-01-06 10:10:34+00:00,2026-01-06 10:18:29.650615+00:00,634.0,3229.601,3229.5,3229.92,ETH
2026-01-06 10:10:35+00:00,2026-01-06 10:18:30.677495+00:00,635.0,3229.471,3229.46,3229.9,ETH
2026-01-06 10:10:36+00:00,2026-01-06 10:18:31.679981+00:00,636.0,3229.141,3229.08,3229.5,ETH
2026-01-06 10:10:37+00:00,2026-01-06 10:18:32.714890+00:00,637.0,3228.901,3228.86,3229.35,ETH
2026-01-06 10:10:38+00:00,2026-01-06 10:18:33.721382+00:00,638.0,3228.831,3228.8,3229.27,ETH
2026-01-06 10:10:39+00:00,2026-01-06 10:18:34.725969+00:00,639.0,3228.791,3228.76,3229.16,ETH
2026-01-06 10:10:40+00:00,2026-01-06 10:18:35.717154+00:00,640.0,3228.611,3228.54,3229.01,ETH
2026-01-06 10:10:41+00:00,2026-01-06 10:18:36.758561+00:00,641.0,3228.421,3228.37,3228.87,ETH
2026-01-06 10:10:42+00:00,2026-01-06 10:18:37.733163+00:00,642.0,3228.441,3228.4,3228.93,ETH
2026-01-06 10:10:43+00:00,2026-01-06 10:18:38.749821+00:00,643.0,3228.481,3228.43,3228.96,ETH
2026-01-06 10:10:44+00:00,2026-01-06 10:18:39.740875+00:00,644.0,3228.491,3228.44,3228.9,ETH
2026-01-06 10:10:45+00:00,2026-01-06 10:18:40.747692+00:00,645.0,3228.481,3228.44,3228.9,ETH
2026-01-06 10:10:46+00:00,2026-01-06 10:18:41.761355+00:00,646.0,3228.681,3228.65,3228.9,ETH
2026-01-06 10:10:47+00:00,2026-01-06 10:18:42.751040+00:00,647.0,3228.601,3228.54,3228.83,ETH
2026-01-06 10:10:48+00:00,2026-01-06 10:18:43.753395+00:00,648.0,3228.541,3228.5,3228.75,ETH
2026-01-06 10:10:49+00:00,2026-01-06 10:18:44.761247+00:00,649.0,3228.471,3228.39,3228.6,ETH
2026-01-06 10:10:50+00:00,2026-01-06 10:18:45.778977+00:00,650.0,3228.421,3228.38,3228.46,ETH
2026-01-06 10:10:51+00:00,2026-01-06 10:18:46.784852+00:00,651.0,3228.061,3228.02,3228.45,ETH
2026-01-06 10:10:52+00:00,2026-01-06 10:18:47.801480+00:00,652.0,3228.101,3228.04,3228.26,ETH
2026-01-06 10:10:53+00:00,2026-01-06 10:18:48.801568+00:00,653.0,3228.141,3228.09,3228.15,ETH
2026-01-06 10:10:54+00:00,2026-01-06 10:18:49.827545+00:00,654.0,3227.691,3227.64,3228.0,ETH
2026-01-06 10:10:55+00:00,2026-01-06 10:18:50.828807+00:00,655.0,3227.791,3227.69,3227.97,ETH
2026-01-06 10:10:56+00:00,2026-01-06 10:18:51.846210+00:00,656.0,3227.721,3227.67,3227.8,ETH
2026-01-06 10:10:57+00:00,2026-01-06 10:18:52.848570+00:00,657.0,3227.671,3227.63,3227.8,ETH
2026-01-06 10:10:58+00:00,2026-01-06 10:18:53.847705+00:00,658.0,3227.571,3227.51,3227.7,ETH
2026-01-06 10:10:59+00:00,2026-01-06 10:18:54.884429+00:00,659.0,3227.551,3227.52,3227.65,ETH
2026-01-06 10:11:00+00:00,2026-01-06 10:18:55.868206+00:00,660.0,3227.331,3227.29,3227.56,ETH
2026-01-06 10:11:01+00:00,2026-01-06 10:18:56.877828+00:00,661.0,3227.461,3227.42,3227.51,ETH
2026-01-06 10:11:02+00:00,2026-01-06 10:18:57.884365+00:00,662.0,3227.411,3227.37,3227.54,ETH
2026-01-06 10:11:03+00:00,2026-01-06 10:18:58.905478+00:00,663.0,3227.401,3227.36,3227.54,ETH
2026-01-06 10:11:04+00:00,2026-01-06 10:18:59.898485+00:00,664.0,3227.401,3227.37,3227.54,ETH
2026-01-06 10:11:05+00:00,2026-01-06 10:19:00.913685+00:00,665.0,3227.451,3227.41,3227.54,ETH
2026-01-06 10:11:06+00:00,2026-01-06 10:19:01.951549+00:00,666.0,3227.461,3227.41,3227.54,ETH
2026-01-06 10:11:07+00:00,2026-01-06 10:19:02.927026+00:00,667.0,3227.421,3227.37,3227.54,ETH
2026-01-06 10:11:08+00:00,2026-01-06 10:19:03.926962+00:00,668.0,3227.471,3227.42,3227.67,ETH
2026-01-06 10:11:09+00:00,2026-01-06 10:19:05.945298+00:00,669.0,3227.661,3227.61,3227.75,ETH
2026-01-06 10:11:10+00:00,2026-01-06 10:19:06.948255+00:00,670.0,3227.601,3227.56,3227.7,ETH
2026-01-06 10:11:11+00:00,2026-01-06 10:19:07.967358+00:00,671.0,3227.551,3227.51,3227.69,ETH
2026-01-06 10:11:12+00:00,2026-01-06 10:19:08.983903+00:00,672.0,3227.621,3227.59,3227.74,ETH
2026-01-06 10:11:13+00:00,2026-01-06 10:19:09.998337+00:00,673.0,3227.641,3227.62,3227.74,ETH
2026-01-06 10:11:14+00:00,2026-01-06 10:19:10.995218+00:00,674.0,3227.601,3227.56,3227.69,ETH
2026-01-06 10:11:15+00:00,2026-01-06 10:19:12.123198+00:00,675.0,3227.571,3227.53,3227.69,ETH
2026-01-06 10:11:16+00:00,2026-01-06 10:19:13.126639+00:00,676.0,3227.521,3227.48,3227.68,ETH
2026-01-06 10:11:17+00:00,2026-01-06 10:19:14.131786+00:00,677.0,3227.561,3227.51,3227.71,ETH
2026-01-06 10:11:18+00:00,2026-01-06 10:19:15.144614+00:00,678.0,3227.541,3227.5,3227.66,ETH
2026-01-06 10:11:20+00:00,2026-01-06 10:19:16.207096+00:00,680.0,3227.651,3227.6,3227.69,ETH
2026-01-06 10:11:21+00:00,2026-01-06 10:19:17.193792+00:00,681.0,3227.621,3227.57,3227.69,ETH
2026-01-06 10:11:22+00:00,2026-01-06 10:19:18.193779+00:00,682.0,3227.581,3227.53,3227.69,ETH
2026-01-06 10:11:23+00:00,2026-01-06 10:19:19.156953+00:00,683.0,3227.571,3227.53,3227.68,ETH
2026-01-06 10:11:24+00:00,2026-01-06 10:19:20.212656+00:00,684.0,3227.651,3227.61,3227.69,ETH
2026-01-06 10:11:25+00:00,2026-01-06 10:19:21.214790+00:00,685.0,3227.631,3227.54,3227.73,ETH
2026-01-06 10:11:26+00:00,2026-01-06 10:19:22.209152+00:00,686.0,3227.521,3227.46,3227.78,ETH
2026-01-06 10:11:27+00:00,2026-01-06 10:19:23.206113+00:00,687.0,3227.531,3227.53,3227.61,ETH
2026-01-06 10:11:28+00:00,2026-01-06 10:19:24.220753+00:00,688.0,3227.851,3227.66,3227.91,ETH
2026-01-06 10:11:29+00:00,2026-01-06 10:19:25.238164+00:00,689.0,3228.171,3228.0,3228.27,ETH
2026-01-06 10:11:30+00:00,2026-01-06 10:19:26.220463+00:00,690.0,3228.191,3228.0,3228.28,ETH
2026-01-06 10:11:31+00:00,2026-01-06 10:19:27.230994+00:00,691.0,3228.381,3228.13,3228.42,ETH
2026-01-06 10:11:32+00:00,2026-01-06 10:19:28.233223+00:00,692.0,3228.341,3228.13,3228.4,ETH
2026-01-06 10:11:33+00:00,2026-01-06 10:19:30.227283+00:00,693.0,3228.351,3228.12,3228.41,ETH
2026-01-06 10:11:34+00:00,2026-01-06 10:19:31.238674+00:00,694.0,3228.361,3228.12,3228.42,ETH
2026-01-06 10:11:35+00:00,2026-01-06 10:19:32.243252+00:00,695.0,3228.391,3228.13,3228.49,ETH
2026-01-06 10:11:36+00:00,2026-01-06 10:19:33.247811+00:00,696.0,3228.511,3228.26,3228.59,ETH
2026-01-06 10:11:37+00:00,2026-01-06 10:19:34.261494+00:00,697.0,3228.591,3228.39,3228.64,ETH
2026-01-06 10:11:38+00:00,2026-01-06 10:19:35.278451+00:00,698.0,3228.571,3228.36,3228.68,ETH
2026-01-06 10:11:39+00:00,2026-01-06 10:19:36.280629+00:00,699.0,3228.541,3228.33,3228.67,ETH
2026-01-06 10:11:40+00:00,2026-01-06 10:19:37.290462+00:00,700.0,3228.541,3228.33,3228.62,ETH
2026-01-06 10:11:41+00:00,2026-01-06 10:19:38.290632+00:00,701.0,3228.441,3228.22,3228.58,ETH
2026-01-06 10:11:42+00:00,2026-01-06 10:19:39.293872+00:00,702.0,3228.361,3228.17,3228.54,ETH
2026-01-06 10:11:43+00:00,2026-01-06 10:19:40.295365+00:00,703.0,3228.341,3228.22,3228.5,ETH
2026-01-06 10:11:44+00:00,2026-01-06 10:19:41.311235+00:00,704.0,3228.291,3228.19,3228.52,ETH
2026-01-06 10:11:45+00:00,2026-01-06 10:19:42.310999+00:00,705.0,3228.411,3228.25,3228.6,ETH
2026-01-06 10:11:46+00:00,2026-01-06 10:19:43.330807+00:00,706.0,3228.531,3228.33,3228.69,ETH
2026-01-06 10:11:47+00:00,2026-01-06 10:19:44.318042+00:00,707.0,3228.531,3228.34,3228.72,ETH
2026-01-06 10:11:48+00:00,2026-01-06 10:19:45.312604+00:00,708.0,3228.531,3228.34,3228.73,ETH
2026-01-06 10:11:49+00:00,2026-01-06 10:19:46.329339+00:00,709.0,3228.541,3228.34,3228.72,ETH
2026-01-06 10:11:50+00:00,2026-01-06 10:19:47.340701+00:00,710.0,3228.531,3228.34,3228.65,ETH
2026-01-06 10:11:51+00:00,2026-01-06 10:19:48.347012+00:00,711.0,3228.491,3228.34,3228.66,ETH
2026-01-06 10:11:52+00:00,2026-01-06 10:19:49.347668+00:00,712.0,3228.441,3228.31,3228.67,ETH
2026-01-06 10:11:53+00:00,2026-01-06 10:19:50.362157+00:00,713.0,3228.351,3228.28,3228.55,ETH
2026-01-06 10:11:54+00:00,2026-01-06 10:19:51.372912+00:00,714.0,3228.211,3228.19,3228.5,ETH
2026-01-06 10:11:55+00:00,2026-01-06 10:19:52.380293+00:00,715.0,3228.121,3228.1,3228.41,ETH
2026-01-06 10:11:56+00:00,2026-01-06 10:19:53.382553+00:00,716.0,3228.131,3228.08,3228.31,ETH
2026-01-06 10:11:57+00:00,2026-01-06 10:19:54.375470+00:00,717.0,3228.131,3228.08,3228.14,ETH
2026-01-06 10:11:58+00:00,2026-01-06 10:19:55.391259+00:00,718.0,3228.181,3228.1,3228.26,ETH
2026-01-06 10:11:59+00:00,2026-01-06 10:19:56.393543+00:00,719.0,3228.181,3228.06,3228.29,ETH
2026-01-06 10:12:00+00:00,2026-01-06 10:19:57.394904+00:00,720.0,3228.091,3228.05,3228.1,ETH
2026-01-06 10:12:01+00:00,2026-01-06 10:19:58.389465+00:00,721.0,3228.091,3228.09,3228.1,ETH
2026-01-06 10:12:02+00:00,2026-01-06 10:19:59.400421+00:00,722.0,3228.091,3228.09,3228.12,ETH
2026-01-06 10:12:03+00:00,2026-01-06 10:20:00.439361+00:00,723.0,3228.131,3228.06,3228.21,ETH
2026-01-06 10:12:04+00:00,2026-01-06 10:20:01.427961+00:00,724.0,3228.091,3228.08,3228.2,ETH
2026-01-06 10:12:05+00:00,2026-01-06 10:20:02.478746+00:00,725.0,3228.141,3228.05,3228.23,ETH
2026-01-06 10:12:06+00:00,2026-01-06 10:20:03.513741+00:00,726.0,3228.211,3228.13,3228.26,ETH
2026-01-06 10:12:07+00:00,2026-01-06 10:20:04.508222+00:00,727.0,3228.111,3228.06,3228.26,ETH
2026-01-06 10:12:08+00:00,2026-01-06 10:20:05.508811+00:00,728.0,3227.651,3227.6,3228.23,ETH
2026-01-06 10:12:09+00:00,2026-01-06 10:20:06.529880+00:00,729.0,3227.681,3227.63,3227.94,ETH
2026-01-06 10:12:10+00:00,2026-01-06 10:20:07.531997+00:00,730.0,3227.811,3227.76,3228.14,ETH
2026-01-06 10:12:11+00:00,2026-01-06 10:20:08.525738+00:00,731.0,3227.811,3227.77,3228.13,ETH
2026-01-06 10:12:12+00:00,2026-01-06 10:20:09.539077+00:00,732.0,3228.191,3227.96,3228.23,ETH
2026-01-06 10:12:13+00:00,2026-01-06 10:20:10.546610+00:00,733.0,3227.721,3227.69,3228.22,ETH
2026-01-06 10:12:14+00:00,2026-01-06 10:20:11.542199+00:00,734.0,3228.161,3227.97,3228.23,ETH
2026-01-06 10:12:15+00:00,2026-01-06 10:20:12.552410+00:00,735.0,3227.991,3227.93,3228.1,ETH
2026-01-06 10:12:16+00:00,2026-01-06 10:20:13.558077+00:00,736.0,3227.991,3227.93,3228.1,ETH
2026-01-06 10:12:17+00:00,2026-01-06 10:20:14.576220+00:00,737.0,3227.961,3227.92,3228.1,ETH
2026-01-06 10:12:18+00:00,2026-01-06 10:20:15.575728+00:00,738.0,3227.971,3227.9,3228.1,ETH
2026-01-06 10:12:19+00:00,2026-01-06 10:20:16.594311+00:00,739.0,3227.961,3227.91,3228.22,ETH
2026-01-06 10:12:20+00:00,2026-01-06 10:20:17.604349+00:00,740.0,3227.951,3227.9,3228.22,ETH
2026-01-06 10:12:21+00:00,2026-01-06 10:20:19.607842+00:00,741.0,3227.761,3227.74,3227.91,ETH
2026-01-06 10:12:22+00:00,2026-01-06 10:20:20.629001+00:00,742.0,3227.741,3227.69,3227.89,ETH
2026-01-06 10:12:23+00:00,2026-01-06 10:20:21.627673+00:00,743.0,3227.781,3227.69,3227.94,ETH
2026-01-06 10:12:24+00:00,2026-01-06 10:20:22.629533+00:00,744.0,3227.741,3227.69,3227.9,ETH
2026-01-06 10:12:25+00:00,2026-01-06 10:20:23.645878+00:00,745.0,3227.731,3227.69,3227.89,ETH
2026-01-06 10:12:27+00:00,2026-01-06 10:20:24.703847+00:00,747.0,3227.701,3227.69,3227.81,ETH
2026-01-06 10:12:28+00:00,2026-01-06 10:20:25.700331+00:00,748.0,3227.701,3227.69,3227.87,ETH
2026-01-06 10:12:29+00:00,2026-01-06 10:20:26.653725+00:00,749.0,3227.701,3227.69,3227.86,ETH
2026-01-06 10:12:30+00:00,2026-01-06 10:20:27.694017+00:00,750.0,3227.701,3227.69,3227.89,ETH
2026-01-06 10:12:31+00:00,2026-01-06 10:20:28.701761+00:00,751.0,3227.701,3227.69,3227.89,ETH
2026-01-06 10:12:32+00:00,2026-01-06 10:20:29.692500+00:00,752.0,3227.701,3227.69,3227.89,ETH
2026-01-06 10:12:33+00:00,2026-01-06 10:20:30.706751+00:00,753.0,3227.701,3227.69,3227.83,ETH
2026-01-06 10:12:34+00:00,2026-01-06 10:20:31.723645+00:00,754.0,3227.701,3227.69,3227.84,ETH
2026-01-06 10:12:35+00:00,2026-01-06 10:20:32.690537+00:00,755.0,3227.801,3227.76,3227.94,ETH
2026-01-06 10:12:36+00:00,2026-01-06 10:20:33.707508+00:00,756.0,3227.701,3227.69,3227.86,ETH
2026-01-06 10:12:37+00:00,2026-01-06 10:20:34.729058+00:00,757.0,3227.701,3227.69,3227.87,ETH
2026-01-06 10:12:38+00:00,2026-01-06 10:20:35.718038+00:00,758.0,3227.891,3227.78,3227.98,ETH
2026-01-06 10:12:39+00:00,2026-01-06 10:20:36.734164+00:00,759.0,3227.831,3227.83,3227.96,ETH
2026-01-06 10:12:40+00:00,2026-01-06 10:20:37.745037+00:00,760.0,3227.711,3227.7,3227.87,ETH
2026-01-06 10:12:41+00:00,2026-01-06 10:20:38.746507+00:00,761.0,3227.721,3227.71,3228.01,ETH
2026-01-06 10:12:42+00:00,2026-01-06 10:20:39.747261+00:00,762.0,3227.701,3227.69,3227.84,ETH
2026-01-06 10:12:43+00:00,2026-01-06 10:20:40.777619+00:00,763.0,3227.711,3227.7,3227.87,ETH
2026-01-06 10:12:44+00:00,2026-01-06 10:20:41.776820+00:00,764.0,3227.731,3227.72,3227.79,ETH
2026-01-06 10:12:45+00:00,2026-01-06 10:20:42.773140+00:00,765.0,3227.731,3227.72,3227.79,ETH
2026-01-06 10:12:46+00:00,2026-01-06 10:20:44.793640+00:00,766.0,3227.711,3227.66,3227.74,ETH
2026-01-06 10:12:47+00:00,2026-01-06 10:20:45.789604+00:00,767.0,3227.701,3227.63,3227.74,ETH
2026-01-06 10:12:48+00:00,2026-01-06 10:20:46.775773+00:00,768.0,3227.701,3227.61,3227.74,ETH
2026-01-06 10:12:49+00:00,2026-01-06 10:20:47.801734+00:00,769.0,3227.701,3227.6,3227.74,ETH
2026-01-06 10:12:50+00:00,2026-01-06 10:20:48.803063+00:00,770.0,3227.701,3227.6,3227.73,ETH
2026-01-06 10:12:51+00:00,2026-01-06 10:20:49.810399+00:00,771.0,3227.691,3227.6,3227.71,ETH
2026-01-06 10:12:52+00:00,2026-01-06 10:20:50.808535+00:00,772.0,3227.651,3227.6,3227.71,ETH
2026-01-06 10:12:53+00:00,2026-01-06 10:20:51.811608+00:00,773.0,3227.621,3227.59,3227.72,ETH
2026-01-06 10:12:54+00:00,2026-01-06 10:20:52.806419+00:00,774.0,3227.641,3227.6,3227.71,ETH
2026-01-06 10:12:55+00:00,2026-01-06 10:20:53.813741+00:00,775.0,3227.661,3227.61,3227.78,ETH
2026-01-06 10:12:56+00:00,2026-01-06 10:20:54.825228+00:00,776.0,3227.711,3227.63,3227.87,ETH
2026-01-06 10:12:57+00:00,2026-01-06 10:20:55.839706+00:00,777.0,3227.811,3227.66,3227.88,ETH
2026-01-06 10:12:58+00:00,2026-01-06 10:20:56.860592+00:00,778.0,3227.851,3227.67,3227.89,ETH
2026-01-06 10:12:59+00:00,2026-01-06 10:20:57.875403+00:00,779.0,3227.871,3227.67,3227.93,ETH
2026-01-06 10:13:00+00:00,2026-01-06 10:20:58.893568+00:00,780.0,3228.091,3227.93,3228.2,ETH
2026-01-06 10:13:01+00:00,2026-01-06 10:20:59.923691+00:00,781.0,3228.201,3228.15,3228.45,ETH
2026-01-06 10:13:02+00:00,2026-01-06 10:21:00.927106+00:00,782.0,3228.111,3228.06,3228.4,ETH
2026-01-06 10:13:04+00:00,2026-01-06 10:21:01.959280+00:00,784.0,3227.911,3227.91,3228.16,ETH
2026-01-06 10:13:05+00:00,2026-01-06 10:21:02.985794+00:00,785.0,3227.991,3227.84,3228.14,ETH
2026-01-06 10:13:06+00:00,2026-01-06 10:21:03.927033+00:00,786.0,3227.921,3227.84,3228.14,ETH
2026-01-06 10:13:07+00:00,2026-01-06 10:21:04.972451+00:00,787.0,3227.841,3227.84,3228.05,ETH
2026-01-06 10:13:08+00:00,2026-01-06 10:21:05.925424+00:00,788.0,3227.881,3227.83,3228.02,ETH
2026-01-06 10:13:09+00:00,2026-01-06 10:21:06.974146+00:00,789.0,3227.841,3227.84,3227.85,ETH
2026-01-06 10:13:10+00:00,2026-01-06 10:21:08.948773+00:00,790.0,3227.861,3227.82,3227.89,ETH
2026-01-06 10:13:11+00:00,2026-01-06 10:21:09.945975+00:00,791.0,3227.781,3227.75,3227.89,ETH
2026-01-06 10:13:12+00:00,2026-01-06 10:21:10.960389+00:00,792.0,3227.721,3227.7,3227.88,ETH
2026-01-06 10:13:13+00:00,2026-01-06 10:21:11.955869+00:00,793.0,3227.721,3227.7,3227.84,ETH
2026-01-06 10:13:14+00:00,2026-01-06 10:21:12.961900+00:00,794.0,3227.321,3227.17,3227.35,ETH
2026-01-06 10:13:15+00:00,2026-01-06 10:21:13.976314+00:00,795.0,3226.561,3226.42,3226.68,ETH
2026-01-06 10:13:16+00:00,2026-01-06 10:21:14.975622+00:00,796.0,3226.371,3226.31,3226.52,ETH
2026-01-06 10:13:17+00:00,2026-01-06 10:21:15.987068+00:00,797.0,3226.561,3226.42,3226.67,ETH
2026-01-06 10:13:18+00:00,2026-01-06 10:21:16.992854+00:00,798.0,3226.501,3226.4,3226.59,ETH
2026-01-06 10:13:19+00:00,2026-01-06 10:21:17.994863+00:00,799.0,3226.431,3226.37,3226.54,ETH
2026-01-06 10:13:20+00:00,2026-01-06 10:21:19.007158+00:00,800.0,3226.421,3226.37,3226.53,ETH
2026-01-06 10:13:21+00:00,2026-01-06 10:21:20.010035+00:00,801.0,3226.371,3226.35,3226.47,ETH
2026-01-06 10:13:22+00:00,2026-01-06 10:21:21.009054+00:00,802.0,3226.411,3226.36,3226.5,ETH
2026-01-06 10:13:23+00:00,2026-01-06 10:21:22.025775+00:00,803.0,3226.421,3226.35,3226.63,ETH
2026-01-06 10:13:24+00:00,2026-01-06 10:21:23.023686+00:00,804.0,3226.601,3226.47,3226.81,ETH
2026-01-06 10:13:25+00:00,2026-01-06 10:21:24.075956+00:00,805.0,3226.911,3226.77,3227.0,ETH
2026-01-06 10:13:26+00:00,2026-01-06 10:21:25.092426+00:00,806.0,3227.011,3226.9,3227.09,ETH
2026-01-06 10:13:27+00:00,2026-01-06 10:21:26.092560+00:00,807.0,3227.051,3226.87,3227.14,ETH
2026-01-06 10:13:28+00:00,2026-01-06 10:21:27.108307+00:00,808.0,3227.091,3226.84,3227.19,ETH
2026-01-06 10:13:29+00:00,2026-01-06 10:21:28.111098+00:00,809.0,3227.091,3226.84,3227.19,ETH
2026-01-06 10:13:30+00:00,2026-01-06 10:21:29.125181+00:00,810.0,3226.961,3226.81,3227.14,ETH
2026-01-06 10:13:31+00:00,2026-01-06 10:21:30.126704+00:00,811.0,3226.961,3226.82,3227.13,ETH
2026-01-06 10:13:32+00:00,2026-01-06 10:21:31.123618+00:00,812.0,3227.051,3226.87,3227.13,ETH
2026-01-06 10:13:33+00:00,2026-01-06 10:21:32.125903+00:00,813.0,3227.001,3226.89,3227.09,ETH
2026-01-06 10:13:34+00:00,2026-01-06 10:21:33.139214+00:00,814.0,3227.031,3226.88,3227.1,ETH
2026-01-06 10:13:35+00:00,2026-01-06 10:21:34.155654+00:00,815.0,3227.081,3226.87,3227.12,ETH
2026-01-06 10:13:36+00:00,2026-01-06 10:21:35.175371+00:00,816.0,3227.081,3226.88,3227.12,ETH
2026-01-06 10:13:37+00:00,2026-01-06 10:21:36.174099+00:00,817.0,3227.081,3226.88,3227.13,ETH
2026-01-06 10:13:38+00:00,2026-01-06 10:21:37.174344+00:00,818.0,3227.081,3226.88,3227.14,ETH
2026-01-06 10:13:39+00:00,2026-01-06 10:21:38.190252+00:00,819.0,3227.081,3226.88,3227.15,ETH
2026-01-06 10:13:40+00:00,2026-01-06 10:21:39.190382+00:00,820.0,3227.081,3226.88,3227.15,ETH
2026-01-06 10:13:41+00:00,2026-01-06 10:21:40.208792+00:00,821.0,3227.121,3226.89,3227.19,ETH
2026-01-06 10:13:42+00:00,2026-01-06 10:21:41.207566+00:00,822.0,3227.151,3226.95,3227.31,ETH
2026-01-06 10:13:43+00:00,2026-01-06 10:21:42.215972+00:00,823.0,3227.151,3226.98,3227.36,ETH
2026-01-06 10:13:44+00:00,2026-01-06 10:21:43.209333+00:00,824.0,3227.151,3226.99,3227.28,ETH
2026-01-06 10:13:45+00:00,2026-01-06 10:21:44.218543+00:00,825.0,3227.151,3226.99,3227.19,ETH
2026-01-06 10:13:46+00:00,2026-01-06 10:21:45.225710+00:00,826.0,3227.121,3226.99,3227.17,ETH
2026-01-06 10:13:47+00:00,2026-01-06 10:21:46.242138+00:00,827.0,3227.081,3226.98,3227.17,ETH
2026-01-06 10:13:48+00:00,2026-01-06 10:21:47.254624+00:00,828.0,3227.121,3226.97,3227.2,ETH
2026-01-06 10:13:49+00:00,2026-01-06 10:21:48.242178+00:00,829.0,3227.121,3226.96,3227.17,ETH
2026-01-06 10:13:50+00:00,2026-01-06 10:21:49.258935+00:00,830.0,3227.081,3226.92,3227.16,ETH
2026-01-06 10:13:51+00:00,2026-01-06 10:21:50.274402+00:00,831.0,3227.081,3226.89,3227.15,ETH
2026-01-06 10:13:52+00:00,2026-01-06 10:21:51.269670+00:00,832.0,3227.081,3226.87,3227.13,ETH
2026-01-06 10:13:53+00:00,2026-01-06 10:21:52.268712+00:00,833.0,3227.081,3226.87,3227.15,ETH
2026-01-06 10:13:54+00:00,2026-01-06 10:21:53.286381+00:00,834.0,3227.081,3226.87,3227.15,ETH
2026-01-06 10:13:55+00:00,2026-01-06 10:21:54.275484+00:00,835.0,3226.941,3226.79,3227.03,ETH
2026-01-06 10:13:56+00:00,2026-01-06 10:21:55.273357+00:00,836.0,3226.791,3226.66,3226.92,ETH
2026-01-06 10:13:57+00:00,2026-01-06 10:21:56.289124+00:00,837.0,3226.791,3226.62,3226.88,ETH
2026-01-06 10:13:58+00:00,2026-01-06 10:21:57.289106+00:00,838.0,3226.851,3226.67,3226.89,ETH
2026-01-06 10:13:59+00:00,2026-01-06 10:21:58.288834+00:00,839.0,3226.971,3226.76,3227.02,ETH
2026-01-06 10:14:00+00:00,2026-01-06 10:21:59.291921+00:00,840.0,3227.091,3226.84,3227.15,ETH
2026-01-06 10:14:01+00:00,2026-01-06 10:22:00.293445+00:00,841.0,3227.211,3226.93,3227.28,ETH
2026-01-06 10:14:02+00:00,2026-01-06 10:22:01.305035+00:00,842.0,3227.281,3227.06,3227.34,ETH
2026-01-06 10:14:03+00:00,2026-01-06 10:22:02.293147+00:00,843.0,3227.291,3227.14,3227.35,ETH
2026-01-06 10:14:04+00:00,2026-01-06 10:22:03.322075+00:00,844.0,3227.261,3227.12,3227.32,ETH
2026-01-06 10:14:05+00:00,2026-01-06 10:22:04.321132+00:00,845.0,3227.141,3226.99,3227.27,ETH
2026-01-06 10:14:06+00:00,2026-01-06 10:22:05.336616+00:00,846.0,3227.031,3226.87,3227.21,ETH
2026-01-06 10:14:07+00:00,2026-01-06 10:22:06.323873+00:00,847.0,3227.021,3226.84,3227.16,ETH
2026-01-06 10:14:08+00:00,2026-01-06 10:22:07.343615+00:00,848.0,3227.021,3226.81,3227.15,ETH
2026-01-06 10:14:09+00:00,2026-01-06 10:22:08.343310+00:00,849.0,3227.021,3226.82,3227.15,ETH
2026-01-06 10:14:10+00:00,2026-01-06 10:22:09.356136+00:00,850.0,3227.011,3226.83,3227.09,ETH
2026-01-06 10:14:11+00:00,2026-01-06 10:22:10.374419+00:00,851.0,3227.001,3226.84,3227.05,ETH
2026-01-06 10:14:12+00:00,2026-01-06 10:22:11.385513+00:00,852.0,3227.001,3226.84,3227.07,ETH
2026-01-06 10:14:13+00:00,2026-01-06 10:22:12.393846+00:00,853.0,3227.001,3226.83,3227.06,ETH
2026-01-06 10:14:14+00:00,2026-01-06 10:22:13.393312+00:00,854.0,3226.991,3226.82,3227.04,ETH
2026-01-06 10:14:15+00:00,2026-01-06 10:22:14.410657+00:00,855.0,3226.891,3226.79,3227.0,ETH
2026-01-06 10:14:16+00:00,2026-01-06 10:22:15.403058+00:00,856.0,3226.801,3226.75,3226.98,ETH
2026-01-06 10:14:17+00:00,2026-01-06 10:22:16.419814+00:00,857.0,3226.801,3226.75,3226.97,ETH
2026-01-06 10:14:18+00:00,2026-01-06 10:22:17.444748+00:00,858.0,3226.801,3226.75,3226.99,ETH
2026-01-06 10:14:19+00:00,2026-01-06 10:22:18.424396+00:00,859.0,3226.801,3226.72,3226.97,ETH
2026-01-06 10:14:20+00:00,2026-01-06 10:22:19.423901+00:00,860.0,3226.801,3226.69,3226.97,ETH
2026-01-06 10:14:21+00:00,2026-01-06 10:22:20.426463+00:00,861.0,3226.801,3226.7,3227.0,ETH
2026-01-06 10:14:22+00:00,2026-01-06 10:22:21.424966+00:00,862.0,3226.851,3226.7,3227.0,ETH
2026-01-06 10:14:23+00:00,2026-01-06 10:22:22.417501+00:00,863.0,3226.901,3226.7,3226.99,ETH
2026-01-06 10:14:24+00:00,2026-01-06 10:22:23.438334+00:00,864.0,3226.841,3226.73,3226.92,ETH
2026-01-06 10:14:25+00:00,2026-01-06 10:22:24.454783+00:00,865.0,3226.801,3226.74,3226.91,ETH
2026-01-06 10:14:26+00:00,2026-01-06 10:22:25.473042+00:00,866.0,3226.801,3226.72,3226.92,ETH
2026-01-06 10:14:27+00:00,2026-01-06 10:22:26.470492+00:00,867.0,3226.801,3226.7,3226.93,ETH
2026-01-06 10:14:28+00:00,2026-01-06 10:22:27.471031+00:00,868.0,3226.801,3226.7,3226.95,ETH
2026-01-06 10:14:29+00:00,2026-01-06 10:22:28.475443+00:00,869.0,3226.801,3226.7,3226.98,ETH
2026-01-06 10:14:30+00:00,2026-01-06 10:22:29.488427+00:00,870.0,3226.921,3226.7,3227.02,ETH
2026-01-06 10:14:31+00:00,2026-01-06 10:22:30.506989+00:00,871.0,3226.881,3226.7,3227.01,ETH
2026-01-06 10:14:32+00:00,2026-01-06 10:22:31.517358+00:00,872.0,3226.871,3226.68,3226.98,ETH
2026-01-06 10:14:33+00:00,2026-01-06 10:22:32.521398+00:00,873.0,3226.871,3226.67,3227.04,ETH
2026-01-06 10:14:34+00:00,2026-01-06 10:22:33.533365+00:00,874.0,3226.881,3226.67,3227.04,ETH
2026-01-06 10:14:35+00:00,2026-01-06 10:22:34.554863+00:00,875.0,3226.881,3226.68,3227.04,ETH
2026-01-06 10:14:36+00:00,2026-01-06 10:22:35.569363+00:00,876.0,3226.881,3226.67,3227.02,ETH
2026-01-06 10:14:37+00:00,2026-01-06 10:22:36.550135+00:00,877.0,3226.881,3226.68,3227.02,ETH
2026-01-06 10:14:38+00:00,2026-01-06 10:22:37.554896+00:00,878.0,3226.891,3226.66,3227.02,ETH
2026-01-06 10:14:39+00:00,2026-01-06 10:22:38.569301+00:00,879.0,3226.901,3226.66,3227.02,ETH
2026-01-06 10:14:40+00:00,2026-01-06 10:22:39.573283+00:00,880.0,3226.921,3226.66,3227.1,ETH
2026-01-06 10:14:41+00:00,2026-01-06 10:22:40.594127+00:00,881.0,3226.951,3226.67,3227.19,ETH
2026-01-06 10:14:42+00:00,2026-01-06 10:22:41.601013+00:00,882.0,3226.951,3226.66,3227.19,ETH
2026-01-06 10:14:43+00:00,2026-01-06 10:22:42.606532+00:00,883.0,3226.941,3226.65,3227.18,ETH
2026-01-06 10:14:44+00:00,2026-01-06 10:22:43.620900+00:00,884.0,3226.931,3226.65,3227.18,ETH
2026-01-06 10:14:45+00:00,2026-01-06 10:22:44.637460+00:00,885.0,3227.201,3226.97,3227.31,ETH
2026-01-06 10:14:46+00:00,2026-01-06 10:22:45.633982+00:00,886.0,3227.211,3226.97,3227.32,ETH
2026-01-06 10:14:47+00:00,2026-01-06 10:22:46.683677+00:00,887.0,3227.211,3226.98,3227.41,ETH
2026-01-06 10:14:48+00:00,2026-01-06 10:22:47.658034+00:00,888.0,3227.201,3226.97,3227.38,ETH
2026-01-06 10:14:49+00:00,2026-01-06 10:22:48.669897+00:00,889.0,3227.231,3226.99,3227.44,ETH
2026-01-06 10:14:50+00:00,2026-01-06 10:22:49.672038+00:00,890.0,3227.251,3227.02,3227.51,ETH
2026-01-06 10:14:51+00:00,2026-01-06 10:22:50.689562+00:00,891.0,3227.251,3227.02,3227.47,ETH
2026-01-06 10:14:52+00:00,2026-01-06 10:22:51.681184+00:00,892.0,3227.161,3226.9,3227.45,ETH
2026-01-06 10:14:53+00:00,2026-01-06 10:22:52.695680+00:00,893.0,3227.161,3226.9,3227.47,ETH
2026-01-06 10:14:54+00:00,2026-01-06 10:22:53.700921+00:00,894.0,3227.251,3227.03,3227.48,ETH
2026-01-06 10:14:55+00:00,2026-01-06 10:22:54.703108+00:00,895.0,3227.251,3227.03,3227.48,ETH
2026-01-06 10:14:56+00:00,2026-01-06 10:22:55.702792+00:00,896.0,3227.271,3227.04,3227.48,ETH
2026-01-06 10:14:57+00:00,2026-01-06 10:22:56.705565+00:00,897.0,3227.341,3227.16,3227.65,ETH
2026-01-06 10:14:58+00:00,2026-01-06 10:22:57.751422+00:00,898.0,3227.671,3227.42,3227.83,ETH
2026-01-06 10:14:59+00:00,2026-01-06 10:22:58.748054+00:00,899.0,3227.671,3227.41,3227.94,ETH
