timestamp,collected_at,seconds,mid,bid,ask,asset
2026-01-06 18:00:00+00:00,,0.0,ETH,3187.91,3187.74,18:00:00
2026-01-06 18:00:02+00:00,,2.0,ETH,3188.34,3188.1,18:00:02
2026-01-06 18:00:03+00:00,,3.0,ETH,3189.28,3188.76,18:00:03
2026-01-06 18:00:04+00:00,,4.0,ETH,3188.29,3188.15,18:00:04
2026-01-06 18:00:05+00:00,,5.0,ETH,3187.8,3187.2,18:00:05
2026-01-06 18:00:06+00:00,,6.0,ETH,3186.81,3186.7,18:00:06
2026-01-06 18:00:07+00:00,,7.0,ETH,3188.42,3188.26,18:00:07
2026-01-06 18:00:08+00:00,,8.0,ETH,3188.79,3188.59,18:00:08
2026-01-06 18:00:09+00:00,,9.0,ETH,3189.16,3188.91,18:00:09
2026-01-06 18:00:10+00:00,,10.0,ETH,3189.24,3189.08,18:00:10
2026-01-06 18:00:11+00:00,,11.0,ETH,3190.05,3189.83,18:00:11
2026-01-06 18:00:12+00:00,,12.0,ETH,3190.05,3189.8,18:00:12
2026-01-06 18:00:13+00:00,,13.0,ETH,3188.99,3188.73,18:00:13
2026-01-06 18:00:14+00:00,,14.0,ETH,3189.01,3188.8,18:00:14
2026-01-06 18:00:15+00:00,,15.0,ETH,3189.15,3188.99,18:00:15
2026-01-06 18:00:16+00:00,,16.0,ETH,3189.12,3188.89,18:00:16
2026-01-06 18:00:17+00:00,,17.0,ETH,3189.3,3189.21,18:00:17
2026-01-06 18:00:18+00:00,,18.0,ETH,3190.74,3190.59,18:00:18
2026-01-06 18:00:19+00:00,,19.0,ETH,3191.97,3191.94,18:00:19
2026-01-06 18:00:20+00:00,,20.0,ETH,3192.09,3191.94,18:00:20
2026-01-06 18:00:21+00:00,,21.0,ETH,3192.73,3192.65,18:00:21
2026-01-06 18:00:22+00:00,,22.0,ETH,3193.42,3193.3,18:00:22
2026-01-06 18:00:23+00:00,,23.0,ETH,3194.21,3194.16,18:00:23
2026-01-06 18:00:24+00:00,,24.0,ETH,3194.79,3194.49,18:00:24
2026-01-06 18:00:25+00:00,,25.0,ETH,3194.54,3194.43,18:00:25
2026-01-06 18:00:26+00:00,,26.0,ETH,3194.73,3194.58,18:00:26
2026-01-06 18:00:27+00:00,,27.0,ETH,3194.58,3194.46,18:00:27
2026-01-06 18:00:28+00:00,,28.0,ETH,3194.75,3194.48,18:00:28
2026-01-06 18:00:29+00:00,,29.0,ETH,3195.24,3195.14,18:00:29
2026-01-06 18:00:30+00:00,,30.0,ETH,3196.06,3196.03,18:00:30
2026-01-06 18:00:31+00:00,,31.0,ETH,3196.88,3196.75,18:00:31
2026-01-06 18:00:32+00:00,,32.0,ETH,3198.27,3198.21,18:00:32
2026-01-06 18:00:33+00:00,,33.0,ETH,3201.01,3200.8,18:00:33
2026-01-06 18:00:34+00:00,,34.0,ETH,3201.38,3201.17,18:00:34
2026-01-06 18:00:35+00:00,,35.0,ETH,3201.18,3200.79,18:00:35
2026-01-06 18:00:36+00:00,,36.0,ETH,3201.96,3201.62,18:00:36
2026-01-06 18:00:37+00:00,,37.0,ETH,3200.22,3200.08,18:00:37
2026-01-06 18:00:38+00:00,,38.0,ETH,3200.16,3199.93,18:00:38
2026-01-06 18:00:39+00:00,,39.0,ETH,3200.59,3200.56,18:00:39
2026-01-06 18:00:40+00:00,,40.0,ETH,3200.73,3200.49,18:00:40
2026-01-06 18:00:41+00:00,,41.0,ETH,3200.71,3200.49,18:00:41
2026-01-06 18:00:42+00:00,,42.0,ETH,3199.76,3199.43,18:00:42
2026-01-06 18:00:43+00:00,,43.0,ETH,3199.7,3199.56,18:00:43
2026-01-06 18:00:44+00:00,,44.0,ETH,3199.52,3199.27,18:00:44
2026-01-06 18:00:45+00:00,,45.0,ETH,3198.94,3198.86,18:00:45
2026-01-06 18:00:46+00:00,,46.0,ETH,3199.02,3198.91,18:00:46
2026-01-06 18:00:47+00:00,,47.0,ETH,3198.95,3198.6,18:00:47
2026-01-06 18:00:00+00:00,,0.0,ETH,3187.36,3187.26,18:00:00
2026-01-06 18:00:48+00:00,,48.0,ETH,3198.57,3198.48,18:00:48
2026-01-06 18:00:01+00:00,,1.0,ETH,3188.47,3188.21,18:00:01
2026-01-06 18:00:49+00:00,,49.0,ETH,3198.92,3198.79,18:00:49
2026-01-06 18:00:02+00:00,,2.0,ETH,3188.34,3188.1,18:00:02
2026-01-06 18:00:50+00:00,,50.0,ETH,3199.8,3199.55,18:00:50
2026-01-06 18:00:03+00:00,,3.0,ETH,3189.28,3188.76,18:00:03
2026-01-06 18:00:51+00:00,,51.0,ETH,3200.42,3199.98,18:00:51
2026-01-06 18:00:04+00:00,,4.0,ETH,3188.29,3188.15,18:00:04
2026-01-06 18:00:52+00:00,,52.0,ETH,3200.32,3199.93,18:00:52
2026-01-06 18:00:05+00:00,,5.0,ETH,3187.8,3187.2,18:00:05
2026-01-06 18:00:53+00:00,,53.0,ETH,3199.94,3199.84,18:00:53
2026-01-06 18:00:06+00:00,,6.0,ETH,3186.81,3186.7,18:00:06
2026-01-06 18:00:54+00:00,,54.0,ETH,3199.77,3199.76,18:00:54
2026-01-06 18:00:07+00:00,,7.0,ETH,3188.42,3188.26,18:00:07
2026-01-06 18:00:55+00:00,,55.0,ETH,3199.54,3199.49,18:00:55
2026-01-06 18:00:08+00:00,,8.0,ETH,3188.79,3188.59,18:00:08
2026-01-06 18:00:57+00:00,,57.0,ETH,3199.39,3199.12,18:00:57
2026-01-06 18:00:09+00:00,,9.0,ETH,3189.16,3188.91,18:00:09
2026-01-06 18:00:10+00:00,,10.0,ETH,3189.24,3189.08,18:00:10
2026-01-06 18:00:58+00:00,,58.0,ETH,3199.05,3199.02,18:00:58
2026-01-06 18:00:11+00:00,,11.0,ETH,3190.05,3189.83,18:00:11
2026-01-06 18:01:00+00:00,,60.0,ETH,3199.12,3199.08,18:01:00
2026-01-06 18:00:12+00:00,,12.0,ETH,3190.05,3189.8,18:00:12
2026-01-06 18:00:13+00:00,,13.0,ETH,3188.99,3188.73,18:00:13
2026-01-06 18:01:01+00:00,,61.0,ETH,3198.88,3198.56,18:01:01
2026-01-06 18:00:14+00:00,,14.0,ETH,3189.01,3188.8,18:00:14
2026-01-06 18:01:02+00:00,,62.0,ETH,3198.91,3198.8,18:01:02
2026-01-06 18:00:15+00:00,,15.0,ETH,3189.15,3188.99,18:00:15
2026-01-06 18:01:04+00:00,,64.0,ETH,3199.0,3198.57,18:01:04
2026-01-06 18:00:16+00:00,,16.0,ETH,3189.12,3188.89,18:00:16
2026-01-06 18:01:05+00:00,,65.0,ETH,3198.93,3198.83,18:01:05
2026-01-06 18:00:17+00:00,,17.0,ETH,3189.3,3189.21,18:00:17
2026-01-06 18:01:06+00:00,,66.0,ETH,3199.05,3198.83,18:01:06
2026-01-06 18:00:18+00:00,,18.0,ETH,3190.74,3190.59,18:00:18
2026-01-06 18:01:07+00:00,,67.0,ETH,3199.02,3198.81,18:01:07
2026-01-06 18:00:19+00:00,,19.0,ETH,3191.97,3191.94,18:00:19
2026-01-06 18:01:08+00:00,,68.0,ETH,3198.44,3198.35,18:01:08
2026-01-06 18:00:20+00:00,,20.0,ETH,3192.09,3191.94,18:00:20
2026-01-06 18:01:09+00:00,,69.0,ETH,3198.81,3198.64,18:01:09
2026-01-06 18:00:21+00:00,,21.0,ETH,3192.73,3192.65,18:00:21
2026-01-06 18:01:10+00:00,,70.0,ETH,3199.09,3198.79,18:01:10
2026-01-06 18:00:22+00:00,,22.0,ETH,3193.42,3193.3,18:00:22
2026-01-06 18:01:11+00:00,,71.0,ETH,3199.14,3198.82,18:01:11
2026-01-06 18:00:23+00:00,,23.0,ETH,3194.21,3194.16,18:00:23
2026-01-06 18:00:24+00:00,,24.0,ETH,3194.79,3194.49,18:00:24
2026-01-06 18:01:12+00:00,,72.0,ETH,3199.01,3198.6,18:01:12
2026-01-06 18:00:25+00:00,,25.0,ETH,3194.54,3194.43,18:00:25
2026-01-06 18:01:13+00:00,,73.0,ETH,3198.61,3198.58,18:01:13
2026-01-06 18:00:26+00:00,,26.0,ETH,3194.73,3194.58,18:00:26
2026-01-06 18:01:14+00:00,,74.0,ETH,3198.64,3198.39,18:01:14
2026-01-06 18:00:27+00:00,,27.0,ETH,3194.58,3194.46,18:00:27
2026-01-06 18:01:15+00:00,,75.0,ETH,3198.46,3198.19,18:01:15
2026-01-06 18:00:28+00:00,,28.0,ETH,3194.75,3194.48,18:00:28
2026-01-06 18:01:16+00:00,,76.0,ETH,3198.21,3198.12,18:01:16
2026-01-06 18:00:29+00:00,,29.0,ETH,3195.24,3195.14,18:00:29
2026-01-06 18:01:17+00:00,,77.0,ETH,3198.12,3198.01,18:01:17
2026-01-06 18:00:30+00:00,,30.0,ETH,3196.06,3196.03,18:00:30
2026-01-06 18:01:18+00:00,,78.0,ETH,3197.69,3197.63,18:01:18
2026-01-06 18:00:31+00:00,,31.0,ETH,3196.88,3196.75,18:00:31
2026-01-06 18:01:19+00:00,,79.0,ETH,3197.17,3197.06,18:01:19
2026-01-06 18:00:32+00:00,,32.0,ETH,3198.27,3198.21,18:00:32
2026-01-06 18:01:20+00:00,,80.0,ETH,3196.9,3196.76,18:01:20
2026-01-06 18:00:33+00:00,,33.0,ETH,3201.01,3200.8,18:00:33
2026-01-06 18:01:21+00:00,,81.0,ETH,3196.79,3196.69,18:01:21
2026-01-06 18:00:34+00:00,,34.0,ETH,3201.38,3201.17,18:00:34
2026-01-06 18:01:22+00:00,,82.0,ETH,3196.71,3196.44,18:01:22
2026-01-06 18:00:35+00:00,,35.0,ETH,3201.18,3200.79,18:00:35
2026-01-06 18:01:23+00:00,,83.0,ETH,3196.13,3195.9,18:01:23
2026-01-06 18:00:36+00:00,,36.0,ETH,3201.96,3201.62,18:00:36
2026-01-06 18:01:24+00:00,,84.0,ETH,3195.6,3195.57,18:01:24
2026-01-06 18:00:37+00:00,,37.0,ETH,3200.22,3200.08,18:00:37
2026-01-06 18:01:25+00:00,,85.0,ETH,3195.88,3195.79,18:01:25
2026-01-06 18:00:38+00:00,,38.0,ETH,3200.16,3199.93,18:00:38
2026-01-06 18:01:27+00:00,,87.0,ETH,3196.08,3196.03,18:01:27
2026-01-06 18:00:39+00:00,,39.0,ETH,3200.59,3200.56,18:00:39
2026-01-06 18:01:28+00:00,,88.0,ETH,3195.84,3195.83,18:01:28
2026-01-06 18:00:40+00:00,,40.0,ETH,3200.73,3200.49,18:00:40
2026-01-06 18:01:29+00:00,,89.0,ETH,3195.84,3195.83,18:01:29
2026-01-06 18:00:41+00:00,,41.0,ETH,3200.71,3200.49,18:00:41
2026-01-06 18:01:30+00:00,,90.0,ETH,3195.36,3195.36,18:01:30
2026-01-06 18:00:42+00:00,,42.0,ETH,3199.76,3199.43,18:00:42
2026-01-06 18:01:31+00:00,,91.0,ETH,3195.43,3195.36,18:01:31
2026-01-06 18:00:43+00:00,,43.0,ETH,3199.7,3199.56,18:00:43
2026-01-06 18:01:32+00:00,,92.0,ETH,3195.38,3195.33,18:01:32
2026-01-06 18:00:44+00:00,,44.0,ETH,3199.52,3199.27,18:00:44
2026-01-06 18:01:33+00:00,,93.0,ETH,3195.33,3195.29,18:01:33
2026-01-06 18:00:45+00:00,,45.0,ETH,3198.94,3198.86,18:00:45
2026-01-06 18:01:34+00:00,,94.0,ETH,3195.52,3195.41,18:01:34
2026-01-06 18:00:46+00:00,,46.0,ETH,3198.99,3198.76,18:00:46
2026-01-06 18:01:35+00:00,,95.0,ETH,3195.65,3195.47,18:01:35
2026-01-06 18:00:47+00:00,,47.0,ETH,3198.78,3198.56,18:00:47
2026-01-06 18:01:36+00:00,,96.0,ETH,3195.55,3195.42,18:01:36
2026-01-06 18:00:48+00:00,,48.0,ETH,3198.57,3198.48,18:00:48
2026-01-06 18:01:37+00:00,,97.0,ETH,3195.36,3195.32,18:01:37
2026-01-06 18:00:49+00:00,,49.0,ETH,3198.92,3198.79,18:00:49
2026-01-06 18:01:38+00:00,,98.0,ETH,3195.34,3195.01,18:01:38
2026-01-06 18:00:50+00:00,,50.0,ETH,3199.8,3199.55,18:00:50
2026-01-06 18:01:39+00:00,,99.0,ETH,3195.29,3194.99,18:01:39
2026-01-06 18:00:51+00:00,,51.0,ETH,3200.42,3199.98,18:00:51
2026-01-06 18:01:40+00:00,,100.0,ETH,3195.52,3195.45,18:01:40
2026-01-06 18:00:52+00:00,,52.0,ETH,3200.32,3199.93,18:00:52
2026-01-06 18:01:41+00:00,,101.0,ETH,3195.95,3195.81,18:01:41
2026-01-06 18:00:53+00:00,,53.0,ETH,3199.94,3199.84,18:00:53
2026-01-06 18:01:42+00:00,,102.0,ETH,3196.02,3195.9,18:01:42
2026-01-06 18:00:54+00:00,,54.0,ETH,3199.77,3199.76,18:00:54
2026-01-06 18:01:43+00:00,,103.0,ETH,3196.29,3196.23,18:01:43
2026-01-06 18:00:55+00:00,,55.0,ETH,3199.54,3199.49,18:00:55
2026-01-06 18:01:44+00:00,,104.0,ETH,3196.77,3196.57,18:01:44
2026-01-06 18:00:56+00:00,,56.0,ETH,3199.37,3199.19,18:00:56
2026-01-06 18:01:45+00:00,,105.0,ETH,3196.95,3196.69,18:01:45
2026-01-06 18:00:57+00:00,,57.0,ETH,3199.29,3199.14,18:00:57
2026-01-06 18:01:46+00:00,,106.0,ETH,3196.97,3196.78,18:01:46
2026-01-06 18:00:58+00:00,,58.0,ETH,3199.05,3199.02,18:00:58
2026-01-06 18:01:47+00:00,,107.0,ETH,3196.9,3196.68,18:01:47
2026-01-06 18:00:59+00:00,,59.0,ETH,3199.02,3198.98,18:00:59
2026-01-06 18:01:48+00:00,,108.0,ETH,3196.87,3196.64,18:01:48
2026-01-06 18:01:00+00:00,,60.0,ETH,3199.0,3198.76,18:01:00
2026-01-06 18:01:49+00:00,,109.0,ETH,3196.92,3196.7,18:01:49
2026-01-06 18:01:01+00:00,,61.0,ETH,3198.88,3198.56,18:01:01
2026-01-06 18:01:50+00:00,,110.0,ETH,3197.06,3196.82,18:01:50
2026-01-06 18:01:02+00:00,,62.0,ETH,3198.91,3198.8,18:01:02
2026-01-06 18:01:51+00:00,,111.0,ETH,3197.2,3196.92,18:01:51
2026-01-06 18:01:03+00:00,,63.0,ETH,3198.97,3198.75,18:01:03
2026-01-06 18:01:52+00:00,,112.0,ETH,3197.17,3196.89,18:01:52
2026-01-06 18:01:04+00:00,,64.0,ETH,3198.97,3198.7,18:01:04
2026-01-06 18:01:53+00:00,,113.0,ETH,3197.18,3197.0,18:01:53
2026-01-06 18:01:05+00:00,,65.0,ETH,3198.99,3198.83,18:01:05
2026-01-06 18:01:54+00:00,,114.0,ETH,3197.29,3197.16,18:01:54
2026-01-06 18:01:06+00:00,,66.0,ETH,3199.04,3198.82,18:01:06
2026-01-06 18:01:55+00:00,,115.0,ETH,3197.39,3197.24,18:01:55
2026-01-06 18:01:07+00:00,,67.0,ETH,3198.73,3198.58,18:01:07
2026-01-06 18:01:56+00:00,,116.0,ETH,3197.46,3197.31,18:01:56
2026-01-06 18:01:08+00:00,,68.0,ETH,3198.62,3198.5,18:01:08
2026-01-06 18:01:57+00:00,,117.0,ETH,3197.53,3197.38,18:01:57
2026-01-06 18:01:09+00:00,,69.0,ETH,3198.95,3198.72,18:01:09
2026-01-06 18:01:58+00:00,,118.0,ETH,3197.85,3197.71,18:01:58
2026-01-06 18:01:10+00:00,,70.0,ETH,3199.12,3198.8,18:01:10
2026-01-06 18:01:59+00:00,,119.0,ETH,3198.28,3198.1,18:01:59
2026-01-06 18:01:11+00:00,,71.0,ETH,3199.27,3198.73,18:01:11
2026-01-06 18:02:00+00:00,,120.0,ETH,3198.41,3198.23,18:02:00
2026-01-06 18:01:12+00:00,,72.0,ETH,3199.4,3198.64,18:01:12
2026-01-06 18:02:01+00:00,,121.0,ETH,3198.26,3198.16,18:02:01
2026-01-06 18:01:13+00:00,,73.0,ETH,3198.62,3198.55,18:01:13
2026-01-06 18:02:02+00:00,,122.0,ETH,3198.2,3198.05,18:02:02
2026-01-06 18:01:14+00:00,,74.0,ETH,3198.61,3198.6,18:01:14
2026-01-06 18:02:03+00:00,,123.0,ETH,3198.45,3198.44,18:02:03
2026-01-06 18:01:15+00:00,,75.0,ETH,3198.67,3198.18,18:01:15
2026-01-06 18:02:04+00:00,,124.0,ETH,3198.99,3198.8,18:02:04
2026-01-06 18:01:16+00:00,,76.0,ETH,3198.26,3198.2,18:01:16
2026-01-06 18:02:05+00:00,,125.0,ETH,3199.95,3199.94,18:02:05
2026-01-06 18:01:17+00:00,,77.0,ETH,3198.17,3198.03,18:01:17
2026-01-06 18:02:06+00:00,,126.0,ETH,3200.6,3200.29,18:02:06
2026-01-06 18:01:18+00:00,,78.0,ETH,3198.07,3197.98,18:01:18
2026-01-06 18:02:07+00:00,,127.0,ETH,3200.4,3200.31,18:02:07
2026-01-06 18:01:19+00:00,,79.0,ETH,3197.31,3197.28,18:01:19
2026-01-06 18:02:08+00:00,,128.0,ETH,3200.64,3200.33,18:02:08
2026-01-06 18:01:20+00:00,,80.0,ETH,3197.03,3196.84,18:01:20
2026-01-06 18:02:09+00:00,,129.0,ETH,3200.1,3200.03,18:02:09
2026-01-06 18:01:21+00:00,,81.0,ETH,3196.77,3196.68,18:01:21
2026-01-06 18:02:10+00:00,,130.0,ETH,3199.76,3199.56,18:02:10
2026-01-06 18:01:22+00:00,,82.0,ETH,3196.82,3196.69,18:01:22
2026-01-06 18:02:11+00:00,,131.0,ETH,3199.91,3199.85,18:02:11
2026-01-06 18:01:23+00:00,,83.0,ETH,3196.6,3196.18,18:01:23
2026-01-06 18:02:12+00:00,,132.0,ETH,3200.49,3200.15,18:02:12
2026-01-06 18:01:24+00:00,,84.0,ETH,3195.66,3195.61,18:01:24
2026-01-06 18:02:13+00:00,,133.0,ETH,3200.49,3200.19,18:02:13
2026-01-06 18:01:25+00:00,,85.0,ETH,3195.55,3195.52,18:01:25
2026-01-06 18:02:14+00:00,,134.0,ETH,3200.77,3200.74,18:02:14
2026-01-06 18:01:26+00:00,,86.0,ETH,3196.21,3196.07,18:01:26
2026-01-06 18:02:15+00:00,,135.0,ETH,3201.24,3201.01,18:02:15
2026-01-06 18:01:27+00:00,,87.0,ETH,3196.08,3196.03,18:01:27
2026-01-06 18:02:16+00:00,,136.0,ETH,3201.61,3201.47,18:02:16
2026-01-06 18:01:28+00:00,,88.0,ETH,3195.84,3195.83,18:01:28
2026-01-06 18:02:17+00:00,,137.0,ETH,3202.05,3201.77,18:02:17
2026-01-06 18:01:29+00:00,,89.0,ETH,3195.84,3195.83,18:01:29
2026-01-06 18:02:18+00:00,,138.0,ETH,3202.17,3201.9,18:02:18
2026-01-06 18:01:30+00:00,,90.0,ETH,3195.36,3195.36,18:01:30
2026-01-06 18:02:19+00:00,,139.0,ETH,3202.18,3201.83,18:02:19
2026-01-06 18:01:31+00:00,,91.0,ETH,3195.4,3195.34,18:01:31
2026-01-06 18:02:20+00:00,,140.0,ETH,3202.12,3201.8,18:02:20
2026-01-06 18:01:32+00:00,,92.0,ETH,3195.35,3195.31,18:01:32
2026-01-06 18:02:21+00:00,,141.0,ETH,3202.3,3202.17,18:02:21
2026-01-06 18:01:33+00:00,,93.0,ETH,3195.38,3195.31,18:01:33
2026-01-06 18:02:22+00:00,,142.0,ETH,3202.45,3202.34,18:02:22
2026-01-06 18:01:34+00:00,,94.0,ETH,3195.52,3195.41,18:01:34
2026-01-06 18:02:23+00:00,,143.0,ETH,3202.24,3202.07,18:02:23
2026-01-06 18:01:35+00:00,,95.0,ETH,3195.6,3195.49,18:01:35
2026-01-06 18:02:24+00:00,,144.0,ETH,3202.06,3201.89,18:02:24
2026-01-06 18:01:36+00:00,,96.0,ETH,3195.7,3195.45,18:01:36
2026-01-06 18:02:25+00:00,,145.0,ETH,3201.91,3201.73,18:02:25
2026-01-06 18:01:37+00:00,,97.0,ETH,3195.4,3195.38,18:01:37
2026-01-06 18:02:26+00:00,,146.0,ETH,3201.6,3201.59,18:02:26
2026-01-06 18:01:38+00:00,,98.0,ETH,3195.33,3195.25,18:01:38
2026-01-06 18:02:27+00:00,,147.0,ETH,3201.55,3201.31,18:02:27
2026-01-06 18:01:39+00:00,,99.0,ETH,3195.35,3194.78,18:01:39
2026-01-06 18:02:28+00:00,,148.0,ETH,3201.93,3201.81,18:02:28
2026-01-06 18:01:40+00:00,,100.0,ETH,3195.22,3195.2,18:01:40
2026-01-06 18:02:29+00:00,,149.0,ETH,3202.34,3202.14,18:02:29
2026-01-06 18:01:41+00:00,,101.0,ETH,3195.83,3195.71,18:01:41
2026-01-06 18:02:30+00:00,,150.0,ETH,3202.38,3202.18,18:02:30
2026-01-06 18:01:42+00:00,,102.0,ETH,3196.07,3195.91,18:01:42
2026-01-06 18:02:31+00:00,,151.0,ETH,3202.65,3202.5,18:02:31
2026-01-06 18:01:43+00:00,,103.0,ETH,3195.96,3195.9,18:01:43
2026-01-06 18:02:32+00:00,,152.0,ETH,3202.7,3202.39,18:02:32
2026-01-06 18:01:44+00:00,,104.0,ETH,3196.62,3196.57,18:01:44
2026-01-06 18:02:33+00:00,,153.0,ETH,3202.87,3202.67,18:02:33
2026-01-06 18:01:45+00:00,,105.0,ETH,3196.93,3196.58,18:01:45
2026-01-06 18:02:34+00:00,,154.0,ETH,3202.96,3202.73,18:02:34
2026-01-06 18:01:46+00:00,,106.0,ETH,3196.97,3196.8,18:01:46
2026-01-06 18:02:35+00:00,,155.0,ETH,3203.06,3202.99,18:02:35
2026-01-06 18:01:47+00:00,,107.0,ETH,3196.98,3196.75,18:01:47
2026-01-06 18:02:36+00:00,,156.0,ETH,3202.78,3202.61,18:02:36
2026-01-06 18:01:48+00:00,,108.0,ETH,3196.82,3196.61,18:01:48
2026-01-06 18:02:37+00:00,,157.0,ETH,3202.52,3202.42,18:02:37
2026-01-06 18:01:49+00:00,,109.0,ETH,3196.92,3196.68,18:01:49
2026-01-06 18:02:38+00:00,,158.0,ETH,3202.26,3202.23,18:02:38
2026-01-06 18:01:50+00:00,,110.0,ETH,3196.92,3196.73,18:01:50
2026-01-06 18:02:39+00:00,,159.0,ETH,3202.43,3202.37,18:02:39
2026-01-06 18:01:51+00:00,,111.0,ETH,3197.2,3196.9,18:01:51
2026-01-06 18:02:40+00:00,,160.0,ETH,3202.6,3202.52,18:02:40
2026-01-06 18:01:52+00:00,,112.0,ETH,3197.21,3196.93,18:01:52
2026-01-06 18:02:41+00:00,,161.0,ETH,3202.77,3202.67,18:02:41
2026-01-06 18:01:53+00:00,,113.0,ETH,3197.12,3196.86,18:01:53
2026-01-06 18:02:42+00:00,,162.0,ETH,3203.15,3202.93,18:02:42
2026-01-06 18:01:54+00:00,,114.0,ETH,3197.25,3197.14,18:01:54
2026-01-06 18:02:43+00:00,,163.0,ETH,3203.33,3203.1,18:02:43
2026-01-06 18:01:55+00:00,,115.0,ETH,3197.34,3197.17,18:01:55
2026-01-06 18:02:44+00:00,,164.0,ETH,3203.4,3203.38,18:02:44
2026-01-06 18:01:56+00:00,,116.0,ETH,3197.44,3197.31,18:01:56
2026-01-06 18:02:45+00:00,,165.0,ETH,3203.45,3203.28,18:02:45
2026-01-06 18:01:57+00:00,,117.0,ETH,3197.49,3197.3,18:01:57
2026-01-06 18:02:46+00:00,,166.0,ETH,3203.59,3203.38,18:02:46
2026-01-06 18:01:58+00:00,,118.0,ETH,3197.85,3197.71,18:01:58
2026-01-06 18:02:47+00:00,,167.0,ETH,3204.07,3203.86,18:02:47
2026-01-06 18:01:59+00:00,,119.0,ETH,3198.28,3198.1,18:01:59
2026-01-06 18:02:48+00:00,,168.0,ETH,3204.88,3204.67,18:02:48
2026-01-06 18:02:00+00:00,,120.0,ETH,3198.34,3198.19,18:02:00
2026-01-06 18:02:49+00:00,,169.0,ETH,3205.81,3205.63,18:02:49
2026-01-06 18:02:01+00:00,,121.0,ETH,3198.23,3198.1,18:02:01
2026-01-06 18:02:50+00:00,,170.0,ETH,3205.75,3205.68,18:02:50
2026-01-06 18:02:02+00:00,,122.0,ETH,3198.32,3198.24,18:02:02
2026-01-06 18:02:51+00:00,,171.0,ETH,3205.21,3205.02,18:02:51
2026-01-06 18:02:03+00:00,,123.0,ETH,3198.72,3198.62,18:02:03
2026-01-06 18:02:52+00:00,,172.0,ETH,3204.74,3204.57,18:02:52
2026-01-06 18:02:04+00:00,,124.0,ETH,3199.47,3199.37,18:02:04
2026-01-06 18:02:53+00:00,,173.0,ETH,3204.7,3204.6,18:02:53
2026-01-06 18:02:05+00:00,,125.0,ETH,3200.28,3200.11,18:02:05
2026-01-06 18:02:54+00:00,,174.0,ETH,3204.88,3204.7,18:02:54
2026-01-06 18:02:06+00:00,,126.0,ETH,3200.5,3200.3,18:02:06
2026-01-06 18:02:55+00:00,,175.0,ETH,3204.93,3204.7,18:02:55
2026-01-06 18:02:07+00:00,,127.0,ETH,3200.52,3200.32,18:02:07
2026-01-06 18:02:56+00:00,,176.0,ETH,3205.04,3204.73,18:02:56
2026-01-06 18:02:08+00:00,,128.0,ETH,3200.37,3200.18,18:02:08
2026-01-06 18:02:57+00:00,,177.0,ETH,3204.96,3204.75,18:02:57
2026-01-06 18:02:09+00:00,,129.0,ETH,3199.93,3199.79,18:02:09
2026-01-06 18:02:58+00:00,,178.0,ETH,3205.42,3205.36,18:02:58
2026-01-06 18:02:10+00:00,,130.0,ETH,3199.84,3199.7,18:02:10
2026-01-06 18:02:59+00:00,,179.0,ETH,3205.94,3205.61,18:02:59
2026-01-06 18:02:11+00:00,,131.0,ETH,3200.2,3200.0,18:02:11
2026-01-06 18:03:00+00:00,,180.0,ETH,3205.79,3205.38,18:03:00
2026-01-06 18:02:12+00:00,,132.0,ETH,3200.49,3200.17,18:02:12
2026-01-06 18:03:01+00:00,,181.0,ETH,3205.35,3205.23,18:03:01
2026-01-06 18:02:13+00:00,,133.0,ETH,3200.63,3200.46,18:02:13
2026-01-06 18:03:02+00:00,,182.0,ETH,3205.21,3205.13,18:03:02
2026-01-06 18:02:14+00:00,,134.0,ETH,3201.01,3200.87,18:02:14
2026-01-06 18:03:03+00:00,,183.0,ETH,3205.39,3205.25,18:03:03
2026-01-06 18:02:15+00:00,,135.0,ETH,3201.24,3201.1,18:02:15
2026-01-06 18:03:04+00:00,,184.0,ETH,3205.36,3205.27,18:03:04
2026-01-06 18:02:16+00:00,,136.0,ETH,3201.61,3201.47,18:02:16
2026-01-06 18:03:05+00:00,,185.0,ETH,3205.4,3205.29,18:03:05
2026-01-06 18:02:17+00:00,,137.0,ETH,3202.05,3201.77,18:02:17
2026-01-06 18:03:06+00:00,,186.0,ETH,3205.5,3205.32,18:03:06
2026-01-06 18:02:18+00:00,,138.0,ETH,3202.17,3201.9,18:02:18
2026-01-06 18:03:07+00:00,,187.0,ETH,3205.62,3205.43,18:03:07
2026-01-06 18:02:19+00:00,,139.0,ETH,3202.18,3201.83,18:02:19
2026-01-06 18:03:08+00:00,,188.0,ETH,3205.69,3205.46,18:03:08
2026-01-06 18:02:20+00:00,,140.0,ETH,3202.12,3201.8,18:02:20
2026-01-06 18:03:09+00:00,,189.0,ETH,3205.39,3205.2,18:03:09
2026-01-06 18:02:21+00:00,,141.0,ETH,3202.3,3202.17,18:02:21
2026-01-06 18:03:10+00:00,,190.0,ETH,3205.18,3205.07,18:03:10
2026-01-06 18:02:22+00:00,,142.0,ETH,3202.49,3202.43,18:02:22
2026-01-06 18:03:11+00:00,,191.0,ETH,3205.35,3205.2,18:03:11
2026-01-06 18:02:23+00:00,,143.0,ETH,3202.42,3202.25,18:02:23
2026-01-06 18:03:12+00:00,,192.0,ETH,3205.77,3205.45,18:03:12
2026-01-06 18:02:24+00:00,,144.0,ETH,3202.06,3201.89,18:02:24
2026-01-06 18:03:13+00:00,,193.0,ETH,3205.84,3205.32,18:03:13
2026-01-06 18:02:25+00:00,,145.0,ETH,3201.91,3201.73,18:02:25
2026-01-06 18:03:14+00:00,,194.0,ETH,3205.4,3205.01,18:03:14
2026-01-06 18:02:26+00:00,,146.0,ETH,3201.6,3201.59,18:02:26
2026-01-06 18:03:15+00:00,,195.0,ETH,3205.15,3205.02,18:03:15
2026-01-06 18:02:27+00:00,,147.0,ETH,3201.55,3201.31,18:02:27
2026-01-06 18:03:16+00:00,,196.0,ETH,3204.93,3204.87,18:03:16
2026-01-06 18:02:28+00:00,,148.0,ETH,3201.93,3201.81,18:02:28
2026-01-06 18:03:17+00:00,,197.0,ETH,3204.79,3204.72,18:03:17
2026-01-06 18:02:29+00:00,,149.0,ETH,3202.34,3202.14,18:02:29
2026-01-06 18:03:18+00:00,,198.0,ETH,3204.8,3204.72,18:03:18
2026-01-06 18:02:30+00:00,,150.0,ETH,3202.38,3202.18,18:02:30
2026-01-06 18:03:19+00:00,,199.0,ETH,3205.34,3205.27,18:03:19
2026-01-06 18:02:31+00:00,,151.0,ETH,3202.65,3202.5,18:02:31
2026-01-06 18:03:20+00:00,,200.0,ETH,3205.73,3205.6,18:03:20
2026-01-06 18:02:32+00:00,,152.0,ETH,3202.7,3202.39,18:02:32
2026-01-06 18:03:21+00:00,,201.0,ETH,3205.42,3205.25,18:03:21
2026-01-06 18:02:33+00:00,,153.0,ETH,3202.87,3202.67,18:02:33
2026-01-06 18:03:22+00:00,,202.0,ETH,3205.01,3204.94,18:03:22
2026-01-06 18:02:34+00:00,,154.0,ETH,3202.96,3202.73,18:02:34
2026-01-06 18:03:23+00:00,,203.0,ETH,3204.82,3204.75,18:03:23
2026-01-06 18:02:35+00:00,,155.0,ETH,3203.06,3202.99,18:02:35
2026-01-06 18:03:24+00:00,,204.0,ETH,3204.87,3204.77,18:03:24
2026-01-06 18:02:36+00:00,,156.0,ETH,3202.78,3202.61,18:02:36
2026-01-06 18:03:25+00:00,,205.0,ETH,3204.44,3204.29,18:03:25
2026-01-06 18:02:37+00:00,,157.0,ETH,3202.52,3202.42,18:02:37
2026-01-06 18:03:26+00:00,,206.0,ETH,3204.03,3203.81,18:03:26
2026-01-06 18:02:38+00:00,,158.0,ETH,3202.26,3202.23,18:02:38
2026-01-06 18:03:27+00:00,,207.0,ETH,3204.06,3203.81,18:03:27
2026-01-06 18:02:39+00:00,,159.0,ETH,3202.51,3202.45,18:02:39
2026-01-06 18:03:28+00:00,,208.0,ETH,3204.46,3204.29,18:03:28
2026-01-06 18:02:40+00:00,,160.0,ETH,3202.68,3202.6,18:02:40
2026-01-06 18:03:29+00:00,,209.0,ETH,3204.91,3204.69,18:03:29
2026-01-06 18:02:41+00:00,,161.0,ETH,3202.96,3202.8,18:02:41
2026-01-06 18:03:31+00:00,,211.0,ETH,3204.49,3204.36,18:03:31
2026-01-06 18:02:42+00:00,,162.0,ETH,3203.24,3203.01,18:02:42
2026-01-06 18:03:32+00:00,,212.0,ETH,3204.63,3204.52,18:03:31
2026-01-06 18:02:43+00:00,,163.0,ETH,3203.36,3203.24,18:02:43
2026-01-06 18:03:33+00:00,,213.0,ETH,3205.14,3204.61,18:03:33
2026-01-06 18:02:44+00:00,,164.0,ETH,3203.43,3203.33,18:02:44
2026-01-06 18:03:34+00:00,,214.0,ETH,3204.74,3204.6,18:03:34
2026-01-06 18:02:45+00:00,,165.0,ETH,3203.52,3203.33,18:02:45
2026-01-06 18:03:35+00:00,,215.0,ETH,3204.58,3204.38,18:03:35
2026-01-06 18:02:46+00:00,,166.0,ETH,3203.74,3203.5,18:02:46
2026-01-06 18:02:47+00:00,,167.0,ETH,3203.9,3203.63,18:02:47
2026-01-06 18:03:36+00:00,,216.0,ETH,3204.76,3204.67,18:03:36
2026-01-06 18:02:48+00:00,,168.0,ETH,3204.24,3204.1,18:02:48
2026-01-06 18:03:37+00:00,,217.0,ETH,3204.83,3204.68,18:03:37
2026-01-06 18:02:49+00:00,,169.0,ETH,3205.51,3205.23,18:02:49
2026-01-06 18:03:38+00:00,,218.0,ETH,3204.78,3204.61,18:03:38
2026-01-06 18:02:50+00:00,,170.0,ETH,3206.1,3206.02,18:02:50
2026-01-06 18:03:39+00:00,,219.0,ETH,3204.72,3204.6,18:03:39
2026-01-06 18:02:51+00:00,,171.0,ETH,3205.4,3205.33,18:02:51
2026-01-06 18:03:40+00:00,,220.0,ETH,3205.89,3205.81,18:03:40
2026-01-06 18:02:52+00:00,,172.0,ETH,3205.03,3204.71,18:02:52
2026-01-06 18:03:41+00:00,,221.0,ETH,3207.15,3207.1,18:03:41
2026-01-06 18:02:53+00:00,,173.0,ETH,3204.46,3204.42,18:02:53
2026-01-06 18:03:42+00:00,,222.0,ETH,3207.29,3207.19,18:03:42
2026-01-06 18:02:54+00:00,,174.0,ETH,3204.95,3204.78,18:02:54
2026-01-06 18:03:43+00:00,,223.0,ETH,3207.07,3206.88,18:03:43
2026-01-06 18:02:55+00:00,,175.0,ETH,3204.82,3204.63,18:02:55
2026-01-06 18:03:44+00:00,,224.0,ETH,3206.76,3206.62,18:03:44
2026-01-06 18:02:56+00:00,,176.0,ETH,3205.04,3204.77,18:02:56
2026-01-06 18:03:45+00:00,,225.0,ETH,3206.62,3206.54,18:03:45
2026-01-06 18:02:57+00:00,,177.0,ETH,3205.04,3204.68,18:02:57
2026-01-06 18:03:46+00:00,,226.0,ETH,3206.24,3206.13,18:03:46
2026-01-06 18:02:58+00:00,,178.0,ETH,3204.87,3204.82,18:02:58
2026-01-06 18:03:47+00:00,,227.0,ETH,3205.99,3205.84,18:03:47
2026-01-06 18:02:59+00:00,,179.0,ETH,3205.96,3205.89,18:02:59
2026-01-06 18:03:48+00:00,,228.0,ETH,3206.1,3205.97,18:03:48
2026-01-06 18:03:00+00:00,,180.0,ETH,3205.92,3205.32,18:03:00
2026-01-06 18:03:49+00:00,,229.0,ETH,3206.2,3206.07,18:03:49
2026-01-06 18:03:01+00:00,,181.0,ETH,3205.67,3205.45,18:03:01
2026-01-06 18:03:50+00:00,,230.0,ETH,3206.09,3205.92,18:03:50
2026-01-06 18:03:02+00:00,,182.0,ETH,3205.02,3205.01,18:03:02
2026-01-06 18:03:51+00:00,,231.0,ETH,3205.96,3205.83,18:03:51
2026-01-06 18:03:03+00:00,,183.0,ETH,3205.4,3205.25,18:03:03
2026-01-06 18:03:52+00:00,,232.0,ETH,3205.58,3205.4,18:03:52
2026-01-06 18:03:04+00:00,,184.0,ETH,3205.38,3205.26,18:03:04
2026-01-06 18:03:53+00:00,,233.0,ETH,3205.14,3204.94,18:03:53
2026-01-06 18:03:05+00:00,,185.0,ETH,3205.35,3205.27,18:03:05
2026-01-06 18:03:54+00:00,,234.0,ETH,3205.0,3204.81,18:03:54
2026-01-06 18:03:06+00:00,,186.0,ETH,3205.45,3205.31,18:03:06
2026-01-06 18:03:55+00:00,,235.0,ETH,3204.92,3204.71,18:03:55
2026-01-06 18:03:07+00:00,,187.0,ETH,3205.54,3205.34,18:03:07
2026-01-06 18:03:56+00:00,,236.0,ETH,3204.9,3204.76,18:03:56
2026-01-06 18:03:08+00:00,,188.0,ETH,3205.7,3205.52,18:03:08
2026-01-06 18:03:57+00:00,,237.0,ETH,3204.93,3204.87,18:03:57
2026-01-06 18:03:09+00:00,,189.0,ETH,3205.69,3205.4,18:03:09
2026-01-06 18:03:58+00:00,,238.0,ETH,3205.16,3205.08,18:03:58
2026-01-06 18:03:10+00:00,,190.0,ETH,3205.09,3205.0,18:03:10
2026-01-06 18:03:59+00:00,,239.0,ETH,3205.33,3205.24,18:03:59
2026-01-06 18:04:00+00:00,,240.0,ETH,3205.44,3205.21,18:04:00
2026-01-06 18:03:11+00:00,,191.0,ETH,3205.35,3205.2,18:03:11
2026-01-06 18:04:01+00:00,,241.0,ETH,3205.45,3205.29,18:04:01
2026-01-06 18:03:12+00:00,,192.0,ETH,3205.77,3205.45,18:03:12
2026-01-06 18:04:02+00:00,,242.0,ETH,3205.43,3205.26,18:04:02
2026-01-06 18:03:13+00:00,,193.0,ETH,3205.84,3205.32,18:03:13
2026-01-06 18:04:03+00:00,,243.0,ETH,3205.27,3204.76,18:04:03
2026-01-06 18:03:14+00:00,,194.0,ETH,3205.4,3205.01,18:03:14
2026-01-06 18:04:04+00:00,,244.0,ETH,3204.57,3204.4,18:04:04
2026-01-06 18:03:15+00:00,,195.0,ETH,3205.15,3205.02,18:03:15
2026-01-06 18:04:05+00:00,,245.0,ETH,3203.55,3203.41,18:04:05
2026-01-06 18:03:16+00:00,,196.0,ETH,3204.93,3204.87,18:03:16
2026-01-06 18:04:06+00:00,,246.0,ETH,3203.19,3203.11,18:04:06
2026-01-06 18:03:17+00:00,,197.0,ETH,3204.79,3204.72,18:03:17
2026-01-06 18:04:07+00:00,,247.0,ETH,3202.87,3202.81,18:04:07
2026-01-06 18:03:18+00:00,,198.0,ETH,3204.8,3204.72,18:03:18
2026-01-06 18:04:08+00:00,,248.0,ETH,3202.9,3202.72,18:04:08
2026-01-06 18:03:19+00:00,,199.0,ETH,3205.34,3205.27,18:03:19
2026-01-06 18:04:09+00:00,,249.0,ETH,3202.31,3202.23,18:04:09
2026-01-06 18:03:20+00:00,,200.0,ETH,3205.73,3205.6,18:03:20
2026-01-06 18:04:10+00:00,,250.0,ETH,3202.22,3202.21,18:04:10
2026-01-06 18:03:21+00:00,,201.0,ETH,3205.42,3205.25,18:03:21
2026-01-06 18:04:11+00:00,,251.0,ETH,3201.61,3201.25,18:04:11
2026-01-06 18:03:22+00:00,,202.0,ETH,3205.01,3204.94,18:03:22
2026-01-06 18:04:12+00:00,,252.0,ETH,3201.17,3201.06,18:04:12
2026-01-06 18:03:23+00:00,,203.0,ETH,3204.82,3204.75,18:03:23
2026-01-06 18:04:13+00:00,,253.0,ETH,3200.95,3200.7,18:04:13
2026-01-06 18:03:24+00:00,,204.0,ETH,3204.87,3204.77,18:03:24
2026-01-06 18:04:14+00:00,,254.0,ETH,3200.83,3200.64,18:04:14
2026-01-06 18:03:25+00:00,,205.0,ETH,3204.44,3204.29,18:03:25
2026-01-06 18:04:15+00:00,,255.0,ETH,3201.15,3201.02,18:04:15
2026-01-06 18:03:26+00:00,,206.0,ETH,3204.03,3203.81,18:03:26
2026-01-06 18:04:16+00:00,,256.0,ETH,3200.97,3200.87,18:04:16
2026-01-06 18:03:27+00:00,,207.0,ETH,3204.06,3203.81,18:03:27
2026-01-06 18:04:17+00:00,,257.0,ETH,3200.7,3200.37,18:04:17
2026-01-06 18:03:28+00:00,,208.0,ETH,3204.46,3204.29,18:03:28
2026-01-06 18:04:18+00:00,,258.0,ETH,3200.56,3200.49,18:04:18
2026-01-06 18:03:29+00:00,,209.0,ETH,3204.91,3204.69,18:03:29
2026-01-06 18:04:19+00:00,,259.0,ETH,3199.85,3199.83,18:04:19
2026-01-06 18:03:30+00:00,,210.0,ETH,3204.73,3204.47,18:03:30
2026-01-06 18:04:20+00:00,,260.0,ETH,3199.76,3199.71,18:04:20
2026-01-06 18:03:31+00:00,,211.0,ETH,3204.63,3204.52,18:03:31
2026-01-06 18:04:21+00:00,,261.0,ETH,3199.81,3199.74,18:04:21
2026-01-06 18:03:32+00:00,,212.0,ETH,3204.96,3204.65,18:03:32
2026-01-06 18:04:22+00:00,,262.0,ETH,3199.87,3199.78,18:04:22
2026-01-06 18:03:33+00:00,,213.0,ETH,3204.94,3204.61,18:03:33
2026-01-06 18:04:23+00:00,,263.0,ETH,3199.93,3199.81,18:04:23
2026-01-06 18:03:34+00:00,,214.0,ETH,3204.66,3204.49,18:03:34
2026-01-06 18:04:24+00:00,,264.0,ETH,3199.96,3199.83,18:04:24
2026-01-06 18:03:35+00:00,,215.0,ETH,3204.58,3204.38,18:03:35
2026-01-06 18:04:25+00:00,,265.0,ETH,3199.91,3199.69,18:04:25
2026-01-06 18:03:36+00:00,,216.0,ETH,3204.68,3204.6,18:03:36
2026-01-06 18:04:26+00:00,,266.0,ETH,3199.89,3199.86,18:04:26
2026-01-06 18:03:37+00:00,,217.0,ETH,3204.84,3204.74,18:03:37
2026-01-06 18:04:27+00:00,,267.0,ETH,3200.29,3200.01,18:04:27
2026-01-06 18:03:38+00:00,,218.0,ETH,3204.82,3204.62,18:03:38
2026-01-06 18:04:28+00:00,,268.0,ETH,3200.37,3200.03,18:04:28
2026-01-06 18:03:39+00:00,,219.0,ETH,3204.74,3204.6,18:03:39
2026-01-06 18:04:29+00:00,,269.0,ETH,3200.41,3200.4,18:04:29
2026-01-06 18:03:40+00:00,,220.0,ETH,3204.71,3204.6,18:03:40
2026-01-06 18:04:30+00:00,,270.0,ETH,3200.56,3200.37,18:04:30
2026-01-06 18:03:41+00:00,,221.0,ETH,3207.06,3207.02,18:03:41
2026-01-06 18:04:31+00:00,,271.0,ETH,3200.63,3200.34,18:04:31
2026-01-06 18:03:42+00:00,,222.0,ETH,3207.29,3207.19,18:03:42
2026-01-06 18:04:32+00:00,,272.0,ETH,3201.34,3201.05,18:04:32
2026-01-06 18:03:43+00:00,,223.0,ETH,3207.07,3206.88,18:03:43
2026-01-06 18:04:33+00:00,,273.0,ETH,3201.51,3201.12,18:04:33
2026-01-06 18:03:44+00:00,,224.0,ETH,3206.76,3206.62,18:03:44
2026-01-06 18:04:34+00:00,,274.0,ETH,3201.49,3201.37,18:04:34
2026-01-06 18:03:45+00:00,,225.0,ETH,3206.62,3206.54,18:03:45
2026-01-06 18:04:35+00:00,,275.0,ETH,3201.67,3201.61,18:04:35
2026-01-06 18:03:46+00:00,,226.0,ETH,3206.24,3206.13,18:03:46
2026-01-06 18:04:36+00:00,,276.0,ETH,3202.46,3202.15,18:04:36
2026-01-06 18:03:47+00:00,,227.0,ETH,3205.99,3205.84,18:03:47
2026-01-06 18:04:37+00:00,,277.0,ETH,3202.72,3202.46,18:04:37
2026-01-06 18:03:48+00:00,,228.0,ETH,3206.1,3205.97,18:03:48
2026-01-06 18:04:38+00:00,,278.0,ETH,3202.89,3202.61,18:04:38
2026-01-06 18:03:49+00:00,,229.0,ETH,3206.2,3206.07,18:03:49
2026-01-06 18:04:39+00:00,,279.0,ETH,3203.01,3202.67,18:04:39
2026-01-06 18:03:50+00:00,,230.0,ETH,3206.09,3205.92,18:03:50
2026-01-06 18:04:40+00:00,,280.0,ETH,3203.36,3203.11,18:04:40
2026-01-06 18:03:51+00:00,,231.0,ETH,3205.96,3205.83,18:03:51
2026-01-06 18:04:41+00:00,,281.0,ETH,3203.53,3203.36,18:04:41
2026-01-06 18:03:52+00:00,,232.0,ETH,3205.58,3205.4,18:03:52
2026-01-06 18:04:42+00:00,,282.0,ETH,3203.55,3203.36,18:04:42
2026-01-06 18:03:53+00:00,,233.0,ETH,3205.14,3204.94,18:03:53
2026-01-06 18:04:43+00:00,,283.0,ETH,3203.75,3203.67,18:04:43
2026-01-06 18:03:54+00:00,,234.0,ETH,3205.0,3204.81,18:03:54
2026-01-06 18:04:44+00:00,,284.0,ETH,3204.0,3203.89,18:04:44
2026-01-06 18:03:55+00:00,,235.0,ETH,3204.92,3204.71,18:03:55
2026-01-06 18:04:45+00:00,,285.0,ETH,3204.17,3203.94,18:04:45
2026-01-06 18:03:56+00:00,,236.0,ETH,3204.9,3204.76,18:03:56
2026-01-06 18:04:46+00:00,,286.0,ETH,3204.93,3204.78,18:04:46
2026-01-06 18:03:57+00:00,,237.0,ETH,3204.93,3204.87,18:03:57
2026-01-06 18:04:47+00:00,,287.0,ETH,3205.11,3204.93,18:04:47
2026-01-06 18:03:58+00:00,,238.0,ETH,3205.16,3205.08,18:03:58
2026-01-06 18:04:48+00:00,,288.0,ETH,3204.72,3204.51,18:04:48
2026-01-06 18:03:59+00:00,,239.0,ETH,3205.33,3205.24,18:03:59
2026-01-06 18:04:00+00:00,,240.0,ETH,3205.44,3205.21,18:04:00
2026-01-06 18:04:49+00:00,,289.0,ETH,3204.88,3204.67,18:04:49
2026-01-06 18:04:01+00:00,,241.0,ETH,3205.45,3205.29,18:04:01
2026-01-06 18:04:50+00:00,,290.0,ETH,3204.92,3204.73,18:04:50
2026-01-06 18:04:02+00:00,,242.0,ETH,3205.43,3205.26,18:04:02
2026-01-06 18:04:51+00:00,,291.0,ETH,3204.98,3204.71,18:04:51
2026-01-06 18:04:03+00:00,,243.0,ETH,3205.27,3204.76,18:04:03
2026-01-06 18:04:52+00:00,,292.0,ETH,3205.35,3205.12,18:04:52
2026-01-06 18:04:04+00:00,,244.0,ETH,3204.57,3204.4,18:04:04
2026-01-06 18:04:53+00:00,,293.0,ETH,3205.7,3205.52,18:04:53
2026-01-06 18:04:05+00:00,,245.0,ETH,3203.55,3203.41,18:04:05
2026-01-06 18:04:54+00:00,,294.0,ETH,3205.77,3205.53,18:04:54
2026-01-06 18:04:06+00:00,,246.0,ETH,3203.19,3203.11,18:04:06
2026-01-06 18:04:55+00:00,,295.0,ETH,3205.81,3205.58,18:04:55
2026-01-06 18:04:07+00:00,,247.0,ETH,3202.87,3202.81,18:04:07
2026-01-06 18:04:56+00:00,,296.0,ETH,3206.01,3205.8,18:04:56
2026-01-06 18:04:08+00:00,,248.0,ETH,3202.9,3202.72,18:04:08
2026-01-06 18:04:57+00:00,,297.0,ETH,3206.23,3206.03,18:04:57
2026-01-06 18:04:09+00:00,,249.0,ETH,3202.31,3202.23,18:04:09
2026-01-06 18:04:58+00:00,,298.0,ETH,3206.27,3206.09,18:04:58
2026-01-06 18:04:10+00:00,,250.0,ETH,3202.22,3202.21,18:04:10
2026-01-06 18:04:59+00:00,,299.0,ETH,3206.23,3206.09,18:04:59
2026-01-06 18:04:11+00:00,,251.0,ETH,3201.61,3201.25,18:04:11
2026-01-06 18:05:00+00:00,,300.0,ETH,3205.96,3205.74,18:05:00
2026-01-06 18:04:12+00:00,,252.0,ETH,3201.17,3201.06,18:04:12
2026-01-06 18:05:01+00:00,,301.0,ETH,3205.31,3205.09,18:05:01
2026-01-06 18:04:13+00:00,,253.0,ETH,3200.95,3200.7,18:04:13
2026-01-06 18:05:02+00:00,,302.0,ETH,3204.85,3204.65,18:05:02
2026-01-06 18:04:14+00:00,,254.0,ETH,3200.83,3200.64,18:04:14
2026-01-06 18:05:03+00:00,,303.0,ETH,3205.1,3204.92,18:05:03
2026-01-06 18:04:15+00:00,,255.0,ETH,3201.15,3201.02,18:04:15
2026-01-06 18:05:04+00:00,,304.0,ETH,3205.51,3205.37,18:05:04
2026-01-06 18:04:16+00:00,,256.0,ETH,3200.97,3200.87,18:04:16
2026-01-06 18:05:05+00:00,,305.0,ETH,3205.72,3205.57,18:05:05
2026-01-06 18:04:17+00:00,,257.0,ETH,3200.7,3200.37,18:04:17
2026-01-06 18:05:06+00:00,,306.0,ETH,3205.89,3205.8,18:05:06
2026-01-06 18:04:18+00:00,,258.0,ETH,3200.56,3200.49,18:04:18
2026-01-06 18:05:07+00:00,,307.0,ETH,3206.07,3205.89,18:05:07
2026-01-06 18:04:19+00:00,,259.0,ETH,3199.97,3199.97,18:04:19
2026-01-06 18:05:08+00:00,,308.0,ETH,3206.13,3205.9,18:05:08
2026-01-06 18:04:20+00:00,,260.0,ETH,3199.73,3199.69,18:04:20
2026-01-06 18:05:09+00:00,,309.0,ETH,3206.22,3205.96,18:05:09
2026-01-06 18:04:21+00:00,,261.0,ETH,3199.78,3199.72,18:04:21
2026-01-06 18:05:10+00:00,,310.0,ETH,3206.5,3206.26,18:05:10
2026-01-06 18:04:22+00:00,,262.0,ETH,3199.84,3199.76,18:04:22
2026-01-06 18:05:11+00:00,,311.0,ETH,3207.01,3206.77,18:05:11
2026-01-06 18:05:12+00:00,,312.0,ETH,3207.33,3207.04,18:05:12
2026-01-06 18:04:23+00:00,,263.0,ETH,3199.93,3199.81,18:04:23
2026-01-06 18:05:13+00:00,,313.0,ETH,3207.27,3207.1,18:05:13
2026-01-06 18:04:24+00:00,,264.0,ETH,3199.93,3199.76,18:04:24
2026-01-06 18:05:14+00:00,,314.0,ETH,3206.72,3206.65,18:05:14
2026-01-06 18:04:25+00:00,,265.0,ETH,3199.9,3199.77,18:04:25
2026-01-06 18:05:15+00:00,,315.0,ETH,3206.75,3206.63,18:05:15
2026-01-06 18:04:26+00:00,,266.0,ETH,3200.09,3199.94,18:04:26
2026-01-06 18:05:16+00:00,,316.0,ETH,3207.13,3206.91,18:05:16
2026-01-06 18:04:27+00:00,,267.0,ETH,3200.33,3200.02,18:04:27
2026-01-06 18:05:17+00:00,,317.0,ETH,3207.52,3207.25,18:05:17
2026-01-06 18:04:28+00:00,,268.0,ETH,3200.39,3200.21,18:04:28
2026-01-06 18:05:18+00:00,,318.0,ETH,3207.93,3207.72,18:05:18
2026-01-06 18:04:29+00:00,,269.0,ETH,3200.48,3200.39,18:04:29
2026-01-06 18:05:19+00:00,,319.0,ETH,3208.24,3208.03,18:05:19
2026-01-06 18:04:30+00:00,,270.0,ETH,3200.59,3200.36,18:04:30
2026-01-06 18:05:20+00:00,,320.0,ETH,3208.34,3208.13,18:05:20
2026-01-06 18:04:31+00:00,,271.0,ETH,3200.98,3200.7,18:04:31
2026-01-06 18:05:21+00:00,,321.0,ETH,3208.33,3208.09,18:05:21
2026-01-06 18:04:32+00:00,,272.0,ETH,3201.43,3201.09,18:04:32
2026-01-06 18:05:22+00:00,,322.0,ETH,3208.41,3208.22,18:05:22
2026-01-06 18:04:33+00:00,,273.0,ETH,3201.5,3201.25,18:04:33
2026-01-06 18:05:23+00:00,,323.0,ETH,3208.84,3208.67,18:05:23
2026-01-06 18:04:34+00:00,,274.0,ETH,3201.58,3201.49,18:04:34
2026-01-06 18:05:24+00:00,,324.0,ETH,3209.11,3208.89,18:05:24
2026-01-06 18:04:36+00:00,,276.0,ETH,3202.46,3202.15,18:04:36
2026-01-06 18:05:25+00:00,,325.0,ETH,3208.98,3208.74,18:05:25
2026-01-06 18:04:37+00:00,,277.0,ETH,3202.72,3202.46,18:04:37
2026-01-06 18:05:26+00:00,,326.0,ETH,3208.87,3208.62,18:05:26
2026-01-06 18:04:38+00:00,,278.0,ETH,3202.89,3202.61,18:04:38
2026-01-06 18:05:27+00:00,,327.0,ETH,3209.17,3209.0,18:05:27
2026-01-06 18:04:39+00:00,,279.0,ETH,3203.01,3202.67,18:04:39
2026-01-06 18:05:28+00:00,,328.0,ETH,3209.64,3209.49,18:05:28
2026-01-06 18:04:40+00:00,,280.0,ETH,3203.36,3203.11,18:04:40
2026-01-06 18:05:29+00:00,,329.0,ETH,3209.89,3209.71,18:05:29
2026-01-06 18:04:41+00:00,,281.0,ETH,3203.53,3203.36,18:04:41
2026-01-06 18:05:30+00:00,,330.0,ETH,3210.25,3210.07,18:05:30
2026-01-06 18:04:42+00:00,,282.0,ETH,3203.55,3203.36,18:04:42
2026-01-06 18:05:31+00:00,,331.0,ETH,3210.47,3210.27,18:05:31
2026-01-06 18:04:43+00:00,,283.0,ETH,3203.75,3203.67,18:04:43
2026-01-06 18:05:32+00:00,,332.0,ETH,3210.33,3210.14,18:05:32
2026-01-06 18:04:44+00:00,,284.0,ETH,3204.0,3203.89,18:04:44
2026-01-06 18:05:33+00:00,,333.0,ETH,3210.25,3210.04,18:05:33
2026-01-06 18:04:45+00:00,,285.0,ETH,3204.17,3203.94,18:04:45
2026-01-06 18:05:34+00:00,,334.0,ETH,3210.35,3210.12,18:05:34
2026-01-06 18:04:46+00:00,,286.0,ETH,3204.93,3204.78,18:04:46
2026-01-06 18:05:35+00:00,,335.0,ETH,3210.44,3210.24,18:05:35
2026-01-06 18:04:47+00:00,,287.0,ETH,3205.11,3204.93,18:04:47
2026-01-06 18:05:36+00:00,,336.0,ETH,3210.45,3210.24,18:05:36
2026-01-06 18:05:37+00:00,,337.0,ETH,3210.32,3210.06,18:05:37
2026-01-06 18:04:48+00:00,,288.0,ETH,3204.77,3204.55,18:04:48
2026-01-06 18:05:38+00:00,,338.0,ETH,3210.15,3209.79,18:05:38
2026-01-06 18:04:49+00:00,,289.0,ETH,3204.88,3204.67,18:04:49
2026-01-06 18:05:39+00:00,,339.0,ETH,3209.76,3209.59,18:05:39
2026-01-06 18:04:50+00:00,,290.0,ETH,3204.92,3204.73,18:04:50
2026-01-06 18:05:40+00:00,,340.0,ETH,3209.79,3209.69,18:05:40
2026-01-06 18:04:51+00:00,,291.0,ETH,3204.98,3204.71,18:04:51
2026-01-06 18:05:41+00:00,,341.0,ETH,3209.63,3209.58,18:05:41
2026-01-06 18:04:52+00:00,,292.0,ETH,3205.35,3205.12,18:04:52
2026-01-06 18:05:42+00:00,,342.0,ETH,3209.59,3209.43,18:05:42
2026-01-06 18:04:53+00:00,,293.0,ETH,3205.7,3205.52,18:04:53
2026-01-06 18:05:43+00:00,,343.0,ETH,3209.59,3209.45,18:05:43
2026-01-06 18:04:54+00:00,,294.0,ETH,3205.77,3205.53,18:04:54
2026-01-06 18:05:44+00:00,,344.0,ETH,3210.01,3209.71,18:05:44
2026-01-06 18:04:55+00:00,,295.0,ETH,3205.81,3205.58,18:04:55
2026-01-06 18:05:45+00:00,,345.0,ETH,3210.07,3209.93,18:05:45
2026-01-06 18:04:56+00:00,,296.0,ETH,3206.01,3205.8,18:04:56
2026-01-06 18:05:46+00:00,,346.0,ETH,3210.35,3210.19,18:05:46
2026-01-06 18:04:57+00:00,,297.0,ETH,3206.23,3206.03,18:04:57
2026-01-06 18:05:47+00:00,,347.0,ETH,3210.32,3210.14,18:05:47
2026-01-06 18:04:58+00:00,,298.0,ETH,3206.27,3206.09,18:04:58
2026-01-06 18:05:48+00:00,,348.0,ETH,3210.42,3210.25,18:05:48
2026-01-06 18:04:59+00:00,,299.0,ETH,3206.23,3206.09,18:04:59
2026-01-06 18:05:49+00:00,,349.0,ETH,3210.17,3210.07,18:05:49
2026-01-06 18:05:00+00:00,,300.0,ETH,3205.96,3205.74,18:05:00
2026-01-06 18:05:50+00:00,,350.0,ETH,3210.05,3209.71,18:05:50
2026-01-06 18:05:01+00:00,,301.0,ETH,3205.31,3205.09,18:05:01
2026-01-06 18:05:51+00:00,,351.0,ETH,3209.59,3209.53,18:05:51
2026-01-06 18:05:02+00:00,,302.0,ETH,3204.85,3204.65,18:05:02
2026-01-06 18:05:52+00:00,,352.0,ETH,3209.71,3209.58,18:05:52
2026-01-06 18:05:03+00:00,,303.0,ETH,3205.1,3204.92,18:05:03
2026-01-06 18:05:53+00:00,,353.0,ETH,3209.78,3209.62,18:05:53
2026-01-06 18:05:04+00:00,,304.0,ETH,3205.51,3205.37,18:05:04
2026-01-06 18:05:54+00:00,,354.0,ETH,3209.96,3209.82,18:05:54
2026-01-06 18:05:05+00:00,,305.0,ETH,3205.72,3205.57,18:05:05
2026-01-06 18:05:55+00:00,,355.0,ETH,3210.48,3210.33,18:05:55
2026-01-06 18:05:06+00:00,,306.0,ETH,3205.89,3205.8,18:05:06
2026-01-06 18:05:56+00:00,,356.0,ETH,3210.6,3210.38,18:05:56
2026-01-06 18:05:07+00:00,,307.0,ETH,3206.07,3205.89,18:05:07
2026-01-06 18:05:57+00:00,,357.0,ETH,3210.49,3210.25,18:05:57
2026-01-06 18:05:08+00:00,,308.0,ETH,3206.13,3205.9,18:05:08
2026-01-06 18:05:58+00:00,,358.0,ETH,3210.49,3210.47,18:05:58
2026-01-06 18:05:10+00:00,,310.0,ETH,3206.31,3206.01,18:05:10
2026-01-06 18:05:59+00:00,,359.0,ETH,3210.48,3210.26,18:05:59
2026-01-06 18:05:11+00:00,,311.0,ETH,3206.69,3206.51,18:05:11
2026-01-06 18:06:00+00:00,,360.0,ETH,3210.94,3210.8,18:06:00
2026-01-06 18:05:12+00:00,,312.0,ETH,3207.3,3207.07,18:05:12
2026-01-06 18:06:01+00:00,,361.0,ETH,3211.51,3211.41,18:06:01
2026-01-06 18:05:13+00:00,,313.0,ETH,3207.04,3206.95,18:05:13
2026-01-06 18:06:02+00:00,,362.0,ETH,3211.98,3211.91,18:06:02
2026-01-06 18:05:14+00:00,,314.0,ETH,3206.72,3206.65,18:05:14
2026-01-06 18:06:03+00:00,,363.0,ETH,3212.13,3212.03,18:06:03
2026-01-06 18:05:15+00:00,,315.0,ETH,3206.75,3206.63,18:05:15
2026-01-06 18:06:04+00:00,,364.0,ETH,3212.28,3212.19,18:06:04
2026-01-06 18:05:16+00:00,,316.0,ETH,3207.13,3206.91,18:05:16
2026-01-06 18:06:05+00:00,,365.0,ETH,3212.56,3212.48,18:06:05
2026-01-06 18:05:17+00:00,,317.0,ETH,3207.52,3207.25,18:05:17
2026-01-06 18:06:06+00:00,,366.0,ETH,3212.62,3212.45,18:06:06
2026-01-06 18:05:18+00:00,,318.0,ETH,3207.93,3207.72,18:05:18
2026-01-06 18:06:07+00:00,,367.0,ETH,3212.42,3212.24,18:06:07
2026-01-06 18:05:19+00:00,,319.0,ETH,3208.24,3208.03,18:05:19
2026-01-06 18:06:08+00:00,,368.0,ETH,3212.27,3212.11,18:06:08
2026-01-06 18:05:20+00:00,,320.0,ETH,3208.34,3208.13,18:05:20
2026-01-06 18:06:09+00:00,,369.0,ETH,3212.36,3212.2,18:06:09
2026-01-06 18:05:21+00:00,,321.0,ETH,3208.33,3208.09,18:05:21
2026-01-06 18:06:10+00:00,,370.0,ETH,3212.67,3212.48,18:06:10
2026-01-06 18:05:22+00:00,,322.0,ETH,3208.41,3208.22,18:05:22
2026-01-06 18:06:11+00:00,,371.0,ETH,3212.84,3212.62,18:06:11
2026-01-06 18:05:23+00:00,,323.0,ETH,3208.84,3208.67,18:05:23
2026-01-06 18:06:12+00:00,,372.0,ETH,3213.0,3212.89,18:06:12
2026-01-06 18:05:24+00:00,,324.0,ETH,3209.11,3208.89,18:05:24
2026-01-06 18:06:13+00:00,,373.0,ETH,3213.14,3213.04,18:06:13
2026-01-06 18:05:25+00:00,,325.0,ETH,3208.98,3208.74,18:05:25
2026-01-06 18:06:14+00:00,,374.0,ETH,3213.33,3213.22,18:06:14
2026-01-06 18:05:26+00:00,,326.0,ETH,3208.87,3208.62,18:05:26
2026-01-06 18:06:15+00:00,,375.0,ETH,3213.86,3213.68,18:06:15
2026-01-06 18:05:27+00:00,,327.0,ETH,3209.17,3209.0,18:05:27
2026-01-06 18:06:16+00:00,,376.0,ETH,3214.21,3214.03,18:06:16
2026-01-06 18:05:28+00:00,,328.0,ETH,3209.64,3209.49,18:05:28
2026-01-06 18:06:17+00:00,,377.0,ETH,3214.34,3214.17,18:06:17
2026-01-06 18:05:29+00:00,,329.0,ETH,3209.89,3209.71,18:05:29
2026-01-06 18:06:18+00:00,,378.0,ETH,3214.46,3214.21,18:06:18
2026-01-06 18:05:30+00:00,,330.0,ETH,3210.25,3210.07,18:05:30
2026-01-06 18:06:19+00:00,,379.0,ETH,3214.57,3214.4,18:06:19
2026-01-06 18:05:31+00:00,,331.0,ETH,3210.47,3210.27,18:05:31
2026-01-06 18:06:20+00:00,,380.0,ETH,3214.68,3214.59,18:06:20
2026-01-06 18:05:32+00:00,,332.0,ETH,3210.33,3210.14,18:05:32
2026-01-06 18:06:21+00:00,,381.0,ETH,3214.68,3214.51,18:06:21
2026-01-06 18:05:33+00:00,,333.0,ETH,3210.25,3210.04,18:05:33
2026-01-06 18:06:22+00:00,,382.0,ETH,3214.71,3214.55,18:06:22
2026-01-06 18:05:34+00:00,,334.0,ETH,3210.35,3210.12,18:05:34
2026-01-06 18:06:23+00:00,,383.0,ETH,3214.83,3214.75,18:06:23
2026-01-06 18:05:35+00:00,,335.0,ETH,3210.44,3210.24,18:05:35
2026-01-06 18:06:24+00:00,,384.0,ETH,3214.88,3214.81,18:06:24
2026-01-06 18:05:36+00:00,,336.0,ETH,3210.38,3210.15,18:05:36
2026-01-06 18:06:25+00:00,,385.0,ETH,3214.72,3214.68,18:06:25
2026-01-06 18:05:37+00:00,,337.0,ETH,3210.23,3209.93,18:05:37
2026-01-06 18:06:26+00:00,,386.0,ETH,3214.55,3214.53,18:06:26
2026-01-06 18:05:38+00:00,,338.0,ETH,3209.95,3209.69,18:05:38
2026-01-06 18:06:27+00:00,,387.0,ETH,3214.5,3214.37,18:06:27
2026-01-06 18:05:39+00:00,,339.0,ETH,3209.78,3209.64,18:05:39
2026-01-06 18:06:28+00:00,,388.0,ETH,3214.36,3214.23,18:06:28
2026-01-06 18:05:40+00:00,,340.0,ETH,3209.71,3209.63,18:05:40
2026-01-06 18:06:29+00:00,,389.0,ETH,3214.02,3213.92,18:06:29
2026-01-06 18:05:41+00:00,,341.0,ETH,3209.61,3209.5,18:05:41
2026-01-06 18:06:30+00:00,,390.0,ETH,3213.81,3213.68,18:06:30
2026-01-06 18:05:42+00:00,,342.0,ETH,3209.59,3209.44,18:05:42
2026-01-06 18:06:31+00:00,,391.0,ETH,3214.08,3213.83,18:06:31
2026-01-06 18:05:43+00:00,,343.0,ETH,3209.8,3209.58,18:05:43
2026-01-06 18:06:32+00:00,,392.0,ETH,3214.41,3214.1,18:06:32
2026-01-06 18:05:44+00:00,,344.0,ETH,3210.04,3209.82,18:05:44
2026-01-06 18:06:33+00:00,,393.0,ETH,3214.37,3214.18,18:06:33
2026-01-06 18:05:45+00:00,,345.0,ETH,3210.21,3210.06,18:05:45
2026-01-06 18:06:34+00:00,,394.0,ETH,3214.35,3214.17,18:06:34
2026-01-06 18:05:46+00:00,,346.0,ETH,3210.34,3210.16,18:05:46
2026-01-06 18:06:35+00:00,,395.0,ETH,3214.54,3214.42,18:06:35
2026-01-06 18:05:47+00:00,,347.0,ETH,3210.37,3210.19,18:05:47
2026-01-06 18:06:36+00:00,,396.0,ETH,3214.79,3214.67,18:06:36
2026-01-06 18:05:48+00:00,,348.0,ETH,3210.3,3210.16,18:05:48
2026-01-06 18:06:37+00:00,,397.0,ETH,3214.83,3214.66,18:06:37
2026-01-06 18:05:49+00:00,,349.0,ETH,3210.11,3209.89,18:05:49
2026-01-06 18:06:38+00:00,,398.0,ETH,3214.74,3214.56,18:06:38
2026-01-06 18:05:50+00:00,,350.0,ETH,3209.82,3209.62,18:05:50
2026-01-06 18:06:39+00:00,,399.0,ETH,3214.65,3214.48,18:06:39
2026-01-06 18:05:51+00:00,,351.0,ETH,3209.65,3209.56,18:05:51
2026-01-06 18:06:40+00:00,,400.0,ETH,3214.73,3214.52,18:06:40
2026-01-06 18:05:52+00:00,,352.0,ETH,3209.75,3209.6,18:05:52
2026-01-06 18:06:41+00:00,,401.0,ETH,3215.05,3214.76,18:06:41
2026-01-06 18:05:53+00:00,,353.0,ETH,3209.87,3209.72,18:05:53
2026-01-06 18:06:42+00:00,,402.0,ETH,3215.16,3214.86,18:06:42
2026-01-06 18:05:54+00:00,,354.0,ETH,3210.22,3210.07,18:05:54
2026-01-06 18:06:43+00:00,,403.0,ETH,3214.87,3214.68,18:06:43
2026-01-06 18:05:55+00:00,,355.0,ETH,3210.54,3210.35,18:05:55
2026-01-06 18:06:44+00:00,,404.0,ETH,3214.54,3214.44,18:06:44
2026-01-06 18:05:56+00:00,,356.0,ETH,3210.55,3210.31,18:05:56
2026-01-06 18:06:45+00:00,,405.0,ETH,3214.0,3213.86,18:06:45
2026-01-06 18:05:57+00:00,,357.0,ETH,3210.49,3210.36,18:05:57
2026-01-06 18:06:46+00:00,,406.0,ETH,3213.62,3213.38,18:06:46
2026-01-06 18:05:58+00:00,,358.0,ETH,3210.49,3210.36,18:05:58
2026-01-06 18:06:47+00:00,,407.0,ETH,3213.79,3213.57,18:06:47
2026-01-06 18:05:59+00:00,,359.0,ETH,3210.62,3210.42,18:05:59
2026-01-06 18:06:48+00:00,,408.0,ETH,3213.94,3213.77,18:06:48
2026-01-06 18:06:00+00:00,,360.0,ETH,3210.94,3210.8,18:06:00
2026-01-06 18:06:49+00:00,,409.0,ETH,3214.28,3214.14,18:06:49
2026-01-06 18:06:01+00:00,,361.0,ETH,3211.51,3211.41,18:06:01
2026-01-06 18:06:50+00:00,,410.0,ETH,3214.7,3214.54,18:06:50
2026-01-06 18:06:02+00:00,,362.0,ETH,3211.98,3211.91,18:06:02
2026-01-06 18:06:51+00:00,,411.0,ETH,3215.1,3214.87,18:06:51
2026-01-06 18:06:03+00:00,,363.0,ETH,3212.13,3212.03,18:06:03
2026-01-06 18:06:52+00:00,,412.0,ETH,3215.06,3214.67,18:06:52
2026-01-06 18:06:04+00:00,,364.0,ETH,3212.28,3212.19,18:06:04
2026-01-06 18:06:53+00:00,,413.0,ETH,3214.78,3214.56,18:06:53
2026-01-06 18:06:05+00:00,,365.0,ETH,3212.56,3212.48,18:06:05
2026-01-06 18:06:54+00:00,,414.0,ETH,3214.75,3214.55,18:06:54
2026-01-06 18:06:06+00:00,,366.0,ETH,3212.62,3212.45,18:06:06
2026-01-06 18:06:55+00:00,,415.0,ETH,3214.6,3214.42,18:06:55
2026-01-06 18:06:07+00:00,,367.0,ETH,3212.42,3212.24,18:06:07
2026-01-06 18:06:56+00:00,,416.0,ETH,3214.6,3214.58,18:06:56
2026-01-06 18:06:08+00:00,,368.0,ETH,3212.27,3212.11,18:06:08
2026-01-06 18:06:57+00:00,,417.0,ETH,3214.6,3214.44,18:06:57
2026-01-06 18:06:09+00:00,,369.0,ETH,3212.36,3212.2,18:06:09
2026-01-06 18:06:58+00:00,,418.0,ETH,3214.21,3214.06,18:06:58
2026-01-06 18:06:10+00:00,,370.0,ETH,3212.67,3212.48,18:06:10
2026-01-06 18:06:59+00:00,,419.0,ETH,3214.05,3213.99,18:06:59
2026-01-06 18:06:11+00:00,,371.0,ETH,3212.84,3212.62,18:06:11
2026-01-06 18:07:00+00:00,,420.0,ETH,3214.67,3214.38,18:07:00
2026-01-06 18:06:12+00:00,,372.0,ETH,3213.0,3212.89,18:06:12
2026-01-06 18:07:01+00:00,,421.0,ETH,3214.57,3214.48,18:07:01
2026-01-06 18:06:13+00:00,,373.0,ETH,3213.14,3213.04,18:06:13
2026-01-06 18:07:02+00:00,,422.0,ETH,3214.13,3213.87,18:07:02
2026-01-06 18:06:14+00:00,,374.0,ETH,3213.33,3213.22,18:06:14
2026-01-06 18:07:03+00:00,,423.0,ETH,3214.71,3214.36,18:07:03
2026-01-06 18:06:15+00:00,,375.0,ETH,3213.86,3213.68,18:06:15
2026-01-06 18:07:04+00:00,,424.0,ETH,3214.7,3214.38,18:07:04
2026-01-06 18:06:16+00:00,,376.0,ETH,3214.21,3214.03,18:06:16
2026-01-06 18:07:05+00:00,,425.0,ETH,3214.7,3214.37,18:07:05
2026-01-06 18:06:17+00:00,,377.0,ETH,3214.34,3214.17,18:06:17
2026-01-06 18:07:06+00:00,,426.0,ETH,3214.21,3214.11,18:07:06
2026-01-06 18:06:18+00:00,,378.0,ETH,3214.46,3214.21,18:06:18
2026-01-06 18:07:07+00:00,,427.0,ETH,3214.14,3213.91,18:07:07
2026-01-06 18:06:19+00:00,,379.0,ETH,3214.57,3214.4,18:06:19
2026-01-06 18:07:08+00:00,,428.0,ETH,3213.91,3213.67,18:07:08
2026-01-06 18:06:20+00:00,,380.0,ETH,3214.68,3214.59,18:06:20
2026-01-06 18:07:09+00:00,,429.0,ETH,3214.06,3213.74,18:07:09
2026-01-06 18:06:21+00:00,,381.0,ETH,3214.68,3214.51,18:06:21
2026-01-06 18:07:10+00:00,,430.0,ETH,3213.55,3213.39,18:07:10
2026-01-06 18:06:22+00:00,,382.0,ETH,3214.71,3214.55,18:06:22
2026-01-06 18:07:11+00:00,,431.0,ETH,3213.53,3213.39,18:07:11
2026-01-06 18:06:23+00:00,,383.0,ETH,3214.83,3214.75,18:06:23
2026-01-06 18:07:12+00:00,,432.0,ETH,3213.51,3213.39,18:07:12
2026-01-06 18:06:24+00:00,,384.0,ETH,3214.91,3214.83,18:06:24
2026-01-06 18:07:13+00:00,,433.0,ETH,3213.83,3213.67,18:07:13
2026-01-06 18:06:25+00:00,,385.0,ETH,3214.85,3214.78,18:06:25
2026-01-06 18:07:14+00:00,,434.0,ETH,3213.93,3213.72,18:07:14
2026-01-06 18:06:26+00:00,,386.0,ETH,3214.6,3214.58,18:06:26
2026-01-06 18:07:15+00:00,,435.0,ETH,3214.67,3214.58,18:07:15
2026-01-06 18:06:27+00:00,,387.0,ETH,3214.5,3214.48,18:06:27
2026-01-06 18:07:16+00:00,,436.0,ETH,3214.91,3214.89,18:07:16
2026-01-06 18:06:28+00:00,,388.0,ETH,3214.5,3214.26,18:06:28
2026-01-06 18:07:17+00:00,,437.0,ETH,3215.68,3215.64,18:07:17
2026-01-06 18:06:29+00:00,,389.0,ETH,3214.21,3214.2,18:06:29
2026-01-06 18:07:18+00:00,,438.0,ETH,3216.35,3216.2,18:07:18
2026-01-06 18:06:30+00:00,,390.0,ETH,3213.83,3213.65,18:06:30
2026-01-06 18:07:19+00:00,,439.0,ETH,3215.21,3214.99,18:07:19
2026-01-06 18:06:31+00:00,,391.0,ETH,3213.79,3213.71,18:06:31
2026-01-06 18:07:20+00:00,,440.0,ETH,3214.57,3214.51,18:07:20
2026-01-06 18:06:32+00:00,,392.0,ETH,3214.37,3213.96,18:06:32
2026-01-06 18:07:21+00:00,,441.0,ETH,3214.21,3214.17,18:07:21
2026-01-06 18:06:33+00:00,,393.0,ETH,3214.45,3214.25,18:06:33
2026-01-06 18:07:22+00:00,,442.0,ETH,3214.09,3214.06,18:07:22
2026-01-06 18:06:34+00:00,,394.0,ETH,3214.3,3214.11,18:06:34
2026-01-06 18:07:23+00:00,,443.0,ETH,3213.58,3213.55,18:07:23
2026-01-06 18:06:35+00:00,,395.0,ETH,3214.39,3214.23,18:06:35
2026-01-06 18:07:24+00:00,,444.0,ETH,3213.74,3213.71,18:07:24
2026-01-06 18:06:36+00:00,,396.0,ETH,3214.69,3214.61,18:06:36
2026-01-06 18:07:25+00:00,,445.0,ETH,3214.01,3213.89,18:07:25
2026-01-06 18:06:37+00:00,,397.0,ETH,3214.83,3214.66,18:06:37
2026-01-06 18:07:26+00:00,,446.0,ETH,3213.93,3213.78,18:07:26
2026-01-06 18:06:38+00:00,,398.0,ETH,3214.74,3214.56,18:06:38
2026-01-06 18:07:27+00:00,,447.0,ETH,3214.14,3213.91,18:07:27
2026-01-06 18:06:39+00:00,,399.0,ETH,3214.65,3214.48,18:06:39
2026-01-06 18:07:28+00:00,,448.0,ETH,3214.04,3213.97,18:07:28
2026-01-06 18:06:40+00:00,,400.0,ETH,3214.73,3214.52,18:06:40
2026-01-06 18:07:29+00:00,,449.0,ETH,3214.13,3214.06,18:07:29
2026-01-06 18:06:41+00:00,,401.0,ETH,3215.05,3214.76,18:06:41
2026-01-06 18:07:30+00:00,,450.0,ETH,3214.28,3214.05,18:07:30
2026-01-06 18:06:42+00:00,,402.0,ETH,3215.16,3214.86,18:06:42
2026-01-06 18:07:31+00:00,,451.0,ETH,3214.14,3214.04,18:07:31
2026-01-06 18:06:43+00:00,,403.0,ETH,3214.87,3214.68,18:06:43
2026-01-06 18:07:32+00:00,,452.0,ETH,3214.01,3213.87,18:07:32
2026-01-06 18:06:44+00:00,,404.0,ETH,3214.54,3214.44,18:06:44
2026-01-06 18:07:33+00:00,,453.0,ETH,3214.05,3213.88,18:07:33
2026-01-06 18:06:45+00:00,,405.0,ETH,3214.0,3213.86,18:06:45
2026-01-06 18:07:34+00:00,,454.0,ETH,3214.06,3213.82,18:07:34
2026-01-06 18:06:46+00:00,,406.0,ETH,3213.62,3213.38,18:06:46
2026-01-06 18:07:35+00:00,,455.0,ETH,3213.99,3213.81,18:07:35
2026-01-06 18:06:47+00:00,,407.0,ETH,3213.79,3213.57,18:06:47
2026-01-06 18:07:36+00:00,,456.0,ETH,3214.0,3213.87,18:07:36
2026-01-06 18:06:48+00:00,,408.0,ETH,3213.94,3213.77,18:06:48
2026-01-06 18:07:37+00:00,,457.0,ETH,3213.84,3213.81,18:07:37
2026-01-06 18:06:49+00:00,,409.0,ETH,3214.28,3214.14,18:06:49
2026-01-06 18:07:38+00:00,,458.0,ETH,3213.96,3213.93,18:07:38
2026-01-06 18:06:50+00:00,,410.0,ETH,3214.7,3214.54,18:06:50
2026-01-06 18:07:39+00:00,,459.0,ETH,3214.49,3214.3,18:07:39
2026-01-06 18:06:51+00:00,,411.0,ETH,3215.1,3214.87,18:06:51
2026-01-06 18:07:40+00:00,,460.0,ETH,3214.74,3214.41,18:07:40
2026-01-06 18:06:52+00:00,,412.0,ETH,3215.06,3214.67,18:06:52
2026-01-06 18:07:41+00:00,,461.0,ETH,3213.6,3213.5,18:07:41
2026-01-06 18:06:53+00:00,,413.0,ETH,3214.78,3214.56,18:06:53
2026-01-06 18:07:42+00:00,,462.0,ETH,3213.48,3213.34,18:07:42
2026-01-06 18:06:54+00:00,,414.0,ETH,3214.75,3214.55,18:06:54
2026-01-06 18:07:43+00:00,,463.0,ETH,3214.01,3213.86,18:07:43
2026-01-06 18:06:55+00:00,,415.0,ETH,3214.6,3214.42,18:06:55
2026-01-06 18:07:44+00:00,,464.0,ETH,3214.23,3213.95,18:07:44
2026-01-06 18:06:56+00:00,,416.0,ETH,3214.6,3214.58,18:06:56
2026-01-06 18:07:45+00:00,,465.0,ETH,3213.98,3213.86,18:07:45
2026-01-06 18:06:57+00:00,,417.0,ETH,3214.6,3214.44,18:06:57
2026-01-06 18:07:46+00:00,,466.0,ETH,3214.1,3213.91,18:07:46
2026-01-06 18:06:58+00:00,,418.0,ETH,3214.21,3214.06,18:06:58
2026-01-06 18:07:47+00:00,,467.0,ETH,3214.28,3213.97,18:07:47
2026-01-06 18:06:59+00:00,,419.0,ETH,3214.05,3213.99,18:06:59
2026-01-06 18:07:48+00:00,,468.0,ETH,3214.43,3214.16,18:07:48
2026-01-06 18:07:00+00:00,,420.0,ETH,3214.67,3214.38,18:07:00
2026-01-06 18:07:49+00:00,,469.0,ETH,3214.12,3214.03,18:07:49
2026-01-06 18:07:01+00:00,,421.0,ETH,3214.57,3214.48,18:07:01
2026-01-06 18:07:50+00:00,,470.0,ETH,3214.13,3214.07,18:07:50
2026-01-06 18:07:02+00:00,,422.0,ETH,3214.13,3213.87,18:07:02
2026-01-06 18:07:51+00:00,,471.0,ETH,3214.3,3214.17,18:07:51
2026-01-06 18:07:03+00:00,,423.0,ETH,3214.71,3214.36,18:07:03
2026-01-06 18:07:52+00:00,,472.0,ETH,3214.6,3214.45,18:07:52
2026-01-06 18:07:04+00:00,,424.0,ETH,3214.7,3214.38,18:07:04
2026-01-06 18:07:53+00:00,,473.0,ETH,3214.78,3214.61,18:07:53
2026-01-06 18:07:05+00:00,,425.0,ETH,3214.7,3214.37,18:07:05
2026-01-06 18:07:54+00:00,,474.0,ETH,3215.46,3215.25,18:07:54
2026-01-06 18:07:06+00:00,,426.0,ETH,3214.21,3214.11,18:07:06
2026-01-06 18:07:55+00:00,,475.0,ETH,3216.11,3216.0,18:07:55
2026-01-06 18:07:07+00:00,,427.0,ETH,3214.14,3213.91,18:07:07
2026-01-06 18:07:56+00:00,,476.0,ETH,3216.23,3216.0,18:07:56
2026-01-06 18:07:08+00:00,,428.0,ETH,3213.91,3213.67,18:07:08
2026-01-06 18:07:57+00:00,,477.0,ETH,3216.99,3216.66,18:07:57
2026-01-06 18:07:09+00:00,,429.0,ETH,3214.06,3213.74,18:07:09
2026-01-06 18:07:58+00:00,,478.0,ETH,3217.18,3216.72,18:07:58
2026-01-06 18:07:10+00:00,,430.0,ETH,3213.55,3213.39,18:07:10
2026-01-06 18:07:59+00:00,,479.0,ETH,3216.8,3216.7,18:07:59
2026-01-06 18:07:11+00:00,,431.0,ETH,3213.52,3213.39,18:07:11
2026-01-06 18:08:00+00:00,,480.0,ETH,3216.48,3216.22,18:08:00
2026-01-06 18:07:12+00:00,,432.0,ETH,3213.67,3213.53,18:07:12
2026-01-06 18:08:01+00:00,,481.0,ETH,3216.03,3215.79,18:08:01
2026-01-06 18:07:13+00:00,,433.0,ETH,3213.88,3213.7,18:07:13
2026-01-06 18:08:02+00:00,,482.0,ETH,3215.76,3215.73,18:08:02
2026-01-06 18:07:14+00:00,,434.0,ETH,3214.3,3214.15,18:07:14
2026-01-06 18:08:03+00:00,,483.0,ETH,3215.74,3215.69,18:08:03
2026-01-06 18:07:15+00:00,,435.0,ETH,3214.79,3214.74,18:07:15
2026-01-06 18:08:04+00:00,,484.0,ETH,3215.72,3215.66,18:08:04
2026-01-06 18:07:16+00:00,,436.0,ETH,3215.3,3215.27,18:07:16
2026-01-06 18:08:05+00:00,,485.0,ETH,3215.6,3215.56,18:08:05
2026-01-06 18:07:17+00:00,,437.0,ETH,3216.02,3215.92,18:07:17
2026-01-06 18:08:06+00:00,,486.0,ETH,3215.4,3215.39,18:08:06
2026-01-06 18:07:18+00:00,,438.0,ETH,3215.78,3215.6,18:07:18
2026-01-06 18:08:07+00:00,,487.0,ETH,3215.14,3215.13,18:08:07
2026-01-06 18:07:19+00:00,,439.0,ETH,3214.89,3214.75,18:07:19
2026-01-06 18:08:08+00:00,,488.0,ETH,3214.8,3214.76,18:08:08
2026-01-06 18:07:20+00:00,,440.0,ETH,3214.39,3214.34,18:07:20
2026-01-06 18:08:09+00:00,,489.0,ETH,3214.51,3214.47,18:08:09
2026-01-06 18:07:21+00:00,,441.0,ETH,3214.15,3214.11,18:07:21
2026-01-06 18:08:10+00:00,,490.0,ETH,3214.35,3214.33,18:08:10
2026-01-06 18:07:22+00:00,,442.0,ETH,3213.83,3213.81,18:07:22
2026-01-06 18:08:11+00:00,,491.0,ETH,3214.3,3214.26,18:08:11
2026-01-06 18:07:23+00:00,,443.0,ETH,3213.66,3213.63,18:07:23
2026-01-06 18:08:12+00:00,,492.0,ETH,3214.19,3214.13,18:08:12
2026-01-06 18:07:24+00:00,,444.0,ETH,3213.88,3213.8,18:07:24
2026-01-06 18:08:13+00:00,,493.0,ETH,3213.9,3213.84,18:08:13
2026-01-06 18:07:25+00:00,,445.0,ETH,3213.97,3213.84,18:07:25
2026-01-06 18:08:14+00:00,,494.0,ETH,3213.58,3213.5,18:08:14
2026-01-06 18:07:26+00:00,,446.0,ETH,3214.03,3213.84,18:07:26
2026-01-06 18:08:15+00:00,,495.0,ETH,3213.71,3213.56,18:08:15
2026-01-06 18:07:27+00:00,,447.0,ETH,3214.09,3213.94,18:07:27
2026-01-06 18:08:16+00:00,,496.0,ETH,3214.0,3213.76,18:08:16
2026-01-06 18:07:28+00:00,,448.0,ETH,3214.08,3214.02,18:07:28
2026-01-06 18:08:17+00:00,,497.0,ETH,3214.04,3213.75,18:08:17
2026-01-06 18:07:29+00:00,,449.0,ETH,3214.21,3214.06,18:07:29
2026-01-06 18:08:18+00:00,,498.0,ETH,3214.03,3213.73,18:08:18
2026-01-06 18:07:30+00:00,,450.0,ETH,3214.21,3214.05,18:07:30
2026-01-06 18:08:19+00:00,,499.0,ETH,3214.01,3213.72,18:08:19
2026-01-06 18:07:31+00:00,,451.0,ETH,3214.07,3213.95,18:07:31
2026-01-06 18:08:20+00:00,,500.0,ETH,3213.87,3213.72,18:08:20
2026-01-06 18:07:32+00:00,,452.0,ETH,3214.03,3213.87,18:07:32
2026-01-06 18:08:21+00:00,,501.0,ETH,3213.74,3213.68,18:08:21
2026-01-06 18:07:34+00:00,,454.0,ETH,3214.06,3213.82,18:07:34
2026-01-06 18:08:22+00:00,,502.0,ETH,3213.67,3213.56,18:08:22
2026-01-06 18:07:35+00:00,,455.0,ETH,3213.99,3213.81,18:07:35
2026-01-06 18:08:23+00:00,,503.0,ETH,3213.58,3213.44,18:08:23
2026-01-06 18:07:36+00:00,,456.0,ETH,3214.0,3213.87,18:07:36
2026-01-06 18:08:24+00:00,,504.0,ETH,3213.47,3213.37,18:08:24
2026-01-06 18:08:25+00:00,,505.0,ETH,3213.38,3213.33,18:08:25
2026-01-06 18:07:37+00:00,,457.0,ETH,3213.9,3213.87,18:07:37
2026-01-06 18:08:26+00:00,,506.0,ETH,3213.31,3213.28,18:08:26
2026-01-06 18:07:38+00:00,,458.0,ETH,3214.23,3214.12,18:07:38
2026-01-06 18:08:27+00:00,,507.0,ETH,3212.93,3212.77,18:08:27
2026-01-06 18:07:39+00:00,,459.0,ETH,3214.62,3214.36,18:07:39
2026-01-06 18:08:28+00:00,,508.0,ETH,3212.82,3212.77,18:08:28
2026-01-06 18:07:40+00:00,,460.0,ETH,3214.17,3213.96,18:07:40
2026-01-06 18:08:29+00:00,,509.0,ETH,3212.83,3212.76,18:08:29
2026-01-06 18:07:41+00:00,,461.0,ETH,3213.54,3213.42,18:07:41
2026-01-06 18:08:30+00:00,,510.0,ETH,3213.19,3213.11,18:08:30
2026-01-06 18:07:42+00:00,,462.0,ETH,3213.75,3213.6,18:07:42
2026-01-06 18:08:31+00:00,,511.0,ETH,3213.56,3213.44,18:08:31
2026-01-06 18:07:43+00:00,,463.0,ETH,3214.12,3213.91,18:07:43
2026-01-06 18:08:32+00:00,,512.0,ETH,3213.37,3213.22,18:08:32
2026-01-06 18:07:44+00:00,,464.0,ETH,3214.1,3213.9,18:07:44
2026-01-06 18:08:33+00:00,,513.0,ETH,3213.07,3212.97,18:08:33
2026-01-06 18:07:45+00:00,,465.0,ETH,3214.04,3213.89,18:07:45
2026-01-06 18:08:34+00:00,,514.0,ETH,3213.23,3213.11,18:08:34
2026-01-06 18:07:46+00:00,,466.0,ETH,3214.19,3213.94,18:07:46
2026-01-06 18:08:35+00:00,,515.0,ETH,3213.48,3213.29,18:08:35
2026-01-06 18:07:47+00:00,,467.0,ETH,3214.36,3214.06,18:07:47
2026-01-06 18:08:36+00:00,,516.0,ETH,3213.48,3213.33,18:08:36
2026-01-06 18:07:48+00:00,,468.0,ETH,3214.27,3214.09,18:07:48
2026-01-06 18:08:37+00:00,,517.0,ETH,3213.46,3213.33,18:08:37
2026-01-06 18:07:49+00:00,,469.0,ETH,3214.12,3214.05,18:07:49
2026-01-06 18:08:38+00:00,,518.0,ETH,3213.61,3213.44,18:08:38
2026-01-06 18:07:50+00:00,,470.0,ETH,3214.22,3214.12,18:07:50
2026-01-06 18:08:39+00:00,,519.0,ETH,3213.99,3213.74,18:08:39
2026-01-06 18:07:51+00:00,,471.0,ETH,3214.45,3214.31,18:07:51
2026-01-06 18:08:40+00:00,,520.0,ETH,3214.16,3213.87,18:08:40
2026-01-06 18:07:52+00:00,,472.0,ETH,3214.69,3214.53,18:07:52
2026-01-06 18:08:41+00:00,,521.0,ETH,3214.08,3213.84,18:08:41
2026-01-06 18:07:53+00:00,,473.0,ETH,3215.12,3214.93,18:07:53
2026-01-06 18:08:42+00:00,,522.0,ETH,3214.03,3213.85,18:08:42
2026-01-06 18:07:54+00:00,,474.0,ETH,3215.78,3215.62,18:07:54
2026-01-06 18:08:43+00:00,,523.0,ETH,3214.13,3214.02,18:08:43
2026-01-06 18:07:55+00:00,,475.0,ETH,3216.17,3216.0,18:07:55
2026-01-06 18:08:44+00:00,,524.0,ETH,3214.32,3214.13,18:08:44
2026-01-06 18:07:56+00:00,,476.0,ETH,3216.61,3216.33,18:07:56
2026-01-06 18:08:45+00:00,,525.0,ETH,3214.46,3214.24,18:08:45
2026-01-06 18:07:57+00:00,,477.0,ETH,3217.08,3216.69,18:07:57
2026-01-06 18:08:46+00:00,,526.0,ETH,3214.72,3214.49,18:08:46
2026-01-06 18:07:58+00:00,,478.0,ETH,3217.05,3216.75,18:07:58
2026-01-06 18:08:47+00:00,,527.0,ETH,3214.95,3214.62,18:08:47
2026-01-06 18:07:59+00:00,,479.0,ETH,3216.8,3216.7,18:07:59
2026-01-06 18:08:48+00:00,,528.0,ETH,3214.97,3214.64,18:08:48
2026-01-06 18:08:00+00:00,,480.0,ETH,3216.48,3216.22,18:08:00
2026-01-06 18:08:49+00:00,,529.0,ETH,3214.98,3214.64,18:08:49
2026-01-06 18:08:01+00:00,,481.0,ETH,3216.03,3215.79,18:08:01
2026-01-06 18:08:50+00:00,,530.0,ETH,3214.99,3214.62,18:08:50
2026-01-06 18:08:02+00:00,,482.0,ETH,3215.76,3215.73,18:08:02
2026-01-06 18:08:51+00:00,,531.0,ETH,3214.98,3214.62,18:08:51
2026-01-06 18:08:03+00:00,,483.0,ETH,3215.74,3215.69,18:08:03
2026-01-06 18:08:52+00:00,,532.0,ETH,3214.85,3214.61,18:08:52
2026-01-06 18:08:04+00:00,,484.0,ETH,3215.72,3215.66,18:08:04
2026-01-06 18:08:53+00:00,,533.0,ETH,3214.75,3214.65,18:08:53
2026-01-06 18:08:05+00:00,,485.0,ETH,3215.6,3215.56,18:08:05
2026-01-06 18:08:54+00:00,,534.0,ETH,3214.7,3214.53,18:08:54
2026-01-06 18:08:06+00:00,,486.0,ETH,3215.4,3215.39,18:08:06
2026-01-06 18:08:55+00:00,,535.0,ETH,3213.36,3213.31,18:08:55
2026-01-06 18:08:07+00:00,,487.0,ETH,3215.14,3215.13,18:08:07
2026-01-06 18:08:56+00:00,,536.0,ETH,3213.32,3213.22,18:08:56
2026-01-06 18:08:08+00:00,,488.0,ETH,3214.8,3214.76,18:08:08
2026-01-06 18:08:57+00:00,,537.0,ETH,3213.34,3213.18,18:08:57
2026-01-06 18:08:09+00:00,,489.0,ETH,3214.51,3214.47,18:08:09
2026-01-06 18:08:58+00:00,,538.0,ETH,3213.28,3213.18,18:08:58
2026-01-06 18:08:10+00:00,,490.0,ETH,3214.35,3214.33,18:08:10
2026-01-06 18:08:59+00:00,,539.0,ETH,3213.0,3212.68,18:08:59
2026-01-06 18:08:11+00:00,,491.0,ETH,3214.3,3214.26,18:08:11
2026-01-06 18:09:00+00:00,,540.0,ETH,3212.72,3212.68,18:09:00
2026-01-06 18:08:12+00:00,,492.0,ETH,3214.19,3214.13,18:08:12
2026-01-06 18:09:01+00:00,,541.0,ETH,3212.72,3212.66,18:09:01
2026-01-06 18:08:13+00:00,,493.0,ETH,3213.9,3213.84,18:08:13
2026-01-06 18:09:02+00:00,,542.0,ETH,3212.72,3212.68,18:09:02
2026-01-06 18:08:14+00:00,,494.0,ETH,3213.58,3213.5,18:08:14
2026-01-06 18:09:03+00:00,,543.0,ETH,3212.63,3212.56,18:09:03
2026-01-06 18:08:15+00:00,,495.0,ETH,3213.71,3213.56,18:08:15
2026-01-06 18:09:04+00:00,,544.0,ETH,3212.93,3212.76,18:09:04
2026-01-06 18:08:16+00:00,,496.0,ETH,3214.0,3213.76,18:08:16
2026-01-06 18:09:05+00:00,,545.0,ETH,3213.17,3212.87,18:09:05
2026-01-06 18:08:17+00:00,,497.0,ETH,3214.04,3213.75,18:08:17
2026-01-06 18:09:06+00:00,,546.0,ETH,3213.75,3213.63,18:09:06
2026-01-06 18:08:18+00:00,,498.0,ETH,3214.03,3213.73,18:08:18
2026-01-06 18:09:07+00:00,,547.0,ETH,3213.86,3213.61,18:09:07
2026-01-06 18:08:19+00:00,,499.0,ETH,3214.01,3213.72,18:08:19
2026-01-06 18:09:08+00:00,,548.0,ETH,3213.65,3213.55,18:09:08
2026-01-06 18:08:20+00:00,,500.0,ETH,3213.87,3213.72,18:08:20
2026-01-06 18:09:09+00:00,,549.0,ETH,3213.3,3213.24,18:09:09
2026-01-06 18:08:21+00:00,,501.0,ETH,3213.74,3213.68,18:08:21
2026-01-06 18:09:10+00:00,,550.0,ETH,3213.19,3213.06,18:09:10
2026-01-06 18:08:22+00:00,,502.0,ETH,3213.67,3213.56,18:08:22
2026-01-06 18:09:11+00:00,,551.0,ETH,3213.29,3213.15,18:09:11
2026-01-06 18:08:23+00:00,,503.0,ETH,3213.58,3213.44,18:08:23
2026-01-06 18:09:12+00:00,,552.0,ETH,3213.67,3213.63,18:09:12
2026-01-06 18:08:24+00:00,,504.0,ETH,3213.47,3213.37,18:08:24
2026-01-06 18:09:13+00:00,,553.0,ETH,3214.11,3213.93,18:09:13
2026-01-06 18:08:25+00:00,,505.0,ETH,3213.38,3213.33,18:08:25
2026-01-06 18:08:26+00:00,,506.0,ETH,3213.31,3213.28,18:08:26
2026-01-06 18:09:14+00:00,,554.0,ETH,3214.24,3214.08,18:09:14
2026-01-06 18:08:27+00:00,,507.0,ETH,3212.93,3212.77,18:08:27
2026-01-06 18:09:15+00:00,,555.0,ETH,3214.2,3214.1,18:09:15
2026-01-06 18:08:28+00:00,,508.0,ETH,3212.8,3212.77,18:08:28
2026-01-06 18:09:16+00:00,,556.0,ETH,3214.22,3214.11,18:09:16
2026-01-06 18:08:29+00:00,,509.0,ETH,3212.84,3212.76,18:08:29
2026-01-06 18:09:17+00:00,,557.0,ETH,3214.29,3214.09,18:09:17
2026-01-06 18:08:30+00:00,,510.0,ETH,3212.82,3212.75,18:08:30
2026-01-06 18:09:18+00:00,,558.0,ETH,3214.39,3214.21,18:09:18
2026-01-06 18:08:31+00:00,,511.0,ETH,3213.55,3213.46,18:08:31
2026-01-06 18:09:19+00:00,,559.0,ETH,3214.37,3214.22,18:09:19
2026-01-06 18:08:32+00:00,,512.0,ETH,3213.37,3213.22,18:08:32
2026-01-06 18:09:21+00:00,,561.0,ETH,3214.29,3214.14,18:09:21
2026-01-06 18:08:33+00:00,,513.0,ETH,3213.07,3212.97,18:08:33
2026-01-06 18:09:22+00:00,,562.0,ETH,3214.24,3214.11,18:09:21
2026-01-06 18:08:34+00:00,,514.0,ETH,3213.23,3213.11,18:08:34
2026-01-06 18:09:23+00:00,,563.0,ETH,3214.0,3213.94,18:09:23
2026-01-06 18:08:35+00:00,,515.0,ETH,3213.48,3213.29,18:08:35
2026-01-06 18:09:24+00:00,,564.0,ETH,3214.03,3213.91,18:09:24
2026-01-06 18:08:36+00:00,,516.0,ETH,3213.48,3213.33,18:08:36
2026-01-06 18:09:25+00:00,,565.0,ETH,3214.11,3213.93,18:09:25
2026-01-06 18:08:37+00:00,,517.0,ETH,3213.46,3213.33,18:08:37
2026-01-06 18:09:26+00:00,,566.0,ETH,3213.91,3213.89,18:09:26
2026-01-06 18:08:38+00:00,,518.0,ETH,3213.61,3213.44,18:08:38
2026-01-06 18:09:27+00:00,,567.0,ETH,3213.88,3213.74,18:09:27
2026-01-06 18:08:39+00:00,,519.0,ETH,3213.99,3213.74,18:08:39
2026-01-06 18:09:28+00:00,,568.0,ETH,3213.85,3213.75,18:09:28
2026-01-06 18:08:40+00:00,,520.0,ETH,3214.16,3213.87,18:08:40
2026-01-06 18:09:29+00:00,,569.0,ETH,3213.84,3213.75,18:09:29
2026-01-06 18:08:41+00:00,,521.0,ETH,3214.08,3213.84,18:08:41
2026-01-06 18:09:30+00:00,,570.0,ETH,3213.59,3213.57,18:09:30
2026-01-06 18:08:42+00:00,,522.0,ETH,3214.03,3213.85,18:08:42
2026-01-06 18:09:31+00:00,,571.0,ETH,3213.59,3213.57,18:09:31
2026-01-06 18:08:43+00:00,,523.0,ETH,3214.13,3214.02,18:08:43
2026-01-06 18:09:32+00:00,,572.0,ETH,3213.46,3213.42,18:09:32
2026-01-06 18:08:44+00:00,,524.0,ETH,3214.32,3214.13,18:08:44
2026-01-06 18:09:33+00:00,,573.0,ETH,3213.44,3213.42,18:09:33
2026-01-06 18:08:45+00:00,,525.0,ETH,3214.46,3214.24,18:08:45
2026-01-06 18:09:34+00:00,,574.0,ETH,3213.44,3213.42,18:09:34
2026-01-06 18:08:46+00:00,,526.0,ETH,3214.72,3214.49,18:08:46
2026-01-06 18:09:35+00:00,,575.0,ETH,3213.44,3213.42,18:09:35
2026-01-06 18:08:47+00:00,,527.0,ETH,3214.95,3214.62,18:08:47
2026-01-06 18:09:36+00:00,,576.0,ETH,3213.05,3212.81,18:09:36
2026-01-06 18:08:48+00:00,,528.0,ETH,3214.97,3214.64,18:08:48
2026-01-06 18:09:37+00:00,,577.0,ETH,3212.76,3212.74,18:09:37
2026-01-06 18:08:49+00:00,,529.0,ETH,3214.98,3214.64,18:08:49
2026-01-06 18:08:50+00:00,,530.0,ETH,3214.99,3214.62,18:08:50
2026-01-06 18:09:38+00:00,,578.0,ETH,3212.7,3212.68,18:09:38
2026-01-06 18:08:51+00:00,,531.0,ETH,3214.98,3214.62,18:08:51
2026-01-06 18:09:39+00:00,,579.0,ETH,3212.7,3212.68,18:09:39
2026-01-06 18:08:52+00:00,,532.0,ETH,3214.85,3214.61,18:08:52
2026-01-06 18:09:40+00:00,,580.0,ETH,3212.7,3212.68,18:09:40
2026-01-06 18:08:53+00:00,,533.0,ETH,3214.75,3214.65,18:08:53
2026-01-06 18:09:41+00:00,,581.0,ETH,3212.76,3212.71,18:09:41
2026-01-06 18:08:54+00:00,,534.0,ETH,3214.7,3214.53,18:08:54
2026-01-06 18:09:42+00:00,,582.0,ETH,3212.93,3212.8,18:09:42
2026-01-06 18:08:55+00:00,,535.0,ETH,3213.36,3213.31,18:08:55
2026-01-06 18:09:43+00:00,,583.0,ETH,3212.98,3212.85,18:09:43
2026-01-06 18:08:56+00:00,,536.0,ETH,3213.32,3213.22,18:08:56
2026-01-06 18:09:44+00:00,,584.0,ETH,3212.9,3212.84,18:09:44
2026-01-06 18:08:57+00:00,,537.0,ETH,3213.34,3213.18,18:08:57
2026-01-06 18:09:45+00:00,,585.0,ETH,3212.89,3212.82,18:09:45
2026-01-06 18:08:58+00:00,,538.0,ETH,3213.28,3213.18,18:08:58
2026-01-06 18:09:46+00:00,,586.0,ETH,3212.96,3212.83,18:09:46
2026-01-06 18:08:59+00:00,,539.0,ETH,3213.0,3212.68,18:08:59
2026-01-06 18:09:47+00:00,,587.0,ETH,3213.12,3212.96,18:09:47
2026-01-06 18:09:00+00:00,,540.0,ETH,3212.72,3212.68,18:09:00
2026-01-06 18:09:48+00:00,,588.0,ETH,3213.27,3213.08,18:09:48
2026-01-06 18:09:01+00:00,,541.0,ETH,3212.72,3212.66,18:09:01
2026-01-06 18:09:49+00:00,,589.0,ETH,3213.32,3213.12,18:09:49
2026-01-06 18:09:02+00:00,,542.0,ETH,3212.72,3212.68,18:09:02
2026-01-06 18:09:50+00:00,,590.0,ETH,3213.23,3213.1,18:09:50
2026-01-06 18:09:03+00:00,,543.0,ETH,3212.63,3212.56,18:09:03
2026-01-06 18:09:51+00:00,,591.0,ETH,3213.09,3213.03,18:09:51
2026-01-06 18:09:04+00:00,,544.0,ETH,3212.93,3212.76,18:09:04
2026-01-06 18:09:52+00:00,,592.0,ETH,3213.15,3213.03,18:09:52
2026-01-06 18:09:05+00:00,,545.0,ETH,3213.17,3212.87,18:09:05
2026-01-06 18:09:53+00:00,,593.0,ETH,3213.24,3213.03,18:09:53
2026-01-06 18:09:06+00:00,,546.0,ETH,3213.75,3213.63,18:09:06
2026-01-06 18:09:54+00:00,,594.0,ETH,3213.25,3213.1,18:09:54
2026-01-06 18:09:07+00:00,,547.0,ETH,3213.86,3213.61,18:09:07
2026-01-06 18:09:55+00:00,,595.0,ETH,3213.17,3213.11,18:09:55
2026-01-06 18:09:08+00:00,,548.0,ETH,3213.65,3213.55,18:09:08
2026-01-06 18:09:56+00:00,,596.0,ETH,3213.15,3213.06,18:09:56
2026-01-06 18:09:09+00:00,,549.0,ETH,3213.3,3213.24,18:09:09
2026-01-06 18:09:57+00:00,,597.0,ETH,3213.21,3213.08,18:09:57
2026-01-06 18:09:10+00:00,,550.0,ETH,3213.19,3213.06,18:09:10
2026-01-06 18:09:58+00:00,,598.0,ETH,3213.21,3213.09,18:09:58
2026-01-06 18:09:11+00:00,,551.0,ETH,3213.29,3213.15,18:09:11
2026-01-06 18:09:59+00:00,,599.0,ETH,3213.21,3213.1,18:09:59
2026-01-06 18:09:12+00:00,,552.0,ETH,3213.67,3213.63,18:09:12
2026-01-06 18:10:00+00:00,,600.0,ETH,3213.19,3213.1,18:10:00
2026-01-06 18:09:13+00:00,,553.0,ETH,3214.11,3213.93,18:09:13
2026-01-06 18:10:01+00:00,,601.0,ETH,3213.18,3213.08,18:10:01
2026-01-06 18:10:02+00:00,,602.0,ETH,3213.18,3213.06,18:10:02
2026-01-06 18:09:14+00:00,,554.0,ETH,3214.24,3214.08,18:09:14
2026-01-06 18:10:03+00:00,,603.0,ETH,3213.17,3213.04,18:10:03
2026-01-06 18:09:15+00:00,,555.0,ETH,3214.2,3214.1,18:09:15
2026-01-06 18:10:04+00:00,,604.0,ETH,3213.08,3213.01,18:10:04
2026-01-06 18:09:16+00:00,,556.0,ETH,3214.22,3214.11,18:09:16
2026-01-06 18:10:05+00:00,,605.0,ETH,3213.04,3213.0,18:10:05
2026-01-06 18:09:17+00:00,,557.0,ETH,3214.29,3214.09,18:09:17
2026-01-06 18:10:06+00:00,,606.0,ETH,3213.18,3213.06,18:10:06
2026-01-06 18:09:18+00:00,,558.0,ETH,3214.39,3214.21,18:09:18
2026-01-06 18:10:07+00:00,,607.0,ETH,3213.28,3213.18,18:10:07
2026-01-06 18:09:19+00:00,,559.0,ETH,3214.37,3214.22,18:09:19
2026-01-06 18:10:08+00:00,,608.0,ETH,3213.43,3213.38,18:10:08
2026-01-06 18:09:20+00:00,,560.0,ETH,3214.29,3214.14,18:09:20
2026-01-06 18:10:09+00:00,,609.0,ETH,3214.36,3214.33,18:10:09
2026-01-06 18:09:21+00:00,,561.0,ETH,3214.24,3214.11,18:09:21
2026-01-06 18:10:10+00:00,,610.0,ETH,3215.84,3215.69,18:10:10
2026-01-06 18:09:22+00:00,,562.0,ETH,3214.1,3214.01,18:09:22
2026-01-06 18:10:11+00:00,,611.0,ETH,3216.5,3216.24,18:10:11
2026-01-06 18:09:23+00:00,,563.0,ETH,3214.01,3213.93,18:09:23
2026-01-06 18:10:12+00:00,,612.0,ETH,3216.52,3216.26,18:10:12
2026-01-06 18:09:24+00:00,,564.0,ETH,3214.07,3213.92,18:09:24
2026-01-06 18:10:13+00:00,,613.0,ETH,3216.6,3216.44,18:10:13
2026-01-06 18:09:25+00:00,,565.0,ETH,3214.01,3213.91,18:09:25
2026-01-06 18:10:14+00:00,,614.0,ETH,3216.77,3216.62,18:10:14
2026-01-06 18:09:26+00:00,,566.0,ETH,3213.89,3213.82,18:09:26
2026-01-06 18:10:15+00:00,,615.0,ETH,3216.9,3216.67,18:10:15
2026-01-06 18:09:27+00:00,,567.0,ETH,3213.86,3213.75,18:09:27
2026-01-06 18:10:16+00:00,,616.0,ETH,3217.19,3216.93,18:10:16
2026-01-06 18:09:28+00:00,,568.0,ETH,3213.84,3213.75,18:09:28
2026-01-06 18:10:17+00:00,,617.0,ETH,3217.49,3217.2,18:10:17
2026-01-06 18:09:29+00:00,,569.0,ETH,3213.71,3213.66,18:09:29
2026-01-06 18:10:18+00:00,,618.0,ETH,3217.53,3217.22,18:10:18
2026-01-06 18:09:30+00:00,,570.0,ETH,3213.59,3213.57,18:09:30
2026-01-06 18:10:19+00:00,,619.0,ETH,3217.55,3217.37,18:10:19
2026-01-06 18:09:31+00:00,,571.0,ETH,3213.52,3213.5,18:09:31
2026-01-06 18:10:20+00:00,,620.0,ETH,3217.97,3217.91,18:10:20
2026-01-06 18:09:32+00:00,,572.0,ETH,3213.45,3213.42,18:09:32
2026-01-06 18:10:21+00:00,,621.0,ETH,3218.2,3218.05,18:10:21
2026-01-06 18:09:33+00:00,,573.0,ETH,3213.44,3213.42,18:09:33
2026-01-06 18:10:22+00:00,,622.0,ETH,3217.74,3217.58,18:10:22
2026-01-06 18:09:34+00:00,,574.0,ETH,3213.44,3213.42,18:09:34
2026-01-06 18:10:23+00:00,,623.0,ETH,3217.56,3217.43,18:10:23
2026-01-06 18:09:35+00:00,,575.0,ETH,3213.25,3213.12,18:09:35
2026-01-06 18:10:24+00:00,,624.0,ETH,3217.59,3217.38,18:10:24
2026-01-06 18:09:36+00:00,,576.0,ETH,3212.91,3212.78,18:09:36
2026-01-06 18:10:25+00:00,,625.0,ETH,3217.72,3217.43,18:10:25
2026-01-06 18:09:37+00:00,,577.0,ETH,3212.73,3212.71,18:09:37
2026-01-06 18:10:26+00:00,,626.0,ETH,3217.81,3217.59,18:10:26
2026-01-06 18:09:38+00:00,,578.0,ETH,3212.7,3212.68,18:09:38
2026-01-06 18:10:27+00:00,,627.0,ETH,3217.59,3217.49,18:10:27
2026-01-06 18:09:39+00:00,,579.0,ETH,3212.7,3212.68,18:09:39
2026-01-06 18:10:28+00:00,,628.0,ETH,3217.45,3217.37,18:10:28
2026-01-06 18:09:40+00:00,,580.0,ETH,3212.7,3212.68,18:09:40
2026-01-06 18:10:29+00:00,,629.0,ETH,3217.4,3217.35,18:10:29
2026-01-06 18:09:41+00:00,,581.0,ETH,3212.76,3212.71,18:09:41
2026-01-06 18:10:30+00:00,,630.0,ETH,3217.3,3217.29,18:10:30
2026-01-06 18:09:42+00:00,,582.0,ETH,3212.93,3212.8,18:09:42
2026-01-06 18:10:31+00:00,,631.0,ETH,3216.6,3216.55,18:10:31
2026-01-06 18:09:43+00:00,,583.0,ETH,3212.98,3212.85,18:09:43
2026-01-06 18:10:32+00:00,,632.0,ETH,3215.82,3215.63,18:10:32
2026-01-06 18:09:44+00:00,,584.0,ETH,3212.9,3212.84,18:09:44
2026-01-06 18:10:33+00:00,,633.0,ETH,3215.74,3215.5,18:10:33
2026-01-06 18:09:45+00:00,,585.0,ETH,3212.89,3212.82,18:09:45
2026-01-06 18:10:34+00:00,,634.0,ETH,3215.81,3215.71,18:10:34
2026-01-06 18:09:46+00:00,,586.0,ETH,3212.96,3212.83,18:09:46
2026-01-06 18:10:35+00:00,,635.0,ETH,3216.21,3216.13,18:10:35
2026-01-06 18:09:47+00:00,,587.0,ETH,3213.12,3212.96,18:09:47
2026-01-06 18:10:36+00:00,,636.0,ETH,3216.87,3216.78,18:10:36
2026-01-06 18:09:48+00:00,,588.0,ETH,3213.27,3213.08,18:09:48
2026-01-06 18:10:37+00:00,,637.0,ETH,3217.41,3217.19,18:10:37
2026-01-06 18:09:49+00:00,,589.0,ETH,3213.32,3213.12,18:09:49
2026-01-06 18:10:38+00:00,,638.0,ETH,3217.59,3217.31,18:10:38
2026-01-06 18:09:50+00:00,,590.0,ETH,3213.23,3213.1,18:09:50
2026-01-06 18:10:39+00:00,,639.0,ETH,3217.45,3217.25,18:10:39
2026-01-06 18:09:51+00:00,,591.0,ETH,3213.09,3213.03,18:09:51
2026-01-06 18:10:40+00:00,,640.0,ETH,3217.32,3217.04,18:10:40
2026-01-06 18:09:52+00:00,,592.0,ETH,3213.15,3213.03,18:09:52
2026-01-06 18:10:41+00:00,,641.0,ETH,3217.33,3217.13,18:10:41
2026-01-06 18:09:53+00:00,,593.0,ETH,3213.24,3213.03,18:09:53
2026-01-06 18:10:42+00:00,,642.0,ETH,3217.34,3217.15,18:10:42
2026-01-06 18:09:54+00:00,,594.0,ETH,3213.25,3213.1,18:09:54
2026-01-06 18:10:43+00:00,,643.0,ETH,3217.26,3217.0,18:10:43
2026-01-06 18:09:55+00:00,,595.0,ETH,3213.17,3213.11,18:09:55
2026-01-06 18:10:44+00:00,,644.0,ETH,3217.22,3216.96,18:10:44
2026-01-06 18:09:56+00:00,,596.0,ETH,3213.15,3213.06,18:09:56
2026-01-06 18:10:45+00:00,,645.0,ETH,3217.08,3216.88,18:10:45
2026-01-06 18:09:57+00:00,,597.0,ETH,3213.21,3213.08,18:09:57
2026-01-06 18:10:46+00:00,,646.0,ETH,3216.99,3216.82,18:10:46
2026-01-06 18:09:58+00:00,,598.0,ETH,3213.21,3213.09,18:09:58
2026-01-06 18:10:47+00:00,,647.0,ETH,3216.96,3216.78,18:10:47
2026-01-06 18:09:59+00:00,,599.0,ETH,3213.21,3213.1,18:09:59
2026-01-06 18:10:48+00:00,,648.0,ETH,3216.73,3216.56,18:10:48
2026-01-06 18:10:00+00:00,,600.0,ETH,3213.19,3213.1,18:10:00
2026-01-06 18:10:49+00:00,,649.0,ETH,3216.57,3216.43,18:10:49
2026-01-06 18:10:01+00:00,,601.0,ETH,3213.18,3213.09,18:10:01
2026-01-06 18:10:50+00:00,,650.0,ETH,3216.54,3216.49,18:10:50
2026-01-06 18:10:02+00:00,,602.0,ETH,3213.18,3213.07,18:10:02
2026-01-06 18:10:51+00:00,,651.0,ETH,3216.31,3216.31,18:10:51
2026-01-06 18:10:03+00:00,,603.0,ETH,3213.17,3213.04,18:10:03
2026-01-06 18:10:52+00:00,,652.0,ETH,3216.29,3216.26,18:10:52
2026-01-06 18:10:04+00:00,,604.0,ETH,3213.17,3213.04,18:10:04
2026-01-06 18:10:53+00:00,,653.0,ETH,3216.26,3216.18,18:10:53
2026-01-06 18:10:05+00:00,,605.0,ETH,3212.99,3212.98,18:10:05
2026-01-06 18:10:54+00:00,,654.0,ETH,3216.17,3216.15,18:10:54
2026-01-06 18:10:06+00:00,,606.0,ETH,3213.1,3213.02,18:10:06
2026-01-06 18:10:55+00:00,,655.0,ETH,3216.16,3216.14,18:10:55
2026-01-06 18:10:07+00:00,,607.0,ETH,3213.26,3213.11,18:10:07
2026-01-06 18:10:56+00:00,,656.0,ETH,3216.16,3216.13,18:10:56
2026-01-06 18:10:08+00:00,,608.0,ETH,3213.31,3213.25,18:10:08
2026-01-06 18:10:57+00:00,,657.0,ETH,3216.16,3216.12,18:10:57
2026-01-06 18:10:09+00:00,,609.0,ETH,3213.54,3213.51,18:10:09
2026-01-06 18:10:58+00:00,,658.0,ETH,3216.16,3216.12,18:10:58
2026-01-06 18:10:10+00:00,,610.0,ETH,3215.18,3215.15,18:10:10
2026-01-06 18:10:59+00:00,,659.0,ETH,3215.9,3215.57,18:10:59
2026-01-06 18:10:11+00:00,,611.0,ETH,3216.49,3216.23,18:10:11
2026-01-06 18:11:00+00:00,,660.0,ETH,3215.7,3215.6,18:11:00
2026-01-06 18:10:12+00:00,,612.0,ETH,3216.5,3216.25,18:10:12
2026-01-06 18:11:01+00:00,,661.0,ETH,3215.7,3215.59,18:11:01
2026-01-06 18:10:13+00:00,,613.0,ETH,3216.54,3216.28,18:10:13
2026-01-06 18:11:02+00:00,,662.0,ETH,3215.64,3215.38,18:11:02
2026-01-06 18:10:14+00:00,,614.0,ETH,3216.67,3216.6,18:10:14
2026-01-06 18:11:03+00:00,,663.0,ETH,3215.88,3215.74,18:11:03
2026-01-06 18:10:15+00:00,,615.0,ETH,3216.87,3216.65,18:10:15
2026-01-06 18:11:04+00:00,,664.0,ETH,3216.29,3216.23,18:11:04
2026-01-06 18:10:16+00:00,,616.0,ETH,3216.93,3216.7,18:10:16
2026-01-06 18:11:05+00:00,,665.0,ETH,3216.74,3216.58,18:11:05
2026-01-06 18:10:17+00:00,,617.0,ETH,3217.45,3217.17,18:10:17
2026-01-06 18:11:06+00:00,,666.0,ETH,3217.01,3216.69,18:11:06
2026-01-06 18:10:18+00:00,,618.0,ETH,3217.53,3217.22,18:10:18
2026-01-06 18:11:07+00:00,,667.0,ETH,3217.35,3217.08,18:11:07
2026-01-06 18:10:19+00:00,,619.0,ETH,3217.53,3217.21,18:10:19
2026-01-06 18:11:08+00:00,,668.0,ETH,3217.66,3217.52,18:11:08
2026-01-06 18:10:20+00:00,,620.0,ETH,3217.57,3217.52,18:10:20
2026-01-06 18:11:09+00:00,,669.0,ETH,3217.88,3217.66,18:11:09
2026-01-06 18:10:21+00:00,,621.0,ETH,3218.38,3218.3,18:10:21
2026-01-06 18:11:10+00:00,,670.0,ETH,3217.93,3217.68,18:11:10
2026-01-06 18:10:22+00:00,,622.0,ETH,3218.01,3217.79,18:10:22
2026-01-06 18:11:11+00:00,,671.0,ETH,3217.88,3217.65,18:11:11
2026-01-06 18:10:23+00:00,,623.0,ETH,3217.48,3217.37,18:10:23
2026-01-06 18:11:12+00:00,,672.0,ETH,3217.82,3217.66,18:11:12
2026-01-06 18:10:24+00:00,,624.0,ETH,3217.64,3217.49,18:10:24
2026-01-06 18:11:13+00:00,,673.0,ETH,3217.68,3217.63,18:11:13
2026-01-06 18:11:14+00:00,,674.0,ETH,3217.7,3217.64,18:11:14
2026-01-06 18:10:25+00:00,,625.0,ETH,3217.72,3217.43,18:10:25
2026-01-06 18:11:15+00:00,,675.0,ETH,3217.72,3217.66,18:11:15
2026-01-06 18:10:26+00:00,,626.0,ETH,3217.81,3217.59,18:10:26
2026-01-06 18:11:16+00:00,,676.0,ETH,3217.66,3217.51,18:11:16
2026-01-06 18:10:27+00:00,,627.0,ETH,3217.59,3217.49,18:10:27
2026-01-06 18:11:17+00:00,,677.0,ETH,3217.77,3217.65,18:11:17
2026-01-06 18:10:28+00:00,,628.0,ETH,3217.45,3217.37,18:10:28
2026-01-06 18:11:18+00:00,,678.0,ETH,3217.89,3217.78,18:11:18
2026-01-06 18:10:29+00:00,,629.0,ETH,3217.4,3217.35,18:10:29
2026-01-06 18:11:19+00:00,,679.0,ETH,3217.66,3217.56,18:11:19
2026-01-06 18:10:30+00:00,,630.0,ETH,3217.3,3217.29,18:10:30
2026-01-06 18:11:20+00:00,,680.0,ETH,3217.52,3217.37,18:11:20
2026-01-06 18:10:31+00:00,,631.0,ETH,3216.6,3216.55,18:10:31
2026-01-06 18:11:21+00:00,,681.0,ETH,3217.6,3217.43,18:11:21
2026-01-06 18:10:32+00:00,,632.0,ETH,3215.82,3215.63,18:10:32
2026-01-06 18:11:22+00:00,,682.0,ETH,3216.9,3216.9,18:11:22
2026-01-06 18:10:33+00:00,,633.0,ETH,3215.74,3215.5,18:10:33
2026-01-06 18:11:23+00:00,,683.0,ETH,3216.75,3216.57,18:11:23
2026-01-06 18:10:34+00:00,,634.0,ETH,3215.81,3215.71,18:10:34
2026-01-06 18:11:24+00:00,,684.0,ETH,3216.52,3216.51,18:11:24
2026-01-06 18:10:35+00:00,,635.0,ETH,3216.21,3216.13,18:10:35
2026-01-06 18:11:25+00:00,,685.0,ETH,3216.59,3216.51,18:11:25
2026-01-06 18:10:36+00:00,,636.0,ETH,3216.87,3216.78,18:10:36
2026-01-06 18:11:26+00:00,,686.0,ETH,3216.59,3216.54,18:11:26
2026-01-06 18:10:37+00:00,,637.0,ETH,3217.41,3217.19,18:10:37
2026-01-06 18:11:27+00:00,,687.0,ETH,3216.62,3216.55,18:11:27
2026-01-06 18:10:38+00:00,,638.0,ETH,3217.59,3217.31,18:10:38
2026-01-06 18:11:28+00:00,,688.0,ETH,3216.32,3216.3,18:11:28
2026-01-06 18:10:39+00:00,,639.0,ETH,3217.45,3217.25,18:10:39
2026-01-06 18:11:29+00:00,,689.0,ETH,3216.24,3216.15,18:11:29
2026-01-06 18:10:40+00:00,,640.0,ETH,3217.32,3217.04,18:10:40
2026-01-06 18:11:30+00:00,,690.0,ETH,3216.24,3216.16,18:11:30
2026-01-06 18:10:41+00:00,,641.0,ETH,3217.33,3217.13,18:10:41
2026-01-06 18:11:31+00:00,,691.0,ETH,3216.24,3216.19,18:11:31
2026-01-06 18:10:42+00:00,,642.0,ETH,3217.34,3217.15,18:10:42
2026-01-06 18:11:32+00:00,,692.0,ETH,3216.23,3216.18,18:11:32
2026-01-06 18:10:43+00:00,,643.0,ETH,3217.26,3217.0,18:10:43
2026-01-06 18:11:33+00:00,,693.0,ETH,3215.96,3215.86,18:11:33
2026-01-06 18:10:44+00:00,,644.0,ETH,3217.22,3216.96,18:10:44
2026-01-06 18:11:34+00:00,,694.0,ETH,3216.06,3215.97,18:11:34
2026-01-06 18:10:45+00:00,,645.0,ETH,3217.08,3216.88,18:10:45
2026-01-06 18:11:35+00:00,,695.0,ETH,3216.57,3216.39,18:11:35
2026-01-06 18:10:46+00:00,,646.0,ETH,3216.99,3216.82,18:10:46
2026-01-06 18:11:36+00:00,,696.0,ETH,3216.64,3216.38,18:11:36
2026-01-06 18:10:47+00:00,,647.0,ETH,3216.96,3216.78,18:10:47
2026-01-06 18:11:37+00:00,,697.0,ETH,3216.65,3216.6,18:11:37
2026-01-06 18:10:48+00:00,,648.0,ETH,3216.73,3216.56,18:10:48
2026-01-06 18:11:38+00:00,,698.0,ETH,3216.47,3216.34,18:11:38
2026-01-06 18:10:49+00:00,,649.0,ETH,3216.57,3216.43,18:10:49
2026-01-06 18:10:50+00:00,,650.0,ETH,3216.54,3216.49,18:10:50
2026-01-06 18:11:39+00:00,,699.0,ETH,3217.14,3216.95,18:11:39
2026-01-06 18:10:51+00:00,,651.0,ETH,3216.31,3216.31,18:10:51
2026-01-06 18:11:40+00:00,,700.0,ETH,3217.14,3216.86,18:11:40
2026-01-06 18:10:52+00:00,,652.0,ETH,3216.29,3216.26,18:10:52
2026-01-06 18:11:41+00:00,,701.0,ETH,3216.8,3216.63,18:11:41
2026-01-06 18:10:53+00:00,,653.0,ETH,3216.26,3216.18,18:10:53
2026-01-06 18:11:42+00:00,,702.0,ETH,3216.62,3216.46,18:11:42
2026-01-06 18:10:54+00:00,,654.0,ETH,3216.17,3216.15,18:10:54
2026-01-06 18:11:43+00:00,,703.0,ETH,3216.62,3216.43,18:11:43
2026-01-06 18:10:55+00:00,,655.0,ETH,3216.16,3216.14,18:10:55
2026-01-06 18:11:44+00:00,,704.0,ETH,3216.61,3216.43,18:11:44
2026-01-06 18:10:56+00:00,,656.0,ETH,3216.16,3216.13,18:10:56
2026-01-06 18:11:45+00:00,,705.0,ETH,3216.58,3216.41,18:11:45
2026-01-06 18:10:57+00:00,,657.0,ETH,3216.16,3216.12,18:10:57
2026-01-06 18:11:46+00:00,,706.0,ETH,3216.43,3216.34,18:11:46
2026-01-06 18:10:58+00:00,,658.0,ETH,3216.16,3216.12,18:10:58
2026-01-06 18:11:47+00:00,,707.0,ETH,3216.31,3216.25,18:11:47
2026-01-06 18:10:59+00:00,,659.0,ETH,3215.9,3215.57,18:10:59
2026-01-06 18:11:48+00:00,,708.0,ETH,3216.29,3216.2,18:11:48
2026-01-06 18:11:00+00:00,,660.0,ETH,3215.7,3215.61,18:11:00
2026-01-06 18:11:49+00:00,,709.0,ETH,3216.29,3216.22,18:11:49
2026-01-06 18:11:01+00:00,,661.0,ETH,3215.63,3215.43,18:11:01
2026-01-06 18:11:50+00:00,,710.0,ETH,3216.31,3216.22,18:11:50
2026-01-06 18:11:02+00:00,,662.0,ETH,3215.64,3215.38,18:11:02
2026-01-06 18:11:51+00:00,,711.0,ETH,3216.31,3216.2,18:11:51
2026-01-06 18:11:03+00:00,,663.0,ETH,3215.88,3215.74,18:11:03
2026-01-06 18:11:52+00:00,,712.0,ETH,3216.3,3216.2,18:11:52
2026-01-06 18:11:04+00:00,,664.0,ETH,3216.29,3216.23,18:11:04
2026-01-06 18:11:53+00:00,,713.0,ETH,3216.3,3216.21,18:11:53
2026-01-06 18:11:05+00:00,,665.0,ETH,3216.74,3216.58,18:11:05
2026-01-06 18:11:54+00:00,,714.0,ETH,3216.29,3216.18,18:11:54
2026-01-06 18:11:06+00:00,,666.0,ETH,3217.01,3216.69,18:11:06
2026-01-06 18:11:55+00:00,,715.0,ETH,3216.23,3216.15,18:11:55
2026-01-06 18:11:07+00:00,,667.0,ETH,3217.35,3217.08,18:11:07
2026-01-06 18:11:56+00:00,,716.0,ETH,3216.24,3216.18,18:11:56
2026-01-06 18:11:08+00:00,,668.0,ETH,3217.66,3217.52,18:11:08
2026-01-06 18:11:57+00:00,,717.0,ETH,3216.38,3216.25,18:11:57
2026-01-06 18:11:09+00:00,,669.0,ETH,3217.88,3217.66,18:11:09
2026-01-06 18:11:10+00:00,,670.0,ETH,3217.93,3217.68,18:11:10
2026-01-06 18:11:58+00:00,,718.0,ETH,3216.43,3216.29,18:11:58
2026-01-06 18:11:11+00:00,,671.0,ETH,3217.88,3217.65,18:11:11
2026-01-06 18:12:00+00:00,,720.0,ETH,3216.33,3216.24,18:12:00
2026-01-06 18:11:12+00:00,,672.0,ETH,3217.82,3217.66,18:11:12
2026-01-06 18:12:01+00:00,,721.0,ETH,3216.31,3216.22,18:12:01
2026-01-06 18:11:13+00:00,,673.0,ETH,3217.69,3217.63,18:11:13
2026-01-06 18:12:02+00:00,,722.0,ETH,3215.62,3215.55,18:12:02
2026-01-06 18:11:14+00:00,,674.0,ETH,3217.7,3217.64,18:11:14
2026-01-06 18:12:03+00:00,,723.0,ETH,3215.55,3215.47,18:12:03
2026-01-06 18:11:15+00:00,,675.0,ETH,3217.72,3217.66,18:11:15
2026-01-06 18:12:04+00:00,,724.0,ETH,3215.53,3215.4,18:12:04
2026-01-06 18:11:16+00:00,,676.0,ETH,3217.66,3217.51,18:11:16
2026-01-06 18:12:05+00:00,,725.0,ETH,3215.5,3215.38,18:12:05
2026-01-06 18:11:17+00:00,,677.0,ETH,3217.77,3217.65,18:11:17
2026-01-06 18:12:06+00:00,,726.0,ETH,3215.59,3215.52,18:12:06
2026-01-06 18:11:18+00:00,,678.0,ETH,3217.89,3217.78,18:11:18
2026-01-06 18:12:07+00:00,,727.0,ETH,3215.79,3215.68,18:12:07
2026-01-06 18:11:19+00:00,,679.0,ETH,3217.66,3217.56,18:11:19
2026-01-06 18:12:08+00:00,,728.0,ETH,3215.92,3215.75,18:12:08
2026-01-06 18:11:20+00:00,,680.0,ETH,3217.52,3217.37,18:11:20
2026-01-06 18:12:09+00:00,,729.0,ETH,3216.12,3215.93,18:12:09
2026-01-06 18:11:21+00:00,,681.0,ETH,3217.6,3217.43,18:11:21
2026-01-06 18:12:10+00:00,,730.0,ETH,3216.42,3216.15,18:12:10
2026-01-06 18:11:22+00:00,,682.0,ETH,3216.9,3216.9,18:11:22
2026-01-06 18:12:11+00:00,,731.0,ETH,3216.49,3216.23,18:12:11
2026-01-06 18:11:23+00:00,,683.0,ETH,3216.75,3216.57,18:11:23
2026-01-06 18:12:12+00:00,,732.0,ETH,3216.26,3216.12,18:12:12
2026-01-06 18:11:24+00:00,,684.0,ETH,3216.52,3216.51,18:11:24
2026-01-06 18:12:13+00:00,,733.0,ETH,3215.88,3215.83,18:12:13
2026-01-06 18:11:25+00:00,,685.0,ETH,3216.59,3216.51,18:11:25
2026-01-06 18:12:14+00:00,,734.0,ETH,3215.73,3215.64,18:12:14
2026-01-06 18:11:26+00:00,,686.0,ETH,3216.59,3216.54,18:11:26
2026-01-06 18:12:15+00:00,,735.0,ETH,3215.81,3215.67,18:12:15
2026-01-06 18:11:27+00:00,,687.0,ETH,3216.62,3216.55,18:11:27
2026-01-06 18:12:16+00:00,,736.0,ETH,3215.85,3215.73,18:12:16
2026-01-06 18:11:28+00:00,,688.0,ETH,3216.32,3216.3,18:11:28
2026-01-06 18:12:17+00:00,,737.0,ETH,3215.79,3215.69,18:12:17
2026-01-06 18:11:29+00:00,,689.0,ETH,3216.24,3216.15,18:11:29
2026-01-06 18:12:18+00:00,,738.0,ETH,3215.71,3215.56,18:12:18
2026-01-06 18:11:30+00:00,,690.0,ETH,3216.24,3216.16,18:11:30
2026-01-06 18:12:19+00:00,,739.0,ETH,3215.6,3215.47,18:12:19
2026-01-06 18:11:31+00:00,,691.0,ETH,3216.24,3216.19,18:11:31
2026-01-06 18:12:20+00:00,,740.0,ETH,3215.65,3215.56,18:12:20
2026-01-06 18:11:32+00:00,,692.0,ETH,3216.23,3216.18,18:11:32
2026-01-06 18:12:21+00:00,,741.0,ETH,3215.8,3215.64,18:12:21
2026-01-06 18:11:33+00:00,,693.0,ETH,3215.96,3215.86,18:11:33
2026-01-06 18:12:22+00:00,,742.0,ETH,3215.78,3215.64,18:12:22
2026-01-06 18:11:34+00:00,,694.0,ETH,3216.06,3215.97,18:11:34
2026-01-06 18:12:23+00:00,,743.0,ETH,3215.74,3215.64,18:12:23
2026-01-06 18:11:35+00:00,,695.0,ETH,3216.57,3216.39,18:11:35
2026-01-06 18:12:24+00:00,,744.0,ETH,3215.91,3215.83,18:12:24
2026-01-06 18:11:36+00:00,,696.0,ETH,3216.64,3216.38,18:11:36
2026-01-06 18:11:37+00:00,,697.0,ETH,3216.65,3216.6,18:11:37
2026-01-06 18:11:38+00:00,,698.0,ETH,3216.72,3216.64,18:11:38
2026-01-06 18:12:25+00:00,,745.0,ETH,3216.25,3216.13,18:12:25
2026-01-06 18:11:39+00:00,,699.0,ETH,3217.14,3216.95,18:11:39
2026-01-06 18:12:28+00:00,,748.0,ETH,3216.78,3216.54,18:12:28
2026-01-06 18:11:40+00:00,,700.0,ETH,3217.14,3216.86,18:11:40
2026-01-06 18:12:29+00:00,,749.0,ETH,3217.17,3216.95,18:12:29
2026-01-06 18:11:41+00:00,,701.0,ETH,3216.8,3216.63,18:11:41
2026-01-06 18:12:30+00:00,,750.0,ETH,3217.55,3217.26,18:12:30
2026-01-06 18:11:42+00:00,,702.0,ETH,3216.62,3216.46,18:11:42
2026-01-06 18:12:31+00:00,,751.0,ETH,3217.61,3217.35,18:12:31
2026-01-06 18:11:43+00:00,,703.0,ETH,3216.62,3216.43,18:11:43
2026-01-06 18:12:32+00:00,,752.0,ETH,3217.72,3217.55,18:12:32
2026-01-06 18:11:44+00:00,,704.0,ETH,3216.61,3216.43,18:11:44
2026-01-06 18:12:34+00:00,,754.0,ETH,3217.86,3217.66,18:12:34
2026-01-06 18:11:45+00:00,,705.0,ETH,3216.58,3216.41,18:11:45
2026-01-06 18:12:35+00:00,,755.0,ETH,3217.59,3217.52,18:12:35
2026-01-06 18:11:46+00:00,,706.0,ETH,3216.43,3216.34,18:11:46
2026-01-06 18:12:36+00:00,,756.0,ETH,3217.49,3217.4,18:12:36
2026-01-06 18:11:47+00:00,,707.0,ETH,3216.31,3216.25,18:11:47
2026-01-06 18:12:37+00:00,,757.0,ETH,3217.55,3217.35,18:12:37
2026-01-06 18:11:48+00:00,,708.0,ETH,3216.29,3216.2,18:11:48
2026-01-06 18:12:38+00:00,,758.0,ETH,3217.55,3217.31,18:12:38
2026-01-06 18:11:49+00:00,,709.0,ETH,3216.29,3216.22,18:11:49
2026-01-06 18:12:39+00:00,,759.0,ETH,3217.54,3217.37,18:12:39
2026-01-06 18:11:50+00:00,,710.0,ETH,3216.31,3216.22,18:11:50
2026-01-06 18:12:40+00:00,,760.0,ETH,3217.53,3217.3,18:12:40
2026-01-06 18:11:51+00:00,,711.0,ETH,3216.31,3216.2,18:11:51
2026-01-06 18:12:41+00:00,,761.0,ETH,3216.89,3216.89,18:12:41
2026-01-06 18:11:52+00:00,,712.0,ETH,3216.3,3216.2,18:11:52
2026-01-06 18:12:42+00:00,,762.0,ETH,3216.75,3216.62,18:12:42
2026-01-06 18:11:53+00:00,,713.0,ETH,3216.3,3216.21,18:11:53
2026-01-06 18:12:43+00:00,,763.0,ETH,3216.63,3216.44,18:12:43
2026-01-06 18:11:54+00:00,,714.0,ETH,3216.29,3216.18,18:11:54
2026-01-06 18:12:44+00:00,,764.0,ETH,3216.65,3216.61,18:12:44
2026-01-06 18:11:55+00:00,,715.0,ETH,3216.23,3216.15,18:11:55
2026-01-06 18:12:45+00:00,,765.0,ETH,3216.64,3216.48,18:12:45
2026-01-06 18:11:56+00:00,,716.0,ETH,3216.24,3216.18,18:11:56
2026-01-06 18:12:46+00:00,,766.0,ETH,3216.3,3216.28,18:12:46
2026-01-06 18:11:57+00:00,,717.0,ETH,3216.38,3216.25,18:11:57
2026-01-06 18:12:47+00:00,,767.0,ETH,3216.19,3215.99,18:12:47
2026-01-06 18:11:58+00:00,,718.0,ETH,3216.43,3216.29,18:11:58
2026-01-06 18:12:48+00:00,,768.0,ETH,3215.67,3215.19,18:12:48
2026-01-06 18:11:59+00:00,,719.0,ETH,3216.36,3216.25,18:11:59
2026-01-06 18:12:49+00:00,,769.0,ETH,3215.01,3214.9,18:12:49
2026-01-06 18:12:00+00:00,,720.0,ETH,3216.32,3216.23,18:12:00
2026-01-06 18:12:50+00:00,,770.0,ETH,3214.94,3214.81,18:12:50
2026-01-06 18:12:01+00:00,,721.0,ETH,3215.97,3215.88,18:12:01
2026-01-06 18:12:02+00:00,,722.0,ETH,3215.59,3215.52,18:12:02
2026-01-06 18:12:51+00:00,,771.0,ETH,3214.95,3214.78,18:12:51
2026-01-06 18:12:03+00:00,,723.0,ETH,3215.55,3215.47,18:12:03
2026-01-06 18:12:52+00:00,,772.0,ETH,3215.04,3214.81,18:12:52
2026-01-06 18:12:04+00:00,,724.0,ETH,3215.53,3215.4,18:12:04
2026-01-06 18:12:53+00:00,,773.0,ETH,3215.11,3214.84,18:12:53
2026-01-06 18:12:05+00:00,,725.0,ETH,3215.5,3215.38,18:12:05
2026-01-06 18:12:54+00:00,,774.0,ETH,3215.13,3214.9,18:12:54
2026-01-06 18:12:06+00:00,,726.0,ETH,3215.59,3215.52,18:12:06
2026-01-06 18:12:55+00:00,,775.0,ETH,3215.38,3215.09,18:12:55
2026-01-06 18:12:07+00:00,,727.0,ETH,3215.79,3215.68,18:12:07
2026-01-06 18:12:56+00:00,,776.0,ETH,3215.72,3215.44,18:12:56
2026-01-06 18:12:08+00:00,,728.0,ETH,3215.92,3215.75,18:12:08
2026-01-06 18:12:57+00:00,,777.0,ETH,3215.77,3215.48,18:12:57
2026-01-06 18:12:09+00:00,,729.0,ETH,3216.12,3215.93,18:12:09
2026-01-06 18:12:58+00:00,,778.0,ETH,3215.65,3215.3,18:12:58
2026-01-06 18:12:10+00:00,,730.0,ETH,3216.42,3216.15,18:12:10
2026-01-06 18:12:59+00:00,,779.0,ETH,3215.51,3215.3,18:12:59
2026-01-06 18:12:12+00:00,,732.0,ETH,3216.46,3216.24,18:12:12
2026-01-06 18:13:00+00:00,,780.0,ETH,3215.5,3215.38,18:13:00
2026-01-06 18:12:13+00:00,,733.0,ETH,3216.06,3215.99,18:12:13
2026-01-06 18:13:01+00:00,,781.0,ETH,3215.42,3215.28,18:13:01
2026-01-06 18:12:14+00:00,,734.0,ETH,3215.69,3215.66,18:12:14
2026-01-06 18:13:02+00:00,,782.0,ETH,3215.18,3215.08,18:13:02
2026-01-06 18:12:15+00:00,,735.0,ETH,3215.76,3215.61,18:12:15
2026-01-06 18:13:03+00:00,,783.0,ETH,3215.06,3214.97,18:13:03
2026-01-06 18:12:16+00:00,,736.0,ETH,3215.87,3215.73,18:12:16
2026-01-06 18:13:04+00:00,,784.0,ETH,3214.98,3214.85,18:13:04
2026-01-06 18:12:17+00:00,,737.0,ETH,3215.84,3215.72,18:12:17
2026-01-06 18:13:05+00:00,,785.0,ETH,3214.94,3214.82,18:13:05
2026-01-06 18:12:18+00:00,,738.0,ETH,3215.74,3215.66,18:12:18
2026-01-06 18:13:06+00:00,,786.0,ETH,3215.0,3214.87,18:13:06
2026-01-06 18:12:19+00:00,,739.0,ETH,3215.68,3215.47,18:12:19
2026-01-06 18:13:08+00:00,,788.0,ETH,3215.53,3215.21,18:13:08
2026-01-06 18:12:20+00:00,,740.0,ETH,3215.53,3215.48,18:12:20
2026-01-06 18:13:09+00:00,,789.0,ETH,3215.58,3215.2,18:13:09
2026-01-06 18:12:21+00:00,,741.0,ETH,3215.78,3215.64,18:12:21
2026-01-06 18:13:10+00:00,,790.0,ETH,3215.59,3215.29,18:13:10
2026-01-06 18:12:22+00:00,,742.0,ETH,3215.83,3215.64,18:12:22
2026-01-06 18:13:11+00:00,,791.0,ETH,3215.58,3215.28,18:13:11
2026-01-06 18:12:23+00:00,,743.0,ETH,3215.74,3215.64,18:12:23
2026-01-06 18:13:12+00:00,,792.0,ETH,3215.39,3215.29,18:13:12
2026-01-06 18:12:24+00:00,,744.0,ETH,3215.74,3215.64,18:12:24
2026-01-06 18:13:13+00:00,,793.0,ETH,3215.18,3215.11,18:13:13
2026-01-06 18:12:25+00:00,,745.0,ETH,3216.09,3216.02,18:12:25
2026-01-06 18:13:14+00:00,,794.0,ETH,3215.4,3215.25,18:13:14
2026-01-06 18:12:26+00:00,,746.0,ETH,3216.5,3216.29,18:12:26
2026-01-06 18:13:15+00:00,,795.0,ETH,3215.54,3215.29,18:13:15
2026-01-06 18:12:27+00:00,,747.0,ETH,3216.64,3216.39,18:12:27
2026-01-06 18:13:16+00:00,,796.0,ETH,3215.71,3215.48,18:13:16
2026-01-06 18:12:28+00:00,,748.0,ETH,3216.78,3216.54,18:12:28
2026-01-06 18:13:17+00:00,,797.0,ETH,3215.75,3215.59,18:13:17
2026-01-06 18:12:29+00:00,,749.0,ETH,3217.17,3216.95,18:12:29
2026-01-06 18:13:18+00:00,,798.0,ETH,3215.65,3215.55,18:13:18
2026-01-06 18:12:30+00:00,,750.0,ETH,3217.55,3217.26,18:12:30
2026-01-06 18:13:19+00:00,,799.0,ETH,3215.69,3215.6,18:13:19
2026-01-06 18:12:31+00:00,,751.0,ETH,3217.61,3217.35,18:12:31
2026-01-06 18:13:20+00:00,,800.0,ETH,3215.82,3215.7,18:13:20
2026-01-06 18:12:32+00:00,,752.0,ETH,3217.72,3217.55,18:12:32
2026-01-06 18:13:21+00:00,,801.0,ETH,3215.94,3215.78,18:13:21
2026-01-06 18:12:33+00:00,,753.0,ETH,3217.84,3217.66,18:12:33
2026-01-06 18:13:22+00:00,,802.0,ETH,3216.1,3215.83,18:13:22
2026-01-06 18:12:34+00:00,,754.0,ETH,3217.73,3217.59,18:12:34
2026-01-06 18:13:23+00:00,,803.0,ETH,3216.12,3215.87,18:13:23
2026-01-06 18:12:35+00:00,,755.0,ETH,3217.54,3217.46,18:12:35
2026-01-06 18:13:24+00:00,,804.0,ETH,3216.12,3215.97,18:13:24
2026-01-06 18:12:36+00:00,,756.0,ETH,3217.52,3217.37,18:12:36
2026-01-06 18:13:25+00:00,,805.0,ETH,3216.06,3215.79,18:13:25
2026-01-06 18:12:37+00:00,,757.0,ETH,3217.55,3217.33,18:12:37
2026-01-06 18:13:26+00:00,,806.0,ETH,3215.89,3215.56,18:13:26
2026-01-06 18:12:38+00:00,,758.0,ETH,3217.55,3217.34,18:12:38
2026-01-06 18:13:27+00:00,,807.0,ETH,3215.82,3215.65,18:13:27
2026-01-06 18:12:39+00:00,,759.0,ETH,3217.54,3217.33,18:12:39
2026-01-06 18:13:28+00:00,,808.0,ETH,3215.88,3215.8,18:13:28
2026-01-06 18:12:40+00:00,,760.0,ETH,3217.21,3217.09,18:12:40
2026-01-06 18:13:29+00:00,,809.0,ETH,3215.89,3215.75,18:13:29
2026-01-06 18:12:41+00:00,,761.0,ETH,3216.82,3216.76,18:12:41
2026-01-06 18:13:30+00:00,,810.0,ETH,3215.93,3215.76,18:13:30
2026-01-06 18:12:42+00:00,,762.0,ETH,3216.69,3216.53,18:12:42
2026-01-06 18:13:31+00:00,,811.0,ETH,3216.26,3216.19,18:13:31
2026-01-06 18:12:43+00:00,,763.0,ETH,3216.64,3216.52,18:12:43
2026-01-06 18:13:32+00:00,,812.0,ETH,3216.51,3216.43,18:13:32
2026-01-06 18:12:44+00:00,,764.0,ETH,3216.65,3216.55,18:12:44
2026-01-06 18:13:33+00:00,,813.0,ETH,3216.5,3216.37,18:13:33
2026-01-06 18:12:45+00:00,,765.0,ETH,3216.47,3216.38,18:12:45
2026-01-06 18:13:34+00:00,,814.0,ETH,3216.6,3216.36,18:13:34
2026-01-06 18:12:46+00:00,,766.0,ETH,3216.24,3216.14,18:12:46
2026-01-06 18:13:35+00:00,,815.0,ETH,3216.7,3216.37,18:13:35
2026-01-06 18:12:47+00:00,,767.0,ETH,3215.93,3215.59,18:12:47
2026-01-06 18:13:36+00:00,,816.0,ETH,3216.7,3216.36,18:13:36
2026-01-06 18:12:48+00:00,,768.0,ETH,3215.34,3215.05,18:12:48
2026-01-06 18:13:37+00:00,,817.0,ETH,3216.7,3216.36,18:13:37
2026-01-06 18:12:49+00:00,,769.0,ETH,3215.01,3214.9,18:12:49
2026-01-06 18:13:38+00:00,,818.0,ETH,3216.75,3216.36,18:13:38
2026-01-06 18:12:50+00:00,,770.0,ETH,3214.95,3214.79,18:12:50
2026-01-06 18:13:39+00:00,,819.0,ETH,3216.66,3216.33,18:13:39
2026-01-06 18:12:51+00:00,,771.0,ETH,3214.95,3214.78,18:12:51
2026-01-06 18:13:40+00:00,,820.0,ETH,3216.5,3216.3,18:13:40
2026-01-06 18:12:52+00:00,,772.0,ETH,3215.04,3214.81,18:12:52
2026-01-06 18:13:41+00:00,,821.0,ETH,3216.49,3216.29,18:13:41
2026-01-06 18:12:53+00:00,,773.0,ETH,3215.11,3214.84,18:12:53
2026-01-06 18:13:42+00:00,,822.0,ETH,3216.29,3216.04,18:13:42
2026-01-06 18:12:54+00:00,,774.0,ETH,3215.13,3214.9,18:12:54
2026-01-06 18:13:43+00:00,,823.0,ETH,3216.15,3216.07,18:13:43
2026-01-06 18:12:55+00:00,,775.0,ETH,3215.38,3215.09,18:12:55
2026-01-06 18:13:44+00:00,,824.0,ETH,3216.28,3216.2,18:13:44
2026-01-06 18:12:56+00:00,,776.0,ETH,3215.72,3215.44,18:12:56
2026-01-06 18:13:45+00:00,,825.0,ETH,3216.28,3216.19,18:13:45
2026-01-06 18:12:57+00:00,,777.0,ETH,3215.77,3215.48,18:12:57
2026-01-06 18:13:46+00:00,,826.0,ETH,3215.92,3215.87,18:13:46
2026-01-06 18:12:58+00:00,,778.0,ETH,3215.65,3215.3,18:12:58
2026-01-06 18:13:47+00:00,,827.0,ETH,3215.87,3215.82,18:13:47
2026-01-06 18:12:59+00:00,,779.0,ETH,3215.51,3215.3,18:12:59
2026-01-06 18:13:48+00:00,,828.0,ETH,3216.13,3215.87,18:13:48
2026-01-06 18:13:00+00:00,,780.0,ETH,3215.5,3215.38,18:13:00
2026-01-06 18:13:49+00:00,,829.0,ETH,3216.14,3216.07,18:13:49
2026-01-06 18:13:01+00:00,,781.0,ETH,3215.42,3215.28,18:13:01
2026-01-06 18:13:50+00:00,,830.0,ETH,3216.07,3215.98,18:13:50
2026-01-06 18:13:02+00:00,,782.0,ETH,3215.18,3215.08,18:13:02
2026-01-06 18:13:51+00:00,,831.0,ETH,3215.89,3215.86,18:13:51
2026-01-06 18:13:03+00:00,,783.0,ETH,3215.06,3214.97,18:13:03
2026-01-06 18:13:52+00:00,,832.0,ETH,3215.85,3215.75,18:13:52
2026-01-06 18:13:04+00:00,,784.0,ETH,3214.98,3214.85,18:13:04
2026-01-06 18:13:53+00:00,,833.0,ETH,3215.83,3215.77,18:13:53
2026-01-06 18:13:05+00:00,,785.0,ETH,3214.94,3214.82,18:13:05
2026-01-06 18:13:54+00:00,,834.0,ETH,3215.41,3215.35,18:13:54
2026-01-06 18:13:06+00:00,,786.0,ETH,3215.0,3214.87,18:13:06
2026-01-06 18:13:55+00:00,,835.0,ETH,3215.29,3215.25,18:13:55
2026-01-06 18:13:07+00:00,,787.0,ETH,3215.3,3215.06,18:13:07
2026-01-06 18:13:56+00:00,,836.0,ETH,3215.2,3215.11,18:13:56
2026-01-06 18:13:08+00:00,,788.0,ETH,3215.55,3215.2,18:13:08
2026-01-06 18:13:57+00:00,,837.0,ETH,3215.2,3215.13,18:13:57
2026-01-06 18:13:09+00:00,,789.0,ETH,3215.58,3215.24,18:13:09
2026-01-06 18:13:58+00:00,,838.0,ETH,3215.13,3215.05,18:13:58
2026-01-06 18:13:10+00:00,,790.0,ETH,3215.58,3215.28,18:13:10
2026-01-06 18:13:59+00:00,,839.0,ETH,3215.0,3214.94,18:13:59
2026-01-06 18:13:11+00:00,,791.0,ETH,3215.48,3215.29,18:13:11
2026-01-06 18:14:00+00:00,,840.0,ETH,3214.89,3214.85,18:14:00
2026-01-06 18:13:12+00:00,,792.0,ETH,3215.28,3215.2,18:13:12
2026-01-06 18:14:01+00:00,,841.0,ETH,3214.85,3214.82,18:14:01
2026-01-06 18:13:13+00:00,,793.0,ETH,3215.29,3215.19,18:13:13
2026-01-06 18:13:14+00:00,,794.0,ETH,3215.4,3215.27,18:13:14
