timestamp,collected_at,seconds,up_mid,up_best_bid,up_best_ask,down_mid,down_best_bid,down_best_ask,up_best_bid_size,up_best_ask_size,down_best_bid_size,down_best_ask_size,up_bid_2,up_bid_2_size,up_ask_2,up_ask_2_size,down_bid_2,down_bid_2_size,down_ask_2,down_ask_2_size
2026-01-06 18:00:00.914000+00:00,2026-01-06 18:00:01.409676+00:00,0.914,0.565,0.55,0.58,0.43,0.42,0.44,432.35,9.5,9.5,5.0,0.54,243.14,0.59,5.0,0.4,110.0,0.45,432.35
2026-01-06 18:00:01.007000+00:00,2026-01-06 18:00:01.490240+00:00,1.007,0.5700000000000001,0.56,0.58,0.43,0.42,0.44,5.0,9.5,9.5,5.0,0.55,432.35,0.6,110.0,0.4,110.0,0.45,437.35
2026-01-06 18:00:01.944000+00:00,2026-01-06 18:00:02.424717+00:00,1.944,0.56,0.55,0.57,0.44,0.43,0.45,277.35,26.43,26.43,277.35,0.54,243.14,0.58,14.5,0.42,14.5,0.46,243.14
2026-01-06 18:00:02.004000+00:00,2026-01-06 18:00:02.503005+00:00,2.004,0.56,0.55,0.57,0.44,0.43,0.45,277.35,26.43,26.43,277.35,0.54,243.14,0.58,14.5,0.42,14.5,0.46,243.14
2026-01-06 18:00:02.933000+00:00,2026-01-06 18:00:03.437426+00:00,2.933,0.535,0.53,0.54,0.46499999999999997,0.46,0.47,565.89,157.6,157.6,481.84,0.52,2194.68,0.55,144.65,0.45,144.65,0.48,2194.68
2026-01-06 18:00:03.027000+00:00,2026-01-06 18:00:03.515614+00:00,3.027,0.535,0.53,0.54,0.46499999999999997,0.46,0.47,481.84,157.6,112.6,408.41,0.52,2194.68,0.55,144.65,0.45,139.65,0.48,2194.68
2026-01-06 18:00:03.954000+00:00,2026-01-06 18:00:04.445997+00:00,3.954,0.455,0.45,0.46,0.545,0.54,0.55,122.0,314.0,307.47,61.0,0.44,883.0,0.47,263.0,0.53,263.0,0.56,883.0
2026-01-06 18:00:04.030000+00:00,2026-01-06 18:00:04.530050+00:00,4.03,0.455,0.45,0.46,0.545,0.54,0.55,183.0,314.0,318.24,61.0,0.44,883.0,0.47,263.0,0.53,263.0,0.56,700.0
2026-01-06 18:00:04.963000+00:00,2026-01-06 18:00:05.458867+00:00,4.963,0.405,0.4,0.41,0.595,0.59,0.6,128.0,23.09,249.09,128.0,0.38,183.0,0.42,453.4,0.58,363.4,0.62,183.0
2026-01-06 18:00:05.048000+00:00,2026-01-06 18:00:05.537449+00:00,5.048,0.405,0.4,0.41,0.595,0.59,0.6,128.0,144.09,249.09,128.0,0.38,183.0,0.42,453.4,0.58,241.4,0.61,122.0
2026-01-06 18:00:05.984000+00:00,2026-01-06 18:00:06.469268+00:00,5.984,0.365,0.36,0.37,0.635,0.63,0.64,157.0,5.59,111.59,157.0,0.35,198.0,0.38,273.0,0.62,273.0,0.65,198.0
2026-01-06 18:00:06.067000+00:00,2026-01-06 18:00:06.539762+00:00,6.067,0.365,0.36,0.37,0.635,0.63,0.64,142.0,111.59,126.59,93.15,0.35,198.0,0.38,273.0,0.62,273.0,0.65,198.0
2026-01-06 18:00:06.967000+00:00,2026-01-06 18:00:07.471891+00:00,6.967,0.365,0.36,0.37,0.645,0.64,0.65,2.68,344.0,136.0,40.14,0.35,158.46,0.38,212.0,0.63,201.8,0.66,218.0
2026-01-06 18:00:07.079000+00:00,2026-01-06 18:00:07.558781+00:00,7.079,0.36,0.35,0.37,0.645,0.64,0.65,40.14,201.8,90.0,20.0,0.34,218.0,0.38,151.0,0.63,196.8,0.66,213.0
2026-01-06 18:00:08.013000+00:00,2026-01-06 18:00:08.492196+00:00,8.013,0.325,0.32,0.33,0.67,0.66,0.68,215.05,73.0,396.41,85.0,0.31,228.0,0.34,273.0,0.65,230.14,0.69,213.0
2026-01-06 18:00:08.089000+00:00,2026-01-06 18:00:08.570409+00:00,8.089,0.325,0.32,0.33,0.675,0.67,0.68,35.0,15.0,50.0,45.0,0.31,228.0,0.34,230.41,0.66,396.41,0.69,213.0
2026-01-06 18:00:09.026000+00:00,2026-01-06 18:00:09.494048+00:00,9.026,0.325,0.32,0.33,0.675,0.67,0.68,166.0,122.0,137.0,191.0,0.31,364.0,0.34,166.95,0.66,161.95,0.69,339.0
2026-01-06 18:00:09.057000+00:00,2026-01-06 18:00:09.571733+00:00,9.057,0.325,0.32,0.33,0.675,0.67,0.68,161.0,122.0,132.0,313.0,0.31,364.0,0.34,166.95,0.66,10.0,0.69,339.0
2026-01-06 18:00:10.003000+00:00,2026-01-06 18:00:10.491282+00:00,10.003,0.335,0.33,0.34,0.665,0.66,0.67,122.0,388.0,252.0,168.0,0.32,61.0,0.35,403.0,0.65,374.0,0.7,149.0
2026-01-06 18:00:10.086000+00:00,2026-01-06 18:00:10.569769+00:00,10.086,0.335,0.33,0.34,0.665,0.66,0.67,168.0,332.0,343.0,61.0,0.32,18.0,0.35,482.0,0.65,374.0,0.69,187.0
2026-01-06 18:00:11.104000+00:00,2026-01-06 18:00:11.575228+00:00,11.104,0.305,0.3,0.31,0.685,0.68,0.69,487.0,3.22,35.0,62.78,0.29,265.0,0.33,212.0,0.67,273.0,0.7,372.0
2026-01-06 18:00:11.980000+00:00,2026-01-06 18:00:12.492744+00:00,11.98,0.315,0.31,0.32,0.69,0.68,0.7,91.0,98.43,113.43,234.66,0.3,228.0,0.33,223.0,0.67,344.0,0.71,265.0
2026-01-06 18:00:12.113000+00:00,2026-01-06 18:00:12.589475+00:00,12.113,0.315,0.31,0.32,0.685,0.68,0.69,61.0,113.43,76.0,144.56,0.3,234.66,0.33,344.0,0.67,212.0,0.7,219.66
2026-01-06 18:00:13.006000+00:00,2026-01-06 18:00:13.504163+00:00,13.006,0.325,0.32,0.33,0.675,0.67,0.68,123.02,150.0,216.0,119.95,0.31,210.56,0.34,101.0,0.66,349.0,0.69,213.0
2026-01-06 18:00:13.099000+00:00,2026-01-06 18:00:13.591392+00:00,13.099,0.325,0.32,0.33,0.675,0.67,0.68,124.95,201.0,226.0,144.95,0.31,198.0,0.34,349.0,0.66,344.0,0.69,228.0
2026-01-06 18:00:14.024000+00:00,2026-01-06 18:00:14.508465+00:00,14.024,0.315,0.31,0.32,0.685,0.68,0.69,45.0,10.0,20.0,70.0,0.3,51.66,0.33,273.0,0.67,365.0,0.7,280.66
2026-01-06 18:00:14.101000+00:00,2026-01-06 18:00:14.593994+00:00,14.101,0.315,0.31,0.32,0.685,0.68,0.69,70.0,10.0,20.0,70.0,0.3,140.66,0.33,243.0,0.67,365.0,0.7,280.66
2026-01-06 18:00:15.006000+00:00,2026-01-06 18:00:15.507194+00:00,15.006,0.33,0.32,0.34,0.665,0.66,0.67,20.0,284.0,284.0,5.0,0.31,116.8,0.35,213.0,0.65,213.0,0.68,5.0
2026-01-06 18:00:15.092000+00:00,2026-01-06 18:00:15.599902+00:00,15.092,0.335,0.33,0.34,0.665,0.66,0.67,5.0,284.0,376.57,5.0,0.32,20.0,0.35,213.0,0.65,213.0,0.69,26.8
2026-01-06 18:00:16.017000+00:00,2026-01-06 18:00:16.515380+00:00,16.017,0.325,0.32,0.33,0.675,0.67,0.68,252.0,107.0,132.0,292.0,0.31,365.8,0.34,266.57,0.66,83.57,0.69,426.8
2026-01-06 18:00:16.138000+00:00,2026-01-06 18:00:16.606759+00:00,16.138,0.325,0.32,0.33,0.675,0.67,0.68,308.0,223.35,137.0,433.0,0.31,401.8,0.34,83.57,0.66,83.57,0.69,480.8
2026-01-06 18:00:17.036000+00:00,2026-01-06 18:00:17.530706+00:00,17.036,0.355,0.35,0.36,0.645,0.64,0.65,314.0,152.0,182.0,360.0,0.34,258.0,0.37,152.0,0.63,322.0,0.66,304.0
2026-01-06 18:00:17.114000+00:00,2026-01-06 18:00:17.604635+00:00,17.114,0.355,0.35,0.36,0.645,0.64,0.65,375.0,172.0,182.0,132.0,0.34,319.0,0.37,232.0,0.63,340.0,0.66,183.0
2026-01-06 18:00:18.053000+00:00,2026-01-06 18:00:18.540416+00:00,18.053,0.33999999999999997,0.33,0.35,0.655,0.65,0.66,30.0,253.0,253.0,5.0,0.32,187.0,0.36,313.0,0.64,313.0,0.67,30.0
2026-01-06 18:00:18.125000+00:00,2026-01-06 18:00:18.618483+00:00,18.125,0.345,0.34,0.35,0.655,0.65,0.66,5.0,253.0,253.0,76.0,0.33,55.0,0.36,313.0,0.64,313.0,0.67,30.0
2026-01-06 18:00:19.041000+00:00,2026-01-06 18:00:19.535478+00:00,19.041,0.35,0.34,0.36,0.645,0.64,0.65,276.67,183.0,183.0,121.0,0.33,273.0,0.37,284.0,0.63,284.0,0.66,246.67
2026-01-06 18:00:19.149000+00:00,2026-01-06 18:00:19.641032+00:00,19.149,0.355,0.35,0.36,0.645,0.64,0.65,121.0,183.0,5.0,121.0,0.34,246.67,0.37,284.0,0.63,284.0,0.66,241.67
2026-01-06 18:00:20.055000+00:00,2026-01-06 18:00:20.546463+00:00,20.055,0.365,0.36,0.37,0.635,0.63,0.64,355.35,61.0,30.0,287.56,0.35,223.84,0.38,101.0,0.62,259.0,0.65,132.84
2026-01-06 18:00:20.161000+00:00,2026-01-06 18:00:20.663240+00:00,20.161,0.365,0.36,0.37,0.625,0.62,0.63,294.0,30.0,228.0,22.0,0.35,132.84,0.38,259.0,0.61,170.0,0.64,342.56
2026-01-06 18:00:21.075000+00:00,2026-01-06 18:00:21.562877+00:00,21.075,0.375,0.37,0.38,0.62,0.61,0.63,76.0,15.0,131.0,29.5,0.36,399.0,0.39,126.0,0.6,337.0,0.64,394.0
2026-01-06 18:00:21.211000+00:00,2026-01-06 18:00:21.680332+00:00,21.211,0.38,0.37,0.39,0.625,0.62,0.63,29.5,131.0,5.0,15.0,0.36,394.0,0.4,337.0,0.61,126.0,0.64,460.0
2026-01-06 18:00:22.061000+00:00,2026-01-06 18:00:22.555550+00:00,22.061,0.365,0.36,0.37,0.625,0.62,0.63,112.9,10.0,84.73,25.26,0.35,45.0,0.38,81.0,0.61,162.0,0.64,102.9
2026-01-06 18:00:22.206000+00:00,2026-01-06 18:00:22.693121+00:00,22.206,0.375,0.37,0.38,0.635,0.63,0.64,25.26,84.73,50.0,82.16,0.36,102.9,0.39,162.0,0.62,222.0,0.65,373.0
2026-01-06 18:00:23.048000+00:00,2026-01-06 18:00:23.558983+00:00,23.048,0.36,0.35,0.37,0.64,0.63,0.65,313.0,72.96,70.0,130.0,0.34,536.57,0.38,377.0,0.62,438.0,0.66,536.57
2026-01-06 18:00:23.165000+00:00,2026-01-06 18:00:23.698881+00:00,23.165,0.36,0.35,0.37,0.645,0.64,0.65,130.0,70.0,5.0,130.0,0.34,536.57,0.38,438.0,0.63,35.0,0.66,501.57
2026-01-06 18:00:24.071000+00:00,2026-01-06 18:00:24.573144+00:00,24.071,0.33999999999999997,0.33,0.35,0.665,0.66,0.67,30.0,149.68,5.0,40.0,0.32,231.0,0.36,453.0,0.65,210.54,0.68,226.0
2026-01-06 18:00:24.213000+00:00,2026-01-06 18:00:24.715847+00:00,24.213,0.335,0.33,0.34,0.665,0.66,0.67,40.0,5.0,5.0,40.0,0.32,226.0,0.35,210.54,0.65,210.54,0.68,165.0
2026-01-06 18:00:25.079000+00:00,2026-01-06 18:00:25.574164+00:00,25.079,0.35,0.34,0.36,0.645,0.64,0.65,45.36,305.0,107.0,15.0,0.33,272.0,0.37,338.0,0.63,303.0,0.66,15.0
2026-01-06 18:00:25.221000+00:00,2026-01-06 18:00:25.715706+00:00,25.221,0.355,0.35,0.36,0.645,0.64,0.65,15.0,107.0,106.0,35.0,0.34,15.0,0.37,303.0,0.63,130.0,0.66,35.0
2026-01-06 18:00:26.081000+00:00,2026-01-06 18:00:26.577145+00:00,26.081,0.365,0.36,0.37,0.615,0.6,0.63,312.13,48.79,146.0,15.0,0.35,435.0,0.4,146.0,0.59,226.09,0.64,315.48
2026-01-06 18:00:26.244000+00:00,2026-01-06 18:00:26.733634+00:00,26.244,0.39,0.38,0.4,0.605,0.6,0.61,15.0,146.0,24.0,12.81,0.36,325.48,0.41,226.09,0.59,226.09,0.62,137.0
2026-01-06 18:00:27.126000+00:00,2026-01-06 18:00:27.599740+00:00,27.126,0.395,0.39,0.4,0.61,0.6,0.62,61.6,409.57,476.57,71.0,0.38,132.0,0.41,251.09,0.59,236.09,0.63,35.0
2026-01-06 18:00:27.278000+00:00,2026-01-06 18:00:27.742641+00:00,27.278,0.39,0.38,0.4,0.615,0.61,0.62,71.0,476.57,105.0,71.0,0.37,35.0,0.41,236.09,0.6,462.57,0.64,10.42
2026-01-06 18:00:28.118000+00:00,2026-01-06 18:00:28.611430+00:00,28.118,0.365,0.36,0.37,0.635,0.63,0.64,10.42,187.0,264.0,0.1,0.35,141.0,0.38,198.0,0.62,198.0,0.65,92.86
2026-01-06 18:00:28.252000+00:00,2026-01-06 18:00:28.742718+00:00,28.252,0.365,0.36,0.37,0.635,0.63,0.64,0.1,246.0,215.0,0.1,0.35,77.86,0.38,198.0,0.62,278.0,0.65,77.86
2026-01-06 18:00:29.145000+00:00,2026-01-06 18:00:29.613507+00:00,29.145,0.355,0.35,0.36,0.655,0.65,0.66,4.26,112.0,5.0,43.85,0.34,70.0,0.37,75.0,0.64,147.0,0.67,341.66
2026-01-06 18:00:29.257000+00:00,2026-01-06 18:00:29.751591+00:00,29.257,0.345,0.34,0.35,0.655,0.65,0.66,43.85,5.0,20.0,5.0,0.33,341.66,0.36,147.0,0.64,137.0,0.67,170.96
2026-01-06 18:00:30.117000+00:00,2026-01-06 18:00:30.627707+00:00,30.117,0.345,0.34,0.35,0.655,0.65,0.66,118.0,75.0,75.0,109.38,0.33,114.0,0.36,222.0,0.64,222.0,0.67,114.0
2026-01-06 18:00:30.232000+00:00,2026-01-06 18:00:30.768528+00:00,30.232,0.345,0.34,0.35,0.655,0.65,0.66,109.38,75.0,218.0,71.38,0.33,114.0,0.36,222.0,0.64,223.0,0.67,119.0
2026-01-06 18:00:31.163000+00:00,2026-01-06 18:00:31.646926+00:00,31.163,0.345,0.34,0.35,0.665,0.66,0.67,15.0,371.14,122.0,15.0,0.33,15.0,0.36,249.0,0.65,371.14,0.68,238.0
2026-01-06 18:00:31.278000+00:00,2026-01-06 18:00:31.772609+00:00,31.278,0.335,0.33,0.34,0.665,0.66,0.67,15.0,122.0,122.0,15.0,0.32,238.0,0.35,371.14,0.65,349.0,0.68,238.0
2026-01-06 18:00:32.159000+00:00,2026-01-06 18:00:32.648915+00:00,32.159,0.335,0.33,0.34,0.665,0.66,0.67,18.61,198.0,178.0,3.61,0.32,20.0,0.35,415.0,0.65,379.0,0.68,15.0
2026-01-06 18:00:32.347000+00:00,2026-01-06 18:00:32.774473+00:00,32.347,0.335,0.33,0.34,0.675,0.67,0.68,3.61,198.0,35.0,15.0,0.32,15.0,0.35,379.0,0.66,253.0,0.69,107.8
2026-01-06 18:00:33.172000+00:00,2026-01-06 18:00:33.665236+00:00,33.172,0.305,0.3,0.31,0.695,0.69,0.7,347.66,12.58,12.58,362.66,0.29,544.24,0.32,113.0,0.68,114.0,0.71,544.24
2026-01-06 18:00:33.302000+00:00,2026-01-06 18:00:33.787843+00:00,33.302,0.305,0.3,0.31,0.685,0.68,0.69,362.66,12.58,114.0,15.0,0.29,544.24,0.32,114.0,0.67,163.0,0.7,372.66
2026-01-06 18:00:34.155000+00:00,2026-01-06 18:00:34.659092+00:00,34.155,0.315,0.31,0.32,0.685,0.68,0.69,13.55,107.0,107.0,13.55,0.3,219.66,0.33,430.0,0.67,430.0,0.7,219.66
2026-01-06 18:00:34.254000+00:00,2026-01-06 18:00:34.790747+00:00,34.254,0.315,0.31,0.32,0.685,0.68,0.69,13.55,107.0,107.0,13.55,0.3,219.66,0.33,430.0,0.67,430.0,0.7,219.66
2026-01-06 18:00:35.166000+00:00,2026-01-06 18:00:35.661861+00:00,35.166,0.295,0.29,0.3,0.705,0.7,0.71,125.24,257.3,257.3,125.24,0.28,233.0,0.31,276.0,0.69,258.0,0.72,55.0
2026-01-06 18:00:35.299000+00:00,2026-01-06 18:00:35.793367+00:00,35.299,0.295,0.29,0.3,0.705,0.7,0.71,110.24,257.3,318.3,127.48,0.28,55.0,0.31,258.0,0.69,319.0,0.72,50.0
2026-01-06 18:00:36.205000+00:00,2026-01-06 18:00:36.669703+00:00,36.205,0.28500000000000003,0.28,0.29,0.715,0.71,0.72,374.0,21.86,21.86,427.0,0.27,221.0,0.3,145.0,0.7,70.0,0.73,290.0
2026-01-06 18:00:36.332000+00:00,2026-01-06 18:00:36.808527+00:00,36.332,0.28500000000000003,0.28,0.29,0.715,0.71,0.72,427.0,21.86,21.86,428.0,0.27,290.0,0.3,70.0,0.7,65.0,0.73,267.0
2026-01-06 18:00:37.180000+00:00,2026-01-06 18:00:37.672397+00:00,37.18,0.33999999999999997,0.33,0.35,0.665,0.66,0.67,20.0,248.0,5.0,86.0,0.32,208.0,0.36,208.0,0.65,266.0,0.68,208.0
2026-01-06 18:00:37.333000+00:00,2026-01-06 18:00:37.811442+00:00,37.333,0.335,0.33,0.34,0.655,0.65,0.66,86.0,5.0,83.0,5.0,0.32,208.0,0.35,266.0,0.64,226.0,0.67,71.0
2026-01-06 18:00:38.166000+00:00,2026-01-06 18:00:38.672448+00:00,38.166,0.355,0.35,0.36,0.645,0.64,0.65,92.23,183.0,5.0,92.23,0.34,112.0,0.37,248.0,0.63,248.0,0.66,107.0
2026-01-06 18:00:38.318000+00:00,2026-01-06 18:00:38.821834+00:00,38.318,0.355,0.35,0.36,0.645,0.64,0.65,97.23,5.0,237.0,20.0,0.34,107.0,0.37,248.0,0.63,213.0,0.66,10.0
2026-01-06 18:00:39.172000+00:00,2026-01-06 18:00:39.671755+00:00,39.172,0.335,0.33,0.34,0.665,0.66,0.67,305.09,76.0,76.0,251.09,0.32,152.0,0.35,188.0,0.65,132.0,0.68,272.0
2026-01-06 18:00:39.265000+00:00,2026-01-06 18:00:39.831061+00:00,39.265,0.335,0.33,0.34,0.655,0.65,0.66,251.09,76.0,122.0,18.0,0.32,272.0,0.35,132.0,0.64,416.0,0.67,251.09
2026-01-06 18:00:40.186000+00:00,2026-01-06 18:00:40.678688+00:00,40.186,0.345,0.34,0.35,0.66,0.65,0.67,0.43,94.0,189.0,475.09,0.33,414.09,0.36,454.0,0.64,429.0,0.68,398.0
2026-01-06 18:00:40.374000+00:00,2026-01-06 18:00:40.854495+00:00,40.374,0.33999999999999997,0.33,0.35,0.665,0.66,0.67,435.09,189.0,20.0,295.09,0.32,334.0,0.36,393.0,0.65,345.0,0.68,270.0
2026-01-06 18:00:41.185000+00:00,2026-01-06 18:00:41.677375+00:00,41.185,0.335,0.33,0.34,0.665,0.66,0.67,162.0,5.0,5.0,147.0,0.32,194.0,0.35,294.0,0.65,279.0,0.68,239.0
2026-01-06 18:00:41.372000+00:00,2026-01-06 18:00:41.862186+00:00,41.372,0.335,0.33,0.34,0.665,0.66,0.67,167.0,5.0,10.0,167.0,0.32,239.0,0.35,213.0,0.65,213.0,0.68,239.0
2026-01-06 18:00:42.202000+00:00,2026-01-06 18:00:42.680164+00:00,42.202,0.335,0.33,0.34,0.665,0.66,0.67,269.0,10.0,10.0,322.0,0.32,265.0,0.35,410.0,0.65,246.0,0.68,286.0
2026-01-06 18:00:42.386000+00:00,2026-01-06 18:00:42.880392+00:00,42.386,0.335,0.33,0.34,0.665,0.66,0.67,322.0,10.0,15.0,104.0,0.32,281.0,0.35,264.0,0.65,325.0,0.68,215.0
2026-01-06 18:00:43.175000+00:00,2026-01-06 18:00:43.686496+00:00,43.175,0.33,0.32,0.34,0.6799999999999999,0.67,0.69,20.0,372.29,137.0,50.0,0.31,35.0,0.35,345.0,0.66,376.0,0.7,205.76
2026-01-06 18:00:43.396000+00:00,2026-01-06 18:00:43.892009+00:00,43.396,0.325,0.32,0.33,0.675,0.67,0.68,15.0,162.0,182.84,15.0,0.31,50.0,0.34,386.0,0.66,386.0,0.69,50.0
2026-01-06 18:00:44.211000+00:00,2026-01-06 18:00:44.712108+00:00,44.211,0.325,0.32,0.33,0.675,0.67,0.68,125.0,5.0,79.0,105.0,0.31,160.0,0.34,378.0,0.66,428.0,0.69,116.0
2026-01-06 18:00:44.373000+00:00,2026-01-06 18:00:44.908344+00:00,44.373,0.325,0.32,0.33,0.675,0.67,0.68,120.0,114.0,95.0,30.0,0.31,116.0,0.34,428.0,0.66,392.0,0.69,96.0
2026-01-06 18:00:45.215000+00:00,2026-01-06 18:00:45.716615+00:00,45.215,0.325,0.32,0.33,0.6799999999999999,0.67,0.69,15.0,339.0,274.0,153.0,0.31,93.0,0.34,523.0,0.66,418.0,0.7,404.76
2026-01-06 18:00:45.434000+00:00,2026-01-06 18:00:45.930044+00:00,45.434,0.32,0.31,0.33,0.675,0.67,0.68,153.0,126.0,71.0,15.0,0.3,404.76,0.34,428.0,0.66,418.0,0.69,153.0
2026-01-06 18:00:46.233000+00:00,2026-01-06 18:00:46.727577+00:00,46.233,0.325,0.32,0.33,0.675,0.67,0.68,164.65,76.0,81.0,123.65,0.31,280.0,0.34,30.0,0.66,48.0,0.69,262.0
2026-01-06 18:00:46.455000+00:00,2026-01-06 18:00:46.946079+00:00,46.455,0.325,0.32,0.33,0.675,0.67,0.68,123.65,81.0,81.0,146.65,0.31,262.0,0.34,48.0,0.66,145.0,0.69,267.0
2026-01-06 18:00:47.173000+00:00,2026-01-06 18:00:47.730306+00:00,47.173,0.335,0.33,0.34,0.665,0.66,0.67,33.0,188.0,183.0,33.0,0.32,167.65,0.35,215.0,0.65,233.0,0.68,167.65
2026-01-06 18:00:47.439000+00:00,2026-01-06 18:00:47.942435+00:00,47.439,0.335,0.33,0.34,0.665,0.66,0.67,33.0,188.0,183.0,73.0,0.32,267.65,0.35,233.0,0.65,132.0,0.68,240.65
2026-01-06 18:00:48.247000+00:00,2026-01-06 18:00:48.739678+00:00,48.247,0.345,0.34,0.35,0.65,0.64,0.66,172.0,71.0,183.0,243.0,0.33,321.0,0.36,188.0,0.63,213.0,0.67,298.0
2026-01-06 18:00:48.446000+00:00,2026-01-06 18:00:48.938030+00:00,48.446,0.345,0.34,0.35,0.655,0.65,0.66,208.0,20.0,2.0,287.0,0.33,288.0,0.36,183.0,0.64,183.0,0.67,349.0
2026-01-06 18:00:49.239000+00:00,2026-01-06 18:00:49.736508+00:00,49.239,0.375,0.37,0.38,0.625,0.62,0.63,37.74,213.0,223.0,5.0,0.36,157.0,0.39,197.66,0.61,339.66,0.64,146.0
2026-01-06 18:00:49.447000+00:00,2026-01-06 18:00:49.953592+00:00,49.447,0.375,0.37,0.38,0.625,0.62,0.63,5.0,223.0,223.0,45.0,0.36,151.0,0.39,326.66,0.61,358.66,0.64,182.0
2026-01-06 18:00:50.179000+00:00,2026-01-06 18:00:50.755426+00:00,50.179,0.37,0.36,0.38,0.635,0.63,0.64,202.0,193.0,157.0,142.0,0.35,120.0,0.39,487.66,0.62,329.0,0.65,20.0
2026-01-06 18:00:50.460000+00:00,2026-01-06 18:00:50.960615+00:00,50.46,0.365,0.36,0.37,0.635,0.63,0.64,142.0,230.0,319.0,142.0,0.35,50.0,0.38,393.0,0.62,416.0,0.65,55.0
2026-01-06 18:00:51.288000+00:00,2026-01-06 18:00:51.770462+00:00,51.288,0.365,0.36,0.37,0.635,0.63,0.64,10.35,429.0,442.0,10.35,0.34,121.0,0.38,223.0,0.62,293.0,0.66,121.0
2026-01-06 18:00:51.496000+00:00,2026-01-06 18:00:51.979990+00:00,51.496,0.365,0.36,0.37,0.65,0.64,0.66,10.35,442.0,80.65,130.7,0.34,121.0,0.38,293.0,0.63,442.0,0.67,171.0
2026-01-06 18:00:52.299000+00:00,2026-01-06 18:00:52.775384+00:00,52.299,0.355,0.35,0.36,0.655,0.65,0.66,80.0,71.0,193.0,19.7,0.34,64.7,0.37,437.0,0.64,188.0,0.67,298.0
2026-01-06 18:00:52.512000+00:00,2026-01-06 18:00:52.976888+00:00,52.512,0.345,0.34,0.35,0.655,0.65,0.66,64.7,193.0,199.0,64.7,0.33,387.0,0.36,173.0,0.64,172.0,0.67,349.0
2026-01-06 18:00:53.296000+00:00,2026-01-06 18:00:53.789844+00:00,53.296,0.345,0.34,0.35,0.655,0.65,0.66,130.7,67.0,67.0,105.7,0.33,238.0,0.36,199.94,0.64,229.94,0.67,238.0
2026-01-06 18:00:53.508000+00:00,2026-01-06 18:00:53.995509+00:00,53.508,0.345,0.34,0.35,0.655,0.65,0.66,105.7,67.0,67.0,177.7,0.33,238.0,0.36,199.94,0.64,16.94,0.67,148.0
2026-01-06 18:00:54.294000+00:00,2026-01-06 18:00:54.789081+00:00,54.294,0.345,0.34,0.35,0.655,0.65,0.66,11.32,5.0,111.0,11.32,0.33,226.0,0.36,340.94,0.64,434.94,0.67,155.0
2026-01-06 18:00:54.515000+00:00,2026-01-06 18:00:55.009202+00:00,54.515,0.345,0.34,0.35,0.655,0.65,0.66,11.32,305.0,328.0,11.32,0.33,55.0,0.36,380.94,0.64,358.94,0.67,37.72
2026-01-06 18:00:55.301000+00:00,2026-01-06 18:00:55.796667+00:00,55.301,0.345,0.34,0.35,0.655,0.65,0.66,57.94,28.65,28.65,281.94,0.33,409.72,0.36,11.94,0.64,11.94,0.67,371.72
2026-01-06 18:00:55.531000+00:00,2026-01-06 18:00:56.020279+00:00,55.531,0.345,0.34,0.35,0.655,0.65,0.66,481.94,28.65,28.65,455.78,0.33,371.72,0.36,11.94,0.64,11.94,0.67,371.72
2026-01-06 18:00:56.333000+00:00,2026-01-06 18:00:56.808816+00:00,56.333,0.365,0.36,0.37,0.64,0.63,0.65,30.0,319.0,197.0,111.05,0.35,104.05,0.38,319.0,0.62,461.0,0.66,495.78
2026-01-06 18:00:56.540000+00:00,2026-01-06 18:00:57.037773+00:00,56.54,0.355,0.35,0.36,0.645,0.64,0.65,111.05,5.0,5.0,206.05,0.34,495.78,0.37,197.0,0.63,197.0,0.66,500.78
2026-01-06 18:00:57.301000+00:00,2026-01-06 18:00:57.795660+00:00,57.301,0.355,0.35,0.36,0.645,0.64,0.65,81.05,203.0,81.0,111.98,0.34,229.78,0.37,407.0,0.63,407.0,0.66,244.78
2026-01-06 18:00:57.553000+00:00,2026-01-06 18:00:58.039605+00:00,57.553,0.345,0.33,0.36,0.645,0.64,0.65,452.72,81.0,86.0,32.0,0.32,461.65,0.37,292.0,0.63,247.0,0.66,265.0
2026-01-06 18:00:58.309000+00:00,2026-01-06 18:00:58.797563+00:00,58.309,0.355,0.35,0.36,0.645,0.64,0.65,536.73,5.0,414.16,264.0,0.34,296.0,0.37,172.0,0.63,202.0,0.66,332.0
2026-01-06 18:00:58.562000+00:00,2026-01-06 18:00:59.052347+00:00,58.562,0.36,0.35,0.37,0.635,0.63,0.64,202.0,202.0,207.0,5.0,0.34,288.0,0.38,161.99,0.62,161.99,0.65,139.0
2026-01-06 18:00:59.305000+00:00,2026-01-06 18:00:59.797131+00:00,59.305,0.365,0.36,0.37,0.635,0.63,0.64,238.0,101.0,101.0,299.0,0.35,289.0,0.38,76.0,0.62,71.0,0.65,284.0
2026-01-06 18:00:59.555000+00:00,2026-01-06 18:01:00.067504+00:00,59.555,0.355,0.35,0.36,0.615,0.61,0.62,284.0,150.0,8.19,33.0,0.34,496.0,0.37,101.0,0.6,58.56,0.63,18.0
2026-01-06 18:01:00.325000+00:00,2026-01-06 18:01:00.820397+00:00,60.325,0.395,0.39,0.4,0.605,0.6,0.61,33.0,160.57,125.57,15.0,0.38,203.0,0.41,594.09,0.59,523.09,0.62,177.0
2026-01-06 18:01:00.587000+00:00,2026-01-06 18:01:01.077857+00:00,60.587,0.405,0.4,0.41,0.595,0.59,0.6,15.0,43.35,43.35,68.75,0.39,213.0,0.42,76.0,0.58,76.0,0.61,326.0
2026-01-06 18:01:01.327000+00:00,2026-01-06 18:01:01.812788+00:00,61.327,0.405,0.4,0.41,0.615,0.61,0.62,122.0,181.25,19.18,15.0,0.39,158.01,0.42,183.0,0.6,176.0,0.63,147.0
2026-01-06 18:01:01.593000+00:00,2026-01-06 18:01:02.077722+00:00,61.593,0.385,0.38,0.39,0.615,0.61,0.62,152.0,90.18,75.18,152.0,0.37,247.0,0.4,122.0,0.6,122.0,0.63,247.0
2026-01-06 18:01:02.334000+00:00,2026-01-06 18:01:02.821281+00:00,62.334,0.42,0.41,0.43,0.585,0.58,0.59,146.0,269.0,30.0,123.89,0.4,113.0,0.44,699.76,0.57,234.0,0.6,128.0
2026-01-06 18:01:02.585000+00:00,2026-01-06 18:01:03.082046+00:00,62.585,0.425,0.42,0.43,0.575,0.57,0.58,61.0,252.0,198.0,183.0,0.41,142.89,0.44,681.76,0.56,724.76,0.59,208.89
2026-01-06 18:01:03.361000+00:00,2026-01-06 18:01:03.829366+00:00,63.361,0.425,0.42,0.43,0.575,0.57,0.58,127.0,391.0,457.0,112.02,0.41,136.0,0.44,117.76,0.56,117.76,0.59,122.0
2026-01-06 18:01:03.599000+00:00,2026-01-06 18:01:04.095411+00:00,63.599,0.415,0.41,0.42,0.585,0.58,0.59,94.0,64.36,74.58,66.0,0.4,5.0,0.43,457.0,0.57,457.0,0.6,5.0
2026-01-06 18:01:04.332000+00:00,2026-01-06 18:01:04.824075+00:00,64.332,0.395,0.39,0.4,0.605,0.6,0.61,55.64,80.0,237.0,55.64,0.38,35.0,0.41,227.0,0.59,671.0,0.63,30.0
2026-01-06 18:01:04.621000+00:00,2026-01-06 18:01:05.114840+00:00,64.621,0.395,0.39,0.4,0.605,0.6,0.61,67.64,222.0,288.0,52.27,0.37,20.0,0.41,222.0,0.59,222.0,0.63,5.0
2026-01-06 18:01:05.343000+00:00,2026-01-06 18:01:05.834871+00:00,65.343,0.365,0.36,0.37,0.635,0.63,0.64,15.0,45.0,45.0,15.0,0.35,1162.0,0.38,248.0,0.62,309.0,0.65,1137.0
2026-01-06 18:01:05.660000+00:00,2026-01-06 18:01:06.121368+00:00,65.66,0.365,0.36,0.37,0.635,0.63,0.64,13.75,45.0,45.0,296.75,0.35,1147.0,0.38,241.0,0.62,183.0,0.65,1221.0
2026-01-06 18:01:06.331000+00:00,2026-01-06 18:01:06.843624+00:00,66.331,0.365,0.36,0.37,0.625,0.62,0.63,505.75,10.0,76.0,255.0,0.35,1548.0,0.38,71.0,0.61,40.0,0.64,470.75
2026-01-06 18:01:06.638000+00:00,2026-01-06 18:01:07.128973+00:00,66.638,0.385,0.38,0.39,0.615,0.61,0.62,159.79,5.0,35.0,272.0,0.37,137.0,0.4,187.0,0.6,152.0,0.63,155.0
2026-01-06 18:01:07.359000+00:00,2026-01-06 18:01:07.844246+00:00,67.359,0.395,0.39,0.4,0.61,0.6,0.62,36.0,91.0,69.34,290.0,0.38,152.0,0.41,182.0,0.59,217.0,0.63,213.0
2026-01-06 18:01:07.656000+00:00,2026-01-06 18:01:08.149787+00:00,67.656,0.39,0.38,0.4,0.605,0.6,0.61,384.88,25.0,25.0,101.0,0.37,298.0,0.41,217.0,0.59,161.0,0.62,283.36
2026-01-06 18:01:08.358000+00:00,2026-01-06 18:01:08.836531+00:00,68.358,0.395,0.39,0.4,0.605,0.6,0.61,295.12,30.0,30.0,313.12,0.38,145.36,0.41,71.0,0.59,71.0,0.62,163.36
2026-01-06 18:01:08.663000+00:00,2026-01-06 18:01:09.154799+00:00,68.663,0.395,0.39,0.4,0.595,0.59,0.6,308.12,2.02,71.0,193.0,0.38,163.36,0.41,71.0,0.58,80.0,0.61,271.12
2026-01-06 18:01:09.358000+00:00,2026-01-06 18:01:09.846565+00:00,69.358,0.405,0.4,0.41,0.595,0.59,0.6,162.0,171.0,161.0,202.0,0.39,215.12,0.42,111.0,0.58,61.0,0.61,174.12
2026-01-06 18:01:09.673000+00:00,2026-01-06 18:01:10.170333+00:00,69.673,0.405,0.4,0.41,0.595,0.59,0.6,196.66,161.0,86.0,276.66,0.39,344.12,0.43,256.0,0.57,73.0,0.61,315.12
2026-01-06 18:01:10.312000+00:00,2026-01-06 18:01:10.839044+00:00,70.312,0.425,0.42,0.43,0.575,0.57,0.58,278.0,6.0,6.0,344.0,0.41,188.0,0.44,45.0,0.56,80.0,0.59,249.0
2026-01-06 18:01:10.685000+00:00,2026-01-06 18:01:11.161469+00:00,70.685,0.425,0.42,0.43,0.575,0.57,0.58,263.0,1.0,1.0,312.86,0.41,208.0,0.44,45.0,0.56,45.0,0.59,208.0
2026-01-06 18:01:11.335000+00:00,2026-01-06 18:01:11.842153+00:00,71.335,0.425,0.42,0.43,0.575,0.57,0.58,144.92,41.53,61.53,113.76,0.41,55.0,0.44,292.0,0.56,340.0,0.59,75.0
2026-01-06 18:01:11.677000+00:00,2026-01-06 18:01:12.169301+00:00,71.677,0.425,0.42,0.43,0.575,0.57,0.58,103.76,359.0,404.0,103.76,0.41,5.0,0.44,116.0,0.56,116.0,0.59,5.0
2026-01-06 18:01:12.365000+00:00,2026-01-06 18:01:12.845337+00:00,72.365,0.41000000000000003,0.4,0.42,0.59,0.58,0.6,30.0,263.0,202.0,30.0,0.39,145.0,0.43,417.0,0.57,402.0,0.61,55.0
2026-01-06 18:01:12.693000+00:00,2026-01-06 18:01:13.174243+00:00,72.693,0.4,0.39,0.41,0.6,0.59,0.61,30.0,243.0,227.51,55.0,0.38,104.36,0.42,350.0,0.58,345.0,0.62,99.36
2026-01-06 18:01:13.341000+00:00,2026-01-06 18:01:13.843828+00:00,73.341,0.4,0.39,0.41,0.595,0.59,0.6,277.0,85.0,80.0,96.0,0.38,128.36,0.42,363.0,0.58,345.0,0.61,211.0
2026-01-06 18:01:13.656000+00:00,2026-01-06 18:01:14.188180+00:00,73.656,0.405,0.4,0.41,0.595,0.59,0.6,183.0,167.0,152.96,137.0,0.39,96.0,0.42,353.0,0.58,388.0,0.61,65.0
2026-01-06 18:01:14.340000+00:00,2026-01-06 18:01:14.844492+00:00,74.34,0.405,0.4,0.41,0.595,0.59,0.6,30.0,84.0,84.0,30.0,0.39,55.0,0.42,442.0,0.58,442.0,0.61,55.0
2026-01-06 18:01:14.719000+00:00,2026-01-06 18:01:15.205748+00:00,74.719,0.405,0.4,0.41,0.595,0.59,0.6,75.0,84.0,61.0,86.73,0.39,35.0,0.42,407.0,0.58,284.0,0.61,206.0
2026-01-06 18:01:15.352000+00:00,2026-01-06 18:01:15.844382+00:00,75.352,0.415,0.41,0.42,0.585,0.58,0.59,127.0,394.0,394.0,127.0,0.4,268.73,0.43,371.0,0.57,371.0,0.6,329.73
2026-01-06 18:01:15.739000+00:00,2026-01-06 18:01:16.218706+00:00,75.739,0.415,0.41,0.42,0.585,0.58,0.59,61.0,495.0,554.0,40.83,0.4,96.0,0.43,256.0,0.57,238.0,0.6,61.0
2026-01-06 18:01:16.347000+00:00,2026-01-06 18:01:16.863664+00:00,76.347,0.405,0.4,0.41,0.595,0.59,0.6,3.33,256.0,265.0,155.33,0.39,136.0,0.42,432.0,0.58,282.0,0.61,208.0
2026-01-06 18:01:16.722000+00:00,2026-01-06 18:01:17.224000+00:00,76.722,0.405,0.4,0.41,0.595,0.59,0.6,438.85,132.0,132.0,509.85,0.39,316.0,0.42,254.0,0.58,76.0,0.61,382.0
2026-01-06 18:01:17.405000+00:00,2026-01-06 18:01:17.866050+00:00,77.405,0.415,0.41,0.42,0.585,0.58,0.59,531.27,71.0,71.0,603.27,0.4,620.0,0.45,203.0,0.56,5.0,0.6,241.0
2026-01-06 18:01:17.666000+00:00,2026-01-06 18:01:18.235589+00:00,77.666,0.435,0.42,0.45,0.555,0.55,0.56,30.0,20.0,20.0,136.0,0.41,1007.27,0.47,228.0,0.52,243.0,0.57,747.0
2026-01-06 18:01:18.391000+00:00,2026-01-06 18:01:18.882697+00:00,78.391,0.46499999999999997,0.46,0.47,0.535,0.53,0.54,35.0,27.0,42.0,35.0,0.45,250.9,0.48,65.0,0.52,65.0,0.55,442.9
2026-01-06 18:01:18.713000+00:00,2026-01-06 18:01:19.249516+00:00,78.713,0.46499999999999997,0.46,0.47,0.535,0.53,0.54,94.0,39.0,32.75,144.0,0.45,267.0,0.48,65.0,0.52,70.0,0.55,200.0
2026-01-06 18:01:19.383000+00:00,2026-01-06 18:01:19.883105+00:00,79.383,0.475,0.47,0.48,0.525,0.52,0.53,159.18,40.01,212.01,275.18,0.46,238.0,0.49,50.0,0.51,202.0,0.54,218.0
2026-01-06 18:01:19.759000+00:00,2026-01-06 18:01:20.252893+00:00,79.759,0.475,0.47,0.48,0.525,0.52,0.53,165.0,85.13,176.0,155.0,0.46,253.0,0.49,167.0,0.51,218.0,0.54,253.0
2026-01-06 18:01:20.407000+00:00,2026-01-06 18:01:20.895920+00:00,80.407,0.475,0.47,0.48,0.51,0.5,0.52,164.56,40.0,116.0,8.0,0.46,253.0,0.49,35.0,0.49,216.0,0.53,760.54
2026-01-06 18:01:20.756000+00:00,2026-01-06 18:01:21.261216+00:00,80.756,0.485,0.48,0.49,0.505,0.5,0.51,41.84,50.0,101.0,81.0,0.47,770.54,0.5,101.0,0.49,30.0,0.52,91.0
2026-01-06 18:01:21.406000+00:00,2026-01-06 18:01:21.904743+00:00,81.406,0.505,0.5,0.51,0.495,0.49,0.5,312.6,50.0,5.0,297.6,0.49,837.0,0.52,45.0,0.48,55.0,0.51,837.0
2026-01-06 18:01:21.788000+00:00,2026-01-06 18:01:22.270243+00:00,81.788,0.515,0.51,0.52,0.485,0.48,0.49,53.0,60.0,52.3,127.95,0.5,58.0,0.53,122.0,0.47,163.0,0.5,20.0
2026-01-06 18:01:22.436000+00:00,2026-01-06 18:01:22.923770+00:00,82.436,0.505,0.5,0.51,0.495,0.49,0.5,239.0,10.0,3.03,848.0,0.49,406.0,0.52,269.3,0.48,163.3,0.51,530.0
2026-01-06 18:01:22.721000+00:00,2026-01-06 18:01:23.271883+00:00,82.721,0.505,0.5,0.51,0.485,0.48,0.49,817.0,3.03,7.3,126.0,0.49,468.0,0.52,78.3,0.47,71.0,0.5,851.0
2026-01-06 18:01:23.399000+00:00,2026-01-06 18:01:23.934852+00:00,83.399,0.535,0.53,0.54,0.46499999999999997,0.46,0.47,247.0,51.6,76.6,247.0,0.52,243.0,0.55,5.0,0.44,133.0,0.48,728.0
2026-01-06 18:01:23.758000+00:00,2026-01-06 18:01:24.277622+00:00,83.758,0.535,0.53,0.54,0.46499999999999997,0.46,0.47,183.0,131.6,136.6,172.0,0.52,294.0,0.55,157.0,0.45,183.0,0.48,86.0
2026-01-06 18:01:24.442000+00:00,2026-01-06 18:01:24.938193+00:00,84.442,0.535,0.53,0.54,0.46499999999999997,0.46,0.47,83.35,136.6,86.6,83.35,0.52,642.0,0.55,36.0,0.45,204.0,0.48,703.0
2026-01-06 18:01:24.711000+00:00,2026-01-06 18:01:25.288252+00:00,84.711,0.535,0.53,0.54,0.46499999999999997,0.46,0.47,189.05,86.6,86.6,189.05,0.52,707.0,0.55,196.0,0.45,252.0,0.48,641.0
2026-01-06 18:01:25.455000+00:00,2026-01-06 18:01:25.954457+00:00,85.455,0.555,0.55,0.56,0.445,0.44,0.45,109.0,412.36,430.36,21.77,0.54,24.1,0.57,364.0,0.43,324.0,0.46,19.1
2026-01-06 18:01:25.806000+00:00,2026-01-06 18:01:26.302261+00:00,85.806,0.55,0.54,0.56,0.455,0.45,0.46,6.5,267.59,264.0,6.5,0.53,448.05,0.57,359.0,0.44,377.59,0.47,448.05
2026-01-06 18:01:26.453000+00:00,2026-01-06 18:01:26.955089+00:00,86.453,0.535,0.53,0.54,0.46499999999999997,0.46,0.47,360.05,30.0,26.87,342.83,0.52,339.0,0.55,190.35,0.45,190.35,0.48,339.0
2026-01-06 18:01:26.803000+00:00,2026-01-06 18:01:27.320992+00:00,86.803,0.535,0.53,0.54,0.46499999999999997,0.46,0.47,342.83,25.01,30.01,342.83,0.52,339.0,0.55,208.35,0.45,258.35,0.48,304.0
2026-01-06 18:01:27.468000+00:00,2026-01-06 18:01:27.954718+00:00,87.468,0.545,0.54,0.55,0.455,0.45,0.46,121.0,63.35,63.35,126.0,0.53,590.0,0.56,173.36,0.44,173.36,0.47,1119.0
2026-01-06 18:01:27.835000+00:00,2026-01-06 18:01:28.324352+00:00,87.835,0.545,0.54,0.55,0.445,0.44,0.45,218.84,68.35,168.36,86.0,0.53,1230.0,0.56,173.36,0.43,35.0,0.46,506.84
2026-01-06 18:01:28.477000+00:00,2026-01-06 18:01:28.971201+00:00,88.477,0.555,0.55,0.56,0.445,0.44,0.45,369.0,95.97,95.97,339.0,0.54,495.0,0.57,35.0,0.43,35.0,0.46,495.0
2026-01-06 18:01:28.836000+00:00,2026-01-06 18:01:29.325310+00:00,88.836,0.555,0.55,0.56,0.445,0.44,0.45,114.0,135.79,274.79,114.0,0.54,380.0,0.57,221.0,0.43,298.0,0.46,385.0
2026-01-06 18:01:29.507000+00:00,2026-01-06 18:01:29.986050+00:00,89.507,0.555,0.55,0.56,0.445,0.44,0.45,471.0,11.36,4.36,921.0,0.54,610.0,0.57,86.0,0.43,86.0,0.46,671.0
2026-01-06 18:01:29.824000+00:00,2026-01-06 18:01:30.327620+00:00,89.824,0.565,0.56,0.57,0.435,0.43,0.44,102.5,71.0,46.31,92.5,0.55,996.0,0.58,24.5,0.42,24.5,0.45,562.0
2026-01-06 18:01:30.492000+00:00,2026-01-06 18:01:30.993554+00:00,90.492,0.595,0.59,0.6,0.405,0.4,0.41,260.21,85.0,85.0,175.21,0.58,689.0,0.61,25.0,0.39,30.0,0.42,272.0
2026-01-06 18:01:30.832000+00:00,2026-01-06 18:01:31.326802+00:00,90.832,0.605,0.6,0.61,0.395,0.39,0.4,36.0,30.0,40.0,234.48,0.59,249.21,0.62,12.69,0.38,12.69,0.41,241.21
2026-01-06 18:01:31.518000+00:00,2026-01-06 18:01:32.004803+00:00,91.518,0.615,0.61,0.62,0.385,0.38,0.39,91.0,12.69,7.52,709.94,0.6,318.48,0.63,400.0,0.37,415.0,0.4,408.0
2026-01-06 18:01:31.865000+00:00,2026-01-06 18:01:32.338628+00:00,91.865,0.625,0.62,0.63,0.375,0.37,0.38,98.48,400.0,415.0,320.48,0.61,415.94,0.64,15.0,0.35,35.0,0.39,426.94
2026-01-06 18:01:32.543000+00:00,2026-01-06 18:01:33.020816+00:00,92.543,0.655,0.65,0.66,0.345,0.34,0.35,86.0,30.0,15.0,282.0,0.64,364.0,0.67,10.0,0.33,25.0,0.36,369.0
2026-01-06 18:01:32.863000+00:00,2026-01-06 18:01:33.352650+00:00,92.863,0.665,0.66,0.67,0.335,0.33,0.34,56.0,40.0,45.0,783.0,0.65,409.0,0.68,5.0,0.31,146.19,0.35,369.0
2026-01-06 18:01:33.539000+00:00,2026-01-06 18:01:34.031790+00:00,93.539,0.6799999999999999,0.67,0.69,0.325,0.32,0.33,603.0,156.19,15.0,738.0,0.66,222.0,0.7,195.0,0.31,161.19,0.34,142.0
2026-01-06 18:01:33.865000+00:00,2026-01-06 18:01:34.350980+00:00,93.865,0.675,0.67,0.68,0.325,0.32,0.33,677.0,15.0,100.0,205.54,0.66,213.0,0.69,161.19,0.31,221.97,0.34,213.0
2026-01-06 18:01:34.548000+00:00,2026-01-06 18:01:35.041674+00:00,94.548,0.675,0.67,0.68,0.32,0.31,0.33,535.71,202.0,155.97,511.16,0.66,474.0,0.69,165.97,0.3,134.0,0.34,441.0
2026-01-06 18:01:34.860000+00:00,2026-01-06 18:01:35.366066+00:00,94.86,0.685,0.68,0.69,0.315,0.31,0.32,449.0,109.97,109.97,484.0,0.67,161.16,0.7,129.0,0.3,129.0,0.33,152.0
2026-01-06 18:01:35.557000+00:00,2026-01-06 18:01:36.050168+00:00,95.557,0.685,0.68,0.69,0.315,0.31,0.32,820.84,25.0,104.0,611.21,0.67,304.0,0.7,22.0,0.3,22.0,0.33,71.0
2026-01-06 18:01:35.876000+00:00,2026-01-06 18:01:36.361467+00:00,95.876,0.685,0.68,0.69,0.315,0.31,0.32,128.49,231.0,296.0,101.21,0.67,71.0,0.7,275.0,0.3,223.0,0.33,71.0
2026-01-06 18:01:36.574000+00:00,2026-01-06 18:01:37.058717+00:00,96.574,0.685,0.68,0.69,0.325,0.32,0.33,42.46,349.0,244.0,65.44,0.67,71.0,0.7,396.0,0.31,349.0,0.34,142.0
2026-01-06 18:01:36.880000+00:00,2026-01-06 18:01:37.368514+00:00,96.88,0.675,0.67,0.68,0.335,0.33,0.34,155.44,375.0,69.56,76.0,0.66,147.0,0.69,344.0,0.32,419.0,0.35,13.51
2026-01-06 18:01:37.552000+00:00,2026-01-06 18:01:38.060073+00:00,97.552,0.655,0.65,0.66,0.345,0.34,0.35,161.51,57.02,107.71,156.51,0.64,250.16,0.67,176.0,0.33,163.0,0.36,98.16
2026-01-06 18:01:37.852000+00:00,2026-01-06 18:01:38.381020+00:00,97.852,0.655,0.65,0.66,0.345,0.34,0.35,156.51,125.71,76.0,289.51,0.64,93.16,0.67,234.0,0.33,152.0,0.36,189.16
2026-01-06 18:01:38.579000+00:00,2026-01-06 18:01:39.070302+00:00,98.579,0.665,0.66,0.67,0.335,0.33,0.34,781.0,86.0,91.0,781.0,0.65,539.5,0.68,86.0,0.32,86.0,0.35,475.5
2026-01-06 18:01:38.893000+00:00,2026-01-06 18:01:39.388448+00:00,98.893,0.665,0.66,0.67,0.335,0.33,0.34,762.0,96.0,101.0,634.11,0.65,538.5,0.68,86.0,0.32,86.0,0.35,413.5
2026-01-06 18:01:39.522000+00:00,2026-01-06 18:01:40.064912+00:00,99.522,0.665,0.66,0.67,0.335,0.33,0.34,578.11,101.0,101.0,565.92,0.65,318.5,0.68,215.0,0.32,162.0,0.35,363.5
2026-01-06 18:01:39.908000+00:00,2026-01-06 18:01:40.396445+00:00,99.908,0.665,0.66,0.67,0.335,0.33,0.34,810.92,101.0,101.0,800.92,0.65,471.5,0.68,162.0,0.32,91.0,0.35,621.5
2026-01-06 18:01:40.573000+00:00,2026-01-06 18:01:41.072671+00:00,100.573,0.665,0.66,0.67,0.335,0.33,0.34,746.92,150.77,267.77,90.0,0.65,429.5,0.68,180.0,0.32,351.0,0.35,275.5
2026-01-06 18:01:40.887000+00:00,2026-01-06 18:01:41.393615+00:00,100.887,0.665,0.66,0.67,0.335,0.33,0.34,90.0,322.77,294.0,90.0,0.65,132.5,0.68,319.0,0.32,445.0,0.35,106.0
2026-01-06 18:01:41.575000+00:00,2026-01-06 18:01:42.069701+00:00,101.575,0.66,0.65,0.67,0.345,0.34,0.35,106.0,334.0,20.0,106.0,0.64,316.16,0.68,566.0,0.33,329.0,0.36,316.16
2026-01-06 18:01:41.911000+00:00,2026-01-06 18:01:42.403737+00:00,101.911,0.655,0.65,0.66,0.345,0.34,0.35,71.0,112.0,198.0,95.0,0.64,407.16,0.67,430.0,0.33,309.0,0.36,326.16
2026-01-06 18:01:42.584000+00:00,2026-01-06 18:01:43.077881+00:00,102.584,0.655,0.65,0.66,0.345,0.34,0.35,80.0,225.0,189.0,62.0,0.64,138.16,0.67,430.0,0.33,340.0,0.36,133.16
2026-01-06 18:01:42.912000+00:00,2026-01-06 18:01:43.416080+00:00,102.912,0.655,0.65,0.66,0.345,0.34,0.35,26.0,104.0,104.0,26.0,0.64,138.16,0.67,340.0,0.33,332.0,0.36,72.16
2026-01-06 18:01:43.603000+00:00,2026-01-06 18:01:44.094514+00:00,103.603,0.645,0.64,0.65,0.355,0.35,0.36,122.16,30.0,181.0,112.16,0.63,752.0,0.66,266.0,0.34,414.0,0.37,489.0
2026-01-06 18:01:43.930000+00:00,2026-01-06 18:01:44.414392+00:00,103.93,0.645,0.64,0.65,0.355,0.35,0.36,2.16,195.0,165.0,92.16,0.63,5.0,0.66,315.0,0.34,340.0,0.37,135.0
2026-01-06 18:01:44.614000+00:00,2026-01-06 18:01:45.107759+00:00,104.614,0.625,0.62,0.63,0.375,0.37,0.38,112.0,20.0,5.0,202.0,0.61,361.0,0.64,132.0,0.36,143.76,0.39,286.0
2026-01-06 18:01:44.940000+00:00,2026-01-06 18:01:45.426448+00:00,104.94,0.625,0.62,0.63,0.375,0.37,0.38,187.0,38.0,111.77,97.0,0.61,233.0,0.64,48.76,0.36,53.76,0.39,278.0
2026-01-06 18:01:45.610000+00:00,2026-01-06 18:01:46.103457+00:00,105.61,0.625,0.62,0.63,0.375,0.37,0.38,61.97,124.0,89.0,76.97,0.61,222.0,0.64,343.76,0.36,338.76,0.39,227.0
2026-01-06 18:01:45.943000+00:00,2026-01-06 18:01:46.440605+00:00,105.943,0.625,0.62,0.63,0.375,0.37,0.38,435.97,65.6,80.6,1000.97,0.61,398.0,0.64,79.76,0.36,74.76,0.39,534.0
2026-01-06 18:01:46.627000+00:00,2026-01-06 18:01:47.103927+00:00,106.627,0.635,0.63,0.64,0.365,0.36,0.37,42.25,94.76,94.76,103.25,0.62,238.97,0.65,544.0,0.35,495.0,0.38,147.97
2026-01-06 18:01:46.950000+00:00,2026-01-06 18:01:47.455458+00:00,106.95,0.635,0.63,0.64,0.365,0.36,0.37,61.0,148.76,94.76,61.0,0.62,182.97,0.65,547.0,0.35,530.0,0.38,182.97
2026-01-06 18:01:47.626000+00:00,2026-01-06 18:01:48.111054+00:00,107.626,0.625,0.62,0.63,0.375,0.37,0.38,150.62,285.0,244.0,122.62,0.61,35.0,0.64,364.76,0.36,451.76,0.39,45.0
2026-01-06 18:01:47.957000+00:00,2026-01-06 18:01:48.449449+00:00,107.957,0.625,0.62,0.63,0.375,0.37,0.38,147.62,147.0,147.0,105.68,0.61,641.0,0.64,311.76,0.36,352.76,0.39,767.0
2026-01-06 18:01:48.602000+00:00,2026-01-06 18:01:49.116949+00:00,108.602,0.625,0.62,0.63,0.375,0.37,0.38,190.04,83.84,83.84,129.04,0.61,827.0,0.64,138.76,0.36,179.76,0.39,739.0
2026-01-06 18:01:48.955000+00:00,2026-01-06 18:01:49.453902+00:00,108.955,0.625,0.62,0.63,0.375,0.37,0.38,114.04,24.39,24.39,111.0,0.61,590.0,0.64,349.76,0.36,354.76,0.39,595.0
2026-01-06 18:01:49.615000+00:00,2026-01-06 18:01:50.119664+00:00,109.615,0.635,0.63,0.64,0.365,0.36,0.37,50.61,147.0,132.0,117.97,0.62,871.68,0.65,91.0,0.35,213.0,0.38,922.0
2026-01-06 18:01:49.966000+00:00,2026-01-06 18:01:50.457590+00:00,109.966,0.635,0.63,0.64,0.365,0.36,0.37,157.97,66.0,39.84,381.97,0.62,936.0,0.65,218.0,0.35,193.0,0.38,287.0
2026-01-06 18:01:50.633000+00:00,2026-01-06 18:01:51.133728+00:00,110.633,0.655,0.64,0.67,0.335,0.33,0.34,18.0,30.0,30.0,35.0,0.63,1101.94,0.69,318.0,0.31,318.0,0.35,126.0
2026-01-06 18:01:50.978000+00:00,2026-01-06 18:01:51.471915+00:00,110.978,0.665,0.66,0.67,0.335,0.33,0.34,58.0,55.0,40.0,579.0,0.65,347.0,0.69,140.0,0.32,35.0,0.35,347.0
2026-01-06 18:01:51.650000+00:00,2026-01-06 18:01:52.137759+00:00,111.65,0.66,0.65,0.67,0.345,0.34,0.35,121.0,84.0,15.0,71.0,0.64,450.0,0.68,193.0,0.33,74.0,0.36,440.0
2026-01-06 18:01:51.996000+00:00,2026-01-06 18:01:52.490959+00:00,111.996,0.66,0.65,0.67,0.345,0.34,0.35,63.62,124.71,15.0,63.62,0.64,803.0,0.68,372.0,0.33,142.71,0.36,808.0
2026-01-06 18:01:52.647000+00:00,2026-01-06 18:01:53.150162+00:00,112.647,0.655,0.65,0.66,0.345,0.34,0.35,58.62,212.0,212.0,148.62,0.64,575.0,0.67,449.0,0.33,444.0,0.36,575.0
2026-01-06 18:01:53.024000+00:00,2026-01-06 18:01:53.513620+00:00,113.024,0.655,0.65,0.66,0.345,0.34,0.35,815.62,61.0,61.0,913.62,0.64,553.0,0.67,132.0,0.33,144.54,0.36,553.0
2026-01-06 18:01:53.663000+00:00,2026-01-06 18:01:54.159016+00:00,113.663,0.665,0.66,0.67,0.345,0.34,0.35,183.0,360.64,10.0,144.62,0.65,776.62,0.68,507.0,0.33,466.1,0.36,393.0
2026-01-06 18:01:54.036000+00:00,2026-01-06 18:01:54.522428+00:00,114.036,0.655,0.65,0.66,0.345,0.34,0.35,176.0,12.54,17.54,176.0,0.64,174.0,0.67,548.1,0.33,450.1,0.36,159.0
2026-01-06 18:01:54.657000+00:00,2026-01-06 18:01:55.156310+00:00,114.657,0.655,0.65,0.66,0.345,0.34,0.35,196.0,11.07,181.07,101.0,0.64,111.0,0.67,450.1,0.33,446.1,0.36,76.0
2026-01-06 18:01:55.047000+00:00,2026-01-06 18:01:55.539051+00:00,115.047,0.655,0.65,0.66,0.345,0.34,0.35,96.0,231.07,206.07,91.0,0.64,111.0,0.67,565.1,0.33,583.1,0.36,216.0
2026-01-06 18:01:55.637000+00:00,2026-01-06 18:01:56.160753+00:00,115.637,0.655,0.65,0.66,0.345,0.34,0.35,175.28,103.07,103.07,85.28,0.64,202.0,0.67,629.1,0.33,629.1,0.36,147.0
2026-01-06 18:01:56.047000+00:00,2026-01-06 18:01:56.544301+00:00,116.047,0.655,0.65,0.66,0.345,0.34,0.35,75.28,353.07,334.84,75.28,0.64,199.0,0.67,697.0,0.33,697.0,0.36,71.0
2026-01-06 18:01:56.660000+00:00,2026-01-06 18:01:57.165513+00:00,116.66,0.645,0.64,0.65,0.355,0.35,0.36,66.0,155.0,282.0,66.0,0.63,178.0,0.66,317.84,0.34,322.84,0.37,178.0
2026-01-06 18:01:57.012000+00:00,2026-01-06 18:01:57.558342+00:00,117.012,0.645,0.64,0.65,0.355,0.35,0.36,52.03,282.0,229.0,39.03,0.63,190.93,0.66,317.84,0.34,307.84,0.37,235.93
2026-01-06 18:01:57.631000+00:00,2026-01-06 18:01:58.177505+00:00,117.631,0.645,0.64,0.65,0.36,0.35,0.37,10.0,56.52,61.52,236.48,0.63,266.93,0.66,296.84,0.34,331.84,0.38,439.0
2026-01-06 18:01:58.084000+00:00,2026-01-06 18:01:58.575571+00:00,118.084,0.645,0.64,0.65,0.355,0.35,0.36,5.0,56.52,23.0,10.0,0.63,371.48,0.66,286.84,0.34,339.84,0.37,369.48
2026-01-06 18:01:58.691000+00:00,2026-01-06 18:01:59.187184+00:00,118.691,0.645,0.64,0.65,0.355,0.35,0.36,15.0,160.0,170.3,15.0,0.63,311.48,0.66,442.84,0.34,424.84,0.37,311.48
2026-01-06 18:01:59.061000+00:00,2026-01-06 18:01:59.584736+00:00,119.061,0.645,0.64,0.65,0.355,0.35,0.36,10.0,267.3,249.3,1.86,0.63,231.48,0.66,353.84,0.34,371.84,0.37,246.48
2026-01-06 18:01:59.720000+00:00,2026-01-06 18:02:00.205473+00:00,119.72,0.645,0.64,0.65,0.355,0.35,0.36,11.86,323.3,328.3,6.86,0.63,266.48,0.66,371.84,0.34,371.84,0.37,356.48
2026-01-06 18:02:00.103000+00:00,2026-01-06 18:02:00.592074+00:00,120.103,0.645,0.64,0.65,0.355,0.35,0.36,6.86,479.0,497.0,1.86,0.63,336.48,0.66,362.84,0.34,380.84,0.37,226.93
2026-01-06 18:02:00.741000+00:00,2026-01-06 18:02:01.220533+00:00,120.741,0.635,0.63,0.64,0.365,0.36,0.37,98.93,457.0,505.0,98.93,0.6,181.0,0.65,550.0,0.35,588.0,0.38,18.0
2026-01-06 18:02:01.099000+00:00,2026-01-06 18:02:01.594525+00:00,121.099,0.625,0.62,0.63,0.375,0.37,0.38,413.0,141.0,249.0,771.0,0.61,340.0,0.64,470.0,0.36,151.0,0.39,140.0
2026-01-06 18:02:01.720000+00:00,2026-01-06 18:02:02.221615+00:00,121.72,0.625,0.62,0.63,0.375,0.37,0.38,79.0,111.25,15.25,23.0,0.61,808.0,0.64,419.0,0.36,269.0,0.39,563.0
2026-01-06 18:02:02.139000+00:00,2026-01-06 18:02:02.623405+00:00,122.139,0.625,0.62,0.63,0.375,0.37,0.38,903.0,15.0,15.0,880.0,0.61,277.0,0.64,152.0,0.36,86.0,0.39,333.0
2026-01-06 18:02:02.770000+00:00,2026-01-06 18:02:03.237837+00:00,122.77,0.635,0.63,0.64,0.355,0.35,0.36,503.44,86.0,244.76,44.0,0.62,544.0,0.65,7.76,0.34,360.0,0.37,557.44
2026-01-06 18:02:03.136000+00:00,2026-01-06 18:02:03.621849+00:00,123.136,0.645,0.64,0.65,0.355,0.35,0.36,26.0,244.76,310.76,44.0,0.63,539.44,0.66,421.0,0.34,475.0,0.37,544.44
2026-01-06 18:02:03.757000+00:00,2026-01-06 18:02:04.243373+00:00,123.757,0.635,0.63,0.64,0.365,0.36,0.37,86.16,201.0,335.0,86.16,0.62,5.0,0.65,326.76,0.35,354.76,0.38,5.0
2026-01-06 18:02:04.140000+00:00,2026-01-06 18:02:04.624741+00:00,124.14,0.635,0.63,0.64,0.365,0.36,0.37,185.16,519.0,460.0,85.16,0.62,747.0,0.65,396.76,0.35,311.76,0.38,293.0
2026-01-06 18:02:04.782000+00:00,2026-01-06 18:02:05.251182+00:00,124.782,0.625,0.62,0.63,0.375,0.37,0.38,646.0,86.0,86.0,642.89,0.61,325.0,0.64,166.37,0.36,166.37,0.39,330.0
2026-01-06 18:02:05.142000+00:00,2026-01-06 18:02:05.640085+00:00,125.142,0.625,0.62,0.63,0.375,0.37,0.38,601.0,133.77,108.77,621.92,0.61,393.0,0.64,352.37,0.36,323.37,0.39,375.0
2026-01-06 18:02:05.773000+00:00,2026-01-06 18:02:06.252736+00:00,125.773,0.625,0.62,0.63,0.375,0.37,0.38,608.82,42.77,42.77,626.82,0.61,344.0,0.64,369.37,0.36,369.37,0.39,344.0
2026-01-06 18:02:06.150000+00:00,2026-01-06 18:02:06.637644+00:00,126.15,0.625,0.62,0.63,0.385,0.38,0.39,30.0,57.77,111.0,295.0,0.61,518.0,0.64,435.37,0.37,212.77,0.4,770.0
2026-01-06 18:02:06.767000+00:00,2026-01-06 18:02:07.265087+00:00,126.767,0.615,0.61,0.62,0.385,0.38,0.39,234.0,122.95,122.95,234.0,0.6,515.0,0.63,340.77,0.37,340.77,0.4,515.0
2026-01-06 18:02:07.141000+00:00,2026-01-06 18:02:07.641043+00:00,127.141,0.615,0.61,0.62,0.385,0.38,0.39,106.0,122.95,104.0,156.0,0.6,550.0,0.63,345.77,0.37,317.77,0.4,688.0
2026-01-06 18:02:07.797000+00:00,2026-01-06 18:02:08.281875+00:00,127.797,0.63,0.62,0.64,0.375,0.37,0.38,5.0,243.63,5.0,5.0,0.61,1017.0,0.65,499.76,0.36,327.47,0.39,851.0
2026-01-06 18:02:08.202000+00:00,2026-01-06 18:02:08.663570+00:00,128.202,0.63,0.62,0.64,0.365,0.36,0.37,108.0,177.47,177.47,36.0,0.61,1103.0,0.65,416.76,0.35,300.76,0.38,108.0
2026-01-06 18:02:08.830000+00:00,2026-01-06 18:02:09.299784+00:00,128.83,0.635,0.63,0.64,0.365,0.36,0.37,41.0,187.47,192.47,41.0,0.62,139.0,0.65,117.76,0.35,112.76,0.38,139.0
2026-01-06 18:02:09.186000+00:00,2026-01-06 18:02:09.676341+00:00,129.186,0.635,0.63,0.64,0.365,0.36,0.37,41.0,71.0,71.0,35.72,0.62,144.0,0.65,240.76,0.35,245.76,0.38,144.0
2026-01-06 18:02:09.790000+00:00,2026-01-06 18:02:10.298804+00:00,129.79,0.635,0.63,0.64,0.365,0.36,0.37,10.0,8.25,8.25,167.0,0.62,272.0,0.65,373.76,0.35,159.76,0.38,540.0
2026-01-06 18:02:10.208000+00:00,2026-01-06 18:02:10.693683+00:00,130.208,0.635,0.63,0.64,0.365,0.36,0.37,238.0,8.25,8.25,989.0,0.62,535.0,0.65,154.76,0.35,149.76,0.38,450.0
2026-01-06 18:02:10.794000+00:00,2026-01-06 18:02:11.300421+00:00,130.794,0.645,0.64,0.65,0.355,0.35,0.36,171.0,137.57,137.57,221.0,0.63,1023.0,0.67,384.7,0.33,384.7,0.37,943.0
2026-01-06 18:02:11.202000+00:00,2026-01-06 18:02:11.696827+00:00,131.202,0.645,0.64,0.65,0.355,0.35,0.36,280.0,137.57,142.57,166.0,0.63,889.0,0.67,394.7,0.34,122.0,0.37,897.0
2026-01-06 18:02:11.787000+00:00,2026-01-06 18:02:12.292011+00:00,131.787,0.645,0.64,0.65,0.355,0.35,0.36,71.0,502.57,662.57,61.0,0.63,81.0,0.66,402.0,0.34,402.0,0.37,81.0
2026-01-06 18:02:12.227000+00:00,2026-01-06 18:02:12.717733+00:00,132.227,0.635,0.63,0.64,0.365,0.36,0.37,239.0,355.0,337.0,214.0,0.62,76.0,0.65,574.0,0.35,522.0,0.38,76.0
2026-01-06 18:02:12.807000+00:00,2026-01-06 18:02:13.295754+00:00,132.807,0.635,0.63,0.64,0.365,0.36,0.37,5.35,355.35,297.35,10.35,0.62,106.0,0.65,492.0,0.35,536.0,0.38,330.0
2026-01-06 18:02:13.241000+00:00,2026-01-06 18:02:13.727666+00:00,133.241,0.625,0.62,0.63,0.375,0.37,0.38,136.0,177.65,222.03,136.0,0.61,710.0,0.64,5.0,0.35,264.0,0.39,789.0
2026-01-06 18:02:13.782000+00:00,2026-01-06 18:02:14.285212+00:00,133.782,0.625,0.62,0.63,0.375,0.37,0.38,154.0,89.79,73.79,159.0,0.61,789.0,0.64,5.0,0.36,5.0,0.39,789.0
2026-01-06 18:02:14.242000+00:00,2026-01-06 18:02:14.736286+00:00,134.242,0.625,0.62,0.63,0.375,0.37,0.38,120.0,73.79,113.79,5.0,0.61,781.0,0.64,5.0,0.36,271.0,0.39,727.0
2026-01-06 18:02:14.771000+00:00,2026-01-06 18:02:15.265729+00:00,134.771,0.615,0.61,0.62,0.385,0.38,0.39,35.0,86.0,249.0,30.0,0.6,192.0,0.63,328.03,0.37,328.03,0.4,157.0
2026-01-06 18:02:15.265000+00:00,2026-01-06 18:02:15.733411+00:00,135.265,0.615,0.61,0.62,0.385,0.38,0.39,175.0,152.0,147.0,167.0,0.6,215.0,0.63,280.03,0.37,275.03,0.4,190.0
2026-01-06 18:02:15.771000+00:00,2026-01-06 18:02:16.261079+00:00,135.771,0.615,0.61,0.62,0.385,0.38,0.39,172.0,71.0,71.0,172.0,0.6,978.0,0.63,120.03,0.37,120.03,0.4,996.0
2026-01-06 18:02:16.254000+00:00,2026-01-06 18:02:16.751447+00:00,136.254,0.615,0.61,0.62,0.385,0.38,0.39,32.0,76.0,260.0,27.0,0.6,878.0,0.63,147.0,0.37,339.0,0.4,789.0
2026-01-06 18:02:16.754000+00:00,2026-01-06 18:02:17.267612+00:00,136.754,0.615,0.61,0.62,0.385,0.38,0.39,22.0,456.0,437.0,12.0,0.6,162.0,0.63,496.0,0.37,496.0,0.4,162.0
2026-01-06 18:02:17.265000+00:00,2026-01-06 18:02:17.751981+00:00,137.265,0.615,0.61,0.62,0.385,0.38,0.39,10.0,147.0,147.0,55.0,0.6,447.0,0.63,418.0,0.37,387.0,0.4,465.0
2026-01-06 18:02:17.766000+00:00,2026-01-06 18:02:18.274622+00:00,137.766,0.615,0.61,0.62,0.385,0.38,0.39,20.0,147.0,147.0,20.0,0.6,538.0,0.63,405.0,0.37,405.0,0.4,628.0
2026-01-06 18:02:18.248000+00:00,2026-01-06 18:02:18.743396+00:00,138.248,0.615,0.61,0.62,0.385,0.38,0.39,20.0,69.87,388.87,15.0,0.6,518.0,0.63,423.4,0.37,483.4,0.4,286.0
2026-01-06 18:02:18.757000+00:00,2026-01-06 18:02:19.267307+00:00,138.757,0.615,0.61,0.62,0.405,0.4,0.41,15.0,473.62,193.0,78.0,0.6,92.0,0.63,478.4,0.39,379.0,0.42,65.0
2026-01-06 18:02:19.251000+00:00,2026-01-06 18:02:19.750600+00:00,139.251,0.585,0.58,0.59,0.415,0.41,0.42,80.0,94.0,77.86,64.0,0.57,88.0,0.6,421.0,0.4,299.0,0.43,88.0
2026-01-06 18:02:19.779000+00:00,2026-01-06 18:02:20.273358+00:00,139.779,0.585,0.58,0.59,0.415,0.41,0.42,64.0,153.86,126.65,64.0,0.57,93.0,0.6,319.0,0.4,355.0,0.43,93.0
2026-01-06 18:02:20.286000+00:00,2026-01-06 18:02:20.768274+00:00,140.286,0.575,0.57,0.58,0.425,0.42,0.43,264.65,27.15,67.15,264.65,0.56,851.5,0.59,55.0,0.41,54.0,0.44,682.5
2026-01-06 18:02:20.798000+00:00,2026-01-06 18:02:21.282805+00:00,140.798,0.575,0.57,0.58,0.425,0.42,0.43,221.43,4.16,4.16,201.43,0.56,756.5,0.59,137.0,0.41,233.0,0.44,899.5
2026-01-06 18:02:21.275000+00:00,2026-01-06 18:02:21.766808+00:00,141.275,0.585,0.58,0.59,0.415,0.41,0.42,65.0,90.86,35.0,65.0,0.57,110.43,0.6,358.75,0.4,358.75,0.43,105.43
2026-01-06 18:02:21.645000+00:00,2026-01-06 18:02:22.266802+00:00,141.645,0.585,0.58,0.59,0.415,0.41,0.42,70.0,35.0,35.0,47.57,0.57,280.43,0.6,358.75,0.4,327.75,0.43,275.43
2026-01-06 18:02:22.293000+00:00,2026-01-06 18:02:22.774137+00:00,142.293,0.585,0.58,0.59,0.425,0.42,0.43,2.57,447.99,431.18,55.43,0.57,105.43,0.6,273.3,0.41,369.0,0.44,65.0
2026-01-06 18:02:22.787000+00:00,2026-01-06 18:02:23.279559+00:00,142.787,0.575,0.57,0.58,0.425,0.42,0.43,55.43,560.18,573.18,55.43,0.56,173.0,0.59,1013.0,0.41,923.0,0.44,45.0
2026-01-06 18:02:23.258000+00:00,2026-01-06 18:02:23.782545+00:00,143.258,0.565,0.56,0.57,0.435,0.43,0.44,65.0,231.57,418.57,35.0,0.55,106.25,0.58,458.18,0.42,418.34,0.45,106.25
2026-01-06 18:02:23.799000+00:00,2026-01-06 18:02:24.290558+00:00,143.799,0.56,0.55,0.57,0.445,0.44,0.45,146.25,512.56,5.0,146.25,0.54,148.0,0.58,431.43,0.43,409.56,0.46,148.0
2026-01-06 18:02:24.290000+00:00,2026-01-06 18:02:24.786253+00:00,144.29,0.55,0.54,0.56,0.455,0.45,0.46,228.0,45.0,5.0,273.0,0.53,871.0,0.57,419.56,0.44,45.0,0.47,871.0
2026-01-06 18:02:24.802000+00:00,2026-01-06 18:02:25.297427+00:00,144.802,0.545,0.54,0.55,0.445,0.44,0.45,45.0,20.0,309.0,65.0,0.53,348.0,0.56,322.0,0.43,339.57,0.46,240.0
2026-01-06 18:02:25.300000+00:00,2026-01-06 18:02:25.785534+00:00,145.3,0.565,0.56,0.57,0.435,0.43,0.44,15.0,15.57,20.57,80.45,0.55,442.54,0.58,369.0,0.42,369.0,0.45,322.54
2026-01-06 18:02:25.776000+00:00,2026-01-06 18:02:26.288646+00:00,145.776,0.565,0.56,0.57,0.435,0.43,0.44,305.8,20.57,15.57,310.8,0.55,368.54,0.59,404.0,0.41,288.0,0.45,353.54
2026-01-06 18:02:26.279000+00:00,2026-01-06 18:02:26.790362+00:00,146.279,0.565,0.56,0.57,0.435,0.43,0.44,221.8,81.0,81.0,99.8,0.55,349.54,0.58,343.0,0.42,343.0,0.45,385.54
2026-01-06 18:02:26.776000+00:00,2026-01-06 18:02:27.283116+00:00,146.776,0.565,0.56,0.57,0.435,0.43,0.44,42.09,324.64,349.64,42.09,0.55,59.54,0.58,395.0,0.42,400.0,0.45,59.54
2026-01-06 18:02:27.263000+00:00,2026-01-06 18:02:27.798862+00:00,147.263,0.565,0.56,0.57,0.435,0.43,0.44,42.09,316.06,309.3,42.09,0.55,59.54,0.58,413.0,0.42,413.0,0.45,59.54
2026-01-06 18:02:27.834000+00:00,2026-01-06 18:02:28.299602+00:00,147.834,0.565,0.56,0.57,0.435,0.43,0.44,45.0,126.3,126.3,45.0,0.55,197.54,0.58,418.0,0.42,431.0,0.45,282.54
2026-01-06 18:02:28.288000+00:00,2026-01-06 18:02:28.813339+00:00,148.288,0.565,0.56,0.57,0.435,0.43,0.44,45.0,88.71,118.71,35.0,0.55,322.54,0.58,436.0,0.42,426.0,0.45,297.54
2026-01-06 18:02:28.711000+00:00,2026-01-06 18:02:29.298921+00:00,148.711,0.565,0.56,0.57,0.435,0.43,0.44,69.25,88.71,68.71,94.25,0.55,297.54,0.58,460.0,0.42,439.0,0.45,292.54
2026-01-06 18:02:29.276000+00:00,2026-01-06 18:02:29.817108+00:00,149.276,0.565,0.56,0.57,0.435,0.43,0.44,92.25,68.71,66.83,92.25,0.55,453.54,0.58,140.0,0.42,135.0,0.45,448.54
2026-01-06 18:02:29.824000+00:00,2026-01-06 18:02:30.304486+00:00,149.824,0.565,0.56,0.57,0.445,0.44,0.45,5.0,384.83,323.0,234.0,0.55,323.54,0.58,464.0,0.43,389.83,0.46,314.25
2026-01-06 18:02:30.332000+00:00,2026-01-06 18:02:30.808724+00:00,150.332,0.555,0.55,0.56,0.445,0.44,0.45,176.0,450.44,450.44,176.0,0.54,89.25,0.57,508.0,0.43,508.0,0.46,89.25
2026-01-06 18:02:30.792000+00:00,2026-01-06 18:02:31.313848+00:00,150.792,0.555,0.55,0.56,0.445,0.44,0.45,166.0,370.83,470.83,121.0,0.54,169.25,0.57,451.0,0.43,444.0,0.46,169.25
2026-01-06 18:02:31.332000+00:00,2026-01-06 18:02:31.818391+00:00,151.332,0.555,0.55,0.56,0.445,0.44,0.45,116.0,480.04,435.04,161.0,0.54,169.25,0.57,461.0,0.43,461.0,0.46,169.25
2026-01-06 18:02:31.825000+00:00,2026-01-06 18:02:32.322202+00:00,151.825,0.555,0.55,0.56,0.445,0.44,0.45,116.0,444.04,383.89,161.0,0.54,169.25,0.57,443.0,0.43,443.0,0.46,169.25
2026-01-06 18:02:32.349000+00:00,2026-01-06 18:02:32.832703+00:00,152.349,0.555,0.55,0.56,0.445,0.44,0.45,166.0,358.89,76.0,171.0,0.54,277.25,0.57,374.0,0.43,369.0,0.46,357.25
2026-01-06 18:02:32.839000+00:00,2026-01-06 18:02:33.327773+00:00,152.839,0.555,0.55,0.56,0.445,0.44,0.45,131.0,334.0,319.0,171.0,0.54,79.25,0.57,450.0,0.43,409.0,0.46,192.25
2026-01-06 18:02:33.351000+00:00,2026-01-06 18:02:33.841742+00:00,153.351,0.555,0.55,0.56,0.44,0.43,0.45,90.0,59.17,414.0,95.0,0.54,277.25,0.57,414.0,0.42,1014.0,0.46,432.25
2026-01-06 18:02:33.851000+00:00,2026-01-06 18:02:34.338291+00:00,153.851,0.555,0.55,0.56,0.445,0.44,0.45,80.0,122.0,122.0,95.0,0.54,296.25,0.57,374.0,0.43,379.0,0.46,347.25
2026-01-06 18:02:34.342000+00:00,2026-01-06 18:02:34.844725+00:00,154.342,0.555,0.55,0.56,0.445,0.44,0.45,252.51,61.0,61.0,548.51,0.54,336.25,0.57,65.0,0.43,50.0,0.46,390.25
2026-01-06 18:02:34.889000+00:00,2026-01-06 18:02:35.335325+00:00,154.889,0.575,0.57,0.58,0.425,0.42,0.43,40.0,425.0,445.0,5.0,0.56,125.0,0.59,597.19,0.41,526.19,0.44,120.0
2026-01-06 18:02:35.370000+00:00,2026-01-06 18:02:35.851453+00:00,155.37,0.565,0.56,0.57,0.44,0.43,0.45,85.0,58.24,200.24,156.0,0.55,156.0,0.58,496.0,0.42,599.0,0.46,169.25
2026-01-06 18:02:35.856000+00:00,2026-01-06 18:02:36.354300+00:00,155.856,0.56,0.55,0.57,0.44,0.43,0.45,156.0,519.24,524.24,153.69,0.54,79.25,0.58,599.0,0.42,599.0,0.46,84.25
2026-01-06 18:02:36.373000+00:00,2026-01-06 18:02:36.862552+00:00,156.373,0.56,0.55,0.57,0.44,0.43,0.45,153.69,519.24,515.53,153.69,0.54,84.25,0.58,594.0,0.42,594.0,0.46,84.25
2026-01-06 18:02:36.765000+00:00,2026-01-06 18:02:37.351886+00:00,156.765,0.56,0.55,0.57,0.44,0.43,0.45,148.69,515.53,510.35,153.69,0.54,89.25,0.58,594.0,0.42,594.0,0.46,84.25
2026-01-06 18:02:37.367000+00:00,2026-01-06 18:02:37.871960+00:00,157.367,0.56,0.55,0.57,0.44,0.43,0.45,152.02,490.06,490.06,152.02,0.54,156.25,0.58,694.0,0.42,694.0,0.46,156.25
2026-01-06 18:02:37.879000+00:00,2026-01-06 18:02:38.368391+00:00,157.879,0.56,0.55,0.57,0.44,0.43,0.45,228.02,435.18,435.18,153.77,0.54,105.25,0.58,665.0,0.42,575.0,0.46,156.25
2026-01-06 18:02:38.385000+00:00,2026-01-06 18:02:38.883063+00:00,158.385,0.565,0.56,0.57,0.435,0.43,0.44,5.0,121.18,243.18,5.0,0.55,231.32,0.58,514.0,0.42,584.0,0.45,301.32
2026-01-06 18:02:38.882000+00:00,2026-01-06 18:02:39.369955+00:00,158.882,0.565,0.56,0.57,0.435,0.43,0.44,5.0,612.18,600.18,5.0,0.55,5.0,0.58,1021.0,0.42,567.0,0.46,458.25
2026-01-06 18:02:39.385000+00:00,2026-01-06 18:02:39.883493+00:00,159.385,0.545,0.54,0.55,0.455,0.45,0.46,341.25,183.0,375.0,266.25,0.53,254.0,0.56,419.0,0.44,509.0,0.47,254.0
2026-01-06 18:02:39.866000+00:00,2026-01-06 18:02:40.369931+00:00,159.866,0.545,0.54,0.55,0.455,0.45,0.46,368.25,375.0,375.0,453.25,0.53,216.0,0.56,481.2,0.44,470.0,0.47,216.0
2026-01-06 18:02:40.417000+00:00,2026-01-06 18:02:40.908187+00:00,160.417,0.545,0.54,0.55,0.445,0.44,0.45,603.14,71.0,71.0,45.0,0.53,479.0,0.56,71.0,0.43,20.0,0.46,733.14
2026-01-06 18:02:40.898000+00:00,2026-01-06 18:02:41.399059+00:00,160.898,0.575,0.57,0.58,0.425,0.42,0.43,65.0,80.0,80.0,45.0,0.56,87.72,0.59,12.19,0.41,12.19,0.44,209.72
2026-01-06 18:02:41.430000+00:00,2026-01-06 18:02:41.917927+00:00,161.43,0.575,0.57,0.58,0.425,0.42,0.43,58.0,85.0,83.15,58.0,0.56,316.72,0.59,320.19,0.41,376.19,0.44,184.72
2026-01-06 18:02:41.934000+00:00,2026-01-06 18:02:42.405604+00:00,161.934,0.575,0.57,0.58,0.425,0.42,0.43,35.0,210.15,210.15,40.0,0.56,92.72,0.59,552.19,0.41,523.19,0.44,105.72
2026-01-06 18:02:42.508000+00:00,2026-01-06 18:02:42.924923+00:00,162.508,0.575,0.57,0.58,0.425,0.42,0.43,35.0,259.39,259.39,35.0,0.56,97.72,0.59,528.19,0.41,528.19,0.44,115.72
2026-01-06 18:02:42.937000+00:00,2026-01-06 18:02:43.428863+00:00,162.937,0.575,0.57,0.58,0.425,0.42,0.43,65.0,242.32,198.0,174.67,0.56,186.72,0.59,442.19,0.41,462.19,0.44,190.0
2026-01-06 18:02:43.438000+00:00,2026-01-06 18:02:43.933449+00:00,163.438,0.585,0.58,0.59,0.415,0.41,0.42,229.72,83.19,83.19,196.72,0.57,626.0,0.6,217.0,0.4,267.0,0.43,666.0
2026-01-06 18:02:43.956000+00:00,2026-01-06 18:02:44.441764+00:00,163.956,0.595,0.59,0.6,0.405,0.4,0.41,16.98,35.0,35.0,23.0,0.58,350.95,0.61,45.0,0.39,45.0,0.42,363.95
2026-01-06 18:02:44.446000+00:00,2026-01-06 18:02:44.935242+00:00,164.446,0.595,0.59,0.6,0.405,0.4,0.41,40.0,282.0,282.0,35.0,0.58,273.0,0.61,416.0,0.39,451.0,0.42,198.0
2026-01-06 18:02:44.940000+00:00,2026-01-06 18:02:45.435838+00:00,164.94,0.585,0.58,0.59,0.415,0.41,0.42,35.0,169.99,104.99,139.0,0.57,121.67,0.6,134.0,0.4,131.0,0.43,225.0
2026-01-06 18:02:45.439000+00:00,2026-01-06 18:02:45.940502+00:00,165.439,0.585,0.58,0.59,0.405,0.4,0.41,474.0,8.04,65.0,62.96,0.57,421.0,0.6,65.0,0.39,146.0,0.42,464.0
2026-01-06 18:02:45.946000+00:00,2026-01-06 18:02:46.436958+00:00,165.946,0.595,0.59,0.6,0.405,0.4,0.41,102.96,59.83,59.83,72.96,0.58,382.0,0.61,376.0,0.39,347.0,0.42,427.0
2026-01-06 18:02:46.458000+00:00,2026-01-06 18:02:46.951551+00:00,166.458,0.595,0.59,0.6,0.405,0.4,0.41,77.96,57.43,57.43,167.96,0.58,443.0,0.61,329.0,0.39,329.0,0.42,443.0
2026-01-06 18:02:46.955000+00:00,2026-01-06 18:02:47.445165+00:00,166.955,0.595,0.59,0.6,0.405,0.4,0.41,157.22,55.76,55.76,157.22,0.58,438.0,0.61,324.0,0.39,347.0,0.42,425.0
2026-01-06 18:02:47.475000+00:00,2026-01-06 18:02:47.968679+00:00,167.475,0.595,0.59,0.6,0.405,0.4,0.41,147.22,55.76,80.76,92.22,0.58,370.0,0.61,427.0,0.39,105.0,0.42,385.0
2026-01-06 18:02:47.970000+00:00,2026-01-06 18:02:48.466753+00:00,167.97,0.595,0.59,0.6,0.405,0.4,0.41,79.99,29.14,64.14,84.99,0.58,316.0,0.61,231.0,0.39,301.0,0.42,316.0
2026-01-06 18:02:48.486000+00:00,2026-01-06 18:02:48.982026+00:00,168.486,0.595,0.59,0.6,0.405,0.4,0.41,104.99,64.14,46.14,129.99,0.58,321.0,0.61,291.0,0.39,196.0,0.42,551.0
2026-01-06 18:02:48.993000+00:00,2026-01-06 18:02:49.485820+00:00,168.993,0.595,0.59,0.6,0.405,0.4,0.41,134.99,44.17,44.17,95.0,0.58,635.0,0.61,75.0,0.39,75.0,0.42,635.0
2026-01-06 18:02:49.496000+00:00,2026-01-06 18:02:49.990032+00:00,169.496,0.595,0.59,0.6,0.405,0.4,0.41,10.0,87.17,44.17,45.0,0.58,541.0,0.61,211.0,0.39,428.0,0.42,556.0
2026-01-06 18:02:49.974000+00:00,2026-01-06 18:02:50.494874+00:00,169.974,0.595,0.59,0.6,0.405,0.4,0.41,15.0,65.0,65.0,93.6,0.58,434.0,0.61,453.0,0.39,331.0,0.42,524.0
2026-01-06 18:02:50.496000+00:00,2026-01-06 18:02:50.988511+00:00,170.496,0.605,0.6,0.61,0.395,0.39,0.4,40.0,246.6,246.6,40.0,0.59,426.6,0.62,327.0,0.38,327.0,0.41,398.6
2026-01-06 18:02:50.977000+00:00,2026-01-06 18:02:51.500446+00:00,170.977,0.605,0.6,0.61,0.395,0.39,0.4,238.0,53.6,53.6,233.0,0.59,492.0,0.62,20.0,0.38,141.0,0.41,540.0
2026-01-06 18:02:51.505000+00:00,2026-01-06 18:02:51.989270+00:00,171.505,0.605,0.6,0.61,0.405,0.4,0.41,15.0,259.6,42.43,346.0,0.59,356.0,0.62,352.0,0.39,403.6,0.42,441.0
2026-01-06 18:02:52.021000+00:00,2026-01-06 18:02:52.518865+00:00,172.021,0.595,0.59,0.6,0.405,0.4,0.41,163.0,38.23,58.23,163.0,0.58,245.0,0.61,420.6,0.39,422.0,0.42,367.0
2026-01-06 18:02:52.511000+00:00,2026-01-06 18:02:53.000098+00:00,172.511,0.595,0.59,0.6,0.405,0.4,0.41,168.0,58.23,56.56,168.0,0.58,518.0,0.61,253.99,0.39,234.0,0.42,423.0
2026-01-06 18:02:53.126000+00:00,2026-01-06 18:02:53.543161+00:00,173.126,0.595,0.59,0.6,0.405,0.4,0.41,328.0,20.0,18.33,505.0,0.58,256.0,0.61,261.0,0.39,121.0,0.42,740.0
2026-01-06 18:02:53.526000+00:00,2026-01-06 18:02:54.018403+00:00,173.526,0.595,0.59,0.6,0.405,0.4,0.41,607.0,16.16,31.16,612.0,0.58,866.0,0.61,45.0,0.39,45.0,0.42,866.0
2026-01-06 18:02:54.045000+00:00,2026-01-06 18:02:54.549826+00:00,174.045,0.605,0.6,0.61,0.395,0.39,0.4,211.84,54.83,54.83,272.84,0.59,535.0,0.62,85.0,0.38,146.0,0.41,517.0
2026-01-06 18:02:54.535000+00:00,2026-01-06 18:02:55.035090+00:00,174.535,0.605,0.6,0.61,0.395,0.39,0.4,119.61,54.83,54.83,119.61,0.59,352.0,0.62,146.0,0.38,164.0,0.41,352.0
2026-01-06 18:02:55.058000+00:00,2026-01-06 18:02:55.558647+00:00,175.058,0.605,0.6,0.61,0.395,0.39,0.4,114.61,54.83,15.0,159.61,0.59,442.0,0.62,149.0,0.38,64.57,0.41,422.0
2026-01-06 18:02:55.562000+00:00,2026-01-06 18:02:56.051859+00:00,175.562,0.605,0.6,0.61,0.395,0.39,0.4,277.61,54.83,59.83,302.61,0.59,456.0,0.62,5.0,0.38,249.0,0.41,517.0
2026-01-06 18:02:56.068000+00:00,2026-01-06 18:02:56.571583+00:00,176.068,0.615,0.61,0.62,0.385,0.38,0.39,16.17,305.57,305.57,5.91,0.6,165.61,0.63,603.0,0.37,603.0,0.4,190.61
2026-01-06 18:02:56.555000+00:00,2026-01-06 18:02:57.057311+00:00,176.555,0.61,0.6,0.62,0.39,0.38,0.4,296.61,177.57,56.57,380.61,0.59,543.0,0.63,702.08,0.37,707.08,0.41,468.0
2026-01-06 18:02:57.087000+00:00,2026-01-06 18:02:57.585607+00:00,177.087,0.615,0.61,0.62,0.385,0.38,0.39,45.0,56.57,56.57,45.0,0.6,211.0,0.63,489.08,0.37,489.08,0.4,211.0
2026-01-06 18:02:57.555000+00:00,2026-01-06 18:02:58.062202+00:00,177.555,0.615,0.61,0.62,0.385,0.38,0.39,45.0,57.36,57.36,45.0,0.6,353.0,0.63,484.08,0.37,677.08,0.4,288.0
2026-01-06 18:02:58.111000+00:00,2026-01-06 18:02:58.601642+00:00,178.111,0.615,0.61,0.62,0.385,0.38,0.39,286.0,52.36,35.13,364.0,0.6,493.0,0.63,446.0,0.37,212.28,0.4,1059.0
2026-01-06 18:02:58.578000+00:00,2026-01-06 18:02:59.075001+00:00,178.578,0.615,0.61,0.62,0.385,0.38,0.39,607.0,35.13,35.13,705.0,0.6,1149.0,0.63,212.28,0.37,151.28,0.4,1167.0
2026-01-06 18:02:59.117000+00:00,2026-01-06 18:02:59.601964+00:00,179.117,0.625,0.62,0.63,0.375,0.37,0.38,218.87,80.28,75.12,233.87,0.61,570.0,0.64,22.8,0.36,17.8,0.39,575.0
2026-01-06 18:02:59.577000+00:00,2026-01-06 18:03:00.086920+00:00,179.577,0.625,0.62,0.63,0.375,0.37,0.38,436.96,65.84,75.12,386.96,0.61,934.0,0.64,32.8,0.36,17.8,0.39,1062.0
2026-01-06 18:03:00.120000+00:00,2026-01-06 18:03:00.617916+00:00,180.12,0.625,0.62,0.63,0.375,0.37,0.38,371.96,65.84,160.12,722.96,0.61,568.0,0.64,37.8,0.36,32.8,0.39,598.0
2026-01-06 18:03:00.610000+00:00,2026-01-06 18:03:01.100681+00:00,180.61,0.625,0.62,0.63,0.375,0.37,0.38,215.96,44.12,44.12,72.96,0.61,432.0,0.64,515.8,0.36,576.8,0.39,397.0
2026-01-06 18:03:01.127000+00:00,2026-01-06 18:03:01.621465+00:00,181.127,0.635,0.63,0.64,0.365,0.36,0.37,41.89,305.8,305.8,31.13,0.62,35.69,0.65,587.97,0.35,592.97,0.38,40.69
2026-01-06 18:03:01.607000+00:00,2026-01-06 18:03:02.102163+00:00,181.607,0.625,0.62,0.63,0.375,0.37,0.38,65.69,5.0,5.0,60.69,0.61,358.0,0.64,407.8,0.36,447.8,0.39,358.0
2026-01-06 18:03:02.141000+00:00,2026-01-06 18:03:02.635714+00:00,182.141,0.62,0.61,0.63,0.385,0.38,0.39,309.0,46.0,5.0,219.0,0.6,790.66,0.64,424.8,0.37,46.0,0.4,790.66
2026-01-06 18:03:02.617000+00:00,2026-01-06 18:03:03.118426+00:00,182.617,0.615,0.61,0.62,0.385,0.38,0.39,570.0,0.99,0.99,995.0,0.6,747.57,0.63,10.0,0.37,5.0,0.4,506.57
2026-01-06 18:03:03.143000+00:00,2026-01-06 18:03:03.634742+00:00,183.143,0.635,0.63,0.64,0.365,0.36,0.37,61.0,194.8,189.8,318.0,0.62,95.0,0.65,34.97,0.35,34.97,0.38,480.0
2026-01-06 18:03:03.647000+00:00,2026-01-06 18:03:04.123233+00:00,183.647,0.635,0.63,0.64,0.365,0.36,0.37,871.0,189.8,135.8,870.59,0.62,391.91,0.65,34.97,0.35,34.97,0.38,682.91
2026-01-06 18:03:04.155000+00:00,2026-01-06 18:03:04.646682+00:00,184.155,0.645,0.64,0.65,0.335,0.33,0.34,119.0,34.97,76.47,65.0,0.63,1026.59,0.67,76.47,0.32,5.0,0.35,92.03
2026-01-06 18:03:04.624000+00:00,2026-01-06 18:03:05.113362+00:00,184.624,0.665,0.66,0.67,0.305,0.3,0.31,893.0,81.47,12.0,61.0,0.65,297.03,0.7,52.0,0.29,100.0,0.33,120.8
2026-01-06 18:03:05.154000+00:00,2026-01-06 18:03:05.650567+00:00,185.154,0.695,0.69,0.7,0.305,0.3,0.31,217.0,7.0,12.0,162.0,0.68,581.0,0.71,384.0,0.29,476.0,0.32,520.0
2026-01-06 18:03:05.597000+00:00,2026-01-06 18:03:06.107703+00:00,185.597,0.695,0.69,0.7,0.305,0.3,0.31,5.0,410.07,397.07,5.0,0.68,510.0,0.71,468.0,0.29,468.0,0.32,61.0
2026-01-06 18:03:06.187000+00:00,2026-01-06 18:03:06.666303+00:00,186.187,0.675,0.67,0.68,0.33,0.32,0.34,2.0,124.0,185.0,685.0,0.66,665.0,0.69,614.64,0.31,499.64,0.35,246.03
2026-01-06 18:03:06.616000+00:00,2026-01-06 18:03:07.116152+00:00,186.616,0.675,0.67,0.68,0.32,0.31,0.33,484.0,56.0,355.64,484.0,0.66,321.0,0.69,355.64,0.3,466.07,0.34,377.0
2026-01-06 18:03:07.172000+00:00,2026-01-06 18:03:07.685070+00:00,187.172,0.675,0.67,0.68,0.32,0.31,0.33,484.0,5.0,373.13,495.93,0.66,344.0,0.69,383.64,0.3,430.07,0.34,326.0
2026-01-06 18:03:07.620000+00:00,2026-01-06 18:03:08.118313+00:00,187.62,0.685,0.68,0.69,0.315,0.31,0.32,5.0,355.13,350.13,5.0,0.67,467.93,0.7,399.07,0.3,358.07,0.33,608.93
2026-01-06 18:03:08.199000+00:00,2026-01-06 18:03:08.698012+00:00,188.199,0.6799999999999999,0.67,0.69,0.325,0.32,0.33,133.0,700.13,150.0,133.0,0.66,330.0,0.7,536.07,0.31,719.13,0.34,242.0
2026-01-06 18:03:08.623000+00:00,2026-01-06 18:03:09.120485+00:00,188.623,0.665,0.66,0.67,0.335,0.33,0.34,71.0,5.0,50.0,71.0,0.65,40.0,0.68,265.0,0.32,434.0,0.35,40.0
2026-01-06 18:03:09.204000+00:00,2026-01-06 18:03:09.698866+00:00,189.204,0.665,0.66,0.67,0.335,0.33,0.34,71.0,341.5,318.5,71.0,0.65,133.0,0.68,483.0,0.32,465.0,0.35,133.0
2026-01-06 18:03:09.628000+00:00,2026-01-06 18:03:10.132933+00:00,189.628,0.665,0.66,0.67,0.335,0.33,0.34,73.02,361.5,150.5,15.93,0.64,130.0,0.68,478.0,0.32,302.0,0.35,35.0
2026-01-06 18:03:10.205000+00:00,2026-01-06 18:03:10.716197+00:00,190.205,0.66,0.65,0.67,0.335,0.33,0.34,366.0,86.0,41.14,130.0,0.64,871.0,0.68,361.0,0.32,148.0,0.35,528.0
2026-01-06 18:03:10.640000+00:00,2026-01-06 18:03:11.139900+00:00,190.64,0.675,0.67,0.68,0.325,0.32,0.33,40.0,42.14,42.14,51.9,0.66,345.0,0.69,581.64,0.31,460.64,0.34,396.0
2026-01-06 18:03:11.227000+00:00,2026-01-06 18:03:11.728857+00:00,191.227,0.675,0.67,0.68,0.325,0.32,0.33,313.9,32.14,22.93,303.3,0.66,694.0,0.69,277.64,0.31,302.64,0.34,963.0
2026-01-06 18:03:11.592000+00:00,2026-01-06 18:03:12.146135+00:00,191.592,0.675,0.67,0.68,0.325,0.32,0.33,303.3,22.93,22.93,102.3,0.66,1035.0,0.69,272.64,0.31,300.64,0.34,1040.0
2026-01-06 18:03:12.230000+00:00,2026-01-06 18:03:12.735907+00:00,192.23,0.675,0.67,0.68,0.32,0.31,0.33,744.86,10.0,236.64,678.86,0.66,459.0,0.69,241.64,0.3,495.07,0.34,459.0
2026-01-06 18:03:12.665000+00:00,2026-01-06 18:03:13.168716+00:00,192.665,0.6799999999999999,0.67,0.69,0.325,0.32,0.33,678.86,236.64,52.0,660.86,0.66,459.0,0.7,688.07,0.31,512.56,0.34,459.0
2026-01-06 18:03:13.252000+00:00,2026-01-06 18:03:13.759351+00:00,193.252,0.675,0.67,0.68,0.325,0.32,0.33,594.86,50.0,45.0,614.86,0.66,246.0,0.69,573.56,0.31,573.56,0.34,281.0
2026-01-06 18:03:13.707000+00:00,2026-01-06 18:03:14.171534+00:00,193.707,0.6799999999999999,0.67,0.69,0.315,0.31,0.32,1016.86,355.56,167.56,139.0,0.66,417.0,0.7,547.07,0.3,331.07,0.33,1019.86
2026-01-06 18:03:14.286000+00:00,2026-01-06 18:03:14.783333+00:00,194.286,0.685,0.68,0.69,0.315,0.31,0.32,942.28,167.56,170.98,829.28,0.67,583.0,0.7,148.07,0.3,148.07,0.33,493.0
2026-01-06 18:03:14.680000+00:00,2026-01-06 18:03:15.188787+00:00,194.68,0.685,0.68,0.69,0.315,0.31,0.32,829.28,157.98,177.98,849.28,0.67,585.0,0.7,153.07,0.3,153.07,0.33,585.0
2026-01-06 18:03:15.316000+00:00,2026-01-06 18:03:15.798907+00:00,195.316,0.685,0.68,0.69,0.315,0.31,0.32,1211.28,157.93,152.93,1175.28,0.67,674.0,0.7,77.07,0.3,77.07,0.33,656.0
2026-01-06 18:03:15.698000+00:00,2026-01-06 18:03:16.205928+00:00,195.698,0.695,0.69,0.7,0.295,0.29,0.3,176.0,77.07,71.0,19.93,0.68,1108.28,0.71,71.0,0.28,5.0,0.31,331.0
2026-01-06 18:03:16.315000+00:00,2026-01-06 18:03:16.816150+00:00,196.315,0.715,0.71,0.72,0.28500000000000003,0.28,0.29,31.0,10.0,5.0,31.0,0.7,533.55,0.73,361.0,0.27,356.0,0.3,489.0
2026-01-06 18:03:16.704000+00:00,2026-01-06 18:03:17.214841+00:00,196.704,0.715,0.71,0.72,0.28500000000000003,0.28,0.29,24.79,10.0,10.0,29.79,0.7,489.0,0.73,377.0,0.27,377.0,0.3,617.0
2026-01-06 18:03:17.333000+00:00,2026-01-06 18:03:17.818524+00:00,197.333,0.715,0.71,0.72,0.28500000000000003,0.28,0.29,40.0,5.0,5.0,494.0,0.7,378.0,0.73,311.0,0.27,306.0,0.3,278.0
2026-01-06 18:03:17.709000+00:00,2026-01-06 18:03:18.220101+00:00,197.709,0.715,0.71,0.72,0.28500000000000003,0.28,0.29,464.0,23.0,23.0,464.0,0.7,346.0,0.73,413.0,0.27,431.0,0.3,346.0
2026-01-06 18:03:18.307000+00:00,2026-01-06 18:03:18.816653+00:00,198.307,0.725,0.72,0.73,0.275,0.26,0.29,58.0,183.0,609.49,480.0,0.71,522.0,0.74,560.0,0.25,674.0,0.3,435.0
2026-01-06 18:03:18.720000+00:00,2026-01-06 18:03:19.232109+00:00,198.72,0.725,0.71,0.74,0.275,0.26,0.29,460.0,516.0,516.0,460.0,0.7,435.0,0.75,689.0,0.25,689.0,0.3,435.0
2026-01-06 18:03:19.322000+00:00,2026-01-06 18:03:19.822281+00:00,199.322,0.715,0.71,0.72,0.28500000000000003,0.27,0.3,18.0,5.0,332.63,247.0,0.7,394.0,0.73,291.63,0.26,432.0,0.31,354.0
2026-01-06 18:03:19.746000+00:00,2026-01-06 18:03:20.244315+00:00,199.746,0.71,0.7,0.72,0.28500000000000003,0.28,0.29,191.0,5.0,5.0,90.0,0.69,444.0,0.73,398.63,0.27,211.0,0.3,799.0
2026-01-06 18:03:20.332000+00:00,2026-01-06 18:03:20.824864+00:00,200.332,0.715,0.71,0.72,0.28500000000000003,0.28,0.29,274.1,3.0,3.0,126.0,0.7,1143.0,0.73,61.0,0.27,36.0,0.3,1028.0
2026-01-06 18:03:20.764000+00:00,2026-01-06 18:03:21.260321+00:00,200.764,0.715,0.71,0.72,0.28500000000000003,0.28,0.29,82.55,105.0,5.0,122.55,0.7,795.0,0.73,317.0,0.27,207.0,0.3,436.0
2026-01-06 18:03:21.339000+00:00,2026-01-06 18:03:21.835000+00:00,201.339,0.715,0.71,0.72,0.275,0.26,0.29,1160.55,5.0,71.0,1155.55,0.7,595.0,0.73,61.0,0.25,309.0,0.3,610.0
2026-01-06 18:03:21.753000+00:00,2026-01-06 18:03:22.250616+00:00,201.753,0.73,0.72,0.74,0.275,0.27,0.28,272.0,96.0,85.0,289.0,0.71,367.96,0.75,269.0,0.26,290.0,0.29,728.96
2026-01-06 18:03:22.342000+00:00,2026-01-06 18:03:22.847850+00:00,202.342,0.725,0.72,0.73,0.275,0.27,0.28,161.0,58.66,5.0,161.0,0.71,580.96,0.74,407.0,0.26,397.0,0.29,655.96
2026-01-06 18:03:22.743000+00:00,2026-01-06 18:03:23.242756+00:00,202.743,0.725,0.72,0.73,0.275,0.27,0.28,387.0,127.0,145.0,269.0,0.71,288.96,0.74,254.0,0.26,464.0,0.29,371.96
2026-01-06 18:03:23.382000+00:00,2026-01-06 18:03:23.866517+00:00,203.382,0.725,0.72,0.73,0.275,0.27,0.28,192.0,331.0,331.0,192.0,0.71,10.0,0.74,564.0,0.26,479.0,0.29,5.0
2026-01-06 18:03:23.746000+00:00,2026-01-06 18:03:24.248115+00:00,203.746,0.725,0.72,0.73,0.28500000000000003,0.28,0.29,126.0,316.0,18.0,188.0,0.71,228.0,0.74,554.0,0.27,241.0,0.3,524.0
2026-01-06 18:03:24.357000+00:00,2026-01-06 18:03:24.873112+00:00,204.357,0.715,0.71,0.72,0.28500000000000003,0.28,0.29,143.0,193.0,193.0,138.0,0.7,504.0,0.73,288.0,0.27,288.0,0.3,504.0
2026-01-06 18:03:24.746000+00:00,2026-01-06 18:03:25.259047+00:00,204.746,0.715,0.71,0.72,0.28500000000000003,0.28,0.29,138.0,36.0,23.26,138.0,0.7,489.0,0.73,389.0,0.27,389.0,0.3,599.0
2026-01-06 18:03:25.359000+00:00,2026-01-06 18:03:25.894603+00:00,205.359,0.715,0.71,0.72,0.28500000000000003,0.28,0.29,180.8,122.0,208.0,180.8,0.7,597.0,0.73,486.0,0.27,513.0,0.3,113.0
2026-01-06 18:03:25.751000+00:00,2026-01-06 18:03:26.254662+00:00,205.751,0.715,0.71,0.72,0.28500000000000003,0.28,0.29,175.8,419.0,447.0,175.8,0.69,101.0,0.73,588.0,0.27,606.0,0.31,150.0
2026-01-06 18:03:26.390000+00:00,2026-01-06 18:03:26.880740+00:00,206.39,0.695,0.69,0.7,0.305,0.3,0.31,120.0,5.0,0.3,304.0,0.68,318.0,0.71,100.3,0.29,143.3,0.32,441.0
2026-01-06 18:03:26.791000+00:00,2026-01-06 18:03:27.267354+00:00,206.791,0.7,0.69,0.71,0.29000000000000004,0.28,0.3,315.0,61.0,295.0,85.0,0.68,621.0,0.72,254.0,0.27,415.0,0.31,310.0
2026-01-06 18:03:27.391000+00:00,2026-01-06 18:03:27.888121+00:00,207.391,0.72,0.71,0.73,0.275,0.27,0.28,45.0,441.0,269.0,5.0,0.7,236.0,0.74,409.0,0.26,493.0,0.29,176.0
2026-01-06 18:03:27.765000+00:00,2026-01-06 18:03:28.262531+00:00,207.765,0.725,0.72,0.73,0.275,0.27,0.28,5.0,86.0,86.0,28.0,0.71,219.0,0.74,372.0,0.26,283.0,0.29,847.0
2026-01-06 18:03:28.324000+00:00,2026-01-06 18:03:28.908379+00:00,208.324,0.725,0.72,0.73,0.275,0.27,0.28,28.0,20.0,20.0,10.0,0.71,310.0,0.74,242.0,0.26,242.0,0.29,508.0
2026-01-06 18:03:28.765000+00:00,2026-01-06 18:03:29.267271+00:00,208.765,0.725,0.72,0.73,0.28,0.27,0.29,20.0,71.86,66.86,869.0,0.71,689.0,0.74,384.0,0.26,322.0,0.3,441.0
2026-01-06 18:03:29.409000+00:00,2026-01-06 18:03:29.906677+00:00,209.409,0.735,0.73,0.74,0.265,0.26,0.27,5.0,94.0,413.0,5.0,0.72,45.0,0.75,435.0,0.25,459.0,0.28,10.0
2026-01-06 18:03:29.784000+00:00,2026-01-06 18:03:30.273293+00:00,209.784,0.735,0.73,0.74,0.27,0.26,0.28,5.0,566.0,635.0,40.0,0.72,45.0,0.75,477.0,0.25,472.0,0.29,971.0
2026-01-06 18:03:30.416000+00:00,2026-01-06 18:03:30.913536+00:00,210.416,0.735,0.73,0.74,0.265,0.26,0.27,45.0,142.0,137.0,130.0,0.72,184.0,0.75,399.0,0.25,399.0,0.28,184.0
2026-01-06 18:03:30.787000+00:00,2026-01-06 18:03:31.282519+00:00,210.787,0.735,0.73,0.74,0.265,0.26,0.27,135.0,137.0,132.0,130.0,0.72,184.0,0.75,404.0,0.25,404.0,0.28,166.0
2026-01-06 18:03:31.409000+00:00,2026-01-06 18:03:31.923470+00:00,211.409,0.735,0.73,0.74,0.265,0.26,0.27,100.0,117.62,117.62,130.0,0.72,253.0,0.75,221.0,0.25,216.0,0.28,720.0
2026-01-06 18:03:31.787000+00:00,2026-01-06 18:03:32.285710+00:00,211.787,0.735,0.73,0.74,0.265,0.26,0.27,55.0,117.62,117.62,40.0,0.72,695.0,0.75,181.0,0.25,181.0,0.28,695.0
2026-01-06 18:03:32.438000+00:00,2026-01-06 18:03:32.940612+00:00,212.438,0.735,0.73,0.74,0.265,0.26,0.27,255.0,71.0,71.0,466.0,0.72,313.0,0.75,181.0,0.25,140.0,0.28,378.0
2026-01-06 18:03:32.821000+00:00,2026-01-06 18:03:33.302335+00:00,212.821,0.735,0.73,0.74,0.265,0.26,0.27,436.0,76.0,69.64,597.0,0.72,961.0,0.75,140.0,0.25,140.0,0.28,457.0
2026-01-06 18:03:33.395000+00:00,2026-01-06 18:03:33.946190+00:00,213.395,0.745,0.74,0.75,0.255,0.25,0.26,34.0,145.0,139.33,34.0,0.73,657.0,0.76,346.99,0.24,341.99,0.27,572.0
2026-01-06 18:03:33.818000+00:00,2026-01-06 18:03:34.311685+00:00,213.818,0.745,0.74,0.75,0.255,0.25,0.26,59.0,139.33,115.89,26.3,0.73,577.0,0.76,285.99,0.24,285.99,0.27,572.0
2026-01-06 18:03:34.478000+00:00,2026-01-06 18:03:34.971431+00:00,214.478,0.745,0.74,0.75,0.255,0.25,0.26,130.0,43.66,43.66,40.0,0.73,465.0,0.76,267.99,0.24,244.99,0.27,478.0
2026-01-06 18:03:34.807000+00:00,2026-01-06 18:03:35.314072+00:00,214.807,0.745,0.74,0.75,0.255,0.25,0.26,40.0,43.66,43.66,40.0,0.73,478.0,0.76,244.99,0.24,262.99,0.27,478.0
2026-01-06 18:03:35.477000+00:00,2026-01-06 18:03:35.992145+00:00,215.477,0.745,0.74,0.75,0.255,0.25,0.26,35.0,71.66,76.66,35.0,0.73,713.0,0.76,472.99,0.24,551.99,0.27,803.0
2026-01-06 18:03:35.823000+00:00,2026-01-06 18:03:36.320501+00:00,215.823,0.735,0.73,0.74,0.265,0.26,0.27,503.0,54.0,117.0,54.0,0.72,533.94,0.75,168.66,0.25,324.66,0.28,488.94
2026-01-06 18:03:36.481000+00:00,2026-01-06 18:03:36.985664+00:00,216.481,0.735,0.73,0.74,0.265,0.26,0.27,55.0,3.64,3.64,156.0,0.72,1095.94,0.75,190.66,0.25,124.66,0.28,1113.94
2026-01-06 18:03:36.689000+00:00,2026-01-06 18:03:37.330722+00:00,216.689,0.735,0.73,0.74,0.265,0.26,0.27,176.0,3.64,3.64,376.0,0.72,1083.94,0.75,114.66,0.25,79.66,0.28,1028.94
2026-01-06 18:03:37.506000+00:00,2026-01-06 18:03:37.981581+00:00,217.506,0.745,0.74,0.75,0.255,0.25,0.26,98.0,51.07,51.07,211.84,0.73,464.59,0.76,225.99,0.24,312.99,0.27,344.0
2026-01-06 18:03:37.849000+00:00,2026-01-06 18:03:38.346050+00:00,217.849,0.745,0.74,0.75,0.255,0.25,0.26,283.84,141.07,288.07,259.84,0.73,344.0,0.76,389.99,0.24,438.99,0.27,254.0
2026-01-06 18:03:38.507000+00:00,2026-01-06 18:03:38.999896+00:00,218.507,0.735,0.73,0.74,0.265,0.26,0.27,199.0,156.0,81.0,199.0,0.72,691.19,0.75,493.07,0.25,529.07,0.28,523.19
2026-01-06 18:03:38.847000+00:00,2026-01-06 18:03:39.361417+00:00,218.847,0.735,0.73,0.74,0.265,0.26,0.27,199.0,340.0,322.0,71.0,0.72,468.19,0.75,534.07,0.25,552.07,0.28,468.19
2026-01-06 18:03:39.494000+00:00,2026-01-06 18:03:40.000666+00:00,219.494,0.725,0.72,0.73,0.275,0.27,0.28,593.19,40.0,35.0,565.94,0.71,113.0,0.74,336.0,0.26,323.0,0.29,226.0
2026-01-06 18:03:39.885000+00:00,2026-01-06 18:03:40.374563+00:00,219.885,0.73,0.72,0.74,0.265,0.26,0.27,713.94,106.0,106.0,23.0,0.71,401.0,0.75,434.07,0.25,449.07,0.28,706.94
2026-01-06 18:03:40.505000+00:00,2026-01-06 18:03:41.012874+00:00,220.505,0.735,0.73,0.74,0.265,0.26,0.27,14.0,106.0,136.0,5.0,0.72,652.94,0.75,408.07,0.25,462.07,0.28,668.94
2026-01-06 18:03:40.881000+00:00,2026-01-06 18:03:41.376528+00:00,220.881,0.735,0.73,0.74,0.265,0.26,0.27,5.0,116.0,111.0,158.0,0.72,678.94,0.75,557.07,0.25,354.07,0.28,697.94
2026-01-06 18:03:41.526000+00:00,2026-01-06 18:03:42.027310+00:00,221.526,0.735,0.73,0.74,0.265,0.26,0.27,805.0,71.0,68.0,720.0,0.72,731.94,0.75,94.67,0.25,94.67,0.28,731.94
2026-01-06 18:03:41.868000+00:00,2026-01-06 18:03:42.381394+00:00,221.868,0.735,0.73,0.74,0.26,0.25,0.27,725.0,3.79,94.67,750.0,0.72,731.94,0.75,94.67,0.24,312.99,0.28,641.94
2026-01-06 18:03:42.552000+00:00,2026-01-06 18:03:43.038605+00:00,222.552,0.745,0.74,0.75,0.255,0.25,0.26,120.0,43.66,43.66,627.0,0.73,587.01,0.76,373.0,0.24,263.0,0.27,539.01
2026-01-06 18:03:42.831000+00:00,2026-01-06 18:03:43.380089+00:00,222.831,0.745,0.74,0.75,0.255,0.25,0.26,632.0,43.66,27.66,727.0,0.73,630.0,0.76,80.0,0.24,80.0,0.27,540.0
2026-01-06 18:03:43.539000+00:00,2026-01-06 18:03:44.042830+00:00,223.539,0.745,0.74,0.75,0.255,0.25,0.26,1073.0,10.26,31.27,812.0,0.73,464.0,0.76,45.0,0.24,14.99,0.27,479.01
2026-01-06 18:03:43.896000+00:00,2026-01-06 18:03:44.389155+00:00,223.896,0.75,0.74,0.76,0.25,0.24,0.26,737.76,175.0,50.0,752.76,0.73,551.01,0.77,360.73,0.23,483.73,0.27,708.01
2026-01-06 18:03:44.555000+00:00,2026-01-06 18:03:45.070964+00:00,224.555,0.755,0.75,0.76,0.245,0.24,0.25,100.0,45.0,45.0,96.0,0.74,837.76,0.77,406.73,0.23,406.73,0.26,837.76
2026-01-06 18:03:44.895000+00:00,2026-01-06 18:03:45.390005+00:00,224.895,0.755,0.75,0.76,0.245,0.24,0.25,6.0,50.0,40.0,96.0,0.74,832.76,0.77,396.73,0.23,366.73,0.26,837.76
2026-01-06 18:03:45.583000+00:00,2026-01-06 18:03:46.072127+00:00,225.583,0.745,0.74,0.75,0.255,0.25,0.26,489.76,112.0,5.0,647.76,0.73,246.01,0.76,139.0,0.24,233.0,0.27,396.01
2026-01-06 18:03:45.906000+00:00,2026-01-06 18:03:46.405515+00:00,225.906,0.745,0.74,0.75,0.255,0.25,0.26,772.76,5.0,5.0,899.76,0.73,583.01,0.76,121.0,0.24,116.0,0.27,644.01
2026-01-06 18:03:46.553000+00:00,2026-01-06 18:03:47.083228+00:00,226.553,0.755,0.75,0.76,0.245,0.24,0.25,145.0,80.99,80.99,709.0,0.74,639.0,0.77,342.74,0.23,319.74,0.26,596.0
2026-01-06 18:03:46.887000+00:00,2026-01-06 18:03:47.400230+00:00,226.887,0.755,0.75,0.76,0.245,0.24,0.25,734.0,80.99,70.99,861.0,0.74,614.0,0.77,332.74,0.23,221.74,0.26,624.0
2026-01-06 18:03:47.591000+00:00,2026-01-06 18:03:48.083908+00:00,227.591,0.755,0.75,0.76,0.245,0.24,0.25,1016.44,65.79,65.79,1031.44,0.74,485.0,0.77,108.74,0.23,101.33,0.26,620.5
2026-01-06 18:03:47.925000+00:00,2026-01-06 18:03:48.400544+00:00,227.925,0.755,0.75,0.76,0.245,0.24,0.25,1268.44,65.79,70.79,1283.44,0.74,708.5,0.77,92.73,0.23,21.73,0.26,598.5
2026-01-06 18:03:48.574000+00:00,2026-01-06 18:03:49.083246+00:00,228.574,0.785,0.78,0.79,0.215,0.21,0.22,710.6,15.01,15.01,805.6,0.77,294.0,0.8,68.27,0.2,68.27,0.23,355.0
2026-01-06 18:03:48.909000+00:00,2026-01-06 18:03:49.413424+00:00,228.909,0.785,0.78,0.79,0.215,0.21,0.22,937.6,9.74,9.74,942.6,0.77,355.0,0.8,68.27,0.2,68.27,0.23,370.0
2026-01-06 18:03:49.608000+00:00,2026-01-06 18:03:50.091354+00:00,229.608,0.79,0.78,0.8,0.20500000000000002,0.2,0.21,1020.6,68.27,34.25,157.0,0.77,601.0,0.81,23.0,0.19,36.0,0.22,484.6
2026-01-06 18:03:49.875000+00:00,2026-01-06 18:03:50.408176+00:00,229.875,0.795,0.79,0.8,0.20500000000000002,0.2,0.21,234.27,34.25,19.26,889.27,0.78,484.6,0.81,41.0,0.19,20.0,0.22,430.0
2026-01-06 18:03:50.598000+00:00,2026-01-06 18:03:51.095778+00:00,230.598,0.805,0.8,0.81,0.195,0.19,0.2,122.0,317.0,390.0,7.65,0.79,489.0,0.82,422.0,0.18,507.0,0.21,499.0
2026-01-06 18:03:50.930000+00:00,2026-01-06 18:03:51.422041+00:00,230.93,0.805,0.8,0.81,0.195,0.19,0.2,68.65,441.83,466.83,13.37,0.79,499.0,0.82,512.0,0.18,512.0,0.21,459.0
2026-01-06 18:03:51.597000+00:00,2026-01-06 18:03:52.099405+00:00,231.597,0.785,0.78,0.79,0.225,0.22,0.23,370.0,270.0,122.0,5.0,0.77,484.0,0.8,317.0,0.21,223.0,0.24,189.56
2026-01-06 18:03:51.948000+00:00,2026-01-06 18:03:52.438025+00:00,231.948,0.765,0.76,0.77,0.235,0.23,0.24,219.56,3.7,3.7,35.0,0.75,740.0,0.78,145.0,0.22,231.0,0.25,702.0
2026-01-06 18:03:52.603000+00:00,2026-01-06 18:03:53.098930+00:00,232.603,0.76,0.75,0.77,0.24,0.23,0.25,842.0,22.59,22.59,709.0,0.74,343.0,0.78,318.0,0.22,413.0,0.26,343.0
2026-01-06 18:03:52.987000+00:00,2026-01-06 18:03:53.444573+00:00,232.987,0.765,0.76,0.77,0.225,0.22,0.23,120.0,2.59,188.0,50.0,0.75,549.0,0.78,283.0,0.21,381.89,0.24,759.0
2026-01-06 18:03:53.617000+00:00,2026-01-06 18:03:54.103576+00:00,233.617,0.78,0.77,0.79,0.225,0.22,0.23,278.0,98.89,45.0,140.0,0.76,691.0,0.8,484.0,0.21,218.0,0.24,635.0
2026-01-06 18:03:53.966000+00:00,2026-01-06 18:03:54.462006+00:00,233.966,0.775,0.77,0.78,0.225,0.22,0.23,260.0,76.0,81.4,145.0,0.76,598.0,0.79,256.0,0.21,277.0,0.24,653.0
2026-01-06 18:03:54.629000+00:00,2026-01-06 18:03:55.113904+00:00,234.629,0.775,0.77,0.78,0.225,0.22,0.23,95.0,298.72,273.72,90.0,0.76,600.0,0.79,312.0,0.21,312.0,0.24,617.0
2026-01-06 18:03:54.971000+00:00,2026-01-06 18:03:55.468917+00:00,234.971,0.765,0.76,0.77,0.22999999999999998,0.22,0.24,707.63,5.0,444.01,722.63,0.75,267.0,0.78,344.72,0.21,395.0,0.25,267.0
2026-01-06 18:03:55.640000+00:00,2026-01-06 18:03:56.121197+00:00,235.64,0.775,0.77,0.78,0.225,0.22,0.23,407.98,118.01,123.01,964.5,0.76,482.63,0.79,183.0,0.21,45.0,0.24,548.63
2026-01-06 18:03:55.977000+00:00,2026-01-06 18:03:56.468736+00:00,235.977,0.78,0.77,0.79,0.22,0.21,0.23,751.5,28.8,99.8,650.0,0.76,513.63,0.8,162.0,0.2,228.0,0.24,407.63
2026-01-06 18:03:56.640000+00:00,2026-01-06 18:03:57.140354+00:00,236.64,0.775,0.77,0.78,0.225,0.22,0.23,530.0,45.0,42.16,502.0,0.76,259.13,0.79,99.8,0.21,280.8,0.24,349.13
2026-01-06 18:03:56.973000+00:00,2026-01-06 18:03:57.476728+00:00,236.973,0.775,0.77,0.78,0.225,0.22,0.23,489.0,52.16,52.16,579.0,0.76,233.63,0.79,386.8,0.21,465.8,0.24,355.63
2026-01-06 18:03:57.653000+00:00,2026-01-06 18:03:58.137929+00:00,237.653,0.775,0.77,0.78,0.225,0.22,0.23,584.0,45.0,5.0,886.0,0.76,297.13,0.79,343.8,0.21,231.8,0.24,400.13
2026-01-06 18:03:58.001000+00:00,2026-01-06 18:03:58.485233+00:00,238.001,0.775,0.77,0.78,0.225,0.22,0.23,1017.0,5.0,8.25,1102.0,0.76,435.13,0.79,231.8,0.21,170.8,0.24,505.13
2026-01-06 18:03:58.655000+00:00,2026-01-06 18:03:59.138722+00:00,238.655,0.81,0.8,0.82,0.19,0.18,0.2,245.9,226.82,221.82,336.9,0.79,312.18,0.83,534.0,0.17,539.0,0.21,368.18
2026-01-06 18:03:59+00:00,2026-01-06 18:03:59.500506+00:00,239.0,0.805,0.8,0.81,0.195,0.19,0.2,311.9,34.99,148.5,311.9,0.79,368.18,0.82,226.82,0.18,347.82,0.21,766.18
2026-01-06 18:03:59.584000+00:00,2026-01-06 18:04:00.149759+00:00,239.584,0.795,0.79,0.8,0.20500000000000002,0.2,0.21,10.0,163.0,158.0,95.0,0.78,177.0,0.81,447.5,0.19,529.5,0.22,307.0
2026-01-06 18:04:00.032000+00:00,2026-01-06 18:04:00.504914+00:00,240.032,0.795,0.79,0.8,0.21000000000000002,0.2,0.22,141.0,202.99,330.99,283.0,0.78,276.37,0.81,555.5,0.19,389.5,0.23,153.82
2026-01-06 18:04:00.659000+00:00,2026-01-06 18:04:01.163187+00:00,240.659,0.795,0.79,0.8,0.20500000000000002,0.2,0.21,104.5,362.75,362.75,99.5,0.78,318.0,0.81,598.5,0.19,598.5,0.22,318.0
2026-01-06 18:04:01.020000+00:00,2026-01-06 18:04:01.515463+00:00,241.02,0.795,0.79,0.8,0.20500000000000002,0.2,0.21,99.5,362.75,362.75,83.11,0.78,252.0,0.81,472.5,0.19,472.5,0.22,278.0
2026-01-06 18:04:01.662000+00:00,2026-01-06 18:04:02.161778+00:00,241.662,0.795,0.79,0.8,0.20500000000000002,0.2,0.21,82.06,200.0,362.0,67.06,0.78,434.37,0.81,597.5,0.19,528.5,0.22,406.0
2026-01-06 18:04:02.647000+00:00,2026-01-06 18:04:03.168348+00:00,242.647,0.785,0.78,0.79,0.215,0.21,0.22,195.97,137.02,252.02,195.97,0.77,706.82,0.8,560.82,0.2,560.82,0.23,706.82
2026-01-06 18:04:02.982000+00:00,2026-01-06 18:04:03.535967+00:00,242.982,0.785,0.78,0.79,0.215,0.21,0.22,190.97,198.02,198.02,174.92,0.77,672.0,0.8,614.82,0.2,614.82,0.23,677.0
2026-01-06 18:04:03.671000+00:00,2026-01-06 18:04:04.167716+00:00,243.671,0.785,0.78,0.79,0.20500000000000002,0.2,0.21,373.92,5.0,433.0,67.08,0.77,800.82,0.8,456.0,0.19,680.5,0.22,469.94
2026-01-06 18:04:04.060000+00:00,2026-01-06 18:04:04.552195+00:00,244.06,0.795,0.79,0.8,0.20500000000000002,0.2,0.21,102.08,250.0,250.0,102.08,0.78,348.95,0.81,513.5,0.19,518.5,0.22,400.32
2026-01-06 18:04:04.671000+00:00,2026-01-06 18:04:05.176710+00:00,244.671,0.795,0.79,0.8,0.21000000000000002,0.2,0.22,102.08,265.0,561.82,177.92,0.78,268.95,0.81,539.5,0.19,534.5,0.23,920.0
2026-01-06 18:04:05.004000+00:00,2026-01-06 18:04:05.552813+00:00,245.004,0.785,0.78,0.79,0.20500000000000002,0.2,0.21,305.92,35.0,550.0,102.08,0.77,954.82,0.8,607.82,0.19,616.5,0.22,280.95
2026-01-06 18:04:05.671000+00:00,2026-01-06 18:04:06.168382+00:00,245.671,0.795,0.79,0.8,0.20500000000000002,0.2,0.21,176.92,201.56,201.56,196.92,0.78,598.95,0.81,471.0,0.19,448.0,0.22,613.95
2026-01-06 18:04:06.024000+00:00,2026-01-06 18:04:06.550904+00:00,246.024,0.795,0.79,0.8,0.20500000000000002,0.2,0.21,176.92,201.56,201.56,171.92,0.78,598.32,0.81,322.0,0.19,304.0,0.22,598.32
2026-01-06 18:04:06.700000+00:00,2026-01-06 18:04:07.181390+00:00,246.7,0.795,0.79,0.8,0.20500000000000002,0.2,0.21,186.53,180.31,180.31,161.53,0.78,420.32,0.81,511.46,0.19,384.46,0.22,846.32
2026-01-06 18:04:07.028000+00:00,2026-01-06 18:04:07.553637+00:00,247.028,0.795,0.79,0.8,0.20500000000000002,0.2,0.21,179.53,175.12,175.12,179.53,0.78,775.32,0.81,384.46,0.19,384.46,0.22,775.32
2026-01-06 18:04:07.586000+00:00,2026-01-06 18:04:08.204692+00:00,247.586,0.795,0.79,0.8,0.20500000000000002,0.2,0.21,194.53,169.64,169.64,199.53,0.78,865.32,0.81,384.46,0.19,384.46,0.22,865.32
2026-01-06 18:04:08.041000+00:00,2026-01-06 18:04:08.566565+00:00,248.041,0.795,0.79,0.8,0.20500000000000002,0.2,0.21,184.53,169.64,169.64,178.91,0.78,987.32,0.81,384.46,0.19,314.0,0.22,969.32
2026-01-06 18:04:08.670000+00:00,2026-01-06 18:04:09.221888+00:00,248.67,0.795,0.79,0.8,0.20500000000000002,0.2,0.21,281.91,164.99,164.99,281.91,0.78,1118.32,0.81,288.0,0.19,288.0,0.22,1118.32
2026-01-06 18:04:09.058000+00:00,2026-01-06 18:04:09.566288+00:00,249.058,0.795,0.79,0.8,0.20500000000000002,0.2,0.21,84.99,330.99,330.99,90.46,0.78,834.93,0.81,525.0,0.19,635.0,0.22,839.93
2026-01-06 18:04:09.680000+00:00,2026-01-06 18:04:10.238238+00:00,249.68,0.795,0.79,0.8,0.20500000000000002,0.2,0.21,10.46,486.89,522.89,10.46,0.78,658.93,0.81,581.0,0.19,581.0,0.22,658.93
2026-01-06 18:04:10.077000+00:00,2026-01-06 18:04:10.578358+00:00,250.077,0.795,0.79,0.8,0.20500000000000002,0.2,0.21,10.46,608.89,565.89,10.46,0.78,601.98,0.81,581.0,0.19,522.0,0.22,227.98
2026-01-06 18:04:10.743000+00:00,2026-01-06 18:04:11.236387+00:00,250.743,0.785,0.78,0.79,0.21000000000000002,0.2,0.22,227.98,106.54,674.89,237.98,0.77,624.83,0.8,600.89,0.19,656.0,0.23,652.82
2026-01-06 18:04:11.109000+00:00,2026-01-06 18:04:11.581847+00:00,251.109,0.79,0.78,0.8,0.20500000000000002,0.2,0.21,232.98,583.89,199.99,181.0,0.77,670.82,0.81,581.0,0.19,670.0,0.22,300.98
2026-01-06 18:04:11.756000+00:00,2026-01-06 18:04:12.236068+00:00,251.756,0.795,0.79,0.8,0.20500000000000002,0.2,0.21,790.0,114.99,105.9,967.0,0.78,657.35,0.82,558.77,0.18,234.77,0.22,743.35
2026-01-06 18:04:12.102000+00:00,2026-01-06 18:04:12.597188+00:00,252.102,0.795,0.79,0.8,0.195,0.19,0.2,855.0,40.76,135.0,30.24,0.78,574.35,0.81,30.0,0.18,401.0,0.21,988.0
2026-01-06 18:04:12.758000+00:00,2026-01-06 18:04:13.250560+00:00,252.758,0.8,0.79,0.81,0.20500000000000002,0.2,0.21,671.0,180.0,133.9,545.0,0.78,350.35,0.82,477.0,0.19,293.0,0.22,376.35
2026-01-06 18:04:13.084000+00:00,2026-01-06 18:04:13.604503+00:00,253.084,0.795,0.79,0.8,0.20500000000000002,0.2,0.21,91.0,199.9,357.9,91.0,0.78,115.85,0.81,425.0,0.19,459.99,0.22,108.35
2026-01-06 18:04:13.766000+00:00,2026-01-06 18:04:14.262407+00:00,253.766,0.795,0.79,0.8,0.20500000000000002,0.2,0.21,71.95,461.9,426.13,71.0,0.78,103.35,0.81,488.99,0.19,583.99,0.22,128.35
2026-01-06 18:04:14.132000+00:00,2026-01-06 18:04:14.628642+00:00,254.132,0.795,0.79,0.8,0.215,0.21,0.22,71.0,506.13,181.0,63.35,0.78,73.35,0.81,493.99,0.2,489.0,0.23,509.0
2026-01-06 18:04:14.772000+00:00,2026-01-06 18:04:15.268365+00:00,254.772,0.785,0.78,0.79,0.215,0.21,0.22,133.35,162.0,111.0,138.35,0.77,509.0,0.8,593.9,0.2,477.9,0.23,514.0
2026-01-06 18:04:15.139000+00:00,2026-01-06 18:04:15.636030+00:00,255.139,0.785,0.78,0.79,0.215,0.21,0.22,208.35,20.0,20.0,213.35,0.77,580.0,0.8,479.9,0.2,479.9,0.23,580.0
2026-01-06 18:04:15.750000+00:00,2026-01-06 18:04:16.266033+00:00,255.75,0.785,0.78,0.79,0.215,0.21,0.22,138.35,20.0,20.0,133.35,0.77,726.0,0.8,579.9,0.2,579.9,0.23,726.0
2026-01-06 18:04:16.153000+00:00,2026-01-06 18:04:16.658603+00:00,256.153,0.785,0.78,0.79,0.215,0.21,0.22,128.35,115.0,115.0,128.35,0.77,796.0,0.8,579.9,0.2,579.9,0.23,876.0
2026-01-06 18:04:16.785000+00:00,2026-01-06 18:04:17.264947+00:00,256.785,0.785,0.78,0.79,0.215,0.21,0.22,123.35,55.0,70.0,123.35,0.77,863.0,0.8,698.9,0.2,678.9,0.23,858.0
2026-01-06 18:04:17+00:00,2026-01-06 18:04:17.663835+00:00,257.0,0.785,0.78,0.79,0.215,0.21,0.22,123.35,70.0,195.0,87.45,0.77,858.0,0.8,678.9,0.2,595.0,0.23,805.0
2026-01-06 18:04:17.771000+00:00,2026-01-06 18:04:18.270418+00:00,257.771,0.785,0.78,0.79,0.215,0.21,0.22,77.45,496.0,496.0,67.45,0.77,647.0,0.8,742.0,0.2,742.0,0.23,647.0
2026-01-06 18:04:18.167000+00:00,2026-01-06 18:04:18.673945+00:00,258.167,0.785,0.78,0.79,0.215,0.21,0.22,53.35,374.0,369.0,53.35,0.77,642.0,0.8,671.0,0.2,671.0,0.23,642.0
2026-01-06 18:04:18.784000+00:00,2026-01-06 18:04:19.278870+00:00,258.784,0.785,0.78,0.79,0.215,0.21,0.22,143.35,147.0,86.0,118.35,0.77,713.0,0.8,528.9,0.2,522.9,0.23,877.0
2026-01-06 18:04:19.201000+00:00,2026-01-06 18:04:19.694881+00:00,259.201,0.785,0.78,0.79,0.215,0.21,0.22,804.35,86.0,91.0,1016.35,0.77,632.0,0.81,339.0,0.19,354.0,0.23,552.0
2026-01-06 18:04:19.807000+00:00,2026-01-06 18:04:20.299114+00:00,259.807,0.795,0.79,0.8,0.20500000000000002,0.2,0.21,202.0,5.0,131.81,142.0,0.78,804.78,0.81,391.52,0.19,387.0,0.22,708.78
2026-01-06 18:04:20.196000+00:00,2026-01-06 18:04:20.702946+00:00,260.196,0.795,0.79,0.8,0.20500000000000002,0.2,0.21,75.76,106.81,101.81,80.76,0.78,685.94,0.81,446.0,0.19,446.0,0.22,675.94
2026-01-06 18:04:20.801000+00:00,2026-01-06 18:04:21.296222+00:00,260.801,0.8,0.79,0.81,0.20500000000000002,0.2,0.21,79.76,490.9,15.0,79.76,0.78,910.94,0.82,587.0,0.19,197.9,0.22,915.94
2026-01-06 18:04:21.215000+00:00,2026-01-06 18:04:21.721097+00:00,261.215,0.805,0.8,0.81,0.195,0.19,0.2,5.0,202.9,202.9,5.0,0.79,24.76,0.82,687.0,0.18,687.0,0.21,79.76
2026-01-06 18:04:21.786000+00:00,2026-01-06 18:04:22.301805+00:00,261.786,0.795,0.79,0.8,0.20500000000000002,0.2,0.21,9.76,267.0,532.0,9.76,0.78,803.78,0.81,417.0,0.19,427.0,0.22,304.78
2026-01-06 18:04:22.191000+00:00,2026-01-06 18:04:22.736722+00:00,262.191,0.795,0.79,0.8,0.20500000000000002,0.2,0.21,9.76,664.0,659.0,4.76,0.78,304.78,0.81,563.0,0.19,478.0,0.22,304.78
2026-01-06 18:04:22.816000+00:00,2026-01-06 18:04:23.306003+00:00,262.816,0.785,0.78,0.79,0.215,0.21,0.22,299.78,319.9,319.9,299.78,0.77,73.13,0.8,434.0,0.2,504.0,0.23,113.13
2026-01-06 18:04:23.230000+00:00,2026-01-06 18:04:23.732805+00:00,263.23,0.785,0.78,0.79,0.215,0.21,0.22,85.6,336.5,331.5,85.6,0.77,113.13,0.8,574.0,0.2,604.0,0.23,241.13
2026-01-06 18:04:23.755000+00:00,2026-01-06 18:04:24.318097+00:00,263.755,0.785,0.78,0.79,0.215,0.21,0.22,85.6,330.1,321.53,75.41,0.77,241.13,0.8,604.0,0.2,574.0,0.23,259.13
2026-01-06 18:04:24.225000+00:00,2026-01-06 18:04:24.747908+00:00,264.225,0.785,0.78,0.79,0.22,0.21,0.23,10.0,267.18,258.76,333.13,0.77,290.13,0.8,538.0,0.2,538.0,0.24,841.63
2026-01-06 18:04:24.818000+00:00,2026-01-06 18:04:25.326950+00:00,264.818,0.785,0.78,0.79,0.215,0.21,0.22,5.0,127.23,127.23,5.0,0.77,383.13,0.8,430.0,0.2,435.0,0.23,370.13
2026-01-06 18:04:25.253000+00:00,2026-01-06 18:04:25.748316+00:00,265.253,0.785,0.78,0.79,0.22,0.21,0.23,5.0,128.72,321.72,307.62,0.77,378.62,0.8,436.0,0.2,593.0,0.24,1015.63
2026-01-06 18:04:25.842000+00:00,2026-01-06 18:04:26.330432+00:00,265.842,0.775,0.77,0.78,0.225,0.22,0.23,131.49,144.01,149.01,131.49,0.76,581.79,0.79,493.73,0.21,480.73,0.24,504.0
2026-01-06 18:04:26.280000+00:00,2026-01-06 18:04:26.752903+00:00,266.28,0.775,0.77,0.78,0.225,0.22,0.23,131.49,314.0,243.0,8.49,0.76,504.0,0.79,610.73,0.21,479.73,0.24,582.16
2026-01-06 18:04:26.824000+00:00,2026-01-06 18:04:27.337896+00:00,266.824,0.77,0.76,0.78,0.225,0.22,0.23,547.16,204.58,204.58,10.0,0.75,281.0,0.79,618.73,0.21,718.73,0.24,542.16
2026-01-06 18:04:27.213000+00:00,2026-01-06 18:04:27.750683+00:00,267.213,0.775,0.77,0.78,0.225,0.22,0.23,10.0,321.38,382.38,10.0,0.76,542.16,0.79,718.73,0.21,718.73,0.24,542.16
2026-01-06 18:04:27.862000+00:00,2026-01-06 18:04:28.356692+00:00,267.862,0.77,0.76,0.78,0.235,0.23,0.24,208.0,245.0,97.47,115.0,0.75,364.0,0.79,714.47,0.22,245.0,0.25,210.0
2026-01-06 18:04:28.249000+00:00,2026-01-06 18:04:28.746392+00:00,268.249,0.765,0.76,0.77,0.235,0.23,0.24,277.0,61.0,188.0,282.0,0.75,616.0,0.78,20.0,0.22,5.0,0.25,167.0
2026-01-06 18:04:28.862000+00:00,2026-01-06 18:04:29.360392+00:00,268.862,0.785,0.78,0.79,0.215,0.21,0.22,60.0,90.73,21.32,136.0,0.77,211.0,0.8,71.0,0.2,115.0,0.23,503.0
2026-01-06 18:04:29.226000+00:00,2026-01-06 18:04:29.751451+00:00,269.226,0.785,0.78,0.79,0.215,0.21,0.22,543.0,227.38,242.38,86.0,0.77,465.0,0.8,122.0,0.2,311.0,0.23,470.0
2026-01-06 18:04:29.863000+00:00,2026-01-06 18:04:30.364651+00:00,269.863,0.785,0.78,0.79,0.215,0.21,0.22,81.0,675.5,680.5,81.0,0.77,71.0,0.8,403.0,0.2,403.0,0.23,71.0
2026-01-06 18:04:30.254000+00:00,2026-01-06 18:04:30.745995+00:00,270.254,0.785,0.78,0.79,0.235,0.23,0.24,81.0,600.5,49.57,569.0,0.77,71.0,0.8,455.0,0.22,225.0,0.25,106.0
2026-01-06 18:04:30.878000+00:00,2026-01-06 18:04:31.367374+00:00,270.878,0.765,0.76,0.77,0.235,0.23,0.24,748.0,96.89,61.0,766.0,0.75,308.0,0.78,183.0,0.22,183.0,0.25,290.0
2026-01-06 18:04:31.252000+00:00,2026-01-06 18:04:31.748224+00:00,271.252,0.785,0.78,0.79,0.215,0.21,0.22,90.0,304.6,304.6,105.0,0.77,138.0,0.8,384.17,0.2,366.17,0.23,106.0
2026-01-06 18:04:31.884000+00:00,2026-01-06 18:04:32.375436+00:00,271.884,0.785,0.78,0.79,0.215,0.21,0.22,124.86,308.2,147.0,139.86,0.77,542.0,0.8,183.0,0.2,208.0,0.23,578.0
2026-01-06 18:04:32.237000+00:00,2026-01-06 18:04:32.746857+00:00,272.237,0.785,0.78,0.79,0.215,0.21,0.22,139.86,147.0,147.0,139.86,0.77,578.0,0.8,208.0,0.2,308.0,0.23,578.0
2026-01-06 18:04:32.903000+00:00,2026-01-06 18:04:33.392321+00:00,272.903,0.785,0.78,0.79,0.22,0.21,0.23,116.86,166.2,319.07,579.0,0.77,703.0,0.8,308.0,0.2,478.0,0.24,478.0
2026-01-06 18:04:33.260000+00:00,2026-01-06 18:04:33.760090+00:00,273.26,0.775,0.77,0.78,0.225,0.22,0.23,685.0,5.0,5.0,650.0,0.76,197.0,0.79,643.07,0.21,643.07,0.24,187.0
2026-01-06 18:04:33.891000+00:00,2026-01-06 18:04:34.392115+00:00,273.891,0.775,0.77,0.78,0.225,0.22,0.23,612.0,59.0,59.0,642.0,0.76,191.0,0.79,512.07,0.21,426.07,0.24,191.0
2026-01-06 18:04:34.271000+00:00,2026-01-06 18:04:34.761862+00:00,274.271,0.775,0.77,0.78,0.225,0.22,0.23,138.0,439.58,377.58,193.0,0.76,191.0,0.79,458.17,0.21,499.07,0.24,191.0
2026-01-06 18:04:34.889000+00:00,2026-01-06 18:04:35.403787+00:00,274.889,0.775,0.77,0.78,0.225,0.22,0.23,195.0,132.0,71.0,195.0,0.76,550.0,0.79,390.9,0.21,390.9,0.24,443.0
2026-01-06 18:04:35.266000+00:00,2026-01-06 18:04:35.761570+00:00,275.266,0.775,0.77,0.78,0.225,0.22,0.23,231.0,69.21,69.21,311.0,0.76,417.0,0.79,372.9,0.21,377.9,0.24,417.0
2026-01-06 18:04:35.910000+00:00,2026-01-06 18:04:36.407173+00:00,275.91,0.775,0.77,0.78,0.225,0.22,0.23,221.0,72.79,72.79,221.0,0.76,572.0,0.79,357.9,0.21,337.9,0.24,572.0
2026-01-06 18:04:36.275000+00:00,2026-01-06 18:04:36.765328+00:00,276.275,0.775,0.77,0.78,0.225,0.22,0.23,226.0,72.79,72.79,226.0,0.76,482.0,0.79,377.9,0.21,377.9,0.24,516.0
2026-01-06 18:04:36.875000+00:00,2026-01-06 18:04:37.417631+00:00,276.875,0.775,0.77,0.78,0.225,0.22,0.23,688.0,69.53,69.53,688.0,0.76,547.0,0.79,259.0,0.21,5.0,0.24,547.0
2026-01-06 18:04:37.230000+00:00,2026-01-06 18:04:37.778149+00:00,277.23,0.775,0.77,0.78,0.225,0.22,0.23,688.0,41.33,41.33,688.0,0.76,547.0,0.79,5.0,0.21,5.0,0.24,547.0
2026-01-06 18:04:37.821000+00:00,2026-01-06 18:04:38.420912+00:00,277.821,0.775,0.77,0.78,0.225,0.22,0.23,696.0,41.33,5.0,696.0,0.76,547.0,0.79,5.0,0.21,5.0,0.24,547.0
2026-01-06 18:04:38.171000+00:00,2026-01-06 18:04:38.780563+00:00,278.171,0.775,0.77,0.78,0.225,0.22,0.23,688.0,5.0,5.0,683.0,0.76,547.0,0.79,5.0,0.21,5.0,0.24,547.0
2026-01-06 18:04:38.919000+00:00,2026-01-06 18:04:39.426100+00:00,278.919,0.785,0.78,0.79,0.215,0.21,0.22,30.0,282.29,384.19,30.0,0.77,634.0,0.8,547.0,0.2,487.0,0.23,634.0
2026-01-06 18:04:39.283000+00:00,2026-01-06 18:04:39.783894+00:00,279.283,0.78,0.77,0.79,0.22,0.21,0.23,629.0,322.19,261.19,634.0,0.76,722.0,0.8,445.0,0.2,329.0,0.24,783.0
2026-01-06 18:04:39.848000+00:00,2026-01-06 18:04:40.421694+00:00,279.848,0.78,0.77,0.79,0.22,0.21,0.23,627.6,261.19,261.19,627.6,0.76,783.0,0.8,521.0,0.2,603.0,0.24,600.0
2026-01-06 18:04:40.308000+00:00,2026-01-06 18:04:40.793928+00:00,280.308,0.775,0.77,0.78,0.225,0.22,0.23,383.0,46.0,10.0,428.0,0.76,532.0,0.79,343.29,0.21,404.29,0.24,612.0
2026-01-06 18:04:40.934000+00:00,2026-01-06 18:04:41.427746+00:00,280.934,0.825,0.82,0.83,0.175,0.17,0.18,35.0,172.0,122.0,166.0,0.81,199.99,0.84,208.9,0.16,255.9,0.19,237.99
2026-01-06 18:04:41.302000+00:00,2026-01-06 18:04:41.809217+00:00,281.302,0.825,0.82,0.83,0.175,0.17,0.18,620.0,148.0,143.0,694.44,0.81,189.99,0.84,311.9,0.16,311.9,0.19,189.99
2026-01-06 18:04:41.919000+00:00,2026-01-06 18:04:42.429468+00:00,281.919,0.835,0.83,0.84,0.165,0.16,0.17,40.0,296.9,296.9,23.52,0.82,579.44,0.85,615.05,0.15,620.05,0.18,584.44
2026-01-06 18:04:42.308000+00:00,2026-01-06 18:04:42.820086+00:00,282.308,0.825,0.82,0.83,0.175,0.17,0.18,544.44,232.85,225.41,534.44,0.81,187.99,0.84,424.9,0.16,424.9,0.19,97.99
2026-01-06 18:04:42.934000+00:00,2026-01-06 18:04:43.433211+00:00,282.934,0.825,0.82,0.83,0.175,0.17,0.18,534.66,119.8,235.8,40.66,0.81,88.71,0.84,356.9,0.16,489.9,0.19,130.0
2026-01-06 18:04:43.331000+00:00,2026-01-06 18:04:43.826205+00:00,283.331,0.825,0.82,0.83,0.175,0.17,0.18,65.66,240.8,211.76,65.66,0.81,113.72,0.84,525.9,0.16,525.9,0.19,125.08
2026-01-06 18:04:43.898000+00:00,2026-01-06 18:04:44.436496+00:00,283.898,0.825,0.82,0.83,0.175,0.17,0.18,19.85,113.5,306.5,5.0,0.81,669.08,0.84,517.9,0.16,512.9,0.19,494.0
2026-01-06 18:04:44.359000+00:00,2026-01-06 18:04:44.844207+00:00,284.359,0.8200000000000001,0.81,0.83,0.185,0.18,0.19,585.36,347.85,90.0,494.0,0.8,121.9,0.84,512.9,0.17,441.0,0.2,153.81
2026-01-06 18:04:44.946000+00:00,2026-01-06 18:04:45.450397+00:00,284.946,0.815,0.81,0.82,0.185,0.18,0.19,494.0,120.0,253.0,454.0,0.8,153.81,0.83,371.0,0.17,406.0,0.2,126.91
2026-01-06 18:04:45.351000+00:00,2026-01-06 18:04:45.856777+00:00,285.351,0.815,0.81,0.82,0.185,0.18,0.19,454.0,314.0,410.0,454.0,0.8,131.91,0.83,411.0,0.17,532.0,0.2,55.0
2026-01-06 18:04:45.962000+00:00,2026-01-06 18:04:46.463207+00:00,285.962,0.815,0.81,0.82,0.20500000000000002,0.2,0.21,3.0,536.0,137.0,539.0,0.79,539.0,0.83,484.0,0.19,96.85,0.22,228.33
2026-01-06 18:04:46.366000+00:00,2026-01-06 18:04:46.862736+00:00,286.366,0.795,0.79,0.8,0.20500000000000002,0.2,0.21,580.36,188.0,266.31,494.0,0.78,204.42,0.81,349.85,0.19,290.0,0.22,236.33
2026-01-06 18:04:46.980000+00:00,2026-01-06 18:04:47.472843+00:00,286.98,0.805,0.8,0.81,0.195,0.19,0.2,126.91,254.0,86.0,109.71,0.79,645.0,0.82,506.0,0.18,365.0,0.21,650.0
2026-01-06 18:04:47.272000+00:00,2026-01-06 18:04:47.868823+00:00,287.272,0.805,0.8,0.81,0.195,0.19,0.2,109.71,86.0,86.0,109.71,0.79,650.0,0.82,365.0,0.18,365.0,0.21,650.0
2026-01-06 18:04:47.982000+00:00,2026-01-06 18:04:48.469807+00:00,287.982,0.805,0.8,0.81,0.195,0.19,0.2,169.56,65.81,65.81,139.01,0.79,317.0,0.82,349.0,0.18,349.0,0.21,317.0
2026-01-06 18:04:48.376000+00:00,2026-01-06 18:04:48.885347+00:00,288.376,0.805,0.8,0.81,0.195,0.19,0.2,164.01,52.98,52.98,164.01,0.79,317.0,0.82,349.0,0.18,349.0,0.21,317.0
2026-01-06 18:04:48.957000+00:00,2026-01-06 18:04:49.471122+00:00,288.957,0.805,0.8,0.81,0.195,0.19,0.2,164.01,57.98,52.98,177.64,0.79,317.0,0.82,344.0,0.18,268.0,0.21,319.5
