timestamp,collected_at,seconds,up_mid,up_best_bid,up_best_ask,down_mid,down_best_bid,down_best_ask,up_best_bid_size,up_best_ask_size,down_best_bid_size,down_best_ask_size,up_bid_2,up_bid_2_size,up_ask_2,up_ask_2_size,up_bid_3,up_bid_3_size,up_ask_3,up_ask_3_size,up_bid_4,up_bid_4_size,up_ask_4,up_ask_4_size,up_bid_5,up_bid_5_size,up_ask_5,up_ask_5_size,up_bid_6,up_bid_6_size,up_ask_6,up_ask_6_size,down_bid_2,down_bid_2_size,down_ask_2,down_ask_2_size,down_bid_3,down_bid_3_size,down_ask_3,down_ask_3_size,down_bid_4,down_bid_4_size,down_ask_4,down_ask_4_size,down_bid_5,down_bid_5_size,down_ask_5,down_ask_5_size,down_bid_6,down_bid_6_size,down_ask_6,down_ask_6_size
2026-01-07 11:30:00+00:00,2026-01-07 11:29:57.592268+00:00,0.0,0.99,0.99,,0.01,,0.01,12773.35,,,12893.35,0.98,605.18,,,0.97,126.79,,,0.96,383.19,,,0.95,250.6,,,0.94,70.44,,,,,0.02,605.18,,,0.03,126.79,,,0.04,383.19,,,0.05,250.6,,,0.06,70.44
2026-01-07 11:30:01.988000+00:00,2026-01-07 11:29:59.599140+00:00,1.988,0.99,0.99,,0.01,,0.01,197652.15,,,197652.15,0.98,605.18,,,0.97,126.79,,,0.96,435.19,,,0.95,34.01,,,0.94,70.44,,,,,0.02,605.18,,,0.03,126.79,,,0.04,435.19,,,0.05,34.01,,,0.06,70.44
2026-01-07 11:30:02.896000+00:00,2026-01-07 11:30:00.603289+00:00,2.896,0.44,0.43,0.45,0.56,0.55,0.57,7.66,609.77,649.77,7.66,0.42,102.95,0.46,70.77,0.41,365.0,0.47,75.47,0.4,201.0,0.48,1875.75,0.39,121.0,0.49,931.61,0.35,30.0,0.5,1458.76,0.54,70.77,0.58,102.95,0.53,75.47,0.59,365.0,0.52,1875.75,0.6,323.0,0.51,1053.61,0.61,243.0,0.5,1580.76,0.62,121.0
2026-01-07 11:30:04.023000+00:00,2026-01-07 11:30:01.603584+00:00,4.023,0.435,0.43,0.44,0.565,0.56,0.57,30.0,68.0,152.0,30.0,0.41,15.0,0.45,716.77,0.4,372.34,0.46,192.77,0.39,304.0,0.47,379.47,0.38,304.0,0.48,2179.75,0.37,304.0,0.49,1235.61,0.55,716.77,0.59,15.0,0.54,192.77,0.6,382.34,0.53,379.47,0.61,304.0,0.52,2179.75,0.62,370.0,0.51,1250.61,0.63,304.0
2026-01-07 11:30:05.013000+00:00,2026-01-07 11:30:02.605683+00:00,5.013,0.435,0.43,0.44,0.555,0.55,0.56,70.0,72.65,769.47,15.0,0.42,30.0,0.45,777.77,0.41,15.0,0.46,253.77,0.4,78.34,0.47,394.47,0.39,304.0,0.48,2279.75,0.38,304.0,0.49,1235.61,0.54,253.77,0.57,82.0,0.53,394.47,0.58,30.0,0.52,2284.75,0.59,15.0,0.51,1235.61,0.6,78.34,0.5,1762.76,0.61,304.0
2026-01-07 11:30:06.009000+00:00,2026-01-07 11:30:03.625295+00:00,6.009,0.445,0.44,0.45,0.575,0.57,0.58,105.0,716.73,32.0,30.0,0.43,80.0,0.46,429.77,0.42,65.0,0.47,459.47,0.41,50.0,0.48,2284.75,0.4,113.34,0.49,1245.61,0.37,319.0,0.5,1797.76,0.56,17.0,0.59,15.0,0.55,746.73,0.6,113.34,0.54,444.77,0.63,198.0,0.53,459.47,0.64,304.0,0.52,2284.75,0.65,334.0
2026-01-07 11:30:07.042000+00:00,2026-01-07 11:30:04.631099+00:00,7.042,0.425,0.42,0.43,0.575,0.57,0.58,24.0,95.0,120.0,64.0,0.41,70.0,0.44,349.0,0.4,128.34,0.45,943.73,0.39,25.0,0.46,544.77,0.38,35.0,0.47,549.47,0.37,218.0,0.48,2319.75,0.56,359.0,0.59,50.0,0.55,943.73,0.6,128.34,0.54,544.77,0.61,25.0,0.53,549.47,0.62,35.0,0.52,2319.75,0.63,218.0
2026-01-07 11:30:08.016000+00:00,2026-01-07 11:30:05.637371+00:00,8.016,0.405,0.4,0.41,0.595,0.59,0.6,222.34,133.0,128.0,222.34,0.39,10.0,0.42,159.0,0.38,50.0,0.43,224.72,0.37,35.0,0.44,359.0,0.36,35.0,0.45,978.73,0.35,295.98,0.46,544.77,0.58,244.0,0.61,10.0,0.57,204.72,0.62,50.0,0.56,359.0,0.63,35.0,0.55,978.73,0.64,35.0,0.54,544.77,0.65,295.98
2026-01-07 11:30:09.935000+00:00,2026-01-07 11:30:07.658955+00:00,9.935,0.405,0.4,0.41,0.595,0.59,0.6,205.0,92.58,83.97,205.0,0.39,75.0,0.42,304.0,0.38,65.0,0.43,219.72,0.37,35.0,0.44,344.0,0.36,35.0,0.45,963.73,0.35,295.98,0.46,544.77,0.58,324.0,0.61,140.0,0.57,399.72,0.62,85.0,0.56,344.0,0.63,35.0,0.55,963.73,0.64,35.0,0.54,544.77,0.65,295.98
2026-01-07 11:30:11.056000+00:00,2026-01-07 11:30:08.665166+00:00,11.056,0.405,0.4,0.41,0.595,0.59,0.6,190.0,74.45,151.91,135.0,0.39,200.0,0.42,384.0,0.38,165.0,0.43,530.72,0.37,105.0,0.44,344.0,0.36,105.0,0.45,963.73,0.35,295.98,0.46,544.77,0.58,399.0,0.61,55.0,0.57,480.72,0.62,85.0,0.56,334.0,0.63,15.0,0.55,963.73,0.64,207.0,0.54,509.77,0.65,225.98
2026-01-07 11:30:12.089000+00:00,2026-01-07 11:30:09.671969+00:00,12.089,0.405,0.4,0.41,0.595,0.59,0.6,80.0,383.35,371.12,80.0,0.38,70.0,0.42,425.0,0.37,165.0,0.43,457.72,0.36,45.0,0.44,369.0,0.35,77.98,0.45,958.73,0.34,300.03,0.46,509.77,0.58,425.0,0.62,70.0,0.57,457.72,0.63,165.0,0.56,369.0,0.64,45.0,0.55,967.82,0.65,77.98,0.54,509.77,0.66,300.03
2026-01-07 11:30:13.110000+00:00,2026-01-07 11:30:10.689861+00:00,13.11,0.385,0.38,0.39,0.615,0.61,0.62,99.0,177.05,187.05,99.0,0.37,105.0,0.4,293.0,0.36,55.0,0.41,301.12,0.35,77.98,0.42,450.0,0.34,300.03,0.43,457.72,0.33,357.01,0.44,374.0,0.6,293.0,0.63,105.0,0.59,301.12,0.64,105.0,0.58,450.0,0.65,77.98,0.57,457.72,0.66,300.03,0.56,374.0,0.67,357.01
2026-01-07 11:30:14.129000+00:00,2026-01-07 11:30:11.710981+00:00,14.129,0.395,0.39,0.4,0.605,0.6,0.61,135.0,103.0,103.0,332.0,0.38,104.0,0.41,141.12,0.37,75.0,0.42,280.0,0.35,42.98,0.43,372.72,0.34,265.03,0.44,319.0,0.33,337.01,0.45,827.82,0.59,141.12,0.62,226.0,0.58,290.0,0.63,222.0,0.57,457.72,0.64,278.0,0.56,294.0,0.65,320.98,0.55,862.82,0.66,386.03
2026-01-07 11:30:15.048000+00:00,2026-01-07 11:30:12.713153+00:00,15.048,0.415,0.41,0.42,0.585,0.58,0.59,91.93,30.0,30.0,91.93,0.4,115.0,0.43,227.61,0.39,418.0,0.44,95.0,0.38,358.0,0.45,862.82,0.37,353.0,0.46,369.0,0.36,409.0,0.47,514.47,0.57,147.61,0.6,130.0,0.56,125.0,0.61,343.0,0.55,857.82,0.62,358.0,0.54,369.0,0.63,353.0,0.53,514.47,0.64,409.0
2026-01-07 11:30:16.155000+00:00,2026-01-07 11:30:13.731663+00:00,16.155,0.415,0.41,0.42,0.585,0.58,0.59,24.0,170.0,210.0,24.0,0.4,175.0,0.43,468.61,0.39,165.0,0.44,384.0,0.38,190.0,0.45,858.73,0.37,353.0,0.46,369.0,0.36,288.0,0.47,514.47,0.57,473.61,0.6,160.0,0.56,384.0,0.61,165.0,0.55,858.73,0.62,190.0,0.54,369.0,0.63,353.0,0.53,514.47,0.64,288.0
2026-01-07 11:30:17.113000+00:00,2026-01-07 11:30:14.734915+00:00,17.113,0.405,0.4,0.41,0.595,0.59,0.6,89.0,50.0,90.0,89.0,0.39,225.0,0.42,255.0,0.38,190.0,0.43,408.61,0.37,353.0,0.44,384.0,0.36,288.0,0.45,858.73,0.35,295.98,0.46,369.0,0.58,215.0,0.61,225.0,0.57,408.61,0.62,190.0,0.56,384.0,0.63,353.0,0.55,858.73,0.64,288.0,0.54,369.0,0.65,295.98
2026-01-07 11:30:18.135000+00:00,2026-01-07 11:30:15.738148+00:00,18.135,0.405,0.4,0.41,0.595,0.59,0.6,149.0,30.0,30.0,149.0,0.39,195.0,0.42,201.19,0.38,190.0,0.43,478.61,0.37,353.0,0.44,454.0,0.36,288.0,0.45,923.73,0.35,295.98,0.46,439.0,0.58,201.19,0.61,195.0,0.57,549.38,0.62,190.0,0.56,454.0,0.63,353.0,0.55,928.73,0.64,288.0,0.54,439.0,0.65,295.98
2026-01-07 11:30:19.160000+00:00,2026-01-07 11:30:16.751360+00:00,19.16,0.405,0.4,0.41,0.595,0.59,0.6,124.0,30.0,30.0,124.0,0.39,210.0,0.42,326.19,0.38,200.0,0.43,504.38,0.37,353.0,0.44,479.0,0.36,288.0,0.45,928.73,0.35,295.98,0.46,439.0,0.58,326.19,0.61,210.0,0.57,504.38,0.62,200.0,0.56,479.0,0.63,353.0,0.55,928.73,0.64,288.0,0.54,439.0,0.65,295.98
2026-01-07 11:30:20.062000+00:00,2026-01-07 11:30:17.755799+00:00,20.062,0.405,0.4,0.41,0.595,0.59,0.6,85.0,65.0,65.0,85.0,0.39,235.0,0.42,326.19,0.38,185.0,0.43,504.38,0.37,353.0,0.44,479.0,0.36,288.0,0.45,928.73,0.35,330.98,0.46,439.0,0.58,326.19,0.61,235.0,0.57,504.38,0.62,185.0,0.56,479.0,0.63,353.0,0.55,928.73,0.64,288.0,0.54,439.0,0.65,330.98
2026-01-07 11:30:21.051000+00:00,2026-01-07 11:30:18.777229+00:00,21.051,0.395,0.39,0.4,0.605,0.6,0.61,85.0,20.0,15.0,85.0,0.38,120.0,0.41,260.0,0.37,413.0,0.42,211.19,0.36,288.0,0.43,514.38,0.35,330.98,0.44,479.0,0.34,421.03,0.45,928.73,0.59,260.0,0.62,120.0,0.58,211.19,0.63,413.0,0.57,514.38,0.64,288.0,0.56,479.0,0.65,330.98,0.55,928.73,0.66,421.03
2026-01-07 11:30:22.168000+00:00,2026-01-07 11:30:19.783346+00:00,22.168,0.405,0.4,0.41,0.595,0.59,0.6,35.0,140.0,140.0,35.0,0.39,120.0,0.42,388.19,0.38,165.0,0.43,418.61,0.37,368.0,0.44,479.0,0.36,288.0,0.45,928.73,0.35,295.98,0.46,439.0,0.58,328.19,0.61,120.0,0.57,418.61,0.62,165.0,0.56,479.0,0.63,368.0,0.55,928.73,0.64,288.0,0.54,439.0,0.65,295.98
2026-01-07 11:30:23.167000+00:00,2026-01-07 11:30:20.787601+00:00,23.167,0.405,0.4,0.41,0.595,0.59,0.6,100.0,125.0,140.0,90.1,0.39,145.0,0.42,389.19,0.38,140.0,0.43,486.61,0.37,185.0,0.44,479.0,0.36,288.0,0.45,928.73,0.35,330.98,0.46,439.0,0.58,389.19,0.61,145.0,0.57,486.61,0.62,140.0,0.56,479.0,0.63,185.0,0.55,923.73,0.64,288.0,0.54,439.0,0.65,330.98
2026-01-07 11:30:24.162000+00:00,2026-01-07 11:30:21.808114+00:00,24.162,0.405,0.4,0.41,0.595,0.59,0.6,83.0,110.0,110.0,83.0,0.39,175.0,0.42,389.19,0.38,120.0,0.43,531.61,0.37,170.0,0.44,474.0,0.36,288.0,0.45,928.73,0.35,330.98,0.46,439.0,0.58,389.19,0.61,175.0,0.57,531.61,0.62,110.0,0.56,474.0,0.63,170.0,0.55,928.73,0.64,288.0,0.54,439.0,0.65,330.98
2026-01-07 11:30:25.200000+00:00,2026-01-07 11:30:22.827624+00:00,25.2,0.405,0.4,0.41,0.595,0.59,0.6,348.0,91.25,91.25,308.0,0.39,395.2,0.43,104.61,0.38,353.0,0.44,486.0,0.37,358.0,0.45,968.73,0.36,288.0,0.46,439.0,0.35,416.98,0.47,514.47,0.57,40.0,0.61,360.2,0.56,456.0,0.62,353.0,0.55,928.73,0.63,358.0,0.54,454.0,0.64,288.0,0.53,514.47,0.65,431.98
2026-01-07 11:30:26.212000+00:00,2026-01-07 11:30:23.829983+00:00,26.212,0.405,0.4,0.41,0.595,0.59,0.6,327.0,81.25,81.25,327.0,0.39,360.2,0.43,40.0,0.38,353.0,0.44,456.0,0.37,358.0,0.45,958.73,0.36,288.0,0.46,499.0,0.35,431.98,0.47,524.47,0.57,40.0,0.61,360.2,0.56,456.0,0.62,353.0,0.55,958.73,0.63,358.0,0.54,499.0,0.64,288.0,0.53,524.47,0.65,431.98
2026-01-07 11:30:27.132000+00:00,2026-01-07 11:30:24.827678+00:00,27.132,0.405,0.4,0.41,0.595,0.59,0.6,342.0,70.77,70.77,333.66,0.39,360.2,0.43,40.0,0.38,353.0,0.44,456.0,0.37,358.0,0.45,953.73,0.36,288.0,0.46,484.0,0.35,431.98,0.47,514.47,0.57,60.0,0.61,370.2,0.56,456.0,0.62,353.0,0.55,928.73,0.63,358.0,0.54,439.0,0.64,288.0,0.53,514.47,0.65,431.98
2026-01-07 11:30:28.236000+00:00,2026-01-07 11:30:25.830263+00:00,28.236,0.405,0.4,0.41,0.595,0.59,0.6,455.66,61.13,61.13,455.66,0.39,390.2,0.42,10.0,0.38,474.0,0.43,50.0,0.37,479.0,0.44,441.0,0.36,409.0,0.45,858.73,0.35,431.98,0.46,349.0,0.58,10.0,0.61,390.2,0.57,50.0,0.62,474.0,0.56,476.0,0.63,479.0,0.55,858.73,0.64,409.0,0.54,349.0,0.65,431.98
2026-01-07 11:30:29.036000+00:00,2026-01-07 11:30:26.830345+00:00,29.036,0.425,0.42,0.43,0.575,0.57,0.58,338.0,5.0,35.0,338.0,0.41,313.0,0.44,115.0,0.4,402.66,0.45,645.73,0.39,385.2,0.46,75.0,0.38,474.0,0.47,210.47,0.37,444.0,0.48,2294.75,0.56,115.0,0.59,313.0,0.55,645.73,0.6,402.66,0.54,75.0,0.61,385.2,0.53,210.47,0.62,474.0,0.52,2294.75,0.63,444.0
2026-01-07 11:30:30.169000+00:00,2026-01-07 11:30:27.834302+00:00,30.169,0.425,0.42,0.43,0.575,0.57,0.58,767.0,20.97,11.34,767.0,0.41,298.0,0.44,115.0,0.4,417.66,0.45,660.73,0.39,385.2,0.46,85.0,0.38,474.0,0.47,185.47,0.37,444.0,0.48,2319.75,0.56,115.0,0.59,298.0,0.55,660.73,0.6,417.66,0.54,85.0,0.61,385.2,0.53,185.47,0.62,474.0,0.52,2319.75,0.63,444.0
2026-01-07 11:30:31.178000+00:00,2026-01-07 11:30:28.852554+00:00,31.178,0.425,0.42,0.43,0.575,0.57,0.58,594.0,11.34,11.34,594.0,0.41,318.0,0.44,115.0,0.4,457.86,0.45,655.73,0.39,353.0,0.46,288.0,0.38,474.0,0.47,489.47,0.37,444.0,0.48,2319.75,0.56,115.0,0.59,318.0,0.55,660.73,0.6,457.86,0.54,288.0,0.61,353.0,0.53,489.47,0.62,474.0,0.52,2319.75,0.63,444.0
2026-01-07 11:30:32.293000+00:00,2026-01-07 11:30:29.861366+00:00,32.293,0.425,0.42,0.43,0.575,0.57,0.58,513.0,239.59,239.59,513.0,0.41,278.0,0.44,80.0,0.4,442.86,0.45,554.73,0.39,413.0,0.46,248.0,0.38,504.0,0.47,489.47,0.37,444.0,0.48,2319.75,0.56,80.0,0.59,278.0,0.55,554.73,0.6,442.86,0.54,248.0,0.61,413.0,0.53,489.47,0.62,504.0,0.52,2319.75,0.63,444.0
2026-01-07 11:30:33.942000+00:00,2026-01-07 11:30:31.890559+00:00,33.942,0.425,0.42,0.43,0.575,0.57,0.58,437.58,121.86,121.86,437.58,0.41,348.0,0.44,110.0,0.4,457.86,0.45,680.73,0.39,408.0,0.46,318.0,0.38,474.0,0.47,489.47,0.37,444.0,0.48,2768.75,0.56,100.0,0.59,348.0,0.55,680.73,0.6,467.86,0.54,318.0,0.61,398.0,0.53,489.47,0.62,474.0,0.52,2768.75,0.63,444.0
2026-01-07 11:30:35.257000+00:00,2026-01-07 11:30:32.909327+00:00,35.257,0.425,0.42,0.43,0.575,0.57,0.58,462.58,140.57,140.57,462.58,0.41,408.0,0.44,100.0,0.4,442.86,0.45,649.73,0.39,368.0,0.46,358.0,0.38,474.0,0.47,489.47,0.37,444.0,0.48,2768.75,0.56,100.0,0.59,408.0,0.55,644.73,0.6,442.86,0.54,358.0,0.61,368.0,0.53,489.47,0.62,474.0,0.52,2768.75,0.63,444.0
2026-01-07 11:30:36.316000+00:00,2026-01-07 11:30:33.916062+00:00,36.316,0.425,0.42,0.43,0.575,0.57,0.58,420.68,58.13,58.13,420.68,0.41,403.0,0.44,60.0,0.4,407.86,0.45,573.16,0.39,368.0,0.46,358.0,0.38,439.0,0.47,489.47,0.37,439.0,0.48,2768.75,0.56,60.0,0.59,403.0,0.55,573.16,0.6,407.86,0.54,358.0,0.61,368.0,0.53,489.47,0.62,439.0,0.52,2768.75,0.63,439.0
2026-01-07 11:30:37.343000+00:00,2026-01-07 11:30:34.924186+00:00,37.343,0.425,0.42,0.43,0.575,0.57,0.58,29.0,331.6,283.34,29.0,0.41,233.0,0.44,393.0,0.4,292.86,0.45,831.16,0.39,268.0,0.46,439.0,0.38,384.0,0.47,479.47,0.37,374.0,0.48,2284.75,0.56,463.0,0.59,233.0,0.55,831.16,0.6,312.86,0.54,439.0,0.61,268.0,0.53,479.47,0.62,384.0,0.52,2284.75,0.63,389.0
2026-01-07 11:30:38.348000+00:00,2026-01-07 11:30:35.934191+00:00,38.348,0.415,0.41,0.42,0.585,0.58,0.59,40.0,109.9,109.9,40.0,0.4,134.66,0.43,357.34,0.39,132.3,0.44,434.0,0.38,273.0,0.45,912.16,0.37,288.0,0.46,489.0,0.36,288.0,0.47,479.47,0.57,357.34,0.6,134.66,0.56,434.0,0.61,132.3,0.55,912.16,0.62,273.0,0.54,489.0,0.63,288.0,0.53,479.47,0.64,288.0
2026-01-07 11:30:39.335000+00:00,2026-01-07 11:30:36.939795+00:00,39.335,0.415,0.41,0.42,0.585,0.58,0.59,73.12,117.54,122.54,73.12,0.4,69.66,0.43,349.34,0.39,152.3,0.44,464.0,0.38,273.0,0.45,917.16,0.37,288.0,0.46,449.0,0.36,288.0,0.47,479.47,0.57,349.34,0.6,69.66,0.56,464.0,0.61,152.3,0.55,917.16,0.62,273.0,0.54,449.0,0.63,288.0,0.53,479.47,0.64,288.0
2026-01-07 11:30:40.298000+00:00,2026-01-07 11:30:37.947162+00:00,40.298,0.415,0.41,0.42,0.585,0.58,0.59,33.12,115.54,105.54,28.12,0.4,139.66,0.43,364.34,0.39,100.0,0.44,454.0,0.38,273.0,0.45,927.16,0.37,337.0,0.46,439.0,0.36,288.0,0.47,479.47,0.57,364.34,0.6,119.66,0.56,429.0,0.61,120.0,0.55,927.16,0.62,273.0,0.54,439.0,0.63,337.0,0.53,479.47,0.64,288.0
2026-01-07 11:30:41.337000+00:00,2026-01-07 11:30:38.953241+00:00,41.337,0.405,0.4,0.41,0.595,0.59,0.6,107.3,125.0,143.0,47.3,0.39,579.0,0.42,54.54,0.38,273.0,0.43,399.34,0.37,337.0,0.44,429.0,0.36,288.0,0.45,897.16,0.35,439.0,0.46,439.0,0.58,54.54,0.61,649.0,0.57,389.34,0.62,160.0,0.56,439.0,0.63,407.0,0.55,887.16,0.64,288.0,0.54,439.0,0.65,318.0
2026-01-07 11:30:42.319000+00:00,2026-01-07 11:30:39.960109+00:00,42.319,0.405,0.4,0.41,0.595,0.59,0.6,65.3,153.62,153.62,65.3,0.39,604.0,0.42,202.0,0.38,170.0,0.43,399.34,0.37,397.0,0.44,898.0,0.36,288.0,0.45,887.16,0.35,318.0,0.46,404.0,0.58,272.0,0.61,604.0,0.57,469.34,0.62,170.0,0.56,898.0,0.63,397.0,0.55,887.16,0.64,288.0,0.54,404.0,0.65,318.0
2026-01-07 11:30:43.363000+00:00,2026-01-07 11:30:40.983209+00:00,43.363,0.405,0.4,0.41,0.595,0.59,0.6,86.96,281.62,296.62,86.96,0.39,604.0,0.42,479.0,0.38,170.0,0.43,439.34,0.37,214.0,0.44,898.0,0.36,288.0,0.45,887.16,0.35,318.0,0.46,404.0,0.58,479.0,0.61,604.0,0.57,439.34,0.62,100.0,0.56,898.0,0.63,214.0,0.55,887.16,0.64,288.0,0.54,404.0,0.65,318.0
2026-01-07 11:30:44.403000+00:00,2026-01-07 11:30:41.989632+00:00,44.403,0.405,0.4,0.41,0.595,0.59,0.6,86.96,98.44,98.44,86.96,0.39,604.0,0.42,479.0,0.38,100.0,0.43,439.34,0.37,214.0,0.44,898.0,0.36,288.0,0.45,1477.79,0.35,318.0,0.46,404.0,0.58,479.0,0.61,604.0,0.57,439.34,0.62,100.0,0.56,898.0,0.63,214.0,0.55,1477.79,0.64,288.0,0.54,404.0,0.65,318.0
2026-01-07 11:30:45.431000+00:00,2026-01-07 11:30:43.012250+00:00,45.431,0.405,0.4,0.41,0.595,0.59,0.6,71.96,113.44,117.68,71.96,0.39,479.0,0.42,469.0,0.38,140.0,0.43,449.34,0.37,214.0,0.44,878.0,0.36,288.0,0.45,1477.79,0.35,318.0,0.46,404.0,0.58,469.0,0.61,564.0,0.57,459.34,0.62,230.0,0.56,878.0,0.63,214.0,0.55,1477.79,0.64,288.0,0.54,404.0,0.65,318.0
2026-01-07 11:30:46.403000+00:00,2026-01-07 11:30:44.018226+00:00,46.403,0.405,0.4,0.41,0.595,0.59,0.6,71.96,61.68,55.63,71.96,0.39,599.0,0.42,494.0,0.38,205.0,0.43,434.34,0.37,190.0,0.44,878.0,0.36,288.0,0.45,1477.79,0.35,318.0,0.46,439.0,0.58,494.0,0.61,599.0,0.57,434.34,0.62,205.0,0.56,878.0,0.63,190.0,0.55,1477.79,0.64,288.0,0.54,439.0,0.65,318.0
2026-01-07 11:30:47.461000+00:00,2026-01-07 11:30:45.041459+00:00,47.461,0.405,0.4,0.41,0.595,0.59,0.6,76.96,345.63,445.58,71.96,0.39,60.0,0.42,444.0,0.38,175.0,0.43,459.34,0.37,170.0,0.44,394.0,0.36,268.0,0.45,1477.79,0.35,318.0,0.46,404.0,0.58,454.0,0.61,95.0,0.57,459.34,0.62,185.0,0.56,429.0,0.63,170.0,0.55,1477.79,0.64,120.0,0.54,404.0,0.65,318.0
2026-01-07 11:30:48.451000+00:00,2026-01-07 11:30:46.046410+00:00,48.451,0.385,0.38,0.39,0.615,0.61,0.62,35.0,247.0,308.0,50.0,0.37,65.0,0.4,317.04,0.36,693.55,0.41,422.58,0.35,150.0,0.42,484.0,0.34,105.0,0.43,419.34,0.33,268.0,0.44,429.0,0.6,317.04,0.63,65.0,0.59,407.58,0.64,693.55,0.58,484.0,0.65,150.0,0.57,419.34,0.66,105.0,0.56,429.0,0.67,268.0
2026-01-07 11:30:49.436000+00:00,2026-01-07 11:30:47.053118+00:00,49.436,0.385,0.38,0.39,0.615,0.61,0.62,50.0,283.0,283.0,50.0,0.37,150.0,0.4,302.04,0.36,688.55,0.41,432.58,0.35,135.0,0.42,484.0,0.34,288.0,0.43,419.34,0.33,268.0,0.44,429.0,0.6,302.04,0.63,150.0,0.59,432.58,0.64,688.55,0.58,484.0,0.65,135.0,0.57,419.34,0.66,288.0,0.56,429.0,0.67,268.0
2026-01-07 11:30:50.454000+00:00,2026-01-07 11:30:48.057014+00:00,50.454,0.385,0.38,0.39,0.615,0.61,0.62,55.0,283.0,283.0,55.0,0.37,235.0,0.4,257.04,0.36,653.55,0.41,467.58,0.35,150.0,0.42,908.0,0.34,288.0,0.43,414.34,0.33,268.0,0.44,429.0,0.6,257.04,0.63,235.0,0.59,467.58,0.64,653.55,0.58,908.0,0.65,150.0,0.57,414.34,0.66,288.0,0.56,429.0,0.67,268.0
2026-01-07 11:30:51.475000+00:00,2026-01-07 11:30:49.060717+00:00,51.475,0.385,0.38,0.39,0.615,0.61,0.62,55.0,323.0,323.0,55.0,0.37,215.0,0.4,282.04,0.36,673.55,0.41,482.58,0.35,150.0,0.42,873.0,0.34,288.0,0.43,414.34,0.33,268.0,0.44,429.0,0.6,282.04,0.63,215.0,0.59,482.58,0.64,673.55,0.58,873.0,0.65,150.0,0.57,414.34,0.66,288.0,0.56,429.0,0.67,268.0
2026-01-07 11:30:52.238000+00:00,2026-01-07 11:30:50.081667+00:00,52.238,0.385,0.38,0.39,0.615,0.61,0.62,55.0,318.0,308.0,55.0,0.37,215.0,0.4,282.04,0.36,673.55,0.41,482.58,0.35,150.0,0.42,873.0,0.34,288.0,0.43,414.34,0.33,268.0,0.44,429.0,0.6,282.04,0.63,215.0,0.59,482.58,0.64,673.55,0.58,873.0,0.65,150.0,0.57,414.34,0.66,288.0,0.56,429.0,0.67,268.0
2026-01-07 11:30:53.519000+00:00,2026-01-07 11:30:51.102948+00:00,53.519,0.385,0.38,0.39,0.615,0.61,0.62,55.0,283.0,283.0,55.0,0.37,225.0,0.4,242.04,0.36,668.55,0.41,467.58,0.35,135.0,0.42,913.0,0.34,105.0,0.43,414.34,0.33,268.0,0.44,429.0,0.6,242.04,0.63,225.0,0.59,467.58,0.64,668.55,0.58,913.0,0.65,135.0,0.57,414.34,0.66,227.0,0.56,429.0,0.67,268.0
2026-01-07 11:30:54.009000+00:00,2026-01-07 11:30:52.108811+00:00,54.009,0.385,0.38,0.39,0.615,0.61,0.62,55.0,283.0,283.0,55.0,0.37,235.0,0.4,242.04,0.36,668.55,0.41,482.58,0.35,135.0,0.42,913.0,0.34,288.0,0.43,414.34,0.33,268.0,0.44,429.0,0.6,242.04,0.63,235.0,0.59,482.58,0.64,668.55,0.58,913.0,0.65,135.0,0.57,414.34,0.66,288.0,0.56,429.0,0.67,268.0
2026-01-07 11:30:55.525000+00:00,2026-01-07 11:30:53.113722+00:00,55.525,0.385,0.38,0.39,0.615,0.61,0.62,55.0,283.0,268.0,55.0,0.37,235.0,0.4,242.04,0.36,668.55,0.41,467.58,0.35,135.0,0.42,893.0,0.34,288.0,0.43,414.34,0.33,268.0,0.44,429.0,0.6,242.04,0.63,235.0,0.59,467.58,0.64,668.55,0.58,893.0,0.65,135.0,0.57,414.34,0.66,288.0,0.56,429.0,0.67,268.0
2026-01-07 11:30:56.542000+00:00,2026-01-07 11:30:54.122359+00:00,56.542,0.385,0.38,0.39,0.615,0.61,0.62,50.0,216.41,216.41,50.0,0.37,220.0,0.4,282.04,0.36,673.55,0.41,482.58,0.35,150.0,0.42,873.0,0.34,105.0,0.43,414.34,0.33,268.0,0.44,429.0,0.6,282.04,0.63,220.0,0.59,482.58,0.64,673.55,0.58,873.0,0.65,150.0,0.57,414.34,0.66,105.0,0.56,429.0,0.67,268.0
2026-01-07 11:30:57.454000+00:00,2026-01-07 11:30:55.128635+00:00,57.454,0.385,0.38,0.39,0.615,0.61,0.62,15.0,336.41,336.41,15.0,0.37,90.0,0.4,362.04,0.36,668.55,0.41,482.58,0.35,150.0,0.42,449.0,0.34,105.0,0.43,414.34,0.33,303.0,0.44,394.0,0.6,362.04,0.63,90.0,0.59,482.58,0.64,668.55,0.58,449.0,0.65,150.0,0.57,414.34,0.66,105.0,0.56,394.0,0.67,303.0
2026-01-07 11:30:58.485000+00:00,2026-01-07 11:30:56.139384+00:00,58.485,0.375,0.37,0.38,0.625,0.62,0.63,230.0,168.0,183.0,230.0,0.36,639.0,0.39,227.0,0.35,135.0,0.4,432.04,0.34,105.0,0.41,497.58,0.33,303.0,0.42,449.0,0.32,273.0,0.43,449.34,0.61,227.0,0.64,639.0,0.6,432.04,0.65,135.0,0.59,497.58,0.66,105.0,0.58,449.0,0.67,303.0,0.57,449.34,0.68,273.0
2026-01-07 11:30:59.408000+00:00,2026-01-07 11:30:57.142981+00:00,59.408,0.375,0.37,0.38,0.625,0.62,0.63,190.0,183.0,183.0,145.0,0.36,659.0,0.39,122.0,0.35,202.25,0.4,457.04,0.34,288.0,0.41,462.58,0.33,303.0,0.42,908.0,0.32,273.0,0.43,449.34,0.61,207.0,0.64,644.0,0.6,452.04,0.65,217.25,0.59,427.58,0.66,288.0,0.58,908.0,0.67,303.0,0.57,449.34,0.68,273.0
2026-01-07 11:31:00.555000+00:00,2026-01-07 11:30:58.149973+00:00,60.555,0.375,0.37,0.38,0.625,0.62,0.63,45.0,238.0,238.0,45.0,0.36,679.0,0.39,237.0,0.35,172.55,0.4,442.04,0.34,303.0,0.41,417.58,0.33,303.0,0.42,898.0,0.32,273.0,0.43,449.34,0.61,237.0,0.64,679.0,0.6,442.04,0.65,172.55,0.59,417.58,0.66,303.0,0.58,898.0,0.67,303.0,0.57,449.34,0.68,273.0
2026-01-07 11:31:01.578000+00:00,2026-01-07 11:30:59.154961+00:00,61.578,0.375,0.37,0.38,0.625,0.62,0.63,65.0,253.0,258.0,65.0,0.36,679.0,0.39,237.0,0.35,472.55,0.4,442.04,0.34,120.0,0.41,437.58,0.33,303.0,0.42,898.0,0.32,273.0,0.43,449.34,0.61,237.0,0.64,679.0,0.6,442.04,0.65,472.55,0.59,437.58,0.66,120.0,0.58,893.0,0.67,303.0,0.57,449.34,0.68,273.0
2026-01-07 11:31:02.500000+00:00,2026-01-07 11:31:00.158944+00:00,62.5,0.375,0.37,0.38,0.625,0.62,0.63,78.0,246.0,246.0,78.0,0.36,679.0,0.39,237.0,0.35,472.55,0.4,442.04,0.34,120.0,0.41,437.58,0.33,303.0,0.42,893.0,0.32,273.0,0.43,449.34,0.61,237.0,0.64,679.0,0.6,442.04,0.65,472.55,0.59,442.58,0.66,120.0,0.58,893.0,0.67,303.0,0.57,449.34,0.68,273.0
2026-01-07 11:31:03.581000+00:00,2026-01-07 11:31:01.150075+00:00,63.581,0.375,0.37,0.38,0.625,0.62,0.63,78.0,246.0,246.0,78.0,0.36,669.0,0.39,237.0,0.35,472.55,0.4,2442.04,0.34,120.0,0.41,442.58,0.33,303.0,0.42,893.0,0.32,273.0,0.43,449.34,0.61,237.0,0.64,619.0,0.6,2442.04,0.65,502.55,0.59,442.58,0.66,120.0,0.58,893.0,0.67,303.0,0.57,449.34,0.68,273.0
2026-01-07 11:31:04.567000+00:00,2026-01-07 11:31:02.156833+00:00,64.567,0.375,0.37,0.38,0.625,0.62,0.63,42.52,281.0,281.0,42.52,0.36,554.0,0.39,237.0,0.35,587.55,0.4,2442.04,0.34,130.0,0.41,432.58,0.33,303.0,0.42,893.0,0.32,273.0,0.43,449.34,0.61,272.0,0.64,554.0,0.6,2417.04,0.65,587.55,0.59,457.58,0.66,130.0,0.58,893.0,0.67,303.0,0.57,449.34,0.68,273.0
2026-01-07 11:31:05.518000+00:00,2026-01-07 11:31:03.178264+00:00,65.518,0.375,0.37,0.38,0.625,0.62,0.63,42.52,346.0,356.0,42.52,0.36,529.0,0.39,222.0,0.35,441.25,0.4,2377.04,0.34,245.0,0.41,437.58,0.33,333.0,0.42,893.0,0.32,288.0,0.43,507.34,0.61,222.0,0.64,529.0,0.6,2377.04,0.65,441.25,0.59,437.58,0.66,245.0,0.58,893.0,0.67,333.0,0.57,464.34,0.68,288.0
2026-01-07 11:31:06.470000+00:00,2026-01-07 11:31:04.181939+00:00,66.47,0.355,0.35,0.36,0.645,0.64,0.65,391.25,97.0,85.0,391.25,0.34,155.0,0.37,15.0,0.33,323.0,0.38,207.0,0.32,323.0,0.39,317.0,0.31,409.0,0.4,2402.04,0.3,469.0,0.41,437.58,0.63,15.0,0.66,155.0,0.62,277.0,0.67,323.0,0.61,317.0,0.68,323.0,0.6,2402.04,0.69,409.0,0.59,437.58,0.7,469.0
2026-01-07 11:31:07.478000+00:00,2026-01-07 11:31:05.192182+00:00,67.478,0.355,0.35,0.36,0.645,0.64,0.65,382.25,114.99,114.99,382.25,0.34,135.0,0.37,15.0,0.33,303.0,0.38,338.0,0.32,332.0,0.39,317.0,0.31,409.0,0.4,2402.04,0.3,469.0,0.41,437.58,0.63,15.0,0.66,135.0,0.62,338.0,0.67,303.0,0.61,317.0,0.68,332.0,0.6,2402.04,0.69,409.0,0.59,437.58,0.7,469.0
2026-01-07 11:31:08.639000+00:00,2026-01-07 11:31:06.213857+00:00,68.639,0.355,0.35,0.36,0.645,0.64,0.65,342.25,129.99,129.99,342.25,0.34,70.0,0.37,40.0,0.33,225.0,0.38,353.0,0.32,332.0,0.39,398.0,0.31,288.0,0.4,2402.04,0.3,469.0,0.41,437.58,0.63,40.0,0.66,70.0,0.62,353.0,0.67,225.0,0.61,398.0,0.68,332.0,0.6,2402.04,0.69,288.0,0.59,437.58,0.7,469.0
2026-01-07 11:31:09.632000+00:00,2026-01-07 11:31:07.203205+00:00,69.632,0.345,0.34,0.35,0.655,0.65,0.66,464.0,105.44,326.44,342.0,0.33,85.0,0.36,503.99,0.32,125.0,0.37,479.0,0.31,100.0,0.38,494.0,0.3,368.0,0.39,413.0,0.29,293.0,0.4,2367.04,0.64,468.99,0.67,85.0,0.63,399.0,0.68,125.0,0.62,494.0,0.69,100.0,0.61,413.0,0.7,368.0,0.6,2367.04,0.71,293.0
2026-01-07 11:31:10.394000+00:00,2026-01-07 11:31:08.207777+00:00,70.394,0.345,0.34,0.35,0.655,0.65,0.66,241.0,422.44,472.44,216.0,0.33,85.0,0.36,449.0,0.32,125.0,0.37,434.0,0.31,100.0,0.38,474.0,0.3,368.0,0.39,413.0,0.29,293.0,0.4,2367.04,0.64,449.0,0.67,85.0,0.63,434.0,0.68,125.0,0.62,474.0,0.69,100.0,0.61,413.0,0.7,368.0,0.6,2367.04,0.71,293.0
2026-01-07 11:31:11.639000+00:00,2026-01-07 11:31:09.228379+00:00,71.639,0.33,0.32,0.34,0.67,0.66,0.68,125.0,175.0,175.0,125.0,0.31,110.0,0.35,443.15,0.3,378.0,0.36,474.0,0.29,293.0,0.37,409.0,0.28,313.0,0.38,414.0,0.27,293.0,0.39,378.0,0.65,443.15,0.69,110.0,0.64,474.0,0.7,378.0,0.63,409.0,0.71,293.0,0.62,414.0,0.72,313.0,0.61,378.0,0.73,293.0
2026-01-07 11:31:12.589000+00:00,2026-01-07 11:31:10.232902+00:00,72.589,0.335,0.33,0.34,0.665,0.66,0.67,10.0,175.0,175.0,4.12,0.32,130.0,0.35,155.71,0.31,190.0,0.36,474.0,0.3,448.0,0.37,409.0,0.29,363.0,0.38,414.0,0.28,383.0,0.39,378.0,0.65,125.71,0.68,130.0,0.64,474.0,0.69,190.0,0.63,409.0,0.7,453.0,0.62,414.0,0.71,363.0,0.61,378.0,0.72,383.0
2026-01-07 11:31:13.684000+00:00,2026-01-07 11:31:11.233871+00:00,73.684,0.335,0.33,0.34,0.665,0.66,0.67,2.06,220.0,240.0,2.06,0.32,20.0,0.35,338.71,0.31,215.56,0.36,923.0,0.3,513.0,0.37,409.0,0.29,363.0,0.38,414.0,0.28,393.0,0.39,378.0,0.65,384.71,0.68,20.0,0.64,923.0,0.69,215.56,0.63,409.0,0.7,330.0,0.62,414.0,0.71,363.0,0.61,378.0,0.72,393.0
2026-01-07 11:31:14.471000+00:00,2026-01-07 11:31:12.237165+00:00,74.471,0.325,0.32,0.33,0.675,0.67,0.68,20.0,220.0,185.0,20.0,0.31,110.56,0.34,215.0,0.3,270.0,0.35,479.71,0.29,353.0,0.36,474.0,0.28,842.0,0.37,409.0,0.27,363.0,0.38,379.0,0.66,210.0,0.69,110.56,0.65,479.71,0.7,270.0,0.64,474.0,0.71,353.0,0.63,409.0,0.72,842.0,0.62,384.0,0.73,363.0
2026-01-07 11:31:15.639000+00:00,2026-01-07 11:31:13.255964+00:00,75.639,0.325,0.32,0.33,0.675,0.67,0.68,4.77,185.0,185.0,4.77,0.31,110.56,0.34,210.0,0.3,270.0,0.35,459.71,0.29,353.0,0.36,474.0,0.28,842.0,0.37,409.0,0.27,363.0,0.38,384.0,0.66,210.0,0.69,110.56,0.65,459.71,0.7,270.0,0.64,474.0,0.71,353.0,0.63,409.0,0.72,842.0,0.62,384.0,0.73,363.0
2026-01-07 11:31:16.678000+00:00,2026-01-07 11:31:14.259206+00:00,76.678,0.305,0.3,0.31,0.695,0.69,0.7,240.0,15.0,15.0,175.0,0.29,373.0,0.32,105.0,0.28,894.1,0.33,253.0,0.27,373.0,0.34,145.0,0.26,504.0,0.35,459.71,0.25,484.0,0.36,494.0,0.68,133.0,0.71,298.0,0.67,195.0,0.72,894.1,0.66,145.0,0.73,373.0,0.65,459.71,0.74,504.0,0.64,494.0,0.75,484.0
2026-01-07 11:31:17.661000+00:00,2026-01-07 11:31:15.247652+00:00,77.661,0.325,0.32,0.33,0.675,0.67,0.68,180.0,35.0,35.0,135.0,0.31,237.0,0.34,95.0,0.3,244.91,0.35,928.71,0.29,288.0,0.36,559.0,0.28,383.0,0.37,409.0,0.27,499.4,0.38,384.0,0.66,105.0,0.69,242.0,0.65,973.71,0.7,244.91,0.64,494.0,0.71,298.0,0.63,409.0,0.72,383.0,0.62,384.0,0.73,499.4
2026-01-07 11:31:18.550000+00:00,2026-01-07 11:31:16.250552+00:00,78.55,0.33,0.32,0.34,0.67,0.66,0.68,180.0,78.75,78.75,180.0,0.31,278.0,0.35,639.71,0.3,400.91,0.36,336.0,0.29,288.0,0.37,409.0,0.28,383.0,0.38,414.0,0.27,464.4,0.39,462.0,0.65,639.71,0.69,278.0,0.64,336.0,0.7,400.91,0.63,409.0,0.71,288.0,0.62,414.0,0.72,383.0,0.61,462.0,0.73,464.4
2026-01-07 11:31:19.670000+00:00,2026-01-07 11:31:17.251824+00:00,79.67,0.325,0.32,0.33,0.675,0.67,0.68,47.98,93.0,123.0,47.98,0.31,338.56,0.34,128.75,0.3,390.91,0.35,624.71,0.29,306.8,0.36,286.0,0.28,383.0,0.37,409.0,0.27,449.0,0.38,454.0,0.66,128.75,0.69,338.56,0.65,624.71,0.7,390.91,0.64,286.0,0.71,306.8,0.63,409.0,0.72,383.0,0.62,454.0,0.73,449.0
2026-01-07 11:31:20.653000+00:00,2026-01-07 11:31:18.256010+00:00,80.653,0.325,0.32,0.33,0.675,0.67,0.68,15.0,175.16,167.12,15.0,0.31,35.0,0.34,163.75,0.3,420.91,0.35,883.71,0.29,765.8,0.36,494.0,0.28,398.0,0.37,409.0,0.27,494.0,0.38,454.0,0.66,163.75,0.69,35.0,0.65,883.71,0.7,420.91,0.64,494.0,0.71,765.8,0.63,409.0,0.72,398.0,0.62,414.0,0.73,494.0
2026-01-07 11:31:21.632000+00:00,2026-01-07 11:31:19.260137+00:00,81.632,0.325,0.32,0.33,0.675,0.67,0.68,15.0,110.77,125.77,15.0,0.31,55.0,0.34,198.75,0.3,440.91,0.35,883.71,0.29,765.8,0.36,474.0,0.28,398.0,0.37,454.31,0.27,494.0,0.38,714.0,0.66,183.75,0.69,55.0,0.65,883.71,0.7,440.91,0.64,474.0,0.71,765.8,0.63,454.31,0.72,398.0,0.62,714.0,0.73,494.0
2026-01-07 11:31:22.655000+00:00,2026-01-07 11:31:20.278311+00:00,82.655,0.325,0.32,0.33,0.675,0.67,0.68,55.0,70.0,70.0,50.0,0.31,190.56,0.34,183.75,0.3,365.91,0.35,938.71,0.29,755.8,0.36,474.0,0.28,383.0,0.37,414.31,0.27,484.0,0.38,714.0,0.66,183.75,0.69,190.56,0.65,938.71,0.7,365.91,0.64,474.0,0.71,755.8,0.63,414.31,0.72,383.0,0.62,714.0,0.73,484.0
2026-01-07 11:31:23.699000+00:00,2026-01-07 11:31:21.282333+00:00,83.699,0.325,0.32,0.33,0.685,0.68,0.69,15.0,70.0,120.0,48.37,0.31,120.0,0.34,238.75,0.3,217.91,0.35,883.71,0.29,760.8,0.36,474.0,0.28,393.0,0.37,414.31,0.27,484.0,0.38,714.0,0.67,50.0,0.7,207.91,0.66,238.75,0.71,760.8,0.65,873.71,0.72,358.0,0.64,439.0,0.73,484.0,0.63,379.31,0.74,504.0
2026-01-07 11:31:24.653000+00:00,2026-01-07 11:31:22.285223+00:00,84.653,0.315,0.31,0.32,0.69,0.68,0.7,5.0,110.0,155.0,227.91,0.3,237.91,0.33,100.0,0.29,780.8,0.34,233.75,0.28,368.0,0.35,918.71,0.27,484.0,0.36,474.0,0.26,504.0,0.37,379.31,0.67,90.0,0.71,770.8,0.66,228.75,0.72,358.0,0.65,908.71,0.73,484.0,0.64,474.0,0.74,504.0,0.63,379.31,0.75,519.0
2026-01-07 11:31:25.627000+00:00,2026-01-07 11:31:23.290869+00:00,85.627,0.31,0.3,0.32,0.69,0.68,0.7,212.91,170.0,170.0,212.91,0.29,775.8,0.33,110.0,0.28,383.0,0.34,396.75,0.27,373.0,0.35,908.71,0.26,504.0,0.36,474.0,0.25,519.0,0.37,419.31,0.67,110.0,0.71,775.8,0.66,396.75,0.72,383.0,0.65,908.71,0.73,373.0,0.64,474.0,0.74,504.0,0.63,419.31,0.75,519.0
2026-01-07 11:31:26.712000+00:00,2026-01-07 11:31:24.298952+00:00,86.712,0.305,0.3,0.31,0.69,0.68,0.7,215.0,10.0,170.0,215.0,0.29,787.0,0.32,170.0,0.28,363.0,0.33,180.0,0.27,373.0,0.34,396.75,0.26,504.0,0.35,908.71,0.25,519.0,0.36,474.0,0.67,180.0,0.71,787.0,0.66,396.75,0.72,363.0,0.65,908.71,0.73,373.0,0.64,474.0,0.74,504.0,0.63,379.31,0.75,519.0
2026-01-07 11:31:27.715000+00:00,2026-01-07 11:31:25.318995+00:00,87.715,0.305,0.3,0.31,0.695,0.69,0.7,69.07,110.0,120.0,44.07,0.29,125.0,0.32,75.0,0.28,318.0,0.33,230.0,0.27,338.0,0.34,512.75,0.26,383.0,0.35,459.71,0.25,519.0,0.36,439.0,0.68,95.0,0.71,135.0,0.67,225.0,0.72,318.0,0.66,497.75,0.73,348.0,0.65,459.71,0.74,383.0,0.64,439.0,0.75,519.0
2026-01-07 11:31:28.708000+00:00,2026-01-07 11:31:26.336739+00:00,88.708,0.305,0.3,0.31,0.695,0.69,0.7,25.0,135.0,135.0,25.0,0.29,165.0,0.32,175.0,0.28,318.0,0.33,225.0,0.27,348.0,0.34,487.75,0.26,402.2,0.35,459.71,0.25,519.0,0.36,439.0,0.68,175.0,0.71,165.0,0.67,225.0,0.72,318.0,0.66,487.75,0.73,348.0,0.65,459.71,0.74,402.2,0.64,439.0,0.75,519.0
2026-01-07 11:31:29.741000+00:00,2026-01-07 11:31:27.342199+00:00,89.741,0.305,0.3,0.31,0.695,0.69,0.7,25.0,120.0,120.0,25.0,0.29,165.0,0.32,175.0,0.28,318.0,0.33,225.0,0.27,348.0,0.34,467.75,0.26,402.2,0.35,459.71,0.25,519.0,0.36,439.0,0.68,175.0,0.71,165.0,0.67,230.0,0.72,318.0,0.66,467.75,0.73,348.0,0.65,497.71,0.74,402.2,0.64,439.0,0.75,519.0
2026-01-07 11:31:30.754000+00:00,2026-01-07 11:31:28.349469+00:00,90.754,0.305,0.3,0.31,0.695,0.69,0.7,25.0,120.0,140.0,20.0,0.29,235.0,0.32,190.0,0.28,353.0,0.33,230.0,0.27,373.0,0.34,467.75,0.26,377.2,0.35,459.71,0.25,519.0,0.36,439.0,0.68,170.0,0.71,200.0,0.67,210.0,0.72,373.0,0.66,467.75,0.73,373.0,0.65,459.71,0.74,387.2,0.64,439.0,0.75,519.0
2026-01-07 11:31:31.718000+00:00,2026-01-07 11:31:29.359647+00:00,91.718,0.305,0.3,0.31,0.695,0.69,0.7,20.0,150.0,150.0,20.0,0.29,200.0,0.32,180.0,0.28,383.0,0.33,210.0,0.27,822.0,0.34,467.75,0.26,387.2,0.35,497.71,0.25,519.0,0.36,439.0,0.68,180.0,0.71,200.0,0.67,210.0,0.72,383.0,0.66,467.75,0.73,822.0,0.65,497.71,0.74,387.2,0.64,439.0,0.75,519.0
2026-01-07 11:31:32.771000+00:00,2026-01-07 11:31:30.363941+00:00,92.771,0.295,0.29,0.3,0.705,0.7,0.71,200.0,51.34,71.34,130.0,0.28,383.0,0.31,145.0,0.27,822.0,0.32,205.0,0.26,387.2,0.33,393.0,0.25,519.0,0.34,467.75,0.24,504.0,0.35,424.71,0.69,125.0,0.72,383.0,0.68,205.0,0.73,822.0,0.67,393.0,0.74,387.2,0.66,467.75,0.75,519.0,0.65,424.71,0.76,504.0
2026-01-07 11:31:33.791000+00:00,2026-01-07 11:31:31.375201+00:00,93.791,0.29000000000000004,0.28,0.3,0.71,0.7,0.72,503.56,172.34,172.34,428.56,0.27,822.0,0.31,110.0,0.26,407.2,0.32,190.0,0.25,529.0,0.33,338.0,0.24,504.0,0.34,487.75,0.23,469.0,0.35,424.71,0.69,110.0,0.73,822.0,0.68,215.0,0.74,417.2,0.67,338.0,0.75,529.0,0.66,487.75,0.76,504.0,0.65,424.71,0.77,469.0
2026-01-07 11:31:34.819000+00:00,2026-01-07 11:31:32.396006+00:00,94.819,0.29000000000000004,0.28,0.3,0.71,0.7,0.72,175.56,180.34,180.34,140.56,0.27,747.0,0.31,110.0,0.26,417.2,0.32,215.0,0.25,529.0,0.33,338.0,0.24,504.0,0.34,936.75,0.23,449.0,0.35,424.71,0.69,110.0,0.73,737.0,0.68,215.0,0.74,392.2,0.67,338.0,0.75,529.0,0.66,936.75,0.76,504.0,0.65,424.71,0.77,449.0
2026-01-07 11:31:35.836000+00:00,2026-01-07 11:31:33.419613+00:00,95.836,0.29000000000000004,0.28,0.3,0.71,0.7,0.72,140.56,170.34,170.34,140.56,0.27,772.0,0.31,180.0,0.26,392.2,0.32,215.0,0.25,529.0,0.33,338.0,0.24,504.0,0.34,936.75,0.23,484.0,0.35,424.71,0.69,180.0,0.73,772.0,0.68,215.0,0.74,382.2,0.67,338.0,0.75,529.0,0.66,936.75,0.76,504.0,0.65,424.71,0.77,484.0
2026-01-07 11:31:36.791000+00:00,2026-01-07 11:31:34.425399+00:00,96.791,0.29000000000000004,0.28,0.3,0.71,0.7,0.72,150.56,167.0,167.0,185.56,0.27,772.0,0.31,180.0,0.26,382.2,0.32,215.0,0.25,529.0,0.33,338.0,0.24,504.0,0.34,936.75,0.23,484.0,0.35,424.71,0.69,180.0,0.73,747.0,0.68,215.0,0.74,407.2,0.67,338.0,0.75,529.0,0.66,936.75,0.76,504.0,0.65,424.71,0.77,449.0
2026-01-07 11:31:37.849000+00:00,2026-01-07 11:31:35.447078+00:00,97.849,0.29000000000000004,0.28,0.3,0.71,0.7,0.72,185.56,172.0,172.0,185.56,0.27,747.0,0.31,195.0,0.26,407.2,0.32,200.0,0.25,408.0,0.33,459.0,0.24,504.0,0.34,936.75,0.23,449.0,0.35,424.71,0.69,195.0,0.73,747.0,0.68,200.0,0.74,407.2,0.67,459.0,0.75,408.0,0.66,936.75,0.76,504.0,0.65,424.71,0.77,449.0
2026-01-07 11:31:38.772000+00:00,2026-01-07 11:31:36.456746+00:00,98.772,0.295,0.29,0.3,0.705,0.7,0.71,20.0,167.0,174.0,20.0,0.28,185.56,0.31,195.0,0.27,732.0,0.32,200.0,0.26,417.2,0.33,479.0,0.25,408.0,0.34,916.75,0.24,504.0,0.35,424.71,0.69,195.0,0.72,185.56,0.68,200.0,0.73,732.0,0.67,479.0,0.74,417.2,0.66,916.75,0.75,408.0,0.65,424.71,0.76,504.0
2026-01-07 11:31:39.863000+00:00,2026-01-07 11:31:37.479893+00:00,99.863,0.295,0.29,0.3,0.705,0.7,0.71,22.17,199.0,189.0,22.17,0.28,50.0,0.31,398.0,0.27,125.0,0.32,953.0,0.26,312.2,0.33,479.0,0.25,338.0,0.34,467.75,0.24,358.0,0.35,424.71,0.69,398.0,0.72,50.0,0.68,953.0,0.73,125.0,0.67,479.0,0.74,312.2,0.66,467.75,0.75,338.0,0.65,424.71,0.76,358.0
2026-01-07 11:31:40.859000+00:00,2026-01-07 11:31:38.499151+00:00,100.859,0.28500000000000003,0.28,0.29,0.715,0.71,0.72,97.48,19.48,19.48,97.48,0.27,105.0,0.3,192.86,0.26,313.0,0.31,403.0,0.25,303.0,0.32,953.0,0.24,383.0,0.33,479.0,0.23,484.0,0.34,432.75,0.7,192.86,0.73,140.0,0.69,403.0,0.74,323.0,0.68,953.0,0.75,338.0,0.67,479.0,0.76,383.0,0.66,432.75,0.77,484.0
2026-01-07 11:31:41.914000+00:00,2026-01-07 11:31:39.504849+00:00,101.914,0.28500000000000003,0.28,0.29,0.715,0.71,0.72,133.68,19.48,19.48,148.68,0.27,155.0,0.3,222.86,0.26,308.0,0.31,383.0,0.25,338.0,0.32,938.0,0.24,383.0,0.33,479.0,0.23,484.0,0.34,432.75,0.7,140.66,0.73,277.0,0.69,433.0,0.74,298.0,0.68,923.0,0.75,338.0,0.67,479.0,0.76,383.0,0.66,432.75,0.77,484.0
2026-01-07 11:31:42.788000+00:00,2026-01-07 11:31:40.530086+00:00,102.788,0.305,0.3,0.31,0.695,0.69,0.7,127.56,35.0,35.0,127.56,0.29,140.0,0.32,145.0,0.28,304.2,0.33,165.0,0.27,363.0,0.34,477.75,0.26,383.0,0.35,459.71,0.25,519.0,0.36,404.0,0.68,145.0,0.71,140.0,0.67,165.0,0.72,374.2,0.66,477.75,0.73,363.0,0.65,459.71,0.74,383.0,0.64,404.0,0.75,519.0
2026-01-07 11:31:43.947000+00:00,2026-01-07 11:31:41.536455+00:00,103.947,0.305,0.3,0.31,0.695,0.69,0.7,126.06,35.0,35.0,131.06,0.29,150.0,0.32,125.0,0.28,373.0,0.33,185.0,0.27,363.0,0.34,477.75,0.26,383.0,0.35,459.71,0.25,519.0,0.36,404.0,0.68,125.0,0.71,150.0,0.67,185.0,0.72,373.0,0.66,477.75,0.73,363.0,0.65,459.71,0.74,383.0,0.64,404.0,0.75,519.0
2026-01-07 11:31:44.943000+00:00,2026-01-07 11:31:42.538140+00:00,104.943,0.305,0.3,0.31,0.695,0.69,0.7,126.06,35.0,35.0,136.06,0.29,140.0,0.32,125.0,0.28,373.0,0.33,185.0,0.27,363.0,0.34,477.75,0.26,383.0,0.35,459.71,0.25,519.0,0.36,404.0,0.68,125.0,0.71,140.0,0.67,185.0,0.72,373.0,0.66,477.75,0.73,363.0,0.65,459.71,0.74,383.0,0.64,404.0,0.75,519.0
2026-01-07 11:31:45.846000+00:00,2026-01-07 11:31:43.562049+00:00,105.846,0.305,0.3,0.31,0.695,0.69,0.7,100.0,35.0,35.0,100.0,0.29,30.8,0.32,255.0,0.28,339.43,0.33,205.0,0.27,363.0,0.34,467.75,0.26,358.0,0.35,459.71,0.25,519.0,0.36,404.0,0.68,255.0,0.71,30.8,0.67,205.0,0.72,339.43,0.66,467.75,0.73,812.0,0.65,459.71,0.74,358.0,0.64,404.0,0.75,519.0
2026-01-07 11:31:46.909000+00:00,2026-01-07 11:31:44.564997+00:00,106.909,0.295,0.29,0.3,0.705,0.7,0.71,126.8,35.0,35.0,126.8,0.28,349.43,0.31,30.0,0.27,822.0,0.32,275.0,0.26,368.0,0.33,190.0,0.25,519.0,0.34,467.75,0.24,504.0,0.35,424.71,0.69,30.0,0.72,349.43,0.68,275.0,0.73,822.0,0.67,190.0,0.74,368.0,0.66,467.75,0.75,519.0,0.65,424.71,0.76,504.0
2026-01-07 11:31:47.967000+00:00,2026-01-07 11:31:45.571535+00:00,107.967,0.295,0.29,0.3,0.705,0.7,0.71,138.8,35.0,35.0,138.8,0.28,349.43,0.31,155.0,0.27,822.0,0.32,235.0,0.26,368.0,0.33,170.0,0.25,519.0,0.34,467.75,0.24,504.0,0.35,424.71,0.69,155.0,0.72,349.43,0.68,235.0,0.73,822.0,0.67,170.0,0.74,368.0,0.66,467.75,0.75,519.0,0.65,424.71,0.76,504.0
2026-01-07 11:31:48.823000+00:00,2026-01-07 11:31:46.572546+00:00,108.823,0.295,0.29,0.3,0.705,0.7,0.71,150.8,35.0,35.0,155.8,0.28,349.43,0.31,175.0,0.27,832.0,0.32,215.0,0.26,368.0,0.33,170.0,0.25,519.0,0.34,467.75,0.24,504.0,0.35,424.71,0.69,175.0,0.72,349.43,0.68,215.0,0.73,832.0,0.67,170.0,0.74,368.0,0.66,467.75,0.75,519.0,0.65,424.71,0.76,504.0
2026-01-07 11:31:49.926000+00:00,2026-01-07 11:31:47.565109+00:00,109.926,0.295,0.29,0.3,0.705,0.7,0.71,130.8,35.0,35.0,130.8,0.28,359.43,0.31,200.0,0.27,822.0,0.32,180.0,0.26,378.0,0.33,170.0,0.25,519.0,0.34,467.75,0.24,504.0,0.35,424.71,0.69,210.0,0.72,344.43,0.68,195.0,0.73,837.0,0.67,155.0,0.74,378.0,0.66,467.75,0.75,519.0,0.65,424.71,0.76,504.0
2026-01-07 11:31:50.972000+00:00,2026-01-07 11:31:48.569986+00:00,110.972,0.295,0.29,0.3,0.705,0.7,0.71,30.8,265.0,260.0,30.8,0.28,354.43,0.31,190.0,0.27,822.0,0.32,170.0,0.26,403.0,0.33,155.0,0.25,549.0,0.34,916.75,0.24,504.0,0.35,424.71,0.69,190.0,0.72,354.43,0.68,170.0,0.73,822.0,0.67,155.0,0.74,403.0,0.66,916.75,0.75,549.0,0.65,424.71,0.76,504.0
2026-01-07 11:31:51.987000+00:00,2026-01-07 11:31:49.575173+00:00,111.987,0.295,0.29,0.3,0.705,0.7,0.71,20.0,171.33,166.33,20.0,0.28,80.6,0.31,180.0,0.27,639.0,0.32,353.0,0.26,303.0,0.33,459.0,0.25,428.0,0.34,916.75,0.24,534.0,0.35,424.71,0.69,180.0,0.72,80.6,0.68,353.0,0.73,639.0,0.67,459.0,0.74,303.0,0.66,916.75,0.75,428.0,0.65,424.71,0.76,534.0
2026-01-07 11:31:52.994000+00:00,2026-01-07 11:31:50.582313+00:00,112.994,0.295,0.29,0.3,0.705,0.7,0.71,10.0,208.33,208.33,10.0,0.28,70.0,0.31,170.0,0.27,644.0,0.32,353.0,0.26,328.0,0.33,459.0,0.25,428.0,0.34,916.75,0.24,524.0,0.35,511.71,0.69,170.0,0.72,70.0,0.68,353.0,0.73,644.0,0.67,459.0,0.74,328.0,0.66,916.75,0.75,428.0,0.65,511.71,0.76,524.0
2026-01-07 11:31:54.026000+00:00,2026-01-07 11:31:51.603197+00:00,114.026,0.28500000000000003,0.28,0.29,0.715,0.71,0.72,62.32,105.0,56.0,82.79,0.27,669.0,0.3,233.33,0.26,318.0,0.31,155.0,0.25,443.0,0.32,353.0,0.24,504.0,0.33,459.0,0.23,484.0,0.34,916.75,0.7,205.0,0.73,30.0,0.69,267.0,0.74,288.0,0.68,439.0,0.75,408.0,0.67,459.0,0.76,504.0,0.66,432.75,0.77,484.0
2026-01-07 11:31:55.850000+00:00,2026-01-07 11:31:53.616157+00:00,115.85,0.28500000000000003,0.28,0.29,0.715,0.71,0.72,110.0,20.0,15.0,110.0,0.27,278.0,0.3,195.0,0.26,772.0,0.31,266.0,0.25,432.3,0.32,363.0,0.24,504.0,0.33,459.0,0.23,484.0,0.34,467.75,0.7,195.0,0.73,278.0,0.69,266.0,0.74,772.0,0.68,363.0,0.75,432.3,0.67,459.0,0.76,504.0,0.66,467.75,0.77,484.0
2026-01-07 11:31:57.997000+00:00,2026-01-07 11:31:55.626544+00:00,117.997,0.27,0.26,0.28,0.73,0.72,0.74,609.0,102.14,102.14,626.86,0.25,362.3,0.29,155.0,0.24,413.0,0.3,205.0,0.23,484.0,0.31,363.0,0.22,504.0,0.32,923.0,0.21,449.0,0.33,459.0,0.71,155.0,0.75,362.3,0.7,205.0,0.76,413.0,0.69,363.0,0.77,484.0,0.68,923.0,0.78,504.0,0.67,459.0,0.79,449.0
2026-01-07 11:31:59.038000+00:00,2026-01-07 11:31:56.632350+00:00,119.038,0.27,0.26,0.28,0.735,0.73,0.74,606.86,250.0,5.0,606.86,0.25,262.3,0.29,190.0,0.24,428.0,0.3,215.82,0.23,514.0,0.31,353.0,0.22,504.0,0.32,474.0,0.21,449.0,0.33,461.0,0.72,250.0,0.75,262.3,0.71,190.0,0.76,428.0,0.7,210.82,0.77,514.0,0.69,353.0,0.78,504.0,0.68,511.0,0.79,449.0
2026-01-07 11:32:00.057000+00:00,2026-01-07 11:31:57.639017+00:00,120.057,0.275,0.27,0.28,0.725,0.72,0.73,138.0,35.0,35.0,128.0,0.26,666.86,0.29,185.0,0.25,282.3,0.3,275.82,0.24,383.0,0.31,378.0,0.23,484.0,0.32,474.0,0.22,504.0,0.33,424.0,0.71,165.0,0.74,753.86,0.7,245.82,0.75,277.3,0.69,363.0,0.76,383.0,0.68,933.0,0.77,484.0,0.67,424.0,0.78,504.0
2026-01-07 11:32:01.064000+00:00,2026-01-07 11:31:58.643672+00:00,121.064,0.295,0.29,0.3,0.695,0.69,0.7,757.0,5.82,130.0,161.18,0.28,393.0,0.31,20.0,0.27,479.0,0.32,105.0,0.26,591.86,0.33,100.0,0.25,444.0,0.34,60.0,0.24,469.0,0.35,499.71,0.68,65.0,0.71,732.0,0.67,125.0,0.72,318.0,0.66,40.0,0.73,489.0,0.65,499.71,0.74,511.86,0.64,488.0,0.75,409.0
2026-01-07 11:32:02.045000+00:00,2026-01-07 11:31:59.663484+00:00,122.045,0.305,0.3,0.31,0.725,0.72,0.73,5.0,814.09,85.0,25.0,0.27,25.0,0.32,449.0,0.26,350.86,0.33,496.0,0.25,263.0,0.34,439.0,0.24,333.0,0.35,424.71,0.23,414.0,0.36,468.0,0.71,5.0,0.74,360.86,0.7,65.0,0.75,273.0,0.69,822.0,0.76,333.0,0.68,439.0,0.77,414.0,0.67,461.0,0.78,434.0
2026-01-07 11:32:03.054000+00:00,2026-01-07 11:32:00.658054+00:00,123.054,0.275,0.27,0.28,0.725,0.72,0.73,22.94,123.92,123.92,35.94,0.26,177.86,0.29,15.0,0.25,273.0,0.3,115.0,0.24,333.0,0.31,792.0,0.23,293.0,0.32,474.0,0.22,434.0,0.33,461.0,0.71,85.0,0.74,157.86,0.7,115.0,0.75,243.0,0.69,782.0,0.76,313.0,0.68,474.0,0.77,293.0,0.67,461.0,0.78,434.0
2026-01-07 11:32:04.072000+00:00,2026-01-07 11:32:01.681797+00:00,124.072,0.275,0.27,0.28,0.725,0.72,0.73,35.94,123.92,123.92,35.94,0.26,147.86,0.29,85.0,0.25,288.0,0.3,125.0,0.24,342.6,0.31,782.0,0.23,293.0,0.32,474.0,0.22,434.0,0.33,424.0,0.71,100.0,0.74,95.0,0.7,125.0,0.75,343.0,0.69,782.0,0.76,342.6,0.68,474.0,0.77,293.0,0.67,424.0,0.78,434.0
2026-01-07 11:32:05.939000+00:00,2026-01-07 11:32:03.693490+00:00,125.939,0.275,0.27,0.28,0.725,0.72,0.73,18.0,193.92,193.92,18.0,0.26,157.86,0.29,95.0,0.25,829.0,0.3,353.0,0.24,437.6,0.31,782.0,0.23,383.0,0.32,474.0,0.22,514.0,0.33,424.0,0.71,95.0,0.74,157.86,0.7,353.0,0.75,829.0,0.69,782.0,0.76,437.6,0.68,474.0,0.77,383.0,0.67,461.0,0.78,514.0
2026-01-07 11:32:07.129000+00:00,2026-01-07 11:32:04.716623+00:00,127.129,0.275,0.27,0.28,0.725,0.72,0.73,23.0,153.92,153.92,23.0,0.26,65.0,0.29,170.0,0.25,998.05,0.3,353.0,0.24,432.6,0.31,782.0,0.23,373.0,0.32,474.0,0.22,504.0,0.33,424.0,0.71,170.0,0.74,65.0,0.7,353.0,0.75,998.05,0.69,782.0,0.76,432.6,0.68,511.0,0.77,373.0,0.67,424.0,0.78,504.0
2026-01-07 11:32:08.001000+00:00,2026-01-07 11:32:05.722760+00:00,128.001,0.275,0.27,0.28,0.725,0.72,0.73,23.0,153.92,153.92,23.0,0.26,65.0,0.29,170.0,0.25,998.05,0.3,353.0,0.24,432.6,0.31,782.0,0.23,373.0,0.32,511.0,0.22,504.0,0.33,424.0,0.71,170.0,0.74,65.0,0.7,353.0,0.75,954.0,0.69,782.0,0.76,462.6,0.68,511.0,0.77,373.0,0.67,424.0,0.78,504.0
2026-01-07 11:32:09.155000+00:00,2026-01-07 11:32:06.745535+00:00,129.155,0.265,0.26,0.27,0.735,0.73,0.74,5.0,438.0,418.0,5.0,0.25,335.0,0.28,336.92,0.24,25.0,0.29,409.0,0.23,602.69,0.3,510.0,0.22,50.0,0.31,454.0,0.21,338.0,0.32,454.0,0.72,457.92,0.75,335.0,0.71,858.0,0.76,25.0,0.7,510.0,0.77,30.9,0.69,454.0,0.78,189.91,0.68,454.0,0.79,303.0
2026-01-07 11:32:10.158000+00:00,2026-01-07 11:32:07.767071+00:00,130.158,0.255,0.25,0.26,0.745,0.74,0.75,335.0,378.0,403.0,192.05,0.24,20.0,0.27,288.0,0.23,15.9,0.28,512.92,0.22,174.91,0.29,858.0,0.21,115.0,0.3,474.0,0.2,343.0,0.31,434.0,0.73,273.0,0.76,20.0,0.72,512.92,0.77,15.9,0.71,858.0,0.78,174.91,0.7,474.0,0.79,115.0,0.69,434.0,0.8,343.0
2026-01-07 11:32:11.207000+00:00,2026-01-07 11:32:08.774005+00:00,131.207,0.255,0.25,0.26,0.745,0.74,0.75,65.33,463.0,463.0,65.33,0.24,20.0,0.27,449.0,0.23,15.9,0.28,457.92,0.22,40.0,0.29,444.0,0.21,594.0,0.3,474.0,0.2,293.0,0.31,434.0,0.73,483.0,0.76,20.0,0.72,457.92,0.77,15.9,0.71,409.0,0.78,40.0,0.7,474.0,0.79,594.0,0.69,434.0,0.8,328.0
2026-01-07 11:32:12.176000+00:00,2026-01-07 11:32:09.765796+00:00,132.176,0.245,0.24,0.25,0.775,0.77,0.78,20.0,829.5,20.0,25.0,0.22,25.0,0.26,534.0,0.21,30.0,0.27,474.0,0.2,215.0,0.28,457.92,0.19,2651.51,0.29,409.0,0.18,300.5,0.3,454.0,0.76,102.0,0.79,30.0,0.75,817.5,0.8,215.0,0.74,534.0,0.81,2551.51,0.73,474.0,0.82,335.5,0.72,457.92,0.83,389.0
2026-01-07 11:32:13.189000+00:00,2026-01-07 11:32:10.770843+00:00,133.189,0.225,0.22,0.23,0.79,0.78,0.8,18.33,220.0,45.0,90.0,0.2,115.0,0.24,190.5,0.19,2428.51,0.25,807.0,0.18,323.0,0.26,534.0,0.17,235.5,0.27,474.0,0.16,409.0,0.28,437.92,0.77,284.0,0.81,1914.51,0.76,301.5,0.82,328.0,0.75,479.0,0.83,250.5,0.74,534.0,0.84,334.0,0.73,474.0,0.85,401.12
2026-01-07 11:32:14.194000+00:00,2026-01-07 11:32:11.775819+00:00,134.194,0.20500000000000002,0.2,0.21,0.795,0.79,0.8,88.37,194.5,184.5,72.89,0.19,1914.51,0.22,262.0,0.18,308.0,0.23,439.0,0.17,268.0,0.24,319.0,0.16,717.0,0.25,474.0,0.15,376.12,0.26,499.0,0.78,262.0,0.81,1914.51,0.77,439.0,0.82,328.0,0.76,319.0,0.83,258.0,0.75,474.0,0.84,707.0,0.74,499.0,0.85,376.12
2026-01-07 11:32:15.214000+00:00,2026-01-07 11:32:12.781124+00:00,135.214,0.20500000000000002,0.2,0.21,0.795,0.79,0.8,59.26,149.5,125.69,59.26,0.19,1919.51,0.22,323.0,0.18,50.0,0.23,863.0,0.17,308.0,0.24,319.0,0.16,248.0,0.25,474.0,0.15,391.62,0.26,499.0,0.78,333.0,0.81,1919.51,0.77,863.0,0.82,50.0,0.76,319.0,0.83,308.0,0.75,474.0,0.84,248.0,0.74,499.0,0.85,391.62
2026-01-07 11:32:16.130000+00:00,2026-01-07 11:32:13.786613+00:00,136.13,0.20500000000000002,0.2,0.21,0.805,0.8,0.81,25.23,160.69,65.0,1919.51,0.19,1919.51,0.22,403.0,0.18,50.0,0.23,484.0,0.17,125.0,0.24,389.0,0.16,662.0,0.25,474.0,0.15,295.62,0.26,479.0,0.79,133.69,0.82,50.0,0.78,393.0,0.83,125.0,0.77,484.0,0.84,662.0,0.76,389.0,0.85,295.62,0.75,439.0,0.86,451.99
2026-01-07 11:32:17.216000+00:00,2026-01-07 11:32:14.804909+00:00,137.216,0.195,0.19,0.2,0.805,0.8,0.81,1909.51,106.0,100.0,1914.51,0.18,55.0,0.21,333.69,0.17,125.0,0.22,403.0,0.16,672.0,0.23,474.0,0.15,295.62,0.24,389.0,0.14,451.99,0.25,439.0,0.79,333.69,0.82,70.0,0.78,403.0,0.83,115.0,0.77,474.0,0.84,682.0,0.76,389.0,0.85,295.62,0.75,439.0,0.86,451.99
2026-01-07 11:32:18.228000+00:00,2026-01-07 11:32:15.811017+00:00,138.228,0.195,0.19,0.2,0.805,0.8,0.81,2067.9,97.11,97.11,2077.9,0.18,110.0,0.21,259.19,0.17,219.5,0.22,812.0,0.16,642.0,0.23,506.0,0.15,328.92,0.24,389.0,0.14,511.99,0.25,439.0,0.79,259.19,0.82,100.0,0.78,752.0,0.83,236.3,0.77,566.0,0.84,238.0,0.76,389.0,0.85,325.12,0.75,439.0,0.86,546.99
2026-01-07 11:32:19.251000+00:00,2026-01-07 11:32:16.831121+00:00,139.251,0.195,0.19,0.2,0.805,0.8,0.81,2090.76,45.74,45.74,2070.76,0.18,200.0,0.21,66.19,0.17,344.8,0.22,519.0,0.16,273.0,0.23,484.0,0.15,315.12,0.24,328.86,0.14,511.99,0.25,439.0,0.79,101.19,0.82,235.0,0.78,80.0,0.83,793.8,0.77,491.5,0.84,308.0,0.76,328.86,0.85,350.12,0.75,474.0,0.86,546.99
2026-01-07 11:32:20.193000+00:00,2026-01-07 11:32:17.834313+00:00,140.193,0.195,0.19,0.2,0.805,0.8,0.81,2028.5,45.74,45.74,2013.5,0.18,215.0,0.21,101.19,0.17,816.3,0.22,105.0,0.16,308.0,0.23,506.0,0.15,350.12,0.24,319.0,0.14,546.99,0.25,474.0,0.79,101.19,0.82,195.0,0.78,100.0,0.83,806.3,0.77,436.0,0.84,308.0,0.76,319.0,0.85,350.12,0.75,474.0,0.86,546.99
2026-01-07 11:32:21.149000+00:00,2026-01-07 11:32:18.857456+00:00,141.149,0.195,0.19,0.2,0.805,0.8,0.81,2246.5,50.74,50.74,2251.5,0.18,403.0,0.21,25.0,0.17,389.8,0.22,160.0,0.16,449.0,0.23,82.5,0.15,500.12,0.24,647.0,0.14,511.99,0.25,404.0,0.79,25.0,0.82,403.0,0.78,160.0,0.83,389.8,0.77,82.5,0.84,449.0,0.76,647.0,0.85,500.12,0.75,404.0,0.86,511.99
2026-01-07 11:32:22.195000+00:00,2026-01-07 11:32:19.865662+00:00,142.195,0.195,0.19,0.2,0.805,0.8,0.81,2215.38,5.74,5.74,2215.38,0.18,403.0,0.21,90.0,0.17,389.8,0.22,160.0,0.16,449.0,0.23,82.5,0.15,500.12,0.24,647.0,0.14,511.99,0.25,474.0,0.79,90.0,0.82,403.0,0.78,160.0,0.83,389.8,0.77,82.5,0.84,449.0,0.76,647.0,0.85,471.12,0.75,474.0,0.86,511.99
2026-01-07 11:32:23.233000+00:00,2026-01-07 11:32:20.885962+00:00,143.233,0.195,0.19,0.2,0.805,0.8,0.81,2029.38,5.74,5.74,2029.38,0.18,403.0,0.21,90.0,0.17,389.8,0.22,160.0,0.16,479.0,0.23,152.5,0.15,471.12,0.24,717.0,0.14,511.99,0.25,474.0,0.79,90.0,0.82,403.0,0.78,160.0,0.83,389.8,0.77,152.5,0.84,479.0,0.76,717.0,0.85,471.12,0.75,474.0,0.86,511.99
2026-01-07 11:32:24.154000+00:00,2026-01-07 11:32:21.887805+00:00,144.154,0.195,0.19,0.2,0.805,0.8,0.81,2034.38,5.74,5.74,2034.38,0.18,403.0,0.21,160.0,0.17,389.8,0.22,230.0,0.16,459.0,0.23,152.5,0.15,471.12,0.24,717.0,0.14,511.99,0.25,474.0,0.79,160.0,0.82,403.0,0.78,230.0,0.83,389.8,0.77,152.5,0.84,459.0,0.76,717.0,0.85,471.12,0.75,474.0,0.86,531.99
2026-01-07 11:32:25.222000+00:00,2026-01-07 11:32:22.895523+00:00,145.222,0.195,0.19,0.2,0.805,0.8,0.81,2024.38,5.74,135.74,1869.38,0.18,852.0,0.21,160.0,0.17,389.8,0.22,230.0,0.16,459.0,0.23,152.5,0.15,471.12,0.24,717.0,0.14,531.99,0.25,474.0,0.79,135.0,0.82,208.0,0.78,272.0,0.83,302.3,0.77,378.0,0.84,349.0,0.76,389.0,0.85,376.12,0.75,439.0,0.86,531.99
2026-01-07 11:32:26.294000+00:00,2026-01-07 11:32:23.914864+00:00,146.294,0.195,0.19,0.2,0.805,0.8,0.81,1799.53,270.0,270.0,1799.53,0.18,110.0,0.21,152.5,0.17,121.8,0.22,353.0,0.16,253.0,0.23,474.0,0.15,320.12,0.24,389.0,0.14,525.99,0.25,472.0,0.79,152.5,0.82,110.0,0.78,353.0,0.83,121.8,0.77,474.0,0.84,253.0,0.76,389.0,0.85,320.12,0.75,472.0,0.86,525.99
2026-01-07 11:32:27.304000+00:00,2026-01-07 11:32:24.922411+00:00,147.304,0.195,0.19,0.2,0.805,0.8,0.81,1799.53,260.0,260.0,1799.53,0.18,5.0,0.21,355.5,0.17,126.8,0.22,353.0,0.16,278.0,0.23,474.0,0.15,744.12,0.24,389.0,0.14,525.99,0.25,472.0,0.79,355.5,0.82,5.0,0.78,353.0,0.83,126.8,0.77,474.0,0.84,278.0,0.76,389.0,0.85,744.12,0.75,472.0,0.86,525.99
2026-01-07 11:32:28.332000+00:00,2026-01-07 11:32:25.913737+00:00,148.332,0.195,0.19,0.2,0.805,0.8,0.81,1864.53,170.0,100.0,1859.53,0.18,140.0,0.21,348.0,0.17,117.5,0.22,418.0,0.16,224.4,0.23,474.0,0.15,704.12,0.24,389.0,0.14,496.99,0.25,439.0,0.79,348.0,0.82,160.0,0.78,423.0,0.83,107.5,0.77,504.0,0.84,224.4,0.76,389.0,0.85,704.12,0.75,472.0,0.86,525.99
2026-01-07 11:32:29.347000+00:00,2026-01-07 11:32:26.934253+00:00,149.347,0.20500000000000002,0.2,0.21,0.795,0.79,0.8,10.0,85.0,85.0,10.0,0.19,1969.53,0.22,140.0,0.18,190.0,0.23,767.0,0.17,395.5,0.24,319.0,0.16,294.4,0.25,474.0,0.15,471.12,0.26,548.0,0.78,140.0,0.81,1969.53,0.77,767.0,0.82,190.0,0.76,319.0,0.83,395.5,0.75,474.0,0.84,294.4,0.74,548.0,0.85,500.12
2026-01-07 11:32:30.337000+00:00,2026-01-07 11:32:27.943198+00:00,150.337,0.20500000000000002,0.2,0.21,0.795,0.79,0.8,10.0,120.0,120.0,10.0,0.19,1954.53,0.22,110.0,0.18,220.0,0.23,789.5,0.17,373.0,0.24,319.0,0.16,294.4,0.25,507.0,0.15,471.12,0.26,479.0,0.78,110.0,0.81,1954.53,0.77,789.5,0.82,220.0,0.76,319.0,0.83,373.0,0.75,507.0,0.84,314.4,0.74,479.0,0.85,471.12
2026-01-07 11:32:31.398000+00:00,2026-01-07 11:32:28.967392+00:00,151.398,0.20500000000000002,0.2,0.21,0.795,0.79,0.8,96.25,70.0,20.0,151.25,0.19,1979.53,0.22,110.0,0.18,215.0,0.23,779.5,0.17,348.0,0.24,319.0,0.16,314.4,0.25,507.0,0.15,471.12,0.26,479.0,0.78,145.0,0.81,1974.53,0.77,754.5,0.82,225.0,0.76,319.0,0.83,822.0,0.75,474.0,0.84,314.4,0.74,548.0,0.85,500.12
2026-01-07 11:32:32.376000+00:00,2026-01-07 11:32:29.971903+00:00,152.376,0.20500000000000002,0.2,0.21,0.795,0.79,0.8,151.25,10.47,10.47,151.25,0.19,1984.53,0.22,145.0,0.18,215.0,0.23,754.5,0.17,822.0,0.24,319.0,0.16,314.4,0.25,507.0,0.15,471.12,0.26,514.0,0.78,145.0,0.81,1984.53,0.77,754.5,0.82,215.0,0.76,319.0,0.83,822.0,0.75,507.0,0.84,314.4,0.74,514.0,0.85,471.12
2026-01-07 11:32:33.345000+00:00,2026-01-07 11:32:30.975971+00:00,153.345,0.21000000000000002,0.2,0.22,0.79,0.78,0.8,126.84,140.47,150.63,126.84,0.19,1994.53,0.23,754.5,0.18,215.0,0.24,198.0,0.17,822.0,0.25,507.0,0.16,314.4,0.26,514.0,0.15,477.42,0.27,404.0,0.77,754.5,0.81,1994.53,0.76,198.0,0.82,215.0,0.75,507.0,0.83,822.0,0.74,494.0,0.84,314.4,0.73,404.0,0.85,477.42
2026-01-07 11:32:34.410000+00:00,2026-01-07 11:32:31.999114+00:00,154.41,0.20500000000000002,0.2,0.21,0.795,0.79,0.8,127.07,55.0,85.0,94.0,0.19,1959.53,0.22,125.63,0.18,240.0,0.23,779.5,0.17,797.0,0.24,198.0,0.16,314.4,0.25,474.0,0.15,506.42,0.26,498.4,0.78,115.47,0.81,1959.53,0.77,779.5,0.82,240.0,0.76,198.0,0.83,797.0,0.75,474.0,0.84,314.4,0.74,498.4,0.85,516.61
2026-01-07 11:32:35.392000+00:00,2026-01-07 11:32:33.003887+00:00,155.392,0.20500000000000002,0.2,0.21,0.795,0.79,0.8,24.0,140.0,180.0,24.0,0.19,1989.53,0.22,135.47,0.18,250.0,0.23,759.5,0.17,797.0,0.24,198.0,0.16,304.09,0.25,474.0,0.15,516.61,0.26,498.4,0.78,150.47,0.81,1989.53,0.77,752.0,0.82,220.0,0.76,198.0,0.83,828.69,0.75,474.0,0.84,304.09,0.74,498.4,0.85,516.61
2026-01-07 11:32:36.442000+00:00,2026-01-07 11:32:34.027829+00:00,156.442,0.20500000000000002,0.2,0.21,0.795,0.79,0.8,22.75,220.0,220.0,22.75,0.19,1869.53,0.22,105.47,0.18,233.8,0.23,732.0,0.17,848.69,0.24,231.0,0.16,334.09,0.25,474.0,0.15,507.61,0.26,464.4,0.78,105.47,0.81,1869.53,0.77,732.0,0.82,233.8,0.76,231.0,0.83,848.69,0.75,474.0,0.84,334.09,0.74,464.4,0.85,507.61
2026-01-07 11:32:37.418000+00:00,2026-01-07 11:32:35.034055+00:00,157.418,0.20500000000000002,0.2,0.21,0.795,0.79,0.8,22.75,155.0,155.0,22.75,0.19,1989.53,0.22,150.47,0.18,208.8,0.23,752.0,0.17,838.69,0.24,231.0,0.16,304.09,0.25,474.0,0.15,507.61,0.26,464.4,0.78,150.47,0.81,1989.53,0.77,752.0,0.82,218.8,0.76,301.0,0.83,838.69,0.75,474.0,0.84,304.09,0.74,464.4,0.85,507.61
2026-01-07 11:32:38.461000+00:00,2026-01-07 11:32:36.041812+00:00,158.461,0.195,0.19,0.2,0.805,0.8,0.81,1792.07,186.93,186.93,1792.07,0.18,223.8,0.21,140.0,0.17,640.69,0.22,268.47,0.16,354.09,0.23,764.0,0.15,507.61,0.24,389.0,0.14,524.39,0.25,474.0,0.79,120.0,0.82,223.8,0.78,268.47,0.83,640.69,0.77,732.0,0.84,354.09,0.76,422.0,0.85,527.61,0.75,474.0,0.86,524.39
2026-01-07 11:32:39.427000+00:00,2026-01-07 11:32:37.064609+00:00,159.427,0.195,0.19,0.2,0.805,0.8,0.81,1725.83,141.3,141.3,1725.83,0.18,128.8,0.21,283.0,0.17,94.19,0.22,368.47,0.16,121.09,0.23,506.0,0.15,361.61,0.24,389.0,0.14,524.39,0.25,439.0,0.79,283.0,0.82,138.8,0.78,368.47,0.83,94.19,0.77,506.0,0.84,111.09,0.76,389.0,0.85,361.61,0.75,439.0,0.86,524.39
2026-01-07 11:32:40.492000+00:00,2026-01-07 11:32:38.069966+00:00,160.492,0.195,0.19,0.2,0.805,0.8,0.81,1780.83,125.0,125.0,1784.59,0.18,138.8,0.21,283.0,0.17,74.19,0.22,378.47,0.16,101.09,0.23,506.0,0.15,291.61,0.24,389.0,0.14,524.39,0.25,439.0,0.79,283.0,0.82,138.8,0.78,378.47,0.83,74.19,0.77,506.0,0.84,101.09,0.76,389.0,0.85,291.61,0.75,439.0,0.86,524.39
2026-01-07 11:32:41.435000+00:00,2026-01-07 11:32:39.077798+00:00,161.435,0.195,0.19,0.2,0.805,0.8,0.81,1769.59,110.0,110.0,1769.59,0.18,118.8,0.21,258.0,0.17,136.69,0.22,370.97,0.16,51.09,0.23,534.0,0.15,271.61,0.24,389.0,0.14,553.39,0.25,472.0,0.79,258.0,0.82,118.8,0.78,370.97,0.83,136.69,0.77,534.0,0.84,51.09,0.76,389.0,0.85,271.61,0.75,472.0,0.86,553.39
2026-01-07 11:32:42.364000+00:00,2026-01-07 11:32:40.081077+00:00,162.364,0.195,0.19,0.2,0.805,0.8,0.81,1774.59,110.0,110.0,1774.59,0.18,128.8,0.21,258.0,0.17,136.69,0.22,390.97,0.16,51.09,0.23,524.0,0.15,271.61,0.24,389.0,0.14,553.39,0.25,472.0,0.79,258.0,0.82,198.8,0.78,390.97,0.83,206.69,0.77,524.0,0.84,121.09,0.76,389.0,0.85,341.61,0.75,472.0,0.86,553.39
2026-01-07 11:32:43.414000+00:00,2026-01-07 11:32:41.086325+00:00,163.414,0.195,0.19,0.2,0.805,0.8,0.81,1769.59,92.0,92.0,1769.59,0.18,200.0,0.21,273.0,0.17,221.69,0.22,425.97,0.16,109.69,0.23,474.0,0.15,815.61,0.24,389.0,0.14,568.49,0.25,492.0,0.79,273.0,0.82,200.0,0.78,425.97,0.83,221.69,0.77,474.0,0.84,109.69,0.76,389.0,0.85,815.61,0.75,492.0,0.86,568.49
2026-01-07 11:32:44.486000+00:00,2026-01-07 11:32:42.092622+00:00,164.486,0.195,0.19,0.2,0.805,0.8,0.81,1904.59,40.0,40.0,1973.35,0.18,180.0,0.21,248.0,0.17,249.19,0.22,742.47,0.16,236.69,0.23,913.0,0.15,487.61,0.24,319.0,0.14,504.49,0.25,424.0,0.79,248.0,0.82,180.0,0.78,742.47,0.83,249.19,0.77,913.0,0.84,236.69,0.76,319.0,0.85,487.61,0.75,424.0,0.86,504.49
2026-01-07 11:32:45.517000+00:00,2026-01-07 11:32:43.100067+00:00,165.517,0.195,0.19,0.2,0.805,0.8,0.81,1713.35,80.0,15.0,1818.35,0.18,255.0,0.21,298.0,0.17,206.69,0.22,779.97,0.16,775.39,0.23,404.0,0.15,487.61,0.24,319.0,0.14,553.39,0.25,457.0,0.79,298.0,0.82,215.0,0.78,779.97,0.83,206.69,0.77,404.0,0.84,775.39,0.76,352.0,0.85,487.61,0.75,424.0,0.86,524.39
2026-01-07 11:32:46.539000+00:00,2026-01-07 11:32:44.105927+00:00,166.539,0.195,0.19,0.2,0.795,0.78,0.81,1953.35,15.0,60.47,1953.35,0.18,230.0,0.21,183.0,0.17,330.19,0.22,243.47,0.16,418.69,0.23,494.0,0.15,487.61,0.24,294.0,0.14,489.39,0.25,424.0,0.77,383.0,0.82,208.8,0.76,294.0,0.83,391.19,0.75,424.0,0.84,448.69,0.74,429.4,0.85,487.61,0.73,478.0,0.86,489.39
2026-01-07 11:32:47.516000+00:00,2026-01-07 11:32:45.098284+00:00,167.516,0.21000000000000002,0.2,0.22,0.79,0.78,0.8,185.0,60.47,60.47,185.0,0.19,1863.35,0.23,353.0,0.18,243.8,0.24,324.0,0.17,371.19,0.25,424.0,0.16,468.69,0.26,429.4,0.15,452.61,0.27,478.0,0.77,353.0,0.81,1863.35,0.76,324.0,0.82,243.8,0.75,424.0,0.83,371.19,0.74,429.4,0.84,468.69,0.73,548.0,0.85,452.61
2026-01-07 11:32:48.515000+00:00,2026-01-07 11:32:46.103526+00:00,168.515,0.21000000000000002,0.2,0.22,0.79,0.78,0.8,175.0,60.47,60.47,175.0,0.19,1863.35,0.23,353.0,0.18,238.8,0.24,324.0,0.17,401.19,0.25,424.0,0.16,438.69,0.26,429.4,0.15,452.61,0.27,514.0,0.77,353.0,0.81,1863.35,0.76,203.0,0.82,238.8,0.75,424.0,0.83,401.19,0.74,429.4,0.84,438.69,0.73,514.0,0.85,452.61
2026-01-07 11:32:49.542000+00:00,2026-01-07 11:32:47.125546+00:00,169.542,0.20500000000000002,0.2,0.21,0.795,0.79,0.8,172.87,20.0,20.0,172.87,0.19,1863.35,0.22,70.47,0.18,238.8,0.23,373.0,0.17,371.19,0.24,173.0,0.16,468.69,0.25,494.0,0.15,452.61,0.26,499.4,0.78,70.47,0.81,1863.35,0.77,373.0,0.82,238.8,0.76,173.0,0.83,371.19,0.75,494.0,0.84,468.69,0.74,499.4,0.85,452.61
2026-01-07 11:32:50.534000+00:00,2026-01-07 11:32:48.132043+00:00,170.534,0.20500000000000002,0.2,0.21,0.795,0.79,0.8,172.87,20.0,20.0,172.87,0.19,1863.35,0.22,70.47,0.18,697.8,0.23,373.0,0.17,371.19,0.24,173.0,0.16,468.69,0.25,494.0,0.15,452.61,0.26,499.4,0.78,70.47,0.81,1863.35,0.77,373.0,0.82,697.8,0.76,173.0,0.83,371.19,0.75,494.0,0.84,468.69,0.74,499.4,0.85,452.61
2026-01-07 11:32:51.542000+00:00,2026-01-07 11:32:49.154618+00:00,171.542,0.20500000000000002,0.2,0.21,0.795,0.79,0.8,172.87,20.0,20.0,172.87,0.19,1863.35,0.22,70.47,0.18,697.8,0.23,373.0,0.17,371.19,0.24,243.0,0.16,438.69,0.25,527.0,0.15,452.61,0.26,499.4,0.78,70.47,0.81,1863.35,0.77,373.0,0.82,697.8,0.76,243.0,0.83,371.19,0.75,527.0,0.84,438.69,0.74,499.4,0.85,452.61
2026-01-07 11:32:52.569000+00:00,2026-01-07 11:32:50.162544+00:00,172.569,0.20500000000000002,0.2,0.21,0.78,0.77,0.79,172.87,20.0,293.0,135.0,0.19,1885.85,0.22,10.0,0.18,667.8,0.23,358.0,0.17,371.19,0.24,250.5,0.16,438.69,0.25,527.0,0.15,452.61,0.26,499.4,0.76,325.5,0.8,117.87,0.75,527.0,0.81,1905.85,0.74,499.4,0.82,647.8,0.73,514.0,0.83,371.19,0.72,462.92,0.84,418.69
2026-01-07 11:32:53.592000+00:00,2026-01-07 11:32:51.171356+00:00,173.592,0.235,0.23,0.24,0.765,0.76,0.77,135.47,255.5,325.5,135.47,0.21,120.0,0.25,494.0,0.2,117.87,0.26,499.4,0.19,1905.85,0.27,548.0,0.18,647.8,0.28,462.92,0.17,391.19,0.29,498.0,0.75,489.0,0.78,20.0,0.74,499.4,0.79,149.47,0.73,514.0,0.8,72.87,0.72,462.92,0.81,1895.85,0.71,498.0,0.82,602.8
2026-01-07 11:32:54.509000+00:00,2026-01-07 11:32:52.177727+00:00,174.509,0.235,0.23,0.24,0.765,0.76,0.77,104.34,774.5,774.5,104.34,0.22,20.0,0.25,419.0,0.21,189.47,0.26,533.4,0.2,82.87,0.27,514.0,0.19,1920.85,0.28,462.92,0.18,627.8,0.29,498.0,0.75,419.0,0.78,20.0,0.74,533.4,0.79,189.47,0.73,514.0,0.8,82.87,0.72,462.92,0.81,1920.85,0.71,498.0,0.82,627.8
2026-01-07 11:32:55.484000+00:00,2026-01-07 11:32:53.183908+00:00,175.484,0.235,0.23,0.24,0.765,0.76,0.77,104.34,774.5,774.5,104.34,0.22,25.0,0.25,419.0,0.21,189.47,0.26,533.4,0.2,92.87,0.27,514.0,0.19,1920.85,0.28,462.92,0.18,810.8,0.29,498.0,0.75,429.0,0.78,25.0,0.74,533.4,0.79,189.47,0.73,514.0,0.8,92.87,0.72,462.92,0.81,1920.85,0.71,498.0,0.82,810.8
2026-01-07 11:32:56.545000+00:00,2026-01-07 11:32:54.191285+00:00,176.545,0.235,0.23,0.24,0.765,0.76,0.77,104.34,774.5,774.5,104.34,0.22,25.0,0.25,429.0,0.21,189.47,0.26,533.4,0.2,172.87,0.27,514.0,0.19,1920.85,0.28,462.92,0.18,810.8,0.29,498.0,0.75,429.0,0.78,25.0,0.74,499.4,0.79,189.47,0.73,514.0,0.8,172.87,0.72,497.92,0.81,1920.85,0.71,498.0,0.82,810.8
2026-01-07 11:32:57.613000+00:00,2026-01-07 11:32:55.214271+00:00,177.613,0.235,0.23,0.24,0.765,0.76,0.77,104.34,794.5,794.5,104.34,0.22,95.0,0.25,429.0,0.21,244.47,0.26,499.4,0.2,172.87,0.27,514.0,0.19,1929.25,0.28,497.92,0.18,810.8,0.29,498.0,0.75,429.0,0.78,95.0,0.74,499.4,0.79,249.47,0.73,548.0,0.8,172.87,0.72,462.92,0.81,1929.25,0.71,498.0,0.82,810.8
2026-01-07 11:32:58.633000+00:00,2026-01-07 11:32:56.219931+00:00,178.633,0.235,0.23,0.24,0.765,0.76,0.77,104.34,784.5,784.5,104.34,0.22,95.0,0.25,439.0,0.21,224.47,0.26,499.4,0.2,162.87,0.27,514.0,0.19,1929.25,0.28,497.92,0.18,810.8,0.29,498.0,0.75,439.0,0.78,130.0,0.74,499.4,0.79,234.47,0.73,514.0,0.8,197.87,0.72,497.92,0.81,1929.25,0.71,498.0,0.82,810.8
2026-01-07 11:32:59.486000+00:00,2026-01-07 11:32:57.229562+00:00,179.486,0.235,0.23,0.24,0.775,0.77,0.78,104.34,707.2,65.0,130.0,0.22,130.0,0.25,439.0,0.21,234.47,0.26,499.4,0.2,197.87,0.27,548.0,0.19,1929.25,0.28,462.92,0.18,810.8,0.29,498.0,0.76,707.2,0.79,234.47,0.75,439.0,0.8,197.87,0.74,499.4,0.81,1929.25,0.73,548.0,0.82,810.8,0.72,462.92,0.83,336.19
2026-01-07 11:33:00.600000+00:00,2026-01-07 11:32:58.236333+00:00,180.6,0.225,0.22,0.23,0.775,0.77,0.78,120.0,65.0,65.0,105.0,0.21,249.47,0.24,704.7,0.2,217.87,0.25,439.0,0.19,1906.75,0.26,474.4,0.18,860.8,0.27,514.0,0.17,336.19,0.28,497.92,0.76,712.2,0.79,249.47,0.75,424.0,0.8,187.87,0.74,474.4,0.81,1929.25,0.73,514.0,0.82,860.8,0.72,497.92,0.83,336.19
2026-01-07 11:33:01.642000+00:00,2026-01-07 11:32:59.238236+00:00,181.642,0.225,0.22,0.23,0.775,0.77,0.78,105.0,65.0,65.0,105.0,0.21,249.47,0.24,712.2,0.2,187.87,0.25,424.0,0.19,1929.25,0.26,474.4,0.18,830.8,0.27,597.0,0.17,327.19,0.28,497.92,0.76,697.2,0.79,239.47,0.75,424.0,0.8,187.87,0.74,474.4,0.81,1929.25,0.73,597.0,0.82,830.8,0.72,497.92,0.83,327.19
2026-01-07 11:33:02.650000+00:00,2026-01-07 11:33:00.243259+00:00,182.65,0.225,0.22,0.23,0.775,0.77,0.78,105.0,80.0,80.0,105.0,0.21,249.47,0.24,677.2,0.2,187.87,0.25,424.0,0.19,1929.25,0.26,474.4,0.18,830.8,0.27,514.0,0.17,357.19,0.28,581.92,0.76,677.2,0.79,249.47,0.75,424.0,0.8,187.87,0.74,474.4,0.81,1920.85,0.73,514.0,0.82,830.8,0.72,581.92,0.83,357.19
2026-01-07 11:33:03.622000+00:00,2026-01-07 11:33:01.250352+00:00,183.622,0.225,0.22,0.23,0.765,0.76,0.77,127.0,78.04,85.7,236.97,0.21,249.47,0.24,677.2,0.2,187.87,0.25,424.0,0.19,1920.85,0.26,474.4,0.18,830.8,0.27,548.0,0.17,327.19,0.28,497.92,0.75,349.0,0.78,314.0,0.74,404.4,0.79,135.0,0.73,485.5,0.8,319.87,0.72,451.92,0.81,2459.35,0.71,414.0,0.82,447.8
2026-01-07 11:33:04.677000+00:00,2026-01-07 11:33:02.254379+00:00,184.677,0.255,0.25,0.26,0.745,0.74,0.75,40.0,90.4,90.4,40.0,0.24,155.0,0.27,486.5,0.23,150.0,0.28,427.92,0.22,415.0,0.29,389.0,0.21,373.0,0.3,2244.0,0.2,364.97,0.31,494.49,0.73,486.5,0.76,155.0,0.72,427.92,0.77,150.0,0.71,389.0,0.78,415.0,0.7,2244.0,0.79,373.0,0.69,494.49,0.8,378.97
2026-01-07 11:33:05.623000+00:00,2026-01-07 11:33:03.262216+00:00,185.623,0.255,0.25,0.26,0.745,0.74,0.75,35.0,155.4,155.4,35.0,0.24,15.0,0.27,436.5,0.23,209.47,0.28,427.92,0.22,425.0,0.29,389.0,0.21,385.0,0.3,2244.0,0.2,357.97,0.31,458.49,0.73,436.5,0.76,15.0,0.72,427.92,0.77,209.47,0.71,389.0,0.78,425.0,0.7,2244.0,0.79,395.0,0.69,458.49,0.8,357.97
2026-01-07 11:33:06.665000+00:00,2026-01-07 11:33:04.283541+00:00,186.665,0.255,0.25,0.26,0.745,0.74,0.75,35.0,155.4,155.4,35.0,0.24,35.0,0.27,436.5,0.23,199.47,0.28,427.92,0.22,415.0,0.29,389.0,0.21,416.9,0.3,2244.0,0.2,333.97,0.31,458.49,0.73,436.5,0.76,35.0,0.72,427.92,0.77,199.47,0.71,389.0,0.78,415.0,0.7,2244.0,0.79,416.9,0.69,458.49,0.8,333.97
2026-01-07 11:33:07.619000+00:00,2026-01-07 11:33:05.275320+00:00,187.619,0.255,0.25,0.26,0.745,0.74,0.75,35.0,155.4,155.4,35.0,0.24,35.0,0.27,436.5,0.23,269.47,0.28,427.92,0.22,264.0,0.29,459.0,0.21,373.0,0.3,2314.0,0.2,345.47,0.31,528.49,0.73,885.5,0.76,35.0,0.72,427.92,0.77,269.47,0.71,459.0,0.78,264.0,0.7,2314.0,0.79,373.0,0.69,528.49,0.8,345.47
2026-01-07 11:33:08.699000+00:00,2026-01-07 11:33:06.281216+00:00,188.699,0.245,0.24,0.25,0.755,0.75,0.76,35.0,145.0,145.0,35.0,0.23,214.47,0.26,247.4,0.22,237.0,0.27,893.0,0.21,395.5,0.28,402.92,0.2,839.47,0.29,484.0,0.19,2044.75,0.3,2314.0,0.74,247.4,0.77,214.47,0.73,893.0,0.78,237.0,0.72,402.92,0.79,395.5,0.71,484.0,0.8,839.47,0.7,2350.0,0.81,367.4
2026-01-07 11:33:09.687000+00:00,2026-01-07 11:33:07.291738+00:00,189.687,0.245,0.24,0.25,0.755,0.75,0.76,35.0,125.0,125.0,20.0,0.23,214.47,0.26,328.4,0.22,237.0,0.27,893.0,0.21,395.5,0.28,402.92,0.2,839.47,0.29,519.0,0.19,336.4,0.3,2314.0,0.74,328.4,0.77,214.47,0.73,893.0,0.78,237.0,0.72,402.92,0.79,395.5,0.71,484.0,0.8,839.47,0.7,2314.0,0.81,367.4
2026-01-07 11:33:10.719000+00:00,2026-01-07 11:33:08.299879+00:00,190.719,0.245,0.24,0.25,0.755,0.75,0.76,20.0,140.0,140.0,20.0,0.23,259.47,0.26,343.4,0.22,212.0,0.27,903.0,0.21,202.5,0.28,402.92,0.2,839.47,0.29,519.0,0.19,337.7,0.3,2314.0,0.74,343.4,0.77,259.47,0.73,903.0,0.78,212.0,0.72,402.92,0.79,202.5,0.71,484.0,0.8,858.97,0.7,2314.0,0.81,337.7
2026-01-07 11:33:11.671000+00:00,2026-01-07 11:33:09.303627+00:00,191.671,0.245,0.24,0.25,0.755,0.75,0.76,18.68,133.0,133.0,18.68,0.23,259.47,0.26,343.4,0.22,212.0,0.27,903.0,0.21,202.5,0.28,402.92,0.2,858.97,0.29,484.0,0.19,337.7,0.3,2314.0,0.74,343.4,0.77,259.47,0.73,903.0,0.78,212.0,0.72,402.92,0.79,202.5,0.71,484.0,0.8,858.97,0.7,2314.0,0.81,337.7
2026-01-07 11:33:12.550000+00:00,2026-01-07 11:33:10.308229+00:00,192.55,0.24,0.23,0.25,0.76,0.75,0.77,284.47,123.0,113.0,284.47,0.22,187.0,0.26,388.4,0.21,202.5,0.27,878.0,0.2,858.97,0.28,497.92,0.19,372.7,0.29,484.0,0.18,432.8,0.3,2314.0,0.74,388.4,0.78,187.0,0.73,878.0,0.79,202.5,0.72,497.92,0.8,858.97,0.71,484.0,0.81,372.7,0.7,2314.0,0.82,432.8
2026-01-07 11:33:13.670000+00:00,2026-01-07 11:33:11.315557+00:00,193.67,0.24,0.23,0.25,0.76,0.75,0.77,284.47,121.0,121.0,284.47,0.22,187.0,0.26,388.4,0.21,202.5,0.27,878.0,0.2,858.97,0.28,497.92,0.19,372.7,0.29,484.0,0.18,432.8,0.3,2314.0,0.74,388.4,0.78,187.0,0.73,878.0,0.79,202.5,0.72,497.92,0.8,827.97,0.71,484.0,0.81,403.7,0.7,2350.0,0.82,432.8
2026-01-07 11:33:14.708000+00:00,2026-01-07 11:33:12.337885+00:00,194.708,0.255,0.25,0.26,0.745,0.74,0.75,24.0,393.4,458.4,4.0,0.24,25.0,0.27,908.0,0.23,279.47,0.28,497.92,0.22,177.0,0.29,484.0,0.21,202.5,0.3,2350.0,0.2,848.97,0.31,542.49,0.73,878.0,0.77,284.47,0.72,497.92,0.78,187.0,0.71,484.0,0.79,202.5,0.7,2350.0,0.8,858.97,0.69,542.49,0.81,372.7
2026-01-07 11:33:15.730000+00:00,2026-01-07 11:33:13.341824+00:00,195.73,0.255,0.25,0.26,0.745,0.74,0.75,4.0,537.4,537.4,4.0,0.22,242.0,0.27,489.0,0.21,187.5,0.28,532.92,0.2,827.97,0.29,484.0,0.19,382.7,0.3,2314.0,0.18,447.8,0.31,542.49,0.73,489.0,0.78,242.0,0.72,532.92,0.79,187.5,0.71,484.0,0.8,644.97,0.7,2314.0,0.81,382.7,0.69,542.49,0.82,326.8
2026-01-07 11:33:16.763000+00:00,2026-01-07 11:33:14.349410+00:00,196.763,0.22999999999999998,0.22,0.24,0.77,0.76,0.78,232.0,103.0,103.0,232.0,0.21,185.0,0.25,281.5,0.2,664.97,0.26,414.4,0.19,382.7,0.27,514.0,0.18,326.8,0.28,497.92,0.17,2121.59,0.29,484.0,0.75,286.5,0.79,185.0,0.74,414.4,0.8,664.97,0.73,548.0,0.81,382.7,0.72,497.92,0.82,326.8,0.71,484.0,0.83,2121.59
2026-01-07 11:33:17.819000+00:00,2026-01-07 11:33:15.368768+00:00,197.819,0.21000000000000002,0.2,0.22,0.795,0.79,0.8,112.83,132.0,122.0,434.47,0.19,157.5,0.23,968.0,0.18,85.0,0.24,589.0,0.17,1782.59,0.25,435.0,0.16,74.69,0.26,478.4,0.15,936.61,0.27,478.0,0.78,262.0,0.81,113.33,0.77,863.0,0.82,85.0,0.76,464.0,0.83,1791.39,0.75,365.0,0.84,74.69,0.74,409.4,0.85,936.61
2026-01-07 11:33:18.674000+00:00,2026-01-07 11:33:16.357180+00:00,198.674,0.20500000000000002,0.2,0.21,0.795,0.79,0.8,437.47,183.0,183.0,437.47,0.19,128.33,0.22,343.0,0.18,85.0,0.23,838.0,0.17,1791.39,0.24,464.0,0.16,44.69,0.25,378.0,0.15,936.61,0.26,409.4,0.78,343.0,0.81,128.33,0.77,838.0,0.82,85.0,0.76,497.0,0.83,1791.39,0.75,345.0,0.84,44.69,0.74,409.4,0.85,936.61
2026-01-07 11:33:19.773000+00:00,2026-01-07 11:33:17.364033+00:00,199.773,0.20500000000000002,0.2,0.21,0.795,0.79,0.8,315.0,193.0,208.0,315.0,0.19,130.51,0.22,248.0,0.18,95.0,0.23,825.5,0.17,1756.39,0.24,437.0,0.16,19.69,0.25,300.0,0.15,901.61,0.26,409.4,0.78,248.0,0.81,130.51,0.77,825.5,0.82,95.0,0.76,437.0,0.83,1747.59,0.75,300.0,0.84,19.69,0.74,409.4,0.85,901.61
2026-01-07 11:33:20.805000+00:00,2026-01-07 11:33:18.386421+00:00,200.805,0.20500000000000002,0.2,0.21,0.795,0.79,0.8,475.0,120.0,120.0,475.0,0.19,80.83,0.22,294.05,0.18,210.0,0.23,867.5,0.17,1872.59,0.24,404.0,0.16,154.69,0.25,454.0,0.15,901.61,0.26,479.4,0.78,294.05,0.81,80.83,0.77,835.5,0.82,210.0,0.76,437.0,0.83,1872.59,0.75,454.0,0.84,154.69,0.74,479.4,0.85,901.61
2026-01-07 11:33:21.787000+00:00,2026-01-07 11:33:19.391946+00:00,201.787,0.20500000000000002,0.2,0.21,0.795,0.79,0.8,480.0,20.0,20.0,480.0,0.19,170.83,0.22,186.05,0.18,413.0,0.23,213.5,0.17,2065.59,0.24,437.0,0.16,297.69,0.25,405.0,0.15,464.71,0.26,479.4,0.78,186.05,0.81,170.83,0.77,213.5,0.82,413.0,0.76,437.0,0.83,2065.59,0.75,405.0,0.84,297.69,0.74,479.4,0.85,464.71
2026-01-07 11:33:22.816000+00:00,2026-01-07 11:33:20.397720+00:00,202.816,0.20500000000000002,0.2,0.21,0.795,0.79,0.8,405.0,70.0,70.0,399.96,0.19,200.51,0.22,141.05,0.18,413.0,0.23,228.5,0.17,2046.4,0.24,412.0,0.16,297.69,0.25,405.0,0.15,464.71,0.26,479.4,0.78,141.05,0.81,200.51,0.77,228.5,0.82,413.0,0.76,412.0,0.83,2046.4,0.75,405.0,0.84,297.69,0.74,479.4,0.85,464.71
2026-01-07 11:33:23.838000+00:00,2026-01-07 11:33:21.421479+00:00,203.838,0.20500000000000002,0.2,0.21,0.795,0.79,0.8,344.96,175.0,175.0,344.96,0.19,215.51,0.22,95.0,0.18,413.0,0.23,260.5,0.17,2046.4,0.24,449.0,0.16,327.69,0.25,405.0,0.15,344.01,0.26,479.4,0.78,95.0,0.81,215.51,0.77,260.5,0.82,413.0,0.76,449.0,0.83,2046.4,0.75,405.0,0.84,327.69,0.74,479.4,0.85,344.01
2026-01-07 11:33:24.812000+00:00,2026-01-07 11:33:22.424181+00:00,204.812,0.20500000000000002,0.2,0.21,0.795,0.79,0.8,344.96,185.0,175.0,344.96,0.19,215.51,0.22,142.0,0.18,413.0,0.23,228.5,0.17,2056.4,0.24,449.0,0.16,307.69,0.25,405.0,0.15,344.01,0.26,479.4,0.78,142.0,0.81,215.51,0.77,228.5,0.82,423.0,0.76,449.0,0.83,2056.4,0.75,405.0,0.84,307.69,0.74,479.4,0.85,344.01
2026-01-07 11:33:25.823000+00:00,2026-01-07 11:33:23.433811+00:00,205.823,0.20500000000000002,0.2,0.21,0.795,0.79,0.8,305.3,644.0,644.0,305.3,0.19,204.68,0.22,160.0,0.18,278.0,0.23,253.0,0.17,2068.9,0.24,474.0,0.16,307.69,0.25,415.0,0.15,379.01,0.26,444.4,0.78,160.0,0.81,204.68,0.77,253.0,0.82,268.0,0.76,474.0,0.83,2068.9,0.75,415.0,0.84,317.69,0.74,444.4,0.85,379.01
2026-01-07 11:33:26.852000+00:00,2026-01-07 11:33:24.439914+00:00,206.852,0.20500000000000002,0.2,0.21,0.795,0.79,0.8,305.3,802.5,829.5,305.3,0.19,20.0,0.22,318.0,0.18,273.0,0.23,413.0,0.17,2001.4,0.24,474.0,0.16,252.69,0.25,415.0,0.15,339.01,0.26,444.4,0.78,318.0,0.81,20.0,0.77,413.0,0.82,318.0,0.76,474.0,0.83,2001.4,0.75,415.0,0.84,262.69,0.74,444.4,0.85,339.01
2026-01-07 11:33:27.867000+00:00,2026-01-07 11:33:25.448858+00:00,207.867,0.20500000000000002,0.2,0.21,0.795,0.79,0.8,295.3,510.5,603.5,310.3,0.19,15.0,0.22,449.0,0.17,1708.4,0.23,474.0,0.15,285.12,0.24,474.0,0.14,340.09,0.25,415.0,0.13,330.58,0.26,444.4,0.78,449.0,0.81,15.0,0.77,474.0,0.83,1708.4,0.76,474.0,0.85,171.8,0.75,415.0,0.86,320.09,0.74,444.4,0.87,304.08
2026-01-07 11:33:28.829000+00:00,2026-01-07 11:33:26.454457+00:00,208.829,0.175,0.17,0.18,0.825,0.82,0.83,1397.83,312.0,312.0,1397.83,0.16,145.0,0.19,237.0,0.15,212.12,0.2,314.5,0.14,317.59,0.21,464.0,0.13,330.58,0.22,404.0,0.12,253.05,0.23,369.0,0.81,237.0,0.84,145.0,0.8,314.5,0.85,212.12,0.79,464.0,0.86,317.59,0.78,404.0,0.87,330.58,0.77,369.0,0.88,253.05
2026-01-07 11:33:29.874000+00:00,2026-01-07 11:33:27.463799+00:00,209.874,0.175,0.17,0.18,0.825,0.82,0.83,1495.94,469.0,469.0,1495.94,0.16,142.5,0.19,252.0,0.15,350.12,0.2,216.0,0.14,382.59,0.21,504.0,0.13,400.58,0.22,404.0,0.12,403.05,0.23,479.0,0.81,252.0,0.84,142.5,0.8,231.0,0.85,430.12,0.79,479.0,0.86,382.59,0.78,404.0,0.87,400.58,0.77,528.0,0.88,323.05
2026-01-07 11:33:30.843000+00:00,2026-01-07 11:33:28.469275+00:00,210.843,0.175,0.17,0.18,0.825,0.82,0.83,1555.94,469.0,469.0,1560.94,0.16,200.0,0.19,252.0,0.15,440.12,0.2,278.5,0.14,403.39,0.21,281.0,0.13,400.58,0.22,404.0,0.12,323.05,0.23,528.0,0.81,252.0,0.84,200.0,0.8,278.5,0.85,440.12,0.79,281.0,0.86,403.39,0.78,404.0,0.87,400.58,0.77,528.0,0.88,323.05
2026-01-07 11:33:31.891000+00:00,2026-01-07 11:33:29.475412+00:00,211.891,0.175,0.17,0.18,0.825,0.82,0.83,1560.94,449.0,469.0,1505.94,0.16,200.0,0.19,262.0,0.15,440.12,0.2,253.5,0.14,403.39,0.21,271.0,0.13,400.58,0.22,404.0,0.12,323.05,0.23,528.0,0.81,327.0,0.84,220.0,0.8,213.5,0.85,450.12,0.79,271.0,0.86,413.39,0.78,404.0,0.87,400.58,0.77,528.0,0.88,323.05
2026-01-07 11:33:32.900000+00:00,2026-01-07 11:33:30.484757+00:00,212.9,0.175,0.17,0.18,0.825,0.82,0.83,1335.07,689.0,674.0,1335.07,0.16,130.0,0.19,291.0,0.15,172.12,0.2,291.0,0.14,500.89,0.21,573.0,0.13,430.58,0.22,474.0,0.12,323.05,0.23,514.0,0.81,291.0,0.84,130.0,0.8,291.0,0.85,172.12,0.79,573.0,0.86,500.89,0.78,474.0,0.87,430.58,0.77,514.0,0.88,323.05
2026-01-07 11:33:33.907000+00:00,2026-01-07 11:33:31.493498+00:00,213.907,0.175,0.17,0.18,0.825,0.82,0.83,1235.61,755.0,755.0,1250.61,0.16,139.68,0.19,466.5,0.15,137.12,0.2,474.0,0.14,372.59,0.21,573.0,0.13,324.08,0.22,474.0,0.12,333.05,0.23,514.0,0.81,466.5,0.84,139.68,0.8,474.0,0.85,137.12,0.79,573.0,0.86,372.59,0.78,474.0,0.87,324.08,0.77,514.0,0.88,333.05
2026-01-07 11:33:34.800000+00:00,2026-01-07 11:33:32.499799+00:00,214.8,0.175,0.17,0.18,0.825,0.82,0.83,1095.51,770.0,770.0,1095.51,0.15,202.12,0.19,213.5,0.14,382.59,0.2,474.0,0.13,324.08,0.21,524.0,0.12,253.05,0.22,474.0,0.11,416.02,0.23,514.0,0.81,213.5,0.85,202.12,0.8,474.0,0.86,382.59,0.79,524.0,0.87,324.08,0.78,474.0,0.88,253.05,0.77,514.0,0.89,416.02
2026-01-07 11:33:35.843000+00:00,2026-01-07 11:33:33.507456+00:00,215.843,0.175,0.17,0.18,0.825,0.82,0.83,1006.06,608.88,573.32,1006.06,0.16,15.0,0.19,254.5,0.15,297.12,0.2,484.0,0.14,512.59,0.21,524.0,0.13,384.08,0.22,474.0,0.12,323.05,0.23,514.0,0.81,264.5,0.84,15.0,0.8,484.0,0.85,297.12,0.79,524.0,0.86,512.59,0.78,474.0,0.87,364.08,0.77,514.0,0.88,323.05
2026-01-07 11:33:36.939000+00:00,2026-01-07 11:33:34.515940+00:00,216.939,0.175,0.17,0.18,0.825,0.82,0.83,1052.47,568.32,598.32,1042.47,0.16,284.68,0.19,273.5,0.15,227.12,0.2,484.0,0.14,442.59,0.21,573.0,0.13,364.08,0.22,474.0,0.12,323.05,0.23,514.0,0.81,273.5,0.84,294.68,0.8,484.0,0.85,227.12,0.79,573.0,0.86,432.59,0.78,474.0,0.87,364.08,0.77,514.0,0.88,323.05
2026-01-07 11:33:37.927000+00:00,2026-01-07 11:33:35.523580+00:00,217.927,0.175,0.17,0.18,0.825,0.82,0.83,937.39,593.32,588.32,937.39,0.16,294.68,0.19,263.5,0.15,217.12,0.2,484.0,0.14,442.59,0.21,583.0,0.13,364.08,0.22,474.0,0.12,323.05,0.23,514.0,0.81,253.5,0.84,294.68,0.8,484.0,0.85,207.12,0.79,583.0,0.86,442.59,0.78,474.0,0.87,364.08,0.77,514.0,0.88,323.05
2026-01-07 11:33:38.874000+00:00,2026-01-07 11:33:36.524959+00:00,218.874,0.175,0.17,0.18,0.825,0.82,0.83,1093.78,181.48,181.48,1113.78,0.16,200.0,0.19,131.0,0.15,390.12,0.2,221.0,0.14,382.59,0.21,461.5,0.13,400.58,0.22,454.0,0.12,364.05,0.23,546.0,0.81,131.0,0.84,220.0,0.8,221.0,0.85,390.12,0.79,476.5,0.86,382.59,0.78,464.0,0.87,400.58,0.77,546.0,0.88,364.05
2026-01-07 11:33:39.918000+00:00,2026-01-07 11:33:37.529464+00:00,219.918,0.175,0.17,0.18,0.825,0.82,0.83,1081.99,172.14,172.14,1081.99,0.16,310.0,0.19,131.0,0.15,400.31,0.2,221.0,0.14,393.39,0.21,536.5,0.13,400.58,0.22,414.0,0.12,364.05,0.23,546.0,0.81,131.0,0.84,310.0,0.8,221.0,0.85,400.31,0.79,536.5,0.86,393.39,0.78,414.0,0.87,400.58,0.77,546.0,0.88,364.05
2026-01-07 11:33:40.941000+00:00,2026-01-07 11:33:38.535357+00:00,220.941,0.175,0.17,0.18,0.825,0.82,0.83,1086.99,448.19,448.19,1086.99,0.16,310.0,0.19,166.0,0.15,430.31,0.2,221.0,0.14,393.39,0.21,511.5,0.13,429.58,0.22,404.0,0.12,335.05,0.23,479.0,0.81,166.0,0.84,310.0,0.8,221.0,0.85,430.31,0.79,511.5,0.86,393.39,0.78,404.0,0.87,429.58,0.77,479.0,0.88,335.05
2026-01-07 11:33:41.944000+00:00,2026-01-07 11:33:39.539297+00:00,221.944,0.175,0.17,0.18,0.825,0.82,0.83,1060.78,438.19,438.19,1065.78,0.16,290.0,0.19,166.0,0.15,440.31,0.2,261.0,0.14,393.39,0.21,471.5,0.13,400.58,0.22,506.0,0.12,335.05,0.23,549.0,0.81,186.0,0.84,290.0,0.8,251.0,0.85,450.31,0.79,471.5,0.86,403.39,0.78,506.0,0.87,400.58,0.77,549.0,0.88,335.05
2026-01-07 11:33:42.946000+00:00,2026-01-07 11:33:40.558723+00:00,222.946,0.175,0.17,0.18,0.825,0.82,0.83,1065.78,438.19,438.19,1062.21,0.16,290.0,0.19,251.0,0.15,450.31,0.2,251.0,0.14,403.39,0.21,461.5,0.13,400.58,0.22,506.0,0.12,323.05,0.23,549.0,0.81,251.0,0.84,290.0,0.8,231.0,0.85,420.31,0.79,461.5,0.86,393.39,0.78,506.0,0.87,400.58,0.77,549.0,0.88,323.05
2026-01-07 11:33:43.767000+00:00,2026-01-07 11:33:41.567076+00:00,223.767,0.175,0.17,0.18,0.825,0.82,0.83,1062.21,448.85,448.85,1062.21,0.16,280.0,0.19,306.0,0.15,430.31,0.2,196.0,0.14,433.39,0.21,493.5,0.13,859.58,0.22,474.0,0.12,323.05,0.23,549.0,0.81,306.0,0.84,280.0,0.8,196.0,0.85,430.31,0.79,493.5,0.86,433.39,0.78,474.0,0.87,859.58,0.77,549.0,0.88,323.05
2026-01-07 11:33:44.783000+00:00,2026-01-07 11:33:42.587391+00:00,224.783,0.175,0.17,0.18,0.825,0.82,0.83,1050.18,425.4,425.4,1050.18,0.16,280.0,0.19,306.0,0.15,430.31,0.2,196.0,0.14,433.39,0.21,493.5,0.13,859.58,0.22,474.0,0.12,323.05,0.23,549.0,0.81,306.0,0.84,245.0,0.8,196.0,0.85,420.31,0.79,563.5,0.86,433.39,0.78,474.0,0.87,859.58,0.77,549.0,0.88,288.05
2026-01-07 11:33:46.914000+00:00,2026-01-07 11:33:44.614481+00:00,226.914,0.175,0.17,0.18,0.825,0.82,0.83,1080.18,505.37,495.37,1080.18,0.16,230.0,0.19,186.0,0.15,437.62,0.2,267.0,0.14,423.39,0.21,499.0,0.13,889.58,0.22,474.0,0.12,298.05,0.23,549.0,0.81,186.0,0.84,230.0,0.8,267.0,0.85,437.62,0.79,499.0,0.86,413.39,0.78,474.0,0.87,889.58,0.77,549.0,0.88,288.05
2026-01-07 11:33:48.066000+00:00,2026-01-07 11:33:45.634115+00:00,228.066,0.175,0.17,0.18,0.825,0.82,0.83,1080.18,420.37,420.37,1085.18,0.16,225.0,0.19,251.0,0.15,457.62,0.2,267.0,0.14,423.39,0.21,499.0,0.13,859.58,0.22,474.0,0.12,288.05,0.23,549.0,0.81,271.0,0.84,225.0,0.8,267.0,0.85,467.62,0.79,499.0,0.86,433.39,0.78,474.0,0.87,859.58,0.77,549.0,0.88,288.05
2026-01-07 11:33:49.046000+00:00,2026-01-07 11:33:46.639314+00:00,229.046,0.175,0.17,0.18,0.825,0.82,0.83,1120.18,420.37,420.37,1080.18,0.16,285.0,0.19,186.0,0.15,455.12,0.2,306.0,0.14,403.39,0.21,538.5,0.13,849.58,0.22,474.0,0.12,288.05,0.23,549.0,0.81,186.0,0.84,285.0,0.8,306.0,0.85,455.12,0.79,506.5,0.86,403.39,0.78,506.0,0.87,849.58,0.77,549.0,0.88,288.05
2026-01-07 11:33:50.059000+00:00,2026-01-07 11:33:47.645720+00:00,230.059,0.175,0.17,0.18,0.825,0.82,0.83,1085.18,420.37,420.37,1085.18,0.16,265.0,0.19,201.0,0.15,475.12,0.2,291.0,0.14,403.39,0.21,506.5,0.13,849.58,0.22,474.0,0.12,288.05,0.23,549.0,0.81,201.0,0.84,265.0,0.8,291.0,0.85,475.12,0.79,538.5,0.86,403.39,0.78,474.0,0.87,849.58,0.77,549.0,0.88,288.05
2026-01-07 11:33:51.798000+00:00,2026-01-07 11:33:49.665846+00:00,231.798,0.175,0.17,0.18,0.825,0.82,0.83,1115.18,444.45,444.45,1108.18,0.16,265.0,0.19,136.0,0.15,475.12,0.2,236.0,0.14,403.39,0.21,551.5,0.13,857.38,0.22,449.0,0.12,316.05,0.23,581.0,0.81,136.0,0.84,265.0,0.8,236.0,0.85,475.12,0.79,583.5,0.86,403.39,0.78,449.0,0.87,857.38,0.77,549.0,0.88,288.05
2026-01-07 11:33:52.881000+00:00,2026-01-07 11:33:50.670241+00:00,232.881,0.175,0.17,0.18,0.825,0.82,0.83,1094.18,444.45,444.45,1094.18,0.16,255.0,0.19,271.0,0.15,455.12,0.2,186.0,0.14,423.39,0.21,563.5,0.13,867.38,0.22,449.0,0.12,288.05,0.23,549.0,0.81,271.0,0.84,255.0,0.8,186.0,0.85,455.12,0.79,563.5,0.86,423.39,0.78,449.0,0.87,867.38,0.77,549.0,0.88,288.05
2026-01-07 11:33:54.097000+00:00,2026-01-07 11:33:51.677875+00:00,234.097,0.175,0.17,0.18,0.825,0.82,0.83,1094.18,444.45,444.45,1094.18,0.16,255.0,0.19,271.0,0.15,455.12,0.2,186.0,0.14,423.39,0.21,531.5,0.13,867.38,0.22,481.0,0.12,288.05,0.23,549.0,0.81,271.0,0.84,255.0,0.8,186.0,0.85,455.12,0.79,531.5,0.86,423.39,0.78,481.0,0.87,867.38,0.77,549.0,0.88,288.05
2026-01-07 11:33:55.086000+00:00,2026-01-07 11:33:52.686401+00:00,235.086,0.175,0.17,0.18,0.825,0.82,0.83,1107.51,444.45,444.45,1107.51,0.16,255.0,0.19,271.0,0.15,455.12,0.2,186.0,0.14,423.39,0.21,531.5,0.13,857.38,0.22,449.0,0.12,316.05,0.23,581.0,0.81,271.0,0.84,255.0,0.8,186.0,0.85,455.12,0.79,531.5,0.86,433.39,0.78,449.0,0.87,857.38,0.77,581.0,0.88,316.05
2026-01-07 11:33:56.119000+00:00,2026-01-07 11:33:53.694285+00:00,236.119,0.175,0.17,0.18,0.825,0.82,0.83,1132.51,383.87,383.87,1132.51,0.16,255.0,0.19,206.0,0.15,455.12,0.2,186.0,0.14,433.39,0.21,546.5,0.13,857.38,0.22,449.0,0.12,288.05,0.23,549.0,0.81,206.0,0.84,255.0,0.8,186.0,0.85,455.12,0.79,546.5,0.86,433.39,0.78,449.0,0.87,886.38,0.77,549.0,0.88,288.05
2026-01-07 11:33:57.121000+00:00,2026-01-07 11:33:54.698200+00:00,237.121,0.175,0.17,0.18,0.825,0.82,0.83,1320.71,44.08,24.08,1297.01,0.16,846.0,0.2,121.0,0.15,354.12,0.21,354.0,0.14,393.39,0.22,379.0,0.13,521.58,0.23,444.0,0.12,409.05,0.24,416.5,0.8,121.0,0.84,347.0,0.79,354.0,0.85,354.12,0.78,304.0,0.86,514.39,0.77,893.0,0.87,521.58,0.76,439.0,0.88,409.05
2026-01-07 11:33:58.127000+00:00,2026-01-07 11:33:55.704588+00:00,238.127,0.20500000000000002,0.2,0.21,0.795,0.79,0.8,439.1,30.0,45.0,419.1,0.19,413.0,0.24,206.0,0.18,484.0,0.25,321.0,0.17,1195.51,0.26,925.44,0.16,483.69,0.27,409.0,0.15,511.31,0.28,427.92,0.76,246.0,0.81,433.0,0.75,321.0,0.82,414.0,0.74,877.94,0.83,1115.51,0.73,409.0,0.84,483.69,0.72,427.92,0.85,511.31
2026-01-07 11:33:59.121000+00:00,2026-01-07 11:33:56.708404+00:00,239.121,0.235,0.23,0.24,0.765,0.76,0.77,32.84,134.57,134.57,64.84,0.22,120.0,0.25,336.0,0.21,283.0,0.26,680.4,0.2,347.9,0.27,409.0,0.19,378.0,0.28,427.92,0.18,307.8,0.29,389.0,0.75,326.0,0.78,120.0,0.74,680.4,0.79,283.0,0.73,409.0,0.8,347.9,0.72,427.92,0.81,378.0,0.71,389.0,0.82,307.8
2026-01-07 11:34:00.146000+00:00,2026-01-07 11:33:57.727832+00:00,240.146,0.235,0.23,0.24,0.765,0.76,0.77,156.8,74.57,54.57,152.02,0.22,87.5,0.25,216.0,0.21,283.0,0.26,735.4,0.2,341.0,0.27,431.47,0.19,386.4,0.28,427.92,0.18,327.8,0.29,389.0,0.75,216.0,0.78,87.5,0.74,735.4,0.79,283.0,0.73,431.47,0.8,341.0,0.72,427.92,0.81,396.4,0.71,389.0,0.82,317.8
2026-01-07 11:34:01.150000+00:00,2026-01-07 11:33:58.733292+00:00,241.15,0.245,0.24,0.25,0.75,0.74,0.76,197.5,100.18,529.4,207.5,0.23,239.0,0.26,660.4,0.22,232.0,0.27,414.0,0.21,812.0,0.28,427.92,0.2,421.0,0.29,506.47,0.19,311.4,0.3,2289.0,0.73,326.0,0.77,300.0,0.72,264.92,0.78,252.0,0.71,506.47,0.79,829.8,0.7,2289.0,0.8,421.0,0.69,498.49,0.81,276.4
2026-01-07 11:34:02.151000+00:00,2026-01-07 11:33:59.737312+00:00,242.151,0.255,0.25,0.26,0.745,0.74,0.75,15.0,660.4,660.4,15.0,0.24,195.0,0.27,261.0,0.23,368.0,0.28,457.92,0.22,365.6,0.29,484.0,0.21,829.8,0.3,2289.0,0.2,406.0,0.31,498.49,0.73,261.0,0.76,195.0,0.72,492.92,0.77,368.0,0.71,459.0,0.78,407.6,0.7,2314.0,0.79,839.8,0.69,498.49,0.8,386.0
2026-01-07 11:34:03.133000+00:00,2026-01-07 11:34:00.743676+00:00,243.133,0.255,0.25,0.26,0.745,0.74,0.75,12.4,670.4,635.4,107.4,0.24,195.0,0.27,261.0,0.23,368.0,0.28,492.92,0.22,365.6,0.29,459.0,0.21,839.8,0.3,2314.0,0.2,396.0,0.31,498.49,0.73,281.0,0.76,155.0,0.72,457.92,0.77,400.0,0.71,449.0,0.78,365.6,0.7,2314.0,0.79,809.8,0.69,498.49,0.8,386.0
2026-01-07 11:34:04.058000+00:00,2026-01-07 11:34:01.748065+00:00,244.058,0.255,0.25,0.26,0.74,0.73,0.75,160.4,121.0,326.0,179.4,0.24,304.5,0.27,316.0,0.23,353.0,0.28,447.92,0.22,380.6,0.29,436.47,0.21,370.8,0.3,2219.0,0.2,386.0,0.31,498.49,0.72,274.92,0.76,294.5,0.71,436.47,0.77,353.0,0.7,2219.0,0.78,380.6,0.69,498.49,0.79,370.8,0.68,533.0,0.8,386.0
2026-01-07 11:34:05.173000+00:00,2026-01-07 11:34:02.754480+00:00,245.173,0.265,0.26,0.27,0.735,0.73,0.74,35.0,226.0,246.0,35.0,0.25,214.0,0.28,274.92,0.24,401.0,0.29,414.0,0.23,388.0,0.3,2219.0,0.22,360.6,0.31,498.49,0.21,335.8,0.32,533.0,0.72,274.92,0.75,214.0,0.71,414.0,0.76,391.0,0.7,2219.0,0.77,398.0,0.69,498.49,0.78,360.6,0.68,533.0,0.79,335.8
2026-01-07 11:34:06.183000+00:00,2026-01-07 11:34:03.764381+00:00,246.183,0.255,0.25,0.26,0.745,0.74,0.75,89.0,246.0,246.0,9.0,0.24,210.0,0.27,303.47,0.23,365.0,0.28,437.92,0.22,408.1,0.29,414.0,0.21,774.8,0.3,2244.0,0.2,386.0,0.31,498.49,0.73,241.0,0.76,210.0,0.72,452.92,0.77,390.0,0.71,414.0,0.78,390.6,0.7,2244.0,0.79,809.8,0.69,498.49,0.8,421.0
2026-01-07 11:34:07.177000+00:00,2026-01-07 11:34:04.770197+00:00,247.177,0.255,0.25,0.26,0.745,0.74,0.75,9.0,241.0,256.0,9.0,0.24,305.0,0.27,271.0,0.23,212.0,0.28,467.92,0.22,370.6,0.29,414.0,0.21,819.8,0.3,2363.0,0.2,406.1,0.31,498.49,0.73,271.0,0.76,305.0,0.72,467.92,0.77,212.0,0.71,414.0,0.78,370.6,0.7,2363.0,0.79,819.8,0.69,498.49,0.8,406.1
2026-01-07 11:34:08.193000+00:00,2026-01-07 11:34:05.793421+00:00,248.193,0.255,0.25,0.26,0.745,0.74,0.75,89.0,181.0,181.0,69.34,0.24,235.0,0.27,286.0,0.23,212.0,0.28,497.92,0.22,363.0,0.29,414.0,0.21,819.8,0.3,2363.0,0.2,396.1,0.31,498.49,0.73,286.0,0.76,235.0,0.72,497.92,0.77,212.0,0.71,414.0,0.78,363.0,0.7,2363.0,0.79,819.8,0.69,498.49,0.8,396.1
2026-01-07 11:34:09.181000+00:00,2026-01-07 11:34:06.800002+00:00,249.181,0.255,0.25,0.26,0.745,0.74,0.75,163.0,66.76,66.76,163.0,0.24,190.0,0.27,261.0,0.23,160.0,0.28,472.92,0.22,353.0,0.29,508.97,0.21,809.8,0.3,2363.0,0.2,406.1,0.31,498.49,0.73,261.0,0.76,190.0,0.72,507.92,0.77,170.0,0.71,528.97,0.78,363.0,0.7,2363.0,0.79,809.8,0.69,498.49,0.8,406.1
2026-01-07 11:34:10.173000+00:00,2026-01-07 11:34:07.823112+00:00,250.173,0.245,0.24,0.25,0.755,0.75,0.76,220.0,45.0,45.0,220.0,0.23,207.0,0.26,191.76,0.22,373.0,0.27,690.0,0.21,809.8,0.28,477.92,0.2,406.1,0.29,484.0,0.19,316.4,0.3,2363.0,0.74,191.76,0.77,207.0,0.73,690.0,0.78,373.0,0.72,477.92,0.79,809.8,0.71,484.0,0.8,406.1,0.7,2363.0,0.81,316.4
2026-01-07 11:34:11.259000+00:00,2026-01-07 11:34:08.829057+00:00,251.259,0.245,0.24,0.25,0.755,0.75,0.76,211.06,25.0,25.0,170.69,0.23,207.0,0.26,226.76,0.22,373.0,0.27,655.0,0.21,809.8,0.28,502.92,0.2,406.1,0.29,533.0,0.19,316.4,0.3,2314.0,0.74,226.76,0.77,200.0,0.73,655.0,0.78,348.0,0.72,502.92,0.79,809.8,0.71,533.0,0.8,406.1,0.7,2314.0,0.81,351.4
2026-01-07 11:34:12.776000+00:00,2026-01-07 11:34:10.843268+00:00,252.776,0.245,0.24,0.25,0.755,0.75,0.76,212.77,20.0,20.0,212.77,0.23,205.0,0.26,158.51,0.22,328.0,0.27,695.0,0.21,819.8,0.28,502.92,0.2,406.1,0.29,533.0,0.19,321.4,0.3,2314.0,0.74,148.51,0.77,205.0,0.73,685.0,0.78,328.0,0.72,502.92,0.79,819.8,0.71,533.0,0.8,406.1,0.7,2314.0,0.81,321.4
2026-01-07 11:34:14.239000+00:00,2026-01-07 11:34:11.833159+00:00,254.239,0.26,0.25,0.27,0.74,0.73,0.75,135.5,720.0,730.0,135.5,0.24,174.77,0.28,294.92,0.23,190.0,0.29,533.0,0.22,353.0,0.3,2314.0,0.21,809.8,0.31,498.49,0.2,396.1,0.32,449.0,0.72,294.92,0.76,169.77,0.71,533.0,0.77,190.0,0.7,2314.0,0.78,373.0,0.69,498.49,0.79,819.8,0.68,449.0,0.8,396.1
2026-01-07 11:34:15.268000+00:00,2026-01-07 11:34:12.856258+00:00,255.268,0.255,0.25,0.26,0.745,0.74,0.75,142.06,11.75,11.75,140.59,0.24,169.77,0.27,730.0,0.23,190.0,0.28,294.92,0.22,373.0,0.29,533.0,0.21,819.8,0.3,2314.0,0.2,396.1,0.31,498.49,0.73,730.0,0.76,169.77,0.72,294.92,0.77,190.0,0.71,484.0,0.78,373.0,0.7,2363.0,0.79,819.8,0.69,498.49,0.8,396.1
2026-01-07 11:34:16.176000+00:00,2026-01-07 11:34:13.865849+00:00,256.176,0.255,0.25,0.26,0.745,0.74,0.75,135.15,11.75,36.75,130.15,0.24,169.77,0.27,745.12,0.23,190.0,0.28,294.92,0.22,373.0,0.29,533.0,0.21,819.8,0.3,2314.0,0.2,396.1,0.31,498.49,0.73,745.12,0.76,169.77,0.72,294.92,0.77,190.0,0.71,533.0,0.78,363.0,0.7,2314.0,0.79,819.8,0.69,498.49,0.8,396.1
2026-01-07 11:34:17.209000+00:00,2026-01-07 11:34:14.872969+00:00,257.209,0.255,0.25,0.26,0.745,0.74,0.75,138.0,61.75,61.75,136.49,0.24,164.77,0.27,740.12,0.23,190.0,0.28,294.92,0.22,373.0,0.29,533.0,0.21,829.8,0.3,2314.0,0.2,396.1,0.31,498.49,0.73,740.12,0.76,164.77,0.72,294.92,0.77,190.0,0.71,533.0,0.78,373.0,0.7,2314.0,0.79,829.8,0.69,498.49,0.8,396.1
2026-01-07 11:34:18.262000+00:00,2026-01-07 11:34:15.878533+00:00,258.262,0.255,0.25,0.26,0.745,0.74,0.75,100.97,41.75,31.75,99.72,0.24,197.77,0.27,750.12,0.23,312.0,0.28,304.92,0.22,373.0,0.29,533.0,0.21,829.8,0.3,2314.0,0.2,396.1,0.31,498.49,0.73,750.12,0.76,197.77,0.72,304.92,0.77,302.0,0.71,533.0,0.78,363.0,0.7,2314.0,0.79,819.8,0.69,498.49,0.8,396.1
2026-01-07 11:34:19.431000+00:00,2026-01-07 11:34:16.897961+00:00,259.431,0.255,0.25,0.26,0.755,0.75,0.76,103.0,126.75,70.0,105.0,0.24,20.0,0.27,662.06,0.23,233.0,0.28,284.92,0.22,338.0,0.29,494.0,0.21,789.8,0.3,2363.0,0.2,361.1,0.31,463.49,0.74,419.75,0.77,328.0,0.73,340.03,0.78,348.0,0.72,416.92,0.79,822.0,0.71,533.0,0.8,408.0,0.7,2314.0,0.81,432.4
2026-01-07 11:34:20.231000+00:00,2026-01-07 11:34:17.918954+00:00,260.231,0.255,0.25,0.26,0.745,0.74,0.75,158.0,92.75,11.75,350.0,0.24,247.26,0.27,722.94,0.23,348.0,0.28,410.92,0.22,363.0,0.29,263.47,0.21,802.0,0.3,2363.0,0.2,396.1,0.31,498.49,0.73,127.94,0.76,194.76,0.72,231.0,0.77,363.0,0.71,223.84,0.78,353.0,0.7,2279.0,0.79,474.0,0.69,438.49,0.8,503.9
2026-01-07 11:34:21.354000+00:00,2026-01-07 11:34:18.926105+00:00,261.354,0.295,0.29,0.3,0.705,0.7,0.71,65.0,2238.0,2238.0,115.0,0.28,135.22,0.31,217.33,0.27,231.0,0.32,266.0,0.26,283.0,0.33,293.47,0.25,323.0,0.34,414.0,0.24,350.76,0.35,488.0,0.69,217.33,0.72,191.22,0.68,266.0,0.73,288.0,0.67,293.47,0.74,293.0,0.66,414.0,0.75,323.0,0.65,488.0,0.76,350.76
2026-01-07 11:34:22.336000+00:00,2026-01-07 11:34:19.929261+00:00,262.336,0.295,0.29,0.3,0.705,0.7,0.71,277.0,1768.0,1768.0,277.0,0.28,166.22,0.31,111.73,0.27,313.0,0.32,406.0,0.26,293.0,0.33,228.47,0.25,373.0,0.34,414.0,0.24,436.76,0.35,488.0,0.69,36.73,0.72,166.22,0.68,406.0,0.73,313.0,0.67,228.47,0.74,303.0,0.66,414.0,0.75,373.0,0.65,488.0,0.76,436.76
2026-01-07 11:34:23.332000+00:00,2026-01-07 11:34:20.948805+00:00,263.332,0.295,0.29,0.3,0.715,0.71,0.72,25.0,1918.0,178.84,101.22,0.28,76.22,0.31,144.2,0.27,337.0,0.32,320.0,0.26,298.0,0.33,231.0,0.25,838.9,0.34,231.0,0.24,473.86,0.35,439.0,0.7,1838.0,0.73,278.0,0.69,144.2,0.74,298.0,0.68,320.0,0.75,838.9,0.67,231.0,0.76,528.86,0.66,231.0,0.77,441.3
2026-01-07 11:34:24.302000+00:00,2026-01-07 11:34:21.954326+00:00,264.302,0.28500000000000003,0.28,0.29,0.715,0.71,0.72,104.55,92.84,92.84,104.55,0.27,278.0,0.3,1863.0,0.26,283.0,0.31,170.73,0.25,829.5,0.32,271.0,0.24,508.86,0.33,231.0,0.23,441.3,0.34,231.0,0.7,1863.0,0.73,278.0,0.69,170.73,0.74,283.0,0.68,271.0,0.75,829.5,0.67,231.0,0.76,508.86,0.66,231.0,0.77,441.3
2026-01-07 11:34:25.200000+00:00,2026-01-07 11:34:22.961953+00:00,265.2,0.28500000000000003,0.28,0.29,0.715,0.71,0.72,68.16,92.84,127.84,68.16,0.27,278.0,0.3,1863.0,0.26,387.0,0.31,170.73,0.25,839.5,0.32,271.0,0.24,533.86,0.33,231.0,0.23,421.3,0.34,231.0,0.7,1984.0,0.73,278.0,0.69,291.73,0.74,387.0,0.68,271.0,0.75,839.5,0.67,353.0,0.76,533.86,0.66,353.0,0.77,421.3
2026-01-07 11:34:26.346000+00:00,2026-01-07 11:34:23.970907+00:00,266.346,0.28500000000000003,0.28,0.29,0.715,0.71,0.72,30.75,152.84,152.84,30.75,0.27,129.0,0.3,2004.0,0.26,373.0,0.31,291.73,0.25,844.5,0.32,454.0,0.24,397.86,0.33,414.0,0.23,300.3,0.34,484.0,0.7,2004.0,0.73,129.0,0.69,291.73,0.74,373.0,0.68,454.0,0.75,844.5,0.67,414.0,0.76,397.86,0.66,484.0,0.77,300.3
2026-01-07 11:34:27.353000+00:00,2026-01-07 11:34:24.978776+00:00,267.353,0.28500000000000003,0.28,0.29,0.715,0.71,0.72,28.68,168.87,158.87,28.68,0.27,165.0,0.3,2014.0,0.26,422.0,0.31,740.73,0.25,849.5,0.32,454.0,0.24,407.86,0.33,484.0,0.23,290.3,0.34,484.0,0.7,2014.0,0.73,165.0,0.69,740.73,0.74,488.0,0.68,454.0,0.75,849.5,0.67,484.0,0.76,407.86,0.66,484.0,0.77,290.3
2026-01-07 11:34:28.387000+00:00,2026-01-07 11:34:25.984862+00:00,268.387,0.28,0.27,0.29,0.72,0.71,0.73,222.49,121.0,121.0,222.49,0.26,463.0,0.3,2049.0,0.25,849.5,0.31,715.73,0.24,387.86,0.32,479.0,0.23,325.3,0.33,484.0,0.22,411.6,0.34,484.0,0.7,2049.0,0.74,463.0,0.69,715.73,0.75,849.5,0.68,479.0,0.76,387.86,0.67,484.0,0.77,325.3,0.66,484.0,0.78,411.6
2026-01-07 11:34:29.321000+00:00,2026-01-07 11:34:26.991482+00:00,269.321,0.275,0.27,0.28,0.725,0.72,0.73,222.49,20.0,20.0,222.49,0.26,463.0,0.29,121.0,0.25,849.5,0.3,2049.0,0.24,387.86,0.31,715.73,0.23,345.3,0.32,479.0,0.22,411.6,0.33,484.0,0.71,121.0,0.74,463.0,0.7,2049.0,0.75,849.5,0.69,715.73,0.76,387.86,0.68,479.0,0.77,345.3,0.67,484.0,0.78,411.6
2026-01-07 11:34:30.390000+00:00,2026-01-07 11:34:28.007809+00:00,270.39,0.275,0.27,0.28,0.705,0.7,0.71,172.87,20.0,1889.0,80.0,0.26,468.0,0.3,1924.0,0.25,822.0,0.31,798.49,0.24,357.86,0.32,436.0,0.23,345.3,0.33,494.0,0.22,411.6,0.34,484.0,0.69,788.49,0.72,110.0,0.68,401.0,0.73,131.5,0.67,494.0,0.74,458.0,0.66,449.0,0.75,797.0,0.65,474.0,0.76,357.86
2026-01-07 11:34:31.415000+00:00,2026-01-07 11:34:29.004700+00:00,271.415,0.295,0.29,0.3,0.705,0.7,0.71,872.92,1757.49,1538.99,870.69,0.28,373.0,0.31,14.49,0.27,504.0,0.32,75.0,0.26,539.0,0.33,202.24,0.25,465.9,0.34,321.0,0.24,443.86,0.35,261.0,0.69,14.49,0.72,373.0,0.68,75.0,0.73,504.0,0.67,202.24,0.74,539.0,0.66,222.47,0.75,465.9,0.65,110.0,0.76,443.86
2026-01-07 11:34:32.449000+00:00,2026-01-07 11:34:30.022314+00:00,272.449,0.295,0.29,0.3,0.705,0.7,0.71,195.15,1514.7,1539.7,195.15,0.28,268.0,0.31,312.49,0.27,314.0,0.32,433.0,0.26,979.8,0.33,418.0,0.25,430.9,0.34,418.0,0.24,428.86,0.35,448.0,0.69,736.49,0.72,198.0,0.68,458.0,0.73,218.0,0.67,418.0,0.74,358.0,0.66,418.0,0.75,424.0,0.65,489.0,0.76,433.86
2026-01-07 11:34:33.442000+00:00,2026-01-07 11:34:31.021523+00:00,273.442,0.265,0.26,0.27,0.735,0.73,0.74,135.0,207.0,222.0,135.0,0.25,95.0,0.28,396.82,0.24,546.76,0.29,404.0,0.23,320.9,0.3,1428.49,0.22,265.6,0.31,443.49,0.21,381.8,0.32,549.0,0.72,396.82,0.75,95.0,0.71,404.0,0.76,546.76,0.7,1428.49,0.77,288.9,0.69,443.49,0.78,297.6,0.68,549.0,0.79,381.8
2026-01-07 11:34:34.447000+00:00,2026-01-07 11:34:32.045139+00:00,274.447,0.265,0.26,0.27,0.735,0.73,0.74,129.28,237.0,237.0,129.28,0.25,95.0,0.28,208.82,0.24,561.76,0.29,404.0,0.23,293.9,0.3,1498.49,0.22,265.6,0.31,443.49,0.21,371.8,0.32,549.0,0.72,243.82,0.75,95.0,0.71,379.0,0.76,561.76,0.7,1523.49,0.77,293.9,0.69,443.49,0.78,297.6,0.68,549.0,0.79,371.8
2026-01-07 11:34:35.437000+00:00,2026-01-07 11:34:33.050271+00:00,275.437,0.265,0.26,0.27,0.735,0.73,0.74,81.86,957.97,957.97,71.86,0.25,20.0,0.28,441.82,0.23,105.0,0.29,474.0,0.22,80.0,0.3,1572.49,0.21,297.8,0.31,443.49,0.2,321.1,0.32,551.0,0.72,441.82,0.75,20.0,0.71,474.0,0.77,105.0,0.7,1572.49,0.78,80.0,0.69,443.49,0.79,297.8,0.68,551.0,0.8,321.1
2026-01-07 11:34:36.308000+00:00,2026-01-07 11:34:34.067044+00:00,276.308,0.265,0.26,0.27,0.735,0.73,0.74,68.36,1027.97,1012.97,68.36,0.25,20.0,0.28,441.82,0.24,30.0,0.29,474.0,0.23,110.0,0.3,1572.49,0.22,50.0,0.31,443.49,0.21,307.8,0.32,551.0,0.72,441.82,0.75,20.0,0.71,474.0,0.76,25.0,0.7,1572.49,0.77,110.0,0.69,443.49,0.78,40.0,0.68,551.0,0.79,287.8
2026-01-07 11:34:37.506000+00:00,2026-01-07 11:34:35.087730+00:00,277.506,0.265,0.26,0.27,0.735,0.73,0.74,68.36,1006.07,1006.07,66.84,0.25,35.0,0.28,461.82,0.24,20.0,0.29,474.0,0.23,124.34,0.3,1572.49,0.22,70.0,0.31,479.49,0.21,255.8,0.32,514.0,0.72,461.82,0.75,35.0,0.71,474.0,0.76,20.0,0.7,1572.49,0.77,124.34,0.69,479.49,0.78,70.0,0.68,514.0,0.79,255.8
2026-01-07 11:34:38.424000+00:00,2026-01-07 11:34:36.107692+00:00,278.424,0.255,0.25,0.26,0.745,0.74,0.75,90.0,447.46,508.46,90.0,0.24,85.0,0.27,918.0,0.23,214.34,0.28,466.82,0.22,120.0,0.29,474.0,0.21,172.8,0.3,1533.49,0.2,392.1,0.31,444.49,0.73,918.0,0.76,85.0,0.72,466.82,0.77,214.34,0.71,474.0,0.78,120.0,0.7,1533.49,0.79,172.8,0.69,444.49,0.8,392.1
2026-01-07 11:34:39.487000+00:00,2026-01-07 11:34:37.108950+00:00,279.487,0.255,0.25,0.26,0.77,0.76,0.78,20.0,588.52,5.0,15.0,0.23,80.0,0.27,434.0,0.22,210.42,0.28,466.82,0.21,576.8,0.29,484.0,0.2,218.1,0.3,1559.49,0.19,342.4,0.31,423.49,0.75,233.0,0.79,187.14,0.74,558.52,0.8,153.1,0.73,434.0,0.81,372.4,0.72,466.82,0.82,350.6,0.71,484.0,0.83,290.19
2026-01-07 11:34:40.546000+00:00,2026-01-07 11:34:38.130222+00:00,280.546,0.20500000000000002,0.2,0.21,0.795,0.79,0.8,34.81,152.23,127.23,34.81,0.19,114.34,0.22,125.0,0.18,76.0,0.23,463.97,0.17,804.19,0.24,404.0,0.16,1062.28,0.25,319.0,0.15,434.19,0.26,481.22,0.78,125.0,0.81,114.34,0.77,473.97,0.82,76.0,0.76,404.0,0.83,804.19,0.75,319.0,0.84,1032.28,0.74,481.22,0.85,434.19
2026-01-07 11:34:41.428000+00:00,2026-01-07 11:34:39.152895+00:00,281.428,0.20500000000000002,0.2,0.21,0.795,0.79,0.8,34.81,155.33,55.0,115.23,0.19,114.34,0.22,115.0,0.18,66.0,0.23,473.97,0.17,844.19,0.24,409.0,0.16,1032.28,0.25,319.0,0.15,434.19,0.26,481.22,0.78,85.0,0.81,100.0,0.77,389.0,0.82,66.0,0.76,404.0,0.83,844.19,0.75,384.0,0.84,1032.28,0.74,481.22,0.85,434.19
2026-01-07 11:34:42.567000+00:00,2026-01-07 11:34:40.158789+00:00,282.567,0.255,0.25,0.26,0.735,0.73,0.74,241.44,20.0,35.0,6.3,0.24,136.0,0.28,230.0,0.23,283.0,0.29,150.0,0.22,222.0,0.3,1350.49,0.21,302.0,0.31,493.49,0.2,895.87,0.32,454.0,0.72,205.0,0.75,359.81,0.71,175.0,0.76,258.0,0.7,1350.49,0.77,283.0,0.69,493.49,0.78,283.0,0.68,409.0,0.79,404.0
2026-01-07 11:34:43.581000+00:00,2026-01-07 11:34:41.164408+00:00,283.581,0.265,0.26,0.27,0.735,0.73,0.74,108.61,35.0,35.0,108.61,0.25,154.39,0.28,205.0,0.24,288.0,0.29,230.0,0.23,303.0,0.3,1553.49,0.22,283.0,0.31,428.49,0.21,404.0,0.32,409.0,0.72,205.0,0.75,154.39,0.71,230.0,0.76,288.0,0.7,1553.49,0.77,303.0,0.69,428.49,0.78,283.0,0.68,409.0,0.79,411.8
2026-01-07 11:34:44.426000+00:00,2026-01-07 11:34:42.171688+00:00,284.426,0.27,0.26,0.28,0.73,0.72,0.74,177.61,240.0,230.0,177.61,0.25,283.02,0.29,170.0,0.24,303.0,0.3,1982.49,0.23,331.4,0.31,428.49,0.22,411.6,0.32,444.0,0.21,341.8,0.33,409.0,0.71,170.0,0.75,283.02,0.7,1982.49,0.76,303.0,0.69,428.49,0.77,341.4,0.68,554.36,0.78,411.6,0.67,479.0,0.79,341.8
2026-01-07 11:34:45.587000+00:00,2026-01-07 11:34:43.175719+00:00,285.587,0.275,0.27,0.28,0.725,0.72,0.73,35.0,150.0,150.0,35.0,0.26,152.61,0.29,160.0,0.25,308.02,0.3,1982.49,0.24,303.0,0.31,403.49,0.23,341.4,0.32,554.36,0.22,376.6,0.33,514.0,0.71,160.0,0.74,152.61,0.7,1982.49,0.75,308.02,0.69,403.49,0.76,303.0,0.68,554.36,0.77,323.0,0.67,514.0,0.78,376.6
2026-01-07 11:34:46.616000+00:00,2026-01-07 11:34:44.182764+00:00,286.616,0.315,0.31,0.32,0.685,0.68,0.69,345.41,40.36,40.36,368.81,0.3,197.0,0.34,484.0,0.29,296.34,0.35,373.24,0.28,751.2,0.36,459.0,0.27,373.0,0.37,429.0,0.26,535.0,0.38,714.0,0.66,484.0,0.7,197.0,0.65,373.24,0.71,296.34,0.64,459.0,0.72,751.2,0.63,429.0,0.73,373.0,0.62,714.0,0.74,535.0
2026-01-07 11:34:47.611000+00:00,2026-01-07 11:34:45.191154+00:00,287.611,0.315,0.31,0.32,0.675,0.66,0.69,391.81,14.36,569.0,386.81,0.3,258.0,0.34,569.0,0.29,291.34,0.35,316.0,0.28,751.2,0.36,419.0,0.27,353.0,0.37,394.0,0.26,535.0,0.38,714.0,0.65,331.0,0.7,258.0,0.64,429.0,0.71,271.34,0.63,437.09,0.72,751.2,0.62,714.0,0.73,353.0,0.61,383.0,0.74,535.0
2026-01-07 11:34:48.510000+00:00,2026-01-07 11:34:46.211775+00:00,288.51,0.335,0.33,0.34,0.665,0.66,0.67,67.0,604.0,604.0,67.0,0.32,120.71,0.35,371.0,0.31,311.8,0.36,419.0,0.3,283.0,0.37,429.0,0.29,291.34,0.38,714.0,0.28,748.1,0.39,353.0,0.65,371.0,0.68,120.71,0.64,419.0,0.69,311.8,0.63,429.0,0.7,283.0,0.62,714.0,0.71,291.34,0.61,383.0,0.72,748.1
2026-01-07 11:34:49.497000+00:00,2026-01-07 11:34:47.234260+00:00,289.497,0.335,0.33,0.34,0.665,0.66,0.67,32.8,604.0,604.0,32.8,0.32,135.71,0.35,361.0,0.31,311.8,0.36,429.0,0.3,283.0,0.37,429.0,0.29,297.64,0.38,714.0,0.28,754.5,0.39,383.0,0.65,361.0,0.68,135.71,0.64,499.0,0.69,311.8,0.63,499.0,0.7,283.0,0.62,784.0,0.71,367.64,0.61,453.0,0.72,824.5
