timestamp,seconds,mid,bid,ask,asset
2026-01-07 09:45:00+00:00,0.0,3203.52,3203.44,3203.6,ETH
2026-01-07 09:45:01+00:00,1.0,3203.52,3203.43,3203.6,ETH
2026-01-07 09:45:02+00:00,2.0,3203.19,3202.93,3203.23,ETH
2026-01-07 09:45:03+00:00,3.0,3202.96,3202.95,3203.15,ETH
2026-01-07 09:45:04+00:00,4.0,3203.02,3202.95,3203.28,ETH
2026-01-07 09:45:05+00:00,5.0,3202.3,3202.05,3202.53,ETH
2026-01-07 09:45:06+00:00,6.0,3202.19,3202.02,3202.69,ETH
2026-01-07 09:45:07+00:00,7.0,3202.36,3202.06,3202.77,ETH
2026-01-07 09:45:08+00:00,8.0,3201.81,3201.8,3202.25,ETH
2026-01-07 09:45:09+00:00,9.0,3201.41,3201.03,3201.8,ETH
2026-01-07 09:45:10+00:00,10.0,3201.02,3200.99,3201.62,ETH
2026-01-07 09:45:11+00:00,11.0,3200.99,3200.9,3201.45,ETH
2026-01-07 09:45:12+00:00,12.0,3200.99,3200.67,3201.09,ETH
2026-01-07 09:45:13+00:00,13.0,3200.99,3200.69,3201.09,ETH
2026-01-07 09:45:14+00:00,14.0,3200.96,3200.67,3201.04,ETH
2026-01-07 09:45:15+00:00,15.0,3200.54,3200.25,3200.92,ETH
2026-01-07 09:45:16+00:00,16.0,3200.46,3200.25,3200.78,ETH
2026-01-07 09:45:17+00:00,17.0,3200.23,3200.06,3200.52,ETH
2026-01-07 09:45:18+00:00,18.0,3200.08,3199.78,3200.32,ETH
2026-01-07 09:45:19+00:00,19.0,3200.0,3199.66,3200.36,ETH
2026-01-07 09:45:20+00:00,20.0,3200.12,3199.81,3200.49,ETH
2026-01-07 09:45:21+00:00,21.0,3200.17,3199.81,3200.48,ETH
2026-01-07 09:45:22+00:00,22.0,3200.21,3199.86,3200.35,ETH
2026-01-07 09:45:23+00:00,23.0,3200.26,3200.05,3200.51,ETH
2026-01-07 09:45:24+00:00,24.0,3200.21,3200.04,3200.64,ETH
2026-01-07 09:45:25+00:00,25.0,3200.4,3200.36,3200.94,ETH
2026-01-07 09:45:26+00:00,26.0,3200.96,3200.68,3201.07,ETH
2026-01-07 09:45:27+00:00,27.0,3200.96,3200.73,3201.25,ETH
2026-01-07 09:45:28+00:00,28.0,3201.28,3200.97,3201.49,ETH
2026-01-07 09:45:29+00:00,29.0,3201.28,3201.08,3201.48,ETH
2026-01-07 09:45:30+00:00,30.0,3201.28,3201.03,3201.48,ETH
2026-01-07 09:45:31+00:00,31.0,3201.29,3201.03,3201.48,ETH
2026-01-07 09:45:32+00:00,32.0,3201.28,3201.03,3201.47,ETH
2026-01-07 09:45:33+00:00,33.0,3201.27,3201.03,3201.47,ETH
2026-01-07 09:45:34+00:00,34.0,3201.26,3201.02,3201.49,ETH
2026-01-07 09:45:35+00:00,35.0,3201.37,3201.07,3201.64,ETH
2026-01-07 09:45:36+00:00,36.0,3201.21,3201.04,3201.43,ETH
2026-01-07 09:45:37+00:00,37.0,3201.11,3201.02,3201.44,ETH
2026-01-07 09:45:38+00:00,38.0,3201.17,3200.96,3201.42,ETH
2026-01-07 09:45:39+00:00,39.0,3201.58,3201.3,3201.82,ETH
2026-01-07 09:45:40+00:00,40.0,3201.66,3201.44,3201.81,ETH
2026-01-07 09:45:41+00:00,41.0,3201.6,3201.44,3201.81,ETH
2026-01-07 09:45:42+00:00,42.0,3201.7,3201.44,3201.84,ETH
2026-01-07 09:45:43+00:00,43.0,3201.6,3201.48,3201.74,ETH
2026-01-07 09:45:44+00:00,44.0,3201.6,3201.38,3201.69,ETH
2026-01-07 09:45:45+00:00,45.0,3200.32,3200.16,3200.43,ETH
2026-01-07 09:45:46+00:00,46.0,3200.23,3199.91,3200.49,ETH
2026-01-07 09:45:47+00:00,47.0,3200.23,3199.99,3200.61,ETH
2026-01-07 09:45:48+00:00,48.0,3200.27,3200.01,3200.66,ETH
2026-01-07 09:45:49+00:00,49.0,3200.29,3200.12,3200.73,ETH
2026-01-07 09:45:50+00:00,50.0,3200.55,3200.24,3200.94,ETH
2026-01-07 09:45:51+00:00,51.0,3200.47,3200.29,3200.89,ETH
2026-01-07 09:45:52+00:00,52.0,3200.52,3200.29,3200.86,ETH
2026-01-07 09:45:53+00:00,53.0,3200.5,3200.28,3200.6,ETH
2026-01-07 09:45:54+00:00,54.0,3200.44,3200.28,3200.87,ETH
2026-01-07 09:45:55+00:00,55.0,3200.29,3199.99,3200.47,ETH
2026-01-07 09:45:56+00:00,56.0,3199.19,3198.95,3199.62,ETH
2026-01-07 09:45:57+00:00,57.0,3199.19,3199.03,3199.61,ETH
2026-01-07 09:45:58+00:00,58.0,3199.27,3198.98,3199.64,ETH
2026-01-07 09:45:59+00:00,59.0,3199.27,3198.98,3199.36,ETH
2026-01-07 09:46:00+00:00,60.0,3199.28,3198.98,3199.62,ETH
2026-01-07 09:46:01+00:00,61.0,3199.21,3199.0,3199.45,ETH
2026-01-07 09:46:02+00:00,62.0,3199.27,3199.01,3199.56,ETH
2026-01-07 09:46:03+00:00,63.0,3199.47,3199.18,3199.61,ETH
2026-01-07 09:46:04+00:00,64.0,3199.45,3199.18,3199.54,ETH
2026-01-07 09:46:05+00:00,65.0,3199.39,3199.18,3199.57,ETH
2026-01-07 09:46:06+00:00,66.0,3199.39,3199.18,3199.56,ETH
2026-01-07 09:46:07+00:00,67.0,3199.4,3199.17,3199.61,ETH
2026-01-07 09:46:08+00:00,68.0,3199.39,3199.17,3199.58,ETH
2026-01-07 09:46:09+00:00,69.0,3199.44,3199.17,3199.56,ETH
2026-01-07 09:46:10+00:00,70.0,3199.13,3199.06,3199.19,ETH
2026-01-07 09:46:11+00:00,71.0,3199.15,3198.89,3199.2,ETH
2026-01-07 09:46:12+00:00,72.0,3199.03,3198.85,3199.18,ETH
2026-01-07 09:46:13+00:00,73.0,3198.91,3198.72,3198.98,ETH
2026-01-07 09:46:14+00:00,74.0,3198.51,3198.39,3198.82,ETH
2026-01-07 09:46:15+00:00,75.0,3198.91,3198.6,3199.24,ETH
2026-01-07 09:46:16+00:00,76.0,3198.98,3198.94,3199.39,ETH
2026-01-07 09:46:17+00:00,77.0,3198.95,3198.69,3199.3,ETH
2026-01-07 09:46:18+00:00,78.0,3198.87,3198.62,3199.09,ETH
2026-01-07 09:46:19+00:00,79.0,3198.92,3198.57,3199.11,ETH
2026-01-07 09:46:20+00:00,80.0,3198.93,3198.69,3199.15,ETH
2026-01-07 09:46:21+00:00,81.0,3198.81,3198.69,3199.09,ETH
2026-01-07 09:46:22+00:00,82.0,3198.82,3198.67,3199.11,ETH
2026-01-07 09:46:23+00:00,83.0,3198.86,3198.67,3199.08,ETH
2026-01-07 09:46:24+00:00,84.0,3198.86,3198.68,3199.19,ETH
2026-01-07 09:46:25+00:00,85.0,3198.87,3198.66,3199.12,ETH
2026-01-07 09:46:26+00:00,86.0,3198.67,3198.59,3198.86,ETH
2026-01-07 09:46:27+00:00,87.0,3198.65,3198.41,3198.91,ETH
2026-01-07 09:46:28+00:00,88.0,3198.69,3198.38,3198.89,ETH
2026-01-07 09:46:29+00:00,89.0,3198.67,3198.5,3198.71,ETH
2026-01-07 09:46:30+00:00,90.0,3198.48,3198.22,3198.76,ETH
2026-01-07 09:46:31+00:00,91.0,3198.43,3198.16,3198.77,ETH
2026-01-07 09:46:32+00:00,92.0,3198.62,3198.36,3198.88,ETH
2026-01-07 09:46:33+00:00,93.0,3198.87,3198.69,3199.1,ETH
2026-01-07 09:46:34+00:00,94.0,3199.13,3199.0,3199.39,ETH
2026-01-07 09:46:35+00:00,95.0,3199.35,3199.12,3199.55,ETH
2026-01-07 09:46:36+00:00,96.0,3199.04,3198.76,3199.21,ETH
2026-01-07 09:46:37+00:00,97.0,3198.73,3198.44,3198.96,ETH
2026-01-07 09:46:38+00:00,98.0,3198.27,3198.13,3198.59,ETH
2026-01-07 09:46:39+00:00,99.0,3198.15,3197.84,3198.42,ETH
2026-01-07 09:46:40+00:00,100.0,3198.04,3197.82,3198.46,ETH
2026-01-07 09:46:41+00:00,101.0,3197.78,3197.69,3198.06,ETH
2026-01-07 09:46:42+00:00,102.0,3197.98,3197.65,3198.29,ETH
2026-01-07 09:46:43+00:00,103.0,3197.99,3197.65,3198.12,ETH
2026-01-07 09:46:44+00:00,104.0,3197.99,3197.65,3198.27,ETH
2026-01-07 09:46:45+00:00,105.0,3198.04,3197.66,3198.33,ETH
2026-01-07 09:46:46+00:00,106.0,3198.06,3197.83,3198.24,ETH
2026-01-07 09:46:47+00:00,107.0,3198.07,3197.89,3198.34,ETH
2026-01-07 09:46:48+00:00,108.0,3198.14,3197.91,3198.37,ETH
2026-01-07 09:46:49+00:00,109.0,3198.12,3197.92,3198.4,ETH
2026-01-07 09:46:50+00:00,110.0,3198.16,3197.93,3198.47,ETH
2026-01-07 09:46:51+00:00,111.0,3198.19,3197.96,3198.4,ETH
2026-01-07 09:46:52+00:00,112.0,3198.17,3197.92,3198.38,ETH
2026-01-07 09:46:53+00:00,113.0,3198.14,3197.9,3198.38,ETH
2026-01-07 09:46:54+00:00,114.0,3198.18,3197.91,3198.37,ETH
2026-01-07 09:46:55+00:00,115.0,3198.12,3197.69,3198.34,ETH
2026-01-07 09:46:56+00:00,116.0,3198.05,3197.63,3198.32,ETH
2026-01-07 09:46:57+00:00,117.0,3198.02,3197.74,3198.43,ETH
2026-01-07 09:46:58+00:00,118.0,3198.01,3197.64,3198.28,ETH
2026-01-07 09:46:59+00:00,119.0,3198.01,3197.72,3198.26,ETH
2026-01-07 09:47:00+00:00,120.0,3197.88,3197.7,3198.16,ETH
2026-01-07 09:47:01+00:00,121.0,3197.76,3197.69,3198.08,ETH
2026-01-07 09:47:02+00:00,122.0,3198.37,3198.14,3198.69,ETH
2026-01-07 09:47:03+00:00,123.0,3198.57,3198.25,3198.97,ETH
2026-01-07 09:47:04+00:00,124.0,3198.64,3198.42,3199.02,ETH
2026-01-07 09:47:05+00:00,125.0,3198.65,3198.54,3198.72,ETH
2026-01-07 09:47:06+00:00,126.0,3198.71,3198.52,3198.98,ETH
2026-01-07 09:47:07+00:00,127.0,3198.65,3198.51,3198.85,ETH
2026-01-07 09:47:08+00:00,128.0,3198.68,3198.52,3199.04,ETH
2026-01-07 09:47:09+00:00,129.0,3198.68,3198.52,3199.04,ETH
2026-01-07 09:47:10+00:00,130.0,3198.68,3198.52,3199.04,ETH
2026-01-07 09:47:11+00:00,131.0,3198.68,3198.51,3199.04,ETH
2026-01-07 09:47:12+00:00,132.0,3198.68,3198.52,3199.0,ETH
2026-01-07 09:47:13+00:00,133.0,3198.68,3198.51,3199.01,ETH
2026-01-07 09:47:14+00:00,134.0,3198.68,3198.51,3198.98,ETH
2026-01-07 09:47:15+00:00,135.0,3198.68,3198.44,3198.99,ETH
2026-01-07 09:47:16+00:00,136.0,3198.68,3198.44,3198.97,ETH
2026-01-07 09:47:17+00:00,137.0,3198.68,3198.43,3198.78,ETH
2026-01-07 09:47:18+00:00,138.0,3198.68,3198.45,3199.0,ETH
2026-01-07 09:47:19+00:00,139.0,3198.71,3198.52,3198.79,ETH
2026-01-07 09:47:20+00:00,140.0,3198.71,3198.52,3198.96,ETH
2026-01-07 09:47:21+00:00,141.0,3198.72,3198.51,3199.03,ETH
2026-01-07 09:47:22+00:00,142.0,3198.72,3198.59,3199.04,ETH
2026-01-07 09:47:23+00:00,143.0,3198.72,3198.59,3199.07,ETH
2026-01-07 09:47:24+00:00,144.0,3198.72,3198.58,3199.07,ETH
2026-01-07 09:47:25+00:00,145.0,3198.73,3198.59,3199.1,ETH
2026-01-07 09:47:26+00:00,146.0,3198.75,3198.58,3199.11,ETH
2026-01-07 09:47:27+00:00,147.0,3198.79,3198.59,3199.11,ETH
2026-01-07 09:47:28+00:00,148.0,3198.82,3198.6,3199.08,ETH
2026-01-07 09:47:29+00:00,149.0,3198.83,3198.6,3199.08,ETH
2026-01-07 09:47:30+00:00,150.0,3198.82,3198.6,3199.1,ETH
2026-01-07 09:47:31+00:00,151.0,3198.82,3198.6,3199.09,ETH
2026-01-07 09:47:32+00:00,152.0,3198.86,3198.6,3199.12,ETH
2026-01-07 09:47:33+00:00,153.0,3198.9,3198.63,3199.16,ETH
2026-01-07 09:47:34+00:00,154.0,3198.86,3198.64,3199.13,ETH
2026-01-07 09:47:35+00:00,155.0,3198.83,3198.65,3199.11,ETH
2026-01-07 09:47:36+00:00,156.0,3198.88,3198.68,3199.22,ETH
2026-01-07 09:47:37+00:00,157.0,3199.2,3199.0,3199.49,ETH
2026-01-07 09:47:38+00:00,158.0,3199.33,3199.15,3199.57,ETH
2026-01-07 09:47:39+00:00,159.0,3199.17,3198.95,3199.44,ETH
2026-01-07 09:47:40+00:00,160.0,3199.2,3198.9,3199.45,ETH
2026-01-07 09:47:41+00:00,161.0,3199.26,3199.0,3199.52,ETH
2026-01-07 09:47:42+00:00,162.0,3199.36,3199.1,3199.6,ETH
2026-01-07 09:47:43+00:00,163.0,3199.43,3199.18,3199.66,ETH
2026-01-07 09:47:44+00:00,164.0,3199.52,3199.34,3199.79,ETH
2026-01-07 09:47:45+00:00,165.0,3200.48,3200.27,3200.7,ETH
2026-01-07 09:47:46+00:00,166.0,3201.04,3200.85,3201.18,ETH
2026-01-07 09:47:47+00:00,167.0,3200.69,3200.49,3200.85,ETH
2026-01-07 09:47:48+00:00,168.0,3200.85,3200.71,3201.01,ETH
2026-01-07 09:47:49+00:00,169.0,3201.37,3201.35,3201.57,ETH
2026-01-07 09:47:50+00:00,170.0,3201.69,3201.68,3201.93,ETH
2026-01-07 09:47:51+00:00,171.0,3201.06,3200.84,3201.24,ETH
2026-01-07 09:47:52+00:00,172.0,3200.12,3199.89,3200.14,ETH
2026-01-07 09:47:53+00:00,173.0,3199.47,3199.47,3199.78,ETH
2026-01-07 09:47:54+00:00,174.0,3199.35,3199.1,3199.73,ETH
2026-01-07 09:47:55+00:00,175.0,3199.42,3199.22,3199.77,ETH
2026-01-07 09:47:56+00:00,176.0,3199.83,3199.63,3200.13,ETH
2026-01-07 09:47:57+00:00,177.0,3200.38,3200.17,3200.64,ETH
2026-01-07 09:47:58+00:00,178.0,3200.49,3200.31,3200.68,ETH
2026-01-07 09:47:59+00:00,179.0,3200.45,3200.37,3200.68,ETH
2026-01-07 09:48:00+00:00,180.0,3200.54,3200.3,3200.68,ETH
2026-01-07 09:48:01+00:00,181.0,3199.99,3199.73,3200.26,ETH
2026-01-07 09:48:02+00:00,182.0,3199.46,3199.2,3199.85,ETH
2026-01-07 09:48:03+00:00,183.0,3199.57,3199.18,3199.8,ETH
2026-01-07 09:48:04+00:00,184.0,3199.54,3199.18,3199.68,ETH
2026-01-07 09:48:05+00:00,185.0,3199.5,3199.16,3199.62,ETH
2026-01-07 09:48:06+00:00,186.0,3199.52,3199.16,3199.64,ETH
2026-01-07 09:48:07+00:00,187.0,3199.46,3199.19,3199.59,ETH
2026-01-07 09:48:08+00:00,188.0,3199.37,3199.21,3199.52,ETH
2026-01-07 09:48:09+00:00,189.0,3199.39,3199.21,3199.51,ETH
2026-01-07 09:48:10+00:00,190.0,3199.46,3199.22,3199.53,ETH
2026-01-07 09:48:11+00:00,191.0,3199.79,3199.44,3199.93,ETH
2026-01-07 09:48:12+00:00,192.0,3200.25,3199.93,3200.45,ETH
2026-01-07 09:48:13+00:00,193.0,3200.56,3200.32,3200.75,ETH
2026-01-07 09:48:14+00:00,194.0,3200.68,3200.43,3200.92,ETH
2026-01-07 09:48:15+00:00,195.0,3200.8,3200.63,3201.02,ETH
2026-01-07 09:48:16+00:00,196.0,3201.46,3201.34,3201.97,ETH
2026-01-07 09:48:17+00:00,197.0,3201.53,3201.44,3201.98,ETH
2026-01-07 09:48:18+00:00,198.0,3201.61,3201.53,3201.99,ETH
2026-01-07 09:48:19+00:00,199.0,3201.68,3201.62,3201.99,ETH
2026-01-07 09:48:20+00:00,200.0,3202.21,3201.89,3202.4,ETH
2026-01-07 09:48:21+00:00,201.0,3202.26,3202.22,3202.55,ETH
2026-01-07 09:48:22+00:00,202.0,3202.37,3202.09,3202.59,ETH
2026-01-07 09:48:23+00:00,203.0,3202.37,3202.33,3202.76,ETH
2026-01-07 09:48:24+00:00,204.0,3202.52,3202.4,3202.57,ETH
2026-01-07 09:48:25+00:00,205.0,3202.63,3202.46,3202.85,ETH
2026-01-07 09:48:26+00:00,206.0,3202.62,3202.43,3202.67,ETH
2026-01-07 09:48:27+00:00,207.0,3202.53,3202.42,3202.75,ETH
2026-01-07 09:48:28+00:00,208.0,3202.54,3202.47,3202.78,ETH
2026-01-07 09:48:29+00:00,209.0,3201.96,3201.91,3202.17,ETH
2026-01-07 09:48:30+00:00,210.0,3202.03,3201.76,3202.09,ETH
2026-01-07 09:48:31+00:00,211.0,3202.02,3201.7,3202.24,ETH
2026-01-07 09:48:32+00:00,212.0,3202.15,3201.92,3202.29,ETH
2026-01-07 09:48:33+00:00,213.0,3201.97,3201.9,3202.06,ETH
2026-01-07 09:48:34+00:00,214.0,3202.17,3201.89,3202.22,ETH
2026-01-07 09:48:35+00:00,215.0,3202.1,3201.96,3202.15,ETH
2026-01-07 09:48:36+00:00,216.0,3202.33,3202.17,3202.53,ETH
2026-01-07 09:48:37+00:00,217.0,3202.3,3202.01,3202.42,ETH
2026-01-07 09:48:38+00:00,218.0,3202.62,3202.57,3202.88,ETH
2026-01-07 09:48:39+00:00,219.0,3202.58,3202.46,3202.74,ETH
2026-01-07 09:48:40+00:00,220.0,3202.67,3202.44,3202.8,ETH
2026-01-07 09:48:41+00:00,221.0,3202.73,3202.43,3202.84,ETH
2026-01-07 09:48:42+00:00,222.0,3202.54,3202.37,3202.73,ETH
2026-01-07 09:48:43+00:00,223.0,3202.44,3202.37,3202.7,ETH
2026-01-07 09:48:44+00:00,224.0,3202.59,3202.4,3202.73,ETH
2026-01-07 09:48:45+00:00,225.0,3202.85,3202.68,3203.02,ETH
2026-01-07 09:48:46+00:00,226.0,3203.23,3203.15,3203.5,ETH
2026-01-07 09:48:47+00:00,227.0,3203.38,3203.17,3203.55,ETH
2026-01-07 09:48:48+00:00,228.0,3203.36,3203.01,3203.54,ETH
2026-01-07 09:48:49+00:00,229.0,3203.52,3203.18,3203.73,ETH
2026-01-07 09:48:50+00:00,230.0,3203.87,3203.51,3204.0,ETH
2026-01-07 09:48:51+00:00,231.0,3204.14,3203.86,3204.27,ETH
2026-01-07 09:48:52+00:00,232.0,3204.14,3204.02,3204.28,ETH
2026-01-07 09:48:53+00:00,233.0,3204.26,3204.06,3204.5,ETH
2026-01-07 09:48:54+00:00,234.0,3204.36,3204.08,3204.59,ETH
2026-01-07 09:48:55+00:00,235.0,3204.44,3204.17,3204.57,ETH
2026-01-07 09:48:56+00:00,236.0,3204.58,3204.29,3204.73,ETH
2026-01-07 09:48:57+00:00,237.0,3204.59,3204.32,3204.82,ETH
2026-01-07 09:48:58+00:00,238.0,3204.61,3204.35,3204.91,ETH
2026-01-07 09:48:59+00:00,239.0,3204.62,3204.38,3204.99,ETH
2026-01-07 09:49:00+00:00,240.0,3204.46,3204.21,3204.67,ETH
2026-01-07 09:49:01+00:00,241.0,3204.2,3204.0,3204.3,ETH
2026-01-07 09:49:02+00:00,242.0,3204.12,3203.97,3204.31,ETH
2026-01-07 09:49:03+00:00,243.0,3204.3,3204.01,3204.31,ETH
2026-01-07 09:49:04+00:00,244.0,3203.79,3203.58,3203.97,ETH
2026-01-07 09:49:05+00:00,245.0,3203.62,3203.39,3203.85,ETH
2026-01-07 09:49:06+00:00,246.0,3203.17,3203.06,3203.27,ETH
2026-01-07 09:49:07+00:00,247.0,3202.74,3202.67,3202.77,ETH
2026-01-07 09:49:08+00:00,248.0,3202.7,3202.6,3202.75,ETH
2026-01-07 09:49:09+00:00,249.0,3202.63,3202.5,3202.7,ETH
2026-01-07 09:49:10+00:00,250.0,3202.47,3202.32,3202.62,ETH
2026-01-07 09:49:11+00:00,251.0,3202.07,3201.94,3202.3,ETH
2026-01-07 09:49:12+00:00,252.0,3201.75,3201.62,3201.91,ETH
2026-01-07 09:49:13+00:00,253.0,3201.6,3201.52,3201.77,ETH
2026-01-07 09:49:14+00:00,254.0,3201.03,3201.01,3201.22,ETH
2026-01-07 09:49:15+00:00,255.0,3200.33,3200.25,3200.39,ETH
2026-01-07 09:49:16+00:00,256.0,3200.05,3199.84,3200.22,ETH
2026-01-07 09:49:17+00:00,257.0,3200.05,3199.72,3200.35,ETH
2026-01-07 09:49:18+00:00,258.0,3200.05,3199.71,3200.32,ETH
2026-01-07 09:49:19+00:00,259.0,3200.03,3199.71,3200.18,ETH
2026-01-07 09:49:20+00:00,260.0,3199.78,3199.57,3199.81,ETH
2026-01-07 09:49:21+00:00,261.0,3199.56,3199.49,3199.65,ETH
2026-01-07 09:49:22+00:00,262.0,3199.59,3199.54,3199.75,ETH
2026-01-07 09:49:23+00:00,263.0,3199.62,3199.51,3199.77,ETH
2026-01-07 09:49:24+00:00,264.0,3199.68,3199.53,3199.8,ETH
2026-01-07 09:49:25+00:00,265.0,3199.74,3199.55,3199.8,ETH
2026-01-07 09:49:26+00:00,266.0,3199.74,3199.52,3199.8,ETH
2026-01-07 09:49:27+00:00,267.0,3199.76,3199.61,3199.89,ETH
2026-01-07 09:49:28+00:00,268.0,3199.67,3199.5,3199.81,ETH
2026-01-07 09:49:29+00:00,269.0,3199.65,3199.5,3199.81,ETH
2026-01-07 09:49:30+00:00,270.0,3199.95,3199.89,3200.23,ETH
2026-01-07 09:49:31+00:00,271.0,3200.12,3199.89,3200.35,ETH
2026-01-07 09:49:32+00:00,272.0,3200.54,3200.19,3200.66,ETH
2026-01-07 09:49:33+00:00,273.0,3200.54,3200.29,3200.6,ETH
2026-01-07 09:49:34+00:00,274.0,3200.3,3200.12,3200.48,ETH
2026-01-07 09:49:35+00:00,275.0,3200.24,3200.13,3200.53,ETH
2026-01-07 09:49:36+00:00,276.0,3200.24,3200.14,3200.54,ETH
2026-01-07 09:49:37+00:00,277.0,3199.16,3198.95,3199.21,ETH
2026-01-07 09:49:38+00:00,278.0,3199.31,3198.95,3199.37,ETH
2026-01-07 09:49:39+00:00,279.0,3199.1,3199.0,3199.13,ETH
2026-01-07 09:49:40+00:00,280.0,3199.01,3198.96,3199.1,ETH
2026-01-07 09:49:41+00:00,281.0,3199.39,3199.08,3199.49,ETH
2026-01-07 09:49:42+00:00,282.0,3199.5,3199.28,3199.79,ETH
2026-01-07 09:49:43+00:00,283.0,3200.03,3199.71,3200.04,ETH
2026-01-07 09:49:44+00:00,284.0,3200.17,3200.03,3200.27,ETH
2026-01-07 09:49:45+00:00,285.0,3200.08,3200.03,3200.17,ETH
2026-01-07 09:49:46+00:00,286.0,3199.59,3199.3,3199.6,ETH
2026-01-07 09:49:47+00:00,287.0,3198.8,3198.47,3198.94,ETH
2026-01-07 09:49:48+00:00,288.0,3198.47,3198.29,3198.8,ETH
2026-01-07 09:49:49+00:00,289.0,3198.58,3198.36,3198.86,ETH
2026-01-07 09:49:50+00:00,290.0,3198.69,3198.43,3198.91,ETH
2026-01-07 09:49:51+00:00,291.0,3198.75,3198.5,3198.98,ETH
2026-01-07 09:49:52+00:00,292.0,3198.94,3198.65,3199.19,ETH
2026-01-07 09:49:53+00:00,293.0,3199.05,3198.8,3199.39,ETH
2026-01-07 09:49:54+00:00,294.0,3199.13,3199.04,3199.18,ETH
2026-01-07 09:49:55+00:00,295.0,3199.29,3199.1,3199.47,ETH
2026-01-07 09:49:56+00:00,296.0,3199.23,3199.17,3199.47,ETH
2026-01-07 09:49:57+00:00,297.0,3199.25,3199.18,3199.44,ETH
2026-01-07 09:49:58+00:00,298.0,3199.25,3199.18,3199.58,ETH
2026-01-07 09:49:59+00:00,299.0,3199.21,3199.03,3199.39,ETH
2026-01-07 09:50:00+00:00,300.0,3199.3,3198.95,3199.4,ETH
2026-01-07 09:50:01+00:00,301.0,3199.01,3198.84,3199.04,ETH
2026-01-07 09:50:02+00:00,302.0,3198.89,3198.76,3199.28,ETH
2026-01-07 09:50:03+00:00,303.0,3199.17,3199.04,3199.28,ETH
2026-01-07 09:50:04+00:00,304.0,3199.15,3199.01,3199.27,ETH
2026-01-07 09:50:05+00:00,305.0,3199.03,3198.96,3199.28,ETH
2026-01-07 09:50:06+00:00,306.0,3199.06,3198.97,3199.48,ETH
2026-01-07 09:50:07+00:00,307.0,3198.87,3198.6,3198.9,ETH
2026-01-07 09:50:08+00:00,308.0,3198.61,3198.51,3198.65,ETH
2026-01-07 09:50:09+00:00,309.0,3198.32,3198.2,3198.33,ETH
2026-01-07 09:50:10+00:00,310.0,3198.32,3198.14,3198.44,ETH
2026-01-07 09:50:11+00:00,311.0,3198.24,3198.16,3198.33,ETH
2026-01-07 09:50:12+00:00,312.0,3198.26,3198.16,3198.32,ETH
2026-01-07 09:50:13+00:00,313.0,3198.3,3198.17,3198.42,ETH
2026-01-07 09:50:14+00:00,314.0,3198.27,3198.17,3198.42,ETH
2026-01-07 09:50:15+00:00,315.0,3198.3,3198.17,3198.58,ETH
2026-01-07 09:50:16+00:00,316.0,3198.33,3198.13,3198.41,ETH
2026-01-07 09:50:17+00:00,317.0,3198.32,3198.11,3198.42,ETH
2026-01-07 09:50:18+00:00,318.0,3198.23,3198.1,3198.32,ETH
2026-01-07 09:50:19+00:00,319.0,3198.03,3197.96,3198.48,ETH
2026-01-07 09:50:20+00:00,320.0,3198.48,3198.36,3198.6,ETH
2026-01-07 09:50:21+00:00,321.0,3198.54,3198.37,3198.89,ETH
2026-01-07 09:50:22+00:00,322.0,3198.58,3198.52,3198.99,ETH
2026-01-07 09:50:23+00:00,323.0,3198.94,3198.72,3199.06,ETH
2026-01-07 09:50:24+00:00,324.0,3198.8,3198.72,3199.0,ETH
2026-01-07 09:50:25+00:00,325.0,3198.88,3198.72,3199.01,ETH
2026-01-07 09:50:26+00:00,326.0,3199.03,3198.86,3199.09,ETH
2026-01-07 09:50:27+00:00,327.0,3199.12,3198.92,3199.21,ETH
2026-01-07 09:50:28+00:00,328.0,3199.1,3198.87,3199.18,ETH
2026-01-07 09:50:29+00:00,329.0,3199.09,3198.82,3199.14,ETH
2026-01-07 09:50:30+00:00,330.0,3199.1,3198.8,3199.15,ETH
2026-01-07 09:50:31+00:00,331.0,3199.01,3198.79,3199.13,ETH
2026-01-07 09:50:32+00:00,332.0,3198.94,3198.79,3199.13,ETH
2026-01-07 09:50:33+00:00,333.0,3198.97,3198.8,3199.13,ETH
2026-01-07 09:50:34+00:00,334.0,3198.94,3198.77,3199.13,ETH
2026-01-07 09:50:35+00:00,335.0,3198.83,3198.74,3199.13,ETH
2026-01-07 09:50:36+00:00,336.0,3198.77,3198.74,3199.13,ETH
2026-01-07 09:50:37+00:00,337.0,3198.77,3198.75,3199.1,ETH
2026-01-07 09:50:38+00:00,338.0,3198.77,3198.74,3199.02,ETH
2026-01-07 09:50:39+00:00,339.0,3198.78,3198.73,3198.98,ETH
2026-01-07 09:50:40+00:00,340.0,3198.89,3198.79,3199.43,ETH
2026-01-07 09:50:41+00:00,341.0,3198.86,3198.76,3199.14,ETH
2026-01-07 09:50:42+00:00,342.0,3198.92,3198.76,3199.0,ETH
2026-01-07 09:50:43+00:00,343.0,3198.98,3198.76,3199.08,ETH
2026-01-07 09:50:44+00:00,344.0,3198.94,3198.76,3199.06,ETH
2026-01-07 09:50:45+00:00,345.0,3198.9,3198.76,3199.03,ETH
2026-01-07 09:50:46+00:00,346.0,3198.86,3198.76,3199.0,ETH
2026-01-07 09:50:47+00:00,347.0,3198.85,3198.75,3198.9,ETH
2026-01-07 09:50:48+00:00,348.0,3198.77,3198.7,3198.86,ETH
2026-01-07 09:50:49+00:00,349.0,3198.85,3198.72,3198.91,ETH
2026-01-07 09:50:50+00:00,350.0,3198.75,3198.61,3198.86,ETH
2026-01-07 09:50:51+00:00,351.0,3198.8,3198.72,3198.86,ETH
2026-01-07 09:50:52+00:00,352.0,3198.75,3198.62,3198.86,ETH
2026-01-07 09:50:53+00:00,353.0,3198.71,3198.61,3198.86,ETH
2026-01-07 09:50:54+00:00,354.0,3198.58,3198.38,3198.59,ETH
2026-01-07 09:50:55+00:00,355.0,3198.82,3198.57,3198.94,ETH
2026-01-07 09:50:56+00:00,356.0,3198.73,3198.61,3198.78,ETH
2026-01-07 09:50:57+00:00,357.0,3198.78,3198.64,3198.78,ETH
2026-01-07 09:50:58+00:00,358.0,3198.83,3198.64,3199.27,ETH
2026-01-07 09:50:59+00:00,359.0,3198.95,3198.83,3199.27,ETH
2026-01-07 09:51:00+00:00,360.0,3198.99,3198.84,3199.23,ETH
2026-01-07 09:51:01+00:00,361.0,3198.99,3198.85,3199.28,ETH
2026-01-07 09:51:02+00:00,362.0,3199.01,3198.92,3199.14,ETH
2026-01-07 09:51:03+00:00,363.0,3198.68,3198.48,3198.88,ETH
2026-01-07 09:51:04+00:00,364.0,3198.84,3198.7,3198.94,ETH
2026-01-07 09:51:05+00:00,365.0,3198.84,3198.77,3198.92,ETH
2026-01-07 09:51:06+00:00,366.0,3198.87,3198.81,3198.92,ETH
2026-01-07 09:51:07+00:00,367.0,3198.87,3198.82,3198.94,ETH
2026-01-07 09:51:08+00:00,368.0,3198.85,3198.8,3198.94,ETH
2026-01-07 09:51:09+00:00,369.0,3198.92,3198.79,3199.03,ETH
2026-01-07 09:51:10+00:00,370.0,3199.03,3198.8,3199.18,ETH
2026-01-07 09:51:11+00:00,371.0,3199.05,3198.83,3199.15,ETH
2026-01-07 09:51:12+00:00,372.0,3199.01,3198.83,3199.08,ETH
2026-01-07 09:51:13+00:00,373.0,3198.94,3198.83,3199.11,ETH
2026-01-07 09:51:14+00:00,374.0,3198.91,3198.83,3199.13,ETH
2026-01-07 09:51:15+00:00,375.0,3198.96,3198.84,3199.13,ETH
2026-01-07 09:51:16+00:00,376.0,3198.98,3198.84,3199.12,ETH
2026-01-07 09:51:17+00:00,377.0,3198.99,3198.84,3199.12,ETH
2026-01-07 09:51:18+00:00,378.0,3199.0,3198.84,3199.13,ETH
2026-01-07 09:51:19+00:00,379.0,3199.03,3198.84,3199.13,ETH
2026-01-07 09:51:20+00:00,380.0,3199.04,3198.86,3199.12,ETH
2026-01-07 09:51:21+00:00,381.0,3199.05,3198.89,3199.12,ETH
2026-01-07 09:51:22+00:00,382.0,3199.07,3198.91,3199.14,ETH
2026-01-07 09:51:23+00:00,383.0,3199.09,3198.93,3199.31,ETH
2026-01-07 09:51:25+00:00,385.0,3199.15,3198.98,3199.17,ETH
2026-01-07 09:51:26+00:00,386.0,3198.91,3198.87,3199.25,ETH
2026-01-07 09:51:27+00:00,387.0,3199.05,3198.98,3199.22,ETH
2026-01-07 09:51:28+00:00,388.0,3198.96,3198.8,3199.05,ETH
2026-01-07 09:51:29+00:00,389.0,3198.87,3198.78,3198.97,ETH
2026-01-07 09:51:30+00:00,390.0,3198.54,3198.46,3198.58,ETH
2026-01-07 09:51:31+00:00,391.0,3198.2,3198.1,3198.23,ETH
2026-01-07 09:51:32+00:00,392.0,3198.16,3198.04,3198.21,ETH
2026-01-07 09:51:33+00:00,393.0,3198.14,3198.05,3198.19,ETH
2026-01-07 09:51:34+00:00,394.0,3198.1,3198.05,3198.1,ETH
2026-01-07 09:51:35+00:00,395.0,3198.11,3198.06,3198.14,ETH
2026-01-07 09:51:36+00:00,396.0,3198.15,3198.08,3198.27,ETH
2026-01-07 09:51:37+00:00,397.0,3198.11,3198.03,3198.26,ETH
2026-01-07 09:51:38+00:00,398.0,3198.07,3197.97,3198.17,ETH
2026-01-07 09:51:39+00:00,399.0,3198.09,3197.94,3198.17,ETH
2026-01-07 09:51:40+00:00,400.0,3198.11,3197.94,3198.17,ETH
2026-01-07 09:51:41+00:00,401.0,3198.05,3197.92,3198.11,ETH
2026-01-07 09:51:42+00:00,402.0,3197.82,3197.72,3197.86,ETH
2026-01-07 09:51:43+00:00,403.0,3197.49,3197.42,3197.61,ETH
2026-01-07 09:51:44+00:00,404.0,3197.42,3197.29,3197.55,ETH
2026-01-07 09:51:45+00:00,405.0,3197.33,3197.14,3197.41,ETH
2026-01-07 09:51:46+00:00,406.0,3196.76,3196.68,3196.85,ETH
2026-01-07 09:51:47+00:00,407.0,3196.49,3196.3,3196.61,ETH
2026-01-07 09:51:48+00:00,408.0,3196.71,3196.4,3196.84,ETH
2026-01-07 09:51:49+00:00,409.0,3196.82,3196.58,3196.95,ETH
2026-01-07 09:51:50+00:00,410.0,3196.86,3196.64,3197.05,ETH
2026-01-07 09:51:51+00:00,411.0,3196.84,3196.67,3196.97,ETH
2026-01-07 09:51:52+00:00,412.0,3196.8,3196.67,3196.85,ETH
2026-01-07 09:51:53+00:00,413.0,3196.85,3196.55,3196.98,ETH
2026-01-07 09:51:54+00:00,414.0,3197.05,3196.71,3197.21,ETH
2026-01-07 09:51:55+00:00,415.0,3197.34,3196.99,3197.5,ETH
2026-01-07 09:51:56+00:00,416.0,3197.32,3197.16,3197.35,ETH
2026-01-07 09:51:57+00:00,417.0,3196.98,3196.86,3197.21,ETH
2026-01-07 09:51:58+00:00,418.0,3196.9,3196.69,3196.96,ETH
2026-01-07 09:51:59+00:00,419.0,3196.5,3196.49,3196.61,ETH
2026-01-07 09:52:00+00:00,420.0,3196.48,3196.41,3196.51,ETH
2026-01-07 09:52:01+00:00,421.0,3196.5,3196.49,3196.51,ETH
2026-01-07 09:52:02+00:00,422.0,3196.73,3196.59,3196.9,ETH
2026-01-07 09:52:03+00:00,423.0,3196.73,3196.55,3197.1,ETH
2026-01-07 09:52:04+00:00,424.0,3197.19,3197.06,3197.46,ETH
2026-01-07 09:52:05+00:00,425.0,3197.55,3197.42,3197.58,ETH
2026-01-07 09:52:06+00:00,426.0,3197.49,3197.31,3197.62,ETH
2026-01-07 09:52:07+00:00,427.0,3197.54,3197.4,3197.72,ETH
2026-01-07 09:52:08+00:00,428.0,3197.52,3197.43,3197.59,ETH
2026-01-07 09:52:09+00:00,429.0,3197.5,3197.44,3197.59,ETH
2026-01-07 09:52:10+00:00,430.0,3197.56,3197.44,3197.66,ETH
2026-01-07 09:52:11+00:00,431.0,3197.86,3197.73,3197.96,ETH
2026-01-07 09:52:12+00:00,432.0,3198.08,3197.97,3198.19,ETH
2026-01-07 09:52:13+00:00,433.0,3198.06,3197.85,3198.29,ETH
2026-01-07 09:52:14+00:00,434.0,3198.28,3198.11,3198.63,ETH
2026-01-07 09:52:15+00:00,435.0,3198.61,3198.49,3198.83,ETH
2026-01-07 09:52:16+00:00,436.0,3198.71,3198.54,3198.83,ETH
2026-01-07 09:52:17+00:00,437.0,3198.64,3198.35,3198.69,ETH
2026-01-07 09:52:18+00:00,438.0,3198.26,3198.21,3198.69,ETH
2026-01-07 09:52:19+00:00,439.0,3198.46,3198.2,3198.69,ETH
2026-01-07 09:52:20+00:00,440.0,3198.39,3198.26,3198.68,ETH
2026-01-07 09:52:21+00:00,441.0,3198.51,3198.38,3198.62,ETH
2026-01-07 09:52:22+00:00,442.0,3198.5,3198.36,3198.62,ETH
2026-01-07 09:52:23+00:00,443.0,3198.6,3198.34,3198.65,ETH
2026-01-07 09:52:24+00:00,444.0,3198.24,3198.14,3198.29,ETH
2026-01-07 09:52:25+00:00,445.0,3197.84,3197.83,3197.88,ETH
2026-01-07 09:52:26+00:00,446.0,3197.84,3197.69,3197.93,ETH
2026-01-07 09:52:27+00:00,447.0,3197.81,3197.71,3197.92,ETH
2026-01-07 09:52:28+00:00,448.0,3197.81,3197.71,3197.89,ETH
2026-01-07 09:52:29+00:00,449.0,3197.93,3197.7,3198.0,ETH
2026-01-07 09:52:30+00:00,450.0,3197.9,3197.8,3198.1,ETH
2026-01-07 09:52:31+00:00,451.0,3198.02,3197.99,3198.2,ETH
2026-01-07 09:52:32+00:00,452.0,3198.46,3198.39,3198.61,ETH
2026-01-07 09:52:33+00:00,453.0,3198.53,3198.47,3198.61,ETH
2026-01-07 09:52:34+00:00,454.0,3198.57,3198.52,3198.87,ETH
2026-01-07 09:52:35+00:00,455.0,3199.08,3198.78,3199.26,ETH
2026-01-07 09:52:36+00:00,456.0,3198.95,3198.89,3199.29,ETH
2026-01-07 09:52:37+00:00,457.0,3199.26,3198.9,3199.31,ETH
2026-01-07 09:52:38+00:00,458.0,3198.97,3198.91,3199.29,ETH
2026-01-07 09:52:39+00:00,459.0,3197.96,3197.95,3198.0,ETH
2026-01-07 09:52:40+00:00,460.0,3197.99,3197.79,3198.2,ETH
2026-01-07 09:52:41+00:00,461.0,3198.2,3197.88,3198.36,ETH
2026-01-07 09:52:42+00:00,462.0,3198.26,3197.94,3198.35,ETH
2026-01-07 09:52:43+00:00,463.0,3198.28,3197.98,3198.35,ETH
2026-01-07 09:52:44+00:00,464.0,3198.29,3198.02,3198.4,ETH
2026-01-07 09:52:45+00:00,465.0,3199.14,3198.86,3199.44,ETH
2026-01-07 09:52:46+00:00,466.0,3200.28,3200.04,3200.69,ETH
2026-01-07 09:52:47+00:00,467.0,3200.66,3200.53,3200.94,ETH
2026-01-07 09:52:48+00:00,468.0,3200.8,3200.62,3200.95,ETH
2026-01-07 09:52:49+00:00,469.0,3200.88,3200.66,3200.96,ETH
2026-01-07 09:52:50+00:00,470.0,3200.91,3200.72,3200.95,ETH
2026-01-07 09:52:51+00:00,471.0,3201.03,3200.91,3201.17,ETH
2026-01-07 09:52:52+00:00,472.0,3201.23,3201.14,3201.4,ETH
2026-01-07 09:52:53+00:00,473.0,3200.79,3200.63,3200.96,ETH
2026-01-07 09:52:54+00:00,474.0,3200.1,3200.0,3200.45,ETH
2026-01-07 09:52:55+00:00,475.0,3199.96,3199.91,3200.27,ETH
2026-01-07 09:52:56+00:00,476.0,3200.0,3199.91,3200.16,ETH
2026-01-07 09:52:57+00:00,477.0,3199.99,3199.91,3200.14,ETH
2026-01-07 09:52:58+00:00,478.0,3200.01,3199.92,3200.15,ETH
2026-01-07 09:52:59+00:00,479.0,3200.01,3199.92,3200.18,ETH
2026-01-07 09:53:00+00:00,480.0,3199.97,3199.85,3200.09,ETH
2026-01-07 09:53:01+00:00,481.0,3199.96,3199.8,3200.05,ETH
2026-01-07 09:53:03+00:00,483.0,3199.96,3199.77,3200.03,ETH
2026-01-07 09:53:04+00:00,484.0,3198.42,3198.28,3198.46,ETH
2026-01-07 09:53:05+00:00,485.0,3198.33,3198.27,3198.63,ETH
2026-01-07 09:53:06+00:00,486.0,3198.33,3198.27,3198.43,ETH
2026-01-07 09:53:07+00:00,487.0,3198.27,3198.13,3198.36,ETH
2026-01-07 09:53:09+00:00,489.0,3198.44,3198.34,3198.49,ETH
2026-01-07 09:53:10+00:00,490.0,3200.2,3200.07,3200.44,ETH
2026-01-07 09:53:12+00:00,492.0,3201.97,3201.72,3202.1,ETH
2026-01-07 09:53:13+00:00,493.0,3201.64,3201.43,3201.75,ETH
2026-01-07 09:53:14+00:00,494.0,3201.2,3201.06,3201.42,ETH
2026-01-07 09:53:15+00:00,495.0,3201.24,3201.1,3201.41,ETH
2026-01-07 09:53:16+00:00,496.0,3201.25,3201.11,3201.39,ETH
2026-01-07 09:53:17+00:00,497.0,3201.27,3201.17,3201.47,ETH
2026-01-07 09:53:18+00:00,498.0,3201.28,3201.2,3201.38,ETH
2026-01-07 09:53:19+00:00,499.0,3201.48,3201.22,3201.68,ETH
2026-01-07 09:53:20+00:00,500.0,3201.75,3201.55,3201.94,ETH
2026-01-07 09:53:21+00:00,501.0,3199.18,3199.07,3199.51,ETH
2026-01-07 09:53:22+00:00,502.0,3199.0,3198.65,3199.19,ETH
2026-01-07 09:53:23+00:00,503.0,3199.41,3199.12,3199.71,ETH
2026-01-07 09:53:24+00:00,504.0,3199.46,3199.27,3199.76,ETH
2026-01-07 09:53:25+00:00,505.0,3199.46,3199.32,3199.52,ETH
2026-01-07 09:53:26+00:00,506.0,3199.47,3199.32,3199.56,ETH
2026-01-07 09:53:27+00:00,507.0,3199.51,3199.32,3199.56,ETH
2026-01-07 09:53:28+00:00,508.0,3199.49,3199.35,3199.76,ETH
2026-01-07 09:53:29+00:00,509.0,3200.68,3200.57,3200.83,ETH
2026-01-07 09:53:30+00:00,510.0,3201.34,3201.25,3201.39,ETH
2026-01-07 09:53:31+00:00,511.0,3201.22,3201.15,3201.28,ETH
2026-01-07 09:53:32+00:00,512.0,3200.89,3200.82,3200.95,ETH
2026-01-07 09:53:33+00:00,513.0,3200.66,3200.6,3200.75,ETH
2026-01-07 09:53:34+00:00,514.0,3200.66,3200.63,3200.75,ETH
2026-01-07 09:53:35+00:00,515.0,3200.7,3200.61,3200.73,ETH
2026-01-07 09:53:36+00:00,516.0,3200.76,3200.68,3200.79,ETH
2026-01-07 09:53:37+00:00,517.0,3200.88,3200.8,3200.98,ETH
2026-01-07 09:53:38+00:00,518.0,3200.91,3200.82,3201.08,ETH
2026-01-07 09:53:39+00:00,519.0,3200.93,3200.88,3201.09,ETH
2026-01-07 09:53:40+00:00,520.0,3201.02,3200.96,3201.09,ETH
2026-01-07 09:53:41+00:00,521.0,3200.92,3200.72,3200.96,ETH
2026-01-07 09:53:42+00:00,522.0,3200.68,3200.44,3200.7,ETH
2026-01-07 09:53:43+00:00,523.0,3200.55,3200.48,3200.59,ETH
2026-01-07 09:53:44+00:00,524.0,3200.6,3200.55,3200.7,ETH
2026-01-07 09:53:45+00:00,525.0,3200.56,3200.51,3200.66,ETH
2026-01-07 09:53:46+00:00,526.0,3200.46,3200.45,3200.58,ETH
2026-01-07 09:53:47+00:00,527.0,3200.47,3200.45,3200.61,ETH
2026-01-07 09:53:48+00:00,528.0,3200.54,3200.47,3200.66,ETH
2026-01-07 09:53:49+00:00,529.0,3200.55,3200.48,3200.63,ETH
2026-01-07 09:53:50+00:00,530.0,3200.5,3200.46,3200.51,ETH
2026-01-07 09:53:51+00:00,531.0,3200.5,3200.46,3200.51,ETH
2026-01-07 09:53:52+00:00,532.0,3200.54,3200.46,3200.59,ETH
2026-01-07 09:53:53+00:00,533.0,3200.46,3200.4,3200.51,ETH
2026-01-07 09:53:54+00:00,534.0,3200.46,3200.46,3200.57,ETH
2026-01-07 09:53:55+00:00,535.0,3200.42,3200.26,3200.43,ETH
2026-01-07 09:53:56+00:00,536.0,3200.38,3200.26,3200.39,ETH
2026-01-07 09:53:57+00:00,537.0,3200.32,3200.29,3200.39,ETH
2026-01-07 09:53:58+00:00,538.0,3200.41,3200.38,3200.49,ETH
2026-01-07 09:53:59+00:00,539.0,3200.48,3200.41,3200.53,ETH
2026-01-07 09:54:00+00:00,540.0,3200.54,3200.43,3200.67,ETH
2026-01-07 09:54:01+00:00,541.0,3200.49,3200.4,3200.5,ETH
2026-01-07 09:54:02+00:00,542.0,3200.43,3200.32,3200.48,ETH
2026-01-07 09:54:03+00:00,543.0,3200.38,3200.32,3200.45,ETH
2026-01-07 09:54:04+00:00,544.0,3200.42,3200.27,3200.45,ETH
2026-01-07 09:54:05+00:00,545.0,3200.03,3199.92,3200.04,ETH
2026-01-07 09:54:06+00:00,546.0,3199.7,3199.66,3199.73,ETH
2026-01-07 09:54:07+00:00,547.0,3199.68,3199.63,3199.73,ETH
2026-01-07 09:54:08+00:00,548.0,3199.65,3199.6,3199.69,ETH
2026-01-07 09:54:09+00:00,549.0,3199.55,3199.47,3199.66,ETH
2026-01-07 09:54:10+00:00,550.0,3199.16,3199.02,3199.28,ETH
2026-01-07 09:54:11+00:00,551.0,3198.85,3198.7,3198.91,ETH
2026-01-07 09:54:12+00:00,552.0,3198.88,3198.78,3198.93,ETH
2026-01-07 09:54:13+00:00,553.0,3198.89,3198.83,3198.93,ETH
2026-01-07 09:54:14+00:00,554.0,3198.86,3198.81,3198.91,ETH
2026-01-07 09:54:15+00:00,555.0,3198.85,3198.81,3198.9,ETH
2026-01-07 09:54:16+00:00,556.0,3198.85,3198.82,3198.9,ETH
2026-01-07 09:54:17+00:00,557.0,3201.85,3201.82,3201.94,ETH
2026-01-07 09:54:18+00:00,558.0,3201.92,3201.83,3201.97,ETH
2026-01-07 09:54:19+00:00,559.0,3201.82,3201.8,3201.97,ETH
2026-01-07 09:54:20+00:00,560.0,3201.84,3201.72,3201.89,ETH
2026-01-07 09:54:21+00:00,561.0,3201.41,3201.22,3201.54,ETH
2026-01-07 09:54:22+00:00,562.0,3201.31,3201.22,3201.56,ETH
2026-01-07 09:54:23+00:00,563.0,3201.64,3201.37,3201.87,ETH
2026-01-07 09:54:24+00:00,564.0,3201.73,3201.65,3201.91,ETH
2026-01-07 09:54:25+00:00,565.0,3201.79,3201.76,3202.03,ETH
2026-01-07 09:54:26+00:00,566.0,3201.79,3201.76,3201.91,ETH
2026-01-07 09:54:27+00:00,567.0,3201.81,3201.74,3201.94,ETH
2026-01-07 09:54:28+00:00,568.0,3201.29,3201.04,3201.31,ETH
2026-01-07 09:54:29+00:00,569.0,3200.13,3199.77,3200.19,ETH
2026-01-07 09:54:30+00:00,570.0,3199.8,3199.79,3200.21,ETH
2026-01-07 09:54:31+00:00,571.0,3199.6,3199.48,3199.62,ETH
2026-01-07 09:54:32+00:00,572.0,3199.22,3199.2,3199.85,ETH
2026-01-07 09:54:33+00:00,573.0,3199.44,3199.41,3199.8,ETH
2026-01-07 09:54:34+00:00,574.0,3199.53,3199.43,3199.77,ETH
2026-01-07 09:54:35+00:00,575.0,3199.5,3199.43,3199.72,ETH
2026-01-07 09:54:36+00:00,576.0,3199.5,3199.43,3199.68,ETH
2026-01-07 09:54:37+00:00,577.0,3199.3,3199.28,3199.68,ETH
2026-01-07 09:54:38+00:00,578.0,3199.37,3199.28,3199.41,ETH
2026-01-07 09:54:39+00:00,579.0,3199.4,3199.29,3199.45,ETH
2026-01-07 09:54:40+00:00,580.0,3199.46,3199.39,3199.57,ETH
2026-01-07 09:54:41+00:00,581.0,3199.4,3199.35,3199.45,ETH
2026-01-07 09:54:42+00:00,582.0,3199.41,3199.39,3199.48,ETH
2026-01-07 09:54:43+00:00,583.0,3199.42,3199.39,3199.48,ETH
2026-01-07 09:54:44+00:00,584.0,3199.55,3199.51,3199.63,ETH
2026-01-07 09:54:45+00:00,585.0,3199.68,3199.64,3199.74,ETH
2026-01-07 09:54:46+00:00,586.0,3199.84,3199.77,3199.93,ETH
2026-01-07 09:54:47+00:00,587.0,3199.9,3199.76,3199.99,ETH
2026-01-07 09:54:48+00:00,588.0,3199.7,3199.61,3199.79,ETH
2026-01-07 09:54:49+00:00,589.0,3199.6,3199.59,3199.71,ETH
2026-01-07 09:54:50+00:00,590.0,3199.56,3199.53,3199.64,ETH
2026-01-07 09:54:51+00:00,591.0,3199.56,3199.46,3199.6,ETH
2026-01-07 09:54:52+00:00,592.0,3199.6,3199.45,3199.6,ETH
2026-01-07 09:54:53+00:00,593.0,3199.61,3199.49,3199.76,ETH
2026-01-07 09:54:54+00:00,594.0,3199.82,3199.78,3200.05,ETH
2026-01-07 09:54:55+00:00,595.0,3200.24,3200.21,3200.38,ETH
2026-01-07 09:54:56+00:00,596.0,3200.56,3200.52,3200.66,ETH
2026-01-07 09:54:57+00:00,597.0,3200.69,3200.65,3200.76,ETH
2026-01-07 09:54:58+00:00,598.0,3200.71,3200.64,3200.76,ETH
2026-01-07 09:54:59+00:00,599.0,3200.76,3200.69,3200.89,ETH
2026-01-07 09:55:00+00:00,600.0,3200.8,3200.75,3201.01,ETH
2026-01-07 09:55:01+00:00,601.0,3200.95,3200.84,3201.09,ETH
2026-01-07 09:55:02+00:00,602.0,3201.1,3200.93,3201.15,ETH
2026-01-07 09:55:03+00:00,603.0,3201.1,3200.93,3201.11,ETH
2026-01-07 09:55:04+00:00,604.0,3201.1,3201.01,3201.14,ETH
2026-01-07 09:55:05+00:00,605.0,3201.1,3201.07,3201.16,ETH
2026-01-07 09:55:06+00:00,606.0,3201.07,3201.03,3201.11,ETH
2026-01-07 09:55:07+00:00,607.0,3200.97,3200.72,3201.02,ETH
2026-01-07 09:55:08+00:00,608.0,3200.73,3200.43,3200.9,ETH
2026-01-07 09:55:09+00:00,609.0,3200.52,3200.41,3200.88,ETH
2026-01-07 09:55:10+00:00,610.0,3200.66,3200.51,3201.05,ETH
2026-01-07 09:55:11+00:00,611.0,3200.86,3200.69,3201.05,ETH
2026-01-07 09:55:12+00:00,612.0,3200.89,3200.8,3200.94,ETH
2026-01-07 09:55:13+00:00,613.0,3201.05,3200.96,3201.13,ETH
2026-01-07 09:55:14+00:00,614.0,3201.24,3201.1,3201.34,ETH
2026-01-07 09:55:15+00:00,615.0,3201.36,3201.25,3201.44,ETH
2026-01-07 09:55:16+00:00,616.0,3201.48,3201.37,3201.52,ETH
2026-01-07 09:55:17+00:00,617.0,3201.51,3201.38,3201.54,ETH
2026-01-07 09:55:18+00:00,618.0,3201.45,3201.37,3201.51,ETH
2026-01-07 09:55:19+00:00,619.0,3201.43,3201.38,3201.49,ETH
2026-01-07 09:55:20+00:00,620.0,3201.45,3201.41,3201.52,ETH
2026-01-07 09:55:21+00:00,621.0,3201.49,3201.42,3201.56,ETH
2026-01-07 09:55:22+00:00,622.0,3201.55,3201.41,3201.62,ETH
2026-01-07 09:55:23+00:00,623.0,3201.56,3201.4,3201.62,ETH
2026-01-07 09:55:24+00:00,624.0,3201.09,3200.92,3201.12,ETH
2026-01-07 09:55:25+00:00,625.0,3200.56,3200.45,3200.67,ETH
2026-01-07 09:55:26+00:00,626.0,3200.47,3200.44,3200.65,ETH
2026-01-07 09:55:27+00:00,627.0,3200.52,3200.45,3200.68,ETH
2026-01-07 09:55:28+00:00,628.0,3200.54,3200.46,3200.65,ETH
2026-01-07 09:55:29+00:00,629.0,3200.52,3200.46,3200.59,ETH
2026-01-07 09:55:30+00:00,630.0,3200.31,3200.24,3200.56,ETH
2026-01-07 09:55:31+00:00,631.0,3200.24,3200.24,3200.69,ETH
2026-01-07 09:55:32+00:00,632.0,3200.24,3200.24,3200.82,ETH
2026-01-07 09:55:33+00:00,633.0,3200.26,3200.24,3200.81,ETH
2026-01-07 09:55:34+00:00,634.0,3200.24,3200.24,3200.45,ETH
2026-01-07 09:55:35+00:00,635.0,3200.25,3200.24,3200.78,ETH
2026-01-07 09:55:36+00:00,636.0,3200.26,3200.24,3200.56,ETH
2026-01-07 09:55:37+00:00,637.0,3200.27,3200.24,3200.35,ETH
2026-01-07 09:55:38+00:00,638.0,3200.45,3200.35,3200.54,ETH
2026-01-07 09:55:39+00:00,639.0,3200.7,3200.6,3200.75,ETH
2026-01-07 09:55:40+00:00,640.0,3200.82,3200.69,3201.02,ETH
2026-01-07 09:55:41+00:00,641.0,3200.95,3200.69,3201.09,ETH
2026-01-07 09:55:42+00:00,642.0,3201.05,3200.74,3201.1,ETH
2026-01-07 09:55:43+00:00,643.0,3200.96,3200.77,3201.09,ETH
2026-01-07 09:55:44+00:00,644.0,3201.0,3200.82,3201.18,ETH
2026-01-07 09:55:45+00:00,645.0,3201.0,3200.81,3201.25,ETH
2026-01-07 09:55:46+00:00,646.0,3200.99,3200.82,3201.02,ETH
2026-01-07 09:55:47+00:00,647.0,3200.98,3200.82,3201.02,ETH
2026-01-07 09:55:48+00:00,648.0,3200.97,3200.82,3200.99,ETH
2026-01-07 09:55:49+00:00,649.0,3200.93,3200.77,3200.97,ETH
2026-01-07 09:55:50+00:00,650.0,3200.72,3200.51,3200.79,ETH
2026-01-07 09:55:51+00:00,651.0,3200.56,3200.5,3200.63,ETH
2026-01-07 09:55:52+00:00,652.0,3200.56,3200.5,3200.99,ETH
2026-01-07 09:55:53+00:00,653.0,3200.57,3200.54,3200.96,ETH
2026-01-07 09:55:54+00:00,654.0,3200.5,3200.46,3200.61,ETH
2026-01-07 09:55:55+00:00,655.0,3200.52,3200.48,3200.61,ETH
2026-01-07 09:55:56+00:00,656.0,3200.54,3200.51,3200.59,ETH
2026-01-07 09:55:57+00:00,657.0,3200.54,3200.52,3200.59,ETH
2026-01-07 09:55:58+00:00,658.0,3200.54,3200.52,3200.59,ETH
2026-01-07 09:55:59+00:00,659.0,3200.54,3200.5,3200.61,ETH
2026-01-07 09:56:00+00:00,660.0,3200.49,3200.46,3200.54,ETH
2026-01-07 09:56:01+00:00,661.0,3200.36,3200.32,3200.53,ETH
2026-01-07 09:56:02+00:00,662.0,3199.66,3199.04,3199.7,ETH
2026-01-07 09:56:03+00:00,663.0,3198.92,3198.91,3198.92,ETH
2026-01-07 09:56:04+00:00,664.0,3198.7,3198.62,3198.92,ETH
2026-01-07 09:56:05+00:00,665.0,3198.71,3198.68,3198.92,ETH
2026-01-07 09:56:06+00:00,666.0,3198.81,3198.65,3198.92,ETH
2026-01-07 09:56:07+00:00,667.0,3198.78,3198.58,3198.89,ETH
2026-01-07 09:56:08+00:00,668.0,3198.76,3198.58,3198.89,ETH
2026-01-07 09:56:09+00:00,669.0,3198.81,3198.67,3199.14,ETH
2026-01-07 09:56:10+00:00,670.0,3198.85,3198.84,3199.1,ETH
2026-01-07 09:56:11+00:00,671.0,3198.81,3198.78,3198.98,ETH
2026-01-07 09:56:12+00:00,672.0,3198.81,3198.77,3198.89,ETH
2026-01-07 09:56:13+00:00,673.0,3198.78,3198.75,3198.81,ETH
2026-01-07 09:56:14+00:00,674.0,3198.79,3198.77,3198.97,ETH
2026-01-07 09:56:15+00:00,675.0,3198.78,3198.76,3198.99,ETH
2026-01-07 09:56:16+00:00,676.0,3198.78,3198.76,3198.86,ETH
2026-01-07 09:56:17+00:00,677.0,3198.8,3198.78,3198.88,ETH
2026-01-07 09:56:18+00:00,678.0,3198.8,3198.79,3198.87,ETH
2026-01-07 09:56:19+00:00,679.0,3198.8,3198.79,3198.93,ETH
2026-01-07 09:56:20+00:00,680.0,3198.82,3198.78,3198.86,ETH
2026-01-07 09:56:21+00:00,681.0,3198.8,3198.75,3198.83,ETH
2026-01-07 09:56:22+00:00,682.0,3198.26,3198.2,3198.61,ETH
2026-01-07 09:56:23+00:00,683.0,3198.1,3198.08,3198.42,ETH
2026-01-07 09:56:24+00:00,684.0,3198.1,3198.08,3198.42,ETH
2026-01-07 09:56:25+00:00,685.0,3198.09,3198.08,3198.42,ETH
2026-01-07 09:56:26+00:00,686.0,3198.09,3198.08,3198.41,ETH
2026-01-07 09:56:27+00:00,687.0,3198.09,3198.08,3198.41,ETH
2026-01-07 09:56:28+00:00,688.0,3198.09,3198.08,3198.23,ETH
2026-01-07 09:56:29+00:00,689.0,3198.13,3197.95,3198.32,ETH
2026-01-07 09:56:30+00:00,690.0,3198.01,3197.91,3198.4,ETH
2026-01-07 09:56:31+00:00,691.0,3198.05,3197.99,3198.39,ETH
2026-01-07 09:56:32+00:00,692.0,3198.02,3197.97,3198.37,ETH
2026-01-07 09:56:33+00:00,693.0,3198.05,3198.0,3198.32,ETH
2026-01-07 09:56:34+00:00,694.0,3197.8,3197.69,3198.25,ETH
2026-01-07 09:56:35+00:00,695.0,3197.86,3197.8,3198.05,ETH
2026-01-07 09:56:36+00:00,696.0,3197.97,3197.91,3198.12,ETH
2026-01-07 09:56:37+00:00,697.0,3197.98,3197.95,3198.08,ETH
2026-01-07 09:56:38+00:00,698.0,3197.98,3197.95,3198.08,ETH
2026-01-07 09:56:39+00:00,699.0,3198.11,3198.05,3198.27,ETH
2026-01-07 09:56:40+00:00,700.0,3198.05,3198.0,3198.18,ETH
2026-01-07 09:56:41+00:00,701.0,3198.05,3198.03,3198.11,ETH
2026-01-07 09:56:42+00:00,702.0,3198.05,3198.01,3198.12,ETH
2026-01-07 09:56:43+00:00,703.0,3198.02,3197.96,3198.18,ETH
2026-01-07 09:56:44+00:00,704.0,3198.02,3197.96,3198.22,ETH
2026-01-07 09:56:45+00:00,705.0,3198.03,3197.97,3198.18,ETH
2026-01-07 09:56:46+00:00,706.0,3198.06,3198.01,3198.2,ETH
2026-01-07 09:56:47+00:00,707.0,3198.07,3198.05,3198.18,ETH
2026-01-07 09:56:48+00:00,708.0,3198.05,3198.05,3198.19,ETH
2026-01-07 09:56:49+00:00,709.0,3198.05,3198.05,3198.2,ETH
2026-01-07 09:56:50+00:00,710.0,3198.05,3198.05,3198.23,ETH
2026-01-07 09:56:51+00:00,711.0,3198.17,3198.16,3198.39,ETH
2026-01-07 09:56:52+00:00,712.0,3198.33,3198.27,3198.56,ETH
2026-01-07 09:56:53+00:00,713.0,3198.38,3198.27,3198.58,ETH
2026-01-07 09:56:54+00:00,714.0,3198.37,3198.27,3198.5,ETH
2026-01-07 09:56:56+00:00,716.0,3198.42,3198.41,3198.62,ETH
2026-01-07 09:56:57+00:00,717.0,3198.42,3198.41,3198.49,ETH
2026-01-07 09:56:58+00:00,718.0,3198.42,3198.41,3198.72,ETH
2026-01-07 09:56:59+00:00,719.0,3198.45,3198.41,3198.65,ETH
2026-01-07 09:57:00+00:00,720.0,3198.42,3198.41,3198.61,ETH
2026-01-07 09:57:01+00:00,721.0,3198.42,3198.41,3198.65,ETH
2026-01-07 09:57:02+00:00,722.0,3198.42,3198.41,3198.64,ETH
2026-01-07 09:57:03+00:00,723.0,3198.42,3198.41,3198.64,ETH
2026-01-07 09:57:04+00:00,724.0,3198.43,3198.41,3198.66,ETH
2026-01-07 09:57:05+00:00,725.0,3198.44,3198.41,3198.63,ETH
2026-01-07 09:57:06+00:00,726.0,3198.42,3198.38,3198.53,ETH
2026-01-07 09:57:07+00:00,727.0,3198.4,3198.38,3198.53,ETH
2026-01-07 09:57:08+00:00,728.0,3198.4,3198.39,3198.53,ETH
2026-01-07 09:57:09+00:00,729.0,3198.4,3198.39,3198.56,ETH
2026-01-07 09:57:10+00:00,730.0,3198.51,3198.5,3198.87,ETH
2026-01-07 09:57:11+00:00,731.0,3198.73,3198.71,3199.15,ETH
2026-01-07 09:57:12+00:00,732.0,3198.99,3198.84,3199.25,ETH
2026-01-07 09:57:13+00:00,733.0,3199.1,3198.87,3199.22,ETH
2026-01-07 09:57:14+00:00,734.0,3199.01,3198.88,3199.06,ETH
2026-01-07 09:57:15+00:00,735.0,3198.95,3198.88,3199.07,ETH
2026-01-07 09:57:16+00:00,736.0,3198.98,3198.9,3199.22,ETH
2026-01-07 09:57:17+00:00,737.0,3198.87,3198.75,3199.0,ETH
2026-01-07 09:57:18+00:00,738.0,3198.68,3198.6,3198.76,ETH
2026-01-07 09:57:19+00:00,739.0,3198.6,3198.6,3198.75,ETH
2026-01-07 09:57:20+00:00,740.0,3198.6,3198.6,3198.75,ETH
2026-01-07 09:57:21+00:00,741.0,3198.6,3198.6,3198.81,ETH
2026-01-07 09:57:22+00:00,742.0,3198.6,3198.6,3198.84,ETH
2026-01-07 09:57:23+00:00,743.0,3198.6,3198.6,3198.84,ETH
2026-01-07 09:57:24+00:00,744.0,3198.6,3198.6,3198.83,ETH
2026-01-07 09:57:25+00:00,745.0,3198.6,3198.6,3198.76,ETH
2026-01-07 09:57:26+00:00,746.0,3198.6,3198.6,3198.71,ETH
2026-01-07 09:57:27+00:00,747.0,3198.6,3198.6,3198.71,ETH
2026-01-07 09:57:28+00:00,748.0,3198.6,3198.58,3198.67,ETH
2026-01-07 09:57:29+00:00,749.0,3198.6,3198.56,3198.64,ETH
2026-01-07 09:57:30+00:00,750.0,3198.6,3198.6,3198.74,ETH
2026-01-07 09:57:31+00:00,751.0,3198.64,3198.6,3198.87,ETH
2026-01-07 09:57:32+00:00,752.0,3198.65,3198.6,3198.76,ETH
2026-01-07 09:57:33+00:00,753.0,3198.64,3198.6,3198.76,ETH
2026-01-07 09:57:34+00:00,754.0,3198.6,3198.6,3198.74,ETH
2026-01-07 09:57:35+00:00,755.0,3198.6,3198.6,3198.75,ETH
2026-01-07 09:57:36+00:00,756.0,3198.6,3198.6,3199.04,ETH
2026-01-07 09:57:37+00:00,757.0,3198.6,3198.6,3199.04,ETH
2026-01-07 09:57:38+00:00,758.0,3198.6,3198.6,3198.78,ETH
2026-01-07 09:57:39+00:00,759.0,3198.66,3198.6,3198.75,ETH
2026-01-07 09:57:40+00:00,760.0,3198.59,3198.55,3198.64,ETH
2026-01-07 09:57:41+00:00,761.0,3198.61,3198.58,3198.65,ETH
2026-01-07 09:57:42+00:00,762.0,3198.61,3198.58,3198.65,ETH
2026-01-07 09:57:43+00:00,763.0,3198.61,3198.6,3198.68,ETH
2026-01-07 09:57:44+00:00,764.0,3198.61,3198.57,3198.64,ETH
2026-01-07 09:57:45+00:00,765.0,3198.61,3198.58,3198.66,ETH
2026-01-07 09:57:46+00:00,766.0,3198.54,3198.5,3198.61,ETH
2026-01-07 09:57:47+00:00,767.0,3198.57,3198.54,3198.63,ETH
2026-01-07 09:57:48+00:00,768.0,3198.61,3198.58,3198.66,ETH
2026-01-07 09:57:49+00:00,769.0,3198.61,3198.59,3198.65,ETH
2026-01-07 09:57:50+00:00,770.0,3198.56,3198.53,3198.62,ETH
2026-01-07 09:57:51+00:00,771.0,3198.56,3198.52,3198.63,ETH
2026-01-07 09:57:52+00:00,772.0,3198.61,3198.58,3198.65,ETH
2026-01-07 09:57:53+00:00,773.0,3198.61,3198.58,3198.65,ETH
2026-01-07 09:57:54+00:00,774.0,3198.52,3198.49,3198.61,ETH
2026-01-07 09:57:55+00:00,775.0,3198.56,3198.54,3198.61,ETH
2026-01-07 09:57:56+00:00,776.0,3198.55,3198.51,3198.71,ETH
2026-01-07 09:57:57+00:00,777.0,3198.53,3198.48,3198.71,ETH
2026-01-07 09:57:58+00:00,778.0,3198.61,3198.58,3198.71,ETH
2026-01-07 09:57:59+00:00,779.0,3198.61,3198.58,3198.7,ETH
2026-01-07 09:58:00+00:00,780.0,3198.64,3198.6,3198.78,ETH
2026-01-07 09:58:01+00:00,781.0,3199.36,3199.28,3199.41,ETH
2026-01-07 09:58:02+00:00,782.0,3199.62,3199.32,3199.8,ETH
2026-01-07 09:58:03+00:00,783.0,3199.61,3199.32,3199.76,ETH
2026-01-07 09:58:04+00:00,784.0,3199.32,3199.24,3199.56,ETH
2026-01-07 09:58:05+00:00,785.0,3199.28,3199.16,3199.34,ETH
2026-01-07 09:58:06+00:00,786.0,3199.37,3199.3,3199.53,ETH
2026-01-07 09:58:07+00:00,787.0,3199.62,3199.55,3199.74,ETH
2026-01-07 09:58:08+00:00,788.0,3199.82,3199.74,3199.88,ETH
2026-01-07 09:58:09+00:00,789.0,3199.89,3199.81,3199.99,ETH
2026-01-07 09:58:10+00:00,790.0,3199.9,3199.82,3199.99,ETH
2026-01-07 09:58:11+00:00,791.0,3199.94,3199.83,3199.99,ETH
2026-01-07 09:58:12+00:00,792.0,3199.96,3199.87,3199.99,ETH
2026-01-07 09:58:13+00:00,793.0,3200.02,3199.95,3200.06,ETH
2026-01-07 09:58:14+00:00,794.0,3200.04,3199.94,3200.06,ETH
2026-01-07 09:58:15+00:00,795.0,3200.0,3199.9,3200.0,ETH
2026-01-07 09:58:16+00:00,796.0,3200.0,3199.91,3200.0,ETH
2026-01-07 09:58:17+00:00,797.0,3200.17,3199.99,3200.19,ETH
2026-01-07 09:58:18+00:00,798.0,3200.21,3200.03,3200.24,ETH
2026-01-07 09:58:19+00:00,799.0,3200.2,3200.03,3200.24,ETH
2026-01-07 09:58:20+00:00,800.0,3200.21,3200.1,3200.38,ETH
2026-01-07 09:58:21+00:00,801.0,3199.74,3199.51,3199.83,ETH
2026-01-07 09:58:22+00:00,802.0,3199.08,3198.97,3199.34,ETH
2026-01-07 09:58:23+00:00,803.0,3199.08,3198.97,3199.16,ETH
2026-01-07 09:58:24+00:00,804.0,3199.02,3198.97,3199.22,ETH
2026-01-07 09:58:25+00:00,805.0,3199.05,3198.97,3199.16,ETH
2026-01-07 09:58:26+00:00,806.0,3199.02,3198.96,3199.09,ETH
2026-01-07 09:58:27+00:00,807.0,3199.0,3198.95,3199.02,ETH
2026-01-07 09:58:28+00:00,808.0,3198.99,3198.94,3199.01,ETH
2026-01-07 09:58:29+00:00,809.0,3198.99,3198.9,3199.0,ETH
2026-01-07 09:58:30+00:00,810.0,3198.98,3198.86,3198.99,ETH
2026-01-07 09:58:31+00:00,811.0,3198.98,3198.94,3199.01,ETH
2026-01-07 09:58:32+00:00,812.0,3198.98,3198.92,3198.99,ETH
2026-01-07 09:58:33+00:00,813.0,3198.97,3198.89,3198.98,ETH
2026-01-07 09:58:34+00:00,814.0,3198.98,3198.89,3199.01,ETH
2026-01-07 09:58:35+00:00,815.0,3199.0,3198.86,3199.05,ETH
2026-01-07 09:58:36+00:00,816.0,3199.08,3199.0,3199.13,ETH
2026-01-07 09:58:37+00:00,817.0,3198.99,3198.93,3199.01,ETH
2026-01-07 09:58:38+00:00,818.0,3198.99,3198.92,3199.0,ETH
2026-01-07 09:58:39+00:00,819.0,3198.99,3198.92,3199.0,ETH
2026-01-07 09:58:40+00:00,820.0,3198.98,3198.92,3199.0,ETH
2026-01-07 09:58:41+00:00,821.0,3199.05,3198.99,3199.18,ETH
2026-01-07 09:58:42+00:00,822.0,3198.99,3198.91,3199.0,ETH
2026-01-07 09:58:43+00:00,823.0,3198.99,3198.92,3199.0,ETH
2026-01-07 09:58:45+00:00,825.0,3199.05,3198.99,3199.17,ETH
2026-01-07 09:58:46+00:00,826.0,3198.99,3198.91,3199.0,ETH
2026-01-07 09:58:47+00:00,827.0,3198.99,3198.9,3199.0,ETH
2026-01-07 09:58:48+00:00,828.0,3198.99,3198.9,3199.0,ETH
2026-01-07 09:58:49+00:00,829.0,3198.98,3198.84,3198.98,ETH
2026-01-07 09:58:50+00:00,830.0,3198.79,3198.74,3198.83,ETH
2026-01-07 09:58:51+00:00,831.0,3198.72,3198.69,3198.78,ETH
2026-01-07 09:58:52+00:00,832.0,3198.74,3198.73,3198.8,ETH
2026-01-07 09:58:53+00:00,833.0,3198.74,3198.74,3199.0,ETH
2026-01-07 09:58:54+00:00,834.0,3198.97,3198.74,3199.03,ETH
2026-01-07 09:58:55+00:00,835.0,3198.8,3198.74,3198.84,ETH
2026-01-07 09:58:56+00:00,836.0,3198.77,3198.73,3198.81,ETH
2026-01-07 09:58:57+00:00,837.0,3198.76,3198.73,3198.79,ETH
2026-01-07 09:58:58+00:00,838.0,3198.88,3198.74,3198.93,ETH
2026-01-07 09:58:59+00:00,839.0,3198.09,3198.02,3198.33,ETH
2026-01-07 09:59:00+00:00,840.0,3197.31,3197.3,3197.72,ETH
2026-01-07 09:59:01+00:00,841.0,3197.16,3196.68,3197.19,ETH
2026-01-07 09:59:02+00:00,842.0,3196.76,3196.41,3197.17,ETH
2026-01-07 09:59:03+00:00,843.0,3196.54,3196.14,3196.93,ETH
2026-01-07 09:59:04+00:00,844.0,3196.23,3196.11,3196.8,ETH
2026-01-07 09:59:05+00:00,845.0,3196.17,3196.13,3196.51,ETH
2026-01-07 09:59:06+00:00,846.0,3196.14,3195.97,3196.35,ETH
2026-01-07 09:59:07+00:00,847.0,3196.0,3195.83,3196.25,ETH
2026-01-07 09:59:08+00:00,848.0,3195.51,3195.46,3196.02,ETH
2026-01-07 09:59:09+00:00,849.0,3195.29,3195.21,3195.75,ETH
2026-01-07 09:59:10+00:00,850.0,3195.43,3195.39,3195.84,ETH
2026-01-07 09:59:11+00:00,851.0,3195.34,3195.27,3195.9,ETH
2026-01-07 09:59:12+00:00,852.0,3195.33,3195.24,3195.71,ETH
2026-01-07 09:59:13+00:00,853.0,3195.55,3195.49,3195.66,ETH
2026-01-07 09:59:14+00:00,854.0,3195.69,3195.62,3195.83,ETH
2026-01-07 09:59:15+00:00,855.0,3195.53,3195.4,3195.69,ETH
2026-01-07 09:59:16+00:00,856.0,3195.49,3195.3,3195.66,ETH
2026-01-07 09:59:17+00:00,857.0,3195.61,3195.5,3195.75,ETH
2026-01-07 09:59:18+00:00,858.0,3195.63,3195.58,3195.85,ETH
2026-01-07 09:59:19+00:00,859.0,3195.65,3195.58,3195.96,ETH
2026-01-07 09:59:20+00:00,860.0,3195.55,3195.39,3195.72,ETH
2026-01-07 09:59:21+00:00,861.0,3195.3,3195.11,3195.43,ETH
2026-01-07 09:59:22+00:00,862.0,3195.09,3195.02,3195.34,ETH
2026-01-07 09:59:23+00:00,863.0,3195.01,3195.01,3195.35,ETH
2026-01-07 09:59:24+00:00,864.0,3194.95,3194.88,3195.41,ETH
2026-01-07 09:59:25+00:00,865.0,3194.911,3194.82,3195.37,ETH
2026-01-07 09:59:26+00:00,866.0,3194.94,3194.9,3195.14,ETH
2026-01-07 09:59:27+00:00,867.0,3194.851,3194.56,3194.92,ETH
2026-01-07 09:59:28+00:00,868.0,3194.451,3194.14,3194.76,ETH
2026-01-07 09:59:29+00:00,869.0,3194.141,3194.06,3194.73,ETH
2026-01-07 09:59:30+00:00,870.0,3194.101,3194.04,3194.76,ETH
2026-01-07 09:59:31+00:00,871.0,3194.061,3194.04,3194.74,ETH
2026-01-07 09:59:32+00:00,872.0,3194.141,3194.08,3194.77,ETH
2026-01-07 09:59:33+00:00,873.0,3194.611,3194.53,3194.91,ETH
2026-01-07 09:59:34+00:00,874.0,3195.16,3195.1,3195.31,ETH
2026-01-07 09:59:35+00:00,875.0,3195.35,3195.29,3195.55,ETH
2026-01-07 09:59:36+00:00,876.0,3195.36,3195.3,3195.5,ETH
2026-01-07 09:59:37+00:00,877.0,3195.35,3195.27,3195.53,ETH
2026-01-07 09:59:38+00:00,878.0,3195.34,3195.27,3195.57,ETH
2026-01-07 09:59:39+00:00,879.0,3195.33,3195.27,3195.61,ETH
2026-01-07 09:59:40+00:00,880.0,3195.32,3195.24,3195.57,ETH
2026-01-07 09:59:41+00:00,881.0,3195.28,3195.02,3195.4,ETH
2026-01-07 09:59:42+00:00,882.0,3194.671,3194.4,3194.7,ETH
2026-01-07 09:59:43+00:00,883.0,3194.101,3194.0,3194.11,ETH
2026-01-07 09:59:44+00:00,884.0,3194.101,3194.02,3194.11,ETH
2026-01-07 09:59:45+00:00,885.0,3194.111,3194.01,3194.12,ETH
2026-01-07 09:59:46+00:00,886.0,3194.281,3194.18,3194.44,ETH
2026-01-07 09:59:47+00:00,887.0,3194.581,3194.49,3194.93,ETH
2026-01-07 09:59:48+00:00,888.0,3194.801,3194.68,3195.04,ETH
2026-01-07 09:59:49+00:00,889.0,3195.0,3194.88,3195.14,ETH
2026-01-07 09:59:50+00:00,890.0,3195.29,3195.19,3195.56,ETH
2026-01-07 09:59:51+00:00,891.0,3195.66,3195.54,3195.91,ETH
2026-01-07 09:59:52+00:00,892.0,3195.91,3195.87,3196.07,ETH
2026-01-07 09:59:53+00:00,893.0,3195.92,3195.8,3196.06,ETH
2026-01-07 09:59:54+00:00,894.0,3195.8,3195.57,3195.9,ETH
2026-01-07 09:59:55+00:00,895.0,3196.0,3195.89,3196.17,ETH
2026-01-07 09:59:56+00:00,896.0,3196.43,3196.4,3196.6,ETH
2026-01-07 09:59:57+00:00,897.0,3196.62,3196.57,3196.68,ETH
2026-01-07 09:59:58+00:00,898.0,3196.62,3196.57,3196.67,ETH
2026-01-07 09:59:59+00:00,899.0,3196.61,3196.55,3196.64,ETH
