timestamp,collected_at,seconds,up_mid,up_best_bid,up_best_ask,down_mid,down_best_bid,down_best_ask,up_best_bid_size,up_best_ask_size,down_best_bid_size,down_best_ask_size,up_bid_2,up_bid_2_size,up_ask_2,up_ask_2_size,up_bid_3,up_bid_3_size,up_ask_3,up_ask_3_size,up_bid_4,up_bid_4_size,up_ask_4,up_ask_4_size,up_bid_5,up_bid_5_size,up_ask_5,up_ask_5_size,up_bid_6,up_bid_6_size,up_ask_6,up_ask_6_size,down_bid_2,down_bid_2_size,down_ask_2,down_ask_2_size,down_bid_3,down_bid_3_size,down_ask_3,down_ask_3_size,down_bid_4,down_bid_4_size,down_ask_4,down_ask_4_size,down_bid_5,down_bid_5_size,down_ask_5,down_ask_5_size,down_bid_6,down_bid_6_size,down_ask_6,down_ask_6_size
2026-01-07 09:45:00.077000+00:00,2026-01-07 09:44:58.017353+00:00,0.077,0.01,,0.01,0.99,0.99,,,18326.94,23326.94,,,,0.02,370.54,,,0.03,231.13,,,0.04,118.73,,,0.05,223.29,,,0.06,90.98,0.98,370.54,,,0.97,231.13,,,0.96,118.73,,,0.95,223.29,,,0.94,90.98,,
2026-01-07 09:45:01.575000+00:00,2026-01-07 09:44:59.038736+00:00,1.575,0.01,,0.01,0.99,0.99,,,176955.18,176955.18,,,,0.02,370.54,,,0.03,231.13,,,0.04,113.73,,,0.05,223.29,,,0.06,90.98,0.98,370.54,,,0.97,231.13,,,0.96,113.73,,,0.95,223.29,,,0.94,90.98,,
2026-01-07 09:45:02.548000+00:00,2026-01-07 09:45:00.077506+00:00,2.548,0.605,0.6,0.61,0.395,0.39,0.4,13049.32,516.38,595.38,12973.32,0.59,5.0,0.62,304.0,0.58,40.0,0.63,304.0,0.57,1453.21,0.64,304.0,0.56,410.46,0.65,304.0,0.55,1185.83,0.66,243.0,0.38,304.0,0.41,5.0,0.37,304.0,0.42,40.0,0.36,304.0,0.43,1453.21,0.35,304.0,0.44,410.46,0.34,243.0,0.45,1185.83
2026-01-07 09:45:03.404000+00:00,2026-01-07 09:45:01.082238+00:00,3.404,0.605,0.6,0.61,0.395,0.39,0.4,12448.32,635.38,576.38,12463.32,0.59,5.0,0.62,304.0,0.58,40.0,0.63,304.0,0.57,1453.21,0.64,304.0,0.56,410.46,0.65,304.0,0.55,1063.83,0.66,304.0,0.38,304.0,0.41,5.0,0.37,304.0,0.42,40.0,0.36,304.0,0.43,1453.21,0.35,304.0,0.44,410.46,0.34,304.0,0.45,1063.83
2026-01-07 09:45:04.561000+00:00,2026-01-07 09:45:02.087480+00:00,4.561,0.605,0.6,0.61,0.395,0.39,0.4,12424.72,670.46,670.46,12389.72,0.59,5.0,0.62,304.0,0.58,55.0,0.63,319.0,0.57,1453.21,0.64,304.0,0.56,410.46,0.65,304.0,0.55,1063.83,0.66,304.0,0.38,304.0,0.41,5.0,0.37,319.0,0.42,40.0,0.36,304.0,0.43,1453.21,0.35,304.0,0.44,410.46,0.34,304.0,0.45,1063.83
2026-01-07 09:45:05.600000+00:00,2026-01-07 09:45:03.093215+00:00,5.6,0.605,0.6,0.61,0.395,0.39,0.4,11765.02,591.46,655.46,11765.02,0.59,5.0,0.62,304.0,0.58,40.0,0.63,319.0,0.57,1453.21,0.64,304.0,0.56,410.46,0.65,304.0,0.55,1063.83,0.66,304.0,0.38,304.0,0.41,5.0,0.37,319.0,0.42,40.0,0.36,304.0,0.43,1453.21,0.35,304.0,0.44,410.46,0.34,304.0,0.45,1063.83
2026-01-07 09:45:06.564000+00:00,2026-01-07 09:45:04.101080+00:00,6.564,0.605,0.6,0.61,0.395,0.39,0.4,11220.03,634.41,634.41,11220.03,0.59,5.0,0.62,304.0,0.58,40.0,0.63,319.0,0.57,1453.21,0.64,304.0,0.56,410.46,0.65,304.0,0.55,1063.83,0.66,304.0,0.38,304.0,0.41,5.0,0.37,319.0,0.42,40.0,0.36,304.0,0.43,1453.21,0.35,304.0,0.44,410.46,0.34,304.0,0.45,1063.83
2026-01-07 09:45:07.600000+00:00,2026-01-07 09:45:05.109694+00:00,7.6,0.605,0.6,0.61,0.395,0.39,0.4,9972.38,734.88,719.88,9967.38,0.59,5.0,0.62,304.0,0.58,40.0,0.63,319.0,0.57,1453.21,0.64,304.0,0.56,410.46,0.65,304.0,0.55,1063.83,0.66,304.0,0.38,304.0,0.41,5.0,0.37,319.0,0.42,40.0,0.36,304.0,0.43,1453.21,0.35,304.0,0.44,410.46,0.34,304.0,0.45,1063.83
2026-01-07 09:45:08.603000+00:00,2026-01-07 09:45:06.118180+00:00,8.603,0.605,0.6,0.61,0.395,0.39,0.4,9564.85,700.88,636.88,9569.85,0.59,5.0,0.62,374.0,0.58,40.0,0.63,389.0,0.57,1453.21,0.64,374.0,0.56,410.46,0.65,374.0,0.55,1133.83,0.66,374.0,0.38,374.0,0.41,5.0,0.37,389.0,0.42,40.0,0.36,374.0,0.43,1453.21,0.35,374.0,0.44,410.46,0.34,374.0,0.45,1133.83
2026-01-07 09:45:09.415000+00:00,2026-01-07 09:45:07.123951+00:00,9.415,0.605,0.6,0.61,0.395,0.39,0.4,9447.85,736.2,736.2,9375.6,0.59,5.0,0.62,384.0,0.58,40.0,0.63,424.0,0.57,1453.21,0.64,409.0,0.56,410.46,0.65,449.0,0.55,1063.83,0.66,374.0,0.38,384.0,0.41,5.0,0.37,424.0,0.42,40.0,0.36,409.0,0.43,1453.21,0.35,449.0,0.44,410.46,0.34,374.0,0.45,1063.83
2026-01-07 09:45:10.480000+00:00,2026-01-07 09:45:08.131856+00:00,10.48,0.605,0.6,0.61,0.395,0.39,0.4,9359.77,706.2,706.2,9403.09,0.59,15.0,0.62,384.0,0.58,40.0,0.63,424.0,0.57,1453.21,0.64,429.0,0.56,480.46,0.65,409.0,0.55,1133.83,0.66,374.0,0.38,414.0,0.41,35.0,0.37,484.0,0.42,40.0,0.36,429.0,0.43,1453.21,0.35,409.0,0.44,480.46,0.34,374.0,0.45,1133.83
2026-01-07 09:45:11.650000+00:00,2026-01-07 09:45:09.149714+00:00,11.65,0.605,0.6,0.61,0.395,0.39,0.4,8964.59,693.67,797.67,8958.51,0.59,25.0,0.62,414.0,0.58,130.0,0.63,424.0,0.57,1523.21,0.64,429.0,0.56,480.46,0.65,409.0,0.55,1133.83,0.66,374.0,0.38,384.0,0.41,10.0,0.37,424.0,0.42,175.0,0.36,429.0,0.43,1543.21,0.35,409.0,0.44,480.46,0.34,374.0,0.45,1133.83
2026-01-07 09:45:12.604000+00:00,2026-01-07 09:45:10.153004+00:00,12.604,0.605,0.6,0.61,0.395,0.39,0.4,8188.91,782.67,802.67,8188.91,0.59,80.0,0.62,384.0,0.58,165.0,0.63,444.0,0.57,1578.29,0.64,409.0,0.56,480.46,0.65,409.0,0.55,1133.83,0.66,374.0,0.38,384.0,0.41,75.0,0.37,424.0,0.42,170.0,0.36,409.0,0.43,1588.29,0.35,409.0,0.44,480.46,0.34,374.0,0.45,1133.83
2026-01-07 09:45:13.649000+00:00,2026-01-07 09:45:11.169004+00:00,13.649,0.605,0.6,0.61,0.395,0.39,0.4,8193.91,742.67,742.67,8193.91,0.59,150.0,0.62,459.0,0.58,120.0,0.63,444.0,0.57,1558.29,0.64,409.0,0.56,480.46,0.65,409.0,0.55,1133.83,0.66,374.0,0.38,459.0,0.41,150.0,0.37,444.0,0.42,120.0,0.36,409.0,0.43,1558.29,0.35,409.0,0.44,480.46,0.34,374.0,0.45,1133.83
2026-01-07 09:45:14.638000+00:00,2026-01-07 09:45:12.174701+00:00,14.638,0.605,0.6,0.61,0.395,0.39,0.4,8191.75,722.67,722.67,8191.75,0.59,75.0,0.62,384.0,0.58,110.0,0.63,444.0,0.57,1558.29,0.64,439.0,0.56,480.46,0.65,469.0,0.55,1133.83,0.66,374.0,0.38,384.0,0.41,75.0,0.37,424.0,0.42,110.0,0.36,439.0,0.43,1558.29,0.35,469.0,0.44,480.46,0.34,374.0,0.45,1133.83
2026-01-07 09:45:15.547000+00:00,2026-01-07 09:45:13.193449+00:00,15.547,0.605,0.6,0.61,0.395,0.39,0.4,8046.14,712.67,712.67,8046.14,0.59,75.0,0.62,384.0,0.58,110.0,0.63,444.0,0.57,1558.29,0.64,449.0,0.56,480.46,0.65,459.0,0.55,1133.83,0.66,374.0,0.38,384.0,0.41,75.0,0.37,444.0,0.42,110.0,0.36,449.0,0.43,1558.29,0.35,459.0,0.44,480.46,0.34,374.0,0.45,1133.83
2026-01-07 09:45:16.681000+00:00,2026-01-07 09:45:14.217727+00:00,16.681,0.605,0.6,0.61,0.395,0.39,0.4,8030.66,630.67,635.67,8005.66,0.59,125.0,0.62,394.0,0.58,110.0,0.63,524.0,0.57,113.08,0.64,409.0,0.56,480.46,0.65,409.0,0.55,1133.83,0.66,374.0,0.38,449.0,0.41,145.0,0.37,464.0,0.42,110.0,0.36,409.0,0.43,113.08,0.35,409.0,0.44,480.46,0.34,374.0,0.45,1133.83
2026-01-07 09:45:17.643000+00:00,2026-01-07 09:45:15.225395+00:00,17.643,0.605,0.6,0.61,0.395,0.39,0.4,7042.41,605.67,605.67,7042.41,0.59,1600.21,0.62,449.0,0.58,110.0,0.63,464.0,0.57,113.08,0.64,469.0,0.56,480.46,0.65,409.0,0.55,1133.83,0.66,374.0,0.38,449.0,0.41,1600.21,0.37,464.0,0.42,110.0,0.36,469.0,0.43,113.08,0.35,409.0,0.44,480.46,0.34,374.0,0.45,1133.83
2026-01-07 09:45:18.674000+00:00,2026-01-07 09:45:16.233071+00:00,18.674,0.605,0.6,0.61,0.395,0.39,0.4,6973.16,620.67,620.67,6973.16,0.59,145.0,0.62,449.0,0.58,120.0,0.63,464.0,0.57,1558.29,0.64,469.0,0.56,480.46,0.65,409.0,0.55,1133.83,0.66,374.0,0.38,449.0,0.41,145.0,0.37,464.0,0.42,120.0,0.36,469.0,0.43,1558.29,0.35,409.0,0.44,480.46,0.34,374.0,0.45,1133.83
2026-01-07 09:45:19.547000+00:00,2026-01-07 09:45:17.238844+00:00,19.547,0.605,0.6,0.61,0.395,0.39,0.4,6836.41,605.67,605.67,6836.41,0.59,145.0,0.62,449.0,0.58,120.0,0.63,464.0,0.57,1558.29,0.64,469.0,0.56,480.46,0.65,409.0,0.55,1133.83,0.66,374.0,0.38,449.0,0.41,145.0,0.37,464.0,0.42,120.0,0.36,469.0,0.43,1558.29,0.35,409.0,0.44,480.46,0.34,374.0,0.45,1133.83
2026-01-07 09:45:20.713000+00:00,2026-01-07 09:45:18.260194+00:00,20.713,0.605,0.6,0.61,0.395,0.39,0.4,6421.18,625.67,625.67,6421.18,0.59,75.0,0.62,374.0,0.58,115.0,0.63,469.0,0.57,1633.29,0.64,374.0,0.56,480.46,0.65,374.0,0.55,1133.83,0.66,374.0,0.38,374.0,0.41,75.0,0.37,449.0,0.42,115.0,0.36,374.0,0.43,1643.29,0.35,374.0,0.44,480.46,0.34,374.0,0.45,1133.83
2026-01-07 09:45:21.723000+00:00,2026-01-07 09:45:19.267296+00:00,21.723,0.605,0.6,0.61,0.395,0.39,0.4,6312.54,585.67,570.67,6317.54,0.59,155.0,0.62,429.0,0.58,110.0,0.63,489.0,0.57,1558.29,0.64,374.0,0.56,480.46,0.65,374.0,0.55,1158.83,0.66,374.0,0.38,429.0,0.41,155.0,0.37,489.0,0.42,110.0,0.36,374.0,0.43,1558.29,0.35,374.0,0.44,480.46,0.34,374.0,0.45,1158.83
2026-01-07 09:45:22.726000+00:00,2026-01-07 09:45:20.272454+00:00,22.726,0.605,0.6,0.61,0.395,0.39,0.4,6314.54,565.67,565.67,6314.54,0.59,75.0,0.62,399.0,0.58,110.0,0.63,504.0,0.57,1558.29,0.64,404.0,0.56,480.46,0.65,374.0,0.55,1158.83,0.66,374.0,0.38,399.0,0.41,75.0,0.37,504.0,0.42,110.0,0.36,404.0,0.43,1558.29,0.35,374.0,0.44,480.46,0.34,374.0,0.45,1158.83
2026-01-07 09:45:23.744000+00:00,2026-01-07 09:45:21.292745+00:00,23.744,0.605,0.6,0.61,0.395,0.39,0.4,6278.91,565.67,565.67,6276.16,0.59,75.0,0.62,399.0,0.58,110.0,0.63,504.0,0.57,113.08,0.64,404.0,0.56,480.46,0.65,374.0,0.55,1158.83,0.66,374.0,0.38,399.0,0.41,75.0,0.37,504.0,0.42,110.0,0.36,404.0,0.43,113.08,0.35,374.0,0.44,480.46,0.34,374.0,0.45,1158.83
2026-01-07 09:45:24.778000+00:00,2026-01-07 09:45:22.298238+00:00,24.778,0.605,0.6,0.61,0.395,0.39,0.4,6124.66,569.27,574.27,6124.66,0.59,1590.21,0.62,454.0,0.58,120.0,0.63,469.0,0.57,113.08,0.64,374.0,0.56,480.46,0.65,374.0,0.55,1158.83,0.66,374.0,0.38,454.0,0.41,1595.21,0.37,469.0,0.42,120.0,0.36,374.0,0.43,113.08,0.35,374.0,0.44,480.46,0.34,374.0,0.45,1158.83
2026-01-07 09:45:25.772000+00:00,2026-01-07 09:45:23.303526+00:00,25.772,0.605,0.6,0.61,0.395,0.39,0.4,6133.61,629.27,629.27,6133.61,0.59,155.0,0.62,459.0,0.58,110.0,0.63,469.0,0.57,113.08,0.64,374.0,0.56,480.46,0.65,374.0,0.55,1158.83,0.66,374.0,0.38,459.0,0.41,155.0,0.37,469.0,0.42,110.0,0.36,374.0,0.43,1558.29,0.35,374.0,0.44,480.46,0.34,374.0,0.45,1158.83
2026-01-07 09:45:26.770000+00:00,2026-01-07 09:45:24.308467+00:00,26.77,0.605,0.6,0.61,0.395,0.39,0.4,5478.63,689.27,689.27,5503.63,0.59,80.0,0.62,394.0,0.58,185.0,0.63,449.0,0.57,1568.29,0.64,374.0,0.56,480.46,0.65,374.0,0.55,1158.83,0.66,374.0,0.38,404.0,0.41,80.0,0.37,449.0,0.42,180.0,0.36,374.0,0.43,1558.29,0.35,374.0,0.44,480.46,0.34,374.0,0.45,1158.83
2026-01-07 09:45:27.787000+00:00,2026-01-07 09:45:25.316355+00:00,27.787,0.605,0.6,0.61,0.395,0.39,0.4,5102.77,639.27,549.27,5122.77,0.59,135.0,0.62,394.0,0.58,110.0,0.63,499.0,0.57,1558.29,0.64,394.0,0.56,480.46,0.65,374.0,0.55,1158.83,0.66,374.0,0.38,374.0,0.41,75.0,0.37,464.0,0.42,110.0,0.36,434.0,0.43,1558.29,0.35,384.0,0.44,480.46,0.34,374.0,0.45,1158.83
2026-01-07 09:45:28.804000+00:00,2026-01-07 09:45:26.335192+00:00,28.804,0.605,0.6,0.61,0.395,0.39,0.4,4994.69,549.27,549.27,4913.26,0.59,75.0,0.62,414.0,0.58,110.0,0.63,469.0,0.57,1558.29,0.64,434.0,0.56,480.46,0.65,384.0,0.55,1158.83,0.66,374.0,0.38,424.0,0.41,115.0,0.37,509.0,0.42,110.0,0.36,384.0,0.43,1558.29,0.35,374.0,0.44,480.46,0.34,374.0,0.45,1158.83
2026-01-07 09:45:29.794000+00:00,2026-01-07 09:45:27.344069+00:00,29.794,0.605,0.6,0.61,0.395,0.39,0.4,4847.08,711.03,711.03,4847.08,0.59,75.0,0.62,374.0,0.58,160.0,0.63,449.0,0.57,1610.79,0.64,374.0,0.56,480.46,0.65,374.0,0.55,1158.83,0.66,374.0,0.38,374.0,0.41,75.0,0.37,449.0,0.42,160.0,0.36,374.0,0.43,1610.79,0.35,374.0,0.44,480.46,0.34,374.0,0.45,1158.83
2026-01-07 09:45:30.834000+00:00,2026-01-07 09:45:28.352895+00:00,30.834,0.605,0.6,0.61,0.395,0.39,0.4,4792.2,636.03,636.03,4792.2,0.59,85.0,0.62,454.0,0.58,190.0,0.63,449.0,0.57,125.58,0.64,374.0,0.56,480.46,0.65,374.0,0.55,1158.83,0.66,374.0,0.38,454.0,0.41,1530.21,0.37,449.0,0.42,190.0,0.36,374.0,0.43,125.58,0.35,374.0,0.44,480.46,0.34,374.0,0.45,1158.83
2026-01-07 09:45:31.838000+00:00,2026-01-07 09:45:29.357069+00:00,31.838,0.605,0.6,0.61,0.395,0.39,0.4,4422.8,646.03,646.03,4427.8,0.59,1590.21,0.62,439.0,0.58,110.0,0.63,469.0,0.57,125.58,0.64,374.0,0.56,480.46,0.65,374.0,0.55,1158.83,0.66,374.0,0.38,419.0,0.41,1600.21,0.37,469.0,0.42,110.0,0.36,374.0,0.43,125.58,0.35,374.0,0.44,480.46,0.34,374.0,0.45,1158.83
2026-01-07 09:45:32.750000+00:00,2026-01-07 09:45:30.358679+00:00,32.75,0.605,0.6,0.61,0.395,0.39,0.4,4372.11,633.03,569.03,4375.43,0.59,115.0,0.62,394.0,0.58,110.0,0.63,519.0,0.57,1570.79,0.64,374.0,0.56,80.46,0.65,374.0,0.55,1158.83,0.66,374.0,0.38,394.0,0.41,115.0,0.37,519.0,0.42,110.0,0.36,374.0,0.43,1570.79,0.35,374.0,0.44,80.46,0.34,374.0,0.45,1158.83
2026-01-07 09:45:33.784000+00:00,2026-01-07 09:45:31.362008+00:00,33.784,0.605,0.6,0.61,0.395,0.39,0.4,4294.38,638.03,638.03,4294.38,0.59,145.0,0.62,439.0,0.58,110.0,0.63,469.0,0.57,1570.79,0.64,374.0,0.56,80.46,0.65,374.0,0.55,1158.83,0.66,374.0,0.38,439.0,0.41,145.0,0.37,469.0,0.42,110.0,0.36,374.0,0.43,1570.79,0.35,374.0,0.44,80.46,0.34,374.0,0.45,1158.83
2026-01-07 09:45:34.638000+00:00,2026-01-07 09:45:32.384933+00:00,34.638,0.605,0.6,0.61,0.395,0.39,0.4,4229.02,636.24,636.24,4229.02,0.59,155.0,0.62,439.0,0.58,110.0,0.63,469.0,0.57,1570.79,0.64,374.0,0.56,80.46,0.65,374.0,0.55,1158.83,0.66,374.0,0.38,439.0,0.41,155.0,0.37,469.0,0.42,110.0,0.36,374.0,0.43,1570.79,0.35,374.0,0.44,80.46,0.34,374.0,0.45,1158.83
2026-01-07 09:45:35.865000+00:00,2026-01-07 09:45:33.402679+00:00,35.865,0.605,0.6,0.61,0.395,0.39,0.4,4190.84,671.24,676.24,4190.84,0.59,115.0,0.62,399.0,0.58,110.0,0.63,469.0,0.57,1570.79,0.64,374.0,0.56,80.46,0.65,374.0,0.55,1158.83,0.66,374.0,0.38,439.0,0.41,145.0,0.37,469.0,0.42,120.0,0.36,374.0,0.43,1570.79,0.35,374.0,0.44,80.46,0.34,374.0,0.45,1158.83
2026-01-07 09:45:36.872000+00:00,2026-01-07 09:45:34.408341+00:00,36.872,0.605,0.6,0.61,0.395,0.39,0.4,3751.44,679.07,679.07,3630.44,0.59,140.0,0.62,454.0,0.58,130.0,0.63,449.0,0.57,1570.79,0.64,374.0,0.56,80.46,0.65,374.0,0.55,1158.83,0.66,374.0,0.38,454.0,0.41,140.0,0.37,449.0,0.42,130.0,0.36,374.0,0.43,1570.79,0.35,374.0,0.44,80.46,0.34,374.0,0.45,1158.83
2026-01-07 09:45:37.902000+00:00,2026-01-07 09:45:35.414105+00:00,37.902,0.605,0.6,0.61,0.395,0.39,0.4,3194.63,526.07,541.07,3194.63,0.59,5.0,0.62,191.0,0.58,45.0,0.63,206.0,0.57,190.58,0.64,191.0,0.56,100.46,0.65,191.0,0.55,1158.83,0.66,191.0,0.38,191.0,0.41,5.0,0.37,206.0,0.42,45.0,0.36,191.0,0.43,190.58,0.35,191.0,0.44,100.46,0.34,191.0,0.45,1158.83
2026-01-07 09:45:38.882000+00:00,2026-01-07 09:45:36.406744+00:00,38.882,0.605,0.6,0.61,0.395,0.39,0.4,2666.52,492.07,556.07,2666.52,0.59,1450.21,0.62,191.0,0.58,55.0,0.63,206.0,0.57,175.58,0.64,191.0,0.56,80.46,0.65,191.0,0.55,1158.83,0.66,191.0,0.38,211.0,0.41,5.0,0.37,206.0,0.42,60.0,0.36,191.0,0.43,1640.79,0.35,191.0,0.44,80.46,0.34,191.0,0.45,1158.83
2026-01-07 09:45:39.879000+00:00,2026-01-07 09:45:37.412854+00:00,39.879,0.605,0.6,0.61,0.395,0.39,0.4,2581.97,583.64,568.64,2586.97,0.59,15.0,0.62,211.0,0.58,120.0,0.63,206.0,0.57,1570.79,0.64,191.0,0.56,80.46,0.65,191.0,0.55,1158.83,0.66,191.0,0.38,231.0,0.41,20.0,0.37,206.0,0.42,100.0,0.36,191.0,0.43,1570.79,0.35,191.0,0.44,80.46,0.34,191.0,0.45,1158.83
2026-01-07 09:45:40.771000+00:00,2026-01-07 09:45:38.419077+00:00,40.771,0.605,0.6,0.61,0.395,0.39,0.4,2585.69,553.64,513.64,2569.64,0.59,100.0,0.62,241.0,0.58,170.0,0.63,206.0,0.57,1570.79,0.64,191.0,0.56,80.46,0.65,191.0,0.55,1158.83,0.66,191.0,0.38,211.0,0.41,125.0,0.37,246.0,0.42,110.0,0.36,191.0,0.43,1570.79,0.35,191.0,0.44,80.46,0.34,191.0,0.45,1158.83
2026-01-07 09:45:41.901000+00:00,2026-01-07 09:45:39.425872+00:00,41.901,0.605,0.6,0.61,0.395,0.39,0.4,2332.83,443.64,443.64,2332.83,0.59,135.0,0.62,231.0,0.58,110.0,0.63,256.0,0.57,1570.79,0.64,196.0,0.56,80.46,0.65,191.0,0.55,1158.83,0.66,191.0,0.38,231.0,0.41,135.0,0.37,256.0,0.42,110.0,0.36,196.0,0.43,1570.79,0.35,191.0,0.44,80.46,0.34,191.0,0.45,1158.83
2026-01-07 09:45:42.870000+00:00,2026-01-07 09:45:40.448495+00:00,42.87,0.605,0.6,0.61,0.395,0.39,0.4,2287.28,443.64,443.64,2267.28,0.59,135.0,0.62,221.0,0.58,110.0,0.63,256.0,0.57,1570.79,0.64,206.0,0.56,80.46,0.65,191.0,0.55,1158.83,0.66,191.0,0.38,221.0,0.41,135.0,0.37,256.0,0.42,110.0,0.36,206.0,0.43,1570.79,0.35,191.0,0.44,80.46,0.34,191.0,0.45,1158.83
2026-01-07 09:45:43.844000+00:00,2026-01-07 09:45:41.457048+00:00,43.844,0.605,0.6,0.61,0.395,0.39,0.4,2224.75,448.64,448.64,2204.75,0.59,125.0,0.62,216.0,0.58,110.0,0.63,256.0,0.57,1570.79,0.64,206.0,0.56,80.46,0.65,191.0,0.55,1158.83,0.66,191.0,0.38,216.0,0.41,125.0,0.37,256.0,0.42,110.0,0.36,206.0,0.43,1570.79,0.35,191.0,0.44,80.46,0.34,191.0,0.45,1158.83
2026-01-07 09:45:44.939000+00:00,2026-01-07 09:45:42.462624+00:00,44.939,0.605,0.6,0.61,0.395,0.39,0.4,2157.25,448.64,473.64,2134.5,0.59,135.0,0.62,226.0,0.58,110.0,0.63,246.0,0.57,125.58,0.64,201.0,0.56,80.46,0.65,191.0,0.55,1158.83,0.66,191.0,0.38,261.0,0.41,135.0,0.37,216.0,0.42,140.0,0.36,191.0,0.43,125.58,0.35,196.0,0.44,80.46,0.34,191.0,0.45,1158.83
2026-01-07 09:45:45.929000+00:00,2026-01-07 09:45:43.469552+00:00,45.929,0.605,0.6,0.61,0.395,0.39,0.4,1869.89,509.64,498.64,1860.13,0.59,1525.21,0.62,221.0,0.58,175.0,0.63,216.0,0.57,145.58,0.64,191.0,0.56,80.46,0.65,196.0,0.55,1158.83,0.66,191.0,0.38,221.0,0.41,80.0,0.37,216.0,0.42,175.0,0.36,191.0,0.43,145.58,0.35,196.0,0.44,80.46,0.34,191.0,0.45,1158.83
2026-01-07 09:45:46.946000+00:00,2026-01-07 09:45:44.474212+00:00,46.946,0.605,0.6,0.61,0.395,0.39,0.4,1203.92,458.64,455.36,1158.92,0.59,145.0,0.62,216.0,0.58,110.0,0.63,296.0,0.57,1570.79,0.64,201.0,0.56,80.46,0.65,196.0,0.55,1158.83,0.66,191.0,0.38,226.0,0.41,155.0,0.37,286.0,0.42,110.0,0.36,201.0,0.43,1570.79,0.35,196.0,0.44,80.46,0.34,191.0,0.45,1158.83
2026-01-07 09:45:47.960000+00:00,2026-01-07 09:45:45.481920+00:00,47.96,0.605,0.6,0.61,0.395,0.39,0.4,889.24,455.36,450.36,979.24,0.59,155.0,0.62,246.0,0.58,110.0,0.63,286.0,0.57,1570.79,0.64,206.0,0.56,80.46,0.65,191.0,0.55,1158.83,0.66,191.0,0.38,196.0,0.41,95.0,0.37,321.0,0.42,110.0,0.36,216.0,0.43,1570.79,0.35,201.0,0.44,80.46,0.34,191.0,0.45,1158.83
2026-01-07 09:45:48.924000+00:00,2026-01-07 09:45:46.490823+00:00,48.924,0.605,0.6,0.61,0.395,0.39,0.4,742.21,450.36,450.36,737.21,0.59,75.0,0.62,191.0,0.58,110.0,0.63,276.0,0.57,1570.79,0.64,266.0,0.56,80.46,0.65,201.0,0.55,1158.83,0.66,191.0,0.38,191.0,0.41,75.0,0.37,276.0,0.42,110.0,0.36,266.0,0.43,1570.79,0.35,201.0,0.44,80.46,0.34,191.0,0.45,1158.83
2026-01-07 09:45:49.954000+00:00,2026-01-07 09:45:47.503157+00:00,49.954,0.605,0.6,0.61,0.395,0.39,0.4,396.96,455.36,445.36,392.46,0.59,145.0,0.62,136.0,0.58,110.0,0.63,266.0,0.57,1570.79,0.64,206.0,0.56,80.46,0.65,191.0,0.55,1158.83,0.66,191.0,0.38,136.0,0.41,145.0,0.37,276.0,0.42,110.0,0.36,196.0,0.43,1570.79,0.35,191.0,0.44,80.46,0.34,191.0,0.45,1158.83
2026-01-07 09:45:50.978000+00:00,2026-01-07 09:45:48.507376+00:00,50.978,0.605,0.6,0.61,0.405,0.4,0.41,65.53,450.36,50.0,60.0,0.59,80.0,0.62,141.0,0.58,175.0,0.63,206.0,0.57,1580.79,0.64,191.0,0.56,80.46,0.65,196.0,0.55,1158.83,0.66,191.0,0.39,445.36,0.42,175.0,0.38,131.0,0.43,1570.79,0.37,206.0,0.44,80.46,0.36,251.0,0.45,1158.83,0.35,196.0,0.46,1392.72
2026-01-07 09:45:52.996000+00:00,2026-01-07 09:45:50.535031+00:00,52.996,0.575,0.57,0.58,0.425,0.42,0.43,1640.79,45.0,110.0,1585.79,0.56,80.46,0.59,187.18,0.55,1158.83,0.6,120.0,0.54,1392.72,0.61,326.36,0.53,4070.2,0.62,191.0,0.52,2629.41,0.63,206.0,0.41,156.18,0.44,140.46,0.4,95.0,0.45,1158.83,0.39,286.36,0.46,1392.72,0.38,191.0,0.47,4070.2,0.37,206.0,0.48,2629.41
2026-01-07 09:45:54.031000+00:00,2026-01-07 09:45:51.557430+00:00,54.031,0.575,0.57,0.58,0.425,0.42,0.43,1570.79,213.27,218.27,1575.79,0.56,155.46,0.59,86.18,0.55,1158.83,0.6,115.0,0.54,1392.72,0.61,286.36,0.53,4070.2,0.62,191.0,0.52,2629.41,0.63,206.0,0.41,86.18,0.44,155.46,0.4,115.0,0.45,1158.83,0.39,286.36,0.46,1392.72,0.38,191.0,0.47,4070.2,0.37,206.0,0.48,2629.41
2026-01-07 09:45:55.034000+00:00,2026-01-07 09:45:52.565433+00:00,55.034,0.575,0.57,0.58,0.425,0.42,0.43,1410.02,210.27,234.23,1420.02,0.56,85.46,0.59,156.18,0.55,1158.83,0.6,185.0,0.54,1392.72,0.61,286.36,0.53,4070.2,0.62,191.0,0.52,2629.41,0.63,206.0,0.41,156.18,0.44,85.46,0.4,165.0,0.45,1168.83,0.39,286.36,0.46,1392.72,0.38,191.0,0.47,4070.2,0.37,206.0,0.48,2629.41
2026-01-07 09:45:56.043000+00:00,2026-01-07 09:45:53.571027+00:00,56.043,0.575,0.57,0.58,0.425,0.42,0.43,1388.04,334.23,334.23,1379.55,0.56,90.46,0.59,176.18,0.55,1168.83,0.6,165.0,0.54,1392.72,0.61,286.36,0.53,4070.2,0.62,191.0,0.52,2629.41,0.63,206.0,0.41,176.18,0.44,90.46,0.4,165.0,0.45,1168.83,0.39,286.36,0.46,1392.72,0.38,191.0,0.47,4070.2,0.37,206.0,0.48,2629.41
2026-01-07 09:45:57.041000+00:00,2026-01-07 09:45:54.578147+00:00,57.041,0.575,0.57,0.58,0.425,0.42,0.43,1379.43,334.23,334.23,1374.03,0.56,85.46,0.59,166.18,0.55,1168.83,0.6,175.0,0.54,1392.72,0.61,286.36,0.53,4070.2,0.62,191.0,0.52,2629.41,0.63,206.0,0.41,166.18,0.44,85.46,0.4,175.0,0.45,1168.83,0.39,286.36,0.46,1392.72,0.38,191.0,0.47,4070.2,0.37,206.0,0.48,2629.41
2026-01-07 09:45:58.050000+00:00,2026-01-07 09:45:55.586051+00:00,58.05,0.575,0.57,0.58,0.425,0.42,0.43,1358.91,404.23,404.23,1347.32,0.56,85.46,0.59,166.18,0.55,1168.83,0.6,296.0,0.54,1392.72,0.61,286.36,0.53,4070.2,0.62,191.0,0.52,2629.41,0.63,206.0,0.41,166.18,0.44,85.46,0.4,296.0,0.45,1168.83,0.39,286.36,0.46,1392.72,0.38,191.0,0.47,4070.2,0.37,206.0,0.48,2629.41
2026-01-07 09:45:59.072000+00:00,2026-01-07 09:45:56.594028+00:00,59.072,0.575,0.57,0.58,0.435,0.43,0.44,5.0,412.23,50.0,85.46,0.56,85.46,0.59,166.18,0.55,1168.83,0.6,296.0,0.54,1273.25,0.61,286.36,0.53,4070.2,0.62,191.0,0.52,2629.41,0.63,206.0,0.42,337.23,0.45,1168.83,0.41,166.18,0.46,1273.25,0.4,286.0,0.47,4070.2,0.39,286.36,0.48,2489.41,0.38,191.0,0.49,2903.71
2026-01-07 09:46:00.068000+00:00,2026-01-07 09:45:57.603431+00:00,60.068,0.565,0.56,0.57,0.435,0.43,0.44,10.46,343.0,343.0,10.46,0.55,1098.83,0.58,159.23,0.54,1338.25,0.59,101.18,0.53,4080.2,0.6,276.0,0.52,2489.41,0.61,286.36,0.51,2903.71,0.62,191.0,0.42,159.23,0.45,1098.83,0.41,101.18,0.46,1338.25,0.4,276.0,0.47,4080.2,0.39,286.36,0.48,2489.41,0.38,191.0,0.49,2903.71
2026-01-07 09:46:01.092000+00:00,2026-01-07 09:45:58.602048+00:00,61.092,0.565,0.56,0.57,0.435,0.43,0.44,10.46,413.0,453.0,10.46,0.55,1098.83,0.58,149.23,0.54,1218.25,0.59,302.18,0.53,4030.2,0.6,276.0,0.52,2489.41,0.61,286.36,0.51,2903.71,0.62,191.0,0.42,270.23,0.45,1098.83,0.41,302.18,0.46,1228.25,0.4,276.0,0.47,4050.2,0.39,286.36,0.48,2419.41,0.38,191.0,0.49,2903.71
2026-01-07 09:46:02.011000+00:00,2026-01-07 09:45:59.609756+00:00,62.011,0.555,0.55,0.56,0.445,0.44,0.45,1116.05,297.16,235.16,1081.05,0.54,1223.25,0.57,200.0,0.53,4060.2,0.58,260.23,0.52,2429.41,0.59,222.18,0.51,2833.71,0.6,276.0,0.5,2068.89,0.61,286.36,0.43,195.0,0.46,1223.25,0.42,260.23,0.47,4060.2,0.41,222.18,0.48,2429.41,0.4,276.0,0.49,2833.71,0.39,286.36,0.5,2068.89
2026-01-07 09:46:03.105000+00:00,2026-01-07 09:46:00.614192+00:00,63.105,0.555,0.55,0.56,0.445,0.44,0.45,1077.53,240.16,342.89,1032.53,0.54,243.52,0.57,160.0,0.53,3610.2,0.58,310.23,0.52,2419.41,0.59,222.18,0.51,2833.71,0.6,276.0,0.5,2068.89,0.61,286.36,0.43,185.0,0.46,263.52,0.42,270.23,0.47,3630.2,0.41,222.18,0.48,2419.41,0.4,276.0,0.49,2833.71,0.39,286.36,0.5,2068.89
2026-01-07 09:46:04.113000+00:00,2026-01-07 09:46:01.620439+00:00,64.113,0.555,0.55,0.56,0.445,0.44,0.45,1057.53,438.89,485.89,1037.53,0.54,203.52,0.57,326.0,0.53,3600.2,0.58,340.23,0.52,2419.41,0.59,222.18,0.51,2833.71,0.6,276.0,0.5,1998.89,0.61,286.36,0.43,326.0,0.46,203.52,0.42,340.23,0.47,3600.2,0.41,222.18,0.48,2419.41,0.4,276.0,0.49,2833.71,0.39,286.36,0.5,2008.89
2026-01-07 09:46:05.107000+00:00,2026-01-07 09:46:02.628767+00:00,65.107,0.555,0.55,0.56,0.445,0.44,0.45,502.43,316.42,296.42,442.43,0.54,203.52,0.57,176.0,0.53,3600.2,0.58,330.23,0.52,2499.41,0.59,222.18,0.51,2843.71,0.6,276.0,0.5,1998.89,0.61,286.36,0.43,176.0,0.46,203.52,0.42,330.23,0.47,3600.2,0.41,222.18,0.48,2499.41,0.4,276.0,0.49,2843.71,0.39,286.36,0.5,1998.89
2026-01-07 09:46:06.110000+00:00,2026-01-07 09:46:03.647485+00:00,66.11,0.555,0.55,0.56,0.445,0.44,0.45,469.27,316.42,311.42,464.27,0.54,203.52,0.57,176.0,0.53,3670.2,0.58,330.23,0.52,2429.41,0.59,222.18,0.51,2833.71,0.6,276.0,0.5,1998.89,0.61,286.36,0.43,196.0,0.46,203.52,0.42,190.23,0.47,3680.2,0.41,222.18,0.48,2429.41,0.4,276.0,0.49,2833.71,0.39,286.36,0.5,1998.89
2026-01-07 09:46:07.124000+00:00,2026-01-07 09:46:04.653718+00:00,67.124,0.555,0.55,0.56,0.445,0.44,0.45,437.04,160.42,150.42,406.36,0.54,203.52,0.57,246.0,0.53,3600.2,0.58,260.23,0.52,2489.41,0.59,227.18,0.51,2923.71,0.6,276.0,0.5,2128.89,0.61,286.36,0.43,246.0,0.46,203.52,0.42,260.23,0.47,3600.2,0.41,227.18,0.48,2489.41,0.4,276.0,0.49,2923.71,0.39,286.36,0.5,2128.89
2026-01-07 09:46:08.137000+00:00,2026-01-07 09:46:05.660763+00:00,68.137,0.555,0.55,0.56,0.445,0.44,0.45,346.18,370.84,427.84,331.18,0.54,203.52,0.57,326.0,0.53,3600.2,0.58,320.23,0.52,2424.41,0.59,222.18,0.51,2893.71,0.6,281.0,0.5,2008.89,0.61,286.36,0.43,326.0,0.46,203.52,0.42,320.23,0.47,3600.2,0.41,222.18,0.48,2439.41,0.4,286.0,0.49,2893.71,0.39,286.36,0.5,2008.89
2026-01-07 09:46:09.146000+00:00,2026-01-07 09:46:06.669136+00:00,69.146,0.555,0.55,0.56,0.445,0.44,0.45,266.81,360.38,325.38,1586.6,0.54,1543.31,0.57,246.0,0.53,3610.2,0.58,325.23,0.52,2489.41,0.59,222.18,0.51,2843.71,0.6,276.0,0.5,1998.89,0.61,286.36,0.43,246.0,0.46,203.52,0.42,325.23,0.47,3600.2,0.41,222.18,0.48,2419.41,0.4,276.0,0.49,2903.71,0.39,286.36,0.5,2018.89
2026-01-07 09:46:10.165000+00:00,2026-01-07 09:46:07.694089+00:00,70.165,0.555,0.55,0.56,0.445,0.44,0.45,1586.14,422.89,390.89,1571.14,0.54,203.52,0.57,326.0,0.53,3615.2,0.58,280.23,0.52,2499.41,0.59,232.18,0.51,2843.71,0.6,276.0,0.5,1998.89,0.61,286.36,0.43,326.0,0.46,203.52,0.42,280.23,0.47,3615.2,0.41,232.18,0.48,2499.41,0.4,276.0,0.49,2843.71,0.39,286.36,0.5,1998.89
2026-01-07 09:46:11.169000+00:00,2026-01-07 09:46:08.698720+00:00,71.169,0.555,0.55,0.56,0.445,0.44,0.45,1445.46,412.89,412.89,1450.46,0.54,203.52,0.57,246.0,0.53,3615.2,0.58,275.23,0.52,2469.41,0.59,232.18,0.51,2873.71,0.6,276.0,0.5,1998.89,0.61,294.72,0.43,246.0,0.46,203.52,0.42,275.23,0.47,3615.2,0.41,232.18,0.48,2469.41,0.4,276.0,0.49,2873.71,0.39,294.72,0.5,1998.89
2026-01-07 09:46:12.145000+00:00,2026-01-07 09:46:09.705804+00:00,72.145,0.555,0.55,0.56,0.445,0.44,0.45,979.23,377.89,377.89,979.23,0.54,203.52,0.57,246.0,0.53,3635.2,0.58,275.23,0.52,2479.41,0.59,232.18,0.51,2843.71,0.6,276.0,0.5,1998.89,0.61,294.72,0.43,246.0,0.46,203.52,0.42,275.23,0.47,3635.2,0.41,232.18,0.48,2479.41,0.4,276.0,0.49,2843.71,0.39,294.72,0.5,1998.89
2026-01-07 09:46:13.208000+00:00,2026-01-07 09:46:10.723774+00:00,73.208,0.555,0.55,0.56,0.455,0.45,0.46,929.63,246.89,196.37,218.72,0.54,223.52,0.57,145.0,0.53,3675.2,0.58,154.23,0.52,2429.41,0.59,101.18,0.51,2833.71,0.6,155.0,0.5,2068.89,0.61,224.26,0.44,189.89,0.47,3675.2,0.43,145.0,0.48,2429.41,0.42,154.23,0.49,2833.71,0.41,101.18,0.5,2068.89,0.4,165.0,0.51,286.01
2026-01-07 09:46:14.202000+00:00,2026-01-07 09:46:11.727058+00:00,74.202,0.545,0.54,0.55,0.455,0.45,0.46,199.64,356.37,376.37,205.42,0.53,3615.2,0.56,204.89,0.52,2419.41,0.57,125.0,0.51,2833.71,0.58,154.23,0.5,1998.89,0.59,101.18,0.49,241.01,0.6,155.0,0.44,194.89,0.47,3615.2,0.43,135.0,0.48,2419.41,0.42,154.23,0.49,2833.71,0.41,101.18,0.5,2003.89,0.4,155.0,0.51,291.01
2026-01-07 09:46:15.221000+00:00,2026-01-07 09:46:12.731315+00:00,75.221,0.545,0.54,0.55,0.455,0.45,0.46,123.89,536.37,611.37,123.89,0.53,3635.2,0.56,124.89,0.52,2479.41,0.57,125.0,0.51,2843.71,0.58,149.23,0.5,1998.89,0.59,101.18,0.49,286.01,0.6,155.0,0.44,144.89,0.47,3635.2,0.43,125.0,0.48,2479.41,0.42,149.23,0.49,2843.71,0.41,111.18,0.5,1998.89,0.4,155.0,0.51,286.01
2026-01-07 09:46:16.214000+00:00,2026-01-07 09:46:13.734980+00:00,76.214,0.545,0.54,0.55,0.46499999999999997,0.46,0.47,14.75,446.37,99.0,3691.2,0.53,3635.2,0.56,169.89,0.52,2449.41,0.57,145.0,0.51,2833.71,0.58,149.23,0.5,1998.89,0.59,101.18,0.49,216.01,0.6,165.0,0.45,451.37,0.48,2449.41,0.44,169.89,0.49,2833.71,0.43,145.0,0.5,1998.89,0.42,149.23,0.51,216.01,0.41,101.18,0.52,96.0
2026-01-07 09:46:17.220000+00:00,2026-01-07 09:46:14.740206+00:00,77.22,0.535,0.53,0.54,0.46499999999999997,0.46,0.47,3615.2,365.0,339.0,3605.2,0.52,2419.41,0.55,266.37,0.51,2833.71,0.56,194.89,0.5,2028.89,0.57,135.0,0.49,266.01,0.58,149.23,0.48,36.0,0.59,101.18,0.45,210.37,0.48,2419.41,0.44,114.89,0.49,2833.71,0.43,135.0,0.5,2028.89,0.42,149.23,0.51,266.01,0.41,101.18,0.52,36.0
2026-01-07 09:46:18.208000+00:00,2026-01-07 09:46:15.761112+00:00,78.208,0.535,0.53,0.54,0.46499999999999997,0.46,0.47,3618.07,414.0,404.0,3618.07,0.52,2419.41,0.55,230.37,0.51,2893.71,0.56,114.89,0.5,2028.89,0.57,125.0,0.49,216.01,0.58,159.23,0.48,26.0,0.59,101.18,0.45,230.37,0.48,2419.41,0.44,114.89,0.49,2883.71,0.43,125.0,0.5,2008.89,0.42,159.23,0.51,216.01,0.41,101.18,0.52,26.0
2026-01-07 09:46:19.248000+00:00,2026-01-07 09:46:16.766464+00:00,79.248,0.535,0.53,0.54,0.46499999999999997,0.46,0.47,3601.06,169.0,164.0,3678.71,0.52,2419.41,0.55,140.0,0.51,2898.71,0.56,114.89,0.5,2008.89,0.57,125.0,0.49,216.01,0.58,149.23,0.48,26.0,0.59,101.18,0.45,210.0,0.48,2439.41,0.44,114.89,0.49,2973.71,0.43,125.0,0.5,2008.89,0.42,159.23,0.51,216.01,0.41,101.18,0.52,26.0
2026-01-07 09:46:20.215000+00:00,2026-01-07 09:46:17.773433+00:00,80.215,0.535,0.53,0.54,0.46499999999999997,0.46,0.47,3542.11,119.0,119.0,3532.11,0.52,2489.41,0.55,120.0,0.51,2913.71,0.56,249.89,0.5,2068.89,0.57,125.0,0.49,286.01,0.58,149.23,0.48,96.0,0.59,101.18,0.45,120.0,0.48,2499.41,0.44,249.89,0.49,2913.71,0.43,125.0,0.5,2068.89,0.42,149.23,0.51,286.01,0.41,101.18,0.52,96.0
2026-01-07 09:46:21.276000+00:00,2026-01-07 09:46:18.782004+00:00,81.276,0.535,0.53,0.54,0.46499999999999997,0.46,0.47,3583.48,50.01,75.01,3513.48,0.52,2449.41,0.55,94.0,0.51,2903.71,0.56,234.89,0.5,2063.89,0.57,145.0,0.49,286.01,0.58,149.23,0.48,96.0,0.59,101.18,0.45,89.0,0.48,2419.41,0.44,264.89,0.49,2838.71,0.43,125.0,0.5,2033.89,0.42,149.23,0.51,236.01,0.41,101.18,0.52,36.0
2026-01-07 09:46:22.271000+00:00,2026-01-07 09:46:19.788250+00:00,82.271,0.535,0.53,0.54,0.46499999999999997,0.46,0.47,3516.1,50.01,50.01,2620.68,0.52,2419.41,0.55,89.0,0.51,2833.71,0.56,119.89,0.5,2063.89,0.57,155.0,0.49,286.01,0.58,149.23,0.48,96.0,0.59,101.18,0.45,89.0,0.48,2419.41,0.44,119.89,0.49,2903.71,0.43,175.0,0.5,2063.89,0.42,169.23,0.51,286.01,0.41,101.18,0.52,96.0
2026-01-07 09:46:23.254000+00:00,2026-01-07 09:46:20.778573+00:00,83.254,0.535,0.53,0.54,0.46499999999999997,0.46,0.47,2415.53,45.01,45.01,2400.53,0.52,2489.41,0.55,174.0,0.51,2913.71,0.56,129.89,0.5,2063.89,0.57,145.0,0.49,286.01,0.58,149.23,0.48,96.0,0.59,101.18,0.45,174.0,0.48,2489.41,0.44,149.89,0.49,2913.71,0.43,155.0,0.5,2063.89,0.42,149.23,0.51,286.01,0.41,101.18,0.52,96.0
2026-01-07 09:46:24.235000+00:00,2026-01-07 09:46:21.784293+00:00,84.235,0.535,0.53,0.54,0.46499999999999997,0.46,0.47,485.53,60.01,60.01,475.53,0.52,2419.41,0.55,164.0,0.51,2903.71,0.56,154.89,0.5,2063.89,0.57,145.0,0.49,286.01,0.58,149.23,0.48,96.0,0.59,101.18,0.45,164.0,0.48,2429.41,0.44,164.89,0.49,2903.71,0.43,155.0,0.5,2063.89,0.42,149.23,0.51,286.01,0.41,101.18,0.52,96.0
2026-01-07 09:46:25.267000+00:00,2026-01-07 09:46:22.790145+00:00,85.267,0.535,0.53,0.54,0.46499999999999997,0.46,0.47,203.4,75.01,65.0,213.4,0.52,2489.41,0.55,29.0,0.51,2903.71,0.56,99.89,0.5,2063.89,0.57,60.0,0.49,286.01,0.58,119.23,0.48,96.0,0.59,131.18,0.45,29.0,0.48,2489.41,0.44,99.89,0.49,2903.71,0.43,60.0,0.5,2063.89,0.42,134.23,0.51,286.01,0.41,121.18,0.52,96.0
2026-01-07 09:46:26.272000+00:00,2026-01-07 09:46:23.795552+00:00,86.272,0.535,0.53,0.54,0.46499999999999997,0.46,0.47,101.27,20.0,20.0,96.31,0.52,2489.41,0.55,24.0,0.51,2903.71,0.56,39.89,0.5,2063.89,0.57,60.0,0.49,286.01,0.58,189.23,0.48,96.0,0.59,121.18,0.45,24.0,0.48,2489.41,0.44,44.89,0.49,2903.71,0.43,125.0,0.5,2063.89,0.42,189.23,0.51,286.01,0.41,121.18,0.52,96.0
2026-01-07 09:46:27.272000+00:00,2026-01-07 09:46:24.799357+00:00,87.272,0.545,0.54,0.55,0.455,0.45,0.46,10.0,39.0,54.0,10.0,0.53,25.0,0.56,39.89,0.52,2489.41,0.57,55.0,0.51,2903.71,0.58,109.23,0.5,2063.89,0.59,71.18,0.49,286.01,0.6,230.0,0.44,39.89,0.47,25.0,0.43,55.0,0.48,2489.41,0.42,109.23,0.49,2903.71,0.41,71.18,0.5,2063.89,0.4,230.0,0.51,286.01
2026-01-07 09:46:28.254000+00:00,2026-01-07 09:46:25.803894+00:00,88.254,0.525,0.52,0.53,0.475,0.47,0.48,2406.45,30.59,30.59,2406.45,0.51,2833.71,0.54,30.0,0.5,2063.89,0.55,39.0,0.49,286.01,0.56,39.89,0.48,96.0,0.57,65.0,0.47,79.0,0.58,209.23,0.46,30.0,0.49,2833.71,0.45,39.0,0.5,2063.89,0.44,39.89,0.51,286.01,0.43,65.0,0.52,96.0,0.42,209.23,0.53,79.0
2026-01-07 09:46:29.304000+00:00,2026-01-07 09:46:26.823220+00:00,89.304,0.525,0.52,0.53,0.475,0.47,0.48,2401.45,30.59,45.59,2299.41,0.51,2833.71,0.54,30.0,0.5,2063.89,0.55,114.0,0.49,286.01,0.56,134.89,0.48,96.0,0.57,145.0,0.47,79.0,0.58,149.23,0.46,30.0,0.49,2833.71,0.45,109.0,0.5,2063.89,0.44,119.89,0.51,286.01,0.43,155.0,0.52,96.0,0.42,149.23,0.53,79.0
2026-01-07 09:46:30.296000+00:00,2026-01-07 09:46:27.842974+00:00,90.296,0.525,0.52,0.53,0.475,0.47,0.48,2314.41,30.59,30.59,2314.41,0.51,2833.71,0.54,30.0,0.5,2073.89,0.55,109.0,0.49,286.01,0.56,139.89,0.48,96.0,0.57,165.0,0.47,79.0,0.58,169.23,0.46,30.0,0.49,2833.71,0.45,109.0,0.5,2073.89,0.44,139.89,0.51,286.01,0.43,165.0,0.52,96.0,0.42,169.23,0.53,79.0
2026-01-07 09:46:31.266000+00:00,2026-01-07 09:46:28.846289+00:00,91.266,0.525,0.52,0.53,0.475,0.47,0.48,2078.82,35.59,120.59,2088.82,0.51,2833.71,0.54,30.0,0.5,2063.89,0.55,119.0,0.49,296.01,0.56,159.89,0.48,96.0,0.57,155.0,0.47,79.0,0.58,149.23,0.46,100.0,0.49,2833.71,0.45,114.0,0.5,2063.89,0.44,159.89,0.51,296.01,0.43,145.0,0.52,96.0,0.42,149.23,0.53,79.0
2026-01-07 09:46:32.201000+00:00,2026-01-07 09:46:29.853614+00:00,92.201,0.525,0.52,0.53,0.475,0.47,0.48,2128.82,105.59,105.59,2078.82,0.51,2843.71,0.54,105.0,0.5,2063.89,0.55,164.0,0.49,296.01,0.56,139.89,0.48,96.0,0.57,125.0,0.47,79.0,0.58,149.23,0.46,110.0,0.49,2843.71,0.45,119.0,0.5,2063.89,0.44,109.89,0.51,286.01,0.43,125.0,0.52,96.0,0.42,149.23,0.53,79.0
2026-01-07 09:46:33.255000+00:00,2026-01-07 09:46:30.878023+00:00,93.255,0.525,0.52,0.53,0.475,0.47,0.48,1949.74,30.0,100.0,1949.74,0.51,2893.71,0.54,155.0,0.5,2073.89,0.55,139.0,0.49,286.01,0.56,109.89,0.48,106.0,0.57,125.0,0.47,79.0,0.58,149.23,0.46,155.0,0.49,2893.71,0.45,139.0,0.5,2073.89,0.44,109.89,0.51,286.01,0.43,125.0,0.52,106.0,0.42,149.23,0.53,79.0
2026-01-07 09:46:34.361000+00:00,2026-01-07 09:46:31.897882+00:00,94.361,0.525,0.52,0.53,0.475,0.47,0.48,1982.15,2115.0,2115.0,1982.15,0.51,2853.71,0.54,120.0,0.5,2073.89,0.55,159.0,0.49,286.01,0.56,129.89,0.48,106.0,0.57,125.0,0.47,79.0,0.58,149.23,0.46,120.0,0.49,2853.71,0.45,159.0,0.5,2073.89,0.44,129.89,0.51,286.01,0.43,125.0,0.52,106.0,0.42,149.23,0.53,79.0
2026-01-07 09:46:35.289000+00:00,2026-01-07 09:46:32.902199+00:00,95.289,0.525,0.52,0.53,0.475,0.47,0.48,1961.31,2020.0,2020.0,1956.31,0.51,2853.71,0.54,115.0,0.5,2073.89,0.55,159.0,0.49,286.01,0.56,129.89,0.48,106.0,0.57,125.0,0.47,79.0,0.58,149.23,0.46,115.0,0.49,2858.71,0.45,159.0,0.5,2073.89,0.44,129.89,0.51,286.01,0.43,125.0,0.52,106.0,0.42,149.23,0.53,79.0
2026-01-07 09:46:36.172000+00:00,2026-01-07 09:46:33.906070+00:00,96.172,0.525,0.52,0.53,0.475,0.47,0.48,1909.22,2100.0,2093.0,1909.22,0.51,2838.71,0.54,120.0,0.5,2128.89,0.55,109.0,0.49,296.01,0.56,109.89,0.48,96.0,0.57,125.0,0.47,79.0,0.58,149.23,0.46,120.0,0.49,2838.71,0.45,109.0,0.5,2128.89,0.44,109.89,0.51,296.01,0.43,125.0,0.52,96.0,0.42,149.23,0.53,79.0
2026-01-07 09:46:37.280000+00:00,2026-01-07 09:46:34.928273+00:00,97.28,0.525,0.52,0.53,0.475,0.47,0.48,1984.32,2013.11,2013.11,1969.32,0.51,2843.71,0.54,105.0,0.5,2063.89,0.55,174.0,0.49,286.01,0.56,129.89,0.48,106.0,0.57,125.0,0.47,79.0,0.58,149.23,0.46,105.0,0.49,2913.71,0.45,174.0,0.5,2063.89,0.44,129.89,0.51,286.01,0.43,125.0,0.52,106.0,0.42,149.23,0.53,79.0
2026-01-07 09:46:38.412000+00:00,2026-01-07 09:46:35.932876+00:00,98.412,0.525,0.52,0.53,0.475,0.47,0.48,1962.37,2013.11,2013.11,1966.53,0.51,2751.57,0.54,100.0,0.5,2063.89,0.55,114.0,0.49,296.01,0.56,164.89,0.48,96.0,0.57,155.0,0.47,79.0,0.58,149.23,0.46,100.0,0.49,2751.57,0.45,114.0,0.5,2063.89,0.44,164.89,0.51,296.01,0.43,155.0,0.52,96.0,0.42,149.23,0.53,79.0
2026-01-07 09:46:39.389000+00:00,2026-01-07 09:46:36.941256+00:00,99.389,0.525,0.52,0.53,0.475,0.47,0.48,1888.82,2033.11,2033.11,1958.82,0.51,2831.57,0.54,30.0,0.5,2063.89,0.55,109.0,0.49,286.01,0.56,169.89,0.48,106.0,0.57,125.0,0.47,79.0,0.58,149.23,0.46,30.0,0.49,2831.57,0.45,109.0,0.5,2063.89,0.44,169.89,0.51,286.01,0.43,125.0,0.52,106.0,0.42,149.23,0.53,79.0
2026-01-07 09:46:40.431000+00:00,2026-01-07 09:46:37.962727+00:00,100.431,0.525,0.52,0.53,0.475,0.47,0.48,1829.64,1963.11,1973.11,1829.64,0.51,2801.57,0.54,55.0,0.5,2073.89,0.55,209.0,0.49,286.01,0.56,109.89,0.48,96.0,0.57,125.0,0.47,89.0,0.58,149.23,0.46,55.0,0.49,2801.57,0.45,209.0,0.5,2073.89,0.44,109.89,0.51,286.01,0.43,125.0,0.52,96.0,0.42,149.23,0.53,89.0
2026-01-07 09:46:41.445000+00:00,2026-01-07 09:46:38.967816+00:00,101.445,0.525,0.52,0.53,0.475,0.47,0.48,1824.64,1973.11,1973.11,1837.55,0.51,2811.57,0.54,85.0,0.5,2073.89,0.55,179.0,0.49,286.01,0.56,109.89,0.48,96.0,0.57,125.0,0.47,89.0,0.58,149.23,0.46,85.0,0.49,2811.57,0.45,179.0,0.5,2073.89,0.44,109.89,0.51,286.01,0.43,125.0,0.52,96.0,0.42,149.23,0.53,89.0
2026-01-07 09:46:42.443000+00:00,2026-01-07 09:46:39.974284+00:00,102.443,0.535,0.53,0.54,0.46499999999999997,0.46,0.47,3036.89,30.0,30.0,3031.93,0.52,1877.55,0.55,204.0,0.51,2751.57,0.56,139.89,0.5,2063.89,0.57,125.0,0.49,286.01,0.58,149.23,0.48,106.0,0.59,101.18,0.45,204.0,0.48,1877.55,0.44,139.89,0.49,2751.57,0.43,125.0,0.5,2063.89,0.42,149.23,0.51,286.01,0.41,101.18,0.52,106.0
2026-01-07 09:46:43.193000+00:00,2026-01-07 09:46:40.997280+00:00,103.193,0.535,0.53,0.54,0.46499999999999997,0.46,0.47,3024.8,100.0,140.0,3022.67,0.52,1882.55,0.55,204.0,0.51,2681.57,0.56,139.89,0.5,2063.89,0.57,125.0,0.49,286.01,0.58,149.23,0.48,106.0,0.59,101.18,0.45,204.0,0.48,1882.55,0.44,129.89,0.49,2681.57,0.43,125.0,0.5,2063.89,0.42,149.23,0.51,286.01,0.41,101.18,0.52,106.0
2026-01-07 09:46:44.484000+00:00,2026-01-07 09:46:42.004645+00:00,104.484,0.535,0.53,0.54,0.46499999999999997,0.46,0.47,2913.28,145.0,50.0,2721.14,0.52,1817.55,0.55,79.0,0.51,2671.57,0.56,39.89,0.5,1993.89,0.57,55.0,0.49,216.01,0.58,79.23,0.48,86.0,0.59,101.18,0.45,79.0,0.48,1817.55,0.44,39.89,0.49,2671.57,0.43,55.0,0.5,1993.89,0.42,79.23,0.51,216.01,0.41,101.18,0.52,91.0
2026-01-07 09:46:45.437000+00:00,2026-01-07 09:46:43.013367+00:00,105.437,0.535,0.53,0.54,0.46499999999999997,0.46,0.47,2664.04,50.0,50.0,2664.04,0.52,1817.55,0.55,79.0,0.51,2671.57,0.56,39.89,0.5,1993.89,0.57,55.0,0.49,261.01,0.58,79.23,0.48,56.0,0.59,101.18,0.45,79.0,0.48,1817.55,0.44,39.89,0.49,2671.57,0.43,55.0,0.5,1993.89,0.42,79.23,0.51,266.01,0.41,101.18,0.52,56.0
2026-01-07 09:46:46.450000+00:00,2026-01-07 09:46:44.019095+00:00,106.45,0.535,0.53,0.54,0.46499999999999997,0.46,0.47,2637.76,60.0,60.0,2637.76,0.52,1827.55,0.55,79.0,0.51,2671.57,0.56,49.89,0.5,2053.89,0.57,55.0,0.49,226.01,0.58,79.23,0.48,26.0,0.59,101.18,0.45,79.0,0.48,1827.55,0.44,49.89,0.49,2671.57,0.43,55.0,0.5,2053.89,0.42,79.23,0.51,226.01,0.41,101.18,0.52,26.0
2026-01-07 09:46:47.461000+00:00,2026-01-07 09:46:45.026859+00:00,107.461,0.535,0.53,0.54,0.46499999999999997,0.46,0.47,2632.8,100.0,105.0,2632.8,0.52,1887.55,0.55,89.0,0.51,2781.57,0.56,169.89,0.5,2093.89,0.57,135.0,0.49,286.01,0.58,149.23,0.48,96.0,0.59,101.18,0.45,89.0,0.48,1887.55,0.44,169.89,0.49,2781.57,0.43,135.0,0.5,2093.89,0.42,149.23,0.51,286.01,0.41,101.18,0.52,96.0
2026-01-07 09:46:48.506000+00:00,2026-01-07 09:46:46.033175+00:00,108.506,0.535,0.53,0.54,0.46499999999999997,0.46,0.47,2657.8,75.0,50.0,2717.8,0.52,1917.55,0.55,224.0,0.51,2761.57,0.56,139.89,0.5,2063.89,0.57,135.0,0.49,286.01,0.58,149.23,0.48,96.0,0.59,101.18,0.45,219.0,0.48,1887.55,0.44,119.89,0.49,2741.57,0.43,150.0,0.5,2063.89,0.42,159.23,0.51,296.01,0.41,101.18,0.52,96.0
2026-01-07 09:46:49.511000+00:00,2026-01-07 09:46:47.041767+00:00,109.511,0.535,0.53,0.54,0.46499999999999997,0.46,0.47,2687.8,45.0,45.0,2687.8,0.52,1907.55,0.55,189.0,0.51,2741.57,0.56,154.89,0.5,2063.89,0.57,145.0,0.49,286.01,0.58,149.23,0.48,106.0,0.59,100.0,0.45,189.0,0.48,1907.55,0.44,154.89,0.49,2741.57,0.43,145.0,0.5,2063.89,0.42,149.23,0.51,286.01,0.41,100.0,0.52,106.0
2026-01-07 09:46:50.494000+00:00,2026-01-07 09:46:48.049551+00:00,110.494,0.535,0.53,0.54,0.46499999999999997,0.46,0.47,2762.8,30.0,45.0,2762.8,0.52,1907.55,0.55,184.0,0.51,2741.57,0.56,154.89,0.5,2063.89,0.57,145.0,0.49,286.01,0.58,149.23,0.48,106.0,0.59,100.0,0.45,189.14,0.48,1907.55,0.44,154.89,0.49,2741.57,0.43,145.0,0.5,2063.89,0.42,149.23,0.51,286.01,0.41,100.0,0.52,106.0
2026-01-07 09:46:51.501000+00:00,2026-01-07 09:46:49.055410+00:00,111.501,0.535,0.53,0.54,0.46499999999999997,0.46,0.47,2737.84,45.0,35.0,2737.84,0.52,1927.55,0.55,276.14,0.51,2741.57,0.56,139.89,0.5,2063.89,0.57,135.0,0.49,296.01,0.58,149.23,0.48,96.0,0.59,100.0,0.45,276.14,0.48,1927.55,0.44,139.89,0.49,2741.57,0.43,135.0,0.5,2063.89,0.42,149.23,0.51,296.01,0.41,100.0,0.52,96.0
2026-01-07 09:46:52.263000+00:00,2026-01-07 09:46:50.062069+00:00,112.263,0.535,0.53,0.54,0.46499999999999997,0.46,0.47,2735.71,35.0,35.0,2735.71,0.52,1927.55,0.55,267.14,0.51,2741.57,0.56,139.89,0.5,2063.89,0.57,135.0,0.49,296.01,0.58,149.23,0.48,96.0,0.59,100.0,0.45,267.14,0.48,1927.55,0.44,139.89,0.49,2741.57,0.43,135.0,0.5,2063.89,0.42,149.23,0.51,296.01,0.41,100.0,0.52,96.0
2026-01-07 09:46:53.520000+00:00,2026-01-07 09:46:51.066816+00:00,113.52,0.535,0.53,0.54,0.46499999999999997,0.46,0.47,615.71,208.0,208.0,615.71,0.52,1967.55,0.55,224.14,0.51,2741.57,0.56,139.89,0.5,2063.89,0.57,125.0,0.49,286.01,0.58,149.23,0.48,106.0,0.59,100.0,0.45,224.14,0.48,1967.55,0.44,139.89,0.49,2741.57,0.43,125.0,0.5,2063.89,0.42,149.23,0.51,286.01,0.41,100.0,0.52,106.0
2026-01-07 09:46:54.546000+00:00,2026-01-07 09:46:52.073732+00:00,114.546,0.535,0.53,0.54,0.46499999999999997,0.46,0.47,615.71,180.0,215.0,615.71,0.52,1817.55,0.55,234.14,0.51,2671.57,0.56,109.89,0.5,1993.89,0.57,125.0,0.49,216.01,0.58,149.23,0.48,96.0,0.59,100.0,0.45,234.14,0.48,1817.55,0.44,109.89,0.49,2671.57,0.43,125.0,0.5,1993.89,0.42,149.23,0.51,221.01,0.41,100.0,0.52,81.0
2026-01-07 09:46:55.504000+00:00,2026-01-07 09:46:53.077781+00:00,115.504,0.535,0.53,0.54,0.46499999999999997,0.46,0.47,453.93,120.0,120.0,453.93,0.52,1817.55,0.55,214.14,0.51,2671.57,0.56,109.89,0.5,1993.89,0.57,125.0,0.49,226.01,0.58,149.23,0.48,96.0,0.59,100.0,0.45,214.14,0.48,1817.55,0.44,109.89,0.49,2671.57,0.43,125.0,0.5,1993.89,0.42,149.23,0.51,226.01,0.41,100.0,0.52,96.0
2026-01-07 09:46:56.632000+00:00,2026-01-07 09:46:54.084538+00:00,116.632,0.535,0.53,0.54,0.46499999999999997,0.46,0.47,490.99,140.0,100.0,490.99,0.52,1817.55,0.55,154.14,0.51,2691.57,0.56,169.89,0.5,2053.89,0.57,125.0,0.49,216.01,0.58,149.23,0.48,26.0,0.59,100.0,0.45,154.14,0.48,1817.55,0.44,169.89,0.49,2721.57,0.43,125.0,0.5,2023.89,0.42,149.23,0.51,216.01,0.41,100.0,0.52,26.0
2026-01-07 09:46:57.564000+00:00,2026-01-07 09:46:55.090887+00:00,117.564,0.535,0.53,0.54,0.46499999999999997,0.46,0.47,510.99,120.0,89.18,510.99,0.52,1817.55,0.55,164.14,0.51,2761.57,0.56,169.89,0.5,2123.89,0.57,125.0,0.49,286.01,0.58,149.23,0.48,96.0,0.59,100.0,0.45,164.14,0.48,1817.55,0.44,169.89,0.49,2761.57,0.43,125.0,0.5,2123.89,0.42,149.23,0.51,286.01,0.41,100.0,0.52,96.0
2026-01-07 09:46:58.567000+00:00,2026-01-07 09:46:56.097551+00:00,118.567,0.535,0.53,0.54,0.46499999999999997,0.46,0.47,490.99,149.18,129.18,486.03,0.52,1887.55,0.55,154.14,0.51,2791.57,0.56,109.89,0.5,2093.89,0.57,125.0,0.49,286.01,0.58,159.23,0.48,96.0,0.59,100.0,0.45,174.14,0.48,1892.55,0.44,109.89,0.49,2786.57,0.43,125.0,0.5,2093.89,0.42,159.23,0.51,286.01,0.41,100.0,0.52,96.0
2026-01-07 09:46:59.574000+00:00,2026-01-07 09:46:57.101904+00:00,119.574,0.535,0.53,0.54,0.46499999999999997,0.46,0.47,401.07,159.18,179.18,401.07,0.52,1907.55,0.55,164.14,0.51,2741.57,0.56,109.89,0.5,2063.89,0.57,125.0,0.49,286.01,0.58,149.23,0.48,106.0,0.59,110.0,0.45,204.14,0.48,1967.55,0.44,129.89,0.49,2741.57,0.43,125.0,0.5,2063.89,0.42,149.23,0.51,286.01,0.41,110.0,0.52,106.0
2026-01-07 09:47:00.568000+00:00,2026-01-07 09:46:58.122256+00:00,120.568,0.535,0.53,0.54,0.46499999999999997,0.46,0.47,406.07,180.08,180.08,406.07,0.52,1957.55,0.55,204.0,0.51,2741.57,0.56,129.89,0.5,2063.89,0.57,125.0,0.49,286.01,0.58,149.23,0.48,106.0,0.59,110.0,0.45,204.0,0.48,1957.55,0.44,129.89,0.49,2741.57,0.43,125.0,0.5,2063.89,0.42,149.23,0.51,286.01,0.41,110.0,0.52,106.0
2026-01-07 09:47:01.588000+00:00,2026-01-07 09:46:59.111065+00:00,121.588,0.535,0.53,0.54,0.46499999999999997,0.46,0.47,459.8,190.08,185.08,459.8,0.52,1927.55,0.55,174.0,0.51,2736.57,0.56,129.89,0.5,2063.89,0.57,125.0,0.49,286.01,0.58,149.23,0.48,96.0,0.59,100.0,0.45,204.0,0.48,1957.55,0.44,129.89,0.49,2736.57,0.43,125.0,0.5,2063.89,0.42,149.23,0.51,286.01,0.41,110.0,0.52,106.0
2026-01-07 09:47:02.507000+00:00,2026-01-07 09:47:00.118822+00:00,122.507,0.535,0.53,0.54,0.46499999999999997,0.46,0.47,365.34,120.9,120.9,359.78,0.52,1957.55,0.55,264.0,0.51,2736.57,0.56,129.89,0.5,2063.89,0.57,125.0,0.49,286.01,0.58,149.23,0.48,106.0,0.59,110.0,0.45,264.0,0.48,1957.55,0.44,129.89,0.49,2736.57,0.43,125.0,0.5,2063.89,0.42,149.23,0.51,286.01,0.41,110.0,0.52,106.0
2026-01-07 09:47:03.575000+00:00,2026-01-07 09:47:01.124950+00:00,123.575,0.535,0.53,0.54,0.46499999999999997,0.46,0.47,434.78,115.9,115.9,434.78,0.52,1957.55,0.55,264.0,0.51,2736.57,0.56,129.89,0.5,2063.89,0.57,125.0,0.49,286.01,0.58,149.23,0.48,106.0,0.59,110.0,0.45,264.0,0.48,1957.55,0.44,129.89,0.49,2736.57,0.43,125.0,0.5,2063.89,0.42,149.23,0.51,286.01,0.41,110.0,0.52,106.0
2026-01-07 09:47:04.939000+00:00,2026-01-07 09:47:03.154351+00:00,124.939,0.535,0.53,0.54,0.46499999999999997,0.46,0.47,434.78,130.9,155.9,434.78,0.52,1957.55,0.55,264.0,0.51,2736.57,0.56,129.89,0.5,2063.89,0.57,125.0,0.49,286.01,0.58,149.23,0.48,106.0,0.59,110.0,0.45,264.0,0.48,1957.55,0.44,129.89,0.49,2736.57,0.43,125.0,0.5,2063.89,0.42,149.23,0.51,286.01,0.41,110.0,0.52,106.0
2026-01-07 09:47:06.591000+00:00,2026-01-07 09:47:04.174185+00:00,126.591,0.535,0.53,0.54,0.46499999999999997,0.46,0.47,329.59,127.19,60.9,329.59,0.52,1957.55,0.55,204.0,0.51,2736.57,0.56,129.89,0.5,2063.89,0.57,125.0,0.49,286.01,0.58,149.23,0.48,106.0,0.59,110.0,0.45,204.0,0.48,1957.55,0.44,129.89,0.49,2736.57,0.43,125.0,0.5,2063.89,0.42,149.23,0.51,286.01,0.41,110.0,0.52,106.0
2026-01-07 09:47:07.343000+00:00,2026-01-07 09:47:05.180107+00:00,127.343,0.535,0.53,0.54,0.46499999999999997,0.46,0.47,329.59,127.19,127.19,329.59,0.52,1957.55,0.55,204.0,0.51,2736.57,0.56,129.89,0.5,2063.89,0.57,125.0,0.49,286.01,0.58,149.23,0.48,106.0,0.59,110.0,0.45,204.0,0.48,1957.55,0.44,129.89,0.49,2736.57,0.43,125.0,0.5,2063.89,0.42,149.23,0.51,286.01,0.41,110.0,0.52,106.0
2026-01-07 09:47:08.528000+00:00,2026-01-07 09:47:06.170104+00:00,128.528,0.525,0.52,0.53,0.475,0.47,0.48,193.15,45.0,45.0,193.15,0.51,2746.57,0.54,141.63,0.5,2063.89,0.55,199.0,0.49,286.01,0.56,109.89,0.48,106.0,0.57,125.0,0.47,79.0,0.58,159.23,0.46,141.63,0.49,2746.57,0.45,199.0,0.5,2063.89,0.44,109.89,0.51,286.01,0.43,125.0,0.52,106.0,0.42,159.23,0.53,79.0
2026-01-07 09:47:09.686000+00:00,2026-01-07 09:47:07.192076+00:00,129.686,0.525,0.52,0.53,0.475,0.47,0.48,172.31,21.22,55.0,42.31,0.51,2746.57,0.54,156.63,0.5,2063.89,0.55,199.0,0.49,286.01,0.56,109.89,0.48,106.0,0.57,125.0,0.47,79.0,0.58,159.23,0.46,126.63,0.49,2736.57,0.45,149.0,0.5,2083.89,0.44,109.89,0.51,286.01,0.43,125.0,0.52,106.0,0.42,149.23,0.53,79.0
2026-01-07 09:47:10.653000+00:00,2026-01-07 09:47:08.214571+00:00,130.653,0.525,0.52,0.53,0.475,0.47,0.48,120.22,132.0,97.0,40.22,0.51,2741.57,0.54,116.63,0.5,2138.89,0.55,149.0,0.49,286.01,0.56,109.89,0.48,96.0,0.57,135.0,0.47,79.0,0.58,149.23,0.46,116.63,0.49,2671.57,0.45,149.0,0.5,2218.89,0.44,109.89,0.51,286.01,0.43,135.0,0.52,96.0,0.42,149.23,0.53,79.0
2026-01-07 09:47:11.555000+00:00,2026-01-07 09:47:09.219898+00:00,131.555,0.525,0.52,0.53,0.475,0.47,0.48,40.22,182.0,167.0,40.22,0.51,2671.57,0.54,116.63,0.5,2188.89,0.55,149.0,0.49,316.01,0.56,109.89,0.48,96.0,0.57,135.0,0.47,79.0,0.58,149.23,0.46,116.63,0.49,2671.57,0.45,149.0,0.5,2188.89,0.44,109.89,0.51,316.01,0.43,135.0,0.52,96.0,0.42,149.23,0.53,79.0
2026-01-07 09:47:12.642000+00:00,2026-01-07 09:47:10.224787+00:00,132.642,0.525,0.52,0.53,0.475,0.47,0.48,35.22,167.0,167.0,35.22,0.51,2671.57,0.54,116.63,0.5,2188.89,0.55,149.0,0.49,316.01,0.56,109.89,0.48,96.0,0.57,135.0,0.47,79.0,0.58,149.23,0.46,116.63,0.49,2671.57,0.45,149.0,0.5,2188.89,0.44,109.89,0.51,316.01,0.43,135.0,0.52,96.0,0.42,149.23,0.53,79.0
2026-01-07 09:47:13.719000+00:00,2026-01-07 09:47:11.242089+00:00,133.719,0.525,0.52,0.53,0.475,0.47,0.48,23.8,137.0,122.0,19.26,0.51,2711.73,0.54,146.63,0.5,1993.89,0.55,159.0,0.49,296.01,0.56,109.89,0.48,96.0,0.57,125.0,0.47,79.0,0.58,149.23,0.46,156.63,0.49,2811.73,0.45,169.0,0.5,1993.89,0.44,109.89,0.51,216.01,0.43,125.0,0.52,96.0,0.42,149.23,0.53,89.0
2026-01-07 09:47:14.736000+00:00,2026-01-07 09:47:12.260670+00:00,134.736,0.515,0.51,0.52,0.485,0.48,0.49,2756.73,34.71,42.71,2801.73,0.5,2143.89,0.53,22.0,0.49,286.01,0.54,36.63,0.48,106.0,0.55,179.0,0.47,79.0,0.56,139.89,0.46,70.0,0.57,135.0,0.47,22.0,0.5,2143.89,0.46,41.63,0.51,286.01,0.45,199.0,0.52,106.0,0.44,129.89,0.53,79.0,0.43,135.0,0.54,70.0
2026-01-07 09:47:15.657000+00:00,2026-01-07 09:47:13.279503+00:00,135.657,0.515,0.51,0.52,0.485,0.48,0.49,2757.24,92.71,92.71,2757.24,0.5,2073.89,0.53,10.78,0.49,286.01,0.54,86.63,0.48,96.0,0.55,159.0,0.47,89.0,0.56,109.89,0.46,70.0,0.57,125.0,0.47,10.78,0.5,2073.89,0.46,96.63,0.51,286.01,0.45,169.0,0.52,96.0,0.44,109.89,0.53,89.0,0.43,125.0,0.54,70.0
2026-01-07 09:47:16.749000+00:00,2026-01-07 09:47:14.286286+00:00,136.749,0.515,0.51,0.52,0.485,0.48,0.49,2645.19,77.71,77.71,2630.19,0.5,2143.89,0.53,130.78,0.49,296.01,0.54,121.63,0.48,96.0,0.55,159.0,0.47,79.0,0.56,109.89,0.46,80.0,0.57,125.0,0.47,130.78,0.5,2143.89,0.46,121.63,0.51,296.01,0.45,159.0,0.52,96.0,0.44,109.89,0.53,79.0,0.43,125.0,0.54,80.0
2026-01-07 09:47:17.753000+00:00,2026-01-07 09:47:15.306971+00:00,137.753,0.515,0.51,0.52,0.485,0.48,0.49,2624.84,75.0,75.0,2624.84,0.5,2053.89,0.53,50.0,0.49,386.01,0.54,121.63,0.48,106.0,0.55,149.0,0.47,79.0,0.56,109.89,0.46,70.0,0.57,125.0,0.47,50.0,0.5,2053.89,0.46,121.63,0.51,386.01,0.45,149.0,0.52,106.0,0.44,109.89,0.53,79.0,0.43,125.0,0.54,70.0
2026-01-07 09:47:18.660000+00:00,2026-01-07 09:47:16.327591+00:00,138.66,0.515,0.51,0.52,0.485,0.48,0.49,2629.84,30.0,30.0,2629.84,0.5,2073.89,0.53,35.0,0.49,376.01,0.54,131.63,0.48,96.0,0.55,159.0,0.47,79.0,0.56,109.89,0.46,70.0,0.57,125.0,0.47,45.0,0.5,2073.89,0.46,131.63,0.51,376.01,0.45,159.0,0.52,96.0,0.44,109.89,0.53,79.0,0.43,125.0,0.54,70.0
2026-01-07 09:47:19.795000+00:00,2026-01-07 09:47:17.333996+00:00,139.795,0.52,0.51,0.53,0.485,0.48,0.49,2789.84,5.0,40.0,2789.84,0.5,2153.89,0.54,76.63,0.49,286.01,0.55,189.0,0.48,96.0,0.56,109.89,0.47,79.0,0.57,125.0,0.46,70.0,0.58,138.96,0.47,5.0,0.5,2073.89,0.46,76.63,0.51,286.01,0.45,189.0,0.52,96.0,0.44,109.89,0.53,79.0,0.43,130.0,0.54,70.0
2026-01-07 09:47:20.833000+00:00,2026-01-07 09:47:18.355581+00:00,140.833,0.515,0.51,0.52,0.485,0.48,0.49,2627.79,75.0,75.0,2627.79,0.5,2138.89,0.53,50.88,0.49,296.01,0.54,131.63,0.48,96.0,0.55,159.0,0.47,79.0,0.56,109.89,0.46,70.0,0.57,130.0,0.47,50.88,0.5,2138.89,0.46,131.63,0.51,296.01,0.45,159.0,0.52,96.0,0.44,109.89,0.53,79.0,0.43,130.0,0.54,70.0
2026-01-07 09:47:21.836000+00:00,2026-01-07 09:47:19.362823+00:00,141.836,0.515,0.51,0.52,0.485,0.48,0.49,2617.64,70.0,75.0,2617.64,0.5,2218.89,0.53,50.88,0.49,296.01,0.54,131.63,0.48,96.0,0.55,159.0,0.47,79.0,0.56,109.89,0.46,70.0,0.57,130.0,0.47,50.88,0.5,2218.89,0.46,131.63,0.51,296.01,0.45,159.0,0.52,96.0,0.44,109.89,0.53,79.0,0.43,130.0,0.54,70.0
2026-01-07 09:47:22.752000+00:00,2026-01-07 09:47:20.367578+00:00,142.752,0.515,0.51,0.52,0.485,0.48,0.49,2617.64,55.0,55.0,2632.64,0.5,2218.89,0.53,110.88,0.49,296.01,0.54,141.63,0.48,96.0,0.55,159.0,0.47,79.0,0.56,109.89,0.46,70.0,0.57,130.0,0.47,100.88,0.5,2188.89,0.46,111.63,0.51,286.01,0.45,159.0,0.52,96.0,0.44,109.89,0.53,79.0,0.43,130.0,0.54,70.0
2026-01-07 09:47:23.745000+00:00,2026-01-07 09:47:21.389477+00:00,143.745,0.515,0.51,0.52,0.485,0.48,0.49,2732.64,52.98,52.98,2717.64,0.5,2118.89,0.53,105.88,0.49,286.01,0.54,121.63,0.48,96.0,0.55,189.0,0.47,79.0,0.56,109.89,0.46,70.0,0.57,130.0,0.47,105.88,0.5,2118.89,0.46,121.63,0.51,286.01,0.45,189.0,0.52,96.0,0.44,109.89,0.53,79.0,0.43,130.0,0.54,70.0
2026-01-07 09:47:24.844000+00:00,2026-01-07 09:47:22.396169+00:00,144.844,0.515,0.51,0.52,0.485,0.48,0.49,2692.29,22.98,22.98,2692.29,0.5,2138.89,0.53,35.88,0.49,286.01,0.54,141.63,0.48,96.0,0.55,169.0,0.47,79.0,0.56,109.89,0.46,70.0,0.57,130.0,0.47,35.88,0.5,2138.89,0.46,141.63,0.51,286.01,0.45,169.0,0.52,96.0,0.44,109.89,0.53,79.0,0.43,130.0,0.54,70.0
2026-01-07 09:47:25.872000+00:00,2026-01-07 09:47:23.408905+00:00,145.872,0.515,0.51,0.52,0.485,0.48,0.49,2760.24,63.98,63.98,2756.15,0.5,2138.89,0.53,50.88,0.49,296.01,0.54,131.63,0.48,96.0,0.55,149.0,0.47,79.0,0.56,109.89,0.46,70.0,0.57,130.0,0.47,120.88,0.5,2138.89,0.46,141.63,0.51,296.01,0.45,149.0,0.52,96.0,0.44,109.89,0.53,79.0,0.43,130.0,0.54,70.0
2026-01-07 09:47:26.924000+00:00,2026-01-07 09:47:24.430045+00:00,146.924,0.515,0.51,0.52,0.485,0.48,0.49,2627.06,101.98,101.98,2627.06,0.5,2043.89,0.53,90.88,0.49,216.01,0.54,141.63,0.48,96.0,0.55,189.0,0.47,79.0,0.56,109.89,0.46,70.0,0.57,130.0,0.47,90.88,0.5,2113.89,0.46,141.63,0.51,286.01,0.45,189.0,0.52,96.0,0.44,109.89,0.53,79.0,0.43,130.0,0.54,70.0
2026-01-07 09:47:27.906000+00:00,2026-01-07 09:47:25.434696+00:00,147.906,0.515,0.51,0.52,0.485,0.48,0.49,2337.25,28.11,28.11,2407.25,0.5,2073.89,0.53,85.88,0.49,286.01,0.54,126.63,0.48,96.0,0.55,199.0,0.47,79.0,0.56,119.89,0.46,70.0,0.57,130.0,0.47,85.88,0.5,2073.89,0.46,126.63,0.51,286.01,0.45,199.0,0.52,96.0,0.44,119.89,0.53,79.0,0.43,130.0,0.54,70.0
2026-01-07 09:47:28.883000+00:00,2026-01-07 09:47:26.442970+00:00,148.883,0.515,0.51,0.52,0.485,0.48,0.49,1979.31,153.11,148.11,1957.31,0.5,2008.89,0.53,140.88,0.49,501.01,0.54,121.63,0.48,106.0,0.55,149.0,0.47,79.0,0.56,909.89,0.46,70.0,0.57,130.0,0.47,110.88,0.5,1998.89,0.46,161.63,0.51,501.01,0.45,149.0,0.52,106.0,0.44,909.89,0.53,79.0,0.43,130.0,0.54,70.0
2026-01-07 09:47:29.906000+00:00,2026-01-07 09:47:27.449642+00:00,149.906,0.515,0.51,0.52,0.485,0.48,0.49,1855.31,84.26,84.26,1855.31,0.5,1993.89,0.53,120.88,0.49,471.01,0.54,161.63,0.48,151.0,0.55,149.0,0.47,79.0,0.56,909.89,0.46,70.0,0.57,130.0,0.47,120.88,0.5,1993.89,0.46,161.63,0.51,471.01,0.45,149.0,0.52,151.0,0.44,909.89,0.53,79.0,0.43,130.0,0.54,70.0
2026-01-07 09:47:30.858000+00:00,2026-01-07 09:47:28.457175+00:00,150.858,0.515,0.51,0.52,0.485,0.48,0.49,1855.31,55.03,45.03,1860.31,0.5,2048.89,0.53,115.0,0.49,471.01,0.54,191.63,0.48,96.0,0.55,149.0,0.47,79.0,0.56,909.89,0.46,70.0,0.57,130.0,0.47,115.0,0.5,2043.89,0.46,191.63,0.51,466.01,0.45,149.0,0.52,96.0,0.44,909.89,0.53,79.0,0.43,130.0,0.54,70.0
2026-01-07 09:47:31.884000+00:00,2026-01-07 09:47:29.478185+00:00,151.884,0.515,0.51,0.52,0.485,0.48,0.49,1935.31,35.03,35.03,1950.31,0.5,2143.89,0.53,5.0,0.49,286.01,0.54,31.63,0.48,96.0,0.55,89.0,0.47,79.0,0.56,959.89,0.46,70.0,0.57,160.0,0.47,5.0,0.5,2143.89,0.46,31.63,0.51,286.01,0.45,89.0,0.52,96.0,0.44,959.89,0.53,79.0,0.43,160.0,0.54,70.0
2026-01-07 09:47:32.935000+00:00,2026-01-07 09:47:30.487156+00:00,152.935,0.525,0.52,0.53,0.475,0.47,0.48,202.91,5.0,5.0,96.8,0.51,1959.96,0.54,41.63,0.5,2063.89,0.55,99.0,0.49,286.01,0.56,997.89,0.48,96.0,0.57,130.0,0.47,79.0,0.58,138.96,0.46,41.63,0.49,1959.96,0.45,99.0,0.5,2063.89,0.44,924.89,0.51,286.01,0.43,130.0,0.52,96.0,0.42,138.96,0.53,79.0
2026-01-07 09:47:33.955000+00:00,2026-01-07 09:47:31.491374+00:00,153.955,0.53,0.52,0.54,0.47,0.46,0.48,42.8,41.63,41.63,6.96,0.51,1929.96,0.55,119.0,0.5,2063.89,0.56,904.89,0.49,286.01,0.57,60.0,0.48,96.0,0.58,138.96,0.47,79.0,0.59,100.0,0.45,119.0,0.49,1929.96,0.44,907.89,0.5,2063.89,0.43,60.0,0.51,286.01,0.42,138.96,0.52,96.0,0.41,100.0,0.53,79.0
2026-01-07 09:47:34.984000+00:00,2026-01-07 09:47:32.515099+00:00,154.984,0.525,0.52,0.53,0.48,0.47,0.49,10.0,10.0,10.0,1824.7,0.51,1814.7,0.54,31.63,0.5,2063.89,0.55,84.0,0.49,286.01,0.56,894.89,0.48,96.0,0.57,90.0,0.47,79.0,0.58,138.96,0.46,76.63,0.5,2063.89,0.45,124.0,0.51,286.01,0.44,879.89,0.52,96.0,0.43,60.0,0.53,79.0,0.42,138.96,0.54,70.0
2026-01-07 09:47:35.988000+00:00,2026-01-07 09:47:33.520387+00:00,155.988,0.515,0.51,0.52,0.485,0.48,0.49,1719.4,25.0,55.0,1719.4,0.5,1993.89,0.53,150.0,0.49,306.01,0.54,51.63,0.48,116.0,0.55,159.0,0.47,79.0,0.56,909.89,0.46,70.0,0.57,130.0,0.47,150.0,0.5,1993.89,0.46,51.63,0.51,306.01,0.45,159.0,0.52,116.0,0.44,909.89,0.53,79.0,0.43,130.0,0.54,70.0
2026-01-07 09:47:37.018000+00:00,2026-01-07 09:47:34.543661+00:00,157.018,0.515,0.51,0.52,0.485,0.48,0.49,1719.4,180.0,166.15,1719.4,0.5,1993.89,0.53,100.0,0.49,221.01,0.54,181.63,0.48,46.0,0.55,209.0,0.47,59.0,0.56,909.89,0.45,32.55,0.57,130.0,0.47,90.0,0.5,1993.89,0.46,181.63,0.51,221.01,0.45,209.0,0.52,26.0,0.44,909.89,0.53,39.0,0.43,130.0,0.55,32.55
2026-01-07 09:47:38.008000+00:00,2026-01-07 09:47:35.551574+00:00,158.008,0.515,0.51,0.52,0.485,0.48,0.49,1707.35,515.0,515.0,1707.35,0.5,1993.89,0.53,80.0,0.49,216.01,0.54,101.63,0.48,41.0,0.55,209.0,0.47,29.0,0.56,909.89,0.46,55.0,0.57,130.0,0.47,80.0,0.5,1993.89,0.46,101.63,0.51,221.01,0.45,209.0,0.52,36.0,0.44,909.89,0.53,29.0,0.43,130.0,0.54,55.0
2026-01-07 09:47:39.987000+00:00,2026-01-07 09:47:37.564516+00:00,159.987,0.515,0.51,0.52,0.485,0.48,0.49,1680.35,150.0,160.0,1680.35,0.5,1998.89,0.53,90.0,0.49,246.01,0.54,161.63,0.48,41.0,0.55,149.0,0.47,49.0,0.56,921.38,0.46,70.0,0.57,130.0,0.47,90.0,0.5,1998.89,0.46,161.63,0.51,246.01,0.45,149.0,0.52,41.0,0.44,921.38,0.53,49.0,0.43,130.0,0.54,70.0
2026-01-07 09:47:40.974000+00:00,2026-01-07 09:47:38.555640+00:00,160.974,0.515,0.51,0.52,0.485,0.48,0.49,1649.94,881.48,881.48,1649.94,0.5,2008.89,0.53,100.0,0.49,321.01,0.54,171.63,0.48,116.0,0.55,149.0,0.47,99.0,0.56,921.38,0.46,70.0,0.57,130.0,0.47,100.0,0.5,2008.89,0.46,171.63,0.51,321.01,0.45,149.0,0.52,116.0,0.44,921.38,0.53,99.0,0.43,130.0,0.54,70.0
2026-01-07 09:47:42.621000+00:00,2026-01-07 09:47:40.568305+00:00,162.621,0.515,0.51,0.52,0.485,0.48,0.49,1729.94,821.48,821.48,1729.94,0.5,2093.89,0.53,135.0,0.49,321.01,0.54,191.63,0.48,116.0,0.55,149.0,0.47,79.0,0.56,921.38,0.46,70.0,0.57,130.0,0.47,135.0,0.5,2093.89,0.46,191.63,0.51,321.01,0.45,149.0,0.52,116.0,0.44,921.38,0.53,79.0,0.43,130.0,0.54,70.0
2026-01-07 09:47:43.968000+00:00,2026-01-07 09:47:41.574342+00:00,163.968,0.515,0.51,0.52,0.485,0.48,0.49,1727.89,796.48,796.48,1727.89,0.5,2093.89,0.53,135.0,0.49,321.01,0.54,191.63,0.48,116.0,0.55,149.0,0.47,79.0,0.56,921.38,0.46,70.0,0.57,130.0,0.47,125.0,0.5,2093.89,0.46,191.63,0.51,321.01,0.45,149.0,0.52,106.0,0.44,921.38,0.53,79.0,0.43,130.0,0.54,70.0
2026-01-07 09:47:44.897000+00:00,2026-01-07 09:47:42.582845+00:00,164.897,0.515,0.51,0.52,0.485,0.48,0.49,1717.48,778.01,778.01,1717.48,0.5,2083.89,0.53,135.0,0.49,331.01,0.54,191.63,0.48,106.0,0.55,149.0,0.47,79.0,0.56,921.38,0.46,70.0,0.57,130.0,0.47,135.0,0.5,2083.89,0.46,191.63,0.51,331.01,0.45,149.0,0.52,106.0,0.44,921.38,0.53,79.0,0.43,130.0,0.54,70.0
2026-01-07 09:47:46.072000+00:00,2026-01-07 09:47:43.603658+00:00,166.072,0.515,0.51,0.52,0.485,0.48,0.49,1327.48,778.01,778.01,1327.48,0.5,2088.89,0.53,85.0,0.49,326.01,0.54,231.63,0.48,96.0,0.55,159.0,0.47,79.0,0.56,921.38,0.46,70.0,0.57,130.0,0.47,85.0,0.5,2088.89,0.46,231.63,0.51,326.01,0.45,159.0,0.52,96.0,0.44,921.38,0.53,79.0,0.43,130.0,0.54,70.0
2026-01-07 09:47:47.870000+00:00,2026-01-07 09:47:45.615250+00:00,167.87,0.515,0.51,0.52,0.485,0.48,0.49,1297.51,778.01,778.01,1297.51,0.5,2083.89,0.53,135.0,0.49,331.01,0.54,191.63,0.48,106.0,0.55,149.0,0.47,79.0,0.56,921.38,0.46,70.0,0.57,130.0,0.47,135.0,0.5,2083.89,0.46,191.63,0.51,331.01,0.45,149.0,0.52,106.0,0.44,921.38,0.53,79.0,0.43,130.0,0.54,70.0
2026-01-07 09:47:49.996000+00:00,2026-01-07 09:47:47.641235+00:00,169.996,0.515,0.51,0.52,0.485,0.48,0.49,1289.33,773.01,773.01,1289.33,0.5,2083.89,0.53,135.0,0.49,331.01,0.54,191.63,0.48,106.0,0.55,149.0,0.47,79.0,0.56,921.38,0.46,70.0,0.57,130.0,0.47,135.0,0.5,2083.89,0.46,191.63,0.51,331.01,0.45,149.0,0.52,106.0,0.44,921.38,0.53,79.0,0.43,130.0,0.54,70.0
2026-01-07 09:47:51.122000+00:00,2026-01-07 09:47:48.660767+00:00,171.122,0.515,0.51,0.52,0.485,0.48,0.49,1319.33,924.59,829.59,1253.51,0.5,2063.89,0.53,150.0,0.49,311.01,0.54,101.63,0.48,121.0,0.55,149.0,0.47,119.0,0.56,921.38,0.46,70.0,0.57,130.0,0.47,180.0,0.5,2063.89,0.46,101.63,0.51,311.01,0.45,149.0,0.52,121.0,0.44,921.38,0.53,119.0,0.43,130.0,0.54,70.0
2026-01-07 09:47:52.160000+00:00,2026-01-07 09:47:49.683969+00:00,172.16,0.515,0.51,0.52,0.485,0.48,0.49,1238.51,859.59,859.59,1238.51,0.5,2068.89,0.53,190.0,0.49,316.01,0.54,101.63,0.48,121.0,0.55,149.0,0.47,99.0,0.56,921.38,0.46,70.0,0.57,130.0,0.47,190.0,0.5,2068.89,0.46,101.63,0.51,326.01,0.45,149.0,0.52,121.0,0.44,921.38,0.53,99.0,0.43,130.0,0.54,70.0
2026-01-07 09:47:53.138000+00:00,2026-01-07 09:47:50.687417+00:00,173.138,0.515,0.51,0.52,0.485,0.48,0.49,1308.51,20.0,20.0,1403.51,0.5,2138.89,0.54,191.63,0.49,286.01,0.55,149.0,0.48,106.0,0.56,121.38,0.47,79.0,0.57,130.0,0.46,70.0,0.58,138.96,0.46,191.63,0.5,2078.89,0.45,169.0,0.51,296.01,0.44,121.38,0.52,96.0,0.43,130.0,0.53,79.0,0.42,138.96,0.54,70.0
2026-01-07 09:47:54.168000+00:00,2026-01-07 09:47:51.694803+00:00,174.168,0.515,0.51,0.52,0.485,0.48,0.49,1173.51,25.0,25.0,1173.51,0.5,2128.89,0.53,20.0,0.49,296.01,0.54,191.63,0.48,106.0,0.55,149.0,0.47,79.0,0.56,121.38,0.46,70.0,0.57,130.0,0.47,20.0,0.5,2128.89,0.46,191.63,0.51,296.01,0.45,149.0,0.52,106.0,0.44,121.38,0.53,79.0,0.43,130.0,0.54,70.0
2026-01-07 09:47:55.174000+00:00,2026-01-07 09:47:52.700108+00:00,175.174,0.515,0.51,0.52,0.485,0.48,0.49,1145.74,25.0,25.0,1185.74,0.5,2198.89,0.53,87.0,0.49,296.01,0.54,141.63,0.48,106.0,0.55,149.0,0.47,79.0,0.56,121.38,0.46,70.0,0.57,130.0,0.47,59.0,0.5,2158.89,0.46,131.63,0.51,286.01,0.45,159.0,0.52,106.0,0.44,121.38,0.53,79.0,0.43,130.0,0.54,70.0
2026-01-07 09:47:56.159000+00:00,2026-01-07 09:47:53.706055+00:00,176.159,0.515,0.51,0.52,0.485,0.48,0.49,283.29,60.0,40.0,203.29,0.5,2073.89,0.53,59.0,0.49,296.01,0.54,151.63,0.48,96.0,0.55,179.0,0.47,79.0,0.56,121.38,0.46,70.0,0.57,130.0,0.47,10.0,0.5,2073.89,0.46,203.63,0.51,296.01,0.45,179.0,0.52,96.0,0.44,121.38,0.53,79.0,0.43,130.0,0.54,70.0
2026-01-07 09:47:57.114000+00:00,2026-01-07 09:47:54.712570+00:00,177.114,0.505,0.5,0.51,0.495,0.49,0.5,2158.89,45.0,50.0,2133.89,0.49,296.01,0.52,25.0,0.48,96.0,0.53,73.0,0.47,79.0,0.54,161.63,0.46,70.0,0.55,159.0,0.45,102.55,0.56,121.38,0.48,55.0,0.51,301.01,0.47,103.0,0.52,106.0,0.46,101.63,0.53,89.0,0.45,149.0,0.54,70.0,0.44,121.38,0.55,102.55
2026-01-07 09:47:58.168000+00:00,2026-01-07 09:47:55.718051+00:00,178.168,0.505,0.5,0.51,0.495,0.49,0.5,2125.89,77.5,77.5,2125.89,0.49,301.01,0.52,35.0,0.48,106.0,0.53,109.0,0.47,89.0,0.54,101.63,0.46,70.0,0.55,149.0,0.45,102.55,0.56,121.38,0.48,35.0,0.51,301.01,0.47,109.0,0.52,106.0,0.46,101.63,0.53,89.0,0.45,149.0,0.54,70.0,0.44,121.38,0.55,102.55
2026-01-07 09:47:59.176000+00:00,2026-01-07 09:47:56.724781+00:00,179.176,0.505,0.5,0.51,0.495,0.49,0.5,2130.89,57.5,72.5,2130.89,0.49,301.01,0.52,35.0,0.48,116.0,0.53,179.0,0.47,89.0,0.54,101.63,0.46,70.0,0.55,149.0,0.45,102.55,0.56,121.38,0.48,35.0,0.51,311.01,0.47,179.0,0.52,126.0,0.46,101.63,0.53,99.0,0.45,149.0,0.54,70.0,0.44,121.38,0.55,102.55
2026-01-07 09:48:00.216000+00:00,2026-01-07 09:47:57.748648+00:00,180.216,0.505,0.5,0.51,0.495,0.49,0.5,1980.89,112.5,52.5,2085.89,0.49,356.01,0.52,150.0,0.48,101.0,0.53,129.0,0.47,94.0,0.54,101.63,0.46,110.0,0.55,149.0,0.45,132.55,0.56,121.38,0.48,80.0,0.51,436.01,0.46,36.63,0.52,96.0,0.45,99.0,0.53,79.0,0.44,51.38,0.54,70.0,0.43,45.0,0.55,102.55
2026-01-07 09:48:01.208000+00:00,2026-01-07 09:47:58.755861+00:00,181.208,0.505,0.5,0.51,0.495,0.49,0.5,2023.69,26.37,26.37,2038.69,0.49,301.01,0.52,5.0,0.48,146.0,0.53,55.0,0.47,79.0,0.54,51.63,0.46,70.0,0.55,79.0,0.45,102.55,0.56,51.38,0.48,5.0,0.51,301.01,0.47,55.0,0.52,146.0,0.46,51.63,0.53,79.0,0.45,79.0,0.54,70.0,0.44,51.38,0.55,102.55
2026-01-07 09:48:02.118000+00:00,2026-01-07 09:47:59.762704+00:00,182.118,0.505,0.5,0.51,0.495,0.49,0.5,2039.08,26.37,5.58,2044.08,0.49,336.01,0.53,5.0,0.48,96.0,0.54,86.63,0.47,79.0,0.55,99.0,0.46,70.0,0.56,51.38,0.45,102.55,0.57,45.0,0.47,5.0,0.51,336.01,0.46,86.63,0.52,96.0,0.45,99.0,0.53,79.0,0.44,51.38,0.54,70.0,0.43,45.0,0.55,102.55
2026-01-07 09:48:03.244000+00:00,2026-01-07 09:48:00.784673+00:00,183.244,0.505,0.5,0.51,0.495,0.49,0.5,2012.08,50.58,75.58,2012.08,0.49,331.01,0.52,20.0,0.48,116.0,0.53,30.0,0.47,79.0,0.54,41.63,0.46,70.0,0.55,109.0,0.45,102.55,0.56,51.38,0.48,20.0,0.51,331.01,0.47,30.0,0.52,116.0,0.46,41.63,0.53,79.0,0.45,109.0,0.54,70.0,0.44,51.38,0.55,102.55
2026-01-07 09:48:04.263000+00:00,2026-01-07 09:48:01.787932+00:00,184.263,0.505,0.5,0.51,0.495,0.49,0.5,1927.08,115.58,115.58,1932.08,0.49,246.01,0.52,45.0,0.48,196.0,0.53,90.0,0.47,79.0,0.54,121.63,0.46,70.0,0.55,149.0,0.45,102.55,0.56,121.38,0.48,45.0,0.51,251.01,0.47,90.0,0.52,206.0,0.46,121.63,0.53,79.0,0.45,149.0,0.54,70.0,0.44,121.38,0.55,102.55
2026-01-07 09:48:05.248000+00:00,2026-01-07 09:48:02.807350+00:00,185.248,0.505,0.5,0.51,0.495,0.49,0.5,1997.08,40.58,40.58,1997.08,0.49,311.01,0.52,45.0,0.48,146.0,0.53,10.0,0.47,79.0,0.54,61.63,0.46,70.0,0.55,149.0,0.45,102.55,0.56,121.38,0.48,45.0,0.51,311.01,0.47,10.0,0.52,146.0,0.46,61.63,0.53,79.0,0.45,149.0,0.54,70.0,0.44,121.38,0.55,102.55
2026-01-07 09:48:06.262000+00:00,2026-01-07 09:48:03.816855+00:00,186.262,0.505,0.5,0.51,0.495,0.49,0.5,1975.08,55.58,85.58,1975.08,0.49,311.01,0.52,35.0,0.48,146.0,0.53,20.0,0.47,89.0,0.54,61.63,0.46,70.0,0.55,149.0,0.45,102.55,0.56,121.38,0.48,35.0,0.51,311.01,0.47,10.0,0.52,146.0,0.46,88.63,0.53,89.0,0.45,149.0,0.54,70.0,0.44,121.38,0.55,102.55
2026-01-07 09:48:07.291000+00:00,2026-01-07 09:48:04.840875+00:00,187.291,0.505,0.5,0.51,0.495,0.49,0.5,1933.97,58.58,54.65,1933.97,0.49,366.01,0.52,35.0,0.48,121.0,0.53,40.0,0.47,119.0,0.54,101.63,0.46,80.0,0.55,149.0,0.45,102.55,0.56,121.38,0.48,35.0,0.51,366.01,0.47,40.0,0.52,121.0,0.46,101.63,0.53,119.0,0.45,149.0,0.54,80.0,0.44,121.38,0.55,102.55
2026-01-07 09:48:08.303000+00:00,2026-01-07 09:48:05.848940+00:00,188.303,0.505,0.5,0.51,0.495,0.49,0.5,1968.75,59.65,99.65,1968.75,0.49,306.01,0.52,20.0,0.48,136.0,0.53,110.0,0.47,89.0,0.54,131.63,0.46,70.0,0.55,149.0,0.45,102.55,0.56,121.38,0.48,15.0,0.51,306.01,0.47,115.0,0.52,136.0,0.46,131.63,0.53,89.0,0.45,149.0,0.54,70.0,0.44,121.38,0.55,102.55
2026-01-07 09:48:09.268000+00:00,2026-01-07 09:48:06.853032+00:00,189.268,0.505,0.5,0.51,0.495,0.49,0.5,1973.75,59.65,59.65,1973.75,0.49,306.01,0.52,15.0,0.48,136.0,0.53,45.0,0.47,89.0,0.54,131.63,0.46,70.0,0.55,149.0,0.45,102.55,0.56,126.68,0.48,15.0,0.51,286.01,0.47,60.0,0.52,116.0,0.46,101.63,0.53,89.0,0.45,149.0,0.54,70.0,0.44,126.68,0.55,102.55
2026-01-07 09:48:10.299000+00:00,2026-01-07 09:48:07.844498+00:00,190.299,0.505,0.5,0.51,0.495,0.49,0.5,1958.75,64.65,64.65,1958.75,0.49,301.01,0.52,55.0,0.48,136.0,0.53,30.0,0.47,109.0,0.54,106.83,0.46,70.0,0.55,154.3,0.45,102.55,0.56,126.68,0.48,55.0,0.51,301.01,0.47,30.0,0.52,136.0,0.46,106.83,0.53,109.0,0.45,154.3,0.54,70.0,0.44,126.68,0.55,102.55
2026-01-07 09:48:11.248000+00:00,2026-01-07 09:48:08.850562+00:00,191.248,0.505,0.5,0.51,0.495,0.49,0.5,1953.75,70.65,70.65,1953.75,0.49,301.01,0.52,60.2,0.48,136.0,0.53,105.2,0.47,109.0,0.54,106.83,0.46,70.0,0.55,154.3,0.45,102.55,0.56,126.68,0.48,60.2,0.51,301.01,0.47,105.2,0.52,136.0,0.46,106.83,0.53,109.0,0.45,154.3,0.54,70.0,0.44,126.68,0.55,102.55
2026-01-07 09:48:12.311000+00:00,2026-01-07 09:48:09.872229+00:00,192.311,0.505,0.5,0.51,0.495,0.49,0.5,1263.75,120.85,120.85,1263.75,0.49,291.01,0.52,45.2,0.48,111.0,0.53,75.2,0.47,119.0,0.54,106.83,0.46,100.0,0.55,154.3,0.45,102.55,0.56,126.68,0.48,45.2,0.51,291.01,0.47,75.2,0.52,111.0,0.46,106.83,0.53,119.0,0.45,154.3,0.54,100.0,0.44,126.68,0.55,102.55
2026-01-07 09:48:13.312000+00:00,2026-01-07 09:48:10.875020+00:00,193.312,0.505,0.5,0.51,0.495,0.49,0.5,1333.75,110.85,110.85,1333.75,0.49,291.01,0.52,55.2,0.48,111.0,0.53,75.2,0.47,109.0,0.54,106.83,0.46,100.0,0.55,154.3,0.45,102.55,0.56,126.68,0.48,55.2,0.51,291.01,0.47,75.2,0.52,121.0,0.46,106.83,0.53,109.0,0.45,154.3,0.54,100.0,0.44,126.68,0.55,102.55
2026-01-07 09:48:14.352000+00:00,2026-01-07 09:48:11.879652+00:00,194.352,0.505,0.5,0.51,0.495,0.49,0.5,1378.75,75.85,75.85,1388.75,0.49,301.01,0.52,25.2,0.48,136.0,0.53,75.2,0.47,109.0,0.54,106.83,0.46,70.0,0.55,154.3,0.45,102.55,0.56,126.68,0.48,40.2,0.51,291.01,0.47,125.2,0.52,146.0,0.46,106.83,0.53,99.0,0.45,154.3,0.54,70.0,0.44,126.68,0.55,102.55
2026-01-07 09:48:15.273000+00:00,2026-01-07 09:48:12.883686+00:00,195.273,0.505,0.5,0.51,0.495,0.49,0.5,1338.75,70.41,49.19,1338.75,0.49,301.01,0.52,50.2,0.48,136.0,0.53,115.2,0.47,109.0,0.54,106.83,0.46,70.0,0.55,154.3,0.45,102.55,0.56,126.68,0.48,50.2,0.51,301.01,0.47,115.2,0.52,136.0,0.46,106.83,0.53,109.0,0.45,154.3,0.54,70.0,0.44,126.68,0.55,102.55
2026-01-07 09:48:16.341000+00:00,2026-01-07 09:48:13.889878+00:00,196.341,0.505,0.5,0.51,0.495,0.49,0.5,1353.75,49.19,49.19,1353.75,0.49,301.01,0.52,60.2,0.48,136.0,0.53,105.2,0.47,109.0,0.54,106.83,0.46,70.0,0.55,154.3,0.45,102.55,0.56,126.68,0.48,60.2,0.51,301.01,0.47,105.2,0.52,136.0,0.46,106.83,0.53,109.0,0.45,154.3,0.54,70.0,0.44,126.68,0.55,102.55
2026-01-07 09:48:17.377000+00:00,2026-01-07 09:48:14.899055+00:00,197.377,0.505,0.5,0.51,0.495,0.49,0.5,1353.75,38.22,38.22,1353.75,0.49,301.01,0.52,60.2,0.48,146.0,0.53,105.2,0.47,99.0,0.54,106.83,0.46,70.0,0.55,154.3,0.45,102.55,0.56,126.68,0.48,60.2,0.51,301.01,0.47,105.2,0.52,146.0,0.46,106.83,0.53,99.0,0.45,154.3,0.54,70.0,0.44,126.68,0.55,102.55
2026-01-07 09:48:18.376000+00:00,2026-01-07 09:48:15.919276+00:00,198.376,0.505,0.5,0.51,0.495,0.49,0.5,1353.75,38.22,38.22,1343.75,0.49,301.01,0.52,60.2,0.48,146.0,0.53,105.2,0.47,99.0,0.54,106.83,0.46,70.0,0.55,154.3,0.45,102.55,0.56,126.68,0.48,60.2,0.51,301.01,0.47,105.2,0.52,146.0,0.46,106.83,0.53,99.0,0.45,154.3,0.54,70.0,0.44,126.68,0.55,102.55
2026-01-07 09:48:19.405000+00:00,2026-01-07 09:48:16.925203+00:00,199.405,0.505,0.5,0.51,0.495,0.49,0.5,1328.75,38.22,83.22,1328.75,0.49,301.01,0.52,60.2,0.48,146.0,0.53,105.2,0.47,99.0,0.54,106.83,0.46,70.0,0.55,154.3,0.45,102.55,0.56,126.68,0.48,60.2,0.51,301.01,0.47,95.2,0.52,146.0,0.46,106.83,0.53,99.0,0.45,154.3,0.54,70.0,0.44,126.68,0.55,102.55
2026-01-07 09:48:20.403000+00:00,2026-01-07 09:48:17.932812+00:00,200.403,0.505,0.5,0.51,0.495,0.49,0.5,1398.75,37.22,37.22,1428.75,0.49,301.01,0.52,70.2,0.48,126.0,0.53,95.2,0.47,119.0,0.54,106.83,0.46,70.0,0.55,154.3,0.45,102.55,0.56,126.68,0.48,60.2,0.51,301.01,0.47,95.2,0.52,136.0,0.46,106.83,0.53,109.0,0.45,154.3,0.54,70.0,0.44,126.68,0.55,102.55
2026-01-07 09:48:21.330000+00:00,2026-01-07 09:48:18.936699+00:00,201.33,0.505,0.5,0.51,0.495,0.49,0.5,720.43,43.35,53.35,720.43,0.49,301.01,0.52,40.2,0.48,146.0,0.53,125.2,0.47,89.0,0.54,106.83,0.46,70.0,0.55,154.3,0.45,102.55,0.56,126.68,0.48,40.2,0.51,301.01,0.47,125.2,0.52,146.0,0.46,106.83,0.53,89.0,0.45,154.3,0.54,70.0,0.44,126.68,0.55,102.55
2026-01-07 09:48:22.409000+00:00,2026-01-07 09:48:19.940722+00:00,202.409,0.505,0.5,0.51,0.495,0.49,0.5,725.43,38.35,38.35,725.43,0.49,301.01,0.52,40.2,0.48,146.0,0.53,125.2,0.47,89.0,0.54,106.83,0.46,70.0,0.55,154.3,0.45,102.55,0.56,126.68,0.48,40.2,0.51,301.01,0.47,125.2,0.52,146.0,0.46,106.83,0.53,89.0,0.45,154.3,0.54,70.0,0.44,126.68,0.55,102.55
2026-01-07 09:48:23.369000+00:00,2026-01-07 09:48:20.963764+00:00,203.369,0.505,0.5,0.51,0.495,0.49,0.5,720.43,38.35,38.35,735.43,0.49,301.01,0.52,50.2,0.48,146.0,0.53,115.2,0.47,89.0,0.54,106.83,0.46,70.0,0.55,154.3,0.45,102.55,0.56,126.68,0.48,50.2,0.51,301.01,0.47,115.2,0.52,146.0,0.46,106.83,0.53,89.0,0.45,154.3,0.54,70.0,0.44,126.68,0.55,102.55
2026-01-07 09:48:24.280000+00:00,2026-01-07 09:48:21.983850+00:00,204.28,0.505,0.5,0.51,0.495,0.49,0.5,733.43,38.35,38.35,803.43,0.49,301.01,0.52,50.2,0.48,146.0,0.53,115.2,0.47,89.0,0.54,106.83,0.46,70.0,0.55,154.3,0.45,102.55,0.56,126.68,0.48,50.2,0.51,301.01,0.47,115.2,0.52,146.0,0.46,106.83,0.53,89.0,0.45,154.3,0.54,70.0,0.44,126.68,0.55,102.55
2026-01-07 09:48:25.331000+00:00,2026-01-07 09:48:22.991128+00:00,205.331,0.505,0.5,0.51,0.495,0.49,0.5,778.43,38.35,38.35,793.43,0.49,301.01,0.52,70.2,0.48,136.0,0.53,95.2,0.47,109.0,0.54,106.83,0.46,70.0,0.55,154.3,0.45,102.55,0.56,126.68,0.48,70.2,0.51,301.01,0.47,95.2,0.52,136.0,0.46,106.83,0.53,109.0,0.45,154.3,0.54,70.0,0.44,126.68,0.55,102.55
2026-01-07 09:48:26.392000+00:00,2026-01-07 09:48:23.996084+00:00,206.392,0.505,0.5,0.51,0.495,0.49,0.5,778.43,43.35,58.35,708.43,0.49,301.01,0.52,70.2,0.48,126.0,0.53,95.2,0.47,119.0,0.54,106.83,0.46,70.0,0.55,154.3,0.45,102.55,0.56,126.68,0.48,60.2,0.51,301.01,0.47,95.2,0.52,126.0,0.46,106.83,0.53,119.0,0.45,154.3,0.54,70.0,0.44,126.68,0.55,102.55
2026-01-07 09:48:27.397000+00:00,2026-01-07 09:48:25.001877+00:00,207.397,0.505,0.5,0.51,0.495,0.49,0.5,723.43,38.35,38.35,723.43,0.49,301.01,0.52,70.2,0.48,136.0,0.53,95.2,0.47,109.0,0.54,106.83,0.46,70.0,0.55,154.3,0.45,102.55,0.56,126.68,0.48,70.2,0.51,301.01,0.47,95.2,0.52,136.0,0.46,106.83,0.53,109.0,0.45,154.3,0.54,70.0,0.44,126.68,0.55,102.55
2026-01-07 09:48:28.263000+00:00,2026-01-07 09:48:26.005407+00:00,208.263,0.505,0.5,0.51,0.495,0.49,0.5,748.43,38.35,38.35,753.43,0.49,301.01,0.52,60.2,0.48,136.0,0.53,105.2,0.47,109.0,0.54,106.83,0.46,70.0,0.55,154.3,0.45,102.55,0.56,126.68,0.48,60.2,0.51,301.01,0.47,105.2,0.52,136.0,0.46,106.83,0.53,109.0,0.45,154.3,0.54,70.0,0.44,126.68,0.55,102.55
2026-01-07 09:48:29.497000+00:00,2026-01-07 09:48:27.023617+00:00,209.497,0.505,0.5,0.51,0.495,0.49,0.5,688.43,38.35,38.35,688.43,0.49,301.01,0.52,60.2,0.48,136.0,0.53,105.2,0.47,109.0,0.54,106.83,0.46,70.0,0.55,154.3,0.45,102.55,0.56,126.68,0.48,60.2,0.51,301.01,0.47,105.2,0.52,136.0,0.46,106.83,0.53,109.0,0.45,154.3,0.54,70.0,0.44,126.68,0.55,102.55
2026-01-07 09:48:30.497000+00:00,2026-01-07 09:48:28.029437+00:00,210.497,0.505,0.5,0.51,0.495,0.49,0.5,693.43,72.22,48.49,193.43,0.49,301.01,0.52,60.2,0.48,136.0,0.53,95.2,0.47,109.0,0.54,106.83,0.46,70.0,0.55,154.3,0.45,102.55,0.56,126.68,0.48,60.2,0.51,301.01,0.47,95.2,0.52,126.0,0.46,106.83,0.53,119.0,0.45,154.3,0.54,70.0,0.44,126.68,0.55,102.55
2026-01-07 09:48:31.472000+00:00,2026-01-07 09:48:29.035571+00:00,211.472,0.505,0.5,0.51,0.495,0.49,0.5,193.43,38.49,38.49,208.43,0.49,301.01,0.52,60.2,0.48,136.0,0.53,105.2,0.47,109.0,0.54,106.83,0.46,70.0,0.55,154.3,0.45,102.55,0.56,126.68,0.48,60.2,0.51,301.01,0.47,105.2,0.52,136.0,0.46,106.83,0.53,109.0,0.45,154.3,0.54,70.0,0.44,126.68,0.55,102.55
2026-01-07 09:48:32.516000+00:00,2026-01-07 09:48:30.056207+00:00,212.516,0.505,0.5,0.51,0.495,0.49,0.5,198.43,38.49,38.49,198.43,0.49,301.01,0.52,60.2,0.48,136.0,0.53,105.2,0.47,109.0,0.54,106.83,0.46,70.0,0.55,154.3,0.45,102.55,0.56,126.68,0.48,60.2,0.51,301.01,0.47,105.2,0.52,136.0,0.46,106.83,0.53,109.0,0.45,154.3,0.54,70.0,0.44,126.68,0.55,102.55
2026-01-07 09:48:33.556000+00:00,2026-01-07 09:48:31.063151+00:00,213.556,0.505,0.5,0.51,0.495,0.49,0.5,193.43,38.49,73.49,193.43,0.49,301.01,0.52,60.2,0.48,136.0,0.53,105.2,0.47,109.0,0.54,106.83,0.46,70.0,0.55,154.3,0.45,102.55,0.56,126.68,0.48,55.2,0.51,301.01,0.47,75.2,0.52,116.0,0.46,106.83,0.53,99.0,0.45,154.3,0.54,100.0,0.44,126.68,0.55,102.55
2026-01-07 09:48:34.511000+00:00,2026-01-07 09:48:32.086009+00:00,214.511,0.505,0.5,0.51,0.495,0.49,0.5,148.43,63.49,63.49,148.43,0.49,301.01,0.52,55.2,0.48,101.0,0.53,75.2,0.47,119.0,0.54,106.83,0.46,100.0,0.55,154.3,0.45,102.55,0.56,126.68,0.48,55.2,0.51,301.01,0.47,75.2,0.52,101.0,0.46,106.83,0.53,119.0,0.45,154.3,0.54,100.0,0.44,126.68,0.55,102.55
2026-01-07 09:48:35.560000+00:00,2026-01-07 09:48:33.091054+00:00,215.56,0.505,0.5,0.51,0.495,0.49,0.5,203.43,63.49,63.49,203.43,0.49,301.01,0.52,55.2,0.48,101.0,0.53,75.2,0.47,119.0,0.54,106.83,0.46,100.0,0.55,154.3,0.45,102.55,0.56,126.68,0.48,55.2,0.51,301.01,0.47,75.2,0.52,101.0,0.46,106.83,0.53,119.0,0.45,154.3,0.54,100.0,0.44,126.68,0.55,102.55
2026-01-07 09:48:36.577000+00:00,2026-01-07 09:48:34.098047+00:00,216.577,0.505,0.5,0.51,0.495,0.49,0.5,228.43,43.49,23.49,283.43,0.49,301.01,0.52,65.2,0.48,121.0,0.53,75.2,0.47,119.0,0.54,106.83,0.46,80.0,0.55,154.3,0.45,102.55,0.56,126.68,0.48,5.2,0.51,406.01,0.47,5.2,0.52,116.0,0.46,76.83,0.53,79.0,0.45,154.3,0.54,70.0,0.44,126.68,0.55,102.55
2026-01-07 09:48:37.396000+00:00,2026-01-07 09:48:35.105136+00:00,217.396,0.505,0.5,0.51,0.495,0.49,0.5,148.43,8.49,8.49,148.43,0.49,336.01,0.52,5.2,0.48,106.0,0.53,10.2,0.47,79.0,0.54,91.83,0.46,70.0,0.55,184.3,0.45,102.55,0.56,126.68,0.48,5.2,0.51,336.01,0.47,10.2,0.52,106.0,0.46,91.83,0.53,79.0,0.45,184.3,0.54,70.0,0.44,126.68,0.55,102.55
2026-01-07 09:48:38.591000+00:00,2026-01-07 09:48:36.111700+00:00,218.591,0.505,0.5,0.51,0.495,0.49,0.5,53.43,133.49,148.49,53.43,0.49,216.01,0.52,5.2,0.48,41.0,0.53,85.2,0.47,14.0,0.54,106.83,0.46,110.0,0.55,154.3,0.45,132.55,0.56,126.68,0.48,5.2,0.51,216.01,0.47,85.2,0.52,41.0,0.46,106.83,0.53,14.0,0.45,154.3,0.54,110.0,0.44,126.68,0.55,132.55
2026-01-07 09:48:39.563000+00:00,2026-01-07 09:48:37.132887+00:00,219.563,0.505,0.5,0.51,0.495,0.49,0.5,38.43,110.0,125.0,38.43,0.49,216.01,0.52,5.2,0.48,41.0,0.53,5.2,0.47,84.0,0.54,106.83,0.46,120.0,0.55,154.3,0.45,122.55,0.56,126.68,0.48,5.2,0.51,216.01,0.47,5.2,0.52,41.0,0.46,106.83,0.53,84.0,0.45,154.3,0.54,120.0,0.44,126.68,0.55,122.55
2026-01-07 09:48:40.572000+00:00,2026-01-07 09:48:38.146447+00:00,220.572,0.505,0.5,0.51,0.495,0.49,0.5,33.43,46.59,26.4,103.43,0.49,226.01,0.52,45.2,0.48,36.0,0.53,5.2,0.47,89.0,0.54,106.83,0.46,70.0,0.55,154.3,0.45,102.55,0.56,126.68,0.48,5.2,0.51,246.01,0.47,10.2,0.52,26.0,0.46,141.83,0.53,79.0,0.45,164.3,0.54,70.0,0.44,126.68,0.55,102.55
2026-01-07 09:48:41.554000+00:00,2026-01-07 09:48:39.149941+00:00,221.554,0.505,0.5,0.51,0.495,0.49,0.5,138.43,1.4,1.4,143.43,0.49,296.01,0.52,5.2,0.48,96.0,0.53,5.2,0.47,149.0,0.54,51.83,0.46,70.0,0.55,219.3,0.45,102.55,0.56,136.68,0.48,5.2,0.51,296.01,0.47,5.2,0.52,96.0,0.46,51.83,0.53,79.0,0.45,219.3,0.54,70.0,0.44,136.68,0.55,102.55
2026-01-07 09:48:42.614000+00:00,2026-01-07 09:48:40.155855+00:00,222.614,0.505,0.5,0.51,0.495,0.49,0.5,98.43,1.4,1.4,98.43,0.49,321.01,0.52,35.2,0.48,126.0,0.53,45.2,0.47,79.0,0.54,106.83,0.46,70.0,0.55,164.3,0.45,102.55,0.56,126.68,0.48,30.2,0.51,321.01,0.47,45.2,0.52,126.0,0.46,116.83,0.53,79.0,0.45,164.3,0.54,70.0,0.44,126.68,0.55,102.55
2026-01-07 09:48:43.635000+00:00,2026-01-07 09:48:41.162319+00:00,223.635,0.505,0.5,0.51,0.495,0.49,0.5,128.43,6.4,11.4,133.43,0.49,286.01,0.52,5.2,0.48,96.0,0.53,5.2,0.47,79.0,0.54,106.83,0.46,70.0,0.55,154.3,0.45,102.55,0.56,126.68,0.48,55.2,0.51,311.01,0.47,25.2,0.52,126.0,0.46,116.83,0.53,99.0,0.45,154.3,0.54,80.0,0.44,126.68,0.55,102.55
2026-01-07 09:48:44.647000+00:00,2026-01-07 09:48:42.167374+00:00,224.647,0.505,0.5,0.51,0.495,0.49,0.5,121.14,1.4,1.4,176.14,0.49,306.01,0.52,5.2,0.48,96.0,0.53,20.2,0.47,79.0,0.54,126.83,0.46,70.0,0.55,154.3,0.45,102.55,0.56,126.68,0.48,5.2,0.51,366.01,0.47,5.2,0.52,96.0,0.46,36.83,0.53,79.0,0.45,99.3,0.54,70.0,0.44,66.68,0.55,102.55
2026-01-07 09:48:45.647000+00:00,2026-01-07 09:48:43.188360+00:00,225.647,0.525,0.52,0.53,0.475,0.47,0.48,163.0,5.2,10.2,105.0,0.51,150.0,0.54,36.83,0.5,181.14,0.55,84.3,0.49,366.01,0.56,56.68,0.48,96.0,0.57,50.3,0.47,79.0,0.58,74.26,0.46,51.83,0.49,70.0,0.45,84.3,0.5,181.14,0.44,56.68,0.51,366.01,0.43,55.3,0.52,96.0,0.42,119.26,0.53,79.0
2026-01-07 09:48:46.703000+00:00,2026-01-07 09:48:44.192843+00:00,226.703,0.525,0.52,0.53,0.475,0.47,0.48,5.0,105.0,120.0,5.0,0.51,15.0,0.54,85.0,0.5,36.14,0.55,222.78,0.49,256.01,0.56,136.68,0.48,26.0,0.57,50.3,0.47,9.0,0.58,74.26,0.46,85.0,0.49,15.0,0.45,222.78,0.5,36.14,0.44,136.68,0.51,256.01,0.43,50.3,0.52,26.0,0.42,74.26,0.53,9.0
2026-01-07 09:48:47.691000+00:00,2026-01-07 09:48:45.213993+00:00,227.691,0.52,0.51,0.53,0.485,0.48,0.49,10.0,10.0,5.0,10.0,0.5,25.14,0.54,95.0,0.49,246.01,0.55,92.78,0.48,56.0,0.56,126.68,0.47,9.0,0.57,120.3,0.45,102.55,0.58,144.26,0.47,10.0,0.5,15.14,0.46,95.0,0.51,246.01,0.45,92.78,0.52,66.0,0.44,126.68,0.53,9.0,0.43,120.3,0.55,32.55
2026-01-07 09:48:48.693000+00:00,2026-01-07 09:48:46.218314+00:00,228.693,0.515,0.51,0.52,0.485,0.48,0.49,125.0,5.0,5.0,225.0,0.5,155.14,0.54,15.0,0.49,366.01,0.55,92.78,0.48,96.0,0.56,56.68,0.47,79.0,0.57,50.3,0.46,70.0,0.58,94.26,0.46,15.0,0.5,155.14,0.45,92.78,0.51,366.01,0.44,56.68,0.52,96.0,0.43,55.3,0.53,79.0,0.42,119.26,0.54,70.0
2026-01-07 09:48:49.705000+00:00,2026-01-07 09:48:47.227136+00:00,229.705,0.535,0.53,0.54,0.46499999999999997,0.46,0.47,90.0,15.0,15.0,120.0,0.52,70.0,0.55,107.78,0.51,70.0,0.56,56.68,0.5,75.14,0.57,50.3,0.49,286.01,0.58,74.26,0.48,96.0,0.59,35.4,0.45,92.78,0.48,80.0,0.44,56.68,0.49,70.0,0.43,55.3,0.5,75.14,0.42,109.26,0.51,286.01,0.41,65.4,0.52,96.0
2026-01-07 09:48:50.709000+00:00,2026-01-07 09:48:48.237455+00:00,230.709,0.54,0.53,0.55,0.46499999999999997,0.46,0.47,10.0,99.58,58.0,5.0,0.52,10.0,0.56,196.68,0.51,100.0,0.57,50.3,0.5,85.14,0.58,74.26,0.49,286.01,0.59,35.4,0.48,96.0,0.6,55.4,0.45,199.58,0.48,5.0,0.44,176.68,0.49,30.0,0.43,50.3,0.5,35.14,0.42,74.26,0.51,216.01,0.41,35.4,0.52,96.0
2026-01-07 09:48:51.660000+00:00,2026-01-07 09:48:49.243020+00:00,231.66,0.51,0.5,0.52,0.49,0.48,0.5,35.14,90.0,10.0,60.14,0.49,221.01,0.53,80.0,0.48,66.0,0.54,165.0,0.47,39.0,0.55,169.58,0.45,32.55,0.56,126.68,0.44,16.0,0.57,120.3,0.47,80.0,0.51,221.01,0.46,85.0,0.52,66.0,0.45,169.58,0.53,39.0,0.44,126.68,0.55,32.55,0.43,120.3,0.56,16.0
2026-01-07 09:48:52.723000+00:00,2026-01-07 09:48:50.251803+00:00,232.723,0.495,0.49,0.5,0.505,0.5,0.51,216.01,125.0,81.03,216.01,0.48,26.0,0.52,150.0,0.47,9.0,0.53,150.0,0.46,15.0,0.54,85.0,0.45,37.55,0.55,169.58,0.44,56.0,0.56,111.68,0.48,70.0,0.52,26.0,0.47,150.0,0.53,9.0,0.46,85.0,0.54,15.0,0.45,169.58,0.55,37.55,0.44,111.68,0.56,56.0
2026-01-07 09:48:53.719000+00:00,2026-01-07 09:48:51.255248+00:00,233.719,0.495,0.49,0.5,0.505,0.5,0.51,200.22,101.03,101.03,200.22,0.48,26.0,0.52,70.0,0.47,24.0,0.53,70.0,0.46,15.0,0.54,85.0,0.45,72.55,0.55,169.58,0.44,36.0,0.56,111.68,0.48,70.0,0.52,26.0,0.47,70.0,0.53,24.0,0.46,85.0,0.54,15.0,0.45,169.58,0.55,72.55,0.44,111.68,0.56,36.0
2026-01-07 09:48:54.751000+00:00,2026-01-07 09:48:52.280156+00:00,234.751,0.495,0.49,0.5,0.505,0.5,0.51,245.22,41.03,41.03,230.22,0.48,131.0,0.51,10.0,0.47,39.0,0.52,60.0,0.46,10.0,0.53,10.0,0.45,32.55,0.54,85.0,0.44,16.0,0.55,169.58,0.49,10.0,0.52,131.0,0.48,60.0,0.53,39.0,0.47,10.0,0.54,10.0,0.46,85.0,0.55,32.55,0.45,169.58,0.56,16.0
2026-01-07 09:48:55.740000+00:00,2026-01-07 09:48:53.286588+00:00,235.74,0.495,0.49,0.5,0.505,0.5,0.51,320.22,41.03,41.03,280.22,0.48,101.0,0.51,10.0,0.47,119.0,0.52,70.0,0.46,90.0,0.53,10.0,0.45,102.55,0.54,15.0,0.44,86.0,0.55,84.58,0.49,10.0,0.52,101.0,0.48,70.0,0.53,119.0,0.47,10.0,0.54,90.0,0.46,15.0,0.55,102.55,0.45,84.58,0.56,86.0
2026-01-07 09:48:56.763000+00:00,2026-01-07 09:48:54.293503+00:00,236.763,0.495,0.49,0.5,0.505,0.5,0.51,320.22,30.28,30.28,310.22,0.48,96.0,0.53,5.0,0.47,79.0,0.54,35.0,0.46,70.0,0.55,84.58,0.45,102.55,0.56,41.68,0.44,86.0,0.57,50.3,0.47,5.0,0.52,96.0,0.46,60.0,0.53,79.0,0.45,124.58,0.54,70.0,0.44,41.68,0.55,102.55,0.43,50.3,0.56,86.0
2026-01-07 09:48:57.746000+00:00,2026-01-07 09:48:55.300535+00:00,237.746,0.445,0.44,0.45,0.555,0.55,0.56,15.88,45.0,45.0,15.88,0.42,10.0,0.46,30.0,0.41,27.84,0.47,15.0,0.4,162.35,0.49,25.5,0.39,80.0,0.5,15.28,0.38,81.0,0.52,5.0,0.54,30.0,0.58,10.0,0.53,15.0,0.59,27.84,0.51,25.5,0.6,162.35,0.5,15.28,0.61,80.0,0.48,5.0,0.62,81.0
2026-01-07 09:48:58.748000+00:00,2026-01-07 09:48:56.323616+00:00,238.748,0.445,0.44,0.45,0.555,0.55,0.56,15.88,34.54,34.54,15.88,0.43,15.0,0.46,90.0,0.42,15.0,0.47,15.0,0.41,67.84,0.49,25.5,0.4,162.35,0.5,15.28,0.39,80.0,0.54,150.0,0.54,90.0,0.57,15.0,0.53,15.0,0.58,15.0,0.51,25.5,0.59,67.84,0.5,15.28,0.6,162.35,0.46,150.0,0.61,80.0
2026-01-07 09:48:59.820000+00:00,2026-01-07 09:48:57.345032+00:00,239.82,0.445,0.44,0.45,0.555,0.55,0.56,15.88,29.08,52.68,15.88,0.43,30.0,0.46,80.0,0.42,10.0,0.47,15.0,0.41,67.84,0.49,276.42,0.4,102.35,0.5,155.28,0.39,80.0,0.51,70.0,0.54,95.0,0.57,20.0,0.53,15.0,0.58,10.0,0.51,276.42,0.59,67.84,0.5,155.28,0.6,102.35,0.49,70.0,0.61,80.0
2026-01-07 09:49:00.843000+00:00,2026-01-07 09:48:58.362619+00:00,240.843,0.405,0.4,0.41,0.595,0.59,0.6,75.88,30.0,50.0,75.88,0.39,35.0,0.42,84.06,0.38,21.0,0.43,101.87,0.37,31.0,0.44,110.0,0.36,5.0,0.45,34.54,0.35,70.0,0.46,260.0,0.58,114.06,0.61,10.0,0.57,101.87,0.62,11.0,0.56,110.0,0.63,21.0,0.55,114.54,0.64,5.0,0.54,260.0,0.65,70.0
2026-01-07 09:49:01.845000+00:00,2026-01-07 09:48:59.371962+00:00,241.845,0.405,0.4,0.41,0.595,0.59,0.6,17.73,38.0,53.0,9.47,0.39,45.0,0.42,189.06,0.38,21.0,0.43,211.87,0.37,41.0,0.44,170.0,0.36,5.0,0.45,104.54,0.35,70.0,0.46,100.0,0.58,194.06,0.61,15.0,0.57,161.87,0.62,11.0,0.56,170.0,0.63,31.0,0.55,104.54,0.64,5.0,0.54,100.0,0.65,70.0
2026-01-07 09:49:02.866000+00:00,2026-01-07 09:49:00.388597+00:00,242.866,0.395,0.39,0.4,0.605,0.6,0.61,22.92,35.0,30.0,67.92,0.38,21.0,0.41,89.23,0.37,41.0,0.42,184.06,0.36,25.0,0.43,161.87,0.35,80.0,0.44,170.0,0.34,10.0,0.45,104.54,0.59,32.57,0.62,31.0,0.58,224.06,0.63,31.0,0.57,161.87,0.64,25.0,0.56,170.0,0.65,80.0,0.55,104.54,0.66,10.0
2026-01-07 09:49:03.969000+00:00,2026-01-07 09:49:01.394088+00:00,243.969,0.395,0.39,0.4,0.605,0.6,0.61,20.75,18.76,18.76,20.75,0.38,31.0,0.41,9.48,0.37,31.0,0.42,294.06,0.36,25.0,0.43,161.87,0.35,80.0,0.44,170.0,0.34,10.0,0.45,104.54,0.59,49.48,0.62,31.0,0.58,294.06,0.63,31.0,0.57,161.87,0.64,25.0,0.56,100.0,0.65,80.0,0.55,104.54,0.66,80.0
2026-01-07 09:49:04.752000+00:00,2026-01-07 09:49:02.415000+00:00,244.752,0.395,0.39,0.4,0.605,0.6,0.61,20.75,38.0,110.54,5.75,0.38,11.0,0.41,191.36,0.37,51.0,0.42,204.06,0.36,5.0,0.43,161.87,0.35,90.0,0.44,100.0,0.34,80.0,0.45,104.54,0.59,190.0,0.62,16.0,0.58,164.06,0.63,41.0,0.57,161.87,0.64,15.0,0.56,100.0,0.65,80.0,0.55,104.54,0.66,80.0
2026-01-07 09:49:05.869000+00:00,2026-01-07 09:49:03.423306+00:00,245.869,0.385,0.38,0.39,0.615,0.61,0.62,26.0,71.0,28.96,26.0,0.37,36.0,0.4,195.93,0.36,25.0,0.41,160.0,0.35,100.0,0.42,164.06,0.34,80.0,0.43,91.87,0.33,97.0,0.44,100.0,0.6,195.93,0.63,36.0,0.59,160.0,0.64,25.0,0.58,164.06,0.65,100.0,0.57,91.87,0.66,80.0,0.56,100.0,0.67,97.0
2026-01-07 09:49:06.889000+00:00,2026-01-07 09:49:04.429419+00:00,246.889,0.385,0.38,0.39,0.615,0.61,0.62,49.22,27.92,22.25,26.22,0.37,31.0,0.4,200.0,0.36,15.0,0.41,160.0,0.35,80.0,0.42,164.06,0.34,100.0,0.43,91.87,0.33,97.0,0.44,100.0,0.6,200.0,0.63,51.0,0.59,160.0,0.64,15.0,0.58,164.06,0.65,80.0,0.57,91.87,0.66,100.0,0.56,100.0,0.67,97.0
2026-01-07 09:49:07.883000+00:00,2026-01-07 09:49:05.435510+00:00,247.883,0.375,0.37,0.38,0.625,0.62,0.63,51.0,30.0,30.0,51.0,0.36,15.0,0.39,42.25,0.35,80.0,0.4,230.0,0.34,30.0,0.41,140.0,0.33,97.0,0.42,164.06,0.32,70.0,0.43,91.87,0.61,42.25,0.64,15.0,0.6,230.0,0.65,80.0,0.59,140.0,0.66,30.0,0.58,164.06,0.67,97.0,0.57,91.87,0.68,70.0
2026-01-07 09:49:08.872000+00:00,2026-01-07 09:49:06.441987+00:00,248.872,0.375,0.37,0.38,0.625,0.62,0.63,49.41,24.44,29.44,47.25,0.36,5.0,0.39,219.16,0.35,90.0,0.4,220.0,0.34,20.0,0.41,140.0,0.33,97.0,0.42,94.06,0.32,70.0,0.43,126.87,0.61,219.16,0.64,5.0,0.6,220.0,0.65,90.0,0.59,140.0,0.66,20.0,0.58,94.06,0.67,107.0,0.57,126.87,0.68,70.0
2026-01-07 09:49:09.926000+00:00,2026-01-07 09:49:07.464822+00:00,249.926,0.375,0.37,0.38,0.625,0.62,0.63,17.25,21.44,21.44,17.25,0.36,40.0,0.39,264.16,0.35,90.0,0.4,170.0,0.34,20.0,0.41,140.0,0.33,117.0,0.42,94.06,0.32,70.0,0.43,126.87,0.61,264.16,0.64,40.0,0.6,170.0,0.65,90.0,0.59,140.0,0.66,20.0,0.58,94.06,0.67,117.0,0.57,126.87,0.68,70.0
2026-01-07 09:49:10.923000+00:00,2026-01-07 09:49:08.469993+00:00,250.923,0.375,0.37,0.38,0.625,0.62,0.63,17.25,184.44,184.44,17.25,0.36,40.0,0.39,254.16,0.35,90.0,0.4,170.0,0.34,20.0,0.41,70.0,0.33,117.0,0.42,94.06,0.32,70.0,0.43,126.87,0.61,254.16,0.64,40.0,0.6,170.0,0.65,90.0,0.59,70.0,0.66,20.0,0.58,94.06,0.67,117.0,0.57,126.87,0.68,70.0
2026-01-07 09:49:11.940000+00:00,2026-01-07 09:49:09.492994+00:00,251.94,0.38,0.37,0.39,0.615,0.61,0.62,120.09,2.06,17.06,43.0,0.36,115.0,0.4,40.0,0.35,160.0,0.41,200.0,0.34,80.0,0.42,174.06,0.33,253.99,0.43,126.87,0.32,185.0,0.44,100.0,0.6,30.0,0.63,130.09,0.58,34.06,0.64,5.0,0.57,56.87,0.65,265.0,0.56,100.0,0.66,170.0,0.55,99.54,0.67,213.99
2026-01-07 09:49:12.985000+00:00,2026-01-07 09:49:10.513745+00:00,252.985,0.395,0.39,0.4,0.605,0.6,0.61,35.0,30.0,30.0,20.0,0.38,35.0,0.42,24.06,0.37,20.0,0.43,141.87,0.36,165.0,0.44,35.0,0.35,195.0,0.45,29.54,0.34,210.0,0.46,250.0,0.58,24.06,0.62,20.0,0.57,141.87,0.63,20.0,0.56,35.0,0.64,165.0,0.55,29.54,0.65,195.0,0.54,250.0,0.66,210.0
2026-01-07 09:49:13.909000+00:00,2026-01-07 09:49:11.514322+00:00,253.909,0.395,0.39,0.4,0.595,0.58,0.61,20.0,20.0,29.06,30.0,0.38,10.0,0.42,29.06,0.37,20.0,0.43,131.87,0.36,200.0,0.44,40.0,0.35,240.0,0.45,29.54,0.34,220.0,0.46,30.0,0.57,121.87,0.62,10.0,0.56,30.0,0.63,20.0,0.55,29.54,0.64,185.0,0.54,30.0,0.65,270.0,0.53,15.0,0.66,190.0
2026-01-07 09:49:14.862000+00:00,2026-01-07 09:49:12.520052+00:00,254.862,0.405,0.4,0.41,0.595,0.59,0.6,10.0,35.0,35.0,10.0,0.39,35.0,0.42,109.06,0.38,50.0,0.43,56.87,0.37,10.0,0.44,30.0,0.36,175.0,0.45,179.54,0.35,195.0,0.46,170.0,0.58,109.06,0.61,20.0,0.57,56.87,0.62,50.0,0.56,30.0,0.63,10.0,0.55,179.54,0.64,175.0,0.54,170.0,0.65,195.0
2026-01-07 09:49:16.976000+00:00,2026-01-07 09:49:14.531197+00:00,256.976,0.405,0.4,0.41,0.595,0.59,0.6,100.0,30.0,30.0,100.0,0.39,10.0,0.42,24.06,0.38,315.0,0.43,56.87,0.37,130.0,0.44,95.0,0.36,130.0,0.45,54.54,0.35,195.0,0.46,110.0,0.58,24.06,0.61,10.0,0.57,56.87,0.62,315.0,0.56,95.0,0.63,130.0,0.55,54.54,0.64,130.0,0.54,180.0,0.65,195.0
2026-01-07 09:49:18.998000+00:00,2026-01-07 09:49:16.557307+00:00,258.998,0.4,0.39,0.41,0.595,0.59,0.6,212.83,42.92,12.92,195.0,0.38,170.0,0.42,30.0,0.37,125.0,0.43,20.0,0.36,130.0,0.44,35.0,0.35,195.0,0.45,9.47,0.34,155.0,0.46,150.0,0.58,30.0,0.61,142.83,0.57,20.0,0.62,195.0,0.56,35.0,0.63,125.0,0.55,9.47,0.64,130.0,0.54,150.0,0.65,160.0
2026-01-07 09:49:20.012000+00:00,2026-01-07 09:49:17.546543+00:00,260.012,0.415,0.41,0.42,0.585,0.58,0.59,10.0,40.0,30.0,10.0,0.4,215.0,0.43,80.0,0.39,137.83,0.44,65.0,0.38,175.0,0.45,9.47,0.37,125.0,0.48,220.0,0.36,150.0,0.49,170.92,0.57,70.0,0.6,180.0,0.56,55.0,0.61,162.83,0.55,9.47,0.62,150.0,0.53,70.0,0.63,125.0,0.52,220.0,0.64,150.0
2026-01-07 09:49:21.008000+00:00,2026-01-07 09:49:18.552595+00:00,261.008,0.395,0.39,0.4,0.605,0.6,0.61,202.83,1214.87,1180.06,192.83,0.38,150.0,0.42,164.99,0.37,145.0,0.43,85.0,0.36,150.0,0.44,30.0,0.35,165.0,0.45,9.47,0.34,104.0,0.46,70.0,0.58,274.99,0.62,160.0,0.57,205.0,0.63,145.0,0.56,170.0,0.64,150.0,0.55,79.47,0.65,165.0,0.54,70.0,0.66,104.0
2026-01-07 09:49:22.038000+00:00,2026-01-07 09:49:19.574892+00:00,262.038,0.395,0.39,0.4,0.605,0.6,0.61,262.83,1165.06,1165.06,252.83,0.38,100.0,0.43,65.0,0.37,265.0,0.44,64.99,0.36,150.0,0.45,149.47,0.35,165.0,0.46,140.0,0.34,55.0,0.47,70.0,0.58,5.0,0.62,170.0,0.57,145.0,0.63,205.0,0.56,50.0,0.64,150.0,0.55,149.47,0.65,165.0,0.54,140.0,0.66,55.0
2026-01-07 09:49:23.170000+00:00,2026-01-07 09:49:20.579743+00:00,263.17,0.395,0.39,0.4,0.605,0.6,0.61,352.83,887.22,887.22,357.83,0.38,100.0,0.43,15.0,0.37,125.0,0.44,94.99,0.36,150.0,0.45,219.47,0.35,165.0,0.46,155.0,0.34,125.0,0.47,140.0,0.57,15.0,0.62,100.0,0.56,84.99,0.63,125.0,0.55,149.47,0.64,150.0,0.54,140.0,0.65,165.0,0.53,140.0,0.66,125.0
2026-01-07 09:49:24.080000+00:00,2026-01-07 09:49:21.602116+00:00,264.08,0.395,0.39,0.4,0.605,0.6,0.61,287.83,739.72,739.72,287.83,0.38,140.0,0.42,25.0,0.37,135.0,0.43,290.0,0.36,150.0,0.44,170.0,0.35,214.0,0.45,164.47,0.34,140.0,0.46,70.0,0.58,30.0,0.62,140.0,0.57,290.0,0.63,135.0,0.56,170.0,0.64,150.0,0.55,164.47,0.65,214.0,0.54,70.0,0.66,140.0
2026-01-07 09:49:25.077000+00:00,2026-01-07 09:49:22.607897+00:00,265.077,0.395,0.39,0.4,0.605,0.6,0.61,267.83,607.29,617.29,232.83,0.38,120.0,0.41,150.0,0.37,155.0,0.42,160.0,0.36,130.0,0.43,225.0,0.35,165.0,0.44,134.99,0.34,189.0,0.45,109.47,0.59,150.0,0.62,100.0,0.58,140.0,0.63,145.0,0.57,240.0,0.64,130.0,0.56,100.0,0.65,165.0,0.55,109.47,0.66,227.0
2026-01-07 09:49:26.011000+00:00,2026-01-07 09:49:23.614550+00:00,266.011,0.395,0.39,0.4,0.605,0.6,0.61,232.83,717.99,717.99,232.83,0.38,130.0,0.41,145.0,0.37,155.0,0.42,225.0,0.36,150.0,0.43,150.0,0.35,165.0,0.44,100.0,0.34,227.0,0.45,109.47,0.59,145.0,0.62,130.0,0.58,225.0,0.63,155.0,0.57,150.0,0.64,140.0,0.56,100.0,0.65,165.0,0.55,109.47,0.66,189.0
2026-01-07 09:49:27.100000+00:00,2026-01-07 09:49:24.621434+00:00,267.1,0.395,0.39,0.4,0.605,0.6,0.61,242.83,637.99,567.99,287.83,0.38,110.0,0.41,235.0,0.37,125.0,0.42,140.0,0.36,130.0,0.43,85.0,0.35,165.0,0.44,134.99,0.34,119.0,0.45,79.47,0.59,80.0,0.62,130.0,0.58,145.0,0.63,125.0,0.57,160.0,0.64,130.0,0.56,95.0,0.65,165.0,0.55,129.47,0.66,189.0
2026-01-07 09:49:28.104000+00:00,2026-01-07 09:49:25.625621+00:00,268.104,0.395,0.39,0.4,0.605,0.6,0.61,227.83,754.96,809.96,185.0,0.38,100.0,0.41,155.0,0.37,135.0,0.42,134.99,0.36,150.0,0.43,130.0,0.35,175.0,0.44,85.0,0.34,159.0,0.45,79.47,0.59,190.0,0.62,100.0,0.58,114.99,0.63,125.0,0.57,100.0,0.64,135.0,0.56,85.0,0.65,170.0,0.55,79.47,0.66,90.0
2026-01-07 09:49:29.093000+00:00,2026-01-07 09:49:26.629796+00:00,269.093,0.395,0.39,0.4,0.605,0.6,0.61,235.0,709.96,697.2,235.0,0.38,100.0,0.41,205.0,0.37,130.0,0.42,100.0,0.36,135.0,0.43,115.0,0.35,195.0,0.44,85.0,0.34,100.0,0.45,79.47,0.59,205.0,0.62,100.0,0.58,100.0,0.63,130.0,0.57,115.0,0.64,135.0,0.56,85.0,0.65,195.0,0.55,79.47,0.66,100.0
2026-01-07 09:49:30.132000+00:00,2026-01-07 09:49:27.652254+00:00,270.132,0.395,0.39,0.4,0.605,0.6,0.61,107.38,737.19,672.2,215.0,0.38,100.0,0.41,170.0,0.37,130.0,0.42,114.99,0.36,135.0,0.43,115.0,0.35,195.0,0.44,85.0,0.34,100.0,0.45,79.47,0.59,205.0,0.62,125.0,0.58,114.99,0.63,105.0,0.57,115.0,0.64,135.0,0.56,85.0,0.65,195.0,0.55,79.47,0.66,135.0
2026-01-07 09:49:31.121000+00:00,2026-01-07 09:49:28.659693+00:00,271.121,0.395,0.39,0.4,0.605,0.6,0.61,245.0,563.16,563.16,210.0,0.38,105.0,0.41,115.0,0.37,130.0,0.42,250.0,0.36,180.0,0.43,185.0,0.35,205.0,0.44,155.0,0.34,70.0,0.45,79.47,0.59,50.0,0.62,105.0,0.58,284.99,0.63,130.0,0.57,185.0,0.64,180.0,0.56,155.0,0.65,205.0,0.55,79.47,0.66,70.0
2026-01-07 09:49:32.137000+00:00,2026-01-07 09:49:29.682696+00:00,272.137,0.395,0.39,0.4,0.605,0.6,0.61,195.0,568.16,578.16,190.0,0.38,110.0,0.41,265.0,0.37,125.0,0.42,170.0,0.36,180.0,0.43,185.0,0.35,205.0,0.44,85.0,0.34,80.0,0.45,79.47,0.59,265.0,0.62,110.0,0.58,170.0,0.63,125.0,0.57,185.0,0.64,180.0,0.56,85.0,0.65,205.0,0.55,79.47,0.66,80.0
2026-01-07 09:49:33.156000+00:00,2026-01-07 09:49:30.690518+00:00,273.156,0.395,0.39,0.4,0.605,0.6,0.61,128.6,733.16,733.16,168.6,0.38,125.0,0.41,205.0,0.37,105.0,0.42,184.99,0.36,165.0,0.43,100.0,0.35,195.0,0.44,85.0,0.34,145.0,0.45,79.47,0.59,205.0,0.62,125.0,0.58,184.99,0.63,105.0,0.57,100.0,0.64,165.0,0.56,85.0,0.65,195.0,0.55,79.47,0.66,145.0
2026-01-07 09:49:34.197000+00:00,2026-01-07 09:49:31.713012+00:00,274.197,0.395,0.39,0.4,0.605,0.6,0.61,173.6,523.16,523.16,168.6,0.38,125.0,0.41,50.0,0.37,155.0,0.42,315.0,0.36,180.0,0.43,185.0,0.35,165.0,0.44,169.99,0.34,70.0,0.45,79.47,0.59,50.0,0.62,125.0,0.58,315.0,0.63,155.0,0.57,185.0,0.64,180.0,0.56,169.99,0.65,165.0,0.55,79.47,0.66,70.0
2026-01-07 09:49:35.182000+00:00,2026-01-07 09:49:32.703988+00:00,275.182,0.395,0.39,0.4,0.605,0.6,0.61,208.6,516.07,516.07,208.6,0.38,125.0,0.41,20.0,0.37,155.0,0.42,135.0,0.36,180.0,0.43,170.0,0.35,165.0,0.44,169.99,0.34,140.0,0.45,79.47,0.59,20.0,0.62,125.0,0.58,135.0,0.63,155.0,0.57,170.0,0.64,180.0,0.56,169.99,0.65,165.0,0.55,79.47,0.66,140.0
2026-01-07 09:49:36.165000+00:00,2026-01-07 09:49:33.712380+00:00,276.165,0.395,0.39,0.4,0.605,0.6,0.61,173.6,526.07,526.07,188.6,0.38,105.0,0.41,80.0,0.37,155.0,0.42,65.0,0.36,180.0,0.43,45.0,0.35,245.0,0.44,249.99,0.34,140.0,0.45,149.47,0.59,80.0,0.62,105.0,0.57,80.0,0.63,155.0,0.56,249.99,0.64,190.0,0.55,149.47,0.65,175.0,0.54,140.0,0.66,140.0
2026-01-07 09:49:37.177000+00:00,2026-01-07 09:49:34.716708+00:00,277.177,0.395,0.39,0.4,0.605,0.6,0.61,183.6,531.99,511.99,208.6,0.38,105.0,0.41,70.0,0.37,155.0,0.42,150.0,0.36,190.0,0.43,220.0,0.35,175.0,0.44,169.99,0.34,140.0,0.45,79.47,0.59,30.0,0.62,115.0,0.58,200.0,0.63,155.0,0.57,220.0,0.64,180.0,0.56,155.0,0.65,165.0,0.55,94.47,0.66,140.0
2026-01-07 09:49:38.199000+00:00,2026-01-07 09:49:35.722494+00:00,278.199,0.395,0.39,0.4,0.605,0.6,0.61,158.6,511.99,496.99,153.6,0.38,195.0,0.41,30.0,0.37,145.0,0.42,50.0,0.36,250.0,0.43,80.0,0.35,245.0,0.44,170.0,0.34,140.0,0.45,149.47,0.59,35.0,0.62,195.0,0.58,30.0,0.63,165.0,0.57,80.0,0.64,180.0,0.56,170.0,0.65,175.0,0.55,164.47,0.66,178.0
2026-01-07 09:49:39.198000+00:00,2026-01-07 09:49:36.728461+00:00,279.198,0.395,0.39,0.4,0.605,0.6,0.61,168.6,479.79,452.79,153.6,0.38,105.0,0.41,155.0,0.37,165.0,0.42,220.0,0.36,160.0,0.43,220.0,0.35,243.0,0.44,100.0,0.34,140.0,0.45,109.47,0.59,220.0,0.62,110.0,0.58,160.0,0.63,155.0,0.57,220.0,0.64,190.0,0.56,100.0,0.65,213.0,0.55,109.47,0.66,119.0
2026-01-07 09:49:40.208000+00:00,2026-01-07 09:49:37.733793+00:00,280.208,0.395,0.39,0.4,0.605,0.6,0.61,168.6,428.74,428.74,163.6,0.38,110.0,0.41,220.0,0.37,155.0,0.42,160.0,0.36,190.0,0.43,205.0,0.35,175.0,0.44,100.0,0.34,119.0,0.45,109.47,0.59,215.0,0.62,100.0,0.58,140.0,0.63,155.0,0.57,155.0,0.64,160.0,0.56,135.0,0.65,213.0,0.55,109.47,0.66,119.0
2026-01-07 09:49:41.215000+00:00,2026-01-07 09:49:38.740365+00:00,281.215,0.395,0.39,0.4,0.605,0.6,0.61,153.6,473.74,583.74,148.6,0.38,105.0,0.41,45.0,0.37,165.0,0.42,260.0,0.36,229.0,0.43,220.0,0.35,175.0,0.44,170.0,0.34,189.0,0.45,109.47,0.59,10.0,0.62,105.0,0.58,140.0,0.63,130.0,0.57,220.0,0.64,190.0,0.56,170.0,0.65,215.0,0.55,109.47,0.66,119.0
2026-01-07 09:49:42.218000+00:00,2026-01-07 09:49:39.747727+00:00,282.218,0.395,0.39,0.4,0.605,0.6,0.61,173.6,598.74,683.74,138.6,0.38,100.0,0.41,160.0,0.37,135.0,0.42,70.0,0.36,160.0,0.43,130.0,0.35,195.0,0.44,100.0,0.34,119.0,0.45,94.47,0.59,180.0,0.62,105.0,0.58,70.0,0.63,140.0,0.57,150.0,0.64,180.0,0.56,100.0,0.65,215.0,0.55,94.47,0.66,119.0
2026-01-07 09:49:43.244000+00:00,2026-01-07 09:49:40.769150+00:00,283.244,0.395,0.39,0.4,0.605,0.6,0.61,179.6,428.74,428.74,148.6,0.38,115.0,0.41,190.0,0.37,135.0,0.42,140.0,0.36,160.0,0.43,185.0,0.35,185.0,0.44,120.0,0.34,157.0,0.45,94.47,0.59,285.0,0.62,115.0,0.58,140.0,0.63,155.0,0.57,185.0,0.64,180.0,0.56,120.0,0.65,185.0,0.55,94.47,0.66,157.0
2026-01-07 09:49:44.151000+00:00,2026-01-07 09:49:41.757608+00:00,284.151,0.395,0.39,0.4,0.605,0.6,0.61,143.6,416.63,404.17,143.6,0.38,115.0,0.41,280.0,0.37,155.0,0.42,170.0,0.36,190.0,0.43,185.0,0.35,175.0,0.44,120.0,0.34,157.0,0.45,94.47,0.59,295.0,0.62,115.0,0.58,150.0,0.63,155.0,0.57,205.0,0.64,190.0,0.56,100.0,0.65,175.0,0.55,94.47,0.66,157.0
2026-01-07 09:49:45.218000+00:00,2026-01-07 09:49:42.750752+00:00,285.218,0.395,0.39,0.4,0.605,0.6,0.61,188.6,404.17,404.17,218.6,0.38,250.0,0.42,30.0,0.37,235.0,0.43,75.0,0.36,269.0,0.45,199.47,0.35,245.0,0.46,140.0,0.34,140.0,0.47,140.0,0.58,30.0,0.62,250.0,0.57,75.0,0.63,165.0,0.56,80.0,0.64,199.0,0.55,199.47,0.65,175.0,0.54,140.0,0.66,140.0
2026-01-07 09:49:46.236000+00:00,2026-01-07 09:49:43.758640+00:00,286.236,0.395,0.39,0.4,0.605,0.6,0.61,252.91,347.61,347.61,231.91,0.38,140.0,0.43,20.0,0.37,174.0,0.44,75.0,0.36,150.0,0.45,10.0,0.35,245.0,0.46,285.0,0.34,140.0,0.47,155.0,0.57,15.0,0.62,100.0,0.56,20.0,0.63,174.0,0.55,30.0,0.64,150.0,0.54,250.0,0.65,175.0,0.53,175.0,0.66,140.0
2026-01-07 09:49:47.230000+00:00,2026-01-07 09:49:44.747801+00:00,287.23,0.395,0.39,0.4,0.605,0.6,0.61,151.91,402.61,402.61,126.91,0.38,100.0,0.41,45.0,0.37,214.0,0.42,100.0,0.36,160.0,0.43,85.0,0.35,175.0,0.44,285.0,0.34,70.0,0.45,170.0,0.59,60.0,0.62,105.0,0.58,110.0,0.63,244.0,0.57,165.0,0.64,190.0,0.56,205.0,0.65,175.0,0.55,185.0,0.66,70.0
