timestamp,seconds,mid,bid,ask,asset
2026-01-07 10:15:00+00:00,0.0,3204.76,3204.65,3204.79,ETH
2026-01-07 10:15:01+00:00,1.0,3204.79,3204.66,3204.82,ETH
2026-01-07 10:15:02+00:00,2.0,3204.8,3204.66,3204.83,ETH
2026-01-07 10:15:03+00:00,3.0,3204.81,3204.67,3204.84,ETH
2026-01-07 10:15:04+00:00,4.0,3204.75,3204.68,3204.78,ETH
2026-01-07 10:15:05+00:00,5.0,3204.69,3204.66,3204.7,ETH
2026-01-07 10:15:06+00:00,6.0,3204.69,3204.65,3204.7,ETH
2026-01-07 10:15:07+00:00,7.0,3205.08,3205.08,3205.29,ETH
2026-01-07 10:15:08+00:00,8.0,3205.27,3205.11,3205.28,ETH
2026-01-07 10:15:09+00:00,9.0,3204.89,3204.68,3204.97,ETH
2026-01-07 10:15:10+00:00,10.0,3205.05,3204.91,3205.13,ETH
2026-01-07 10:15:11+00:00,11.0,3205.17,3205.07,3205.19,ETH
2026-01-07 10:15:12+00:00,12.0,3205.19,3205.07,3205.2,ETH
2026-01-07 10:15:13+00:00,13.0,3205.19,3205.07,3205.2,ETH
2026-01-07 10:15:14+00:00,14.0,3205.25,3205.16,3205.26,ETH
2026-01-07 10:15:15+00:00,15.0,3205.33,3205.24,3205.34,ETH
2026-01-07 10:15:16+00:00,16.0,3205.36,3205.22,3205.37,ETH
2026-01-07 10:15:17+00:00,17.0,3205.37,3205.28,3205.42,ETH
2026-01-07 10:15:18+00:00,18.0,3205.36,3205.29,3205.42,ETH
2026-01-07 10:15:19+00:00,19.0,3205.35,3205.25,3205.38,ETH
2026-01-07 10:15:20+00:00,20.0,3205.35,3205.27,3205.38,ETH
2026-01-07 10:15:21+00:00,21.0,3205.36,3205.29,3205.39,ETH
2026-01-07 10:15:22+00:00,22.0,3205.42,3205.32,3205.45,ETH
2026-01-07 10:15:23+00:00,23.0,3205.51,3205.38,3205.57,ETH
2026-01-07 10:15:24+00:00,24.0,3205.62,3205.42,3205.68,ETH
2026-01-07 10:15:25+00:00,25.0,3205.63,3205.46,3205.66,ETH
2026-01-07 10:15:26+00:00,26.0,3205.53,3205.46,3205.55,ETH
2026-01-07 10:15:27+00:00,27.0,3205.49,3205.45,3205.5,ETH
2026-01-07 10:15:28+00:00,28.0,3205.49,3205.45,3205.5,ETH
2026-01-07 10:15:29+00:00,29.0,3205.56,3205.46,3205.57,ETH
2026-01-07 10:15:30+00:00,30.0,3205.63,3205.5,3205.63,ETH
2026-01-07 10:15:31+00:00,31.0,3205.63,3205.55,3205.63,ETH
2026-01-07 10:15:32+00:00,32.0,3205.62,3205.48,3205.64,ETH
2026-01-07 10:15:33+00:00,33.0,3205.62,3205.39,3205.64,ETH
2026-01-07 10:15:34+00:00,34.0,3205.56,3205.52,3205.57,ETH
2026-01-07 10:15:35+00:00,35.0,3205.92,3205.62,3206.08,ETH
2026-01-07 10:15:36+00:00,36.0,3205.97,3205.9,3206.25,ETH
2026-01-07 10:15:37+00:00,37.0,3206.44,3206.32,3206.45,ETH
2026-01-07 10:15:38+00:00,38.0,3206.44,3206.33,3206.45,ETH
2026-01-07 10:15:39+00:00,39.0,3206.43,3206.35,3206.45,ETH
2026-01-07 10:15:40+00:00,40.0,3206.65,3206.39,3206.67,ETH
2026-01-07 10:15:41+00:00,41.0,3206.62,3206.46,3206.62,ETH
2026-01-07 10:15:42+00:00,42.0,3206.68,3206.46,3206.73,ETH
2026-01-07 10:15:43+00:00,43.0,3206.62,3206.48,3206.62,ETH
2026-01-07 10:15:44+00:00,44.0,3206.81,3206.64,3206.83,ETH
2026-01-07 10:15:45+00:00,45.0,3206.93,3206.74,3206.98,ETH
2026-01-07 10:15:46+00:00,46.0,3206.95,3206.9,3206.97,ETH
2026-01-07 10:15:47+00:00,47.0,3206.95,3206.9,3206.97,ETH
2026-01-07 10:15:48+00:00,48.0,3206.95,3206.91,3206.97,ETH
2026-01-07 10:15:49+00:00,49.0,3207.05,3206.95,3207.05,ETH
2026-01-07 10:15:50+00:00,50.0,3207.05,3206.95,3207.05,ETH
2026-01-07 10:15:51+00:00,51.0,3207.05,3206.96,3207.05,ETH
2026-01-07 10:15:52+00:00,52.0,3207.04,3206.96,3207.05,ETH
2026-01-07 10:15:53+00:00,53.0,3207.0,3206.96,3207.02,ETH
2026-01-07 10:15:54+00:00,54.0,3206.99,3206.95,3207.02,ETH
2026-01-07 10:15:55+00:00,55.0,3207.01,3206.95,3207.04,ETH
2026-01-07 10:15:56+00:00,56.0,3206.91,3206.79,3206.93,ETH
2026-01-07 10:15:57+00:00,57.0,3206.8,3206.61,3206.82,ETH
2026-01-07 10:15:58+00:00,58.0,3206.62,3206.57,3206.66,ETH
2026-01-07 10:15:59+00:00,59.0,3206.65,3206.57,3206.72,ETH
2026-01-07 10:16:00+00:00,60.0,3206.62,3206.57,3206.69,ETH
2026-01-07 10:16:01+00:00,61.0,3206.62,3206.58,3206.72,ETH
2026-01-07 10:16:02+00:00,62.0,3206.63,3206.58,3206.67,ETH
2026-01-07 10:16:03+00:00,63.0,3206.62,3206.48,3206.62,ETH
2026-01-07 10:16:04+00:00,64.0,3206.62,3206.48,3206.62,ETH
2026-01-07 10:16:05+00:00,65.0,3206.72,3206.49,3206.91,ETH
2026-01-07 10:16:06+00:00,66.0,3206.72,3206.55,3206.73,ETH
2026-01-07 10:16:07+00:00,67.0,3206.72,3206.62,3206.73,ETH
2026-01-07 10:16:08+00:00,68.0,3206.93,3206.89,3207.01,ETH
2026-01-07 10:16:09+00:00,69.0,3207.25,3207.14,3207.25,ETH
2026-01-07 10:16:10+00:00,70.0,3207.28,3207.17,3207.3,ETH
2026-01-07 10:16:11+00:00,71.0,3207.59,3207.42,3207.6,ETH
2026-01-07 10:16:12+00:00,72.0,3207.59,3207.47,3207.6,ETH
2026-01-07 10:16:13+00:00,73.0,3207.68,3207.49,3207.69,ETH
2026-01-07 10:16:14+00:00,74.0,3207.78,3207.6,3207.84,ETH
2026-01-07 10:16:15+00:00,75.0,3207.87,3207.75,3207.93,ETH
2026-01-07 10:16:16+00:00,76.0,3208.04,3207.88,3208.05,ETH
2026-01-07 10:16:17+00:00,77.0,3208.13,3208.0,3208.14,ETH
2026-01-07 10:16:18+00:00,78.0,3208.13,3208.04,3208.14,ETH
2026-01-07 10:16:19+00:00,79.0,3208.13,3208.05,3208.13,ETH
2026-01-07 10:16:20+00:00,80.0,3208.13,3208.05,3208.13,ETH
2026-01-07 10:16:21+00:00,81.0,3208.13,3208.05,3208.14,ETH
2026-01-07 10:16:22+00:00,82.0,3208.13,3208.06,3208.13,ETH
2026-01-07 10:16:23+00:00,83.0,3208.13,3208.05,3208.13,ETH
2026-01-07 10:16:24+00:00,84.0,3208.13,3208.04,3208.13,ETH
2026-01-07 10:16:25+00:00,85.0,3208.13,3208.04,3208.14,ETH
2026-01-07 10:16:26+00:00,86.0,3208.13,3208.01,3208.13,ETH
2026-01-07 10:16:27+00:00,87.0,3208.13,3208.04,3208.13,ETH
2026-01-07 10:16:28+00:00,88.0,3208.1,3208.03,3208.13,ETH
2026-01-07 10:16:29+00:00,89.0,3208.1,3208.03,3208.13,ETH
2026-01-07 10:16:30+00:00,90.0,3208.02,3207.91,3208.06,ETH
2026-01-07 10:16:31+00:00,91.0,3208.03,3207.91,3208.06,ETH
2026-01-07 10:16:32+00:00,92.0,3208.0,3207.87,3208.04,ETH
2026-01-07 10:16:33+00:00,93.0,3208.0,3207.91,3208.04,ETH
2026-01-07 10:16:34+00:00,94.0,3207.97,3207.87,3208.02,ETH
2026-01-07 10:16:35+00:00,95.0,3207.38,3207.25,3207.47,ETH
2026-01-07 10:16:36+00:00,96.0,3206.78,3206.63,3206.91,ETH
2026-01-07 10:16:37+00:00,97.0,3206.76,3206.62,3206.85,ETH
2026-01-07 10:16:38+00:00,98.0,3206.74,3206.62,3206.79,ETH
2026-01-07 10:16:39+00:00,99.0,3206.72,3206.61,3206.73,ETH
2026-01-07 10:16:40+00:00,100.0,3206.73,3206.63,3206.77,ETH
2026-01-07 10:16:41+00:00,101.0,3207.01,3206.84,3207.06,ETH
2026-01-07 10:16:42+00:00,102.0,3207.18,3207.03,3207.2,ETH
2026-01-07 10:16:43+00:00,103.0,3207.05,3207.03,3207.14,ETH
2026-01-07 10:16:44+00:00,104.0,3207.06,3207.03,3207.11,ETH
2026-01-07 10:16:45+00:00,105.0,3207.09,3207.01,3207.11,ETH
2026-01-07 10:16:46+00:00,106.0,3207.15,3207.03,3207.17,ETH
2026-01-07 10:16:47+00:00,107.0,3207.18,3207.05,3207.2,ETH
2026-01-07 10:16:48+00:00,108.0,3207.26,3207.14,3207.28,ETH
2026-01-07 10:16:49+00:00,109.0,3207.37,3207.28,3207.4,ETH
2026-01-07 10:16:50+00:00,110.0,3207.5,3207.38,3207.51,ETH
2026-01-07 10:16:51+00:00,111.0,3207.59,3207.45,3207.59,ETH
2026-01-07 10:16:52+00:00,112.0,3207.59,3207.46,3207.59,ETH
2026-01-07 10:16:53+00:00,113.0,3207.58,3207.46,3207.59,ETH
2026-01-07 10:16:54+00:00,114.0,3207.58,3207.46,3207.59,ETH
2026-01-07 10:16:55+00:00,115.0,3207.59,3207.48,3207.59,ETH
2026-01-07 10:16:56+00:00,116.0,3207.59,3207.5,3207.59,ETH
2026-01-07 10:16:58+00:00,118.0,3207.84,3207.65,3207.89,ETH
2026-01-07 10:16:59+00:00,119.0,3207.82,3207.72,3207.87,ETH
2026-01-07 10:17:00+00:00,120.0,3207.88,3207.75,3207.9,ETH
2026-01-07 10:17:01+00:00,121.0,3207.89,3207.77,3207.9,ETH
2026-01-07 10:17:02+00:00,122.0,3207.89,3207.75,3207.9,ETH
2026-01-07 10:17:03+00:00,123.0,3207.89,3207.75,3207.9,ETH
2026-01-07 10:17:04+00:00,124.0,3207.89,3207.73,3207.9,ETH
2026-01-07 10:17:05+00:00,125.0,3207.89,3207.73,3207.9,ETH
2026-01-07 10:17:06+00:00,126.0,3207.8,3207.26,3207.82,ETH
2026-01-07 10:17:07+00:00,127.0,3207.36,3207.17,3207.4,ETH
2026-01-07 10:17:08+00:00,128.0,3207.17,3207.08,3207.25,ETH
2026-01-07 10:17:09+00:00,129.0,3207.14,3207.08,3207.25,ETH
2026-01-07 10:17:10+00:00,130.0,3207.15,3207.08,3207.25,ETH
2026-01-07 10:17:11+00:00,131.0,3207.16,3207.08,3207.25,ETH
2026-01-07 10:17:12+00:00,132.0,3207.17,3207.08,3207.25,ETH
2026-01-07 10:17:13+00:00,133.0,3207.15,3207.08,3207.24,ETH
2026-01-07 10:17:14+00:00,134.0,3207.13,3207.08,3207.23,ETH
2026-01-07 10:17:15+00:00,135.0,3207.13,3207.08,3207.23,ETH
2026-01-07 10:17:16+00:00,136.0,3207.14,3207.09,3207.23,ETH
2026-01-07 10:17:17+00:00,137.0,3207.13,3207.1,3207.23,ETH
2026-01-07 10:17:18+00:00,138.0,3207.16,3207.11,3207.24,ETH
2026-01-07 10:17:19+00:00,139.0,3207.2,3207.13,3207.24,ETH
2026-01-07 10:17:20+00:00,140.0,3207.2,3207.12,3207.28,ETH
2026-01-07 10:17:21+00:00,141.0,3207.22,3207.15,3207.29,ETH
2026-01-07 10:17:22+00:00,142.0,3207.34,3207.2,3207.36,ETH
2026-01-07 10:17:23+00:00,143.0,3207.42,3207.27,3207.43,ETH
2026-01-07 10:17:24+00:00,144.0,3207.3,3207.11,3207.32,ETH
2026-01-07 10:17:25+00:00,145.0,3207.11,3206.93,3207.15,ETH
2026-01-07 10:17:26+00:00,146.0,3207.01,3206.93,3207.06,ETH
2026-01-07 10:17:27+00:00,147.0,3206.99,3206.91,3207.04,ETH
2026-01-07 10:17:28+00:00,148.0,3206.96,3206.9,3207.0,ETH
2026-01-07 10:17:29+00:00,149.0,3206.96,3206.9,3206.99,ETH
2026-01-07 10:17:30+00:00,150.0,3206.97,3206.9,3207.01,ETH
2026-01-07 10:17:31+00:00,151.0,3206.96,3206.9,3207.0,ETH
2026-01-07 10:17:32+00:00,152.0,3206.96,3206.9,3206.99,ETH
2026-01-07 10:17:33+00:00,153.0,3206.98,3206.9,3207.03,ETH
2026-01-07 10:17:34+00:00,154.0,3206.92,3206.89,3206.96,ETH
2026-01-07 10:17:35+00:00,155.0,3207.03,3206.91,3207.07,ETH
2026-01-07 10:17:36+00:00,156.0,3207.18,3206.99,3207.35,ETH
2026-01-07 10:17:37+00:00,157.0,3207.19,3206.99,3207.35,ETH
2026-01-07 10:17:38+00:00,158.0,3207.19,3206.99,3207.35,ETH
2026-01-07 10:17:39+00:00,159.0,3207.11,3206.99,3207.12,ETH
2026-01-07 10:17:40+00:00,160.0,3207.11,3206.98,3207.12,ETH
2026-01-07 10:17:41+00:00,161.0,3207.11,3206.99,3207.12,ETH
2026-01-07 10:17:42+00:00,162.0,3207.11,3206.99,3207.12,ETH
2026-01-07 10:17:43+00:00,163.0,3207.11,3206.99,3207.12,ETH
2026-01-07 10:17:44+00:00,164.0,3207.34,3207.18,3207.4,ETH
2026-01-07 10:17:45+00:00,165.0,3207.47,3207.41,3207.52,ETH
2026-01-07 10:17:46+00:00,166.0,3207.58,3207.47,3207.62,ETH
2026-01-07 10:17:47+00:00,167.0,3207.88,3207.67,3208.08,ETH
2026-01-07 10:17:48+00:00,168.0,3208.07,3207.94,3208.14,ETH
2026-01-07 10:17:49+00:00,169.0,3208.11,3208.04,3208.16,ETH
2026-01-07 10:17:50+00:00,170.0,3208.14,3208.05,3208.18,ETH
2026-01-07 10:17:51+00:00,171.0,3208.15,3208.07,3208.18,ETH
2026-01-07 10:17:52+00:00,172.0,3208.14,3208.07,3208.17,ETH
2026-01-07 10:17:53+00:00,173.0,3208.19,3208.07,3208.22,ETH
2026-01-07 10:17:54+00:00,174.0,3208.24,3208.07,3208.27,ETH
2026-01-07 10:17:55+00:00,175.0,3208.21,3208.03,3208.25,ETH
2026-01-07 10:17:56+00:00,176.0,3208.17,3207.99,3208.24,ETH
2026-01-07 10:17:57+00:00,177.0,3208.14,3208.06,3208.21,ETH
2026-01-07 10:17:58+00:00,178.0,3208.15,3208.05,3208.17,ETH
2026-01-07 10:17:59+00:00,179.0,3208.17,3208.07,3208.22,ETH
2026-01-07 10:18:00+00:00,180.0,3208.15,3208.07,3208.18,ETH
2026-01-07 10:18:01+00:00,181.0,3208.14,3208.07,3208.17,ETH
2026-01-07 10:18:02+00:00,182.0,3208.14,3208.06,3208.15,ETH
2026-01-07 10:18:03+00:00,183.0,3207.58,3207.33,3207.59,ETH
2026-01-07 10:18:04+00:00,184.0,3207.43,3207.34,3207.57,ETH
2026-01-07 10:18:05+00:00,185.0,3207.35,3207.32,3207.4,ETH
2026-01-07 10:18:06+00:00,186.0,3207.31,3207.05,3207.4,ETH
2026-01-07 10:18:07+00:00,187.0,3207.21,3207.04,3207.57,ETH
2026-01-07 10:18:08+00:00,188.0,3207.21,3207.04,3207.4,ETH
2026-01-07 10:18:09+00:00,189.0,3207.21,3207.05,3207.26,ETH
2026-01-07 10:18:10+00:00,190.0,3207.21,3207.08,3207.56,ETH
2026-01-07 10:18:11+00:00,191.0,3207.21,3207.07,3207.58,ETH
2026-01-07 10:18:12+00:00,192.0,3207.17,3207.07,3207.4,ETH
2026-01-07 10:18:13+00:00,193.0,3207.24,3207.15,3207.27,ETH
2026-01-07 10:18:14+00:00,194.0,3207.16,3207.13,3207.2,ETH
2026-01-07 10:18:15+00:00,195.0,3207.27,3207.15,3207.6,ETH
2026-01-07 10:18:16+00:00,196.0,3207.18,3207.14,3207.21,ETH
2026-01-07 10:18:17+00:00,197.0,3207.15,3207.05,3207.18,ETH
2026-01-07 10:18:18+00:00,198.0,3207.12,3207.05,3207.15,ETH
2026-01-07 10:18:19+00:00,199.0,3207.11,3207.05,3207.15,ETH
2026-01-07 10:18:20+00:00,200.0,3207.3,3207.05,3207.34,ETH
2026-01-07 10:18:21+00:00,201.0,3207.12,3207.05,3207.15,ETH
2026-01-07 10:18:22+00:00,202.0,3207.12,3207.05,3207.15,ETH
2026-01-07 10:18:23+00:00,203.0,3207.19,3207.05,3207.23,ETH
2026-01-07 10:18:24+00:00,204.0,3207.32,3207.04,3207.36,ETH
2026-01-07 10:18:25+00:00,205.0,3207.29,3207.04,3207.33,ETH
2026-01-07 10:18:26+00:00,206.0,3207.19,3207.05,3207.22,ETH
2026-01-07 10:18:27+00:00,207.0,3207.34,3207.09,3207.37,ETH
2026-01-07 10:18:28+00:00,208.0,3207.32,3207.09,3207.37,ETH
2026-01-07 10:18:29+00:00,209.0,3207.39,3207.19,3207.58,ETH
2026-01-07 10:18:30+00:00,210.0,3207.24,3207.19,3207.27,ETH
2026-01-07 10:18:31+00:00,211.0,3207.38,3207.19,3207.57,ETH
2026-01-07 10:18:32+00:00,212.0,3207.36,3207.19,3207.39,ETH
2026-01-07 10:18:33+00:00,213.0,3207.39,3207.19,3207.58,ETH
2026-01-07 10:18:34+00:00,214.0,3207.18,3207.1,3207.21,ETH
2026-01-07 10:18:35+00:00,215.0,3206.92,3206.76,3207.42,ETH
2026-01-07 10:18:36+00:00,216.0,3207.26,3207.25,3207.53,ETH
2026-01-07 10:18:37+00:00,217.0,3207.34,3207.26,3207.6,ETH
2026-01-07 10:18:38+00:00,218.0,3207.28,3207.1,3207.3,ETH
2026-01-07 10:18:39+00:00,219.0,3207.21,3207.06,3207.23,ETH
2026-01-07 10:18:40+00:00,220.0,3207.19,3207.06,3207.21,ETH
2026-01-07 10:18:41+00:00,221.0,3207.21,3207.06,3207.26,ETH
2026-01-07 10:18:42+00:00,222.0,3207.21,3207.06,3207.27,ETH
2026-01-07 10:18:43+00:00,223.0,3207.27,3207.06,3207.28,ETH
2026-01-07 10:18:44+00:00,224.0,3207.27,3207.11,3207.28,ETH
2026-01-07 10:18:45+00:00,225.0,3207.27,3207.06,3207.28,ETH
2026-01-07 10:18:46+00:00,226.0,3207.3,3207.16,3207.31,ETH
2026-01-07 10:18:47+00:00,227.0,3207.34,3207.29,3207.39,ETH
2026-01-07 10:18:48+00:00,228.0,3207.49,3207.39,3207.51,ETH
2026-01-07 10:18:49+00:00,229.0,3207.49,3207.39,3207.51,ETH
2026-01-07 10:18:50+00:00,230.0,3207.5,3207.39,3207.52,ETH
2026-01-07 10:18:51+00:00,231.0,3207.55,3207.39,3207.57,ETH
2026-01-07 10:18:52+00:00,232.0,3207.56,3207.39,3207.58,ETH
2026-01-07 10:18:53+00:00,233.0,3207.57,3207.39,3207.59,ETH
2026-01-07 10:18:54+00:00,234.0,3207.36,3207.27,3207.39,ETH
2026-01-07 10:18:55+00:00,235.0,3207.34,3207.18,3207.45,ETH
2026-01-07 10:18:56+00:00,236.0,3206.65,3206.59,3206.87,ETH
2026-01-07 10:18:57+00:00,237.0,3206.58,3206.39,3206.87,ETH
2026-01-07 10:18:58+00:00,238.0,3206.57,3206.39,3206.65,ETH
2026-01-07 10:18:59+00:00,239.0,3206.53,3206.39,3206.87,ETH
2026-01-07 10:19:00+00:00,240.0,3206.54,3206.44,3206.58,ETH
2026-01-07 10:19:01+00:00,241.0,3206.58,3206.46,3206.92,ETH
2026-01-07 10:19:02+00:00,242.0,3206.96,3206.94,3207.16,ETH
2026-01-07 10:19:03+00:00,243.0,3207.43,3207.38,3207.76,ETH
2026-01-07 10:19:04+00:00,244.0,3207.46,3207.41,3207.48,ETH
2026-01-07 10:19:05+00:00,245.0,3207.68,3207.44,3207.72,ETH
2026-01-07 10:19:06+00:00,246.0,3207.57,3207.43,3207.69,ETH
2026-01-07 10:19:07+00:00,247.0,3207.47,3207.38,3207.63,ETH
2026-01-07 10:19:08+00:00,248.0,3207.46,3207.32,3207.47,ETH
2026-01-07 10:19:09+00:00,249.0,3207.46,3207.33,3207.47,ETH
2026-01-07 10:19:10+00:00,250.0,3207.46,3207.34,3207.47,ETH
2026-01-07 10:19:11+00:00,251.0,3207.45,3207.32,3207.47,ETH
2026-01-07 10:19:12+00:00,252.0,3207.39,3206.95,3207.41,ETH
2026-01-07 10:19:13+00:00,253.0,3207.07,3206.89,3207.14,ETH
2026-01-07 10:19:14+00:00,254.0,3207.12,3206.99,3207.14,ETH
2026-01-07 10:19:15+00:00,255.0,3207.12,3206.99,3207.14,ETH
2026-01-07 10:19:16+00:00,256.0,3207.13,3206.88,3207.15,ETH
2026-01-07 10:19:17+00:00,257.0,3207.12,3206.88,3207.15,ETH
2026-01-07 10:19:18+00:00,258.0,3207.3,3207.13,3207.39,ETH
2026-01-07 10:19:19+00:00,259.0,3207.68,3207.38,3207.7,ETH
2026-01-07 10:19:20+00:00,260.0,3207.68,3207.39,3207.7,ETH
2026-01-07 10:19:21+00:00,261.0,3207.63,3207.4,3207.72,ETH
2026-01-07 10:19:22+00:00,262.0,3207.63,3207.52,3207.72,ETH
2026-01-07 10:19:23+00:00,263.0,3207.6,3207.52,3207.72,ETH
2026-01-07 10:19:24+00:00,264.0,3207.6,3207.53,3207.72,ETH
2026-01-07 10:19:25+00:00,265.0,3207.61,3207.54,3207.72,ETH
2026-01-07 10:19:26+00:00,266.0,3207.63,3207.54,3207.7,ETH
2026-01-07 10:19:27+00:00,267.0,3207.63,3207.54,3207.7,ETH
2026-01-07 10:19:28+00:00,268.0,3207.67,3207.54,3207.7,ETH
2026-01-07 10:19:29+00:00,269.0,3207.65,3207.54,3207.7,ETH
2026-01-07 10:19:30+00:00,270.0,3207.65,3207.56,3207.7,ETH
2026-01-07 10:19:31+00:00,271.0,3207.65,3207.55,3207.7,ETH
2026-01-07 10:19:32+00:00,272.0,3207.62,3207.56,3207.7,ETH
2026-01-07 10:19:33+00:00,273.0,3207.63,3207.56,3207.7,ETH
2026-01-07 10:19:34+00:00,274.0,3207.63,3207.55,3207.7,ETH
2026-01-07 10:19:35+00:00,275.0,3207.63,3207.58,3207.7,ETH
2026-01-07 10:19:36+00:00,276.0,3207.66,3207.56,3207.7,ETH
2026-01-07 10:19:37+00:00,277.0,3207.73,3207.6,3207.74,ETH
2026-01-07 10:19:38+00:00,278.0,3207.73,3207.56,3207.74,ETH
2026-01-07 10:19:39+00:00,279.0,3207.73,3207.55,3207.74,ETH
2026-01-07 10:19:40+00:00,280.0,3207.72,3207.55,3207.74,ETH
2026-01-07 10:19:41+00:00,281.0,3207.73,3207.55,3207.74,ETH
2026-01-07 10:19:42+00:00,282.0,3207.73,3207.55,3207.74,ETH
2026-01-07 10:19:43+00:00,283.0,3207.73,3207.55,3207.74,ETH
2026-01-07 10:19:44+00:00,284.0,3207.73,3207.56,3207.74,ETH
2026-01-07 10:19:45+00:00,285.0,3207.73,3207.57,3207.74,ETH
2026-01-07 10:19:46+00:00,286.0,3207.73,3207.55,3207.74,ETH
2026-01-07 10:19:47+00:00,287.0,3207.73,3207.55,3207.74,ETH
2026-01-07 10:19:48+00:00,288.0,3207.73,3207.55,3207.74,ETH
2026-01-07 10:19:49+00:00,289.0,3207.73,3207.56,3207.74,ETH
2026-01-07 10:19:50+00:00,290.0,3207.74,3207.64,3207.75,ETH
2026-01-07 10:19:51+00:00,291.0,3207.74,3207.63,3207.75,ETH
2026-01-07 10:19:52+00:00,292.0,3207.74,3207.58,3207.75,ETH
2026-01-07 10:19:53+00:00,293.0,3207.7,3207.55,3207.78,ETH
2026-01-07 10:19:54+00:00,294.0,3207.7,3207.55,3207.78,ETH
2026-01-07 10:19:55+00:00,295.0,3207.7,3207.55,3207.78,ETH
2026-01-07 10:19:56+00:00,296.0,3207.7,3207.55,3207.78,ETH
2026-01-07 10:19:57+00:00,297.0,3207.7,3207.55,3207.78,ETH
2026-01-07 10:19:58+00:00,298.0,3207.69,3207.55,3207.78,ETH
2026-01-07 10:19:59+00:00,299.0,3207.71,3207.55,3207.77,ETH
2026-01-07 10:20:00+00:00,300.0,3207.71,3207.55,3207.76,ETH
2026-01-07 10:20:01+00:00,301.0,3207.71,3207.59,3207.75,ETH
2026-01-07 10:20:02+00:00,302.0,3207.72,3207.6,3207.75,ETH
2026-01-07 10:20:03+00:00,303.0,3207.68,3207.55,3207.74,ETH
2026-01-07 10:20:04+00:00,304.0,3207.63,3207.54,3207.73,ETH
2026-01-07 10:20:05+00:00,305.0,3207.63,3207.52,3207.73,ETH
2026-01-07 10:20:06+00:00,306.0,3207.63,3207.51,3207.73,ETH
2026-01-07 10:20:07+00:00,307.0,3207.65,3207.51,3207.73,ETH
2026-01-07 10:20:08+00:00,308.0,3207.61,3207.5,3207.73,ETH
2026-01-07 10:20:09+00:00,309.0,3207.6,3207.5,3207.73,ETH
2026-01-07 10:20:11+00:00,311.0,3207.64,3207.51,3207.73,ETH
2026-01-07 10:20:12+00:00,312.0,3207.64,3207.51,3207.73,ETH
2026-01-07 10:20:13+00:00,313.0,3207.65,3207.51,3207.73,ETH
2026-01-07 10:20:14+00:00,314.0,3207.65,3207.51,3207.73,ETH
2026-01-07 10:20:15+00:00,315.0,3207.62,3207.51,3207.73,ETH
2026-01-07 10:20:16+00:00,316.0,3207.65,3207.51,3207.73,ETH
2026-01-07 10:20:17+00:00,317.0,3207.72,3207.51,3207.91,ETH
2026-01-07 10:20:18+00:00,318.0,3207.72,3207.52,3207.91,ETH
2026-01-07 10:20:19+00:00,319.0,3207.68,3207.52,3207.83,ETH
2026-01-07 10:20:20+00:00,320.0,3207.69,3207.52,3207.72,ETH
2026-01-07 10:20:21+00:00,321.0,3207.72,3207.52,3207.93,ETH
2026-01-07 10:20:22+00:00,322.0,3207.72,3207.52,3207.82,ETH
2026-01-07 10:20:23+00:00,323.0,3207.72,3207.52,3207.81,ETH
2026-01-07 10:20:24+00:00,324.0,3207.72,3207.52,3207.93,ETH
2026-01-07 10:20:25+00:00,325.0,3207.72,3207.52,3207.95,ETH
2026-01-07 10:20:26+00:00,326.0,3207.69,3207.52,3207.83,ETH
2026-01-07 10:20:27+00:00,327.0,3207.64,3207.52,3207.72,ETH
2026-01-07 10:20:28+00:00,328.0,3207.64,3207.52,3207.72,ETH
2026-01-07 10:20:29+00:00,329.0,3207.66,3207.52,3207.72,ETH
2026-01-07 10:20:30+00:00,330.0,3207.67,3207.52,3207.72,ETH
2026-01-07 10:20:31+00:00,331.0,3207.66,3207.53,3207.72,ETH
2026-01-07 10:20:33+00:00,333.0,3207.68,3207.53,3207.72,ETH
2026-01-07 10:20:34+00:00,334.0,3207.67,3207.53,3207.72,ETH
2026-01-07 10:20:35+00:00,335.0,3207.67,3207.54,3207.72,ETH
2026-01-07 10:20:36+00:00,336.0,3207.67,3207.54,3207.72,ETH
2026-01-07 10:20:37+00:00,337.0,3207.67,3207.54,3207.72,ETH
2026-01-07 10:20:39+00:00,339.0,3207.67,3207.54,3207.72,ETH
2026-01-07 10:20:40+00:00,340.0,3207.7,3207.57,3207.73,ETH
2026-01-07 10:20:41+00:00,341.0,3207.73,3207.61,3207.73,ETH
2026-01-07 10:20:42+00:00,342.0,3207.75,3207.65,3207.78,ETH
2026-01-07 10:20:43+00:00,343.0,3207.76,3207.67,3207.81,ETH
2026-01-07 10:20:44+00:00,344.0,3207.71,3207.65,3207.72,ETH
2026-01-07 10:20:45+00:00,345.0,3207.75,3207.61,3207.78,ETH
2026-01-07 10:20:46+00:00,346.0,3207.57,3207.49,3207.65,ETH
2026-01-07 10:20:47+00:00,347.0,3207.67,3207.55,3207.67,ETH
2026-01-07 10:20:48+00:00,348.0,3207.71,3207.62,3207.75,ETH
2026-01-07 10:20:49+00:00,349.0,3207.74,3207.62,3207.78,ETH
2026-01-07 10:20:50+00:00,350.0,3207.78,3207.63,3207.81,ETH
2026-01-07 10:20:51+00:00,351.0,3207.85,3207.66,3207.87,ETH
2026-01-07 10:20:52+00:00,352.0,3207.89,3207.7,3207.92,ETH
2026-01-07 10:20:53+00:00,353.0,3207.94,3207.78,3208.05,ETH
2026-01-07 10:20:54+00:00,354.0,3208.11,3207.97,3208.24,ETH
2026-01-07 10:20:55+00:00,355.0,3208.25,3208.11,3208.31,ETH
2026-01-07 10:20:56+00:00,356.0,3208.28,3208.11,3208.31,ETH
2026-01-07 10:20:57+00:00,357.0,3208.29,3208.11,3208.32,ETH
2026-01-07 10:20:58+00:00,358.0,3208.24,3208.02,3208.26,ETH
2026-01-07 10:20:59+00:00,359.0,3208.28,3208.03,3208.3,ETH
2026-01-07 10:21:00+00:00,360.0,3208.35,3208.2,3208.4,ETH
2026-01-07 10:21:01+00:00,361.0,3208.37,3208.29,3208.39,ETH
2026-01-07 10:21:02+00:00,362.0,3208.36,3208.23,3208.38,ETH
2026-01-07 10:21:03+00:00,363.0,3208.26,3208.08,3208.33,ETH
2026-01-07 10:21:04+00:00,364.0,3208.04,3207.92,3208.14,ETH
2026-01-07 10:21:05+00:00,365.0,3207.82,3207.72,3207.87,ETH
2026-01-07 10:21:06+00:00,366.0,3207.63,3207.5,3207.66,ETH
2026-01-07 10:21:07+00:00,367.0,3207.51,3207.38,3207.53,ETH
2026-01-07 10:21:08+00:00,368.0,3207.4,3207.24,3207.44,ETH
2026-01-07 10:21:09+00:00,369.0,3207.26,3207.08,3207.4,ETH
2026-01-07 10:21:10+00:00,370.0,3207.2,3207.07,3207.31,ETH
2026-01-07 10:21:11+00:00,371.0,3207.18,3207.04,3207.24,ETH
2026-01-07 10:21:12+00:00,372.0,3207.17,3207.01,3207.23,ETH
2026-01-07 10:21:13+00:00,373.0,3207.13,3207.0,3207.2,ETH
2026-01-07 10:21:14+00:00,374.0,3207.11,3206.99,3207.21,ETH
2026-01-07 10:21:15+00:00,375.0,3207.1,3206.99,3207.22,ETH
2026-01-07 10:21:17+00:00,377.0,3207.1,3206.99,3207.24,ETH
2026-01-07 10:21:18+00:00,378.0,3207.1,3206.99,3207.12,ETH
2026-01-07 10:21:19+00:00,379.0,3207.18,3206.99,3207.26,ETH
2026-01-07 10:21:20+00:00,380.0,3207.1,3206.91,3207.11,ETH
2026-01-07 10:21:21+00:00,381.0,3207.16,3206.93,3207.25,ETH
2026-01-07 10:21:22+00:00,382.0,3207.21,3206.93,3207.29,ETH
2026-01-07 10:21:23+00:00,383.0,3207.13,3206.98,3207.14,ETH
2026-01-07 10:21:24+00:00,384.0,3207.14,3206.98,3207.14,ETH
2026-01-07 10:21:25+00:00,385.0,3207.14,3206.98,3207.14,ETH
2026-01-07 10:21:26+00:00,386.0,3207.13,3206.98,3207.14,ETH
2026-01-07 10:21:27+00:00,387.0,3207.13,3206.98,3207.14,ETH
2026-01-07 10:21:28+00:00,388.0,3207.14,3206.98,3207.14,ETH
2026-01-07 10:21:29+00:00,389.0,3207.14,3206.98,3207.14,ETH
2026-01-07 10:21:30+00:00,390.0,3207.18,3206.93,3207.31,ETH
2026-01-07 10:21:31+00:00,391.0,3207.18,3206.93,3207.52,ETH
2026-01-07 10:21:32+00:00,392.0,3207.23,3206.96,3207.4,ETH
2026-01-07 10:21:33+00:00,393.0,3207.23,3206.96,3207.49,ETH
2026-01-07 10:21:34+00:00,394.0,3207.28,3207.24,3207.78,ETH
2026-01-07 10:21:35+00:00,395.0,3207.65,3207.29,3207.98,ETH
2026-01-07 10:21:36+00:00,396.0,3207.55,3207.31,3207.57,ETH
2026-01-07 10:21:37+00:00,397.0,3207.58,3207.3,3207.62,ETH
2026-01-07 10:21:38+00:00,398.0,3207.57,3207.32,3207.61,ETH
2026-01-07 10:21:39+00:00,399.0,3207.55,3207.31,3207.59,ETH
2026-01-07 10:21:40+00:00,400.0,3207.55,3207.28,3207.58,ETH
2026-01-07 10:21:41+00:00,401.0,3207.54,3207.27,3207.58,ETH
2026-01-07 10:21:42+00:00,402.0,3207.29,3207.12,3207.31,ETH
2026-01-07 10:21:43+00:00,403.0,3207.03,3206.93,3207.12,ETH
2026-01-07 10:21:44+00:00,404.0,3207.01,3206.87,3207.14,ETH
2026-01-07 10:21:45+00:00,405.0,3207.04,3206.85,3207.16,ETH
2026-01-07 10:21:46+00:00,406.0,3206.97,3206.7,3207.05,ETH
2026-01-07 10:21:47+00:00,407.0,3206.7,3206.51,3206.79,ETH
2026-01-07 10:21:48+00:00,408.0,3206.49,3206.44,3206.69,ETH
2026-01-07 10:21:49+00:00,409.0,3206.46,3206.4,3206.67,ETH
2026-01-07 10:21:50+00:00,410.0,3206.46,3206.4,3206.65,ETH
2026-01-07 10:21:51+00:00,411.0,3206.47,3206.39,3206.64,ETH
2026-01-07 10:21:52+00:00,412.0,3206.43,3206.32,3206.73,ETH
2026-01-07 10:21:53+00:00,413.0,3206.38,3206.26,3206.82,ETH
2026-01-07 10:21:54+00:00,414.0,3206.38,3206.26,3206.87,ETH
2026-01-07 10:21:55+00:00,415.0,3206.38,3206.28,3206.92,ETH
2026-01-07 10:21:56+00:00,416.0,3206.41,3206.3,3206.93,ETH
2026-01-07 10:21:57+00:00,417.0,3206.44,3206.3,3206.93,ETH
2026-01-07 10:21:58+00:00,418.0,3206.39,3206.16,3206.73,ETH
2026-01-07 10:21:59+00:00,419.0,3206.19,3205.99,3206.45,ETH
2026-01-07 10:22:00+00:00,420.0,3205.9,3205.81,3206.24,ETH
2026-01-07 10:22:01+00:00,421.0,3205.74,3205.68,3206.12,ETH
2026-01-07 10:22:02+00:00,422.0,3205.68,3205.62,3205.95,ETH
2026-01-07 10:22:03+00:00,423.0,3205.63,3205.54,3205.73,ETH
2026-01-07 10:22:04+00:00,424.0,3205.62,3205.5,3205.73,ETH
2026-01-07 10:22:05+00:00,425.0,3205.64,3205.42,3205.83,ETH
2026-01-07 10:22:06+00:00,426.0,3205.63,3205.38,3205.76,ETH
2026-01-07 10:22:07+00:00,427.0,3205.62,3205.41,3205.65,ETH
2026-01-07 10:22:08+00:00,428.0,3205.58,3205.42,3205.61,ETH
2026-01-07 10:22:09+00:00,429.0,3205.64,3205.46,3205.74,ETH
2026-01-07 10:22:10+00:00,430.0,3205.68,3205.52,3205.78,ETH
2026-01-07 10:22:11+00:00,431.0,3205.75,3205.66,3205.93,ETH
2026-01-07 10:22:12+00:00,432.0,3205.97,3205.85,3206.19,ETH
2026-01-07 10:22:13+00:00,433.0,3206.14,3206.07,3206.42,ETH
2026-01-07 10:22:14+00:00,434.0,3206.38,3206.18,3206.62,ETH
2026-01-07 10:22:15+00:00,435.0,3206.55,3206.26,3206.57,ETH
2026-01-07 10:22:16+00:00,436.0,3206.53,3206.34,3206.56,ETH
2026-01-07 10:22:17+00:00,437.0,3206.55,3206.34,3206.6,ETH
2026-01-07 10:22:18+00:00,438.0,3206.55,3206.35,3206.59,ETH
2026-01-07 10:22:19+00:00,439.0,3206.5,3206.29,3206.51,ETH
2026-01-07 10:22:20+00:00,440.0,3206.5,3206.32,3206.51,ETH
2026-01-07 10:22:21+00:00,441.0,3206.5,3206.4,3206.51,ETH
2026-01-07 10:22:22+00:00,442.0,3206.51,3206.41,3206.52,ETH
2026-01-07 10:22:23+00:00,443.0,3206.51,3206.43,3206.52,ETH
2026-01-07 10:22:24+00:00,444.0,3206.55,3206.47,3206.56,ETH
2026-01-07 10:22:25+00:00,445.0,3206.66,3206.55,3206.67,ETH
2026-01-07 10:22:26+00:00,446.0,3206.81,3206.69,3206.82,ETH
2026-01-07 10:22:27+00:00,447.0,3206.98,3206.83,3206.99,ETH
2026-01-07 10:22:28+00:00,448.0,3207.12,3206.86,3207.13,ETH
2026-01-07 10:22:29+00:00,449.0,3207.13,3206.86,3207.15,ETH
2026-01-07 10:22:30+00:00,450.0,3207.09,3206.86,3207.15,ETH
2026-01-07 10:22:31+00:00,451.0,3207.04,3206.88,3207.15,ETH
2026-01-07 10:22:32+00:00,452.0,3207.03,3206.88,3207.15,ETH
2026-01-07 10:22:33+00:00,453.0,3207.01,3206.87,3207.15,ETH
2026-01-07 10:22:34+00:00,454.0,3207.0,3206.87,3207.14,ETH
2026-01-07 10:22:35+00:00,455.0,3206.85,3206.6,3206.93,ETH
2026-01-07 10:22:36+00:00,456.0,3206.59,3206.25,3206.64,ETH
2026-01-07 10:22:37+00:00,457.0,3206.37,3206.17,3206.43,ETH
2026-01-07 10:22:38+00:00,458.0,3206.26,3206.18,3206.3,ETH
2026-01-07 10:22:39+00:00,459.0,3206.21,3206.08,3206.25,ETH
2026-01-07 10:22:40+00:00,460.0,3206.2,3206.07,3206.29,ETH
2026-01-07 10:22:41+00:00,461.0,3206.38,3206.24,3206.48,ETH
2026-01-07 10:22:42+00:00,462.0,3206.55,3206.31,3206.57,ETH
2026-01-07 10:22:43+00:00,463.0,3206.62,3206.46,3206.67,ETH
2026-01-07 10:22:44+00:00,464.0,3206.76,3206.64,3206.82,ETH
2026-01-07 10:22:45+00:00,465.0,3206.95,3206.77,3206.99,ETH
2026-01-07 10:22:46+00:00,466.0,3207.06,3206.86,3207.1,ETH
2026-01-07 10:22:47+00:00,467.0,3207.06,3206.86,3207.1,ETH
2026-01-07 10:22:48+00:00,468.0,3207.15,3207.01,3207.24,ETH
2026-01-07 10:22:49+00:00,469.0,3207.24,3207.14,3207.47,ETH
2026-01-07 10:22:50+00:00,470.0,3207.34,3207.23,3207.36,ETH
2026-01-07 10:22:51+00:00,471.0,3207.54,3207.23,3207.56,ETH
2026-01-07 10:22:52+00:00,472.0,3207.53,3207.4,3207.55,ETH
2026-01-07 10:22:53+00:00,473.0,3207.53,3207.4,3207.55,ETH
2026-01-07 10:22:54+00:00,474.0,3207.83,3207.69,3207.97,ETH
2026-01-07 10:22:55+00:00,475.0,3207.94,3207.85,3207.97,ETH
2026-01-07 10:22:56+00:00,476.0,3207.98,3207.87,3208.03,ETH
2026-01-07 10:22:57+00:00,477.0,3208.04,3207.82,3208.06,ETH
2026-01-07 10:22:58+00:00,478.0,3208.04,3207.82,3208.06,ETH
2026-01-07 10:22:59+00:00,479.0,3208.03,3207.77,3208.05,ETH
2026-01-07 10:23:00+00:00,480.0,3207.85,3207.44,3207.94,ETH
2026-01-07 10:23:01+00:00,481.0,3207.6,3207.21,3207.62,ETH
2026-01-07 10:23:02+00:00,482.0,3207.19,3207.13,3207.4,ETH
2026-01-07 10:23:03+00:00,483.0,3207.05,3206.89,3207.17,ETH
2026-01-07 10:23:04+00:00,484.0,3206.97,3206.74,3207.47,ETH
2026-01-07 10:23:05+00:00,485.0,3206.88,3206.76,3207.05,ETH
2026-01-07 10:23:06+00:00,486.0,3206.88,3206.76,3207.05,ETH
2026-01-07 10:23:07+00:00,487.0,3206.81,3206.62,3206.88,ETH
2026-01-07 10:23:08+00:00,488.0,3206.83,3206.61,3206.89,ETH
2026-01-07 10:23:09+00:00,489.0,3206.83,3206.54,3206.89,ETH
2026-01-07 10:23:10+00:00,490.0,3206.83,3206.56,3206.94,ETH
2026-01-07 10:23:11+00:00,491.0,3206.83,3206.56,3206.95,ETH
2026-01-07 10:23:12+00:00,492.0,3206.83,3206.58,3206.95,ETH
2026-01-07 10:23:13+00:00,493.0,3206.83,3206.58,3206.96,ETH
2026-01-07 10:23:14+00:00,494.0,3206.83,3206.58,3206.95,ETH
2026-01-07 10:23:15+00:00,495.0,3206.83,3206.58,3206.94,ETH
2026-01-07 10:23:16+00:00,496.0,3206.83,3206.59,3207.01,ETH
2026-01-07 10:23:17+00:00,497.0,3206.82,3206.59,3207.03,ETH
2026-01-07 10:23:18+00:00,498.0,3206.8,3206.56,3206.9,ETH
2026-01-07 10:23:19+00:00,499.0,3206.75,3206.54,3206.83,ETH
2026-01-07 10:23:20+00:00,500.0,3206.78,3206.56,3206.9,ETH
2026-01-07 10:23:21+00:00,501.0,3206.83,3206.63,3206.96,ETH
2026-01-07 10:23:22+00:00,502.0,3206.83,3206.68,3206.95,ETH
2026-01-07 10:23:23+00:00,503.0,3206.83,3206.7,3206.95,ETH
2026-01-07 10:23:24+00:00,504.0,3206.83,3206.7,3206.94,ETH
2026-01-07 10:23:25+00:00,505.0,3206.83,3206.7,3206.91,ETH
2026-01-07 10:23:26+00:00,506.0,3206.83,3206.7,3206.92,ETH
2026-01-07 10:23:27+00:00,507.0,3206.83,3206.69,3206.98,ETH
2026-01-07 10:23:28+00:00,508.0,3206.83,3206.7,3206.97,ETH
2026-01-07 10:23:29+00:00,509.0,3206.83,3206.72,3206.94,ETH
2026-01-07 10:23:30+00:00,510.0,3206.83,3206.71,3206.91,ETH
2026-01-07 10:23:31+00:00,511.0,3206.84,3206.73,3206.95,ETH
2026-01-07 10:23:32+00:00,512.0,3206.89,3206.74,3206.98,ETH
2026-01-07 10:23:33+00:00,513.0,3206.93,3206.76,3206.96,ETH
2026-01-07 10:23:34+00:00,514.0,3206.92,3206.82,3206.95,ETH
2026-01-07 10:23:35+00:00,515.0,3206.91,3206.79,3206.92,ETH
2026-01-07 10:23:36+00:00,516.0,3206.91,3206.76,3206.92,ETH
2026-01-07 10:23:37+00:00,517.0,3206.91,3206.76,3206.92,ETH
2026-01-07 10:23:38+00:00,518.0,3206.92,3206.8,3206.93,ETH
2026-01-07 10:23:39+00:00,519.0,3206.92,3206.84,3206.94,ETH
2026-01-07 10:23:40+00:00,520.0,3206.91,3206.73,3206.92,ETH
2026-01-07 10:23:41+00:00,521.0,3206.91,3206.75,3206.92,ETH
2026-01-07 10:23:42+00:00,522.0,3206.91,3206.77,3206.92,ETH
2026-01-07 10:23:43+00:00,523.0,3206.9,3206.76,3206.9,ETH
2026-01-07 10:23:44+00:00,524.0,3206.81,3206.71,3206.85,ETH
2026-01-07 10:23:45+00:00,525.0,3206.76,3206.71,3206.78,ETH
2026-01-07 10:23:46+00:00,526.0,3206.83,3206.72,3206.84,ETH
2026-01-07 10:23:47+00:00,527.0,3206.86,3206.76,3206.88,ETH
2026-01-07 10:23:48+00:00,528.0,3206.86,3206.75,3206.91,ETH
2026-01-07 10:23:49+00:00,529.0,3206.86,3206.76,3206.98,ETH
2026-01-07 10:23:50+00:00,530.0,3206.86,3206.74,3206.86,ETH
2026-01-07 10:23:51+00:00,531.0,3206.87,3206.76,3206.95,ETH
2026-01-07 10:23:52+00:00,532.0,3206.82,3206.61,3206.9,ETH
2026-01-07 10:23:53+00:00,533.0,3206.82,3206.61,3207.13,ETH
2026-01-07 10:23:54+00:00,534.0,3206.81,3206.6,3207.09,ETH
2026-01-07 10:23:55+00:00,535.0,3206.73,3206.43,3206.82,ETH
2026-01-07 10:23:56+00:00,536.0,3206.81,3206.6,3207.17,ETH
2026-01-07 10:23:57+00:00,537.0,3206.81,3206.63,3207.05,ETH
2026-01-07 10:23:58+00:00,538.0,3206.73,3206.45,3206.8,ETH
2026-01-07 10:23:59+00:00,539.0,3206.76,3206.46,3206.8,ETH
2026-01-07 10:24:00+00:00,540.0,3206.79,3206.6,3207.16,ETH
2026-01-07 10:24:01+00:00,541.0,3206.79,3206.65,3206.91,ETH
2026-01-07 10:24:02+00:00,542.0,3206.79,3206.64,3206.9,ETH
2026-01-07 10:24:03+00:00,543.0,3206.79,3206.61,3206.89,ETH
2026-01-07 10:24:04+00:00,544.0,3206.8,3206.59,3206.86,ETH
2026-01-07 10:24:05+00:00,545.0,3206.8,3206.59,3206.86,ETH
2026-01-07 10:24:06+00:00,546.0,3206.8,3206.59,3206.89,ETH
2026-01-07 10:24:07+00:00,547.0,3206.77,3206.59,3206.87,ETH
2026-01-07 10:24:08+00:00,548.0,3206.7,3206.6,3206.8,ETH
2026-01-07 10:24:09+00:00,549.0,3206.65,3206.51,3206.73,ETH
2026-01-07 10:24:10+00:00,550.0,3206.51,3206.33,3206.57,ETH
2026-01-07 10:24:11+00:00,551.0,3206.38,3206.26,3206.43,ETH
2026-01-07 10:24:12+00:00,552.0,3206.37,3206.26,3206.38,ETH
2026-01-07 10:24:13+00:00,553.0,3206.36,3206.27,3206.37,ETH
2026-01-07 10:24:14+00:00,554.0,3206.36,3206.27,3206.38,ETH
2026-01-07 10:24:15+00:00,555.0,3206.36,3206.28,3206.38,ETH
2026-01-07 10:24:16+00:00,556.0,3206.36,3206.29,3206.37,ETH
2026-01-07 10:24:17+00:00,557.0,3206.37,3206.28,3206.39,ETH
2026-01-07 10:24:18+00:00,558.0,3206.39,3206.29,3206.41,ETH
2026-01-07 10:24:19+00:00,559.0,3206.41,3206.29,3206.42,ETH
2026-01-07 10:24:20+00:00,560.0,3206.41,3206.29,3206.41,ETH
2026-01-07 10:24:21+00:00,561.0,3206.4,3206.3,3206.41,ETH
2026-01-07 10:24:22+00:00,562.0,3206.4,3206.29,3206.41,ETH
2026-01-07 10:24:23+00:00,563.0,3206.43,3206.29,3206.48,ETH
2026-01-07 10:24:24+00:00,564.0,3206.45,3206.29,3206.54,ETH
2026-01-07 10:24:25+00:00,565.0,3206.48,3206.28,3206.7,ETH
2026-01-07 10:24:26+00:00,566.0,3206.49,3206.29,3206.78,ETH
2026-01-07 10:24:27+00:00,567.0,3206.49,3206.3,3206.74,ETH
2026-01-07 10:24:28+00:00,568.0,3206.49,3206.28,3206.7,ETH
2026-01-07 10:24:29+00:00,569.0,3206.85,3206.67,3207.12,ETH
2026-01-07 10:24:30+00:00,570.0,3206.75,3206.7,3206.78,ETH
2026-01-07 10:24:31+00:00,571.0,3206.79,3206.7,3206.82,ETH
2026-01-07 10:24:32+00:00,572.0,3206.8,3206.7,3206.83,ETH
2026-01-07 10:24:33+00:00,573.0,3206.77,3206.7,3206.8,ETH
2026-01-07 10:24:34+00:00,574.0,3206.33,3206.24,3206.39,ETH
2026-01-07 10:24:35+00:00,575.0,3206.28,3206.16,3206.54,ETH
2026-01-07 10:24:36+00:00,576.0,3206.19,3206.04,3206.51,ETH
2026-01-07 10:24:37+00:00,577.0,3206.02,3205.91,3206.04,ETH
2026-01-07 10:24:38+00:00,578.0,3206.06,3206.01,3206.09,ETH
2026-01-07 10:24:39+00:00,579.0,3206.02,3205.69,3206.03,ETH
2026-01-07 10:24:40+00:00,580.0,3206.0,3205.79,3206.01,ETH
2026-01-07 10:24:41+00:00,581.0,3205.74,3205.73,3205.76,ETH
2026-01-07 10:24:42+00:00,582.0,3205.88,3205.73,3206.3,ETH
2026-01-07 10:24:43+00:00,583.0,3205.89,3205.73,3206.26,ETH
2026-01-07 10:24:44+00:00,584.0,3205.84,3205.72,3205.84,ETH
2026-01-07 10:24:45+00:00,585.0,3205.92,3205.75,3206.26,ETH
2026-01-07 10:24:46+00:00,586.0,3205.92,3205.75,3206.26,ETH
2026-01-07 10:24:47+00:00,587.0,3205.91,3205.75,3206.29,ETH
2026-01-07 10:24:48+00:00,588.0,3205.91,3205.76,3206.31,ETH
2026-01-07 10:24:49+00:00,589.0,3205.9,3205.77,3206.12,ETH
2026-01-07 10:24:50+00:00,590.0,3205.86,3205.77,3205.89,ETH
2026-01-07 10:24:51+00:00,591.0,3205.86,3205.77,3205.87,ETH
2026-01-07 10:24:52+00:00,592.0,3205.9,3205.76,3206.05,ETH
2026-01-07 10:24:53+00:00,593.0,3205.89,3205.76,3206.05,ETH
2026-01-07 10:24:54+00:00,594.0,3205.9,3205.75,3206.04,ETH
2026-01-07 10:24:55+00:00,595.0,3205.91,3205.74,3206.14,ETH
2026-01-07 10:24:56+00:00,596.0,3205.87,3205.74,3206.05,ETH
2026-01-07 10:24:57+00:00,597.0,3205.83,3205.74,3205.93,ETH
2026-01-07 10:24:58+00:00,598.0,3205.81,3205.75,3205.85,ETH
2026-01-07 10:24:59+00:00,599.0,3205.9,3205.75,3206.04,ETH
2026-01-07 10:25:00+00:00,600.0,3205.96,3205.76,3206.21,ETH
2026-01-07 10:25:01+00:00,601.0,3206.04,3205.8,3206.24,ETH
2026-01-07 10:25:02+00:00,602.0,3206.15,3205.87,3206.3,ETH
2026-01-07 10:25:03+00:00,603.0,3206.11,3205.89,3206.24,ETH
2026-01-07 10:25:04+00:00,604.0,3206.06,3205.9,3206.11,ETH
2026-01-07 10:25:05+00:00,605.0,3206.05,3205.92,3206.08,ETH
2026-01-07 10:25:06+00:00,606.0,3206.11,3205.92,3206.19,ETH
2026-01-07 10:25:07+00:00,607.0,3206.16,3205.92,3206.32,ETH
2026-01-07 10:25:08+00:00,608.0,3206.08,3205.91,3206.19,ETH
2026-01-07 10:25:09+00:00,609.0,3206.02,3205.91,3206.05,ETH
2026-01-07 10:25:10+00:00,610.0,3206.02,3205.91,3206.06,ETH
2026-01-07 10:25:11+00:00,611.0,3205.97,3205.9,3206.0,ETH
2026-01-07 10:25:12+00:00,612.0,3205.93,3205.89,3205.97,ETH
2026-01-07 10:25:13+00:00,613.0,3205.93,3205.89,3205.97,ETH
2026-01-07 10:25:14+00:00,614.0,3205.95,3205.9,3205.97,ETH
2026-01-07 10:25:15+00:00,615.0,3205.96,3205.9,3205.97,ETH
2026-01-07 10:25:16+00:00,616.0,3206.06,3205.97,3206.08,ETH
2026-01-07 10:25:17+00:00,617.0,3206.18,3206.1,3206.21,ETH
2026-01-07 10:25:18+00:00,618.0,3206.21,3206.14,3206.22,ETH
2026-01-07 10:25:19+00:00,619.0,3206.23,3206.15,3206.24,ETH
2026-01-07 10:25:20+00:00,620.0,3206.24,3206.15,3206.25,ETH
2026-01-07 10:25:21+00:00,621.0,3206.24,3206.15,3206.25,ETH
2026-01-07 10:25:22+00:00,622.0,3206.25,3206.16,3206.26,ETH
2026-01-07 10:25:23+00:00,623.0,3206.24,3206.09,3206.25,ETH
2026-01-07 10:25:24+00:00,624.0,3206.19,3206.01,3206.21,ETH
2026-01-07 10:25:25+00:00,625.0,3206.12,3206.0,3206.13,ETH
2026-01-07 10:25:26+00:00,626.0,3206.08,3205.94,3206.09,ETH
2026-01-07 10:25:27+00:00,627.0,3206.07,3205.91,3206.08,ETH
2026-01-07 10:25:28+00:00,628.0,3206.07,3205.91,3206.08,ETH
2026-01-07 10:25:29+00:00,629.0,3206.07,3205.91,3206.07,ETH
2026-01-07 10:25:30+00:00,630.0,3206.06,3205.91,3206.07,ETH
2026-01-07 10:25:31+00:00,631.0,3206.06,3205.91,3206.07,ETH
2026-01-07 10:25:32+00:00,632.0,3206.06,3205.91,3206.07,ETH
2026-01-07 10:25:33+00:00,633.0,3206.02,3205.83,3206.02,ETH
2026-01-07 10:25:34+00:00,634.0,3205.94,3205.77,3205.95,ETH
2026-01-07 10:25:35+00:00,635.0,3205.9,3205.73,3205.92,ETH
2026-01-07 10:25:36+00:00,636.0,3205.89,3205.69,3205.91,ETH
2026-01-07 10:25:37+00:00,637.0,3205.88,3205.72,3205.89,ETH
2026-01-07 10:25:38+00:00,638.0,3205.83,3205.72,3205.85,ETH
2026-01-07 10:25:39+00:00,639.0,3205.88,3205.72,3205.89,ETH
2026-01-07 10:25:40+00:00,640.0,3205.88,3205.72,3205.89,ETH
2026-01-07 10:25:41+00:00,641.0,3205.88,3205.73,3205.89,ETH
2026-01-07 10:25:42+00:00,642.0,3205.88,3205.73,3205.89,ETH
2026-01-07 10:25:43+00:00,643.0,3205.88,3205.73,3205.89,ETH
2026-01-07 10:25:44+00:00,644.0,3205.88,3205.73,3205.89,ETH
2026-01-07 10:25:45+00:00,645.0,3205.87,3205.67,3205.88,ETH
2026-01-07 10:25:46+00:00,646.0,3205.86,3205.66,3205.88,ETH
2026-01-07 10:25:47+00:00,647.0,3205.86,3205.68,3205.88,ETH
2026-01-07 10:25:48+00:00,648.0,3205.87,3205.71,3205.88,ETH
2026-01-07 10:25:49+00:00,649.0,3205.87,3205.77,3205.88,ETH
2026-01-07 10:25:50+00:00,650.0,3205.88,3205.73,3205.88,ETH
2026-01-07 10:25:51+00:00,651.0,3205.88,3205.73,3205.89,ETH
2026-01-07 10:25:52+00:00,652.0,3205.88,3205.73,3205.88,ETH
2026-01-07 10:25:53+00:00,653.0,3205.88,3205.64,3205.88,ETH
2026-01-07 10:25:54+00:00,654.0,3205.87,3205.68,3205.88,ETH
2026-01-07 10:25:55+00:00,655.0,3205.89,3205.86,3206.1,ETH
2026-01-07 10:25:56+00:00,656.0,3205.9,3205.86,3206.11,ETH
2026-01-07 10:25:57+00:00,657.0,3205.91,3205.86,3206.12,ETH
2026-01-07 10:25:58+00:00,658.0,3205.86,3205.85,3206.12,ETH
2026-01-07 10:25:59+00:00,659.0,3205.87,3205.85,3206.18,ETH
2026-01-07 10:26:00+00:00,660.0,3205.87,3205.85,3206.17,ETH
2026-01-07 10:26:01+00:00,661.0,3205.9,3205.86,3206.19,ETH
2026-01-07 10:26:02+00:00,662.0,3205.9,3205.8,3206.03,ETH
2026-01-07 10:26:03+00:00,663.0,3205.89,3205.8,3206.04,ETH
2026-01-07 10:26:05+00:00,665.0,3205.92,3205.86,3206.17,ETH
2026-01-07 10:26:06+00:00,666.0,3205.92,3205.86,3206.16,ETH
2026-01-07 10:26:07+00:00,667.0,3205.94,3205.86,3206.16,ETH
2026-01-07 10:26:08+00:00,668.0,3205.93,3205.86,3206.51,ETH
2026-01-07 10:26:09+00:00,669.0,3205.93,3205.86,3206.0,ETH
2026-01-07 10:26:10+00:00,670.0,3205.87,3205.66,3205.88,ETH
2026-01-07 10:26:11+00:00,671.0,3205.87,3205.65,3205.88,ETH
2026-01-07 10:26:12+00:00,672.0,3205.87,3205.65,3205.88,ETH
2026-01-07 10:26:13+00:00,673.0,3205.84,3205.65,3205.87,ETH
2026-01-07 10:26:14+00:00,674.0,3205.83,3205.63,3205.86,ETH
2026-01-07 10:26:15+00:00,675.0,3205.82,3205.62,3205.84,ETH
2026-01-07 10:26:16+00:00,676.0,3205.81,3205.6,3205.82,ETH
2026-01-07 10:26:17+00:00,677.0,3206.27,3206.22,3206.43,ETH
2026-01-07 10:26:18+00:00,678.0,3206.48,3206.43,3206.53,ETH
2026-01-07 10:26:19+00:00,679.0,3207.24,3207.11,3207.3,ETH
2026-01-07 10:26:20+00:00,680.0,3207.43,3207.29,3207.53,ETH
2026-01-07 10:26:21+00:00,681.0,3207.34,3207.29,3207.53,ETH
2026-01-07 10:26:22+00:00,682.0,3207.24,3207.19,3207.29,ETH
2026-01-07 10:26:23+00:00,683.0,3207.17,3207.09,3207.29,ETH
2026-01-07 10:26:24+00:00,684.0,3207.2,3207.09,3207.28,ETH
2026-01-07 10:26:25+00:00,685.0,3207.09,3207.09,3207.22,ETH
2026-01-07 10:26:26+00:00,686.0,3207.15,3207.09,3207.35,ETH
2026-01-07 10:26:27+00:00,687.0,3207.2,3207.09,3207.35,ETH
2026-01-07 10:26:28+00:00,688.0,3207.2,3207.09,3207.33,ETH
2026-01-07 10:26:29+00:00,689.0,3207.13,3207.07,3207.33,ETH
2026-01-07 10:26:30+00:00,690.0,3207.06,3207.04,3207.21,ETH
2026-01-07 10:26:31+00:00,691.0,3207.07,3207.04,3207.2,ETH
2026-01-07 10:26:32+00:00,692.0,3207.09,3207.05,3207.2,ETH
2026-01-07 10:26:33+00:00,693.0,3207.11,3207.07,3207.2,ETH
2026-01-07 10:26:34+00:00,694.0,3207.12,3207.08,3207.2,ETH
2026-01-07 10:26:35+00:00,695.0,3207.12,3207.08,3207.2,ETH
2026-01-07 10:26:36+00:00,696.0,3207.13,3207.09,3207.2,ETH
2026-01-07 10:26:37+00:00,697.0,3207.26,3207.22,3207.38,ETH
2026-01-07 10:26:38+00:00,698.0,3207.43,3207.35,3207.57,ETH
2026-01-07 10:26:39+00:00,699.0,3207.56,3207.45,3207.64,ETH
2026-01-07 10:26:40+00:00,700.0,3207.69,3207.62,3207.77,ETH
2026-01-07 10:26:41+00:00,701.0,3207.83,3207.79,3207.9,ETH
2026-01-07 10:26:42+00:00,702.0,3207.97,3207.91,3208.02,ETH
2026-01-07 10:26:43+00:00,703.0,3208.04,3207.95,3208.09,ETH
2026-01-07 10:26:44+00:00,704.0,3208.07,3207.95,3208.16,ETH
2026-01-07 10:26:45+00:00,705.0,3208.02,3207.93,3208.16,ETH
2026-01-07 10:26:46+00:00,706.0,3208.07,3208.03,3208.33,ETH
2026-01-07 10:26:47+00:00,707.0,3208.38,3208.29,3208.57,ETH
2026-01-07 10:26:48+00:00,708.0,3208.54,3208.43,3208.56,ETH
2026-01-07 10:26:49+00:00,709.0,3208.36,3208.26,3208.48,ETH
2026-01-07 10:26:50+00:00,710.0,3208.28,3208.12,3208.5,ETH
2026-01-07 10:26:51+00:00,711.0,3208.45,3208.28,3208.71,ETH
2026-01-07 10:26:52+00:00,712.0,3208.64,3208.46,3208.92,ETH
2026-01-07 10:26:53+00:00,713.0,3208.81,3208.7,3209.06,ETH
2026-01-07 10:26:54+00:00,714.0,3208.97,3208.94,3209.15,ETH
2026-01-07 10:26:55+00:00,715.0,3209.03,3208.96,3209.11,ETH
2026-01-07 10:26:56+00:00,716.0,3209.01,3208.93,3209.12,ETH
2026-01-07 10:26:57+00:00,717.0,3208.97,3208.9,3209.2,ETH
2026-01-07 10:26:58+00:00,718.0,3208.94,3208.9,3209.2,ETH
2026-01-07 10:26:59+00:00,719.0,3208.94,3208.83,3209.14,ETH
2026-01-07 10:27:00+00:00,720.0,3208.91,3208.76,3209.1,ETH
2026-01-07 10:27:01+00:00,721.0,3208.88,3208.76,3209.08,ETH
2026-01-07 10:27:02+00:00,722.0,3208.62,3208.44,3208.71,ETH
2026-01-07 10:27:03+00:00,723.0,3208.28,3208.1,3208.35,ETH
2026-01-07 10:27:04+00:00,724.0,3208.1,3207.98,3208.24,ETH
2026-01-07 10:27:05+00:00,725.0,3208.01,3207.87,3208.12,ETH
2026-01-07 10:27:06+00:00,726.0,3208.0,3207.86,3208.07,ETH
2026-01-07 10:27:07+00:00,727.0,3207.96,3207.86,3208.03,ETH
2026-01-07 10:27:08+00:00,728.0,3207.9,3207.82,3208.01,ETH
2026-01-07 10:27:09+00:00,729.0,3207.83,3207.79,3207.99,ETH
2026-01-07 10:27:10+00:00,730.0,3207.8,3207.78,3207.94,ETH
2026-01-07 10:27:11+00:00,731.0,3207.8,3207.77,3207.89,ETH
2026-01-07 10:27:12+00:00,732.0,3207.78,3207.74,3207.9,ETH
2026-01-07 10:27:13+00:00,733.0,3207.87,3207.77,3207.92,ETH
2026-01-07 10:27:14+00:00,734.0,3207.83,3207.66,3207.84,ETH
2026-01-07 10:27:15+00:00,735.0,3207.77,3207.52,3207.78,ETH
2026-01-07 10:27:16+00:00,736.0,3207.73,3207.62,3207.77,ETH
2026-01-07 10:27:17+00:00,737.0,3207.69,3207.54,3207.75,ETH
2026-01-07 10:27:18+00:00,738.0,3207.72,3207.68,3207.76,ETH
2026-01-07 10:27:19+00:00,739.0,3207.69,3207.66,3207.75,ETH
2026-01-07 10:27:20+00:00,740.0,3207.68,3207.65,3207.71,ETH
2026-01-07 10:27:21+00:00,741.0,3207.66,3207.59,3207.71,ETH
2026-01-07 10:27:22+00:00,742.0,3207.61,3207.59,3207.71,ETH
2026-01-07 10:27:23+00:00,743.0,3207.19,3207.07,3207.2,ETH
2026-01-07 10:27:24+00:00,744.0,3207.09,3207.08,3207.17,ETH
2026-01-07 10:27:25+00:00,745.0,3207.09,3207.07,3207.29,ETH
2026-01-07 10:27:26+00:00,746.0,3207.09,3207.07,3207.28,ETH
2026-01-07 10:27:27+00:00,747.0,3207.09,3207.07,3207.3,ETH
2026-01-07 10:27:28+00:00,748.0,3207.09,3207.07,3207.28,ETH
2026-01-07 10:27:29+00:00,749.0,3207.09,3207.07,3207.29,ETH
2026-01-07 10:27:30+00:00,750.0,3207.09,3207.07,3207.1,ETH
2026-01-07 10:27:31+00:00,751.0,3207.09,3207.07,3207.1,ETH
2026-01-07 10:27:32+00:00,752.0,3207.09,3207.07,3207.1,ETH
2026-01-07 10:27:33+00:00,753.0,3207.09,3207.07,3207.1,ETH
2026-01-07 10:27:34+00:00,754.0,3207.09,3207.07,3207.1,ETH
2026-01-07 10:27:35+00:00,755.0,3207.1,3207.07,3207.19,ETH
2026-01-07 10:27:36+00:00,756.0,3207.08,3207.07,3207.17,ETH
2026-01-07 10:27:37+00:00,757.0,3207.15,3207.1,3207.33,ETH
2026-01-07 10:27:38+00:00,758.0,3207.2,3207.1,3207.38,ETH
2026-01-07 10:27:39+00:00,759.0,3207.19,3207.1,3207.27,ETH
2026-01-07 10:27:40+00:00,760.0,3207.15,3207.09,3207.17,ETH
2026-01-07 10:27:41+00:00,761.0,3207.17,3207.11,3207.22,ETH
2026-01-07 10:27:42+00:00,762.0,3207.17,3207.11,3207.24,ETH
2026-01-07 10:27:43+00:00,763.0,3207.17,3207.11,3207.22,ETH
2026-01-07 10:27:44+00:00,764.0,3207.18,3207.11,3207.24,ETH
2026-01-07 10:27:45+00:00,765.0,3207.05,3207.0,3207.13,ETH
2026-01-07 10:27:46+00:00,766.0,3206.92,3206.71,3206.98,ETH
2026-01-07 10:27:47+00:00,767.0,3206.85,3206.64,3207.0,ETH
2026-01-07 10:27:49+00:00,769.0,3206.81,3206.8,3207.1,ETH
2026-01-07 10:27:50+00:00,770.0,3206.93,3206.77,3207.1,ETH
2026-01-07 10:27:51+00:00,771.0,3206.9,3206.81,3207.18,ETH
2026-01-07 10:27:52+00:00,772.0,3206.9,3206.81,3207.18,ETH
2026-01-07 10:27:53+00:00,773.0,3206.89,3206.81,3207.18,ETH
2026-01-07 10:27:54+00:00,774.0,3206.87,3206.81,3207.14,ETH
2026-01-07 10:27:55+00:00,775.0,3206.88,3206.81,3207.14,ETH
2026-01-07 10:27:56+00:00,776.0,3206.88,3206.8,3207.07,ETH
2026-01-07 10:27:57+00:00,777.0,3206.81,3206.79,3207.15,ETH
2026-01-07 10:27:58+00:00,778.0,3206.82,3206.79,3207.04,ETH
2026-01-07 10:27:59+00:00,779.0,3206.83,3206.79,3207.04,ETH
2026-01-07 10:28:00+00:00,780.0,3206.82,3206.78,3206.88,ETH
2026-01-07 10:28:01+00:00,781.0,3206.82,3206.69,3206.83,ETH
2026-01-07 10:28:02+00:00,782.0,3206.82,3206.7,3206.85,ETH
2026-01-07 10:28:03+00:00,783.0,3206.82,3206.71,3206.86,ETH
2026-01-07 10:28:04+00:00,784.0,3206.82,3206.73,3206.87,ETH
2026-01-07 10:28:05+00:00,785.0,3206.82,3206.76,3206.84,ETH
2026-01-07 10:28:06+00:00,786.0,3206.81,3206.78,3206.82,ETH
2026-01-07 10:28:07+00:00,787.0,3206.92,3206.91,3206.95,ETH
2026-01-07 10:28:08+00:00,788.0,3207.09,3207.04,3207.12,ETH
2026-01-07 10:28:09+00:00,789.0,3207.15,3207.05,3207.16,ETH
2026-01-07 10:28:10+00:00,790.0,3207.25,3207.14,3207.29,ETH
2026-01-07 10:28:11+00:00,791.0,3207.38,3207.23,3207.42,ETH
2026-01-07 10:28:12+00:00,792.0,3207.42,3207.23,3207.42,ETH
2026-01-07 10:28:13+00:00,793.0,3207.43,3207.28,3207.43,ETH
2026-01-07 10:28:14+00:00,794.0,3207.43,3207.3,3207.43,ETH
2026-01-07 10:28:15+00:00,795.0,3207.43,3207.28,3207.43,ETH
2026-01-07 10:28:16+00:00,796.0,3207.43,3207.29,3207.43,ETH
2026-01-07 10:28:17+00:00,797.0,3207.49,3207.33,3207.52,ETH
2026-01-07 10:28:18+00:00,798.0,3207.49,3207.34,3207.52,ETH
2026-01-07 10:28:19+00:00,799.0,3207.43,3207.35,3207.43,ETH
2026-01-07 10:28:20+00:00,800.0,3207.43,3207.39,3207.44,ETH
2026-01-07 10:28:21+00:00,801.0,3207.44,3207.41,3207.45,ETH
2026-01-07 10:28:22+00:00,802.0,3207.46,3207.42,3207.48,ETH
2026-01-07 10:28:24+00:00,804.0,3207.47,3207.43,3207.51,ETH
2026-01-07 10:28:25+00:00,805.0,3207.47,3207.45,3207.5,ETH
2026-01-07 10:28:26+00:00,806.0,3207.78,3207.45,3208.1,ETH
2026-01-07 10:28:27+00:00,807.0,3208.17,3208.09,3208.28,ETH
2026-01-07 10:28:28+00:00,808.0,3208.17,3208.09,3208.28,ETH
2026-01-07 10:28:29+00:00,809.0,3208.17,3208.09,3208.25,ETH
2026-01-07 10:28:30+00:00,810.0,3208.18,3208.09,3208.25,ETH
2026-01-07 10:28:31+00:00,811.0,3208.2,3208.09,3208.27,ETH
2026-01-07 10:28:32+00:00,812.0,3208.2,3208.09,3208.28,ETH
2026-01-07 10:28:33+00:00,813.0,3208.2,3208.09,3208.27,ETH
2026-01-07 10:28:34+00:00,814.0,3208.16,3208.09,3208.22,ETH
2026-01-07 10:28:35+00:00,815.0,3208.1,3208.02,3208.22,ETH
2026-01-07 10:28:36+00:00,816.0,3208.13,3208.09,3208.22,ETH
2026-01-07 10:28:37+00:00,817.0,3208.1,3208.03,3208.23,ETH
2026-01-07 10:28:38+00:00,818.0,3208.1,3208.02,3208.22,ETH
2026-01-07 10:28:39+00:00,819.0,3208.11,3208.07,3208.21,ETH
2026-01-07 10:28:40+00:00,820.0,3208.15,3208.03,3208.21,ETH
2026-01-07 10:28:41+00:00,821.0,3208.19,3208.1,3208.36,ETH
2026-01-07 10:28:42+00:00,822.0,3208.13,3208.1,3208.21,ETH
2026-01-07 10:28:43+00:00,823.0,3208.14,3208.09,3208.21,ETH
2026-01-07 10:28:44+00:00,824.0,3208.1,3208.03,3208.21,ETH
2026-01-07 10:28:45+00:00,825.0,3208.1,3207.97,3208.21,ETH
2026-01-07 10:28:46+00:00,826.0,3208.11,3208.08,3208.21,ETH
2026-01-07 10:28:47+00:00,827.0,3208.12,3208.08,3208.18,ETH
2026-01-07 10:28:48+00:00,828.0,3208.11,3208.06,3208.18,ETH
2026-01-07 10:28:49+00:00,829.0,3208.17,3208.09,3208.34,ETH
2026-01-07 10:28:50+00:00,830.0,3208.17,3208.09,3208.2,ETH
2026-01-07 10:28:51+00:00,831.0,3208.19,3208.1,3208.3,ETH
2026-01-07 10:28:52+00:00,832.0,3208.21,3208.1,3208.31,ETH
2026-01-07 10:28:53+00:00,833.0,3208.22,3208.1,3208.23,ETH
2026-01-07 10:28:54+00:00,834.0,3208.22,3208.1,3208.24,ETH
2026-01-07 10:28:55+00:00,835.0,3208.21,3208.08,3208.22,ETH
2026-01-07 10:28:56+00:00,836.0,3208.22,3208.09,3208.24,ETH
2026-01-07 10:28:57+00:00,837.0,3208.25,3208.16,3208.37,ETH
2026-01-07 10:28:58+00:00,838.0,3208.28,3208.19,3208.42,ETH
2026-01-07 10:28:59+00:00,839.0,3208.27,3208.19,3208.37,ETH
2026-01-07 10:29:00+00:00,840.0,3208.27,3208.19,3208.34,ETH
2026-01-07 10:29:01+00:00,841.0,3208.29,3208.21,3208.32,ETH
2026-01-07 10:29:02+00:00,842.0,3208.27,3208.23,3208.31,ETH
2026-01-07 10:29:03+00:00,843.0,3208.25,3208.2,3208.34,ETH
2026-01-07 10:29:04+00:00,844.0,3208.24,3208.17,3208.37,ETH
2026-01-07 10:29:05+00:00,845.0,3208.24,3208.17,3208.37,ETH
2026-01-07 10:29:06+00:00,846.0,3208.24,3208.17,3208.36,ETH
2026-01-07 10:29:07+00:00,847.0,3208.24,3208.17,3208.36,ETH
2026-01-07 10:29:08+00:00,848.0,3208.24,3208.18,3208.36,ETH
2026-01-07 10:29:09+00:00,849.0,3208.22,3208.18,3208.3,ETH
2026-01-07 10:29:10+00:00,850.0,3208.19,3208.16,3208.25,ETH
2026-01-07 10:29:11+00:00,851.0,3208.18,3208.15,3208.25,ETH
2026-01-07 10:29:12+00:00,852.0,3208.21,3208.16,3208.25,ETH
2026-01-07 10:29:13+00:00,853.0,3208.24,3208.17,3208.27,ETH
2026-01-07 10:29:14+00:00,854.0,3208.24,3208.17,3208.3,ETH
2026-01-07 10:29:15+00:00,855.0,3208.23,3208.16,3208.34,ETH
2026-01-07 10:29:16+00:00,856.0,3208.23,3208.16,3208.34,ETH
2026-01-07 10:29:17+00:00,857.0,3208.19,3208.15,3208.24,ETH
2026-01-07 10:29:18+00:00,858.0,3208.23,3208.14,3208.34,ETH
2026-01-07 10:29:19+00:00,859.0,3208.21,3208.14,3208.28,ETH
2026-01-07 10:29:20+00:00,860.0,3208.23,3208.16,3208.28,ETH
2026-01-07 10:29:21+00:00,861.0,3208.23,3208.16,3208.28,ETH
2026-01-07 10:29:22+00:00,862.0,3208.23,3208.16,3208.28,ETH
2026-01-07 10:29:23+00:00,863.0,3208.23,3208.16,3208.28,ETH
2026-01-07 10:29:24+00:00,864.0,3208.23,3208.16,3208.28,ETH
2026-01-07 10:29:25+00:00,865.0,3208.26,3208.2,3208.35,ETH
2026-01-07 10:29:26+00:00,866.0,3208.26,3208.21,3208.35,ETH
2026-01-07 10:29:27+00:00,867.0,3208.26,3208.21,3208.32,ETH
2026-01-07 10:29:28+00:00,868.0,3208.26,3208.21,3208.34,ETH
2026-01-07 10:29:29+00:00,869.0,3208.19,3208.14,3208.29,ETH
2026-01-07 10:29:30+00:00,870.0,3208.13,3208.07,3208.2,ETH
2026-01-07 10:29:31+00:00,871.0,3208.11,3208.04,3208.16,ETH
2026-01-07 10:29:32+00:00,872.0,3208.02,3207.97,3208.1,ETH
2026-01-07 10:29:33+00:00,873.0,3207.95,3207.9,3208.1,ETH
2026-01-07 10:29:34+00:00,874.0,3207.95,3207.9,3208.09,ETH
2026-01-07 10:29:35+00:00,875.0,3207.97,3207.91,3208.03,ETH
2026-01-07 10:29:36+00:00,876.0,3207.98,3207.92,3208.09,ETH
2026-01-07 10:29:37+00:00,877.0,3207.98,3207.92,3208.1,ETH
2026-01-07 10:29:38+00:00,878.0,3208.0,3207.93,3208.1,ETH
2026-01-07 10:29:39+00:00,879.0,3208.03,3207.94,3208.16,ETH
2026-01-07 10:29:40+00:00,880.0,3208.02,3207.94,3208.19,ETH
2026-01-07 10:29:41+00:00,881.0,3208.11,3207.97,3208.19,ETH
2026-01-07 10:29:42+00:00,882.0,3208.12,3207.98,3208.21,ETH
2026-01-07 10:29:43+00:00,883.0,3208.13,3208.0,3208.23,ETH
2026-01-07 10:29:44+00:00,884.0,3208.12,3208.0,3208.21,ETH
2026-01-07 10:29:45+00:00,885.0,3208.05,3207.95,3208.22,ETH
2026-01-07 10:29:46+00:00,886.0,3208.03,3207.99,3208.21,ETH
2026-01-07 10:29:47+00:00,887.0,3208.14,3207.99,3208.25,ETH
2026-01-07 10:29:48+00:00,888.0,3208.1,3207.99,3208.22,ETH
2026-01-07 10:29:49+00:00,889.0,3208.12,3207.99,3208.23,ETH
2026-01-07 10:29:50+00:00,890.0,3208.24,3208.06,3208.28,ETH
2026-01-07 10:29:51+00:00,891.0,3208.24,3208.12,3208.27,ETH
2026-01-07 10:29:52+00:00,892.0,3208.24,3208.12,3208.27,ETH
2026-01-07 10:29:53+00:00,893.0,3208.24,3208.15,3208.27,ETH
2026-01-07 10:29:54+00:00,894.0,3208.24,3208.18,3208.31,ETH
2026-01-07 10:29:55+00:00,895.0,3208.19,3208.06,3208.2,ETH
2026-01-07 10:29:56+00:00,896.0,3208.18,3208.05,3208.19,ETH
2026-01-07 10:29:57+00:00,897.0,3208.09,3208.02,3208.11,ETH
2026-01-07 10:29:58+00:00,898.0,3208.09,3208.02,3208.11,ETH
2026-01-07 10:29:59+00:00,899.0,3208.09,3208.01,3208.11,ETH
