timestamp,collected_at,seconds,up_mid,up_best_bid,up_best_ask,down_mid,down_best_bid,down_best_ask,up_best_bid_size,up_best_ask_size,down_best_bid_size,down_best_ask_size,up_bid_2,up_bid_2_size,up_ask_2,up_ask_2_size,up_bid_3,up_bid_3_size,up_ask_3,up_ask_3_size,up_bid_4,up_bid_4_size,up_ask_4,up_ask_4_size,up_bid_5,up_bid_5_size,up_ask_5,up_ask_5_size,up_bid_6,up_bid_6_size,up_ask_6,up_ask_6_size,down_bid_2,down_bid_2_size,down_ask_2,down_ask_2_size,down_bid_3,down_bid_3_size,down_ask_3,down_ask_3_size,down_bid_4,down_bid_4_size,down_ask_4,down_ask_4_size,down_bid_5,down_bid_5_size,down_ask_5,down_ask_5_size,down_bid_6,down_bid_6_size,down_ask_6,down_ask_6_size
2026-01-07 10:15:00.899000+00:00,2026-01-07 10:14:58.449525+00:00,0.899,0.99,0.99,,0.01,,0.01,167722.32,,,178751.19,0.98,396.51,,,0.97,138.64,,,0.96,52.51,,,0.95,140.0,,,0.94,48.32,,,,,0.02,396.51,,,0.03,138.64,,,0.04,52.51,,,0.05,140.0,,,0.06,48.32
2026-01-07 10:15:01.386000+00:00,2026-01-07 10:14:59.456472+00:00,1.386,0.99,0.99,,0.01,,0.01,178751.19,,,178751.19,0.98,416.91,,,0.97,138.64,,,0.96,52.51,,,0.95,140.0,,,0.94,48.32,,,,,0.02,416.91,,,0.03,138.64,,,0.04,52.51,,,0.05,140.0,,,0.06,48.32
2026-01-07 10:15:02.920000+00:00,2026-01-07 10:15:00.476964+00:00,2.92,0.545,0.54,0.55,0.455,0.45,0.46,8.52,198.0,198.0,8.52,0.53,300.66,0.56,240.0,0.52,221.15,0.57,304.0,0.51,346.73,0.58,304.0,0.5,275.22,0.59,304.0,0.49,411.81,0.6,379.0,0.44,240.0,0.47,300.66,0.43,304.0,0.48,221.15,0.42,304.0,0.49,346.73,0.41,304.0,0.5,275.22,0.4,379.0,0.51,411.81
2026-01-07 10:15:03.949000+00:00,2026-01-07 10:15:01.488730+00:00,3.949,0.535,0.53,0.54,0.475,0.47,0.48,79.66,158.48,30.0,209.81,0.52,221.15,0.55,448.5,0.51,346.73,0.56,319.0,0.5,275.22,0.57,304.0,0.49,107.81,0.58,304.0,0.48,121.0,0.59,304.0,0.46,158.48,0.49,346.73,0.45,463.5,0.5,275.22,0.44,304.0,0.51,107.81,0.43,304.0,0.52,121.0,0.42,304.0,0.53,304.0
2026-01-07 10:15:04.977000+00:00,2026-01-07 10:15:02.509063+00:00,4.977,0.515,0.51,0.52,0.485,0.48,0.49,287.05,283.0,373.0,272.05,0.5,275.22,0.53,317.0,0.49,107.81,0.54,340.48,0.47,198.0,0.55,338.5,0.46,334.0,0.56,304.0,0.45,382.0,0.57,304.0,0.47,227.0,0.5,275.22,0.46,340.48,0.51,107.81,0.45,338.5,0.53,30.0,0.44,304.0,0.54,30.0,0.43,304.0,0.55,276.0
2026-01-07 10:15:05.980000+00:00,2026-01-07 10:15:03.517645+00:00,5.98,0.48,0.46,0.5,0.545,0.54,0.55,15.0,120.0,60.0,48.0,0.45,78.0,0.51,45.0,0.44,46.0,0.52,171.0,0.43,319.0,0.53,227.0,0.42,314.0,0.54,325.48,0.41,412.0,0.55,323.5,0.53,167.0,0.56,61.0,0.52,224.0,0.57,319.0,0.51,119.0,0.58,329.0,0.5,261.0,0.59,412.0,0.49,166.0,0.6,384.0
2026-01-07 10:15:06.985000+00:00,2026-01-07 10:15:04.523029+00:00,6.985,0.425,0.42,0.43,0.575,0.57,0.58,7.91,182.0,232.0,7.91,0.41,63.0,0.44,288.0,0.4,95.0,0.45,262.0,0.39,30.0,0.46,349.0,0.38,194.0,0.47,349.0,0.37,325.0,0.48,349.0,0.56,313.0,0.59,63.0,0.55,463.0,0.6,95.0,0.54,384.0,0.61,25.0,0.53,384.0,0.62,229.0,0.52,349.0,0.63,335.0
2026-01-07 10:15:07.945000+00:00,2026-01-07 10:15:05.528221+00:00,7.945,0.425,0.42,0.43,0.575,0.57,0.58,7.91,375.16,375.16,7.91,0.41,78.0,0.44,359.0,0.4,95.0,0.45,444.0,0.39,25.0,0.46,384.0,0.38,46.0,0.47,384.0,0.37,214.0,0.48,349.0,0.56,359.0,0.59,78.0,0.55,444.0,0.6,95.0,0.54,384.0,0.61,25.0,0.53,384.0,0.62,46.0,0.52,349.0,0.63,214.0
2026-01-07 10:15:09.901000+00:00,2026-01-07 10:15:07.528539+00:00,9.901,0.415,0.41,0.42,0.585,0.58,0.59,61.05,145.0,155.0,51.05,0.4,165.0,0.43,228.53,0.39,95.0,0.44,429.0,0.38,116.0,0.45,429.0,0.37,284.0,0.46,454.0,0.36,499.0,0.47,419.0,0.57,308.53,0.6,230.0,0.56,474.0,0.61,115.0,0.55,384.0,0.62,116.0,0.54,454.0,0.63,284.0,0.53,419.0,0.64,499.0
2026-01-07 10:15:10.959000+00:00,2026-01-07 10:15:08.536209+00:00,10.959,0.415,0.41,0.42,0.585,0.58,0.59,21.05,224.85,199.85,106.05,0.4,205.0,0.43,468.53,0.39,115.0,0.44,544.0,0.38,116.0,0.45,454.0,0.37,101.0,0.46,454.0,0.36,288.0,0.47,419.0,0.57,288.53,0.6,200.0,0.56,499.0,0.61,80.0,0.55,514.0,0.62,213.0,0.54,454.0,0.63,338.0,0.53,419.0,0.64,409.0
2026-01-07 10:15:11.993000+00:00,2026-01-07 10:15:09.540306+00:00,11.993,0.415,0.41,0.42,0.585,0.58,0.59,66.05,50.98,234.98,6.05,0.4,265.0,0.43,200.0,0.39,130.0,0.44,498.0,0.38,364.0,0.45,454.0,0.37,309.0,0.46,454.0,0.36,409.0,0.47,419.0,0.57,327.0,0.6,205.0,0.56,634.0,0.61,115.0,0.55,454.0,0.62,389.0,0.54,454.0,0.63,284.0,0.53,419.0,0.64,409.0
2026-01-07 10:15:13.006000+00:00,2026-01-07 10:15:10.556736+00:00,13.006,0.415,0.41,0.42,0.585,0.58,0.59,1.05,331.16,331.16,1.05,0.4,150.0,0.43,328.0,0.39,190.0,0.44,634.0,0.38,111.0,0.45,454.0,0.37,126.0,0.46,454.0,0.36,499.0,0.47,419.0,0.57,328.0,0.6,150.0,0.56,634.0,0.61,190.0,0.55,454.0,0.62,111.0,0.54,454.0,0.63,126.0,0.53,419.0,0.64,378.0
2026-01-07 10:15:14.958000+00:00,2026-01-07 10:15:12.595603+00:00,14.958,0.415,0.41,0.42,0.585,0.58,0.59,68.38,206.16,206.16,68.38,0.4,205.0,0.43,393.0,0.39,135.0,0.44,574.0,0.38,91.0,0.45,469.0,0.37,399.0,0.46,500.0,0.36,288.0,0.47,419.0,0.57,393.0,0.6,205.0,0.56,574.0,0.61,135.0,0.55,469.0,0.62,91.0,0.54,500.0,0.63,399.0,0.53,419.0,0.64,288.0
2026-01-07 10:15:16.012000+00:00,2026-01-07 10:15:13.602378+00:00,16.012,0.415,0.41,0.42,0.585,0.58,0.59,53.38,246.16,231.16,53.38,0.4,260.0,0.43,393.0,0.39,150.0,0.44,589.0,0.38,91.0,0.45,499.0,0.37,399.0,0.46,454.0,0.36,288.0,0.47,424.62,0.57,393.0,0.6,260.0,0.56,589.0,0.61,150.0,0.55,499.0,0.62,91.0,0.54,454.0,0.63,399.0,0.53,424.62,0.64,288.0
2026-01-07 10:15:17.043000+00:00,2026-01-07 10:15:14.618592+00:00,17.043,0.415,0.41,0.42,0.585,0.58,0.59,38.38,221.16,221.16,38.38,0.4,260.0,0.43,393.0,0.39,150.0,0.44,494.0,0.38,181.0,0.45,499.0,0.37,309.0,0.46,454.0,0.36,288.0,0.47,424.62,0.57,393.0,0.6,260.0,0.56,494.0,0.61,150.0,0.55,499.0,0.62,181.0,0.54,454.0,0.63,309.0,0.53,424.62,0.64,288.0
2026-01-07 10:15:18.967000+00:00,2026-01-07 10:15:16.629868+00:00,18.967,0.415,0.41,0.42,0.585,0.58,0.59,5.0,305.51,320.51,5.0,0.4,275.0,0.43,483.0,0.39,150.0,0.44,494.0,0.38,181.0,0.45,454.0,0.37,126.0,0.46,500.0,0.36,288.0,0.47,424.62,0.57,468.0,0.6,275.0,0.56,494.0,0.61,150.0,0.55,454.0,0.62,181.0,0.54,500.0,0.63,126.0,0.53,424.62,0.64,288.0
2026-01-07 10:15:20.049000+00:00,2026-01-07 10:15:17.635090+00:00,20.049,0.415,0.41,0.42,0.585,0.58,0.59,5.0,320.51,325.51,5.0,0.4,275.0,0.43,468.0,0.39,150.0,0.44,494.0,0.38,181.0,0.45,454.0,0.37,126.0,0.46,500.0,0.36,288.0,0.47,424.62,0.57,468.0,0.6,275.0,0.56,494.0,0.61,150.0,0.55,454.0,0.62,181.0,0.54,500.0,0.63,126.0,0.53,424.62,0.64,288.0
2026-01-07 10:15:21.977000+00:00,2026-01-07 10:15:19.642322+00:00,21.977,0.385,0.38,0.39,0.615,0.61,0.62,326.0,32.0,32.0,326.0,0.37,136.0,0.4,148.0,0.36,105.0,0.41,347.0,0.35,105.0,0.42,522.65,0.34,424.0,0.43,544.0,0.33,438.0,0.44,524.0,0.6,148.0,0.63,136.0,0.59,347.0,0.64,105.0,0.58,522.65,0.65,105.0,0.57,544.0,0.66,424.0,0.56,524.0,0.67,438.0
2026-01-07 10:15:23.029000+00:00,2026-01-07 10:15:20.648978+00:00,23.029,0.385,0.38,0.39,0.615,0.61,0.62,196.0,90.35,75.35,196.0,0.37,106.0,0.4,198.0,0.36,125.0,0.41,417.0,0.35,105.0,0.42,452.65,0.34,424.0,0.43,544.0,0.33,438.0,0.44,524.0,0.6,198.0,0.63,106.0,0.59,417.0,0.64,125.0,0.58,452.65,0.65,105.0,0.57,544.0,0.66,424.0,0.56,524.0,0.67,438.0
2026-01-07 10:15:24.132000+00:00,2026-01-07 10:15:21.671132+00:00,24.132,0.39,0.38,0.4,0.61,0.6,0.62,196.0,227.0,227.0,196.0,0.37,111.0,0.41,402.0,0.36,125.0,0.42,452.65,0.35,105.0,0.43,544.0,0.34,424.0,0.44,524.0,0.33,438.0,0.45,454.0,0.59,402.0,0.63,111.0,0.58,452.65,0.64,125.0,0.57,544.0,0.65,105.0,0.56,524.0,0.66,424.0,0.55,454.0,0.67,438.0
2026-01-07 10:15:25.119000+00:00,2026-01-07 10:15:22.676769+00:00,25.119,0.385,0.38,0.39,0.615,0.61,0.62,201.0,5.0,5.0,191.41,0.37,111.0,0.4,217.0,0.36,125.0,0.41,402.0,0.35,105.0,0.42,452.65,0.34,424.0,0.43,544.0,0.33,438.0,0.44,524.0,0.6,217.0,0.63,111.0,0.59,402.0,0.64,125.0,0.58,452.65,0.65,105.0,0.57,544.0,0.66,424.0,0.56,524.0,0.67,438.0
2026-01-07 10:15:26.059000+00:00,2026-01-07 10:15:23.698185+00:00,26.059,0.385,0.38,0.39,0.615,0.61,0.62,101.41,85.0,85.0,101.41,0.37,201.0,0.4,307.0,0.36,125.0,0.41,382.0,0.35,105.0,0.42,452.65,0.34,424.0,0.43,544.0,0.33,438.0,0.44,524.0,0.6,307.0,0.63,201.0,0.59,382.0,0.64,125.0,0.58,452.65,0.65,105.0,0.57,544.0,0.66,424.0,0.56,524.0,0.67,438.0
2026-01-07 10:15:27.171000+00:00,2026-01-07 10:15:24.704444+00:00,27.171,0.385,0.38,0.39,0.615,0.61,0.62,101.41,88.0,88.0,101.41,0.37,201.0,0.4,307.0,0.36,125.0,0.41,382.0,0.35,105.0,0.42,452.65,0.34,424.0,0.43,544.0,0.33,401.0,0.44,479.0,0.6,307.0,0.63,201.0,0.59,382.0,0.64,125.0,0.58,452.65,0.65,105.0,0.57,544.0,0.66,424.0,0.56,524.0,0.67,438.0
2026-01-07 10:15:28.159000+00:00,2026-01-07 10:15:25.708410+00:00,28.159,0.385,0.38,0.39,0.615,0.61,0.62,101.41,15.0,5.0,101.41,0.37,201.0,0.4,317.0,0.36,125.0,0.41,382.0,0.35,105.0,0.42,452.65,0.34,462.0,0.43,544.0,0.33,477.0,0.44,479.0,0.6,317.0,0.63,201.0,0.59,382.0,0.64,125.0,0.58,452.65,0.65,105.0,0.57,544.0,0.66,462.0,0.56,479.0,0.67,477.0
2026-01-07 10:15:29.094000+00:00,2026-01-07 10:15:26.729920+00:00,29.094,0.39,0.38,0.4,0.61,0.6,0.62,101.41,313.0,338.0,101.41,0.37,201.0,0.41,382.0,0.36,125.0,0.42,452.65,0.35,105.0,0.43,544.0,0.34,462.0,0.44,479.0,0.33,477.0,0.45,499.0,0.59,382.0,0.63,201.0,0.58,452.65,0.64,125.0,0.57,544.0,0.65,105.0,0.56,479.0,0.66,462.0,0.55,499.0,0.67,477.0
2026-01-07 10:15:30.191000+00:00,2026-01-07 10:15:27.736303+00:00,30.191,0.385,0.38,0.39,0.615,0.61,0.62,86.41,5.0,167.0,66.41,0.37,201.0,0.4,347.0,0.36,140.0,0.41,362.0,0.35,105.0,0.42,427.65,0.34,462.0,0.43,544.0,0.33,477.0,0.44,444.0,0.6,342.0,0.63,191.0,0.59,357.0,0.64,90.0,0.58,477.65,0.65,105.0,0.57,544.0,0.66,424.0,0.56,524.0,0.67,438.0
2026-01-07 10:15:31.181000+00:00,2026-01-07 10:15:28.758384+00:00,31.181,0.385,0.38,0.39,0.615,0.61,0.62,81.41,417.0,417.0,81.41,0.37,226.0,0.4,349.0,0.36,115.0,0.41,372.0,0.35,105.0,0.42,462.65,0.34,424.0,0.43,544.0,0.33,473.0,0.44,524.0,0.6,349.0,0.63,226.0,0.59,372.0,0.64,45.0,0.58,462.65,0.65,105.0,0.57,544.0,0.66,424.0,0.56,524.0,0.67,473.0
2026-01-07 10:15:32.081000+00:00,2026-01-07 10:15:29.764756+00:00,32.081,0.385,0.38,0.39,0.615,0.61,0.62,78.41,417.0,417.0,78.41,0.37,226.0,0.4,349.0,0.36,45.0,0.41,372.0,0.35,105.0,0.42,552.65,0.34,424.0,0.43,454.0,0.33,473.0,0.44,524.0,0.6,349.0,0.63,226.0,0.59,372.0,0.64,45.0,0.58,552.65,0.65,105.0,0.57,454.0,0.66,424.0,0.56,524.0,0.67,473.0
2026-01-07 10:15:33.018000+00:00,2026-01-07 10:15:30.772905+00:00,33.018,0.385,0.38,0.39,0.615,0.61,0.62,63.41,417.0,417.0,63.41,0.37,226.0,0.4,349.0,0.36,45.0,0.41,372.0,0.35,105.0,0.42,552.65,0.34,424.0,0.43,454.0,0.33,473.0,0.44,524.0,0.6,349.0,0.63,226.0,0.59,372.0,0.64,45.0,0.58,552.65,0.65,105.0,0.57,454.0,0.66,424.0,0.56,524.0,0.67,473.0
2026-01-07 10:15:34.182000+00:00,2026-01-07 10:15:31.781424+00:00,34.182,0.385,0.38,0.39,0.615,0.61,0.62,93.41,417.0,417.0,78.41,0.37,226.0,0.4,349.0,0.36,115.0,0.41,372.0,0.35,105.0,0.42,552.65,0.34,424.0,0.43,454.0,0.33,473.0,0.44,524.0,0.6,354.0,0.63,226.0,0.59,372.0,0.64,120.0,0.58,552.65,0.65,105.0,0.57,454.0,0.66,424.0,0.56,524.0,0.67,473.0
2026-01-07 10:15:35.110000+00:00,2026-01-07 10:15:32.784498+00:00,35.11,0.385,0.38,0.39,0.615,0.61,0.62,93.41,229.0,229.0,78.41,0.37,241.0,0.4,354.0,0.36,105.0,0.41,357.0,0.35,105.0,0.42,567.65,0.34,424.0,0.43,454.0,0.33,473.0,0.44,524.0,0.6,354.0,0.63,241.0,0.59,357.0,0.64,105.0,0.58,567.65,0.65,105.0,0.57,454.0,0.66,424.0,0.56,524.0,0.67,473.0
2026-01-07 10:15:36.247000+00:00,2026-01-07 10:15:33.791996+00:00,36.247,0.385,0.38,0.39,0.615,0.61,0.62,88.41,223.87,218.74,113.41,0.37,241.0,0.4,354.0,0.36,105.0,0.41,357.0,0.35,105.0,0.42,567.65,0.34,424.0,0.43,454.0,0.33,473.0,0.44,484.0,0.6,354.0,0.63,226.0,0.59,357.0,0.64,120.0,0.58,552.65,0.65,105.0,0.57,454.0,0.66,424.0,0.56,529.0,0.67,473.0
2026-01-07 10:15:37.039000+00:00,2026-01-07 10:15:34.799807+00:00,37.039,0.385,0.38,0.39,0.615,0.61,0.62,78.41,194.25,194.25,78.41,0.37,241.0,0.4,359.0,0.36,105.0,0.41,357.0,0.35,105.0,0.42,567.65,0.34,424.0,0.43,454.0,0.33,473.0,0.44,529.0,0.6,359.0,0.63,241.0,0.59,357.0,0.64,105.0,0.58,567.65,0.65,105.0,0.57,454.0,0.66,424.0,0.56,484.0,0.67,436.0
2026-01-07 10:15:38.179000+00:00,2026-01-07 10:15:35.804295+00:00,38.179,0.385,0.38,0.39,0.615,0.61,0.62,67.34,194.25,157.58,67.34,0.37,241.0,0.4,359.0,0.36,105.0,0.41,357.0,0.35,105.0,0.42,567.65,0.34,424.0,0.43,454.0,0.33,473.0,0.44,529.0,0.6,359.0,0.63,241.0,0.59,357.0,0.64,105.0,0.58,567.65,0.65,105.0,0.57,454.0,0.66,424.0,0.56,529.0,0.67,473.0
2026-01-07 10:15:39.243000+00:00,2026-01-07 10:15:36.809216+00:00,39.243,0.385,0.38,0.39,0.615,0.61,0.62,73.84,157.83,157.83,73.84,0.37,226.0,0.4,359.0,0.36,120.0,0.41,357.0,0.35,105.0,0.42,567.65,0.34,424.0,0.43,454.0,0.33,473.0,0.44,529.0,0.6,359.0,0.63,226.0,0.59,357.0,0.64,120.0,0.58,567.65,0.65,105.0,0.57,454.0,0.66,424.0,0.56,529.0,0.67,473.0
2026-01-07 10:15:40.980000+00:00,2026-01-07 10:15:38.803070+00:00,40.98,0.385,0.38,0.39,0.615,0.61,0.62,88.84,155.26,155.26,88.84,0.37,241.0,0.4,359.0,0.36,105.0,0.41,357.0,0.35,105.0,0.42,567.65,0.34,424.0,0.43,454.0,0.33,473.0,0.44,529.0,0.6,359.0,0.63,241.0,0.59,357.0,0.64,105.0,0.58,567.65,0.65,105.0,0.57,454.0,0.66,424.0,0.56,529.0,0.67,473.0
2026-01-07 10:15:42.197000+00:00,2026-01-07 10:15:39.808659+00:00,42.197,0.385,0.38,0.39,0.615,0.61,0.62,88.84,155.26,155.26,113.84,0.37,241.0,0.4,267.0,0.36,105.0,0.41,357.0,0.35,105.0,0.42,567.65,0.34,424.0,0.43,454.0,0.33,436.0,0.44,528.0,0.6,267.0,0.63,241.0,0.59,357.0,0.64,105.0,0.58,567.65,0.65,105.0,0.57,454.0,0.66,424.0,0.56,528.0,0.67,436.0
2026-01-07 10:15:43.226000+00:00,2026-01-07 10:15:40.814590+00:00,43.226,0.385,0.38,0.39,0.615,0.61,0.62,113.84,155.26,155.26,118.84,0.37,286.0,0.4,267.0,0.36,130.0,0.41,357.0,0.35,105.0,0.42,567.65,0.34,424.0,0.43,454.0,0.33,438.0,0.44,529.0,0.6,267.0,0.63,286.0,0.59,357.0,0.64,130.0,0.58,567.65,0.65,105.0,0.57,454.0,0.66,424.0,0.56,529.0,0.67,438.0
2026-01-07 10:15:44.231000+00:00,2026-01-07 10:15:41.820208+00:00,44.231,0.385,0.38,0.39,0.615,0.61,0.62,113.84,155.26,155.26,113.84,0.37,286.0,0.4,267.0,0.36,130.0,0.41,357.0,0.35,105.0,0.42,567.65,0.34,424.0,0.43,454.0,0.33,438.0,0.44,529.0,0.6,267.0,0.63,286.0,0.59,357.0,0.64,130.0,0.58,567.65,0.65,105.0,0.57,454.0,0.66,424.0,0.56,529.0,0.67,438.0
2026-01-07 10:15:45.162000+00:00,2026-01-07 10:15:42.824013+00:00,45.162,0.385,0.38,0.39,0.615,0.61,0.62,123.84,155.26,155.26,113.84,0.37,286.0,0.4,267.0,0.36,130.0,0.41,357.0,0.35,227.0,0.42,567.65,0.34,424.0,0.43,454.0,0.33,438.0,0.44,529.0,0.6,267.0,0.63,286.0,0.59,357.0,0.64,130.0,0.58,567.65,0.65,227.0,0.57,454.0,0.66,424.0,0.56,529.0,0.67,438.0
2026-01-07 10:15:46.013000+00:00,2026-01-07 10:15:43.829560+00:00,46.013,0.385,0.38,0.39,0.615,0.61,0.62,110.81,155.26,283.46,18.5,0.37,286.0,0.4,267.0,0.36,130.0,0.41,357.0,0.35,288.0,0.42,446.65,0.34,424.0,0.43,454.0,0.33,438.0,0.44,529.0,0.6,319.0,0.63,286.0,0.59,323.0,0.64,120.0,0.58,431.65,0.65,288.0,0.57,454.0,0.66,424.0,0.56,529.0,0.67,473.0
2026-01-07 10:15:47.241000+00:00,2026-01-07 10:15:44.833941+00:00,47.241,0.385,0.38,0.39,0.615,0.61,0.62,133.5,268.46,268.46,118.5,0.37,316.0,0.4,450.0,0.36,130.0,0.41,308.0,0.35,227.0,0.42,446.65,0.34,462.0,0.43,454.0,0.33,477.0,0.44,484.0,0.6,267.0,0.63,316.0,0.59,308.0,0.64,130.0,0.58,446.65,0.65,288.0,0.57,454.0,0.66,462.0,0.56,484.0,0.67,401.0
2026-01-07 10:15:48.474000+00:00,2026-01-07 10:15:46.861396+00:00,48.474,0.385,0.38,0.39,0.615,0.61,0.62,116.33,191.16,150.26,116.33,0.37,316.0,0.4,237.0,0.36,130.0,0.41,333.0,0.35,105.0,0.42,421.65,0.34,424.0,0.43,454.0,0.33,438.0,0.44,529.0,0.6,237.0,0.63,316.0,0.59,333.0,0.64,130.0,0.58,421.65,0.65,105.0,0.57,454.0,0.66,424.0,0.56,529.0,0.67,438.0
2026-01-07 10:15:50.202000+00:00,2026-01-07 10:15:47.886747+00:00,50.202,0.385,0.38,0.39,0.615,0.61,0.62,57.09,185.26,185.26,57.09,0.37,306.0,0.4,247.0,0.36,130.0,0.41,333.0,0.35,263.0,0.42,446.65,0.34,424.0,0.43,454.0,0.33,473.0,0.44,494.0,0.6,247.0,0.63,306.0,0.59,333.0,0.64,130.0,0.58,446.65,0.65,263.0,0.57,454.0,0.66,424.0,0.56,494.0,0.67,473.0
2026-01-07 10:15:51.115000+00:00,2026-01-07 10:15:48.896268+00:00,51.115,0.385,0.38,0.39,0.615,0.61,0.62,57.09,180.92,180.92,57.09,0.37,306.0,0.4,242.0,0.36,130.0,0.41,333.0,0.35,263.0,0.42,446.65,0.34,424.0,0.43,454.0,0.33,436.0,0.44,493.0,0.6,242.0,0.63,306.0,0.59,382.0,0.64,130.0,0.58,446.65,0.65,263.0,0.57,454.0,0.66,424.0,0.56,493.0,0.67,436.0
2026-01-07 10:15:52.283000+00:00,2026-01-07 10:15:49.919529+00:00,52.283,0.385,0.38,0.39,0.615,0.61,0.62,63.59,212.25,212.25,63.59,0.37,306.0,0.4,237.0,0.36,130.0,0.41,382.0,0.35,263.0,0.42,446.65,0.34,424.0,0.43,454.0,0.33,473.0,0.44,494.0,0.6,237.0,0.63,306.0,0.59,382.0,0.64,130.0,0.58,446.65,0.65,263.0,0.57,454.0,0.66,424.0,0.56,494.0,0.67,473.0
2026-01-07 10:15:53.306000+00:00,2026-01-07 10:15:50.927064+00:00,53.306,0.385,0.38,0.39,0.615,0.61,0.62,63.59,187.25,187.25,63.59,0.37,306.0,0.4,237.0,0.36,130.0,0.41,382.0,0.35,263.0,0.42,446.65,0.34,424.0,0.43,454.0,0.33,436.0,0.44,493.0,0.6,237.0,0.63,306.0,0.59,382.0,0.64,130.0,0.58,446.65,0.65,263.0,0.57,454.0,0.66,424.0,0.56,493.0,0.67,436.0
2026-01-07 10:15:54.097000+00:00,2026-01-07 10:15:51.947247+00:00,54.097,0.385,0.38,0.39,0.615,0.61,0.62,45.0,257.25,257.25,45.0,0.37,110.0,0.4,237.0,0.36,60.0,0.41,382.0,0.35,263.0,0.42,446.65,0.34,424.0,0.43,489.0,0.33,436.0,0.44,493.0,0.6,237.0,0.63,110.0,0.59,382.0,0.64,60.0,0.58,446.65,0.65,263.0,0.57,489.0,0.66,424.0,0.56,493.0,0.67,436.0
2026-01-07 10:15:55.342000+00:00,2026-01-07 10:15:52.938555+00:00,55.342,0.385,0.38,0.39,0.615,0.61,0.62,125.0,142.25,142.25,130.0,0.37,100.0,0.4,292.0,0.36,198.0,0.41,269.0,0.35,499.0,0.42,356.65,0.34,424.0,0.43,368.0,0.33,473.0,0.44,529.0,0.6,292.0,0.63,100.0,0.59,269.0,0.64,198.0,0.58,356.65,0.65,499.0,0.57,368.0,0.66,424.0,0.56,529.0,0.67,473.0
2026-01-07 10:15:56.362000+00:00,2026-01-07 10:15:53.949043+00:00,56.362,0.385,0.38,0.39,0.615,0.61,0.62,108.0,142.25,142.25,100.0,0.37,110.0,0.4,342.0,0.36,198.0,0.41,209.0,0.35,499.0,0.42,356.65,0.34,424.0,0.43,368.0,0.33,697.0,0.44,529.0,0.6,352.0,0.63,110.0,0.59,209.0,0.64,198.0,0.58,356.65,0.65,499.0,0.57,368.0,0.66,424.0,0.56,529.0,0.67,697.0
2026-01-07 10:15:57.150000+00:00,2026-01-07 10:15:54.971821+00:00,57.15,0.385,0.38,0.39,0.615,0.61,0.62,50.0,143.45,143.45,50.0,0.37,145.0,0.4,357.0,0.36,218.0,0.41,150.0,0.35,499.0,0.42,356.65,0.34,424.0,0.43,368.0,0.33,697.0,0.44,529.0,0.6,357.0,0.63,145.0,0.59,150.0,0.64,218.0,0.58,356.65,0.65,499.0,0.57,368.0,0.66,424.0,0.56,529.0,0.67,697.0
2026-01-07 10:15:58.297000+00:00,2026-01-07 10:15:55.977227+00:00,58.297,0.385,0.38,0.39,0.615,0.61,0.62,53.22,213.45,213.45,53.22,0.37,145.0,0.4,287.0,0.36,218.0,0.41,150.0,0.35,499.0,0.42,356.65,0.34,424.0,0.43,368.0,0.33,697.0,0.44,529.0,0.6,287.0,0.63,145.0,0.59,150.0,0.64,218.0,0.58,356.65,0.65,499.0,0.57,368.0,0.66,424.0,0.56,529.0,0.67,697.0
2026-01-07 10:15:59.452000+00:00,2026-01-07 10:15:56.997514+00:00,59.452,0.385,0.38,0.39,0.615,0.61,0.62,45.22,206.8,206.8,60.22,0.37,145.0,0.4,327.0,0.36,218.0,0.41,135.0,0.35,499.0,0.42,401.25,0.34,424.0,0.43,368.0,0.33,697.0,0.44,529.0,0.6,282.0,0.63,145.0,0.59,150.0,0.64,218.0,0.58,401.25,0.65,499.0,0.57,368.0,0.66,424.0,0.56,529.0,0.67,697.0
2026-01-07 10:16:00.404000+00:00,2026-01-07 10:15:58.002758+00:00,60.404,0.385,0.38,0.39,0.615,0.61,0.62,60.22,194.36,191.51,60.22,0.37,135.0,0.4,342.0,0.36,354.0,0.41,150.0,0.35,499.0,0.42,386.25,0.34,424.0,0.43,368.0,0.33,697.0,0.44,529.0,0.6,342.0,0.63,135.0,0.59,150.0,0.64,354.0,0.58,386.25,0.65,499.0,0.57,368.0,0.66,424.0,0.56,529.0,0.67,697.0
2026-01-07 10:16:01.382000+00:00,2026-01-07 10:15:59.004108+00:00,61.382,0.385,0.38,0.39,0.615,0.61,0.62,60.22,191.51,191.51,60.22,0.37,150.0,0.4,342.0,0.36,339.0,0.41,135.0,0.35,499.0,0.42,401.25,0.34,424.0,0.43,368.0,0.33,697.0,0.44,529.0,0.6,362.0,0.63,150.0,0.59,135.0,0.64,339.0,0.58,401.25,0.65,499.0,0.57,368.0,0.66,424.0,0.56,529.0,0.67,697.0
2026-01-07 10:16:02.294000+00:00,2026-01-07 10:16:00.026278+00:00,62.294,0.385,0.38,0.39,0.615,0.61,0.62,70.22,191.51,191.51,70.22,0.37,170.0,0.4,342.0,0.36,339.0,0.41,135.0,0.35,499.0,0.42,401.25,0.34,424.0,0.43,368.0,0.33,697.0,0.44,529.0,0.6,342.0,0.63,170.0,0.59,135.0,0.64,339.0,0.58,401.25,0.65,499.0,0.57,368.0,0.66,424.0,0.56,529.0,0.67,697.0
2026-01-07 10:16:03.308000+00:00,2026-01-07 10:16:01.015930+00:00,63.308,0.385,0.38,0.39,0.615,0.61,0.62,72.22,191.51,191.51,72.22,0.37,170.0,0.4,342.0,0.36,339.0,0.41,135.0,0.35,499.0,0.42,401.25,0.34,424.0,0.43,368.0,0.33,697.0,0.44,529.0,0.6,342.0,0.63,170.0,0.59,135.0,0.64,339.0,0.58,401.25,0.65,499.0,0.57,368.0,0.66,424.0,0.56,529.0,0.67,697.0
2026-01-07 10:16:04.401000+00:00,2026-01-07 10:16:02.023675+00:00,64.401,0.385,0.38,0.39,0.615,0.61,0.62,65.22,191.51,191.51,57.22,0.37,170.0,0.4,342.0,0.36,339.0,0.41,135.0,0.35,499.0,0.42,401.25,0.34,424.0,0.43,368.0,0.33,697.0,0.44,529.0,0.6,342.0,0.63,155.0,0.59,150.0,0.64,354.0,0.58,386.25,0.65,499.0,0.57,368.0,0.66,424.0,0.56,529.0,0.67,697.0
2026-01-07 10:16:05.381000+00:00,2026-01-07 10:16:03.044018+00:00,65.381,0.385,0.38,0.39,0.615,0.61,0.62,97.22,191.51,191.51,72.22,0.37,170.0,0.4,342.0,0.36,339.0,0.41,135.0,0.35,499.0,0.42,401.25,0.34,424.0,0.43,368.0,0.33,697.0,0.44,529.0,0.6,252.0,0.63,170.0,0.59,135.0,0.64,339.0,0.58,401.25,0.65,499.0,0.57,368.0,0.66,424.0,0.56,529.0,0.67,697.0
2026-01-07 10:16:06.496000+00:00,2026-01-07 10:16:04.037610+00:00,66.496,0.385,0.38,0.39,0.615,0.61,0.62,390.22,5.0,5.0,591.22,0.37,763.0,0.4,17.0,0.36,453.0,0.42,48.65,0.35,480.0,0.43,260.0,0.34,424.0,0.44,398.0,0.33,416.0,0.45,439.0,0.6,57.0,0.63,743.0,0.59,60.0,0.64,453.0,0.58,93.65,0.65,480.0,0.57,225.0,0.66,424.0,0.56,250.0,0.67,401.0
2026-01-07 10:16:07.320000+00:00,2026-01-07 10:16:05.048606+00:00,67.32,0.405,0.4,0.41,0.595,0.59,0.6,201.0,40.0,40.0,201.0,0.39,288.0,0.42,253.65,0.38,446.22,0.43,125.0,0.37,708.0,0.44,250.0,0.36,453.0,0.45,135.0,0.35,445.0,0.46,318.0,0.58,253.65,0.61,288.0,0.57,125.0,0.62,446.22,0.56,250.0,0.63,708.0,0.55,135.0,0.64,453.0,0.54,318.0,0.65,445.0
2026-01-07 10:16:08.509000+00:00,2026-01-07 10:16:06.053345+00:00,68.509,0.395,0.38,0.41,0.615,0.61,0.62,351.0,150.0,296.0,12.0,0.37,404.0,0.42,370.65,0.36,444.0,0.43,237.0,0.35,563.0,0.44,421.0,0.34,392.0,0.45,423.0,0.33,407.0,0.46,404.0,0.6,150.0,0.63,5.0,0.59,586.0,0.64,319.0,0.58,360.65,0.65,534.0,0.57,368.0,0.66,389.0,0.56,533.0,0.67,331.0
2026-01-07 10:16:09.528000+00:00,2026-01-07 10:16:07.063553+00:00,69.528,0.395,0.39,0.4,0.595,0.59,0.6,45.0,150.0,225.9,50.0,0.38,85.0,0.41,604.9,0.37,240.0,0.42,321.65,0.36,172.0,0.43,333.0,0.35,439.0,0.44,449.0,0.34,581.0,0.45,449.0,0.58,201.65,0.61,310.0,0.57,418.0,0.62,202.0,0.56,499.0,0.63,423.0,0.55,404.0,0.64,332.0,0.54,439.0,0.65,734.0
2026-01-07 10:16:10.393000+00:00,2026-01-07 10:16:08.069542+00:00,70.393,0.405,0.4,0.41,0.595,0.59,0.6,298.06,27.0,27.0,298.06,0.39,308.0,0.42,203.65,0.38,374.0,0.43,170.0,0.37,534.0,0.44,265.0,0.36,458.0,0.45,135.0,0.35,678.0,0.46,318.0,0.58,203.65,0.61,308.0,0.57,170.0,0.62,374.0,0.56,265.0,0.63,534.0,0.55,135.0,0.64,458.0,0.54,318.0,0.65,678.0
2026-01-07 10:16:11.563000+00:00,2026-01-07 10:16:09.091838+00:00,71.563,0.41000000000000003,0.4,0.42,0.595,0.59,0.6,288.06,238.35,40.0,288.06,0.39,318.0,0.43,120.0,0.38,374.0,0.44,90.0,0.37,534.0,0.45,135.0,0.36,458.0,0.46,283.0,0.35,678.0,0.47,484.62,0.58,233.65,0.61,318.0,0.57,135.0,0.62,374.0,0.56,125.0,0.63,534.0,0.55,205.0,0.64,528.0,0.54,283.0,0.65,678.0
2026-01-07 10:16:12.350000+00:00,2026-01-07 10:16:10.097122+00:00,72.35,0.405,0.4,0.41,0.595,0.59,0.6,328.06,40.0,40.0,328.06,0.39,318.0,0.42,143.65,0.38,374.0,0.43,135.0,0.37,494.0,0.44,195.0,0.36,498.0,0.45,135.0,0.35,749.0,0.46,283.0,0.58,143.65,0.61,318.0,0.57,225.0,0.62,464.0,0.56,195.0,0.63,404.0,0.55,135.0,0.64,498.0,0.54,283.0,0.65,749.0
2026-01-07 10:16:13.580000+00:00,2026-01-07 10:16:11.119740+00:00,73.58,0.405,0.4,0.41,0.595,0.59,0.6,303.06,40.0,110.0,303.06,0.39,318.0,0.42,143.65,0.38,464.0,0.43,225.0,0.37,404.0,0.44,195.0,0.36,498.0,0.45,174.8,0.35,749.0,0.46,283.0,0.58,213.65,0.61,318.0,0.57,519.0,0.62,464.0,0.56,195.0,0.63,404.0,0.55,174.8,0.64,498.0,0.54,283.0,0.65,525.0
2026-01-07 10:16:14.580000+00:00,2026-01-07 10:16:12.124610+00:00,74.58,0.405,0.4,0.41,0.595,0.59,0.6,243.06,75.0,80.0,268.06,0.39,313.0,0.42,218.65,0.38,504.0,0.43,494.0,0.37,472.0,0.44,180.0,0.36,683.0,0.45,174.8,0.35,454.0,0.46,318.0,0.58,253.65,0.61,363.0,0.57,494.0,0.62,449.0,0.56,195.0,0.63,444.0,0.55,174.8,0.64,752.0,0.54,318.0,0.65,454.0
2026-01-07 10:16:15.457000+00:00,2026-01-07 10:16:13.131180+00:00,75.457,0.415,0.41,0.42,0.585,0.58,0.59,75.0,188.65,188.65,75.0,0.4,323.06,0.43,464.0,0.39,474.0,0.44,290.0,0.38,359.0,0.45,189.8,0.37,738.0,0.46,135.0,0.36,528.0,0.47,484.62,0.57,464.0,0.6,323.06,0.56,290.0,0.61,474.0,0.55,189.8,0.62,359.0,0.54,135.0,0.63,738.0,0.53,484.62,0.64,528.0
2026-01-07 10:16:16.618000+00:00,2026-01-07 10:16:14.151499+00:00,76.618,0.41000000000000003,0.4,0.42,0.595,0.59,0.6,238.06,274.65,10.0,243.06,0.39,409.0,0.43,384.0,0.38,359.0,0.44,285.0,0.37,698.0,0.45,174.8,0.36,459.0,0.46,135.0,0.35,439.0,0.47,484.62,0.58,323.65,0.61,474.0,0.57,384.0,0.62,459.0,0.56,285.0,0.63,738.0,0.55,174.8,0.64,528.0,0.54,135.0,0.65,439.0
2026-01-07 10:16:17.543000+00:00,2026-01-07 10:16:16.159532+00:00,77.543,0.405,0.4,0.41,0.595,0.59,0.6,243.06,10.0,10.0,243.06,0.39,474.0,0.42,323.65,0.38,459.0,0.43,474.0,0.37,738.0,0.44,195.0,0.36,528.0,0.45,174.8,0.35,439.0,0.46,135.0,0.58,323.65,0.61,474.0,0.57,474.0,0.62,459.0,0.56,195.0,0.63,738.0,0.55,174.8,0.64,528.0,0.54,135.0,0.65,439.0
2026-01-07 10:16:19.617000+00:00,2026-01-07 10:16:17.163689+00:00,79.617,0.405,0.4,0.41,0.595,0.59,0.6,243.06,80.0,80.0,243.06,0.39,474.0,0.42,253.65,0.38,459.0,0.43,474.0,0.37,738.0,0.44,195.0,0.36,528.0,0.45,174.8,0.35,439.0,0.46,135.0,0.58,253.65,0.61,474.0,0.57,474.0,0.62,459.0,0.56,195.0,0.63,738.0,0.55,174.8,0.64,528.0,0.54,135.0,0.65,439.0
2026-01-07 10:16:20.292000+00:00,2026-01-07 10:16:18.187021+00:00,80.292,0.405,0.4,0.41,0.595,0.59,0.6,222.76,80.0,70.0,227.76,0.39,474.0,0.42,253.65,0.38,459.0,0.43,494.0,0.37,738.0,0.44,195.0,0.36,528.0,0.45,174.8,0.35,439.0,0.46,135.0,0.58,118.65,0.61,439.0,0.57,549.0,0.62,449.0,0.56,195.0,0.63,738.0,0.55,174.8,0.64,528.0,0.54,135.0,0.65,439.0
2026-01-07 10:16:21.571000+00:00,2026-01-07 10:16:19.192087+00:00,81.571,0.405,0.4,0.41,0.595,0.59,0.6,263.09,70.0,70.0,278.09,0.39,419.0,0.42,123.65,0.38,449.0,0.43,589.0,0.37,738.0,0.44,195.0,0.36,528.0,0.45,174.8,0.35,439.0,0.46,135.0,0.58,123.65,0.61,419.0,0.57,589.0,0.62,449.0,0.56,195.0,0.63,738.0,0.55,174.8,0.64,528.0,0.54,135.0,0.65,439.0
2026-01-07 10:16:22.672000+00:00,2026-01-07 10:16:20.215210+00:00,82.672,0.405,0.4,0.41,0.585,0.58,0.59,293.09,65.0,88.65,197.0,0.39,404.0,0.42,123.65,0.38,449.0,0.43,589.0,0.37,738.0,0.44,180.0,0.36,528.0,0.45,189.8,0.35,439.0,0.46,135.0,0.57,449.0,0.6,313.09,0.56,170.0,0.61,369.0,0.55,189.8,0.62,474.0,0.54,135.0,0.63,514.0,0.53,519.62,0.64,528.0
2026-01-07 10:16:23.631000+00:00,2026-01-07 10:16:21.221188+00:00,83.631,0.42,0.41,0.43,0.575,0.57,0.58,242.49,573.14,374.0,60.0,0.4,318.09,0.44,265.0,0.39,449.0,0.45,189.8,0.38,394.0,0.46,135.0,0.37,514.0,0.47,398.62,0.36,528.0,0.48,527.0,0.56,280.0,0.59,227.49,0.55,189.8,0.6,318.09,0.54,135.0,0.61,449.0,0.53,398.62,0.62,394.0,0.52,527.0,0.63,514.0
2026-01-07 10:16:24.678000+00:00,2026-01-07 10:16:22.225217+00:00,84.678,0.425,0.42,0.43,0.575,0.57,0.58,80.0,334.0,334.0,80.0,0.41,287.49,0.44,300.0,0.4,273.09,0.45,279.8,0.39,359.0,0.46,135.0,0.38,524.0,0.47,398.62,0.37,522.0,0.48,479.0,0.56,300.0,0.59,287.49,0.55,279.8,0.6,273.09,0.54,135.0,0.61,359.0,0.53,398.62,0.62,524.0,0.52,479.0,0.63,522.0
2026-01-07 10:16:25.630000+00:00,2026-01-07 10:16:23.245565+00:00,85.63,0.425,0.42,0.43,0.575,0.57,0.58,80.0,404.0,404.0,80.0,0.41,287.49,0.44,230.0,0.4,394.09,0.45,279.8,0.39,359.0,0.46,135.0,0.38,524.0,0.47,398.62,0.37,522.0,0.48,479.0,0.56,230.0,0.59,287.49,0.55,240.0,0.6,484.09,0.54,135.0,0.61,359.0,0.53,398.62,0.62,434.0,0.52,479.0,0.63,522.0
2026-01-07 10:16:26.619000+00:00,2026-01-07 10:16:24.249909+00:00,86.619,0.425,0.42,0.43,0.575,0.57,0.58,80.0,404.0,394.48,80.0,0.41,307.49,0.44,230.0,0.4,464.09,0.45,240.0,0.39,359.0,0.46,135.0,0.38,504.0,0.47,398.62,0.37,522.0,0.48,479.0,0.56,230.0,0.59,307.49,0.55,240.0,0.6,464.09,0.54,135.0,0.61,359.0,0.53,398.62,0.62,728.0,0.52,479.0,0.63,522.0
2026-01-07 10:16:27.413000+00:00,2026-01-07 10:16:25.255051+00:00,87.413,0.425,0.42,0.43,0.575,0.57,0.58,65.0,394.48,394.48,105.0,0.41,307.49,0.44,230.0,0.4,374.09,0.45,240.0,0.39,490.0,0.46,135.0,0.38,754.0,0.47,398.62,0.37,454.0,0.48,479.0,0.56,230.0,0.59,307.49,0.55,240.0,0.6,374.09,0.54,135.0,0.61,490.0,0.53,433.92,0.62,754.0,0.52,479.0,0.63,454.0
2026-01-07 10:16:28.621000+00:00,2026-01-07 10:16:26.260225+00:00,88.621,0.425,0.42,0.43,0.575,0.57,0.58,20.0,230.48,230.48,15.0,0.41,307.49,0.44,215.0,0.4,374.09,0.45,150.0,0.39,519.0,0.46,135.0,0.38,728.0,0.47,433.92,0.37,522.0,0.48,479.0,0.56,215.0,0.59,307.49,0.55,150.0,0.6,374.09,0.54,225.0,0.61,560.0,0.53,433.92,0.62,754.0,0.52,479.0,0.63,454.0
2026-01-07 10:16:29.735000+00:00,2026-01-07 10:16:27.267753+00:00,89.735,0.425,0.42,0.43,0.575,0.57,0.58,100.0,140.48,140.48,100.0,0.41,257.49,0.44,170.0,0.4,339.09,0.45,150.0,0.39,519.0,0.46,240.0,0.38,728.0,0.47,433.92,0.37,522.0,0.48,479.0,0.56,180.0,0.59,277.49,0.55,155.0,0.6,339.09,0.54,240.0,0.61,519.0,0.53,433.92,0.62,728.0,0.52,479.0,0.63,522.0
2026-01-07 10:16:30.725000+00:00,2026-01-07 10:16:28.271458+00:00,90.725,0.425,0.42,0.43,0.575,0.57,0.58,57.82,145.48,145.48,57.82,0.41,342.49,0.44,215.0,0.4,429.09,0.45,245.0,0.39,429.0,0.46,150.0,0.38,728.0,0.47,433.92,0.37,522.0,0.48,479.0,0.56,235.0,0.59,342.49,0.55,245.0,0.6,429.09,0.54,150.0,0.61,429.0,0.53,433.92,0.62,728.0,0.52,479.0,0.63,522.0
2026-01-07 10:16:31.622000+00:00,2026-01-07 10:16:29.291105+00:00,91.622,0.425,0.42,0.43,0.575,0.57,0.58,57.82,145.48,145.48,57.82,0.41,342.49,0.44,235.0,0.4,429.09,0.45,245.0,0.39,429.0,0.46,150.0,0.38,728.0,0.47,433.92,0.37,522.0,0.48,479.0,0.56,235.0,0.59,342.49,0.55,245.0,0.6,429.09,0.54,150.0,0.61,429.0,0.53,433.92,0.62,728.0,0.52,479.0,0.63,522.0
2026-01-07 10:16:32.770000+00:00,2026-01-07 10:16:30.298139+00:00,92.77,0.415,0.41,0.42,0.585,0.58,0.59,263.0,180.0,170.0,263.0,0.4,309.09,0.43,437.15,0.39,564.0,0.44,317.0,0.38,643.0,0.45,347.0,0.37,452.0,0.46,257.0,0.36,444.0,0.47,519.92,0.57,427.15,0.6,309.09,0.56,317.0,0.61,564.0,0.55,347.0,0.62,603.0,0.54,257.0,0.63,384.0,0.53,519.92,0.64,444.0
2026-01-07 10:16:33.707000+00:00,2026-01-07 10:16:31.321974+00:00,93.707,0.415,0.41,0.42,0.585,0.58,0.59,150.0,5.0,5.0,150.0,0.4,293.09,0.43,133.15,0.39,515.0,0.44,260.0,0.38,684.0,0.45,240.0,0.37,454.0,0.46,318.0,0.36,409.0,0.47,554.92,0.57,133.15,0.6,293.09,0.56,260.0,0.61,515.0,0.55,240.0,0.62,684.0,0.54,318.0,0.63,454.0,0.53,554.92,0.64,409.0
2026-01-07 10:16:34.745000+00:00,2026-01-07 10:16:32.311800+00:00,94.745,0.415,0.41,0.42,0.585,0.58,0.59,130.0,5.0,5.0,145.0,0.4,293.09,0.43,133.15,0.39,515.0,0.44,260.0,0.38,684.0,0.45,240.0,0.37,454.0,0.46,318.0,0.36,409.0,0.47,554.92,0.57,98.15,0.6,278.09,0.56,50.0,0.61,515.0,0.55,90.0,0.62,684.0,0.54,348.0,0.63,454.0,0.53,569.92,0.64,409.0
2026-01-07 10:16:35.776000+00:00,2026-01-07 10:16:33.318993+00:00,95.776,0.46499999999999997,0.46,0.47,0.535,0.53,0.54,82.0,429.62,429.62,82.0,0.45,172.0,0.48,230.0,0.44,162.0,0.49,120.0,0.43,309.85,0.5,250.0,0.42,439.0,0.51,160.0,0.41,384.0,0.52,449.0,0.52,265.0,0.55,207.0,0.51,130.0,0.56,172.0,0.5,250.0,0.57,463.85,0.49,195.0,0.58,534.0,0.48,484.0,0.59,419.0
2026-01-07 10:16:36.678000+00:00,2026-01-07 10:16:34.338710+00:00,96.678,0.46499999999999997,0.46,0.47,0.535,0.53,0.54,308.0,5.62,5.62,293.0,0.45,298.0,0.48,175.0,0.44,273.0,0.49,265.0,0.43,443.85,0.5,285.0,0.42,668.0,0.51,195.0,0.41,384.0,0.52,484.0,0.52,175.0,0.55,298.0,0.51,265.0,0.56,273.0,0.5,285.0,0.57,443.85,0.49,195.0,0.58,668.0,0.48,484.0,0.59,384.0
2026-01-07 10:16:37.773000+00:00,2026-01-07 10:16:35.344116+00:00,97.773,0.46499999999999997,0.46,0.47,0.535,0.53,0.54,313.0,5.62,5.62,313.0,0.45,298.0,0.48,175.0,0.44,394.0,0.49,265.0,0.43,443.85,0.5,285.0,0.42,668.0,0.51,195.0,0.41,454.0,0.52,484.0,0.52,175.0,0.55,298.0,0.51,265.0,0.56,394.0,0.5,285.0,0.57,443.85,0.49,195.0,0.58,668.0,0.48,484.0,0.59,454.0
2026-01-07 10:16:38.744000+00:00,2026-01-07 10:16:36.341190+00:00,98.744,0.46499999999999997,0.46,0.47,0.535,0.53,0.54,288.0,5.62,5.62,278.0,0.45,298.0,0.48,290.0,0.44,304.0,0.49,315.0,0.43,443.85,0.5,195.0,0.42,608.0,0.51,195.0,0.41,454.0,0.52,484.0,0.52,290.0,0.55,298.0,0.51,315.0,0.56,304.0,0.5,195.0,0.57,443.85,0.49,195.0,0.58,668.0,0.48,484.0,0.59,454.0
2026-01-07 10:16:39.801000+00:00,2026-01-07 10:16:37.346835+00:00,99.801,0.46499999999999997,0.46,0.47,0.535,0.53,0.54,313.0,75.62,5.62,318.0,0.45,263.0,0.48,255.0,0.44,309.0,0.49,544.0,0.43,578.85,0.5,160.0,0.42,454.0,0.51,195.0,0.41,419.0,0.52,512.6,0.52,155.0,0.55,273.0,0.51,614.0,0.56,344.0,0.5,190.0,0.57,837.85,0.49,195.0,0.58,454.0,0.48,512.6,0.59,419.0
2026-01-07 10:16:40.809000+00:00,2026-01-07 10:16:38.355272+00:00,100.809,0.475,0.47,0.48,0.525,0.52,0.53,187.38,105.0,105.0,187.38,0.46,303.0,0.49,609.0,0.45,273.0,0.5,170.0,0.44,329.0,0.51,195.0,0.43,688.85,0.52,484.0,0.42,529.0,0.53,389.1,0.51,619.0,0.54,303.0,0.5,170.0,0.55,273.0,0.49,195.0,0.56,329.0,0.48,484.0,0.57,703.85,0.47,389.1,0.58,514.0
2026-01-07 10:16:41.766000+00:00,2026-01-07 10:16:39.358850+00:00,101.766,0.475,0.47,0.48,0.525,0.52,0.53,176.03,260.0,260.0,176.03,0.46,258.0,0.49,504.0,0.45,323.0,0.5,170.0,0.44,329.0,0.51,195.0,0.43,762.85,0.52,484.0,0.42,544.0,0.53,390.2,0.51,504.0,0.54,258.0,0.5,170.0,0.55,323.0,0.49,195.0,0.56,329.0,0.48,484.0,0.57,762.85,0.47,390.2,0.58,544.0
2026-01-07 10:16:42.827000+00:00,2026-01-07 10:16:40.364466+00:00,102.827,0.485,0.48,0.49,0.515,0.51,0.52,110.0,80.0,5.0,160.0,0.47,242.58,0.5,240.0,0.46,253.0,0.51,190.0,0.45,429.0,0.52,499.0,0.44,386.0,0.53,390.2,0.43,475.85,0.54,475.48,0.5,170.0,0.53,267.58,0.49,250.0,0.54,238.0,0.48,499.0,0.55,384.0,0.47,390.2,0.56,329.0,0.46,475.48,0.57,475.85
2026-01-07 10:16:43.811000+00:00,2026-01-07 10:16:41.370903+00:00,103.811,0.485,0.48,0.49,0.515,0.51,0.52,282.53,5.0,5.0,287.53,0.47,287.58,0.5,110.0,0.46,213.0,0.51,320.0,0.45,474.0,0.52,285.0,0.44,399.0,0.53,208.2,0.43,523.85,0.54,475.48,0.5,110.0,0.53,287.58,0.49,320.0,0.54,213.0,0.48,285.0,0.55,519.0,0.47,208.2,0.56,456.0,0.46,475.48,0.57,420.85
2026-01-07 10:16:44.822000+00:00,2026-01-07 10:16:42.378368+00:00,104.822,0.485,0.48,0.49,0.495,0.49,0.5,357.53,5.0,225.0,193.0,0.47,289.58,0.51,135.0,0.46,483.0,0.52,225.0,0.45,768.0,0.53,125.0,0.44,399.0,0.54,269.9,0.43,385.85,0.55,478.5,0.48,225.0,0.51,133.0,0.47,125.0,0.52,342.53,0.46,269.9,0.53,242.58,0.45,478.5,0.54,475.0,0.44,457.95,0.55,824.0
2026-01-07 10:16:45.809000+00:00,2026-01-07 10:16:43.367526+00:00,105.809,0.505,0.5,0.51,0.495,0.49,0.5,248.0,180.0,180.0,248.0,0.49,268.0,0.52,215.0,0.48,282.53,0.53,145.0,0.47,242.58,0.54,269.9,0.46,565.0,0.55,478.5,0.45,734.0,0.56,457.95,0.48,215.0,0.51,268.0,0.47,145.0,0.52,282.53,0.46,269.9,0.53,242.58,0.45,534.5,0.54,519.0,0.44,457.95,0.55,678.0
2026-01-07 10:16:46.820000+00:00,2026-01-07 10:16:44.388503+00:00,106.82,0.505,0.5,0.51,0.495,0.49,0.5,263.0,220.0,220.0,263.0,0.49,288.0,0.52,285.0,0.48,267.53,0.53,205.0,0.47,373.58,0.54,199.9,0.46,519.0,0.55,534.5,0.45,678.0,0.56,457.95,0.48,285.0,0.51,288.0,0.47,205.0,0.52,267.53,0.46,199.9,0.53,373.58,0.45,534.5,0.54,519.0,0.44,457.95,0.55,678.0
2026-01-07 10:16:47.802000+00:00,2026-01-07 10:16:45.396497+00:00,107.802,0.505,0.5,0.51,0.495,0.49,0.5,248.0,20.0,20.0,238.0,0.49,353.0,0.52,475.0,0.48,242.53,0.53,389.0,0.47,543.58,0.54,214.9,0.46,475.0,0.55,306.0,0.45,510.0,0.56,492.95,0.48,475.0,0.51,353.0,0.47,389.0,0.52,242.53,0.46,214.9,0.53,543.58,0.45,306.0,0.54,475.0,0.44,492.95,0.55,510.0
2026-01-07 10:16:48.733000+00:00,2026-01-07 10:16:46.419821+00:00,108.733,0.505,0.5,0.51,0.495,0.49,0.5,238.0,80.0,80.0,238.0,0.49,353.0,0.52,450.0,0.48,242.53,0.53,414.0,0.47,590.58,0.54,214.9,0.46,483.0,0.55,306.0,0.45,454.0,0.56,457.95,0.48,450.0,0.51,353.0,0.47,414.0,0.52,242.53,0.46,214.9,0.53,590.58,0.45,306.0,0.54,483.0,0.44,457.95,0.55,454.0
2026-01-07 10:16:49.731000+00:00,2026-01-07 10:16:47.430674+00:00,109.731,0.505,0.5,0.51,0.495,0.49,0.5,183.0,75.0,75.0,173.0,0.49,353.0,0.52,450.0,0.48,242.53,0.53,414.0,0.47,543.58,0.54,214.9,0.46,475.0,0.55,306.0,0.45,510.0,0.56,457.95,0.48,450.0,0.51,353.0,0.47,414.0,0.52,242.53,0.46,214.9,0.53,543.58,0.45,306.0,0.54,475.0,0.44,457.95,0.55,510.0
2026-01-07 10:16:50.886000+00:00,2026-01-07 10:16:48.435629+00:00,110.886,0.515,0.51,0.52,0.485,0.48,0.49,121.0,222.8,222.8,121.0,0.5,243.0,0.53,484.0,0.49,273.0,0.54,189.9,0.48,277.53,0.55,306.0,0.47,533.58,0.56,492.95,0.46,429.0,0.57,484.0,0.47,484.0,0.5,243.0,0.46,189.9,0.51,273.0,0.45,306.0,0.52,277.53,0.44,492.95,0.53,580.58,0.43,484.0,0.54,483.0
2026-01-07 10:16:51.913000+00:00,2026-01-07 10:16:49.441507+00:00,111.913,0.515,0.51,0.52,0.485,0.48,0.49,113.0,292.8,292.8,113.0,0.5,243.0,0.53,484.0,0.49,273.0,0.54,189.9,0.48,277.53,0.55,306.0,0.47,757.58,0.56,492.95,0.46,429.0,0.57,484.0,0.47,484.0,0.5,243.0,0.46,189.9,0.51,273.0,0.45,306.0,0.52,277.53,0.44,492.95,0.53,667.58,0.43,542.0,0.54,475.0
2026-01-07 10:16:52.874000+00:00,2026-01-07 10:16:50.464580+00:00,112.874,0.515,0.51,0.52,0.485,0.48,0.49,113.0,337.8,337.8,113.0,0.5,243.0,0.53,499.0,0.49,258.0,0.54,174.9,0.48,292.53,0.55,306.0,0.47,667.58,0.56,492.95,0.46,565.0,0.57,542.0,0.47,499.0,0.5,243.0,0.46,174.9,0.51,258.0,0.45,306.0,0.52,292.53,0.44,492.95,0.53,667.58,0.43,542.0,0.54,565.0
2026-01-07 10:16:53.725000+00:00,2026-01-07 10:16:51.471062+00:00,113.725,0.515,0.51,0.52,0.485,0.48,0.49,108.67,297.8,297.8,108.67,0.5,243.0,0.53,499.0,0.49,258.0,0.54,174.9,0.48,292.53,0.55,306.0,0.47,667.58,0.56,492.95,0.46,565.0,0.57,542.0,0.47,499.0,0.5,243.0,0.46,174.9,0.51,258.0,0.45,306.0,0.52,292.53,0.44,492.95,0.53,714.58,0.43,484.0,0.54,573.0
2026-01-07 10:16:54.420000+00:00,2026-01-07 10:16:52.479428+00:00,114.42,0.515,0.51,0.52,0.485,0.48,0.49,108.67,317.8,317.8,123.67,0.5,243.0,0.53,499.0,0.49,258.0,0.54,174.9,0.48,292.53,0.55,306.0,0.47,714.58,0.56,492.95,0.46,573.0,0.57,484.0,0.47,499.0,0.5,243.0,0.46,174.9,0.51,273.0,0.45,306.0,0.52,277.53,0.44,492.95,0.53,667.58,0.43,542.0,0.54,565.0
2026-01-07 10:16:55.802000+00:00,2026-01-07 10:16:53.488673+00:00,115.802,0.515,0.51,0.52,0.485,0.48,0.49,98.67,317.8,337.8,98.67,0.5,243.0,0.53,499.0,0.49,258.0,0.54,174.9,0.48,292.53,0.55,306.0,0.47,667.58,0.56,492.95,0.46,565.0,0.57,542.0,0.47,449.0,0.5,183.0,0.46,164.9,0.51,258.0,0.45,306.0,0.52,277.53,0.44,492.95,0.53,597.58,0.43,522.0,0.54,595.0
2026-01-07 10:16:56.966000+00:00,2026-01-07 10:16:54.505806+00:00,116.966,0.475,0.47,0.48,0.525,0.52,0.53,143.65,20.0,15.0,143.65,0.46,90.0,0.49,215.0,0.45,333.0,0.5,105.0,0.44,633.0,0.51,308.0,0.43,394.85,0.52,574.8,0.42,464.0,0.53,518.2,0.51,175.0,0.54,105.0,0.5,115.0,0.55,313.0,0.49,308.0,0.56,633.0,0.48,574.8,0.57,394.85,0.47,518.2,0.58,464.0
2026-01-07 10:16:57.921000+00:00,2026-01-07 10:16:55.512246+00:00,117.921,0.475,0.47,0.48,0.525,0.52,0.53,138.65,12.91,9.91,138.65,0.46,303.0,0.49,90.0,0.45,238.0,0.5,70.0,0.44,623.0,0.51,245.0,0.43,394.85,0.52,325.8,0.42,499.0,0.53,518.2,0.51,90.0,0.54,303.0,0.5,70.0,0.55,238.0,0.49,245.0,0.56,623.0,0.48,325.8,0.57,394.85,0.47,518.2,0.58,499.0
2026-01-07 10:16:58.957000+00:00,2026-01-07 10:16:56.517211+00:00,118.957,0.485,0.48,0.49,0.515,0.51,0.52,65.0,200.0,200.0,65.0,0.47,133.65,0.5,45.0,0.46,353.0,0.51,135.0,0.45,263.0,0.52,395.8,0.44,623.0,0.53,516.4,0.43,359.85,0.54,538.0,0.5,45.0,0.53,133.65,0.49,135.0,0.54,353.0,0.48,395.8,0.55,263.0,0.47,516.4,0.56,623.0,0.46,538.0,0.57,359.85
2026-01-07 10:16:59.997000+00:00,2026-01-07 10:16:57.522299+00:00,119.997,0.485,0.48,0.49,0.515,0.51,0.52,80.0,165.0,125.0,145.0,0.47,123.65,0.5,120.0,0.46,348.0,0.51,95.0,0.45,278.0,0.52,375.8,0.44,623.0,0.53,516.4,0.43,429.85,0.54,538.0,0.5,150.0,0.53,148.65,0.49,95.0,0.54,318.0,0.48,375.8,0.55,278.0,0.47,516.4,0.56,623.0,0.46,538.0,0.57,429.85
2026-01-07 10:17:01.007000+00:00,2026-01-07 10:16:58.544616+00:00,121.007,0.485,0.48,0.49,0.515,0.51,0.52,135.0,195.0,195.0,155.0,0.47,295.65,0.5,190.0,0.46,298.0,0.51,180.0,0.45,399.0,0.52,137.8,0.44,623.0,0.53,516.4,0.43,430.85,0.54,484.0,0.5,160.0,0.53,356.65,0.49,210.0,0.54,298.0,0.48,137.8,0.55,399.0,0.47,516.4,0.56,623.0,0.46,484.0,0.57,385.85
2026-01-07 10:17:02.992000+00:00,2026-01-07 10:17:00.551884+00:00,122.992,0.485,0.48,0.49,0.515,0.51,0.52,102.76,170.65,185.65,85.0,0.47,331.65,0.5,394.0,0.46,333.0,0.51,195.0,0.45,399.0,0.52,122.8,0.44,693.0,0.53,516.4,0.43,429.85,0.54,538.0,0.5,429.0,0.53,356.65,0.49,190.0,0.54,308.0,0.48,147.8,0.55,399.0,0.47,516.4,0.56,693.0,0.46,484.0,0.57,523.85
2026-01-07 10:17:04.980000+00:00,2026-01-07 10:17:02.566983+00:00,124.98,0.485,0.48,0.49,0.515,0.51,0.52,90.0,105.0,105.0,115.0,0.47,361.65,0.5,414.0,0.46,308.0,0.51,185.0,0.45,384.0,0.52,345.8,0.44,693.0,0.53,516.4,0.43,523.85,0.54,484.0,0.5,419.0,0.53,381.65,0.49,185.0,0.54,308.0,0.48,345.8,0.55,384.0,0.47,516.4,0.56,693.0,0.46,484.0,0.57,420.85
2026-01-07 10:17:06.037000+00:00,2026-01-07 10:17:03.586927+00:00,126.037,0.485,0.48,0.49,0.515,0.51,0.52,110.0,105.0,105.0,110.0,0.47,381.65,0.5,549.0,0.46,308.0,0.51,145.0,0.45,474.0,0.52,162.8,0.44,603.0,0.53,516.4,0.43,523.85,0.54,484.0,0.5,549.0,0.53,381.65,0.49,145.0,0.54,293.0,0.48,162.8,0.55,489.0,0.47,516.4,0.56,603.0,0.46,484.0,0.57,523.85
2026-01-07 10:17:07.049000+00:00,2026-01-07 10:17:04.591028+00:00,127.049,0.505,0.5,0.51,0.485,0.48,0.49,45.0,65.0,70.0,83.0,0.49,95.0,0.52,10.0,0.48,262.0,0.53,695.4,0.47,482.65,0.54,449.0,0.46,465.0,0.55,504.0,0.45,495.0,0.56,457.95,0.47,750.4,0.5,193.0,0.46,479.0,0.51,95.0,0.45,559.0,0.52,636.0,0.44,492.95,0.53,644.65,0.43,484.0,0.54,543.0
2026-01-07 10:17:08.036000+00:00,2026-01-07 10:17:05.595651+00:00,128.036,0.525,0.52,0.53,0.475,0.47,0.48,60.0,434.0,434.0,56.93,0.51,242.8,0.54,225.0,0.5,328.0,0.55,255.0,0.49,273.0,0.56,507.95,0.48,597.0,0.57,484.0,0.47,544.65,0.58,509.0,0.46,225.0,0.49,242.8,0.45,115.0,0.5,328.0,0.44,577.95,0.51,273.0,0.43,484.0,0.52,597.0,0.42,509.0,0.53,544.65
2026-01-07 10:17:09+00:00,2026-01-07 10:17:06.601838+00:00,129.0,0.525,0.52,0.53,0.475,0.47,0.48,56.93,359.0,359.0,56.93,0.51,242.8,0.54,225.0,0.5,328.0,0.55,130.0,0.49,273.0,0.56,562.95,0.48,645.0,0.57,484.0,0.47,497.65,0.58,449.0,0.46,225.0,0.49,242.8,0.45,130.0,0.5,328.0,0.44,562.95,0.51,273.0,0.43,484.0,0.52,645.0,0.42,449.0,0.53,497.65
2026-01-07 10:17:10.974000+00:00,2026-01-07 10:17:08.617402+00:00,130.974,0.545,0.54,0.55,0.455,0.45,0.46,266.0,130.0,130.0,266.0,0.53,313.0,0.56,203.95,0.52,273.0,0.57,439.0,0.51,232.8,0.58,216.0,0.5,713.0,0.59,374.51,0.49,503.0,0.6,592.0,0.44,203.95,0.47,313.0,0.43,439.0,0.48,273.0,0.42,216.0,0.49,232.8,0.41,374.51,0.5,713.0,0.4,592.0,0.51,503.0
2026-01-07 10:17:12.081000+00:00,2026-01-07 10:17:09.625188+00:00,132.081,0.545,0.54,0.55,0.455,0.45,0.46,266.0,130.0,95.0,238.0,0.53,313.0,0.56,158.95,0.52,273.0,0.57,469.0,0.51,232.8,0.58,161.0,0.5,713.0,0.59,374.51,0.49,503.0,0.6,592.0,0.44,228.95,0.47,348.0,0.43,374.0,0.48,248.0,0.42,161.0,0.49,327.8,0.41,444.51,0.5,469.0,0.4,627.0,0.51,503.0
2026-01-07 10:17:13.084000+00:00,2026-01-07 10:17:10.630713+00:00,133.084,0.555,0.55,0.56,0.445,0.44,0.45,127.0,121.8,136.8,127.0,0.54,246.51,0.57,484.0,0.53,298.0,0.58,161.0,0.52,358.0,0.59,444.51,0.51,327.8,0.6,627.0,0.5,469.0,0.61,449.0,0.43,494.0,0.46,241.51,0.42,231.0,0.47,298.0,0.41,444.51,0.48,358.0,0.4,627.0,0.49,327.8,0.39,449.0,0.5,469.0
2026-01-07 10:17:14.077000+00:00,2026-01-07 10:17:11.619559+00:00,134.077,0.555,0.55,0.56,0.445,0.44,0.45,201.0,56.8,56.8,216.0,0.54,286.51,0.57,205.0,0.53,238.0,0.58,296.0,0.52,612.0,0.59,389.51,0.51,448.8,0.6,564.0,0.5,504.0,0.61,513.0,0.43,165.0,0.46,246.51,0.42,391.0,0.47,248.0,0.41,389.51,0.48,803.0,0.4,564.0,0.49,448.8,0.39,513.0,0.5,504.0
2026-01-07 10:17:15.045000+00:00,2026-01-07 10:17:12.621925+00:00,135.045,0.575,0.57,0.58,0.425,0.42,0.43,110.0,250.0,175.0,110.0,0.56,241.2,0.59,348.51,0.55,206.0,0.6,426.0,0.54,186.51,0.61,484.0,0.53,383.0,0.62,550.0,0.52,698.0,0.63,449.0,0.41,443.51,0.44,246.2,0.4,305.0,0.45,201.0,0.39,301.0,0.46,186.51,0.38,550.0,0.47,293.0,0.37,449.0,0.48,698.0
2026-01-07 10:17:16.011000+00:00,2026-01-07 10:17:13.628414+00:00,136.011,0.575,0.57,0.58,0.42,0.41,0.43,110.0,190.0,452.51,177.0,0.56,246.2,0.59,353.51,0.55,291.0,0.6,395.0,0.54,201.51,0.61,365.0,0.53,278.0,0.62,484.0,0.52,698.0,0.63,449.0,0.4,395.0,0.44,221.2,0.39,380.0,0.45,256.0,0.38,484.0,0.46,176.51,0.37,449.0,0.47,454.0,0.36,449.0,0.48,474.0
2026-01-07 10:17:17.011000+00:00,2026-01-07 10:17:14.632174+00:00,137.011,0.585,0.58,0.59,0.415,0.41,0.42,5.0,397.51,397.51,5.0,0.57,328.0,0.6,485.0,0.56,246.2,0.61,316.0,0.55,176.0,0.62,585.5,0.54,301.51,0.63,484.0,0.53,454.0,0.64,449.0,0.4,485.0,0.43,323.0,0.39,316.0,0.44,246.2,0.38,585.5,0.45,176.0,0.37,484.0,0.46,301.51,0.36,449.0,0.47,454.0
2026-01-07 10:17:18.082000+00:00,2026-01-07 10:17:15.624088+00:00,138.082,0.575,0.57,0.58,0.425,0.42,0.43,203.26,75.0,55.0,203.26,0.56,281.2,0.59,545.34,0.55,191.0,0.6,345.0,0.54,391.51,0.61,365.0,0.53,454.0,0.62,519.5,0.52,454.0,0.63,449.0,0.41,545.34,0.44,281.2,0.4,345.0,0.45,191.0,0.39,365.0,0.46,391.51,0.38,519.5,0.47,454.0,0.37,449.0,0.48,454.0
2026-01-07 10:17:19.821000+00:00,2026-01-07 10:17:17.633866+00:00,139.821,0.575,0.57,0.58,0.425,0.42,0.43,70.0,20.0,20.0,70.0,0.56,281.2,0.59,570.34,0.55,191.0,0.6,320.0,0.54,391.51,0.61,301.0,0.53,454.0,0.62,585.5,0.52,454.0,0.63,484.0,0.41,565.34,0.44,281.2,0.4,320.0,0.45,191.0,0.39,301.0,0.46,391.51,0.38,585.5,0.47,678.0,0.37,484.0,0.48,454.0
2026-01-07 10:17:21.093000+00:00,2026-01-07 10:17:18.641917+00:00,141.093,0.575,0.57,0.58,0.425,0.42,0.43,131.0,182.82,112.82,114.19,0.56,256.2,0.59,535.34,0.55,201.0,0.6,250.0,0.54,311.51,0.61,365.0,0.53,768.0,0.62,519.5,0.52,454.0,0.63,484.0,0.41,545.34,0.44,266.2,0.4,250.0,0.45,201.0,0.39,365.0,0.46,311.51,0.38,519.5,0.47,768.0,0.37,484.0,0.48,454.0
2026-01-07 10:17:22.088000+00:00,2026-01-07 10:17:19.647681+00:00,142.088,0.58,0.57,0.59,0.42,0.41,0.43,53.19,502.93,555.93,53.19,0.56,266.2,0.6,250.0,0.55,201.0,0.61,365.0,0.54,401.51,0.62,519.5,0.53,678.0,0.63,484.0,0.52,454.0,0.64,449.0,0.4,250.0,0.44,266.2,0.39,365.0,0.45,201.0,0.38,519.5,0.46,401.51,0.37,484.0,0.47,678.0,0.36,449.0,0.48,454.0
2026-01-07 10:17:23.020000+00:00,2026-01-07 10:17:20.666298+00:00,143.02,0.58,0.57,0.59,0.42,0.41,0.43,53.19,543.51,563.51,46.53,0.56,266.2,0.6,250.0,0.55,201.0,0.61,365.0,0.54,401.51,0.62,519.5,0.53,678.0,0.63,484.0,0.52,454.0,0.64,449.0,0.4,250.0,0.44,266.2,0.39,301.0,0.45,206.0,0.38,519.5,0.46,401.51,0.37,484.0,0.47,678.0,0.36,449.0,0.48,454.0
2026-01-07 10:17:24.065000+00:00,2026-01-07 10:17:21.673110+00:00,144.065,0.585,0.58,0.59,0.415,0.41,0.42,5.0,503.51,493.51,5.0,0.57,61.53,0.6,275.0,0.56,381.2,0.61,316.0,0.55,236.0,0.62,585.5,0.54,391.51,0.63,484.0,0.53,678.0,0.64,449.0,0.4,305.0,0.43,101.53,0.39,316.0,0.44,331.2,0.38,585.5,0.45,236.0,0.37,484.0,0.46,391.51,0.36,449.0,0.47,678.0
2026-01-07 10:17:25.073000+00:00,2026-01-07 10:17:22.679752+00:00,145.073,0.585,0.58,0.59,0.415,0.41,0.42,10.0,403.51,403.51,10.0,0.57,111.53,0.6,410.0,0.56,301.2,0.61,301.0,0.55,266.0,0.62,585.5,0.54,301.51,0.63,484.0,0.53,678.0,0.64,449.0,0.4,395.0,0.43,101.53,0.39,380.0,0.44,311.2,0.38,519.5,0.45,266.0,0.37,484.0,0.46,391.51,0.36,449.0,0.47,678.0
2026-01-07 10:17:26.143000+00:00,2026-01-07 10:17:23.686186+00:00,146.143,0.58,0.57,0.59,0.425,0.42,0.43,56.63,445.86,15.0,56.63,0.56,356.2,0.6,270.0,0.55,266.0,0.61,365.0,0.54,391.51,0.62,519.5,0.53,678.0,0.63,484.0,0.52,454.0,0.64,449.0,0.41,465.86,0.44,336.2,0.4,250.0,0.45,266.0,0.39,365.0,0.46,391.51,0.38,519.5,0.47,678.0,0.37,484.0,0.48,454.0
2026-01-07 10:17:27.132000+00:00,2026-01-07 10:17:24.689407+00:00,147.132,0.58,0.57,0.59,0.42,0.41,0.43,56.63,590.86,590.86,56.63,0.56,336.2,0.6,250.0,0.55,286.0,0.61,365.0,0.54,391.51,0.62,519.5,0.53,678.0,0.63,484.0,0.52,454.0,0.64,449.0,0.4,250.0,0.44,336.2,0.39,365.0,0.45,286.0,0.38,519.5,0.46,391.51,0.37,484.0,0.47,678.0,0.36,449.0,0.48,454.0
2026-01-07 10:17:28.084000+00:00,2026-01-07 10:17:25.678831+00:00,148.084,0.575,0.57,0.58,0.425,0.42,0.43,56.63,20.0,15.0,56.63,0.56,336.2,0.59,575.86,0.55,286.0,0.6,250.0,0.54,391.51,0.61,365.0,0.53,678.0,0.62,519.5,0.52,454.0,0.63,484.0,0.41,575.86,0.44,336.2,0.4,250.0,0.45,286.0,0.39,301.0,0.46,391.51,0.38,585.5,0.47,678.0,0.37,484.0,0.48,454.0
2026-01-07 10:17:29.909000+00:00,2026-01-07 10:17:27.694992+00:00,149.909,0.575,0.57,0.58,0.425,0.42,0.43,0.34,95.0,20.0,60.34,0.56,225.0,0.59,560.86,0.55,276.0,0.6,250.0,0.54,401.51,0.61,548.0,0.53,557.0,0.62,519.5,0.52,454.0,0.63,484.0,0.41,575.86,0.44,210.0,0.4,250.0,0.45,276.0,0.39,548.0,0.46,401.51,0.38,519.5,0.47,557.0,0.37,484.0,0.48,454.0
2026-01-07 10:17:31.120000+00:00,2026-01-07 10:17:28.685860+00:00,151.12,0.575,0.57,0.58,0.425,0.42,0.43,0.34,95.77,76.13,0.34,0.56,225.0,0.59,589.06,0.55,276.0,0.6,250.0,0.54,401.51,0.61,548.0,0.53,557.0,0.62,484.0,0.52,454.0,0.63,484.0,0.41,569.06,0.44,225.0,0.4,250.0,0.45,276.0,0.39,548.0,0.46,401.51,0.38,484.0,0.47,557.0,0.37,484.0,0.48,454.0
2026-01-07 10:17:32.089000+00:00,2026-01-07 10:17:29.697008+00:00,152.089,0.575,0.57,0.58,0.425,0.42,0.43,0.34,94.13,94.13,0.34,0.56,240.0,0.59,584.06,0.55,261.0,0.6,250.0,0.54,401.51,0.61,548.0,0.53,557.0,0.62,484.0,0.52,454.0,0.63,484.0,0.41,584.06,0.44,240.0,0.4,250.0,0.45,261.0,0.39,548.0,0.46,401.51,0.38,484.0,0.47,557.0,0.37,484.0,0.48,454.0
2026-01-07 10:17:33.146000+00:00,2026-01-07 10:17:30.701579+00:00,153.146,0.5700000000000001,0.56,0.58,0.43,0.42,0.44,238.11,119.13,86.13,238.11,0.55,261.0,0.59,580.66,0.54,401.51,0.6,250.0,0.53,557.0,0.61,548.0,0.52,454.0,0.62,484.0,0.51,398.8,0.63,484.0,0.41,580.66,0.45,261.0,0.4,250.0,0.46,401.51,0.39,548.0,0.47,557.0,0.38,484.0,0.48,454.0,0.37,484.0,0.49,398.8
2026-01-07 10:17:34.055000+00:00,2026-01-07 10:17:31.705857+00:00,154.055,0.575,0.57,0.58,0.425,0.42,0.43,35.0,85.0,85.0,40.0,0.56,213.11,0.59,585.66,0.55,286.0,0.6,313.0,0.54,401.51,0.61,484.0,0.53,557.0,0.62,484.0,0.52,419.0,0.63,484.0,0.41,585.66,0.44,213.11,0.4,313.0,0.45,286.0,0.39,484.0,0.46,401.51,0.38,484.0,0.47,557.0,0.37,484.0,0.48,419.0
2026-01-07 10:17:35.120000+00:00,2026-01-07 10:17:32.694523+00:00,155.12,0.575,0.57,0.58,0.425,0.42,0.43,5.0,220.0,290.0,5.0,0.56,103.11,0.59,536.86,0.55,241.0,0.6,404.7,0.54,416.51,0.61,484.0,0.53,557.0,0.62,484.0,0.52,454.0,0.63,449.0,0.41,536.86,0.44,103.11,0.4,465.7,0.45,133.0,0.39,484.0,0.46,416.51,0.38,484.0,0.47,557.0,0.37,449.0,0.48,454.0
2026-01-07 10:17:36.159000+00:00,2026-01-07 10:17:33.699592+00:00,156.159,0.505,0.5,0.51,0.495,0.49,0.5,5.0,298.0,487.0,5.0,0.49,30.0,0.52,71.0,0.48,80.0,0.53,218.0,0.47,168.65,0.54,271.0,0.46,253.0,0.55,323.0,0.45,663.0,0.56,368.0,0.48,213.0,0.51,115.0,0.47,499.0,0.52,80.0,0.46,363.2,0.53,225.65,0.45,379.0,0.54,233.0,0.44,434.0,0.55,618.0
2026-01-07 10:17:37.158000+00:00,2026-01-07 10:17:34.705345+00:00,157.158,0.495,0.49,0.5,0.505,0.5,0.51,94.3,203.0,25.0,89.3,0.48,70.0,0.51,502.0,0.47,184.65,0.52,193.0,0.46,323.0,0.53,354.0,0.45,563.0,0.54,453.2,0.44,279.0,0.55,384.0,0.49,414.13,0.52,75.0,0.48,193.0,0.53,244.65,0.47,354.0,0.54,333.0,0.46,506.2,0.55,563.0,0.45,384.0,0.56,279.0
2026-01-07 10:17:38.139000+00:00,2026-01-07 10:17:35.724782+00:00,158.139,0.495,0.49,0.5,0.505,0.5,0.51,92.94,25.0,25.0,92.94,0.48,110.0,0.51,414.13,0.47,204.65,0.52,193.0,0.46,333.0,0.53,354.0,0.45,563.0,0.54,482.0,0.44,279.0,0.55,423.3,0.49,414.13,0.52,110.0,0.48,193.0,0.53,204.65,0.47,354.0,0.54,333.0,0.46,482.0,0.55,563.0,0.45,423.3,0.56,279.0
2026-01-07 10:17:39.186000+00:00,2026-01-07 10:17:36.745728+00:00,159.186,0.495,0.49,0.5,0.505,0.5,0.51,182.94,21.0,21.0,182.94,0.48,348.0,0.51,319.13,0.47,274.65,0.52,60.0,0.46,524.0,0.53,218.0,0.45,409.0,0.54,383.0,0.44,349.0,0.55,513.3,0.49,319.13,0.52,348.0,0.48,60.0,0.53,274.65,0.47,218.0,0.54,524.0,0.46,383.0,0.55,409.0,0.45,513.3,0.56,349.0
2026-01-07 10:17:40.202000+00:00,2026-01-07 10:17:37.749905+00:00,160.202,0.495,0.49,0.5,0.505,0.5,0.51,177.94,21.0,21.0,475.94,0.48,448.0,0.51,319.13,0.47,264.65,0.53,243.0,0.46,524.0,0.54,304.0,0.45,409.0,0.55,549.3,0.44,364.0,0.56,389.0,0.49,5.13,0.52,509.0,0.47,183.0,0.53,370.65,0.46,304.0,0.54,560.0,0.45,657.3,0.55,465.0,0.44,329.0,0.56,364.0
2026-01-07 10:17:41.214000+00:00,2026-01-07 10:17:38.757940+00:00,161.214,0.535,0.53,0.54,0.475,0.47,0.48,30.0,65.0,178.0,183.0,0.52,228.0,0.55,523.3,0.51,313.0,0.56,155.0,0.5,338.0,0.57,579.0,0.49,416.94,0.58,514.0,0.48,349.0,0.59,529.0,0.46,491.0,0.49,282.65,0.45,286.3,0.5,373.0,0.44,398.0,0.51,451.94,0.43,579.0,0.52,628.0,0.42,514.0,0.53,422.65
2026-01-07 10:17:42.251000+00:00,2026-01-07 10:17:39.778439+00:00,162.251,0.515,0.51,0.52,0.475,0.47,0.48,134.65,48.07,90.0,72.0,0.5,75.0,0.53,50.0,0.49,127.94,0.54,527.0,0.48,597.0,0.55,367.3,0.47,372.65,0.56,459.0,0.46,443.0,0.57,489.0,0.46,527.0,0.49,121.65,0.45,418.0,0.5,70.0,0.44,491.2,0.51,112.94,0.43,489.0,0.52,587.0,0.42,514.0,0.53,352.65
2026-01-07 10:17:43.218000+00:00,2026-01-07 10:17:40.782701+00:00,163.218,0.525,0.52,0.53,0.475,0.47,0.48,35.0,50.0,50.0,30.19,0.51,119.65,0.54,399.0,0.5,110.0,0.55,418.0,0.49,285.94,0.56,491.2,0.48,487.0,0.57,489.0,0.47,352.65,0.58,514.0,0.46,399.0,0.49,119.65,0.45,418.0,0.5,110.0,0.44,491.2,0.51,375.94,0.43,489.0,0.52,487.0,0.42,514.0,0.53,352.65
2026-01-07 10:17:44.185000+00:00,2026-01-07 10:17:41.803049+00:00,164.185,0.525,0.52,0.53,0.475,0.47,0.48,90.0,50.0,50.0,90.0,0.51,124.65,0.54,399.0,0.5,293.0,0.55,235.0,0.49,360.85,0.56,491.2,0.48,487.0,0.57,489.0,0.47,352.65,0.58,514.0,0.46,399.0,0.49,124.65,0.45,235.0,0.5,293.0,0.44,491.2,0.51,360.85,0.43,489.0,0.52,487.0,0.42,514.0,0.53,352.65
2026-01-07 10:17:45.181000+00:00,2026-01-07 10:17:42.807856+00:00,165.181,0.525,0.52,0.53,0.475,0.47,0.48,55.0,40.0,30.0,55.0,0.51,124.65,0.54,409.0,0.5,293.0,0.55,235.0,0.49,360.85,0.56,491.2,0.48,487.0,0.57,489.0,0.47,422.65,0.58,514.0,0.46,409.0,0.49,124.65,0.45,235.0,0.5,283.0,0.44,491.2,0.51,360.85,0.43,489.0,0.52,487.0,0.42,514.0,0.53,422.65
2026-01-07 10:17:46.255000+00:00,2026-01-07 10:17:43.813353+00:00,166.255,0.525,0.52,0.53,0.475,0.47,0.48,105.0,20.0,20.0,105.0,0.51,402.65,0.54,334.0,0.5,398.0,0.55,320.0,0.49,330.85,0.56,405.2,0.48,678.0,0.57,489.0,0.47,414.0,0.58,514.0,0.46,334.0,0.49,402.65,0.45,320.0,0.5,398.0,0.44,405.2,0.51,350.85,0.43,489.0,0.52,678.0,0.42,514.0,0.53,414.0
2026-01-07 10:17:47.278000+00:00,2026-01-07 10:17:44.819539+00:00,167.278,0.525,0.52,0.53,0.475,0.47,0.48,85.0,20.0,20.0,85.0,0.51,422.65,0.54,394.0,0.5,418.0,0.55,280.0,0.49,350.85,0.56,385.2,0.48,678.0,0.57,489.0,0.47,422.65,0.58,514.0,0.46,394.0,0.49,422.65,0.45,190.0,0.5,418.0,0.44,385.2,0.51,350.85,0.43,489.0,0.52,678.0,0.42,514.0,0.53,422.65
2026-01-07 10:17:48.282000+00:00,2026-01-07 10:17:45.825634+00:00,168.282,0.525,0.52,0.53,0.475,0.47,0.48,85.0,20.0,20.0,85.0,0.51,422.65,0.54,394.0,0.5,418.0,0.55,180.0,0.49,350.85,0.56,475.2,0.48,678.0,0.57,489.0,0.47,422.65,0.58,514.0,0.46,404.0,0.49,422.65,0.45,180.0,0.5,418.0,0.44,475.2,0.51,350.85,0.43,489.0,0.52,678.0,0.42,514.0,0.53,422.65
2026-01-07 10:17:49.247000+00:00,2026-01-07 10:17:46.831838+00:00,169.247,0.535,0.53,0.54,0.46499999999999997,0.46,0.47,205.0,5.0,5.0,266.0,0.52,353.0,0.55,5.0,0.51,517.65,0.56,100.0,0.5,678.0,0.57,248.3,0.49,471.85,0.58,469.0,0.48,467.0,0.59,575.0,0.45,5.0,0.48,353.0,0.44,100.0,0.49,427.65,0.43,338.3,0.5,678.0,0.42,165.0,0.51,471.85,0.41,575.0,0.52,467.0
2026-01-07 10:17:50.278000+00:00,2026-01-07 10:17:47.836905+00:00,170.278,0.545,0.54,0.55,0.455,0.45,0.46,313.0,5.0,5.0,313.0,0.53,308.0,0.56,55.0,0.52,667.0,0.57,220.0,0.51,468.65,0.58,122.7,0.5,504.0,0.59,130.0,0.49,487.85,0.6,564.0,0.44,55.0,0.47,308.0,0.43,220.0,0.48,667.0,0.42,122.7,0.49,468.65,0.41,130.0,0.5,454.0,0.4,627.0,0.51,485.85
2026-01-07 10:17:51.312000+00:00,2026-01-07 10:17:48.843751+00:00,171.312,0.545,0.54,0.55,0.455,0.45,0.46,278.0,5.0,5.0,293.0,0.53,318.0,0.56,78.0,0.52,667.0,0.57,205.0,0.51,468.65,0.58,137.7,0.5,454.0,0.59,115.0,0.49,436.85,0.6,564.0,0.44,70.0,0.47,303.0,0.43,205.0,0.48,667.0,0.42,122.7,0.49,468.65,0.41,191.0,0.5,454.0,0.4,564.0,0.51,416.85
2026-01-07 10:17:52.105000+00:00,2026-01-07 10:17:49.833187+00:00,172.105,0.545,0.54,0.55,0.455,0.45,0.46,271.26,5.0,5.0,271.26,0.53,303.0,0.56,70.0,0.52,667.0,0.57,240.0,0.51,488.65,0.58,97.7,0.5,454.0,0.59,286.0,0.49,416.85,0.6,564.0,0.44,70.0,0.47,303.0,0.43,240.0,0.48,667.0,0.42,97.7,0.49,488.65,0.41,286.0,0.5,454.0,0.4,564.0,0.51,416.85
2026-01-07 10:17:53.279000+00:00,2026-01-07 10:17:50.840176+00:00,173.279,0.545,0.54,0.55,0.455,0.45,0.46,238.0,10.0,0.5,238.0,0.53,353.0,0.56,185.0,0.52,642.0,0.57,280.0,0.51,488.65,0.58,411.7,0.5,454.0,0.59,393.0,0.49,500.85,0.6,627.0,0.44,185.0,0.47,353.0,0.43,280.0,0.48,642.0,0.42,411.7,0.49,488.65,0.41,393.0,0.5,454.0,0.4,627.0,0.51,500.85
2026-01-07 10:17:54.291000+00:00,2026-01-07 10:17:51.846549+00:00,174.291,0.545,0.54,0.55,0.455,0.45,0.46,273.0,95.0,95.0,273.0,0.53,353.0,0.56,185.0,0.52,642.0,0.57,295.0,0.51,488.65,0.58,411.7,0.5,454.0,0.59,393.0,0.49,500.85,0.6,627.0,0.44,185.0,0.47,353.0,0.43,295.0,0.48,642.0,0.42,411.7,0.49,488.65,0.41,393.0,0.5,454.0,0.4,627.0,0.51,500.85
2026-01-07 10:17:55.302000+00:00,2026-01-07 10:17:52.853834+00:00,175.302,0.545,0.54,0.55,0.455,0.45,0.46,266.0,90.0,90.0,266.0,0.53,353.0,0.56,185.0,0.52,642.0,0.57,295.0,0.51,488.65,0.58,411.7,0.5,454.0,0.59,393.0,0.49,500.85,0.6,627.0,0.44,185.0,0.47,353.0,0.43,295.0,0.48,642.0,0.42,411.7,0.49,488.65,0.41,393.0,0.5,454.0,0.4,627.0,0.51,500.85
2026-01-07 10:17:56.321000+00:00,2026-01-07 10:17:53.876847+00:00,176.321,0.545,0.54,0.55,0.455,0.45,0.46,248.0,90.0,90.0,248.0,0.53,353.0,0.56,185.0,0.52,642.0,0.57,295.0,0.51,488.65,0.58,396.7,0.5,454.0,0.59,408.0,0.49,500.85,0.6,627.0,0.44,185.0,0.47,353.0,0.43,295.0,0.48,642.0,0.42,411.7,0.49,488.65,0.41,210.0,0.5,454.0,0.4,627.0,0.51,500.85
2026-01-07 10:17:57.196000+00:00,2026-01-07 10:17:54.898599+00:00,177.196,0.555,0.55,0.56,0.445,0.44,0.45,313.0,5.0,5.0,313.0,0.54,363.0,0.57,130.0,0.53,418.0,0.58,556.7,0.52,557.0,0.59,230.0,0.51,488.65,0.6,459.0,0.5,454.0,0.61,484.0,0.43,125.0,0.46,363.0,0.42,561.7,0.47,418.0,0.41,230.0,0.48,557.0,0.4,459.0,0.49,488.65,0.39,484.0,0.5,454.0
2026-01-07 10:17:58.413000+00:00,2026-01-07 10:17:55.921421+00:00,178.413,0.555,0.55,0.56,0.445,0.44,0.45,323.0,5.0,5.0,323.0,0.54,393.0,0.57,20.0,0.53,333.0,0.58,57.7,0.52,454.0,0.59,305.0,0.51,488.65,0.6,381.0,0.5,484.0,0.61,488.0,0.43,20.0,0.46,393.0,0.42,57.7,0.47,333.0,0.41,305.0,0.48,454.0,0.4,381.0,0.49,488.65,0.39,488.0,0.5,484.0
2026-01-07 10:17:59.388000+00:00,2026-01-07 10:17:56.928098+00:00,179.388,0.565,0.56,0.57,0.435,0.43,0.44,125.0,20.0,20.0,125.0,0.55,303.0,0.58,62.7,0.54,393.0,0.59,310.0,0.53,333.0,0.6,371.0,0.52,454.0,0.61,488.0,0.51,468.65,0.62,484.0,0.42,72.7,0.45,303.0,0.41,295.0,0.46,413.0,0.4,371.0,0.47,333.0,0.39,488.0,0.48,454.0,0.38,484.0,0.49,468.65
2026-01-07 10:18:00.397000+00:00,2026-01-07 10:17:57.951728+00:00,180.397,0.565,0.56,0.57,0.435,0.43,0.44,70.0,20.0,20.0,70.0,0.55,363.0,0.58,122.7,0.54,323.0,0.59,275.0,0.53,423.0,0.6,366.0,0.52,454.0,0.61,473.0,0.51,468.65,0.62,484.0,0.42,122.7,0.45,363.0,0.41,275.0,0.46,323.0,0.4,366.0,0.47,423.0,0.39,473.0,0.48,454.0,0.38,484.0,0.49,468.65
2026-01-07 10:18:01.389000+00:00,2026-01-07 10:17:58.955878+00:00,181.389,0.565,0.56,0.57,0.435,0.43,0.44,65.0,70.0,55.0,65.0,0.55,328.0,0.58,267.7,0.54,333.0,0.59,230.0,0.53,443.0,0.6,366.0,0.52,454.0,0.61,473.0,0.51,468.65,0.62,484.0,0.42,267.7,0.45,338.0,0.41,230.0,0.46,333.0,0.4,366.0,0.47,443.0,0.39,473.0,0.48,454.0,0.38,484.0,0.49,468.65
2026-01-07 10:18:02.128000+00:00,2026-01-07 10:17:59.962774+00:00,182.128,0.565,0.56,0.57,0.435,0.43,0.44,60.0,50.0,50.0,182.0,0.55,333.0,0.58,267.7,0.54,343.0,0.59,230.0,0.53,667.0,0.6,366.0,0.52,454.0,0.61,473.0,0.51,468.65,0.62,484.0,0.42,267.7,0.45,333.0,0.41,230.0,0.46,343.0,0.4,366.0,0.47,667.0,0.39,473.0,0.48,454.0,0.38,484.0,0.49,468.65
2026-01-07 10:18:03.367000+00:00,2026-01-07 10:18:00.968728+00:00,183.367,0.565,0.56,0.57,0.435,0.43,0.44,248.0,71.62,71.62,248.0,0.55,348.0,0.58,177.7,0.54,333.0,0.59,305.0,0.53,657.0,0.6,245.0,0.52,454.0,0.61,473.0,0.51,468.65,0.62,449.0,0.42,177.7,0.45,348.0,0.41,305.0,0.46,333.0,0.4,245.0,0.47,657.0,0.39,473.0,0.48,454.0,0.38,449.0,0.49,468.65
2026-01-07 10:18:04.411000+00:00,2026-01-07 10:18:01.974591+00:00,184.411,0.565,0.56,0.57,0.435,0.43,0.44,248.0,84.44,84.44,248.0,0.55,348.0,0.58,230.0,0.54,333.0,0.59,297.6,0.53,657.0,0.6,245.0,0.52,454.0,0.61,473.0,0.51,468.65,0.62,449.0,0.42,230.0,0.45,348.0,0.41,297.6,0.46,333.0,0.4,245.0,0.47,657.0,0.39,473.0,0.48,454.0,0.38,449.0,0.49,468.65
2026-01-07 10:18:05.370000+00:00,2026-01-07 10:18:02.994453+00:00,185.37,0.565,0.56,0.57,0.435,0.43,0.44,248.0,69.44,69.44,248.0,0.55,348.0,0.58,230.0,0.54,333.0,0.59,275.0,0.53,657.0,0.6,245.0,0.52,454.0,0.61,473.0,0.51,468.65,0.62,449.0,0.42,230.0,0.45,348.0,0.41,275.0,0.46,333.0,0.4,245.0,0.47,657.0,0.39,473.0,0.48,454.0,0.38,449.0,0.49,468.65
2026-01-07 10:18:06.450000+00:00,2026-01-07 10:18:03.999314+00:00,186.45,0.555,0.55,0.56,0.46499999999999997,0.44,0.49,5.0,667.0,728.0,69.65,0.51,252.65,0.57,653.44,0.5,323.0,0.58,604.0,0.49,588.0,0.59,454.0,0.48,417.9,0.6,534.0,0.47,290.65,0.61,409.0,0.43,653.44,0.5,323.0,0.42,524.0,0.51,467.0,0.41,454.0,0.52,417.9,0.4,534.0,0.53,290.65,0.39,409.0,0.54,429.0
2026-01-07 10:18:07.423000+00:00,2026-01-07 10:18:05.003994+00:00,187.423,0.52,0.51,0.53,0.48,0.47,0.49,64.24,150.0,150.0,64.24,0.5,313.0,0.54,348.0,0.49,467.0,0.55,293.0,0.48,469.0,0.56,735.0,0.47,290.65,0.57,510.44,0.46,429.0,0.58,424.0,0.46,348.0,0.5,313.0,0.45,293.0,0.51,467.0,0.44,758.9,0.52,469.0,0.43,488.44,0.53,290.65,0.42,424.0,0.54,429.0
2026-01-07 10:18:08.243000+00:00,2026-01-07 10:18:06.011307+00:00,188.243,0.52,0.51,0.53,0.48,0.47,0.49,64.24,150.0,170.0,64.24,0.5,323.0,0.54,348.0,0.49,467.0,0.55,293.0,0.48,459.0,0.56,701.9,0.47,290.65,0.57,526.44,0.46,470.0,0.58,424.0,0.46,348.0,0.5,323.0,0.45,293.0,0.51,467.0,0.44,701.9,0.52,459.0,0.43,526.44,0.53,290.65,0.42,424.0,0.54,470.0
2026-01-07 10:18:09.276000+00:00,2026-01-07 10:18:07.033414+00:00,189.276,0.52,0.51,0.53,0.48,0.47,0.49,64.24,160.0,160.0,64.24,0.5,323.0,0.54,348.0,0.49,467.0,0.55,293.0,0.48,464.0,0.56,754.9,0.47,360.65,0.57,468.44,0.46,424.0,0.58,424.0,0.46,348.0,0.5,323.0,0.45,293.0,0.51,467.0,0.44,754.9,0.52,464.0,0.43,468.44,0.53,360.65,0.42,424.0,0.54,424.0
2026-01-07 10:18:10.451000+00:00,2026-01-07 10:18:08.038331+00:00,190.451,0.52,0.51,0.53,0.48,0.47,0.49,64.24,260.0,260.0,69.24,0.5,393.0,0.54,200.0,0.49,403.0,0.55,363.0,0.48,439.0,0.56,530.9,0.47,360.65,0.57,468.44,0.46,429.0,0.58,429.0,0.46,200.0,0.5,393.0,0.45,363.0,0.51,403.0,0.44,530.9,0.52,439.0,0.43,473.44,0.53,360.65,0.42,429.0,0.54,429.0
2026-01-07 10:18:11.449000+00:00,2026-01-07 10:18:09.044572+00:00,191.449,0.525,0.52,0.53,0.475,0.47,0.48,5.0,260.0,260.0,5.0,0.51,84.24,0.54,200.0,0.5,393.0,0.55,363.0,0.49,403.0,0.56,478.9,0.48,439.0,0.57,526.44,0.47,360.65,0.58,424.0,0.46,200.0,0.49,84.24,0.45,363.0,0.5,393.0,0.44,478.9,0.51,403.0,0.43,526.44,0.52,439.0,0.42,424.0,0.53,360.65
2026-01-07 10:18:12.527000+00:00,2026-01-07 10:18:10.063636+00:00,192.527,0.525,0.52,0.53,0.475,0.47,0.48,2.91,260.0,260.0,2.91,0.51,84.24,0.54,200.0,0.5,393.0,0.55,363.0,0.49,403.0,0.56,478.9,0.48,439.0,0.57,526.44,0.47,360.65,0.58,424.0,0.46,200.0,0.49,84.24,0.45,363.0,0.5,393.0,0.44,478.9,0.51,403.0,0.43,526.44,0.52,439.0,0.42,424.0,0.53,360.65
2026-01-07 10:18:13.529000+00:00,2026-01-07 10:18:11.065884+00:00,193.529,0.515,0.51,0.52,0.485,0.48,0.49,69.24,5.0,5.0,69.24,0.5,190.0,0.53,285.0,0.49,313.0,0.54,95.0,0.48,549.0,0.55,353.0,0.47,360.65,0.56,563.9,0.46,470.0,0.57,526.44,0.47,285.0,0.5,190.0,0.46,95.0,0.51,313.0,0.45,443.0,0.52,549.0,0.44,473.9,0.53,360.65,0.43,526.44,0.54,470.0
2026-01-07 10:18:14.314000+00:00,2026-01-07 10:18:12.085287+00:00,194.314,0.515,0.51,0.52,0.485,0.48,0.49,74.24,5.0,5.0,74.24,0.5,175.0,0.53,285.0,0.49,328.0,0.54,110.0,0.48,773.0,0.55,433.0,0.47,360.65,0.56,535.9,0.46,424.0,0.57,468.44,0.47,285.0,0.5,175.0,0.46,95.0,0.51,313.0,0.45,433.0,0.52,773.0,0.44,535.9,0.53,360.65,0.43,468.44,0.54,424.0
2026-01-07 10:18:15.256000+00:00,2026-01-07 10:18:13.102945+00:00,195.256,0.515,0.51,0.52,0.485,0.48,0.49,89.24,5.0,5.0,89.24,0.5,190.0,0.53,285.0,0.49,313.0,0.54,95.0,0.48,773.0,0.55,448.0,0.47,360.65,0.56,540.9,0.46,424.0,0.57,468.44,0.47,285.0,0.5,190.0,0.46,95.0,0.51,313.0,0.45,448.0,0.52,773.0,0.44,540.9,0.53,360.65,0.43,468.44,0.54,424.0
2026-01-07 10:18:16.159000+00:00,2026-01-07 10:18:14.107132+00:00,196.159,0.52,0.51,0.53,0.48,0.47,0.49,89.24,254.24,254.24,89.24,0.5,190.0,0.54,125.0,0.49,313.0,0.55,448.0,0.48,773.0,0.56,540.9,0.47,360.65,0.57,468.44,0.46,424.0,0.58,424.0,0.46,125.0,0.5,190.0,0.45,448.0,0.51,313.0,0.44,540.9,0.52,773.0,0.43,468.44,0.53,360.65,0.42,424.0,0.54,424.0
2026-01-07 10:18:17.158000+00:00,2026-01-07 10:18:15.112965+00:00,197.158,0.52,0.51,0.53,0.48,0.47,0.49,89.24,254.24,254.24,89.24,0.5,190.0,0.54,125.0,0.49,313.0,0.55,448.0,0.48,773.0,0.56,540.9,0.47,360.65,0.57,468.44,0.46,424.0,0.58,424.0,0.46,125.0,0.5,190.0,0.45,448.0,0.51,313.0,0.44,483.9,0.52,773.0,0.43,526.44,0.53,360.65,0.42,424.0,0.54,470.0
2026-01-07 10:18:18.594000+00:00,2026-01-07 10:18:16.134047+00:00,198.594,0.525,0.52,0.53,0.475,0.47,0.48,5.0,234.24,239.24,5.0,0.51,119.24,0.54,359.0,0.5,190.0,0.55,448.0,0.49,313.0,0.56,540.9,0.48,753.0,0.57,468.44,0.47,360.65,0.58,424.0,0.46,369.0,0.49,154.24,0.45,448.0,0.5,200.0,0.44,540.9,0.51,313.0,0.43,468.44,0.52,753.0,0.42,424.0,0.53,360.65
2026-01-07 10:18:19.575000+00:00,2026-01-07 10:18:17.137926+00:00,199.575,0.525,0.52,0.53,0.475,0.47,0.48,5.0,239.24,239.24,5.0,0.51,114.24,0.54,369.0,0.5,322.0,0.55,448.0,0.49,403.0,0.56,540.9,0.48,663.0,0.57,468.44,0.47,360.65,0.58,424.0,0.46,369.0,0.49,114.24,0.45,448.0,0.5,322.0,0.44,540.9,0.51,403.0,0.43,468.44,0.52,663.0,0.42,424.0,0.53,360.65
2026-01-07 10:18:20.595000+00:00,2026-01-07 10:18:18.142454+00:00,200.595,0.525,0.52,0.53,0.475,0.47,0.48,125.0,125.0,125.0,125.0,0.51,104.24,0.54,379.0,0.5,363.0,0.55,443.0,0.49,293.0,0.56,503.9,0.48,663.0,0.57,526.44,0.47,352.0,0.58,424.0,0.46,379.0,0.49,174.24,0.45,443.0,0.5,363.0,0.44,503.9,0.51,293.0,0.43,526.44,0.52,663.0,0.42,424.0,0.53,352.0
2026-01-07 10:18:21.597000+00:00,2026-01-07 10:18:19.165600+00:00,201.597,0.525,0.52,0.53,0.475,0.47,0.48,73.0,125.0,125.0,73.0,0.51,254.24,0.54,399.0,0.5,383.0,0.55,250.0,0.49,293.0,0.56,573.9,0.48,663.0,0.57,526.44,0.47,360.65,0.58,424.0,0.46,399.0,0.49,254.24,0.45,260.0,0.5,383.0,0.44,573.9,0.51,293.0,0.43,526.44,0.52,663.0,0.42,424.0,0.53,360.65
2026-01-07 10:18:22.578000+00:00,2026-01-07 10:18:20.172467+00:00,202.578,0.525,0.52,0.53,0.475,0.47,0.48,70.0,135.0,135.0,70.0,0.51,264.24,0.54,459.0,0.5,383.0,0.55,190.0,0.49,303.0,0.56,452.9,0.48,663.0,0.57,526.44,0.47,360.65,0.58,424.0,0.46,459.0,0.49,264.24,0.45,190.0,0.5,383.0,0.44,452.9,0.51,303.0,0.43,526.44,0.52,663.0,0.42,424.0,0.53,360.65
2026-01-07 10:18:23.559000+00:00,2026-01-07 10:18:21.164061+00:00,203.559,0.545,0.54,0.55,0.455,0.45,0.46,5.0,130.0,150.0,5.0,0.53,172.0,0.56,164.9,0.52,488.0,0.57,269.44,0.51,337.24,0.58,276.0,0.5,459.0,0.59,515.0,0.49,439.0,0.6,484.0,0.44,164.9,0.47,233.0,0.43,269.44,0.48,478.0,0.42,276.0,0.49,347.24,0.41,515.0,0.5,459.0,0.4,484.0,0.51,439.0
2026-01-07 10:18:24.660000+00:00,2026-01-07 10:18:22.185796+00:00,204.66,0.525,0.52,0.53,0.485,0.48,0.49,5.0,110.0,115.0,24.65,0.51,69.65,0.54,160.0,0.5,348.0,0.55,621.0,0.49,593.0,0.56,343.0,0.48,334.0,0.57,347.44,0.47,407.65,0.58,484.0,0.47,90.0,0.5,183.0,0.46,247.0,0.51,409.0,0.45,397.0,0.52,374.0,0.44,493.1,0.53,599.65,0.43,433.44,0.54,424.0
2026-01-07 10:18:25.654000+00:00,2026-01-07 10:18:23.196153+00:00,205.654,0.505,0.5,0.51,0.495,0.49,0.5,35.0,150.0,125.0,35.0,0.49,85.0,0.52,160.75,0.48,393.0,0.53,160.0,0.47,604.65,0.54,333.0,0.46,424.0,0.55,419.0,0.45,374.0,0.56,493.1,0.48,160.75,0.51,85.0,0.47,160.0,0.52,393.0,0.46,333.0,0.53,604.65,0.45,419.0,0.54,424.0,0.44,493.1,0.55,374.0
2026-01-07 10:18:26.655000+00:00,2026-01-07 10:18:24.214714+00:00,206.655,0.5,0.49,0.51,0.5,0.49,0.51,200.0,135.0,120.0,195.0,0.48,278.0,0.52,120.75,0.47,604.65,0.53,105.0,0.46,424.0,0.54,477.0,0.45,409.0,0.55,395.7,0.44,344.0,0.56,429.0,0.48,120.75,0.52,268.0,0.47,105.0,0.53,584.65,0.46,477.0,0.54,424.0,0.45,395.2,0.55,409.0,0.44,429.0,0.56,344.0
2026-01-07 10:18:27.636000+00:00,2026-01-07 10:18:25.220246+00:00,207.636,0.505,0.5,0.51,0.495,0.49,0.5,5.0,120.0,130.0,5.0,0.49,205.0,0.52,120.75,0.48,278.0,0.53,105.0,0.47,594.65,0.54,477.0,0.46,424.0,0.55,395.2,0.45,409.0,0.56,429.0,0.48,120.75,0.51,115.0,0.47,175.0,0.52,348.0,0.46,477.0,0.53,594.65,0.45,395.2,0.54,424.0,0.44,429.0,0.55,409.0
2026-01-07 10:18:28.652000+00:00,2026-01-07 10:18:26.226760+00:00,208.652,0.505,0.5,0.51,0.495,0.49,0.5,5.0,125.0,125.0,5.0,0.49,80.0,0.52,190.75,0.48,303.0,0.53,672.0,0.47,659.65,0.54,333.0,0.46,424.0,0.55,552.2,0.45,409.0,0.56,429.0,0.48,190.75,0.51,80.0,0.47,672.0,0.52,303.0,0.46,333.0,0.53,659.65,0.45,552.2,0.54,424.0,0.44,429.0,0.55,409.0
2026-01-07 10:18:29.625000+00:00,2026-01-07 10:18:27.229899+00:00,209.625,0.505,0.5,0.51,0.495,0.49,0.5,120.0,55.0,55.0,120.0,0.49,65.0,0.52,165.0,0.48,293.0,0.53,642.0,0.47,649.65,0.54,333.0,0.46,424.0,0.55,552.2,0.45,409.0,0.56,429.0,0.48,165.0,0.51,65.0,0.47,652.0,0.52,293.0,0.46,423.0,0.53,579.65,0.45,552.2,0.54,424.0,0.44,429.0,0.55,409.0
2026-01-07 10:18:30.589000+00:00,2026-01-07 10:18:28.235221+00:00,210.589,0.505,0.5,0.51,0.495,0.49,0.5,20.0,130.0,115.0,35.0,0.49,155.0,0.52,135.0,0.48,293.0,0.53,632.0,0.47,579.65,0.54,423.0,0.46,424.0,0.55,552.2,0.45,409.0,0.56,429.0,0.48,155.0,0.51,175.0,0.47,602.0,0.52,283.0,0.46,423.0,0.53,579.65,0.45,552.2,0.54,424.0,0.44,429.0,0.55,409.0
2026-01-07 10:18:31.693000+00:00,2026-01-07 10:18:29.244100+00:00,211.693,0.505,0.5,0.51,0.495,0.49,0.5,100.0,55.0,55.0,100.0,0.49,165.0,0.52,205.0,0.48,293.0,0.53,429.0,0.47,589.65,0.54,423.0,0.46,424.0,0.55,496.2,0.45,454.0,0.56,486.0,0.48,205.0,0.51,165.0,0.47,429.0,0.52,363.0,0.46,423.0,0.53,589.65,0.45,496.2,0.54,424.0,0.44,429.0,0.55,409.0
2026-01-07 10:18:32.604000+00:00,2026-01-07 10:18:30.249182+00:00,212.604,0.505,0.5,0.51,0.495,0.49,0.5,75.0,55.0,55.0,75.0,0.49,175.0,0.52,215.0,0.48,363.0,0.53,195.0,0.47,589.65,0.54,423.0,0.46,424.0,0.55,552.2,0.45,409.0,0.56,429.0,0.48,215.0,0.51,175.0,0.47,195.0,0.52,363.0,0.46,423.0,0.53,589.65,0.45,552.2,0.54,424.0,0.44,429.0,0.55,409.0
2026-01-07 10:18:33.587000+00:00,2026-01-07 10:18:31.255973+00:00,213.587,0.505,0.5,0.51,0.495,0.49,0.5,78.78,55.0,55.0,78.78,0.49,368.0,0.52,215.0,0.48,363.0,0.53,195.0,0.47,579.65,0.54,423.0,0.46,424.0,0.55,552.2,0.45,409.0,0.56,429.0,0.48,215.0,0.51,368.0,0.47,195.0,0.52,363.0,0.46,423.0,0.53,579.65,0.45,552.2,0.54,424.0,0.44,429.0,0.55,409.0
2026-01-07 10:18:34.497000+00:00,2026-01-07 10:18:32.279409+00:00,214.497,0.505,0.5,0.51,0.495,0.49,0.5,268.78,20.0,20.0,268.78,0.49,498.0,0.52,155.0,0.48,313.0,0.53,434.0,0.47,604.65,0.54,255.0,0.46,424.0,0.55,375.2,0.45,454.0,0.56,521.0,0.48,155.0,0.51,498.0,0.47,434.0,0.52,313.0,0.46,255.0,0.53,604.65,0.45,375.2,0.54,424.0,0.44,521.0,0.55,454.0
2026-01-07 10:18:35.621000+00:00,2026-01-07 10:18:33.282960+00:00,215.621,0.505,0.5,0.51,0.495,0.49,0.5,268.78,20.0,20.0,85.78,0.49,498.0,0.52,230.0,0.48,313.0,0.53,404.0,0.47,604.65,0.54,255.0,0.46,470.0,0.55,375.2,0.45,409.0,0.56,464.0,0.48,230.0,0.51,498.0,0.47,404.0,0.52,313.0,0.46,255.0,0.53,604.65,0.45,375.2,0.54,470.0,0.44,464.0,0.55,409.0
2026-01-07 10:18:36.507000+00:00,2026-01-07 10:18:34.287411+00:00,216.507,0.505,0.5,0.51,0.495,0.49,0.5,85.78,20.0,15.0,100.78,0.49,498.0,0.52,230.0,0.48,313.0,0.53,404.0,0.47,604.65,0.54,255.0,0.46,470.0,0.55,375.2,0.45,409.0,0.56,464.0,0.48,230.0,0.51,498.0,0.47,404.0,0.52,313.0,0.46,255.0,0.53,604.65,0.45,375.2,0.54,470.0,0.44,464.0,0.55,409.0
2026-01-07 10:18:37.691000+00:00,2026-01-07 10:18:35.293067+00:00,217.691,0.505,0.5,0.51,0.495,0.49,0.5,298.0,15.0,15.0,283.0,0.49,498.0,0.52,155.0,0.48,313.0,0.53,434.0,0.47,604.65,0.54,255.0,0.46,470.0,0.55,375.2,0.45,409.0,0.56,464.0,0.48,155.0,0.51,498.0,0.47,434.0,0.52,313.0,0.46,255.0,0.53,604.65,0.45,375.2,0.54,470.0,0.44,464.0,0.55,409.0
2026-01-07 10:18:38.744000+00:00,2026-01-07 10:18:36.313763+00:00,218.744,0.505,0.5,0.51,0.495,0.49,0.5,273.0,15.0,15.0,273.0,0.49,498.0,0.52,155.0,0.48,313.0,0.53,434.0,0.47,604.65,0.54,255.0,0.46,470.0,0.55,375.2,0.45,409.0,0.56,464.0,0.48,155.0,0.51,498.0,0.47,434.0,0.52,313.0,0.46,255.0,0.53,604.65,0.45,375.2,0.54,470.0,0.44,464.0,0.55,409.0
2026-01-07 10:18:39.758000+00:00,2026-01-07 10:18:37.321295+00:00,219.758,0.505,0.5,0.51,0.495,0.49,0.5,252.37,15.0,15.0,267.37,0.49,498.0,0.52,155.0,0.48,313.0,0.53,419.0,0.47,604.65,0.54,270.0,0.46,470.0,0.55,375.2,0.45,409.0,0.56,464.0,0.48,155.0,0.51,498.0,0.47,419.0,0.52,313.0,0.46,270.0,0.53,604.65,0.45,375.2,0.54,470.0,0.44,464.0,0.55,409.0
2026-01-07 10:18:40.750000+00:00,2026-01-07 10:18:38.328681+00:00,220.75,0.505,0.5,0.51,0.475,0.47,0.48,547.37,15.0,105.0,82.0,0.49,489.0,0.52,40.0,0.48,459.0,0.53,125.0,0.47,380.65,0.54,95.0,0.46,470.0,0.55,272.2,0.45,374.0,0.56,160.0,0.46,95.0,0.49,187.0,0.45,272.2,0.5,437.37,0.44,160.0,0.51,504.0,0.43,390.44,0.52,449.0,0.42,444.0,0.53,345.65
2026-01-07 10:18:41.695000+00:00,2026-01-07 10:18:39.334542+00:00,221.695,0.525,0.52,0.53,0.475,0.47,0.48,153.0,101.0,95.0,153.0,0.51,318.0,0.54,115.0,0.5,437.37,0.55,302.2,0.49,454.0,0.56,160.0,0.48,439.0,0.57,390.44,0.47,380.65,0.58,444.0,0.46,115.0,0.49,318.0,0.45,302.2,0.5,437.37,0.44,160.0,0.51,454.0,0.43,390.44,0.52,439.0,0.42,444.0,0.53,380.65
2026-01-07 10:18:42.745000+00:00,2026-01-07 10:18:40.357243+00:00,222.745,0.525,0.52,0.53,0.475,0.47,0.48,6.87,110.0,95.0,6.87,0.51,318.0,0.54,130.0,0.5,422.37,0.55,277.2,0.49,469.0,0.56,150.0,0.48,459.0,0.57,390.44,0.47,360.65,0.58,444.0,0.46,130.0,0.49,318.0,0.45,277.2,0.5,422.37,0.44,150.0,0.51,469.0,0.43,390.44,0.52,459.0,0.42,444.0,0.53,360.65
2026-01-07 10:18:43.651000+00:00,2026-01-07 10:18:41.365168+00:00,223.651,0.525,0.52,0.53,0.475,0.47,0.48,6.87,95.0,95.0,6.87,0.51,318.0,0.54,195.0,0.5,432.37,0.55,322.2,0.49,454.0,0.56,150.0,0.48,459.0,0.57,395.44,0.47,360.65,0.58,444.0,0.46,195.0,0.49,318.0,0.45,322.2,0.5,432.37,0.44,150.0,0.51,454.0,0.43,395.44,0.52,459.0,0.42,444.0,0.53,360.65
2026-01-07 10:18:44.665000+00:00,2026-01-07 10:18:42.375318+00:00,224.665,0.545,0.54,0.55,0.455,0.45,0.46,318.0,35.0,35.0,318.0,0.53,263.0,0.56,154.99,0.52,448.0,0.57,269.44,0.51,293.0,0.58,200.0,0.5,448.37,0.59,520.0,0.49,678.0,0.6,559.0,0.44,154.99,0.47,263.0,0.43,269.44,0.48,448.0,0.42,200.0,0.49,293.0,0.41,520.0,0.5,448.37,0.4,559.0,0.51,678.0
2026-01-07 10:18:45.840000+00:00,2026-01-07 10:18:43.382050+00:00,225.84,0.565,0.56,0.57,0.435,0.43,0.44,218.0,109.43,109.43,213.0,0.55,248.0,0.58,35.0,0.54,248.0,0.59,70.0,0.53,509.0,0.6,253.0,0.52,643.0,0.61,393.0,0.51,439.0,0.62,449.0,0.42,45.0,0.45,288.0,0.41,120.0,0.46,258.0,0.4,263.0,0.47,509.0,0.39,393.0,0.48,643.0,0.38,449.0,0.49,439.0
2026-01-07 10:18:46.848000+00:00,2026-01-07 10:18:44.387558+00:00,226.848,0.565,0.56,0.57,0.435,0.43,0.44,293.0,19.44,19.44,303.0,0.55,283.0,0.58,40.0,0.54,243.0,0.6,286.09,0.53,509.0,0.61,434.0,0.52,648.0,0.62,384.0,0.51,404.0,0.63,449.0,0.42,5.0,0.45,243.0,0.4,463.99,0.46,233.0,0.39,499.0,0.47,544.0,0.38,510.0,0.48,459.0,0.37,484.0,0.49,504.0
2026-01-07 10:18:47.863000+00:00,2026-01-07 10:18:45.405651+00:00,227.863,0.565,0.56,0.57,0.435,0.43,0.44,308.0,9.44,9.44,308.0,0.55,313.0,0.58,5.0,0.54,338.0,0.59,35.0,0.53,768.0,0.6,399.0,0.52,479.0,0.61,206.0,0.51,519.0,0.62,470.0,0.42,5.0,0.45,313.0,0.41,35.0,0.46,338.0,0.4,399.0,0.47,768.0,0.39,85.0,0.48,479.0,0.38,287.0,0.49,519.0
2026-01-07 10:18:48.867000+00:00,2026-01-07 10:18:46.411188+00:00,228.867,0.575,0.57,0.58,0.425,0.42,0.43,283.56,2.82,2.82,258.56,0.56,278.0,0.59,50.0,0.55,323.0,0.6,464.0,0.54,348.0,0.61,114.0,0.53,768.0,0.62,176.0,0.52,479.0,0.63,414.0,0.41,50.0,0.44,293.0,0.4,454.0,0.45,323.0,0.39,129.0,0.46,348.0,0.38,161.0,0.47,768.0,0.37,440.2,0.48,479.0
2026-01-07 10:18:49.872000+00:00,2026-01-07 10:18:47.435113+00:00,229.872,0.575,0.57,0.58,0.425,0.42,0.43,253.56,2.82,2.82,278.56,0.56,313.0,0.59,160.0,0.55,333.0,0.6,494.0,0.54,348.0,0.61,135.0,0.53,768.0,0.62,297.0,0.52,479.0,0.63,440.2,0.4,90.0,0.44,223.0,0.39,115.0,0.45,537.0,0.38,422.99,0.46,392.0,0.37,429.0,0.47,593.0,0.36,449.0,0.48,444.0
2026-01-07 10:18:50.903000+00:00,2026-01-07 10:18:48.440574+00:00,230.903,0.595,0.59,0.6,0.405,0.4,0.41,173.0,109.99,63.99,173.0,0.58,233.0,0.61,30.0,0.57,547.56,0.62,598.0,0.56,343.0,0.63,389.0,0.55,484.0,0.64,454.0,0.54,469.0,0.65,409.0,0.39,15.0,0.42,233.0,0.38,532.0,0.43,547.56,0.37,389.0,0.44,328.0,0.36,454.0,0.45,524.0,0.35,409.0,0.46,489.0
2026-01-07 10:18:51.915000+00:00,2026-01-07 10:18:49.464706+00:00,231.915,0.59,0.58,0.6,0.41000000000000003,0.4,0.42,298.0,56.3,56.3,298.0,0.57,542.56,0.61,75.0,0.56,424.25,0.62,559.99,0.55,469.0,0.63,389.0,0.54,459.0,0.64,454.0,0.53,558.0,0.65,409.0,0.39,75.0,0.43,537.56,0.38,559.99,0.44,424.25,0.37,389.0,0.45,469.0,0.36,454.0,0.46,459.0,0.35,438.6,0.47,558.0
2026-01-07 10:18:52.925000+00:00,2026-01-07 10:18:50.469069+00:00,232.925,0.59,0.58,0.6,0.41000000000000003,0.4,0.42,298.0,62.97,72.97,318.0,0.57,617.56,0.61,80.0,0.56,364.25,0.62,664.99,0.55,459.0,0.63,389.0,0.54,459.0,0.64,464.0,0.53,558.0,0.65,438.6,0.39,80.0,0.43,632.56,0.38,664.99,0.44,354.25,0.37,399.0,0.45,459.0,0.36,464.0,0.46,459.0,0.35,438.6,0.47,558.0
2026-01-07 10:18:53.707000+00:00,2026-01-07 10:18:51.477713+00:00,233.707,0.595,0.59,0.6,0.405,0.4,0.41,5.0,87.97,72.97,5.0,0.58,323.0,0.61,140.0,0.57,612.56,0.62,664.99,0.56,354.25,0.63,409.0,0.55,459.0,0.64,464.0,0.54,459.0,0.65,438.6,0.39,140.0,0.42,323.0,0.38,664.99,0.43,612.56,0.37,409.0,0.44,354.25,0.36,464.0,0.45,459.0,0.35,438.6,0.46,459.0
2026-01-07 10:18:54.972000+00:00,2026-01-07 10:18:52.498490+00:00,234.972,0.595,0.59,0.6,0.405,0.4,0.41,40.0,111.88,111.88,40.0,0.58,198.0,0.61,346.0,0.57,353.55,0.62,339.99,0.56,409.25,0.63,399.0,0.55,728.0,0.64,454.0,0.54,424.0,0.65,438.6,0.39,506.0,0.42,198.0,0.38,339.99,0.43,223.56,0.37,399.0,0.44,439.25,0.36,454.0,0.45,728.0,0.35,438.6,0.46,424.0
2026-01-07 10:18:55.951000+00:00,2026-01-07 10:18:53.503762+00:00,235.951,0.595,0.59,0.6,0.405,0.4,0.41,30.0,77.8,92.8,30.0,0.58,15.0,0.61,597.0,0.57,154.99,0.62,410.99,0.56,241.25,0.63,414.0,0.55,683.0,0.64,464.0,0.54,424.0,0.65,438.6,0.39,582.0,0.42,15.0,0.38,410.99,0.43,154.99,0.37,414.0,0.44,226.25,0.36,464.0,0.45,698.0,0.35,438.6,0.46,424.0
2026-01-07 10:18:56.892000+00:00,2026-01-07 10:18:54.527378+00:00,236.892,0.585,0.58,0.59,0.415,0.41,0.42,40.0,45.0,45.0,40.0,0.57,199.99,0.6,30.0,0.56,244.24,0.61,467.75,0.55,683.0,0.62,400.99,0.54,459.0,0.63,414.0,0.53,558.0,0.64,464.0,0.4,30.0,0.43,199.99,0.39,467.75,0.44,244.24,0.38,400.99,0.45,683.0,0.37,414.0,0.46,459.0,0.36,464.0,0.47,558.0
2026-01-07 10:18:57.940000+00:00,2026-01-07 10:18:55.532064+00:00,237.94,0.585,0.58,0.59,0.415,0.41,0.42,110.0,45.0,45.0,89.76,0.57,185.0,0.6,30.0,0.56,204.24,0.61,447.75,0.55,683.0,0.62,400.99,0.54,459.0,0.63,454.0,0.53,558.0,0.64,454.0,0.4,30.0,0.43,185.0,0.39,447.75,0.44,204.24,0.38,400.99,0.45,683.0,0.37,454.0,0.46,459.0,0.36,454.0,0.47,558.0
2026-01-07 10:18:58.958000+00:00,2026-01-07 10:18:56.537854+00:00,238.958,0.585,0.58,0.59,0.415,0.41,0.42,89.76,45.0,45.0,84.52,0.57,185.0,0.6,30.0,0.56,204.24,0.61,447.75,0.55,683.0,0.62,450.49,0.54,459.0,0.63,434.0,0.53,509.0,0.64,454.0,0.4,65.0,0.43,185.0,0.39,422.75,0.44,204.24,0.38,485.49,0.45,683.0,0.37,434.0,0.46,459.0,0.36,454.0,0.47,509.0
2026-01-07 10:18:59.762000+00:00,2026-01-07 10:18:57.543237+00:00,239.762,0.585,0.58,0.59,0.415,0.41,0.42,139.52,99.76,99.76,139.52,0.57,175.0,0.6,65.0,0.56,204.24,0.61,437.75,0.55,683.0,0.62,485.49,0.54,459.0,0.63,434.0,0.53,509.0,0.64,454.0,0.4,65.0,0.43,175.0,0.39,437.75,0.44,204.24,0.38,485.49,0.45,683.0,0.37,434.0,0.46,459.0,0.36,454.0,0.47,509.0
2026-01-07 10:19:00.914000+00:00,2026-01-07 10:18:58.534391+00:00,240.914,0.58,0.57,0.59,0.42,0.41,0.43,235.0,170.76,170.76,235.0,0.56,209.24,0.6,135.0,0.55,683.0,0.61,559.05,0.54,459.0,0.62,435.99,0.53,544.0,0.63,414.0,0.52,409.0,0.64,464.0,0.4,135.0,0.44,209.24,0.39,559.05,0.45,683.0,0.38,435.99,0.46,459.0,0.37,414.0,0.47,544.0,0.36,464.0,0.48,409.0
2026-01-07 10:19:01.998000+00:00,2026-01-07 10:18:59.536805+00:00,241.998,0.565,0.56,0.57,0.435,0.43,0.44,20.0,287.0,819.1,10.0,0.55,329.0,0.58,470.25,0.54,309.0,0.59,427.76,0.53,403.24,0.6,423.0,0.52,309.0,0.61,384.0,0.51,383.99,0.62,425.99,0.42,313.75,0.45,309.0,0.41,522.76,0.46,309.0,0.4,468.0,0.47,399.0,0.39,409.0,0.48,379.0,0.38,425.99,0.49,373.98
2026-01-07 10:19:02.987000+00:00,2026-01-07 10:19:00.543633+00:00,242.987,0.525,0.52,0.53,0.475,0.47,0.48,110.0,96.58,127.58,110.0,0.51,95.0,0.54,243.0,0.5,89.37,0.55,278.0,0.49,186.0,0.56,243.0,0.48,369.0,0.57,771.49,0.47,267.65,0.58,524.0,0.46,228.0,0.49,95.0,0.45,278.0,0.5,89.37,0.44,238.0,0.51,186.0,0.43,771.49,0.52,369.0,0.42,524.0,0.53,272.65
2026-01-07 10:19:03.999000+00:00,2026-01-07 10:19:01.549393+00:00,243.999,0.525,0.52,0.53,0.475,0.47,0.48,60.0,92.05,51.0,60.0,0.51,125.0,0.54,228.0,0.5,99.37,0.55,298.0,0.49,186.0,0.56,268.0,0.48,369.0,0.57,729.29,0.47,272.65,0.58,524.0,0.46,233.0,0.49,135.0,0.45,298.0,0.5,99.37,0.44,268.0,0.51,186.0,0.43,729.29,0.52,369.0,0.42,524.0,0.53,272.65
2026-01-07 10:19:05.016000+00:00,2026-01-07 10:19:02.556358+00:00,245.016,0.515,0.51,0.52,0.485,0.48,0.49,10.0,182.0,243.0,10.0,0.5,169.37,0.53,446.0,0.49,50.0,0.54,258.0,0.48,393.24,0.55,333.1,0.47,260.65,0.56,521.0,0.46,354.0,0.57,458.39,0.47,507.0,0.5,169.37,0.46,273.0,0.51,50.0,0.45,333.1,0.52,89.24,0.44,521.0,0.53,199.65,0.43,458.39,0.54,354.0
2026-01-07 10:19:06.948000+00:00,2026-01-07 10:19:04.566862+00:00,246.948,0.51,0.5,0.52,0.49,0.48,0.5,109.37,225.74,225.74,109.37,0.49,120.0,0.53,612.0,0.48,159.24,0.54,348.0,0.47,269.65,0.55,451.3,0.46,424.0,0.56,464.0,0.45,374.0,0.57,448.39,0.47,612.0,0.51,120.0,0.46,348.0,0.52,159.24,0.45,451.3,0.53,269.65,0.44,464.0,0.54,424.0,0.43,448.39,0.55,374.0
2026-01-07 10:19:07.815000+00:00,2026-01-07 10:19:05.574468+00:00,247.815,0.51,0.5,0.52,0.485,0.48,0.49,109.37,225.74,225.74,15.0,0.49,120.0,0.53,612.0,0.48,159.24,0.54,348.0,0.47,269.65,0.55,451.3,0.46,424.0,0.56,464.0,0.45,374.0,0.57,448.39,0.47,612.0,0.5,124.37,0.46,348.0,0.51,70.0,0.45,451.3,0.52,159.24,0.44,464.0,0.53,269.65,0.43,448.39,0.54,424.0
2026-01-07 10:19:09.837000+00:00,2026-01-07 10:19:07.602622+00:00,249.837,0.515,0.51,0.52,0.485,0.48,0.49,15.0,220.74,220.74,15.0,0.5,254.37,0.53,592.0,0.49,180.0,0.54,343.75,0.48,135.0,0.55,415.3,0.47,493.65,0.56,511.0,0.46,424.0,0.57,458.39,0.47,592.0,0.5,254.37,0.46,343.75,0.51,180.0,0.45,415.3,0.52,135.0,0.44,511.0,0.53,493.65,0.43,458.39,0.54,424.0
2026-01-07 10:19:11.016000+00:00,2026-01-07 10:19:08.609062+00:00,251.016,0.515,0.51,0.52,0.485,0.48,0.49,15.0,220.74,220.74,15.0,0.5,254.37,0.53,592.0,0.49,180.0,0.54,343.75,0.48,135.0,0.55,415.3,0.47,493.65,0.56,511.0,0.46,424.0,0.57,458.39,0.47,592.0,0.5,254.37,0.46,343.75,0.51,180.0,0.45,415.3,0.52,135.0,0.44,511.0,0.53,493.65,0.43,458.39,0.54,424.0
2026-01-07 10:19:12.837000+00:00,2026-01-07 10:19:10.633319+00:00,252.837,0.515,0.51,0.52,0.485,0.48,0.49,35.0,57.74,57.74,35.0,0.5,245.0,0.53,562.0,0.49,155.0,0.54,338.75,0.48,318.0,0.55,410.3,0.47,676.65,0.56,531.0,0.46,424.0,0.57,458.39,0.47,562.0,0.5,245.0,0.46,338.75,0.51,155.0,0.45,410.3,0.52,318.0,0.44,531.0,0.53,676.65,0.43,458.39,0.54,424.0
2026-01-07 10:19:14.034000+00:00,2026-01-07 10:19:11.638300+00:00,254.034,0.515,0.51,0.52,0.485,0.48,0.49,30.0,52.74,37.74,30.0,0.5,250.0,0.53,572.0,0.49,155.0,0.54,348.75,0.48,318.0,0.55,390.3,0.47,676.65,0.56,541.0,0.46,424.0,0.57,448.39,0.47,572.0,0.5,235.0,0.46,348.75,0.51,155.0,0.45,380.3,0.52,439.0,0.44,541.0,0.53,676.65,0.43,448.39,0.54,424.0
2026-01-07 10:19:15.104000+00:00,2026-01-07 10:19:12.644380+00:00,255.104,0.515,0.51,0.52,0.485,0.48,0.49,147.75,20.0,20.0,147.75,0.5,225.0,0.53,389.0,0.49,155.0,0.54,323.75,0.48,439.0,0.55,405.3,0.47,676.65,0.56,363.0,0.46,470.0,0.57,506.39,0.47,389.0,0.5,225.0,0.46,323.75,0.51,155.0,0.45,415.3,0.52,439.0,0.44,363.0,0.53,676.65,0.43,506.39,0.54,424.0
2026-01-07 10:19:16.001000+00:00,2026-01-07 10:19:13.664600+00:00,256.001,0.515,0.51,0.52,0.485,0.48,0.49,122.75,20.0,20.0,122.75,0.5,225.0,0.53,389.0,0.49,155.0,0.54,323.75,0.48,439.0,0.55,415.3,0.47,676.65,0.56,420.0,0.46,424.0,0.57,448.39,0.47,389.0,0.5,225.0,0.46,323.75,0.51,155.0,0.45,415.3,0.52,439.0,0.44,420.0,0.53,676.65,0.43,448.39,0.54,424.0
2026-01-07 10:19:17.038000+00:00,2026-01-07 10:19:14.682788+00:00,257.038,0.515,0.51,0.52,0.485,0.48,0.49,157.75,20.0,20.0,157.75,0.5,200.0,0.53,354.0,0.49,200.0,0.54,313.75,0.48,439.0,0.55,353.0,0.47,676.65,0.56,455.8,0.46,389.0,0.57,448.39,0.47,354.0,0.5,200.0,0.46,313.75,0.51,200.0,0.45,353.0,0.52,439.0,0.44,455.8,0.53,676.65,0.43,448.39,0.54,389.0
2026-01-07 10:19:18.118000+00:00,2026-01-07 10:19:15.692244+00:00,258.118,0.515,0.51,0.52,0.485,0.48,0.49,182.75,20.0,20.0,182.75,0.5,224.24,0.53,354.0,0.49,170.0,0.54,343.0,0.48,439.0,0.55,368.0,0.47,676.65,0.56,398.8,0.46,435.0,0.57,506.39,0.47,354.0,0.5,224.24,0.46,343.0,0.51,170.0,0.45,368.0,0.52,439.0,0.44,455.8,0.53,676.65,0.43,448.39,0.54,389.0
2026-01-07 10:19:19.384000+00:00,2026-01-07 10:19:16.712727+00:00,259.384,0.515,0.51,0.52,0.485,0.48,0.49,202.75,20.0,20.0,202.75,0.5,164.24,0.53,224.0,0.49,353.0,0.54,313.0,0.48,439.0,0.55,393.0,0.47,452.65,0.56,383.8,0.46,435.0,0.57,506.39,0.47,224.0,0.5,164.24,0.46,313.0,0.51,353.0,0.45,393.0,0.52,439.0,0.44,383.8,0.53,499.65,0.43,448.39,0.54,389.0
2026-01-07 10:19:20.391000+00:00,2026-01-07 10:19:17.729380+00:00,260.391,0.515,0.51,0.52,0.485,0.48,0.49,177.75,20.0,20.0,177.75,0.5,184.24,0.53,239.0,0.49,474.0,0.54,308.0,0.48,439.0,0.55,383.0,0.47,452.65,0.56,383.8,0.46,435.0,0.57,506.39,0.47,239.0,0.5,184.24,0.46,125.0,0.51,474.0,0.45,383.0,0.52,439.0,0.44,440.8,0.53,452.65,0.43,327.39,0.54,389.0
2026-01-07 10:19:21.960000+00:00,2026-01-07 10:19:19.742027+00:00,261.96,0.515,0.51,0.52,0.485,0.48,0.49,156.93,20.0,20.0,156.93,0.5,184.24,0.53,249.0,0.49,474.0,0.54,125.0,0.48,439.0,0.55,373.0,0.47,452.65,0.56,440.8,0.46,389.0,0.57,327.39,0.47,249.0,0.5,184.24,0.46,125.0,0.51,474.0,0.45,373.0,0.52,439.0,0.44,440.8,0.53,452.65,0.43,327.39,0.54,389.0
2026-01-07 10:19:23.202000+00:00,2026-01-07 10:19:20.752479+00:00,263.202,0.515,0.51,0.52,0.485,0.48,0.49,171.93,20.0,20.0,241.93,0.5,413.0,0.53,25.0,0.49,698.0,0.54,55.0,0.48,439.0,0.55,333.0,0.47,452.65,0.56,404.55,0.46,435.0,0.57,360.39,0.47,25.0,0.5,474.0,0.46,55.0,0.51,698.0,0.45,150.0,0.52,439.0,0.44,404.55,0.53,452.65,0.43,360.39,0.54,435.0
2026-01-07 10:19:24.544000+00:00,2026-01-07 10:19:22.784665+00:00,264.544,0.515,0.51,0.52,0.485,0.48,0.49,211.93,20.0,20.0,281.93,0.5,498.24,0.53,25.0,0.49,698.0,0.54,55.0,0.48,439.0,0.55,348.0,0.47,452.65,0.56,398.8,0.46,435.0,0.57,360.39,0.47,25.0,0.5,464.0,0.46,45.0,0.51,698.0,0.45,333.0,0.52,439.0,0.44,404.55,0.53,491.0,0.43,302.39,0.54,389.0
2026-01-07 10:19:26.870000+00:00,2026-01-07 10:19:24.816248+00:00,266.87,0.515,0.51,0.52,0.485,0.48,0.49,271.93,20.0,20.0,271.93,0.5,444.0,0.53,70.0,0.49,698.0,0.54,140.0,0.48,487.0,0.55,160.0,0.47,452.65,0.56,628.55,0.46,389.0,0.57,302.39,0.47,70.0,0.5,444.0,0.46,140.0,0.51,698.0,0.45,160.0,0.52,487.0,0.44,628.55,0.53,452.65,0.43,302.39,0.54,389.0
2026-01-07 10:19:28.260000+00:00,2026-01-07 10:19:25.836937+00:00,268.26,0.515,0.51,0.52,0.485,0.48,0.49,271.93,20.0,20.0,271.93,0.5,444.0,0.53,70.0,0.49,698.0,0.54,130.0,0.48,439.0,0.55,160.0,0.47,499.65,0.56,628.55,0.46,389.0,0.57,302.39,0.47,80.0,0.5,444.0,0.46,130.0,0.51,698.0,0.45,160.0,0.52,439.0,0.44,628.55,0.53,499.65,0.43,302.39,0.54,389.0
2026-01-07 10:19:29.289000+00:00,2026-01-07 10:19:26.855566+00:00,269.289,0.515,0.51,0.52,0.485,0.48,0.49,256.93,20.0,20.0,256.93,0.5,453.24,0.53,80.0,0.49,698.0,0.54,130.0,0.48,439.0,0.55,175.0,0.47,499.65,0.56,622.8,0.46,389.0,0.57,302.39,0.47,80.0,0.5,453.24,0.46,115.0,0.51,698.0,0.45,175.0,0.52,439.0,0.44,622.8,0.53,499.65,0.43,302.39,0.54,389.0
2026-01-07 10:19:30.070000+00:00,2026-01-07 10:19:27.862254+00:00,270.07,0.515,0.51,0.52,0.485,0.48,0.49,241.93,20.0,20.0,241.93,0.5,468.24,0.53,95.0,0.49,698.0,0.54,115.0,0.48,439.0,0.55,175.0,0.47,499.65,0.56,622.8,0.46,389.0,0.57,302.39,0.47,95.0,0.5,468.24,0.46,115.0,0.51,698.0,0.45,175.0,0.52,439.0,0.44,622.8,0.53,499.65,0.43,302.39,0.54,389.0
2026-01-07 10:19:31.394000+00:00,2026-01-07 10:19:28.868030+00:00,271.394,0.515,0.51,0.52,0.485,0.48,0.49,241.93,20.0,20.0,241.93,0.5,453.24,0.53,95.0,0.49,698.0,0.54,115.0,0.48,439.0,0.55,175.0,0.47,499.65,0.56,622.8,0.46,389.0,0.57,302.39,0.47,95.0,0.5,468.24,0.46,115.0,0.51,698.0,0.45,175.0,0.52,487.0,0.44,622.8,0.53,452.65,0.43,302.39,0.54,389.0
2026-01-07 10:19:32.293000+00:00,2026-01-07 10:19:29.875427+00:00,272.293,0.515,0.51,0.52,0.485,0.48,0.49,237.71,20.0,20.0,237.71,0.5,468.24,0.53,95.0,0.49,698.0,0.54,115.0,0.48,487.0,0.55,175.0,0.47,452.65,0.56,622.8,0.46,389.0,0.57,302.39,0.47,95.0,0.5,468.24,0.46,115.0,0.51,698.0,0.45,175.0,0.52,487.0,0.44,622.8,0.53,452.65,0.43,302.39,0.54,389.0
2026-01-07 10:19:33.337000+00:00,2026-01-07 10:19:30.880878+00:00,273.337,0.515,0.51,0.52,0.485,0.48,0.49,165.0,105.0,491.0,70.0,0.5,394.0,0.53,140.0,0.49,658.0,0.54,130.75,0.48,439.0,0.55,150.0,0.47,452.65,0.56,587.8,0.46,389.0,0.57,292.39,0.47,352.6,0.5,319.0,0.46,373.0,0.51,304.0,0.45,449.0,0.52,351.71,0.44,419.0,0.53,392.64,0.43,413.39,0.54,389.0
2026-01-07 10:19:34.371000+00:00,2026-01-07 10:19:31.900589+00:00,274.371,0.485,0.48,0.49,0.515,0.51,0.52,35.0,221.0,188.0,150.0,0.47,128.64,0.5,238.0,0.46,164.24,0.51,303.75,0.45,380.0,0.52,562.0,0.44,309.0,0.53,358.6,0.43,314.85,0.54,508.0,0.5,238.0,0.53,128.65,0.49,298.0,0.54,140.0,0.48,577.0,0.55,380.0,0.47,358.6,0.56,309.0,0.46,508.0,0.57,314.85
2026-01-07 10:19:35.340000+00:00,2026-01-07 10:19:32.905279+00:00,275.34,0.485,0.48,0.49,0.475,0.47,0.48,757.24,144.69,183.0,150.0,0.47,538.65,0.5,183.0,0.46,378.0,0.51,113.0,0.45,348.0,0.52,183.0,0.44,428.0,0.53,183.0,0.43,355.85,0.54,304.0,0.46,183.0,0.49,10.0,0.45,193.0,0.5,35.0,0.44,389.0,0.51,80.0,0.43,374.14,0.52,835.24,0.42,399.0,0.53,542.65
2026-01-07 10:19:36.363000+00:00,2026-01-07 10:19:33.913342+00:00,276.363,0.545,0.54,0.55,0.455,0.45,0.46,35.0,60.0,93.0,35.0,0.53,160.0,0.56,94.44,0.52,268.0,0.57,55.14,0.51,339.0,0.58,278.0,0.5,339.0,0.59,375.24,0.49,384.0,0.6,374.0,0.44,109.44,0.47,85.0,0.43,171.39,0.48,268.0,0.42,338.0,0.49,363.24,0.41,375.24,0.5,339.0,0.4,374.0,0.51,384.0
2026-01-07 10:19:37.436000+00:00,2026-01-07 10:19:34.934504+00:00,277.436,0.525,0.52,0.53,0.475,0.47,0.48,35.0,85.0,85.0,35.0,0.51,130.0,0.54,60.0,0.5,206.0,0.55,293.75,0.49,384.0,0.56,527.74,0.48,404.0,0.57,272.39,0.47,509.65,0.58,308.0,0.46,60.0,0.49,140.0,0.45,293.75,0.5,216.0,0.44,527.74,0.51,384.0,0.43,330.39,0.52,404.0,0.42,248.0,0.53,462.65
2026-01-07 10:19:38.304000+00:00,2026-01-07 10:19:35.941205+00:00,278.304,0.515,0.51,0.52,0.485,0.48,0.49,55.0,60.0,60.0,55.0,0.5,150.0,0.53,258.75,0.49,304.0,0.54,328.0,0.48,130.0,0.55,378.0,0.47,427.65,0.56,576.74,0.46,334.0,0.57,433.39,0.47,258.75,0.5,150.0,0.46,328.0,0.51,304.0,0.45,378.0,0.52,130.0,0.44,576.74,0.53,427.65,0.43,433.39,0.54,334.0
2026-01-07 10:19:39.273000+00:00,2026-01-07 10:19:36.962216+00:00,279.273,0.515,0.51,0.52,0.485,0.48,0.49,60.0,45.0,45.0,65.0,0.5,145.0,0.53,253.0,0.49,104.24,0.54,567.0,0.48,100.0,0.55,378.0,0.47,427.65,0.56,576.74,0.46,334.0,0.57,433.39,0.47,253.0,0.5,145.0,0.46,567.0,0.51,104.24,0.45,378.0,0.52,100.0,0.44,576.74,0.53,427.65,0.43,433.39,0.54,334.0
2026-01-07 10:19:40.320000+00:00,2026-01-07 10:19:37.967973+00:00,280.32,0.515,0.51,0.52,0.485,0.48,0.49,55.0,45.0,45.0,55.0,0.5,145.0,0.53,343.0,0.49,104.24,0.54,567.0,0.48,80.0,0.55,358.0,0.47,427.65,0.56,556.74,0.46,334.0,0.57,433.39,0.47,343.0,0.5,165.0,0.46,567.0,0.51,104.24,0.45,358.0,0.52,80.0,0.44,556.74,0.53,427.65,0.43,433.39,0.54,334.0
2026-01-07 10:19:41.422000+00:00,2026-01-07 10:19:38.970752+00:00,281.422,0.52,0.51,0.53,0.475,0.47,0.48,135.0,358.0,358.0,45.0,0.5,200.0,0.54,552.0,0.49,55.0,0.55,393.75,0.48,150.0,0.56,489.74,0.47,544.65,0.57,433.39,0.46,439.0,0.58,464.0,0.46,552.0,0.49,105.0,0.45,383.75,0.5,200.0,0.44,499.74,0.51,55.0,0.43,433.39,0.52,150.0,0.42,464.0,0.53,544.65
2026-01-07 10:19:42.459000+00:00,2026-01-07 10:19:39.994132+00:00,282.459,0.525,0.52,0.53,0.475,0.47,0.48,140.0,308.0,308.0,148.0,0.51,70.0,0.54,532.0,0.5,130.0,0.55,368.75,0.49,55.0,0.56,519.74,0.48,198.0,0.57,473.39,0.47,497.65,0.58,404.0,0.46,532.0,0.49,70.0,0.45,368.75,0.5,130.0,0.44,519.74,0.51,55.0,0.43,473.39,0.52,198.0,0.42,404.0,0.53,497.65
2026-01-07 10:19:43.405000+00:00,2026-01-07 10:19:41.002528+00:00,283.405,0.52,0.51,0.53,0.48,0.47,0.49,85.0,368.0,368.0,85.0,0.5,180.0,0.54,587.0,0.49,79.24,0.55,378.0,0.48,150.0,0.56,489.74,0.47,768.65,0.57,433.39,0.46,439.0,0.58,464.0,0.46,587.0,0.5,180.0,0.45,378.0,0.51,79.24,0.44,489.74,0.52,150.0,0.43,433.39,0.53,768.65,0.42,464.0,0.54,439.0
2026-01-07 10:19:44.460000+00:00,2026-01-07 10:19:42.010256+00:00,284.46,0.525,0.52,0.53,0.475,0.47,0.48,15.0,359.99,314.99,83.0,0.51,120.0,0.54,547.0,0.5,180.0,0.55,383.75,0.49,55.0,0.56,519.74,0.48,150.0,0.57,433.39,0.47,768.65,0.58,464.0,0.46,547.0,0.49,85.0,0.45,383.75,0.5,180.0,0.44,519.74,0.51,55.0,0.43,433.39,0.52,150.0,0.42,464.0,0.53,768.65
2026-01-07 10:19:45.455000+00:00,2026-01-07 10:19:43.017160+00:00,285.455,0.52,0.51,0.53,0.475,0.47,0.48,115.0,349.99,304.99,90.0,0.5,180.0,0.54,547.0,0.49,55.0,0.55,383.75,0.48,150.0,0.56,519.74,0.47,768.65,0.57,433.39,0.46,439.0,0.58,464.0,0.46,557.0,0.49,85.0,0.45,383.75,0.5,180.0,0.44,519.74,0.51,55.0,0.43,433.39,0.52,150.0,0.42,464.0,0.53,768.65
2026-01-07 10:19:46.541000+00:00,2026-01-07 10:19:44.020766+00:00,286.541,0.545,0.54,0.55,0.455,0.45,0.46,114.99,50.0,50.0,119.99,0.53,85.0,0.56,94.44,0.52,353.0,0.57,278.14,0.51,364.0,0.58,348.0,0.5,748.0,0.59,425.24,0.49,454.0,0.6,389.0,0.44,94.44,0.47,100.0,0.43,278.14,0.48,338.0,0.42,348.0,0.49,364.0,0.41,425.24,0.5,748.0,0.4,389.0,0.51,454.0
2026-01-07 10:19:47.459000+00:00,2026-01-07 10:19:45.029559+00:00,287.459,0.545,0.54,0.55,0.455,0.45,0.46,99.99,15.0,15.0,139.99,0.53,362.24,0.56,94.44,0.52,359.0,0.57,298.39,0.51,459.0,0.58,110.0,0.5,474.0,0.59,458.76,0.49,503.0,0.6,366.0,0.44,94.44,0.47,362.24,0.43,298.39,0.48,359.0,0.42,110.0,0.49,459.0,0.41,519.76,0.5,474.0,0.4,303.0,0.51,454.0
2026-01-07 10:19:48.470000+00:00,2026-01-07 10:19:46.035108+00:00,288.47,0.555,0.55,0.56,0.445,0.44,0.45,177.75,14.44,14.44,177.75,0.54,348.0,0.57,89.39,0.53,383.24,0.58,121.4,0.52,608.0,0.59,275.76,0.51,459.0,0.6,233.0,0.5,524.0,0.61,392.0,0.43,89.39,0.46,348.0,0.42,121.4,0.47,383.24,0.41,275.76,0.48,608.0,0.4,233.0,0.49,459.0,0.39,392.0,0.5,524.0
2026-01-07 10:19:49.442000+00:00,2026-01-07 10:19:47.039380+00:00,289.442,0.555,0.55,0.56,0.445,0.44,0.45,313.75,14.44,14.44,313.75,0.54,273.0,0.57,84.39,0.53,383.24,0.58,86.4,0.52,608.0,0.59,355.76,0.51,459.0,0.6,333.0,0.5,524.0,0.61,462.0,0.43,84.39,0.46,273.0,0.42,86.4,0.47,383.24,0.41,355.76,0.48,608.0,0.4,333.0,0.49,459.0,0.39,462.0,0.5,524.0
2026-01-07 10:19:50.514000+00:00,2026-01-07 10:19:48.065735+00:00,290.514,0.555,0.55,0.56,0.445,0.44,0.45,297.0,12.26,12.26,272.0,0.54,303.0,0.57,154.39,0.53,359.0,0.58,141.4,0.52,608.0,0.59,361.51,0.51,459.0,0.6,333.0,0.5,524.0,0.61,462.0,0.43,154.39,0.46,318.0,0.42,141.4,0.47,359.0,0.41,361.51,0.48,608.0,0.4,333.0,0.49,459.0,0.39,462.0,0.5,524.0
2026-01-07 10:19:51.519000+00:00,2026-01-07 10:19:49.072678+00:00,291.519,0.555,0.55,0.56,0.44,0.43,0.45,202.57,12.26,189.39,277.57,0.54,318.0,0.57,154.39,0.53,359.0,0.58,141.4,0.52,608.0,0.59,585.51,0.51,459.0,0.6,333.0,0.5,524.0,0.61,462.0,0.42,141.4,0.46,308.0,0.41,585.51,0.47,359.0,0.4,333.0,0.48,608.0,0.39,462.0,0.49,459.0,0.38,454.0,0.5,524.0
2026-01-07 10:19:52.535000+00:00,2026-01-07 10:19:50.081913+00:00,292.535,0.56,0.55,0.57,0.44,0.43,0.45,287.57,189.39,189.39,287.57,0.54,308.0,0.58,161.4,0.53,359.0,0.59,575.51,0.52,608.0,0.6,333.0,0.51,459.0,0.61,462.0,0.5,524.0,0.62,454.0,0.42,161.4,0.46,308.0,0.41,575.51,0.47,359.0,0.4,333.0,0.48,608.0,0.39,462.0,0.49,459.0,0.38,454.0,0.5,524.0
2026-01-07 10:19:53.565000+00:00,2026-01-07 10:19:51.088609+00:00,293.565,0.555,0.55,0.56,0.445,0.44,0.45,198.0,488.26,528.26,198.0,0.54,183.0,0.57,482.39,0.53,304.0,0.58,449.4,0.52,334.0,0.59,558.76,0.51,404.0,0.6,424.0,0.5,403.24,0.61,534.0,0.43,492.39,0.46,183.0,0.42,439.4,0.47,304.0,0.41,558.76,0.48,314.0,0.4,424.0,0.49,434.0,0.39,534.0,0.5,403.24
2026-01-07 10:19:54.569000+00:00,2026-01-07 10:19:52.096645+00:00,294.569,0.525,0.52,0.53,0.475,0.47,0.48,20.0,45.0,44.71,35.0,0.51,110.0,0.54,85.0,0.5,403.24,0.55,288.75,0.49,369.0,0.56,587.0,0.48,369.0,0.57,463.39,0.47,459.65,0.58,525.4,0.46,125.0,0.49,120.0,0.45,288.75,0.5,260.24,0.44,597.0,0.51,369.0,0.43,463.39,0.52,417.0,0.42,465.4,0.53,407.65
2026-01-07 10:19:55.563000+00:00,2026-01-07 10:19:53.105757+00:00,295.563,0.515,0.51,0.52,0.485,0.48,0.49,5.0,594.07,866.07,5.0,0.5,121.0,0.53,383.75,0.49,304.0,0.54,558.7,0.48,319.0,0.55,474.0,0.47,417.65,0.56,474.0,0.46,379.0,0.57,428.39,0.47,471.25,0.53,169.65,0.46,534.0,0.54,349.0,0.45,474.0,0.55,354.0,0.44,474.0,0.56,334.0,0.43,428.39,0.57,305.85
2026-01-07 10:19:56.372000+00:00,2026-01-07 10:19:54.112573+00:00,296.372,0.475,0.47,0.48,0.525,0.52,0.53,48.65,92.26,92.26,23.27,0.46,45.0,0.49,253.0,0.45,153.0,0.5,253.0,0.44,79.24,0.51,324.0,0.43,35.0,0.52,686.07,0.42,380.0,0.53,440.5,0.51,253.0,0.54,30.0,0.5,253.0,0.55,163.0,0.49,324.0,0.56,79.24,0.48,676.07,0.57,35.0,0.47,440.5,0.58,380.0
2026-01-07 10:19:57.567000+00:00,2026-01-07 10:19:55.133367+00:00,297.567,0.475,0.47,0.48,0.525,0.52,0.53,3.64,102.26,92.26,3.64,0.46,30.0,0.49,258.0,0.45,173.0,0.5,243.0,0.44,79.24,0.51,324.0,0.43,35.0,0.52,676.07,0.42,380.0,0.53,447.53,0.51,258.0,0.54,30.0,0.5,243.0,0.55,173.0,0.49,324.0,0.56,79.24,0.48,676.07,0.57,35.0,0.47,447.53,0.58,380.0
2026-01-07 10:19:58.593000+00:00,2026-01-07 10:19:56.139813+00:00,298.593,0.475,0.47,0.48,0.525,0.52,0.53,12.29,295.26,295.26,12.29,0.46,30.0,0.49,258.0,0.45,173.0,0.5,243.0,0.44,79.24,0.51,394.0,0.43,35.0,0.52,714.07,0.42,380.0,0.53,414.63,0.51,258.0,0.54,30.0,0.5,243.0,0.55,173.0,0.49,394.0,0.56,79.24,0.48,714.07,0.57,35.0,0.47,414.63,0.58,380.0
2026-01-07 10:19:59.550000+00:00,2026-01-07 10:19:57.141772+00:00,299.55,0.475,0.47,0.48,0.525,0.52,0.53,14.14,97.26,97.26,14.14,0.46,175.0,0.49,318.0,0.45,138.01,0.5,328.75,0.44,261.0,0.51,343.0,0.43,409.0,0.52,714.07,0.42,676.0,0.53,414.63,0.51,318.0,0.54,150.0,0.5,328.75,0.55,138.01,0.49,343.0,0.56,261.0,0.48,714.07,0.57,409.0,0.47,414.63,0.58,676.0
2026-01-07 10:20:00.526000+00:00,2026-01-07 10:19:58.163844+00:00,300.526,0.475,0.47,0.48,0.525,0.52,0.53,31.65,93.09,93.09,31.65,0.46,145.0,0.49,263.0,0.45,128.01,0.5,373.75,0.44,261.0,0.51,343.0,0.43,453.0,0.52,500.07,0.42,633.0,0.53,414.63,0.51,263.0,0.54,145.0,0.5,373.75,0.55,128.01,0.49,343.0,0.56,261.0,0.48,500.07,0.57,453.0,0.47,414.63,0.58,633.0
2026-01-07 10:20:01.657000+00:00,2026-01-07 10:19:59.184190+00:00,301.657,0.475,0.47,0.48,0.525,0.52,0.53,577.64,81.0,56.76,562.64,0.46,469.0,0.53,228.63,0.45,376.01,0.54,417.0,0.44,454.0,0.55,328.0,0.43,516.0,0.56,409.0,0.42,409.0,0.57,521.39,0.47,45.63,0.54,530.0,0.46,234.0,0.55,437.01,0.45,328.0,0.56,454.0,0.44,288.0,0.57,516.0,0.43,400.39,0.58,409.0
2026-01-07 10:20:02.646000+00:00,2026-01-07 10:20:00.190423+00:00,302.646,0.525,0.52,0.53,0.475,0.47,0.48,433.0,10.63,25.63,453.0,0.51,669.0,0.56,238.0,0.5,347.0,0.57,379.98,0.49,419.0,0.58,444.0,0.48,506.0,0.59,624.76,0.47,432.65,0.6,429.0,0.44,238.0,0.49,669.0,0.43,379.98,0.5,347.0,0.42,444.0,0.51,419.0,0.41,624.76,0.52,506.0,0.4,429.0,0.53,432.65
2026-01-07 10:20:03.606000+00:00,2026-01-07 10:20:01.197121+00:00,303.606,0.545,0.54,0.55,0.455,0.45,0.46,183.0,40.0,55.0,183.0,0.53,188.0,0.56,35.0,0.52,503.58,0.57,379.98,0.51,538.0,0.58,323.0,0.5,417.0,0.59,624.76,0.49,409.0,0.6,429.0,0.44,25.0,0.47,203.0,0.43,369.98,0.48,503.58,0.42,323.0,0.49,538.0,0.41,624.76,0.5,467.0,0.4,429.0,0.51,409.0
2026-01-07 10:20:04.543000+00:00,2026-01-07 10:20:02.214171+00:00,304.543,0.545,0.54,0.55,0.455,0.45,0.46,297.0,20.0,20.0,297.0,0.53,313.0,0.56,40.63,0.52,393.58,0.57,403.0,0.51,563.0,0.58,344.4,0.5,467.0,0.59,634.76,0.49,374.0,0.6,429.0,0.44,40.63,0.47,313.0,0.43,403.0,0.48,393.58,0.42,344.4,0.49,563.0,0.41,634.76,0.5,467.0,0.4,429.0,0.51,374.0
