timestamp,collected_at,seconds,mid,bid,ask,asset
2026-01-06 03:30:00+00:00,2026-01-06 03:32:17.408983+00:00,0.0,93764.42,93760.31,93768.52,BTC
2026-01-06 03:30:01+00:00,2026-01-06 03:32:18.424876+00:00,1.0,93767.87,93763.56,93772.23,BTC
2026-01-06 03:30:02+00:00,2026-01-06 03:32:19.414406+00:00,2.0,93771.42,93766.77,93775.94,BTC
2026-01-06 03:30:03+00:00,2026-01-06 03:32:20.420477+00:00,3.0,93773.21,93768.4,93777.64,BTC
2026-01-06 03:30:04+00:00,2026-01-06 03:32:21.428287+00:00,4.0,93774.92,93769.94,93779.33,BTC
2026-01-06 03:30:05+00:00,2026-01-06 03:32:22.407892+00:00,5.0,93775.66,93770.6,93780.02,BTC
2026-01-06 03:30:06+00:00,2026-01-06 03:32:23.423946+00:00,6.0,93776.01,93770.99,93780.71,BTC
2026-01-06 03:30:08+00:00,2026-01-06 03:32:24.998127+00:00,8.0,93776.73,93772.02,93781.45,BTC
2026-01-06 03:30:09+00:00,2026-01-06 03:32:25.989602+00:00,9.0,93776.73,93772.02,93781.45,BTC
2026-01-06 03:30:10+00:00,2026-01-06 03:32:27.005549+00:00,10.0,93776.48,93771.45,93780.74,BTC
2026-01-06 03:30:11+00:00,2026-01-06 03:32:28.008247+00:00,11.0,93777.47,93772.63,93782.06,BTC
2026-01-06 03:30:12+00:00,2026-01-06 03:32:29.018851+00:00,12.0,93777.73,93773.33,93782.11,BTC
2026-01-06 03:30:13+00:00,2026-01-06 03:32:30.040555+00:00,13.0,93777.77,93773.33,93782.2,BTC
2026-01-06 03:30:14+00:00,2026-01-06 03:32:31.088886+00:00,14.0,93781.5,93777.12,93785.8,BTC
2026-01-06 03:30:15+00:00,2026-01-06 03:32:32.103129+00:00,15.0,93783.01,93779.13,93786.9,BTC
2026-01-06 03:30:16+00:00,2026-01-06 03:32:33.107441+00:00,16.0,93787.72,93783.64,93792.03,BTC
2026-01-06 03:30:17+00:00,2026-01-06 03:32:34.112312+00:00,17.0,93788.52,93784.3,93792.9,BTC
2026-01-06 03:30:18+00:00,2026-01-06 03:32:35.138538+00:00,18.0,93788.58,93784.32,93792.83,BTC
2026-01-06 03:30:19+00:00,2026-01-06 03:32:36.218949+00:00,19.0,93790.45,93786.21,93794.94,BTC
2026-01-06 03:30:20+00:00,2026-01-06 03:32:37.224109+00:00,20.0,93789.64,93785.31,93793.97,BTC
2026-01-06 03:30:21+00:00,2026-01-06 03:32:38.234968+00:00,21.0,93800.34,93795.62,93805.07,BTC
2026-01-06 03:30:22+00:00,2026-01-06 03:32:39.227720+00:00,22.0,93800.91,93797.07,93805.56,BTC
2026-01-06 03:30:23+00:00,2026-01-06 03:32:40.237533+00:00,23.0,93799.8,93795.12,93804.48,BTC
2026-01-06 03:30:24+00:00,2026-01-06 03:32:41.266150+00:00,24.0,93807.89,93803.33,93813.2,BTC
2026-01-06 03:30:25+00:00,2026-01-06 03:32:42.273803+00:00,25.0,93808.25,93803.55,93813.69,BTC
2026-01-06 03:30:26+00:00,2026-01-06 03:32:43.282009+00:00,26.0,93808.38,93803.92,93813.84,BTC
2026-01-06 03:30:27+00:00,2026-01-06 03:32:44.406175+00:00,27.0,93808.39,93803.92,93813.82,BTC
2026-01-06 03:30:28+00:00,2026-01-06 03:32:45.406986+00:00,28.0,93808.7,93804.22,93813.86,BTC
2026-01-06 03:30:29+00:00,2026-01-06 03:32:46.437856+00:00,29.0,93808.71,93804.1,93813.81,BTC
2026-01-06 03:30:30+00:00,2026-01-06 03:32:47.435836+00:00,30.0,93808.93,93804.04,93813.92,BTC
2026-01-06 03:30:31+00:00,2026-01-06 03:32:48.440542+00:00,31.0,93810.72,93805.65,93815.78,BTC
2026-01-06 03:30:32+00:00,2026-01-06 03:32:49.456807+00:00,32.0,93809.84,93805.07,93815.33,BTC
2026-01-06 03:30:33+00:00,2026-01-06 03:32:50.473579+00:00,33.0,93809.81,93804.78,93814.86,BTC
2026-01-06 03:30:34+00:00,2026-01-06 03:32:51.470396+00:00,34.0,93813.92,93808.86,93819.1,BTC
2026-01-06 03:30:35+00:00,2026-01-06 03:32:52.473769+00:00,35.0,93814.49,93809.56,93819.79,BTC
2026-01-06 03:30:36+00:00,2026-01-06 03:32:53.489334+00:00,36.0,93814.5,93809.63,93819.79,BTC
2026-01-06 03:30:37+00:00,2026-01-06 03:32:54.502150+00:00,37.0,93814.5,93809.63,93819.79,BTC
2026-01-06 03:30:38+00:00,2026-01-06 03:32:55.521872+00:00,38.0,93815.58,93810.45,93820.35,BTC
2026-01-06 03:30:39+00:00,2026-01-06 03:32:56.651563+00:00,39.0,93822.09,93817.35,93826.84,BTC
2026-01-06 03:30:40+00:00,2026-01-06 03:32:57.701838+00:00,40.0,93820.93,93816.3,93825.59,BTC
2026-01-06 03:30:41+00:00,2026-01-06 03:32:58.706905+00:00,41.0,93821.68,93817.18,93826.42,BTC
2026-01-06 03:30:42+00:00,2026-01-06 03:32:59.729535+00:00,42.0,93822.43,93818.05,93827.25,BTC
2026-01-06 03:30:43+00:00,2026-01-06 03:33:00.749229+00:00,43.0,93824.29,93819.8,93829.07,BTC
2026-01-06 03:30:44+00:00,2026-01-06 03:33:01.731755+00:00,44.0,93826.17,93821.55,93830.9,BTC
2026-01-06 03:30:45+00:00,2026-01-06 03:33:02.746162+00:00,45.0,93826.34,93821.72,93831.03,BTC
2026-01-06 03:30:46+00:00,2026-01-06 03:33:03.739173+00:00,46.0,93827.2,93822.96,93831.65,BTC
2026-01-06 03:30:47+00:00,2026-01-06 03:33:04.732285+00:00,47.0,93827.911,93824.03,93832.17,BTC
2026-01-06 03:30:48+00:00,2026-01-06 03:33:05.733735+00:00,48.0,93827.911,93824.03,93832.17,BTC
2026-01-06 03:30:49+00:00,2026-01-06 03:33:06.736982+00:00,49.0,93831.161,93828.98,93836.3,BTC
2026-01-06 03:30:50+00:00,2026-01-06 03:33:07.743551+00:00,50.0,93835.441,93831.77,93840.1,BTC
2026-01-06 03:30:51+00:00,2026-01-06 03:33:08.756138+00:00,51.0,93835.031,93831.05,93839.58,BTC
2026-01-06 03:30:52+00:00,2026-01-06 03:33:09.816376+00:00,52.0,93841.621,93838.02,93846.22,BTC
2026-01-06 03:30:53+00:00,2026-01-06 03:33:10.796964+00:00,53.0,93851.151,93847.22,93856.04,BTC
2026-01-06 03:30:54+00:00,2026-01-06 03:33:11.812394+00:00,54.0,93852.191,93848.33,93857.35,BTC
2026-01-06 03:30:55+00:00,2026-01-06 03:33:12.817625+00:00,55.0,93849.971,93846.11,93854.27,BTC
2026-01-06 03:30:56+00:00,2026-01-06 03:33:13.833154+00:00,56.0,93849.681,93844.86,93852.89,BTC
2026-01-06 03:30:57+00:00,2026-01-06 03:33:14.803795+00:00,57.0,93849.771,93844.91,93853.01,BTC
2026-01-06 03:30:58+00:00,2026-01-06 03:33:15.817030+00:00,58.0,93849.851,93845.09,93853.22,BTC
2026-01-06 03:30:59+00:00,2026-01-06 03:33:16.806263+00:00,59.0,93849.851,93845.09,93853.17,BTC
2026-01-06 03:31:00+00:00,2026-01-06 03:33:17.818762+00:00,60.0,93850.991,93846.0,93855.24,BTC
2026-01-06 03:31:01+00:00,2026-01-06 03:33:18.821870+00:00,61.0,93851.011,93846.03,93856.36,BTC
2026-01-06 03:31:02+00:00,2026-01-06 03:33:19.834642+00:00,62.0,93850.991,93846.17,93856.25,BTC
2026-01-06 03:31:03+00:00,2026-01-06 03:33:20.823085+00:00,63.0,93852.911,93848.36,93857.82,BTC
2026-01-06 03:31:04+00:00,2026-01-06 03:33:21.822359+00:00,64.0,93853.751,93849.59,93858.6,BTC
2026-01-06 03:31:05+00:00,2026-01-06 03:33:22.828241+00:00,65.0,93853.781,93849.61,93858.62,BTC
2026-01-06 03:31:06+00:00,2026-01-06 03:33:23.830436+00:00,66.0,93853.591,93849.4,93858.38,BTC
2026-01-06 03:31:07+00:00,2026-01-06 03:33:24.844965+00:00,67.0,93853.401,93849.16,93858.12,BTC
2026-01-06 03:31:08+00:00,2026-01-06 03:33:25.873666+00:00,68.0,93853.501,93849.27,93858.2,BTC
2026-01-06 03:31:09+00:00,2026-01-06 03:33:26.872416+00:00,69.0,93853.451,93849.28,93858.13,BTC
2026-01-06 03:31:10+00:00,2026-01-06 03:33:27.890978+00:00,70.0,93853.461,93849.21,93858.22,BTC
2026-01-06 03:31:11+00:00,2026-01-06 03:33:28.903238+00:00,71.0,93853.611,93849.27,93858.47,BTC
2026-01-06 03:31:12+00:00,2026-01-06 03:33:29.918315+00:00,72.0,93852.621,93848.28,93857.44,BTC
2026-01-06 03:31:13+00:00,2026-01-06 03:33:30.921827+00:00,73.0,93854.411,93850.05,93859.3,BTC
2026-01-06 03:31:14+00:00,2026-01-06 03:33:31.921562+00:00,74.0,93854.521,93849.5,93859.62,BTC
2026-01-06 03:31:15+00:00,2026-01-06 03:33:32.924171+00:00,75.0,93854.971,93850.27,93859.77,BTC
2026-01-06 03:31:16+00:00,2026-01-06 03:33:33.936139+00:00,76.0,93854.971,93850.27,93859.69,BTC
2026-01-06 03:31:17+00:00,2026-01-06 03:33:34.957085+00:00,77.0,93858.471,93854.46,93863.02,BTC
2026-01-06 03:31:18+00:00,2026-01-06 03:33:35.951701+00:00,78.0,93858.431,93854.37,93862.91,BTC
2026-01-06 03:31:19+00:00,2026-01-06 03:33:36.969724+00:00,79.0,93859.911,93856.03,93864.42,BTC
2026-01-06 03:31:20+00:00,2026-01-06 03:33:37.974908+00:00,80.0,93859.911,93856.03,93864.42,BTC
2026-01-06 03:31:21+00:00,2026-01-06 03:33:38.968874+00:00,81.0,93859.361,93855.57,93863.73,BTC
2026-01-06 03:31:22+00:00,2026-01-06 03:33:39.969191+00:00,82.0,93858.861,93855.07,93863.31,BTC
2026-01-06 03:31:23+00:00,2026-01-06 03:33:40.988096+00:00,83.0,93859.771,93856.03,93864.22,BTC
2026-01-06 03:31:24+00:00,2026-01-06 03:33:41.989350+00:00,84.0,93859.201,93855.48,93863.76,BTC
2026-01-06 03:31:25+00:00,2026-01-06 03:33:43.085720+00:00,85.0,93859.451,93855.74,93863.88,BTC
2026-01-06 03:31:26+00:00,2026-01-06 03:33:44.088542+00:00,86.0,93859.171,93855.5,93863.65,BTC
2026-01-06 03:31:27+00:00,2026-01-06 03:33:45.087244+00:00,87.0,93859.171,93855.43,93863.63,BTC
2026-01-06 03:31:28+00:00,2026-01-06 03:33:46.087658+00:00,88.0,93861.671,93858.17,93866.28,BTC
2026-01-06 03:31:29+00:00,2026-01-06 03:33:47.087889+00:00,89.0,93861.671,93858.17,93866.28,BTC
2026-01-06 03:31:30+00:00,2026-01-06 03:33:48.096499+00:00,90.0,93866.921,93864.99,93871.32,BTC
2026-01-06 03:31:31+00:00,2026-01-06 03:33:49.102908+00:00,91.0,93873.381,93869.9,93878.4,BTC
2026-01-06 03:31:32+00:00,2026-01-06 03:33:50.133395+00:00,92.0,93874.391,93869.9,93878.97,BTC
2026-01-06 03:31:33+00:00,2026-01-06 03:33:51.128828+00:00,93.0,93878.651,93875.06,93882.8,BTC
2026-01-06 03:31:34+00:00,2026-01-06 03:33:52.136495+00:00,94.0,93878.651,93875.06,93882.8,BTC
2026-01-06 03:31:35+00:00,2026-01-06 03:33:53.167195+00:00,95.0,93878.551,93874.94,93882.79,BTC
2026-01-06 03:31:36+00:00,2026-01-06 03:33:55.173288+00:00,96.0,93878.741,93875.28,93882.87,BTC
2026-01-06 03:31:37+00:00,2026-01-06 03:33:56.170948+00:00,97.0,93878.891,93875.48,93882.92,BTC
2026-01-06 03:31:39+00:00,2026-01-06 03:33:57.212010+00:00,99.0,93878.941,93875.39,93882.97,BTC
2026-01-06 03:31:40+00:00,2026-01-06 03:33:58.233308+00:00,100.0,93879.001,93875.55,93883.0,BTC
2026-01-06 03:31:41+00:00,2026-01-06 03:33:59.210130+00:00,101.0,93879.001,93875.55,93883.0,BTC
2026-01-06 03:31:42+00:00,2026-01-06 03:34:00.279476+00:00,102.0,93887.701,93883.52,93892.44,BTC
2026-01-06 03:31:43+00:00,2026-01-06 03:34:01.252202+00:00,103.0,93887.701,93883.52,93892.44,BTC
2026-01-06 03:31:44+00:00,2026-01-06 03:34:02.232930+00:00,104.0,93887.001,93882.95,93891.68,BTC
2026-01-06 03:31:45+00:00,2026-01-06 03:34:03.220169+00:00,105.0,93887.001,93882.95,93891.68,BTC
2026-01-06 03:31:46+00:00,2026-01-06 03:34:04.241279+00:00,106.0,93894.311,93889.45,93899.34,BTC
2026-01-06 03:31:47+00:00,2026-01-06 03:34:05.225293+00:00,107.0,93894.311,93889.45,93899.34,BTC
2026-01-06 03:31:48+00:00,2026-01-06 03:34:06.236091+00:00,108.0,93894.741,93890.68,93899.43,BTC
2026-01-06 03:31:49+00:00,2026-01-06 03:34:07.257329+00:00,109.0,93895.011,93891.0,93899.53,BTC
2026-01-06 03:31:50+00:00,2026-01-06 03:34:08.239824+00:00,110.0,93889.591,93887.22,93894.1,BTC
2026-01-06 03:31:51+00:00,2026-01-06 03:34:09.230641+00:00,111.0,93889.431,93885.65,93893.84,BTC
2026-01-06 03:31:52+00:00,2026-01-06 03:34:10.239400+00:00,112.0,93887.651,93883.4,93892.98,BTC
2026-01-06 03:31:53+00:00,2026-01-06 03:34:11.246252+00:00,113.0,93888.211,93884.17,93893.21,BTC
2026-01-06 03:31:54+00:00,2026-01-06 03:34:12.263677+00:00,114.0,93888.211,93884.17,93893.21,BTC
2026-01-06 03:31:55+00:00,2026-01-06 03:34:13.288919+00:00,115.0,93888.111,93883.97,93893.21,BTC
2026-01-06 03:31:56+00:00,2026-01-06 03:34:14.285256+00:00,116.0,93888.011,93883.62,93893.35,BTC
2026-01-06 03:31:57+00:00,2026-01-06 03:34:15.309512+00:00,117.0,93887.801,93883.01,93892.78,BTC
2026-01-06 03:31:58+00:00,2026-01-06 03:34:16.286921+00:00,118.0,93887.241,93882.7,93892.43,BTC
2026-01-06 03:31:59+00:00,2026-01-06 03:34:18.301319+00:00,119.0,93889.281,93885.27,93894.69,BTC
2026-01-06 03:32:00+00:00,2026-01-06 03:34:19.316929+00:00,120.0,93892.531,93888.51,93897.59,BTC
2026-01-06 03:32:01+00:00,2026-01-06 03:34:20.329406+00:00,121.0,93899.241,93894.79,93904.16,BTC
2026-01-06 03:32:02+00:00,2026-01-06 03:34:21.334317+00:00,122.0,93905.571,93901.15,93910.31,BTC
2026-01-06 03:32:03+00:00,2026-01-06 03:34:22.349791+00:00,123.0,93917.591,93912.8,93922.3,BTC
2026-01-06 03:32:04+00:00,2026-01-06 03:34:23.355483+00:00,124.0,93928.931,93923.73,93933.29,BTC
2026-01-06 03:32:05+00:00,2026-01-06 03:34:24.368852+00:00,125.0,93930.221,93924.77,93933.72,BTC
2026-01-06 03:32:06+00:00,2026-01-06 03:34:25.364986+00:00,126.0,93930.481,93925.11,93934.06,BTC
2026-01-06 03:32:07+00:00,2026-01-06 03:34:26.365621+00:00,127.0,93930.481,93925.43,93934.06,BTC
2026-01-06 03:32:08+00:00,2026-01-06 03:34:27.372049+00:00,128.0,93930.731,93925.76,93934.25,BTC
2026-01-06 03:32:09+00:00,2026-01-06 03:34:28.382740+00:00,129.0,93930.991,93926.31,93934.83,BTC
2026-01-06 03:32:10+00:00,2026-01-06 03:34:29.398478+00:00,130.0,93933.131,93928.41,93937.69,BTC
2026-01-06 03:32:11+00:00,2026-01-06 03:34:30.386959+00:00,131.0,93935.621,93931.36,93940.21,BTC
2026-01-06 03:32:12+00:00,2026-01-06 03:34:31.419168+00:00,132.0,93935.451,93931.73,93940.14,BTC
2026-01-06 03:32:13+00:00,2026-01-06 03:34:32.418176+00:00,133.0,93930.621,93927.16,93935.29,BTC
2026-01-06 03:32:14+00:00,2026-01-06 03:34:33.438148+00:00,134.0,93922.161,93918.36,93925.77,BTC
2026-01-06 03:32:15+00:00,2026-01-06 03:34:34.435713+00:00,135.0,93917.761,93913.17,93921.01,BTC
2026-01-06 03:32:16+00:00,2026-01-06 03:34:35.440014+00:00,136.0,93912.471,93908.69,93916.06,BTC
2026-01-06 03:32:17+00:00,2026-01-06 03:34:36.433238+00:00,137.0,93907.051,93904.47,93911.12,BTC
2026-01-06 03:32:18+00:00,2026-01-06 03:34:37.434151+00:00,138.0,93906.311,93903.23,93910.58,BTC
2026-01-06 03:32:19+00:00,2026-01-06 03:34:38.449610+00:00,139.0,93905.171,93901.66,93908.03,BTC
2026-01-06 03:32:20+00:00,2026-01-06 03:34:39.452260+00:00,140.0,93902.571,93898.93,93905.25,BTC
2026-01-06 03:32:21+00:00,2026-01-06 03:34:40.496309+00:00,141.0,93898.641,93895.05,93903.56,BTC
2026-01-06 03:32:22+00:00,2026-01-06 03:34:41.488085+00:00,142.0,93896.151,93892.1,93901.44,BTC
2026-01-06 03:32:23+00:00,2026-01-06 03:34:42.493502+00:00,143.0,93897.441,93892.51,93902.0,BTC
2026-01-06 03:32:24+00:00,2026-01-06 03:34:43.504813+00:00,144.0,93896.291,93891.92,93900.46,BTC
2026-01-06 03:32:25+00:00,2026-01-06 03:34:44.518726+00:00,145.0,93892.951,93888.64,93896.43,BTC
2026-01-06 03:32:26+00:00,2026-01-06 03:34:45.521066+00:00,146.0,93892.211,93887.76,93895.61,BTC
2026-01-06 03:32:27+00:00,2026-01-06 03:34:46.523532+00:00,147.0,93891.661,93887.24,93895.07,BTC
2026-01-06 03:32:28+00:00,2026-01-06 03:34:47.534311+00:00,148.0,93887.411,93883.43,93889.49,BTC
2026-01-06 03:32:29+00:00,2026-01-06 03:34:48.535834+00:00,149.0,93883.531,93879.99,93884.34,BTC
2026-01-06 03:32:30+00:00,2026-01-06 03:34:49.551474+00:00,150.0,93880.021,93875.97,93880.74,BTC
2026-01-06 03:32:31+00:00,2026-01-06 03:34:50.570649+00:00,151.0,93876.201,93872.03,93877.13,BTC
2026-01-06 03:32:32+00:00,2026-01-06 03:34:51.580300+00:00,152.0,93874.791,93870.96,93875.71,BTC
2026-01-06 03:32:33+00:00,2026-01-06 03:34:52.583059+00:00,153.0,93873.711,93869.89,93874.3,BTC
2026-01-06 03:32:34+00:00,2026-01-06 03:34:53.584942+00:00,154.0,93877.821,93873.64,93880.21,BTC
2026-01-06 03:32:35+00:00,2026-01-06 03:34:54.583349+00:00,155.0,93881.941,93877.52,93885.99,BTC
2026-01-06 03:32:36+00:00,2026-01-06 03:34:55.586259+00:00,156.0,93880.021,93875.82,93884.04,BTC
2026-01-06 03:32:37+00:00,2026-01-06 03:34:56.601579+00:00,157.0,93878.101,93873.99,93882.22,BTC
2026-01-06 03:32:38+00:00,2026-01-06 03:34:57.604253+00:00,158.0,93878.051,93873.73,93882.0,BTC
2026-01-06 03:32:39+00:00,2026-01-06 03:34:58.642585+00:00,159.0,93878.031,93873.45,93881.78,BTC
2026-01-06 03:32:40+00:00,2026-01-06 03:34:59.633745+00:00,160.0,93878.221,93873.68,93882.12,BTC
2026-01-06 03:32:41+00:00,2026-01-06 03:35:00.617974+00:00,161.0,93878.351,93873.82,93882.46,BTC
2026-01-06 03:32:42+00:00,2026-01-06 03:35:01.620766+00:00,162.0,93878.441,93874.04,93882.5,BTC
2026-01-06 03:32:43+00:00,2026-01-06 03:35:02.616225+00:00,163.0,93878.721,93874.39,93882.43,BTC
2026-01-06 03:32:44+00:00,2026-01-06 03:35:03.617165+00:00,164.0,93878.831,93874.37,93882.39,BTC
2026-01-06 03:32:45+00:00,2026-01-06 03:35:04.630089+00:00,165.0,93878.791,93874.47,93882.62,BTC
2026-01-06 03:32:46+00:00,2026-01-06 03:35:05.637571+00:00,166.0,93878.841,93874.46,93882.46,BTC
2026-01-06 03:32:47+00:00,2026-01-06 03:35:06.651396+00:00,167.0,93878.901,93874.35,93882.19,BTC
2026-01-06 03:32:48+00:00,2026-01-06 03:35:07.665445+00:00,168.0,93878.671,93874.07,93882.13,BTC
2026-01-06 03:32:49+00:00,2026-01-06 03:35:08.650811+00:00,169.0,93878.441,93873.85,93882.24,BTC
2026-01-06 03:32:50+00:00,2026-01-06 03:35:09.687260+00:00,170.0,93878.401,93873.89,93882.27,BTC
2026-01-06 03:32:51+00:00,2026-01-06 03:35:10.678767+00:00,171.0,93877.971,93873.36,93881.72,BTC
2026-01-06 03:32:52+00:00,2026-01-06 03:35:11.679060+00:00,172.0,93877.701,93873.02,93881.47,BTC
2026-01-06 03:32:53+00:00,2026-01-06 03:35:12.683504+00:00,173.0,93877.731,93873.13,93881.41,BTC
2026-01-06 03:32:54+00:00,2026-01-06 03:35:13.703550+00:00,174.0,93878.271,93873.74,93882.34,BTC
2026-01-06 03:32:55+00:00,2026-01-06 03:35:14.703249+00:00,175.0,93879.071,93874.45,93883.69,BTC
2026-01-06 03:32:56+00:00,2026-01-06 03:35:15.717602+00:00,176.0,93880.101,93875.41,93884.62,BTC
2026-01-06 03:32:57+00:00,2026-01-06 03:35:16.719706+00:00,177.0,93880.871,93876.22,93885.25,BTC
2026-01-06 03:32:58+00:00,2026-01-06 03:35:17.719508+00:00,178.0,93881.151,93876.75,93885.45,BTC
2026-01-06 03:32:59+00:00,2026-01-06 03:35:18.767774+00:00,179.0,93881.481,93877.32,93885.64,BTC
2026-01-06 03:33:00+00:00,2026-01-06 03:35:19.765851+00:00,180.0,93881.631,93877.49,93885.76,BTC
2026-01-06 03:33:01+00:00,2026-01-06 03:35:20.781884+00:00,181.0,93881.191,93876.91,93885.48,BTC
2026-01-06 03:33:02+00:00,2026-01-06 03:35:21.801533+00:00,182.0,93878.201,93873.67,93882.73,BTC
2026-01-06 03:33:03+00:00,2026-01-06 03:35:22.812850+00:00,183.0,93876.971,93872.54,93881.04,BTC
2026-01-06 03:33:04+00:00,2026-01-06 03:35:23.831486+00:00,184.0,93874.781,93870.62,93877.24,BTC
2026-01-06 03:33:05+00:00,2026-01-06 03:35:24.845275+00:00,185.0,93871.461,93867.38,93872.55,BTC
2026-01-06 03:33:06+00:00,2026-01-06 03:35:25.852525+00:00,186.0,93870.661,93867.35,93871.32,BTC
2026-01-06 03:33:07+00:00,2026-01-06 03:35:26.869085+00:00,187.0,93869.871,93867.34,93870.37,BTC
2026-01-06 03:33:08+00:00,2026-01-06 03:35:27.884170+00:00,188.0,93869.851,93867.37,93870.35,BTC
2026-01-06 03:33:09+00:00,2026-01-06 03:35:28.883324+00:00,189.0,93865.851,93861.91,93866.71,BTC
2026-01-06 03:33:10+00:00,2026-01-06 03:35:29.886050+00:00,190.0,93861.891,93856.45,93863.09,BTC
2026-01-06 03:33:11+00:00,2026-01-06 03:35:30.902923+00:00,191.0,93861.311,93856.43,93864.06,BTC
2026-01-06 03:33:12+00:00,2026-01-06 03:35:31.900690+00:00,192.0,93860.911,93856.6,93865.12,BTC
2026-01-06 03:33:13+00:00,2026-01-06 03:35:32.916644+00:00,193.0,93861.111,93856.91,93865.21,BTC
2026-01-06 03:33:14+00:00,2026-01-06 03:35:33.948073+00:00,194.0,93860.251,93856.16,93863.52,BTC
2026-01-06 03:33:15+00:00,2026-01-06 03:35:34.934086+00:00,195.0,93860.931,93856.44,93863.88,BTC
2026-01-06 03:33:16+00:00,2026-01-06 03:35:35.949164+00:00,196.0,93862.491,93857.61,93865.95,BTC
2026-01-06 03:33:17+00:00,2026-01-06 03:35:36.969108+00:00,197.0,93868.951,93864.21,93872.99,BTC
2026-01-06 03:33:18+00:00,2026-01-06 03:35:37.965203+00:00,198.0,93875.881,93871.32,93880.14,BTC
2026-01-06 03:33:19+00:00,2026-01-06 03:35:38.966546+00:00,199.0,93877.371,93873.01,93881.34,BTC
2026-01-06 03:33:20+00:00,2026-01-06 03:35:39.984448+00:00,200.0,93878.391,93874.21,93882.44,BTC
2026-01-06 03:33:21+00:00,2026-01-06 03:35:40.987833+00:00,201.0,93884.631,93880.13,93888.82,BTC
2026-01-06 03:33:22+00:00,2026-01-06 03:35:41.981236+00:00,202.0,93892.371,93887.97,93897.39,BTC
2026-01-06 03:33:23+00:00,2026-01-06 03:35:42.981424+00:00,203.0,93894.431,93890.23,93899.79,BTC
2026-01-06 03:33:24+00:00,2026-01-06 03:35:44.009454+00:00,204.0,93897.561,93893.47,93902.52,BTC
2026-01-06 03:33:25+00:00,2026-01-06 03:35:45.017174+00:00,205.0,93900.531,93896.7,93905.45,BTC
2026-01-06 03:33:26+00:00,2026-01-06 03:35:46.015756+00:00,206.0,93900.031,93896.35,93904.71,BTC
2026-01-06 03:33:27+00:00,2026-01-06 03:35:47.018460+00:00,207.0,93897.541,93893.84,93902.29,BTC
2026-01-06 03:33:28+00:00,2026-01-06 03:35:48.032652+00:00,208.0,93895.821,93891.28,93900.36,BTC
2026-01-06 03:33:29+00:00,2026-01-06 03:35:49.013455+00:00,209.0,93895.681,93890.57,93899.7,BTC
2026-01-06 03:33:30+00:00,2026-01-06 03:35:50.015183+00:00,210.0,93895.071,93890.17,93898.75,BTC
2026-01-06 03:33:31+00:00,2026-01-06 03:35:51.057207+00:00,211.0,93894.451,93889.76,93897.79,BTC
2026-01-06 03:33:32+00:00,2026-01-06 03:35:52.052251+00:00,212.0,93894.591,93889.87,93897.6,BTC
2026-01-06 03:33:33+00:00,2026-01-06 03:35:53.065719+00:00,213.0,93894.681,93889.68,93896.82,BTC
2026-01-06 03:33:34+00:00,2026-01-06 03:35:54.081914+00:00,214.0,93896.531,93891.24,93900.02,BTC
2026-01-06 03:33:35+00:00,2026-01-06 03:35:55.102270+00:00,215.0,93898.431,93893.75,93903.8,BTC
2026-01-06 03:33:36+00:00,2026-01-06 03:35:56.096999+00:00,216.0,93899.601,93895.74,93904.58,BTC
2026-01-06 03:33:37+00:00,2026-01-06 03:35:57.082683+00:00,217.0,93900.751,93896.88,93905.3,BTC
2026-01-06 03:33:38+00:00,2026-01-06 03:35:58.102488+00:00,218.0,93900.041,93895.98,93904.6,BTC
2026-01-06 03:33:39+00:00,2026-01-06 03:35:59.096889+00:00,219.0,93899.371,93895.27,93903.98,BTC
2026-01-06 03:33:40+00:00,2026-01-06 03:36:00.087572+00:00,220.0,93900.031,93896.05,93904.78,BTC
2026-01-06 03:33:41+00:00,2026-01-06 03:36:01.117885+00:00,221.0,93900.351,93896.36,93905.17,BTC
2026-01-06 03:33:42+00:00,2026-01-06 03:36:02.115542+00:00,222.0,93897.411,93892.63,93900.52,BTC
2026-01-06 03:33:43+00:00,2026-01-06 03:36:03.129165+00:00,223.0,93894.821,93889.36,93896.28,BTC
2026-01-06 03:33:44+00:00,2026-01-06 03:36:04.132762+00:00,224.0,93894.941,93889.39,93896.55,BTC
2026-01-06 03:33:45+00:00,2026-01-06 03:36:05.149481+00:00,225.0,93894.781,93889.23,93896.62,BTC
2026-01-06 03:33:46+00:00,2026-01-06 03:36:06.158283+00:00,226.0,93894.861,93889.3,93896.5,BTC
2026-01-06 03:33:47+00:00,2026-01-06 03:36:07.165215+00:00,227.0,93895.211,93889.57,93896.57,BTC
2026-01-06 03:33:48+00:00,2026-01-06 03:36:08.170000+00:00,228.0,93895.151,93889.62,93896.56,BTC
2026-01-06 03:33:49+00:00,2026-01-06 03:36:09.164451+00:00,229.0,93894.951,93889.39,93896.56,BTC
2026-01-06 03:33:50+00:00,2026-01-06 03:36:10.148484+00:00,230.0,93894.751,93889.16,93896.46,BTC
2026-01-06 03:33:51+00:00,2026-01-06 03:36:11.147366+00:00,231.0,93894.691,93889.2,93896.35,BTC
2026-01-06 03:33:52+00:00,2026-01-06 03:36:12.147938+00:00,232.0,93894.941,93889.56,93896.77,BTC
2026-01-06 03:33:53+00:00,2026-01-06 03:36:13.148302+00:00,233.0,93894.881,93888.98,93897.18,BTC
2026-01-06 03:33:54+00:00,2026-01-06 03:36:14.165181+00:00,234.0,93891.221,93885.76,93894.76,BTC
2026-01-06 03:33:55+00:00,2026-01-06 03:36:15.154801+00:00,235.0,93887.881,93883.48,93892.43,BTC
2026-01-06 03:33:56+00:00,2026-01-06 03:36:16.167806+00:00,236.0,93886.931,93882.33,93891.65,BTC
2026-01-06 03:33:57+00:00,2026-01-06 03:36:17.247523+00:00,237.0,93886.031,93881.33,93890.76,BTC
2026-01-06 03:33:58+00:00,2026-01-06 03:36:18.265363+00:00,238.0,93886.081,93881.46,93889.89,BTC
2026-01-06 03:33:59+00:00,2026-01-06 03:36:19.275875+00:00,239.0,93886.081,93881.46,93889.06,BTC
2026-01-06 03:34:00+00:00,2026-01-06 03:36:20.343209+00:00,240.0,93886.091,93881.46,93890.71,BTC
2026-01-06 03:34:01+00:00,2026-01-06 03:36:21.306477+00:00,241.0,93886.091,93881.43,93890.76,BTC
2026-01-06 03:34:02+00:00,2026-01-06 03:36:22.315132+00:00,242.0,93885.721,93880.87,93889.24,BTC
2026-01-06 03:34:03+00:00,2026-01-06 03:36:23.341358+00:00,243.0,93885.341,93880.36,93887.68,BTC
2026-01-06 03:34:04+00:00,2026-01-06 03:36:24.330186+00:00,244.0,93884.031,93879.03,93886.37,BTC
2026-01-06 03:34:05+00:00,2026-01-06 03:36:25.327857+00:00,245.0,93883.781,93878.78,93886.13,BTC
2026-01-06 03:34:06+00:00,2026-01-06 03:36:26.345099+00:00,246.0,93884.921,93879.92,93887.25,BTC
2026-01-06 03:34:07+00:00,2026-01-06 03:36:27.333828+00:00,247.0,93883.491,93878.46,93885.85,BTC
2026-01-06 03:34:08+00:00,2026-01-06 03:36:28.344933+00:00,248.0,93883.381,93878.36,93885.74,BTC
2026-01-06 03:34:09+00:00,2026-01-06 03:36:29.352880+00:00,249.0,93884.651,93879.83,93886.88,BTC
2026-01-06 03:34:10+00:00,2026-01-06 03:36:30.345100+00:00,250.0,93883.231,93878.54,93886.5,BTC
2026-01-06 03:34:11+00:00,2026-01-06 03:36:31.347829+00:00,251.0,93881.921,93877.2,93886.49,BTC
2026-01-06 03:34:12+00:00,2026-01-06 03:36:32.344934+00:00,252.0,93882.181,93877.52,93885.84,BTC
2026-01-06 03:34:13+00:00,2026-01-06 03:36:33.359218+00:00,253.0,93882.171,93877.63,93884.72,BTC
2026-01-06 03:34:14+00:00,2026-01-06 03:36:34.363628+00:00,254.0,93881.911,93877.4,93885.21,BTC
2026-01-06 03:34:15+00:00,2026-01-06 03:36:35.381637+00:00,255.0,93881.041,93876.51,93883.84,BTC
2026-01-06 03:34:16+00:00,2026-01-06 03:36:36.384921+00:00,256.0,93878.411,93873.89,93881.39,BTC
2026-01-06 03:34:17+00:00,2026-01-06 03:36:37.376709+00:00,257.0,93876.391,93872.02,93880.84,BTC
2026-01-06 03:34:18+00:00,2026-01-06 03:36:38.394830+00:00,258.0,93876.161,93871.88,93880.55,BTC
2026-01-06 03:34:19+00:00,2026-01-06 03:36:39.397651+00:00,259.0,93876.181,93871.9,93880.5,BTC
2026-01-06 03:34:20+00:00,2026-01-06 03:36:40.395044+00:00,260.0,93876.191,93871.9,93880.48,BTC
2026-01-06 03:34:21+00:00,2026-01-06 03:36:41.393896+00:00,261.0,93878.581,93873.95,93883.2,BTC
2026-01-06 03:34:22+00:00,2026-01-06 03:36:42.397891+00:00,262.0,93880.961,93876.0,93885.92,BTC
2026-01-06 03:34:23+00:00,2026-01-06 03:36:43.399163+00:00,263.0,93895.331,93890.62,93900.02,BTC
2026-01-06 03:34:24+00:00,2026-01-06 03:36:44.413562+00:00,264.0,93895.091,93890.45,93899.75,BTC
2026-01-06 03:34:25+00:00,2026-01-06 03:36:45.446592+00:00,265.0,93895.091,93890.45,93899.75,BTC
2026-01-06 03:34:26+00:00,2026-01-06 03:36:46.449110+00:00,266.0,93897.181,93893.11,93901.24,BTC
2026-01-06 03:34:27+00:00,2026-01-06 03:36:47.476922+00:00,267.0,93897.111,93892.63,93901.08,BTC
2026-01-06 03:34:28+00:00,2026-01-06 03:36:48.652100+00:00,268.0,93899.321,93895.35,93903.28,BTC
2026-01-06 03:34:29+00:00,2026-01-06 03:36:49.674764+00:00,269.0,93903.061,93898.87,93906.91,BTC
2026-01-06 03:34:30+00:00,2026-01-06 03:36:50.659161+00:00,270.0,93901.901,93897.87,93906.29,BTC
2026-01-06 03:34:31+00:00,2026-01-06 03:36:51.676921+00:00,271.0,93903.401,93899.46,93907.31,BTC
2026-01-06 03:34:32+00:00,2026-01-06 03:36:52.693904+00:00,272.0,93903.301,93899.63,93907.3,BTC
2026-01-06 03:34:33+00:00,2026-01-06 03:36:53.682364+00:00,273.0,93903.321,93899.64,93907.27,BTC
2026-01-06 03:34:34+00:00,2026-01-06 03:36:54.683174+00:00,274.0,93903.331,93899.64,93907.28,BTC
2026-01-06 03:34:35+00:00,2026-01-06 03:36:55.737087+00:00,275.0,93906.741,93903.47,93910.81,BTC
2026-01-06 03:34:36+00:00,2026-01-06 03:36:56.746378+00:00,276.0,93906.741,93903.89,93910.82,BTC
2026-01-06 03:34:37+00:00,2026-01-06 03:36:57.748936+00:00,277.0,93906.721,93903.7,93910.81,BTC
2026-01-06 03:34:38+00:00,2026-01-06 03:36:58.778917+00:00,278.0,93906.701,93903.51,93910.8,BTC
2026-01-06 03:34:39+00:00,2026-01-06 03:36:59.764339+00:00,279.0,93906.741,93903.72,93910.82,BTC
2026-01-06 03:34:40+00:00,2026-01-06 03:37:00.761139+00:00,280.0,93906.761,93903.92,93910.84,BTC
2026-01-06 03:34:41+00:00,2026-01-06 03:37:01.772491+00:00,281.0,93906.761,93903.92,93910.84,BTC
2026-01-06 03:34:42+00:00,2026-01-06 03:37:02.783542+00:00,282.0,93906.321,93903.13,93910.63,BTC
2026-01-06 03:34:43+00:00,2026-01-06 03:37:03.788570+00:00,283.0,93906.491,93902.94,93911.05,BTC
2026-01-06 03:34:44+00:00,2026-01-06 03:37:04.792823+00:00,284.0,93906.541,93902.69,93911.16,BTC
2026-01-06 03:34:45+00:00,2026-01-06 03:37:05.812945+00:00,285.0,93905.991,93901.84,93910.65,BTC
2026-01-06 03:34:46+00:00,2026-01-06 03:37:06.790046+00:00,286.0,93907.961,93904.69,93912.05,BTC
2026-01-06 03:34:47+00:00,2026-01-06 03:37:07.796769+00:00,287.0,93907.591,93904.14,93911.98,BTC
2026-01-06 03:34:48+00:00,2026-01-06 03:37:08.799740+00:00,288.0,93907.571,93904.38,93911.98,BTC
2026-01-06 03:34:49+00:00,2026-01-06 03:37:09.824515+00:00,289.0,93907.301,93903.98,93911.79,BTC
2026-01-06 03:34:50+00:00,2026-01-06 03:37:10.827188+00:00,290.0,93907.541,93903.98,93911.88,BTC
2026-01-06 03:34:51+00:00,2026-01-06 03:37:11.838230+00:00,291.0,93903.581,93900.12,93908.49,BTC
2026-01-06 03:34:52+00:00,2026-01-06 03:37:12.859752+00:00,292.0,93903.791,93900.23,93908.42,BTC
2026-01-06 03:34:53+00:00,2026-01-06 03:37:13.876975+00:00,293.0,93901.661,93897.63,93905.78,BTC
2026-01-06 03:34:54+00:00,2026-01-06 03:37:14.878485+00:00,294.0,93897.951,93894.05,93898.69,BTC
2026-01-06 03:34:55+00:00,2026-01-06 03:37:15.881945+00:00,295.0,93897.401,93892.39,93899.71,BTC
2026-01-06 03:34:56+00:00,2026-01-06 03:37:16.906758+00:00,296.0,93897.381,93891.72,93899.87,BTC
2026-01-06 03:34:57+00:00,2026-01-06 03:37:17.908591+00:00,297.0,93897.071,93891.98,93900.26,BTC
2026-01-06 03:34:58+00:00,2026-01-06 03:37:18.927176+00:00,298.0,93896.831,93891.28,93898.16,BTC
2026-01-06 03:34:59+00:00,2026-01-06 03:37:19.912944+00:00,299.0,93896.681,93891.14,93898.0,BTC
2026-01-06 03:35:00+00:00,2026-01-06 03:37:20.929991+00:00,300.0,93895.331,93889.78,93896.67,BTC
2026-01-06 03:35:01+00:00,2026-01-06 03:37:21.914464+00:00,301.0,93895.331,93889.78,93896.67,BTC
2026-01-06 03:35:02+00:00,2026-01-06 03:37:22.929654+00:00,302.0,93895.631,93889.07,93896.3,BTC
2026-01-06 03:35:03+00:00,2026-01-06 03:37:23.950331+00:00,303.0,93896.831,93891.54,93900.02,BTC
2026-01-06 03:35:04+00:00,2026-01-06 03:37:24.961997+00:00,304.0,93896.051,93890.55,93897.39,BTC
2026-01-06 03:35:05+00:00,2026-01-06 03:37:25.979298+00:00,305.0,93896.231,93890.57,93897.7,BTC
2026-01-06 03:35:06+00:00,2026-01-06 03:37:26.995536+00:00,306.0,93896.231,93890.57,93897.7,BTC
2026-01-06 03:35:07+00:00,2026-01-06 03:37:27.993353+00:00,307.0,93895.431,93889.91,93897.31,BTC
2026-01-06 03:35:08+00:00,2026-01-06 03:37:29.012585+00:00,308.0,93895.221,93889.87,93897.15,BTC
2026-01-06 03:35:09+00:00,2026-01-06 03:37:30.009977+00:00,309.0,93890.191,93885.37,93890.75,BTC
2026-01-06 03:35:10+00:00,2026-01-06 03:37:32.018981+00:00,310.0,93888.581,93883.35,93891.34,BTC
2026-01-06 03:35:11+00:00,2026-01-06 03:37:33.006066+00:00,311.0,93886.941,93881.67,93891.88,BTC
2026-01-06 03:35:12+00:00,2026-01-06 03:37:34.012373+00:00,312.0,93886.791,93881.5,93891.57,BTC
2026-01-06 03:35:13+00:00,2026-01-06 03:37:34.995861+00:00,313.0,93885.241,93880.11,93889.62,BTC
2026-01-06 03:35:14+00:00,2026-01-06 03:37:36.026181+00:00,314.0,93883.771,93878.8,93887.32,BTC
2026-01-06 03:35:15+00:00,2026-01-06 03:37:37.033369+00:00,315.0,93883.731,93878.8,93886.5,BTC
2026-01-06 03:35:16+00:00,2026-01-06 03:37:38.026573+00:00,316.0,93882.871,93877.91,93886.19,BTC
2026-01-06 03:35:17+00:00,2026-01-06 03:37:39.057334+00:00,317.0,93880.911,93876.06,93885.18,BTC
2026-01-06 03:35:18+00:00,2026-01-06 03:37:40.064457+00:00,318.0,93879.801,93875.08,93884.26,BTC
2026-01-06 03:35:19+00:00,2026-01-06 03:37:41.043173+00:00,319.0,93879.831,93875.12,93884.52,BTC
2026-01-06 03:35:20+00:00,2026-01-06 03:37:42.060685+00:00,320.0,93880.061,93875.45,93884.79,BTC
2026-01-06 03:35:21+00:00,2026-01-06 03:37:43.045046+00:00,321.0,93880.271,93875.75,93884.8,BTC
2026-01-06 03:35:22+00:00,2026-01-06 03:37:44.059988+00:00,322.0,93880.281,93875.76,93884.8,BTC
2026-01-06 03:35:23+00:00,2026-01-06 03:37:45.058945+00:00,323.0,93880.281,93875.76,93884.8,BTC
2026-01-06 03:35:24+00:00,2026-01-06 03:37:46.045801+00:00,324.0,93880.281,93875.76,93884.8,BTC
2026-01-06 03:35:25+00:00,2026-01-06 03:37:47.061006+00:00,325.0,93880.241,93875.71,93883.95,BTC
2026-01-06 03:35:26+00:00,2026-01-06 03:37:48.072187+00:00,326.0,93880.201,93875.66,93883.1,BTC
2026-01-06 03:35:27+00:00,2026-01-06 03:37:49.065072+00:00,327.0,93880.201,93875.66,93882.96,BTC
2026-01-06 03:35:28+00:00,2026-01-06 03:37:50.179331+00:00,328.0,93880.201,93875.66,93882.69,BTC
2026-01-06 03:35:29+00:00,2026-01-06 03:37:51.165210+00:00,329.0,93880.191,93875.6,93882.3,BTC
2026-01-06 03:35:30+00:00,2026-01-06 03:37:52.174575+00:00,330.0,93880.151,93875.27,93882.33,BTC
2026-01-06 03:35:31+00:00,2026-01-06 03:37:53.174518+00:00,331.0,93879.901,93874.98,93882.82,BTC
2026-01-06 03:35:33+00:00,2026-01-06 03:37:54.219387+00:00,333.0,93879.691,93874.95,93883.03,BTC
2026-01-06 03:35:34+00:00,2026-01-06 03:37:56.194468+00:00,334.0,93879.561,93874.53,93881.98,BTC
2026-01-06 03:35:35+00:00,2026-01-06 03:37:57.197340+00:00,335.0,93879.581,93874.83,93882.64,BTC
2026-01-06 03:35:36+00:00,2026-01-06 03:37:58.207646+00:00,336.0,93878.681,93873.84,93881.5,BTC
2026-01-06 03:35:37+00:00,2026-01-06 03:37:59.230488+00:00,337.0,93877.761,93872.69,93879.8,BTC
2026-01-06 03:35:38+00:00,2026-01-06 03:38:00.239567+00:00,338.0,93878.891,93874.04,93881.54,BTC
2026-01-06 03:35:40+00:00,2026-01-06 03:38:01.279802+00:00,340.0,93879.401,93874.67,93883.28,BTC
2026-01-06 03:35:41+00:00,2026-01-06 03:38:02.298998+00:00,341.0,93879.371,93874.67,93882.55,BTC
2026-01-06 03:35:42+00:00,2026-01-06 03:38:03.299746+00:00,342.0,93879.371,93874.67,93882.55,BTC
2026-01-06 03:35:43+00:00,2026-01-06 03:38:04.293414+00:00,343.0,93879.431,93874.67,93883.03,BTC
2026-01-06 03:35:44+00:00,2026-01-06 03:38:05.310439+00:00,344.0,93879.431,93874.67,93883.03,BTC
2026-01-06 03:35:45+00:00,2026-01-06 03:38:06.284421+00:00,345.0,93879.541,93874.59,93882.08,BTC
2026-01-06 03:35:46+00:00,2026-01-06 03:38:07.266422+00:00,346.0,93879.401,93874.6,93882.08,BTC
2026-01-06 03:35:47+00:00,2026-01-06 03:38:08.280265+00:00,347.0,93879.461,93874.67,93882.54,BTC
2026-01-06 03:35:48+00:00,2026-01-06 03:38:09.273987+00:00,348.0,93879.461,93874.67,93882.54,BTC
2026-01-06 03:35:49+00:00,2026-01-06 03:38:10.281656+00:00,349.0,93879.261,93873.42,93881.89,BTC
2026-01-06 03:35:50+00:00,2026-01-06 03:38:11.303479+00:00,350.0,93877.681,93872.58,93880.84,BTC
2026-01-06 03:35:51+00:00,2026-01-06 03:38:12.311047+00:00,351.0,93874.241,93869.74,93876.1,BTC
2026-01-06 03:35:52+00:00,2026-01-06 03:38:13.309719+00:00,352.0,93874.261,93869.74,93877.55,BTC
2026-01-06 03:35:53+00:00,2026-01-06 03:38:14.325091+00:00,353.0,93873.881,93869.2,93874.3,BTC
2026-01-06 03:35:54+00:00,2026-01-06 03:38:15.346764+00:00,354.0,93873.621,93869.06,93874.06,BTC
2026-01-06 03:35:55+00:00,2026-01-06 03:38:16.359791+00:00,355.0,93873.981,93869.07,93874.39,BTC
2026-01-06 03:35:56+00:00,2026-01-06 03:38:18.389897+00:00,356.0,93874.201,93869.61,93875.31,BTC
2026-01-06 03:35:57+00:00,2026-01-06 03:38:19.393968+00:00,357.0,93874.221,93869.55,93875.25,BTC
2026-01-06 03:35:58+00:00,2026-01-06 03:38:20.389470+00:00,358.0,93874.231,93869.54,93875.57,BTC
2026-01-06 03:35:59+00:00,2026-01-06 03:38:21.407284+00:00,359.0,93873.931,93869.16,93874.89,BTC
2026-01-06 03:36:00+00:00,2026-01-06 03:38:22.426820+00:00,360.0,93873.611,93868.84,93874.18,BTC
2026-01-06 03:36:01+00:00,2026-01-06 03:38:23.443250+00:00,361.0,93873.941,93869.25,93874.88,BTC
2026-01-06 03:36:02+00:00,2026-01-06 03:38:24.458941+00:00,362.0,93874.171,93869.5,93875.61,BTC
2026-01-06 03:36:03+00:00,2026-01-06 03:38:25.446096+00:00,363.0,93874.071,93869.41,93876.09,BTC
2026-01-06 03:36:04+00:00,2026-01-06 03:38:26.441294+00:00,364.0,93874.121,93869.41,93876.09,BTC
2026-01-06 03:36:05+00:00,2026-01-06 03:38:27.460600+00:00,365.0,93874.231,93869.4,93875.63,BTC
2026-01-06 03:36:06+00:00,2026-01-06 03:38:28.476864+00:00,366.0,93875.041,93870.02,93877.82,BTC
2026-01-06 03:36:07+00:00,2026-01-06 03:38:29.473871+00:00,367.0,93878.381,93873.09,93883.29,BTC
2026-01-06 03:36:08+00:00,2026-01-06 03:38:30.476880+00:00,368.0,93886.161,93881.3,93891.1,BTC
2026-01-06 03:36:09+00:00,2026-01-06 03:38:31.457387+00:00,369.0,93892.111,93888.08,93896.65,BTC
2026-01-06 03:36:10+00:00,2026-01-06 03:38:32.473825+00:00,370.0,93892.891,93889.1,93897.66,BTC
2026-01-06 03:36:11+00:00,2026-01-06 03:38:33.475834+00:00,371.0,93893.141,93889.47,93897.79,BTC
2026-01-06 03:36:12+00:00,2026-01-06 03:38:34.473865+00:00,372.0,93893.151,93889.54,93897.76,BTC
2026-01-06 03:36:13+00:00,2026-01-06 03:38:35.478600+00:00,373.0,93892.581,93889.14,93897.22,BTC
2026-01-06 03:36:14+00:00,2026-01-06 03:38:36.488255+00:00,374.0,93892.191,93889.04,93896.83,BTC
2026-01-06 03:36:15+00:00,2026-01-06 03:38:37.486530+00:00,375.0,93891.971,93888.64,93896.61,BTC
2026-01-06 03:36:16+00:00,2026-01-06 03:38:38.492549+00:00,376.0,93891.951,93888.35,93896.51,BTC
2026-01-06 03:36:17+00:00,2026-01-06 03:38:39.491287+00:00,377.0,93892.091,93888.45,93896.6,BTC
2026-01-06 03:36:18+00:00,2026-01-06 03:38:40.495631+00:00,378.0,93893.651,93890.01,93898.26,BTC
2026-01-06 03:36:19+00:00,2026-01-06 03:38:41.523844+00:00,379.0,93895.741,93892.39,93900.17,BTC
2026-01-06 03:36:20+00:00,2026-01-06 03:38:42.526006+00:00,380.0,93896.271,93893.21,93900.44,BTC
2026-01-06 03:36:21+00:00,2026-01-06 03:38:43.528875+00:00,381.0,93896.421,93892.86,93900.61,BTC
2026-01-06 03:36:22+00:00,2026-01-06 03:38:44.552471+00:00,382.0,93896.431,93892.86,93900.61,BTC
2026-01-06 03:36:23+00:00,2026-01-06 03:38:45.751752+00:00,383.0,93903.151,93898.7,93907.9,BTC
2026-01-06 03:36:24+00:00,2026-01-06 03:38:46.755904+00:00,384.0,93909.391,93904.66,93914.43,BTC
2026-01-06 03:36:25+00:00,2026-01-06 03:38:47.762410+00:00,385.0,93907.981,93903.91,93912.99,BTC
2026-01-06 03:36:26+00:00,2026-01-06 03:38:48.777966+00:00,386.0,93907.561,93903.81,93912.56,BTC
2026-01-06 03:36:27+00:00,2026-01-06 03:38:49.787603+00:00,387.0,93908.491,93904.69,93913.48,BTC
2026-01-06 03:36:28+00:00,2026-01-06 03:38:50.790391+00:00,388.0,93909.161,93905.4,93914.06,BTC
2026-01-06 03:36:29+00:00,2026-01-06 03:38:51.792826+00:00,389.0,93908.981,93905.03,93913.84,BTC
2026-01-06 03:36:30+00:00,2026-01-06 03:38:52.808553+00:00,390.0,93908.831,93904.61,93913.65,BTC
2026-01-06 03:36:31+00:00,2026-01-06 03:38:53.870914+00:00,391.0,93909.381,93904.98,93914.24,BTC
2026-01-06 03:36:32+00:00,2026-01-06 03:38:54.886773+00:00,392.0,93910.241,93905.89,93915.16,BTC
2026-01-06 03:36:33+00:00,2026-01-06 03:38:55.822177+00:00,393.0,93911.691,93907.73,93916.58,BTC
2026-01-06 03:36:34+00:00,2026-01-06 03:38:56.823285+00:00,394.0,93912.641,93909.44,93917.41,BTC
2026-01-06 03:36:35+00:00,2026-01-06 03:38:57.838104+00:00,395.0,93913.051,93910.29,93917.73,BTC
2026-01-06 03:36:36+00:00,2026-01-06 03:38:58.907450+00:00,396.0,93915.011,93912.46,93919.8,BTC
2026-01-06 03:36:37+00:00,2026-01-06 03:38:59.925866+00:00,397.0,93916.331,93913.47,93921.4,BTC
2026-01-06 03:36:38+00:00,2026-01-06 03:39:00.898021+00:00,398.0,93915.431,93911.22,93920.89,BTC
2026-01-06 03:36:39+00:00,2026-01-06 03:39:01.886561+00:00,399.0,93911.811,93907.22,93917.19,BTC
2026-01-06 03:36:40+00:00,2026-01-06 03:39:02.891604+00:00,400.0,93905.461,93901.45,93910.29,BTC
2026-01-06 03:36:41+00:00,2026-01-06 03:39:03.891589+00:00,401.0,93899.791,93894.96,93902.32,BTC
2026-01-06 03:36:42+00:00,2026-01-06 03:39:04.902372+00:00,402.0,93895.341,93890.12,93898.01,BTC
2026-01-06 03:36:43+00:00,2026-01-06 03:39:05.923525+00:00,403.0,93893.241,93888.74,93897.9,BTC
2026-01-06 03:36:44+00:00,2026-01-06 03:39:06.926703+00:00,404.0,93893.181,93888.47,93897.08,BTC
2026-01-06 03:36:45+00:00,2026-01-06 03:39:07.931256+00:00,405.0,93893.271,93888.35,93896.58,BTC
2026-01-06 03:36:46+00:00,2026-01-06 03:39:08.923030+00:00,406.0,93893.221,93888.73,93897.79,BTC
2026-01-06 03:36:47+00:00,2026-01-06 03:39:09.939638+00:00,407.0,93892.971,93888.39,93897.08,BTC
2026-01-06 03:36:48+00:00,2026-01-06 03:39:10.938376+00:00,408.0,93890.421,93885.7,93894.95,BTC
2026-01-06 03:36:49+00:00,2026-01-06 03:39:11.940599+00:00,409.0,93887.891,93882.5,93890.79,BTC
2026-01-06 03:36:50+00:00,2026-01-06 03:39:12.943382+00:00,410.0,93882.371,93878.18,93882.92,BTC
2026-01-06 03:36:51+00:00,2026-01-06 03:39:13.954703+00:00,411.0,93882.381,93878.08,93883.38,BTC
2026-01-06 03:36:52+00:00,2026-01-06 03:39:14.958295+00:00,412.0,93882.391,93877.97,93883.84,BTC
2026-01-06 03:36:53+00:00,2026-01-06 03:39:15.953673+00:00,413.0,93882.391,93877.97,93885.39,BTC
2026-01-06 03:36:54+00:00,2026-01-06 03:39:16.976735+00:00,414.0,93882.391,93877.96,93884.46,BTC
2026-01-06 03:36:55+00:00,2026-01-06 03:39:17.982091+00:00,415.0,93882.511,93878.08,93883.63,BTC
2026-01-06 03:36:56+00:00,2026-01-06 03:39:18.970296+00:00,416.0,93882.231,93877.8,93883.63,BTC
2026-01-06 03:36:57+00:00,2026-01-06 03:39:19.992229+00:00,417.0,93881.331,93876.49,93881.93,BTC
2026-01-06 03:36:58+00:00,2026-01-06 03:39:20.975205+00:00,418.0,93881.331,93876.3,93882.01,BTC
2026-01-06 03:36:59+00:00,2026-01-06 03:39:21.992932+00:00,419.0,93880.231,93875.14,93881.99,BTC
2026-01-06 03:37:00+00:00,2026-01-06 03:39:22.972195+00:00,420.0,93879.901,93874.03,93881.9,BTC
2026-01-06 03:37:01+00:00,2026-01-06 03:39:23.984500+00:00,421.0,93879.651,93874.89,93882.72,BTC
2026-01-06 03:37:02+00:00,2026-01-06 03:39:25.010116+00:00,422.0,93878.231,93873.64,93882.24,BTC
2026-01-06 03:37:03+00:00,2026-01-06 03:39:26.018476+00:00,423.0,93878.231,93873.64,93882.24,BTC
2026-01-06 03:37:04+00:00,2026-01-06 03:39:27.021614+00:00,424.0,93873.201,93870.54,93875.85,BTC
2026-01-06 03:37:05+00:00,2026-01-06 03:39:28.039351+00:00,425.0,93872.881,93868.45,93875.73,BTC
2026-01-06 03:37:06+00:00,2026-01-06 03:39:29.044341+00:00,426.0,93871.721,93868.17,93872.3,BTC
2026-01-06 03:37:07+00:00,2026-01-06 03:39:30.055222+00:00,427.0,93869.471,93866.67,93871.94,BTC
2026-01-06 03:37:08+00:00,2026-01-06 03:39:31.042553+00:00,428.0,93869.241,93864.56,93872.4,BTC
2026-01-06 03:37:09+00:00,2026-01-06 03:39:33.054820+00:00,429.0,93869.371,93864.94,93872.0,BTC
2026-01-06 03:37:10+00:00,2026-01-06 03:39:34.053646+00:00,430.0,93869.401,93864.97,93871.78,BTC
2026-01-06 03:37:11+00:00,2026-01-06 03:39:35.054535+00:00,431.0,93873.021,93868.33,93876.77,BTC
2026-01-06 03:37:12+00:00,2026-01-06 03:39:36.053405+00:00,432.0,93876.491,93871.57,93881.42,BTC
2026-01-06 03:37:13+00:00,2026-01-06 03:39:37.057260+00:00,433.0,93877.171,93872.56,93881.79,BTC
2026-01-06 03:37:14+00:00,2026-01-06 03:39:38.059252+00:00,434.0,93877.971,93873.64,93882.3,BTC
2026-01-06 03:37:15+00:00,2026-01-06 03:39:39.055044+00:00,435.0,93877.921,93873.6,93882.23,BTC
2026-01-06 03:37:16+00:00,2026-01-06 03:39:40.060013+00:00,436.0,93878.071,93873.64,93882.43,BTC
2026-01-06 03:37:17+00:00,2026-01-06 03:39:41.072185+00:00,437.0,93878.171,93873.68,93882.56,BTC
2026-01-06 03:37:18+00:00,2026-01-06 03:39:42.078113+00:00,438.0,93878.091,93873.71,93882.45,BTC
2026-01-06 03:37:19+00:00,2026-01-06 03:39:43.087935+00:00,439.0,93878.101,93873.74,93882.46,BTC
2026-01-06 03:37:20+00:00,2026-01-06 03:39:44.107123+00:00,440.0,93878.091,93873.75,93882.43,BTC
2026-01-06 03:37:21+00:00,2026-01-06 03:39:45.109039+00:00,441.0,93878.101,93873.79,93882.41,BTC
2026-01-06 03:37:22+00:00,2026-01-06 03:39:46.111191+00:00,442.0,93878.141,93873.84,93882.43,BTC
2026-01-06 03:37:23+00:00,2026-01-06 03:39:47.121049+00:00,443.0,93878.141,93873.84,93882.44,BTC
2026-01-06 03:37:25+00:00,2026-01-06 03:39:48.275404+00:00,445.0,93882.651,93878.03,93887.17,BTC
2026-01-06 03:37:26+00:00,2026-01-06 03:39:49.290332+00:00,446.0,93884.461,93879.74,93889.04,BTC
2026-01-06 03:37:27+00:00,2026-01-06 03:39:50.286954+00:00,447.0,93884.961,93880.64,93890.22,BTC
2026-01-06 03:37:28+00:00,2026-01-06 03:39:51.286062+00:00,448.0,93887.381,93882.58,93891.82,BTC
2026-01-06 03:37:29+00:00,2026-01-06 03:39:52.273781+00:00,449.0,93886.711,93882.1,93891.32,BTC
2026-01-06 03:37:30+00:00,2026-01-06 03:39:53.308657+00:00,450.0,93886.461,93881.58,93891.35,BTC
2026-01-06 03:37:31+00:00,2026-01-06 03:39:54.328909+00:00,451.0,93886.421,93881.46,93891.29,BTC
2026-01-06 03:37:32+00:00,2026-01-06 03:39:56.353113+00:00,452.0,93878.521,93874.08,93881.88,BTC
2026-01-06 03:37:33+00:00,2026-01-06 03:39:57.368468+00:00,453.0,93876.121,93871.05,93879.88,BTC
2026-01-06 03:37:34+00:00,2026-01-06 03:39:58.369755+00:00,454.0,93875.371,93870.39,93880.09,BTC
2026-01-06 03:37:35+00:00,2026-01-06 03:39:59.376760+00:00,455.0,93875.501,93870.69,93879.95,BTC
2026-01-06 03:37:36+00:00,2026-01-06 03:40:00.399083+00:00,456.0,93875.631,93870.98,93879.8,BTC
2026-01-06 03:37:37+00:00,2026-01-06 03:40:01.408025+00:00,457.0,93875.331,93870.59,93879.79,BTC
2026-01-06 03:37:38+00:00,2026-01-06 03:40:02.412286+00:00,458.0,93875.031,93870.22,93879.85,BTC
2026-01-06 03:37:39+00:00,2026-01-06 03:40:03.402745+00:00,459.0,93875.121,93870.38,93879.85,BTC
2026-01-06 03:37:40+00:00,2026-01-06 03:40:04.418150+00:00,460.0,93875.161,93870.39,93879.92,BTC
2026-01-06 03:37:41+00:00,2026-01-06 03:40:05.437155+00:00,461.0,93875.211,93870.38,93880.01,BTC
2026-01-06 03:37:42+00:00,2026-01-06 03:40:06.441352+00:00,462.0,93876.071,93871.36,93880.77,BTC
2026-01-06 03:37:43+00:00,2026-01-06 03:40:07.443770+00:00,463.0,93878.111,93873.19,93882.93,BTC
2026-01-06 03:37:44+00:00,2026-01-06 03:40:08.439494+00:00,464.0,93879.271,93874.08,93884.3,BTC
2026-01-06 03:37:45+00:00,2026-01-06 03:40:09.664819+00:00,465.0,93879.201,93874.14,93884.22,BTC
2026-01-06 03:37:46+00:00,2026-01-06 03:40:10.672841+00:00,466.0,93879.171,93874.06,93884.28,BTC
2026-01-06 03:37:48+00:00,2026-01-06 03:40:11.720780+00:00,468.0,93879.221,93874.1,93884.33,BTC
2026-01-06 03:37:49+00:00,2026-01-06 03:40:12.791216+00:00,469.0,93879.151,93874.07,93884.22,BTC
2026-01-06 03:37:50+00:00,2026-01-06 03:40:13.708314+00:00,470.0,93879.141,93874.06,93884.22,BTC
2026-01-06 03:37:51+00:00,2026-01-06 03:40:14.722064+00:00,471.0,93878.801,93873.39,93884.22,BTC
2026-01-06 03:37:52+00:00,2026-01-06 03:40:15.722728+00:00,472.0,93874.521,93868.97,93878.02,BTC
2026-01-06 03:37:53+00:00,2026-01-06 03:40:16.719856+00:00,473.0,93874.561,93869.07,93877.96,BTC
2026-01-06 03:37:54+00:00,2026-01-06 03:40:17.835321+00:00,474.0,93876.081,93871.3,93879.87,BTC
2026-01-06 03:37:55+00:00,2026-01-06 03:40:18.745698+00:00,475.0,93875.801,93870.82,93879.6,BTC
2026-01-06 03:37:56+00:00,2026-01-06 03:40:20.755775+00:00,476.0,93874.711,93869.83,93878.13,BTC
2026-01-06 03:37:57+00:00,2026-01-06 03:40:21.753732+00:00,477.0,93873.211,93868.53,93876.78,BTC
2026-01-06 03:37:58+00:00,2026-01-06 03:40:22.759846+00:00,478.0,93872.971,93868.45,93876.99,BTC
2026-01-06 03:37:59+00:00,2026-01-06 03:40:23.788367+00:00,479.0,93872.841,93868.4,93876.34,BTC
2026-01-06 03:38:00+00:00,2026-01-06 03:40:24.793408+00:00,480.0,93872.821,93868.38,93876.22,BTC
2026-01-06 03:38:01+00:00,2026-01-06 03:40:25.788495+00:00,481.0,93872.761,93868.31,93876.41,BTC
2026-01-06 03:38:02+00:00,2026-01-06 03:40:26.803745+00:00,482.0,93874.771,93870.2,93878.66,BTC
2026-01-06 03:38:03+00:00,2026-01-06 03:40:27.802667+00:00,483.0,93877.451,93872.65,93882.16,BTC
2026-01-06 03:38:04+00:00,2026-01-06 03:40:28.817663+00:00,484.0,93878.311,93873.42,93883.25,BTC
2026-01-06 03:38:05+00:00,2026-01-06 03:40:29.834478+00:00,485.0,93878.591,93873.71,93883.52,BTC
2026-01-06 03:38:06+00:00,2026-01-06 03:40:30.897293+00:00,486.0,93878.991,93874.08,93883.82,BTC
2026-01-06 03:38:07+00:00,2026-01-06 03:40:31.853200+00:00,487.0,93879.481,93874.78,93884.12,BTC
2026-01-06 03:38:08+00:00,2026-01-06 03:40:32.884721+00:00,488.0,93879.621,93875.13,93884.12,BTC
2026-01-06 03:38:09+00:00,2026-01-06 03:40:33.869737+00:00,489.0,93879.641,93875.14,93884.15,BTC
2026-01-06 03:38:10+00:00,2026-01-06 03:40:34.887873+00:00,490.0,93879.661,93875.15,93884.17,BTC
2026-01-06 03:38:11+00:00,2026-01-06 03:40:35.902833+00:00,491.0,93880.581,93876.07,93885.08,BTC
2026-01-06 03:38:12+00:00,2026-01-06 03:40:36.899699+00:00,492.0,93884.351,93880.06,93889.05,BTC
2026-01-06 03:38:13+00:00,2026-01-06 03:40:37.905101+00:00,493.0,93887.701,93883.72,93892.55,BTC
2026-01-06 03:38:14+00:00,2026-01-06 03:40:38.919747+00:00,494.0,93888.901,93884.77,93893.35,BTC
2026-01-06 03:38:15+00:00,2026-01-06 03:40:39.918339+00:00,495.0,93889.941,93885.86,93894.35,BTC
2026-01-06 03:38:16+00:00,2026-01-06 03:40:40.937402+00:00,496.0,93890.301,93886.53,93894.92,BTC
2026-01-06 03:38:17+00:00,2026-01-06 03:40:41.950661+00:00,497.0,93890.331,93886.63,93894.75,BTC
2026-01-06 03:38:18+00:00,2026-01-06 03:40:42.951188+00:00,498.0,93890.911,93887.21,93895.26,BTC
2026-01-06 03:38:19+00:00,2026-01-06 03:40:43.952771+00:00,499.0,93891.481,93887.74,93895.87,BTC
2026-01-06 03:38:20+00:00,2026-01-06 03:40:44.963177+00:00,500.0,93891.341,93887.33,93895.81,BTC
2026-01-06 03:38:21+00:00,2026-01-06 03:40:45.952835+00:00,501.0,93891.291,93887.18,93895.86,BTC
2026-01-06 03:38:22+00:00,2026-01-06 03:40:46.951316+00:00,502.0,93892.601,93888.39,93896.81,BTC
2026-01-06 03:38:23+00:00,2026-01-06 03:40:47.968594+00:00,503.0,93892.141,93887.26,93896.8,BTC
2026-01-06 03:38:24+00:00,2026-01-06 03:40:48.990259+00:00,504.0,93892.311,93887.97,93896.8,BTC
2026-01-06 03:38:25+00:00,2026-01-06 03:40:49.983909+00:00,505.0,93891.201,93886.21,93896.33,BTC
2026-01-06 03:38:26+00:00,2026-01-06 03:40:50.982054+00:00,506.0,93888.341,93883.95,93892.84,BTC
2026-01-06 03:38:27+00:00,2026-01-06 03:40:51.985666+00:00,507.0,93887.211,93883.87,93891.56,BTC
2026-01-06 03:38:28+00:00,2026-01-06 03:40:52.999742+00:00,508.0,93887.191,93883.37,93891.56,BTC
2026-01-06 03:38:29+00:00,2026-01-06 03:40:54.002463+00:00,509.0,93887.551,93882.77,93891.85,BTC
2026-01-06 03:38:30+00:00,2026-01-06 03:40:55.006743+00:00,510.0,93887.111,93882.24,93891.82,BTC
2026-01-06 03:38:31+00:00,2026-01-06 03:40:56.003972+00:00,511.0,93885.581,93880.49,93890.49,BTC
2026-01-06 03:38:32+00:00,2026-01-06 03:40:57.004340+00:00,512.0,93885.991,93881.18,93890.8,BTC
2026-01-06 03:38:33+00:00,2026-01-06 03:40:58.021045+00:00,513.0,93886.781,93882.47,93891.28,BTC
2026-01-06 03:38:34+00:00,2026-01-06 03:40:59.016531+00:00,514.0,93887.001,93882.11,93891.31,BTC
2026-01-06 03:38:35+00:00,2026-01-06 03:41:00.032818+00:00,515.0,93887.371,93882.59,93891.7,BTC
2026-01-06 03:38:36+00:00,2026-01-06 03:41:01.035437+00:00,516.0,93887.421,93882.51,93891.87,BTC
2026-01-06 03:38:37+00:00,2026-01-06 03:41:02.037467+00:00,517.0,93887.761,93883.32,93892.03,BTC
2026-01-06 03:38:38+00:00,2026-01-06 03:41:03.049388+00:00,518.0,93887.591,93883.16,93892.02,BTC
2026-01-06 03:38:39+00:00,2026-01-06 03:41:04.049219+00:00,519.0,93887.151,93882.31,93891.71,BTC
2026-01-06 03:38:40+00:00,2026-01-06 03:41:05.053563+00:00,520.0,93887.461,93882.73,93891.93,BTC
2026-01-06 03:38:41+00:00,2026-01-06 03:41:06.125136+00:00,521.0,93886.941,93882.07,93891.63,BTC
2026-01-06 03:38:42+00:00,2026-01-06 03:41:07.066269+00:00,522.0,93887.031,93882.36,93891.59,BTC
2026-01-06 03:38:43+00:00,2026-01-06 03:41:08.087187+00:00,523.0,93887.071,93882.41,93891.59,BTC
2026-01-06 03:38:44+00:00,2026-01-06 03:41:09.066690+00:00,524.0,93882.771,93877.21,93885.62,BTC
2026-01-06 03:38:45+00:00,2026-01-06 03:41:10.086475+00:00,525.0,93882.811,93877.21,93886.31,BTC
2026-01-06 03:38:46+00:00,2026-01-06 03:41:11.086426+00:00,526.0,93881.841,93876.8,93885.49,BTC
2026-01-06 03:38:47+00:00,2026-01-06 03:41:12.086974+00:00,527.0,93881.811,93876.76,93885.47,BTC
2026-01-06 03:38:48+00:00,2026-01-06 03:41:13.100880+00:00,528.0,93880.631,93875.44,93882.89,BTC
2026-01-06 03:38:49+00:00,2026-01-06 03:41:14.098532+00:00,529.0,93880.451,93875.27,93884.45,BTC
2026-01-06 03:38:50+00:00,2026-01-06 03:41:15.103431+00:00,530.0,93881.491,93876.34,93885.58,BTC
2026-01-06 03:38:51+00:00,2026-01-06 03:41:16.099714+00:00,531.0,93881.371,93876.28,93885.07,BTC
2026-01-06 03:38:52+00:00,2026-01-06 03:41:17.099903+00:00,532.0,93881.291,93876.25,93885.07,BTC
2026-01-06 03:38:53+00:00,2026-01-06 03:41:18.102423+00:00,533.0,93874.851,93870.94,93876.68,BTC
2026-01-06 03:38:54+00:00,2026-01-06 03:41:19.101881+00:00,534.0,93875.021,93869.96,93879.16,BTC
2026-01-06 03:38:55+00:00,2026-01-06 03:41:20.123290+00:00,535.0,93875.021,93869.96,93879.16,BTC
2026-01-06 03:38:56+00:00,2026-01-06 03:41:21.122187+00:00,536.0,93874.731,93869.65,93878.35,BTC
2026-01-06 03:38:57+00:00,2026-01-06 03:41:22.131512+00:00,537.0,93874.501,93869.99,93878.99,BTC
2026-01-06 03:38:58+00:00,2026-01-06 03:41:23.120012+00:00,538.0,93874.571,93870.18,93878.66,BTC
2026-01-06 03:38:59+00:00,2026-01-06 03:41:24.119127+00:00,539.0,93874.571,93870.18,93878.66,BTC
2026-01-06 03:39:00+00:00,2026-01-06 03:41:25.122800+00:00,540.0,93874.281,93869.77,93878.54,BTC
2026-01-06 03:39:01+00:00,2026-01-06 03:41:26.137993+00:00,541.0,93872.081,93869.77,93874.65,BTC
2026-01-06 03:39:02+00:00,2026-01-06 03:41:27.482222+00:00,542.0,93871.501,93866.97,93874.54,BTC
2026-01-06 03:39:03+00:00,2026-01-06 03:41:28.475903+00:00,543.0,93871.331,93866.86,93873.57,BTC
2026-01-06 03:39:04+00:00,2026-01-06 03:41:29.457083+00:00,544.0,93867.241,93862.85,93869.72,BTC
2026-01-06 03:39:05+00:00,2026-01-06 03:41:30.472980+00:00,545.0,93863.321,93858.83,93866.35,BTC
2026-01-06 03:39:06+00:00,2026-01-06 03:41:31.461486+00:00,546.0,93863.321,93858.83,93866.35,BTC
2026-01-06 03:39:07+00:00,2026-01-06 03:41:32.483298+00:00,547.0,93862.161,93858.07,93863.59,BTC
2026-01-06 03:39:08+00:00,2026-01-06 03:41:33.467103+00:00,548.0,93861.681,93857.78,93863.56,BTC
2026-01-06 03:39:09+00:00,2026-01-06 03:41:34.468944+00:00,549.0,93856.601,93852.27,93861.09,BTC
2026-01-06 03:39:10+00:00,2026-01-06 03:41:35.482381+00:00,550.0,93856.691,93852.28,93861.09,BTC
2026-01-06 03:39:11+00:00,2026-01-06 03:41:36.469114+00:00,551.0,93856.671,93852.34,93861.01,BTC
2026-01-06 03:39:12+00:00,2026-01-06 03:41:37.484444+00:00,552.0,93856.691,93852.58,93858.5,BTC
2026-01-06 03:39:13+00:00,2026-01-06 03:41:38.485389+00:00,553.0,93856.621,93852.25,93858.95,BTC
2026-01-06 03:39:14+00:00,2026-01-06 03:41:39.500414+00:00,554.0,93856.621,93852.25,93858.95,BTC
2026-01-06 03:39:15+00:00,2026-01-06 03:41:40.504777+00:00,555.0,93856.141,93851.91,93856.66,BTC
2026-01-06 03:39:16+00:00,2026-01-06 03:41:41.535451+00:00,556.0,93854.081,93845.38,93855.45,BTC
2026-01-06 03:39:17+00:00,2026-01-06 03:41:42.530757+00:00,557.0,93844.911,93840.4,93848.24,BTC
2026-01-06 03:39:18+00:00,2026-01-06 03:41:43.535898+00:00,558.0,93844.131,93840.04,93848.22,BTC
2026-01-06 03:39:19+00:00,2026-01-06 03:41:44.566918+00:00,559.0,93837.081,93832.51,93838.53,BTC
2026-01-06 03:39:20+00:00,2026-01-06 03:41:45.579423+00:00,560.0,93834.101,93829.59,93838.63,BTC
2026-01-06 03:39:21+00:00,2026-01-06 03:41:46.585127+00:00,561.0,93834.041,93829.53,93838.55,BTC
2026-01-06 03:39:22+00:00,2026-01-06 03:41:47.646775+00:00,562.0,93833.001,93828.5,93837.51,BTC
2026-01-06 03:39:23+00:00,2026-01-06 03:41:48.647761+00:00,563.0,93833.021,93828.52,93837.52,BTC
2026-01-06 03:39:24+00:00,2026-01-06 03:41:49.649985+00:00,564.0,93833.001,93828.5,93837.48,BTC
2026-01-06 03:39:25+00:00,2026-01-06 03:41:50.651149+00:00,565.0,93832.981,93828.49,93837.48,BTC
2026-01-06 03:39:26+00:00,2026-01-06 03:41:51.667273+00:00,566.0,93824.24,93818.23,93827.05,BTC
2026-01-06 03:39:27+00:00,2026-01-06 03:41:52.674128+00:00,567.0,93821.99,93818.08,93825.89,BTC
2026-01-06 03:39:28+00:00,2026-01-06 03:41:53.680884+00:00,568.0,93821.99,93818.29,93825.68,BTC
2026-01-06 03:39:29+00:00,2026-01-06 03:41:54.702087+00:00,569.0,93821.77,93817.84,93825.7,BTC
2026-01-06 03:39:30+00:00,2026-01-06 03:41:55.699334+00:00,570.0,93821.76,93817.81,93825.72,BTC
2026-01-06 03:39:31+00:00,2026-01-06 03:41:56.746559+00:00,571.0,93821.92,93818.14,93825.72,BTC
2026-01-06 03:39:32+00:00,2026-01-06 03:41:57.771280+00:00,572.0,93821.94,93818.02,93825.7,BTC
2026-01-06 03:39:33+00:00,2026-01-06 03:41:58.751270+00:00,573.0,93821.32,93817.63,93821.94,BTC
2026-01-06 03:39:34+00:00,2026-01-06 03:41:59.746024+00:00,574.0,93821.79,93817.84,93823.62,BTC
2026-01-06 03:39:35+00:00,2026-01-06 03:42:00.774733+00:00,575.0,93821.37,93817.76,93821.67,BTC
2026-01-06 03:39:36+00:00,2026-01-06 03:42:02.386322+00:00,576.0,93821.26,93817.13,93821.99,BTC
2026-01-06 03:39:37+00:00,2026-01-06 03:42:03.400226+00:00,577.0,93818.73,93815.0,93819.49,BTC
2026-01-06 03:39:38+00:00,2026-01-06 03:42:04.401328+00:00,578.0,93816.4,93813.2,93817.61,BTC
2026-01-06 03:39:39+00:00,2026-01-06 03:42:05.447049+00:00,579.0,93815.85,93812.7,93816.89,BTC
2026-01-06 03:39:40+00:00,2026-01-06 03:42:06.464506+00:00,580.0,93815.14,93812.08,93815.66,BTC
2026-01-06 03:39:41+00:00,2026-01-06 03:42:07.471046+00:00,581.0,93815.2,93812.04,93815.84,BTC
2026-01-06 03:39:42+00:00,2026-01-06 03:42:08.484164+00:00,582.0,93815.9,93812.55,93816.66,BTC
2026-01-06 03:39:43+00:00,2026-01-06 03:42:09.496588+00:00,583.0,93816.57,93813.06,93817.39,BTC
2026-01-06 03:39:44+00:00,2026-01-06 03:42:10.504125+00:00,584.0,93820.9,93816.55,93823.91,BTC
2026-01-06 03:39:45+00:00,2026-01-06 03:42:11.498100+00:00,585.0,93825.4,93820.35,93830.44,BTC
2026-01-06 03:39:46+00:00,2026-01-06 03:42:12.516979+00:00,586.0,93825.92,93821.03,93830.81,BTC
2026-01-06 03:39:47+00:00,2026-01-06 03:42:13.528357+00:00,587.0,93826.3,93821.47,93831.13,BTC
2026-01-06 03:39:48+00:00,2026-01-06 03:42:14.532557+00:00,588.0,93826.6,93821.83,93831.37,BTC
2026-01-06 03:39:49+00:00,2026-01-06 03:42:15.549460+00:00,589.0,93826.88,93822.12,93831.64,BTC
2026-01-06 03:39:50+00:00,2026-01-06 03:42:16.551057+00:00,590.0,93826.72,93821.88,93831.56,BTC
2026-01-06 03:39:51+00:00,2026-01-06 03:42:17.550930+00:00,591.0,93826.64,93821.84,93831.43,BTC
2026-01-06 03:39:52+00:00,2026-01-06 03:42:18.548090+00:00,592.0,93826.41,93821.72,93831.12,BTC
2026-01-06 03:39:53+00:00,2026-01-06 03:42:19.550908+00:00,593.0,93826.63,93821.84,93831.45,BTC
2026-01-06 03:39:54+00:00,2026-01-06 03:42:20.547825+00:00,594.0,93827.16,93822.28,93832.04,BTC
2026-01-06 03:39:55+00:00,2026-01-06 03:42:21.559641+00:00,595.0,93826.05,93821.18,93831.33,BTC
2026-01-06 03:39:56+00:00,2026-01-06 03:42:22.565712+00:00,596.0,93827.01,93822.09,93831.92,BTC
2026-01-06 03:39:57+00:00,2026-01-06 03:42:23.576122+00:00,597.0,93827.01,93822.23,93831.79,BTC
2026-01-06 03:39:58+00:00,2026-01-06 03:42:24.584148+00:00,598.0,93827.28,93822.46,93832.1,BTC
2026-01-06 03:39:59+00:00,2026-01-06 03:42:25.597846+00:00,599.0,93827.08,93822.27,93831.95,BTC
2026-01-06 03:40:00+00:00,2026-01-06 03:42:26.600660+00:00,600.0,93827.591,93822.57,93832.62,BTC
2026-01-06 03:40:01+00:00,2026-01-06 03:42:27.599057+00:00,601.0,93821.82,93817.64,93823.7,BTC
2026-01-06 03:40:02+00:00,2026-01-06 03:42:28.598120+00:00,602.0,93818.93,93814.56,93819.69,BTC
2026-01-06 03:40:03+00:00,2026-01-06 03:42:29.619285+00:00,603.0,93818.93,93814.56,93820.82,BTC
2026-01-06 03:40:04+00:00,2026-01-06 03:42:30.629762+00:00,604.0,93818.92,93814.55,93819.93,BTC
2026-01-06 03:40:05+00:00,2026-01-06 03:42:31.631373+00:00,605.0,93812.95,93811.63,93813.7,BTC
2026-01-06 03:40:06+00:00,2026-01-06 03:42:32.647421+00:00,606.0,93805.7,93803.87,93808.72,BTC
2026-01-06 03:40:07+00:00,2026-01-06 03:42:33.646978+00:00,607.0,93804.53,93800.47,93807.65,BTC
2026-01-06 03:40:08+00:00,2026-01-06 03:42:34.633690+00:00,608.0,93804.25,93799.75,93808.75,BTC
2026-01-06 03:40:09+00:00,2026-01-06 03:42:35.643346+00:00,609.0,93804.25,93799.75,93808.75,BTC
2026-01-06 03:40:10+00:00,2026-01-06 03:42:36.706250+00:00,610.0,93810.47,93805.68,93815.13,BTC
2026-01-06 03:40:11+00:00,2026-01-06 03:42:37.715926+00:00,611.0,93810.85,93806.04,93815.51,BTC
2026-01-06 03:40:12+00:00,2026-01-06 03:42:38.731177+00:00,612.0,93812.17,93807.68,93816.64,BTC
2026-01-06 03:40:13+00:00,2026-01-06 03:42:39.734963+00:00,613.0,93813.58,93809.17,93817.94,BTC
2026-01-06 03:40:14+00:00,2026-01-06 03:42:40.768795+00:00,614.0,93816.22,93812.24,93820.49,BTC
2026-01-06 03:40:15+00:00,2026-01-06 03:42:41.783111+00:00,615.0,93818.99,93815.31,93823.32,BTC
2026-01-06 03:40:16+00:00,2026-01-06 03:42:42.796246+00:00,616.0,93819.37,93814.99,93824.02,BTC
2026-01-06 03:40:17+00:00,2026-01-06 03:42:43.801993+00:00,617.0,93819.92,93815.52,93824.78,BTC
2026-01-06 03:40:18+00:00,2026-01-06 03:42:44.839451+00:00,618.0,93820.5,93816.65,93825.27,BTC
2026-01-06 03:40:19+00:00,2026-01-06 03:42:45.819640+00:00,619.0,93820.5,93816.65,93825.27,BTC
2026-01-06 03:40:20+00:00,2026-01-06 03:42:47.076540+00:00,620.0,93820.8,93816.82,93825.45,BTC
2026-01-06 03:40:21+00:00,2026-01-06 03:42:48.083545+00:00,621.0,93821.74,93817.53,93826.07,BTC
2026-01-06 03:40:22+00:00,2026-01-06 03:42:49.079302+00:00,622.0,93820.63,93816.91,93825.46,BTC
2026-01-06 03:40:23+00:00,2026-01-06 03:42:50.080344+00:00,623.0,93821.1,93817.31,93825.82,BTC
2026-01-06 03:40:24+00:00,2026-01-06 03:42:51.090779+00:00,624.0,93818.56,93814.81,93823.4,BTC
2026-01-06 03:40:25+00:00,2026-01-06 03:42:52.096831+00:00,625.0,93818.56,93814.81,93823.4,BTC
2026-01-06 03:40:26+00:00,2026-01-06 03:42:53.075208+00:00,626.0,93819.99,93816.25,93824.97,BTC
2026-01-06 03:40:27+00:00,2026-01-06 03:42:54.097471+00:00,627.0,93820.36,93816.5,93825.46,BTC
2026-01-06 03:40:28+00:00,2026-01-06 03:42:55.098892+00:00,628.0,93821.53,93817.51,93826.07,BTC
2026-01-06 03:40:29+00:00,2026-01-06 03:42:56.111745+00:00,629.0,93825.31,93822.99,93829.81,BTC
2026-01-06 03:40:30+00:00,2026-01-06 03:42:57.265961+00:00,630.0,93825.14,93821.39,93829.72,BTC
2026-01-06 03:40:31+00:00,2026-01-06 03:42:58.326894+00:00,631.0,93824.48,93820.65,93829.18,BTC
2026-01-06 03:40:32+00:00,2026-01-06 03:42:59.285673+00:00,632.0,93824.03,93820.24,93828.72,BTC
2026-01-06 03:40:33+00:00,2026-01-06 03:43:00.370697+00:00,633.0,93823.88,93820.12,93828.57,BTC
2026-01-06 03:40:34+00:00,2026-01-06 03:43:01.374295+00:00,634.0,93823.76,93820.0,93828.44,BTC
2026-01-06 03:40:35+00:00,2026-01-06 03:43:02.372457+00:00,635.0,93824.23,93820.32,93828.87,BTC
2026-01-06 03:40:36+00:00,2026-01-06 03:43:03.382111+00:00,636.0,93824.7,93820.63,93829.29,BTC
2026-01-06 03:40:37+00:00,2026-01-06 03:43:04.382990+00:00,637.0,93825.56,93821.42,93830.2,BTC
2026-01-06 03:40:38+00:00,2026-01-06 03:43:05.393192+00:00,638.0,93826.43,93822.23,93831.13,BTC
2026-01-06 03:40:39+00:00,2026-01-06 03:43:06.401293+00:00,639.0,93830.411,93826.32,93835.14,BTC
2026-01-06 03:40:40+00:00,2026-01-06 03:43:07.413690+00:00,640.0,93834.381,93830.38,93839.13,BTC
2026-01-06 03:40:41+00:00,2026-01-06 03:43:08.425774+00:00,641.0,93834.381,93830.38,93839.13,BTC
2026-01-06 03:40:42+00:00,2026-01-06 03:43:09.433907+00:00,642.0,93834.511,93830.84,93839.34,BTC
2026-01-06 03:40:43+00:00,2026-01-06 03:43:10.444995+00:00,643.0,93835.371,93831.94,93840.06,BTC
2026-01-06 03:40:44+00:00,2026-01-06 03:43:11.476907+00:00,644.0,93834.581,93831.28,93839.29,BTC
2026-01-06 03:40:45+00:00,2026-01-06 03:43:12.501017+00:00,645.0,93834.581,93831.28,93839.29,BTC
2026-01-06 03:40:46+00:00,2026-01-06 03:43:13.509102+00:00,646.0,93832.591,93829.14,93837.22,BTC
2026-01-06 03:40:47+00:00,2026-01-06 03:43:14.514218+00:00,647.0,93833.181,93829.72,93837.83,BTC
2026-01-06 03:40:48+00:00,2026-01-06 03:43:15.525312+00:00,648.0,93833.491,93829.79,93838.38,BTC
2026-01-06 03:40:49+00:00,2026-01-06 03:43:16.548266+00:00,649.0,93833.431,93829.79,93838.3,BTC
2026-01-06 03:40:50+00:00,2026-01-06 03:43:17.558664+00:00,650.0,93833.401,93829.87,93838.03,BTC
2026-01-06 03:40:51+00:00,2026-01-06 03:43:18.564783+00:00,651.0,93832.071,93828.65,93836.83,BTC
2026-01-06 03:40:52+00:00,2026-01-06 03:43:19.562583+00:00,652.0,93831.841,93827.82,93836.9,BTC
2026-01-06 03:40:53+00:00,2026-01-06 03:43:20.562244+00:00,653.0,93833.681,93830.28,93838.45,BTC
2026-01-06 03:40:54+00:00,2026-01-06 03:43:21.578217+00:00,654.0,93833.251,93829.75,93838.03,BTC
2026-01-06 03:40:55+00:00,2026-01-06 03:43:22.580985+00:00,655.0,93829.061,93826.16,93833.29,BTC
2026-01-06 03:40:56+00:00,2026-01-06 03:43:23.584151+00:00,656.0,93815.88,93810.9,93817.59,BTC
2026-01-06 03:40:57+00:00,2026-01-06 03:43:24.578954+00:00,657.0,93812.58,93807.89,93815.69,BTC
2026-01-06 03:40:58+00:00,2026-01-06 03:43:25.596628+00:00,658.0,93811.59,93806.36,93813.91,BTC
2026-01-06 03:40:59+00:00,2026-01-06 03:43:26.594533+00:00,659.0,93811.02,93805.82,93813.32,BTC
2026-01-06 03:41:00+00:00,2026-01-06 03:43:27.598212+00:00,660.0,93807.2,93802.17,93809.53,BTC
2026-01-06 03:41:01+00:00,2026-01-06 03:43:28.606922+00:00,661.0,93807.56,93802.99,93810.93,BTC
2026-01-06 03:41:02+00:00,2026-01-06 03:43:29.611563+00:00,662.0,93807.52,93802.55,93810.06,BTC
2026-01-06 03:41:03+00:00,2026-01-06 03:43:30.611993+00:00,663.0,93806.84,93801.97,93809.87,BTC
2026-01-06 03:41:04+00:00,2026-01-06 03:43:31.612884+00:00,664.0,93803.74,93798.91,93806.75,BTC
2026-01-06 03:41:05+00:00,2026-01-06 03:43:33.608837+00:00,665.0,93805.58,93800.48,93809.5,BTC
2026-01-06 03:41:06+00:00,2026-01-06 03:43:34.627521+00:00,666.0,93805.56,93800.48,93809.32,BTC
2026-01-06 03:41:07+00:00,2026-01-06 03:43:35.631048+00:00,667.0,93805.68,93800.63,93809.26,BTC
2026-01-06 03:41:08+00:00,2026-01-06 03:43:36.637835+00:00,668.0,93805.1,93800.13,93808.25,BTC
2026-01-06 03:41:09+00:00,2026-01-06 03:43:37.653608+00:00,669.0,93803.9,93798.95,93806.69,BTC
2026-01-06 03:41:10+00:00,2026-01-06 03:43:38.662299+00:00,670.0,93803.56,93798.64,93806.33,BTC
2026-01-06 03:41:11+00:00,2026-01-06 03:43:39.662727+00:00,671.0,93804.69,93799.8,93807.42,BTC
2026-01-06 03:41:13+00:00,2026-01-06 03:43:40.697970+00:00,673.0,93803.78,93799.5,93805.31,BTC
2026-01-06 03:41:14+00:00,2026-01-06 03:43:41.712341+00:00,674.0,93802.93,93798.36,93805.58,BTC
2026-01-06 03:41:15+00:00,2026-01-06 03:43:42.657307+00:00,675.0,93803.1,93798.58,93805.35,BTC
2026-01-06 03:41:16+00:00,2026-01-06 03:43:43.713031+00:00,676.0,93803.27,93798.81,93805.27,BTC
2026-01-06 03:41:17+00:00,2026-01-06 03:43:44.705538+00:00,677.0,93803.0,93797.87,93804.32,BTC
2026-01-06 03:41:18+00:00,2026-01-06 03:43:45.709461+00:00,678.0,93802.98,93797.87,93804.29,BTC
2026-01-06 03:41:19+00:00,2026-01-06 03:43:46.717458+00:00,679.0,93802.98,93797.89,93804.32,BTC
2026-01-06 03:41:20+00:00,2026-01-06 03:43:47.754717+00:00,680.0,93802.65,93797.41,93804.03,BTC
2026-01-06 03:41:21+00:00,2026-01-06 03:43:48.756814+00:00,681.0,93803.05,93797.9,93804.68,BTC
2026-01-06 03:41:22+00:00,2026-01-06 03:43:49.750902+00:00,682.0,93803.05,93798.03,93804.6,BTC
2026-01-06 03:41:23+00:00,2026-01-06 03:43:50.761146+00:00,683.0,93801.89,93796.62,93803.25,BTC
2026-01-06 03:41:24+00:00,2026-01-06 03:43:51.781741+00:00,684.0,93801.89,93796.62,93803.25,BTC
2026-01-06 03:41:25+00:00,2026-01-06 03:43:52.840027+00:00,685.0,93801.9,93796.8,93803.92,BTC
2026-01-06 03:41:26+00:00,2026-01-06 03:43:53.844765+00:00,686.0,93801.76,93796.47,93804.01,BTC
2026-01-06 03:41:27+00:00,2026-01-06 03:43:54.846428+00:00,687.0,93801.76,93796.4,93804.01,BTC
2026-01-06 03:41:28+00:00,2026-01-06 03:43:55.875211+00:00,688.0,93801.79,93796.64,93803.92,BTC
2026-01-06 03:41:29+00:00,2026-01-06 03:43:57.894013+00:00,689.0,93800.55,93795.33,93802.93,BTC
2026-01-06 03:41:30+00:00,2026-01-06 03:43:58.920433+00:00,690.0,93799.3,93794.02,93802.27,BTC
2026-01-06 03:41:31+00:00,2026-01-06 03:43:59.910758+00:00,691.0,93799.27,93793.91,93802.59,BTC
2026-01-06 03:41:32+00:00,2026-01-06 03:44:00.917437+00:00,692.0,93799.26,93793.8,93802.6,BTC
2026-01-06 03:41:33+00:00,2026-01-06 03:44:01.895646+00:00,693.0,93799.47,93794.21,93803.14,BTC
2026-01-06 03:41:34+00:00,2026-01-06 03:44:02.894731+00:00,694.0,93799.68,93794.62,93803.67,BTC
2026-01-06 03:41:35+00:00,2026-01-06 03:44:03.914380+00:00,695.0,93799.71,93794.6,93803.73,BTC
2026-01-06 03:41:36+00:00,2026-01-06 03:44:04.911552+00:00,696.0,93799.67,93794.5,93803.78,BTC
2026-01-06 03:41:37+00:00,2026-01-06 03:44:05.912101+00:00,697.0,93799.64,93794.55,93803.97,BTC
2026-01-06 03:41:38+00:00,2026-01-06 03:44:06.910482+00:00,698.0,93799.68,93794.68,93804.18,BTC
2026-01-06 03:41:39+00:00,2026-01-06 03:44:07.907404+00:00,699.0,93799.62,93794.72,93804.27,BTC
2026-01-06 03:41:40+00:00,2026-01-06 03:44:08.915282+00:00,700.0,93799.56,93794.68,93804.36,BTC
2026-01-06 03:41:41+00:00,2026-01-06 03:44:09.969312+00:00,701.0,93799.55,93794.67,93804.35,BTC
2026-01-06 03:41:42+00:00,2026-01-06 03:44:11.000700+00:00,702.0,93799.34,93794.24,93804.04,BTC
2026-01-06 03:41:43+00:00,2026-01-06 03:44:11.992678+00:00,703.0,93799.09,93793.69,93803.7,BTC
2026-01-06 03:41:44+00:00,2026-01-06 03:44:12.991590+00:00,704.0,93799.26,93794.11,93804.02,BTC
2026-01-06 03:41:45+00:00,2026-01-06 03:44:13.945554+00:00,705.0,93799.47,93794.56,93804.37,BTC
2026-01-06 03:41:46+00:00,2026-01-06 03:44:15.012387+00:00,706.0,93799.59,93794.7,93804.46,BTC
2026-01-06 03:41:47+00:00,2026-01-06 03:44:15.996170+00:00,707.0,93799.74,93794.92,93804.55,BTC
2026-01-06 03:41:48+00:00,2026-01-06 03:44:17.011996+00:00,708.0,93799.77,93795.0,93804.55,BTC
2026-01-06 03:41:49+00:00,2026-01-06 03:44:17.995341+00:00,709.0,93799.78,93795.0,93804.55,BTC
2026-01-06 03:41:50+00:00,2026-01-06 03:44:18.996174+00:00,710.0,93799.79,93795.01,93804.56,BTC
2026-01-06 03:41:51+00:00,2026-01-06 03:44:20.015883+00:00,711.0,93799.79,93795.02,93804.57,BTC
2026-01-06 03:41:52+00:00,2026-01-06 03:44:21.014911+00:00,712.0,93799.8,93795.02,93804.57,BTC
2026-01-06 03:41:53+00:00,2026-01-06 03:44:22.049877+00:00,713.0,93799.8,93795.03,93804.57,BTC
2026-01-06 03:41:54+00:00,2026-01-06 03:44:23.057650+00:00,714.0,93799.45,93794.55,93804.36,BTC
2026-01-06 03:41:55+00:00,2026-01-06 03:44:24.067522+00:00,715.0,93799.45,93794.55,93804.36,BTC
2026-01-06 03:41:56+00:00,2026-01-06 03:44:25.069965+00:00,716.0,93799.74,93795.0,93804.49,BTC
2026-01-06 03:41:57+00:00,2026-01-06 03:44:26.072549+00:00,717.0,93799.74,93795.0,93804.55,BTC
2026-01-06 03:41:58+00:00,2026-01-06 03:44:27.089295+00:00,718.0,93798.7,93793.57,93803.04,BTC
2026-01-06 03:41:59+00:00,2026-01-06 03:44:28.074770+00:00,719.0,93798.5,93793.3,93802.85,BTC
2026-01-06 03:42:00+00:00,2026-01-06 03:44:29.074043+00:00,720.0,93796.76,93792.01,93803.52,BTC
2026-01-06 03:42:01+00:00,2026-01-06 03:44:30.084535+00:00,721.0,93795.57,93789.12,93800.2,BTC
2026-01-06 03:42:02+00:00,2026-01-06 03:44:31.166346+00:00,722.0,93787.94,93784.37,93788.53,BTC
2026-01-06 03:42:03+00:00,2026-01-06 03:44:32.113032+00:00,723.0,93787.94,93783.42,93788.53,BTC
2026-01-06 03:42:04+00:00,2026-01-06 03:44:33.167084+00:00,724.0,93777.72,93772.92,93781.05,BTC
2026-01-06 03:42:05+00:00,2026-01-06 03:44:34.175812+00:00,725.0,93775.03,93770.14,93779.71,BTC
2026-01-06 03:42:06+00:00,2026-01-06 03:44:35.178860+00:00,726.0,93774.69,93769.74,93779.1,BTC
2026-01-06 03:42:07+00:00,2026-01-06 03:44:36.189456+00:00,727.0,93774.69,93769.74,93779.1,BTC
2026-01-06 03:42:08+00:00,2026-01-06 03:44:37.254577+00:00,728.0,93774.16,93769.15,93779.1,BTC
2026-01-06 03:42:09+00:00,2026-01-06 03:44:38.240339+00:00,729.0,93774.17,93769.16,93778.3,BTC
2026-01-06 03:42:10+00:00,2026-01-06 03:44:39.245503+00:00,730.0,93775.07,93769.84,93779.55,BTC
2026-01-06 03:42:11+00:00,2026-01-06 03:44:40.240973+00:00,731.0,93776.85,93771.4,93782.35,BTC
2026-01-06 03:42:12+00:00,2026-01-06 03:44:41.260482+00:00,732.0,93777.15,93771.73,93783.12,BTC
2026-01-06 03:42:13+00:00,2026-01-06 03:44:42.289117+00:00,733.0,93776.55,93771.15,93783.0,BTC
2026-01-06 03:42:14+00:00,2026-01-06 03:44:43.278743+00:00,734.0,93777.27,93771.88,93783.15,BTC
2026-01-06 03:42:15+00:00,2026-01-06 03:44:44.305015+00:00,735.0,93778.03,93772.64,93783.43,BTC
2026-01-06 03:42:16+00:00,2026-01-06 03:44:45.302526+00:00,736.0,93778.09,93772.67,93783.5,BTC
2026-01-06 03:42:17+00:00,2026-01-06 03:44:46.311817+00:00,737.0,93776.36,93770.63,93783.09,BTC
2026-01-06 03:42:18+00:00,2026-01-06 03:44:47.327887+00:00,738.0,93778.21,93772.92,93783.61,BTC
2026-01-06 03:42:19+00:00,2026-01-06 03:44:48.309252+00:00,739.0,93778.63,93773.42,93783.85,BTC
2026-01-06 03:42:20+00:00,2026-01-06 03:44:49.340812+00:00,740.0,93778.61,93773.41,93783.81,BTC
2026-01-06 03:42:21+00:00,2026-01-06 03:44:50.340933+00:00,741.0,93778.61,93773.41,93783.82,BTC
2026-01-06 03:42:22+00:00,2026-01-06 03:44:51.343042+00:00,742.0,93778.44,93773.18,93783.71,BTC
2026-01-06 03:42:23+00:00,2026-01-06 03:44:52.344294+00:00,743.0,93778.44,93773.18,93783.21,BTC
2026-01-06 03:42:24+00:00,2026-01-06 03:44:53.359685+00:00,744.0,93777.97,93772.27,93783.49,BTC
2026-01-06 03:42:25+00:00,2026-01-06 03:44:54.358881+00:00,745.0,93778.08,93772.19,93783.25,BTC
2026-01-06 03:42:26+00:00,2026-01-06 03:44:55.357066+00:00,746.0,93782.17,93776.83,93787.51,BTC
2026-01-06 03:42:27+00:00,2026-01-06 03:44:56.376089+00:00,747.0,93779.68,93773.92,93785.47,BTC
2026-01-06 03:42:28+00:00,2026-01-06 03:44:57.392242+00:00,748.0,93779.68,93773.92,93785.47,BTC
2026-01-06 03:42:29+00:00,2026-01-06 03:44:58.391685+00:00,749.0,93782.39,93777.42,93787.31,BTC
2026-01-06 03:42:30+00:00,2026-01-06 03:44:59.379980+00:00,750.0,93782.47,93777.48,93787.53,BTC
2026-01-06 03:42:31+00:00,2026-01-06 03:45:00.398752+00:00,751.0,93782.32,93776.78,93787.49,BTC
2026-01-06 03:42:32+00:00,2026-01-06 03:45:01.377405+00:00,752.0,93782.3,93776.66,93787.49,BTC
2026-01-06 03:42:33+00:00,2026-01-06 03:45:02.372959+00:00,753.0,93782.44,93777.4,93787.48,BTC
2026-01-06 03:42:34+00:00,2026-01-06 03:45:03.393728+00:00,754.0,93782.48,93776.87,93787.66,BTC
2026-01-06 03:42:35+00:00,2026-01-06 03:45:04.409002+00:00,755.0,93782.03,93776.4,93787.66,BTC
2026-01-06 03:42:36+00:00,2026-01-06 03:45:05.406668+00:00,756.0,93782.03,93776.4,93787.66,BTC
2026-01-06 03:42:37+00:00,2026-01-06 03:45:06.417830+00:00,757.0,93782.5,93777.44,93787.55,BTC
2026-01-06 03:42:38+00:00,2026-01-06 03:45:07.424947+00:00,758.0,93782.39,93776.86,93787.52,BTC
2026-01-06 03:42:39+00:00,2026-01-06 03:45:08.425373+00:00,759.0,93782.24,93777.14,93787.49,BTC
2026-01-06 03:42:40+00:00,2026-01-06 03:45:09.448247+00:00,760.0,93782.38,93777.28,93787.48,BTC
2026-01-06 03:42:41+00:00,2026-01-06 03:45:10.460805+00:00,761.0,93782.38,93777.28,93787.48,BTC
2026-01-06 03:42:42+00:00,2026-01-06 03:45:11.458196+00:00,762.0,93779.21,93773.74,93784.72,BTC
2026-01-06 03:42:43+00:00,2026-01-06 03:45:12.490743+00:00,763.0,93781.82,93776.63,93786.87,BTC
2026-01-06 03:42:44+00:00,2026-01-06 03:45:13.492811+00:00,764.0,93782.16,93777.07,93787.23,BTC
2026-01-06 03:42:45+00:00,2026-01-06 03:45:14.527377+00:00,765.0,93780.35,93774.73,93785.99,BTC
2026-01-06 03:42:46+00:00,2026-01-06 03:45:15.539254+00:00,766.0,93780.33,93774.7,93785.96,BTC
2026-01-06 03:42:47+00:00,2026-01-06 03:45:16.539268+00:00,767.0,93782.26,93777.1,93787.53,BTC
2026-01-06 03:42:48+00:00,2026-01-06 03:45:17.523420+00:00,768.0,93782.25,93777.1,93787.41,BTC
2026-01-06 03:42:49+00:00,2026-01-06 03:45:18.525140+00:00,769.0,93782.1,93777.03,93787.18,BTC
2026-01-06 03:42:50+00:00,2026-01-06 03:45:19.529920+00:00,770.0,93782.1,93777.02,93787.18,BTC
2026-01-06 03:42:51+00:00,2026-01-06 03:45:20.543734+00:00,771.0,93779.61,93774.03,93785.19,BTC
2026-01-06 03:42:52+00:00,2026-01-06 03:45:21.555576+00:00,772.0,93778.95,93773.5,93784.41,BTC
2026-01-06 03:42:53+00:00,2026-01-06 03:45:22.559622+00:00,773.0,93780.42,93775.19,93785.66,BTC
2026-01-06 03:42:54+00:00,2026-01-06 03:45:23.571881+00:00,774.0,93780.78,93775.48,93785.87,BTC
2026-01-06 03:42:55+00:00,2026-01-06 03:45:24.578483+00:00,775.0,93780.31,93775.01,93785.61,BTC
2026-01-06 03:42:56+00:00,2026-01-06 03:45:25.573561+00:00,776.0,93780.45,93775.17,93785.73,BTC
2026-01-06 03:42:57+00:00,2026-01-06 03:45:26.595799+00:00,777.0,93780.45,93775.17,93785.73,BTC
2026-01-06 03:42:58+00:00,2026-01-06 03:45:27.608894+00:00,778.0,93780.83,93776.15,93785.5,BTC
2026-01-06 03:42:59+00:00,2026-01-06 03:45:28.607627+00:00,779.0,93780.82,93776.15,93785.49,BTC
2026-01-06 03:43:00+00:00,2026-01-06 03:45:29.615858+00:00,780.0,93780.8,93776.12,93785.49,BTC
2026-01-06 03:43:01+00:00,2026-01-06 03:45:30.622111+00:00,781.0,93779.68,93774.4,93784.97,BTC
2026-01-06 03:43:02+00:00,2026-01-06 03:45:31.639604+00:00,782.0,93780.77,93776.04,93785.44,BTC
2026-01-06 03:43:03+00:00,2026-01-06 03:45:32.652283+00:00,783.0,93780.77,93776.09,93784.97,BTC
2026-01-06 03:43:04+00:00,2026-01-06 03:45:34.654779+00:00,784.0,93778.92,93773.53,93784.31,BTC
2026-01-06 03:43:05+00:00,2026-01-06 03:45:35.657160+00:00,785.0,93778.97,93773.57,93784.45,BTC
2026-01-06 03:43:06+00:00,2026-01-06 03:45:36.678803+00:00,786.0,93778.66,93773.54,93783.86,BTC
2026-01-06 03:43:08+00:00,2026-01-06 03:45:37.717904+00:00,788.0,93778.29,93773.38,93783.2,BTC
2026-01-06 03:43:09+00:00,2026-01-06 03:45:38.713195+00:00,789.0,93775.34,93770.48,93780.8,BTC
2026-01-06 03:43:10+00:00,2026-01-06 03:45:39.731142+00:00,790.0,93775.34,93770.48,93780.8,BTC
2026-01-06 03:43:11+00:00,2026-01-06 03:45:40.727156+00:00,791.0,93775.54,93770.0,93779.98,BTC
2026-01-06 03:43:12+00:00,2026-01-06 03:45:41.729891+00:00,792.0,93773.59,93768.11,93777.23,BTC
2026-01-06 03:43:13+00:00,2026-01-06 03:45:42.719005+00:00,793.0,93773.59,93768.11,93776.87,BTC
2026-01-06 03:43:14+00:00,2026-01-06 03:45:43.741984+00:00,794.0,93775.68,93769.92,93780.58,BTC
2026-01-06 03:43:15+00:00,2026-01-06 03:45:44.721697+00:00,795.0,93775.65,93769.88,93780.58,BTC
2026-01-06 03:43:16+00:00,2026-01-06 03:45:45.738572+00:00,796.0,93776.79,93771.61,93782.75,BTC
2026-01-06 03:43:17+00:00,2026-01-06 03:45:46.736912+00:00,797.0,93776.79,93771.29,93782.46,BTC
2026-01-06 03:43:18+00:00,2026-01-06 03:45:47.745487+00:00,798.0,93776.79,93771.61,93782.13,BTC
2026-01-06 03:43:19+00:00,2026-01-06 03:45:48.749976+00:00,799.0,93776.92,93771.88,93782.49,BTC
2026-01-06 03:43:20+00:00,2026-01-06 03:45:49.753965+00:00,800.0,93777.14,93771.69,93782.87,BTC
2026-01-06 03:43:21+00:00,2026-01-06 03:45:50.757369+00:00,801.0,93777.13,93771.69,93782.89,BTC
2026-01-06 03:43:22+00:00,2026-01-06 03:45:51.770072+00:00,802.0,93777.13,93771.69,93782.89,BTC
2026-01-06 03:43:23+00:00,2026-01-06 03:45:52.774278+00:00,803.0,93777.12,93771.69,93782.67,BTC
2026-01-06 03:43:24+00:00,2026-01-06 03:45:53.793358+00:00,804.0,93776.27,93770.31,93781.05,BTC
2026-01-06 03:43:25+00:00,2026-01-06 03:45:54.787733+00:00,805.0,93776.08,93770.12,93780.98,BTC
2026-01-06 03:43:26+00:00,2026-01-06 03:45:55.786044+00:00,806.0,93775.9,93769.94,93780.91,BTC
2026-01-06 03:43:27+00:00,2026-01-06 03:45:56.775482+00:00,807.0,93775.71,93769.75,93780.84,BTC
2026-01-06 03:43:28+00:00,2026-01-06 03:45:57.836129+00:00,808.0,93776.5,93771.41,93782.39,BTC
2026-01-06 03:43:29+00:00,2026-01-06 03:45:59.839511+00:00,809.0,93774.78,93768.48,93780.48,BTC
2026-01-06 03:43:30+00:00,2026-01-06 03:46:00.869410+00:00,810.0,93775.01,93768.68,93780.49,BTC
2026-01-06 03:43:31+00:00,2026-01-06 03:46:01.853780+00:00,811.0,93775.22,93768.78,93780.73,BTC
2026-01-06 03:43:32+00:00,2026-01-06 03:46:02.857506+00:00,812.0,93775.63,93769.42,93781.62,BTC
2026-01-06 03:43:33+00:00,2026-01-06 03:46:03.874265+00:00,813.0,93775.79,93769.67,93781.92,BTC
2026-01-06 03:43:34+00:00,2026-01-06 03:46:04.878410+00:00,814.0,93775.8,93769.67,93781.94,BTC
2026-01-06 03:43:35+00:00,2026-01-06 03:46:05.877831+00:00,815.0,93775.83,93769.93,93782.12,BTC
2026-01-06 03:43:36+00:00,2026-01-06 03:46:06.893752+00:00,816.0,93775.86,93769.93,93782.12,BTC
2026-01-06 03:43:37+00:00,2026-01-06 03:46:07.911466+00:00,817.0,93775.94,93769.97,93782.04,BTC
2026-01-06 03:43:38+00:00,2026-01-06 03:46:08.893586+00:00,818.0,93776.04,93770.03,93782.0,BTC
2026-01-06 03:43:39+00:00,2026-01-06 03:46:09.905903+00:00,819.0,93776.03,93769.96,93782.0,BTC
2026-01-06 03:43:40+00:00,2026-01-06 03:46:10.905724+00:00,820.0,93775.87,93769.48,93781.77,BTC
2026-01-06 03:43:41+00:00,2026-01-06 03:46:11.905215+00:00,821.0,93775.83,93769.43,93781.74,BTC
2026-01-06 03:43:42+00:00,2026-01-06 03:46:12.922159+00:00,822.0,93775.86,93769.84,93781.93,BTC
2026-01-06 03:43:43+00:00,2026-01-06 03:46:13.936694+00:00,823.0,93775.81,93769.78,93781.96,BTC
2026-01-06 03:43:44+00:00,2026-01-06 03:46:14.960426+00:00,824.0,93775.82,93769.67,93781.97,BTC
2026-01-06 03:43:45+00:00,2026-01-06 03:46:15.958402+00:00,825.0,93775.84,93769.75,93781.92,BTC
2026-01-06 03:43:46+00:00,2026-01-06 03:46:16.979353+00:00,826.0,93775.82,93769.75,93781.89,BTC
2026-01-06 03:43:47+00:00,2026-01-06 03:46:17.973962+00:00,827.0,93775.79,93769.67,93781.91,BTC
2026-01-06 03:43:48+00:00,2026-01-06 03:46:18.984246+00:00,828.0,93772.94,93767.06,93778.7,BTC
2026-01-06 03:43:49+00:00,2026-01-06 03:46:19.987470+00:00,829.0,93770.06,93764.34,93775.48,BTC
2026-01-06 03:43:50+00:00,2026-01-06 03:46:20.989625+00:00,830.0,93769.58,93763.84,93773.11,BTC
2026-01-06 03:43:51+00:00,2026-01-06 03:46:21.985757+00:00,831.0,93769.13,93763.46,93770.74,BTC
2026-01-06 03:43:52+00:00,2026-01-06 03:46:22.990460+00:00,832.0,93769.21,93763.46,93770.74,BTC
2026-01-06 03:43:53+00:00,2026-01-06 03:46:23.990882+00:00,833.0,93770.44,93764.56,93773.59,BTC
2026-01-06 03:43:54+00:00,2026-01-06 03:46:24.988127+00:00,834.0,93770.32,93764.51,93773.65,BTC
2026-01-06 03:43:55+00:00,2026-01-06 03:46:25.986407+00:00,835.0,93770.32,93764.51,93773.65,BTC
2026-01-06 03:43:56+00:00,2026-01-06 03:46:26.988233+00:00,836.0,93770.12,93764.3,93773.81,BTC
2026-01-06 03:43:57+00:00,2026-01-06 03:46:27.988422+00:00,837.0,93770.1,93764.18,93773.82,BTC
2026-01-06 03:43:58+00:00,2026-01-06 03:46:28.992021+00:00,838.0,93770.1,93764.26,93773.88,BTC
2026-01-06 03:43:59+00:00,2026-01-06 03:46:29.986073+00:00,839.0,93770.1,93764.26,93773.88,BTC
2026-01-06 03:44:00+00:00,2026-01-06 03:46:31.005445+00:00,840.0,93770.92,93765.0,93776.71,BTC
2026-01-06 03:44:01+00:00,2026-01-06 03:46:32.006410+00:00,841.0,93770.92,93765.0,93776.71,BTC
2026-01-06 03:44:02+00:00,2026-01-06 03:46:33.027862+00:00,842.0,93773.78,93767.85,93780.44,BTC
2026-01-06 03:44:03+00:00,2026-01-06 03:46:34.039927+00:00,843.0,93774.68,93769.55,93780.59,BTC
2026-01-06 03:44:04+00:00,2026-01-06 03:46:35.036821+00:00,844.0,93774.68,93769.56,93780.6,BTC
2026-01-06 03:44:05+00:00,2026-01-06 03:46:36.032059+00:00,845.0,93774.74,93769.56,93780.57,BTC
2026-01-06 03:44:06+00:00,2026-01-06 03:46:37.038571+00:00,846.0,93774.74,93769.56,93780.57,BTC
2026-01-06 03:44:07+00:00,2026-01-06 03:46:38.037033+00:00,847.0,93774.74,93769.55,93780.49,BTC
2026-01-06 03:44:08+00:00,2026-01-06 03:46:39.040599+00:00,848.0,93774.72,93769.55,93780.5,BTC
2026-01-06 03:44:09+00:00,2026-01-06 03:46:40.088209+00:00,849.0,93774.67,93769.3,93780.48,BTC
2026-01-06 03:44:10+00:00,2026-01-06 03:46:41.086211+00:00,850.0,93774.67,93769.3,93780.48,BTC
2026-01-06 03:44:11+00:00,2026-01-06 03:46:42.087389+00:00,851.0,93774.74,93769.35,93780.54,BTC
2026-01-06 03:44:12+00:00,2026-01-06 03:46:43.100408+00:00,852.0,93774.74,93769.38,93780.54,BTC
2026-01-06 03:44:13+00:00,2026-01-06 03:46:44.102279+00:00,853.0,93774.65,93769.55,93780.49,BTC
2026-01-06 03:44:14+00:00,2026-01-06 03:46:45.104596+00:00,854.0,93774.65,93769.55,93780.49,BTC
2026-01-06 03:44:15+00:00,2026-01-06 03:46:46.108944+00:00,855.0,93774.59,93769.57,93780.4,BTC
2026-01-06 03:44:16+00:00,2026-01-06 03:46:47.103802+00:00,856.0,93774.59,93769.57,93780.39,BTC
2026-01-06 03:44:17+00:00,2026-01-06 03:46:48.128193+00:00,857.0,93774.11,93768.49,93780.41,BTC
2026-01-06 03:44:18+00:00,2026-01-06 03:46:49.152141+00:00,858.0,93774.3,93768.72,93780.41,BTC
2026-01-06 03:44:19+00:00,2026-01-06 03:46:50.147547+00:00,859.0,93781.07,93775.99,93786.42,BTC
2026-01-06 03:44:20+00:00,2026-01-06 03:46:51.156095+00:00,860.0,93780.28,93777.78,93786.08,BTC
2026-01-06 03:44:21+00:00,2026-01-06 03:46:52.169825+00:00,861.0,93778.92,93776.42,93784.7,BTC
2026-01-06 03:44:22+00:00,2026-01-06 03:46:53.187017+00:00,862.0,93781.04,93779.04,93786.37,BTC
2026-01-06 03:44:23+00:00,2026-01-06 03:46:54.206228+00:00,863.0,93789.59,93789.07,93795.37,BTC
2026-01-06 03:44:24+00:00,2026-01-06 03:46:55.261713+00:00,864.0,93797.29,93795.03,93802.96,BTC
2026-01-06 03:44:25+00:00,2026-01-06 03:46:56.249554+00:00,865.0,93798.17,93796.53,93803.82,BTC
2026-01-06 03:44:26+00:00,2026-01-06 03:46:57.275138+00:00,866.0,93799.24,93797.81,93804.87,BTC
2026-01-06 03:44:27+00:00,2026-01-06 03:46:58.256279+00:00,867.0,93800.39,93798.8,93806.01,BTC
2026-01-06 03:44:28+00:00,2026-01-06 03:46:59.269390+00:00,868.0,93800.51,93799.16,93806.13,BTC
2026-01-06 03:44:29+00:00,2026-01-06 03:47:00.280207+00:00,869.0,93800.5,93799.52,93806.08,BTC
2026-01-06 03:44:30+00:00,2026-01-06 03:47:01.277061+00:00,870.0,93800.47,93799.27,93806.03,BTC
2026-01-06 03:44:31+00:00,2026-01-06 03:47:02.297806+00:00,871.0,93800.36,93798.9,93806.0,BTC
2026-01-06 03:44:32+00:00,2026-01-06 03:47:03.378812+00:00,872.0,93808.631,93807.21,93813.22,BTC
2026-01-06 03:44:33+00:00,2026-01-06 03:47:04.350366+00:00,873.0,93819.551,93817.55,93823.91,BTC
2026-01-06 03:44:34+00:00,2026-01-06 03:47:05.353923+00:00,874.0,93822.681,93820.21,93828.0,BTC
2026-01-06 03:44:35+00:00,2026-01-06 03:47:06.369030+00:00,875.0,93823.151,93820.31,93828.4,BTC
2026-01-06 03:44:36+00:00,2026-01-06 03:47:07.388322+00:00,876.0,93821.731,93818.87,93827.19,BTC
2026-01-06 03:44:37+00:00,2026-01-06 03:47:08.887855+00:00,877.0,93821.441,93819.0,93826.92,BTC
2026-01-06 03:44:38+00:00,2026-01-06 03:47:09.734594+00:00,878.0,93822.731,93820.21,93827.97,BTC
2026-01-06 03:44:39+00:00,2026-01-06 03:47:10.765068+00:00,879.0,93823.031,93820.51,93828.29,BTC
2026-01-06 03:44:40+00:00,2026-01-06 03:47:11.769804+00:00,880.0,93821.571,93818.87,93827.39,BTC
2026-01-06 03:44:41+00:00,2026-01-06 03:47:13.115179+00:00,881.0,93822.211,93819.27,93828.03,BTC
2026-01-06 03:44:42+00:00,2026-01-06 03:47:13.791084+00:00,882.0,93821.411,93818.38,93827.31,BTC
2026-01-06 03:44:43+00:00,2026-01-06 03:47:14.800501+00:00,883.0,93821.411,93818.38,93827.31,BTC
2026-01-06 03:44:44+00:00,2026-01-06 03:47:15.911591+00:00,884.0,93821.791,93818.89,93827.57,BTC
2026-01-06 03:44:45+00:00,2026-01-06 03:47:16.737488+00:00,885.0,93822.631,93819.63,93828.27,BTC
2026-01-06 03:44:46+00:00,2026-01-06 03:47:17.887274+00:00,886.0,93822.631,93819.63,93828.27,BTC
2026-01-06 03:44:47+00:00,2026-01-06 03:47:18.872240+00:00,887.0,93822.461,93819.4,93828.19,BTC
2026-01-06 03:44:48+00:00,2026-01-06 03:47:19.834525+00:00,888.0,93822.781,93819.62,93828.19,BTC
2026-01-06 03:44:49+00:00,2026-01-06 03:47:20.831497+00:00,889.0,93822.491,93819.46,93828.17,BTC
2026-01-06 03:44:50+00:00,2026-01-06 03:47:21.854485+00:00,890.0,93822.491,93819.46,93828.17,BTC
2026-01-06 03:44:51+00:00,2026-01-06 03:47:22.869987+00:00,891.0,93822.811,93819.51,93828.28,BTC
2026-01-06 03:44:52+00:00,2026-01-06 03:47:23.855372+00:00,892.0,93822.771,93819.46,93828.49,BTC
2026-01-06 03:44:53+00:00,2026-01-06 03:47:24.856834+00:00,893.0,93822.621,93819.22,93828.71,BTC
2026-01-06 03:44:54+00:00,2026-01-06 03:47:25.863747+00:00,894.0,93821.961,93818.48,93828.14,BTC
2026-01-06 03:44:55+00:00,2026-01-06 03:47:26.880998+00:00,895.0,93821.461,93818.07,93827.62,BTC
2026-01-06 03:44:56+00:00,2026-01-06 03:47:27.886697+00:00,896.0,93822.111,93818.8,93827.93,BTC
2026-01-06 03:44:57+00:00,2026-01-06 03:47:28.902273+00:00,897.0,93822.621,93819.21,93828.19,BTC
2026-01-06 03:44:58+00:00,2026-01-06 03:47:29.968685+00:00,898.0,93819.641,93815.99,93824.99,BTC
2026-01-06 03:44:59+00:00,2026-01-06 03:47:30.968319+00:00,899.0,93813.151,93809.95,93818.0,BTC
