timestamp,collected_at,seconds,up_mid,up_best_bid,up_best_ask,down_mid,down_best_bid,down_best_ask,up_best_bid_size,up_best_ask_size,down_best_bid_size,down_best_ask_size
2026-01-06 03:30:00.346000+00:00,2026-01-06 03:30:00.444214+00:00,0.346,0.4649999999999999,0.46,0.47,0.53,0.52,0.54,,,,
2026-01-06 03:30:01.424000+00:00,2026-01-06 03:30:01.444594+00:00,1.424,0.475,0.47,0.48,0.525,0.52,0.53,,,,
2026-01-06 03:30:02.427000+00:00,2026-01-06 03:30:02.447116+00:00,2.427,0.505,0.5,0.51,0.495,0.49,0.5,,,,
2026-01-06 03:30:03.445000+00:00,2026-01-06 03:30:03.464656+00:00,3.445,0.49,0.48,0.5,0.51,0.5,0.52,,,,
2026-01-06 03:30:04.457000+00:00,2026-01-06 03:30:04.491124+00:00,4.457,0.485,0.48,0.49,0.505,0.5,0.51,,,,
2026-01-06 03:30:05.477000+00:00,2026-01-06 03:30:05.497202+00:00,5.477,0.5,0.49,0.51,0.5,0.49,0.51,,,,
2026-01-06 03:30:06.495000+00:00,2026-01-06 03:30:06.515055+00:00,6.495,0.5,0.49,0.51,0.5,0.49,0.51,,,,
2026-01-06 03:30:07.487000+00:00,2026-01-06 03:30:07.514124+00:00,7.487,0.505,0.5,0.51,0.495,0.49,0.5,,,,
2026-01-06 03:30:08.495000+00:00,2026-01-06 03:30:08.519596+00:00,8.495,0.505,0.5,0.51,0.495,0.49,0.5,,,,
2026-01-06 03:30:09.586000+00:00,2026-01-06 03:30:09.516184+00:00,9.586,0.515,0.51,0.52,0.485,0.48,0.49,,,,
2026-01-06 03:30:10.515000+00:00,2026-01-06 03:30:10.535984+00:00,10.515,0.545,0.54,0.55,0.455,0.45,0.46,,,,
2026-01-06 03:30:11.517000+00:00,2026-01-06 03:30:11.547496+00:00,11.517,0.545,0.54,0.55,0.455,0.45,0.46,,,,
2026-01-06 03:30:12.569000+00:00,2026-01-06 03:30:12.564309+00:00,12.569,0.545,0.54,0.55,0.455,0.45,0.46,,,,
2026-01-06 03:30:13.539000+00:00,2026-01-06 03:30:13.556475+00:00,13.539,0.545,0.54,0.55,0.455,0.45,0.46,,,,
2026-01-06 03:30:14.548000+00:00,2026-01-06 03:30:14.568614+00:00,14.548,0.545,0.54,0.55,0.4599999999999999,0.45,0.47,,,,
2026-01-06 03:30:15.544000+00:00,2026-01-06 03:30:15.570437+00:00,15.544,0.535,0.53,0.54,0.4649999999999999,0.46,0.47,,,,
2026-01-06 03:30:16.558000+00:00,2026-01-06 03:30:16.580379+00:00,16.558,0.535,0.53,0.54,0.4649999999999999,0.46,0.47,,,,
2026-01-06 03:30:17.563000+00:00,2026-01-06 03:30:17.586180+00:00,17.563,0.525,0.52,0.53,0.475,0.47,0.48,,,,
2026-01-06 03:30:18.574000+00:00,2026-01-06 03:30:18.598946+00:00,18.574,0.525,0.52,0.53,0.475,0.47,0.48,,,,
2026-01-06 03:30:19.568000+00:00,2026-01-06 03:30:19.602627+00:00,19.568,0.525,0.52,0.53,0.475,0.47,0.48,,,,
2026-01-06 03:30:20.569000+00:00,2026-01-06 03:30:20.610037+00:00,20.569,0.525,0.52,0.53,0.475,0.47,0.48,,,,
2026-01-06 03:30:21.604000+00:00,2026-01-06 03:30:21.629395+00:00,21.604,0.51,0.5,0.52,0.505,0.5,0.51,,,,
2026-01-06 03:30:22.595000+00:00,2026-01-06 03:30:22.628805+00:00,22.595,0.505,0.5,0.51,0.495,0.49,0.5,,,,
2026-01-06 03:30:23.619000+00:00,2026-01-06 03:30:23.632767+00:00,23.619,0.505,0.5,0.51,0.495,0.49,0.5,,,,
2026-01-06 03:30:24.614000+00:00,2026-01-06 03:30:24.637793+00:00,24.614,0.505,0.5,0.51,0.495,0.49,0.5,,,,
2026-01-06 03:30:25.594000+00:00,2026-01-06 03:30:25.652914+00:00,25.594,0.505,0.5,0.51,0.495,0.49,0.5,,,,
2026-01-06 03:30:26.638000+00:00,2026-01-06 03:30:26.669019+00:00,26.638,0.505,0.5,0.51,0.495,0.49,0.5,,,,
2026-01-06 03:30:27.658000+00:00,2026-01-06 03:30:27.679274+00:00,27.658,0.505,0.5,0.51,0.495,0.49,0.5,,,,
2026-01-06 03:30:28.650000+00:00,2026-01-06 03:30:28.686206+00:00,28.65,0.505,0.5,0.51,0.495,0.49,0.5,,,,
2026-01-06 03:30:29.664000+00:00,2026-01-06 03:30:29.685974+00:00,29.664,0.505,0.5,0.51,0.495,0.49,0.5,,,,
2026-01-06 03:30:30.676000+00:00,2026-01-06 03:30:30.698873+00:00,30.676,0.545,0.54,0.55,0.455,0.45,0.46,,,,
2026-01-06 03:30:31.668000+00:00,2026-01-06 03:30:31.711223+00:00,31.668,0.545,0.54,0.55,0.455,0.45,0.46,,,,
2026-01-06 03:30:32.655000+00:00,2026-01-06 03:30:32.713996+00:00,32.655,0.545,0.54,0.55,0.455,0.45,0.46,,,,
2026-01-06 03:30:33.726000+00:00,2026-01-06 03:30:33.738956+00:00,33.726,0.545,0.54,0.55,0.455,0.45,0.46,,,,
2026-01-06 03:30:34.707000+00:00,2026-01-06 03:30:34.745133+00:00,34.707,0.545,0.54,0.55,0.455,0.45,0.46,,,,
2026-01-06 03:30:35.572000+00:00,2026-01-06 03:30:35.753964+00:00,35.572,0.545,0.54,0.55,0.455,0.45,0.46,,,,
2026-01-06 03:30:36.721000+00:00,2026-01-06 03:30:36.769157+00:00,36.721,0.545,0.54,0.55,0.455,0.45,0.46,,,,
2026-01-06 03:30:37.574000+00:00,2026-01-06 03:30:37.780525+00:00,37.574,0.545,0.54,0.55,0.455,0.45,0.46,,,,
2026-01-06 03:30:38.758000+00:00,2026-01-06 03:30:38.786073+00:00,38.758,0.535,0.53,0.54,0.4649999999999999,0.46,0.47,,,,
2026-01-06 03:30:39.750000+00:00,2026-01-06 03:30:39.784588+00:00,39.75,0.535,0.53,0.54,0.4649999999999999,0.46,0.47,,,,
2026-01-06 03:30:40.774000+00:00,2026-01-06 03:30:40.794825+00:00,40.774,0.535,0.53,0.54,0.4649999999999999,0.46,0.47,,,,
2026-01-06 03:30:41.756000+00:00,2026-01-06 03:30:41.793041+00:00,41.756,0.525,0.52,0.53,0.475,0.47,0.48,,,,
2026-01-06 03:30:42.773000+00:00,2026-01-06 03:30:42.795897+00:00,42.773,0.525,0.52,0.53,0.475,0.47,0.48,,,,
2026-01-06 03:30:43.775000+00:00,2026-01-06 03:30:43.799206+00:00,43.775,0.525,0.52,0.53,0.475,0.47,0.48,,,,
2026-01-06 03:30:44.782000+00:00,2026-01-06 03:30:44.803863+00:00,44.782,0.505,0.5,0.51,0.495,0.49,0.5,,,,
2026-01-06 03:30:45.723000+00:00,2026-01-06 03:30:45.801204+00:00,45.723,0.515,0.51,0.52,0.485,0.48,0.49,,,,
2026-01-06 03:30:46.723000+00:00,2026-01-06 03:30:46.801591+00:00,46.723,0.515,0.51,0.52,0.485,0.48,0.49,,,,
2026-01-06 03:30:47.780000+00:00,2026-01-06 03:30:47.798272+00:00,47.78,0.515,0.51,0.52,0.485,0.48,0.49,,,,
2026-01-06 03:30:48.570000+00:00,2026-01-06 03:30:48.796535+00:00,48.57,0.515,0.51,0.52,0.485,0.48,0.49,,,,
2026-01-06 03:30:49.766000+00:00,2026-01-06 03:30:49.813203+00:00,49.766,0.515,0.51,0.52,0.485,0.48,0.49,,,,
2026-01-06 03:30:50.787000+00:00,2026-01-06 03:30:50.812959+00:00,50.787,0.515,0.51,0.52,0.485,0.48,0.49,,,,
2026-01-06 03:30:51.749000+00:00,2026-01-06 03:30:51.814072+00:00,51.749,0.505,0.5,0.51,0.495,0.49,0.5,,,,
2026-01-06 03:30:52.798000+00:00,2026-01-06 03:30:52.819318+00:00,52.798,0.495,0.48,0.51,0.505,0.49,0.52,,,,
2026-01-06 03:30:53.783000+00:00,2026-01-06 03:30:53.833309+00:00,53.783,0.485,0.47,0.5,0.515,0.5,0.53,,,,
2026-01-06 03:30:54.789000+00:00,2026-01-06 03:30:54.847482+00:00,54.789,0.455,0.45,0.46,0.545,0.54,0.55,,,,
2026-01-06 03:30:55.823000+00:00,2026-01-06 03:30:55.861621+00:00,55.823,0.445,0.44,0.45,0.555,0.55,0.56,,,,
2026-01-06 03:30:56.828000+00:00,2026-01-06 03:30:56.868229+00:00,56.828,0.405,0.4,0.41,0.595,0.59,0.6,,,,
2026-01-06 03:30:57.850000+00:00,2026-01-06 03:30:57.872856+00:00,57.85,0.405,0.4,0.41,0.595,0.59,0.6,,,,
2026-01-06 03:30:58.857000+00:00,2026-01-06 03:30:58.879774+00:00,58.857,0.395,0.39,0.4,0.63,0.61,0.65,,,,
2026-01-06 03:30:59.874000+00:00,2026-01-06 03:30:59.881367+00:00,59.874,0.355,0.35,0.36,0.65,0.64,0.66,,,,
2026-01-06 03:31:00.872000+00:00,2026-01-06 03:31:00.884716+00:00,60.872,0.37,0.36,0.38,0.635,0.63,0.64,,,,
2026-01-06 03:31:01.879000+00:00,2026-01-06 03:31:01.898645+00:00,61.879,0.415,0.41,0.42,0.585,0.58,0.59,,,,
2026-01-06 03:31:02.884000+00:00,2026-01-06 03:31:02.899133+00:00,62.884,0.415,0.41,0.42,0.5700000000000001,0.56,0.58,,,,
2026-01-06 03:31:03.791000+00:00,2026-01-06 03:31:03.899237+00:00,63.791,0.45,0.44,0.46,0.55,0.54,0.56,,,,
2026-01-06 03:31:04.889000+00:00,2026-01-06 03:31:04.924846+00:00,64.889,0.455,0.45,0.46,0.545,0.54,0.55,,,,
2026-01-06 03:31:05.931000+00:00,2026-01-06 03:31:05.932615+00:00,65.931,0.445,0.44,0.45,0.565,0.55,0.58,,,,
2026-01-06 03:31:06.874000+00:00,2026-01-06 03:31:06.940715+00:00,66.874,0.415,0.4,0.43,0.595,0.59,0.6,,,,
2026-01-06 03:31:07.930000+00:00,2026-01-06 03:31:07.940857+00:00,67.93,0.415,0.41,0.42,0.585,0.58,0.59,,,,
2026-01-06 03:31:08.921000+00:00,2026-01-06 03:31:08.953319+00:00,68.921,0.425,0.42,0.43,0.575,0.57,0.58,,,,
2026-01-06 03:31:09.938000+00:00,2026-01-06 03:31:09.964237+00:00,69.938,0.43,0.42,0.44,0.555,0.55,0.56,,,,
2026-01-06 03:31:10.934000+00:00,2026-01-06 03:31:10.966859+00:00,70.934,0.455,0.45,0.46,0.545,0.54,0.55,,,,
2026-01-06 03:31:11.931000+00:00,2026-01-06 03:31:11.973145+00:00,71.931,0.455,0.45,0.46,0.545,0.54,0.55,,,,
2026-01-06 03:31:12.966000+00:00,2026-01-06 03:31:12.983544+00:00,72.966,0.475,0.47,0.48,0.525,0.52,0.53,,,,
2026-01-06 03:31:13.960000+00:00,2026-01-06 03:31:13.984073+00:00,73.96,0.485,0.48,0.49,0.515,0.51,0.52,,,,
2026-01-06 03:31:14.962000+00:00,2026-01-06 03:31:14.983136+00:00,74.962,0.485,0.48,0.49,0.515,0.51,0.52,,,,
2026-01-06 03:31:15.975000+00:00,2026-01-06 03:31:15.990283+00:00,75.975,0.51,0.5,0.52,0.485,0.48,0.49,,,,
2026-01-06 03:31:16.971000+00:00,2026-01-06 03:31:17.000312+00:00,76.971,0.525,0.52,0.53,0.475,0.47,0.48,,,,
2026-01-06 03:31:17.988000+00:00,2026-01-06 03:31:18.012380+00:00,77.988,0.535,0.53,0.54,0.4649999999999999,0.46,0.47,,,,
2026-01-06 03:31:18.990000+00:00,2026-01-06 03:31:19.016231+00:00,78.99,0.535,0.53,0.54,0.4599999999999999,0.45,0.47,,,,
2026-01-06 03:31:19.993000+00:00,2026-01-06 03:31:20.016040+00:00,79.993,0.545,0.54,0.55,0.455,0.45,0.46,,,,
2026-01-06 03:31:21.014000+00:00,2026-01-06 03:31:21.033534+00:00,81.014,0.555,0.55,0.56,0.445,0.44,0.45,,,,
2026-01-06 03:31:22.021000+00:00,2026-01-06 03:31:22.049337+00:00,82.021,0.59,0.58,0.6,0.405,0.4,0.41,,,,
2026-01-06 03:31:23.041000+00:00,2026-01-06 03:31:23.050604+00:00,83.041,0.595,0.59,0.6,0.405,0.4,0.41,,,,
2026-01-06 03:31:24.041000+00:00,2026-01-06 03:31:24.066730+00:00,84.041,0.615,0.61,0.62,0.385,0.38,0.39,,,,
2026-01-06 03:31:25.063000+00:00,2026-01-06 03:31:25.083170+00:00,85.063,0.605,0.6,0.61,0.395,0.39,0.4,,,,
2026-01-06 03:31:26.068000+00:00,2026-01-06 03:31:26.100054+00:00,86.068,0.605,0.6,0.61,0.395,0.39,0.4,,,,
2026-01-06 03:31:27.093000+00:00,2026-01-06 03:31:27.110526+00:00,87.093,0.605,0.6,0.61,0.395,0.39,0.4,,,,
2026-01-06 03:31:28.047000+00:00,2026-01-06 03:31:28.116305+00:00,88.047,0.605,0.6,0.61,0.395,0.39,0.4,,,,
2026-01-06 03:31:29.092000+00:00,2026-01-06 03:31:29.114827+00:00,89.092,0.595,0.59,0.6,0.405,0.4,0.41,,,,
2026-01-06 03:31:30.121000+00:00,2026-01-06 03:31:30.130784+00:00,90.121,0.605,0.6,0.61,0.395,0.39,0.4,,,,
2026-01-06 03:31:31.130000+00:00,2026-01-06 03:31:31.139240+00:00,91.13,0.595,0.59,0.6,0.405,0.4,0.41,,,,
2026-01-06 03:31:32.131000+00:00,2026-01-06 03:31:32.148760+00:00,92.131,0.59,0.58,0.6,0.41,0.4,0.42,,,,
2026-01-06 03:31:33.136000+00:00,2026-01-06 03:31:33.149900+00:00,93.136,0.585,0.58,0.59,0.415,0.41,0.42,,,,
2026-01-06 03:31:34.103000+00:00,2026-01-06 03:31:34.143236+00:00,94.103,0.585,0.58,0.59,0.425,0.42,0.43,,,,
2026-01-06 03:31:35.112000+00:00,2026-01-06 03:31:35.149024+00:00,95.112,0.585,0.58,0.59,0.415,0.41,0.42,,,,
2026-01-06 03:31:36.154000+00:00,2026-01-06 03:31:36.165563+00:00,96.154,0.58,0.57,0.59,0.42,0.41,0.43,,,,
2026-01-06 03:31:37.170000+00:00,2026-01-06 03:31:37.186743+00:00,97.17,0.585,0.58,0.59,0.42,0.41,0.43,,,,
2026-01-06 03:31:38.159000+00:00,2026-01-06 03:31:38.187861+00:00,98.159,0.595,0.59,0.6,0.395,0.38,0.41,,,,
2026-01-06 03:31:39.189000+00:00,2026-01-06 03:31:39.203821+00:00,99.189,0.645,0.64,0.65,0.365,0.36,0.37,,,,
2026-01-06 03:31:40.199000+00:00,2026-01-06 03:31:40.226676+00:00,100.199,0.635,0.63,0.64,0.365,0.36,0.37,,,,
2026-01-06 03:31:41.210000+00:00,2026-01-06 03:31:41.242338+00:00,101.21,0.635,0.63,0.64,0.37,0.36,0.38,,,,
2026-01-06 03:31:42.201000+00:00,2026-01-06 03:31:42.241506+00:00,102.201,0.625,0.62,0.63,0.375,0.37,0.38,,,,
2026-01-06 03:31:43.186000+00:00,2026-01-06 03:31:43.243200+00:00,103.186,0.625,0.62,0.63,0.375,0.37,0.38,,,,
2026-01-06 03:31:44.219000+00:00,2026-01-06 03:31:44.249152+00:00,104.219,0.625,0.62,0.63,0.365,0.36,0.37,,,,
2026-01-06 03:31:45.216000+00:00,2026-01-06 03:31:45.251586+00:00,105.216,0.625,0.62,0.63,0.375,0.37,0.38,,,,
2026-01-06 03:31:46.179000+00:00,2026-01-06 03:31:46.266116+00:00,106.179,0.625,0.62,0.63,0.375,0.37,0.38,,,,
2026-01-06 03:31:47.206000+00:00,2026-01-06 03:31:47.270564+00:00,107.206,0.625,0.62,0.63,0.375,0.37,0.38,,,,
2026-01-06 03:31:48.234000+00:00,2026-01-06 03:31:48.274325+00:00,108.234,0.625,0.62,0.63,0.355,0.35,0.36,,,,
2026-01-06 03:31:49.274000+00:00,2026-01-06 03:31:49.283777+00:00,109.274,0.685,0.68,0.69,0.315,0.31,0.32,,,,
2026-01-06 03:31:50.256000+00:00,2026-01-06 03:31:50.278696+00:00,110.256,0.685,0.68,0.69,0.315,0.31,0.32,,,,
2026-01-06 03:31:51.265000+00:00,2026-01-06 03:31:51.288721+00:00,111.265,0.695,0.69,0.7,0.31,0.3,0.32,,,,
2026-01-06 03:31:52.279000+00:00,2026-01-06 03:31:52.302659+00:00,112.279,0.685,0.68,0.69,0.305,0.3,0.31,,,,
2026-01-06 03:31:53.294000+00:00,2026-01-06 03:31:53.317223+00:00,113.294,0.715,0.71,0.72,0.265,0.26,0.27,,,,
2026-01-06 03:31:54.311000+00:00,2026-01-06 03:31:54.324600+00:00,114.311,0.745,0.74,0.75,0.275,0.27,0.28,,,,
2026-01-06 03:31:55.266000+00:00,2026-01-06 03:31:55.319260+00:00,115.266,0.695,0.69,0.7,0.305,0.3,0.31,,,,
2026-01-06 03:31:56.306000+00:00,2026-01-06 03:31:56.330559+00:00,116.306,0.7,0.69,0.71,0.3,0.29,0.31,,,,
2026-01-06 03:31:57.294000+00:00,2026-01-06 03:31:57.334664+00:00,117.294,0.695,0.69,0.7,0.305,0.3,0.31,,,,
2026-01-06 03:31:58.311000+00:00,2026-01-06 03:31:58.336394+00:00,118.311,0.695,0.69,0.7,0.305,0.3,0.31,,,,
2026-01-06 03:31:59.327000+00:00,2026-01-06 03:31:59.350628+00:00,119.327,0.705,0.7,0.71,0.295,0.29,0.3,,,,
2026-01-06 03:32:00.351000+00:00,2026-01-06 03:32:00.366942+00:00,120.351,0.695,0.69,0.7,0.31,0.3,0.32,,,,
2026-01-06 03:32:01.374000+00:00,2026-01-06 03:32:01.379015+00:00,121.374,0.705,0.7,0.71,0.285,0.28,0.29,,,,
2026-01-06 03:32:02.359000+00:00,2026-01-06 03:32:02.382596+00:00,122.359,0.725,0.72,0.73,0.265,0.26,0.27,,,,
2026-01-06 03:32:03.360000+00:00,2026-01-06 03:32:03.383158+00:00,123.36,0.715,0.71,0.72,0.285,0.28,0.29,,,,
2026-01-06 03:32:04.227000+00:00,2026-01-06 03:32:04.385102+00:00,124.227,0.715,0.71,0.72,0.29,0.28,0.3,,,,
2026-01-06 03:32:05.335000+00:00,2026-01-06 03:32:05.398341+00:00,125.335,0.71,0.7,0.72,0.285,0.28,0.29,,,,
2026-01-06 03:32:06.380000+00:00,2026-01-06 03:32:06.399274+00:00,126.38,0.71,0.7,0.72,0.29,0.28,0.3,,,,
2026-01-06 03:32:07.295000+00:00,2026-01-06 03:32:07.407917+00:00,127.295,0.715,0.71,0.72,0.29,0.28,0.3,,,,
2026-01-06 03:32:08.384000+00:00,2026-01-06 03:32:08.419272+00:00,128.384,0.715,0.71,0.72,0.29,0.28,0.3,,,,
2026-01-06 03:32:09.387000+00:00,2026-01-06 03:32:09.425416+00:00,129.387,0.71,0.7,0.72,0.29,0.28,0.3,,,,
2026-01-06 03:32:10.401000+00:00,2026-01-06 03:32:10.431202+00:00,130.401,0.71,0.7,0.72,0.29,0.28,0.3,,,,
2026-01-06 03:32:11.421000+00:00,2026-01-06 03:32:11.447629+00:00,131.421,0.715,0.71,0.72,0.275,0.27,0.28,,,,
2026-01-06 03:32:12.404000+00:00,2026-01-06 03:32:12.453341+00:00,132.404,0.725,0.72,0.73,0.275,0.27,0.28,,,,
2026-01-06 03:32:13.335000+00:00,2026-01-06 03:32:13.448271+00:00,133.335,0.735,0.73,0.74,0.265,0.26,0.27,,,,
2026-01-06 03:32:14.397000+00:00,2026-01-06 03:32:14.447955+00:00,134.397,0.735,0.73,0.74,0.265,0.26,0.27,,,,
2026-01-06 03:32:15.436000+00:00,2026-01-06 03:32:15.463574+00:00,135.436,0.735,0.73,0.74,0.265,0.26,0.27,,,,
2026-01-06 03:32:16.456000+00:00,2026-01-06 03:32:16.473839+00:00,136.456,0.745,0.74,0.75,0.255,0.25,0.26,,,,
2026-01-06 03:32:17.460000+00:00,2026-01-06 03:32:17.482924+00:00,137.46,0.745,0.74,0.75,0.255,0.25,0.26,,,,
2026-01-06 03:32:18.463000+00:00,2026-01-06 03:32:18.489196+00:00,138.463,0.745,0.74,0.75,0.255,0.25,0.26,,,,
2026-01-06 03:32:19.428000+00:00,2026-01-06 03:32:19.517310+00:00,139.428,0.755,0.75,0.76,0.245,0.24,0.25,,,,
2026-01-06 03:32:20.445000+00:00,2026-01-06 03:32:20.515645+00:00,140.445,0.75,0.74,0.76,0.245,0.24,0.25,,,,
2026-01-06 03:32:21.493000+00:00,2026-01-06 03:32:21.531123+00:00,141.493,0.745,0.74,0.75,0.245,0.24,0.25,,,,
2026-01-06 03:32:22.509000+00:00,2026-01-06 03:32:22.528970+00:00,142.509,0.755,0.75,0.76,0.245,0.24,0.25,,,,
2026-01-06 03:32:23.504000+00:00,2026-01-06 03:32:23.531678+00:00,143.504,0.75,0.74,0.76,0.255,0.25,0.26,,,,
2026-01-06 03:32:24.577000+00:00,2026-01-06 03:32:24.608189+00:00,144.577,0.745,0.74,0.75,0.255,0.25,0.26,,,,
2026-01-06 03:32:25.575000+00:00,2026-01-06 03:32:25.614170+00:00,145.575,0.755,0.75,0.76,0.245,0.24,0.25,,,,
2026-01-06 03:32:26.609000+00:00,2026-01-06 03:32:26.633795+00:00,146.609,0.755,0.75,0.76,0.245,0.24,0.25,,,,
2026-01-06 03:32:27.606000+00:00,2026-01-06 03:32:27.639169+00:00,147.606,0.755,0.75,0.76,0.245,0.24,0.25,,,,
2026-01-06 03:32:28.571000+00:00,2026-01-06 03:32:28.646976+00:00,148.571,0.755,0.75,0.76,0.245,0.24,0.25,,,,
2026-01-06 03:32:29.650000+00:00,2026-01-06 03:32:29.676670+00:00,149.65,0.765,0.76,0.77,0.235,0.23,0.24,,,,
2026-01-06 03:32:30.675000+00:00,2026-01-06 03:32:30.697751+00:00,150.675,0.785,0.78,0.79,0.215,0.21,0.22,,,,
2026-01-06 03:32:31.691000+00:00,2026-01-06 03:32:31.714751+00:00,151.691,0.795,0.79,0.8,0.21,0.2,0.22,,,,
2026-01-06 03:32:32.677000+00:00,2026-01-06 03:32:32.730713+00:00,152.677,0.795,0.79,0.8,0.205,0.2,0.21,,,,
2026-01-06 03:32:33.711000+00:00,2026-01-06 03:32:33.728416+00:00,153.711,0.795,0.79,0.8,0.205,0.2,0.21,,,,
2026-01-06 03:32:34.723000+00:00,2026-01-06 03:32:34.746806+00:00,154.723,0.795,0.79,0.8,0.205,0.2,0.21,,,,
2026-01-06 03:32:35.709000+00:00,2026-01-06 03:32:35.761354+00:00,155.709,0.795,0.79,0.8,0.215,0.21,0.22,,,,
2026-01-06 03:32:36.745000+00:00,2026-01-06 03:32:36.779903+00:00,156.745,0.785,0.78,0.79,0.215,0.21,0.22,,,,
2026-01-06 03:32:37.736000+00:00,2026-01-06 03:32:37.797282+00:00,157.736,0.785,0.78,0.79,0.215,0.21,0.22,,,,
2026-01-06 03:32:38.771000+00:00,2026-01-06 03:32:38.811508+00:00,158.771,0.79,0.78,0.8,0.21,0.2,0.22,,,,
2026-01-06 03:32:39.786000+00:00,2026-01-06 03:32:39.811622+00:00,159.786,0.79,0.78,0.8,0.205,0.2,0.21,,,,
2026-01-06 03:32:40.793000+00:00,2026-01-06 03:32:40.816558+00:00,160.793,0.805,0.8,0.81,0.195,0.19,0.2,,,,
2026-01-06 03:32:41.804000+00:00,2026-01-06 03:32:41.827555+00:00,161.804,0.825,0.81,0.84,0.1699999999999999,0.16,0.18,,,,
2026-01-06 03:32:42.785000+00:00,2026-01-06 03:32:42.846776+00:00,162.785,0.825,0.82,0.83,0.185,0.18,0.19,,,,
2026-01-06 03:32:43.848000+00:00,2026-01-06 03:32:43.863235+00:00,163.848,0.815,0.81,0.82,0.185,0.18,0.19,,,,
2026-01-06 03:32:44.747000+00:00,2026-01-06 03:32:44.880933+00:00,164.747,0.815,0.81,0.82,0.185,0.18,0.19,,,,
2026-01-06 03:32:45.839000+00:00,2026-01-06 03:32:45.899796+00:00,165.839,0.825,0.82,0.83,0.175,0.17,0.18,,,,
2026-01-06 03:32:46.784000+00:00,2026-01-06 03:32:46.912253+00:00,166.784,0.835,0.83,0.84,0.165,0.16,0.17,,,,
2026-01-06 03:32:47.825000+00:00,2026-01-06 03:32:47.921272+00:00,167.825,0.83,0.82,0.84,0.1699999999999999,0.16,0.18,,,,
2026-01-06 03:32:48.906000+00:00,2026-01-06 03:32:48.928868+00:00,168.906,0.835,0.83,0.84,0.155,0.15,0.16,,,,
2026-01-06 03:32:49.925000+00:00,2026-01-06 03:32:49.946460+00:00,169.925,0.825,0.82,0.83,0.175,0.17,0.18,,,,
2026-01-06 03:32:50.801000+00:00,2026-01-06 03:32:50.962222+00:00,170.801,0.825,0.82,0.83,0.18,0.17,0.19,,,,
2026-01-06 03:32:51.942000+00:00,2026-01-06 03:32:51.980126+00:00,171.942,0.815,0.81,0.82,0.185,0.18,0.19,,,,
2026-01-06 03:32:52.918000+00:00,2026-01-06 03:32:52.977247+00:00,172.918,0.815,0.81,0.82,0.185,0.18,0.19,,,,
2026-01-06 03:32:53.946000+00:00,2026-01-06 03:32:53.983274+00:00,173.946,0.815,0.81,0.82,0.185,0.18,0.19,,,,
2026-01-06 03:32:54.978000+00:00,2026-01-06 03:32:54.999453+00:00,174.978,0.81,0.8,0.82,0.195,0.19,0.2,,,,
2026-01-06 03:32:56.990000+00:00,2026-01-06 03:32:57.015850+00:00,176.99,0.815,0.81,0.82,0.185,0.18,0.19,,,,
2026-01-06 03:32:58.007000+00:00,2026-01-06 03:32:58.029827+00:00,178.007,0.815,0.81,0.82,0.185,0.18,0.19,,,,
2026-01-06 03:32:59.003000+00:00,2026-01-06 03:32:59.032175+00:00,179.003,0.815,0.81,0.82,0.185,0.18,0.19,,,,
2026-01-06 03:33:00.045000+00:00,2026-01-06 03:33:00.048797+00:00,180.045,0.825,0.82,0.83,0.175,0.17,0.18,,,,
2026-01-06 03:33:01.022000+00:00,2026-01-06 03:33:01.061055+00:00,181.022,0.835,0.83,0.84,0.1699999999999999,0.16,0.18,,,,
2026-01-06 03:33:02.011000+00:00,2026-01-06 03:33:02.063535+00:00,182.011,0.845,0.84,0.85,0.145,0.14,0.15,,,,
2026-01-06 03:33:03.025000+00:00,2026-01-06 03:33:03.064310+00:00,183.025,0.865,0.86,0.87,0.125,0.12,0.13,,,,
2026-01-06 03:33:04.048000+00:00,2026-01-06 03:33:04.065448+00:00,184.048,0.885,0.88,0.89,0.1149999999999999,0.11,0.12,,,,
2026-01-06 03:33:05.039000+00:00,2026-01-06 03:33:05.063014+00:00,185.039,0.875,0.87,0.88,0.125,0.12,0.13,,,,
2026-01-06 03:33:06.011000+00:00,2026-01-06 03:33:06.072029+00:00,186.011,0.875,0.87,0.88,0.1149999999999999,0.11,0.12,,,,
2026-01-06 03:33:07.078000+00:00,2026-01-06 03:33:07.100906+00:00,187.078,0.885,0.88,0.89,0.1149999999999999,0.11,0.12,,,,
2026-01-06 03:33:08.086000+00:00,2026-01-06 03:33:08.103401+00:00,188.086,0.885,0.88,0.89,0.1149999999999999,0.11,0.12,,,,
2026-01-06 03:33:09.092000+00:00,2026-01-06 03:33:09.119372+00:00,189.092,0.885,0.88,0.89,0.1149999999999999,0.11,0.12,,,,
2026-01-06 03:33:10.106000+00:00,2026-01-06 03:33:10.133379+00:00,190.106,0.885,0.88,0.89,0.12,0.11,0.13,,,,
2026-01-06 03:33:11.132000+00:00,2026-01-06 03:33:11.148056+00:00,191.132,0.885,0.88,0.89,0.1149999999999999,0.11,0.12,,,,
2026-01-06 03:33:12.123000+00:00,2026-01-06 03:33:12.161296+00:00,192.123,0.88,0.87,0.89,0.12,0.11,0.13,,,,
2026-01-06 03:33:13.127000+00:00,2026-01-06 03:33:13.169569+00:00,193.127,0.885,0.88,0.89,0.1149999999999999,0.11,0.12,,,,
2026-01-06 03:33:14.071000+00:00,2026-01-06 03:33:14.197102+00:00,194.071,0.865,0.86,0.87,0.135,0.13,0.14,,,,
2026-01-06 03:33:15.146000+00:00,2026-01-06 03:33:15.206038+00:00,195.146,0.86,0.85,0.87,0.14,0.13,0.15,,,,
2026-01-06 03:33:16.089000+00:00,2026-01-06 03:33:16.202196+00:00,196.089,0.86,0.85,0.87,0.14,0.13,0.15,,,,
2026-01-06 03:33:17.124000+00:00,2026-01-06 03:33:17.228478+00:00,197.124,0.865,0.86,0.87,0.135,0.13,0.14,,,,
2026-01-06 03:33:18.136000+00:00,2026-01-06 03:33:18.229135+00:00,198.136,0.845,0.84,0.85,0.155,0.15,0.16,,,,
2026-01-06 03:33:19.106000+00:00,2026-01-06 03:33:19.231381+00:00,199.106,0.835,0.83,0.84,0.165,0.16,0.17,,,,
2026-01-06 03:33:20.212000+00:00,2026-01-06 03:33:20.231363+00:00,200.212,0.835,0.83,0.84,0.175,0.17,0.18,,,,
2026-01-06 03:33:21.179000+00:00,2026-01-06 03:33:21.234755+00:00,201.179,0.825,0.82,0.83,0.175,0.17,0.18,,,,
2026-01-06 03:33:22.178000+00:00,2026-01-06 03:33:22.246878+00:00,202.178,0.815,0.81,0.82,0.185,0.18,0.19,,,,
2026-01-06 03:33:23.231000+00:00,2026-01-06 03:33:23.251999+00:00,203.231,0.815,0.81,0.82,0.185,0.18,0.19,,,,
2026-01-06 03:33:24.233000+00:00,2026-01-06 03:33:24.258025+00:00,204.233,0.815,0.81,0.82,0.185,0.18,0.19,,,,
2026-01-06 03:33:25.176000+00:00,2026-01-06 03:33:25.279279+00:00,205.176,0.815,0.81,0.82,0.195,0.19,0.2,,,,
2026-01-06 03:33:26.268000+00:00,2026-01-06 03:33:26.295149+00:00,206.268,0.805,0.8,0.81,0.195,0.19,0.2,,,,
2026-01-06 03:33:27.262000+00:00,2026-01-06 03:33:27.300078+00:00,207.262,0.805,0.8,0.81,0.195,0.19,0.2,,,,
2026-01-06 03:33:28.294000+00:00,2026-01-06 03:33:28.315771+00:00,208.294,0.81,0.8,0.82,0.195,0.19,0.2,,,,
2026-01-06 03:33:29.280000+00:00,2026-01-06 03:33:29.311394+00:00,209.28,0.795,0.79,0.8,0.205,0.2,0.21,,,,
2026-01-06 03:33:30.258000+00:00,2026-01-06 03:33:30.321015+00:00,210.258,0.78,0.77,0.79,0.22,0.21,0.23,,,,
2026-01-06 03:33:31.299000+00:00,2026-01-06 03:33:31.316879+00:00,211.299,0.76,0.75,0.77,0.235,0.23,0.24,,,,
2026-01-06 03:33:32.326000+00:00,2026-01-06 03:33:32.328295+00:00,212.326,0.75,0.74,0.76,0.25,0.24,0.26,,,,
2026-01-06 03:33:33.316000+00:00,2026-01-06 03:33:33.333397+00:00,213.316,0.765,0.76,0.77,0.235,0.23,0.24,,,,
2026-01-06 03:33:34.324000+00:00,2026-01-06 03:33:34.349212+00:00,214.324,0.785,0.78,0.79,0.215,0.21,0.22,,,,
2026-01-06 03:33:35.300000+00:00,2026-01-06 03:33:35.353769+00:00,215.3,0.805,0.8,0.81,0.195,0.19,0.2,,,,
2026-01-06 03:33:36.328000+00:00,2026-01-06 03:33:36.363157+00:00,216.328,0.785,0.78,0.79,0.215,0.21,0.22,,,,
2026-01-06 03:33:37.286000+00:00,2026-01-06 03:33:37.367791+00:00,217.286,0.775,0.77,0.78,0.225,0.22,0.23,,,,
2026-01-06 03:33:38.326000+00:00,2026-01-06 03:33:38.376864+00:00,218.326,0.755,0.75,0.76,0.245,0.24,0.25,,,,
2026-01-06 03:33:39.337000+00:00,2026-01-06 03:33:39.385209+00:00,219.337,0.775,0.77,0.78,0.225,0.22,0.23,,,,
2026-01-06 03:33:40.468000+00:00,2026-01-06 03:33:40.434977+00:00,220.468,0.775,0.77,0.78,0.225,0.22,0.23,,,,
2026-01-06 03:33:41.421000+00:00,2026-01-06 03:33:41.448722+00:00,221.421,0.78,0.77,0.79,0.215,0.21,0.22,,,,
2026-01-06 03:33:42.431000+00:00,2026-01-06 03:33:42.455179+00:00,222.431,0.785,0.78,0.79,0.215,0.21,0.22,,,,
2026-01-06 03:33:43.414000+00:00,2026-01-06 03:33:43.467829+00:00,223.414,0.785,0.78,0.79,0.21,0.2,0.22,,,,
2026-01-06 03:33:44.453000+00:00,2026-01-06 03:33:44.475752+00:00,224.453,0.79,0.78,0.8,0.21,0.2,0.22,,,,
2026-01-06 03:33:45.435000+00:00,2026-01-06 03:33:45.485614+00:00,225.435,0.79,0.78,0.8,0.21,0.2,0.22,,,,
2026-01-06 03:33:46.434000+00:00,2026-01-06 03:33:46.487379+00:00,226.434,0.79,0.78,0.8,0.21,0.2,0.22,,,,
2026-01-06 03:33:47.393000+00:00,2026-01-06 03:33:47.494169+00:00,227.393,0.785,0.78,0.79,0.215,0.21,0.22,,,,
2026-01-06 03:33:48.477000+00:00,2026-01-06 03:33:48.489322+00:00,228.477,0.785,0.78,0.79,0.215,0.21,0.22,,,,
2026-01-06 03:33:49.403000+00:00,2026-01-06 03:33:49.494709+00:00,229.403,0.775,0.77,0.78,0.225,0.22,0.23,,,,
2026-01-06 03:33:50.442000+00:00,2026-01-06 03:33:50.492475+00:00,230.442,0.775,0.77,0.78,0.225,0.22,0.23,,,,
2026-01-06 03:33:51.477000+00:00,2026-01-06 03:33:51.512512+00:00,231.477,0.775,0.77,0.78,0.225,0.22,0.23,,,,
2026-01-06 03:33:52.468000+00:00,2026-01-06 03:33:52.541454+00:00,232.468,0.775,0.77,0.78,0.225,0.22,0.23,,,,
2026-01-06 03:33:53.540000+00:00,2026-01-06 03:33:53.553203+00:00,233.54,0.775,0.77,0.78,0.225,0.22,0.23,,,,
2026-01-06 03:33:54.496000+00:00,2026-01-06 03:33:54.554807+00:00,234.496,0.775,0.77,0.78,0.225,0.22,0.23,,,,
2026-01-06 03:33:55.541000+00:00,2026-01-06 03:33:55.556492+00:00,235.541,0.795,0.79,0.8,0.205,0.2,0.21,,,,
2026-01-06 03:33:56.541000+00:00,2026-01-06 03:33:56.566596+00:00,236.541,0.805,0.8,0.81,0.195,0.19,0.2,,,,
2026-01-06 03:33:57.545000+00:00,2026-01-06 03:33:57.568573+00:00,237.545,0.795,0.79,0.8,0.205,0.2,0.21,,,,
2026-01-06 03:33:58.537000+00:00,2026-01-06 03:33:58.562475+00:00,238.537,0.795,0.79,0.8,0.205,0.2,0.21,,,,
2026-01-06 03:33:59.544000+00:00,2026-01-06 03:33:59.572448+00:00,239.544,0.795,0.79,0.8,0.205,0.2,0.21,,,,
2026-01-06 03:34:00.560000+00:00,2026-01-06 03:34:00.586450+00:00,240.56,0.795,0.79,0.8,0.205,0.2,0.21,,,,
2026-01-06 03:34:01.563000+00:00,2026-01-06 03:34:01.588560+00:00,241.563,0.795,0.79,0.8,0.205,0.2,0.21,,,,
2026-01-06 03:34:02.567000+00:00,2026-01-06 03:34:02.585876+00:00,242.567,0.795,0.79,0.8,0.205,0.2,0.21,,,,
2026-01-06 03:34:03.467000+00:00,2026-01-06 03:34:03.590043+00:00,243.467,0.785,0.78,0.79,0.215,0.21,0.22,,,,
2026-01-06 03:34:04.563000+00:00,2026-01-06 03:34:04.594722+00:00,244.563,0.765,0.76,0.77,0.235,0.23,0.24,,,,
2026-01-06 03:34:05.542000+00:00,2026-01-06 03:34:05.592696+00:00,245.542,0.765,0.76,0.77,0.235,0.23,0.24,,,,
2026-01-06 03:34:06.202000+00:00,2026-01-06 03:34:06.598001+00:00,246.202,0.765,0.76,0.77,0.235,0.23,0.24,,,,
2026-01-06 03:34:07.577000+00:00,2026-01-06 03:34:07.600248+00:00,247.577,0.765,0.76,0.77,0.235,0.23,0.24,,,,
2026-01-06 03:34:08.598000+00:00,2026-01-06 03:34:08.613394+00:00,248.598,0.765,0.76,0.77,0.235,0.23,0.24,,,,
2026-01-06 03:34:09.495000+00:00,2026-01-06 03:34:09.614325+00:00,249.495,0.735,0.72,0.75,0.265,0.25,0.28,,,,
2026-01-06 03:34:10.589000+00:00,2026-01-06 03:34:10.627672+00:00,250.589,0.725,0.72,0.73,0.275,0.27,0.28,,,,
2026-01-06 03:34:11.572000+00:00,2026-01-06 03:34:11.646059+00:00,251.572,0.725,0.72,0.73,0.275,0.27,0.28,,,,
2026-01-06 03:34:12.626000+00:00,2026-01-06 03:34:12.655407+00:00,252.626,0.725,0.72,0.73,0.275,0.27,0.28,,,,
2026-01-06 03:34:13.631000+00:00,2026-01-06 03:34:13.677125+00:00,253.631,0.725,0.72,0.73,0.275,0.27,0.28,,,,
2026-01-06 03:34:14.657000+00:00,2026-01-06 03:34:14.684372+00:00,254.657,0.725,0.72,0.73,0.275,0.27,0.28,,,,
2026-01-06 03:34:15.678000+00:00,2026-01-06 03:34:15.694334+00:00,255.678,0.745,0.74,0.75,0.255,0.25,0.26,,,,
2026-01-06 03:34:16.679000+00:00,2026-01-06 03:34:16.704491+00:00,256.679,0.765,0.76,0.77,0.235,0.23,0.24,,,,
2026-01-06 03:34:17.656000+00:00,2026-01-06 03:34:17.708762+00:00,257.656,0.795,0.79,0.8,0.205,0.2,0.21,,,,
2026-01-06 03:34:18.671000+00:00,2026-01-06 03:34:18.701871+00:00,258.671,0.8,0.79,0.81,0.205,0.2,0.21,,,,
2026-01-06 03:34:19.685000+00:00,2026-01-06 03:34:19.699453+00:00,259.685,0.815,0.81,0.82,0.185,0.18,0.19,,,,
2026-01-06 03:34:20.683000+00:00,2026-01-06 03:34:20.712322+00:00,260.683,0.825,0.82,0.83,0.175,0.17,0.18,,,,
2026-01-06 03:34:21.594000+00:00,2026-01-06 03:34:21.738761+00:00,261.594,0.815,0.81,0.82,0.185,0.18,0.19,,,,
2026-01-06 03:34:22.730000+00:00,2026-01-06 03:34:22.753272+00:00,262.73,0.855,0.85,0.86,0.145,0.14,0.15,,,,
2026-01-06 03:34:23.748000+00:00,2026-01-06 03:34:23.771805+00:00,263.748,0.855,0.85,0.86,0.14,0.13,0.15,,,,
2026-01-06 03:34:24.741000+00:00,2026-01-06 03:34:24.776259+00:00,264.741,0.86,0.85,0.87,0.14,0.13,0.15,,,,
2026-01-06 03:34:25.751000+00:00,2026-01-06 03:34:25.777071+00:00,265.751,0.86,0.85,0.87,0.145,0.14,0.15,,,,
2026-01-06 03:34:26.761000+00:00,2026-01-06 03:34:26.797400+00:00,266.761,0.855,0.85,0.86,0.145,0.14,0.15,,,,
2026-01-06 03:34:27.713000+00:00,2026-01-06 03:34:27.814148+00:00,267.713,0.84,0.83,0.85,0.16,0.15,0.17,,,,
2026-01-06 03:34:28.613000+00:00,2026-01-06 03:34:28.813198+00:00,268.613,0.825,0.82,0.83,0.175,0.17,0.18,,,,
2026-01-06 03:34:29.636000+00:00,2026-01-06 03:34:29.829885+00:00,269.636,0.825,0.82,0.83,0.175,0.17,0.18,,,,
2026-01-06 03:34:30.810000+00:00,2026-01-06 03:34:30.825140+00:00,270.81,0.825,0.82,0.83,0.175,0.17,0.18,,,,
2026-01-06 03:34:31.795000+00:00,2026-01-06 03:34:31.826040+00:00,271.795,0.835,0.83,0.84,0.165,0.16,0.17,,,,
2026-01-06 03:34:32.813000+00:00,2026-01-06 03:34:32.833693+00:00,272.813,0.835,0.83,0.84,0.165,0.16,0.17,,,,
2026-01-06 03:34:33.819000+00:00,2026-01-06 03:34:33.844414+00:00,273.819,0.835,0.83,0.84,0.165,0.16,0.17,,,,
2026-01-06 03:34:34.818000+00:00,2026-01-06 03:34:34.838490+00:00,274.818,0.845,0.84,0.85,0.145,0.14,0.15,,,,
2026-01-06 03:34:35.799000+00:00,2026-01-06 03:34:35.830765+00:00,275.799,0.865,0.86,0.87,0.135,0.13,0.14,,,,
2026-01-06 03:34:36.816000+00:00,2026-01-06 03:34:36.842770+00:00,276.816,0.855,0.85,0.86,0.145,0.14,0.15,,,,
2026-01-06 03:34:37.813000+00:00,2026-01-06 03:34:37.843123+00:00,277.813,0.855,0.85,0.86,0.145,0.14,0.15,,,,
2026-01-06 03:34:38.798000+00:00,2026-01-06 03:34:38.832240+00:00,278.798,0.855,0.85,0.86,0.145,0.14,0.15,,,,
2026-01-06 03:34:39.774000+00:00,2026-01-06 03:34:39.831069+00:00,279.774,0.855,0.85,0.86,0.145,0.14,0.15,,,,
2026-01-06 03:34:40.809000+00:00,2026-01-06 03:34:40.837941+00:00,280.809,0.855,0.85,0.86,0.145,0.14,0.15,,,,
2026-01-06 03:34:41.832000+00:00,2026-01-06 03:34:41.854300+00:00,281.832,0.855,0.85,0.86,0.145,0.14,0.15,,,,
2026-01-06 03:34:42.767000+00:00,2026-01-06 03:34:42.859880+00:00,282.767,0.83,0.82,0.84,0.1699999999999999,0.16,0.18,,,,
2026-01-06 03:34:43.862000+00:00,2026-01-06 03:34:43.875721+00:00,283.862,0.835,0.83,0.84,0.165,0.16,0.17,,,,
2026-01-06 03:34:44.848000+00:00,2026-01-06 03:34:44.884730+00:00,284.848,0.84,0.83,0.85,0.16,0.15,0.17,,,,
2026-01-06 03:34:45.840000+00:00,2026-01-06 03:34:45.894842+00:00,285.84,0.84,0.83,0.85,0.16,0.15,0.17,,,,
2026-01-06 03:34:46.877000+00:00,2026-01-06 03:34:46.909462+00:00,286.877,0.835,0.83,0.84,0.165,0.16,0.17,,,,
2026-01-06 03:34:47.860000+00:00,2026-01-06 03:34:47.924432+00:00,287.86,0.84,0.83,0.85,0.16,0.15,0.17,,,,
2026-01-06 03:34:48.886000+00:00,2026-01-06 03:34:48.928820+00:00,288.886,0.84,0.83,0.85,0.16,0.15,0.17,,,,
2026-01-06 03:34:49.907000+00:00,2026-01-06 03:34:49.928972+00:00,289.907,0.835,0.83,0.84,0.165,0.16,0.17,,,,
2026-01-06 03:34:50.863000+00:00,2026-01-06 03:34:50.928663+00:00,290.863,0.835,0.83,0.84,0.165,0.16,0.17,,,,
2026-01-06 03:34:51.894000+00:00,2026-01-06 03:34:51.951178+00:00,291.894,0.84,0.83,0.85,0.16,0.15,0.17,,,,
2026-01-06 03:34:52.921000+00:00,2026-01-06 03:34:52.962958+00:00,292.921,0.84,0.83,0.85,0.16,0.15,0.17,,,,
2026-01-06 03:34:53.927000+00:00,2026-01-06 03:34:53.957323+00:00,293.927,0.84,0.83,0.85,0.155,0.15,0.16,,,,
2026-01-06 03:34:54.920000+00:00,2026-01-06 03:34:54.980640+00:00,294.92,0.8200000000000001,0.81,0.83,0.18,0.17,0.19,,,,
2026-01-06 03:34:55.971000+00:00,2026-01-06 03:34:55.992070+00:00,295.971,0.805,0.8,0.81,0.195,0.19,0.2,,,,
2026-01-06 03:34:56.988000+00:00,2026-01-06 03:34:57.005054+00:00,296.988,0.8200000000000001,0.81,0.83,0.18,0.17,0.19,,,,
2026-01-06 03:34:57.962000+00:00,2026-01-06 03:34:58.010024+00:00,297.962,0.815,0.81,0.82,0.185,0.18,0.19,,,,
2026-01-06 03:34:58.955000+00:00,2026-01-06 03:34:59.012140+00:00,298.955,0.8200000000000001,0.81,0.83,0.18,0.17,0.19,,,,
2026-01-06 03:35:00+00:00,2026-01-06 03:35:00.031772+00:00,300.0,0.8200000000000001,0.81,0.83,0.185,0.18,0.19,,,,
2026-01-06 03:35:01.031000+00:00,2026-01-06 03:35:01.044808+00:00,301.031,0.815,0.81,0.82,0.18,0.17,0.19,,,,
2026-01-06 03:35:02.018000+00:00,2026-01-06 03:35:02.049637+00:00,302.018,0.825,0.82,0.83,0.175,0.17,0.18,,,,
2026-01-06 03:35:03.035000+00:00,2026-01-06 03:35:03.063636+00:00,303.035,0.825,0.82,0.83,0.175,0.17,0.18,,,,
2026-01-06 03:35:04.042000+00:00,2026-01-06 03:35:04.073995+00:00,304.042,0.83,0.82,0.84,0.1699999999999999,0.16,0.18,,,,
2026-01-06 03:35:05.041000+00:00,2026-01-06 03:35:05.081849+00:00,305.041,0.83,0.82,0.84,0.175,0.17,0.18,,,,
2026-01-06 03:35:06.071000+00:00,2026-01-06 03:35:06.098423+00:00,306.071,0.835,0.83,0.84,0.165,0.16,0.17,,,,
2026-01-06 03:35:07.068000+00:00,2026-01-06 03:35:07.109269+00:00,307.068,0.825,0.82,0.83,0.175,0.17,0.18,,,,
2026-01-06 03:35:08.041000+00:00,2026-01-06 03:35:08.108820+00:00,308.041,0.83,0.82,0.84,0.1699999999999999,0.16,0.18,,,,
2026-01-06 03:35:09.088000+00:00,2026-01-06 03:35:09.123469+00:00,309.088,0.83,0.82,0.84,0.1699999999999999,0.16,0.18,,,,
2026-01-06 03:35:10.104000+00:00,2026-01-06 03:35:10.127906+00:00,310.104,0.825,0.82,0.83,0.175,0.17,0.18,,,,
2026-01-06 03:35:11.058000+00:00,2026-01-06 03:35:11.119640+00:00,311.058,0.805,0.8,0.81,0.19,0.18,0.2,,,,
2026-01-06 03:35:12.109000+00:00,2026-01-06 03:35:12.128101+00:00,312.109,0.805,0.8,0.81,0.195,0.19,0.2,,,,
2026-01-06 03:35:13.094000+00:00,2026-01-06 03:35:13.124472+00:00,313.094,0.805,0.8,0.81,0.195,0.19,0.2,,,,
2026-01-06 03:35:14.099000+00:00,2026-01-06 03:35:14.127501+00:00,314.099,0.805,0.8,0.81,0.195,0.19,0.2,,,,
2026-01-06 03:35:15.047000+00:00,2026-01-06 03:35:15.133190+00:00,315.047,0.805,0.8,0.81,0.195,0.19,0.2,,,,
2026-01-06 03:35:16.126000+00:00,2026-01-06 03:35:16.146872+00:00,316.126,0.785,0.78,0.79,0.205,0.2,0.21,,,,
2026-01-06 03:35:17.083000+00:00,2026-01-06 03:35:17.163312+00:00,317.083,0.79,0.78,0.8,0.21,0.2,0.22,,,,
2026-01-06 03:35:18.132000+00:00,2026-01-06 03:35:18.159835+00:00,318.132,0.79,0.78,0.8,0.205,0.2,0.21,,,,
2026-01-06 03:35:19.218000+00:00,2026-01-06 03:35:19.246068+00:00,319.218,0.805,0.8,0.81,0.195,0.19,0.2,,,,
2026-01-06 03:35:20.211000+00:00,2026-01-06 03:35:20.240455+00:00,320.211,0.805,0.8,0.81,0.195,0.19,0.2,,,,
2026-01-06 03:35:21.210000+00:00,2026-01-06 03:35:21.240833+00:00,321.21,0.805,0.8,0.81,0.195,0.19,0.2,,,,
2026-01-06 03:35:22.224000+00:00,2026-01-06 03:35:22.240961+00:00,322.224,0.84,0.83,0.85,0.145,0.14,0.15,,,,
2026-01-06 03:35:23.212000+00:00,2026-01-06 03:35:23.246467+00:00,323.212,0.865,0.86,0.87,0.135,0.13,0.14,,,,
2026-01-06 03:35:24.224000+00:00,2026-01-06 03:35:24.261249+00:00,324.224,0.865,0.86,0.87,0.14,0.13,0.15,,,,
2026-01-06 03:35:25.248000+00:00,2026-01-06 03:35:25.283452+00:00,325.248,0.86,0.85,0.87,0.135,0.13,0.14,,,,
2026-01-06 03:35:26.255000+00:00,2026-01-06 03:35:26.288995+00:00,326.255,0.865,0.86,0.87,0.135,0.13,0.14,,,,
2026-01-06 03:35:27.263000+00:00,2026-01-06 03:35:27.296627+00:00,327.263,0.865,0.86,0.87,0.135,0.13,0.14,,,,
2026-01-06 03:35:28.243000+00:00,2026-01-06 03:35:28.308728+00:00,328.243,0.865,0.86,0.87,0.135,0.13,0.14,,,,
2026-01-06 03:35:29.303000+00:00,2026-01-06 03:35:29.324785+00:00,329.303,0.875,0.87,0.88,0.125,0.12,0.13,,,,
2026-01-06 03:35:30.259000+00:00,2026-01-06 03:35:30.334680+00:00,330.259,0.875,0.87,0.88,0.125,0.12,0.13,,,,
2026-01-06 03:35:31.223000+00:00,2026-01-06 03:35:31.353665+00:00,331.223,0.875,0.87,0.88,0.125,0.12,0.13,,,,
2026-01-06 03:35:32.281000+00:00,2026-01-06 03:35:32.373446+00:00,332.281,0.875,0.87,0.88,0.125,0.12,0.13,,,,
2026-01-06 03:35:33.350000+00:00,2026-01-06 03:35:33.378942+00:00,333.35,0.875,0.87,0.88,0.125,0.12,0.13,,,,
2026-01-06 03:35:34.263000+00:00,2026-01-06 03:35:34.381374+00:00,334.263,0.885,0.88,0.89,0.1149999999999999,0.11,0.12,,,,
2026-01-06 03:35:35.235000+00:00,2026-01-06 03:35:35.397128+00:00,335.235,0.89,0.88,0.9,0.11,0.1,0.12,,,,
2026-01-06 03:35:36.347000+00:00,2026-01-06 03:35:36.418185+00:00,336.347,0.895,0.89,0.9,0.105,0.1,0.11,,,,
2026-01-06 03:35:37.394000+00:00,2026-01-06 03:35:37.417023+00:00,337.394,0.895,0.89,0.9,0.105,0.1,0.11,,,,
2026-01-06 03:35:38.401000+00:00,2026-01-06 03:35:38.422969+00:00,338.401,0.885,0.88,0.89,0.1149999999999999,0.11,0.12,,,,
2026-01-06 03:35:39.389000+00:00,2026-01-06 03:35:39.427563+00:00,339.389,0.885,0.88,0.89,0.1149999999999999,0.11,0.12,,,,
2026-01-06 03:35:40.287000+00:00,2026-01-06 03:35:40.426618+00:00,340.287,0.885,0.88,0.89,0.1149999999999999,0.11,0.12,,,,
2026-01-06 03:35:41.428000+00:00,2026-01-06 03:35:41.438805+00:00,341.428,0.895,0.89,0.9,0.105,0.1,0.11,,,,
2026-01-06 03:35:42.344000+00:00,2026-01-06 03:35:42.431199+00:00,342.344,0.895,0.89,0.9,0.105,0.1,0.11,,,,
2026-01-06 03:35:43.380000+00:00,2026-01-06 03:35:43.440413+00:00,343.38,0.895,0.89,0.9,0.105,0.1,0.11,,,,
2026-01-06 03:35:44.515000+00:00,2026-01-06 03:35:44.459265+00:00,344.515,0.895,0.89,0.9,0.105,0.1,0.11,,,,
2026-01-06 03:35:45.445000+00:00,2026-01-06 03:35:45.466207+00:00,345.445,0.895,0.89,0.9,0.105,0.1,0.11,,,,
2026-01-06 03:35:46.441000+00:00,2026-01-06 03:35:46.474050+00:00,346.441,0.89,0.88,0.9,0.11,0.1,0.12,,,,
2026-01-06 03:35:47.392000+00:00,2026-01-06 03:35:47.479514+00:00,347.392,0.89,0.88,0.9,0.1,0.09,0.11,,,,
2026-01-06 03:35:48.462000+00:00,2026-01-06 03:35:48.492543+00:00,348.462,0.905,0.9,0.91,0.095,0.09,0.1,,,,
2026-01-06 03:35:49.424000+00:00,2026-01-06 03:35:49.502870+00:00,349.424,0.895,0.89,0.9,0.105,0.1,0.11,,,,
2026-01-06 03:35:50.454000+00:00,2026-01-06 03:35:50.526750+00:00,350.454,0.885,0.88,0.89,0.1149999999999999,0.11,0.12,,,,
2026-01-06 03:35:51.420000+00:00,2026-01-06 03:35:51.529601+00:00,351.42,0.88,0.87,0.89,0.12,0.11,0.13,,,,
2026-01-06 03:35:52.514000+00:00,2026-01-06 03:35:52.537540+00:00,352.514,0.88,0.87,0.89,0.1149999999999999,0.11,0.12,,,,
2026-01-06 03:35:53.505000+00:00,2026-01-06 03:35:53.556476+00:00,353.505,0.885,0.88,0.89,0.1149999999999999,0.11,0.12,,,,
2026-01-06 03:35:54.533000+00:00,2026-01-06 03:35:54.559447+00:00,354.533,0.875,0.87,0.88,0.125,0.12,0.13,,,,
2026-01-06 03:35:55.464000+00:00,2026-01-06 03:35:55.566820+00:00,355.464,0.87,0.86,0.88,0.13,0.12,0.14,,,,
2026-01-06 03:35:56.546000+00:00,2026-01-06 03:35:56.583823+00:00,356.546,0.865,0.86,0.87,0.135,0.13,0.14,,,,
2026-01-06 03:35:57.574000+00:00,2026-01-06 03:35:57.590372+00:00,357.574,0.865,0.86,0.87,0.135,0.13,0.14,,,,
2026-01-06 03:35:58.578000+00:00,2026-01-06 03:35:58.609709+00:00,358.578,0.865,0.86,0.87,0.135,0.13,0.14,,,,
2026-01-06 03:35:59.585000+00:00,2026-01-06 03:35:59.617987+00:00,359.585,0.865,0.86,0.87,0.135,0.13,0.14,,,,
2026-01-06 03:36:00.586000+00:00,2026-01-06 03:36:00.628440+00:00,360.586,0.865,0.86,0.87,0.135,0.13,0.14,,,,
2026-01-06 03:36:01.631000+00:00,2026-01-06 03:36:01.635375+00:00,361.631,0.865,0.86,0.87,0.135,0.13,0.14,,,,
2026-01-06 03:36:02.588000+00:00,2026-01-06 03:36:02.648522+00:00,362.588,0.865,0.86,0.87,0.135,0.13,0.14,,,,
2026-01-06 03:36:03.620000+00:00,2026-01-06 03:36:03.658138+00:00,363.62,0.865,0.86,0.87,0.135,0.13,0.14,,,,
2026-01-06 03:36:04.625000+00:00,2026-01-06 03:36:04.655312+00:00,364.625,0.855,0.85,0.86,0.145,0.14,0.15,,,,
2026-01-06 03:36:05.646000+00:00,2026-01-06 03:36:05.674501+00:00,365.646,0.855,0.85,0.86,0.145,0.14,0.15,,,,
2026-01-06 03:36:06.664000+00:00,2026-01-06 03:36:06.687081+00:00,366.664,0.85,0.84,0.86,0.15,0.14,0.16,,,,
2026-01-06 03:36:07.601000+00:00,2026-01-06 03:36:07.699350+00:00,367.601,0.85,0.84,0.86,0.155,0.15,0.16,,,,
2026-01-06 03:36:08.577000+00:00,2026-01-06 03:36:08.709316+00:00,368.577,0.845,0.84,0.85,0.155,0.15,0.16,,,,
2026-01-06 03:36:09.692000+00:00,2026-01-06 03:36:09.722113+00:00,369.692,0.845,0.84,0.85,0.155,0.15,0.16,,,,
2026-01-06 03:36:10.655000+00:00,2026-01-06 03:36:10.721987+00:00,370.655,0.835,0.83,0.84,0.165,0.16,0.17,,,,
2026-01-06 03:36:11.702000+00:00,2026-01-06 03:36:11.734213+00:00,371.702,0.835,0.83,0.84,0.165,0.16,0.17,,,,
2026-01-06 03:36:12.768000+00:00,2026-01-06 03:36:12.751050+00:00,372.768,0.835,0.83,0.84,0.165,0.16,0.17,,,,
2026-01-06 03:36:13.712000+00:00,2026-01-06 03:36:13.756730+00:00,373.712,0.835,0.83,0.84,0.165,0.16,0.17,,,,
2026-01-06 03:36:14.601000+00:00,2026-01-06 03:36:14.757491+00:00,374.601,0.835,0.83,0.84,0.165,0.16,0.17,,,,
2026-01-06 03:36:15.735000+00:00,2026-01-06 03:36:15.761090+00:00,375.735,0.84,0.83,0.85,0.16,0.15,0.17,,,,
2026-01-06 03:36:16.789000+00:00,2026-01-06 03:36:16.758135+00:00,376.789,0.8200000000000001,0.81,0.83,0.18,0.17,0.19,,,,
2026-01-06 03:36:17.752000+00:00,2026-01-06 03:36:17.772047+00:00,377.752,0.815,0.81,0.82,0.18,0.17,0.19,,,,
2026-01-06 03:36:18.724000+00:00,2026-01-06 03:36:18.774883+00:00,378.724,0.825,0.82,0.83,0.175,0.17,0.18,,,,
2026-01-06 03:36:19.754000+00:00,2026-01-06 03:36:19.782083+00:00,379.754,0.835,0.83,0.84,0.165,0.16,0.17,,,,
2026-01-06 03:36:20.786000+00:00,2026-01-06 03:36:20.792711+00:00,380.786,0.835,0.83,0.84,0.1699999999999999,0.16,0.18,,,,
2026-01-06 03:36:21.772000+00:00,2026-01-06 03:36:21.788178+00:00,381.772,0.83,0.82,0.84,0.1699999999999999,0.16,0.18,,,,
2026-01-06 03:36:22.759000+00:00,2026-01-06 03:36:22.803113+00:00,382.759,0.835,0.83,0.84,0.165,0.16,0.17,,,,
2026-01-06 03:36:23.770000+00:00,2026-01-06 03:36:23.811690+00:00,383.77,0.83,0.82,0.84,0.1699999999999999,0.16,0.18,,,,
2026-01-06 03:36:24.778000+00:00,2026-01-06 03:36:24.813551+00:00,384.778,0.835,0.83,0.84,0.165,0.16,0.17,,,,
2026-01-06 03:36:25.695000+00:00,2026-01-06 03:36:25.823438+00:00,385.695,0.83,0.82,0.84,0.1699999999999999,0.16,0.18,,,,
2026-01-06 03:36:26.794000+00:00,2026-01-06 03:36:26.827845+00:00,386.794,0.83,0.82,0.84,0.165,0.16,0.17,,,,
2026-01-06 03:36:27.817000+00:00,2026-01-06 03:36:27.844819+00:00,387.817,0.835,0.83,0.84,0.165,0.16,0.17,,,,
2026-01-06 03:36:28.705000+00:00,2026-01-06 03:36:28.849089+00:00,388.705,0.835,0.83,0.84,0.165,0.16,0.17,,,,
2026-01-06 03:36:29.749000+00:00,2026-01-06 03:36:29.863542+00:00,389.749,0.835,0.83,0.84,0.165,0.16,0.17,,,,
2026-01-06 03:36:30.832000+00:00,2026-01-06 03:36:30.878735+00:00,390.832,0.845,0.84,0.85,0.155,0.15,0.16,,,,
2026-01-06 03:36:31.812000+00:00,2026-01-06 03:36:31.884371+00:00,391.812,0.845,0.84,0.85,0.155,0.15,0.16,,,,
2026-01-06 03:36:32.849000+00:00,2026-01-06 03:36:32.887399+00:00,392.849,0.845,0.84,0.85,0.155,0.15,0.16,,,,
2026-01-06 03:36:33.664000+00:00,2026-01-06 03:36:33.897829+00:00,393.664,0.845,0.84,0.85,0.155,0.15,0.16,,,,
2026-01-06 03:36:34.873000+00:00,2026-01-06 03:36:34.908140+00:00,394.873,0.845,0.84,0.85,0.155,0.15,0.16,,,,
2026-01-06 03:36:35.768000+00:00,2026-01-06 03:36:35.900926+00:00,395.768,0.845,0.84,0.85,0.155,0.15,0.16,,,,
2026-01-06 03:36:36.661000+00:00,2026-01-06 03:36:36.916598+00:00,396.661,0.845,0.84,0.85,0.155,0.15,0.16,,,,
2026-01-06 03:36:37.920000+00:00,2026-01-06 03:36:37.942592+00:00,397.92,0.845,0.84,0.85,0.155,0.15,0.16,,,,
2026-01-06 03:36:38.917000+00:00,2026-01-06 03:36:38.952495+00:00,398.917,0.845,0.84,0.85,0.155,0.15,0.16,,,,
2026-01-06 03:36:39.946000+00:00,2026-01-06 03:36:39.970750+00:00,399.946,0.845,0.84,0.85,0.155,0.15,0.16,,,,
2026-01-06 03:36:40.945000+00:00,2026-01-06 03:36:40.982439+00:00,400.945,0.845,0.84,0.85,0.155,0.15,0.16,,,,
2026-01-06 03:36:41.843000+00:00,2026-01-06 03:36:41.982205+00:00,401.843,0.845,0.84,0.85,0.155,0.15,0.16,,,,
2026-01-06 03:36:42.990000+00:00,2026-01-06 03:36:43.001687+00:00,402.99,0.84,0.83,0.85,0.16,0.15,0.17,,,,
2026-01-06 03:36:43.935000+00:00,2026-01-06 03:36:44.014896+00:00,403.935,0.845,0.84,0.85,0.155,0.15,0.16,,,,
2026-01-06 03:36:44.994000+00:00,2026-01-06 03:36:45.003964+00:00,404.994,0.845,0.84,0.85,0.155,0.15,0.16,,,,
2026-01-06 03:36:45.967000+00:00,2026-01-06 03:36:46.011926+00:00,405.967,0.845,0.84,0.85,0.155,0.15,0.16,,,,
2026-01-06 03:36:46.978000+00:00,2026-01-06 03:36:47.016257+00:00,406.978,0.845,0.84,0.85,0.155,0.15,0.16,,,,
2026-01-06 03:36:48.992000+00:00,2026-01-06 03:36:49.020263+00:00,408.992,0.845,0.84,0.85,0.155,0.15,0.16,,,,
2026-01-06 03:36:49.979000+00:00,2026-01-06 03:36:50.012267+00:00,409.979,0.835,0.83,0.84,0.165,0.16,0.17,,,,
2026-01-06 03:36:51.001000+00:00,2026-01-06 03:36:51.025559+00:00,411.001,0.825,0.82,0.83,0.175,0.17,0.18,,,,
2026-01-06 03:36:52.001000+00:00,2026-01-06 03:36:52.036069+00:00,412.001,0.835,0.83,0.84,0.165,0.16,0.17,,,,
2026-01-06 03:36:53.013000+00:00,2026-01-06 03:36:53.050423+00:00,413.013,0.835,0.83,0.84,0.165,0.16,0.17,,,,
2026-01-06 03:36:54.035000+00:00,2026-01-06 03:36:54.072523+00:00,414.035,0.835,0.83,0.84,0.165,0.16,0.17,,,,
2026-01-06 03:36:55.033000+00:00,2026-01-06 03:36:55.071520+00:00,415.033,0.835,0.83,0.84,0.165,0.16,0.17,,,,
2026-01-06 03:36:56.046000+00:00,2026-01-06 03:36:56.071818+00:00,416.046,0.835,0.83,0.84,0.165,0.16,0.17,,,,
2026-01-06 03:36:57.081000+00:00,2026-01-06 03:36:57.080957+00:00,417.081,0.835,0.83,0.84,0.165,0.16,0.17,,,,
2026-01-06 03:36:58.059000+00:00,2026-01-06 03:36:58.079137+00:00,418.059,0.835,0.83,0.84,0.165,0.16,0.17,,,,
2026-01-06 03:36:59.044000+00:00,2026-01-06 03:36:59.086501+00:00,419.044,0.835,0.83,0.84,0.165,0.16,0.17,,,,
2026-01-06 03:37:00.062000+00:00,2026-01-06 03:37:00.092985+00:00,420.062,0.84,0.83,0.85,0.16,0.15,0.17,,,,
2026-01-06 03:37:01.094000+00:00,2026-01-06 03:37:01.103271+00:00,421.094,0.84,0.83,0.85,0.16,0.15,0.17,,,,
2026-01-06 03:37:02.083000+00:00,2026-01-06 03:37:02.115450+00:00,422.083,0.84,0.83,0.85,0.16,0.15,0.17,,,,
2026-01-06 03:37:03.086000+00:00,2026-01-06 03:37:03.122200+00:00,423.086,0.845,0.84,0.85,0.155,0.15,0.16,,,,
2026-01-06 03:37:04.105000+00:00,2026-01-06 03:37:04.138651+00:00,424.105,0.845,0.84,0.85,0.16,0.15,0.17,,,,
2026-01-06 03:37:05.046000+00:00,2026-01-06 03:37:05.155845+00:00,425.046,0.84,0.83,0.85,0.16,0.15,0.17,,,,
2026-01-06 03:37:06.986000+00:00,2026-01-06 03:37:07.169471+00:00,426.986,0.845,0.84,0.85,0.155,0.15,0.16,,,,
2026-01-06 03:37:07.972000+00:00,2026-01-06 03:37:08.183999+00:00,427.972,0.85,0.84,0.86,0.14,0.13,0.15,,,,
2026-01-06 03:37:09.167000+00:00,2026-01-06 03:37:09.188481+00:00,429.167,0.895,0.89,0.9,0.105,0.1,0.11,,,,
2026-01-06 03:37:10.174000+00:00,2026-01-06 03:37:10.191907+00:00,430.174,0.895,0.89,0.9,0.105,0.1,0.11,,,,
2026-01-06 03:37:11.206000+00:00,2026-01-06 03:37:11.199967+00:00,431.206,0.895,0.89,0.9,0.1,0.09,0.11,,,,
2026-01-06 03:37:12.168000+00:00,2026-01-06 03:37:12.210856+00:00,432.168,0.905,0.9,0.91,0.095,0.09,0.1,,,,
2026-01-06 03:37:13.200000+00:00,2026-01-06 03:37:13.215977+00:00,433.2,0.905,0.9,0.91,0.095,0.09,0.1,,,,
2026-01-06 03:37:14.178000+00:00,2026-01-06 03:37:14.220889+00:00,434.178,0.905,0.9,0.91,0.095,0.09,0.1,,,,
2026-01-06 03:37:15.183000+00:00,2026-01-06 03:37:15.226973+00:00,435.183,0.905,0.9,0.91,0.095,0.09,0.1,,,,
2026-01-06 03:37:16.179000+00:00,2026-01-06 03:37:16.233208+00:00,436.179,0.905,0.9,0.91,0.095,0.09,0.1,,,,
2026-01-06 03:37:17.200000+00:00,2026-01-06 03:37:17.238988+00:00,437.2,0.905,0.9,0.91,0.095,0.09,0.1,,,,
2026-01-06 03:37:18.224000+00:00,2026-01-06 03:37:18.247681+00:00,438.224,0.905,0.9,0.91,0.095,0.09,0.1,,,,
2026-01-06 03:37:19.107000+00:00,2026-01-06 03:37:19.259176+00:00,439.107,0.905,0.9,0.91,0.095,0.09,0.1,,,,
2026-01-06 03:37:20.249000+00:00,2026-01-06 03:37:20.271359+00:00,440.249,0.91,0.9,0.92,0.095,0.09,0.1,,,,
2026-01-06 03:37:21.237000+00:00,2026-01-06 03:37:21.286297+00:00,441.237,0.905,0.9,0.91,0.095,0.09,0.1,,,,
2026-01-06 03:37:22.257000+00:00,2026-01-06 03:37:22.281515+00:00,442.257,0.905,0.9,0.91,0.095,0.09,0.1,,,,
2026-01-06 03:37:23.262000+00:00,2026-01-06 03:37:23.292877+00:00,443.262,0.915,0.91,0.92,0.0849999999999999,0.08,0.09,,,,
2026-01-06 03:37:24.256000+00:00,2026-01-06 03:37:24.295968+00:00,444.256,0.935,0.93,0.94,0.065,0.06,0.07,,,,
2026-01-06 03:37:25.238000+00:00,2026-01-06 03:37:25.309766+00:00,445.238,0.93,0.92,0.94,0.065,0.06,0.07,,,,
2026-01-06 03:37:26.294000+00:00,2026-01-06 03:37:26.323195+00:00,446.294,0.93,0.92,0.94,0.07,0.06,0.08,,,,
2026-01-06 03:37:27.287000+00:00,2026-01-06 03:37:27.323853+00:00,447.287,0.935,0.93,0.94,0.065,0.06,0.07,,,,
2026-01-06 03:37:28.317000+00:00,2026-01-06 03:37:28.340137+00:00,448.317,0.93,0.92,0.94,0.07,0.06,0.08,,,,
2026-01-06 03:37:29.302000+00:00,2026-01-06 03:37:29.339619+00:00,449.302,0.935,0.93,0.94,0.065,0.06,0.07,,,,
2026-01-06 03:37:30.306000+00:00,2026-01-06 03:37:30.342550+00:00,450.306,0.93,0.92,0.94,0.07,0.06,0.08,,,,
2026-01-06 03:37:31.294000+00:00,2026-01-06 03:37:31.355158+00:00,451.294,0.93,0.92,0.94,0.07,0.06,0.08,,,,
2026-01-06 03:37:32.346000+00:00,2026-01-06 03:37:32.368473+00:00,452.346,0.935,0.93,0.94,0.065,0.06,0.07,,,,
2026-01-06 03:37:33.331000+00:00,2026-01-06 03:37:33.373672+00:00,453.331,0.935,0.93,0.94,0.065,0.06,0.07,,,,
2026-01-06 03:37:34.366000+00:00,2026-01-06 03:37:34.385311+00:00,454.366,0.935,0.93,0.94,0.075,0.06,0.09,,,,
2026-01-06 03:37:35.228000+00:00,2026-01-06 03:37:35.385217+00:00,455.228,0.925,0.92,0.93,0.075,0.07,0.08,,,,
2026-01-06 03:37:36.266000+00:00,2026-01-06 03:37:36.385704+00:00,456.266,0.93,0.92,0.94,0.07,0.06,0.08,,,,
2026-01-06 03:37:37.375000+00:00,2026-01-06 03:37:37.401376+00:00,457.375,0.925,0.92,0.93,0.075,0.07,0.08,,,,
2026-01-06 03:37:38.384000+00:00,2026-01-06 03:37:38.418669+00:00,458.384,0.935,0.93,0.94,0.07,0.06,0.08,,,,
2026-01-06 03:37:39.409000+00:00,2026-01-06 03:37:39.434723+00:00,459.409,0.93,0.92,0.94,0.075,0.07,0.08,,,,
2026-01-06 03:37:40.405000+00:00,2026-01-06 03:37:40.429605+00:00,460.405,0.925,0.92,0.93,0.075,0.07,0.08,,,,
2026-01-06 03:37:41.364000+00:00,2026-01-06 03:37:41.450911+00:00,461.364,0.905,0.9,0.91,0.095,0.09,0.1,,,,
2026-01-06 03:37:42.343000+00:00,2026-01-06 03:37:42.463839+00:00,462.343,0.895,0.89,0.9,0.105,0.1,0.11,,,,
2026-01-06 03:37:43.276000+00:00,2026-01-06 03:37:43.467760+00:00,463.276,0.89,0.88,0.9,0.11,0.1,0.12,,,,
2026-01-06 03:37:44.441000+00:00,2026-01-06 03:37:44.476659+00:00,464.441,0.89,0.88,0.9,0.11,0.1,0.12,,,,
2026-01-06 03:37:45.464000+00:00,2026-01-06 03:37:45.489549+00:00,465.464,0.885,0.88,0.89,0.1149999999999999,0.11,0.12,,,,
2026-01-06 03:37:46.457000+00:00,2026-01-06 03:37:46.504630+00:00,466.457,0.885,0.88,0.89,0.1149999999999999,0.11,0.12,,,,
2026-01-06 03:37:47.483000+00:00,2026-01-06 03:37:47.504640+00:00,467.483,0.885,0.88,0.89,0.1149999999999999,0.11,0.12,,,,
2026-01-06 03:37:48.502000+00:00,2026-01-06 03:37:48.521834+00:00,468.502,0.875,0.87,0.88,0.125,0.12,0.13,,,,
2026-01-06 03:37:49.502000+00:00,2026-01-06 03:37:49.529678+00:00,469.502,0.87,0.86,0.88,0.135,0.13,0.14,,,,
2026-01-06 03:37:50.524000+00:00,2026-01-06 03:37:50.544352+00:00,470.524,0.865,0.86,0.87,0.135,0.13,0.14,,,,
2026-01-06 03:37:51.471000+00:00,2026-01-06 03:37:51.551188+00:00,471.471,0.865,0.86,0.87,0.135,0.13,0.14,,,,
2026-01-06 03:37:52.518000+00:00,2026-01-06 03:37:52.557765+00:00,472.518,0.865,0.86,0.87,0.135,0.13,0.14,,,,
2026-01-06 03:37:53.560000+00:00,2026-01-06 03:37:53.567955+00:00,473.56,0.865,0.86,0.87,0.135,0.13,0.14,,,,
2026-01-06 03:37:54.548000+00:00,2026-01-06 03:37:54.578678+00:00,474.548,0.865,0.86,0.87,0.135,0.13,0.14,,,,
2026-01-06 03:37:55.579000+00:00,2026-01-06 03:37:55.603139+00:00,475.579,0.865,0.86,0.87,0.135,0.13,0.14,,,,
2026-01-06 03:37:56.586000+00:00,2026-01-06 03:37:56.612863+00:00,476.586,0.865,0.86,0.87,0.135,0.13,0.14,,,,
2026-01-06 03:37:57.576000+00:00,2026-01-06 03:37:57.625074+00:00,477.576,0.855,0.85,0.86,0.145,0.14,0.15,,,,
2026-01-06 03:37:58.597000+00:00,2026-01-06 03:37:58.630125+00:00,478.597,0.855,0.85,0.86,0.145,0.14,0.15,,,,
2026-01-06 03:37:59.620000+00:00,2026-01-06 03:37:59.646017+00:00,479.62,0.855,0.85,0.86,0.145,0.14,0.15,,,,
2026-01-06 03:38:00.608000+00:00,2026-01-06 03:38:00.640085+00:00,480.608,0.855,0.85,0.86,0.145,0.14,0.15,,,,
2026-01-06 03:38:01.633000+00:00,2026-01-06 03:38:01.668106+00:00,481.633,0.855,0.85,0.86,0.155,0.15,0.16,,,,
2026-01-06 03:38:02.662000+00:00,2026-01-06 03:38:02.681591+00:00,482.662,0.855,0.85,0.86,0.145,0.14,0.15,,,,
2026-01-06 03:38:03.668000+00:00,2026-01-06 03:38:03.680573+00:00,483.668,0.845,0.84,0.85,0.155,0.15,0.16,,,,
2026-01-06 03:38:04.578000+00:00,2026-01-06 03:38:04.696556+00:00,484.578,0.835,0.83,0.84,0.165,0.16,0.17,,,,
2026-01-06 03:38:05.678000+00:00,2026-01-06 03:38:05.696015+00:00,485.678,0.835,0.83,0.84,0.165,0.16,0.17,,,,
2026-01-06 03:38:06.678000+00:00,2026-01-06 03:38:06.701020+00:00,486.678,0.835,0.83,0.84,0.165,0.16,0.17,,,,
2026-01-06 03:38:07.686000+00:00,2026-01-06 03:38:07.699522+00:00,487.686,0.825,0.82,0.83,0.175,0.17,0.18,,,,
2026-01-06 03:38:08.671000+00:00,2026-01-06 03:38:08.718796+00:00,488.671,0.835,0.83,0.84,0.165,0.16,0.17,,,,
2026-01-06 03:38:09.692000+00:00,2026-01-06 03:38:09.727177+00:00,489.692,0.835,0.83,0.84,0.165,0.16,0.17,,,,
2026-01-06 03:38:10.709000+00:00,2026-01-06 03:38:10.734137+00:00,490.709,0.835,0.83,0.84,0.165,0.16,0.17,,,,
2026-01-06 03:38:11.719000+00:00,2026-01-06 03:38:11.733676+00:00,491.719,0.855,0.85,0.86,0.145,0.14,0.15,,,,
2026-01-06 03:38:12.726000+00:00,2026-01-06 03:38:12.752029+00:00,492.726,0.865,0.86,0.87,0.135,0.13,0.14,,,,
2026-01-06 03:38:13.729000+00:00,2026-01-06 03:38:13.752381+00:00,493.729,0.865,0.86,0.87,0.135,0.13,0.14,,,,
2026-01-06 03:38:14.742000+00:00,2026-01-06 03:38:14.764993+00:00,494.742,0.875,0.87,0.88,0.125,0.12,0.13,,,,
2026-01-06 03:38:15.744000+00:00,2026-01-06 03:38:15.766493+00:00,495.744,0.905,0.9,0.91,0.095,0.09,0.1,,,,
2026-01-06 03:38:16.766000+00:00,2026-01-06 03:38:16.782764+00:00,496.766,0.885,0.88,0.89,0.11,0.1,0.12,,,,
2026-01-06 03:38:17.757000+00:00,2026-01-06 03:38:17.789597+00:00,497.757,0.885,0.88,0.89,0.1149999999999999,0.11,0.12,,,,
2026-01-06 03:38:18.776000+00:00,2026-01-06 03:38:18.796045+00:00,498.776,0.885,0.88,0.89,0.1149999999999999,0.11,0.12,,,,
2026-01-06 03:38:19.692000+00:00,2026-01-06 03:38:19.808708+00:00,499.692,0.885,0.88,0.89,0.1149999999999999,0.11,0.12,,,,
2026-01-06 03:38:20.783000+00:00,2026-01-06 03:38:20.816290+00:00,500.783,0.885,0.88,0.89,0.1149999999999999,0.11,0.12,,,,
2026-01-06 03:38:21.787000+00:00,2026-01-06 03:38:21.850282+00:00,501.787,0.89,0.88,0.9,0.11,0.1,0.12,,,,
2026-01-06 03:38:22.778000+00:00,2026-01-06 03:38:22.854792+00:00,502.778,0.89,0.88,0.9,0.11,0.1,0.12,,,,
2026-01-06 03:38:23.781000+00:00,2026-01-06 03:38:23.851759+00:00,503.781,0.895,0.89,0.9,0.105,0.1,0.11,,,,
2026-01-06 03:38:24.824000+00:00,2026-01-06 03:38:24.850610+00:00,504.824,0.895,0.89,0.9,0.105,0.1,0.11,,,,
2026-01-06 03:38:25.781000+00:00,2026-01-06 03:38:25.864946+00:00,505.781,0.895,0.89,0.9,0.105,0.1,0.11,,,,
2026-01-06 03:38:26.835000+00:00,2026-01-06 03:38:26.865334+00:00,506.835,0.905,0.9,0.91,0.09,0.08,0.1,,,,
2026-01-06 03:38:27.806000+00:00,2026-01-06 03:38:27.871590+00:00,507.806,0.915,0.91,0.92,0.0849999999999999,0.08,0.09,,,,
2026-01-06 03:38:28.834000+00:00,2026-01-06 03:38:28.880930+00:00,508.834,0.915,0.91,0.92,0.0849999999999999,0.08,0.09,,,,
2026-01-06 03:38:29.815000+00:00,2026-01-06 03:38:29.884230+00:00,509.815,0.915,0.91,0.92,0.0849999999999999,0.08,0.09,,,,
2026-01-06 03:38:30.878000+00:00,2026-01-06 03:38:30.895489+00:00,510.878,0.905,0.9,0.91,0.095,0.09,0.1,,,,
2026-01-06 03:38:31.862000+00:00,2026-01-06 03:38:31.894857+00:00,511.862,0.88,0.87,0.89,0.12,0.11,0.13,,,,
2026-01-06 03:38:32.784000+00:00,2026-01-06 03:38:32.905037+00:00,512.784,0.87,0.86,0.88,0.13,0.12,0.14,,,,
2026-01-06 03:38:33.836000+00:00,2026-01-06 03:38:33.912795+00:00,513.836,0.87,0.86,0.88,0.13,0.12,0.14,,,,
2026-01-06 03:38:34.834000+00:00,2026-01-06 03:38:34.928355+00:00,514.834,0.855,0.85,0.86,0.135,0.13,0.14,,,,
2026-01-06 03:38:35.903000+00:00,2026-01-06 03:38:35.945289+00:00,515.903,0.865,0.86,0.87,0.135,0.13,0.14,,,,
2026-01-06 03:38:36.877000+00:00,2026-01-06 03:38:36.953626+00:00,516.877,0.855,0.85,0.86,0.145,0.14,0.15,,,,
2026-01-06 03:38:37.969000+00:00,2026-01-06 03:38:37.963797+00:00,517.969,0.865,0.86,0.87,0.135,0.13,0.14,,,,
2026-01-06 03:38:38.957000+00:00,2026-01-06 03:38:38.980635+00:00,518.957,0.87,0.86,0.88,0.13,0.12,0.14,,,,
2026-01-06 03:38:39.919000+00:00,2026-01-06 03:38:39.977032+00:00,519.919,0.87,0.86,0.88,0.13,0.12,0.14,,,,
2026-01-06 03:38:40.936000+00:00,2026-01-06 03:38:40.978181+00:00,520.936,0.87,0.86,0.88,0.13,0.12,0.14,,,,
2026-01-06 03:38:41.927000+00:00,2026-01-06 03:38:41.996797+00:00,521.927,0.87,0.86,0.88,0.13,0.12,0.14,,,,
2026-01-06 03:38:42.997000+00:00,2026-01-06 03:38:43.017539+00:00,522.997,0.89,0.88,0.9,0.1149999999999999,0.11,0.12,,,,
2026-01-06 03:38:43.987000+00:00,2026-01-06 03:38:44.015107+00:00,523.987,0.895,0.89,0.9,0.105,0.1,0.11,,,,
2026-01-06 03:38:45.001000+00:00,2026-01-06 03:38:45.035861+00:00,525.001,0.895,0.89,0.9,0.11,0.1,0.12,,,,
2026-01-06 03:38:46.970000+00:00,2026-01-06 03:38:47.061716+00:00,526.97,0.895,0.89,0.9,0.105,0.1,0.11,,,,
2026-01-06 03:38:48+00:00,2026-01-06 03:38:48.065670+00:00,528.0,0.895,0.89,0.9,0.11,0.1,0.12,,,,
2026-01-06 03:38:49.019000+00:00,2026-01-06 03:38:49.065562+00:00,529.019,0.895,0.89,0.9,0.105,0.1,0.11,,,,
2026-01-06 03:38:50.043000+00:00,2026-01-06 03:38:50.075007+00:00,530.043,0.895,0.89,0.9,0.105,0.1,0.11,,,,
2026-01-06 03:38:51.076000+00:00,2026-01-06 03:38:51.078721+00:00,531.076,0.885,0.88,0.89,0.11,0.1,0.12,,,,
2026-01-06 03:38:52.038000+00:00,2026-01-06 03:38:52.077814+00:00,532.038,0.895,0.89,0.9,0.105,0.1,0.11,,,,
2026-01-06 03:38:53.976000+00:00,2026-01-06 03:38:54.084257+00:00,533.976,0.885,0.88,0.89,0.1149999999999999,0.11,0.12,,,,
2026-01-06 03:38:55.071000+00:00,2026-01-06 03:38:55.094626+00:00,535.071,0.885,0.88,0.89,0.1149999999999999,0.11,0.12,,,,
2026-01-06 03:38:56.145000+00:00,2026-01-06 03:38:56.109238+00:00,536.145,0.885,0.88,0.89,0.1149999999999999,0.11,0.12,,,,
2026-01-06 03:38:57.984000+00:00,2026-01-06 03:38:58.125407+00:00,537.984,0.87,0.86,0.88,0.13,0.12,0.14,,,,
2026-01-06 03:38:59.085000+00:00,2026-01-06 03:38:59.140278+00:00,539.085,0.865,0.86,0.87,0.135,0.13,0.14,,,,
2026-01-06 03:39:00.148000+00:00,2026-01-06 03:39:00.144543+00:00,540.148,0.865,0.86,0.87,0.135,0.13,0.14,,,,
2026-01-06 03:39:01.102000+00:00,2026-01-06 03:39:01.150052+00:00,541.102,0.865,0.86,0.87,0.135,0.13,0.14,,,,
2026-01-06 03:39:02.113000+00:00,2026-01-06 03:39:02.159745+00:00,542.113,0.875,0.87,0.88,0.125,0.12,0.13,,,,
2026-01-06 03:39:03.159000+00:00,2026-01-06 03:39:03.173390+00:00,543.159,0.885,0.88,0.89,0.1149999999999999,0.11,0.12,,,,
2026-01-06 03:39:04.146000+00:00,2026-01-06 03:39:04.182560+00:00,544.146,0.885,0.88,0.89,0.105,0.1,0.11,,,,
2026-01-06 03:39:05.174000+00:00,2026-01-06 03:39:05.202496+00:00,545.174,0.89,0.88,0.9,0.11,0.1,0.12,,,,
2026-01-06 03:39:06.222000+00:00,2026-01-06 03:39:06.256877+00:00,546.222,0.895,0.89,0.9,0.095,0.09,0.1,,,,
2026-01-06 03:39:07.206000+00:00,2026-01-06 03:39:07.261435+00:00,547.206,0.9,0.89,0.91,0.1,0.09,0.11,,,,
2026-01-06 03:39:08.223000+00:00,2026-01-06 03:39:08.264911+00:00,548.223,0.895,0.89,0.9,0.105,0.1,0.11,,,,
2026-01-06 03:39:09.241000+00:00,2026-01-06 03:39:09.265274+00:00,549.241,0.895,0.89,0.9,0.105,0.1,0.11,,,,
2026-01-06 03:39:10.237000+00:00,2026-01-06 03:39:10.272641+00:00,550.237,0.905,0.9,0.91,0.095,0.09,0.1,,,,
2026-01-06 03:39:11.255000+00:00,2026-01-06 03:39:11.279271+00:00,551.255,0.905,0.9,0.91,0.095,0.09,0.1,,,,
2026-01-06 03:39:12.305000+00:00,2026-01-06 03:39:12.332770+00:00,552.305,0.925,0.92,0.93,0.075,0.07,0.08,,,,
2026-01-06 03:39:13.326000+00:00,2026-01-06 03:39:13.337314+00:00,553.326,0.925,0.92,0.93,0.0849999999999999,0.08,0.09,,,,
2026-01-06 03:39:14.325000+00:00,2026-01-06 03:39:14.351016+00:00,554.325,0.925,0.92,0.93,0.07,0.06,0.08,,,,
2026-01-06 03:39:15.315000+00:00,2026-01-06 03:39:15.359111+00:00,555.315,0.93,0.92,0.94,0.07,0.06,0.08,,,,
2026-01-06 03:39:16.352000+00:00,2026-01-06 03:39:16.368776+00:00,556.352,0.93,0.92,0.94,0.07,0.06,0.08,,,,
2026-01-06 03:39:17.102000+00:00,2026-01-06 03:39:17.375452+00:00,557.102,0.93,0.92,0.94,0.07,0.06,0.08,,,,
2026-01-06 03:39:18.360000+00:00,2026-01-06 03:39:18.384626+00:00,558.36,0.93,0.92,0.94,0.07,0.06,0.08,,,,
2026-01-06 03:39:19.293000+00:00,2026-01-06 03:39:19.382159+00:00,559.293,0.93,0.92,0.94,0.07,0.06,0.08,,,,
2026-01-06 03:39:20.297000+00:00,2026-01-06 03:39:20.397126+00:00,560.297,0.93,0.92,0.94,0.07,0.06,0.08,,,,
2026-01-06 03:39:21.371000+00:00,2026-01-06 03:39:21.408829+00:00,561.371,0.935,0.93,0.94,0.065,0.06,0.07,,,,
2026-01-06 03:39:22.340000+00:00,2026-01-06 03:39:22.420810+00:00,562.34,0.935,0.93,0.94,0.065,0.06,0.07,,,,
2026-01-06 03:39:23.373000+00:00,2026-01-06 03:39:23.426210+00:00,563.373,0.935,0.93,0.94,0.065,0.06,0.07,,,,
2026-01-06 03:39:24.421000+00:00,2026-01-06 03:39:24.443139+00:00,564.421,0.925,0.92,0.93,0.075,0.07,0.08,,,,
2026-01-06 03:39:25.403000+00:00,2026-01-06 03:39:25.434876+00:00,565.403,0.925,0.92,0.93,0.075,0.07,0.08,,,,
2026-01-06 03:39:26.287000+00:00,2026-01-06 03:39:26.442256+00:00,566.287,0.925,0.92,0.93,0.075,0.07,0.08,,,,
2026-01-06 03:39:27.334000+00:00,2026-01-06 03:39:27.454459+00:00,567.334,0.92,0.91,0.93,0.08,0.07,0.09,,,,
2026-01-06 03:39:28.400000+00:00,2026-01-06 03:39:28.476462+00:00,568.4,0.915,0.91,0.92,0.0849999999999999,0.08,0.09,,,,
2026-01-06 03:39:29.451000+00:00,2026-01-06 03:39:29.492509+00:00,569.451,0.915,0.91,0.92,0.0849999999999999,0.08,0.09,,,,
2026-01-06 03:39:30.414000+00:00,2026-01-06 03:39:30.504233+00:00,570.414,0.915,0.91,0.92,0.0849999999999999,0.08,0.09,,,,
2026-01-06 03:39:31.490000+00:00,2026-01-06 03:39:31.514019+00:00,571.49,0.915,0.91,0.92,0.0849999999999999,0.08,0.09,,,,
2026-01-06 03:39:32.502000+00:00,2026-01-06 03:39:32.525899+00:00,572.502,0.925,0.92,0.93,0.075,0.07,0.08,,,,
2026-01-06 03:39:33.451000+00:00,2026-01-06 03:39:33.536283+00:00,573.451,0.925,0.92,0.93,0.075,0.07,0.08,,,,
2026-01-06 03:39:34.478000+00:00,2026-01-06 03:39:34.541938+00:00,574.478,0.925,0.92,0.93,0.075,0.07,0.08,,,,
2026-01-06 03:39:35.536000+00:00,2026-01-06 03:39:35.559996+00:00,575.536,0.925,0.92,0.93,0.075,0.07,0.08,,,,
2026-01-06 03:39:36.539000+00:00,2026-01-06 03:39:36.564259+00:00,576.539,0.925,0.92,0.93,0.07,0.06,0.08,,,,
2026-01-06 03:39:37.544000+00:00,2026-01-06 03:39:37.579739+00:00,577.544,0.93,0.92,0.94,0.07,0.06,0.08,,,,
2026-01-06 03:39:38.563000+00:00,2026-01-06 03:39:38.592981+00:00,578.563,0.935,0.93,0.94,0.065,0.06,0.07,,,,
2026-01-06 03:39:39.587000+00:00,2026-01-06 03:39:39.618397+00:00,579.587,0.935,0.93,0.94,0.065,0.06,0.07,,,,
2026-01-06 03:39:40.568000+00:00,2026-01-06 03:39:40.625976+00:00,580.568,0.935,0.93,0.94,0.065,0.06,0.07,,,,
2026-01-06 03:39:41.607000+00:00,2026-01-06 03:39:41.634124+00:00,581.607,0.935,0.93,0.94,0.065,0.06,0.07,,,,
2026-01-06 03:39:42.601000+00:00,2026-01-06 03:39:42.624850+00:00,582.601,0.925,0.92,0.93,0.075,0.07,0.08,,,,
2026-01-06 03:39:43.656000+00:00,2026-01-06 03:39:43.642536+00:00,583.656,0.925,0.92,0.93,0.075,0.07,0.08,,,,
2026-01-06 03:39:44.669000+00:00,2026-01-06 03:39:44.661153+00:00,584.669,0.925,0.92,0.93,0.075,0.07,0.08,,,,
2026-01-06 03:39:45.598000+00:00,2026-01-06 03:39:45.670938+00:00,585.598,0.925,0.92,0.93,0.075,0.07,0.08,,,,
2026-01-06 03:39:46.663000+00:00,2026-01-06 03:39:46.684822+00:00,586.663,0.925,0.92,0.93,0.075,0.07,0.08,,,,
2026-01-06 03:39:47.640000+00:00,2026-01-06 03:39:47.690530+00:00,587.64,0.925,0.92,0.93,0.075,0.07,0.08,,,,
2026-01-06 03:39:48.702000+00:00,2026-01-06 03:39:48.737547+00:00,588.702,0.925,0.92,0.93,0.075,0.07,0.08,,,,
2026-01-06 03:39:49.738000+00:00,2026-01-06 03:39:49.761837+00:00,589.738,0.925,0.92,0.93,0.075,0.07,0.08,,,,
2026-01-06 03:39:50.644000+00:00,2026-01-06 03:39:50.770327+00:00,590.644,0.935,0.93,0.94,0.065,0.06,0.07,,,,
2026-01-06 03:39:51.762000+00:00,2026-01-06 03:39:51.786346+00:00,591.762,0.93,0.92,0.94,0.07,0.06,0.08,,,,
2026-01-06 03:39:52.675000+00:00,2026-01-06 03:39:52.780605+00:00,592.675,0.92,0.91,0.93,0.08,0.07,0.09,,,,
2026-01-06 03:39:53.760000+00:00,2026-01-06 03:39:53.791271+00:00,593.76,0.915,0.91,0.92,0.0849999999999999,0.08,0.09,,,,
2026-01-06 03:39:54.735000+00:00,2026-01-06 03:39:54.807189+00:00,594.735,0.905,0.9,0.91,0.095,0.09,0.1,,,,
2026-01-06 03:39:55.794000+00:00,2026-01-06 03:39:55.818162+00:00,595.794,0.905,0.9,0.91,0.095,0.09,0.1,,,,
2026-01-06 03:39:56.637000+00:00,2026-01-06 03:39:56.827536+00:00,596.637,0.905,0.9,0.91,0.095,0.09,0.1,,,,
2026-01-06 03:39:57.805000+00:00,2026-01-06 03:39:57.833590+00:00,597.805,0.895,0.89,0.9,0.105,0.1,0.11,,,,
2026-01-06 03:39:58.809000+00:00,2026-01-06 03:39:58.858637+00:00,598.809,0.895,0.89,0.9,0.105,0.1,0.11,,,,
2026-01-06 03:39:59.746000+00:00,2026-01-06 03:39:59.864656+00:00,599.746,0.895,0.89,0.9,0.105,0.1,0.11,,,,
2026-01-06 03:40:00.747000+00:00,2026-01-06 03:40:00.874560+00:00,600.747,0.895,0.89,0.9,0.105,0.1,0.11,,,,
2026-01-06 03:40:01.803000+00:00,2026-01-06 03:40:01.891570+00:00,601.803,0.905,0.9,0.91,0.095,0.09,0.1,,,,
2026-01-06 03:40:02.880000+00:00,2026-01-06 03:40:02.905595+00:00,602.88,0.905,0.9,0.91,0.095,0.09,0.1,,,,
2026-01-06 03:40:03.840000+00:00,2026-01-06 03:40:03.917250+00:00,603.84,0.905,0.9,0.91,0.1,0.09,0.11,,,,
2026-01-06 03:40:04.930000+00:00,2026-01-06 03:40:04.924961+00:00,604.93,0.885,0.88,0.89,0.1149999999999999,0.11,0.12,,,,
2026-01-06 03:40:05.887000+00:00,2026-01-06 03:40:05.923610+00:00,605.887,0.885,0.88,0.89,0.1149999999999999,0.11,0.12,,,,
2026-01-06 03:40:06.825000+00:00,2026-01-06 03:40:06.941715+00:00,606.825,0.865,0.86,0.87,0.135,0.13,0.14,,,,
2026-01-06 03:40:07.934000+00:00,2026-01-06 03:40:07.960984+00:00,607.934,0.855,0.85,0.86,0.145,0.14,0.15,,,,
2026-01-06 03:40:08.951000+00:00,2026-01-06 03:40:08.975172+00:00,608.951,0.865,0.86,0.87,0.135,0.13,0.14,,,,
2026-01-06 03:40:09.951000+00:00,2026-01-06 03:40:09.991533+00:00,609.951,0.87,0.86,0.88,0.13,0.12,0.14,,,,
2026-01-06 03:40:10.922000+00:00,2026-01-06 03:40:10.990706+00:00,610.922,0.87,0.86,0.88,0.135,0.13,0.14,,,,
2026-01-06 03:40:11.969000+00:00,2026-01-06 03:40:11.995375+00:00,611.969,0.875,0.87,0.88,0.125,0.12,0.13,,,,
2026-01-06 03:40:12.967000+00:00,2026-01-06 03:40:12.993598+00:00,612.967,0.875,0.87,0.88,0.125,0.12,0.13,,,,
2026-01-06 03:40:13.985000+00:00,2026-01-06 03:40:14.007587+00:00,613.985,0.865,0.86,0.87,0.145,0.14,0.15,,,,
2026-01-06 03:40:14.970000+00:00,2026-01-06 03:40:15.006246+00:00,614.97,0.855,0.85,0.86,0.145,0.14,0.15,,,,
2026-01-06 03:40:16.976000+00:00,2026-01-06 03:40:17.036180+00:00,616.976,0.855,0.85,0.86,0.18,0.17,0.19,,,,
2026-01-06 03:40:18.960000+00:00,2026-01-06 03:40:19.047420+00:00,618.96,0.805,0.8,0.81,0.195,0.19,0.2,,,,
2026-01-06 03:40:19.938000+00:00,2026-01-06 03:40:20.043834+00:00,619.938,0.79,0.77,0.81,0.215,0.2,0.23,,,,
2026-01-06 03:40:21.022000+00:00,2026-01-06 03:40:21.053060+00:00,621.022,0.775,0.76,0.79,0.2249999999999999,0.21,0.24,,,,
2026-01-06 03:40:22.018000+00:00,2026-01-06 03:40:22.053201+00:00,622.018,0.76,0.75,0.77,0.235,0.23,0.24,,,,
2026-01-06 03:40:23.062000+00:00,2026-01-06 03:40:23.070420+00:00,623.062,0.765,0.76,0.77,0.235,0.23,0.24,,,,
2026-01-06 03:40:24.076000+00:00,2026-01-06 03:40:24.090981+00:00,624.076,0.755,0.75,0.76,0.245,0.24,0.25,,,,
2026-01-06 03:40:25.078000+00:00,2026-01-06 03:40:25.103507+00:00,625.078,0.765,0.76,0.77,0.24,0.23,0.25,,,,
2026-01-06 03:40:26.100000+00:00,2026-01-06 03:40:26.114040+00:00,626.1,0.755,0.75,0.76,0.265,0.24,0.29,,,,
2026-01-06 03:40:27.046000+00:00,2026-01-06 03:40:27.124436+00:00,627.046,0.705,0.7,0.71,0.315,0.31,0.32,,,,
2026-01-06 03:40:28.111000+00:00,2026-01-06 03:40:28.129610+00:00,628.111,0.685,0.68,0.69,0.305,0.3,0.31,,,,
2026-01-06 03:40:29.112000+00:00,2026-01-06 03:40:29.140609+00:00,629.112,0.695,0.69,0.7,0.295,0.29,0.3,,,,
2026-01-06 03:40:30.106000+00:00,2026-01-06 03:40:30.136541+00:00,630.106,0.705,0.7,0.71,0.295,0.29,0.3,,,,
2026-01-06 03:40:31.101000+00:00,2026-01-06 03:40:31.147223+00:00,631.101,0.715,0.71,0.72,0.285,0.28,0.29,,,,
2026-01-06 03:40:32.106000+00:00,2026-01-06 03:40:32.150371+00:00,632.106,0.715,0.71,0.72,0.285,0.28,0.29,,,,
2026-01-06 03:40:33.137000+00:00,2026-01-06 03:40:33.166830+00:00,633.137,0.705,0.7,0.71,0.295,0.29,0.3,,,,
2026-01-06 03:40:34.146000+00:00,2026-01-06 03:40:34.177945+00:00,634.146,0.725,0.72,0.73,0.28,0.27,0.29,,,,
2026-01-06 03:40:35.166000+00:00,2026-01-06 03:40:35.190541+00:00,635.166,0.71,0.7,0.72,0.29,0.28,0.3,,,,
2026-01-06 03:40:36.142000+00:00,2026-01-06 03:40:36.189737+00:00,636.142,0.715,0.71,0.72,0.285,0.28,0.29,,,,
2026-01-06 03:40:37.132000+00:00,2026-01-06 03:40:37.201301+00:00,637.132,0.685,0.68,0.69,0.315,0.31,0.32,,,,
2026-01-06 03:40:38.122000+00:00,2026-01-06 03:40:38.213226+00:00,638.122,0.64,0.63,0.65,0.36,0.35,0.37,,,,
2026-01-06 03:40:39.157000+00:00,2026-01-06 03:40:39.224312+00:00,639.157,0.635,0.62,0.65,0.365,0.35,0.38,,,,
2026-01-06 03:40:40.177000+00:00,2026-01-06 03:40:40.239968+00:00,640.177,0.64,0.63,0.65,0.36,0.35,0.37,,,,
2026-01-06 03:40:41.238000+00:00,2026-01-06 03:40:41.245718+00:00,641.238,0.625,0.62,0.63,0.375,0.37,0.38,,,,
2026-01-06 03:40:42.157000+00:00,2026-01-06 03:40:42.244170+00:00,642.157,0.65,0.64,0.66,0.31,0.3,0.32,,,,
2026-01-06 03:40:43.108000+00:00,2026-01-06 03:40:43.239421+00:00,643.108,0.715,0.71,0.72,0.315,0.31,0.32,,,,
2026-01-06 03:40:44.231000+00:00,2026-01-06 03:40:44.252534+00:00,644.231,0.735,0.72,0.75,0.255,0.25,0.26,,,,
2026-01-06 03:40:45.242000+00:00,2026-01-06 03:40:45.260942+00:00,645.242,0.795,0.78,0.81,0.2,0.19,0.21,,,,
2026-01-06 03:40:46.239000+00:00,2026-01-06 03:40:46.261542+00:00,646.239,0.785,0.78,0.79,0.225,0.22,0.23,,,,
2026-01-06 03:40:47.237000+00:00,2026-01-06 03:40:47.268095+00:00,647.237,0.765,0.76,0.77,0.235,0.23,0.24,,,,
2026-01-06 03:40:48.286000+00:00,2026-01-06 03:40:48.276829+00:00,648.286,0.775,0.77,0.78,0.225,0.22,0.23,,,,
2026-01-06 03:40:49.259000+00:00,2026-01-06 03:40:49.280666+00:00,649.259,0.765,0.76,0.77,0.235,0.23,0.24,,,,
2026-01-06 03:40:50.266000+00:00,2026-01-06 03:40:50.289910+00:00,650.266,0.765,0.76,0.77,0.235,0.23,0.24,,,,
2026-01-06 03:40:51.265000+00:00,2026-01-06 03:40:51.296300+00:00,651.265,0.77,0.76,0.78,0.2299999999999999,0.22,0.24,,,,
2026-01-06 03:40:52.236000+00:00,2026-01-06 03:40:52.291852+00:00,652.236,0.77,0.76,0.78,0.235,0.23,0.24,,,,
2026-01-06 03:40:53.286000+00:00,2026-01-06 03:40:53.306990+00:00,653.286,0.77,0.76,0.78,0.2299999999999999,0.22,0.24,,,,
2026-01-06 03:40:54.274000+00:00,2026-01-06 03:40:54.322902+00:00,654.274,0.775,0.77,0.78,0.205,0.2,0.21,,,,
2026-01-06 03:40:55.288000+00:00,2026-01-06 03:40:55.318641+00:00,655.288,0.775,0.77,0.78,0.225,0.22,0.23,,,,
2026-01-06 03:40:56.296000+00:00,2026-01-06 03:40:56.322954+00:00,656.296,0.775,0.77,0.78,0.225,0.22,0.23,,,,
2026-01-06 03:40:57.313000+00:00,2026-01-06 03:40:57.317715+00:00,657.313,0.775,0.77,0.78,0.225,0.22,0.23,,,,
2026-01-06 03:40:58.301000+00:00,2026-01-06 03:40:58.315722+00:00,658.301,0.775,0.77,0.78,0.225,0.22,0.23,,,,
2026-01-06 03:40:59.286000+00:00,2026-01-06 03:40:59.322644+00:00,659.286,0.765,0.76,0.77,0.235,0.23,0.24,,,,
2026-01-06 03:41:00.320000+00:00,2026-01-06 03:41:00.326447+00:00,660.32,0.755,0.75,0.76,0.245,0.24,0.25,,,,
2026-01-06 03:41:01.302000+00:00,2026-01-06 03:41:01.320810+00:00,661.302,0.745,0.74,0.75,0.255,0.25,0.26,,,,
2026-01-06 03:41:02.284000+00:00,2026-01-06 03:41:02.324317+00:00,662.284,0.725,0.72,0.73,0.275,0.27,0.28,,,,
2026-01-06 03:41:03.284000+00:00,2026-01-06 03:41:03.339054+00:00,663.284,0.685,0.68,0.69,0.32,0.31,0.33,,,,
2026-01-06 03:41:04.320000+00:00,2026-01-06 03:41:04.339674+00:00,664.32,0.675,0.67,0.68,0.325,0.32,0.33,,,,
2026-01-06 03:41:05.293000+00:00,2026-01-06 03:41:05.340460+00:00,665.293,0.665,0.66,0.67,0.335,0.33,0.34,,,,
2026-01-06 03:41:06.319000+00:00,2026-01-06 03:41:06.349743+00:00,666.319,0.6,0.59,0.61,0.4,0.39,0.41,,,,
2026-01-06 03:41:07.343000+00:00,2026-01-06 03:41:07.363042+00:00,667.343,0.525,0.52,0.53,0.475,0.47,0.48,,,,
2026-01-06 03:41:08.353000+00:00,2026-01-06 03:41:08.389520+00:00,668.353,0.54,0.53,0.55,0.45,0.44,0.46,,,,
2026-01-06 03:41:09.379000+00:00,2026-01-06 03:41:09.407963+00:00,669.379,0.545,0.54,0.55,0.455,0.45,0.46,,,,
2026-01-06 03:41:10.390000+00:00,2026-01-06 03:41:10.426747+00:00,670.39,0.545,0.54,0.55,0.455,0.45,0.46,,,,
2026-01-06 03:41:11.413000+00:00,2026-01-06 03:41:11.433083+00:00,671.413,0.67,0.66,0.68,0.345,0.34,0.35,,,,
2026-01-06 03:41:12.422000+00:00,2026-01-06 03:41:12.440089+00:00,672.422,0.65,0.64,0.66,0.345,0.34,0.35,,,,
2026-01-06 03:41:13.378000+00:00,2026-01-06 03:41:13.453928+00:00,673.378,0.725,0.72,0.73,0.275,0.27,0.28,,,,
2026-01-06 03:41:14.450000+00:00,2026-01-06 03:41:14.472100+00:00,674.45,0.71,0.7,0.72,0.285,0.28,0.29,,,,
2026-01-06 03:41:15.451000+00:00,2026-01-06 03:41:15.474202+00:00,675.451,0.74,0.73,0.75,0.235,0.23,0.24,,,,
2026-01-06 03:41:16.470000+00:00,2026-01-06 03:41:16.495199+00:00,676.47,0.765,0.76,0.77,0.235,0.23,0.24,,,,
2026-01-06 03:41:17.459000+00:00,2026-01-06 03:41:17.505204+00:00,677.459,0.775,0.77,0.78,0.215,0.21,0.22,,,,
2026-01-06 03:41:18.486000+00:00,2026-01-06 03:41:18.521337+00:00,678.486,0.755,0.75,0.76,0.245,0.24,0.25,,,,
2026-01-06 03:41:19.482000+00:00,2026-01-06 03:41:19.534320+00:00,679.482,0.745,0.74,0.75,0.255,0.25,0.26,,,,
2026-01-06 03:41:20.542000+00:00,2026-01-06 03:41:20.538568+00:00,680.542,0.76,0.75,0.77,0.24,0.23,0.25,,,,
2026-01-06 03:41:21.516000+00:00,2026-01-06 03:41:21.545911+00:00,681.516,0.755,0.74,0.77,0.25,0.24,0.26,,,,
2026-01-06 03:41:22.521000+00:00,2026-01-06 03:41:22.555103+00:00,682.521,0.755,0.75,0.76,0.245,0.24,0.25,,,,
2026-01-06 03:41:23.503000+00:00,2026-01-06 03:41:23.540955+00:00,683.503,0.77,0.76,0.78,0.235,0.22,0.25,,,,
2026-01-06 03:41:24.529000+00:00,2026-01-06 03:41:24.542618+00:00,684.529,0.755,0.75,0.76,0.245,0.24,0.25,,,,
2026-01-06 03:41:25.516000+00:00,2026-01-06 03:41:25.553982+00:00,685.516,0.76,0.75,0.77,0.245,0.24,0.25,,,,
2026-01-06 03:41:26.510000+00:00,2026-01-06 03:41:26.553011+00:00,686.51,0.755,0.75,0.76,0.245,0.24,0.25,,,,
2026-01-06 03:41:27.523000+00:00,2026-01-06 03:41:27.560319+00:00,687.523,0.755,0.75,0.76,0.245,0.24,0.25,,,,
2026-01-06 03:41:28.542000+00:00,2026-01-06 03:41:28.568653+00:00,688.542,0.755,0.75,0.76,0.24,0.23,0.25,,,,
2026-01-06 03:41:29.550000+00:00,2026-01-06 03:41:29.573765+00:00,689.55,0.81,0.8,0.82,0.19,0.18,0.2,,,,
2026-01-06 03:41:30.561000+00:00,2026-01-06 03:41:30.588118+00:00,690.561,0.815,0.81,0.82,0.185,0.18,0.19,,,,
2026-01-06 03:41:31.565000+00:00,2026-01-06 03:41:31.603208+00:00,691.565,0.795,0.79,0.8,0.205,0.2,0.21,,,,
2026-01-06 03:41:32.601000+00:00,2026-01-06 03:41:32.621232+00:00,692.601,0.805,0.8,0.81,0.195,0.19,0.2,,,,
2026-01-06 03:41:33.590000+00:00,2026-01-06 03:41:33.621381+00:00,693.59,0.805,0.8,0.81,0.195,0.19,0.2,,,,
2026-01-06 03:41:34.597000+00:00,2026-01-06 03:41:34.637439+00:00,694.597,0.805,0.8,0.81,0.195,0.19,0.2,,,,
2026-01-06 03:41:35.620000+00:00,2026-01-06 03:41:35.637499+00:00,695.62,0.805,0.8,0.81,0.195,0.19,0.2,,,,
2026-01-06 03:41:36.623000+00:00,2026-01-06 03:41:36.644489+00:00,696.623,0.795,0.79,0.8,0.205,0.2,0.21,,,,
2026-01-06 03:41:37.635000+00:00,2026-01-06 03:41:37.656693+00:00,697.635,0.805,0.8,0.81,0.195,0.19,0.2,,,,
2026-01-06 03:41:38.602000+00:00,2026-01-06 03:41:38.658401+00:00,698.602,0.815,0.81,0.82,0.135,0.12,0.15,,,,
2026-01-06 03:41:39.652000+00:00,2026-01-06 03:41:39.668573+00:00,699.652,0.86,0.85,0.87,0.14,0.13,0.15,,,,
2026-01-06 03:41:40.609000+00:00,2026-01-06 03:41:40.677548+00:00,700.609,0.875,0.87,0.88,0.125,0.12,0.13,,,,
2026-01-06 03:41:41.677000+00:00,2026-01-06 03:41:41.698090+00:00,701.677,0.86,0.85,0.87,0.145,0.14,0.15,,,,
2026-01-06 03:41:42.668000+00:00,2026-01-06 03:41:42.699996+00:00,702.668,0.855,0.85,0.86,0.145,0.14,0.15,,,,
2026-01-06 03:41:43.647000+00:00,2026-01-06 03:41:43.712851+00:00,703.647,0.855,0.85,0.86,0.145,0.14,0.15,,,,
2026-01-06 03:41:44.686000+00:00,2026-01-06 03:41:44.731363+00:00,704.686,0.855,0.85,0.86,0.145,0.14,0.15,,,,
2026-01-06 03:41:45.684000+00:00,2026-01-06 03:41:45.737594+00:00,705.684,0.845,0.84,0.85,0.15,0.14,0.16,,,,
2026-01-06 03:41:46.743000+00:00,2026-01-06 03:41:46.748773+00:00,706.743,0.85,0.84,0.86,0.145,0.14,0.15,,,,
2026-01-06 03:41:47.735000+00:00,2026-01-06 03:41:47.756266+00:00,707.735,0.855,0.85,0.86,0.145,0.14,0.15,,,,
2026-01-06 03:41:48.750000+00:00,2026-01-06 03:41:48.776321+00:00,708.75,0.855,0.85,0.86,0.145,0.14,0.15,,,,
2026-01-06 03:41:49.703000+00:00,2026-01-06 03:41:49.800005+00:00,709.703,0.855,0.85,0.86,0.15,0.14,0.16,,,,
2026-01-06 03:41:50.770000+00:00,2026-01-06 03:41:50.798993+00:00,710.77,0.86,0.85,0.87,0.14,0.13,0.15,,,,
2026-01-06 03:41:51.661000+00:00,2026-01-06 03:41:51.790072+00:00,711.661,0.835,0.83,0.84,0.1699999999999999,0.16,0.18,,,,
2026-01-06 03:41:52.408000+00:00,2026-01-06 03:41:52.806086+00:00,712.408,0.825,0.82,0.83,0.175,0.17,0.18,,,,
2026-01-06 03:41:53.743000+00:00,2026-01-06 03:41:53.798888+00:00,713.743,0.825,0.82,0.83,0.175,0.17,0.18,,,,
2026-01-06 03:41:54.733000+00:00,2026-01-06 03:41:54.800307+00:00,714.733,0.83,0.82,0.84,0.175,0.17,0.18,,,,
2026-01-06 03:41:55.594000+00:00,2026-01-06 03:41:55.799900+00:00,715.594,0.755,0.73,0.78,0.245,0.22,0.27,,,,
2026-01-06 03:41:56.711000+00:00,2026-01-06 03:41:56.799334+00:00,716.711,0.725,0.7,0.75,0.275,0.25,0.3,,,,
2026-01-06 03:41:57.800000+00:00,2026-01-06 03:41:57.820667+00:00,717.8,0.715,0.7,0.73,0.285,0.27,0.3,,,,
2026-01-06 03:41:58.775000+00:00,2026-01-06 03:41:58.831309+00:00,718.775,0.6799999999999999,0.67,0.69,0.3399999999999999,0.33,0.35,,,,
2026-01-06 03:41:59.808000+00:00,2026-01-06 03:41:59.831479+00:00,719.808,0.625,0.61,0.64,0.385,0.38,0.39,,,,
2026-01-06 03:42:00.848000+00:00,2026-01-06 03:42:00.826629+00:00,720.848,0.5700000000000001,0.56,0.58,0.415,0.41,0.42,,,,
2026-01-06 03:42:02.011000+00:00,2026-01-06 03:42:02.035062+00:00,722.011,0.575,0.57,0.58,0.42,0.41,0.43,,,,
2026-01-06 03:42:03.022000+00:00,2026-01-06 03:42:03.052023+00:00,723.022,0.6,0.59,0.61,0.41,0.4,0.42,,,,
2026-01-06 03:42:04.029000+00:00,2026-01-06 03:42:04.053313+00:00,724.029,0.61,0.6,0.62,0.375,0.37,0.38,,,,
2026-01-06 03:42:05.026000+00:00,2026-01-06 03:42:05.053654+00:00,725.026,0.595,0.59,0.6,0.405,0.4,0.41,,,,
2026-01-06 03:42:06.041000+00:00,2026-01-06 03:42:06.062506+00:00,726.041,0.595,0.59,0.6,0.405,0.4,0.41,,,,
2026-01-06 03:42:07.002000+00:00,2026-01-06 03:42:07.062560+00:00,727.002,0.585,0.58,0.59,0.415,0.41,0.42,,,,
2026-01-06 03:42:08.040000+00:00,2026-01-06 03:42:08.072454+00:00,728.04,0.585,0.58,0.59,0.415,0.41,0.42,,,,
2026-01-06 03:42:09.045000+00:00,2026-01-06 03:42:09.080728+00:00,729.045,0.595,0.58,0.61,0.4,0.39,0.41,,,,
2026-01-06 03:42:10.990000+00:00,2026-01-06 03:42:11.085077+00:00,730.99,0.595,0.59,0.6,0.4,0.39,0.41,,,,
2026-01-06 03:42:12.039000+00:00,2026-01-06 03:42:12.082591+00:00,732.039,0.585,0.58,0.59,0.415,0.41,0.42,,,,
2026-01-06 03:42:13.067000+00:00,2026-01-06 03:42:13.100046+00:00,733.067,0.585,0.58,0.59,0.445,0.44,0.45,,,,
2026-01-06 03:42:14.006000+00:00,2026-01-06 03:42:14.111181+00:00,734.006,0.545,0.54,0.55,0.435,0.43,0.44,,,,
2026-01-06 03:42:15.084000+00:00,2026-01-06 03:42:15.129445+00:00,735.084,0.575,0.57,0.58,0.415,0.41,0.42,,,,
2026-01-06 03:42:16.092000+00:00,2026-01-06 03:42:16.119206+00:00,736.092,0.605,0.6,0.61,0.395,0.39,0.4,,,,
2026-01-06 03:42:17.077000+00:00,2026-01-06 03:42:17.112341+00:00,737.077,0.605,0.6,0.61,0.395,0.39,0.4,,,,
2026-01-06 03:42:18.098000+00:00,2026-01-06 03:42:18.126346+00:00,738.098,0.605,0.6,0.61,0.395,0.39,0.4,,,,
2026-01-06 03:42:19.110000+00:00,2026-01-06 03:42:19.135409+00:00,739.11,0.585,0.58,0.59,0.41,0.4,0.42,,,,
2026-01-06 03:42:20.111000+00:00,2026-01-06 03:42:20.143434+00:00,740.111,0.595,0.59,0.6,0.405,0.4,0.41,,,,
2026-01-06 03:42:21.133000+00:00,2026-01-06 03:42:21.163091+00:00,741.133,0.585,0.58,0.59,0.415,0.41,0.42,,,,
2026-01-06 03:42:22.074000+00:00,2026-01-06 03:42:22.173161+00:00,742.074,0.595,0.59,0.6,0.405,0.4,0.41,,,,
2026-01-06 03:42:23.162000+00:00,2026-01-06 03:42:23.192339+00:00,743.162,0.575,0.57,0.58,0.475,0.47,0.48,,,,
2026-01-06 03:42:24.129000+00:00,2026-01-06 03:42:24.191913+00:00,744.129,0.54,0.53,0.55,0.4549999999999999,0.44,0.47,,,,
2026-01-06 03:42:25.179000+00:00,2026-01-06 03:42:25.202089+00:00,745.179,0.555,0.55,0.56,0.445,0.44,0.45,,,,
2026-01-06 03:42:26.170000+00:00,2026-01-06 03:42:26.199342+00:00,746.17,0.565,0.56,0.57,0.435,0.43,0.44,,,,
2026-01-06 03:42:27.175000+00:00,2026-01-06 03:42:27.203469+00:00,747.175,0.585,0.58,0.59,0.415,0.41,0.42,,,,
2026-01-06 03:42:28.143000+00:00,2026-01-06 03:42:28.211950+00:00,748.143,0.585,0.58,0.59,0.415,0.41,0.42,,,,
2026-01-06 03:42:29.197000+00:00,2026-01-06 03:42:29.219400+00:00,749.197,0.585,0.58,0.59,0.415,0.41,0.42,,,,
2026-01-06 03:42:30.217000+00:00,2026-01-06 03:42:30.239611+00:00,750.217,0.545,0.54,0.55,0.455,0.45,0.46,,,,
2026-01-06 03:42:31.208000+00:00,2026-01-06 03:42:31.252259+00:00,751.208,0.545,0.54,0.55,0.455,0.45,0.46,,,,
2026-01-06 03:42:32.232000+00:00,2026-01-06 03:42:32.256407+00:00,752.232,0.565,0.55,0.58,0.445,0.44,0.45,,,,
2026-01-06 03:42:33.237000+00:00,2026-01-06 03:42:33.266449+00:00,753.237,0.545,0.54,0.55,0.455,0.45,0.46,,,,
2026-01-06 03:42:34.269000+00:00,2026-01-06 03:42:34.294875+00:00,754.269,0.5,0.49,0.51,0.495,0.49,0.5,,,,
2026-01-06 03:42:35.283000+00:00,2026-01-06 03:42:35.301681+00:00,755.283,0.51,0.5,0.52,0.49,0.48,0.5,,,,
2026-01-06 03:42:36.299000+00:00,2026-01-06 03:42:36.319249+00:00,756.299,0.505,0.5,0.51,0.5,0.49,0.51,,,,
2026-01-06 03:42:37.327000+00:00,2026-01-06 03:42:37.326205+00:00,757.327,0.5,0.49,0.51,0.495,0.49,0.5,,,,
2026-01-06 03:42:38.300000+00:00,2026-01-06 03:42:38.331119+00:00,758.3,0.485,0.48,0.49,0.505,0.49,0.52,,,,
2026-01-06 03:42:39.333000+00:00,2026-01-06 03:42:39.351766+00:00,759.333,0.515,0.51,0.52,0.49,0.48,0.5,,,,
2026-01-06 03:42:40.425000+00:00,2026-01-06 03:42:40.368328+00:00,760.425,0.505,0.5,0.51,0.495,0.49,0.5,,,,
2026-01-06 03:42:41.332000+00:00,2026-01-06 03:42:41.368895+00:00,761.332,0.505,0.5,0.51,0.495,0.49,0.5,,,,
2026-01-06 03:42:42.310000+00:00,2026-01-06 03:42:42.377723+00:00,762.31,0.51,0.5,0.52,0.49,0.48,0.5,,,,
2026-01-06 03:42:43.315000+00:00,2026-01-06 03:42:43.376050+00:00,763.315,0.51,0.5,0.52,0.49,0.48,0.5,,,,
2026-01-06 03:42:44.305000+00:00,2026-01-06 03:42:44.389700+00:00,764.305,0.51,0.5,0.52,0.485,0.48,0.49,,,,
2026-01-06 03:42:45.342000+00:00,2026-01-06 03:42:45.385549+00:00,765.342,0.515,0.51,0.52,0.485,0.48,0.49,,,,
2026-01-06 03:42:46.373000+00:00,2026-01-06 03:42:46.388615+00:00,766.373,0.515,0.51,0.52,0.485,0.48,0.49,,,,
2026-01-06 03:42:47.342000+00:00,2026-01-06 03:42:47.385660+00:00,767.342,0.52,0.51,0.53,0.495,0.49,0.5,,,,
2026-01-06 03:42:48.368000+00:00,2026-01-06 03:42:48.397177+00:00,768.368,0.495,0.49,0.5,0.505,0.5,0.51,,,,
2026-01-06 03:42:49.379000+00:00,2026-01-06 03:42:49.410242+00:00,769.379,0.495,0.49,0.5,0.505,0.5,0.51,,,,
2026-01-06 03:42:50.341000+00:00,2026-01-06 03:42:50.418453+00:00,770.341,0.495,0.49,0.5,0.505,0.5,0.51,,,,
2026-01-06 03:42:51.423000+00:00,2026-01-06 03:42:51.444136+00:00,771.423,0.5,0.49,0.51,0.495,0.49,0.5,,,,
2026-01-06 03:42:52.405000+00:00,2026-01-06 03:42:52.445347+00:00,772.405,0.505,0.5,0.51,0.495,0.49,0.5,,,,
2026-01-06 03:42:53.432000+00:00,2026-01-06 03:42:53.455961+00:00,773.432,0.525,0.52,0.53,0.475,0.47,0.48,,,,
2026-01-06 03:42:54.400000+00:00,2026-01-06 03:42:54.467815+00:00,774.4,0.525,0.52,0.53,0.475,0.47,0.48,,,,
2026-01-06 03:42:55.455000+00:00,2026-01-06 03:42:55.468412+00:00,775.455,0.515,0.51,0.52,0.485,0.48,0.49,,,,
2026-01-06 03:42:56.433000+00:00,2026-01-06 03:42:56.482151+00:00,776.433,0.515,0.51,0.52,0.485,0.48,0.49,,,,
2026-01-06 03:42:57.455000+00:00,2026-01-06 03:42:57.486475+00:00,777.455,0.515,0.51,0.52,0.485,0.48,0.49,,,,
2026-01-06 03:42:58.462000+00:00,2026-01-06 03:42:58.489194+00:00,778.462,0.505,0.5,0.51,0.495,0.49,0.5,,,,
2026-01-06 03:42:59.483000+00:00,2026-01-06 03:42:59.505632+00:00,779.483,0.505,0.5,0.51,0.495,0.49,0.5,,,,
2026-01-06 03:43:00.477000+00:00,2026-01-06 03:43:00.509215+00:00,780.477,0.505,0.5,0.51,0.495,0.49,0.5,,,,
2026-01-06 03:43:01.478000+00:00,2026-01-06 03:43:01.510039+00:00,781.478,0.505,0.5,0.51,0.505,0.5,0.51,,,,
2026-01-06 03:43:02.485000+00:00,2026-01-06 03:43:02.519352+00:00,782.485,0.345,0.33,0.36,0.685,0.68,0.69,,,,
2026-01-06 03:43:03.428000+00:00,2026-01-06 03:43:03.534875+00:00,783.428,0.275,0.27,0.28,0.715,0.7,0.73,,,,
2026-01-06 03:43:04.493000+00:00,2026-01-06 03:43:04.538188+00:00,784.493,0.26,0.24,0.28,0.755,0.75,0.76,,,,
2026-01-06 03:43:05.507000+00:00,2026-01-06 03:43:05.553434+00:00,785.507,0.245,0.24,0.25,0.765,0.75,0.78,,,,
2026-01-06 03:43:06.530000+00:00,2026-01-06 03:43:06.559868+00:00,786.53,0.285,0.28,0.29,0.715,0.71,0.72,,,,
2026-01-06 03:43:07.554000+00:00,2026-01-06 03:43:07.575586+00:00,787.554,0.265,0.25,0.28,0.735,0.72,0.75,,,,
2026-01-06 03:43:08.558000+00:00,2026-01-06 03:43:08.598301+00:00,788.558,0.245,0.23,0.26,0.755,0.74,0.77,,,,
2026-01-06 03:43:09.583000+00:00,2026-01-06 03:43:09.608754+00:00,789.583,0.245,0.24,0.25,0.755,0.75,0.76,,,,
2026-01-06 03:43:10.606000+00:00,2026-01-06 03:43:10.614496+00:00,790.606,0.265,0.26,0.27,0.735,0.73,0.74,,,,
2026-01-06 03:43:11.613000+00:00,2026-01-06 03:43:11.621310+00:00,791.613,0.3,0.29,0.31,0.705,0.69,0.72,,,,
2026-01-06 03:43:12.616000+00:00,2026-01-06 03:43:12.633796+00:00,792.616,0.285,0.28,0.29,0.715,0.71,0.72,,,,
2026-01-06 03:43:13.627000+00:00,2026-01-06 03:43:13.655227+00:00,793.627,0.3,0.29,0.31,0.7,0.69,0.71,,,,
2026-01-06 03:43:14.633000+00:00,2026-01-06 03:43:14.664464+00:00,794.633,0.3,0.29,0.31,0.705,0.7,0.71,,,,
2026-01-06 03:43:15.632000+00:00,2026-01-06 03:43:15.666240+00:00,795.632,0.315,0.31,0.32,0.685,0.68,0.69,,,,
2026-01-06 03:43:16.638000+00:00,2026-01-06 03:43:16.666832+00:00,796.638,0.315,0.31,0.32,0.685,0.68,0.69,,,,
2026-01-06 03:43:17.655000+00:00,2026-01-06 03:43:17.673022+00:00,797.655,0.315,0.31,0.32,0.685,0.68,0.69,,,,
2026-01-06 03:43:18.656000+00:00,2026-01-06 03:43:18.689776+00:00,798.656,0.315,0.31,0.32,0.685,0.68,0.69,,,,
2026-01-06 03:43:19.651000+00:00,2026-01-06 03:43:19.691739+00:00,799.651,0.315,0.31,0.32,0.685,0.68,0.69,,,,
2026-01-06 03:43:20.664000+00:00,2026-01-06 03:43:20.686903+00:00,800.664,0.3349999999999999,0.32,0.35,0.665,0.66,0.67,,,,
2026-01-06 03:43:21.668000+00:00,2026-01-06 03:43:21.681609+00:00,801.668,0.325,0.32,0.33,0.675,0.67,0.68,,,,
2026-01-06 03:43:22.650000+00:00,2026-01-06 03:43:22.683978+00:00,802.65,0.335,0.33,0.34,0.665,0.66,0.67,,,,
2026-01-06 03:43:23.620000+00:00,2026-01-06 03:43:23.686783+00:00,803.62,0.335,0.33,0.34,0.67,0.66,0.68,,,,
2026-01-06 03:43:24.673000+00:00,2026-01-06 03:43:24.699055+00:00,804.673,0.33,0.32,0.34,0.665,0.66,0.67,,,,
2026-01-06 03:43:25.682000+00:00,2026-01-06 03:43:25.717105+00:00,805.682,0.33,0.32,0.34,0.665,0.66,0.67,,,,
2026-01-06 03:43:26.687000+00:00,2026-01-06 03:43:26.735822+00:00,806.687,0.435,0.42,0.45,0.575,0.57,0.58,,,,
2026-01-06 03:43:27.714000+00:00,2026-01-06 03:43:27.747781+00:00,807.714,0.385,0.38,0.39,0.615,0.61,0.62,,,,
2026-01-06 03:43:28.724000+00:00,2026-01-06 03:43:28.748405+00:00,808.724,0.405,0.4,0.41,0.6,0.59,0.61,,,,
2026-01-06 03:43:29.712000+00:00,2026-01-06 03:43:29.745937+00:00,809.712,0.385,0.38,0.39,0.615,0.61,0.62,,,,
2026-01-06 03:43:30.755000+00:00,2026-01-06 03:43:30.754392+00:00,810.755,0.39,0.38,0.4,0.61,0.6,0.62,,,,
2026-01-06 03:43:31.731000+00:00,2026-01-06 03:43:31.753547+00:00,811.731,0.405,0.4,0.41,0.595,0.59,0.6,,,,
2026-01-06 03:43:32.728000+00:00,2026-01-06 03:43:32.752548+00:00,812.728,0.41,0.4,0.42,0.59,0.58,0.6,,,,
2026-01-06 03:43:33.725000+00:00,2026-01-06 03:43:33.750155+00:00,813.725,0.4,0.39,0.41,0.6,0.59,0.61,,,,
2026-01-06 03:43:34.730000+00:00,2026-01-06 03:43:34.763626+00:00,814.73,0.405,0.39,0.42,0.6,0.59,0.61,,,,
2026-01-06 03:43:35.731000+00:00,2026-01-06 03:43:35.774337+00:00,815.731,0.405,0.4,0.41,0.595,0.59,0.6,,,,
2026-01-06 03:43:36.761000+00:00,2026-01-06 03:43:36.783142+00:00,816.761,0.385,0.38,0.39,0.615,0.61,0.62,,,,
2026-01-06 03:43:37.775000+00:00,2026-01-06 03:43:37.792506+00:00,817.775,0.295,0.28,0.31,0.695,0.69,0.7,,,,
2026-01-06 03:43:38.767000+00:00,2026-01-06 03:43:38.802646+00:00,818.767,0.315,0.31,0.32,0.685,0.68,0.69,,,,
2026-01-06 03:43:39.796000+00:00,2026-01-06 03:43:39.816150+00:00,819.796,0.305,0.3,0.31,0.695,0.69,0.7,,,,
2026-01-06 03:43:40.761000+00:00,2026-01-06 03:43:40.816058+00:00,820.761,0.29,0.28,0.3,0.71,0.7,0.72,,,,
2026-01-06 03:43:41.813000+00:00,2026-01-06 03:43:41.832927+00:00,821.813,0.275,0.26,0.29,0.72,0.71,0.73,,,,
2026-01-06 03:43:42.802000+00:00,2026-01-06 03:43:42.843553+00:00,822.802,0.28,0.27,0.29,0.72,0.71,0.73,,,,
2026-01-06 03:43:43.825000+00:00,2026-01-06 03:43:43.848919+00:00,823.825,0.295,0.29,0.3,0.7,0.69,0.71,,,,
2026-01-06 03:43:44.835000+00:00,2026-01-06 03:43:44.858429+00:00,824.835,0.355,0.35,0.36,0.645,0.64,0.65,,,,
2026-01-06 03:43:45.826000+00:00,2026-01-06 03:43:45.867623+00:00,825.826,0.345,0.34,0.35,0.65,0.64,0.66,,,,
2026-01-06 03:43:46.807000+00:00,2026-01-06 03:43:46.870256+00:00,826.807,0.345,0.34,0.35,0.655,0.65,0.66,,,,
2026-01-06 03:43:47.864000+00:00,2026-01-06 03:43:47.882978+00:00,827.864,0.285,0.28,0.29,0.715,0.71,0.72,,,,
2026-01-06 03:43:48.860000+00:00,2026-01-06 03:43:48.885816+00:00,828.86,0.305,0.3,0.31,0.695,0.69,0.7,,,,
2026-01-06 03:43:49.930000+00:00,2026-01-06 03:43:49.952125+00:00,829.93,0.32,0.31,0.33,0.685,0.68,0.69,,,,
2026-01-06 03:43:50.904000+00:00,2026-01-06 03:43:50.957161+00:00,830.904,0.305,0.3,0.31,0.715,0.71,0.72,,,,
2026-01-06 03:43:51.945000+00:00,2026-01-06 03:43:51.972891+00:00,831.945,0.285,0.28,0.29,0.715,0.71,0.72,,,,
2026-01-06 03:43:52.947000+00:00,2026-01-06 03:43:52.983669+00:00,832.947,0.285,0.28,0.29,0.715,0.71,0.72,,,,
2026-01-06 03:43:53.959000+00:00,2026-01-06 03:43:53.982392+00:00,833.959,0.275,0.27,0.28,0.715,0.71,0.72,,,,
2026-01-06 03:43:54.952000+00:00,2026-01-06 03:43:54.984965+00:00,834.952,0.275,0.27,0.28,0.725,0.72,0.73,,,,
2026-01-06 03:43:55.941000+00:00,2026-01-06 03:43:55.982572+00:00,835.941,0.275,0.27,0.28,0.725,0.72,0.73,,,,
2026-01-06 03:43:56.947000+00:00,2026-01-06 03:43:56.999223+00:00,836.947,0.275,0.27,0.28,0.73,0.72,0.74,,,,
2026-01-06 03:43:57.973000+00:00,2026-01-06 03:43:58.011213+00:00,837.973,0.27,0.26,0.28,0.73,0.72,0.74,,,,
2026-01-06 03:43:58.996000+00:00,2026-01-06 03:43:59.019454+00:00,838.996,0.27,0.26,0.28,0.745,0.74,0.75,,,,
2026-01-06 03:44:00.999000+00:00,2026-01-06 03:44:01.027556+00:00,840.999,0.245,0.23,0.26,0.74,0.73,0.75,,,,
2026-01-06 03:44:02+00:00,2026-01-06 03:44:02.031058+00:00,842.0,0.235,0.23,0.24,0.76,0.75,0.77,,,,
2026-01-06 03:44:03.020000+00:00,2026-01-06 03:44:03.047845+00:00,843.02,0.235,0.23,0.24,0.76,0.75,0.77,,,,
2026-01-06 03:44:04.011000+00:00,2026-01-06 03:44:04.047191+00:00,844.011,0.2299999999999999,0.22,0.24,0.775,0.77,0.78,,,,
2026-01-06 03:44:05.040000+00:00,2026-01-06 03:44:05.064185+00:00,845.04,0.235,0.23,0.24,0.765,0.76,0.77,,,,
2026-01-06 03:44:06.122000+00:00,2026-01-06 03:44:06.153284+00:00,846.122,0.245,0.24,0.25,0.775,0.77,0.78,,,,
2026-01-06 03:44:07.110000+00:00,2026-01-06 03:44:07.154446+00:00,847.11,0.225,0.22,0.23,0.775,0.77,0.78,,,,
2026-01-06 03:44:08.138000+00:00,2026-01-06 03:44:08.166591+00:00,848.138,0.225,0.22,0.23,0.775,0.77,0.78,,,,
2026-01-06 03:44:09.154000+00:00,2026-01-06 03:44:09.180446+00:00,849.154,0.2249999999999999,0.21,0.24,0.775,0.76,0.79,,,,
2026-01-06 03:44:10.163000+00:00,2026-01-06 03:44:10.182435+00:00,850.163,0.205,0.2,0.21,0.795,0.79,0.8,,,,
2026-01-06 03:44:11.154000+00:00,2026-01-06 03:44:11.181935+00:00,851.154,0.205,0.2,0.21,0.795,0.79,0.8,,,,
2026-01-06 03:44:12.173000+00:00,2026-01-06 03:44:12.199954+00:00,852.173,0.205,0.2,0.21,0.795,0.79,0.8,,,,
2026-01-06 03:44:13.168000+00:00,2026-01-06 03:44:13.208841+00:00,853.168,0.21,0.2,0.22,0.795,0.79,0.8,,,,
2026-01-06 03:44:14.980000+00:00,2026-01-06 03:44:15.195814+00:00,854.98,0.2,0.19,0.21,0.8,0.79,0.81,,,,
2026-01-06 03:44:16.169000+00:00,2026-01-06 03:44:16.197811+00:00,856.169,0.205,0.2,0.21,0.795,0.79,0.8,,,,
2026-01-06 03:44:17.169000+00:00,2026-01-06 03:44:17.196840+00:00,857.169,0.21,0.2,0.22,0.785,0.78,0.79,,,,
2026-01-06 03:44:18.153000+00:00,2026-01-06 03:44:18.197631+00:00,858.153,0.195,0.18,0.21,0.805,0.8,0.81,,,,
2026-01-06 03:44:19.140000+00:00,2026-01-06 03:44:19.198077+00:00,859.14,0.19,0.18,0.2,0.8049999999999999,0.78,0.83,,,,
2026-01-06 03:44:20.185000+00:00,2026-01-06 03:44:20.213043+00:00,860.185,0.185,0.17,0.2,0.81,0.79,0.83,,,,
2026-01-06 03:44:21.191000+00:00,2026-01-06 03:44:21.216507+00:00,861.191,0.175,0.17,0.18,0.825,0.82,0.83,,,,
2026-01-06 03:44:22.192000+00:00,2026-01-06 03:44:22.229836+00:00,862.192,0.195,0.19,0.2,0.81,0.8,0.82,,,,
2026-01-06 03:44:23.167000+00:00,2026-01-06 03:44:23.228722+00:00,863.167,0.1699999999999999,0.16,0.18,0.83,0.82,0.84,,,,
2026-01-06 03:44:24.207000+00:00,2026-01-06 03:44:24.243565+00:00,864.207,0.175,0.16,0.19,0.825,0.81,0.84,,,,
2026-01-06 03:44:25.241000+00:00,2026-01-06 03:44:25.264851+00:00,865.241,0.175,0.16,0.19,0.825,0.81,0.84,,,,
2026-01-06 03:44:26.238000+00:00,2026-01-06 03:44:26.260863+00:00,866.238,0.145,0.14,0.15,0.85,0.84,0.86,,,,
2026-01-06 03:44:27.194000+00:00,2026-01-06 03:44:27.264200+00:00,867.194,0.13,0.12,0.14,0.87,0.86,0.88,,,,
2026-01-06 03:44:28.227000+00:00,2026-01-06 03:44:28.260881+00:00,868.227,0.1149999999999999,0.11,0.12,0.895,0.89,0.9,,,,
2026-01-06 03:44:29.229000+00:00,2026-01-06 03:44:29.264635+00:00,869.229,0.11,0.1,0.12,0.89,0.88,0.9,,,,
2026-01-06 03:44:30.259000+00:00,2026-01-06 03:44:30.285014+00:00,870.259,0.105,0.1,0.11,0.895,0.89,0.9,,,,
2026-01-06 03:44:31.259000+00:00,2026-01-06 03:44:31.286616+00:00,871.259,0.105,0.1,0.11,0.895,0.89,0.9,,,,
2026-01-06 03:44:32.232000+00:00,2026-01-06 03:44:32.296830+00:00,872.232,0.105,0.1,0.11,0.895,0.89,0.9,,,,
2026-01-06 03:44:33.276000+00:00,2026-01-06 03:44:33.297849+00:00,873.276,0.065,0.06,0.07,0.935,0.93,0.94,,,,
2026-01-06 03:44:34.288000+00:00,2026-01-06 03:44:34.318753+00:00,874.288,0.07,0.05,0.09,0.93,0.92,0.94,,,,
2026-01-06 03:44:35.300000+00:00,2026-01-06 03:44:35.332795+00:00,875.3,0.025,0.02,0.03,0.975,0.97,0.98,,,,
2026-01-06 03:44:36.325000+00:00,2026-01-06 03:44:36.340975+00:00,876.325,0.035,0.03,0.04,0.94,0.91,0.97,,,,
2026-01-06 03:44:37.292000+00:00,2026-01-06 03:44:37.340491+00:00,877.292,0.065,0.04,0.09,0.935,0.91,0.96,,,,
2026-01-06 03:44:38.343000+00:00,2026-01-06 03:44:38.356741+00:00,878.343,0.075,0.07,0.08,0.905,0.9,0.91,,,,
2026-01-06 03:44:39.323000+00:00,2026-01-06 03:44:39.358145+00:00,879.323,0.06,0.04,0.08,0.935,0.91,0.96,,,,
2026-01-06 03:44:40.346000+00:00,2026-01-06 03:44:40.365853+00:00,880.346,0.065,0.04,0.09,0.945,0.92,0.97,,,,
2026-01-06 03:44:41.444000+00:00,2026-01-06 03:44:41.371932+00:00,881.444,0.05,0.03,0.07,0.95,0.93,0.97,,,,
2026-01-06 03:44:42.307000+00:00,2026-01-06 03:44:42.380744+00:00,882.307,0.025,0.02,0.03,0.965,0.95,0.98,,,,
2026-01-06 03:44:43.348000+00:00,2026-01-06 03:44:43.380938+00:00,883.348,0.03,0.02,0.04,0.97,0.96,0.98,,,,
2026-01-06 03:44:44.364000+00:00,2026-01-06 03:44:44.397399+00:00,884.364,0.035,0.02,0.05,0.965,0.95,0.98,,,,
2026-01-06 03:44:45.348000+00:00,2026-01-06 03:44:45.413272+00:00,885.348,0.025,0.02,0.03,0.975,0.97,0.98,,,,
2026-01-06 03:44:46.387000+00:00,2026-01-06 03:44:46.413742+00:00,886.387,0.02,0.01,0.03,0.98,0.97,0.99,,,,
2026-01-06 03:44:47.409000+00:00,2026-01-06 03:44:47.432662+00:00,887.409,0.025,0.01,0.04,0.965,0.95,0.98,,,,
2026-01-06 03:44:48.382000+00:00,2026-01-06 03:44:48.432318+00:00,888.382,0.015,0.01,0.02,0.985,0.98,0.99,,,,
2026-01-06 03:44:49.403000+00:00,2026-01-06 03:44:49.446582+00:00,889.403,0.015,0.01,0.02,0.985,0.98,0.99,,,,
2026-01-06 03:44:50.419000+00:00,2026-01-06 03:44:50.446296+00:00,890.419,0.01,,0.01,0.99,0.99,,,,,
2026-01-06 03:44:51.446000+00:00,2026-01-06 03:44:51.463703+00:00,891.446,0.01,,0.01,0.99,0.99,,,,,
2026-01-06 03:44:52.439000+00:00,2026-01-06 03:44:52.461705+00:00,892.439,0.01,,0.01,0.99,0.99,,,,,
2026-01-06 03:44:53.438000+00:00,2026-01-06 03:44:53.470087+00:00,893.438,0.01,,0.01,0.99,0.99,,,,,
2026-01-06 03:44:54.408000+00:00,2026-01-06 03:44:54.463918+00:00,894.408,0.01,,0.01,0.99,0.99,,,,,
2026-01-06 03:44:55.421000+00:00,2026-01-06 03:44:55.468886+00:00,895.421,0.01,,0.01,0.99,0.99,,,,,
2026-01-06 03:44:56.457000+00:00,2026-01-06 03:44:56.463289+00:00,896.457,0.01,,0.01,0.99,0.99,,,,,
2026-01-06 03:44:57.438000+00:00,2026-01-06 03:44:57.462604+00:00,897.438,0.01,,0.01,0.99,0.99,,,,,
2026-01-06 03:44:58.436000+00:00,2026-01-06 03:44:58.479469+00:00,898.436,0.01,,0.01,0.99,0.99,,,,,
2026-01-06 03:44:59.420000+00:00,2026-01-06 03:44:59.492190+00:00,899.42,0.01,,0.01,0.99,0.99,,,,,
