timestamp,collected_at,seconds,mid,bid,ask,asset
2026-01-06 17:15:00+00:00,,0.0,ETH,3244.012,3243.93,17:15:00
2026-01-06 17:15:01+00:00,,1.0,ETH,3244.052,3244.0,17:15:01
2026-01-06 17:15:02+00:00,,2.0,ETH,3244.172,3244.01,17:15:02
2026-01-06 17:15:03+00:00,,3.0,ETH,3244.282,3244.11,17:15:03
2026-01-06 17:15:04+00:00,,4.0,ETH,3243.962,3243.9,17:15:04
2026-01-06 17:15:05+00:00,,5.0,ETH,3243.982,3243.9,17:15:05
2026-01-06 17:15:06+00:00,,6.0,ETH,3244.292,3244.12,17:15:06
2026-01-06 17:15:07+00:00,,7.0,ETH,3244.312,3244.28,17:15:07
2026-01-06 17:15:08+00:00,,8.0,ETH,3244.112,3243.94,17:15:08
2026-01-06 17:15:09+00:00,,9.0,ETH,3244.152,3244.04,17:15:09
2026-01-06 17:15:10+00:00,,10.0,ETH,3244.312,3244.11,17:15:10
2026-01-06 17:15:11+00:00,,11.0,ETH,3243.902,3243.89,17:15:11
2026-01-06 17:15:12+00:00,,12.0,ETH,3243.792,3243.74,17:15:12
2026-01-06 17:15:13+00:00,,13.0,ETH,3244.122,3244.07,17:15:13
2026-01-06 17:15:14+00:00,,14.0,ETH,3244.442,3244.39,17:15:14
2026-01-06 17:15:15+00:00,,15.0,ETH,3244.772,3244.72,17:15:15
2026-01-06 17:15:16+00:00,,16.0,ETH,3245.102,3244.96,17:15:16
2026-01-06 17:15:17+00:00,,17.0,ETH,3245.092,3244.98,17:15:17
2026-01-06 17:15:18+00:00,,18.0,ETH,3245.262,3245.01,17:15:18
2026-01-06 17:15:19+00:00,,19.0,ETH,3245.222,3245.01,17:15:19
2026-01-06 17:15:20+00:00,,20.0,ETH,3245.682,3245.55,17:15:20
2026-01-06 17:15:21+00:00,,21.0,ETH,3245.502,3245.39,17:15:21
2026-01-06 17:15:22+00:00,,22.0,ETH,3245.392,3245.27,17:15:22
2026-01-06 17:15:23+00:00,,23.0,ETH,3245.452,3245.35,17:15:23
2026-01-06 17:15:24+00:00,,24.0,ETH,3245.302,3245.26,17:15:24
2026-01-06 17:15:25+00:00,,25.0,ETH,3245.302,3245.25,17:15:25
2026-01-06 17:15:26+00:00,,26.0,ETH,3245.302,3245.25,17:15:26
2026-01-06 17:15:27+00:00,,27.0,ETH,3245.072,3245.05,17:15:27
2026-01-06 17:15:28+00:00,,28.0,ETH,3245.222,3245.18,17:15:28
2026-01-06 17:15:29+00:00,,29.0,ETH,3245.232,3245.19,17:15:29
2026-01-06 17:15:30+00:00,,30.0,ETH,3245.122,3245.08,17:15:30
2026-01-06 17:15:31+00:00,,31.0,ETH,3245.052,3244.95,17:15:31
2026-01-06 17:15:32+00:00,,32.0,ETH,3244.952,3244.81,17:15:32
2026-01-06 17:15:33+00:00,,33.0,ETH,3244.842,3244.81,17:15:33
2026-01-06 17:15:34+00:00,,34.0,ETH,3245.082,3245.07,17:15:34
2026-01-06 17:15:35+00:00,,35.0,ETH,3245.122,3245.07,17:15:35
2026-01-06 17:15:36+00:00,,36.0,ETH,3245.152,3245.07,17:15:36
2026-01-06 17:15:37+00:00,,37.0,ETH,3245.192,3245.08,17:15:37
2026-01-06 17:15:38+00:00,,38.0,ETH,3245.242,3245.13,17:15:38
2026-01-06 17:15:39+00:00,,39.0,ETH,3245.242,3245.22,17:15:39
2026-01-06 17:15:40+00:00,,40.0,ETH,3245.242,3245.22,17:15:40
2026-01-06 17:15:41+00:00,,41.0,ETH,3245.242,3245.22,17:15:41
2026-01-06 17:15:42+00:00,,42.0,ETH,3245.242,3245.2,17:15:42
2026-01-06 17:15:43+00:00,,43.0,ETH,3245.242,3245.19,17:15:43
2026-01-06 17:15:00+00:00,,0.0,ETH,3244.012,3243.93,17:15:00
2026-01-06 17:15:44+00:00,,44.0,ETH,3245.242,3245.2,17:15:44
2026-01-06 17:15:01+00:00,,1.0,ETH,3244.052,3244.0,17:15:01
2026-01-06 17:15:45+00:00,,45.0,ETH,3245.332,3245.19,17:15:45
2026-01-06 17:15:02+00:00,,2.0,ETH,3244.172,3244.01,17:15:02
2026-01-06 17:15:46+00:00,,46.0,ETH,3245.362,3245.25,17:15:46
2026-01-06 17:15:03+00:00,,3.0,ETH,3244.122,3244.0,17:15:03
2026-01-06 17:15:47+00:00,,47.0,ETH,3245.362,3245.26,17:15:47
2026-01-06 17:15:04+00:00,,4.0,ETH,3243.972,3243.9,17:15:04
2026-01-06 17:15:48+00:00,,48.0,ETH,3245.362,3245.27,17:15:48
2026-01-06 17:15:05+00:00,,5.0,ETH,3244.142,3244.01,17:15:05
2026-01-06 17:15:49+00:00,,49.0,ETH,3245.342,3245.25,17:15:49
2026-01-06 17:15:06+00:00,,6.0,ETH,3244.302,3244.2,17:15:06
2026-01-06 17:15:50+00:00,,50.0,ETH,3245.302,3245.23,17:15:50
2026-01-06 17:15:07+00:00,,7.0,ETH,3244.212,3244.11,17:15:07
2026-01-06 17:15:51+00:00,,51.0,ETH,3245.252,3245.23,17:15:51
2026-01-06 17:15:08+00:00,,8.0,ETH,3244.132,3243.99,17:15:08
2026-01-06 17:15:52+00:00,,52.0,ETH,3245.242,3245.23,17:15:52
2026-01-06 17:15:09+00:00,,9.0,ETH,3244.232,3244.08,17:15:09
2026-01-06 17:15:53+00:00,,53.0,ETH,3245.232,3245.22,17:15:53
2026-01-06 17:15:10+00:00,,10.0,ETH,3244.102,3244.0,17:15:10
2026-01-06 17:15:54+00:00,,54.0,ETH,3245.232,3245.2,17:15:54
2026-01-06 17:15:11+00:00,,11.0,ETH,3243.842,3243.82,17:15:11
2026-01-06 17:15:55+00:00,,55.0,ETH,3245.092,3244.85,17:15:55
2026-01-06 17:15:12+00:00,,12.0,ETH,3243.952,3243.9,17:15:12
2026-01-06 17:15:56+00:00,,56.0,ETH,3244.772,3244.54,17:15:56
2026-01-06 17:15:14+00:00,,14.0,ETH,3244.442,3244.39,17:15:14
2026-01-06 17:15:57+00:00,,57.0,ETH,3244.482,3244.44,17:15:57
2026-01-06 17:15:15+00:00,,15.0,ETH,3244.772,3244.72,17:15:15
2026-01-06 17:15:58+00:00,,58.0,ETH,3244.402,3244.27,17:15:58
2026-01-06 17:15:16+00:00,,16.0,ETH,3245.102,3244.96,17:15:16
2026-01-06 17:15:59+00:00,,59.0,ETH,3244.222,3244.09,17:15:59
2026-01-06 17:15:17+00:00,,17.0,ETH,3245.092,3244.98,17:15:17
2026-01-06 17:16:00+00:00,,60.0,ETH,3244.002,3243.96,17:16:00
2026-01-06 17:15:18+00:00,,18.0,ETH,3245.262,3245.01,17:15:18
2026-01-06 17:16:01+00:00,,61.0,ETH,3244.072,3244.03,17:16:01
2026-01-06 17:15:19+00:00,,19.0,ETH,3245.222,3245.01,17:15:19
2026-01-06 17:16:02+00:00,,62.0,ETH,3244.142,3244.09,17:16:02
2026-01-06 17:15:20+00:00,,20.0,ETH,3245.682,3245.55,17:15:20
2026-01-06 17:16:03+00:00,,63.0,ETH,3243.982,3243.77,17:16:03
2026-01-06 17:15:21+00:00,,21.0,ETH,3245.502,3245.39,17:15:21
2026-01-06 17:16:04+00:00,,64.0,ETH,3243.762,3243.52,17:16:04
2026-01-06 17:15:22+00:00,,22.0,ETH,3245.392,3245.27,17:15:22
2026-01-06 17:16:05+00:00,,65.0,ETH,3243.692,3243.6,17:16:05
2026-01-06 17:15:23+00:00,,23.0,ETH,3245.452,3245.35,17:15:23
2026-01-06 17:16:06+00:00,,66.0,ETH,3243.632,3243.56,17:16:06
2026-01-06 17:15:24+00:00,,24.0,ETH,3245.302,3245.26,17:15:24
2026-01-06 17:16:07+00:00,,67.0,ETH,3243.442,3243.38,17:16:07
2026-01-06 17:15:25+00:00,,25.0,ETH,3245.302,3245.25,17:15:25
2026-01-06 17:16:08+00:00,,68.0,ETH,3243.172,3243.13,17:16:08
2026-01-06 17:15:26+00:00,,26.0,ETH,3245.302,3245.25,17:15:26
2026-01-06 17:16:09+00:00,,69.0,ETH,3243.022,3242.89,17:16:09
2026-01-06 17:15:27+00:00,,27.0,ETH,3245.072,3245.05,17:15:27
2026-01-06 17:16:10+00:00,,70.0,ETH,3242.972,3242.82,17:16:10
2026-01-06 17:16:11+00:00,,71.0,ETH,3243.032,3242.95,17:16:11
2026-01-06 17:15:28+00:00,,28.0,ETH,3245.232,3245.19,17:15:28
2026-01-06 17:16:12+00:00,,72.0,ETH,3243.162,3243.1,17:16:12
2026-01-06 17:15:29+00:00,,29.0,ETH,3245.182,3245.13,17:15:29
2026-01-06 17:16:14+00:00,,74.0,ETH,3243.812,3243.61,17:16:14
2026-01-06 17:15:30+00:00,,30.0,ETH,3245.092,3245.01,17:15:30
2026-01-06 17:16:15+00:00,,75.0,ETH,3243.952,3243.88,17:16:15
2026-01-06 17:15:31+00:00,,31.0,ETH,3245.002,3244.88,17:15:31
2026-01-06 17:16:16+00:00,,76.0,ETH,3244.042,3243.84,17:16:16
2026-01-06 17:15:32+00:00,,32.0,ETH,3244.902,3244.81,17:15:32
2026-01-06 17:16:17+00:00,,77.0,ETH,3244.112,3244.06,17:16:17
2026-01-06 17:15:33+00:00,,33.0,ETH,3244.962,3244.94,17:15:33
2026-01-06 17:16:18+00:00,,78.0,ETH,3244.052,3244.03,17:16:18
2026-01-06 17:15:34+00:00,,34.0,ETH,3245.102,3245.07,17:15:34
2026-01-06 17:16:19+00:00,,79.0,ETH,3244.122,3244.08,17:16:19
2026-01-06 17:15:35+00:00,,35.0,ETH,3245.142,3245.07,17:15:35
2026-01-06 17:16:20+00:00,,80.0,ETH,3244.222,3244.09,17:16:20
2026-01-06 17:15:36+00:00,,36.0,ETH,3245.172,3245.08,17:15:36
2026-01-06 17:16:21+00:00,,81.0,ETH,3244.092,3244.05,17:16:21
2026-01-06 17:15:37+00:00,,37.0,ETH,3245.212,3245.1,17:15:37
2026-01-06 17:16:22+00:00,,82.0,ETH,3244.042,3244.03,17:16:22
2026-01-06 17:15:38+00:00,,38.0,ETH,3245.242,3245.17,17:15:38
2026-01-06 17:16:23+00:00,,83.0,ETH,3244.032,3244.03,17:16:23
2026-01-06 17:15:39+00:00,,39.0,ETH,3245.242,3245.22,17:15:39
2026-01-06 17:16:24+00:00,,84.0,ETH,3244.042,3244.03,17:16:24
2026-01-06 17:15:40+00:00,,40.0,ETH,3245.242,3245.22,17:15:40
2026-01-06 17:16:25+00:00,,85.0,ETH,3244.072,3244.04,17:16:25
2026-01-06 17:15:41+00:00,,41.0,ETH,3245.242,3245.21,17:15:41
2026-01-06 17:16:26+00:00,,86.0,ETH,3244.042,3244.04,17:16:26
2026-01-06 17:15:42+00:00,,42.0,ETH,3245.242,3245.2,17:15:42
2026-01-06 17:16:27+00:00,,87.0,ETH,3244.042,3244.03,17:16:27
2026-01-06 17:15:43+00:00,,43.0,ETH,3245.242,3245.2,17:15:43
2026-01-06 17:16:28+00:00,,88.0,ETH,3244.042,3243.99,17:16:28
2026-01-06 17:15:44+00:00,,44.0,ETH,3245.282,3245.2,17:15:44
2026-01-06 17:16:29+00:00,,89.0,ETH,3244.062,3243.94,17:16:29
2026-01-06 17:15:45+00:00,,45.0,ETH,3245.342,3245.22,17:15:45
2026-01-06 17:16:30+00:00,,90.0,ETH,3244.502,3244.44,17:16:30
2026-01-06 17:15:46+00:00,,46.0,ETH,3245.362,3245.25,17:15:46
2026-01-06 17:16:31+00:00,,91.0,ETH,3245.112,3244.87,17:16:31
2026-01-06 17:15:47+00:00,,47.0,ETH,3245.362,3245.26,17:15:47
2026-01-06 17:16:32+00:00,,92.0,ETH,3245.162,3245.05,17:16:32
2026-01-06 17:15:48+00:00,,48.0,ETH,3245.362,3245.27,17:15:48
2026-01-06 17:16:33+00:00,,93.0,ETH,3245.162,3245.01,17:16:33
2026-01-06 17:15:49+00:00,,49.0,ETH,3245.342,3245.25,17:15:49
2026-01-06 17:16:34+00:00,,94.0,ETH,3244.842,3244.84,17:16:34
2026-01-06 17:15:50+00:00,,50.0,ETH,3245.302,3245.23,17:15:50
2026-01-06 17:15:51+00:00,,51.0,ETH,3245.272,3245.23,17:15:51
2026-01-06 17:16:35+00:00,,95.0,ETH,3244.672,3244.62,17:16:35
2026-01-06 17:15:52+00:00,,52.0,ETH,3245.242,3245.23,17:15:52
2026-01-06 17:16:36+00:00,,96.0,ETH,3244.512,3244.47,17:16:36
2026-01-06 17:15:53+00:00,,53.0,ETH,3245.232,3245.23,17:15:53
2026-01-06 17:16:37+00:00,,97.0,ETH,3244.352,3244.3,17:16:37
2026-01-06 17:15:54+00:00,,54.0,ETH,3245.232,3245.22,17:15:54
2026-01-06 17:16:38+00:00,,98.0,ETH,3244.282,3244.25,17:16:38
2026-01-06 17:15:55+00:00,,55.0,ETH,3245.232,3245.19,17:15:55
2026-01-06 17:16:39+00:00,,99.0,ETH,3244.252,3244.22,17:16:39
2026-01-06 17:15:56+00:00,,56.0,ETH,3244.942,3244.5,17:15:56
2026-01-06 17:16:40+00:00,,100.0,ETH,3244.112,3244.07,17:16:40
2026-01-06 17:15:57+00:00,,57.0,ETH,3244.482,3244.44,17:15:57
2026-01-06 17:16:41+00:00,,101.0,ETH,3243.742,3243.7,17:16:41
2026-01-06 17:15:58+00:00,,58.0,ETH,3244.402,3244.27,17:15:58
2026-01-06 17:16:42+00:00,,102.0,ETH,3243.602,3243.44,17:16:42
2026-01-06 17:15:59+00:00,,59.0,ETH,3244.222,3244.09,17:15:59
2026-01-06 17:16:43+00:00,,103.0,ETH,3243.492,3243.33,17:16:43
2026-01-06 17:16:00+00:00,,60.0,ETH,3244.002,3243.96,17:16:00
2026-01-06 17:16:44+00:00,,104.0,ETH,3243.192,3243.09,17:16:44
2026-01-06 17:16:01+00:00,,61.0,ETH,3244.072,3244.03,17:16:01
2026-01-06 17:16:45+00:00,,105.0,ETH,3242.922,3242.72,17:16:45
2026-01-06 17:16:02+00:00,,62.0,ETH,3244.142,3244.09,17:16:02
2026-01-06 17:16:46+00:00,,106.0,ETH,3242.452,3242.29,17:16:46
2026-01-06 17:16:03+00:00,,63.0,ETH,3243.982,3243.77,17:16:03
2026-01-06 17:16:47+00:00,,107.0,ETH,3242.172,3242.12,17:16:47
2026-01-06 17:16:04+00:00,,64.0,ETH,3243.762,3243.52,17:16:04
2026-01-06 17:16:48+00:00,,108.0,ETH,3242.212,3242.16,17:16:48
2026-01-06 17:16:05+00:00,,65.0,ETH,3243.692,3243.6,17:16:05
2026-01-06 17:16:49+00:00,,109.0,ETH,3242.262,3242.21,17:16:49
2026-01-06 17:16:06+00:00,,66.0,ETH,3243.632,3243.56,17:16:06
2026-01-06 17:16:50+00:00,,110.0,ETH,3242.292,3242.25,17:16:50
2026-01-06 17:16:07+00:00,,67.0,ETH,3243.442,3243.38,17:16:07
2026-01-06 17:16:51+00:00,,111.0,ETH,3242.292,3242.25,17:16:51
2026-01-06 17:16:09+00:00,,69.0,ETH,3243.062,3243.02,17:16:09
2026-01-06 17:16:52+00:00,,112.0,ETH,3242.192,3242.17,17:16:52
2026-01-06 17:16:10+00:00,,70.0,ETH,3242.982,3242.75,17:16:10
2026-01-06 17:16:54+00:00,,114.0,ETH,3242.232,3242.14,17:16:54
2026-01-06 17:16:11+00:00,,71.0,ETH,3242.962,3242.88,17:16:11
2026-01-06 17:16:55+00:00,,115.0,ETH,3241.902,3241.87,17:16:55
2026-01-06 17:16:12+00:00,,72.0,ETH,3243.102,3243.02,17:16:12
2026-01-06 17:16:56+00:00,,116.0,ETH,3242.122,3242.09,17:16:56
2026-01-06 17:16:13+00:00,,73.0,ETH,3243.232,3243.17,17:16:13
2026-01-06 17:16:57+00:00,,117.0,ETH,3242.692,3242.6,17:16:57
2026-01-06 17:16:14+00:00,,74.0,ETH,3243.812,3243.61,17:16:14
2026-01-06 17:16:58+00:00,,118.0,ETH,3242.662,3242.54,17:16:58
2026-01-06 17:16:15+00:00,,75.0,ETH,3243.992,3243.86,17:16:15
2026-01-06 17:16:59+00:00,,119.0,ETH,3242.572,3242.48,17:16:59
2026-01-06 17:16:16+00:00,,76.0,ETH,3244.072,3243.95,17:16:16
2026-01-06 17:17:00+00:00,,120.0,ETH,3242.552,3242.5,17:17:00
2026-01-06 17:16:17+00:00,,77.0,ETH,3244.082,3244.05,17:16:17
2026-01-06 17:17:01+00:00,,121.0,ETH,3242.472,3242.45,17:17:01
2026-01-06 17:16:18+00:00,,78.0,ETH,3244.082,3244.06,17:16:18
2026-01-06 17:17:02+00:00,,122.0,ETH,3242.592,3242.53,17:17:02
2026-01-06 17:16:19+00:00,,79.0,ETH,3244.172,3244.09,17:16:19
2026-01-06 17:17:03+00:00,,123.0,ETH,3242.812,3242.71,17:17:03
2026-01-06 17:16:20+00:00,,80.0,ETH,3244.162,3244.07,17:16:20
2026-01-06 17:17:04+00:00,,124.0,ETH,3242.912,3242.75,17:17:04
2026-01-06 17:16:21+00:00,,81.0,ETH,3244.062,3244.04,17:16:21
2026-01-06 17:17:05+00:00,,125.0,ETH,3242.912,3242.71,17:17:05
2026-01-06 17:16:22+00:00,,82.0,ETH,3244.032,3244.03,17:16:22
2026-01-06 17:17:07+00:00,,127.0,ETH,3242.712,3242.68,17:17:07
2026-01-06 17:16:23+00:00,,83.0,ETH,3244.042,3244.03,17:16:23
2026-01-06 17:17:08+00:00,,128.0,ETH,3242.412,3242.29,17:17:08
2026-01-06 17:16:24+00:00,,84.0,ETH,3244.052,3244.03,17:16:24
2026-01-06 17:17:09+00:00,,129.0,ETH,3242.182,3242.14,17:17:09
2026-01-06 17:16:25+00:00,,85.0,ETH,3244.062,3244.04,17:16:25
2026-01-06 17:17:10+00:00,,130.0,ETH,3242.112,3242.1,17:17:10
2026-01-06 17:16:26+00:00,,86.0,ETH,3244.042,3244.04,17:16:26
2026-01-06 17:17:11+00:00,,131.0,ETH,3241.232,3241.21,17:17:11
2026-01-06 17:16:27+00:00,,87.0,ETH,3244.042,3244.01,17:16:27
2026-01-06 17:17:12+00:00,,132.0,ETH,3241.272,3241.24,17:17:12
2026-01-06 17:16:28+00:00,,88.0,ETH,3244.052,3243.97,17:16:28
2026-01-06 17:17:13+00:00,,133.0,ETH,3241.352,3241.31,17:17:13
2026-01-06 17:16:29+00:00,,89.0,ETH,3244.282,3244.19,17:16:29
2026-01-06 17:17:14+00:00,,134.0,ETH,3241.252,3241.22,17:17:14
2026-01-06 17:16:30+00:00,,90.0,ETH,3244.802,3244.65,17:16:30
2026-01-06 17:17:15+00:00,,135.0,ETH,3241.272,3241.23,17:17:15
2026-01-06 17:16:31+00:00,,91.0,ETH,3245.132,3244.96,17:16:31
2026-01-06 17:17:16+00:00,,136.0,ETH,3241.302,3241.3,17:17:16
2026-01-06 17:16:32+00:00,,92.0,ETH,3245.162,3245.03,17:16:32
2026-01-06 17:17:17+00:00,,137.0,ETH,3241.302,3241.3,17:17:17
2026-01-06 17:16:33+00:00,,93.0,ETH,3245.002,3244.92,17:16:33
2026-01-06 17:17:18+00:00,,138.0,ETH,3241.592,3241.35,17:17:18
2026-01-06 17:16:34+00:00,,94.0,ETH,3244.772,3244.74,17:16:34
2026-01-06 17:17:19+00:00,,139.0,ETH,3241.602,3241.52,17:17:19
2026-01-06 17:16:35+00:00,,95.0,ETH,3244.672,3244.62,17:16:35
2026-01-06 17:17:20+00:00,,140.0,ETH,3241.602,3241.53,17:17:20
2026-01-06 17:16:36+00:00,,96.0,ETH,3244.512,3244.47,17:16:36
2026-01-06 17:17:21+00:00,,141.0,ETH,3241.812,3241.64,17:17:21
2026-01-06 17:16:37+00:00,,97.0,ETH,3244.352,3244.3,17:16:37
2026-01-06 17:17:22+00:00,,142.0,ETH,3241.732,3241.61,17:17:22
2026-01-06 17:16:38+00:00,,98.0,ETH,3244.282,3244.25,17:16:38
2026-01-06 17:17:23+00:00,,143.0,ETH,3241.732,3241.52,17:17:23
2026-01-06 17:16:39+00:00,,99.0,ETH,3244.252,3244.22,17:16:39
2026-01-06 17:17:24+00:00,,144.0,ETH,3241.702,3241.55,17:17:24
2026-01-06 17:16:40+00:00,,100.0,ETH,3244.112,3244.07,17:16:40
2026-01-06 17:17:25+00:00,,145.0,ETH,3241.412,3241.3,17:17:25
2026-01-06 17:16:41+00:00,,101.0,ETH,3243.742,3243.7,17:16:41
2026-01-06 17:17:26+00:00,,146.0,ETH,3241.592,3241.49,17:17:26
2026-01-06 17:16:42+00:00,,102.0,ETH,3243.602,3243.44,17:16:42
2026-01-06 17:17:27+00:00,,147.0,ETH,3241.502,3241.5,17:17:27
2026-01-06 17:16:43+00:00,,103.0,ETH,3243.492,3243.33,17:16:43
2026-01-06 17:17:28+00:00,,148.0,ETH,3241.722,3241.55,17:17:28
2026-01-06 17:16:44+00:00,,104.0,ETH,3243.192,3243.09,17:16:44
2026-01-06 17:17:29+00:00,,149.0,ETH,3241.892,3241.68,17:17:29
2026-01-06 17:16:45+00:00,,105.0,ETH,3242.922,3242.72,17:16:45
2026-01-06 17:17:30+00:00,,150.0,ETH,3242.092,3242.04,17:17:30
2026-01-06 17:16:46+00:00,,106.0,ETH,3242.452,3242.29,17:16:46
2026-01-06 17:17:31+00:00,,151.0,ETH,3242.092,3242.03,17:17:31
2026-01-06 17:16:47+00:00,,107.0,ETH,3242.172,3242.12,17:16:47
2026-01-06 17:17:32+00:00,,152.0,ETH,3242.102,3241.98,17:17:32
2026-01-06 17:16:48+00:00,,108.0,ETH,3242.212,3242.16,17:16:48
2026-01-06 17:17:33+00:00,,153.0,ETH,3241.792,3241.63,17:17:33
2026-01-06 17:16:49+00:00,,109.0,ETH,3242.262,3242.21,17:16:49
2026-01-06 17:17:34+00:00,,154.0,ETH,3241.772,3241.58,17:17:34
2026-01-06 17:16:50+00:00,,110.0,ETH,3242.292,3242.25,17:16:50
2026-01-06 17:17:35+00:00,,155.0,ETH,3241.772,3241.59,17:17:35
2026-01-06 17:16:51+00:00,,111.0,ETH,3242.292,3242.25,17:16:51
2026-01-06 17:17:36+00:00,,156.0,ETH,3241.522,3241.3,17:17:36
2026-01-06 17:16:52+00:00,,112.0,ETH,3242.192,3242.17,17:16:52
2026-01-06 17:17:37+00:00,,157.0,ETH,3241.422,3241.41,17:17:37
2026-01-06 17:16:53+00:00,,113.0,ETH,3242.172,3242.12,17:16:53
2026-01-06 17:17:38+00:00,,158.0,ETH,3241.292,3240.94,17:17:38
2026-01-06 17:16:54+00:00,,114.0,ETH,3242.072,3242.0,17:16:54
2026-01-06 17:17:39+00:00,,159.0,ETH,3240.962,3240.93,17:17:39
2026-01-06 17:16:55+00:00,,115.0,ETH,3242.012,3241.98,17:16:55
2026-01-06 17:17:40+00:00,,160.0,ETH,3240.672,3240.62,17:17:40
2026-01-06 17:16:56+00:00,,116.0,ETH,3242.412,3242.34,17:16:56
2026-01-06 17:17:41+00:00,,161.0,ETH,3240.302,3240.29,17:17:41
2026-01-06 17:16:57+00:00,,117.0,ETH,3242.752,3242.62,17:16:57
2026-01-06 17:17:42+00:00,,162.0,ETH,3240.102,3240.05,17:17:42
2026-01-06 17:16:58+00:00,,118.0,ETH,3242.662,3242.54,17:16:58
2026-01-06 17:17:43+00:00,,163.0,ETH,3240.152,3239.92,17:17:43
2026-01-06 17:16:59+00:00,,119.0,ETH,3242.572,3242.48,17:16:59
2026-01-06 17:17:44+00:00,,164.0,ETH,3240.012,3240.0,17:17:44
2026-01-06 17:17:00+00:00,,120.0,ETH,3242.552,3242.5,17:17:00
2026-01-06 17:17:45+00:00,,165.0,ETH,3239.952,3239.85,17:17:45
2026-01-06 17:17:01+00:00,,121.0,ETH,3242.472,3242.45,17:17:01
2026-01-06 17:17:46+00:00,,166.0,ETH,3239.712,3239.7,17:17:46
2026-01-06 17:17:02+00:00,,122.0,ETH,3242.592,3242.53,17:17:02
2026-01-06 17:17:03+00:00,,123.0,ETH,3242.732,3242.63,17:17:03
2026-01-06 17:17:47+00:00,,167.0,ETH,3239.842,3239.71,17:17:47
2026-01-06 17:17:04+00:00,,124.0,ETH,3242.912,3242.75,17:17:04
2026-01-06 17:17:48+00:00,,168.0,ETH,3239.702,3239.63,17:17:48
2026-01-06 17:17:05+00:00,,125.0,ETH,3242.912,3242.71,17:17:05
2026-01-06 17:17:49+00:00,,169.0,ETH,3239.682,3239.65,17:17:49
2026-01-06 17:17:06+00:00,,126.0,ETH,3242.802,3242.7,17:17:06
2026-01-06 17:17:50+00:00,,170.0,ETH,3239.762,3239.68,17:17:50
2026-01-06 17:17:07+00:00,,127.0,ETH,3242.562,3242.49,17:17:07
2026-01-06 17:17:51+00:00,,171.0,ETH,3239.672,3239.59,17:17:51
2026-01-06 17:17:08+00:00,,128.0,ETH,3242.292,3242.21,17:17:08
2026-01-06 17:17:52+00:00,,172.0,ETH,3239.582,3239.56,17:17:52
2026-01-06 17:17:09+00:00,,129.0,ETH,3242.152,3242.12,17:17:09
2026-01-06 17:17:53+00:00,,173.0,ETH,3239.612,3239.61,17:17:53
2026-01-06 17:17:10+00:00,,130.0,ETH,3241.672,3241.66,17:17:10
2026-01-06 17:17:54+00:00,,174.0,ETH,3239.662,3239.65,17:17:54
2026-01-06 17:17:11+00:00,,131.0,ETH,3241.252,3241.22,17:17:11
2026-01-06 17:17:55+00:00,,175.0,ETH,3239.682,3239.65,17:17:55
2026-01-06 17:17:12+00:00,,132.0,ETH,3241.312,3241.27,17:17:12
2026-01-06 17:17:57+00:00,,177.0,ETH,3239.612,3239.61,17:17:57
2026-01-06 17:17:13+00:00,,133.0,ETH,3241.302,3241.26,17:17:13
2026-01-06 17:17:58+00:00,,178.0,ETH,3239.612,3239.61,17:17:58
2026-01-06 17:17:14+00:00,,134.0,ETH,3241.262,3241.22,17:17:14
2026-01-06 17:17:59+00:00,,179.0,ETH,3239.612,3239.61,17:17:59
2026-01-06 17:17:15+00:00,,135.0,ETH,3241.292,3241.26,17:17:15
2026-01-06 17:18:00+00:00,,180.0,ETH,3239.542,3239.53,17:18:00
2026-01-06 17:17:16+00:00,,136.0,ETH,3241.302,3241.3,17:17:16
2026-01-06 17:18:01+00:00,,181.0,ETH,3239.542,3239.43,17:18:01
2026-01-06 17:17:17+00:00,,137.0,ETH,3241.452,3241.33,17:17:17
2026-01-06 17:18:02+00:00,,182.0,ETH,3239.102,3239.1,17:18:02
2026-01-06 17:17:18+00:00,,138.0,ETH,3241.602,3241.44,17:17:18
2026-01-06 17:18:03+00:00,,183.0,ETH,3238.812,3238.79,17:18:03
2026-01-06 17:17:19+00:00,,139.0,ETH,3241.602,3241.52,17:17:19
2026-01-06 17:18:04+00:00,,184.0,ETH,3237.782,3237.73,17:18:04
2026-01-06 17:17:20+00:00,,140.0,ETH,3241.702,3241.58,17:17:20
2026-01-06 17:18:05+00:00,,185.0,ETH,3237.742,3237.52,17:18:05
2026-01-06 17:17:21+00:00,,141.0,ETH,3241.772,3241.62,17:17:21
2026-01-06 17:18:06+00:00,,186.0,ETH,3237.342,3237.3,17:18:06
2026-01-06 17:17:22+00:00,,142.0,ETH,3241.732,3241.56,17:17:22
2026-01-06 17:18:07+00:00,,187.0,ETH,3237.502,3237.43,17:18:07
2026-01-06 17:17:23+00:00,,143.0,ETH,3241.712,3241.53,17:17:23
2026-01-06 17:18:08+00:00,,188.0,ETH,3238.372,3238.31,17:18:08
2026-01-06 17:17:24+00:00,,144.0,ETH,3241.552,3241.42,17:17:24
2026-01-06 17:18:09+00:00,,189.0,ETH,3238.822,3238.75,17:18:09
2026-01-06 17:17:25+00:00,,145.0,ETH,3241.502,3241.4,17:17:25
2026-01-06 17:17:26+00:00,,146.0,ETH,3241.592,3241.49,17:17:26
2026-01-06 17:18:10+00:00,,190.0,ETH,3239.002,3238.92,17:18:10
2026-01-06 17:17:27+00:00,,147.0,ETH,3241.502,3241.5,17:17:27
2026-01-06 17:18:11+00:00,,191.0,ETH,3239.002,3238.94,17:18:11
2026-01-06 17:17:28+00:00,,148.0,ETH,3241.722,3241.55,17:17:28
2026-01-06 17:18:12+00:00,,192.0,ETH,3239.052,3238.98,17:18:12
2026-01-06 17:17:29+00:00,,149.0,ETH,3241.892,3241.68,17:17:29
2026-01-06 17:18:13+00:00,,193.0,ETH,3239.052,3239.01,17:18:13
2026-01-06 17:17:30+00:00,,150.0,ETH,3242.092,3242.04,17:17:30
2026-01-06 17:18:14+00:00,,194.0,ETH,3239.062,3239.01,17:18:14
2026-01-06 17:17:31+00:00,,151.0,ETH,3242.092,3242.03,17:17:31
2026-01-06 17:18:15+00:00,,195.0,ETH,3239.062,3239.01,17:18:15
2026-01-06 17:17:32+00:00,,152.0,ETH,3242.102,3241.98,17:17:32
2026-01-06 17:18:16+00:00,,196.0,ETH,3239.002,3238.99,17:18:16
2026-01-06 17:17:33+00:00,,153.0,ETH,3241.792,3241.63,17:17:33
2026-01-06 17:18:17+00:00,,197.0,ETH,3239.002,3238.99,17:18:17
2026-01-06 17:17:34+00:00,,154.0,ETH,3241.772,3241.58,17:17:34
2026-01-06 17:18:18+00:00,,198.0,ETH,3239.022,3239.0,17:18:18
2026-01-06 17:17:35+00:00,,155.0,ETH,3241.772,3241.59,17:17:35
2026-01-06 17:18:19+00:00,,199.0,ETH,3239.032,3239.0,17:18:19
2026-01-06 17:17:36+00:00,,156.0,ETH,3241.522,3241.3,17:17:36
2026-01-06 17:18:20+00:00,,200.0,ETH,3239.002,3238.99,17:18:20
2026-01-06 17:17:37+00:00,,157.0,ETH,3241.422,3241.41,17:17:37
2026-01-06 17:18:21+00:00,,201.0,ETH,3239.082,3239.0,17:18:21
2026-01-06 17:17:38+00:00,,158.0,ETH,3241.292,3240.94,17:17:38
2026-01-06 17:18:22+00:00,,202.0,ETH,3239.182,3239.03,17:18:22
2026-01-06 17:17:39+00:00,,159.0,ETH,3240.962,3240.93,17:17:39
2026-01-06 17:18:23+00:00,,203.0,ETH,3239.102,3238.98,17:18:23
2026-01-06 17:17:40+00:00,,160.0,ETH,3240.672,3240.62,17:17:40
2026-01-06 17:18:24+00:00,,204.0,ETH,3239.002,3238.9,17:18:24
2026-01-06 17:17:41+00:00,,161.0,ETH,3240.302,3240.29,17:17:41
2026-01-06 17:18:25+00:00,,205.0,ETH,3239.062,3238.92,17:18:25
2026-01-06 17:17:42+00:00,,162.0,ETH,3240.102,3240.05,17:17:42
2026-01-06 17:18:26+00:00,,206.0,ETH,3239.622,3239.47,17:18:26
2026-01-06 17:17:43+00:00,,163.0,ETH,3240.152,3239.92,17:17:43
2026-01-06 17:18:27+00:00,,207.0,ETH,3240.212,3240.11,17:18:27
2026-01-06 17:17:44+00:00,,164.0,ETH,3240.012,3240.0,17:17:44
2026-01-06 17:18:28+00:00,,208.0,ETH,3240.272,3240.21,17:18:28
2026-01-06 17:17:45+00:00,,165.0,ETH,3239.952,3239.85,17:17:45
2026-01-06 17:18:29+00:00,,209.0,ETH,3240.162,3240.03,17:18:29
2026-01-06 17:17:46+00:00,,166.0,ETH,3239.712,3239.7,17:17:46
2026-01-06 17:18:30+00:00,,210.0,ETH,3240.012,3239.81,17:18:30
2026-01-06 17:17:47+00:00,,167.0,ETH,3239.842,3239.7,17:17:47
2026-01-06 17:18:31+00:00,,211.0,ETH,3239.732,3239.53,17:18:31
2026-01-06 17:17:48+00:00,,168.0,ETH,3239.842,3239.71,17:17:48
2026-01-06 17:18:32+00:00,,212.0,ETH,3239.592,3239.37,17:18:32
2026-01-06 17:17:49+00:00,,169.0,ETH,3239.562,3239.56,17:17:49
2026-01-06 17:18:33+00:00,,213.0,ETH,3239.682,3239.52,17:18:33
2026-01-06 17:17:50+00:00,,170.0,ETH,3239.762,3239.68,17:17:50
2026-01-06 17:18:34+00:00,,214.0,ETH,3239.692,3239.59,17:18:34
2026-01-06 17:17:51+00:00,,171.0,ETH,3239.732,3239.62,17:17:51
2026-01-06 17:18:35+00:00,,215.0,ETH,3239.432,3239.39,17:18:35
2026-01-06 17:17:52+00:00,,172.0,ETH,3239.602,3239.56,17:17:52
2026-01-06 17:18:36+00:00,,216.0,ETH,3239.172,3239.12,17:18:36
2026-01-06 17:17:53+00:00,,173.0,ETH,3239.562,3239.56,17:17:53
2026-01-06 17:18:37+00:00,,217.0,ETH,3238.842,3238.69,17:18:37
2026-01-06 17:17:54+00:00,,174.0,ETH,3239.662,3239.65,17:17:54
2026-01-06 17:18:38+00:00,,218.0,ETH,3238.252,3238.2,17:18:38
2026-01-06 17:17:55+00:00,,175.0,ETH,3239.662,3239.65,17:17:55
2026-01-06 17:18:39+00:00,,219.0,ETH,3238.222,3238.2,17:18:39
2026-01-06 17:17:56+00:00,,176.0,ETH,3239.702,3239.64,17:17:56
2026-01-06 17:18:40+00:00,,220.0,ETH,3238.382,3238.29,17:18:40
2026-01-06 17:17:57+00:00,,177.0,ETH,3239.612,3239.61,17:17:57
2026-01-06 17:18:41+00:00,,221.0,ETH,3238.312,3238.29,17:18:41
2026-01-06 17:17:58+00:00,,178.0,ETH,3239.612,3239.61,17:17:58
2026-01-06 17:18:42+00:00,,222.0,ETH,3238.382,3238.3,17:18:42
2026-01-06 17:17:59+00:00,,179.0,ETH,3239.612,3239.61,17:17:59
2026-01-06 17:18:43+00:00,,223.0,ETH,3238.592,3238.52,17:18:43
2026-01-06 17:18:00+00:00,,180.0,ETH,3239.542,3239.53,17:18:00
2026-01-06 17:18:44+00:00,,224.0,ETH,3238.752,3238.5,17:18:44
2026-01-06 17:18:01+00:00,,181.0,ETH,3239.542,3239.43,17:18:01
2026-01-06 17:18:45+00:00,,225.0,ETH,3238.552,3238.41,17:18:45
2026-01-06 17:18:02+00:00,,182.0,ETH,3239.102,3239.1,17:18:02
2026-01-06 17:18:46+00:00,,226.0,ETH,3238.412,3238.4,17:18:46
2026-01-06 17:18:03+00:00,,183.0,ETH,3238.812,3238.79,17:18:03
2026-01-06 17:18:47+00:00,,227.0,ETH,3238.412,3238.4,17:18:47
2026-01-06 17:18:04+00:00,,184.0,ETH,3237.782,3237.73,17:18:04
2026-01-06 17:18:48+00:00,,228.0,ETH,3238.402,3238.4,17:18:48
2026-01-06 17:18:05+00:00,,185.0,ETH,3237.742,3237.52,17:18:05
2026-01-06 17:18:49+00:00,,229.0,ETH,3238.402,3238.4,17:18:49
2026-01-06 17:18:06+00:00,,186.0,ETH,3237.342,3237.3,17:18:06
2026-01-06 17:18:50+00:00,,230.0,ETH,3238.802,3238.76,17:18:50
2026-01-06 17:18:07+00:00,,187.0,ETH,3237.502,3237.43,17:18:07
2026-01-06 17:18:51+00:00,,231.0,ETH,3238.792,3238.76,17:18:51
2026-01-06 17:18:08+00:00,,188.0,ETH,3238.372,3238.31,17:18:08
2026-01-06 17:18:52+00:00,,232.0,ETH,3238.942,3238.86,17:18:52
2026-01-06 17:18:09+00:00,,189.0,ETH,3238.822,3238.75,17:18:09
2026-01-06 17:18:53+00:00,,233.0,ETH,3239.412,3239.29,17:18:53
2026-01-06 17:18:10+00:00,,190.0,ETH,3238.992,3238.9,17:18:10
2026-01-06 17:18:54+00:00,,234.0,ETH,3239.872,3239.66,17:18:54
2026-01-06 17:18:11+00:00,,191.0,ETH,3239.002,3238.94,17:18:11
2026-01-06 17:18:55+00:00,,235.0,ETH,3239.852,3239.67,17:18:55
2026-01-06 17:18:12+00:00,,192.0,ETH,3239.002,3238.94,17:18:12
2026-01-06 17:18:56+00:00,,236.0,ETH,3239.752,3239.6,17:18:56
2026-01-06 17:18:13+00:00,,193.0,ETH,3239.112,3239.02,17:18:13
2026-01-06 17:18:57+00:00,,237.0,ETH,3239.602,3239.53,17:18:57
2026-01-06 17:18:14+00:00,,194.0,ETH,3239.002,3238.99,17:18:14
2026-01-06 17:18:58+00:00,,238.0,ETH,3239.532,3239.53,17:18:58
2026-01-06 17:18:59+00:00,,239.0,ETH,3239.532,3239.53,17:18:59
2026-01-06 17:18:15+00:00,,195.0,ETH,3239.062,3239.01,17:18:15
2026-01-06 17:19:00+00:00,,240.0,ETH,3239.812,3239.77,17:19:00
2026-01-06 17:18:16+00:00,,196.0,ETH,3239.002,3238.99,17:18:16
2026-01-06 17:19:01+00:00,,241.0,ETH,3239.812,3239.79,17:19:01
2026-01-06 17:18:17+00:00,,197.0,ETH,3239.002,3238.99,17:18:17
2026-01-06 17:19:02+00:00,,242.0,ETH,3239.982,3239.85,17:19:02
2026-01-06 17:18:18+00:00,,198.0,ETH,3239.022,3239.0,17:18:18
2026-01-06 17:19:03+00:00,,243.0,ETH,3240.122,3240.04,17:19:03
2026-01-06 17:18:19+00:00,,199.0,ETH,3239.032,3239.0,17:18:19
2026-01-06 17:19:04+00:00,,244.0,ETH,3240.082,3239.99,17:19:04
2026-01-06 17:18:20+00:00,,200.0,ETH,3239.002,3238.99,17:18:20
2026-01-06 17:19:05+00:00,,245.0,ETH,3240.152,3240.04,17:19:05
2026-01-06 17:18:21+00:00,,201.0,ETH,3239.082,3239.0,17:18:21
2026-01-06 17:19:06+00:00,,246.0,ETH,3240.432,3240.33,17:19:06
2026-01-06 17:18:22+00:00,,202.0,ETH,3239.182,3239.03,17:18:22
2026-01-06 17:19:07+00:00,,247.0,ETH,3240.792,3240.69,17:19:07
2026-01-06 17:18:23+00:00,,203.0,ETH,3239.102,3238.98,17:18:23
2026-01-06 17:19:08+00:00,,248.0,ETH,3241.262,3241.17,17:19:08
2026-01-06 17:18:24+00:00,,204.0,ETH,3239.002,3238.9,17:18:24
2026-01-06 17:19:09+00:00,,249.0,ETH,3241.642,3241.56,17:19:09
2026-01-06 17:18:25+00:00,,205.0,ETH,3239.062,3238.92,17:18:25
2026-01-06 17:19:10+00:00,,250.0,ETH,3241.642,3241.57,17:19:10
2026-01-06 17:18:26+00:00,,206.0,ETH,3239.622,3239.47,17:18:26
2026-01-06 17:19:11+00:00,,251.0,ETH,3241.632,3241.52,17:19:11
2026-01-06 17:18:27+00:00,,207.0,ETH,3240.212,3240.11,17:18:27
2026-01-06 17:19:12+00:00,,252.0,ETH,3241.682,3241.56,17:19:12
2026-01-06 17:18:28+00:00,,208.0,ETH,3240.272,3240.21,17:18:28
2026-01-06 17:19:13+00:00,,253.0,ETH,3241.852,3241.73,17:19:13
2026-01-06 17:18:29+00:00,,209.0,ETH,3240.162,3240.03,17:18:29
2026-01-06 17:19:14+00:00,,254.0,ETH,3241.912,3241.81,17:19:14
2026-01-06 17:18:30+00:00,,210.0,ETH,3240.012,3239.81,17:18:30
2026-01-06 17:19:15+00:00,,255.0,ETH,3241.842,3241.81,17:19:15
2026-01-06 17:18:31+00:00,,211.0,ETH,3239.732,3239.53,17:18:31
2026-01-06 17:19:16+00:00,,256.0,ETH,3241.902,3241.83,17:19:16
2026-01-06 17:18:32+00:00,,212.0,ETH,3239.592,3239.37,17:18:32
2026-01-06 17:19:17+00:00,,257.0,ETH,3241.962,3241.83,17:19:17
2026-01-06 17:18:33+00:00,,213.0,ETH,3239.682,3239.52,17:18:33
2026-01-06 17:19:18+00:00,,258.0,ETH,3242.032,3241.94,17:19:18
2026-01-06 17:18:35+00:00,,215.0,ETH,3239.432,3239.39,17:18:35
2026-01-06 17:19:19+00:00,,259.0,ETH,3242.172,3242.09,17:19:19
2026-01-06 17:18:36+00:00,,216.0,ETH,3239.172,3239.12,17:18:36
2026-01-06 17:19:20+00:00,,260.0,ETH,3242.302,3242.18,17:19:20
2026-01-06 17:18:37+00:00,,217.0,ETH,3238.842,3238.69,17:18:37
2026-01-06 17:19:21+00:00,,261.0,ETH,3242.312,3242.17,17:19:21
2026-01-06 17:19:22+00:00,,262.0,ETH,3242.242,3242.06,17:19:22
2026-01-06 17:18:38+00:00,,218.0,ETH,3238.232,3238.2,17:18:38
2026-01-06 17:19:23+00:00,,263.0,ETH,3241.952,3241.85,17:19:23
2026-01-06 17:18:39+00:00,,219.0,ETH,3238.302,3238.24,17:18:39
2026-01-06 17:19:24+00:00,,264.0,ETH,3241.352,3241.3,17:19:24
2026-01-06 17:18:40+00:00,,220.0,ETH,3238.342,3238.29,17:18:40
2026-01-06 17:19:25+00:00,,265.0,ETH,3241.222,3241.21,17:19:25
2026-01-06 17:18:41+00:00,,221.0,ETH,3238.352,3238.3,17:18:41
2026-01-06 17:19:26+00:00,,266.0,ETH,3241.422,3241.4,17:19:26
2026-01-06 17:18:42+00:00,,222.0,ETH,3238.492,3238.41,17:18:42
2026-01-06 17:19:27+00:00,,267.0,ETH,3241.742,3241.73,17:19:27
2026-01-06 17:18:43+00:00,,223.0,ETH,3238.672,3238.51,17:18:43
2026-01-06 17:19:28+00:00,,268.0,ETH,3242.332,3242.28,17:19:28
2026-01-06 17:18:44+00:00,,224.0,ETH,3238.652,3238.45,17:18:44
2026-01-06 17:19:29+00:00,,269.0,ETH,3242.492,3242.39,17:19:29
2026-01-06 17:18:45+00:00,,225.0,ETH,3238.482,3238.4,17:18:45
2026-01-06 17:19:30+00:00,,270.0,ETH,3242.852,3242.84,17:19:30
2026-01-06 17:18:46+00:00,,226.0,ETH,3238.412,3238.4,17:18:46
2026-01-06 17:19:31+00:00,,271.0,ETH,3243.152,3243.09,17:19:31
2026-01-06 17:18:47+00:00,,227.0,ETH,3238.412,3238.4,17:18:47
2026-01-06 17:19:32+00:00,,272.0,ETH,3243.492,3243.45,17:19:32
2026-01-06 17:18:48+00:00,,228.0,ETH,3238.402,3238.4,17:18:48
2026-01-06 17:19:33+00:00,,273.0,ETH,3243.822,3243.44,17:19:33
2026-01-06 17:18:49+00:00,,229.0,ETH,3238.602,3238.58,17:18:49
2026-01-06 17:19:34+00:00,,274.0,ETH,3243.362,3243.01,17:19:34
2026-01-06 17:18:50+00:00,,230.0,ETH,3238.792,3238.76,17:18:50
2026-01-06 17:19:35+00:00,,275.0,ETH,3243.192,3243.15,17:19:35
2026-01-06 17:18:51+00:00,,231.0,ETH,3238.862,3238.77,17:18:51
2026-01-06 17:19:36+00:00,,276.0,ETH,3243.172,3243.13,17:19:36
2026-01-06 17:18:52+00:00,,232.0,ETH,3238.942,3238.86,17:18:52
2026-01-06 17:19:37+00:00,,277.0,ETH,3243.762,3243.59,17:19:37
2026-01-06 17:18:53+00:00,,233.0,ETH,3239.412,3239.29,17:18:53
2026-01-06 17:19:38+00:00,,278.0,ETH,3243.852,3243.71,17:19:38
2026-01-06 17:18:54+00:00,,234.0,ETH,3239.872,3239.66,17:18:54
2026-01-06 17:19:39+00:00,,279.0,ETH,3244.482,3244.44,17:19:39
2026-01-06 17:18:55+00:00,,235.0,ETH,3239.852,3239.67,17:18:55
2026-01-06 17:19:40+00:00,,280.0,ETH,3244.502,3244.45,17:19:40
2026-01-06 17:18:56+00:00,,236.0,ETH,3239.752,3239.6,17:18:56
2026-01-06 17:19:41+00:00,,281.0,ETH,3244.982,3244.87,17:19:41
2026-01-06 17:18:57+00:00,,237.0,ETH,3239.602,3239.53,17:18:57
2026-01-06 17:19:42+00:00,,282.0,ETH,3244.982,3244.82,17:19:42
2026-01-06 17:18:58+00:00,,238.0,ETH,3239.532,3239.53,17:18:58
2026-01-06 17:19:43+00:00,,283.0,ETH,3246.272,3246.1,17:19:43
2026-01-06 17:18:59+00:00,,239.0,ETH,3239.672,3239.65,17:18:59
2026-01-06 17:19:44+00:00,,284.0,ETH,3246.452,3246.29,17:19:44
2026-01-06 17:19:00+00:00,,240.0,ETH,3239.812,3239.78,17:19:00
2026-01-06 17:19:45+00:00,,285.0,ETH,3246.112,3246.09,17:19:45
2026-01-06 17:19:01+00:00,,241.0,ETH,3239.902,3239.82,17:19:01
2026-01-06 17:19:46+00:00,,286.0,ETH,3246.022,3245.85,17:19:46
2026-01-06 17:19:02+00:00,,242.0,ETH,3239.982,3239.85,17:19:02
2026-01-06 17:19:03+00:00,,243.0,ETH,3240.122,3240.04,17:19:03
2026-01-06 17:19:47+00:00,,287.0,ETH,3245.712,3245.66,17:19:47
2026-01-06 17:19:04+00:00,,244.0,ETH,3240.032,3239.99,17:19:04
2026-01-06 17:19:48+00:00,,288.0,ETH,3245.722,3245.64,17:19:48
2026-01-06 17:19:05+00:00,,245.0,ETH,3240.122,3240.0,17:19:05
2026-01-06 17:19:49+00:00,,289.0,ETH,3245.702,3245.6,17:19:49
2026-01-06 17:19:06+00:00,,246.0,ETH,3240.182,3240.08,17:19:06
2026-01-06 17:19:50+00:00,,290.0,ETH,3245.622,3245.56,17:19:50
2026-01-06 17:19:07+00:00,,247.0,ETH,3240.692,3240.58,17:19:07
2026-01-06 17:19:51+00:00,,291.0,ETH,3245.562,3245.49,17:19:51
2026-01-06 17:19:08+00:00,,248.0,ETH,3240.882,3240.79,17:19:08
2026-01-06 17:19:52+00:00,,292.0,ETH,3245.372,3245.31,17:19:52
2026-01-06 17:19:09+00:00,,249.0,ETH,3241.642,3241.55,17:19:09
2026-01-06 17:19:53+00:00,,293.0,ETH,3245.152,3245.11,17:19:53
2026-01-06 17:19:10+00:00,,250.0,ETH,3241.642,3241.57,17:19:10
2026-01-06 17:19:54+00:00,,294.0,ETH,3245.162,3245.11,17:19:54
2026-01-06 17:19:11+00:00,,251.0,ETH,3241.642,3241.56,17:19:11
2026-01-06 17:19:55+00:00,,295.0,ETH,3245.232,3245.19,17:19:55
2026-01-06 17:19:12+00:00,,252.0,ETH,3241.632,3241.47,17:19:12
2026-01-06 17:19:56+00:00,,296.0,ETH,3245.302,3245.26,17:19:56
2026-01-06 17:19:13+00:00,,253.0,ETH,3241.732,3241.66,17:19:13
2026-01-06 17:19:57+00:00,,297.0,ETH,3245.352,3245.31,17:19:57
2026-01-06 17:19:14+00:00,,254.0,ETH,3241.962,3241.81,17:19:14
2026-01-06 17:19:59+00:00,,299.0,ETH,3245.302,3245.21,17:19:59
2026-01-06 17:19:15+00:00,,255.0,ETH,3241.862,3241.81,17:19:15
2026-01-06 17:20:00+00:00,,300.0,ETH,3245.502,3245.42,17:20:00
2026-01-06 17:19:16+00:00,,256.0,ETH,3241.812,3241.8,17:19:16
2026-01-06 17:20:01+00:00,,301.0,ETH,3246.072,3246.03,17:20:01
2026-01-06 17:19:17+00:00,,257.0,ETH,3242.002,3241.85,17:19:17
2026-01-06 17:20:02+00:00,,302.0,ETH,3246.422,3246.26,17:20:02
2026-01-06 17:19:18+00:00,,258.0,ETH,3241.932,3241.8,17:19:18
2026-01-06 17:20:03+00:00,,303.0,ETH,3246.382,3246.19,17:20:03
2026-01-06 17:19:19+00:00,,259.0,ETH,3242.132,3242.08,17:19:19
2026-01-06 17:20:04+00:00,,304.0,ETH,3246.382,3246.25,17:20:04
2026-01-06 17:19:20+00:00,,260.0,ETH,3242.212,3242.09,17:19:20
2026-01-06 17:20:05+00:00,,305.0,ETH,3246.052,3245.96,17:20:05
2026-01-06 17:19:21+00:00,,261.0,ETH,3242.382,3242.27,17:19:21
2026-01-06 17:20:06+00:00,,306.0,ETH,3245.912,3245.9,17:20:06
2026-01-06 17:19:22+00:00,,262.0,ETH,3242.242,3242.06,17:19:22
2026-01-06 17:20:07+00:00,,307.0,ETH,3245.922,3245.84,17:20:07
2026-01-06 17:19:23+00:00,,263.0,ETH,3241.952,3241.85,17:19:23
2026-01-06 17:20:08+00:00,,308.0,ETH,3246.192,3245.96,17:20:08
2026-01-06 17:19:24+00:00,,264.0,ETH,3241.352,3241.3,17:19:24
2026-01-06 17:20:09+00:00,,309.0,ETH,3246.172,3245.94,17:20:09
2026-01-06 17:19:25+00:00,,265.0,ETH,3241.222,3241.21,17:19:25
2026-01-06 17:19:26+00:00,,266.0,ETH,3241.422,3241.4,17:19:26
2026-01-06 17:20:10+00:00,,310.0,ETH,3245.972,3245.83,17:20:10
2026-01-06 17:19:27+00:00,,267.0,ETH,3241.742,3241.73,17:19:27
2026-01-06 17:20:11+00:00,,311.0,ETH,3245.952,3245.82,17:20:11
2026-01-06 17:19:28+00:00,,268.0,ETH,3242.332,3242.28,17:19:28
2026-01-06 17:20:12+00:00,,312.0,ETH,3245.992,3245.88,17:20:12
2026-01-06 17:19:29+00:00,,269.0,ETH,3242.492,3242.39,17:19:29
2026-01-06 17:20:13+00:00,,313.0,ETH,3245.962,3245.87,17:20:13
2026-01-06 17:19:30+00:00,,270.0,ETH,3242.852,3242.84,17:19:30
2026-01-06 17:20:14+00:00,,314.0,ETH,3245.902,3245.85,17:20:14
2026-01-06 17:19:31+00:00,,271.0,ETH,3243.152,3243.09,17:19:31
2026-01-06 17:20:15+00:00,,315.0,ETH,3245.972,3245.95,17:20:15
2026-01-06 17:19:32+00:00,,272.0,ETH,3243.492,3243.45,17:19:32
2026-01-06 17:20:16+00:00,,316.0,ETH,3246.322,3246.18,17:20:16
2026-01-06 17:19:33+00:00,,273.0,ETH,3243.822,3243.44,17:19:33
2026-01-06 17:20:17+00:00,,317.0,ETH,3246.572,3246.37,17:20:17
2026-01-06 17:19:34+00:00,,274.0,ETH,3243.362,3243.01,17:19:34
2026-01-06 17:20:18+00:00,,318.0,ETH,3246.572,3246.38,17:20:18
2026-01-06 17:19:35+00:00,,275.0,ETH,3243.192,3243.15,17:19:35
2026-01-06 17:20:19+00:00,,319.0,ETH,3246.552,3246.37,17:20:19
2026-01-06 17:19:36+00:00,,276.0,ETH,3243.172,3243.13,17:19:36
2026-01-06 17:20:20+00:00,,320.0,ETH,3246.452,3246.37,17:20:20
2026-01-06 17:19:37+00:00,,277.0,ETH,3243.762,3243.59,17:19:37
2026-01-06 17:20:21+00:00,,321.0,ETH,3246.362,3246.22,17:20:21
2026-01-06 17:19:38+00:00,,278.0,ETH,3243.852,3243.71,17:19:38
2026-01-06 17:20:22+00:00,,322.0,ETH,3246.052,3245.84,17:20:22
2026-01-06 17:19:39+00:00,,279.0,ETH,3244.482,3244.44,17:19:39
2026-01-06 17:20:23+00:00,,323.0,ETH,3245.682,3245.58,17:20:23
2026-01-06 17:19:40+00:00,,280.0,ETH,3244.502,3244.45,17:19:40
2026-01-06 17:20:24+00:00,,324.0,ETH,3245.612,3245.57,17:20:24
2026-01-06 17:19:41+00:00,,281.0,ETH,3244.982,3244.87,17:19:41
2026-01-06 17:20:25+00:00,,325.0,ETH,3245.612,3245.54,17:20:25
2026-01-06 17:19:42+00:00,,282.0,ETH,3244.982,3244.82,17:19:42
2026-01-06 17:20:26+00:00,,326.0,ETH,3245.582,3245.51,17:20:26
2026-01-06 17:19:43+00:00,,283.0,ETH,3246.272,3246.1,17:19:43
2026-01-06 17:20:27+00:00,,327.0,ETH,3245.522,3245.5,17:20:27
2026-01-06 17:19:44+00:00,,284.0,ETH,3246.452,3246.29,17:19:44
2026-01-06 17:20:28+00:00,,328.0,ETH,3245.462,3245.45,17:20:28
2026-01-06 17:19:45+00:00,,285.0,ETH,3246.112,3246.09,17:19:45
2026-01-06 17:20:29+00:00,,329.0,ETH,3245.532,3245.45,17:20:29
2026-01-06 17:19:46+00:00,,286.0,ETH,3246.022,3245.85,17:19:46
2026-01-06 17:20:30+00:00,,330.0,ETH,3245.592,3245.51,17:20:30
2026-01-06 17:19:47+00:00,,287.0,ETH,3245.702,3245.64,17:19:47
2026-01-06 17:20:31+00:00,,331.0,ETH,3245.702,3245.66,17:20:31
2026-01-06 17:19:48+00:00,,288.0,ETH,3245.732,3245.68,17:19:48
2026-01-06 17:20:32+00:00,,332.0,ETH,3246.022,3245.91,17:20:32
2026-01-06 17:19:49+00:00,,289.0,ETH,3245.722,3245.6,17:19:49
2026-01-06 17:20:33+00:00,,333.0,ETH,3246.222,3246.04,17:20:33
2026-01-06 17:19:50+00:00,,290.0,ETH,3245.672,3245.6,17:19:50
2026-01-06 17:20:34+00:00,,334.0,ETH,3246.242,3246.05,17:20:34
2026-01-06 17:19:51+00:00,,291.0,ETH,3245.572,3245.52,17:19:51
2026-01-06 17:20:35+00:00,,335.0,ETH,3246.242,3246.06,17:20:35
2026-01-06 17:19:52+00:00,,292.0,ETH,3245.552,3245.45,17:19:52
2026-01-06 17:20:36+00:00,,336.0,ETH,3246.242,3246.08,17:20:36
2026-01-06 17:19:53+00:00,,293.0,ETH,3245.202,3245.16,17:19:53
2026-01-06 17:20:37+00:00,,337.0,ETH,3246.332,3246.22,17:20:37
2026-01-06 17:19:54+00:00,,294.0,ETH,3245.092,3245.05,17:19:54
2026-01-06 17:20:38+00:00,,338.0,ETH,3246.242,3246.05,17:20:38
2026-01-06 17:19:55+00:00,,295.0,ETH,3245.232,3245.17,17:19:55
2026-01-06 17:20:39+00:00,,339.0,ETH,3246.192,3246.03,17:20:39
2026-01-06 17:19:56+00:00,,296.0,ETH,3245.242,3245.2,17:19:56
2026-01-06 17:20:40+00:00,,340.0,ETH,3246.222,3246.17,17:20:40
2026-01-06 17:19:57+00:00,,297.0,ETH,3245.352,3245.31,17:19:57
2026-01-06 17:20:41+00:00,,341.0,ETH,3246.002,3245.95,17:20:41
2026-01-06 17:19:58+00:00,,298.0,ETH,3245.352,3245.3,17:19:58
2026-01-06 17:20:42+00:00,,342.0,ETH,3246.072,3245.95,17:20:42
2026-01-06 17:19:59+00:00,,299.0,ETH,3245.302,3245.21,17:19:59
2026-01-06 17:20:43+00:00,,343.0,ETH,3246.102,3245.93,17:20:43
2026-01-06 17:20:00+00:00,,300.0,ETH,3245.502,3245.42,17:20:00
2026-01-06 17:20:44+00:00,,344.0,ETH,3246.322,3246.27,17:20:44
2026-01-06 17:20:01+00:00,,301.0,ETH,3246.072,3246.03,17:20:01
2026-01-06 17:20:45+00:00,,345.0,ETH,3246.542,3246.52,17:20:45
2026-01-06 17:20:02+00:00,,302.0,ETH,3246.422,3246.26,17:20:02
2026-01-06 17:20:46+00:00,,346.0,ETH,3246.772,3246.6,17:20:46
2026-01-06 17:20:03+00:00,,303.0,ETH,3246.382,3246.19,17:20:03
2026-01-06 17:20:47+00:00,,347.0,ETH,3246.822,3246.62,17:20:47
2026-01-06 17:20:04+00:00,,304.0,ETH,3246.382,3246.25,17:20:04
2026-01-06 17:20:48+00:00,,348.0,ETH,3247.092,3247.07,17:20:48
2026-01-06 17:20:05+00:00,,305.0,ETH,3246.052,3245.96,17:20:05
2026-01-06 17:20:49+00:00,,349.0,ETH,3247.342,3247.19,17:20:49
2026-01-06 17:20:06+00:00,,306.0,ETH,3245.912,3245.9,17:20:06
2026-01-06 17:20:50+00:00,,350.0,ETH,3247.362,3247.19,17:20:50
2026-01-06 17:20:07+00:00,,307.0,ETH,3245.922,3245.84,17:20:07
2026-01-06 17:20:51+00:00,,351.0,ETH,3247.132,3247.02,17:20:51
2026-01-06 17:20:08+00:00,,308.0,ETH,3246.192,3245.96,17:20:08
2026-01-06 17:20:52+00:00,,352.0,ETH,3246.862,3246.84,17:20:52
2026-01-06 17:20:09+00:00,,309.0,ETH,3246.172,3245.94,17:20:09
2026-01-06 17:20:53+00:00,,353.0,ETH,3246.592,3246.58,17:20:53
2026-01-06 17:20:10+00:00,,310.0,ETH,3246.012,3245.89,17:20:10
2026-01-06 17:20:54+00:00,,354.0,ETH,3246.592,3246.58,17:20:54
2026-01-06 17:20:11+00:00,,311.0,ETH,3245.932,3245.77,17:20:11
2026-01-06 17:20:55+00:00,,355.0,ETH,3246.592,3246.58,17:20:55
2026-01-06 17:20:12+00:00,,312.0,ETH,3245.972,3245.86,17:20:12
2026-01-06 17:20:56+00:00,,356.0,ETH,3246.692,3246.59,17:20:56
2026-01-06 17:20:13+00:00,,313.0,ETH,3246.012,3245.9,17:20:13
2026-01-06 17:20:57+00:00,,357.0,ETH,3246.802,3246.7,17:20:57
2026-01-06 17:20:14+00:00,,314.0,ETH,3245.922,3245.84,17:20:14
2026-01-06 17:20:58+00:00,,358.0,ETH,3246.812,3246.81,17:20:58
2026-01-06 17:20:59+00:00,,359.0,ETH,3246.842,3246.76,17:20:59
2026-01-06 17:20:15+00:00,,315.0,ETH,3245.972,3245.95,17:20:15
2026-01-06 17:21:00+00:00,,360.0,ETH,3246.712,3246.45,17:21:00
2026-01-06 17:20:16+00:00,,316.0,ETH,3246.322,3246.18,17:20:16
2026-01-06 17:21:01+00:00,,361.0,ETH,3246.212,3246.17,17:21:01
2026-01-06 17:20:17+00:00,,317.0,ETH,3246.572,3246.37,17:20:17
2026-01-06 17:21:02+00:00,,362.0,ETH,3246.192,3246.14,17:21:02
2026-01-06 17:20:18+00:00,,318.0,ETH,3246.572,3246.38,17:20:18
2026-01-06 17:21:03+00:00,,363.0,ETH,3246.492,3246.3,17:21:03
2026-01-06 17:20:19+00:00,,319.0,ETH,3246.552,3246.37,17:20:19
2026-01-06 17:21:04+00:00,,364.0,ETH,3246.622,3246.46,17:21:04
2026-01-06 17:20:20+00:00,,320.0,ETH,3246.452,3246.37,17:20:20
2026-01-06 17:21:05+00:00,,365.0,ETH,3246.742,3246.7,17:21:05
2026-01-06 17:20:21+00:00,,321.0,ETH,3246.362,3246.22,17:20:21
2026-01-06 17:21:06+00:00,,366.0,ETH,3247.102,3247.0,17:21:06
2026-01-06 17:20:22+00:00,,322.0,ETH,3246.052,3245.84,17:20:22
2026-01-06 17:21:07+00:00,,367.0,ETH,3247.172,3246.98,17:21:07
2026-01-06 17:20:23+00:00,,323.0,ETH,3245.682,3245.58,17:20:23
2026-01-06 17:21:08+00:00,,368.0,ETH,3247.192,3246.98,17:21:08
2026-01-06 17:20:24+00:00,,324.0,ETH,3245.612,3245.57,17:20:24
2026-01-06 17:21:09+00:00,,369.0,ETH,3247.182,3247.0,17:21:09
2026-01-06 17:20:26+00:00,,326.0,ETH,3245.612,3245.51,17:20:26
2026-01-06 17:21:10+00:00,,370.0,ETH,3247.192,3247.0,17:21:10
2026-01-06 17:20:27+00:00,,327.0,ETH,3245.582,3245.51,17:20:26
2026-01-06 17:21:11+00:00,,371.0,ETH,3247.202,3247.0,17:21:11
2026-01-06 17:20:28+00:00,,328.0,ETH,3245.492,3245.49,17:20:28
2026-01-06 17:21:12+00:00,,372.0,ETH,3247.432,3247.27,17:21:12
2026-01-06 17:20:29+00:00,,329.0,ETH,3245.432,3245.42,17:20:29
2026-01-06 17:21:13+00:00,,373.0,ETH,3247.802,3247.72,17:21:13
2026-01-06 17:20:30+00:00,,330.0,ETH,3245.622,3245.49,17:20:30
2026-01-06 17:21:14+00:00,,374.0,ETH,3248.082,3248.03,17:21:14
2026-01-06 17:20:31+00:00,,331.0,ETH,3245.572,3245.54,17:20:31
2026-01-06 17:21:15+00:00,,375.0,ETH,3248.272,3248.21,17:21:15
2026-01-06 17:20:32+00:00,,332.0,ETH,3245.832,3245.78,17:20:32
2026-01-06 17:21:16+00:00,,376.0,ETH,3248.372,3248.28,17:21:16
2026-01-06 17:20:33+00:00,,333.0,ETH,3246.222,3246.04,17:20:33
2026-01-06 17:21:17+00:00,,377.0,ETH,3248.422,3248.27,17:21:17
2026-01-06 17:20:34+00:00,,334.0,ETH,3246.242,3246.05,17:20:34
2026-01-06 17:21:18+00:00,,378.0,ETH,3248.402,3248.24,17:21:18
2026-01-06 17:20:35+00:00,,335.0,ETH,3246.242,3246.06,17:20:35
2026-01-06 17:21:19+00:00,,379.0,ETH,3248.342,3248.24,17:21:19
2026-01-06 17:20:36+00:00,,336.0,ETH,3246.242,3246.08,17:20:36
2026-01-06 17:21:20+00:00,,380.0,ETH,3248.302,3248.24,17:21:20
2026-01-06 17:20:37+00:00,,337.0,ETH,3246.332,3246.22,17:20:37
2026-01-06 17:21:21+00:00,,381.0,ETH,3248.282,3248.2,17:21:21
2026-01-06 17:21:22+00:00,,382.0,ETH,3248.252,3248.16,17:21:22
2026-01-06 17:20:38+00:00,,338.0,ETH,3246.212,3246.04,17:20:38
2026-01-06 17:21:23+00:00,,383.0,ETH,3248.192,3248.1,17:21:23
2026-01-06 17:20:39+00:00,,339.0,ETH,3246.202,3246.1,17:20:39
2026-01-06 17:21:24+00:00,,384.0,ETH,3248.132,3248.07,17:21:24
2026-01-06 17:20:40+00:00,,340.0,ETH,3246.112,3246.06,17:20:40
2026-01-06 17:21:25+00:00,,385.0,ETH,3248.132,3248.02,17:21:25
2026-01-06 17:20:41+00:00,,341.0,ETH,3246.032,3245.95,17:20:41
2026-01-06 17:21:26+00:00,,386.0,ETH,3247.642,3247.57,17:21:26
2026-01-06 17:20:42+00:00,,342.0,ETH,3246.082,3245.94,17:20:42
2026-01-06 17:21:27+00:00,,387.0,ETH,3247.522,3247.43,17:21:27
2026-01-06 17:20:43+00:00,,343.0,ETH,3246.212,3246.1,17:20:43
2026-01-06 17:21:28+00:00,,388.0,ETH,3247.602,3247.45,17:21:28
2026-01-06 17:20:44+00:00,,344.0,ETH,3246.432,3246.39,17:20:44
2026-01-06 17:21:29+00:00,,389.0,ETH,3247.542,3247.43,17:21:29
2026-01-06 17:20:45+00:00,,345.0,ETH,3246.662,3246.56,17:20:45
2026-01-06 17:21:30+00:00,,390.0,ETH,3247.582,3247.53,17:21:30
2026-01-06 17:20:46+00:00,,346.0,ETH,3246.802,3246.61,17:20:46
2026-01-06 17:21:31+00:00,,391.0,ETH,3247.752,3247.64,17:21:31
2026-01-06 17:20:47+00:00,,347.0,ETH,3246.952,3246.84,17:20:47
2026-01-06 17:21:32+00:00,,392.0,ETH,3247.522,3247.37,17:21:32
2026-01-06 17:20:48+00:00,,348.0,ETH,3247.212,3247.13,17:20:48
2026-01-06 17:21:33+00:00,,393.0,ETH,3247.342,3247.21,17:21:33
2026-01-06 17:20:49+00:00,,349.0,ETH,3247.352,3247.19,17:20:49
2026-01-06 17:21:34+00:00,,394.0,ETH,3247.372,3247.25,17:21:34
2026-01-06 17:20:50+00:00,,350.0,ETH,3247.242,3247.11,17:20:50
2026-01-06 17:21:35+00:00,,395.0,ETH,3247.302,3247.19,17:21:35
2026-01-06 17:20:51+00:00,,351.0,ETH,3247.002,3246.93,17:20:51
2026-01-06 17:21:36+00:00,,396.0,ETH,3247.202,3247.16,17:21:36
2026-01-06 17:20:52+00:00,,352.0,ETH,3246.732,3246.71,17:20:52
2026-01-06 17:21:37+00:00,,397.0,ETH,3247.232,3247.17,17:21:37
2026-01-06 17:20:53+00:00,,353.0,ETH,3246.592,3246.58,17:20:53
2026-01-06 17:21:38+00:00,,398.0,ETH,3247.412,3247.24,17:21:38
2026-01-06 17:20:54+00:00,,354.0,ETH,3246.592,3246.58,17:20:54
2026-01-06 17:21:39+00:00,,399.0,ETH,3247.512,3247.33,17:21:39
2026-01-06 17:20:55+00:00,,355.0,ETH,3246.592,3246.58,17:20:55
2026-01-06 17:21:40+00:00,,400.0,ETH,3247.442,3247.32,17:21:40
2026-01-06 17:20:56+00:00,,356.0,ETH,3246.692,3246.59,17:20:56
2026-01-06 17:21:41+00:00,,401.0,ETH,3247.402,3247.31,17:21:41
2026-01-06 17:20:57+00:00,,357.0,ETH,3246.802,3246.7,17:20:57
2026-01-06 17:21:42+00:00,,402.0,ETH,3247.422,3247.33,17:21:42
2026-01-06 17:20:58+00:00,,358.0,ETH,3246.832,3246.78,17:20:58
2026-01-06 17:21:43+00:00,,403.0,ETH,3247.452,3247.34,17:21:43
2026-01-06 17:20:59+00:00,,359.0,ETH,3246.772,3246.6,17:20:59
2026-01-06 17:21:44+00:00,,404.0,ETH,3247.532,3247.37,17:21:44
2026-01-06 17:21:00+00:00,,360.0,ETH,3246.462,3246.31,17:21:00
2026-01-06 17:21:45+00:00,,405.0,ETH,3247.572,3247.46,17:21:45
2026-01-06 17:21:01+00:00,,361.0,ETH,3246.202,3246.16,17:21:01
2026-01-06 17:21:46+00:00,,406.0,ETH,3247.472,3247.41,17:21:46
2026-01-06 17:21:02+00:00,,362.0,ETH,3246.342,3246.22,17:21:02
2026-01-06 17:21:47+00:00,,407.0,ETH,3247.262,3247.21,17:21:47
2026-01-06 17:21:03+00:00,,363.0,ETH,3246.552,3246.38,17:21:03
2026-01-06 17:21:48+00:00,,408.0,ETH,3247.132,3247.12,17:21:48
2026-01-06 17:21:04+00:00,,364.0,ETH,3246.682,3246.58,17:21:04
2026-01-06 17:21:49+00:00,,409.0,ETH,3247.282,3247.08,17:21:49
2026-01-06 17:21:05+00:00,,365.0,ETH,3246.922,3246.85,17:21:05
2026-01-06 17:21:50+00:00,,410.0,ETH,3247.242,3247.19,17:21:50
2026-01-06 17:21:06+00:00,,366.0,ETH,3247.142,3246.99,17:21:06
2026-01-06 17:21:51+00:00,,411.0,ETH,3247.452,3247.38,17:21:51
2026-01-06 17:21:07+00:00,,367.0,ETH,3247.182,3246.98,17:21:07
2026-01-06 17:21:52+00:00,,412.0,ETH,3247.482,3247.38,17:21:52
2026-01-06 17:21:08+00:00,,368.0,ETH,3247.192,3246.99,17:21:08
2026-01-06 17:21:53+00:00,,413.0,ETH,3247.522,3247.41,17:21:53
2026-01-06 17:21:09+00:00,,369.0,ETH,3247.182,3247.0,17:21:09
2026-01-06 17:21:54+00:00,,414.0,ETH,3247.582,3247.4,17:21:54
2026-01-06 17:21:10+00:00,,370.0,ETH,3247.192,3247.0,17:21:10
2026-01-06 17:21:55+00:00,,415.0,ETH,3247.592,3247.4,17:21:55
2026-01-06 17:21:11+00:00,,371.0,ETH,3247.202,3247.0,17:21:11
2026-01-06 17:21:56+00:00,,416.0,ETH,3247.592,3247.41,17:21:56
2026-01-06 17:21:12+00:00,,372.0,ETH,3247.432,3247.27,17:21:12
2026-01-06 17:21:57+00:00,,417.0,ETH,3247.582,3247.37,17:21:57
2026-01-06 17:21:13+00:00,,373.0,ETH,3247.802,3247.72,17:21:13
2026-01-06 17:21:58+00:00,,418.0,ETH,3247.582,3247.37,17:21:58
2026-01-06 17:21:14+00:00,,374.0,ETH,3248.082,3248.03,17:21:14
2026-01-06 17:21:59+00:00,,419.0,ETH,3247.482,3247.36,17:21:59
2026-01-06 17:21:15+00:00,,375.0,ETH,3248.272,3248.21,17:21:15
2026-01-06 17:22:00+00:00,,420.0,ETH,3247.442,3247.36,17:22:00
2026-01-06 17:21:16+00:00,,376.0,ETH,3248.372,3248.28,17:21:16
2026-01-06 17:22:01+00:00,,421.0,ETH,3247.302,3247.21,17:22:01
2026-01-06 17:21:17+00:00,,377.0,ETH,3248.422,3248.27,17:21:17
2026-01-06 17:22:02+00:00,,422.0,ETH,3247.182,3247.16,17:22:02
2026-01-06 17:21:18+00:00,,378.0,ETH,3248.402,3248.24,17:21:18
2026-01-06 17:22:03+00:00,,423.0,ETH,3247.152,3247.14,17:22:03
2026-01-06 17:21:19+00:00,,379.0,ETH,3248.342,3248.24,17:21:19
2026-01-06 17:22:04+00:00,,424.0,ETH,3247.112,3247.07,17:22:04
2026-01-06 17:21:20+00:00,,380.0,ETH,3248.302,3248.24,17:21:20
2026-01-06 17:22:05+00:00,,425.0,ETH,3246.812,3246.79,17:22:05
2026-01-06 17:21:21+00:00,,381.0,ETH,3248.282,3248.2,17:21:21
2026-01-06 17:22:06+00:00,,426.0,ETH,3246.812,3246.77,17:22:06
2026-01-06 17:21:22+00:00,,382.0,ETH,3248.222,3248.13,17:21:22
2026-01-06 17:22:07+00:00,,427.0,ETH,3246.812,3246.77,17:22:07
2026-01-06 17:21:23+00:00,,383.0,ETH,3248.162,3248.09,17:21:23
2026-01-06 17:22:08+00:00,,428.0,ETH,3246.782,3246.76,17:22:08
2026-01-06 17:21:24+00:00,,384.0,ETH,3248.132,3248.05,17:21:24
2026-01-06 17:22:09+00:00,,429.0,ETH,3246.742,3246.73,17:22:09
2026-01-06 17:21:25+00:00,,385.0,ETH,3247.882,3247.8,17:21:25
2026-01-06 17:22:10+00:00,,430.0,ETH,3246.742,3246.73,17:22:10
2026-01-06 17:21:26+00:00,,386.0,ETH,3247.582,3247.5,17:21:26
2026-01-06 17:22:11+00:00,,431.0,ETH,3246.812,3246.78,17:22:11
2026-01-06 17:21:27+00:00,,387.0,ETH,3247.522,3247.43,17:21:27
2026-01-06 17:22:12+00:00,,432.0,ETH,3246.872,3246.82,17:22:12
2026-01-06 17:21:28+00:00,,388.0,ETH,3247.532,3247.44,17:21:28
2026-01-06 17:22:13+00:00,,433.0,ETH,3247.392,3247.35,17:22:13
2026-01-06 17:21:29+00:00,,389.0,ETH,3247.682,3247.46,17:21:29
2026-01-06 17:22:14+00:00,,434.0,ETH,3247.582,3247.34,17:22:14
2026-01-06 17:21:30+00:00,,390.0,ETH,3247.402,3247.39,17:21:30
2026-01-06 17:22:15+00:00,,435.0,ETH,3247.312,3247.14,17:22:15
2026-01-06 17:21:31+00:00,,391.0,ETH,3247.762,3247.67,17:21:31
2026-01-06 17:22:16+00:00,,436.0,ETH,3247.172,3247.13,17:22:16
2026-01-06 17:21:32+00:00,,392.0,ETH,3247.742,3247.61,17:21:32
2026-01-06 17:22:17+00:00,,437.0,ETH,3247.152,3247.13,17:22:17
2026-01-06 17:21:33+00:00,,393.0,ETH,3247.302,3247.14,17:21:33
2026-01-06 17:22:18+00:00,,438.0,ETH,3247.152,3247.09,17:22:18
2026-01-06 17:21:34+00:00,,394.0,ETH,3247.392,3247.28,17:21:34
2026-01-06 17:22:19+00:00,,439.0,ETH,3247.572,3247.55,17:22:19
2026-01-06 17:21:35+00:00,,395.0,ETH,3247.342,3247.21,17:21:35
2026-01-06 17:22:20+00:00,,440.0,ETH,3248.022,3247.77,17:22:20
2026-01-06 17:21:36+00:00,,396.0,ETH,3247.202,3247.16,17:21:36
2026-01-06 17:22:21+00:00,,441.0,ETH,3247.542,3247.48,17:22:21
2026-01-06 17:21:37+00:00,,397.0,ETH,3247.232,3247.17,17:21:37
2026-01-06 17:22:22+00:00,,442.0,ETH,3247.322,3247.29,17:22:22
2026-01-06 17:21:38+00:00,,398.0,ETH,3247.412,3247.24,17:21:38
2026-01-06 17:22:23+00:00,,443.0,ETH,3247.272,3247.21,17:22:23
2026-01-06 17:21:39+00:00,,399.0,ETH,3247.512,3247.33,17:21:39
2026-01-06 17:22:24+00:00,,444.0,ETH,3246.662,3246.62,17:22:24
2026-01-06 17:21:40+00:00,,400.0,ETH,3247.442,3247.32,17:21:40
2026-01-06 17:22:25+00:00,,445.0,ETH,3246.562,3246.53,17:22:25
2026-01-06 17:21:41+00:00,,401.0,ETH,3247.402,3247.31,17:21:41
2026-01-06 17:22:26+00:00,,446.0,ETH,3246.592,3246.57,17:22:26
2026-01-06 17:21:42+00:00,,402.0,ETH,3247.422,3247.33,17:21:42
2026-01-06 17:22:27+00:00,,447.0,ETH,3246.542,3246.5,17:22:27
2026-01-06 17:21:43+00:00,,403.0,ETH,3247.452,3247.34,17:21:43
2026-01-06 17:22:28+00:00,,448.0,ETH,3246.532,3246.5,17:22:28
2026-01-06 17:21:44+00:00,,404.0,ETH,3247.532,3247.37,17:21:44
2026-01-06 17:22:29+00:00,,449.0,ETH,3246.122,3246.11,17:22:29
2026-01-06 17:21:45+00:00,,405.0,ETH,3247.572,3247.46,17:21:45
2026-01-06 17:22:30+00:00,,450.0,ETH,3246.092,3246.04,17:22:30
2026-01-06 17:21:46+00:00,,406.0,ETH,3247.472,3247.41,17:21:46
2026-01-06 17:22:31+00:00,,451.0,ETH,3246.012,3246.0,17:22:31
2026-01-06 17:21:47+00:00,,407.0,ETH,3247.262,3247.21,17:21:47
2026-01-06 17:22:32+00:00,,452.0,ETH,3246.092,3246.05,17:22:32
2026-01-06 17:21:48+00:00,,408.0,ETH,3247.202,3247.1,17:21:48
2026-01-06 17:22:33+00:00,,453.0,ETH,3246.162,3246.1,17:22:33
2026-01-06 17:21:49+00:00,,409.0,ETH,3247.262,3247.13,17:21:49
2026-01-06 17:22:34+00:00,,454.0,ETH,3246.272,3246.14,17:22:34
2026-01-06 17:21:50+00:00,,410.0,ETH,3247.342,3247.29,17:21:50
2026-01-06 17:22:35+00:00,,455.0,ETH,3246.712,3246.6,17:22:35
2026-01-06 17:21:51+00:00,,411.0,ETH,3247.472,3247.38,17:21:51
2026-01-06 17:22:36+00:00,,456.0,ETH,3246.822,3246.64,17:22:36
2026-01-06 17:21:52+00:00,,412.0,ETH,3247.502,3247.39,17:21:52
2026-01-06 17:22:37+00:00,,457.0,ETH,3247.232,3247.2,17:22:37
2026-01-06 17:21:53+00:00,,413.0,ETH,3247.552,3247.4,17:21:53
2026-01-06 17:22:38+00:00,,458.0,ETH,3247.642,3247.4,17:22:38
2026-01-06 17:21:54+00:00,,414.0,ETH,3247.592,3247.4,17:21:54
2026-01-06 17:22:39+00:00,,459.0,ETH,3247.942,3247.9,17:22:39
2026-01-06 17:21:55+00:00,,415.0,ETH,3247.592,3247.41,17:21:55
2026-01-06 17:22:40+00:00,,460.0,ETH,3248.402,3248.21,17:22:40
2026-01-06 17:21:56+00:00,,416.0,ETH,3247.592,3247.39,17:21:56
2026-01-06 17:22:41+00:00,,461.0,ETH,3248.422,3248.22,17:22:41
2026-01-06 17:21:57+00:00,,417.0,ETH,3247.582,3247.37,17:21:57
2026-01-06 17:22:42+00:00,,462.0,ETH,3248.232,3248.18,17:22:42
2026-01-06 17:21:58+00:00,,418.0,ETH,3247.532,3247.37,17:21:58
2026-01-06 17:22:43+00:00,,463.0,ETH,3248.132,3247.99,17:22:43
2026-01-06 17:21:59+00:00,,419.0,ETH,3247.462,3247.36,17:21:59
2026-01-06 17:22:44+00:00,,464.0,ETH,3248.142,3248.09,17:22:44
2026-01-06 17:22:00+00:00,,420.0,ETH,3247.372,3247.28,17:22:00
2026-01-06 17:22:45+00:00,,465.0,ETH,3248.112,3248.05,17:22:45
2026-01-06 17:22:01+00:00,,421.0,ETH,3247.242,3247.18,17:22:01
2026-01-06 17:22:46+00:00,,466.0,ETH,3248.172,3248.11,17:22:46
2026-01-06 17:22:02+00:00,,422.0,ETH,3247.172,3247.15,17:22:02
2026-01-06 17:22:47+00:00,,467.0,ETH,3248.132,3248.0,17:22:47
2026-01-06 17:22:03+00:00,,423.0,ETH,3247.132,3247.11,17:22:03
2026-01-06 17:22:48+00:00,,468.0,ETH,3248.172,3248.1,17:22:48
2026-01-06 17:22:04+00:00,,424.0,ETH,3246.962,3246.93,17:22:04
2026-01-06 17:22:49+00:00,,469.0,ETH,3248.142,3248.1,17:22:49
2026-01-06 17:22:05+00:00,,425.0,ETH,3246.812,3246.78,17:22:05
2026-01-06 17:22:50+00:00,,470.0,ETH,3248.202,3248.12,17:22:50
2026-01-06 17:22:06+00:00,,426.0,ETH,3246.812,3246.77,17:22:06
2026-01-06 17:22:51+00:00,,471.0,ETH,3248.262,3248.17,17:22:51
2026-01-06 17:22:07+00:00,,427.0,ETH,3246.802,3246.77,17:22:07
2026-01-06 17:22:52+00:00,,472.0,ETH,3248.212,3248.17,17:22:52
2026-01-06 17:22:08+00:00,,428.0,ETH,3246.762,3246.75,17:22:08
2026-01-06 17:22:53+00:00,,473.0,ETH,3248.302,3248.16,17:22:53
2026-01-06 17:22:09+00:00,,429.0,ETH,3246.742,3246.73,17:22:09
2026-01-06 17:22:54+00:00,,474.0,ETH,3248.302,3248.18,17:22:54
2026-01-06 17:22:10+00:00,,430.0,ETH,3246.772,3246.75,17:22:10
2026-01-06 17:22:55+00:00,,475.0,ETH,3248.302,3248.17,17:22:55
2026-01-06 17:22:11+00:00,,431.0,ETH,3246.842,3246.8,17:22:11
2026-01-06 17:22:56+00:00,,476.0,ETH,3249.022,3248.8,17:22:56
2026-01-06 17:22:12+00:00,,432.0,ETH,3247.132,3247.09,17:22:12
2026-01-06 17:22:57+00:00,,477.0,ETH,3249.352,3249.25,17:22:57
2026-01-06 17:22:13+00:00,,433.0,ETH,3247.492,3247.34,17:22:13
2026-01-06 17:22:58+00:00,,478.0,ETH,3249.462,3249.26,17:22:58
2026-01-06 17:22:14+00:00,,434.0,ETH,3247.452,3247.24,17:22:14
2026-01-06 17:22:59+00:00,,479.0,ETH,3249.592,3249.57,17:22:59
2026-01-06 17:22:15+00:00,,435.0,ETH,3247.312,3247.14,17:22:15
2026-01-06 17:23:00+00:00,,480.0,ETH,3249.592,3249.55,17:23:00
2026-01-06 17:22:16+00:00,,436.0,ETH,3247.172,3247.13,17:22:16
2026-01-06 17:23:01+00:00,,481.0,ETH,3249.662,3249.57,17:23:01
2026-01-06 17:22:17+00:00,,437.0,ETH,3247.152,3247.13,17:22:17
2026-01-06 17:23:02+00:00,,482.0,ETH,3249.722,3249.59,17:23:02
2026-01-06 17:22:18+00:00,,438.0,ETH,3247.152,3247.09,17:22:18
2026-01-06 17:23:03+00:00,,483.0,ETH,3249.622,3249.55,17:23:03
2026-01-06 17:22:19+00:00,,439.0,ETH,3247.572,3247.55,17:22:19
2026-01-06 17:23:04+00:00,,484.0,ETH,3249.572,3249.47,17:23:04
2026-01-06 17:22:20+00:00,,440.0,ETH,3248.022,3247.77,17:22:20
2026-01-06 17:23:05+00:00,,485.0,ETH,3249.722,3249.6,17:23:05
2026-01-06 17:22:21+00:00,,441.0,ETH,3247.542,3247.48,17:22:21
2026-01-06 17:23:06+00:00,,486.0,ETH,3249.712,3249.66,17:23:06
2026-01-06 17:22:22+00:00,,442.0,ETH,3247.322,3247.29,17:22:22
2026-01-06 17:23:07+00:00,,487.0,ETH,3249.692,3249.63,17:23:07
2026-01-06 17:22:23+00:00,,443.0,ETH,3247.272,3247.21,17:22:23
2026-01-06 17:23:08+00:00,,488.0,ETH,3249.692,3249.63,17:23:08
2026-01-06 17:22:24+00:00,,444.0,ETH,3246.662,3246.62,17:22:24
2026-01-06 17:23:09+00:00,,489.0,ETH,3249.692,3249.63,17:23:09
2026-01-06 17:22:25+00:00,,445.0,ETH,3246.562,3246.53,17:22:25
2026-01-06 17:23:10+00:00,,490.0,ETH,3249.692,3249.64,17:23:10
2026-01-06 17:22:26+00:00,,446.0,ETH,3246.592,3246.57,17:22:26
2026-01-06 17:23:11+00:00,,491.0,ETH,3249.762,3249.72,17:23:11
2026-01-06 17:22:27+00:00,,447.0,ETH,3246.542,3246.5,17:22:27
2026-01-06 17:23:12+00:00,,492.0,ETH,3250.622,3250.41,17:23:12
2026-01-06 17:22:28+00:00,,448.0,ETH,3246.532,3246.5,17:22:28
2026-01-06 17:23:13+00:00,,493.0,ETH,3250.532,3250.43,17:23:13
2026-01-06 17:22:29+00:00,,449.0,ETH,3246.122,3246.11,17:22:29
2026-01-06 17:23:14+00:00,,494.0,ETH,3250.422,3250.3,17:23:14
2026-01-06 17:22:30+00:00,,450.0,ETH,3246.092,3246.04,17:22:30
2026-01-06 17:23:15+00:00,,495.0,ETH,3250.522,3250.35,17:23:15
2026-01-06 17:22:31+00:00,,451.0,ETH,3246.012,3246.0,17:22:31
2026-01-06 17:23:16+00:00,,496.0,ETH,3250.532,3250.43,17:23:16
2026-01-06 17:22:32+00:00,,452.0,ETH,3246.092,3246.05,17:22:32
2026-01-06 17:23:17+00:00,,497.0,ETH,3250.532,3250.44,17:23:17
2026-01-06 17:22:33+00:00,,453.0,ETH,3246.162,3246.1,17:22:33
2026-01-06 17:23:18+00:00,,498.0,ETH,3250.512,3250.38,17:23:18
2026-01-06 17:22:34+00:00,,454.0,ETH,3246.272,3246.14,17:22:34
2026-01-06 17:23:19+00:00,,499.0,ETH,3250.392,3250.36,17:23:19
2026-01-06 17:22:35+00:00,,455.0,ETH,3246.712,3246.6,17:22:35
2026-01-06 17:23:20+00:00,,500.0,ETH,3250.692,3250.45,17:23:20
2026-01-06 17:22:36+00:00,,456.0,ETH,3246.822,3246.64,17:22:36
2026-01-06 17:23:21+00:00,,501.0,ETH,3250.552,3250.43,17:23:21
2026-01-06 17:22:37+00:00,,457.0,ETH,3247.232,3247.2,17:22:37
2026-01-06 17:23:22+00:00,,502.0,ETH,3250.492,3250.39,17:23:22
2026-01-06 17:22:38+00:00,,458.0,ETH,3247.642,3247.4,17:22:38
2026-01-06 17:23:23+00:00,,503.0,ETH,3250.492,3250.43,17:23:23
2026-01-06 17:22:39+00:00,,459.0,ETH,3247.942,3247.9,17:22:39
2026-01-06 17:22:40+00:00,,460.0,ETH,3248.402,3248.21,17:22:40
2026-01-06 17:23:24+00:00,,504.0,ETH,3250.482,3250.41,17:23:24
2026-01-06 17:22:41+00:00,,461.0,ETH,3248.422,3248.22,17:22:41
2026-01-06 17:23:25+00:00,,505.0,ETH,3250.312,3250.28,17:23:25
2026-01-06 17:22:42+00:00,,462.0,ETH,3248.232,3248.18,17:22:42
2026-01-06 17:23:26+00:00,,506.0,ETH,3250.082,3250.03,17:23:26
2026-01-06 17:22:43+00:00,,463.0,ETH,3248.132,3247.99,17:22:43
2026-01-06 17:23:27+00:00,,507.0,ETH,3249.992,3249.88,17:23:27
2026-01-06 17:22:44+00:00,,464.0,ETH,3248.142,3248.09,17:22:44
2026-01-06 17:23:28+00:00,,508.0,ETH,3249.772,3249.66,17:23:28
2026-01-06 17:22:45+00:00,,465.0,ETH,3248.112,3248.05,17:22:45
2026-01-06 17:23:29+00:00,,509.0,ETH,3249.532,3249.41,17:23:29
2026-01-06 17:22:46+00:00,,466.0,ETH,3248.172,3248.11,17:22:46
2026-01-06 17:23:30+00:00,,510.0,ETH,3249.382,3249.27,17:23:30
2026-01-06 17:22:47+00:00,,467.0,ETH,3248.132,3248.0,17:22:47
2026-01-06 17:23:31+00:00,,511.0,ETH,3249.262,3249.21,17:23:31
2026-01-06 17:22:48+00:00,,468.0,ETH,3248.172,3248.1,17:22:48
2026-01-06 17:23:32+00:00,,512.0,ETH,3249.312,3249.21,17:23:32
2026-01-06 17:22:49+00:00,,469.0,ETH,3248.142,3248.1,17:22:49
2026-01-06 17:23:33+00:00,,513.0,ETH,3249.482,3249.37,17:23:33
2026-01-06 17:22:50+00:00,,470.0,ETH,3248.202,3248.12,17:22:50
2026-01-06 17:23:34+00:00,,514.0,ETH,3249.602,3249.54,17:23:34
2026-01-06 17:22:51+00:00,,471.0,ETH,3248.262,3248.17,17:22:51
2026-01-06 17:23:35+00:00,,515.0,ETH,3249.692,3249.6,17:23:35
2026-01-06 17:22:52+00:00,,472.0,ETH,3248.212,3248.17,17:22:52
2026-01-06 17:23:36+00:00,,516.0,ETH,3249.752,3249.68,17:23:36
2026-01-06 17:22:53+00:00,,473.0,ETH,3248.302,3248.16,17:22:53
2026-01-06 17:23:37+00:00,,517.0,ETH,3249.752,3249.73,17:23:37
2026-01-06 17:22:54+00:00,,474.0,ETH,3248.302,3248.18,17:22:54
2026-01-06 17:23:38+00:00,,518.0,ETH,3249.712,3249.68,17:23:38
2026-01-06 17:22:55+00:00,,475.0,ETH,3248.302,3248.17,17:22:55
2026-01-06 17:23:39+00:00,,519.0,ETH,3249.712,3249.6,17:23:39
2026-01-06 17:22:56+00:00,,476.0,ETH,3249.022,3248.8,17:22:56
2026-01-06 17:23:40+00:00,,520.0,ETH,3249.962,3249.86,17:23:40
2026-01-06 17:22:57+00:00,,477.0,ETH,3249.352,3249.25,17:22:57
2026-01-06 17:23:41+00:00,,521.0,ETH,3250.322,3250.2,17:23:41
2026-01-06 17:22:58+00:00,,478.0,ETH,3249.462,3249.26,17:22:58
2026-01-06 17:23:42+00:00,,522.0,ETH,3250.492,3250.32,17:23:42
2026-01-06 17:22:59+00:00,,479.0,ETH,3249.592,3249.57,17:22:59
2026-01-06 17:23:43+00:00,,523.0,ETH,3250.502,3250.37,17:23:43
2026-01-06 17:23:00+00:00,,480.0,ETH,3249.592,3249.55,17:23:00
2026-01-06 17:23:44+00:00,,524.0,ETH,3250.502,3250.31,17:23:44
2026-01-06 17:23:01+00:00,,481.0,ETH,3249.662,3249.57,17:23:01
2026-01-06 17:23:45+00:00,,525.0,ETH,3250.512,3250.37,17:23:45
2026-01-06 17:23:02+00:00,,482.0,ETH,3249.722,3249.59,17:23:02
2026-01-06 17:23:46+00:00,,526.0,ETH,3250.512,3250.37,17:23:46
2026-01-06 17:23:03+00:00,,483.0,ETH,3249.622,3249.55,17:23:03
2026-01-06 17:23:47+00:00,,527.0,ETH,3250.402,3250.25,17:23:47
2026-01-06 17:23:04+00:00,,484.0,ETH,3249.572,3249.47,17:23:04
2026-01-06 17:23:48+00:00,,528.0,ETH,3250.302,3250.24,17:23:48
2026-01-06 17:23:05+00:00,,485.0,ETH,3249.642,3249.53,17:23:05
2026-01-06 17:23:49+00:00,,529.0,ETH,3250.342,3250.27,17:23:49
2026-01-06 17:23:06+00:00,,486.0,ETH,3249.722,3249.63,17:23:06
2026-01-06 17:23:50+00:00,,530.0,ETH,3250.362,3250.29,17:23:50
2026-01-06 17:23:07+00:00,,487.0,ETH,3249.702,3249.65,17:23:07
2026-01-06 17:23:51+00:00,,531.0,ETH,3250.402,3250.35,17:23:51
2026-01-06 17:23:08+00:00,,488.0,ETH,3249.692,3249.63,17:23:08
2026-01-06 17:23:52+00:00,,532.0,ETH,3250.372,3250.25,17:23:52
2026-01-06 17:23:09+00:00,,489.0,ETH,3249.692,3249.63,17:23:09
2026-01-06 17:23:53+00:00,,533.0,ETH,3250.372,3250.27,17:23:53
2026-01-06 17:23:10+00:00,,490.0,ETH,3249.692,3249.64,17:23:10
2026-01-06 17:23:54+00:00,,534.0,ETH,3250.462,3250.32,17:23:54
2026-01-06 17:23:11+00:00,,491.0,ETH,3249.722,3249.68,17:23:11
2026-01-06 17:23:55+00:00,,535.0,ETH,3250.422,3250.36,17:23:55
2026-01-06 17:23:12+00:00,,492.0,ETH,3250.192,3250.07,17:23:12
2026-01-06 17:23:56+00:00,,536.0,ETH,3250.492,3250.34,17:23:56
2026-01-06 17:23:13+00:00,,493.0,ETH,3250.582,3250.42,17:23:13
2026-01-06 17:23:57+00:00,,537.0,ETH,3250.342,3250.3,17:23:57
2026-01-06 17:23:14+00:00,,494.0,ETH,3250.472,3250.36,17:23:14
2026-01-06 17:23:58+00:00,,538.0,ETH,3250.342,3250.27,17:23:58
2026-01-06 17:23:15+00:00,,495.0,ETH,3250.472,3250.32,17:23:15
2026-01-06 17:23:59+00:00,,539.0,ETH,3250.302,3250.22,17:23:59
2026-01-06 17:23:16+00:00,,496.0,ETH,3250.532,3250.39,17:23:16
2026-01-06 17:24:00+00:00,,540.0,ETH,3250.232,3250.13,17:24:00
2026-01-06 17:23:17+00:00,,497.0,ETH,3250.532,3250.43,17:23:17
2026-01-06 17:24:01+00:00,,541.0,ETH,3250.242,3250.08,17:24:01
2026-01-06 17:23:18+00:00,,498.0,ETH,3250.522,3250.41,17:23:18
2026-01-06 17:24:02+00:00,,542.0,ETH,3250.262,3250.13,17:24:02
2026-01-06 17:23:19+00:00,,499.0,ETH,3250.452,3250.37,17:23:19
2026-01-06 17:24:03+00:00,,543.0,ETH,3250.222,3250.12,17:24:03
2026-01-06 17:23:20+00:00,,500.0,ETH,3250.542,3250.41,17:23:20
2026-01-06 17:24:04+00:00,,544.0,ETH,3250.222,3250.1,17:24:04
2026-01-06 17:23:21+00:00,,501.0,ETH,3250.622,3250.44,17:23:21
2026-01-06 17:24:05+00:00,,545.0,ETH,3250.262,3250.17,17:24:05
2026-01-06 17:23:22+00:00,,502.0,ETH,3250.522,3250.41,17:23:22
2026-01-06 17:24:06+00:00,,546.0,ETH,3250.302,3250.24,17:24:06
2026-01-06 17:23:23+00:00,,503.0,ETH,3250.492,3250.41,17:23:23
2026-01-06 17:24:07+00:00,,547.0,ETH,3250.302,3250.24,17:24:07
2026-01-06 17:23:24+00:00,,504.0,ETH,3250.482,3250.4,17:23:24
2026-01-06 17:24:08+00:00,,548.0,ETH,3250.212,3250.03,17:24:08
2026-01-06 17:23:25+00:00,,505.0,ETH,3250.482,3250.41,17:23:25
2026-01-06 17:24:09+00:00,,549.0,ETH,3250.042,3249.84,17:24:09
2026-01-06 17:23:26+00:00,,506.0,ETH,3250.312,3250.28,17:23:26
2026-01-06 17:24:10+00:00,,550.0,ETH,3249.982,3249.92,17:24:10
2026-01-06 17:23:27+00:00,,507.0,ETH,3250.082,3250.03,17:23:27
2026-01-06 17:24:11+00:00,,551.0,ETH,3250.032,3250.0,17:24:11
2026-01-06 17:23:28+00:00,,508.0,ETH,3249.992,3249.88,17:23:28
2026-01-06 17:24:12+00:00,,552.0,ETH,3250.032,3249.99,17:24:12
2026-01-06 17:24:13+00:00,,553.0,ETH,3250.012,3249.9,17:24:13
2026-01-06 17:23:29+00:00,,509.0,ETH,3249.592,3249.51,17:23:29
2026-01-06 17:24:14+00:00,,554.0,ETH,3250.012,3249.88,17:24:14
2026-01-06 17:23:30+00:00,,510.0,ETH,3249.482,3249.31,17:23:30
2026-01-06 17:24:15+00:00,,555.0,ETH,3249.722,3249.72,17:24:15
2026-01-06 17:23:31+00:00,,511.0,ETH,3249.282,3249.23,17:23:31
2026-01-06 17:24:16+00:00,,556.0,ETH,3249.732,3249.65,17:24:16
2026-01-06 17:23:32+00:00,,512.0,ETH,3249.242,3249.19,17:23:32
2026-01-06 17:24:17+00:00,,557.0,ETH,3249.752,3249.67,17:24:17
2026-01-06 17:23:33+00:00,,513.0,ETH,3249.382,3249.23,17:23:33
2026-01-06 17:24:18+00:00,,558.0,ETH,3249.752,3249.69,17:24:18
2026-01-06 17:23:34+00:00,,514.0,ETH,3249.582,3249.52,17:23:34
2026-01-06 17:24:19+00:00,,559.0,ETH,3250.302,3250.25,17:24:19
2026-01-06 17:23:35+00:00,,515.0,ETH,3249.632,3249.57,17:23:35
2026-01-06 17:24:20+00:00,,560.0,ETH,3250.342,3250.26,17:24:20
2026-01-06 17:23:36+00:00,,516.0,ETH,3249.752,3249.63,17:23:36
2026-01-06 17:24:21+00:00,,561.0,ETH,3250.532,3250.26,17:24:21
2026-01-06 17:23:37+00:00,,517.0,ETH,3249.752,3249.73,17:23:37
2026-01-06 17:24:22+00:00,,562.0,ETH,3250.522,3250.51,17:24:22
2026-01-06 17:23:38+00:00,,518.0,ETH,3249.752,3249.72,17:23:38
2026-01-06 17:24:23+00:00,,563.0,ETH,3250.522,3250.36,17:24:23
2026-01-06 17:23:40+00:00,,520.0,ETH,3249.712,3249.6,17:23:40
2026-01-06 17:24:24+00:00,,564.0,ETH,3250.422,3250.24,17:24:24
2026-01-06 17:23:41+00:00,,521.0,ETH,3249.962,3249.86,17:23:41
2026-01-06 17:24:25+00:00,,565.0,ETH,3250.482,3250.29,17:24:25
2026-01-06 17:23:42+00:00,,522.0,ETH,3250.322,3250.2,17:23:42
2026-01-06 17:24:26+00:00,,566.0,ETH,3250.562,3250.47,17:24:26
2026-01-06 17:23:43+00:00,,523.0,ETH,3250.492,3250.32,17:23:43
2026-01-06 17:24:27+00:00,,567.0,ETH,3251.062,3251.04,17:24:27
2026-01-06 17:23:44+00:00,,524.0,ETH,3250.502,3250.37,17:23:44
2026-01-06 17:24:28+00:00,,568.0,ETH,3251.372,3251.21,17:24:28
2026-01-06 17:23:45+00:00,,525.0,ETH,3250.502,3250.31,17:23:45
2026-01-06 17:24:29+00:00,,569.0,ETH,3250.982,3250.91,17:24:29
2026-01-06 17:23:46+00:00,,526.0,ETH,3250.512,3250.37,17:23:46
2026-01-06 17:24:30+00:00,,570.0,ETH,3250.932,3250.84,17:24:30
2026-01-06 17:23:47+00:00,,527.0,ETH,3250.512,3250.37,17:23:47
2026-01-06 17:24:31+00:00,,571.0,ETH,3250.352,3250.35,17:24:31
2026-01-06 17:23:48+00:00,,528.0,ETH,3250.402,3250.25,17:23:48
2026-01-06 17:24:32+00:00,,572.0,ETH,3250.352,3250.3,17:24:32
2026-01-06 17:23:49+00:00,,529.0,ETH,3250.322,3250.25,17:23:49
2026-01-06 17:24:33+00:00,,573.0,ETH,3250.342,3250.28,17:24:33
2026-01-06 17:23:50+00:00,,530.0,ETH,3250.352,3250.28,17:23:50
2026-01-06 17:24:34+00:00,,574.0,ETH,3250.332,3250.28,17:24:34
2026-01-06 17:23:51+00:00,,531.0,ETH,3250.382,3250.32,17:23:51
2026-01-06 17:24:35+00:00,,575.0,ETH,3249.712,3249.68,17:24:35
2026-01-06 17:23:52+00:00,,532.0,ETH,3250.382,3250.3,17:23:52
2026-01-06 17:24:36+00:00,,576.0,ETH,3249.582,3249.57,17:24:36
2026-01-06 17:23:53+00:00,,533.0,ETH,3250.372,3250.27,17:23:53
2026-01-06 17:24:37+00:00,,577.0,ETH,3249.522,3249.5,17:24:37
2026-01-06 17:23:54+00:00,,534.0,ETH,3250.462,3250.32,17:23:54
2026-01-06 17:24:38+00:00,,578.0,ETH,3249.522,3249.5,17:24:38
2026-01-06 17:23:55+00:00,,535.0,ETH,3250.422,3250.36,17:23:55
2026-01-06 17:24:39+00:00,,579.0,ETH,3249.572,3249.55,17:24:39
2026-01-06 17:23:56+00:00,,536.0,ETH,3250.492,3250.34,17:23:56
2026-01-06 17:24:40+00:00,,580.0,ETH,3249.662,3249.63,17:24:40
2026-01-06 17:23:57+00:00,,537.0,ETH,3250.362,3250.33,17:23:57
2026-01-06 17:24:41+00:00,,581.0,ETH,3249.532,3249.48,17:24:41
2026-01-06 17:23:58+00:00,,538.0,ETH,3250.332,3250.28,17:23:58
2026-01-06 17:24:42+00:00,,582.0,ETH,3249.352,3249.31,17:24:42
2026-01-06 17:23:59+00:00,,539.0,ETH,3250.352,3250.25,17:23:59
2026-01-06 17:24:43+00:00,,583.0,ETH,3249.312,3249.31,17:24:43
2026-01-06 17:24:00+00:00,,540.0,ETH,3250.252,3250.19,17:24:00
2026-01-06 17:24:44+00:00,,584.0,ETH,3249.312,3249.3,17:24:44
2026-01-06 17:24:01+00:00,,541.0,ETH,3250.202,3250.07,17:24:01
2026-01-06 17:24:45+00:00,,585.0,ETH,3249.492,3249.47,17:24:45
2026-01-06 17:24:02+00:00,,542.0,ETH,3250.292,3250.1,17:24:02
2026-01-06 17:24:46+00:00,,586.0,ETH,3249.742,3249.71,17:24:46
2026-01-06 17:24:03+00:00,,543.0,ETH,3250.222,3250.16,17:24:03
2026-01-06 17:24:47+00:00,,587.0,ETH,3249.822,3249.79,17:24:47
2026-01-06 17:24:04+00:00,,544.0,ETH,3250.222,3250.09,17:24:04
2026-01-06 17:24:48+00:00,,588.0,ETH,3250.082,3250.04,17:24:48
2026-01-06 17:24:05+00:00,,545.0,ETH,3250.232,3250.12,17:24:05
2026-01-06 17:24:49+00:00,,589.0,ETH,3250.702,3250.61,17:24:49
2026-01-06 17:24:06+00:00,,546.0,ETH,3250.292,3250.21,17:24:06
2026-01-06 17:24:50+00:00,,590.0,ETH,3251.152,3251.01,17:24:50
2026-01-06 17:24:07+00:00,,547.0,ETH,3250.322,3250.26,17:24:07
2026-01-06 17:24:51+00:00,,591.0,ETH,3251.142,3251.05,17:24:51
2026-01-06 17:24:08+00:00,,548.0,ETH,3250.292,3250.23,17:24:08
2026-01-06 17:24:52+00:00,,592.0,ETH,3251.032,3251.0,17:24:52
2026-01-06 17:24:09+00:00,,549.0,ETH,3250.142,3249.84,17:24:09
2026-01-06 17:24:54+00:00,,594.0,ETH,3251.052,3251.04,17:24:54
2026-01-06 17:24:10+00:00,,550.0,ETH,3249.942,3249.84,17:24:10
2026-01-06 17:24:55+00:00,,595.0,ETH,3251.102,3250.95,17:24:55
2026-01-06 17:24:11+00:00,,551.0,ETH,3250.022,3250.0,17:24:11
2026-01-06 17:24:56+00:00,,596.0,ETH,3251.132,3251.06,17:24:56
2026-01-06 17:24:12+00:00,,552.0,ETH,3250.032,3249.99,17:24:12
2026-01-06 17:24:57+00:00,,597.0,ETH,3251.222,3251.13,17:24:57
2026-01-06 17:24:13+00:00,,553.0,ETH,3250.012,3249.9,17:24:13
2026-01-06 17:24:58+00:00,,598.0,ETH,3250.972,3250.92,17:24:58
2026-01-06 17:24:14+00:00,,554.0,ETH,3250.012,3249.88,17:24:14
2026-01-06 17:24:59+00:00,,599.0,ETH,3250.972,3250.93,17:24:59
2026-01-06 17:24:15+00:00,,555.0,ETH,3249.722,3249.72,17:24:15
2026-01-06 17:25:00+00:00,,600.0,ETH,3251.062,3250.85,17:25:00
2026-01-06 17:24:16+00:00,,556.0,ETH,3249.732,3249.65,17:24:16
2026-01-06 17:25:01+00:00,,601.0,ETH,3250.742,3250.65,17:25:01
2026-01-06 17:24:17+00:00,,557.0,ETH,3249.752,3249.68,17:24:17
2026-01-06 17:25:02+00:00,,602.0,ETH,3250.662,3250.63,17:25:02
2026-01-06 17:24:18+00:00,,558.0,ETH,3250.022,3249.97,17:24:18
2026-01-06 17:25:03+00:00,,603.0,ETH,3250.652,3250.55,17:25:03
2026-01-06 17:24:19+00:00,,559.0,ETH,3250.322,3250.26,17:24:19
2026-01-06 17:25:04+00:00,,604.0,ETH,3250.762,3250.6,17:25:04
2026-01-06 17:24:20+00:00,,560.0,ETH,3250.432,3250.26,17:24:20
2026-01-06 17:25:05+00:00,,605.0,ETH,3250.802,3250.67,17:25:05
2026-01-06 17:24:21+00:00,,561.0,ETH,3250.522,3250.38,17:24:21
2026-01-06 17:25:06+00:00,,606.0,ETH,3250.802,3250.69,17:25:06
2026-01-06 17:24:22+00:00,,562.0,ETH,3250.522,3250.44,17:24:22
2026-01-06 17:25:07+00:00,,607.0,ETH,3250.822,3250.7,17:25:07
2026-01-06 17:24:23+00:00,,563.0,ETH,3250.472,3250.3,17:24:23
2026-01-06 17:25:08+00:00,,608.0,ETH,3250.982,3250.88,17:25:08
2026-01-06 17:24:24+00:00,,564.0,ETH,3250.452,3250.26,17:24:24
2026-01-06 17:25:09+00:00,,609.0,ETH,3251.182,3251.07,17:25:09
2026-01-06 17:24:25+00:00,,565.0,ETH,3250.522,3250.38,17:24:25
2026-01-06 17:25:10+00:00,,610.0,ETH,3251.152,3251.04,17:25:10
2026-01-06 17:24:26+00:00,,566.0,ETH,3250.812,3250.76,17:24:26
2026-01-06 17:25:11+00:00,,611.0,ETH,3251.062,3251.01,17:25:11
2026-01-06 17:24:27+00:00,,567.0,ETH,3251.222,3251.12,17:24:27
2026-01-06 17:25:12+00:00,,612.0,ETH,3251.122,3251.05,17:25:12
2026-01-06 17:24:29+00:00,,569.0,ETH,3250.982,3250.91,17:24:29
2026-01-06 17:25:13+00:00,,613.0,ETH,3251.152,3251.07,17:25:13
2026-01-06 17:24:30+00:00,,570.0,ETH,3250.932,3250.84,17:24:30
2026-01-06 17:25:14+00:00,,614.0,ETH,3251.122,3251.04,17:25:14
2026-01-06 17:24:31+00:00,,571.0,ETH,3250.352,3250.35,17:24:31
2026-01-06 17:25:15+00:00,,615.0,ETH,3251.142,3251.04,17:25:15
2026-01-06 17:24:32+00:00,,572.0,ETH,3250.352,3250.3,17:24:32
2026-01-06 17:25:16+00:00,,616.0,ETH,3251.232,3251.1,17:25:16
2026-01-06 17:24:33+00:00,,573.0,ETH,3250.342,3250.28,17:24:33
2026-01-06 17:25:17+00:00,,617.0,ETH,3251.272,3251.17,17:25:17
2026-01-06 17:24:34+00:00,,574.0,ETH,3250.332,3250.28,17:24:34
2026-01-06 17:25:18+00:00,,618.0,ETH,3251.262,3251.19,17:25:18
2026-01-06 17:24:35+00:00,,575.0,ETH,3249.712,3249.68,17:24:35
2026-01-06 17:25:19+00:00,,619.0,ETH,3251.292,3251.14,17:25:19
2026-01-06 17:24:36+00:00,,576.0,ETH,3249.662,3249.64,17:24:36
2026-01-06 17:25:20+00:00,,620.0,ETH,3251.112,3250.94,17:25:20
2026-01-06 17:24:37+00:00,,577.0,ETH,3249.512,3249.5,17:24:37
2026-01-06 17:25:21+00:00,,621.0,ETH,3250.732,3250.65,17:25:21
2026-01-06 17:24:38+00:00,,578.0,ETH,3249.542,3249.5,17:24:38
2026-01-06 17:25:22+00:00,,622.0,ETH,3250.522,3250.44,17:25:22
2026-01-06 17:24:39+00:00,,579.0,ETH,3249.512,3249.5,17:24:39
2026-01-06 17:25:23+00:00,,623.0,ETH,3250.342,3250.3,17:25:23
2026-01-06 17:25:24+00:00,,624.0,ETH,3250.202,3250.19,17:25:24
2026-01-06 17:24:40+00:00,,580.0,ETH,3249.662,3249.63,17:24:40
2026-01-06 17:25:25+00:00,,625.0,ETH,3250.132,3250.12,17:25:25
2026-01-06 17:24:41+00:00,,581.0,ETH,3249.532,3249.48,17:24:41
2026-01-06 17:25:26+00:00,,626.0,ETH,3250.102,3250.1,17:25:26
2026-01-06 17:24:42+00:00,,582.0,ETH,3249.352,3249.31,17:24:42
2026-01-06 17:25:27+00:00,,627.0,ETH,3250.102,3250.08,17:25:27
2026-01-06 17:24:43+00:00,,583.0,ETH,3249.312,3249.31,17:24:43
2026-01-06 17:25:28+00:00,,628.0,ETH,3250.082,3250.06,17:25:28
2026-01-06 17:24:44+00:00,,584.0,ETH,3249.312,3249.3,17:24:44
2026-01-06 17:25:29+00:00,,629.0,ETH,3250.382,3250.21,17:25:29
2026-01-06 17:24:45+00:00,,585.0,ETH,3249.492,3249.47,17:24:45
2026-01-06 17:25:30+00:00,,630.0,ETH,3250.642,3250.56,17:25:30
2026-01-06 17:24:46+00:00,,586.0,ETH,3249.742,3249.71,17:24:46
2026-01-06 17:25:31+00:00,,631.0,ETH,3250.422,3250.38,17:25:31
2026-01-06 17:24:47+00:00,,587.0,ETH,3249.822,3249.79,17:24:47
2026-01-06 17:25:32+00:00,,632.0,ETH,3250.112,3250.05,17:25:32
2026-01-06 17:24:48+00:00,,588.0,ETH,3250.082,3250.04,17:24:48
2026-01-06 17:25:33+00:00,,633.0,ETH,3250.012,3249.98,17:25:33
2026-01-06 17:24:49+00:00,,589.0,ETH,3250.702,3250.61,17:24:49
2026-01-06 17:25:34+00:00,,634.0,ETH,3249.972,3249.95,17:25:34
2026-01-06 17:24:50+00:00,,590.0,ETH,3251.152,3251.01,17:24:50
2026-01-06 17:25:35+00:00,,635.0,ETH,3249.972,3249.95,17:25:35
2026-01-06 17:24:51+00:00,,591.0,ETH,3251.142,3251.05,17:24:51
2026-01-06 17:25:36+00:00,,636.0,ETH,3249.882,3249.87,17:25:36
2026-01-06 17:24:52+00:00,,592.0,ETH,3251.032,3251.0,17:24:52
2026-01-06 17:25:37+00:00,,637.0,ETH,3249.882,3249.87,17:25:37
2026-01-06 17:24:53+00:00,,593.0,ETH,3251.032,3251.0,17:24:53
2026-01-06 17:25:38+00:00,,638.0,ETH,3249.892,3249.8,17:25:38
2026-01-06 17:24:54+00:00,,594.0,ETH,3251.082,3250.99,17:24:54
2026-01-06 17:25:39+00:00,,639.0,ETH,3249.772,3249.73,17:25:39
2026-01-06 17:24:55+00:00,,595.0,ETH,3251.122,3251.0,17:24:55
2026-01-06 17:25:40+00:00,,640.0,ETH,3249.772,3249.73,17:25:40
2026-01-06 17:24:56+00:00,,596.0,ETH,3251.182,3251.1,17:24:56
2026-01-06 17:25:41+00:00,,641.0,ETH,3249.702,3249.65,17:25:41
2026-01-06 17:24:57+00:00,,597.0,ETH,3251.102,3251.02,17:24:57
2026-01-06 17:25:42+00:00,,642.0,ETH,3249.782,3249.75,17:25:42
2026-01-06 17:24:58+00:00,,598.0,ETH,3250.972,3250.92,17:24:58
2026-01-06 17:25:43+00:00,,643.0,ETH,3249.872,3249.86,17:25:43
2026-01-06 17:24:59+00:00,,599.0,ETH,3251.022,3250.89,17:24:59
2026-01-06 17:25:44+00:00,,644.0,ETH,3249.852,3249.82,17:25:44
2026-01-06 17:25:00+00:00,,600.0,ETH,3250.902,3250.72,17:25:00
2026-01-06 17:25:45+00:00,,645.0,ETH,3249.842,3249.81,17:25:45
2026-01-06 17:25:01+00:00,,601.0,ETH,3250.742,3250.65,17:25:01
2026-01-06 17:25:46+00:00,,646.0,ETH,3249.782,3249.77,17:25:46
2026-01-06 17:25:02+00:00,,602.0,ETH,3250.662,3250.63,17:25:02
2026-01-06 17:25:47+00:00,,647.0,ETH,3249.682,3249.67,17:25:47
2026-01-06 17:25:03+00:00,,603.0,ETH,3250.652,3250.55,17:25:03
2026-01-06 17:25:48+00:00,,648.0,ETH,3249.652,3249.64,17:25:48
2026-01-06 17:25:04+00:00,,604.0,ETH,3250.732,3250.56,17:25:04
2026-01-06 17:25:49+00:00,,649.0,ETH,3249.662,3249.65,17:25:49
2026-01-06 17:25:05+00:00,,605.0,ETH,3250.792,3250.64,17:25:05
2026-01-06 17:25:50+00:00,,650.0,ETH,3249.602,3249.59,17:25:50
2026-01-06 17:25:06+00:00,,606.0,ETH,3250.812,3250.69,17:25:06
2026-01-06 17:25:51+00:00,,651.0,ETH,3249.602,3249.59,17:25:51
2026-01-06 17:25:07+00:00,,607.0,ETH,3250.822,3250.7,17:25:07
2026-01-06 17:25:52+00:00,,652.0,ETH,3249.602,3249.59,17:25:52
2026-01-06 17:25:08+00:00,,608.0,ETH,3250.982,3250.88,17:25:08
2026-01-06 17:25:53+00:00,,653.0,ETH,3249.602,3249.59,17:25:53
2026-01-06 17:25:09+00:00,,609.0,ETH,3251.182,3251.07,17:25:09
2026-01-06 17:25:54+00:00,,654.0,ETH,3249.612,3249.6,17:25:54
2026-01-06 17:25:10+00:00,,610.0,ETH,3251.152,3251.04,17:25:10
2026-01-06 17:25:55+00:00,,655.0,ETH,3249.612,3249.6,17:25:55
2026-01-06 17:25:11+00:00,,611.0,ETH,3251.062,3251.01,17:25:11
2026-01-06 17:25:56+00:00,,656.0,ETH,3249.622,3249.61,17:25:56
2026-01-06 17:25:12+00:00,,612.0,ETH,3251.122,3251.05,17:25:12
2026-01-06 17:25:57+00:00,,657.0,ETH,3249.622,3249.61,17:25:57
2026-01-06 17:25:13+00:00,,613.0,ETH,3251.152,3251.07,17:25:13
2026-01-06 17:25:58+00:00,,658.0,ETH,3249.632,3249.47,17:25:58
2026-01-06 17:25:14+00:00,,614.0,ETH,3251.122,3251.04,17:25:14
2026-01-06 17:25:59+00:00,,659.0,ETH,3249.622,3249.57,17:25:59
2026-01-06 17:25:15+00:00,,615.0,ETH,3251.142,3251.04,17:25:15
2026-01-06 17:26:00+00:00,,660.0,ETH,3249.732,3249.67,17:26:00
2026-01-06 17:25:16+00:00,,616.0,ETH,3251.232,3251.1,17:25:16
2026-01-06 17:26:01+00:00,,661.0,ETH,3249.662,3249.64,17:26:01
2026-01-06 17:25:17+00:00,,617.0,ETH,3251.272,3251.17,17:25:17
2026-01-06 17:26:02+00:00,,662.0,ETH,3249.672,3249.62,17:26:02
2026-01-06 17:25:18+00:00,,618.0,ETH,3251.262,3251.19,17:25:18
2026-01-06 17:26:03+00:00,,663.0,ETH,3249.462,3249.45,17:26:03
2026-01-06 17:25:19+00:00,,619.0,ETH,3251.292,3251.14,17:25:19
2026-01-06 17:26:04+00:00,,664.0,ETH,3249.312,3249.3,17:26:04
2026-01-06 17:25:20+00:00,,620.0,ETH,3251.112,3250.94,17:25:20
2026-01-06 17:26:05+00:00,,665.0,ETH,3249.332,3249.31,17:26:05
2026-01-06 17:25:21+00:00,,621.0,ETH,3250.732,3250.65,17:25:21
2026-01-06 17:26:06+00:00,,666.0,ETH,3249.312,3249.3,17:26:06
2026-01-06 17:25:22+00:00,,622.0,ETH,3250.522,3250.44,17:25:22
2026-01-06 17:26:07+00:00,,667.0,ETH,3249.312,3249.3,17:26:07
2026-01-06 17:25:23+00:00,,623.0,ETH,3250.342,3250.3,17:25:23
2026-01-06 17:26:08+00:00,,668.0,ETH,3249.272,3249.27,17:26:08
2026-01-06 17:25:24+00:00,,624.0,ETH,3250.162,3250.16,17:25:24
2026-01-06 17:26:09+00:00,,669.0,ETH,3249.602,3249.56,17:26:09
2026-01-06 17:25:25+00:00,,625.0,ETH,3250.122,3250.11,17:25:25
2026-01-06 17:26:10+00:00,,670.0,ETH,3249.932,3249.8,17:26:10
2026-01-06 17:25:26+00:00,,626.0,ETH,3250.102,3250.09,17:25:26
2026-01-06 17:26:11+00:00,,671.0,ETH,3250.272,3250.04,17:26:11
2026-01-06 17:25:27+00:00,,627.0,ETH,3250.092,3250.07,17:25:27
2026-01-06 17:26:12+00:00,,672.0,ETH,3250.312,3250.3,17:26:12
2026-01-06 17:25:28+00:00,,628.0,ETH,3250.232,3250.14,17:25:28
2026-01-06 17:25:29+00:00,,629.0,ETH,3250.382,3250.21,17:25:29
2026-01-06 17:25:30+00:00,,630.0,ETH,3250.642,3250.56,17:25:30
2026-01-06 17:26:13+00:00,,673.0,ETH,3250.412,3250.27,17:26:13
2026-01-06 17:25:31+00:00,,631.0,ETH,3250.422,3250.38,17:25:31
2026-01-06 17:26:14+00:00,,674.0,ETH,3250.422,3250.33,17:26:14
2026-01-06 17:25:32+00:00,,632.0,ETH,3250.112,3250.05,17:25:32
2026-01-06 17:26:15+00:00,,675.0,ETH,3250.462,3250.33,17:26:15
2026-01-06 17:25:33+00:00,,633.0,ETH,3250.012,3249.98,17:25:33
2026-01-06 17:26:16+00:00,,676.0,ETH,3250.712,3250.56,17:26:16
2026-01-06 17:25:34+00:00,,634.0,ETH,3249.972,3249.95,17:25:34
2026-01-06 17:26:17+00:00,,677.0,ETH,3250.872,3250.72,17:26:17
2026-01-06 17:25:35+00:00,,635.0,ETH,3249.972,3249.95,17:25:35
2026-01-06 17:26:19+00:00,,679.0,ETH,3250.852,3250.63,17:26:19
2026-01-06 17:25:36+00:00,,636.0,ETH,3249.882,3249.87,17:25:36
2026-01-06 17:25:37+00:00,,637.0,ETH,3249.882,3249.87,17:25:37
2026-01-06 17:26:20+00:00,,680.0,ETH,3250.712,3250.57,17:26:20
2026-01-06 17:25:38+00:00,,638.0,ETH,3249.892,3249.8,17:25:38
2026-01-06 17:26:22+00:00,,682.0,ETH,3250.482,3250.31,17:26:22
2026-01-06 17:25:39+00:00,,639.0,ETH,3249.772,3249.73,17:25:39
2026-01-06 17:26:23+00:00,,683.0,ETH,3250.522,3250.23,17:26:23
2026-01-06 17:25:40+00:00,,640.0,ETH,3249.772,3249.73,17:25:40
2026-01-06 17:26:24+00:00,,684.0,ETH,3250.762,3250.61,17:26:24
2026-01-06 17:25:41+00:00,,641.0,ETH,3249.702,3249.66,17:25:41
2026-01-06 17:26:25+00:00,,685.0,ETH,3250.852,3250.78,17:26:25
2026-01-06 17:26:26+00:00,,686.0,ETH,3251.102,3251.06,17:26:26
2026-01-06 17:25:42+00:00,,642.0,ETH,3249.692,3249.65,17:25:42
2026-01-06 17:25:43+00:00,,643.0,ETH,3249.872,3249.86,17:25:43
2026-01-06 17:26:27+00:00,,687.0,ETH,3251.272,3251.22,17:26:27
2026-01-06 17:26:28+00:00,,688.0,ETH,3251.342,3251.3,17:26:28
2026-01-06 17:25:44+00:00,,644.0,ETH,3249.872,3249.86,17:25:44
2026-01-06 17:25:45+00:00,,645.0,ETH,3249.832,3249.78,17:25:45
2026-01-06 17:26:29+00:00,,689.0,ETH,3251.422,3251.3,17:26:29
2026-01-06 17:25:46+00:00,,646.0,ETH,3249.852,3249.84,17:25:46
2026-01-06 17:26:30+00:00,,690.0,ETH,3251.422,3251.3,17:26:30
2026-01-06 17:25:47+00:00,,647.0,ETH,3249.712,3249.71,17:25:47
2026-01-06 17:26:31+00:00,,691.0,ETH,3251.152,3251.14,17:26:31
2026-01-06 17:25:48+00:00,,648.0,ETH,3249.652,3249.64,17:25:48
2026-01-06 17:26:32+00:00,,692.0,ETH,3251.082,3251.04,17:26:32
2026-01-06 17:25:49+00:00,,649.0,ETH,3249.662,3249.65,17:25:49
2026-01-06 17:26:33+00:00,,693.0,ETH,3250.982,3250.84,17:26:33
2026-01-06 17:25:50+00:00,,650.0,ETH,3249.602,3249.59,17:25:50
2026-01-06 17:26:34+00:00,,694.0,ETH,3250.992,3250.88,17:26:34
2026-01-06 17:25:51+00:00,,651.0,ETH,3249.602,3249.59,17:25:51
2026-01-06 17:26:35+00:00,,695.0,ETH,3251.202,3251.07,17:26:35
2026-01-06 17:25:52+00:00,,652.0,ETH,3249.602,3249.59,17:25:52
2026-01-06 17:26:36+00:00,,696.0,ETH,3251.202,3251.02,17:26:36
2026-01-06 17:26:37+00:00,,697.0,ETH,3251.042,3250.86,17:26:37
2026-01-06 17:25:53+00:00,,653.0,ETH,3249.602,3249.59,17:25:53
2026-01-06 17:26:38+00:00,,698.0,ETH,3250.932,3250.65,17:26:38
2026-01-06 17:25:54+00:00,,654.0,ETH,3249.612,3249.6,17:25:54
2026-01-06 17:26:39+00:00,,699.0,ETH,3250.212,3250.06,17:26:39
2026-01-06 17:25:55+00:00,,655.0,ETH,3249.612,3249.6,17:25:55
2026-01-06 17:26:40+00:00,,700.0,ETH,3250.162,3250.07,17:26:40
2026-01-06 17:25:56+00:00,,656.0,ETH,3249.622,3249.61,17:25:56
2026-01-06 17:26:41+00:00,,701.0,ETH,3250.102,3250.07,17:26:41
2026-01-06 17:25:57+00:00,,657.0,ETH,3249.622,3249.54,17:25:57
2026-01-06 17:26:42+00:00,,702.0,ETH,3250.042,3250.02,17:26:42
2026-01-06 17:25:58+00:00,,658.0,ETH,3249.622,3249.52,17:25:58
2026-01-06 17:26:43+00:00,,703.0,ETH,3250.012,3249.99,17:26:43
2026-01-06 17:25:59+00:00,,659.0,ETH,3249.672,3249.62,17:25:59
2026-01-06 17:26:44+00:00,,704.0,ETH,3250.032,3249.99,17:26:44
2026-01-06 17:26:01+00:00,,661.0,ETH,3249.662,3249.64,17:26:01
2026-01-06 17:26:45+00:00,,705.0,ETH,3250.042,3249.98,17:26:45
2026-01-06 17:26:02+00:00,,662.0,ETH,3249.672,3249.62,17:26:02
2026-01-06 17:26:46+00:00,,706.0,ETH,3250.032,3249.98,17:26:46
2026-01-06 17:26:03+00:00,,663.0,ETH,3249.462,3249.45,17:26:03
2026-01-06 17:26:47+00:00,,707.0,ETH,3250.022,3249.98,17:26:47
2026-01-06 17:26:04+00:00,,664.0,ETH,3249.312,3249.3,17:26:04
2026-01-06 17:26:48+00:00,,708.0,ETH,3250.042,3249.98,17:26:48
2026-01-06 17:26:05+00:00,,665.0,ETH,3249.332,3249.31,17:26:05
2026-01-06 17:26:49+00:00,,709.0,ETH,3250.022,3249.98,17:26:49
2026-01-06 17:26:06+00:00,,666.0,ETH,3249.312,3249.3,17:26:06
2026-01-06 17:26:50+00:00,,710.0,ETH,3250.002,3249.98,17:26:50
2026-01-06 17:26:07+00:00,,667.0,ETH,3249.312,3249.3,17:26:07
2026-01-06 17:26:51+00:00,,711.0,ETH,3250.002,3249.98,17:26:51
2026-01-06 17:26:08+00:00,,668.0,ETH,3249.272,3249.27,17:26:08
2026-01-06 17:26:52+00:00,,712.0,ETH,3250.012,3249.98,17:26:52
2026-01-06 17:26:09+00:00,,669.0,ETH,3249.602,3249.56,17:26:09
2026-01-06 17:26:53+00:00,,713.0,ETH,3249.962,3249.94,17:26:53
2026-01-06 17:26:10+00:00,,670.0,ETH,3249.932,3249.8,17:26:10
2026-01-06 17:26:54+00:00,,714.0,ETH,3249.902,3249.89,17:26:54
2026-01-06 17:26:11+00:00,,671.0,ETH,3250.272,3250.04,17:26:11
2026-01-06 17:26:55+00:00,,715.0,ETH,3250.052,3249.98,17:26:55
2026-01-06 17:26:12+00:00,,672.0,ETH,3250.312,3250.3,17:26:12
2026-01-06 17:26:56+00:00,,716.0,ETH,3250.302,3250.18,17:26:56
2026-01-06 17:26:13+00:00,,673.0,ETH,3250.382,3250.15,17:26:13
2026-01-06 17:26:57+00:00,,717.0,ETH,3250.302,3250.19,17:26:57
2026-01-06 17:26:14+00:00,,674.0,ETH,3250.432,3250.39,17:26:14
2026-01-06 17:26:58+00:00,,718.0,ETH,3250.102,3250.04,17:26:58
2026-01-06 17:26:15+00:00,,675.0,ETH,3250.402,3250.26,17:26:15
2026-01-06 17:26:59+00:00,,719.0,ETH,3250.062,3250.0,17:26:59
2026-01-06 17:26:16+00:00,,676.0,ETH,3250.532,3250.4,17:26:16
2026-01-06 17:27:00+00:00,,720.0,ETH,3250.062,3249.98,17:27:00
2026-01-06 17:27:01+00:00,,721.0,ETH,3250.002,3249.97,17:27:01
2026-01-06 17:26:17+00:00,,677.0,ETH,3250.872,3250.72,17:26:17
2026-01-06 17:27:02+00:00,,722.0,ETH,3250.002,3249.9,17:27:02
2026-01-06 17:26:18+00:00,,678.0,ETH,3250.852,3250.67,17:26:18
2026-01-06 17:27:03+00:00,,723.0,ETH,3250.002,3249.88,17:27:03
2026-01-06 17:26:19+00:00,,679.0,ETH,3250.842,3250.64,17:26:19
2026-01-06 17:27:04+00:00,,724.0,ETH,3250.002,3249.91,17:27:04
2026-01-06 17:26:20+00:00,,680.0,ETH,3250.712,3250.57,17:26:20
2026-01-06 17:27:05+00:00,,725.0,ETH,3249.962,3249.86,17:27:05
2026-01-06 17:26:21+00:00,,681.0,ETH,3250.542,3250.4,17:26:21
2026-01-06 17:27:06+00:00,,726.0,ETH,3249.962,3249.86,17:27:06
2026-01-06 17:26:22+00:00,,682.0,ETH,3250.502,3250.27,17:26:22
2026-01-06 17:27:07+00:00,,727.0,ETH,3249.922,3249.85,17:27:07
2026-01-06 17:26:23+00:00,,683.0,ETH,3250.642,3250.42,17:26:23
2026-01-06 17:27:08+00:00,,728.0,ETH,3249.862,3249.84,17:27:08
2026-01-06 17:26:24+00:00,,684.0,ETH,3250.812,3250.69,17:26:24
2026-01-06 17:27:09+00:00,,729.0,ETH,3249.842,3249.83,17:27:09
2026-01-06 17:26:25+00:00,,685.0,ETH,3250.982,3250.92,17:26:25
2026-01-06 17:27:10+00:00,,730.0,ETH,3249.842,3249.83,17:27:10
2026-01-06 17:26:26+00:00,,686.0,ETH,3251.192,3251.14,17:26:26
2026-01-06 17:27:11+00:00,,731.0,ETH,3249.762,3249.75,17:27:11
2026-01-06 17:26:27+00:00,,687.0,ETH,3251.312,3251.26,17:26:27
2026-01-06 17:27:12+00:00,,732.0,ETH,3249.712,3249.66,17:27:12
2026-01-06 17:26:28+00:00,,688.0,ETH,3251.382,3251.3,17:26:28
2026-01-06 17:27:13+00:00,,733.0,ETH,3249.372,3249.33,17:27:13
2026-01-06 17:26:29+00:00,,689.0,ETH,3251.422,3251.3,17:26:29
2026-01-06 17:27:14+00:00,,734.0,ETH,3249.322,3249.28,17:27:14
2026-01-06 17:26:30+00:00,,690.0,ETH,3251.292,3251.22,17:26:30
2026-01-06 17:27:15+00:00,,735.0,ETH,3249.272,3249.23,17:27:15
2026-01-06 17:26:31+00:00,,691.0,ETH,3251.122,3251.09,17:26:31
2026-01-06 17:27:16+00:00,,736.0,ETH,3249.222,3249.17,17:27:16
2026-01-06 17:26:32+00:00,,692.0,ETH,3251.052,3250.97,17:26:32
2026-01-06 17:27:17+00:00,,737.0,ETH,3249.202,3249.17,17:27:17
2026-01-06 17:26:33+00:00,,693.0,ETH,3250.982,3250.84,17:26:33
2026-01-06 17:27:18+00:00,,738.0,ETH,3249.122,3249.1,17:27:18
2026-01-06 17:26:34+00:00,,694.0,ETH,3250.992,3250.88,17:26:34
2026-01-06 17:27:19+00:00,,739.0,ETH,3249.072,3249.03,17:27:19
2026-01-06 17:26:35+00:00,,695.0,ETH,3251.202,3251.07,17:26:35
2026-01-06 17:27:20+00:00,,740.0,ETH,3249.062,3249.03,17:27:20
2026-01-06 17:26:36+00:00,,696.0,ETH,3251.202,3251.02,17:26:36
2026-01-06 17:27:21+00:00,,741.0,ETH,3248.912,3248.91,17:27:21
2026-01-06 17:26:37+00:00,,697.0,ETH,3250.992,3250.75,17:26:37
2026-01-06 17:27:22+00:00,,742.0,ETH,3248.892,3248.89,17:27:22
2026-01-06 17:26:38+00:00,,698.0,ETH,3250.582,3250.36,17:26:38
2026-01-06 17:27:23+00:00,,743.0,ETH,3248.682,3248.62,17:27:23
2026-01-06 17:26:39+00:00,,699.0,ETH,3250.212,3250.06,17:26:39
2026-01-06 17:27:24+00:00,,744.0,ETH,3248.842,3248.68,17:27:24
2026-01-06 17:26:40+00:00,,700.0,ETH,3250.202,3250.06,17:26:40
2026-01-06 17:26:41+00:00,,701.0,ETH,3250.132,3250.07,17:26:41
2026-01-06 17:27:25+00:00,,745.0,ETH,3248.592,3248.57,17:27:25
2026-01-06 17:26:42+00:00,,702.0,ETH,3250.062,3250.06,17:26:42
2026-01-06 17:27:26+00:00,,746.0,ETH,3248.592,3248.56,17:27:26
2026-01-06 17:26:43+00:00,,703.0,ETH,3250.012,3249.99,17:26:43
2026-01-06 17:27:27+00:00,,747.0,ETH,3248.512,3248.49,17:27:27
2026-01-06 17:26:44+00:00,,704.0,ETH,3250.022,3249.99,17:26:44
2026-01-06 17:27:28+00:00,,748.0,ETH,3248.402,3248.35,17:27:28
2026-01-06 17:26:45+00:00,,705.0,ETH,3250.032,3249.98,17:26:45
2026-01-06 17:27:29+00:00,,749.0,ETH,3248.302,3248.23,17:27:29
2026-01-06 17:26:46+00:00,,706.0,ETH,3250.042,3249.98,17:26:46
2026-01-06 17:27:30+00:00,,750.0,ETH,3248.142,3248.1,17:27:30
2026-01-06 17:26:47+00:00,,707.0,ETH,3250.022,3249.98,17:26:47
2026-01-06 17:27:32+00:00,,752.0,ETH,3247.822,3247.79,17:27:32
2026-01-06 17:26:48+00:00,,708.0,ETH,3250.032,3249.98,17:26:48
2026-01-06 17:27:33+00:00,,753.0,ETH,3247.672,3247.66,17:27:33
2026-01-06 17:26:49+00:00,,709.0,ETH,3250.042,3249.98,17:26:49
2026-01-06 17:27:34+00:00,,754.0,ETH,3247.622,3247.61,17:27:34
2026-01-06 17:26:50+00:00,,710.0,ETH,3250.002,3249.98,17:26:50
2026-01-06 17:27:35+00:00,,755.0,ETH,3247.572,3247.56,17:27:35
2026-01-06 17:26:51+00:00,,711.0,ETH,3250.002,3249.98,17:26:51
2026-01-06 17:27:36+00:00,,756.0,ETH,3247.572,3247.56,17:27:36
2026-01-06 17:26:52+00:00,,712.0,ETH,3250.012,3249.98,17:26:52
2026-01-06 17:27:37+00:00,,757.0,ETH,3247.582,3247.57,17:27:37
2026-01-06 17:27:38+00:00,,758.0,ETH,3247.582,3247.57,17:27:38
2026-01-06 17:26:53+00:00,,713.0,ETH,3250.012,3249.98,17:26:53
2026-01-06 17:27:39+00:00,,759.0,ETH,3247.462,3247.45,17:27:39
2026-01-06 17:26:54+00:00,,714.0,ETH,3249.902,3249.89,17:26:54
2026-01-06 17:27:40+00:00,,760.0,ETH,3247.462,3247.45,17:27:40
2026-01-06 17:26:55+00:00,,715.0,ETH,3250.052,3249.98,17:26:55
2026-01-06 17:27:41+00:00,,761.0,ETH,3247.552,3247.52,17:27:41
2026-01-06 17:26:56+00:00,,716.0,ETH,3250.302,3250.18,17:26:56
2026-01-06 17:27:42+00:00,,762.0,ETH,3247.622,3247.56,17:27:42
2026-01-06 17:26:57+00:00,,717.0,ETH,3250.302,3250.19,17:26:57
2026-01-06 17:27:43+00:00,,763.0,ETH,3247.622,3247.57,17:27:43
2026-01-06 17:26:58+00:00,,718.0,ETH,3250.102,3250.04,17:26:58
2026-01-06 17:27:44+00:00,,764.0,ETH,3247.692,3247.57,17:27:44
2026-01-06 17:26:59+00:00,,719.0,ETH,3250.062,3250.0,17:26:59
2026-01-06 17:27:45+00:00,,765.0,ETH,3247.322,3246.92,17:27:45
2026-01-06 17:27:00+00:00,,720.0,ETH,3250.062,3249.98,17:27:00
2026-01-06 17:27:46+00:00,,766.0,ETH,3246.722,3246.55,17:27:46
2026-01-06 17:27:01+00:00,,721.0,ETH,3250.002,3249.93,17:27:01
2026-01-06 17:27:47+00:00,,767.0,ETH,3246.412,3246.4,17:27:47
2026-01-06 17:27:02+00:00,,722.0,ETH,3250.002,3249.89,17:27:02
2026-01-06 17:27:48+00:00,,768.0,ETH,3246.412,3246.4,17:27:48
2026-01-06 17:27:03+00:00,,723.0,ETH,3250.002,3249.9,17:27:03
2026-01-06 17:27:49+00:00,,769.0,ETH,3246.412,3246.4,17:27:49
2026-01-06 17:27:04+00:00,,724.0,ETH,3249.982,3249.89,17:27:04
2026-01-06 17:27:50+00:00,,770.0,ETH,3246.172,3246.16,17:27:50
2026-01-06 17:27:05+00:00,,725.0,ETH,3249.962,3249.86,17:27:05
2026-01-06 17:27:51+00:00,,771.0,ETH,3246.172,3246.16,17:27:51
2026-01-06 17:27:06+00:00,,726.0,ETH,3249.962,3249.86,17:27:06
2026-01-06 17:27:52+00:00,,772.0,ETH,3246.132,3246.09,17:27:52
2026-01-06 17:27:07+00:00,,727.0,ETH,3249.922,3249.85,17:27:07
2026-01-06 17:27:53+00:00,,773.0,ETH,3245.772,3245.74,17:27:53
2026-01-06 17:27:08+00:00,,728.0,ETH,3249.862,3249.84,17:27:08
2026-01-06 17:27:54+00:00,,774.0,ETH,3245.692,3245.68,17:27:54
2026-01-06 17:27:09+00:00,,729.0,ETH,3249.842,3249.83,17:27:09
2026-01-06 17:27:55+00:00,,775.0,ETH,3245.852,3245.75,17:27:55
2026-01-06 17:27:10+00:00,,730.0,ETH,3249.842,3249.83,17:27:10
2026-01-06 17:27:56+00:00,,776.0,ETH,3246.162,3246.12,17:27:56
2026-01-06 17:27:11+00:00,,731.0,ETH,3249.762,3249.75,17:27:11
2026-01-06 17:27:57+00:00,,777.0,ETH,3246.342,3246.23,17:27:57
2026-01-06 17:27:12+00:00,,732.0,ETH,3249.542,3249.5,17:27:12
2026-01-06 17:27:58+00:00,,778.0,ETH,3246.352,3246.24,17:27:58
2026-01-06 17:27:13+00:00,,733.0,ETH,3249.352,3249.31,17:27:13
2026-01-06 17:27:59+00:00,,779.0,ETH,3246.382,3246.23,17:27:59
2026-01-06 17:27:14+00:00,,734.0,ETH,3249.302,3249.25,17:27:14
2026-01-06 17:28:00+00:00,,780.0,ETH,3246.532,3246.38,17:28:00
2026-01-06 17:27:15+00:00,,735.0,ETH,3249.252,3249.2,17:27:15
2026-01-06 17:28:01+00:00,,781.0,ETH,3246.642,3246.47,17:28:01
2026-01-06 17:27:16+00:00,,736.0,ETH,3249.212,3249.17,17:27:16
2026-01-06 17:28:02+00:00,,782.0,ETH,3246.692,3246.47,17:28:02
2026-01-06 17:27:17+00:00,,737.0,ETH,3249.162,3249.14,17:27:17
2026-01-06 17:28:03+00:00,,783.0,ETH,3247.382,3247.24,17:28:03
2026-01-06 17:27:18+00:00,,738.0,ETH,3249.092,3249.06,17:27:18
2026-01-06 17:28:04+00:00,,784.0,ETH,3247.562,3247.49,17:28:04
2026-01-06 17:27:19+00:00,,739.0,ETH,3249.072,3249.03,17:27:19
2026-01-06 17:28:05+00:00,,785.0,ETH,3247.642,3247.45,17:28:05
2026-01-06 17:27:20+00:00,,740.0,ETH,3248.992,3248.97,17:27:20
2026-01-06 17:28:06+00:00,,786.0,ETH,3247.612,3247.48,17:28:06
2026-01-06 17:27:21+00:00,,741.0,ETH,3248.902,3248.9,17:27:21
2026-01-06 17:28:07+00:00,,787.0,ETH,3247.632,3247.48,17:28:07
2026-01-06 17:27:22+00:00,,742.0,ETH,3248.792,3248.75,17:27:22
2026-01-06 17:28:08+00:00,,788.0,ETH,3247.172,3246.71,17:28:08
2026-01-06 17:27:23+00:00,,743.0,ETH,3248.762,3248.65,17:27:23
2026-01-06 17:28:09+00:00,,789.0,ETH,3246.642,3246.63,17:28:09
2026-01-06 17:27:24+00:00,,744.0,ETH,3248.722,3248.63,17:27:24
2026-01-06 17:28:10+00:00,,790.0,ETH,3246.642,3246.62,17:28:10
2026-01-06 17:27:25+00:00,,745.0,ETH,3248.592,3248.57,17:27:25
2026-01-06 17:28:11+00:00,,791.0,ETH,3246.372,3246.36,17:28:11
2026-01-06 17:27:26+00:00,,746.0,ETH,3248.592,3248.56,17:27:26
2026-01-06 17:28:12+00:00,,792.0,ETH,3246.522,3246.49,17:28:12
2026-01-06 17:27:27+00:00,,747.0,ETH,3248.512,3248.49,17:27:27
2026-01-06 17:28:13+00:00,,793.0,ETH,3246.542,3246.5,17:28:13
2026-01-06 17:27:28+00:00,,748.0,ETH,3248.402,3248.35,17:27:28
2026-01-06 17:28:14+00:00,,794.0,ETH,3246.382,3246.36,17:28:14
2026-01-06 17:27:29+00:00,,749.0,ETH,3248.402,3248.3,17:27:29
2026-01-06 17:27:30+00:00,,750.0,ETH,3248.202,3248.17,17:27:30
2026-01-06 17:28:15+00:00,,795.0,ETH,3246.272,3246.26,17:28:15
2026-01-06 17:27:31+00:00,,751.0,ETH,3248.072,3248.04,17:27:31
2026-01-06 17:28:16+00:00,,796.0,ETH,3246.182,3246.17,17:28:16
2026-01-06 17:27:32+00:00,,752.0,ETH,3247.822,3247.79,17:27:32
2026-01-06 17:28:17+00:00,,797.0,ETH,3246.142,3246.13,17:28:17
2026-01-06 17:27:33+00:00,,753.0,ETH,3247.672,3247.66,17:27:33
2026-01-06 17:28:18+00:00,,798.0,ETH,3246.122,3246.11,17:28:18
2026-01-06 17:27:34+00:00,,754.0,ETH,3247.622,3247.61,17:27:34
2026-01-06 17:28:19+00:00,,799.0,ETH,3246.102,3246.09,17:28:19
2026-01-06 17:27:35+00:00,,755.0,ETH,3247.572,3247.56,17:27:35
2026-01-06 17:28:20+00:00,,800.0,ETH,3246.122,3246.11,17:28:20
2026-01-06 17:27:36+00:00,,756.0,ETH,3247.572,3247.56,17:27:36
2026-01-06 17:28:21+00:00,,801.0,ETH,3246.142,3246.12,17:28:21
2026-01-06 17:27:37+00:00,,757.0,ETH,3247.582,3247.57,17:27:37
2026-01-06 17:28:22+00:00,,802.0,ETH,3246.262,3246.21,17:28:22
2026-01-06 17:27:38+00:00,,758.0,ETH,3247.582,3247.57,17:27:38
2026-01-06 17:28:23+00:00,,803.0,ETH,3246.472,3246.43,17:28:23
2026-01-06 17:27:39+00:00,,759.0,ETH,3247.462,3247.45,17:27:39
2026-01-06 17:28:24+00:00,,804.0,ETH,3246.682,3246.62,17:28:24
2026-01-06 17:27:40+00:00,,760.0,ETH,3247.462,3247.45,17:27:40
2026-01-06 17:28:25+00:00,,805.0,ETH,3246.792,3246.68,17:28:25
2026-01-06 17:27:41+00:00,,761.0,ETH,3247.552,3247.52,17:27:41
2026-01-06 17:28:26+00:00,,806.0,ETH,3246.812,3246.68,17:28:26
2026-01-06 17:27:42+00:00,,762.0,ETH,3247.622,3247.56,17:27:42
2026-01-06 17:28:27+00:00,,807.0,ETH,3246.832,3246.72,17:28:27
2026-01-06 17:27:43+00:00,,763.0,ETH,3247.622,3247.57,17:27:43
2026-01-06 17:28:28+00:00,,808.0,ETH,3246.852,3246.74,17:28:28
2026-01-06 17:27:44+00:00,,764.0,ETH,3247.692,3247.57,17:27:44
2026-01-06 17:28:29+00:00,,809.0,ETH,3246.802,3246.67,17:28:29
2026-01-06 17:27:45+00:00,,765.0,ETH,3247.322,3246.92,17:27:45
2026-01-06 17:28:30+00:00,,810.0,ETH,3246.742,3246.61,17:28:30
2026-01-06 17:27:46+00:00,,766.0,ETH,3246.722,3246.55,17:27:46
2026-01-06 17:28:31+00:00,,811.0,ETH,3246.742,3246.62,17:28:31
2026-01-06 17:27:47+00:00,,767.0,ETH,3246.412,3246.4,17:27:47
2026-01-06 17:28:32+00:00,,812.0,ETH,3246.752,3246.64,17:28:32
2026-01-06 17:27:48+00:00,,768.0,ETH,3246.412,3246.4,17:27:48
2026-01-06 17:28:33+00:00,,813.0,ETH,3246.742,3246.63,17:28:33
2026-01-06 17:27:49+00:00,,769.0,ETH,3246.412,3246.4,17:27:49
2026-01-06 17:28:34+00:00,,814.0,ETH,3246.872,3246.79,17:28:34
2026-01-06 17:27:50+00:00,,770.0,ETH,3246.172,3246.16,17:27:50
2026-01-06 17:28:35+00:00,,815.0,ETH,3247.232,3247.1,17:28:35
2026-01-06 17:27:51+00:00,,771.0,ETH,3246.172,3246.16,17:27:51
2026-01-06 17:28:36+00:00,,816.0,ETH,3247.422,3247.24,17:28:36
2026-01-06 17:27:52+00:00,,772.0,ETH,3246.132,3246.09,17:27:52
2026-01-06 17:28:37+00:00,,817.0,ETH,3247.322,3247.19,17:28:37
2026-01-06 17:28:38+00:00,,818.0,ETH,3247.112,3247.0,17:28:38
2026-01-06 17:27:53+00:00,,773.0,ETH,3245.732,3245.71,17:27:53
2026-01-06 17:28:39+00:00,,819.0,ETH,3246.992,3246.88,17:28:39
2026-01-06 17:27:54+00:00,,774.0,ETH,3245.772,3245.72,17:27:54
2026-01-06 17:28:40+00:00,,820.0,ETH,3247.092,3246.99,17:28:40
2026-01-06 17:27:55+00:00,,775.0,ETH,3246.012,3245.94,17:27:55
2026-01-06 17:28:41+00:00,,821.0,ETH,3247.172,3247.02,17:28:41
2026-01-06 17:27:56+00:00,,776.0,ETH,3246.252,3246.17,17:27:56
2026-01-06 17:28:42+00:00,,822.0,ETH,3247.132,3246.98,17:28:42
2026-01-06 17:27:57+00:00,,777.0,ETH,3246.342,3246.24,17:27:57
2026-01-06 17:28:43+00:00,,823.0,ETH,3247.162,3247.07,17:28:43
2026-01-06 17:27:58+00:00,,778.0,ETH,3246.362,3246.24,17:27:58
2026-01-06 17:28:44+00:00,,824.0,ETH,3247.232,3247.06,17:28:44
2026-01-06 17:28:00+00:00,,780.0,ETH,3246.532,3246.38,17:28:00
2026-01-06 17:28:45+00:00,,825.0,ETH,3247.262,3247.01,17:28:45
2026-01-06 17:28:01+00:00,,781.0,ETH,3246.642,3246.47,17:28:01
2026-01-06 17:28:46+00:00,,826.0,ETH,3247.272,3247.1,17:28:46
2026-01-06 17:28:02+00:00,,782.0,ETH,3246.692,3246.47,17:28:02
