timestamp,collected_at,seconds,up_mid,up_best_bid,up_best_ask,down_mid,down_best_bid,down_best_ask,up_best_bid_size,up_best_ask_size,down_best_bid_size,down_best_ask_size,up_bid_2,up_bid_2_size,up_ask_2,up_ask_2_size,down_bid_2,down_bid_2_size,down_ask_2,down_ask_2_size
2026-01-06 17:15:00.823000+00:00,2026-01-06 17:15:01.311503+00:00,0.823,0.56,0.54,0.58,0.44,0.42,0.46,50.0,5.0,5.0,50.0,0.53,5.0,0.59,10.0,0.41,10.0,0.47,5.0
2026-01-06 17:15:00.823000+00:00,2026-01-06 17:15:01.391421+00:00,0.823,0.56,0.54,0.58,0.435,0.41,0.46,50.0,5.0,5.0,50.0,0.53,5.0,0.59,10.0,0.4,299.0,0.47,5.0
2026-01-06 17:15:01.813000+00:00,2026-01-06 17:15:02.330112+00:00,1.813,0.575,0.55,0.6,0.41500000000000004,0.4,0.43,91.0,299.0,299.0,5.0,0.54,50.0,0.61,5.0,0.39,5.0,0.45,91.0
2026-01-06 17:15:01.899000+00:00,2026-01-06 17:15:02.392527+00:00,1.899,0.585,0.57,0.6,0.41500000000000004,0.4,0.43,5.0,299.0,299.0,5.0,0.55,91.0,0.61,5.0,0.39,5.0,0.45,91.0
2026-01-06 17:15:02.829000+00:00,2026-01-06 17:15:03.332120+00:00,2.829,0.585,0.58,0.59,0.415,0.41,0.42,193.0,51.0,112.0,188.0,0.57,304.0,0.6,477.36,0.4,477.36,0.43,304.0
2026-01-06 17:15:02.829000+00:00,2026-01-06 17:15:03.400087+00:00,2.829,0.585,0.58,0.59,0.415,0.41,0.42,193.0,51.0,112.0,309.0,0.57,304.0,0.6,477.36,0.4,117.36,0.43,309.0
2026-01-06 17:15:03.783000+00:00,2026-01-06 17:15:04.332600+00:00,3.783,0.595,0.59,0.6,0.405,0.4,0.41,193.0,56.36,31.36,138.12,0.58,309.0,0.61,5.0,0.39,25.0,0.42,304.0
2026-01-06 17:15:03.908000+00:00,2026-01-06 17:15:04.400976+00:00,3.908,0.595,0.59,0.6,0.405,0.4,0.41,193.0,36.36,31.36,138.12,0.58,309.0,0.61,25.0,0.39,25.0,0.42,304.0
2026-01-06 17:15:04.906000+00:00,2026-01-06 17:15:05.352370+00:00,4.906,0.6,0.59,0.61,0.385,0.38,0.39,188.04,5.0,15.0,142.0,0.58,304.0,0.62,18.97,0.36,45.0,0.4,136.0
2026-01-06 17:15:04.939000+00:00,2026-01-06 17:15:05.402406+00:00,4.939,0.615,0.61,0.62,0.37,0.36,0.38,117.0,18.97,40.0,15.0,0.6,15.0,0.63,15.0,0.35,319.0,0.39,258.0
2026-01-06 17:15:05.912000+00:00,2026-01-06 17:15:06.364780+00:00,5.912,0.645,0.64,0.65,0.355,0.35,0.36,124.66,30.0,30.0,124.66,0.63,193.0,0.66,40.0,0.34,40.0,0.37,193.0
2026-01-06 17:15:05.954000+00:00,2026-01-06 17:15:06.415918+00:00,5.954,0.645,0.64,0.65,0.355,0.35,0.36,124.66,30.0,60.0,111.66,0.63,193.0,0.66,40.0,0.34,127.0,0.37,178.0
2026-01-06 17:15:06.898000+00:00,2026-01-06 17:15:07.376514+00:00,6.898,0.62,0.61,0.63,0.38,0.37,0.39,149.0,55.0,65.0,149.0,0.6,48.99,0.64,324.0,0.36,324.0,0.4,48.99
2026-01-06 17:15:06.931000+00:00,2026-01-06 17:15:07.414348+00:00,6.931,0.62,0.61,0.63,0.38,0.37,0.39,149.0,55.0,65.0,149.0,0.6,48.99,0.64,324.0,0.36,324.0,0.4,48.99
2026-01-06 17:15:07.916000+00:00,2026-01-06 17:15:08.396853+00:00,7.916,0.615,0.61,0.62,0.395,0.39,0.4,38.8,115.0,20.0,88.99,0.6,108.99,0.63,167.0,0.38,95.0,0.41,143.04
2026-01-06 17:15:07.935000+00:00,2026-01-06 17:15:08.412223+00:00,7.935,0.615,0.61,0.62,0.395,0.39,0.4,38.8,115.0,20.0,88.99,0.6,108.99,0.63,167.0,0.38,95.0,0.41,143.04
2026-01-06 17:15:08.915000+00:00,2026-01-06 17:15:09.402941+00:00,8.915,0.61,0.6,0.62,0.39,0.38,0.4,99.86,55.0,90.0,69.86,0.59,163.04,0.63,157.0,0.37,193.0,0.41,178.04
2026-01-06 17:15:08.950000+00:00,2026-01-06 17:15:09.418994+00:00,8.95,0.61,0.6,0.62,0.39,0.38,0.4,104.86,55.0,90.0,69.86,0.59,163.04,0.63,157.0,0.37,193.0,0.41,178.04
2026-01-06 17:15:09.920000+00:00,2026-01-06 17:15:10.406173+00:00,9.92,0.595,0.59,0.6,0.415,0.41,0.42,15.0,91.0,5.0,50.0,0.58,85.0,0.61,419.0,0.4,211.0,0.43,72.0
2026-01-06 17:15:09.960000+00:00,2026-01-06 17:15:10.423173+00:00,9.96,0.59,0.58,0.6,0.415,0.41,0.42,75.0,111.0,5.0,50.0,0.57,15.0,0.61,419.0,0.4,211.0,0.43,72.0
2026-01-06 17:15:10.665000+00:00,2026-01-06 17:15:11.415573+00:00,10.665,0.585,0.58,0.59,0.415,0.41,0.42,55.0,5.0,35.0,20.0,0.57,107.0,0.6,228.0,0.4,193.0,0.43,147.0
2026-01-06 17:15:10.958000+00:00,2026-01-06 17:15:11.432717+00:00,10.958,0.585,0.58,0.59,0.42,0.41,0.43,55.0,5.0,55.0,162.0,0.57,107.0,0.6,228.0,0.4,208.0,0.44,265.0
2026-01-06 17:15:11.989000+00:00,2026-01-06 17:15:12.443096+00:00,11.989,0.585,0.58,0.59,0.415,0.41,0.42,50.0,38.0,33.0,50.0,0.57,94.33,0.6,241.0,0.4,241.0,0.43,99.33
2026-01-06 17:15:11.962000+00:00,2026-01-06 17:15:12.428600+00:00,11.962,0.585,0.58,0.59,0.415,0.41,0.42,55.0,38.0,33.0,50.0,0.57,94.33,0.6,241.0,0.4,241.0,0.43,99.33
2026-01-06 17:15:12.861000+00:00,2026-01-06 17:15:13.442999+00:00,12.861,0.585,0.58,0.59,0.415,0.41,0.42,60.0,33.0,20.0,60.0,0.57,130.33,0.6,241.0,0.4,134.0,0.43,323.33
2026-01-06 17:15:12.861000+00:00,2026-01-06 17:15:13.450607+00:00,12.861,0.585,0.58,0.59,0.415,0.41,0.42,60.0,33.0,20.0,60.0,0.57,130.33,0.6,241.0,0.4,134.0,0.43,323.33
2026-01-06 17:15:13.932000+00:00,2026-01-06 17:15:14.449127+00:00,13.932,0.58,0.57,0.59,0.415,0.41,0.42,424.33,65.0,20.0,55.0,0.56,456.0,0.6,138.0,0.4,168.0,0.43,384.33
2026-01-06 17:15:14.914000+00:00,2026-01-06 17:15:15.441591+00:00,14.914,0.595,0.59,0.6,0.395,0.39,0.4,332.0,3.0,50.0,124.0,0.58,567.0,0.61,50.0,0.38,68.0,0.41,327.0
2026-01-06 17:15:14.914000+00:00,2026-01-06 17:15:15.451670+00:00,14.914,0.595,0.59,0.6,0.395,0.39,0.4,332.0,3.0,50.0,124.0,0.58,567.0,0.61,50.0,0.38,68.0,0.41,327.0
2026-01-06 17:15:15.975000+00:00,2026-01-06 17:15:16.457612+00:00,15.975,0.595,0.59,0.6,0.405,0.4,0.41,86.0,14.91,19.91,86.0,0.58,442.0,0.61,161.0,0.39,161.0,0.42,442.0
2026-01-06 17:15:15.975000+00:00,2026-01-06 17:15:16.473341+00:00,15.975,0.595,0.59,0.6,0.405,0.4,0.41,86.0,14.91,19.91,86.0,0.58,442.0,0.61,161.0,0.39,161.0,0.42,442.0
2026-01-06 17:15:16.998000+00:00,2026-01-06 17:15:17.468330+00:00,16.998,0.59,0.58,0.6,0.41000000000000003,0.4,0.42,428.0,68.0,121.0,433.0,0.57,586.33,0.61,351.0,0.39,261.0,0.43,443.33
2026-01-06 17:15:17.031000+00:00,2026-01-06 17:15:17.499914+00:00,17.031,0.59,0.58,0.6,0.41000000000000003,0.4,0.42,433.0,139.0,121.0,487.0,0.57,515.33,0.61,351.0,0.39,261.0,0.43,443.33
2026-01-06 17:15:18.007000+00:00,2026-01-06 17:15:18.473521+00:00,18.007,0.595,0.59,0.6,0.405,0.4,0.41,25.0,95.66,110.66,10.0,0.58,497.84,0.61,139.0,0.39,139.0,0.42,513.84
2026-01-06 17:15:18.025000+00:00,2026-01-06 17:15:18.523752+00:00,18.025,0.595,0.59,0.6,0.405,0.4,0.41,25.0,95.66,110.66,10.0,0.58,558.84,0.61,139.0,0.39,139.0,0.42,513.84
2026-01-06 17:15:19+00:00,2026-01-06 17:15:19.474555+00:00,19.0,0.585,0.58,0.59,0.415,0.41,0.42,406.84,5.0,5.0,406.84,0.57,363.33,0.6,110.66,0.4,110.66,0.43,363.33
2026-01-06 17:15:19+00:00,2026-01-06 17:15:19.537790+00:00,19.0,0.585,0.58,0.59,0.415,0.41,0.42,406.84,5.0,5.0,406.84,0.57,363.33,0.6,110.66,0.4,110.66,0.43,363.33
2026-01-06 17:15:20+00:00,2026-01-06 17:15:20.480915+00:00,20.0,0.59,0.58,0.6,0.41000000000000003,0.4,0.42,393.84,30.0,30.0,393.84,0.57,421.33,0.61,210.0,0.39,210.0,0.43,391.33
2026-01-06 17:15:20.097000+00:00,2026-01-06 17:15:20.559425+00:00,20.097,0.59,0.58,0.6,0.41000000000000003,0.4,0.42,393.84,30.0,30.0,393.84,0.57,391.33,0.61,210.0,0.39,210.0,0.43,376.33
2026-01-06 17:15:21.023000+00:00,2026-01-06 17:15:21.551158+00:00,21.023,0.59,0.58,0.6,0.41000000000000003,0.4,0.42,340.84,30.0,30.0,340.84,0.57,358.33,0.61,156.0,0.39,349.0,0.43,373.33
2026-01-06 17:15:21.998000+00:00,2026-01-06 17:15:22.501253+00:00,21.998,0.585,0.58,0.59,0.415,0.41,0.42,7.5,350.0,350.0,7.5,0.57,191.33,0.6,414.0,0.4,475.0,0.43,8.33
2026-01-06 17:15:22.078000+00:00,2026-01-06 17:15:22.549185+00:00,22.078,0.585,0.58,0.59,0.425,0.42,0.43,7.5,350.0,50.0,8.33,0.57,8.33,0.6,414.0,0.41,315.0,0.44,364.34
2026-01-06 17:15:23.064000+00:00,2026-01-06 17:15:23.522431+00:00,23.064,0.5700000000000001,0.56,0.58,0.43,0.42,0.44,109.34,121.0,121.0,24.66,0.55,371.0,0.59,287.0,0.41,252.0,0.45,397.0
2026-01-06 17:15:23.089000+00:00,2026-01-06 17:15:23.555198+00:00,23.089,0.5700000000000001,0.56,0.58,0.43,0.42,0.44,109.34,121.0,131.0,59.66,0.55,407.0,0.59,287.0,0.41,252.0,0.45,397.0
2026-01-06 17:15:24.062000+00:00,2026-01-06 17:15:24.532210+00:00,24.062,0.565,0.56,0.57,0.435,0.43,0.44,30.0,76.28,76.28,15.0,0.55,154.72,0.58,220.84,0.42,220.84,0.45,208.72
2026-01-06 17:15:24.083000+00:00,2026-01-06 17:15:24.565693+00:00,24.083,0.565,0.56,0.57,0.435,0.43,0.44,35.0,76.28,76.28,35.0,0.55,154.72,0.58,220.84,0.42,220.84,0.45,208.72
2026-01-06 17:15:25.071000+00:00,2026-01-06 17:15:25.542524+00:00,25.071,0.555,0.55,0.56,0.445,0.44,0.45,195.72,35.0,35.0,159.72,0.54,304.0,0.57,46.28,0.43,64.28,0.46,358.0
2026-01-06 17:15:25.085000+00:00,2026-01-06 17:15:25.573986+00:00,25.085,0.555,0.55,0.56,0.445,0.44,0.45,159.72,35.0,35.0,159.72,0.54,304.0,0.57,46.28,0.43,64.28,0.46,358.0
2026-01-06 17:15:26.086000+00:00,2026-01-06 17:15:26.550969+00:00,26.086,0.555,0.55,0.56,0.445,0.44,0.45,134.72,40.0,65.0,129.72,0.54,340.0,0.57,82.28,0.43,171.28,0.46,345.0
2026-01-06 17:15:26.096000+00:00,2026-01-06 17:15:26.566158+00:00,26.096,0.555,0.55,0.56,0.445,0.44,0.45,134.72,65.0,65.0,129.72,0.54,340.0,0.57,82.28,0.43,171.28,0.46,345.0
2026-01-06 17:15:27.060000+00:00,2026-01-06 17:15:27.575351+00:00,27.06,0.555,0.55,0.56,0.445,0.44,0.45,109.72,1.42,1.42,114.72,0.54,327.0,0.57,221.28,0.43,196.28,0.46,322.0
2026-01-06 17:15:27.060000+00:00,2026-01-06 17:15:27.560008+00:00,27.06,0.555,0.55,0.56,0.445,0.44,0.45,109.72,1.42,1.42,114.72,0.54,327.0,0.57,221.28,0.43,196.28,0.46,322.0
2026-01-06 17:15:28.056000+00:00,2026-01-06 17:15:28.578532+00:00,28.056,0.555,0.55,0.56,0.445,0.44,0.45,129.72,304.0,304.0,129.72,0.54,100.0,0.57,410.0,0.43,410.0,0.46,100.0
2026-01-06 17:15:28.056000+00:00,2026-01-06 17:15:28.578532+00:00,28.056,0.555,0.55,0.56,0.445,0.44,0.45,129.72,304.0,304.0,129.72,0.54,100.0,0.57,410.0,0.43,410.0,0.46,100.0
2026-01-06 17:15:29.038000+00:00,2026-01-06 17:15:29.595885+00:00,29.038,0.555,0.55,0.56,0.445,0.44,0.45,5.0,227.0,223.42,5.0,0.54,110.0,0.57,268.0,0.43,268.0,0.46,110.0
2026-01-06 17:15:29.038000+00:00,2026-01-06 17:15:29.580569+00:00,29.038,0.555,0.55,0.56,0.445,0.44,0.45,5.0,227.0,223.42,5.0,0.54,110.0,0.57,268.0,0.43,268.0,0.46,110.0
2026-01-06 17:15:30.119000+00:00,2026-01-06 17:15:30.601523+00:00,30.119,0.545,0.54,0.55,0.455,0.45,0.46,50.0,303.0,362.0,50.0,0.53,76.0,0.56,507.0,0.44,525.0,0.47,71.0
2026-01-06 17:15:30.119000+00:00,2026-01-06 17:15:30.601523+00:00,30.119,0.545,0.54,0.55,0.455,0.45,0.46,50.0,303.0,362.0,50.0,0.53,76.0,0.56,507.0,0.44,525.0,0.47,71.0
2026-01-06 17:15:31.105000+00:00,2026-01-06 17:15:31.617389+00:00,31.105,0.535,0.53,0.54,0.46499999999999997,0.46,0.47,5.0,157.0,172.0,5.0,0.52,731.41,0.55,348.0,0.45,333.0,0.48,581.41
2026-01-06 17:15:31.105000+00:00,2026-01-06 17:15:31.617389+00:00,31.105,0.535,0.53,0.54,0.46499999999999997,0.46,0.47,5.0,157.0,172.0,5.0,0.52,731.41,0.55,348.0,0.45,333.0,0.48,581.41
2026-01-06 17:15:32.115000+00:00,2026-01-06 17:15:32.614402+00:00,32.115,0.535,0.53,0.54,0.46499999999999997,0.46,0.47,39.02,128.0,250.0,39.02,0.52,600.41,0.55,384.0,0.45,384.0,0.48,600.41
2026-01-06 17:15:32.115000+00:00,2026-01-06 17:15:32.633519+00:00,32.115,0.535,0.53,0.54,0.46499999999999997,0.46,0.47,39.02,128.0,250.0,39.02,0.52,600.41,0.55,384.0,0.45,384.0,0.48,600.41
2026-01-06 17:15:33.103000+00:00,2026-01-06 17:15:33.612429+00:00,33.103,0.525,0.52,0.53,0.475,0.47,0.48,600.41,381.98,381.98,600.41,0.51,133.41,0.54,253.0,0.46,253.0,0.49,133.41
2026-01-06 17:15:33.192000+00:00,2026-01-06 17:15:33.632582+00:00,33.192,0.525,0.52,0.53,0.475,0.47,0.48,600.41,381.98,396.98,600.41,0.51,133.41,0.54,253.0,0.46,238.0,0.49,133.41
2026-01-06 17:15:34.167000+00:00,2026-01-06 17:15:34.640764+00:00,34.167,0.525,0.52,0.53,0.475,0.47,0.48,249.01,497.98,497.98,195.01,0.51,138.41,0.54,282.8,0.46,282.8,0.49,138.41
2026-01-06 17:15:34.148000+00:00,2026-01-06 17:15:34.625349+00:00,34.148,0.525,0.52,0.53,0.475,0.47,0.48,442.01,497.98,497.98,213.01,0.51,138.41,0.54,282.8,0.46,282.8,0.49,138.41
2026-01-06 17:15:35.139000+00:00,2026-01-06 17:15:35.631946+00:00,35.139,0.525,0.52,0.53,0.475,0.47,0.48,36.51,454.98,271.98,36.51,0.51,143.41,0.54,360.8,0.46,360.8,0.49,138.41
2026-01-06 17:15:35.139000+00:00,2026-01-06 17:15:35.648895+00:00,35.139,0.525,0.52,0.53,0.475,0.47,0.48,36.51,454.98,271.98,36.51,0.51,143.41,0.54,360.8,0.46,234.8,0.49,138.41
2026-01-06 17:15:36.135000+00:00,2026-01-06 17:15:36.643008+00:00,36.135,0.525,0.52,0.53,0.475,0.47,0.48,29.01,248.75,309.75,2.23,0.51,138.41,0.54,373.8,0.46,373.8,0.49,138.41
2026-01-06 17:15:36.199000+00:00,2026-01-06 17:15:36.658250+00:00,36.199,0.525,0.52,0.53,0.475,0.47,0.48,29.01,248.75,309.75,2.23,0.51,138.41,0.54,373.8,0.46,373.8,0.49,138.41
2026-01-06 17:15:37.151000+00:00,2026-01-06 17:15:37.651245+00:00,37.151,0.515,0.51,0.52,0.495,0.49,0.5,64.64,55.0,57.36,1836.39,0.5,1836.39,0.53,408.75,0.48,55.0,0.51,267.87
2026-01-06 17:15:37.151000+00:00,2026-01-06 17:15:37.667979+00:00,37.151,0.515,0.51,0.52,0.495,0.49,0.5,64.64,55.0,57.36,1836.39,0.5,1836.39,0.53,408.75,0.48,20.0,0.51,267.87
2026-01-06 17:15:38+00:00,2026-01-06 17:15:38.684408+00:00,38.0,0.505,0.5,0.51,0.495,0.49,0.5,1854.39,168.36,168.36,1854.39,0.49,249.87,0.52,25.0,0.48,25.0,0.51,249.87
2026-01-06 17:15:38+00:00,2026-01-06 17:15:38.667487+00:00,38.0,0.505,0.5,0.51,0.495,0.49,0.5,1854.39,168.36,168.36,1854.39,0.49,249.87,0.52,25.0,0.48,25.0,0.51,249.87
2026-01-06 17:15:39.210000+00:00,2026-01-06 17:15:39.681684+00:00,39.21,0.505,0.5,0.51,0.495,0.49,0.5,1854.39,101.0,26.0,1854.39,0.49,249.87,0.52,25.0,0.48,25.0,0.51,267.87
2026-01-06 17:15:39.210000+00:00,2026-01-06 17:15:39.681684+00:00,39.21,0.505,0.5,0.51,0.495,0.49,0.5,1854.39,101.0,26.0,1854.39,0.49,249.87,0.52,25.0,0.48,25.0,0.51,267.87
2026-01-06 17:15:40.215000+00:00,2026-01-06 17:15:40.677256+00:00,40.215,0.505,0.5,0.51,0.495,0.49,0.5,1793.39,65.0,195.03,1695.39,0.49,250.87,0.52,25.0,0.48,30.0,0.51,218.87
2026-01-06 17:15:40.235000+00:00,2026-01-06 17:15:40.692373+00:00,40.235,0.505,0.5,0.51,0.495,0.49,0.5,1713.39,50.0,195.03,1695.39,0.49,200.87,0.52,25.0,0.48,30.0,0.51,218.87
2026-01-06 17:15:41.235000+00:00,2026-01-06 17:15:41.682759+00:00,41.235,0.505,0.5,0.51,0.495,0.49,0.5,1677.39,116.0,182.0,1655.27,0.49,40.87,0.52,90.0,0.48,90.0,0.51,40.87
2026-01-06 17:15:41.248000+00:00,2026-01-06 17:15:41.698341+00:00,41.248,0.505,0.5,0.51,0.495,0.49,0.5,1677.39,182.0,182.0,1564.27,0.49,40.87,0.52,90.0,0.48,90.0,0.51,40.87
2026-01-06 17:15:42.244000+00:00,2026-01-06 17:15:42.709474+00:00,42.244,0.475,0.47,0.48,0.525,0.52,0.53,313.0,15.0,15.0,308.0,0.46,654.98,0.49,85.0,0.51,156.0,0.54,659.98
2026-01-06 17:15:42.230000+00:00,2026-01-06 17:15:42.693452+00:00,42.23,0.48,0.47,0.49,0.525,0.52,0.53,368.0,55.0,45.0,308.0,0.46,600.0,0.5,50.0,0.51,156.0,0.54,659.98
2026-01-06 17:15:43.223000+00:00,2026-01-06 17:15:43.701760+00:00,43.223,0.48,0.47,0.49,0.52,0.51,0.53,130.0,161.0,231.0,213.11,0.46,533.98,0.5,43.0,0.5,143.0,0.54,533.98
2026-01-06 17:15:43.253000+00:00,2026-01-06 17:15:43.717393+00:00,43.253,0.48,0.47,0.49,0.52,0.51,0.53,128.11,161.0,206.0,213.11,0.46,533.98,0.5,43.0,0.5,143.0,0.54,533.98
2026-01-06 17:15:44.240000+00:00,2026-01-06 17:15:44.728510+00:00,44.24,0.475,0.47,0.48,0.525,0.52,0.53,88.11,45.0,75.0,88.11,0.46,125.98,0.49,197.41,0.51,202.41,0.54,130.98
2026-01-06 17:15:44.240000+00:00,2026-01-06 17:15:44.713411+00:00,44.24,0.475,0.47,0.48,0.525,0.52,0.53,88.11,45.0,75.0,88.11,0.46,125.98,0.49,197.41,0.51,202.41,0.54,130.98
2026-01-06 17:15:45.044000+00:00,2026-01-06 17:15:45.732631+00:00,45.044,0.475,0.47,0.48,0.525,0.52,0.53,72.0,45.0,29.0,54.0,0.46,166.98,0.49,202.41,0.51,202.41,0.54,166.98
2026-01-06 17:15:45.044000+00:00,2026-01-06 17:15:45.732631+00:00,45.044,0.475,0.47,0.48,0.525,0.52,0.53,72.0,45.0,29.0,54.0,0.46,166.98,0.49,202.41,0.51,202.41,0.54,166.98
2026-01-06 17:15:46+00:00,2026-01-06 17:15:46.746056+00:00,46.0,0.475,0.47,0.48,0.525,0.52,0.53,59.0,11.77,33.43,69.0,0.46,214.98,0.49,156.41,0.51,156.41,0.54,214.98
2026-01-06 17:15:46+00:00,2026-01-06 17:15:46.727049+00:00,46.0,0.475,0.47,0.48,0.525,0.52,0.53,59.0,11.77,18.43,59.0,0.46,214.98,0.49,156.41,0.51,156.41,0.54,214.98
2026-01-06 17:15:47.211000+00:00,2026-01-06 17:15:47.747119+00:00,47.211,0.48,0.47,0.49,0.52,0.51,0.53,69.0,59.68,84.68,301.0,0.46,214.98,0.5,344.0,0.5,226.0,0.54,490.0
2026-01-06 17:15:47.211000+00:00,2026-01-06 17:15:47.747119+00:00,47.211,0.48,0.47,0.49,0.52,0.51,0.53,69.0,59.68,84.68,301.0,0.46,214.98,0.5,344.0,0.5,226.0,0.54,490.0
2026-01-06 17:15:48.239000+00:00,2026-01-06 17:15:48.740698+00:00,48.239,0.485,0.48,0.49,0.515,0.51,0.52,182.63,16.29,16.29,165.17,0.47,474.0,0.5,50.0,0.5,50.0,0.53,474.0
2026-01-06 17:15:48.299000+00:00,2026-01-06 17:15:48.756650+00:00,48.299,0.485,0.48,0.49,0.515,0.51,0.52,173.63,16.29,16.29,165.17,0.47,474.0,0.5,50.0,0.5,50.0,0.53,474.0
2026-01-06 17:15:49.193000+00:00,2026-01-06 17:15:49.747115+00:00,49.193,0.485,0.48,0.49,0.515,0.51,0.52,147.17,16.29,16.29,147.17,0.47,492.0,0.5,56.28,0.5,50.0,0.53,492.0
2026-01-06 17:15:49.289000+00:00,2026-01-06 17:15:49.777929+00:00,49.289,0.485,0.48,0.49,0.515,0.51,0.52,147.17,16.29,16.29,147.17,0.47,492.0,0.5,56.28,0.5,50.0,0.53,492.0
2026-01-06 17:15:50.260000+00:00,2026-01-06 17:15:50.767529+00:00,50.26,0.49,0.48,0.5,0.51,0.5,0.52,116.39,55.01,55.01,266.39,0.47,510.0,0.51,187.0,0.49,187.0,0.53,430.0
2026-01-06 17:15:50.312000+00:00,2026-01-06 17:15:50.783298+00:00,50.312,0.49,0.48,0.5,0.51,0.5,0.52,186.39,55.01,55.01,266.39,0.47,510.0,0.51,187.0,0.49,187.0,0.53,500.0
2026-01-06 17:15:51.319000+00:00,2026-01-06 17:15:51.809326+00:00,51.319,0.485,0.48,0.49,0.52,0.51,0.53,196.0,33.87,91.87,293.0,0.47,535.0,0.5,50.0,0.5,333.0,0.54,576.0
2026-01-06 17:15:51.183000+00:00,2026-01-06 17:15:51.762717+00:00,51.183,0.485,0.48,0.49,0.515,0.51,0.52,196.0,33.87,113.87,10.0,0.47,535.0,0.5,50.0,0.5,233.0,0.53,203.0
2026-01-06 17:15:52.306000+00:00,2026-01-06 17:15:52.831081+00:00,52.306,0.485,0.48,0.49,0.515,0.51,0.52,325.0,5.0,5.0,325.0,0.47,636.0,0.5,136.91,0.5,131.91,0.53,631.0
2026-01-06 17:15:52.306000+00:00,2026-01-06 17:15:52.777385+00:00,52.306,0.485,0.48,0.49,0.515,0.51,0.52,325.0,5.0,5.0,325.0,0.47,636.0,0.5,136.91,0.5,131.91,0.53,631.0
2026-01-06 17:15:53.545000+00:00,2026-01-06 17:15:53.791495+00:00,53.545,0.495,0.49,0.5,0.515,0.51,0.52,5.0,131.91,30.91,58.75,0.48,77.0,0.51,51.0,0.5,126.0,0.53,598.0
2026-01-06 17:15:53.357000+00:00,2026-01-06 17:15:53.846017+00:00,53.357,0.495,0.49,0.5,0.505,0.5,0.51,5.0,131.91,131.91,5.0,0.48,142.0,0.51,51.0,0.49,51.0,0.52,140.0
2026-01-06 17:15:54.325000+00:00,2026-01-06 17:15:54.793408+00:00,54.325,0.485,0.48,0.49,0.515,0.51,0.52,22.75,20.7,20.7,10.0,0.47,616.0,0.5,126.0,0.5,205.0,0.53,598.0
2026-01-06 17:15:54.388000+00:00,2026-01-06 17:15:54.855848+00:00,54.388,0.485,0.48,0.49,0.515,0.51,0.52,10.0,80.7,20.7,10.0,0.47,616.0,0.5,151.0,0.5,188.0,0.53,413.0
2026-01-06 17:15:55.320000+00:00,2026-01-06 17:15:55.797204+00:00,55.32,0.45999999999999996,0.45,0.47,0.54,0.53,0.55,197.0,55.0,131.72,299.69,0.44,272.0,0.48,287.91,0.52,277.0,0.56,277.0
2026-01-06 17:15:55.381000+00:00,2026-01-06 17:15:55.860565+00:00,55.381,0.45999999999999996,0.45,0.47,0.54,0.53,0.55,197.0,55.0,131.72,299.69,0.44,277.0,0.48,287.91,0.52,277.0,0.56,277.0
2026-01-06 17:15:56.344000+00:00,2026-01-06 17:15:56.810599+00:00,56.344,0.45999999999999996,0.45,0.47,0.54,0.53,0.55,342.69,131.72,206.72,342.69,0.44,366.0,0.48,114.7,0.52,114.7,0.56,366.0
2026-01-06 17:15:56.384000+00:00,2026-01-06 17:15:56.862788+00:00,56.384,0.45999999999999996,0.45,0.47,0.545,0.54,0.55,342.69,131.72,10.91,257.69,0.44,366.0,0.48,114.7,0.53,126.0,0.56,451.0
2026-01-06 17:15:57.347000+00:00,2026-01-06 17:15:57.811994+00:00,57.347,0.445,0.44,0.45,0.555,0.55,0.56,50.62,5.72,60.72,27.62,0.43,175.0,0.46,119.0,0.54,136.0,0.57,175.0
2026-01-06 17:15:57.394000+00:00,2026-01-06 17:15:57.878005+00:00,57.394,0.445,0.44,0.45,0.555,0.55,0.56,27.62,55.72,45.72,57.62,0.43,175.0,0.46,129.0,0.54,124.0,0.57,125.0
2026-01-06 17:15:58.348000+00:00,2026-01-06 17:15:58.829643+00:00,58.348,0.42,0.41,0.43,0.58,0.57,0.59,164.0,30.0,65.0,169.0,0.4,481.0,0.44,208.0,0.56,259.0,0.6,481.0
2026-01-06 17:15:58.394000+00:00,2026-01-06 17:15:58.892518+00:00,58.394,0.42,0.41,0.43,0.58,0.57,0.59,164.0,30.0,58.77,169.0,0.4,481.0,0.44,244.0,0.56,259.0,0.6,481.0
2026-01-06 17:15:59.308000+00:00,2026-01-06 17:15:59.848438+00:00,59.308,0.42,0.41,0.43,0.58,0.57,0.59,339.0,63.77,63.77,284.0,0.4,565.0,0.44,198.0,0.56,137.0,0.6,590.0
2026-01-06 17:15:59.396000+00:00,2026-01-06 17:15:59.897561+00:00,59.396,0.42,0.41,0.43,0.575,0.57,0.58,337.25,63.77,55.0,82.98,0.4,565.0,0.44,198.0,0.56,157.0,0.59,259.0
2026-01-06 17:16:00.389000+00:00,2026-01-06 17:16:00.861971+00:00,60.389,0.435,0.43,0.44,0.565,0.56,0.57,332.98,32.15,32.15,454.98,0.42,489.0,0.45,40.0,0.55,30.73,0.58,639.0
2026-01-06 17:16:00.439000+00:00,2026-01-06 17:16:00.909188+00:00,60.439,0.435,0.43,0.44,0.565,0.56,0.57,332.98,32.15,32.15,424.98,0.42,569.0,0.46,65.0,0.55,35.73,0.58,629.0
2026-01-06 17:16:01.419000+00:00,2026-01-06 17:16:01.879699+00:00,61.419,0.455,0.45,0.46,0.545,0.54,0.55,61.0,67.38,67.38,61.0,0.44,272.0,0.47,168.0,0.53,168.0,0.56,277.0
2026-01-06 17:16:01.419000+00:00,2026-01-06 17:16:01.914290+00:00,61.419,0.455,0.45,0.46,0.545,0.54,0.55,61.0,67.38,67.38,61.0,0.44,272.0,0.47,168.0,0.53,168.0,0.56,277.0
2026-01-06 17:16:02.403000+00:00,2026-01-06 17:16:02.890138+00:00,62.403,0.455,0.45,0.46,0.545,0.54,0.55,45.28,57.38,57.38,50.28,0.44,318.0,0.47,328.0,0.53,290.0,0.56,354.0
2026-01-06 17:16:02.439000+00:00,2026-01-06 17:16:02.922587+00:00,62.439,0.455,0.45,0.46,0.545,0.54,0.55,45.28,57.38,57.38,50.28,0.44,318.0,0.47,328.0,0.53,290.0,0.56,372.0
2026-01-06 17:16:03.429000+00:00,2026-01-06 17:16:03.900133+00:00,63.429,0.455,0.45,0.46,0.545,0.54,0.55,35.0,67.38,67.38,35.0,0.44,274.0,0.47,347.43,0.53,347.43,0.56,274.0
2026-01-06 17:16:03.429000+00:00,2026-01-06 17:16:03.933449+00:00,63.429,0.455,0.45,0.46,0.545,0.54,0.55,35.0,67.38,67.38,35.0,0.44,274.0,0.47,347.43,0.53,347.43,0.56,274.0
2026-01-06 17:16:04.440000+00:00,2026-01-06 17:16:04.912196+00:00,64.44,0.455,0.45,0.46,0.545,0.54,0.55,142.0,144.38,144.38,142.0,0.44,145.0,0.47,253.43,0.53,253.43,0.56,145.0
2026-01-06 17:16:04.451000+00:00,2026-01-06 17:16:04.943296+00:00,64.451,0.455,0.45,0.46,0.545,0.54,0.55,142.0,144.38,144.38,142.0,0.44,145.0,0.47,271.43,0.53,258.43,0.56,145.0
2026-01-06 17:16:05.481000+00:00,2026-01-06 17:16:05.951675+00:00,65.481,0.455,0.45,0.46,0.545,0.54,0.55,226.72,87.38,85.18,226.72,0.44,553.0,0.47,44.43,0.53,39.43,0.56,553.0
2026-01-06 17:16:05.390000+00:00,2026-01-06 17:16:05.920545+00:00,65.39,0.455,0.45,0.46,0.545,0.54,0.55,244.72,87.38,85.18,226.72,0.44,558.0,0.47,44.43,0.53,39.43,0.56,553.0
2026-01-06 17:16:06.444000+00:00,2026-01-06 17:16:06.950250+00:00,66.444,0.455,0.45,0.46,0.545,0.54,0.55,323.0,27.18,27.18,323.0,0.44,541.0,0.47,156.43,0.53,156.43,0.56,559.0
2026-01-06 17:16:06.444000+00:00,2026-01-06 17:16:06.933032+00:00,66.444,0.455,0.45,0.46,0.545,0.54,0.55,323.0,27.18,27.18,323.0,0.44,541.0,0.47,156.43,0.53,156.43,0.56,559.0
2026-01-06 17:16:07.479000+00:00,2026-01-06 17:16:07.942261+00:00,67.479,0.455,0.45,0.46,0.545,0.54,0.55,10.0,213.0,285.0,15.0,0.44,603.0,0.47,329.0,0.53,372.0,0.56,571.0
2026-01-06 17:16:07.504000+00:00,2026-01-06 17:16:07.942261+00:00,67.504,0.455,0.45,0.46,0.545,0.54,0.55,10.0,213.0,285.0,10.0,0.44,531.0,0.47,371.0,0.53,412.0,0.56,571.0
2026-01-06 17:16:08.435000+00:00,2026-01-06 17:16:08.949155+00:00,68.435,0.445,0.44,0.45,0.555,0.55,0.56,262.0,143.0,113.41,262.0,0.43,486.0,0.46,121.0,0.54,126.0,0.57,486.0
2026-01-06 17:16:08.435000+00:00,2026-01-06 17:16:08.946206+00:00,68.435,0.445,0.44,0.45,0.555,0.55,0.56,262.0,143.0,122.66,262.0,0.43,486.0,0.46,121.0,0.54,126.0,0.57,491.0
2026-01-06 17:16:09.435000+00:00,2026-01-06 17:16:09.949343+00:00,69.435,0.445,0.44,0.45,0.545,0.54,0.55,551.0,103.41,121.0,115.0,0.43,334.0,0.46,111.0,0.53,288.0,0.56,621.0
2026-01-06 17:16:09.435000+00:00,2026-01-06 17:16:09.949343+00:00,69.435,0.445,0.44,0.45,0.545,0.54,0.55,551.0,103.41,121.0,115.0,0.43,334.0,0.46,111.0,0.53,288.0,0.56,621.0
2026-01-06 17:16:10.493000+00:00,2026-01-06 17:16:10.954032+00:00,70.493,0.455,0.45,0.46,0.545,0.54,0.55,30.0,121.0,121.0,30.0,0.44,230.0,0.47,385.0,0.53,380.0,0.56,230.0
2026-01-06 17:16:10.493000+00:00,2026-01-06 17:16:10.954032+00:00,70.493,0.455,0.45,0.46,0.545,0.54,0.55,30.0,121.0,121.0,30.0,0.44,230.0,0.47,385.0,0.53,385.0,0.56,230.0
2026-01-06 17:16:11.450000+00:00,2026-01-06 17:16:11.962119+00:00,71.45,0.445,0.44,0.45,0.555,0.55,0.56,71.0,434.0,434.0,71.0,0.43,5.0,0.46,307.0,0.54,307.0,0.57,5.0
2026-01-06 17:16:11.450000+00:00,2026-01-06 17:16:11.962119+00:00,71.45,0.445,0.44,0.45,0.555,0.55,0.56,71.0,434.0,434.0,71.0,0.43,5.0,0.46,307.0,0.54,307.0,0.57,5.0
2026-01-06 17:16:12.510000+00:00,2026-01-06 17:16:12.978558+00:00,72.51,0.445,0.44,0.45,0.555,0.55,0.56,71.0,388.0,403.0,71.0,0.42,55.83,0.46,389.0,0.54,364.0,0.58,55.83
2026-01-06 17:16:12.510000+00:00,2026-01-06 17:16:12.978558+00:00,72.51,0.445,0.44,0.45,0.555,0.55,0.56,71.0,388.0,403.0,71.0,0.42,55.83,0.46,389.0,0.54,364.0,0.58,55.83
2026-01-06 17:16:13.514000+00:00,2026-01-06 17:16:13.981923+00:00,73.514,0.415,0.41,0.42,0.58,0.57,0.59,40.0,15.0,105.69,115.98,0.4,1222.0,0.43,105.69,0.56,273.15,0.6,1152.0
2026-01-06 17:16:13.531000+00:00,2026-01-06 17:16:13.997295+00:00,73.531,0.415,0.41,0.42,0.58,0.57,0.59,40.0,10.0,105.69,115.98,0.4,1222.0,0.43,105.69,0.56,248.15,0.6,1152.0
2026-01-06 17:16:14.515000+00:00,2026-01-06 17:16:14.982867+00:00,74.515,0.425,0.42,0.43,0.575,0.57,0.58,704.0,5.0,5.0,659.0,0.41,408.0,0.44,154.15,0.56,154.15,0.59,408.0
2026-01-06 17:16:14.532000+00:00,2026-01-06 17:16:14.999527+00:00,74.532,0.425,0.42,0.43,0.5700000000000001,0.56,0.58,689.0,5.0,154.15,644.0,0.41,408.0,0.44,154.15,0.55,204.28,0.59,408.0
2026-01-06 17:16:15.505000+00:00,2026-01-06 17:16:15.980247+00:00,75.505,0.495,0.49,0.5,0.505,0.5,0.51,127.0,15.0,20.0,220.0,0.48,298.83,0.51,116.0,0.48,343.0,0.52,506.0
2026-01-06 17:16:15.550000+00:00,2026-01-06 17:16:16.011092+00:00,75.55,0.5,0.49,0.51,0.505,0.5,0.51,152.0,76.0,20.0,195.0,0.48,299.83,0.52,453.0,0.48,401.0,0.52,524.0
2026-01-06 17:16:16.548000+00:00,2026-01-06 17:16:17.014543+00:00,76.548,0.495,0.49,0.5,0.505,0.5,0.51,184.08,15.0,15.0,182.04,0.48,506.0,0.51,76.0,0.49,94.0,0.52,511.0
2026-01-06 17:16:16.458000+00:00,2026-01-06 17:16:16.984033+00:00,76.458,0.495,0.49,0.5,0.505,0.5,0.51,194.08,15.0,15.0,187.04,0.48,506.0,0.51,76.0,0.49,76.0,0.52,511.0
2026-01-06 17:16:17.556000+00:00,2026-01-06 17:16:17.995784+00:00,77.556,0.485,0.48,0.49,0.515,0.51,0.52,466.0,6.21,6.21,466.0,0.47,445.0,0.5,44.0,0.5,39.0,0.53,445.0
2026-01-06 17:16:17.543000+00:00,2026-01-06 17:16:18.015594+00:00,77.543,0.485,0.48,0.49,0.515,0.51,0.52,466.0,6.21,6.21,466.0,0.47,445.0,0.5,44.0,0.5,39.0,0.53,445.0
2026-01-06 17:16:18.506000+00:00,2026-01-06 17:16:19.002094+00:00,78.506,0.495,0.49,0.5,0.505,0.5,0.51,191.9,39.0,39.0,61.0,0.48,456.0,0.51,219.0,0.49,214.0,0.52,456.0
2026-01-06 17:16:18.506000+00:00,2026-01-06 17:16:19.018400+00:00,78.506,0.495,0.49,0.5,0.505,0.5,0.51,191.9,39.0,39.0,61.0,0.48,456.0,0.51,219.0,0.49,214.0,0.52,461.0
2026-01-06 17:16:19.540000+00:00,2026-01-06 17:16:20.013523+00:00,79.54,0.495,0.49,0.5,0.505,0.5,0.51,617.03,30.0,19.17,617.03,0.48,445.0,0.51,71.0,0.49,71.0,0.52,445.0
2026-01-06 17:16:19.562000+00:00,2026-01-06 17:16:20.031217+00:00,79.562,0.495,0.49,0.5,0.5,0.49,0.51,617.03,30.0,29.31,612.03,0.48,445.0,0.51,71.0,0.48,47.0,0.52,445.0
2026-01-06 17:16:20.579000+00:00,2026-01-06 17:16:21.043505+00:00,80.579,0.515,0.51,0.52,0.485,0.48,0.49,150.71,187.9,390.9,150.71,0.5,259.0,0.53,88.6,0.47,187.6,0.5,259.0
2026-01-06 17:16:20.560000+00:00,2026-01-06 17:16:21.027836+00:00,80.56,0.515,0.51,0.52,0.485,0.48,0.49,150.71,187.9,390.9,150.71,0.5,259.0,0.53,88.6,0.47,187.6,0.5,259.0
2026-01-06 17:16:21.572000+00:00,2026-01-06 17:16:22.037900+00:00,81.572,0.505,0.5,0.51,0.495,0.49,0.5,71.0,110.0,110.0,71.0,0.49,40.0,0.52,326.2,0.48,326.2,0.51,125.0
2026-01-06 17:16:21.580000+00:00,2026-01-06 17:16:22.052719+00:00,81.58,0.505,0.5,0.51,0.495,0.49,0.5,71.0,110.0,110.0,71.0,0.49,40.0,0.52,326.2,0.48,326.2,0.51,125.0
2026-01-06 17:16:22.594000+00:00,2026-01-06 17:16:23.064160+00:00,82.594,0.495,0.49,0.5,0.5,0.49,0.51,125.0,13.94,115.0,125.0,0.48,306.0,0.51,115.0,0.48,321.2,0.52,306.0
2026-01-06 17:16:22.579000+00:00,2026-01-06 17:16:23.045452+00:00,82.579,0.495,0.49,0.5,0.5,0.49,0.51,125.0,13.94,115.0,125.0,0.48,301.0,0.51,115.0,0.48,321.2,0.52,306.0
2026-01-06 17:16:23.598000+00:00,2026-01-06 17:16:24.064599+00:00,83.598,0.495,0.49,0.5,0.5,0.49,0.51,190.0,15.0,113.28,200.0,0.48,397.0,0.51,98.28,0.48,462.2,0.52,345.0
2026-01-06 17:16:23.598000+00:00,2026-01-06 17:16:24.064599+00:00,83.598,0.495,0.49,0.5,0.5,0.49,0.51,190.0,15.0,98.28,220.0,0.48,397.0,0.51,98.28,0.48,462.2,0.52,345.0
2026-01-06 17:16:24.614000+00:00,2026-01-06 17:16:25.079065+00:00,84.614,0.5,0.49,0.51,0.5,0.49,0.51,280.0,79.11,64.11,280.0,0.48,345.0,0.52,409.2,0.48,409.2,0.52,345.0
2026-01-06 17:16:24.614000+00:00,2026-01-06 17:16:25.079065+00:00,84.614,0.5,0.49,0.51,0.5,0.49,0.51,280.0,79.11,64.11,280.0,0.48,345.0,0.52,409.2,0.48,409.2,0.52,345.0
2026-01-06 17:16:25.611000+00:00,2026-01-06 17:16:26.095522+00:00,85.611,0.485,0.48,0.49,0.515,0.51,0.52,55.0,40.0,40.0,55.0,0.47,337.0,0.5,80.0,0.5,80.0,0.53,342.0
2026-01-06 17:16:25.611000+00:00,2026-01-06 17:16:26.095522+00:00,85.611,0.485,0.48,0.49,0.515,0.51,0.52,55.0,40.0,40.0,55.0,0.47,337.0,0.5,80.0,0.5,85.0,0.53,342.0
2026-01-06 17:16:26.579000+00:00,2026-01-06 17:16:27.096954+00:00,86.579,0.485,0.48,0.49,0.515,0.51,0.52,55.0,46.0,46.0,55.0,0.47,150.0,0.5,421.0,0.5,416.0,0.53,145.0
2026-01-06 17:16:26.579000+00:00,2026-01-06 17:16:27.096954+00:00,86.579,0.485,0.48,0.49,0.515,0.51,0.52,55.0,46.0,46.0,55.0,0.47,150.0,0.5,421.0,0.5,416.0,0.53,145.0
2026-01-06 17:16:27.634000+00:00,2026-01-06 17:16:28.098464+00:00,87.634,0.485,0.48,0.49,0.505,0.5,0.51,65.0,23.0,65.0,55.0,0.47,272.0,0.5,378.0,0.49,354.08,0.52,83.0
2026-01-06 17:16:27.680000+00:00,2026-01-06 17:16:28.115043+00:00,87.68,0.485,0.48,0.49,0.505,0.5,0.51,65.0,5.0,60.0,80.0,0.47,290.0,0.5,333.0,0.49,359.08,0.52,58.0
2026-01-06 17:16:28.567000+00:00,2026-01-06 17:16:29.095499+00:00,88.567,0.495,0.49,0.5,0.505,0.5,0.51,55.0,45.0,45.0,55.0,0.48,33.0,0.51,329.8,0.49,324.8,0.52,33.0
2026-01-06 17:16:28.637000+00:00,2026-01-06 17:16:29.126334+00:00,88.637,0.495,0.49,0.5,0.505,0.5,0.51,55.0,45.0,45.0,55.0,0.48,33.0,0.51,324.8,0.49,324.8,0.52,33.0
2026-01-06 17:16:29.509000+00:00,2026-01-06 17:16:30.115169+00:00,89.509,0.49,0.48,0.5,0.51,0.5,0.52,135.0,164.0,164.0,135.0,0.47,271.0,0.51,288.11,0.49,288.11,0.53,271.0
2026-01-06 17:16:29.509000+00:00,2026-01-06 17:16:30.131723+00:00,89.509,0.49,0.48,0.5,0.51,0.5,0.52,135.0,164.0,164.0,135.0,0.47,271.0,0.51,288.11,0.49,288.11,0.53,271.0
2026-01-06 17:16:30.653000+00:00,2026-01-06 17:16:31.115640+00:00,90.653,0.485,0.48,0.49,0.515,0.51,0.52,25.0,205.69,367.69,25.0,0.47,273.0,0.5,44.06,0.5,177.0,0.53,308.0
2026-01-06 17:16:30.653000+00:00,2026-01-06 17:16:31.132363+00:00,90.653,0.485,0.48,0.49,0.515,0.51,0.52,25.0,205.69,367.69,25.0,0.47,273.0,0.5,44.06,0.5,177.0,0.53,308.0
2026-01-06 17:16:31.689000+00:00,2026-01-06 17:16:32.151363+00:00,91.689,0.475,0.47,0.48,0.525,0.52,0.53,30.0,281.0,371.0,30.0,0.46,90.0,0.49,274.0,0.51,274.0,0.54,90.0
2026-01-06 17:16:31.615000+00:00,2026-01-06 17:16:32.117463+00:00,91.615,0.475,0.47,0.48,0.525,0.52,0.53,30.0,226.0,371.0,30.0,0.46,90.0,0.49,310.69,0.51,274.0,0.54,90.0
2026-01-06 17:16:32.496000+00:00,2026-01-06 17:16:33.130946+00:00,92.496,0.475,0.47,0.48,0.525,0.52,0.53,30.0,366.0,364.0,30.0,0.46,90.0,0.49,340.0,0.51,340.0,0.54,90.0
2026-01-06 17:16:32.677000+00:00,2026-01-06 17:16:33.161946+00:00,92.677,0.475,0.47,0.48,0.525,0.52,0.53,30.0,364.0,364.0,30.0,0.46,90.0,0.49,340.0,0.51,340.0,0.54,90.0
2026-01-06 17:16:33.683000+00:00,2026-01-06 17:16:34.164854+00:00,93.683,0.475,0.47,0.48,0.525,0.52,0.53,110.0,364.0,346.0,110.0,0.46,95.0,0.49,346.28,0.51,364.28,0.54,95.0
2026-01-06 17:16:33.683000+00:00,2026-01-06 17:16:34.148140+00:00,93.683,0.475,0.47,0.48,0.525,0.52,0.53,110.0,364.0,346.0,110.0,0.46,95.0,0.49,346.28,0.51,346.28,0.54,95.0
2026-01-06 17:16:34.756000+00:00,2026-01-06 17:16:35.161469+00:00,94.756,0.46499999999999997,0.46,0.47,0.535,0.53,0.54,5.0,214.69,168.0,85.0,0.45,170.0,0.48,410.0,0.52,460.0,0.55,50.0
2026-01-06 17:16:34.697000+00:00,2026-01-06 17:16:35.177027+00:00,94.697,0.46499999999999997,0.46,0.47,0.535,0.53,0.54,5.0,214.69,214.69,5.0,0.45,170.0,0.48,410.0,0.52,410.0,0.55,70.0
2026-01-06 17:16:35.689000+00:00,2026-01-06 17:16:36.168622+00:00,95.689,0.475,0.47,0.48,0.525,0.52,0.53,151.0,71.0,31.02,344.0,0.46,580.0,0.49,5.0,0.5,114.5,0.54,580.0
2026-01-06 17:16:35.689000+00:00,2026-01-06 17:16:36.184496+00:00,95.689,0.475,0.47,0.48,0.525,0.52,0.53,151.0,71.0,31.02,344.0,0.46,580.0,0.49,5.0,0.5,114.5,0.54,500.0
2026-01-06 17:16:36.595000+00:00,2026-01-06 17:16:37.163866+00:00,96.595,0.475,0.47,0.48,0.51,0.5,0.52,424.0,13.02,115.0,55.0,0.46,515.0,0.5,105.0,0.49,51.11,0.53,384.0
2026-01-06 17:16:36.712000+00:00,2026-01-06 17:16:37.195379+00:00,96.712,0.475,0.47,0.48,0.51,0.5,0.52,424.0,13.02,115.0,115.0,0.46,515.0,0.5,115.0,0.49,51.11,0.53,369.0
2026-01-06 17:16:37.644000+00:00,2026-01-06 17:16:38.164894+00:00,97.644,0.495,0.49,0.5,0.505,0.5,0.51,55.0,10.0,10.0,55.0,0.48,359.0,0.51,194.83,0.49,194.83,0.52,359.0
2026-01-06 17:16:37.644000+00:00,2026-01-06 17:16:38.214076+00:00,97.644,0.495,0.49,0.5,0.505,0.5,0.51,55.0,10.0,10.0,55.0,0.48,359.0,0.51,194.83,0.49,194.83,0.52,359.0
2026-01-06 17:16:38.647000+00:00,2026-01-06 17:16:39.155297+00:00,98.647,0.495,0.49,0.5,0.505,0.5,0.51,50.0,15.0,15.0,50.0,0.48,359.0,0.51,212.83,0.49,212.83,0.52,359.0
2026-01-06 17:16:38.701000+00:00,2026-01-06 17:16:39.218890+00:00,98.701,0.495,0.49,0.5,0.505,0.5,0.51,50.0,15.0,15.0,10.78,0.48,359.0,0.51,212.83,0.49,212.83,0.52,359.0
2026-01-06 17:16:39.683000+00:00,2026-01-06 17:16:40.159162+00:00,99.683,0.495,0.49,0.5,0.505,0.5,0.51,50.78,9.86,9.86,50.78,0.48,439.0,0.51,212.83,0.49,212.83,0.52,439.0
2026-01-06 17:16:39.723000+00:00,2026-01-06 17:16:40.238374+00:00,99.723,0.495,0.49,0.5,0.505,0.5,0.51,50.78,9.86,9.86,50.78,0.48,439.0,0.51,212.83,0.49,212.83,0.52,439.0
2026-01-06 17:16:40.613000+00:00,2026-01-06 17:16:41.161698+00:00,100.613,0.495,0.49,0.5,0.505,0.5,0.51,38.74,9.86,9.86,38.74,0.48,439.0,0.51,212.83,0.49,219.11,0.52,439.0
2026-01-06 17:16:40.613000+00:00,2026-01-06 17:16:41.244838+00:00,100.613,0.495,0.49,0.5,0.505,0.5,0.51,38.74,9.86,9.86,38.74,0.48,439.0,0.51,212.83,0.49,219.11,0.52,439.0
2026-01-06 17:16:41.596000+00:00,2026-01-06 17:16:42.179159+00:00,101.596,0.495,0.49,0.5,0.505,0.5,0.51,118.74,1.61,1.61,113.74,0.48,429.0,0.51,212.83,0.49,212.83,0.52,429.0
2026-01-06 17:16:41.776000+00:00,2026-01-06 17:16:42.248289+00:00,101.776,0.495,0.49,0.5,0.505,0.5,0.51,113.74,1.61,1.61,113.74,0.48,429.0,0.51,212.83,0.49,219.86,0.52,429.0
2026-01-06 17:16:42.694000+00:00,2026-01-06 17:16:43.182572+00:00,102.694,0.495,0.49,0.5,0.505,0.5,0.51,108.74,1.61,1.61,108.74,0.48,429.0,0.51,221.86,0.49,221.86,0.52,429.0
2026-01-06 17:16:42.731000+00:00,2026-01-06 17:16:43.245936+00:00,102.731,0.495,0.49,0.5,0.505,0.5,0.51,108.74,1.61,1.61,108.74,0.48,429.0,0.51,221.86,0.49,185.86,0.52,429.0
2026-01-06 17:16:43.651000+00:00,2026-01-06 17:16:44.179836+00:00,103.651,0.5,0.49,0.51,0.5,0.49,0.51,99.81,185.86,185.86,89.81,0.48,429.0,0.52,97.0,0.48,97.0,0.52,429.0
2026-01-06 17:16:43.750000+00:00,2026-01-06 17:16:44.258574+00:00,103.75,0.5,0.49,0.51,0.5,0.49,0.51,99.81,185.86,185.86,89.81,0.48,429.0,0.52,97.0,0.48,97.0,0.52,429.0
2026-01-06 17:16:44.631000+00:00,2026-01-06 17:16:45.181436+00:00,104.631,0.5,0.49,0.51,0.5,0.49,0.51,65.2,185.86,185.86,65.2,0.48,429.0,0.52,97.0,0.48,97.0,0.52,429.0
2026-01-06 17:16:44.631000+00:00,2026-01-06 17:16:45.259681+00:00,104.631,0.5,0.49,0.51,0.5,0.49,0.51,65.2,185.86,185.86,90.2,0.48,429.0,0.52,97.0,0.48,97.0,0.52,429.0
2026-01-06 17:16:45.689000+00:00,2026-01-06 17:16:46.178174+00:00,105.689,0.505,0.5,0.51,0.495,0.49,0.5,93.96,162.86,162.86,93.96,0.49,188.0,0.52,120.0,0.48,120.0,0.51,188.0
2026-01-06 17:16:45.781000+00:00,2026-01-06 17:16:46.276574+00:00,105.781,0.505,0.5,0.51,0.495,0.49,0.5,93.96,162.86,162.86,93.96,0.49,188.0,0.52,120.0,0.48,120.0,0.51,188.0
2026-01-06 17:16:46.401000+00:00,2026-01-06 17:16:47.197947+00:00,106.401,0.505,0.5,0.51,0.495,0.49,0.5,84.96,108.86,108.86,84.96,0.49,188.0,0.52,174.0,0.48,174.0,0.51,188.0
2026-01-06 17:16:46.401000+00:00,2026-01-06 17:16:47.278429+00:00,106.401,0.505,0.5,0.51,0.495,0.49,0.5,84.96,108.86,108.86,84.96,0.49,188.0,0.52,174.0,0.48,174.0,0.51,188.0
2026-01-06 17:16:47.664000+00:00,2026-01-06 17:16:48.214464+00:00,107.664,0.505,0.5,0.51,0.495,0.49,0.5,72.96,108.86,108.86,72.96,0.49,188.0,0.52,174.0,0.48,174.0,0.51,188.0
2026-01-06 17:16:47.664000+00:00,2026-01-06 17:16:48.292249+00:00,107.664,0.505,0.5,0.51,0.495,0.49,0.5,72.96,108.86,108.86,72.96,0.49,188.0,0.52,174.0,0.48,174.0,0.51,188.0
2026-01-06 17:16:48.524000+00:00,2026-01-06 17:16:49.213623+00:00,108.524,0.505,0.5,0.51,0.495,0.49,0.5,47.96,108.86,97.03,42.96,0.49,258.0,0.52,174.0,0.48,199.0,0.51,333.0
2026-01-06 17:16:48.840000+00:00,2026-01-06 17:16:49.309496+00:00,108.84,0.505,0.5,0.51,0.495,0.49,0.5,42.96,32.03,97.03,42.96,0.49,298.0,0.52,249.0,0.48,199.0,0.51,333.0
2026-01-06 17:16:49.759000+00:00,2026-01-06 17:16:50.222639+00:00,109.759,0.495,0.49,0.5,0.505,0.5,0.51,55.0,10.0,10.0,55.0,0.48,238.0,0.51,222.03,0.49,222.03,0.52,55.0
2026-01-06 17:16:49.805000+00:00,2026-01-06 17:16:50.318435+00:00,109.805,0.495,0.49,0.5,0.505,0.5,0.51,55.0,10.0,35.0,20.0,0.48,55.0,0.51,222.03,0.49,207.03,0.52,75.0
2026-01-06 17:16:50.765000+00:00,2026-01-06 17:16:51.244651+00:00,110.765,0.49,0.48,0.5,0.51,0.5,0.52,95.0,70.0,70.0,95.0,0.47,424.0,0.51,208.03,0.49,208.03,0.53,424.0
2026-01-06 17:16:50.765000+00:00,2026-01-06 17:16:51.321814+00:00,110.765,0.49,0.48,0.5,0.51,0.5,0.52,95.0,70.0,70.0,95.0,0.47,424.0,0.51,208.03,0.49,330.03,0.53,424.0
2026-01-06 17:16:51.743000+00:00,2026-01-06 17:16:52.244759+00:00,111.743,0.49,0.48,0.5,0.51,0.5,0.52,95.0,90.0,90.0,95.0,0.47,293.0,0.51,392.31,0.49,392.31,0.53,293.0
2026-01-06 17:16:51.743000+00:00,2026-01-06 17:16:52.323124+00:00,111.743,0.49,0.48,0.5,0.51,0.5,0.52,95.0,90.0,90.0,95.0,0.47,293.0,0.51,392.31,0.49,392.31,0.53,293.0
2026-01-06 17:16:52.728000+00:00,2026-01-06 17:16:53.259475+00:00,112.728,0.49,0.48,0.5,0.51,0.5,0.52,95.0,155.35,155.35,95.0,0.47,110.0,0.51,331.28,0.49,331.28,0.53,110.0
2026-01-06 17:16:52.844000+00:00,2026-01-06 17:16:53.326221+00:00,112.844,0.49,0.48,0.5,0.51,0.5,0.52,95.0,155.35,155.35,95.0,0.47,110.0,0.51,331.28,0.49,331.28,0.53,110.0
2026-01-06 17:16:53.736000+00:00,2026-01-06 17:16:54.263029+00:00,113.736,0.485,0.48,0.49,0.515,0.51,0.52,90.0,59.0,59.0,90.0,0.47,298.0,0.5,193.35,0.5,193.35,0.53,298.0
2026-01-06 17:16:53.736000+00:00,2026-01-06 17:16:54.330313+00:00,113.736,0.485,0.48,0.49,0.515,0.51,0.52,90.0,59.0,59.0,90.0,0.47,298.0,0.5,193.35,0.5,193.35,0.53,298.0
2026-01-06 17:16:54.792000+00:00,2026-01-06 17:16:55.270365+00:00,114.792,0.485,0.48,0.49,0.515,0.51,0.52,90.0,41.0,118.03,35.0,0.47,303.0,0.5,216.35,0.5,244.0,0.53,238.0
2026-01-06 17:16:55.798000+00:00,2026-01-06 17:16:56.275344+00:00,115.798,0.45999999999999996,0.45,0.47,0.54,0.53,0.55,35.69,122.0,319.02,65.69,0.44,354.0,0.48,435.35,0.52,297.0,0.56,354.0
2026-01-06 17:16:55.882000+00:00,2026-01-06 17:16:56.354512+00:00,115.882,0.45999999999999996,0.45,0.47,0.54,0.53,0.55,65.69,319.02,319.02,65.69,0.44,354.0,0.48,297.0,0.52,297.0,0.56,354.0
2026-01-06 17:16:56.775000+00:00,2026-01-06 17:16:57.279961+00:00,116.775,0.45999999999999996,0.45,0.47,0.545,0.54,0.55,75.69,311.8,239.35,20.0,0.44,359.0,0.48,208.0,0.53,190.78,0.56,369.0
2026-01-06 17:16:56.880000+00:00,2026-01-06 17:16:57.358727+00:00,116.88,0.455,0.45,0.46,0.545,0.54,0.55,20.0,73.35,294.35,20.0,0.44,399.0,0.47,254.78,0.53,170.78,0.56,369.0
2026-01-06 17:16:57.816000+00:00,2026-01-06 17:16:58.291221+00:00,117.816,0.455,0.45,0.46,0.545,0.54,0.55,15.0,431.35,431.35,15.0,0.43,90.0,0.47,219.0,0.53,231.9,0.57,90.0
2026-01-06 17:16:57.907000+00:00,2026-01-06 17:16:58.368789+00:00,117.907,0.455,0.45,0.46,0.56,0.55,0.57,15.0,491.35,173.0,64.07,0.43,90.0,0.47,231.9,0.54,396.35,0.58,20.0
2026-01-06 17:16:58.771000+00:00,2026-01-06 17:16:59.291611+00:00,118.771,0.445,0.44,0.45,0.56,0.55,0.57,55.0,290.0,382.03,40.0,0.42,55.0,0.46,409.35,0.54,366.0,0.58,60.0
2026-01-06 17:16:58.844000+00:00,2026-01-06 17:16:59.384337+00:00,118.844,0.445,0.44,0.45,0.565,0.56,0.57,55.0,310.0,18.0,40.0,0.42,60.0,0.46,409.35,0.55,400.03,0.58,60.0
2026-01-06 17:16:59.848000+00:00,2026-01-06 17:17:00.309391+00:00,119.848,0.435,0.43,0.44,0.565,0.56,0.57,45.0,17.53,6.71,45.0,0.42,78.0,0.45,382.03,0.55,377.03,0.58,73.0
2026-01-06 17:16:59.848000+00:00,2026-01-06 17:17:00.395371+00:00,119.848,0.435,0.43,0.44,0.565,0.56,0.57,45.0,17.53,6.71,37.31,0.42,78.0,0.45,382.03,0.55,377.03,0.58,73.0
2026-01-06 17:17:00.821000+00:00,2026-01-06 17:17:01.314411+00:00,120.821,0.44,0.43,0.45,0.56,0.55,0.57,37.31,380.32,380.32,37.31,0.42,153.0,0.46,333.0,0.54,262.0,0.58,153.0
2026-01-06 17:17:00.936000+00:00,2026-01-06 17:17:01.411665+00:00,120.936,0.44,0.43,0.45,0.56,0.55,0.57,37.31,380.32,375.32,37.31,0.42,153.0,0.46,333.0,0.54,262.0,0.58,148.0
2026-01-06 17:17:01.789000+00:00,2026-01-06 17:17:02.314143+00:00,121.789,0.44,0.43,0.45,0.56,0.55,0.57,45.0,366.43,321.98,45.0,0.42,148.0,0.46,262.0,0.54,262.0,0.58,148.0
2026-01-06 17:17:01.890000+00:00,2026-01-06 17:17:02.412946+00:00,121.89,0.44,0.43,0.45,0.56,0.55,0.57,45.0,321.98,295.38,45.0,0.42,148.0,0.46,262.0,0.54,262.0,0.58,143.0
2026-01-06 17:17:02.851000+00:00,2026-01-06 17:17:03.322707+00:00,122.851,0.445,0.44,0.45,0.565,0.56,0.57,20.0,327.49,15.0,71.0,0.43,76.0,0.46,343.28,0.55,257.03,0.58,309.0
2026-01-06 17:17:02.950000+00:00,2026-01-06 17:17:03.415917+00:00,122.95,0.445,0.44,0.45,0.565,0.56,0.57,20.0,272.03,103.9,71.0,0.43,71.0,0.46,444.58,0.55,398.03,0.58,5.0
2026-01-06 17:17:03.822000+00:00,2026-01-06 17:17:04.312872+00:00,123.822,0.41000000000000003,0.4,0.42,0.595,0.59,0.6,1105.0,162.47,5.0,1115.0,0.39,53.0,0.43,174.76,0.58,289.51,0.61,53.0
2026-01-06 17:17:03.954000+00:00,2026-01-06 17:17:04.419908+00:00,123.954,0.405,0.4,0.41,0.59,0.58,0.6,1115.0,5.0,278.39,1110.0,0.39,53.0,0.42,228.51,0.57,276.76,0.61,53.0
2026-01-06 17:17:04.778000+00:00,2026-01-06 17:17:05.292454+00:00,124.778,0.41000000000000003,0.4,0.42,0.59,0.58,0.6,1115.0,273.39,264.39,1110.0,0.39,53.0,0.43,312.76,0.57,307.76,0.61,53.0
2026-01-06 17:17:04.940000+00:00,2026-01-06 17:17:05.419098+00:00,124.94,0.41000000000000003,0.4,0.42,0.595,0.59,0.6,1110.0,264.39,5.0,1115.0,0.39,53.0,0.43,307.76,0.58,264.39,0.61,53.0
2026-01-06 17:17:05.822000+00:00,2026-01-06 17:17:06.294665+00:00,125.822,0.41000000000000003,0.4,0.42,0.59,0.58,0.6,1106.0,261.91,261.91,1106.0,0.39,89.0,0.43,337.04,0.57,408.04,0.61,89.0
2026-01-06 17:17:05.961000+00:00,2026-01-06 17:17:06.429466+00:00,125.961,0.41000000000000003,0.4,0.42,0.59,0.58,0.6,1106.0,261.91,396.38,1106.0,0.39,89.0,0.43,408.04,0.57,264.04,0.61,35.0
2026-01-06 17:17:06.845000+00:00,2026-01-06 17:17:07.314797+00:00,126.845,0.405,0.4,0.41,0.595,0.59,0.6,1066.0,199.03,224.03,1041.0,0.39,165.0,0.42,355.34,0.58,350.34,0.61,65.0
2026-01-06 17:17:06.955000+00:00,2026-01-06 17:17:07.429675+00:00,126.955,0.405,0.4,0.41,0.595,0.59,0.6,1041.0,209.03,259.03,1041.0,0.39,65.0,0.42,350.34,0.58,390.34,0.61,60.0
2026-01-06 17:17:07.871000+00:00,2026-01-06 17:17:08.335813+00:00,127.871,0.405,0.4,0.41,0.595,0.59,0.6,1041.0,478.59,478.59,1061.0,0.39,66.0,0.42,302.34,0.58,297.34,0.61,116.0
2026-01-06 17:17:07.984000+00:00,2026-01-06 17:17:08.447671+00:00,127.984,0.405,0.4,0.41,0.595,0.59,0.6,1036.0,478.59,427.59,843.0,0.39,116.0,0.42,297.34,0.58,338.34,0.61,81.0
2026-01-06 17:17:08.835000+00:00,2026-01-06 17:17:09.346283+00:00,128.835,0.405,0.4,0.41,0.595,0.59,0.6,138.02,107.03,107.03,138.02,0.39,180.0,0.42,71.47,0.58,66.47,0.61,175.0
2026-01-06 17:17:08.988000+00:00,2026-01-06 17:17:09.456610+00:00,128.988,0.405,0.4,0.41,0.595,0.59,0.6,138.02,107.03,112.03,138.02,0.39,175.0,0.42,66.47,0.58,71.47,0.61,180.0
2026-01-06 17:17:09.888000+00:00,2026-01-06 17:17:10.361333+00:00,129.888,0.405,0.4,0.41,0.595,0.59,0.6,116.4,555.51,480.51,116.4,0.39,15.0,0.42,390.47,0.58,390.47,0.61,15.0
2026-01-06 17:17:10.026000+00:00,2026-01-06 17:17:10.475680+00:00,130.026,0.405,0.4,0.41,0.595,0.59,0.6,116.4,480.51,480.51,141.4,0.39,15.0,0.42,390.47,0.58,460.47,0.61,15.0
2026-01-06 17:17:10.899000+00:00,2026-01-06 17:17:11.366140+00:00,130.899,0.385,0.38,0.39,0.61,0.6,0.62,368.98,18.79,144.33,368.98,0.37,287.0,0.4,154.33,0.59,136.83,0.63,216.0
2026-01-06 17:17:11.024000+00:00,2026-01-06 17:17:11.495726+00:00,131.024,0.39,0.38,0.4,0.61,0.6,0.62,368.98,144.33,199.33,368.98,0.37,216.0,0.41,136.83,0.59,146.83,0.63,251.0
2026-01-06 17:17:11.730000+00:00,2026-01-06 17:17:12.381685+00:00,131.73,0.395,0.39,0.4,0.605,0.6,0.61,10.0,78.33,78.33,10.0,0.38,411.98,0.41,130.73,0.59,130.73,0.62,340.98
2026-01-06 17:17:12.005000+00:00,2026-01-06 17:17:12.505005+00:00,132.005,0.395,0.39,0.4,0.605,0.6,0.61,10.0,78.33,78.33,10.0,0.38,340.98,0.41,130.73,0.59,257.73,0.62,345.98
2026-01-06 17:17:12.935000+00:00,2026-01-06 17:17:13.381325+00:00,132.935,0.395,0.39,0.4,0.605,0.6,0.61,89.99,63.33,28.33,607.99,0.38,278.0,0.41,341.03,0.59,311.03,0.62,489.0
2026-01-06 17:17:13.060000+00:00,2026-01-06 17:17:13.520097+00:00,133.06,0.395,0.39,0.4,0.605,0.6,0.61,557.99,28.33,28.33,597.99,0.38,494.0,0.41,311.03,0.59,311.03,0.62,494.0
2026-01-06 17:17:13.930000+00:00,2026-01-06 17:17:14.393094+00:00,133.93,0.435,0.43,0.44,0.565,0.56,0.57,210.0,11.23,11.23,323.63,0.42,403.0,0.45,15.0,0.55,15.0,0.58,352.0
2026-01-06 17:17:14.854000+00:00,2026-01-06 17:17:15.415222+00:00,134.854,0.445,0.44,0.45,0.555,0.55,0.56,64.77,20.0,20.0,64.77,0.43,299.63,0.46,104.0,0.54,104.0,0.57,317.63
2026-01-06 17:17:14.995000+00:00,2026-01-06 17:17:15.526424+00:00,134.995,0.445,0.44,0.45,0.555,0.55,0.56,64.77,20.0,20.0,64.77,0.43,317.63,0.46,104.0,0.54,104.0,0.57,353.63
2026-01-06 17:17:15.950000+00:00,2026-01-06 17:17:16.426761+00:00,135.95,0.455,0.45,0.46,0.545,0.54,0.55,132.0,15.0,35.0,193.0,0.44,391.77,0.47,113.0,0.53,77.0,0.56,452.77
2026-01-06 17:17:16.064000+00:00,2026-01-06 17:17:16.537363+00:00,136.064,0.455,0.45,0.46,0.545,0.54,0.55,193.0,35.0,35.0,198.0,0.44,452.77,0.47,77.0,0.53,77.0,0.56,452.77
2026-01-06 17:17:16.936000+00:00,2026-01-06 17:17:17.431897+00:00,136.936,0.46499999999999997,0.46,0.47,0.535,0.53,0.54,35.94,77.0,77.0,35.94,0.45,193.0,0.48,80.9,0.52,80.9,0.55,193.0
2026-01-06 17:17:17.939000+00:00,2026-01-06 17:17:18.434519+00:00,137.939,0.46499999999999997,0.46,0.47,0.535,0.53,0.54,26.36,77.0,77.0,26.36,0.45,278.0,0.48,75.9,0.52,75.9,0.55,193.0
2026-01-06 17:17:17.939000+00:00,2026-01-06 17:17:18.548472+00:00,137.939,0.46499999999999997,0.46,0.47,0.535,0.53,0.54,26.36,77.0,77.0,26.36,0.45,278.0,0.48,75.9,0.52,75.9,0.55,193.0
2026-01-06 17:17:18.981000+00:00,2026-01-06 17:17:19.445895+00:00,138.981,0.46499999999999997,0.46,0.47,0.535,0.53,0.54,31.36,82.0,64.0,5.0,0.45,263.0,0.48,170.9,0.52,193.9,0.55,304.0
2026-01-06 17:17:19.879000+00:00,2026-01-06 17:17:20.454780+00:00,139.879,0.46499999999999997,0.46,0.47,0.535,0.53,0.54,61.48,128.0,128.0,61.48,0.45,90.0,0.48,411.9,0.52,411.9,0.55,90.0
2026-01-06 17:17:19.879000+00:00,2026-01-06 17:17:20.547397+00:00,139.879,0.46499999999999997,0.46,0.47,0.535,0.53,0.54,61.48,128.0,128.0,61.48,0.45,90.0,0.48,411.9,0.52,411.9,0.55,90.0
2026-01-06 17:17:21.033000+00:00,2026-01-06 17:17:21.566527+00:00,141.033,0.455,0.45,0.46,0.545,0.54,0.55,108.0,15.0,15.0,13.98,0.44,362.0,0.47,128.0,0.53,133.0,0.56,380.0
2026-01-06 17:17:21.992000+00:00,2026-01-06 17:17:22.474211+00:00,141.992,0.45,0.44,0.46,0.55,0.54,0.56,318.0,20.0,20.0,318.0,0.43,298.0,0.47,218.0,0.53,218.0,0.57,298.0
2026-01-06 17:17:22.076000+00:00,2026-01-06 17:17:22.565674+00:00,142.076,0.45,0.44,0.46,0.55,0.54,0.56,318.0,20.0,20.0,318.0,0.43,298.0,0.47,218.0,0.53,218.0,0.57,298.0
2026-01-06 17:17:23.100000+00:00,2026-01-06 17:17:23.574353+00:00,143.1,0.45,0.44,0.46,0.55,0.54,0.56,380.0,20.0,20.0,380.0,0.43,298.0,0.47,223.0,0.53,223.0,0.57,298.0
2026-01-06 17:17:23.995000+00:00,2026-01-06 17:17:24.495128+00:00,143.995,0.45,0.44,0.46,0.55,0.54,0.56,398.0,20.0,20.0,398.0,0.43,298.0,0.47,223.0,0.53,123.0,0.57,298.0
2026-01-06 17:17:24.060000+00:00,2026-01-06 17:17:24.578055+00:00,144.06,0.45,0.44,0.46,0.55,0.54,0.56,398.0,20.0,20.0,398.0,0.43,298.0,0.47,223.0,0.53,123.0,0.57,298.0
2026-01-06 17:17:25.018000+00:00,2026-01-06 17:17:25.590255+00:00,145.018,0.45,0.44,0.46,0.55,0.54,0.56,392.55,20.0,20.0,392.55,0.43,298.0,0.47,118.0,0.53,118.0,0.57,298.0
2026-01-06 17:17:25.985000+00:00,2026-01-06 17:17:26.496104+00:00,145.985,0.445,0.44,0.45,0.555,0.55,0.56,58.0,30.0,30.0,58.0,0.43,538.0,0.46,38.0,0.54,38.0,0.57,538.0
2026-01-06 17:17:26.103000+00:00,2026-01-06 17:17:26.591315+00:00,146.103,0.445,0.44,0.45,0.555,0.55,0.56,58.0,30.0,30.0,5.0,0.43,538.0,0.46,38.0,0.54,38.0,0.57,546.0
2026-01-06 17:17:27.028000+00:00,2026-01-06 17:17:27.500144+00:00,147.028,0.445,0.44,0.45,0.555,0.55,0.56,172.85,15.0,30.0,95.0,0.43,421.0,0.46,85.16,0.54,85.16,0.57,491.0
2026-01-06 17:17:27.144000+00:00,2026-01-06 17:17:27.596741+00:00,147.144,0.445,0.44,0.45,0.555,0.55,0.56,95.0,30.0,30.0,95.0,0.43,491.0,0.46,85.16,0.54,85.16,0.57,491.0
2026-01-06 17:17:28.042000+00:00,2026-01-06 17:17:28.514102+00:00,148.042,0.44,0.43,0.45,0.56,0.55,0.57,200.0,60.0,60.0,200.0,0.42,258.2,0.46,365.16,0.54,365.16,0.58,258.2
2026-01-06 17:17:28.042000+00:00,2026-01-06 17:17:28.611711+00:00,148.042,0.44,0.43,0.45,0.56,0.55,0.57,200.0,60.0,60.0,182.0,0.42,258.2,0.46,365.16,0.54,365.16,0.58,258.2
2026-01-06 17:17:29.047000+00:00,2026-01-06 17:17:29.515079+00:00,149.047,0.445,0.44,0.45,0.555,0.55,0.56,15.0,40.0,20.0,103.0,0.43,327.0,0.46,452.16,0.54,101.16,0.57,336.0
2026-01-06 17:17:29.152000+00:00,2026-01-06 17:17:29.622342+00:00,149.152,0.445,0.44,0.45,0.555,0.55,0.56,103.0,20.0,5.0,506.0,0.43,335.0,0.46,151.16,0.54,78.16,0.57,349.0
2026-01-06 17:17:30.066000+00:00,2026-01-06 17:17:30.531478+00:00,150.066,0.495,0.49,0.5,0.505,0.5,0.51,185.99,90.0,50.0,190.99,0.48,117.0,0.51,119.0,0.49,109.0,0.52,117.0
2026-01-06 17:17:30.137000+00:00,2026-01-06 17:17:30.613612+00:00,150.137,0.495,0.49,0.5,0.505,0.5,0.51,190.99,50.0,50.0,195.99,0.48,117.0,0.51,104.0,0.49,102.0,0.52,178.0
2026-01-06 17:17:31.064000+00:00,2026-01-06 17:17:31.528140+00:00,151.064,0.505,0.5,0.51,0.495,0.49,0.5,176.0,50.0,50.0,217.0,0.49,416.99,0.52,178.0,0.48,168.0,0.51,393.99
2026-01-06 17:17:31.171000+00:00,2026-01-06 17:17:31.622538+00:00,151.171,0.505,0.5,0.51,0.495,0.49,0.5,181.0,50.0,50.0,204.0,0.49,418.99,0.52,168.0,0.48,128.0,0.51,393.99
2026-01-06 17:17:32.054000+00:00,2026-01-06 17:17:32.531249+00:00,152.054,0.515,0.51,0.52,0.485,0.48,0.49,21.0,153.3,312.3,21.0,0.5,223.0,0.53,271.63,0.47,490.63,0.5,188.0
2026-01-06 17:17:32.153000+00:00,2026-01-06 17:17:32.630097+00:00,152.153,0.515,0.51,0.52,0.485,0.48,0.49,21.0,209.3,383.3,21.0,0.5,188.0,0.53,490.63,0.47,470.63,0.5,183.0
2026-01-06 17:17:33.056000+00:00,2026-01-06 17:17:33.529324+00:00,153.056,0.49,0.48,0.5,0.515,0.51,0.52,20.0,147.0,38.0,50.0,0.47,294.0,0.51,367.0,0.5,281.0,0.53,263.0
2026-01-06 17:17:33.150000+00:00,2026-01-06 17:17:33.628328+00:00,153.15,0.485,0.48,0.49,0.515,0.51,0.52,50.0,33.0,38.0,50.0,0.47,343.0,0.5,281.0,0.5,357.0,0.53,268.0
2026-01-06 17:17:34.166000+00:00,2026-01-06 17:17:34.629429+00:00,154.166,0.485,0.48,0.49,0.515,0.51,0.52,35.0,43.0,84.0,35.0,0.47,30.0,0.5,469.0,0.5,438.0,0.53,35.0
2026-01-06 17:17:34.990000+00:00,2026-01-06 17:17:35.548990+00:00,154.99,0.475,0.47,0.48,0.525,0.52,0.53,58.0,20.0,20.0,58.0,0.46,177.0,0.49,114.0,0.51,114.0,0.54,177.0
2026-01-06 17:17:35.092000+00:00,2026-01-06 17:17:35.644417+00:00,155.092,0.475,0.47,0.48,0.525,0.52,0.53,58.0,20.0,20.0,53.0,0.46,177.0,0.49,114.0,0.51,109.0,0.54,172.0
2026-01-06 17:17:36.071000+00:00,2026-01-06 17:17:36.558806+00:00,156.071,0.475,0.47,0.48,0.525,0.52,0.53,18.0,152.0,213.0,18.0,0.46,76.0,0.49,441.6,0.51,484.6,0.54,133.0
2026-01-06 17:17:36.204000+00:00,2026-01-06 17:17:36.653106+00:00,156.204,0.475,0.47,0.48,0.525,0.52,0.53,18.0,213.0,385.0,18.0,0.46,91.0,0.49,502.6,0.51,548.6,0.54,40.0
2026-01-06 17:17:37.039000+00:00,2026-01-06 17:17:37.562707+00:00,157.039,0.46499999999999997,0.46,0.47,0.535,0.53,0.54,40.0,61.0,61.0,35.0,0.45,35.0,0.48,277.7,0.52,252.7,0.55,120.0
2026-01-06 17:17:37.193000+00:00,2026-01-06 17:17:37.663224+00:00,157.193,0.46499999999999997,0.46,0.47,0.535,0.53,0.54,35.0,61.0,25.0,110.0,0.45,90.0,0.48,277.7,0.52,252.7,0.55,120.0
2026-01-06 17:17:38.095000+00:00,2026-01-06 17:17:38.567721+00:00,158.095,0.46499999999999997,0.46,0.47,0.535,0.53,0.54,120.0,25.0,25.0,120.0,0.45,156.0,0.48,412.3,0.52,312.3,0.55,156.0
2026-01-06 17:17:38.196000+00:00,2026-01-06 17:17:38.662847+00:00,158.196,0.46499999999999997,0.46,0.47,0.535,0.53,0.54,120.0,25.0,25.0,145.0,0.45,156.0,0.48,312.3,0.52,258.3,0.55,161.0
2026-01-06 17:17:39.112000+00:00,2026-01-06 17:17:39.580048+00:00,159.112,0.46499999999999997,0.46,0.47,0.535,0.53,0.54,90.0,285.0,356.0,90.0,0.45,60.0,0.48,415.3,0.52,415.3,0.55,60.0
2026-01-06 17:17:39.127000+00:00,2026-01-06 17:17:39.665284+00:00,159.127,0.46499999999999997,0.46,0.47,0.535,0.53,0.54,90.0,356.0,417.0,90.0,0.45,60.0,0.48,415.3,0.52,415.3,0.55,60.0
2026-01-06 17:17:40.121000+00:00,2026-01-06 17:17:40.596457+00:00,160.121,0.455,0.45,0.46,0.545,0.54,0.55,20.0,465.0,510.0,20.0,0.44,5.0,0.47,433.3,0.53,446.3,0.57,197.0
2026-01-06 17:17:40.200000+00:00,2026-01-06 17:17:40.674575+00:00,160.2,0.455,0.45,0.46,0.545,0.54,0.55,20.0,515.0,515.0,20.0,0.43,197.0,0.47,446.3,0.53,446.3,0.57,202.0
2026-01-06 17:17:41.108000+00:00,2026-01-06 17:17:41.619018+00:00,161.108,0.435,0.43,0.44,0.565,0.56,0.57,35.0,187.0,197.0,35.0,0.42,172.0,0.45,431.0,0.55,467.0,0.58,172.0
2026-01-06 17:17:41.200000+00:00,2026-01-06 17:17:41.681559+00:00,161.2,0.435,0.43,0.44,0.575,0.57,0.58,35.0,192.0,137.0,54.0,0.42,172.0,0.45,467.0,0.56,192.0,0.59,89.0
2026-01-06 17:17:42.129000+00:00,2026-01-06 17:17:42.627989+00:00,162.129,0.41000000000000003,0.4,0.42,0.59,0.58,0.6,118.48,234.08,234.08,118.48,0.39,138.0,0.43,305.0,0.57,305.0,0.61,143.0
2026-01-06 17:17:42.168000+00:00,2026-01-06 17:17:42.692297+00:00,162.168,0.41000000000000003,0.4,0.42,0.59,0.58,0.6,118.48,234.08,234.08,118.48,0.39,143.0,0.43,305.0,0.57,305.0,0.61,143.0
2026-01-06 17:17:43.143000+00:00,2026-01-06 17:17:43.643224+00:00,163.143,0.41000000000000003,0.4,0.42,0.59,0.58,0.6,123.48,252.08,252.08,123.48,0.39,107.0,0.43,292.0,0.57,292.0,0.61,107.0
2026-01-06 17:17:43.143000+00:00,2026-01-06 17:17:43.694177+00:00,163.143,0.41000000000000003,0.4,0.42,0.59,0.58,0.6,123.48,252.08,252.08,123.48,0.39,107.0,0.43,292.0,0.57,292.0,0.61,107.0
2026-01-06 17:17:44.132000+00:00,2026-01-06 17:17:44.648181+00:00,164.132,0.41000000000000003,0.4,0.42,0.595,0.59,0.6,123.48,255.58,345.99,15.0,0.39,138.0,0.43,292.0,0.58,330.0,0.61,5.0
2026-01-06 17:17:44.228000+00:00,2026-01-06 17:17:44.699958+00:00,164.228,0.405,0.4,0.41,0.595,0.59,0.6,48.49,43.99,344.99,15.0,0.39,123.0,0.42,216.0,0.58,486.0,0.61,40.0
2026-01-06 17:17:45.192000+00:00,2026-01-06 17:17:45.663897+00:00,165.192,0.375,0.37,0.38,0.625,0.62,0.63,75.0,214.5,334.49,5.0,0.36,109.0,0.39,467.59,0.61,443.0,0.64,146.0
2026-01-06 17:17:45.254000+00:00,2026-01-06 17:17:45.718077+00:00,165.254,0.375,0.37,0.38,0.625,0.62,0.63,75.0,290.5,334.49,5.0,0.36,109.0,0.39,467.59,0.61,461.0,0.64,92.0
2026-01-06 17:17:46.179000+00:00,2026-01-06 17:17:46.677032+00:00,166.179,0.365,0.36,0.37,0.635,0.63,0.64,115.0,14.0,62.59,40.0,0.35,92.0,0.38,305.24,0.62,485.0,0.65,85.0
2026-01-06 17:17:46.261000+00:00,2026-01-06 17:17:46.725540+00:00,166.261,0.365,0.36,0.37,0.635,0.63,0.64,77.0,9.59,62.59,40.0,0.35,107.0,0.38,275.0,0.62,495.0,0.65,85.0
2026-01-06 17:17:47.141000+00:00,2026-01-06 17:17:47.681440+00:00,167.141,0.36,0.35,0.37,0.64,0.63,0.65,290.75,82.25,82.25,290.75,0.34,290.0,0.38,445.6,0.62,445.6,0.66,290.0
2026-01-06 17:17:47.141000+00:00,2026-01-06 17:17:47.744196+00:00,167.141,0.36,0.35,0.37,0.64,0.63,0.65,290.75,82.25,82.25,107.75,0.34,290.0,0.38,445.6,0.62,445.6,0.66,290.0
2026-01-06 17:17:48.177000+00:00,2026-01-06 17:17:48.702018+00:00,168.177,0.36,0.35,0.37,0.64,0.63,0.65,135.59,217.03,217.03,135.59,0.34,252.0,0.38,506.6,0.62,506.6,0.66,69.0
2026-01-06 17:17:48.247000+00:00,2026-01-06 17:17:48.757809+00:00,168.247,0.36,0.35,0.37,0.64,0.63,0.65,135.59,217.03,222.03,135.59,0.34,252.0,0.38,506.6,0.62,506.6,0.66,74.0
2026-01-06 17:17:49.215000+00:00,2026-01-06 17:17:49.697908+00:00,169.215,0.36,0.35,0.37,0.64,0.63,0.65,215.59,221.03,226.03,215.59,0.34,340.0,0.38,435.6,0.62,430.6,0.66,335.0
2026-01-06 17:17:49.257000+00:00,2026-01-06 17:17:49.777434+00:00,169.257,0.36,0.35,0.37,0.64,0.63,0.65,215.59,226.03,250.28,215.59,0.34,335.0,0.38,435.6,0.62,415.6,0.66,335.0
2026-01-06 17:17:50.200000+00:00,2026-01-06 17:17:50.695639+00:00,170.2,0.365,0.36,0.37,0.635,0.63,0.64,35.0,230.25,245.25,35.0,0.35,110.59,0.38,440.6,0.62,440.6,0.65,110.59
2026-01-06 17:17:50.331000+00:00,2026-01-06 17:17:50.792897+00:00,170.331,0.365,0.36,0.37,0.635,0.63,0.64,35.0,245.25,215.25,35.0,0.35,110.59,0.38,440.6,0.62,440.6,0.65,110.59
2026-01-06 17:17:51.176000+00:00,2026-01-06 17:17:51.696016+00:00,171.176,0.365,0.36,0.37,0.635,0.63,0.64,294.0,71.25,86.25,299.0,0.35,368.59,0.38,128.85,0.62,128.85,0.65,368.59
2026-01-06 17:17:51.262000+00:00,2026-01-06 17:17:51.788849+00:00,171.262,0.365,0.36,0.37,0.635,0.63,0.64,289.0,71.25,106.25,142.0,0.35,368.59,0.38,128.85,0.62,133.85,0.65,208.59
2026-01-06 17:17:52.213000+00:00,2026-01-06 17:17:52.703724+00:00,172.213,0.365,0.36,0.37,0.635,0.63,0.64,91.0,244.25,276.25,91.0,0.35,136.59,0.38,435.05,0.62,430.05,0.65,201.59
2026-01-06 17:17:52.327000+00:00,2026-01-06 17:17:52.797673+00:00,172.327,0.365,0.36,0.37,0.635,0.63,0.64,91.0,244.25,279.25,96.0,0.35,201.59,0.38,430.05,0.62,453.05,0.65,206.59
2026-01-06 17:17:53.267000+00:00,2026-01-06 17:17:53.699140+00:00,173.267,0.365,0.36,0.37,0.635,0.63,0.64,387.0,160.25,190.25,263.0,0.35,333.59,0.38,384.05,0.62,369.05,0.65,460.59
2026-01-06 17:17:53.343000+00:00,2026-01-06 17:17:53.810647+00:00,173.343,0.365,0.36,0.37,0.635,0.63,0.64,301.0,190.25,190.25,263.0,0.35,435.59,0.38,384.05,0.62,382.05,0.65,473.59
2026-01-06 17:17:54.260000+00:00,2026-01-06 17:17:54.705552+00:00,174.26,0.365,0.36,0.37,0.635,0.63,0.64,35.0,255.29,201.23,35.0,0.35,248.59,0.38,250.25,0.62,286.25,0.65,248.59
2026-01-06 17:17:54.333000+00:00,2026-01-06 17:17:54.827949+00:00,174.333,0.365,0.36,0.37,0.635,0.63,0.64,35.0,201.23,201.23,115.0,0.35,248.59,0.38,286.25,0.62,286.25,0.65,168.59
2026-01-06 17:17:55.230000+00:00,2026-01-06 17:17:55.706160+00:00,175.23,0.355,0.35,0.36,0.645,0.64,0.65,47.59,394.0,389.0,95.46,0.34,144.0,0.37,510.9,0.63,485.0,0.66,272.0
2026-01-06 17:17:55.360000+00:00,2026-01-06 17:17:55.828444+00:00,175.36,0.355,0.35,0.36,0.655,0.65,0.66,77.46,389.0,26.54,243.0,0.34,254.0,0.37,485.0,0.64,71.0,0.67,314.0
2026-01-06 17:17:56.241000+00:00,2026-01-06 17:17:56.710615+00:00,176.241,0.37,0.36,0.38,0.615,0.61,0.62,117.0,35.0,65.0,120.0,0.35,175.63,0.39,55.0,0.6,145.0,0.63,172.0
2026-01-06 17:17:56.327000+00:00,2026-01-06 17:17:56.829436+00:00,176.327,0.385,0.38,0.39,0.615,0.61,0.62,120.0,65.0,70.0,221.0,0.37,137.0,0.4,140.0,0.6,145.0,0.63,283.0
2026-01-06 17:17:57.230000+00:00,2026-01-06 17:17:57.707825+00:00,177.23,0.405,0.4,0.41,0.595,0.59,0.6,43.43,15.0,136.0,165.43,0.39,106.0,0.42,302.0,0.58,241.0,0.61,71.0
2026-01-06 17:17:57.376000+00:00,2026-01-06 17:17:57.830259+00:00,177.376,0.405,0.4,0.41,0.595,0.59,0.6,165.43,136.0,118.0,165.43,0.39,71.0,0.42,241.0,0.58,278.0,0.61,71.0
2026-01-06 17:17:58.252000+00:00,2026-01-06 17:17:58.724094+00:00,178.252,0.385,0.38,0.39,0.615,0.61,0.62,71.0,56.0,56.0,71.0,0.37,378.99,0.4,172.0,0.6,177.0,0.63,383.99
2026-01-06 17:17:58.340000+00:00,2026-01-06 17:17:58.830456+00:00,178.34,0.385,0.38,0.39,0.615,0.61,0.62,71.0,56.0,86.0,71.0,0.37,383.99,0.4,177.0,0.6,176.0,0.63,200.99
2026-01-06 17:17:59.113000+00:00,2026-01-06 17:17:59.724355+00:00,179.113,0.385,0.38,0.39,0.615,0.61,0.62,71.0,109.0,109.0,71.0,0.37,89.99,0.4,174.0,0.6,174.0,0.63,124.99
2026-01-06 17:17:59.375000+00:00,2026-01-06 17:17:59.847729+00:00,179.375,0.385,0.38,0.39,0.615,0.61,0.62,71.0,109.0,124.0,47.91,0.37,124.99,0.4,174.0,0.6,174.0,0.63,124.99
2026-01-06 17:18:00.255000+00:00,2026-01-06 17:18:00.740348+00:00,180.255,0.38,0.37,0.39,0.62,0.61,0.63,130.0,98.74,98.74,130.0,0.36,252.0,0.4,210.0,0.6,210.0,0.64,252.0
2026-01-06 17:18:00.255000+00:00,2026-01-06 17:18:00.858924+00:00,180.255,0.38,0.37,0.39,0.62,0.61,0.63,130.0,98.74,98.74,130.0,0.36,252.0,0.4,210.0,0.6,210.0,0.64,252.0
2026-01-06 17:18:01.259000+00:00,2026-01-06 17:18:01.742989+00:00,181.259,0.38,0.37,0.39,0.62,0.61,0.63,113.0,73.0,73.0,113.0,0.36,313.0,0.4,210.0,0.6,210.0,0.64,313.0
2026-01-06 17:18:01.378000+00:00,2026-01-06 17:18:01.878987+00:00,181.378,0.38,0.37,0.39,0.62,0.61,0.63,113.0,73.0,73.0,113.0,0.36,313.0,0.4,210.0,0.6,210.0,0.64,333.0
2026-01-06 17:18:02.253000+00:00,2026-01-06 17:18:02.753184+00:00,182.253,0.365,0.36,0.37,0.635,0.63,0.64,231.98,5.0,5.0,422.98,0.35,214.67,0.38,450.0,0.62,460.0,0.65,350.67
2026-01-06 17:18:02.411000+00:00,2026-01-06 17:18:02.881191+00:00,182.411,0.365,0.36,0.37,0.625,0.62,0.63,422.98,5.0,380.0,88.0,0.35,350.67,0.38,460.0,0.61,324.0,0.64,411.1
2026-01-06 17:18:03.248000+00:00,2026-01-06 17:18:03.759677+00:00,183.248,0.395,0.39,0.4,0.605,0.6,0.61,18.0,121.0,121.0,36.0,0.38,199.0,0.41,75.0,0.59,80.0,0.62,274.0
2026-01-06 17:18:03.422000+00:00,2026-01-06 17:18:03.890097+00:00,183.422,0.395,0.39,0.4,0.605,0.6,0.61,36.0,121.0,126.0,27.55,0.38,274.0,0.41,80.0,0.59,75.0,0.62,269.0
2026-01-06 17:18:04.288000+00:00,2026-01-06 17:18:04.762991+00:00,184.288,0.39,0.38,0.4,0.61,0.6,0.62,229.0,135.0,135.0,224.0,0.37,384.0,0.41,98.0,0.59,232.0,0.63,384.0
2026-01-06 17:18:04.400000+00:00,2026-01-06 17:18:04.890950+00:00,184.4,0.39,0.38,0.4,0.61,0.6,0.62,224.0,135.0,135.0,212.7,0.37,384.0,0.41,232.0,0.59,237.0,0.63,384.0
2026-01-06 17:18:05.130000+00:00,2026-01-06 17:18:05.760902+00:00,185.13,0.39,0.38,0.4,0.61,0.6,0.62,108.0,69.0,69.0,108.0,0.37,389.0,0.41,232.0,0.59,232.0,0.63,389.0
2026-01-06 17:18:05.322000+00:00,2026-01-06 17:18:05.890563+00:00,185.322,0.39,0.38,0.4,0.61,0.6,0.62,108.0,69.0,69.0,108.0,0.37,389.0,0.41,232.0,0.59,232.0,0.63,389.0
2026-01-06 17:18:06.290000+00:00,2026-01-06 17:18:06.761736+00:00,186.29,0.39,0.38,0.4,0.61,0.6,0.62,85.0,87.0,87.0,90.0,0.37,323.0,0.41,268.0,0.59,268.0,0.63,318.0
2026-01-06 17:18:06.393000+00:00,2026-01-06 17:18:06.889216+00:00,186.393,0.39,0.38,0.4,0.61,0.6,0.62,90.0,87.0,87.0,90.0,0.37,318.0,0.41,268.0,0.59,268.0,0.63,318.0
2026-01-06 17:18:07.326000+00:00,2026-01-06 17:18:07.778501+00:00,187.326,0.365,0.36,0.37,0.645,0.64,0.65,20.0,20.0,5.0,321.61,0.35,316.61,0.38,88.0,0.63,38.0,0.66,280.0
2026-01-06 17:18:07.443000+00:00,2026-01-06 17:18:07.909643+00:00,187.443,0.355,0.35,0.36,0.64,0.63,0.65,321.61,5.0,38.0,139.98,0.34,262.0,0.37,38.0,0.62,158.0,0.66,280.0
2026-01-06 17:18:08.284000+00:00,2026-01-06 17:18:08.786494+00:00,188.284,0.355,0.35,0.36,0.645,0.64,0.65,99.98,2.12,2.12,99.98,0.34,315.0,0.37,73.0,0.63,78.0,0.66,320.0
2026-01-06 17:18:08.398000+00:00,2026-01-06 17:18:08.924377+00:00,188.398,0.355,0.35,0.36,0.645,0.64,0.65,99.98,2.12,2.12,99.98,0.34,320.0,0.37,78.0,0.63,78.0,0.66,320.0
2026-01-06 17:18:09.328000+00:00,2026-01-06 17:18:09.795141+00:00,189.328,0.365,0.36,0.37,0.635,0.63,0.64,5.0,316.0,316.0,5.0,0.35,2041.0,0.38,439.0,0.62,434.0,0.65,2036.0
2026-01-06 17:18:09.406000+00:00,2026-01-06 17:18:09.940556+00:00,189.406,0.365,0.36,0.37,0.635,0.63,0.64,5.0,316.0,382.0,5.0,0.35,2036.0,0.38,434.0,0.62,495.0,0.65,2036.0
2026-01-06 17:18:10.333000+00:00,2026-01-06 17:18:10.811649+00:00,190.333,0.355,0.35,0.36,0.645,0.64,0.65,1981.6,387.0,515.0,1981.6,0.34,23.0,0.37,411.0,0.63,436.0,0.66,20.0
2026-01-06 17:18:10.487000+00:00,2026-01-06 17:18:10.948680+00:00,190.487,0.355,0.35,0.36,0.645,0.64,0.65,1981.6,515.0,612.0,1981.6,0.34,20.0,0.37,436.0,0.63,445.0,0.66,20.0
2026-01-06 17:18:11.348000+00:00,2026-01-06 17:18:11.813385+00:00,191.348,0.355,0.35,0.36,0.645,0.64,0.65,1321.6,514.8,532.98,1204.6,0.34,10.0,0.37,393.0,0.63,393.0,0.66,5.0
2026-01-06 17:18:11.478000+00:00,2026-01-06 17:18:11.956656+00:00,191.478,0.355,0.35,0.36,0.645,0.64,0.65,1204.6,532.98,532.98,1204.6,0.34,5.0,0.37,393.0,0.63,393.0,0.66,5.0
2026-01-06 17:18:12.362000+00:00,2026-01-06 17:18:12.825881+00:00,192.362,0.355,0.35,0.36,0.645,0.64,0.65,827.91,517.98,517.98,827.91,0.34,5.0,0.37,452.0,0.63,452.0,0.66,5.0
2026-01-06 17:18:12.452000+00:00,2026-01-06 17:18:12.958539+00:00,192.452,0.355,0.35,0.36,0.645,0.64,0.65,827.91,517.98,479.2,827.91,0.34,5.0,0.37,452.0,0.63,439.0,0.66,10.0
2026-01-06 17:18:13.333000+00:00,2026-01-06 17:18:13.832017+00:00,193.333,0.355,0.35,0.36,0.645,0.64,0.65,706.91,484.5,484.5,706.91,0.34,10.0,0.37,393.0,0.63,393.0,0.66,10.0
2026-01-06 17:18:13.333000+00:00,2026-01-06 17:18:13.957845+00:00,193.333,0.355,0.35,0.36,0.645,0.64,0.65,706.91,484.5,566.5,786.91,0.34,10.0,0.37,393.0,0.63,357.0,0.66,80.0
2026-01-06 17:18:14.364000+00:00,2026-01-06 17:18:14.835256+00:00,194.364,0.355,0.35,0.36,0.645,0.64,0.65,786.91,407.5,392.5,786.91,0.34,85.0,0.37,398.0,0.63,411.0,0.66,98.0
2026-01-06 17:18:14.503000+00:00,2026-01-06 17:18:14.963633+00:00,194.503,0.355,0.35,0.36,0.645,0.64,0.65,786.91,392.5,377.5,786.91,0.34,98.0,0.37,411.0,0.63,411.0,0.66,98.0
2026-01-06 17:18:15.389000+00:00,2026-01-06 17:18:15.849309+00:00,195.389,0.355,0.35,0.36,0.645,0.64,0.65,762.0,407.72,422.72,762.0,0.34,80.0,0.37,411.0,0.63,411.0,0.66,80.0
2026-01-06 17:18:15.459000+00:00,2026-01-06 17:18:15.948751+00:00,195.459,0.355,0.35,0.36,0.645,0.64,0.65,762.0,422.72,392.72,762.0,0.34,80.0,0.37,411.0,0.63,411.0,0.66,80.0
2026-01-06 17:18:16.395000+00:00,2026-01-06 17:18:16.865078+00:00,196.395,0.355,0.35,0.36,0.645,0.64,0.65,739.11,56.25,56.25,548.91,0.34,206.0,0.37,313.0,0.63,459.0,0.66,160.0
2026-01-06 17:18:16.466000+00:00,2026-01-06 17:18:16.935055+00:00,196.466,0.355,0.35,0.36,0.645,0.64,0.65,739.11,56.25,317.85,548.91,0.34,206.0,0.37,313.0,0.63,531.0,0.66,160.0
2026-01-06 17:18:17.400000+00:00,2026-01-06 17:18:17.877926+00:00,197.4,0.345,0.34,0.35,0.655,0.65,0.66,168.0,128.14,61.02,204.0,0.33,312.98,0.36,370.78,0.64,357.18,0.67,222.98
2026-01-06 17:18:17.464000+00:00,2026-01-06 17:18:17.937057+00:00,197.464,0.345,0.34,0.35,0.655,0.65,0.66,114.0,123.14,59.94,204.0,0.33,204.98,0.36,357.18,0.64,352.18,0.67,339.98
2026-01-06 17:18:18.365000+00:00,2026-01-06 17:18:18.870913+00:00,198.365,0.35,0.34,0.36,0.645,0.64,0.65,346.0,43.18,98.71,90.0,0.33,303.0,0.37,71.5,0.63,60.0,0.66,392.44
2026-01-06 17:18:18.462000+00:00,2026-01-06 17:18:18.944827+00:00,198.462,0.35,0.34,0.36,0.645,0.64,0.65,237.46,43.18,98.71,90.0,0.33,308.0,0.37,71.5,0.63,71.9,0.66,392.44
2026-01-06 17:18:19.378000+00:00,2026-01-06 17:18:19.886935+00:00,199.378,0.355,0.35,0.36,0.645,0.64,0.65,2.84,98.98,94.25,2.84,0.34,295.44,0.37,84.9,0.63,84.9,0.66,295.44
2026-01-06 17:18:19.495000+00:00,2026-01-06 17:18:19.964020+00:00,199.495,0.355,0.35,0.36,0.645,0.64,0.65,2.84,94.25,94.25,2.84,0.34,295.44,0.37,84.9,0.63,84.9,0.66,295.44
2026-01-06 17:18:20.389000+00:00,2026-01-06 17:18:20.908702+00:00,200.389,0.35,0.34,0.36,0.65,0.64,0.66,301.64,94.25,94.25,301.64,0.33,306.0,0.37,84.9,0.63,84.9,0.67,306.0
2026-01-06 17:18:20.389000+00:00,2026-01-06 17:18:20.970743+00:00,200.389,0.35,0.34,0.36,0.655,0.65,0.66,301.64,94.25,5.0,301.64,0.33,306.0,0.37,84.9,0.64,94.25,0.67,306.0
2026-01-06 17:18:21.369000+00:00,2026-01-06 17:18:21.902987+00:00,201.369,0.365,0.36,0.37,0.63,0.62,0.64,279.19,8.3,119.63,284.19,0.35,378.0,0.38,113.53,0.61,166.0,0.65,378.0
2026-01-06 17:18:21.504000+00:00,2026-01-06 17:18:21.975768+00:00,201.504,0.37,0.36,0.38,0.63,0.62,0.64,284.19,119.63,119.63,345.19,0.35,378.0,0.39,166.0,0.61,166.0,0.65,373.0
2026-01-06 17:18:22.463000+00:00,2026-01-06 17:18:22.909574+00:00,202.463,0.365,0.36,0.37,0.66,0.65,0.67,59.78,584.46,50.0,145.0,0.34,29.98,0.38,403.1,0.64,102.0,0.68,336.62
2026-01-06 17:18:22.522000+00:00,2026-01-06 17:18:22.993634+00:00,202.522,0.35,0.34,0.36,0.66,0.65,0.67,29.98,87.0,55.0,145.0,0.33,298.0,0.37,518.46,0.64,173.0,0.68,331.62
2026-01-06 17:18:23.441000+00:00,2026-01-06 17:18:23.913043+00:00,203.441,0.355,0.35,0.36,0.645,0.64,0.65,5.0,105.28,105.28,5.0,0.34,447.45,0.37,363.46,0.63,263.46,0.66,452.45
2026-01-06 17:18:23.497000+00:00,2026-01-06 17:18:23.993967+00:00,203.497,0.355,0.35,0.36,0.645,0.64,0.65,5.0,105.28,105.28,5.0,0.34,447.45,0.37,263.46,0.63,263.46,0.66,452.45
2026-01-06 17:18:24.441000+00:00,2026-01-06 17:18:24.923879+00:00,204.441,0.345,0.34,0.35,0.655,0.65,0.66,272.47,44.21,44.21,106.0,0.33,336.0,0.36,94.0,0.64,94.0,0.67,153.0
2026-01-06 17:18:24.519000+00:00,2026-01-06 17:18:24.994469+00:00,204.519,0.345,0.34,0.35,0.655,0.65,0.66,106.0,44.21,49.21,106.0,0.33,153.0,0.36,94.0,0.64,94.0,0.67,153.0
2026-01-06 17:18:25.453000+00:00,2026-01-06 17:18:25.924687+00:00,205.453,0.345,0.34,0.35,0.655,0.65,0.66,106.0,73.28,37.28,63.43,0.33,140.0,0.36,379.42,0.64,417.42,0.67,160.0
2026-01-06 17:18:25.539000+00:00,2026-01-06 17:18:26.012365+00:00,205.539,0.345,0.34,0.35,0.655,0.65,0.66,71.0,37.28,22.28,161.89,0.33,165.0,0.36,404.42,0.64,535.42,0.67,90.0
2026-01-06 17:18:26.420000+00:00,2026-01-06 17:18:26.938460+00:00,206.42,0.345,0.34,0.35,0.655,0.65,0.66,386.98,17.28,17.28,442.17,0.33,395.0,0.36,173.42,0.64,153.1,0.67,506.0
2026-01-06 17:18:26.528000+00:00,2026-01-06 17:18:27.026973+00:00,206.528,0.345,0.34,0.35,0.655,0.65,0.66,442.17,17.28,14.42,447.17,0.33,395.0,0.36,173.42,0.64,168.1,0.67,506.0
2026-01-06 17:18:27.438000+00:00,2026-01-06 17:18:27.934666+00:00,207.438,0.355,0.35,0.36,0.645,0.64,0.65,40.0,153.09,153.09,40.0,0.34,381.17,0.37,235.46,0.63,248.46,0.66,193.17
2026-01-06 17:18:27.587000+00:00,2026-01-06 17:18:28.047273+00:00,207.587,0.355,0.35,0.36,0.65,0.64,0.66,40.0,153.09,153.09,193.17,0.34,193.17,0.37,248.46,0.63,278.46,0.67,393.0
2026-01-06 17:18:28.460000+00:00,2026-01-06 17:18:28.931301+00:00,208.46,0.365,0.36,0.37,0.635,0.63,0.64,181.0,39.46,39.46,360.0,0.35,588.0,0.39,154.2,0.61,84.2,0.65,608.0
2026-01-06 17:18:28.594000+00:00,2026-01-06 17:18:29.059210+00:00,208.594,0.365,0.36,0.37,0.625,0.61,0.64,360.0,39.46,116.2,76.0,0.35,608.0,0.39,84.2,0.6,376.0,0.65,148.3
2026-01-06 17:18:29.462000+00:00,2026-01-06 17:18:29.937415+00:00,209.462,0.385,0.38,0.39,0.615,0.61,0.62,212.38,165.78,170.78,201.86,0.37,272.98,0.4,223.0,0.6,236.0,0.63,217.98
2026-01-06 17:18:29.591000+00:00,2026-01-06 17:18:30.077443+00:00,209.591,0.385,0.38,0.39,0.615,0.61,0.62,201.86,170.78,170.78,201.86,0.37,217.98,0.4,236.0,0.6,236.0,0.63,217.98
2026-01-06 17:18:30.453000+00:00,2026-01-06 17:18:30.955130+00:00,210.453,0.375,0.37,0.38,0.625,0.62,0.63,212.98,98.01,170.01,132.76,0.36,101.0,0.39,233.78,0.61,184.78,0.64,101.0
2026-01-06 17:18:30.609000+00:00,2026-01-06 17:18:31.082532+00:00,210.609,0.375,0.37,0.38,0.625,0.62,0.63,132.76,170.01,170.01,132.76,0.36,101.0,0.39,184.78,0.61,179.78,0.64,96.0
2026-01-06 17:18:31.400000+00:00,2026-01-06 17:18:31.979451+00:00,211.4,0.375,0.37,0.38,0.625,0.62,0.63,126.68,62.01,62.01,126.68,0.36,124.0,0.39,274.78,0.61,274.78,0.64,124.0
2026-01-06 17:18:31.596000+00:00,2026-01-06 17:18:32.086496+00:00,211.596,0.375,0.37,0.38,0.625,0.62,0.63,126.68,62.01,62.01,126.68,0.36,124.0,0.39,274.78,0.61,274.78,0.64,124.0
2026-01-06 17:18:32.533000+00:00,2026-01-06 17:18:32.986974+00:00,212.533,0.33999999999999997,0.33,0.35,0.665,0.66,0.67,23.0,5.0,20.0,23.0,0.32,92.05,0.36,242.0,0.65,111.0,0.68,92.05
2026-01-06 17:18:32.630000+00:00,2026-01-06 17:18:33.096873+00:00,212.63,0.335,0.33,0.34,0.665,0.66,0.67,23.0,20.0,20.0,21.92,0.32,92.05,0.35,111.0,0.65,134.0,0.68,97.05
2026-01-06 17:18:33.519000+00:00,2026-01-06 17:18:33.994957+00:00,213.519,0.325,0.32,0.33,0.675,0.67,0.68,61.4,16.96,5.0,154.04,0.31,119.99,0.34,285.99,0.66,285.99,0.69,50.0
2026-01-06 17:18:33.576000+00:00,2026-01-06 17:18:34.090623+00:00,213.576,0.325,0.32,0.33,0.675,0.67,0.68,154.04,5.0,20.0,46.68,0.31,50.0,0.34,285.99,0.66,285.99,0.69,119.99
2026-01-06 17:18:34.549000+00:00,2026-01-06 17:18:35.003590+00:00,214.549,0.325,0.32,0.33,0.67,0.66,0.68,117.72,73.78,344.74,232.72,0.31,383.0,0.34,348.98,0.65,337.0,0.69,313.0
2026-01-06 17:18:34.636000+00:00,2026-01-06 17:18:35.098031+00:00,214.636,0.33,0.32,0.34,0.67,0.66,0.68,227.72,344.74,71.11,293.72,0.31,303.0,0.35,337.0,0.65,154.0,0.69,318.0
2026-01-06 17:18:35.547000+00:00,2026-01-06 17:18:36.012731+00:00,215.547,0.335,0.33,0.34,0.665,0.66,0.67,87.56,238.11,238.11,87.56,0.32,183.72,0.35,327.0,0.65,327.0,0.68,183.72
2026-01-06 17:18:35.630000+00:00,2026-01-06 17:18:36.110722+00:00,215.63,0.335,0.33,0.34,0.665,0.66,0.67,87.56,238.11,238.11,117.56,0.32,183.72,0.35,327.0,0.65,327.0,0.68,324.72
2026-01-06 17:18:36.516000+00:00,2026-01-06 17:18:37.005808+00:00,216.516,0.335,0.33,0.34,0.655,0.65,0.66,449.27,56.79,116.0,75.21,0.32,469.0,0.35,101.0,0.64,73.0,0.67,272.27
2026-01-06 17:18:36.669000+00:00,2026-01-06 17:18:37.130359+00:00,216.669,0.345,0.34,0.35,0.655,0.65,0.66,75.21,116.0,347.0,197.21,0.33,272.27,0.36,73.0,0.64,185.0,0.67,237.27
2026-01-06 17:18:37.555000+00:00,2026-01-06 17:18:38.015628+00:00,217.555,0.335,0.33,0.34,0.665,0.66,0.67,29.27,222.17,219.17,29.27,0.32,76.0,0.35,258.0,0.65,369.0,0.68,76.0
2026-01-06 17:18:37.664000+00:00,2026-01-06 17:18:38.136756+00:00,217.664,0.335,0.33,0.34,0.665,0.66,0.67,29.27,219.17,201.17,29.27,0.32,76.0,0.35,369.0,0.65,349.0,0.68,91.0
2026-01-06 17:18:38.583000+00:00,2026-01-06 17:18:39.036048+00:00,218.583,0.325,0.32,0.33,0.675,0.67,0.68,71.0,370.0,370.0,71.0,0.31,20.0,0.34,434.0,0.66,434.0,0.69,20.0
2026-01-06 17:18:38.635000+00:00,2026-01-06 17:18:39.130371+00:00,218.635,0.325,0.32,0.33,0.675,0.67,0.68,71.0,370.0,370.0,71.0,0.31,20.0,0.34,434.0,0.66,459.0,0.69,20.0
2026-01-06 17:18:39.554000+00:00,2026-01-06 17:18:40.029501+00:00,219.554,0.305,0.29,0.32,0.705,0.7,0.71,61.0,294.0,213.86,26.0,0.28,293.0,0.33,505.0,0.69,352.0,0.72,359.0
2026-01-06 17:18:39.694000+00:00,2026-01-06 17:18:40.139292+00:00,219.694,0.295,0.29,0.3,0.705,0.7,0.71,26.0,213.86,213.86,21.0,0.28,359.0,0.31,352.0,0.69,367.0,0.72,294.0
2026-01-06 17:18:40.571000+00:00,2026-01-06 17:18:41.038963+00:00,220.571,0.295,0.29,0.3,0.705,0.7,0.71,6.0,363.86,489.86,6.0,0.27,77.0,0.31,344.0,0.69,369.0,0.73,77.0
2026-01-06 17:18:40.672000+00:00,2026-01-06 17:18:41.147860+00:00,220.672,0.295,0.29,0.3,0.725,0.72,0.73,6.0,489.86,20.67,40.0,0.27,77.0,0.31,369.0,0.71,69.0,0.74,315.0
2026-01-06 17:18:41.554000+00:00,2026-01-06 17:18:42.039919+00:00,221.554,0.27,0.26,0.28,0.735,0.73,0.74,315.0,35.0,20.0,233.0,0.25,383.0,0.29,102.0,0.71,92.0,0.75,458.0
2026-01-06 17:18:41.683000+00:00,2026-01-06 17:18:42.149244+00:00,221.683,0.27,0.26,0.28,0.735,0.73,0.74,263.0,15.27,20.0,193.0,0.25,398.0,0.29,102.0,0.72,36.0,0.75,416.0
2026-01-06 17:18:42.544000+00:00,2026-01-06 17:18:43.036439+00:00,222.544,0.27,0.26,0.28,0.73,0.72,0.74,44.29,42.57,42.57,34.29,0.25,427.0,0.29,418.0,0.71,114.0,0.75,516.0
2026-01-06 17:18:42.689000+00:00,2026-01-06 17:18:43.170882+00:00,222.689,0.27,0.26,0.28,0.715,0.71,0.72,34.29,42.57,121.0,66.38,0.25,516.0,0.29,114.0,0.7,467.86,0.73,41.0
2026-01-06 17:18:43.589000+00:00,2026-01-06 17:18:44.052227+00:00,223.589,0.28500000000000003,0.28,0.29,0.705,0.7,0.71,362.9,86.68,150.86,46.0,0.27,396.0,0.3,10.86,0.69,352.0,0.72,252.9
2026-01-06 17:18:43.730000+00:00,2026-01-06 17:18:44.195077+00:00,223.73,0.295,0.29,0.3,0.705,0.7,0.71,46.0,132.86,276.86,46.0,0.28,252.9,0.31,298.0,0.69,353.0,0.72,217.9
2026-01-06 17:18:44.576000+00:00,2026-01-06 17:18:45.068152+00:00,224.576,0.28500000000000003,0.28,0.29,0.715,0.71,0.72,12.26,346.0,507.0,12.26,0.27,40.0,0.3,400.86,0.7,375.86,0.73,5.0
2026-01-06 17:18:44.732000+00:00,2026-01-06 17:18:45.208388+00:00,224.732,0.28500000000000003,0.28,0.29,0.715,0.71,0.72,12.26,507.0,653.0,12.26,0.27,5.0,0.3,415.86,0.7,342.86,0.73,5.0
2026-01-06 17:18:45.603000+00:00,2026-01-06 17:18:46.088882+00:00,225.603,0.265,0.26,0.27,0.735,0.73,0.74,173.64,142.0,20.0,112.64,0.25,276.0,0.28,212.0,0.72,91.0,0.75,251.0
2026-01-06 17:18:45.752000+00:00,2026-01-06 17:18:46.226482+00:00,225.752,0.265,0.26,0.27,0.735,0.73,0.74,112.64,20.0,20.0,111.04,0.25,251.0,0.28,91.0,0.72,91.0,0.75,251.0
2026-01-06 17:18:46.577000+00:00,2026-01-06 17:18:47.102158+00:00,226.577,0.265,0.26,0.27,0.725,0.72,0.73,99.0,15.0,86.0,5.0,0.25,379.0,0.28,86.0,0.71,414.0,0.74,204.0
2026-01-06 17:18:46.763000+00:00,2026-01-06 17:18:47.228539+00:00,226.763,0.275,0.27,0.28,0.725,0.72,0.73,5.0,86.0,86.0,46.0,0.26,204.0,0.29,414.0,0.71,329.0,0.74,357.0
2026-01-06 17:18:47.645000+00:00,2026-01-06 17:18:48.109605+00:00,227.645,0.265,0.26,0.27,0.735,0.73,0.74,155.0,30.0,35.0,114.0,0.25,344.0,0.28,86.0,0.72,104.0,0.75,347.0
2026-01-06 17:18:47.753000+00:00,2026-01-06 17:18:48.228862+00:00,227.753,0.265,0.26,0.27,0.735,0.73,0.74,114.0,35.0,35.0,114.0,0.25,347.0,0.28,104.0,0.72,104.0,0.75,347.0
2026-01-06 17:18:48.632000+00:00,2026-01-06 17:18:49.110881+00:00,228.632,0.26,0.25,0.27,0.745,0.74,0.75,524.0,20.0,5.0,414.0,0.24,526.0,0.28,230.0,0.73,177.0,0.76,456.0
2026-01-06 17:18:48.781000+00:00,2026-01-06 17:18:49.243352+00:00,228.781,0.255,0.25,0.26,0.745,0.74,0.75,414.0,5.0,59.76,292.0,0.24,456.0,0.27,177.0,0.73,177.0,0.76,386.0
2026-01-06 17:18:49.664000+00:00,2026-01-06 17:18:50.135074+00:00,229.664,0.255,0.25,0.26,0.745,0.74,0.75,162.33,55.27,55.27,192.33,0.24,244.0,0.27,233.0,0.73,188.0,0.76,231.0
2026-01-06 17:18:49.789000+00:00,2026-01-06 17:18:50.259327+00:00,229.789,0.255,0.25,0.26,0.745,0.74,0.75,192.33,55.27,50.27,360.33,0.24,178.0,0.27,188.0,0.73,188.0,0.76,461.0
2026-01-06 17:18:50.668000+00:00,2026-01-06 17:18:51.141727+00:00,230.668,0.265,0.26,0.27,0.735,0.73,0.74,117.0,177.0,288.0,178.0,0.25,424.99,0.28,237.0,0.72,410.0,0.75,366.99
2026-01-06 17:18:50.797000+00:00,2026-01-06 17:18:51.274495+00:00,230.797,0.265,0.26,0.27,0.735,0.73,0.74,178.0,288.0,318.0,178.0,0.25,366.99,0.28,410.0,0.72,410.0,0.75,366.99
2026-01-06 17:18:51.678000+00:00,2026-01-06 17:18:52.156307+00:00,231.678,0.26,0.25,0.27,0.745,0.74,0.75,157.99,394.0,40.31,77.99,0.24,447.0,0.28,471.0,0.73,274.0,0.76,552.68
2026-01-06 17:18:51.831000+00:00,2026-01-06 17:18:52.271130+00:00,231.831,0.255,0.25,0.26,0.745,0.74,0.75,77.99,40.31,40.31,77.99,0.24,552.68,0.27,274.0,0.73,274.0,0.76,552.68
2026-01-06 17:18:52.698000+00:00,2026-01-06 17:18:53.159992+00:00,232.698,0.255,0.25,0.26,0.745,0.74,0.75,27.99,304.18,304.18,27.99,0.24,276.68,0.27,452.0,0.73,447.0,0.76,271.68
2026-01-06 17:18:52.786000+00:00,2026-01-06 17:18:53.286218+00:00,232.786,0.255,0.25,0.26,0.745,0.74,0.75,27.99,304.18,274.0,32.99,0.24,271.68,0.27,447.0,0.73,482.0,0.76,390.0
2026-01-06 17:18:53.702000+00:00,2026-01-06 17:18:54.170605+00:00,233.702,0.265,0.26,0.27,0.735,0.73,0.74,193.0,84.99,84.99,193.0,0.25,315.99,0.28,244.0,0.72,310.0,0.75,132.99
2026-01-06 17:18:53.812000+00:00,2026-01-06 17:18:54.280674+00:00,233.812,0.265,0.26,0.27,0.735,0.73,0.74,193.0,159.99,28.99,254.0,0.25,132.99,0.28,310.0,0.72,310.0,0.75,132.99
2026-01-06 17:18:54.667000+00:00,2026-01-06 17:18:55.168582+00:00,234.667,0.265,0.26,0.27,0.735,0.73,0.74,223.59,63.95,63.95,223.59,0.25,150.99,0.28,292.0,0.72,292.0,0.75,150.99
2026-01-06 17:18:54.792000+00:00,2026-01-06 17:18:55.288261+00:00,234.792,0.265,0.26,0.27,0.735,0.73,0.74,223.59,63.95,63.95,223.59,0.25,150.99,0.28,292.0,0.72,292.0,0.75,150.99
2026-01-06 17:18:55.656000+00:00,2026-01-06 17:18:56.165793+00:00,235.656,0.265,0.26,0.27,0.735,0.73,0.74,208.59,63.95,63.95,208.59,0.25,127.99,0.28,287.0,0.72,287.0,0.75,127.99
2026-01-06 17:18:55.813000+00:00,2026-01-06 17:18:56.288116+00:00,235.813,0.265,0.26,0.27,0.735,0.73,0.74,208.59,63.95,63.95,208.59,0.25,127.99,0.28,287.0,0.72,292.0,0.75,132.99
2026-01-06 17:18:56.701000+00:00,2026-01-06 17:18:57.175722+00:00,236.701,0.265,0.26,0.27,0.735,0.73,0.74,76.0,60.43,114.43,71.0,0.25,35.0,0.28,382.0,0.72,423.0,0.75,45.0
2026-01-06 17:18:56.829000+00:00,2026-01-06 17:18:57.306680+00:00,236.829,0.265,0.26,0.27,0.735,0.73,0.74,71.0,114.43,114.43,142.0,0.25,45.0,0.28,423.0,0.72,418.0,0.75,40.0
2026-01-06 17:18:57.704000+00:00,2026-01-06 17:18:58.178830+00:00,237.704,0.245,0.24,0.25,0.755,0.75,0.76,283.0,88.15,88.15,255.0,0.23,238.0,0.26,137.0,0.74,160.0,0.77,284.0
2026-01-06 17:18:57.828000+00:00,2026-01-06 17:18:58.304573+00:00,237.828,0.245,0.24,0.25,0.755,0.75,0.76,255.0,88.15,149.15,255.0,0.23,284.0,0.26,160.0,0.74,221.0,0.77,284.0
2026-01-06 17:18:58.728000+00:00,2026-01-06 17:18:59.193457+00:00,238.728,0.245,0.24,0.25,0.755,0.75,0.76,255.0,139.15,139.15,255.0,0.23,299.0,0.26,221.0,0.74,221.0,0.77,299.0
2026-01-06 17:18:58.728000+00:00,2026-01-06 17:18:59.292782+00:00,238.728,0.245,0.24,0.25,0.755,0.75,0.76,255.0,139.15,139.15,255.0,0.23,299.0,0.26,221.0,0.74,216.0,0.77,294.0
2026-01-06 17:18:59.697000+00:00,2026-01-06 17:19:00.202863+00:00,239.697,0.255,0.25,0.26,0.745,0.74,0.75,71.0,235.0,210.73,71.0,0.24,245.0,0.27,401.43,0.73,439.43,0.76,145.0
2026-01-06 17:18:59.813000+00:00,2026-01-06 17:19:00.286291+00:00,239.813,0.255,0.25,0.26,0.745,0.74,0.75,71.0,205.73,210.73,69.66,0.24,140.0,0.27,439.43,0.73,444.43,0.76,150.0
2026-01-06 17:19:00.728000+00:00,2026-01-06 17:19:01.202459+00:00,240.728,0.235,0.23,0.24,0.765,0.76,0.77,118.0,142.0,142.0,113.0,0.22,373.0,0.25,164.34,0.75,200.34,0.78,416.0
2026-01-06 17:19:00.815000+00:00,2026-01-06 17:19:01.282345+00:00,240.815,0.235,0.23,0.24,0.765,0.76,0.77,113.0,127.0,142.0,113.0,0.22,359.0,0.25,146.34,0.75,205.34,0.78,434.0
2026-01-06 17:19:01.739000+00:00,2026-01-06 17:19:02.211047+00:00,241.739,0.235,0.23,0.24,0.765,0.76,0.77,55.27,198.0,198.0,55.27,0.22,367.0,0.25,311.34,0.75,311.34,0.78,367.0
2026-01-06 17:19:01.739000+00:00,2026-01-06 17:19:02.287574+00:00,241.739,0.235,0.23,0.24,0.765,0.76,0.77,55.27,198.0,198.0,12.72,0.22,367.0,0.25,311.34,0.75,311.34,0.78,367.0
2026-01-06 17:19:02.751000+00:00,2026-01-06 17:19:03.211219+00:00,242.751,0.225,0.22,0.23,0.775,0.77,0.78,106.0,15.0,178.0,71.0,0.21,281.0,0.24,292.0,0.76,435.0,0.79,265.0
2026-01-06 17:19:02.822000+00:00,2026-01-06 17:19:03.295745+00:00,242.822,0.225,0.22,0.23,0.775,0.77,0.78,71.0,15.0,178.0,71.0,0.21,230.0,0.24,327.0,0.76,412.0,0.79,175.0
2026-01-06 17:19:03.770000+00:00,2026-01-06 17:19:04.217142+00:00,243.77,0.215,0.21,0.22,0.785,0.78,0.79,40.0,181.27,266.27,25.0,0.2,108.0,0.23,513.0,0.77,513.0,0.8,108.0
2026-01-06 17:19:03.805000+00:00,2026-01-06 17:19:04.290636+00:00,243.805,0.215,0.21,0.22,0.785,0.78,0.79,40.0,181.27,245.27,25.0,0.2,108.0,0.23,513.0,0.77,415.0,0.8,103.0
2026-01-06 17:19:04.742000+00:00,2026-01-06 17:19:05.219657+00:00,244.742,0.20500000000000002,0.2,0.21,0.795,0.79,0.8,24.0,252.0,331.0,12.0,0.19,21.0,0.22,413.27,0.78,481.27,0.81,21.0
2026-01-06 17:19:04.853000+00:00,2026-01-06 17:19:05.292465+00:00,244.853,0.20500000000000002,0.2,0.21,0.805,0.8,0.81,12.0,331.0,15.0,121.0,0.19,21.0,0.22,391.27,0.79,291.0,0.82,366.24
2026-01-06 17:19:05.762000+00:00,2026-01-06 17:19:06.240129+00:00,245.762,0.195,0.19,0.2,0.805,0.8,0.81,121.0,430.0,425.0,111.0,0.18,167.24,0.21,431.0,0.79,426.0,0.82,267.24
2026-01-06 17:19:05.844000+00:00,2026-01-06 17:19:06.298071+00:00,245.844,0.195,0.19,0.2,0.805,0.8,0.81,111.0,425.0,425.0,105.0,0.18,267.24,0.21,426.0,0.79,426.0,0.82,197.24
2026-01-06 17:19:06.774000+00:00,2026-01-06 17:19:07.241816+00:00,246.774,0.195,0.19,0.2,0.805,0.8,0.81,293.14,375.0,161.5,341.14,0.18,287.24,0.21,378.0,0.79,378.0,0.82,373.24
2026-01-06 17:19:06.821000+00:00,2026-01-06 17:19:07.307274+00:00,246.821,0.195,0.19,0.2,0.805,0.8,0.81,341.14,125.0,161.5,659.14,0.18,445.24,0.21,413.0,0.79,348.0,0.82,319.24
2026-01-06 17:19:07.827000+00:00,2026-01-06 17:19:08.322390+00:00,247.827,0.215,0.21,0.22,0.785,0.78,0.79,175.0,15.0,5.0,346.0,0.2,404.0,0.23,198.0,0.77,198.0,0.8,349.0
2026-01-06 17:19:07.797000+00:00,2026-01-06 17:19:08.241803+00:00,247.797,0.215,0.21,0.22,0.785,0.78,0.79,175.0,15.0,5.0,346.0,0.2,409.0,0.23,203.0,0.77,198.0,0.8,349.0
2026-01-06 17:19:08.865000+00:00,2026-01-06 17:19:09.268753+00:00,248.865,0.22999999999999998,0.22,0.24,0.765,0.76,0.77,359.0,203.0,198.0,195.0,0.21,202.87,0.25,148.34,0.75,148.34,0.78,365.0
2026-01-06 17:19:08.868000+00:00,2026-01-06 17:19:09.342522+00:00,248.868,0.22999999999999998,0.22,0.24,0.765,0.76,0.77,377.0,203.0,198.0,195.0,0.21,202.87,0.25,148.34,0.75,148.34,0.78,365.0
2026-01-06 17:19:09.877000+00:00,2026-01-06 17:19:10.342587+00:00,249.877,0.245,0.24,0.25,0.755,0.75,0.76,13.68,15.0,15.0,5.0,0.23,170.0,0.26,186.75,0.74,186.75,0.77,235.0
2026-01-06 17:19:09.799000+00:00,2026-01-06 17:19:10.275824+00:00,249.799,0.245,0.24,0.25,0.755,0.75,0.76,13.68,15.0,15.0,5.0,0.23,170.0,0.26,64.75,0.74,186.75,0.77,165.0
2026-01-06 17:19:10.917000+00:00,2026-01-06 17:19:11.283677+00:00,250.917,0.245,0.24,0.25,0.765,0.76,0.77,5.0,20.0,15.0,170.0,0.23,235.0,0.26,247.75,0.75,20.0,0.78,365.0
2026-01-06 17:19:10.853000+00:00,2026-01-06 17:19:11.351589+00:00,250.853,0.245,0.24,0.25,0.765,0.76,0.77,33.42,20.0,15.0,170.0,0.23,245.0,0.26,247.75,0.75,20.0,0.78,383.0
2026-01-06 17:19:11.757000+00:00,2026-01-06 17:19:12.277345+00:00,251.757,0.235,0.23,0.24,0.765,0.76,0.77,279.92,10.0,10.0,266.81,0.22,275.0,0.25,274.0,0.75,274.0,0.78,275.0
2026-01-06 17:19:11.896000+00:00,2026-01-06 17:19:12.359757+00:00,251.896,0.235,0.23,0.24,0.755,0.75,0.76,279.92,10.0,91.0,5.0,0.22,275.0,0.25,274.0,0.74,260.75,0.77,247.0
2026-01-06 17:19:12.793000+00:00,2026-01-06 17:19:13.271255+00:00,252.793,0.24,0.23,0.25,0.76,0.75,0.77,415.38,223.0,284.0,293.38,0.22,467.0,0.26,257.75,0.74,257.75,0.78,268.0
2026-01-06 17:19:12.881000+00:00,2026-01-06 17:19:13.350861+00:00,252.881,0.24,0.23,0.25,0.76,0.75,0.77,293.38,218.0,360.0,293.38,0.22,284.0,0.26,262.75,0.74,257.75,0.78,168.0
2026-01-06 17:19:13.681000+00:00,2026-01-06 17:19:14.248315+00:00,253.681,0.235,0.23,0.24,0.765,0.76,0.77,106.0,20.83,20.83,106.0,0.22,189.0,0.25,388.0,0.75,383.0,0.78,184.0
2026-01-06 17:19:13.875000+00:00,2026-01-06 17:19:14.352023+00:00,253.875,0.235,0.23,0.24,0.765,0.76,0.77,106.0,20.83,20.83,99.77,0.22,184.0,0.25,383.0,0.75,363.0,0.78,189.0
2026-01-06 17:19:14.663000+00:00,2026-01-06 17:19:15.271627+00:00,254.663,0.235,0.23,0.24,0.765,0.76,0.77,206.07,5.0,5.0,249.07,0.22,237.0,0.25,363.0,0.75,345.0,0.78,273.0
2026-01-06 17:19:14.912000+00:00,2026-01-06 17:19:15.351563+00:00,254.912,0.235,0.23,0.24,0.765,0.76,0.77,206.07,5.0,5.0,171.0,0.22,237.0,0.25,345.0,0.75,274.0,0.78,273.0
2026-01-06 17:19:15.363000+00:00,2026-01-06 17:19:16.270706+00:00,255.363,0.24,0.23,0.25,0.76,0.75,0.77,191.42,96.0,91.0,191.42,0.22,250.0,0.26,345.75,0.74,345.75,0.78,245.0
2026-01-06 17:19:15.363000+00:00,2026-01-06 17:19:16.361467+00:00,255.363,0.24,0.23,0.25,0.76,0.75,0.77,191.42,96.0,20.0,191.42,0.22,250.0,0.26,345.75,0.74,345.75,0.78,245.0
2026-01-06 17:19:16.708000+00:00,2026-01-06 17:19:17.271902+00:00,256.708,0.235,0.23,0.24,0.765,0.76,0.77,68.42,213.0,213.0,68.42,0.22,390.0,0.25,137.0,0.75,198.0,0.78,390.0
2026-01-06 17:19:16.874000+00:00,2026-01-06 17:19:17.361966+00:00,256.874,0.235,0.23,0.24,0.765,0.76,0.77,68.42,213.0,274.0,32.42,0.22,390.0,0.25,198.0,0.75,216.0,0.78,354.0
2026-01-06 17:19:17.789000+00:00,2026-01-06 17:19:18.271530+00:00,257.789,0.22999999999999998,0.22,0.24,0.77,0.76,0.78,259.0,314.0,329.0,258.0,0.21,353.87,0.25,226.0,0.75,298.0,0.79,353.87
2026-01-06 17:19:17.894000+00:00,2026-01-06 17:19:18.365149+00:00,257.894,0.22999999999999998,0.22,0.24,0.77,0.76,0.78,263.0,329.0,329.0,258.0,0.21,353.87,0.25,280.0,0.75,298.0,0.79,287.87
2026-01-06 17:19:18.697000+00:00,2026-01-06 17:19:19.271670+00:00,258.697,0.235,0.23,0.24,0.765,0.76,0.77,100.0,111.0,111.0,143.0,0.22,193.0,0.25,311.25,0.75,221.25,0.78,230.0
2026-01-06 17:19:18.900000+00:00,2026-01-06 17:19:19.364081+00:00,258.9,0.235,0.23,0.24,0.765,0.76,0.77,125.0,111.0,111.0,125.0,0.22,176.0,0.25,221.25,0.75,221.25,0.78,248.0
2026-01-06 17:19:19.692000+00:00,2026-01-06 17:19:20.284767+00:00,259.692,0.235,0.23,0.24,0.765,0.76,0.77,84.0,111.0,111.0,84.0,0.22,212.0,0.25,360.25,0.75,360.25,0.78,212.0
2026-01-06 17:19:19.856000+00:00,2026-01-06 17:19:20.356706+00:00,259.856,0.235,0.23,0.24,0.765,0.76,0.77,84.0,111.0,40.0,84.0,0.22,212.0,0.25,360.25,0.75,360.25,0.78,212.0
2026-01-06 17:19:20.768000+00:00,2026-01-06 17:19:21.289558+00:00,260.768,0.235,0.23,0.24,0.765,0.76,0.77,85.5,50.0,50.0,85.5,0.22,212.0,0.25,331.0,0.75,331.0,0.78,212.0
2026-01-06 17:19:20.768000+00:00,2026-01-06 17:19:21.368454+00:00,260.768,0.235,0.23,0.24,0.765,0.76,0.77,85.5,50.0,50.0,85.5,0.22,212.0,0.25,331.0,0.75,331.0,0.78,212.0
2026-01-06 17:19:21.837000+00:00,2026-01-06 17:19:22.305345+00:00,261.837,0.235,0.23,0.24,0.765,0.76,0.77,122.19,10.0,10.0,122.19,0.22,671.0,0.25,344.0,0.75,344.0,0.78,428.0
2026-01-06 17:19:21.887000+00:00,2026-01-06 17:19:22.367750+00:00,261.887,0.235,0.23,0.24,0.765,0.76,0.77,122.19,10.0,10.0,117.19,0.22,671.0,0.25,344.0,0.75,344.0,0.78,428.0
2026-01-06 17:19:22.856000+00:00,2026-01-06 17:19:23.321081+00:00,262.856,0.235,0.23,0.24,0.765,0.76,0.77,14.99,325.0,325.0,14.99,0.22,257.0,0.25,412.0,0.75,387.0,0.78,257.0
2026-01-06 17:19:22.890000+00:00,2026-01-06 17:19:23.383164+00:00,262.89,0.235,0.23,0.24,0.765,0.76,0.77,14.99,325.0,325.0,14.99,0.22,257.0,0.25,387.0,0.75,387.0,0.78,257.0
2026-01-06 17:19:23.781000+00:00,2026-01-06 17:19:24.325590+00:00,263.781,0.225,0.22,0.23,0.775,0.77,0.78,176.0,122.01,122.01,176.0,0.21,188.87,0.24,113.0,0.76,113.0,0.79,188.87
2026-01-06 17:19:23.781000+00:00,2026-01-06 17:19:24.389253+00:00,263.781,0.225,0.22,0.23,0.775,0.77,0.78,176.0,122.01,122.01,176.0,0.21,188.87,0.24,113.0,0.76,113.0,0.79,188.87
2026-01-06 17:19:24.852000+00:00,2026-01-06 17:19:25.325823+00:00,264.852,0.22999999999999998,0.22,0.24,0.77,0.76,0.78,181.0,100.0,100.0,181.0,0.21,183.87,0.25,457.0,0.75,457.0,0.79,237.87
2026-01-06 17:19:24.925000+00:00,2026-01-06 17:19:25.392158+00:00,264.925,0.22999999999999998,0.22,0.24,0.77,0.76,0.78,181.0,100.0,100.0,110.0,0.21,237.87,0.25,457.0,0.75,386.0,0.79,237.87
2026-01-06 17:19:25.877000+00:00,2026-01-06 17:19:26.336510+00:00,265.877,0.225,0.22,0.23,0.775,0.77,0.78,221.8,5.0,5.0,214.8,0.21,436.87,0.24,122.0,0.76,183.0,0.79,490.87
2026-01-06 17:19:25.938000+00:00,2026-01-06 17:19:26.415901+00:00,265.938,0.225,0.22,0.23,0.775,0.77,0.78,214.8,5.0,5.0,214.8,0.21,490.87,0.24,183.0,0.76,183.0,0.79,490.87
2026-01-06 17:19:26.860000+00:00,2026-01-06 17:19:27.336433+00:00,266.86,0.255,0.25,0.26,0.745,0.74,0.75,30.0,6.75,6.75,100.0,0.24,433.0,0.27,208.43,0.73,25.43,0.76,443.0
2026-01-06 17:19:26.936000+00:00,2026-01-06 17:19:27.437230+00:00,266.936,0.255,0.25,0.26,0.725,0.71,0.74,75.0,6.75,109.6,55.0,0.24,443.0,0.27,25.43,0.7,68.0,0.75,136.0
2026-01-06 17:19:27.866000+00:00,2026-01-06 17:19:28.338007+00:00,267.866,0.28,0.27,0.29,0.725,0.72,0.73,75.0,99.6,50.0,5.0,0.26,512.0,0.3,122.0,0.71,64.6,0.74,567.0
2026-01-06 17:19:28.007000+00:00,2026-01-06 17:19:28.464236+00:00,268.007,0.275,0.27,0.28,0.725,0.72,0.73,5.0,50.0,50.0,10.0,0.26,567.0,0.29,64.6,0.71,64.6,0.74,567.0
2026-01-06 17:19:28.861000+00:00,2026-01-06 17:19:29.342975+00:00,268.861,0.275,0.27,0.28,0.725,0.72,0.73,30.0,50.0,55.0,10.0,0.26,547.0,0.29,64.6,0.71,69.6,0.74,567.0
2026-01-06 17:19:29.001000+00:00,2026-01-06 17:19:29.473007+00:00,269.001,0.275,0.27,0.28,0.725,0.72,0.73,10.0,55.0,55.0,10.0,0.26,567.0,0.29,69.6,0.71,94.6,0.74,567.0
2026-01-06 17:19:29.875000+00:00,2026-01-06 17:19:30.342779+00:00,269.875,0.275,0.27,0.28,0.725,0.72,0.73,5.0,55.0,295.0,5.0,0.26,617.0,0.29,279.0,0.71,272.0,0.74,398.0
2026-01-06 17:19:30.018000+00:00,2026-01-06 17:19:30.483180+00:00,270.018,0.275,0.27,0.28,0.735,0.73,0.74,5.0,295.0,15.0,375.0,0.26,398.0,0.29,272.0,0.72,351.0,0.75,304.0
2026-01-06 17:19:30.906000+00:00,2026-01-06 17:19:31.352272+00:00,270.906,0.255,0.25,0.26,0.745,0.74,0.75,50.0,99.99,160.99,44.86,0.24,141.0,0.27,231.0,0.73,231.0,0.76,141.0
2026-01-06 17:19:31.029000+00:00,2026-01-06 17:19:31.509979+00:00,271.029,0.255,0.25,0.26,0.745,0.74,0.75,44.86,155.99,160.99,44.86,0.24,141.0,0.27,231.0,0.73,231.0,0.76,141.0
2026-01-06 17:19:31.896000+00:00,2026-01-06 17:19:32.363787+00:00,271.896,0.255,0.25,0.26,0.745,0.74,0.75,9.86,218.99,218.99,9.86,0.24,40.0,0.27,485.0,0.73,480.0,0.76,35.0
2026-01-06 17:19:32.073000+00:00,2026-01-06 17:19:32.524774+00:00,272.073,0.255,0.25,0.26,0.765,0.76,0.77,9.86,218.99,36.0,115.0,0.24,35.0,0.27,480.0,0.75,162.14,0.78,290.8
2026-01-06 17:19:32.877000+00:00,2026-01-06 17:19:33.382276+00:00,272.877,0.235,0.23,0.24,0.765,0.76,0.77,418.0,36.0,11.14,418.0,0.22,563.8,0.25,61.0,0.75,61.0,0.78,563.8
2026-01-06 17:19:33.083000+00:00,2026-01-06 17:19:33.547086+00:00,273.083,0.235,0.23,0.24,0.765,0.76,0.77,529.0,11.14,11.14,478.0,0.22,545.8,0.25,61.0,0.75,61.0,0.78,509.8
2026-01-06 17:19:33.916000+00:00,2026-01-06 17:19:34.388854+00:00,273.916,0.255,0.25,0.26,0.745,0.74,0.75,5.0,155.0,160.0,5.0,0.24,256.0,0.27,119.0,0.73,73.0,0.76,313.0
2026-01-06 17:19:34.090000+00:00,2026-01-06 17:19:34.560338+00:00,274.09,0.255,0.25,0.26,0.745,0.74,0.75,5.0,241.0,259.0,5.0,0.24,183.0,0.27,172.0,0.73,183.0,0.76,183.0
2026-01-06 17:19:34.941000+00:00,2026-01-06 17:19:35.402620+00:00,274.941,0.235,0.23,0.24,0.765,0.76,0.77,91.0,39.0,39.0,96.0,0.22,275.8,0.25,235.0,0.75,235.0,0.78,275.8
2026-01-06 17:19:35.118000+00:00,2026-01-06 17:19:35.583776+00:00,275.118,0.235,0.23,0.24,0.765,0.76,0.77,96.0,39.0,57.0,89.5,0.22,257.8,0.25,235.0,0.75,235.0,0.78,185.8
2026-01-06 17:19:35.932000+00:00,2026-01-06 17:19:36.420929+00:00,275.932,0.235,0.23,0.24,0.765,0.76,0.77,84.3,34.88,49.88,81.0,0.22,190.8,0.25,215.0,0.75,230.0,0.78,114.8
2026-01-06 17:19:36.074000+00:00,2026-01-06 17:19:36.589444+00:00,276.074,0.235,0.23,0.24,0.765,0.76,0.77,81.0,49.88,54.88,71.0,0.22,114.8,0.25,230.0,0.75,230.0,0.78,119.8
2026-01-06 17:19:36.970000+00:00,2026-01-06 17:19:37.435004+00:00,276.97,0.235,0.23,0.24,0.775,0.77,0.78,58.01,76.88,15.0,185.0,0.22,197.8,0.25,210.0,0.76,166.88,0.79,89.17
2026-01-06 17:19:37.157000+00:00,2026-01-06 17:19:37.608290+00:00,277.157,0.225,0.22,0.23,0.78,0.77,0.79,100.0,263.0,278.0,212.87,0.21,107.17,0.24,194.9,0.76,179.9,0.8,2356.0
2026-01-06 17:19:37.959000+00:00,2026-01-06 17:19:38.436422+00:00,277.959,0.215,0.21,0.22,0.785,0.78,0.79,15.0,293.0,298.0,15.0,0.2,2139.0,0.23,397.0,0.77,397.0,0.8,2054.0
2026-01-06 17:19:38.143000+00:00,2026-01-06 17:19:38.627401+00:00,278.143,0.215,0.21,0.22,0.785,0.78,0.79,15.0,359.0,237.0,15.0,0.2,2054.0,0.23,397.0,0.77,415.0,0.8,2016.0
2026-01-06 17:19:38.970000+00:00,2026-01-06 17:19:39.439380+00:00,278.97,0.20500000000000002,0.2,0.21,0.79,0.78,0.8,2010.0,29.98,136.9,2115.0,0.19,305.0,0.22,167.9,0.77,336.0,0.81,282.0
2026-01-06 17:19:39.180000+00:00,2026-01-06 17:19:39.644415+00:00,279.18,0.215,0.21,0.22,0.785,0.78,0.79,5.0,136.9,136.9,5.0,0.2,2258.0,0.23,318.0,0.77,336.0,0.8,2276.0
2026-01-06 17:19:39.937000+00:00,2026-01-06 17:19:40.449067+00:00,279.937,0.215,0.21,0.22,0.785,0.78,0.79,1.07,136.9,136.9,1.07,0.2,2269.0,0.23,153.0,0.77,153.0,0.8,2251.0
2026-01-06 17:19:40.193000+00:00,2026-01-06 17:19:40.658330+00:00,280.193,0.215,0.21,0.22,0.785,0.78,0.79,55.07,136.9,136.9,1.07,0.2,2130.0,0.23,138.0,0.77,156.0,0.8,2186.0
2026-01-06 17:19:40.984000+00:00,2026-01-06 17:19:41.459942+00:00,280.984,0.215,0.21,0.22,0.785,0.78,0.79,5.0,136.9,65.9,5.0,0.2,2251.0,0.23,138.0,0.77,62.0,0.8,2246.0
2026-01-06 17:19:41.160000+00:00,2026-01-06 17:19:41.655584+00:00,281.16,0.215,0.21,0.22,0.785,0.78,0.79,5.0,65.9,65.9,8.93,0.2,2161.0,0.23,62.0,0.77,62.0,0.8,2246.0
2026-01-06 17:19:41.931000+00:00,2026-01-06 17:19:42.472421+00:00,281.931,0.215,0.21,0.22,0.785,0.78,0.79,121.9,35.0,17.0,116.9,0.2,2227.0,0.23,74.0,0.77,74.0,0.8,2227.0
2026-01-06 17:19:42.198000+00:00,2026-01-06 17:19:42.673740+00:00,282.198,0.215,0.21,0.22,0.785,0.78,0.79,121.9,17.0,17.0,121.9,0.2,2227.0,0.23,74.0,0.77,74.0,0.8,2227.0
2026-01-06 17:19:43.007000+00:00,2026-01-06 17:19:43.476611+00:00,283.007,0.225,0.22,0.23,0.775,0.77,0.78,401.84,49.0,87.16,279.0,0.21,260.0,0.24,25.14,0.76,157.0,0.79,437.0
2026-01-06 17:19:43.208000+00:00,2026-01-06 17:19:43.681255+00:00,283.208,0.225,0.22,0.23,0.775,0.77,0.78,279.0,87.16,51.16,279.0,0.21,419.0,0.24,175.0,0.76,157.0,0.79,339.0
2026-01-06 17:19:44.032000+00:00,2026-01-06 17:19:44.491328+00:00,284.032,0.225,0.22,0.23,0.775,0.77,0.78,76.0,51.16,61.16,76.0,0.21,357.0,0.24,233.0,0.76,251.0,0.79,357.0
2026-01-06 17:19:44.229000+00:00,2026-01-06 17:19:44.706313+00:00,284.229,0.225,0.22,0.23,0.775,0.77,0.78,70.8,61.16,66.16,70.8,0.21,380.0,0.24,256.0,0.76,312.0,0.79,197.0
2026-01-06 17:19:45.021000+00:00,2026-01-06 17:19:45.508270+00:00,285.021,0.225,0.22,0.23,0.775,0.77,0.78,60.73,234.16,234.16,60.73,0.21,120.0,0.24,307.0,0.76,294.0,0.79,319.0
2026-01-06 17:19:45.219000+00:00,2026-01-06 17:19:45.707695+00:00,285.219,0.225,0.22,0.23,0.775,0.77,0.78,60.73,234.16,234.16,60.73,0.21,319.0,0.24,294.0,0.76,299.0,0.79,360.0
2026-01-06 17:19:46.032000+00:00,2026-01-06 17:19:46.521152+00:00,286.032,0.215,0.21,0.22,0.785,0.78,0.79,168.0,15.0,15.0,112.0,0.2,2329.0,0.23,172.14,0.77,238.14,0.8,2146.0
2026-01-06 17:19:46.250000+00:00,2026-01-06 17:19:46.715493+00:00,286.25,0.215,0.21,0.22,0.79,0.78,0.8,35.0,30.0,157.0,2131.0,0.2,2131.0,0.23,256.14,0.77,304.14,0.81,154.0
2026-01-06 17:19:47.001000+00:00,2026-01-06 17:19:47.523306+00:00,287.001,0.215,0.21,0.22,0.785,0.78,0.79,222.0,147.0,86.0,197.0,0.2,2104.0,0.23,263.14,0.77,80.14,0.8,2104.0
2026-01-06 17:19:47.244000+00:00,2026-01-06 17:19:47.722192+00:00,287.244,0.215,0.21,0.22,0.785,0.78,0.79,112.0,101.0,101.0,112.0,0.2,2159.0,0.23,65.14,0.77,101.14,0.8,2159.0
2026-01-06 17:19:48.072000+00:00,2026-01-06 17:19:48.539628+00:00,288.072,0.215,0.21,0.22,0.785,0.78,0.79,202.0,81.45,81.45,202.0,0.2,2357.0,0.23,30.14,0.77,30.14,0.8,2418.0
2026-01-06 17:19:48.263000+00:00,2026-01-06 17:19:48.723800+00:00,288.263,0.215,0.21,0.22,0.785,0.78,0.79,202.0,81.45,81.45,196.19,0.2,2418.0,0.23,30.14,0.77,30.14,0.8,2418.0
2026-01-06 17:19:49.081000+00:00,2026-01-06 17:19:49.548762+00:00,289.081,0.215,0.21,0.22,0.785,0.78,0.79,198.19,76.9,52.04,293.0,0.2,2258.0,0.23,124.14,0.77,81.14,0.8,2528.0
2026-01-06 17:19:49.257000+00:00,2026-01-06 17:19:49.724975+00:00,289.257,0.215,0.21,0.22,0.785,0.78,0.79,293.0,52.04,52.04,402.0,0.2,2528.0,0.23,81.14,0.77,81.14,0.8,2510.0
2026-01-06 17:19:50.058000+00:00,2026-01-06 17:19:50.542707+00:00,290.058,0.225,0.22,0.23,0.775,0.77,0.78,148.1,81.14,101.14,69.96,0.21,348.0,0.24,20.0,0.76,5.0,0.79,403.0
2026-01-06 17:19:50.252000+00:00,2026-01-06 17:19:50.716628+00:00,290.252,0.225,0.22,0.23,0.775,0.77,0.78,69.96,111.14,111.14,69.96,0.21,473.0,0.24,30.0,0.76,30.0,0.79,455.0
2026-01-06 17:19:51.079000+00:00,2026-01-06 17:19:51.557143+00:00,291.079,0.225,0.22,0.23,0.78,0.77,0.79,29.96,172.14,177.14,320.0,0.21,445.0,0.24,180.0,0.76,284.0,0.8,2497.0
2026-01-06 17:19:51.251000+00:00,2026-01-06 17:19:51.724095+00:00,291.251,0.22,0.21,0.23,0.78,0.77,0.79,338.0,177.14,177.14,338.0,0.2,2497.0,0.24,277.0,0.76,277.0,0.8,2497.0
2026-01-06 17:19:52.112000+00:00,2026-01-06 17:19:52.574340+00:00,292.112,0.225,0.22,0.23,0.775,0.77,0.78,479.0,71.0,71.0,597.0,0.21,594.0,0.24,5.0,0.75,15.0,0.79,556.0
2026-01-06 17:19:52.276000+00:00,2026-01-06 17:19:52.738849+00:00,292.276,0.225,0.22,0.23,0.775,0.77,0.78,667.0,71.0,61.0,730.0,0.21,556.0,0.25,15.0,0.75,20.0,0.79,574.0
2026-01-06 17:19:53.121000+00:00,2026-01-06 17:19:53.590872+00:00,293.121,0.265,0.26,0.27,0.735,0.73,0.74,254.0,24.54,29.54,259.0,0.25,420.0,0.28,53.0,0.72,53.0,0.75,475.0
2026-01-06 17:19:53.278000+00:00,2026-01-06 17:19:53.752429+00:00,293.278,0.265,0.26,0.27,0.735,0.73,0.74,259.0,109.54,281.54,254.0,0.25,435.0,0.28,175.0,0.72,186.0,0.75,339.0
2026-01-06 17:19:54.074000+00:00,2026-01-06 17:19:54.583470+00:00,294.074,0.26,0.25,0.27,0.74,0.73,0.75,85.0,319.54,136.54,85.0,0.24,241.0,0.28,318.0,0.72,117.0,0.76,248.0
2026-01-06 17:19:54.291000+00:00,2026-01-06 17:19:54.769905+00:00,294.291,0.26,0.25,0.27,0.74,0.73,0.75,85.0,136.54,144.54,105.0,0.24,248.0,0.28,117.0,0.72,122.0,0.76,248.0
2026-01-06 17:19:55.085000+00:00,2026-01-06 17:19:55.594075+00:00,295.085,0.26,0.25,0.27,0.74,0.73,0.75,211.0,65.54,100.54,111.0,0.24,277.0,0.28,323.0,0.72,298.0,0.76,347.0
