timestamp,collected_at,seconds,up_mid,up_best_bid,up_best_ask,down_mid,down_best_bid,down_best_ask,up_best_bid_size,up_best_ask_size,down_best_bid_size,down_best_ask_size,up_bid_2,up_bid_2_size,up_ask_2,up_ask_2_size,up_bid_3,up_bid_3_size,up_ask_3,up_ask_3_size,up_bid_4,up_bid_4_size,up_ask_4,up_ask_4_size,up_bid_5,up_bid_5_size,up_ask_5,up_ask_5_size,up_bid_6,up_bid_6_size,up_ask_6,up_ask_6_size,down_bid_2,down_bid_2_size,down_ask_2,down_ask_2_size,down_bid_3,down_bid_3_size,down_ask_3,down_ask_3_size,down_bid_4,down_bid_4_size,down_ask_4,down_ask_4_size,down_bid_5,down_bid_5_size,down_ask_5,down_ask_5_size,down_bid_6,down_bid_6_size,down_ask_6,down_ask_6_size
2026-01-07 12:15:00.611000+00:00,2026-01-07 12:14:58.435261+00:00,0.611,0.01,,0.01,0.99,0.99,,,16150.5,16150.5,,,,0.02,411.5,,,0.03,69.02,,,0.04,191.33,,,0.05,388.84,,,0.06,180.5,0.98,411.5,,,0.97,69.02,,,0.96,191.33,,,0.95,388.84,,,0.94,180.5,,
2026-01-07 12:15:01.837000+00:00,2026-01-07 12:14:59.439926+00:00,1.837,0.01,,0.01,0.99,0.99,,,149396.5,168124.5,,,,0.02,431.9,,,0.03,69.02,,,0.04,191.33,,,0.05,388.84,,,0.06,75.0,0.98,431.9,,,0.97,69.02,,,0.96,191.33,,,0.95,388.84,,,0.94,75.0,,
2026-01-07 12:15:02.820000+00:00,2026-01-07 12:15:00.447530+00:00,2.82,0.555,0.55,0.56,0.445,0.44,0.45,15.0,650.66,630.66,15.0,0.54,5.0,0.57,30.0,0.53,853.53,0.59,188.0,0.52,961.06,0.6,396.0,0.51,548.57,0.61,304.0,0.5,770.72,0.62,304.0,0.43,30.0,0.46,5.0,0.41,188.0,0.47,853.53,0.4,396.0,0.48,961.06,0.39,304.0,0.49,548.57,0.38,304.0,0.5,770.72
2026-01-07 12:15:03.828000+00:00,2026-01-07 12:15:01.452560+00:00,3.828,0.55,0.54,0.56,0.45,0.44,0.46,5.0,559.66,559.66,5.0,0.53,1036.53,0.57,88.0,0.52,961.06,0.59,188.0,0.51,649.57,0.6,396.0,0.5,770.72,0.61,304.0,0.49,563.31,0.62,304.0,0.43,88.0,0.47,1036.53,0.41,188.0,0.48,991.06,0.4,396.0,0.49,649.57,0.39,304.0,0.5,770.72,0.38,304.0,0.51,563.31
2026-01-07 12:15:04.705000+00:00,2026-01-07 12:15:02.458167+00:00,4.705,0.545,0.54,0.55,0.455,0.45,0.46,50.0,20.0,40.0,15.0,0.53,1036.53,0.56,597.1,0.52,991.06,0.57,88.0,0.51,649.57,0.58,5.0,0.5,775.72,0.59,188.0,0.49,2408.31,0.6,396.0,0.44,612.1,0.47,1036.53,0.43,30.0,0.48,991.06,0.42,5.0,0.49,649.57,0.41,188.0,0.5,775.72,0.4,396.0,0.51,2408.31
2026-01-07 12:15:05.851000+00:00,2026-01-07 12:15:03.476640+00:00,5.851,0.535,0.53,0.54,0.46499999999999997,0.46,0.47,1036.53,55.0,90.0,965.17,0.52,981.06,0.55,118.0,0.51,719.57,0.56,679.1,0.5,795.72,0.57,65.0,0.49,2443.31,0.58,40.0,0.48,327.0,0.59,188.0,0.45,118.0,0.48,981.06,0.44,679.1,0.49,719.57,0.43,65.0,0.5,815.72,0.42,40.0,0.51,2423.31,0.41,188.0,0.52,327.0
2026-01-07 12:15:06.953000+00:00,2026-01-07 12:15:04.482709+00:00,6.953,0.545,0.54,0.55,0.455,0.45,0.46,32.0,110.0,110.0,32.0,0.53,940.17,0.56,597.1,0.52,1157.06,0.57,123.0,0.51,704.57,0.58,40.0,0.5,810.72,0.59,5.0,0.49,2423.31,0.6,285.0,0.44,597.1,0.47,940.17,0.43,123.0,0.48,1157.06,0.42,40.0,0.49,704.57,0.41,162.0,0.5,810.72,0.4,285.0,0.51,2458.31
2026-01-07 12:15:07.888000+00:00,2026-01-07 12:15:05.485201+00:00,7.888,0.545,0.54,0.55,0.455,0.45,0.46,37.08,135.0,110.0,37.08,0.53,940.17,0.56,654.1,0.52,1157.06,0.57,65.0,0.51,769.57,0.58,40.0,0.5,820.72,0.59,223.0,0.49,2458.31,0.6,285.0,0.44,654.1,0.47,940.17,0.43,65.0,0.48,1157.06,0.42,40.0,0.49,769.57,0.41,223.0,0.5,820.72,0.4,285.0,0.51,2458.31
2026-01-07 12:15:08.872000+00:00,2026-01-07 12:15:06.489995+00:00,8.872,0.535,0.53,0.54,0.46499999999999997,0.46,0.47,812.17,20.0,20.0,812.17,0.52,1237.06,0.55,55.36,0.51,809.57,0.56,657.1,0.5,890.72,0.57,318.0,0.49,2551.31,0.58,353.0,0.48,432.0,0.59,258.0,0.45,55.36,0.48,1237.06,0.44,692.1,0.49,809.57,0.43,318.0,0.5,890.72,0.42,353.0,0.51,2551.31,0.41,258.0,0.52,432.0
2026-01-07 12:15:09.915000+00:00,2026-01-07 12:15:07.513185+00:00,9.915,0.535,0.53,0.54,0.46499999999999997,0.46,0.47,807.17,2055.0,2055.0,814.71,0.52,1237.06,0.55,135.36,0.51,809.57,0.56,692.1,0.5,890.72,0.57,376.0,0.49,2551.31,0.58,293.0,0.48,432.0,0.59,258.0,0.45,135.36,0.48,1237.06,0.44,692.1,0.49,809.57,0.43,376.0,0.5,890.72,0.42,293.0,0.51,2551.31,0.41,258.0,0.52,432.0
2026-01-07 12:15:10.909000+00:00,2026-01-07 12:15:08.517232+00:00,10.909,0.535,0.53,0.54,0.46499999999999997,0.46,0.47,835.0,2060.0,2060.0,835.0,0.52,1302.06,0.55,215.36,0.51,829.57,0.56,692.1,0.5,890.72,0.57,318.0,0.49,2551.31,0.58,353.0,0.48,432.0,0.59,258.0,0.45,215.36,0.48,1302.06,0.44,692.1,0.49,829.57,0.43,318.0,0.5,890.72,0.42,353.0,0.51,2551.31,0.41,258.0,0.52,432.0
2026-01-07 12:15:11.892000+00:00,2026-01-07 12:15:09.525693+00:00,11.892,0.535,0.53,0.54,0.46499999999999997,0.46,0.47,802.97,2060.0,2060.0,802.97,0.52,1302.06,0.55,215.36,0.51,829.57,0.56,692.1,0.5,890.72,0.57,376.0,0.49,2551.31,0.58,293.0,0.48,432.0,0.59,258.0,0.45,215.36,0.48,1302.06,0.44,692.1,0.49,829.57,0.43,376.0,0.5,890.72,0.42,293.0,0.51,2551.31,0.41,258.0,0.52,432.0
2026-01-07 12:15:12.819000+00:00,2026-01-07 12:15:10.546068+00:00,12.819,0.535,0.53,0.54,0.46499999999999997,0.46,0.47,807.97,2065.0,2065.0,822.97,0.52,1302.06,0.55,215.36,0.51,829.57,0.56,692.1,0.5,890.72,0.57,318.0,0.49,2551.31,0.58,293.0,0.48,432.0,0.59,374.0,0.45,215.36,0.48,1181.06,0.44,692.1,0.49,829.57,0.43,376.0,0.5,890.72,0.42,293.0,0.51,2551.31,0.41,374.0,0.52,432.0
2026-01-07 12:15:13.956000+00:00,2026-01-07 12:15:11.556230+00:00,13.956,0.535,0.53,0.54,0.46499999999999997,0.46,0.47,842.97,2060.0,2060.0,862.97,0.52,1106.06,0.55,140.36,0.51,809.57,0.56,752.1,0.5,895.72,0.57,356.0,0.49,2541.31,0.58,323.0,0.48,432.0,0.59,380.25,0.45,160.36,0.48,1166.06,0.44,732.1,0.49,809.57,0.43,356.0,0.5,895.72,0.42,323.0,0.51,2541.31,0.41,380.25,0.52,432.0
2026-01-07 12:15:14.939000+00:00,2026-01-07 12:15:12.563205+00:00,14.939,0.535,0.53,0.54,0.46499999999999997,0.46,0.47,817.97,2065.0,2065.0,817.97,0.52,1181.06,0.55,205.36,0.51,819.57,0.56,692.1,0.5,855.72,0.57,376.0,0.49,2541.31,0.58,293.0,0.48,432.0,0.59,380.25,0.45,205.36,0.48,1181.06,0.44,702.1,0.49,829.57,0.43,376.0,0.5,855.72,0.42,293.0,0.51,2541.31,0.41,380.25,0.52,432.0
2026-01-07 12:15:15.534000+00:00,2026-01-07 12:15:13.582803+00:00,15.534,0.535,0.53,0.54,0.46499999999999997,0.46,0.47,822.97,2065.0,2065.0,822.97,0.52,1181.06,0.55,205.36,0.51,829.57,0.56,702.1,0.5,855.72,0.57,376.0,0.49,2529.31,0.58,293.0,0.48,432.0,0.59,380.25,0.45,205.36,0.48,1181.06,0.44,702.1,0.49,829.57,0.43,376.0,0.5,855.72,0.42,293.0,0.51,2529.31,0.41,380.25,0.52,432.0
2026-01-07 12:15:16.943000+00:00,2026-01-07 12:15:14.601915+00:00,16.943,0.535,0.53,0.54,0.46499999999999997,0.46,0.47,809.97,2080.0,2035.0,809.97,0.52,1181.06,0.55,205.36,0.51,829.57,0.56,759.1,0.5,855.72,0.57,288.0,0.49,2529.31,0.58,293.0,0.48,432.0,0.59,380.25,0.45,205.36,0.48,1181.06,0.44,759.1,0.49,829.57,0.43,288.0,0.5,855.72,0.42,293.0,0.51,2529.31,0.41,380.25,0.52,432.0
2026-01-07 12:15:17.917000+00:00,2026-01-07 12:15:15.607362+00:00,17.917,0.535,0.53,0.54,0.46499999999999997,0.46,0.47,809.97,2031.29,2031.29,809.97,0.52,1151.06,0.55,205.36,0.51,829.57,0.56,759.1,0.5,855.72,0.57,288.0,0.49,2529.31,0.58,293.0,0.48,432.0,0.59,380.25,0.45,205.36,0.48,1151.06,0.44,759.1,0.49,829.57,0.43,288.0,0.5,855.72,0.42,293.0,0.51,2529.31,0.41,380.25,0.52,432.0
2026-01-07 12:15:19.916000+00:00,2026-01-07 12:15:17.614926+00:00,19.916,0.535,0.53,0.54,0.46499999999999997,0.46,0.47,785.47,2031.29,1976.29,785.47,0.52,968.06,0.55,205.36,0.51,738.57,0.56,702.1,0.5,855.72,0.57,346.0,0.49,2529.31,0.58,293.0,0.48,432.0,0.59,410.25,0.45,140.0,0.48,968.06,0.44,667.1,0.49,738.57,0.43,311.0,0.5,845.72,0.42,223.0,0.51,2494.31,0.41,395.25,0.52,397.0
2026-01-07 12:15:20.995000+00:00,2026-01-07 12:15:18.619372+00:00,20.995,0.555,0.55,0.56,0.405,0.4,0.41,185.0,127.1,136.35,15.0,0.54,117.51,0.57,70.0,0.53,910.47,0.58,5.0,0.52,938.06,0.59,81.25,0.51,688.57,0.6,157.0,0.5,845.72,0.61,55.0,0.39,55.0,0.42,60.0,0.38,130.0,0.44,61.0,0.37,60.0,0.45,220.0,0.36,70.0,0.46,147.51,0.35,164.87,0.47,910.47
2026-01-07 12:15:21.965000+00:00,2026-01-07 12:15:19.626418+00:00,21.965,0.585,0.58,0.59,0.415,0.41,0.42,25.0,85.0,85.0,25.0,0.57,196.0,0.6,59.35,0.56,166.0,0.61,135.0,0.55,378.0,0.62,75.0,0.54,400.51,0.63,30.0,0.53,1021.47,0.64,70.0,0.4,59.35,0.43,196.0,0.39,105.0,0.44,121.0,0.38,75.0,0.45,378.0,0.37,30.0,0.46,400.51,0.36,70.0,0.47,1001.18
2026-01-07 12:15:22.923000+00:00,2026-01-07 12:15:20.631321+00:00,22.923,0.585,0.58,0.59,0.415,0.41,0.42,20.0,64.44,49.44,55.0,0.57,206.0,0.6,79.35,0.56,161.0,0.61,115.0,0.55,423.0,0.62,75.0,0.54,400.51,0.63,20.0,0.53,1001.18,0.64,100.0,0.4,114.35,0.43,216.0,0.39,125.0,0.44,196.0,0.38,75.0,0.45,458.0,0.37,55.0,0.46,435.51,0.36,100.0,0.47,1001.18
2026-01-07 12:15:24.979000+00:00,2026-01-07 12:15:22.631424+00:00,24.979,0.575,0.57,0.58,0.425,0.42,0.43,50.0,165.74,165.74,50.0,0.56,201.29,0.59,184.1,0.55,323.0,0.6,64.35,0.54,343.0,0.61,273.0,0.53,1266.18,0.62,409.0,0.52,1312.06,0.63,359.0,0.41,184.1,0.44,211.29,0.4,64.35,0.45,323.0,0.39,273.0,0.46,343.0,0.38,409.0,0.47,1266.18,0.37,359.0,0.48,1312.06
2026-01-07 12:15:26.036000+00:00,2026-01-07 12:15:23.651916+00:00,26.036,0.575,0.57,0.58,0.425,0.42,0.43,70.0,85.0,80.0,105.0,0.56,290.79,0.59,224.1,0.55,273.0,0.6,84.35,0.54,389.0,0.61,90.0,0.53,1214.18,0.62,409.0,0.52,1312.06,0.63,359.0,0.41,214.1,0.44,270.79,0.4,84.35,0.45,273.0,0.39,90.0,0.46,389.0,0.38,409.0,0.47,1214.18,0.37,359.0,0.48,1312.06
2026-01-07 12:15:27.030000+00:00,2026-01-07 12:15:24.660567+00:00,27.03,0.575,0.57,0.58,0.425,0.42,0.43,209.13,67.22,67.22,209.13,0.56,335.79,0.59,179.1,0.55,323.0,0.6,134.35,0.54,324.0,0.61,90.0,0.53,1144.18,0.62,379.0,0.52,1242.06,0.63,389.0,0.41,179.1,0.44,335.79,0.4,134.35,0.45,323.0,0.39,90.0,0.46,324.0,0.38,379.0,0.47,1144.18,0.37,389.0,0.48,1242.06
2026-01-07 12:15:28.054000+00:00,2026-01-07 12:15:25.666874+00:00,28.054,0.595,0.59,0.6,0.405,0.4,0.41,65.0,194.35,114.35,75.0,0.58,145.0,0.61,150.0,0.57,408.0,0.62,135.0,0.56,310.79,0.63,75.0,0.55,358.0,0.64,404.0,0.54,473.5,0.65,433.87,0.39,150.0,0.42,180.0,0.38,135.0,0.43,418.0,0.37,75.0,0.44,345.79,0.36,404.0,0.45,393.0,0.35,433.87,0.46,508.5
2026-01-07 12:15:29.061000+00:00,2026-01-07 12:15:26.671248+00:00,29.061,0.585,0.58,0.59,0.415,0.41,0.42,255.0,35.0,20.0,285.0,0.57,398.0,0.6,127.35,0.56,325.5,0.61,180.0,0.55,393.0,0.62,125.0,0.54,508.5,0.63,177.0,0.53,1129.47,0.64,404.0,0.4,112.35,0.43,398.0,0.39,180.0,0.44,325.5,0.38,125.0,0.45,393.0,0.37,207.0,0.46,508.5,0.36,374.0,0.47,1129.47
2026-01-07 12:15:30.631000+00:00,2026-01-07 12:15:28.654249+00:00,30.631,0.595,0.59,0.6,0.405,0.4,0.41,20.0,201.93,196.93,20.0,0.58,285.29,0.61,135.0,0.57,867.0,0.62,85.0,0.56,325.5,0.63,268.0,0.55,343.0,0.64,374.0,0.54,554.5,0.65,504.87,0.39,125.0,0.42,285.29,0.38,85.0,0.43,867.0,0.37,268.0,0.44,325.5,0.36,374.0,0.45,343.0,0.35,504.87,0.46,554.5
2026-01-07 12:15:32.993000+00:00,2026-01-07 12:15:30.664142+00:00,32.993,0.595,0.59,0.6,0.405,0.4,0.41,388.0,62.31,132.31,213.0,0.58,413.29,0.61,101.25,0.57,493.0,0.62,170.0,0.56,255.5,0.63,30.0,0.55,509.0,0.64,549.0,0.54,473.5,0.65,468.87,0.39,81.25,0.42,423.29,0.38,55.0,0.43,448.0,0.37,20.0,0.44,255.5,0.36,549.0,0.45,509.0,0.35,468.87,0.46,473.5
2026-01-07 12:15:34.042000+00:00,2026-01-07 12:15:31.671133+00:00,34.042,0.595,0.59,0.6,0.405,0.4,0.41,42.0,219.65,219.65,42.0,0.58,584.29,0.61,91.25,0.57,453.0,0.62,120.0,0.56,375.5,0.63,238.0,0.55,413.0,0.64,374.0,0.54,554.5,0.65,553.87,0.39,91.25,0.42,584.29,0.38,120.0,0.43,313.0,0.37,238.0,0.44,375.5,0.36,374.0,0.45,413.0,0.35,553.87,0.46,554.5
2026-01-07 12:15:35.960000+00:00,2026-01-07 12:15:33.683493+00:00,35.96,0.605,0.6,0.61,0.395,0.39,0.4,40.4,79.08,79.08,40.4,0.59,270.0,0.62,90.0,0.58,659.0,0.63,165.0,0.57,413.0,0.64,883.0,0.56,255.5,0.65,468.87,0.55,430.0,0.66,413.0,0.38,90.0,0.41,270.0,0.37,165.0,0.42,659.0,0.36,883.0,0.43,413.0,0.35,468.87,0.44,255.5,0.34,413.0,0.45,430.0
2026-01-07 12:15:37.076000+00:00,2026-01-07 12:15:34.691454+00:00,37.076,0.605,0.6,0.61,0.395,0.39,0.4,40.4,79.08,79.08,40.4,0.59,270.0,0.62,95.0,0.58,654.0,0.63,90.0,0.57,413.0,0.64,943.0,0.56,255.5,0.65,468.87,0.55,430.0,0.66,413.0,0.38,105.0,0.41,270.0,0.37,90.0,0.42,654.0,0.36,943.0,0.43,413.0,0.35,468.87,0.44,255.5,0.34,413.0,0.45,430.0
2026-01-07 12:15:38.004000+00:00,2026-01-07 12:15:35.710758+00:00,38.004,0.605,0.6,0.61,0.395,0.39,0.4,115.4,79.08,79.08,115.4,0.59,360.29,0.62,115.0,0.58,837.0,0.63,160.0,0.57,343.0,0.64,863.0,0.56,255.5,0.65,468.87,0.55,385.0,0.66,339.0,0.38,115.0,0.41,360.29,0.37,160.0,0.42,837.0,0.36,863.0,0.43,343.0,0.35,468.87,0.44,255.5,0.34,339.0,0.45,385.0
2026-01-07 12:15:39.068000+00:00,2026-01-07 12:15:36.716153+00:00,39.068,0.605,0.6,0.61,0.395,0.39,0.4,110.4,155.12,155.12,110.4,0.59,360.29,0.62,115.0,0.58,837.0,0.63,80.0,0.57,343.0,0.64,863.0,0.56,260.81,0.65,468.87,0.55,430.0,0.66,413.0,0.38,115.0,0.41,360.29,0.37,80.0,0.42,837.0,0.36,863.0,0.43,343.0,0.35,468.87,0.44,260.81,0.34,413.0,0.45,430.0
2026-01-07 12:15:40.956000+00:00,2026-01-07 12:15:38.748262+00:00,40.956,0.615,0.61,0.62,0.385,0.38,0.39,190.0,20.0,20.0,190.0,0.6,508.4,0.63,205.0,0.59,433.29,0.64,125.0,0.58,343.0,0.65,204.87,0.57,378.0,0.66,339.0,0.56,391.81,0.67,446.0,0.37,205.0,0.4,508.4,0.36,125.0,0.41,433.29,0.35,204.87,0.42,343.0,0.34,339.0,0.43,378.0,0.33,446.0,0.44,391.81
2026-01-07 12:15:42.092000+00:00,2026-01-07 12:15:39.753160+00:00,42.092,0.615,0.61,0.62,0.385,0.38,0.39,200.0,24.35,24.35,200.0,0.6,483.4,0.63,215.0,0.59,433.29,0.64,115.0,0.58,343.0,0.65,204.87,0.57,378.0,0.66,339.0,0.56,391.81,0.67,446.0,0.37,215.0,0.4,483.4,0.36,115.0,0.41,433.29,0.35,204.87,0.42,343.0,0.34,339.0,0.43,378.0,0.33,370.0,0.44,346.81
2026-01-07 12:15:43.977000+00:00,2026-01-07 12:15:41.782488+00:00,43.977,0.615,0.61,0.62,0.385,0.38,0.39,189.49,98.38,98.38,189.49,0.6,483.4,0.63,135.0,0.59,413.0,0.64,115.0,0.58,343.0,0.65,204.87,0.57,378.0,0.66,339.0,0.56,390.81,0.67,406.2,0.37,135.0,0.4,932.4,0.36,115.0,0.41,413.0,0.35,204.87,0.42,343.0,0.34,339.0,0.43,378.0,0.33,406.2,0.44,390.81
2026-01-07 12:15:44.806000+00:00,2026-01-07 12:15:42.788071+00:00,44.806,0.615,0.61,0.62,0.385,0.38,0.39,189.49,98.38,98.38,189.49,0.6,952.69,0.63,135.0,0.59,413.0,0.64,115.0,0.58,343.0,0.65,204.87,0.57,378.0,0.66,339.0,0.56,390.81,0.67,406.2,0.37,135.0,0.4,952.69,0.36,115.0,0.41,413.0,0.35,204.87,0.42,343.0,0.34,339.0,0.43,378.0,0.33,406.2,0.44,390.81
2026-01-07 12:15:46.978000+00:00,2026-01-07 12:15:44.816355+00:00,46.978,0.615,0.61,0.62,0.385,0.38,0.39,199.49,19.0,19.0,199.49,0.6,942.69,0.63,115.0,0.59,413.0,0.64,135.0,0.58,343.0,0.65,204.87,0.57,378.0,0.66,339.0,0.56,391.81,0.67,482.2,0.37,115.0,0.4,942.69,0.36,135.0,0.41,413.0,0.35,204.87,0.42,343.0,0.34,339.0,0.43,378.0,0.33,482.2,0.44,391.81
2026-01-07 12:15:48.826000+00:00,2026-01-07 12:15:46.837247+00:00,48.826,0.625,0.62,0.63,0.375,0.37,0.38,10.0,80.0,80.0,10.0,0.61,249.49,0.64,145.0,0.6,882.69,0.65,159.87,0.59,413.0,0.66,828.0,0.58,343.0,0.67,482.2,0.57,378.0,0.68,359.0,0.36,145.0,0.39,249.49,0.35,159.87,0.4,882.69,0.34,828.0,0.41,413.0,0.33,482.2,0.42,343.0,0.32,359.0,0.43,378.0
2026-01-07 12:15:50.236000+00:00,2026-01-07 12:15:47.857282+00:00,50.236,0.625,0.62,0.63,0.375,0.37,0.38,35.0,75.0,75.0,25.0,0.61,274.49,0.64,150.0,0.6,832.4,0.65,159.87,0.59,413.0,0.66,828.0,0.58,349.87,0.67,482.2,0.57,378.0,0.68,359.0,0.36,150.0,0.39,274.49,0.35,159.87,0.4,832.4,0.34,828.0,0.41,413.0,0.33,482.2,0.42,349.87,0.32,359.0,0.43,378.0
2026-01-07 12:15:51.193000+00:00,2026-01-07 12:15:48.879877+00:00,51.193,0.625,0.62,0.63,0.375,0.37,0.38,25.0,59.12,59.12,25.0,0.61,274.49,0.64,150.0,0.6,832.4,0.65,159.87,0.59,413.0,0.66,828.0,0.58,349.87,0.67,482.2,0.57,378.0,0.68,359.0,0.36,150.0,0.39,364.78,0.35,159.87,0.4,832.4,0.34,828.0,0.41,413.0,0.33,482.2,0.42,349.87,0.32,359.0,0.43,378.0
2026-01-07 12:15:52.282000+00:00,2026-01-07 12:15:49.886538+00:00,52.282,0.625,0.62,0.63,0.365,0.36,0.37,180.0,39.12,115.0,5.0,0.61,274.78,0.64,75.0,0.6,832.4,0.65,209.87,0.59,343.0,0.66,828.0,0.58,349.87,0.67,406.2,0.57,378.0,0.68,437.0,0.35,204.87,0.38,249.0,0.34,828.0,0.39,274.78,0.33,406.2,0.4,832.4,0.32,437.0,0.41,343.0,0.31,317.35,0.42,349.87
2026-01-07 12:15:53.279000+00:00,2026-01-07 12:15:50.895447+00:00,53.279,0.635,0.63,0.64,0.365,0.36,0.37,149.0,120.0,120.0,134.0,0.62,244.0,0.65,139.87,0.61,244.78,0.66,700.0,0.6,792.4,0.67,390.0,0.59,343.0,0.68,394.8,0.58,349.87,0.69,398.35,0.35,139.87,0.38,244.0,0.34,700.0,0.39,244.78,0.33,390.0,0.4,792.4,0.32,394.8,0.41,343.0,0.31,398.35,0.42,349.87
2026-01-07 12:15:54.243000+00:00,2026-01-07 12:15:51.918620+00:00,54.243,0.635,0.63,0.64,0.365,0.36,0.37,100.75,120.0,120.0,100.75,0.62,244.0,0.65,144.87,0.61,174.78,0.66,695.0,0.6,792.4,0.67,390.0,0.59,343.0,0.68,394.8,0.58,349.87,0.69,398.35,0.35,144.87,0.38,244.0,0.34,695.0,0.39,174.78,0.33,390.0,0.4,792.4,0.32,394.8,0.41,343.0,0.31,398.35,0.42,349.87
2026-01-07 12:15:55.305000+00:00,2026-01-07 12:15:52.922318+00:00,55.305,0.635,0.63,0.64,0.365,0.36,0.37,45.23,120.0,120.0,45.23,0.62,309.0,0.65,214.87,0.61,149.78,0.66,645.0,0.6,817.4,0.67,370.0,0.59,343.0,0.68,394.8,0.58,349.87,0.69,398.35,0.35,214.87,0.38,309.0,0.34,645.0,0.39,159.78,0.33,370.0,0.4,817.4,0.32,394.8,0.41,343.0,0.31,398.35,0.42,349.87
2026-01-07 12:15:56.313000+00:00,2026-01-07 12:15:53.929669+00:00,56.313,0.635,0.63,0.64,0.365,0.36,0.37,45.23,115.0,115.0,45.23,0.62,309.0,0.65,214.87,0.61,159.78,0.66,645.0,0.6,817.4,0.67,370.0,0.59,343.0,0.68,394.8,0.58,349.87,0.69,398.35,0.35,214.87,0.38,309.0,0.34,645.0,0.39,159.78,0.33,370.0,0.4,817.4,0.32,394.8,0.41,343.0,0.31,398.35,0.42,349.87
2026-01-07 12:15:57.337000+00:00,2026-01-07 12:15:54.951199+00:00,57.337,0.635,0.63,0.64,0.365,0.36,0.37,40.23,115.0,113.32,40.23,0.62,314.0,0.65,214.87,0.61,139.49,0.66,645.0,0.6,817.4,0.67,370.0,0.59,343.0,0.68,394.8,0.58,349.87,0.69,398.35,0.35,214.87,0.38,314.0,0.34,645.0,0.39,139.49,0.33,370.0,0.4,817.4,0.32,394.8,0.41,343.0,0.31,398.35,0.42,349.87
2026-01-07 12:15:58.252000+00:00,2026-01-07 12:15:55.958399+00:00,58.252,0.635,0.63,0.64,0.365,0.36,0.37,40.23,111.27,111.27,40.23,0.62,334.29,0.65,214.87,0.61,139.49,0.66,645.0,0.6,817.4,0.67,370.0,0.59,343.0,0.68,394.8,0.58,349.87,0.69,398.35,0.35,214.87,0.38,334.29,0.34,645.0,0.39,139.49,0.33,370.0,0.4,817.4,0.32,394.8,0.41,343.0,0.31,398.35,0.42,349.87
2026-01-07 12:15:59.336000+00:00,2026-01-07 12:15:56.978587+00:00,59.336,0.635,0.63,0.64,0.365,0.36,0.37,45.23,109.14,105.44,45.23,0.62,334.29,0.65,214.87,0.61,169.49,0.66,645.0,0.6,787.4,0.67,370.0,0.59,343.0,0.68,394.8,0.58,349.87,0.69,398.35,0.35,214.87,0.38,334.29,0.34,645.0,0.39,169.49,0.33,370.0,0.4,787.4,0.32,394.8,0.41,343.0,0.31,398.35,0.42,343.0
2026-01-07 12:16:00.300000+00:00,2026-01-07 12:15:57.985908+00:00,60.3,0.635,0.63,0.64,0.365,0.36,0.37,150.23,5.18,0.18,150.23,0.62,284.29,0.65,204.87,0.61,184.49,0.66,705.0,0.6,829.4,0.67,345.0,0.59,343.0,0.68,394.8,0.58,308.0,0.69,352.35,0.35,204.87,0.38,284.29,0.34,705.0,0.39,184.49,0.33,345.0,0.4,829.4,0.32,394.8,0.41,343.0,0.31,352.35,0.42,314.87
2026-01-07 12:16:01.390000+00:00,2026-01-07 12:15:58.994877+00:00,61.39,0.645,0.64,0.65,0.355,0.35,0.36,243.66,152.85,152.85,243.66,0.63,428.0,0.66,115.0,0.62,412.29,0.67,187.0,0.61,378.49,0.68,324.0,0.6,338.4,0.69,352.35,0.59,308.0,0.7,417.8,0.34,115.0,0.37,418.0,0.33,187.0,0.38,442.29,0.32,354.0,0.39,378.49,0.31,352.35,0.4,338.4,0.3,417.8,0.41,308.0
2026-01-07 12:16:02.153000+00:00,2026-01-07 12:16:00.001052+00:00,62.153,0.645,0.64,0.65,0.355,0.35,0.36,248.66,106.21,106.21,248.66,0.63,483.0,0.66,130.0,0.62,392.29,0.67,217.0,0.61,337.49,0.68,354.0,0.6,380.4,0.69,352.35,0.59,308.0,0.7,500.8,0.34,130.0,0.37,483.0,0.33,217.0,0.38,392.29,0.32,354.0,0.39,337.49,0.31,352.35,0.4,380.4,0.3,500.8,0.41,308.0
2026-01-07 12:16:03.445000+00:00,2026-01-07 12:16:01.006986+00:00,63.445,0.635,0.63,0.64,0.365,0.36,0.37,70.0,135.0,140.0,70.0,0.62,105.29,0.65,194.11,0.61,129.49,0.66,394.0,0.6,184.9,0.67,460.0,0.59,413.0,0.68,808.0,0.58,319.07,0.69,433.35,0.35,124.11,0.38,95.29,0.34,359.0,0.39,94.49,0.33,435.0,0.4,184.9,0.32,808.0,0.41,413.0,0.31,433.35,0.42,389.07
2026-01-07 12:16:04.398000+00:00,2026-01-07 12:16:02.015901+00:00,64.398,0.635,0.63,0.64,0.365,0.36,0.37,95.0,25.0,25.0,120.0,0.62,155.0,0.65,224.11,0.61,109.49,0.66,379.0,0.6,114.9,0.67,435.0,0.59,413.0,0.68,808.0,0.58,424.07,0.69,433.35,0.35,224.11,0.38,155.0,0.34,379.0,0.39,109.49,0.33,435.0,0.4,114.9,0.32,886.0,0.41,413.0,0.31,352.35,0.42,424.07
2026-01-07 12:16:05.401000+00:00,2026-01-07 12:16:03.021729+00:00,65.401,0.635,0.63,0.64,0.365,0.36,0.37,133.0,15.19,15.19,133.0,0.62,175.29,0.65,209.11,0.61,109.49,0.66,399.0,0.6,184.9,0.67,435.0,0.59,413.0,0.68,808.0,0.58,463.57,0.69,433.35,0.35,209.11,0.38,175.29,0.34,399.0,0.39,179.49,0.33,435.0,0.4,254.9,0.32,808.0,0.41,343.0,0.31,433.35,0.42,393.57
2026-01-07 12:16:06.416000+00:00,2026-01-07 12:16:04.026626+00:00,66.416,0.635,0.63,0.64,0.365,0.36,0.37,118.0,13.0,13.0,442.0,0.62,175.29,0.65,119.11,0.61,129.49,0.66,419.0,0.6,254.9,0.67,400.0,0.59,343.0,0.68,808.0,0.58,358.57,0.69,433.35,0.35,54.11,0.38,237.29,0.34,369.0,0.39,206.49,0.33,475.0,0.4,306.9,0.32,344.0,0.41,343.0,0.31,352.35,0.42,479.57
2026-01-07 12:16:07.425000+00:00,2026-01-07 12:16:05.032843+00:00,67.425,0.655,0.65,0.66,0.345,0.34,0.35,20.0,20.0,20.0,160.0,0.64,150.0,0.67,131.0,0.63,428.0,0.68,196.0,0.62,338.29,0.69,367.35,0.61,378.49,0.7,891.8,0.6,367.9,0.71,339.0,0.33,131.0,0.36,280.0,0.32,206.0,0.37,428.0,0.31,367.35,0.38,363.29,0.3,891.8,0.39,378.49,0.29,339.0,0.4,332.9
2026-01-07 12:16:08.329000+00:00,2026-01-07 12:16:06.038922+00:00,68.329,0.665,0.66,0.67,0.335,0.33,0.34,639.0,46.0,31.0,639.0,0.65,378.0,0.68,100.0,0.64,413.0,0.69,128.35,0.63,368.0,0.7,196.0,0.62,403.29,0.71,369.0,0.61,423.49,0.72,872.0,0.32,100.0,0.35,378.0,0.31,128.35,0.36,413.0,0.3,196.0,0.37,368.0,0.29,369.0,0.38,403.29,0.28,872.0,0.39,423.49
2026-01-07 12:16:09.435000+00:00,2026-01-07 12:16:07.044868+00:00,69.435,0.665,0.66,0.67,0.335,0.33,0.34,345.76,31.0,31.0,365.76,0.65,378.0,0.68,100.0,0.64,413.0,0.69,128.35,0.63,408.0,0.7,196.0,0.62,363.29,0.71,369.0,0.61,469.09,0.72,783.0,0.32,100.0,0.35,378.0,0.31,128.35,0.36,413.0,0.3,196.0,0.37,408.0,0.29,369.0,0.38,363.29,0.28,783.0,0.39,469.09
2026-01-07 12:16:10.405000+00:00,2026-01-07 12:16:08.050621+00:00,70.405,0.665,0.66,0.67,0.335,0.33,0.34,324.11,31.0,31.0,414.11,0.65,478.0,0.68,45.0,0.64,413.0,0.69,148.35,0.63,408.0,0.7,226.0,0.62,363.29,0.71,339.0,0.61,469.09,0.72,783.0,0.32,50.0,0.35,458.0,0.31,143.35,0.36,343.0,0.3,226.0,0.37,408.0,0.29,339.0,0.38,363.29,0.28,783.0,0.39,469.09
2026-01-07 12:16:11.432000+00:00,2026-01-07 12:16:09.054593+00:00,71.432,0.665,0.66,0.67,0.335,0.33,0.34,679.11,31.0,31.0,679.11,0.65,458.0,0.68,120.0,0.64,343.0,0.69,118.35,0.63,408.0,0.7,216.0,0.62,343.0,0.71,339.0,0.61,466.09,0.72,783.0,0.32,100.0,0.35,458.0,0.31,118.35,0.36,343.0,0.3,216.0,0.37,408.0,0.29,339.0,0.38,343.0,0.28,783.0,0.39,466.09
2026-01-07 12:16:12.256000+00:00,2026-01-07 12:16:10.061285+00:00,72.256,0.665,0.66,0.67,0.335,0.33,0.34,679.11,31.0,31.0,704.11,0.65,478.29,0.68,65.0,0.64,343.0,0.69,138.35,0.63,408.0,0.7,216.0,0.62,343.0,0.71,339.0,0.61,466.09,0.72,783.0,0.32,65.0,0.35,478.29,0.31,138.35,0.36,343.0,0.3,216.0,0.37,408.0,0.29,339.0,0.38,343.0,0.28,783.0,0.39,466.09
2026-01-07 12:16:13.342000+00:00,2026-01-07 12:16:11.067575+00:00,73.342,0.665,0.66,0.67,0.335,0.33,0.34,708.56,27.89,27.89,708.56,0.65,478.29,0.68,65.0,0.64,343.0,0.69,138.35,0.63,403.0,0.7,216.0,0.62,343.0,0.71,339.0,0.61,466.09,0.72,783.0,0.32,65.0,0.35,478.29,0.31,138.35,0.36,343.0,0.3,216.0,0.37,403.0,0.29,339.0,0.38,343.0,0.28,783.0,0.39,466.09
2026-01-07 12:16:14.468000+00:00,2026-01-07 12:16:12.072269+00:00,74.468,0.665,0.66,0.67,0.335,0.33,0.34,686.61,17.89,17.89,686.61,0.65,478.29,0.68,65.0,0.64,343.0,0.69,138.35,0.63,403.0,0.7,216.0,0.62,343.0,0.71,339.0,0.61,466.09,0.72,783.0,0.32,65.0,0.35,478.29,0.31,138.35,0.36,343.0,0.3,216.0,0.37,403.0,0.29,339.0,0.38,343.0,0.28,783.0,0.39,466.09
2026-01-07 12:16:15.473000+00:00,2026-01-07 12:16:13.076011+00:00,75.473,0.67,0.66,0.68,0.325,0.32,0.33,669.61,52.6,52.6,75.0,0.65,438.29,0.69,138.35,0.64,382.0,0.7,186.0,0.63,363.0,0.71,369.0,0.62,308.0,0.72,783.0,0.61,466.09,0.73,454.9,0.31,138.35,0.34,649.61,0.3,221.0,0.35,448.29,0.29,344.0,0.36,382.0,0.28,808.0,0.37,363.0,0.27,454.9,0.38,308.0
2026-01-07 12:16:16.461000+00:00,2026-01-07 12:16:14.077897+00:00,76.461,0.685,0.68,0.69,0.315,0.31,0.32,25.0,79.01,75.0,37.94,0.67,175.0,0.7,256.0,0.66,649.61,0.71,374.0,0.65,433.29,0.72,818.0,0.64,382.0,0.73,522.0,0.63,308.0,0.74,498.4,0.3,256.0,0.33,175.0,0.29,374.0,0.34,649.61,0.28,818.0,0.35,433.29,0.27,452.0,0.36,382.0,0.26,498.4,0.37,308.0
2026-01-07 12:16:17.310000+00:00,2026-01-07 12:16:15.083528+00:00,77.31,0.685,0.68,0.69,0.315,0.31,0.32,62.94,70.2,70.2,62.94,0.67,175.0,0.7,256.0,0.66,649.61,0.71,374.0,0.65,433.29,0.72,818.0,0.64,382.0,0.73,432.0,0.63,308.0,0.74,498.4,0.3,256.0,0.33,175.0,0.29,374.0,0.34,649.61,0.28,818.0,0.35,433.29,0.27,432.0,0.36,382.0,0.26,498.4,0.37,308.0
2026-01-07 12:16:18.470000+00:00,2026-01-07 12:16:16.088078+00:00,78.47,0.685,0.68,0.69,0.315,0.31,0.32,45.88,64.2,62.75,45.88,0.67,165.0,0.7,281.0,0.66,659.61,0.71,354.0,0.65,413.0,0.72,808.0,0.64,382.0,0.73,432.0,0.63,308.0,0.74,498.4,0.3,281.0,0.33,165.0,0.29,354.0,0.34,659.61,0.28,808.0,0.35,413.0,0.27,432.0,0.36,382.0,0.26,498.4,0.37,308.0
2026-01-07 12:16:19.483000+00:00,2026-01-07 12:16:17.088289+00:00,79.483,0.685,0.68,0.69,0.315,0.31,0.32,107.75,117.75,117.75,107.75,0.67,280.29,0.7,241.0,0.66,669.61,0.71,354.0,0.65,353.0,0.72,808.0,0.64,382.0,0.73,432.0,0.63,308.0,0.74,498.4,0.3,241.0,0.33,280.29,0.29,354.0,0.34,699.61,0.28,808.0,0.35,353.0,0.27,432.0,0.36,382.0,0.26,498.4,0.37,308.0
2026-01-07 12:16:20.024000+00:00,2026-01-07 12:16:18.090592+00:00,80.024,0.685,0.68,0.69,0.315,0.31,0.32,107.75,93.76,93.76,107.75,0.67,288.5,0.7,241.0,0.66,699.61,0.71,354.0,0.65,353.0,0.72,808.0,0.64,343.0,0.73,432.0,0.63,348.0,0.74,498.4,0.3,241.0,0.33,288.5,0.29,354.0,0.34,699.61,0.28,808.0,0.35,353.0,0.27,432.0,0.36,343.0,0.26,498.4,0.37,348.0
2026-01-07 12:16:21.113000+00:00,2026-01-07 12:16:19.109999+00:00,81.113,0.685,0.68,0.69,0.315,0.31,0.32,112.75,53.76,53.76,112.75,0.67,333.5,0.7,281.0,0.66,659.61,0.71,354.0,0.65,343.0,0.72,808.0,0.64,343.0,0.73,432.0,0.63,348.0,0.74,518.4,0.3,281.0,0.33,333.5,0.29,354.0,0.34,649.61,0.28,808.0,0.35,343.0,0.27,432.0,0.36,343.0,0.26,518.4,0.37,348.0
2026-01-07 12:16:22.582000+00:00,2026-01-07 12:16:20.101426+00:00,82.582,0.685,0.68,0.69,0.315,0.31,0.32,50.25,88.76,88.76,70.25,0.67,333.5,0.7,256.0,0.66,649.61,0.71,379.0,0.65,318.0,0.72,808.0,0.64,343.0,0.73,339.0,0.63,383.0,0.74,483.4,0.3,246.0,0.33,333.5,0.29,379.0,0.34,649.61,0.28,808.0,0.35,318.0,0.27,339.0,0.36,343.0,0.26,579.4,0.37,383.0
2026-01-07 12:16:23.943000+00:00,2026-01-07 12:16:22.125255+00:00,83.943,0.685,0.68,0.69,0.315,0.31,0.32,50.25,98.76,98.76,50.25,0.67,243.5,0.7,246.0,0.66,669.61,0.71,379.0,0.65,318.0,0.72,808.0,0.64,343.0,0.73,339.0,0.63,383.0,0.74,579.4,0.3,246.0,0.33,243.5,0.29,379.0,0.34,669.61,0.28,808.0,0.35,318.0,0.27,339.0,0.36,343.0,0.26,579.4,0.37,383.0
2026-01-07 12:16:25.514000+00:00,2026-01-07 12:16:23.146475+00:00,85.514,0.685,0.68,0.69,0.315,0.31,0.32,70.25,88.76,88.76,103.25,0.67,243.21,0.7,246.0,0.66,649.61,0.71,379.0,0.65,318.0,0.72,818.0,0.64,382.0,0.73,339.0,0.63,343.0,0.74,483.4,0.3,246.0,0.33,243.21,0.29,379.0,0.34,649.61,0.28,818.0,0.35,318.0,0.27,339.0,0.36,382.0,0.26,483.4,0.37,343.0
2026-01-07 12:16:26.524000+00:00,2026-01-07 12:16:25.181014+00:00,86.524,0.685,0.68,0.69,0.315,0.31,0.32,60.25,56.94,56.94,60.25,0.67,263.5,0.7,246.0,0.66,649.61,0.71,379.0,0.65,318.0,0.72,818.0,0.64,343.0,0.73,359.0,0.63,383.0,0.74,559.4,0.3,246.0,0.33,263.5,0.29,379.0,0.34,649.61,0.28,818.0,0.35,318.0,0.27,359.0,0.36,343.0,0.26,559.4,0.37,383.0
2026-01-07 12:16:28.935000+00:00,2026-01-07 12:16:27.204928+00:00,88.935,0.685,0.68,0.69,0.315,0.31,0.32,60.25,56.94,56.94,60.25,0.67,263.5,0.7,246.0,0.66,649.61,0.71,379.0,0.65,318.0,0.72,818.0,0.64,343.0,0.73,452.0,0.63,398.9,0.74,463.4,0.3,246.0,0.33,263.5,0.29,379.0,0.34,649.61,0.28,818.0,0.35,318.0,0.27,452.0,0.36,343.0,0.26,463.4,0.37,398.9
2026-01-07 12:16:30.611000+00:00,2026-01-07 12:16:28.211581+00:00,90.611,0.685,0.68,0.69,0.315,0.31,0.32,155.25,35.0,35.0,155.25,0.67,365.5,0.7,130.0,0.66,771.61,0.71,196.0,0.65,318.0,0.72,710.0,0.64,343.0,0.73,452.0,0.63,413.9,0.74,463.4,0.3,130.0,0.33,365.5,0.29,196.0,0.34,832.61,0.28,710.0,0.35,318.0,0.27,452.0,0.36,343.0,0.26,463.4,0.37,413.9
2026-01-07 12:16:31.520000+00:00,2026-01-07 12:16:29.217995+00:00,91.52,0.685,0.68,0.69,0.315,0.31,0.32,135.25,35.0,35.0,135.25,0.67,406.5,0.7,80.0,0.66,832.61,0.71,266.0,0.65,356.0,0.72,710.0,0.64,343.0,0.73,339.0,0.63,358.9,0.74,463.4,0.3,80.0,0.33,406.5,0.29,266.0,0.34,832.61,0.28,710.0,0.35,356.0,0.27,339.0,0.36,343.0,0.26,483.4,0.37,358.9
2026-01-07 12:16:32.613000+00:00,2026-01-07 12:16:30.227812+00:00,92.613,0.695,0.69,0.7,0.305,0.3,0.31,197.0,55.0,55.0,304.53,0.68,267.0,0.71,156.0,0.67,815.5,0.72,196.0,0.66,416.0,0.73,404.0,0.65,343.0,0.74,493.4,0.64,343.0,0.75,414.0,0.29,156.0,0.32,242.0,0.28,196.0,0.33,815.5,0.27,444.0,0.34,416.0,0.26,473.4,0.35,343.0,0.25,414.0,0.36,343.0
2026-01-07 12:16:33.575000+00:00,2026-01-07 12:16:31.219119+00:00,93.575,0.695,0.69,0.7,0.305,0.3,0.31,449.53,35.0,35.0,450.53,0.68,373.29,0.71,35.0,0.67,862.21,0.72,105.0,0.66,348.0,0.73,291.0,0.65,343.0,0.74,235.0,0.64,386.2,0.75,414.0,0.29,35.0,0.32,383.29,0.28,105.0,0.33,825.21,0.27,291.0,0.34,386.0,0.26,235.0,0.35,343.0,0.25,414.0,0.36,386.2
2026-01-07 12:16:34.563000+00:00,2026-01-07 12:16:32.225809+00:00,94.563,0.695,0.69,0.7,0.305,0.3,0.31,422.53,35.0,35.0,412.53,0.68,383.29,0.71,45.0,0.67,825.21,0.72,125.0,0.66,348.0,0.73,261.0,0.65,381.0,0.74,235.0,0.64,386.2,0.75,414.0,0.29,45.0,0.32,403.29,0.28,175.0,0.33,795.21,0.27,241.0,0.34,348.0,0.26,235.0,0.35,381.0,0.25,414.0,0.36,386.2
2026-01-07 12:16:35.534000+00:00,2026-01-07 12:16:33.217888+00:00,95.534,0.695,0.69,0.7,0.305,0.3,0.31,387.53,156.0,156.0,387.53,0.68,368.29,0.71,145.0,0.67,895.21,0.72,120.0,0.66,358.0,0.73,211.0,0.65,381.0,0.74,235.0,0.64,385.4,0.75,379.0,0.29,145.0,0.32,368.29,0.28,120.0,0.33,885.21,0.27,211.0,0.34,368.0,0.26,235.0,0.35,381.0,0.25,379.0,0.36,385.4
2026-01-07 12:16:36.618000+00:00,2026-01-07 12:16:34.225079+00:00,96.618,0.695,0.69,0.7,0.305,0.3,0.31,59.53,289.57,319.57,51.46,0.68,95.29,0.71,256.0,0.67,266.21,0.72,281.0,0.66,298.0,0.73,403.0,0.65,473.0,0.74,876.0,0.64,318.0,0.75,523.0,0.29,256.0,0.32,95.29,0.28,281.0,0.33,83.21,0.27,464.0,0.34,298.0,0.26,937.0,0.35,473.0,0.25,523.0,0.36,318.0
2026-01-07 12:16:37.578000+00:00,2026-01-07 12:16:35.231856+00:00,97.578,0.695,0.69,0.7,0.305,0.3,0.31,661.46,232.79,232.79,661.46,0.68,95.29,0.71,216.0,0.67,138.21,0.72,211.0,0.66,273.0,0.73,394.0,0.65,443.0,0.74,937.0,0.64,318.0,0.75,523.0,0.29,216.0,0.32,95.29,0.28,211.0,0.33,138.21,0.27,394.0,0.34,273.0,0.26,937.0,0.35,443.0,0.25,523.0,0.36,318.0
2026-01-07 12:16:38.001000+00:00,2026-01-07 12:16:36.240601+00:00,98.001,0.695,0.69,0.7,0.305,0.3,0.31,661.46,222.79,187.79,676.46,0.68,95.29,0.71,216.0,0.67,143.21,0.72,211.0,0.66,253.0,0.73,394.0,0.65,443.0,0.74,937.0,0.64,318.0,0.75,523.0,0.29,231.0,0.32,145.29,0.28,231.0,0.33,103.21,0.27,394.0,0.34,243.0,0.26,937.0,0.35,443.0,0.25,523.0,0.36,318.0
2026-01-07 12:16:39.489000+00:00,2026-01-07 12:16:37.260212+00:00,99.489,0.695,0.69,0.7,0.305,0.3,0.31,743.23,187.79,187.79,743.23,0.68,215.29,0.71,221.0,0.67,173.21,0.72,251.0,0.66,313.0,0.73,404.0,0.65,373.0,0.74,937.0,0.64,318.0,0.75,523.0,0.29,221.0,0.32,215.29,0.28,251.0,0.33,173.21,0.27,404.0,0.34,313.0,0.26,937.0,0.35,373.0,0.25,523.0,0.36,318.0
2026-01-07 12:16:40.530000+00:00,2026-01-07 12:16:38.265092+00:00,100.53,0.695,0.69,0.7,0.305,0.3,0.31,743.23,187.79,187.79,743.23,0.68,215.29,0.71,221.0,0.67,173.21,0.72,251.0,0.66,762.0,0.73,404.0,0.65,373.0,0.74,488.0,0.64,386.5,0.75,523.0,0.29,221.0,0.32,215.29,0.28,251.0,0.33,173.21,0.27,404.0,0.34,762.0,0.26,488.0,0.35,373.0,0.25,523.0,0.36,386.5
2026-01-07 12:16:41.659000+00:00,2026-01-07 12:16:39.273075+00:00,101.659,0.695,0.69,0.7,0.305,0.3,0.31,768.23,112.79,112.79,768.23,0.68,205.29,0.71,251.0,0.67,173.21,0.72,251.0,0.66,792.0,0.73,404.0,0.65,343.0,0.74,508.0,0.64,386.5,0.75,523.0,0.29,251.0,0.32,205.29,0.28,251.0,0.33,173.21,0.27,404.0,0.34,792.0,0.26,508.0,0.35,343.0,0.25,523.0,0.36,386.5
2026-01-07 12:16:42.781000+00:00,2026-01-07 12:16:41.291543+00:00,102.781,0.695,0.69,0.7,0.305,0.3,0.31,753.23,144.79,144.79,753.23,0.68,205.29,0.71,251.0,0.67,173.21,0.72,251.0,0.66,792.0,0.73,404.0,0.65,343.0,0.74,604.0,0.64,347.5,0.75,423.0,0.29,251.0,0.32,205.29,0.28,251.0,0.33,173.21,0.27,404.0,0.34,792.0,0.26,604.0,0.35,343.0,0.25,423.0,0.36,347.5
2026-01-07 12:16:44.662000+00:00,2026-01-07 12:16:42.279764+00:00,104.662,0.695,0.69,0.7,0.305,0.3,0.31,746.77,116.21,116.21,746.77,0.68,205.29,0.71,251.0,0.67,173.21,0.72,251.0,0.66,827.0,0.73,853.0,0.65,318.0,0.74,508.0,0.64,411.5,0.75,528.0,0.29,251.0,0.32,205.29,0.28,251.0,0.33,173.21,0.27,853.0,0.34,827.0,0.26,508.0,0.35,318.0,0.25,528.0,0.36,411.5
2026-01-07 12:16:45.222000+00:00,2026-01-07 12:16:43.286167+00:00,105.222,0.695,0.69,0.7,0.305,0.3,0.31,746.77,116.21,116.21,746.77,0.68,205.29,0.71,251.0,0.67,173.21,0.72,251.0,0.66,827.0,0.73,853.0,0.65,318.0,0.74,508.0,0.64,411.5,0.75,528.0,0.29,251.0,0.32,205.29,0.28,251.0,0.33,173.21,0.27,853.0,0.34,827.0,0.26,508.0,0.35,318.0,0.25,528.0,0.36,411.5
2026-01-07 12:16:46.691000+00:00,2026-01-07 12:16:44.308708+00:00,106.691,0.695,0.69,0.7,0.305,0.3,0.31,737.09,116.21,81.21,752.09,0.68,185.0,0.71,251.0,0.67,173.21,0.72,251.0,0.66,827.0,0.73,853.0,0.65,318.0,0.74,508.0,0.64,411.5,0.75,528.0,0.29,251.0,0.32,165.0,0.28,251.0,0.33,173.21,0.27,853.0,0.34,827.0,0.26,508.0,0.35,318.0,0.25,528.0,0.36,411.5
2026-01-07 12:16:47.391000+00:00,2026-01-07 12:16:45.314286+00:00,107.391,0.695,0.69,0.7,0.305,0.3,0.31,827.09,61.21,61.21,827.09,0.68,145.0,0.71,236.0,0.67,153.21,0.72,256.0,0.66,827.0,0.73,873.0,0.65,318.0,0.74,498.0,0.64,411.5,0.75,548.0,0.29,236.0,0.32,145.0,0.28,256.0,0.33,153.21,0.27,873.0,0.34,827.0,0.26,498.0,0.35,318.0,0.25,548.0,0.36,411.5
2026-01-07 12:16:48.639000+00:00,2026-01-07 12:16:46.321165+00:00,108.639,0.695,0.69,0.7,0.305,0.3,0.31,812.09,61.21,61.21,812.09,0.68,175.29,0.71,236.0,0.67,163.21,0.72,276.0,0.66,378.0,0.73,853.0,0.65,318.0,0.74,488.0,0.64,411.5,0.75,548.0,0.29,236.0,0.32,175.29,0.28,286.0,0.33,163.21,0.27,853.0,0.34,378.0,0.26,488.0,0.35,318.0,0.25,548.0,0.36,411.5
2026-01-07 12:16:49.679000+00:00,2026-01-07 12:16:47.326997+00:00,109.679,0.695,0.69,0.7,0.305,0.3,0.31,792.09,49.78,49.78,792.09,0.68,195.29,0.71,246.0,0.67,163.21,0.72,276.0,0.66,378.0,0.73,853.0,0.65,318.0,0.74,488.0,0.64,411.5,0.75,543.0,0.29,246.0,0.32,195.29,0.28,276.0,0.33,163.21,0.27,853.0,0.34,378.0,0.26,488.0,0.35,318.0,0.25,543.0,0.36,411.5
2026-01-07 12:16:50.002000+00:00,2026-01-07 12:16:48.332002+00:00,110.002,0.695,0.69,0.7,0.305,0.3,0.31,792.09,49.78,49.78,792.09,0.68,195.29,0.71,246.0,0.67,163.21,0.72,276.0,0.66,378.0,0.73,853.0,0.65,318.0,0.74,488.0,0.64,411.5,0.75,543.0,0.29,246.0,0.32,195.29,0.28,276.0,0.33,163.21,0.27,853.0,0.34,378.0,0.26,488.0,0.35,318.0,0.25,543.0,0.36,411.5
2026-01-07 12:16:51.645000+00:00,2026-01-07 12:16:49.320347+00:00,111.645,0.695,0.69,0.7,0.305,0.3,0.31,712.09,104.78,104.78,712.09,0.68,210.29,0.71,301.0,0.67,183.21,0.72,221.0,0.66,388.0,0.73,843.0,0.65,318.0,0.74,488.0,0.64,411.5,0.75,543.0,0.29,301.0,0.32,210.29,0.28,221.0,0.33,183.21,0.27,843.0,0.34,388.0,0.26,488.0,0.35,318.0,0.25,543.0,0.36,411.5
2026-01-07 12:16:52.687000+00:00,2026-01-07 12:16:50.339523+00:00,112.687,0.695,0.69,0.7,0.305,0.3,0.31,712.09,104.78,104.78,712.09,0.68,215.29,0.71,301.0,0.67,632.21,0.72,221.0,0.66,388.0,0.73,843.0,0.65,318.0,0.74,584.0,0.64,372.5,0.75,443.0,0.29,301.0,0.32,215.29,0.28,221.0,0.33,632.21,0.27,843.0,0.34,388.0,0.26,584.0,0.35,318.0,0.25,443.0,0.36,372.5
2026-01-07 12:16:53.589000+00:00,2026-01-07 12:16:51.346602+00:00,113.589,0.695,0.69,0.7,0.305,0.3,0.31,727.09,104.78,104.78,727.09,0.68,230.29,0.71,291.0,0.67,612.21,0.72,231.0,0.66,378.0,0.73,843.0,0.65,318.0,0.74,604.0,0.64,372.5,0.75,423.0,0.29,291.0,0.32,230.29,0.28,231.0,0.33,612.21,0.27,843.0,0.34,378.0,0.26,508.0,0.35,318.0,0.25,523.0,0.36,411.5
2026-01-07 12:16:54.356000+00:00,2026-01-07 12:16:52.352779+00:00,114.356,0.695,0.69,0.7,0.305,0.3,0.31,727.09,104.78,104.78,727.09,0.68,215.0,0.71,271.0,0.67,647.21,0.72,241.0,0.66,353.0,0.73,853.0,0.65,343.0,0.74,508.0,0.64,411.5,0.75,523.0,0.29,271.0,0.32,235.29,0.28,241.0,0.33,647.21,0.27,853.0,0.34,353.0,0.26,508.0,0.35,343.0,0.25,523.0,0.36,411.5
2026-01-07 12:16:55.571000+00:00,2026-01-07 12:16:54.367793+00:00,115.571,0.695,0.69,0.7,0.305,0.3,0.31,727.09,98.51,98.51,727.09,0.68,235.29,0.71,271.0,0.67,647.21,0.72,241.0,0.66,353.0,0.73,853.0,0.65,343.0,0.74,508.0,0.64,411.5,0.75,523.0,0.29,271.0,0.32,235.29,0.28,241.0,0.33,647.21,0.27,853.0,0.34,353.0,0.26,508.0,0.35,343.0,0.25,523.0,0.36,411.5
2026-01-07 12:16:57.369000+00:00,2026-01-07 12:16:55.377727+00:00,117.369,0.695,0.69,0.7,0.305,0.3,0.31,727.09,91.37,91.37,727.09,0.68,235.29,0.71,271.0,0.67,647.21,0.72,241.0,0.66,353.0,0.73,853.0,0.65,343.0,0.74,508.0,0.64,411.5,0.75,523.0,0.29,271.0,0.32,235.29,0.28,241.0,0.33,647.21,0.27,853.0,0.34,353.0,0.26,508.0,0.35,343.0,0.25,423.0,0.36,372.5
2026-01-07 12:16:58.368000+00:00,2026-01-07 12:16:56.386756+00:00,118.368,0.695,0.69,0.7,0.305,0.3,0.31,727.09,91.37,126.37,727.09,0.68,235.29,0.71,271.0,0.67,647.21,0.72,241.0,0.66,353.0,0.73,853.0,0.65,381.0,0.74,508.0,0.64,372.5,0.75,423.0,0.29,271.0,0.32,235.29,0.28,241.0,0.33,647.21,0.27,853.0,0.34,353.0,0.26,508.0,0.35,381.0,0.25,423.0,0.36,372.5
2026-01-07 12:16:59.759000+00:00,2026-01-07 12:16:57.394113+00:00,119.759,0.695,0.69,0.7,0.305,0.3,0.31,712.09,126.37,126.37,712.09,0.68,205.29,0.71,271.0,0.67,657.21,0.72,211.0,0.66,353.0,0.73,843.0,0.65,343.0,0.74,508.0,0.64,411.5,0.75,523.0,0.29,291.0,0.32,230.29,0.28,231.0,0.33,667.21,0.27,843.0,0.34,353.0,0.26,508.0,0.35,343.0,0.25,523.0,0.36,411.5
2026-01-07 12:17:00.789000+00:00,2026-01-07 12:16:58.397621+00:00,120.789,0.705,0.7,0.71,0.295,0.29,0.3,75.0,212.0,202.0,75.0,0.69,762.09,0.72,156.0,0.68,195.29,0.73,783.0,0.67,647.21,0.74,568.0,0.66,323.0,0.75,523.0,0.65,373.0,0.76,394.0,0.28,176.0,0.31,772.09,0.27,838.0,0.32,205.29,0.26,498.0,0.33,627.21,0.25,558.0,0.34,323.0,0.24,394.0,0.35,373.0
2026-01-07 12:17:01.804000+00:00,2026-01-07 12:16:59.414601+00:00,121.804,0.705,0.7,0.71,0.295,0.29,0.3,135.0,166.0,196.0,135.0,0.69,777.09,0.72,136.0,0.68,145.0,0.73,858.0,0.67,617.21,0.74,508.0,0.66,323.0,0.75,558.0,0.65,373.0,0.76,394.0,0.28,131.0,0.31,807.38,0.27,853.0,0.32,135.0,0.26,518.0,0.33,617.21,0.25,558.0,0.34,323.0,0.24,394.0,0.35,373.0
2026-01-07 12:17:02.762000+00:00,2026-01-07 12:17:00.421547+00:00,122.762,0.705,0.7,0.71,0.295,0.29,0.3,140.0,211.0,211.0,140.0,0.69,797.38,0.72,131.0,0.68,145.0,0.73,943.18,0.67,617.21,0.74,478.0,0.66,323.0,0.75,488.0,0.65,373.0,0.76,394.0,0.28,131.0,0.31,797.38,0.27,943.18,0.32,145.0,0.26,478.0,0.33,617.21,0.25,488.0,0.34,323.0,0.24,394.0,0.35,373.0
2026-01-07 12:17:03.772000+00:00,2026-01-07 12:17:02.431963+00:00,123.772,0.705,0.7,0.71,0.295,0.29,0.3,170.0,192.44,192.44,170.0,0.69,827.38,0.72,186.0,0.68,155.0,0.73,898.18,0.67,617.21,0.74,468.0,0.66,323.0,0.75,488.0,0.65,373.0,0.76,394.0,0.28,186.0,0.31,827.38,0.27,898.18,0.32,155.0,0.26,468.0,0.33,617.21,0.25,488.0,0.34,323.0,0.24,394.0,0.35,373.0
2026-01-07 12:17:05.757000+00:00,2026-01-07 12:17:03.436595+00:00,125.757,0.705,0.7,0.71,0.295,0.29,0.3,165.0,267.44,283.44,165.0,0.69,782.38,0.72,191.0,0.68,185.0,0.73,888.18,0.67,627.21,0.74,438.0,0.66,323.0,0.75,508.0,0.65,373.0,0.76,394.0,0.28,191.0,0.31,782.38,0.27,888.18,0.32,195.0,0.26,438.0,0.33,627.21,0.25,508.0,0.34,323.0,0.24,394.0,0.35,373.0
2026-01-07 12:17:06.628000+00:00,2026-01-07 12:17:04.446506+00:00,126.628,0.705,0.7,0.71,0.295,0.29,0.3,165.0,263.44,253.44,165.0,0.69,782.38,0.72,181.0,0.68,195.0,0.73,888.18,0.67,627.21,0.74,438.0,0.66,323.0,0.75,508.0,0.65,373.0,0.76,394.0,0.28,181.0,0.31,782.38,0.27,888.18,0.32,195.0,0.26,438.0,0.33,627.21,0.25,508.0,0.34,323.0,0.24,394.0,0.35,373.0
2026-01-07 12:17:07.830000+00:00,2026-01-07 12:17:05.454512+00:00,127.83,0.705,0.7,0.71,0.295,0.29,0.3,170.0,223.44,208.44,170.0,0.69,807.38,0.72,216.0,0.68,175.0,0.73,888.18,0.67,800.21,0.74,448.0,0.66,323.0,0.75,408.0,0.65,411.0,0.76,498.0,0.28,216.0,0.31,807.38,0.27,888.18,0.32,175.0,0.26,448.0,0.33,800.21,0.25,408.0,0.34,323.0,0.24,498.0,0.35,411.0
2026-01-07 12:17:08.753000+00:00,2026-01-07 12:17:06.461757+00:00,128.753,0.705,0.7,0.71,0.295,0.29,0.3,153.52,208.44,208.44,153.52,0.69,787.09,0.72,216.0,0.68,175.0,0.73,888.18,0.67,800.21,0.74,448.0,0.66,323.0,0.75,408.0,0.65,411.0,0.76,498.0,0.28,186.0,0.31,787.09,0.27,888.18,0.32,165.0,0.26,448.0,0.33,800.21,0.25,408.0,0.34,323.0,0.24,498.0,0.35,411.0
2026-01-07 12:17:09.666000+00:00,2026-01-07 12:17:07.467641+00:00,129.666,0.705,0.7,0.71,0.295,0.29,0.3,163.52,213.44,242.92,163.52,0.69,817.38,0.72,186.0,0.68,155.0,0.73,918.18,0.67,800.21,0.74,448.0,0.66,323.0,0.75,408.0,0.65,411.0,0.76,498.0,0.28,186.0,0.31,817.38,0.27,918.18,0.32,155.0,0.26,448.0,0.33,800.21,0.25,408.0,0.34,323.0,0.24,498.0,0.35,411.0
2026-01-07 12:17:10.850000+00:00,2026-01-07 12:17:08.471615+00:00,130.85,0.705,0.7,0.71,0.295,0.29,0.3,152.51,242.92,242.92,145.17,0.69,817.38,0.72,206.0,0.68,155.0,0.73,898.18,0.67,800.21,0.74,448.0,0.66,323.0,0.75,408.0,0.65,411.0,0.76,498.0,0.28,186.0,0.31,807.38,0.27,808.0,0.32,155.0,0.26,488.0,0.33,800.21,0.25,408.0,0.34,361.0,0.24,394.0,0.35,373.0
2026-01-07 12:17:11.801000+00:00,2026-01-07 12:17:09.478099+00:00,131.801,0.705,0.7,0.71,0.295,0.29,0.3,196.5,125.48,125.48,206.5,0.69,787.38,0.72,131.0,0.68,318.0,0.73,670.0,0.67,800.21,0.74,528.0,0.66,361.0,0.75,398.0,0.65,373.0,0.76,394.0,0.28,131.0,0.31,787.38,0.27,670.0,0.32,318.0,0.26,528.0,0.33,800.21,0.25,398.0,0.34,361.0,0.24,394.0,0.35,373.0
2026-01-07 12:17:12.874000+00:00,2026-01-07 12:17:10.483127+00:00,132.874,0.705,0.7,0.71,0.295,0.29,0.3,432.0,89.07,89.07,452.0,0.69,960.38,0.73,121.0,0.68,353.0,0.74,165.0,0.67,388.21,0.75,121.0,0.66,348.0,0.76,379.0,0.65,399.5,0.77,389.0,0.27,121.0,0.31,960.38,0.26,165.0,0.32,353.0,0.25,141.0,0.33,388.21,0.24,364.0,0.34,469.0,0.23,449.0,0.35,520.5
2026-01-07 12:17:13.861000+00:00,2026-01-07 12:17:11.491245+00:00,133.861,0.755,0.75,0.76,0.245,0.24,0.25,90.0,20.0,20.0,128.0,0.74,157.0,0.77,35.0,0.73,727.0,0.78,246.0,0.72,368.0,0.79,266.0,0.71,503.0,0.8,1008.0,0.7,428.0,0.81,414.0,0.23,35.0,0.26,123.0,0.22,246.0,0.27,727.0,0.21,266.0,0.28,368.0,0.2,1008.0,0.29,423.0,0.19,414.0,0.3,348.0
2026-01-07 12:17:14.776000+00:00,2026-01-07 12:17:12.493759+00:00,134.776,0.755,0.75,0.76,0.245,0.24,0.25,85.0,17.19,17.19,85.0,0.74,228.0,0.77,35.0,0.73,697.0,0.78,251.0,0.72,288.0,0.79,291.0,0.71,343.0,0.8,903.0,0.7,348.0,0.81,339.0,0.23,35.0,0.26,194.0,0.22,251.0,0.27,731.0,0.21,291.0,0.28,288.0,0.2,903.0,0.29,343.0,0.19,339.0,0.3,348.0
2026-01-07 12:17:15.908000+00:00,2026-01-07 12:17:13.513185+00:00,135.908,0.755,0.75,0.76,0.245,0.24,0.25,40.0,25.0,100.0,55.0,0.74,5.0,0.77,185.0,0.73,781.0,0.78,196.0,0.72,263.0,0.79,221.0,0.71,353.0,0.8,893.0,0.7,348.0,0.81,350.4,0.23,155.0,0.27,786.0,0.22,231.0,0.28,263.0,0.21,221.0,0.29,353.0,0.2,893.0,0.3,348.0,0.19,350.4,0.31,1007.09
2026-01-07 12:17:16.904000+00:00,2026-01-07 12:17:14.517778+00:00,136.904,0.755,0.75,0.76,0.245,0.24,0.25,51.0,35.0,15.0,51.0,0.74,40.0,0.77,110.0,0.73,851.0,0.78,246.0,0.72,308.0,0.79,221.0,0.71,353.0,0.8,893.0,0.7,368.29,0.81,385.4,0.23,110.0,0.26,40.0,0.22,256.0,0.27,861.0,0.21,221.0,0.28,298.0,0.2,893.0,0.29,353.0,0.19,385.4,0.3,368.29
2026-01-07 12:17:17.898000+00:00,2026-01-07 12:17:15.519337+00:00,137.898,0.755,0.75,0.76,0.245,0.24,0.25,117.0,5.0,5.0,117.0,0.74,140.0,0.77,220.0,0.73,392.0,0.78,216.0,0.72,298.0,0.79,221.0,0.71,343.0,0.8,893.0,0.7,348.29,0.81,385.4,0.23,220.0,0.26,140.0,0.22,216.0,0.27,382.0,0.21,221.0,0.28,298.0,0.2,893.0,0.29,343.0,0.19,385.4,0.3,348.29
2026-01-07 12:17:18.901000+00:00,2026-01-07 12:17:16.520211+00:00,138.901,0.755,0.75,0.76,0.245,0.24,0.25,132.0,3.68,3.68,132.0,0.74,160.0,0.77,245.0,0.73,338.0,0.78,216.0,0.72,333.0,0.79,221.0,0.71,343.0,0.8,913.0,0.7,348.29,0.81,385.4,0.23,210.0,0.26,160.0,0.22,206.0,0.27,338.0,0.21,221.0,0.28,333.0,0.2,913.0,0.29,343.0,0.19,350.4,0.3,348.29
2026-01-07 12:17:19.694000+00:00,2026-01-07 12:17:17.534977+00:00,139.694,0.755,0.75,0.76,0.245,0.24,0.25,127.0,57.31,35.0,127.0,0.74,160.0,0.77,180.0,0.73,338.0,0.78,241.0,0.72,333.0,0.79,221.0,0.71,343.0,0.8,913.0,0.7,343.29,0.81,420.4,0.23,105.0,0.26,160.0,0.22,281.0,0.27,338.0,0.21,221.0,0.28,333.0,0.2,913.0,0.29,343.0,0.19,420.4,0.3,343.29
2026-01-07 12:17:20.799000+00:00,2026-01-07 12:17:18.540870+00:00,140.799,0.755,0.75,0.76,0.245,0.24,0.25,127.0,48.28,48.28,127.0,0.74,150.0,0.77,105.0,0.73,348.0,0.78,281.0,0.72,333.0,0.79,221.0,0.71,343.0,0.8,913.0,0.7,343.29,0.81,420.4,0.23,105.0,0.26,150.0,0.22,281.0,0.27,348.0,0.21,221.0,0.28,333.0,0.2,913.0,0.29,343.0,0.19,420.4,0.3,343.29
2026-01-07 12:17:21.900000+00:00,2026-01-07 12:17:19.560847+00:00,141.9,0.755,0.75,0.76,0.245,0.24,0.25,143.0,48.28,48.28,143.0,0.74,599.0,0.77,105.0,0.73,348.0,0.78,281.0,0.72,333.0,0.79,221.0,0.71,343.0,0.8,913.0,0.7,343.29,0.81,420.4,0.23,105.0,0.26,599.0,0.22,281.0,0.27,348.0,0.21,221.0,0.28,333.0,0.2,913.0,0.29,343.0,0.19,420.4,0.3,343.29
2026-01-07 12:17:22.966000+00:00,2026-01-07 12:17:20.583329+00:00,142.966,0.755,0.75,0.76,0.245,0.24,0.25,20.0,361.28,411.28,20.0,0.74,55.0,0.77,261.0,0.73,248.0,0.78,872.0,0.72,642.0,0.79,413.0,0.71,378.0,0.8,534.0,0.7,298.0,0.81,552.4,0.23,261.0,0.26,55.0,0.22,872.0,0.27,263.0,0.21,413.0,0.28,672.0,0.2,659.0,0.29,423.0,0.19,420.4,0.3,364.29
2026-01-07 12:17:23.976000+00:00,2026-01-07 12:17:21.584230+00:00,143.976,0.725,0.72,0.73,0.28,0.27,0.29,504.0,95.0,160.0,258.0,0.71,263.0,0.74,140.0,0.7,313.29,0.75,120.0,0.69,1056.09,0.76,214.28,0.68,357.5,0.77,399.0,0.67,316.21,0.78,449.0,0.26,105.0,0.3,278.29,0.25,100.0,0.31,870.09,0.24,214.28,0.32,252.5,0.23,448.0,0.33,283.21,0.22,449.0,0.34,504.0
2026-01-07 12:17:24.964000+00:00,2026-01-07 12:17:22.604059+00:00,144.964,0.715,0.71,0.72,0.28500000000000003,0.28,0.29,148.0,47.36,37.36,115.0,0.7,248.29,0.73,30.0,0.69,1390.09,0.74,322.0,0.68,252.5,0.75,337.0,0.67,246.21,0.76,414.0,0.66,364.0,0.77,413.0,0.27,105.0,0.3,248.29,0.26,282.0,0.31,1390.09,0.25,327.0,0.32,252.5,0.24,414.0,0.33,246.21,0.23,413.0,0.34,364.0
2026-01-07 12:17:26.903000+00:00,2026-01-07 12:17:24.608011+00:00,146.903,0.715,0.71,0.72,0.28500000000000003,0.28,0.29,80.0,51.8,51.8,80.0,0.7,95.29,0.73,105.0,0.69,1354.09,0.74,357.0,0.68,332.5,0.75,272.0,0.67,353.21,0.76,463.0,0.66,313.0,0.77,364.0,0.27,105.0,0.3,95.29,0.26,337.0,0.31,1354.09,0.25,272.0,0.32,332.5,0.24,463.0,0.33,353.21,0.23,364.0,0.34,313.0
2026-01-07 12:17:28+00:00,2026-01-07 12:17:25.613667+00:00,148.0,0.715,0.71,0.72,0.28500000000000003,0.28,0.29,150.0,51.8,51.8,145.0,0.7,165.29,0.73,135.0,0.69,1460.09,0.74,327.0,0.68,332.5,0.75,472.0,0.67,316.21,0.76,463.0,0.66,313.0,0.77,364.0,0.27,135.0,0.3,165.29,0.26,327.0,0.31,1460.09,0.25,472.0,0.32,332.5,0.24,463.0,0.33,316.21,0.23,364.0,0.34,313.0
2026-01-07 12:17:29.014000+00:00,2026-01-07 12:17:26.631425+00:00,149.014,0.715,0.71,0.72,0.28500000000000003,0.28,0.29,145.0,50.41,125.41,105.0,0.7,165.29,0.73,135.0,0.69,1460.09,0.74,327.0,0.68,332.5,0.75,472.0,0.67,316.21,0.76,912.0,0.66,313.0,0.77,434.0,0.27,105.0,0.3,155.29,0.26,282.0,0.31,1460.09,0.25,472.0,0.32,322.5,0.24,912.0,0.33,316.21,0.23,434.0,0.34,313.0
2026-01-07 12:17:30.847000+00:00,2026-01-07 12:17:28.637926+00:00,150.847,0.705,0.7,0.71,0.295,0.29,0.3,50.0,115.0,108.0,50.0,0.69,1111.38,0.72,85.0,0.68,447.5,0.73,90.0,0.67,331.21,0.74,272.0,0.66,371.0,0.75,921.0,0.65,508.5,0.76,498.0,0.28,85.0,0.31,1111.38,0.27,90.0,0.32,447.5,0.26,272.0,0.33,331.21,0.25,921.0,0.34,371.0,0.24,498.0,0.35,508.5
2026-01-07 12:17:31.948000+00:00,2026-01-07 12:17:29.642698+00:00,151.948,0.705,0.7,0.71,0.295,0.29,0.3,50.0,87.5,92.5,50.0,0.69,1141.38,0.72,105.0,0.68,457.5,0.73,231.0,0.67,311.21,0.74,272.0,0.66,323.0,0.75,921.0,0.65,415.5,0.76,602.0,0.28,125.0,0.31,1141.38,0.27,231.0,0.32,317.5,0.26,272.0,0.33,311.21,0.25,472.0,0.34,323.0,0.24,602.0,0.35,415.5
2026-01-07 12:17:33.031000+00:00,2026-01-07 12:17:30.648307+00:00,153.031,0.705,0.7,0.71,0.295,0.29,0.3,30.0,273.52,268.52,30.0,0.69,727.38,0.72,389.0,0.68,99.5,0.73,414.0,0.67,532.21,0.74,384.3,0.66,228.0,0.75,542.0,0.65,345.5,0.76,553.0,0.28,389.0,0.31,727.38,0.27,414.0,0.32,94.5,0.26,384.3,0.33,532.21,0.25,542.0,0.34,228.0,0.24,553.0,0.35,345.5
2026-01-07 12:17:34.065000+00:00,2026-01-07 12:17:31.665681+00:00,154.065,0.705,0.7,0.71,0.295,0.29,0.3,30.0,237.27,237.27,30.0,0.69,742.38,0.72,414.0,0.68,94.5,0.73,424.0,0.67,557.21,0.74,314.3,0.66,323.0,0.75,642.0,0.65,352.5,0.76,449.0,0.28,414.0,0.31,742.38,0.27,424.0,0.32,94.5,0.26,314.3,0.33,557.21,0.25,642.0,0.34,323.0,0.24,449.0,0.35,352.5
2026-01-07 12:17:35.955000+00:00,2026-01-07 12:17:33.679469+00:00,155.955,0.705,0.7,0.71,0.295,0.29,0.3,90.0,279.43,239.43,90.0,0.69,792.38,0.72,434.0,0.68,184.5,0.73,404.0,0.67,592.21,0.74,428.0,0.66,298.0,0.75,472.0,0.65,377.5,0.76,429.0,0.28,434.0,0.31,792.38,0.27,404.0,0.32,184.5,0.26,428.0,0.33,592.21,0.25,472.0,0.34,298.0,0.24,429.0,0.35,377.5
2026-01-07 12:17:37.896000+00:00,2026-01-07 12:17:35.676402+00:00,157.896,0.705,0.7,0.71,0.295,0.29,0.3,110.0,225.43,285.43,90.0,0.69,792.38,0.72,444.0,0.68,194.5,0.73,853.0,0.67,582.21,0.74,388.0,0.66,298.0,0.75,510.5,0.65,377.5,0.76,429.0,0.28,444.0,0.31,792.38,0.27,853.0,0.32,194.5,0.26,388.0,0.33,582.21,0.25,510.5,0.34,288.0,0.24,429.0,0.35,377.5
2026-01-07 12:17:39.067000+00:00,2026-01-07 12:17:36.693806+00:00,159.067,0.705,0.7,0.71,0.295,0.29,0.3,74.58,267.0,307.0,74.58,0.69,802.38,0.72,444.0,0.68,184.5,0.73,853.0,0.67,592.21,0.74,388.0,0.66,288.0,0.75,510.5,0.65,377.5,0.76,429.0,0.28,424.0,0.31,782.38,0.27,853.0,0.32,184.5,0.26,388.0,0.33,592.21,0.25,510.5,0.34,288.0,0.24,429.0,0.35,377.5
2026-01-07 12:17:40.075000+00:00,2026-01-07 12:17:37.702055+00:00,160.075,0.705,0.7,0.71,0.295,0.29,0.3,54.58,342.0,317.0,54.58,0.69,767.38,0.72,409.0,0.68,204.5,0.73,853.0,0.67,582.21,0.74,388.0,0.66,298.0,0.75,510.5,0.65,377.5,0.76,429.0,0.28,409.0,0.31,767.38,0.27,853.0,0.32,204.5,0.26,388.0,0.33,582.21,0.25,510.5,0.34,298.0,0.24,429.0,0.35,377.5
2026-01-07 12:17:41.932000+00:00,2026-01-07 12:17:39.745117+00:00,161.932,0.705,0.7,0.71,0.295,0.29,0.3,21.24,257.0,257.0,21.24,0.69,812.39,0.72,251.0,0.68,184.5,0.73,863.0,0.67,592.21,0.74,292.0,0.66,288.0,0.75,610.5,0.65,377.5,0.76,429.0,0.28,251.0,0.31,812.39,0.27,863.0,0.32,184.5,0.26,292.0,0.33,592.21,0.25,610.5,0.34,288.0,0.24,429.0,0.35,377.5
2026-01-07 12:17:42.952000+00:00,2026-01-07 12:17:40.751725+00:00,162.952,0.695,0.69,0.7,0.305,0.3,0.31,627.39,130.0,130.0,627.39,0.68,94.5,0.71,445.0,0.67,103.21,0.72,311.0,0.66,110.0,0.73,464.0,0.65,387.5,0.74,458.0,0.64,283.0,0.75,545.5,0.29,445.0,0.32,94.5,0.28,311.0,0.33,103.21,0.27,464.0,0.34,110.0,0.26,458.0,0.35,387.5,0.25,545.5,0.36,283.0
2026-01-07 12:17:44.017000+00:00,2026-01-07 12:17:41.755984+00:00,164.017,0.695,0.69,0.7,0.305,0.3,0.31,607.1,125.0,125.0,607.1,0.68,94.5,0.71,440.0,0.67,103.21,0.72,241.0,0.66,120.0,0.73,557.0,0.65,377.5,0.74,362.0,0.64,283.0,0.75,545.5,0.29,440.0,0.32,104.79,0.28,241.0,0.33,93.21,0.27,557.0,0.34,120.0,0.26,362.0,0.35,377.5,0.25,545.5,0.36,283.0
2026-01-07 12:17:45.123000+00:00,2026-01-07 12:17:42.760926+00:00,165.123,0.695,0.69,0.7,0.305,0.3,0.31,637.1,125.0,125.0,637.1,0.68,114.79,0.71,440.0,0.67,93.21,0.72,241.0,0.66,120.0,0.73,557.0,0.65,377.5,0.74,342.0,0.64,283.0,0.75,545.5,0.29,440.0,0.32,114.79,0.28,241.0,0.33,93.21,0.27,557.0,0.34,120.0,0.26,342.0,0.35,377.5,0.25,545.5,0.36,283.0
2026-01-07 12:17:46.159000+00:00,2026-01-07 12:17:43.769510+00:00,166.159,0.695,0.69,0.7,0.305,0.3,0.31,299.51,205.0,962.0,279.51,0.68,174.79,0.71,425.0,0.67,158.21,0.72,241.0,0.66,120.0,0.73,557.0,0.65,836.5,0.74,342.0,0.64,283.0,0.75,545.5,0.29,405.0,0.32,59.79,0.28,442.0,0.33,43.21,0.27,464.0,0.34,55.0,0.26,391.0,0.35,806.5,0.25,507.0,0.36,283.0
2026-01-07 12:17:47.137000+00:00,2026-01-07 12:17:44.778123+00:00,167.137,0.685,0.68,0.69,0.315,0.31,0.32,59.79,283.48,283.48,59.79,0.67,43.21,0.7,983.0,0.66,130.0,0.71,500.0,0.65,184.5,0.72,619.0,0.64,100.0,0.73,464.0,0.63,328.9,0.74,307.0,0.3,913.0,0.33,63.21,0.29,430.0,0.34,130.0,0.28,619.0,0.35,184.5,0.27,464.0,0.36,100.0,0.26,307.0,0.37,328.9
2026-01-07 12:17:48.181000+00:00,2026-01-07 12:17:45.782073+00:00,168.181,0.685,0.68,0.69,0.315,0.31,0.32,59.79,853.48,826.33,59.79,0.67,8.21,0.7,472.0,0.66,5.0,0.71,480.0,0.65,94.5,0.72,533.0,0.64,60.0,0.73,464.0,0.63,308.89,0.74,322.0,0.3,472.0,0.33,8.21,0.29,480.0,0.34,5.0,0.28,532.3,0.35,74.5,0.27,464.0,0.36,80.0,0.26,322.0,0.37,125.89
2026-01-07 12:17:49.181000+00:00,2026-01-07 12:17:46.789943+00:00,169.181,0.665,0.66,0.67,0.335,0.33,0.34,100.0,269.79,234.79,170.0,0.65,194.49,0.68,209.78,0.64,65.0,0.69,841.33,0.63,85.9,0.7,507.0,0.62,559.0,0.71,480.0,0.61,338.0,0.72,497.3,0.32,229.78,0.35,144.5,0.31,841.33,0.36,65.0,0.3,507.0,0.37,85.9,0.29,480.0,0.38,559.0,0.28,497.3,0.39,338.0
2026-01-07 12:17:50.164000+00:00,2026-01-07 12:17:47.779082+00:00,170.164,0.665,0.66,0.67,0.335,0.33,0.34,160.0,214.79,213.29,160.0,0.65,105.0,0.68,219.78,0.64,145.0,0.69,811.33,0.63,145.9,0.7,532.0,0.62,559.0,0.71,490.0,0.61,338.0,0.72,497.3,0.32,219.78,0.35,115.0,0.31,811.33,0.36,145.0,0.3,532.0,0.37,145.9,0.29,490.0,0.38,559.0,0.28,497.3,0.39,338.0
2026-01-07 12:17:51.156000+00:00,2026-01-07 12:17:48.799356+00:00,171.156,0.665,0.66,0.67,0.335,0.33,0.34,160.0,198.29,198.29,160.0,0.65,185.0,0.68,219.78,0.64,145.0,0.69,811.33,0.63,145.9,0.7,552.0,0.62,559.0,0.71,490.0,0.61,338.0,0.72,477.3,0.32,219.78,0.35,185.0,0.31,811.33,0.36,145.0,0.3,552.0,0.37,145.9,0.29,490.0,0.38,559.0,0.28,477.3,0.39,338.0
2026-01-07 12:17:52.914000+00:00,2026-01-07 12:17:50.812406+00:00,172.914,0.665,0.66,0.67,0.335,0.33,0.34,140.0,45.0,45.0,140.0,0.65,180.0,0.68,213.78,0.64,175.0,0.69,374.57,0.63,328.9,0.7,517.0,0.62,752.0,0.71,480.0,0.61,338.0,0.72,477.3,0.32,213.78,0.35,180.0,0.31,364.57,0.36,175.0,0.3,517.0,0.37,328.9,0.29,480.0,0.38,752.0,0.28,477.3,0.39,338.0
2026-01-07 12:17:54.089000+00:00,2026-01-07 12:17:51.820327+00:00,174.089,0.665,0.66,0.67,0.335,0.33,0.34,88.9,65.0,65.0,85.66,0.65,180.0,0.68,239.4,0.64,175.0,0.69,364.57,0.63,328.9,0.7,517.0,0.62,752.0,0.71,480.0,0.61,338.0,0.72,477.3,0.32,239.4,0.35,180.0,0.31,364.57,0.36,175.0,0.3,517.0,0.37,328.9,0.29,480.0,0.38,752.0,0.28,477.3,0.39,338.0
2026-01-07 12:17:55.106000+00:00,2026-01-07 12:17:52.823836+00:00,175.106,0.665,0.66,0.67,0.335,0.33,0.34,90.0,62.01,62.01,86.76,0.65,180.0,0.68,249.4,0.64,175.0,0.69,354.57,0.63,328.9,0.7,517.0,0.62,752.0,0.71,528.6,0.61,338.0,0.72,429.0,0.32,249.4,0.35,180.0,0.31,354.57,0.36,175.0,0.3,517.0,0.37,328.9,0.29,528.6,0.38,752.0,0.28,429.0,0.39,338.0
2026-01-07 12:17:56.156000+00:00,2026-01-07 12:17:53.831267+00:00,176.156,0.665,0.66,0.67,0.335,0.33,0.34,46.27,62.01,62.01,42.77,0.65,180.0,0.68,698.4,0.64,175.0,0.69,354.57,0.63,145.9,0.7,517.0,0.62,752.0,0.71,528.6,0.61,338.0,0.72,429.0,0.32,698.4,0.35,180.0,0.31,354.57,0.36,175.0,0.3,517.0,0.37,145.9,0.29,528.6,0.38,752.0,0.28,429.0,0.39,338.0
2026-01-07 12:17:57.044000+00:00,2026-01-07 12:17:54.837444+00:00,177.044,0.665,0.66,0.67,0.335,0.33,0.34,42.77,22.51,22.51,42.77,0.65,180.0,0.68,698.4,0.64,175.0,0.69,354.57,0.63,180.9,0.7,434.0,0.62,727.0,0.71,528.6,0.61,363.0,0.72,518.0,0.32,698.4,0.35,180.0,0.31,354.57,0.36,175.0,0.3,434.0,0.37,180.9,0.29,528.6,0.38,727.0,0.28,518.0,0.39,363.0
2026-01-07 12:17:58.185000+00:00,2026-01-07 12:17:55.844525+00:00,178.185,0.665,0.66,0.67,0.335,0.33,0.34,7.77,87.51,87.51,7.77,0.65,209.99,0.68,668.4,0.64,185.0,0.69,338.45,0.63,190.9,0.7,434.0,0.62,717.0,0.71,528.6,0.61,363.0,0.72,518.0,0.32,668.4,0.35,209.99,0.31,338.45,0.36,185.0,0.3,434.0,0.37,190.9,0.29,528.6,0.38,717.0,0.28,518.0,0.39,363.0
2026-01-07 12:17:59.105000+00:00,2026-01-07 12:17:56.849538+00:00,179.105,0.665,0.66,0.67,0.335,0.33,0.34,77.77,22.51,22.51,62.77,0.65,189.99,0.68,688.4,0.64,195.0,0.69,338.45,0.63,363.9,0.7,434.0,0.62,717.0,0.71,528.6,0.61,363.0,0.72,518.0,0.32,688.4,0.35,189.99,0.31,338.45,0.36,195.0,0.3,434.0,0.37,363.9,0.29,528.6,0.38,717.0,0.28,518.0,0.39,363.0
2026-01-07 12:18:00.228000+00:00,2026-01-07 12:17:57.870910+00:00,180.228,0.665,0.66,0.67,0.335,0.33,0.34,77.49,77.51,77.51,77.49,0.65,189.99,0.68,698.4,0.64,195.0,0.69,338.45,0.63,363.9,0.7,434.0,0.62,717.0,0.71,528.6,0.61,363.0,0.72,518.0,0.32,698.4,0.35,189.99,0.31,338.45,0.36,195.0,0.3,434.0,0.37,363.9,0.29,528.6,0.38,717.0,0.28,518.0,0.39,363.0
2026-01-07 12:18:01.246000+00:00,2026-01-07 12:17:58.890401+00:00,181.246,0.665,0.66,0.67,0.335,0.33,0.34,62.49,65.51,65.51,77.49,0.65,189.99,0.68,708.4,0.64,195.0,0.69,338.45,0.63,363.9,0.7,434.0,0.62,717.0,0.71,528.6,0.61,363.0,0.72,518.0,0.32,708.4,0.35,189.99,0.31,338.45,0.36,195.0,0.3,434.0,0.37,363.9,0.29,528.6,0.38,717.0,0.28,518.0,0.39,363.0
2026-01-07 12:18:02.008000+00:00,2026-01-07 12:17:59.896266+00:00,182.008,0.665,0.66,0.67,0.335,0.33,0.34,77.49,65.51,65.51,77.49,0.65,189.99,0.68,708.4,0.64,195.0,0.69,338.45,0.63,363.9,0.7,434.0,0.62,717.0,0.71,528.6,0.61,363.0,0.72,515.0,0.32,708.4,0.35,189.99,0.31,338.45,0.36,195.0,0.3,434.0,0.37,363.9,0.29,528.6,0.38,717.0,0.28,515.0,0.39,363.0
2026-01-07 12:18:03.221000+00:00,2026-01-07 12:18:00.901473+00:00,183.221,0.665,0.66,0.67,0.335,0.33,0.34,97.49,65.51,65.51,97.49,0.65,189.99,0.68,708.4,0.64,195.0,0.69,338.45,0.63,363.9,0.7,434.0,0.62,717.0,0.71,528.6,0.61,404.0,0.72,515.0,0.32,708.4,0.35,189.99,0.31,338.45,0.36,195.0,0.3,414.0,0.37,363.9,0.29,528.6,0.38,717.0,0.28,515.0,0.39,404.0
2026-01-07 12:18:04.277000+00:00,2026-01-07 12:18:01.907483+00:00,184.277,0.665,0.66,0.67,0.335,0.33,0.34,167.49,65.51,65.51,167.49,0.65,189.99,0.68,708.4,0.64,195.0,0.69,338.45,0.63,363.9,0.7,434.0,0.62,717.0,0.71,528.6,0.61,404.0,0.72,515.0,0.32,708.4,0.35,189.99,0.31,338.45,0.36,195.0,0.3,434.0,0.37,363.9,0.29,528.6,0.38,717.0,0.28,515.0,0.39,404.0
2026-01-07 12:18:05.286000+00:00,2026-01-07 12:18:02.911642+00:00,185.286,0.665,0.66,0.67,0.335,0.33,0.34,172.49,45.51,45.51,187.49,0.65,189.99,0.68,708.4,0.64,195.0,0.69,338.45,0.63,363.9,0.7,434.0,0.62,717.0,0.71,528.6,0.61,363.0,0.72,515.0,0.32,708.4,0.35,189.99,0.31,338.45,0.36,195.0,0.3,434.0,0.37,363.9,0.29,528.6,0.38,712.0,0.28,515.0,0.39,363.0
2026-01-07 12:18:06.286000+00:00,2026-01-07 12:18:03.932165+00:00,186.286,0.665,0.66,0.67,0.335,0.33,0.34,182.49,45.51,45.51,182.49,0.65,189.99,0.68,708.4,0.64,195.0,0.69,155.45,0.63,363.9,0.7,434.0,0.62,717.0,0.71,528.6,0.61,363.0,0.72,515.0,0.32,708.4,0.35,189.99,0.31,155.45,0.36,195.0,0.3,434.0,0.37,363.9,0.29,528.6,0.38,717.0,0.28,515.0,0.39,363.0
2026-01-07 12:18:07.015000+00:00,2026-01-07 12:18:04.941154+00:00,187.015,0.665,0.66,0.67,0.335,0.33,0.34,187.49,59.51,59.51,172.49,0.65,189.99,0.68,708.4,0.64,195.0,0.69,155.45,0.63,363.9,0.7,434.0,0.62,717.0,0.71,528.6,0.61,363.0,0.72,515.0,0.32,708.4,0.35,189.99,0.31,155.45,0.36,195.0,0.3,434.0,0.37,363.9,0.29,528.6,0.38,717.0,0.28,515.0,0.39,363.0
2026-01-07 12:18:08.342000+00:00,2026-01-07 12:18:05.949185+00:00,188.342,0.665,0.66,0.67,0.335,0.33,0.34,97.49,144.51,144.51,97.49,0.65,119.99,0.68,603.4,0.64,145.0,0.69,155.45,0.63,413.9,0.7,517.0,0.62,727.0,0.71,528.6,0.61,363.0,0.72,429.0,0.32,603.4,0.35,119.99,0.31,155.45,0.36,145.0,0.3,517.0,0.37,398.9,0.29,528.6,0.38,767.0,0.28,429.0,0.39,363.0
2026-01-07 12:18:09.309000+00:00,2026-01-07 12:18:06.957103+00:00,189.309,0.665,0.66,0.67,0.335,0.33,0.34,87.49,448.51,453.51,87.49,0.65,49.99,0.68,786.4,0.64,90.0,0.69,338.45,0.63,205.9,0.7,587.0,0.62,604.0,0.71,528.6,0.61,373.0,0.72,429.0,0.32,786.4,0.35,49.99,0.31,338.45,0.36,125.0,0.3,587.0,0.37,185.9,0.29,528.6,0.38,604.0,0.28,429.0,0.39,373.0
2026-01-07 12:18:10.269000+00:00,2026-01-07 12:18:07.962671+00:00,190.269,0.665,0.66,0.67,0.335,0.33,0.34,87.49,468.51,468.51,87.49,0.65,54.99,0.68,826.4,0.64,175.0,0.69,338.45,0.63,210.9,0.7,587.0,0.62,534.0,0.71,528.6,0.61,363.0,0.72,429.0,0.32,826.4,0.35,54.99,0.31,338.45,0.36,175.0,0.3,587.0,0.37,210.9,0.29,528.6,0.38,534.0,0.28,429.0,0.39,363.0
2026-01-07 12:18:11.331000+00:00,2026-01-07 12:18:08.966392+00:00,191.331,0.665,0.66,0.67,0.335,0.33,0.34,87.49,461.51,486.51,87.49,0.65,54.99,0.68,826.4,0.64,175.0,0.69,348.45,0.63,210.9,0.7,567.0,0.62,534.0,0.71,528.6,0.61,363.0,0.72,429.0,0.32,826.4,0.35,54.99,0.31,348.45,0.36,175.0,0.3,567.0,0.37,210.9,0.29,528.6,0.38,534.0,0.28,429.0,0.39,363.0
2026-01-07 12:18:12.362000+00:00,2026-01-07 12:18:09.974410+00:00,192.362,0.635,0.63,0.64,0.365,0.36,0.37,40.9,317.0,337.0,40.9,0.62,15.0,0.65,653.86,0.61,75.0,0.66,212.0,0.6,512.6,0.67,623.51,0.59,185.0,0.68,432.4,0.58,363.0,0.69,388.45,0.35,714.86,0.38,5.0,0.34,273.0,0.39,75.0,0.33,547.51,0.4,542.6,0.32,510.4,0.41,110.0,0.31,388.45,0.42,288.0
2026-01-07 12:18:13.274000+00:00,2026-01-07 12:18:10.979696+00:00,193.274,0.625,0.62,0.63,0.375,0.37,0.38,5.0,302.1,302.1,5.0,0.6,547.6,0.64,313.0,0.59,110.0,0.65,659.86,0.58,105.0,0.66,273.0,0.57,519.0,0.67,442.51,0.56,432.0,0.68,475.4,0.36,313.0,0.4,547.6,0.35,659.86,0.41,110.0,0.34,273.0,0.42,105.0,0.33,442.51,0.43,519.0,0.32,475.4,0.44,432.0
2026-01-07 12:18:14.364000+00:00,2026-01-07 12:18:11.984933+00:00,194.364,0.625,0.62,0.63,0.375,0.37,0.38,5.0,272.1,272.1,5.0,0.61,25.0,0.64,313.0,0.6,499.62,0.65,659.86,0.59,110.0,0.66,273.0,0.58,105.0,0.67,446.41,0.57,519.0,0.68,475.4,0.36,313.0,0.39,35.0,0.35,659.86,0.4,519.62,0.34,273.0,0.41,110.0,0.33,446.41,0.42,105.0,0.32,475.4,0.43,519.0
2026-01-07 12:18:15.221000+00:00,2026-01-07 12:18:12.992329+00:00,195.221,0.625,0.62,0.63,0.375,0.37,0.38,5.0,292.1,292.1,5.0,0.61,35.0,0.64,313.0,0.6,519.62,0.65,659.86,0.59,110.0,0.66,273.0,0.58,105.0,0.67,522.41,0.57,519.0,0.68,397.4,0.36,313.0,0.39,105.0,0.35,659.86,0.4,519.62,0.34,273.0,0.41,110.0,0.33,592.41,0.42,105.0,0.32,397.4,0.43,519.0
2026-01-07 12:18:16.365000+00:00,2026-01-07 12:18:13.997016+00:00,196.365,0.625,0.62,0.63,0.375,0.37,0.38,5.0,285.51,285.51,5.0,0.61,105.0,0.64,434.0,0.6,519.62,0.65,780.86,0.59,110.0,0.66,394.0,0.58,554.0,0.67,592.41,0.57,398.0,0.68,397.4,0.36,434.0,0.39,105.0,0.35,780.86,0.4,519.62,0.34,394.0,0.41,110.0,0.33,592.41,0.42,554.0,0.32,397.4,0.43,398.0
2026-01-07 12:18:17.406000+00:00,2026-01-07 12:18:15.014961+00:00,197.406,0.625,0.62,0.63,0.375,0.37,0.38,5.0,240.51,240.51,5.0,0.61,135.0,0.64,444.0,0.6,474.62,0.65,331.86,0.59,150.0,0.66,464.0,0.58,535.87,0.67,592.41,0.57,398.0,0.68,397.4,0.36,444.0,0.39,135.0,0.35,331.86,0.4,474.62,0.34,464.0,0.41,150.0,0.33,592.41,0.42,535.87,0.32,397.4,0.43,398.0
2026-01-07 12:18:18.410000+00:00,2026-01-07 12:18:16.016455+00:00,198.41,0.625,0.62,0.63,0.375,0.37,0.38,10.0,255.51,255.51,5.0,0.61,140.0,0.64,424.0,0.6,454.62,0.65,331.86,0.59,140.0,0.66,464.0,0.58,529.0,0.67,592.41,0.57,398.0,0.68,381.78,0.36,444.0,0.39,105.0,0.35,331.86,0.4,484.62,0.34,464.0,0.41,150.0,0.33,592.41,0.42,529.0,0.32,381.78,0.43,398.0
2026-01-07 12:18:19.320000+00:00,2026-01-07 12:18:17.020474+00:00,199.32,0.615,0.61,0.62,0.385,0.38,0.39,85.0,115.0,115.0,85.0,0.6,504.62,0.63,361.51,0.59,150.0,0.64,424.0,0.58,529.0,0.65,331.86,0.57,398.0,0.66,464.0,0.56,310.0,0.67,481.41,0.37,361.51,0.4,504.62,0.36,424.0,0.41,150.0,0.35,331.86,0.42,529.0,0.34,464.0,0.43,398.0,0.33,481.41,0.44,310.0
2026-01-07 12:18:20.399000+00:00,2026-01-07 12:18:18.042052+00:00,200.399,0.615,0.61,0.62,0.385,0.38,0.39,267.43,40.0,115.0,85.0,0.6,311.69,0.63,336.51,0.59,140.0,0.64,449.0,0.58,529.0,0.65,341.86,0.57,441.0,0.66,474.0,0.56,266.0,0.67,481.41,0.37,316.51,0.4,351.69,0.36,449.0,0.41,140.0,0.35,341.86,0.42,529.0,0.34,474.0,0.43,441.0,0.33,481.41,0.44,266.0
2026-01-07 12:18:21.449000+00:00,2026-01-07 12:18:19.058674+00:00,201.449,0.615,0.61,0.62,0.385,0.38,0.39,65.0,110.0,110.0,65.0,0.6,371.69,0.63,316.51,0.59,140.0,0.64,918.0,0.58,529.0,0.65,331.86,0.57,398.0,0.66,464.0,0.56,311.0,0.67,481.41,0.37,316.51,0.4,371.69,0.36,918.0,0.41,140.0,0.35,331.86,0.42,529.0,0.34,464.0,0.43,398.0,0.33,481.41,0.44,311.0
2026-01-07 12:18:22.453000+00:00,2026-01-07 12:18:20.063288+00:00,202.453,0.615,0.61,0.62,0.385,0.38,0.39,35.0,110.0,110.0,25.0,0.6,371.69,0.63,316.51,0.59,140.0,0.64,883.0,0.58,529.0,0.65,321.86,0.57,398.0,0.66,464.0,0.56,310.0,0.67,481.41,0.37,361.51,0.4,381.69,0.36,883.0,0.41,170.0,0.35,321.86,0.42,529.0,0.34,527.38,0.43,398.0,0.33,481.41,0.44,310.0
2026-01-07 12:18:23.438000+00:00,2026-01-07 12:18:21.052073+00:00,203.438,0.615,0.61,0.62,0.385,0.38,0.39,120.0,35.0,35.0,190.0,0.6,331.69,0.63,401.51,0.59,180.0,0.64,863.0,0.58,529.0,0.65,321.86,0.57,398.0,0.66,612.89,0.56,310.0,0.67,501.41,0.37,346.51,0.4,341.69,0.36,898.0,0.41,140.0,0.35,341.86,0.42,529.0,0.34,612.89,0.43,398.0,0.33,501.41,0.44,310.0
2026-01-07 12:18:24.258000+00:00,2026-01-07 12:18:22.067382+00:00,204.258,0.615,0.61,0.62,0.385,0.38,0.39,186.57,35.0,35.0,171.57,0.6,341.69,0.63,346.51,0.59,140.0,0.64,898.0,0.58,529.0,0.65,341.86,0.57,441.0,0.66,618.77,0.56,266.0,0.67,501.41,0.37,346.51,0.4,341.69,0.36,898.0,0.41,140.0,0.35,341.86,0.42,529.0,0.34,618.77,0.43,441.0,0.33,501.41,0.44,266.0
2026-01-07 12:18:25.322000+00:00,2026-01-07 12:18:23.074058+00:00,205.322,0.615,0.61,0.62,0.385,0.38,0.39,143.1,55.0,110.0,58.1,0.6,290.03,0.63,361.51,0.59,150.0,0.64,893.0,0.58,529.0,0.65,331.86,0.57,398.0,0.66,618.77,0.56,310.0,0.67,501.41,0.37,341.51,0.4,340.03,0.36,873.0,0.41,150.0,0.35,331.86,0.42,529.0,0.34,624.77,0.43,398.0,0.33,501.41,0.44,310.0
2026-01-07 12:18:26.454000+00:00,2026-01-07 12:18:24.082942+00:00,206.454,0.615,0.61,0.62,0.385,0.38,0.39,35.12,110.0,135.0,20.0,0.6,355.03,0.63,381.51,0.59,165.0,0.64,863.0,0.58,554.0,0.65,321.86,0.57,398.0,0.66,624.77,0.56,311.0,0.67,501.41,0.37,356.51,0.4,330.03,0.36,853.0,0.41,165.0,0.35,321.86,0.42,564.0,0.34,624.77,0.43,398.0,0.33,501.41,0.44,311.0
2026-01-07 12:18:27.489000+00:00,2026-01-07 12:18:25.100982+00:00,207.489,0.615,0.61,0.62,0.385,0.38,0.39,20.0,180.0,80.0,40.0,0.6,325.03,0.63,316.51,0.59,140.0,0.64,808.0,0.58,604.0,0.65,321.86,0.57,408.0,0.66,624.77,0.56,311.0,0.67,501.41,0.37,406.51,0.4,350.03,0.36,838.0,0.41,165.0,0.35,321.86,0.42,554.0,0.34,624.77,0.43,398.0,0.33,536.41,0.44,311.0
2026-01-07 12:18:28.346000+00:00,2026-01-07 12:18:26.119150+00:00,208.346,0.615,0.61,0.62,0.385,0.38,0.39,3.34,145.0,145.0,3.34,0.6,330.03,0.63,371.51,0.59,185.0,0.64,818.0,0.58,564.0,0.65,343.28,0.57,398.0,0.66,624.77,0.56,310.0,0.67,536.41,0.37,371.51,0.4,330.03,0.36,818.0,0.41,185.0,0.35,343.28,0.42,564.0,0.34,624.77,0.43,398.0,0.33,536.41,0.44,310.0
2026-01-07 12:18:29.395000+00:00,2026-01-07 12:18:27.129125+00:00,209.395,0.615,0.61,0.62,0.385,0.38,0.39,23.34,128.76,128.76,23.34,0.6,333.03,0.63,371.51,0.59,165.0,0.64,818.0,0.58,570.87,0.65,343.28,0.57,398.0,0.66,624.77,0.56,311.0,0.67,536.41,0.37,371.51,0.4,333.03,0.36,818.0,0.41,165.0,0.35,343.28,0.42,570.87,0.34,624.77,0.43,398.0,0.33,536.41,0.44,311.0
2026-01-07 12:18:30.540000+00:00,2026-01-07 12:18:28.149282+00:00,210.54,0.615,0.61,0.62,0.385,0.38,0.39,59.23,73.76,71.82,59.23,0.6,343.03,0.63,386.51,0.59,165.0,0.64,828.0,0.58,554.0,0.65,343.28,0.57,398.0,0.66,624.77,0.56,311.0,0.67,536.41,0.37,416.51,0.4,343.03,0.36,828.0,0.41,175.0,0.35,343.28,0.42,554.0,0.34,624.77,0.43,398.0,0.33,536.41,0.44,311.0
2026-01-07 12:18:31.527000+00:00,2026-01-07 12:18:29.157613+00:00,211.527,0.615,0.61,0.62,0.385,0.38,0.39,56.73,75.0,75.0,56.73,0.6,343.03,0.63,416.51,0.59,175.0,0.64,828.0,0.58,554.0,0.65,343.28,0.57,398.0,0.66,624.77,0.56,311.0,0.67,536.41,0.37,416.51,0.4,343.03,0.36,828.0,0.41,175.0,0.35,343.28,0.42,554.0,0.34,624.77,0.43,398.0,0.33,536.41,0.44,311.0
2026-01-07 12:18:32.472000+00:00,2026-01-07 12:18:30.164279+00:00,212.472,0.615,0.61,0.62,0.385,0.38,0.39,56.73,73.38,73.38,56.73,0.6,343.03,0.63,406.51,0.59,175.0,0.64,828.0,0.58,554.0,0.65,343.28,0.57,398.0,0.66,624.77,0.56,350.7,0.67,488.51,0.37,406.51,0.4,343.03,0.36,828.0,0.41,175.0,0.35,343.28,0.42,554.0,0.34,624.77,0.43,398.0,0.33,488.51,0.44,350.7
2026-01-07 12:18:33.555000+00:00,2026-01-07 12:18:31.169583+00:00,213.555,0.615,0.61,0.62,0.385,0.38,0.39,56.73,71.46,71.46,56.73,0.6,343.03,0.63,416.51,0.59,175.0,0.64,828.0,0.58,554.0,0.65,343.28,0.57,398.0,0.66,664.67,0.56,310.0,0.67,488.51,0.37,416.51,0.4,343.03,0.36,828.0,0.41,175.0,0.35,343.28,0.42,554.0,0.34,664.67,0.43,398.0,0.33,488.51,0.44,311.0
2026-01-07 12:18:34.511000+00:00,2026-01-07 12:18:32.176100+00:00,214.511,0.615,0.61,0.62,0.385,0.38,0.39,56.73,67.2,67.2,56.73,0.6,343.03,0.63,279.41,0.59,175.0,0.64,828.0,0.58,554.0,0.65,343.28,0.57,398.0,0.66,664.67,0.56,310.0,0.67,494.51,0.37,279.41,0.4,343.03,0.36,828.0,0.41,175.0,0.35,343.28,0.42,554.0,0.34,664.67,0.43,398.0,0.33,494.51,0.44,310.0
2026-01-07 12:18:35.581000+00:00,2026-01-07 12:18:33.198022+00:00,215.581,0.615,0.61,0.62,0.385,0.38,0.39,56.73,67.2,67.2,56.73,0.6,343.03,0.63,279.41,0.59,175.0,0.64,828.0,0.58,554.0,0.65,343.28,0.57,398.0,0.66,624.77,0.56,310.0,0.67,543.51,0.37,279.41,0.4,343.03,0.36,828.0,0.41,175.0,0.35,343.28,0.42,554.0,0.34,624.77,0.43,441.0,0.33,543.51,0.44,266.0
2026-01-07 12:18:36.563000+00:00,2026-01-07 12:18:34.204867+00:00,216.563,0.615,0.61,0.62,0.385,0.38,0.39,131.73,12.2,12.2,131.73,0.6,278.03,0.63,224.41,0.59,125.0,0.64,838.0,0.58,554.0,0.65,343.28,0.57,398.0,0.66,671.47,0.56,310.0,0.67,494.51,0.37,224.41,0.4,278.03,0.36,838.0,0.41,125.0,0.35,343.28,0.42,554.0,0.34,671.47,0.43,398.0,0.33,494.51,0.44,310.0
2026-01-07 12:18:37.448000+00:00,2026-01-07 12:18:35.207252+00:00,217.448,0.615,0.61,0.62,0.385,0.38,0.39,155.07,12.0,12.0,140.07,0.6,333.03,0.63,234.41,0.59,145.0,0.64,848.0,0.58,737.0,0.65,353.28,0.57,398.0,0.66,671.47,0.56,310.0,0.67,500.51,0.37,234.41,0.4,333.03,0.36,848.0,0.41,267.0,0.35,353.28,0.42,737.0,0.34,671.47,0.43,398.0,0.33,500.51,0.44,310.0
2026-01-07 12:18:38.514000+00:00,2026-01-07 12:18:36.211869+00:00,218.514,0.615,0.61,0.62,0.385,0.38,0.39,155.07,12.0,12.0,155.07,0.6,333.03,0.63,113.41,0.59,328.0,0.64,544.0,0.58,737.0,0.65,353.28,0.57,398.0,0.66,671.87,0.56,310.0,0.67,500.51,0.37,113.41,0.4,333.03,0.36,544.0,0.41,328.0,0.35,353.28,0.42,737.0,0.34,671.87,0.43,398.0,0.33,500.51,0.44,310.0
2026-01-07 12:18:39.598000+00:00,2026-01-07 12:18:37.218207+00:00,219.598,0.645,0.64,0.65,0.355,0.35,0.36,123.0,56.42,56.42,158.0,0.63,10.0,0.66,176.77,0.62,71.36,0.67,277.0,0.61,950.0,0.68,401.78,0.6,468.03,0.69,330.38,0.59,323.0,0.7,437.74,0.34,176.77,0.37,10.0,0.33,277.0,0.38,106.36,0.32,401.78,0.39,822.0,0.31,330.38,0.4,503.03,0.3,437.74,0.41,323.0
2026-01-07 12:18:40.616000+00:00,2026-01-07 12:18:38.224918+00:00,220.616,0.645,0.64,0.65,0.355,0.35,0.36,100.0,26.42,6.11,100.0,0.63,95.0,0.66,256.77,0.62,91.36,0.67,287.0,0.61,827.0,0.68,366.78,0.6,503.03,0.69,310.38,0.59,323.0,0.7,392.74,0.34,256.77,0.37,95.0,0.33,287.0,0.38,91.36,0.32,366.78,0.39,827.0,0.31,310.38,0.4,503.03,0.3,392.74,0.41,323.0
2026-01-07 12:18:41.376000+00:00,2026-01-07 12:18:39.228939+00:00,221.376,0.645,0.64,0.65,0.355,0.35,0.36,95.0,6.11,6.11,95.0,0.63,80.0,0.66,361.77,0.62,111.36,0.67,212.0,0.61,827.0,0.68,379.78,0.6,503.03,0.69,310.38,0.59,323.0,0.7,392.74,0.34,361.77,0.37,80.0,0.33,212.0,0.38,111.36,0.32,379.78,0.39,827.0,0.31,310.38,0.4,503.03,0.3,392.74,0.41,323.0
2026-01-07 12:18:42.534000+00:00,2026-01-07 12:18:40.247676+00:00,222.534,0.635,0.63,0.64,0.365,0.36,0.37,130.0,132.0,127.0,130.0,0.62,151.36,0.65,81.11,0.61,832.0,0.66,256.77,0.6,531.03,0.67,247.5,0.59,333.0,0.68,346.78,0.58,304.86,0.69,380.38,0.35,81.11,0.38,151.36,0.34,256.77,0.39,832.0,0.33,247.5,0.4,531.03,0.32,346.78,0.41,333.0,0.31,380.38,0.42,304.86
2026-01-07 12:18:43.612000+00:00,2026-01-07 12:18:41.267008+00:00,223.612,0.635,0.63,0.64,0.365,0.36,0.37,135.0,75.0,95.0,135.0,0.62,151.36,0.65,75.0,0.61,832.0,0.66,256.77,0.6,563.03,0.67,696.5,0.59,333.0,0.68,346.78,0.58,262.86,0.69,380.38,0.35,75.0,0.38,151.36,0.34,256.77,0.39,832.0,0.33,696.5,0.4,563.03,0.32,346.78,0.41,333.0,0.31,380.38,0.42,262.86
2026-01-07 12:18:44.647000+00:00,2026-01-07 12:18:42.272154+00:00,224.647,0.645,0.64,0.65,0.355,0.35,0.36,20.0,140.0,140.0,20.0,0.63,140.0,0.66,256.77,0.62,181.36,0.67,661.0,0.61,867.0,0.68,346.78,0.6,513.03,0.69,380.38,0.59,323.0,0.7,482.74,0.34,256.77,0.37,140.0,0.33,661.0,0.38,181.36,0.32,346.78,0.39,857.0,0.31,380.38,0.4,513.03,0.3,482.74,0.41,323.0
2026-01-07 12:18:45.483000+00:00,2026-01-07 12:18:43.280309+00:00,225.483,0.645,0.64,0.65,0.355,0.35,0.36,20.0,140.0,140.0,20.0,0.63,140.0,0.66,256.77,0.62,191.36,0.67,661.0,0.61,847.0,0.68,346.78,0.6,503.03,0.69,380.38,0.59,323.0,0.7,482.74,0.34,256.77,0.37,140.0,0.33,661.0,0.38,191.36,0.32,346.78,0.39,847.0,0.31,380.38,0.4,503.03,0.3,482.74,0.41,323.0
2026-01-07 12:18:46.701000+00:00,2026-01-07 12:18:44.302043+00:00,226.701,0.645,0.64,0.65,0.355,0.35,0.36,17.22,135.0,135.0,17.22,0.63,205.0,0.66,281.77,0.62,221.36,0.67,661.0,0.61,837.0,0.68,384.38,0.6,503.03,0.69,380.38,0.59,323.0,0.7,482.74,0.34,281.77,0.37,205.0,0.33,661.0,0.38,221.36,0.32,384.38,0.39,837.0,0.31,380.38,0.4,503.03,0.3,482.74,0.41,323.0
2026-01-07 12:18:47.710000+00:00,2026-01-07 12:18:45.324116+00:00,227.71,0.635,0.63,0.64,0.365,0.36,0.37,200.0,65.0,65.0,200.0,0.62,156.36,0.65,140.0,0.61,857.0,0.66,256.77,0.6,533.03,0.67,831.4,0.59,323.0,0.68,346.78,0.58,262.86,0.69,380.38,0.35,125.0,0.38,156.36,0.34,256.77,0.39,857.0,0.33,831.4,0.4,533.03,0.32,346.78,0.41,323.0,0.31,380.38,0.42,262.86
2026-01-07 12:18:48.699000+00:00,2026-01-07 12:18:46.342071+00:00,228.699,0.635,0.63,0.64,0.365,0.36,0.37,205.0,30.0,10.0,205.0,0.62,191.36,0.65,150.0,0.61,827.0,0.66,256.77,0.6,523.03,0.67,892.4,0.59,323.0,0.68,346.78,0.58,262.86,0.69,380.38,0.35,150.0,0.38,191.36,0.34,256.77,0.39,827.0,0.33,844.0,0.4,513.03,0.32,385.68,0.41,323.0,0.31,380.38,0.42,262.86
2026-01-07 12:18:49.135000+00:00,2026-01-07 12:18:47.347713+00:00,229.135,0.635,0.63,0.64,0.365,0.36,0.37,205.0,20.0,20.0,210.0,0.62,201.36,0.65,150.0,0.61,827.0,0.66,266.77,0.6,513.03,0.67,844.0,0.59,323.0,0.68,385.68,0.58,262.86,0.69,380.38,0.35,150.0,0.38,181.36,0.34,266.77,0.39,827.0,0.33,844.0,0.4,503.03,0.32,385.68,0.41,323.0,0.31,380.38,0.42,262.86
2026-01-07 12:18:50.571000+00:00,2026-01-07 12:18:48.354148+00:00,230.571,0.635,0.63,0.64,0.365,0.36,0.37,240.0,20.0,20.0,240.0,0.62,181.36,0.65,120.0,0.61,827.0,0.66,296.77,0.6,503.03,0.67,844.0,0.59,323.0,0.68,385.68,0.58,262.86,0.69,380.38,0.35,120.0,0.38,181.36,0.34,296.77,0.39,827.0,0.33,844.0,0.4,503.03,0.32,385.68,0.41,323.0,0.31,380.38,0.42,262.86
2026-01-07 12:18:51.710000+00:00,2026-01-07 12:18:49.358674+00:00,231.71,0.645,0.64,0.65,0.355,0.35,0.36,153.72,16.0,16.0,143.72,0.63,205.0,0.66,276.77,0.62,145.0,0.67,957.9,0.61,807.0,0.68,356.78,0.6,503.03,0.69,380.38,0.59,323.0,0.7,482.74,0.34,276.77,0.37,205.0,0.33,957.9,0.38,145.0,0.32,356.78,0.39,807.0,0.31,380.38,0.4,503.03,0.3,482.74,0.41,323.0
2026-01-07 12:18:52.638000+00:00,2026-01-07 12:18:50.361959+00:00,232.638,0.645,0.64,0.65,0.355,0.35,0.36,173.72,16.0,16.0,173.72,0.63,205.0,0.66,276.77,0.62,145.0,0.67,957.9,0.61,807.0,0.68,356.78,0.6,503.03,0.69,380.38,0.59,323.0,0.7,482.74,0.34,276.77,0.37,205.0,0.33,957.9,0.38,145.0,0.32,356.78,0.39,807.0,0.31,380.38,0.4,503.03,0.3,482.74,0.41,323.0
2026-01-07 12:18:53.677000+00:00,2026-01-07 12:18:51.385004+00:00,233.677,0.645,0.64,0.65,0.355,0.35,0.36,148.72,16.0,16.0,148.72,0.63,190.0,0.66,276.77,0.62,145.0,0.67,854.0,0.61,807.0,0.68,384.38,0.6,503.03,0.69,380.38,0.59,323.0,0.7,462.74,0.34,276.77,0.37,190.0,0.33,854.0,0.38,145.0,0.32,384.38,0.39,807.0,0.31,380.38,0.4,503.03,0.3,462.74,0.41,323.0
2026-01-07 12:18:54.736000+00:00,2026-01-07 12:18:52.389688+00:00,234.736,0.645,0.64,0.65,0.355,0.35,0.36,138.72,16.0,16.0,138.72,0.63,215.0,0.66,351.77,0.62,165.0,0.67,854.0,0.61,807.0,0.68,384.38,0.6,503.03,0.69,380.38,0.59,323.0,0.7,462.74,0.34,351.77,0.37,215.0,0.33,854.0,0.38,165.0,0.32,384.38,0.39,807.0,0.31,380.38,0.4,503.03,0.3,462.74,0.41,323.0
2026-01-07 12:18:55.755000+00:00,2026-01-07 12:18:53.395040+00:00,235.755,0.655,0.65,0.66,0.345,0.34,0.35,40.0,238.39,238.39,40.0,0.64,143.72,0.67,904.0,0.63,210.0,0.68,384.38,0.62,267.0,0.69,380.38,0.61,807.0,0.7,462.74,0.6,503.03,0.71,505.0,0.33,904.0,0.36,143.72,0.32,384.38,0.37,210.0,0.31,380.38,0.38,267.0,0.3,462.74,0.39,807.0,0.29,505.0,0.4,503.03
2026-01-07 12:18:56.792000+00:00,2026-01-07 12:18:54.418025+00:00,236.792,0.655,0.65,0.66,0.345,0.34,0.35,180.0,158.39,158.39,180.0,0.64,128.72,0.67,681.0,0.63,292.0,0.68,469.38,0.62,318.0,0.69,380.38,0.61,807.0,0.7,462.74,0.6,461.03,0.71,505.0,0.33,560.0,0.36,128.72,0.32,286.38,0.37,353.0,0.31,380.38,0.38,318.0,0.3,462.74,0.39,807.0,0.29,505.0,0.4,461.03
2026-01-07 12:18:57.625000+00:00,2026-01-07 12:18:55.421842+00:00,237.625,0.655,0.65,0.66,0.345,0.34,0.35,180.0,128.39,73.39,185.0,0.64,128.72,0.67,560.0,0.63,353.0,0.68,286.38,0.62,318.0,0.69,380.38,0.61,807.0,0.7,462.74,0.6,461.03,0.71,505.0,0.33,136.0,0.36,163.72,0.32,261.38,0.37,328.0,0.31,310.38,0.38,343.0,0.3,392.74,0.39,358.0,0.29,540.0,0.4,461.03
2026-01-07 12:18:58.817000+00:00,2026-01-07 12:18:56.431066+00:00,238.817,0.655,0.65,0.66,0.345,0.34,0.35,130.0,93.39,73.39,130.0,0.64,243.72,0.67,181.0,0.63,328.0,0.68,216.38,0.62,343.0,0.69,127.38,0.61,358.0,0.7,392.74,0.6,461.03,0.71,540.0,0.33,181.0,0.36,243.72,0.32,216.38,0.37,328.0,0.31,127.38,0.38,343.0,0.3,392.74,0.39,358.0,0.29,540.0,0.4,461.03
2026-01-07 12:18:59.137000+00:00,2026-01-07 12:18:57.436218+00:00,239.137,0.655,0.65,0.66,0.345,0.34,0.35,130.0,73.39,73.39,130.0,0.64,243.72,0.67,181.0,0.63,328.0,0.68,216.38,0.62,343.0,0.69,127.38,0.61,399.0,0.7,392.74,0.6,461.03,0.71,540.0,0.33,181.0,0.36,243.72,0.32,216.38,0.37,328.0,0.31,127.38,0.38,343.0,0.3,392.74,0.39,399.0,0.29,540.0,0.4,461.03
2026-01-07 12:19:00.831000+00:00,2026-01-07 12:18:58.443282+00:00,240.831,0.655,0.65,0.66,0.345,0.34,0.35,130.0,63.78,63.78,130.0,0.64,243.72,0.67,181.0,0.63,328.0,0.68,178.78,0.62,343.0,0.69,127.38,0.61,399.0,0.7,462.74,0.6,461.03,0.71,520.0,0.33,181.0,0.36,243.72,0.32,178.78,0.37,328.0,0.31,249.38,0.38,343.0,0.3,462.74,0.39,399.0,0.29,520.0,0.4,461.03
2026-01-07 12:19:01.403000+00:00,2026-01-07 12:18:59.463943+00:00,241.403,0.655,0.65,0.66,0.345,0.34,0.35,130.0,63.78,63.78,130.0,0.64,233.72,0.67,181.0,0.63,328.0,0.68,178.78,0.62,343.0,0.69,310.38,0.61,399.0,0.7,462.74,0.6,461.03,0.71,520.0,0.33,181.0,0.36,233.72,0.32,178.78,0.37,328.0,0.31,310.38,0.38,792.0,0.3,462.74,0.39,399.0,0.29,520.0,0.4,461.03
2026-01-07 12:19:02.830000+00:00,2026-01-07 12:19:00.469034+00:00,242.83,0.655,0.65,0.66,0.345,0.34,0.35,130.0,59.37,59.37,130.0,0.64,233.72,0.67,181.0,0.63,328.0,0.68,178.78,0.62,792.0,0.69,310.38,0.61,358.0,0.7,511.74,0.6,461.03,0.71,520.0,0.33,181.0,0.36,233.72,0.32,178.78,0.37,328.0,0.31,310.38,0.38,792.0,0.3,511.74,0.39,399.0,0.29,520.0,0.4,461.03
2026-01-07 12:19:03.848000+00:00,2026-01-07 12:19:01.472903+00:00,243.848,0.655,0.65,0.66,0.345,0.34,0.35,45.0,134.37,134.37,40.0,0.64,273.72,0.67,161.0,0.63,338.0,0.68,168.78,0.62,792.0,0.69,310.38,0.61,358.0,0.7,511.74,0.6,503.03,0.71,520.0,0.33,191.0,0.36,248.72,0.32,138.78,0.37,348.0,0.31,310.38,0.38,792.0,0.3,511.74,0.39,358.0,0.29,520.0,0.4,503.03
2026-01-07 12:19:04.799000+00:00,2026-01-07 12:19:02.494507+00:00,244.799,0.645,0.64,0.65,0.355,0.35,0.36,243.72,30.0,10.0,243.72,0.63,378.0,0.66,169.37,0.62,812.0,0.67,166.0,0.61,358.0,0.68,138.78,0.6,503.03,0.69,310.38,0.59,394.0,0.7,511.74,0.34,114.37,0.37,338.0,0.33,176.0,0.38,792.0,0.32,138.78,0.39,358.0,0.31,310.38,0.4,503.03,0.3,511.74,0.41,394.0
2026-01-07 12:19:05.910000+00:00,2026-01-07 12:19:03.500796+00:00,245.91,0.655,0.65,0.66,0.345,0.34,0.35,115.0,77.85,36.36,115.0,0.64,233.72,0.67,206.0,0.63,348.0,0.68,138.78,0.62,343.0,0.69,759.38,0.61,358.0,0.7,511.74,0.6,503.03,0.71,520.0,0.33,221.0,0.36,233.72,0.32,138.78,0.37,348.0,0.31,759.38,0.38,343.0,0.3,511.74,0.39,358.0,0.29,520.0,0.4,503.03
2026-01-07 12:19:06.642000+00:00,2026-01-07 12:19:04.505829+00:00,246.642,0.655,0.65,0.66,0.345,0.34,0.35,115.0,36.36,36.36,115.0,0.64,233.72,0.67,201.0,0.63,348.0,0.68,163.78,0.62,343.0,0.69,759.38,0.61,358.0,0.7,511.74,0.6,503.03,0.71,520.0,0.33,201.0,0.36,233.72,0.32,163.78,0.37,348.0,0.31,759.38,0.38,343.0,0.3,511.74,0.39,358.0,0.29,520.0,0.4,503.03
2026-01-07 12:19:07.884000+00:00,2026-01-07 12:19:05.512539+00:00,247.884,0.655,0.65,0.66,0.345,0.34,0.35,109.65,50.36,50.36,109.65,0.64,228.72,0.67,201.0,0.63,348.0,0.68,163.78,0.62,343.0,0.69,759.38,0.61,399.0,0.7,511.74,0.6,461.03,0.71,520.0,0.33,201.0,0.36,228.72,0.32,163.78,0.37,348.0,0.31,759.38,0.38,343.0,0.3,511.74,0.39,399.0,0.29,520.0,0.4,461.03
2026-01-07 12:19:08.697000+00:00,2026-01-07 12:19:06.521523+00:00,248.697,0.655,0.65,0.66,0.345,0.34,0.35,40.0,105.36,105.36,40.0,0.64,268.72,0.67,181.0,0.63,348.0,0.68,163.78,0.62,343.0,0.69,759.38,0.61,358.0,0.7,511.74,0.6,503.03,0.71,520.0,0.33,181.0,0.36,268.72,0.32,163.78,0.37,348.0,0.31,759.38,0.38,343.0,0.3,511.74,0.39,358.0,0.29,520.0,0.4,461.03
2026-01-07 12:19:09.871000+00:00,2026-01-07 12:19:07.542433+00:00,249.871,0.655,0.65,0.66,0.345,0.34,0.35,130.0,50.36,85.36,140.0,0.64,218.72,0.67,171.0,0.63,777.0,0.68,178.78,0.62,343.0,0.69,759.38,0.61,399.0,0.7,511.74,0.6,461.03,0.71,520.0,0.33,146.0,0.36,233.72,0.32,228.78,0.37,777.0,0.31,759.38,0.38,343.0,0.3,511.74,0.39,399.0,0.29,485.0,0.4,461.03
2026-01-07 12:19:10.853000+00:00,2026-01-07 12:19:08.547647+00:00,250.853,0.655,0.65,0.66,0.345,0.34,0.35,85.0,140.36,140.36,85.0,0.64,248.72,0.67,91.0,0.63,777.0,0.68,243.78,0.62,343.0,0.69,759.38,0.61,399.0,0.7,511.74,0.6,461.03,0.71,485.0,0.33,116.0,0.36,238.72,0.32,203.78,0.37,777.0,0.31,759.38,0.38,343.0,0.3,511.74,0.39,399.0,0.29,485.0,0.4,461.03
2026-01-07 12:19:11.933000+00:00,2026-01-07 12:19:09.552619+00:00,251.933,0.645,0.64,0.65,0.355,0.35,0.36,288.72,32.0,20.0,293.72,0.63,802.0,0.66,170.36,0.62,353.0,0.67,156.0,0.61,358.0,0.68,183.78,0.6,503.03,0.69,759.38,0.59,394.0,0.7,511.74,0.34,155.36,0.37,802.0,0.33,156.0,0.38,353.0,0.32,183.78,0.39,358.0,0.31,759.38,0.4,503.03,0.3,511.74,0.41,394.0
2026-01-07 12:19:12.900000+00:00,2026-01-07 12:19:10.558444+00:00,252.9,0.645,0.64,0.65,0.355,0.35,0.36,288.72,20.0,20.0,288.72,0.63,797.0,0.66,155.36,0.62,353.0,0.67,161.0,0.61,399.0,0.68,168.78,0.6,461.03,0.69,759.38,0.59,394.0,0.7,511.74,0.34,155.36,0.37,797.0,0.33,161.0,0.38,353.0,0.32,168.78,0.39,399.0,0.31,759.38,0.4,461.03,0.3,511.74,0.41,394.0
2026-01-07 12:19:13.906000+00:00,2026-01-07 12:19:11.560613+00:00,253.906,0.655,0.65,0.66,0.345,0.34,0.35,36.77,140.36,140.36,51.77,0.64,253.72,0.67,151.0,0.63,777.0,0.68,173.78,0.62,383.0,0.69,764.38,0.61,358.0,0.7,511.74,0.6,461.03,0.71,485.0,0.33,166.0,0.36,273.72,0.32,173.78,0.37,787.0,0.31,764.38,0.38,383.0,0.3,511.74,0.39,358.0,0.29,485.0,0.4,461.03
2026-01-07 12:19:14.886000+00:00,2026-01-07 12:19:12.581941+00:00,254.886,0.655,0.65,0.66,0.345,0.34,0.35,51.77,130.36,130.36,51.77,0.64,278.72,0.67,136.0,0.63,787.0,0.68,178.78,0.62,343.0,0.69,764.38,0.61,399.0,0.7,511.74,0.6,461.03,0.71,485.0,0.33,146.0,0.36,268.72,0.32,198.78,0.37,787.0,0.31,759.38,0.38,343.0,0.3,511.74,0.39,399.0,0.29,485.0,0.4,461.03
2026-01-07 12:19:15.857000+00:00,2026-01-07 12:19:13.589069+00:00,255.857,0.655,0.65,0.66,0.345,0.34,0.35,51.77,130.36,130.36,51.77,0.64,268.72,0.67,146.0,0.63,787.0,0.68,198.78,0.62,343.0,0.69,759.38,0.61,399.0,0.7,511.74,0.6,461.03,0.71,485.0,0.33,146.0,0.36,268.72,0.32,198.78,0.37,787.0,0.31,759.38,0.38,343.0,0.3,511.74,0.39,399.0,0.29,485.0,0.4,461.03
2026-01-07 12:19:16.960000+00:00,2026-01-07 12:19:14.598919+00:00,256.96,0.655,0.65,0.66,0.345,0.34,0.35,389.77,20.36,20.36,464.77,0.64,386.72,0.67,61.0,0.63,807.0,0.68,115.0,0.62,343.0,0.69,626.38,0.61,358.0,0.7,268.74,0.6,461.03,0.71,520.0,0.33,81.0,0.36,390.72,0.32,40.0,0.37,757.0,0.31,681.38,0.38,343.0,0.3,268.74,0.39,358.0,0.29,520.0,0.4,547.03
2026-01-07 12:19:17.910000+00:00,2026-01-07 12:19:15.621930+00:00,257.91,0.665,0.66,0.67,0.325,0.32,0.33,273.58,51.0,20.0,115.0,0.65,387.77,0.68,35.0,0.64,346.72,0.69,587.05,0.63,343.0,0.7,224.74,0.62,343.0,0.71,452.6,0.61,358.0,0.72,469.0,0.31,557.05,0.34,262.58,0.3,229.74,0.35,382.77,0.29,452.6,0.36,331.72,0.28,504.0,0.37,343.0,0.27,469.0,0.38,343.0
2026-01-07 12:19:19.018000+00:00,2026-01-07 12:19:16.625948+00:00,259.018,0.685,0.68,0.69,0.315,0.31,0.32,252.0,58.05,58.05,350.0,0.67,227.0,0.7,329.74,0.66,290.64,0.71,252.0,0.65,364.77,0.72,888.0,0.64,336.72,0.73,434.0,0.63,343.0,0.74,332.3,0.3,208.74,0.33,293.0,0.29,136.0,0.34,322.64,0.28,705.0,0.35,364.77,0.27,251.0,0.36,336.72,0.26,332.3,0.37,343.0
2026-01-07 12:19:20.845000+00:00,2026-01-07 12:19:18.625781+00:00,260.845,0.705,0.7,0.71,0.295,0.29,0.3,174.26,136.0,136.0,174.26,0.69,329.94,0.72,140.0,0.68,350.0,0.73,166.0,0.67,812.0,0.74,161.0,0.66,322.64,0.75,431.0,0.65,339.77,0.76,414.0,0.28,140.0,0.31,329.94,0.27,171.0,0.32,350.0,0.26,156.0,0.33,812.0,0.25,431.0,0.34,322.64,0.24,414.0,0.35,339.77
2026-01-07 12:19:22.007000+00:00,2026-01-07 12:19:19.628177+00:00,262.007,0.705,0.7,0.71,0.295,0.29,0.3,214.26,88.0,20.0,254.26,0.69,379.94,0.72,145.0,0.68,293.0,0.73,75.0,0.67,809.0,0.74,199.5,0.66,322.64,0.75,431.0,0.65,339.77,0.76,419.0,0.28,185.0,0.31,353.0,0.27,75.0,0.32,293.0,0.26,199.5,0.33,809.0,0.25,431.0,0.34,322.64,0.24,419.0,0.35,339.77
2026-01-07 12:19:23.041000+00:00,2026-01-07 12:19:20.648761+00:00,263.041,0.695,0.69,0.7,0.305,0.3,0.31,155.0,20.0,60.0,160.0,0.68,182.0,0.71,286.0,0.67,529.0,0.72,494.0,0.66,232.64,0.73,461.6,0.65,269.77,0.74,409.0,0.64,327.32,0.75,649.0,0.29,296.0,0.32,182.0,0.28,539.0,0.33,529.0,0.27,496.6,0.34,232.64,0.26,409.0,0.35,274.77,0.25,649.0,0.36,327.32
2026-01-07 12:19:24.060000+00:00,2026-01-07 12:19:21.671251+00:00,264.06,0.695,0.69,0.7,0.305,0.3,0.31,155.0,60.0,65.0,161.0,0.68,155.0,0.71,226.0,0.67,529.0,0.72,474.0,0.66,270.64,0.73,384.0,0.65,344.77,0.74,409.0,0.64,332.32,0.75,698.0,0.29,226.0,0.32,155.0,0.28,474.0,0.33,529.0,0.27,384.0,0.34,275.64,0.26,409.0,0.35,344.77,0.25,698.0,0.36,332.32
2026-01-07 12:19:25.026000+00:00,2026-01-07 12:19:22.677999+00:00,265.026,0.695,0.69,0.7,0.305,0.3,0.31,201.0,45.0,45.0,201.0,0.68,125.0,0.71,151.0,0.67,519.0,0.72,439.0,0.66,275.64,0.73,419.0,0.65,344.77,0.74,449.0,0.64,332.32,0.75,698.0,0.29,156.0,0.32,125.0,0.28,439.0,0.33,524.0,0.27,419.0,0.34,275.64,0.26,449.0,0.35,344.77,0.25,698.0,0.36,332.32
2026-01-07 12:19:26.068000+00:00,2026-01-07 12:19:23.683907+00:00,266.068,0.695,0.69,0.7,0.305,0.3,0.31,156.0,45.0,45.0,171.0,0.68,195.0,0.71,176.0,0.67,631.0,0.72,454.0,0.66,307.64,0.73,384.0,0.65,344.77,0.74,409.0,0.64,332.32,0.75,698.0,0.29,176.0,0.32,205.0,0.28,474.0,0.33,641.0,0.27,404.0,0.34,317.64,0.26,409.0,0.35,344.77,0.25,698.0,0.36,332.32
2026-01-07 12:19:27.022000+00:00,2026-01-07 12:19:24.690613+00:00,267.022,0.695,0.69,0.7,0.305,0.3,0.31,166.0,40.62,40.62,166.0,0.68,195.0,0.71,176.0,0.67,651.0,0.72,923.0,0.66,322.64,0.73,436.0,0.65,344.77,0.74,409.0,0.64,332.32,0.75,649.0,0.29,176.0,0.32,195.0,0.28,923.0,0.33,651.0,0.27,436.0,0.34,322.64,0.26,409.0,0.35,344.77,0.25,649.0,0.36,332.32
2026-01-07 12:19:28.035000+00:00,2026-01-07 12:19:25.697322+00:00,268.035,0.695,0.69,0.7,0.305,0.3,0.31,160.0,40.62,40.62,175.0,0.68,398.0,0.71,55.0,0.67,824.0,0.72,740.0,0.66,312.64,0.73,253.0,0.65,344.77,0.74,409.0,0.64,332.32,0.75,649.0,0.29,55.0,0.32,435.0,0.28,740.0,0.33,787.0,0.27,253.0,0.34,312.64,0.26,409.0,0.35,344.77,0.25,649.0,0.36,332.32
2026-01-07 12:19:29.099000+00:00,2026-01-07 12:19:26.706109+00:00,269.099,0.695,0.69,0.7,0.305,0.3,0.31,438.12,10.0,10.0,438.12,0.68,445.0,0.71,45.0,0.67,338.0,0.72,170.0,0.66,337.64,0.73,228.0,0.65,344.77,0.74,156.0,0.64,418.32,0.75,614.0,0.29,60.0,0.32,445.0,0.28,170.0,0.33,338.0,0.27,228.0,0.34,337.64,0.26,156.0,0.35,344.77,0.25,614.0,0.36,418.32
2026-01-07 12:19:30.040000+00:00,2026-01-07 12:19:27.729409+00:00,270.04,0.695,0.69,0.7,0.305,0.3,0.31,433.79,10.0,10.0,433.79,0.68,455.0,0.71,5.0,0.67,328.0,0.72,170.0,0.66,337.64,0.73,248.0,0.65,344.77,0.74,156.0,0.64,418.32,0.75,614.0,0.29,5.0,0.32,455.0,0.28,170.0,0.33,328.0,0.27,248.0,0.34,337.64,0.26,156.0,0.35,344.77,0.25,614.0,0.36,418.32
2026-01-07 12:19:31.098000+00:00,2026-01-07 12:19:28.736973+00:00,271.098,0.695,0.69,0.7,0.305,0.3,0.31,427.79,0.99,0.99,437.79,0.68,445.0,0.71,15.0,0.67,328.0,0.72,160.0,0.66,337.64,0.73,228.0,0.65,344.77,0.74,156.0,0.64,418.32,0.75,614.0,0.29,15.0,0.32,445.0,0.28,180.0,0.33,328.0,0.27,228.0,0.34,337.64,0.26,156.0,0.35,344.77,0.25,614.0,0.36,418.32
2026-01-07 12:19:32.152000+00:00,2026-01-07 12:19:29.761463+00:00,272.152,0.695,0.69,0.7,0.305,0.3,0.31,437.79,0.99,0.99,437.79,0.68,445.0,0.71,15.0,0.67,328.0,0.72,190.0,0.66,337.64,0.73,218.0,0.65,344.77,0.74,226.0,0.64,418.32,0.75,684.0,0.29,15.0,0.32,445.0,0.28,190.0,0.33,328.0,0.27,218.0,0.34,337.64,0.26,226.0,0.35,344.77,0.25,684.0,0.36,418.32
2026-01-07 12:19:33.156000+00:00,2026-01-07 12:19:30.768537+00:00,273.156,0.695,0.69,0.7,0.305,0.3,0.31,881.79,0.99,0.99,920.79,0.68,415.0,0.71,5.0,0.67,328.0,0.72,5.0,0.66,458.64,0.73,153.0,0.65,465.77,0.74,121.0,0.64,433.32,0.75,1109.91,0.29,5.0,0.32,378.0,0.28,5.0,0.33,328.0,0.27,121.0,0.34,458.64,0.26,156.0,0.35,465.77,0.25,1136.11,0.36,433.32
2026-01-07 12:19:34.128000+00:00,2026-01-07 12:19:31.792575+00:00,274.128,0.735,0.73,0.74,0.265,0.26,0.27,117.75,55.0,55.0,117.75,0.72,213.0,0.75,785.91,0.71,393.0,0.76,241.0,0.7,248.0,0.77,236.0,0.69,792.0,0.78,484.0,0.68,343.0,0.79,449.0,0.25,785.91,0.28,213.0,0.24,241.0,0.29,393.0,0.23,236.0,0.3,248.0,0.22,484.0,0.31,792.0,0.21,449.0,0.32,343.0
2026-01-07 12:19:35.192000+00:00,2026-01-07 12:19:32.797734+00:00,275.192,0.735,0.73,0.74,0.265,0.26,0.27,102.75,90.0,90.0,102.75,0.72,203.0,0.75,800.91,0.71,348.0,0.76,191.0,0.7,248.0,0.77,236.0,0.69,828.0,0.78,484.0,0.68,343.0,0.79,449.0,0.25,800.91,0.28,193.0,0.24,191.0,0.29,348.0,0.23,236.0,0.3,268.0,0.22,484.0,0.31,828.0,0.21,449.0,0.32,343.0
2026-01-07 12:19:36.188000+00:00,2026-01-07 12:19:33.804673+00:00,276.188,0.735,0.73,0.74,0.265,0.26,0.27,102.75,90.0,90.0,102.75,0.72,193.0,0.75,800.91,0.71,358.0,0.76,191.0,0.7,304.0,0.77,285.0,0.69,792.0,0.78,484.0,0.68,343.0,0.79,449.0,0.25,800.91,0.28,193.0,0.24,191.0,0.29,358.0,0.23,285.0,0.3,304.0,0.22,484.0,0.31,792.0,0.21,449.0,0.32,343.0
2026-01-07 12:19:37.194000+00:00,2026-01-07 12:19:34.822883+00:00,277.194,0.735,0.73,0.74,0.265,0.26,0.27,117.75,90.0,90.0,117.75,0.72,208.4,0.75,800.91,0.71,368.0,0.76,240.0,0.7,284.0,0.77,236.0,0.69,343.0,0.78,484.0,0.68,343.0,0.79,449.0,0.25,800.91,0.28,208.4,0.24,240.0,0.29,368.0,0.23,236.0,0.3,248.0,0.22,484.0,0.31,379.0,0.21,449.0,0.32,343.0
2026-01-07 12:19:38.173000+00:00,2026-01-07 12:19:35.827363+00:00,278.173,0.735,0.73,0.74,0.265,0.26,0.27,142.75,67.4,67.4,142.75,0.72,218.4,0.75,795.91,0.71,358.0,0.76,280.0,0.7,284.0,0.77,236.0,0.69,343.0,0.78,484.0,0.68,343.0,0.79,449.0,0.25,795.91,0.28,253.4,0.24,231.0,0.29,333.0,0.23,285.0,0.3,309.0,0.22,484.0,0.31,343.0,0.21,449.0,0.32,343.0
2026-01-07 12:19:39.195000+00:00,2026-01-07 12:19:36.831970+00:00,279.195,0.735,0.73,0.74,0.265,0.26,0.27,187.75,18.0,18.0,187.75,0.72,338.4,0.75,371.91,0.71,403.0,0.76,206.0,0.7,828.0,0.77,285.0,0.69,343.0,0.78,301.0,0.68,343.0,0.79,484.0,0.25,371.91,0.28,338.4,0.24,85.0,0.29,403.0,0.23,285.0,0.3,828.0,0.22,301.0,0.31,343.0,0.21,484.0,0.32,343.0
2026-01-07 12:19:40.230000+00:00,2026-01-07 12:19:37.854698+00:00,280.23,0.735,0.73,0.74,0.265,0.26,0.27,423.75,18.0,18.0,389.75,0.72,278.4,0.75,200.0,0.71,378.0,0.77,748.26,0.7,343.0,0.78,246.0,0.69,464.0,0.79,414.0,0.68,476.5,0.8,493.91,0.25,200.0,0.28,313.4,0.23,748.26,0.29,378.0,0.22,171.0,0.3,343.0,0.21,414.0,0.31,464.0,0.2,493.91,0.32,476.5
2026-01-07 12:19:41.236000+00:00,2026-01-07 12:19:38.860042+00:00,281.236,0.745,0.74,0.75,0.255,0.25,0.26,373.0,194.33,194.33,373.0,0.73,348.81,0.76,35.0,0.72,338.4,0.77,582.26,0.71,338.0,0.78,166.0,0.7,343.0,0.79,231.0,0.69,429.0,0.8,493.91,0.24,45.0,0.27,358.81,0.23,587.26,0.28,348.4,0.22,166.0,0.29,338.0,0.21,231.0,0.3,343.0,0.2,493.91,0.31,429.0
2026-01-07 12:19:42.250000+00:00,2026-01-07 12:19:39.882742+00:00,282.25,0.745,0.74,0.75,0.255,0.25,0.26,382.73,194.33,194.33,382.73,0.73,388.81,0.76,60.0,0.72,323.4,0.77,544.0,0.71,373.0,0.78,231.0,0.7,349.2,0.79,231.0,0.69,435.1,0.8,542.91,0.24,60.0,0.27,388.81,0.23,544.0,0.28,323.4,0.22,231.0,0.29,373.0,0.21,231.0,0.3,349.2,0.2,542.91,0.31,435.1
2026-01-07 12:19:43.275000+00:00,2026-01-07 12:19:40.889480+00:00,283.275,0.745,0.74,0.75,0.255,0.25,0.26,449.73,194.33,194.33,449.73,0.73,348.81,0.76,35.0,0.72,338.4,0.77,489.0,0.71,344.3,0.78,311.0,0.7,349.2,0.79,156.0,0.69,450.1,0.8,467.91,0.24,35.0,0.27,348.81,0.23,489.0,0.28,338.4,0.22,311.0,0.29,344.3,0.21,156.0,0.3,349.2,0.2,467.91,0.31,450.1
2026-01-07 12:19:44.282000+00:00,2026-01-07 12:19:41.892463+00:00,284.282,0.745,0.74,0.75,0.255,0.25,0.26,424.73,194.33,194.33,424.73,0.73,348.81,0.76,35.0,0.72,793.8,0.77,30.0,0.71,344.3,0.78,301.0,0.7,349.2,0.79,226.0,0.69,450.1,0.8,537.91,0.24,45.0,0.27,368.81,0.23,40.0,0.28,793.8,0.22,301.0,0.29,344.3,0.21,226.0,0.3,349.2,0.2,537.91,0.31,450.1
2026-01-07 12:19:45.221000+00:00,2026-01-07 12:19:42.902917+00:00,285.221,0.745,0.74,0.75,0.255,0.25,0.26,364.73,194.33,194.33,364.73,0.73,422.81,0.76,45.0,0.72,778.8,0.77,80.0,0.71,344.3,0.78,226.0,0.7,349.2,0.79,226.0,0.69,543.5,0.8,305.91,0.24,45.0,0.27,422.81,0.23,80.0,0.28,778.8,0.22,226.0,0.29,344.3,0.21,226.0,0.3,349.2,0.2,305.91,0.31,543.5
2026-01-07 12:19:46.294000+00:00,2026-01-07 12:19:43.909264+00:00,286.294,0.765,0.76,0.77,0.235,0.23,0.24,192.0,45.0,45.0,227.0,0.75,110.0,0.79,130.0,0.74,433.73,0.8,245.91,0.73,393.81,0.81,278.0,0.72,329.8,0.82,414.0,0.71,309.3,0.83,484.0,0.21,130.0,0.25,146.0,0.2,245.91,0.26,433.73,0.19,278.0,0.27,393.81,0.18,414.0,0.28,329.8,0.17,484.0,0.29,309.3
2026-01-07 12:19:47.300000+00:00,2026-01-07 12:19:44.914142+00:00,287.3,0.765,0.76,0.77,0.235,0.23,0.24,278.0,5.0,5.0,278.0,0.75,206.0,0.78,65.0,0.74,438.73,0.79,145.0,0.73,340.41,0.8,314.91,0.72,309.8,0.81,231.0,0.71,309.3,0.82,414.0,0.22,100.0,0.25,211.0,0.21,130.0,0.26,404.73,0.2,314.91,0.27,384.41,0.19,156.0,0.28,309.8,0.18,414.0,0.29,309.3
2026-01-07 12:19:48.225000+00:00,2026-01-07 12:19:45.920429+00:00,288.225,0.765,0.76,0.77,0.235,0.23,0.24,278.0,47.14,47.14,278.0,0.75,146.0,0.78,40.0,0.74,456.53,0.79,130.0,0.73,404.41,0.8,314.91,0.72,309.8,0.81,156.0,0.71,309.3,0.82,414.0,0.22,40.0,0.25,146.0,0.21,130.0,0.26,456.53,0.2,314.91,0.27,404.41,0.19,156.0,0.28,309.8,0.18,414.0,0.29,309.3
2026-01-07 12:19:49.321000+00:00,2026-01-07 12:19:46.926675+00:00,289.321,0.765,0.76,0.77,0.235,0.23,0.24,271.85,55.0,40.0,271.85,0.75,156.0,0.78,80.0,0.74,451.53,0.79,189.0,0.73,374.41,0.8,265.91,0.72,309.8,0.81,226.0,0.71,309.3,0.82,484.0,0.22,45.0,0.25,146.0,0.21,179.0,0.26,421.53,0.2,265.91,0.27,374.41,0.19,226.0,0.28,309.8,0.18,484.0,0.29,309.3
2026-01-07 12:19:50.291000+00:00,2026-01-07 12:19:47.945890+00:00,290.291,0.745,0.74,0.75,0.255,0.25,0.26,60.0,75.0,120.0,60.0,0.73,183.0,0.76,67.0,0.72,183.4,0.77,564.1,0.71,253.0,0.78,428.0,0.7,238.0,0.79,403.0,0.69,496.1,0.8,519.91,0.24,123.6,0.28,45.4,0.23,523.0,0.29,288.0,0.22,428.0,0.3,268.0,0.21,464.0,0.31,399.0,0.2,519.91,0.32,313.0
2026-01-07 12:19:51.345000+00:00,2026-01-07 12:19:48.966952+00:00,291.345,0.745,0.74,0.75,0.255,0.25,0.26,150.0,55.0,55.0,150.0,0.73,130.0,0.76,274.6,0.72,232.4,0.77,459.0,0.71,268.0,0.78,409.0,0.7,707.0,0.79,394.0,0.69,349.0,0.8,449.91,0.24,274.6,0.27,130.0,0.23,459.0,0.28,232.4,0.22,409.0,0.29,268.0,0.21,394.0,0.3,707.0,0.2,449.91,0.31,349.0
2026-01-07 12:19:52.375000+00:00,2026-01-07 12:19:49.975244+00:00,292.375,0.765,0.76,0.77,0.235,0.23,0.24,106.0,95.0,95.0,106.0,0.75,135.0,0.78,640.0,0.74,220.0,0.79,226.0,0.73,308.0,0.8,513.91,0.72,727.4,0.81,339.0,0.71,268.0,0.82,379.0,0.22,640.0,0.25,135.0,0.21,226.0,0.26,140.0,0.2,513.91,0.27,228.0,0.19,339.0,0.28,762.4,0.18,379.0,0.29,268.0
2026-01-07 12:19:53.344000+00:00,2026-01-07 12:19:50.995904+00:00,293.344,0.765,0.76,0.77,0.235,0.23,0.24,90.0,55.0,55.0,90.0,0.75,135.0,0.78,690.0,0.74,140.0,0.79,236.0,0.73,298.0,0.8,493.91,0.72,832.4,0.81,339.0,0.71,338.0,0.82,379.0,0.22,690.0,0.25,135.0,0.21,256.0,0.26,140.0,0.2,463.91,0.27,298.0,0.19,339.0,0.28,832.4,0.18,379.0,0.29,338.0
2026-01-07 12:19:54.373000+00:00,2026-01-07 12:19:52.005375+00:00,294.373,0.745,0.74,0.75,0.255,0.25,0.26,235.0,77.6,77.6,235.0,0.73,323.0,0.76,189.22,0.72,837.4,0.77,240.0,0.71,338.0,0.78,640.0,0.7,370.2,0.79,211.0,0.69,354.1,0.8,453.91,0.24,174.22,0.27,323.0,0.23,240.0,0.28,837.4,0.22,640.0,0.29,338.0,0.21,211.0,0.3,370.2,0.2,453.91,0.31,354.1
2026-01-07 12:19:55.420000+00:00,2026-01-07 12:19:53.029173+00:00,295.42,0.755,0.75,0.76,0.245,0.24,0.25,40.0,187.22,187.22,40.0,0.74,235.0,0.77,245.0,0.73,328.0,0.78,660.0,0.72,817.4,0.79,211.0,0.71,338.0,0.8,453.91,0.7,370.2,0.81,370.0,0.23,245.0,0.26,235.0,0.22,660.0,0.27,328.0,0.21,211.0,0.28,817.4,0.2,453.91,0.29,338.0,0.19,370.0,0.3,370.2
2026-01-07 12:19:56.400000+00:00,2026-01-07 12:19:54.037183+00:00,296.4,0.755,0.75,0.76,0.245,0.24,0.25,30.04,187.7,187.7,30.04,0.74,280.0,0.77,215.0,0.73,328.0,0.78,690.0,0.72,348.4,0.79,211.0,0.71,338.0,0.8,453.91,0.7,370.2,0.81,440.0,0.23,215.0,0.26,280.0,0.22,690.0,0.27,328.0,0.21,211.0,0.28,348.4,0.2,453.91,0.29,338.0,0.19,440.0,0.3,370.2
2026-01-07 12:19:57.448000+00:00,2026-01-07 12:19:55.057787+00:00,297.448,0.745,0.74,0.75,0.255,0.25,0.26,30.0,155.0,225.0,30.0,0.73,233.0,0.76,269.0,0.72,243.4,0.77,276.0,0.71,303.0,0.78,181.0,0.7,678.2,0.79,211.0,0.69,284.1,0.8,523.91,0.24,309.0,0.27,228.0,0.23,463.0,0.28,303.4,0.22,338.0,0.29,288.0,0.21,333.0,0.3,682.0,0.2,519.91,0.31,355.1
2026-01-07 12:19:58.428000+00:00,2026-01-07 12:19:56.047790+00:00,298.428,0.755,0.75,0.76,0.245,0.24,0.25,130.38,58.0,53.0,130.38,0.74,150.0,0.77,326.0,0.73,248.0,0.78,231.0,0.72,727.4,0.79,444.0,0.71,338.0,0.8,473.91,0.7,328.0,0.81,304.0,0.23,326.0,0.26,145.0,0.22,231.0,0.27,248.0,0.21,444.0,0.28,762.4,0.2,473.91,0.29,338.0,0.19,304.0,0.3,328.0
2026-01-07 12:19:59.435000+00:00,2026-01-07 12:19:57.053545+00:00,299.435,0.765,0.76,0.77,0.235,0.23,0.24,155.0,256.0,221.0,245.0,0.75,90.38,0.78,231.0,0.74,105.0,0.79,843.0,0.73,248.0,0.8,463.91,0.72,313.4,0.81,384.0,0.71,338.0,0.82,409.0,0.22,126.0,0.25,90.38,0.21,848.0,0.26,150.0,0.2,463.91,0.27,238.0,0.19,384.0,0.28,313.4,0.18,409.0,0.29,338.0
2026-01-07 12:20:00.463000+00:00,2026-01-07 12:19:58.075716+00:00,300.463,0.775,0.77,0.78,0.225,0.22,0.23,110.0,4.54,4.54,118.0,0.76,341.0,0.79,20.0,0.75,391.38,0.8,330.91,0.74,358.0,0.81,166.0,0.73,343.0,0.82,857.4,0.72,365.4,0.83,449.0,0.21,20.0,0.24,268.0,0.2,330.91,0.25,386.38,0.19,166.0,0.26,358.0,0.18,867.4,0.27,343.0,0.17,459.0,0.28,371.8
2026-01-07 12:20:01.474000+00:00,2026-01-07 12:19:59.078528+00:00,301.474,0.79,0.78,0.8,0.21000000000000002,0.2,0.22,113.0,294.75,294.75,113.0,0.77,130.0,0.81,201.0,0.76,301.0,0.82,847.4,0.75,353.38,0.83,424.0,0.74,358.0,0.84,414.0,0.73,349.6,0.85,507.19,0.19,201.0,0.23,130.0,0.18,847.4,0.24,301.0,0.17,424.0,0.25,353.38,0.16,414.0,0.26,358.0,0.15,507.19,0.27,349.6
2026-01-07 12:20:02.457000+00:00,2026-01-07 12:20:00.084081+00:00,302.457,0.79,0.78,0.8,0.21000000000000002,0.2,0.22,98.0,162.07,162.07,115.75,0.77,150.0,0.81,196.0,0.76,268.0,0.82,833.4,0.75,396.38,0.83,414.0,0.74,364.8,0.84,414.0,0.73,349.6,0.85,507.19,0.19,196.0,0.23,150.0,0.18,833.4,0.24,268.0,0.17,414.0,0.25,396.38,0.16,414.0,0.26,364.8,0.15,507.19,0.27,349.6
2026-01-07 12:20:03.415000+00:00,2026-01-07 12:20:01.104332+00:00,303.415,0.785,0.78,0.79,0.215,0.21,0.22,30.75,105.0,87.71,0.75,0.77,75.0,0.8,100.0,0.76,697.0,0.81,219.8,0.75,391.38,0.82,788.0,0.74,414.8,0.83,484.0,0.73,379.6,0.84,484.0,0.2,100.0,0.23,75.0,0.19,219.8,0.24,767.0,0.18,788.0,0.25,358.38,0.17,484.0,0.26,448.8,0.16,484.0,0.27,379.6
2026-01-07 12:20:04.486000+00:00,2026-01-07 12:20:02.111056+00:00,304.486,0.775,0.77,0.78,0.225,0.22,0.23,35.0,106.97,111.97,55.0,0.76,555.99,0.79,95.0,0.75,353.38,0.8,65.0,0.74,364.8,0.81,427.8,0.73,349.6,0.82,339.0,0.72,405.8,0.83,484.0,0.21,105.0,0.24,545.99,0.2,65.0,0.25,373.38,0.19,427.8,0.26,378.0,0.18,409.0,0.27,383.6,0.17,484.0,0.28,405.8
2026-01-07 12:20:05.454000+00:00,2026-01-07 12:20:03.126264+00:00,305.454,0.775,0.77,0.78,0.225,0.22,0.23,20.0,199.14,179.27,20.0,0.75,313.0,0.79,267.0,0.74,289.99,0.8,782.0,0.73,307.0,0.81,417.0,0.72,434.4,0.82,409.0,0.71,436.04,0.83,449.0,0.21,328.0,0.25,145.0,0.2,913.0,0.26,106.99,0.19,487.0,0.27,317.0,0.18,409.0,0.28,313.4,0.17,449.0,0.29,315.04
