timestamp,seconds,mid,bid,ask,asset
2026-01-07 09:30:00+00:00,0.0,3224.51,3224.33,3224.52,ETH
2026-01-07 09:30:01+00:00,1.0,3224.48,3224.33,3224.49,ETH
2026-01-07 09:30:02+00:00,2.0,3224.12,3224.02,3224.13,ETH
2026-01-07 09:30:03+00:00,3.0,3224.07,3224.02,3224.12,ETH
2026-01-07 09:30:04+00:00,4.0,3224.03,3223.98,3224.09,ETH
2026-01-07 09:30:05+00:00,5.0,3223.54,3223.5,3223.58,ETH
2026-01-07 09:30:06+00:00,6.0,3223.55,3223.46,3223.57,ETH
2026-01-07 09:30:07+00:00,7.0,3223.57,3223.55,3223.6,ETH
2026-01-07 09:30:08+00:00,8.0,3223.85,3223.79,3223.9,ETH
2026-01-07 09:30:09+00:00,9.0,3223.85,3223.69,3223.92,ETH
2026-01-07 09:30:10+00:00,10.0,3223.8,3223.7,3223.93,ETH
2026-01-07 09:30:11+00:00,11.0,3223.89,3223.82,3223.95,ETH
2026-01-07 09:30:12+00:00,12.0,3224.2,3224.03,3224.26,ETH
2026-01-07 09:30:13+00:00,13.0,3224.45,3224.19,3224.57,ETH
2026-01-07 09:30:14+00:00,14.0,3224.51,3224.24,3224.7,ETH
2026-01-07 09:30:15+00:00,15.0,3224.46,3224.17,3224.62,ETH
2026-01-07 09:30:16+00:00,16.0,3224.33,3224.15,3224.42,ETH
2026-01-07 09:30:17+00:00,17.0,3224.26,3224.12,3224.38,ETH
2026-01-07 09:30:18+00:00,18.0,3224.22,3224.04,3224.38,ETH
2026-01-07 09:30:19+00:00,19.0,3224.22,3224.08,3224.42,ETH
2026-01-07 09:30:20+00:00,20.0,3224.22,3224.1,3224.43,ETH
2026-01-07 09:30:21+00:00,21.0,3224.15,3224.02,3224.37,ETH
2026-01-07 09:30:22+00:00,22.0,3223.93,3223.85,3224.34,ETH
2026-01-07 09:30:23+00:00,23.0,3223.67,3223.42,3223.97,ETH
2026-01-07 09:30:24+00:00,24.0,3223.05,3222.73,3223.06,ETH
2026-01-07 09:30:25+00:00,25.0,3222.51,3222.37,3222.52,ETH
2026-01-07 09:30:26+00:00,26.0,3222.48,3222.35,3222.51,ETH
2026-01-07 09:30:27+00:00,27.0,3222.5,3222.36,3222.54,ETH
2026-01-07 09:30:28+00:00,28.0,3222.51,3222.36,3222.57,ETH
2026-01-07 09:30:29+00:00,29.0,3222.51,3222.38,3222.59,ETH
2026-01-07 09:30:30+00:00,30.0,3222.5,3222.44,3222.63,ETH
2026-01-07 09:30:31+00:00,31.0,3222.76,3222.69,3222.91,ETH
2026-01-07 09:30:32+00:00,32.0,3223.14,3223.06,3223.35,ETH
2026-01-07 09:30:33+00:00,33.0,3223.21,3223.08,3223.36,ETH
2026-01-07 09:30:34+00:00,34.0,3223.07,3222.95,3223.16,ETH
2026-01-07 09:30:35+00:00,35.0,3222.98,3222.93,3223.14,ETH
2026-01-07 09:30:36+00:00,36.0,3222.93,3222.88,3222.99,ETH
2026-01-07 09:30:37+00:00,37.0,3222.93,3222.86,3223.04,ETH
2026-01-07 09:30:38+00:00,38.0,3222.93,3222.86,3223.03,ETH
2026-01-07 09:30:39+00:00,39.0,3223.01,3222.92,3223.05,ETH
2026-01-07 09:30:40+00:00,40.0,3222.99,3222.92,3223.04,ETH
2026-01-07 09:30:41+00:00,41.0,3222.92,3222.78,3222.93,ETH
2026-01-07 09:30:42+00:00,42.0,3222.84,3222.7,3222.93,ETH
2026-01-07 09:30:43+00:00,43.0,3222.88,3222.78,3222.93,ETH
2026-01-07 09:30:44+00:00,44.0,3222.85,3222.79,3222.93,ETH
2026-01-07 09:30:45+00:00,45.0,3222.83,3222.79,3222.93,ETH
2026-01-07 09:30:46+00:00,46.0,3223.15,3222.96,3223.52,ETH
2026-01-07 09:30:47+00:00,47.0,3223.26,3222.84,3223.44,ETH
2026-01-07 09:30:48+00:00,48.0,3222.79,3222.78,3223.07,ETH
2026-01-07 09:30:49+00:00,49.0,3222.6,3222.55,3222.74,ETH
2026-01-07 09:30:50+00:00,50.0,3222.55,3222.51,3222.86,ETH
2026-01-07 09:30:51+00:00,51.0,3222.55,3222.51,3222.86,ETH
2026-01-07 09:30:52+00:00,52.0,3222.11,3222.04,3222.18,ETH
2026-01-07 09:30:53+00:00,53.0,3221.82,3221.61,3222.32,ETH
2026-01-07 09:30:54+00:00,54.0,3221.79,3221.69,3222.23,ETH
2026-01-07 09:30:55+00:00,55.0,3221.14,3220.76,3221.47,ETH
2026-01-07 09:30:56+00:00,56.0,3221.12,3221.11,3221.66,ETH
2026-01-07 09:30:57+00:00,57.0,3221.28,3221.26,3221.89,ETH
2026-01-07 09:30:58+00:00,58.0,3221.48,3221.27,3221.79,ETH
2026-01-07 09:30:59+00:00,59.0,3221.44,3221.33,3221.71,ETH
2026-01-07 09:31:00+00:00,60.0,3221.53,3221.33,3221.77,ETH
2026-01-07 09:31:01+00:00,61.0,3221.57,3221.45,3221.94,ETH
2026-01-07 09:31:02+00:00,62.0,3221.93,3221.77,3222.0,ETH
2026-01-07 09:31:03+00:00,63.0,3221.92,3221.88,3222.0,ETH
2026-01-07 09:31:04+00:00,64.0,3221.99,3221.89,3222.04,ETH
2026-01-07 09:31:05+00:00,65.0,3222.35,3222.31,3222.43,ETH
2026-01-07 09:31:06+00:00,66.0,3222.65,3222.53,3222.66,ETH
2026-01-07 09:31:07+00:00,67.0,3222.6,3222.4,3222.62,ETH
2026-01-07 09:31:08+00:00,68.0,3222.45,3222.37,3222.49,ETH
2026-01-07 09:31:09+00:00,69.0,3222.54,3222.42,3222.63,ETH
2026-01-07 09:31:10+00:00,70.0,3222.58,3222.53,3222.69,ETH
2026-01-07 09:31:11+00:00,71.0,3222.8,3222.72,3223.04,ETH
2026-01-07 09:31:12+00:00,72.0,3223.06,3222.91,3223.14,ETH
2026-01-07 09:31:13+00:00,73.0,3223.11,3223.05,3223.21,ETH
2026-01-07 09:31:14+00:00,74.0,3223.25,3223.18,3223.54,ETH
2026-01-07 09:31:15+00:00,75.0,3223.43,3223.26,3223.53,ETH
2026-01-07 09:31:16+00:00,76.0,3224.16,3224.15,3224.33,ETH
2026-01-07 09:31:17+00:00,77.0,3224.26,3224.0,3224.36,ETH
2026-01-07 09:31:18+00:00,78.0,3223.91,3223.77,3223.93,ETH
2026-01-07 09:31:19+00:00,79.0,3223.78,3223.5,3223.85,ETH
2026-01-07 09:31:20+00:00,80.0,3223.26,3223.15,3223.44,ETH
2026-01-07 09:31:21+00:00,81.0,3223.26,3223.1,3223.43,ETH
2026-01-07 09:31:22+00:00,82.0,3223.26,3223.13,3223.44,ETH
2026-01-07 09:31:23+00:00,83.0,3223.23,3223.15,3223.43,ETH
2026-01-07 09:31:24+00:00,84.0,3223.32,3223.25,3223.52,ETH
2026-01-07 09:31:25+00:00,85.0,3223.39,3223.3,3223.42,ETH
2026-01-07 09:31:26+00:00,86.0,3223.35,3223.29,3223.42,ETH
2026-01-07 09:31:27+00:00,87.0,3223.27,3223.25,3223.35,ETH
2026-01-07 09:31:28+00:00,88.0,3222.58,3222.53,3222.62,ETH
2026-01-07 09:31:29+00:00,89.0,3221.81,3221.75,3221.95,ETH
2026-01-07 09:31:30+00:00,90.0,3221.66,3221.61,3221.9,ETH
2026-01-07 09:31:31+00:00,91.0,3221.65,3221.59,3221.93,ETH
2026-01-07 09:31:32+00:00,92.0,3221.65,3221.6,3221.88,ETH
2026-01-07 09:31:33+00:00,93.0,3221.65,3221.59,3221.86,ETH
2026-01-07 09:31:34+00:00,94.0,3221.66,3221.59,3221.9,ETH
2026-01-07 09:31:35+00:00,95.0,3221.59,3221.56,3221.78,ETH
2026-01-07 09:31:36+00:00,96.0,3221.53,3221.52,3221.66,ETH
2026-01-07 09:31:38+00:00,98.0,3221.54,3221.52,3221.66,ETH
2026-01-07 09:31:39+00:00,99.0,3221.36,3221.3,3221.37,ETH
2026-01-07 09:31:40+00:00,100.0,3221.08,3220.98,3221.1,ETH
2026-01-07 09:31:42+00:00,102.0,3220.87,3220.69,3220.93,ETH
2026-01-07 09:31:43+00:00,103.0,3220.75,3220.66,3220.78,ETH
2026-01-07 09:31:44+00:00,104.0,3220.68,3220.64,3220.76,ETH
2026-01-07 09:31:45+00:00,105.0,3220.67,3220.59,3220.84,ETH
2026-01-07 09:31:46+00:00,106.0,3220.76,3220.64,3220.81,ETH
2026-01-07 09:31:47+00:00,107.0,3220.64,3220.62,3220.71,ETH
2026-01-07 09:31:48+00:00,108.0,3220.62,3220.49,3220.69,ETH
2026-01-07 09:31:49+00:00,109.0,3220.45,3220.27,3220.51,ETH
2026-01-07 09:31:50+00:00,110.0,3220.44,3220.34,3220.47,ETH
2026-01-07 09:31:51+00:00,111.0,3220.4,3220.38,3220.45,ETH
2026-01-07 09:31:52+00:00,112.0,3220.39,3220.33,3220.41,ETH
2026-01-07 09:31:53+00:00,113.0,3220.3,3220.22,3220.33,ETH
2026-01-07 09:31:54+00:00,114.0,3220.16,3220.12,3220.3,ETH
2026-01-07 09:31:55+00:00,115.0,3220.16,3220.12,3220.29,ETH
2026-01-07 09:31:56+00:00,116.0,3220.32,3220.19,3220.41,ETH
2026-01-07 09:31:57+00:00,117.0,3220.55,3220.39,3220.65,ETH
2026-01-07 09:31:58+00:00,118.0,3220.68,3220.59,3220.73,ETH
2026-01-07 09:31:59+00:00,119.0,3220.7,3220.66,3220.76,ETH
2026-01-07 09:32:00+00:00,120.0,3220.75,3220.7,3220.88,ETH
2026-01-07 09:32:01+00:00,121.0,3221.0,3220.95,3221.24,ETH
2026-01-07 09:32:02+00:00,122.0,3221.31,3221.24,3221.47,ETH
2026-01-07 09:32:03+00:00,123.0,3221.39,3221.28,3221.43,ETH
2026-01-07 09:32:04+00:00,124.0,3221.34,3221.26,3221.37,ETH
2026-01-07 09:32:05+00:00,125.0,3221.3,3221.26,3221.38,ETH
2026-01-07 09:32:06+00:00,126.0,3221.3,3221.28,3221.42,ETH
2026-01-07 09:32:07+00:00,127.0,3221.34,3221.31,3221.44,ETH
2026-01-07 09:32:08+00:00,128.0,3221.39,3221.35,3221.48,ETH
2026-01-07 09:32:09+00:00,129.0,3221.37,3221.27,3221.49,ETH
2026-01-07 09:32:10+00:00,130.0,3221.36,3221.28,3221.46,ETH
2026-01-07 09:32:11+00:00,131.0,3221.41,3221.36,3221.45,ETH
2026-01-07 09:32:12+00:00,132.0,3221.39,3221.36,3221.44,ETH
2026-01-07 09:32:13+00:00,133.0,3221.36,3221.32,3221.43,ETH
2026-01-07 09:32:14+00:00,134.0,3221.42,3221.29,3221.49,ETH
2026-01-07 09:32:15+00:00,135.0,3221.35,3221.31,3221.5,ETH
2026-01-07 09:32:16+00:00,136.0,3221.36,3221.35,3221.52,ETH
2026-01-07 09:32:17+00:00,137.0,3221.33,3221.29,3221.41,ETH
2026-01-07 09:32:18+00:00,138.0,3221.31,3221.3,3221.5,ETH
2026-01-07 09:32:19+00:00,139.0,3221.27,3221.08,3221.32,ETH
2026-01-07 09:32:20+00:00,140.0,3221.23,3221.08,3221.31,ETH
2026-01-07 09:32:21+00:00,141.0,3221.2,3221.09,3221.29,ETH
2026-01-07 09:32:22+00:00,142.0,3221.16,3221.09,3221.28,ETH
2026-01-07 09:32:23+00:00,143.0,3221.12,3221.09,3221.26,ETH
2026-01-07 09:32:24+00:00,144.0,3221.16,3221.07,3221.24,ETH
2026-01-07 09:32:25+00:00,145.0,3221.27,3221.17,3221.36,ETH
2026-01-07 09:32:26+00:00,146.0,3221.27,3221.17,3221.32,ETH
2026-01-07 09:32:27+00:00,147.0,3221.26,3221.17,3221.3,ETH
2026-01-07 09:32:28+00:00,148.0,3221.27,3221.17,3221.35,ETH
2026-01-07 09:32:29+00:00,149.0,3221.26,3221.16,3221.3,ETH
2026-01-07 09:32:30+00:00,150.0,3221.03,3221.01,3221.23,ETH
2026-01-07 09:32:31+00:00,151.0,3221.01,3220.99,3221.26,ETH
2026-01-07 09:32:32+00:00,152.0,3221.02,3220.93,3221.32,ETH
2026-01-07 09:32:33+00:00,153.0,3221.34,3221.22,3221.42,ETH
2026-01-07 09:32:34+00:00,154.0,3221.8,3221.76,3222.03,ETH
2026-01-07 09:32:35+00:00,155.0,3222.02,3221.82,3222.08,ETH
2026-01-07 09:32:36+00:00,156.0,3222.02,3221.9,3222.09,ETH
2026-01-07 09:32:38+00:00,158.0,3222.1,3221.99,3222.13,ETH
2026-01-07 09:32:39+00:00,159.0,3222.25,3222.05,3222.34,ETH
2026-01-07 09:32:40+00:00,160.0,3222.1,3222.03,3222.26,ETH
2026-01-07 09:32:41+00:00,161.0,3222.1,3222.03,3222.17,ETH
2026-01-07 09:32:42+00:00,162.0,3222.07,3222.04,3222.19,ETH
2026-01-07 09:32:43+00:00,163.0,3222.16,3222.04,3222.33,ETH
2026-01-07 09:32:44+00:00,164.0,3222.49,3222.35,3222.73,ETH
2026-01-07 09:32:45+00:00,165.0,3222.36,3222.18,3222.4,ETH
2026-01-07 09:32:46+00:00,166.0,3222.3,3222.17,3222.36,ETH
2026-01-07 09:32:47+00:00,167.0,3222.25,3222.15,3222.32,ETH
2026-01-07 09:32:48+00:00,168.0,3222.19,3222.13,3222.27,ETH
2026-01-07 09:32:49+00:00,169.0,3221.82,3221.44,3222.02,ETH
2026-01-07 09:32:50+00:00,170.0,3221.49,3221.44,3221.78,ETH
2026-01-07 09:32:51+00:00,171.0,3221.48,3221.46,3221.61,ETH
2026-01-07 09:32:52+00:00,172.0,3221.48,3221.46,3221.62,ETH
2026-01-07 09:32:53+00:00,173.0,3221.47,3221.46,3221.56,ETH
2026-01-07 09:32:54+00:00,174.0,3221.49,3221.46,3221.58,ETH
2026-01-07 09:32:55+00:00,175.0,3221.49,3221.45,3221.56,ETH
2026-01-07 09:32:56+00:00,176.0,3221.48,3221.42,3221.54,ETH
2026-01-07 09:32:57+00:00,177.0,3221.48,3221.42,3221.56,ETH
2026-01-07 09:32:58+00:00,178.0,3221.62,3221.5,3221.68,ETH
2026-01-07 09:32:59+00:00,179.0,3221.74,3221.59,3221.77,ETH
2026-01-07 09:33:00+00:00,180.0,3221.77,3221.58,3221.84,ETH
2026-01-07 09:33:01+00:00,181.0,3221.56,3221.41,3221.62,ETH
2026-01-07 09:33:02+00:00,182.0,3221.36,3221.3,3221.41,ETH
2026-01-07 09:33:03+00:00,183.0,3221.26,3221.23,3221.33,ETH
2026-01-07 09:33:04+00:00,184.0,3221.14,3221.1,3221.29,ETH
2026-01-07 09:33:05+00:00,185.0,3221.0,3220.87,3221.14,ETH
2026-01-07 09:33:06+00:00,186.0,3220.71,3220.57,3220.76,ETH
2026-01-07 09:33:07+00:00,187.0,3220.42,3220.37,3220.47,ETH
2026-01-07 09:33:08+00:00,188.0,3220.21,3220.07,3220.28,ETH
2026-01-07 09:33:09+00:00,189.0,3219.91,3219.77,3220.07,ETH
2026-01-07 09:33:10+00:00,190.0,3219.73,3219.69,3219.97,ETH
2026-01-07 09:33:11+00:00,191.0,3219.62,3219.55,3219.89,ETH
2026-01-07 09:33:12+00:00,192.0,3219.62,3219.47,3219.83,ETH
2026-01-07 09:33:13+00:00,193.0,3219.69,3219.56,3219.94,ETH
2026-01-07 09:33:14+00:00,194.0,3219.66,3219.51,3219.83,ETH
2026-01-07 09:33:15+00:00,195.0,3219.51,3219.35,3219.57,ETH
2026-01-07 09:33:16+00:00,196.0,3219.39,3219.28,3219.51,ETH
2026-01-07 09:33:17+00:00,197.0,3218.8,3218.73,3218.88,ETH
2026-01-07 09:33:18+00:00,198.0,3218.04,3217.88,3218.1,ETH
2026-01-07 09:33:19+00:00,199.0,3217.83,3217.62,3217.97,ETH
2026-01-07 09:33:20+00:00,200.0,3217.83,3217.63,3218.14,ETH
2026-01-07 09:33:21+00:00,201.0,3217.84,3217.69,3218.34,ETH
2026-01-07 09:33:22+00:00,202.0,3217.86,3217.73,3218.39,ETH
2026-01-07 09:33:23+00:00,203.0,3217.93,3217.66,3218.39,ETH
2026-01-07 09:33:24+00:00,204.0,3217.68,3217.49,3218.13,ETH
2026-01-07 09:33:25+00:00,205.0,3217.49,3217.36,3217.91,ETH
2026-01-07 09:33:26+00:00,206.0,3217.78,3217.6,3218.2,ETH
2026-01-07 09:33:27+00:00,207.0,3217.97,3217.78,3218.22,ETH
2026-01-07 09:33:28+00:00,208.0,3217.72,3217.56,3217.87,ETH
2026-01-07 09:33:29+00:00,209.0,3217.5,3217.38,3217.8,ETH
2026-01-07 09:33:30+00:00,210.0,3217.53,3217.4,3217.81,ETH
2026-01-07 09:33:31+00:00,211.0,3217.53,3217.43,3217.82,ETH
2026-01-07 09:33:32+00:00,212.0,3217.5,3217.44,3217.88,ETH
2026-01-07 09:33:33+00:00,213.0,3217.56,3217.42,3217.89,ETH
2026-01-07 09:33:34+00:00,214.0,3217.81,3217.69,3218.14,ETH
2026-01-07 09:33:36+00:00,216.0,3218.3,3218.19,3218.41,ETH
2026-01-07 09:33:37+00:00,217.0,3218.19,3218.11,3218.48,ETH
2026-01-07 09:33:38+00:00,218.0,3218.19,3218.11,3218.49,ETH
2026-01-07 09:33:39+00:00,219.0,3218.19,3218.12,3218.5,ETH
2026-01-07 09:33:40+00:00,220.0,3218.61,3218.54,3218.67,ETH
2026-01-07 09:33:41+00:00,221.0,3218.57,3218.37,3218.58,ETH
2026-01-07 09:33:42+00:00,222.0,3218.57,3218.36,3218.68,ETH
2026-01-07 09:33:43+00:00,223.0,3218.28,3218.05,3218.36,ETH
2026-01-07 09:33:44+00:00,224.0,3217.87,3217.81,3218.2,ETH
2026-01-07 09:33:45+00:00,225.0,3217.91,3217.87,3218.27,ETH
2026-01-07 09:33:46+00:00,226.0,3218.07,3217.91,3218.12,ETH
2026-01-07 09:33:47+00:00,227.0,3217.96,3217.84,3218.15,ETH
2026-01-07 09:33:48+00:00,228.0,3217.81,3217.75,3218.14,ETH
2026-01-07 09:33:49+00:00,229.0,3217.88,3217.79,3218.14,ETH
2026-01-07 09:33:50+00:00,230.0,3217.97,3217.83,3218.14,ETH
2026-01-07 09:33:51+00:00,231.0,3217.92,3217.81,3218.13,ETH
2026-01-07 09:33:52+00:00,232.0,3217.94,3217.76,3218.08,ETH
2026-01-07 09:33:53+00:00,233.0,3218.05,3217.81,3218.15,ETH
2026-01-07 09:33:54+00:00,234.0,3218.09,3217.97,3218.25,ETH
2026-01-07 09:33:55+00:00,235.0,3218.45,3218.3,3218.68,ETH
2026-01-07 09:33:56+00:00,236.0,3218.78,3218.55,3219.12,ETH
2026-01-07 09:33:57+00:00,237.0,3218.86,3218.73,3219.23,ETH
2026-01-07 09:33:58+00:00,238.0,3218.93,3218.87,3219.22,ETH
2026-01-07 09:33:59+00:00,239.0,3218.9,3218.78,3219.2,ETH
2026-01-07 09:34:00+00:00,240.0,3218.98,3218.87,3219.29,ETH
2026-01-07 09:34:01+00:00,241.0,3219.18,3219.08,3219.43,ETH
2026-01-07 09:34:02+00:00,242.0,3218.78,3218.67,3218.96,ETH
2026-01-07 09:34:03+00:00,243.0,3218.2,3218.1,3218.33,ETH
2026-01-07 09:34:04+00:00,244.0,3218.1,3218.0,3218.18,ETH
2026-01-07 09:34:05+00:00,245.0,3218.06,3217.99,3218.09,ETH
2026-01-07 09:34:06+00:00,246.0,3217.87,3217.76,3217.89,ETH
2026-01-07 09:34:07+00:00,247.0,3217.68,3217.53,3217.71,ETH
2026-01-07 09:34:08+00:00,248.0,3217.7,3217.55,3217.75,ETH
2026-01-07 09:34:09+00:00,249.0,3217.75,3217.61,3217.8,ETH
2026-01-07 09:34:10+00:00,250.0,3217.66,3217.56,3217.74,ETH
2026-01-07 09:34:11+00:00,251.0,3217.57,3217.5,3217.67,ETH
2026-01-07 09:34:12+00:00,252.0,3217.51,3217.47,3217.53,ETH
2026-01-07 09:34:13+00:00,253.0,3217.82,3217.66,3217.91,ETH
2026-01-07 09:34:14+00:00,254.0,3217.82,3217.76,3217.91,ETH
2026-01-07 09:34:15+00:00,255.0,3218.11,3217.94,3218.16,ETH
2026-01-07 09:34:16+00:00,256.0,3218.37,3218.15,3218.62,ETH
2026-01-07 09:34:17+00:00,257.0,3218.69,3218.51,3218.74,ETH
2026-01-07 09:34:18+00:00,258.0,3218.7,3218.58,3218.7,ETH
2026-01-07 09:34:19+00:00,259.0,3218.83,3218.61,3218.91,ETH
2026-01-07 09:34:20+00:00,260.0,3218.92,3218.69,3219.09,ETH
2026-01-07 09:34:21+00:00,261.0,3218.86,3218.64,3218.98,ETH
2026-01-07 09:34:22+00:00,262.0,3218.43,3218.16,3218.47,ETH
2026-01-07 09:34:23+00:00,263.0,3217.57,3217.33,3217.63,ETH
2026-01-07 09:34:24+00:00,264.0,3217.03,3216.92,3217.22,ETH
2026-01-07 09:34:25+00:00,265.0,3216.94,3216.89,3217.12,ETH
2026-01-07 09:34:26+00:00,266.0,3216.92,3216.84,3217.0,ETH
2026-01-07 09:34:27+00:00,267.0,3217.03,3216.87,3217.15,ETH
2026-01-07 09:34:28+00:00,268.0,3217.18,3217.07,3217.44,ETH
2026-01-07 09:34:29+00:00,269.0,3217.24,3217.21,3217.47,ETH
2026-01-07 09:34:30+00:00,270.0,3217.46,3217.34,3217.64,ETH
2026-01-07 09:34:31+00:00,271.0,3217.65,3217.53,3217.99,ETH
2026-01-07 09:34:32+00:00,272.0,3217.65,3217.61,3217.98,ETH
2026-01-07 09:34:33+00:00,273.0,3217.76,3217.69,3218.05,ETH
2026-01-07 09:34:34+00:00,274.0,3217.96,3217.82,3218.12,ETH
2026-01-07 09:34:35+00:00,275.0,3218.06,3217.9,3218.1,ETH
2026-01-07 09:34:36+00:00,276.0,3217.82,3217.76,3217.86,ETH
2026-01-07 09:34:37+00:00,277.0,3217.74,3217.69,3217.83,ETH
2026-01-07 09:34:38+00:00,278.0,3217.63,3217.62,3217.91,ETH
2026-01-07 09:34:39+00:00,279.0,3217.79,3217.64,3217.85,ETH
2026-01-07 09:34:40+00:00,280.0,3217.82,3217.68,3217.87,ETH
2026-01-07 09:34:41+00:00,281.0,3217.79,3217.68,3217.82,ETH
2026-01-07 09:34:42+00:00,282.0,3217.93,3217.75,3218.0,ETH
2026-01-07 09:34:43+00:00,283.0,3218.19,3218.18,3218.31,ETH
2026-01-07 09:34:44+00:00,284.0,3218.47,3218.39,3218.61,ETH
2026-01-07 09:34:45+00:00,285.0,3218.47,3218.39,3218.54,ETH
2026-01-07 09:34:46+00:00,286.0,3218.47,3218.39,3218.5,ETH
2026-01-07 09:34:47+00:00,287.0,3218.46,3218.42,3218.55,ETH
2026-01-07 09:34:48+00:00,288.0,3218.44,3218.42,3218.62,ETH
2026-01-07 09:34:49+00:00,289.0,3218.45,3218.42,3218.53,ETH
2026-01-07 09:34:50+00:00,290.0,3218.68,3218.45,3219.03,ETH
2026-01-07 09:34:51+00:00,291.0,3218.73,3218.72,3219.03,ETH
2026-01-07 09:34:52+00:00,292.0,3219.29,3219.19,3219.47,ETH
2026-01-07 09:34:53+00:00,293.0,3219.47,3219.24,3219.62,ETH
2026-01-07 09:34:54+00:00,294.0,3219.5,3219.28,3219.55,ETH
2026-01-07 09:34:55+00:00,295.0,3219.14,3218.94,3219.15,ETH
2026-01-07 09:34:56+00:00,296.0,3218.42,3218.37,3218.57,ETH
2026-01-07 09:34:57+00:00,297.0,3218.27,3218.22,3218.33,ETH
2026-01-07 09:34:58+00:00,298.0,3217.96,3217.9,3218.2,ETH
2026-01-07 09:34:59+00:00,299.0,3218.22,3218.2,3218.38,ETH
2026-01-07 09:35:00+00:00,300.0,3218.22,3218.2,3218.33,ETH
2026-01-07 09:35:01+00:00,301.0,3218.07,3218.05,3218.27,ETH
2026-01-07 09:35:02+00:00,302.0,3217.89,3217.88,3218.14,ETH
2026-01-07 09:35:03+00:00,303.0,3217.89,3217.88,3218.28,ETH
2026-01-07 09:35:04+00:00,304.0,3217.89,3217.88,3218.23,ETH
2026-01-07 09:35:05+00:00,305.0,3217.89,3217.88,3217.97,ETH
2026-01-07 09:35:06+00:00,306.0,3218.05,3217.87,3218.12,ETH
2026-01-07 09:35:07+00:00,307.0,3217.89,3217.78,3217.9,ETH
2026-01-07 09:35:08+00:00,308.0,3217.89,3217.83,3218.24,ETH
2026-01-07 09:35:09+00:00,309.0,3218.01,3217.89,3218.15,ETH
2026-01-07 09:35:10+00:00,310.0,3218.11,3217.9,3218.24,ETH
2026-01-07 09:35:11+00:00,311.0,3218.08,3217.93,3218.12,ETH
2026-01-07 09:35:12+00:00,312.0,3217.93,3217.88,3218.13,ETH
2026-01-07 09:35:13+00:00,313.0,3217.91,3217.88,3218.08,ETH
2026-01-07 09:35:14+00:00,314.0,3217.89,3217.87,3218.04,ETH
2026-01-07 09:35:15+00:00,315.0,3217.9,3217.88,3218.2,ETH
2026-01-07 09:35:16+00:00,316.0,3217.9,3217.88,3218.07,ETH
2026-01-07 09:35:17+00:00,317.0,3217.93,3217.88,3218.04,ETH
2026-01-07 09:35:18+00:00,318.0,3217.89,3217.87,3218.17,ETH
2026-01-07 09:35:19+00:00,319.0,3217.89,3217.87,3218.07,ETH
2026-01-07 09:35:20+00:00,320.0,3217.96,3217.88,3218.16,ETH
2026-01-07 09:35:21+00:00,321.0,3217.95,3217.91,3218.16,ETH
2026-01-07 09:35:22+00:00,322.0,3218.05,3217.91,3218.26,ETH
2026-01-07 09:35:23+00:00,323.0,3218.07,3217.92,3218.11,ETH
2026-01-07 09:35:24+00:00,324.0,3218.04,3218.01,3218.28,ETH
2026-01-07 09:35:25+00:00,325.0,3218.04,3218.01,3218.09,ETH
2026-01-07 09:35:26+00:00,326.0,3218.04,3218.0,3218.34,ETH
2026-01-07 09:35:27+00:00,327.0,3218.28,3218.24,3218.61,ETH
2026-01-07 09:35:28+00:00,328.0,3218.92,3218.54,3218.93,ETH
2026-01-07 09:35:29+00:00,329.0,3218.92,3218.74,3219.04,ETH
2026-01-07 09:35:30+00:00,330.0,3218.92,3218.8,3219.1,ETH
2026-01-07 09:35:31+00:00,331.0,3219.08,3218.81,3219.3,ETH
2026-01-07 09:35:32+00:00,332.0,3219.34,3219.3,3219.38,ETH
2026-01-07 09:35:33+00:00,333.0,3219.3,3219.24,3219.36,ETH
2026-01-07 09:35:34+00:00,334.0,3219.53,3219.37,3219.64,ETH
2026-01-07 09:35:35+00:00,335.0,3219.63,3219.5,3219.68,ETH
2026-01-07 09:35:36+00:00,336.0,3219.64,3219.42,3219.68,ETH
2026-01-07 09:35:37+00:00,337.0,3219.64,3219.43,3219.8,ETH
2026-01-07 09:35:38+00:00,338.0,3219.64,3219.42,3219.73,ETH
2026-01-07 09:35:39+00:00,339.0,3219.63,3219.42,3219.75,ETH
2026-01-07 09:35:40+00:00,340.0,3219.55,3219.37,3219.79,ETH
2026-01-07 09:35:41+00:00,341.0,3219.68,3219.59,3219.78,ETH
2026-01-07 09:35:42+00:00,342.0,3219.95,3219.86,3220.15,ETH
2026-01-07 09:35:43+00:00,343.0,3220.28,3220.12,3220.51,ETH
2026-01-07 09:35:44+00:00,344.0,3220.45,3220.27,3220.69,ETH
2026-01-07 09:35:45+00:00,345.0,3220.03,3219.84,3220.2,ETH
2026-01-07 09:35:46+00:00,346.0,3219.41,3219.21,3219.52,ETH
2026-01-07 09:35:47+00:00,347.0,3219.3,3219.11,3219.42,ETH
2026-01-07 09:35:48+00:00,348.0,3219.18,3219.11,3219.28,ETH
2026-01-07 09:35:49+00:00,349.0,3219.03,3219.0,3219.09,ETH
2026-01-07 09:35:50+00:00,350.0,3219.14,3218.96,3219.25,ETH
2026-01-07 09:35:51+00:00,351.0,3219.09,3219.06,3219.21,ETH
2026-01-07 09:35:52+00:00,352.0,3219.07,3219.06,3219.29,ETH
2026-01-07 09:35:53+00:00,353.0,3219.06,3219.05,3219.37,ETH
2026-01-07 09:35:54+00:00,354.0,3219.02,3219.01,3219.28,ETH
2026-01-07 09:35:55+00:00,355.0,3219.0,3218.98,3219.29,ETH
2026-01-07 09:35:56+00:00,356.0,3219.13,3219.05,3219.38,ETH
2026-01-07 09:35:57+00:00,357.0,3219.25,3219.14,3219.41,ETH
2026-01-07 09:35:58+00:00,358.0,3219.3,3219.18,3219.37,ETH
2026-01-07 09:35:59+00:00,359.0,3219.28,3219.18,3219.43,ETH
2026-01-07 09:36:00+00:00,360.0,3219.23,3219.17,3219.42,ETH
2026-01-07 09:36:01+00:00,361.0,3219.29,3219.19,3219.38,ETH
2026-01-07 09:36:02+00:00,362.0,3219.39,3219.27,3219.44,ETH
2026-01-07 09:36:03+00:00,363.0,3219.54,3219.43,3219.59,ETH
2026-01-07 09:36:04+00:00,364.0,3219.64,3219.53,3219.69,ETH
2026-01-07 09:36:05+00:00,365.0,3219.69,3219.57,3219.71,ETH
2026-01-07 09:36:06+00:00,366.0,3219.99,3219.79,3220.03,ETH
2026-01-07 09:36:07+00:00,367.0,3220.29,3220.07,3220.34,ETH
2026-01-07 09:36:08+00:00,368.0,3220.23,3219.99,3220.25,ETH
2026-01-07 09:36:09+00:00,369.0,3219.95,3219.71,3219.97,ETH
2026-01-07 09:36:10+00:00,370.0,3219.78,3219.61,3219.79,ETH
2026-01-07 09:36:11+00:00,371.0,3219.6,3219.55,3219.65,ETH
2026-01-07 09:36:12+00:00,372.0,3219.6,3219.55,3219.63,ETH
2026-01-07 09:36:13+00:00,373.0,3219.62,3219.55,3219.84,ETH
2026-01-07 09:36:14+00:00,374.0,3217.42,3217.37,3218.13,ETH
2026-01-07 09:36:15+00:00,375.0,3217.03,3216.96,3217.08,ETH
2026-01-07 09:36:16+00:00,376.0,3216.97,3216.91,3217.38,ETH
2026-01-07 09:36:17+00:00,377.0,3216.97,3216.9,3217.35,ETH
2026-01-07 09:36:18+00:00,378.0,3216.97,3216.92,3217.36,ETH
2026-01-07 09:36:19+00:00,379.0,3216.84,3216.82,3217.25,ETH
2026-01-07 09:36:20+00:00,380.0,3217.45,3217.2,3217.45,ETH
2026-01-07 09:36:21+00:00,381.0,3217.51,3217.32,3217.88,ETH
2026-01-07 09:36:22+00:00,382.0,3217.49,3217.43,3217.86,ETH
2026-01-07 09:36:23+00:00,383.0,3217.48,3217.35,3217.85,ETH
2026-01-07 09:36:24+00:00,384.0,3217.55,3217.5,3218.0,ETH
2026-01-07 09:36:25+00:00,385.0,3217.67,3217.6,3218.09,ETH
2026-01-07 09:36:26+00:00,386.0,3217.88,3217.84,3217.91,ETH
2026-01-07 09:36:27+00:00,387.0,3218.0,3217.85,3218.27,ETH
2026-01-07 09:36:28+00:00,388.0,3218.02,3217.85,3218.2,ETH
2026-01-07 09:36:29+00:00,389.0,3217.92,3217.83,3217.92,ETH
2026-01-07 09:36:30+00:00,390.0,3217.97,3217.85,3218.02,ETH
2026-01-07 09:36:31+00:00,391.0,3218.0,3217.85,3218.04,ETH
2026-01-07 09:36:32+00:00,392.0,3217.82,3217.54,3217.85,ETH
2026-01-07 09:36:33+00:00,393.0,3217.32,3217.23,3217.4,ETH
2026-01-07 09:36:34+00:00,394.0,3217.32,3217.17,3217.45,ETH
2026-01-07 09:36:35+00:00,395.0,3217.32,3217.18,3217.42,ETH
2026-01-07 09:36:36+00:00,396.0,3217.32,3217.19,3217.39,ETH
2026-01-07 09:36:37+00:00,397.0,3217.3,3217.14,3217.35,ETH
2026-01-07 09:36:38+00:00,398.0,3217.23,3217.1,3217.35,ETH
2026-01-07 09:36:39+00:00,399.0,3217.2,3217.1,3217.34,ETH
2026-01-07 09:36:40+00:00,400.0,3217.26,3217.18,3217.46,ETH
2026-01-07 09:36:41+00:00,401.0,3217.39,3217.31,3217.55,ETH
2026-01-07 09:36:42+00:00,402.0,3217.45,3217.31,3217.47,ETH
2026-01-07 09:36:43+00:00,403.0,3217.42,3217.26,3217.49,ETH
2026-01-07 09:36:44+00:00,404.0,3217.38,3217.26,3217.48,ETH
2026-01-07 09:36:45+00:00,405.0,3217.32,3217.26,3217.42,ETH
2026-01-07 09:36:46+00:00,406.0,3217.3,3217.26,3217.37,ETH
2026-01-07 09:36:47+00:00,407.0,3217.28,3217.26,3217.33,ETH
2026-01-07 09:36:48+00:00,408.0,3217.27,3217.22,3217.39,ETH
2026-01-07 09:36:49+00:00,409.0,3217.27,3217.21,3217.41,ETH
2026-01-07 09:36:50+00:00,410.0,3217.37,3217.29,3217.45,ETH
2026-01-07 09:36:51+00:00,411.0,3217.46,3217.33,3217.53,ETH
2026-01-07 09:36:52+00:00,412.0,3217.43,3217.33,3217.53,ETH
2026-01-07 09:36:54+00:00,414.0,3217.19,3217.13,3217.24,ETH
2026-01-07 09:36:55+00:00,415.0,3217.19,3217.15,3217.24,ETH
2026-01-07 09:36:56+00:00,416.0,3217.27,3217.2,3217.36,ETH
2026-01-07 09:36:57+00:00,417.0,3217.35,3217.28,3217.47,ETH
2026-01-07 09:36:58+00:00,418.0,3217.4,3217.29,3217.41,ETH
2026-01-07 09:36:59+00:00,419.0,3217.46,3217.41,3217.59,ETH
2026-01-07 09:37:00+00:00,420.0,3217.22,3217.14,3217.48,ETH
2026-01-07 09:37:01+00:00,421.0,3216.94,3216.76,3217.19,ETH
2026-01-07 09:37:02+00:00,422.0,3216.85,3216.65,3216.99,ETH
2026-01-07 09:37:03+00:00,423.0,3216.79,3216.63,3217.0,ETH
2026-01-07 09:37:04+00:00,424.0,3216.79,3216.63,3217.0,ETH
2026-01-07 09:37:05+00:00,425.0,3216.78,3216.62,3216.96,ETH
2026-01-07 09:37:06+00:00,426.0,3216.73,3216.62,3216.85,ETH
2026-01-07 09:37:07+00:00,427.0,3216.64,3216.59,3216.79,ETH
2026-01-07 09:37:08+00:00,428.0,3216.53,3216.51,3216.76,ETH
2026-01-07 09:37:09+00:00,429.0,3216.01,3215.99,3216.19,ETH
2026-01-07 09:37:10+00:00,430.0,3215.62,3215.6,3215.86,ETH
2026-01-07 09:37:11+00:00,431.0,3215.85,3215.77,3216.08,ETH
2026-01-07 09:37:12+00:00,432.0,3215.97,3215.82,3216.08,ETH
2026-01-07 09:37:13+00:00,433.0,3215.86,3215.76,3216.02,ETH
2026-01-07 09:37:14+00:00,434.0,3215.86,3215.77,3216.09,ETH
2026-01-07 09:37:15+00:00,435.0,3215.95,3215.86,3216.19,ETH
2026-01-07 09:37:16+00:00,436.0,3215.96,3215.85,3216.09,ETH
2026-01-07 09:37:17+00:00,437.0,3215.92,3215.77,3215.96,ETH
2026-01-07 09:37:18+00:00,438.0,3215.9,3215.77,3215.99,ETH
2026-01-07 09:37:19+00:00,439.0,3215.9,3215.78,3216.07,ETH
2026-01-07 09:37:20+00:00,440.0,3215.85,3215.79,3216.0,ETH
2026-01-07 09:37:21+00:00,441.0,3215.84,3215.79,3215.99,ETH
2026-01-07 09:37:22+00:00,442.0,3215.84,3215.79,3216.09,ETH
2026-01-07 09:37:23+00:00,443.0,3215.88,3215.79,3216.11,ETH
2026-01-07 09:37:24+00:00,444.0,3215.86,3215.79,3216.06,ETH
2026-01-07 09:37:25+00:00,445.0,3215.81,3215.76,3216.01,ETH
2026-01-07 09:37:26+00:00,446.0,3215.81,3215.72,3216.02,ETH
2026-01-07 09:37:27+00:00,447.0,3215.88,3215.77,3216.08,ETH
2026-01-07 09:37:28+00:00,448.0,3215.95,3215.86,3216.15,ETH
2026-01-07 09:37:29+00:00,449.0,3215.93,3215.87,3216.11,ETH
2026-01-07 09:37:30+00:00,450.0,3215.91,3215.81,3216.1,ETH
2026-01-07 09:37:31+00:00,451.0,3215.94,3215.8,3216.13,ETH
2026-01-07 09:37:32+00:00,452.0,3215.96,3215.83,3216.14,ETH
2026-01-07 09:37:33+00:00,453.0,3215.95,3215.85,3216.13,ETH
2026-01-07 09:37:34+00:00,454.0,3215.95,3215.84,3216.11,ETH
2026-01-07 09:37:35+00:00,455.0,3215.95,3215.83,3216.13,ETH
2026-01-07 09:37:36+00:00,456.0,3215.95,3215.83,3216.15,ETH
2026-01-07 09:37:37+00:00,457.0,3215.95,3215.83,3216.15,ETH
2026-01-07 09:37:38+00:00,458.0,3216.3,3216.17,3216.43,ETH
2026-01-07 09:37:39+00:00,459.0,3216.65,3216.54,3216.73,ETH
2026-01-07 09:37:40+00:00,460.0,3216.64,3216.55,3216.76,ETH
2026-01-07 09:37:41+00:00,461.0,3216.65,3216.57,3216.81,ETH
2026-01-07 09:37:42+00:00,462.0,3216.65,3216.51,3216.79,ETH
2026-01-07 09:37:43+00:00,463.0,3216.63,3216.42,3216.73,ETH
2026-01-07 09:37:44+00:00,464.0,3216.63,3216.47,3216.74,ETH
2026-01-07 09:37:45+00:00,465.0,3216.63,3216.54,3216.75,ETH
2026-01-07 09:37:46+00:00,466.0,3216.54,3216.49,3216.63,ETH
2026-01-07 09:37:47+00:00,467.0,3216.43,3216.38,3216.5,ETH
2026-01-07 09:37:48+00:00,468.0,3216.39,3216.35,3216.44,ETH
2026-01-07 09:37:49+00:00,469.0,3216.39,3216.33,3216.43,ETH
2026-01-07 09:37:50+00:00,470.0,3216.41,3216.34,3216.46,ETH
2026-01-07 09:37:51+00:00,471.0,3216.36,3216.31,3216.45,ETH
2026-01-07 09:37:52+00:00,472.0,3216.3,3216.27,3216.42,ETH
2026-01-07 09:37:53+00:00,473.0,3216.34,3216.28,3216.42,ETH
2026-01-07 09:37:54+00:00,474.0,3216.37,3216.27,3216.42,ETH
2026-01-07 09:37:55+00:00,475.0,3216.32,3216.23,3216.42,ETH
2026-01-07 09:37:56+00:00,476.0,3216.1,3216.05,3216.23,ETH
2026-01-07 09:37:57+00:00,477.0,3215.91,3215.87,3215.97,ETH
2026-01-07 09:37:58+00:00,478.0,3215.78,3215.75,3215.89,ETH
2026-01-07 09:37:59+00:00,479.0,3215.66,3215.63,3215.8,ETH
2026-01-07 09:38:00+00:00,480.0,3215.58,3215.54,3215.69,ETH
2026-01-07 09:38:01+00:00,481.0,3215.71,3215.66,3215.88,ETH
2026-01-07 09:38:02+00:00,482.0,3215.99,3215.93,3216.1,ETH
2026-01-07 09:38:03+00:00,483.0,3215.94,3215.88,3216.03,ETH
2026-01-07 09:38:04+00:00,484.0,3215.75,3215.59,3215.91,ETH
2026-01-07 09:38:05+00:00,485.0,3215.61,3215.44,3215.78,ETH
2026-01-07 09:38:06+00:00,486.0,3215.52,3215.4,3215.65,ETH
2026-01-07 09:38:07+00:00,487.0,3215.47,3215.36,3215.62,ETH
2026-01-07 09:38:08+00:00,488.0,3215.43,3215.36,3215.59,ETH
2026-01-07 09:38:09+00:00,489.0,3215.57,3215.47,3215.74,ETH
2026-01-07 09:38:10+00:00,490.0,3215.74,3215.57,3215.88,ETH
2026-01-07 09:38:11+00:00,491.0,3215.72,3215.56,3215.84,ETH
2026-01-07 09:38:12+00:00,492.0,3215.66,3215.56,3215.86,ETH
2026-01-07 09:38:13+00:00,493.0,3215.64,3215.54,3215.76,ETH
2026-01-07 09:38:14+00:00,494.0,3215.64,3215.54,3215.74,ETH
2026-01-07 09:38:15+00:00,495.0,3215.66,3215.56,3215.85,ETH
2026-01-07 09:38:16+00:00,496.0,3215.67,3215.55,3215.79,ETH
2026-01-07 09:38:17+00:00,497.0,3215.81,3215.73,3215.93,ETH
2026-01-07 09:38:18+00:00,498.0,3215.97,3215.93,3216.13,ETH
2026-01-07 09:38:19+00:00,499.0,3216.01,3215.89,3216.1,ETH
2026-01-07 09:38:20+00:00,500.0,3216.02,3215.82,3216.08,ETH
2026-01-07 09:38:21+00:00,501.0,3215.94,3215.8,3215.99,ETH
2026-01-07 09:38:22+00:00,502.0,3215.77,3215.65,3215.82,ETH
2026-01-07 09:38:23+00:00,503.0,3215.66,3215.52,3215.78,ETH
2026-01-07 09:38:24+00:00,504.0,3215.62,3215.5,3215.82,ETH
2026-01-07 09:38:25+00:00,505.0,3215.58,3215.51,3215.81,ETH
2026-01-07 09:38:26+00:00,506.0,3215.58,3215.51,3215.73,ETH
2026-01-07 09:38:27+00:00,507.0,3215.55,3215.5,3215.79,ETH
2026-01-07 09:38:28+00:00,508.0,3215.59,3215.53,3215.88,ETH
2026-01-07 09:38:29+00:00,509.0,3215.7,3215.62,3215.8,ETH
2026-01-07 09:38:30+00:00,510.0,3215.73,3215.68,3215.77,ETH
2026-01-07 09:38:31+00:00,511.0,3215.73,3215.69,3215.78,ETH
2026-01-07 09:38:32+00:00,512.0,3215.75,3215.69,3215.91,ETH
2026-01-07 09:38:33+00:00,513.0,3215.94,3215.72,3216.21,ETH
2026-01-07 09:38:34+00:00,514.0,3216.14,3215.96,3216.37,ETH
2026-01-07 09:38:35+00:00,515.0,3216.24,3216.16,3216.4,ETH
2026-01-07 09:38:36+00:00,516.0,3216.3,3216.16,3216.44,ETH
2026-01-07 09:38:37+00:00,517.0,3216.37,3216.33,3216.59,ETH
2026-01-07 09:38:38+00:00,518.0,3216.59,3216.54,3216.64,ETH
2026-01-07 09:38:39+00:00,519.0,3216.69,3216.59,3216.76,ETH
2026-01-07 09:38:40+00:00,520.0,3217.14,3217.01,3217.22,ETH
2026-01-07 09:38:41+00:00,521.0,3217.11,3217.02,3217.29,ETH
2026-01-07 09:38:42+00:00,522.0,3217.15,3217.06,3217.29,ETH
2026-01-07 09:38:43+00:00,523.0,3217.17,3217.06,3217.27,ETH
2026-01-07 09:38:44+00:00,524.0,3217.11,3217.06,3217.25,ETH
2026-01-07 09:38:45+00:00,525.0,3217.08,3216.96,3217.11,ETH
2026-01-07 09:38:46+00:00,526.0,3216.97,3216.8,3217.2,ETH
2026-01-07 09:38:47+00:00,527.0,3216.97,3216.8,3217.17,ETH
2026-01-07 09:38:48+00:00,528.0,3216.97,3216.79,3217.24,ETH
2026-01-07 09:38:49+00:00,529.0,3216.97,3216.91,3217.21,ETH
2026-01-07 09:38:50+00:00,530.0,3216.97,3216.93,3217.22,ETH
2026-01-07 09:38:51+00:00,531.0,3217.03,3216.92,3217.2,ETH
2026-01-07 09:38:52+00:00,532.0,3217.1,3216.99,3217.35,ETH
2026-01-07 09:38:53+00:00,533.0,3217.17,3217.08,3217.21,ETH
2026-01-07 09:38:54+00:00,534.0,3217.24,3217.09,3217.28,ETH
2026-01-07 09:38:55+00:00,535.0,3217.32,3217.16,3217.44,ETH
2026-01-07 09:38:56+00:00,536.0,3217.27,3217.13,3217.38,ETH
2026-01-07 09:38:57+00:00,537.0,3217.16,3217.09,3217.28,ETH
2026-01-07 09:38:58+00:00,538.0,3217.17,3217.11,3217.29,ETH
2026-01-07 09:38:59+00:00,539.0,3217.21,3217.14,3217.31,ETH
2026-01-07 09:39:00+00:00,540.0,3217.17,3217.12,3217.19,ETH
2026-01-07 09:39:01+00:00,541.0,3217.16,3217.1,3217.27,ETH
2026-01-07 09:39:02+00:00,542.0,3216.51,3216.33,3216.92,ETH
2026-01-07 09:39:03+00:00,543.0,3215.57,3215.32,3216.06,ETH
2026-01-07 09:39:04+00:00,544.0,3215.3,3215.11,3215.59,ETH
2026-01-07 09:39:05+00:00,545.0,3215.31,3215.12,3215.5,ETH
2026-01-07 09:39:06+00:00,546.0,3215.31,3215.12,3215.48,ETH
2026-01-07 09:39:07+00:00,547.0,3215.31,3215.09,3215.45,ETH
2026-01-07 09:39:08+00:00,548.0,3215.28,3215.06,3215.43,ETH
2026-01-07 09:39:09+00:00,549.0,3215.25,3215.06,3215.44,ETH
2026-01-07 09:39:10+00:00,550.0,3215.21,3215.07,3215.34,ETH
2026-01-07 09:39:11+00:00,551.0,3215.17,3215.06,3215.25,ETH
2026-01-07 09:39:12+00:00,552.0,3215.19,3215.08,3215.27,ETH
2026-01-07 09:39:13+00:00,553.0,3215.21,3215.1,3215.26,ETH
2026-01-07 09:39:14+00:00,554.0,3215.22,3215.11,3215.26,ETH
2026-01-07 09:39:15+00:00,555.0,3214.92,3214.85,3214.95,ETH
2026-01-07 09:39:16+00:00,556.0,3214.52,3214.45,3214.55,ETH
2026-01-07 09:39:17+00:00,557.0,3214.37,3214.31,3214.44,ETH
2026-01-07 09:39:18+00:00,558.0,3214.39,3214.31,3214.48,ETH
2026-01-07 09:39:19+00:00,559.0,3214.47,3214.32,3214.56,ETH
2026-01-07 09:39:20+00:00,560.0,3214.45,3214.33,3214.58,ETH
2026-01-07 09:39:21+00:00,561.0,3214.15,3214.01,3214.29,ETH
2026-01-07 09:39:22+00:00,562.0,3213.42,3213.2,3213.68,ETH
2026-01-07 09:39:23+00:00,563.0,3212.97,3212.69,3213.23,ETH
2026-01-07 09:39:24+00:00,564.0,3212.89,3212.72,3213.17,ETH
2026-01-07 09:39:25+00:00,565.0,3212.81,3212.79,3213.23,ETH
2026-01-07 09:39:26+00:00,566.0,3213.02,3212.81,3213.35,ETH
2026-01-07 09:39:27+00:00,567.0,3213.18,3212.95,3213.35,ETH
2026-01-07 09:39:28+00:00,568.0,3213.18,3212.92,3213.39,ETH
2026-01-07 09:39:29+00:00,569.0,3213.03,3212.55,3213.04,ETH
2026-01-07 09:39:30+00:00,570.0,3212.18,3212.08,3212.23,ETH
2026-01-07 09:39:31+00:00,571.0,3211.98,3211.77,3212.2,ETH
2026-01-07 09:39:32+00:00,572.0,3212.15,3211.86,3212.41,ETH
2026-01-07 09:39:33+00:00,573.0,3212.24,3212.05,3212.61,ETH
2026-01-07 09:39:34+00:00,574.0,3212.31,3211.93,3212.54,ETH
2026-01-07 09:39:35+00:00,575.0,3212.08,3211.61,3212.26,ETH
2026-01-07 09:39:36+00:00,576.0,3211.82,3211.53,3212.11,ETH
2026-01-07 09:39:37+00:00,577.0,3211.86,3211.57,3212.1,ETH
2026-01-07 09:39:38+00:00,578.0,3211.93,3211.67,3212.16,ETH
2026-01-07 09:39:39+00:00,579.0,3212.0,3211.74,3212.2,ETH
2026-01-07 09:39:40+00:00,580.0,3212.17,3211.89,3212.34,ETH
2026-01-07 09:39:41+00:00,581.0,3211.98,3211.74,3212.23,ETH
2026-01-07 09:39:42+00:00,582.0,3211.71,3211.5,3212.04,ETH
2026-01-07 09:39:43+00:00,583.0,3211.74,3211.59,3211.93,ETH
2026-01-07 09:39:44+00:00,584.0,3211.71,3211.62,3211.75,ETH
2026-01-07 09:39:45+00:00,585.0,3211.66,3211.6,3211.71,ETH
2026-01-07 09:39:46+00:00,586.0,3211.54,3211.24,3211.57,ETH
2026-01-07 09:39:47+00:00,587.0,3210.97,3210.67,3211.01,ETH
2026-01-07 09:39:48+00:00,588.0,3210.37,3210.28,3210.48,ETH
2026-01-07 09:39:49+00:00,589.0,3210.24,3210.11,3210.42,ETH
2026-01-07 09:39:50+00:00,590.0,3210.17,3209.99,3210.42,ETH
2026-01-07 09:39:51+00:00,591.0,3210.43,3210.3,3210.65,ETH
2026-01-07 09:39:52+00:00,592.0,3210.69,3210.62,3210.88,ETH
2026-01-07 09:39:53+00:00,593.0,3210.55,3210.36,3210.67,ETH
2026-01-07 09:39:54+00:00,594.0,3210.49,3210.38,3210.65,ETH
2026-01-07 09:39:55+00:00,595.0,3210.74,3210.45,3210.9,ETH
2026-01-07 09:39:56+00:00,596.0,3210.87,3210.73,3211.02,ETH
2026-01-07 09:39:57+00:00,597.0,3210.87,3210.72,3211.05,ETH
2026-01-07 09:39:58+00:00,598.0,3210.82,3210.63,3210.86,ETH
2026-01-07 09:39:59+00:00,599.0,3210.78,3210.76,3211.24,ETH
2026-01-07 09:40:00+00:00,600.0,3210.95,3210.78,3211.09,ETH
2026-01-07 09:40:01+00:00,601.0,3210.92,3210.78,3211.24,ETH
2026-01-07 09:40:02+00:00,602.0,3210.18,3209.86,3210.27,ETH
2026-01-07 09:40:03+00:00,603.0,3209.86,3209.82,3210.24,ETH
2026-01-07 09:40:04+00:00,604.0,3209.55,3209.44,3209.61,ETH
2026-01-07 09:40:05+00:00,605.0,3209.46,3209.37,3209.84,ETH
2026-01-07 09:40:06+00:00,606.0,3209.73,3209.38,3210.11,ETH
2026-01-07 09:40:07+00:00,607.0,3209.71,3209.44,3209.88,ETH
2026-01-07 09:40:08+00:00,608.0,3209.69,3209.46,3209.89,ETH
2026-01-07 09:40:09+00:00,609.0,3209.67,3209.48,3209.91,ETH
2026-01-07 09:40:10+00:00,610.0,3209.67,3209.48,3210.06,ETH
2026-01-07 09:40:11+00:00,611.0,3210.08,3209.79,3210.34,ETH
2026-01-07 09:40:12+00:00,612.0,3210.44,3210.23,3210.75,ETH
2026-01-07 09:40:13+00:00,613.0,3209.52,3209.33,3209.7,ETH
2026-01-07 09:40:14+00:00,614.0,3208.84,3208.56,3209.05,ETH
2026-01-07 09:40:15+00:00,615.0,3208.31,3208.3,3208.77,ETH
2026-01-07 09:40:16+00:00,616.0,3208.37,3208.21,3208.74,ETH
2026-01-07 09:40:17+00:00,617.0,3207.99,3207.67,3208.01,ETH
2026-01-07 09:40:18+00:00,618.0,3208.04,3207.67,3208.12,ETH
2026-01-07 09:40:19+00:00,619.0,3207.65,3207.45,3207.76,ETH
2026-01-07 09:40:20+00:00,620.0,3207.13,3207.03,3207.14,ETH
2026-01-07 09:40:21+00:00,621.0,3207.82,3207.73,3208.07,ETH
2026-01-07 09:40:22+00:00,622.0,3207.92,3207.82,3208.18,ETH
2026-01-07 09:40:23+00:00,623.0,3208.12,3207.88,3208.25,ETH
2026-01-07 09:40:24+00:00,624.0,3208.2,3208.19,3208.25,ETH
2026-01-07 09:40:25+00:00,625.0,3208.3,3208.18,3208.49,ETH
2026-01-07 09:40:26+00:00,626.0,3208.59,3208.38,3208.69,ETH
2026-01-07 09:40:27+00:00,627.0,3208.58,3208.39,3208.59,ETH
2026-01-07 09:40:28+00:00,628.0,3208.3,3208.15,3208.32,ETH
2026-01-07 09:40:29+00:00,629.0,3208.06,3207.94,3208.13,ETH
2026-01-07 09:40:30+00:00,630.0,3206.81,3206.76,3206.98,ETH
2026-01-07 09:40:31+00:00,631.0,3206.25,3206.03,3206.6,ETH
2026-01-07 09:40:32+00:00,632.0,3205.82,3205.54,3206.08,ETH
2026-01-07 09:40:33+00:00,633.0,3205.92,3205.78,3206.02,ETH
2026-01-07 09:40:34+00:00,634.0,3205.73,3205.53,3205.92,ETH
2026-01-07 09:40:35+00:00,635.0,3205.8,3205.51,3206.04,ETH
2026-01-07 09:40:36+00:00,636.0,3205.68,3205.42,3205.92,ETH
2026-01-07 09:40:37+00:00,637.0,3205.54,3205.26,3205.6,ETH
2026-01-07 09:40:38+00:00,638.0,3205.43,3205.18,3205.49,ETH
2026-01-07 09:40:39+00:00,639.0,3205.11,3205.05,3205.39,ETH
2026-01-07 09:40:40+00:00,640.0,3205.34,3205.1,3205.5,ETH
2026-01-07 09:40:41+00:00,641.0,3205.48,3205.47,3205.8,ETH
2026-01-07 09:40:42+00:00,642.0,3206.09,3206.08,3206.62,ETH
2026-01-07 09:40:43+00:00,643.0,3206.7,3206.52,3206.88,ETH
2026-01-07 09:40:44+00:00,644.0,3206.76,3206.58,3206.9,ETH
2026-01-07 09:40:45+00:00,645.0,3205.87,3205.76,3205.99,ETH
2026-01-07 09:40:46+00:00,646.0,3205.81,3205.46,3206.07,ETH
2026-01-07 09:40:47+00:00,647.0,3205.4,3205.35,3205.45,ETH
2026-01-07 09:40:48+00:00,648.0,3205.22,3204.89,3205.56,ETH
2026-01-07 09:40:49+00:00,649.0,3204.48,3204.3,3204.71,ETH
2026-01-07 09:40:50+00:00,650.0,3204.32,3203.91,3204.71,ETH
2026-01-07 09:40:51+00:00,651.0,3204.05,3203.88,3204.51,ETH
2026-01-07 09:40:52+00:00,652.0,3204.37,3204.36,3204.67,ETH
2026-01-07 09:40:53+00:00,653.0,3205.54,3205.34,3205.87,ETH
2026-01-07 09:40:54+00:00,654.0,3205.96,3205.84,3206.12,ETH
2026-01-07 09:40:55+00:00,655.0,3204.75,3204.63,3204.86,ETH
2026-01-07 09:40:56+00:00,656.0,3204.24,3203.91,3204.51,ETH
2026-01-07 09:40:57+00:00,657.0,3204.01,3203.76,3204.52,ETH
2026-01-07 09:40:58+00:00,658.0,3204.16,3203.81,3204.41,ETH
2026-01-07 09:40:59+00:00,659.0,3204.05,3203.9,3204.48,ETH
2026-01-07 09:41:00+00:00,660.0,3204.05,3203.83,3204.47,ETH
2026-01-07 09:41:01+00:00,661.0,3203.43,3203.21,3203.56,ETH
2026-01-07 09:41:02+00:00,662.0,3202.94,3202.85,3203.08,ETH
2026-01-07 09:41:03+00:00,663.0,3202.94,3202.88,3203.23,ETH
2026-01-07 09:41:04+00:00,664.0,3202.94,3202.91,3203.37,ETH
2026-01-07 09:41:05+00:00,665.0,3202.85,3202.82,3203.12,ETH
2026-01-07 09:41:06+00:00,666.0,3202.76,3202.61,3202.91,ETH
2026-01-07 09:41:07+00:00,667.0,3202.6,3202.38,3202.85,ETH
2026-01-07 09:41:08+00:00,668.0,3202.3,3202.14,3202.5,ETH
2026-01-07 09:41:09+00:00,669.0,3202.01,3201.9,3202.16,ETH
2026-01-07 09:41:10+00:00,670.0,3201.86,3201.58,3202.05,ETH
2026-01-07 09:41:11+00:00,671.0,3201.9,3201.48,3202.31,ETH
2026-01-07 09:41:12+00:00,672.0,3202.2,3201.8,3202.71,ETH
2026-01-07 09:41:13+00:00,673.0,3202.48,3202.09,3202.92,ETH
2026-01-07 09:41:14+00:00,674.0,3202.48,3202.14,3202.91,ETH
2026-01-07 09:41:15+00:00,675.0,3202.48,3202.15,3202.88,ETH
2026-01-07 09:41:16+00:00,676.0,3202.53,3202.18,3202.92,ETH
2026-01-07 09:41:18+00:00,678.0,3202.58,3202.3,3202.96,ETH
2026-01-07 09:41:19+00:00,679.0,3202.6,3202.29,3202.95,ETH
2026-01-07 09:41:20+00:00,680.0,3202.66,3202.32,3203.03,ETH
2026-01-07 09:41:21+00:00,681.0,3202.72,3202.42,3203.07,ETH
2026-01-07 09:41:22+00:00,682.0,3203.47,3203.05,3203.67,ETH
2026-01-07 09:41:23+00:00,683.0,3203.48,3203.46,3203.96,ETH
2026-01-07 09:41:24+00:00,684.0,3204.09,3203.81,3204.5,ETH
2026-01-07 09:41:25+00:00,685.0,3204.4,3204.01,3204.74,ETH
2026-01-07 09:41:26+00:00,686.0,3205.03,3204.73,3205.25,ETH
2026-01-07 09:41:27+00:00,687.0,3205.52,3205.3,3205.7,ETH
2026-01-07 09:41:28+00:00,688.0,3205.64,3205.43,3205.9,ETH
2026-01-07 09:41:29+00:00,689.0,3205.75,3205.57,3205.95,ETH
2026-01-07 09:41:30+00:00,690.0,3205.52,3205.44,3205.57,ETH
2026-01-07 09:41:31+00:00,691.0,3205.27,3205.15,3205.31,ETH
2026-01-07 09:41:32+00:00,692.0,3205.45,3205.26,3205.59,ETH
2026-01-07 09:41:33+00:00,693.0,3205.8,3205.56,3205.99,ETH
2026-01-07 09:41:34+00:00,694.0,3206.12,3205.81,3206.25,ETH
2026-01-07 09:41:35+00:00,695.0,3206.36,3206.09,3206.54,ETH
2026-01-07 09:41:36+00:00,696.0,3206.52,3206.39,3206.82,ETH
2026-01-07 09:41:37+00:00,697.0,3206.77,3206.65,3206.99,ETH
2026-01-07 09:41:38+00:00,698.0,3207.08,3206.9,3207.15,ETH
2026-01-07 09:41:39+00:00,699.0,3207.26,3207.1,3207.37,ETH
2026-01-07 09:41:40+00:00,700.0,3207.29,3207.13,3207.37,ETH
2026-01-07 09:41:41+00:00,701.0,3207.5,3207.3,3207.61,ETH
2026-01-07 09:41:42+00:00,702.0,3207.69,3207.45,3207.8,ETH
2026-01-07 09:41:43+00:00,703.0,3207.57,3207.24,3207.58,ETH
2026-01-07 09:41:44+00:00,704.0,3207.44,3207.08,3207.5,ETH
2026-01-07 09:41:45+00:00,705.0,3207.4,3207.1,3207.49,ETH
2026-01-07 09:41:46+00:00,706.0,3207.38,3207.12,3207.49,ETH
2026-01-07 09:41:47+00:00,707.0,3207.56,3207.37,3207.71,ETH
2026-01-07 09:41:48+00:00,708.0,3207.82,3207.64,3207.94,ETH
2026-01-07 09:41:49+00:00,709.0,3207.85,3207.63,3207.88,ETH
2026-01-07 09:41:50+00:00,710.0,3207.7,3207.55,3207.71,ETH
2026-01-07 09:41:51+00:00,711.0,3207.5,3207.38,3207.6,ETH
2026-01-07 09:41:52+00:00,712.0,3207.46,3207.25,3207.59,ETH
2026-01-07 09:41:53+00:00,713.0,3207.58,3207.39,3207.73,ETH
2026-01-07 09:41:54+00:00,714.0,3207.95,3207.81,3208.16,ETH
2026-01-07 09:41:55+00:00,715.0,3208.68,3208.43,3208.94,ETH
2026-01-07 09:41:56+00:00,716.0,3209.16,3208.96,3209.39,ETH
2026-01-07 09:41:57+00:00,717.0,3209.15,3208.81,3209.23,ETH
2026-01-07 09:41:58+00:00,718.0,3208.64,3208.3,3208.74,ETH
2026-01-07 09:41:59+00:00,719.0,3208.19,3208.15,3208.5,ETH
2026-01-07 09:42:00+00:00,720.0,3208.45,3208.34,3208.69,ETH
2026-01-07 09:42:01+00:00,721.0,3208.8,3208.59,3208.97,ETH
2026-01-07 09:42:02+00:00,722.0,3208.37,3208.11,3208.56,ETH
2026-01-07 09:42:03+00:00,723.0,3207.76,3207.51,3207.81,ETH
2026-01-07 09:42:04+00:00,724.0,3207.67,3207.52,3207.74,ETH
2026-01-07 09:42:05+00:00,725.0,3207.78,3207.65,3207.88,ETH
2026-01-07 09:42:06+00:00,726.0,3207.9,3207.73,3207.95,ETH
2026-01-07 09:42:07+00:00,727.0,3207.84,3207.7,3207.88,ETH
2026-01-07 09:42:08+00:00,728.0,3207.84,3207.74,3207.94,ETH
2026-01-07 09:42:09+00:00,729.0,3207.93,3207.82,3208.06,ETH
2026-01-07 09:42:10+00:00,730.0,3207.96,3207.81,3208.05,ETH
2026-01-07 09:42:11+00:00,731.0,3207.8,3207.35,3207.91,ETH
2026-01-07 09:42:12+00:00,732.0,3207.07,3206.71,3207.17,ETH
2026-01-07 09:42:13+00:00,733.0,3206.53,3206.51,3206.55,ETH
2026-01-07 09:42:14+00:00,734.0,3206.53,3206.51,3206.56,ETH
2026-01-07 09:42:15+00:00,735.0,3206.44,3206.2,3206.61,ETH
2026-01-07 09:42:16+00:00,736.0,3206.24,3206.14,3206.37,ETH
2026-01-07 09:42:17+00:00,737.0,3206.25,3206.15,3206.26,ETH
2026-01-07 09:42:18+00:00,738.0,3206.27,3206.2,3206.29,ETH
2026-01-07 09:42:19+00:00,739.0,3206.27,3206.23,3206.31,ETH
2026-01-07 09:42:20+00:00,740.0,3206.33,3206.25,3206.35,ETH
2026-01-07 09:42:21+00:00,741.0,3206.43,3206.29,3206.53,ETH
2026-01-07 09:42:22+00:00,742.0,3206.72,3206.58,3206.86,ETH
2026-01-07 09:42:23+00:00,743.0,3207.16,3207.02,3207.27,ETH
2026-01-07 09:42:24+00:00,744.0,3207.36,3207.2,3207.52,ETH
2026-01-07 09:42:25+00:00,745.0,3207.47,3207.34,3207.6,ETH
2026-01-07 09:42:26+00:00,746.0,3207.79,3207.66,3207.83,ETH
2026-01-07 09:42:27+00:00,747.0,3208.49,3208.34,3208.7,ETH
2026-01-07 09:42:28+00:00,748.0,3209.34,3209.25,3209.59,ETH
2026-01-07 09:42:29+00:00,749.0,3209.83,3209.69,3209.94,ETH
2026-01-07 09:42:30+00:00,750.0,3210.04,3209.78,3210.25,ETH
2026-01-07 09:42:31+00:00,751.0,3210.06,3209.89,3210.24,ETH
2026-01-07 09:42:32+00:00,752.0,3209.83,3209.62,3209.89,ETH
2026-01-07 09:42:33+00:00,753.0,3209.61,3209.34,3209.72,ETH
2026-01-07 09:42:34+00:00,754.0,3209.56,3209.37,3209.68,ETH
2026-01-07 09:42:35+00:00,755.0,3209.28,3209.14,3209.38,ETH
2026-01-07 09:42:36+00:00,756.0,3208.64,3208.52,3208.85,ETH
2026-01-07 09:42:37+00:00,757.0,3208.3,3208.17,3208.52,ETH
2026-01-07 09:42:38+00:00,758.0,3208.33,3208.23,3208.47,ETH
2026-01-07 09:42:39+00:00,759.0,3208.33,3208.21,3208.44,ETH
2026-01-07 09:42:40+00:00,760.0,3208.24,3208.15,3208.32,ETH
2026-01-07 09:42:41+00:00,761.0,3208.08,3208.06,3208.68,ETH
2026-01-07 09:42:42+00:00,762.0,3207.96,3207.79,3208.09,ETH
2026-01-07 09:42:43+00:00,763.0,3207.8,3207.71,3207.98,ETH
2026-01-07 09:42:44+00:00,764.0,3207.98,3207.71,3208.03,ETH
2026-01-07 09:42:45+00:00,765.0,3208.04,3207.78,3208.14,ETH
2026-01-07 09:42:46+00:00,766.0,3207.98,3207.81,3208.07,ETH
2026-01-07 09:42:47+00:00,767.0,3207.9,3207.79,3207.98,ETH
2026-01-07 09:42:48+00:00,768.0,3207.9,3207.79,3207.98,ETH
2026-01-07 09:42:49+00:00,769.0,3207.98,3207.79,3208.08,ETH
2026-01-07 09:42:50+00:00,770.0,3207.95,3207.79,3207.98,ETH
2026-01-07 09:42:51+00:00,771.0,3207.98,3207.79,3208.07,ETH
2026-01-07 09:42:52+00:00,772.0,3207.89,3207.74,3207.98,ETH
2026-01-07 09:42:53+00:00,773.0,3207.88,3207.58,3208.14,ETH
2026-01-07 09:42:54+00:00,774.0,3207.68,3207.59,3207.95,ETH
2026-01-07 09:42:55+00:00,775.0,3207.86,3207.71,3208.07,ETH
2026-01-07 09:42:56+00:00,776.0,3207.78,3207.63,3207.83,ETH
2026-01-07 09:42:57+00:00,777.0,3207.54,3207.53,3207.92,ETH
2026-01-07 09:42:58+00:00,778.0,3207.53,3207.53,3207.73,ETH
2026-01-07 09:42:59+00:00,779.0,3207.68,3207.53,3207.86,ETH
2026-01-07 09:43:00+00:00,780.0,3207.71,3207.55,3207.89,ETH
2026-01-07 09:43:01+00:00,781.0,3207.88,3207.63,3208.06,ETH
2026-01-07 09:43:02+00:00,782.0,3207.22,3207.15,3207.33,ETH
2026-01-07 09:43:03+00:00,783.0,3206.56,3206.5,3206.7,ETH
2026-01-07 09:43:04+00:00,784.0,3206.56,3206.51,3206.73,ETH
2026-01-07 09:43:05+00:00,785.0,3206.56,3206.52,3206.75,ETH
2026-01-07 09:43:06+00:00,786.0,3206.56,3206.53,3206.78,ETH
2026-01-07 09:43:07+00:00,787.0,3206.56,3206.53,3206.79,ETH
2026-01-07 09:43:09+00:00,789.0,3206.78,3206.63,3206.89,ETH
2026-01-07 09:43:10+00:00,790.0,3206.88,3206.7,3206.95,ETH
2026-01-07 09:43:11+00:00,791.0,3206.83,3206.77,3206.87,ETH
2026-01-07 09:43:12+00:00,792.0,3206.86,3206.81,3206.91,ETH
2026-01-07 09:43:13+00:00,793.0,3206.81,3206.73,3206.87,ETH
2026-01-07 09:43:14+00:00,794.0,3206.86,3206.77,3207.03,ETH
2026-01-07 09:43:15+00:00,795.0,3206.88,3206.82,3206.93,ETH
2026-01-07 09:43:16+00:00,796.0,3206.79,3206.72,3206.83,ETH
2026-01-07 09:43:17+00:00,797.0,3206.65,3206.6,3206.79,ETH
2026-01-07 09:43:18+00:00,798.0,3206.72,3206.58,3206.85,ETH
2026-01-07 09:43:19+00:00,799.0,3206.73,3206.6,3206.86,ETH
2026-01-07 09:43:20+00:00,800.0,3206.73,3206.68,3206.78,ETH
2026-01-07 09:43:21+00:00,801.0,3206.73,3206.7,3206.8,ETH
2026-01-07 09:43:22+00:00,802.0,3206.72,3206.69,3206.78,ETH
2026-01-07 09:43:23+00:00,803.0,3206.71,3206.65,3206.82,ETH
2026-01-07 09:43:24+00:00,804.0,3206.61,3206.6,3206.72,ETH
2026-01-07 09:43:25+00:00,805.0,3206.78,3206.69,3206.82,ETH
2026-01-07 09:43:26+00:00,806.0,3206.78,3206.71,3206.85,ETH
2026-01-07 09:43:27+00:00,807.0,3206.79,3206.72,3206.87,ETH
2026-01-07 09:43:28+00:00,808.0,3206.8,3206.75,3206.91,ETH
2026-01-07 09:43:29+00:00,809.0,3206.92,3206.82,3207.02,ETH
2026-01-07 09:43:30+00:00,810.0,3207.04,3206.96,3207.15,ETH
2026-01-07 09:43:31+00:00,811.0,3207.13,3207.09,3207.21,ETH
2026-01-07 09:43:32+00:00,812.0,3207.21,3207.17,3207.24,ETH
2026-01-07 09:43:33+00:00,813.0,3207.35,3207.27,3207.4,ETH
2026-01-07 09:43:34+00:00,814.0,3207.55,3207.43,3207.66,ETH
2026-01-07 09:43:35+00:00,815.0,3207.86,3207.77,3207.99,ETH
2026-01-07 09:43:36+00:00,816.0,3208.2,3208.09,3208.26,ETH
2026-01-07 09:43:37+00:00,817.0,3208.38,3208.25,3208.4,ETH
2026-01-07 09:43:38+00:00,818.0,3208.48,3208.35,3208.49,ETH
2026-01-07 09:43:39+00:00,819.0,3208.49,3208.35,3208.49,ETH
2026-01-07 09:43:40+00:00,820.0,3208.49,3208.38,3208.51,ETH
2026-01-07 09:43:41+00:00,821.0,3208.49,3208.43,3208.53,ETH
2026-01-07 09:43:42+00:00,822.0,3208.49,3208.47,3208.55,ETH
2026-01-07 09:43:43+00:00,823.0,3208.19,3208.13,3208.31,ETH
2026-01-07 09:43:44+00:00,824.0,3207.94,3207.88,3208.2,ETH
2026-01-07 09:43:45+00:00,825.0,3208.06,3207.98,3208.44,ETH
2026-01-07 09:43:46+00:00,826.0,3208.1,3207.99,3208.53,ETH
2026-01-07 09:43:47+00:00,827.0,3208.07,3207.99,3208.59,ETH
2026-01-07 09:43:48+00:00,828.0,3208.08,3207.99,3208.66,ETH
2026-01-07 09:43:49+00:00,829.0,3208.08,3207.99,3208.69,ETH
2026-01-07 09:43:50+00:00,830.0,3208.02,3207.82,3208.4,ETH
2026-01-07 09:43:51+00:00,831.0,3207.83,3207.49,3208.16,ETH
2026-01-07 09:43:52+00:00,832.0,3207.45,3207.44,3207.76,ETH
2026-01-07 09:43:53+00:00,833.0,3207.45,3207.44,3207.93,ETH
2026-01-07 09:43:54+00:00,834.0,3207.53,3207.44,3208.11,ETH
2026-01-07 09:43:55+00:00,835.0,3207.52,3207.44,3207.56,ETH
2026-01-07 09:43:56+00:00,836.0,3207.64,3207.58,3208.23,ETH
2026-01-07 09:43:57+00:00,837.0,3207.66,3207.53,3207.85,ETH
2026-01-07 09:43:58+00:00,838.0,3207.32,3207.29,3207.81,ETH
2026-01-07 09:43:59+00:00,839.0,3207.32,3207.27,3207.88,ETH
2026-01-07 09:44:00+00:00,840.0,3207.32,3207.26,3207.47,ETH
2026-01-07 09:44:01+00:00,841.0,3207.11,3207.08,3207.11,ETH
2026-01-07 09:44:02+00:00,842.0,3206.91,3206.9,3206.97,ETH
2026-01-07 09:44:03+00:00,843.0,3207.12,3206.99,3207.13,ETH
2026-01-07 09:44:04+00:00,844.0,3206.39,3206.22,3206.52,ETH
2026-01-07 09:44:05+00:00,845.0,3206.02,3205.95,3206.18,ETH
2026-01-07 09:44:06+00:00,846.0,3205.88,3205.86,3206.17,ETH
2026-01-07 09:44:07+00:00,847.0,3205.84,3205.78,3206.08,ETH
2026-01-07 09:44:08+00:00,848.0,3205.74,3205.74,3205.81,ETH
2026-01-07 09:44:09+00:00,849.0,3205.21,3205.2,3205.35,ETH
2026-01-07 09:44:10+00:00,850.0,3205.13,3205.12,3205.32,ETH
2026-01-07 09:44:11+00:00,851.0,3205.13,3205.02,3205.42,ETH
2026-01-07 09:44:12+00:00,852.0,3205.11,3204.99,3205.2,ETH
2026-01-07 09:44:13+00:00,853.0,3204.6,3204.59,3205.01,ETH
2026-01-07 09:44:14+00:00,854.0,3204.71,3204.62,3205.04,ETH
2026-01-07 09:44:15+00:00,855.0,3204.83,3204.72,3205.12,ETH
2026-01-07 09:44:16+00:00,856.0,3204.83,3204.8,3205.18,ETH
2026-01-07 09:44:17+00:00,857.0,3204.84,3204.8,3205.03,ETH
2026-01-07 09:44:18+00:00,858.0,3204.84,3204.8,3204.93,ETH
2026-01-07 09:44:19+00:00,859.0,3204.82,3204.78,3204.9,ETH
2026-01-07 09:44:20+00:00,860.0,3204.79,3204.67,3204.8,ETH
2026-01-07 09:44:21+00:00,861.0,3204.68,3204.6,3204.74,ETH
2026-01-07 09:44:22+00:00,862.0,3204.6,3204.59,3204.7,ETH
2026-01-07 09:44:23+00:00,863.0,3204.6,3204.59,3204.66,ETH
2026-01-07 09:44:25+00:00,865.0,3204.6,3204.59,3204.63,ETH
2026-01-07 09:44:26+00:00,866.0,3204.6,3204.6,3204.77,ETH
2026-01-07 09:44:27+00:00,867.0,3204.49,3204.47,3204.6,ETH
2026-01-07 09:44:28+00:00,868.0,3204.42,3204.41,3204.74,ETH
2026-01-07 09:44:29+00:00,869.0,3204.63,3204.53,3204.69,ETH
2026-01-07 09:44:30+00:00,870.0,3204.57,3204.49,3204.61,ETH
2026-01-07 09:44:31+00:00,871.0,3204.49,3204.44,3204.65,ETH
2026-01-07 09:44:32+00:00,872.0,3204.47,3204.32,3204.56,ETH
2026-01-07 09:44:33+00:00,873.0,3204.37,3204.32,3204.57,ETH
2026-01-07 09:44:34+00:00,874.0,3204.37,3204.29,3204.56,ETH
2026-01-07 09:44:35+00:00,875.0,3204.37,3204.29,3204.56,ETH
2026-01-07 09:44:36+00:00,876.0,3204.32,3204.29,3204.54,ETH
2026-01-07 09:44:37+00:00,877.0,3204.3,3204.27,3204.48,ETH
2026-01-07 09:44:38+00:00,878.0,3204.1,3203.99,3204.34,ETH
2026-01-07 09:44:39+00:00,879.0,3203.82,3203.72,3204.12,ETH
2026-01-07 09:44:40+00:00,880.0,3203.73,3203.72,3203.97,ETH
2026-01-07 09:44:41+00:00,881.0,3203.72,3203.72,3203.98,ETH
2026-01-07 09:44:42+00:00,882.0,3203.76,3203.72,3203.95,ETH
2026-01-07 09:44:43+00:00,883.0,3203.8,3203.74,3203.87,ETH
2026-01-07 09:44:44+00:00,884.0,3203.81,3203.76,3203.88,ETH
2026-01-07 09:44:45+00:00,885.0,3203.77,3203.74,3203.92,ETH
2026-01-07 09:44:46+00:00,886.0,3203.73,3203.68,3203.88,ETH
2026-01-07 09:44:47+00:00,887.0,3203.73,3203.65,3203.86,ETH
2026-01-07 09:44:48+00:00,888.0,3203.89,3203.72,3204.03,ETH
2026-01-07 09:44:49+00:00,889.0,3204.01,3203.83,3204.1,ETH
2026-01-07 09:44:50+00:00,890.0,3203.92,3203.82,3204.05,ETH
2026-01-07 09:44:51+00:00,891.0,3203.81,3203.77,3204.08,ETH
2026-01-07 09:44:52+00:00,892.0,3203.75,3203.74,3204.02,ETH
2026-01-07 09:44:53+00:00,893.0,3203.75,3203.74,3203.95,ETH
2026-01-07 09:44:54+00:00,894.0,3203.75,3203.71,3203.98,ETH
2026-01-07 09:44:55+00:00,895.0,3203.74,3203.63,3203.95,ETH
2026-01-07 09:44:56+00:00,896.0,3203.73,3203.58,3203.99,ETH
2026-01-07 09:44:57+00:00,897.0,3203.73,3203.53,3203.97,ETH
2026-01-07 09:44:58+00:00,898.0,3203.72,3203.49,3203.9,ETH
2026-01-07 09:44:59+00:00,899.0,3203.62,3203.47,3203.75,ETH
