timestamp,collected_at,seconds,up_mid,up_best_bid,up_best_ask,down_mid,down_best_bid,down_best_ask,up_best_bid_size,up_best_ask_size,down_best_bid_size,down_best_ask_size,up_bid_2,up_bid_2_size,up_ask_2,up_ask_2_size,up_bid_3,up_bid_3_size,up_ask_3,up_ask_3_size,up_bid_4,up_bid_4_size,up_ask_4,up_ask_4_size,up_bid_5,up_bid_5_size,up_ask_5,up_ask_5_size,up_bid_6,up_bid_6_size,up_ask_6,up_ask_6_size,down_bid_2,down_bid_2_size,down_ask_2,down_ask_2_size,down_bid_3,down_bid_3_size,down_ask_3,down_ask_3_size,down_bid_4,down_bid_4_size,down_ask_4,down_ask_4_size,down_bid_5,down_bid_5_size,down_ask_5,down_ask_5_size,down_bid_6,down_bid_6_size,down_ask_6,down_ask_6_size
2026-01-07 09:30:00.398000+00:00,2026-01-07 09:29:57.971638+00:00,0.398,0.01,,0.01,0.99,0.99,,,29630.48,29630.48,,,,0.02,309.03,,,0.03,217.13,,,0.04,112.79,,,0.05,295.22,,,0.06,70.55,0.98,309.03,,,0.97,217.13,,,0.96,112.79,,,0.95,295.22,,,0.94,70.55,,
2026-01-07 09:30:01.448000+00:00,2026-01-07 09:29:58.990727+00:00,1.448,0.01,,0.01,0.99,0.99,,,178663.29,178663.29,,,,0.02,309.03,,,0.03,217.13,,,0.04,112.79,,,0.05,295.22,,,0.06,70.55,0.98,309.03,,,0.97,217.13,,,0.96,117.79,,,0.95,295.22,,,0.94,70.55,,
2026-01-07 09:30:02.124000+00:00,2026-01-07 09:29:59.995614+00:00,2.124,0.01,,0.01,0.99,0.99,,,178663.29,178668.29,,,,0.02,309.03,,,0.03,20.72,,,0.04,117.79,,,0.05,295.22,,,0.06,70.55,0.98,309.03,,,0.97,20.72,,,0.96,117.79,,,0.95,295.22,,,0.94,70.55,,
2026-01-07 09:30:03.496000+00:00,2026-01-07 09:30:01.001653+00:00,3.496,0.555,0.55,0.56,0.445,0.44,0.45,394.8,21.0,26.0,333.8,0.54,162.52,0.59,183.0,0.53,3929.06,0.6,282.0,0.52,1186.52,0.61,183.0,0.51,2526.19,0.63,121.0,0.5,2491.06,0.64,121.0,0.41,244.0,0.46,162.52,0.4,253.0,0.47,4050.06,0.39,304.0,0.48,1186.52,0.38,121.0,0.49,2647.19,0.37,121.0,0.5,2702.06
2026-01-07 09:30:04.476000+00:00,2026-01-07 09:30:02.002969+00:00,4.476,0.555,0.55,0.56,0.445,0.44,0.45,383.8,10.17,25.17,358.8,0.54,162.52,0.57,90.0,0.53,4050.06,0.59,183.0,0.52,1276.52,0.6,253.0,0.51,2647.19,0.61,304.0,0.5,2562.06,0.62,121.0,0.41,244.0,0.46,162.52,0.4,253.0,0.47,4050.06,0.39,304.0,0.48,1276.52,0.38,121.0,0.49,2647.19,0.37,121.0,0.5,2562.06
2026-01-07 09:30:05.490000+00:00,2026-01-07 09:30:03.004120+00:00,5.49,0.565,0.56,0.57,0.435,0.43,0.44,71.83,80.0,80.0,71.83,0.55,681.8,0.59,50.0,0.54,348.52,0.6,175.0,0.53,4065.06,0.61,183.0,0.52,1186.52,0.62,66.0,0.51,2696.19,0.63,121.0,0.41,65.0,0.45,681.8,0.4,70.0,0.46,333.52,0.39,183.0,0.47,4080.06,0.38,66.0,0.48,1186.52,0.37,121.0,0.49,2696.19
2026-01-07 09:30:06.459000+00:00,2026-01-07 09:30:04.009652+00:00,6.459,0.565,0.56,0.57,0.435,0.43,0.44,87.83,80.0,80.0,87.83,0.55,802.8,0.58,15.0,0.54,333.52,0.59,50.0,0.53,4080.06,0.6,160.0,0.52,1186.52,0.62,66.0,0.51,2696.19,0.64,136.0,0.42,15.0,0.45,802.8,0.41,50.0,0.46,333.52,0.4,160.0,0.47,4080.06,0.38,66.0,0.48,1186.52,0.36,136.0,0.49,2696.19
2026-01-07 09:30:07.504000+00:00,2026-01-07 09:30:05.016910+00:00,7.504,0.565,0.56,0.57,0.435,0.43,0.44,87.83,95.0,110.0,87.83,0.55,667.8,0.58,50.0,0.54,473.52,0.59,150.0,0.53,4115.06,0.6,105.0,0.52,1221.52,0.61,218.0,0.51,2731.19,0.62,101.0,0.42,50.0,0.45,667.8,0.41,150.0,0.46,438.52,0.4,105.0,0.47,4115.06,0.39,218.0,0.48,1221.52,0.38,101.0,0.49,2731.19
2026-01-07 09:30:08.497000+00:00,2026-01-07 09:30:06.023996+00:00,8.497,0.555,0.55,0.56,0.445,0.44,0.45,302.8,80.0,95.0,302.8,0.54,187.52,0.57,416.0,0.53,4130.06,0.58,193.0,0.52,1281.52,0.59,248.0,0.51,2657.19,0.6,409.0,0.5,2597.06,0.61,339.0,0.43,214.0,0.46,237.52,0.42,353.0,0.47,4095.06,0.41,318.0,0.48,1281.52,0.4,479.0,0.49,2747.19,0.39,409.0,0.5,2597.06
2026-01-07 09:30:09.491000+00:00,2026-01-07 09:30:07.029071+00:00,9.491,0.555,0.55,0.56,0.445,0.44,0.45,147.8,77.96,122.96,137.16,0.54,191.52,0.57,214.0,0.53,3791.06,0.58,353.0,0.52,1250.52,0.59,318.0,0.51,2657.19,0.6,479.0,0.5,2597.06,0.61,409.0,0.43,214.0,0.46,176.52,0.42,353.0,0.47,3791.06,0.41,318.0,0.48,1160.52,0.4,479.0,0.49,2657.19,0.39,409.0,0.5,2597.06
2026-01-07 09:30:10.523000+00:00,2026-01-07 09:30:08.032196+00:00,10.523,0.555,0.55,0.56,0.445,0.44,0.45,67.16,243.84,431.84,12.16,0.54,131.52,0.57,419.0,0.53,3806.06,0.58,384.0,0.52,947.52,0.59,439.0,0.51,2541.19,0.6,491.5,0.5,2687.06,0.61,409.0,0.43,502.0,0.46,111.52,0.42,384.0,0.47,3761.06,0.41,439.0,0.48,1027.52,0.4,491.5,0.49,2541.19,0.39,409.0,0.5,2597.06
2026-01-07 09:30:11.530000+00:00,2026-01-07 09:30:09.037892+00:00,11.53,0.545,0.54,0.55,0.455,0.45,0.46,118.97,225.84,340.84,15.0,0.53,3816.06,0.56,449.84,0.52,912.52,0.57,330.0,0.51,2388.19,0.58,339.0,0.5,2288.06,0.59,369.0,0.49,827.48,0.6,386.5,0.44,339.84,0.47,3798.03,0.43,297.0,0.48,927.52,0.42,399.0,0.49,2580.19,0.41,369.0,0.5,2601.06,0.4,386.5,0.51,1018.48
2026-01-07 09:30:12.548000+00:00,2026-01-07 09:30:10.058991+00:00,12.548,0.545,0.54,0.55,0.455,0.45,0.46,15.0,320.44,381.44,15.0,0.53,3761.03,0.56,552.84,0.52,962.52,0.57,262.0,0.51,2464.19,0.58,339.0,0.5,2506.06,0.59,369.0,0.49,953.48,0.6,386.5,0.44,405.84,0.47,3761.03,0.43,262.0,0.48,962.52,0.42,339.0,0.49,2464.19,0.41,369.0,0.5,2506.06,0.4,456.5,0.51,953.48
2026-01-07 09:30:13.454000+00:00,2026-01-07 09:30:11.067071+00:00,13.454,0.545,0.54,0.55,0.455,0.45,0.46,15.0,447.8,457.8,15.0,0.53,3806.03,0.56,370.84,0.52,972.52,0.57,307.0,0.51,2449.19,0.58,339.0,0.5,2506.06,0.59,369.0,0.49,953.48,0.6,456.5,0.44,370.84,0.47,3806.03,0.43,307.0,0.48,972.52,0.42,339.0,0.49,2529.19,0.41,369.0,0.5,2506.06,0.4,456.5,0.51,1043.48
2026-01-07 09:30:14.569000+00:00,2026-01-07 09:30:12.087436+00:00,14.569,0.545,0.54,0.55,0.455,0.45,0.46,15.0,221.0,165.0,15.0,0.53,3771.03,0.56,465.84,0.52,957.52,0.57,342.0,0.51,2574.19,0.58,409.0,0.5,2511.06,0.59,439.0,0.49,832.48,0.6,456.5,0.44,522.84,0.47,3771.03,0.43,342.0,0.48,957.52,0.42,409.0,0.49,2574.19,0.41,439.0,0.5,2511.06,0.4,456.5,0.51,832.48
2026-01-07 09:30:15.570000+00:00,2026-01-07 09:30:13.108512+00:00,15.57,0.545,0.54,0.55,0.455,0.45,0.46,90.0,306.0,245.0,100.0,0.53,3836.03,0.56,465.84,0.52,1027.52,0.57,352.0,0.51,2443.2,0.58,409.0,0.5,2511.06,0.59,439.0,0.49,910.48,0.6,456.5,0.44,445.84,0.47,3856.03,0.43,377.0,0.48,1017.52,0.42,409.0,0.49,2423.2,0.41,439.0,0.5,2511.06,0.4,456.5,0.51,910.48
2026-01-07 09:30:16.602000+00:00,2026-01-07 09:30:14.112868+00:00,16.602,0.545,0.54,0.55,0.455,0.45,0.46,220.0,125.0,125.0,215.0,0.53,3811.03,0.56,512.84,0.52,1032.52,0.57,362.0,0.51,2510.2,0.58,419.0,0.5,2631.06,0.59,439.0,0.49,795.48,0.6,456.5,0.44,385.84,0.47,3831.03,0.43,382.0,0.48,1119.52,0.42,504.0,0.49,2545.2,0.41,439.0,0.5,2727.06,0.4,456.5,0.51,941.48
2026-01-07 09:30:17.569000+00:00,2026-01-07 09:30:15.120057+00:00,17.569,0.555,0.55,0.56,0.445,0.44,0.45,180.0,40.0,40.0,205.0,0.54,240.0,0.57,90.0,0.53,4039.03,0.58,215.0,0.52,1190.52,0.59,429.0,0.51,2606.2,0.6,511.5,0.5,2662.06,0.61,374.0,0.43,90.0,0.46,130.0,0.42,130.0,0.47,4039.03,0.41,470.0,0.48,1190.52,0.4,521.5,0.49,2696.2,0.39,394.0,0.5,2662.06
2026-01-07 09:30:18.625000+00:00,2026-01-07 09:30:16.127036+00:00,18.625,0.55,0.54,0.56,0.455,0.45,0.46,95.0,143.0,168.0,20.0,0.53,3989.03,0.57,150.0,0.52,1225.52,0.58,378.0,0.51,2571.2,0.59,439.0,0.5,2662.06,0.6,456.5,0.49,690.48,0.61,374.0,0.44,120.0,0.47,4029.03,0.43,253.0,0.48,1250.52,0.42,353.0,0.49,2601.2,0.41,439.0,0.5,2662.06,0.4,456.5,0.51,725.48
2026-01-07 09:30:19.571000+00:00,2026-01-07 09:30:17.134163+00:00,19.571,0.545,0.54,0.55,0.455,0.45,0.46,110.0,258.0,258.0,105.0,0.53,3761.03,0.56,519.0,0.52,972.52,0.57,594.0,0.51,2475.2,0.58,424.0,0.5,2455.06,0.59,439.0,0.49,694.48,0.6,456.5,0.44,519.0,0.47,3771.03,0.43,514.0,0.48,982.52,0.42,419.0,0.49,2475.2,0.41,439.0,0.5,2455.06,0.4,456.5,0.51,694.48
2026-01-07 09:30:20.626000+00:00,2026-01-07 09:30:18.140640+00:00,20.626,0.545,0.54,0.55,0.455,0.45,0.46,15.0,594.0,700.0,15.0,0.53,3686.03,0.56,519.0,0.52,947.52,0.57,517.0,0.51,2501.2,0.58,409.0,0.5,2486.06,0.59,439.0,0.49,669.48,0.6,456.5,0.44,509.0,0.47,3686.03,0.43,459.0,0.48,967.52,0.42,409.0,0.49,2531.2,0.41,439.0,0.5,2491.06,0.4,456.5,0.51,534.48
2026-01-07 09:30:21.640000+00:00,2026-01-07 09:30:19.158182+00:00,21.64,0.535,0.53,0.54,0.46499999999999997,0.46,0.47,3683.03,290.0,653.0,3561.03,0.52,882.52,0.55,589.0,0.51,2273.2,0.56,539.0,0.5,2328.06,0.57,454.0,0.49,386.48,0.58,409.0,0.48,10.0,0.59,404.0,0.45,459.0,0.48,882.52,0.44,539.0,0.49,2273.2,0.43,454.0,0.5,2323.06,0.42,409.0,0.51,346.48,0.41,404.0,0.52,10.0
2026-01-07 09:30:22.566000+00:00,2026-01-07 09:30:20.163043+00:00,22.566,0.535,0.53,0.54,0.46499999999999997,0.46,0.47,3364.03,693.0,713.0,3364.03,0.52,882.52,0.55,434.0,0.51,2273.2,0.56,459.0,0.5,2323.06,0.57,454.0,0.49,371.48,0.58,409.0,0.48,30.0,0.59,404.0,0.45,434.0,0.48,882.52,0.44,459.0,0.49,2273.2,0.43,454.0,0.5,2328.06,0.42,409.0,0.51,371.48,0.41,419.0,0.52,25.0
2026-01-07 09:30:23.571000+00:00,2026-01-07 09:30:21.167003+00:00,23.571,0.535,0.53,0.54,0.46499999999999997,0.46,0.47,3243.84,653.0,609.24,2820.84,0.52,882.52,0.55,509.0,0.51,2273.2,0.56,454.0,0.5,2253.06,0.57,454.0,0.49,381.48,0.58,409.0,0.48,40.0,0.59,419.0,0.45,509.0,0.48,882.52,0.44,454.0,0.49,2273.2,0.43,454.0,0.5,2253.06,0.42,409.0,0.51,381.48,0.41,419.0,0.52,40.0
2026-01-07 09:30:24.661000+00:00,2026-01-07 09:30:22.172228+00:00,24.661,0.535,0.53,0.54,0.46499999999999997,0.46,0.47,2200.05,609.24,609.24,2195.05,0.52,882.52,0.55,434.0,0.51,2273.2,0.56,454.0,0.5,2253.06,0.57,454.0,0.49,428.98,0.58,409.0,0.48,100.0,0.59,419.0,0.45,434.0,0.48,882.52,0.44,454.0,0.49,2273.2,0.43,454.0,0.5,2253.06,0.42,409.0,0.51,428.98,0.41,419.0,0.52,80.0
2026-01-07 09:30:25.645000+00:00,2026-01-07 09:30:23.174897+00:00,25.645,0.535,0.53,0.54,0.46499999999999997,0.46,0.47,1945.43,609.24,609.24,1945.43,0.52,882.52,0.55,434.0,0.51,2273.2,0.56,454.0,0.5,2278.06,0.57,454.0,0.49,453.98,0.58,409.0,0.48,135.0,0.59,419.0,0.45,429.0,0.48,882.52,0.44,454.0,0.49,2273.2,0.43,454.0,0.5,2278.06,0.42,409.0,0.51,453.98,0.41,419.0,0.52,135.0
2026-01-07 09:30:26.614000+00:00,2026-01-07 09:30:24.181909+00:00,26.614,0.535,0.53,0.54,0.46499999999999997,0.46,0.47,1901.43,473.0,478.0,1941.43,0.52,1007.52,0.55,484.0,0.51,2373.2,0.56,541.0,0.5,2323.06,0.57,454.0,0.49,478.98,0.58,409.0,0.48,130.0,0.59,419.0,0.45,474.0,0.48,997.52,0.44,541.0,0.49,2373.2,0.43,454.0,0.5,2283.06,0.42,409.0,0.51,478.98,0.41,419.0,0.52,130.0
2026-01-07 09:30:27.659000+00:00,2026-01-07 09:30:25.192823+00:00,27.659,0.535,0.53,0.54,0.46499999999999997,0.46,0.47,1988.97,478.0,473.0,2008.97,0.52,977.52,0.55,454.0,0.51,2373.2,0.56,541.0,0.5,2283.06,0.57,454.0,0.49,478.98,0.58,409.0,0.48,130.0,0.59,419.0,0.45,459.0,0.48,972.52,0.44,561.0,0.49,2373.2,0.43,464.0,0.5,2283.06,0.42,409.0,0.51,478.98,0.41,419.0,0.52,130.0
2026-01-07 09:30:28.558000+00:00,2026-01-07 09:30:26.199056+00:00,28.558,0.535,0.53,0.54,0.46499999999999997,0.46,0.47,2008.97,403.51,403.51,2008.97,0.52,972.52,0.55,474.0,0.51,2373.2,0.56,551.0,0.5,2283.06,0.57,454.0,0.49,532.98,0.58,409.0,0.48,130.0,0.59,419.0,0.45,474.0,0.48,972.52,0.44,551.0,0.49,2373.2,0.43,454.0,0.5,2283.06,0.42,409.0,0.51,532.98,0.41,419.0,0.52,130.0
2026-01-07 09:30:29.576000+00:00,2026-01-07 09:30:27.205410+00:00,29.576,0.535,0.53,0.54,0.46499999999999997,0.46,0.47,1968.97,488.51,488.51,1968.97,0.52,962.52,0.55,520.0,0.51,2393.2,0.56,464.0,0.5,2313.06,0.57,454.0,0.49,532.98,0.58,409.0,0.48,115.0,0.59,444.0,0.45,520.0,0.48,962.52,0.44,464.0,0.49,2393.2,0.43,454.0,0.5,2313.06,0.42,409.0,0.51,532.98,0.41,444.0,0.52,115.0
2026-01-07 09:30:30.680000+00:00,2026-01-07 09:30:28.194894+00:00,30.68,0.535,0.53,0.54,0.46499999999999997,0.46,0.47,1969.97,424.0,424.0,1984.97,0.52,1002.52,0.55,474.0,0.51,2373.2,0.56,551.0,0.5,2283.06,0.57,454.0,0.49,532.98,0.58,409.0,0.48,130.0,0.59,444.0,0.45,474.0,0.48,992.52,0.44,551.0,0.49,2373.2,0.43,454.0,0.5,2283.06,0.42,409.0,0.51,532.98,0.41,444.0,0.52,130.0
2026-01-07 09:30:31.643000+00:00,2026-01-07 09:30:29.218084+00:00,31.643,0.535,0.53,0.54,0.46499999999999997,0.46,0.47,1825.81,538.0,474.0,1825.81,0.52,887.52,0.55,459.0,0.51,2318.2,0.56,454.0,0.5,2308.06,0.57,454.0,0.49,460.48,0.58,409.0,0.48,155.0,0.59,444.0,0.45,505.0,0.48,887.52,0.44,454.0,0.49,2318.2,0.43,454.0,0.5,2308.06,0.42,409.0,0.51,460.48,0.41,444.0,0.52,155.0
2026-01-07 09:30:32.709000+00:00,2026-01-07 09:30:30.226030+00:00,32.709,0.535,0.53,0.54,0.46499999999999997,0.46,0.47,704.45,665.48,675.48,668.45,0.52,882.52,0.55,434.0,0.51,2273.2,0.56,454.0,0.5,2233.06,0.57,454.0,0.49,395.48,0.58,409.0,0.48,115.0,0.59,444.0,0.45,434.0,0.48,882.52,0.44,454.0,0.49,2273.2,0.43,454.0,0.5,2233.06,0.42,409.0,0.51,415.48,0.41,444.0,0.52,115.0
2026-01-07 09:30:33.723000+00:00,2026-01-07 09:30:31.230688+00:00,33.723,0.535,0.53,0.54,0.46499999999999997,0.46,0.47,406.38,545.48,535.48,331.25,0.52,892.52,0.55,524.0,0.51,2303.2,0.56,454.0,0.5,2258.06,0.57,454.0,0.49,390.48,0.58,409.0,0.48,85.0,0.59,444.0,0.45,434.0,0.48,892.52,0.44,454.0,0.49,2293.2,0.43,454.0,0.5,2273.06,0.42,409.0,0.51,400.48,0.41,444.0,0.52,85.0
2026-01-07 09:30:34.723000+00:00,2026-01-07 09:30:32.239183+00:00,34.723,0.535,0.53,0.54,0.46499999999999997,0.46,0.47,136.41,545.48,530.48,120.28,0.52,892.52,0.55,434.0,0.51,2273.2,0.56,454.0,0.5,2238.06,0.57,454.0,0.49,425.48,0.58,409.0,0.48,100.0,0.59,444.0,0.45,434.0,0.48,892.52,0.44,454.0,0.49,2273.2,0.43,454.0,0.5,2238.06,0.42,409.0,0.51,425.48,0.41,444.0,0.52,130.0
2026-01-07 09:30:35.690000+00:00,2026-01-07 09:30:33.241899+00:00,35.69,0.535,0.53,0.54,0.46499999999999997,0.46,0.47,39.37,540.48,525.48,39.37,0.52,887.52,0.55,434.0,0.51,2343.2,0.56,454.0,0.5,2308.06,0.57,454.0,0.49,495.48,0.58,374.0,0.48,105.0,0.59,444.0,0.45,434.0,0.48,887.52,0.44,454.0,0.49,2343.2,0.43,454.0,0.5,2313.06,0.42,374.0,0.51,480.48,0.41,444.0,0.52,175.0
2026-01-07 09:30:36.740000+00:00,2026-01-07 09:30:34.263866+00:00,36.74,0.525,0.52,0.53,0.475,0.47,0.48,887.52,135.0,135.0,887.52,0.51,2353.2,0.54,505.48,0.5,2333.06,0.55,459.0,0.49,490.48,0.56,454.0,0.48,155.0,0.57,419.0,0.47,115.0,0.58,374.0,0.46,515.48,0.49,2353.2,0.45,459.0,0.5,2333.06,0.44,454.0,0.51,490.48,0.43,419.0,0.52,155.0,0.42,374.0,0.53,115.0
2026-01-07 09:30:37.748000+00:00,2026-01-07 09:30:35.276755+00:00,37.748,0.525,0.52,0.53,0.475,0.47,0.48,690.84,175.0,175.0,690.84,0.51,2383.2,0.54,477.08,0.5,2333.06,0.55,484.0,0.49,440.48,0.56,464.0,0.48,155.0,0.57,419.0,0.47,130.0,0.58,374.0,0.46,477.08,0.49,2383.2,0.45,484.0,0.5,2333.06,0.44,464.0,0.51,440.48,0.43,419.0,0.52,155.0,0.42,374.0,0.53,130.0
2026-01-07 09:30:38.771000+00:00,2026-01-07 09:30:36.284150+00:00,38.771,0.525,0.52,0.53,0.475,0.47,0.48,805.84,166.6,165.6,825.84,0.51,2348.2,0.54,438.08,0.5,2388.06,0.55,384.0,0.49,500.48,0.56,459.0,0.48,150.0,0.57,439.0,0.47,125.0,0.58,384.0,0.46,438.08,0.49,2348.2,0.45,384.0,0.5,2388.06,0.44,459.0,0.51,485.48,0.43,444.0,0.52,165.0,0.42,394.0,0.53,125.0
2026-01-07 09:30:39.779000+00:00,2026-01-07 09:30:37.293096+00:00,39.779,0.525,0.52,0.53,0.475,0.47,0.48,399.15,429.53,429.53,379.15,0.51,2528.18,0.54,384.08,0.5,2368.06,0.55,440.0,0.49,510.48,0.56,404.0,0.48,333.0,0.57,399.0,0.47,333.0,0.58,324.0,0.46,384.08,0.49,2458.2,0.45,445.0,0.5,2423.06,0.44,399.0,0.51,510.48,0.43,389.0,0.52,333.0,0.42,324.0,0.53,333.0
2026-01-07 09:30:40.760000+00:00,2026-01-07 09:30:38.300418+00:00,40.76,0.525,0.52,0.53,0.475,0.47,0.48,256.16,404.53,389.53,256.16,0.51,2293.2,0.54,394.08,0.5,2408.04,0.55,500.0,0.49,485.48,0.56,404.0,0.48,165.0,0.57,419.0,0.47,308.0,0.58,374.0,0.46,394.08,0.49,2303.2,0.45,500.0,0.5,2418.04,0.44,404.0,0.51,485.48,0.43,419.0,0.52,165.0,0.42,374.0,0.53,308.0
2026-01-07 09:30:41.772000+00:00,2026-01-07 09:30:39.307033+00:00,41.772,0.525,0.52,0.53,0.475,0.47,0.48,202.58,394.53,394.53,202.58,0.51,2333.2,0.54,439.08,0.5,2398.04,0.55,540.0,0.49,520.48,0.56,454.0,0.48,150.0,0.57,419.0,0.47,308.0,0.58,374.0,0.46,434.08,0.49,2333.2,0.45,540.0,0.5,2398.04,0.44,454.0,0.51,520.48,0.43,419.0,0.52,150.0,0.42,374.0,0.53,308.0
2026-01-07 09:30:42.782000+00:00,2026-01-07 09:30:40.295575+00:00,42.782,0.525,0.52,0.53,0.475,0.47,0.48,191.24,389.53,672.53,186.24,0.51,2328.2,0.54,519.08,0.5,2398.04,0.55,530.0,0.49,505.48,0.56,454.0,0.48,165.0,0.57,419.0,0.47,308.0,0.58,374.0,0.46,519.08,0.49,2328.2,0.45,474.0,0.5,2398.04,0.44,454.0,0.51,505.48,0.43,419.0,0.52,165.0,0.42,374.0,0.53,308.0
2026-01-07 09:30:43.752000+00:00,2026-01-07 09:30:41.301767+00:00,43.752,0.525,0.52,0.53,0.475,0.47,0.48,40.94,693.53,693.53,48.64,0.51,2468.2,0.54,438.08,0.5,2348.06,0.55,474.0,0.49,520.48,0.56,504.0,0.48,247.0,0.57,439.0,0.47,272.0,0.58,374.0,0.46,438.08,0.49,2468.2,0.45,404.0,0.5,2383.06,0.44,504.0,0.51,495.48,0.43,439.0,0.52,272.0,0.42,374.0,0.53,272.0
2026-01-07 09:30:44.795000+00:00,2026-01-07 09:30:42.308831+00:00,44.795,0.525,0.52,0.53,0.475,0.47,0.48,156.1,334.53,334.53,154.98,0.51,2418.2,0.54,324.08,0.5,2383.06,0.55,550.0,0.49,495.48,0.56,459.0,0.48,211.0,0.57,429.0,0.47,333.0,0.58,374.0,0.46,141.08,0.49,2398.2,0.45,384.0,0.5,2383.06,0.44,424.0,0.51,495.48,0.43,459.0,0.52,211.0,0.42,394.0,0.53,333.0
2026-01-07 09:30:45.803000+00:00,2026-01-07 09:30:43.314278+00:00,45.803,0.525,0.52,0.53,0.475,0.47,0.48,25.3,225.85,230.85,23.3,0.51,2388.2,0.54,362.08,0.5,2388.06,0.55,484.0,0.49,510.48,0.56,429.0,0.48,211.0,0.57,419.0,0.47,333.0,0.58,374.0,0.46,433.08,0.49,2388.2,0.45,484.0,0.5,2388.06,0.44,419.0,0.51,510.48,0.43,419.0,0.52,150.0,0.42,374.0,0.53,333.0
2026-01-07 09:30:46.804000+00:00,2026-01-07 09:30:44.319719+00:00,46.804,0.515,0.51,0.52,0.485,0.48,0.49,2275.56,175.0,195.0,2275.56,0.5,2318.04,0.53,130.0,0.49,550.48,0.54,523.08,0.48,125.0,0.55,439.0,0.47,333.0,0.56,419.0,0.46,320.6,0.57,419.0,0.47,180.0,0.5,2328.04,0.46,503.08,0.51,570.48,0.45,419.0,0.52,135.0,0.44,419.0,0.53,333.0,0.43,419.0,0.54,330.6
2026-01-07 09:30:47.802000+00:00,2026-01-07 09:30:45.325559+00:00,47.802,0.515,0.51,0.52,0.485,0.48,0.49,2286.69,354.0,349.0,2246.69,0.5,2308.06,0.53,130.0,0.49,530.48,0.54,484.08,0.48,125.0,0.55,495.0,0.47,343.0,0.56,430.2,0.46,410.6,0.57,419.0,0.47,130.0,0.5,2303.06,0.46,484.08,0.51,545.48,0.45,495.0,0.52,125.0,0.44,430.2,0.53,343.0,0.43,419.0,0.54,410.6
2026-01-07 09:30:48.638000+00:00,2026-01-07 09:30:46.333529+00:00,48.638,0.515,0.51,0.52,0.485,0.48,0.49,2231.58,344.0,344.0,2231.58,0.5,2283.06,0.53,125.0,0.49,545.48,0.54,488.08,0.48,125.0,0.55,419.0,0.47,343.0,0.56,430.2,0.46,320.6,0.57,419.0,0.47,125.0,0.5,2283.06,0.46,488.08,0.51,545.48,0.45,419.0,0.52,125.0,0.44,430.2,0.53,343.0,0.43,419.0,0.54,320.6
2026-01-07 09:30:49.811000+00:00,2026-01-07 09:30:47.340569+00:00,49.811,0.515,0.51,0.52,0.485,0.48,0.49,2132.22,389.0,484.0,2122.22,0.5,2343.04,0.53,180.0,0.49,570.48,0.54,508.08,0.48,140.0,0.55,419.0,0.47,343.0,0.56,430.2,0.46,320.6,0.57,419.0,0.47,282.0,0.5,2328.04,0.46,588.08,0.51,535.48,0.45,419.0,0.52,200.0,0.44,430.2,0.53,333.0,0.43,419.0,0.54,330.6
2026-01-07 09:30:50.841000+00:00,2026-01-07 09:30:48.345153+00:00,50.841,0.515,0.51,0.52,0.485,0.48,0.49,2093.27,494.0,494.0,2093.27,0.5,2218.06,0.53,509.0,0.49,475.48,0.54,535.08,0.48,110.0,0.55,419.0,0.47,105.0,0.56,419.0,0.46,330.6,0.57,419.0,0.47,509.0,0.5,2218.06,0.46,588.08,0.51,475.48,0.45,419.0,0.52,110.0,0.44,419.0,0.53,105.0,0.43,419.0,0.54,330.6
2026-01-07 09:30:51.838000+00:00,2026-01-07 09:30:49.350816+00:00,51.838,0.515,0.51,0.52,0.485,0.48,0.49,1731.1,399.0,394.0,1696.1,0.5,2303.04,0.53,494.0,0.49,500.48,0.54,598.08,0.48,65.0,0.55,419.0,0.47,55.0,0.56,419.0,0.46,137.6,0.57,419.0,0.47,479.0,0.5,2323.04,0.46,609.08,0.51,510.48,0.45,419.0,0.52,80.0,0.44,419.0,0.53,90.0,0.43,419.0,0.54,259.6
2026-01-07 09:30:52.859000+00:00,2026-01-07 09:30:50.373187+00:00,52.859,0.515,0.51,0.52,0.485,0.48,0.49,1673.92,389.0,389.0,1673.92,0.5,2323.04,0.53,494.0,0.49,510.48,0.54,618.08,0.48,80.0,0.55,419.0,0.47,160.0,0.56,419.0,0.46,320.6,0.57,419.0,0.47,494.0,0.5,2323.04,0.46,608.08,0.51,510.48,0.45,419.0,0.52,80.0,0.44,419.0,0.53,160.0,0.43,419.0,0.54,320.6
2026-01-07 09:30:53.862000+00:00,2026-01-07 09:30:51.363248+00:00,53.862,0.515,0.51,0.52,0.485,0.48,0.49,1620.69,364.0,364.0,1609.09,0.5,2333.04,0.53,494.0,0.49,570.48,0.54,563.08,0.48,150.0,0.55,419.0,0.47,160.0,0.56,419.0,0.46,320.6,0.57,419.0,0.47,494.0,0.5,2333.04,0.46,563.08,0.51,535.48,0.45,419.0,0.52,140.0,0.44,419.0,0.53,160.0,0.43,419.0,0.54,285.6
2026-01-07 09:30:54.908000+00:00,2026-01-07 09:30:52.386105+00:00,54.908,0.515,0.51,0.52,0.485,0.48,0.49,1609.09,369.0,409.0,1609.09,0.5,2233.06,0.53,489.0,0.49,590.48,0.54,563.08,0.48,140.0,0.55,419.0,0.47,150.0,0.56,419.0,0.46,295.6,0.57,419.0,0.47,524.0,0.5,2268.06,0.46,573.08,0.51,600.48,0.45,419.0,0.52,175.0,0.44,419.0,0.53,150.0,0.43,419.0,0.54,335.6
2026-01-07 09:30:55.724000+00:00,2026-01-07 09:30:53.397369+00:00,55.724,0.515,0.51,0.52,0.485,0.48,0.49,1592.49,895.0,838.0,1607.49,0.5,2218.06,0.53,439.0,0.49,595.48,0.54,505.08,0.48,160.0,0.55,419.0,0.47,190.0,0.56,419.0,0.46,142.6,0.57,419.0,0.47,439.0,0.5,2218.06,0.46,558.08,0.51,600.48,0.45,419.0,0.52,150.0,0.44,419.0,0.53,160.0,0.43,419.0,0.54,142.6
2026-01-07 09:30:56.848000+00:00,2026-01-07 09:30:54.402869+00:00,56.848,0.515,0.51,0.52,0.485,0.48,0.49,1596.91,703.0,698.0,1601.91,0.5,2378.04,0.53,484.0,0.49,535.48,0.54,583.08,0.48,175.0,0.55,419.0,0.47,160.0,0.56,419.0,0.46,259.6,0.57,419.0,0.47,479.0,0.5,2378.04,0.46,583.08,0.51,550.48,0.45,419.0,0.52,160.0,0.44,419.0,0.53,160.0,0.43,419.0,0.54,259.6
2026-01-07 09:30:57.904000+00:00,2026-01-07 09:30:55.410318+00:00,57.904,0.515,0.51,0.52,0.485,0.48,0.49,1726.91,314.0,314.0,1761.91,0.5,2348.06,0.53,236.0,0.49,510.48,0.54,563.08,0.48,160.0,0.55,489.0,0.47,333.0,0.56,429.0,0.46,320.6,0.57,419.0,0.47,201.0,0.5,2298.06,0.46,498.08,0.51,520.48,0.45,469.0,0.52,282.0,0.44,449.0,0.53,333.0,0.43,419.0,0.54,285.6
2026-01-07 09:30:58.860000+00:00,2026-01-07 09:30:56.420448+00:00,58.86,0.515,0.51,0.52,0.46499999999999997,0.46,0.47,1846.91,37.49,161.08,10.0,0.5,2358.06,0.54,161.08,0.49,530.48,0.55,420.0,0.48,333.0,0.56,484.0,0.47,333.0,0.57,439.0,0.46,375.6,0.58,374.0,0.45,420.0,0.48,10.0,0.44,484.0,0.49,1831.91,0.43,439.0,0.5,2358.06,0.42,374.0,0.51,530.48,0.41,435.0,0.52,333.0
2026-01-07 09:30:59.903000+00:00,2026-01-07 09:30:57.427592+00:00,59.903,0.535,0.53,0.54,0.46499999999999997,0.46,0.47,10.0,221.08,221.08,5.0,0.52,149.98,0.55,729.0,0.51,1741.91,0.56,379.0,0.5,2403.06,0.57,419.0,0.49,642.48,0.58,374.0,0.48,433.0,0.59,435.0,0.45,425.0,0.48,65.0,0.44,369.0,0.49,1776.91,0.43,419.0,0.5,2403.06,0.42,374.0,0.51,703.48,0.41,435.0,0.52,433.0
2026-01-07 09:31:00.900000+00:00,2026-01-07 09:30:58.420850+00:00,60.9,0.525,0.52,0.53,0.475,0.47,0.48,9.2,263.0,425.0,9.2,0.51,1616.91,0.54,526.08,0.5,2394.04,0.55,373.0,0.49,564.48,0.56,349.0,0.48,388.0,0.57,419.0,0.47,474.0,0.58,374.0,0.46,432.08,0.49,1581.91,0.45,434.0,0.5,2319.06,0.44,349.0,0.51,391.48,0.43,419.0,0.52,115.0,0.42,374.0,0.53,343.0
2026-01-07 09:31:01.905000+00:00,2026-01-07 09:30:59.425363+00:00,61.905,0.515,0.51,0.52,0.485,0.48,0.49,1581.91,208.0,145.0,1581.91,0.5,2308.06,0.53,263.0,0.49,371.48,0.54,564.08,0.48,125.0,0.55,424.0,0.47,100.0,0.56,419.0,0.46,350.6,0.57,419.0,0.47,283.0,0.5,2328.06,0.46,574.08,0.51,396.48,0.45,424.0,0.52,135.0,0.44,419.0,0.53,80.0,0.43,419.0,0.54,330.6
2026-01-07 09:31:02.871000+00:00,2026-01-07 09:31:00.446761+00:00,62.871,0.515,0.51,0.52,0.485,0.48,0.49,1586.91,419.0,414.0,1586.91,0.5,2358.06,0.53,373.0,0.49,411.48,0.54,563.08,0.48,95.0,0.55,424.0,0.47,90.0,0.56,419.0,0.46,320.6,0.57,419.0,0.47,373.0,0.5,2358.06,0.46,563.08,0.51,400.01,0.45,424.0,0.52,95.0,0.44,419.0,0.53,90.0,0.43,419.0,0.54,320.6
2026-01-07 09:31:03.939000+00:00,2026-01-07 09:31:01.450587+00:00,63.939,0.515,0.51,0.52,0.485,0.48,0.49,1581.91,722.0,779.0,1581.91,0.5,2218.06,0.53,429.0,0.49,270.01,0.54,580.08,0.48,144.98,0.55,424.0,0.47,75.0,0.56,419.0,0.46,365.6,0.57,419.0,0.47,520.2,0.5,2218.06,0.46,580.08,0.51,270.01,0.45,424.0,0.52,24.98,0.44,419.0,0.53,140.0,0.43,419.0,0.54,290.6
2026-01-07 09:31:04.917000+00:00,2026-01-07 09:31:02.454393+00:00,64.917,0.515,0.51,0.52,0.485,0.48,0.49,717.46,920.0,853.0,640.46,0.5,2218.06,0.53,450.2,0.49,290.01,0.54,500.08,0.48,109.98,0.55,419.0,0.47,145.0,0.56,419.0,0.46,42.6,0.57,419.0,0.47,460.2,0.5,2218.06,0.46,500.08,0.51,290.01,0.45,419.0,0.52,109.98,0.44,419.0,0.53,145.0,0.43,419.0,0.54,42.6
2026-01-07 09:31:05.953000+00:00,2026-01-07 09:31:03.457206+00:00,65.953,0.515,0.51,0.52,0.485,0.48,0.49,425.46,875.0,875.0,415.46,0.5,2228.06,0.53,465.0,0.49,295.01,0.54,500.08,0.48,164.98,0.55,419.0,0.47,70.0,0.56,419.0,0.46,77.6,0.57,419.0,0.47,495.0,0.5,2228.06,0.46,500.08,0.51,345.01,0.45,419.0,0.52,184.98,0.44,419.0,0.53,70.0,0.43,419.0,0.54,77.6
2026-01-07 09:31:06.956000+00:00,2026-01-07 09:31:04.478559+00:00,66.956,0.515,0.51,0.52,0.485,0.48,0.49,475.46,785.0,785.0,475.46,0.5,2303.04,0.53,385.0,0.49,380.01,0.54,570.08,0.48,165.0,0.55,419.0,0.47,135.0,0.56,419.0,0.46,152.6,0.57,419.0,0.47,385.0,0.5,2338.04,0.46,570.08,0.51,430.01,0.45,419.0,0.52,165.0,0.44,419.0,0.53,135.0,0.43,419.0,0.54,274.6
2026-01-07 09:31:07.966000+00:00,2026-01-07 09:31:05.484658+00:00,67.966,0.515,0.51,0.52,0.485,0.48,0.49,534.46,429.38,404.38,529.46,0.5,2403.04,0.53,105.0,0.49,460.01,0.54,392.08,0.48,246.0,0.55,359.0,0.47,333.0,0.56,419.0,0.46,330.6,0.57,419.0,0.47,105.0,0.5,2373.06,0.46,402.08,0.51,475.01,0.45,419.0,0.52,246.0,0.44,419.0,0.53,333.0,0.43,419.0,0.54,330.6
2026-01-07 09:31:08.961000+00:00,2026-01-07 09:31:06.492222+00:00,68.961,0.515,0.51,0.52,0.485,0.48,0.49,464.46,399.38,399.38,457.37,0.5,2333.04,0.53,414.0,0.49,370.01,0.54,583.08,0.48,195.0,0.55,419.0,0.47,125.0,0.56,419.0,0.46,330.6,0.57,419.0,0.47,414.0,0.5,2333.04,0.46,583.08,0.51,370.01,0.45,419.0,0.52,200.0,0.44,419.0,0.53,125.0,0.43,419.0,0.54,330.6
2026-01-07 09:31:09.711000+00:00,2026-01-07 09:31:07.514574+00:00,69.711,0.515,0.51,0.52,0.485,0.48,0.49,452.37,389.38,389.38,427.94,0.5,2338.04,0.53,424.0,0.49,370.01,0.54,582.55,0.48,200.0,0.55,429.4,0.47,125.0,0.56,419.0,0.46,330.6,0.57,419.0,0.47,424.0,0.5,2348.04,0.46,582.55,0.51,370.01,0.45,429.4,0.52,200.0,0.44,419.0,0.53,125.0,0.43,419.0,0.54,330.6
2026-01-07 09:31:10.975000+00:00,2026-01-07 09:31:08.520942+00:00,70.975,0.515,0.51,0.52,0.485,0.48,0.49,530.69,354.38,354.38,550.69,0.5,2343.04,0.53,60.0,0.49,435.01,0.54,627.55,0.48,145.0,0.55,449.4,0.47,343.0,0.56,419.0,0.46,410.6,0.57,419.0,0.47,60.0,0.5,2333.04,0.46,627.55,0.51,435.01,0.45,449.4,0.52,145.0,0.44,419.0,0.53,343.0,0.43,419.0,0.54,410.6
2026-01-07 09:31:11.996000+00:00,2026-01-07 09:31:09.543339+00:00,71.996,0.515,0.51,0.52,0.485,0.48,0.49,630.69,234.0,234.0,700.69,0.5,2288.06,0.53,125.0,0.49,542.01,0.54,449.55,0.48,392.0,0.55,465.4,0.47,333.0,0.56,389.0,0.46,406.6,0.57,419.0,0.47,125.0,0.5,2358.06,0.46,145.55,0.51,603.01,0.45,161.4,0.52,453.0,0.44,389.0,0.53,333.0,0.43,419.0,0.54,406.6
2026-01-07 09:31:12.988000+00:00,2026-01-07 09:31:10.550054+00:00,72.988,0.515,0.51,0.52,0.485,0.48,0.49,550.69,224.0,224.0,550.69,0.5,2413.06,0.53,170.0,0.49,588.01,0.54,190.55,0.48,453.0,0.55,151.0,0.47,343.0,0.56,349.0,0.46,441.6,0.57,419.0,0.47,140.0,0.5,2413.06,0.46,190.55,0.51,588.01,0.45,146.0,0.52,453.0,0.44,349.0,0.53,343.0,0.43,419.0,0.54,441.6
2026-01-07 09:31:14.041000+00:00,2026-01-07 09:31:11.554624+00:00,74.041,0.515,0.51,0.52,0.485,0.48,0.49,655.69,10.0,10.0,725.69,0.5,2475.06,0.54,366.07,0.49,603.01,0.55,95.0,0.48,453.0,0.56,365.0,0.47,454.0,0.57,419.0,0.46,406.6,0.58,374.0,0.46,361.07,0.5,2475.06,0.45,120.0,0.51,603.01,0.44,375.0,0.52,453.0,0.43,419.0,0.53,454.0,0.42,374.0,0.54,406.6
2026-01-07 09:31:15.028000+00:00,2026-01-07 09:31:12.575112+00:00,75.028,0.515,0.51,0.52,0.485,0.48,0.49,587.43,25.0,25.0,582.43,0.5,2551.06,0.53,55.0,0.49,653.01,0.54,516.07,0.48,453.0,0.55,125.0,0.47,454.0,0.56,294.0,0.46,416.6,0.57,419.0,0.47,55.0,0.5,2551.06,0.46,586.07,0.51,653.01,0.45,125.0,0.52,453.0,0.44,294.0,0.53,454.0,0.43,419.0,0.54,416.6
2026-01-07 09:31:16.065000+00:00,2026-01-07 09:31:13.581031+00:00,76.065,0.515,0.51,0.52,0.485,0.48,0.49,542.43,150.0,65.0,542.43,0.5,2455.06,0.53,75.0,0.49,497.01,0.54,649.07,0.48,242.0,0.55,494.5,0.47,434.0,0.56,419.0,0.46,336.6,0.57,419.0,0.47,75.0,0.5,2455.06,0.46,649.07,0.51,497.01,0.45,494.5,0.52,242.0,0.44,419.0,0.53,424.0,0.43,419.0,0.54,336.6
2026-01-07 09:31:17.067000+00:00,2026-01-07 09:31:14.583641+00:00,77.067,0.515,0.51,0.52,0.485,0.48,0.49,397.43,469.0,469.0,397.43,0.5,2323.04,0.53,55.0,0.49,375.01,0.54,565.07,0.48,130.0,0.55,428.5,0.47,283.0,0.56,419.0,0.46,420.6,0.57,419.0,0.47,125.0,0.5,2323.04,0.46,565.07,0.51,375.01,0.45,428.5,0.52,120.0,0.44,419.0,0.53,283.0,0.43,419.0,0.54,420.6
2026-01-07 09:31:18.885000+00:00,2026-01-07 09:31:16.592466+00:00,78.885,0.515,0.51,0.52,0.485,0.48,0.49,442.43,394.0,394.0,442.43,0.5,2493.04,0.53,155.0,0.49,350.01,0.54,494.07,0.48,293.0,0.55,437.9,0.47,353.0,0.56,419.0,0.46,330.6,0.57,419.0,0.47,155.0,0.5,2493.04,0.46,494.07,0.51,350.01,0.45,437.9,0.52,293.0,0.44,419.0,0.53,353.0,0.43,419.0,0.54,330.6
2026-01-07 09:31:20.023000+00:00,2026-01-07 09:31:17.594355+00:00,80.023,0.515,0.51,0.52,0.485,0.48,0.49,504.91,369.0,369.0,504.91,0.5,2428.04,0.53,180.0,0.49,455.01,0.54,474.07,0.48,338.0,0.55,427.9,0.47,423.0,0.56,419.0,0.46,330.6,0.57,419.0,0.47,180.0,0.5,2428.04,0.46,474.07,0.51,455.01,0.45,427.9,0.52,338.0,0.44,419.0,0.53,423.0,0.43,419.0,0.54,330.6
2026-01-07 09:31:21.088000+00:00,2026-01-07 09:31:18.596981+00:00,81.088,0.515,0.51,0.52,0.485,0.48,0.49,395.61,439.0,454.0,395.61,0.5,2458.04,0.53,185.0,0.49,450.01,0.54,390.07,0.48,190.0,0.55,427.9,0.47,333.0,0.56,419.0,0.46,420.6,0.57,419.0,0.47,185.0,0.5,2458.04,0.46,443.07,0.51,450.01,0.45,427.9,0.52,190.0,0.44,419.0,0.53,333.0,0.43,419.0,0.54,420.6
2026-01-07 09:31:22.083000+00:00,2026-01-07 09:31:19.601702+00:00,82.083,0.515,0.51,0.52,0.485,0.48,0.49,388.36,533.99,533.99,403.36,0.5,2323.06,0.53,429.0,0.49,390.01,0.54,511.07,0.48,115.0,0.55,427.9,0.47,160.0,0.56,419.0,0.46,340.6,0.57,419.0,0.47,429.0,0.5,2323.06,0.46,564.07,0.51,390.01,0.45,427.9,0.52,105.0,0.44,419.0,0.53,135.0,0.43,419.0,0.54,330.6
2026-01-07 09:31:23.085000+00:00,2026-01-07 09:31:20.608326+00:00,83.085,0.515,0.51,0.52,0.485,0.48,0.49,307.58,483.99,480.99,307.58,0.5,2428.06,0.53,484.0,0.49,365.01,0.54,511.07,0.48,115.0,0.55,427.9,0.47,125.0,0.56,419.0,0.46,420.6,0.57,419.0,0.47,484.0,0.5,2433.06,0.46,564.07,0.51,365.01,0.45,427.9,0.52,115.0,0.44,419.0,0.53,125.0,0.43,419.0,0.54,420.6
2026-01-07 09:31:24.091000+00:00,2026-01-07 09:31:21.611289+00:00,84.091,0.505,0.5,0.51,0.495,0.49,0.5,1682.32,404.21,394.21,1076.32,0.49,285.01,0.52,646.0,0.48,14.98,0.53,419.0,0.46,32.6,0.54,546.07,0.45,139.27,0.55,419.0,0.44,81.0,0.56,419.0,0.48,556.0,0.51,285.01,0.47,419.0,0.52,14.98,0.46,546.07,0.54,32.6,0.45,419.0,0.55,124.27,0.44,419.0,0.56,66.0
2026-01-07 09:31:25.060000+00:00,2026-01-07 09:31:22.616546+00:00,85.06,0.505,0.5,0.51,0.495,0.49,0.5,633.12,582.18,582.18,633.12,0.49,285.01,0.52,449.0,0.48,14.98,0.53,419.0,0.46,117.6,0.54,526.07,0.45,129.27,0.55,419.0,0.44,56.0,0.56,419.0,0.48,449.0,0.51,285.01,0.47,419.0,0.52,14.98,0.46,546.07,0.54,142.6,0.45,419.0,0.55,109.27,0.44,419.0,0.56,56.0
2026-01-07 09:31:26.108000+00:00,2026-01-07 09:31:23.623103+00:00,86.108,0.505,0.5,0.51,0.495,0.49,0.5,529.8,590.18,600.18,504.8,0.49,285.01,0.52,449.0,0.48,34.98,0.53,419.0,0.47,20.0,0.54,526.07,0.46,132.6,0.55,439.0,0.45,109.27,0.56,419.0,0.48,449.0,0.51,285.01,0.47,419.0,0.52,34.98,0.46,526.07,0.53,30.0,0.45,439.0,0.54,122.6,0.44,419.0,0.55,109.27
2026-01-07 09:31:27.118000+00:00,2026-01-07 09:31:24.627582+00:00,87.118,0.505,0.5,0.51,0.495,0.49,0.5,494.6,497.69,517.69,494.6,0.49,285.01,0.52,429.0,0.48,104.98,0.53,419.0,0.47,100.0,0.54,526.07,0.46,192.6,0.55,439.0,0.45,179.27,0.56,419.0,0.48,429.0,0.51,285.01,0.47,419.0,0.52,104.98,0.46,536.07,0.53,100.0,0.45,439.0,0.54,192.6,0.44,419.0,0.55,179.27
2026-01-07 09:31:28.114000+00:00,2026-01-07 09:31:25.632689+00:00,88.114,0.505,0.5,0.51,0.495,0.49,0.5,391.63,472.69,542.69,167.43,0.49,285.01,0.52,429.0,0.48,84.98,0.53,429.0,0.47,70.0,0.54,546.07,0.46,142.6,0.55,419.0,0.45,199.27,0.56,419.0,0.48,429.0,0.51,285.01,0.47,429.0,0.52,14.98,0.46,546.07,0.53,70.0,0.45,419.0,0.54,142.6,0.44,419.0,0.55,199.27
2026-01-07 09:31:29.131000+00:00,2026-01-07 09:31:26.652742+00:00,89.131,0.505,0.5,0.51,0.495,0.49,0.5,174.23,497.69,472.69,174.23,0.49,334.01,0.52,459.0,0.48,104.98,0.53,419.0,0.47,90.0,0.54,526.07,0.46,182.6,0.55,429.0,0.45,179.27,0.56,419.0,0.48,489.0,0.51,334.01,0.47,419.0,0.52,104.98,0.46,526.07,0.53,90.0,0.45,439.0,0.54,197.6,0.44,429.0,0.55,179.27
2026-01-07 09:31:30.042000+00:00,2026-01-07 09:31:27.657317+00:00,90.042,0.495,0.49,0.5,0.505,0.5,0.51,250.11,215.0,215.0,246.11,0.48,90.0,0.51,392.69,0.47,100.0,0.52,419.0,0.46,137.6,0.53,419.0,0.45,119.27,0.54,526.07,0.44,186.0,0.55,449.0,0.49,392.69,0.52,90.0,0.48,419.0,0.53,100.0,0.47,419.0,0.54,137.6,0.46,526.07,0.55,119.27,0.45,439.0,0.56,186.0
2026-01-07 09:31:31.033000+00:00,2026-01-07 09:31:28.668592+00:00,91.033,0.495,0.49,0.5,0.505,0.5,0.51,240.91,220.0,205.0,230.91,0.48,110.0,0.51,392.69,0.47,90.0,0.52,419.0,0.46,137.6,0.53,419.0,0.45,209.27,0.54,526.07,0.44,131.0,0.55,449.0,0.49,362.69,0.52,175.0,0.48,349.0,0.53,80.0,0.47,349.0,0.54,237.6,0.46,526.07,0.55,154.27,0.45,429.0,0.56,159.47
2026-01-07 09:31:32.162000+00:00,2026-01-07 09:31:29.673551+00:00,92.162,0.495,0.49,0.5,0.505,0.5,0.51,344.79,134.03,154.03,394.79,0.48,80.0,0.51,45.0,0.47,184.98,0.52,228.0,0.46,167.6,0.53,389.0,0.45,402.27,0.54,496.07,0.44,349.0,0.55,419.0,0.49,45.0,0.52,70.0,0.48,228.0,0.53,120.0,0.47,359.0,0.54,172.6,0.46,456.07,0.55,402.27,0.45,419.0,0.56,349.0
2026-01-07 09:31:33.157000+00:00,2026-01-07 09:31:30.679935+00:00,93.157,0.495,0.49,0.5,0.505,0.5,0.51,214.79,159.81,145.0,203.65,0.48,70.0,0.51,55.0,0.47,135.0,0.52,167.0,0.46,430.6,0.53,167.0,0.45,392.27,0.54,536.07,0.44,377.47,0.55,419.0,0.49,45.0,0.53,65.0,0.48,167.0,0.54,247.6,0.47,228.0,0.55,209.27,0.46,536.07,0.56,377.47,0.45,419.0,0.57,347.0
2026-01-07 09:31:34.155000+00:00,2026-01-07 09:31:31.684687+00:00,94.155,0.495,0.49,0.5,0.505,0.5,0.51,195.67,135.0,70.0,235.67,0.47,80.0,0.51,55.0,0.46,237.6,0.52,228.0,0.45,249.27,0.53,228.0,0.44,349.0,0.54,536.07,0.43,337.0,0.55,419.0,0.49,45.0,0.53,154.98,0.48,228.0,0.54,157.6,0.47,228.0,0.55,219.27,0.46,526.07,0.56,349.0,0.45,419.0,0.57,337.0
2026-01-07 09:31:35.180000+00:00,2026-01-07 09:31:32.691819+00:00,95.18,0.495,0.49,0.5,0.505,0.5,0.51,195.67,155.0,140.0,195.67,0.48,30.0,0.51,155.0,0.47,25.0,0.52,308.0,0.46,177.6,0.53,419.0,0.45,154.27,0.54,526.07,0.44,314.0,0.55,419.0,0.49,155.0,0.52,30.0,0.48,308.0,0.53,25.0,0.47,419.0,0.54,212.6,0.46,526.07,0.55,164.27,0.45,419.0,0.56,377.47
2026-01-07 09:31:36.177000+00:00,2026-01-07 09:31:33.700350+00:00,96.177,0.495,0.49,0.5,0.505,0.5,0.51,190.08,175.0,175.0,190.08,0.48,30.0,0.51,165.0,0.47,25.0,0.52,308.0,0.46,212.6,0.53,419.0,0.45,164.27,0.54,521.07,0.44,377.47,0.55,419.0,0.49,165.0,0.52,30.0,0.48,308.0,0.53,25.0,0.47,419.0,0.54,212.6,0.46,521.07,0.55,164.27,0.45,419.0,0.56,377.47
2026-01-07 09:31:37.194000+00:00,2026-01-07 09:31:34.706649+00:00,97.194,0.495,0.49,0.5,0.505,0.5,0.51,178.94,170.0,170.0,178.94,0.48,30.0,0.51,165.0,0.47,25.0,0.52,308.0,0.46,282.6,0.53,419.0,0.45,179.27,0.54,521.07,0.44,362.47,0.55,419.0,0.49,165.0,0.52,30.0,0.48,308.0,0.53,25.0,0.47,419.0,0.54,282.6,0.46,521.07,0.55,194.27,0.45,424.0,0.56,349.0
2026-01-07 09:31:38.164000+00:00,2026-01-07 09:31:35.710248+00:00,98.164,0.495,0.49,0.5,0.505,0.5,0.51,160.5,145.0,130.0,149.36,0.48,30.0,0.51,120.0,0.47,229.98,0.52,373.0,0.46,157.6,0.53,429.0,0.45,229.27,0.54,521.07,0.44,349.0,0.55,424.0,0.49,120.0,0.52,30.0,0.48,373.0,0.53,229.98,0.47,429.0,0.54,157.6,0.46,521.07,0.55,229.27,0.45,424.0,0.56,349.0
2026-01-07 09:31:39.866000+00:00,2026-01-07 09:31:37.723489+00:00,99.866,0.495,0.49,0.5,0.505,0.5,0.51,45.78,130.0,130.0,45.78,0.48,110.0,0.51,195.0,0.47,135.0,0.52,308.0,0.46,237.6,0.53,298.0,0.45,219.27,0.54,521.07,0.44,359.0,0.55,424.0,0.49,195.0,0.52,110.0,0.48,308.0,0.53,135.0,0.47,298.0,0.54,237.6,0.46,521.07,0.55,219.27,0.45,424.0,0.56,359.0
2026-01-07 09:31:41.138000+00:00,2026-01-07 09:31:38.745341+00:00,101.138,0.495,0.49,0.5,0.505,0.5,0.51,36.89,190.0,190.0,36.89,0.47,80.0,0.51,313.0,0.46,192.6,0.52,298.0,0.45,239.27,0.53,419.0,0.44,387.47,0.54,521.07,0.43,342.0,0.55,424.0,0.49,313.0,0.53,80.0,0.48,298.0,0.54,192.6,0.47,419.0,0.55,239.27,0.46,521.07,0.56,387.47,0.45,424.0,0.57,342.0
2026-01-07 09:31:42.249000+00:00,2026-01-07 09:31:39.758335+00:00,102.249,0.495,0.49,0.5,0.505,0.5,0.51,91.89,155.0,155.0,91.89,0.48,30.0,0.51,403.0,0.47,90.0,0.52,308.0,0.46,272.6,0.53,419.0,0.45,164.27,0.54,521.07,0.44,387.47,0.55,424.0,0.49,403.0,0.52,30.0,0.48,308.0,0.53,90.0,0.47,419.0,0.54,272.6,0.46,521.07,0.55,164.27,0.45,424.0,0.56,387.47
2026-01-07 09:31:43.896000+00:00,2026-01-07 09:31:41.770260+00:00,103.896,0.495,0.49,0.5,0.505,0.5,0.51,54.02,135.0,135.0,46.02,0.48,20.0,0.51,423.0,0.47,100.0,0.52,313.0,0.46,262.6,0.53,419.0,0.45,164.27,0.54,521.07,0.44,387.47,0.55,424.0,0.49,423.0,0.52,20.0,0.48,313.0,0.53,100.0,0.47,419.0,0.54,262.6,0.46,521.07,0.55,164.27,0.45,424.0,0.56,387.47
2026-01-07 09:31:45.192000+00:00,2026-01-07 09:31:42.793038+00:00,105.192,0.495,0.49,0.5,0.505,0.5,0.51,32.83,155.0,155.0,32.83,0.48,30.0,0.51,393.0,0.47,90.0,0.52,313.0,0.46,272.6,0.53,419.0,0.45,164.27,0.54,521.07,0.44,387.47,0.55,424.0,0.49,393.0,0.52,30.0,0.48,313.0,0.53,90.0,0.47,419.0,0.54,272.6,0.46,521.07,0.55,164.27,0.45,424.0,0.56,387.47
2026-01-07 09:31:46.285000+00:00,2026-01-07 09:31:43.798826+00:00,106.285,0.505,0.5,0.51,0.495,0.49,0.5,115.9,130.0,180.0,21.16,0.49,181.0,0.52,155.0,0.48,183.0,0.53,85.0,0.47,318.0,0.54,315.07,0.46,416.6,0.55,354.0,0.45,426.74,0.56,404.0,0.48,247.0,0.51,166.0,0.47,167.0,0.52,198.0,0.46,315.07,0.53,198.0,0.45,354.0,0.54,346.6,0.44,404.0,0.55,456.74
2026-01-07 09:31:47.284000+00:00,2026-01-07 09:31:44.805776+00:00,107.284,0.505,0.5,0.51,0.495,0.49,0.5,2.91,303.0,303.0,2.91,0.47,15.0,0.52,298.0,0.46,97.6,0.53,419.0,0.45,162.74,0.54,506.07,0.44,324.0,0.55,424.0,0.43,228.0,0.56,424.0,0.48,298.0,0.53,15.0,0.47,419.0,0.54,97.6,0.46,506.07,0.55,162.74,0.45,424.0,0.56,324.0,0.44,424.0,0.57,228.0
2026-01-07 09:31:48.285000+00:00,2026-01-07 09:31:45.809510+00:00,108.285,0.46499999999999997,0.46,0.47,0.535,0.53,0.54,26.26,105.0,100.0,24.22,0.45,109.27,0.48,85.0,0.44,344.0,0.49,10.0,0.43,233.0,0.5,172.0,0.42,253.0,0.51,494.0,0.41,367.0,0.52,419.0,0.52,45.0,0.55,89.27,0.5,177.0,0.56,219.0,0.49,499.0,0.57,332.98,0.48,424.0,0.58,268.0,0.47,419.0,0.59,367.0
2026-01-07 09:31:49.269000+00:00,2026-01-07 09:31:46.816809+00:00,109.269,0.46499999999999997,0.46,0.47,0.535,0.53,0.54,37.18,72.87,72.87,22.18,0.45,109.27,0.48,85.0,0.44,161.0,0.49,20.0,0.43,80.0,0.5,238.0,0.42,268.0,0.51,499.0,0.41,246.0,0.52,424.0,0.52,85.0,0.55,109.27,0.51,20.0,0.56,161.0,0.5,238.0,0.57,80.0,0.49,499.0,0.58,268.0,0.48,424.0,0.59,246.0
2026-01-07 09:31:50.287000+00:00,2026-01-07 09:31:47.838301+00:00,110.287,0.46499999999999997,0.46,0.47,0.535,0.53,0.54,67.18,42.87,42.87,37.18,0.45,84.27,0.48,75.0,0.44,141.0,0.49,50.0,0.43,95.0,0.5,248.0,0.42,253.0,0.51,504.0,0.41,236.0,0.52,419.0,0.52,75.0,0.55,94.27,0.51,50.0,0.56,151.0,0.5,269.33,0.57,105.0,0.49,504.0,0.58,253.0,0.48,419.0,0.59,256.0
2026-01-07 09:31:51.342000+00:00,2026-01-07 09:31:48.859664+00:00,111.342,0.46499999999999997,0.46,0.47,0.535,0.53,0.54,22.18,142.87,162.87,22.18,0.45,89.27,0.48,65.0,0.44,46.0,0.49,70.0,0.43,159.98,0.5,329.33,0.42,338.0,0.51,504.0,0.41,316.0,0.52,419.0,0.52,75.0,0.55,79.27,0.51,70.0,0.56,61.0,0.5,329.33,0.57,159.98,0.49,504.0,0.58,338.0,0.48,419.0,0.59,316.0
2026-01-07 09:31:52.345000+00:00,2026-01-07 09:31:49.865532+00:00,112.345,0.445,0.44,0.45,0.555,0.55,0.56,16.0,110.0,110.0,16.0,0.42,85.0,0.46,55.0,0.41,213.0,0.47,546.87,0.4,416.47,0.48,419.0,0.39,318.0,0.49,374.0,0.38,389.0,0.5,450.33,0.54,55.0,0.58,85.0,0.53,466.87,0.59,213.0,0.52,419.0,0.6,416.47,0.51,394.0,0.61,318.0,0.5,450.33,0.62,389.0
2026-01-07 09:31:53.320000+00:00,2026-01-07 09:31:50.886463+00:00,113.32,0.445,0.44,0.45,0.555,0.55,0.56,6.21,50.0,50.0,6.21,0.43,40.0,0.46,100.0,0.42,169.98,0.47,461.87,0.41,153.0,0.48,429.0,0.4,233.47,0.49,394.0,0.39,318.0,0.5,450.33,0.54,100.0,0.57,40.0,0.53,461.87,0.58,169.98,0.52,429.0,0.59,153.0,0.51,394.0,0.6,233.47,0.5,450.33,0.61,318.0
2026-01-07 09:31:54.357000+00:00,2026-01-07 09:31:51.891622+00:00,114.357,0.415,0.41,0.42,0.585,0.58,0.59,3.0,348.79,348.79,3.0,0.4,90.0,0.43,424.0,0.39,40.0,0.44,349.0,0.38,171.0,0.45,419.0,0.37,224.0,0.46,419.0,0.36,256.47,0.47,441.87,0.57,424.0,0.6,90.0,0.56,349.0,0.61,40.0,0.55,419.0,0.62,171.0,0.54,419.0,0.63,224.0,0.53,441.87,0.64,256.47
2026-01-07 09:31:55.377000+00:00,2026-01-07 09:31:52.898165+00:00,115.377,0.415,0.41,0.42,0.585,0.58,0.59,87.14,45.0,45.0,65.0,0.4,294.98,0.43,166.0,0.39,322.0,0.44,171.0,0.38,344.0,0.45,369.0,0.37,399.0,0.46,379.0,0.36,253.0,0.47,441.87,0.57,45.0,0.6,304.98,0.56,45.0,0.61,313.0,0.55,206.0,0.62,364.0,0.54,429.0,0.63,399.0,0.53,451.87,0.64,253.0
2026-01-07 09:31:56.390000+00:00,2026-01-07 09:31:53.905513+00:00,116.39,0.415,0.41,0.42,0.585,0.58,0.59,8.3,45.0,45.0,8.3,0.4,135.0,0.43,75.0,0.39,328.0,0.44,226.0,0.38,312.47,0.45,288.0,0.37,324.0,0.46,349.0,0.36,308.0,0.47,461.87,0.57,75.0,0.6,135.0,0.56,226.0,0.61,328.0,0.55,288.0,0.62,312.47,0.54,349.0,0.63,324.0,0.53,461.87,0.64,308.0
2026-01-07 09:31:57.360000+00:00,2026-01-07 09:31:54.909267+00:00,117.36,0.415,0.41,0.42,0.585,0.58,0.59,45.0,70.0,70.0,45.0,0.4,229.98,0.43,45.0,0.39,298.0,0.44,216.0,0.38,444.0,0.45,206.0,0.37,324.0,0.46,349.0,0.36,288.0,0.47,441.87,0.57,45.0,0.6,229.98,0.56,216.0,0.61,298.0,0.55,206.0,0.62,444.0,0.54,349.0,0.63,324.0,0.53,441.87,0.64,288.0
2026-01-07 09:31:58.285000+00:00,2026-01-07 09:31:55.899208+00:00,118.285,0.41000000000000003,0.4,0.42,0.585,0.58,0.59,353.14,70.0,25.0,35.0,0.39,358.0,0.43,110.0,0.38,454.0,0.44,65.0,0.37,309.0,0.45,166.0,0.36,357.0,0.46,236.0,0.35,253.0,0.47,441.87,0.57,110.0,0.6,256.02,0.56,65.0,0.61,358.0,0.55,166.0,0.62,454.0,0.54,236.0,0.63,309.0,0.53,441.87,0.64,322.0
2026-01-07 09:31:59.394000+00:00,2026-01-07 09:31:56.920945+00:00,119.394,0.415,0.41,0.42,0.585,0.58,0.59,5.0,44.32,29.32,120.0,0.4,366.0,0.43,185.0,0.39,368.0,0.44,115.0,0.38,354.0,0.45,236.0,0.37,409.0,0.46,236.0,0.36,357.0,0.47,441.87,0.57,185.0,0.6,291.02,0.56,115.0,0.61,378.0,0.55,236.0,0.62,354.0,0.54,236.0,0.63,409.0,0.53,441.87,0.64,357.0
2026-01-07 09:32:00.357000+00:00,2026-01-07 09:31:57.943863+00:00,120.357,0.415,0.41,0.42,0.585,0.58,0.59,45.0,50.0,50.0,40.0,0.4,181.02,0.43,105.0,0.39,443.0,0.44,115.0,0.38,382.47,0.45,236.0,0.37,409.0,0.46,236.0,0.36,322.0,0.47,436.87,0.57,75.0,0.6,296.0,0.56,55.0,0.61,393.0,0.55,236.0,0.62,374.0,0.54,236.0,0.63,399.0,0.53,436.87,0.64,312.0
2026-01-07 09:32:01.443000+00:00,2026-01-07 09:31:58.964910+00:00,121.443,0.44,0.43,0.45,0.5700000000000001,0.56,0.58,50.0,5.09,15.0,30.0,0.42,159.98,0.46,130.0,0.41,337.0,0.47,193.87,0.4,457.49,0.48,334.0,0.39,443.0,0.49,394.0,0.38,329.0,0.5,510.33,0.55,20.0,0.59,267.0,0.54,15.0,0.6,484.0,0.53,163.87,0.61,373.0,0.52,334.0,0.62,329.0,0.51,374.0,0.63,435.0
2026-01-07 09:32:02.429000+00:00,2026-01-07 09:31:59.969229+00:00,122.429,0.425,0.42,0.43,0.595,0.59,0.6,40.0,45.0,547.0,522.47,0.41,398.0,0.44,40.0,0.4,474.02,0.45,110.0,0.39,368.0,0.46,10.0,0.38,464.0,0.47,42.87,0.37,484.0,0.48,404.0,0.57,35.0,0.61,318.0,0.56,40.0,0.62,374.0,0.55,110.0,0.63,479.0,0.54,10.0,0.64,413.0,0.53,42.87,0.65,374.0
2026-01-07 09:32:03.337000+00:00,2026-01-07 09:32:00.970644+00:00,123.337,0.405,0.4,0.41,0.595,0.59,0.6,472.47,537.0,537.0,520.3,0.39,338.0,0.43,115.0,0.38,364.0,0.44,105.0,0.37,529.0,0.45,10.0,0.36,409.0,0.47,112.87,0.35,374.0,0.48,404.0,0.57,115.0,0.61,428.0,0.56,105.0,0.62,364.0,0.55,20.0,0.63,529.0,0.53,112.87,0.64,409.0,0.52,404.0,0.65,374.0
2026-01-07 09:32:04.460000+00:00,2026-01-07 09:32:01.974479+00:00,124.46,0.405,0.4,0.41,0.595,0.59,0.6,470.3,537.0,537.0,475.3,0.39,418.0,0.43,20.0,0.38,374.0,0.44,85.0,0.37,519.0,0.45,155.0,0.36,409.0,0.46,80.0,0.35,389.0,0.47,112.87,0.57,20.0,0.61,418.0,0.56,85.0,0.62,414.0,0.55,155.0,0.63,479.0,0.54,80.0,0.64,409.0,0.53,112.87,0.65,587.47
2026-01-07 09:32:05.481000+00:00,2026-01-07 09:32:02.996168+00:00,125.481,0.45,0.44,0.46,0.55,0.54,0.56,10.0,112.5,102.5,90.0,0.42,90.0,0.47,192.87,0.41,53.0,0.48,115.0,0.4,725.3,0.49,145.0,0.39,429.0,0.5,389.33,0.38,430.0,0.51,539.0,0.53,192.87,0.57,10.0,0.52,115.0,0.58,181.0,0.51,145.0,0.59,188.0,0.5,389.33,0.6,620.3,0.49,539.0,0.61,429.0
2026-01-07 09:32:06.371000+00:00,2026-01-07 09:32:04.006288+00:00,126.371,0.455,0.45,0.46,0.545,0.54,0.55,5.0,192.5,182.5,5.0,0.43,308.0,0.47,137.87,0.42,131.0,0.48,100.0,0.41,239.0,0.49,328.0,0.4,628.3,0.5,389.33,0.39,515.0,0.51,418.0,0.53,137.87,0.57,308.0,0.52,100.0,0.58,131.0,0.51,328.0,0.59,239.0,0.5,389.33,0.6,670.3,0.49,418.0,0.61,564.0
2026-01-07 09:32:07.516000+00:00,2026-01-07 09:32:05.026796+00:00,127.516,0.445,0.44,0.45,0.555,0.55,0.56,10.0,145.0,170.0,10.0,0.43,113.0,0.46,125.0,0.42,146.0,0.47,295.87,0.41,68.0,0.48,283.0,0.4,563.3,0.49,328.0,0.39,525.0,0.5,510.33,0.54,145.0,0.57,118.0,0.53,295.87,0.58,146.0,0.52,283.0,0.59,98.0,0.51,328.0,0.6,563.3,0.5,510.33,0.61,545.0
2026-01-07 09:32:08.369000+00:00,2026-01-07 09:32:06.032682+00:00,128.369,0.445,0.44,0.45,0.555,0.55,0.56,110.0,5.0,5.0,110.0,0.43,85.0,0.46,165.0,0.42,283.0,0.47,77.87,0.41,178.0,0.48,100.0,0.4,765.3,0.49,328.0,0.39,554.0,0.5,389.33,0.54,165.0,0.57,85.0,0.53,77.87,0.58,283.0,0.52,100.0,0.59,98.0,0.51,328.0,0.6,765.3,0.5,389.33,0.61,474.0
2026-01-07 09:32:09.490000+00:00,2026-01-07 09:32:07.039880+00:00,129.49,0.445,0.44,0.45,0.555,0.55,0.56,95.0,10.0,10.0,95.0,0.43,160.0,0.46,170.0,0.42,343.0,0.47,67.87,0.41,220.0,0.48,100.0,0.4,718.3,0.49,328.0,0.39,474.0,0.5,389.33,0.54,160.0,0.57,160.0,0.53,67.87,0.58,343.0,0.52,100.0,0.59,220.0,0.51,328.0,0.6,698.3,0.5,389.33,0.61,474.0
2026-01-07 09:32:10.524000+00:00,2026-01-07 09:32:08.045396+00:00,130.524,0.455,0.45,0.46,0.545,0.54,0.55,130.0,15.0,15.0,100.0,0.44,95.0,0.47,112.87,0.43,267.0,0.48,80.0,0.42,464.0,0.49,273.0,0.41,269.0,0.5,389.33,0.4,698.3,0.51,418.0,0.53,117.87,0.56,115.0,0.52,125.0,0.57,321.0,0.51,258.0,0.58,564.0,0.5,389.33,0.59,279.0,0.49,418.0,0.6,608.3
2026-01-07 09:32:11.531000+00:00,2026-01-07 09:32:09.053490+00:00,131.531,0.45999999999999996,0.45,0.47,0.54,0.53,0.55,110.0,117.87,117.87,110.0,0.44,115.0,0.48,115.0,0.43,338.0,0.49,283.0,0.42,474.0,0.5,389.33,0.41,431.0,0.51,418.0,0.4,588.3,0.52,479.0,0.52,115.0,0.56,115.0,0.51,100.0,0.57,338.0,0.5,389.33,0.58,474.0,0.49,418.0,0.59,431.0,0.48,358.0,0.6,588.3
2026-01-07 09:32:12.567000+00:00,2026-01-07 09:32:10.077059+00:00,132.567,0.475,0.47,0.48,0.525,0.52,0.53,5.0,120.0,120.0,5.0,0.46,78.79,0.49,185.0,0.45,110.0,0.5,136.33,0.44,459.0,0.51,235.0,0.43,564.0,0.52,358.0,0.42,507.0,0.53,358.0,0.51,185.0,0.54,78.79,0.5,136.33,0.55,180.0,0.49,235.0,0.56,459.0,0.48,358.0,0.57,564.0,0.47,358.0,0.58,507.0
2026-01-07 09:32:13.556000+00:00,2026-01-07 09:32:11.082921+00:00,133.556,0.485,0.48,0.49,0.515,0.51,0.52,40.0,235.0,225.0,60.0,0.47,120.0,0.5,191.33,0.46,105.0,0.51,250.0,0.45,393.0,0.52,358.0,0.44,484.0,0.53,358.0,0.43,508.0,0.54,400.07,0.5,191.33,0.53,95.0,0.49,180.0,0.54,175.0,0.48,358.0,0.55,393.0,0.47,358.0,0.56,574.0,0.46,400.07,0.57,509.0
2026-01-07 09:32:14.639000+00:00,2026-01-07 09:32:12.106039+00:00,134.639,0.485,0.48,0.49,0.515,0.51,0.52,105.0,35.0,35.0,105.0,0.47,90.0,0.5,201.33,0.46,170.0,0.51,240.0,0.45,524.0,0.52,200.0,0.44,464.0,0.53,358.0,0.43,499.0,0.54,400.07,0.5,201.33,0.53,90.0,0.49,240.0,0.54,180.0,0.48,200.0,0.55,524.0,0.47,358.0,0.56,464.0,0.46,400.07,0.57,499.0
2026-01-07 09:32:15.607000+00:00,2026-01-07 09:32:13.124737+00:00,135.607,0.495,0.49,0.5,0.505,0.5,0.51,549.0,16.33,1.03,500.07,0.48,549.0,0.51,135.0,0.47,474.0,0.52,115.0,0.46,590.0,0.53,250.0,0.45,539.0,0.54,162.07,0.44,468.0,0.55,80.0,0.49,135.0,0.52,539.0,0.48,115.0,0.53,474.0,0.47,250.0,0.54,475.0,0.46,162.07,0.55,504.0,0.45,80.0,0.56,468.0
2026-01-07 09:32:16.539000+00:00,2026-01-07 09:32:14.127429+00:00,136.539,0.505,0.5,0.51,0.495,0.49,0.5,392.97,60.0,60.0,392.97,0.49,475.07,0.52,115.0,0.48,489.0,0.53,250.0,0.47,564.0,0.54,162.07,0.46,510.0,0.55,80.0,0.45,498.0,0.56,258.0,0.48,115.0,0.51,475.07,0.47,250.0,0.52,489.0,0.46,162.07,0.53,564.0,0.45,80.0,0.54,510.0,0.44,258.0,0.55,498.0
2026-01-07 09:32:17.636000+00:00,2026-01-07 09:32:15.149505+00:00,137.636,0.505,0.5,0.51,0.495,0.49,0.5,124.97,237.69,237.69,124.97,0.49,300.07,0.52,145.0,0.48,404.0,0.53,200.0,0.47,409.0,0.54,264.07,0.46,364.0,0.55,202.0,0.45,583.0,0.56,258.0,0.48,145.0,0.51,300.07,0.47,200.0,0.52,404.0,0.46,334.07,0.53,409.0,0.45,272.0,0.54,364.0,0.44,328.0,0.55,673.0
2026-01-07 09:32:18.663000+00:00,2026-01-07 09:32:16.155673+00:00,138.663,0.475,0.47,0.48,0.525,0.52,0.53,304.0,165.0,150.0,304.0,0.46,309.0,0.49,170.0,0.45,379.0,0.5,45.0,0.44,339.0,0.51,374.69,0.43,349.0,0.52,312.0,0.42,407.0,0.53,312.0,0.51,225.0,0.54,309.0,0.5,115.0,0.55,379.0,0.49,374.69,0.56,374.0,0.48,312.0,0.57,364.0,0.47,312.0,0.58,499.0
2026-01-07 09:32:19.643000+00:00,2026-01-07 09:32:17.159997+00:00,139.643,0.46499999999999997,0.46,0.47,0.545,0.54,0.55,5.0,195.0,30.0,75.0,0.45,75.0,0.48,70.0,0.44,253.0,0.49,115.0,0.43,364.0,0.5,115.0,0.42,499.0,0.51,355.69,0.41,261.0,0.52,373.0,0.53,195.0,0.56,253.0,0.52,70.0,0.57,364.0,0.51,115.0,0.58,499.0,0.5,115.0,0.59,261.0,0.49,355.69,0.6,513.3
2026-01-07 09:32:20.676000+00:00,2026-01-07 09:32:18.180041+00:00,140.676,0.455,0.45,0.46,0.545,0.54,0.55,73.4,5.0,5.0,73.4,0.44,253.0,0.47,200.0,0.43,399.0,0.48,70.0,0.42,528.0,0.49,115.0,0.41,251.0,0.5,115.0,0.4,513.3,0.51,355.69,0.53,200.0,0.56,253.0,0.52,70.0,0.57,399.0,0.51,115.0,0.58,528.0,0.5,115.0,0.59,251.0,0.49,355.69,0.6,513.3
2026-01-07 09:32:21.682000+00:00,2026-01-07 09:32:19.198594+00:00,141.682,0.46499999999999997,0.46,0.47,0.535,0.53,0.54,5.0,100.1,115.1,5.0,0.45,108.4,0.48,190.0,0.44,268.0,0.49,145.0,0.43,479.0,0.5,115.0,0.42,453.0,0.51,345.69,0.41,279.0,0.52,373.0,0.52,200.0,0.55,108.4,0.51,135.0,0.56,258.0,0.5,115.0,0.57,389.0,0.49,345.69,0.58,463.0,0.48,373.0,0.59,321.0
2026-01-07 09:32:22.687000+00:00,2026-01-07 09:32:20.207156+00:00,142.687,0.45999999999999996,0.45,0.47,0.54,0.53,0.55,108.4,80.0,80.0,72.03,0.44,248.0,0.48,235.0,0.43,479.0,0.49,145.0,0.42,623.0,0.5,115.0,0.41,321.0,0.51,345.69,0.4,538.3,0.52,373.0,0.52,225.0,0.56,248.0,0.51,145.0,0.57,479.0,0.5,115.0,0.58,618.0,0.49,345.69,0.59,321.0,0.48,373.0,0.6,538.3
2026-01-07 09:32:23.598000+00:00,2026-01-07 09:32:21.210795+00:00,143.598,0.45999999999999996,0.45,0.47,0.535,0.53,0.54,120.0,70.0,25.0,70.0,0.44,318.0,0.48,242.96,0.43,569.0,0.49,140.0,0.42,571.0,0.5,115.0,0.41,279.0,0.51,345.69,0.4,538.3,0.52,373.0,0.52,277.96,0.55,85.0,0.51,140.0,0.56,318.0,0.5,115.0,0.57,559.0,0.49,345.69,0.58,528.0,0.48,373.0,0.59,321.0
2026-01-07 09:32:24.691000+00:00,2026-01-07 09:32:22.222648+00:00,144.691,0.48,0.47,0.49,0.52,0.51,0.53,120.0,130.0,130.0,135.0,0.46,180.0,0.5,190.0,0.45,474.0,0.51,197.69,0.44,539.0,0.52,373.0,0.43,449.0,0.53,358.0,0.42,473.0,0.54,395.07,0.5,190.0,0.54,180.0,0.49,197.69,0.55,474.0,0.48,373.0,0.56,539.0,0.47,358.0,0.57,449.0,0.46,395.07,0.58,516.0
2026-01-07 09:32:25.712000+00:00,2026-01-07 09:32:23.227402+00:00,145.712,0.475,0.47,0.48,0.525,0.52,0.53,63.08,5.0,40.0,63.08,0.45,67.03,0.49,177.07,0.44,168.0,0.5,140.0,0.43,514.0,0.51,162.69,0.42,483.0,0.52,373.0,0.41,276.0,0.53,358.0,0.51,187.07,0.55,67.03,0.5,175.0,0.56,171.0,0.49,162.69,0.57,479.0,0.48,373.0,0.58,448.0,0.47,358.0,0.59,241.0
2026-01-07 09:32:26.710000+00:00,2026-01-07 09:32:24.247174+00:00,146.71,0.475,0.47,0.48,0.525,0.52,0.53,72.32,37.91,37.91,57.32,0.46,15.0,0.49,257.07,0.45,102.03,0.5,230.0,0.44,231.0,0.51,247.69,0.43,389.0,0.52,373.0,0.42,428.0,0.53,358.0,0.51,257.07,0.55,117.03,0.5,245.0,0.56,231.0,0.49,232.69,0.57,389.0,0.48,373.0,0.58,428.0,0.47,358.0,0.59,241.0
2026-01-07 09:32:27.752000+00:00,2026-01-07 09:32:25.257029+00:00,147.752,0.455,0.45,0.46,0.545,0.54,0.55,12.03,327.0,371.78,12.03,0.44,121.0,0.47,509.96,0.43,348.0,0.48,462.0,0.42,374.0,0.49,344.07,0.41,209.0,0.5,237.0,0.4,542.3,0.51,279.69,0.53,424.96,0.56,121.0,0.52,477.0,0.57,304.0,0.51,465.07,0.58,369.0,0.5,358.0,0.59,164.0,0.49,400.69,0.6,498.3
2026-01-07 09:32:28.742000+00:00,2026-01-07 09:32:26.260075+00:00,148.742,0.405,0.4,0.41,0.595,0.59,0.6,199.3,40.0,25.0,199.3,0.39,75.0,0.42,150.0,0.38,319.0,0.43,90.0,0.37,390.0,0.44,263.0,0.36,354.0,0.45,251.97,0.35,559.0,0.46,393.0,0.58,192.03,0.61,75.0,0.57,90.0,0.62,319.0,0.56,278.0,0.63,269.0,0.55,251.97,0.64,393.0,0.54,368.0,0.65,559.0
2026-01-07 09:32:29.748000+00:00,2026-01-07 09:32:27.268061+00:00,149.748,0.405,0.4,0.41,0.595,0.59,0.6,114.3,195.0,105.0,144.3,0.39,88.19,0.42,70.0,0.38,61.0,0.43,298.0,0.37,36.0,0.44,378.0,0.36,253.0,0.45,321.97,0.35,518.0,0.46,509.0,0.58,160.0,0.61,93.19,0.57,298.0,0.62,66.0,0.56,298.0,0.63,61.0,0.55,321.97,0.64,253.0,0.54,509.0,0.65,556.0
2026-01-07 09:32:30.761000+00:00,2026-01-07 09:32:28.271833+00:00,150.761,0.405,0.4,0.41,0.595,0.59,0.6,114.3,175.0,150.0,114.3,0.39,10.0,0.42,105.0,0.38,51.0,0.43,283.0,0.37,146.0,0.44,298.0,0.36,402.0,0.45,321.97,0.35,476.0,0.46,509.0,0.58,115.0,0.61,15.0,0.57,283.0,0.62,51.0,0.56,298.0,0.63,146.0,0.55,321.97,0.64,402.0,0.54,509.0,0.65,476.0
2026-01-07 09:32:31.782000+00:00,2026-01-07 09:32:29.294504+00:00,151.782,0.405,0.4,0.41,0.595,0.59,0.6,111.43,150.0,150.0,111.43,0.39,15.0,0.42,210.0,0.38,99.19,0.43,423.0,0.37,196.0,0.44,368.0,0.36,312.0,0.45,271.97,0.35,476.0,0.46,419.0,0.58,210.0,0.61,15.0,0.57,423.0,0.62,129.19,0.56,368.0,0.63,196.0,0.55,271.97,0.64,317.0,0.54,419.0,0.65,476.0
2026-01-07 09:32:32.770000+00:00,2026-01-07 09:32:30.317640+00:00,152.77,0.405,0.4,0.41,0.595,0.59,0.6,93.86,380.0,380.0,93.86,0.39,15.0,0.42,225.0,0.38,51.0,0.43,358.0,0.37,146.0,0.44,298.0,0.36,209.0,0.45,392.97,0.35,481.0,0.46,419.0,0.58,225.0,0.61,15.0,0.57,358.0,0.62,51.0,0.56,298.0,0.63,146.0,0.55,392.97,0.64,209.0,0.54,419.0,0.65,481.0
2026-01-07 09:32:33.790000+00:00,2026-01-07 09:32:31.339029+00:00,153.79,0.405,0.4,0.41,0.595,0.59,0.6,93.86,360.0,325.0,93.86,0.39,15.0,0.42,398.0,0.38,51.0,0.43,408.0,0.37,146.0,0.44,298.0,0.36,224.0,0.45,392.97,0.35,466.0,0.46,419.0,0.58,448.0,0.61,15.0,0.57,408.0,0.62,51.0,0.56,298.0,0.63,146.0,0.55,392.97,0.64,224.0,0.54,419.0,0.65,476.0
2026-01-07 09:32:34.713000+00:00,2026-01-07 09:32:32.343498+00:00,154.713,0.405,0.4,0.41,0.595,0.59,0.6,93.86,335.0,308.97,105.86,0.39,50.0,0.42,413.0,0.38,26.0,0.43,378.0,0.37,181.0,0.44,333.0,0.36,194.0,0.45,392.97,0.35,471.0,0.46,419.0,0.58,423.0,0.61,50.0,0.57,378.0,0.62,26.0,0.56,333.0,0.63,191.0,0.55,392.97,0.64,219.0,0.54,419.0,0.65,466.0
2026-01-07 09:32:35.673000+00:00,2026-01-07 09:32:33.335712+00:00,155.673,0.405,0.4,0.41,0.595,0.59,0.6,104.19,308.97,308.97,104.19,0.39,50.0,0.42,453.0,0.38,26.0,0.43,378.0,0.37,281.0,0.44,333.0,0.36,129.0,0.45,392.97,0.35,476.0,0.46,419.0,0.58,453.0,0.61,50.0,0.57,378.0,0.62,26.0,0.56,333.0,0.63,281.0,0.55,392.97,0.64,129.0,0.54,419.0,0.65,476.0
2026-01-07 09:32:36.837000+00:00,2026-01-07 09:32:34.356541+00:00,156.837,0.405,0.4,0.41,0.595,0.59,0.6,104.19,308.97,343.97,104.19,0.39,50.0,0.42,453.0,0.38,26.0,0.43,378.0,0.37,281.0,0.44,454.0,0.36,129.0,0.45,392.97,0.35,466.0,0.46,419.0,0.58,453.0,0.61,50.0,0.57,378.0,0.62,26.0,0.56,454.0,0.63,281.0,0.55,392.97,0.64,114.0,0.54,419.0,0.65,481.0
2026-01-07 09:32:37.842000+00:00,2026-01-07 09:32:35.361261+00:00,157.842,0.405,0.4,0.41,0.595,0.59,0.6,104.19,486.06,486.06,104.19,0.39,15.0,0.42,408.0,0.38,51.0,0.43,454.0,0.37,81.0,0.44,419.0,0.36,272.19,0.45,392.97,0.35,453.0,0.46,419.0,0.58,408.0,0.61,15.0,0.57,454.0,0.62,51.0,0.56,419.0,0.63,81.0,0.55,392.97,0.64,272.19,0.54,419.0,0.65,453.0
2026-01-07 09:32:38.862000+00:00,2026-01-07 09:32:36.368601+00:00,158.862,0.395,0.39,0.4,0.605,0.6,0.61,15.0,152.78,237.78,10.0,0.38,46.0,0.41,455.7,0.37,86.0,0.42,378.0,0.36,218.99,0.43,454.0,0.35,481.0,0.44,419.0,0.34,253.0,0.45,372.97,0.59,415.7,0.62,46.0,0.58,378.0,0.63,51.0,0.57,454.0,0.64,115.0,0.56,419.0,0.65,646.0,0.55,372.97,0.66,302.0
2026-01-07 09:32:39.864000+00:00,2026-01-07 09:32:37.390203+00:00,159.864,0.385,0.38,0.39,0.615,0.61,0.62,46.0,175.0,337.0,11.0,0.37,46.0,0.4,347.32,0.36,60.0,0.41,390.7,0.35,445.0,0.42,544.0,0.34,65.0,0.43,419.0,0.33,316.0,0.44,419.0,0.6,433.32,0.63,36.0,0.59,501.7,0.64,20.0,0.58,509.0,0.65,325.0,0.57,419.0,0.66,119.99,0.56,419.0,0.67,291.0
2026-01-07 09:32:40.886000+00:00,2026-01-07 09:32:38.398276+00:00,160.886,0.375,0.37,0.38,0.625,0.62,0.63,36.0,169.46,456.46,36.0,0.36,15.0,0.39,383.0,0.35,205.0,0.4,528.32,0.34,115.0,0.41,581.7,0.33,339.0,0.42,419.0,0.32,250.0,0.43,428.0,0.61,514.0,0.64,15.0,0.6,623.32,0.65,200.0,0.59,581.7,0.66,10.0,0.58,419.0,0.67,245.0,0.57,428.0,0.68,198.0
2026-01-07 09:32:41.916000+00:00,2026-01-07 09:32:39.416762+00:00,161.916,0.355,0.35,0.36,0.645,0.64,0.65,385.0,138.24,116.24,415.0,0.34,297.99,0.37,242.0,0.33,372.0,0.38,58.47,0.32,263.0,0.39,115.0,0.31,279.0,0.4,265.32,0.3,460.0,0.41,396.7,0.63,242.0,0.66,283.0,0.62,58.47,0.67,372.0,0.61,115.0,0.68,263.0,0.6,265.32,0.69,279.0,0.59,396.7,0.7,460.0
2026-01-07 09:32:42.839000+00:00,2026-01-07 09:32:40.422609+00:00,162.839,0.355,0.35,0.36,0.645,0.64,0.65,110.5,59.99,59.99,110.5,0.34,90.0,0.37,95.0,0.33,430.0,0.38,120.0,0.32,288.0,0.39,125.0,0.31,335.0,0.4,403.32,0.3,495.0,0.41,361.7,0.63,95.0,0.66,189.99,0.62,120.0,0.67,375.0,0.61,125.0,0.68,337.0,0.6,403.32,0.69,335.0,0.59,361.7,0.7,495.0
2026-01-07 09:32:43.918000+00:00,2026-01-07 09:32:41.427464+00:00,163.918,0.355,0.35,0.36,0.645,0.64,0.65,110.5,46.99,51.99,125.5,0.34,85.0,0.37,115.0,0.33,430.0,0.38,125.0,0.32,347.0,0.39,226.0,0.31,299.0,0.4,403.32,0.3,531.0,0.41,361.7,0.63,115.0,0.66,175.0,0.62,125.0,0.67,340.0,0.61,226.0,0.68,347.0,0.6,403.32,0.69,299.0,0.59,361.7,0.7,531.0
2026-01-07 09:32:44.899000+00:00,2026-01-07 09:32:42.433977+00:00,164.899,0.355,0.35,0.36,0.645,0.64,0.65,173.96,46.99,46.99,173.96,0.34,244.99,0.37,65.0,0.33,335.0,0.38,143.47,0.32,332.0,0.39,120.0,0.31,279.0,0.4,533.32,0.3,496.0,0.41,536.7,0.63,65.0,0.66,244.99,0.62,143.47,0.67,335.0,0.61,120.0,0.68,332.0,0.6,533.32,0.69,279.0,0.59,616.7,0.7,496.0
2026-01-07 09:32:45.921000+00:00,2026-01-07 09:32:43.441080+00:00,165.921,0.355,0.35,0.36,0.645,0.64,0.65,143.96,151.99,126.99,142.96,0.34,40.0,0.37,135.0,0.33,480.0,0.38,205.0,0.32,337.0,0.39,325.0,0.31,299.0,0.4,523.32,0.3,480.0,0.41,431.7,0.63,215.0,0.66,35.0,0.62,205.0,0.67,380.0,0.61,245.0,0.68,342.0,0.6,523.32,0.69,299.0,0.59,431.7,0.7,516.0
2026-01-07 09:32:46.931000+00:00,2026-01-07 09:32:44.445233+00:00,166.931,0.355,0.35,0.36,0.645,0.64,0.65,322.96,22.54,22.54,292.96,0.34,95.0,0.37,155.0,0.33,289.0,0.38,103.47,0.32,283.0,0.39,220.0,0.31,348.0,0.4,453.32,0.3,460.0,0.41,466.7,0.63,120.0,0.66,217.0,0.62,143.47,0.67,374.0,0.61,300.0,0.68,320.0,0.6,533.32,0.69,348.0,0.59,466.7,0.7,581.0
2026-01-07 09:32:47.959000+00:00,2026-01-07 09:32:45.468324+00:00,167.959,0.355,0.35,0.36,0.645,0.64,0.65,78.46,261.0,301.0,63.46,0.34,121.0,0.37,260.0,0.33,335.0,0.38,315.0,0.32,408.0,0.39,357.0,0.31,348.0,0.4,453.32,0.3,531.0,0.41,431.7,0.63,260.0,0.66,60.0,0.62,235.0,0.67,152.0,0.61,338.0,0.68,408.0,0.6,453.32,0.69,358.0,0.59,431.7,0.7,531.0
2026-01-07 09:32:48.875000+00:00,2026-01-07 09:32:46.471198+00:00,168.875,0.355,0.35,0.36,0.645,0.64,0.65,16.92,450.44,450.44,16.92,0.34,60.0,0.37,250.0,0.33,52.0,0.38,125.0,0.32,437.99,0.39,338.0,0.31,363.0,0.4,453.32,0.3,551.0,0.41,431.7,0.63,250.0,0.66,60.0,0.62,125.0,0.67,82.0,0.61,338.0,0.68,293.0,0.6,453.32,0.69,363.0,0.59,431.7,0.7,551.0
2026-01-07 09:32:49.956000+00:00,2026-01-07 09:32:47.477547+00:00,169.956,0.355,0.35,0.36,0.645,0.64,0.65,4.76,430.44,430.44,4.76,0.34,60.0,0.37,310.0,0.33,152.0,0.38,195.0,0.32,398.0,0.39,338.0,0.31,353.0,0.4,453.32,0.3,541.0,0.41,431.7,0.63,310.0,0.66,60.0,0.62,195.0,0.67,52.0,0.61,338.0,0.68,452.99,0.6,453.32,0.69,353.0,0.59,431.7,0.7,541.0
2026-01-07 09:32:50.954000+00:00,2026-01-07 09:32:48.467630+00:00,170.954,0.355,0.35,0.36,0.645,0.64,0.65,4.76,485.44,480.44,4.76,0.34,60.0,0.37,285.0,0.33,52.0,0.38,150.0,0.32,452.99,0.39,459.0,0.31,353.0,0.4,413.32,0.3,541.0,0.41,431.7,0.63,205.0,0.66,60.0,0.62,150.0,0.67,52.0,0.61,459.0,0.68,452.99,0.6,413.32,0.69,353.0,0.59,431.7,0.7,541.0
2026-01-07 09:32:51.955000+00:00,2026-01-07 09:32:49.470459+00:00,171.955,0.355,0.35,0.36,0.655,0.65,0.66,4.76,435.44,90.24,25.0,0.34,25.0,0.37,195.0,0.33,77.0,0.38,150.0,0.32,129.99,0.39,459.0,0.31,394.0,0.4,413.32,0.3,551.0,0.41,431.7,0.64,415.45,0.67,77.0,0.63,195.0,0.68,149.99,0.62,150.0,0.69,384.0,0.61,459.0,0.7,551.0,0.6,413.32,0.71,277.0
2026-01-07 09:32:52.937000+00:00,2026-01-07 09:32:50.474234+00:00,172.937,0.345,0.34,0.35,0.655,0.65,0.66,40.0,255.24,255.24,40.0,0.33,167.0,0.36,405.45,0.32,149.99,0.37,205.0,0.31,304.0,0.38,150.0,0.3,551.0,0.39,459.0,0.29,287.0,0.4,413.32,0.64,405.45,0.67,167.0,0.63,205.0,0.68,144.99,0.62,150.0,0.69,304.0,0.61,459.0,0.7,551.0,0.6,413.32,0.71,287.0
2026-01-07 09:32:53.955000+00:00,2026-01-07 09:32:51.496773+00:00,173.955,0.345,0.34,0.35,0.655,0.65,0.66,25.0,322.6,290.0,25.0,0.33,37.0,0.36,296.98,0.32,35.0,0.37,463.0,0.31,334.0,0.38,454.0,0.3,645.0,0.39,419.0,0.29,312.0,0.4,413.32,0.64,296.98,0.67,37.0,0.63,463.0,0.68,35.0,0.62,454.0,0.69,151.0,0.61,419.0,0.7,645.0,0.6,413.32,0.71,263.0
2026-01-07 09:32:54.980000+00:00,2026-01-07 09:32:52.501163+00:00,174.98,0.335,0.33,0.34,0.665,0.66,0.67,82.0,84.99,82.78,82.0,0.32,224.99,0.35,120.0,0.31,151.0,0.36,355.45,0.3,520.0,0.37,579.0,0.29,273.0,0.38,454.0,0.28,245.0,0.39,454.0,0.65,110.0,0.68,224.99,0.64,355.45,0.69,151.0,0.63,579.0,0.7,520.0,0.62,454.0,0.71,273.0,0.61,454.0,0.72,245.0
2026-01-07 09:32:55.982000+00:00,2026-01-07 09:32:53.516850+00:00,175.982,0.335,0.33,0.34,0.655,0.65,0.66,133.76,52.38,90.0,5.0,0.32,199.99,0.35,130.0,0.31,349.0,0.36,448.45,0.3,515.0,0.37,579.0,0.29,263.0,0.38,524.0,0.28,255.0,0.39,454.0,0.64,171.45,0.67,226.76,0.63,579.0,0.68,162.62,0.62,524.0,0.69,324.0,0.61,454.0,0.7,505.0,0.6,398.32,0.71,263.0
2026-01-07 09:32:56.904000+00:00,2026-01-07 09:32:54.521984+00:00,176.904,0.345,0.34,0.35,0.655,0.65,0.66,244.99,5.0,5.0,354.99,0.33,198.68,0.36,61.98,0.32,314.62,0.37,303.0,0.31,299.0,0.38,434.0,0.3,551.0,0.39,499.0,0.29,304.0,0.4,503.32,0.64,61.98,0.67,133.68,0.63,125.0,0.68,299.62,0.62,143.47,0.69,299.0,0.61,458.0,0.7,551.0,0.6,583.32,0.71,304.0
2026-01-07 09:32:57.918000+00:00,2026-01-07 09:32:55.529604+00:00,177.918,0.345,0.34,0.35,0.655,0.65,0.66,123.47,5.0,5.0,193.47,0.33,108.68,0.36,81.98,0.32,295.62,0.37,130.0,0.31,345.0,0.38,110.0,0.3,515.0,0.39,458.0,0.29,304.0,0.4,583.32,0.64,171.97,0.67,148.68,0.63,115.0,0.68,255.62,0.62,123.47,0.69,345.0,0.61,483.0,0.7,515.0,0.6,583.32,0.71,339.0
2026-01-07 09:32:58.959000+00:00,2026-01-07 09:32:56.535398+00:00,178.959,0.355,0.35,0.36,0.645,0.64,0.65,35.0,92.37,102.37,35.0,0.34,15.0,0.37,179.77,0.33,344.67,0.38,388.0,0.32,167.0,0.39,483.0,0.31,289.0,0.4,503.32,0.3,509.0,0.41,389.0,0.63,164.77,0.66,15.0,0.62,388.0,0.67,344.67,0.61,483.0,0.68,167.0,0.6,503.32,0.69,289.0,0.59,389.0,0.7,509.0
2026-01-07 09:33:00.026000+00:00,2026-01-07 09:32:57.558138+00:00,180.026,0.345,0.34,0.35,0.655,0.65,0.66,40.0,65.0,12.14,167.62,0.33,258.67,0.36,110.0,0.32,140.0,0.37,309.77,0.31,289.0,0.38,458.0,0.3,580.0,0.39,403.0,0.29,324.0,0.4,433.32,0.64,50.0,0.67,198.68,0.63,194.77,0.68,80.0,0.62,461.47,0.69,328.0,0.61,368.0,0.7,531.0,0.6,433.32,0.71,304.0
2026-01-07 09:33:01.052000+00:00,2026-01-07 09:32:58.562091+00:00,181.052,0.355,0.35,0.36,0.645,0.64,0.65,334.99,15.0,15.0,451.99,0.34,175.0,0.37,59.77,0.33,381.68,0.38,117.37,0.32,273.0,0.39,458.0,0.31,338.0,0.4,596.79,0.3,581.0,0.41,424.0,0.63,54.77,0.66,257.0,0.62,15.0,0.67,549.68,0.61,283.0,0.68,443.0,0.6,348.32,0.69,400.0,0.59,334.0,0.7,611.0
2026-01-07 09:33:02.010000+00:00,2026-01-07 09:32:59.583661+00:00,182.01,0.365,0.36,0.37,0.635,0.63,0.64,460.62,54.77,54.77,475.62,0.35,303.0,0.38,15.0,0.34,263.0,0.39,65.0,0.33,479.68,0.4,149.32,0.32,443.0,0.41,60.0,0.31,365.0,0.42,285.0,0.62,15.0,0.65,278.0,0.61,60.0,0.66,263.0,0.6,84.32,0.67,432.68,0.59,60.0,0.68,443.0,0.58,285.0,0.69,365.0
2026-01-07 09:33:03.073000+00:00,2026-01-07 09:33:00.606158+00:00,183.073,0.365,0.36,0.37,0.635,0.63,0.64,358.96,54.77,59.77,448.96,0.35,283.0,0.38,20.0,0.34,326.0,0.39,80.0,0.33,432.68,0.4,64.32,0.32,453.0,0.41,210.0,0.31,365.0,0.42,285.0,0.62,75.0,0.65,278.0,0.61,80.0,0.66,326.0,0.6,59.32,0.67,432.68,0.59,210.0,0.68,443.0,0.58,285.0,0.69,365.0
2026-01-07 09:33:04.030000+00:00,2026-01-07 09:33:01.609617+00:00,184.03,0.365,0.36,0.37,0.635,0.63,0.64,148.77,159.77,144.36,147.2,0.35,145.0,0.38,62.37,0.34,293.0,0.39,245.0,0.33,326.68,0.4,254.32,0.32,490.0,0.41,210.0,0.31,375.0,0.42,318.0,0.62,67.78,0.65,145.0,0.61,245.0,0.66,293.0,0.6,254.32,0.67,326.68,0.59,210.0,0.68,490.0,0.58,318.0,0.69,375.0
2026-01-07 09:33:05.053000+00:00,2026-01-07 09:33:02.616494+00:00,185.053,0.365,0.36,0.37,0.635,0.63,0.64,242.2,245.3,245.3,242.2,0.35,70.0,0.38,242.78,0.34,298.0,0.39,150.0,0.33,375.68,0.4,117.79,0.32,441.0,0.41,140.0,0.31,375.0,0.42,318.0,0.62,242.78,0.65,70.0,0.61,150.0,0.66,298.0,0.6,117.79,0.67,375.68,0.59,140.0,0.68,441.0,0.58,318.0,0.69,375.0
2026-01-07 09:33:06.064000+00:00,2026-01-07 09:33:03.622420+00:00,186.064,0.365,0.36,0.37,0.635,0.63,0.64,255.2,225.0,225.0,250.2,0.35,95.0,0.38,357.78,0.34,298.0,0.39,220.0,0.33,360.68,0.4,137.79,0.32,431.0,0.41,120.0,0.31,375.0,0.42,318.0,0.62,357.78,0.65,95.0,0.61,220.0,0.66,308.0,0.6,157.79,0.67,350.68,0.59,120.0,0.68,431.0,0.58,318.0,0.69,375.0
2026-01-07 09:33:07.056000+00:00,2026-01-07 09:33:04.631022+00:00,187.056,0.365,0.36,0.37,0.635,0.63,0.64,298.95,220.0,220.0,298.95,0.35,288.0,0.38,265.0,0.34,273.0,0.39,307.7,0.33,397.68,0.4,157.79,0.32,394.0,0.41,120.0,0.31,365.0,0.42,318.0,0.62,265.0,0.65,288.0,0.61,307.7,0.66,273.0,0.6,157.79,0.67,397.68,0.59,120.0,0.68,394.0,0.58,318.0,0.69,365.0
2026-01-07 09:33:08.129000+00:00,2026-01-07 09:33:05.653688+00:00,188.129,0.375,0.37,0.38,0.625,0.62,0.63,163.41,255.0,235.0,188.41,0.36,243.0,0.39,362.7,0.35,298.0,0.4,219.32,0.34,311.0,0.41,150.0,0.33,481.68,0.42,135.0,0.32,359.0,0.43,414.5,0.61,245.0,0.64,248.0,0.6,314.91,0.65,263.0,0.59,150.0,0.66,311.0,0.58,135.0,0.67,461.68,0.57,414.5,0.68,349.0
2026-01-07 09:33:09.118000+00:00,2026-01-07 09:33:06.659961+00:00,189.118,0.375,0.37,0.38,0.625,0.62,0.63,11.42,360.59,360.59,1.42,0.36,158.0,0.39,235.0,0.35,175.0,0.4,342.32,0.34,110.0,0.41,303.0,0.33,412.68,0.42,439.0,0.32,263.0,0.43,500.5,0.61,235.0,0.64,158.0,0.6,342.32,0.65,175.0,0.59,303.0,0.66,110.0,0.58,439.0,0.67,412.68,0.57,500.5,0.68,263.0
2026-01-07 09:33:10.064000+00:00,2026-01-07 09:33:07.682279+00:00,190.064,0.375,0.37,0.38,0.625,0.62,0.63,1.42,365.59,365.59,1.42,0.36,198.0,0.39,230.0,0.35,115.0,0.4,1355.79,0.34,217.0,0.41,303.0,0.33,397.68,0.42,439.0,0.32,263.0,0.43,500.5,0.61,230.0,0.64,173.0,0.6,1172.79,0.65,115.0,0.59,303.0,0.66,278.0,0.58,318.0,0.67,397.68,0.57,500.5,0.68,263.0
2026-01-07 09:33:11.159000+00:00,2026-01-07 09:33:08.689572+00:00,191.159,0.375,0.37,0.38,0.625,0.62,0.63,169.83,10.0,10.0,174.83,0.36,88.0,0.39,132.7,0.35,333.0,0.4,1367.79,0.34,311.0,0.41,245.0,0.33,340.68,0.42,388.0,0.32,359.0,0.43,414.5,0.61,132.7,0.64,88.0,0.6,1367.79,0.65,333.0,0.59,255.0,0.66,311.0,0.58,388.0,0.67,340.68,0.57,414.5,0.68,359.0
2026-01-07 09:33:12.181000+00:00,2026-01-07 09:33:09.712617+00:00,192.181,0.375,0.37,0.38,0.625,0.62,0.63,160.0,80.0,80.0,160.0,0.36,103.0,0.39,87.85,0.35,298.0,0.4,1357.79,0.34,346.0,0.41,245.0,0.33,330.68,0.42,388.0,0.32,359.0,0.43,414.5,0.61,87.85,0.64,103.0,0.6,1357.79,0.65,298.0,0.59,245.0,0.66,346.0,0.58,388.0,0.67,330.68,0.57,414.5,0.68,359.0
2026-01-07 09:33:13.154000+00:00,2026-01-07 09:33:10.718842+00:00,193.154,0.375,0.37,0.38,0.625,0.62,0.63,133.25,80.0,140.0,148.25,0.36,103.0,0.39,117.85,0.35,298.0,0.4,1332.79,0.34,346.0,0.41,270.0,0.33,330.68,0.42,388.0,0.32,359.0,0.43,384.8,0.61,277.85,0.64,103.0,0.6,1332.79,0.65,323.0,0.59,200.0,0.66,311.0,0.58,318.0,0.67,330.68,0.57,384.8,0.68,349.0
2026-01-07 09:33:14.200000+00:00,2026-01-07 09:33:11.721949+00:00,194.2,0.37,0.36,0.38,0.63,0.62,0.64,183.0,275.0,275.0,181.28,0.35,273.0,0.39,350.0,0.34,336.0,0.4,1212.79,0.33,340.68,0.41,125.4,0.32,384.0,0.42,323.3,0.31,360.0,0.43,384.8,0.61,350.0,0.65,273.0,0.6,1212.79,0.66,346.0,0.59,125.4,0.67,340.68,0.58,323.3,0.68,384.0,0.57,384.8,0.69,360.0
2026-01-07 09:33:15.199000+00:00,2026-01-07 09:33:12.720316+00:00,195.199,0.365,0.36,0.37,0.635,0.63,0.64,154.96,5.0,5.0,154.96,0.35,311.0,0.38,300.0,0.34,308.0,0.39,340.0,0.33,330.68,0.4,1218.19,0.32,394.0,0.41,125.4,0.31,360.0,0.42,323.3,0.62,300.0,0.65,311.0,0.61,340.0,0.66,308.0,0.6,1218.19,0.67,330.68,0.59,125.4,0.68,394.0,0.58,323.3,0.69,360.0
2026-01-07 09:33:16.227000+00:00,2026-01-07 09:33:13.739779+00:00,196.227,0.365,0.36,0.37,0.635,0.63,0.64,90.32,34.0,34.0,75.07,0.35,100.0,0.38,375.16,0.34,336.0,0.39,325.5,0.33,330.68,0.4,1219.72,0.32,394.0,0.41,308.4,0.31,395.0,0.42,323.3,0.62,365.16,0.65,100.0,0.61,325.5,0.66,336.0,0.6,1219.72,0.67,330.68,0.59,308.4,0.68,394.0,0.58,323.3,0.69,409.0
2026-01-07 09:33:17.250000+00:00,2026-01-07 09:33:14.764648+00:00,197.25,0.365,0.36,0.37,0.635,0.63,0.64,63.36,104.0,34.0,63.36,0.35,115.0,0.38,445.16,0.34,128.0,0.39,300.5,0.33,340.68,0.4,1233.19,0.32,287.0,0.41,308.4,0.31,395.0,0.42,323.3,0.62,445.16,0.65,115.0,0.61,300.5,0.66,128.0,0.6,1233.19,0.67,340.68,0.59,308.4,0.68,287.0,0.58,323.3,0.69,395.0
2026-01-07 09:33:18.253000+00:00,2026-01-07 09:33:15.771874+00:00,198.253,0.365,0.36,0.37,0.635,0.63,0.64,14.98,390.32,385.32,14.98,0.35,72.14,0.38,290.5,0.34,143.0,0.39,240.5,0.33,330.68,0.4,1276.72,0.32,283.0,0.41,429.4,0.31,395.0,0.42,409.3,0.62,270.5,0.65,72.14,0.61,240.5,0.66,128.0,0.6,1276.72,0.67,345.68,0.59,429.4,0.68,283.0,0.58,409.3,0.69,274.0
2026-01-07 09:33:19.271000+00:00,2026-01-07 09:33:16.790657+00:00,199.271,0.345,0.34,0.35,0.655,0.65,0.66,85.0,119.0,119.0,85.0,0.33,382.68,0.36,389.98,0.32,253.0,0.37,300.0,0.31,319.0,0.38,450.97,0.3,601.0,0.39,398.5,0.29,349.0,0.4,1453.72,0.64,389.98,0.67,199.68,0.63,325.6,0.68,70.0,0.62,430.97,0.69,319.0,0.61,459.5,0.7,480.0,0.6,1453.72,0.71,228.0
2026-01-07 09:33:20.219000+00:00,2026-01-07 09:33:17.779995+00:00,200.219,0.345,0.34,0.35,0.655,0.65,0.66,69.54,144.0,144.0,69.54,0.33,135.68,0.36,310.58,0.32,85.0,0.37,320.6,0.31,368.0,0.38,398.5,0.3,480.0,0.39,459.5,0.29,228.0,0.4,1453.72,0.64,310.58,0.67,150.68,0.63,305.6,0.68,70.0,0.62,398.5,0.69,368.0,0.61,459.5,0.7,480.0,0.6,1453.72,0.71,228.0
2026-01-07 09:33:21.268000+00:00,2026-01-07 09:33:18.789039+00:00,201.268,0.365,0.36,0.37,0.635,0.63,0.64,95.0,5.0,5.0,82.88,0.35,138.0,0.38,175.5,0.34,104.54,0.39,245.5,0.33,274.68,0.4,1332.72,0.32,273.0,0.41,429.4,0.31,344.0,0.42,409.3,0.62,175.5,0.65,128.0,0.61,215.5,0.66,64.54,0.6,1332.72,0.67,274.68,0.59,429.4,0.68,273.0,0.58,409.3,0.69,334.0
2026-01-07 09:33:22.281000+00:00,2026-01-07 09:33:19.794508+00:00,202.281,0.36,0.35,0.37,0.64,0.63,0.65,160.14,155.0,245.0,160.14,0.34,74.54,0.38,115.5,0.33,455.68,0.39,215.5,0.32,333.0,0.4,1332.72,0.31,344.0,0.41,308.4,0.3,646.0,0.42,409.3,0.62,75.5,0.66,69.54,0.61,215.5,0.67,445.68,0.6,1332.72,0.68,343.0,0.59,308.4,0.69,344.0,0.58,409.3,0.7,646.0
2026-01-07 09:33:23.308000+00:00,2026-01-07 09:33:20.801287+00:00,203.308,0.355,0.35,0.36,0.645,0.64,0.65,112.29,40.0,40.0,107.29,0.34,44.54,0.37,205.0,0.33,202.68,0.38,158.97,0.32,373.0,0.39,252.5,0.31,344.0,0.4,1332.72,0.3,636.0,0.41,429.4,0.63,205.0,0.66,97.54,0.62,145.5,0.67,187.68,0.61,328.5,0.68,373.0,0.6,1332.72,0.69,344.0,0.59,429.4,0.7,636.0
2026-01-07 09:33:24.286000+00:00,2026-01-07 09:33:21.822349+00:00,204.286,0.355,0.35,0.36,0.645,0.64,0.65,122.29,50.0,25.0,122.29,0.34,112.54,0.37,230.0,0.33,212.68,0.38,110.5,0.32,333.0,0.39,353.5,0.31,344.0,0.4,1307.72,0.3,636.0,0.41,429.4,0.63,100.0,0.66,112.54,0.62,200.5,0.67,202.68,0.61,353.5,0.68,333.0,0.6,1307.72,0.69,344.0,0.59,429.4,0.7,636.0
2026-01-07 09:33:25.209000+00:00,2026-01-07 09:33:22.829479+00:00,205.209,0.355,0.35,0.36,0.645,0.64,0.65,85.0,25.0,25.0,85.0,0.34,95.31,0.37,115.0,0.33,370.68,0.38,271.2,0.32,343.0,0.39,170.5,0.31,334.0,0.4,1332.72,0.3,671.0,0.41,308.4,0.63,115.0,0.66,95.31,0.62,271.2,0.67,370.68,0.61,170.5,0.68,343.0,0.6,1332.72,0.69,334.0,0.59,308.4,0.7,671.0
2026-01-07 09:33:26.328000+00:00,2026-01-07 09:33:23.849741+00:00,206.328,0.355,0.35,0.36,0.645,0.64,0.65,100.0,32.22,27.22,100.0,0.34,95.31,0.37,155.0,0.33,370.68,0.38,201.2,0.32,333.0,0.39,170.5,0.31,344.0,0.4,1332.72,0.3,671.0,0.41,308.4,0.63,150.0,0.66,95.31,0.62,196.2,0.67,370.68,0.61,170.5,0.68,333.0,0.6,1332.72,0.69,344.0,0.59,308.4,0.7,671.0
2026-01-07 09:33:27.309000+00:00,2026-01-07 09:33:24.841171+00:00,207.309,0.355,0.35,0.36,0.645,0.64,0.65,120.0,97.22,97.22,120.0,0.34,100.31,0.37,210.0,0.33,365.68,0.38,221.2,0.32,343.0,0.39,170.5,0.31,334.0,0.4,1332.72,0.3,671.0,0.41,308.4,0.63,210.0,0.66,100.31,0.62,221.2,0.67,365.68,0.61,170.5,0.68,343.0,0.6,1332.72,0.69,334.0,0.59,308.4,0.7,671.0
2026-01-07 09:33:28.257000+00:00,2026-01-07 09:33:25.852537+00:00,208.257,0.355,0.35,0.36,0.645,0.64,0.65,98.46,97.22,97.22,98.46,0.34,62.31,0.37,210.0,0.33,402.68,0.38,221.2,0.32,343.0,0.39,170.5,0.31,334.0,0.4,1332.72,0.3,671.0,0.41,308.4,0.63,210.0,0.66,62.31,0.62,221.2,0.67,402.68,0.61,170.5,0.68,343.0,0.6,1332.72,0.69,334.0,0.59,308.4,0.7,671.0
2026-01-07 09:33:29.341000+00:00,2026-01-07 09:33:26.873175+00:00,209.341,0.355,0.35,0.36,0.645,0.64,0.65,98.46,202.22,187.22,98.46,0.34,35.0,0.37,230.0,0.33,194.68,0.38,120.5,0.32,393.0,0.39,353.5,0.31,334.0,0.4,1332.72,0.3,681.0,0.41,308.4,0.63,230.0,0.66,35.0,0.62,153.97,0.67,194.68,0.61,338.5,0.68,393.0,0.6,1332.72,0.69,334.0,0.59,308.4,0.7,681.0
2026-01-07 09:33:30.332000+00:00,2026-01-07 09:33:27.875144+00:00,210.332,0.335,0.33,0.34,0.665,0.66,0.67,154.68,110.6,110.6,154.68,0.32,95.0,0.35,165.0,0.31,339.0,0.36,312.82,0.3,480.0,0.37,195.6,0.29,419.0,0.38,348.5,0.28,387.0,0.39,338.5,0.65,95.0,0.68,95.0,0.64,312.82,0.69,339.0,0.63,115.6,0.7,480.0,0.62,348.5,0.71,419.0,0.61,338.5,0.72,387.0
2026-01-07 09:33:31.361000+00:00,2026-01-07 09:33:28.878468+00:00,211.361,0.335,0.33,0.34,0.665,0.66,0.67,117.68,190.6,165.6,117.68,0.32,131.39,0.35,120.0,0.31,319.0,0.36,177.82,0.3,510.0,0.37,115.6,0.29,419.0,0.38,348.5,0.28,387.0,0.39,338.5,0.65,145.0,0.68,131.39,0.64,177.82,0.69,319.0,0.63,115.6,0.7,510.0,0.62,348.5,0.71,419.0,0.61,338.5,0.72,387.0
2026-01-07 09:33:32.362000+00:00,2026-01-07 09:33:29.882803+00:00,212.362,0.335,0.33,0.34,0.665,0.66,0.67,252.68,20.0,20.0,252.68,0.32,166.39,0.35,5.0,0.31,264.0,0.36,207.82,0.3,550.0,0.37,104.07,0.29,409.0,0.38,140.5,0.28,387.0,0.39,338.5,0.64,172.82,0.68,288.39,0.63,134.07,0.69,274.0,0.62,80.5,0.7,550.0,0.61,338.5,0.71,409.0,0.6,1342.72,0.72,387.0
2026-01-07 09:33:33.376000+00:00,2026-01-07 09:33:30.903933+00:00,213.376,0.355,0.35,0.36,0.645,0.64,0.65,222.99,22.22,22.22,232.99,0.34,277.0,0.38,170.0,0.33,425.68,0.39,168.97,0.32,473.39,0.4,1074.72,0.31,455.0,0.41,308.4,0.3,636.0,0.42,398.3,0.62,170.0,0.66,338.0,0.61,168.97,0.67,556.68,0.6,1074.72,0.68,463.39,0.59,308.4,0.69,455.0,0.58,398.3,0.7,636.0
2026-01-07 09:33:34.377000+00:00,2026-01-07 09:33:31.911077+00:00,214.377,0.375,0.37,0.38,0.625,0.62,0.63,185.0,5.0,5.0,324.69,0.36,75.0,0.39,130.7,0.35,217.0,0.4,1149.32,0.34,443.0,0.41,103.87,0.33,492.68,0.42,328.3,0.32,428.39,0.43,429.8,0.61,20.0,0.64,187.0,0.6,1234.32,0.65,353.0,0.59,83.87,0.66,443.0,0.58,328.3,0.67,492.68,0.57,359.8,0.68,428.39
2026-01-07 09:33:35.354000+00:00,2026-01-07 09:33:32.910757+00:00,215.354,0.38,0.37,0.39,0.62,0.61,0.63,144.07,165.7,165.7,35.0,0.36,169.0,0.4,1139.32,0.35,25.69,0.41,63.47,0.34,503.0,0.42,165.3,0.33,492.68,0.43,246.8,0.32,463.39,0.44,363.3,0.6,1129.32,0.64,193.56,0.59,78.09,0.65,25.69,0.58,165.3,0.66,503.0,0.57,326.8,0.67,492.68,0.56,363.3,0.68,463.39
2026-01-07 09:33:36.353000+00:00,2026-01-07 09:33:33.931176+00:00,216.353,0.385,0.38,0.39,0.615,0.61,0.62,60.0,135.0,135.0,100.0,0.37,130.0,0.4,1144.32,0.36,129.56,0.41,83.49,0.35,50.69,0.42,315.3,0.34,503.0,0.43,368.8,0.33,492.68,0.44,363.3,0.6,1144.32,0.63,90.0,0.59,83.49,0.64,129.56,0.58,315.3,0.65,50.69,0.57,429.8,0.66,503.0,0.56,363.3,0.67,492.68
2026-01-07 09:33:37.288000+00:00,2026-01-07 09:33:34.936862+00:00,217.288,0.385,0.38,0.39,0.615,0.61,0.62,99.0,205.0,285.0,84.0,0.37,70.0,0.4,1214.32,0.36,129.56,0.41,153.49,0.35,65.69,0.42,315.3,0.34,503.0,0.43,429.8,0.33,507.68,0.44,363.3,0.6,1214.32,0.63,70.0,0.59,153.49,0.64,129.56,0.58,235.3,0.65,65.69,0.57,429.8,0.66,503.0,0.56,363.3,0.67,507.68
2026-01-07 09:33:38.311000+00:00,2026-01-07 09:33:35.936277+00:00,218.311,0.385,0.38,0.39,0.615,0.61,0.62,129.0,261.0,261.0,104.0,0.37,90.0,0.4,1234.32,0.36,129.56,0.41,153.49,0.35,235.69,0.42,235.3,0.34,454.0,0.43,429.8,0.33,497.68,0.44,363.3,0.6,1234.32,0.63,90.0,0.59,153.49,0.64,129.56,0.58,235.3,0.65,235.69,0.57,429.8,0.66,454.0,0.56,363.3,0.67,497.68
2026-01-07 09:33:39.392000+00:00,2026-01-07 09:33:36.937884+00:00,219.392,0.375,0.37,0.38,0.625,0.62,0.63,90.0,45.0,63.0,90.0,0.36,168.0,0.39,310.0,0.35,305.69,0.4,1184.32,0.34,464.0,0.41,115.02,0.33,457.68,0.42,235.3,0.32,443.39,0.43,429.8,0.61,285.0,0.64,168.0,0.6,1184.32,0.65,305.69,0.59,135.02,0.66,469.0,0.58,235.3,0.67,457.68,0.57,429.8,0.68,453.39
2026-01-07 09:33:40.270000+00:00,2026-01-07 09:33:37.945079+00:00,220.27,0.375,0.37,0.38,0.625,0.62,0.63,83.91,75.0,80.0,83.91,0.36,107.0,0.39,285.0,0.35,184.69,0.4,1184.32,0.34,469.0,0.41,135.02,0.33,457.68,0.42,418.3,0.32,433.39,0.43,429.8,0.61,285.0,0.64,68.0,0.6,1184.32,0.65,184.69,0.59,135.02,0.66,469.0,0.58,418.3,0.67,457.68,0.57,429.8,0.68,433.39
2026-01-07 09:33:41.454000+00:00,2026-01-07 09:33:38.965687+00:00,221.454,0.375,0.37,0.38,0.625,0.62,0.63,92.21,25.0,15.0,90.0,0.36,83.0,0.39,215.0,0.35,184.69,0.4,1239.32,0.34,454.0,0.41,148.49,0.33,467.68,0.42,398.3,0.32,453.39,0.43,429.8,0.61,215.0,0.64,108.0,0.6,1204.32,0.65,159.69,0.59,138.49,0.66,454.0,0.58,398.3,0.67,432.68,0.57,394.8,0.68,488.39
2026-01-07 09:33:42.428000+00:00,2026-01-07 09:33:39.968949+00:00,222.428,0.375,0.37,0.38,0.625,0.62,0.63,0.53,95.0,175.0,40.53,0.36,162.0,0.39,250.0,0.35,159.69,0.4,1214.32,0.34,454.0,0.41,173.49,0.33,467.68,0.42,398.3,0.32,488.39,0.43,429.8,0.61,170.0,0.64,108.0,0.6,1179.32,0.65,159.69,0.59,173.49,0.66,454.0,0.58,398.3,0.67,467.68,0.57,429.8,0.68,488.39
2026-01-07 09:33:43.449000+00:00,2026-01-07 09:33:40.975960+00:00,223.449,0.375,0.37,0.38,0.625,0.62,0.63,428.85,5.0,5.0,438.0,0.36,387.0,0.4,1175.0,0.35,290.69,0.41,249.62,0.34,504.0,0.42,230.3,0.33,467.68,0.43,469.8,0.32,413.39,0.44,398.3,0.6,1070.0,0.64,387.0,0.59,354.62,0.65,290.69,0.58,185.0,0.66,504.0,0.57,443.27,0.67,467.68,0.56,398.3,0.68,441.86
2026-01-07 09:33:44.469000+00:00,2026-01-07 09:33:41.998802+00:00,224.469,0.395,0.39,0.4,0.605,0.6,0.61,60.0,1070.0,1070.0,60.0,0.38,135.0,0.41,424.62,0.37,354.0,0.42,185.0,0.36,482.0,0.43,260.27,0.35,290.69,0.44,418.3,0.34,489.0,0.45,367.27,0.59,424.62,0.62,135.0,0.58,185.0,0.63,354.0,0.57,260.27,0.64,482.0,0.56,418.3,0.65,290.69,0.55,367.27,0.66,489.0
2026-01-07 09:33:45.428000+00:00,2026-01-07 09:33:43.003223+00:00,225.428,0.395,0.39,0.4,0.605,0.6,0.61,36.86,1150.0,1230.0,36.86,0.38,80.0,0.41,344.62,0.37,409.0,0.42,200.0,0.36,467.0,0.43,246.8,0.35,290.69,0.44,418.3,0.34,489.0,0.45,367.27,0.59,344.62,0.62,80.0,0.58,200.0,0.63,409.0,0.57,246.8,0.64,467.0,0.56,418.3,0.65,290.69,0.55,367.27,0.66,489.0
2026-01-07 09:33:46.501000+00:00,2026-01-07 09:33:44.025715+00:00,226.501,0.375,0.37,0.38,0.625,0.62,0.63,176.0,187.81,123.13,161.0,0.36,253.0,0.39,299.99,0.35,180.0,0.4,1150.0,0.34,384.0,0.41,441.09,0.33,387.68,0.42,393.0,0.32,398.39,0.43,469.8,0.61,299.99,0.64,199.0,0.6,1165.0,0.65,233.0,0.59,427.62,0.66,384.0,0.58,393.0,0.67,387.68,0.57,469.8,0.68,388.39
2026-01-07 09:33:47.486000+00:00,2026-01-07 09:33:45.031622+00:00,227.486,0.375,0.37,0.38,0.625,0.62,0.63,161.0,184.78,184.78,161.0,0.36,199.0,0.39,239.99,0.35,233.0,0.4,1165.0,0.34,384.0,0.41,347.62,0.33,397.68,0.42,393.0,0.32,388.39,0.43,469.8,0.61,239.99,0.64,199.0,0.6,1165.0,0.65,233.0,0.59,347.62,0.66,384.0,0.58,393.0,0.67,397.68,0.57,469.8,0.68,388.39
2026-01-07 09:33:48.525000+00:00,2026-01-07 09:33:46.039177+00:00,228.525,0.345,0.34,0.35,0.655,0.65,0.66,71.0,180.0,239.99,26.0,0.33,95.68,0.36,95.0,0.32,89.39,0.37,321.47,0.31,385.0,0.38,303.0,0.3,628.5,0.39,433.0,0.29,314.0,0.4,1323.0,0.64,100.0,0.67,110.68,0.63,331.47,0.68,89.39,0.62,338.0,0.69,385.0,0.61,353.0,0.7,628.5,0.6,1358.0,0.71,314.0
2026-01-07 09:33:49.532000+00:00,2026-01-07 09:33:47.046545+00:00,229.532,0.35,0.34,0.36,0.65,0.64,0.66,28.51,275.0,275.0,43.51,0.33,135.68,0.37,318.0,0.32,49.39,0.38,348.0,0.31,400.0,0.39,353.0,0.3,623.5,0.4,1376.22,0.29,389.0,0.41,288.02,0.63,331.47,0.67,98.68,0.62,333.0,0.68,86.39,0.61,353.0,0.69,400.0,0.6,1376.22,0.7,623.5,0.59,288.02,0.71,389.0
2026-01-07 09:33:50.528000+00:00,2026-01-07 09:33:48.051305+00:00,230.528,0.35,0.34,0.36,0.655,0.65,0.66,96.51,255.0,120.0,15.0,0.33,147.68,0.37,135.0,0.32,368.39,0.38,353.5,0.31,465.0,0.39,358.5,0.3,693.5,0.4,1376.22,0.29,449.0,0.41,288.02,0.64,110.0,0.67,147.68,0.63,260.47,0.68,368.39,0.62,338.5,0.69,385.0,0.61,358.5,0.7,683.5,0.6,1341.22,0.71,439.0
2026-01-07 09:33:51.534000+00:00,2026-01-07 09:33:49.075086+00:00,231.534,0.345,0.34,0.35,0.655,0.65,0.66,15.0,255.0,255.0,15.0,0.33,147.68,0.36,160.0,0.32,64.39,0.37,346.47,0.31,305.0,0.38,338.5,0.3,703.5,0.39,358.5,0.29,419.0,0.4,1341.22,0.64,160.0,0.67,147.68,0.63,346.47,0.68,64.39,0.62,338.5,0.69,305.0,0.61,358.5,0.7,703.5,0.6,1341.22,0.71,419.0
2026-01-07 09:33:52.356000+00:00,2026-01-07 09:33:50.079120+00:00,232.356,0.345,0.34,0.35,0.655,0.65,0.66,15.0,362.14,352.14,15.0,0.33,147.68,0.36,130.0,0.32,64.39,0.37,346.47,0.31,132.0,0.38,338.5,0.3,693.5,0.39,358.5,0.29,429.0,0.4,1341.22,0.64,130.0,0.67,147.68,0.63,346.47,0.68,64.39,0.62,338.5,0.69,132.0,0.61,358.5,0.7,693.5,0.6,1341.22,0.71,429.0
2026-01-07 09:33:53.555000+00:00,2026-01-07 09:33:51.083324+00:00,233.555,0.345,0.34,0.35,0.655,0.65,0.66,13.48,400.0,360.0,13.48,0.33,147.68,0.36,130.0,0.32,64.39,0.37,346.47,0.31,132.0,0.38,358.5,0.3,693.5,0.39,338.5,0.29,449.0,0.4,1341.22,0.64,130.0,0.67,147.68,0.63,346.47,0.68,64.39,0.62,358.5,0.69,132.0,0.61,338.5,0.7,693.5,0.6,1341.22,0.71,449.0
2026-01-07 09:33:54.592000+00:00,2026-01-07 09:33:52.105794+00:00,234.592,0.345,0.34,0.35,0.655,0.65,0.66,13.48,370.0,360.0,13.48,0.33,147.68,0.36,130.0,0.32,64.39,0.37,333.0,0.31,192.0,0.38,358.5,0.3,713.5,0.39,338.5,0.29,429.0,0.4,1341.22,0.64,267.0,0.67,112.68,0.63,333.0,0.68,74.39,0.62,358.5,0.69,182.0,0.61,338.5,0.7,713.5,0.6,1341.22,0.71,429.0
2026-01-07 09:33:55.524000+00:00,2026-01-07 09:33:53.109712+00:00,235.524,0.345,0.34,0.35,0.655,0.65,0.66,13.48,417.0,417.0,13.48,0.33,112.68,0.36,328.0,0.32,74.39,0.37,333.0,0.31,182.0,0.38,368.5,0.3,409.5,0.39,338.5,0.29,439.0,0.4,1341.22,0.64,328.0,0.67,112.68,0.63,333.0,0.68,74.39,0.62,368.5,0.69,182.0,0.61,338.5,0.7,409.5,0.6,1341.22,0.71,439.0
2026-01-07 09:33:56.618000+00:00,2026-01-07 09:33:54.130103+00:00,236.618,0.345,0.33,0.36,0.655,0.65,0.66,232.68,338.0,20.0,85.0,0.32,74.39,0.37,371.47,0.31,319.0,0.38,368.5,0.3,642.5,0.39,338.5,0.29,409.0,0.4,1376.22,0.28,387.0,0.41,409.02,0.64,155.0,0.67,232.68,0.63,338.0,0.68,59.39,0.62,383.5,0.69,380.0,0.61,338.5,0.7,713.5,0.6,1376.22,0.71,409.0
2026-01-07 09:33:57.599000+00:00,2026-01-07 09:33:55.152826+00:00,237.599,0.355,0.35,0.36,0.645,0.64,0.65,28.46,40.0,40.0,28.46,0.34,85.0,0.37,150.0,0.33,127.68,0.38,428.5,0.32,164.39,0.39,363.5,0.31,531.0,0.4,1376.22,0.3,683.5,0.41,323.02,0.63,150.0,0.66,85.0,0.62,428.5,0.67,127.68,0.61,363.5,0.68,164.39,0.6,1376.22,0.69,531.0,0.59,323.02,0.7,683.5
2026-01-07 09:33:58.570000+00:00,2026-01-07 09:33:56.162847+00:00,238.57,0.355,0.35,0.36,0.645,0.64,0.65,18.46,80.84,10.29,23.46,0.34,65.0,0.37,190.0,0.33,122.68,0.38,266.97,0.32,159.39,0.39,418.5,0.31,511.0,0.4,1376.22,0.3,713.5,0.41,323.02,0.63,95.0,0.66,95.0,0.62,333.5,0.67,107.68,0.61,433.5,0.68,211.39,0.6,1376.22,0.69,455.0,0.59,323.02,0.7,683.5
2026-01-07 09:33:59.645000+00:00,2026-01-07 09:33:57.172377+00:00,239.645,0.345,0.34,0.35,0.655,0.65,0.66,80.0,76.0,20.0,80.0,0.33,183.68,0.36,194.87,0.32,378.39,0.37,75.0,0.31,400.0,0.38,366.47,0.3,723.5,0.39,338.5,0.29,394.0,0.4,1376.22,0.64,89.87,0.67,183.68,0.63,145.0,0.68,378.39,0.62,366.47,0.69,436.0,0.61,338.5,0.7,723.5,0.6,1376.22,0.71,394.0
2026-01-07 09:34:00.653000+00:00,2026-01-07 09:33:58.178308+00:00,240.653,0.335,0.33,0.34,0.665,0.66,0.67,143.36,110.0,125.0,143.36,0.32,64.39,0.35,220.0,0.31,81.0,0.36,164.87,0.3,528.5,0.37,343.0,0.29,424.0,0.38,343.0,0.28,407.0,0.39,338.5,0.65,220.0,0.68,64.39,0.64,164.87,0.69,81.0,0.63,343.0,0.7,528.5,0.62,348.5,0.71,424.0,0.61,338.5,0.72,407.0
2026-01-07 09:34:01.675000+00:00,2026-01-07 09:33:59.183776+00:00,241.675,0.335,0.33,0.34,0.665,0.66,0.67,108.36,87.35,92.35,108.36,0.32,74.39,0.35,367.0,0.31,71.0,0.36,275.34,0.3,497.5,0.37,358.6,0.29,384.0,0.38,348.5,0.28,372.0,0.39,338.5,0.65,367.0,0.68,74.39,0.64,275.34,0.69,71.0,0.63,358.6,0.7,497.5,0.62,348.5,0.71,384.0,0.61,338.5,0.72,372.0
2026-01-07 09:34:02.692000+00:00,2026-01-07 09:34:00.191277+00:00,242.692,0.325,0.32,0.33,0.675,0.67,0.68,89.39,20.0,20.0,89.39,0.31,71.0,0.34,352.35,0.3,363.5,0.35,348.0,0.29,45.0,0.36,416.34,0.28,397.0,0.37,358.6,0.27,374.0,0.38,348.5,0.66,282.35,0.69,71.0,0.65,348.0,0.7,363.5,0.64,336.34,0.71,45.0,0.63,358.6,0.72,407.0,0.62,348.5,0.73,374.0
2026-01-07 09:34:03.661000+00:00,2026-01-07 09:34:01.196282+00:00,243.661,0.325,0.32,0.33,0.675,0.67,0.68,129.39,100.0,120.0,138.51,0.31,71.0,0.34,287.35,0.3,363.5,0.35,348.0,0.29,65.0,0.36,336.34,0.28,397.0,0.37,338.6,0.27,444.0,0.38,348.5,0.66,287.35,0.69,71.0,0.65,348.0,0.7,363.5,0.64,336.34,0.71,100.0,0.63,338.6,0.72,362.0,0.62,348.5,0.73,444.0
2026-01-07 09:34:04.659000+00:00,2026-01-07 09:34:02.201225+00:00,244.659,0.325,0.32,0.33,0.675,0.67,0.68,84.39,230.0,240.0,84.39,0.31,66.68,0.34,150.0,0.3,373.5,0.35,363.0,0.29,35.0,0.36,328.47,0.28,387.0,0.37,338.6,0.27,448.0,0.38,509.5,0.66,150.0,0.69,66.68,0.65,363.0,0.7,373.5,0.64,328.47,0.71,35.0,0.63,338.6,0.72,336.0,0.62,474.5,0.73,414.0
2026-01-07 09:34:05.726000+00:00,2026-01-07 09:34:03.221874+00:00,245.726,0.325,0.32,0.33,0.685,0.68,0.69,47.91,498.0,287.0,0.78,0.31,16.0,0.34,438.0,0.3,274.5,0.35,353.7,0.29,45.0,0.36,474.47,0.28,13.0,0.37,499.6,0.27,172.0,0.38,439.5,0.67,428.0,0.7,324.5,0.66,348.0,0.71,65.0,0.65,318.7,0.72,63.0,0.64,474.47,0.73,277.0,0.63,464.6,0.74,300.82
2026-01-07 09:34:06.656000+00:00,2026-01-07 09:34:04.228269+00:00,246.656,0.305,0.3,0.31,0.695,0.69,0.7,205.28,260.0,290.0,205.28,0.28,93.0,0.32,268.0,0.27,248.0,0.33,348.0,0.26,252.82,0.34,494.8,0.25,451.0,0.35,512.7,0.24,402.0,0.36,439.47,0.68,338.0,0.72,93.0,0.67,348.0,0.73,65.0,0.66,494.8,0.74,69.82,0.65,512.7,0.75,451.0,0.64,439.47,0.76,402.0
2026-01-07 09:34:07.722000+00:00,2026-01-07 09:34:05.232079+00:00,247.722,0.305,0.3,0.31,0.695,0.69,0.7,135.28,519.77,424.77,140.28,0.28,93.0,0.32,403.0,0.27,40.0,0.33,474.9,0.26,128.82,0.34,494.8,0.25,273.0,0.35,512.7,0.24,271.0,0.36,439.47,0.68,338.0,0.72,93.0,0.67,474.9,0.73,65.0,0.66,494.8,0.74,103.82,0.65,512.7,0.75,273.0,0.64,439.47,0.76,271.0
2026-01-07 09:34:08.672000+00:00,2026-01-07 09:34:06.234632+00:00,248.672,0.305,0.3,0.31,0.695,0.69,0.7,80.28,665.77,710.77,75.28,0.28,13.0,0.32,450.0,0.27,65.0,0.33,474.9,0.26,74.82,0.34,512.8,0.25,268.0,0.35,474.7,0.24,292.0,0.36,446.27,0.68,450.0,0.72,13.0,0.67,474.9,0.73,65.0,0.66,512.8,0.74,74.82,0.65,474.7,0.75,268.0,0.64,446.27,0.76,297.0
2026-01-07 09:34:09.714000+00:00,2026-01-07 09:34:07.241926+00:00,249.714,0.275,0.27,0.28,0.725,0.72,0.73,36.63,195.0,195.0,56.63,0.26,106.65,0.29,243.0,0.25,297.98,0.3,288.0,0.24,114.0,0.31,570.77,0.23,298.0,0.32,475.0,0.22,203.0,0.33,474.9,0.71,243.0,0.74,116.65,0.7,288.0,0.75,287.98,0.69,570.77,0.76,114.0,0.68,475.0,0.77,308.0,0.67,474.9,0.78,223.0
2026-01-07 09:34:10.736000+00:00,2026-01-07 09:34:08.247406+00:00,250.736,0.265,0.26,0.27,0.735,0.73,0.74,141.65,15.0,15.0,141.65,0.25,267.98,0.28,190.0,0.24,216.0,0.29,95.0,0.23,308.0,0.3,343.0,0.22,258.0,0.31,515.77,0.21,253.0,0.32,475.0,0.72,190.0,0.75,238.0,0.71,95.0,0.76,307.0,0.7,160.0,0.77,308.0,0.69,515.77,0.78,258.0,0.68,475.0,0.79,253.0
2026-01-07 09:34:11.741000+00:00,2026-01-07 09:34:09.251363+00:00,251.741,0.265,0.26,0.27,0.735,0.73,0.74,35.29,183.48,183.48,35.29,0.25,326.9,0.28,95.0,0.24,10.0,0.29,80.0,0.23,349.98,0.3,479.0,0.22,238.0,0.31,521.87,0.21,340.0,0.32,512.0,0.72,95.0,0.75,326.9,0.71,80.0,0.76,10.0,0.7,479.0,0.77,349.98,0.69,521.87,0.78,238.0,0.68,512.0,0.79,340.0
2026-01-07 09:34:12.735000+00:00,2026-01-07 09:34:10.268631+00:00,252.735,0.275,0.27,0.28,0.725,0.72,0.73,10.0,107.39,107.39,10.0,0.26,134.87,0.29,120.0,0.25,317.98,0.3,574.0,0.24,45.0,0.31,531.87,0.23,447.0,0.32,475.0,0.22,288.0,0.33,444.9,0.71,120.0,0.74,124.87,0.7,574.0,0.75,317.98,0.69,525.77,0.76,45.0,0.68,475.0,0.77,447.0,0.67,444.9,0.78,288.0
2026-01-07 09:34:13.769000+00:00,2026-01-07 09:34:11.273981+00:00,253.769,0.275,0.27,0.28,0.715,0.71,0.72,177.53,5.0,115.0,10.0,0.26,114.87,0.29,70.0,0.25,263.0,0.3,338.0,0.24,210.0,0.31,430.77,0.23,405.0,0.32,440.0,0.22,253.0,0.33,444.9,0.7,373.0,0.73,117.53,0.69,430.77,0.74,184.87,0.68,475.0,0.75,368.0,0.67,444.9,0.76,280.0,0.66,444.8,0.77,405.0
2026-01-07 09:34:14.791000+00:00,2026-01-07 09:34:12.290893+00:00,254.791,0.265,0.26,0.27,0.735,0.73,0.74,29.87,10.0,277.0,54.87,0.25,326.9,0.29,507.01,0.24,85.0,0.3,464.0,0.23,266.0,0.31,501.87,0.22,238.0,0.32,512.0,0.21,280.0,0.33,444.9,0.72,262.0,0.75,327.99,0.71,452.01,0.76,85.0,0.7,469.0,0.77,266.0,0.69,501.87,0.78,238.0,0.68,477.0,0.79,280.0
2026-01-07 09:34:15.772000+00:00,2026-01-07 09:34:13.297120+00:00,255.772,0.265,0.26,0.27,0.735,0.73,0.74,119.87,80.0,75.0,104.87,0.25,298.0,0.28,438.0,0.24,70.0,0.29,372.01,0.23,83.0,0.3,469.0,0.22,228.0,0.31,501.87,0.21,280.0,0.32,477.0,0.72,438.0,0.75,298.0,0.71,372.01,0.76,85.0,0.7,469.0,0.77,83.0,0.69,501.87,0.78,238.0,0.68,477.0,0.79,280.0
2026-01-07 09:34:16.753000+00:00,2026-01-07 09:34:14.301364+00:00,256.753,0.265,0.26,0.27,0.735,0.73,0.74,23.12,130.0,210.0,23.12,0.25,327.99,0.28,235.0,0.24,55.0,0.29,347.01,0.23,161.98,0.3,469.0,0.22,238.0,0.31,501.87,0.21,280.0,0.32,512.0,0.72,230.0,0.75,223.0,0.71,327.01,0.76,105.0,0.7,469.0,0.77,131.98,0.69,501.87,0.78,238.0,0.68,477.0,0.79,270.0
2026-01-07 09:34:17.802000+00:00,2026-01-07 09:34:15.323812+00:00,257.802,0.235,0.23,0.24,0.765,0.76,0.77,38.0,122.0,368.0,38.0,0.22,15.0,0.25,100.0,0.21,95.0,0.26,338.0,0.2,173.0,0.27,676.33,0.19,248.0,0.28,469.0,0.18,243.0,0.29,491.21,0.75,200.0,0.8,192.99,0.74,488.0,0.81,238.0,0.73,621.33,0.82,208.0,0.72,469.0,0.83,226.53,0.71,456.21,0.84,2354.72
2026-01-07 09:34:18.798000+00:00,2026-01-07 09:34:16.313267+00:00,258.798,0.20500000000000002,0.2,0.21,0.795,0.79,0.8,364.99,37.0,27.0,364.99,0.19,187.0,0.22,70.0,0.18,228.0,0.23,130.0,0.17,291.53,0.24,260.6,0.16,2359.72,0.25,196.0,0.15,228.09,0.26,469.0,0.77,175.0,0.81,187.0,0.76,241.0,0.82,228.0,0.75,206.0,0.83,281.53,0.74,469.0,0.84,2349.72,0.73,467.33,0.85,228.09
2026-01-07 09:34:19.800000+00:00,2026-01-07 09:34:17.319472+00:00,259.8,0.20500000000000002,0.2,0.21,0.795,0.79,0.8,401.13,17.9,17.9,374.0,0.19,233.0,0.22,15.0,0.18,287.0,0.23,185.0,0.17,291.53,0.24,236.0,0.16,2339.72,0.25,135.0,0.15,228.09,0.26,366.0,0.78,165.0,0.81,228.0,0.77,145.0,0.82,297.0,0.76,206.0,0.83,261.53,0.75,135.0,0.84,2389.72,0.74,366.0,0.85,228.09
2026-01-07 09:34:20.812000+00:00,2026-01-07 09:34:18.330736+00:00,260.812,0.20500000000000002,0.2,0.21,0.795,0.79,0.8,311.37,22.9,22.9,311.37,0.19,248.0,0.22,115.0,0.18,277.0,0.23,130.0,0.17,281.53,0.24,231.0,0.16,2419.72,0.25,110.0,0.15,298.09,0.26,555.8,0.77,170.0,0.81,328.0,0.76,226.0,0.82,357.0,0.75,100.0,0.83,331.53,0.74,555.8,0.84,2409.72,0.73,473.93,0.85,298.09
2026-01-07 09:34:21.768000+00:00,2026-01-07 09:34:19.335447+00:00,261.768,0.20500000000000002,0.2,0.21,0.795,0.79,0.8,374.55,12.9,12.9,374.55,0.19,258.0,0.22,130.0,0.18,347.0,0.23,165.0,0.17,371.53,0.24,245.0,0.16,2409.72,0.25,205.0,0.15,285.97,0.26,475.8,0.78,155.0,0.81,258.0,0.77,235.0,0.82,347.0,0.76,245.0,0.83,361.53,0.75,205.0,0.84,2419.72,0.74,475.8,0.85,285.97
2026-01-07 09:34:22.805000+00:00,2026-01-07 09:34:20.325305+00:00,262.805,0.215,0.21,0.22,0.785,0.78,0.79,164.7,15.0,15.0,112.7,0.2,329.56,0.23,115.0,0.19,268.0,0.24,170.0,0.18,377.0,0.25,190.0,0.17,321.53,0.26,475.8,0.16,2374.72,0.27,473.93,0.77,215.0,0.8,324.56,0.76,95.0,0.81,288.0,0.75,205.0,0.82,337.0,0.74,475.8,0.83,351.53,0.73,473.93,0.84,2374.72
2026-01-07 09:34:23.751000+00:00,2026-01-07 09:34:21.328194+00:00,263.751,0.20500000000000002,0.2,0.21,0.795,0.79,0.8,141.15,35.0,210.0,81.16,0.19,233.0,0.22,285.0,0.18,321.98,0.23,140.0,0.17,361.53,0.24,180.0,0.16,2429.72,0.25,205.0,0.15,295.97,0.26,475.8,0.78,210.0,0.81,250.7,0.77,140.0,0.82,311.98,0.76,180.0,0.83,371.53,0.75,205.0,0.84,2429.72,0.74,475.8,0.85,295.97
2026-01-07 09:34:24.824000+00:00,2026-01-07 09:34:22.344781+00:00,264.824,0.20500000000000002,0.2,0.21,0.795,0.79,0.8,44.53,215.0,215.0,44.53,0.19,275.7,0.22,190.0,0.18,271.98,0.23,140.0,0.17,286.53,0.24,187.1,0.16,2379.72,0.25,211.9,0.15,334.67,0.26,475.8,0.78,190.0,0.81,275.7,0.77,140.0,0.82,271.98,0.76,187.1,0.83,296.53,0.75,211.9,0.84,2359.72,0.74,475.8,0.85,334.67
2026-01-07 09:34:25.839000+00:00,2026-01-07 09:34:23.351579+00:00,265.839,0.20500000000000002,0.2,0.21,0.795,0.79,0.8,319.64,63.05,63.05,454.62,0.19,278.0,0.22,130.0,0.18,297.0,0.23,315.0,0.17,291.53,0.24,155.0,0.16,2419.72,0.25,211.9,0.15,279.67,0.26,475.8,0.78,5.0,0.81,328.0,0.77,185.0,0.82,312.0,0.76,85.0,0.83,291.53,0.75,176.9,0.84,2419.72,0.74,475.8,0.85,279.67
2026-01-07 09:34:26.825000+00:00,2026-01-07 09:34:24.351891+00:00,266.825,0.20500000000000002,0.2,0.21,0.795,0.79,0.8,372.99,63.05,68.05,348.01,0.19,253.0,0.23,115.0,0.18,338.0,0.24,185.0,0.17,321.53,0.25,170.0,0.16,2409.72,0.26,165.0,0.15,400.67,0.27,473.93,0.77,140.0,0.81,283.0,0.76,130.0,0.82,228.0,0.75,160.0,0.83,351.53,0.74,165.0,0.84,2409.72,0.73,473.93,0.85,400.67
2026-01-07 09:34:27.836000+00:00,2026-01-07 09:34:25.355984+00:00,267.836,0.20500000000000002,0.2,0.21,0.795,0.79,0.8,50.02,244.05,204.05,100.01,0.19,275.7,0.22,140.0,0.18,212.98,0.23,140.0,0.17,251.53,0.24,110.0,0.16,2414.72,0.25,202.0,0.15,410.67,0.26,422.1,0.78,215.0,0.81,213.0,0.77,140.0,0.82,227.98,0.76,145.0,0.83,236.53,0.75,253.0,0.84,2424.72,0.74,448.1,0.85,420.67
2026-01-07 09:34:28.837000+00:00,2026-01-07 09:34:26.359397+00:00,268.837,0.20500000000000002,0.2,0.21,0.795,0.79,0.8,34.7,240.0,275.0,34.7,0.19,57.7,0.22,190.0,0.18,227.98,0.23,130.0,0.17,236.53,0.24,145.0,0.16,2344.72,0.25,380.9,0.15,239.67,0.26,454.9,0.78,200.0,0.81,57.7,0.77,130.0,0.82,262.98,0.76,145.0,0.83,246.53,0.75,380.9,0.84,2379.72,0.74,457.4,0.85,239.67
2026-01-07 09:34:29.823000+00:00,2026-01-07 09:34:27.363318+00:00,269.823,0.20500000000000002,0.2,0.21,0.795,0.79,0.8,90.71,100.0,150.0,60.71,0.19,80.0,0.22,345.0,0.18,252.98,0.23,175.0,0.17,251.53,0.24,180.0,0.16,2399.72,0.25,415.9,0.15,244.67,0.26,457.4,0.78,310.0,0.81,80.0,0.77,175.0,0.82,252.98,0.76,180.0,0.83,281.53,0.75,415.9,0.84,2369.72,0.74,457.4,0.85,244.67
2026-01-07 09:34:30.971000+00:00,2026-01-07 09:34:28.373973+00:00,270.971,0.2,0.19,0.21,0.8,0.79,0.81,95.13,210.0,270.0,70.13,0.18,262.98,0.22,270.0,0.17,326.53,0.23,165.0,0.16,2449.72,0.24,180.0,0.15,334.67,0.25,415.9,0.14,493.18,0.26,532.4,0.78,210.0,0.82,262.98,0.77,165.0,0.83,303.0,0.76,180.0,0.84,2449.72,0.75,415.9,0.85,334.67,0.74,532.4,0.86,493.18
2026-01-07 09:34:31.847000+00:00,2026-01-07 09:34:29.376419+00:00,271.847,0.20500000000000002,0.2,0.21,0.795,0.79,0.8,59.99,115.0,100.0,59.99,0.19,65.0,0.22,245.0,0.18,247.98,0.23,165.0,0.17,348.0,0.24,180.0,0.16,2419.72,0.25,415.9,0.15,334.67,0.26,532.4,0.78,255.0,0.81,65.0,0.77,165.0,0.82,277.98,0.76,180.0,0.83,318.0,0.75,415.9,0.84,2419.72,0.74,532.4,0.85,334.67
2026-01-07 09:34:32.807000+00:00,2026-01-07 09:34:30.382299+00:00,272.807,0.195,0.19,0.2,0.805,0.8,0.81,62.7,5.0,5.0,62.7,0.18,302.98,0.21,90.0,0.17,293.0,0.22,260.0,0.16,2419.72,0.23,165.0,0.15,354.67,0.24,180.0,0.14,493.18,0.25,415.9,0.79,90.0,0.82,302.98,0.78,260.0,0.83,293.0,0.77,165.0,0.84,2419.72,0.76,180.0,0.85,354.67,0.75,415.9,0.86,493.18
2026-01-07 09:34:33.779000+00:00,2026-01-07 09:34:31.404176+00:00,273.779,0.195,0.19,0.2,0.805,0.8,0.81,57.7,5.0,5.0,57.7,0.18,292.98,0.21,250.0,0.17,303.0,0.22,240.0,0.16,2419.72,0.23,165.0,0.15,354.67,0.24,180.0,0.14,444.18,0.25,434.0,0.79,185.0,0.82,292.98,0.78,255.0,0.83,303.0,0.77,165.0,0.84,2419.72,0.76,180.0,0.85,354.67,0.75,434.0,0.86,444.18
2026-01-07 09:34:34.872000+00:00,2026-01-07 09:34:32.411851+00:00,274.872,0.22999999999999998,0.22,0.24,0.77,0.76,0.78,80.0,230.0,230.0,65.0,0.21,132.0,0.25,223.0,0.2,183.73,0.26,563.4,0.19,364.7,0.27,548.93,0.18,318.0,0.28,520.4,0.17,288.0,0.29,485.3,0.75,40.0,0.79,132.0,0.74,556.6,0.8,183.73,0.73,548.93,0.81,425.7,0.72,520.4,0.82,318.0,0.71,485.3,0.83,288.0
2026-01-07 09:34:35.911000+00:00,2026-01-07 09:34:33.431723+00:00,275.911,0.225,0.22,0.23,0.775,0.77,0.78,5.16,255.0,255.0,5.16,0.21,100.0,0.24,245.0,0.2,104.98,0.25,218.0,0.19,369.0,0.26,486.6,0.18,308.0,0.27,548.93,0.17,298.0,0.28,485.4,0.76,245.0,0.79,100.0,0.75,218.0,0.8,104.98,0.74,486.6,0.81,369.0,0.73,548.93,0.82,308.0,0.72,485.4,0.83,298.0
2026-01-07 09:34:36.877000+00:00,2026-01-07 09:34:34.436211+00:00,276.877,0.225,0.22,0.23,0.775,0.77,0.78,5.0,240.0,240.0,5.0,0.21,110.0,0.24,95.0,0.2,89.98,0.25,218.0,0.19,379.0,0.26,636.6,0.18,308.0,0.27,548.93,0.17,298.0,0.28,485.4,0.76,95.0,0.79,110.0,0.75,218.0,0.8,89.98,0.74,636.6,0.81,379.0,0.73,548.93,0.82,308.0,0.72,485.4,0.83,298.0
2026-01-07 09:34:37.793000+00:00,2026-01-07 09:34:35.442053+00:00,277.793,0.22,0.21,0.23,0.78,0.77,0.79,81.53,230.0,230.0,81.53,0.2,89.98,0.24,105.0,0.19,379.0,0.25,218.0,0.18,308.0,0.26,636.6,0.17,298.0,0.27,548.93,0.16,2359.72,0.28,485.4,0.76,105.0,0.8,89.98,0.75,218.0,0.81,379.0,0.74,636.6,0.82,308.0,0.73,548.93,0.83,318.0,0.72,485.4,0.84,2359.72
2026-01-07 09:34:38.932000+00:00,2026-01-07 09:34:36.448630+00:00,278.932,0.22999999999999998,0.22,0.24,0.77,0.76,0.78,202.0,130.0,195.0,140.0,0.21,282.7,0.25,418.0,0.2,288.0,0.26,556.6,0.19,328.0,0.27,548.93,0.18,308.0,0.28,520.4,0.17,308.0,0.29,485.3,0.75,393.0,0.79,277.7,0.74,556.6,0.8,298.0,0.73,542.33,0.81,328.0,0.72,520.4,0.82,308.0,0.71,485.3,0.83,308.0
2026-01-07 09:34:39.904000+00:00,2026-01-07 09:34:37.451238+00:00,279.904,0.235,0.23,0.24,0.765,0.76,0.77,45.0,15.0,130.0,15.0,0.22,87.23,0.25,255.0,0.21,204.7,0.26,350.6,0.2,343.0,0.27,542.33,0.19,338.0,0.28,514.0,0.18,298.0,0.29,514.0,0.75,150.0,0.78,52.23,0.74,340.6,0.79,132.7,0.73,542.33,0.8,337.98,0.72,514.0,0.81,338.0,0.71,479.0,0.82,298.0
2026-01-07 09:34:40.924000+00:00,2026-01-07 09:34:38.457405+00:00,280.924,0.225,0.22,0.23,0.775,0.77,0.78,27.14,105.0,105.0,27.14,0.21,82.7,0.24,275.0,0.2,84.98,0.25,170.0,0.19,309.0,0.26,435.6,0.18,298.0,0.27,542.33,0.17,318.0,0.28,479.0,0.76,275.0,0.79,77.7,0.75,170.0,0.8,89.98,0.74,435.6,0.81,309.0,0.73,542.33,0.82,298.0,0.72,479.0,0.83,328.0
2026-01-07 09:34:41.931000+00:00,2026-01-07 09:34:39.465015+00:00,281.931,0.225,0.22,0.23,0.78,0.77,0.79,27.14,89.12,226.0,27.7,0.21,77.7,0.24,265.0,0.2,89.98,0.25,170.0,0.19,309.0,0.26,435.6,0.18,298.0,0.27,542.33,0.17,328.0,0.28,479.0,0.76,185.0,0.8,35.0,0.75,170.0,0.81,304.0,0.74,435.6,0.82,183.0,0.73,542.33,0.83,273.0,0.72,479.0,0.84,2470.72
2026-01-07 09:34:42.929000+00:00,2026-01-07 09:34:40.470215+00:00,282.929,0.215,0.21,0.22,0.785,0.78,0.79,12.7,345.0,435.0,12.7,0.2,35.0,0.23,315.0,0.19,35.0,0.24,363.0,0.18,104.98,0.25,353.0,0.17,263.0,0.26,435.6,0.16,2324.72,0.27,513.93,0.77,235.0,0.8,35.0,0.76,363.0,0.81,35.0,0.75,353.0,0.82,104.98,0.74,435.6,0.83,243.0,0.73,513.93,0.84,2324.72
2026-01-07 09:34:43.955000+00:00,2026-01-07 09:34:41.473379+00:00,283.955,0.215,0.21,0.22,0.785,0.78,0.79,27.7,200.0,175.0,27.7,0.2,40.0,0.23,240.0,0.19,105.0,0.24,363.0,0.18,70.0,0.25,353.0,0.17,238.0,0.26,442.4,0.16,2404.72,0.27,513.93,0.77,265.0,0.8,75.0,0.76,338.0,0.81,80.0,0.75,353.0,0.82,95.0,0.74,442.4,0.83,238.0,0.73,548.93,0.84,2404.72
2026-01-07 09:34:44.976000+00:00,2026-01-07 09:34:42.498341+00:00,284.976,0.22,0.21,0.23,0.785,0.78,0.79,76.53,190.0,30.0,46.53,0.2,90.0,0.24,275.0,0.19,130.0,0.25,369.6,0.18,248.0,0.26,429.8,0.17,288.0,0.27,548.93,0.16,2384.72,0.28,485.4,0.77,145.0,0.8,90.0,0.76,275.0,0.81,130.0,0.75,369.6,0.82,248.0,0.74,429.8,0.83,288.0,0.73,548.93,0.84,2384.72
