timestamp,collected_at,seconds,up_mid,up_best_bid,up_best_ask,down_mid,down_best_bid,down_best_ask,up_best_bid_size,up_best_ask_size,down_best_bid_size,down_best_ask_size,up_bid_2,up_bid_2_size,up_ask_2,up_ask_2_size,up_bid_3,up_bid_3_size,up_ask_3,up_ask_3_size,up_bid_4,up_bid_4_size,up_ask_4,up_ask_4_size,up_bid_5,up_bid_5_size,up_ask_5,up_ask_5_size,up_bid_6,up_bid_6_size,up_ask_6,up_ask_6_size,down_bid_2,down_bid_2_size,down_ask_2,down_ask_2_size,down_bid_3,down_bid_3_size,down_ask_3,down_ask_3_size,down_bid_4,down_bid_4_size,down_ask_4,down_ask_4_size,down_bid_5,down_bid_5_size,down_ask_5,down_ask_5_size,down_bid_6,down_bid_6_size,down_ask_6,down_ask_6_size
2026-01-07 05:45:01.919000+00:00,2026-01-07 05:44:59.387905+00:00,1.919,0.999,0.999,,0.001,,0.001,61968.36,,,61968.36,0.998,15.03,,,0.99,198236.31,,,0.989,5.05,,,0.985,2.45,,,0.98,290.0,,,,,0.002,15.03,,,0.01,198236.31,,,0.011,5.05,,,0.015,2.45,,,0.02,290.0
2026-01-07 05:45:02.973000+00:00,2026-01-07 05:45:00.396205+00:00,2.973,0.535,0.53,0.54,0.46499999999999997,0.46,0.47,20.72,299.0,299.0,20.72,0.52,36.23,0.55,405.0,0.51,483.37,0.56,118.0,0.5,610.33,0.57,61.0,0.49,447.84,0.58,183.0,0.48,183.0,0.59,223.0,0.45,461.0,0.48,31.23,0.44,61.0,0.49,483.37,0.43,61.0,0.5,615.33,0.42,183.0,0.51,447.84,0.41,223.0,0.52,183.0
2026-01-07 05:45:03.988000+00:00,2026-01-07 05:45:01.418268+00:00,3.988,0.535,0.53,0.54,0.46499999999999997,0.46,0.47,20.72,299.0,297.04,20.72,0.52,36.23,0.55,461.0,0.51,483.37,0.56,61.0,0.5,610.33,0.57,61.0,0.49,447.84,0.58,183.0,0.48,183.0,0.59,223.0,0.45,461.0,0.48,36.23,0.44,61.0,0.49,483.37,0.43,61.0,0.5,610.33,0.42,183.0,0.51,447.84,0.41,223.0,0.52,183.0
2026-01-07 05:45:05.997000+00:00,2026-01-07 05:45:03.431763+00:00,5.997,0.525,0.52,0.53,0.475,0.47,0.48,54.94,125.0,130.0,59.94,0.51,422.37,0.54,220.54,0.5,625.33,0.55,420.0,0.49,397.84,0.56,118.0,0.48,183.0,0.57,61.0,0.47,183.0,0.58,183.0,0.46,220.54,0.49,422.37,0.45,420.0,0.5,625.33,0.44,118.0,0.51,397.84,0.43,61.0,0.52,183.0,0.42,183.0,0.53,183.0
2026-01-07 05:45:07.050000+00:00,2026-01-07 05:45:04.436007+00:00,7.05,0.515,0.51,0.52,0.485,0.48,0.49,382.37,302.0,428.0,302.37,0.5,529.33,0.53,110.0,0.49,341.84,0.54,220.54,0.48,203.0,0.55,420.0,0.47,183.0,0.56,61.0,0.46,243.0,0.57,76.0,0.47,231.0,0.5,529.33,0.46,341.54,0.51,341.84,0.45,420.0,0.52,20.0,0.44,61.0,0.53,60.0,0.43,76.0,0.54,228.0
2026-01-07 05:45:08.049000+00:00,2026-01-07 05:45:05.442244+00:00,8.049,0.495,0.49,0.5,0.505,0.5,0.51,336.84,130.47,145.47,313.11,0.48,80.0,0.51,408.0,0.47,50.0,0.52,331.0,0.46,130.0,0.53,336.0,0.45,355.0,0.54,446.54,0.44,268.0,0.55,490.0,0.49,318.0,0.52,80.0,0.48,331.0,0.53,50.0,0.47,321.0,0.54,130.0,0.46,446.54,0.55,355.0,0.45,479.0,0.56,85.0
2026-01-07 05:45:09.061000+00:00,2026-01-07 05:45:06.460337+00:00,9.061,0.475,0.47,0.48,0.525,0.52,0.53,80.0,104.85,194.85,80.0,0.46,162.6,0.49,100.62,0.45,355.0,0.5,196.07,0.44,85.0,0.51,358.0,0.43,288.0,0.52,321.0,0.42,378.0,0.53,286.0,0.51,100.62,0.54,162.6,0.5,106.07,0.55,355.0,0.49,358.0,0.56,85.0,0.48,321.0,0.57,288.0,0.47,286.0,0.58,378.0
2026-01-07 05:45:10.098000+00:00,2026-01-07 05:45:07.483040+00:00,10.098,0.46499999999999997,0.46,0.47,0.535,0.53,0.54,47.6,538.0,599.0,32.6,0.45,285.0,0.48,394.0,0.43,15.0,0.49,276.62,0.42,288.0,0.5,166.07,0.41,303.0,0.51,362.0,0.4,481.5,0.52,286.0,0.52,526.0,0.55,297.0,0.51,288.62,0.56,84.0,0.5,166.07,0.57,15.0,0.49,362.0,0.58,105.0,0.48,286.0,0.59,303.0
2026-01-07 05:45:11.056000+00:00,2026-01-07 05:45:08.484701+00:00,11.056,0.46499999999999997,0.46,0.47,0.545,0.54,0.55,35.6,696.0,382.0,165.22,0.45,205.0,0.48,489.0,0.42,133.0,0.49,376.62,0.41,133.0,0.5,166.07,0.4,305.5,0.51,362.0,0.39,193.0,0.52,286.0,0.53,661.0,0.58,133.0,0.52,479.0,0.59,133.0,0.51,361.62,0.6,122.5,0.5,166.07,0.61,10.0,0.49,327.0,0.62,288.0
2026-01-07 05:45:12.014000+00:00,2026-01-07 05:45:09.492251+00:00,12.014,0.425,0.42,0.43,0.575,0.57,0.58,21.54,255.0,260.0,5.24,0.41,185.0,0.44,415.0,0.4,108.5,0.45,257.78,0.39,35.0,0.46,499.0,0.38,193.0,0.47,484.0,0.37,223.0,0.48,449.0,0.56,476.0,0.59,137.0,0.55,257.78,0.6,144.5,0.54,499.0,0.61,62.0,0.53,484.0,0.62,193.0,0.52,449.0,0.63,223.0
2026-01-07 05:45:13.120000+00:00,2026-01-07 05:45:10.512814+00:00,13.12,0.425,0.42,0.43,0.575,0.57,0.58,35.0,255.0,339.0,35.0,0.41,34.55,0.44,394.0,0.4,152.5,0.45,188.78,0.39,35.0,0.46,545.0,0.38,208.0,0.47,449.0,0.37,223.0,0.48,449.0,0.56,406.0,0.59,34.55,0.55,188.78,0.6,152.5,0.54,545.0,0.61,134.0,0.53,449.0,0.62,205.0,0.52,449.0,0.63,223.0
2026-01-07 05:45:14.123000+00:00,2026-01-07 05:45:11.518866+00:00,14.123,0.415,0.41,0.42,0.585,0.58,0.59,38.52,155.0,152.61,38.52,0.4,306.5,0.43,95.0,0.39,97.0,0.44,523.0,0.38,253.0,0.45,200.78,0.37,293.0,0.46,499.0,0.36,374.0,0.47,449.0,0.57,80.0,0.6,306.5,0.56,523.0,0.61,97.0,0.55,200.78,0.62,253.0,0.54,499.0,0.63,293.0,0.53,449.0,0.64,374.0
2026-01-07 05:45:15.142000+00:00,2026-01-07 05:45:12.540955+00:00,15.142,0.425,0.42,0.43,0.575,0.57,0.58,155.0,5.0,5.0,155.0,0.41,369.52,0.44,336.0,0.4,380.5,0.45,336.38,0.39,328.49,0.46,499.0,0.38,529.0,0.47,484.0,0.37,429.0,0.48,568.0,0.56,336.0,0.59,369.52,0.55,336.38,0.6,380.5,0.54,499.0,0.61,328.49,0.53,484.0,0.62,529.0,0.52,568.0,0.63,429.0
2026-01-07 05:45:16.151000+00:00,2026-01-07 05:45:13.540275+00:00,16.151,0.425,0.42,0.43,0.575,0.57,0.58,179.85,10.0,5.0,167.85,0.41,349.52,0.44,331.0,0.4,380.5,0.45,336.38,0.39,343.49,0.46,499.0,0.38,529.0,0.47,603.0,0.37,429.0,0.48,508.0,0.56,331.0,0.59,385.52,0.55,336.38,0.6,380.5,0.54,511.0,0.61,343.49,0.53,567.0,0.62,529.0,0.52,484.0,0.63,429.0
2026-01-07 05:45:17.168000+00:00,2026-01-07 05:45:14.547973+00:00,17.168,0.425,0.42,0.43,0.575,0.57,0.58,65.12,7.44,2.44,65.12,0.41,231.52,0.44,379.0,0.4,392.5,0.45,386.78,0.39,343.49,0.46,499.0,0.38,529.0,0.47,531.0,0.37,429.0,0.48,484.0,0.56,379.0,0.59,250.52,0.55,386.78,0.6,407.5,0.54,499.0,0.61,343.49,0.53,531.0,0.62,529.0,0.52,484.0,0.63,429.0
2026-01-07 05:45:18.190000+00:00,2026-01-07 05:45:15.569935+00:00,18.19,0.425,0.42,0.43,0.565,0.56,0.57,461.67,72.44,105.0,85.0,0.41,180.52,0.44,105.0,0.4,435.5,0.45,129.0,0.39,554.49,0.46,516.0,0.38,439.0,0.47,545.99,0.37,394.0,0.48,489.0,0.55,129.0,0.58,351.67,0.54,516.0,0.59,180.52,0.53,498.99,0.6,435.5,0.52,537.0,0.61,554.49,0.51,316.62,0.62,439.0
2026-01-07 05:45:19.166000+00:00,2026-01-07 05:45:16.572888+00:00,19.166,0.435,0.43,0.44,0.565,0.56,0.57,100.0,145.0,145.0,120.0,0.42,254.67,0.45,131.0,0.41,277.52,0.46,589.0,0.4,425.5,0.47,484.0,0.39,539.49,0.48,537.0,0.38,439.0,0.49,281.62,0.55,131.0,0.58,254.67,0.54,589.0,0.59,277.52,0.53,484.0,0.6,425.5,0.52,532.0,0.61,539.49,0.51,281.62,0.62,439.0
2026-01-07 05:45:20.192000+00:00,2026-01-07 05:45:17.579952+00:00,20.192,0.455,0.45,0.46,0.545,0.54,0.55,80.0,195.0,195.0,85.0,0.44,60.0,0.47,152.0,0.43,464.0,0.48,249.0,0.42,354.67,0.49,350.0,0.41,181.52,0.5,419.0,0.4,646.5,0.51,327.26,0.53,152.0,0.56,60.0,0.52,249.0,0.57,464.0,0.51,301.0,0.58,354.67,0.5,454.0,0.59,181.52,0.49,327.26,0.6,646.5
2026-01-07 05:45:21.143000+00:00,2026-01-07 05:45:18.583788+00:00,21.143,0.455,0.45,0.46,0.545,0.54,0.55,125.0,206.0,206.0,62.19,0.44,126.0,0.47,116.0,0.43,418.0,0.48,285.0,0.42,354.67,0.49,306.0,0.41,181.52,0.5,504.0,0.4,646.5,0.51,327.26,0.53,116.0,0.56,126.0,0.52,285.0,0.57,418.0,0.51,306.0,0.58,354.67,0.5,504.0,0.59,181.52,0.49,327.26,0.6,646.5
2026-01-07 05:45:22.211000+00:00,2026-01-07 05:45:19.588991+00:00,22.211,0.455,0.45,0.46,0.545,0.54,0.55,73.28,136.0,317.0,8.0,0.44,126.0,0.47,152.0,0.43,418.0,0.48,249.0,0.42,339.67,0.49,306.0,0.41,196.52,0.5,504.0,0.4,646.5,0.51,327.26,0.53,130.0,0.57,253.0,0.52,180.0,0.58,192.0,0.51,306.0,0.59,123.52,0.5,469.0,0.6,376.5,0.49,327.26,0.61,329.49
2026-01-07 05:45:23.218000+00:00,2026-01-07 05:45:20.598015+00:00,23.218,0.305,0.3,0.31,0.695,0.69,0.7,160.75,122.0,194.0,116.26,0.29,294.0,0.32,122.0,0.28,288.0,0.33,477.0,0.27,496.0,0.34,338.49,0.26,411.0,0.35,355.0,0.25,415.49,0.36,363.0,0.68,157.0,0.71,341.0,0.67,511.0,0.72,322.0,0.66,383.49,0.73,375.0,0.65,354.0,0.74,411.0,0.64,339.0,0.75,450.49
2026-01-07 05:45:24.233000+00:00,2026-01-07 05:45:21.620306+00:00,24.233,0.295,0.29,0.3,0.705,0.7,0.71,214.65,49.9,49.9,179.65,0.28,322.0,0.31,151.0,0.27,290.0,0.32,260.88,0.26,501.0,0.33,482.0,0.25,450.49,0.34,383.49,0.24,359.0,0.35,354.0,0.69,151.0,0.72,347.0,0.68,223.88,0.73,265.0,0.67,482.0,0.74,501.0,0.66,383.49,0.75,450.49,0.65,354.0,0.76,394.0
2026-01-07 05:45:25.255000+00:00,2026-01-07 05:45:22.637488+00:00,25.255,0.305,0.3,0.31,0.695,0.69,0.7,99.35,110.0,95.0,99.35,0.29,195.8,0.32,130.88,0.28,317.0,0.33,343.0,0.27,326.0,0.34,374.24,0.26,501.0,0.35,354.0,0.25,450.49,0.36,344.0,0.68,130.88,0.71,195.8,0.67,343.0,0.72,317.0,0.66,374.24,0.73,326.0,0.65,354.0,0.74,501.0,0.64,344.0,0.75,450.49
2026-01-07 05:45:26.257000+00:00,2026-01-07 05:45:23.644814+00:00,26.257,0.305,0.3,0.31,0.69,0.68,0.7,84.35,1.6,411.88,84.35,0.29,156.8,0.32,220.88,0.28,134.0,0.33,304.0,0.27,338.0,0.34,338.24,0.26,583.0,0.35,354.0,0.25,520.49,0.36,344.0,0.67,374.0,0.71,156.8,0.66,370.24,0.72,134.0,0.65,424.0,0.73,408.0,0.64,414.0,0.74,583.0,0.63,374.0,0.75,520.49
2026-01-07 05:45:27.281000+00:00,2026-01-07 05:45:24.663635+00:00,27.281,0.305,0.3,0.31,0.695,0.69,0.7,95.0,5.0,105.0,95.0,0.29,146.8,0.32,391.88,0.28,161.0,0.33,438.0,0.27,372.0,0.34,363.0,0.26,583.0,0.35,409.0,0.25,520.49,0.36,414.0,0.68,398.88,0.71,204.8,0.67,353.0,0.72,207.0,0.66,363.0,0.73,396.0,0.65,409.0,0.74,493.0,0.64,414.0,0.75,556.49
2026-01-07 05:45:28.293000+00:00,2026-01-07 05:45:25.670221+00:00,28.293,0.295,0.29,0.3,0.705,0.7,0.71,39.8,215.0,349.99,19.8,0.28,155.0,0.31,306.0,0.27,184.0,0.32,338.88,0.26,201.0,0.33,400.0,0.25,544.49,0.34,363.0,0.24,515.0,0.35,409.0,0.69,196.0,0.72,25.0,0.68,313.88,0.73,139.0,0.67,365.0,0.74,109.0,0.66,363.0,0.75,559.49,0.65,374.0,0.76,500.0
2026-01-07 05:45:29.252000+00:00,2026-01-07 05:45:26.676833+00:00,29.252,0.28500000000000003,0.28,0.29,0.715,0.71,0.72,25.0,320.0,325.0,25.0,0.27,27.0,0.3,577.39,0.26,169.21,0.31,399.0,0.25,193.49,0.32,348.88,0.24,111.5,0.33,484.0,0.23,131.0,0.34,449.0,0.7,577.39,0.73,27.0,0.69,399.0,0.74,169.21,0.68,348.88,0.75,193.49,0.67,484.0,0.76,111.5,0.66,449.0,0.77,131.0
2026-01-07 05:45:30.283000+00:00,2026-01-07 05:45:27.681839+00:00,30.283,0.28500000000000003,0.28,0.29,0.715,0.71,0.72,25.0,306.0,291.0,25.0,0.27,27.0,0.3,603.39,0.26,203.13,0.31,411.0,0.25,208.49,0.32,348.88,0.24,111.5,0.33,484.0,0.23,116.0,0.34,449.0,0.7,603.39,0.73,27.0,0.69,411.0,0.74,203.13,0.68,348.88,0.75,205.49,0.67,484.0,0.76,126.5,0.66,449.0,0.77,104.0
2026-01-07 05:45:31.288000+00:00,2026-01-07 05:45:28.687228+00:00,31.288,0.28500000000000003,0.28,0.29,0.72,0.71,0.73,25.0,445.0,495.0,22.0,0.27,22.0,0.3,676.39,0.26,67.21,0.31,484.0,0.25,111.49,0.32,469.88,0.24,218.42,0.33,484.0,0.23,101.0,0.34,464.0,0.7,676.39,0.74,67.21,0.69,484.0,0.75,111.49,0.68,469.88,0.76,218.42,0.67,484.0,0.77,101.0,0.66,464.0,0.78,319.0
2026-01-07 05:45:32.314000+00:00,2026-01-07 05:45:29.691565+00:00,32.314,0.28500000000000003,0.28,0.29,0.715,0.71,0.72,71.0,302.99,392.99,76.0,0.27,276.0,0.3,572.95,0.26,298.21,0.31,474.0,0.25,288.99,0.32,492.88,0.24,362.0,0.33,496.0,0.23,325.0,0.34,554.0,0.7,482.95,0.73,236.0,0.69,474.0,0.74,321.2,0.68,492.88,0.75,300.99,0.67,496.0,0.76,418.0,0.66,554.0,0.77,325.0
2026-01-07 05:45:33.332000+00:00,2026-01-07 05:45:30.714846+00:00,33.332,0.275,0.27,0.28,0.725,0.72,0.73,57.0,157.56,229.56,22.0,0.26,147.21,0.29,463.0,0.25,359.49,0.3,499.39,0.24,445.0,0.31,379.0,0.23,403.5,0.32,434.88,0.22,409.0,0.33,484.0,0.71,373.0,0.74,72.21,0.7,487.39,0.75,319.49,0.69,449.0,0.76,445.0,0.68,434.88,0.77,403.5,0.67,484.0,0.78,409.0
2026-01-07 05:45:34.339000+00:00,2026-01-07 05:45:31.719006+00:00,34.339,0.275,0.27,0.28,0.725,0.72,0.73,37.0,278.0,285.56,37.0,0.26,107.21,0.29,346.0,0.25,296.49,0.3,510.39,0.24,312.93,0.31,520.0,0.23,369.0,0.32,469.88,0.22,573.0,0.33,449.0,0.71,331.0,0.74,107.21,0.7,510.39,0.75,281.49,0.69,520.0,0.76,298.0,0.68,469.88,0.77,391.5,0.67,449.0,0.78,573.0
2026-01-07 05:45:35.341000+00:00,2026-01-07 05:45:32.727977+00:00,35.341,0.275,0.27,0.28,0.725,0.72,0.73,22.0,297.56,290.0,22.0,0.26,107.21,0.29,319.0,0.25,293.49,0.3,510.39,0.24,286.0,0.31,520.0,0.23,391.5,0.32,469.88,0.22,549.0,0.33,449.0,0.71,404.0,0.74,107.21,0.7,580.39,0.75,332.49,0.69,520.0,0.76,288.93,0.68,469.88,0.77,381.0,0.67,449.0,0.78,549.0
2026-01-07 05:45:36.322000+00:00,2026-01-07 05:45:33.733286+00:00,36.322,0.275,0.27,0.28,0.735,0.73,0.74,5.87,494.56,89.99,67.21,0.26,72.21,0.29,365.0,0.25,126.49,0.3,701.39,0.24,237.99,0.31,520.0,0.23,379.5,0.32,469.88,0.22,374.0,0.33,449.0,0.72,503.56,0.75,251.49,0.71,365.0,0.76,188.0,0.7,701.39,0.77,196.5,0.69,520.0,0.78,374.0,0.68,469.88,0.79,534.0
2026-01-07 05:45:37.306000+00:00,2026-01-07 05:45:34.734406+00:00,37.306,0.27,0.26,0.28,0.73,0.72,0.74,278.49,361.0,361.0,268.99,0.25,288.49,0.29,461.0,0.24,280.93,0.3,616.39,0.23,360.0,0.31,496.0,0.22,413.0,0.32,506.88,0.21,476.0,0.33,419.0,0.71,416.0,0.75,288.49,0.7,616.39,0.76,280.93,0.69,496.0,0.77,360.0,0.68,506.88,0.78,413.0,0.67,419.0,0.79,476.0
2026-01-07 05:45:38.373000+00:00,2026-01-07 05:45:35.757818+00:00,38.373,0.275,0.27,0.28,0.725,0.72,0.73,112.0,106.0,166.0,40.36,0.26,294.99,0.29,509.99,0.25,270.99,0.3,622.95,0.24,291.0,0.31,508.0,0.23,435.0,0.32,511.88,0.22,323.0,0.33,454.0,0.71,480.0,0.74,334.99,0.7,622.95,0.75,282.99,0.69,508.0,0.76,291.0,0.68,474.88,0.77,435.0,0.67,454.0,0.78,547.0
2026-01-07 05:45:39.373000+00:00,2026-01-07 05:45:36.764842+00:00,39.373,0.265,0.26,0.27,0.735,0.73,0.74,46.0,321.99,484.99,61.0,0.25,66.49,0.28,394.56,0.24,244.99,0.29,599.0,0.23,378.5,0.3,701.39,0.22,483.0,0.31,520.0,0.21,570.0,0.32,439.88,0.72,464.56,0.75,146.49,0.71,579.0,0.76,209.99,0.7,701.39,0.77,210.5,0.69,520.0,0.78,468.0,0.68,439.88,0.79,570.0
2026-01-07 05:45:40.297000+00:00,2026-01-07 05:45:37.771119+00:00,40.297,0.255,0.25,0.26,0.745,0.74,0.75,165.82,231.0,231.0,165.82,0.24,289.99,0.27,432.0,0.23,235.5,0.28,260.56,0.22,558.0,0.29,353.0,0.21,704.0,0.3,701.39,0.2,495.58,0.31,520.0,0.73,432.0,0.76,289.99,0.72,260.56,0.77,235.5,0.71,353.0,0.78,558.0,0.7,701.39,0.79,704.0,0.69,484.0,0.8,464.58
2026-01-07 05:45:41.403000+00:00,2026-01-07 05:45:38.776923+00:00,41.403,0.255,0.25,0.26,0.765,0.76,0.77,238.94,634.56,154.54,47.0,0.24,40.0,0.27,459.0,0.23,52.0,0.28,477.0,0.22,55.0,0.29,499.0,0.21,226.0,0.3,701.39,0.2,147.58,0.31,449.0,0.75,12.0,0.78,20.0,0.74,537.56,0.79,55.0,0.73,449.0,0.8,309.57,0.72,397.0,0.81,552.58,0.71,464.0,0.82,496.74
2026-01-07 05:45:42.338000+00:00,2026-01-07 05:45:39.798891+00:00,42.338,0.235,0.23,0.24,0.765,0.76,0.77,42.0,360.0,360.0,42.0,0.22,30.0,0.25,88.0,0.21,55.0,0.26,278.56,0.2,321.57,0.27,518.0,0.19,291.08,0.28,362.0,0.18,468.74,0.29,478.5,0.75,88.0,0.78,30.0,0.74,278.56,0.79,55.0,0.73,518.0,0.8,321.57,0.72,362.0,0.81,291.08,0.71,478.5,0.82,468.74
2026-01-07 05:45:43.377000+00:00,2026-01-07 05:45:40.803298+00:00,43.377,0.235,0.23,0.24,0.765,0.76,0.77,40.44,359.0,253.0,40.44,0.22,25.0,0.25,100.0,0.21,96.0,0.26,336.56,0.2,297.57,0.27,484.0,0.19,373.08,0.28,362.0,0.18,514.74,0.29,478.5,0.75,39.0,0.78,25.0,0.74,336.56,0.79,108.0,0.73,484.0,0.8,285.57,0.72,362.0,0.81,373.08,0.71,478.5,0.82,393.74
2026-01-07 05:45:44.430000+00:00,2026-01-07 05:45:41.810325+00:00,44.43,0.235,0.23,0.24,0.765,0.76,0.77,36.2,224.0,224.0,36.2,0.22,30.0,0.25,133.0,0.21,173.0,0.26,336.56,0.2,494.57,0.27,484.0,0.19,361.08,0.28,362.0,0.18,393.74,0.29,478.5,0.75,133.0,0.78,30.0,0.74,336.56,0.79,173.0,0.73,484.0,0.8,555.57,0.72,362.0,0.81,361.08,0.71,478.5,0.82,393.74
2026-01-07 05:45:45.401000+00:00,2026-01-07 05:45:42.812767+00:00,45.401,0.235,0.23,0.24,0.765,0.76,0.77,36.2,249.0,234.0,36.2,0.22,30.0,0.25,133.0,0.21,173.0,0.26,302.56,0.2,550.57,0.27,518.0,0.19,361.08,0.28,362.0,0.18,393.74,0.29,478.5,0.75,133.0,0.78,30.0,0.74,302.56,0.79,173.0,0.73,518.0,0.8,550.57,0.72,362.0,0.81,361.08,0.71,478.5,0.82,393.74
2026-01-07 05:45:46.439000+00:00,2026-01-07 05:45:43.818796+00:00,46.439,0.235,0.23,0.24,0.765,0.76,0.77,30.95,285.0,260.0,30.95,0.22,100.0,0.25,109.0,0.21,173.0,0.26,290.56,0.2,538.57,0.27,518.0,0.19,433.08,0.28,362.0,0.18,392.87,0.29,478.5,0.75,109.0,0.78,100.0,0.74,290.56,0.79,173.0,0.73,518.0,0.8,538.57,0.72,362.0,0.81,433.08,0.71,478.5,0.82,392.87
2026-01-07 05:45:47.442000+00:00,2026-01-07 05:45:44.830279+00:00,47.442,0.235,0.23,0.24,0.765,0.76,0.77,14.65,499.0,484.0,14.65,0.22,100.0,0.25,109.0,0.21,173.0,0.26,290.56,0.2,538.57,0.27,518.0,0.19,433.08,0.28,362.0,0.18,392.87,0.29,478.5,0.75,109.0,0.78,100.0,0.74,290.56,0.79,173.0,0.73,518.0,0.8,538.57,0.72,362.0,0.81,433.08,0.71,478.5,0.82,392.87
2026-01-07 05:45:48.443000+00:00,2026-01-07 05:45:45.836005+00:00,48.443,0.225,0.22,0.23,0.775,0.77,0.78,82.05,230.32,200.32,82.05,0.21,114.0,0.24,364.0,0.2,587.57,0.25,134.0,0.19,381.04,0.26,290.56,0.18,389.0,0.27,518.0,0.17,499.0,0.28,327.0,0.76,364.0,0.79,114.0,0.75,134.0,0.8,587.57,0.74,290.56,0.81,381.04,0.73,518.0,0.82,389.0,0.72,327.0,0.83,499.0
2026-01-07 05:45:49.431000+00:00,2026-01-07 05:45:46.859189+00:00,49.431,0.225,0.22,0.23,0.775,0.77,0.78,161.76,75.32,75.32,161.76,0.21,301.98,0.24,294.0,0.2,544.58,0.25,223.0,0.19,394.04,0.26,325.56,0.18,653.0,0.27,496.0,0.17,494.0,0.28,409.0,0.76,384.0,0.79,301.98,0.75,223.0,0.8,544.58,0.74,325.56,0.81,394.04,0.73,375.0,0.82,653.0,0.72,409.0,0.83,404.0
2026-01-07 05:45:50.495000+00:00,2026-01-07 05:45:47.883194+00:00,50.495,0.225,0.22,0.23,0.775,0.77,0.78,139.76,200.97,200.97,122.76,0.21,112.0,0.24,294.0,0.2,404.57,0.25,149.0,0.19,463.04,0.26,295.49,0.18,743.0,0.27,375.0,0.17,404.0,0.28,397.0,0.76,294.0,0.79,129.0,0.75,161.0,0.8,392.57,0.74,295.49,0.81,463.04,0.73,375.0,0.82,743.0,0.72,397.0,0.83,404.0
2026-01-07 05:45:51.468000+00:00,2026-01-07 05:45:48.890905+00:00,51.468,0.225,0.22,0.23,0.775,0.77,0.78,109.22,160.97,160.97,109.22,0.21,141.0,0.24,318.0,0.2,392.57,0.25,161.0,0.19,487.04,0.26,283.49,0.18,743.0,0.27,363.0,0.17,404.0,0.28,397.0,0.76,318.0,0.79,141.0,0.75,149.0,0.8,392.57,0.74,283.49,0.81,487.04,0.73,363.0,0.82,743.0,0.72,397.0,0.83,404.0
2026-01-07 05:45:52.523000+00:00,2026-01-07 05:45:49.892335+00:00,52.523,0.225,0.22,0.23,0.775,0.77,0.78,107.86,172.97,160.97,107.86,0.21,197.0,0.24,429.0,0.2,381.57,0.25,195.0,0.19,451.04,0.26,271.49,0.18,767.0,0.27,363.0,0.17,419.0,0.28,397.0,0.76,441.0,0.79,298.99,0.75,183.0,0.8,304.58,0.74,283.49,0.81,451.04,0.73,363.0,0.82,779.0,0.72,397.0,0.83,419.0
2026-01-07 05:45:53.541000+00:00,2026-01-07 05:45:50.898597+00:00,53.541,0.225,0.22,0.23,0.775,0.77,0.78,52.0,70.97,115.97,52.0,0.21,313.99,0.24,490.0,0.2,292.58,0.25,207.0,0.19,577.04,0.26,283.49,0.18,459.0,0.27,375.0,0.17,389.0,0.28,362.0,0.76,490.0,0.79,313.99,0.75,207.0,0.8,292.58,0.74,283.49,0.81,577.04,0.73,375.0,0.82,459.0,0.72,362.0,0.83,389.0
2026-01-07 05:45:54.534000+00:00,2026-01-07 05:45:51.920808+00:00,54.534,0.225,0.22,0.23,0.775,0.77,0.78,40.0,175.97,182.97,40.0,0.21,129.0,0.24,436.0,0.2,404.56,0.25,183.0,0.19,451.04,0.26,283.49,0.18,555.0,0.27,363.0,0.17,389.0,0.28,362.0,0.76,436.0,0.79,105.0,0.75,183.0,0.8,416.56,0.74,271.49,0.81,451.04,0.73,363.0,0.82,567.0,0.72,397.0,0.83,419.0
2026-01-07 05:45:55.531000+00:00,2026-01-07 05:45:52.927717+00:00,55.531,0.225,0.22,0.23,0.775,0.77,0.78,38.54,223.97,223.97,38.54,0.21,105.0,0.24,440.0,0.2,404.56,0.25,158.0,0.19,463.04,0.26,296.49,0.18,543.0,0.27,363.0,0.17,443.0,0.28,397.0,0.76,440.0,0.79,105.0,0.75,158.0,0.8,404.56,0.74,296.49,0.81,463.04,0.73,363.0,0.82,543.0,0.72,397.0,0.83,443.0
2026-01-07 05:45:56.572000+00:00,2026-01-07 05:45:53.947411+00:00,56.572,0.225,0.22,0.23,0.775,0.77,0.78,5.0,533.97,565.97,10.0,0.21,90.0,0.24,393.0,0.2,85.58,0.25,325.0,0.19,214.04,0.26,417.49,0.18,324.0,0.27,484.0,0.17,304.0,0.28,327.0,0.76,393.0,0.79,90.0,0.75,292.0,0.8,85.58,0.74,417.49,0.81,214.04,0.73,484.0,0.82,324.0,0.72,327.0,0.83,304.0
2026-01-07 05:45:57.580000+00:00,2026-01-07 05:45:54.965566+00:00,57.58,0.155,0.15,0.16,0.845,0.84,0.85,12.0,434.0,434.0,12.0,0.14,60.0,0.17,229.0,0.13,417.0,0.18,357.0,0.12,384.0,0.19,394.96,0.11,405.0,0.2,316.42,0.1,773.0,0.21,304.0,0.83,107.0,0.86,65.0,0.82,357.0,0.87,417.0,0.81,430.96,0.88,384.0,0.8,316.42,0.89,405.0,0.79,304.0,0.9,773.0
2026-01-07 05:45:58.585000+00:00,2026-01-07 05:45:55.970612+00:00,58.585,0.14500000000000002,0.14,0.15,0.855,0.85,0.86,229.31,293.62,338.62,229.31,0.13,215.0,0.16,145.75,0.12,410.97,0.17,47.0,0.11,240.0,0.18,198.0,0.1,829.0,0.19,231.0,0.09,351.0,0.2,281.42,0.84,145.75,0.87,215.0,0.83,47.0,0.88,271.0,0.82,198.0,0.89,345.0,0.81,231.0,0.9,630.0,0.8,281.42,0.91,326.0
2026-01-07 05:45:59.599000+00:00,2026-01-07 05:45:56.978970+00:00,59.599,0.14500000000000002,0.14,0.15,0.855,0.85,0.86,210.84,366.46,378.46,174.09,0.13,191.0,0.16,309.75,0.12,197.0,0.17,65.0,0.11,631.0,0.18,156.0,0.1,462.0,0.19,292.0,0.09,266.0,0.2,196.0,0.84,309.75,0.87,191.0,0.83,65.0,0.88,197.0,0.82,156.0,0.89,631.0,0.81,292.0,0.9,462.0,0.8,196.0,0.91,266.0
2026-01-07 05:46:00.536000+00:00,2026-01-07 05:45:57.986223+00:00,60.536,0.14500000000000002,0.14,0.15,0.855,0.85,0.86,187.69,529.46,804.46,172.69,0.13,191.0,0.16,264.75,0.12,382.0,0.17,226.0,0.11,313.0,0.18,348.0,0.1,405.0,0.19,423.0,0.09,219.0,0.2,388.0,0.84,276.75,0.87,191.0,0.83,226.0,0.88,382.0,0.82,348.0,0.89,345.0,0.81,423.0,0.9,405.0,0.8,388.0,0.91,219.0
2026-01-07 05:46:01.611000+00:00,2026-01-07 05:45:58.993998+00:00,61.611,0.135,0.13,0.14,0.865,0.86,0.87,420.97,107.0,90.0,465.97,0.12,287.0,0.15,720.46,0.11,352.0,0.16,276.75,0.1,417.0,0.17,226.0,0.09,490.0,0.18,226.0,0.08,290.5,0.19,484.0,0.85,561.46,0.88,351.0,0.84,354.75,0.89,307.0,0.83,238.0,0.9,429.0,0.82,226.0,0.91,195.0,0.81,484.0,0.92,318.5
2026-01-07 05:46:02.607000+00:00,2026-01-07 05:46:00.000378+00:00,62.607,0.135,0.13,0.14,0.865,0.86,0.87,411.59,95.0,100.0,411.59,0.12,363.0,0.15,480.13,0.11,295.0,0.16,175.75,0.1,758.0,0.17,238.0,0.09,275.0,0.18,238.0,0.08,373.5,0.19,301.0,0.85,480.13,0.88,363.0,0.84,175.75,0.89,295.0,0.83,238.0,0.9,758.0,0.82,238.0,0.91,275.0,0.81,301.0,0.92,373.5
2026-01-07 05:46:03.615000+00:00,2026-01-07 05:46:01.004543+00:00,63.615,0.135,0.13,0.14,0.865,0.86,0.87,394.59,95.0,95.0,394.59,0.12,363.0,0.15,480.13,0.11,365.0,0.16,135.75,0.1,758.0,0.17,233.0,0.09,290.0,0.18,203.0,0.08,373.5,0.19,266.0,0.85,435.13,0.88,363.0,0.84,135.75,0.89,365.0,0.83,233.0,0.9,758.0,0.82,203.0,0.91,275.0,0.81,266.0,0.92,373.5
2026-01-07 05:46:04.613000+00:00,2026-01-07 05:46:02.027714+00:00,64.613,0.135,0.13,0.14,0.865,0.86,0.87,353.21,101.76,101.76,358.21,0.12,363.0,0.15,460.13,0.11,380.0,0.16,157.75,0.1,723.0,0.17,233.0,0.09,265.0,0.18,191.0,0.08,338.5,0.19,341.0,0.85,460.13,0.88,363.0,0.84,157.75,0.89,380.0,0.83,233.0,0.9,723.0,0.82,191.0,0.91,265.0,0.81,341.0,0.92,338.5
2026-01-07 05:46:05.649000+00:00,2026-01-07 05:46:03.034005+00:00,65.649,0.135,0.13,0.14,0.865,0.86,0.87,364.3,156.76,156.76,364.3,0.12,403.0,0.15,450.13,0.11,375.0,0.16,192.75,0.1,758.0,0.17,238.0,0.09,300.0,0.18,221.0,0.08,373.5,0.19,341.0,0.85,450.13,0.88,403.0,0.84,192.75,0.89,375.0,0.83,238.0,0.9,758.0,0.82,221.0,0.91,300.0,0.81,341.0,0.92,373.5
2026-01-07 05:46:06.629000+00:00,2026-01-07 05:46:04.059429+00:00,66.629,0.135,0.13,0.14,0.865,0.86,0.87,348.62,151.76,116.76,368.63,0.12,386.0,0.15,525.13,0.11,387.0,0.16,192.75,0.1,746.0,0.17,238.0,0.09,324.0,0.18,191.0,0.08,420.5,0.19,372.0,0.85,198.13,0.88,371.0,0.84,167.75,0.89,363.0,0.83,226.0,0.9,522.0,0.82,238.0,0.91,320.0,0.81,372.0,0.92,556.5
2026-01-07 05:46:07.692000+00:00,2026-01-07 05:46:05.064536+00:00,67.692,0.135,0.13,0.14,0.835,0.83,0.84,642.63,38.85,40.0,90.0,0.12,450.0,0.15,81.13,0.11,403.0,0.17,115.0,0.1,526.0,0.18,133.0,0.09,699.0,0.19,412.0,0.08,594.5,0.2,617.0,0.82,133.0,0.85,12.0,0.81,342.0,0.86,219.0,0.8,617.0,0.87,503.63,0.79,298.0,0.88,455.0,0.78,524.0,0.89,368.0
2026-01-07 05:46:08.698000+00:00,2026-01-07 05:46:06.076813+00:00,68.698,0.165,0.16,0.17,0.835,0.83,0.84,191.92,35.0,35.0,201.92,0.15,120.0,0.18,223.0,0.14,174.0,0.19,209.0,0.13,343.66,0.2,629.0,0.12,528.0,0.21,298.0,0.11,403.0,0.22,524.0,0.82,236.08,0.85,120.0,0.81,209.0,0.86,174.0,0.8,629.0,0.87,343.66,0.79,298.0,0.88,528.0,0.78,524.0,0.89,403.0
2026-01-07 05:46:09.681000+00:00,2026-01-07 05:46:07.083472+00:00,69.681,0.175,0.17,0.18,0.825,0.82,0.83,2.01,208.08,213.08,2.01,0.16,190.92,0.19,150.0,0.15,389.0,0.2,629.0,0.14,157.0,0.21,313.0,0.13,342.66,0.22,556.0,0.12,477.0,0.23,494.0,0.81,145.0,0.84,190.92,0.8,629.0,0.85,389.0,0.79,313.0,0.86,157.0,0.78,556.0,0.87,342.66,0.77,494.0,0.88,477.0
2026-01-07 05:46:10.582000+00:00,2026-01-07 05:46:08.104605+00:00,70.582,0.175,0.17,0.18,0.825,0.82,0.83,189.97,125.0,125.0,189.97,0.16,152.92,0.19,185.0,0.15,392.0,0.2,508.0,0.14,212.0,0.21,313.0,0.13,432.66,0.22,556.0,0.12,387.0,0.23,494.0,0.81,185.0,0.84,152.92,0.8,508.0,0.85,392.0,0.79,313.0,0.86,227.0,0.78,524.0,0.87,417.66,0.77,526.0,0.88,415.0
2026-01-07 05:46:11.382000+00:00,2026-01-07 05:46:09.113139+00:00,71.382,0.175,0.17,0.18,0.825,0.82,0.83,189.97,125.0,125.0,189.97,0.16,152.92,0.19,185.0,0.15,392.0,0.2,508.0,0.14,227.0,0.21,313.0,0.13,417.66,0.22,524.0,0.12,415.0,0.23,526.0,0.81,180.0,0.84,152.92,0.8,508.0,0.85,392.0,0.79,313.0,0.86,227.0,0.78,524.0,0.87,417.66,0.77,526.0,0.88,415.0
2026-01-07 05:46:12.742000+00:00,2026-01-07 05:46:10.133270+00:00,72.742,0.175,0.17,0.18,0.825,0.82,0.83,189.97,135.0,135.0,204.97,0.16,262.92,0.19,204.98,0.15,404.0,0.2,508.0,0.14,227.0,0.21,313.0,0.13,417.66,0.22,524.0,0.12,415.0,0.23,526.0,0.81,204.98,0.84,323.92,0.8,508.0,0.85,404.0,0.79,313.0,0.86,227.0,0.78,524.0,0.87,417.66,0.77,526.0,0.88,415.0
2026-01-07 05:46:13.740000+00:00,2026-01-07 05:46:11.123948+00:00,73.74,0.175,0.17,0.18,0.8200000000000001,0.81,0.83,214.97,35.0,299.98,243.69,0.16,373.92,0.19,279.98,0.15,100.0,0.2,284.0,0.14,177.0,0.21,313.0,0.13,417.66,0.22,524.0,0.12,415.0,0.23,526.0,0.8,354.0,0.84,632.92,0.79,313.0,0.85,83.0,0.78,559.0,0.86,227.0,0.77,494.0,0.87,446.66,0.76,522.0,0.88,716.0
2026-01-07 05:46:14.763000+00:00,2026-01-07 05:46:12.130871+00:00,74.763,0.185,0.18,0.19,0.815,0.81,0.82,211.06,74.98,64.98,236.06,0.17,436.71,0.2,195.0,0.16,405.92,0.21,245.0,0.15,168.0,0.22,624.0,0.14,290.0,0.23,506.0,0.13,320.66,0.24,522.0,0.8,195.0,0.83,371.71,0.79,175.0,0.84,435.92,0.78,503.0,0.85,233.0,0.77,506.0,0.86,200.0,0.76,522.0,0.87,320.66
2026-01-07 05:46:15.774000+00:00,2026-01-07 05:46:13.150922+00:00,75.774,0.195,0.19,0.2,0.805,0.8,0.81,440.99,5.0,5.0,496.4,0.18,631.06,0.21,125.0,0.17,347.71,0.22,134.99,0.16,474.92,0.23,232.0,0.15,331.0,0.24,511.0,0.14,500.0,0.25,344.0,0.79,130.0,0.82,591.06,0.78,134.99,0.83,347.71,0.77,227.0,0.84,474.92,0.76,511.0,0.85,331.0,0.75,344.0,0.86,500.0
2026-01-07 05:46:16.723000+00:00,2026-01-07 05:46:14.156664+00:00,76.723,0.195,0.19,0.2,0.805,0.8,0.81,362.43,5.0,40.0,350.43,0.18,638.06,0.21,125.0,0.17,335.71,0.22,187.99,0.16,498.92,0.23,179.0,0.15,331.0,0.24,501.0,0.14,500.0,0.25,332.0,0.79,125.0,0.82,638.06,0.78,199.99,0.83,323.71,0.77,167.0,0.84,498.92,0.76,501.0,0.85,302.0,0.75,365.0,0.86,350.0
2026-01-07 05:46:17.758000+00:00,2026-01-07 05:46:15.163084+00:00,77.758,0.20500000000000002,0.2,0.21,0.795,0.79,0.8,160.0,130.0,124.19,160.0,0.19,270.0,0.22,206.99,0.18,650.06,0.23,167.0,0.17,323.71,0.24,501.0,0.16,510.92,0.25,332.0,0.15,302.0,0.26,412.49,0.78,206.99,0.81,270.0,0.77,237.0,0.82,650.06,0.76,501.0,0.83,323.71,0.75,332.0,0.84,510.92,0.74,446.49,0.85,331.0
2026-01-07 05:46:18.752000+00:00,2026-01-07 05:46:16.167891+00:00,78.752,0.20500000000000002,0.2,0.21,0.795,0.79,0.8,175.0,124.19,124.19,175.0,0.19,270.0,0.22,276.99,0.18,650.06,0.23,237.0,0.17,323.71,0.24,501.0,0.16,510.92,0.25,332.0,0.15,331.0,0.26,446.49,0.78,276.99,0.81,270.0,0.77,237.0,0.82,650.06,0.76,501.0,0.83,323.71,0.75,332.0,0.84,510.92,0.74,446.49,0.85,331.0
2026-01-07 05:46:19.742000+00:00,2026-01-07 05:46:17.173579+00:00,79.742,0.20500000000000002,0.2,0.21,0.795,0.79,0.8,170.0,124.19,124.19,170.0,0.19,270.0,0.22,276.99,0.18,650.06,0.23,237.0,0.17,323.71,0.24,725.0,0.16,525.92,0.25,332.0,0.15,316.0,0.26,446.49,0.78,276.99,0.81,270.0,0.77,237.0,0.82,650.06,0.76,725.0,0.83,323.71,0.75,332.0,0.84,525.92,0.74,446.49,0.85,316.0
2026-01-07 05:46:20.802000+00:00,2026-01-07 05:46:18.177636+00:00,80.802,0.235,0.23,0.24,0.765,0.76,0.77,65.0,67.0,130.0,200.0,0.22,144.96,0.25,185.0,0.21,668.0,0.26,506.49,0.2,310.0,0.27,506.0,0.19,430.0,0.28,372.0,0.18,737.06,0.29,463.5,0.75,145.0,0.78,186.96,0.74,549.49,0.79,547.0,0.73,494.0,0.8,322.0,0.72,372.0,0.81,394.0,0.71,463.5,0.82,725.06
2026-01-07 05:46:21.799000+00:00,2026-01-07 05:46:19.182851+00:00,81.799,0.235,0.23,0.24,0.765,0.76,0.77,164.1,130.0,130.0,164.1,0.22,262.96,0.25,155.0,0.21,710.0,0.26,534.49,0.2,479.0,0.27,385.0,0.19,620.0,0.28,263.0,0.18,635.06,0.29,342.5,0.75,167.0,0.78,262.96,0.74,522.49,0.79,710.0,0.73,385.0,0.8,479.0,0.72,263.0,0.81,620.0,0.71,342.5,0.82,635.06
2026-01-07 05:46:22.483000+00:00,2026-01-07 05:46:20.189407+00:00,82.483,0.235,0.23,0.24,0.765,0.76,0.77,162.88,130.0,130.0,155.88,0.22,262.96,0.25,227.0,0.21,710.0,0.26,486.49,0.2,479.0,0.27,385.0,0.19,605.0,0.28,251.0,0.18,635.06,0.29,342.5,0.75,227.0,0.78,250.96,0.74,486.49,0.79,680.0,0.73,385.0,0.8,479.0,0.72,251.0,0.81,605.0,0.71,342.5,0.82,650.06
2026-01-07 05:46:23.802000+00:00,2026-01-07 05:46:21.193103+00:00,83.802,0.225,0.22,0.23,0.775,0.77,0.78,171.43,125.0,125.0,171.43,0.21,520.0,0.24,270.0,0.2,300.0,0.25,412.0,0.19,538.0,0.26,634.49,0.18,737.06,0.27,373.0,0.17,482.71,0.28,251.0,0.76,270.0,0.79,520.0,0.75,412.0,0.8,300.0,0.74,634.49,0.81,538.0,0.73,373.0,0.82,737.06,0.72,251.0,0.83,482.71
2026-01-07 05:46:24.793000+00:00,2026-01-07 05:46:22.195482+00:00,84.793,0.225,0.22,0.23,0.775,0.77,0.78,211.43,30.0,30.0,211.43,0.21,492.0,0.24,185.0,0.2,471.0,0.25,298.0,0.19,585.0,0.26,634.49,0.18,496.06,0.27,385.0,0.17,482.71,0.28,251.0,0.76,185.0,0.79,504.0,0.75,322.0,0.8,526.0,0.74,634.49,0.81,717.0,0.73,385.0,0.82,496.06,0.72,251.0,0.83,482.71
2026-01-07 05:46:25.805000+00:00,2026-01-07 05:46:23.203061+00:00,85.805,0.225,0.22,0.23,0.775,0.77,0.78,219.43,6.3,11.3,204.43,0.21,527.0,0.24,205.0,0.2,470.0,0.25,297.0,0.19,668.0,0.26,669.49,0.18,635.06,0.27,385.0,0.17,482.71,0.28,251.0,0.76,205.0,0.79,542.0,0.75,297.0,0.8,525.0,0.74,669.49,0.81,653.0,0.73,385.0,0.82,635.06,0.72,251.0,0.83,482.71
2026-01-07 05:46:26.827000+00:00,2026-01-07 05:46:24.208459+00:00,86.827,0.235,0.23,0.24,0.765,0.76,0.77,310.42,100.0,10.0,310.42,0.22,244.43,0.25,80.0,0.21,405.0,0.26,521.49,0.2,531.0,0.27,373.0,0.19,706.0,0.28,251.0,0.18,496.06,0.29,342.5,0.75,110.0,0.78,533.43,0.74,495.49,0.79,440.0,0.73,420.0,0.8,530.0,0.72,475.0,0.81,706.0,0.71,342.5,0.82,496.06
2026-01-07 05:46:27.830000+00:00,2026-01-07 05:46:25.218265+00:00,87.83,0.245,0.24,0.25,0.755,0.75,0.76,145.0,110.0,95.0,145.0,0.23,510.0,0.26,257.49,0.22,494.43,0.27,242.0,0.21,550.0,0.28,461.0,0.2,566.0,0.29,342.5,0.19,706.0,0.3,560.48,0.74,257.49,0.77,510.0,0.73,242.0,0.78,494.43,0.72,461.0,0.79,535.0,0.71,342.5,0.8,566.0,0.7,560.48,0.81,706.0
2026-01-07 05:46:28.850000+00:00,2026-01-07 05:46:26.222691+00:00,88.85,0.245,0.24,0.25,0.755,0.75,0.76,200.67,92.0,92.0,215.67,0.23,515.0,0.26,271.81,0.22,452.43,0.27,242.0,0.21,523.0,0.28,461.0,0.2,530.0,0.29,342.5,0.19,706.0,0.3,560.48,0.74,271.81,0.77,539.0,0.73,242.0,0.78,452.43,0.72,461.0,0.79,559.0,0.71,342.5,0.8,530.0,0.7,560.48,0.81,706.0
2026-01-07 05:46:29.861000+00:00,2026-01-07 05:46:27.241568+00:00,89.861,0.245,0.24,0.25,0.755,0.75,0.76,130.67,112.0,132.0,130.67,0.23,537.0,0.26,336.81,0.22,452.43,0.27,242.0,0.21,577.0,0.28,461.0,0.2,620.0,0.29,342.5,0.19,616.0,0.3,560.48,0.74,336.81,0.77,510.0,0.73,242.0,0.78,479.43,0.72,461.0,0.79,550.0,0.71,342.5,0.8,625.0,0.7,596.48,0.81,515.0
2026-01-07 05:46:30.866000+00:00,2026-01-07 05:46:28.246958+00:00,90.866,0.265,0.26,0.27,0.735,0.73,0.74,95.0,46.0,46.0,95.0,0.25,90.0,0.28,379.0,0.24,165.67,0.29,328.0,0.23,465.0,0.3,791.48,0.22,460.43,0.31,383.0,0.21,514.0,0.32,355.83,0.72,379.0,0.75,102.0,0.71,340.0,0.76,319.67,0.7,791.48,0.77,535.0,0.69,383.0,0.78,530.43,0.68,355.83,0.79,514.0
2026-01-07 05:46:31.868000+00:00,2026-01-07 05:46:29.250245+00:00,91.868,0.275,0.27,0.28,0.725,0.72,0.73,180.53,349.0,354.0,178.39,0.26,142.0,0.29,263.0,0.25,184.0,0.3,628.48,0.24,235.67,0.31,505.5,0.23,580.0,0.32,355.83,0.22,575.43,0.33,520.74,0.71,263.0,0.74,142.0,0.7,628.48,0.75,184.0,0.69,505.5,0.76,235.67,0.68,355.83,0.77,580.0,0.67,520.74,0.78,575.43
2026-01-07 05:46:32.690000+00:00,2026-01-07 05:46:30.255699+00:00,92.69,0.275,0.27,0.28,0.725,0.72,0.73,148.39,369.0,381.0,148.39,0.26,157.0,0.29,263.0,0.25,184.0,0.3,658.48,0.24,220.67,0.31,505.5,0.23,580.0,0.32,355.83,0.22,575.43,0.33,520.74,0.71,323.0,0.74,157.0,0.7,658.48,0.75,184.0,0.69,505.5,0.76,220.67,0.68,367.83,0.77,580.0,0.67,520.74,0.78,575.43
2026-01-07 05:46:33.870000+00:00,2026-01-07 05:46:31.262765+00:00,93.87,0.28500000000000003,0.28,0.29,0.715,0.71,0.72,140.0,266.0,183.0,145.0,0.27,133.39,0.3,524.48,0.26,209.0,0.31,370.0,0.25,182.0,0.32,552.83,0.24,341.67,0.33,540.17,0.23,446.0,0.34,549.0,0.7,604.48,0.73,217.39,0.69,316.0,0.74,172.0,0.68,547.83,0.75,160.0,0.67,557.74,0.76,341.67,0.66,576.0,0.77,461.0
2026-01-07 05:46:34.889000+00:00,2026-01-07 05:46:32.269579+00:00,94.889,0.28500000000000003,0.28,0.29,0.705,0.7,0.71,495.5,176.2,415.48,284.0,0.27,356.83,0.3,415.48,0.26,316.0,0.31,283.0,0.25,528.0,0.32,357.83,0.24,496.67,0.33,419.74,0.23,643.0,0.34,505.0,0.69,193.0,0.72,450.5,0.68,357.83,0.73,381.83,0.67,419.74,0.74,331.0,0.66,505.0,0.75,561.0,0.65,435.43,0.76,593.67
2026-01-07 05:46:35.915000+00:00,2026-01-07 05:46:33.261877+00:00,95.915,0.305,0.3,0.31,0.695,0.69,0.7,95.0,30.0,30.0,95.0,0.29,232.5,0.32,400.83,0.28,361.5,0.33,519.24,0.27,439.83,0.34,470.5,0.26,540.0,0.35,422.5,0.25,499.0,0.36,373.81,0.68,400.83,0.71,232.5,0.67,519.24,0.72,361.5,0.66,470.5,0.73,439.83,0.65,460.5,0.74,540.0,0.64,373.81,0.75,499.0
2026-01-07 05:46:36.876000+00:00,2026-01-07 05:46:34.268096+00:00,96.876,0.305,0.3,0.31,0.695,0.69,0.7,204.85,22.0,22.0,200.6,0.29,210.0,0.32,385.83,0.28,361.5,0.33,539.24,0.27,474.83,0.34,448.0,0.26,570.0,0.35,490.49,0.25,499.0,0.36,373.81,0.68,385.83,0.71,210.0,0.67,539.24,0.72,361.5,0.66,448.0,0.73,474.83,0.65,490.49,0.74,570.0,0.64,373.81,0.75,499.0
2026-01-07 05:46:37.855000+00:00,2026-01-07 05:46:35.277204+00:00,97.855,0.305,0.3,0.31,0.695,0.69,0.7,230.6,22.0,22.0,235.6,0.29,250.0,0.32,344.83,0.28,350.5,0.33,575.24,0.27,423.83,0.34,448.0,0.26,555.0,0.35,478.49,0.25,464.0,0.36,385.81,0.68,344.83,0.71,245.0,0.67,575.24,0.72,362.5,0.66,448.0,0.73,438.83,0.65,548.49,0.74,540.0,0.64,385.81,0.75,464.0
2026-01-07 05:46:38.745000+00:00,2026-01-07 05:46:36.282394+00:00,98.745,0.305,0.3,0.31,0.695,0.69,0.7,235.6,37.0,37.0,235.6,0.29,245.0,0.32,309.83,0.28,362.5,0.33,600.24,0.27,426.83,0.34,458.0,0.26,540.0,0.35,548.49,0.25,464.0,0.36,385.81,0.68,309.83,0.71,245.0,0.67,670.24,0.72,374.5,0.66,528.0,0.73,426.83,0.65,548.49,0.74,540.0,0.64,385.81,0.75,464.0
2026-01-07 05:46:39.905000+00:00,2026-01-07 05:46:37.287147+00:00,99.905,0.305,0.3,0.31,0.695,0.69,0.7,240.61,25.0,25.0,238.83,0.29,242.0,0.32,521.83,0.28,350.5,0.33,570.24,0.27,411.83,0.34,610.0,0.26,540.0,0.35,548.49,0.25,464.0,0.36,385.81,0.68,521.83,0.71,254.0,0.67,682.24,0.72,350.5,0.66,540.0,0.73,411.83,0.65,548.49,0.74,540.0,0.64,385.81,0.75,464.0
2026-01-07 05:46:40.828000+00:00,2026-01-07 05:46:38.293176+00:00,100.828,0.305,0.3,0.31,0.695,0.69,0.7,218.83,45.0,45.0,218.83,0.29,254.0,0.32,541.83,0.28,350.5,0.33,662.24,0.27,411.83,0.34,540.0,0.26,540.0,0.35,548.49,0.25,464.0,0.36,385.81,0.68,541.83,0.71,254.0,0.67,662.24,0.72,350.5,0.66,540.0,0.73,411.83,0.65,548.49,0.74,540.0,0.64,385.81,0.75,464.0
2026-01-07 05:46:41.713000+00:00,2026-01-07 05:46:39.300212+00:00,101.713,0.305,0.3,0.31,0.695,0.69,0.7,188.83,30.0,30.0,188.83,0.29,291.5,0.32,556.83,0.28,335.5,0.33,662.24,0.27,411.83,0.34,585.5,0.26,540.0,0.35,495.49,0.25,464.0,0.36,390.81,0.68,556.83,0.71,291.5,0.67,662.24,0.72,335.5,0.66,585.5,0.73,411.83,0.65,495.49,0.74,540.0,0.64,390.81,0.75,464.0
2026-01-07 05:46:42.842000+00:00,2026-01-07 05:46:40.321331+00:00,102.842,0.305,0.3,0.31,0.695,0.69,0.7,178.83,152.0,152.0,178.83,0.29,291.5,0.32,556.83,0.28,335.5,0.33,627.24,0.27,301.83,0.34,610.5,0.26,630.0,0.35,505.49,0.25,484.0,0.36,390.81,0.68,568.83,0.71,291.5,0.67,615.24,0.72,335.5,0.66,610.5,0.73,301.83,0.65,505.49,0.74,630.0,0.64,390.81,0.75,484.0
2026-01-07 05:46:43.926000+00:00,2026-01-07 05:46:41.325683+00:00,103.926,0.28500000000000003,0.28,0.29,0.72,0.71,0.73,132.5,353.0,353.0,59.33,0.27,105.83,0.3,405.0,0.26,416.0,0.31,620.67,0.25,388.0,0.32,377.83,0.24,654.67,0.33,486.74,0.23,271.0,0.34,639.0,0.7,370.0,0.74,416.0,0.69,515.67,0.75,353.0,0.68,377.83,0.76,642.67,0.67,486.74,0.77,306.0,0.66,639.0,0.78,420.43
2026-01-07 05:46:44.958000+00:00,2026-01-07 05:46:42.345041+00:00,104.958,0.28500000000000003,0.28,0.29,0.715,0.71,0.72,60.0,375.0,375.0,64.86,0.27,109.33,0.3,436.69,0.26,360.0,0.31,515.67,0.25,373.0,0.32,340.83,0.24,625.67,0.33,523.74,0.23,306.0,0.34,639.0,0.7,436.69,0.73,94.33,0.69,530.67,0.74,360.0,0.68,340.83,0.75,373.0,0.67,523.74,0.76,625.67,0.66,639.0,0.77,306.0
2026-01-07 05:46:45.970000+00:00,2026-01-07 05:46:43.350630+00:00,105.97,0.28500000000000003,0.28,0.29,0.715,0.71,0.72,244.5,203.0,203.0,249.5,0.27,202.33,0.3,407.0,0.26,291.0,0.31,195.0,0.25,403.0,0.32,405.81,0.24,523.67,0.33,526.74,0.23,423.0,0.34,639.0,0.7,407.0,0.73,200.33,0.69,238.0,0.74,321.0,0.68,395.81,0.75,438.0,0.67,561.74,0.76,523.67,0.66,651.0,0.77,393.0
2026-01-07 05:46:46.982000+00:00,2026-01-07 05:46:44.361658+00:00,106.982,0.29000000000000004,0.28,0.3,0.71,0.7,0.72,284.0,687.0,687.0,326.0,0.27,208.83,0.31,283.0,0.26,296.0,0.32,350.33,0.25,377.0,0.33,486.74,0.24,535.67,0.34,518.0,0.23,489.0,0.35,477.49,0.69,307.0,0.73,256.83,0.68,302.33,0.74,296.0,0.67,523.74,0.75,377.0,0.66,518.0,0.76,535.67,0.65,477.49,0.77,489.0
2026-01-07 05:46:47.998000+00:00,2026-01-07 05:46:45.382654+00:00,107.998,0.28500000000000003,0.28,0.29,0.715,0.71,0.72,230.3,226.0,226.0,215.06,0.27,258.33,0.3,415.0,0.26,209.5,0.31,348.0,0.25,316.0,0.32,367.83,0.24,535.67,0.33,511.74,0.23,306.0,0.34,530.0,0.7,430.0,0.73,273.33,0.69,363.0,0.74,209.5,0.68,367.83,0.75,316.0,0.67,511.74,0.76,535.67,0.66,530.0,0.77,306.0
2026-01-07 05:46:49.002000+00:00,2026-01-07 05:46:46.389591+00:00,109.002,0.28500000000000003,0.28,0.29,0.715,0.71,0.72,246.72,402.5,402.5,246.72,0.27,303.33,0.3,269.0,0.26,303.0,0.31,524.0,0.25,316.0,0.32,375.33,0.24,433.67,0.33,511.74,0.23,652.0,0.34,651.0,0.7,269.0,0.73,303.33,0.69,524.0,0.74,303.0,0.68,375.33,0.75,316.0,0.67,511.74,0.76,433.67,0.66,651.0,0.77,652.0
2026-01-07 05:46:50.863000+00:00,2026-01-07 05:46:48.397577+00:00,110.863,0.28500000000000003,0.28,0.29,0.715,0.71,0.72,191.72,234.65,234.65,181.72,0.27,293.33,0.3,464.0,0.26,303.0,0.31,389.0,0.25,316.0,0.32,360.33,0.24,494.67,0.33,511.74,0.23,713.0,0.34,530.0,0.7,464.0,0.73,288.33,0.69,389.0,0.74,303.0,0.68,360.33,0.75,316.0,0.67,511.74,0.76,494.67,0.66,530.0,0.77,713.0
2026-01-07 05:46:51.991000+00:00,2026-01-07 05:46:49.403515+00:00,111.991,0.28500000000000003,0.28,0.29,0.715,0.71,0.72,176.72,234.65,234.65,176.72,0.27,293.33,0.3,476.0,0.26,303.0,0.31,377.0,0.25,321.0,0.32,360.33,0.24,494.67,0.33,511.74,0.23,713.0,0.34,530.0,0.7,476.0,0.73,293.33,0.69,377.0,0.74,303.0,0.68,360.33,0.75,321.0,0.67,511.74,0.76,494.67,0.66,530.0,0.77,713.0
2026-01-07 05:46:53+00:00,2026-01-07 05:46:50.412558+00:00,113.0,0.28500000000000003,0.28,0.29,0.715,0.71,0.72,196.72,219.65,219.65,279.22,0.27,288.33,0.3,301.0,0.26,303.0,0.31,477.0,0.25,316.0,0.32,360.33,0.24,494.67,0.33,474.74,0.23,745.0,0.34,568.0,0.7,245.0,0.73,233.33,0.69,521.0,0.74,328.0,0.68,352.83,0.75,316.0,0.67,526.74,0.76,494.67,0.66,530.0,0.77,454.0
2026-01-07 05:46:54.032000+00:00,2026-01-07 05:46:51.420841+00:00,114.032,0.295,0.29,0.3,0.705,0.7,0.71,275.0,31.0,31.0,275.0,0.28,286.22,0.31,452.0,0.27,294.33,0.32,398.83,0.26,316.0,0.33,501.74,0.25,317.0,0.34,556.0,0.24,718.67,0.35,555.49,0.69,452.0,0.72,286.22,0.68,398.83,0.73,294.33,0.67,501.74,0.74,316.0,0.66,556.0,0.75,317.0,0.65,567.49,0.76,718.67
2026-01-07 05:46:55.828000+00:00,2026-01-07 05:46:53.421028+00:00,115.828,0.295,0.29,0.3,0.705,0.7,0.71,306.54,22.67,22.67,291.54,0.28,298.22,0.31,452.0,0.27,282.33,0.32,398.83,0.26,331.0,0.33,501.74,0.25,317.0,0.34,518.0,0.24,751.67,0.35,605.49,0.69,452.0,0.72,298.22,0.68,398.83,0.73,282.33,0.67,501.74,0.74,331.0,0.66,518.0,0.75,317.0,0.65,605.49,0.76,751.67
2026-01-07 05:46:56.935000+00:00,2026-01-07 05:46:54.428513+00:00,116.935,0.295,0.29,0.3,0.705,0.7,0.71,281.54,22.67,22.67,281.54,0.28,298.22,0.31,452.0,0.27,297.33,0.32,398.83,0.26,316.0,0.33,501.74,0.25,317.0,0.34,518.0,0.24,756.67,0.35,610.49,0.69,452.0,0.72,298.22,0.68,398.83,0.73,297.33,0.67,501.74,0.74,316.0,0.66,518.0,0.75,317.0,0.65,610.49,0.76,756.67
2026-01-07 05:46:58.013000+00:00,2026-01-07 05:46:55.435557+00:00,118.013,0.295,0.29,0.3,0.705,0.7,0.71,290.54,246.67,496.67,156.54,0.28,286.22,0.31,428.0,0.27,285.33,0.32,422.83,0.26,316.0,0.33,501.74,0.25,301.0,0.34,518.0,0.24,751.67,0.35,598.49,0.69,332.0,0.72,271.72,0.68,370.33,0.73,339.33,0.67,474.74,0.74,316.0,0.66,518.0,0.75,301.0,0.65,605.49,0.76,751.67
2026-01-07 05:46:59.053000+00:00,2026-01-07 05:46:56.441012+00:00,119.053,0.295,0.29,0.3,0.705,0.7,0.71,138.13,429.67,429.67,150.0,0.28,256.72,0.31,488.0,0.27,351.33,0.32,382.33,0.26,316.0,0.33,474.74,0.25,301.0,0.34,518.0,0.24,568.67,0.35,605.49,0.69,488.0,0.72,279.22,0.68,374.83,0.73,321.33,0.67,489.74,0.74,316.0,0.66,518.0,0.75,301.0,0.65,605.49,0.76,568.67
2026-01-07 05:47:00.769000+00:00,2026-01-07 05:46:58.471138+00:00,120.769,0.295,0.29,0.3,0.705,0.7,0.71,236.81,220.99,220.99,131.81,0.28,302.72,0.31,183.0,0.27,255.33,0.32,582.83,0.26,335.0,0.33,496.74,0.25,650.0,0.34,615.5,0.24,494.67,0.35,477.49,0.69,183.0,0.72,302.72,0.68,570.83,0.73,255.33,0.67,496.74,0.74,335.0,0.66,615.5,0.75,650.0,0.65,477.49,0.76,494.67
2026-01-07 05:47:02.094000+00:00,2026-01-07 05:46:59.478258+00:00,122.094,0.315,0.31,0.32,0.685,0.68,0.69,210.0,32.83,32.83,235.0,0.3,317.0,0.33,254.74,0.29,447.81,0.34,799.99,0.28,419.72,0.35,515.49,0.27,436.33,0.36,400.81,0.26,769.0,0.37,340.0,0.67,71.74,0.7,324.5,0.66,616.99,0.71,402.81,0.65,515.49,0.72,419.72,0.64,400.81,0.73,497.33,0.63,340.0,0.74,769.0
2026-01-07 05:47:03.645000+00:00,2026-01-07 05:47:01.474902+00:00,123.645,0.315,0.31,0.32,0.685,0.68,0.69,364.55,19.01,19.01,349.55,0.3,236.0,0.33,76.74,0.29,232.81,0.34,340.0,0.28,480.72,0.35,682.49,0.27,497.33,0.36,493.31,0.26,769.0,0.37,328.0,0.67,76.74,0.7,236.0,0.66,340.0,0.71,232.81,0.65,682.49,0.72,480.72,0.64,493.31,0.73,497.33,0.63,328.0,0.74,769.0
2026-01-07 05:47:05.119000+00:00,2026-01-07 05:47:02.497622+00:00,125.119,0.315,0.31,0.32,0.685,0.68,0.69,359.55,19.01,19.01,344.55,0.3,221.0,0.33,295.74,0.29,232.81,0.34,270.0,0.28,535.72,0.35,647.49,0.27,556.33,0.36,518.31,0.26,449.0,0.37,338.0,0.67,295.74,0.7,221.0,0.66,270.0,0.71,267.81,0.65,647.49,0.72,589.72,0.64,518.31,0.73,463.33,0.63,338.0,0.74,449.0
2026-01-07 05:47:06.107000+00:00,2026-01-07 05:47:03.503343+00:00,126.107,0.315,0.31,0.32,0.685,0.68,0.69,344.55,94.01,94.01,344.55,0.3,226.0,0.33,370.74,0.29,267.81,0.34,265.0,0.28,589.72,0.35,647.49,0.27,463.33,0.36,523.31,0.26,449.0,0.37,338.0,0.67,370.74,0.7,226.0,0.66,265.0,0.71,267.81,0.65,647.49,0.72,589.72,0.64,523.31,0.73,463.33,0.63,338.0,0.74,449.0
2026-01-07 05:47:07.146000+00:00,2026-01-07 05:47:04.524463+00:00,127.146,0.315,0.31,0.32,0.685,0.68,0.69,247.1,99.01,99.01,217.1,0.3,274.0,0.33,389.74,0.29,256.81,0.34,277.0,0.28,535.72,0.35,575.49,0.27,556.33,0.36,511.31,0.26,449.0,0.37,338.0,0.67,365.74,0.7,233.5,0.66,375.0,0.71,244.81,0.65,540.49,0.72,500.72,0.64,498.81,0.73,556.33,0.63,338.0,0.74,449.0
2026-01-07 05:47:08.161000+00:00,2026-01-07 05:47:05.543414+00:00,128.161,0.315,0.31,0.32,0.685,0.68,0.69,247.1,171.01,171.01,247.1,0.3,233.5,0.33,365.74,0.29,256.81,0.34,402.0,0.28,607.72,0.35,540.49,0.27,556.33,0.36,510.81,0.26,449.0,0.37,338.0,0.67,365.74,0.7,233.5,0.66,402.0,0.71,256.81,0.65,540.49,0.72,572.72,0.64,510.81,0.73,497.33,0.63,338.0,0.74,545.0
2026-01-07 05:47:09.140000+00:00,2026-01-07 05:47:06.549109+00:00,129.14,0.315,0.31,0.32,0.685,0.68,0.69,232.1,171.01,171.01,217.1,0.3,233.5,0.33,365.74,0.29,256.81,0.34,402.0,0.28,572.72,0.35,540.49,0.27,687.33,0.36,510.81,0.26,449.0,0.37,338.0,0.67,365.74,0.7,226.0,0.66,287.0,0.71,256.81,0.65,525.49,0.72,572.72,0.64,518.31,0.73,721.33,0.63,338.0,0.74,545.0
2026-01-07 05:47:10.001000+00:00,2026-01-07 05:47:07.537674+00:00,130.001,0.315,0.31,0.32,0.685,0.68,0.69,302.1,99.01,99.01,287.1,0.3,305.5,0.33,413.74,0.29,256.81,0.34,299.0,0.28,500.72,0.35,567.49,0.27,726.33,0.36,498.81,0.26,545.0,0.37,350.0,0.67,413.74,0.7,305.5,0.66,299.0,0.71,256.81,0.65,567.49,0.72,500.72,0.64,498.81,0.73,726.33,0.63,350.0,0.74,545.0
2026-01-07 05:47:11.136000+00:00,2026-01-07 05:47:08.561290+00:00,131.136,0.315,0.31,0.32,0.685,0.68,0.69,173.71,99.01,99.01,173.71,0.3,317.5,0.33,380.74,0.29,232.81,0.34,347.0,0.28,500.72,0.35,587.49,0.27,721.33,0.36,473.81,0.26,545.0,0.37,375.0,0.67,380.74,0.7,317.5,0.66,347.0,0.71,232.81,0.65,587.49,0.72,500.72,0.64,473.81,0.73,721.33,0.63,375.0,0.74,545.0
2026-01-07 05:47:12.156000+00:00,2026-01-07 05:47:09.558685+00:00,132.156,0.315,0.31,0.32,0.685,0.68,0.69,146.71,99.01,99.01,146.71,0.3,257.5,0.33,550.74,0.29,292.81,0.34,249.0,0.28,500.72,0.35,575.49,0.27,721.33,0.36,485.81,0.26,545.0,0.37,363.0,0.67,550.74,0.7,233.5,0.66,237.0,0.71,316.81,0.65,575.49,0.72,500.72,0.64,485.81,0.73,721.33,0.63,363.0,0.74,545.0
2026-01-07 05:47:13.141000+00:00,2026-01-07 05:47:10.564261+00:00,133.141,0.315,0.31,0.32,0.685,0.68,0.69,146.71,107.88,107.88,146.71,0.3,233.5,0.33,550.74,0.29,316.81,0.34,420.0,0.28,309.72,0.35,575.49,0.27,721.33,0.36,485.81,0.26,545.0,0.37,363.0,0.67,550.74,0.7,233.5,0.66,420.0,0.71,316.81,0.65,575.49,0.72,309.72,0.64,485.81,0.73,721.33,0.63,363.0,0.74,545.0
2026-01-07 05:47:14.921000+00:00,2026-01-07 05:47:12.574135+00:00,134.921,0.315,0.31,0.32,0.685,0.68,0.69,180.26,95.88,95.88,180.26,0.3,293.5,0.33,550.74,0.29,268.81,0.34,432.0,0.28,297.72,0.35,575.49,0.27,692.33,0.36,473.81,0.26,503.0,0.37,415.0,0.67,550.74,0.7,293.5,0.66,432.0,0.71,268.81,0.65,575.49,0.72,297.72,0.64,473.81,0.73,692.33,0.63,415.0,0.74,503.0
2026-01-07 05:47:16.761000+00:00,2026-01-07 05:47:14.587191+00:00,136.761,0.315,0.31,0.32,0.685,0.68,0.69,160.26,95.88,95.88,160.26,0.3,305.5,0.33,550.74,0.29,256.81,0.34,432.0,0.28,297.72,0.35,575.49,0.27,687.33,0.36,473.81,0.26,503.0,0.37,415.0,0.67,550.74,0.7,305.5,0.66,432.0,0.71,256.81,0.65,575.49,0.72,297.72,0.64,473.81,0.73,687.33,0.63,415.0,0.74,503.0
2026-01-07 05:47:18.934000+00:00,2026-01-07 05:47:16.567155+00:00,138.934,0.315,0.31,0.32,0.685,0.68,0.69,210.26,95.88,95.88,210.26,0.3,329.5,0.33,392.74,0.29,232.81,0.34,518.0,0.28,297.72,0.35,587.49,0.27,687.33,0.36,473.81,0.26,503.0,0.37,403.0,0.67,392.74,0.7,329.5,0.66,518.0,0.71,232.81,0.65,587.49,0.72,297.72,0.64,473.81,0.73,687.33,0.63,403.0,0.74,503.0
2026-01-07 05:47:20+00:00,2026-01-07 05:47:17.574872+00:00,140.0,0.315,0.31,0.32,0.685,0.68,0.69,170.26,95.88,95.88,170.26,0.3,329.5,0.33,514.74,0.29,232.81,0.34,456.0,0.28,317.72,0.35,587.49,0.27,692.33,0.36,473.81,0.26,483.0,0.37,415.0,0.67,514.74,0.7,329.5,0.66,456.0,0.71,232.81,0.65,587.49,0.72,317.72,0.64,473.81,0.73,692.33,0.63,415.0,0.74,483.0
2026-01-07 05:47:21.199000+00:00,2026-01-07 05:47:18.580130+00:00,141.199,0.305,0.3,0.31,0.695,0.69,0.7,216.0,133.0,531.0,65.0,0.29,307.81,0.32,182.0,0.28,282.22,0.33,589.74,0.27,741.33,0.34,408.0,0.26,468.77,0.35,572.49,0.25,467.0,0.36,512.81,0.68,323.0,0.71,257.81,0.67,399.74,0.72,239.02,0.66,498.0,0.73,262.33,0.65,525.49,0.74,305.27,0.64,494.81,0.75,434.0
2026-01-07 05:47:22.186000+00:00,2026-01-07 05:47:19.601506+00:00,142.186,0.295,0.29,0.3,0.705,0.7,0.71,46.81,265.0,265.0,46.81,0.28,118.02,0.31,608.0,0.27,183.33,0.32,422.5,0.26,357.77,0.33,399.74,0.25,251.0,0.34,420.0,0.24,304.0,0.35,563.49,0.69,636.0,0.72,118.02,0.68,477.5,0.73,183.33,0.67,384.74,0.74,357.77,0.66,420.0,0.75,286.0,0.65,563.49,0.76,339.0
2026-01-07 05:47:23.159000+00:00,2026-01-07 05:47:20.608152+00:00,143.159,0.295,0.29,0.3,0.705,0.7,0.71,46.81,265.0,265.0,46.81,0.28,165.02,0.31,636.0,0.27,241.33,0.32,432.5,0.26,332.77,0.33,419.74,0.25,286.0,0.34,455.0,0.24,393.11,0.35,563.49,0.69,636.0,0.72,165.02,0.68,432.5,0.73,241.33,0.67,419.74,0.74,332.77,0.66,455.0,0.75,286.0,0.65,563.49,0.76,393.11
2026-01-07 05:47:24.223000+00:00,2026-01-07 05:47:21.617040+00:00,144.223,0.295,0.29,0.3,0.705,0.7,0.71,54.37,335.0,386.0,39.37,0.28,104.0,0.31,651.0,0.27,283.01,0.32,425.0,0.26,328.27,0.33,431.74,0.25,286.0,0.34,455.0,0.24,393.11,0.35,563.49,0.69,584.0,0.72,80.0,0.68,425.0,0.73,255.01,0.67,431.74,0.74,356.77,0.66,455.0,0.75,316.0,0.65,563.49,0.76,408.11
2026-01-07 05:47:25.893000+00:00,2026-01-07 05:47:23.628210+00:00,145.893,0.28500000000000003,0.28,0.29,0.715,0.71,0.72,140.0,298.0,298.0,140.0,0.27,294.01,0.3,370.5,0.26,271.77,0.31,350.0,0.25,301.0,0.32,450.0,0.24,584.11,0.33,419.74,0.23,333.0,0.34,458.0,0.7,351.0,0.73,337.01,0.69,362.0,0.74,231.27,0.68,450.0,0.75,301.0,0.67,419.74,0.76,584.11,0.66,458.0,0.77,333.0
2026-01-07 05:47:27.239000+00:00,2026-01-07 05:47:24.634652+00:00,147.239,0.28500000000000003,0.28,0.29,0.715,0.71,0.72,105.0,293.0,293.0,105.0,0.27,386.01,0.3,308.0,0.26,182.27,0.31,398.0,0.25,286.0,0.32,450.0,0.24,599.11,0.33,431.74,0.23,368.0,0.34,458.0,0.7,308.0,0.73,386.01,0.69,398.0,0.74,182.27,0.68,450.0,0.75,286.0,0.67,431.74,0.76,599.11,0.66,458.0,0.77,368.0
2026-01-07 05:47:28.259000+00:00,2026-01-07 05:47:25.641837+00:00,148.259,0.28500000000000003,0.28,0.29,0.715,0.71,0.72,105.0,298.0,298.0,105.0,0.27,374.01,0.3,351.0,0.26,182.27,0.31,350.0,0.25,286.0,0.32,450.0,0.24,599.11,0.33,431.74,0.23,336.0,0.34,420.0,0.7,351.0,0.73,374.01,0.69,350.0,0.74,194.27,0.68,450.0,0.75,286.0,0.67,468.74,0.76,599.11,0.66,420.0,0.77,336.0
2026-01-07 05:47:29.052000+00:00,2026-01-07 05:47:26.666128+00:00,149.052,0.28500000000000003,0.28,0.29,0.715,0.71,0.72,105.0,368.0,368.0,105.0,0.27,374.01,0.3,575.0,0.26,194.27,0.31,350.0,0.25,286.0,0.32,462.0,0.24,599.11,0.33,456.74,0.23,336.0,0.34,420.0,0.7,575.0,0.73,374.01,0.69,350.0,0.74,194.27,0.68,462.0,0.75,286.0,0.67,456.74,0.76,599.11,0.66,420.0,0.77,336.0
2026-01-07 05:47:30.293000+00:00,2026-01-07 05:47:27.674000+00:00,150.293,0.28500000000000003,0.28,0.29,0.715,0.71,0.72,105.0,380.0,368.0,105.0,0.27,314.01,0.3,551.0,0.26,230.27,0.31,338.0,0.25,291.0,0.32,450.0,0.24,599.11,0.33,419.74,0.23,368.0,0.34,458.0,0.7,563.0,0.73,314.01,0.69,350.0,0.74,230.27,0.68,450.0,0.75,291.0,0.67,419.74,0.76,599.11,0.66,458.0,0.77,368.0
2026-01-07 05:47:31.264000+00:00,2026-01-07 05:47:28.679540+00:00,151.264,0.28500000000000003,0.28,0.29,0.715,0.71,0.72,105.0,368.0,368.0,105.0,0.27,338.01,0.3,587.0,0.26,218.27,0.31,350.0,0.25,286.0,0.32,450.0,0.24,599.11,0.33,419.74,0.23,368.0,0.34,458.0,0.7,587.0,0.73,350.01,0.69,350.0,0.74,218.27,0.68,450.0,0.75,286.0,0.67,419.74,0.76,599.11,0.66,458.0,0.77,368.0
2026-01-07 05:47:32.877000+00:00,2026-01-07 05:47:30.690071+00:00,152.877,0.28500000000000003,0.28,0.29,0.715,0.71,0.72,102.86,368.0,368.0,102.86,0.27,350.01,0.3,575.0,0.26,218.27,0.31,350.0,0.25,286.0,0.32,462.0,0.24,599.11,0.33,419.74,0.23,368.0,0.34,458.0,0.7,575.0,0.73,350.01,0.69,350.0,0.74,218.27,0.68,462.0,0.75,286.0,0.67,419.74,0.76,599.11,0.66,458.0,0.77,368.0
2026-01-07 05:47:34.293000+00:00,2026-01-07 05:47:31.691487+00:00,154.293,0.28500000000000003,0.28,0.29,0.715,0.71,0.72,102.86,380.0,353.0,117.86,0.27,290.01,0.3,539.0,0.26,266.27,0.31,350.0,0.25,286.0,0.32,450.0,0.24,584.11,0.33,468.74,0.23,336.0,0.34,408.0,0.7,587.0,0.73,326.01,0.69,338.0,0.74,242.27,0.68,462.0,0.75,291.0,0.67,419.74,0.76,584.11,0.66,458.0,0.77,368.0
2026-01-07 05:47:35.194000+00:00,2026-01-07 05:47:32.713444+00:00,155.194,0.28500000000000003,0.28,0.29,0.715,0.71,0.72,102.86,368.0,368.0,102.86,0.27,338.01,0.3,587.0,0.26,230.27,0.31,338.0,0.25,291.0,0.32,462.0,0.24,584.11,0.33,419.74,0.23,368.0,0.34,458.0,0.7,587.0,0.73,338.01,0.69,338.0,0.74,230.27,0.68,462.0,0.75,291.0,0.67,419.74,0.76,584.11,0.66,458.0,0.77,368.0
2026-01-07 05:47:36.269000+00:00,2026-01-07 05:47:33.720993+00:00,156.269,0.28500000000000003,0.28,0.29,0.715,0.71,0.72,102.86,493.0,508.0,102.86,0.27,164.33,0.3,297.5,0.26,214.77,0.31,360.0,0.25,372.0,0.32,487.0,0.24,360.11,0.33,384.74,0.23,356.0,0.34,408.0,0.7,387.5,0.73,94.33,0.69,360.0,0.74,240.45,0.68,397.0,0.75,462.0,0.67,384.74,0.76,360.11,0.66,408.0,0.77,356.0
2026-01-07 05:47:37.357000+00:00,2026-01-07 05:47:34.742313+00:00,157.357,0.28500000000000003,0.28,0.29,0.715,0.71,0.72,82.86,463.0,463.0,82.86,0.27,179.33,0.3,285.5,0.26,211.77,0.31,438.0,0.25,438.0,0.32,397.0,0.24,360.11,0.33,396.74,0.23,356.0,0.34,408.0,0.7,285.5,0.73,179.33,0.69,450.0,0.74,313.77,0.68,397.0,0.75,324.0,0.67,396.74,0.76,360.11,0.66,408.0,0.77,356.0
2026-01-07 05:47:38.338000+00:00,2026-01-07 05:47:35.763002+00:00,158.338,0.28500000000000003,0.28,0.29,0.715,0.71,0.72,82.86,430.0,415.0,82.86,0.27,179.33,0.3,333.5,0.26,373.77,0.31,450.0,0.25,288.0,0.32,397.0,0.24,375.11,0.33,396.74,0.23,356.0,0.34,408.0,0.7,333.5,0.73,179.33,0.69,450.0,0.74,373.77,0.68,397.0,0.75,288.0,0.67,396.74,0.76,375.11,0.66,408.0,0.77,356.0
2026-01-07 05:47:39.274000+00:00,2026-01-07 05:47:36.769667+00:00,159.274,0.28500000000000003,0.28,0.29,0.715,0.71,0.72,82.86,415.0,415.0,82.86,0.27,179.33,0.3,333.5,0.26,373.77,0.31,450.0,0.25,288.0,0.32,397.0,0.24,375.11,0.33,396.74,0.23,356.0,0.34,408.0,0.7,333.5,0.73,179.33,0.69,450.0,0.74,373.77,0.68,397.0,0.75,288.0,0.67,396.74,0.76,375.11,0.66,408.0,0.77,356.0
2026-01-07 05:47:40.297000+00:00,2026-01-07 05:47:37.775128+00:00,160.297,0.28500000000000003,0.28,0.29,0.715,0.71,0.72,82.86,430.0,430.0,82.86,0.27,179.33,0.3,333.5,0.26,380.85,0.31,465.0,0.25,288.0,0.32,397.0,0.24,365.11,0.33,396.74,0.23,371.0,0.34,408.0,0.7,333.5,0.73,179.33,0.69,465.0,0.74,380.85,0.68,397.0,0.75,288.0,0.67,396.74,0.76,365.11,0.66,408.0,0.77,371.0
2026-01-07 05:47:41.358000+00:00,2026-01-07 05:47:38.776856+00:00,161.358,0.28,0.27,0.29,0.725,0.72,0.73,120.89,431.0,70.0,120.89,0.26,274.85,0.3,336.5,0.25,222.0,0.31,450.0,0.24,310.11,0.32,397.0,0.23,351.0,0.33,408.74,0.22,691.53,0.34,408.0,0.71,501.0,0.74,274.85,0.7,336.5,0.75,222.0,0.69,450.0,0.76,310.11,0.68,360.0,0.77,351.0,0.67,408.74,0.78,691.53
2026-01-07 05:47:42.342000+00:00,2026-01-07 05:47:39.766571+00:00,162.342,0.275,0.27,0.28,0.725,0.72,0.73,64.04,75.0,75.0,64.04,0.26,303.77,0.29,508.0,0.25,113.0,0.3,336.5,0.24,310.11,0.31,450.0,0.23,351.0,0.32,397.0,0.22,691.53,0.33,396.74,0.71,508.0,0.74,303.77,0.7,336.5,0.75,113.0,0.69,450.0,0.76,310.11,0.68,397.0,0.77,351.0,0.67,396.74,0.78,691.53
2026-01-07 05:47:43.400000+00:00,2026-01-07 05:47:40.772003+00:00,163.4,0.265,0.26,0.27,0.735,0.73,0.74,170.45,5.0,75.0,170.45,0.25,275.0,0.28,623.0,0.24,201.11,0.29,458.0,0.23,296.0,0.3,402.5,0.22,438.53,0.31,360.0,0.21,571.2,0.32,397.0,0.72,693.0,0.75,275.0,0.71,388.0,0.76,201.11,0.7,402.5,0.77,296.0,0.69,360.0,0.78,438.53,0.68,397.0,0.79,571.2
2026-01-07 05:47:44.391000+00:00,2026-01-07 05:47:41.772692+00:00,164.391,0.265,0.26,0.27,0.735,0.73,0.74,261.95,5.0,75.0,351.95,0.25,118.0,0.28,364.0,0.24,209.11,0.29,446.0,0.23,281.0,0.3,305.0,0.22,560.53,0.31,477.0,0.21,571.2,0.32,385.0,0.72,364.0,0.75,118.0,0.71,446.0,0.76,209.11,0.7,305.0,0.77,281.0,0.69,477.0,0.78,621.53,0.68,385.0,0.79,571.2
2026-01-07 05:47:45.397000+00:00,2026-01-07 05:47:42.778541+00:00,165.397,0.265,0.26,0.27,0.735,0.73,0.74,170.45,60.0,34.0,170.45,0.25,125.0,0.28,523.0,0.24,269.11,0.29,388.0,0.23,278.0,0.3,312.5,0.22,621.53,0.31,474.0,0.21,539.2,0.32,360.0,0.72,498.0,0.75,113.0,0.71,458.0,0.76,269.11,0.7,312.5,0.77,278.0,0.69,438.0,0.78,621.53,0.68,397.0,0.79,571.2
2026-01-07 05:47:46.390000+00:00,2026-01-07 05:47:43.785748+00:00,166.39,0.265,0.26,0.27,0.735,0.73,0.74,160.15,44.0,44.0,160.15,0.25,200.0,0.28,620.0,0.24,256.61,0.29,473.0,0.23,293.0,0.3,395.0,0.22,621.53,0.31,348.0,0.21,571.2,0.32,397.0,0.72,620.0,0.75,215.0,0.71,458.0,0.76,249.11,0.7,402.5,0.77,293.0,0.69,348.0,0.78,621.53,0.68,397.0,0.79,571.2
2026-01-07 05:47:47.372000+00:00,2026-01-07 05:47:44.794480+00:00,167.372,0.265,0.26,0.27,0.735,0.73,0.74,160.15,20.0,160.0,160.15,0.25,227.0,0.28,705.0,0.24,229.11,0.29,446.0,0.23,281.0,0.3,514.5,0.22,438.53,0.31,348.0,0.21,571.2,0.32,397.0,0.72,635.0,0.75,227.0,0.71,376.0,0.76,229.11,0.7,514.5,0.77,281.0,0.69,348.0,0.78,438.53,0.68,397.0,0.79,571.2
2026-01-07 05:47:48.431000+00:00,2026-01-07 05:47:45.803159+00:00,168.431,0.265,0.26,0.27,0.735,0.73,0.74,170.45,150.0,162.0,170.45,0.25,200.0,0.28,611.0,0.24,224.61,0.29,375.0,0.23,281.0,0.3,405.0,0.22,438.53,0.31,348.0,0.21,501.2,0.32,397.0,0.72,658.0,0.75,110.0,0.71,352.0,0.76,236.61,0.7,395.0,0.77,293.0,0.69,438.0,0.78,438.53,0.68,362.0,0.79,501.2
2026-01-07 05:47:49.431000+00:00,2026-01-07 05:47:46.812046+00:00,169.431,0.265,0.26,0.27,0.735,0.73,0.74,250.45,157.0,157.0,250.45,0.25,110.0,0.28,658.0,0.24,236.61,0.29,362.0,0.23,298.0,0.3,430.0,0.22,470.53,0.31,438.0,0.21,588.2,0.32,325.0,0.72,658.0,0.75,110.0,0.71,362.0,0.76,236.61,0.7,430.0,0.77,298.0,0.69,438.0,0.78,470.53,0.68,325.0,0.79,588.2
2026-01-07 05:47:50.356000+00:00,2026-01-07 05:47:47.834511+00:00,170.356,0.265,0.26,0.27,0.735,0.73,0.74,319.45,5.0,5.0,303.45,0.25,133.0,0.28,477.0,0.24,184.11,0.29,446.0,0.23,271.0,0.3,417.5,0.22,470.53,0.31,360.0,0.21,588.2,0.32,450.0,0.72,562.0,0.75,149.0,0.71,516.0,0.76,184.11,0.7,417.5,0.77,271.0,0.69,360.0,0.78,470.53,0.68,450.0,0.79,658.2
2026-01-07 05:47:51.461000+00:00,2026-01-07 05:47:48.844379+00:00,171.461,0.265,0.26,0.27,0.735,0.73,0.74,54.77,254.0,442.0,54.77,0.25,65.0,0.28,390.5,0.24,186.79,0.29,383.0,0.23,322.0,0.3,400.0,0.22,261.53,0.31,469.0,0.21,623.2,0.32,524.0,0.72,367.5,0.75,144.04,0.71,323.0,0.76,156.11,0.7,435.0,0.77,475.0,0.69,517.0,0.78,214.53,0.68,434.0,0.79,504.2
2026-01-07 05:47:52.467000+00:00,2026-01-07 05:47:49.850530+00:00,172.467,0.255,0.25,0.26,0.745,0.74,0.75,144.04,218.23,203.23,144.04,0.24,151.61,0.27,498.0,0.23,351.0,0.28,360.0,0.22,214.53,0.29,338.0,0.21,321.2,0.3,435.0,0.2,449.0,0.31,571.0,0.73,469.0,0.76,211.61,0.72,372.0,0.77,291.0,0.71,350.0,0.78,214.53,0.7,435.0,0.79,353.2,0.69,571.0,0.8,574.0
2026-01-07 05:47:53.377000+00:00,2026-01-07 05:47:50.856892+00:00,173.377,0.255,0.25,0.26,0.745,0.74,0.75,144.04,203.23,203.23,144.04,0.24,211.61,0.27,469.0,0.23,286.0,0.28,372.0,0.22,214.53,0.29,350.0,0.21,353.2,0.3,435.0,0.2,554.0,0.31,571.0,0.73,469.0,0.76,211.61,0.72,372.0,0.77,286.0,0.71,350.0,0.78,214.53,0.7,435.0,0.79,353.2,0.69,571.0,0.8,554.0
2026-01-07 05:47:54.490000+00:00,2026-01-07 05:47:51.876391+00:00,174.49,0.255,0.25,0.26,0.745,0.74,0.75,234.04,203.23,203.23,234.04,0.24,204.11,0.27,469.0,0.23,211.0,0.28,379.5,0.22,214.53,0.29,335.0,0.21,353.2,0.3,435.0,0.2,624.0,0.31,571.0,0.73,469.0,0.76,204.11,0.72,379.5,0.77,211.0,0.71,335.0,0.78,214.53,0.7,435.0,0.79,353.2,0.69,571.0,0.8,624.0
2026-01-07 05:47:55.448000+00:00,2026-01-07 05:47:52.877428+00:00,175.448,0.255,0.25,0.26,0.745,0.74,0.75,242.04,203.23,203.23,242.04,0.24,211.61,0.27,469.0,0.23,196.0,0.28,372.0,0.22,214.53,0.29,350.0,0.21,577.2,0.3,435.0,0.2,624.0,0.31,571.0,0.73,469.0,0.76,211.61,0.72,372.0,0.77,196.0,0.71,350.0,0.78,214.53,0.7,435.0,0.79,577.2,0.69,571.0,0.8,624.0
2026-01-07 05:47:56.440000+00:00,2026-01-07 05:47:53.886149+00:00,176.44,0.255,0.25,0.26,0.745,0.74,0.75,207.04,203.23,203.23,297.04,0.24,199.61,0.27,433.0,0.23,160.0,0.28,396.0,0.22,219.53,0.29,350.0,0.21,577.2,0.3,447.0,0.2,609.0,0.31,559.0,0.73,433.0,0.76,199.61,0.72,396.0,0.77,160.0,0.71,350.0,0.78,219.53,0.7,447.0,0.79,577.2,0.69,559.0,0.8,609.0
2026-01-07 05:47:57.451000+00:00,2026-01-07 05:47:54.889381+00:00,177.451,0.255,0.25,0.26,0.745,0.74,0.75,234.04,203.23,203.23,234.04,0.24,223.61,0.27,445.0,0.23,184.0,0.28,396.0,0.22,219.53,0.29,350.0,0.21,577.2,0.3,435.0,0.2,609.0,0.31,571.0,0.73,445.0,0.76,211.61,0.72,384.0,0.77,184.0,0.71,350.0,0.78,214.53,0.7,435.0,0.79,577.2,0.69,571.0,0.8,609.0
2026-01-07 05:47:58.425000+00:00,2026-01-07 05:47:55.898085+00:00,178.425,0.255,0.25,0.26,0.745,0.74,0.75,234.04,242.23,242.23,234.04,0.24,151.61,0.27,469.0,0.23,256.0,0.28,360.0,0.22,214.53,0.29,350.0,0.21,545.2,0.3,435.0,0.2,515.0,0.31,595.0,0.73,469.0,0.76,151.61,0.72,360.0,0.77,256.0,0.71,350.0,0.78,214.53,0.7,435.0,0.79,545.2,0.69,595.0,0.8,515.0
2026-01-07 05:47:59.532000+00:00,2026-01-07 05:47:56.918935+00:00,179.532,0.255,0.25,0.26,0.745,0.74,0.75,249.04,195.53,195.53,249.04,0.24,166.61,0.27,623.0,0.23,229.0,0.28,360.0,0.22,214.53,0.29,350.0,0.21,565.2,0.3,435.0,0.2,515.0,0.31,595.0,0.73,635.0,0.76,199.61,0.72,360.0,0.77,196.0,0.71,350.0,0.78,214.53,0.7,435.0,0.79,565.2,0.69,607.0,0.8,515.0
2026-01-07 05:48:00.526000+00:00,2026-01-07 05:47:57.928072+00:00,180.526,0.255,0.25,0.26,0.745,0.74,0.75,141.66,356.53,616.53,51.66,0.24,184.79,0.27,587.0,0.23,145.0,0.28,313.0,0.22,273.03,0.29,348.0,0.21,565.2,0.3,398.0,0.2,515.0,0.31,595.0,0.73,348.0,0.76,114.11,0.72,323.0,0.77,129.04,0.71,313.0,0.78,240.83,0.7,580.0,0.79,360.7,0.69,524.0,0.8,426.0
2026-01-07 05:48:01.571000+00:00,2026-01-07 05:47:58.950152+00:00,181.571,0.20500000000000002,0.2,0.21,0.795,0.79,0.8,50.0,122.8,455.8,70.0,0.19,10.0,0.22,122.0,0.18,58.8,0.23,129.0,0.17,148.99,0.24,515.99,0.16,306.0,0.25,549.0,0.15,449.0,0.26,553.23,0.78,168.0,0.81,89.04,0.77,208.0,0.82,93.8,0.76,673.99,0.83,208.99,0.75,561.0,0.84,258.0,0.74,519.23,0.85,420.0
2026-01-07 05:48:02.561000+00:00,2026-01-07 05:47:59.959933+00:00,182.561,0.20500000000000002,0.2,0.21,0.795,0.79,0.8,47.87,521.8,549.8,47.87,0.19,89.04,0.22,265.5,0.18,71.3,0.23,190.0,0.17,103.99,0.24,418.99,0.16,318.0,0.25,469.0,0.15,420.0,0.26,379.23,0.78,265.5,0.81,54.04,0.77,178.0,0.82,71.3,0.76,418.99,0.83,91.99,0.75,469.0,0.84,336.0,0.74,379.23,0.85,420.0
2026-01-07 05:48:03.584000+00:00,2026-01-07 05:48:00.968515+00:00,183.584,0.20500000000000002,0.2,0.21,0.795,0.79,0.8,12.87,496.47,496.47,12.87,0.19,50.0,0.22,277.5,0.18,95.98,0.23,205.0,0.17,139.99,0.24,373.99,0.16,140.0,0.25,469.0,0.15,455.0,0.26,379.23,0.78,265.5,0.81,50.0,0.77,217.0,0.82,107.98,0.76,385.99,0.83,139.99,0.75,481.0,0.84,140.0,0.74,379.23,0.85,455.0
2026-01-07 05:48:04.574000+00:00,2026-01-07 05:48:01.977519+00:00,184.574,0.195,0.19,0.2,0.805,0.8,0.81,189.04,42.24,42.24,114.04,0.18,89.8,0.21,404.0,0.17,64.99,0.22,352.0,0.16,155.0,0.23,282.0,0.15,577.0,0.24,385.99,0.14,230.0,0.25,514.0,0.79,404.0,0.82,82.3,0.78,359.5,0.83,79.99,0.77,255.0,0.84,155.0,0.76,373.99,0.85,577.0,0.75,502.0,0.86,230.0
2026-01-07 05:48:05.542000+00:00,2026-01-07 05:48:02.985968+00:00,185.542,0.195,0.19,0.2,0.805,0.8,0.81,111.57,23.38,148.38,32.53,0.18,142.3,0.21,404.0,0.17,79.99,0.22,383.5,0.16,140.0,0.23,255.0,0.15,653.0,0.24,418.99,0.14,271.0,0.25,481.0,0.79,354.0,0.82,167.98,0.78,383.5,0.83,79.99,0.77,255.0,0.84,140.0,0.76,406.99,0.85,653.0,0.75,481.0,0.86,271.0
2026-01-07 05:48:06.591000+00:00,2026-01-07 05:48:03.992449+00:00,186.591,0.195,0.19,0.2,0.805,0.8,0.81,116.57,23.38,23.38,116.57,0.18,149.8,0.21,526.0,0.17,64.99,0.22,341.0,0.16,210.0,0.23,295.0,0.15,723.0,0.24,360.99,0.14,300.0,0.25,514.0,0.79,587.0,0.82,149.8,0.78,341.0,0.83,64.99,0.77,295.0,0.84,120.0,0.76,239.99,0.85,723.0,0.75,514.0,0.86,300.0
2026-01-07 05:48:07.546000+00:00,2026-01-07 05:48:04.997300+00:00,187.546,0.195,0.19,0.2,0.805,0.8,0.81,47.53,173.38,158.38,32.53,0.18,143.98,0.21,573.0,0.17,103.99,0.22,312.5,0.16,50.0,0.23,280.0,0.15,525.0,0.24,239.99,0.14,300.0,0.25,514.0,0.79,573.0,0.82,143.98,0.78,312.5,0.83,103.99,0.77,280.0,0.84,50.0,0.76,360.99,0.85,525.0,0.75,514.0,0.86,300.0
2026-01-07 05:48:08.618000+00:00,2026-01-07 05:48:06.005597+00:00,188.618,0.195,0.19,0.2,0.805,0.8,0.81,228.57,18.38,18.38,200.57,0.18,80.8,0.21,407.0,0.17,49.99,0.22,401.0,0.16,140.0,0.23,307.0,0.15,231.0,0.24,348.99,0.14,465.0,0.25,469.0,0.79,522.0,0.82,80.8,0.78,351.0,0.83,139.99,0.77,343.0,0.84,50.0,0.76,365.99,0.85,330.0,0.75,481.0,0.86,465.0
2026-01-07 05:48:09.642000+00:00,2026-01-07 05:48:07.027941+00:00,189.642,0.195,0.19,0.2,0.805,0.8,0.81,92.71,23.38,38.38,80.71,0.18,58.3,0.21,334.0,0.17,169.99,0.22,393.5,0.16,50.0,0.23,255.0,0.15,484.0,0.24,385.99,0.14,271.0,0.25,469.0,0.79,370.0,0.82,106.3,0.78,405.5,0.83,205.99,0.77,255.0,0.84,50.0,0.76,385.99,0.85,484.0,0.75,514.0,0.86,300.0
2026-01-07 05:48:10.653000+00:00,2026-01-07 05:48:08.033476+00:00,190.653,0.195,0.19,0.2,0.805,0.8,0.81,85.71,23.38,18.38,262.71,0.18,140.8,0.21,236.0,0.17,151.99,0.22,448.0,0.16,50.0,0.23,258.0,0.15,513.0,0.24,385.99,0.14,271.0,0.25,469.0,0.79,5.0,0.82,46.3,0.78,76.0,0.83,139.99,0.77,308.0,0.84,395.0,0.76,356.49,0.85,513.0,0.75,493.0,0.86,450.0
2026-01-07 05:48:11.611000+00:00,2026-01-07 05:48:09.040280+00:00,191.611,0.22,0.21,0.23,0.78,0.77,0.79,162.04,437.0,437.0,162.04,0.2,130.5,0.24,395.99,0.19,170.0,0.25,350.0,0.18,65.0,0.26,396.23,0.17,200.99,0.27,540.93,0.16,319.0,0.28,567.4,0.76,395.99,0.8,130.5,0.75,350.0,0.81,170.0,0.74,396.23,0.82,65.0,0.73,540.93,0.83,170.99,0.72,532.4,0.84,319.0
2026-01-07 05:48:12.655000+00:00,2026-01-07 05:48:10.047333+00:00,192.655,0.195,0.19,0.2,0.805,0.8,0.81,166.04,5.0,5.0,201.04,0.18,146.5,0.21,170.0,0.17,139.99,0.22,692.0,0.16,395.0,0.23,350.0,0.15,443.0,0.24,252.99,0.14,380.0,0.25,481.0,0.79,100.0,0.82,112.0,0.78,628.0,0.83,139.99,0.77,337.0,0.84,395.0,0.76,225.49,0.85,443.0,0.75,481.0,0.86,380.0
2026-01-07 05:48:13.609000+00:00,2026-01-07 05:48:11.056012+00:00,193.609,0.215,0.21,0.22,0.785,0.78,0.79,35.0,474.0,474.0,35.0,0.2,80.68,0.23,333.0,0.19,191.0,0.24,337.49,0.18,155.0,0.25,366.9,0.17,49.99,0.26,425.03,0.16,136.0,0.27,540.93,0.77,333.0,0.8,80.68,0.76,337.49,0.81,191.0,0.75,366.9,0.82,155.0,0.74,425.03,0.83,49.99,0.73,540.93,0.84,136.0
2026-01-07 05:48:14.591000+00:00,2026-01-07 05:48:12.061435+00:00,194.591,0.215,0.21,0.22,0.785,0.78,0.79,35.0,479.0,519.0,35.0,0.2,80.68,0.23,328.0,0.19,191.0,0.24,344.59,0.18,155.0,0.25,366.9,0.17,49.99,0.26,425.03,0.16,166.86,0.27,540.93,0.77,340.3,0.8,80.68,0.76,344.59,0.81,191.0,0.75,366.9,0.82,155.0,0.74,391.03,0.83,49.99,0.73,574.93,0.84,196.86
2026-01-07 05:48:15.686000+00:00,2026-01-07 05:48:13.068113+00:00,195.686,0.215,0.21,0.22,0.785,0.78,0.79,33.49,548.0,548.0,33.49,0.2,10.0,0.23,302.3,0.19,114.04,0.24,337.09,0.18,249.5,0.25,387.9,0.17,61.99,0.26,408.03,0.16,166.86,0.27,528.93,0.77,302.3,0.8,10.0,0.76,337.09,0.81,114.04,0.75,366.9,0.82,249.5,0.74,396.03,0.83,73.99,0.73,528.93,0.84,166.86
2026-01-07 05:48:16.672000+00:00,2026-01-07 05:48:14.065319+00:00,196.672,0.2,0.19,0.21,0.8,0.79,0.81,114.04,139.0,194.0,114.04,0.18,224.5,0.22,522.0,0.17,73.99,0.23,277.3,0.16,271.86,0.24,395.09,0.15,484.0,0.25,366.9,0.14,271.0,0.26,391.03,0.78,495.0,0.82,224.5,0.77,277.3,0.83,73.99,0.76,395.09,0.84,271.86,0.75,366.9,0.85,484.0,0.74,391.03,0.86,271.0
2026-01-07 05:48:17.560000+00:00,2026-01-07 05:48:15.076362+00:00,197.56,0.2,0.19,0.21,0.8,0.79,0.81,109.04,149.0,149.0,109.04,0.18,236.5,0.22,495.0,0.17,285.99,0.23,277.3,0.16,271.86,0.24,362.09,0.15,484.0,0.25,399.9,0.14,300.0,0.26,391.03,0.78,495.0,0.82,236.5,0.77,277.3,0.83,285.99,0.76,362.09,0.84,271.86,0.75,399.9,0.85,484.0,0.74,391.03,0.86,300.0
2026-01-07 05:48:18.679000+00:00,2026-01-07 05:48:16.082970+00:00,198.679,0.185,0.18,0.19,0.815,0.81,0.82,70.68,5.0,5.0,105.68,0.17,211.99,0.2,183.98,0.16,102.36,0.21,479.0,0.15,455.0,0.22,367.6,0.14,265.0,0.23,293.3,0.13,519.66,0.24,272.09,0.8,183.98,0.83,186.99,0.79,479.0,0.84,127.36,0.78,367.6,0.85,455.0,0.77,293.3,0.86,265.0,0.76,272.09,0.87,484.66
2026-01-07 05:48:19.530000+00:00,2026-01-07 05:48:17.107701+00:00,199.53,0.185,0.18,0.19,0.815,0.81,0.82,105.68,5.0,5.0,105.68,0.17,84.99,0.2,235.98,0.16,139.36,0.21,487.8,0.15,455.0,0.22,342.6,0.14,265.0,0.23,293.3,0.13,484.66,0.24,272.09,0.8,267.98,0.83,84.99,0.79,487.8,0.84,139.36,0.78,342.6,0.85,455.0,0.77,293.3,0.86,265.0,0.76,272.09,0.87,484.66
2026-01-07 05:48:20.637000+00:00,2026-01-07 05:48:18.114124+00:00,200.637,0.185,0.18,0.19,0.815,0.81,0.82,70.68,75.0,75.0,95.68,0.17,109.99,0.2,669.98,0.16,204.36,0.21,474.8,0.15,455.0,0.22,355.6,0.14,236.0,0.23,293.3,0.13,356.66,0.24,426.09,0.8,669.98,0.83,97.99,0.79,474.8,0.84,216.36,0.78,355.6,0.85,455.0,0.77,293.3,0.86,236.0,0.76,426.09,0.87,356.66
2026-01-07 05:48:21.751000+00:00,2026-01-07 05:48:19.132557+00:00,201.751,0.18,0.17,0.19,0.825,0.82,0.83,14.99,310.48,535.0,14.99,0.16,118.9,0.2,503.0,0.15,468.0,0.21,329.8,0.14,231.0,0.22,320.6,0.13,292.66,0.23,492.3,0.12,379.0,0.24,346.09,0.81,360.0,0.84,59.9,0.8,400.0,0.85,457.0,0.79,497.8,0.86,228.0,0.78,488.6,0.87,566.66,0.77,489.3,0.88,442.0
2026-01-07 05:48:22.784000+00:00,2026-01-07 05:48:20.154610+00:00,202.784,0.165,0.16,0.17,0.835,0.83,0.84,54.83,558.36,755.36,22.83,0.14,120.0,0.18,428.0,0.13,10.0,0.19,481.0,0.12,119.0,0.2,520.1,0.11,451.0,0.21,476.8,0.1,569.0,0.22,456.6,0.82,360.0,0.86,120.0,0.81,477.4,0.87,85.0,0.8,520.1,0.88,71.0,0.79,488.8,0.89,561.0,0.78,441.6,0.9,569.0
2026-01-07 05:48:23.784000+00:00,2026-01-07 05:48:21.163773+00:00,203.784,0.165,0.16,0.17,0.835,0.83,0.84,5.54,390.19,263.19,70.54,0.15,100.0,0.18,414.8,0.14,144.0,0.19,489.4,0.13,152.0,0.2,489.1,0.12,35.0,0.21,488.8,0.11,532.0,0.22,516.6,0.82,403.8,0.85,261.0,0.81,473.9,0.86,99.0,0.8,508.1,0.87,125.0,0.79,488.8,0.88,35.0,0.78,516.6,0.89,532.0
2026-01-07 05:48:24.794000+00:00,2026-01-07 05:48:22.172106+00:00,204.794,0.165,0.16,0.17,0.835,0.83,0.84,146.0,224.0,224.0,149.0,0.15,122.5,0.18,123.8,0.14,70.0,0.19,241.4,0.13,218.0,0.2,409.1,0.12,547.0,0.21,558.8,0.11,649.0,0.22,595.6,0.82,123.8,0.85,134.5,0.81,241.4,0.86,70.0,0.8,409.1,0.87,218.0,0.79,558.8,0.88,547.0,0.78,595.6,0.89,649.0
2026-01-07 05:48:25.783000+00:00,2026-01-07 05:48:23.178464+00:00,205.783,0.165,0.16,0.17,0.835,0.83,0.84,117.0,279.66,279.66,92.0,0.15,171.5,0.18,153.8,0.14,45.0,0.19,228.4,0.13,218.0,0.2,434.1,0.12,602.0,0.21,546.8,0.11,754.0,0.22,595.6,0.82,153.8,0.85,171.5,0.81,228.4,0.86,45.0,0.8,434.1,0.87,218.0,0.79,546.8,0.88,602.0,0.78,595.6,0.89,754.0
2026-01-07 05:48:26.551000+00:00,2026-01-07 05:48:24.187703+00:00,206.551,0.165,0.16,0.17,0.835,0.83,0.84,80.0,279.66,279.66,65.0,0.15,147.5,0.18,189.8,0.14,81.0,0.19,262.4,0.13,218.0,0.2,504.1,0.12,602.0,0.21,520.8,0.11,726.0,0.22,563.6,0.82,189.8,0.85,101.0,0.81,245.9,0.86,111.0,0.8,477.1,0.87,218.0,0.79,520.8,0.88,602.0,0.78,563.6,0.89,726.0
2026-01-07 05:48:27.762000+00:00,2026-01-07 05:48:25.204811+00:00,207.762,0.155,0.15,0.16,0.845,0.84,0.85,65.0,107.0,122.0,65.0,0.14,97.0,0.17,537.66,0.13,292.0,0.18,409.8,0.12,442.0,0.19,185.4,0.11,519.0,0.2,513.1,0.1,639.0,0.21,488.8,0.83,537.66,0.86,97.0,0.82,409.8,0.87,109.0,0.81,307.4,0.88,442.0,0.8,513.1,0.89,519.0,0.79,488.8,0.9,639.0
2026-01-07 05:48:28.838000+00:00,2026-01-07 05:48:26.211725+00:00,208.838,0.14500000000000002,0.14,0.15,0.855,0.85,0.86,120.0,32.0,56.0,120.0,0.13,69.76,0.16,185.0,0.12,469.0,0.17,393.92,0.11,465.0,0.18,412.8,0.1,569.0,0.19,356.4,0.09,406.0,0.2,477.1,0.84,209.0,0.87,69.76,0.83,405.92,0.88,517.0,0.82,424.8,0.89,269.0,0.81,368.4,0.9,569.0,0.8,477.1,0.91,496.0
2026-01-07 05:48:29.801000+00:00,2026-01-07 05:48:27.217724+00:00,209.801,0.14500000000000002,0.14,0.15,0.855,0.85,0.86,130.0,147.96,77.96,130.0,0.13,103.44,0.16,350.69,0.12,97.0,0.17,156.69,0.11,245.0,0.18,530.8,0.1,538.0,0.19,489.4,0.09,426.0,0.2,477.1,0.84,260.69,0.87,119.44,0.83,161.19,0.88,48.0,0.82,557.8,0.89,210.0,0.81,501.4,0.9,762.0,0.8,477.1,0.91,391.0
2026-01-07 05:48:30.863000+00:00,2026-01-07 05:48:28.223939+00:00,210.863,0.14500000000000002,0.14,0.15,0.855,0.85,0.86,190.44,50.96,50.96,282.44,0.13,180.44,0.17,518.19,0.12,259.0,0.18,613.8,0.11,233.0,0.19,496.9,0.1,448.0,0.2,525.1,0.09,418.0,0.21,458.8,0.84,5.0,0.87,180.44,0.83,233.19,0.88,381.0,0.82,595.8,0.89,233.0,0.81,461.9,0.9,569.0,0.8,525.1,0.91,418.0
2026-01-07 05:48:31.756000+00:00,2026-01-07 05:48:29.226883+00:00,211.756,0.14500000000000002,0.14,0.15,0.855,0.85,0.86,178.44,50.96,50.96,178.44,0.13,168.44,0.17,238.19,0.12,442.0,0.18,309.8,0.11,303.0,0.19,309.4,0.1,639.0,0.2,540.1,0.09,488.0,0.21,458.8,0.83,233.19,0.87,168.44,0.82,309.8,0.88,442.0,0.81,399.4,0.89,303.0,0.8,540.1,0.9,639.0,0.79,458.8,0.91,488.0
2026-01-07 05:48:32.852000+00:00,2026-01-07 05:48:30.229588+00:00,212.852,0.14500000000000002,0.14,0.15,0.855,0.85,0.86,119.5,85.96,85.96,102.5,0.13,252.44,0.16,5.0,0.12,442.0,0.17,403.19,0.11,233.0,0.18,349.8,0.1,639.0,0.19,288.4,0.09,488.0,0.2,590.1,0.84,5.0,0.87,257.44,0.83,403.19,0.88,442.0,0.82,349.8,0.89,233.0,0.81,288.4,0.9,639.0,0.8,590.1,0.91,488.0
2026-01-07 05:48:33.848000+00:00,2026-01-07 05:48:31.238727+00:00,213.848,0.14500000000000002,0.14,0.15,0.855,0.85,0.86,46.68,162.96,162.96,46.68,0.13,123.44,0.16,263.0,0.12,501.0,0.17,385.19,0.11,274.06,0.18,464.8,0.1,569.0,0.19,356.4,0.09,426.0,0.2,489.1,0.84,263.0,0.87,123.44,0.83,385.19,0.88,501.0,0.82,464.8,0.89,274.06,0.81,356.4,0.9,659.0,0.8,489.1,0.91,426.0
2026-01-07 05:48:34.895000+00:00,2026-01-07 05:48:32.262054+00:00,214.895,0.135,0.13,0.14,0.865,0.86,0.87,153.44,102.32,102.32,153.44,0.12,591.0,0.15,202.96,0.11,274.06,0.16,263.0,0.1,569.0,0.17,475.19,0.09,453.0,0.18,344.8,0.08,735.2,0.19,356.4,0.85,202.96,0.88,596.0,0.84,263.0,0.89,274.06,0.83,475.19,0.9,569.0,0.82,344.8,0.91,453.0,0.81,356.4,0.92,735.2
2026-01-07 05:48:35.632000+00:00,2026-01-07 05:48:33.266556+00:00,215.632,0.135,0.13,0.14,0.865,0.86,0.87,143.44,131.38,131.38,143.44,0.12,591.0,0.15,202.96,0.11,274.06,0.16,263.0,0.1,569.0,0.17,475.19,0.09,453.0,0.18,349.8,0.08,735.2,0.19,356.4,0.85,202.96,0.88,591.0,0.84,263.0,0.89,274.06,0.83,475.19,0.9,569.0,0.82,349.8,0.91,453.0,0.81,356.4,0.92,735.2
2026-01-07 05:48:36.656000+00:00,2026-01-07 05:48:34.273122+00:00,216.656,0.135,0.13,0.14,0.865,0.86,0.87,143.44,131.38,131.38,143.44,0.12,591.0,0.15,202.96,0.11,274.06,0.16,263.0,0.1,569.0,0.17,475.19,0.09,523.0,0.18,344.8,0.08,805.2,0.19,368.4,0.85,202.96,0.88,591.0,0.84,263.0,0.89,274.06,0.83,475.19,0.9,569.0,0.82,200.8,0.91,523.0,0.81,368.4,0.92,805.2
2026-01-07 05:48:37.885000+00:00,2026-01-07 05:48:35.271462+00:00,217.885,0.135,0.13,0.14,0.865,0.86,0.87,163.44,126.38,126.38,198.44,0.12,603.0,0.15,125.96,0.11,262.06,0.16,130.0,0.1,569.0,0.17,550.19,0.09,496.0,0.18,175.8,0.08,492.2,0.19,368.4,0.85,125.96,0.88,603.0,0.84,130.0,0.89,291.12,0.83,460.19,0.9,597.0,0.82,175.8,0.91,774.0,0.81,368.4,0.92,492.2
2026-01-07 05:48:38.874000+00:00,2026-01-07 05:48:36.280144+00:00,218.874,0.135,0.13,0.14,0.865,0.86,0.87,143.44,103.38,103.38,233.44,0.12,567.0,0.15,195.96,0.11,291.12,0.16,118.0,0.1,667.0,0.17,448.19,0.09,774.0,0.18,265.8,0.08,492.2,0.19,356.4,0.85,195.96,0.88,513.0,0.84,130.0,0.89,291.12,0.83,460.19,0.9,667.0,0.82,265.8,0.91,774.0,0.81,368.4,0.92,492.2
2026-01-07 05:48:39.503000+00:00,2026-01-07 05:48:37.285390+00:00,219.503,0.135,0.13,0.14,0.865,0.86,0.87,218.44,108.38,108.38,218.44,0.12,513.0,0.15,190.96,0.11,291.12,0.16,135.0,0.1,639.0,0.17,460.19,0.09,543.0,0.18,265.8,0.08,805.2,0.19,368.4,0.85,202.96,0.88,513.0,0.84,118.0,0.89,291.12,0.83,460.19,0.9,639.0,0.82,265.8,0.91,543.0,0.81,368.4,0.92,805.2
2026-01-07 05:48:40.911000+00:00,2026-01-07 05:48:38.306021+00:00,220.911,0.135,0.13,0.14,0.865,0.86,0.87,114.71,108.38,178.38,114.71,0.12,477.0,0.15,250.96,0.11,327.12,0.16,215.0,0.1,569.0,0.17,281.19,0.09,446.0,0.18,307.8,0.08,474.5,0.19,368.4,0.85,180.96,0.88,294.0,0.84,305.0,0.89,417.12,0.83,191.19,0.9,569.0,0.82,368.8,0.91,473.0,0.81,368.4,0.92,787.5
2026-01-07 05:48:41.919000+00:00,2026-01-07 05:48:39.310105+00:00,221.919,0.135,0.13,0.14,0.865,0.86,0.87,75.04,403.38,333.38,75.04,0.12,35.0,0.15,265.96,0.11,397.12,0.16,286.06,0.1,853.0,0.17,308.19,0.09,426.0,0.18,398.8,0.08,752.5,0.19,477.4,0.85,277.96,0.88,35.0,0.84,274.06,0.89,271.12,0.83,369.19,0.9,768.0,0.82,398.8,0.91,426.0,0.81,477.4,0.92,752.5
2026-01-07 05:48:42.933000+00:00,2026-01-07 05:48:40.314754+00:00,222.933,0.135,0.13,0.14,0.865,0.86,0.87,14.92,445.37,457.37,14.92,0.12,85.0,0.15,527.15,0.11,271.12,0.16,220.75,0.1,759.0,0.17,369.19,0.09,450.0,0.18,386.8,0.08,439.5,0.19,442.4,0.85,527.15,0.88,85.0,0.84,220.75,0.89,271.12,0.83,369.19,0.9,759.0,0.82,401.8,0.91,450.0,0.81,442.4,0.92,439.5
2026-01-07 05:48:43.947000+00:00,2026-01-07 05:48:41.336133+00:00,223.947,0.135,0.13,0.14,0.865,0.86,0.87,14.92,475.37,475.37,14.92,0.12,90.0,0.15,527.15,0.11,266.12,0.16,215.75,0.1,771.0,0.17,369.19,0.09,426.0,0.18,401.8,0.08,439.5,0.19,442.4,0.85,527.15,0.88,90.0,0.84,215.75,0.89,266.12,0.83,369.19,0.9,783.0,0.82,401.8,0.91,426.0,0.81,442.4,0.92,439.5
2026-01-07 05:48:44.754000+00:00,2026-01-07 05:48:42.342563+00:00,224.754,0.135,0.13,0.14,0.865,0.86,0.87,14.92,439.37,433.37,14.92,0.12,102.0,0.15,551.15,0.11,350.12,0.16,215.75,0.1,715.73,0.17,369.19,0.09,426.0,0.18,413.8,0.08,509.5,0.19,442.4,0.85,551.15,0.88,102.0,0.84,215.75,0.89,350.12,0.83,369.19,0.9,715.73,0.82,413.8,0.91,426.0,0.81,442.4,0.92,509.5
2026-01-07 05:48:45.943000+00:00,2026-01-07 05:48:43.347726+00:00,225.943,0.135,0.13,0.14,0.865,0.86,0.87,41.92,108.38,108.38,41.92,0.12,149.0,0.15,430.15,0.11,356.12,0.16,214.69,0.1,625.73,0.17,399.19,0.09,496.0,0.18,401.8,0.08,509.5,0.19,489.4,0.85,430.15,0.88,154.0,0.84,284.69,0.89,426.12,0.83,399.19,0.9,695.73,0.82,401.8,0.91,496.0,0.81,489.4,0.92,509.5
2026-01-07 05:48:46.994000+00:00,2026-01-07 05:48:44.369044+00:00,226.994,0.135,0.13,0.14,0.865,0.86,0.87,41.92,108.38,108.38,41.92,0.12,130.0,0.15,458.15,0.11,294.12,0.16,279.69,0.1,695.73,0.17,489.19,0.09,496.0,0.18,401.8,0.08,509.5,0.19,489.4,0.85,458.15,0.88,142.0,0.84,309.69,0.89,384.12,0.83,489.19,0.9,695.73,0.82,371.8,0.91,496.0,0.81,489.4,0.92,509.5
2026-01-07 05:48:47.971000+00:00,2026-01-07 05:48:45.377180+00:00,227.971,0.135,0.13,0.14,0.865,0.86,0.87,27.0,108.38,113.38,42.0,0.12,94.0,0.15,584.15,0.11,342.12,0.16,273.69,0.1,785.73,0.17,414.19,0.09,496.0,0.18,356.8,0.08,509.5,0.19,489.4,0.85,584.15,0.88,94.0,0.84,273.69,0.89,342.12,0.83,414.19,0.9,785.73,0.82,356.8,0.91,496.0,0.81,489.4,0.92,509.5
2026-01-07 05:48:49.001000+00:00,2026-01-07 05:48:46.383590+00:00,229.001,0.135,0.13,0.14,0.865,0.86,0.87,82.0,178.38,178.38,82.0,0.12,106.0,0.15,564.15,0.11,342.12,0.16,263.69,0.1,695.73,0.17,414.19,0.09,496.0,0.18,386.8,0.08,509.5,0.19,489.4,0.85,564.15,0.88,106.0,0.84,263.69,0.89,432.12,0.83,414.19,0.9,695.73,0.82,386.8,0.91,496.0,0.81,489.4,0.92,509.5
2026-01-07 05:48:50.014000+00:00,2026-01-07 05:48:47.392231+00:00,230.014,0.135,0.13,0.14,0.865,0.86,0.87,94.0,143.38,143.38,94.0,0.12,124.0,0.15,176.15,0.11,451.12,0.16,411.69,0.1,592.73,0.17,362.19,0.09,496.0,0.18,413.8,0.08,474.5,0.19,489.4,0.85,176.15,0.88,124.0,0.84,411.69,0.89,451.12,0.83,362.19,0.9,592.73,0.82,413.8,0.91,496.0,0.81,489.4,0.92,474.5
2026-01-07 05:48:51.003000+00:00,2026-01-07 05:48:48.394657+00:00,231.003,0.135,0.13,0.14,0.865,0.86,0.87,77.0,148.38,148.38,77.0,0.12,57.0,0.15,288.15,0.11,465.12,0.16,334.69,0.1,592.73,0.17,374.19,0.09,496.0,0.18,413.8,0.08,474.5,0.19,477.4,0.85,243.15,0.88,57.0,0.84,349.69,0.89,465.12,0.83,359.19,0.9,592.73,0.82,413.8,0.91,496.0,0.81,477.4,0.92,474.5
2026-01-07 05:48:52.008000+00:00,2026-01-07 05:48:49.418556+00:00,232.008,0.135,0.13,0.14,0.865,0.86,0.87,82.0,120.56,120.56,82.0,0.12,76.0,0.15,288.15,0.11,429.12,0.16,334.69,0.1,592.73,0.17,374.19,0.09,496.0,0.18,383.8,0.08,501.5,0.19,508.4,0.85,243.15,0.88,88.0,0.84,334.69,0.89,429.12,0.83,374.19,0.9,592.73,0.82,383.8,0.91,496.0,0.81,508.4,0.92,501.5
2026-01-07 05:48:53.671000+00:00,2026-01-07 05:48:51.429683+00:00,233.671,0.135,0.13,0.14,0.865,0.86,0.87,42.0,180.56,175.56,42.0,0.12,118.0,0.15,348.15,0.11,628.12,0.16,493.69,0.1,537.65,0.17,384.19,0.09,426.0,0.18,356.8,0.08,556.5,0.19,520.4,0.85,393.15,0.88,118.0,0.84,493.69,0.89,628.12,0.83,384.19,0.9,537.65,0.82,356.8,0.91,426.0,0.81,520.4,0.92,556.5
2026-01-07 05:48:55.027000+00:00,2026-01-07 05:48:52.438568+00:00,235.027,0.14,0.13,0.15,0.855,0.85,0.86,123.27,304.47,324.47,5.0,0.12,136.0,0.16,421.69,0.11,605.12,0.17,414.19,0.1,537.65,0.18,356.8,0.09,426.0,0.19,520.4,0.08,521.5,0.2,412.1,0.84,421.69,0.87,153.27,0.83,504.19,0.88,136.0,0.82,356.8,0.89,605.12,0.81,520.4,0.9,537.65,0.8,412.1,0.91,426.0
2026-01-07 05:48:56.052000+00:00,2026-01-07 05:48:53.444367+00:00,236.052,0.14500000000000002,0.14,0.15,0.855,0.85,0.86,261.36,20.0,20.0,292.53,0.13,268.27,0.17,338.19,0.12,30.0,0.18,477.8,0.11,256.12,0.19,383.4,0.1,537.65,0.2,478.1,0.09,488.0,0.21,498.8,0.83,373.19,0.87,278.27,0.82,557.8,0.88,65.0,0.81,383.4,0.89,361.12,0.8,478.1,0.9,607.65,0.79,533.8,0.91,488.0
2026-01-07 05:48:57.056000+00:00,2026-01-07 05:48:54.451344+00:00,237.056,0.14500000000000002,0.14,0.15,0.855,0.85,0.86,182.0,56.0,11.0,177.0,0.13,519.27,0.16,5.0,0.12,378.0,0.17,9.19,0.11,510.12,0.18,211.8,0.1,607.65,0.19,418.39,0.09,754.0,0.2,312.1,0.84,5.0,0.87,499.27,0.82,292.99,0.88,378.0,0.81,388.4,0.89,482.12,0.8,321.1,0.9,607.65,0.79,458.8,0.91,476.0
2026-01-07 05:48:58.074000+00:00,2026-01-07 05:48:55.459284+00:00,238.074,0.155,0.15,0.16,0.845,0.84,0.85,162.0,20.0,35.0,162.0,0.14,166.0,0.18,133.99,0.13,474.27,0.19,454.4,0.12,369.0,0.2,243.1,0.11,510.12,0.21,255.8,0.1,572.65,0.22,439.6,0.82,133.99,0.86,166.0,0.81,454.4,0.87,474.27,0.8,243.1,0.88,369.0,0.79,255.8,0.89,510.12,0.78,439.6,0.9,572.65
2026-01-07 05:48:59.070000+00:00,2026-01-07 05:48:56.469748+00:00,239.07,0.155,0.15,0.16,0.845,0.84,0.85,141.0,5.0,50.0,126.0,0.14,202.0,0.18,145.99,0.13,474.27,0.19,322.4,0.12,369.0,0.2,258.1,0.11,510.12,0.21,255.8,0.1,647.65,0.22,439.6,0.82,145.99,0.86,112.0,0.81,352.4,0.87,474.27,0.8,333.1,0.88,369.0,0.79,255.8,0.89,510.12,0.78,439.6,0.9,647.65
2026-01-07 05:49:00.944000+00:00,2026-01-07 05:48:58.481843+00:00,240.944,0.165,0.16,0.17,0.835,0.83,0.84,68.47,182.0,142.0,68.47,0.15,70.0,0.18,210.79,0.14,52.0,0.19,356.4,0.13,645.27,0.2,356.1,0.12,369.0,0.21,369.8,0.11,412.12,0.22,426.6,0.82,200.79,0.85,70.0,0.81,331.4,0.86,52.0,0.8,356.1,0.87,555.27,0.79,369.8,0.88,369.0,0.78,461.6,0.89,412.12
2026-01-07 05:49:02.963000+00:00,2026-01-07 05:49:00.510469+00:00,242.963,0.165,0.16,0.17,0.835,0.83,0.84,56.56,155.0,155.0,55.36,0.15,82.0,0.18,405.79,0.14,136.0,0.19,373.4,0.13,459.27,0.2,326.1,0.12,459.0,0.21,357.8,0.11,487.12,0.22,473.6,0.82,405.79,0.85,82.0,0.81,373.4,0.86,136.0,0.8,326.1,0.87,459.27,0.79,372.8,0.88,459.0,0.78,458.6,0.89,487.12
2026-01-07 05:49:04.025000+00:00,2026-01-07 05:49:01.517529+00:00,244.025,0.165,0.16,0.17,0.835,0.83,0.84,70.36,140.0,140.0,95.36,0.15,82.0,0.18,405.79,0.14,136.0,0.19,343.4,0.13,439.27,0.2,356.1,0.12,479.0,0.21,372.8,0.11,557.12,0.22,458.6,0.82,345.79,0.85,82.0,0.81,331.4,0.86,100.0,0.8,356.1,0.87,439.27,0.79,372.8,0.88,479.0,0.78,458.6,0.89,557.12
2026-01-07 05:49:05.136000+00:00,2026-01-07 05:49:02.524200+00:00,245.136,0.175,0.17,0.18,0.825,0.82,0.83,40.0,317.8,317.8,40.0,0.16,87.36,0.19,553.4,0.15,100.0,0.2,416.1,0.14,77.0,0.21,352.8,0.13,423.27,0.22,478.6,0.12,549.0,0.23,424.3,0.81,553.4,0.84,87.36,0.8,380.1,0.85,124.0,0.79,352.8,0.86,77.0,0.78,478.6,0.87,423.27,0.77,424.3,0.88,549.0
2026-01-07 05:49:06.145000+00:00,2026-01-07 05:49:03.529376+00:00,246.145,0.165,0.16,0.17,0.835,0.83,0.84,54.16,20.0,5.0,54.16,0.15,70.0,0.18,644.79,0.14,148.0,0.19,373.4,0.13,423.27,0.2,331.1,0.12,389.0,0.21,372.8,0.11,647.12,0.22,458.6,0.82,629.79,0.85,70.0,0.81,373.4,0.86,148.0,0.8,326.1,0.87,423.27,0.79,372.8,0.88,389.0,0.78,458.6,0.89,647.12
2026-01-07 05:49:07.001000+00:00,2026-01-07 05:49:04.537525+00:00,247.001,0.165,0.16,0.17,0.835,0.83,0.84,54.16,9.19,54.19,79.16,0.15,70.0,0.18,629.79,0.14,148.0,0.19,373.4,0.13,513.27,0.2,326.1,0.12,389.0,0.21,372.8,0.11,557.12,0.22,458.6,0.82,629.79,0.85,70.0,0.81,343.4,0.86,148.0,0.8,356.1,0.87,513.27,0.79,372.8,0.88,389.0,0.78,458.6,0.89,557.12
2026-01-07 05:49:08.161000+00:00,2026-01-07 05:49:05.542266+00:00,248.161,0.175,0.17,0.18,0.825,0.82,0.83,20.0,28.8,20.0,83.0,0.16,266.16,0.19,191.4,0.15,40.0,0.2,419.09,0.14,253.0,0.21,355.8,0.13,269.27,0.22,446.6,0.12,459.0,0.23,459.3,0.81,191.4,0.84,144.16,0.8,415.1,0.85,30.0,0.79,300.8,0.86,512.0,0.78,383.6,0.87,391.27,0.77,447.3,0.88,424.0
2026-01-07 05:49:09.137000+00:00,2026-01-07 05:49:06.563626+00:00,249.137,0.175,0.17,0.18,0.825,0.82,0.83,209.0,20.0,20.0,209.0,0.16,260.16,0.2,229.0,0.15,651.0,0.21,335.8,0.14,447.0,0.22,392.6,0.13,452.27,0.23,211.3,0.12,479.0,0.24,393.4,0.8,229.0,0.84,190.16,0.79,335.8,0.85,552.0,0.78,392.6,0.86,198.0,0.77,211.3,0.87,452.27,0.76,318.4,0.88,479.0
2026-01-07 05:49:10.210000+00:00,2026-01-07 05:49:07.581287+00:00,250.21,0.175,0.17,0.18,0.825,0.82,0.83,208.4,20.0,20.0,208.4,0.16,213.16,0.2,248.0,0.15,613.0,0.21,176.8,0.14,227.0,0.22,374.6,0.13,644.27,0.23,193.3,0.12,479.0,0.24,318.4,0.8,248.0,0.84,213.16,0.79,176.8,0.85,613.0,0.78,374.6,0.86,227.0,0.77,193.3,0.87,644.27,0.76,318.4,0.88,479.0
2026-01-07 05:49:11.189000+00:00,2026-01-07 05:49:08.604048+00:00,251.189,0.175,0.17,0.18,0.825,0.82,0.83,87.67,49.0,49.0,87.67,0.16,437.16,0.19,24.0,0.15,425.0,0.2,133.99,0.14,300.0,0.21,266.8,0.13,481.27,0.22,242.6,0.12,687.0,0.23,251.3,0.81,24.0,0.84,316.16,0.8,133.99,0.85,242.0,0.79,417.8,0.86,210.0,0.78,242.6,0.87,481.27,0.77,251.3,0.88,687.0
2026-01-07 05:49:12.045000+00:00,2026-01-07 05:49:09.609888+00:00,252.045,0.175,0.17,0.18,0.825,0.82,0.83,87.67,49.0,25.0,87.67,0.16,406.16,0.19,24.0,0.15,242.0,0.2,138.99,0.14,210.0,0.21,417.8,0.13,481.27,0.22,242.6,0.12,687.0,0.23,251.3,0.81,48.0,0.84,406.16,0.8,138.99,0.85,242.0,0.79,417.8,0.86,210.0,0.78,230.6,0.87,481.27,0.77,263.3,0.88,687.0
2026-01-07 05:49:13.207000+00:00,2026-01-07 05:49:10.617331+00:00,253.207,0.175,0.17,0.18,0.825,0.82,0.83,87.67,90.0,90.0,99.67,0.16,382.16,0.19,94.0,0.15,206.0,0.2,203.99,0.14,198.0,0.21,475.8,0.13,481.27,0.22,300.6,0.12,687.0,0.23,263.3,0.81,94.0,0.84,382.16,0.8,203.99,0.85,218.0,0.79,475.8,0.86,198.0,0.78,312.6,0.87,481.27,0.77,263.3,0.88,687.0
2026-01-07 05:49:14.185000+00:00,2026-01-07 05:49:11.637542+00:00,254.185,0.175,0.17,0.18,0.825,0.82,0.83,87.67,135.0,90.0,87.67,0.16,418.16,0.19,82.0,0.15,186.0,0.2,203.99,0.14,198.0,0.21,475.8,0.13,481.27,0.22,300.6,0.12,687.0,0.23,263.3,0.81,106.0,0.84,450.16,0.8,215.99,0.85,198.0,0.79,487.8,0.86,210.0,0.78,300.6,0.87,481.27,0.77,263.3,0.88,687.0
2026-01-07 05:49:15.255000+00:00,2026-01-07 05:49:12.643845+00:00,255.255,0.175,0.17,0.18,0.825,0.82,0.83,87.67,130.0,105.0,87.67,0.16,438.16,0.19,121.0,0.15,210.0,0.2,166.0,0.14,210.0,0.21,711.8,0.13,452.27,0.22,305.6,0.12,507.0,0.23,295.3,0.81,216.0,0.84,438.16,0.8,166.0,0.85,210.0,0.79,711.8,0.86,210.0,0.78,305.6,0.87,452.27,0.77,295.3,0.88,507.0
2026-01-07 05:49:16.236000+00:00,2026-01-07 05:49:13.649548+00:00,256.236,0.165,0.16,0.17,0.835,0.83,0.84,140.0,270.12,110.12,100.0,0.15,40.0,0.18,296.99,0.14,361.0,0.19,431.0,0.13,411.27,0.2,331.1,0.12,456.0,0.21,367.8,0.11,480.12,0.22,372.6,0.82,296.99,0.85,40.0,0.81,439.4,0.86,361.0,0.8,331.1,0.87,496.27,0.79,399.8,0.88,456.0,0.78,340.6,0.89,452.12
2026-01-07 05:49:17.081000+00:00,2026-01-07 05:49:14.657688+00:00,257.081,0.165,0.16,0.17,0.835,0.83,0.84,114.0,100.12,100.12,114.0,0.15,40.0,0.18,280.79,0.14,475.0,0.19,529.4,0.13,382.27,0.2,331.1,0.12,456.0,0.21,367.8,0.11,480.12,0.22,372.6,0.82,280.79,0.85,40.0,0.81,529.4,0.86,451.0,0.8,331.1,0.87,382.27,0.79,367.8,0.88,456.0,0.78,372.6,0.89,480.12
2026-01-07 05:49:18.183000+00:00,2026-01-07 05:49:15.647445+00:00,258.183,0.165,0.16,0.17,0.835,0.83,0.84,70.0,109.31,109.31,75.0,0.15,101.0,0.18,303.79,0.14,414.0,0.19,516.4,0.13,382.27,0.2,356.1,0.12,456.0,0.21,387.8,0.11,487.12,0.22,473.6,0.82,303.79,0.85,101.0,0.81,486.4,0.86,444.12,0.8,386.1,0.87,382.27,0.79,355.8,0.88,456.0,0.78,473.6,0.89,487.12
2026-01-07 05:49:19.271000+00:00,2026-01-07 05:49:16.653445+00:00,259.271,0.165,0.16,0.17,0.835,0.83,0.84,105.0,100.12,91.53,100.0,0.15,239.0,0.18,258.99,0.14,306.12,0.19,420.4,0.13,394.27,0.2,488.1,0.12,514.0,0.21,360.8,0.11,600.12,0.22,478.6,0.82,258.99,0.85,244.0,0.81,420.4,0.86,306.12,0.8,488.1,0.87,394.27,0.79,355.8,0.88,514.0,0.78,478.6,0.89,585.12
2026-01-07 05:49:20.204000+00:00,2026-01-07 05:49:17.661539+00:00,260.204,0.165,0.16,0.17,0.835,0.83,0.84,108.8,21.53,21.53,113.8,0.15,214.0,0.18,293.99,0.14,331.12,0.19,445.4,0.13,464.27,0.2,463.1,0.12,514.0,0.21,355.8,0.11,550.12,0.22,478.6,0.82,293.99,0.85,214.0,0.81,445.4,0.86,331.12,0.8,463.1,0.87,394.27,0.79,355.8,0.88,514.0,0.78,490.6,0.89,550.12
2026-01-07 05:49:21.294000+00:00,2026-01-07 05:49:18.683557+00:00,261.294,0.165,0.16,0.17,0.835,0.83,0.84,74.04,21.53,21.53,74.04,0.15,214.0,0.18,24.0,0.14,349.12,0.19,584.82,0.13,394.27,0.2,463.1,0.12,542.0,0.21,355.8,0.11,749.12,0.22,458.6,0.82,42.0,0.85,214.0,0.81,584.82,0.86,349.12,0.8,463.1,0.87,394.27,0.79,355.8,0.88,542.0,0.78,458.6,0.89,749.12
2026-01-07 05:49:22.187000+00:00,2026-01-07 05:49:19.690725+00:00,262.187,0.165,0.16,0.17,0.835,0.83,0.84,69.04,28.53,28.53,69.04,0.15,219.0,0.18,24.0,0.14,349.12,0.19,584.82,0.13,394.27,0.2,468.1,0.12,542.0,0.21,355.8,0.11,749.12,0.22,458.6,0.82,24.0,0.85,219.0,0.81,584.82,0.86,349.12,0.8,468.1,0.87,394.27,0.79,355.8,0.88,542.0,0.78,458.6,0.89,749.12
2026-01-07 05:49:23.853000+00:00,2026-01-07 05:49:21.703434+00:00,263.853,0.165,0.16,0.17,0.835,0.83,0.84,59.04,98.53,80.53,59.04,0.15,214.0,0.18,223.99,0.14,349.12,0.19,445.4,0.13,444.03,0.2,463.1,0.12,542.0,0.21,355.8,0.11,749.12,0.22,458.6,0.82,148.0,0.85,220.0,0.81,478.82,0.86,361.12,0.8,463.1,0.87,444.03,0.79,355.8,0.88,542.0,0.78,458.6,0.89,764.12
2026-01-07 05:49:25.098000+00:00,2026-01-07 05:49:22.706921+00:00,265.098,0.165,0.16,0.17,0.835,0.83,0.84,59.04,80.53,80.53,59.04,0.15,232.0,0.18,100.0,0.14,331.12,0.19,526.82,0.13,444.03,0.2,463.1,0.12,542.0,0.21,355.8,0.11,764.12,0.22,458.6,0.82,100.0,0.85,232.0,0.81,526.82,0.86,331.12,0.8,463.1,0.87,444.03,0.79,355.8,0.88,542.0,0.78,458.6,0.89,764.12
2026-01-07 05:49:26.317000+00:00,2026-01-07 05:49:23.729201+00:00,266.317,0.165,0.16,0.17,0.84,0.83,0.85,24.28,179.53,314.53,145.0,0.15,135.0,0.18,235.99,0.14,433.12,0.19,439.4,0.13,432.03,0.2,426.1,0.12,526.0,0.21,367.8,0.11,565.12,0.22,478.6,0.82,130.0,0.86,314.12,0.81,526.4,0.87,432.03,0.8,416.1,0.88,444.0,0.79,355.8,0.89,495.12,0.78,478.6,0.9,617.65
2026-01-07 05:49:27.318000+00:00,2026-01-07 05:49:24.734564+00:00,267.318,0.155,0.15,0.16,0.845,0.84,0.85,163.13,57.0,57.0,73.13,0.14,311.12,0.17,346.53,0.13,200.03,0.18,207.0,0.12,456.0,0.19,555.4,0.11,542.12,0.2,458.1,0.1,547.65,0.21,355.8,0.83,346.53,0.86,306.12,0.82,207.0,0.87,205.03,0.81,555.4,0.88,456.0,0.8,458.1,0.89,542.12,0.79,355.8,0.9,547.65
2026-01-07 05:49:28.331000+00:00,2026-01-07 05:49:25.737805+00:00,268.331,0.155,0.15,0.16,0.845,0.84,0.85,70.0,82.0,70.0,70.0,0.14,221.12,0.17,323.53,0.13,163.03,0.18,182.0,0.12,323.0,0.19,446.4,0.11,527.12,0.2,368.1,0.1,582.65,0.21,476.8,0.83,323.53,0.86,221.12,0.82,182.0,0.87,163.03,0.81,446.4,0.88,323.0,0.8,368.1,0.89,527.12,0.79,476.8,0.9,582.65
2026-01-07 05:49:29.328000+00:00,2026-01-07 05:49:26.759529+00:00,269.328,0.155,0.15,0.16,0.845,0.84,0.85,76.96,70.0,70.0,76.96,0.14,275.12,0.17,311.53,0.13,156.79,0.18,172.8,0.12,547.0,0.19,488.4,0.11,527.12,0.2,356.1,0.1,582.65,0.21,488.8,0.83,311.53,0.86,275.12,0.82,172.8,0.87,136.79,0.81,488.4,0.88,547.0,0.8,361.1,0.89,527.12,0.79,488.8,0.9,582.65
2026-01-07 05:49:30.357000+00:00,2026-01-07 05:49:27.765727+00:00,270.357,0.155,0.15,0.16,0.84,0.83,0.85,92.96,30.0,311.53,92.96,0.14,257.12,0.17,311.53,0.13,136.79,0.18,202.8,0.12,547.0,0.19,458.4,0.11,527.12,0.2,361.1,0.1,582.65,0.21,488.8,0.82,202.8,0.86,257.12,0.81,458.4,0.87,136.79,0.8,361.1,0.88,547.0,0.79,488.8,0.89,527.12,0.78,458.6,0.9,582.65
2026-01-07 05:49:31.385000+00:00,2026-01-07 05:49:28.773477+00:00,271.385,0.155,0.15,0.16,0.845,0.84,0.85,93.55,50.0,5.0,88.55,0.14,257.12,0.17,381.53,0.13,154.79,0.18,172.8,0.12,547.0,0.19,488.4,0.11,499.12,0.2,387.1,0.1,652.65,0.21,488.8,0.83,381.53,0.86,257.12,0.82,172.8,0.87,154.79,0.81,488.4,0.88,547.0,0.8,387.1,0.89,499.12,0.79,488.8,0.9,652.65
2026-01-07 05:49:32.396000+00:00,2026-01-07 05:49:29.778828+00:00,272.396,0.165,0.16,0.17,0.835,0.83,0.84,5.0,378.53,333.53,5.0,0.15,118.55,0.18,432.8,0.14,287.12,0.19,488.4,0.13,112.79,0.2,387.1,0.12,559.0,0.21,488.8,0.11,487.12,0.22,426.6,0.82,444.8,0.85,118.55,0.81,488.4,0.86,299.12,0.8,387.1,0.87,112.79,0.79,488.8,0.88,559.0,0.78,426.6,0.89,487.12
2026-01-07 05:49:33.392000+00:00,2026-01-07 05:49:30.785829+00:00,273.392,0.16,0.15,0.17,0.84,0.83,0.85,86.55,238.53,193.53,93.55,0.14,269.12,0.18,444.8,0.13,124.79,0.19,488.4,0.12,559.0,0.2,387.1,0.11,557.12,0.21,488.8,0.1,652.65,0.22,426.6,0.82,444.8,0.86,269.12,0.81,488.4,0.87,124.79,0.8,387.1,0.88,559.0,0.79,488.8,0.89,557.12,0.78,426.6,0.9,652.65
2026-01-07 05:49:34.349000+00:00,2026-01-07 05:49:31.806048+00:00,274.349,0.165,0.16,0.17,0.835,0.83,0.84,5.0,194.53,194.53,5.0,0.15,113.55,0.18,533.8,0.14,244.12,0.19,438.4,0.13,149.79,0.2,356.1,0.12,547.0,0.21,520.8,0.11,569.12,0.22,461.6,0.82,533.8,0.85,113.55,0.81,438.4,0.86,244.12,0.8,356.1,0.87,149.79,0.79,520.8,0.88,547.0,0.78,461.6,0.89,569.12
2026-01-07 05:49:35.342000+00:00,2026-01-07 05:49:32.813524+00:00,275.342,0.155,0.15,0.16,0.845,0.84,0.85,93.55,18.0,18.0,93.55,0.14,264.12,0.17,176.53,0.13,167.79,0.18,518.8,0.12,547.0,0.19,453.4,0.11,569.12,0.2,356.1,0.1,645.65,0.21,520.8,0.83,176.53,0.86,264.12,0.82,503.8,0.87,167.79,0.81,468.4,0.88,547.0,0.8,356.1,0.89,569.12,0.79,520.8,0.9,645.65
2026-01-07 05:49:36.092000+00:00,2026-01-07 05:49:33.804868+00:00,276.092,0.16,0.15,0.17,0.84,0.83,0.85,93.55,194.53,194.53,93.55,0.14,174.12,0.18,503.8,0.13,167.79,0.19,373.4,0.12,547.0,0.2,356.1,0.11,597.12,0.21,488.8,0.1,617.65,0.22,478.6,0.82,503.8,0.86,174.12,0.81,373.4,0.87,167.79,0.8,356.1,0.88,547.0,0.79,488.8,0.89,597.12,0.78,478.6,0.9,617.65
2026-01-07 05:49:37.333000+00:00,2026-01-07 05:49:34.813155+00:00,277.333,0.14500000000000002,0.14,0.15,0.855,0.85,0.86,141.12,11.45,11.45,141.12,0.13,215.79,0.16,65.0,0.12,522.0,0.17,280.53,0.11,527.12,0.18,439.8,0.1,652.65,0.19,356.4,0.09,484.0,0.2,368.1,0.84,65.0,0.87,215.79,0.83,280.53,0.88,522.0,0.82,439.8,0.89,527.12,0.81,356.4,0.9,652.65,0.8,368.1,0.91,484.0
2026-01-07 05:49:38.192000+00:00,2026-01-07 05:49:35.821202+00:00,278.192,0.14500000000000002,0.14,0.15,0.855,0.85,0.86,141.12,5.0,5.0,141.12,0.13,215.79,0.16,135.0,0.12,522.0,0.17,280.53,0.11,527.12,0.18,439.8,0.1,652.65,0.19,356.4,0.09,484.0,0.2,368.1,0.84,135.0,0.87,215.79,0.83,280.53,0.88,522.0,0.82,439.8,0.89,527.12,0.81,356.4,0.9,652.65,0.8,368.1,0.91,484.0
2026-01-07 05:49:39.957000+00:00,2026-01-07 05:49:37.830637+00:00,279.957,0.155,0.15,0.16,0.845,0.84,0.85,40.72,88.0,88.0,40.72,0.14,168.12,0.17,317.53,0.13,178.79,0.18,414.8,0.12,547.0,0.19,356.4,0.11,527.12,0.2,356.1,0.1,652.65,0.21,488.8,0.83,317.53,0.86,168.12,0.82,414.8,0.87,178.79,0.81,356.4,0.88,547.0,0.8,356.1,0.89,527.12,0.79,488.8,0.9,652.65
2026-01-07 05:49:41.366000+00:00,2026-01-07 05:49:38.836183+00:00,281.366,0.155,0.15,0.16,0.845,0.84,0.85,40.72,88.0,88.0,40.72,0.14,192.12,0.17,305.53,0.13,154.79,0.18,426.8,0.12,547.0,0.19,356.4,0.11,527.12,0.2,356.1,0.1,652.65,0.21,488.8,0.83,305.53,0.86,192.12,0.82,426.8,0.87,154.79,0.81,356.4,0.88,547.0,0.8,356.1,0.89,527.12,0.79,488.8,0.9,652.65
2026-01-07 05:49:42.950000+00:00,2026-01-07 05:49:40.848520+00:00,282.95,0.155,0.15,0.16,0.845,0.84,0.85,47.68,88.0,88.0,47.68,0.14,192.12,0.17,305.53,0.13,154.79,0.18,426.8,0.12,547.0,0.19,356.4,0.11,504.93,0.2,356.1,0.1,680.65,0.21,535.8,0.83,305.53,0.86,172.12,0.82,426.8,0.87,154.79,0.81,356.4,0.88,547.0,0.8,356.1,0.89,504.93,0.79,535.8,0.9,680.65
2026-01-07 05:49:44.503000+00:00,2026-01-07 05:49:41.852759+00:00,284.503,0.155,0.15,0.16,0.845,0.84,0.85,30.0,88.0,88.0,35.0,0.14,113.92,0.17,305.53,0.13,154.79,0.18,426.8,0.12,567.0,0.19,356.4,0.11,504.93,0.2,356.1,0.1,680.65,0.21,535.8,0.83,305.53,0.86,113.92,0.82,426.8,0.87,154.79,0.81,356.4,0.88,567.0,0.8,356.1,0.89,504.93,0.79,535.8,0.9,680.65
2026-01-07 05:49:45.450000+00:00,2026-01-07 05:49:42.858855+00:00,285.45,0.155,0.15,0.16,0.845,0.84,0.85,35.0,88.0,133.0,35.0,0.14,143.92,0.17,305.53,0.13,154.79,0.18,426.8,0.12,567.0,0.19,356.4,0.11,504.93,0.2,356.1,0.1,680.65,0.21,535.8,0.83,305.53,0.86,143.92,0.82,426.8,0.87,154.79,0.81,361.4,0.88,567.0,0.8,356.1,0.89,504.93,0.79,535.8,0.9,680.65
2026-01-07 05:49:46.238000+00:00,2026-01-07 05:49:43.864022+00:00,286.238,0.155,0.15,0.16,0.845,0.84,0.85,40.0,78.0,115.0,40.0,0.14,143.92,0.17,323.53,0.13,154.79,0.18,426.8,0.12,572.88,0.19,361.4,0.11,504.93,0.2,356.1,0.1,680.65,0.21,535.8,0.83,323.53,0.86,143.92,0.82,426.8,0.87,154.79,0.81,361.4,0.88,572.88,0.8,356.1,0.89,504.93,0.79,535.8,0.9,680.65
2026-01-07 05:49:47.479000+00:00,2026-01-07 05:49:44.870679+00:00,287.479,0.165,0.16,0.17,0.835,0.83,0.84,70.0,83.53,83.53,45.0,0.15,105.0,0.18,470.79,0.14,120.92,0.19,410.4,0.13,112.79,0.2,368.1,0.12,388.88,0.21,491.8,0.11,719.93,0.22,423.6,0.82,470.79,0.85,105.0,0.81,410.4,0.86,120.92,0.8,368.1,0.87,112.79,0.79,491.8,0.88,388.88,0.78,423.6,0.89,719.93
2026-01-07 05:49:48.490000+00:00,2026-01-07 05:49:45.878946+00:00,288.49,0.165,0.16,0.17,0.835,0.83,0.84,44.12,83.53,83.53,44.12,0.15,100.0,0.18,540.79,0.14,120.92,0.19,410.4,0.13,112.79,0.2,368.1,0.12,458.88,0.21,476.8,0.11,789.93,0.22,423.6,0.82,540.79,0.85,100.0,0.81,410.4,0.86,120.92,0.8,368.1,0.87,112.79,0.79,476.8,0.88,458.88,0.78,423.6,0.89,789.93
2026-01-07 05:49:49.266000+00:00,2026-01-07 05:49:46.901528+00:00,289.266,0.165,0.16,0.17,0.835,0.83,0.84,43.8,83.53,83.53,43.8,0.15,100.0,0.18,540.79,0.14,120.92,0.19,410.4,0.13,112.79,0.2,368.1,0.12,458.88,0.21,476.8,0.11,789.93,0.22,438.6,0.82,540.79,0.85,100.0,0.81,410.4,0.86,120.92,0.8,368.1,0.87,112.79,0.79,476.8,0.88,438.88,0.78,438.6,0.89,789.93
2026-01-07 05:49:50.500000+00:00,2026-01-07 05:49:47.926392+00:00,290.5,0.16,0.15,0.17,0.84,0.83,0.85,55.0,217.53,217.53,55.0,0.14,188.92,0.18,490.8,0.13,124.79,0.19,398.4,0.12,438.88,0.2,356.1,0.11,789.93,0.21,503.8,0.1,652.65,0.22,411.6,0.82,490.8,0.86,188.92,0.81,398.4,0.87,124.79,0.8,356.1,0.88,438.88,0.79,503.8,0.89,789.93,0.78,411.6,0.9,652.65
2026-01-07 05:49:51.499000+00:00,2026-01-07 05:49:48.948067+00:00,291.499,0.16,0.15,0.17,0.835,0.83,0.84,48.0,229.53,192.53,20.0,0.14,188.92,0.18,478.8,0.13,348.79,0.19,398.4,0.12,432.76,0.2,356.1,0.11,801.93,0.21,503.8,0.1,652.65,0.22,411.6,0.82,470.79,0.85,40.0,0.81,398.4,0.86,141.92,0.8,356.1,0.87,326.79,0.79,503.8,0.88,381.76,0.78,443.6,0.89,555.93
2026-01-07 05:49:52.576000+00:00,2026-01-07 05:49:49.956342+00:00,292.576,0.16,0.15,0.17,0.84,0.83,0.85,80.57,217.53,217.53,80.57,0.14,157.92,0.18,420.8,0.13,390.79,0.19,386.4,0.12,624.76,0.2,368.1,0.11,562.93,0.21,491.8,0.1,617.65,0.22,423.6,0.82,490.8,0.86,157.92,0.81,386.4,0.87,390.79,0.8,368.1,0.88,624.76,0.79,491.8,0.89,562.93,0.78,423.6,0.9,617.65
2026-01-07 05:49:53.396000+00:00,2026-01-07 05:49:50.962293+00:00,293.396,0.14500000000000002,0.14,0.15,0.855,0.85,0.86,152.92,25.31,25.31,152.92,0.13,390.79,0.16,40.0,0.12,529.76,0.17,192.53,0.11,562.93,0.18,515.8,0.1,652.65,0.19,398.4,0.09,484.0,0.2,361.1,0.84,40.0,0.87,390.79,0.83,204.53,0.88,529.76,0.82,503.8,0.89,562.93,0.81,398.4,0.9,652.65,0.8,361.1,0.91,484.0
2026-01-07 05:49:54.561000+00:00,2026-01-07 05:49:51.966728+00:00,294.561,0.14500000000000002,0.14,0.15,0.855,0.85,0.86,63.92,75.31,50.31,63.92,0.13,378.79,0.16,216.99,0.12,369.76,0.17,188.53,0.11,520.93,0.18,439.8,0.1,664.65,0.19,356.4,0.09,777.0,0.2,373.1,0.84,216.99,0.87,378.79,0.83,188.53,0.88,381.76,0.82,439.8,0.89,520.93,0.81,356.4,0.9,664.65,0.8,373.1,0.91,777.0
2026-01-07 05:49:55.414000+00:00,2026-01-07 05:49:52.987802+00:00,295.414,0.14500000000000002,0.14,0.15,0.855,0.85,0.86,48.92,25.31,25.31,48.92,0.13,405.79,0.16,221.99,0.12,375.64,0.17,188.53,0.11,520.93,0.18,439.8,0.1,664.65,0.19,356.4,0.09,777.0,0.2,373.1,0.84,291.99,0.87,405.79,0.83,188.53,0.88,375.64,0.82,439.8,0.89,520.93,0.81,356.4,0.9,664.65,0.8,373.1,0.91,777.0
2026-01-07 05:49:56.592000+00:00,2026-01-07 05:49:53.993101+00:00,296.592,0.14500000000000002,0.14,0.15,0.855,0.85,0.86,48.92,45.31,100.31,48.92,0.13,405.79,0.16,286.99,0.12,403.64,0.17,188.53,0.11,731.93,0.18,439.8,0.1,652.65,0.19,356.4,0.09,484.0,0.2,373.1,0.84,192.0,0.87,405.79,0.83,238.53,0.88,403.64,0.82,439.8,0.89,731.93,0.81,356.4,0.9,652.65,0.8,373.1,0.91,484.0
2026-01-07 05:49:57.586000+00:00,2026-01-07 05:49:54.998946+00:00,297.586,0.14500000000000002,0.14,0.15,0.855,0.85,0.86,66.92,100.31,100.31,61.11,0.13,405.79,0.16,207.0,0.12,403.64,0.17,208.53,0.11,731.93,0.18,439.8,0.1,652.65,0.19,356.4,0.09,484.0,0.2,373.1,0.84,286.99,0.87,405.79,0.83,188.53,0.88,403.64,0.82,439.8,0.89,731.93,0.81,356.4,0.9,652.65,0.8,373.1,0.91,484.0
