timestamp,collected_at,seconds,up_mid,up_best_bid,up_best_ask,down_mid,down_best_bid,down_best_ask,up_best_bid_size,up_best_ask_size,down_best_bid_size,down_best_ask_size,up_bid_2,up_bid_2_size,up_ask_2,up_ask_2_size,up_bid_3,up_bid_3_size,up_ask_3,up_ask_3_size,up_bid_4,up_bid_4_size,up_ask_4,up_ask_4_size,up_bid_5,up_bid_5_size,up_ask_5,up_ask_5_size,up_bid_6,up_bid_6_size,up_ask_6,up_ask_6_size,down_bid_2,down_bid_2_size,down_ask_2,down_ask_2_size,down_bid_3,down_bid_3_size,down_ask_3,down_ask_3_size,down_bid_4,down_bid_4_size,down_ask_4,down_ask_4_size,down_bid_5,down_bid_5_size,down_ask_5,down_ask_5_size,down_bid_6,down_bid_6_size,down_ask_6,down_ask_6_size
2026-01-07 12:30:01.003000+00:00,2026-01-07 12:29:58.640504+00:00,1.003,0.99,0.99,,0.01,,0.01,166584.14,,,205194.93,0.98,125.49,,,0.97,23.64,,,0.96,12.0,,,0.92,21.62,,,0.91,9.95,,,,,0.02,125.49,,,0.03,23.64,,,0.04,12.0,,,0.08,21.62,,,0.09,9.95
2026-01-07 12:30:02.031000+00:00,2026-01-07 12:29:59.646900+00:00,2.031,0.99,0.99,,0.01,,0.01,213952.0,,,214172.0,0.98,125.49,,,0.97,23.64,,,0.96,12.0,,,0.92,21.62,,,0.91,9.95,,,,,0.02,125.49,,,0.03,23.64,,,0.04,12.0,,,0.08,21.62,,,0.09,9.95
2026-01-07 12:30:03.065000+00:00,2026-01-07 12:30:00.650546+00:00,3.065,0.545,0.54,0.55,0.455,0.45,0.46,221.52,8.85,8.85,226.52,0.53,466.66,0.57,11.16,0.52,1996.68,0.6,80.0,0.51,880.75,0.61,61.0,0.5,338.48,0.62,183.0,0.49,129.9,0.63,61.0,0.43,11.16,0.47,513.66,0.4,80.0,0.48,1996.68,0.39,61.0,0.49,880.75,0.38,183.0,0.5,338.48,0.37,61.0,0.51,78.9
2026-01-07 12:30:04.035000+00:00,2026-01-07 12:30:01.658273+00:00,4.035,0.605,0.6,0.61,0.395,0.39,0.4,218.0,7.0,62.0,198.0,0.59,183.0,0.63,30.0,0.58,183.0,0.65,190.87,0.57,171.84,0.66,183.0,0.56,183.0,0.67,262.0,0.55,174.15,0.68,203.0,0.37,30.0,0.41,183.0,0.35,190.87,0.42,213.0,0.34,183.0,0.43,171.84,0.33,262.0,0.44,183.0,0.32,203.0,0.45,174.15
2026-01-07 12:30:05.068000+00:00,2026-01-07 12:30:02.660425+00:00,5.068,0.605,0.6,0.61,0.385,0.37,0.4,273.5,17.0,30.0,273.5,0.59,183.0,0.63,30.0,0.58,213.0,0.65,225.87,0.57,171.84,0.66,183.0,0.56,183.0,0.67,262.0,0.55,174.15,0.68,281.0,0.36,20.0,0.41,183.0,0.35,265.87,0.42,213.0,0.34,183.0,0.43,171.84,0.33,262.0,0.44,183.0,0.32,281.0,0.45,174.15
2026-01-07 12:30:06.950000+00:00,2026-01-07 12:30:04.683575+00:00,6.95,0.615,0.61,0.62,0.385,0.38,0.39,107.14,40.0,5.0,117.14,0.6,243.5,0.63,34.0,0.59,218.0,0.64,150.0,0.58,223.0,0.65,320.87,0.57,206.84,0.66,218.0,0.56,218.0,0.67,262.0,0.37,24.0,0.4,243.5,0.36,115.0,0.41,183.0,0.35,320.87,0.42,213.0,0.34,218.0,0.43,206.84,0.33,262.0,0.44,218.0
2026-01-07 12:30:08.031000+00:00,2026-01-07 12:30:05.704825+00:00,8.031,0.625,0.62,0.63,0.375,0.37,0.38,103.0,59.0,59.0,103.0,0.61,87.14,0.64,125.0,0.6,278.5,0.65,320.87,0.59,193.0,0.66,218.0,0.58,248.0,0.67,297.0,0.57,206.84,0.68,203.0,0.36,125.0,0.39,87.14,0.35,320.87,0.4,278.5,0.34,218.0,0.41,193.0,0.33,297.0,0.42,248.0,0.32,203.0,0.43,206.84
2026-01-07 12:30:09.044000+00:00,2026-01-07 12:30:06.709834+00:00,9.044,0.63,0.62,0.64,0.375,0.37,0.38,123.0,220.0,20.0,110.0,0.61,122.14,0.65,365.87,0.6,323.5,0.66,288.0,0.59,288.0,0.67,367.0,0.58,318.0,0.68,308.0,0.57,276.84,0.69,334.0,0.36,220.0,0.39,122.14,0.35,365.87,0.4,323.5,0.34,288.0,0.41,288.0,0.33,367.0,0.42,318.0,0.32,308.0,0.43,276.84
2026-01-07 12:30:10.100000+00:00,2026-01-07 12:30:07.725671+00:00,10.1,0.625,0.62,0.63,0.375,0.37,0.38,95.0,25.0,40.0,75.0,0.61,187.14,0.64,300.0,0.6,343.5,0.65,365.87,0.59,288.0,0.66,288.0,0.58,318.0,0.67,367.0,0.57,276.84,0.68,308.0,0.36,300.0,0.39,187.14,0.35,365.87,0.4,343.5,0.34,288.0,0.41,288.0,0.33,367.0,0.42,318.0,0.32,308.0,0.43,276.84
2026-01-07 12:30:11.107000+00:00,2026-01-07 12:30:08.733677+00:00,11.107,0.625,0.62,0.63,0.375,0.37,0.38,75.0,40.0,40.0,75.0,0.61,257.14,0.64,300.0,0.6,343.5,0.65,365.87,0.59,288.0,0.66,288.0,0.58,318.0,0.67,367.0,0.57,276.84,0.68,308.0,0.36,300.0,0.39,257.14,0.35,365.87,0.4,343.5,0.34,288.0,0.41,288.0,0.33,367.0,0.42,318.0,0.32,308.0,0.43,276.84
2026-01-07 12:30:12.664000+00:00,2026-01-07 12:30:10.747466+00:00,12.664,0.625,0.62,0.63,0.37,0.36,0.38,90.0,45.0,35.0,260.0,0.61,257.14,0.64,305.0,0.6,343.5,0.65,390.87,0.59,288.0,0.66,288.0,0.58,318.0,0.67,367.0,0.57,276.84,0.68,273.0,0.35,275.87,0.39,187.14,0.34,258.0,0.4,323.5,0.33,262.0,0.41,288.0,0.32,308.0,0.42,283.0,0.31,253.0,0.43,241.84
2026-01-07 12:30:14.049000+00:00,2026-01-07 12:30:11.749599+00:00,14.049,0.645,0.64,0.65,0.355,0.35,0.36,215.0,149.87,149.87,210.0,0.63,125.0,0.66,145.0,0.62,105.0,0.67,382.0,0.61,405.14,0.68,233.0,0.6,348.5,0.69,288.0,0.59,253.0,0.7,372.0,0.34,145.0,0.37,125.0,0.33,382.0,0.38,105.0,0.32,233.0,0.39,405.14,0.31,288.0,0.4,348.5,0.3,372.0,0.41,253.0
2026-01-07 12:30:15.134000+00:00,2026-01-07 12:30:12.755351+00:00,15.134,0.645,0.64,0.65,0.355,0.35,0.36,88.51,109.87,109.87,88.51,0.63,150.0,0.66,230.0,0.62,215.0,0.67,317.0,0.61,375.14,0.68,213.0,0.6,378.5,0.69,288.0,0.59,253.0,0.7,455.0,0.34,230.0,0.37,150.0,0.33,317.0,0.38,215.0,0.32,213.0,0.39,375.14,0.31,288.0,0.4,378.5,0.3,455.0,0.41,253.0
2026-01-07 12:30:16.081000+00:00,2026-01-07 12:30:13.769812+00:00,16.081,0.645,0.64,0.65,0.355,0.35,0.36,120.45,89.87,89.87,117.39,0.63,150.0,0.66,230.0,0.62,215.0,0.67,317.0,0.61,375.14,0.68,213.0,0.6,378.5,0.69,288.0,0.59,253.0,0.7,372.0,0.34,230.0,0.37,150.0,0.33,317.0,0.38,215.0,0.32,213.0,0.39,375.14,0.31,288.0,0.4,378.5,0.3,372.0,0.41,253.0
2026-01-07 12:30:17.176000+00:00,2026-01-07 12:30:14.790922+00:00,17.176,0.645,0.64,0.65,0.355,0.35,0.36,109.33,89.87,89.87,84.33,0.63,150.0,0.66,265.0,0.62,215.0,0.67,292.0,0.61,375.14,0.68,238.0,0.6,378.5,0.69,288.0,0.59,253.0,0.7,372.0,0.34,265.0,0.37,150.0,0.33,292.0,0.38,205.0,0.32,238.0,0.39,375.14,0.31,288.0,0.4,378.5,0.3,372.0,0.41,253.0
2026-01-07 12:30:18.069000+00:00,2026-01-07 12:30:15.810456+00:00,18.069,0.645,0.64,0.65,0.355,0.35,0.36,75.0,119.87,119.87,75.0,0.63,255.0,0.66,310.0,0.62,363.0,0.67,387.0,0.61,375.14,0.68,308.0,0.6,378.5,0.69,288.0,0.59,288.0,0.7,337.0,0.34,310.0,0.37,255.0,0.33,387.0,0.38,353.0,0.32,308.0,0.39,375.14,0.31,288.0,0.4,378.5,0.3,337.0,0.41,288.0
2026-01-07 12:30:19.108000+00:00,2026-01-07 12:30:16.817045+00:00,19.108,0.645,0.64,0.65,0.355,0.35,0.36,5.0,202.87,210.87,5.0,0.63,285.0,0.66,290.0,0.62,353.0,0.67,339.0,0.61,375.14,0.68,308.0,0.6,378.5,0.69,288.0,0.59,288.0,0.7,372.0,0.34,290.0,0.37,265.0,0.33,339.0,0.38,363.0,0.32,308.0,0.39,375.14,0.31,288.0,0.4,348.5,0.3,372.0,0.41,288.0
2026-01-07 12:30:20.518000+00:00,2026-01-07 12:30:18.843010+00:00,20.518,0.64,0.63,0.65,0.36,0.35,0.37,260.0,157.87,157.87,260.0,0.62,363.0,0.66,315.0,0.61,405.14,0.67,314.0,0.6,348.5,0.68,308.0,0.59,288.0,0.69,288.0,0.58,253.0,0.7,407.0,0.34,315.0,0.38,363.0,0.33,314.0,0.39,405.14,0.32,308.0,0.4,348.5,0.31,288.0,0.41,288.0,0.3,407.0,0.42,253.0
2026-01-07 12:30:22.041000+00:00,2026-01-07 12:30:19.843693+00:00,22.041,0.64,0.63,0.65,0.355,0.35,0.36,274.59,157.87,62.87,135.0,0.62,363.0,0.66,315.0,0.61,405.14,0.67,314.0,0.6,348.5,0.68,308.0,0.59,288.0,0.69,288.0,0.58,253.0,0.7,407.0,0.34,335.0,0.37,254.59,0.33,314.0,0.38,353.0,0.32,308.0,0.39,405.14,0.31,288.0,0.4,348.5,0.3,407.0,0.41,288.0
2026-01-07 12:30:23.052000+00:00,2026-01-07 12:30:20.860038+00:00,23.052,0.645,0.64,0.65,0.355,0.35,0.36,117.0,52.87,32.87,117.0,0.63,264.59,0.66,310.0,0.62,353.0,0.67,339.0,0.61,405.14,0.68,308.0,0.6,348.5,0.69,288.0,0.59,293.0,0.7,372.0,0.34,310.0,0.37,264.59,0.33,339.0,0.38,353.0,0.32,308.0,0.39,405.14,0.31,288.0,0.4,348.5,0.3,372.0,0.41,293.0
2026-01-07 12:30:24.103000+00:00,2026-01-07 12:30:21.863408+00:00,24.103,0.65,0.64,0.66,0.35,0.34,0.36,143.5,335.0,335.0,128.5,0.63,239.59,0.67,314.0,0.62,378.0,0.68,308.0,0.61,405.14,0.69,288.0,0.6,348.5,0.7,407.0,0.59,258.0,0.71,253.0,0.33,314.0,0.37,239.59,0.32,308.0,0.38,378.0,0.31,288.0,0.39,405.14,0.3,407.0,0.4,348.5,0.29,253.0,0.41,258.0
2026-01-07 12:30:25.266000+00:00,2026-01-07 12:30:22.881380+00:00,25.266,0.655,0.65,0.66,0.345,0.34,0.35,5.0,335.0,330.0,5.0,0.64,35.0,0.67,314.0,0.63,264.59,0.68,308.0,0.62,353.0,0.69,369.0,0.61,405.14,0.7,324.0,0.6,348.5,0.71,253.0,0.33,314.0,0.36,35.0,0.32,308.0,0.37,264.59,0.31,369.0,0.38,353.0,0.3,324.0,0.39,405.14,0.29,253.0,0.4,348.5
2026-01-07 12:30:26.266000+00:00,2026-01-07 12:30:23.900968+00:00,26.266,0.645,0.64,0.65,0.355,0.35,0.36,55.0,102.5,102.5,55.0,0.63,264.59,0.66,330.0,0.62,353.0,0.67,314.0,0.61,405.14,0.68,308.0,0.6,348.5,0.69,288.0,0.59,293.0,0.7,407.0,0.34,330.0,0.37,264.59,0.33,314.0,0.38,353.0,0.32,308.0,0.39,405.14,0.31,288.0,0.4,348.5,0.3,407.0,0.41,293.0
2026-01-07 12:30:27.303000+00:00,2026-01-07 12:30:24.918213+00:00,27.303,0.625,0.62,0.63,0.375,0.37,0.38,363.0,1657.26,1657.26,398.0,0.61,370.14,0.65,122.5,0.6,348.5,0.66,280.0,0.59,293.0,0.67,314.0,0.58,253.0,0.68,308.0,0.57,241.84,0.69,288.0,0.36,20.0,0.39,380.14,0.35,162.5,0.4,348.5,0.34,235.0,0.41,293.0,0.33,339.0,0.42,288.0,0.32,308.0,0.43,241.84
2026-01-07 12:30:28.277000+00:00,2026-01-07 12:30:25.920669+00:00,28.277,0.625,0.62,0.63,0.375,0.37,0.38,308.0,1682.26,1682.26,308.0,0.61,310.14,0.64,60.0,0.6,298.5,0.65,267.5,0.59,293.0,0.66,200.0,0.58,288.0,0.67,339.0,0.57,241.84,0.68,308.0,0.36,60.0,0.39,310.14,0.35,267.5,0.4,298.5,0.34,200.0,0.41,293.0,0.33,339.0,0.42,288.0,0.32,308.0,0.43,241.84
2026-01-07 12:30:29.303000+00:00,2026-01-07 12:30:26.923709+00:00,29.303,0.625,0.62,0.63,0.375,0.37,0.38,311.0,1752.26,1752.26,311.0,0.61,310.14,0.64,60.0,0.6,298.5,0.65,197.5,0.59,293.0,0.66,200.0,0.58,312.0,0.67,339.0,0.57,241.84,0.68,308.0,0.36,60.0,0.39,310.14,0.35,197.5,0.4,298.5,0.34,200.0,0.41,293.0,0.33,339.0,0.42,312.0,0.32,308.0,0.43,241.84
2026-01-07 12:30:30.316000+00:00,2026-01-07 12:30:28.948150+00:00,30.316,0.625,0.62,0.63,0.375,0.37,0.38,311.0,1749.26,1749.26,311.0,0.61,315.14,0.64,130.0,0.6,298.5,0.65,267.5,0.59,353.0,0.66,200.0,0.58,312.0,0.67,339.0,0.57,276.84,0.68,308.0,0.36,130.0,0.39,315.14,0.35,267.5,0.4,298.5,0.34,200.0,0.41,353.0,0.33,339.0,0.42,312.0,0.32,308.0,0.43,276.84
2026-01-07 12:30:31.920000+00:00,2026-01-07 12:30:29.966984+00:00,31.92,0.625,0.62,0.63,0.375,0.37,0.38,319.13,1749.26,1749.26,319.13,0.61,315.14,0.64,150.0,0.6,298.5,0.65,267.5,0.59,353.0,0.66,175.0,0.58,312.0,0.67,339.0,0.57,276.84,0.68,308.0,0.36,150.0,0.39,315.14,0.35,267.5,0.4,298.5,0.34,175.0,0.41,353.0,0.33,339.0,0.42,312.0,0.32,308.0,0.43,276.84
2026-01-07 12:30:32.662000+00:00,2026-01-07 12:30:30.969092+00:00,32.662,0.625,0.62,0.63,0.375,0.37,0.38,349.13,1749.26,1749.26,349.13,0.61,285.14,0.64,150.0,0.6,298.5,0.65,267.5,0.59,353.0,0.66,175.0,0.58,312.0,0.67,369.0,0.57,276.84,0.68,308.0,0.36,150.0,0.39,285.14,0.35,267.5,0.4,298.5,0.34,175.0,0.41,353.0,0.33,369.0,0.42,312.0,0.32,308.0,0.43,276.84
2026-01-07 12:30:34.192000+00:00,2026-01-07 12:30:31.971756+00:00,34.192,0.625,0.62,0.63,0.375,0.37,0.38,341.23,1749.26,1749.26,341.23,0.61,285.14,0.64,150.0,0.6,298.5,0.65,267.5,0.59,348.0,0.66,180.0,0.58,312.0,0.67,369.0,0.57,725.84,0.68,308.0,0.36,150.0,0.39,285.14,0.35,267.5,0.4,298.5,0.34,180.0,0.41,348.0,0.33,369.0,0.42,312.0,0.32,308.0,0.43,725.84
2026-01-07 12:30:35.172000+00:00,2026-01-07 12:30:32.993511+00:00,35.172,0.625,0.62,0.63,0.375,0.37,0.38,326.23,1762.26,1762.26,326.23,0.61,285.14,0.64,150.0,0.6,305.98,0.65,267.5,0.59,348.0,0.66,180.0,0.58,312.0,0.67,369.0,0.57,725.84,0.68,308.0,0.36,150.0,0.39,285.14,0.35,267.5,0.4,305.98,0.34,180.0,0.41,348.0,0.33,369.0,0.42,312.0,0.32,308.0,0.43,725.84
2026-01-07 12:30:36.366000+00:00,2026-01-07 12:30:33.999334+00:00,36.366,0.625,0.62,0.63,0.375,0.37,0.38,291.23,1760.1,1760.1,288.33,0.61,285.14,0.64,150.0,0.6,305.98,0.65,267.5,0.59,348.0,0.66,180.0,0.58,312.0,0.67,369.0,0.57,725.84,0.68,308.0,0.36,150.0,0.39,285.14,0.35,267.5,0.4,305.98,0.34,180.0,0.41,348.0,0.33,369.0,0.42,312.0,0.32,308.0,0.43,725.84
2026-01-07 12:30:37.383000+00:00,2026-01-07 12:30:35.007419+00:00,37.383,0.625,0.62,0.63,0.375,0.37,0.38,288.33,1780.1,1780.1,288.33,0.61,310.14,0.64,215.0,0.6,290.98,0.65,247.5,0.59,338.0,0.66,210.0,0.58,312.0,0.67,339.0,0.57,725.84,0.68,308.0,0.36,225.0,0.39,310.14,0.35,247.5,0.4,310.98,0.34,210.0,0.41,348.0,0.33,339.0,0.42,312.0,0.32,308.0,0.43,725.84
2026-01-07 12:30:38.405000+00:00,2026-01-07 12:30:36.014545+00:00,38.405,0.625,0.62,0.63,0.375,0.37,0.38,288.33,2219.1,2209.1,288.33,0.61,310.14,0.64,130.0,0.6,1305.98,0.65,267.5,0.59,328.0,0.66,210.0,0.58,312.0,0.67,339.0,0.57,725.84,0.68,308.0,0.36,205.0,0.39,315.14,0.35,267.5,0.4,1315.98,0.34,210.0,0.41,338.0,0.33,339.0,0.42,312.0,0.32,308.0,0.43,725.84
2026-01-07 12:30:39.292000+00:00,2026-01-07 12:30:37.006256+00:00,39.292,0.625,0.62,0.63,0.375,0.37,0.38,268.65,2209.1,2177.35,268.65,0.61,315.14,0.64,225.0,0.6,1315.98,0.65,267.5,0.59,338.0,0.66,210.0,0.58,312.0,0.67,339.0,0.57,725.84,0.68,308.0,0.36,225.0,0.39,315.14,0.35,267.5,0.4,1315.98,0.34,232.05,0.41,338.0,0.33,339.0,0.42,312.0,0.32,308.0,0.43,725.84
2026-01-07 12:30:40.408000+00:00,2026-01-07 12:30:38.027711+00:00,40.408,0.625,0.62,0.63,0.375,0.37,0.38,85.65,2167.35,2167.35,85.65,0.61,310.14,0.64,245.0,0.6,1305.98,0.65,247.5,0.59,338.0,0.66,232.05,0.58,312.0,0.67,339.0,0.57,725.84,0.68,308.0,0.36,245.0,0.39,310.14,0.35,247.5,0.4,1310.98,0.34,232.05,0.41,348.0,0.33,339.0,0.42,312.0,0.32,308.0,0.43,725.84
2026-01-07 12:30:41.135000+00:00,2026-01-07 12:30:39.034535+00:00,41.135,0.625,0.62,0.63,0.375,0.37,0.38,85.65,2167.35,2167.35,85.65,0.61,310.14,0.64,225.0,0.6,1310.98,0.65,267.5,0.59,348.0,0.66,232.05,0.58,312.0,0.67,339.0,0.57,725.84,0.68,308.0,0.36,245.0,0.39,310.14,0.35,247.5,0.4,1310.98,0.34,232.05,0.41,348.0,0.33,339.0,0.42,312.0,0.32,308.0,0.43,725.84
2026-01-07 12:30:42.226000+00:00,2026-01-07 12:30:40.059073+00:00,42.226,0.625,0.62,0.63,0.375,0.37,0.38,85.65,2167.35,2167.35,85.65,0.61,310.14,0.64,245.0,0.6,1310.98,0.65,247.5,0.59,348.0,0.66,232.05,0.58,312.0,0.67,339.0,0.57,725.84,0.68,308.0,0.36,245.0,0.39,310.14,0.35,247.5,0.4,1310.98,0.34,232.05,0.41,348.0,0.33,339.0,0.42,312.0,0.32,308.0,0.43,725.84
2026-01-07 12:30:43.035000+00:00,2026-01-07 12:30:41.065019+00:00,43.035,0.625,0.62,0.63,0.375,0.37,0.38,85.65,2167.35,2167.35,85.65,0.61,310.14,0.64,245.0,0.6,1310.98,0.65,247.5,0.59,348.0,0.66,232.05,0.58,312.0,0.67,339.0,0.57,725.84,0.68,308.0,0.36,245.0,0.39,310.14,0.35,247.5,0.4,1310.98,0.34,232.05,0.41,348.0,0.33,339.0,0.42,312.0,0.32,308.0,0.43,725.84
2026-01-07 12:30:44.457000+00:00,2026-01-07 12:30:42.072230+00:00,44.457,0.625,0.62,0.63,0.375,0.37,0.38,247.65,2167.35,2167.35,247.65,0.61,310.14,0.64,130.0,0.6,1310.98,0.65,267.5,0.59,348.0,0.66,232.05,0.58,312.0,0.67,339.0,0.57,725.84,0.68,308.0,0.36,150.0,0.39,310.14,0.35,267.5,0.4,1320.98,0.34,202.05,0.41,338.0,0.33,339.0,0.42,312.0,0.32,308.0,0.43,725.84
2026-01-07 12:30:45.424000+00:00,2026-01-07 12:30:43.080325+00:00,45.424,0.625,0.62,0.63,0.375,0.37,0.38,343.49,2133.35,2133.35,343.49,0.61,295.14,0.64,155.0,0.6,1298.5,0.65,267.5,0.59,338.0,0.66,197.05,0.58,312.0,0.67,156.0,0.57,725.84,0.68,338.0,0.36,135.0,0.39,295.14,0.35,267.5,0.4,1298.5,0.34,197.05,0.41,338.0,0.33,156.0,0.42,312.0,0.32,338.0,0.43,725.84
2026-01-07 12:30:46.436000+00:00,2026-01-07 12:30:44.086759+00:00,46.436,0.625,0.62,0.63,0.375,0.37,0.38,305.49,2051.5,2001.5,305.49,0.61,302.62,0.64,175.0,0.6,1318.5,0.65,277.5,0.59,318.0,0.66,197.05,0.58,312.0,0.67,156.0,0.57,725.84,0.68,338.0,0.36,175.0,0.39,302.62,0.35,277.5,0.4,1318.5,0.34,197.05,0.41,318.0,0.33,156.0,0.42,312.0,0.32,338.0,0.43,725.84
2026-01-07 12:30:47.495000+00:00,2026-01-07 12:30:45.092491+00:00,47.495,0.625,0.62,0.63,0.375,0.37,0.38,305.49,2001.5,2006.5,305.49,0.61,302.62,0.64,170.0,0.6,1318.5,0.65,277.5,0.59,318.0,0.66,197.05,0.58,312.0,0.67,156.0,0.57,725.84,0.68,338.0,0.36,205.0,0.39,302.62,0.35,277.5,0.4,1318.5,0.34,197.05,0.41,318.0,0.33,156.0,0.42,312.0,0.32,338.0,0.43,725.84
2026-01-07 12:30:48.389000+00:00,2026-01-07 12:30:46.100202+00:00,48.389,0.625,0.62,0.63,0.375,0.37,0.38,305.49,2006.5,2006.5,305.49,0.61,302.62,0.64,205.0,0.6,1318.5,0.65,257.5,0.59,318.0,0.66,197.05,0.58,312.0,0.67,156.0,0.57,725.84,0.68,338.0,0.36,205.0,0.39,302.62,0.35,257.5,0.4,1318.5,0.34,197.05,0.41,318.0,0.33,156.0,0.42,312.0,0.32,338.0,0.43,725.84
2026-01-07 12:30:49.494000+00:00,2026-01-07 12:30:47.123169+00:00,49.494,0.625,0.62,0.63,0.375,0.37,0.38,288.45,2036.5,2056.5,288.45,0.61,292.62,0.64,225.0,0.6,1308.5,0.65,247.5,0.59,338.0,0.66,197.05,0.58,312.0,0.67,156.0,0.57,725.84,0.68,338.0,0.36,225.0,0.39,292.62,0.35,247.5,0.4,1308.5,0.34,197.05,0.41,338.0,0.33,156.0,0.42,312.0,0.32,338.0,0.43,725.84
2026-01-07 12:30:50.401000+00:00,2026-01-07 12:30:48.143295+00:00,50.401,0.625,0.62,0.63,0.375,0.37,0.38,288.45,2056.5,2056.5,288.45,0.61,292.62,0.64,225.0,0.6,1308.5,0.65,247.5,0.59,338.0,0.66,197.05,0.58,312.0,0.67,156.0,0.57,725.84,0.68,338.0,0.36,250.0,0.39,292.62,0.35,247.5,0.4,1308.5,0.34,197.05,0.41,338.0,0.33,156.0,0.42,312.0,0.32,338.0,0.43,725.84
2026-01-07 12:30:51.407000+00:00,2026-01-07 12:30:49.148751+00:00,51.407,0.625,0.62,0.63,0.375,0.37,0.38,288.45,2051.57,2051.57,288.45,0.61,292.62,0.64,250.0,0.6,1308.5,0.65,247.5,0.59,368.0,0.66,197.05,0.58,312.0,0.67,232.0,0.57,725.84,0.68,338.0,0.36,250.0,0.39,292.62,0.35,247.5,0.4,1308.5,0.34,197.05,0.41,368.0,0.33,232.0,0.42,312.0,0.32,338.0,0.43,725.84
2026-01-07 12:30:52.545000+00:00,2026-01-07 12:30:50.154314+00:00,52.545,0.625,0.62,0.63,0.375,0.37,0.38,288.45,1996.57,2001.57,288.45,0.61,292.62,0.64,145.0,0.6,1308.5,0.65,267.5,0.59,348.0,0.66,197.05,0.58,312.0,0.67,156.0,0.57,725.84,0.68,416.0,0.36,300.0,0.39,292.62,0.35,247.5,0.4,1308.5,0.34,197.05,0.41,368.0,0.33,156.0,0.42,312.0,0.32,416.0,0.43,725.84
2026-01-07 12:30:53.509000+00:00,2026-01-07 12:30:51.159927+00:00,53.509,0.625,0.62,0.63,0.375,0.37,0.38,303.45,1936.57,1936.57,303.45,0.61,292.62,0.64,300.0,0.6,1298.5,0.65,247.5,0.59,378.0,0.66,197.05,0.58,312.0,0.67,156.0,0.57,725.84,0.68,416.0,0.36,300.0,0.39,292.62,0.35,247.5,0.4,1298.5,0.34,197.05,0.41,378.0,0.33,156.0,0.42,312.0,0.32,416.0,0.43,725.84
2026-01-07 12:30:54.481000+00:00,2026-01-07 12:30:52.166255+00:00,54.481,0.625,0.62,0.63,0.375,0.37,0.38,288.45,1936.57,1936.57,298.45,0.61,292.62,0.64,300.0,0.6,1298.5,0.65,247.5,0.59,378.0,0.66,197.05,0.58,312.0,0.67,156.0,0.57,725.84,0.68,416.0,0.36,300.0,0.39,292.62,0.35,247.5,0.4,1298.5,0.34,197.05,0.41,378.0,0.33,156.0,0.42,312.0,0.32,416.0,0.43,725.84
2026-01-07 12:30:55.555000+00:00,2026-01-07 12:30:53.173915+00:00,55.555,0.625,0.62,0.63,0.375,0.37,0.38,206.87,1936.57,1971.57,206.87,0.61,282.62,0.64,300.0,0.6,1263.5,0.65,247.5,0.59,378.0,0.66,187.05,0.58,312.0,0.67,156.0,0.57,725.84,0.68,381.0,0.36,310.0,0.39,317.62,0.35,247.5,0.4,1273.5,0.34,222.05,0.41,378.0,0.33,156.0,0.42,312.0,0.32,381.0,0.43,760.84
2026-01-07 12:30:56.282000+00:00,2026-01-07 12:30:54.177206+00:00,56.282,0.625,0.62,0.63,0.375,0.37,0.38,191.87,1971.57,1402.57,211.87,0.61,317.62,0.64,310.0,0.6,1273.5,0.65,247.5,0.59,378.0,0.66,222.05,0.58,312.0,0.67,156.0,0.57,760.84,0.68,381.0,0.36,70.0,0.39,287.62,0.34,62.55,0.4,1727.5,0.33,71.0,0.41,328.0,0.32,308.0,0.42,312.0,0.31,183.0,0.43,276.84
2026-01-07 12:30:57.560000+00:00,2026-01-07 12:30:55.201701+00:00,57.56,0.625,0.62,0.63,0.375,0.37,0.38,361.87,677.38,597.38,361.87,0.61,350.14,0.64,45.0,0.6,1390.5,0.66,162.05,0.59,318.0,0.67,560.0,0.58,312.0,0.68,164.0,0.57,276.84,0.69,30.0,0.36,45.0,0.39,350.14,0.34,162.05,0.4,1348.5,0.33,500.0,0.41,318.0,0.32,144.0,0.42,312.0,0.31,30.0,0.43,276.84
2026-01-07 12:30:58.548000+00:00,2026-01-07 12:30:56.208478+00:00,58.548,0.625,0.62,0.63,0.375,0.37,0.38,291.87,237.38,237.38,291.87,0.61,348.62,0.64,45.0,0.6,1278.5,0.65,25.0,0.59,318.0,0.66,217.05,0.58,312.0,0.67,520.0,0.57,276.84,0.68,144.0,0.36,45.0,0.39,348.62,0.35,25.0,0.4,1278.5,0.34,217.05,0.41,318.0,0.33,520.0,0.42,312.0,0.32,144.0,0.43,276.84
2026-01-07 12:30:59.459000+00:00,2026-01-07 12:30:57.230114+00:00,59.459,0.625,0.62,0.63,0.375,0.37,0.38,281.87,231.38,231.38,281.87,0.61,358.62,0.64,45.0,0.6,1278.5,0.65,15.0,0.59,318.0,0.66,217.05,0.58,312.0,0.67,510.0,0.57,276.84,0.68,144.0,0.36,45.0,0.39,358.62,0.35,15.0,0.4,1278.5,0.34,217.05,0.41,318.0,0.33,510.0,0.42,312.0,0.32,144.0,0.43,276.84
2026-01-07 12:31:00.605000+00:00,2026-01-07 12:30:58.238055+00:00,60.605,0.625,0.62,0.63,0.375,0.37,0.38,236.87,311.36,311.36,236.87,0.61,327.62,0.64,85.0,0.6,1360.5,0.65,45.0,0.59,318.0,0.66,157.05,0.58,312.0,0.67,575.0,0.57,276.84,0.68,144.0,0.36,155.0,0.39,327.62,0.35,115.0,0.4,1360.5,0.34,227.05,0.41,318.0,0.33,645.0,0.42,312.0,0.32,214.0,0.43,276.84
2026-01-07 12:31:01.617000+00:00,2026-01-07 12:30:59.244261+00:00,61.617,0.625,0.62,0.63,0.375,0.37,0.38,680.87,340.36,340.36,680.87,0.61,292.62,0.64,190.0,0.6,1390.5,0.65,100.0,0.59,328.0,0.66,227.05,0.58,312.0,0.67,645.0,0.57,276.84,0.68,244.0,0.36,190.0,0.39,292.62,0.35,100.0,0.4,1390.5,0.34,227.05,0.41,328.0,0.33,645.0,0.42,312.0,0.32,244.0,0.43,276.84
2026-01-07 12:31:02.619000+00:00,2026-01-07 12:31:00.247905+00:00,62.619,0.625,0.62,0.63,0.375,0.37,0.38,680.87,292.46,292.46,680.87,0.61,297.62,0.64,190.0,0.6,1390.5,0.65,100.0,0.59,318.0,0.66,227.05,0.58,351.5,0.67,645.0,0.57,276.84,0.68,244.0,0.36,190.0,0.39,297.62,0.35,100.0,0.4,1390.5,0.34,227.05,0.41,318.0,0.33,645.0,0.42,351.5,0.32,244.0,0.43,276.84
2026-01-07 12:31:03.527000+00:00,2026-01-07 12:31:01.254099+00:00,63.527,0.625,0.62,0.63,0.375,0.37,0.38,675.87,292.46,292.46,675.87,0.61,343.62,0.64,180.0,0.6,1348.5,0.65,125.0,0.59,318.0,0.66,227.05,0.58,351.5,0.67,645.0,0.57,282.34,0.68,214.0,0.36,180.0,0.39,343.62,0.35,110.0,0.4,1348.5,0.34,227.05,0.41,318.0,0.33,645.0,0.42,351.5,0.32,214.0,0.43,282.34
2026-01-07 12:31:04.628000+00:00,2026-01-07 12:31:02.263288+00:00,64.628,0.615,0.61,0.62,0.385,0.38,0.39,42.48,103.0,198.0,32.48,0.6,1188.5,0.63,603.98,0.59,248.0,0.64,716.0,0.58,376.5,0.65,342.0,0.57,322.34,0.66,435.05,0.56,263.6,0.67,414.0,0.37,584.98,0.4,1040.0,0.36,716.0,0.41,65.0,0.35,403.0,0.42,193.5,0.34,484.05,0.43,322.34,0.33,414.0,0.44,228.0
2026-01-07 12:31:05.657000+00:00,2026-01-07 12:31:03.285979+00:00,65.657,0.605,0.6,0.61,0.395,0.39,0.4,1030.0,180.0,180.0,1030.0,0.59,65.0,0.62,425.0,0.58,198.5,0.63,334.98,0.57,362.34,0.64,802.0,0.56,263.0,0.65,383.0,0.55,209.15,0.66,484.05,0.38,425.0,0.41,65.0,0.37,334.98,0.42,198.5,0.36,802.0,0.43,362.34,0.35,383.0,0.44,263.0,0.34,484.05,0.45,209.15
2026-01-07 12:31:06.653000+00:00,2026-01-07 12:31:04.293795+00:00,66.653,0.605,0.6,0.61,0.395,0.39,0.4,203.01,957.0,912.0,203.01,0.59,30.0,0.62,398.0,0.58,63.5,0.63,571.98,0.57,40.5,0.64,353.0,0.55,15.0,0.65,419.0,0.54,58.52,0.66,370.05,0.38,408.0,0.41,30.0,0.37,571.98,0.42,63.5,0.36,353.0,0.43,40.5,0.35,419.0,0.45,15.0,0.34,370.05,0.46,153.52
2026-01-07 12:31:07.665000+00:00,2026-01-07 12:31:05.299864+00:00,67.665,0.575,0.57,0.58,0.425,0.42,0.43,52.5,144.49,144.49,52.5,0.56,5.0,0.59,169.66,0.55,40.0,0.6,130.0,0.54,203.52,0.61,886.1,0.53,1084.65,0.62,453.0,0.52,951.34,0.63,467.98,0.41,169.66,0.44,5.0,0.4,130.0,0.45,40.0,0.39,956.1,0.46,233.52,0.38,453.0,0.47,1054.65,0.37,467.98,0.48,951.34
2026-01-07 12:31:08.676000+00:00,2026-01-07 12:31:06.306364+00:00,68.676,0.575,0.57,0.58,0.415,0.41,0.42,52.5,141.49,479.0,65.0,0.56,15.0,0.59,199.66,0.55,40.0,0.6,130.0,0.54,233.52,0.61,1036.1,0.53,1054.65,0.62,423.0,0.52,951.34,0.63,467.98,0.4,129.49,0.43,407.5,0.39,397.1,0.44,257.0,0.38,353.0,0.45,217.0,0.37,397.98,0.46,270.52,0.36,228.0,0.47,692.65
2026-01-07 12:31:09.660000+00:00,2026-01-07 12:31:07.312822+00:00,69.66,0.605,0.6,0.61,0.395,0.39,0.4,65.0,155.08,170.08,25.0,0.59,368.0,0.62,125.0,0.58,348.0,0.63,249.98,0.57,328.5,0.64,170.0,0.56,313.0,0.65,248.0,0.55,358.0,0.66,225.05,0.38,125.0,0.41,348.0,0.37,249.98,0.42,348.0,0.36,140.0,0.43,328.5,0.35,248.0,0.44,313.0,0.34,225.05,0.45,313.0
2026-01-07 12:31:10.712000+00:00,2026-01-07 12:31:08.318504+00:00,70.712,0.595,0.59,0.6,0.405,0.4,0.41,183.0,294.49,374.49,183.0,0.58,188.0,0.61,232.08,0.57,273.5,0.62,452.0,0.56,338.0,0.63,502.98,0.55,288.0,0.64,333.0,0.54,221.52,0.65,203.0,0.39,232.08,0.42,183.0,0.38,432.0,0.43,243.5,0.37,502.98,0.44,308.0,0.36,333.0,0.45,318.0,0.35,273.0,0.46,221.52
2026-01-07 12:31:11.708000+00:00,2026-01-07 12:31:09.323592+00:00,71.708,0.575,0.57,0.58,0.425,0.42,0.43,60.5,165.0,165.0,60.5,0.56,242.0,0.59,315.0,0.55,338.0,0.6,200.0,0.54,271.52,0.61,397.08,0.53,1162.65,0.62,403.0,0.52,1127.34,0.63,467.98,0.41,315.0,0.44,242.0,0.4,200.0,0.45,338.0,0.39,397.08,0.46,271.52,0.38,403.0,0.47,1162.65,0.37,467.98,0.48,1127.34
2026-01-07 12:31:12.504000+00:00,2026-01-07 12:31:10.331242+00:00,72.504,0.575,0.57,0.58,0.425,0.42,0.43,60.5,165.0,165.0,60.5,0.56,323.0,0.59,315.0,0.55,348.0,0.6,200.0,0.54,266.52,0.61,397.08,0.53,1162.65,0.62,383.0,0.52,1127.34,0.63,467.98,0.41,315.0,0.44,323.0,0.4,200.0,0.45,348.0,0.39,397.08,0.46,266.52,0.38,383.0,0.47,1162.65,0.37,467.98,0.48,1127.34
2026-01-07 12:31:13.724000+00:00,2026-01-07 12:31:11.350040+00:00,73.724,0.58,0.57,0.59,0.415,0.41,0.42,423.5,578.49,598.49,35.0,0.56,328.0,0.6,160.0,0.55,288.0,0.61,111.28,0.54,316.52,0.62,240.0,0.53,830.65,0.63,547.98,0.52,1174.34,0.64,298.0,0.4,115.0,0.43,368.5,0.39,101.28,0.44,323.0,0.38,310.0,0.45,298.0,0.37,502.98,0.46,351.52,0.36,298.0,0.47,830.65
2026-01-07 12:31:14.667000+00:00,2026-01-07 12:31:12.351591+00:00,74.667,0.575,0.57,0.58,0.425,0.42,0.43,238.84,135.0,135.0,238.84,0.56,368.0,0.59,629.0,0.55,358.0,0.6,115.0,0.54,351.52,0.61,131.28,0.53,783.65,0.62,290.0,0.52,1174.34,0.63,502.98,0.41,629.0,0.44,368.0,0.4,115.0,0.45,358.0,0.39,131.28,0.46,351.52,0.38,290.0,0.47,783.65,0.37,502.98,0.48,1174.34
2026-01-07 12:31:15.712000+00:00,2026-01-07 12:31:13.369616+00:00,75.712,0.575,0.57,0.58,0.425,0.42,0.43,273.84,122.52,122.52,253.84,0.56,343.0,0.59,629.0,0.55,383.0,0.6,115.0,0.54,361.52,0.61,192.28,0.53,783.65,0.62,473.0,0.52,1139.34,0.63,502.98,0.41,629.0,0.44,343.0,0.4,115.0,0.45,383.0,0.39,192.28,0.46,361.52,0.38,473.0,0.47,783.65,0.37,502.98,0.48,1139.34
2026-01-07 12:31:16.759000+00:00,2026-01-07 12:31:14.388357+00:00,76.759,0.575,0.57,0.58,0.425,0.42,0.43,60.84,136.81,206.81,60.84,0.56,10.0,0.59,644.0,0.55,388.0,0.6,185.0,0.54,381.52,0.61,262.28,0.53,833.65,0.62,453.0,0.52,1139.34,0.63,502.98,0.41,724.0,0.44,10.0,0.4,175.0,0.45,408.0,0.39,272.28,0.46,381.52,0.38,383.0,0.47,783.65,0.37,502.98,0.48,1139.34
2026-01-07 12:31:17.713000+00:00,2026-01-07 12:31:15.393643+00:00,77.713,0.575,0.57,0.58,0.425,0.42,0.43,60.84,331.81,332.09,60.84,0.56,35.0,0.59,644.0,0.55,413.0,0.6,175.0,0.54,850.52,0.61,272.28,0.53,783.65,0.62,383.0,0.52,1139.34,0.63,522.98,0.41,644.0,0.44,35.0,0.4,175.0,0.45,413.0,0.39,272.28,0.46,850.52,0.38,383.0,0.47,783.65,0.37,522.98,0.48,1139.34
2026-01-07 12:31:18.765000+00:00,2026-01-07 12:31:16.392675+00:00,78.765,0.575,0.57,0.58,0.425,0.42,0.43,25.84,365.84,295.84,11.35,0.55,233.0,0.59,619.0,0.54,870.52,0.6,210.0,0.53,818.65,0.61,262.28,0.52,1099.34,0.62,383.0,0.51,998.26,0.63,487.98,0.41,649.0,0.45,253.0,0.4,210.0,0.46,870.52,0.39,232.28,0.47,818.65,0.38,383.0,0.48,1099.34,0.37,487.98,0.49,998.26
2026-01-07 12:31:19.666000+00:00,2026-01-07 12:31:17.396911+00:00,79.666,0.575,0.57,0.58,0.425,0.42,0.43,71.35,359.23,359.23,71.35,0.56,185.0,0.59,609.0,0.55,363.0,0.6,215.0,0.54,780.52,0.61,312.28,0.53,768.65,0.62,393.0,0.52,1147.34,0.63,497.98,0.41,609.0,0.44,185.0,0.4,215.0,0.45,363.0,0.39,322.28,0.46,780.52,0.38,383.0,0.47,768.65,0.37,497.98,0.48,1147.34
2026-01-07 12:31:20.730000+00:00,2026-01-07 12:31:18.418044+00:00,80.73,0.575,0.57,0.58,0.425,0.42,0.43,16.35,358.05,358.05,16.35,0.56,145.0,0.59,609.0,0.55,363.0,0.6,255.0,0.54,780.52,0.61,272.28,0.53,838.65,0.62,383.0,0.52,1099.34,0.63,497.98,0.41,609.0,0.44,155.0,0.4,265.0,0.45,403.0,0.39,272.28,0.46,780.52,0.38,383.0,0.47,838.65,0.37,487.98,0.48,1099.34
2026-01-07 12:31:21.708000+00:00,2026-01-07 12:31:19.437387+00:00,81.708,0.575,0.57,0.58,0.425,0.42,0.43,16.35,358.05,358.05,16.35,0.56,155.0,0.59,654.0,0.55,413.0,0.6,220.0,0.54,780.52,0.61,262.28,0.53,838.65,0.62,393.0,0.52,1147.34,0.63,487.98,0.41,654.0,0.44,155.0,0.4,220.0,0.45,413.0,0.39,262.28,0.46,780.52,0.38,393.0,0.47,838.65,0.37,487.98,0.48,1147.34
2026-01-07 12:31:22.762000+00:00,2026-01-07 12:31:20.456756+00:00,82.762,0.575,0.57,0.58,0.425,0.42,0.43,16.35,349.44,349.44,8.52,0.56,165.0,0.59,674.0,0.55,413.0,0.6,210.0,0.54,780.52,0.61,262.28,0.53,838.65,0.62,413.0,0.52,1099.34,0.63,467.98,0.41,674.0,0.44,165.0,0.4,210.0,0.45,413.0,0.39,262.28,0.46,780.52,0.38,413.0,0.47,838.65,0.37,467.98,0.48,1099.34
2026-01-07 12:31:23.598000+00:00,2026-01-07 12:31:21.474478+00:00,83.598,0.575,0.57,0.58,0.425,0.42,0.43,28.52,349.44,349.44,28.52,0.56,170.0,0.59,674.0,0.55,413.0,0.6,240.0,0.54,780.52,0.61,232.28,0.53,838.65,0.62,413.0,0.52,1147.34,0.63,467.98,0.41,644.0,0.44,170.0,0.4,240.0,0.45,383.0,0.39,232.28,0.46,780.52,0.38,413.0,0.47,838.65,0.37,467.98,0.48,1147.34
2026-01-07 12:31:24.839000+00:00,2026-01-07 12:31:22.484040+00:00,84.839,0.575,0.57,0.58,0.425,0.42,0.43,43.52,379.44,379.44,88.52,0.56,297.0,0.59,644.0,0.55,368.0,0.6,205.0,0.54,855.52,0.61,206.08,0.53,838.65,0.62,403.0,0.52,1099.34,0.63,551.98,0.41,644.0,0.44,297.0,0.4,205.0,0.45,368.0,0.39,206.08,0.46,855.52,0.38,403.0,0.47,838.65,0.37,551.98,0.48,1147.34
2026-01-07 12:31:25.821000+00:00,2026-01-07 12:31:23.504050+00:00,85.821,0.575,0.57,0.58,0.425,0.42,0.43,28.52,400.0,400.0,28.52,0.56,358.0,0.59,644.0,0.55,348.0,0.6,205.0,0.54,855.52,0.61,206.08,0.53,838.65,0.62,403.0,0.52,1147.34,0.63,551.98,0.41,644.0,0.44,358.0,0.4,205.0,0.45,348.0,0.39,206.08,0.46,855.52,0.38,403.0,0.47,838.65,0.37,551.98,0.48,1147.34
2026-01-07 12:31:26.249000+00:00,2026-01-07 12:31:24.526118+00:00,86.249,0.575,0.57,0.58,0.425,0.42,0.43,48.52,400.0,390.0,48.52,0.56,175.0,0.59,644.0,0.55,368.0,0.6,205.0,0.54,835.52,0.61,206.08,0.53,885.65,0.62,403.0,0.52,1099.34,0.63,551.98,0.41,654.0,0.44,175.0,0.4,205.0,0.45,368.0,0.39,206.08,0.46,835.52,0.38,403.0,0.47,838.65,0.37,551.98,0.48,1147.34
2026-01-07 12:31:27.904000+00:00,2026-01-07 12:31:25.525086+00:00,87.904,0.5700000000000001,0.56,0.58,0.425,0.42,0.43,172.87,390.0,390.0,35.0,0.55,368.0,0.59,654.0,0.54,835.52,0.6,205.0,0.53,838.65,0.61,206.08,0.52,1147.34,0.62,403.0,0.51,1001.36,0.63,531.98,0.41,654.0,0.44,187.87,0.4,205.0,0.45,348.0,0.39,206.08,0.46,855.52,0.38,403.0,0.47,838.65,0.37,531.98,0.48,1147.34
2026-01-07 12:31:28.550000+00:00,2026-01-07 12:31:26.543590+00:00,88.55,0.575,0.57,0.58,0.425,0.42,0.43,20.0,390.0,390.0,20.0,0.56,192.87,0.59,654.0,0.55,348.0,0.6,205.0,0.54,855.52,0.61,226.08,0.53,838.65,0.62,383.0,0.52,1099.34,0.63,531.98,0.41,654.0,0.44,192.87,0.4,205.0,0.45,348.0,0.39,226.08,0.46,855.52,0.38,383.0,0.47,838.65,0.37,531.98,0.48,1099.34
2026-01-07 12:31:29.922000+00:00,2026-01-07 12:31:27.546224+00:00,89.922,0.565,0.56,0.57,0.435,0.43,0.44,197.87,8.35,8.35,197.87,0.55,348.0,0.58,390.0,0.54,855.52,0.59,654.0,0.53,838.65,0.6,205.0,0.52,1099.34,0.61,226.08,0.51,1050.36,0.62,383.0,0.42,390.0,0.45,348.0,0.41,644.0,0.46,855.52,0.4,205.0,0.47,838.65,0.39,226.08,0.48,1099.34,0.38,383.0,0.49,1050.36
2026-01-07 12:31:30.385000+00:00,2026-01-07 12:31:28.564336+00:00,90.385,0.565,0.56,0.57,0.435,0.43,0.44,192.87,8.35,8.35,192.87,0.55,348.0,0.58,400.0,0.54,855.52,0.59,644.0,0.53,838.65,0.6,205.0,0.52,1099.34,0.61,226.08,0.51,1050.36,0.62,383.0,0.42,400.0,0.45,348.0,0.41,644.0,0.46,855.52,0.4,205.0,0.47,838.65,0.39,226.08,0.48,1099.34,0.38,383.0,0.49,1050.36
2026-01-07 12:31:31.931000+00:00,2026-01-07 12:31:29.569848+00:00,91.931,0.565,0.56,0.57,0.435,0.43,0.44,225.87,80.0,80.0,225.87,0.55,348.0,0.58,310.0,0.54,855.52,0.59,654.0,0.53,838.65,0.6,205.0,0.52,1099.34,0.61,226.08,0.51,1050.36,0.62,383.0,0.42,310.0,0.45,348.0,0.41,654.0,0.46,855.52,0.4,205.0,0.47,838.65,0.39,226.08,0.48,1099.34,0.38,383.0,0.49,1050.36
2026-01-07 12:31:32.669000+00:00,2026-01-07 12:31:30.578017+00:00,92.669,0.565,0.56,0.57,0.435,0.43,0.44,220.87,150.0,150.0,212.87,0.55,348.0,0.58,275.0,0.54,855.52,0.59,629.0,0.53,838.65,0.6,230.0,0.52,1147.34,0.61,226.08,0.51,1001.36,0.62,383.0,0.42,275.0,0.45,348.0,0.41,629.0,0.46,855.52,0.4,230.0,0.47,838.65,0.39,226.08,0.48,1147.34,0.38,383.0,0.49,1001.36
2026-01-07 12:31:33.959000+00:00,2026-01-07 12:31:31.584819+00:00,93.959,0.565,0.56,0.57,0.435,0.43,0.44,222.87,150.0,150.0,222.87,0.55,348.0,0.58,275.0,0.54,855.52,0.59,629.0,0.53,838.65,0.6,230.0,0.52,1099.34,0.61,226.08,0.51,1050.36,0.62,383.0,0.42,275.0,0.45,348.0,0.41,629.0,0.46,855.52,0.4,230.0,0.47,838.65,0.39,226.08,0.48,1099.34,0.38,383.0,0.49,1050.36
2026-01-07 12:31:34.934000+00:00,2026-01-07 12:31:32.589629+00:00,94.934,0.565,0.56,0.57,0.435,0.43,0.44,197.87,150.0,161.0,197.87,0.55,353.0,0.58,250.0,0.54,855.52,0.59,644.0,0.53,838.65,0.6,205.0,0.52,1099.34,0.61,226.08,0.51,1050.36,0.62,383.0,0.42,250.0,0.45,353.0,0.41,644.0,0.46,855.52,0.4,205.0,0.47,838.65,0.39,226.08,0.48,1099.34,0.38,383.0,0.49,1050.36
2026-01-07 12:31:35.971000+00:00,2026-01-07 12:31:33.596717+00:00,95.971,0.565,0.56,0.57,0.435,0.43,0.44,187.87,101.0,101.0,187.87,0.55,348.0,0.58,250.0,0.54,855.52,0.59,644.0,0.53,838.65,0.6,205.0,0.52,1099.34,0.61,206.08,0.51,1050.36,0.62,403.0,0.42,250.0,0.45,348.0,0.41,644.0,0.46,855.52,0.4,205.0,0.47,838.65,0.39,206.08,0.48,1099.34,0.38,403.0,0.49,1050.36
2026-01-07 12:31:36.985000+00:00,2026-01-07 12:31:34.606373+00:00,96.985,0.565,0.56,0.57,0.435,0.43,0.44,197.87,69.18,69.18,197.87,0.55,318.0,0.58,185.0,0.54,825.52,0.59,684.0,0.53,838.65,0.6,175.0,0.52,1099.34,0.61,226.08,0.51,1001.36,0.62,383.0,0.42,185.0,0.45,328.0,0.41,704.0,0.46,855.52,0.4,175.0,0.47,838.65,0.39,236.08,0.48,1147.34,0.38,383.0,0.49,1001.36
2026-01-07 12:31:37.961000+00:00,2026-01-07 12:31:35.613912+00:00,97.961,0.565,0.56,0.57,0.435,0.43,0.44,187.87,89.18,89.18,187.87,0.55,308.0,0.58,250.0,0.54,865.52,0.59,644.0,0.53,838.65,0.6,175.0,0.52,1185.74,0.61,236.08,0.51,963.26,0.62,383.0,0.42,250.0,0.45,308.0,0.41,644.0,0.46,865.52,0.4,175.0,0.47,838.65,0.39,236.08,0.48,1185.74,0.38,383.0,0.49,963.26
2026-01-07 12:31:39.987000+00:00,2026-01-07 12:31:37.640876+00:00,99.987,0.565,0.56,0.57,0.435,0.43,0.44,212.87,11.0,11.0,212.87,0.55,333.0,0.58,125.0,0.54,845.52,0.59,684.0,0.53,885.65,0.6,175.0,0.52,1137.74,0.61,236.08,0.51,963.26,0.62,383.0,0.42,125.0,0.45,328.0,0.41,684.0,0.46,845.52,0.4,175.0,0.47,885.65,0.39,236.08,0.48,1137.74,0.38,383.0,0.49,963.26
2026-01-07 12:31:41.014000+00:00,2026-01-07 12:31:38.647155+00:00,101.014,0.565,0.56,0.57,0.435,0.43,0.44,347.0,1.0,1.0,412.0,0.55,288.0,0.58,40.0,0.54,815.52,0.59,519.0,0.53,838.65,0.6,125.0,0.52,1102.74,0.61,216.08,0.51,963.26,0.62,383.0,0.42,20.0,0.45,338.0,0.41,524.0,0.46,805.52,0.4,260.0,0.47,885.65,0.39,216.08,0.48,1137.74,0.38,393.0,0.49,963.26
2026-01-07 12:31:42.041000+00:00,2026-01-07 12:31:39.653708+00:00,102.041,0.585,0.58,0.59,0.4,0.39,0.41,331.0,454.0,10.0,113.0,0.57,312.0,0.6,165.0,0.56,328.0,0.61,145.08,0.55,328.0,0.62,205.0,0.54,816.52,0.63,299.98,0.53,783.65,0.64,382.0,0.38,10.0,0.42,441.0,0.37,234.98,0.43,307.0,0.36,347.0,0.44,837.0,0.35,383.0,0.45,358.0,0.34,370.05,0.46,301.52
2026-01-07 12:31:43.929000+00:00,2026-01-07 12:31:41.699156+00:00,103.929,0.625,0.62,0.63,0.375,0.37,0.38,135.0,648.98,648.98,135.0,0.61,333.0,0.64,234.0,0.6,323.0,0.65,30.0,0.59,373.0,0.66,375.05,0.58,313.0,0.67,344.0,0.57,382.0,0.68,383.0,0.36,234.0,0.39,333.0,0.35,30.0,0.4,323.0,0.34,375.05,0.41,373.0,0.33,344.0,0.42,313.0,0.32,383.0,0.43,382.0
2026-01-07 12:31:45.077000+00:00,2026-01-07 12:31:42.704543+00:00,105.077,0.625,0.62,0.63,0.375,0.37,0.38,190.0,598.98,598.98,190.0,0.61,348.0,0.64,225.0,0.6,368.0,0.65,30.0,0.59,333.0,0.66,365.05,0.58,293.0,0.67,354.0,0.57,382.0,0.68,383.0,0.36,225.0,0.39,348.0,0.35,30.0,0.4,368.0,0.34,365.05,0.41,333.0,0.33,354.0,0.42,293.0,0.32,383.0,0.43,382.0
2026-01-07 12:31:46.084000+00:00,2026-01-07 12:31:43.712725+00:00,106.084,0.625,0.62,0.63,0.375,0.37,0.38,203.66,588.98,139.98,330.66,0.61,343.0,0.64,280.0,0.6,383.0,0.65,40.0,0.59,323.0,0.66,182.05,0.58,293.0,0.67,354.0,0.57,390.0,0.68,383.0,0.36,95.0,0.39,398.0,0.34,72.05,0.4,395.0,0.33,364.0,0.41,313.0,0.32,348.0,0.42,742.0,0.31,363.0,0.43,327.0
2026-01-07 12:31:47.099000+00:00,2026-01-07 12:31:44.719424+00:00,107.099,0.655,0.65,0.66,0.345,0.34,0.35,363.14,22.05,22.05,363.14,0.64,172.99,0.67,86.0,0.63,268.0,0.68,155.0,0.62,493.0,0.69,35.0,0.61,403.0,0.7,141.0,0.6,328.0,0.71,293.0,0.33,86.0,0.36,172.99,0.32,155.0,0.37,268.0,0.31,35.0,0.38,453.0,0.3,141.0,0.39,403.0,0.29,293.0,0.4,328.0
2026-01-07 12:31:48.069000+00:00,2026-01-07 12:31:45.723843+00:00,108.069,0.655,0.65,0.66,0.345,0.34,0.35,373.14,22.05,192.02,238.0,0.64,167.99,0.67,51.0,0.63,268.0,0.68,200.0,0.62,423.0,0.69,45.0,0.61,403.0,0.7,141.0,0.6,328.0,0.71,293.0,0.33,131.0,0.36,247.99,0.32,95.0,0.37,268.0,0.31,35.0,0.38,433.0,0.3,131.0,0.39,383.0,0.29,293.0,0.4,328.0
2026-01-07 12:31:49.114000+00:00,2026-01-07 12:31:46.731955+00:00,109.114,0.645,0.63,0.66,0.365,0.36,0.37,35.0,791.03,145.0,35.0,0.62,10.0,0.67,319.0,0.61,238.0,0.68,383.0,0.6,353.0,0.69,337.0,0.59,328.0,0.7,379.0,0.58,278.0,0.71,328.0,0.35,95.0,0.38,10.0,0.34,671.03,0.39,238.0,0.33,389.0,0.4,353.0,0.32,383.0,0.41,328.0,0.31,337.0,0.42,278.0
2026-01-07 12:31:50.954000+00:00,2026-01-07 12:31:48.757973+00:00,110.954,0.625,0.62,0.63,0.375,0.37,0.38,35.0,171.19,161.19,35.0,0.61,25.0,0.64,169.0,0.6,210.0,0.65,343.0,0.59,353.0,0.66,390.05,0.58,722.0,0.67,419.0,0.57,202.0,0.68,343.0,0.36,169.0,0.39,25.0,0.35,343.0,0.4,210.0,0.34,390.05,0.41,353.0,0.33,419.0,0.42,722.0,0.32,343.0,0.43,202.0
2026-01-07 12:31:52.146000+00:00,2026-01-07 12:31:49.764555+00:00,112.146,0.6,0.59,0.61,0.405,0.4,0.41,233.0,132.0,197.0,183.0,0.58,163.0,0.62,386.93,0.57,182.0,0.63,295.19,0.56,227.0,0.64,346.0,0.55,273.0,0.65,423.0,0.54,770.52,0.66,405.05,0.39,282.0,0.42,163.0,0.38,468.93,0.43,182.0,0.37,365.19,0.44,183.0,0.36,451.0,0.45,183.0,0.35,438.0,0.46,675.52
2026-01-07 12:31:53.131000+00:00,2026-01-07 12:31:50.771994+00:00,113.131,0.545,0.54,0.55,0.455,0.45,0.46,43.52,210.0,170.0,43.52,0.53,480.65,0.56,170.0,0.52,1125.14,0.57,95.0,0.51,1462.26,0.58,248.0,0.5,527.97,0.59,313.0,0.49,462.61,0.6,777.0,0.44,170.0,0.47,480.65,0.43,95.0,0.48,1125.14,0.42,248.0,0.49,1462.26,0.41,313.0,0.5,527.97,0.4,777.0,0.51,462.61
2026-01-07 12:31:54.164000+00:00,2026-01-07 12:31:51.795664+00:00,114.164,0.545,0.54,0.55,0.455,0.45,0.46,43.52,170.0,170.0,48.52,0.53,475.65,0.56,170.0,0.52,1095.14,0.57,95.0,0.51,1432.26,0.58,248.0,0.5,527.97,0.59,313.0,0.49,411.61,0.6,777.0,0.44,170.0,0.47,535.65,0.43,95.0,0.48,1190.14,0.42,248.0,0.49,1392.26,0.41,313.0,0.5,527.97,0.4,777.0,0.51,411.61
2026-01-07 12:31:55.009000+00:00,2026-01-07 12:31:52.805181+00:00,115.009,0.545,0.54,0.55,0.455,0.45,0.46,98.52,160.0,156.25,98.52,0.53,535.65,0.56,135.0,0.52,1194.34,0.57,130.0,0.51,1372.26,0.58,238.0,0.5,527.97,0.59,323.0,0.49,411.61,0.6,777.0,0.44,135.0,0.47,535.65,0.43,130.0,0.48,1194.34,0.42,238.0,0.49,1372.26,0.41,323.0,0.5,527.97,0.4,777.0,0.51,411.61
2026-01-07 12:31:56.158000+00:00,2026-01-07 12:31:53.826884+00:00,116.158,0.545,0.54,0.55,0.455,0.45,0.46,50.04,110.79,110.79,50.0,0.53,570.65,0.56,165.0,0.52,1169.34,0.57,100.0,0.51,1397.26,0.58,238.0,0.5,527.97,0.59,323.0,0.49,462.61,0.6,862.0,0.44,165.0,0.47,468.56,0.43,100.0,0.48,1169.34,0.42,238.0,0.49,1397.26,0.41,323.0,0.5,527.97,0.4,862.0,0.51,462.61
2026-01-07 12:31:57.142000+00:00,2026-01-07 12:31:54.831519+00:00,117.142,0.545,0.54,0.55,0.455,0.45,0.46,46.26,99.06,89.96,66.26,0.53,468.56,0.56,235.0,0.52,1169.34,0.57,170.0,0.51,1397.26,0.58,308.0,0.5,597.97,0.59,393.0,0.49,573.41,0.6,413.0,0.44,235.0,0.47,468.56,0.43,170.0,0.48,1169.34,0.42,308.0,0.49,1397.26,0.41,393.0,0.5,597.97,0.4,413.0,0.51,573.41
2026-01-07 12:31:58.002000+00:00,2026-01-07 12:31:55.851853+00:00,118.002,0.545,0.54,0.55,0.455,0.45,0.46,66.26,83.96,83.96,71.26,0.53,468.56,0.56,235.0,0.52,1169.34,0.57,170.0,0.51,1397.26,0.58,308.0,0.5,597.97,0.59,393.0,0.49,573.41,0.6,433.0,0.44,235.0,0.47,468.56,0.43,170.0,0.48,1169.34,0.42,308.0,0.49,1397.26,0.41,393.0,0.5,597.97,0.4,433.0,0.51,573.41
2026-01-07 12:31:59.255000+00:00,2026-01-07 12:31:56.873487+00:00,119.255,0.545,0.54,0.55,0.455,0.45,0.46,89.08,73.05,88.05,69.08,0.53,458.56,0.56,200.0,0.52,1139.34,0.57,140.0,0.51,1397.26,0.58,338.0,0.5,597.97,0.59,383.0,0.49,573.41,0.6,433.0,0.44,255.0,0.47,498.56,0.43,120.0,0.48,1099.34,0.42,338.0,0.49,1437.26,0.41,393.0,0.5,597.97,0.4,433.0,0.51,573.41
2026-01-07 12:32:00.168000+00:00,2026-01-07 12:31:57.877195+00:00,120.168,0.545,0.54,0.55,0.455,0.45,0.46,64.08,86.19,86.19,64.08,0.53,473.56,0.56,255.0,0.52,1054.34,0.57,120.0,0.51,1457.26,0.58,338.0,0.5,597.97,0.59,393.0,0.49,573.41,0.6,433.0,0.44,255.0,0.47,473.56,0.43,120.0,0.48,1054.34,0.42,338.0,0.49,1457.26,0.41,393.0,0.5,597.97,0.4,433.0,0.51,573.41
2026-01-07 12:32:01.139000+00:00,2026-01-07 12:31:58.882109+00:00,121.139,0.545,0.54,0.55,0.455,0.45,0.46,64.08,71.19,66.35,64.08,0.53,478.56,0.56,255.0,0.52,1149.34,0.57,569.0,0.51,1397.26,0.58,338.0,0.5,597.97,0.59,393.0,0.49,573.41,0.6,433.0,0.44,255.0,0.47,478.56,0.43,569.0,0.48,1149.34,0.42,338.0,0.49,1397.26,0.41,393.0,0.5,597.97,0.4,433.0,0.51,573.41
2026-01-07 12:32:02.249000+00:00,2026-01-07 12:31:59.886105+00:00,122.249,0.545,0.54,0.55,0.455,0.45,0.46,104.08,66.35,66.35,104.08,0.53,463.56,0.56,255.0,0.52,1194.34,0.57,569.0,0.51,1392.26,0.58,338.0,0.5,597.97,0.59,393.0,0.49,538.41,0.6,433.0,0.44,255.0,0.47,463.56,0.43,569.0,0.48,1194.34,0.42,338.0,0.49,1392.26,0.41,393.0,0.5,597.97,0.4,433.0,0.51,538.41
2026-01-07 12:32:03.272000+00:00,2026-01-07 12:32:00.904196+00:00,123.272,0.555,0.55,0.56,0.445,0.44,0.45,120.0,238.06,238.06,120.0,0.54,259.08,0.57,549.0,0.53,478.56,0.58,308.0,0.52,1134.34,0.59,438.0,0.51,1392.26,0.6,443.0,0.5,597.97,0.61,380.5,0.43,549.0,0.46,259.08,0.42,308.0,0.47,478.56,0.41,468.0,0.48,1104.34,0.4,443.0,0.49,1392.26,0.39,380.5,0.5,597.97
2026-01-07 12:32:04.182000+00:00,2026-01-07 12:32:01.912241+00:00,124.182,0.555,0.55,0.56,0.445,0.44,0.45,90.0,238.06,238.06,90.0,0.54,416.08,0.57,549.0,0.53,600.56,0.58,343.0,0.52,1104.34,0.59,423.0,0.51,1392.26,0.6,433.0,0.5,597.97,0.61,390.5,0.43,549.0,0.46,416.08,0.42,343.0,0.47,600.56,0.41,423.0,0.48,1104.34,0.4,433.0,0.49,1392.26,0.39,390.5,0.5,597.97
2026-01-07 12:32:05.321000+00:00,2026-01-07 12:32:02.935045+00:00,125.321,0.595,0.59,0.6,0.405,0.4,0.41,35.0,185.0,185.0,55.0,0.58,288.0,0.61,165.0,0.57,493.0,0.62,647.02,0.56,313.0,0.63,28.19,0.55,388.0,0.64,248.0,0.54,472.08,0.65,313.0,0.39,165.0,0.42,288.0,0.38,647.02,0.43,413.0,0.37,28.19,0.44,313.0,0.36,248.0,0.45,388.0,0.35,313.0,0.46,392.08
2026-01-07 12:32:06.327000+00:00,2026-01-07 12:32:03.941910+00:00,126.327,0.595,0.59,0.6,0.405,0.4,0.41,55.0,219.83,229.83,55.0,0.58,268.0,0.61,195.0,0.57,363.0,0.62,617.02,0.56,343.0,0.63,35.8,0.55,383.0,0.64,248.0,0.54,392.08,0.65,313.0,0.39,195.0,0.42,268.0,0.38,617.02,0.43,308.0,0.37,35.8,0.44,328.0,0.36,248.0,0.45,383.0,0.35,313.0,0.46,392.08
2026-01-07 12:32:07.346000+00:00,2026-01-07 12:32:04.963968+00:00,127.346,0.575,0.57,0.58,0.425,0.42,0.43,40.0,130.8,130.8,60.0,0.56,235.0,0.59,160.0,0.55,333.0,0.6,219.83,0.54,806.08,0.61,323.0,0.53,646.56,0.62,351.02,0.52,1062.34,0.63,246.19,0.41,160.0,0.44,235.0,0.4,219.83,0.45,333.0,0.39,323.0,0.46,806.08,0.38,351.02,0.47,646.56,0.37,246.19,0.48,1062.34
2026-01-07 12:32:08.363000+00:00,2026-01-07 12:32:05.972291+00:00,128.363,0.595,0.59,0.6,0.385,0.38,0.39,533.0,17.0,9.09,155.0,0.58,505.0,0.61,5.0,0.57,373.0,0.62,9.09,0.56,463.0,0.63,474.0,0.55,383.0,0.64,70.0,0.54,439.78,0.65,129.99,0.37,10.0,0.4,277.0,0.35,187.0,0.41,348.0,0.34,438.0,0.42,495.0,0.33,309.0,0.43,398.0,0.32,303.0,0.44,328.0
2026-01-07 12:32:09.372000+00:00,2026-01-07 12:32:06.994758+00:00,129.372,0.645,0.64,0.65,0.355,0.35,0.36,75.0,115.0,180.0,35.0,0.63,150.0,0.66,150.0,0.62,363.0,0.67,181.0,0.61,333.0,0.68,298.0,0.6,313.0,0.69,303.0,0.59,278.0,0.7,309.0,0.34,95.0,0.37,115.0,0.33,161.0,0.38,358.0,0.32,298.0,0.39,333.0,0.31,293.0,0.4,313.0,0.3,309.0,0.41,278.0
2026-01-07 12:32:10.361000+00:00,2026-01-07 12:32:08.000408+00:00,130.361,0.645,0.64,0.65,0.355,0.35,0.36,35.0,192.3,192.3,35.0,0.63,50.0,0.66,95.0,0.62,358.0,0.67,323.0,0.61,363.0,0.68,268.0,0.6,333.0,0.69,293.0,0.59,278.0,0.7,309.0,0.34,95.0,0.37,30.0,0.33,323.0,0.38,358.0,0.32,268.0,0.39,373.0,0.31,293.0,0.4,343.0,0.3,309.0,0.41,278.0
2026-01-07 12:32:11.409000+00:00,2026-01-07 12:32:09.002944+00:00,131.409,0.645,0.64,0.65,0.355,0.35,0.36,25.0,207.3,207.3,30.0,0.63,170.0,0.66,130.0,0.62,120.0,0.67,359.0,0.61,383.0,0.68,293.0,0.6,333.0,0.69,293.0,0.59,313.0,0.7,309.0,0.34,130.0,0.37,170.0,0.33,359.0,0.38,150.0,0.32,293.0,0.39,383.0,0.31,293.0,0.4,333.0,0.3,309.0,0.41,313.0
2026-01-07 12:32:12.403000+00:00,2026-01-07 12:32:10.021501+00:00,132.403,0.645,0.64,0.65,0.355,0.35,0.36,25.0,227.3,222.3,20.0,0.63,180.0,0.66,200.0,0.62,150.0,0.67,419.0,0.61,373.0,0.68,373.0,0.6,333.0,0.69,363.0,0.59,832.0,0.7,379.0,0.34,200.0,0.37,180.0,0.33,419.0,0.38,145.0,0.32,373.0,0.39,343.0,0.31,363.0,0.4,313.0,0.3,379.0,0.41,832.0
2026-01-07 12:32:13.149000+00:00,2026-01-07 12:32:11.044836+00:00,133.149,0.635,0.63,0.64,0.365,0.36,0.37,175.0,20.0,20.0,175.0,0.62,195.0,0.65,230.76,0.61,353.0,0.66,210.0,0.6,313.0,0.67,419.0,0.59,832.0,0.68,373.0,0.58,308.0,0.69,363.0,0.35,230.76,0.38,195.0,0.34,210.0,0.39,353.0,0.33,419.0,0.4,313.0,0.32,373.0,0.41,832.0,0.31,363.0,0.42,308.0
2026-01-07 12:32:14.265000+00:00,2026-01-07 12:32:12.051379+00:00,134.265,0.635,0.63,0.64,0.365,0.36,0.37,180.0,20.0,20.0,180.0,0.62,195.0,0.65,230.76,0.61,353.0,0.66,210.0,0.6,313.0,0.67,419.0,0.59,832.0,0.68,393.0,0.58,308.0,0.69,363.0,0.35,230.76,0.38,195.0,0.34,210.0,0.39,353.0,0.33,419.0,0.4,313.0,0.32,393.0,0.41,832.0,0.31,363.0,0.42,308.0
2026-01-07 12:32:15.446000+00:00,2026-01-07 12:32:13.072556+00:00,135.446,0.645,0.64,0.65,0.355,0.35,0.36,25.0,180.76,210.76,25.0,0.63,163.4,0.66,230.0,0.62,165.0,0.67,419.0,0.61,353.0,0.68,393.0,0.6,313.0,0.69,363.0,0.59,832.0,0.7,379.0,0.34,230.0,0.37,183.4,0.33,419.0,0.38,175.0,0.32,393.0,0.39,353.0,0.31,363.0,0.4,313.0,0.3,379.0,0.41,832.0
2026-01-07 12:32:16.405000+00:00,2026-01-07 12:32:14.077782+00:00,136.405,0.645,0.64,0.65,0.355,0.35,0.36,10.16,659.76,657.82,10.16,0.63,183.4,0.66,230.0,0.62,175.0,0.67,419.0,0.61,353.0,0.68,393.0,0.6,313.0,0.69,363.0,0.59,832.0,0.7,379.0,0.34,230.0,0.37,183.4,0.33,419.0,0.38,175.0,0.32,393.0,0.39,353.0,0.31,363.0,0.4,313.0,0.3,379.0,0.41,832.0
2026-01-07 12:32:17.457000+00:00,2026-01-07 12:32:15.083181+00:00,137.457,0.645,0.64,0.65,0.355,0.35,0.36,10.16,657.82,657.82,10.16,0.63,198.4,0.66,230.0,0.62,185.0,0.67,419.0,0.61,343.0,0.68,393.0,0.6,313.0,0.69,363.0,0.59,832.0,0.7,379.0,0.34,230.0,0.37,183.4,0.33,419.0,0.38,185.0,0.32,393.0,0.39,343.0,0.31,363.0,0.4,313.0,0.3,379.0,0.41,832.0
2026-01-07 12:32:18.393000+00:00,2026-01-07 12:32:16.104853+00:00,138.393,0.645,0.64,0.65,0.355,0.35,0.36,10.16,633.13,633.13,10.16,0.63,183.4,0.66,230.0,0.62,185.0,0.67,467.2,0.61,343.0,0.68,393.0,0.6,383.0,0.69,363.0,0.59,832.0,0.7,379.0,0.34,230.0,0.37,183.4,0.33,467.2,0.38,185.0,0.32,393.0,0.39,343.0,0.31,363.0,0.4,383.0,0.3,379.0,0.41,832.0
2026-01-07 12:32:19.482000+00:00,2026-01-07 12:32:17.108849+00:00,139.482,0.645,0.64,0.65,0.355,0.35,0.36,175.16,457.0,457.0,170.16,0.63,178.4,0.66,285.0,0.62,155.0,0.67,497.2,0.61,374.0,0.68,383.0,0.6,383.0,0.69,373.0,0.59,832.0,0.7,379.0,0.34,285.0,0.37,178.4,0.33,497.2,0.38,155.0,0.32,383.0,0.39,374.0,0.31,373.0,0.4,383.0,0.3,379.0,0.41,832.0
2026-01-07 12:32:20.498000+00:00,2026-01-07 12:32:18.113806+00:00,140.498,0.645,0.64,0.65,0.355,0.35,0.36,235.16,447.0,447.0,235.16,0.63,296.4,0.67,299.2,0.62,343.0,0.68,304.99,0.61,403.0,0.69,373.0,0.6,383.0,0.7,389.0,0.59,328.0,0.71,363.0,0.33,299.2,0.37,296.4,0.32,304.99,0.38,343.0,0.31,373.0,0.39,403.0,0.3,389.0,0.4,383.0,0.29,363.0,0.41,328.0
2026-01-07 12:32:21.519000+00:00,2026-01-07 12:32:19.134940+00:00,141.519,0.645,0.64,0.65,0.355,0.35,0.36,172.54,482.0,482.0,172.54,0.63,301.4,0.66,40.0,0.62,393.0,0.67,319.2,0.61,403.0,0.68,249.99,0.6,383.0,0.69,363.0,0.59,328.0,0.7,379.0,0.34,40.0,0.37,301.4,0.33,319.2,0.38,393.0,0.32,249.99,0.39,403.0,0.31,363.0,0.4,383.0,0.3,379.0,0.41,328.0
2026-01-07 12:32:22.490000+00:00,2026-01-07 12:32:20.141299+00:00,142.49,0.645,0.64,0.65,0.355,0.35,0.36,172.54,482.0,482.0,172.54,0.63,301.4,0.66,145.0,0.62,393.0,0.67,294.2,0.61,403.0,0.68,274.99,0.6,383.0,0.69,363.0,0.59,328.0,0.7,379.0,0.34,145.0,0.37,301.4,0.33,294.2,0.38,393.0,0.32,274.99,0.39,413.0,0.31,363.0,0.4,383.0,0.3,379.0,0.41,328.0
2026-01-07 12:32:23.530000+00:00,2026-01-07 12:32:21.141923+00:00,143.53,0.655,0.65,0.66,0.345,0.34,0.35,175.0,135.0,135.0,200.0,0.64,318.0,0.67,254.2,0.63,316.4,0.68,269.99,0.62,383.0,0.69,190.0,0.61,832.0,0.7,379.0,0.6,363.0,0.71,363.0,0.33,289.2,0.36,348.0,0.32,250.0,0.37,316.4,0.31,220.0,0.38,353.0,0.3,379.0,0.39,832.0,0.29,363.0,0.4,363.0
2026-01-07 12:32:24.527000+00:00,2026-01-07 12:32:22.143750+00:00,144.527,0.665,0.66,0.67,0.335,0.33,0.34,215.63,31.0,31.0,479.63,0.65,376.0,0.69,75.0,0.64,343.0,0.7,131.0,0.63,750.4,0.71,393.0,0.62,313.0,0.72,393.0,0.61,328.0,0.73,328.0,0.31,474.0,0.35,348.0,0.3,66.0,0.36,393.0,0.29,373.0,0.37,341.4,0.28,318.0,0.38,313.0,0.27,258.0,0.39,328.0
2026-01-07 12:32:25.530000+00:00,2026-01-07 12:32:23.163673+00:00,145.53,0.685,0.68,0.69,0.315,0.31,0.32,159.0,449.0,449.0,159.0,0.67,328.0,0.7,71.0,0.66,403.0,0.71,170.0,0.65,333.0,0.72,135.0,0.64,422.0,0.73,303.0,0.63,316.4,0.74,407.0,0.3,71.0,0.33,328.0,0.29,170.0,0.34,403.0,0.28,135.0,0.35,333.0,0.27,303.0,0.36,422.0,0.26,407.0,0.37,316.4
2026-01-07 12:32:26.522000+00:00,2026-01-07 12:32:24.169169+00:00,146.522,0.685,0.68,0.69,0.315,0.31,0.32,159.0,442.04,442.04,157.13,0.67,328.0,0.7,71.0,0.66,403.0,0.71,170.0,0.65,333.0,0.72,176.5,0.64,422.0,0.73,303.0,0.63,316.4,0.74,407.0,0.3,71.0,0.33,333.0,0.29,170.0,0.34,403.0,0.28,176.5,0.35,333.0,0.27,303.0,0.36,422.0,0.26,407.0,0.37,316.4
2026-01-07 12:32:27.454000+00:00,2026-01-07 12:32:25.172302+00:00,147.454,0.685,0.68,0.69,0.315,0.31,0.32,137.63,441.24,441.24,137.63,0.67,333.0,0.7,86.0,0.66,403.0,0.71,170.0,0.65,344.0,0.72,186.5,0.64,383.0,0.73,293.0,0.63,356.4,0.74,407.0,0.3,76.0,0.33,328.0,0.29,170.0,0.34,403.0,0.28,186.5,0.35,344.0,0.27,293.0,0.36,383.0,0.26,407.0,0.37,356.4
2026-01-07 12:32:28.530000+00:00,2026-01-07 12:32:26.191981+00:00,148.53,0.685,0.68,0.69,0.315,0.31,0.32,128.13,449.35,449.35,123.13,0.67,333.0,0.7,146.0,0.66,403.0,0.71,240.0,0.65,344.0,0.72,256.5,0.64,383.0,0.73,363.0,0.63,356.4,0.74,407.0,0.3,281.0,0.33,333.0,0.29,200.0,0.34,403.0,0.28,256.5,0.35,344.0,0.27,363.0,0.36,832.0,0.26,407.0,0.37,356.4
2026-01-07 12:32:29.597000+00:00,2026-01-07 12:32:27.197201+00:00,149.597,0.665,0.66,0.67,0.335,0.33,0.34,55.0,185.0,185.0,55.0,0.65,61.0,0.68,110.0,0.64,792.0,0.69,669.35,0.63,281.4,0.7,374.0,0.62,383.0,0.71,383.0,0.61,328.0,0.72,404.5,0.32,95.0,0.35,81.0,0.31,669.35,0.36,792.0,0.3,374.0,0.37,281.4,0.29,383.0,0.38,383.0,0.28,404.5,0.39,328.0
2026-01-07 12:32:30.598000+00:00,2026-01-07 12:32:28.204555+00:00,150.598,0.655,0.65,0.66,0.345,0.34,0.35,58.39,175.0,175.0,58.39,0.64,193.0,0.67,110.0,0.63,301.4,0.68,130.0,0.62,303.0,0.69,358.0,0.61,404.0,0.7,399.0,0.6,339.9,0.71,363.0,0.33,110.0,0.36,193.0,0.32,160.0,0.37,301.4,0.31,358.0,0.38,303.0,0.3,399.0,0.39,404.0,0.29,363.0,0.4,339.9
2026-01-07 12:32:31.595000+00:00,2026-01-07 12:32:29.212277+00:00,151.595,0.655,0.65,0.66,0.345,0.34,0.35,58.39,195.0,190.0,23.39,0.64,223.0,0.67,105.0,0.63,336.4,0.68,130.0,0.62,333.0,0.69,409.5,0.61,248.0,0.7,399.0,0.6,315.0,0.71,393.0,0.33,105.0,0.36,223.0,0.32,217.0,0.37,301.4,0.31,389.5,0.38,288.0,0.3,399.0,0.39,697.0,0.29,358.0,0.4,245.0
2026-01-07 12:32:32.534000+00:00,2026-01-07 12:32:30.221151+00:00,152.534,0.655,0.65,0.66,0.345,0.34,0.35,28.39,227.42,227.42,28.39,0.64,15.0,0.67,115.0,0.63,195.98,0.68,313.0,0.62,298.0,0.69,454.5,0.61,687.0,0.7,409.0,0.6,238.0,0.71,328.0,0.33,115.0,0.36,15.0,0.32,313.0,0.37,195.98,0.31,454.5,0.38,278.0,0.3,399.0,0.39,687.0,0.29,328.0,0.4,238.0
2026-01-07 12:32:33.631000+00:00,2026-01-07 12:32:31.246032+00:00,153.631,0.655,0.65,0.66,0.345,0.34,0.35,28.39,206.42,186.42,28.39,0.64,15.0,0.67,115.0,0.63,185.98,0.68,313.0,0.62,278.0,0.69,423.0,0.61,687.0,0.7,447.6,0.6,280.0,0.71,328.0,0.33,195.0,0.36,35.0,0.32,383.0,0.37,165.98,0.31,393.0,0.38,278.0,0.3,447.6,0.39,687.0,0.29,328.0,0.4,280.0
2026-01-07 12:32:34.206000+00:00,2026-01-07 12:32:32.251089+00:00,154.206,0.655,0.65,0.66,0.345,0.34,0.35,22.67,176.42,176.42,22.67,0.64,81.01,0.67,215.0,0.63,158.4,0.68,383.0,0.62,278.0,0.69,393.0,0.61,687.0,0.7,447.6,0.6,280.0,0.71,328.0,0.33,225.0,0.36,81.01,0.32,383.0,0.37,158.4,0.31,393.0,0.38,278.0,0.3,447.6,0.39,757.0,0.29,328.0,0.4,280.0
2026-01-07 12:32:35.464000+00:00,2026-01-07 12:32:33.260069+00:00,155.464,0.655,0.65,0.66,0.345,0.34,0.35,22.67,185.62,185.62,22.67,0.64,55.0,0.67,225.0,0.63,167.4,0.68,383.0,0.62,278.0,0.69,393.0,0.61,757.0,0.7,447.6,0.6,350.0,0.71,328.0,0.33,674.0,0.36,35.0,0.32,383.0,0.37,167.4,0.31,393.0,0.38,278.0,0.3,447.6,0.39,757.0,0.29,328.0,0.4,350.0
2026-01-07 12:32:36.648000+00:00,2026-01-07 12:32:34.279827+00:00,156.648,0.655,0.65,0.66,0.345,0.34,0.35,156.67,69.0,49.0,191.67,0.64,135.0,0.67,684.0,0.63,128.4,0.68,383.0,0.62,268.0,0.69,383.0,0.61,757.0,0.7,447.6,0.6,350.0,0.71,328.0,0.33,569.0,0.36,95.0,0.32,423.0,0.37,118.4,0.31,438.0,0.38,268.0,0.3,457.6,0.39,798.0,0.29,338.0,0.4,308.0
2026-01-07 12:32:37.676000+00:00,2026-01-07 12:32:35.288775+00:00,157.676,0.655,0.65,0.66,0.345,0.34,0.35,374.88,14.0,14.0,396.88,0.64,227.0,0.67,20.0,0.63,245.4,0.68,318.0,0.62,293.0,0.69,378.0,0.61,308.0,0.7,384.0,0.6,313.3,0.71,363.0,0.33,20.0,0.36,297.0,0.32,318.0,0.37,310.4,0.31,378.0,0.38,403.0,0.3,384.0,0.39,308.0,0.29,363.0,0.4,313.3
2026-01-07 12:32:38.655000+00:00,2026-01-07 12:32:36.306914+00:00,158.655,0.665,0.66,0.67,0.335,0.33,0.34,325.01,20.0,20.0,325.01,0.65,368.88,0.68,135.0,0.64,313.0,0.69,195.0,0.63,301.4,0.7,201.0,0.62,403.0,0.71,180.0,0.61,273.0,0.72,393.0,0.32,135.0,0.35,358.88,0.31,160.0,0.36,313.0,0.3,191.0,0.37,301.4,0.29,180.0,0.38,403.0,0.28,383.0,0.39,273.0
2026-01-07 12:32:39.707000+00:00,2026-01-07 12:32:37.312443+00:00,159.707,0.665,0.66,0.67,0.345,0.34,0.35,5.0,228.0,135.0,55.0,0.65,55.0,0.68,115.0,0.64,248.0,0.69,130.0,0.63,337.41,0.7,399.0,0.62,782.0,0.71,363.0,0.61,258.0,0.72,397.0,0.33,188.0,0.36,257.0,0.32,115.0,0.37,326.4,0.31,200.0,0.38,782.0,0.3,399.0,0.39,258.0,0.29,363.0,0.4,308.5
2026-01-07 12:32:40.608000+00:00,2026-01-07 12:32:38.315092+00:00,160.608,0.655,0.65,0.66,0.345,0.34,0.35,20.0,208.0,208.0,20.0,0.64,302.0,0.67,150.0,0.63,301.4,0.68,190.0,0.62,772.0,0.69,200.0,0.61,258.0,0.7,399.0,0.6,343.5,0.71,363.0,0.33,220.0,0.36,302.0,0.32,190.0,0.37,301.4,0.31,200.0,0.38,772.0,0.3,399.0,0.39,258.0,0.29,363.0,0.4,343.5
2026-01-07 12:32:41.649000+00:00,2026-01-07 12:32:39.323284+00:00,161.649,0.655,0.65,0.66,0.355,0.34,0.37,20.0,194.84,264.84,25.0,0.63,208.0,0.67,297.0,0.62,382.0,0.68,337.0,0.61,233.0,0.69,383.0,0.6,273.5,0.7,399.0,0.59,687.0,0.71,328.0,0.33,358.0,0.38,199.0,0.32,398.0,0.39,233.0,0.31,383.0,0.4,273.5,0.3,399.0,0.41,687.0,0.29,328.0,0.42,313.0
2026-01-07 12:32:42.729000+00:00,2026-01-07 12:32:40.343135+00:00,162.729,0.635,0.63,0.64,0.365,0.36,0.37,25.0,140.0,140.0,25.0,0.62,179.0,0.65,200.0,0.61,233.0,0.66,169.84,0.6,248.0,0.67,383.0,0.59,687.0,0.68,433.9,0.58,355.0,0.69,390.61,0.35,210.0,0.38,189.0,0.34,169.84,0.39,233.0,0.33,383.0,0.4,248.0,0.32,433.9,0.41,687.0,0.31,390.61,0.42,355.0
2026-01-07 12:32:43.720000+00:00,2026-01-07 12:32:41.350403+00:00,163.72,0.625,0.62,0.63,0.375,0.37,0.38,110.0,135.0,135.0,110.0,0.61,319.01,0.64,95.0,0.6,268.0,0.65,195.0,0.59,687.0,0.66,169.84,0.58,280.0,0.67,383.0,0.57,328.0,0.68,433.9,0.36,95.0,0.39,319.01,0.35,205.0,0.4,268.0,0.34,169.84,0.41,687.0,0.33,383.0,0.42,280.0,0.32,433.9,0.43,328.0
2026-01-07 12:32:44.722000+00:00,2026-01-07 12:32:42.354379+00:00,164.722,0.655,0.65,0.66,0.345,0.34,0.35,139.0,444.0,418.77,139.0,0.64,313.0,0.67,35.0,0.63,288.0,0.68,71.0,0.62,767.0,0.69,333.0,0.61,424.0,0.7,324.0,0.6,308.0,0.71,323.0,0.33,35.0,0.36,313.0,0.32,71.0,0.37,288.0,0.31,333.0,0.38,767.0,0.3,254.0,0.39,424.0,0.29,323.0,0.4,308.0
2026-01-07 12:32:45.574000+00:00,2026-01-07 12:32:43.357321+00:00,165.574,0.655,0.65,0.66,0.345,0.34,0.35,124.0,352.77,352.77,124.0,0.64,313.0,0.67,35.0,0.63,288.0,0.68,71.0,0.62,762.0,0.69,333.0,0.61,424.0,0.7,254.0,0.6,308.0,0.71,373.0,0.33,60.0,0.36,323.0,0.32,121.0,0.37,308.0,0.31,333.0,0.38,762.0,0.3,264.0,0.39,424.0,0.29,238.0,0.4,273.0
2026-01-07 12:32:46.623000+00:00,2026-01-07 12:32:44.347768+00:00,166.623,0.675,0.67,0.68,0.325,0.32,0.33,145.01,101.0,101.0,145.01,0.66,252.0,0.69,65.0,0.65,313.0,0.7,141.0,0.64,353.0,0.71,248.0,0.63,323.0,0.72,293.0,0.62,408.0,0.73,300.58,0.31,65.0,0.34,313.0,0.3,141.0,0.35,313.0,0.29,65.0,0.36,353.0,0.28,293.0,0.37,323.0,0.27,300.58,0.38,408.0
2026-01-07 12:32:47.697000+00:00,2026-01-07 12:32:45.369980+00:00,167.697,0.685,0.68,0.69,0.315,0.31,0.32,130.0,35.0,35.0,135.5,0.67,318.01,0.7,76.0,0.66,363.0,0.71,150.0,0.65,353.0,0.72,95.0,0.64,871.0,0.73,300.58,0.63,328.0,0.74,317.0,0.3,76.0,0.33,318.01,0.29,150.0,0.34,363.0,0.28,95.0,0.35,353.0,0.27,300.58,0.36,871.0,0.26,317.0,0.37,328.0
2026-01-07 12:32:48.745000+00:00,2026-01-07 12:32:46.379510+00:00,168.745,0.685,0.68,0.69,0.315,0.31,0.32,277.5,35.0,20.0,329.0,0.67,318.01,0.7,76.0,0.66,401.0,0.71,170.0,0.65,353.0,0.72,95.0,0.64,383.0,0.73,300.58,0.63,328.0,0.74,317.0,0.3,56.0,0.33,318.01,0.29,75.0,0.34,401.0,0.28,190.0,0.35,423.0,0.27,117.58,0.36,383.0,0.26,317.0,0.37,328.0
2026-01-07 12:32:49.553000+00:00,2026-01-07 12:32:47.384390+00:00,169.553,0.695,0.69,0.7,0.305,0.3,0.31,262.0,61.0,61.0,323.0,0.68,289.0,0.71,150.0,0.67,373.01,0.72,156.5,0.66,451.0,0.73,102.58,0.65,852.0,0.74,134.0,0.64,328.0,0.75,363.0,0.29,150.0,0.32,289.0,0.28,156.5,0.33,373.01,0.27,102.58,0.34,451.0,0.26,134.0,0.35,852.0,0.25,363.0,0.36,328.0
2026-01-07 12:32:50.710000+00:00,2026-01-07 12:32:48.379944+00:00,170.71,0.695,0.69,0.7,0.305,0.3,0.31,308.0,61.0,61.0,348.0,0.68,289.0,0.71,50.0,0.67,373.01,0.72,196.5,0.66,451.0,0.73,172.58,0.65,852.0,0.74,204.0,0.64,328.0,0.75,363.0,0.29,50.0,0.32,289.0,0.28,196.5,0.33,373.01,0.27,172.58,0.34,413.0,0.26,204.0,0.35,852.0,0.25,363.0,0.36,328.0
2026-01-07 12:32:51.783000+00:00,2026-01-07 12:32:49.402886+00:00,171.783,0.695,0.69,0.7,0.305,0.3,0.31,499.0,13.85,13.85,499.0,0.68,354.0,0.73,95.08,0.67,842.01,0.74,284.0,0.66,383.0,0.75,343.0,0.65,403.0,0.76,373.0,0.64,328.0,0.77,363.0,0.27,95.08,0.32,354.0,0.26,224.0,0.33,842.01,0.25,85.0,0.34,383.0,0.24,373.0,0.35,403.0,0.23,363.0,0.36,328.0
2026-01-07 12:32:52.744000+00:00,2026-01-07 12:32:50.409489+00:00,172.744,0.725,0.72,0.73,0.275,0.27,0.28,353.0,30.77,5.77,363.0,0.71,303.0,0.74,523.0,0.7,264.15,0.75,20.0,0.69,413.0,0.76,215.0,0.68,379.0,0.77,155.0,0.67,338.01,0.78,363.0,0.26,473.0,0.29,318.0,0.25,85.0,0.3,350.15,0.24,235.0,0.31,378.0,0.23,155.0,0.32,379.0,0.22,373.0,0.33,338.01
2026-01-07 12:32:53.797000+00:00,2026-01-07 12:32:51.435073+00:00,173.797,0.725,0.72,0.73,0.255,0.25,0.26,347.27,5.77,85.0,20.0,0.71,363.0,0.74,24.0,0.7,314.15,0.75,85.0,0.69,373.0,0.76,180.0,0.68,379.0,0.77,85.0,0.67,338.01,0.78,303.0,0.24,180.0,0.27,156.0,0.23,122.3,0.28,338.0,0.22,120.0,0.29,353.0,0.21,323.0,0.3,314.15,0.2,448.0,0.31,373.0
2026-01-07 12:32:54.817000+00:00,2026-01-07 12:32:52.441711+00:00,174.817,0.745,0.74,0.75,0.255,0.25,0.26,85.0,60.26,60.26,85.0,0.73,313.0,0.76,170.0,0.72,333.0,0.77,132.3,0.71,388.0,0.78,110.0,0.7,314.15,0.79,323.0,0.69,373.0,0.8,448.0,0.24,170.0,0.27,313.0,0.23,132.3,0.28,333.0,0.22,110.0,0.29,388.0,0.21,323.0,0.3,314.15,0.2,448.0,0.31,373.0
2026-01-07 12:32:55.842000+00:00,2026-01-07 12:32:53.465287+00:00,175.842,0.745,0.74,0.75,0.255,0.25,0.26,5.0,205.26,203.52,5.0,0.73,338.0,0.76,200.0,0.72,363.5,0.77,192.3,0.71,323.0,0.78,190.0,0.7,330.15,0.79,393.0,0.69,373.0,0.8,448.0,0.24,220.0,0.27,338.0,0.23,192.3,0.28,363.5,0.22,312.0,0.29,323.0,0.21,393.0,0.3,330.15,0.2,448.0,0.31,373.0
2026-01-07 12:32:56.855000+00:00,2026-01-07 12:32:54.472022+00:00,176.855,0.725,0.72,0.73,0.275,0.27,0.28,36.75,366.3,366.3,5.5,0.71,183.0,0.74,387.0,0.7,169.15,0.75,395.52,0.69,203.0,0.76,322.0,0.68,309.0,0.77,339.3,0.67,224.01,0.78,442.0,0.26,387.0,0.3,169.15,0.25,395.52,0.31,203.0,0.24,322.0,0.32,309.0,0.23,400.3,0.33,279.01,0.22,442.0,0.34,306.0
2026-01-07 12:32:57.755000+00:00,2026-01-07 12:32:55.467243+00:00,177.755,0.695,0.69,0.7,0.305,0.3,0.31,20.0,195.0,200.0,20.0,0.68,126.0,0.71,140.0,0.67,249.01,0.72,115.0,0.66,336.0,0.73,226.3,0.65,736.0,0.74,383.0,0.64,238.0,0.75,371.52,0.29,140.0,0.32,126.0,0.28,115.0,0.33,249.01,0.27,226.3,0.34,326.0,0.26,383.0,0.35,736.0,0.25,371.52,0.36,238.0
2026-01-07 12:32:58.494000+00:00,2026-01-07 12:32:56.474139+00:00,178.494,0.695,0.69,0.7,0.305,0.3,0.31,40.0,135.0,135.0,45.0,0.68,181.0,0.71,175.0,0.67,254.01,0.72,115.0,0.66,276.0,0.73,216.3,0.65,736.0,0.74,383.0,0.64,238.0,0.75,371.52,0.29,185.0,0.32,186.0,0.28,115.0,0.33,244.01,0.27,216.3,0.34,276.0,0.26,383.0,0.35,736.0,0.25,371.52,0.36,238.0
2026-01-07 12:32:59.879000+00:00,2026-01-07 12:32:57.497031+00:00,179.879,0.705,0.7,0.71,0.295,0.29,0.3,26.0,175.0,175.0,81.0,0.69,232.0,0.72,70.0,0.68,362.0,0.73,585.3,0.67,294.01,0.74,357.0,0.66,795.0,0.75,303.0,0.65,308.0,0.76,238.0,0.28,70.0,0.31,303.0,0.27,585.3,0.32,413.0,0.26,357.0,0.33,224.01,0.25,303.0,0.34,725.0,0.24,238.0,0.35,238.0
2026-01-07 12:33:00.830000+00:00,2026-01-07 12:32:58.500678+00:00,180.83,0.705,0.7,0.71,0.295,0.29,0.3,122.0,230.0,230.0,1.73,0.69,180.67,0.72,40.0,0.68,333.0,0.73,126.3,0.67,244.01,0.74,427.0,0.66,687.0,0.75,363.0,0.65,276.0,0.76,308.0,0.28,40.0,0.31,180.67,0.27,126.3,0.32,333.0,0.26,427.0,0.33,244.01,0.25,363.0,0.34,687.0,0.24,308.0,0.35,276.0
2026-01-07 12:33:01.852000+00:00,2026-01-07 12:32:59.492811+00:00,181.852,0.705,0.7,0.71,0.295,0.29,0.3,1.73,289.0,324.0,1.73,0.69,160.67,0.72,30.0,0.68,343.0,0.73,248.3,0.67,254.01,0.74,383.0,0.66,735.0,0.75,363.0,0.65,238.0,0.76,308.0,0.28,30.0,0.31,160.67,0.27,248.3,0.32,348.0,0.26,383.0,0.33,264.01,0.25,363.0,0.34,735.0,0.24,308.0,0.35,238.0
2026-01-07 12:33:02.604000+00:00,2026-01-07 12:33:00.500340+00:00,182.604,0.695,0.69,0.7,0.305,0.3,0.31,45.0,93.31,91.88,45.0,0.68,180.0,0.71,234.0,0.67,81.01,0.72,40.0,0.66,735.0,0.73,309.3,0.65,238.0,0.74,383.0,0.64,238.0,0.75,363.0,0.29,234.0,0.32,180.0,0.28,40.0,0.33,81.01,0.27,309.3,0.34,735.0,0.26,383.0,0.35,238.0,0.25,363.0,0.36,238.0
2026-01-07 12:33:03.897000+00:00,2026-01-07 12:33:01.509906+00:00,183.897,0.675,0.67,0.68,0.325,0.32,0.33,11.01,95.0,191.0,11.01,0.63,183.0,0.69,1155.0,0.62,233.0,0.7,457.0,0.61,283.0,0.71,463.0,0.6,717.0,0.72,288.0,0.59,278.0,0.73,344.3,0.31,1087.0,0.38,50.0,0.3,492.0,0.39,100.0,0.29,463.0,0.4,717.0,0.28,288.0,0.41,278.0,0.27,437.3,0.42,335.0
2026-01-07 12:33:04.898000+00:00,2026-01-07 12:33:02.520326+00:00,184.898,0.63,0.62,0.64,0.365,0.36,0.37,172.15,135.0,185.0,20.0,0.61,237.0,0.65,115.0,0.6,238.0,0.66,368.0,0.59,258.0,0.67,298.0,0.58,335.0,0.68,313.0,0.57,258.0,0.69,362.0,0.35,170.0,0.38,107.15,0.34,323.0,0.39,666.0,0.33,288.0,0.4,258.0,0.32,313.0,0.41,278.0,0.31,327.0,0.42,335.0
2026-01-07 12:33:05.922000+00:00,2026-01-07 12:33:03.538490+00:00,185.922,0.625,0.62,0.63,0.375,0.37,0.38,115.0,85.0,98.0,115.0,0.61,554.0,0.64,145.0,0.6,75.0,0.65,317.0,0.59,278.0,0.66,772.0,0.58,335.0,0.67,323.0,0.57,329.6,0.68,278.0,0.36,145.0,0.39,593.9,0.35,378.0,0.4,75.0,0.34,772.0,0.41,95.0,0.33,323.0,0.42,335.0,0.32,278.0,0.43,329.6
2026-01-07 12:33:06.929000+00:00,2026-01-07 12:33:04.547435+00:00,186.929,0.625,0.62,0.63,0.375,0.37,0.38,130.0,48.0,48.0,110.0,0.61,573.9,0.64,192.3,0.6,87.0,0.65,293.0,0.59,85.0,0.66,762.0,0.58,293.0,0.67,313.0,0.57,293.0,0.68,278.0,0.36,217.3,0.39,583.9,0.35,303.0,0.4,117.0,0.34,762.0,0.41,217.0,0.33,313.0,0.42,293.0,0.32,278.0,0.43,293.0
2026-01-07 12:33:07.942000+00:00,2026-01-07 12:33:05.555352+00:00,187.942,0.625,0.62,0.63,0.375,0.37,0.38,185.0,13.0,13.0,185.0,0.61,766.9,0.64,47.3,0.6,228.0,0.65,55.0,0.59,363.0,0.66,210.0,0.58,405.0,0.67,343.0,0.57,328.0,0.68,393.0,0.36,47.3,0.39,776.9,0.35,170.0,0.4,238.0,0.34,170.0,0.41,363.0,0.33,140.0,0.42,405.0,0.32,393.0,0.43,328.0
2026-01-07 12:33:08.870000+00:00,2026-01-07 12:33:06.564305+00:00,188.87,0.625,0.62,0.63,0.375,0.37,0.38,170.0,13.0,13.0,170.0,0.61,337.9,0.64,75.0,0.6,258.0,0.65,190.0,0.59,373.0,0.66,115.0,0.58,405.0,0.67,130.0,0.57,365.1,0.68,832.0,0.36,75.0,0.39,337.9,0.35,190.0,0.4,258.0,0.34,115.0,0.41,373.0,0.33,130.0,0.42,405.0,0.32,832.0,0.43,365.1
2026-01-07 12:33:09.946000+00:00,2026-01-07 12:33:07.570164+00:00,189.946,0.625,0.62,0.63,0.375,0.37,0.38,200.0,0.28,0.28,190.0,0.61,347.9,0.65,215.0,0.6,228.0,0.66,115.0,0.59,373.0,0.67,140.0,0.58,405.0,0.68,832.0,0.57,365.1,0.69,323.0,0.35,235.0,0.39,347.9,0.34,115.0,0.4,228.0,0.33,140.0,0.41,363.0,0.32,832.0,0.42,405.0,0.31,323.0,0.43,365.1
2026-01-07 12:33:10.962000+00:00,2026-01-07 12:33:08.575047+00:00,190.962,0.635,0.63,0.64,0.365,0.36,0.37,78.3,125.0,288.0,3.3,0.62,175.0,0.65,270.0,0.61,337.9,0.66,185.0,0.6,258.0,0.67,200.0,0.59,373.0,0.68,832.0,0.58,405.0,0.69,372.0,0.35,220.0,0.38,160.0,0.34,175.0,0.39,327.9,0.33,200.0,0.4,258.0,0.32,832.0,0.41,383.0,0.31,372.0,0.42,405.0
2026-01-07 12:33:11.897000+00:00,2026-01-07 12:33:09.581227+00:00,191.897,0.625,0.62,0.63,0.375,0.37,0.38,42.36,225.0,225.0,42.36,0.61,618.9,0.64,210.0,0.6,45.0,0.65,383.0,0.59,323.0,0.66,383.0,0.58,365.0,0.67,383.0,0.57,331.7,0.68,348.0,0.36,210.0,0.39,618.9,0.35,383.0,0.4,45.0,0.34,383.0,0.41,323.0,0.33,383.0,0.42,365.0,0.32,348.0,0.43,331.7
2026-01-07 12:33:12.867000+00:00,2026-01-07 12:33:10.601448+00:00,192.867,0.625,0.62,0.63,0.375,0.37,0.38,42.36,175.0,175.0,42.36,0.61,633.9,0.64,235.0,0.6,50.0,0.65,403.0,0.59,323.0,0.66,383.0,0.58,345.0,0.67,383.0,0.57,331.7,0.68,348.0,0.36,235.0,0.39,633.9,0.35,437.9,0.4,50.0,0.34,383.0,0.41,323.0,0.33,383.0,0.42,345.0,0.32,348.0,0.43,293.0
2026-01-07 12:33:13.885000+00:00,2026-01-07 12:33:11.607870+00:00,193.885,0.625,0.62,0.63,0.375,0.37,0.38,137.36,55.0,170.0,42.36,0.61,658.9,0.64,270.0,0.6,50.0,0.65,427.9,0.59,303.0,0.66,393.0,0.58,335.0,0.67,383.0,0.57,293.0,0.68,348.0,0.36,235.0,0.39,638.9,0.35,393.0,0.4,30.0,0.34,383.0,0.41,303.0,0.33,383.0,0.42,335.0,0.32,348.0,0.43,335.5
2026-01-07 12:33:14.988000+00:00,2026-01-07 12:33:12.612266+00:00,194.988,0.615,0.61,0.62,0.385,0.38,0.39,643.9,10.0,20.0,643.9,0.6,135.0,0.63,175.0,0.59,248.0,0.64,225.0,0.58,340.0,0.65,220.0,0.57,405.5,0.66,383.0,0.56,328.0,0.67,383.0,0.37,175.0,0.4,135.0,0.36,235.0,0.41,238.0,0.35,220.0,0.42,340.0,0.34,383.0,0.43,405.5,0.33,383.0,0.44,328.0
2026-01-07 12:33:15.782000+00:00,2026-01-07 12:33:13.619036+00:00,195.782,0.625,0.62,0.63,0.375,0.37,0.38,25.0,170.0,55.0,75.0,0.61,638.9,0.64,180.0,0.6,135.0,0.65,200.0,0.59,228.0,0.66,842.0,0.58,288.0,0.67,383.0,0.57,448.5,0.68,308.0,0.36,220.0,0.39,648.9,0.35,240.0,0.4,135.0,0.34,852.0,0.41,228.0,0.33,383.0,0.42,288.0,0.32,308.0,0.43,451.0
2026-01-07 12:33:16.968000+00:00,2026-01-07 12:33:14.623010+00:00,196.968,0.625,0.62,0.63,0.375,0.37,0.38,35.0,170.0,170.0,35.0,0.61,648.9,0.64,180.0,0.6,145.0,0.65,260.0,0.59,228.0,0.66,852.0,0.58,330.0,0.67,383.0,0.57,408.0,0.68,308.0,0.36,180.0,0.39,648.9,0.35,210.0,0.4,145.0,0.34,842.0,0.41,228.0,0.33,383.0,0.42,330.0,0.32,308.0,0.43,408.0
2026-01-07 12:33:17.955000+00:00,2026-01-07 12:33:15.631034+00:00,197.955,0.625,0.62,0.63,0.375,0.37,0.38,20.0,170.0,170.0,20.0,0.61,638.9,0.64,230.0,0.6,145.0,0.65,210.0,0.59,228.0,0.66,842.0,0.58,330.0,0.67,383.0,0.57,408.0,0.68,308.0,0.36,235.0,0.39,653.9,0.35,210.0,0.4,145.0,0.34,842.0,0.41,228.0,0.33,383.0,0.42,330.0,0.32,308.0,0.43,408.0
2026-01-07 12:33:19.029000+00:00,2026-01-07 12:33:16.652467+00:00,199.029,0.625,0.62,0.63,0.375,0.37,0.38,120.0,60.0,170.0,15.0,0.61,643.9,0.64,275.0,0.6,165.0,0.65,220.0,0.59,228.0,0.66,832.0,0.58,330.0,0.67,383.0,0.57,408.0,0.68,328.0,0.36,240.0,0.39,583.9,0.35,210.0,0.4,145.0,0.34,842.0,0.41,228.0,0.33,383.0,0.42,330.0,0.32,328.0,0.43,408.0
2026-01-07 12:33:20.962000+00:00,2026-01-07 12:33:18.662415+00:00,200.962,0.605,0.6,0.61,0.395,0.39,0.4,10.0,230.0,230.0,10.0,0.59,65.0,0.62,175.0,0.58,100.0,0.63,368.0,0.57,333.0,0.64,383.0,0.56,358.0,0.65,426.1,0.55,363.0,0.66,363.0,0.38,175.0,0.41,65.0,0.37,368.0,0.42,100.0,0.36,383.0,0.43,333.0,0.35,426.1,0.44,358.0,0.34,363.0,0.45,363.0
2026-01-07 12:33:22.063000+00:00,2026-01-07 12:33:19.671385+00:00,202.063,0.605,0.6,0.61,0.395,0.39,0.4,10.0,185.32,185.32,10.0,0.59,80.0,0.62,170.0,0.58,110.0,0.63,368.0,0.57,323.0,0.64,383.0,0.56,358.0,0.65,417.4,0.55,293.0,0.66,363.0,0.38,170.0,0.41,80.0,0.37,368.0,0.42,120.0,0.36,383.0,0.43,323.0,0.35,417.4,0.44,348.0,0.34,363.0,0.45,293.0
2026-01-07 12:33:23.997000+00:00,2026-01-07 12:33:21.694156+00:00,203.997,0.565,0.56,0.57,0.435,0.43,0.44,10.0,170.0,170.0,10.0,0.55,15.0,0.58,160.0,0.54,129.08,0.59,348.0,0.53,740.56,0.6,383.0,0.52,1142.34,0.61,373.32,0.51,923.26,0.62,328.0,0.42,160.0,0.45,15.0,0.41,348.0,0.46,129.08,0.4,383.0,0.47,740.56,0.39,373.32,0.48,1142.34,0.38,328.0,0.49,923.26
2026-01-07 12:33:25.088000+00:00,2026-01-07 12:33:22.706423+00:00,205.088,0.545,0.54,0.55,0.455,0.45,0.46,44.08,245.0,220.0,44.08,0.53,373.56,0.56,277.0,0.52,1037.56,0.57,252.0,0.51,948.26,0.58,322.0,0.5,632.97,0.59,328.0,0.49,472.61,0.6,328.0,0.44,277.0,0.47,373.56,0.43,252.0,0.48,854.56,0.42,383.0,0.49,948.26,0.41,328.0,0.5,632.97,0.4,328.0,0.51,472.61
2026-01-07 12:33:26.096000+00:00,2026-01-07 12:33:23.711112+00:00,206.096,0.535,0.53,0.54,0.46499999999999997,0.46,0.47,357.34,210.0,220.0,357.34,0.52,1288.56,0.55,105.0,0.51,767.26,0.56,313.0,0.5,439.97,0.57,313.0,0.49,411.61,0.58,383.0,0.48,361.0,0.59,273.0,0.45,125.0,0.48,1253.56,0.44,323.0,0.49,772.26,0.43,313.0,0.5,349.97,0.42,832.0,0.51,516.61,0.41,273.0,0.52,294.0
2026-01-07 12:33:27.098000+00:00,2026-01-07 12:33:24.717744+00:00,207.098,0.535,0.53,0.54,0.46499999999999997,0.46,0.47,200.59,362.0,368.0,200.59,0.52,1240.34,0.55,227.0,0.51,797.26,0.56,383.0,0.5,264.97,0.57,383.0,0.49,343.61,0.58,832.0,0.48,339.0,0.59,273.0,0.45,338.0,0.48,1265.34,0.44,393.0,0.49,817.26,0.43,383.0,0.5,264.97,0.42,832.0,0.51,353.61,0.41,273.0,0.52,329.0
2026-01-07 12:33:28.098000+00:00,2026-01-07 12:33:25.724068+00:00,208.098,0.535,0.53,0.54,0.46499999999999997,0.46,0.47,200.59,353.0,353.0,200.59,0.52,1265.34,0.55,423.0,0.51,772.26,0.56,393.0,0.5,289.97,0.57,383.0,0.49,328.61,0.58,832.0,0.48,360.7,0.59,273.0,0.45,423.0,0.48,1295.34,0.44,393.0,0.49,772.26,0.43,383.0,0.5,299.97,0.42,832.0,0.51,318.61,0.41,273.0,0.52,360.7
2026-01-07 12:33:29.091000+00:00,2026-01-07 12:33:26.729539+00:00,209.091,0.535,0.53,0.54,0.46499999999999997,0.46,0.47,235.59,333.8,343.8,200.59,0.52,1345.34,0.55,358.0,0.51,847.26,0.56,383.0,0.5,364.97,0.57,398.0,0.49,298.61,0.58,892.0,0.48,412.7,0.59,283.0,0.45,358.0,0.48,1240.34,0.44,383.0,0.49,887.26,0.43,393.0,0.5,364.97,0.42,852.0,0.51,298.61,0.41,273.0,0.52,412.7
2026-01-07 12:33:30.085000+00:00,2026-01-07 12:33:27.733989+00:00,210.085,0.535,0.53,0.54,0.46499999999999997,0.46,0.47,235.59,343.8,160.8,235.59,0.52,1280.34,0.55,358.0,0.51,887.26,0.56,383.0,0.5,486.97,0.57,448.0,0.49,533.91,0.58,852.0,0.48,451.0,0.59,273.0,0.45,175.0,0.48,1280.34,0.44,383.0,0.49,887.26,0.43,448.0,0.5,547.97,0.42,403.0,0.51,594.91,0.41,273.0,0.52,399.0
2026-01-07 12:33:31.114000+00:00,2026-01-07 12:33:28.739258+00:00,211.114,0.535,0.53,0.54,0.46499999999999997,0.46,0.47,360.59,50.8,50.8,405.59,0.52,1623.34,0.55,130.0,0.51,1110.26,0.56,105.0,0.5,617.97,0.57,649.0,0.49,670.91,0.58,448.0,0.48,399.0,0.59,318.0,0.45,130.0,0.48,1553.34,0.44,105.0,0.49,1040.26,0.43,649.0,0.5,617.97,0.42,448.0,0.51,619.91,0.41,318.0,0.52,451.0
2026-01-07 12:33:32.125000+00:00,2026-01-07 12:33:29.744195+00:00,212.125,0.535,0.53,0.54,0.46499999999999997,0.46,0.47,550.59,3.17,3.17,550.59,0.52,1079.34,0.56,35.0,0.51,1065.26,0.57,85.0,0.5,666.97,0.58,313.0,0.49,576.61,0.59,218.0,0.48,396.0,0.6,378.0,0.44,35.0,0.48,1079.34,0.43,105.0,0.49,1065.26,0.42,313.0,0.5,666.97,0.41,218.0,0.51,627.61,0.4,388.0,0.52,344.0
2026-01-07 12:33:33.029000+00:00,2026-01-07 12:33:30.744972+00:00,213.029,0.555,0.55,0.56,0.445,0.44,0.45,189.77,35.0,29.88,189.77,0.54,95.0,0.57,105.0,0.53,533.59,0.58,130.0,0.52,1079.34,0.59,218.0,0.51,1065.26,0.6,388.0,0.5,666.97,0.61,293.0,0.43,105.0,0.46,95.0,0.42,130.0,0.47,533.59,0.41,218.0,0.48,1079.34,0.4,388.0,0.49,1065.26,0.39,293.0,0.5,666.97
2026-01-07 12:33:34.141000+00:00,2026-01-07 12:33:31.752026+00:00,214.141,0.555,0.55,0.56,0.445,0.44,0.45,135.0,94.88,114.88,135.0,0.54,95.0,0.57,185.0,0.53,568.59,0.58,210.0,0.52,1089.34,0.59,288.0,0.51,1085.26,0.6,363.0,0.5,666.97,0.61,273.0,0.43,185.0,0.46,95.0,0.42,210.0,0.47,578.59,0.41,288.0,0.48,1089.34,0.4,363.0,0.49,1085.26,0.39,273.0,0.5,666.97
2026-01-07 12:33:35.070000+00:00,2026-01-07 12:33:32.759497+00:00,215.07,0.555,0.55,0.56,0.445,0.44,0.45,135.0,113.09,113.09,135.0,0.54,130.0,0.57,185.0,0.53,553.59,0.58,210.0,0.52,1114.34,0.59,288.0,0.51,1085.26,0.6,363.0,0.5,666.97,0.61,273.0,0.43,185.0,0.46,130.0,0.42,210.0,0.47,553.59,0.41,288.0,0.48,1114.34,0.4,363.0,0.49,1085.26,0.39,273.0,0.5,666.97
2026-01-07 12:33:36.145000+00:00,2026-01-07 12:33:33.767483+00:00,216.145,0.555,0.55,0.56,0.445,0.44,0.45,135.0,63.09,30.0,135.0,0.54,145.0,0.57,215.0,0.53,977.59,0.58,210.0,0.52,1124.34,0.59,288.0,0.51,1075.26,0.6,363.0,0.5,676.97,0.61,273.0,0.43,225.0,0.46,155.0,0.42,175.0,0.47,977.59,0.41,288.0,0.48,1124.34,0.4,363.0,0.49,1065.26,0.39,273.0,0.5,676.97
2026-01-07 12:33:37.107000+00:00,2026-01-07 12:33:34.773892+00:00,217.107,0.545,0.54,0.55,0.455,0.45,0.46,150.0,92.78,92.78,150.0,0.53,967.59,0.56,115.0,0.52,1139.34,0.57,210.0,0.51,1145.26,0.58,297.0,0.5,686.97,0.59,227.0,0.49,501.61,0.6,363.0,0.44,150.0,0.47,967.59,0.43,185.0,0.48,1139.34,0.42,322.0,0.49,1145.26,0.41,227.0,0.5,686.97,0.4,363.0,0.51,501.61
2026-01-07 12:33:38.164000+00:00,2026-01-07 12:33:35.784765+00:00,218.164,0.535,0.53,0.54,0.46499999999999997,0.46,0.47,200.59,347.0,408.0,200.59,0.52,811.34,0.55,302.0,0.51,752.26,0.56,463.0,0.5,318.97,0.57,383.0,0.49,128.61,0.58,383.0,0.48,181.0,0.59,702.0,0.45,363.0,0.48,811.34,0.44,463.0,0.49,752.26,0.43,383.0,0.5,318.97,0.42,383.0,0.51,128.61,0.41,702.0,0.52,181.0
2026-01-07 12:33:39.127000+00:00,2026-01-07 12:33:36.791824+00:00,219.127,0.525,0.52,0.53,0.475,0.47,0.48,784.43,221.0,215.77,784.43,0.51,752.26,0.54,288.0,0.5,767.97,0.55,383.0,0.49,278.61,0.56,383.0,0.48,156.0,0.57,383.0,0.47,388.0,0.58,328.0,0.46,288.0,0.49,752.26,0.45,383.0,0.5,718.97,0.44,383.0,0.51,298.61,0.43,383.0,0.52,166.0,0.42,328.0,0.53,398.0
2026-01-07 12:33:40.171000+00:00,2026-01-07 12:33:37.795517+00:00,220.171,0.525,0.52,0.53,0.475,0.47,0.48,784.43,231.19,181.19,784.43,0.51,757.26,0.54,383.0,0.5,748.97,0.55,383.0,0.49,283.61,0.56,383.0,0.48,166.0,0.57,383.0,0.47,378.0,0.58,328.0,0.46,393.0,0.49,777.26,0.45,383.0,0.5,728.97,0.44,383.0,0.51,273.61,0.43,383.0,0.52,146.0,0.42,328.0,0.53,378.0
2026-01-07 12:33:41.159000+00:00,2026-01-07 12:33:38.803566+00:00,221.159,0.525,0.52,0.53,0.475,0.47,0.48,784.43,178.96,178.96,784.43,0.51,787.26,0.54,413.0,0.5,748.97,0.55,403.0,0.49,283.61,0.56,383.0,0.48,180.6,0.57,383.0,0.47,378.0,0.58,328.0,0.46,413.0,0.49,787.26,0.45,403.0,0.5,748.97,0.44,383.0,0.51,283.61,0.43,383.0,0.52,180.6,0.42,328.0,0.53,378.0
2026-01-07 12:33:42.188000+00:00,2026-01-07 12:33:39.808877+00:00,222.188,0.525,0.52,0.53,0.475,0.47,0.48,784.43,173.96,173.96,784.43,0.51,797.26,0.54,413.0,0.5,738.97,0.55,393.0,0.49,283.61,0.56,403.0,0.48,180.6,0.57,383.0,0.47,378.0,0.58,328.0,0.46,413.0,0.49,797.26,0.45,393.0,0.5,738.97,0.44,403.0,0.51,283.61,0.43,383.0,0.52,180.6,0.42,328.0,0.53,378.0
2026-01-07 12:33:43.155000+00:00,2026-01-07 12:33:40.822598+00:00,223.155,0.525,0.52,0.53,0.475,0.47,0.48,762.76,173.96,173.96,762.76,0.51,797.26,0.54,413.0,0.5,738.97,0.55,393.0,0.49,283.61,0.56,872.0,0.48,250.6,0.57,383.0,0.47,448.0,0.58,328.0,0.46,413.0,0.49,797.26,0.45,393.0,0.5,738.97,0.44,872.0,0.51,283.61,0.43,383.0,0.52,250.6,0.42,328.0,0.53,448.0
2026-01-07 12:33:44.143000+00:00,2026-01-07 12:33:41.812821+00:00,224.143,0.525,0.52,0.53,0.475,0.47,0.48,762.76,178.96,159.33,762.76,0.51,797.26,0.54,418.0,0.5,758.97,0.55,393.0,0.49,283.61,0.56,872.0,0.48,250.6,0.57,383.0,0.47,448.0,0.58,328.0,0.46,418.0,0.49,797.26,0.45,393.0,0.5,758.97,0.44,872.0,0.51,283.61,0.43,383.0,0.52,250.6,0.42,328.0,0.53,448.0
2026-01-07 12:33:45.149000+00:00,2026-01-07 12:33:42.818572+00:00,225.149,0.525,0.52,0.53,0.475,0.47,0.48,762.76,189.33,189.33,762.76,0.51,772.26,0.54,368.0,0.5,738.97,0.55,393.0,0.49,283.61,0.56,852.0,0.48,260.6,0.57,383.0,0.47,448.0,0.58,328.0,0.46,368.0,0.49,772.26,0.45,393.0,0.5,738.97,0.44,852.0,0.51,283.61,0.43,383.0,0.52,260.6,0.42,328.0,0.53,448.0
2026-01-07 12:33:46.196000+00:00,2026-01-07 12:33:43.826937+00:00,226.196,0.525,0.52,0.53,0.475,0.47,0.48,762.76,144.33,144.33,752.97,0.51,787.26,0.54,423.0,0.5,748.97,0.55,383.0,0.49,293.61,0.56,862.0,0.48,250.6,0.57,383.0,0.47,448.0,0.58,328.0,0.46,423.0,0.49,797.26,0.45,383.0,0.5,748.97,0.44,872.0,0.51,293.61,0.43,383.0,0.52,250.6,0.42,328.0,0.53,448.0
2026-01-07 12:33:47.984000+00:00,2026-01-07 12:33:45.854968+00:00,227.984,0.525,0.52,0.53,0.475,0.47,0.48,752.25,130.0,130.0,752.25,0.51,782.26,0.54,220.0,0.5,848.97,0.55,403.0,0.49,441.61,0.56,862.0,0.48,408.6,0.57,393.0,0.47,448.0,0.58,328.0,0.46,220.0,0.49,782.26,0.45,403.0,0.5,848.97,0.44,862.0,0.51,441.61,0.43,393.0,0.52,408.6,0.42,328.0,0.53,448.0
2026-01-07 12:33:49.231000+00:00,2026-01-07 12:33:46.860943+00:00,229.231,0.525,0.52,0.53,0.475,0.47,0.48,762.25,130.0,130.0,752.85,0.51,782.26,0.54,200.0,0.5,893.27,0.55,423.0,0.49,431.61,0.56,862.0,0.48,374.0,0.57,393.0,0.47,448.0,0.58,328.0,0.46,200.0,0.49,782.26,0.45,423.0,0.5,893.27,0.44,862.0,0.51,390.61,0.43,393.0,0.52,374.0,0.42,328.0,0.53,448.0
2026-01-07 12:33:50.150000+00:00,2026-01-07 12:33:47.866871+00:00,230.15,0.525,0.52,0.53,0.475,0.47,0.48,752.85,130.0,130.0,752.85,0.51,782.26,0.54,200.0,0.5,848.97,0.55,423.0,0.49,390.61,0.56,842.0,0.48,374.0,0.57,428.0,0.47,448.0,0.58,328.0,0.46,200.0,0.49,782.26,0.45,423.0,0.5,848.97,0.44,842.0,0.51,390.61,0.43,428.0,0.52,374.0,0.42,328.0,0.53,448.0
2026-01-07 12:33:51.448000+00:00,2026-01-07 12:33:49.877334+00:00,231.448,0.525,0.52,0.53,0.475,0.47,0.48,730.53,130.0,130.0,730.53,0.51,792.26,0.54,230.0,0.5,838.97,0.55,393.0,0.49,410.61,0.56,842.0,0.48,374.0,0.57,413.0,0.47,497.0,0.58,328.0,0.46,230.0,0.49,792.26,0.45,393.0,0.5,838.97,0.44,842.0,0.51,410.61,0.43,413.0,0.52,374.0,0.42,328.0,0.53,497.0
2026-01-07 12:33:53.258000+00:00,2026-01-07 12:33:50.882680+00:00,233.258,0.525,0.52,0.53,0.475,0.47,0.48,725.53,317.0,378.0,715.53,0.51,752.26,0.54,307.0,0.5,703.97,0.55,393.0,0.49,305.61,0.56,832.0,0.48,369.0,0.57,403.0,0.47,482.0,0.58,328.0,0.46,368.0,0.49,752.26,0.45,393.0,0.5,703.97,0.44,832.0,0.51,122.61,0.43,403.0,0.52,176.0,0.42,328.0,0.53,482.0
2026-01-07 12:33:54.270000+00:00,2026-01-07 12:33:51.886737+00:00,234.27,0.525,0.52,0.53,0.475,0.47,0.48,715.53,383.0,383.0,715.53,0.51,752.26,0.54,368.0,0.5,703.97,0.55,393.0,0.49,132.61,0.56,832.0,0.48,176.0,0.57,403.0,0.47,482.0,0.58,328.0,0.46,368.0,0.49,752.26,0.45,393.0,0.5,703.97,0.44,832.0,0.51,178.61,0.43,403.0,0.52,176.0,0.42,328.0,0.53,433.0
2026-01-07 12:33:55.273000+00:00,2026-01-07 12:33:52.893958+00:00,235.273,0.525,0.52,0.53,0.475,0.47,0.48,715.78,338.0,413.0,715.78,0.51,807.26,0.54,393.0,0.5,264.97,0.55,403.0,0.49,97.61,0.56,403.0,0.48,16.0,0.57,403.0,0.47,268.0,0.58,328.0,0.46,358.0,0.49,752.26,0.45,383.0,0.5,254.97,0.44,422.9,0.51,77.61,0.43,403.0,0.52,71.0,0.42,328.0,0.53,544.0
2026-01-07 12:33:56.300000+00:00,2026-01-07 12:33:53.917782+00:00,236.3,0.515,0.51,0.52,0.485,0.48,0.49,307.35,210.0,210.0,292.35,0.5,289.97,0.53,363.0,0.49,87.61,0.54,323.0,0.48,196.0,0.55,323.0,0.47,105.0,0.56,352.9,0.46,252.0,0.57,258.0,0.47,363.0,0.5,289.97,0.46,323.0,0.51,87.61,0.45,323.0,0.52,101.0,0.44,352.9,0.53,125.0,0.43,258.0,0.54,252.0
2026-01-07 12:33:57.202000+00:00,2026-01-07 12:33:54.908238+00:00,237.202,0.515,0.51,0.52,0.485,0.48,0.49,88.77,106.9,121.9,88.77,0.5,289.97,0.53,358.0,0.49,122.61,0.54,323.0,0.48,181.0,0.55,370.7,0.47,120.0,0.56,313.0,0.46,313.0,0.57,263.3,0.47,358.0,0.5,289.97,0.46,323.0,0.51,122.61,0.45,369.9,0.52,106.0,0.44,313.0,0.53,140.0,0.43,263.3,0.54,313.0
2026-01-07 12:33:58.290000+00:00,2026-01-07 12:33:55.932957+00:00,238.29,0.515,0.51,0.52,0.485,0.48,0.49,88.77,116.9,116.9,85.77,0.5,279.97,0.53,348.0,0.49,132.61,0.54,333.0,0.48,76.0,0.55,375.2,0.47,130.0,0.56,318.3,0.46,313.0,0.57,263.3,0.47,348.0,0.5,279.97,0.46,333.0,0.51,132.61,0.45,375.2,0.52,76.0,0.44,318.3,0.53,150.0,0.43,263.3,0.54,313.0
2026-01-07 12:33:59.316000+00:00,2026-01-07 12:33:56.938740+00:00,239.316,0.515,0.51,0.52,0.485,0.48,0.49,81.17,146.9,640.9,81.17,0.5,234.97,0.53,308.0,0.49,112.61,0.54,313.0,0.48,56.0,0.55,365.2,0.47,120.0,0.56,375.3,0.46,308.0,0.57,263.3,0.47,378.0,0.5,234.97,0.46,383.0,0.51,77.61,0.45,491.2,0.52,36.0,0.44,388.3,0.53,10.0,0.43,333.3,0.54,243.0
2026-01-07 12:34:00.326000+00:00,2026-01-07 12:33:57.946484+00:00,240.326,0.525,0.52,0.53,0.475,0.47,0.48,160.0,238.0,20.0,347.0,0.51,29.93,0.54,213.0,0.5,486.97,0.55,333.0,0.49,304.61,0.56,313.0,0.48,268.0,0.57,348.0,0.47,323.0,0.58,283.0,0.46,20.0,0.49,311.93,0.45,203.0,0.5,556.97,0.44,238.0,0.51,460.61,0.43,288.0,0.52,848.0,0.42,238.0,0.53,358.0
2026-01-07 12:34:01.347000+00:00,2026-01-07 12:33:58.969642+00:00,241.347,0.59,0.58,0.6,0.405,0.4,0.41,10.0,35.0,35.0,140.0,0.57,75.0,0.61,180.0,0.56,120.0,0.62,413.0,0.55,112.0,0.63,323.0,0.54,122.0,0.64,382.0,0.53,777.0,0.65,258.0,0.39,180.0,0.42,125.0,0.38,413.0,0.43,232.0,0.37,323.0,0.44,237.0,0.36,382.0,0.45,147.0,0.35,258.0,0.46,122.0
2026-01-07 12:34:02.363000+00:00,2026-01-07 12:33:59.977684+00:00,242.363,0.585,0.58,0.59,0.415,0.41,0.42,170.0,96.6,106.6,170.0,0.57,288.0,0.6,579.0,0.56,328.0,0.61,190.0,0.55,228.0,0.62,368.0,0.54,253.0,0.63,313.0,0.53,293.0,0.64,303.0,0.4,564.0,0.43,298.0,0.39,215.0,0.44,338.0,0.38,353.0,0.45,238.0,0.37,313.0,0.46,253.0,0.36,303.0,0.47,293.0
2026-01-07 12:34:03.312000+00:00,2026-01-07 12:34:00.994477+00:00,243.312,0.585,0.58,0.59,0.415,0.41,0.42,170.0,104.3,104.3,170.0,0.57,298.0,0.6,564.0,0.56,343.0,0.61,225.0,0.55,223.0,0.62,343.0,0.54,263.0,0.63,313.0,0.53,303.0,0.64,303.0,0.4,544.0,0.43,298.0,0.39,225.0,0.44,343.0,0.38,343.0,0.45,223.0,0.37,313.0,0.46,263.0,0.36,303.0,0.47,303.0
2026-01-07 12:34:04.363000+00:00,2026-01-07 12:34:02.008099+00:00,244.363,0.585,0.58,0.59,0.415,0.41,0.42,129.39,80.0,165.0,20.0,0.57,333.0,0.6,594.61,0.56,313.0,0.61,329.0,0.55,238.0,0.62,438.0,0.54,253.0,0.63,383.0,0.53,398.0,0.64,363.0,0.4,594.61,0.43,373.0,0.39,319.0,0.44,313.0,0.38,438.0,0.45,238.0,0.37,383.0,0.46,253.0,0.36,363.0,0.47,398.0
2026-01-07 12:34:05.414000+00:00,2026-01-07 12:34:03.016329+00:00,245.414,0.585,0.58,0.59,0.415,0.41,0.42,175.0,25.0,25.0,205.0,0.57,313.0,0.6,579.61,0.56,288.0,0.61,299.0,0.55,208.0,0.62,438.0,0.54,243.0,0.63,383.0,0.53,398.0,0.64,363.0,0.4,604.61,0.43,293.0,0.39,309.0,0.44,308.0,0.38,458.0,0.45,183.0,0.37,393.0,0.46,208.0,0.36,363.0,0.47,363.0
2026-01-07 12:34:06.408000+00:00,2026-01-07 12:34:04.007573+00:00,246.408,0.595,0.59,0.6,0.405,0.4,0.41,323.0,5.61,5.61,343.0,0.58,348.0,0.62,75.0,0.57,807.0,0.63,75.0,0.56,383.0,0.64,75.0,0.55,278.0,0.65,317.0,0.54,313.0,0.66,398.0,0.36,75.0,0.42,428.0,0.35,307.0,0.43,358.0,0.34,268.0,0.44,428.0,0.33,373.0,0.45,278.0,0.32,268.0,0.46,313.0
2026-01-07 12:34:07.407000+00:00,2026-01-07 12:34:05.028163+00:00,247.407,0.675,0.67,0.68,0.325,0.32,0.33,150.0,75.0,75.0,135.0,0.66,145.0,0.69,245.0,0.65,130.0,0.7,368.0,0.64,268.0,0.71,313.0,0.63,248.0,0.72,293.0,0.62,258.0,0.73,264.6,0.31,245.0,0.34,135.0,0.3,368.0,0.35,125.0,0.29,313.0,0.36,268.0,0.28,293.0,0.37,248.0,0.27,264.6,0.38,258.0
2026-01-07 12:34:08.409000+00:00,2026-01-07 12:34:06.032828+00:00,248.409,0.625,0.62,0.63,0.39,0.38,0.4,8.0,135.0,160.0,115.0,0.6,135.0,0.64,105.0,0.59,303.0,0.65,147.0,0.58,263.0,0.66,288.0,0.57,223.0,0.67,289.89,0.56,262.5,0.68,790.0,0.37,135.0,0.41,313.0,0.36,262.0,0.42,273.0,0.35,157.0,0.43,248.0,0.34,298.0,0.44,307.5,0.33,289.89,0.45,647.0
2026-01-07 12:34:09.326000+00:00,2026-01-07 12:34:07.038199+00:00,249.326,0.605,0.6,0.61,0.395,0.39,0.4,17.1,140.0,145.0,17.1,0.59,170.0,0.62,140.0,0.58,248.0,0.63,135.0,0.57,278.0,0.64,362.0,0.56,243.0,0.65,218.0,0.55,677.0,0.66,298.0,0.38,140.0,0.41,170.0,0.37,135.0,0.42,248.0,0.36,362.0,0.43,268.0,0.35,218.0,0.44,238.0,0.34,298.0,0.45,677.0
2026-01-07 12:34:10.466000+00:00,2026-01-07 12:34:08.044983+00:00,250.466,0.595,0.59,0.6,0.405,0.4,0.41,55.0,135.0,20.0,170.0,0.58,363.0,0.61,145.0,0.57,258.0,0.62,150.0,0.56,258.0,0.63,135.0,0.55,657.0,0.64,362.0,0.54,208.0,0.65,218.0,0.39,135.0,0.42,323.0,0.38,150.0,0.43,248.0,0.37,135.0,0.44,258.0,0.36,362.0,0.45,657.0,0.35,218.0,0.46,208.0
2026-01-07 12:34:11.428000+00:00,2026-01-07 12:34:09.049744+00:00,251.428,0.615,0.61,0.62,0.385,0.38,0.39,210.71,55.0,55.0,210.71,0.6,100.0,0.63,125.0,0.59,170.0,0.64,382.0,0.58,288.0,0.65,228.0,0.57,238.0,0.66,358.0,0.56,238.0,0.67,269.89,0.37,125.0,0.4,100.0,0.36,387.0,0.41,170.0,0.35,258.0,0.42,288.0,0.34,358.0,0.43,238.0,0.33,279.89,0.44,238.0
2026-01-07 12:34:12.443000+00:00,2026-01-07 12:34:10.056208+00:00,252.443,0.625,0.62,0.63,0.375,0.37,0.38,150.0,40.0,40.0,150.0,0.61,187.55,0.64,387.0,0.6,237.0,0.65,233.0,0.59,352.0,0.66,358.0,0.58,383.0,0.67,314.89,0.57,308.0,0.68,314.0,0.36,387.0,0.39,177.55,0.35,233.0,0.4,237.0,0.34,358.0,0.41,282.0,0.33,314.89,0.42,383.0,0.32,314.0,0.43,308.0
2026-01-07 12:34:13.261000+00:00,2026-01-07 12:34:11.060103+00:00,253.261,0.625,0.62,0.63,0.375,0.37,0.38,147.36,25.0,25.0,147.36,0.61,182.55,0.64,204.0,0.6,298.0,0.65,233.0,0.59,343.0,0.66,288.0,0.58,383.0,0.67,314.89,0.57,308.0,0.68,314.0,0.36,204.0,0.39,182.55,0.35,223.0,0.4,298.0,0.34,288.0,0.41,343.0,0.33,314.89,0.42,383.0,0.32,314.0,0.43,308.0
2026-01-07 12:34:14.270000+00:00,2026-01-07 12:34:12.065403+00:00,254.27,0.625,0.62,0.63,0.375,0.37,0.38,140.36,25.0,25.0,132.36,0.61,182.55,0.64,219.0,0.6,298.0,0.65,193.0,0.59,343.0,0.66,288.0,0.58,383.0,0.67,304.89,0.57,308.0,0.68,314.0,0.36,234.0,0.39,182.55,0.35,203.0,0.4,298.0,0.34,298.0,0.41,343.0,0.33,304.89,0.42,383.0,0.32,314.0,0.43,308.0
2026-01-07 12:34:15.177000+00:00,2026-01-07 12:34:13.074644+00:00,255.177,0.625,0.62,0.63,0.375,0.37,0.38,20.0,110.0,110.0,20.0,0.61,222.55,0.64,224.0,0.6,288.0,0.65,203.0,0.59,353.0,0.66,298.0,0.58,383.0,0.67,304.89,0.57,308.0,0.68,314.0,0.36,224.0,0.39,222.55,0.35,203.0,0.4,288.0,0.34,298.0,0.41,353.0,0.33,304.89,0.42,383.0,0.32,314.0,0.43,308.0
2026-01-07 12:34:16.446000+00:00,2026-01-07 12:34:14.094129+00:00,256.446,0.625,0.62,0.63,0.375,0.37,0.38,118.0,54.9,54.9,118.0,0.61,182.55,0.64,294.0,0.6,298.0,0.65,273.0,0.59,343.0,0.66,368.0,0.58,383.0,0.67,304.89,0.57,757.0,0.68,392.0,0.36,294.0,0.39,182.55,0.35,273.0,0.4,298.0,0.34,368.0,0.41,343.0,0.33,304.89,0.42,383.0,0.32,392.0,0.43,757.0
2026-01-07 12:34:17.459000+00:00,2026-01-07 12:34:15.084704+00:00,257.459,0.625,0.62,0.63,0.385,0.38,0.39,2.5,54.9,209.98,42.45,0.61,182.55,0.64,294.0,0.6,298.0,0.65,273.0,0.59,343.0,0.66,368.0,0.58,383.0,0.67,304.89,0.57,757.0,0.68,392.0,0.37,55.0,0.4,328.0,0.36,259.0,0.41,333.0,0.35,263.0,0.42,403.0,0.34,348.0,0.43,757.0,0.33,304.89,0.44,293.0
2026-01-07 12:34:18.444000+00:00,2026-01-07 12:34:16.086889+00:00,258.444,0.615,0.61,0.62,0.385,0.38,0.39,42.45,154.98,154.98,42.45,0.6,328.0,0.63,55.0,0.59,313.0,0.64,259.0,0.58,423.0,0.65,263.0,0.57,772.0,0.66,348.0,0.56,303.0,0.67,304.89,0.37,55.0,0.4,328.0,0.36,259.0,0.41,313.0,0.35,263.0,0.42,423.0,0.34,348.0,0.43,772.0,0.33,304.89,0.44,303.0
2026-01-07 12:34:19.416000+00:00,2026-01-07 12:34:17.092216+00:00,259.416,0.615,0.61,0.62,0.385,0.38,0.39,7.45,387.98,387.98,7.45,0.6,35.0,0.63,328.0,0.59,30.0,0.64,432.0,0.58,210.0,0.65,288.0,0.57,243.0,0.66,348.0,0.56,258.0,0.67,269.89,0.37,328.0,0.4,35.0,0.36,432.0,0.41,30.0,0.35,288.0,0.42,210.0,0.34,348.0,0.43,243.0,0.33,269.89,0.44,258.0
2026-01-07 12:34:20.469000+00:00,2026-01-07 12:34:18.098997+00:00,260.469,0.615,0.61,0.62,0.385,0.38,0.39,7.45,422.98,422.98,7.45,0.59,80.0,0.63,328.0,0.58,165.0,0.64,432.0,0.57,258.0,0.65,288.0,0.56,248.0,0.66,348.0,0.55,1268.0,0.67,269.89,0.37,328.0,0.41,90.0,0.36,432.0,0.42,165.0,0.35,288.0,0.43,258.0,0.34,348.0,0.44,248.0,0.33,269.89,0.45,1268.0
2026-01-07 12:34:21.427000+00:00,2026-01-07 12:34:19.117455+00:00,261.427,0.615,0.61,0.62,0.385,0.38,0.39,202.45,218.0,218.0,232.45,0.6,125.0,0.63,382.9,0.59,130.0,0.64,432.0,0.58,105.0,0.65,323.0,0.57,308.0,0.66,348.0,0.56,308.0,0.67,289.89,0.37,382.9,0.4,135.0,0.36,432.0,0.41,130.0,0.35,343.0,0.42,105.0,0.34,358.0,0.43,308.0,0.33,289.89,0.44,308.0
2026-01-07 12:34:22.397000+00:00,2026-01-07 12:34:20.121746+00:00,262.397,0.615,0.61,0.62,0.385,0.38,0.39,192.45,160.83,160.83,192.45,0.6,155.0,0.63,382.9,0.59,130.0,0.64,432.0,0.58,105.0,0.65,348.0,0.57,308.0,0.66,358.0,0.56,308.0,0.67,279.89,0.37,382.9,0.4,145.0,0.36,437.0,0.41,130.0,0.35,348.0,0.42,105.0,0.34,358.0,0.43,308.0,0.33,279.89,0.44,308.0
2026-01-07 12:34:23.501000+00:00,2026-01-07 12:34:21.126386+00:00,263.501,0.615,0.61,0.62,0.385,0.38,0.39,152.45,240.81,250.81,143.8,0.6,115.0,0.63,363.0,0.59,155.0,0.64,452.0,0.58,125.0,0.65,288.0,0.57,328.0,0.66,348.0,0.56,757.0,0.67,269.89,0.37,363.0,0.4,115.0,0.36,462.0,0.41,155.0,0.35,288.0,0.42,125.0,0.34,348.0,0.43,328.0,0.33,269.89,0.44,757.0
2026-01-07 12:34:24.415000+00:00,2026-01-07 12:34:22.132804+00:00,264.415,0.615,0.61,0.62,0.385,0.38,0.39,137.8,215.83,215.83,137.8,0.6,115.0,0.63,382.9,0.59,165.0,0.64,462.0,0.58,125.0,0.65,288.0,0.57,328.0,0.66,348.0,0.56,757.0,0.67,269.89,0.37,382.9,0.4,115.0,0.36,462.0,0.41,165.0,0.35,288.0,0.42,125.0,0.34,348.0,0.43,328.0,0.33,269.89,0.44,757.0
2026-01-07 12:34:25.525000+00:00,2026-01-07 12:34:23.153498+00:00,265.525,0.615,0.61,0.62,0.385,0.38,0.39,145.0,180.83,574.83,210.0,0.6,115.0,0.63,198.0,0.59,140.0,0.64,361.98,0.58,115.0,0.65,288.0,0.57,328.0,0.66,348.0,0.56,757.0,0.67,269.89,0.37,198.0,0.4,267.0,0.36,267.0,0.41,252.0,0.35,357.9,0.42,252.0,0.34,348.0,0.43,308.0,0.33,304.89,0.44,273.0
2026-01-07 12:34:26.529000+00:00,2026-01-07 12:34:24.164272+00:00,266.529,0.615,0.61,0.62,0.385,0.38,0.39,225.0,404.0,404.0,225.0,0.6,328.0,0.63,5.0,0.59,333.0,0.64,133.98,0.58,383.0,0.65,388.0,0.57,308.0,0.66,358.0,0.56,273.0,0.67,314.89,0.37,5.0,0.4,328.0,0.36,98.98,0.41,333.0,0.35,378.0,0.42,383.0,0.34,358.0,0.43,308.0,0.33,314.89,0.44,273.0
2026-01-07 12:34:27.520000+00:00,2026-01-07 12:34:25.167564+00:00,267.52,0.615,0.61,0.62,0.385,0.38,0.39,162.84,448.98,458.98,162.84,0.6,308.0,0.63,145.0,0.59,313.0,0.64,154.0,0.58,403.0,0.65,363.0,0.57,333.0,0.66,348.0,0.56,303.0,0.67,304.89,0.37,135.0,0.4,308.0,0.36,154.0,0.41,313.0,0.35,363.0,0.42,383.0,0.34,348.0,0.43,328.0,0.33,304.89,0.44,308.0
2026-01-07 12:34:28.542000+00:00,2026-01-07 12:34:26.171546+00:00,268.542,0.615,0.61,0.62,0.385,0.38,0.39,172.84,44.9,44.9,172.84,0.6,308.0,0.63,172.17,0.59,313.0,0.64,249.0,0.58,413.0,0.65,338.0,0.57,323.0,0.66,348.0,0.56,293.0,0.67,304.89,0.37,172.17,0.4,318.0,0.36,249.0,0.41,313.0,0.35,338.0,0.42,413.0,0.34,348.0,0.43,323.0,0.33,304.89,0.44,293.0
2026-01-07 12:34:29.598000+00:00,2026-01-07 12:34:27.188735+00:00,269.598,0.615,0.61,0.62,0.385,0.38,0.39,172.84,74.9,64.9,172.84,0.6,318.0,0.63,172.17,0.59,358.0,0.64,249.0,0.58,847.0,0.65,338.0,0.57,328.0,0.66,348.0,0.56,293.0,0.67,304.89,0.37,172.17,0.4,318.0,0.36,249.0,0.41,328.0,0.35,338.0,0.42,837.0,0.34,348.0,0.43,328.0,0.33,304.89,0.44,293.0
2026-01-07 12:34:30.558000+00:00,2026-01-07 12:34:28.193710+00:00,270.558,0.615,0.61,0.62,0.385,0.38,0.39,55.51,144.9,144.9,55.51,0.6,358.0,0.63,215.0,0.59,363.0,0.64,249.0,0.58,852.0,0.65,338.0,0.57,318.0,0.66,358.0,0.56,273.0,0.67,304.89,0.37,215.0,0.4,358.0,0.36,249.0,0.41,363.0,0.35,338.0,0.42,852.0,0.34,358.0,0.43,318.0,0.33,304.89,0.44,273.0
2026-01-07 12:34:31.511000+00:00,2026-01-07 12:34:29.199328+00:00,271.511,0.615,0.61,0.62,0.385,0.38,0.39,163.2,10.55,10.55,163.2,0.6,328.0,0.63,252.17,0.59,353.0,0.64,249.0,0.58,852.0,0.65,338.0,0.57,318.0,0.66,348.0,0.56,273.0,0.67,314.89,0.37,252.17,0.4,328.0,0.36,249.0,0.41,353.0,0.35,338.0,0.42,852.0,0.34,348.0,0.43,318.0,0.33,314.89,0.44,273.0
2026-01-07 12:34:32.554000+00:00,2026-01-07 12:34:30.206167+00:00,272.554,0.605,0.6,0.61,0.395,0.39,0.4,228.0,178.17,178.17,45.0,0.59,368.0,0.62,183.55,0.58,802.0,0.63,165.0,0.57,258.0,0.64,785.0,0.56,223.0,0.65,338.0,0.55,1223.0,0.66,348.0,0.38,143.55,0.41,368.0,0.37,200.0,0.42,802.0,0.36,795.0,0.43,258.0,0.35,373.0,0.44,258.0,0.34,348.0,0.45,1223.0
2026-01-07 12:34:33.458000+00:00,2026-01-07 12:34:31.197932+00:00,273.458,0.605,0.6,0.61,0.395,0.39,0.4,45.0,152.17,152.17,45.0,0.59,348.0,0.62,203.55,0.58,822.0,0.63,200.0,0.57,248.0,0.64,807.0,0.56,268.0,0.65,422.0,0.55,1153.0,0.66,348.0,0.38,203.55,0.41,348.0,0.37,200.0,0.42,822.0,0.36,807.0,0.43,248.0,0.35,422.0,0.44,268.0,0.34,348.0,0.45,1153.0
2026-01-07 12:34:34.464000+00:00,2026-01-07 12:34:32.201342+00:00,274.464,0.605,0.6,0.61,0.395,0.39,0.4,45.0,152.17,167.17,45.0,0.59,348.0,0.62,203.55,0.58,792.0,0.63,200.0,0.57,248.0,0.64,807.0,0.56,258.0,0.65,412.0,0.55,1153.0,0.66,348.0,0.38,203.55,0.41,378.0,0.37,322.0,0.42,792.0,0.36,807.0,0.43,258.0,0.35,412.0,0.44,258.0,0.34,358.0,0.45,1153.0
2026-01-07 12:34:35.531000+00:00,2026-01-07 12:34:33.207786+00:00,275.531,0.605,0.6,0.61,0.395,0.39,0.4,30.72,167.17,167.17,30.72,0.59,195.0,0.62,203.55,0.58,609.0,0.63,383.0,0.57,258.0,0.64,807.0,0.56,258.0,0.65,412.0,0.55,1153.0,0.66,358.0,0.38,203.55,0.41,195.0,0.37,383.0,0.42,609.0,0.36,807.0,0.43,258.0,0.35,412.0,0.44,258.0,0.34,358.0,0.45,1153.0
2026-01-07 12:34:36.617000+00:00,2026-01-07 12:34:34.230494+00:00,276.617,0.605,0.6,0.61,0.42,0.41,0.43,30.72,167.17,95.0,183.0,0.59,175.0,0.62,203.55,0.58,629.0,0.63,383.0,0.57,258.0,0.64,807.0,0.56,258.0,0.65,412.0,0.55,1153.0,0.66,358.0,0.4,110.0,0.44,238.0,0.39,299.17,0.45,1662.0,0.38,275.55,0.46,328.0,0.37,358.0,0.47,281.49,0.36,328.0,0.48,238.2
2026-01-07 12:34:37.595000+00:00,2026-01-07 12:34:35.237982+00:00,277.595,0.555,0.55,0.56,0.445,0.44,0.45,1000.0,378.0,378.0,985.0,0.54,25.0,0.57,318.0,0.53,288.49,0.58,842.0,0.52,100.0,0.59,383.0,0.51,238.0,0.6,488.0,0.5,644.78,0.61,358.0,0.43,318.0,0.46,25.0,0.42,762.0,0.47,288.49,0.41,383.0,0.48,100.0,0.4,408.0,0.49,238.0,0.39,358.0,0.5,644.78
2026-01-07 12:34:38.600000+00:00,2026-01-07 12:34:36.244220+00:00,278.6,0.555,0.55,0.56,0.445,0.44,0.45,985.0,305.99,305.99,985.0,0.54,25.0,0.57,313.0,0.53,34.99,0.58,368.0,0.52,55.0,0.59,393.0,0.51,358.0,0.6,421.6,0.5,1013.78,0.61,383.0,0.43,313.0,0.46,25.0,0.42,368.0,0.47,34.99,0.41,393.0,0.48,55.0,0.4,421.6,0.49,358.0,0.39,383.0,0.5,1013.78
2026-01-07 12:34:39.641000+00:00,2026-01-07 12:34:37.263184+00:00,279.641,0.555,0.55,0.56,0.445,0.44,0.45,909.24,389.99,389.99,883.24,0.54,25.0,0.57,383.0,0.53,34.99,0.58,448.0,0.52,40.0,0.59,393.0,0.51,40.0,0.6,388.0,0.5,316.78,0.61,383.0,0.43,441.0,0.46,25.0,0.42,448.0,0.47,34.99,0.41,393.0,0.48,40.0,0.4,388.0,0.49,40.0,0.39,383.0,0.5,316.78
2026-01-07 12:34:40.634000+00:00,2026-01-07 12:34:38.272244+00:00,280.634,0.555,0.55,0.56,0.445,0.44,0.45,231.54,461.99,461.99,195.54,0.54,25.0,0.57,383.0,0.53,34.99,0.58,358.0,0.52,40.0,0.59,383.0,0.5,311.78,0.6,388.0,0.49,77.61,0.61,383.0,0.43,383.0,0.46,25.0,0.42,358.0,0.47,34.99,0.41,383.0,0.48,40.0,0.4,388.0,0.5,311.78,0.39,388.5,0.51,77.61
2026-01-07 12:34:41.660000+00:00,2026-01-07 12:34:39.293315+00:00,281.66,0.505,0.5,0.51,0.495,0.49,0.5,311.78,258.81,258.81,282.89,0.49,77.61,0.52,167.0,0.48,16.0,0.53,130.0,0.47,10.0,0.54,140.0,0.46,215.6,0.55,249.8,0.45,233.0,0.56,295.99,0.48,167.0,0.51,77.61,0.47,130.0,0.52,16.0,0.46,140.0,0.53,10.0,0.45,249.8,0.54,215.6,0.44,295.99,0.55,233.0
2026-01-07 12:34:42.687000+00:00,2026-01-07 12:34:40.302225+00:00,282.687,0.505,0.5,0.51,0.495,0.49,0.5,99.89,385.81,844.81,99.89,0.49,77.61,0.52,164.0,0.48,16.0,0.53,140.0,0.47,10.0,0.54,140.0,0.46,62.6,0.55,213.0,0.45,20.0,0.56,295.99,0.48,164.0,0.51,77.61,0.47,140.0,0.52,16.0,0.46,140.0,0.53,10.0,0.45,213.0,0.54,62.6,0.44,295.99,0.55,20.0
2026-01-07 12:34:43.678000+00:00,2026-01-07 12:34:41.307193+00:00,283.678,0.485,0.48,0.49,0.525,0.52,0.53,16.0,312.79,178.0,10.0,0.47,10.0,0.5,20.0,0.46,32.6,0.51,379.81,0.44,10.0,0.52,140.0,0.43,35.0,0.53,200.0,0.42,10.0,0.54,245.0,0.51,248.79,0.54,32.6,0.5,45.0,0.56,10.0,0.49,379.81,0.57,35.0,0.48,140.0,0.58,10.0,0.47,165.0,0.59,30.0
2026-01-07 12:34:44.637000+00:00,2026-01-07 12:34:42.312183+00:00,284.637,0.435,0.43,0.44,0.565,0.56,0.57,40.0,130.0,130.0,40.0,0.42,15.0,0.45,257.52,0.41,30.0,0.46,283.0,0.4,228.04,0.47,360.0,0.39,293.0,0.48,313.0,0.38,642.0,0.49,216.29,0.55,257.52,0.58,15.0,0.54,283.0,0.59,30.0,0.53,360.0,0.6,228.04,0.52,313.0,0.61,293.0,0.51,216.29,0.62,642.0
2026-01-07 12:34:45.709000+00:00,2026-01-07 12:34:43.319703+00:00,285.709,0.405,0.4,0.41,0.595,0.59,0.6,79.86,150.0,165.0,79.86,0.39,403.0,0.42,150.0,0.38,657.0,0.43,105.0,0.37,287.0,0.44,140.0,0.36,308.0,0.45,282.52,0.35,398.0,0.46,248.0,0.58,130.0,0.61,258.0,0.57,105.0,0.62,782.0,0.56,140.0,0.63,228.0,0.55,292.52,0.64,308.0,0.54,218.0,0.65,418.0
2026-01-07 12:34:46.699000+00:00,2026-01-07 12:34:44.343185+00:00,286.699,0.405,0.4,0.41,0.595,0.59,0.6,23.6,170.0,180.0,23.6,0.39,183.0,0.42,105.0,0.38,276.18,0.43,130.0,0.37,308.0,0.44,140.0,0.36,213.0,0.45,786.52,0.35,353.0,0.46,193.0,0.58,105.0,0.61,183.0,0.57,130.0,0.62,361.18,0.56,140.0,0.63,308.0,0.55,786.52,0.64,213.0,0.54,183.0,0.65,343.0
2026-01-07 12:34:47.713000+00:00,2026-01-07 12:34:45.352840+00:00,287.713,0.405,0.4,0.41,0.585,0.58,0.59,404.63,55.0,20.0,277.0,0.39,298.0,0.42,105.0,0.38,288.0,0.43,130.0,0.37,293.0,0.44,250.0,0.36,193.0,0.45,649.0,0.35,323.0,0.46,309.0,0.57,95.0,0.6,366.45,0.56,220.0,0.61,298.0,0.55,210.0,0.62,278.0,0.54,334.0,0.63,707.0,0.53,318.0,0.64,221.6
2026-01-07 12:34:48.746000+00:00,2026-01-07 12:34:46.368701+00:00,288.746,0.425,0.42,0.43,0.575,0.57,0.58,45.0,135.0,119.0,33.19,0.41,357.5,0.44,140.0,0.4,286.45,0.45,574.0,0.39,323.0,0.46,105.0,0.38,313.0,0.47,400.0,0.37,348.0,0.48,357.0,0.56,185.0,0.59,377.5,0.55,554.0,0.6,286.45,0.54,151.0,0.61,333.0,0.53,363.0,0.62,323.0,0.52,367.0,0.63,348.0
2026-01-07 12:34:49.558000+00:00,2026-01-07 12:34:47.376474+00:00,289.558,0.425,0.42,0.43,0.575,0.57,0.58,32.67,114.14,134.14,32.67,0.41,372.5,0.44,150.0,0.4,286.45,0.45,554.0,0.39,333.0,0.46,161.0,0.38,393.0,0.47,353.0,0.37,348.0,0.48,372.2,0.56,150.0,0.59,372.5,0.55,554.0,0.6,286.45,0.54,161.0,0.61,333.0,0.53,353.0,0.62,403.0,0.52,372.2,0.63,348.0
2026-01-07 12:34:50.754000+00:00,2026-01-07 12:34:48.385020+00:00,290.754,0.45,0.44,0.46,0.555,0.55,0.56,0.75,35.0,148.0,0.75,0.41,182.83,0.47,20.0,0.4,336.45,0.48,149.05,0.39,338.0,0.49,189.49,0.38,403.0,0.5,150.2,0.37,358.0,0.51,353.2,0.54,70.0,0.57,35.0,0.53,80.0,0.58,10.0,0.52,197.05,0.59,222.83,0.51,189.49,0.6,381.45,0.5,150.2,0.61,338.0
2026-01-07 12:34:51.757000+00:00,2026-01-07 12:34:49.374896+00:00,291.757,0.455,0.45,0.46,0.545,0.54,0.55,20.0,42.9,37.9,250.0,0.44,115.0,0.47,40.0,0.43,342.0,0.48,65.05,0.42,307.0,0.49,617.49,0.41,312.83,0.5,80.2,0.4,391.45,0.51,283.2,0.53,40.0,0.56,160.0,0.52,94.85,0.57,282.0,0.51,573.0,0.58,383.0,0.5,75.0,0.59,347.83,0.49,283.2,0.6,336.45
2026-01-07 12:34:52.753000+00:00,2026-01-07 12:34:50.383202+00:00,292.753,0.485,0.48,0.49,0.515,0.51,0.52,292.0,20.0,135.0,167.0,0.47,292.0,0.5,170.0,0.46,353.0,0.51,150.0,0.45,513.0,0.52,162.2,0.44,383.0,0.53,549.2,0.43,428.0,0.54,98.2,0.5,180.0,0.53,172.0,0.49,130.0,0.54,373.0,0.48,110.2,0.55,393.0,0.47,549.2,0.56,383.0,0.46,220.2,0.57,348.0
2026-01-07 12:34:53.848000+00:00,2026-01-07 12:34:51.401757+00:00,293.848,0.485,0.48,0.49,0.515,0.51,0.52,218.0,145.0,95.0,338.0,0.47,358.0,0.5,170.0,0.46,428.0,0.51,181.0,0.45,403.0,0.52,120.2,0.44,403.0,0.53,549.2,0.43,376.0,0.54,281.2,0.5,218.8,0.53,318.0,0.49,181.0,0.54,428.0,0.48,120.2,0.55,403.0,0.47,549.2,0.56,403.0,0.46,281.2,0.57,376.0
2026-01-07 12:34:54.811000+00:00,2026-01-07 12:34:52.422042+00:00,294.811,0.485,0.48,0.49,0.515,0.51,0.52,212.13,100.0,130.0,172.13,0.47,193.0,0.5,228.8,0.46,423.0,0.51,130.0,0.45,413.0,0.52,110.2,0.44,393.0,0.53,549.2,0.43,376.0,0.54,334.2,0.5,218.8,0.53,218.0,0.49,95.0,0.54,183.0,0.48,274.2,0.55,767.0,0.47,222.2,0.56,363.0,0.46,351.2,0.57,376.0
2026-01-07 12:34:55.638000+00:00,2026-01-07 12:34:53.428599+00:00,295.638,0.475,0.47,0.48,0.525,0.52,0.53,35.0,125.0,115.0,60.0,0.46,10.0,0.49,135.0,0.45,837.0,0.5,238.8,0.44,483.0,0.51,146.0,0.43,431.0,0.52,283.2,0.42,296.0,0.53,283.2,0.51,130.0,0.54,165.0,0.5,180.0,0.55,782.0,0.49,146.0,0.56,463.0,0.48,283.2,0.57,437.9,0.47,283.2,0.58,296.0
