timestamp,collected_at,seconds,mid,bid,ask,asset
2026-01-06 05:15:00+00:00,2026-01-06 05:18:14.852925+00:00,0.0,3225.341,3224.86,3225.5,ETH
2026-01-06 05:15:01+00:00,2026-01-06 05:18:15.872788+00:00,1.0,3225.601,3225.11,3225.74,ETH
2026-01-06 05:15:02+00:00,2026-01-06 05:18:16.890803+00:00,2.0,3225.491,3224.98,3225.78,ETH
2026-01-06 05:15:03+00:00,2026-01-06 05:18:17.890932+00:00,3.0,3225.511,3225.0,3225.92,ETH
2026-01-06 05:15:04+00:00,2026-01-06 05:18:18.887626+00:00,4.0,3225.811,3225.26,3226.15,ETH
2026-01-06 05:15:05+00:00,2026-01-06 05:18:19.907634+00:00,5.0,3226.121,3225.65,3226.33,ETH
2026-01-06 05:15:06+00:00,2026-01-06 05:18:20.916461+00:00,6.0,3226.181,3226.0,3226.55,ETH
2026-01-06 05:15:07+00:00,2026-01-06 05:18:21.952318+00:00,7.0,3226.231,3226.15,3226.56,ETH
2026-01-06 05:15:08+00:00,2026-01-06 05:18:22.934584+00:00,8.0,3225.941,3225.8,3226.07,ETH
2026-01-06 05:15:09+00:00,2026-01-06 05:18:23.949199+00:00,9.0,3225.431,3225.27,3225.52,ETH
2026-01-06 05:15:10+00:00,2026-01-06 05:18:24.953762+00:00,10.0,3225.191,3225.0,3225.45,ETH
2026-01-06 05:15:11+00:00,2026-01-06 05:18:25.955507+00:00,11.0,3225.281,3225.03,3225.58,ETH
2026-01-06 05:15:12+00:00,2026-01-06 05:18:26.951985+00:00,12.0,3225.391,3225.06,3225.59,ETH
2026-01-06 05:15:13+00:00,2026-01-06 05:18:27.967623+00:00,13.0,3225.391,3225.06,3225.58,ETH
2026-01-06 05:15:14+00:00,2026-01-06 05:18:28.953484+00:00,14.0,3225.931,3225.36,3226.23,ETH
2026-01-06 05:15:15+00:00,2026-01-06 05:18:29.972181+00:00,15.0,3226.061,3225.69,3226.39,ETH
2026-01-06 05:15:16+00:00,2026-01-06 05:18:30.967002+00:00,16.0,3226.151,3225.96,3226.52,ETH
2026-01-06 05:15:17+00:00,2026-01-06 05:18:31.989497+00:00,17.0,3226.151,3226.04,3226.68,ETH
2026-01-06 05:15:18+00:00,2026-01-06 05:18:32.982319+00:00,18.0,3226.691,3226.3,3227.1,ETH
2026-01-06 05:15:19+00:00,2026-01-06 05:18:33.985912+00:00,19.0,3226.551,3226.24,3226.88,ETH
2026-01-06 05:15:20+00:00,2026-01-06 05:18:34.983606+00:00,20.0,3226.661,3226.28,3227.06,ETH
2026-01-06 05:15:21+00:00,2026-01-06 05:18:35.984786+00:00,21.0,3225.891,3225.85,3226.19,ETH
2026-01-06 05:15:22+00:00,2026-01-06 05:18:37.003159+00:00,22.0,3225.791,3225.29,3226.07,ETH
2026-01-06 05:15:23+00:00,2026-01-06 05:18:38.028549+00:00,23.0,3225.701,3225.66,3226.03,ETH
2026-01-06 05:15:24+00:00,2026-01-06 05:18:39.036642+00:00,24.0,3225.781,3225.52,3226.2,ETH
2026-01-06 05:15:25+00:00,2026-01-06 05:18:40.052644+00:00,25.0,3225.761,3225.31,3225.96,ETH
2026-01-06 05:15:26+00:00,2026-01-06 05:18:41.063306+00:00,26.0,3225.761,3225.45,3226.17,ETH
2026-01-06 05:15:27+00:00,2026-01-06 05:18:42.081228+00:00,27.0,3225.821,3225.55,3226.01,ETH
2026-01-06 05:15:28+00:00,2026-01-06 05:18:43.081965+00:00,28.0,3225.821,3225.45,3226.04,ETH
2026-01-06 05:15:29+00:00,2026-01-06 05:18:44.082033+00:00,29.0,3225.821,3225.38,3225.87,ETH
2026-01-06 05:15:30+00:00,2026-01-06 05:18:45.083321+00:00,30.0,3225.821,3225.38,3225.89,ETH
2026-01-06 05:15:31+00:00,2026-01-06 05:18:46.082054+00:00,31.0,3225.821,3225.38,3225.89,ETH
2026-01-06 05:15:32+00:00,2026-01-06 05:18:47.079224+00:00,32.0,3225.821,3225.38,3225.88,ETH
2026-01-06 05:15:33+00:00,2026-01-06 05:18:48.083217+00:00,33.0,3225.821,3225.38,3225.89,ETH
2026-01-06 05:15:34+00:00,2026-01-06 05:18:49.080531+00:00,34.0,3225.821,3225.38,3225.89,ETH
2026-01-06 05:15:35+00:00,2026-01-06 05:18:50.088462+00:00,35.0,3225.821,3225.38,3225.91,ETH
2026-01-06 05:15:36+00:00,2026-01-06 05:18:51.079551+00:00,36.0,3225.821,3225.38,3225.93,ETH
2026-01-06 05:15:37+00:00,2026-01-06 05:18:52.076722+00:00,37.0,3225.781,3225.32,3225.95,ETH
2026-01-06 05:15:38+00:00,2026-01-06 05:18:54.081963+00:00,38.0,3225.731,3225.28,3225.92,ETH
2026-01-06 05:15:39+00:00,2026-01-06 05:18:55.085965+00:00,39.0,3225.631,3225.21,3225.81,ETH
2026-01-06 05:15:40+00:00,2026-01-06 05:18:56.087441+00:00,40.0,3225.501,3225.06,3225.66,ETH
2026-01-06 05:15:41+00:00,2026-01-06 05:18:57.093961+00:00,41.0,3225.421,3224.93,3225.58,ETH
2026-01-06 05:15:42+00:00,2026-01-06 05:18:58.103789+00:00,42.0,3225.411,3224.92,3225.58,ETH
2026-01-06 05:15:43+00:00,2026-01-06 05:18:59.096563+00:00,43.0,3225.411,3224.93,3225.58,ETH
2026-01-06 05:15:44+00:00,2026-01-06 05:19:00.096233+00:00,44.0,3225.421,3224.92,3225.58,ETH
2026-01-06 05:15:45+00:00,2026-01-06 05:19:01.089169+00:00,45.0,3225.421,3224.92,3225.59,ETH
2026-01-06 05:15:46+00:00,2026-01-06 05:19:02.098686+00:00,46.0,3225.421,3224.93,3225.59,ETH
2026-01-06 05:15:47+00:00,2026-01-06 05:19:03.094354+00:00,47.0,3225.431,3224.94,3225.69,ETH
2026-01-06 05:15:48+00:00,2026-01-06 05:19:04.101229+00:00,48.0,3225.491,3224.97,3225.8,ETH
2026-01-06 05:15:49+00:00,2026-01-06 05:19:05.103825+00:00,49.0,3225.541,3225.0,3225.82,ETH
2026-01-06 05:15:50+00:00,2026-01-06 05:19:06.111896+00:00,50.0,3225.541,3225.0,3225.82,ETH
2026-01-06 05:15:51+00:00,2026-01-06 05:19:07.114656+00:00,51.0,3225.541,3225.0,3225.82,ETH
2026-01-06 05:15:52+00:00,2026-01-06 05:19:08.112711+00:00,52.0,3225.541,3224.99,3225.84,ETH
2026-01-06 05:15:53+00:00,2026-01-06 05:19:09.113972+00:00,53.0,3225.541,3224.99,3225.86,ETH
2026-01-06 05:15:54+00:00,2026-01-06 05:19:10.111650+00:00,54.0,3225.551,3225.03,3225.84,ETH
2026-01-06 05:15:55+00:00,2026-01-06 05:19:11.118538+00:00,55.0,3225.571,3225.06,3225.82,ETH
2026-01-06 05:15:56+00:00,2026-01-06 05:19:12.136047+00:00,56.0,3225.571,3225.06,3225.82,ETH
2026-01-06 05:15:57+00:00,2026-01-06 05:19:13.145365+00:00,57.0,3225.571,3225.06,3225.82,ETH
2026-01-06 05:15:59+00:00,2026-01-06 05:19:14.221111+00:00,59.0,3225.551,3225.04,3225.81,ETH
2026-01-06 05:16:00+00:00,2026-01-06 05:19:15.199468+00:00,60.0,3225.551,3225.04,3225.81,ETH
2026-01-06 05:16:01+00:00,2026-01-06 05:19:16.198988+00:00,61.0,3225.911,3225.37,3226.39,ETH
2026-01-06 05:16:02+00:00,2026-01-06 05:19:18.228328+00:00,62.0,3225.931,3225.5,3226.41,ETH
2026-01-06 05:16:03+00:00,2026-01-06 05:19:19.212904+00:00,63.0,3225.951,3225.54,3226.41,ETH
2026-01-06 05:16:04+00:00,2026-01-06 05:19:20.220783+00:00,64.0,3225.961,3225.56,3226.42,ETH
2026-01-06 05:16:05+00:00,2026-01-06 05:19:21.226158+00:00,65.0,3225.961,3225.56,3226.41,ETH
2026-01-06 05:16:06+00:00,2026-01-06 05:19:22.231520+00:00,66.0,3225.961,3225.56,3226.42,ETH
2026-01-06 05:16:07+00:00,2026-01-06 05:19:23.246065+00:00,67.0,3225.991,3225.56,3226.45,ETH
2026-01-06 05:16:08+00:00,2026-01-06 05:19:24.264244+00:00,68.0,3226.021,3225.57,3226.48,ETH
2026-01-06 05:16:09+00:00,2026-01-06 05:19:25.281873+00:00,69.0,3226.451,3225.98,3226.84,ETH
2026-01-06 05:16:10+00:00,2026-01-06 05:19:26.283820+00:00,70.0,3226.891,3226.48,3227.22,ETH
2026-01-06 05:16:11+00:00,2026-01-06 05:19:27.286959+00:00,71.0,3226.901,3226.59,3227.28,ETH
2026-01-06 05:16:12+00:00,2026-01-06 05:19:28.282417+00:00,72.0,3226.911,3226.58,3227.32,ETH
2026-01-06 05:16:13+00:00,2026-01-06 05:19:29.299940+00:00,73.0,3226.911,3226.57,3227.3,ETH
2026-01-06 05:16:14+00:00,2026-01-06 05:19:30.313707+00:00,74.0,3226.901,3226.57,3227.29,ETH
2026-01-06 05:16:15+00:00,2026-01-06 05:19:31.316221+00:00,75.0,3226.891,3226.57,3227.3,ETH
2026-01-06 05:16:16+00:00,2026-01-06 05:19:32.319242+00:00,76.0,3226.871,3226.57,3227.32,ETH
2026-01-06 05:16:17+00:00,2026-01-06 05:19:33.332627+00:00,77.0,3226.711,3226.46,3227.02,ETH
2026-01-06 05:16:18+00:00,2026-01-06 05:19:34.331274+00:00,78.0,3226.571,3226.21,3226.76,ETH
2026-01-06 05:16:19+00:00,2026-01-06 05:19:35.332207+00:00,79.0,3226.311,3225.99,3226.45,ETH
2026-01-06 05:16:20+00:00,2026-01-06 05:19:36.367594+00:00,80.0,3225.891,3225.59,3226.01,ETH
2026-01-06 05:16:21+00:00,2026-01-06 05:19:37.365140+00:00,81.0,3225.741,3225.28,3225.9,ETH
2026-01-06 05:16:22+00:00,2026-01-06 05:19:38.367123+00:00,82.0,3225.741,3225.28,3225.87,ETH
2026-01-06 05:16:23+00:00,2026-01-06 05:19:39.365695+00:00,83.0,3224.931,3224.69,3225.15,ETH
2026-01-06 05:16:24+00:00,2026-01-06 05:19:40.397044+00:00,84.0,3224.091,3223.87,3224.42,ETH
2026-01-06 05:16:25+00:00,2026-01-06 05:19:41.395854+00:00,85.0,3224.061,3223.63,3224.35,ETH
2026-01-06 05:16:26+00:00,2026-01-06 05:19:42.403300+00:00,86.0,3224.071,3223.63,3224.37,ETH
2026-01-06 05:16:27+00:00,2026-01-06 05:19:43.426296+00:00,87.0,3224.151,3223.68,3224.52,ETH
2026-01-06 05:16:28+00:00,2026-01-06 05:19:44.419271+00:00,88.0,3224.291,3223.8,3224.67,ETH
2026-01-06 05:16:29+00:00,2026-01-06 05:19:45.446323+00:00,89.0,3224.371,3223.87,3224.76,ETH
2026-01-06 05:16:30+00:00,2026-01-06 05:19:46.450593+00:00,90.0,3224.381,3223.88,3224.75,ETH
2026-01-06 05:16:31+00:00,2026-01-06 05:19:47.465329+00:00,91.0,3224.381,3223.89,3224.72,ETH
2026-01-06 05:16:32+00:00,2026-01-06 05:19:48.466172+00:00,92.0,3224.371,3223.89,3224.71,ETH
2026-01-06 05:16:33+00:00,2026-01-06 05:19:49.470114+00:00,93.0,3224.371,3223.9,3224.72,ETH
2026-01-06 05:16:34+00:00,2026-01-06 05:19:50.470244+00:00,94.0,3224.551,3224.09,3224.85,ETH
2026-01-06 05:16:35+00:00,2026-01-06 05:19:51.466918+00:00,95.0,3224.761,3224.31,3224.98,ETH
2026-01-06 05:16:36+00:00,2026-01-06 05:19:52.468590+00:00,96.0,3224.771,3224.35,3224.95,ETH
2026-01-06 05:16:37+00:00,2026-01-06 05:19:53.481659+00:00,97.0,3224.721,3224.33,3224.96,ETH
2026-01-06 05:16:38+00:00,2026-01-06 05:19:54.470934+00:00,98.0,3224.671,3224.31,3225.02,ETH
2026-01-06 05:16:39+00:00,2026-01-06 05:19:55.565606+00:00,99.0,3224.671,3224.31,3225.09,ETH
2026-01-06 05:16:40+00:00,2026-01-06 05:19:56.564896+00:00,100.0,3224.681,3224.3,3225.12,ETH
2026-01-06 05:16:41+00:00,2026-01-06 05:19:57.583372+00:00,101.0,3224.691,3224.29,3225.04,ETH
2026-01-06 05:16:42+00:00,2026-01-06 05:19:58.585295+00:00,102.0,3224.691,3224.29,3224.94,ETH
2026-01-06 05:16:43+00:00,2026-01-06 05:19:59.581334+00:00,103.0,3224.691,3224.29,3225.0,ETH
2026-01-06 05:16:44+00:00,2026-01-06 05:20:00.596289+00:00,104.0,3224.701,3224.29,3225.06,ETH
2026-01-06 05:16:45+00:00,2026-01-06 05:20:01.597827+00:00,105.0,3224.701,3224.29,3225.08,ETH
2026-01-06 05:16:46+00:00,2026-01-06 05:20:02.617059+00:00,106.0,3224.701,3224.29,3225.11,ETH
2026-01-06 05:16:47+00:00,2026-01-06 05:20:03.620600+00:00,107.0,3224.701,3224.29,3225.11,ETH
2026-01-06 05:16:48+00:00,2026-01-06 05:20:04.639549+00:00,108.0,3224.701,3224.3,3225.14,ETH
2026-01-06 05:16:49+00:00,2026-01-06 05:20:05.641060+00:00,109.0,3224.711,3224.3,3225.17,ETH
2026-01-06 05:16:50+00:00,2026-01-06 05:20:06.643572+00:00,110.0,3224.711,3224.3,3225.18,ETH
2026-01-06 05:16:51+00:00,2026-01-06 05:20:07.644498+00:00,111.0,3224.721,3224.3,3225.06,ETH
2026-01-06 05:16:52+00:00,2026-01-06 05:20:08.638559+00:00,112.0,3224.701,3224.3,3225.08,ETH
2026-01-06 05:16:53+00:00,2026-01-06 05:20:09.644453+00:00,113.0,3224.701,3224.32,3225.18,ETH
2026-01-06 05:16:54+00:00,2026-01-06 05:20:10.637165+00:00,114.0,3224.701,3224.37,3225.25,ETH
2026-01-06 05:16:55+00:00,2026-01-06 05:20:11.712916+00:00,115.0,3225.531,3225.13,3225.91,ETH
2026-01-06 05:16:56+00:00,2026-01-06 05:20:12.651846+00:00,116.0,3225.721,3225.33,3226.08,ETH
2026-01-06 05:16:57+00:00,2026-01-06 05:20:13.733845+00:00,117.0,3225.761,3225.38,3226.08,ETH
2026-01-06 05:16:58+00:00,2026-01-06 05:20:14.690173+00:00,118.0,3225.751,3225.39,3226.09,ETH
2026-01-06 05:16:59+00:00,2026-01-06 05:20:15.722068+00:00,119.0,3225.751,3225.39,3226.1,ETH
2026-01-06 05:17:00+00:00,2026-01-06 05:20:16.727388+00:00,120.0,3225.751,3225.39,3226.05,ETH
2026-01-06 05:17:01+00:00,2026-01-06 05:20:17.697733+00:00,121.0,3225.411,3225.09,3225.61,ETH
2026-01-06 05:17:02+00:00,2026-01-06 05:20:18.697571+00:00,122.0,3224.871,3224.5,3224.99,ETH
2026-01-06 05:17:03+00:00,2026-01-06 05:20:19.712431+00:00,123.0,3224.651,3224.21,3224.77,ETH
2026-01-06 05:17:04+00:00,2026-01-06 05:20:20.706961+00:00,124.0,3224.631,3224.21,3224.77,ETH
2026-01-06 05:17:05+00:00,2026-01-06 05:20:21.729232+00:00,125.0,3224.631,3224.19,3224.77,ETH
2026-01-06 05:17:06+00:00,2026-01-06 05:20:22.717858+00:00,126.0,3224.631,3224.17,3224.76,ETH
2026-01-06 05:17:07+00:00,2026-01-06 05:20:23.714273+00:00,127.0,3224.631,3224.16,3224.73,ETH
2026-01-06 05:17:08+00:00,2026-01-06 05:20:24.714422+00:00,128.0,3224.611,3224.12,3224.73,ETH
2026-01-06 05:17:09+00:00,2026-01-06 05:20:25.725625+00:00,129.0,3224.591,3224.1,3224.78,ETH
2026-01-06 05:17:10+00:00,2026-01-06 05:20:26.715896+00:00,130.0,3224.601,3224.12,3224.83,ETH
2026-01-06 05:17:11+00:00,2026-01-06 05:20:27.721418+00:00,131.0,3224.601,3224.11,3224.86,ETH
2026-01-06 05:17:12+00:00,2026-01-06 05:20:28.731205+00:00,132.0,3224.601,3224.11,3224.83,ETH
2026-01-06 05:17:13+00:00,2026-01-06 05:20:29.826169+00:00,133.0,3224.601,3224.11,3224.8,ETH
2026-01-06 05:17:14+00:00,2026-01-06 05:20:30.826071+00:00,134.0,3224.601,3224.11,3224.84,ETH
2026-01-06 05:17:15+00:00,2026-01-06 05:20:31.837245+00:00,135.0,3224.231,3224.03,3224.56,ETH
2026-01-06 05:17:16+00:00,2026-01-06 05:20:32.880032+00:00,136.0,3224.231,3223.84,3224.33,ETH
2026-01-06 05:17:17+00:00,2026-01-06 05:20:33.910659+00:00,137.0,3224.231,3223.76,3224.32,ETH
2026-01-06 05:17:18+00:00,2026-01-06 05:20:34.899366+00:00,138.0,3224.231,3223.76,3224.3,ETH
2026-01-06 05:17:19+00:00,2026-01-06 05:20:35.879750+00:00,139.0,3224.231,3223.76,3224.29,ETH
2026-01-06 05:17:20+00:00,2026-01-06 05:20:36.905199+00:00,140.0,3224.231,3223.76,3224.38,ETH
2026-01-06 05:17:21+00:00,2026-01-06 05:20:37.913918+00:00,141.0,3224.231,3223.76,3224.44,ETH
2026-01-06 05:17:22+00:00,2026-01-06 05:20:38.873087+00:00,142.0,3224.231,3223.76,3224.4,ETH
2026-01-06 05:17:23+00:00,2026-01-06 05:20:39.876558+00:00,143.0,3224.231,3223.76,3224.38,ETH
2026-01-06 05:17:24+00:00,2026-01-06 05:20:40.897843+00:00,144.0,3224.231,3223.76,3224.4,ETH
2026-01-06 05:17:25+00:00,2026-01-06 05:20:41.891494+00:00,145.0,3224.241,3223.76,3224.46,ETH
2026-01-06 05:17:26+00:00,2026-01-06 05:20:42.912114+00:00,146.0,3224.301,3223.81,3224.51,ETH
2026-01-06 05:17:27+00:00,2026-01-06 05:20:43.916928+00:00,147.0,3224.341,3223.86,3224.51,ETH
2026-01-06 05:17:28+00:00,2026-01-06 05:20:44.914616+00:00,148.0,3224.341,3223.86,3224.48,ETH
2026-01-06 05:17:29+00:00,2026-01-06 05:20:45.910309+00:00,149.0,3224.341,3223.86,3224.47,ETH
2026-01-06 05:17:30+00:00,2026-01-06 05:20:46.911055+00:00,150.0,3224.331,3223.85,3224.48,ETH
2026-01-06 05:17:31+00:00,2026-01-06 05:20:47.923007+00:00,151.0,3224.381,3223.87,3224.55,ETH
2026-01-06 05:17:32+00:00,2026-01-06 05:20:48.939825+00:00,152.0,3224.421,3223.89,3224.63,ETH
2026-01-06 05:17:33+00:00,2026-01-06 05:20:49.946133+00:00,153.0,3224.371,3223.86,3224.66,ETH
2026-01-06 05:17:34+00:00,2026-01-06 05:20:50.932854+00:00,154.0,3224.341,3223.83,3224.68,ETH
2026-01-06 05:17:35+00:00,2026-01-06 05:20:51.949566+00:00,155.0,3224.361,3223.84,3224.68,ETH
2026-01-06 05:17:36+00:00,2026-01-06 05:20:52.962164+00:00,156.0,3224.361,3223.84,3224.7,ETH
2026-01-06 05:17:37+00:00,2026-01-06 05:20:53.949290+00:00,157.0,3224.341,3223.84,3224.67,ETH
2026-01-06 05:17:38+00:00,2026-01-06 05:20:54.948007+00:00,158.0,3224.321,3223.84,3224.64,ETH
2026-01-06 05:17:39+00:00,2026-01-06 05:20:55.951529+00:00,159.0,3224.321,3223.84,3224.53,ETH
2026-01-06 05:17:40+00:00,2026-01-06 05:20:56.961434+00:00,160.0,3224.311,3223.83,3224.48,ETH
2026-01-06 05:17:41+00:00,2026-01-06 05:20:57.964213+00:00,161.0,3224.301,3223.83,3224.49,ETH
2026-01-06 05:17:42+00:00,2026-01-06 05:20:59.030887+00:00,162.0,3224.301,3223.83,3224.49,ETH
2026-01-06 05:17:43+00:00,2026-01-06 05:21:00.059664+00:00,163.0,3224.291,3223.82,3224.61,ETH
2026-01-06 05:17:44+00:00,2026-01-06 05:21:01.073034+00:00,164.0,3224.291,3223.81,3224.42,ETH
2026-01-06 05:17:45+00:00,2026-01-06 05:21:02.090553+00:00,165.0,3224.301,3223.82,3224.57,ETH
2026-01-06 05:17:46+00:00,2026-01-06 05:21:03.094374+00:00,166.0,3224.311,3223.82,3224.56,ETH
2026-01-06 05:17:47+00:00,2026-01-06 05:21:04.096555+00:00,167.0,3224.311,3223.82,3224.51,ETH
2026-01-06 05:17:48+00:00,2026-01-06 05:21:05.097114+00:00,168.0,3224.261,3223.78,3224.6,ETH
2026-01-06 05:17:49+00:00,2026-01-06 05:21:06.113338+00:00,169.0,3224.251,3223.78,3224.49,ETH
2026-01-06 05:17:50+00:00,2026-01-06 05:21:07.113750+00:00,170.0,3224.221,3223.75,3224.46,ETH
2026-01-06 05:17:51+00:00,2026-01-06 05:21:08.113161+00:00,171.0,3224.251,3223.76,3224.42,ETH
2026-01-06 05:17:52+00:00,2026-01-06 05:21:09.111959+00:00,172.0,3224.261,3223.77,3224.49,ETH
2026-01-06 05:17:53+00:00,2026-01-06 05:21:10.120924+00:00,173.0,3224.261,3223.77,3224.54,ETH
2026-01-06 05:17:54+00:00,2026-01-06 05:21:11.132767+00:00,174.0,3224.261,3223.76,3224.44,ETH
2026-01-06 05:17:55+00:00,2026-01-06 05:21:12.122868+00:00,175.0,3224.241,3223.74,3224.51,ETH
2026-01-06 05:17:56+00:00,2026-01-06 05:21:13.142881+00:00,176.0,3224.241,3223.74,3224.54,ETH
2026-01-06 05:17:57+00:00,2026-01-06 05:21:14.145899+00:00,177.0,3224.211,3223.72,3224.43,ETH
2026-01-06 05:17:58+00:00,2026-01-06 05:21:15.143662+00:00,178.0,3224.211,3223.72,3224.44,ETH
2026-01-06 05:17:59+00:00,2026-01-06 05:21:16.157555+00:00,179.0,3224.271,3223.77,3224.62,ETH
2026-01-06 05:18:00+00:00,2026-01-06 05:21:17.154642+00:00,180.0,3224.271,3223.78,3224.59,ETH
2026-01-06 05:18:01+00:00,2026-01-06 05:21:18.175921+00:00,181.0,3224.271,3223.78,3224.57,ETH
2026-01-06 05:18:02+00:00,2026-01-06 05:21:19.217120+00:00,182.0,3224.221,3223.74,3224.4,ETH
2026-01-06 05:18:03+00:00,2026-01-06 05:21:20.219662+00:00,183.0,3224.181,3223.7,3224.23,ETH
2026-01-06 05:18:04+00:00,2026-01-06 05:21:21.216465+00:00,184.0,3224.111,3223.66,3224.23,ETH
2026-01-06 05:18:05+00:00,2026-01-06 05:21:22.201950+00:00,185.0,3224.131,3223.65,3224.23,ETH
2026-01-06 05:18:06+00:00,2026-01-06 05:21:23.214826+00:00,186.0,3224.131,3223.65,3224.26,ETH
2026-01-06 05:18:07+00:00,2026-01-06 05:21:24.234575+00:00,187.0,3223.911,3223.46,3224.02,ETH
2026-01-06 05:18:08+00:00,2026-01-06 05:21:25.210018+00:00,188.0,3223.841,3223.44,3223.88,ETH
2026-01-06 05:18:09+00:00,2026-01-06 05:21:26.222911+00:00,189.0,3223.861,3223.43,3223.98,ETH
2026-01-06 05:18:10+00:00,2026-01-06 05:21:27.212232+00:00,190.0,3223.781,3223.41,3223.88,ETH
2026-01-06 05:18:11+00:00,2026-01-06 05:21:28.236719+00:00,191.0,3223.751,3223.41,3223.88,ETH
2026-01-06 05:18:12+00:00,2026-01-06 05:21:29.238345+00:00,192.0,3223.751,3223.41,3223.88,ETH
2026-01-06 05:18:13+00:00,2026-01-06 05:21:30.257065+00:00,193.0,3223.751,3223.41,3223.88,ETH
2026-01-06 05:18:14+00:00,2026-01-06 05:21:31.252274+00:00,194.0,3223.651,3223.19,3223.69,ETH
2026-01-06 05:18:15+00:00,2026-01-06 05:21:32.257653+00:00,195.0,3223.681,3223.23,3223.72,ETH
2026-01-06 05:18:16+00:00,2026-01-06 05:21:33.279406+00:00,196.0,3223.671,3223.19,3223.74,ETH
2026-01-06 05:18:17+00:00,2026-01-06 05:21:34.298836+00:00,197.0,3223.691,3223.23,3223.8,ETH
2026-01-06 05:18:18+00:00,2026-01-06 05:21:35.292636+00:00,198.0,3223.691,3223.23,3223.81,ETH
2026-01-06 05:18:19+00:00,2026-01-06 05:21:36.314860+00:00,199.0,3223.681,3223.24,3223.81,ETH
2026-01-06 05:18:20+00:00,2026-01-06 05:21:37.325098+00:00,200.0,3223.691,3223.23,3223.82,ETH
2026-01-06 05:18:21+00:00,2026-01-06 05:21:38.487897+00:00,201.0,3223.691,3223.23,3223.79,ETH
2026-01-06 05:18:22+00:00,2026-01-06 05:21:39.491602+00:00,202.0,3223.691,3223.23,3223.78,ETH
2026-01-06 05:18:23+00:00,2026-01-06 05:21:40.491758+00:00,203.0,3223.691,3223.23,3223.87,ETH
2026-01-06 05:18:24+00:00,2026-01-06 05:21:41.503713+00:00,204.0,3223.731,3223.24,3223.88,ETH
2026-01-06 05:18:25+00:00,2026-01-06 05:21:43.524340+00:00,205.0,3223.761,3223.28,3224.0,ETH
2026-01-06 05:18:26+00:00,2026-01-06 05:21:44.513738+00:00,206.0,3223.831,3223.44,3224.21,ETH
2026-01-06 05:18:27+00:00,2026-01-06 05:21:45.517609+00:00,207.0,3223.971,3223.66,3224.31,ETH
2026-01-06 05:18:28+00:00,2026-01-06 05:21:46.528398+00:00,208.0,3224.071,3223.77,3224.33,ETH
2026-01-06 05:18:29+00:00,2026-01-06 05:21:47.528193+00:00,209.0,3224.071,3223.78,3224.33,ETH
2026-01-06 05:18:30+00:00,2026-01-06 05:21:48.540392+00:00,210.0,3224.061,3223.79,3224.47,ETH
2026-01-06 05:18:31+00:00,2026-01-06 05:21:49.545628+00:00,211.0,3224.361,3224.01,3224.83,ETH
2026-01-06 05:18:32+00:00,2026-01-06 05:21:50.545412+00:00,212.0,3224.701,3224.25,3225.1,ETH
2026-01-06 05:18:33+00:00,2026-01-06 05:21:51.545370+00:00,213.0,3224.741,3224.27,3225.15,ETH
2026-01-06 05:18:34+00:00,2026-01-06 05:21:52.544843+00:00,214.0,3224.811,3224.32,3225.17,ETH
2026-01-06 05:18:35+00:00,2026-01-06 05:21:53.569381+00:00,215.0,3224.881,3224.44,3225.3,ETH
2026-01-06 05:18:36+00:00,2026-01-06 05:21:54.569465+00:00,216.0,3225.051,3224.59,3225.48,ETH
2026-01-06 05:18:37+00:00,2026-01-06 05:21:55.574976+00:00,217.0,3225.351,3224.93,3225.71,ETH
2026-01-06 05:18:38+00:00,2026-01-06 05:21:56.588573+00:00,218.0,3225.491,3225.21,3225.96,ETH
2026-01-06 05:18:39+00:00,2026-01-06 05:21:57.595089+00:00,219.0,3225.491,3225.24,3226.05,ETH
2026-01-06 05:18:40+00:00,2026-01-06 05:21:58.594008+00:00,220.0,3225.591,3225.3,3226.03,ETH
2026-01-06 05:18:41+00:00,2026-01-06 05:21:59.604241+00:00,221.0,3225.691,3225.35,3226.02,ETH
2026-01-06 05:18:42+00:00,2026-01-06 05:22:00.603341+00:00,222.0,3225.681,3225.36,3225.93,ETH
2026-01-06 05:18:43+00:00,2026-01-06 05:22:01.623191+00:00,223.0,3225.681,3225.36,3225.97,ETH
2026-01-06 05:18:44+00:00,2026-01-06 05:22:02.626787+00:00,224.0,3225.681,3225.36,3226.1,ETH
2026-01-06 05:18:45+00:00,2026-01-06 05:22:03.630211+00:00,225.0,3225.671,3225.36,3226.1,ETH
2026-01-06 05:18:46+00:00,2026-01-06 05:22:04.630456+00:00,226.0,3225.691,3225.36,3226.08,ETH
2026-01-06 05:18:47+00:00,2026-01-06 05:22:05.648923+00:00,227.0,3225.711,3225.36,3226.09,ETH
2026-01-06 05:18:48+00:00,2026-01-06 05:22:06.637215+00:00,228.0,3225.711,3225.36,3226.11,ETH
2026-01-06 05:18:49+00:00,2026-01-06 05:22:07.641510+00:00,229.0,3225.711,3225.36,3226.13,ETH
2026-01-06 05:18:50+00:00,2026-01-06 05:22:08.642234+00:00,230.0,3225.711,3225.36,3226.18,ETH
2026-01-06 05:18:51+00:00,2026-01-06 05:22:09.642861+00:00,231.0,3225.781,3225.41,3226.24,ETH
2026-01-06 05:18:52+00:00,2026-01-06 05:22:10.652976+00:00,232.0,3225.861,3225.48,3226.32,ETH
2026-01-06 05:18:53+00:00,2026-01-06 05:22:11.666184+00:00,233.0,3225.861,3225.51,3226.37,ETH
2026-01-06 05:18:54+00:00,2026-01-06 05:22:12.660543+00:00,234.0,3226.051,3225.66,3226.41,ETH
2026-01-06 05:18:55+00:00,2026-01-06 05:22:13.688769+00:00,235.0,3226.241,3225.86,3226.51,ETH
2026-01-06 05:18:56+00:00,2026-01-06 05:22:14.705507+00:00,236.0,3226.241,3225.9,3226.57,ETH
2026-01-06 05:18:58+00:00,2026-01-06 05:22:15.787207+00:00,238.0,3226.251,3225.91,3226.57,ETH
2026-01-06 05:18:59+00:00,2026-01-06 05:22:16.772067+00:00,239.0,3226.251,3225.91,3226.59,ETH
2026-01-06 05:19:00+00:00,2026-01-06 05:22:17.771725+00:00,240.0,3226.241,3225.91,3226.6,ETH
2026-01-06 05:19:01+00:00,2026-01-06 05:22:18.761202+00:00,241.0,3226.241,3225.91,3226.6,ETH
2026-01-06 05:19:02+00:00,2026-01-06 05:22:19.767146+00:00,242.0,3226.241,3225.91,3226.58,ETH
2026-01-06 05:19:03+00:00,2026-01-06 05:22:20.777223+00:00,243.0,3226.241,3225.91,3226.62,ETH
2026-01-06 05:19:04+00:00,2026-01-06 05:22:21.781774+00:00,244.0,3226.241,3225.91,3226.6,ETH
2026-01-06 05:19:05+00:00,2026-01-06 05:22:22.768328+00:00,245.0,3226.241,3225.91,3226.59,ETH
2026-01-06 05:19:06+00:00,2026-01-06 05:22:23.770565+00:00,246.0,3226.261,3225.91,3226.64,ETH
2026-01-06 05:19:07+00:00,2026-01-06 05:22:24.783768+00:00,247.0,3226.271,3225.92,3226.73,ETH
2026-01-06 05:19:08+00:00,2026-01-06 05:22:25.775554+00:00,248.0,3226.371,3226.15,3226.79,ETH
2026-01-06 05:19:09+00:00,2026-01-06 05:22:26.772403+00:00,249.0,3226.521,3226.29,3226.73,ETH
2026-01-06 05:19:10+00:00,2026-01-06 05:22:27.782430+00:00,250.0,3226.401,3226.03,3226.72,ETH
2026-01-06 05:19:11+00:00,2026-01-06 05:22:28.787871+00:00,251.0,3226.401,3226.01,3226.72,ETH
2026-01-06 05:19:12+00:00,2026-01-06 05:22:29.804339+00:00,252.0,3226.381,3226.03,3226.71,ETH
2026-01-06 05:19:13+00:00,2026-01-06 05:22:30.805608+00:00,253.0,3226.381,3226.03,3226.73,ETH
2026-01-06 05:19:14+00:00,2026-01-06 05:22:32.829933+00:00,254.0,3226.401,3226.03,3226.73,ETH
2026-01-06 05:19:15+00:00,2026-01-06 05:22:33.841089+00:00,255.0,3226.421,3226.05,3226.84,ETH
2026-01-06 05:19:16+00:00,2026-01-06 05:22:34.856033+00:00,256.0,3226.431,3226.06,3226.93,ETH
2026-01-06 05:19:17+00:00,2026-01-06 05:22:35.871776+00:00,257.0,3226.471,3226.08,3226.97,ETH
2026-01-06 05:19:18+00:00,2026-01-06 05:22:36.890372+00:00,258.0,3226.581,3226.14,3227.0,ETH
2026-01-06 05:19:19+00:00,2026-01-06 05:22:37.895236+00:00,259.0,3226.731,3226.29,3227.13,ETH
2026-01-06 05:19:20+00:00,2026-01-06 05:22:38.888429+00:00,260.0,3226.861,3226.49,3227.37,ETH
2026-01-06 05:19:21+00:00,2026-01-06 05:22:39.893617+00:00,261.0,3227.161,3226.79,3227.51,ETH
2026-01-06 05:19:22+00:00,2026-01-06 05:22:40.890293+00:00,262.0,3227.362,3227.0,3227.59,ETH
2026-01-06 05:19:23+00:00,2026-01-06 05:22:41.888494+00:00,263.0,3227.382,3227.0,3227.61,ETH
2026-01-06 05:19:24+00:00,2026-01-06 05:22:42.910275+00:00,264.0,3227.382,3226.99,3227.54,ETH
2026-01-06 05:19:25+00:00,2026-01-06 05:22:43.910165+00:00,265.0,3227.402,3227.0,3227.6,ETH
2026-01-06 05:19:26+00:00,2026-01-06 05:22:44.908205+00:00,266.0,3227.462,3227.15,3227.84,ETH
2026-01-06 05:19:27+00:00,2026-01-06 05:22:45.911391+00:00,267.0,3227.722,3227.37,3228.11,ETH
2026-01-06 05:19:28+00:00,2026-01-06 05:22:46.925868+00:00,268.0,3227.962,3227.48,3228.35,ETH
2026-01-06 05:19:29+00:00,2026-01-06 05:22:47.927890+00:00,269.0,3227.982,3227.65,3228.48,ETH
2026-01-06 05:19:30+00:00,2026-01-06 05:22:48.930097+00:00,270.0,3228.112,3227.82,3228.58,ETH
2026-01-06 05:19:31+00:00,2026-01-06 05:22:49.944897+00:00,271.0,3228.242,3227.87,3228.65,ETH
2026-01-06 05:19:32+00:00,2026-01-06 05:22:50.940844+00:00,272.0,3228.242,3227.89,3228.65,ETH
2026-01-06 05:19:33+00:00,2026-01-06 05:22:51.957620+00:00,273.0,3228.252,3227.91,3228.65,ETH
2026-01-06 05:19:34+00:00,2026-01-06 05:22:52.958746+00:00,274.0,3228.252,3227.92,3228.65,ETH
2026-01-06 05:19:35+00:00,2026-01-06 05:22:53.973323+00:00,275.0,3228.262,3227.93,3228.65,ETH
2026-01-06 05:19:36+00:00,2026-01-06 05:22:54.968491+00:00,276.0,3228.262,3227.93,3228.65,ETH
2026-01-06 05:19:37+00:00,2026-01-06 05:22:55.974893+00:00,277.0,3228.262,3227.93,3228.65,ETH
2026-01-06 05:19:38+00:00,2026-01-06 05:22:56.961640+00:00,278.0,3228.262,3227.93,3228.65,ETH
2026-01-06 05:19:39+00:00,2026-01-06 05:22:57.964916+00:00,279.0,3228.262,3227.93,3228.65,ETH
2026-01-06 05:19:40+00:00,2026-01-06 05:22:58.992371+00:00,280.0,3228.292,3227.94,3228.65,ETH
2026-01-06 05:19:41+00:00,2026-01-06 05:22:59.985161+00:00,281.0,3228.292,3227.94,3228.84,ETH
2026-01-06 05:19:42+00:00,2026-01-06 05:23:01.009337+00:00,282.0,3228.672,3228.37,3228.93,ETH
2026-01-06 05:19:43+00:00,2026-01-06 05:23:02.002377+00:00,283.0,3228.672,3228.37,3228.92,ETH
2026-01-06 05:19:44+00:00,2026-01-06 05:23:02.994369+00:00,284.0,3228.462,3228.27,3228.51,ETH
2026-01-06 05:19:45+00:00,2026-01-06 05:23:04.006759+00:00,285.0,3228.202,3227.79,3228.49,ETH
2026-01-06 05:19:46+00:00,2026-01-06 05:23:05.008887+00:00,286.0,3227.642,3227.56,3227.69,ETH
2026-01-06 05:19:47+00:00,2026-01-06 05:23:06.021717+00:00,287.0,3227.392,3227.06,3227.54,ETH
2026-01-06 05:19:48+00:00,2026-01-06 05:23:07.020648+00:00,288.0,3227.372,3226.88,3227.45,ETH
2026-01-06 05:19:49+00:00,2026-01-06 05:23:08.038808+00:00,289.0,3226.851,3226.84,3226.95,ETH
2026-01-06 05:19:50+00:00,2026-01-06 05:23:09.056396+00:00,290.0,3226.601,3226.22,3226.77,ETH
2026-01-06 05:19:51+00:00,2026-01-06 05:23:10.055453+00:00,291.0,3226.431,3226.01,3226.72,ETH
2026-01-06 05:19:52+00:00,2026-01-06 05:23:11.057289+00:00,292.0,3225.921,3225.83,3226.1,ETH
2026-01-06 05:19:53+00:00,2026-01-06 05:23:12.061226+00:00,293.0,3225.681,3225.21,3225.76,ETH
2026-01-06 05:19:54+00:00,2026-01-06 05:23:13.069284+00:00,294.0,3225.681,3225.21,3225.83,ETH
2026-01-06 05:19:55+00:00,2026-01-06 05:23:14.079602+00:00,295.0,3225.681,3225.21,3225.78,ETH
2026-01-06 05:19:56+00:00,2026-01-06 05:23:15.078103+00:00,296.0,3225.631,3225.19,3225.79,ETH
2026-01-06 05:19:57+00:00,2026-01-06 05:23:16.087586+00:00,297.0,3225.631,3225.18,3225.77,ETH
2026-01-06 05:19:58+00:00,2026-01-06 05:23:17.102281+00:00,298.0,3225.631,3225.19,3225.74,ETH
2026-01-06 05:19:59+00:00,2026-01-06 05:23:18.091921+00:00,299.0,3225.361,3225.12,3225.77,ETH
2026-01-06 05:20:00+00:00,2026-01-06 05:23:19.105886+00:00,300.0,3225.581,3225.2,3225.77,ETH
2026-01-06 05:20:01+00:00,2026-01-06 05:23:20.111881+00:00,301.0,3225.501,3225.1,3225.77,ETH
2026-01-06 05:20:02+00:00,2026-01-06 05:23:21.120920+00:00,302.0,3225.551,3225.11,3225.67,ETH
2026-01-06 05:20:03+00:00,2026-01-06 05:23:22.137429+00:00,303.0,3225.561,3225.07,3225.76,ETH
2026-01-06 05:20:04+00:00,2026-01-06 05:23:23.144605+00:00,304.0,3225.561,3225.06,3225.73,ETH
2026-01-06 05:20:05+00:00,2026-01-06 05:23:24.140971+00:00,305.0,3225.581,3225.08,3225.76,ETH
2026-01-06 05:20:06+00:00,2026-01-06 05:23:25.139156+00:00,306.0,3225.581,3225.08,3225.76,ETH
2026-01-06 05:20:07+00:00,2026-01-06 05:23:26.144710+00:00,307.0,3225.581,3225.09,3225.76,ETH
2026-01-06 05:20:08+00:00,2026-01-06 05:23:27.121776+00:00,308.0,3225.581,3225.09,3225.76,ETH
2026-01-06 05:20:09+00:00,2026-01-06 05:23:28.138875+00:00,309.0,3225.571,3225.07,3225.76,ETH
2026-01-06 05:20:10+00:00,2026-01-06 05:23:29.168783+00:00,310.0,3225.581,3225.08,3225.76,ETH
2026-01-06 05:20:11+00:00,2026-01-06 05:23:30.170966+00:00,311.0,3225.381,3225.08,3225.44,ETH
2026-01-06 05:20:12+00:00,2026-01-06 05:23:31.173048+00:00,312.0,3225.391,3224.84,3225.51,ETH
2026-01-06 05:20:13+00:00,2026-01-06 05:23:32.193935+00:00,313.0,3225.401,3224.91,3225.52,ETH
2026-01-06 05:20:14+00:00,2026-01-06 05:23:33.189034+00:00,314.0,3225.401,3224.9,3225.77,ETH
2026-01-06 05:20:15+00:00,2026-01-06 05:23:34.191954+00:00,315.0,3225.761,3225.38,3226.24,ETH
2026-01-06 05:20:16+00:00,2026-01-06 05:23:35.191788+00:00,316.0,3225.811,3225.41,3226.22,ETH
2026-01-06 05:20:17+00:00,2026-01-06 05:23:36.191695+00:00,317.0,3225.801,3225.41,3226.16,ETH
2026-01-06 05:20:18+00:00,2026-01-06 05:23:37.201636+00:00,318.0,3225.801,3225.41,3226.21,ETH
2026-01-06 05:20:19+00:00,2026-01-06 05:23:38.207817+00:00,319.0,3225.801,3225.41,3226.14,ETH
2026-01-06 05:20:20+00:00,2026-01-06 05:23:39.228053+00:00,320.0,3225.801,3225.41,3226.14,ETH
2026-01-06 05:20:21+00:00,2026-01-06 05:23:40.221799+00:00,321.0,3225.781,3225.41,3226.14,ETH
2026-01-06 05:20:22+00:00,2026-01-06 05:23:41.237049+00:00,322.0,3225.781,3225.41,3226.14,ETH
2026-01-06 05:20:23+00:00,2026-01-06 05:23:42.239378+00:00,323.0,3225.781,3225.44,3226.14,ETH
2026-01-06 05:20:24+00:00,2026-01-06 05:23:43.254294+00:00,324.0,3225.781,3225.44,3226.14,ETH
2026-01-06 05:20:25+00:00,2026-01-06 05:23:44.242376+00:00,325.0,3225.811,3225.46,3226.16,ETH
2026-01-06 05:20:26+00:00,2026-01-06 05:23:45.229927+00:00,326.0,3225.801,3225.46,3226.16,ETH
2026-01-06 05:20:27+00:00,2026-01-06 05:23:46.230731+00:00,327.0,3225.801,3225.46,3226.16,ETH
2026-01-06 05:20:28+00:00,2026-01-06 05:23:47.250602+00:00,328.0,3225.801,3225.46,3226.16,ETH
2026-01-06 05:20:29+00:00,2026-01-06 05:23:48.266830+00:00,329.0,3225.811,3225.46,3226.16,ETH
2026-01-06 05:20:30+00:00,2026-01-06 05:23:49.270337+00:00,330.0,3225.811,3225.46,3226.16,ETH
2026-01-06 05:20:31+00:00,2026-01-06 05:23:50.256181+00:00,331.0,3225.801,3225.44,3226.16,ETH
2026-01-06 05:20:32+00:00,2026-01-06 05:23:51.266845+00:00,332.0,3225.801,3225.44,3226.16,ETH
2026-01-06 05:20:33+00:00,2026-01-06 05:23:52.285683+00:00,333.0,3225.801,3225.44,3226.16,ETH
2026-01-06 05:20:34+00:00,2026-01-06 05:23:53.290193+00:00,334.0,3225.801,3225.44,3226.16,ETH
2026-01-06 05:20:35+00:00,2026-01-06 05:23:54.303449+00:00,335.0,3225.801,3225.44,3226.16,ETH
2026-01-06 05:20:36+00:00,2026-01-06 05:23:55.300943+00:00,336.0,3225.811,3225.46,3226.15,ETH
2026-01-06 05:20:37+00:00,2026-01-06 05:23:56.319876+00:00,337.0,3225.821,3225.46,3226.15,ETH
2026-01-06 05:20:38+00:00,2026-01-06 05:23:57.313228+00:00,338.0,3225.821,3225.46,3226.15,ETH
2026-01-06 05:20:39+00:00,2026-01-06 05:23:58.324512+00:00,339.0,3226.081,3225.52,3226.37,ETH
2026-01-06 05:20:40+00:00,2026-01-06 05:23:59.336882+00:00,340.0,3226.121,3225.84,3226.42,ETH
2026-01-06 05:20:41+00:00,2026-01-06 05:24:00.344468+00:00,341.0,3226.151,3225.83,3226.58,ETH
2026-01-06 05:20:42+00:00,2026-01-06 05:24:01.341226+00:00,342.0,3226.151,3225.81,3226.59,ETH
2026-01-06 05:20:43+00:00,2026-01-06 05:24:02.357886+00:00,343.0,3226.151,3225.81,3226.6,ETH
2026-01-06 05:20:44+00:00,2026-01-06 05:24:03.369682+00:00,344.0,3226.181,3225.81,3226.61,ETH
2026-01-06 05:20:45+00:00,2026-01-06 05:24:04.371541+00:00,345.0,3226.271,3225.82,3226.71,ETH
2026-01-06 05:20:46+00:00,2026-01-06 05:24:05.371413+00:00,346.0,3225.931,3225.72,3225.94,ETH
2026-01-06 05:20:47+00:00,2026-01-06 05:24:06.389773+00:00,347.0,3225.651,3225.64,3225.77,ETH
2026-01-06 05:20:48+00:00,2026-01-06 05:24:07.383898+00:00,348.0,3225.471,3225.45,3225.6,ETH
2026-01-06 05:20:49+00:00,2026-01-06 05:24:09.374078+00:00,349.0,3225.441,3224.94,3225.61,ETH
2026-01-06 05:20:50+00:00,2026-01-06 05:24:10.393145+00:00,350.0,3225.451,3224.95,3225.6,ETH
2026-01-06 05:20:51+00:00,2026-01-06 05:24:11.386727+00:00,351.0,3225.451,3224.95,3225.59,ETH
2026-01-06 05:20:52+00:00,2026-01-06 05:24:12.389719+00:00,352.0,3225.441,3224.94,3225.59,ETH
2026-01-06 05:20:53+00:00,2026-01-06 05:24:13.391771+00:00,353.0,3225.441,3224.93,3225.6,ETH
2026-01-06 05:20:54+00:00,2026-01-06 05:24:14.397711+00:00,354.0,3225.441,3224.93,3225.6,ETH
2026-01-06 05:20:55+00:00,2026-01-06 05:24:15.408512+00:00,355.0,3225.451,3224.95,3225.61,ETH
2026-01-06 05:20:56+00:00,2026-01-06 05:24:16.420886+00:00,356.0,3225.451,3224.96,3225.6,ETH
2026-01-06 05:20:57+00:00,2026-01-06 05:24:17.425313+00:00,357.0,3225.451,3224.96,3225.59,ETH
2026-01-06 05:20:58+00:00,2026-01-06 05:24:18.420250+00:00,358.0,3225.451,3224.96,3225.59,ETH
2026-01-06 05:20:59+00:00,2026-01-06 05:24:19.438543+00:00,359.0,3225.451,3224.96,3225.62,ETH
2026-01-06 05:21:00+00:00,2026-01-06 05:24:20.454655+00:00,360.0,3225.451,3224.96,3225.63,ETH
2026-01-06 05:21:01+00:00,2026-01-06 05:24:21.472604+00:00,361.0,3225.451,3224.96,3225.64,ETH
2026-01-06 05:21:02+00:00,2026-01-06 05:24:22.487718+00:00,362.0,3225.431,3224.94,3225.62,ETH
2026-01-06 05:21:03+00:00,2026-01-06 05:24:23.504733+00:00,363.0,3225.421,3224.92,3225.58,ETH
2026-01-06 05:21:04+00:00,2026-01-06 05:24:24.500864+00:00,364.0,3225.421,3224.93,3225.62,ETH
2026-01-06 05:21:05+00:00,2026-01-06 05:24:25.504104+00:00,365.0,3225.431,3224.94,3225.65,ETH
2026-01-06 05:21:06+00:00,2026-01-06 05:24:26.514423+00:00,366.0,3225.431,3224.93,3225.63,ETH
2026-01-06 05:21:07+00:00,2026-01-06 05:24:27.530545+00:00,367.0,3225.421,3224.91,3225.61,ETH
2026-01-06 05:21:08+00:00,2026-01-06 05:24:28.532751+00:00,368.0,3225.421,3224.91,3225.6,ETH
2026-01-06 05:21:09+00:00,2026-01-06 05:24:29.540109+00:00,369.0,3225.421,3224.91,3225.67,ETH
2026-01-06 05:21:10+00:00,2026-01-06 05:24:30.535934+00:00,370.0,3225.431,3224.92,3225.7,ETH
2026-01-06 05:21:11+00:00,2026-01-06 05:24:31.536115+00:00,371.0,3225.431,3224.91,3225.63,ETH
2026-01-06 05:21:12+00:00,2026-01-06 05:24:32.535247+00:00,372.0,3225.431,3224.9,3225.61,ETH
2026-01-06 05:21:13+00:00,2026-01-06 05:24:33.522291+00:00,373.0,3225.431,3224.9,3225.61,ETH
2026-01-06 05:21:14+00:00,2026-01-06 05:24:34.518903+00:00,374.0,3225.431,3224.9,3225.61,ETH
2026-01-06 05:21:15+00:00,2026-01-06 05:24:35.530605+00:00,375.0,3225.431,3224.9,3225.61,ETH
2026-01-06 05:21:16+00:00,2026-01-06 05:24:36.526958+00:00,376.0,3225.431,3224.9,3225.61,ETH
2026-01-06 05:21:17+00:00,2026-01-06 05:24:37.533585+00:00,377.0,3225.421,3224.9,3225.61,ETH
2026-01-06 05:21:18+00:00,2026-01-06 05:24:38.534020+00:00,378.0,3225.111,3224.9,3225.58,ETH
2026-01-06 05:21:19+00:00,2026-01-06 05:24:39.532681+00:00,379.0,3225.381,3224.86,3225.49,ETH
2026-01-06 05:21:20+00:00,2026-01-06 05:24:40.532513+00:00,380.0,3225.371,3224.86,3225.58,ETH
2026-01-06 05:21:21+00:00,2026-01-06 05:24:41.524550+00:00,381.0,3225.381,3224.86,3225.58,ETH
2026-01-06 05:21:22+00:00,2026-01-06 05:24:42.530790+00:00,382.0,3225.251,3224.85,3225.45,ETH
2026-01-06 05:21:23+00:00,2026-01-06 05:24:43.533110+00:00,383.0,3225.111,3224.78,3225.19,ETH
2026-01-06 05:21:24+00:00,2026-01-06 05:24:44.532317+00:00,384.0,3224.971,3224.66,3225.12,ETH
2026-01-06 05:21:25+00:00,2026-01-06 05:24:45.522838+00:00,385.0,3224.911,3224.46,3225.12,ETH
2026-01-06 05:21:26+00:00,2026-01-06 05:24:46.529857+00:00,386.0,3224.941,3224.43,3225.12,ETH
2026-01-06 05:21:27+00:00,2026-01-06 05:24:47.533609+00:00,387.0,3224.921,3224.41,3225.12,ETH
2026-01-06 05:21:28+00:00,2026-01-06 05:24:48.539125+00:00,388.0,3224.851,3224.43,3225.12,ETH
2026-01-06 05:21:29+00:00,2026-01-06 05:24:49.534939+00:00,389.0,3224.851,3224.38,3224.91,ETH
2026-01-06 05:21:30+00:00,2026-01-06 05:24:50.563913+00:00,390.0,3224.741,3224.3,3224.91,ETH
2026-01-06 05:21:31+00:00,2026-01-06 05:24:51.569901+00:00,391.0,3224.741,3224.23,3224.95,ETH
2026-01-06 05:21:32+00:00,2026-01-06 05:24:52.595142+00:00,392.0,3224.741,3224.23,3224.93,ETH
2026-01-06 05:21:33+00:00,2026-01-06 05:24:53.599358+00:00,393.0,3224.741,3224.23,3224.93,ETH
2026-01-06 05:21:34+00:00,2026-01-06 05:24:54.606141+00:00,394.0,3224.741,3224.23,3224.93,ETH
2026-01-06 05:21:35+00:00,2026-01-06 05:24:55.596898+00:00,395.0,3224.751,3224.25,3224.94,ETH
2026-01-06 05:21:36+00:00,2026-01-06 05:24:56.597126+00:00,396.0,3224.821,3224.26,3225.11,ETH
2026-01-06 05:21:37+00:00,2026-01-06 05:24:58.616167+00:00,397.0,3224.821,3224.46,3225.06,ETH
2026-01-06 05:21:38+00:00,2026-01-06 05:24:59.625491+00:00,398.0,3224.821,3224.46,3225.06,ETH
2026-01-06 05:21:39+00:00,2026-01-06 05:25:00.635090+00:00,399.0,3224.821,3224.46,3225.07,ETH
2026-01-06 05:21:40+00:00,2026-01-06 05:25:01.641696+00:00,400.0,3224.821,3224.46,3225.06,ETH
2026-01-06 05:21:42+00:00,2026-01-06 05:25:02.673712+00:00,402.0,3224.841,3224.46,3225.03,ETH
2026-01-06 05:21:43+00:00,2026-01-06 05:25:03.681006+00:00,403.0,3224.441,3224.39,3224.52,ETH
2026-01-06 05:21:44+00:00,2026-01-06 05:25:04.670886+00:00,404.0,3224.231,3223.87,3224.52,ETH
2026-01-06 05:21:45+00:00,2026-01-06 05:25:05.695206+00:00,405.0,3224.121,3223.72,3224.28,ETH
2026-01-06 05:21:46+00:00,2026-01-06 05:25:06.690134+00:00,406.0,3223.981,3223.44,3224.23,ETH
2026-01-06 05:21:47+00:00,2026-01-06 05:25:07.724008+00:00,407.0,3223.981,3223.46,3224.23,ETH
2026-01-06 05:21:48+00:00,2026-01-06 05:25:08.691374+00:00,408.0,3223.981,3223.46,3224.23,ETH
2026-01-06 05:21:49+00:00,2026-01-06 05:25:09.674832+00:00,409.0,3224.001,3223.49,3224.23,ETH
2026-01-06 05:21:50+00:00,2026-01-06 05:25:10.705064+00:00,410.0,3224.001,3223.49,3224.23,ETH
2026-01-06 05:21:51+00:00,2026-01-06 05:25:11.818365+00:00,411.0,3224.001,3223.49,3224.23,ETH
2026-01-06 05:21:52+00:00,2026-01-06 05:25:12.801640+00:00,412.0,3223.971,3223.42,3224.21,ETH
2026-01-06 05:21:53+00:00,2026-01-06 05:25:13.822699+00:00,413.0,3223.971,3223.44,3224.17,ETH
2026-01-06 05:21:54+00:00,2026-01-06 05:25:14.835774+00:00,414.0,3223.941,3223.43,3224.17,ETH
2026-01-06 05:21:55+00:00,2026-01-06 05:25:15.832927+00:00,415.0,3223.941,3223.43,3224.17,ETH
2026-01-06 05:21:56+00:00,2026-01-06 05:25:16.844590+00:00,416.0,3223.941,3223.43,3224.17,ETH
2026-01-06 05:21:57+00:00,2026-01-06 05:25:17.853426+00:00,417.0,3223.951,3223.45,3224.18,ETH
2026-01-06 05:21:58+00:00,2026-01-06 05:25:18.850441+00:00,418.0,3224.001,3223.52,3224.2,ETH
2026-01-06 05:21:59+00:00,2026-01-06 05:25:19.849479+00:00,419.0,3223.991,3223.49,3224.14,ETH
2026-01-06 05:22:00+00:00,2026-01-06 05:25:20.848072+00:00,420.0,3223.971,3223.47,3224.22,ETH
2026-01-06 05:22:01+00:00,2026-01-06 05:25:21.860836+00:00,421.0,3224.141,3223.62,3224.37,ETH
2026-01-06 05:22:02+00:00,2026-01-06 05:25:22.881602+00:00,422.0,3224.301,3223.76,3224.52,ETH
2026-01-06 05:22:03+00:00,2026-01-06 05:25:23.866447+00:00,423.0,3224.301,3223.89,3224.56,ETH
2026-01-06 05:22:04+00:00,2026-01-06 05:25:24.852976+00:00,424.0,3224.391,3223.93,3224.54,ETH
2026-01-06 05:22:05+00:00,2026-01-06 05:25:25.868220+00:00,425.0,3224.261,3223.9,3224.55,ETH
2026-01-06 05:22:06+00:00,2026-01-06 05:25:26.865370+00:00,426.0,3224.161,3223.89,3224.39,ETH
2026-01-06 05:22:07+00:00,2026-01-06 05:25:27.871932+00:00,427.0,3224.061,3223.88,3224.23,ETH
2026-01-06 05:22:08+00:00,2026-01-06 05:25:28.889297+00:00,428.0,3223.881,3223.55,3224.23,ETH
2026-01-06 05:22:09+00:00,2026-01-06 05:25:29.886896+00:00,429.0,3223.921,3223.54,3224.16,ETH
2026-01-06 05:22:10+00:00,2026-01-06 05:25:30.885945+00:00,430.0,3223.911,3223.54,3224.22,ETH
2026-01-06 05:22:11+00:00,2026-01-06 05:25:31.906392+00:00,431.0,3223.871,3223.55,3224.22,ETH
2026-01-06 05:22:12+00:00,2026-01-06 05:25:32.924003+00:00,432.0,3223.861,3223.54,3224.2,ETH
2026-01-06 05:22:13+00:00,2026-01-06 05:25:33.926170+00:00,433.0,3223.861,3223.53,3224.2,ETH
2026-01-06 05:22:14+00:00,2026-01-06 05:25:34.924895+00:00,434.0,3223.901,3223.54,3224.2,ETH
2026-01-06 05:22:15+00:00,2026-01-06 05:25:35.999562+00:00,435.0,3224.181,3223.64,3224.36,ETH
2026-01-06 05:22:16+00:00,2026-01-06 05:25:37.005571+00:00,436.0,3224.291,3223.82,3224.56,ETH
2026-01-06 05:22:17+00:00,2026-01-06 05:25:38.010758+00:00,437.0,3224.311,3223.86,3224.56,ETH
2026-01-06 05:22:18+00:00,2026-01-06 05:25:39.068488+00:00,438.0,3224.331,3223.86,3224.72,ETH
2026-01-06 05:22:19+00:00,2026-01-06 05:25:40.071690+00:00,439.0,3224.331,3223.88,3224.86,ETH
2026-01-06 05:22:20+00:00,2026-01-06 05:25:41.086189+00:00,440.0,3224.521,3224.16,3224.86,ETH
2026-01-06 05:22:21+00:00,2026-01-06 05:25:42.096517+00:00,441.0,3224.521,3224.16,3225.04,ETH
2026-01-06 05:22:22+00:00,2026-01-06 05:25:43.094671+00:00,442.0,3224.661,3224.32,3225.04,ETH
2026-01-06 05:22:23+00:00,2026-01-06 05:25:44.100709+00:00,443.0,3224.661,3224.32,3225.11,ETH
2026-01-06 05:22:24+00:00,2026-01-06 05:25:45.100398+00:00,444.0,3224.661,3224.32,3225.04,ETH
2026-01-06 05:22:25+00:00,2026-01-06 05:25:46.098814+00:00,445.0,3224.661,3224.32,3225.04,ETH
2026-01-06 05:22:26+00:00,2026-01-06 05:25:47.098603+00:00,446.0,3224.651,3224.35,3225.04,ETH
2026-01-06 05:22:27+00:00,2026-01-06 05:25:48.121159+00:00,447.0,3224.651,3224.34,3225.04,ETH
2026-01-06 05:22:28+00:00,2026-01-06 05:25:49.129270+00:00,448.0,3224.641,3224.34,3225.04,ETH
2026-01-06 05:22:29+00:00,2026-01-06 05:25:50.142551+00:00,449.0,3224.641,3224.34,3225.12,ETH
2026-01-06 05:22:30+00:00,2026-01-06 05:25:51.149147+00:00,450.0,3224.661,3224.38,3225.14,ETH
2026-01-06 05:22:31+00:00,2026-01-06 05:25:52.135307+00:00,451.0,3224.661,3224.38,3225.11,ETH
2026-01-06 05:22:32+00:00,2026-01-06 05:25:53.138594+00:00,452.0,3224.661,3224.4,3225.07,ETH
2026-01-06 05:22:33+00:00,2026-01-06 05:25:54.169132+00:00,453.0,3224.681,3224.4,3225.14,ETH
2026-01-06 05:22:34+00:00,2026-01-06 05:25:55.163731+00:00,454.0,3224.671,3224.37,3225.06,ETH
2026-01-06 05:22:35+00:00,2026-01-06 05:25:56.164076+00:00,455.0,3224.681,3224.37,3225.04,ETH
2026-01-06 05:22:36+00:00,2026-01-06 05:25:57.164781+00:00,456.0,3224.671,3224.37,3225.14,ETH
2026-01-06 05:22:37+00:00,2026-01-06 05:25:58.165181+00:00,457.0,3224.671,3224.37,3225.14,ETH
2026-01-06 05:22:38+00:00,2026-01-06 05:25:59.168229+00:00,458.0,3224.661,3224.37,3225.11,ETH
2026-01-06 05:22:39+00:00,2026-01-06 05:26:00.176176+00:00,459.0,3224.701,3224.35,3225.13,ETH
2026-01-06 05:22:40+00:00,2026-01-06 05:26:01.178776+00:00,460.0,3224.701,3224.35,3225.14,ETH
2026-01-06 05:22:41+00:00,2026-01-06 05:26:02.196285+00:00,461.0,3224.711,3224.35,3225.15,ETH
2026-01-06 05:22:42+00:00,2026-01-06 05:26:03.178483+00:00,462.0,3224.701,3224.35,3225.15,ETH
2026-01-06 05:22:43+00:00,2026-01-06 05:26:04.186888+00:00,463.0,3224.701,3224.35,3225.1,ETH
2026-01-06 05:22:44+00:00,2026-01-06 05:26:05.196948+00:00,464.0,3224.691,3224.35,3225.08,ETH
2026-01-06 05:22:45+00:00,2026-01-06 05:26:06.197187+00:00,465.0,3224.691,3224.35,3225.11,ETH
2026-01-06 05:22:46+00:00,2026-01-06 05:26:07.214116+00:00,466.0,3224.691,3224.35,3225.13,ETH
2026-01-06 05:22:47+00:00,2026-01-06 05:26:08.235147+00:00,467.0,3224.691,3224.35,3225.12,ETH
2026-01-06 05:22:48+00:00,2026-01-06 05:26:09.337352+00:00,468.0,3224.931,3224.45,3225.36,ETH
2026-01-06 05:22:49+00:00,2026-01-06 05:26:10.320095+00:00,469.0,3225.061,3224.55,3225.53,ETH
2026-01-06 05:22:50+00:00,2026-01-06 05:26:11.343895+00:00,470.0,3225.301,3224.82,3225.64,ETH
2026-01-06 05:22:51+00:00,2026-01-06 05:26:12.336831+00:00,471.0,3225.341,3224.89,3225.79,ETH
2026-01-06 05:22:52+00:00,2026-01-06 05:26:13.349512+00:00,472.0,3225.371,3224.95,3225.95,ETH
2026-01-06 05:22:53+00:00,2026-01-06 05:26:14.343855+00:00,473.0,3225.631,3225.11,3225.78,ETH
2026-01-06 05:22:54+00:00,2026-01-06 05:26:15.341178+00:00,474.0,3225.531,3225.07,3225.87,ETH
2026-01-06 05:22:55+00:00,2026-01-06 05:26:16.339766+00:00,475.0,3225.331,3224.82,3225.58,ETH
2026-01-06 05:22:56+00:00,2026-01-06 05:26:17.343641+00:00,476.0,3225.341,3224.9,3225.61,ETH
2026-01-06 05:22:57+00:00,2026-01-06 05:26:18.353722+00:00,477.0,3225.331,3224.91,3225.65,ETH
2026-01-06 05:22:58+00:00,2026-01-06 05:26:19.363487+00:00,478.0,3225.521,3224.98,3225.73,ETH
2026-01-06 05:22:59+00:00,2026-01-06 05:26:20.364605+00:00,479.0,3225.571,3225.19,3225.93,ETH
2026-01-06 05:23:00+00:00,2026-01-06 05:26:21.378141+00:00,480.0,3225.591,3225.17,3225.99,ETH
2026-01-06 05:23:01+00:00,2026-01-06 05:26:22.380490+00:00,481.0,3225.701,3225.32,3226.06,ETH
2026-01-06 05:23:02+00:00,2026-01-06 05:26:23.393967+00:00,482.0,3225.691,3225.34,3226.13,ETH
2026-01-06 05:23:03+00:00,2026-01-06 05:26:24.396130+00:00,483.0,3225.691,3225.34,3226.04,ETH
2026-01-06 05:23:04+00:00,2026-01-06 05:26:25.412190+00:00,484.0,3225.711,3225.33,3226.04,ETH
2026-01-06 05:23:05+00:00,2026-01-06 05:26:26.417056+00:00,485.0,3225.721,3225.33,3225.94,ETH
2026-01-06 05:23:06+00:00,2026-01-06 05:26:27.435868+00:00,486.0,3225.671,3225.31,3225.94,ETH
2026-01-06 05:23:07+00:00,2026-01-06 05:26:28.446184+00:00,487.0,3225.651,3225.29,3226.0,ETH
2026-01-06 05:23:08+00:00,2026-01-06 05:26:29.447025+00:00,488.0,3225.621,3225.29,3225.76,ETH
2026-01-06 05:23:09+00:00,2026-01-06 05:26:30.461161+00:00,489.0,3225.421,3225.12,3225.79,ETH
2026-01-06 05:23:10+00:00,2026-01-06 05:26:31.469516+00:00,490.0,3225.291,3224.73,3225.56,ETH
2026-01-06 05:23:11+00:00,2026-01-06 05:26:32.467254+00:00,491.0,3225.451,3224.93,3225.75,ETH
2026-01-06 05:23:12+00:00,2026-01-06 05:26:33.482263+00:00,492.0,3225.531,3225.08,3225.88,ETH
2026-01-06 05:23:13+00:00,2026-01-06 05:26:35.484010+00:00,493.0,3225.911,3225.34,3226.26,ETH
2026-01-06 05:23:14+00:00,2026-01-06 05:26:36.500719+00:00,494.0,3226.091,3225.63,3226.47,ETH
2026-01-06 05:23:15+00:00,2026-01-06 05:26:37.499776+00:00,495.0,3226.161,3225.99,3226.7,ETH
2026-01-06 05:23:16+00:00,2026-01-06 05:26:38.513429+00:00,496.0,3226.401,3226.23,3226.88,ETH
2026-01-06 05:23:17+00:00,2026-01-06 05:26:39.516042+00:00,497.0,3226.631,3226.27,3227.0,ETH
2026-01-06 05:23:18+00:00,2026-01-06 05:26:40.529182+00:00,498.0,3226.721,3226.28,3227.11,ETH
2026-01-06 05:23:19+00:00,2026-01-06 05:26:41.549321+00:00,499.0,3226.801,3226.37,3227.17,ETH
2026-01-06 05:23:20+00:00,2026-01-06 05:26:42.566315+00:00,500.0,3226.801,3226.45,3227.13,ETH
2026-01-06 05:23:21+00:00,2026-01-06 05:26:43.574371+00:00,501.0,3226.821,3226.4,3227.17,ETH
2026-01-06 05:23:22+00:00,2026-01-06 05:26:44.590115+00:00,502.0,3226.571,3226.27,3226.8,ETH
2026-01-06 05:23:23+00:00,2026-01-06 05:26:45.585591+00:00,503.0,3226.151,3225.82,3226.31,ETH
2026-01-06 05:23:24+00:00,2026-01-06 05:26:46.594761+00:00,504.0,3225.971,3225.43,3226.2,ETH
2026-01-06 05:23:25+00:00,2026-01-06 05:26:47.616653+00:00,505.0,3225.961,3225.44,3226.18,ETH
2026-01-06 05:23:26+00:00,2026-01-06 05:26:48.624752+00:00,506.0,3225.961,3225.47,3226.24,ETH
2026-01-06 05:23:27+00:00,2026-01-06 05:26:49.644066+00:00,507.0,3225.961,3225.48,3226.22,ETH
2026-01-06 05:23:28+00:00,2026-01-06 05:26:50.647818+00:00,508.0,3225.961,3225.49,3226.19,ETH
2026-01-06 05:23:29+00:00,2026-01-06 05:26:51.650557+00:00,509.0,3225.801,3225.48,3225.96,ETH
2026-01-06 05:23:31+00:00,2026-01-06 05:26:52.693140+00:00,511.0,3225.511,3224.99,3225.77,ETH
2026-01-06 05:23:32+00:00,2026-01-06 05:26:53.689306+00:00,512.0,3225.471,3224.96,3225.69,ETH
2026-01-06 05:23:33+00:00,2026-01-06 05:26:54.697619+00:00,513.0,3225.001,3224.8,3225.14,ETH
2026-01-06 05:23:34+00:00,2026-01-06 05:26:55.701164+00:00,514.0,3224.391,3224.28,3225.03,ETH
2026-01-06 05:23:35+00:00,2026-01-06 05:26:56.721348+00:00,515.0,3224.391,3223.93,3224.55,ETH
2026-01-06 05:23:36+00:00,2026-01-06 05:26:57.712455+00:00,516.0,3224.361,3223.91,3224.48,ETH
2026-01-06 05:23:37+00:00,2026-01-06 05:26:58.710741+00:00,517.0,3224.351,3223.88,3224.44,ETH
2026-01-06 05:23:38+00:00,2026-01-06 05:27:00.710018+00:00,518.0,3224.351,3223.88,3224.43,ETH
2026-01-06 05:23:39+00:00,2026-01-06 05:27:01.733161+00:00,519.0,3224.351,3223.88,3224.43,ETH
2026-01-06 05:23:40+00:00,2026-01-06 05:27:02.748234+00:00,520.0,3224.351,3223.88,3224.44,ETH
2026-01-06 05:23:41+00:00,2026-01-06 05:27:03.760956+00:00,521.0,3224.351,3223.88,3224.44,ETH
2026-01-06 05:23:42+00:00,2026-01-06 05:27:04.773045+00:00,522.0,3223.801,3223.52,3224.0,ETH
2026-01-06 05:23:43+00:00,2026-01-06 05:27:05.773931+00:00,523.0,3223.221,3222.98,3223.5,ETH
2026-01-06 05:23:44+00:00,2026-01-06 05:27:06.780624+00:00,524.0,3223.181,3222.75,3223.43,ETH
2026-01-06 05:23:45+00:00,2026-01-06 05:27:07.781683+00:00,525.0,3223.171,3222.7,3223.41,ETH
2026-01-06 05:23:46+00:00,2026-01-06 05:27:08.791530+00:00,526.0,3223.161,3222.68,3223.39,ETH
2026-01-06 05:23:48+00:00,2026-01-06 05:27:09.859971+00:00,528.0,3223.171,3222.68,3223.4,ETH
2026-01-06 05:23:49+00:00,2026-01-06 05:27:10.860728+00:00,529.0,3223.171,3222.69,3223.39,ETH
2026-01-06 05:23:50+00:00,2026-01-06 05:27:11.840854+00:00,530.0,3223.151,3222.68,3223.39,ETH
2026-01-06 05:23:51+00:00,2026-01-06 05:27:12.880962+00:00,531.0,3223.151,3222.68,3223.4,ETH
2026-01-06 05:23:52+00:00,2026-01-06 05:27:13.856566+00:00,532.0,3223.151,3222.68,3223.4,ETH
2026-01-06 05:23:53+00:00,2026-01-06 05:27:14.859573+00:00,533.0,3223.151,3222.67,3223.45,ETH
2026-01-06 05:23:54+00:00,2026-01-06 05:27:15.869980+00:00,534.0,3223.151,3222.67,3223.46,ETH
2026-01-06 05:23:55+00:00,2026-01-06 05:27:16.868048+00:00,535.0,3223.151,3222.67,3223.45,ETH
2026-01-06 05:23:56+00:00,2026-01-06 05:27:17.873743+00:00,536.0,3223.281,3222.73,3223.54,ETH
2026-01-06 05:23:57+00:00,2026-01-06 05:27:18.878035+00:00,537.0,3223.281,3222.73,3223.65,ETH
2026-01-06 05:23:58+00:00,2026-01-06 05:27:19.880741+00:00,538.0,3223.281,3222.72,3223.63,ETH
2026-01-06 05:23:59+00:00,2026-01-06 05:27:20.883466+00:00,539.0,3223.291,3222.72,3223.69,ETH
2026-01-06 05:24:00+00:00,2026-01-06 05:27:21.876486+00:00,540.0,3223.281,3222.72,3223.64,ETH
2026-01-06 05:24:01+00:00,2026-01-06 05:27:22.878360+00:00,541.0,3223.281,3222.78,3223.64,ETH
2026-01-06 05:24:02+00:00,2026-01-06 05:27:24.879678+00:00,542.0,3222.961,3222.66,3223.25,ETH
2026-01-06 05:24:03+00:00,2026-01-06 05:27:25.897507+00:00,543.0,3222.701,3222.39,3223.03,ETH
2026-01-06 05:24:04+00:00,2026-01-06 05:27:26.898214+00:00,544.0,3222.661,3222.17,3223.0,ETH
2026-01-06 05:24:05+00:00,2026-01-06 05:27:27.945984+00:00,545.0,3222.661,3222.17,3222.93,ETH
2026-01-06 05:24:06+00:00,2026-01-06 05:27:28.946228+00:00,546.0,3222.511,3222.14,3222.65,ETH
2026-01-06 05:24:07+00:00,2026-01-06 05:27:29.946078+00:00,547.0,3222.311,3221.97,3222.41,ETH
2026-01-06 05:24:08+00:00,2026-01-06 05:27:30.948632+00:00,548.0,3222.041,3221.61,3222.23,ETH
2026-01-06 05:24:09+00:00,2026-01-06 05:27:31.948731+00:00,549.0,3221.641,3221.18,3222.01,ETH
2026-01-06 05:24:10+00:00,2026-01-06 05:27:32.963508+00:00,550.0,3221.401,3220.97,3221.82,ETH
2026-01-06 05:24:11+00:00,2026-01-06 05:27:33.981875+00:00,551.0,3221.341,3221.08,3221.77,ETH
2026-01-06 05:24:12+00:00,2026-01-06 05:27:34.983429+00:00,552.0,3221.601,3221.28,3221.89,ETH
2026-01-06 05:24:13+00:00,2026-01-06 05:27:35.996191+00:00,553.0,3221.761,3221.29,3221.98,ETH
2026-01-06 05:24:14+00:00,2026-01-06 05:27:37.016775+00:00,554.0,3221.681,3221.19,3222.08,ETH
2026-01-06 05:24:15+00:00,2026-01-06 05:27:38.012420+00:00,555.0,3221.741,3221.27,3222.19,ETH
2026-01-06 05:24:16+00:00,2026-01-06 05:27:39.044158+00:00,556.0,3221.771,3221.33,3222.25,ETH
2026-01-06 05:24:17+00:00,2026-01-06 05:27:40.044678+00:00,557.0,3221.771,3221.3,3222.18,ETH
2026-01-06 05:24:18+00:00,2026-01-06 05:27:41.041412+00:00,558.0,3221.771,3221.29,3222.11,ETH
2026-01-06 05:24:19+00:00,2026-01-06 05:27:42.055550+00:00,559.0,3221.931,3221.52,3222.29,ETH
2026-01-06 05:24:20+00:00,2026-01-06 05:27:43.047474+00:00,560.0,3222.111,3221.75,3222.51,ETH
2026-01-06 05:24:21+00:00,2026-01-06 05:27:44.064754+00:00,561.0,3222.131,3221.75,3222.58,ETH
2026-01-06 05:24:22+00:00,2026-01-06 05:27:45.064209+00:00,562.0,3222.181,3221.77,3222.67,ETH
2026-01-06 05:24:23+00:00,2026-01-06 05:27:46.148182+00:00,563.0,3222.191,3221.72,3222.61,ETH
2026-01-06 05:24:24+00:00,2026-01-06 05:27:47.131071+00:00,564.0,3222.101,3221.6,3222.41,ETH
2026-01-06 05:24:25+00:00,2026-01-06 05:27:48.130874+00:00,565.0,3222.221,3221.76,3222.6,ETH
2026-01-06 05:24:26+00:00,2026-01-06 05:27:49.147836+00:00,566.0,3222.381,3222.02,3222.79,ETH
2026-01-06 05:24:27+00:00,2026-01-06 05:27:50.163279+00:00,567.0,3222.371,3222.06,3222.77,ETH
2026-01-06 05:24:28+00:00,2026-01-06 05:27:51.159628+00:00,568.0,3222.411,3222.07,3222.84,ETH
2026-01-06 05:24:29+00:00,2026-01-06 05:27:52.177184+00:00,569.0,3222.451,3222.08,3222.85,ETH
2026-01-06 05:24:30+00:00,2026-01-06 05:27:53.182861+00:00,570.0,3222.451,3222.08,3222.86,ETH
2026-01-06 05:24:31+00:00,2026-01-06 05:27:54.180348+00:00,571.0,3222.531,3222.1,3222.94,ETH
2026-01-06 05:24:32+00:00,2026-01-06 05:27:55.179650+00:00,572.0,3222.601,3222.13,3222.97,ETH
2026-01-06 05:24:33+00:00,2026-01-06 05:27:56.188177+00:00,573.0,3222.611,3222.12,3222.92,ETH
2026-01-06 05:24:34+00:00,2026-01-06 05:27:57.187247+00:00,574.0,3222.611,3222.11,3222.95,ETH
2026-01-06 05:24:35+00:00,2026-01-06 05:27:58.194125+00:00,575.0,3222.711,3222.23,3223.07,ETH
2026-01-06 05:24:36+00:00,2026-01-06 05:27:59.199519+00:00,576.0,3222.811,3222.35,3223.14,ETH
2026-01-06 05:24:37+00:00,2026-01-06 05:28:00.208095+00:00,577.0,3222.811,3222.34,3223.12,ETH
2026-01-06 05:24:38+00:00,2026-01-06 05:28:01.240331+00:00,578.0,3222.811,3222.34,3223.18,ETH
2026-01-06 05:24:39+00:00,2026-01-06 05:28:02.294798+00:00,579.0,3222.821,3222.34,3223.26,ETH
2026-01-06 05:24:41+00:00,2026-01-06 05:28:03.345697+00:00,581.0,3222.811,3222.34,3223.28,ETH
2026-01-06 05:24:42+00:00,2026-01-06 05:28:04.347488+00:00,582.0,3222.631,3222.3,3222.74,ETH
2026-01-06 05:24:43+00:00,2026-01-06 05:28:05.358132+00:00,583.0,3222.411,3221.88,3222.75,ETH
2026-01-06 05:24:44+00:00,2026-01-06 05:28:06.354130+00:00,584.0,3222.411,3221.89,3222.67,ETH
2026-01-06 05:24:45+00:00,2026-01-06 05:28:07.354793+00:00,585.0,3222.411,3221.89,3222.73,ETH
2026-01-06 05:24:46+00:00,2026-01-06 05:28:08.354059+00:00,586.0,3222.351,3221.89,3222.5,ETH
2026-01-06 05:24:47+00:00,2026-01-06 05:28:09.350201+00:00,587.0,3222.121,3221.57,3222.39,ETH
2026-01-06 05:24:48+00:00,2026-01-06 05:28:10.349271+00:00,588.0,3222.121,3221.57,3222.68,ETH
2026-01-06 05:24:49+00:00,2026-01-06 05:28:12.360979+00:00,589.0,3222.441,3222.03,3222.92,ETH
2026-01-06 05:24:50+00:00,2026-01-06 05:28:13.362010+00:00,590.0,3222.581,3222.2,3223.01,ETH
2026-01-06 05:24:51+00:00,2026-01-06 05:28:14.378398+00:00,591.0,3222.711,3222.27,3223.01,ETH
2026-01-06 05:24:52+00:00,2026-01-06 05:28:15.393799+00:00,592.0,3222.691,3222.25,3223.03,ETH
2026-01-06 05:24:53+00:00,2026-01-06 05:28:16.409712+00:00,593.0,3222.661,3222.23,3223.03,ETH
2026-01-06 05:24:54+00:00,2026-01-06 05:28:17.391507+00:00,594.0,3222.661,3222.23,3223.01,ETH
2026-01-06 05:24:55+00:00,2026-01-06 05:28:18.393943+00:00,595.0,3222.661,3222.23,3223.02,ETH
2026-01-06 05:24:56+00:00,2026-01-06 05:28:19.396089+00:00,596.0,3222.671,3222.23,3223.02,ETH
2026-01-06 05:24:57+00:00,2026-01-06 05:28:20.396208+00:00,597.0,3222.671,3222.22,3223.02,ETH
2026-01-06 05:24:58+00:00,2026-01-06 05:28:21.396465+00:00,598.0,3222.671,3222.2,3223.02,ETH
2026-01-06 05:24:59+00:00,2026-01-06 05:28:22.412457+00:00,599.0,3222.661,3222.2,3223.02,ETH
2026-01-06 05:25:00+00:00,2026-01-06 05:28:23.415947+00:00,600.0,3222.621,3222.09,3222.84,ETH
2026-01-06 05:25:01+00:00,2026-01-06 05:28:24.425521+00:00,601.0,3222.491,3221.92,3222.69,ETH
2026-01-06 05:25:02+00:00,2026-01-06 05:28:25.431915+00:00,602.0,3222.221,3221.67,3222.52,ETH
2026-01-06 05:25:03+00:00,2026-01-06 05:28:26.465449+00:00,603.0,3222.021,3221.49,3222.34,ETH
2026-01-06 05:25:04+00:00,2026-01-06 05:28:27.462296+00:00,604.0,3221.971,3221.48,3222.28,ETH
2026-01-06 05:25:05+00:00,2026-01-06 05:28:28.477532+00:00,605.0,3221.971,3221.47,3222.32,ETH
2026-01-06 05:25:06+00:00,2026-01-06 05:28:29.478328+00:00,606.0,3222.051,3221.53,3222.51,ETH
2026-01-06 05:25:07+00:00,2026-01-06 05:28:30.477841+00:00,607.0,3222.171,3221.64,3222.66,ETH
2026-01-06 05:25:08+00:00,2026-01-06 05:28:31.474946+00:00,608.0,3222.241,3221.75,3222.72,ETH
2026-01-06 05:25:09+00:00,2026-01-06 05:28:32.477634+00:00,609.0,3222.261,3221.84,3222.73,ETH
2026-01-06 05:25:10+00:00,2026-01-06 05:28:33.475260+00:00,610.0,3222.271,3221.85,3222.72,ETH
2026-01-06 05:25:11+00:00,2026-01-06 05:28:34.509774+00:00,611.0,3222.271,3221.86,3222.71,ETH
2026-01-06 05:25:12+00:00,2026-01-06 05:28:35.515602+00:00,612.0,3222.271,3221.87,3222.79,ETH
2026-01-06 05:25:13+00:00,2026-01-06 05:28:36.521327+00:00,613.0,3222.271,3221.87,3222.86,ETH
2026-01-06 05:25:14+00:00,2026-01-06 05:28:37.525448+00:00,614.0,3222.541,3222.06,3223.0,ETH
2026-01-06 05:25:15+00:00,2026-01-06 05:28:38.539845+00:00,615.0,3222.541,3222.14,3223.0,ETH
2026-01-06 05:25:16+00:00,2026-01-06 05:28:39.558008+00:00,616.0,3222.561,3222.13,3223.04,ETH
2026-01-06 05:25:17+00:00,2026-01-06 05:28:40.578805+00:00,617.0,3222.521,3222.16,3222.99,ETH
2026-01-06 05:25:18+00:00,2026-01-06 05:28:41.578687+00:00,618.0,3222.531,3222.17,3222.99,ETH
2026-01-06 05:25:19+00:00,2026-01-06 05:28:42.592061+00:00,619.0,3222.531,3222.17,3222.99,ETH
2026-01-06 05:25:20+00:00,2026-01-06 05:28:43.609993+00:00,620.0,3222.531,3222.17,3222.99,ETH
2026-01-06 05:25:21+00:00,2026-01-06 05:28:44.615347+00:00,621.0,3222.531,3222.18,3223.11,ETH
2026-01-06 05:25:22+00:00,2026-01-06 05:28:45.620970+00:00,622.0,3223.131,3222.69,3223.52,ETH
2026-01-06 05:25:23+00:00,2026-01-06 05:28:46.639857+00:00,623.0,3223.131,3222.69,3223.55,ETH
2026-01-06 05:25:24+00:00,2026-01-06 05:28:47.644370+00:00,624.0,3223.171,3222.69,3223.56,ETH
2026-01-06 05:25:25+00:00,2026-01-06 05:28:48.695558+00:00,625.0,3223.181,3222.67,3223.54,ETH
2026-01-06 05:25:26+00:00,2026-01-06 05:28:49.685828+00:00,626.0,3223.181,3222.66,3223.41,ETH
2026-01-06 05:25:27+00:00,2026-01-06 05:28:50.674998+00:00,627.0,3223.041,3222.51,3223.24,ETH
2026-01-06 05:25:28+00:00,2026-01-06 05:28:51.684960+00:00,628.0,3222.901,3222.36,3223.19,ETH
2026-01-06 05:25:29+00:00,2026-01-06 05:28:52.693931+00:00,629.0,3222.891,3222.35,3223.19,ETH
2026-01-06 05:25:30+00:00,2026-01-06 05:28:53.692790+00:00,630.0,3222.891,3222.34,3223.19,ETH
2026-01-06 05:25:31+00:00,2026-01-06 05:28:54.725100+00:00,631.0,3222.881,3222.34,3223.19,ETH
2026-01-06 05:25:32+00:00,2026-01-06 05:28:55.693877+00:00,632.0,3222.881,3222.34,3223.19,ETH
2026-01-06 05:25:33+00:00,2026-01-06 05:28:56.721861+00:00,633.0,3222.841,3222.3,3223.13,ETH
2026-01-06 05:25:34+00:00,2026-01-06 05:28:57.703519+00:00,634.0,3222.781,3222.26,3223.06,ETH
2026-01-06 05:25:35+00:00,2026-01-06 05:28:58.704692+00:00,635.0,3222.771,3222.28,3223.04,ETH
2026-01-06 05:25:36+00:00,2026-01-06 05:28:59.713590+00:00,636.0,3222.781,3222.29,3223.04,ETH
2026-01-06 05:25:37+00:00,2026-01-06 05:29:00.865787+00:00,637.0,3222.781,3222.3,3223.04,ETH
2026-01-06 05:25:38+00:00,2026-01-06 05:29:01.863669+00:00,638.0,3222.781,3222.3,3223.03,ETH
2026-01-06 05:25:39+00:00,2026-01-06 05:29:02.871543+00:00,639.0,3222.791,3222.31,3223.06,ETH
2026-01-06 05:25:40+00:00,2026-01-06 05:29:03.878086+00:00,640.0,3222.791,3222.31,3223.09,ETH
2026-01-06 05:25:41+00:00,2026-01-06 05:29:04.883915+00:00,641.0,3222.791,3222.3,3223.08,ETH
2026-01-06 05:25:42+00:00,2026-01-06 05:29:05.905063+00:00,642.0,3222.781,3222.29,3223.06,ETH
2026-01-06 05:25:43+00:00,2026-01-06 05:29:06.923628+00:00,643.0,3222.781,3222.28,3223.05,ETH
2026-01-06 05:25:44+00:00,2026-01-06 05:29:07.924550+00:00,644.0,3222.781,3222.28,3223.03,ETH
2026-01-06 05:25:45+00:00,2026-01-06 05:29:08.924821+00:00,645.0,3222.771,3222.28,3223.03,ETH
2026-01-06 05:25:46+00:00,2026-01-06 05:29:09.927639+00:00,646.0,3222.781,3222.29,3223.03,ETH
2026-01-06 05:25:47+00:00,2026-01-06 05:29:10.946675+00:00,647.0,3222.791,3222.3,3223.06,ETH
2026-01-06 05:25:48+00:00,2026-01-06 05:29:11.925821+00:00,648.0,3222.811,3222.3,3223.12,ETH
2026-01-06 05:25:49+00:00,2026-01-06 05:29:12.943447+00:00,649.0,3222.831,3222.29,3223.22,ETH
2026-01-06 05:25:50+00:00,2026-01-06 05:29:13.940266+00:00,650.0,3222.841,3222.3,3223.3,ETH
2026-01-06 05:25:51+00:00,2026-01-06 05:29:14.945987+00:00,651.0,3222.831,3222.3,3223.32,ETH
2026-01-06 05:25:52+00:00,2026-01-06 05:29:15.965319+00:00,652.0,3222.831,3222.3,3223.29,ETH
2026-01-06 05:25:53+00:00,2026-01-06 05:29:16.961142+00:00,653.0,3222.821,3222.3,3223.23,ETH
2026-01-06 05:25:54+00:00,2026-01-06 05:29:17.984011+00:00,654.0,3222.831,3222.31,3223.23,ETH
2026-01-06 05:25:55+00:00,2026-01-06 05:29:18.973614+00:00,655.0,3222.831,3222.31,3223.23,ETH
2026-01-06 05:25:56+00:00,2026-01-06 05:29:19.978060+00:00,656.0,3222.831,3222.29,3223.29,ETH
2026-01-06 05:25:57+00:00,2026-01-06 05:29:20.994810+00:00,657.0,3222.831,3222.28,3223.33,ETH
2026-01-06 05:25:58+00:00,2026-01-06 05:29:21.996699+00:00,658.0,3222.841,3222.28,3223.33,ETH
2026-01-06 05:25:59+00:00,2026-01-06 05:29:22.995727+00:00,659.0,3222.851,3222.29,3223.35,ETH
2026-01-06 05:26:00+00:00,2026-01-06 05:29:24.025856+00:00,660.0,3223.061,3222.5,3223.47,ETH
2026-01-06 05:26:01+00:00,2026-01-06 05:29:25.020806+00:00,661.0,3223.281,3222.71,3223.58,ETH
2026-01-06 05:26:02+00:00,2026-01-06 05:29:25.992173+00:00,662.0,3223.281,3222.8,3223.35,ETH
2026-01-06 05:26:03+00:00,2026-01-06 05:29:27.010331+00:00,663.0,3223.181,3222.81,3223.5,ETH
2026-01-06 05:26:04+00:00,2026-01-06 05:29:28.009451+00:00,664.0,3222.981,3222.47,3223.19,ETH
2026-01-06 05:26:05+00:00,2026-01-06 05:29:29.009439+00:00,665.0,3222.971,3222.46,3223.19,ETH
2026-01-06 05:26:06+00:00,2026-01-06 05:29:30.006137+00:00,666.0,3222.971,3222.46,3223.19,ETH
2026-01-06 05:26:07+00:00,2026-01-06 05:29:31.007821+00:00,667.0,3222.971,3222.46,3223.25,ETH
2026-01-06 05:26:08+00:00,2026-01-06 05:29:32.010093+00:00,668.0,3222.971,3222.46,3223.25,ETH
2026-01-06 05:26:09+00:00,2026-01-06 05:29:33.025047+00:00,669.0,3222.961,3222.45,3223.23,ETH
2026-01-06 05:26:10+00:00,2026-01-06 05:29:34.030132+00:00,670.0,3222.961,3222.45,3223.19,ETH
2026-01-06 05:26:11+00:00,2026-01-06 05:29:35.028301+00:00,671.0,3222.961,3222.45,3223.19,ETH
2026-01-06 05:26:12+00:00,2026-01-06 05:29:36.040692+00:00,672.0,3223.001,3222.5,3223.22,ETH
2026-01-06 05:26:13+00:00,2026-01-06 05:29:37.039961+00:00,673.0,3223.021,3222.5,3223.39,ETH
2026-01-06 05:26:14+00:00,2026-01-06 05:29:38.047372+00:00,674.0,3223.031,3222.5,3223.37,ETH
2026-01-06 05:26:15+00:00,2026-01-06 05:29:39.045710+00:00,675.0,3223.021,3222.5,3223.38,ETH
2026-01-06 05:26:16+00:00,2026-01-06 05:29:40.053371+00:00,676.0,3223.031,3222.5,3223.35,ETH
2026-01-06 05:26:17+00:00,2026-01-06 05:29:41.102385+00:00,677.0,3223.051,3222.49,3223.35,ETH
2026-01-06 05:26:18+00:00,2026-01-06 05:29:42.086074+00:00,678.0,3223.051,3222.49,3223.35,ETH
2026-01-06 05:26:19+00:00,2026-01-06 05:29:43.099700+00:00,679.0,3222.981,3222.48,3223.2,ETH
2026-01-06 05:26:20+00:00,2026-01-06 05:29:44.100751+00:00,680.0,3223.001,3222.48,3223.2,ETH
2026-01-06 05:26:21+00:00,2026-01-06 05:29:45.101405+00:00,681.0,3222.931,3222.45,3223.2,ETH
2026-01-06 05:26:22+00:00,2026-01-06 05:29:46.108127+00:00,682.0,3222.881,3222.45,3223.2,ETH
2026-01-06 05:26:23+00:00,2026-01-06 05:29:47.123164+00:00,683.0,3222.751,3222.45,3223.04,ETH
2026-01-06 05:26:24+00:00,2026-01-06 05:29:48.138414+00:00,684.0,3222.911,3222.53,3223.04,ETH
2026-01-06 05:26:25+00:00,2026-01-06 05:29:50.144892+00:00,685.0,3223.181,3222.75,3223.54,ETH
2026-01-06 05:26:26+00:00,2026-01-06 05:29:51.152495+00:00,686.0,3223.251,3222.87,3223.67,ETH
2026-01-06 05:26:27+00:00,2026-01-06 05:29:52.155937+00:00,687.0,3223.251,3222.9,3223.67,ETH
2026-01-06 05:26:28+00:00,2026-01-06 05:29:53.157919+00:00,688.0,3223.251,3222.9,3223.67,ETH
2026-01-06 05:26:29+00:00,2026-01-06 05:29:54.158919+00:00,689.0,3223.261,3222.91,3223.67,ETH
2026-01-06 05:26:30+00:00,2026-01-06 05:29:55.175378+00:00,690.0,3223.251,3222.91,3223.67,ETH
2026-01-06 05:26:31+00:00,2026-01-06 05:29:56.174276+00:00,691.0,3223.251,3222.91,3223.67,ETH
2026-01-06 05:26:33+00:00,2026-01-06 05:29:57.217011+00:00,693.0,3223.231,3222.91,3223.66,ETH
2026-01-06 05:26:34+00:00,2026-01-06 05:29:58.243222+00:00,694.0,3223.231,3222.86,3223.66,ETH
2026-01-06 05:26:35+00:00,2026-01-06 05:29:59.240503+00:00,695.0,3223.241,3222.86,3223.66,ETH
2026-01-06 05:26:36+00:00,2026-01-06 05:30:00.221103+00:00,696.0,3223.241,3222.86,3223.67,ETH
2026-01-06 05:26:37+00:00,2026-01-06 05:30:01.237207+00:00,697.0,3223.241,3222.86,3223.67,ETH
2026-01-06 05:26:38+00:00,2026-01-06 05:30:02.228064+00:00,698.0,3223.241,3222.86,3223.66,ETH
2026-01-06 05:26:39+00:00,2026-01-06 05:30:03.234342+00:00,699.0,3223.241,3222.86,3223.66,ETH
2026-01-06 05:26:40+00:00,2026-01-06 05:30:04.233729+00:00,700.0,3223.241,3222.86,3223.66,ETH
2026-01-06 05:26:41+00:00,2026-01-06 05:30:05.232251+00:00,701.0,3223.231,3222.86,3223.66,ETH
2026-01-06 05:26:42+00:00,2026-01-06 05:30:06.250803+00:00,702.0,3223.231,3222.86,3223.53,ETH
2026-01-06 05:26:43+00:00,2026-01-06 05:30:07.255640+00:00,703.0,3223.201,3222.7,3223.54,ETH
2026-01-06 05:26:44+00:00,2026-01-06 05:30:08.259631+00:00,704.0,3223.201,3222.7,3223.52,ETH
2026-01-06 05:26:45+00:00,2026-01-06 05:30:09.249227+00:00,705.0,3223.201,3222.69,3223.55,ETH
2026-01-06 05:26:46+00:00,2026-01-06 05:30:10.260575+00:00,706.0,3223.201,3222.69,3223.54,ETH
2026-01-06 05:26:47+00:00,2026-01-06 05:30:11.263916+00:00,707.0,3223.201,3222.69,3223.64,ETH
2026-01-06 05:26:48+00:00,2026-01-06 05:30:12.305946+00:00,708.0,3223.201,3222.69,3223.53,ETH
2026-01-06 05:26:49+00:00,2026-01-06 05:30:14.337829+00:00,709.0,3223.211,3222.7,3223.61,ETH
2026-01-06 05:26:50+00:00,2026-01-06 05:30:15.353263+00:00,710.0,3223.201,3222.7,3223.6,ETH
2026-01-06 05:26:51+00:00,2026-01-06 05:30:16.376626+00:00,711.0,3223.041,3222.52,3223.39,ETH
2026-01-06 05:26:52+00:00,2026-01-06 05:30:17.389616+00:00,712.0,3222.831,3222.3,3223.17,ETH
2026-01-06 05:26:53+00:00,2026-01-06 05:30:18.408271+00:00,713.0,3222.781,3222.25,3223.19,ETH
2026-01-06 05:26:54+00:00,2026-01-06 05:30:19.406713+00:00,714.0,3222.791,3222.26,3223.17,ETH
2026-01-06 05:26:55+00:00,2026-01-06 05:30:20.418560+00:00,715.0,3222.781,3222.26,3223.1,ETH
2026-01-06 05:26:56+00:00,2026-01-06 05:30:21.435454+00:00,716.0,3222.781,3222.27,3223.06,ETH
2026-01-06 05:26:57+00:00,2026-01-06 05:30:22.441429+00:00,717.0,3222.781,3222.27,3223.07,ETH
2026-01-06 05:26:58+00:00,2026-01-06 05:30:23.445836+00:00,718.0,3222.781,3222.28,3223.07,ETH
2026-01-06 05:26:59+00:00,2026-01-06 05:30:24.423080+00:00,719.0,3222.811,3222.31,3223.09,ETH
2026-01-06 05:27:00+00:00,2026-01-06 05:30:25.426420+00:00,720.0,3222.831,3222.41,3223.15,ETH
2026-01-06 05:27:01+00:00,2026-01-06 05:30:26.485864+00:00,721.0,3222.831,3222.5,3223.19,ETH
2026-01-06 05:27:02+00:00,2026-01-06 05:30:27.492137+00:00,722.0,3222.871,3222.52,3223.25,ETH
2026-01-06 05:27:03+00:00,2026-01-06 05:30:28.493895+00:00,723.0,3222.891,3222.54,3223.29,ETH
2026-01-06 05:27:04+00:00,2026-01-06 05:30:29.507058+00:00,724.0,3222.881,3222.54,3223.37,ETH
2026-01-06 05:27:05+00:00,2026-01-06 05:30:30.506097+00:00,725.0,3223.131,3222.79,3223.67,ETH
2026-01-06 05:27:06+00:00,2026-01-06 05:30:31.505419+00:00,726.0,3223.411,3223.05,3224.0,ETH
2026-01-06 05:27:07+00:00,2026-01-06 05:30:32.521418+00:00,727.0,3223.541,3223.14,3224.13,ETH
2026-01-06 05:27:08+00:00,2026-01-06 05:30:33.541242+00:00,728.0,3223.781,3223.31,3224.25,ETH
2026-01-06 05:27:09+00:00,2026-01-06 05:30:34.542838+00:00,729.0,3223.891,3223.44,3224.32,ETH
2026-01-06 05:27:10+00:00,2026-01-06 05:30:35.557708+00:00,730.0,3223.911,3223.48,3224.32,ETH
2026-01-06 05:27:11+00:00,2026-01-06 05:30:36.561375+00:00,731.0,3223.931,3223.48,3224.32,ETH
2026-01-06 05:27:12+00:00,2026-01-06 05:30:37.560066+00:00,732.0,3223.941,3223.48,3224.32,ETH
2026-01-06 05:27:13+00:00,2026-01-06 05:30:38.559091+00:00,733.0,3223.951,3223.49,3224.35,ETH
2026-01-06 05:27:14+00:00,2026-01-06 05:30:39.571480+00:00,734.0,3224.001,3223.55,3224.36,ETH
2026-01-06 05:27:15+00:00,2026-01-06 05:30:40.602539+00:00,735.0,3224.051,3223.61,3224.28,ETH
2026-01-06 05:27:16+00:00,2026-01-06 05:30:41.594141+00:00,736.0,3224.041,3223.61,3224.21,ETH
2026-01-06 05:27:17+00:00,2026-01-06 05:30:42.588602+00:00,737.0,3224.001,3223.61,3224.15,ETH
2026-01-06 05:27:18+00:00,2026-01-06 05:30:43.620701+00:00,738.0,3223.931,3223.5,3224.12,ETH
2026-01-06 05:27:19+00:00,2026-01-06 05:30:44.609544+00:00,739.0,3223.891,3223.4,3224.14,ETH
2026-01-06 05:27:20+00:00,2026-01-06 05:30:45.603324+00:00,740.0,3223.911,3223.41,3224.19,ETH
2026-01-06 05:27:21+00:00,2026-01-06 05:30:46.621557+00:00,741.0,3223.921,3223.43,3224.21,ETH
2026-01-06 05:27:22+00:00,2026-01-06 05:30:47.642907+00:00,742.0,3223.931,3223.44,3224.19,ETH
2026-01-06 05:27:23+00:00,2026-01-06 05:30:48.654300+00:00,743.0,3223.941,3223.45,3224.2,ETH
2026-01-06 05:27:24+00:00,2026-01-06 05:30:49.654738+00:00,744.0,3223.951,3223.45,3224.22,ETH
2026-01-06 05:27:25+00:00,2026-01-06 05:30:50.670377+00:00,745.0,3223.951,3223.45,3224.21,ETH
2026-01-06 05:27:26+00:00,2026-01-06 05:30:51.689708+00:00,746.0,3223.941,3223.45,3224.21,ETH
2026-01-06 05:27:27+00:00,2026-01-06 05:30:52.707413+00:00,747.0,3223.941,3223.44,3224.2,ETH
2026-01-06 05:27:28+00:00,2026-01-06 05:30:53.688352+00:00,748.0,3223.941,3223.44,3224.19,ETH
2026-01-06 05:27:29+00:00,2026-01-06 05:30:54.705124+00:00,749.0,3223.771,3223.34,3223.98,ETH
2026-01-06 05:27:30+00:00,2026-01-06 05:30:55.720876+00:00,750.0,3223.441,3223.17,3223.58,ETH
2026-01-06 05:27:31+00:00,2026-01-06 05:30:56.721927+00:00,751.0,3223.221,3222.88,3223.39,ETH
2026-01-06 05:27:32+00:00,2026-01-06 05:30:57.729302+00:00,752.0,3223.101,3222.61,3223.3,ETH
2026-01-06 05:27:33+00:00,2026-01-06 05:30:58.735095+00:00,753.0,3223.011,3222.51,3223.19,ETH
2026-01-06 05:27:34+00:00,2026-01-06 05:30:59.738729+00:00,754.0,3222.991,3222.48,3223.19,ETH
2026-01-06 05:27:35+00:00,2026-01-06 05:31:00.737716+00:00,755.0,3222.931,3222.49,3223.18,ETH
2026-01-06 05:27:36+00:00,2026-01-06 05:31:01.724853+00:00,756.0,3222.861,3222.49,3223.14,ETH
2026-01-06 05:27:37+00:00,2026-01-06 05:31:02.719771+00:00,757.0,3222.861,3222.48,3223.12,ETH
2026-01-06 05:27:38+00:00,2026-01-06 05:31:03.732269+00:00,758.0,3222.861,3222.47,3223.11,ETH
2026-01-06 05:27:39+00:00,2026-01-06 05:31:04.750199+00:00,759.0,3222.871,3222.47,3223.12,ETH
2026-01-06 05:27:40+00:00,2026-01-06 05:31:05.766224+00:00,760.0,3222.871,3222.46,3223.14,ETH
2026-01-06 05:27:41+00:00,2026-01-06 05:31:06.771804+00:00,761.0,3222.871,3222.45,3223.16,ETH
2026-01-06 05:27:42+00:00,2026-01-06 05:31:07.769223+00:00,762.0,3222.871,3222.45,3223.16,ETH
2026-01-06 05:27:43+00:00,2026-01-06 05:31:08.766685+00:00,763.0,3222.871,3222.45,3223.15,ETH
2026-01-06 05:27:44+00:00,2026-01-06 05:31:09.770492+00:00,764.0,3222.881,3222.44,3223.14,ETH
2026-01-06 05:27:45+00:00,2026-01-06 05:31:10.784006+00:00,765.0,3222.881,3222.43,3223.13,ETH
2026-01-06 05:27:46+00:00,2026-01-06 05:31:11.784513+00:00,766.0,3222.881,3222.43,3223.13,ETH
2026-01-06 05:27:47+00:00,2026-01-06 05:31:12.789846+00:00,767.0,3222.891,3222.43,3223.13,ETH
2026-01-06 05:27:48+00:00,2026-01-06 05:31:13.805243+00:00,768.0,3222.881,3222.43,3223.13,ETH
2026-01-06 05:27:49+00:00,2026-01-06 05:31:14.789962+00:00,769.0,3222.871,3222.41,3223.12,ETH
2026-01-06 05:27:50+00:00,2026-01-06 05:31:15.789533+00:00,770.0,3222.851,3222.38,3223.12,ETH
2026-01-06 05:27:51+00:00,2026-01-06 05:31:16.782020+00:00,771.0,3222.851,3222.38,3223.12,ETH
2026-01-06 05:27:52+00:00,2026-01-06 05:31:17.799762+00:00,772.0,3222.851,3222.38,3223.12,ETH
2026-01-06 05:27:53+00:00,2026-01-06 05:31:18.800484+00:00,773.0,3222.851,3222.38,3223.12,ETH
2026-01-06 05:27:54+00:00,2026-01-06 05:31:19.823250+00:00,774.0,3222.851,3222.39,3223.13,ETH
2026-01-06 05:27:55+00:00,2026-01-06 05:31:20.835526+00:00,775.0,3222.861,3222.39,3223.13,ETH
2026-01-06 05:27:56+00:00,2026-01-06 05:31:21.837164+00:00,776.0,3222.861,3222.4,3223.15,ETH
2026-01-06 05:27:57+00:00,2026-01-06 05:31:22.860179+00:00,777.0,3222.871,3222.4,3223.16,ETH
2026-01-06 05:27:58+00:00,2026-01-06 05:31:23.856564+00:00,778.0,3222.871,3222.39,3223.17,ETH
2026-01-06 05:27:59+00:00,2026-01-06 05:31:24.873796+00:00,779.0,3222.861,3222.39,3223.15,ETH
2026-01-06 05:28:00+00:00,2026-01-06 05:31:25.887464+00:00,780.0,3222.861,3222.38,3223.13,ETH
2026-01-06 05:28:01+00:00,2026-01-06 05:31:26.889373+00:00,781.0,3222.861,3222.38,3223.13,ETH
2026-01-06 05:28:02+00:00,2026-01-06 05:31:27.890491+00:00,782.0,3222.901,3222.43,3223.13,ETH
2026-01-06 05:28:03+00:00,2026-01-06 05:31:28.902040+00:00,783.0,3222.881,3222.39,3223.27,ETH
2026-01-06 05:28:04+00:00,2026-01-06 05:31:29.916783+00:00,784.0,3222.881,3222.38,3223.27,ETH
2026-01-06 05:28:05+00:00,2026-01-06 05:31:30.905148+00:00,785.0,3222.881,3222.38,3223.27,ETH
2026-01-06 05:28:06+00:00,2026-01-06 05:31:31.922300+00:00,786.0,3222.871,3222.38,3223.3,ETH
2026-01-06 05:28:07+00:00,2026-01-06 05:31:32.922236+00:00,787.0,3222.871,3222.38,3223.32,ETH
2026-01-06 05:28:08+00:00,2026-01-06 05:31:33.935201+00:00,788.0,3222.981,3222.46,3223.41,ETH
2026-01-06 05:28:09+00:00,2026-01-06 05:31:34.936530+00:00,789.0,3223.121,3222.64,3223.44,ETH
2026-01-06 05:28:10+00:00,2026-01-06 05:31:35.936962+00:00,790.0,3223.121,3222.64,3223.52,ETH
2026-01-06 05:28:11+00:00,2026-01-06 05:31:36.936839+00:00,791.0,3223.121,3222.65,3223.52,ETH
2026-01-06 05:28:12+00:00,2026-01-06 05:31:37.952497+00:00,792.0,3223.121,3222.65,3223.56,ETH
2026-01-06 05:28:13+00:00,2026-01-06 05:31:38.950841+00:00,793.0,3223.121,3222.65,3223.59,ETH
2026-01-06 05:28:14+00:00,2026-01-06 05:31:39.957701+00:00,794.0,3223.121,3222.65,3223.59,ETH
2026-01-06 05:28:15+00:00,2026-01-06 05:31:40.966423+00:00,795.0,3223.151,3222.65,3223.6,ETH
2026-01-06 05:28:16+00:00,2026-01-06 05:31:41.964745+00:00,796.0,3223.151,3222.65,3223.62,ETH
2026-01-06 05:28:17+00:00,2026-01-06 05:31:43.049868+00:00,797.0,3223.151,3222.65,3223.62,ETH
2026-01-06 05:28:18+00:00,2026-01-06 05:31:44.052237+00:00,798.0,3223.151,3222.65,3223.61,ETH
2026-01-06 05:28:19+00:00,2026-01-06 05:31:45.054526+00:00,799.0,3223.151,3222.66,3223.61,ETH
2026-01-06 05:28:20+00:00,2026-01-06 05:31:46.036951+00:00,800.0,3223.151,3222.66,3223.64,ETH
2026-01-06 05:28:21+00:00,2026-01-06 05:31:47.038196+00:00,801.0,3223.151,3222.66,3223.63,ETH
2026-01-06 05:28:22+00:00,2026-01-06 05:31:48.052409+00:00,802.0,3223.151,3222.66,3223.61,ETH
2026-01-06 05:28:23+00:00,2026-01-06 05:31:49.050428+00:00,803.0,3223.151,3222.66,3223.62,ETH
2026-01-06 05:28:24+00:00,2026-01-06 05:31:50.052428+00:00,804.0,3223.141,3222.66,3223.54,ETH
2026-01-06 05:28:25+00:00,2026-01-06 05:31:52.066181+00:00,805.0,3223.151,3222.67,3223.52,ETH
2026-01-06 05:28:26+00:00,2026-01-06 05:31:53.073392+00:00,806.0,3223.151,3222.67,3223.52,ETH
2026-01-06 05:28:27+00:00,2026-01-06 05:31:54.075126+00:00,807.0,3223.151,3222.67,3223.54,ETH
2026-01-06 05:28:28+00:00,2026-01-06 05:31:55.065118+00:00,808.0,3223.151,3222.66,3223.59,ETH
2026-01-06 05:28:29+00:00,2026-01-06 05:31:56.081167+00:00,809.0,3223.151,3222.65,3223.62,ETH
2026-01-06 05:28:30+00:00,2026-01-06 05:31:57.098702+00:00,810.0,3223.151,3222.65,3223.61,ETH
2026-01-06 05:28:31+00:00,2026-01-06 05:31:58.116302+00:00,811.0,3223.151,3222.64,3223.62,ETH
2026-01-06 05:28:32+00:00,2026-01-06 05:31:59.115850+00:00,812.0,3223.151,3222.63,3223.61,ETH
2026-01-06 05:28:33+00:00,2026-01-06 05:32:00.124294+00:00,813.0,3223.151,3222.63,3223.6,ETH
2026-01-06 05:28:34+00:00,2026-01-06 05:32:01.140595+00:00,814.0,3223.151,3222.63,3223.61,ETH
2026-01-06 05:28:35+00:00,2026-01-06 05:32:02.149359+00:00,815.0,3223.151,3222.63,3223.61,ETH
2026-01-06 05:28:36+00:00,2026-01-06 05:32:03.147381+00:00,816.0,3223.151,3222.63,3223.6,ETH
2026-01-06 05:28:37+00:00,2026-01-06 05:32:04.152630+00:00,817.0,3223.151,3222.63,3223.6,ETH
2026-01-06 05:28:38+00:00,2026-01-06 05:32:05.170329+00:00,818.0,3223.151,3222.63,3223.61,ETH
2026-01-06 05:28:40+00:00,2026-01-06 05:32:06.233712+00:00,820.0,3223.151,3222.63,3223.54,ETH
2026-01-06 05:28:41+00:00,2026-01-06 05:32:07.219305+00:00,821.0,3223.151,3222.63,3223.56,ETH
2026-01-06 05:28:42+00:00,2026-01-06 05:32:08.253030+00:00,822.0,3223.151,3222.63,3223.6,ETH
2026-01-06 05:28:43+00:00,2026-01-06 05:32:09.244029+00:00,823.0,3223.151,3222.63,3223.6,ETH
2026-01-06 05:28:44+00:00,2026-01-06 05:32:10.246153+00:00,824.0,3223.151,3222.63,3223.58,ETH
2026-01-06 05:28:45+00:00,2026-01-06 05:32:11.266223+00:00,825.0,3223.151,3222.63,3223.62,ETH
2026-01-06 05:28:46+00:00,2026-01-06 05:32:12.262624+00:00,826.0,3223.151,3222.63,3223.6,ETH
2026-01-06 05:28:47+00:00,2026-01-06 05:32:13.265275+00:00,827.0,3223.151,3222.62,3223.61,ETH
2026-01-06 05:28:48+00:00,2026-01-06 05:32:14.283695+00:00,828.0,3223.151,3222.63,3223.59,ETH
2026-01-06 05:28:49+00:00,2026-01-06 05:32:16.283633+00:00,829.0,3223.151,3222.65,3223.59,ETH
2026-01-06 05:28:50+00:00,2026-01-06 05:32:17.286107+00:00,830.0,3223.151,3222.66,3223.59,ETH
2026-01-06 05:28:51+00:00,2026-01-06 05:32:18.281371+00:00,831.0,3223.151,3222.66,3223.55,ETH
2026-01-06 05:28:52+00:00,2026-01-06 05:32:19.300826+00:00,832.0,3223.151,3222.66,3223.55,ETH
2026-01-06 05:28:53+00:00,2026-01-06 05:32:20.287071+00:00,833.0,3223.041,3222.66,3223.56,ETH
2026-01-06 05:28:54+00:00,2026-01-06 05:32:21.285366+00:00,834.0,3222.911,3222.56,3223.35,ETH
2026-01-06 05:28:55+00:00,2026-01-06 05:32:22.283250+00:00,835.0,3222.911,3222.48,3223.18,ETH
2026-01-06 05:28:56+00:00,2026-01-06 05:32:23.283855+00:00,836.0,3222.951,3222.49,3223.28,ETH
2026-01-06 05:28:57+00:00,2026-01-06 05:32:24.303357+00:00,837.0,3222.981,3222.52,3223.4,ETH
2026-01-06 05:28:58+00:00,2026-01-06 05:32:25.319671+00:00,838.0,3223.001,3222.54,3223.41,ETH
2026-01-06 05:28:59+00:00,2026-01-06 05:32:26.314165+00:00,839.0,3223.001,3222.54,3223.4,ETH
2026-01-06 05:29:00+00:00,2026-01-06 05:32:27.322357+00:00,840.0,3223.002,3222.55,3223.38,ETH
2026-01-06 05:29:01+00:00,2026-01-06 05:32:28.324494+00:00,841.0,3223.002,3222.55,3223.38,ETH
2026-01-06 05:29:02+00:00,2026-01-06 05:32:29.319798+00:00,842.0,3223.012,3222.55,3223.39,ETH
2026-01-06 05:29:03+00:00,2026-01-06 05:32:30.322024+00:00,843.0,3223.012,3222.56,3223.42,ETH
2026-01-06 05:29:04+00:00,2026-01-06 05:32:31.319178+00:00,844.0,3223.002,3222.56,3223.48,ETH
2026-01-06 05:29:05+00:00,2026-01-06 05:32:32.320916+00:00,845.0,3223.002,3222.56,3223.56,ETH
2026-01-06 05:29:06+00:00,2026-01-06 05:32:33.315603+00:00,846.0,3223.432,3222.98,3223.98,ETH
2026-01-06 05:29:07+00:00,2026-01-06 05:32:34.316818+00:00,847.0,3223.932,3223.48,3224.37,ETH
2026-01-06 05:29:08+00:00,2026-01-06 05:32:35.400188+00:00,848.0,3223.992,3223.56,3224.37,ETH
2026-01-06 05:29:09+00:00,2026-01-06 05:32:36.404378+00:00,849.0,3223.992,3223.56,3224.37,ETH
2026-01-06 05:29:10+00:00,2026-01-06 05:32:37.422086+00:00,850.0,3224.002,3223.57,3224.39,ETH
2026-01-06 05:29:11+00:00,2026-01-06 05:32:38.418233+00:00,851.0,3224.012,3223.6,3224.46,ETH
2026-01-06 05:29:12+00:00,2026-01-06 05:32:39.436675+00:00,852.0,3224.012,3223.63,3224.53,ETH
2026-01-06 05:29:13+00:00,2026-01-06 05:32:40.451968+00:00,853.0,3224.372,3223.89,3224.64,ETH
2026-01-06 05:29:14+00:00,2026-01-06 05:32:41.471122+00:00,854.0,3224.372,3223.96,3224.69,ETH
2026-01-06 05:29:15+00:00,2026-01-06 05:32:42.483099+00:00,855.0,3224.302,3223.97,3224.74,ETH
2026-01-06 05:29:16+00:00,2026-01-06 05:32:43.484327+00:00,856.0,3224.092,3223.68,3224.48,ETH
2026-01-06 05:29:17+00:00,2026-01-06 05:32:44.494643+00:00,857.0,3224.062,3223.67,3224.43,ETH
2026-01-06 05:29:18+00:00,2026-01-06 05:32:45.500214+00:00,858.0,3224.062,3223.67,3224.43,ETH
2026-01-06 05:29:19+00:00,2026-01-06 05:32:46.501035+00:00,859.0,3224.062,3223.7,3224.47,ETH
2026-01-06 05:29:20+00:00,2026-01-06 05:32:47.503170+00:00,860.0,3224.122,3223.69,3224.52,ETH
2026-01-06 05:29:21+00:00,2026-01-06 05:32:48.514494+00:00,861.0,3224.122,3223.71,3224.42,ETH
2026-01-06 05:29:22+00:00,2026-01-06 05:32:49.519109+00:00,862.0,3224.132,3223.68,3224.48,ETH
2026-01-06 05:29:23+00:00,2026-01-06 05:32:50.535262+00:00,863.0,3224.132,3223.68,3224.4,ETH
2026-01-06 05:29:24+00:00,2026-01-06 05:32:51.533905+00:00,864.0,3224.012,3223.61,3224.31,ETH
2026-01-06 05:29:25+00:00,2026-01-06 05:32:52.532215+00:00,865.0,3223.952,3223.5,3224.32,ETH
2026-01-06 05:29:26+00:00,2026-01-06 05:32:53.551775+00:00,866.0,3223.962,3223.45,3224.19,ETH
2026-01-06 05:29:27+00:00,2026-01-06 05:32:54.569554+00:00,867.0,3223.962,3223.45,3224.19,ETH
2026-01-06 05:29:28+00:00,2026-01-06 05:32:55.568131+00:00,868.0,3223.952,3223.44,3224.18,ETH
2026-01-06 05:29:29+00:00,2026-01-06 05:32:56.562300+00:00,869.0,3224.022,3223.49,3224.36,ETH
2026-01-06 05:29:30+00:00,2026-01-06 05:32:57.587073+00:00,870.0,3224.122,3223.63,3224.43,ETH
2026-01-06 05:29:31+00:00,2026-01-06 05:32:58.563349+00:00,871.0,3224.122,3223.63,3224.54,ETH
2026-01-06 05:29:32+00:00,2026-01-06 05:32:59.567338+00:00,872.0,3224.072,3223.65,3224.54,ETH
2026-01-06 05:29:33+00:00,2026-01-06 05:33:00.566751+00:00,873.0,3224.072,3223.65,3224.55,ETH
2026-01-06 05:29:34+00:00,2026-01-06 05:33:01.561039+00:00,874.0,3224.072,3223.65,3224.55,ETH
2026-01-06 05:29:35+00:00,2026-01-06 05:33:02.571227+00:00,875.0,3224.072,3223.68,3224.53,ETH
2026-01-06 05:29:36+00:00,2026-01-06 05:33:03.584748+00:00,876.0,3224.442,3223.98,3224.9,ETH
2026-01-06 05:29:37+00:00,2026-01-06 05:33:04.585502+00:00,877.0,3224.442,3224.05,3224.93,ETH
2026-01-06 05:29:38+00:00,2026-01-06 05:33:05.581671+00:00,878.0,3224.442,3224.05,3224.91,ETH
2026-01-06 05:29:39+00:00,2026-01-06 05:33:06.583370+00:00,879.0,3224.442,3224.25,3224.95,ETH
2026-01-06 05:29:40+00:00,2026-01-06 05:33:07.596496+00:00,880.0,3224.622,3224.31,3225.06,ETH
2026-01-06 05:29:41+00:00,2026-01-06 05:33:08.587041+00:00,881.0,3224.622,3224.31,3225.05,ETH
2026-01-06 05:29:42+00:00,2026-01-06 05:33:09.598816+00:00,882.0,3224.562,3224.3,3225.03,ETH
2026-01-06 05:29:43+00:00,2026-01-06 05:33:10.598622+00:00,883.0,3224.562,3224.3,3225.03,ETH
2026-01-06 05:29:44+00:00,2026-01-06 05:33:11.599953+00:00,884.0,3224.402,3224.09,3224.69,ETH
2026-01-06 05:29:45+00:00,2026-01-06 05:33:12.594552+00:00,885.0,3224.062,3223.69,3224.49,ETH
2026-01-06 05:29:46+00:00,2026-01-06 05:33:13.611992+00:00,886.0,3224.052,3223.68,3224.32,ETH
2026-01-06 05:29:47+00:00,2026-01-06 05:33:14.614585+00:00,887.0,3224.052,3223.6,3224.32,ETH
2026-01-06 05:29:48+00:00,2026-01-06 05:33:15.619962+00:00,888.0,3223.872,3223.53,3224.29,ETH
2026-01-06 05:29:49+00:00,2026-01-06 05:33:16.645590+00:00,889.0,3223.922,3223.53,3224.38,ETH
2026-01-06 05:29:50+00:00,2026-01-06 05:33:17.651098+00:00,890.0,3223.922,3223.54,3224.34,ETH
2026-01-06 05:29:51+00:00,2026-01-06 05:33:18.668367+00:00,891.0,3223.922,3223.48,3224.36,ETH
2026-01-06 05:29:52+00:00,2026-01-06 05:33:19.668904+00:00,892.0,3223.922,3223.49,3224.36,ETH
2026-01-06 05:29:53+00:00,2026-01-06 05:33:20.686958+00:00,893.0,3223.922,3223.49,3224.36,ETH
2026-01-06 05:29:54+00:00,2026-01-06 05:33:21.687027+00:00,894.0,3223.932,3223.49,3224.41,ETH
2026-01-06 05:29:55+00:00,2026-01-06 05:33:22.700065+00:00,895.0,3223.932,3223.49,3224.4,ETH
2026-01-06 05:29:56+00:00,2026-01-06 05:33:23.707196+00:00,896.0,3223.932,3223.49,3224.4,ETH
2026-01-06 05:29:57+00:00,2026-01-06 05:33:24.718675+00:00,897.0,3223.932,3223.49,3224.39,ETH
2026-01-06 05:29:58+00:00,2026-01-06 05:33:25.715211+00:00,898.0,3223.932,3223.49,3224.33,ETH
2026-01-06 05:29:59+00:00,2026-01-06 05:33:26.734109+00:00,899.0,3223.892,3223.49,3224.32,ETH
