timestamp,collected_at,seconds,up_mid,up_best_bid,up_best_ask,down_mid,down_best_bid,down_best_ask,up_best_bid_size,up_best_ask_size,down_best_bid_size,down_best_ask_size
2026-01-06 05:15:00.830000+00:00,2026-01-06 05:15:00.910770+00:00,0.83,0.48,0.46,0.5,0.52,0.5,0.54,,,,
2026-01-06 05:15:01.838000+00:00,2026-01-06 05:15:01.921402+00:00,1.838,0.4649999999999999,0.46,0.47,0.535,0.53,0.54,,,,
2026-01-06 05:15:02.837000+00:00,2026-01-06 05:15:02.919716+00:00,2.837,0.4649999999999999,0.46,0.47,0.535,0.53,0.54,,,,
2026-01-06 05:15:03.852000+00:00,2026-01-06 05:15:03.936067+00:00,3.852,0.475,0.47,0.48,0.53,0.52,0.54,,,,
2026-01-06 05:15:04.838000+00:00,2026-01-06 05:15:04.929020+00:00,4.838,0.47,0.46,0.48,0.525,0.52,0.53,,,,
2026-01-06 05:15:05.732000+00:00,2026-01-06 05:15:05.929053+00:00,5.732,0.495,0.49,0.5,0.505,0.5,0.51,,,,
2026-01-06 05:15:06.799000+00:00,2026-01-06 05:15:06.930705+00:00,6.799,0.485,0.48,0.49,0.515,0.51,0.52,,,,
2026-01-06 05:15:07.854000+00:00,2026-01-06 05:15:07.935673+00:00,7.854,0.485,0.48,0.49,0.515,0.51,0.52,,,,
2026-01-06 05:15:08.851000+00:00,2026-01-06 05:15:08.933675+00:00,8.851,0.4649999999999999,0.46,0.47,0.535,0.53,0.54,,,,
2026-01-06 05:15:09.862000+00:00,2026-01-06 05:15:09.952760+00:00,9.862,0.4649999999999999,0.46,0.47,0.535,0.53,0.54,,,,
2026-01-06 05:15:10.900000+00:00,2026-01-06 05:15:10.963007+00:00,10.9,0.4649999999999999,0.46,0.47,0.535,0.53,0.54,,,,
2026-01-06 05:15:11.846000+00:00,2026-01-06 05:15:11.971256+00:00,11.846,0.4649999999999999,0.46,0.47,0.54,0.53,0.55,,,,
2026-01-06 05:15:12.898000+00:00,2026-01-06 05:15:12.979419+00:00,12.898,0.4649999999999999,0.46,0.47,0.535,0.53,0.54,,,,
2026-01-06 05:15:13.852000+00:00,2026-01-06 05:15:13.986827+00:00,13.852,0.4649999999999999,0.46,0.47,0.535,0.53,0.54,,,,
2026-01-06 05:15:14.905000+00:00,2026-01-06 05:15:14.988052+00:00,14.905,0.4649999999999999,0.46,0.47,0.535,0.53,0.54,,,,
2026-01-06 05:15:15.890000+00:00,2026-01-06 05:15:15.979024+00:00,15.89,0.47,0.46,0.48,0.53,0.52,0.54,,,,
2026-01-06 05:15:16.892000+00:00,2026-01-06 05:15:16.978652+00:00,16.892,0.47,0.46,0.48,0.53,0.52,0.54,,,,
2026-01-06 05:15:17.911000+00:00,2026-01-06 05:15:17.994884+00:00,17.911,0.4649999999999999,0.46,0.47,0.535,0.53,0.54,,,,
2026-01-06 05:15:18.886000+00:00,2026-01-06 05:15:18.995154+00:00,18.886,0.47,0.46,0.48,0.53,0.52,0.54,,,,
2026-01-06 05:15:19.879000+00:00,2026-01-06 05:15:20.013379+00:00,19.879,0.47,0.46,0.48,0.53,0.52,0.54,,,,
2026-01-06 05:15:20.931000+00:00,2026-01-06 05:15:21.011042+00:00,20.931,0.48,0.47,0.49,0.515,0.51,0.52,,,,
2026-01-06 05:15:21.932000+00:00,2026-01-06 05:15:22.014695+00:00,21.932,0.505,0.5,0.51,0.495,0.49,0.5,,,,
2026-01-06 05:15:22.940000+00:00,2026-01-06 05:15:23.015631+00:00,22.94,0.505,0.5,0.51,0.495,0.49,0.5,,,,
2026-01-06 05:15:23.929000+00:00,2026-01-06 05:15:24.012670+00:00,23.929,0.495,0.49,0.5,0.505,0.5,0.51,,,,
2026-01-06 05:15:24.814000+00:00,2026-01-06 05:15:25.010948+00:00,24.814,0.495,0.49,0.5,0.505,0.5,0.51,,,,
2026-01-06 05:15:25.939000+00:00,2026-01-06 05:15:26.018615+00:00,25.939,0.49,0.48,0.5,0.51,0.5,0.52,,,,
2026-01-06 05:15:26.790000+00:00,2026-01-06 05:15:27.019530+00:00,26.79,0.49,0.48,0.5,0.51,0.5,0.52,,,,
2026-01-06 05:15:27.837000+00:00,2026-01-06 05:15:28.020324+00:00,27.837,0.49,0.48,0.5,0.51,0.5,0.52,,,,
2026-01-06 05:15:28.885000+00:00,2026-01-06 05:15:29.028269+00:00,28.885,0.495,0.49,0.5,0.505,0.5,0.51,,,,
2026-01-06 05:15:29.976000+00:00,2026-01-06 05:15:30.044691+00:00,29.976,0.495,0.49,0.5,0.505,0.5,0.51,,,,
2026-01-06 05:15:30.913000+00:00,2026-01-06 05:15:31.062896+00:00,30.913,0.495,0.49,0.5,0.505,0.5,0.51,,,,
2026-01-06 05:15:31.981000+00:00,2026-01-06 05:15:32.064792+00:00,31.981,0.48,0.47,0.49,0.52,0.51,0.53,,,,
2026-01-06 05:15:32.986000+00:00,2026-01-06 05:15:33.070002+00:00,32.986,0.47,0.46,0.48,0.53,0.52,0.54,,,,
2026-01-06 05:15:33.813000+00:00,2026-01-06 05:15:34.079505+00:00,33.813,0.47,0.46,0.48,0.525,0.52,0.53,,,,
2026-01-06 05:15:34.858000+00:00,2026-01-06 05:15:35.079648+00:00,34.858,0.475,0.47,0.48,0.515,0.51,0.52,,,,
2026-01-06 05:15:36.007000+00:00,2026-01-06 05:15:36.095891+00:00,36.007,0.495,0.49,0.5,0.505,0.5,0.51,,,,
2026-01-06 05:15:37.027000+00:00,2026-01-06 05:15:37.114663+00:00,37.027,0.49,0.48,0.5,0.51,0.5,0.52,,,,
2026-01-06 05:15:38.031000+00:00,2026-01-06 05:15:38.130926+00:00,38.031,0.49,0.48,0.5,0.51,0.5,0.52,,,,
2026-01-06 05:15:39.056000+00:00,2026-01-06 05:15:39.144785+00:00,39.056,0.485,0.48,0.49,0.515,0.51,0.52,,,,
2026-01-06 05:15:40.090000+00:00,2026-01-06 05:15:40.161093+00:00,40.09,0.485,0.48,0.49,0.53,0.52,0.54,,,,
2026-01-06 05:15:41.084000+00:00,2026-01-06 05:15:41.178137+00:00,41.084,0.47,0.46,0.48,0.53,0.52,0.54,,,,
2026-01-06 05:15:42.032000+00:00,2026-01-06 05:15:42.200303+00:00,42.032,0.47,0.46,0.48,0.53,0.52,0.54,,,,
2026-01-06 05:15:43.034000+00:00,2026-01-06 05:15:43.194265+00:00,43.034,0.475,0.47,0.48,0.525,0.52,0.53,,,,
2026-01-06 05:15:44.009000+00:00,2026-01-06 05:15:44.194910+00:00,44.009,0.475,0.47,0.48,0.525,0.52,0.53,,,,
2026-01-06 05:15:45.032000+00:00,2026-01-06 05:15:45.196544+00:00,45.032,0.48,0.47,0.49,0.525,0.52,0.53,,,,
2026-01-06 05:15:46.865000+00:00,2026-01-06 05:15:47.226346+00:00,46.865,0.475,0.47,0.48,0.525,0.52,0.53,,,,
2026-01-06 05:15:48.134000+00:00,2026-01-06 05:15:48.225665+00:00,48.134,0.475,0.47,0.48,0.525,0.52,0.53,,,,
2026-01-06 05:15:49.127000+00:00,2026-01-06 05:15:49.228708+00:00,49.127,0.475,0.47,0.48,0.525,0.52,0.53,,,,
2026-01-06 05:15:50.050000+00:00,2026-01-06 05:15:50.248569+00:00,50.05,0.47,0.46,0.48,0.53,0.52,0.54,,,,
2026-01-06 05:15:51.123000+00:00,2026-01-06 05:15:51.253445+00:00,51.123,0.47,0.46,0.48,0.53,0.52,0.54,,,,
2026-01-06 05:15:52.764000+00:00,2026-01-06 05:15:53.269029+00:00,52.764,0.475,0.47,0.48,0.525,0.52,0.53,,,,
2026-01-06 05:15:54.293000+00:00,2026-01-06 05:15:55.284401+00:00,54.293,0.475,0.47,0.48,0.525,0.52,0.53,,,,
2026-01-06 05:15:56.821000+00:00,2026-01-06 05:15:57.294982+00:00,56.821,0.475,0.47,0.48,0.525,0.52,0.53,,,,
2026-01-06 05:15:58.232000+00:00,2026-01-06 05:15:58.313204+00:00,58.232,0.515,0.51,0.52,0.485,0.48,0.49,,,,
2026-01-06 05:15:59.212000+00:00,2026-01-06 05:15:59.328213+00:00,59.212,0.515,0.51,0.52,0.485,0.48,0.49,,,,
2026-01-06 05:16:00.050000+00:00,2026-01-06 05:16:00.320936+00:00,60.05,0.515,0.51,0.52,0.485,0.48,0.49,,,,
2026-01-06 05:16:01.251000+00:00,2026-01-06 05:16:01.329786+00:00,61.251,0.545,0.54,0.55,0.445,0.44,0.45,,,,
2026-01-06 05:16:02.276000+00:00,2026-01-06 05:16:02.340246+00:00,62.276,0.545,0.54,0.55,0.455,0.45,0.46,,,,
2026-01-06 05:16:03.257000+00:00,2026-01-06 05:16:03.335677+00:00,63.257,0.545,0.54,0.55,0.455,0.45,0.46,,,,
2026-01-06 05:16:04.251000+00:00,2026-01-06 05:16:04.353082+00:00,64.251,0.545,0.54,0.55,0.425,0.4,0.45,,,,
2026-01-06 05:16:05.197000+00:00,2026-01-06 05:16:05.349863+00:00,65.197,0.595,0.59,0.6,0.405,0.4,0.41,,,,
2026-01-06 05:16:06.276000+00:00,2026-01-06 05:16:06.343592+00:00,66.276,0.595,0.59,0.6,0.405,0.4,0.41,,,,
2026-01-06 05:16:07.264000+00:00,2026-01-06 05:16:07.347462+00:00,67.264,0.595,0.59,0.6,0.39,0.38,0.4,,,,
2026-01-06 05:16:08.263000+00:00,2026-01-06 05:16:08.350776+00:00,68.263,0.565,0.56,0.57,0.435,0.43,0.44,,,,
2026-01-06 05:16:09.279000+00:00,2026-01-06 05:16:09.369638+00:00,69.279,0.565,0.56,0.57,0.445,0.43,0.46,,,,
2026-01-06 05:16:10.297000+00:00,2026-01-06 05:16:10.377980+00:00,70.297,0.485,0.48,0.49,0.515,0.51,0.52,,,,
2026-01-06 05:16:11.305000+00:00,2026-01-06 05:16:11.383232+00:00,71.305,0.515,0.51,0.52,0.485,0.48,0.49,,,,
2026-01-06 05:16:12.272000+00:00,2026-01-06 05:16:12.392107+00:00,72.272,0.515,0.51,0.52,0.485,0.48,0.49,,,,
2026-01-06 05:16:13.315000+00:00,2026-01-06 05:16:13.392855+00:00,73.315,0.525,0.52,0.53,0.475,0.47,0.48,,,,
2026-01-06 05:16:14.304000+00:00,2026-01-06 05:16:14.400325+00:00,74.304,0.595,0.59,0.6,0.405,0.4,0.41,,,,
2026-01-06 05:16:15.283000+00:00,2026-01-06 05:16:15.397426+00:00,75.283,0.605,0.6,0.61,0.395,0.39,0.4,,,,
2026-01-06 05:16:16.310000+00:00,2026-01-06 05:16:16.393777+00:00,76.31,0.615,0.61,0.62,0.385,0.38,0.39,,,,
2026-01-06 05:16:17.279000+00:00,2026-01-06 05:16:17.393021+00:00,77.279,0.645,0.64,0.65,0.355,0.35,0.36,,,,
2026-01-06 05:16:18.329000+00:00,2026-01-06 05:16:18.410054+00:00,78.329,0.655,0.65,0.66,0.345,0.34,0.35,,,,
2026-01-06 05:16:19.253000+00:00,2026-01-06 05:16:19.409192+00:00,79.253,0.625,0.62,0.63,0.365,0.36,0.37,,,,
2026-01-06 05:16:20.325000+00:00,2026-01-06 05:16:20.410005+00:00,80.325,0.635,0.63,0.64,0.385,0.36,0.41,,,,
2026-01-06 05:16:21.336000+00:00,2026-01-06 05:16:21.419673+00:00,81.336,0.55,0.54,0.56,0.455,0.45,0.46,,,,
2026-01-06 05:16:22.326000+00:00,2026-01-06 05:16:22.426331+00:00,82.326,0.545,0.54,0.55,0.415,0.41,0.42,,,,
2026-01-06 05:16:23.317000+00:00,2026-01-06 05:16:23.437334+00:00,83.317,0.575,0.57,0.58,0.425,0.42,0.43,,,,
2026-01-06 05:16:24.360000+00:00,2026-01-06 05:16:24.442559+00:00,84.36,0.55,0.54,0.56,0.455,0.45,0.46,,,,
2026-01-06 05:16:25.376000+00:00,2026-01-06 05:16:25.451668+00:00,85.376,0.535,0.53,0.54,0.4649999999999999,0.46,0.47,,,,
2026-01-06 05:16:26.384000+00:00,2026-01-06 05:16:26.476014+00:00,86.384,0.565,0.56,0.57,0.435,0.43,0.44,,,,
2026-01-06 05:16:27.400000+00:00,2026-01-06 05:16:27.476484+00:00,87.4,0.535,0.53,0.54,0.4649999999999999,0.46,0.47,,,,
2026-01-06 05:16:28.354000+00:00,2026-01-06 05:16:28.476838+00:00,88.354,0.54,0.53,0.55,0.4599999999999999,0.45,0.47,,,,
2026-01-06 05:16:29.377000+00:00,2026-01-06 05:16:29.487006+00:00,89.377,0.54,0.53,0.55,0.4599999999999999,0.45,0.47,,,,
2026-01-06 05:16:30.419000+00:00,2026-01-06 05:16:30.500421+00:00,90.419,0.54,0.53,0.55,0.455,0.45,0.46,,,,
2026-01-06 05:16:31.331000+00:00,2026-01-06 05:16:31.508473+00:00,91.331,0.545,0.54,0.55,0.455,0.45,0.46,,,,
2026-01-06 05:16:32.421000+00:00,2026-01-06 05:16:32.525368+00:00,92.421,0.545,0.54,0.55,0.455,0.45,0.46,,,,
2026-01-06 05:16:33.263000+00:00,2026-01-06 05:16:33.525307+00:00,93.263,0.54,0.53,0.55,0.4599999999999999,0.45,0.47,,,,
2026-01-06 05:16:34.377000+00:00,2026-01-06 05:16:34.525214+00:00,94.377,0.545,0.54,0.55,0.455,0.45,0.46,,,,
2026-01-06 05:16:35.287000+00:00,2026-01-06 05:16:35.534666+00:00,95.287,0.545,0.54,0.55,0.455,0.45,0.46,,,,
2026-01-06 05:16:36.474000+00:00,2026-01-06 05:16:36.557928+00:00,96.474,0.535,0.53,0.54,0.4649999999999999,0.46,0.47,,,,
2026-01-06 05:16:37.418000+00:00,2026-01-06 05:16:37.559292+00:00,97.418,0.535,0.53,0.54,0.4649999999999999,0.46,0.47,,,,
2026-01-06 05:16:38.480000+00:00,2026-01-06 05:16:38.559982+00:00,98.48,0.535,0.53,0.54,0.4649999999999999,0.46,0.47,,,,
2026-01-06 05:16:39.484000+00:00,2026-01-06 05:16:39.557030+00:00,99.484,0.515,0.51,0.52,0.485,0.48,0.49,,,,
2026-01-06 05:16:40.444000+00:00,2026-01-06 05:16:40.558305+00:00,100.444,0.49,0.48,0.5,0.51,0.5,0.52,,,,
2026-01-06 05:16:41.492000+00:00,2026-01-06 05:16:41.576187+00:00,101.492,0.495,0.49,0.5,0.505,0.5,0.51,,,,
2026-01-06 05:16:42.508000+00:00,2026-01-06 05:16:42.591996+00:00,102.508,0.49,0.48,0.5,0.51,0.5,0.52,,,,
2026-01-06 05:16:43.440000+00:00,2026-01-06 05:16:43.608690+00:00,103.44,0.485,0.48,0.49,0.51,0.5,0.52,,,,
2026-01-06 05:16:44.573000+00:00,2026-01-06 05:16:44.626417+00:00,104.573,0.49,0.48,0.5,0.505,0.5,0.51,,,,
2026-01-06 05:16:45.428000+00:00,2026-01-06 05:16:45.623306+00:00,105.428,0.49,0.48,0.5,0.51,0.5,0.52,,,,
2026-01-06 05:16:46.503000+00:00,2026-01-06 05:16:46.624051+00:00,106.503,0.495,0.49,0.5,0.505,0.5,0.51,,,,
2026-01-06 05:16:47.549000+00:00,2026-01-06 05:16:47.624742+00:00,107.549,0.505,0.5,0.51,0.495,0.49,0.5,,,,
2026-01-06 05:16:48.539000+00:00,2026-01-06 05:16:48.640515+00:00,108.539,0.525,0.52,0.53,0.475,0.47,0.48,,,,
2026-01-06 05:16:49.557000+00:00,2026-01-06 05:16:49.656412+00:00,109.557,0.525,0.52,0.53,0.47,0.46,0.48,,,,
2026-01-06 05:16:50.465000+00:00,2026-01-06 05:16:50.657659+00:00,110.465,0.53,0.52,0.54,0.47,0.46,0.48,,,,
2026-01-06 05:16:51.531000+00:00,2026-01-06 05:16:51.658056+00:00,111.531,0.53,0.52,0.54,0.47,0.46,0.48,,,,
2026-01-06 05:16:52.530000+00:00,2026-01-06 05:16:52.659729+00:00,112.53,0.53,0.52,0.54,0.47,0.46,0.48,,,,
2026-01-06 05:16:53.751000+00:00,2026-01-06 05:16:53.673926+00:00,113.751,0.53,0.52,0.54,0.4649999999999999,0.46,0.47,,,,
2026-01-06 05:16:54.561000+00:00,2026-01-06 05:16:54.682774+00:00,114.561,0.535,0.53,0.54,0.4649999999999999,0.46,0.47,,,,
2026-01-06 05:16:55.613000+00:00,2026-01-06 05:16:55.688206+00:00,115.613,0.535,0.53,0.54,0.4649999999999999,0.46,0.47,,,,
2026-01-06 05:16:56.489000+00:00,2026-01-06 05:16:56.689375+00:00,116.489,0.535,0.53,0.54,0.4649999999999999,0.46,0.47,,,,
2026-01-06 05:16:57.543000+00:00,2026-01-06 05:16:57.705479+00:00,117.543,0.535,0.53,0.54,0.4649999999999999,0.46,0.47,,,,
2026-01-06 05:16:58.421000+00:00,2026-01-06 05:16:58.706192+00:00,118.421,0.535,0.53,0.54,0.4649999999999999,0.46,0.47,,,,
2026-01-06 05:16:59.637000+00:00,2026-01-06 05:16:59.723191+00:00,119.637,0.535,0.53,0.54,0.4649999999999999,0.46,0.47,,,,
2026-01-06 05:17:00.646000+00:00,2026-01-06 05:17:00.721980+00:00,120.646,0.56,0.55,0.57,0.435,0.43,0.44,,,,
2026-01-06 05:17:01.633000+00:00,2026-01-06 05:17:01.724154+00:00,121.633,0.575,0.57,0.58,0.425,0.42,0.43,,,,
2026-01-06 05:17:02.548000+00:00,2026-01-06 05:17:02.740310+00:00,122.548,0.575,0.57,0.58,0.425,0.42,0.43,,,,
2026-01-06 05:17:03.645000+00:00,2026-01-06 05:17:03.742484+00:00,123.645,0.575,0.57,0.58,0.425,0.42,0.43,,,,
2026-01-06 05:17:04.664000+00:00,2026-01-06 05:17:04.741114+00:00,124.664,0.58,0.57,0.59,0.42,0.41,0.43,,,,
2026-01-06 05:17:05.670000+00:00,2026-01-06 05:17:05.760267+00:00,125.67,0.575,0.57,0.58,0.425,0.42,0.43,,,,
2026-01-06 05:17:06.657000+00:00,2026-01-06 05:17:06.759078+00:00,126.657,0.575,0.57,0.58,0.425,0.42,0.43,,,,
2026-01-06 05:17:07.681000+00:00,2026-01-06 05:17:07.760119+00:00,127.681,0.575,0.57,0.58,0.42,0.41,0.43,,,,
2026-01-06 05:17:08.483000+00:00,2026-01-06 05:17:08.775573+00:00,128.483,0.58,0.57,0.59,0.42,0.41,0.43,,,,
2026-01-06 05:17:09.697000+00:00,2026-01-06 05:17:09.775570+00:00,129.697,0.635,0.63,0.64,0.365,0.36,0.37,,,,
2026-01-06 05:17:10.558000+00:00,2026-01-06 05:17:10.777391+00:00,130.558,0.645,0.64,0.65,0.355,0.35,0.36,,,,
2026-01-06 05:17:11.647000+00:00,2026-01-06 05:17:11.775707+00:00,131.647,0.645,0.64,0.65,0.355,0.35,0.36,,,,
2026-01-06 05:17:12.459000+00:00,2026-01-06 05:17:12.791761+00:00,132.459,0.645,0.64,0.65,0.355,0.35,0.36,,,,
2026-01-06 05:17:13.734000+00:00,2026-01-06 05:17:13.804287+00:00,133.734,0.635,0.63,0.64,0.365,0.36,0.37,,,,
2026-01-06 05:17:14.715000+00:00,2026-01-06 05:17:14.800242+00:00,134.715,0.635,0.63,0.64,0.365,0.36,0.37,,,,
2026-01-06 05:17:15.642000+00:00,2026-01-06 05:17:15.807443+00:00,135.642,0.645,0.64,0.65,0.355,0.35,0.36,,,,
2026-01-06 05:17:16.716000+00:00,2026-01-06 05:17:16.827271+00:00,136.716,0.645,0.64,0.65,0.355,0.35,0.36,,,,
2026-01-06 05:17:17.760000+00:00,2026-01-06 05:17:17.843444+00:00,137.76,0.605,0.6,0.61,0.395,0.39,0.4,,,,
2026-01-06 05:17:18.720000+00:00,2026-01-06 05:17:18.834002+00:00,138.72,0.61,0.6,0.62,0.385,0.38,0.39,,,,
2026-01-06 05:17:19.770000+00:00,2026-01-06 05:17:19.848057+00:00,139.77,0.615,0.61,0.62,0.4,0.38,0.42,,,,
2026-01-06 05:17:20.769000+00:00,2026-01-06 05:17:20.849540+00:00,140.769,0.545,0.54,0.55,0.455,0.45,0.46,,,,
2026-01-06 05:17:21.715000+00:00,2026-01-06 05:17:21.841459+00:00,141.715,0.545,0.54,0.55,0.455,0.45,0.46,,,,
2026-01-06 05:17:22.768000+00:00,2026-01-06 05:17:22.858003+00:00,142.768,0.545,0.54,0.55,0.455,0.45,0.46,,,,
2026-01-06 05:17:23.788000+00:00,2026-01-06 05:17:23.865572+00:00,143.788,0.48,0.47,0.49,0.54,0.53,0.55,,,,
2026-01-06 05:17:24.806000+00:00,2026-01-06 05:17:24.889996+00:00,144.806,0.405,0.4,0.41,0.595,0.59,0.6,,,,
2026-01-06 05:17:25.822000+00:00,2026-01-06 05:17:25.906314+00:00,145.822,0.415,0.41,0.42,0.585,0.58,0.59,,,,
2026-01-06 05:17:26.835000+00:00,2026-01-06 05:17:26.917300+00:00,146.835,0.415,0.41,0.42,0.565,0.56,0.57,,,,
2026-01-06 05:17:27.845000+00:00,2026-01-06 05:17:27.941635+00:00,147.845,0.4649999999999999,0.46,0.47,0.535,0.53,0.54,,,,
2026-01-06 05:17:28.873000+00:00,2026-01-06 05:17:28.940394+00:00,148.873,0.4599999999999999,0.45,0.47,0.54,0.53,0.55,,,,
2026-01-06 05:17:29.686000+00:00,2026-01-06 05:17:29.939598+00:00,149.686,0.4599999999999999,0.45,0.47,0.54,0.53,0.55,,,,
2026-01-06 05:17:30.856000+00:00,2026-01-06 05:17:30.956188+00:00,150.856,0.455,0.45,0.46,0.545,0.54,0.55,,,,
2026-01-06 05:17:31.853000+00:00,2026-01-06 05:17:31.958239+00:00,151.853,0.455,0.45,0.46,0.545,0.54,0.55,,,,
2026-01-06 05:17:32.589000+00:00,2026-01-06 05:17:32.964469+00:00,152.589,0.45,0.44,0.46,0.55,0.54,0.56,,,,
2026-01-06 05:17:33.887000+00:00,2026-01-06 05:17:33.963677+00:00,153.887,0.455,0.45,0.46,0.545,0.54,0.55,,,,
2026-01-06 05:17:34.898000+00:00,2026-01-06 05:17:34.973942+00:00,154.898,0.495,0.48,0.51,0.5,0.49,0.51,,,,
2026-01-06 05:17:35.914000+00:00,2026-01-06 05:17:35.991156+00:00,155.914,0.495,0.49,0.5,0.505,0.5,0.51,,,,
2026-01-06 05:17:36.900000+00:00,2026-01-06 05:17:37.004257+00:00,156.9,0.475,0.47,0.48,0.525,0.52,0.53,,,,
2026-01-06 05:17:37.929000+00:00,2026-01-06 05:17:38.023704+00:00,157.929,0.475,0.47,0.48,0.525,0.52,0.53,,,,
2026-01-06 05:17:38.946000+00:00,2026-01-06 05:17:39.030275+00:00,158.946,0.475,0.47,0.48,0.525,0.52,0.53,,,,
2026-01-06 05:17:39.937000+00:00,2026-01-06 05:17:40.039036+00:00,159.937,0.475,0.47,0.48,0.525,0.52,0.53,,,,
2026-01-06 05:17:40.966000+00:00,2026-01-06 05:17:41.051451+00:00,160.966,0.475,0.47,0.48,0.525,0.52,0.53,,,,
2026-01-06 05:17:41.977000+00:00,2026-01-06 05:17:42.058774+00:00,161.977,0.485,0.48,0.49,0.515,0.51,0.52,,,,
2026-01-06 05:17:42.996000+00:00,2026-01-06 05:17:43.071860+00:00,162.996,0.485,0.48,0.49,0.515,0.51,0.52,,,,
2026-01-06 05:17:43.993000+00:00,2026-01-06 05:17:44.073439+00:00,163.993,0.485,0.48,0.49,0.515,0.51,0.52,,,,
2026-01-06 05:17:44.971000+00:00,2026-01-06 05:17:45.072802+00:00,164.971,0.485,0.48,0.49,0.515,0.51,0.52,,,,
2026-01-06 05:17:45.997000+00:00,2026-01-06 05:17:46.081101+00:00,165.997,0.475,0.47,0.48,0.525,0.52,0.53,,,,
2026-01-06 05:17:46.990000+00:00,2026-01-06 05:17:47.074142+00:00,166.99,0.485,0.48,0.49,0.515,0.51,0.52,,,,
2026-01-06 05:17:47.878000+00:00,2026-01-06 05:17:48.087139+00:00,167.878,0.485,0.48,0.49,0.515,0.51,0.52,,,,
2026-01-06 05:17:48.998000+00:00,2026-01-06 05:17:49.077849+00:00,168.998,0.485,0.48,0.49,0.515,0.51,0.52,,,,
2026-01-06 05:17:49.996000+00:00,2026-01-06 05:17:50.077023+00:00,169.996,0.485,0.48,0.49,0.515,0.51,0.52,,,,
2026-01-06 05:17:51.986000+00:00,2026-01-06 05:17:52.089125+00:00,171.986,0.485,0.48,0.49,0.515,0.51,0.52,,,,
2026-01-06 05:17:52.625000+00:00,2026-01-06 05:17:53.106742+00:00,172.625,0.485,0.48,0.49,0.515,0.51,0.52,,,,
2026-01-06 05:17:54.021000+00:00,2026-01-06 05:17:54.106268+00:00,174.021,0.485,0.48,0.49,0.475,0.47,0.48,,,,
2026-01-06 05:17:55.035000+00:00,2026-01-06 05:17:55.114405+00:00,175.035,0.535,0.53,0.54,0.4649999999999999,0.46,0.47,,,,
2026-01-06 05:17:56.064000+00:00,2026-01-06 05:17:56.137703+00:00,176.064,0.575,0.57,0.58,0.425,0.42,0.43,,,,
2026-01-06 05:17:57.039000+00:00,2026-01-06 05:17:57.144479+00:00,177.039,0.575,0.57,0.58,0.425,0.42,0.43,,,,
2026-01-06 05:17:58.006000+00:00,2026-01-06 05:17:58.138461+00:00,178.006,0.5700000000000001,0.56,0.58,0.43,0.42,0.44,,,,
2026-01-06 05:17:59.061000+00:00,2026-01-06 05:17:59.147467+00:00,179.061,0.5700000000000001,0.56,0.58,0.43,0.42,0.44,,,,
2026-01-06 05:18:00.095000+00:00,2026-01-06 05:18:00.172568+00:00,180.095,0.565,0.56,0.57,0.435,0.43,0.44,,,,
2026-01-06 05:18:01.094000+00:00,2026-01-06 05:18:01.188899+00:00,181.094,0.555,0.55,0.56,0.455,0.45,0.46,,,,
2026-01-06 05:18:02.127000+00:00,2026-01-06 05:18:02.205562+00:00,182.127,0.4599999999999999,0.45,0.47,0.54,0.53,0.55,,,,
2026-01-06 05:18:03.096000+00:00,2026-01-06 05:18:03.203730+00:00,183.096,0.455,0.45,0.46,0.545,0.54,0.55,,,,
2026-01-06 05:18:04.122000+00:00,2026-01-06 05:18:04.204345+00:00,184.122,0.455,0.45,0.46,0.545,0.54,0.55,,,,
2026-01-06 05:18:05.877000+00:00,2026-01-06 05:18:06.222659+00:00,185.877,0.4599999999999999,0.45,0.47,0.54,0.53,0.55,,,,
2026-01-06 05:18:07.154000+00:00,2026-01-06 05:18:07.238597+00:00,187.154,0.4599999999999999,0.45,0.47,0.545,0.54,0.55,,,,
2026-01-06 05:18:08.161000+00:00,2026-01-06 05:18:08.256134+00:00,188.161,0.455,0.45,0.46,0.545,0.54,0.55,,,,
2026-01-06 05:18:09.060000+00:00,2026-01-06 05:18:09.273613+00:00,189.06,0.445,0.44,0.45,0.555,0.55,0.56,,,,
2026-01-06 05:18:10.203000+00:00,2026-01-06 05:18:10.289551+00:00,190.203,0.455,0.45,0.46,0.545,0.54,0.55,,,,
2026-01-06 05:18:11.122000+00:00,2026-01-06 05:18:11.288573+00:00,191.122,0.455,0.45,0.46,0.545,0.54,0.55,,,,
2026-01-06 05:18:12.191000+00:00,2026-01-06 05:18:12.283196+00:00,192.191,0.4599999999999999,0.45,0.47,0.54,0.53,0.55,,,,
2026-01-06 05:18:13.149000+00:00,2026-01-06 05:18:13.289292+00:00,193.149,0.4599999999999999,0.45,0.47,0.54,0.53,0.55,,,,
2026-01-06 05:18:14.208000+00:00,2026-01-06 05:18:14.294420+00:00,194.208,0.4599999999999999,0.45,0.47,0.54,0.53,0.55,,,,
2026-01-06 05:18:15.162000+00:00,2026-01-06 05:18:15.305605+00:00,195.162,0.445,0.44,0.45,0.565,0.56,0.57,,,,
2026-01-06 05:18:16.042000+00:00,2026-01-06 05:18:16.312597+00:00,196.042,0.425,0.42,0.43,0.575,0.57,0.58,,,,
2026-01-06 05:18:17.231000+00:00,2026-01-06 05:18:17.321743+00:00,197.231,0.42,0.41,0.43,0.58,0.57,0.59,,,,
2026-01-06 05:18:18.232000+00:00,2026-01-06 05:18:18.343139+00:00,198.232,0.42,0.41,0.43,0.58,0.57,0.59,,,,
2026-01-06 05:18:19.264000+00:00,2026-01-06 05:18:19.358677+00:00,199.264,0.425,0.42,0.43,0.575,0.57,0.58,,,,
2026-01-06 05:18:20.214000+00:00,2026-01-06 05:18:20.371959+00:00,200.214,0.425,0.42,0.43,0.575,0.57,0.58,,,,
2026-01-06 05:18:21.235000+00:00,2026-01-06 05:18:21.374637+00:00,201.235,0.425,0.42,0.43,0.575,0.57,0.58,,,,
2026-01-06 05:18:22.003000+00:00,2026-01-06 05:18:22.376563+00:00,202.003,0.425,0.42,0.43,0.575,0.57,0.58,,,,
2026-01-06 05:18:23.002000+00:00,2026-01-06 05:18:23.380601+00:00,203.002,0.425,0.42,0.43,0.575,0.57,0.58,,,,
2026-01-06 05:18:24.119000+00:00,2026-01-06 05:18:24.376007+00:00,204.119,0.425,0.42,0.43,0.575,0.57,0.58,,,,
2026-01-06 05:18:25.315000+00:00,2026-01-06 05:18:25.397554+00:00,205.315,0.445,0.44,0.45,0.55,0.54,0.56,,,,
2026-01-06 05:18:26.305000+00:00,2026-01-06 05:18:26.397518+00:00,206.305,0.455,0.45,0.46,0.545,0.54,0.55,,,,
2026-01-06 05:18:27.291000+00:00,2026-01-06 05:18:27.401383+00:00,207.291,0.455,0.45,0.46,0.545,0.54,0.55,,,,
2026-01-06 05:18:28.282000+00:00,2026-01-06 05:18:28.410286+00:00,208.282,0.455,0.45,0.46,0.545,0.54,0.55,,,,
2026-01-06 05:18:29.059000+00:00,2026-01-06 05:18:29.428963+00:00,209.059,0.455,0.45,0.46,0.545,0.54,0.55,,,,
2026-01-06 05:18:30.294000+00:00,2026-01-06 05:18:30.427359+00:00,210.294,0.455,0.45,0.46,0.545,0.54,0.55,,,,
2026-01-06 05:18:31.355000+00:00,2026-01-06 05:18:31.437886+00:00,211.355,0.455,0.45,0.46,0.545,0.54,0.55,,,,
2026-01-06 05:18:32.258000+00:00,2026-01-06 05:18:32.455270+00:00,212.258,0.4649999999999999,0.46,0.47,0.535,0.53,0.54,,,,
2026-01-06 05:18:33.378000+00:00,2026-01-06 05:18:33.461432+00:00,213.378,0.4649999999999999,0.46,0.47,0.535,0.53,0.54,,,,
2026-01-06 05:18:34.359000+00:00,2026-01-06 05:18:34.471822+00:00,214.359,0.445,0.44,0.45,0.555,0.55,0.56,,,,
2026-01-06 05:18:35.373000+00:00,2026-01-06 05:18:35.480704+00:00,215.373,0.445,0.44,0.45,0.555,0.55,0.56,,,,
2026-01-06 05:18:36.370000+00:00,2026-01-06 05:18:36.496342+00:00,216.37,0.445,0.44,0.45,0.555,0.55,0.56,,,,
2026-01-06 05:18:37.425000+00:00,2026-01-06 05:18:37.512500+00:00,217.425,0.445,0.44,0.45,0.5700000000000001,0.56,0.58,,,,
2026-01-06 05:18:38.392000+00:00,2026-01-06 05:18:38.529909+00:00,218.392,0.43,0.42,0.44,0.5700000000000001,0.56,0.58,,,,
2026-01-06 05:18:39.406000+00:00,2026-01-06 05:18:39.544717+00:00,219.406,0.43,0.42,0.44,0.5700000000000001,0.56,0.58,,,,
2026-01-06 05:18:40.294000+00:00,2026-01-06 05:18:40.555765+00:00,220.294,0.43,0.42,0.44,0.5700000000000001,0.56,0.58,,,,
2026-01-06 05:18:41.595000+00:00,2026-01-06 05:18:41.558777+00:00,221.595,0.44,0.43,0.45,0.56,0.55,0.57,,,,
2026-01-06 05:18:42.461000+00:00,2026-01-06 05:18:42.571456+00:00,222.461,0.445,0.44,0.45,0.555,0.55,0.56,,,,
2026-01-06 05:18:43.422000+00:00,2026-01-06 05:18:43.586170+00:00,223.422,0.445,0.44,0.45,0.55,0.54,0.56,,,,
2026-01-06 05:18:44.429000+00:00,2026-01-06 05:18:44.587871+00:00,224.429,0.455,0.45,0.46,0.545,0.54,0.55,,,,
2026-01-06 05:18:45.483000+00:00,2026-01-06 05:18:45.589766+00:00,225.483,0.455,0.45,0.46,0.545,0.54,0.55,,,,
2026-01-06 05:18:46.314000+00:00,2026-01-06 05:18:46.591745+00:00,226.314,0.45,0.44,0.46,0.55,0.54,0.56,,,,
2026-01-06 05:18:47.548000+00:00,2026-01-06 05:18:47.604580+00:00,227.548,0.435,0.43,0.44,0.565,0.56,0.57,,,,
2026-01-06 05:18:48.521000+00:00,2026-01-06 05:18:48.605716+00:00,228.521,0.435,0.43,0.44,0.565,0.56,0.57,,,,
2026-01-06 05:18:49.524000+00:00,2026-01-06 05:18:49.620610+00:00,229.524,0.43,0.42,0.44,0.585,0.58,0.59,,,,
2026-01-06 05:18:50.559000+00:00,2026-01-06 05:18:50.638582+00:00,230.559,0.42,0.41,0.43,0.575,0.57,0.58,,,,
2026-01-06 05:18:51.566000+00:00,2026-01-06 05:18:51.638957+00:00,231.566,0.435,0.43,0.44,0.565,0.56,0.57,,,,
2026-01-06 05:18:52.562000+00:00,2026-01-06 05:18:52.642969+00:00,232.562,0.425,0.42,0.43,0.575,0.57,0.58,,,,
2026-01-06 05:18:53.574000+00:00,2026-01-06 05:18:53.652254+00:00,233.574,0.415,0.41,0.42,0.585,0.58,0.59,,,,
2026-01-06 05:18:54.590000+00:00,2026-01-06 05:18:54.662440+00:00,234.59,0.415,0.41,0.42,0.585,0.58,0.59,,,,
2026-01-06 05:18:55.549000+00:00,2026-01-06 05:18:55.676252+00:00,235.549,0.415,0.41,0.42,0.585,0.58,0.59,,,,
2026-01-06 05:18:56.580000+00:00,2026-01-06 05:18:56.676079+00:00,236.58,0.415,0.41,0.42,0.585,0.58,0.59,,,,
2026-01-06 05:18:57.611000+00:00,2026-01-06 05:18:57.685779+00:00,237.611,0.415,0.41,0.42,0.585,0.58,0.59,,,,
2026-01-06 05:18:58.614000+00:00,2026-01-06 05:18:58.680370+00:00,238.614,0.43,0.42,0.44,0.5700000000000001,0.56,0.58,,,,
2026-01-06 05:18:59.427000+00:00,2026-01-06 05:18:59.688176+00:00,239.427,0.43,0.42,0.44,0.5700000000000001,0.56,0.58,,,,
2026-01-06 05:19:00.582000+00:00,2026-01-06 05:19:00.685414+00:00,240.582,0.43,0.42,0.44,0.5700000000000001,0.56,0.58,,,,
2026-01-06 05:19:01.622000+00:00,2026-01-06 05:19:01.700638+00:00,241.622,0.43,0.42,0.44,0.5700000000000001,0.56,0.58,,,,
2026-01-06 05:19:02.627000+00:00,2026-01-06 05:19:02.707541+00:00,242.627,0.425,0.42,0.43,0.575,0.57,0.58,,,,
2026-01-06 05:19:03.623000+00:00,2026-01-06 05:19:03.718249+00:00,243.623,0.405,0.4,0.41,0.595,0.59,0.6,,,,
2026-01-06 05:19:04.643000+00:00,2026-01-06 05:19:04.726984+00:00,244.643,0.405,0.4,0.41,0.595,0.59,0.6,,,,
2026-01-06 05:19:05.577000+00:00,2026-01-06 05:19:05.735221+00:00,245.577,0.405,0.4,0.41,0.595,0.59,0.6,,,,
2026-01-06 05:19:06.596000+00:00,2026-01-06 05:19:06.736282+00:00,246.596,0.38,0.37,0.39,0.625,0.62,0.63,,,,
2026-01-06 05:19:07.666000+00:00,2026-01-06 05:19:07.753545+00:00,247.666,0.375,0.37,0.38,0.625,0.62,0.63,,,,
2026-01-06 05:19:08.572000+00:00,2026-01-06 05:19:08.770006+00:00,248.572,0.375,0.37,0.38,0.625,0.62,0.63,,,,
2026-01-06 05:19:09.589000+00:00,2026-01-06 05:19:09.769808+00:00,249.589,0.375,0.37,0.38,0.625,0.62,0.63,,,,
2026-01-06 05:19:10.686000+00:00,2026-01-06 05:19:10.777312+00:00,250.686,0.375,0.37,0.38,0.625,0.62,0.63,,,,
2026-01-06 05:19:11.677000+00:00,2026-01-06 05:19:11.787583+00:00,251.677,0.375,0.37,0.38,0.625,0.62,0.63,,,,
2026-01-06 05:19:12.704000+00:00,2026-01-06 05:19:12.801966+00:00,252.704,0.37,0.36,0.38,0.625,0.62,0.63,,,,
2026-01-06 05:19:13.761000+00:00,2026-01-06 05:19:13.810655+00:00,253.761,0.345,0.34,0.35,0.655,0.65,0.66,,,,
2026-01-06 05:19:14.740000+00:00,2026-01-06 05:19:14.826709+00:00,254.74,0.355,0.35,0.36,0.645,0.64,0.65,,,,
2026-01-06 05:19:15.719000+00:00,2026-01-06 05:19:15.840304+00:00,255.719,0.355,0.35,0.36,0.645,0.64,0.65,,,,
2026-01-06 05:19:16.758000+00:00,2026-01-06 05:19:16.839056+00:00,256.758,0.375,0.37,0.38,0.625,0.62,0.63,,,,
2026-01-06 05:19:17.734000+00:00,2026-01-06 05:19:17.843149+00:00,257.734,0.38,0.37,0.39,0.62,0.61,0.63,,,,
2026-01-06 05:19:18.716000+00:00,2026-01-06 05:19:18.844428+00:00,258.716,0.385,0.38,0.39,0.615,0.61,0.62,,,,
2026-01-06 05:19:19.746000+00:00,2026-01-06 05:19:19.858202+00:00,259.746,0.385,0.38,0.39,0.615,0.61,0.62,,,,
2026-01-06 05:19:20.746000+00:00,2026-01-06 05:19:20.869273+00:00,260.746,0.385,0.38,0.39,0.615,0.61,0.62,,,,
2026-01-06 05:19:21.768000+00:00,2026-01-06 05:19:21.862304+00:00,261.768,0.38,0.37,0.39,0.62,0.61,0.63,,,,
2026-01-06 05:19:22.741000+00:00,2026-01-06 05:19:22.869354+00:00,262.741,0.385,0.38,0.39,0.615,0.61,0.62,,,,
2026-01-06 05:19:23.781000+00:00,2026-01-06 05:19:23.886604+00:00,263.781,0.385,0.38,0.39,0.615,0.61,0.62,,,,
2026-01-06 05:19:24.809000+00:00,2026-01-06 05:19:24.894801+00:00,264.809,0.385,0.38,0.39,0.615,0.61,0.62,,,,
2026-01-06 05:19:25.817000+00:00,2026-01-06 05:19:25.898165+00:00,265.817,0.4,0.39,0.41,0.595,0.59,0.6,,,,
2026-01-06 05:19:26.825000+00:00,2026-01-06 05:19:26.913062+00:00,266.825,0.43,0.42,0.44,0.5700000000000001,0.56,0.58,,,,
2026-01-06 05:19:27.822000+00:00,2026-01-06 05:19:27.925306+00:00,267.822,0.43,0.42,0.44,0.5700000000000001,0.56,0.58,,,,
2026-01-06 05:19:28.764000+00:00,2026-01-06 05:19:28.935863+00:00,268.764,0.43,0.42,0.44,0.5700000000000001,0.56,0.58,,,,
2026-01-06 05:19:29.848000+00:00,2026-01-06 05:19:29.940553+00:00,269.848,0.43,0.42,0.44,0.5700000000000001,0.56,0.58,,,,
2026-01-06 05:19:30.882000+00:00,2026-01-06 05:19:30.957886+00:00,270.882,0.4649999999999999,0.46,0.47,0.53,0.52,0.54,,,,
2026-01-06 05:19:31.875000+00:00,2026-01-06 05:19:31.957949+00:00,271.875,0.495,0.49,0.5,0.505,0.5,0.51,,,,
2026-01-06 05:19:32.854000+00:00,2026-01-06 05:19:32.968441+00:00,272.854,0.495,0.49,0.5,0.505,0.5,0.51,,,,
2026-01-06 05:19:33.894000+00:00,2026-01-06 05:19:33.977440+00:00,273.894,0.495,0.49,0.5,0.505,0.5,0.51,,,,
2026-01-06 05:19:34.914000+00:00,2026-01-06 05:19:34.993859+00:00,274.914,0.505,0.5,0.51,0.49,0.48,0.5,,,,
2026-01-06 05:19:35.925000+00:00,2026-01-06 05:19:36.008165+00:00,275.925,0.515,0.51,0.52,0.475,0.47,0.48,,,,
2026-01-06 05:19:36.726000+00:00,2026-01-06 05:19:37.005040+00:00,276.726,0.53,0.52,0.54,0.47,0.46,0.48,,,,
2026-01-06 05:19:37.924000+00:00,2026-01-06 05:19:38.015097+00:00,277.924,0.565,0.56,0.57,0.435,0.43,0.44,,,,
2026-01-06 05:19:38.929000+00:00,2026-01-06 05:19:39.018388+00:00,278.929,0.565,0.55,0.58,0.425,0.42,0.43,,,,
2026-01-06 05:19:39.939000+00:00,2026-01-06 05:19:40.023057+00:00,279.939,0.575,0.57,0.58,0.425,0.42,0.43,,,,
2026-01-06 05:19:40.956000+00:00,2026-01-06 05:19:41.042486+00:00,280.956,0.575,0.57,0.58,0.425,0.42,0.43,,,,
2026-01-06 05:19:41.955000+00:00,2026-01-06 05:19:42.042570+00:00,281.955,0.565,0.56,0.57,0.435,0.43,0.44,,,,
2026-01-06 05:19:42.936000+00:00,2026-01-06 05:19:43.041625+00:00,282.936,0.56,0.55,0.57,0.44,0.43,0.45,,,,
2026-01-06 05:19:43.965000+00:00,2026-01-06 05:19:44.057061+00:00,283.965,0.5700000000000001,0.56,0.58,0.43,0.42,0.44,,,,
2026-01-06 05:19:44.903000+00:00,2026-01-06 05:19:45.070685+00:00,284.903,0.5700000000000001,0.56,0.58,0.435,0.43,0.44,,,,
2026-01-06 05:19:45.997000+00:00,2026-01-06 05:19:46.082761+00:00,285.997,0.5700000000000001,0.56,0.58,0.43,0.42,0.44,,,,
2026-01-06 05:19:46.990000+00:00,2026-01-06 05:19:47.090243+00:00,286.99,0.575,0.57,0.58,0.425,0.42,0.43,,,,
2026-01-06 05:19:47.946000+00:00,2026-01-06 05:19:48.093465+00:00,287.946,0.575,0.57,0.58,0.425,0.42,0.43,,,,
2026-01-06 05:19:48.972000+00:00,2026-01-06 05:19:49.112365+00:00,288.972,0.575,0.57,0.58,0.425,0.42,0.43,,,,
2026-01-06 05:19:50.023000+00:00,2026-01-06 05:19:50.118855+00:00,290.023,0.575,0.57,0.58,0.425,0.42,0.43,,,,
2026-01-06 05:19:51.032000+00:00,2026-01-06 05:19:51.122380+00:00,291.032,0.575,0.57,0.58,0.425,0.42,0.43,,,,
2026-01-06 05:19:52.033000+00:00,2026-01-06 05:19:52.135270+00:00,292.033,0.595,0.59,0.6,0.405,0.4,0.41,,,,
2026-01-06 05:19:53.032000+00:00,2026-01-06 05:19:53.153191+00:00,293.032,0.595,0.59,0.6,0.405,0.4,0.41,,,,
2026-01-06 05:19:54.031000+00:00,2026-01-06 05:19:54.156690+00:00,294.031,0.595,0.59,0.6,0.39,0.38,0.4,,,,
2026-01-06 05:19:55.051000+00:00,2026-01-06 05:19:55.168894+00:00,295.051,0.63,0.62,0.64,0.37,0.36,0.38,,,,
2026-01-06 05:19:56.010000+00:00,2026-01-06 05:19:56.184116+00:00,296.01,0.63,0.62,0.64,0.37,0.36,0.38,,,,
2026-01-06 05:19:57.040000+00:00,2026-01-06 05:19:57.188241+00:00,297.04,0.63,0.62,0.64,0.37,0.36,0.38,,,,
2026-01-06 05:19:58.080000+00:00,2026-01-06 05:19:58.186283+00:00,298.08,0.63,0.62,0.64,0.365,0.36,0.37,,,,
2026-01-06 05:19:59.993000+00:00,2026-01-06 05:20:00.199943+00:00,299.993,0.635,0.63,0.64,0.365,0.36,0.37,,,,
2026-01-06 05:20:01.080000+00:00,2026-01-06 05:20:01.209464+00:00,301.08,0.635,0.63,0.64,0.365,0.36,0.37,,,,
2026-01-06 05:20:02.122000+00:00,2026-01-06 05:20:02.217425+00:00,302.122,0.635,0.63,0.64,0.365,0.36,0.37,,,,
2026-01-06 05:20:03.114000+00:00,2026-01-06 05:20:03.218107+00:00,303.114,0.635,0.63,0.64,0.365,0.36,0.37,,,,
2026-01-06 05:20:04.153000+00:00,2026-01-06 05:20:04.233536+00:00,304.153,0.635,0.63,0.64,0.365,0.36,0.37,,,,
2026-01-06 05:20:05.095000+00:00,2026-01-06 05:20:05.258086+00:00,305.095,0.635,0.63,0.64,0.365,0.36,0.37,,,,
2026-01-06 05:20:06.043000+00:00,2026-01-06 05:20:06.268144+00:00,306.043,0.635,0.63,0.64,0.365,0.36,0.37,,,,
2026-01-06 05:20:07.201000+00:00,2026-01-06 05:20:07.273049+00:00,307.201,0.64,0.63,0.65,0.355,0.35,0.36,,,,
2026-01-06 05:20:08.195000+00:00,2026-01-06 05:20:08.278929+00:00,308.195,0.66,0.65,0.67,0.3399999999999999,0.33,0.35,,,,
2026-01-06 05:20:09.181000+00:00,2026-01-06 05:20:09.292281+00:00,309.181,0.625,0.62,0.63,0.375,0.37,0.38,,,,
2026-01-06 05:20:10.155000+00:00,2026-01-06 05:20:10.302791+00:00,310.155,0.62,0.61,0.63,0.38,0.37,0.39,,,,
2026-01-06 05:20:11.127000+00:00,2026-01-06 05:20:11.315530+00:00,311.127,0.62,0.61,0.63,0.38,0.37,0.39,,,,
2026-01-06 05:20:12.158000+00:00,2026-01-06 05:20:12.306014+00:00,312.158,0.62,0.61,0.63,0.375,0.37,0.38,,,,
2026-01-06 05:20:13.205000+00:00,2026-01-06 05:20:13.323020+00:00,313.205,0.635,0.63,0.64,0.365,0.36,0.37,,,,
2026-01-06 05:20:14.244000+00:00,2026-01-06 05:20:14.324281+00:00,314.244,0.64,0.63,0.65,0.355,0.35,0.36,,,,
2026-01-06 05:20:15.201000+00:00,2026-01-06 05:20:15.339544+00:00,315.201,0.64,0.63,0.65,0.36,0.35,0.37,,,,
2026-01-06 05:20:16.120000+00:00,2026-01-06 05:20:16.341123+00:00,316.12,0.64,0.63,0.65,0.355,0.35,0.36,,,,
2026-01-06 05:20:17.274000+00:00,2026-01-06 05:20:17.355348+00:00,317.274,0.655,0.65,0.66,0.345,0.34,0.35,,,,
2026-01-06 05:20:18.229000+00:00,2026-01-06 05:20:18.354689+00:00,318.229,0.67,0.66,0.68,0.33,0.32,0.34,,,,
2026-01-06 05:20:19.239000+00:00,2026-01-06 05:20:19.356424+00:00,319.239,0.675,0.67,0.68,0.325,0.32,0.33,,,,
2026-01-06 05:20:20.298000+00:00,2026-01-06 05:20:20.374383+00:00,320.298,0.685,0.68,0.69,0.315,0.31,0.32,,,,
2026-01-06 05:20:21.301000+00:00,2026-01-06 05:20:21.384466+00:00,321.301,0.715,0.71,0.72,0.285,0.28,0.29,,,,
2026-01-06 05:20:22.256000+00:00,2026-01-06 05:20:22.382710+00:00,322.256,0.715,0.71,0.72,0.285,0.28,0.29,,,,
2026-01-06 05:20:23.178000+00:00,2026-01-06 05:20:23.383489+00:00,323.178,0.715,0.71,0.72,0.285,0.28,0.29,,,,
2026-01-06 05:20:24.295000+00:00,2026-01-06 05:20:24.390457+00:00,324.295,0.705,0.7,0.71,0.295,0.29,0.3,,,,
2026-01-06 05:20:25.307000+00:00,2026-01-06 05:20:25.386470+00:00,325.307,0.715,0.71,0.72,0.29,0.28,0.3,,,,
2026-01-06 05:20:26.204000+00:00,2026-01-06 05:20:26.401693+00:00,326.204,0.73,0.72,0.74,0.265,0.26,0.27,,,,
2026-01-06 05:20:27.308000+00:00,2026-01-06 05:20:27.409524+00:00,327.308,0.745,0.74,0.75,0.255,0.25,0.26,,,,
2026-01-06 05:20:28.336000+00:00,2026-01-06 05:20:28.416449+00:00,328.336,0.76,0.75,0.77,0.24,0.23,0.25,,,,
2026-01-06 05:20:29.727000+00:00,2026-01-06 05:20:30.449789+00:00,329.727,0.765,0.76,0.77,0.235,0.23,0.24,,,,
2026-01-06 05:20:31.247000+00:00,2026-01-06 05:20:31.449498+00:00,331.247,0.775,0.76,0.79,0.2249999999999999,0.21,0.24,,,,
2026-01-06 05:20:32.380000+00:00,2026-01-06 05:20:32.465604+00:00,332.38,0.78,0.77,0.79,0.22,0.21,0.23,,,,
2026-01-06 05:20:33.381000+00:00,2026-01-06 05:20:33.472621+00:00,333.381,0.785,0.77,0.8,0.225,0.22,0.23,,,,
2026-01-06 05:20:34.384000+00:00,2026-01-06 05:20:34.483601+00:00,334.384,0.78,0.77,0.79,0.215,0.2,0.23,,,,
2026-01-06 05:20:35.385000+00:00,2026-01-06 05:20:35.482751+00:00,335.385,0.78,0.77,0.79,0.22,0.21,0.23,,,,
2026-01-06 05:20:36.259000+00:00,2026-01-06 05:20:36.482992+00:00,336.259,0.78,0.77,0.79,0.22,0.21,0.23,,,,
2026-01-06 05:20:37.358000+00:00,2026-01-06 05:20:37.482632+00:00,337.358,0.78,0.77,0.79,0.22,0.21,0.23,,,,
2026-01-06 05:20:38.344000+00:00,2026-01-06 05:20:38.489724+00:00,338.344,0.785,0.78,0.79,0.215,0.21,0.22,,,,
2026-01-06 05:20:39.410000+00:00,2026-01-06 05:20:39.499143+00:00,339.41,0.785,0.78,0.79,0.215,0.21,0.22,,,,
2026-01-06 05:20:40.332000+00:00,2026-01-06 05:20:40.513922+00:00,340.332,0.79,0.78,0.8,0.205,0.2,0.21,,,,
2026-01-06 05:20:41.431000+00:00,2026-01-06 05:20:41.515900+00:00,341.431,0.795,0.79,0.8,0.205,0.2,0.21,,,,
2026-01-06 05:20:42.392000+00:00,2026-01-06 05:20:42.521633+00:00,342.392,0.8049999999999999,0.79,0.82,0.19,0.18,0.2,,,,
2026-01-06 05:20:43.458000+00:00,2026-01-06 05:20:43.532184+00:00,343.458,0.795,0.79,0.8,0.205,0.2,0.21,,,,
2026-01-06 05:20:44.435000+00:00,2026-01-06 05:20:44.531941+00:00,344.435,0.765,0.76,0.77,0.235,0.23,0.24,,,,
2026-01-06 05:20:45.432000+00:00,2026-01-06 05:20:45.525456+00:00,345.432,0.755,0.75,0.76,0.245,0.24,0.25,,,,
2026-01-06 05:20:46.426000+00:00,2026-01-06 05:20:46.531302+00:00,346.426,0.715,0.71,0.72,0.285,0.28,0.29,,,,
2026-01-06 05:20:47.431000+00:00,2026-01-06 05:20:47.532037+00:00,347.431,0.705,0.7,0.71,0.295,0.29,0.3,,,,
2026-01-06 05:20:48.442000+00:00,2026-01-06 05:20:48.541731+00:00,348.442,0.705,0.7,0.71,0.295,0.29,0.3,,,,
2026-01-06 05:20:49.460000+00:00,2026-01-06 05:20:49.557762+00:00,349.46,0.65,0.64,0.66,0.385,0.38,0.39,,,,
2026-01-06 05:20:50.479000+00:00,2026-01-06 05:20:50.570200+00:00,350.479,0.63,0.62,0.64,0.37,0.36,0.38,,,,
2026-01-06 05:20:51.486000+00:00,2026-01-06 05:20:51.572423+00:00,351.486,0.605,0.6,0.61,0.395,0.39,0.4,,,,
2026-01-06 05:20:52.457000+00:00,2026-01-06 05:20:52.581305+00:00,352.457,0.565,0.56,0.57,0.435,0.43,0.44,,,,
2026-01-06 05:20:53.495000+00:00,2026-01-06 05:20:53.588355+00:00,353.495,0.5700000000000001,0.56,0.58,0.43,0.42,0.44,,,,
2026-01-06 05:20:54.510000+00:00,2026-01-06 05:20:54.587844+00:00,354.51,0.5700000000000001,0.56,0.58,0.43,0.42,0.44,,,,
2026-01-06 05:20:55.528000+00:00,2026-01-06 05:20:55.607616+00:00,355.528,0.555,0.55,0.56,0.445,0.44,0.45,,,,
2026-01-06 05:20:56.516000+00:00,2026-01-06 05:20:56.617652+00:00,356.516,0.565,0.56,0.57,0.435,0.43,0.44,,,,
2026-01-06 05:20:57.128000+00:00,2026-01-06 05:20:57.621083+00:00,357.128,0.565,0.56,0.57,0.435,0.43,0.44,,,,
2026-01-06 05:20:58.539000+00:00,2026-01-06 05:20:58.620620+00:00,358.539,0.535,0.53,0.54,0.4649999999999999,0.46,0.47,,,,
2026-01-06 05:20:59.564000+00:00,2026-01-06 05:20:59.630906+00:00,359.564,0.565,0.56,0.57,0.435,0.43,0.44,,,,
2026-01-06 05:21:00.559000+00:00,2026-01-06 05:21:00.655455+00:00,360.559,0.555,0.55,0.56,0.455,0.45,0.46,,,,
2026-01-06 05:21:01.596000+00:00,2026-01-06 05:21:01.680092+00:00,361.596,0.565,0.56,0.57,0.435,0.43,0.44,,,,
2026-01-06 05:21:02.580000+00:00,2026-01-06 05:21:02.690214+00:00,362.58,0.565,0.56,0.57,0.43,0.42,0.44,,,,
2026-01-06 05:21:03.258000+00:00,2026-01-06 05:21:03.697231+00:00,363.258,0.5700000000000001,0.56,0.58,0.43,0.42,0.44,,,,
2026-01-06 05:21:04.556000+00:00,2026-01-06 05:21:04.703351+00:00,364.556,0.5700000000000001,0.56,0.58,0.43,0.42,0.44,,,,
2026-01-06 05:21:05.601000+00:00,2026-01-06 05:21:05.701366+00:00,365.601,0.565,0.56,0.57,0.425,0.42,0.43,,,,
2026-01-06 05:21:06.594000+00:00,2026-01-06 05:21:06.718922+00:00,366.594,0.5700000000000001,0.56,0.58,0.43,0.42,0.44,,,,
2026-01-06 05:21:07.417000+00:00,2026-01-06 05:21:07.727550+00:00,367.417,0.5700000000000001,0.56,0.58,0.43,0.42,0.44,,,,
2026-01-06 05:21:08.368000+00:00,2026-01-06 05:21:08.738210+00:00,368.368,0.5700000000000001,0.56,0.58,0.43,0.42,0.44,,,,
2026-01-06 05:21:09.668000+00:00,2026-01-06 05:21:09.745694+00:00,369.668,0.5700000000000001,0.56,0.58,0.43,0.42,0.44,,,,
2026-01-06 05:21:10.659000+00:00,2026-01-06 05:21:10.742981+00:00,370.659,0.545,0.54,0.55,0.455,0.45,0.46,,,,
2026-01-06 05:21:11.654000+00:00,2026-01-06 05:21:11.745135+00:00,371.654,0.525,0.52,0.53,0.475,0.47,0.48,,,,
2026-01-06 05:21:12.601000+00:00,2026-01-06 05:21:12.753594+00:00,372.601,0.535,0.53,0.54,0.4649999999999999,0.46,0.47,,,,
2026-01-06 05:21:13.680000+00:00,2026-01-06 05:21:13.762267+00:00,373.68,0.535,0.53,0.54,0.4649999999999999,0.46,0.47,,,,
2026-01-06 05:21:14.666000+00:00,2026-01-06 05:21:14.779873+00:00,374.666,0.595,0.59,0.6,0.405,0.4,0.41,,,,
2026-01-06 05:21:15.704000+00:00,2026-01-06 05:21:15.794179+00:00,375.704,0.6,0.59,0.61,0.4,0.39,0.41,,,,
2026-01-06 05:21:16.719000+00:00,2026-01-06 05:21:16.806831+00:00,376.719,0.595,0.59,0.6,0.405,0.4,0.41,,,,
2026-01-06 05:21:17.615000+00:00,2026-01-06 05:21:17.817508+00:00,377.615,0.585,0.58,0.59,0.415,0.41,0.42,,,,
2026-01-06 05:21:18.692000+00:00,2026-01-06 05:21:18.820881+00:00,378.692,0.585,0.58,0.59,0.415,0.41,0.42,,,,
2026-01-06 05:21:19.707000+00:00,2026-01-06 05:21:19.819716+00:00,379.707,0.58,0.57,0.59,0.42,0.41,0.43,,,,
2026-01-06 05:21:20.487000+00:00,2026-01-06 05:21:20.834543+00:00,380.487,0.58,0.57,0.59,0.42,0.41,0.43,,,,
2026-01-06 05:21:21.333000+00:00,2026-01-06 05:21:21.836320+00:00,381.333,0.58,0.57,0.59,0.42,0.41,0.43,,,,
2026-01-06 05:21:22.736000+00:00,2026-01-06 05:21:22.855169+00:00,382.736,0.58,0.57,0.59,0.42,0.41,0.43,,,,
2026-01-06 05:21:23.785000+00:00,2026-01-06 05:21:23.872421+00:00,383.785,0.595,0.59,0.6,0.405,0.4,0.41,,,,
2026-01-06 05:21:24.762000+00:00,2026-01-06 05:21:24.881801+00:00,384.762,0.595,0.59,0.6,0.405,0.4,0.41,,,,
2026-01-06 05:21:25.811000+00:00,2026-01-06 05:21:25.888523+00:00,385.811,0.59,0.58,0.6,0.415,0.41,0.42,,,,
2026-01-06 05:21:26.721000+00:00,2026-01-06 05:21:26.885741+00:00,386.721,0.585,0.58,0.59,0.415,0.41,0.42,,,,
2026-01-06 05:21:27.728000+00:00,2026-01-06 05:21:27.893820+00:00,387.728,0.595,0.59,0.6,0.405,0.4,0.41,,,,
2026-01-06 05:21:28.788000+00:00,2026-01-06 05:21:28.891482+00:00,388.788,0.59,0.58,0.6,0.41,0.4,0.42,,,,
2026-01-06 05:21:29.677000+00:00,2026-01-06 05:21:29.897634+00:00,389.677,0.59,0.58,0.6,0.41,0.4,0.42,,,,
2026-01-06 05:21:30.831000+00:00,2026-01-06 05:21:30.906184+00:00,390.831,0.59,0.58,0.6,0.41,0.4,0.42,,,,
2026-01-06 05:21:31.538000+00:00,2026-01-06 05:21:31.919452+00:00,391.538,0.59,0.58,0.6,0.41,0.4,0.42,,,,
2026-01-06 05:21:32.807000+00:00,2026-01-06 05:21:32.934416+00:00,392.807,0.585,0.58,0.59,0.415,0.41,0.42,,,,
2026-01-06 05:21:33.839000+00:00,2026-01-06 05:21:33.934777+00:00,393.839,0.595,0.59,0.6,0.405,0.4,0.41,,,,
2026-01-06 05:21:34.763000+00:00,2026-01-06 05:21:34.933724+00:00,394.763,0.595,0.59,0.6,0.405,0.4,0.41,,,,
2026-01-06 05:21:35.850000+00:00,2026-01-06 05:21:35.947274+00:00,395.85,0.595,0.59,0.6,0.405,0.4,0.41,,,,
2026-01-06 05:21:36.829000+00:00,2026-01-06 05:21:36.963431+00:00,396.829,0.595,0.59,0.6,0.405,0.4,0.41,,,,
2026-01-06 05:21:37.759000+00:00,2026-01-06 05:21:37.988465+00:00,397.759,0.595,0.59,0.6,0.405,0.4,0.41,,,,
2026-01-06 05:21:38.901000+00:00,2026-01-06 05:21:38.980404+00:00,398.901,0.595,0.59,0.6,0.405,0.4,0.41,,,,
2026-01-06 05:21:39.807000+00:00,2026-01-06 05:21:39.981617+00:00,399.807,0.635,0.63,0.64,0.365,0.36,0.37,,,,
2026-01-06 05:21:40.835000+00:00,2026-01-06 05:21:40.985986+00:00,400.835,0.635,0.63,0.64,0.365,0.36,0.37,,,,
2026-01-06 05:21:41.906000+00:00,2026-01-06 05:21:42.002925+00:00,401.906,0.63,0.62,0.64,0.37,0.36,0.38,,,,
2026-01-06 05:21:42.814000+00:00,2026-01-06 05:21:43.006963+00:00,402.814,0.635,0.63,0.64,0.365,0.36,0.37,,,,
2026-01-06 05:21:43.928000+00:00,2026-01-06 05:21:44.020589+00:00,403.928,0.635,0.63,0.64,0.365,0.36,0.37,,,,
2026-01-06 05:21:44.818000+00:00,2026-01-06 05:21:45.027231+00:00,404.818,0.635,0.63,0.64,0.365,0.36,0.37,,,,
2026-01-06 05:21:45.928000+00:00,2026-01-06 05:21:46.028543+00:00,405.928,0.635,0.63,0.64,0.38,0.37,0.39,,,,
2026-01-06 05:21:46.956000+00:00,2026-01-06 05:21:47.040442+00:00,406.956,0.535,0.53,0.54,0.485,0.48,0.49,,,,
2026-01-06 05:21:47.933000+00:00,2026-01-06 05:21:48.053443+00:00,407.933,0.535,0.53,0.54,0.4649999999999999,0.46,0.47,,,,
2026-01-06 05:21:48.972000+00:00,2026-01-06 05:21:49.065473+00:00,408.972,0.535,0.53,0.54,0.4649999999999999,0.46,0.47,,,,
2026-01-06 05:21:49.831000+00:00,2026-01-06 05:21:50.084529+00:00,409.831,0.535,0.53,0.54,0.4649999999999999,0.46,0.47,,,,
2026-01-06 05:21:50.979000+00:00,2026-01-06 05:21:51.085638+00:00,410.979,0.535,0.53,0.54,0.4649999999999999,0.46,0.47,,,,
2026-01-06 05:21:51.883000+00:00,2026-01-06 05:21:52.095947+00:00,411.883,0.535,0.53,0.54,0.4649999999999999,0.46,0.47,,,,
2026-01-06 05:21:52.963000+00:00,2026-01-06 05:21:53.117672+00:00,412.963,0.535,0.53,0.54,0.4649999999999999,0.46,0.47,,,,
2026-01-06 05:21:53.432000+00:00,2026-01-06 05:21:54.128484+00:00,413.432,0.535,0.53,0.54,0.4649999999999999,0.46,0.47,,,,
2026-01-06 05:21:55.808000+00:00,2026-01-06 05:21:56.135154+00:00,415.808,0.535,0.53,0.54,0.4649999999999999,0.46,0.47,,,,
2026-01-06 05:21:56.644000+00:00,2026-01-06 05:21:57.144661+00:00,416.644,0.535,0.53,0.54,0.455,0.45,0.46,,,,
2026-01-06 05:21:58.043000+00:00,2026-01-06 05:21:58.145752+00:00,418.043,0.545,0.54,0.55,0.455,0.45,0.46,,,,
2026-01-06 05:21:59.021000+00:00,2026-01-06 05:21:59.149797+00:00,419.021,0.545,0.54,0.55,0.455,0.45,0.46,,,,
2026-01-06 05:22:00.074000+00:00,2026-01-06 05:22:00.161340+00:00,420.074,0.545,0.54,0.55,0.455,0.45,0.46,,,,
2026-01-06 05:22:01.060000+00:00,2026-01-06 05:22:01.166500+00:00,421.06,0.545,0.54,0.55,0.455,0.45,0.46,,,,
2026-01-06 05:22:02.093000+00:00,2026-01-06 05:22:02.186238+00:00,422.093,0.54,0.53,0.55,0.4599999999999999,0.45,0.47,,,,
2026-01-06 05:22:03.090000+00:00,2026-01-06 05:22:03.179300+00:00,423.09,0.54,0.53,0.55,0.45,0.44,0.46,,,,
2026-01-06 05:22:04.833000+00:00,2026-01-06 05:22:05.182691+00:00,424.833,0.55,0.54,0.56,0.45,0.44,0.46,,,,
2026-01-06 05:22:06.981000+00:00,2026-01-06 05:22:07.194739+00:00,426.981,0.54,0.53,0.55,0.4599999999999999,0.45,0.47,,,,
2026-01-06 05:22:08.090000+00:00,2026-01-06 05:22:08.212824+00:00,428.09,0.545,0.54,0.55,0.45,0.44,0.46,,,,
2026-01-06 05:22:09.065000+00:00,2026-01-06 05:22:09.224225+00:00,429.065,0.55,0.54,0.56,0.43,0.42,0.44,,,,
2026-01-06 05:22:10.012000+00:00,2026-01-06 05:22:10.234725+00:00,430.012,0.5700000000000001,0.56,0.58,0.43,0.42,0.44,,,,
2026-01-06 05:22:11.148000+00:00,2026-01-06 05:22:11.232051+00:00,431.148,0.555,0.55,0.56,0.445,0.44,0.45,,,,
2026-01-06 05:22:12.986000+00:00,2026-01-06 05:22:13.249945+00:00,432.986,0.555,0.55,0.56,0.445,0.44,0.45,,,,
2026-01-06 05:22:14.500000+00:00,2026-01-06 05:22:15.274273+00:00,434.5,0.555,0.55,0.56,0.445,0.44,0.45,,,,
2026-01-06 05:22:16.094000+00:00,2026-01-06 05:22:16.274690+00:00,436.094,0.555,0.55,0.56,0.445,0.44,0.45,,,,
2026-01-06 05:22:17.011000+00:00,2026-01-06 05:22:17.277062+00:00,437.011,0.55,0.54,0.56,0.455,0.45,0.46,,,,
2026-01-06 05:22:18.196000+00:00,2026-01-06 05:22:18.277323+00:00,438.196,0.535,0.53,0.54,0.4649999999999999,0.46,0.47,,,,
2026-01-06 05:22:19.963000+00:00,2026-01-06 05:22:20.294966+00:00,439.963,0.535,0.53,0.54,0.4649999999999999,0.46,0.47,,,,
2026-01-06 05:22:21.257000+00:00,2026-01-06 05:22:21.310895+00:00,441.257,0.535,0.53,0.54,0.4649999999999999,0.46,0.47,,,,
2026-01-06 05:22:22.262000+00:00,2026-01-06 05:22:22.312532+00:00,442.262,0.525,0.52,0.53,0.48,0.47,0.49,,,,
2026-01-06 05:22:23.228000+00:00,2026-01-06 05:22:23.313907+00:00,443.228,0.505,0.5,0.51,0.495,0.49,0.5,,,,
2026-01-06 05:22:24.228000+00:00,2026-01-06 05:22:24.316778+00:00,444.228,0.495,0.49,0.5,0.505,0.5,0.51,,,,
2026-01-06 05:22:25.235000+00:00,2026-01-06 05:22:25.316277+00:00,445.235,0.485,0.48,0.49,0.515,0.51,0.52,,,,
2026-01-06 05:22:26.253000+00:00,2026-01-06 05:22:26.333352+00:00,446.253,0.485,0.48,0.49,0.515,0.51,0.52,,,,
2026-01-06 05:22:27.264000+00:00,2026-01-06 05:22:27.349997+00:00,447.264,0.485,0.48,0.49,0.52,0.51,0.53,,,,
2026-01-06 05:22:28.276000+00:00,2026-01-06 05:22:28.359460+00:00,448.276,0.475,0.47,0.48,0.525,0.52,0.53,,,,
2026-01-06 05:22:29.270000+00:00,2026-01-06 05:22:29.352312+00:00,449.27,0.4649999999999999,0.46,0.47,0.535,0.53,0.54,,,,
2026-01-06 05:22:30.286000+00:00,2026-01-06 05:22:30.370931+00:00,450.286,0.4649999999999999,0.46,0.47,0.535,0.53,0.54,,,,
2026-01-06 05:22:31.179000+00:00,2026-01-06 05:22:31.377608+00:00,451.179,0.455,0.45,0.46,0.545,0.54,0.55,,,,
2026-01-06 05:22:32.287000+00:00,2026-01-06 05:22:32.387039+00:00,452.287,0.455,0.45,0.46,0.545,0.54,0.55,,,,
2026-01-06 05:22:33.277000+00:00,2026-01-06 05:22:33.383371+00:00,453.277,0.4649999999999999,0.46,0.47,0.535,0.53,0.54,,,,
2026-01-06 05:22:34.205000+00:00,2026-01-06 05:22:34.384422+00:00,454.205,0.4649999999999999,0.46,0.47,0.535,0.53,0.54,,,,
2026-01-06 05:22:35.084000+00:00,2026-01-06 05:22:35.382533+00:00,455.084,0.4649999999999999,0.46,0.47,0.535,0.53,0.54,,,,
2026-01-06 05:22:36.300000+00:00,2026-01-06 05:22:36.382870+00:00,456.3,0.495,0.49,0.5,0.495,0.49,0.5,,,,
2026-01-06 05:22:37.224000+00:00,2026-01-06 05:22:37.381958+00:00,457.224,0.485,0.48,0.49,0.515,0.51,0.52,,,,
2026-01-06 05:22:38.069000+00:00,2026-01-06 05:22:38.383966+00:00,458.069,0.485,0.48,0.49,0.515,0.51,0.52,,,,
2026-01-06 05:22:39.264000+00:00,2026-01-06 05:22:39.397151+00:00,459.264,0.485,0.48,0.49,0.515,0.51,0.52,,,,
2026-01-06 05:22:40.240000+00:00,2026-01-06 05:22:40.398567+00:00,460.24,0.485,0.48,0.49,0.515,0.51,0.52,,,,
2026-01-06 05:22:41.313000+00:00,2026-01-06 05:22:41.394224+00:00,461.313,0.485,0.48,0.49,0.515,0.51,0.52,,,,
2026-01-06 05:22:42.295000+00:00,2026-01-06 05:22:42.390773+00:00,462.295,0.485,0.48,0.49,0.515,0.51,0.52,,,,
2026-01-06 05:22:43.321000+00:00,2026-01-06 05:22:43.393143+00:00,463.321,0.415,0.41,0.42,0.585,0.58,0.59,,,,
2026-01-06 05:22:44.271000+00:00,2026-01-06 05:22:44.400394+00:00,464.271,0.405,0.4,0.41,0.605,0.6,0.61,,,,
2026-01-06 05:22:45.289000+00:00,2026-01-06 05:22:45.403043+00:00,465.289,0.365,0.36,0.37,0.635,0.63,0.64,,,,
2026-01-06 05:22:46.329000+00:00,2026-01-06 05:22:46.415776+00:00,466.329,0.365,0.36,0.37,0.635,0.63,0.64,,,,
2026-01-06 05:22:47.318000+00:00,2026-01-06 05:22:47.415533+00:00,467.318,0.38,0.37,0.39,0.625,0.62,0.63,,,,
2026-01-06 05:22:48.331000+00:00,2026-01-06 05:22:48.434483+00:00,468.331,0.375,0.37,0.38,0.625,0.62,0.63,,,,
2026-01-06 05:22:49.260000+00:00,2026-01-06 05:22:49.450605+00:00,469.26,0.37,0.36,0.38,0.63,0.62,0.64,,,,
2026-01-06 05:22:50.339000+00:00,2026-01-06 05:22:50.467925+00:00,470.339,0.37,0.36,0.38,0.63,0.62,0.64,,,,
2026-01-06 05:22:51.351000+00:00,2026-01-06 05:22:51.482198+00:00,471.351,0.375,0.36,0.39,0.625,0.61,0.64,,,,
2026-01-06 05:22:52.337000+00:00,2026-01-06 05:22:52.499486+00:00,472.337,0.37,0.36,0.38,0.63,0.62,0.64,,,,
2026-01-06 05:22:53.321000+00:00,2026-01-06 05:22:53.498824+00:00,473.321,0.37,0.36,0.38,0.63,0.62,0.64,,,,
2026-01-06 05:22:54.250000+00:00,2026-01-06 05:22:54.501820+00:00,474.25,0.37,0.36,0.38,0.63,0.62,0.64,,,,
2026-01-06 05:22:55.313000+00:00,2026-01-06 05:22:55.493580+00:00,475.313,0.37,0.36,0.38,0.63,0.62,0.64,,,,
2026-01-06 05:22:56.358000+00:00,2026-01-06 05:22:56.492834+00:00,476.358,0.375,0.36,0.39,0.625,0.61,0.64,,,,
2026-01-06 05:22:57.406000+00:00,2026-01-06 05:22:57.493324+00:00,477.406,0.395,0.38,0.41,0.61,0.6,0.62,,,,
2026-01-06 05:22:58.416000+00:00,2026-01-06 05:22:58.496003+00:00,478.416,0.385,0.38,0.39,0.615,0.61,0.62,,,,
2026-01-06 05:22:59.376000+00:00,2026-01-06 05:22:59.499299+00:00,479.376,0.385,0.38,0.39,0.615,0.61,0.62,,,,
2026-01-06 05:23:00.269000+00:00,2026-01-06 05:23:00.492667+00:00,480.269,0.385,0.38,0.39,0.615,0.61,0.62,,,,
2026-01-06 05:23:01.423000+00:00,2026-01-06 05:23:01.509819+00:00,481.423,0.445,0.44,0.45,0.555,0.55,0.56,,,,
2026-01-06 05:23:02.350000+00:00,2026-01-06 05:23:02.510993+00:00,482.35,0.445,0.44,0.45,0.555,0.55,0.56,,,,
2026-01-06 05:23:03.417000+00:00,2026-01-06 05:23:03.513386+00:00,483.417,0.4649999999999999,0.46,0.47,0.525,0.52,0.53,,,,
2026-01-06 05:23:04.443000+00:00,2026-01-06 05:23:04.527811+00:00,484.443,0.4649999999999999,0.46,0.47,0.535,0.53,0.54,,,,
2026-01-06 05:23:05.499000+00:00,2026-01-06 05:23:05.527702+00:00,485.499,0.415,0.41,0.42,0.58,0.57,0.59,,,,
2026-01-06 05:23:06.350000+00:00,2026-01-06 05:23:06.525022+00:00,486.35,0.425,0.42,0.43,0.58,0.57,0.59,,,,
2026-01-06 05:23:07.429000+00:00,2026-01-06 05:23:07.527674+00:00,487.429,0.38,0.37,0.39,0.615,0.61,0.62,,,,
2026-01-06 05:23:08.448000+00:00,2026-01-06 05:23:08.535848+00:00,488.448,0.385,0.38,0.39,0.615,0.61,0.62,,,,
2026-01-06 05:23:09.374000+00:00,2026-01-06 05:23:09.559195+00:00,489.374,0.385,0.38,0.39,0.62,0.61,0.63,,,,
2026-01-06 05:23:10.456000+00:00,2026-01-06 05:23:10.549774+00:00,490.456,0.375,0.37,0.38,0.625,0.62,0.63,,,,
2026-01-06 05:23:11.474000+00:00,2026-01-06 05:23:11.553161+00:00,491.474,0.38,0.37,0.39,0.62,0.61,0.63,,,,
2026-01-06 05:23:12.428000+00:00,2026-01-06 05:23:12.560414+00:00,492.428,0.375,0.36,0.39,0.625,0.61,0.64,,,,
2026-01-06 05:23:13.446000+00:00,2026-01-06 05:23:13.575224+00:00,493.446,0.385,0.38,0.39,0.615,0.61,0.62,,,,
2026-01-06 05:23:14.478000+00:00,2026-01-06 05:23:14.577696+00:00,494.478,0.4,0.39,0.41,0.5800000000000001,0.56,0.6,,,,
2026-01-06 05:23:15.495000+00:00,2026-01-06 05:23:15.582536+00:00,495.495,0.445,0.44,0.45,0.555,0.55,0.56,,,,
2026-01-06 05:23:16.513000+00:00,2026-01-06 05:23:16.591860+00:00,496.513,0.44,0.43,0.45,0.56,0.55,0.57,,,,
2026-01-06 05:23:17.511000+00:00,2026-01-06 05:23:17.598159+00:00,497.511,0.44,0.43,0.45,0.56,0.55,0.57,,,,
2026-01-06 05:23:18.563000+00:00,2026-01-06 05:23:18.614591+00:00,498.563,0.455,0.45,0.46,0.545,0.54,0.55,,,,
2026-01-06 05:23:19.540000+00:00,2026-01-06 05:23:19.613603+00:00,499.54,0.48,0.47,0.49,0.515,0.51,0.52,,,,
2026-01-06 05:23:20.543000+00:00,2026-01-06 05:23:20.623481+00:00,500.543,0.485,0.48,0.49,0.515,0.51,0.52,,,,
2026-01-06 05:23:21.535000+00:00,2026-01-06 05:23:21.634510+00:00,501.535,0.49,0.48,0.5,0.51,0.5,0.52,,,,
2026-01-06 05:23:22.511000+00:00,2026-01-06 05:23:22.653850+00:00,502.511,0.495,0.49,0.5,0.505,0.5,0.51,,,,
2026-01-06 05:23:23.450000+00:00,2026-01-06 05:23:23.650593+00:00,503.45,0.49,0.48,0.5,0.51,0.5,0.52,,,,
2026-01-06 05:23:24.545000+00:00,2026-01-06 05:23:24.653493+00:00,504.545,0.485,0.48,0.49,0.515,0.51,0.52,,,,
2026-01-06 05:23:25.369000+00:00,2026-01-06 05:23:25.675902+00:00,505.369,0.49,0.48,0.5,0.51,0.5,0.52,,,,
2026-01-06 05:23:26.559000+00:00,2026-01-06 05:23:26.685534+00:00,506.559,0.49,0.48,0.5,0.51,0.5,0.52,,,,
2026-01-06 05:23:27.520000+00:00,2026-01-06 05:23:27.682592+00:00,507.52,0.49,0.48,0.5,0.51,0.5,0.52,,,,
2026-01-06 05:23:28.542000+00:00,2026-01-06 05:23:28.693851+00:00,508.542,0.49,0.48,0.5,0.51,0.5,0.52,,,,
2026-01-06 05:23:29.592000+00:00,2026-01-06 05:23:29.697488+00:00,509.592,0.495,0.49,0.5,0.505,0.5,0.51,,,,
2026-01-06 05:23:30.491000+00:00,2026-01-06 05:23:30.702903+00:00,510.491,0.49,0.48,0.5,0.51,0.5,0.52,,,,
2026-01-06 05:23:31.530000+00:00,2026-01-06 05:23:31.718627+00:00,511.53,0.495,0.49,0.5,0.505,0.5,0.51,,,,
2026-01-06 05:23:32.376000+00:00,2026-01-06 05:23:32.712332+00:00,512.376,0.495,0.49,0.5,0.505,0.5,0.51,,,,
2026-01-06 05:23:33.501000+00:00,2026-01-06 05:23:33.722231+00:00,513.501,0.495,0.49,0.5,0.505,0.5,0.51,,,,
2026-01-06 05:23:34.238000+00:00,2026-01-06 05:23:34.743015+00:00,514.238,0.495,0.49,0.5,0.505,0.5,0.51,,,,
2026-01-06 05:23:35.626000+00:00,2026-01-06 05:23:35.745387+00:00,515.626,0.495,0.49,0.5,0.505,0.5,0.51,,,,
2026-01-06 05:23:36.473000+00:00,2026-01-06 05:23:36.742249+00:00,516.473,0.485,0.48,0.49,0.515,0.51,0.52,,,,
2026-01-06 05:23:37.645000+00:00,2026-01-06 05:23:38.748851+00:00,517.645,0.485,0.48,0.49,0.515,0.51,0.52,,,,
2026-01-06 05:23:39.350000+00:00,2026-01-06 05:23:39.773270+00:00,519.35,0.485,0.48,0.49,0.515,0.51,0.52,,,,
2026-01-06 05:23:40.618000+00:00,2026-01-06 05:23:40.792789+00:00,520.618,0.485,0.48,0.49,0.515,0.51,0.52,,,,
2026-01-06 05:23:41.665000+00:00,2026-01-06 05:23:41.791936+00:00,521.665,0.49,0.48,0.5,0.51,0.5,0.52,,,,
2026-01-06 05:23:42.715000+00:00,2026-01-06 05:23:42.799974+00:00,522.715,0.49,0.48,0.5,0.515,0.51,0.52,,,,
2026-01-06 05:23:43.709000+00:00,2026-01-06 05:23:43.798473+00:00,523.709,0.485,0.48,0.49,0.515,0.51,0.52,,,,
2026-01-06 05:23:44.720000+00:00,2026-01-06 05:23:44.803891+00:00,524.72,0.49,0.48,0.5,0.51,0.5,0.52,,,,
2026-01-06 05:23:45.465000+00:00,2026-01-06 05:23:45.809009+00:00,525.465,0.485,0.48,0.49,0.515,0.51,0.52,,,,
2026-01-06 05:23:46.631000+00:00,2026-01-06 05:23:46.821616+00:00,526.631,0.49,0.48,0.5,0.51,0.5,0.52,,,,
2026-01-06 05:23:47.723000+00:00,2026-01-06 05:23:47.828342+00:00,527.723,0.495,0.49,0.5,0.505,0.5,0.51,,,,
2026-01-06 05:23:48.737000+00:00,2026-01-06 05:23:48.841715+00:00,528.737,0.525,0.52,0.53,0.475,0.47,0.48,,,,
2026-01-06 05:23:49.758000+00:00,2026-01-06 05:23:49.840517+00:00,529.758,0.555,0.55,0.56,0.435,0.43,0.44,,,,
2026-01-06 05:23:50.647000+00:00,2026-01-06 05:23:50.840870+00:00,530.647,0.575,0.57,0.58,0.425,0.42,0.43,,,,
2026-01-06 05:23:51.766000+00:00,2026-01-06 05:23:51.849091+00:00,531.766,0.625,0.62,0.63,0.375,0.37,0.38,,,,
2026-01-06 05:23:52.787000+00:00,2026-01-06 05:23:52.863659+00:00,532.787,0.555,0.55,0.56,0.445,0.44,0.45,,,,
2026-01-06 05:23:53.778000+00:00,2026-01-06 05:23:53.857598+00:00,533.778,0.56,0.55,0.57,0.435,0.43,0.44,,,,
2026-01-06 05:23:54.762000+00:00,2026-01-06 05:23:54.851176+00:00,534.762,0.595,0.59,0.6,0.405,0.4,0.41,,,,
2026-01-06 05:23:55.768000+00:00,2026-01-06 05:23:55.857861+00:00,535.768,0.55,0.54,0.56,0.45,0.44,0.46,,,,
2026-01-06 05:23:56.751000+00:00,2026-01-06 05:23:56.858719+00:00,536.751,0.555,0.55,0.56,0.445,0.44,0.45,,,,
2026-01-06 05:23:57.789000+00:00,2026-01-06 05:23:57.867855+00:00,537.789,0.555,0.55,0.56,0.43,0.42,0.44,,,,
2026-01-06 05:23:58.871000+00:00,2026-01-06 05:23:58.871962+00:00,538.871,0.6,0.59,0.61,0.4,0.39,0.41,,,,
2026-01-06 05:23:59.778000+00:00,2026-01-06 05:23:59.875426+00:00,539.778,0.595,0.59,0.6,0.405,0.4,0.41,,,,
2026-01-06 05:24:00.786000+00:00,2026-01-06 05:24:00.889828+00:00,540.786,0.615,0.61,0.62,0.385,0.38,0.39,,,,
2026-01-06 05:24:01.801000+00:00,2026-01-06 05:24:01.895957+00:00,541.801,0.615,0.61,0.62,0.385,0.38,0.39,,,,
2026-01-06 05:24:02.779000+00:00,2026-01-06 05:24:02.908427+00:00,542.779,0.605,0.6,0.61,0.395,0.39,0.4,,,,
2026-01-06 05:24:03.769000+00:00,2026-01-06 05:24:03.914015+00:00,543.769,0.6,0.59,0.61,0.4,0.39,0.41,,,,
2026-01-06 05:24:04.839000+00:00,2026-01-06 05:24:04.921995+00:00,544.839,0.605,0.6,0.61,0.395,0.39,0.4,,,,
2026-01-06 05:24:05.853000+00:00,2026-01-06 05:24:05.933223+00:00,545.853,0.585,0.58,0.59,0.415,0.41,0.42,,,,
2026-01-06 05:24:06.853000+00:00,2026-01-06 05:24:06.955366+00:00,546.853,0.585,0.58,0.59,0.415,0.41,0.42,,,,
2026-01-06 05:24:07.862000+00:00,2026-01-06 05:24:07.970223+00:00,547.862,0.585,0.58,0.59,0.415,0.41,0.42,,,,
2026-01-06 05:24:08.906000+00:00,2026-01-06 05:24:08.988108+00:00,548.906,0.535,0.53,0.54,0.4649999999999999,0.46,0.47,,,,
2026-01-06 05:24:09.922000+00:00,2026-01-06 05:24:10.001603+00:00,549.922,0.525,0.52,0.53,0.45,0.44,0.46,,,,
2026-01-06 05:24:10.930000+00:00,2026-01-06 05:24:11.014263+00:00,550.93,0.585,0.58,0.59,0.415,0.41,0.42,,,,
2026-01-06 05:24:11.867000+00:00,2026-01-06 05:24:12.014415+00:00,551.867,0.595,0.59,0.6,0.405,0.4,0.41,,,,
2026-01-06 05:24:12.943000+00:00,2026-01-06 05:24:13.014274+00:00,552.943,0.615,0.61,0.62,0.385,0.38,0.39,,,,
2026-01-06 05:24:13.839000+00:00,2026-01-06 05:24:14.014276+00:00,553.839,0.675,0.67,0.68,0.325,0.32,0.33,,,,
2026-01-06 05:24:14.919000+00:00,2026-01-06 05:24:15.008047+00:00,554.919,0.675,0.67,0.68,0.325,0.32,0.33,,,,
2026-01-06 05:24:15.923000+00:00,2026-01-06 05:24:16.008009+00:00,555.923,0.715,0.71,0.72,0.275,0.27,0.28,,,,
2026-01-06 05:24:16.823000+00:00,2026-01-06 05:24:17.010412+00:00,556.823,0.715,0.71,0.72,0.285,0.28,0.29,,,,
2026-01-06 05:24:17.924000+00:00,2026-01-06 05:24:18.023365+00:00,557.924,0.71,0.7,0.72,0.29,0.28,0.3,,,,
2026-01-06 05:24:18.950000+00:00,2026-01-06 05:24:19.032812+00:00,558.95,0.73,0.72,0.74,0.27,0.26,0.28,,,,
2026-01-06 05:24:19.890000+00:00,2026-01-06 05:24:20.040007+00:00,559.89,0.73,0.72,0.74,0.27,0.26,0.28,,,,
2026-01-06 05:24:20.917000+00:00,2026-01-06 05:24:21.033895+00:00,560.917,0.73,0.72,0.74,0.27,0.26,0.28,,,,
2026-01-06 05:24:21.961000+00:00,2026-01-06 05:24:22.041453+00:00,561.961,0.705,0.7,0.71,0.295,0.29,0.3,,,,
2026-01-06 05:24:22.949000+00:00,2026-01-06 05:24:23.034538+00:00,562.949,0.615,0.61,0.62,0.385,0.38,0.39,,,,
2026-01-06 05:24:23.936000+00:00,2026-01-06 05:24:24.039674+00:00,563.936,0.615,0.61,0.62,0.385,0.38,0.39,,,,
2026-01-06 05:24:24.961000+00:00,2026-01-06 05:24:25.047709+00:00,564.961,0.615,0.61,0.62,0.385,0.38,0.39,,,,
2026-01-06 05:24:25.937000+00:00,2026-01-06 05:24:26.041401+00:00,565.937,0.615,0.61,0.62,0.385,0.38,0.39,,,,
2026-01-06 05:24:26.908000+00:00,2026-01-06 05:24:27.059821+00:00,566.908,0.615,0.61,0.62,0.385,0.38,0.39,,,,
2026-01-06 05:24:27.372000+00:00,2026-01-06 05:24:28.073722+00:00,567.372,0.615,0.61,0.62,0.385,0.38,0.39,,,,
2026-01-06 05:24:28.826000+00:00,2026-01-06 05:24:29.073549+00:00,568.826,0.615,0.61,0.62,0.385,0.38,0.39,,,,
2026-01-06 05:24:30.004000+00:00,2026-01-06 05:24:30.093332+00:00,570.004,0.565,0.56,0.57,0.435,0.43,0.44,,,,
2026-01-06 05:24:31.870000+00:00,2026-01-06 05:24:32.106402+00:00,571.87,0.535,0.53,0.54,0.4649999999999999,0.46,0.47,,,,
2026-01-06 05:24:33.038000+00:00,2026-01-06 05:24:33.123913+00:00,573.038,0.455,0.45,0.46,0.545,0.54,0.55,,,,
2026-01-06 05:24:34.046000+00:00,2026-01-06 05:24:34.123271+00:00,574.046,0.445,0.44,0.45,0.575,0.56,0.59,,,,
2026-01-06 05:24:35.040000+00:00,2026-01-06 05:24:35.123686+00:00,575.04,0.395,0.39,0.4,0.605,0.6,0.61,,,,
2026-01-06 05:24:36.050000+00:00,2026-01-06 05:24:36.138160+00:00,576.05,0.405,0.4,0.41,0.595,0.59,0.6,,,,
2026-01-06 05:24:37.028000+00:00,2026-01-06 05:24:37.156103+00:00,577.028,0.405,0.4,0.41,0.595,0.59,0.6,,,,
2026-01-06 05:24:38.044000+00:00,2026-01-06 05:24:38.161502+00:00,578.044,0.405,0.4,0.41,0.595,0.59,0.6,,,,
2026-01-06 05:24:39.081000+00:00,2026-01-06 05:24:39.172730+00:00,579.081,0.405,0.4,0.41,0.595,0.59,0.6,,,,
2026-01-06 05:24:40.029000+00:00,2026-01-06 05:24:40.165707+00:00,580.029,0.405,0.4,0.41,0.595,0.59,0.6,,,,
2026-01-06 05:24:41.044000+00:00,2026-01-06 05:24:41.165246+00:00,581.044,0.415,0.41,0.42,0.585,0.58,0.59,,,,
2026-01-06 05:24:42.089000+00:00,2026-01-06 05:24:42.171322+00:00,582.089,0.375,0.37,0.38,0.625,0.62,0.63,,,,
2026-01-06 05:24:43.087000+00:00,2026-01-06 05:24:43.171942+00:00,583.087,0.275,0.27,0.28,0.735,0.73,0.74,,,,
2026-01-06 05:24:44.092000+00:00,2026-01-06 05:24:44.182509+00:00,584.092,0.275,0.27,0.28,0.73,0.72,0.74,,,,
2026-01-06 05:24:45.099000+00:00,2026-01-06 05:24:45.189024+00:00,585.099,0.255,0.25,0.26,0.745,0.74,0.75,,,,
2026-01-06 05:24:46.085000+00:00,2026-01-06 05:24:46.187011+00:00,586.085,0.285,0.28,0.29,0.715,0.71,0.72,,,,
2026-01-06 05:24:47.081000+00:00,2026-01-06 05:24:47.194139+00:00,587.081,0.27,0.26,0.28,0.73,0.72,0.74,,,,
2026-01-06 05:24:48.040000+00:00,2026-01-06 05:24:48.186521+00:00,588.04,0.275,0.27,0.28,0.725,0.72,0.73,,,,
2026-01-06 05:24:49.121000+00:00,2026-01-06 05:24:49.202865+00:00,589.121,0.26,0.25,0.27,0.74,0.73,0.75,,,,
2026-01-06 05:24:50.022000+00:00,2026-01-06 05:24:50.211028+00:00,590.022,0.26,0.25,0.27,0.74,0.73,0.75,,,,
2026-01-06 05:24:51.144000+00:00,2026-01-06 05:24:51.225128+00:00,591.144,0.26,0.25,0.27,0.74,0.73,0.75,,,,
2026-01-06 05:24:52.200000+00:00,2026-01-06 05:24:52.238251+00:00,592.2,0.285,0.28,0.29,0.73,0.71,0.75,,,,
2026-01-06 05:24:53.148000+00:00,2026-01-06 05:24:53.238737+00:00,593.148,0.26,0.25,0.27,0.74,0.73,0.75,,,,
2026-01-06 05:24:54.101000+00:00,2026-01-06 05:24:54.238069+00:00,594.101,0.26,0.25,0.27,0.745,0.74,0.75,,,,
2026-01-06 05:24:55.147000+00:00,2026-01-06 05:24:55.244218+00:00,595.147,0.275,0.27,0.28,0.725,0.71,0.74,,,,
2026-01-06 05:24:56.193000+00:00,2026-01-06 05:24:56.276366+00:00,596.193,0.265,0.26,0.27,0.705,0.7,0.71,,,,
2026-01-06 05:24:57.935000+00:00,2026-01-06 05:24:58.272124+00:00,597.935,0.29,0.28,0.3,0.705,0.69,0.72,,,,
2026-01-06 05:24:59.168000+00:00,2026-01-06 05:24:59.274196+00:00,599.168,0.295,0.28,0.31,0.705,0.69,0.72,,,,
2026-01-06 05:25:00.193000+00:00,2026-01-06 05:25:00.288855+00:00,600.193,0.295,0.28,0.31,0.71,0.7,0.72,,,,
2026-01-06 05:25:01.221000+00:00,2026-01-06 05:25:01.290077+00:00,601.221,0.275,0.26,0.29,0.735,0.73,0.74,,,,
2026-01-06 05:25:02.215000+00:00,2026-01-06 05:25:02.305357+00:00,602.215,0.25,0.24,0.26,0.76,0.74,0.78,,,,
2026-01-06 05:25:03.231000+00:00,2026-01-06 05:25:03.308959+00:00,603.231,0.205,0.2,0.21,0.79,0.78,0.8,,,,
2026-01-06 05:25:04.232000+00:00,2026-01-06 05:25:04.322215+00:00,604.232,0.215,0.2,0.23,0.785,0.77,0.8,,,,
2026-01-06 05:25:05.241000+00:00,2026-01-06 05:25:05.333937+00:00,605.241,0.22,0.21,0.23,0.78,0.77,0.79,,,,
2026-01-06 05:25:06.243000+00:00,2026-01-06 05:25:06.331138+00:00,606.243,0.215,0.21,0.22,0.785,0.78,0.79,,,,
2026-01-06 05:25:07.256000+00:00,2026-01-06 05:25:07.338822+00:00,607.256,0.165,0.16,0.17,0.835,0.83,0.84,,,,
2026-01-06 05:25:08.250000+00:00,2026-01-06 05:25:08.332121+00:00,608.25,0.155,0.15,0.16,0.845,0.84,0.85,,,,
2026-01-06 05:25:09.235000+00:00,2026-01-06 05:25:09.331577+00:00,609.235,0.12,0.11,0.13,0.88,0.87,0.89,,,,
2026-01-06 05:25:10.222000+00:00,2026-01-06 05:25:10.342258+00:00,610.222,0.1149999999999999,0.11,0.12,0.885,0.88,0.89,,,,
2026-01-06 05:25:11.175000+00:00,2026-01-06 05:25:11.338073+00:00,611.175,0.1149999999999999,0.11,0.12,0.885,0.88,0.89,,,,
2026-01-06 05:25:12.260000+00:00,2026-01-06 05:25:12.340295+00:00,612.26,0.1149999999999999,0.11,0.12,0.86,0.84,0.88,,,,
2026-01-06 05:25:13.268000+00:00,2026-01-06 05:25:13.348907+00:00,613.268,0.175,0.17,0.18,0.825,0.82,0.83,,,,
2026-01-06 05:25:14.260000+00:00,2026-01-06 05:25:14.349207+00:00,614.26,0.135,0.13,0.14,0.87,0.86,0.88,,,,
2026-01-06 05:25:15.261000+00:00,2026-01-06 05:25:15.345094+00:00,615.261,0.16,0.15,0.17,0.835,0.83,0.84,,,,
2026-01-06 05:25:16.256000+00:00,2026-01-06 05:25:16.347036+00:00,616.256,0.1699999999999999,0.16,0.18,0.835,0.83,0.84,,,,
2026-01-06 05:25:17.270000+00:00,2026-01-06 05:25:17.354947+00:00,617.27,0.155,0.15,0.16,0.845,0.84,0.85,,,,
2026-01-06 05:25:18.234000+00:00,2026-01-06 05:25:18.362808+00:00,618.234,0.155,0.15,0.16,0.845,0.84,0.85,,,,
2026-01-06 05:25:19.275000+00:00,2026-01-06 05:25:19.371939+00:00,619.275,0.155,0.15,0.16,0.825,0.82,0.83,,,,
2026-01-06 05:25:20.226000+00:00,2026-01-06 05:25:20.371314+00:00,620.226,0.175,0.17,0.18,0.81,0.8,0.82,,,,
2026-01-06 05:25:21.275000+00:00,2026-01-06 05:25:21.388098+00:00,621.275,0.185,0.18,0.19,0.8049999999999999,0.79,0.82,,,,
2026-01-06 05:25:22.302000+00:00,2026-01-06 05:25:22.399301+00:00,622.302,0.2,0.19,0.21,0.8,0.79,0.81,,,,
2026-01-06 05:25:23.324000+00:00,2026-01-06 05:25:23.405093+00:00,623.324,0.195,0.19,0.2,0.805,0.8,0.81,,,,
2026-01-06 05:25:24.333000+00:00,2026-01-06 05:25:24.417463+00:00,624.333,0.145,0.14,0.15,0.855,0.85,0.86,,,,
2026-01-06 05:25:25.332000+00:00,2026-01-06 05:25:25.426323+00:00,625.332,0.19,0.18,0.2,0.81,0.8,0.82,,,,
2026-01-06 05:25:26.336000+00:00,2026-01-06 05:25:26.443365+00:00,626.336,0.22,0.21,0.23,0.795,0.79,0.8,,,,
2026-01-06 05:25:27.228000+00:00,2026-01-06 05:25:27.460677+00:00,627.228,0.205,0.2,0.21,0.795,0.79,0.8,,,,
2026-01-06 05:25:28.380000+00:00,2026-01-06 05:25:28.474184+00:00,628.38,0.205,0.2,0.21,0.795,0.79,0.8,,,,
2026-01-06 05:25:29.426000+00:00,2026-01-06 05:25:29.496534+00:00,629.426,0.205,0.2,0.21,0.795,0.79,0.8,,,,
2026-01-06 05:25:30.419000+00:00,2026-01-06 05:25:30.498737+00:00,630.419,0.205,0.2,0.21,0.795,0.79,0.8,,,,
2026-01-06 05:25:31.453000+00:00,2026-01-06 05:25:31.498598+00:00,631.453,0.21,0.2,0.22,0.79,0.78,0.8,,,,
2026-01-06 05:25:32.364000+00:00,2026-01-06 05:25:32.521045+00:00,632.364,0.22,0.21,0.23,0.78,0.77,0.79,,,,
2026-01-06 05:25:33.443000+00:00,2026-01-06 05:25:33.533783+00:00,633.443,0.215,0.21,0.22,0.785,0.78,0.79,,,,
2026-01-06 05:25:34.437000+00:00,2026-01-06 05:25:34.543032+00:00,634.437,0.215,0.21,0.22,0.785,0.78,0.79,,,,
2026-01-06 05:25:35.451000+00:00,2026-01-06 05:25:35.537980+00:00,635.451,0.22,0.21,0.23,0.775,0.76,0.79,,,,
2026-01-06 05:25:36.445000+00:00,2026-01-06 05:25:36.537902+00:00,636.445,0.235,0.23,0.24,0.765,0.76,0.77,,,,
2026-01-06 05:25:37.445000+00:00,2026-01-06 05:25:37.539957+00:00,637.445,0.235,0.23,0.24,0.765,0.76,0.77,,,,
2026-01-06 05:25:38.451000+00:00,2026-01-06 05:25:38.566357+00:00,638.451,0.2299999999999999,0.22,0.24,0.77,0.76,0.78,,,,
2026-01-06 05:25:39.339000+00:00,2026-01-06 05:25:39.580040+00:00,639.339,0.2299999999999999,0.22,0.24,0.775,0.77,0.78,,,,
2026-01-06 05:25:40.446000+00:00,2026-01-06 05:25:40.591947+00:00,640.446,0.2249999999999999,0.21,0.24,0.775,0.76,0.79,,,,
2026-01-06 05:25:41.503000+00:00,2026-01-06 05:25:41.590031+00:00,641.503,0.2249999999999999,0.21,0.24,0.785,0.78,0.79,,,,
2026-01-06 05:25:42.519000+00:00,2026-01-06 05:25:42.602199+00:00,642.519,0.165,0.16,0.17,0.835,0.83,0.84,,,,
2026-01-06 05:25:43.530000+00:00,2026-01-06 05:25:43.620908+00:00,643.53,0.18,0.17,0.19,0.8200000000000001,0.81,0.83,,,,
2026-01-06 05:25:44.532000+00:00,2026-01-06 05:25:44.632498+00:00,644.532,0.18,0.17,0.19,0.8200000000000001,0.81,0.83,,,,
2026-01-06 05:25:45.551000+00:00,2026-01-06 05:25:45.626956+00:00,645.551,0.155,0.15,0.16,0.85,0.84,0.86,,,,
2026-01-06 05:25:46.535000+00:00,2026-01-06 05:25:46.619996+00:00,646.535,0.125,0.12,0.13,0.875,0.87,0.88,,,,
2026-01-06 05:25:47.550000+00:00,2026-01-06 05:25:47.637772+00:00,647.55,0.18,0.17,0.19,0.815,0.81,0.82,,,,
2026-01-06 05:25:48.540000+00:00,2026-01-06 05:25:48.647882+00:00,648.54,0.205,0.2,0.21,0.795,0.79,0.8,,,,
2026-01-06 05:25:49.568000+00:00,2026-01-06 05:25:49.654298+00:00,649.568,0.205,0.2,0.21,0.795,0.79,0.8,,,,
2026-01-06 05:25:50.552000+00:00,2026-01-06 05:25:50.659034+00:00,650.552,0.225,0.22,0.23,0.775,0.77,0.78,,,,
2026-01-06 05:25:51.556000+00:00,2026-01-06 05:25:51.653774+00:00,651.556,0.225,0.22,0.23,0.775,0.77,0.78,,,,
2026-01-06 05:25:52.571000+00:00,2026-01-06 05:25:52.654099+00:00,652.571,0.205,0.19,0.22,0.795,0.79,0.8,,,,
2026-01-06 05:25:53.580000+00:00,2026-01-06 05:25:53.665406+00:00,653.58,0.21,0.2,0.22,0.79,0.78,0.8,,,,
2026-01-06 05:25:54.610000+00:00,2026-01-06 05:25:54.693631+00:00,654.61,0.21,0.2,0.22,0.79,0.78,0.8,,,,
2026-01-06 05:25:55.553000+00:00,2026-01-06 05:25:55.702791+00:00,655.553,0.21,0.2,0.22,0.79,0.78,0.8,,,,
2026-01-06 05:25:56.466000+00:00,2026-01-06 05:25:56.707835+00:00,656.466,0.215,0.21,0.22,0.785,0.78,0.79,,,,
2026-01-06 05:25:57.598000+00:00,2026-01-06 05:25:57.716142+00:00,657.598,0.21,0.2,0.22,0.79,0.78,0.8,,,,
2026-01-06 05:25:58.017000+00:00,2026-01-06 05:25:58.705334+00:00,658.017,0.21,0.2,0.22,0.79,0.78,0.8,,,,
2026-01-06 05:25:59.433000+00:00,2026-01-06 05:25:59.703771+00:00,659.433,0.21,0.2,0.22,0.79,0.78,0.8,,,,
2026-01-06 05:26:00.622000+00:00,2026-01-06 05:26:00.709896+00:00,660.622,0.185,0.18,0.19,0.815,0.81,0.82,,,,
2026-01-06 05:26:01.487000+00:00,2026-01-06 05:26:01.713671+00:00,661.487,0.145,0.14,0.15,0.86,0.85,0.87,,,,
2026-01-06 05:26:02.635000+00:00,2026-01-06 05:26:02.726559+00:00,662.635,0.125,0.12,0.13,0.875,0.87,0.88,,,,
2026-01-06 05:26:03.638000+00:00,2026-01-06 05:26:03.724821+00:00,663.638,0.1149999999999999,0.11,0.12,0.88,0.87,0.89,,,,
2026-01-06 05:26:04.674000+00:00,2026-01-06 05:26:04.740158+00:00,664.674,0.11,0.1,0.12,0.88,0.87,0.89,,,,
2026-01-06 05:26:05.667000+00:00,2026-01-06 05:26:05.757695+00:00,665.667,0.13,0.12,0.14,0.865,0.86,0.87,,,,
2026-01-06 05:26:06.683000+00:00,2026-01-06 05:26:06.769203+00:00,666.683,0.135,0.13,0.14,0.845,0.84,0.85,,,,
2026-01-06 05:26:07.699000+00:00,2026-01-06 05:26:07.784191+00:00,667.699,0.155,0.15,0.16,0.84,0.83,0.85,,,,
2026-01-06 05:26:08.610000+00:00,2026-01-06 05:26:08.804516+00:00,668.61,0.16,0.15,0.17,0.84,0.83,0.85,,,,
2026-01-06 05:26:09.708000+00:00,2026-01-06 05:26:09.809198+00:00,669.708,0.165,0.16,0.17,0.835,0.83,0.84,,,,
2026-01-06 05:26:10.770000+00:00,2026-01-06 05:26:10.823462+00:00,670.77,0.165,0.16,0.17,0.835,0.83,0.84,,,,
2026-01-06 05:26:11.739000+00:00,2026-01-06 05:26:11.832174+00:00,671.739,0.165,0.16,0.17,0.835,0.83,0.84,,,,
2026-01-06 05:26:12.724000+00:00,2026-01-06 05:26:12.835061+00:00,672.724,0.15,0.14,0.16,0.85,0.84,0.86,,,,
2026-01-06 05:26:13.764000+00:00,2026-01-06 05:26:13.850391+00:00,673.764,0.195,0.19,0.2,0.805,0.8,0.81,,,,
2026-01-06 05:26:14.605000+00:00,2026-01-06 05:26:14.858447+00:00,674.605,0.195,0.19,0.2,0.8,0.79,0.81,,,,
2026-01-06 05:26:15.779000+00:00,2026-01-06 05:26:15.875114+00:00,675.779,0.175,0.17,0.18,0.825,0.82,0.83,,,,
2026-01-06 05:26:16.758000+00:00,2026-01-06 05:26:16.887438+00:00,676.758,0.175,0.17,0.18,0.825,0.82,0.83,,,,
2026-01-06 05:26:17.833000+00:00,2026-01-06 05:26:17.914142+00:00,677.833,0.1699999999999999,0.16,0.18,0.83,0.82,0.84,,,,
2026-01-06 05:26:18.645000+00:00,2026-01-06 05:26:18.919472+00:00,678.645,0.1699999999999999,0.16,0.18,0.83,0.82,0.84,,,,
2026-01-06 05:26:19.771000+00:00,2026-01-06 05:26:19.940963+00:00,679.771,0.1699999999999999,0.16,0.18,0.83,0.82,0.84,,,,
2026-01-06 05:26:20.845000+00:00,2026-01-06 05:26:20.933631+00:00,680.845,0.175,0.17,0.18,0.825,0.82,0.83,,,,
2026-01-06 05:26:21.839000+00:00,2026-01-06 05:26:21.945075+00:00,681.839,0.245,0.24,0.25,0.755,0.75,0.76,,,,
2026-01-06 05:26:22.787000+00:00,2026-01-06 05:26:22.953517+00:00,682.787,0.245,0.24,0.25,0.755,0.75,0.76,,,,
2026-01-06 05:26:23.884000+00:00,2026-01-06 05:26:23.969872+00:00,683.884,0.245,0.24,0.25,0.755,0.75,0.76,,,,
2026-01-06 05:26:24.889000+00:00,2026-01-06 05:26:24.975276+00:00,684.889,0.24,0.23,0.25,0.76,0.75,0.77,,,,
2026-01-06 05:26:25.912000+00:00,2026-01-06 05:26:25.990556+00:00,685.912,0.24,0.23,0.25,0.775,0.77,0.78,,,,
2026-01-06 05:26:26.865000+00:00,2026-01-06 05:26:27.007737+00:00,686.865,0.185,0.18,0.19,0.815,0.81,0.82,,,,
2026-01-06 05:26:27.873000+00:00,2026-01-06 05:26:28.024864+00:00,687.873,0.185,0.18,0.19,0.815,0.81,0.82,,,,
2026-01-06 05:26:28.863000+00:00,2026-01-06 05:26:29.036798+00:00,688.863,0.18,0.17,0.19,0.8200000000000001,0.81,0.83,,,,
2026-01-06 05:26:29.914000+00:00,2026-01-06 05:26:30.049450+00:00,689.914,0.18,0.17,0.19,0.8200000000000001,0.81,0.83,,,,
2026-01-06 05:26:30.959000+00:00,2026-01-06 05:26:31.054758+00:00,690.959,0.18,0.17,0.19,0.8200000000000001,0.81,0.83,,,,
2026-01-06 05:26:31.981000+00:00,2026-01-06 05:26:32.069428+00:00,691.981,0.185,0.18,0.19,0.815,0.81,0.82,,,,
2026-01-06 05:26:32.673000+00:00,2026-01-06 05:26:33.075108+00:00,692.673,0.185,0.18,0.19,0.815,0.81,0.82,,,,
2026-01-06 05:26:33.994000+00:00,2026-01-06 05:26:34.089179+00:00,693.994,0.165,0.16,0.17,0.85,0.84,0.86,,,,
2026-01-06 05:26:35.693000+00:00,2026-01-06 05:26:36.107892+00:00,695.693,0.16,0.15,0.17,0.84,0.83,0.85,,,,
2026-01-06 05:26:37.007000+00:00,2026-01-06 05:26:37.106128+00:00,697.007,0.16,0.15,0.17,0.845,0.84,0.85,,,,
2026-01-06 05:26:38.049000+00:00,2026-01-06 05:26:38.125391+00:00,698.049,0.165,0.16,0.17,0.835,0.83,0.84,,,,
2026-01-06 05:26:39.041000+00:00,2026-01-06 05:26:39.132313+00:00,699.041,0.165,0.16,0.17,0.835,0.83,0.84,,,,
2026-01-06 05:26:40.042000+00:00,2026-01-06 05:26:40.156817+00:00,700.042,0.165,0.16,0.17,0.835,0.83,0.84,,,,
2026-01-06 05:26:41.649000+00:00,2026-01-06 05:26:42.173740+00:00,701.649,0.165,0.16,0.17,0.835,0.83,0.84,,,,
2026-01-06 05:26:43.035000+00:00,2026-01-06 05:26:43.183509+00:00,703.035,0.165,0.16,0.17,0.835,0.83,0.84,,,,
2026-01-06 05:26:44.090000+00:00,2026-01-06 05:26:44.187364+00:00,704.09,0.16,0.14,0.18,0.845,0.84,0.85,,,,
2026-01-06 05:26:45.838000+00:00,2026-01-06 05:26:46.205397+00:00,705.838,0.155,0.15,0.16,0.845,0.84,0.85,,,,
2026-01-06 05:26:47.112000+00:00,2026-01-06 05:26:47.222429+00:00,707.112,0.155,0.15,0.16,0.84,0.83,0.85,,,,
2026-01-06 05:26:48.188000+00:00,2026-01-06 05:26:48.235409+00:00,708.188,0.165,0.16,0.17,0.835,0.83,0.84,,,,
2026-01-06 05:26:49.181000+00:00,2026-01-06 05:26:49.248992+00:00,709.181,0.185,0.18,0.19,0.8200000000000001,0.81,0.83,,,,
2026-01-06 05:26:50.173000+00:00,2026-01-06 05:26:50.268462+00:00,710.173,0.18,0.17,0.19,0.8200000000000001,0.81,0.83,,,,
2026-01-06 05:26:51.175000+00:00,2026-01-06 05:26:51.271690+00:00,711.175,0.185,0.18,0.19,0.815,0.81,0.82,,,,
2026-01-06 05:26:52.089000+00:00,2026-01-06 05:26:52.281563+00:00,712.089,0.18,0.17,0.19,0.8200000000000001,0.81,0.83,,,,
2026-01-06 05:26:53.040000+00:00,2026-01-06 05:26:53.285582+00:00,713.04,0.175,0.17,0.18,0.825,0.82,0.83,,,,
2026-01-06 05:26:54.206000+00:00,2026-01-06 05:26:54.285137+00:00,714.206,0.175,0.17,0.18,0.825,0.82,0.83,,,,
2026-01-06 05:26:55.181000+00:00,2026-01-06 05:26:55.290271+00:00,715.181,0.175,0.17,0.18,0.825,0.82,0.83,,,,
2026-01-06 05:26:56.206000+00:00,2026-01-06 05:26:56.291085+00:00,716.206,0.175,0.17,0.18,0.815,0.81,0.82,,,,
2026-01-06 05:26:57.218000+00:00,2026-01-06 05:26:57.307087+00:00,717.218,0.175,0.17,0.18,0.825,0.82,0.83,,,,
2026-01-06 05:26:58.235000+00:00,2026-01-06 05:26:58.322880+00:00,718.235,0.18,0.17,0.19,0.815,0.81,0.82,,,,
2026-01-06 05:26:59.250000+00:00,2026-01-06 05:26:59.334577+00:00,719.25,0.185,0.18,0.19,0.815,0.81,0.82,,,,
2026-01-06 05:27:00.250000+00:00,2026-01-06 05:27:00.331733+00:00,720.25,0.205,0.2,0.21,0.795,0.79,0.8,,,,
2026-01-06 05:27:01.258000+00:00,2026-01-06 05:27:01.348327+00:00,721.258,0.25,0.24,0.26,0.735,0.73,0.74,,,,
2026-01-06 05:27:02.238000+00:00,2026-01-06 05:27:02.349769+00:00,722.238,0.235,0.23,0.24,0.775,0.77,0.78,,,,
2026-01-06 05:27:03.281000+00:00,2026-01-06 05:27:03.342851+00:00,723.281,0.2,0.18,0.22,0.815,0.81,0.82,,,,
2026-01-06 05:27:04.208000+00:00,2026-01-06 05:27:04.358304+00:00,724.208,0.175,0.17,0.18,0.825,0.82,0.83,,,,
2026-01-06 05:27:05.127000+00:00,2026-01-06 05:27:05.363300+00:00,725.127,0.175,0.17,0.18,0.825,0.82,0.83,,,,
2026-01-06 05:27:06.182000+00:00,2026-01-06 05:27:06.381591+00:00,726.182,0.175,0.17,0.18,0.825,0.82,0.83,,,,
2026-01-06 05:27:07.286000+00:00,2026-01-06 05:27:07.396707+00:00,727.286,0.175,0.17,0.18,0.825,0.82,0.83,,,,
2026-01-06 05:27:08.031000+00:00,2026-01-06 05:27:08.398293+00:00,728.031,0.175,0.17,0.18,0.825,0.82,0.83,,,,
2026-01-06 05:27:09.307000+00:00,2026-01-06 05:27:09.408925+00:00,729.307,0.175,0.16,0.19,0.835,0.82,0.85,,,,
2026-01-06 05:27:10.065000+00:00,2026-01-06 05:27:10.418360+00:00,730.065,0.1699999999999999,0.16,0.18,0.83,0.82,0.84,,,,
2026-01-06 05:27:11.312000+00:00,2026-01-06 05:27:11.422973+00:00,731.312,0.175,0.17,0.18,0.825,0.82,0.83,,,,
2026-01-06 05:27:12.344000+00:00,2026-01-06 05:27:12.440944+00:00,732.344,0.19,0.18,0.2,0.81,0.8,0.82,,,,
2026-01-06 05:27:13.324000+00:00,2026-01-06 05:27:13.450798+00:00,733.324,0.19,0.18,0.2,0.81,0.8,0.82,,,,
2026-01-06 05:27:14.835000+00:00,2026-01-06 05:27:15.466776+00:00,734.835,0.19,0.18,0.2,0.81,0.8,0.82,,,,
2026-01-06 05:27:16.328000+00:00,2026-01-06 05:27:16.466477+00:00,736.328,0.2,0.19,0.21,0.8,0.79,0.81,,,,
2026-01-06 05:27:17.390000+00:00,2026-01-06 05:27:17.478242+00:00,737.39,0.195,0.19,0.2,0.805,0.8,0.81,,,,
2026-01-06 05:27:18.400000+00:00,2026-01-06 05:27:18.487612+00:00,738.4,0.195,0.19,0.2,0.805,0.8,0.81,,,,
2026-01-06 05:27:19.409000+00:00,2026-01-06 05:27:19.498984+00:00,739.409,0.175,0.17,0.18,0.825,0.82,0.83,,,,
2026-01-06 05:27:20.399000+00:00,2026-01-06 05:27:20.494393+00:00,740.399,0.175,0.17,0.18,0.825,0.82,0.83,,,,
2026-01-06 05:27:21.388000+00:00,2026-01-06 05:27:21.506788+00:00,741.388,0.18,0.17,0.19,0.8200000000000001,0.81,0.83,,,,
2026-01-06 05:27:22.441000+00:00,2026-01-06 05:27:22.526478+00:00,742.441,0.175,0.17,0.18,0.825,0.82,0.83,,,,
2026-01-06 05:27:23.336000+00:00,2026-01-06 05:27:23.531143+00:00,743.336,0.165,0.16,0.17,0.835,0.83,0.84,,,,
2026-01-06 05:27:24.446000+00:00,2026-01-06 05:27:24.539339+00:00,744.446,0.185,0.18,0.19,0.815,0.81,0.82,,,,
2026-01-06 05:27:25.471000+00:00,2026-01-06 05:27:25.552871+00:00,745.471,0.24,0.23,0.25,0.76,0.75,0.77,,,,
2026-01-06 05:27:26.470000+00:00,2026-01-06 05:27:26.564395+00:00,746.47,0.245,0.24,0.25,0.755,0.75,0.76,,,,
2026-01-06 05:27:27.495000+00:00,2026-01-06 05:27:27.570099+00:00,747.495,0.255,0.25,0.26,0.745,0.74,0.75,,,,
2026-01-06 05:27:28.454000+00:00,2026-01-06 05:27:28.582164+00:00,748.454,0.245,0.24,0.25,0.755,0.75,0.76,,,,
2026-01-06 05:27:29.507000+00:00,2026-01-06 05:27:29.588350+00:00,749.507,0.245,0.24,0.25,0.755,0.75,0.76,,,,
2026-01-06 05:27:30.488000+00:00,2026-01-06 05:27:30.585665+00:00,750.488,0.235,0.23,0.24,0.765,0.76,0.77,,,,
2026-01-06 05:27:31.448000+00:00,2026-01-06 05:27:31.600719+00:00,751.448,0.225,0.22,0.23,0.775,0.77,0.78,,,,
2026-01-06 05:27:32.474000+00:00,2026-01-06 05:27:32.594315+00:00,752.474,0.225,0.22,0.23,0.805,0.8,0.81,,,,
2026-01-06 05:27:33.469000+00:00,2026-01-06 05:27:33.605276+00:00,753.469,0.195,0.19,0.2,0.805,0.8,0.81,,,,
2026-01-06 05:27:34.530000+00:00,2026-01-06 05:27:34.622024+00:00,754.53,0.195,0.19,0.2,0.805,0.8,0.81,,,,
2026-01-06 05:27:35.550000+00:00,2026-01-06 05:27:35.635666+00:00,755.55,0.195,0.19,0.2,0.805,0.8,0.81,,,,
2026-01-06 05:27:36.378000+00:00,2026-01-06 05:27:36.649914+00:00,756.378,0.195,0.19,0.2,0.805,0.8,0.81,,,,
2026-01-06 05:27:37.556000+00:00,2026-01-06 05:27:37.648579+00:00,757.556,0.195,0.19,0.2,0.805,0.8,0.81,,,,
2026-01-06 05:27:38.581000+00:00,2026-01-06 05:27:38.669313+00:00,758.581,0.195,0.19,0.2,0.805,0.8,0.81,,,,
2026-01-06 05:27:39.574000+00:00,2026-01-06 05:27:39.682412+00:00,759.574,0.195,0.19,0.2,0.805,0.8,0.81,,,,
2026-01-06 05:27:40.539000+00:00,2026-01-06 05:27:40.680677+00:00,760.539,0.2,0.19,0.21,0.8,0.79,0.81,,,,
2026-01-06 05:27:41.596000+00:00,2026-01-06 05:27:41.681113+00:00,761.596,0.2,0.19,0.21,0.8,0.79,0.81,,,,
2026-01-06 05:27:42.500000+00:00,2026-01-06 05:27:42.684373+00:00,762.5,0.185,0.18,0.19,0.815,0.81,0.82,,,,
2026-01-06 05:27:43.608000+00:00,2026-01-06 05:27:43.704478+00:00,763.608,0.18,0.17,0.19,0.8200000000000001,0.81,0.83,,,,
2026-01-06 05:27:44.635000+00:00,2026-01-06 05:27:44.714194+00:00,764.635,0.185,0.18,0.19,0.815,0.81,0.82,,,,
2026-01-06 05:27:45.676000+00:00,2026-01-06 05:27:45.732746+00:00,765.676,0.185,0.18,0.19,0.815,0.81,0.82,,,,
2026-01-06 05:27:46.639000+00:00,2026-01-06 05:27:46.730008+00:00,766.639,0.175,0.17,0.18,0.825,0.82,0.83,,,,
2026-01-06 05:27:47.633000+00:00,2026-01-06 05:27:47.743164+00:00,767.633,0.175,0.17,0.18,0.825,0.82,0.83,,,,
2026-01-06 05:27:48.532000+00:00,2026-01-06 05:27:48.769648+00:00,768.532,0.175,0.17,0.18,0.825,0.82,0.83,,,,
2026-01-06 05:27:49.685000+00:00,2026-01-06 05:27:49.780522+00:00,769.685,0.18,0.17,0.19,0.8200000000000001,0.81,0.83,,,,
2026-01-06 05:27:50.690000+00:00,2026-01-06 05:27:50.797851+00:00,770.69,0.175,0.17,0.18,0.8200000000000001,0.81,0.83,,,,
2026-01-06 05:27:51.723000+00:00,2026-01-06 05:27:51.808392+00:00,771.723,0.175,0.17,0.18,0.825,0.82,0.83,,,,
2026-01-06 05:27:52.723000+00:00,2026-01-06 05:27:52.813719+00:00,772.723,0.1149999999999999,0.11,0.12,0.885,0.88,0.89,,,,
2026-01-06 05:27:53.712000+00:00,2026-01-06 05:27:53.814414+00:00,773.712,0.1149999999999999,0.11,0.12,0.885,0.88,0.89,,,,
2026-01-06 05:27:54.716000+00:00,2026-01-06 05:27:54.824697+00:00,774.716,0.1149999999999999,0.11,0.12,0.885,0.88,0.89,,,,
2026-01-06 05:27:55.730000+00:00,2026-01-06 05:27:55.835172+00:00,775.73,0.105,0.1,0.11,0.895,0.89,0.9,,,,
2026-01-06 05:27:56.738000+00:00,2026-01-06 05:27:56.845221+00:00,776.738,0.105,0.1,0.11,0.895,0.89,0.9,,,,
2026-01-06 05:27:57.749000+00:00,2026-01-06 05:27:57.847014+00:00,777.749,0.1149999999999999,0.11,0.12,0.885,0.88,0.89,,,,
2026-01-06 05:27:58.761000+00:00,2026-01-06 05:27:58.855221+00:00,778.761,0.105,0.1,0.11,0.895,0.89,0.9,,,,
2026-01-06 05:27:59.689000+00:00,2026-01-06 05:27:59.881712+00:00,779.689,0.14,0.13,0.15,0.86,0.85,0.87,,,,
2026-01-06 05:28:00.807000+00:00,2026-01-06 05:28:00.899759+00:00,780.807,0.14,0.13,0.15,0.86,0.85,0.87,,,,
2026-01-06 05:28:01.782000+00:00,2026-01-06 05:28:01.914517+00:00,781.782,0.125,0.12,0.13,0.875,0.87,0.88,,,,
2026-01-06 05:28:02.670000+00:00,2026-01-06 05:28:02.915922+00:00,782.67,0.14,0.13,0.15,0.86,0.85,0.87,,,,
2026-01-06 05:28:03.808000+00:00,2026-01-06 05:28:03.920332+00:00,783.808,0.14,0.13,0.15,0.86,0.85,0.87,,,,
2026-01-06 05:28:04.841000+00:00,2026-01-06 05:28:04.925476+00:00,784.841,0.155,0.15,0.16,0.84,0.83,0.85,,,,
2026-01-06 05:28:05.853000+00:00,2026-01-06 05:28:05.939547+00:00,785.853,0.225,0.22,0.23,0.775,0.77,0.78,,,,
2026-01-06 05:28:06.872000+00:00,2026-01-06 05:28:06.947985+00:00,786.872,0.235,0.21,0.26,0.755,0.75,0.76,,,,
2026-01-06 05:28:07.859000+00:00,2026-01-06 05:28:07.949001+00:00,787.859,0.305,0.3,0.31,0.695,0.69,0.7,,,,
2026-01-06 05:28:08.865000+00:00,2026-01-06 05:28:08.955223+00:00,788.865,0.295,0.29,0.3,0.705,0.7,0.71,,,,
2026-01-06 05:28:09.883000+00:00,2026-01-06 05:28:09.972068+00:00,789.883,0.3,0.29,0.31,0.7,0.69,0.71,,,,
2026-01-06 05:28:10.884000+00:00,2026-01-06 05:28:10.972044+00:00,790.884,0.305,0.3,0.31,0.695,0.69,0.7,,,,
2026-01-06 05:28:11.884000+00:00,2026-01-06 05:28:11.970329+00:00,791.884,0.315,0.31,0.32,0.685,0.67,0.7,,,,
2026-01-06 05:28:12.889000+00:00,2026-01-06 05:28:12.980519+00:00,792.889,0.305,0.3,0.31,0.695,0.69,0.7,,,,
2026-01-06 05:28:13.892000+00:00,2026-01-06 05:28:13.990785+00:00,793.892,0.32,0.31,0.33,0.6799999999999999,0.67,0.69,,,,
2026-01-06 05:28:14.864000+00:00,2026-01-06 05:28:15.007963+00:00,794.864,0.32,0.31,0.33,0.6799999999999999,0.67,0.69,,,,
2026-01-06 05:28:15.933000+00:00,2026-01-06 05:28:16.019528+00:00,795.933,0.325,0.32,0.33,0.675,0.67,0.68,,,,
2026-01-06 05:28:16.935000+00:00,2026-01-06 05:28:17.036485+00:00,796.935,0.305,0.3,0.31,0.695,0.69,0.7,,,,
2026-01-06 05:28:17.951000+00:00,2026-01-06 05:28:18.034735+00:00,797.951,0.305,0.3,0.31,0.695,0.69,0.7,,,,
2026-01-06 05:28:18.948000+00:00,2026-01-06 05:28:19.031664+00:00,798.948,0.255,0.25,0.26,0.745,0.74,0.75,,,,
2026-01-06 05:28:19.962000+00:00,2026-01-06 05:28:20.040455+00:00,799.962,0.255,0.25,0.26,0.745,0.74,0.75,,,,
2026-01-06 05:28:20.940000+00:00,2026-01-06 05:28:21.030340+00:00,800.94,0.275,0.27,0.28,0.725,0.72,0.73,,,,
2026-01-06 05:28:21.953000+00:00,2026-01-06 05:28:22.042548+00:00,801.953,0.275,0.27,0.28,0.725,0.72,0.73,,,,
2026-01-06 05:28:22.810000+00:00,2026-01-06 05:28:23.037326+00:00,802.81,0.275,0.27,0.28,0.725,0.72,0.73,,,,
2026-01-06 05:28:23.897000+00:00,2026-01-06 05:28:24.045825+00:00,803.897,0.275,0.27,0.28,0.73,0.72,0.74,,,,
2026-01-06 05:28:24.914000+00:00,2026-01-06 05:28:25.054733+00:00,804.914,0.265,0.26,0.27,0.735,0.73,0.74,,,,
2026-01-06 05:28:25.963000+00:00,2026-01-06 05:28:26.072462+00:00,805.963,0.265,0.26,0.27,0.735,0.73,0.74,,,,
2026-01-06 05:28:26.864000+00:00,2026-01-06 05:28:27.075923+00:00,806.864,0.265,0.26,0.27,0.735,0.73,0.74,,,,
2026-01-06 05:28:27.862000+00:00,2026-01-06 05:28:28.088515+00:00,807.862,0.265,0.26,0.27,0.735,0.73,0.74,,,,
2026-01-06 05:28:28.979000+00:00,2026-01-06 05:28:29.094999+00:00,808.979,0.255,0.25,0.26,0.745,0.74,0.75,,,,
2026-01-06 05:28:30.004000+00:00,2026-01-06 05:28:30.091235+00:00,810.004,0.255,0.25,0.26,0.745,0.74,0.75,,,,
2026-01-06 05:28:31.944000+00:00,2026-01-06 05:28:32.126239+00:00,811.944,0.1149999999999999,0.11,0.12,0.885,0.88,0.89,,,,
2026-01-06 05:28:33.043000+00:00,2026-01-06 05:28:33.128144+00:00,813.043,0.105,0.1,0.11,0.895,0.89,0.9,,,,
2026-01-06 05:28:34.079000+00:00,2026-01-06 05:28:34.146208+00:00,814.079,0.105,0.1,0.11,0.895,0.89,0.9,,,,
2026-01-06 05:28:35.054000+00:00,2026-01-06 05:28:35.161740+00:00,815.054,0.105,0.1,0.11,0.895,0.89,0.9,,,,
2026-01-06 05:28:36.080000+00:00,2026-01-06 05:28:36.162259+00:00,816.08,0.105,0.1,0.11,0.895,0.89,0.9,,,,
2026-01-06 05:28:37.801000+00:00,2026-01-06 05:28:38.168260+00:00,817.801,0.105,0.1,0.11,0.895,0.89,0.9,,,,
2026-01-06 05:28:39.039000+00:00,2026-01-06 05:28:39.187107+00:00,819.039,0.105,0.1,0.11,0.895,0.89,0.9,,,,
2026-01-06 05:28:40.975000+00:00,2026-01-06 05:28:41.207152+00:00,820.975,0.095,0.09,0.1,0.905,0.9,0.91,,,,
2026-01-06 05:28:42.042000+00:00,2026-01-06 05:28:42.218117+00:00,822.042,0.095,0.09,0.1,0.905,0.9,0.91,,,,
2026-01-06 05:28:43.071000+00:00,2026-01-06 05:28:43.229069+00:00,823.071,0.095,0.09,0.1,0.905,0.9,0.91,,,,
2026-01-06 05:28:44.143000+00:00,2026-01-06 05:28:44.231639+00:00,824.143,0.095,0.09,0.1,0.905,0.9,0.91,,,,
2026-01-06 05:28:45.165000+00:00,2026-01-06 05:28:45.249106+00:00,825.165,0.095,0.09,0.1,0.905,0.9,0.91,,,,
2026-01-06 05:28:46.110000+00:00,2026-01-06 05:28:46.246024+00:00,826.11,0.105,0.09,0.12,0.905,0.9,0.91,,,,
2026-01-06 05:28:47.159000+00:00,2026-01-06 05:28:47.269532+00:00,827.159,0.095,0.09,0.1,0.905,0.9,0.91,,,,
2026-01-06 05:28:48.099000+00:00,2026-01-06 05:28:48.288035+00:00,828.099,0.095,0.09,0.1,0.905,0.9,0.91,,,,
2026-01-06 05:28:49.182000+00:00,2026-01-06 05:28:49.286543+00:00,829.182,0.095,0.09,0.1,0.905,0.9,0.91,,,,
2026-01-06 05:28:50.034000+00:00,2026-01-06 05:28:50.287375+00:00,830.034,0.095,0.09,0.1,0.905,0.9,0.91,,,,
2026-01-06 05:28:51.186000+00:00,2026-01-06 05:28:51.291579+00:00,831.186,0.095,0.09,0.1,0.905,0.9,0.91,,,,
2026-01-06 05:28:52.137000+00:00,2026-01-06 05:28:52.307164+00:00,832.137,0.095,0.09,0.1,0.905,0.9,0.91,,,,
2026-01-06 05:28:53.230000+00:00,2026-01-06 05:28:53.313257+00:00,833.23,0.095,0.09,0.1,0.905,0.9,0.91,,,,
2026-01-06 05:28:54.043000+00:00,2026-01-06 05:28:54.304152+00:00,834.043,0.095,0.09,0.1,0.905,0.9,0.91,,,,
2026-01-06 05:28:55.164000+00:00,2026-01-06 05:28:55.313533+00:00,835.164,0.095,0.09,0.1,0.905,0.9,0.91,,,,
2026-01-06 05:28:56.062000+00:00,2026-01-06 05:28:56.313008+00:00,836.062,0.095,0.09,0.1,0.905,0.9,0.91,,,,
2026-01-06 05:28:57.206000+00:00,2026-01-06 05:28:57.304629+00:00,837.206,0.075,0.07,0.08,0.925,0.92,0.93,,,,
2026-01-06 05:28:58.210000+00:00,2026-01-06 05:28:58.318499+00:00,838.21,0.075,0.07,0.08,0.925,0.92,0.93,,,,
2026-01-06 05:28:59.126000+00:00,2026-01-06 05:28:59.342875+00:00,839.126,0.075,0.07,0.08,0.925,0.92,0.93,,,,
2026-01-06 05:29:00.430000+00:00,2026-01-06 05:29:00.560536+00:00,840.43,0.065,0.06,0.07,0.935,0.93,0.94,,,,
2026-01-06 05:29:01.157000+00:00,2026-01-06 05:29:01.360387+00:00,841.157,0.065,0.06,0.07,0.935,0.93,0.94,,,,
2026-01-06 05:29:02.039000+00:00,2026-01-06 05:29:02.383671+00:00,842.039,0.065,0.06,0.07,0.935,0.93,0.94,,,,
2026-01-06 05:29:03.049000+00:00,2026-01-06 05:29:03.401596+00:00,843.049,0.065,0.06,0.07,0.945,0.94,0.95,,,,
2026-01-06 05:29:04.326000+00:00,2026-01-06 05:29:04.418364+00:00,844.326,0.055,0.05,0.06,0.945,0.94,0.95,,,,
2026-01-06 05:29:05.267000+00:00,2026-01-06 05:29:05.436352+00:00,845.267,0.055,0.05,0.06,0.945,0.94,0.95,,,,
2026-01-06 05:29:06.359000+00:00,2026-01-06 05:29:06.445543+00:00,846.359,0.055,0.05,0.06,0.945,0.94,0.95,,,,
2026-01-06 05:29:07.350000+00:00,2026-01-06 05:29:07.445038+00:00,847.35,0.055,0.05,0.06,0.945,0.94,0.95,,,,
2026-01-06 05:29:08.310000+00:00,2026-01-06 05:29:08.450974+00:00,848.31,0.055,0.05,0.06,0.945,0.94,0.95,,,,
2026-01-06 05:29:09.375000+00:00,2026-01-06 05:29:09.462419+00:00,849.375,0.065,0.06,0.07,0.935,0.93,0.94,,,,
2026-01-06 05:29:10.296000+00:00,2026-01-06 05:29:10.465804+00:00,850.296,0.065,0.06,0.07,0.935,0.93,0.94,,,,
2026-01-06 05:29:11.352000+00:00,2026-01-06 05:29:11.482643+00:00,851.352,0.045,0.04,0.05,0.96,0.95,0.97,,,,
2026-01-06 05:29:12.287000+00:00,2026-01-06 05:29:12.499078+00:00,852.287,0.045,0.04,0.05,0.955,0.95,0.96,,,,
2026-01-06 05:29:13.394000+00:00,2026-01-06 05:29:13.489648+00:00,853.394,0.04,0.03,0.05,0.96,0.95,0.97,,,,
2026-01-06 05:29:14.413000+00:00,2026-01-06 05:29:14.515106+00:00,854.413,0.035,0.03,0.04,0.965,0.96,0.97,,,,
2026-01-06 05:29:15.222000+00:00,2026-01-06 05:29:15.515211+00:00,855.222,0.035,0.03,0.04,0.96,0.95,0.97,,,,
2026-01-06 05:29:16.383000+00:00,2026-01-06 05:29:16.534543+00:00,856.383,0.04,0.03,0.05,0.96,0.95,0.97,,,,
2026-01-06 05:29:17.171000+00:00,2026-01-06 05:29:17.535678+00:00,857.171,0.04,0.03,0.05,0.96,0.95,0.97,,,,
2026-01-06 05:29:18.440000+00:00,2026-01-06 05:29:18.556666+00:00,858.44,0.04,0.03,0.05,0.96,0.95,0.97,,,,
2026-01-06 05:29:19.392000+00:00,2026-01-06 05:29:19.564669+00:00,859.392,0.045,0.03,0.06,0.955,0.94,0.97,,,,
2026-01-06 05:29:20.468000+00:00,2026-01-06 05:29:20.570877+00:00,860.468,0.04,0.03,0.05,0.96,0.94,0.98,,,,
2026-01-06 05:29:21.493000+00:00,2026-01-06 05:29:21.577848+00:00,861.493,0.03,0.02,0.04,0.97,0.96,0.98,,,,
2026-01-06 05:29:22.363000+00:00,2026-01-06 05:29:22.592613+00:00,862.363,0.03,0.02,0.04,0.97,0.96,0.98,,,,
2026-01-06 05:29:23.452000+00:00,2026-01-06 05:29:23.595930+00:00,863.452,0.035,0.02,0.05,0.965,0.95,0.98,,,,
2026-01-06 05:29:24.970000+00:00,2026-01-06 05:29:25.601160+00:00,864.97,0.03,0.02,0.04,0.97,0.96,0.98,,,,
2026-01-06 05:29:26.433000+00:00,2026-01-06 05:29:26.611688+00:00,866.433,0.03,0.02,0.04,0.97,0.96,0.98,,,,
2026-01-06 05:29:27.450000+00:00,2026-01-06 05:29:27.619591+00:00,867.45,0.025,0.02,0.03,0.975,0.97,0.98,,,,
2026-01-06 05:29:28.426000+00:00,2026-01-06 05:29:28.634070+00:00,868.426,0.025,0.02,0.03,0.985,0.98,0.99,,,,
2026-01-06 05:29:29.425000+00:00,2026-01-06 05:29:29.629683+00:00,869.425,0.015,0.01,0.02,0.985,0.98,0.99,,,,
2026-01-06 05:29:30.386000+00:00,2026-01-06 05:29:30.629120+00:00,870.386,0.015,0.01,0.02,0.985,0.98,0.99,,,,
2026-01-06 05:29:31.467000+00:00,2026-01-06 05:29:31.643001+00:00,871.467,0.015,0.01,0.02,0.985,0.98,0.99,,,,
2026-01-06 05:29:32.484000+00:00,2026-01-06 05:29:32.643404+00:00,872.484,0.015,0.01,0.02,0.985,0.98,0.99,,,,
2026-01-06 05:29:33.200000+00:00,2026-01-06 05:29:33.650387+00:00,873.2,0.015,0.01,0.02,0.985,0.98,0.99,,,,
2026-01-06 05:29:34.471000+00:00,2026-01-06 05:29:34.659509+00:00,874.471,0.015,0.01,0.02,0.985,0.98,0.99,,,,
2026-01-06 05:29:35.539000+00:00,2026-01-06 05:29:35.667408+00:00,875.539,0.015,0.01,0.02,0.985,0.98,0.99,,,,
2026-01-06 05:29:36.579000+00:00,2026-01-06 05:29:36.683057+00:00,876.579,0.015,0.01,0.02,0.985,0.98,0.99,,,,
2026-01-06 05:29:37.311000+00:00,2026-01-06 05:29:37.703032+00:00,877.311,0.01,,0.01,0.99,0.99,,,,,
2026-01-06 05:29:38.553000+00:00,2026-01-06 05:29:38.709658+00:00,878.553,0.01,,0.01,0.99,0.99,,,,,
2026-01-06 05:29:39.479000+00:00,2026-01-06 05:29:39.712440+00:00,879.479,0.01,,0.01,0.99,0.99,,,,,
2026-01-06 05:29:40.541000+00:00,2026-01-06 05:29:41.702527+00:00,880.541,0.01,,0.01,0.99,0.99,,,,,
2026-01-06 05:29:42.454000+00:00,2026-01-06 05:29:42.716797+00:00,882.454,0.01,,0.01,0.99,0.99,,,,,
2026-01-06 05:29:43.603000+00:00,2026-01-06 05:29:43.727834+00:00,883.603,0.01,,0.01,0.99,0.99,,,,,
2026-01-06 05:29:44.507000+00:00,2026-01-06 05:29:44.730642+00:00,884.507,0.01,,0.01,0.99,0.99,,,,,
2026-01-06 05:29:45.596000+00:00,2026-01-06 05:29:45.736194+00:00,885.596,0.01,,0.01,0.99,0.99,,,,,
2026-01-06 05:29:46.363000+00:00,2026-01-06 05:29:46.742949+00:00,886.363,0.01,,0.01,0.99,0.99,,,,,
2026-01-06 05:29:47.275000+00:00,2026-01-06 05:29:47.760213+00:00,887.275,0.01,,0.01,0.99,0.99,,,,,
2026-01-06 05:29:48.710000+00:00,2026-01-06 05:29:49.783557+00:00,888.71,0.01,,0.01,0.99,0.99,,,,,
2026-01-06 05:29:50.697000+00:00,2026-01-06 05:29:50.798834+00:00,890.697,0.01,,0.01,0.99,0.99,,,,,
2026-01-06 05:29:51.669000+00:00,2026-01-06 05:29:51.794463+00:00,891.669,0.01,,0.01,0.99,0.99,,,,,
2026-01-06 05:29:52.269000+00:00,2026-01-06 05:29:52.809615+00:00,892.269,0.01,,0.01,0.99,0.99,,,,,
2026-01-06 05:29:53.674000+00:00,2026-01-06 05:29:53.810412+00:00,893.674,0.01,,0.01,0.99,0.99,,,,,
2026-01-06 05:29:54.620000+00:00,2026-01-06 05:29:54.834889+00:00,894.62,0.01,,0.01,0.99,0.99,,,,,
2026-01-06 05:29:55.623000+00:00,2026-01-06 05:29:55.827404+00:00,895.623,0.01,,0.01,0.99,0.99,,,,,
2026-01-06 05:29:56.737000+00:00,2026-01-06 05:29:56.836595+00:00,896.737,0.01,,0.01,0.99,0.99,,,,,
2026-01-06 05:29:57.419000+00:00,2026-01-06 05:29:57.850839+00:00,897.419,0.01,,0.01,0.99,0.99,,,,,
2026-01-06 05:29:58.726000+00:00,2026-01-06 05:29:58.842110+00:00,898.726,0.01,,0.01,0.99,0.99,,,,,
2026-01-06 05:29:59.685000+00:00,2026-01-06 05:29:59.847514+00:00,899.685,0.01,,0.01,0.99,0.99,,,,,
