timestamp,collected_at,seconds,mid,bid,ask,asset
2026-01-06 03:00:00+00:00,2026-01-06 03:02:15.583086+00:00,0.0,3215.91,3215.88,3216.04,ETH
2026-01-06 03:00:01+00:00,2026-01-06 03:02:16.597882+00:00,1.0,3215.91,3215.89,3216.13,ETH
2026-01-06 03:00:02+00:00,2026-01-06 03:02:17.658469+00:00,2.0,3215.91,3215.9,3216.23,ETH
2026-01-06 03:00:03+00:00,2026-01-06 03:02:18.632953+00:00,3.0,3215.92,3215.91,3216.15,ETH
2026-01-06 03:00:04+00:00,2026-01-06 03:02:19.651931+00:00,4.0,3215.92,3215.91,3216.21,ETH
2026-01-06 03:00:05+00:00,2026-01-06 03:02:20.647767+00:00,5.0,3215.92,3215.91,3216.21,ETH
2026-01-06 03:00:06+00:00,2026-01-06 03:02:21.695437+00:00,6.0,3215.93,3215.9,3216.18,ETH
2026-01-06 03:00:07+00:00,2026-01-06 03:02:22.664777+00:00,7.0,3215.93,3215.9,3216.03,ETH
2026-01-06 03:00:08+00:00,2026-01-06 03:02:23.697697+00:00,8.0,3216.0,3215.9,3216.22,ETH
2026-01-06 03:00:09+00:00,2026-01-06 03:02:24.697041+00:00,9.0,3215.91,3215.85,3216.22,ETH
2026-01-06 03:00:10+00:00,2026-01-06 03:02:25.697574+00:00,10.0,3215.91,3215.88,3216.29,ETH
2026-01-06 03:00:11+00:00,2026-01-06 03:02:26.714049+00:00,11.0,3215.91,3215.88,3216.31,ETH
2026-01-06 03:00:12+00:00,2026-01-06 03:02:27.730709+00:00,12.0,3215.91,3215.87,3216.3,ETH
2026-01-06 03:00:13+00:00,2026-01-06 03:02:28.763989+00:00,13.0,3215.91,3215.87,3216.32,ETH
2026-01-06 03:00:14+00:00,2026-01-06 03:02:29.754844+00:00,14.0,3215.91,3215.87,3216.28,ETH
2026-01-06 03:00:15+00:00,2026-01-06 03:02:30.769234+00:00,15.0,3215.91,3215.87,3216.3,ETH
2026-01-06 03:00:16+00:00,2026-01-06 03:02:31.795798+00:00,16.0,3215.91,3215.87,3216.26,ETH
2026-01-06 03:00:17+00:00,2026-01-06 03:02:32.884539+00:00,17.0,3215.91,3215.87,3216.14,ETH
2026-01-06 03:00:18+00:00,2026-01-06 03:02:33.874075+00:00,18.0,3215.91,3215.87,3216.31,ETH
2026-01-06 03:00:19+00:00,2026-01-06 03:02:34.941819+00:00,19.0,3215.91,3215.88,3216.33,ETH
2026-01-06 03:00:20+00:00,2026-01-06 03:02:35.939599+00:00,20.0,3215.91,3215.88,3216.19,ETH
2026-01-06 03:00:21+00:00,2026-01-06 03:02:36.943250+00:00,21.0,3215.91,3215.88,3216.19,ETH
2026-01-06 03:00:22+00:00,2026-01-06 03:02:37.997934+00:00,22.0,3215.89,3215.87,3216.27,ETH
2026-01-06 03:00:23+00:00,2026-01-06 03:02:39.657538+00:00,23.0,3215.88,3215.86,3216.21,ETH
2026-01-06 03:00:24+00:00,2026-01-06 03:02:40.710387+00:00,24.0,3215.53,3215.53,3215.8,ETH
2026-01-06 03:00:25+00:00,2026-01-06 03:02:41.916084+00:00,25.0,3215.39,3215.39,3215.55,ETH
2026-01-06 03:00:26+00:00,2026-01-06 03:02:42.657793+00:00,26.0,3215.23,3215.2,3215.46,ETH
2026-01-06 03:00:27+00:00,2026-01-06 03:02:43.663596+00:00,27.0,3215.23,3215.19,3215.49,ETH
2026-01-06 03:00:29+00:00,2026-01-06 03:02:44.742470+00:00,29.0,3215.23,3215.2,3215.54,ETH
2026-01-06 03:00:30+00:00,2026-01-06 03:02:45.759523+00:00,30.0,3215.23,3215.2,3215.55,ETH
2026-01-06 03:00:31+00:00,2026-01-06 03:02:46.844878+00:00,31.0,3215.23,3215.2,3215.54,ETH
2026-01-06 03:00:32+00:00,2026-01-06 03:02:47.908467+00:00,32.0,3215.23,3215.2,3215.31,ETH
2026-01-06 03:00:33+00:00,2026-01-06 03:02:48.888920+00:00,33.0,3215.23,3215.19,3215.29,ETH
2026-01-06 03:00:34+00:00,2026-01-06 03:02:49.897707+00:00,34.0,3215.23,3215.19,3215.49,ETH
2026-01-06 03:00:35+00:00,2026-01-06 03:02:50.894494+00:00,35.0,3215.21,3215.19,3215.34,ETH
2026-01-06 03:00:36+00:00,2026-01-06 03:02:51.912103+00:00,36.0,3215.21,3215.19,3215.5,ETH
2026-01-06 03:00:37+00:00,2026-01-06 03:02:53.100881+00:00,37.0,3215.21,3215.19,3215.5,ETH
2026-01-06 03:00:38+00:00,2026-01-06 03:02:54.110736+00:00,38.0,3215.21,3215.19,3215.5,ETH
2026-01-06 03:00:39+00:00,2026-01-06 03:02:55.127757+00:00,39.0,3215.21,3215.19,3215.51,ETH
2026-01-06 03:00:40+00:00,2026-01-06 03:02:56.144293+00:00,40.0,3215.21,3215.16,3215.4,ETH
2026-01-06 03:00:41+00:00,2026-01-06 03:02:57.145574+00:00,41.0,3214.99,3214.98,3215.25,ETH
2026-01-06 03:00:42+00:00,2026-01-06 03:02:58.163930+00:00,42.0,3214.99,3214.88,3215.12,ETH
2026-01-06 03:00:43+00:00,2026-01-06 03:02:59.163708+00:00,43.0,3214.59,3214.59,3215.09,ETH
2026-01-06 03:00:44+00:00,2026-01-06 03:03:00.223182+00:00,44.0,3214.57,3214.57,3214.87,ETH
2026-01-06 03:00:45+00:00,2026-01-06 03:03:02.041866+00:00,45.0,3214.55,3214.54,3214.72,ETH
2026-01-06 03:00:46+00:00,2026-01-06 03:03:02.226994+00:00,46.0,3214.55,3214.54,3214.71,ETH
2026-01-06 03:00:47+00:00,2026-01-06 03:03:05.162802+00:00,47.0,3214.55,3214.54,3214.66,ETH
2026-01-06 03:00:49+00:00,2026-01-06 03:03:05.206160+00:00,49.0,3214.56,3214.55,3214.84,ETH
2026-01-06 03:00:50+00:00,2026-01-06 03:03:06.210910+00:00,50.0,3214.56,3214.55,3214.74,ETH
2026-01-06 03:00:51+00:00,2026-01-06 03:03:07.215485+00:00,51.0,3214.56,3214.55,3214.93,ETH
2026-01-06 03:00:52+00:00,2026-01-06 03:03:08.310409+00:00,52.0,3214.57,3214.56,3214.96,ETH
2026-01-06 03:00:53+00:00,2026-01-06 03:03:09.307285+00:00,53.0,3214.57,3214.56,3214.97,ETH
2026-01-06 03:00:54+00:00,2026-01-06 03:03:10.296266+00:00,54.0,3214.69,3214.58,3214.98,ETH
2026-01-06 03:00:55+00:00,2026-01-06 03:03:11.325942+00:00,55.0,3214.95,3214.81,3215.05,ETH
2026-01-06 03:00:56+00:00,2026-01-06 03:03:12.344610+00:00,56.0,3215.11,3215.07,3215.25,ETH
2026-01-06 03:00:57+00:00,2026-01-06 03:03:13.324899+00:00,57.0,3215.13,3215.11,3215.39,ETH
2026-01-06 03:00:58+00:00,2026-01-06 03:03:14.411983+00:00,58.0,3215.13,3215.11,3215.4,ETH
2026-01-06 03:00:59+00:00,2026-01-06 03:03:15.411410+00:00,59.0,3215.13,3215.03,3215.31,ETH
2026-01-06 03:01:00+00:00,2026-01-06 03:03:16.445602+00:00,60.0,3215.02,3214.84,3215.18,ETH
2026-01-06 03:01:01+00:00,2026-01-06 03:03:17.441124+00:00,61.0,3214.73,3214.63,3215.1,ETH
2026-01-06 03:01:02+00:00,2026-01-06 03:03:18.465379+00:00,62.0,3214.55,3214.55,3214.96,ETH
2026-01-06 03:01:03+00:00,2026-01-06 03:03:19.463699+00:00,63.0,3214.55,3214.55,3214.87,ETH
2026-01-06 03:01:04+00:00,2026-01-06 03:03:20.481831+00:00,64.0,3214.55,3214.54,3214.86,ETH
2026-01-06 03:01:05+00:00,2026-01-06 03:03:21.528556+00:00,65.0,3214.54,3214.53,3214.86,ETH
2026-01-06 03:01:06+00:00,2026-01-06 03:03:22.510101+00:00,66.0,3214.58,3214.53,3214.9,ETH
2026-01-06 03:01:07+00:00,2026-01-06 03:03:23.524266+00:00,67.0,3214.68,3214.58,3214.98,ETH
2026-01-06 03:01:08+00:00,2026-01-06 03:03:25.288023+00:00,68.0,3214.75,3214.63,3215.03,ETH
2026-01-06 03:01:09+00:00,2026-01-06 03:03:25.562192+00:00,69.0,3214.75,3214.63,3215.03,ETH
2026-01-06 03:01:10+00:00,2026-01-06 03:03:26.560537+00:00,70.0,3214.75,3214.63,3215.03,ETH
2026-01-06 03:01:11+00:00,2026-01-06 03:03:27.569650+00:00,71.0,3214.75,3214.63,3215.03,ETH
2026-01-06 03:01:12+00:00,2026-01-06 03:03:28.574143+00:00,72.0,3214.75,3214.63,3214.98,ETH
2026-01-06 03:01:13+00:00,2026-01-06 03:03:29.576013+00:00,73.0,3214.75,3214.63,3215.03,ETH
2026-01-06 03:01:14+00:00,2026-01-06 03:03:30.644367+00:00,74.0,3214.75,3214.63,3215.03,ETH
2026-01-06 03:01:15+00:00,2026-01-06 03:03:31.657776+00:00,75.0,3214.75,3214.63,3215.03,ETH
2026-01-06 03:01:16+00:00,2026-01-06 03:03:33.607888+00:00,76.0,3214.75,3214.63,3215.03,ETH
2026-01-06 03:01:18+00:00,2026-01-06 03:03:34.325806+00:00,78.0,3214.61,3214.6,3215.03,ETH
2026-01-06 03:01:19+00:00,2026-01-06 03:03:35.560413+00:00,79.0,3214.39,3213.87,3214.46,ETH
2026-01-06 03:01:20+00:00,2026-01-06 03:03:36.573215+00:00,80.0,3213.75,3213.74,3214.21,ETH
2026-01-06 03:01:21+00:00,2026-01-06 03:03:37.596665+00:00,81.0,3213.71,3213.71,3214.23,ETH
2026-01-06 03:01:22+00:00,2026-01-06 03:03:38.641496+00:00,82.0,3213.73,3213.71,3214.14,ETH
2026-01-06 03:01:23+00:00,2026-01-06 03:03:39.660512+00:00,83.0,3213.72,3213.7,3214.14,ETH
2026-01-06 03:01:24+00:00,2026-01-06 03:03:40.674725+00:00,84.0,3213.71,3213.7,3214.17,ETH
2026-01-06 03:01:25+00:00,2026-01-06 03:03:42.309923+00:00,85.0,3213.71,3213.69,3213.97,ETH
2026-01-06 03:01:26+00:00,2026-01-06 03:03:43.455696+00:00,86.0,3213.71,3213.7,3214.17,ETH
2026-01-06 03:01:27+00:00,2026-01-06 03:03:44.424611+00:00,87.0,3213.71,3213.7,3214.17,ETH
2026-01-06 03:01:28+00:00,2026-01-06 03:03:45.374786+00:00,88.0,3213.72,3213.7,3214.18,ETH
2026-01-06 03:01:30+00:00,2026-01-06 03:03:46.394950+00:00,90.0,3213.73,3213.7,3214.18,ETH
2026-01-06 03:01:31+00:00,2026-01-06 03:03:47.449832+00:00,91.0,3213.71,3213.7,3214.19,ETH
2026-01-06 03:01:32+00:00,2026-01-06 03:03:48.481232+00:00,92.0,3213.72,3213.71,3214.19,ETH
2026-01-06 03:01:33+00:00,2026-01-06 03:03:49.545573+00:00,93.0,3213.73,3213.71,3214.05,ETH
2026-01-06 03:01:34+00:00,2026-01-06 03:03:50.530399+00:00,94.0,3213.75,3213.71,3214.19,ETH
2026-01-06 03:01:35+00:00,2026-01-06 03:03:51.526894+00:00,95.0,3213.85,3213.72,3214.19,ETH
2026-01-06 03:01:36+00:00,2026-01-06 03:03:52.745251+00:00,96.0,3214.45,3214.28,3214.62,ETH
2026-01-06 03:01:37+00:00,2026-01-06 03:03:53.743262+00:00,97.0,3214.45,3214.28,3214.69,ETH
2026-01-06 03:01:38+00:00,2026-01-06 03:03:54.762444+00:00,98.0,3214.45,3214.28,3214.69,ETH
2026-01-06 03:01:39+00:00,2026-01-06 03:03:55.774146+00:00,99.0,3214.44,3214.28,3214.68,ETH
2026-01-06 03:01:40+00:00,2026-01-06 03:03:57.425355+00:00,100.0,3214.38,3214.28,3214.65,ETH
2026-01-06 03:01:41+00:00,2026-01-06 03:03:58.393948+00:00,101.0,3214.38,3214.28,3214.72,ETH
2026-01-06 03:01:42+00:00,2026-01-06 03:03:59.402506+00:00,102.0,3214.38,3214.28,3214.65,ETH
2026-01-06 03:01:43+00:00,2026-01-06 03:04:00.413332+00:00,103.0,3214.38,3214.28,3214.65,ETH
2026-01-06 03:01:44+00:00,2026-01-06 03:04:01.443458+00:00,104.0,3214.38,3214.28,3214.71,ETH
2026-01-06 03:01:45+00:00,2026-01-06 03:04:02.455112+00:00,105.0,3214.38,3214.29,3214.76,ETH
2026-01-06 03:01:46+00:00,2026-01-06 03:04:03.512147+00:00,106.0,3214.39,3214.29,3214.6,ETH
2026-01-06 03:01:47+00:00,2026-01-06 03:04:04.557779+00:00,107.0,3214.41,3214.29,3214.59,ETH
2026-01-06 03:01:48+00:00,2026-01-06 03:04:05.556346+00:00,108.0,3214.43,3214.29,3214.76,ETH
2026-01-06 03:01:49+00:00,2026-01-06 03:04:06.561555+00:00,109.0,3214.43,3214.29,3214.76,ETH
2026-01-06 03:01:50+00:00,2026-01-06 03:04:07.571905+00:00,110.0,3214.41,3214.29,3214.58,ETH
2026-01-06 03:01:51+00:00,2026-01-06 03:04:08.575577+00:00,111.0,3214.4,3214.29,3214.4,ETH
2026-01-06 03:01:52+00:00,2026-01-06 03:04:09.625193+00:00,112.0,3214.41,3214.29,3214.58,ETH
2026-01-06 03:01:53+00:00,2026-01-06 03:04:10.625198+00:00,113.0,3214.43,3214.3,3214.79,ETH
2026-01-06 03:01:54+00:00,2026-01-06 03:04:11.643544+00:00,114.0,3214.44,3214.34,3214.82,ETH
2026-01-06 03:01:55+00:00,2026-01-06 03:04:12.641767+00:00,115.0,3214.46,3214.36,3214.81,ETH
2026-01-06 03:01:57+00:00,2026-01-06 03:04:13.727842+00:00,117.0,3214.47,3214.36,3214.81,ETH
2026-01-06 03:01:58+00:00,2026-01-06 03:04:14.743543+00:00,118.0,3214.4,3214.36,3214.78,ETH
2026-01-06 03:01:59+00:00,2026-01-06 03:04:15.754184+00:00,119.0,3214.39,3214.36,3214.74,ETH
2026-01-06 03:02:00+00:00,2026-01-06 03:04:16.839863+00:00,120.0,3214.37,3214.36,3214.78,ETH
2026-01-06 03:02:01+00:00,2026-01-06 03:04:17.842619+00:00,121.0,3214.37,3214.36,3214.78,ETH
2026-01-06 03:02:02+00:00,2026-01-06 03:04:19.639457+00:00,122.0,3214.37,3214.36,3214.77,ETH
2026-01-06 03:02:03+00:00,2026-01-06 03:04:20.604189+00:00,123.0,3214.56,3214.45,3214.83,ETH
2026-01-06 03:02:04+00:00,2026-01-06 03:04:21.655629+00:00,124.0,3214.81,3214.81,3214.84,ETH
2026-01-06 03:02:05+00:00,2026-01-06 03:04:22.657918+00:00,125.0,3215.71,3215.57,3216.05,ETH
2026-01-06 03:02:06+00:00,2026-01-06 03:04:23.682270+00:00,126.0,3215.71,3215.6,3215.97,ETH
2026-01-06 03:02:07+00:00,2026-01-06 03:04:24.893025+00:00,127.0,3215.71,3215.6,3216.04,ETH
2026-01-06 03:02:08+00:00,2026-01-06 03:04:25.742722+00:00,128.0,3215.76,3215.63,3216.05,ETH
2026-01-06 03:02:10+00:00,2026-01-06 03:04:27.778246+00:00,130.0,3215.88,3215.87,3216.21,ETH
2026-01-06 03:02:11+00:00,2026-01-06 03:04:28.952191+00:00,131.0,3216.21,3216.14,3216.45,ETH
2026-01-06 03:02:12+00:00,2026-01-06 03:04:30.140342+00:00,132.0,3216.21,3216.14,3216.46,ETH
2026-01-06 03:02:13+00:00,2026-01-06 03:04:30.960066+00:00,133.0,3216.21,3216.14,3216.45,ETH
2026-01-06 03:02:14+00:00,2026-01-06 03:04:31.977376+00:00,134.0,3216.24,3216.16,3216.51,ETH
2026-01-06 03:02:15+00:00,2026-01-06 03:04:32.987769+00:00,135.0,3216.33,3216.24,3216.61,ETH
2026-01-06 03:02:16+00:00,2026-01-06 03:04:34.035715+00:00,136.0,3216.51,3216.43,3216.75,ETH
2026-01-06 03:02:17+00:00,2026-01-06 03:04:35.273207+00:00,137.0,3216.64,3216.56,3216.88,ETH
2026-01-06 03:02:18+00:00,2026-01-06 03:04:36.194282+00:00,138.0,3216.64,3216.56,3216.82,ETH
2026-01-06 03:02:19+00:00,2026-01-06 03:04:37.058504+00:00,139.0,3216.64,3216.56,3216.82,ETH
2026-01-06 03:02:20+00:00,2026-01-06 03:04:38.106649+00:00,140.0,3216.63,3216.56,3216.87,ETH
2026-01-06 03:02:21+00:00,2026-01-06 03:04:39.109271+00:00,141.0,3216.61,3216.56,3216.86,ETH
2026-01-06 03:02:22+00:00,2026-01-06 03:04:40.323693+00:00,142.0,3216.61,3216.56,3216.86,ETH
2026-01-06 03:02:24+00:00,2026-01-06 03:04:41.271821+00:00,144.0,3216.65,3216.56,3216.9,ETH
2026-01-06 03:02:25+00:00,2026-01-06 03:04:42.320550+00:00,145.0,3216.64,3216.56,3216.93,ETH
2026-01-06 03:02:26+00:00,2026-01-06 03:04:43.376564+00:00,146.0,3216.63,3216.56,3216.93,ETH
2026-01-06 03:02:27+00:00,2026-01-06 03:04:45.169737+00:00,147.0,3216.63,3216.56,3216.93,ETH
2026-01-06 03:02:28+00:00,2026-01-06 03:04:45.441695+00:00,148.0,3216.5,3216.18,3216.89,ETH
2026-01-06 03:02:29+00:00,2026-01-06 03:04:47.302702+00:00,149.0,3216.45,3216.19,3216.73,ETH
2026-01-06 03:02:30+00:00,2026-01-06 03:04:49.172066+00:00,150.0,3216.16,3216.13,3216.46,ETH
2026-01-06 03:02:32+00:00,2026-01-06 03:04:49.259341+00:00,152.0,3216.09,3216.07,3216.44,ETH
2026-01-06 03:02:33+00:00,2026-01-06 03:04:50.242513+00:00,153.0,3215.87,3215.76,3216.23,ETH
2026-01-06 03:02:34+00:00,2026-01-06 03:04:51.278511+00:00,154.0,3215.73,3215.73,3216.16,ETH
2026-01-06 03:02:35+00:00,2026-01-06 03:04:52.458647+00:00,155.0,3215.57,3215.56,3215.78,ETH
2026-01-06 03:02:36+00:00,2026-01-06 03:04:53.410553+00:00,156.0,3215.24,3215.23,3215.64,ETH
2026-01-06 03:02:37+00:00,2026-01-06 03:04:55.559314+00:00,157.0,3215.23,3215.23,3215.59,ETH
2026-01-06 03:02:38+00:00,2026-01-06 03:04:56.425491+00:00,158.0,3215.19,3215.18,3215.57,ETH
2026-01-06 03:02:39+00:00,2026-01-06 03:04:57.637935+00:00,159.0,3215.15,3215.14,3215.47,ETH
2026-01-06 03:02:41+00:00,2026-01-06 03:04:58.540985+00:00,161.0,3215.38,3215.36,3215.58,ETH
2026-01-06 03:02:42+00:00,2026-01-06 03:04:59.626738+00:00,162.0,3215.41,3215.38,3215.69,ETH
2026-01-06 03:02:43+00:00,2026-01-06 03:05:00.693113+00:00,163.0,3215.42,3215.38,3215.77,ETH
2026-01-06 03:02:44+00:00,2026-01-06 03:05:01.670967+00:00,164.0,3215.42,3215.38,3215.77,ETH
2026-01-06 03:02:45+00:00,2026-01-06 03:05:02.720037+00:00,165.0,3215.42,3215.39,3215.76,ETH
2026-01-06 03:02:46+00:00,2026-01-06 03:05:03.741145+00:00,166.0,3215.42,3215.4,3215.76,ETH
2026-01-06 03:02:47+00:00,2026-01-06 03:05:04.716839+00:00,167.0,3215.42,3215.41,3215.76,ETH
2026-01-06 03:02:48+00:00,2026-01-06 03:05:05.774535+00:00,168.0,3215.37,3215.22,3215.55,ETH
2026-01-06 03:02:49+00:00,2026-01-06 03:05:06.774778+00:00,169.0,3215.22,3215.18,3215.53,ETH
2026-01-06 03:02:50+00:00,2026-01-06 03:05:07.771809+00:00,170.0,3215.22,3215.19,3215.44,ETH
2026-01-06 03:02:51+00:00,2026-01-06 03:05:08.784385+00:00,171.0,3215.22,3215.18,3215.44,ETH
2026-01-06 03:02:52+00:00,2026-01-06 03:05:09.788563+00:00,172.0,3215.67,3215.48,3215.68,ETH
2026-01-06 03:02:53+00:00,2026-01-06 03:05:10.972214+00:00,173.0,3215.67,3215.56,3215.83,ETH
2026-01-06 03:02:54+00:00,2026-01-06 03:05:11.956567+00:00,174.0,3215.66,3215.63,3215.86,ETH
2026-01-06 03:02:55+00:00,2026-01-06 03:05:13.828255+00:00,175.0,3215.67,3215.62,3215.87,ETH
2026-01-06 03:02:56+00:00,2026-01-06 03:05:14.957190+00:00,176.0,3215.67,3215.62,3215.87,ETH
2026-01-06 03:02:57+00:00,2026-01-06 03:05:15.869739+00:00,177.0,3215.67,3215.63,3215.87,ETH
2026-01-06 03:02:58+00:00,2026-01-06 03:05:16.708889+00:00,178.0,3215.68,3215.62,3215.87,ETH
2026-01-06 03:02:59+00:00,2026-01-06 03:05:17.623773+00:00,179.0,3215.68,3215.61,3215.87,ETH
2026-01-06 03:03:00+00:00,2026-01-06 03:05:18.717852+00:00,180.0,3215.85,3215.62,3216.06,ETH
2026-01-06 03:03:01+00:00,2026-01-06 03:05:19.650938+00:00,181.0,3216.08,3215.8,3216.4,ETH
2026-01-06 03:03:02+00:00,2026-01-06 03:05:20.710872+00:00,182.0,3216.42,3216.24,3216.74,ETH
2026-01-06 03:03:03+00:00,2026-01-06 03:05:21.755800+00:00,183.0,3216.69,3216.52,3216.92,ETH
2026-01-06 03:03:04+00:00,2026-01-06 03:05:22.731874+00:00,184.0,3216.69,3216.56,3216.93,ETH
2026-01-06 03:03:05+00:00,2026-01-06 03:05:23.900467+00:00,185.0,3216.7,3216.59,3216.93,ETH
2026-01-06 03:03:07+00:00,2026-01-06 03:05:24.767896+00:00,187.0,3216.71,3216.56,3216.96,ETH
2026-01-06 03:03:08+00:00,2026-01-06 03:05:25.805995+00:00,188.0,3216.71,3216.56,3216.92,ETH
2026-01-06 03:03:09+00:00,2026-01-06 03:05:26.922309+00:00,189.0,3216.71,3216.59,3216.96,ETH
2026-01-06 03:03:10+00:00,2026-01-06 03:05:27.871660+00:00,190.0,3216.71,3216.62,3216.97,ETH
2026-01-06 03:03:11+00:00,2026-01-06 03:05:28.868547+00:00,191.0,3216.71,3216.62,3216.96,ETH
2026-01-06 03:03:12+00:00,2026-01-06 03:05:29.906342+00:00,192.0,3216.71,3216.62,3216.98,ETH
2026-01-06 03:03:13+00:00,2026-01-06 03:05:30.922480+00:00,193.0,3216.71,3216.62,3217.02,ETH
2026-01-06 03:03:14+00:00,2026-01-06 03:05:31.922759+00:00,194.0,3216.71,3216.62,3217.02,ETH
2026-01-06 03:03:15+00:00,2026-01-06 03:05:32.923388+00:00,195.0,3216.71,3216.6,3217.02,ETH
2026-01-06 03:03:16+00:00,2026-01-06 03:05:33.949416+00:00,196.0,3216.71,3216.61,3217.02,ETH
2026-01-06 03:03:17+00:00,2026-01-06 03:05:34.940500+00:00,197.0,3216.71,3216.61,3217.02,ETH
2026-01-06 03:03:18+00:00,2026-01-06 03:05:35.960643+00:00,198.0,3216.74,3216.7,3217.15,ETH
2026-01-06 03:03:19+00:00,2026-01-06 03:05:37.004916+00:00,199.0,3216.81,3216.7,3216.97,ETH
2026-01-06 03:03:20+00:00,2026-01-06 03:05:37.993812+00:00,200.0,3216.81,3216.7,3216.97,ETH
2026-01-06 03:03:21+00:00,2026-01-06 03:05:39.005895+00:00,201.0,3216.9,3216.79,3217.14,ETH
2026-01-06 03:03:22+00:00,2026-01-06 03:05:40.007100+00:00,202.0,3216.9,3216.89,3217.18,ETH
2026-01-06 03:03:23+00:00,2026-01-06 03:05:41.022694+00:00,203.0,3216.9,3216.7,3217.11,ETH
2026-01-06 03:03:24+00:00,2026-01-06 03:05:42.076431+00:00,204.0,3216.86,3216.7,3217.14,ETH
2026-01-06 03:03:25+00:00,2026-01-06 03:05:43.071801+00:00,205.0,3216.72,3216.7,3217.04,ETH
2026-01-06 03:03:26+00:00,2026-01-06 03:05:44.176902+00:00,206.0,3216.72,3216.7,3217.15,ETH
2026-01-06 03:03:27+00:00,2026-01-06 03:05:45.173800+00:00,207.0,3216.71,3216.7,3217.12,ETH
2026-01-06 03:03:28+00:00,2026-01-06 03:05:46.169494+00:00,208.0,3216.71,3216.7,3217.1,ETH
2026-01-06 03:03:29+00:00,2026-01-06 03:05:47.190719+00:00,209.0,3216.71,3216.7,3217.1,ETH
2026-01-06 03:03:30+00:00,2026-01-06 03:05:48.188636+00:00,210.0,3216.71,3216.7,3217.2,ETH
2026-01-06 03:03:31+00:00,2026-01-06 03:05:49.203615+00:00,211.0,3216.72,3216.71,3216.85,ETH
2026-01-06 03:03:32+00:00,2026-01-06 03:05:50.207078+00:00,212.0,3216.72,3216.71,3217.21,ETH
2026-01-06 03:03:33+00:00,2026-01-06 03:05:51.404737+00:00,213.0,3216.72,3216.71,3217.21,ETH
2026-01-06 03:03:34+00:00,2026-01-06 03:05:52.419775+00:00,214.0,3216.72,3216.71,3217.2,ETH
2026-01-06 03:03:35+00:00,2026-01-06 03:05:53.424617+00:00,215.0,3216.72,3216.71,3217.2,ETH
2026-01-06 03:03:36+00:00,2026-01-06 03:05:54.456569+00:00,216.0,3216.75,3216.71,3217.21,ETH
2026-01-06 03:03:37+00:00,2026-01-06 03:05:55.459631+00:00,217.0,3216.76,3216.71,3216.85,ETH
2026-01-06 03:03:38+00:00,2026-01-06 03:05:56.458674+00:00,218.0,3216.77,3216.71,3216.89,ETH
2026-01-06 03:03:39+00:00,2026-01-06 03:05:57.488459+00:00,219.0,3217.13,3217.12,3217.42,ETH
2026-01-06 03:03:40+00:00,2026-01-06 03:05:58.523638+00:00,220.0,3217.38,3217.26,3217.62,ETH
2026-01-06 03:03:41+00:00,2026-01-06 03:05:59.525988+00:00,221.0,3217.38,3217.33,3217.62,ETH
2026-01-06 03:03:42+00:00,2026-01-06 03:06:00.659943+00:00,222.0,3217.46,3217.45,3217.62,ETH
2026-01-06 03:03:43+00:00,2026-01-06 03:06:01.639891+00:00,223.0,3217.65,3217.61,3217.78,ETH
2026-01-06 03:03:44+00:00,2026-01-06 03:06:02.657026+00:00,224.0,3217.72,3217.72,3217.94,ETH
2026-01-06 03:03:45+00:00,2026-01-06 03:06:03.656248+00:00,225.0,3217.71,3217.7,3217.95,ETH
2026-01-06 03:03:46+00:00,2026-01-06 03:06:04.656737+00:00,226.0,3217.71,3217.7,3217.95,ETH
2026-01-06 03:03:47+00:00,2026-01-06 03:06:05.730958+00:00,227.0,3217.82,3217.75,3218.07,ETH
2026-01-06 03:03:48+00:00,2026-01-06 03:06:06.755209+00:00,228.0,3217.94,3217.85,3218.18,ETH
2026-01-06 03:03:49+00:00,2026-01-06 03:06:07.722006+00:00,229.0,3217.95,3217.92,3218.18,ETH
2026-01-06 03:03:50+00:00,2026-01-06 03:06:08.750560+00:00,230.0,3217.96,3217.93,3218.19,ETH
2026-01-06 03:03:51+00:00,2026-01-06 03:06:09.738546+00:00,231.0,3218.0,3217.97,3218.29,ETH
2026-01-06 03:03:52+00:00,2026-01-06 03:06:10.894564+00:00,232.0,3218.14,3218.04,3218.34,ETH
2026-01-06 03:03:53+00:00,2026-01-06 03:06:12.599250+00:00,233.0,3218.25,3218.14,3218.39,ETH
2026-01-06 03:03:54+00:00,2026-01-06 03:06:12.942332+00:00,234.0,3218.25,3218.2,3218.46,ETH
2026-01-06 03:03:55+00:00,2026-01-06 03:06:14.575760+00:00,235.0,3218.25,3218.19,3218.47,ETH
2026-01-06 03:03:56+00:00,2026-01-06 03:06:15.618102+00:00,236.0,3218.25,3218.19,3218.47,ETH
2026-01-06 03:03:57+00:00,2026-01-06 03:06:16.612687+00:00,237.0,3218.25,3218.19,3218.47,ETH
2026-01-06 03:03:58+00:00,2026-01-06 03:06:17.634414+00:00,238.0,3218.3,3218.19,3218.55,ETH
2026-01-06 03:03:59+00:00,2026-01-06 03:06:18.745984+00:00,239.0,3218.37,3218.23,3218.63,ETH
2026-01-06 03:04:00+00:00,2026-01-06 03:06:19.740831+00:00,240.0,3218.34,3218.19,3218.48,ETH
2026-01-06 03:04:01+00:00,2026-01-06 03:06:20.685462+00:00,241.0,3218.13,3217.97,3218.29,ETH
2026-01-06 03:04:02+00:00,2026-01-06 03:06:22.677958+00:00,242.0,3217.79,3217.7,3218.19,ETH
2026-01-06 03:04:04+00:00,2026-01-06 03:06:22.753743+00:00,244.0,3217.6,3217.57,3218.09,ETH
2026-01-06 03:04:05+00:00,2026-01-06 03:06:23.768641+00:00,245.0,3217.6,3217.58,3218.05,ETH
2026-01-06 03:04:06+00:00,2026-01-06 03:06:24.901295+00:00,246.0,3217.6,3217.58,3217.94,ETH
2026-01-06 03:04:07+00:00,2026-01-06 03:06:25.870736+00:00,247.0,3217.6,3217.58,3218.03,ETH
2026-01-06 03:04:08+00:00,2026-01-06 03:06:26.850529+00:00,248.0,3217.6,3217.59,3217.98,ETH
2026-01-06 03:04:09+00:00,2026-01-06 03:06:27.851302+00:00,249.0,3217.6,3217.59,3217.94,ETH
2026-01-06 03:04:10+00:00,2026-01-06 03:06:28.898922+00:00,250.0,3217.6,3217.52,3217.82,ETH
2026-01-06 03:04:11+00:00,2026-01-06 03:06:29.886386+00:00,251.0,3217.73,3217.63,3217.83,ETH
2026-01-06 03:04:12+00:00,2026-01-06 03:06:30.923192+00:00,252.0,3218.08,3218.05,3218.18,ETH
2026-01-06 03:04:13+00:00,2026-01-06 03:06:31.884903+00:00,253.0,3218.33,3218.29,3218.53,ETH
2026-01-06 03:04:14+00:00,2026-01-06 03:06:32.885518+00:00,254.0,3218.45,3218.34,3218.7,ETH
2026-01-06 03:04:15+00:00,2026-01-06 03:06:34.025224+00:00,255.0,3218.59,3218.46,3218.84,ETH
2026-01-06 03:04:16+00:00,2026-01-06 03:06:35.019591+00:00,256.0,3218.741,3218.62,3218.96,ETH
2026-01-06 03:04:17+00:00,2026-01-06 03:06:36.036340+00:00,257.0,3218.921,3218.77,3219.08,ETH
2026-01-06 03:09:52+00:00,2026-01-06 03:11:03.674179+00:00,592.0,3218.28,3218.15,3218.58,ETH
2026-01-06 03:09:53+00:00,2026-01-06 03:11:04.729018+00:00,593.0,3218.28,3218.14,3218.6,ETH
2026-01-06 03:09:54+00:00,2026-01-06 03:11:05.786218+00:00,594.0,3218.28,3218.13,3218.61,ETH
2026-01-06 03:09:55+00:00,2026-01-06 03:11:06.803812+00:00,595.0,3218.19,3218.1,3218.52,ETH
2026-01-06 03:09:56+00:00,2026-01-06 03:11:07.861405+00:00,596.0,3218.19,3218.1,3218.41,ETH
2026-01-06 03:09:57+00:00,2026-01-06 03:11:09.941906+00:00,597.0,3218.11,3218.09,3218.42,ETH
2026-01-06 03:09:58+00:00,2026-01-06 03:11:11.302906+00:00,598.0,3218.11,3218.08,3218.56,ETH
2026-01-06 03:09:59+00:00,2026-01-06 03:11:12.343035+00:00,599.0,3218.11,3218.08,3218.47,ETH
2026-01-06 03:10:00+00:00,2026-01-06 03:11:13.344112+00:00,600.0,3218.11,3218.08,3218.4,ETH
2026-01-06 03:10:01+00:00,2026-01-06 03:11:14.294207+00:00,601.0,3218.31,3218.23,3218.55,ETH
2026-01-06 03:10:02+00:00,2026-01-06 03:11:15.285405+00:00,602.0,3218.67,3218.52,3218.9,ETH
2026-01-06 03:10:03+00:00,2026-01-06 03:11:16.292457+00:00,603.0,3218.911,3218.75,3219.19,ETH
2026-01-06 03:10:04+00:00,2026-01-06 03:11:17.533696+00:00,604.0,3218.991,3218.87,3219.22,ETH
2026-01-06 03:10:05+00:00,2026-01-06 03:11:18.348470+00:00,605.0,3218.941,3218.88,3219.21,ETH
2026-01-06 03:10:06+00:00,2026-01-06 03:11:19.305564+00:00,606.0,3218.871,3218.75,3219.09,ETH
2026-01-06 03:10:07+00:00,2026-01-06 03:11:20.601761+00:00,607.0,3218.861,3218.63,3219.04,ETH
2026-01-06 03:10:08+00:00,2026-01-06 03:11:21.482763+00:00,608.0,3218.861,3218.63,3219.09,ETH
2026-01-06 03:10:09+00:00,2026-01-06 03:11:22.532301+00:00,609.0,3218.781,3218.65,3218.94,ETH
2026-01-06 03:10:10+00:00,2026-01-06 03:11:23.531742+00:00,610.0,3218.65,3218.63,3218.82,ETH
2026-01-06 03:10:11+00:00,2026-01-06 03:11:25.261924+00:00,611.0,3218.17,3218.16,3218.6,ETH
2026-01-06 03:10:12+00:00,2026-01-06 03:11:27.238983+00:00,612.0,3218.17,3218.16,3218.59,ETH
2026-01-06 03:10:13+00:00,2026-01-06 03:11:29.185748+00:00,613.0,3218.08,3218.08,3218.55,ETH
2026-01-06 03:10:14+00:00,2026-01-06 03:11:30.197928+00:00,614.0,3217.99,3217.99,3218.47,ETH
2026-01-06 03:10:15+00:00,2026-01-06 03:11:31.275794+00:00,615.0,3218.0,3217.99,3218.43,ETH
2026-01-06 03:10:16+00:00,2026-01-06 03:11:32.419942+00:00,616.0,3218.0,3217.99,3218.43,ETH
2026-01-06 03:10:17+00:00,2026-01-06 03:11:34.909390+00:00,617.0,3218.01,3218.0,3218.45,ETH
2026-01-06 03:10:18+00:00,2026-01-06 03:11:36.295768+00:00,618.0,3218.01,3218.0,3218.46,ETH
2026-01-06 03:10:19+00:00,2026-01-06 03:11:37.302638+00:00,619.0,3217.99,3217.98,3218.32,ETH
2026-01-06 03:10:20+00:00,2026-01-06 03:11:38.324699+00:00,620.0,3217.99,3217.98,3218.43,ETH
2026-01-06 03:10:21+00:00,2026-01-06 03:11:40.794456+00:00,621.0,3217.99,3217.98,3218.15,ETH
2026-01-06 03:10:22+00:00,2026-01-06 03:11:41.108876+00:00,622.0,3217.92,3217.92,3218.39,ETH
2026-01-06 03:10:23+00:00,2026-01-06 03:11:43.323364+00:00,623.0,3217.92,3217.92,3218.33,ETH
2026-01-06 03:10:24+00:00,2026-01-06 03:11:43.340819+00:00,624.0,3217.91,3217.9,3218.25,ETH
2026-01-06 03:10:25+00:00,2026-01-06 03:11:44.367207+00:00,625.0,3217.91,3217.9,3218.25,ETH
2026-01-06 03:10:26+00:00,2026-01-06 03:11:46.972147+00:00,626.0,3217.87,3217.86,3218.31,ETH
2026-01-06 03:10:27+00:00,2026-01-06 03:11:48.755507+00:00,627.0,3217.87,3217.86,3218.26,ETH
2026-01-06 03:10:28+00:00,2026-01-06 03:11:49.462749+00:00,628.0,3217.87,3217.86,3218.29,ETH
2026-01-06 03:10:29+00:00,2026-01-06 03:11:50.476610+00:00,629.0,3217.87,3217.86,3218.27,ETH
2026-01-06 03:10:30+00:00,2026-01-06 03:11:51.534624+00:00,630.0,3217.87,3217.86,3218.26,ETH
2026-01-06 03:10:31+00:00,2026-01-06 03:11:52.703925+00:00,631.0,3217.87,3217.86,3218.13,ETH
2026-01-06 03:10:32+00:00,2026-01-06 03:11:55.214962+00:00,632.0,3217.77,3217.76,3218.12,ETH
2026-01-06 03:10:33+00:00,2026-01-06 03:11:56.049506+00:00,633.0,3217.76,3217.76,3218.16,ETH
2026-01-06 03:10:34+00:00,2026-01-06 03:11:57.044713+00:00,634.0,3217.76,3217.76,3218.15,ETH
2026-01-06 03:10:35+00:00,2026-01-06 03:11:58.069785+00:00,635.0,3217.76,3217.76,3218.16,ETH
2026-01-06 03:10:36+00:00,2026-01-06 03:12:46.967163+00:00,636.0,3215.91,3215.8,3216.14,ETH
2026-01-06 03:10:37+00:00,2026-01-06 03:12:48.432286+00:00,637.0,3215.88,3215.74,3216.19,ETH
2026-01-06 03:10:41+00:00,2026-01-06 03:12:51.625849+00:00,641.0,3215.81,3215.69,3216.21,ETH
2026-01-06 03:10:42+00:00,2026-01-06 03:12:52.723190+00:00,642.0,3215.81,3215.69,3216.21,ETH
2026-01-06 03:10:43+00:00,2026-01-06 03:12:54.375713+00:00,643.0,3215.81,3215.69,3216.21,ETH
2026-01-06 03:10:45+00:00,2026-01-06 03:12:55.859291+00:00,645.0,3215.81,3215.69,3216.21,ETH
2026-01-06 03:10:46+00:00,2026-01-06 03:12:58.013265+00:00,646.0,3215.8,3215.69,3216.13,ETH
2026-01-06 03:10:47+00:00,2026-01-06 03:12:59.526261+00:00,647.0,3215.8,3215.69,3216.22,ETH
2026-01-06 03:10:48+00:00,2026-01-06 03:12:59.536264+00:00,648.0,3215.8,3215.69,3216.2,ETH
2026-01-06 03:10:49+00:00,2026-01-06 03:13:00.545717+00:00,649.0,3215.8,3215.69,3216.19,ETH
2026-01-06 03:10:51+00:00,2026-01-06 03:13:01.924125+00:00,651.0,3215.79,3215.71,3216.2,ETH
2026-01-06 03:10:52+00:00,2026-01-06 03:13:02.908928+00:00,652.0,3215.79,3215.69,3216.2,ETH
2026-01-06 03:10:53+00:00,2026-01-06 03:13:04.003275+00:00,653.0,3215.8,3215.68,3216.18,ETH
2026-01-06 03:10:54+00:00,2026-01-06 03:13:05.425314+00:00,654.0,3215.73,3215.69,3216.02,ETH
2026-01-06 03:10:55+00:00,2026-01-06 03:13:08.256640+00:00,655.0,3215.69,3215.67,3216.03,ETH
2026-01-06 03:10:57+00:00,2026-01-06 03:13:08.333306+00:00,657.0,3215.64,3215.6,3215.85,ETH
2026-01-06 03:10:59+00:00,2026-01-06 03:13:10.291485+00:00,659.0,3215.54,3215.53,3216.0,ETH
2026-01-06 03:11:00+00:00,2026-01-06 03:13:11.422824+00:00,660.0,3215.54,3215.54,3216.1,ETH
2026-01-06 03:11:01+00:00,2026-01-06 03:13:12.489856+00:00,661.0,3215.77,3215.6,3216.09,ETH
2026-01-06 03:11:02+00:00,2026-01-06 03:13:13.679801+00:00,662.0,3215.99,3215.86,3216.24,ETH
2026-01-06 03:11:03+00:00,2026-01-06 03:13:15.246300+00:00,663.0,3216.28,3216.16,3216.57,ETH
2026-01-06 03:11:04+00:00,2026-01-06 03:13:15.278112+00:00,664.0,3216.28,3216.16,3216.56,ETH
2026-01-06 03:11:05+00:00,2026-01-06 03:13:16.411533+00:00,665.0,3216.28,3216.14,3216.54,ETH
2026-01-06 03:11:07+00:00,2026-01-06 03:13:18.088882+00:00,667.0,3215.8,3215.8,3215.87,ETH
2026-01-06 03:11:09+00:00,2026-01-06 03:13:20.544267+00:00,669.0,3215.82,3215.81,3216.11,ETH
2026-01-06 03:11:10+00:00,2026-01-06 03:13:21.722708+00:00,670.0,3215.81,3215.8,3216.25,ETH
2026-01-06 03:11:11+00:00,2026-01-06 03:13:23.119518+00:00,671.0,3215.81,3215.8,3216.25,ETH
2026-01-06 03:11:13+00:00,2026-01-06 03:13:25.639177+00:00,673.0,3215.81,3215.81,3216.25,ETH
2026-01-06 03:11:14+00:00,2026-01-06 03:13:26.275068+00:00,674.0,3215.81,3215.81,3216.26,ETH
2026-01-06 03:11:15+00:00,2026-01-06 03:13:27.273538+00:00,675.0,3215.81,3215.81,3216.26,ETH
2026-01-06 03:11:17+00:00,2026-01-06 03:13:28.978696+00:00,677.0,3215.81,3215.81,3216.28,ETH
2026-01-06 03:11:18+00:00,2026-01-06 03:13:30.563314+00:00,678.0,3216.05,3215.95,3216.38,ETH
2026-01-06 03:11:20+00:00,2026-01-06 03:13:32.061816+00:00,680.0,3216.05,3215.97,3216.49,ETH
2026-01-06 03:11:22+00:00,2026-01-06 03:13:33.715208+00:00,682.0,3216.05,3216.04,3216.27,ETH
2026-01-06 03:11:23+00:00,2026-01-06 03:13:37.129539+00:00,683.0,3216.05,3216.05,3216.29,ETH
2026-01-06 03:11:25+00:00,2026-01-06 03:13:37.157461+00:00,685.0,3216.18,3216.1,3216.56,ETH
2026-01-06 03:11:26+00:00,2026-01-06 03:13:38.155579+00:00,686.0,3216.22,3216.1,3216.51,ETH
2026-01-06 03:11:29+00:00,2026-01-06 03:13:40.632651+00:00,689.0,3216.26,3216.1,3216.52,ETH
2026-01-06 03:11:30+00:00,2026-01-06 03:13:42.260700+00:00,690.0,3216.1,3216.08,3216.48,ETH
2026-01-06 03:11:32+00:00,2026-01-06 03:13:44.586461+00:00,692.0,3216.23,3216.1,3216.51,ETH
2026-01-06 03:11:34+00:00,2026-01-06 03:13:45.647791+00:00,694.0,3216.19,3216.08,3216.52,ETH
2026-01-06 03:11:35+00:00,2026-01-06 03:13:47.115580+00:00,695.0,3216.19,3216.08,3216.41,ETH
2026-01-06 03:11:36+00:00,2026-01-06 03:13:48.765899+00:00,696.0,3216.19,3216.08,3216.3,ETH
2026-01-06 03:11:37+00:00,2026-01-06 03:13:49.566843+00:00,697.0,3216.19,3216.07,3216.37,ETH
2026-01-06 03:11:38+00:00,2026-01-06 03:13:50.586343+00:00,698.0,3216.19,3216.07,3216.41,ETH
2026-01-06 03:11:39+00:00,2026-01-06 03:13:51.586049+00:00,699.0,3216.19,3216.07,3216.5,ETH
2026-01-06 03:11:40+00:00,2026-01-06 03:13:52.627132+00:00,700.0,3216.11,3216.05,3216.49,ETH
2026-01-06 03:11:41+00:00,2026-01-06 03:13:53.609708+00:00,701.0,3216.0,3215.93,3216.36,ETH
2026-01-06 03:11:42+00:00,2026-01-06 03:13:54.611147+00:00,702.0,3215.73,3215.65,3216.0,ETH
2026-01-06 03:11:43+00:00,2026-01-06 03:13:55.636781+00:00,703.0,3215.47,3215.45,3215.76,ETH
2026-01-06 03:11:44+00:00,2026-01-06 03:13:56.665148+00:00,704.0,3215.45,3215.45,3215.77,ETH
2026-01-06 03:11:45+00:00,2026-01-06 03:13:57.700160+00:00,705.0,3215.45,3215.45,3215.81,ETH
2026-01-06 03:11:47+00:00,2026-01-06 03:13:59.497764+00:00,707.0,3215.45,3215.45,3215.82,ETH
2026-01-06 03:11:49+00:00,2026-01-06 03:14:01.937673+00:00,709.0,3215.45,3215.45,3215.8,ETH
2026-01-06 03:11:50+00:00,2026-01-06 03:14:02.563452+00:00,710.0,3215.45,3215.4,3215.96,ETH
2026-01-06 03:11:51+00:00,2026-01-06 03:14:03.908093+00:00,711.0,3215.45,3215.39,3215.77,ETH
2026-01-06 03:11:52+00:00,2026-01-06 03:14:06.379070+00:00,712.0,3215.38,3215.38,3215.78,ETH
2026-01-06 03:11:54+00:00,2026-01-06 03:14:06.545218+00:00,714.0,3215.38,3215.36,3215.76,ETH
2026-01-06 03:11:55+00:00,2026-01-06 03:14:07.476679+00:00,715.0,3215.41,3215.37,3215.77,ETH
2026-01-06 03:11:56+00:00,2026-01-06 03:14:08.583902+00:00,716.0,3215.45,3215.39,3215.79,ETH
2026-01-06 03:11:57+00:00,2026-01-06 03:14:09.631443+00:00,717.0,3215.45,3215.41,3215.81,ETH
2026-01-06 03:11:58+00:00,2026-01-06 03:14:10.647698+00:00,718.0,3215.45,3215.42,3215.88,ETH
2026-01-06 03:11:59+00:00,2026-01-06 03:14:11.590297+00:00,719.0,3215.45,3215.43,3215.93,ETH
2026-01-06 03:12:00+00:00,2026-01-06 03:14:12.635840+00:00,720.0,3215.45,3215.43,3215.83,ETH
2026-01-06 03:12:01+00:00,2026-01-06 03:14:13.766492+00:00,721.0,3215.45,3215.42,3215.81,ETH
2026-01-06 03:12:02+00:00,2026-01-06 03:14:15.881593+00:00,722.0,3215.45,3215.42,3215.93,ETH
2026-01-06 03:12:03+00:00,2026-01-06 03:14:15.900222+00:00,723.0,3215.45,3215.41,3215.82,ETH
2026-01-06 03:12:04+00:00,2026-01-06 03:14:17.022995+00:00,724.0,3215.42,3215.4,3215.78,ETH
2026-01-06 03:12:05+00:00,2026-01-06 03:14:18.038332+00:00,725.0,3215.36,3215.33,3215.67,ETH
2026-01-06 03:12:06+00:00,2026-01-06 03:14:19.159957+00:00,726.0,3215.35,3215.28,3215.59,ETH
2026-01-06 03:12:09+00:00,2026-01-06 03:14:21.597841+00:00,729.0,3215.43,3215.29,3215.59,ETH
2026-01-06 03:12:10+00:00,2026-01-06 03:14:22.762203+00:00,730.0,3215.42,3215.29,3215.84,ETH
2026-01-06 03:12:11+00:00,2026-01-06 03:14:23.749102+00:00,731.0,3215.44,3215.29,3215.84,ETH
2026-01-06 03:12:12+00:00,2026-01-06 03:14:24.847832+00:00,732.0,3215.44,3215.31,3215.85,ETH
2026-01-06 03:12:13+00:00,2026-01-06 03:14:25.772172+00:00,733.0,3215.43,3215.31,3215.85,ETH
2026-01-06 03:12:14+00:00,2026-01-06 03:14:26.908747+00:00,734.0,3215.43,3215.32,3215.85,ETH
2026-01-06 03:12:15+00:00,2026-01-06 03:14:28.233652+00:00,735.0,3215.41,3215.32,3215.85,ETH
2026-01-06 03:12:16+00:00,2026-01-06 03:14:29.208840+00:00,736.0,3215.38,3215.32,3215.85,ETH
2026-01-06 03:12:17+00:00,2026-01-06 03:14:29.915857+00:00,737.0,3215.37,3215.3,3215.84,ETH
2026-01-06 03:12:18+00:00,2026-01-06 03:14:31.345998+00:00,738.0,3215.34,3215.29,3215.84,ETH
2026-01-06 03:12:19+00:00,2026-01-06 03:14:32.382453+00:00,739.0,3215.31,3215.28,3215.84,ETH
2026-01-06 03:12:21+00:00,2026-01-06 03:14:33.483379+00:00,741.0,3215.4,3215.31,3215.84,ETH
2026-01-06 03:12:22+00:00,2026-01-06 03:14:34.682332+00:00,742.0,3215.4,3215.31,3215.84,ETH
2026-01-06 03:12:23+00:00,2026-01-06 03:14:35.910162+00:00,743.0,3215.4,3215.31,3215.66,ETH
2026-01-06 03:12:24+00:00,2026-01-06 03:14:37.301255+00:00,744.0,3215.42,3215.32,3215.63,ETH
2026-01-06 03:12:25+00:00,2026-01-06 03:14:38.298481+00:00,745.0,3215.43,3215.32,3215.57,ETH
2026-01-06 03:12:26+00:00,2026-01-06 03:14:39.380173+00:00,746.0,3215.43,3215.36,3215.83,ETH
2026-01-06 03:12:27+00:00,2026-01-06 03:14:40.399459+00:00,747.0,3215.83,3215.8,3216.03,ETH
2026-01-06 03:12:28+00:00,2026-01-06 03:14:41.513415+00:00,748.0,3216.23,3216.12,3216.36,ETH
2026-01-06 03:12:29+00:00,2026-01-06 03:14:42.658354+00:00,749.0,3216.17,3216.03,3216.45,ETH
2026-01-06 03:12:31+00:00,2026-01-06 03:14:43.908517+00:00,751.0,3215.95,3215.94,3216.41,ETH
2026-01-06 03:12:32+00:00,2026-01-06 03:14:45.392346+00:00,752.0,3216.11,3215.98,3216.41,ETH
2026-01-06 03:12:33+00:00,2026-01-06 03:14:46.356827+00:00,753.0,3216.47,3216.21,3216.73,ETH
2026-01-06 03:12:34+00:00,2026-01-06 03:14:47.361493+00:00,754.0,3216.81,3216.63,3217.12,ETH
2026-01-06 03:12:36+00:00,2026-01-06 03:14:49.106937+00:00,756.0,3216.91,3216.83,3217.28,ETH
2026-01-06 03:12:37+00:00,2026-01-06 03:14:50.354670+00:00,757.0,3216.91,3216.83,3217.28,ETH
2026-01-06 03:12:38+00:00,2026-01-06 03:14:51.283642+00:00,758.0,3216.91,3216.85,3217.29,ETH
2026-01-06 03:12:39+00:00,2026-01-06 03:14:52.880610+00:00,759.0,3216.91,3216.85,3217.16,ETH
2026-01-06 03:12:40+00:00,2026-01-06 03:14:53.383443+00:00,760.0,3216.91,3216.85,3217.29,ETH
2026-01-06 03:12:41+00:00,2026-01-06 03:14:54.397154+00:00,761.0,3216.91,3216.85,3217.27,ETH
2026-01-06 03:12:42+00:00,2026-01-06 03:14:55.322153+00:00,762.0,3216.91,3216.85,3217.24,ETH
2026-01-06 03:12:43+00:00,2026-01-06 03:14:56.829156+00:00,763.0,3216.91,3216.79,3217.12,ETH
2026-01-06 03:12:44+00:00,2026-01-06 03:14:57.806031+00:00,764.0,3216.91,3216.79,3217.13,ETH
2026-01-06 03:12:45+00:00,2026-01-06 03:14:58.543857+00:00,765.0,3216.91,3216.79,3217.06,ETH
2026-01-06 03:12:46+00:00,2026-01-06 03:15:00.028838+00:00,766.0,3216.91,3216.79,3217.13,ETH
2026-01-06 03:12:47+00:00,2026-01-06 03:15:00.661036+00:00,767.0,3216.91,3216.8,3217.13,ETH
2026-01-06 03:12:48+00:00,2026-01-06 03:15:02.022753+00:00,768.0,3216.91,3216.79,3217.17,ETH
2026-01-06 03:12:49+00:00,2026-01-06 03:15:02.865142+00:00,769.0,3216.91,3216.8,3217.19,ETH
2026-01-06 03:12:50+00:00,2026-01-06 03:15:04.246698+00:00,770.0,3216.91,3216.81,3217.23,ETH
2026-01-06 03:12:51+00:00,2026-01-06 03:15:04.916380+00:00,771.0,3216.91,3216.83,3217.28,ETH
2026-01-06 03:12:52+00:00,2026-01-06 03:15:05.950163+00:00,772.0,3217.01,3216.84,3217.34,ETH
2026-01-06 03:12:54+00:00,2026-01-06 03:15:07.333484+00:00,774.0,3217.16,3217.11,3217.58,ETH
2026-01-06 03:12:55+00:00,2026-01-06 03:15:08.347778+00:00,775.0,3217.17,3217.11,3217.46,ETH
2026-01-06 03:12:56+00:00,2026-01-06 03:15:09.467215+00:00,776.0,3217.15,3217.11,3217.51,ETH
2026-01-06 03:12:57+00:00,2026-01-06 03:15:10.513654+00:00,777.0,3217.15,3217.11,3217.43,ETH
2026-01-06 03:12:58+00:00,2026-01-06 03:15:11.991121+00:00,778.0,3217.15,3217.11,3217.58,ETH
2026-01-06 03:12:59+00:00,2026-01-06 03:15:13.409634+00:00,779.0,3217.58,3217.32,3217.78,ETH
2026-01-06 03:13:00+00:00,2026-01-06 03:15:14.196634+00:00,780.0,3217.59,3217.48,3218.0,ETH
2026-01-06 03:13:01+00:00,2026-01-06 03:15:15.420615+00:00,781.0,3217.59,3217.48,3217.99,ETH
2026-01-06 03:13:02+00:00,2026-01-06 03:15:16.428944+00:00,782.0,3217.65,3217.49,3217.96,ETH
2026-01-06 03:13:03+00:00,2026-01-06 03:15:17.577774+00:00,783.0,3217.98,3217.76,3218.21,ETH
2026-01-06 03:13:05+00:00,2026-01-06 03:15:18.541577+00:00,785.0,3218.28,3218.1,3218.53,ETH
2026-01-06 03:13:06+00:00,2026-01-06 03:15:19.643718+00:00,786.0,3218.62,3218.51,3218.87,ETH
2026-01-06 03:13:07+00:00,2026-01-06 03:15:21.201797+00:00,787.0,3218.911,3218.75,3219.15,ETH
2026-01-06 03:13:08+00:00,2026-01-06 03:15:22.048897+00:00,788.0,3218.981,3218.79,3219.19,ETH
2026-01-06 03:13:09+00:00,2026-01-06 03:15:23.125659+00:00,789.0,3218.981,3218.81,3219.23,ETH
2026-01-06 03:13:10+00:00,2026-01-06 03:15:24.242047+00:00,790.0,3218.991,3218.82,3219.28,ETH
2026-01-06 03:13:11+00:00,2026-01-06 03:15:25.307558+00:00,791.0,3218.991,3218.83,3219.25,ETH
2026-01-06 03:13:12+00:00,2026-01-06 03:15:26.722033+00:00,792.0,3218.991,3218.83,3219.26,ETH
2026-01-06 03:13:13+00:00,2026-01-06 03:15:28.117106+00:00,793.0,3218.991,3218.83,3219.29,ETH
2026-01-06 03:13:14+00:00,2026-01-06 03:15:28.753433+00:00,794.0,3219.001,3218.84,3219.29,ETH
2026-01-06 03:13:15+00:00,2026-01-06 03:15:29.766850+00:00,795.0,3219.001,3218.82,3219.3,ETH
2026-01-06 03:13:16+00:00,2026-01-06 03:15:30.769733+00:00,796.0,3219.001,3218.81,3219.3,ETH
2026-01-06 03:13:17+00:00,2026-01-06 03:15:31.861748+00:00,797.0,3219.001,3218.81,3219.3,ETH
2026-01-06 03:13:18+00:00,2026-01-06 03:15:32.968958+00:00,798.0,3219.001,3218.81,3219.31,ETH
2026-01-06 03:13:20+00:00,2026-01-06 03:15:34.259295+00:00,800.0,3219.001,3218.81,3219.31,ETH
2026-01-06 03:13:21+00:00,2026-01-06 03:15:35.144517+00:00,801.0,3219.001,3218.81,3219.3,ETH
2026-01-06 03:13:22+00:00,2026-01-06 03:15:36.242178+00:00,802.0,3219.001,3218.81,3219.31,ETH
2026-01-06 03:13:23+00:00,2026-01-06 03:15:37.250587+00:00,803.0,3219.001,3218.81,3219.31,ETH
2026-01-06 03:13:24+00:00,2026-01-06 03:15:38.382860+00:00,804.0,3219.001,3218.81,3219.3,ETH
2026-01-06 03:13:25+00:00,2026-01-06 03:15:39.511223+00:00,805.0,3219.001,3218.81,3219.3,ETH
2026-01-06 03:13:26+00:00,2026-01-06 03:15:41.658442+00:00,806.0,3218.911,3218.8,3219.3,ETH
2026-01-06 03:13:27+00:00,2026-01-06 03:15:41.682297+00:00,807.0,3218.891,3218.76,3219.25,ETH
2026-01-06 03:13:28+00:00,2026-01-06 03:15:42.701915+00:00,808.0,3218.981,3218.73,3219.19,ETH
2026-01-06 03:13:30+00:00,2026-01-06 03:15:43.752433+00:00,810.0,3218.991,3218.74,3219.24,ETH
2026-01-06 03:13:31+00:00,2026-01-06 03:15:44.807517+00:00,811.0,3218.991,3218.74,3219.12,ETH
2026-01-06 03:13:32+00:00,2026-01-06 03:15:45.960779+00:00,812.0,3218.991,3218.74,3219.24,ETH
2026-01-06 03:13:33+00:00,2026-01-06 03:15:47.294965+00:00,813.0,3218.991,3218.74,3219.26,ETH
2026-01-06 03:13:34+00:00,2026-01-06 03:15:48.198177+00:00,814.0,3218.991,3218.74,3219.26,ETH
2026-01-06 03:13:35+00:00,2026-01-06 03:15:49.628732+00:00,815.0,3218.991,3218.76,3219.26,ETH
2026-01-06 03:13:36+00:00,2026-01-06 03:15:50.701928+00:00,816.0,3218.991,3218.75,3219.21,ETH
2026-01-06 03:13:37+00:00,2026-01-06 03:15:51.677231+00:00,817.0,3218.981,3218.75,3219.18,ETH
2026-01-06 03:13:38+00:00,2026-01-06 03:15:52.755546+00:00,818.0,3218.981,3218.75,3219.22,ETH
2026-01-06 03:13:39+00:00,2026-01-06 03:15:53.823395+00:00,819.0,3218.991,3218.75,3219.25,ETH
2026-01-06 03:13:41+00:00,2026-01-06 03:15:54.996693+00:00,821.0,3218.991,3218.75,3219.25,ETH
2026-01-06 03:13:42+00:00,2026-01-06 03:15:56.425173+00:00,822.0,3218.991,3218.75,3219.26,ETH
2026-01-06 03:13:43+00:00,2026-01-06 03:15:57.409009+00:00,823.0,3218.991,3218.75,3219.26,ETH
2026-01-06 03:13:44+00:00,2026-01-06 03:15:58.417159+00:00,824.0,3218.991,3218.75,3219.26,ETH
2026-01-06 03:13:45+00:00,2026-01-06 03:15:59.618187+00:00,825.0,3218.991,3218.75,3219.26,ETH
2026-01-06 03:13:47+00:00,2026-01-06 03:16:01.659406+00:00,827.0,3218.991,3218.75,3219.26,ETH
2026-01-06 03:13:48+00:00,2026-01-06 03:16:02.727735+00:00,828.0,3218.991,3218.83,3219.22,ETH
2026-01-06 03:13:49+00:00,2026-01-06 03:16:03.675003+00:00,829.0,3218.991,3218.84,3219.26,ETH
2026-01-06 03:13:50+00:00,2026-01-06 03:16:04.825300+00:00,830.0,3219.011,3218.86,3219.31,ETH
2026-01-06 03:13:51+00:00,2026-01-06 03:16:06.021402+00:00,831.0,3219.021,3218.92,3219.31,ETH
2026-01-06 03:13:52+00:00,2026-01-06 03:16:07.330432+00:00,832.0,3219.011,3218.98,3219.32,ETH
2026-01-06 03:13:53+00:00,2026-01-06 03:16:07.698558+00:00,833.0,3219.001,3218.98,3219.36,ETH
2026-01-06 03:13:55+00:00,2026-01-06 03:16:09.130182+00:00,835.0,3218.991,3218.96,3219.4,ETH
2026-01-06 03:13:56+00:00,2026-01-06 03:16:10.842248+00:00,836.0,3219.091,3218.96,3219.29,ETH
2026-01-06 03:13:57+00:00,2026-01-06 03:16:11.693754+00:00,837.0,3219.191,3219.04,3219.46,ETH
2026-01-06 03:13:58+00:00,2026-01-06 03:16:12.694853+00:00,838.0,3219.281,3219.12,3219.55,ETH
2026-01-06 03:13:59+00:00,2026-01-06 03:16:13.694807+00:00,839.0,3219.261,3219.13,3219.54,ETH
2026-01-06 03:14:00+00:00,2026-01-06 03:16:14.794129+00:00,840.0,3219.2,3219.14,3219.51,ETH
2026-01-06 03:14:01+00:00,2026-01-06 03:16:16.228742+00:00,841.0,3219.17,3219.05,3219.53,ETH
2026-01-06 03:14:02+00:00,2026-01-06 03:16:16.813345+00:00,842.0,3219.07,3218.94,3219.46,ETH
2026-01-06 03:14:03+00:00,2026-01-06 03:16:17.893436+00:00,843.0,3218.96,3218.88,3219.29,ETH
2026-01-06 03:14:04+00:00,2026-01-06 03:16:18.927203+00:00,844.0,3218.94,3218.84,3219.16,ETH
2026-01-06 03:14:05+00:00,2026-01-06 03:16:20.053825+00:00,845.0,3218.81,3218.76,3219.2,ETH
2026-01-06 03:14:06+00:00,2026-01-06 03:16:21.137319+00:00,846.0,3218.67,3218.67,3219.19,ETH
2026-01-06 03:14:08+00:00,2026-01-06 03:16:22.661206+00:00,848.0,3218.63,3218.62,3219.07,ETH
2026-01-06 03:14:10+00:00,2026-01-06 03:16:24.610878+00:00,850.0,3218.96,3218.66,3219.07,ETH
2026-01-06 03:14:11+00:00,2026-01-06 03:16:25.607387+00:00,851.0,3219.01,3218.83,3219.22,ETH
2026-01-06 03:14:12+00:00,2026-01-06 03:16:26.916737+00:00,852.0,3219.02,3218.89,3219.32,ETH
2026-01-06 03:14:13+00:00,2026-01-06 03:16:28.302354+00:00,853.0,3219.02,3218.89,3219.36,ETH
2026-01-06 03:14:14+00:00,2026-01-06 03:16:29.382480+00:00,854.0,3219.02,3218.92,3219.43,ETH
2026-01-06 03:14:15+00:00,2026-01-06 03:16:29.727275+00:00,855.0,3219.02,3218.92,3219.42,ETH
2026-01-06 03:14:16+00:00,2026-01-06 03:16:30.728707+00:00,856.0,3219.02,3218.91,3219.38,ETH
2026-01-06 03:14:17+00:00,2026-01-06 03:16:31.742474+00:00,857.0,3219.02,3218.91,3219.43,ETH
2026-01-06 03:14:18+00:00,2026-01-06 03:16:32.724215+00:00,858.0,3219.02,3218.91,3219.42,ETH
2026-01-06 03:14:19+00:00,2026-01-06 03:16:33.795677+00:00,859.0,3219.02,3218.91,3219.42,ETH
2026-01-06 03:14:20+00:00,2026-01-06 03:16:34.867637+00:00,860.0,3219.02,3218.91,3219.43,ETH
2026-01-06 03:14:21+00:00,2026-01-06 03:16:36.273443+00:00,861.0,3219.02,3218.92,3219.44,ETH
2026-01-06 03:14:22+00:00,2026-01-06 03:16:36.948138+00:00,862.0,3219.02,3218.91,3219.46,ETH
2026-01-06 03:14:23+00:00,2026-01-06 03:16:37.949528+00:00,863.0,3219.02,3218.9,3219.46,ETH
2026-01-06 03:14:24+00:00,2026-01-06 03:16:38.961293+00:00,864.0,3219.02,3218.9,3219.46,ETH
2026-01-06 03:14:25+00:00,2026-01-06 03:16:39.959080+00:00,865.0,3219.02,3218.9,3219.46,ETH
2026-01-06 03:14:26+00:00,2026-01-06 03:16:41.417385+00:00,866.0,3219.02,3218.93,3219.46,ETH
2026-01-06 03:14:27+00:00,2026-01-06 03:16:42.453223+00:00,867.0,3219.05,3218.97,3219.45,ETH
2026-01-06 03:14:29+00:00,2026-01-06 03:16:44.251659+00:00,869.0,3219.11,3219.01,3219.51,ETH
2026-01-06 03:14:30+00:00,2026-01-06 03:16:45.273756+00:00,870.0,3219.11,3219.01,3219.15,ETH
2026-01-06 03:14:32+00:00,2026-01-06 03:16:47.168446+00:00,872.0,3219.05,3219.01,3219.5,ETH
2026-01-06 03:14:33+00:00,2026-01-06 03:16:48.452603+00:00,873.0,3219.09,3219.01,3219.5,ETH
2026-01-06 03:14:34+00:00,2026-01-06 03:16:49.695384+00:00,874.0,3219.38,3219.23,3219.72,ETH
2026-01-06 03:14:35+00:00,2026-01-06 03:16:50.671788+00:00,875.0,3219.62,3219.45,3219.94,ETH
2026-01-06 03:14:37+00:00,2026-01-06 03:16:51.809419+00:00,877.0,3219.73,3219.45,3219.98,ETH
2026-01-06 03:14:38+00:00,2026-01-06 03:16:52.946817+00:00,878.0,3219.72,3219.45,3220.01,ETH
2026-01-06 03:14:39+00:00,2026-01-06 03:16:54.705420+00:00,879.0,3219.72,3219.45,3219.99,ETH
2026-01-06 03:14:41+00:00,2026-01-06 03:16:55.937015+00:00,881.0,3219.75,3219.47,3220.03,ETH
2026-01-06 03:14:42+00:00,2026-01-06 03:16:57.446992+00:00,882.0,3219.78,3219.52,3220.03,ETH
2026-01-06 03:14:43+00:00,2026-01-06 03:16:58.550969+00:00,883.0,3219.93,3219.71,3220.19,ETH
2026-01-06 03:14:44+00:00,2026-01-06 03:16:59.523625+00:00,884.0,3220.09,3219.95,3220.35,ETH
2026-01-06 03:14:45+00:00,2026-01-06 03:17:01.274772+00:00,885.0,3220.12,3220.03,3220.36,ETH
2026-01-06 03:14:47+00:00,2026-01-06 03:17:01.962645+00:00,887.0,3220.56,3220.4,3220.81,ETH
2026-01-06 03:14:48+00:00,2026-01-06 03:17:03.352535+00:00,888.0,3220.7,3220.51,3220.96,ETH
2026-01-06 03:14:50+00:00,2026-01-06 03:17:05.227143+00:00,890.0,3221.02,3220.8,3221.24,ETH
2026-01-06 03:14:51+00:00,2026-01-06 03:17:06.311301+00:00,891.0,3221.02,3220.8,3221.24,ETH
2026-01-06 03:14:52+00:00,2026-01-06 03:17:07.661386+00:00,892.0,3221.03,3220.83,3221.21,ETH
2026-01-06 03:14:54+00:00,2026-01-06 03:17:09.694380+00:00,894.0,3221.04,3221.03,3221.42,ETH
2026-01-06 03:14:55+00:00,2026-01-06 03:17:10.718655+00:00,895.0,3221.07,3221.03,3221.31,ETH
2026-01-06 03:14:56+00:00,2026-01-06 03:17:11.762840+00:00,896.0,3221.15,3221.05,3221.33,ETH
2026-01-06 03:14:57+00:00,2026-01-06 03:17:12.789260+00:00,897.0,3221.3,3221.12,3221.58,ETH
2026-01-06 03:14:58+00:00,2026-01-06 03:17:13.859565+00:00,898.0,3221.4,3221.22,3221.68,ETH
2026-01-06 03:14:59+00:00,2026-01-06 03:17:14.744826+00:00,899.0,3221.47,3221.29,3221.77,ETH
