timestamp,collected_at,seconds,up_mid,up_best_bid,up_best_ask,down_mid,down_best_bid,down_best_ask,up_best_bid_size,up_best_ask_size,down_best_bid_size,down_best_ask_size
2026-01-06 03:00:00.640000+00:00,2026-01-06 03:00:00.734885+00:00,0.64,0.495,0.49,0.5,0.505,0.5,0.51,,,,
2026-01-06 03:00:01.685000+00:00,2026-01-06 03:00:01.736336+00:00,1.685,0.49,0.48,0.5,0.51,0.5,0.52,,,,
2026-01-06 03:00:02.697000+00:00,2026-01-06 03:00:02.749776+00:00,2.697,0.4649999999999999,0.46,0.47,0.535,0.53,0.54,,,,
2026-01-06 03:00:03.738000+00:00,2026-01-06 03:00:03.751474+00:00,3.738,0.495,0.49,0.5,0.485,0.48,0.49,,,,
2026-01-06 03:00:04.683000+00:00,2026-01-06 03:00:04.733297+00:00,4.683,0.515,0.51,0.52,0.485,0.48,0.49,,,,
2026-01-06 03:00:05.735000+00:00,2026-01-06 03:00:05.736327+00:00,5.735,0.51,0.5,0.52,0.495,0.49,0.5,,,,
2026-01-06 03:00:06.730000+00:00,2026-01-06 03:00:06.736055+00:00,6.73,0.515,0.51,0.52,0.485,0.48,0.49,,,,
2026-01-06 03:00:08.141000+00:00,2026-01-06 03:00:08.276715+00:00,8.141,0.52,0.51,0.53,0.475,0.47,0.48,,,,
2026-01-06 03:00:09.557000+00:00,2026-01-06 03:00:09.721760+00:00,9.557,0.49,0.48,0.5,0.51,0.5,0.52,,,,
2026-01-06 03:00:10.729000+00:00,2026-01-06 03:00:10.721334+00:00,10.729,0.455,0.45,0.46,0.545,0.54,0.55,,,,
2026-01-06 03:00:11.667000+00:00,2026-01-06 03:00:11.728365+00:00,11.667,0.455,0.45,0.46,0.545,0.54,0.55,,,,
2026-01-06 03:00:12.390000+00:00,2026-01-06 03:00:12.732837+00:00,12.39,0.455,0.45,0.46,0.545,0.54,0.55,,,,
2026-01-06 03:00:13.593000+00:00,2026-01-06 03:00:13.733555+00:00,13.593,0.455,0.45,0.46,0.545,0.54,0.55,,,,
2026-01-06 03:00:14.398000+00:00,2026-01-06 03:00:14.761278+00:00,14.398,0.455,0.45,0.46,0.545,0.54,0.55,,,,
2026-01-06 03:00:15.761000+00:00,2026-01-06 03:00:15.768162+00:00,15.761,0.455,0.45,0.46,0.545,0.54,0.55,,,,
2026-01-06 03:00:16.778000+00:00,2026-01-06 03:00:16.784602+00:00,16.778,0.4599999999999999,0.45,0.47,0.545,0.54,0.55,,,,
2026-01-06 03:00:17.692000+00:00,2026-01-06 03:00:17.797654+00:00,17.692,0.455,0.45,0.46,0.545,0.54,0.55,,,,
2026-01-06 03:00:18.772000+00:00,2026-01-06 03:00:18.780951+00:00,18.772,0.455,0.45,0.46,0.545,0.54,0.55,,,,
2026-01-06 03:00:19.319000+00:00,2026-01-06 03:00:19.785057+00:00,19.319,0.455,0.45,0.46,0.545,0.54,0.55,,,,
2026-01-06 03:00:20.545000+00:00,2026-01-06 03:00:20.778921+00:00,20.545,0.455,0.45,0.46,0.545,0.54,0.55,,,,
2026-01-06 03:00:21.163000+00:00,2026-01-06 03:00:21.781363+00:00,21.163,0.455,0.45,0.46,0.545,0.54,0.55,,,,
2026-01-06 03:00:22.780000+00:00,2026-01-06 03:00:22.779888+00:00,22.78,0.455,0.45,0.46,0.545,0.54,0.55,,,,
2026-01-06 03:00:23.782000+00:00,2026-01-06 03:00:23.784268+00:00,23.782,0.455,0.45,0.46,0.545,0.54,0.55,,,,
2026-01-06 03:00:24.691000+00:00,2026-01-06 03:00:24.796670+00:00,24.691,0.4649999999999999,0.46,0.47,0.54,0.53,0.55,,,,
2026-01-06 03:00:25.625000+00:00,2026-01-06 03:00:25.798743+00:00,25.625,0.455,0.45,0.46,0.545,0.54,0.55,,,,
2026-01-06 03:00:26.807000+00:00,2026-01-06 03:00:26.809926+00:00,26.807,0.455,0.45,0.46,0.545,0.54,0.55,,,,
2026-01-06 03:00:27.559000+00:00,2026-01-06 03:00:27.813768+00:00,27.559,0.455,0.45,0.46,0.545,0.54,0.55,,,,
2026-01-06 03:00:28.713000+00:00,2026-01-06 03:00:28.814278+00:00,28.713,0.455,0.45,0.46,0.545,0.54,0.55,,,,
2026-01-06 03:00:29.532000+00:00,2026-01-06 03:00:29.820037+00:00,29.532,0.455,0.45,0.46,0.545,0.54,0.55,,,,
2026-01-06 03:00:30.733000+00:00,2026-01-06 03:00:30.839618+00:00,30.733,0.455,0.45,0.46,0.545,0.54,0.55,,,,
2026-01-06 03:00:31.780000+00:00,2026-01-06 03:00:31.849874+00:00,31.78,0.455,0.45,0.46,0.545,0.54,0.55,,,,
2026-01-06 03:00:32.830000+00:00,2026-01-06 03:00:32.844293+00:00,32.83,0.455,0.45,0.46,0.545,0.54,0.55,,,,
2026-01-06 03:00:33.542000+00:00,2026-01-06 03:00:33.849248+00:00,33.542,0.455,0.45,0.46,0.545,0.54,0.55,,,,
2026-01-06 03:00:34.748000+00:00,2026-01-06 03:00:34.861323+00:00,34.748,0.455,0.45,0.46,0.545,0.54,0.55,,,,
2026-01-06 03:00:35.818000+00:00,2026-01-06 03:00:35.862427+00:00,35.818,0.455,0.45,0.46,0.545,0.54,0.55,,,,
2026-01-06 03:00:36.835000+00:00,2026-01-06 03:00:36.858889+00:00,36.835,0.455,0.45,0.46,0.545,0.54,0.55,,,,
2026-01-06 03:00:37.842000+00:00,2026-01-06 03:00:37.884500+00:00,37.842,0.455,0.45,0.46,0.545,0.54,0.55,,,,
2026-01-06 03:00:38.813000+00:00,2026-01-06 03:00:38.900731+00:00,38.813,0.455,0.45,0.46,0.545,0.54,0.55,,,,
2026-01-06 03:00:39.810000+00:00,2026-01-06 03:00:39.906276+00:00,39.81,0.455,0.45,0.46,0.545,0.54,0.55,,,,
2026-01-06 03:00:40.749000+00:00,2026-01-06 03:00:40.912024+00:00,40.749,0.455,0.45,0.46,0.545,0.54,0.55,,,,
2026-01-06 03:00:41.888000+00:00,2026-01-06 03:00:41.915002+00:00,41.888,0.455,0.45,0.46,0.545,0.54,0.55,,,,
2026-01-06 03:00:42.299000+00:00,2026-01-06 03:00:42.931978+00:00,42.299,0.455,0.45,0.46,0.545,0.54,0.55,,,,
2026-01-06 03:00:43.743000+00:00,2026-01-06 03:00:43.934213+00:00,43.743,0.455,0.45,0.46,0.545,0.54,0.55,,,,
2026-01-06 03:00:44.954000+00:00,2026-01-06 03:00:44.954575+00:00,44.954,0.455,0.45,0.46,0.545,0.54,0.55,,,,
2026-01-06 03:00:45.748000+00:00,2026-01-06 03:00:45.967291+00:00,45.748,0.455,0.45,0.46,0.545,0.54,0.55,,,,
2026-01-06 03:00:46.915000+00:00,2026-01-06 03:00:46.977115+00:00,46.915,0.455,0.45,0.46,0.545,0.54,0.55,,,,
2026-01-06 03:00:48.471000+00:00,2026-01-06 03:00:49.002720+00:00,48.471,0.455,0.45,0.46,0.545,0.54,0.55,,,,
2026-01-06 03:00:50.987000+00:00,2026-01-06 03:00:51.026830+00:00,50.987,0.455,0.45,0.46,0.545,0.54,0.55,,,,
2026-01-06 03:00:52.980000+00:00,2026-01-06 03:00:53.034313+00:00,52.98,0.455,0.45,0.46,0.545,0.54,0.55,,,,
2026-01-06 03:00:54.949000+00:00,2026-01-06 03:00:55.057818+00:00,54.949,0.445,0.44,0.45,0.565,0.56,0.57,,,,
2026-01-06 03:00:56.990000+00:00,2026-01-06 03:00:57.050833+00:00,56.99,0.435,0.43,0.44,0.565,0.56,0.57,,,,
2026-01-06 03:00:58+00:00,2026-01-06 03:00:58.083233+00:00,58.0,0.435,0.43,0.44,0.565,0.56,0.57,,,,
2026-01-06 03:00:59.305000+00:00,2026-01-06 03:01:00.107941+00:00,59.305,0.435,0.43,0.44,0.565,0.56,0.57,,,,
2026-01-06 03:01:01.904000+00:00,2026-01-06 03:01:02.137075+00:00,61.904,0.435,0.43,0.44,0.565,0.56,0.57,,,,
2026-01-06 03:01:02.931000+00:00,2026-01-06 03:01:03.142823+00:00,62.931,0.435,0.43,0.44,0.565,0.56,0.57,,,,
2026-01-06 03:01:04.002000+00:00,2026-01-06 03:01:04.123439+00:00,64.002,0.435,0.43,0.44,0.565,0.56,0.57,,,,
2026-01-06 03:01:05.629000+00:00,2026-01-06 03:01:06.161337+00:00,65.629,0.435,0.43,0.44,0.565,0.56,0.57,,,,
2026-01-06 03:01:07.004000+00:00,2026-01-06 03:01:07.184089+00:00,67.004,0.435,0.43,0.44,0.565,0.56,0.57,,,,
2026-01-06 03:01:08.207000+00:00,2026-01-06 03:01:08.231420+00:00,68.207,0.435,0.43,0.44,0.565,0.56,0.57,,,,
2026-01-06 03:01:09.111000+00:00,2026-01-06 03:01:09.222881+00:00,69.111,0.44,0.43,0.45,0.56,0.55,0.57,,,,
2026-01-06 03:01:10.235000+00:00,2026-01-06 03:01:10.235208+00:00,70.235,0.44,0.43,0.45,0.56,0.55,0.57,,,,
2026-01-06 03:01:11.193000+00:00,2026-01-06 03:01:11.243414+00:00,71.193,0.44,0.43,0.45,0.56,0.55,0.57,,,,
2026-01-06 03:01:12.154000+00:00,2026-01-06 03:01:12.237127+00:00,72.154,0.44,0.43,0.45,0.56,0.55,0.57,,,,
2026-01-06 03:01:13.229000+00:00,2026-01-06 03:01:13.229672+00:00,73.229,0.44,0.43,0.45,0.56,0.55,0.57,,,,
2026-01-06 03:01:14.182000+00:00,2026-01-06 03:01:14.234896+00:00,74.182,0.44,0.43,0.45,0.56,0.55,0.57,,,,
2026-01-06 03:01:15.268000+00:00,2026-01-06 03:01:15.277774+00:00,75.268,0.44,0.43,0.45,0.56,0.55,0.57,,,,
2026-01-06 03:01:16.323000+00:00,2026-01-06 03:01:16.279577+00:00,76.323,0.44,0.43,0.45,0.56,0.55,0.57,,,,
2026-01-06 03:01:17.316000+00:00,2026-01-06 03:01:17.321882+00:00,77.316,0.44,0.43,0.45,0.56,0.55,0.57,,,,
2026-01-06 03:01:18.325000+00:00,2026-01-06 03:01:18.331231+00:00,78.325,0.445,0.44,0.45,0.555,0.55,0.56,,,,
2026-01-06 03:01:19.205000+00:00,2026-01-06 03:01:19.331868+00:00,79.205,0.445,0.44,0.45,0.555,0.55,0.56,,,,
2026-01-06 03:01:20.288000+00:00,2026-01-06 03:01:20.344449+00:00,80.288,0.445,0.44,0.45,0.555,0.55,0.56,,,,
2026-01-06 03:01:21.247000+00:00,2026-01-06 03:01:21.345908+00:00,81.247,0.445,0.44,0.45,0.555,0.55,0.56,,,,
2026-01-06 03:01:22.354000+00:00,2026-01-06 03:01:22.351585+00:00,82.354,0.445,0.44,0.45,0.555,0.55,0.56,,,,
2026-01-06 03:01:23.340000+00:00,2026-01-06 03:01:23.350502+00:00,83.34,0.425,0.42,0.43,0.575,0.57,0.58,,,,
2026-01-06 03:01:24.372000+00:00,2026-01-06 03:01:24.364665+00:00,84.372,0.415,0.41,0.42,0.585,0.58,0.59,,,,
2026-01-06 03:01:25.350000+00:00,2026-01-06 03:01:25.370544+00:00,85.35,0.385,0.38,0.39,0.615,0.61,0.62,,,,
2026-01-06 03:01:26.350000+00:00,2026-01-06 03:01:26.371823+00:00,86.35,0.385,0.38,0.39,0.615,0.61,0.62,,,,
2026-01-06 03:01:27.380000+00:00,2026-01-06 03:01:27.362490+00:00,87.38,0.385,0.38,0.39,0.615,0.61,0.62,,,,
2026-01-06 03:01:28.358000+00:00,2026-01-06 03:01:28.374345+00:00,88.358,0.385,0.38,0.39,0.615,0.61,0.62,,,,
2026-01-06 03:01:29.348000+00:00,2026-01-06 03:01:29.376924+00:00,89.348,0.385,0.38,0.39,0.615,0.61,0.62,,,,
2026-01-06 03:01:30.341000+00:00,2026-01-06 03:01:30.378502+00:00,90.341,0.385,0.38,0.39,0.615,0.61,0.62,,,,
2026-01-06 03:01:31.460000+00:00,2026-01-06 03:01:31.461590+00:00,91.46,0.385,0.38,0.39,0.615,0.61,0.62,,,,
2026-01-06 03:01:32.125000+00:00,2026-01-06 03:01:32.476924+00:00,92.125,0.385,0.38,0.39,0.615,0.61,0.62,,,,
2026-01-06 03:01:33.358000+00:00,2026-01-06 03:01:33.466814+00:00,93.358,0.385,0.38,0.39,0.615,0.61,0.62,,,,
2026-01-06 03:01:34.436000+00:00,2026-01-06 03:01:34.482434+00:00,94.436,0.385,0.38,0.39,0.615,0.61,0.62,,,,
2026-01-06 03:01:35.004000+00:00,2026-01-06 03:01:35.527947+00:00,95.004,0.385,0.38,0.39,0.615,0.61,0.62,,,,
2026-01-06 03:01:36.521000+00:00,2026-01-06 03:01:36.554791+00:00,96.521,0.385,0.38,0.39,0.615,0.61,0.62,,,,
2026-01-06 03:01:37.479000+00:00,2026-01-06 03:01:37.549564+00:00,97.479,0.385,0.38,0.39,0.615,0.61,0.62,,,,
2026-01-06 03:01:38.005000+00:00,2026-01-06 03:01:38.559399+00:00,98.005,0.385,0.38,0.39,0.615,0.61,0.62,,,,
2026-01-06 03:01:39.511000+00:00,2026-01-06 03:01:39.554144+00:00,99.511,0.385,0.38,0.39,0.615,0.61,0.62,,,,
2026-01-06 03:01:40.582000+00:00,2026-01-06 03:01:40.563372+00:00,100.582,0.385,0.38,0.39,0.615,0.61,0.62,,,,
2026-01-06 03:01:41.577000+00:00,2026-01-06 03:01:41.580958+00:00,101.577,0.345,0.34,0.35,0.655,0.65,0.66,,,,
2026-01-06 03:01:42.505000+00:00,2026-01-06 03:01:42.598593+00:00,102.505,0.35,0.34,0.36,0.65,0.64,0.66,,,,
2026-01-06 03:01:43.620000+00:00,2026-01-06 03:01:43.611129+00:00,103.62,0.355,0.35,0.36,0.645,0.64,0.65,,,,
2026-01-06 03:01:44.605000+00:00,2026-01-06 03:01:44.609163+00:00,104.605,0.345,0.34,0.35,0.655,0.65,0.66,,,,
2026-01-06 03:01:45.597000+00:00,2026-01-06 03:01:45.619968+00:00,105.597,0.335,0.33,0.34,0.665,0.66,0.67,,,,
2026-01-06 03:01:46.638000+00:00,2026-01-06 03:01:46.632846+00:00,106.638,0.335,0.33,0.34,0.665,0.66,0.67,,,,
2026-01-06 03:01:47.578000+00:00,2026-01-06 03:01:47.632392+00:00,107.578,0.3399999999999999,0.33,0.35,0.655,0.65,0.66,,,,
2026-01-06 03:01:48.592000+00:00,2026-01-06 03:01:48.639543+00:00,108.592,0.345,0.34,0.35,0.655,0.65,0.66,,,,
2026-01-06 03:01:49.519000+00:00,2026-01-06 03:01:49.630196+00:00,109.519,0.35,0.34,0.36,0.65,0.64,0.66,,,,
2026-01-06 03:01:50.451000+00:00,2026-01-06 03:01:50.634039+00:00,110.451,0.35,0.34,0.36,0.65,0.64,0.66,,,,
2026-01-06 03:01:51.629000+00:00,2026-01-06 03:01:51.643189+00:00,111.629,0.345,0.34,0.35,0.655,0.65,0.66,,,,
2026-01-06 03:01:52.815000+00:00,2026-01-06 03:01:53.642745+00:00,112.815,0.345,0.34,0.35,0.655,0.65,0.66,,,,
2026-01-06 03:01:54.643000+00:00,2026-01-06 03:01:54.648544+00:00,114.643,0.345,0.34,0.35,0.655,0.65,0.66,,,,
2026-01-06 03:01:55.642000+00:00,2026-01-06 03:01:55.643569+00:00,115.642,0.355,0.35,0.36,0.645,0.64,0.65,,,,
2026-01-06 03:01:56.575000+00:00,2026-01-06 03:01:56.644323+00:00,116.575,0.395,0.39,0.4,0.605,0.6,0.61,,,,
2026-01-06 03:01:57.601000+00:00,2026-01-06 03:01:57.630346+00:00,117.601,0.395,0.39,0.4,0.605,0.6,0.61,,,,
2026-01-06 03:01:58.464000+00:00,2026-01-06 03:01:58.631716+00:00,118.464,0.395,0.39,0.4,0.605,0.6,0.61,,,,
2026-01-06 03:01:59.543000+00:00,2026-01-06 03:01:59.637352+00:00,119.543,0.395,0.39,0.4,0.615,0.61,0.62,,,,
2026-01-06 03:02:00.619000+00:00,2026-01-06 03:02:00.631378+00:00,120.619,0.35,0.34,0.36,0.65,0.64,0.66,,,,
2026-01-06 03:02:01.446000+00:00,2026-01-06 03:02:01.636693+00:00,121.446,0.3399999999999999,0.33,0.35,0.66,0.65,0.67,,,,
2026-01-06 03:02:02.542000+00:00,2026-01-06 03:02:02.643255+00:00,122.542,0.345,0.34,0.35,0.655,0.65,0.66,,,,
2026-01-06 03:02:03.587000+00:00,2026-01-06 03:02:03.645428+00:00,123.587,0.345,0.34,0.35,0.655,0.65,0.66,,,,
2026-01-06 03:02:04.635000+00:00,2026-01-06 03:02:04.663574+00:00,124.635,0.345,0.34,0.35,0.655,0.65,0.66,,,,
2026-01-06 03:02:05.595000+00:00,2026-01-06 03:02:05.678365+00:00,125.595,0.345,0.34,0.35,0.655,0.65,0.66,,,,
2026-01-06 03:02:06.675000+00:00,2026-01-06 03:02:06.680814+00:00,126.675,0.345,0.34,0.35,0.655,0.65,0.66,,,,
2026-01-06 03:02:07.646000+00:00,2026-01-06 03:02:07.680663+00:00,127.646,0.365,0.36,0.37,0.635,0.63,0.64,,,,
2026-01-06 03:02:08.578000+00:00,2026-01-06 03:02:08.696922+00:00,128.578,0.365,0.36,0.37,0.635,0.63,0.64,,,,
2026-01-06 03:02:09.700000+00:00,2026-01-06 03:02:09.712831+00:00,129.7,0.365,0.36,0.37,0.65,0.64,0.66,,,,
2026-01-06 03:02:10.708000+00:00,2026-01-06 03:02:10.727251+00:00,130.708,0.36,0.35,0.37,0.64,0.63,0.65,,,,
2026-01-06 03:02:11.723000+00:00,2026-01-06 03:02:11.730743+00:00,131.723,0.36,0.35,0.37,0.64,0.63,0.65,,,,
2026-01-06 03:02:12.803000+00:00,2026-01-06 03:02:12.747071+00:00,132.803,0.36,0.35,0.37,0.64,0.63,0.65,,,,
2026-01-06 03:02:13.619000+00:00,2026-01-06 03:02:13.747094+00:00,133.619,0.355,0.35,0.36,0.645,0.64,0.65,,,,
2026-01-06 03:02:14.624000+00:00,2026-01-06 03:02:14.748197+00:00,134.624,0.36,0.35,0.37,0.64,0.63,0.65,,,,
2026-01-06 03:02:15.757000+00:00,2026-01-06 03:02:15.763078+00:00,135.757,0.355,0.35,0.36,0.645,0.64,0.65,,,,
2026-01-06 03:02:16.456000+00:00,2026-01-06 03:02:16.780202+00:00,136.456,0.365,0.35,0.38,0.635,0.62,0.65,,,,
2026-01-06 03:02:17.749000+00:00,2026-01-06 03:02:17.784648+00:00,137.749,0.365,0.35,0.38,0.635,0.62,0.65,,,,
2026-01-06 03:02:18.785000+00:00,2026-01-06 03:02:18.798375+00:00,138.785,0.335,0.33,0.34,0.675,0.67,0.68,,,,
2026-01-06 03:02:19.730000+00:00,2026-01-06 03:02:19.802683+00:00,139.73,0.285,0.28,0.29,0.715,0.71,0.72,,,,
2026-01-06 03:02:20.816000+00:00,2026-01-06 03:02:20.816842+00:00,140.816,0.295,0.29,0.3,0.705,0.7,0.71,,,,
2026-01-06 03:02:21.778000+00:00,2026-01-06 03:02:21.794368+00:00,141.778,0.295,0.29,0.3,0.705,0.7,0.71,,,,
2026-01-06 03:02:22.814000+00:00,2026-01-06 03:02:22.813285+00:00,142.814,0.29,0.28,0.3,0.71,0.7,0.72,,,,
2026-01-06 03:02:23.705000+00:00,2026-01-06 03:02:23.818932+00:00,143.705,0.285,0.28,0.29,0.715,0.71,0.72,,,,
2026-01-06 03:02:24.567000+00:00,2026-01-06 03:02:24.825494+00:00,144.567,0.285,0.28,0.29,0.715,0.71,0.72,,,,
2026-01-06 03:02:25.753000+00:00,2026-01-06 03:02:25.829819+00:00,145.753,0.285,0.28,0.29,0.715,0.71,0.72,,,,
2026-01-06 03:02:26.857000+00:00,2026-01-06 03:02:26.927809+00:00,146.857,0.295,0.29,0.3,0.705,0.7,0.71,,,,
2026-01-06 03:02:27.859000+00:00,2026-01-06 03:02:27.934946+00:00,147.859,0.295,0.29,0.3,0.705,0.7,0.71,,,,
2026-01-06 03:02:28.817000+00:00,2026-01-06 03:02:28.948253+00:00,148.817,0.305,0.3,0.31,0.695,0.69,0.7,,,,
2026-01-06 03:02:29.520000+00:00,2026-01-06 03:02:29.962162+00:00,149.52,0.305,0.3,0.31,0.695,0.69,0.7,,,,
2026-01-06 03:02:30.847000+00:00,2026-01-06 03:02:30.966648+00:00,150.847,0.305,0.3,0.31,0.695,0.69,0.7,,,,
2026-01-06 03:02:31.605000+00:00,2026-01-06 03:02:31.975952+00:00,151.605,0.305,0.3,0.31,0.695,0.69,0.7,,,,
2026-01-06 03:02:32.985000+00:00,2026-01-06 03:02:32.985025+00:00,152.985,0.305,0.3,0.31,0.695,0.69,0.7,,,,
2026-01-06 03:02:33.945000+00:00,2026-01-06 03:02:33.991039+00:00,153.945,0.305,0.3,0.31,0.695,0.69,0.7,,,,
2026-01-06 03:02:34.989000+00:00,2026-01-06 03:02:34.996420+00:00,154.989,0.355,0.35,0.36,0.645,0.64,0.65,,,,
2026-01-06 03:02:35.900000+00:00,2026-01-06 03:02:36.016630+00:00,155.9,0.36,0.35,0.37,0.64,0.63,0.65,,,,
2026-01-06 03:02:37.004000+00:00,2026-01-06 03:02:37.025440+00:00,157.004,0.355,0.35,0.36,0.64,0.63,0.65,,,,
2026-01-06 03:02:38.022000+00:00,2026-01-06 03:02:38.010922+00:00,158.022,0.355,0.35,0.36,0.645,0.64,0.65,,,,
2026-01-06 03:02:39.014000+00:00,2026-01-06 03:02:39.021356+00:00,159.014,0.3399999999999999,0.33,0.35,0.665,0.66,0.67,,,,
2026-01-06 03:02:40.992000+00:00,2026-01-06 03:02:41.041447+00:00,160.992,0.3399999999999999,0.33,0.35,0.66,0.65,0.67,,,,
2026-01-06 03:02:42.034000+00:00,2026-01-06 03:02:42.046086+00:00,162.034,0.3399999999999999,0.33,0.35,0.66,0.65,0.67,,,,
2026-01-06 03:02:43.005000+00:00,2026-01-06 03:02:43.056843+00:00,163.005,0.3399999999999999,0.33,0.35,0.66,0.65,0.67,,,,
2026-01-06 03:02:44.122000+00:00,2026-01-06 03:02:44.119142+00:00,164.122,0.345,0.34,0.35,0.655,0.65,0.66,,,,
2026-01-06 03:02:45.001000+00:00,2026-01-06 03:02:45.134861+00:00,165.001,0.35,0.34,0.36,0.65,0.64,0.66,,,,
2026-01-06 03:02:46.176000+00:00,2026-01-06 03:02:46.143508+00:00,166.176,0.355,0.35,0.36,0.645,0.64,0.65,,,,
2026-01-06 03:02:47.069000+00:00,2026-01-06 03:02:47.152347+00:00,167.069,0.355,0.35,0.36,0.645,0.64,0.65,,,,
2026-01-06 03:02:48.129000+00:00,2026-01-06 03:02:48.148034+00:00,168.129,0.355,0.35,0.36,0.645,0.64,0.65,,,,
2026-01-06 03:02:49.008000+00:00,2026-01-06 03:02:49.158372+00:00,169.008,0.355,0.35,0.36,0.645,0.64,0.65,,,,
2026-01-06 03:02:50.164000+00:00,2026-01-06 03:02:50.176591+00:00,170.164,0.355,0.35,0.36,0.65,0.64,0.66,,,,
2026-01-06 03:02:51.175000+00:00,2026-01-06 03:02:51.179356+00:00,171.175,0.35,0.34,0.36,0.645,0.64,0.65,,,,
2026-01-06 03:02:52.038000+00:00,2026-01-06 03:02:52.195818+00:00,172.038,0.355,0.35,0.36,0.645,0.64,0.65,,,,
2026-01-06 03:02:53.190000+00:00,2026-01-06 03:02:53.218897+00:00,173.19,0.355,0.35,0.36,0.645,0.64,0.65,,,,
2026-01-06 03:02:54.202000+00:00,2026-01-06 03:02:54.215349+00:00,174.202,0.355,0.35,0.36,0.645,0.64,0.65,,,,
2026-01-06 03:02:55.195000+00:00,2026-01-06 03:02:55.214922+00:00,175.195,0.355,0.35,0.36,0.645,0.64,0.65,,,,
2026-01-06 03:02:56.190000+00:00,2026-01-06 03:02:56.221972+00:00,176.19,0.355,0.35,0.36,0.645,0.64,0.65,,,,
2026-01-06 03:02:57.225000+00:00,2026-01-06 03:02:57.232575+00:00,177.225,0.335,0.33,0.34,0.67,0.66,0.68,,,,
2026-01-06 03:02:58.186000+00:00,2026-01-06 03:02:58.231321+00:00,178.186,0.33,0.32,0.34,0.67,0.66,0.68,,,,
2026-01-06 03:02:59.223000+00:00,2026-01-06 03:02:59.251413+00:00,179.223,0.33,0.32,0.34,0.67,0.66,0.68,,,,
2026-01-06 03:03:00.084000+00:00,2026-01-06 03:03:00.238761+00:00,180.084,0.33,0.32,0.34,0.67,0.66,0.68,,,,
2026-01-06 03:03:01.191000+00:00,2026-01-06 03:03:01.236253+00:00,181.191,0.33,0.32,0.34,0.67,0.66,0.68,,,,
2026-01-06 03:03:02.160000+00:00,2026-01-06 03:03:02.231569+00:00,182.16,0.33,0.32,0.34,0.67,0.66,0.68,,,,
2026-01-06 03:03:03.225000+00:00,2026-01-06 03:03:03.230223+00:00,183.225,0.355,0.35,0.36,0.615,0.61,0.62,,,,
2026-01-06 03:03:04.419000+00:00,2026-01-06 03:03:04.427064+00:00,184.419,0.455,0.45,0.46,0.545,0.54,0.55,,,,
2026-01-06 03:03:05.375000+00:00,2026-01-06 03:03:05.440860+00:00,185.375,0.455,0.45,0.46,0.555,0.55,0.56,,,,
2026-01-06 03:03:06.345000+00:00,2026-01-06 03:03:06.447309+00:00,186.345,0.445,0.44,0.45,0.555,0.55,0.56,,,,
2026-01-06 03:03:07.311000+00:00,2026-01-06 03:03:07.446031+00:00,187.311,0.445,0.44,0.45,0.555,0.55,0.56,,,,
2026-01-06 03:03:08.445000+00:00,2026-01-06 03:03:08.448492+00:00,188.445,0.455,0.45,0.46,0.545,0.54,0.55,,,,
2026-01-06 03:03:09.451000+00:00,2026-01-06 03:03:09.454614+00:00,189.451,0.455,0.45,0.46,0.545,0.54,0.55,,,,
2026-01-06 03:03:10.452000+00:00,2026-01-06 03:03:10.462138+00:00,190.452,0.485,0.48,0.49,0.515,0.51,0.52,,,,
2026-01-06 03:03:11.424000+00:00,2026-01-06 03:03:11.478685+00:00,191.424,0.485,0.48,0.49,0.515,0.51,0.52,,,,
2026-01-06 03:03:12.361000+00:00,2026-01-06 03:03:12.481885+00:00,192.361,0.485,0.48,0.49,0.515,0.51,0.52,,,,
2026-01-06 03:03:13.491000+00:00,2026-01-06 03:03:13.497725+00:00,193.491,0.485,0.48,0.49,0.515,0.51,0.52,,,,
2026-01-06 03:03:14.571000+00:00,2026-01-06 03:03:14.541005+00:00,194.571,0.485,0.48,0.49,0.495,0.49,0.5,,,,
2026-01-06 03:03:15.548000+00:00,2026-01-06 03:03:15.553247+00:00,195.548,0.525,0.52,0.53,0.475,0.47,0.48,,,,
2026-01-06 03:03:16.563000+00:00,2026-01-06 03:03:16.573126+00:00,196.563,0.525,0.52,0.53,0.475,0.47,0.48,,,,
2026-01-06 03:03:17.578000+00:00,2026-01-06 03:03:17.583456+00:00,197.578,0.525,0.52,0.53,0.475,0.47,0.48,,,,
2026-01-06 03:03:18.575000+00:00,2026-01-06 03:03:18.574084+00:00,198.575,0.525,0.52,0.53,0.475,0.47,0.48,,,,
2026-01-06 03:03:19.486000+00:00,2026-01-06 03:03:19.580514+00:00,199.486,0.525,0.52,0.53,0.475,0.47,0.48,,,,
2026-01-06 03:03:20.526000+00:00,2026-01-06 03:03:20.577639+00:00,200.526,0.505,0.5,0.51,0.495,0.49,0.5,,,,
2026-01-06 03:03:21.652000+00:00,2026-01-06 03:03:21.656801+00:00,201.652,0.515,0.51,0.52,0.48,0.47,0.49,,,,
2026-01-06 03:03:22.635000+00:00,2026-01-06 03:03:22.645919+00:00,202.635,0.525,0.52,0.53,0.475,0.47,0.48,,,,
2026-01-06 03:03:23.655000+00:00,2026-01-06 03:03:23.648743+00:00,203.655,0.53,0.52,0.54,0.475,0.47,0.48,,,,
2026-01-06 03:03:24.614000+00:00,2026-01-06 03:03:24.654100+00:00,204.614,0.52,0.51,0.53,0.475,0.47,0.48,,,,
2026-01-06 03:03:25.661000+00:00,2026-01-06 03:03:25.668599+00:00,205.661,0.525,0.52,0.53,0.47,0.46,0.48,,,,
2026-01-06 03:03:26.631000+00:00,2026-01-06 03:03:26.664676+00:00,206.631,0.53,0.52,0.54,0.47,0.46,0.48,,,,
2026-01-06 03:03:27.675000+00:00,2026-01-06 03:03:27.678801+00:00,207.675,0.515,0.51,0.52,0.485,0.48,0.49,,,,
2026-01-06 03:03:28.693000+00:00,2026-01-06 03:03:28.683903+00:00,208.693,0.485,0.48,0.49,0.525,0.52,0.53,,,,
2026-01-06 03:03:29.674000+00:00,2026-01-06 03:03:29.679245+00:00,209.674,0.4649999999999999,0.46,0.47,0.535,0.53,0.54,,,,
2026-01-06 03:03:30.661000+00:00,2026-01-06 03:03:30.679449+00:00,210.661,0.4649999999999999,0.46,0.47,0.535,0.53,0.54,,,,
2026-01-06 03:03:31.660000+00:00,2026-01-06 03:03:31.672175+00:00,211.66,0.455,0.45,0.46,0.545,0.54,0.55,,,,
2026-01-06 03:03:32.659000+00:00,2026-01-06 03:03:32.659420+00:00,212.659,0.455,0.45,0.46,0.565,0.56,0.57,,,,
2026-01-06 03:03:33.663000+00:00,2026-01-06 03:03:33.661162+00:00,213.663,0.435,0.43,0.44,0.585,0.58,0.59,,,,
2026-01-06 03:03:34.665000+00:00,2026-01-06 03:03:34.664142+00:00,214.665,0.415,0.41,0.42,0.585,0.58,0.59,,,,
2026-01-06 03:03:35.655000+00:00,2026-01-06 03:03:35.668946+00:00,215.655,0.385,0.38,0.39,0.615,0.61,0.62,,,,
2026-01-06 03:03:36.669000+00:00,2026-01-06 03:03:36.683049+00:00,216.669,0.385,0.38,0.39,0.615,0.61,0.62,,,,
2026-01-06 03:03:37.621000+00:00,2026-01-06 03:03:37.694758+00:00,217.621,0.385,0.38,0.39,0.615,0.61,0.62,,,,
2026-01-06 03:03:38.687000+00:00,2026-01-06 03:03:38.691340+00:00,218.687,0.375,0.37,0.38,0.625,0.62,0.63,,,,
2026-01-06 03:03:39.592000+00:00,2026-01-06 03:03:39.704772+00:00,219.592,0.375,0.37,0.38,0.625,0.62,0.63,,,,
2026-01-06 03:03:40.687000+00:00,2026-01-06 03:03:40.688479+00:00,220.687,0.415,0.41,0.42,0.585,0.58,0.59,,,,
2026-01-06 03:03:41.667000+00:00,2026-01-06 03:03:41.673515+00:00,221.667,0.395,0.39,0.4,0.605,0.6,0.61,,,,
2026-01-06 03:03:42.643000+00:00,2026-01-06 03:03:42.674103+00:00,222.643,0.395,0.39,0.4,0.605,0.6,0.61,,,,
2026-01-06 03:03:43.642000+00:00,2026-01-06 03:03:43.690503+00:00,223.642,0.395,0.39,0.4,0.605,0.6,0.61,,,,
2026-01-06 03:03:44.685000+00:00,2026-01-06 03:03:44.699407+00:00,224.685,0.385,0.38,0.39,0.615,0.61,0.62,,,,
2026-01-06 03:03:45.611000+00:00,2026-01-06 03:03:45.696337+00:00,225.611,0.385,0.38,0.39,0.615,0.61,0.62,,,,
2026-01-06 03:03:46.707000+00:00,2026-01-06 03:03:46.713868+00:00,226.707,0.385,0.38,0.39,0.615,0.61,0.62,,,,
2026-01-06 03:03:47.719000+00:00,2026-01-06 03:03:47.725929+00:00,227.719,0.385,0.38,0.39,0.615,0.61,0.62,,,,
2026-01-06 03:03:48.736000+00:00,2026-01-06 03:03:48.740992+00:00,228.736,0.365,0.36,0.37,0.635,0.63,0.64,,,,
2026-01-06 03:03:49.708000+00:00,2026-01-06 03:03:49.760712+00:00,229.708,0.365,0.36,0.37,0.635,0.63,0.64,,,,
2026-01-06 03:03:50.633000+00:00,2026-01-06 03:03:50.762651+00:00,230.633,0.365,0.36,0.37,0.635,0.63,0.64,,,,
2026-01-06 03:03:51.806000+00:00,2026-01-06 03:03:51.778350+00:00,231.806,0.41,0.4,0.42,0.595,0.59,0.6,,,,
2026-01-06 03:03:52.751000+00:00,2026-01-06 03:03:52.791403+00:00,232.751,0.41,0.4,0.42,0.59,0.58,0.6,,,,
2026-01-06 03:03:53.711000+00:00,2026-01-06 03:03:53.794133+00:00,233.711,0.41,0.4,0.42,0.59,0.58,0.6,,,,
2026-01-06 03:03:54.806000+00:00,2026-01-06 03:03:54.795233+00:00,234.806,0.41,0.4,0.42,0.59,0.58,0.6,,,,
2026-01-06 03:03:55.732000+00:00,2026-01-06 03:03:55.780299+00:00,235.732,0.41,0.4,0.42,0.59,0.58,0.6,,,,
2026-01-06 03:03:56.617000+00:00,2026-01-06 03:03:56.764444+00:00,236.617,0.41,0.4,0.42,0.59,0.58,0.6,,,,
2026-01-06 03:03:57.672000+00:00,2026-01-06 03:03:57.765086+00:00,237.672,0.41,0.4,0.42,0.59,0.58,0.6,,,,
2026-01-06 03:03:58.739000+00:00,2026-01-06 03:03:58.760599+00:00,238.739,0.415,0.41,0.42,0.585,0.58,0.59,,,,
2026-01-06 03:03:59.718000+00:00,2026-01-06 03:03:59.761110+00:00,239.718,0.415,0.41,0.42,0.585,0.58,0.59,,,,
2026-01-06 03:04:00.797000+00:00,2026-01-06 03:04:00.785528+00:00,240.797,0.43,0.42,0.44,0.565,0.56,0.57,,,,
2026-01-06 03:04:01.791000+00:00,2026-01-06 03:04:01.793986+00:00,241.791,0.495,0.49,0.5,0.505,0.5,0.51,,,,
2026-01-06 03:04:02.797000+00:00,2026-01-06 03:04:02.809065+00:00,242.797,0.515,0.51,0.52,0.485,0.48,0.49,,,,
2026-01-06 03:04:03.795000+00:00,2026-01-06 03:04:03.810516+00:00,243.795,0.51,0.5,0.52,0.49,0.48,0.5,,,,
2026-01-06 03:04:04.803000+00:00,2026-01-06 03:04:04.812229+00:00,244.803,0.515,0.51,0.52,0.485,0.48,0.49,,,,
2026-01-06 03:04:05.820000+00:00,2026-01-06 03:04:05.820696+00:00,245.82,0.515,0.51,0.52,0.505,0.5,0.51,,,,
2026-01-06 03:04:06.817000+00:00,2026-01-06 03:04:06.835516+00:00,246.817,0.495,0.49,0.5,0.505,0.5,0.51,,,,
2026-01-06 03:04:07.734000+00:00,2026-01-06 03:04:07.869126+00:00,247.734,0.5,0.49,0.51,0.5,0.49,0.51,,,,
2026-01-06 03:04:08.846000+00:00,2026-01-06 03:04:08.869020+00:00,248.846,0.505,0.5,0.51,0.49,0.48,0.5,,,,
2026-01-06 03:04:09.862000+00:00,2026-01-06 03:04:09.862324+00:00,249.862,0.535,0.53,0.54,0.4649999999999999,0.46,0.47,,,,
2026-01-06 03:04:10.783000+00:00,2026-01-06 03:04:10.875809+00:00,250.783,0.525,0.52,0.53,0.48,0.47,0.49,,,,
2026-01-06 03:04:11.909000+00:00,2026-01-06 03:04:11.876081+00:00,251.909,0.525,0.52,0.53,0.475,0.47,0.48,,,,
2026-01-06 03:04:12.578000+00:00,2026-01-06 03:04:12.890325+00:00,252.578,0.525,0.52,0.53,0.475,0.47,0.48,,,,
2026-01-06 03:04:13.814000+00:00,2026-01-06 03:04:13.895727+00:00,253.814,0.525,0.52,0.53,0.475,0.47,0.48,,,,
2026-01-06 03:04:15.798000+00:00,2026-01-06 03:04:15.927383+00:00,255.798,0.515,0.51,0.52,0.48,0.47,0.49,,,,
2026-01-06 03:04:16.488000+00:00,2026-01-06 03:04:16.926745+00:00,256.488,0.52,0.51,0.53,0.48,0.47,0.49,,,,
2026-01-06 03:04:17.926000+00:00,2026-01-06 03:04:17.928471+00:00,257.926,0.535,0.53,0.54,0.4649999999999999,0.46,0.47,,,,
2026-01-06 03:04:18.924000+00:00,2026-01-06 03:04:18.960537+00:00,258.924,0.535,0.53,0.54,0.4649999999999999,0.46,0.47,,,,
2026-01-06 03:04:19.963000+00:00,2026-01-06 03:04:19.970988+00:00,259.963,0.535,0.53,0.54,0.455,0.45,0.46,,,,
2026-01-06 03:04:20.922000+00:00,2026-01-06 03:04:20.974434+00:00,260.922,0.545,0.54,0.55,0.455,0.45,0.46,,,,
2026-01-06 03:04:21.950000+00:00,2026-01-06 03:04:21.983752+00:00,261.95,0.545,0.54,0.55,0.455,0.45,0.46,,,,
2026-01-06 03:04:22.974000+00:00,2026-01-06 03:04:23.001139+00:00,262.974,0.545,0.54,0.55,0.455,0.45,0.46,,,,
2026-01-06 03:04:23.989000+00:00,2026-01-06 03:04:24.003931+00:00,263.989,0.515,0.51,0.52,0.485,0.48,0.49,,,,
2026-01-06 03:04:25.963000+00:00,2026-01-06 03:04:26.026674+00:00,265.963,0.515,0.51,0.52,0.485,0.48,0.49,,,,
2026-01-06 03:04:27.071000+00:00,2026-01-06 03:04:27.075423+00:00,267.071,0.505,0.5,0.51,0.495,0.49,0.5,,,,
2026-01-06 03:04:28.277000+00:00,2026-01-06 03:04:28.308663+00:00,268.277,0.495,0.49,0.5,0.505,0.5,0.51,,,,
2026-01-06 03:04:29.189000+00:00,2026-01-06 03:04:29.296402+00:00,269.189,0.5,0.49,0.51,0.5,0.49,0.51,,,,
2026-01-06 03:04:30.304000+00:00,2026-01-06 03:04:30.300560+00:00,270.304,0.5,0.49,0.51,0.5,0.49,0.51,,,,
2026-01-06 03:04:31.030000+00:00,2026-01-06 03:04:31.320490+00:00,271.03,0.5,0.49,0.51,0.5,0.49,0.51,,,,
2026-01-06 03:04:32.324000+00:00,2026-01-06 03:04:32.319739+00:00,272.324,0.505,0.5,0.51,0.495,0.49,0.5,,,,
2026-01-06 03:04:33.330000+00:00,2026-01-06 03:04:33.331712+00:00,273.33,0.515,0.51,0.52,0.485,0.48,0.49,,,,
2026-01-06 03:04:34.008000+00:00,2026-01-06 03:04:34.348450+00:00,274.008,0.515,0.51,0.52,0.485,0.48,0.49,,,,
2026-01-06 03:04:35.353000+00:00,2026-01-06 03:04:35.351406+00:00,275.353,0.515,0.51,0.52,0.49,0.48,0.5,,,,
2026-01-06 03:04:36.315000+00:00,2026-01-06 03:04:36.369064+00:00,276.315,0.515,0.51,0.52,0.49,0.48,0.5,,,,
2026-01-06 03:04:37.385000+00:00,2026-01-06 03:04:37.379413+00:00,277.385,0.51,0.5,0.52,0.49,0.48,0.5,,,,
2026-01-06 03:04:38.354000+00:00,2026-01-06 03:04:38.396608+00:00,278.354,0.535,0.53,0.54,0.4599999999999999,0.45,0.47,,,,
2026-01-06 03:04:39.419000+00:00,2026-01-06 03:04:39.412615+00:00,279.419,0.585,0.58,0.59,0.42,0.41,0.43,,,,
2026-01-06 03:04:40.554000+00:00,2026-01-06 03:04:40.434577+00:00,280.554,0.58,0.57,0.59,0.42,0.41,0.43,,,,
2026-01-06 03:04:41.420000+00:00,2026-01-06 03:04:41.436434+00:00,281.42,0.58,0.57,0.59,0.42,0.41,0.43,,,,
2026-01-06 03:04:42.452000+00:00,2026-01-06 03:04:42.453687+00:00,282.452,0.585,0.58,0.59,0.415,0.41,0.42,,,,
2026-01-06 03:04:43.473000+00:00,2026-01-06 03:04:43.467372+00:00,283.473,0.6,0.59,0.61,0.405,0.4,0.41,,,,
2026-01-06 03:04:44.424000+00:00,2026-01-06 03:04:44.451671+00:00,284.424,0.575,0.57,0.58,0.425,0.42,0.43,,,,
2026-01-06 03:04:45.421000+00:00,2026-01-06 03:04:45.452438+00:00,285.421,0.58,0.57,0.59,0.42,0.41,0.43,,,,
2026-01-06 03:04:46.411000+00:00,2026-01-06 03:04:46.450092+00:00,286.411,0.595,0.59,0.6,0.41,0.4,0.42,,,,
2026-01-06 03:04:47.455000+00:00,2026-01-06 03:04:47.457094+00:00,287.455,0.615,0.61,0.62,0.385,0.38,0.39,,,,
2026-01-06 03:04:48.485000+00:00,2026-01-06 03:04:48.490420+00:00,288.485,0.625,0.62,0.63,0.375,0.37,0.38,,,,
2026-01-06 03:04:49.421000+00:00,2026-01-06 03:04:49.504090+00:00,289.421,0.625,0.61,0.64,0.375,0.36,0.39,,,,
2026-01-06 03:04:50.475000+00:00,2026-01-06 03:04:50.515038+00:00,290.475,0.63,0.62,0.64,0.37,0.36,0.38,,,,
2026-01-06 03:04:51.504000+00:00,2026-01-06 03:04:51.514719+00:00,291.504,0.63,0.62,0.64,0.37,0.36,0.38,,,,
2026-01-06 03:04:52.533000+00:00,2026-01-06 03:04:52.539037+00:00,292.533,0.645,0.64,0.65,0.345,0.34,0.35,,,,
2026-01-06 03:04:53.535000+00:00,2026-01-06 03:04:53.537740+00:00,293.535,0.645,0.64,0.65,0.355,0.35,0.36,,,,
2026-01-06 03:04:54.773000+00:00,2026-01-06 03:04:54.801574+00:00,294.773,0.645,0.64,0.65,0.355,0.35,0.36,,,,
2026-01-06 03:04:55.802000+00:00,2026-01-06 03:04:55.805338+00:00,295.802,0.655,0.65,0.66,0.345,0.34,0.35,,,,
2026-01-06 03:04:56.687000+00:00,2026-01-06 03:04:56.803688+00:00,296.687,0.655,0.65,0.66,0.345,0.34,0.35,,,,
2026-01-06 03:04:57.753000+00:00,2026-01-06 03:04:57.834928+00:00,297.753,0.655,0.65,0.66,0.345,0.34,0.35,,,,
2026-01-06 03:04:58.845000+00:00,2026-01-06 03:04:58.844683+00:00,298.845,0.665,0.66,0.67,0.33,0.32,0.34,,,,
2026-01-06 03:04:59.758000+00:00,2026-01-06 03:04:59.850498+00:00,299.758,0.655,0.65,0.66,0.345,0.34,0.35,,,,
2026-01-06 03:05:00.854000+00:00,2026-01-06 03:05:00.871786+00:00,300.854,0.605,0.6,0.61,0.395,0.39,0.4,,,,
2026-01-06 03:05:01.824000+00:00,2026-01-06 03:05:01.873907+00:00,301.824,0.585,0.58,0.59,0.435,0.43,0.44,,,,
2026-01-06 03:05:02.856000+00:00,2026-01-06 03:05:02.892593+00:00,302.856,0.565,0.56,0.57,0.44,0.43,0.45,,,,
2026-01-06 03:05:03.839000+00:00,2026-01-06 03:05:03.954879+00:00,303.839,0.565,0.56,0.57,0.435,0.43,0.44,,,,
2026-01-06 03:05:04.937000+00:00,2026-01-06 03:05:04.978330+00:00,304.937,0.585,0.58,0.59,0.415,0.41,0.42,,,,
2026-01-06 03:05:06.910000+00:00,2026-01-06 03:05:06.990929+00:00,306.91,0.585,0.58,0.59,0.415,0.41,0.42,,,,
2026-01-06 03:05:07.975000+00:00,2026-01-06 03:05:07.998185+00:00,307.975,0.585,0.58,0.59,0.415,0.41,0.42,,,,
2026-01-06 03:05:09.001000+00:00,2026-01-06 03:05:09.008759+00:00,309.001,0.585,0.58,0.59,0.415,0.41,0.42,,,,
2026-01-06 03:05:10.999000+00:00,2026-01-06 03:05:11.003448+00:00,310.999,0.545,0.54,0.55,0.455,0.45,0.46,,,,
2026-01-06 03:05:11.982000+00:00,2026-01-06 03:05:11.983975+00:00,311.982,0.635,0.62,0.65,0.365,0.36,0.37,,,,
2026-01-06 03:05:12.966000+00:00,2026-01-06 03:05:12.966822+00:00,312.966,0.655,0.65,0.66,0.345,0.34,0.35,,,,
2026-01-06 03:05:14.033000+00:00,2026-01-06 03:05:14.015978+00:00,314.033,0.66,0.65,0.67,0.345,0.34,0.35,,,,
2026-01-06 03:05:15.003000+00:00,2026-01-06 03:05:15.008363+00:00,315.003,0.665,0.66,0.67,0.33,0.32,0.34,,,,
2026-01-06 03:05:16.001000+00:00,2026-01-06 03:05:16.020474+00:00,316.001,0.685,0.68,0.69,0.315,0.31,0.32,,,,
2026-01-06 03:05:17.016000+00:00,2026-01-06 03:05:17.016566+00:00,317.016,0.685,0.68,0.69,0.295,0.29,0.3,,,,
2026-01-06 03:05:18.981000+00:00,2026-01-06 03:05:19.016364+00:00,318.981,0.725,0.72,0.73,0.27,0.26,0.28,,,,
2026-01-06 03:05:20.015000+00:00,2026-01-06 03:05:20.020059+00:00,320.015,0.735,0.73,0.74,0.265,0.26,0.27,,,,
2026-01-06 03:05:21.999000+00:00,2026-01-06 03:05:22.040703+00:00,321.999,0.745,0.74,0.75,0.255,0.25,0.26,,,,
2026-01-06 03:05:23.108000+00:00,2026-01-06 03:05:23.074304+00:00,323.108,0.755,0.75,0.76,0.235,0.23,0.24,,,,
2026-01-06 03:05:24.030000+00:00,2026-01-06 03:05:24.077172+00:00,324.03,0.785,0.78,0.79,0.215,0.21,0.22,,,,
2026-01-06 03:05:25.087000+00:00,2026-01-06 03:05:25.081111+00:00,325.087,0.79,0.78,0.8,0.205,0.2,0.21,,,,
2026-01-06 03:05:26.075000+00:00,2026-01-06 03:05:26.086986+00:00,326.075,0.805,0.8,0.81,0.21,0.2,0.22,,,,
2026-01-06 03:05:27.089000+00:00,2026-01-06 03:05:27.091977+00:00,327.089,0.775,0.77,0.78,0.215,0.21,0.22,,,,
2026-01-06 03:05:28.073000+00:00,2026-01-06 03:05:28.091979+00:00,328.073,0.8,0.79,0.81,0.2,0.19,0.21,,,,
2026-01-06 03:05:29.003000+00:00,2026-01-06 03:05:29.090164+00:00,329.003,0.8,0.79,0.81,0.195,0.19,0.2,,,,
2026-01-06 03:05:30.096000+00:00,2026-01-06 03:05:30.107571+00:00,330.096,0.81,0.8,0.82,0.185,0.18,0.19,,,,
2026-01-06 03:05:31.059000+00:00,2026-01-06 03:05:31.112955+00:00,331.059,0.8200000000000001,0.81,0.83,0.18,0.17,0.19,,,,
2026-01-06 03:05:32.099000+00:00,2026-01-06 03:05:32.119096+00:00,332.099,0.815,0.81,0.82,0.21,0.2,0.22,,,,
2026-01-06 03:05:33.145000+00:00,2026-01-06 03:05:33.141428+00:00,333.145,0.81,0.8,0.82,0.19,0.18,0.2,,,,
2026-01-06 03:05:34.138000+00:00,2026-01-06 03:05:34.157881+00:00,334.138,0.825,0.82,0.83,0.175,0.17,0.18,,,,
2026-01-06 03:05:35.142000+00:00,2026-01-06 03:05:35.157692+00:00,335.142,0.835,0.83,0.84,0.165,0.16,0.17,,,,
2026-01-06 03:05:36.179000+00:00,2026-01-06 03:05:36.174938+00:00,336.179,0.835,0.83,0.84,0.18,0.17,0.19,,,,
2026-01-06 03:05:37.179000+00:00,2026-01-06 03:05:37.189142+00:00,337.179,0.81,0.8,0.82,0.195,0.18,0.21,,,,
2026-01-06 03:05:38.229000+00:00,2026-01-06 03:05:38.230378+00:00,338.229,0.8,0.79,0.81,0.19,0.18,0.2,,,,
2026-01-06 03:05:39.178000+00:00,2026-01-06 03:05:39.230171+00:00,339.178,0.81,0.8,0.82,0.19,0.18,0.2,,,,
2026-01-06 03:05:40.226000+00:00,2026-01-06 03:05:40.245107+00:00,340.226,0.845,0.84,0.85,0.155,0.15,0.16,,,,
2026-01-06 03:05:41.284000+00:00,2026-01-06 03:05:41.286241+00:00,341.284,0.855,0.85,0.86,0.145,0.14,0.15,,,,
2026-01-06 03:05:42.238000+00:00,2026-01-06 03:05:42.301133+00:00,342.238,0.855,0.85,0.86,0.155,0.14,0.17,,,,
2026-01-06 03:05:43.275000+00:00,2026-01-06 03:05:43.304480+00:00,343.275,0.835,0.83,0.84,0.165,0.16,0.17,,,,
2026-01-06 03:05:44.326000+00:00,2026-01-06 03:05:44.330035+00:00,344.326,0.835,0.83,0.84,0.165,0.16,0.17,,,,
2026-01-06 03:05:45.307000+00:00,2026-01-06 03:05:45.333245+00:00,345.307,0.84,0.83,0.85,0.16,0.15,0.17,,,,
2026-01-06 03:05:46.287000+00:00,2026-01-06 03:05:46.339359+00:00,346.287,0.855,0.85,0.86,0.145,0.14,0.15,,,,
2026-01-06 03:05:47.351000+00:00,2026-01-06 03:05:47.357053+00:00,347.351,0.86,0.85,0.87,0.14,0.13,0.15,,,,
2026-01-06 03:05:48.368000+00:00,2026-01-06 03:05:48.358818+00:00,348.368,0.86,0.85,0.87,0.14,0.13,0.15,,,,
2026-01-06 03:05:49.334000+00:00,2026-01-06 03:05:49.379025+00:00,349.334,0.855,0.85,0.86,0.15,0.14,0.16,,,,
2026-01-06 03:05:50.582000+00:00,2026-01-06 03:05:50.614646+00:00,350.582,0.855,0.85,0.86,0.145,0.14,0.15,,,,
2026-01-06 03:05:51.483000+00:00,2026-01-06 03:05:51.622884+00:00,351.483,0.865,0.86,0.87,0.135,0.13,0.14,,,,
2026-01-06 03:05:52.636000+00:00,2026-01-06 03:05:52.640248+00:00,352.636,0.855,0.85,0.86,0.155,0.15,0.16,,,,
2026-01-06 03:05:53.644000+00:00,2026-01-06 03:05:53.644109+00:00,353.644,0.835,0.83,0.84,0.1699999999999999,0.16,0.18,,,,
2026-01-06 03:05:54.603000+00:00,2026-01-06 03:05:54.655261+00:00,354.603,0.83,0.82,0.84,0.1699999999999999,0.16,0.18,,,,
2026-01-06 03:05:55.613000+00:00,2026-01-06 03:05:55.678712+00:00,355.613,0.83,0.82,0.84,0.1699999999999999,0.16,0.18,,,,
2026-01-06 03:05:56.677000+00:00,2026-01-06 03:05:56.688031+00:00,356.677,0.83,0.82,0.84,0.1699999999999999,0.16,0.18,,,,
2026-01-06 03:05:57.683000+00:00,2026-01-06 03:05:57.695367+00:00,357.683,0.83,0.82,0.84,0.1699999999999999,0.16,0.18,,,,
2026-01-06 03:05:58.688000+00:00,2026-01-06 03:05:58.702389+00:00,358.688,0.83,0.82,0.84,0.1699999999999999,0.16,0.18,,,,
2026-01-06 03:05:59.673000+00:00,2026-01-06 03:05:59.701002+00:00,359.673,0.8200000000000001,0.81,0.83,0.18,0.17,0.19,,,,
2026-01-06 03:06:00.709000+00:00,2026-01-06 03:06:00.715007+00:00,360.709,0.795,0.79,0.8,0.205,0.2,0.21,,,,
2026-01-06 03:06:01.723000+00:00,2026-01-06 03:06:01.725130+00:00,361.723,0.765,0.76,0.77,0.235,0.23,0.24,,,,
2026-01-06 03:06:02.727000+00:00,2026-01-06 03:06:02.720527+00:00,362.727,0.805,0.8,0.81,0.195,0.19,0.2,,,,
2026-01-06 03:06:03.727000+00:00,2026-01-06 03:06:03.734420+00:00,363.727,0.795,0.79,0.8,0.205,0.2,0.21,,,,
2026-01-06 03:06:04.965000+00:00,2026-01-06 03:06:04.872481+00:00,364.965,0.785,0.78,0.79,0.22,0.21,0.23,,,,
2026-01-06 03:06:05.827000+00:00,2026-01-06 03:06:05.889037+00:00,365.827,0.785,0.78,0.79,0.215,0.21,0.22,,,,
2026-01-06 03:06:06.892000+00:00,2026-01-06 03:06:06.905170+00:00,366.892,0.79,0.78,0.8,0.21,0.2,0.22,,,,
2026-01-06 03:06:07.897000+00:00,2026-01-06 03:06:07.967089+00:00,367.897,0.785,0.78,0.79,0.215,0.21,0.22,,,,
2026-01-06 03:06:08.949000+00:00,2026-01-06 03:06:08.967311+00:00,368.949,0.785,0.78,0.79,0.215,0.21,0.22,,,,
2026-01-06 03:06:09.967000+00:00,2026-01-06 03:06:09.975812+00:00,369.967,0.78,0.77,0.79,0.2299999999999999,0.22,0.24,,,,
2026-01-06 03:06:10.988000+00:00,2026-01-06 03:06:10.991199+00:00,370.988,0.765,0.76,0.77,0.235,0.23,0.24,,,,
2026-01-06 03:06:11.979000+00:00,2026-01-06 03:06:11.985568+00:00,371.979,0.765,0.76,0.77,0.235,0.23,0.24,,,,
2026-01-06 03:06:12.865000+00:00,2026-01-06 03:06:12.972554+00:00,372.865,0.775,0.77,0.78,0.225,0.22,0.23,,,,
2026-01-06 03:06:13.938000+00:00,2026-01-06 03:06:13.970950+00:00,373.938,0.775,0.77,0.78,0.215,0.21,0.22,,,,
2026-01-06 03:06:14.979000+00:00,2026-01-06 03:06:14.974723+00:00,374.979,0.785,0.78,0.79,0.215,0.21,0.22,,,,
2026-01-06 03:06:15.957000+00:00,2026-01-06 03:06:15.969476+00:00,375.957,0.785,0.78,0.79,0.215,0.21,0.22,,,,
2026-01-06 03:06:16.981000+00:00,2026-01-06 03:06:16.978242+00:00,376.981,0.78,0.77,0.79,0.22,0.21,0.23,,,,
2026-01-06 03:06:17.986000+00:00,2026-01-06 03:06:17.991966+00:00,377.986,0.77,0.76,0.78,0.2299999999999999,0.22,0.24,,,,
2026-01-06 03:06:19.053000+00:00,2026-01-06 03:06:19.005597+00:00,379.053,0.785,0.78,0.79,0.215,0.21,0.22,,,,
2026-01-06 03:06:20.015000+00:00,2026-01-06 03:06:20.034222+00:00,380.015,0.785,0.78,0.79,0.215,0.21,0.22,,,,
2026-01-06 03:06:21.022000+00:00,2026-01-06 03:06:21.029586+00:00,381.022,0.785,0.78,0.79,0.215,0.21,0.22,,,,
2026-01-06 03:06:22.962000+00:00,2026-01-06 03:06:23.039130+00:00,382.962,0.79,0.78,0.8,0.21,0.2,0.22,,,,
2026-01-06 03:06:24.003000+00:00,2026-01-06 03:06:24.038188+00:00,384.003,0.79,0.78,0.8,0.21,0.2,0.22,,,,
2026-01-06 03:06:25.087000+00:00,2026-01-06 03:06:25.044685+00:00,385.087,0.79,0.78,0.8,0.21,0.2,0.22,,,,
2026-01-06 03:06:26.025000+00:00,2026-01-06 03:06:26.054512+00:00,386.025,0.79,0.78,0.8,0.205,0.2,0.21,,,,
2026-01-06 03:06:27.043000+00:00,2026-01-06 03:06:27.071801+00:00,387.043,0.795,0.79,0.8,0.205,0.2,0.21,,,,
2026-01-06 03:06:28.042000+00:00,2026-01-06 03:06:28.103709+00:00,388.042,0.8,0.79,0.81,0.2,0.19,0.21,,,,
2026-01-06 03:06:29.104000+00:00,2026-01-06 03:06:29.109675+00:00,389.104,0.825,0.82,0.83,0.175,0.17,0.18,,,,
2026-01-06 03:06:30.118000+00:00,2026-01-06 03:06:30.123053+00:00,390.118,0.81,0.8,0.82,0.185,0.18,0.19,,,,
2026-01-06 03:06:31.127000+00:00,2026-01-06 03:06:31.137963+00:00,391.127,0.825,0.82,0.83,0.175,0.17,0.18,,,,
2026-01-06 03:06:32.120000+00:00,2026-01-06 03:06:32.138386+00:00,392.12,0.825,0.82,0.83,0.175,0.17,0.18,,,,
2026-01-06 03:06:33.086000+00:00,2026-01-06 03:06:33.141335+00:00,393.086,0.825,0.82,0.83,0.175,0.17,0.18,,,,
2026-01-06 03:10:51.102000+00:00,2026-01-06 03:10:51.355172+00:00,651.102,0.685,0.68,0.69,0.315,0.31,0.32,,,,
2026-01-06 03:10:52.363000+00:00,2026-01-06 03:10:52.355735+00:00,652.363,0.675,0.67,0.68,0.325,0.32,0.33,,,,
2026-01-06 03:10:53.493000+00:00,2026-01-06 03:10:53.498385+00:00,653.493,0.675,0.67,0.68,0.325,0.32,0.33,,,,
2026-01-06 03:10:54.653000+00:00,2026-01-06 03:10:54.646276+00:00,654.653,0.6,0.59,0.61,0.4,0.39,0.41,,,,
2026-01-06 03:10:55.895000+00:00,2026-01-06 03:10:55.913955+00:00,655.895,0.615,0.61,0.62,0.385,0.38,0.39,,,,
2026-01-06 03:10:57.090000+00:00,2026-01-06 03:10:57.094476+00:00,657.09,0.615,0.61,0.62,0.385,0.38,0.39,,,,
2026-01-06 03:10:58.092000+00:00,2026-01-06 03:10:58.101303+00:00,658.092,0.605,0.6,0.61,0.395,0.39,0.4,,,,
2026-01-06 03:10:59.101000+00:00,2026-01-06 03:10:59.111472+00:00,659.101,0.585,0.58,0.59,0.415,0.41,0.42,,,,
2026-01-06 03:11:03.367000+00:00,2026-01-06 03:11:03.369881+00:00,663.367,0.615,0.61,0.62,0.395,0.39,0.4,,,,
2026-01-06 03:11:04.359000+00:00,2026-01-06 03:11:04.431295+00:00,664.359,0.595,0.59,0.6,0.405,0.4,0.41,,,,
2026-01-06 03:11:05.493000+00:00,2026-01-06 03:11:05.422757+00:00,665.493,0.595,0.59,0.6,0.405,0.4,0.41,,,,
2026-01-06 03:11:06.426000+00:00,2026-01-06 03:11:06.447337+00:00,666.426,0.6,0.59,0.61,0.4,0.39,0.41,,,,
2026-01-06 03:11:07.435000+00:00,2026-01-06 03:11:07.455595+00:00,667.435,0.595,0.59,0.6,0.405,0.4,0.41,,,,
2026-01-06 03:11:08.409000+00:00,2026-01-06 03:11:08.466405+00:00,668.409,0.595,0.59,0.6,0.405,0.4,0.41,,,,
2026-01-06 03:11:09.341000+00:00,2026-01-06 03:11:09.519430+00:00,669.341,0.595,0.59,0.6,0.405,0.4,0.41,,,,
2026-01-06 03:11:10.490000+00:00,2026-01-06 03:11:10.516288+00:00,670.49,0.6,0.59,0.61,0.4,0.39,0.41,,,,
2026-01-06 03:11:11.433000+00:00,2026-01-06 03:11:11.523046+00:00,671.433,0.6,0.59,0.61,0.4,0.39,0.41,,,,
2026-01-06 03:11:12.495000+00:00,2026-01-06 03:11:12.533783+00:00,672.495,0.595,0.59,0.6,0.405,0.4,0.41,,,,
2026-01-06 03:11:13.502000+00:00,2026-01-06 03:11:13.541063+00:00,673.502,0.595,0.59,0.6,0.405,0.4,0.41,,,,
2026-01-06 03:11:14.519000+00:00,2026-01-06 03:11:14.547680+00:00,674.519,0.585,0.58,0.59,0.445,0.44,0.45,,,,
2026-01-06 03:11:15.539000+00:00,2026-01-06 03:11:15.550655+00:00,675.539,0.555,0.55,0.56,0.4599999999999999,0.45,0.47,,,,
2026-01-06 03:11:16.556000+00:00,2026-01-06 03:11:16.564325+00:00,676.556,0.525,0.52,0.53,0.475,0.47,0.48,,,,
2026-01-06 03:11:17.586000+00:00,2026-01-06 03:11:17.587027+00:00,677.586,0.525,0.52,0.53,0.49,0.48,0.5,,,,
2026-01-06 03:11:18.600000+00:00,2026-01-06 03:11:18.598679+00:00,678.6,0.505,0.5,0.51,0.495,0.49,0.5,,,,
2026-01-06 03:11:19.593000+00:00,2026-01-06 03:11:19.615443+00:00,679.593,0.485,0.48,0.49,0.515,0.51,0.52,,,,
2026-01-06 03:11:20.629000+00:00,2026-01-06 03:11:20.629651+00:00,680.629,0.445,0.44,0.45,0.555,0.55,0.56,,,,
2026-01-06 03:11:21.666000+00:00,2026-01-06 03:11:21.646598+00:00,681.666,0.43,0.42,0.44,0.575,0.57,0.58,,,,
2026-01-06 03:11:22.644000+00:00,2026-01-06 03:11:22.657850+00:00,682.644,0.43,0.42,0.44,0.5700000000000001,0.56,0.58,,,,
2026-01-06 03:11:23.634000+00:00,2026-01-06 03:11:23.661150+00:00,683.634,0.43,0.42,0.44,0.575,0.57,0.58,,,,
2026-01-06 03:11:24.968000+00:00,2026-01-06 03:11:24.979491+00:00,684.968,0.415,0.41,0.42,0.585,0.58,0.59,,,,
2026-01-06 03:11:26.695000+00:00,2026-01-06 03:11:26.707441+00:00,686.695,0.425,0.42,0.43,0.59,0.58,0.6,,,,
2026-01-06 03:11:28.866000+00:00,2026-01-06 03:11:28.880391+00:00,688.866,0.38,0.37,0.39,0.615,0.61,0.62,,,,
2026-01-06 03:11:29.899000+00:00,2026-01-06 03:11:29.922861+00:00,689.899,0.38,0.37,0.39,0.625,0.62,0.63,,,,
2026-01-06 03:11:30.915000+00:00,2026-01-06 03:11:30.929411+00:00,690.915,0.375,0.37,0.38,0.625,0.62,0.63,,,,
2026-01-06 03:11:32.089000+00:00,2026-01-06 03:11:32.090140+00:00,692.089,0.37,0.36,0.38,0.63,0.62,0.64,,,,
2026-01-06 03:11:33.064000+00:00,2026-01-06 03:11:33.094615+00:00,693.064,0.365,0.36,0.37,0.635,0.63,0.64,,,,
2026-01-06 03:11:34.612000+00:00,2026-01-06 03:11:34.602426+00:00,694.612,0.43,0.42,0.44,0.555,0.55,0.56,,,,
2026-01-06 03:11:36+00:00,2026-01-06 03:11:35.987382+00:00,696.0,0.435,0.43,0.44,0.565,0.56,0.57,,,,
2026-01-06 03:11:37.013000+00:00,2026-01-06 03:11:37.027477+00:00,697.013,0.425,0.42,0.43,0.575,0.57,0.58,,,,
2026-01-06 03:11:38.024000+00:00,2026-01-06 03:11:38.039325+00:00,698.024,0.405,0.4,0.41,0.605,0.6,0.61,,,,
2026-01-06 03:11:40.136000+00:00,2026-01-06 03:11:40.160468+00:00,700.136,0.405,0.4,0.41,0.595,0.59,0.6,,,,
2026-01-06 03:11:41.174000+00:00,2026-01-06 03:11:41.176766+00:00,701.174,0.39,0.38,0.4,0.61,0.6,0.62,,,,
2026-01-06 03:11:43.950000+00:00,2026-01-06 03:11:44.042708+00:00,703.95,0.385,0.38,0.39,0.615,0.61,0.62,,,,
2026-01-06 03:11:46.448000+00:00,2026-01-06 03:11:46.647131+00:00,706.448,0.39,0.38,0.4,0.61,0.6,0.62,,,,
2026-01-06 03:11:47.945000+00:00,2026-01-06 03:11:47.946153+00:00,707.945,0.38,0.37,0.39,0.62,0.61,0.63,,,,
2026-01-06 03:11:48.945000+00:00,2026-01-06 03:11:48.956322+00:00,708.945,0.38,0.37,0.39,0.62,0.61,0.63,,,,
2026-01-06 03:11:49.952000+00:00,2026-01-06 03:11:49.958267+00:00,709.952,0.385,0.38,0.39,0.615,0.61,0.62,,,,
2026-01-06 03:11:50.950000+00:00,2026-01-06 03:11:50.957596+00:00,710.95,0.395,0.39,0.4,0.605,0.6,0.61,,,,
2026-01-06 03:11:52.371000+00:00,2026-01-06 03:11:52.361925+00:00,712.371,0.395,0.39,0.4,0.605,0.6,0.61,,,,
2026-01-06 03:11:54.655000+00:00,2026-01-06 03:11:54.684366+00:00,714.655,0.36,0.35,0.37,0.64,0.63,0.65,,,,
2026-01-06 03:11:55.745000+00:00,2026-01-06 03:11:55.752507+00:00,715.745,0.355,0.35,0.36,0.645,0.64,0.65,,,,
2026-01-06 03:11:56.748000+00:00,2026-01-06 03:11:56.756445+00:00,716.748,0.33,0.32,0.34,0.67,0.66,0.68,,,,
2026-01-06 03:11:57.758000+00:00,2026-01-06 03:11:57.773503+00:00,717.758,0.33,0.32,0.34,0.67,0.66,0.68,,,,
2026-01-06 03:11:59.701000+00:00,2026-01-06 03:11:59.703932+00:00,719.701,0.3399999999999999,0.33,0.35,0.66,0.65,0.67,,,,
2026-01-06 03:12:04.653000+00:00,2026-01-06 03:12:04.756470+00:00,724.653,0.495,0.49,0.5,0.51,0.5,0.52,,,,
2026-01-06 03:12:07.271000+00:00,2026-01-06 03:12:07.289647+00:00,727.271,0.385,0.38,0.39,0.615,0.61,0.62,,,,
2026-01-06 03:12:10.686000+00:00,2026-01-06 03:12:10.705583+00:00,730.686,0.38,0.37,0.39,0.62,0.61,0.63,,,,
2026-01-06 03:12:11.657000+00:00,2026-01-06 03:12:11.733725+00:00,731.657,0.39,0.38,0.4,0.61,0.6,0.62,,,,
2026-01-06 03:12:12.594000+00:00,2026-01-06 03:12:12.741692+00:00,732.594,0.39,0.38,0.4,0.61,0.6,0.62,,,,
2026-01-06 03:12:13.712000+00:00,2026-01-06 03:12:13.767395+00:00,733.712,0.38,0.37,0.39,0.62,0.61,0.63,,,,
2026-01-06 03:12:18.291000+00:00,2026-01-06 03:12:18.320995+00:00,738.291,0.415,0.41,0.42,0.585,0.58,0.59,,,,
2026-01-06 03:12:22.666000+00:00,2026-01-06 03:12:22.727647+00:00,742.666,0.445,0.44,0.45,0.555,0.55,0.56,,,,
2026-01-06 03:12:27.164000+00:00,2026-01-06 03:12:26.968685+00:00,747.164,0.4649999999999999,0.46,0.47,0.535,0.53,0.54,,,,
2026-01-06 03:12:30.566000+00:00,2026-01-06 03:12:30.405886+00:00,750.566,0.415,0.41,0.42,0.585,0.58,0.59,,,,
2026-01-06 03:12:32.382000+00:00,2026-01-06 03:12:32.394106+00:00,752.382,0.42,0.41,0.43,0.58,0.57,0.59,,,,
2026-01-06 03:12:35.931000+00:00,2026-01-06 03:12:35.977477+00:00,755.931,0.405,0.4,0.41,0.595,0.59,0.6,,,,
2026-01-06 03:12:41.213000+00:00,2026-01-06 03:12:41.203615+00:00,761.213,0.425,0.42,0.43,0.575,0.57,0.58,,,,
2026-01-06 03:12:45.638000+00:00,2026-01-06 03:12:45.684583+00:00,765.638,0.275,0.27,0.28,0.725,0.72,0.73,,,,
2026-01-06 03:12:46.669000+00:00,2026-01-06 03:12:46.689745+00:00,766.669,0.295,0.29,0.3,0.705,0.7,0.71,,,,
2026-01-06 03:12:48.116000+00:00,2026-01-06 03:12:48.124430+00:00,768.116,0.28,0.27,0.29,0.705,0.7,0.71,,,,
2026-01-06 03:12:51.231000+00:00,2026-01-06 03:12:51.307468+00:00,771.231,0.27,0.26,0.28,0.73,0.72,0.74,,,,
2026-01-06 03:12:52.348000+00:00,2026-01-06 03:12:52.374749+00:00,772.348,0.27,0.26,0.28,0.73,0.72,0.74,,,,
2026-01-06 03:12:54.050000+00:00,2026-01-06 03:12:54.055716+00:00,774.05,0.27,0.26,0.28,0.73,0.72,0.74,,,,
2026-01-06 03:12:55.483000+00:00,2026-01-06 03:12:55.527926+00:00,775.483,0.275,0.26,0.29,0.73,0.72,0.74,,,,
2026-01-06 03:12:56.430000+00:00,2026-01-06 03:12:56.528267+00:00,776.43,0.285,0.28,0.29,0.715,0.71,0.72,,,,
2026-01-06 03:12:57.675000+00:00,2026-01-06 03:12:57.701691+00:00,777.675,0.29,0.28,0.3,0.71,0.7,0.72,,,,
2026-01-06 03:12:59.212000+00:00,2026-01-06 03:12:59.254181+00:00,779.212,0.27,0.26,0.28,0.73,0.72,0.74,,,,
2026-01-06 03:13:00.224000+00:00,2026-01-06 03:13:00.243374+00:00,780.224,0.27,0.26,0.28,0.725,0.72,0.73,,,,
2026-01-06 03:13:01.257000+00:00,2026-01-06 03:13:01.259447+00:00,781.257,0.28,0.27,0.29,0.735,0.71,0.76,,,,
2026-01-06 03:13:02.263000+00:00,2026-01-06 03:13:02.268419+00:00,782.263,0.275,0.27,0.28,0.72,0.71,0.73,,,,
2026-01-06 03:13:03.252000+00:00,2026-01-06 03:13:03.273088+00:00,783.252,0.275,0.27,0.28,0.725,0.72,0.73,,,,
2026-01-06 03:13:04.383000+00:00,2026-01-06 03:13:04.442083+00:00,784.383,0.265,0.26,0.27,0.735,0.73,0.74,,,,
2026-01-06 03:13:05.460000+00:00,2026-01-06 03:13:05.460592+00:00,785.46,0.245,0.24,0.25,0.755,0.75,0.76,,,,
2026-01-06 03:13:06.490000+00:00,2026-01-06 03:13:06.458739+00:00,786.49,0.235,0.23,0.24,0.765,0.76,0.77,,,,
2026-01-06 03:13:07.929000+00:00,2026-01-06 03:13:07.959569+00:00,787.929,0.225,0.2,0.25,0.785,0.77,0.8,,,,
2026-01-06 03:13:09.972000+00:00,2026-01-06 03:13:09.983764+00:00,789.972,0.2299999999999999,0.21,0.25,0.77,0.75,0.79,,,,
2026-01-06 03:13:10.983000+00:00,2026-01-06 03:13:10.983126+00:00,790.983,0.245,0.23,0.26,0.755,0.74,0.77,,,,
2026-01-06 03:13:12.191000+00:00,2026-01-06 03:13:12.177312+00:00,792.191,0.25,0.23,0.27,0.755,0.74,0.77,,,,
2026-01-06 03:13:13.306000+00:00,2026-01-06 03:13:13.367095+00:00,793.306,0.255,0.24,0.27,0.745,0.73,0.76,,,,
2026-01-06 03:13:14.811000+00:00,2026-01-06 03:13:14.952551+00:00,794.811,0.25,0.24,0.26,0.755,0.74,0.77,,,,
2026-01-06 03:13:15.942000+00:00,2026-01-06 03:13:15.970429+00:00,795.942,0.245,0.23,0.26,0.755,0.74,0.77,,,,
2026-01-06 03:13:17.721000+00:00,2026-01-06 03:13:17.720642+00:00,797.721,0.2299999999999999,0.22,0.24,0.77,0.76,0.78,,,,
2026-01-06 03:13:20.085000+00:00,2026-01-06 03:13:20.184985+00:00,800.085,0.24,0.23,0.25,0.76,0.75,0.77,,,,
2026-01-06 03:13:21.179000+00:00,2026-01-06 03:13:21.187067+00:00,801.179,0.2299999999999999,0.22,0.24,0.77,0.76,0.78,,,,
2026-01-06 03:13:22.680000+00:00,2026-01-06 03:13:22.764176+00:00,802.68,0.24,0.23,0.25,0.775,0.77,0.78,,,,
2026-01-06 03:13:24.254000+00:00,2026-01-06 03:13:24.332723+00:00,804.254,0.225,0.22,0.23,0.775,0.77,0.78,,,,
2026-01-06 03:13:25.311000+00:00,2026-01-06 03:13:25.349792+00:00,805.311,0.215,0.21,0.22,0.785,0.78,0.79,,,,
2026-01-06 03:13:26.343000+00:00,2026-01-06 03:13:26.354540+00:00,806.343,0.25,0.24,0.26,0.755,0.75,0.76,,,,
2026-01-06 03:13:27.366000+00:00,2026-01-06 03:13:27.366381+00:00,807.366,0.255,0.25,0.26,0.745,0.73,0.76,,,,
2026-01-06 03:13:28.695000+00:00,2026-01-06 03:13:28.708891+00:00,808.695,0.505,0.47,0.54,0.64,0.6,0.68,,,,
2026-01-06 03:13:30.259000+00:00,2026-01-06 03:13:30.277216+00:00,810.259,0.355,0.35,0.36,0.65,0.64,0.66,,,,
2026-01-06 03:13:31.759000+00:00,2026-01-06 03:13:31.776397+00:00,811.759,0.315,0.31,0.32,0.7,0.69,0.71,,,,
2026-01-06 03:13:33.413000+00:00,2026-01-06 03:13:33.406827+00:00,813.413,0.51,0.5,0.52,0.475,0.47,0.48,,,,
2026-01-06 03:13:34.420000+00:00,2026-01-06 03:13:34.431555+00:00,814.42,0.565,0.56,0.57,0.435,0.43,0.44,,,,
2026-01-06 03:13:36.831000+00:00,2026-01-06 03:13:36.841785+00:00,816.831,0.615,0.6,0.63,0.385,0.37,0.4,,,,
2026-01-06 03:13:37.742000+00:00,2026-01-06 03:13:37.843598+00:00,817.742,0.5700000000000001,0.56,0.58,0.43,0.42,0.44,,,,
2026-01-06 03:13:40.292000+00:00,2026-01-06 03:13:40.296629+00:00,820.292,0.555,0.55,0.56,0.445,0.44,0.45,,,,
2026-01-06 03:13:41.304000+00:00,2026-01-06 03:13:41.312823+00:00,821.304,0.555,0.55,0.56,0.445,0.44,0.45,,,,
2026-01-06 03:13:42.311000+00:00,2026-01-06 03:13:42.322011+00:00,822.311,0.5,0.48,0.52,0.5,0.49,0.51,,,,
2026-01-06 03:13:44.275000+00:00,2026-01-06 03:13:44.296680+00:00,824.275,0.51,0.5,0.52,0.49,0.48,0.5,,,,
2026-01-06 03:13:45.314000+00:00,2026-01-06 03:13:45.378486+00:00,825.314,0.51,0.5,0.52,0.49,0.48,0.5,,,,
2026-01-06 03:13:46.805000+00:00,2026-01-06 03:13:46.828837+00:00,826.805,0.55,0.54,0.56,0.45,0.44,0.46,,,,
2026-01-06 03:13:48.215000+00:00,2026-01-06 03:13:48.234391+00:00,828.215,0.56,0.55,0.57,0.435,0.43,0.44,,,,
2026-01-06 03:13:49.277000+00:00,2026-01-06 03:13:49.282091+00:00,829.277,0.58,0.57,0.59,0.42,0.41,0.43,,,,
2026-01-06 03:13:50.293000+00:00,2026-01-06 03:13:50.301236+00:00,830.293,0.585,0.58,0.59,0.415,0.41,0.42,,,,
2026-01-06 03:13:51.285000+00:00,2026-01-06 03:13:51.307856+00:00,831.285,0.61,0.6,0.62,0.385,0.38,0.39,,,,
2026-01-06 03:13:52.319000+00:00,2026-01-06 03:13:52.331669+00:00,832.319,0.615,0.61,0.62,0.385,0.38,0.39,,,,
2026-01-06 03:13:53.323000+00:00,2026-01-06 03:13:53.333963+00:00,833.323,0.755,0.75,0.76,0.26,0.24,0.28,,,,
2026-01-06 03:13:54.319000+00:00,2026-01-06 03:13:54.328256+00:00,834.319,0.735,0.7,0.77,0.28,0.23,0.33,,,,
2026-01-06 03:13:55.305000+00:00,2026-01-06 03:13:55.356218+00:00,835.305,0.66,0.65,0.67,0.3399999999999999,0.33,0.35,,,,
2026-01-06 03:13:56.359000+00:00,2026-01-06 03:13:56.366366+00:00,836.359,0.685,0.68,0.69,0.32,0.31,0.33,,,,
2026-01-06 03:13:57.364000+00:00,2026-01-06 03:13:57.384946+00:00,837.364,0.695,0.69,0.7,0.305,0.3,0.31,,,,
2026-01-06 03:13:58.710000+00:00,2026-01-06 03:13:58.714290+00:00,838.71,0.785,0.78,0.79,0.185,0.16,0.21,,,,
2026-01-06 03:13:59.718000+00:00,2026-01-06 03:13:59.727783+00:00,839.718,0.83,0.82,0.84,0.18,0.17,0.19,,,,
2026-01-06 03:14:01.291000+00:00,2026-01-06 03:14:01.299056+00:00,841.291,0.75,0.74,0.76,0.275,0.27,0.28,,,,
2026-01-06 03:14:02.137000+00:00,2026-01-06 03:14:02.151288+00:00,842.137,0.73,0.71,0.75,0.25,0.24,0.26,,,,
2026-01-06 03:14:03.171000+00:00,2026-01-06 03:14:03.182661+00:00,843.171,0.895,0.89,0.9,0.08,0.07,0.09,,,,
2026-01-06 03:14:04.186000+00:00,2026-01-06 03:14:04.191524+00:00,844.186,0.92,0.91,0.93,0.08,0.07,0.09,,,,
2026-01-06 03:14:05.801000+00:00,2026-01-06 03:14:05.816833+00:00,845.801,0.94,0.93,0.95,0.06,0.05,0.07,,,,
2026-01-06 03:14:06.809000+00:00,2026-01-06 03:14:06.816007+00:00,846.809,0.955,0.95,0.96,0.045,0.04,0.05,,,,
2026-01-06 03:14:07.748000+00:00,2026-01-06 03:14:07.815022+00:00,847.748,0.96,0.95,0.97,0.04,0.03,0.05,,,,
2026-01-06 03:14:08.822000+00:00,2026-01-06 03:14:08.828013+00:00,848.822,0.975,0.97,0.98,0.025,0.02,0.03,,,,
2026-01-06 03:14:09.765000+00:00,2026-01-06 03:14:09.835743+00:00,849.765,0.975,0.97,0.98,0.025,0.02,0.03,,,,
2026-01-06 03:14:10.797000+00:00,2026-01-06 03:14:10.852054+00:00,850.797,0.985,0.98,0.99,0.015,0.01,0.02,,,,
2026-01-06 03:14:11.811000+00:00,2026-01-06 03:14:11.864828+00:00,851.811,0.98,0.97,0.99,0.015,0.01,0.02,,,,
2026-01-06 03:14:12.884000+00:00,2026-01-06 03:14:12.917663+00:00,852.884,0.985,0.98,0.99,0.015,0.01,0.02,,,,
2026-01-06 03:14:13.859000+00:00,2026-01-06 03:14:13.925402+00:00,853.859,0.985,0.98,0.99,0.015,0.01,0.02,,,,
2026-01-06 03:14:15.383000+00:00,2026-01-06 03:14:15.600550+00:00,855.383,0.98,0.97,0.99,0.02,0.01,0.03,,,,
2026-01-06 03:14:16.601000+00:00,2026-01-06 03:14:16.604992+00:00,856.601,0.98,0.97,0.99,0.02,0.01,0.03,,,,
2026-01-06 03:14:17.576000+00:00,2026-01-06 03:14:17.604822+00:00,857.576,0.98,0.97,0.99,0.02,0.01,0.03,,,,
2026-01-06 03:14:18.791000+00:00,2026-01-06 03:14:18.842741+00:00,858.791,0.98,0.97,0.99,0.02,0.01,0.03,,,,
2026-01-06 03:14:19.853000+00:00,2026-01-06 03:14:19.850528+00:00,859.853,0.985,0.98,0.99,0.015,0.01,0.02,,,,
2026-01-06 03:14:21.264000+00:00,2026-01-06 03:14:21.324365+00:00,861.264,0.97,0.96,0.98,0.025,0.01,0.04,,,,
2026-01-06 03:14:22.322000+00:00,2026-01-06 03:14:22.468505+00:00,862.322,0.975,0.96,0.99,0.025,0.01,0.04,,,,
2026-01-06 03:14:23.316000+00:00,2026-01-06 03:14:23.480306+00:00,863.316,0.975,0.96,0.99,0.025,0.01,0.04,,,,
2026-01-06 03:14:24.486000+00:00,2026-01-06 03:14:24.492967+00:00,864.486,0.975,0.96,0.99,0.015,0.01,0.02,,,,
2026-01-06 03:14:25.481000+00:00,2026-01-06 03:14:25.508451+00:00,865.481,0.985,0.98,0.99,0.02,,0.02,,,,
2026-01-06 03:14:26.504000+00:00,2026-01-06 03:14:26.525201+00:00,866.504,0.99,0.99,,0.02,,0.02,,,,
2026-01-06 03:14:27.833000+00:00,2026-01-06 03:14:27.927365+00:00,867.833,0.985,0.98,0.99,0.015,0.01,0.02,,,,
2026-01-06 03:14:28.898000+00:00,2026-01-06 03:14:28.930901+00:00,868.898,0.985,0.98,0.99,0.015,0.01,0.02,,,,
2026-01-06 03:14:29.694000+00:00,2026-01-06 03:14:29.936428+00:00,869.694,0.98,0.98,,0.02,,0.02,,,,
2026-01-06 03:14:30.966000+00:00,2026-01-06 03:14:30.925328+00:00,870.966,0.99,0.99,,0.01,,0.01,,,,
2026-01-06 03:14:31.926000+00:00,2026-01-06 03:14:31.936135+00:00,871.926,0.99,0.99,,0.01,,0.01,,,,
2026-01-06 03:14:32.702000+00:00,2026-01-06 03:14:32.946384+00:00,872.702,0.985,0.98,0.99,0.015,0.01,0.02,,,,
2026-01-06 03:14:34.170000+00:00,2026-01-06 03:14:34.325298+00:00,874.17,0.99,0.99,,0.01,,0.01,,,,
2026-01-06 03:14:35.181000+00:00,2026-01-06 03:14:35.346494+00:00,875.181,0.99,0.99,,0.01,,0.01,,,,
2026-01-06 03:14:36.932000+00:00,2026-01-06 03:14:36.982284+00:00,876.932,0.99,0.99,,0.01,,0.01,,,,
2026-01-06 03:14:37.709000+00:00,2026-01-06 03:14:37.997518+00:00,877.709,0.99,0.99,,0.01,,0.01,,,,
2026-01-06 03:14:39+00:00,2026-01-06 03:14:39.013824+00:00,879.0,0.99,0.99,,0.01,,0.01,,,,
2026-01-06 03:14:40.001000+00:00,2026-01-06 03:14:41.015726+00:00,880.001,0.99,0.99,,0.01,,0.01,,,,
2026-01-06 03:14:42.026000+00:00,2026-01-06 03:14:42.330858+00:00,882.026,0.99,0.99,,0.01,,0.01,,,,
2026-01-06 03:14:43.281000+00:00,2026-01-06 03:14:43.352317+00:00,883.281,0.99,0.99,,0.01,,0.01,,,,
2026-01-06 03:14:44.279000+00:00,2026-01-06 03:14:44.481857+00:00,884.279,0.99,0.99,,0.01,,0.01,,,,
2026-01-06 03:14:45.317000+00:00,2026-01-06 03:14:45.489126+00:00,885.317,0.99,0.99,,0.01,,0.01,,,,
2026-01-06 03:14:46.469000+00:00,2026-01-06 03:14:46.499334+00:00,886.469,0.99,0.99,,0.01,,0.01,,,,
2026-01-06 03:14:47.293000+00:00,2026-01-06 03:14:47.520310+00:00,887.293,0.99,0.99,,0.01,,0.01,,,,
2026-01-06 03:14:48.286000+00:00,2026-01-06 03:14:48.828487+00:00,888.286,0.99,0.99,,0.01,,0.01,,,,
2026-01-06 03:14:49.886000+00:00,2026-01-06 03:14:49.845041+00:00,889.886,0.99,0.99,,0.01,,0.01,,,,
2026-01-06 03:14:50.551000+00:00,2026-01-06 03:14:50.957393+00:00,890.551,0.99,0.99,,0.01,,0.01,,,,
2026-01-06 03:14:51.942000+00:00,2026-01-06 03:14:52.005514+00:00,891.942,0.99,0.99,,0.01,,0.01,,,,
2026-01-06 03:14:53.919000+00:00,2026-01-06 03:14:53.998544+00:00,893.919,0.99,0.99,,0.01,,0.01,,,,
2026-01-06 03:14:54.961000+00:00,2026-01-06 03:14:54.995345+00:00,894.961,0.99,0.99,,0.01,,0.01,,,,
2026-01-06 03:14:56.170000+00:00,2026-01-06 03:14:57.062518+00:00,896.17,0.99,0.99,,0.01,,0.01,,,,
2026-01-06 03:14:58+00:00,2026-01-06 03:14:58.089160+00:00,898.0,0.99,0.99,,0.01,,0.01,,,,
2026-01-06 03:14:59.173000+00:00,2026-01-06 03:14:59.328287+00:00,899.173,0.99,0.99,,0.01,,0.01,,,,
