timestamp,collected_at,seconds,mid,bid,ask,asset
2026-01-06 17:00:00+00:00,,0.0,ETH,3247.712,3247.58,17:00:00
2026-01-06 17:00:01+00:00,,1.0,ETH,3247.972,3247.85,17:00:01
2026-01-06 17:00:02+00:00,,2.0,ETH,3248.332,3248.16,17:00:02
2026-01-06 17:00:03+00:00,,3.0,ETH,3248.592,3248.47,17:00:03
2026-01-06 17:00:04+00:00,,4.0,ETH,3248.512,3248.4,17:00:04
2026-01-06 17:00:05+00:00,,5.0,ETH,3248.282,3248.2,17:00:05
2026-01-06 17:00:06+00:00,,6.0,ETH,3248.112,3248.1,17:00:06
2026-01-06 17:00:07+00:00,,7.0,ETH,3248.192,3248.15,17:00:07
2026-01-06 17:00:08+00:00,,8.0,ETH,3248.332,3248.23,17:00:08
2026-01-06 17:00:09+00:00,,9.0,ETH,3248.492,3248.38,17:00:09
2026-01-06 17:00:10+00:00,,10.0,ETH,3248.572,3248.28,17:00:10
2026-01-06 17:00:11+00:00,,11.0,ETH,3248.562,3248.06,17:00:11
2026-01-06 17:00:12+00:00,,12.0,ETH,3248.022,3247.8,17:00:12
2026-01-06 17:00:13+00:00,,13.0,ETH,3247.652,3247.51,17:00:13
2026-01-06 17:00:14+00:00,,14.0,ETH,3247.522,3247.5,17:00:14
2026-01-06 17:00:15+00:00,,15.0,ETH,3247.282,3247.2,17:00:15
2026-01-06 17:00:16+00:00,,16.0,ETH,3247.462,3247.39,17:00:16
2026-01-06 17:00:17+00:00,,17.0,ETH,3248.212,3248.15,17:00:17
2026-01-06 17:00:18+00:00,,18.0,ETH,3248.272,3248.2,17:00:18
2026-01-06 17:00:19+00:00,,19.0,ETH,3248.192,3248.14,17:00:19
2026-01-06 17:00:20+00:00,,20.0,ETH,3248.402,3248.32,17:00:20
2026-01-06 17:00:21+00:00,,21.0,ETH,3248.702,3248.55,17:00:21
2026-01-06 17:00:22+00:00,,22.0,ETH,3248.722,3248.39,17:00:22
2026-01-06 17:00:23+00:00,,23.0,ETH,3248.662,3248.03,17:00:23
2026-01-06 17:00:24+00:00,,24.0,ETH,3247.722,3247.66,17:00:24
2026-01-06 17:00:25+00:00,,25.0,ETH,3247.752,3247.68,17:00:25
2026-01-06 17:00:26+00:00,,26.0,ETH,3247.972,3247.95,17:00:26
2026-01-06 17:00:27+00:00,,27.0,ETH,3247.772,3247.57,17:00:27
2026-01-06 17:00:28+00:00,,28.0,ETH,3247.362,3247.31,17:00:28
2026-01-06 17:00:29+00:00,,29.0,ETH,3247.632,3247.61,17:00:29
2026-01-06 17:00:30+00:00,,30.0,ETH,3247.782,3247.78,17:00:30
2026-01-06 17:00:31+00:00,,31.0,ETH,3247.722,3247.44,17:00:31
2026-01-06 17:00:32+00:00,,32.0,ETH,3247.782,3247.77,17:00:32
2026-01-06 17:00:33+00:00,,33.0,ETH,3247.782,3247.77,17:00:33
2026-01-06 17:00:34+00:00,,34.0,ETH,3247.782,3247.77,17:00:34
2026-01-06 17:00:35+00:00,,35.0,ETH,3247.602,3247.52,17:00:35
2026-01-06 17:00:36+00:00,,36.0,ETH,3247.652,3247.61,17:00:36
2026-01-06 17:00:37+00:00,,37.0,ETH,3247.842,3247.77,17:00:37
2026-01-06 17:00:38+00:00,,38.0,ETH,3247.952,3247.87,17:00:38
2026-01-06 17:00:39+00:00,,39.0,ETH,3247.682,3247.58,17:00:39
2026-01-06 17:00:40+00:00,,40.0,ETH,3247.452,3247.37,17:00:40
2026-01-06 17:00:41+00:00,,41.0,ETH,3247.392,3247.37,17:00:41
2026-01-06 17:00:42+00:00,,42.0,ETH,3247.482,3247.47,17:00:42
2026-01-06 17:00:43+00:00,,43.0,ETH,3247.532,3247.5,17:00:43
2026-01-06 17:00:44+00:00,,44.0,ETH,3247.352,3247.3,17:00:44
2026-01-06 17:00:45+00:00,,45.0,ETH,3247.232,3247.19,17:00:45
2026-01-06 17:00:46+00:00,,46.0,ETH,3247.112,3247.09,17:00:46
2026-01-06 17:00:47+00:00,,47.0,ETH,3247.112,3247.08,17:00:47
2026-01-06 17:00:48+00:00,,48.0,ETH,3247.202,3247.18,17:00:48
2026-01-06 17:00:49+00:00,,49.0,ETH,3247.192,3247.16,17:00:49
2026-01-06 17:00:50+00:00,,50.0,ETH,3247.182,3247.15,17:00:50
2026-01-06 17:00:51+00:00,,51.0,ETH,3247.192,3247.15,17:00:51
2026-01-06 17:00:52+00:00,,52.0,ETH,3247.092,3247.07,17:00:52
2026-01-06 17:00:53+00:00,,53.0,ETH,3246.892,3246.87,17:00:53
2026-01-06 17:00:54+00:00,,54.0,ETH,3246.872,3246.75,17:00:54
2026-01-06 17:00:55+00:00,,55.0,ETH,3246.992,3246.85,17:00:55
2026-01-06 17:00:57+00:00,,57.0,ETH,3247.142,3247.02,17:00:57
2026-01-06 17:00:58+00:00,,58.0,ETH,3247.342,3247.25,17:00:58
2026-01-06 17:00:59+00:00,,59.0,ETH,3247.622,3247.58,17:00:59
2026-01-06 17:01:00+00:00,,60.0,ETH,3247.942,3247.81,17:01:00
2026-01-06 17:01:01+00:00,,61.0,ETH,3247.862,3247.61,17:01:01
2026-01-06 17:01:02+00:00,,62.0,ETH,3247.942,3247.7,17:01:02
2026-01-06 17:01:03+00:00,,63.0,ETH,3248.102,3248.03,17:01:03
2026-01-06 17:01:04+00:00,,64.0,ETH,3248.102,3248.07,17:01:04
2026-01-06 17:01:05+00:00,,65.0,ETH,3248.122,3248.08,17:01:05
2026-01-06 17:01:06+00:00,,66.0,ETH,3248.122,3247.99,17:01:06
2026-01-06 17:01:07+00:00,,67.0,ETH,3248.092,3247.99,17:01:07
2026-01-06 17:01:08+00:00,,68.0,ETH,3248.112,3248.08,17:01:08
2026-01-06 17:01:09+00:00,,69.0,ETH,3248.062,3247.98,17:01:09
2026-01-06 17:01:11+00:00,,71.0,ETH,3247.562,3247.51,17:01:11
2026-01-06 17:01:12+00:00,,72.0,ETH,3247.562,3247.5,17:01:11
2026-01-06 17:01:13+00:00,,73.0,ETH,3247.662,3247.6,17:01:13
2026-01-06 17:01:14+00:00,,74.0,ETH,3247.742,3247.67,17:01:14
2026-01-06 17:01:15+00:00,,75.0,ETH,3247.892,3247.78,17:01:15
2026-01-06 17:01:16+00:00,,76.0,ETH,3248.122,3247.96,17:01:16
2026-01-06 17:01:17+00:00,,77.0,ETH,3248.182,3248.03,17:01:17
2026-01-06 17:01:18+00:00,,78.0,ETH,3248.212,3248.14,17:01:18
2026-01-06 17:01:19+00:00,,79.0,ETH,3248.392,3248.37,17:01:19
2026-01-06 17:01:20+00:00,,80.0,ETH,3248.762,3248.74,17:01:20
2026-01-06 17:01:21+00:00,,81.0,ETH,3248.882,3248.76,17:01:21
2026-01-06 17:01:22+00:00,,82.0,ETH,3248.982,3248.8,17:01:22
2026-01-06 17:01:23+00:00,,83.0,ETH,3248.452,3248.36,17:01:23
2026-01-06 17:01:24+00:00,,84.0,ETH,3247.972,3247.88,17:01:24
2026-01-06 17:01:25+00:00,,85.0,ETH,3247.652,3247.46,17:01:25
2026-01-06 17:01:26+00:00,,86.0,ETH,3247.292,3247.04,17:01:26
2026-01-06 17:01:27+00:00,,87.0,ETH,3247.112,3247.0,17:01:27
2026-01-06 17:01:28+00:00,,88.0,ETH,3247.082,3247.0,17:01:28
2026-01-06 17:01:29+00:00,,89.0,ETH,3247.152,3247.05,17:01:29
2026-01-06 17:01:30+00:00,,90.0,ETH,3247.122,3247.09,17:01:30
2026-01-06 17:01:32+00:00,,92.0,ETH,3247.102,3247.09,17:01:32
2026-01-06 17:01:33+00:00,,93.0,ETH,3247.102,3247.09,17:01:33
2026-01-06 17:01:34+00:00,,94.0,ETH,3247.102,3247.07,17:01:34
2026-01-06 17:01:35+00:00,,95.0,ETH,3246.532,3246.49,17:01:35
2026-01-06 17:01:36+00:00,,96.0,ETH,3246.772,3246.71,17:01:36
2026-01-06 17:01:37+00:00,,97.0,ETH,3247.082,3247.0,17:01:37
2026-01-06 17:01:38+00:00,,98.0,ETH,3247.372,3247.18,17:01:38
2026-01-06 17:01:39+00:00,,99.0,ETH,3247.752,3247.61,17:01:39
2026-01-06 17:01:40+00:00,,100.0,ETH,3248.002,3247.84,17:01:40
2026-01-06 17:01:41+00:00,,101.0,ETH,3248.052,3247.92,17:01:41
2026-01-06 17:01:42+00:00,,102.0,ETH,3248.112,3248.03,17:01:42
2026-01-06 17:01:43+00:00,,103.0,ETH,3248.132,3248.08,17:01:43
2026-01-06 17:01:44+00:00,,104.0,ETH,3248.092,3248.03,17:01:44
2026-01-06 17:01:45+00:00,,105.0,ETH,3248.132,3248.08,17:01:45
2026-01-06 17:01:46+00:00,,106.0,ETH,3248.322,3248.22,17:01:46
2026-01-06 17:01:47+00:00,,107.0,ETH,3248.722,3248.68,17:01:47
2026-01-06 17:01:48+00:00,,108.0,ETH,3248.732,3248.66,17:01:48
2026-01-06 17:01:49+00:00,,109.0,ETH,3248.752,3248.67,17:01:49
2026-01-06 17:01:50+00:00,,110.0,ETH,3248.722,3248.69,17:01:50
2026-01-06 17:01:51+00:00,,111.0,ETH,3248.742,3248.68,17:01:51
2026-01-06 17:01:52+00:00,,112.0,ETH,3248.812,3248.74,17:01:52
2026-01-06 17:01:53+00:00,,113.0,ETH,3248.782,3248.71,17:01:53
2026-01-06 17:01:54+00:00,,114.0,ETH,3248.782,3248.67,17:01:54
2026-01-06 17:01:55+00:00,,115.0,ETH,3248.832,3248.72,17:01:55
2026-01-06 17:01:56+00:00,,116.0,ETH,3248.832,3248.72,17:01:56
2026-01-06 17:01:57+00:00,,117.0,ETH,3248.832,3248.71,17:01:57
2026-01-06 17:01:58+00:00,,118.0,ETH,3248.782,3248.7,17:01:58
2026-01-06 17:01:59+00:00,,119.0,ETH,3248.792,3248.7,17:01:59
2026-01-06 17:02:00+00:00,,120.0,ETH,3248.912,3248.77,17:02:00
2026-01-06 17:02:01+00:00,,121.0,ETH,3249.082,3248.97,17:02:01
2026-01-06 17:02:02+00:00,,122.0,ETH,3249.342,3249.3,17:02:02
2026-01-06 17:02:03+00:00,,123.0,ETH,3249.602,3249.54,17:02:03
2026-01-06 17:02:04+00:00,,124.0,ETH,3249.712,3249.63,17:02:04
2026-01-06 17:02:05+00:00,,125.0,ETH,3249.822,3249.71,17:02:05
2026-01-06 17:02:06+00:00,,126.0,ETH,3249.932,3249.79,17:02:06
2026-01-06 17:02:07+00:00,,127.0,ETH,3250.062,3249.98,17:02:07
2026-01-06 17:02:08+00:00,,128.0,ETH,3250.212,3250.15,17:02:08
2026-01-06 17:02:09+00:00,,129.0,ETH,3250.252,3250.16,17:02:09
2026-01-06 17:02:10+00:00,,130.0,ETH,3250.222,3250.13,17:02:10
2026-01-06 17:02:11+00:00,,131.0,ETH,3250.182,3250.04,17:02:11
2026-01-06 17:02:12+00:00,,132.0,ETH,3250.182,3250.03,17:02:12
2026-01-06 17:02:13+00:00,,133.0,ETH,3250.522,3250.44,17:02:13
2026-01-06 17:02:14+00:00,,134.0,ETH,3250.842,3250.79,17:02:14
2026-01-06 17:02:15+00:00,,135.0,ETH,3250.812,3250.72,17:02:15
2026-01-06 17:02:16+00:00,,136.0,ETH,3250.732,3250.59,17:02:16
2026-01-06 17:02:17+00:00,,137.0,ETH,3250.592,3250.5,17:02:17
2026-01-06 17:02:18+00:00,,138.0,ETH,3250.502,3250.48,17:02:18
2026-01-06 17:02:19+00:00,,139.0,ETH,3250.492,3250.45,17:02:19
2026-01-06 17:02:20+00:00,,140.0,ETH,3250.492,3250.43,17:02:20
2026-01-06 17:02:21+00:00,,141.0,ETH,3250.552,3250.46,17:02:21
2026-01-06 17:02:22+00:00,,142.0,ETH,3250.112,3249.97,17:02:22
2026-01-06 17:02:23+00:00,,143.0,ETH,3249.422,3249.28,17:02:23
2026-01-06 17:02:24+00:00,,144.0,ETH,3249.112,3248.99,17:02:24
2026-01-06 17:02:25+00:00,,145.0,ETH,3249.062,3248.95,17:02:25
2026-01-06 17:02:26+00:00,,146.0,ETH,3249.252,3249.19,17:02:26
2026-01-06 17:02:27+00:00,,147.0,ETH,3249.452,3249.4,17:02:27
2026-01-06 17:02:28+00:00,,148.0,ETH,3249.502,3249.43,17:02:28
2026-01-06 17:02:29+00:00,,149.0,ETH,3249.472,3249.44,17:02:29
2026-01-06 17:02:30+00:00,,150.0,ETH,3249.552,3249.47,17:02:30
2026-01-06 17:02:31+00:00,,151.0,ETH,3249.702,3249.61,17:02:31
2026-01-06 17:02:32+00:00,,152.0,ETH,3249.832,3249.72,17:02:32
2026-01-06 17:02:33+00:00,,153.0,ETH,3249.762,3249.64,17:02:33
2026-01-06 17:02:34+00:00,,154.0,ETH,3249.492,3249.43,17:02:34
2026-01-06 17:02:35+00:00,,155.0,ETH,3249.352,3249.31,17:02:35
2026-01-06 17:02:36+00:00,,156.0,ETH,3249.152,3249.13,17:02:36
2026-01-06 17:02:37+00:00,,157.0,ETH,3249.152,3249.13,17:02:37
2026-01-06 17:02:38+00:00,,158.0,ETH,3249.032,3249.01,17:02:38
2026-01-06 17:02:39+00:00,,159.0,ETH,3248.962,3248.94,17:02:39
2026-01-06 17:02:40+00:00,,160.0,ETH,3248.732,3248.71,17:02:40
2026-01-06 17:02:41+00:00,,161.0,ETH,3248.422,3248.39,17:02:41
2026-01-06 17:02:42+00:00,,162.0,ETH,3248.352,3248.3,17:02:42
2026-01-06 17:02:43+00:00,,163.0,ETH,3248.382,3248.34,17:02:43
2026-01-06 17:02:44+00:00,,164.0,ETH,3248.352,3248.29,17:02:44
2026-01-06 17:02:45+00:00,,165.0,ETH,3248.212,3248.17,17:02:45
2026-01-06 17:02:46+00:00,,166.0,ETH,3248.102,3248.09,17:02:46
2026-01-06 17:02:47+00:00,,167.0,ETH,3248.102,3248.09,17:02:47
2026-01-06 17:02:48+00:00,,168.0,ETH,3248.102,3248.09,17:02:48
2026-01-06 17:02:49+00:00,,169.0,ETH,3247.922,3247.9,17:02:49
2026-01-06 17:02:50+00:00,,170.0,ETH,3247.772,3247.72,17:02:50
2026-01-06 17:02:51+00:00,,171.0,ETH,3247.762,3247.71,17:02:51
2026-01-06 17:02:52+00:00,,172.0,ETH,3247.702,3247.68,17:02:52
2026-01-06 17:02:53+00:00,,173.0,ETH,3247.672,3247.66,17:02:53
2026-01-06 17:02:54+00:00,,174.0,ETH,3247.602,3247.58,17:02:54
2026-01-06 17:02:55+00:00,,175.0,ETH,3247.432,3247.38,17:02:55
2026-01-06 17:02:56+00:00,,176.0,ETH,3247.262,3247.22,17:02:56
2026-01-06 17:02:57+00:00,,177.0,ETH,3247.212,3247.19,17:02:57
2026-01-06 17:02:58+00:00,,178.0,ETH,3247.212,3247.2,17:02:58
2026-01-06 17:02:59+00:00,,179.0,ETH,3247.222,3247.2,17:02:59
2026-01-06 17:03:00+00:00,,180.0,ETH,3247.212,3247.2,17:03:00
2026-01-06 17:03:01+00:00,,181.0,ETH,3246.752,3246.74,17:03:01
2026-01-06 17:03:02+00:00,,182.0,ETH,3246.632,3246.62,17:03:02
2026-01-06 17:03:03+00:00,,183.0,ETH,3246.602,3246.59,17:03:03
2026-01-06 17:03:04+00:00,,184.0,ETH,3246.602,3246.6,17:03:04
2026-01-06 17:03:05+00:00,,185.0,ETH,3246.802,3246.75,17:03:05
2026-01-06 17:03:06+00:00,,186.0,ETH,3248.292,3248.07,17:03:06
2026-01-06 17:03:07+00:00,,187.0,ETH,3248.392,3248.23,17:03:07
2026-01-06 17:03:08+00:00,,188.0,ETH,3248.502,3248.4,17:03:08
2026-01-06 17:03:09+00:00,,189.0,ETH,3248.612,3248.57,17:03:09
2026-01-06 17:03:10+00:00,,190.0,ETH,3248.672,3248.64,17:03:10
2026-01-06 17:03:11+00:00,,191.0,ETH,3248.812,3248.67,17:03:11
2026-01-06 17:03:12+00:00,,192.0,ETH,3248.672,3248.54,17:03:12
2026-01-06 17:03:13+00:00,,193.0,ETH,3248.802,3248.74,17:03:13
2026-01-06 17:03:14+00:00,,194.0,ETH,3248.852,3248.82,17:03:14
2026-01-06 17:03:15+00:00,,195.0,ETH,3248.782,3248.74,17:03:15
2026-01-06 17:03:16+00:00,,196.0,ETH,3248.812,3248.78,17:03:16
2026-01-06 17:03:17+00:00,,197.0,ETH,3249.612,3249.57,17:03:17
2026-01-06 17:03:18+00:00,,198.0,ETH,3249.712,3249.69,17:03:18
2026-01-06 17:03:19+00:00,,199.0,ETH,3249.722,3249.7,17:03:19
2026-01-06 17:03:20+00:00,,200.0,ETH,3250.342,3250.22,17:03:20
2026-01-06 17:03:21+00:00,,201.0,ETH,3250.532,3250.4,17:03:21
2026-01-06 17:03:22+00:00,,202.0,ETH,3250.752,3250.7,17:03:22
2026-01-06 17:03:23+00:00,,203.0,ETH,3250.742,3250.62,17:03:23
2026-01-06 17:03:24+00:00,,204.0,ETH,3250.742,3250.62,17:03:24
2026-01-06 17:03:25+00:00,,205.0,ETH,3250.672,3250.6,17:03:25
2026-01-06 17:03:26+00:00,,206.0,ETH,3250.692,3250.63,17:03:26
2026-01-06 17:03:27+00:00,,207.0,ETH,3250.692,3250.63,17:03:27
2026-01-06 17:03:28+00:00,,208.0,ETH,3250.692,3250.63,17:03:28
2026-01-06 17:03:29+00:00,,209.0,ETH,3250.802,3250.79,17:03:29
2026-01-06 17:03:30+00:00,,210.0,ETH,3250.922,3250.83,17:03:30
2026-01-06 17:03:31+00:00,,211.0,ETH,3251.202,3251.12,17:03:31
2026-01-06 17:03:32+00:00,,212.0,ETH,3251.682,3251.67,17:03:32
2026-01-06 17:03:33+00:00,,213.0,ETH,3252.112,3252.08,17:03:33
2026-01-06 17:03:34+00:00,,214.0,ETH,3252.072,3252.0,17:03:34
2026-01-06 17:03:35+00:00,,215.0,ETH,3251.932,3251.86,17:03:35
2026-01-06 17:03:36+00:00,,216.0,ETH,3251.942,3251.91,17:03:36
2026-01-06 17:03:37+00:00,,217.0,ETH,3252.182,3252.11,17:03:37
2026-01-06 17:03:38+00:00,,218.0,ETH,3252.182,3252.1,17:03:38
2026-01-06 17:03:39+00:00,,219.0,ETH,3251.972,3251.92,17:03:39
2026-01-06 17:03:40+00:00,,220.0,ETH,3251.962,3251.94,17:03:40
2026-01-06 17:03:41+00:00,,221.0,ETH,3252.042,3251.99,17:03:41
2026-01-06 17:03:42+00:00,,222.0,ETH,3251.722,3251.69,17:03:42
2026-01-06 17:03:43+00:00,,223.0,ETH,3251.752,3251.67,17:03:43
2026-01-06 17:03:44+00:00,,224.0,ETH,3251.592,3251.56,17:03:44
2026-01-06 17:03:45+00:00,,225.0,ETH,3251.402,3251.37,17:03:45
2026-01-06 17:03:46+00:00,,226.0,ETH,3251.252,3251.08,17:03:46
2026-01-06 17:03:47+00:00,,227.0,ETH,3251.032,3250.83,17:03:47
2026-01-06 17:03:48+00:00,,228.0,ETH,3250.872,3250.82,17:03:48
2026-01-06 17:03:49+00:00,,229.0,ETH,3250.742,3250.71,17:03:49
2026-01-06 17:03:50+00:00,,230.0,ETH,3250.612,3250.56,17:03:50
2026-01-06 17:03:51+00:00,,231.0,ETH,3250.512,3250.51,17:03:51
2026-01-06 17:03:52+00:00,,232.0,ETH,3250.542,3250.53,17:03:52
2026-01-06 17:03:53+00:00,,233.0,ETH,3250.542,3250.53,17:03:53
2026-01-06 17:03:54+00:00,,234.0,ETH,3250.602,3250.57,17:03:54
2026-01-06 17:03:55+00:00,,235.0,ETH,3250.642,3250.61,17:03:55
2026-01-06 17:03:56+00:00,,236.0,ETH,3250.512,3250.5,17:03:56
2026-01-06 17:03:57+00:00,,237.0,ETH,3250.352,3250.22,17:03:57
2026-01-06 17:03:58+00:00,,238.0,ETH,3250.352,3250.22,17:03:58
2026-01-06 17:03:59+00:00,,239.0,ETH,3250.452,3250.33,17:03:59
2026-01-06 17:04:00+00:00,,240.0,ETH,3250.662,3250.47,17:04:00
2026-01-06 17:04:01+00:00,,241.0,ETH,3250.852,3250.73,17:04:01
2026-01-06 17:04:02+00:00,,242.0,ETH,3250.682,3250.59,17:04:02
2026-01-06 17:04:03+00:00,,243.0,ETH,3250.352,3250.33,17:04:03
2026-01-06 17:04:04+00:00,,244.0,ETH,3250.322,3250.31,17:04:04
2026-01-06 17:04:05+00:00,,245.0,ETH,3250.022,3249.76,17:04:05
2026-01-06 17:04:06+00:00,,246.0,ETH,3249.712,3249.59,17:04:06
2026-01-06 17:04:07+00:00,,247.0,ETH,3249.712,3249.68,17:04:07
2026-01-06 17:04:08+00:00,,248.0,ETH,3249.772,3249.73,17:04:08
2026-01-06 17:04:09+00:00,,249.0,ETH,3249.722,3249.71,17:04:09
2026-01-06 17:04:10+00:00,,250.0,ETH,3249.722,3249.72,17:04:10
2026-01-06 17:04:11+00:00,,251.0,ETH,3249.742,3249.71,17:04:11
2026-01-06 17:04:12+00:00,,252.0,ETH,3249.662,3249.61,17:04:12
2026-01-06 17:04:13+00:00,,253.0,ETH,3249.502,3249.46,17:04:13
2026-01-06 17:04:14+00:00,,254.0,ETH,3249.322,3249.3,17:04:14
2026-01-06 17:04:15+00:00,,255.0,ETH,3249.202,3249.18,17:04:15
2026-01-06 17:04:16+00:00,,256.0,ETH,3249.162,3249.15,17:04:16
2026-01-06 17:04:17+00:00,,257.0,ETH,3249.162,3249.15,17:04:17
2026-01-06 17:04:18+00:00,,258.0,ETH,3249.172,3249.15,17:04:18
2026-01-06 17:04:19+00:00,,259.0,ETH,3249.052,3249.02,17:04:19
2026-01-06 17:04:20+00:00,,260.0,ETH,3248.922,3248.87,17:04:20
2026-01-06 17:04:22+00:00,,262.0,ETH,3248.842,3248.82,17:04:22
2026-01-06 17:04:23+00:00,,263.0,ETH,3249.082,3248.95,17:04:23
2026-01-06 17:04:24+00:00,,264.0,ETH,3248.922,3248.89,17:04:24
2026-01-06 17:04:25+00:00,,265.0,ETH,3249.052,3248.93,17:04:25
2026-01-06 17:04:26+00:00,,266.0,ETH,3249.072,3248.88,17:04:26
2026-01-06 17:04:27+00:00,,267.0,ETH,3248.822,3248.8,17:04:27
2026-01-06 17:04:28+00:00,,268.0,ETH,3248.712,3248.7,17:04:28
2026-01-06 17:04:29+00:00,,269.0,ETH,3248.712,3248.7,17:04:29
2026-01-06 17:04:30+00:00,,270.0,ETH,3248.582,3248.49,17:04:30
2026-01-06 17:04:31+00:00,,271.0,ETH,3248.742,3248.64,17:04:31
2026-01-06 17:04:32+00:00,,272.0,ETH,3248.752,3248.68,17:04:32
2026-01-06 17:04:33+00:00,,273.0,ETH,3248.822,3248.71,17:04:33
2026-01-06 17:04:34+00:00,,274.0,ETH,3248.742,3248.67,17:04:34
2026-01-06 17:04:35+00:00,,275.0,ETH,3248.692,3248.68,17:04:35
2026-01-06 17:04:36+00:00,,276.0,ETH,3248.702,3248.68,17:04:36
2026-01-06 17:04:37+00:00,,277.0,ETH,3248.732,3248.69,17:04:37
2026-01-06 17:04:38+00:00,,278.0,ETH,3248.752,3248.71,17:04:38
2026-01-06 17:04:39+00:00,,279.0,ETH,3248.842,3248.78,17:04:39
2026-01-06 17:04:40+00:00,,280.0,ETH,3249.192,3249.11,17:04:40
2026-01-06 17:04:41+00:00,,281.0,ETH,3249.282,3249.22,17:04:41
2026-01-06 17:04:42+00:00,,282.0,ETH,3248.912,3248.87,17:04:42
2026-01-06 17:04:43+00:00,,283.0,ETH,3248.652,3248.62,17:04:43
2026-01-06 17:04:44+00:00,,284.0,ETH,3248.582,3248.57,17:04:44
2026-01-06 17:04:45+00:00,,285.0,ETH,3248.572,3248.56,17:04:45
2026-01-06 17:04:46+00:00,,286.0,ETH,3248.692,3248.67,17:04:46
2026-01-06 17:04:47+00:00,,287.0,ETH,3248.742,3248.7,17:04:47
2026-01-06 17:04:48+00:00,,288.0,ETH,3248.662,3248.61,17:04:48
2026-01-06 17:04:49+00:00,,289.0,ETH,3248.672,3248.66,17:04:49
2026-01-06 17:04:50+00:00,,290.0,ETH,3248.782,3248.77,17:04:50
2026-01-06 17:04:51+00:00,,291.0,ETH,3248.882,3248.85,17:04:51
2026-01-06 17:04:52+00:00,,292.0,ETH,3248.892,3248.83,17:04:52
2026-01-06 17:04:53+00:00,,293.0,ETH,3248.892,3248.8,17:04:53
2026-01-06 17:04:54+00:00,,294.0,ETH,3248.852,3248.79,17:04:54
2026-01-06 17:04:55+00:00,,295.0,ETH,3248.782,3248.76,17:04:55
2026-01-06 17:04:57+00:00,,297.0,ETH,3248.932,3248.81,17:04:57
2026-01-06 17:04:58+00:00,,298.0,ETH,3248.812,3248.79,17:04:58
2026-01-06 17:04:59+00:00,,299.0,ETH,3248.802,3248.79,17:04:59
2026-01-06 17:05:00+00:00,,300.0,ETH,3248.782,3248.77,17:05:00
2026-01-06 17:05:01+00:00,,301.0,ETH,3248.772,3248.76,17:05:01
2026-01-06 17:05:02+00:00,,302.0,ETH,3248.772,3248.75,17:05:02
2026-01-06 17:05:03+00:00,,303.0,ETH,3248.782,3248.76,17:05:03
2026-01-06 17:05:04+00:00,,304.0,ETH,3248.842,3248.79,17:05:04
2026-01-06 17:05:05+00:00,,305.0,ETH,3248.922,3248.81,17:05:05
2026-01-06 17:05:06+00:00,,306.0,ETH,3248.942,3248.82,17:05:06
2026-01-06 17:05:07+00:00,,307.0,ETH,3248.882,3248.78,17:05:07
2026-01-06 17:05:08+00:00,,308.0,ETH,3248.832,3248.76,17:05:08
2026-01-06 17:05:10+00:00,,310.0,ETH,3248.832,3248.78,17:05:10
2026-01-06 17:05:11+00:00,,311.0,ETH,3249.362,3249.32,17:05:11
2026-01-06 17:05:12+00:00,,312.0,ETH,3249.432,3249.3,17:05:12
2026-01-06 17:05:13+00:00,,313.0,ETH,3249.192,3249.03,17:05:13
2026-01-06 17:05:14+00:00,,314.0,ETH,3249.102,3248.92,17:05:14
2026-01-06 17:05:15+00:00,,315.0,ETH,3249.122,3249.04,17:05:15
2026-01-06 17:05:16+00:00,,316.0,ETH,3249.412,3249.37,17:05:16
2026-01-06 17:05:17+00:00,,317.0,ETH,3249.612,3249.51,17:05:17
2026-01-06 17:05:18+00:00,,318.0,ETH,3250.212,3249.97,17:05:18
2026-01-06 17:05:19+00:00,,319.0,ETH,3250.062,3249.95,17:05:19
2026-01-06 17:05:20+00:00,,320.0,ETH,3250.072,3249.95,17:05:20
2026-01-06 17:05:21+00:00,,321.0,ETH,3250.062,3249.94,17:05:21
2026-01-06 17:05:22+00:00,,322.0,ETH,3250.062,3249.94,17:05:22
2026-01-06 17:05:23+00:00,,323.0,ETH,3250.032,3249.92,17:05:23
2026-01-06 17:05:24+00:00,,324.0,ETH,3250.032,3249.92,17:05:24
2026-01-06 17:05:25+00:00,,325.0,ETH,3250.032,3249.92,17:05:25
2026-01-06 17:05:26+00:00,,326.0,ETH,3250.022,3249.91,17:05:26
2026-01-06 17:05:27+00:00,,327.0,ETH,3250.022,3249.91,17:05:27
2026-01-06 17:05:28+00:00,,328.0,ETH,3250.002,3249.93,17:05:28
2026-01-06 17:05:29+00:00,,329.0,ETH,3250.002,3249.89,17:05:29
2026-01-06 17:05:30+00:00,,330.0,ETH,3250.162,3250.12,17:05:30
2026-01-06 17:05:31+00:00,,331.0,ETH,3250.252,3250.09,17:05:31
2026-01-06 17:05:32+00:00,,332.0,ETH,3250.562,3250.44,17:05:32
2026-01-06 17:05:33+00:00,,333.0,ETH,3250.712,3250.58,17:05:33
2026-01-06 17:05:34+00:00,,334.0,ETH,3250.852,3250.79,17:05:34
2026-01-06 17:05:35+00:00,,335.0,ETH,3250.882,3250.77,17:05:35
2026-01-06 17:05:36+00:00,,336.0,ETH,3250.902,3250.78,17:05:36
2026-01-06 17:05:37+00:00,,337.0,ETH,3250.842,3250.77,17:05:37
2026-01-06 17:05:38+00:00,,338.0,ETH,3250.792,3250.76,17:05:38
2026-01-06 17:05:39+00:00,,339.0,ETH,3250.762,3250.69,17:05:39
2026-01-06 17:05:40+00:00,,340.0,ETH,3250.752,3250.69,17:05:40
2026-01-06 17:05:41+00:00,,341.0,ETH,3250.752,3250.69,17:05:41
2026-01-06 17:05:42+00:00,,342.0,ETH,3250.642,3250.62,17:05:42
2026-01-06 17:05:43+00:00,,343.0,ETH,3250.382,3250.19,17:05:43
2026-01-06 17:05:44+00:00,,344.0,ETH,3250.202,3250.19,17:05:44
2026-01-06 17:05:45+00:00,,345.0,ETH,3250.182,3250.16,17:05:45
2026-01-06 17:05:46+00:00,,346.0,ETH,3250.192,3250.17,17:05:46
2026-01-06 17:05:47+00:00,,347.0,ETH,3250.192,3250.18,17:05:47
2026-01-06 17:05:48+00:00,,348.0,ETH,3250.202,3250.18,17:05:48
2026-01-06 17:05:49+00:00,,349.0,ETH,3250.242,3250.2,17:05:49
2026-01-06 17:05:50+00:00,,350.0,ETH,3250.652,3250.6,17:05:50
2026-01-06 17:05:51+00:00,,351.0,ETH,3250.792,3250.72,17:05:51
2026-01-06 17:05:52+00:00,,352.0,ETH,3250.512,3250.48,17:05:52
2026-01-06 17:05:53+00:00,,353.0,ETH,3250.492,3250.48,17:05:53
2026-01-06 17:05:54+00:00,,354.0,ETH,3250.212,3250.17,17:05:54
2026-01-06 17:05:55+00:00,,355.0,ETH,3250.202,3250.16,17:05:55
2026-01-06 17:05:56+00:00,,356.0,ETH,3250.052,3250.05,17:05:56
2026-01-06 17:05:57+00:00,,357.0,ETH,3249.902,3249.9,17:05:57
2026-01-06 17:05:58+00:00,,358.0,ETH,3249.802,3249.79,17:05:58
2026-01-06 17:05:59+00:00,,359.0,ETH,3249.782,3249.74,17:05:59
2026-01-06 17:06:00+00:00,,360.0,ETH,3249.782,3249.74,17:06:00
2026-01-06 17:06:01+00:00,,361.0,ETH,3249.642,3249.5,17:06:01
2026-01-06 17:06:02+00:00,,362.0,ETH,3249.752,3249.6,17:06:02
2026-01-06 17:06:03+00:00,,363.0,ETH,3250.372,3250.32,17:06:03
2026-01-06 17:06:04+00:00,,364.0,ETH,3250.592,3250.39,17:06:04
2026-01-06 17:06:05+00:00,,365.0,ETH,3250.692,3250.67,17:06:05
2026-01-06 17:06:06+00:00,,366.0,ETH,3250.882,3250.69,17:06:06
2026-01-06 17:06:07+00:00,,367.0,ETH,3250.852,3250.74,17:06:07
2026-01-06 17:06:08+00:00,,368.0,ETH,3250.852,3250.75,17:06:08
2026-01-06 17:06:09+00:00,,369.0,ETH,3250.982,3250.93,17:06:09
2026-01-06 17:06:10+00:00,,370.0,ETH,3251.062,3250.93,17:06:10
2026-01-06 17:06:11+00:00,,371.0,ETH,3251.132,3250.92,17:06:11
2026-01-06 17:06:12+00:00,,372.0,ETH,3251.112,3250.86,17:06:12
2026-01-06 17:06:13+00:00,,373.0,ETH,3250.952,3250.79,17:06:13
2026-01-06 17:06:14+00:00,,374.0,ETH,3250.342,3250.33,17:06:14
2026-01-06 17:06:15+00:00,,375.0,ETH,3250.342,3250.26,17:06:15
2026-01-06 17:06:16+00:00,,376.0,ETH,3250.062,3250.05,17:06:16
2026-01-06 17:06:17+00:00,,377.0,ETH,3250.042,3250.01,17:06:17
2026-01-06 17:06:18+00:00,,378.0,ETH,3250.032,3250.02,17:06:18
2026-01-06 17:06:19+00:00,,379.0,ETH,3250.072,3250.06,17:06:19
2026-01-06 17:06:20+00:00,,380.0,ETH,3250.302,3250.09,17:06:20
2026-01-06 17:06:21+00:00,,381.0,ETH,3250.572,3250.41,17:06:21
2026-01-06 17:06:22+00:00,,382.0,ETH,3250.622,3250.53,17:06:22
2026-01-06 17:06:23+00:00,,383.0,ETH,3251.182,3251.02,17:06:23
2026-01-06 17:06:24+00:00,,384.0,ETH,3251.402,3251.21,17:06:24
2026-01-06 17:06:25+00:00,,385.0,ETH,3251.712,3251.64,17:06:25
2026-01-06 17:06:26+00:00,,386.0,ETH,3251.822,3251.81,17:06:26
2026-01-06 17:06:27+00:00,,387.0,ETH,3252.052,3251.99,17:06:27
2026-01-06 17:06:28+00:00,,388.0,ETH,3252.462,3252.38,17:06:28
2026-01-06 17:06:29+00:00,,389.0,ETH,3252.572,3252.54,17:06:29
2026-01-06 17:06:30+00:00,,390.0,ETH,3252.392,3252.38,17:06:30
2026-01-06 17:06:31+00:00,,391.0,ETH,3252.332,3252.3,17:06:31
2026-01-06 17:06:32+00:00,,392.0,ETH,3252.292,3252.15,17:06:32
2026-01-06 17:06:33+00:00,,393.0,ETH,3252.472,3252.39,17:06:33
2026-01-06 17:06:34+00:00,,394.0,ETH,3252.412,3252.29,17:06:34
2026-01-06 17:06:35+00:00,,395.0,ETH,3252.252,3252.22,17:06:35
2026-01-06 17:06:36+00:00,,396.0,ETH,3252.212,3252.2,17:06:36
2026-01-06 17:06:37+00:00,,397.0,ETH,3252.202,3252.19,17:06:37
2026-01-06 17:06:38+00:00,,398.0,ETH,3252.202,3252.18,17:06:38
2026-01-06 17:06:39+00:00,,399.0,ETH,3252.212,3252.18,17:06:39
2026-01-06 17:06:40+00:00,,400.0,ETH,3252.112,3252.08,17:06:40
2026-01-06 17:06:41+00:00,,401.0,ETH,3252.022,3251.98,17:06:41
2026-01-06 17:06:42+00:00,,402.0,ETH,3252.012,3251.98,17:06:42
2026-01-06 17:06:43+00:00,,403.0,ETH,3251.982,3251.97,17:06:43
2026-01-06 17:06:44+00:00,,404.0,ETH,3251.992,3251.97,17:06:44
2026-01-06 17:06:46+00:00,,406.0,ETH,3251.962,3251.95,17:06:46
2026-01-06 17:06:47+00:00,,407.0,ETH,3252.322,3252.2,17:06:47
2026-01-06 17:06:48+00:00,,408.0,ETH,3252.392,3252.39,17:06:48
2026-01-06 17:06:49+00:00,,409.0,ETH,3252.562,3252.55,17:06:49
2026-01-06 17:06:50+00:00,,410.0,ETH,3252.612,3252.58,17:06:50
2026-01-06 17:06:51+00:00,,411.0,ETH,3252.582,3252.57,17:06:51
2026-01-06 17:06:52+00:00,,412.0,ETH,3252.552,3252.54,17:06:52
2026-01-06 17:06:53+00:00,,413.0,ETH,3252.352,3252.33,17:06:53
2026-01-06 17:06:54+00:00,,414.0,ETH,3252.362,3252.35,17:06:54
2026-01-06 17:06:55+00:00,,415.0,ETH,3252.332,3252.3,17:06:55
2026-01-06 17:06:56+00:00,,416.0,ETH,3252.442,3252.36,17:06:56
2026-01-06 17:06:57+00:00,,417.0,ETH,3252.392,3252.34,17:06:57
2026-01-06 17:06:58+00:00,,418.0,ETH,3252.172,3252.13,17:06:58
2026-01-06 17:06:59+00:00,,419.0,ETH,3252.152,3252.13,17:06:59
2026-01-06 17:07:00+00:00,,420.0,ETH,3252.102,3252.07,17:07:00
2026-01-06 17:07:01+00:00,,421.0,ETH,3252.022,3252.0,17:07:01
2026-01-06 17:07:02+00:00,,422.0,ETH,3252.042,3252.02,17:07:02
2026-01-06 17:07:03+00:00,,423.0,ETH,3252.062,3252.05,17:07:03
2026-01-06 17:07:04+00:00,,424.0,ETH,3252.032,3252.02,17:07:04
2026-01-06 17:07:05+00:00,,425.0,ETH,3251.972,3251.96,17:07:05
2026-01-06 17:07:06+00:00,,426.0,ETH,3251.722,3251.66,17:07:06
2026-01-06 17:07:07+00:00,,427.0,ETH,3251.402,3251.34,17:07:07
2026-01-06 17:07:08+00:00,,428.0,ETH,3251.272,3251.27,17:07:08
2026-01-06 17:07:09+00:00,,429.0,ETH,3251.272,3251.26,17:07:09
2026-01-06 17:07:10+00:00,,430.0,ETH,3250.912,3250.83,17:07:10
2026-01-06 17:07:11+00:00,,431.0,ETH,3250.382,3250.29,17:07:11
2026-01-06 17:07:12+00:00,,432.0,ETH,3250.012,3249.96,17:07:12
2026-01-06 17:07:13+00:00,,433.0,ETH,3249.782,3249.74,17:07:13
2026-01-06 17:07:14+00:00,,434.0,ETH,3249.722,3249.72,17:07:14
2026-01-06 17:07:15+00:00,,435.0,ETH,3249.712,3249.7,17:07:15
2026-01-06 17:07:16+00:00,,436.0,ETH,3249.712,3249.71,17:07:16
2026-01-06 17:07:17+00:00,,437.0,ETH,3249.782,3249.73,17:07:17
2026-01-06 17:07:18+00:00,,438.0,ETH,3249.882,3249.81,17:07:18
2026-01-06 17:07:19+00:00,,439.0,ETH,3249.902,3249.86,17:07:19
2026-01-06 17:07:20+00:00,,440.0,ETH,3249.892,3249.86,17:07:20
2026-01-06 17:07:21+00:00,,441.0,ETH,3249.932,3249.86,17:07:21
2026-01-06 17:07:22+00:00,,442.0,ETH,3250.052,3249.96,17:07:22
2026-01-06 17:07:23+00:00,,443.0,ETH,3250.122,3250.05,17:07:23
2026-01-06 17:07:24+00:00,,444.0,ETH,3251.052,3250.88,17:07:24
2026-01-06 17:07:25+00:00,,445.0,ETH,3251.642,3251.52,17:07:25
2026-01-06 17:07:26+00:00,,446.0,ETH,3251.792,3251.72,17:07:26
2026-01-06 17:07:27+00:00,,447.0,ETH,3251.972,3251.8,17:07:27
2026-01-06 17:07:28+00:00,,448.0,ETH,3252.052,3251.94,17:07:28
2026-01-06 17:07:29+00:00,,449.0,ETH,3252.042,3251.94,17:07:29
2026-01-06 17:07:30+00:00,,450.0,ETH,3252.172,3252.03,17:07:30
2026-01-06 17:07:31+00:00,,451.0,ETH,3252.052,3251.99,17:07:31
2026-01-06 17:07:32+00:00,,452.0,ETH,3252.182,3252.04,17:07:32
2026-01-06 17:07:33+00:00,,453.0,ETH,3252.052,3251.96,17:07:33
2026-01-06 17:07:34+00:00,,454.0,ETH,3251.842,3251.79,17:07:34
2026-01-06 17:07:35+00:00,,455.0,ETH,3251.572,3251.39,17:07:35
2026-01-06 17:07:36+00:00,,456.0,ETH,3251.372,3251.35,17:07:36
2026-01-06 17:07:37+00:00,,457.0,ETH,3250.742,3250.59,17:07:37
2026-01-06 17:07:38+00:00,,458.0,ETH,3250.232,3250.19,17:07:38
2026-01-06 17:07:39+00:00,,459.0,ETH,3250.002,3249.99,17:07:39
2026-01-06 17:07:40+00:00,,460.0,ETH,3249.862,3249.85,17:07:40
2026-01-06 17:07:41+00:00,,461.0,ETH,3249.712,3249.7,17:07:41
2026-01-06 17:07:42+00:00,,462.0,ETH,3249.652,3249.65,17:07:42
2026-01-06 17:07:43+00:00,,463.0,ETH,3249.602,3249.57,17:07:43
2026-01-06 17:07:44+00:00,,464.0,ETH,3249.602,3249.55,17:07:44
2026-01-06 17:07:45+00:00,,465.0,ETH,3249.612,3249.57,17:07:45
2026-01-06 17:07:46+00:00,,466.0,ETH,3249.722,3249.66,17:07:46
2026-01-06 17:07:47+00:00,,467.0,ETH,3250.092,3249.99,17:07:47
2026-01-06 17:07:48+00:00,,468.0,ETH,3250.362,3250.25,17:07:48
2026-01-06 17:07:49+00:00,,469.0,ETH,3250.682,3250.63,17:07:49
2026-01-06 17:07:50+00:00,,470.0,ETH,3251.012,3250.83,17:07:50
2026-01-06 17:07:51+00:00,,471.0,ETH,3251.072,3250.83,17:07:51
2026-01-06 17:07:52+00:00,,472.0,ETH,3251.012,3250.83,17:07:52
2026-01-06 17:07:53+00:00,,473.0,ETH,3251.032,3250.84,17:07:53
2026-01-06 17:07:54+00:00,,474.0,ETH,3251.202,3250.97,17:07:54
2026-01-06 17:07:55+00:00,,475.0,ETH,3251.202,3250.98,17:07:55
2026-01-06 17:07:56+00:00,,476.0,ETH,3251.272,3251.07,17:07:56
2026-01-06 17:07:57+00:00,,477.0,ETH,3251.372,3251.18,17:07:57
2026-01-06 17:07:58+00:00,,478.0,ETH,3251.362,3251.23,17:07:58
2026-01-06 17:07:59+00:00,,479.0,ETH,3250.402,3250.35,17:07:59
2026-01-06 17:08:00+00:00,,480.0,ETH,3250.192,3250.17,17:08:00
2026-01-06 17:08:01+00:00,,481.0,ETH,3250.262,3250.22,17:08:01
2026-01-06 17:08:02+00:00,,482.0,ETH,3250.092,3249.91,17:08:02
2026-01-06 17:08:03+00:00,,483.0,ETH,3249.292,3249.06,17:08:03
2026-01-06 17:08:04+00:00,,484.0,ETH,3249.292,3249.06,17:08:04
2026-01-06 17:08:05+00:00,,485.0,ETH,3249.292,3249.06,17:08:05
2026-01-06 17:08:06+00:00,,486.0,ETH,3249.292,3249.09,17:08:06
2026-01-06 17:08:07+00:00,,487.0,ETH,3249.462,3249.26,17:08:07
2026-01-06 17:08:08+00:00,,488.0,ETH,3249.262,3249.23,17:08:08
2026-01-06 17:08:09+00:00,,489.0,ETH,3249.152,3249.14,17:08:09
2026-01-06 17:08:10+00:00,,490.0,ETH,3248.822,3248.66,17:08:10
2026-01-06 17:08:11+00:00,,491.0,ETH,3248.852,3248.66,17:08:11
2026-01-06 17:08:12+00:00,,492.0,ETH,3249.042,3248.94,17:08:12
2026-01-06 17:08:13+00:00,,493.0,ETH,3249.392,3249.28,17:08:13
2026-01-06 17:08:14+00:00,,494.0,ETH,3249.722,3249.59,17:08:14
2026-01-06 17:08:15+00:00,,495.0,ETH,3249.752,3249.6,17:08:15
2026-01-06 17:08:16+00:00,,496.0,ETH,3249.772,3249.6,17:08:16
2026-01-06 17:08:17+00:00,,497.0,ETH,3249.732,3249.53,17:08:17
2026-01-06 17:08:18+00:00,,498.0,ETH,3249.382,3249.21,17:08:18
2026-01-06 17:08:19+00:00,,499.0,ETH,3249.222,3249.12,17:08:19
2026-01-06 17:08:20+00:00,,500.0,ETH,3249.342,3249.27,17:08:20
2026-01-06 17:08:21+00:00,,501.0,ETH,3249.332,3249.25,17:08:21
2026-01-06 17:08:22+00:00,,502.0,ETH,3249.382,3249.28,17:08:22
2026-01-06 17:08:23+00:00,,503.0,ETH,3249.582,3249.49,17:08:23
2026-01-06 17:08:24+00:00,,504.0,ETH,3249.802,3249.7,17:08:24
2026-01-06 17:08:25+00:00,,505.0,ETH,3249.882,3249.78,17:08:25
2026-01-06 17:08:26+00:00,,506.0,ETH,3249.912,3249.82,17:08:26
2026-01-06 17:08:27+00:00,,507.0,ETH,3249.882,3249.83,17:08:27
2026-01-06 17:08:28+00:00,,508.0,ETH,3249.852,3249.78,17:08:28
2026-01-06 17:08:29+00:00,,509.0,ETH,3249.852,3249.66,17:08:29
2026-01-06 17:08:30+00:00,,510.0,ETH,3249.842,3249.64,17:08:30
2026-01-06 17:08:31+00:00,,511.0,ETH,3249.752,3249.63,17:08:31
2026-01-06 17:08:32+00:00,,512.0,ETH,3249.762,3249.67,17:08:32
2026-01-06 17:08:33+00:00,,513.0,ETH,3249.872,3249.75,17:08:33
2026-01-06 17:08:34+00:00,,514.0,ETH,3249.892,3249.78,17:08:34
2026-01-06 17:08:35+00:00,,515.0,ETH,3249.892,3249.79,17:08:35
2026-01-06 17:08:36+00:00,,516.0,ETH,3249.892,3249.73,17:08:36
2026-01-06 17:08:37+00:00,,517.0,ETH,3249.842,3249.75,17:08:37
2026-01-06 17:08:38+00:00,,518.0,ETH,3249.862,3249.71,17:08:38
2026-01-06 17:08:39+00:00,,519.0,ETH,3249.852,3249.82,17:08:39
2026-01-06 17:08:40+00:00,,520.0,ETH,3249.812,3249.74,17:08:40
2026-01-06 17:08:41+00:00,,521.0,ETH,3249.782,3249.73,17:08:41
2026-01-06 17:08:42+00:00,,522.0,ETH,3249.772,3249.73,17:08:42
2026-01-06 17:08:43+00:00,,523.0,ETH,3249.692,3249.6,17:08:43
2026-01-06 17:08:44+00:00,,524.0,ETH,3249.582,3249.43,17:08:44
2026-01-06 17:08:45+00:00,,525.0,ETH,3249.162,3249.15,17:08:45
2026-01-06 17:08:46+00:00,,526.0,ETH,3249.012,3248.99,17:08:46
2026-01-06 17:08:47+00:00,,527.0,ETH,3248.522,3248.49,17:08:47
2026-01-06 17:08:48+00:00,,528.0,ETH,3248.432,3248.41,17:08:48
2026-01-06 17:08:49+00:00,,529.0,ETH,3248.442,3248.41,17:08:49
2026-01-06 17:08:50+00:00,,530.0,ETH,3248.462,3248.41,17:08:50
2026-01-06 17:08:51+00:00,,531.0,ETH,3248.302,3248.23,17:08:51
2026-01-06 17:08:52+00:00,,532.0,ETH,3247.442,3247.4,17:08:52
2026-01-06 17:08:53+00:00,,533.0,ETH,3246.772,3246.73,17:08:53
2026-01-06 17:08:54+00:00,,534.0,ETH,3246.762,3246.7,17:08:54
2026-01-06 17:08:55+00:00,,535.0,ETH,3246.762,3246.7,17:08:55
2026-01-06 17:08:56+00:00,,536.0,ETH,3246.762,3246.71,17:08:56
2026-01-06 17:08:57+00:00,,537.0,ETH,3246.762,3246.72,17:08:57
2026-01-06 17:08:58+00:00,,538.0,ETH,3247.452,3247.4,17:08:58
2026-01-06 17:08:59+00:00,,539.0,ETH,3248.232,3248.12,17:08:59
2026-01-06 17:09:00+00:00,,540.0,ETH,3248.332,3248.17,17:09:00
2026-01-06 17:09:01+00:00,,541.0,ETH,3248.142,3247.97,17:09:01
2026-01-06 17:09:02+00:00,,542.0,ETH,3248.212,3248.11,17:09:02
2026-01-06 17:09:03+00:00,,543.0,ETH,3248.782,3248.76,17:09:03
2026-01-06 17:09:04+00:00,,544.0,ETH,3248.972,3248.43,17:09:04
2026-01-06 17:09:05+00:00,,545.0,ETH,3247.862,3247.7,17:09:05
2026-01-06 17:09:06+00:00,,546.0,ETH,3247.482,3247.42,17:09:06
2026-01-06 17:09:07+00:00,,547.0,ETH,3247.442,3247.36,17:09:07
2026-01-06 17:09:08+00:00,,548.0,ETH,3247.012,3246.88,17:09:08
2026-01-06 17:09:09+00:00,,549.0,ETH,3246.822,3246.77,17:09:09
2026-01-06 17:09:10+00:00,,550.0,ETH,3246.492,3246.44,17:09:10
2026-01-06 17:09:11+00:00,,551.0,ETH,3245.492,3244.84,17:09:11
2026-01-06 17:09:12+00:00,,552.0,ETH,3244.682,3244.5,17:09:12
2026-01-06 17:09:13+00:00,,553.0,ETH,3244.532,3244.51,17:09:13
2026-01-06 17:09:14+00:00,,554.0,ETH,3244.452,3244.33,17:09:14
2026-01-06 17:09:15+00:00,,555.0,ETH,3244.522,3244.36,17:09:15
2026-01-06 17:09:16+00:00,,556.0,ETH,3244.592,3244.39,17:09:16
2026-01-06 17:09:17+00:00,,557.0,ETH,3244.662,3244.42,17:09:17
2026-01-06 17:09:18+00:00,,558.0,ETH,3244.642,3244.5,17:09:18
2026-01-06 17:09:19+00:00,,559.0,ETH,3244.752,3244.61,17:09:19
2026-01-06 17:09:20+00:00,,560.0,ETH,3244.772,3244.42,17:09:20
2026-01-06 17:09:21+00:00,,561.0,ETH,3244.152,3243.96,17:09:21
2026-01-06 17:09:22+00:00,,562.0,ETH,3244.112,3243.91,17:09:22
2026-01-06 17:09:23+00:00,,563.0,ETH,3244.142,3244.06,17:09:23
2026-01-06 17:09:24+00:00,,564.0,ETH,3244.112,3243.97,17:09:24
2026-01-06 17:09:25+00:00,,565.0,ETH,3243.942,3243.74,17:09:25
2026-01-06 17:09:26+00:00,,566.0,ETH,3243.751,3243.56,17:09:26
2026-01-06 17:09:28+00:00,,568.0,ETH,3243.561,3243.55,17:09:28
2026-01-06 17:09:29+00:00,,569.0,ETH,3243.441,3243.39,17:09:29
2026-01-06 17:11:19+00:00,,679.0,ETH,3246.682,3246.62,
2026-01-06 17:09:30+00:00,,570.0,ETH,3243.301,3243.22,17:09:30
2026-01-06 17:11:12+00:00,,672.0,ETH,3246.652,3246.53,17:11:12
2026-01-06 17:09:31+00:00,,571.0,ETH,3243.251,3243.21,17:09:31
2026-01-06 17:11:13+00:00,,673.0,ETH,3246.702,3246.5,17:11:12
2026-01-06 17:09:32+00:00,,572.0,ETH,3244.002,3243.89,17:09:32
2026-01-06 17:11:14+00:00,,674.0,ETH,3246.742,3246.47,17:11:12
2026-01-06 17:09:33+00:00,,573.0,ETH,3244.162,3244.02,17:09:33
2026-01-06 17:11:15+00:00,,675.0,ETH,3246.772,3246.48,17:11:12
2026-01-06 17:09:34+00:00,,574.0,ETH,3244.112,3244.05,17:09:34
2026-01-06 17:11:16+00:00,,676.0,ETH,3246.802,3246.52,17:11:12
2026-01-06 17:09:35+00:00,,575.0,ETH,3244.102,3244.05,17:09:35
2026-01-06 17:11:17+00:00,,677.0,ETH,3246.732,3246.48,17:11:12
2026-01-06 17:09:36+00:00,,576.0,ETH,3244.102,3244.05,17:09:36
2026-01-06 17:09:37+00:00,,577.0,ETH,3243.822,3243.75,17:09:37
2026-01-06 17:09:38+00:00,,578.0,ETH,3243.761,3243.74,17:09:38
2026-01-06 17:11:20+00:00,,680.0,ETH,3246.142,3246.06,17:11:12
2026-01-06 17:09:39+00:00,,579.0,ETH,3243.932,3243.9,17:09:39
2026-01-06 17:11:21+00:00,,681.0,ETH,3246.132,3246.06,17:11:12
2026-01-06 17:11:22+00:00,,682.0,ETH,3246.122,3246.04,17:11:12
2026-01-06 17:09:40+00:00,,580.0,ETH,3244.102,3244.06,17:09:40
2026-01-06 17:11:23+00:00,,683.0,ETH,3246.092,3246.03,17:11:12
2026-01-06 17:09:41+00:00,,581.0,ETH,3244.132,3244.06,17:09:41
2026-01-06 17:09:42+00:00,,582.0,ETH,3244.672,3244.54,17:09:42
2026-01-06 17:11:24+00:00,,684.0,ETH,3245.952,3245.93,17:11:12
2026-01-06 17:09:43+00:00,,583.0,ETH,3244.752,3244.56,17:09:43
2026-01-06 17:11:25+00:00,,685.0,ETH,3245.842,3245.8,17:11:12
2026-01-06 17:09:44+00:00,,584.0,ETH,3244.612,3244.5,17:09:44
2026-01-06 17:11:26+00:00,,686.0,ETH,3245.822,3245.78,17:11:12
2026-01-06 17:09:45+00:00,,585.0,ETH,3244.222,3244.19,17:09:45
2026-01-06 17:11:27+00:00,,687.0,ETH,3245.862,3245.85,17:11:12
2026-01-06 17:09:46+00:00,,586.0,ETH,3244.072,3243.98,17:09:46
2026-01-06 17:11:28+00:00,,688.0,ETH,3245.932,3245.91,17:11:12
2026-01-06 17:09:47+00:00,,587.0,ETH,3244.052,3243.97,17:09:47
2026-01-06 17:11:29+00:00,,689.0,ETH,3246.162,3246.11,17:11:12
2026-01-06 17:09:48+00:00,,588.0,ETH,3244.232,3244.04,17:09:48
2026-01-06 17:11:30+00:00,,690.0,ETH,3246.392,3246.32,17:11:12
2026-01-06 17:09:49+00:00,,589.0,ETH,3244.572,3244.41,17:09:49
2026-01-06 17:11:31+00:00,,691.0,ETH,3246.442,3246.38,17:11:12
2026-01-06 17:09:50+00:00,,590.0,ETH,3244.582,3244.4,17:09:50
2026-01-06 17:11:32+00:00,,692.0,ETH,3246.642,3246.6,17:11:12
2026-01-06 17:09:51+00:00,,591.0,ETH,3244.562,3244.4,17:09:51
2026-01-06 17:11:33+00:00,,693.0,ETH,3246.602,3246.52,17:11:12
2026-01-06 17:09:52+00:00,,592.0,ETH,3244.442,3244.13,17:09:52
2026-01-06 17:11:34+00:00,,694.0,ETH,3246.502,3246.4,17:11:12
2026-01-06 17:09:53+00:00,,593.0,ETH,3244.202,3244.13,17:09:53
2026-01-06 17:11:35+00:00,,695.0,ETH,3246.432,3246.36,17:11:12
2026-01-06 17:09:54+00:00,,594.0,ETH,3244.192,3244.14,17:09:54
2026-01-06 17:11:36+00:00,,696.0,ETH,3246.372,3246.33,17:11:12
2026-01-06 17:09:55+00:00,,595.0,ETH,3244.192,3244.13,17:09:55
2026-01-06 17:11:37+00:00,,697.0,ETH,3246.322,3246.3,17:11:12
2026-01-06 17:09:56+00:00,,596.0,ETH,3244.242,3244.19,17:09:56
2026-01-06 17:11:38+00:00,,698.0,ETH,3246.292,3246.25,17:11:12
2026-01-06 17:09:57+00:00,,597.0,ETH,3244.392,3244.32,17:09:57
2026-01-06 17:11:39+00:00,,699.0,ETH,3246.282,3246.2,17:11:12
2026-01-06 17:09:58+00:00,,598.0,ETH,3244.352,3244.32,17:09:58
2026-01-06 17:11:40+00:00,,700.0,ETH,3246.212,3246.16,17:11:12
2026-01-06 17:09:59+00:00,,599.0,ETH,3244.362,3244.32,17:09:59
2026-01-06 17:11:41+00:00,,701.0,ETH,3246.102,3246.04,17:11:12
2026-01-06 17:10:00+00:00,,600.0,ETH,3244.352,3244.32,17:10:00
2026-01-06 17:11:42+00:00,,702.0,ETH,3246.052,3245.95,17:11:12
2026-01-06 17:10:01+00:00,,601.0,ETH,3244.412,3244.33,17:10:01
2026-01-06 17:11:43+00:00,,703.0,ETH,3246.032,3245.96,17:11:12
2026-01-06 17:10:02+00:00,,602.0,ETH,3244.492,3244.45,17:10:02
2026-01-06 17:11:44+00:00,,704.0,ETH,3246.002,3245.96,17:11:12
2026-01-06 17:10:03+00:00,,603.0,ETH,3244.602,3244.52,17:10:03
2026-01-06 17:11:45+00:00,,705.0,ETH,3246.002,3245.96,17:11:12
2026-01-06 17:10:04+00:00,,604.0,ETH,3244.662,3244.62,17:10:04
2026-01-06 17:11:46+00:00,,706.0,ETH,3246.302,3246.22,17:11:12
2026-01-06 17:10:05+00:00,,605.0,ETH,3245.172,3245.15,17:10:05
2026-01-06 17:11:47+00:00,,707.0,ETH,3246.622,3246.49,17:11:12
2026-01-06 17:10:06+00:00,,606.0,ETH,3245.332,3245.23,17:10:06
2026-01-06 17:11:48+00:00,,708.0,ETH,3246.662,3246.51,17:11:12
2026-01-06 17:10:07+00:00,,607.0,ETH,3245.692,3245.55,17:10:07
2026-01-06 17:11:49+00:00,,709.0,ETH,3246.722,3246.59,17:11:12
2026-01-06 17:10:08+00:00,,608.0,ETH,3246.032,3245.89,17:10:08
2026-01-06 17:11:50+00:00,,710.0,ETH,3246.912,3246.8,17:11:12
2026-01-06 17:10:09+00:00,,609.0,ETH,3246.162,3246.07,17:10:09
2026-01-06 17:11:51+00:00,,711.0,ETH,3247.032,3246.95,17:11:12
2026-01-06 17:10:10+00:00,,610.0,ETH,3246.392,3246.16,17:10:10
2026-01-06 17:11:52+00:00,,712.0,ETH,3247.042,3246.97,17:11:12
2026-01-06 17:10:11+00:00,,611.0,ETH,3246.622,3246.36,17:10:11
2026-01-06 17:11:53+00:00,,713.0,ETH,3247.072,3246.97,17:11:12
2026-01-06 17:10:12+00:00,,612.0,ETH,3246.682,3246.62,17:10:12
2026-01-06 17:11:54+00:00,,714.0,ETH,3247.072,3246.97,17:11:12
2026-01-06 17:10:13+00:00,,613.0,ETH,3246.652,3246.53,17:10:13
2026-01-06 17:11:55+00:00,,715.0,ETH,3246.912,3246.86,17:11:12
2026-01-06 17:10:14+00:00,,614.0,ETH,3246.652,3246.52,17:10:14
2026-01-06 17:11:56+00:00,,716.0,ETH,3246.882,3246.71,17:11:12
2026-01-06 17:10:15+00:00,,615.0,ETH,3246.742,3246.49,17:10:15
2026-01-06 17:11:57+00:00,,717.0,ETH,3246.792,3246.74,17:11:12
2026-01-06 17:10:16+00:00,,616.0,ETH,3246.742,3246.45,17:10:16
2026-01-06 17:11:58+00:00,,718.0,ETH,3246.792,3246.7,17:11:12
2026-01-06 17:10:17+00:00,,617.0,ETH,3246.802,3246.51,17:10:17
2026-01-06 17:11:59+00:00,,719.0,ETH,3246.732,3246.66,17:11:12
2026-01-06 17:10:18+00:00,,618.0,ETH,3246.802,3246.54,17:10:18
2026-01-06 17:12:00+00:00,,720.0,ETH,3246.732,3246.62,17:11:12
2026-01-06 17:10:19+00:00,,619.0,ETH,3246.652,3246.43,17:10:19
2026-01-06 17:12:01+00:00,,721.0,ETH,3247.162,3246.99,17:11:12
2026-01-06 17:10:20+00:00,,620.0,ETH,3246.532,3246.43,17:10:20
2026-01-06 17:12:02+00:00,,722.0,ETH,3247.162,3247.0,17:11:12
2026-01-06 17:10:21+00:00,,621.0,ETH,3246.142,3246.06,17:10:21
2026-01-06 17:12:03+00:00,,723.0,ETH,3247.062,3246.92,17:11:12
2026-01-06 17:10:22+00:00,,622.0,ETH,3246.142,3246.07,17:10:22
2026-01-06 17:12:04+00:00,,724.0,ETH,3246.682,3246.66,17:11:12
2026-01-06 17:10:23+00:00,,623.0,ETH,3246.122,3246.05,17:10:23
2026-01-06 17:12:05+00:00,,725.0,ETH,3246.682,3246.57,17:11:12
2026-01-06 17:10:24+00:00,,624.0,ETH,3246.122,3246.04,17:10:24
2026-01-06 17:12:06+00:00,,726.0,ETH,3246.552,3246.48,17:11:12
2026-01-06 17:10:25+00:00,,625.0,ETH,3246.052,3246.02,17:10:25
2026-01-06 17:12:07+00:00,,727.0,ETH,3246.372,3246.33,17:11:12
2026-01-06 17:10:26+00:00,,626.0,ETH,3245.842,3245.84,17:10:26
2026-01-06 17:12:08+00:00,,728.0,ETH,3246.342,3246.34,17:11:12
2026-01-06 17:10:27+00:00,,627.0,ETH,3245.842,3245.76,17:10:27
2026-01-06 17:12:09+00:00,,729.0,ETH,3246.212,3246.2,17:11:12
2026-01-06 17:10:28+00:00,,628.0,ETH,3245.802,3245.79,17:10:28
2026-01-06 17:12:10+00:00,,730.0,ETH,3246.212,3246.21,17:11:12
2026-01-06 17:10:29+00:00,,629.0,ETH,3245.932,3245.91,17:10:29
2026-01-06 17:10:30+00:00,,630.0,ETH,3245.932,3245.91,17:10:30
2026-01-06 17:10:31+00:00,,631.0,ETH,3246.392,3246.32,17:10:31
2026-01-06 17:10:32+00:00,,632.0,ETH,3246.442,3246.38,17:10:32
2026-01-06 17:10:33+00:00,,633.0,ETH,3246.642,3246.6,17:10:33
2026-01-06 17:10:34+00:00,,634.0,ETH,3246.652,3246.61,17:10:34
2026-01-06 17:10:35+00:00,,635.0,ETH,3246.552,3246.44,17:10:35
2026-01-06 17:10:36+00:00,,636.0,ETH,3246.462,3246.37,17:10:36
2026-01-06 17:10:37+00:00,,637.0,ETH,3246.372,3246.33,17:10:37
2026-01-06 17:10:38+00:00,,638.0,ETH,3246.322,3246.3,17:10:38
2026-01-06 17:10:39+00:00,,639.0,ETH,3246.292,3246.25,17:10:39
2026-01-06 17:10:40+00:00,,640.0,ETH,3246.282,3246.2,17:10:40
2026-01-06 17:10:41+00:00,,641.0,ETH,3246.212,3246.16,17:10:41
2026-01-06 17:10:42+00:00,,642.0,ETH,3246.102,3246.04,17:10:42
2026-01-06 17:10:43+00:00,,643.0,ETH,3246.052,3245.95,17:10:43
2026-01-06 17:10:44+00:00,,644.0,ETH,3246.032,3245.96,17:10:44
2026-01-06 17:10:45+00:00,,645.0,ETH,3246.002,3245.96,17:10:45
2026-01-06 17:10:46+00:00,,646.0,ETH,3246.002,3245.96,17:10:46
2026-01-06 17:10:47+00:00,,647.0,ETH,3246.302,3246.22,17:10:47
2026-01-06 17:10:48+00:00,,648.0,ETH,3246.622,3246.49,17:10:48
2026-01-06 17:10:49+00:00,,649.0,ETH,3246.662,3246.51,17:10:49
2026-01-06 17:10:50+00:00,,650.0,ETH,3246.722,3246.59,17:10:50
2026-01-06 17:10:51+00:00,,651.0,ETH,3246.912,3246.8,17:10:51
2026-01-06 17:10:52+00:00,,652.0,ETH,3247.032,3246.95,17:10:52
2026-01-06 17:10:53+00:00,,653.0,ETH,3247.042,3246.97,17:10:53
2026-01-06 17:10:54+00:00,,654.0,ETH,3247.072,3246.97,17:10:54
2026-01-06 17:10:55+00:00,,655.0,ETH,3246.992,3246.91,17:10:55
2026-01-06 17:10:56+00:00,,656.0,ETH,3246.902,3246.78,17:10:56
2026-01-06 17:10:57+00:00,,657.0,ETH,3246.842,3246.73,17:10:57
2026-01-06 17:10:58+00:00,,658.0,ETH,3246.792,3246.72,17:10:58
2026-01-06 17:10:59+00:00,,659.0,ETH,3246.762,3246.68,17:10:59
2026-01-06 17:11:00+00:00,,660.0,ETH,3246.732,3246.66,17:11:00
2026-01-06 17:11:01+00:00,,661.0,ETH,3246.732,3246.62,17:11:01
2026-01-06 17:11:02+00:00,,662.0,ETH,3247.162,3246.99,17:11:02
2026-01-06 17:11:03+00:00,,663.0,ETH,3247.162,3247.0,17:11:03
2026-01-06 17:11:04+00:00,,664.0,ETH,3247.062,3246.92,17:11:04
2026-01-06 17:11:05+00:00,,665.0,ETH,3246.682,3246.62,17:11:05
2026-01-06 17:11:06+00:00,,666.0,ETH,3246.612,3246.53,17:11:06
2026-01-06 17:11:07+00:00,,667.0,ETH,3246.462,3246.4,17:11:07
2026-01-06 17:11:08+00:00,,668.0,ETH,3246.362,3246.33,17:11:08
2026-01-06 17:11:09+00:00,,669.0,ETH,3246.282,3246.27,17:11:09
2026-01-06 17:11:10+00:00,,670.0,ETH,3246.212,3246.21,17:11:10
2026-01-06 17:11:11+00:00,,671.0,ETH,3246.102,3246.1,17:11:11
2026-01-06 17:11:12+00:00,,672.0,ETH,3245.852,3245.84,17:11:12
2026-01-06 17:11:13+00:00,,673.0,ETH,3245.642,3245.61,17:11:13
2026-01-06 17:11:14+00:00,,674.0,ETH,3245.512,3245.47,17:11:14
2026-01-06 17:11:15+00:00,,675.0,ETH,3245.432,3245.4,17:11:15
2026-01-06 17:11:16+00:00,,676.0,ETH,3245.402,3245.37,17:11:16
2026-01-06 17:11:17+00:00,,677.0,ETH,3245.312,3245.29,17:11:17
2026-01-06 17:11:18+00:00,,678.0,ETH,3245.202,3245.17,17:11:18
2026-01-06 17:11:19+00:00,,679.0,ETH,3245.142,3245.08,17:11:19
2026-01-06 17:11:20+00:00,,680.0,ETH,3245.122,3245.08,17:11:20
2026-01-06 17:11:21+00:00,,681.0,ETH,3245.132,3245.1,17:11:21
2026-01-06 17:11:22+00:00,,682.0,ETH,3245.042,3245.0,17:11:22
2026-01-06 17:11:23+00:00,,683.0,ETH,3244.962,3244.87,17:11:23
2026-01-06 17:11:24+00:00,,684.0,ETH,3244.982,3244.89,17:11:24
2026-01-06 17:11:25+00:00,,685.0,ETH,3244.932,3244.9,17:11:25
2026-01-06 17:11:26+00:00,,686.0,ETH,3244.932,3244.9,17:11:26
2026-01-06 17:11:27+00:00,,687.0,ETH,3245.032,3244.99,17:11:27
2026-01-06 17:12:11+00:00,,731.0,ETH,3247.662,3247.57,17:12:11
2026-01-06 17:11:28+00:00,,688.0,ETH,3245.102,3245.06,17:11:28
2026-01-06 17:12:12+00:00,,732.0,ETH,3247.822,3247.69,17:12:12
2026-01-06 17:11:29+00:00,,689.0,ETH,3245.442,3245.4,17:11:29
2026-01-06 17:12:13+00:00,,733.0,ETH,3247.812,3247.6,17:12:13
2026-01-06 17:11:30+00:00,,690.0,ETH,3245.832,3245.77,17:11:30
2026-01-06 17:12:14+00:00,,734.0,ETH,3247.762,3247.6,17:12:14
2026-01-06 17:11:31+00:00,,691.0,ETH,3245.892,3245.81,17:11:31
2026-01-06 17:12:15+00:00,,735.0,ETH,3247.082,3246.86,17:12:15
2026-01-06 17:11:32+00:00,,692.0,ETH,3246.062,3245.95,17:11:32
2026-01-06 17:12:16+00:00,,736.0,ETH,3246.922,3246.86,17:12:16
2026-01-06 17:11:33+00:00,,693.0,ETH,3246.242,3246.14,17:11:33
2026-01-06 17:12:17+00:00,,737.0,ETH,3247.072,3247.04,17:12:17
2026-01-06 17:11:34+00:00,,694.0,ETH,3246.242,3246.17,17:11:34
2026-01-06 17:12:18+00:00,,738.0,ETH,3247.332,3247.29,17:12:18
2026-01-06 17:11:35+00:00,,695.0,ETH,3246.172,3246.08,17:11:35
2026-01-06 17:12:19+00:00,,739.0,ETH,3247.412,3247.22,17:12:19
2026-01-06 17:11:36+00:00,,696.0,ETH,3246.012,3245.95,17:11:36
2026-01-06 17:12:20+00:00,,740.0,ETH,3247.512,3247.31,17:12:20
2026-01-06 17:11:37+00:00,,697.0,ETH,3245.682,3245.65,17:11:37
2026-01-06 17:12:21+00:00,,741.0,ETH,3247.512,3247.33,17:12:21
2026-01-06 17:11:38+00:00,,698.0,ETH,3245.432,3245.33,17:11:38
2026-01-06 17:12:22+00:00,,742.0,ETH,3247.342,3247.34,17:12:22
2026-01-06 17:11:39+00:00,,699.0,ETH,3245.352,3245.26,17:11:39
2026-01-06 17:12:23+00:00,,743.0,ETH,3247.612,3247.39,17:12:23
2026-01-06 17:11:40+00:00,,700.0,ETH,3245.302,3245.26,17:11:40
2026-01-06 17:12:24+00:00,,744.0,ETH,3248.642,3248.31,17:12:24
2026-01-06 17:11:41+00:00,,701.0,ETH,3245.292,3245.25,17:11:41
2026-01-06 17:12:25+00:00,,745.0,ETH,3248.522,3248.13,17:12:25
2026-01-06 17:11:42+00:00,,702.0,ETH,3245.432,3245.37,17:11:42
2026-01-06 17:12:26+00:00,,746.0,ETH,3248.232,3248.13,17:12:26
2026-01-06 17:11:43+00:00,,703.0,ETH,3245.602,3245.55,17:11:43
2026-01-06 17:12:27+00:00,,747.0,ETH,3248.022,3247.98,17:12:27
2026-01-06 17:11:44+00:00,,704.0,ETH,3245.612,3245.55,17:11:44
2026-01-06 17:12:28+00:00,,748.0,ETH,3248.042,3247.83,17:12:28
2026-01-06 17:11:45+00:00,,705.0,ETH,3245.602,3245.5,17:11:45
2026-01-06 17:12:29+00:00,,749.0,ETH,3248.092,3248.06,17:12:29
2026-01-06 17:11:46+00:00,,706.0,ETH,3245.602,3245.51,17:11:46
2026-01-06 17:12:30+00:00,,750.0,ETH,3248.612,3248.52,17:12:30
2026-01-06 17:11:47+00:00,,707.0,ETH,3245.682,3245.57,17:11:47
2026-01-06 17:12:31+00:00,,751.0,ETH,3248.722,3248.46,17:12:31
2026-01-06 17:11:48+00:00,,708.0,ETH,3245.762,3245.63,17:11:48
2026-01-06 17:12:32+00:00,,752.0,ETH,3248.652,3248.49,17:12:31
2026-01-06 17:11:49+00:00,,709.0,ETH,3245.652,3245.63,17:11:49
2026-01-06 17:12:33+00:00,,753.0,ETH,3248.252,3248.17,17:12:33
2026-01-06 17:11:50+00:00,,710.0,ETH,3245.692,3245.64,17:11:50
2026-01-06 17:12:34+00:00,,754.0,ETH,3248.182,3248.06,17:12:34
2026-01-06 17:11:51+00:00,,711.0,ETH,3245.672,3245.64,17:11:51
2026-01-06 17:12:35+00:00,,755.0,ETH,3248.032,3247.99,17:12:35
2026-01-06 17:11:52+00:00,,712.0,ETH,3245.702,3245.61,17:11:52
2026-01-06 17:12:36+00:00,,756.0,ETH,3247.812,3247.78,17:12:36
2026-01-06 17:11:53+00:00,,713.0,ETH,3245.732,3245.64,17:11:53
2026-01-06 17:12:37+00:00,,757.0,ETH,3247.872,3247.85,17:12:37
2026-01-06 17:11:54+00:00,,714.0,ETH,3245.732,3245.64,17:11:54
2026-01-06 17:12:38+00:00,,758.0,ETH,3247.972,3247.87,17:12:38
2026-01-06 17:11:55+00:00,,715.0,ETH,3245.732,3245.65,17:11:55
2026-01-06 17:12:39+00:00,,759.0,ETH,3248.032,3247.9,17:12:39
2026-01-06 17:11:56+00:00,,716.0,ETH,3245.802,3245.65,17:11:56
2026-01-06 17:12:40+00:00,,760.0,ETH,3248.032,3247.9,17:12:40
2026-01-06 17:11:57+00:00,,717.0,ETH,3245.882,3245.78,17:11:57
2026-01-06 17:12:41+00:00,,761.0,ETH,3248.102,3248.09,17:12:41
2026-01-06 17:11:58+00:00,,718.0,ETH,3245.942,3245.78,17:11:58
2026-01-06 17:12:42+00:00,,762.0,ETH,3249.282,3249.06,17:12:42
2026-01-06 17:11:59+00:00,,719.0,ETH,3245.852,3245.81,17:11:59
2026-01-06 17:12:43+00:00,,763.0,ETH,3249.832,3249.56,17:12:43
2026-01-06 17:12:00+00:00,,720.0,ETH,3245.872,3245.72,17:12:00
2026-01-06 17:12:44+00:00,,764.0,ETH,3249.942,3249.81,17:12:44
2026-01-06 17:12:01+00:00,,721.0,ETH,3245.872,3245.74,17:12:01
2026-01-06 17:12:45+00:00,,765.0,ETH,3249.782,3249.74,17:12:45
2026-01-06 17:12:02+00:00,,722.0,ETH,3245.932,3245.85,17:12:02
2026-01-06 17:12:46+00:00,,766.0,ETH,3249.602,3249.56,17:12:46
2026-01-06 17:12:03+00:00,,723.0,ETH,3245.912,3245.82,17:12:03
2026-01-06 17:12:47+00:00,,767.0,ETH,3249.602,3249.55,17:12:47
2026-01-06 17:12:04+00:00,,724.0,ETH,3245.992,3245.84,17:12:04
2026-01-06 17:12:48+00:00,,768.0,ETH,3249.622,3249.53,17:12:48
2026-01-06 17:12:05+00:00,,725.0,ETH,3246.032,3246.02,17:12:05
2026-01-06 17:12:49+00:00,,769.0,ETH,3249.612,3249.48,17:12:49
2026-01-06 17:12:06+00:00,,726.0,ETH,3246.492,3246.33,17:12:06
2026-01-06 17:12:50+00:00,,770.0,ETH,3249.622,3249.48,17:12:50
2026-01-06 17:12:07+00:00,,727.0,ETH,3246.882,3246.81,17:12:07
2026-01-06 17:12:51+00:00,,771.0,ETH,3249.652,3249.61,17:12:51
2026-01-06 17:12:08+00:00,,728.0,ETH,3247.362,3247.31,17:12:08
2026-01-06 17:12:52+00:00,,772.0,ETH,3249.642,3249.55,17:12:52
2026-01-06 17:12:09+00:00,,729.0,ETH,3247.512,3247.41,17:12:09
2026-01-06 17:12:53+00:00,,773.0,ETH,3249.722,3249.64,17:12:53
2026-01-06 17:12:10+00:00,,730.0,ETH,3247.572,3247.45,17:12:10
2026-01-06 17:12:54+00:00,,774.0,ETH,3249.752,3249.64,17:12:54
2026-01-06 17:12:11+00:00,,731.0,ETH,3247.742,3247.63,17:12:11
2026-01-06 17:12:55+00:00,,775.0,ETH,3249.752,3249.65,17:12:55
2026-01-06 17:12:12+00:00,,732.0,ETH,3247.822,3247.65,17:12:12
2026-01-06 17:12:56+00:00,,776.0,ETH,3249.972,3249.77,17:12:56
2026-01-06 17:12:13+00:00,,733.0,ETH,3247.812,3247.6,17:12:13
2026-01-06 17:12:57+00:00,,777.0,ETH,3250.012,3249.85,17:12:57
2026-01-06 17:12:14+00:00,,734.0,ETH,3247.762,3247.6,17:12:14
2026-01-06 17:12:58+00:00,,778.0,ETH,3249.982,3249.85,17:12:58
2026-01-06 17:12:15+00:00,,735.0,ETH,3247.082,3246.86,17:12:15
2026-01-06 17:12:59+00:00,,779.0,ETH,3249.932,3249.81,17:12:59
2026-01-06 17:12:16+00:00,,736.0,ETH,3246.922,3246.86,17:12:16
2026-01-06 17:13:00+00:00,,780.0,ETH,3249.892,3249.7,17:13:00
2026-01-06 17:12:17+00:00,,737.0,ETH,3247.072,3247.04,17:12:17
2026-01-06 17:13:01+00:00,,781.0,ETH,3249.792,3249.7,17:13:01
2026-01-06 17:12:18+00:00,,738.0,ETH,3247.332,3247.29,17:12:18
2026-01-06 17:13:02+00:00,,782.0,ETH,3249.722,3249.66,17:13:02
2026-01-06 17:12:19+00:00,,739.0,ETH,3247.412,3247.22,17:12:19
2026-01-06 17:13:03+00:00,,783.0,ETH,3249.772,3249.69,17:13:03
2026-01-06 17:12:20+00:00,,740.0,ETH,3247.512,3247.31,17:12:20
2026-01-06 17:13:04+00:00,,784.0,ETH,3249.402,3249.26,17:13:04
2026-01-06 17:12:21+00:00,,741.0,ETH,3247.512,3247.33,17:12:21
2026-01-06 17:13:05+00:00,,785.0,ETH,3249.002,3248.99,17:13:05
2026-01-06 17:12:22+00:00,,742.0,ETH,3247.342,3247.34,17:12:22
2026-01-06 17:13:06+00:00,,786.0,ETH,3248.902,3248.81,17:13:06
2026-01-06 17:12:23+00:00,,743.0,ETH,3247.612,3247.39,17:12:23
2026-01-06 17:13:07+00:00,,787.0,ETH,3248.852,3248.82,17:13:07
2026-01-06 17:12:24+00:00,,744.0,ETH,3248.642,3248.31,17:12:24
2026-01-06 17:13:08+00:00,,788.0,ETH,3248.832,3248.82,17:13:08
2026-01-06 17:12:25+00:00,,745.0,ETH,3248.522,3248.13,17:12:25
2026-01-06 17:13:09+00:00,,789.0,ETH,3248.832,3248.82,17:13:09
2026-01-06 17:12:26+00:00,,746.0,ETH,3248.232,3248.13,17:12:26
2026-01-06 17:13:10+00:00,,790.0,ETH,3248.972,3248.82,17:13:10
2026-01-06 17:12:27+00:00,,747.0,ETH,3248.022,3247.98,17:12:27
2026-01-06 17:13:11+00:00,,791.0,ETH,3248.932,3248.87,17:13:11
2026-01-06 17:12:28+00:00,,748.0,ETH,3248.042,3247.83,17:12:28
2026-01-06 17:13:12+00:00,,792.0,ETH,3248.942,3248.92,17:13:12
2026-01-06 17:12:29+00:00,,749.0,ETH,3248.092,3248.06,17:12:29
2026-01-06 17:13:13+00:00,,793.0,ETH,3248.962,3248.93,17:13:13
2026-01-06 17:12:30+00:00,,750.0,ETH,3248.612,3248.52,17:12:30
2026-01-06 17:13:14+00:00,,794.0,ETH,3249.062,3248.95,17:13:14
2026-01-06 17:12:31+00:00,,751.0,ETH,3248.722,3248.46,17:12:31
2026-01-06 17:13:15+00:00,,795.0,ETH,3248.942,3248.93,17:13:15
2026-01-06 17:12:32+00:00,,752.0,ETH,3248.592,3248.52,17:12:32
2026-01-06 17:13:16+00:00,,796.0,ETH,3248.962,3248.92,17:13:16
2026-01-06 17:12:33+00:00,,753.0,ETH,3248.252,3248.17,17:12:33
2026-01-06 17:13:17+00:00,,797.0,ETH,3248.962,3248.92,17:13:17
2026-01-06 17:12:34+00:00,,754.0,ETH,3248.182,3248.06,17:12:34
2026-01-06 17:13:18+00:00,,798.0,ETH,3248.962,3248.91,17:13:18
2026-01-06 17:12:35+00:00,,755.0,ETH,3248.032,3247.99,17:12:35
2026-01-06 17:13:19+00:00,,799.0,ETH,3248.952,3248.9,17:13:19
2026-01-06 17:12:36+00:00,,756.0,ETH,3247.812,3247.78,17:12:36
2026-01-06 17:13:20+00:00,,800.0,ETH,3248.962,3248.91,17:13:20
2026-01-06 17:12:37+00:00,,757.0,ETH,3247.922,3247.86,17:12:37
2026-01-06 17:13:21+00:00,,801.0,ETH,3248.962,3248.94,17:13:21
2026-01-06 17:12:38+00:00,,758.0,ETH,3248.002,3247.89,17:12:38
2026-01-06 17:13:22+00:00,,802.0,ETH,3248.972,3248.94,17:13:22
2026-01-06 17:12:39+00:00,,759.0,ETH,3248.032,3247.9,17:12:39
2026-01-06 17:13:24+00:00,,804.0,ETH,3248.932,3248.87,17:13:24
2026-01-06 17:12:40+00:00,,760.0,ETH,3248.062,3248.0,17:12:40
2026-01-06 17:13:25+00:00,,805.0,ETH,3248.852,3248.83,17:13:25
2026-01-06 17:12:41+00:00,,761.0,ETH,3248.692,3248.57,17:12:41
2026-01-06 17:13:26+00:00,,806.0,ETH,3248.692,3248.67,17:13:26
2026-01-06 17:12:42+00:00,,762.0,ETH,3249.552,3249.31,17:12:42
2026-01-06 17:13:27+00:00,,807.0,ETH,3248.642,3248.63,17:13:27
2026-01-06 17:12:43+00:00,,763.0,ETH,3249.882,3249.68,17:12:43
2026-01-06 17:13:28+00:00,,808.0,ETH,3248.612,3248.59,17:13:28
2026-01-06 17:12:44+00:00,,764.0,ETH,3249.862,3249.77,17:12:44
2026-01-06 17:13:29+00:00,,809.0,ETH,3248.662,3248.6,17:13:29
2026-01-06 17:12:45+00:00,,765.0,ETH,3249.692,3249.65,17:12:45
2026-01-06 17:13:30+00:00,,810.0,ETH,3248.642,3248.61,17:13:30
2026-01-06 17:12:46+00:00,,766.0,ETH,3249.602,3249.56,17:12:46
2026-01-06 17:13:31+00:00,,811.0,ETH,3248.652,3248.61,17:13:31
2026-01-06 17:12:47+00:00,,767.0,ETH,3249.612,3249.54,17:12:47
2026-01-06 17:13:32+00:00,,812.0,ETH,3248.642,3248.62,17:13:32
2026-01-06 17:12:48+00:00,,768.0,ETH,3249.612,3249.51,17:12:48
2026-01-06 17:13:33+00:00,,813.0,ETH,3248.412,3248.4,17:13:33
2026-01-06 17:12:49+00:00,,769.0,ETH,3249.612,3249.48,17:12:49
2026-01-06 17:13:34+00:00,,814.0,ETH,3247.882,3247.81,17:13:34
2026-01-06 17:12:50+00:00,,770.0,ETH,3249.642,3249.55,17:12:50
2026-01-06 17:13:35+00:00,,815.0,ETH,3247.652,3247.61,17:13:35
2026-01-06 17:12:51+00:00,,771.0,ETH,3249.652,3249.58,17:12:51
2026-01-06 17:13:36+00:00,,816.0,ETH,3247.522,3247.5,17:13:36
2026-01-06 17:12:52+00:00,,772.0,ETH,3249.682,3249.6,17:12:52
2026-01-06 17:13:37+00:00,,817.0,ETH,3247.522,3247.42,17:13:37
2026-01-06 17:13:38+00:00,,818.0,ETH,3247.702,3247.5,17:13:38
2026-01-06 17:12:53+00:00,,773.0,ETH,3249.732,3249.64,17:12:53
2026-01-06 17:13:39+00:00,,819.0,ETH,3247.372,3247.35,17:13:39
2026-01-06 17:12:55+00:00,,775.0,ETH,3249.752,3249.65,17:12:55
2026-01-06 17:13:40+00:00,,820.0,ETH,3247.382,3247.37,17:13:40
2026-01-06 17:12:56+00:00,,776.0,ETH,3249.972,3249.77,17:12:56
2026-01-06 17:13:41+00:00,,821.0,ETH,3247.352,3247.34,17:13:41
2026-01-06 17:12:57+00:00,,777.0,ETH,3250.012,3249.85,17:12:57
2026-01-06 17:13:42+00:00,,822.0,ETH,3247.172,3247.11,17:13:42
2026-01-06 17:12:58+00:00,,778.0,ETH,3249.982,3249.85,17:12:58
2026-01-06 17:13:43+00:00,,823.0,ETH,3247.062,3247.05,17:13:43
2026-01-06 17:12:59+00:00,,779.0,ETH,3249.932,3249.81,17:12:59
2026-01-06 17:13:44+00:00,,824.0,ETH,3247.062,3247.05,17:13:44
2026-01-06 17:13:00+00:00,,780.0,ETH,3249.892,3249.7,17:13:00
2026-01-06 17:13:01+00:00,,781.0,ETH,3249.792,3249.7,17:13:01
2026-01-06 17:13:45+00:00,,825.0,ETH,3247.062,3247.05,17:13:45
2026-01-06 17:13:02+00:00,,782.0,ETH,3249.722,3249.66,17:13:02
2026-01-06 17:13:46+00:00,,826.0,ETH,3247.112,3247.07,17:13:46
2026-01-06 17:13:03+00:00,,783.0,ETH,3249.772,3249.69,17:13:03
2026-01-06 17:13:47+00:00,,827.0,ETH,3247.102,3247.06,17:13:47
2026-01-06 17:13:04+00:00,,784.0,ETH,3249.402,3249.26,17:13:04
2026-01-06 17:13:48+00:00,,828.0,ETH,3247.092,3247.05,17:13:48
2026-01-06 17:13:05+00:00,,785.0,ETH,3249.002,3248.99,17:13:05
2026-01-06 17:13:49+00:00,,829.0,ETH,3247.082,3247.05,17:13:49
2026-01-06 17:13:06+00:00,,786.0,ETH,3248.902,3248.81,17:13:06
2026-01-06 17:13:50+00:00,,830.0,ETH,3246.792,3246.78,17:13:50
2026-01-06 17:13:07+00:00,,787.0,ETH,3248.852,3248.82,17:13:07
2026-01-06 17:13:51+00:00,,831.0,ETH,3246.542,3246.53,17:13:51
2026-01-06 17:13:08+00:00,,788.0,ETH,3248.832,3248.82,17:13:08
2026-01-06 17:13:52+00:00,,832.0,ETH,3246.512,3246.5,17:13:52
2026-01-06 17:13:09+00:00,,789.0,ETH,3248.832,3248.82,17:13:09
2026-01-06 17:13:53+00:00,,833.0,ETH,3246.432,3246.33,17:13:53
2026-01-06 17:13:10+00:00,,790.0,ETH,3248.972,3248.82,17:13:10
2026-01-06 17:13:54+00:00,,834.0,ETH,3246.262,3246.17,17:13:54
2026-01-06 17:13:11+00:00,,791.0,ETH,3248.932,3248.87,17:13:11
2026-01-06 17:13:55+00:00,,835.0,ETH,3246.122,3246.11,17:13:55
2026-01-06 17:13:12+00:00,,792.0,ETH,3248.942,3248.92,17:13:12
2026-01-06 17:13:56+00:00,,836.0,ETH,3245.982,3245.97,17:13:56
2026-01-06 17:13:13+00:00,,793.0,ETH,3248.962,3248.93,17:13:13
2026-01-06 17:13:57+00:00,,837.0,ETH,3245.862,3245.82,17:13:57
2026-01-06 17:13:14+00:00,,794.0,ETH,3249.062,3248.95,17:13:14
2026-01-06 17:13:58+00:00,,838.0,ETH,3245.762,3245.72,17:13:58
2026-01-06 17:13:15+00:00,,795.0,ETH,3248.942,3248.93,17:13:15
2026-01-06 17:13:59+00:00,,839.0,ETH,3245.942,3245.9,17:13:59
2026-01-06 17:13:16+00:00,,796.0,ETH,3248.962,3248.92,17:13:16
2026-01-06 17:14:00+00:00,,840.0,ETH,3246.262,3246.19,17:14:00
2026-01-06 17:13:17+00:00,,797.0,ETH,3248.962,3248.92,17:13:17
2026-01-06 17:14:01+00:00,,841.0,ETH,3246.392,3246.28,17:14:01
2026-01-06 17:13:18+00:00,,798.0,ETH,3248.962,3248.91,17:13:18
2026-01-06 17:14:02+00:00,,842.0,ETH,3246.962,3246.87,17:14:02
2026-01-06 17:13:19+00:00,,799.0,ETH,3248.962,3248.91,17:13:19
2026-01-06 17:14:03+00:00,,843.0,ETH,3247.832,3247.79,17:14:03
2026-01-06 17:13:20+00:00,,800.0,ETH,3248.962,3248.92,17:13:20
2026-01-06 17:14:04+00:00,,844.0,ETH,3248.282,3248.16,17:14:04
2026-01-06 17:13:21+00:00,,801.0,ETH,3248.962,3248.94,17:13:21
2026-01-06 17:14:05+00:00,,845.0,ETH,3248.692,3248.52,17:14:05
2026-01-06 17:13:22+00:00,,802.0,ETH,3248.972,3248.94,17:13:22
2026-01-06 17:14:06+00:00,,846.0,ETH,3248.992,3248.84,17:14:06
2026-01-06 17:13:23+00:00,,803.0,ETH,3248.952,3248.9,17:13:23
2026-01-06 17:14:07+00:00,,847.0,ETH,3248.792,3248.71,17:14:07
2026-01-06 17:13:24+00:00,,804.0,ETH,3248.892,3248.85,17:13:24
2026-01-06 17:14:08+00:00,,848.0,ETH,3248.612,3248.6,17:14:08
2026-01-06 17:13:25+00:00,,805.0,ETH,3248.852,3248.83,17:13:25
2026-01-06 17:14:09+00:00,,849.0,ETH,3248.472,3248.42,17:14:09
2026-01-06 17:13:26+00:00,,806.0,ETH,3248.692,3248.67,17:13:26
2026-01-06 17:14:10+00:00,,850.0,ETH,3248.312,3248.1,17:14:10
2026-01-06 17:13:27+00:00,,807.0,ETH,3248.642,3248.63,17:13:27
2026-01-06 17:14:11+00:00,,851.0,ETH,3247.972,3247.96,17:14:11
2026-01-06 17:13:28+00:00,,808.0,ETH,3248.612,3248.59,17:13:28
2026-01-06 17:14:12+00:00,,852.0,ETH,3247.972,3247.96,17:14:12
2026-01-06 17:13:29+00:00,,809.0,ETH,3248.662,3248.6,17:13:29
2026-01-06 17:14:13+00:00,,853.0,ETH,3248.202,3248.13,17:14:13
2026-01-06 17:13:30+00:00,,810.0,ETH,3248.642,3248.61,17:13:30
2026-01-06 17:14:14+00:00,,854.0,ETH,3248.212,3248.12,17:14:14
2026-01-06 17:13:31+00:00,,811.0,ETH,3248.652,3248.61,17:13:31
2026-01-06 17:14:15+00:00,,855.0,ETH,3248.362,3248.24,17:14:15
2026-01-06 17:13:32+00:00,,812.0,ETH,3248.642,3248.62,17:13:32
2026-01-06 17:14:16+00:00,,856.0,ETH,3248.352,3248.27,17:14:16
2026-01-06 17:13:33+00:00,,813.0,ETH,3248.412,3248.4,17:13:33
2026-01-06 17:14:17+00:00,,857.0,ETH,3248.342,3248.21,17:14:17
2026-01-06 17:13:34+00:00,,814.0,ETH,3247.882,3247.81,17:13:34
2026-01-06 17:14:18+00:00,,858.0,ETH,3248.042,3248.03,17:14:18
2026-01-06 17:13:35+00:00,,815.0,ETH,3247.652,3247.61,17:13:35
2026-01-06 17:14:19+00:00,,859.0,ETH,3248.062,3248.03,17:14:19
2026-01-06 17:13:36+00:00,,816.0,ETH,3247.522,3247.5,17:13:36
2026-01-06 17:14:20+00:00,,860.0,ETH,3248.012,3247.98,17:14:20
2026-01-06 17:13:37+00:00,,817.0,ETH,3247.522,3247.42,17:13:37
2026-01-06 17:14:21+00:00,,861.0,ETH,3247.992,3247.97,17:14:21
2026-01-06 17:13:38+00:00,,818.0,ETH,3247.702,3247.5,17:13:38
2026-01-06 17:14:22+00:00,,862.0,ETH,3247.842,3247.51,17:14:22
2026-01-06 17:13:39+00:00,,819.0,ETH,3247.372,3247.35,17:13:39
2026-01-06 17:14:23+00:00,,863.0,ETH,3247.512,3247.51,17:14:23
2026-01-06 17:13:40+00:00,,820.0,ETH,3247.382,3247.37,17:13:40
2026-01-06 17:14:24+00:00,,864.0,ETH,3247.512,3247.5,17:14:24
2026-01-06 17:13:41+00:00,,821.0,ETH,3247.352,3247.34,17:13:41
2026-01-06 17:14:25+00:00,,865.0,ETH,3247.512,3247.5,17:14:25
2026-01-06 17:13:42+00:00,,822.0,ETH,3247.172,3247.11,17:13:42
2026-01-06 17:14:26+00:00,,866.0,ETH,3247.512,3247.5,17:14:26
2026-01-06 17:13:43+00:00,,823.0,ETH,3247.062,3247.05,17:13:43
2026-01-06 17:14:27+00:00,,867.0,ETH,3247.472,3247.42,17:14:27
2026-01-06 17:13:44+00:00,,824.0,ETH,3247.062,3247.05,17:13:44
2026-01-06 17:14:28+00:00,,868.0,ETH,3247.352,3247.35,17:14:28
2026-01-06 17:13:45+00:00,,825.0,ETH,3247.062,3247.05,17:13:45
2026-01-06 17:14:29+00:00,,869.0,ETH,3247.012,3246.97,17:14:29
2026-01-06 17:13:46+00:00,,826.0,ETH,3247.062,3247.05,17:13:46
2026-01-06 17:14:30+00:00,,870.0,ETH,3246.802,3246.77,17:14:30
2026-01-06 17:13:47+00:00,,827.0,ETH,3247.162,3247.09,17:13:47
2026-01-06 17:14:31+00:00,,871.0,ETH,3246.562,3246.52,17:14:31
2026-01-06 17:13:48+00:00,,828.0,ETH,3247.042,3247.03,17:13:48
2026-01-06 17:14:32+00:00,,872.0,ETH,3246.502,3246.43,17:14:32
2026-01-06 17:13:49+00:00,,829.0,ETH,3247.142,3247.08,17:13:49
2026-01-06 17:14:33+00:00,,873.0,ETH,3246.202,3246.13,17:14:33
2026-01-06 17:13:50+00:00,,830.0,ETH,3247.032,3247.02,17:13:50
2026-01-06 17:14:34+00:00,,874.0,ETH,3245.922,3245.85,17:14:34
2026-01-06 17:14:35+00:00,,875.0,ETH,3245.922,3245.87,17:14:35
2026-01-06 17:13:51+00:00,,831.0,ETH,3246.542,3246.53,17:13:51
2026-01-06 17:14:36+00:00,,876.0,ETH,3246.032,3245.93,17:14:36
2026-01-06 17:13:52+00:00,,832.0,ETH,3246.512,3246.5,17:13:52
2026-01-06 17:14:37+00:00,,877.0,ETH,3245.802,3245.76,17:14:37
2026-01-06 17:13:53+00:00,,833.0,ETH,3246.432,3246.33,17:13:53
2026-01-06 17:14:38+00:00,,878.0,ETH,3245.872,3245.81,17:14:38
2026-01-06 17:13:54+00:00,,834.0,ETH,3246.262,3246.17,17:13:54
2026-01-06 17:14:39+00:00,,879.0,ETH,3246.092,3245.81,17:14:39
2026-01-06 17:13:55+00:00,,835.0,ETH,3246.122,3246.11,17:13:55
2026-01-06 17:14:40+00:00,,880.0,ETH,3246.022,3245.79,17:14:40
2026-01-06 17:13:56+00:00,,836.0,ETH,3245.982,3245.97,17:13:56
2026-01-06 17:14:41+00:00,,881.0,ETH,3245.772,3245.71,17:14:41
2026-01-06 17:13:57+00:00,,837.0,ETH,3245.862,3245.82,17:13:57
2026-01-06 17:14:42+00:00,,882.0,ETH,3245.642,3245.4,17:14:42
2026-01-06 17:13:59+00:00,,839.0,ETH,3245.692,3245.68,17:13:59
2026-01-06 17:14:43+00:00,,883.0,ETH,3245.122,3245.08,17:14:43
2026-01-06 17:14:00+00:00,,840.0,ETH,3246.192,3246.12,17:14:00
2026-01-06 17:14:44+00:00,,884.0,ETH,3244.972,3244.95,17:14:44
2026-01-06 17:14:01+00:00,,841.0,ETH,3246.332,3246.25,17:14:01
2026-01-06 17:14:45+00:00,,885.0,ETH,3244.932,3244.9,17:14:45
2026-01-06 17:14:02+00:00,,842.0,ETH,3246.452,3246.32,17:14:02
2026-01-06 17:14:46+00:00,,886.0,ETH,3244.982,3244.94,17:14:46
2026-01-06 17:14:03+00:00,,843.0,ETH,3247.472,3247.42,17:14:03
2026-01-06 17:14:47+00:00,,887.0,ETH,3245.012,3244.98,17:14:47
2026-01-06 17:14:04+00:00,,844.0,ETH,3248.192,3248.15,17:14:04
2026-01-06 17:14:48+00:00,,888.0,ETH,3245.122,3245.08,17:14:48
2026-01-06 17:14:05+00:00,,845.0,ETH,3248.382,3248.17,17:14:05
2026-01-06 17:14:49+00:00,,889.0,ETH,3245.082,3245.05,17:14:49
2026-01-06 17:14:06+00:00,,846.0,ETH,3249.012,3248.88,17:14:06
2026-01-06 17:14:50+00:00,,890.0,ETH,3245.192,3245.15,17:14:50
2026-01-06 17:14:07+00:00,,847.0,ETH,3248.972,3248.81,17:14:07
2026-01-06 17:14:51+00:00,,891.0,ETH,3245.212,3245.17,17:14:51
2026-01-06 17:14:08+00:00,,848.0,ETH,3248.612,3248.6,17:14:08
2026-01-06 17:14:52+00:00,,892.0,ETH,3245.192,3245.13,17:14:52
2026-01-06 17:14:09+00:00,,849.0,ETH,3248.472,3248.42,17:14:09
2026-01-06 17:14:53+00:00,,893.0,ETH,3245.192,3245.11,17:14:53
2026-01-06 17:14:10+00:00,,850.0,ETH,3248.312,3248.1,17:14:10
2026-01-06 17:14:54+00:00,,894.0,ETH,3245.382,3245.15,17:14:54
2026-01-06 17:14:11+00:00,,851.0,ETH,3247.972,3247.96,17:14:11
2026-01-06 17:14:55+00:00,,895.0,ETH,3244.922,3244.58,17:14:55
2026-01-06 17:14:12+00:00,,852.0,ETH,3247.972,3247.96,17:14:12
2026-01-06 17:14:56+00:00,,896.0,ETH,3244.622,3244.57,17:14:56
2026-01-06 17:14:13+00:00,,853.0,ETH,3248.202,3248.13,17:14:13
2026-01-06 17:14:57+00:00,,897.0,ETH,3244.652,3244.63,17:14:57
2026-01-06 17:14:14+00:00,,854.0,ETH,3248.212,3248.12,17:14:14
2026-01-06 17:14:58+00:00,,898.0,ETH,3244.002,3243.94,17:14:58
2026-01-06 17:14:15+00:00,,855.0,ETH,3248.362,3248.24,17:14:15
2026-01-06 17:14:59+00:00,,899.0,ETH,3243.842,3243.7,17:14:59
2026-01-06 17:14:16+00:00,,856.0,ETH,3248.352,3248.27,17:14:16
2026-01-06 17:14:17+00:00,,857.0,ETH,3248.342,3248.21,17:14:17
2026-01-06 17:14:18+00:00,,858.0,ETH,3248.042,3248.03,17:14:18
2026-01-06 17:14:19+00:00,,859.0,ETH,3248.062,3248.03,17:14:19
2026-01-06 17:14:20+00:00,,860.0,ETH,3248.012,3247.98,17:14:20
2026-01-06 17:14:21+00:00,,861.0,ETH,3247.992,3247.97,17:14:21
2026-01-06 17:14:22+00:00,,862.0,ETH,3247.842,3247.51,17:14:22
2026-01-06 17:14:23+00:00,,863.0,ETH,3247.512,3247.51,17:14:23
2026-01-06 17:14:24+00:00,,864.0,ETH,3247.512,3247.5,17:14:24
2026-01-06 17:14:25+00:00,,865.0,ETH,3247.512,3247.5,17:14:25
2026-01-06 17:14:26+00:00,,866.0,ETH,3247.512,3247.5,17:14:26
2026-01-06 17:14:27+00:00,,867.0,ETH,3247.472,3247.42,17:14:27
2026-01-06 17:14:28+00:00,,868.0,ETH,3247.352,3247.35,17:14:28
2026-01-06 17:14:29+00:00,,869.0,ETH,3247.032,3246.98,17:14:29
2026-01-06 17:14:30+00:00,,870.0,ETH,3247.002,3246.95,17:14:30
2026-01-06 17:14:31+00:00,,871.0,ETH,3246.592,3246.59,17:14:31
2026-01-06 17:14:32+00:00,,872.0,ETH,3246.522,3246.45,17:14:32
2026-01-06 17:14:33+00:00,,873.0,ETH,3246.482,3246.41,17:14:33
2026-01-06 17:14:34+00:00,,874.0,ETH,3245.922,3245.85,17:14:34
2026-01-06 17:14:35+00:00,,875.0,ETH,3245.922,3245.87,17:14:35
2026-01-06 17:14:36+00:00,,876.0,ETH,3246.032,3245.93,17:14:36
2026-01-06 17:14:37+00:00,,877.0,ETH,3245.802,3245.76,17:14:37
2026-01-06 17:14:38+00:00,,878.0,ETH,3245.982,3245.81,17:14:38
2026-01-06 17:14:39+00:00,,879.0,ETH,3246.052,3245.8,17:14:39
2026-01-06 17:14:40+00:00,,880.0,ETH,3245.892,3245.75,17:14:40
2026-01-06 17:14:41+00:00,,881.0,ETH,3245.712,3245.56,17:14:41
2026-01-06 17:14:42+00:00,,882.0,ETH,3245.382,3245.24,17:14:42
2026-01-06 17:14:43+00:00,,883.0,ETH,3245.042,3245.01,17:14:43
2026-01-06 17:14:44+00:00,,884.0,ETH,3244.952,3244.92,17:14:44
2026-01-06 17:14:45+00:00,,885.0,ETH,3244.962,3244.92,17:14:45
2026-01-06 17:14:46+00:00,,886.0,ETH,3244.992,3244.96,17:14:46
2026-01-06 17:14:47+00:00,,887.0,ETH,3245.072,3245.03,17:14:47
2026-01-06 17:14:48+00:00,,888.0,ETH,3245.102,3245.06,17:14:48
2026-01-06 17:14:49+00:00,,889.0,ETH,3245.142,3245.1,17:14:49
2026-01-06 17:14:50+00:00,,890.0,ETH,3245.202,3245.16,17:14:50
2026-01-06 17:14:51+00:00,,891.0,ETH,3245.202,3245.15,17:14:51
2026-01-06 17:14:52+00:00,,892.0,ETH,3245.192,3245.12,17:14:52
2026-01-06 17:14:53+00:00,,893.0,ETH,3245.292,3245.13,17:14:53
2026-01-06 17:14:54+00:00,,894.0,ETH,3245.152,3244.87,17:14:54
2026-01-06 17:14:55+00:00,,895.0,ETH,3244.772,3244.57,17:14:55
2026-01-06 17:14:57+00:00,,897.0,ETH,3244.652,3244.63,17:14:57
2026-01-06 17:14:58+00:00,,898.0,ETH,3244.002,3243.94,17:14:58
2026-01-06 17:14:59+00:00,,899.0,ETH,3243.842,3243.7,17:14:59
