timestamp,collected_at,seconds,up_mid,up_best_bid,up_best_ask,down_mid,down_best_bid,down_best_ask,up_best_bid_size,up_best_ask_size,down_best_bid_size,down_best_ask_size,up_bid_2,up_bid_2_size,up_ask_2,up_ask_2_size,down_bid_2,down_bid_2_size,down_ask_2,down_ask_2_size
2026-01-06 17:00:00.005000+00:00,2026-01-06 17:00:00.599866+00:00,0.005,0.515,0.51,0.52,0.485,0.48,0.49,21.0,89.35,89.35,21.0,0.5,39.37,0.53,174.33,0.47,174.33,0.5,39.37
2026-01-06 17:00:00.742000+00:00,2026-01-06 17:00:01.220445+00:00,0.742,0.515,0.51,0.52,0.485,0.48,0.49,21.0,89.35,89.35,21.0,0.5,39.37,0.53,174.33,0.47,174.33,0.5,39.37
2026-01-06 17:00:01.063000+00:00,2026-01-06 17:00:01.600330+00:00,1.063,0.515,0.51,0.52,0.485,0.48,0.49,1.0,89.35,99.35,1.0,0.5,39.37,0.53,174.33,0.47,174.33,0.5,39.37
2026-01-06 17:00:01.777000+00:00,2026-01-06 17:00:02.254143+00:00,1.777,0.505,0.5,0.51,0.495,0.49,0.5,58.37,131.69,146.69,49.37,0.49,124.19,0.52,205.35,0.48,205.35,0.51,124.19
2026-01-06 17:00:02.240000+00:00,2026-01-06 17:00:02.700528+00:00,2.24,0.48,0.47,0.49,0.52,0.51,0.53,5.0,56.81,61.81,10.0,0.45,209.06,0.5,88.08,0.5,88.08,0.55,209.06
2026-01-06 17:00:02.853000+00:00,2026-01-06 17:00:03.342311+00:00,2.853,0.485,0.48,0.49,0.515,0.51,0.52,7.0,40.48,40.48,7.0,0.47,5.0,0.5,88.08,0.5,88.08,0.53,5.0
2026-01-06 17:00:03.267000+00:00,2026-01-06 17:00:03.716881+00:00,3.267,0.48,0.47,0.49,0.52,0.51,0.53,1.86,38.46,38.46,1.86,0.45,93.06,0.5,88.08,0.5,88.08,0.55,209.06
2026-01-06 17:00:03.855000+00:00,2026-01-06 17:00:04.346512+00:00,3.855,0.475,0.47,0.48,0.525,0.52,0.53,26.86,10.0,25.0,56.86,0.45,88.06,0.5,88.08,0.5,88.08,0.55,88.06
2026-01-06 17:00:04.276000+00:00,2026-01-06 17:00:04.726203+00:00,4.276,0.485,0.48,0.49,0.515,0.51,0.52,15.0,15.0,45.0,15.0,0.47,6.86,0.5,88.08,0.5,88.08,0.53,6.86
2026-01-06 17:00:04.929000+00:00,2026-01-06 17:00:05.403084+00:00,4.929,0.475,0.47,0.48,0.545,0.54,0.55,10.86,60.0,46.0,75.07,0.46,46.0,0.49,177.0,0.53,15.0,0.56,30.0
2026-01-06 17:00:05.270000+00:00,2026-01-06 17:00:05.731320+00:00,5.27,0.455,0.45,0.46,0.545,0.54,0.55,55.07,46.0,51.0,1.24,0.44,30.0,0.47,15.0,0.53,15.0,0.56,30.0
2026-01-06 17:00:05.931000+00:00,2026-01-06 17:00:06.392365+00:00,5.931,0.445,0.44,0.45,0.555,0.55,0.56,45.0,15.39,10.39,45.0,0.43,9.47,0.46,81.0,0.54,96.0,0.57,9.47
2026-01-06 17:00:06.297000+00:00,2026-01-06 17:00:06.735271+00:00,6.297,0.455,0.45,0.46,0.565,0.56,0.57,10.0,96.0,15.0,188.9,0.44,39.0,0.47,101.0,0.55,101.0,0.58,166.0
2026-01-06 17:00:06.949000+00:00,2026-01-06 17:00:07.403477+00:00,6.949,0.435,0.43,0.44,0.575,0.57,0.58,97.89,60.0,9.11,50.0,0.42,65.0,0.45,217.0,0.56,45.0,0.59,237.0
2026-01-06 17:00:07.278000+00:00,2026-01-06 17:00:07.743005+00:00,7.278,0.425,0.42,0.43,0.575,0.57,0.58,25.22,9.11,64.11,30.22,0.41,222.0,0.44,45.0,0.56,65.0,0.59,242.0
2026-01-06 17:00:07.942000+00:00,2026-01-06 17:00:08.397020+00:00,7.942,0.425,0.42,0.43,0.575,0.57,0.58,50.0,22.13,57.13,50.0,0.41,145.0,0.44,162.0,0.56,152.0,0.59,150.0
2026-01-06 17:00:08.170000+00:00,2026-01-06 17:00:08.749524+00:00,8.17,0.425,0.42,0.43,0.575,0.57,0.58,50.0,52.13,65.48,18.0,0.41,150.0,0.44,157.0,0.56,157.84,0.59,150.0
2026-01-06 17:00:08.926000+00:00,2026-01-06 17:00:09.424638+00:00,8.926,0.425,0.42,0.43,0.575,0.57,0.58,15.0,77.13,77.13,15.0,0.41,120.0,0.44,157.84,0.56,157.84,0.59,120.0
2026-01-06 17:00:09.302000+00:00,2026-01-06 17:00:09.764116+00:00,9.302,0.425,0.42,0.43,0.575,0.57,0.58,15.0,77.13,77.13,15.0,0.41,115.0,0.44,172.84,0.56,172.84,0.59,115.0
2026-01-06 17:00:09.974000+00:00,2026-01-06 17:00:10.435393+00:00,9.974,0.425,0.42,0.43,0.585,0.58,0.59,13.13,133.13,30.0,80.0,0.41,80.0,0.44,152.84,0.57,133.13,0.6,126.0
2026-01-06 17:00:10.303000+00:00,2026-01-06 17:00:10.766570+00:00,10.303,0.415,0.41,0.42,0.585,0.58,0.59,80.0,90.0,85.0,80.0,0.4,131.0,0.43,131.0,0.57,136.0,0.6,151.0
2026-01-06 17:00:11.415000+00:00,2026-01-06 17:00:11.880931+00:00,11.415,0.405,0.4,0.41,0.595,0.59,0.6,181.0,30.0,35.0,176.0,0.39,136.0,0.42,109.0,0.58,104.0,0.61,141.0
2026-01-06 17:00:11.063000+00:00,2026-01-06 17:00:11.485628+00:00,11.063,0.415,0.41,0.42,0.59,0.58,0.6,7.0,119.0,124.0,181.0,0.4,181.0,0.43,131.0,0.57,141.0,0.61,136.0
2026-01-06 17:00:12.404000+00:00,2026-01-06 17:00:12.904132+00:00,12.404,0.405,0.4,0.41,0.595,0.59,0.6,186.0,24.0,39.0,171.0,0.39,146.0,0.42,181.0,0.58,181.0,0.61,216.0
2026-01-06 17:00:12.453000+00:00,2026-01-06 17:00:12.914553+00:00,12.453,0.405,0.4,0.41,0.595,0.59,0.6,186.0,24.0,39.0,156.0,0.39,146.0,0.42,181.0,0.58,181.0,0.61,216.0
2026-01-06 17:00:13.469000+00:00,2026-01-06 17:00:13.919798+00:00,13.469,0.405,0.4,0.41,0.595,0.59,0.6,375.83,14.0,14.0,355.83,0.39,398.0,0.42,188.0,0.58,188.0,0.61,418.0
2026-01-06 17:00:13.469000+00:00,2026-01-06 17:00:13.934791+00:00,13.469,0.405,0.4,0.41,0.595,0.59,0.6,375.83,14.0,29.0,360.83,0.39,398.0,0.42,188.0,0.58,173.0,0.61,418.0
2026-01-06 17:00:14.463000+00:00,2026-01-06 17:00:14.938127+00:00,14.463,0.425,0.42,0.43,0.575,0.57,0.58,19.0,227.0,307.0,19.0,0.41,126.0,0.44,61.84,0.56,131.84,0.59,126.0
2026-01-06 17:00:14.724000+00:00,2026-01-06 17:00:15.179726+00:00,14.724,0.425,0.42,0.43,0.575,0.57,0.58,19.0,307.0,302.0,19.0,0.41,121.0,0.44,252.84,0.56,252.84,0.59,121.0
2026-01-06 17:00:16.262000+00:00,2026-01-06 17:00:16.722732+00:00,16.262,0.405,0.4,0.41,0.595,0.59,0.6,228.83,59.56,59.56,313.83,0.39,257.0,0.42,47.87,0.58,47.87,0.61,257.0
2026-01-06 17:00:16.355000+00:00,2026-01-06 17:00:16.816383+00:00,16.355,0.405,0.4,0.41,0.595,0.59,0.6,313.83,59.56,59.56,313.83,0.39,257.0,0.42,47.87,0.58,118.87,0.61,262.0
2026-01-06 17:00:17.198000+00:00,2026-01-06 17:00:17.733356+00:00,17.198,0.415,0.41,0.42,0.585,0.58,0.59,192.51,45.0,45.0,192.51,0.4,258.83,0.43,78.0,0.57,78.0,0.6,258.83
2026-01-06 17:00:17.392000+00:00,2026-01-06 17:00:17.833374+00:00,17.392,0.415,0.41,0.42,0.585,0.58,0.59,192.51,45.0,2.14,187.51,0.4,258.83,0.43,78.0,0.57,78.0,0.6,258.83
2026-01-06 17:00:18.273000+00:00,2026-01-06 17:00:18.747592+00:00,18.273,0.425,0.42,0.43,0.575,0.57,0.58,11.0,57.0,57.0,11.0,0.41,122.0,0.44,106.84,0.56,106.84,0.59,122.0
2026-01-06 17:00:18.344000+00:00,2026-01-06 17:00:18.841254+00:00,18.344,0.425,0.42,0.43,0.585,0.58,0.59,11.0,57.0,15.0,132.0,0.41,122.0,0.44,106.84,0.57,57.0,0.6,227.83
2026-01-06 17:00:19.283000+00:00,2026-01-06 17:00:19.753258+00:00,19.283,0.425,0.42,0.43,0.575,0.57,0.58,50.0,52.0,52.0,36.0,0.41,283.74,0.44,66.84,0.56,51.84,0.59,283.74
2026-01-06 17:00:19.401000+00:00,2026-01-06 17:00:19.860735+00:00,19.401,0.425,0.42,0.43,0.575,0.57,0.58,36.0,52.0,22.0,81.0,0.41,283.74,0.44,51.84,0.56,86.84,0.59,268.74
2026-01-06 17:00:20.288000+00:00,2026-01-06 17:00:20.759588+00:00,20.288,0.435,0.43,0.44,0.565,0.56,0.57,82.24,41.0,36.0,67.24,0.42,10.0,0.46,35.0,0.54,156.0,0.58,10.0
2026-01-06 17:00:20.421000+00:00,2026-01-06 17:00:20.877065+00:00,20.421,0.435,0.43,0.44,0.565,0.56,0.57,67.24,36.0,31.0,67.24,0.42,10.0,0.46,35.0,0.55,71.0,0.58,10.0
2026-01-06 17:00:21.318000+00:00,2026-01-06 17:00:21.770148+00:00,21.318,0.435,0.43,0.44,0.565,0.56,0.57,21.0,40.0,40.0,92.62,0.42,238.0,0.45,113.0,0.55,113.0,0.58,238.0
2026-01-06 17:00:21.412000+00:00,2026-01-06 17:00:21.879219+00:00,21.412,0.435,0.43,0.44,0.565,0.56,0.57,76.0,40.0,40.0,92.62,0.42,238.0,0.45,113.0,0.55,113.0,0.58,238.0
2026-01-06 17:00:22.262000+00:00,2026-01-06 17:00:22.810265+00:00,22.262,0.435,0.43,0.44,0.555,0.55,0.56,404.69,14.0,35.77,65.0,0.42,413.0,0.45,78.0,0.54,71.0,0.57,344.69
2026-01-06 17:00:22.441000+00:00,2026-01-06 17:00:22.898044+00:00,22.441,0.44,0.43,0.45,0.555,0.55,0.56,369.69,35.77,35.77,169.21,0.42,403.0,0.46,71.0,0.54,71.0,0.57,349.69
2026-01-06 17:00:23.369000+00:00,2026-01-06 17:00:23.824743+00:00,23.369,0.445,0.44,0.45,0.555,0.55,0.56,156.4,34.77,54.77,156.4,0.43,371.71,0.46,71.0,0.54,71.0,0.57,371.71
2026-01-06 17:00:23.393000+00:00,2026-01-06 17:00:23.898713+00:00,23.393,0.445,0.44,0.45,0.555,0.55,0.56,156.4,39.77,49.77,141.4,0.43,371.71,0.46,71.0,0.54,77.0,0.57,381.71
2026-01-06 17:00:24.377000+00:00,2026-01-06 17:00:24.839105+00:00,24.377,0.445,0.44,0.45,0.555,0.55,0.56,74.61,46.0,51.0,74.61,0.43,236.71,0.46,71.0,0.54,51.0,0.57,236.71
2026-01-06 17:00:24.454000+00:00,2026-01-06 17:00:24.911875+00:00,24.454,0.445,0.44,0.45,0.555,0.55,0.56,74.61,51.0,106.0,74.61,0.43,271.71,0.46,71.0,0.54,46.0,0.57,236.71
2026-01-06 17:00:25.326000+00:00,2026-01-06 17:00:25.844144+00:00,25.326,0.435,0.43,0.44,0.565,0.56,0.57,39.71,70.0,81.02,39.71,0.42,5.0,0.45,122.0,0.55,128.96,0.58,5.0
2026-01-06 17:00:25.446000+00:00,2026-01-06 17:00:25.915982+00:00,25.446,0.435,0.43,0.44,0.565,0.56,0.57,39.71,81.02,81.02,44.71,0.42,5.0,0.45,128.96,0.55,133.96,0.58,10.0
2026-01-06 17:00:26.352000+00:00,2026-01-06 17:00:26.834605+00:00,26.352,0.435,0.43,0.44,0.565,0.56,0.57,5.04,41.02,41.02,5.04,0.42,302.0,0.45,158.96,0.55,158.96,0.58,302.0
2026-01-06 17:00:26.352000+00:00,2026-01-06 17:00:26.928649+00:00,26.352,0.435,0.43,0.44,0.565,0.56,0.57,5.04,41.02,41.02,10.04,0.42,302.0,0.45,158.96,0.55,158.96,0.58,302.0
2026-01-06 17:00:27.410000+00:00,2026-01-06 17:00:27.862018+00:00,27.41,0.435,0.43,0.44,0.575,0.57,0.58,1.81,147.02,35.0,41.08,0.42,76.0,0.45,133.96,0.56,142.02,0.59,226.0
2026-01-06 17:00:27.498000+00:00,2026-01-06 17:00:27.944466+00:00,27.498,0.425,0.42,0.43,0.575,0.57,0.58,41.08,15.0,35.0,41.08,0.41,105.0,0.44,147.02,0.56,142.02,0.59,226.0
2026-01-06 17:00:28.314000+00:00,2026-01-06 17:00:28.853325+00:00,28.314,0.425,0.42,0.43,0.575,0.57,0.58,151.08,35.0,35.0,151.08,0.41,342.0,0.44,175.02,0.56,275.02,0.59,342.0
2026-01-06 17:00:28.677000+00:00,2026-01-06 17:00:28.946028+00:00,28.677,0.425,0.42,0.43,0.575,0.57,0.58,151.08,35.0,5.0,317.08,0.41,412.0,0.44,275.02,0.56,140.02,0.59,397.0
2026-01-06 17:00:29.398000+00:00,2026-01-06 17:00:29.858078+00:00,29.398,0.425,0.42,0.43,0.575,0.57,0.58,231.0,40.0,40.0,231.0,0.41,412.0,0.44,211.02,0.56,211.02,0.59,412.0
2026-01-06 17:00:29.483000+00:00,2026-01-06 17:00:29.950454+00:00,29.483,0.425,0.42,0.43,0.575,0.57,0.58,231.0,40.0,40.0,231.0,0.41,412.0,0.44,211.02,0.56,211.02,0.59,412.0
2026-01-06 17:00:30.408000+00:00,2026-01-06 17:00:30.865623+00:00,30.408,0.415,0.41,0.42,0.585,0.58,0.59,142.0,60.0,60.0,142.0,0.4,248.83,0.43,65.0,0.57,136.0,0.6,248.83
2026-01-06 17:00:30.488000+00:00,2026-01-06 17:00:30.953063+00:00,30.488,0.415,0.41,0.42,0.585,0.58,0.59,142.0,60.0,60.0,142.0,0.4,248.83,0.43,65.0,0.57,136.0,0.6,248.83
2026-01-06 17:00:31.403000+00:00,2026-01-06 17:00:31.866055+00:00,31.403,0.415,0.41,0.42,0.585,0.58,0.59,158.8,55.0,54.0,163.8,0.4,304.83,0.43,207.0,0.57,257.0,0.6,309.83
2026-01-06 17:00:31.477000+00:00,2026-01-06 17:00:31.967491+00:00,31.477,0.415,0.41,0.42,0.585,0.58,0.59,163.8,54.0,54.0,37.8,0.4,309.83,0.43,257.0,0.57,257.0,0.6,309.83
2026-01-06 17:00:32.414000+00:00,2026-01-06 17:00:32.875911+00:00,32.414,0.415,0.41,0.42,0.585,0.58,0.59,270.8,5.0,5.0,250.8,0.4,455.83,0.43,227.0,0.57,222.0,0.6,470.83
2026-01-06 17:00:32.484000+00:00,2026-01-06 17:00:32.987830+00:00,32.484,0.415,0.41,0.42,0.585,0.58,0.59,250.8,5.0,20.0,250.8,0.4,470.83,0.43,222.0,0.57,236.8,0.6,470.83
2026-01-06 17:00:33.436000+00:00,2026-01-06 17:00:33.899167+00:00,33.436,0.415,0.41,0.42,0.585,0.58,0.59,133.0,111.0,111.0,12.0,0.4,445.83,0.43,271.8,0.57,276.8,0.6,329.83
2026-01-06 17:00:33.550000+00:00,2026-01-06 17:00:34.010995+00:00,33.55,0.415,0.41,0.42,0.585,0.58,0.59,12.0,111.0,111.0,133.0,0.4,329.83,0.43,276.8,0.57,276.8,0.6,521.83
2026-01-06 17:00:34.407000+00:00,2026-01-06 17:00:34.899302+00:00,34.407,0.415,0.41,0.42,0.585,0.58,0.59,133.0,106.0,49.57,133.0,0.4,450.83,0.43,376.8,0.57,276.8,0.6,450.83
2026-01-06 17:00:34.494000+00:00,2026-01-06 17:00:35.006124+00:00,34.494,0.415,0.41,0.42,0.585,0.58,0.59,133.0,34.57,64.57,12.0,0.4,450.83,0.43,276.8,0.57,276.8,0.6,455.83
2026-01-06 17:00:35.400000+00:00,2026-01-06 17:00:35.898254+00:00,35.4,0.415,0.41,0.42,0.585,0.58,0.59,9.54,69.57,180.57,9.54,0.4,369.83,0.43,170.8,0.57,222.8,0.6,163.83
2026-01-06 17:00:35.569000+00:00,2026-01-06 17:00:36.023543+00:00,35.569,0.415,0.41,0.42,0.585,0.58,0.59,9.54,180.57,180.57,9.54,0.4,163.83,0.43,222.8,0.57,217.8,0.6,158.83
2026-01-06 17:00:36.421000+00:00,2026-01-06 17:00:36.898858+00:00,36.421,0.41000000000000003,0.4,0.42,0.595,0.59,0.6,520.83,137.92,30.0,445.23,0.39,236.0,0.43,413.8,0.58,137.92,0.61,341.0
2026-01-06 17:00:36.499000+00:00,2026-01-06 17:00:37.040722+00:00,36.499,0.41000000000000003,0.4,0.42,0.595,0.59,0.6,500.83,137.92,30.0,445.23,0.39,256.0,0.43,413.8,0.58,308.92,0.61,341.0
2026-01-06 17:00:37.464000+00:00,2026-01-06 17:00:37.920422+00:00,37.464,0.405,0.4,0.41,0.595,0.59,0.6,95.23,58.95,63.95,95.23,0.39,10.0,0.42,198.1,0.58,203.1,0.61,10.0
2026-01-06 17:00:37.579000+00:00,2026-01-06 17:00:38.035544+00:00,37.579,0.405,0.4,0.41,0.595,0.59,0.6,95.23,63.95,63.95,95.23,0.39,10.0,0.42,203.1,0.58,203.1,0.61,10.0
2026-01-06 17:00:38.478000+00:00,2026-01-06 17:00:38.933217+00:00,38.478,0.385,0.38,0.39,0.615,0.61,0.62,62.83,30.0,30.0,62.83,0.37,272.0,0.4,83.0,0.6,83.0,0.63,272.0
2026-01-06 17:00:38.547000+00:00,2026-01-06 17:00:39.042959+00:00,38.547,0.385,0.38,0.39,0.615,0.61,0.62,62.83,30.0,30.0,62.83,0.37,272.0,0.4,83.0,0.6,83.0,0.63,272.0
2026-01-06 17:00:39.479000+00:00,2026-01-06 17:00:39.941890+00:00,39.479,0.385,0.38,0.39,0.615,0.61,0.62,30.83,40.0,40.0,25.83,0.37,197.0,0.4,189.0,0.6,239.0,0.63,237.0
2026-01-06 17:00:39.606000+00:00,2026-01-06 17:00:40.071035+00:00,39.606,0.385,0.38,0.39,0.615,0.61,0.62,25.83,40.0,69.8,25.83,0.37,237.0,0.4,239.0,0.6,249.0,0.63,202.0
2026-01-06 17:00:40.505000+00:00,2026-01-06 17:00:40.956421+00:00,40.505,0.375,0.37,0.38,0.625,0.62,0.63,71.0,84.95,84.95,89.0,0.36,40.0,0.39,59.8,0.61,59.8,0.64,40.0
2026-01-06 17:00:40.565000+00:00,2026-01-06 17:00:41.070301+00:00,40.565,0.375,0.37,0.38,0.625,0.62,0.63,71.0,84.95,84.95,89.0,0.36,40.0,0.39,59.8,0.61,59.8,0.64,45.0
2026-01-06 17:00:41.493000+00:00,2026-01-06 17:00:41.952336+00:00,41.493,0.375,0.37,0.38,0.625,0.62,0.63,41.88,34.6,39.6,41.88,0.36,15.0,0.39,14.36,0.61,14.36,0.64,15.0
2026-01-06 17:00:41.610000+00:00,2026-01-06 17:00:42.082083+00:00,41.61,0.375,0.37,0.38,0.625,0.62,0.63,41.88,39.6,39.6,41.88,0.36,15.0,0.39,14.36,0.61,14.36,0.64,15.0
2026-01-06 17:00:42.504000+00:00,2026-01-06 17:00:42.961653+00:00,42.504,0.375,0.37,0.38,0.625,0.62,0.63,97.76,34.6,39.6,62.76,0.36,85.0,0.39,51.36,0.61,86.36,0.64,5.0
2026-01-06 17:00:42.636000+00:00,2026-01-06 17:00:43.088303+00:00,42.636,0.375,0.37,0.38,0.625,0.62,0.63,62.76,39.6,39.6,62.76,0.36,40.0,0.39,86.36,0.61,91.36,0.64,40.0
2026-01-06 17:00:43.502000+00:00,2026-01-06 17:00:43.968871+00:00,43.502,0.375,0.37,0.38,0.635,0.63,0.64,57.76,54.6,13.24,40.0,0.36,40.0,0.39,186.36,0.62,54.6,0.65,95.0
2026-01-06 17:00:43.502000+00:00,2026-01-06 17:00:44.082355+00:00,43.502,0.375,0.37,0.38,0.635,0.63,0.64,57.76,54.6,73.24,45.0,0.36,40.0,0.39,186.36,0.62,54.6,0.65,95.0
2026-01-06 17:00:44.470000+00:00,2026-01-06 17:00:44.978452+00:00,44.47,0.365,0.36,0.37,0.635,0.63,0.64,102.87,53.24,53.24,102.87,0.35,105.0,0.38,101.6,0.62,86.6,0.65,170.0
2026-01-06 17:00:44.575000+00:00,2026-01-06 17:00:45.103338+00:00,44.575,0.365,0.36,0.37,0.635,0.63,0.64,102.87,53.24,68.24,102.87,0.35,170.0,0.38,86.6,0.62,86.6,0.65,170.0
2026-01-06 17:00:45.471000+00:00,2026-01-06 17:00:45.981806+00:00,45.471,0.355,0.35,0.36,0.645,0.64,0.65,185.0,30.0,30.0,185.0,0.34,422.0,0.37,129.24,0.63,124.24,0.66,422.0
2026-01-06 17:00:45.558000+00:00,2026-01-06 17:00:46.102172+00:00,45.558,0.355,0.35,0.36,0.645,0.64,0.65,185.0,30.0,45.0,185.0,0.34,422.0,0.37,124.24,0.63,124.24,0.66,422.0
2026-01-06 17:00:46.415000+00:00,2026-01-06 17:00:47.005290+00:00,46.415,0.355,0.35,0.36,0.645,0.64,0.65,201.0,30.0,30.0,201.0,0.34,422.0,0.37,124.24,0.63,124.24,0.66,422.0
2026-01-06 17:00:46.615000+00:00,2026-01-06 17:00:47.120044+00:00,46.615,0.355,0.35,0.36,0.64,0.63,0.65,201.0,30.0,123.69,166.0,0.34,422.0,0.37,124.24,0.62,84.6,0.66,412.0
2026-01-06 17:00:47.404000+00:00,2026-01-06 17:00:48.003258+00:00,47.404,0.365,0.36,0.37,0.635,0.63,0.64,5.0,110.45,110.45,5.0,0.35,161.98,0.38,49.6,0.62,49.6,0.65,166.98
2026-01-06 17:00:47.551000+00:00,2026-01-06 17:00:48.129995+00:00,47.551,0.365,0.36,0.37,0.635,0.63,0.64,5.0,110.45,110.45,5.0,0.35,166.98,0.38,49.6,0.62,49.6,0.65,166.98
2026-01-06 17:00:48.536000+00:00,2026-01-06 17:00:49.017387+00:00,48.536,0.365,0.36,0.37,0.635,0.63,0.64,23.0,74.45,74.45,23.0,0.35,138.98,0.38,54.6,0.62,54.6,0.65,138.98
2026-01-06 17:00:48.671000+00:00,2026-01-06 17:00:49.135408+00:00,48.671,0.365,0.36,0.37,0.635,0.63,0.64,23.0,74.45,74.45,23.0,0.35,138.98,0.38,54.6,0.62,54.6,0.65,138.98
2026-01-06 17:00:49.326000+00:00,2026-01-06 17:00:50.019880+00:00,49.326,0.365,0.36,0.37,0.635,0.63,0.64,18.0,74.45,74.45,23.0,0.35,148.98,0.38,59.6,0.62,59.6,0.65,143.98
2026-01-06 17:00:49.662000+00:00,2026-01-06 17:00:50.136477+00:00,49.662,0.365,0.36,0.37,0.635,0.63,0.64,18.0,74.45,74.45,18.0,0.35,143.98,0.38,59.6,0.62,59.6,0.65,143.98
2026-01-06 17:00:50.568000+00:00,2026-01-06 17:00:51.036083+00:00,50.568,0.365,0.36,0.37,0.635,0.63,0.64,15.49,74.45,74.45,25.49,0.35,143.98,0.38,59.6,0.62,54.6,0.65,259.98
2026-01-06 17:00:50.673000+00:00,2026-01-06 17:00:51.135092+00:00,50.673,0.365,0.36,0.37,0.635,0.63,0.64,25.49,74.45,74.45,95.49,0.35,259.98,0.38,54.6,0.62,54.6,0.65,339.98
2026-01-06 17:00:51.586000+00:00,2026-01-06 17:00:52.051692+00:00,51.586,0.365,0.36,0.37,0.635,0.63,0.64,95.88,39.45,39.45,85.88,0.35,294.98,0.38,121.6,0.62,121.6,0.65,374.98
2026-01-06 17:00:51.669000+00:00,2026-01-06 17:00:52.135667+00:00,51.669,0.365,0.36,0.37,0.635,0.63,0.64,85.88,39.45,39.45,85.88,0.35,354.98,0.38,121.6,0.62,121.6,0.65,374.98
2026-01-06 17:00:52.519000+00:00,2026-01-06 17:00:53.053221+00:00,52.519,0.365,0.36,0.37,0.635,0.63,0.64,85.88,39.45,39.45,85.88,0.35,374.98,0.38,107.0,0.62,107.0,0.65,374.98
2026-01-06 17:00:52.519000+00:00,2026-01-06 17:00:53.135098+00:00,52.519,0.365,0.36,0.37,0.635,0.63,0.64,85.88,39.45,39.45,83.59,0.35,374.98,0.38,107.0,0.62,107.0,0.65,374.98
2026-01-06 17:00:53.542000+00:00,2026-01-06 17:00:54.059779+00:00,53.542,0.365,0.36,0.37,0.635,0.63,0.64,390.59,10.0,10.0,390.59,0.35,314.98,0.38,30.0,0.61,24.36,0.65,329.98
2026-01-06 17:00:53.690000+00:00,2026-01-06 17:00:54.153731+00:00,53.69,0.365,0.36,0.37,0.635,0.63,0.64,385.59,10.0,10.0,390.59,0.35,329.98,0.39,24.36,0.61,24.36,0.65,341.57
2026-01-06 17:00:54.602000+00:00,2026-01-06 17:00:55.066013+00:00,54.602,0.405,0.4,0.41,0.595,0.59,0.6,45.0,14.97,19.97,5.0,0.39,267.0,0.42,30.0,0.58,101.0,0.61,222.0
2026-01-06 17:00:54.702000+00:00,2026-01-06 17:00:55.154979+00:00,54.702,0.405,0.4,0.41,0.595,0.59,0.6,40.0,19.97,19.97,5.0,0.39,232.0,0.42,101.0,0.58,136.0,0.61,222.0
2026-01-06 17:00:55.599000+00:00,2026-01-06 17:00:56.067385+00:00,55.599,0.395,0.39,0.4,0.605,0.6,0.61,169.0,65.0,65.0,164.0,0.38,202.78,0.41,19.97,0.59,14.97,0.62,202.78
2026-01-06 17:00:55.683000+00:00,2026-01-06 17:00:56.167353+00:00,55.683,0.395,0.39,0.4,0.605,0.6,0.61,164.0,65.0,54.11,164.0,0.38,202.78,0.41,14.97,0.59,14.97,0.62,202.78
2026-01-06 17:00:56.607000+00:00,2026-01-06 17:00:57.083042+00:00,56.607,0.395,0.39,0.4,0.605,0.6,0.61,295.0,65.0,65.0,300.0,0.38,278.78,0.41,19.97,0.59,19.97,0.62,243.78
2026-01-06 17:00:56.735000+00:00,2026-01-06 17:00:57.177250+00:00,56.735,0.395,0.39,0.4,0.605,0.6,0.61,285.0,65.0,50.0,335.0,0.38,278.78,0.41,19.97,0.59,19.97,0.62,243.78
2026-01-06 17:00:57.621000+00:00,2026-01-06 17:00:58.089442+00:00,57.621,0.395,0.39,0.4,0.565,0.56,0.57,565.75,70.0,103.32,162.35,0.38,405.37,0.41,29.97,0.55,92.78,0.58,121.0
2026-01-06 17:00:57.712000+00:00,2026-01-06 17:00:58.172603+00:00,57.712,0.41000000000000003,0.39,0.43,0.565,0.56,0.57,525.75,29.65,174.32,162.35,0.38,395.37,0.44,103.32,0.55,92.78,0.58,121.0
2026-01-06 17:00:58.631000+00:00,2026-01-06 17:00:59.105478+00:00,58.631,0.435,0.43,0.44,0.5700000000000001,0.56,0.58,0.47,92.02,97.02,45.0,0.42,40.0,0.45,87.78,0.55,177.78,0.59,81.0
2026-01-06 17:00:58.718000+00:00,2026-01-06 17:00:59.166971+00:00,58.718,0.435,0.43,0.44,0.575,0.57,0.58,0.47,92.02,15.0,28.58,0.42,45.0,0.45,82.78,0.56,192.02,0.59,81.0
2026-01-06 17:00:59.637000+00:00,2026-01-06 17:01:00.103403+00:00,59.637,0.435,0.43,0.44,0.565,0.56,0.57,5.0,102.02,92.02,5.0,0.42,84.99,0.45,177.78,0.55,182.78,0.58,160.99
2026-01-06 17:00:59.681000+00:00,2026-01-06 17:01:00.172307+00:00,59.681,0.435,0.43,0.44,0.5700000000000001,0.56,0.58,5.0,97.02,92.02,155.99,0.42,89.99,0.45,177.78,0.55,187.78,0.59,217.0
2026-01-06 17:01:00.638000+00:00,2026-01-06 17:01:01.094531+00:00,60.638,0.435,0.43,0.44,0.56,0.55,0.57,236.0,77.02,27.78,241.0,0.42,228.13,0.45,27.78,0.54,63.9,0.58,228.13
2026-01-06 17:01:00.690000+00:00,2026-01-06 17:01:01.186920+00:00,60.69,0.435,0.43,0.44,0.555,0.55,0.56,236.0,57.02,5.55,35.0,0.42,228.13,0.45,27.78,0.54,53.9,0.57,178.36
2026-01-06 17:01:01.645000+00:00,2026-01-06 17:01:02.114566+00:00,61.645,0.445,0.44,0.45,0.555,0.55,0.56,149.49,10.55,10.55,154.49,0.43,196.0,0.46,40.0,0.54,40.0,0.57,196.0
2026-01-06 17:01:01.760000+00:00,2026-01-06 17:01:02.205996+00:00,61.76,0.445,0.44,0.45,0.555,0.55,0.56,149.49,10.55,5.55,129.29,0.43,196.0,0.46,40.0,0.54,5.0,0.57,196.0
2026-01-06 17:01:02.649000+00:00,2026-01-06 17:01:03.108205+00:00,62.649,0.46499999999999997,0.46,0.47,0.535,0.53,0.54,171.0,144.21,51.0,171.0,0.45,85.97,0.48,116.23,0.52,116.23,0.55,206.97
2026-01-06 17:01:02.773000+00:00,2026-01-06 17:01:03.213404+00:00,62.773,0.46499999999999997,0.46,0.47,0.525,0.52,0.53,171.0,51.0,116.23,15.0,0.45,206.97,0.48,116.23,0.51,93.6,0.54,136.0
2026-01-06 17:01:03.650000+00:00,2026-01-06 17:01:04.106597+00:00,63.65,0.485,0.48,0.49,0.515,0.51,0.52,5.0,144.3,171.34,5.0,0.47,20.0,0.5,107.79,0.5,122.79,0.53,35.0
2026-01-06 17:01:03.718000+00:00,2026-01-06 17:01:04.216880+00:00,63.718,0.485,0.48,0.49,0.515,0.51,0.52,5.0,246.34,171.34,5.0,0.47,35.0,0.5,122.79,0.5,107.79,0.53,35.0
2026-01-06 17:01:04.657000+00:00,2026-01-06 17:01:05.114185+00:00,64.657,0.47,0.46,0.48,0.535,0.53,0.54,10.0,234.7,27.04,5.0,0.45,226.97,0.49,184.29,0.52,199.7,0.55,226.97
2026-01-06 17:01:04.746000+00:00,2026-01-06 17:01:05.227342+00:00,64.746,0.46499999999999997,0.46,0.47,0.54,0.53,0.55,5.0,27.04,67.04,231.97,0.45,226.97,0.48,199.7,0.52,224.7,0.56,182.0
2026-01-06 17:01:05.536000+00:00,2026-01-06 17:01:06.121556+00:00,65.536,0.45999999999999996,0.45,0.47,0.555,0.55,0.56,35.0,66.82,5.0,86.0,0.44,66.0,0.48,215.0,0.54,45.0,0.57,211.0
2026-01-06 17:01:05.762000+00:00,2026-01-06 17:01:06.232109+00:00,65.762,0.45,0.44,0.46,0.555,0.55,0.56,86.0,30.0,20.0,51.0,0.43,211.0,0.47,54.78,0.54,50.0,0.57,181.0
2026-01-06 17:01:06.676000+00:00,2026-01-06 17:01:07.132310+00:00,66.676,0.445,0.44,0.45,0.555,0.55,0.56,37.0,20.0,20.0,37.0,0.43,241.0,0.46,85.0,0.54,85.0,0.57,241.0
2026-01-06 17:01:06.742000+00:00,2026-01-06 17:01:07.255766+00:00,66.742,0.445,0.44,0.45,0.545,0.54,0.55,37.0,20.0,127.0,51.0,0.43,241.0,0.46,85.0,0.53,114.78,0.56,37.0
2026-01-06 17:01:07.681000+00:00,2026-01-06 17:01:08.132452+00:00,67.681,0.46499999999999997,0.46,0.47,0.535,0.53,0.54,55.0,111.0,76.0,122.48,0.45,65.63,0.48,215.6,0.52,175.6,0.55,80.63
2026-01-06 17:01:07.812000+00:00,2026-01-06 17:01:08.258989+00:00,67.812,0.46499999999999997,0.46,0.47,0.535,0.53,0.54,122.48,76.0,76.0,278.48,0.45,80.63,0.48,175.6,0.52,165.7,0.55,211.63
2026-01-06 17:01:08.680000+00:00,2026-01-06 17:01:09.138695+00:00,68.68,0.475,0.47,0.48,0.525,0.52,0.53,89.08,200.7,225.7,109.08,0.46,162.0,0.49,280.1,0.51,265.1,0.54,162.0
2026-01-06 17:01:08.824000+00:00,2026-01-06 17:01:09.279827+00:00,68.824,0.475,0.47,0.48,0.525,0.52,0.53,109.08,225.7,175.7,109.08,0.46,162.0,0.49,285.1,0.51,260.1,0.54,212.0
2026-01-06 17:01:09.679000+00:00,2026-01-06 17:01:10.158596+00:00,69.679,0.485,0.48,0.49,0.515,0.51,0.52,10.26,297.1,337.1,10.26,0.47,89.08,0.5,150.33,0.5,150.33,0.53,89.08
2026-01-06 17:01:09.769000+00:00,2026-01-06 17:01:10.281099+00:00,69.769,0.485,0.48,0.49,0.515,0.51,0.52,10.26,337.1,302.1,45.26,0.47,89.08,0.5,150.33,0.5,170.33,0.53,82.78
2026-01-06 17:01:10.685000+00:00,2026-01-06 17:01:11.152910+00:00,70.685,0.475,0.47,0.48,0.525,0.52,0.53,57.78,63.44,113.44,57.78,0.46,184.0,0.49,439.94,0.51,449.94,0.54,184.0
2026-01-06 17:01:10.836000+00:00,2026-01-06 17:01:11.281709+00:00,70.836,0.475,0.47,0.48,0.525,0.52,0.53,57.78,113.44,133.54,57.78,0.46,184.0,0.49,449.94,0.51,449.94,0.54,184.0
2026-01-06 17:01:11.669000+00:00,2026-01-06 17:01:12.154341+00:00,71.669,0.445,0.44,0.45,0.555,0.55,0.56,11.0,35.87,30.87,11.0,0.43,100.0,0.46,55.0,0.54,60.0,0.57,105.0
2026-01-06 17:01:11.838000+00:00,2026-01-06 17:01:12.291709+00:00,71.838,0.445,0.44,0.45,0.555,0.55,0.56,11.0,30.87,30.87,16.0,0.43,100.0,0.46,60.0,0.54,60.0,0.57,100.0
2026-01-06 17:01:12.685000+00:00,2026-01-06 17:01:13.153271+00:00,72.685,0.445,0.44,0.45,0.555,0.55,0.56,11.0,38.58,43.58,11.0,0.43,95.0,0.46,107.0,0.54,107.0,0.57,65.0
2026-01-06 17:01:12.786000+00:00,2026-01-06 17:01:13.295031+00:00,72.786,0.445,0.44,0.45,0.555,0.55,0.56,11.0,38.58,46.35,11.0,0.43,65.0,0.46,107.0,0.54,86.7,0.57,30.0
2026-01-06 17:01:13.706000+00:00,2026-01-06 17:01:14.166614+00:00,73.706,0.435,0.43,0.44,0.565,0.56,0.57,30.0,97.7,107.7,30.0,0.42,40.0,0.45,140.99,0.55,140.99,0.58,40.0
2026-01-06 17:01:13.811000+00:00,2026-01-06 17:01:14.296070+00:00,73.811,0.435,0.43,0.44,0.565,0.56,0.57,30.0,107.7,107.7,30.0,0.42,40.0,0.45,140.99,0.55,140.99,0.58,40.0
2026-01-06 17:01:14.705000+00:00,2026-01-06 17:01:15.164998+00:00,74.705,0.405,0.4,0.41,0.595,0.59,0.6,35.0,31.58,31.58,35.0,0.39,105.0,0.42,15.0,0.58,15.0,0.61,105.0
2026-01-06 17:01:14.896000+00:00,2026-01-06 17:01:15.302089+00:00,74.896,0.405,0.4,0.41,0.585,0.58,0.59,35.0,36.64,20.0,80.0,0.39,110.0,0.42,20.0,0.57,111.0,0.6,144.93
2026-01-06 17:01:15.699000+00:00,2026-01-06 17:01:16.168291+00:00,75.699,0.445,0.44,0.45,0.555,0.55,0.56,15.0,53.59,53.59,126.0,0.43,176.0,0.47,85.0,0.53,85.0,0.57,146.0
2026-01-06 17:01:15.791000+00:00,2026-01-06 17:01:16.314528+00:00,75.791,0.445,0.44,0.45,0.555,0.55,0.56,126.0,53.59,5.0,126.0,0.43,146.0,0.47,85.0,0.53,85.0,0.57,146.0
2026-01-06 17:01:16.733000+00:00,2026-01-06 17:01:17.184717+00:00,76.733,0.45,0.44,0.46,0.545,0.54,0.55,133.24,116.0,111.0,20.0,0.43,184.15,0.47,60.0,0.53,30.0,0.56,133.24
2026-01-06 17:01:16.889000+00:00,2026-01-06 17:01:17.331343+00:00,76.889,0.455,0.45,0.46,0.545,0.54,0.55,20.0,111.0,106.0,40.0,0.44,133.24,0.47,45.0,0.53,70.0,0.56,143.24
2026-01-06 17:01:17.737000+00:00,2026-01-06 17:01:18.204962+00:00,77.737,0.455,0.45,0.46,0.545,0.54,0.55,24.81,97.6,97.6,24.81,0.44,128.24,0.47,72.0,0.53,72.0,0.56,128.24
2026-01-06 17:01:17.766000+00:00,2026-01-06 17:01:18.348708+00:00,77.766,0.455,0.45,0.46,0.545,0.54,0.55,24.81,97.6,91.6,24.81,0.44,128.24,0.47,72.0,0.53,65.0,0.56,123.24
2026-01-06 17:01:18.669000+00:00,2026-01-06 17:01:19.219365+00:00,78.669,0.455,0.45,0.46,0.545,0.54,0.55,16.91,76.6,96.6,29.81,0.44,128.24,0.47,170.0,0.53,170.0,0.56,128.24
2026-01-06 17:01:18.836000+00:00,2026-01-06 17:01:19.361607+00:00,78.836,0.455,0.45,0.46,0.545,0.54,0.55,29.81,96.6,96.6,27.77,0.44,128.24,0.47,170.0,0.53,165.0,0.56,106.0
2026-01-06 17:01:19.767000+00:00,2026-01-06 17:01:20.232069+00:00,79.767,0.455,0.45,0.46,0.545,0.54,0.55,71.0,127.92,127.92,60.97,0.44,297.0,0.47,157.0,0.53,57.0,0.56,292.0
2026-01-06 17:01:19.896000+00:00,2026-01-06 17:01:20.378418+00:00,79.896,0.455,0.45,0.46,0.545,0.54,0.55,60.97,127.92,70.0,241.97,0.44,292.0,0.47,57.0,0.53,47.0,0.56,231.0
2026-01-06 17:01:20.785000+00:00,2026-01-06 17:01:21.248538+00:00,80.785,0.47,0.46,0.48,0.53,0.52,0.54,121.0,145.0,74.0,136.0,0.45,161.65,0.49,131.94,0.51,131.94,0.55,126.65
2026-01-06 17:01:20.929000+00:00,2026-01-06 17:01:21.399278+00:00,80.929,0.47,0.46,0.48,0.525,0.52,0.53,171.0,74.0,74.0,15.0,0.45,136.65,0.49,131.94,0.51,131.94,0.54,136.0
2026-01-06 17:01:21.704000+00:00,2026-01-06 17:01:22.257219+00:00,81.704,0.475,0.47,0.48,0.525,0.52,0.53,5.0,74.0,74.0,5.0,0.46,151.0,0.49,148.64,0.51,148.64,0.54,151.0
2026-01-06 17:01:21.931000+00:00,2026-01-06 17:01:22.411127+00:00,81.931,0.475,0.47,0.48,0.525,0.52,0.53,5.0,50.0,50.0,5.0,0.46,151.0,0.49,148.64,0.51,148.64,0.54,151.0
2026-01-06 17:01:22.807000+00:00,2026-01-06 17:01:23.259211+00:00,82.807,0.45999999999999996,0.45,0.47,0.545,0.54,0.55,60.97,321.0,55.0,60.97,0.44,176.88,0.48,180.0,0.53,311.37,0.56,40.88
2026-01-06 17:01:22.993000+00:00,2026-01-06 17:01:23.430869+00:00,82.993,0.455,0.45,0.46,0.555,0.55,0.56,60.97,60.0,73.88,25.88,0.44,40.88,0.47,326.36,0.54,116.0,0.57,156.73
2026-01-06 17:01:23.785000+00:00,2026-01-06 17:01:24.273329+00:00,83.785,0.435,0.43,0.44,0.565,0.56,0.57,168.18,40.0,33.9,163.18,0.42,55.0,0.45,38.54,0.55,38.54,0.58,55.0
2026-01-06 17:01:23.912000+00:00,2026-01-06 17:01:24.446844+00:00,83.912,0.435,0.43,0.44,0.565,0.56,0.57,163.18,33.9,28.9,163.18,0.42,55.0,0.45,38.54,0.55,38.54,0.58,55.0
2026-01-06 17:01:24.714000+00:00,2026-01-06 17:01:25.280488+00:00,84.714,0.445,0.44,0.45,0.555,0.55,0.56,5.0,15.0,15.0,5.0,0.43,309.18,0.46,226.0,0.54,221.0,0.57,304.18
2026-01-06 17:01:24.890000+00:00,2026-01-06 17:01:25.444391+00:00,84.89,0.445,0.44,0.45,0.555,0.55,0.56,5.0,15.0,15.0,5.0,0.43,304.18,0.46,221.0,0.54,221.0,0.57,304.18
2026-01-06 17:01:25.990000+00:00,2026-01-06 17:01:26.461898+00:00,85.99,0.435,0.43,0.44,0.565,0.56,0.57,309.0,40.0,40.0,309.0,0.42,161.0,0.45,9.51,0.55,9.51,0.58,161.0
2026-01-06 17:01:27.989000+00:00,2026-01-06 17:01:28.484924+00:00,87.989,0.425,0.42,0.43,0.575,0.57,0.58,35.0,75.39,75.39,35.0,0.41,80.0,0.44,252.62,0.56,257.62,0.59,90.0
2026-01-06 17:01:29.057000+00:00,2026-01-06 17:01:29.497903+00:00,89.057,0.425,0.42,0.43,0.565,0.56,0.57,294.99,15.41,32.56,99.51,0.41,316.0,0.44,57.62,0.55,135.96,0.58,134.99
2026-01-06 17:01:30.040000+00:00,2026-01-06 17:01:30.503687+00:00,90.04,0.435,0.43,0.44,0.565,0.56,0.57,175.51,15.06,50.54,111.0,0.42,114.99,0.45,69.96,0.55,29.96,0.58,164.99
2026-01-06 17:01:31.037000+00:00,2026-01-06 17:01:31.506383+00:00,91.037,0.435,0.43,0.44,0.565,0.56,0.57,106.0,50.54,50.54,106.0,0.42,20.0,0.45,190.96,0.55,197.76,0.58,70.0
2026-01-06 17:01:32.030000+00:00,2026-01-06 17:01:32.518036+00:00,92.03,0.435,0.43,0.44,0.565,0.56,0.57,35.0,130.54,130.54,35.0,0.42,90.0,0.45,112.76,0.55,112.76,0.58,105.0
2026-01-06 17:01:33.017000+00:00,2026-01-06 17:01:33.534462+00:00,93.017,0.435,0.43,0.44,0.565,0.56,0.57,46.0,127.54,127.54,43.38,0.42,155.0,0.45,200.96,0.55,200.96,0.58,155.0
2026-01-06 17:01:34.093000+00:00,2026-01-06 17:01:34.534914+00:00,94.093,0.435,0.43,0.44,0.565,0.56,0.57,11.0,246.06,201.06,11.0,0.42,5.0,0.45,134.96,0.55,290.96,0.58,40.0
2026-01-06 17:01:35.063000+00:00,2026-01-06 17:01:35.534529+00:00,95.063,0.425,0.42,0.43,0.575,0.57,0.58,90.0,90.0,10.0,80.0,0.41,86.0,0.44,223.56,0.56,237.14,0.59,106.0
2026-01-06 17:01:36.036000+00:00,2026-01-06 17:01:36.535092+00:00,96.036,0.425,0.42,0.43,0.575,0.57,0.58,100.0,5.0,5.0,100.0,0.41,171.0,0.44,144.64,0.56,144.64,0.59,171.0
2026-01-06 17:01:37.017000+00:00,2026-01-06 17:01:37.551002+00:00,97.017,0.425,0.42,0.43,0.575,0.57,0.58,100.0,0.34,0.34,100.0,0.41,201.0,0.44,114.58,0.56,114.58,0.59,201.0
2026-01-06 17:01:38.083000+00:00,2026-01-06 17:01:38.551593+00:00,98.083,0.435,0.43,0.44,0.565,0.56,0.57,111.0,141.3,59.02,73.1,0.42,155.0,0.45,59.96,0.55,54.96,0.58,80.0
2026-01-06 17:01:39.018000+00:00,2026-01-06 17:01:39.567913+00:00,99.018,0.435,0.43,0.44,0.565,0.56,0.57,73.1,47.95,47.95,73.1,0.42,164.78,0.45,144.56,0.55,244.56,0.58,94.78
2026-01-06 17:01:40.981000+00:00,2026-01-06 17:01:41.600637+00:00,100.981,0.425,0.42,0.43,0.575,0.57,0.58,35.0,35.34,33.01,35.0,0.41,100.0,0.44,194.39,0.56,199.39,0.59,100.0
2026-01-06 17:01:42.143000+00:00,2026-01-06 17:01:42.617135+00:00,102.143,0.425,0.42,0.43,0.575,0.57,0.58,35.0,20.05,45.39,35.0,0.41,165.0,0.44,294.39,0.56,299.39,0.59,170.0
2026-01-06 17:01:43.186000+00:00,2026-01-06 17:01:43.634557+00:00,103.186,0.43,0.42,0.44,0.575,0.57,0.58,110.0,246.95,5.0,110.0,0.41,246.0,0.45,195.46,0.56,244.67,0.59,246.0
2026-01-06 17:01:44.173000+00:00,2026-01-06 17:01:44.637609+00:00,104.173,0.43,0.42,0.44,0.5700000000000001,0.56,0.58,100.0,239.67,239.67,100.0,0.41,246.0,0.45,184.96,0.55,189.96,0.59,246.0
2026-01-06 17:01:45.197000+00:00,2026-01-06 17:01:45.648940+00:00,105.197,0.415,0.41,0.42,0.585,0.58,0.59,11.0,111.0,131.0,11.0,0.4,130.0,0.43,125.0,0.57,125.0,0.6,130.0
2026-01-06 17:01:46.204000+00:00,2026-01-06 17:01:46.668683+00:00,106.204,0.415,0.41,0.42,0.585,0.58,0.59,11.0,138.83,119.05,11.0,0.4,130.0,0.43,133.7,0.57,133.7,0.6,45.0
2026-01-06 17:01:47.084000+00:00,2026-01-06 17:01:47.679991+00:00,107.084,0.415,0.41,0.42,0.585,0.58,0.59,6.0,119.05,134.05,6.0,0.4,130.0,0.43,133.7,0.57,128.7,0.6,130.0
2026-01-06 17:01:48.240000+00:00,2026-01-06 17:01:48.685807+00:00,108.24,0.405,0.4,0.41,0.595,0.59,0.6,40.0,45.0,15.0,110.0,0.39,130.0,0.42,118.27,0.58,128.27,0.61,200.0
2026-01-06 17:01:49.208000+00:00,2026-01-06 17:01:49.684022+00:00,109.208,0.41000000000000003,0.4,0.42,0.59,0.58,0.6,208.97,118.27,118.27,213.97,0.39,195.0,0.43,152.0,0.57,147.0,0.61,195.0
2026-01-06 17:01:50.231000+00:00,2026-01-06 17:01:50.698644+00:00,110.231,0.405,0.4,0.41,0.595,0.59,0.6,115.0,5.0,5.0,117.83,0.39,279.99,0.42,72.03,0.58,72.03,0.61,279.99
2026-01-06 17:01:51.207000+00:00,2026-01-06 17:01:51.700143+00:00,111.207,0.405,0.4,0.41,0.595,0.59,0.6,112.83,17.68,12.8,112.83,0.39,279.99,0.42,77.03,0.58,77.03,0.61,215.0
2026-01-06 17:01:52.231000+00:00,2026-01-06 17:01:52.716962+00:00,112.231,0.395,0.39,0.4,0.605,0.6,0.61,299.83,59.92,39.92,299.83,0.38,186.78,0.41,42.92,0.59,47.92,0.62,186.78
2026-01-06 17:01:53.276000+00:00,2026-01-06 17:01:53.734403+00:00,113.276,0.385,0.38,0.39,0.615,0.61,0.62,3.78,96.03,96.03,3.78,0.37,50.0,0.4,69.92,0.6,69.92,0.63,50.0
2026-01-06 17:01:54.214000+00:00,2026-01-06 17:01:54.750572+00:00,114.214,0.385,0.38,0.39,0.605,0.6,0.61,400.78,1.99,44.92,100.0,0.37,275.68,0.4,44.92,0.59,12.92,0.62,350.78
2026-01-06 17:01:55.989000+00:00,2026-01-06 17:01:56.766955+00:00,115.989,0.395,0.39,0.4,0.605,0.6,0.61,100.0,20.0,20.0,100.0,0.38,269.78,0.41,45.0,0.59,45.0,0.62,269.78
2026-01-06 17:01:57.326000+00:00,2026-01-06 17:01:57.782754+00:00,117.326,0.405,0.39,0.42,0.585,0.58,0.59,316.0,191.0,186.0,50.0,0.38,390.78,0.43,15.0,0.57,35.0,0.6,106.0
2026-01-06 17:01:58.339000+00:00,2026-01-06 17:01:58.796366+00:00,118.339,0.415,0.41,0.42,0.585,0.58,0.59,256.0,68.61,68.61,256.0,0.4,326.68,0.43,30.0,0.57,35.0,0.6,336.68
2026-01-06 17:01:59.218000+00:00,2026-01-06 17:01:59.795650+00:00,119.218,0.435,0.43,0.44,0.565,0.56,0.57,130.97,51.01,46.01,130.97,0.42,92.94,0.45,80.63,0.55,75.63,0.58,92.94
2026-01-06 17:02:00.340000+00:00,2026-01-06 17:02:00.813397+00:00,120.34,0.435,0.43,0.44,0.565,0.56,0.57,130.97,41.01,41.01,130.97,0.42,97.94,0.45,85.63,0.55,85.63,0.58,97.94
2026-01-06 17:02:01.271000+00:00,2026-01-06 17:02:01.826643+00:00,121.271,0.435,0.43,0.44,0.565,0.56,0.57,130.97,55.45,61.46,130.97,0.42,82.94,0.45,70.63,0.55,70.63,0.58,82.94
2026-01-06 17:02:02.383000+00:00,2026-01-06 17:02:02.836543+00:00,122.383,0.435,0.43,0.44,0.565,0.56,0.57,265.97,21.46,21.46,255.97,0.42,95.0,0.45,212.63,0.55,76.0,0.58,226.0
2026-01-06 17:02:03.373000+00:00,2026-01-06 17:02:03.847551+00:00,123.373,0.445,0.44,0.45,0.555,0.55,0.56,114.95,83.0,83.0,113.87,0.43,182.0,0.46,15.0,0.54,15.0,0.57,182.0
2026-01-06 17:02:04.226000+00:00,2026-01-06 17:02:04.867609+00:00,124.226,0.445,0.44,0.45,0.555,0.55,0.56,113.78,88.0,88.0,113.78,0.43,182.0,0.46,10.0,0.54,10.0,0.57,182.0
2026-01-06 17:02:05.362000+00:00,2026-01-06 17:02:05.863488+00:00,125.362,0.445,0.44,0.45,0.555,0.55,0.56,108.78,35.0,35.0,108.78,0.43,182.0,0.46,15.0,0.54,59.98,0.57,182.0
2026-01-06 17:02:06.419000+00:00,2026-01-06 17:02:06.887695+00:00,126.419,0.445,0.44,0.45,0.565,0.56,0.57,92.78,135.0,35.0,11.0,0.43,96.0,0.46,59.98,0.55,60.0,0.58,164.95
2026-01-06 17:02:07.435000+00:00,2026-01-06 17:02:07.903471+00:00,127.435,0.445,0.44,0.45,0.555,0.55,0.56,71.0,35.0,35.0,109.68,0.43,72.0,0.46,85.98,0.54,85.98,0.57,67.0
2026-01-06 17:02:08.353000+00:00,2026-01-06 17:02:08.924365+00:00,128.353,0.445,0.44,0.45,0.555,0.55,0.56,62.68,29.0,99.0,13.73,0.43,172.0,0.46,90.98,0.54,70.99,0.57,57.0
2026-01-06 17:02:09.409000+00:00,2026-01-06 17:02:09.918913+00:00,129.409,0.445,0.44,0.45,0.555,0.55,0.56,3.73,163.68,163.68,3.73,0.43,107.0,0.46,65.99,0.54,65.99,0.57,122.0
2026-01-06 17:02:10.502000+00:00,2026-01-06 17:02:10.932280+00:00,130.502,0.445,0.44,0.45,0.555,0.55,0.56,9.85,200.11,200.11,7.31,0.43,132.0,0.46,65.99,0.54,65.99,0.57,132.0
2026-01-06 17:02:11.479000+00:00,2026-01-06 17:02:11.946062+00:00,131.479,0.42,0.41,0.43,0.58,0.57,0.59,187.55,22.68,22.68,117.55,0.4,129.68,0.44,55.0,0.56,135.0,0.6,134.68
2026-01-06 17:02:12.451000+00:00,2026-01-06 17:02:12.961963+00:00,132.451,0.42,0.41,0.43,0.58,0.57,0.59,117.21,27.68,27.68,117.21,0.4,129.68,0.44,99.99,0.56,99.99,0.6,129.68
2026-01-06 17:02:13.420000+00:00,2026-01-06 17:02:13.968339+00:00,133.42,0.43,0.42,0.44,0.5700000000000001,0.56,0.58,246.0,55.0,55.0,246.0,0.41,127.21,0.45,84.98,0.55,84.98,0.59,127.21
2026-01-06 17:02:14.476000+00:00,2026-01-06 17:02:14.978266+00:00,134.476,0.43,0.42,0.44,0.5700000000000001,0.56,0.58,241.0,61.0,61.0,241.0,0.41,182.21,0.45,104.98,0.55,184.98,0.59,182.21
2026-01-06 17:02:15.547000+00:00,2026-01-06 17:02:15.997679+00:00,135.547,0.435,0.43,0.44,0.565,0.56,0.57,275.0,26.0,26.0,280.0,0.42,377.0,0.45,14.98,0.55,14.98,0.58,447.0
2026-01-06 17:02:16.507000+00:00,2026-01-06 17:02:17.012687+00:00,136.507,0.455,0.45,0.46,0.54,0.53,0.55,55.89,5.0,161.32,55.89,0.44,115.0,0.47,156.32,0.52,304.97,0.56,115.0
2026-01-06 17:02:17.536000+00:00,2026-01-06 17:02:18.020565+00:00,137.536,0.455,0.45,0.46,0.545,0.54,0.55,42.52,45.0,45.0,42.52,0.44,130.0,0.47,131.32,0.53,131.32,0.56,130.0
2026-01-06 17:02:18.568000+00:00,2026-01-06 17:02:19.018009+00:00,138.568,0.455,0.45,0.46,0.545,0.54,0.55,152.06,5.0,5.0,172.06,0.44,296.0,0.48,119.98,0.52,84.98,0.56,366.0
2026-01-06 17:02:19.583000+00:00,2026-01-06 17:02:20.030694+00:00,139.583,0.475,0.47,0.48,0.525,0.52,0.53,176.0,18.2,13.2,171.0,0.46,120.0,0.49,136.94,0.51,136.94,0.54,120.0
2026-01-06 17:02:20.564000+00:00,2026-01-06 17:02:21.049371+00:00,140.564,0.475,0.47,0.48,0.525,0.52,0.53,176.0,24.2,29.2,176.0,0.46,126.0,0.49,131.94,0.51,131.94,0.54,141.0
2026-01-06 17:02:21.581000+00:00,2026-01-06 17:02:22.055778+00:00,141.581,0.475,0.47,0.48,0.525,0.52,0.53,192.22,49.2,71.14,72.22,0.46,126.0,0.49,203.26,0.51,252.94,0.54,71.0
2026-01-06 17:02:22.630000+00:00,2026-01-06 17:02:23.082746+00:00,142.63,0.475,0.47,0.48,0.525,0.52,0.53,70.0,124.2,124.2,70.0,0.46,79.42,0.49,274.26,0.51,274.26,0.54,94.42
2026-01-06 17:02:23.645000+00:00,2026-01-06 17:02:24.103823+00:00,143.645,0.445,0.44,0.45,0.555,0.55,0.56,19.85,30.0,201.0,64.85,0.42,130.0,0.46,30.0,0.54,116.0,0.58,5.0
2026-01-06 17:02:24.660000+00:00,2026-01-06 17:02:25.119659+00:00,144.66,0.415,0.41,0.42,0.585,0.58,0.59,52.21,64.61,59.61,75.63,0.4,149.68,0.43,85.0,0.57,80.0,0.6,149.68
2026-01-06 17:02:25.627000+00:00,2026-01-06 17:02:26.115974+00:00,145.627,0.415,0.41,0.42,0.585,0.58,0.59,42.21,69.61,180.61,2.21,0.4,144.68,0.43,100.0,0.57,196.0,0.6,48.1
2026-01-06 17:02:26.678000+00:00,2026-01-06 17:02:27.131967+00:00,146.678,0.395,0.39,0.4,0.605,0.6,0.61,113.01,5.0,5.0,213.01,0.38,93.78,0.41,121.0,0.59,127.32,0.62,73.78
2026-01-06 17:02:27.626000+00:00,2026-01-06 17:02:28.147066+00:00,147.626,0.405,0.4,0.41,0.595,0.59,0.6,102.8,71.0,71.0,95.0,0.39,174.01,0.42,177.94,0.58,177.94,0.61,169.01
2026-01-06 17:02:28.689000+00:00,2026-01-06 17:02:29.149332+00:00,148.689,0.405,0.4,0.41,0.595,0.59,0.6,130.0,76.0,76.0,130.0,0.39,144.01,0.42,137.94,0.58,137.94,0.61,144.01
2026-01-06 17:02:29.386000+00:00,2026-01-06 17:02:30.166980+00:00,149.386,0.405,0.4,0.41,0.595,0.59,0.6,30.0,69.12,69.12,30.0,0.39,256.21,0.42,75.0,0.58,70.0,0.61,256.21
2026-01-06 17:02:30.704000+00:00,2026-01-06 17:02:31.165386+00:00,150.704,0.395,0.39,0.4,0.605,0.6,0.61,45.21,76.94,71.94,45.21,0.38,113.78,0.41,185.0,0.59,185.0,0.62,113.78
2026-01-06 17:02:31.399000+00:00,2026-01-06 17:02:32.185466+00:00,151.399,0.395,0.39,0.4,0.605,0.6,0.61,45.21,76.94,71.94,45.21,0.38,48.78,0.41,185.0,0.59,185.0,0.62,48.78
2026-01-06 17:02:32.722000+00:00,2026-01-06 17:02:33.182875+00:00,152.722,0.395,0.39,0.4,0.605,0.6,0.61,60.21,151.94,151.94,57.21,0.38,113.78,0.41,105.0,0.59,105.0,0.62,113.78
2026-01-06 17:02:33.724000+00:00,2026-01-06 17:02:34.185371+00:00,153.724,0.405,0.4,0.41,0.595,0.59,0.6,1853.06,176.0,176.0,1853.06,0.39,120.01,0.42,111.0,0.58,116.0,0.61,125.01
2026-01-06 17:02:34.723000+00:00,2026-01-06 17:02:35.183439+00:00,154.723,0.405,0.4,0.41,0.595,0.59,0.6,1760.93,352.2,302.2,1460.93,0.39,20.01,0.42,171.0,0.58,166.0,0.61,15.01
2026-01-06 17:02:35.731000+00:00,2026-01-06 17:02:36.192719+00:00,155.731,0.405,0.4,0.41,0.595,0.59,0.6,556.74,294.0,158.0,526.73,0.39,20.01,0.42,171.0,0.58,40.0,0.61,199.98
2026-01-06 17:02:36.752000+00:00,2026-01-06 17:02:37.198573+00:00,156.752,0.405,0.4,0.41,0.595,0.59,0.6,567.07,148.0,148.0,492.07,0.39,365.98,0.42,50.0,0.58,50.0,0.61,370.98
2026-01-06 17:02:37.744000+00:00,2026-01-06 17:02:38.199356+00:00,157.744,0.405,0.4,0.41,0.5700000000000001,0.56,0.58,867.72,20.0,71.0,60.0,0.39,447.01,0.44,76.0,0.55,40.0,0.59,60.0
2026-01-06 17:02:38.706000+00:00,2026-01-06 17:02:39.209902+00:00,158.706,0.435,0.43,0.44,0.565,0.56,0.57,30.0,51.7,51.7,30.0,0.42,205.42,0.45,51.0,0.55,46.0,0.58,200.42
2026-01-06 17:02:39.722000+00:00,2026-01-06 17:02:40.198433+00:00,159.722,0.445,0.44,0.45,0.555,0.55,0.56,100.0,6.0,6.0,125.0,0.43,180.73,0.46,15.0,0.54,55.0,0.57,200.73
2026-01-06 17:02:40.734000+00:00,2026-01-06 17:02:41.201910+00:00,160.734,0.455,0.45,0.46,0.545,0.54,0.55,110.0,35.0,35.0,110.0,0.44,25.2,0.47,99.16,0.53,104.16,0.56,30.2
2026-01-06 17:02:41.746000+00:00,2026-01-06 17:02:42.214409+00:00,161.746,0.455,0.45,0.46,0.545,0.54,0.55,6.36,40.0,46.0,86.36,0.44,106.2,0.47,99.16,0.53,94.16,0.56,101.2
2026-01-06 17:02:42.761000+00:00,2026-01-06 17:02:43.217556+00:00,162.761,0.455,0.45,0.46,0.545,0.54,0.55,75.83,142.0,147.0,75.83,0.44,121.2,0.47,111.0,0.53,111.0,0.56,121.2
2026-01-06 17:02:43.725000+00:00,2026-01-06 17:02:44.231943+00:00,163.725,0.455,0.45,0.46,0.545,0.54,0.55,82.4,142.0,142.0,67.4,0.44,121.2,0.47,111.0,0.53,111.0,0.56,121.2
2026-01-06 17:02:44.782000+00:00,2026-01-06 17:02:45.243819+00:00,164.782,0.455,0.45,0.46,0.545,0.54,0.55,211.97,37.0,6.0,211.97,0.44,285.62,0.47,166.0,0.53,176.0,0.56,320.62
2026-01-06 17:02:45.780000+00:00,2026-01-06 17:02:46.245821+00:00,165.78,0.455,0.45,0.46,0.545,0.54,0.55,412.97,6.0,6.0,387.97,0.44,411.62,0.47,71.0,0.53,71.0,0.56,411.62
2026-01-06 17:02:46.777000+00:00,2026-01-06 17:02:47.260093+00:00,166.777,0.475,0.47,0.48,0.525,0.52,0.53,77.73,53.2,53.2,71.1,0.46,166.0,0.49,206.94,0.51,206.94,0.54,166.0
2026-01-06 17:02:47.813000+00:00,2026-01-06 17:02:48.274828+00:00,167.813,0.475,0.47,0.48,0.525,0.52,0.53,71.1,53.2,53.2,71.1,0.46,174.42,0.49,206.94,0.51,141.94,0.54,174.42
2026-01-06 17:02:48.835000+00:00,2026-01-06 17:02:49.281094+00:00,168.835,0.475,0.47,0.48,0.525,0.52,0.53,71.1,53.2,53.2,71.1,0.46,169.42,0.49,201.94,0.51,201.94,0.54,169.42
2026-01-06 17:02:49.835000+00:00,2026-01-06 17:02:50.299906+00:00,169.835,0.475,0.47,0.48,0.525,0.52,0.53,111.85,48.2,48.2,111.85,0.46,223.42,0.49,207.94,0.51,207.94,0.54,215.0
2026-01-06 17:02:50.833000+00:00,2026-01-06 17:02:51.300212+00:00,170.833,0.475,0.47,0.48,0.525,0.52,0.53,111.85,73.2,73.2,111.85,0.46,230.0,0.49,237.94,0.51,242.94,0.54,220.0
2026-01-06 17:02:51.859000+00:00,2026-01-06 17:02:52.317060+00:00,171.859,0.475,0.47,0.48,0.525,0.52,0.53,111.85,73.2,13.2,111.85,0.46,220.0,0.49,197.94,0.51,177.94,0.54,225.0
2026-01-06 17:02:52.823000+00:00,2026-01-06 17:02:53.323460+00:00,172.823,0.485,0.48,0.49,0.515,0.51,0.52,70.0,177.94,182.94,80.0,0.47,101.85,0.5,207.09,0.5,157.09,0.53,101.85
2026-01-06 17:02:53.851000+00:00,2026-01-06 17:02:54.313767+00:00,173.851,0.46499999999999997,0.46,0.47,0.525,0.52,0.53,73.43,10.0,55.0,70.0,0.45,105.0,0.48,115.0,0.51,222.93,0.54,68.23
2026-01-06 17:02:54.817000+00:00,2026-01-06 17:02:55.331991+00:00,174.817,0.485,0.48,0.49,0.515,0.51,0.52,71.0,262.93,282.93,71.0,0.47,80.0,0.5,218.79,0.5,415.79,0.53,25.0
2026-01-06 17:02:55.616000+00:00,2026-01-06 17:02:56.334331+00:00,175.616,0.485,0.48,0.49,0.515,0.51,0.52,65.0,201.93,301.93,44.61,0.47,129.42,0.5,310.77,0.5,310.77,0.53,129.42
2026-01-06 17:02:56.851000+00:00,2026-01-06 17:02:57.347489+00:00,176.851,0.475,0.47,0.48,0.525,0.52,0.53,104.42,45.0,65.0,144.43,0.46,79.82,0.49,222.93,0.51,247.93,0.54,39.81
2026-01-06 17:02:57.890000+00:00,2026-01-06 17:02:58.353526+00:00,177.89,0.475,0.47,0.48,0.525,0.52,0.53,141.17,55.0,60.0,141.17,0.46,29.81,0.49,342.93,0.51,342.93,0.54,29.81
2026-01-06 17:02:58.802000+00:00,2026-01-06 17:02:59.366117+00:00,178.802,0.475,0.47,0.48,0.525,0.52,0.53,146.17,55.0,55.0,75.01,0.46,63.23,0.49,242.93,0.51,242.93,0.54,63.23
2026-01-06 17:02:59.912000+00:00,2026-01-06 17:03:00.383033+00:00,179.912,0.485,0.48,0.49,0.515,0.51,0.52,80.0,172.94,167.94,68.34,0.47,176.0,0.5,256.95,0.5,190.95,0.53,176.0
2026-01-06 17:03:00.899000+00:00,2026-01-06 17:03:01.380870+00:00,180.899,0.485,0.48,0.49,0.515,0.51,0.52,121.43,172.94,132.94,146.43,0.47,271.0,0.5,210.3,0.5,107.79,0.53,256.0
2026-01-06 17:03:01.965000+00:00,2026-01-06 17:03:02.379422+00:00,181.965,0.495,0.49,0.5,0.505,0.5,0.51,125.0,72.75,72.75,205.0,0.48,391.9,0.51,36.99,0.49,31.99,0.52,391.9
2026-01-06 17:03:02.849000+00:00,2026-01-06 17:03:03.382529+00:00,182.849,0.495,0.49,0.5,0.505,0.5,0.51,271.0,2.75,17.75,294.0,0.48,366.9,0.51,31.99,0.49,31.99,0.52,366.9
2026-01-06 17:03:03.918000+00:00,2026-01-06 17:03:04.382262+00:00,183.918,0.515,0.51,0.52,0.485,0.48,0.49,15.0,40.0,40.0,15.0,0.5,123.0,0.53,105.3,0.47,105.3,0.5,123.0
2026-01-06 17:03:04.928000+00:00,2026-01-06 17:03:05.391429+00:00,184.928,0.51,0.5,0.52,0.49,0.48,0.5,232.93,5.0,5.0,224.83,0.49,178.6,0.53,106.0,0.47,106.0,0.51,248.6
2026-01-06 17:03:05.935000+00:00,2026-01-06 17:03:06.399923+00:00,185.935,0.515,0.5,0.53,0.485,0.47,0.5,244.59,111.0,111.0,239.59,0.49,248.6,0.54,242.39,0.46,197.39,0.51,248.6
2026-01-06 17:03:06.964000+00:00,2026-01-06 17:03:07.416612+00:00,186.964,0.515,0.51,0.52,0.485,0.48,0.49,151.0,35.0,35.0,151.0,0.5,367.0,0.53,81.0,0.47,10.0,0.5,367.0
2026-01-06 17:03:07.956000+00:00,2026-01-06 17:03:08.432535+00:00,187.956,0.545,0.54,0.55,0.455,0.45,0.46,15.0,223.46,223.46,12.82,0.53,86.0,0.56,145.92,0.44,145.92,0.47,86.0
2026-01-06 17:03:08.972000+00:00,2026-01-06 17:03:09.447145+00:00,188.972,0.545,0.54,0.55,0.455,0.45,0.46,10.64,228.46,228.46,10.64,0.53,86.0,0.56,140.92,0.44,140.92,0.47,86.0
2026-01-06 17:03:09.955000+00:00,2026-01-06 17:03:10.453594+00:00,189.955,0.535,0.53,0.54,0.46499999999999997,0.46,0.47,69.49,45.0,45.0,69.49,0.52,15.0,0.55,269.46,0.45,275.46,0.48,15.0
2026-01-06 17:03:11.994000+00:00,2026-01-06 17:03:12.463983+00:00,191.994,0.535,0.53,0.54,0.46499999999999997,0.46,0.47,20.16,111.0,111.0,20.16,0.52,17.64,0.55,506.45,0.45,506.45,0.48,22.64
2026-01-06 17:03:13+00:00,2026-01-06 17:03:13.467832+00:00,193.0,0.535,0.53,0.54,0.46499999999999997,0.46,0.47,462.9,71.0,71.0,462.9,0.52,296.0,0.55,94.46,0.45,94.46,0.48,296.0
2026-01-06 17:03:14.813000+00:00,2026-01-06 17:03:15.493821+00:00,194.813,0.545,0.54,0.55,0.455,0.45,0.46,55.0,94.46,94.46,55.0,0.53,166.9,0.56,40.92,0.44,40.92,0.47,166.9
2026-01-06 17:03:16.979000+00:00,2026-01-06 17:03:17.514339+00:00,196.979,0.545,0.54,0.55,0.455,0.45,0.46,15.0,180.46,180.46,15.0,0.53,55.9,0.56,285.91,0.44,285.91,0.47,55.9
2026-01-06 17:03:18.093000+00:00,2026-01-06 17:03:18.530747+00:00,198.093,0.535,0.53,0.54,0.46499999999999997,0.46,0.47,15.9,71.0,69.14,15.9,0.52,121.0,0.55,406.45,0.45,406.45,0.48,126.0
2026-01-06 17:03:19.060000+00:00,2026-01-06 17:03:19.535292+00:00,199.06,0.535,0.53,0.54,0.47,0.46,0.48,7.48,66.75,71.75,0.32,0.52,35.0,0.55,235.46,0.45,235.46,0.49,297.0
2026-01-06 17:03:20.002000+00:00,2026-01-06 17:03:20.538930+00:00,200.002,0.53,0.52,0.54,0.47,0.46,0.48,15.0,106.75,106.75,15.0,0.51,322.0,0.55,310.46,0.45,310.46,0.49,322.0
2026-01-06 17:03:21.083000+00:00,2026-01-06 17:03:21.547047+00:00,201.083,0.535,0.53,0.54,0.46499999999999997,0.46,0.47,5.0,96.75,91.75,5.0,0.52,20.0,0.55,349.45,0.45,354.45,0.48,20.0
2026-01-06 17:03:22.101000+00:00,2026-01-06 17:03:22.563244+00:00,202.101,0.535,0.53,0.54,0.46499999999999997,0.46,0.47,81.0,40.0,40.0,86.0,0.52,125.0,0.55,144.46,0.45,139.46,0.48,125.0
2026-01-06 17:03:23.134000+00:00,2026-01-06 17:03:23.590706+00:00,203.134,0.475,0.47,0.48,0.525,0.52,0.53,141.0,36.0,44.81,86.0,0.46,25.37,0.5,271.0,0.51,71.0,0.54,65.37
2026-01-06 17:03:24.125000+00:00,2026-01-06 17:03:24.596696+00:00,204.125,0.475,0.47,0.48,0.525,0.52,0.53,86.0,350.92,345.92,78.45,0.46,10.19,0.49,237.68,0.51,237.68,0.54,10.19
2026-01-06 17:03:25.031000+00:00,2026-01-06 17:03:25.615127+00:00,205.031,0.455,0.45,0.46,0.54,0.53,0.55,56.92,13.0,142.92,56.92,0.44,50.0,0.47,142.92,0.52,305.9,0.56,50.0
2026-01-06 17:03:26.173000+00:00,2026-01-06 17:03:26.639300+00:00,206.173,0.485,0.48,0.49,0.515,0.51,0.52,15.75,76.01,76.01,15.75,0.47,86.0,0.5,92.17,0.5,92.17,0.53,86.0
2026-01-06 17:03:27.179000+00:00,2026-01-06 17:03:27.647901+00:00,207.179,0.485,0.48,0.49,0.51,0.5,0.52,55.75,41.0,87.17,55.75,0.47,91.0,0.5,102.17,0.49,160.0,0.53,91.0
2026-01-06 17:03:28.194000+00:00,2026-01-06 17:03:28.657678+00:00,208.194,0.495,0.49,0.5,0.505,0.5,0.51,66.92,7.92,7.92,66.92,0.48,42.67,0.51,94.99,0.49,129.99,0.52,42.67
2026-01-06 17:03:29.156000+00:00,2026-01-06 17:03:29.658132+00:00,209.156,0.495,0.49,0.5,0.505,0.5,0.51,57.15,7.92,7.92,57.15,0.48,57.67,0.51,134.99,0.49,134.99,0.52,57.67
2026-01-06 17:03:30.040000+00:00,2026-01-06 17:03:30.665096+00:00,210.04,0.495,0.49,0.5,0.505,0.5,0.51,157.89,7.92,7.92,162.89,0.48,187.67,0.51,94.99,0.49,6.0,0.52,193.67
2026-01-06 17:03:31.204000+00:00,2026-01-06 17:03:31.683960+00:00,211.204,0.52,0.51,0.53,0.48,0.47,0.49,39.89,348.81,353.81,39.89,0.5,50.0,0.54,296.0,0.46,296.0,0.5,50.0
2026-01-06 17:03:32.128000+00:00,2026-01-06 17:03:32.686398+00:00,212.128,0.51,0.5,0.52,0.49,0.48,0.5,90.0,106.0,106.0,90.0,0.49,179.08,0.53,313.82,0.47,313.82,0.51,179.08
2026-01-06 17:03:33.256000+00:00,2026-01-06 17:03:33.696067+00:00,213.256,0.505,0.5,0.51,0.495,0.49,0.5,19.6,110.93,110.93,19.6,0.49,119.08,0.52,256.65,0.48,256.65,0.51,119.08
2026-01-06 17:03:34.207000+00:00,2026-01-06 17:03:34.697063+00:00,214.207,0.505,0.5,0.51,0.495,0.49,0.5,14.3,85.93,251.93,14.3,0.49,48.08,0.52,100.65,0.48,297.65,0.51,13.08
2026-01-06 17:03:35.236000+00:00,2026-01-06 17:03:35.696280+00:00,215.236,0.46499999999999997,0.46,0.47,0.54,0.53,0.55,5.0,137.91,147.91,64.06,0.45,94.06,0.48,75.0,0.52,100.0,0.56,191.0
2026-01-06 17:03:36.239000+00:00,2026-01-06 17:03:36.693078+00:00,216.239,0.45999999999999996,0.45,0.47,0.54,0.53,0.55,84.77,122.19,122.19,84.77,0.44,55.0,0.48,100.0,0.52,100.0,0.56,125.0
2026-01-06 17:03:37.247000+00:00,2026-01-06 17:03:37.712005+00:00,217.247,0.455,0.45,0.46,0.545,0.54,0.55,15.0,154.25,70.0,94.98,0.44,100.0,0.47,53.24,0.53,81.16,0.56,55.0
2026-01-06 17:03:38.243000+00:00,2026-01-06 17:03:38.716440+00:00,218.243,0.46499999999999997,0.46,0.47,0.525,0.52,0.53,31.75,16.0,206.49,60.0,0.45,210.98,0.48,211.49,0.51,176.0,0.54,81.75
2026-01-06 17:03:39.243000+00:00,2026-01-06 17:03:39.712746+00:00,219.243,0.475,0.47,0.48,0.525,0.52,0.53,83.56,109.0,109.0,88.56,0.46,25.0,0.49,312.0,0.51,312.0,0.54,25.0
2026-01-06 17:03:40.266000+00:00,2026-01-06 17:03:40.729484+00:00,220.266,0.455,0.45,0.46,0.545,0.54,0.55,78.17,60.0,62.82,43.17,0.44,40.0,0.47,45.0,0.53,45.0,0.57,50.0
2026-01-06 17:03:41.253000+00:00,2026-01-06 17:03:41.727465+00:00,221.253,0.435,0.43,0.44,0.565,0.56,0.57,65.0,95.15,95.15,15.0,0.42,40.0,0.45,95.0,0.55,102.1,0.58,40.0
2026-01-06 17:03:42.263000+00:00,2026-01-06 17:03:42.726375+00:00,222.263,0.435,0.43,0.44,0.565,0.56,0.57,246.0,59.61,59.61,246.0,0.42,142.98,0.45,60.0,0.55,60.0,0.58,128.0
2026-01-06 17:03:43.283000+00:00,2026-01-06 17:03:43.742250+00:00,223.283,0.435,0.43,0.44,0.565,0.56,0.57,256.0,0.49,0.49,256.0,0.42,128.0,0.45,60.0,0.55,60.0,0.58,128.0
2026-01-06 17:03:44.235000+00:00,2026-01-06 17:03:44.760847+00:00,224.235,0.435,0.43,0.44,0.565,0.56,0.57,106.0,126.93,124.65,106.0,0.42,23.0,0.45,216.0,0.55,216.0,0.58,23.0
2026-01-06 17:03:45.294000+00:00,2026-01-06 17:03:45.781573+00:00,225.294,0.435,0.43,0.44,0.565,0.56,0.57,35.0,132.81,132.81,35.0,0.42,23.0,0.45,181.0,0.55,181.0,0.58,23.0
2026-01-06 17:03:46.320000+00:00,2026-01-06 17:03:46.795912+00:00,226.32,0.435,0.43,0.44,0.565,0.56,0.57,35.0,130.81,117.81,35.0,0.42,28.0,0.45,181.0,0.55,181.0,0.58,28.0
2026-01-06 17:03:47.338000+00:00,2026-01-06 17:03:47.800314+00:00,227.338,0.435,0.43,0.44,0.565,0.56,0.57,75.0,52.81,52.81,75.0,0.42,183.0,0.45,216.0,0.55,216.0,0.58,183.0
2026-01-06 17:03:48.277000+00:00,2026-01-06 17:03:48.813044+00:00,228.277,0.435,0.43,0.44,0.565,0.56,0.57,75.0,65.28,65.28,75.0,0.42,183.0,0.45,216.0,0.55,216.0,0.58,183.0
2026-01-06 17:03:49.339000+00:00,2026-01-06 17:03:49.810381+00:00,229.339,0.425,0.42,0.43,0.575,0.57,0.58,8.0,397.0,397.0,8.0,0.41,142.32,0.44,267.28,0.56,267.28,0.59,142.32
2026-01-06 17:03:50.299000+00:00,2026-01-06 17:03:50.823987+00:00,230.299,0.415,0.41,0.42,0.585,0.58,0.59,152.32,173.0,168.0,150.32,0.4,410.71,0.43,287.0,0.57,287.0,0.6,410.71
2026-01-06 17:03:51.111000+00:00,2026-01-06 17:03:51.829536+00:00,231.111,0.415,0.41,0.42,0.585,0.58,0.59,74.32,169.5,159.89,74.32,0.4,410.71,0.43,287.0,0.57,287.0,0.6,375.71
2026-01-06 17:03:52.349000+00:00,2026-01-06 17:03:52.850087+00:00,232.349,0.415,0.41,0.42,0.585,0.58,0.59,109.32,60.0,60.0,109.32,0.4,455.71,0.43,216.0,0.57,216.0,0.6,455.71
2026-01-06 17:03:53.398000+00:00,2026-01-06 17:03:53.863934+00:00,233.398,0.415,0.41,0.42,0.585,0.58,0.59,69.32,186.0,186.0,65.93,0.4,415.71,0.43,216.0,0.57,216.0,0.6,410.71
2026-01-06 17:03:54.376000+00:00,2026-01-06 17:03:54.863104+00:00,234.376,0.405,0.4,0.41,0.595,0.59,0.6,347.31,162.53,152.53,340.27,0.39,153.01,0.42,60.0,0.58,60.0,0.61,153.01
2026-01-06 17:03:55.422000+00:00,2026-01-06 17:03:55.881358+00:00,235.422,0.405,0.4,0.41,0.595,0.59,0.6,298.1,167.53,164.79,293.1,0.39,38.01,0.42,216.0,0.58,216.0,0.61,38.01
2026-01-06 17:03:56.387000+00:00,2026-01-06 17:03:56.894738+00:00,236.387,0.405,0.4,0.41,0.595,0.59,0.6,87.58,147.27,147.27,87.58,0.39,43.01,0.42,231.0,0.58,231.0,0.61,38.01
2026-01-06 17:03:57.422000+00:00,2026-01-06 17:03:57.897060+00:00,237.422,0.395,0.39,0.4,0.605,0.6,0.61,5.0,60.0,60.0,10.0,0.38,113.78,0.41,75.99,0.59,75.99,0.62,113.78
2026-01-06 17:03:58.383000+00:00,2026-01-06 17:03:58.905450+00:00,238.383,0.395,0.39,0.4,0.605,0.6,0.61,3.0,57.0,57.0,73.0,0.38,188.78,0.41,80.99,0.59,80.99,0.62,188.78
2026-01-06 17:03:59.250000+00:00,2026-01-06 17:03:59.921721+00:00,239.25,0.395,0.39,0.4,0.605,0.6,0.61,71.21,57.0,57.0,71.21,0.38,188.78,0.41,80.99,0.59,80.99,0.62,188.78
2026-01-06 17:04:00.478000+00:00,2026-01-06 17:04:00.940024+00:00,240.478,0.385,0.38,0.39,0.615,0.61,0.62,23.78,60.0,150.0,9.55,0.37,143.54,0.4,92.0,0.6,72.0,0.63,141.0
2026-01-06 17:04:01.478000+00:00,2026-01-06 17:04:01.941473+00:00,241.478,0.375,0.37,0.38,0.625,0.62,0.63,65.0,269.77,269.77,44.19,0.36,94.98,0.39,196.0,0.61,191.0,0.64,89.98
2026-01-06 17:04:02.500000+00:00,2026-01-06 17:04:02.948331+00:00,242.5,0.365,0.36,0.37,0.635,0.63,0.64,56.39,78.54,68.56,56.39,0.35,30.0,0.38,264.77,0.62,269.77,0.65,40.0
2026-01-06 17:04:03.482000+00:00,2026-01-06 17:04:03.954427+00:00,243.482,0.365,0.36,0.37,0.635,0.63,0.64,56.39,68.56,68.56,56.39,0.35,35.0,0.38,264.77,0.62,269.77,0.65,60.0
2026-01-06 17:04:04.562000+00:00,2026-01-06 17:04:04.959641+00:00,244.562,0.365,0.36,0.37,0.635,0.63,0.64,329.65,7.72,7.72,339.65,0.35,521.99,0.38,125.3,0.61,129.82,0.65,536.99
2026-01-06 17:04:05.505000+00:00,2026-01-06 17:04:05.965932+00:00,245.505,0.39,0.38,0.4,0.61,0.6,0.62,211.48,574.35,574.35,211.48,0.37,85.0,0.41,69.99,0.59,45.99,0.63,85.0
2026-01-06 17:04:06.523000+00:00,2026-01-06 17:04:06.981873+00:00,246.523,0.395,0.39,0.4,0.605,0.6,0.61,276.0,608.0,608.0,276.0,0.38,349.89,0.41,94.0,0.59,94.0,0.62,419.89
2026-01-06 17:04:07.505000+00:00,2026-01-06 17:04:07.997108+00:00,247.505,0.405,0.4,0.41,0.585,0.58,0.59,210.7,13.0,68.0,60.0,0.39,471.21,0.42,68.0,0.56,16.09,0.6,240.7
2026-01-06 17:04:08.551000+00:00,2026-01-06 17:04:09.015065+00:00,248.551,0.45,0.44,0.46,0.545,0.54,0.55,15.0,40.35,40.35,163.4,0.43,232.75,0.47,14.98,0.53,14.98,0.56,197.0
2026-01-06 17:04:09.555000+00:00,2026-01-06 17:04:10.030229+00:00,249.555,0.455,0.45,0.46,0.545,0.54,0.55,149.93,45.35,45.35,139.93,0.44,81.0,0.47,169.97,0.53,169.97,0.56,81.0
2026-01-06 17:04:10.556000+00:00,2026-01-06 17:04:11.044907+00:00,250.556,0.455,0.45,0.46,0.545,0.54,0.55,27.07,85.35,85.35,22.07,0.44,64.92,0.47,145.97,0.53,160.97,0.56,64.92
2026-01-06 17:04:11.602000+00:00,2026-01-06 17:04:12.056379+00:00,251.602,0.45,0.44,0.46,0.55,0.54,0.56,74.74,170.0,180.0,80.11,0.43,92.53,0.47,156.0,0.53,156.0,0.57,97.53
2026-01-06 17:04:12.564000+00:00,2026-01-06 17:04:13.059548+00:00,252.564,0.455,0.45,0.46,0.545,0.54,0.55,30.62,46.0,41.0,27.92,0.44,6.0,0.47,246.37,0.53,116.4,0.56,6.0
2026-01-06 17:04:13.571000+00:00,2026-01-06 17:04:14.066395+00:00,253.571,0.455,0.45,0.46,0.545,0.54,0.55,75.81,6.0,1.0,75.81,0.44,111.0,0.47,141.4,0.53,146.4,0.56,122.0
2026-01-06 17:04:14.589000+00:00,2026-01-06 17:04:15.079629+00:00,254.589,0.455,0.45,0.46,0.545,0.54,0.55,161.0,1.0,1.0,161.0,0.44,259.28,0.47,185.96,0.53,180.96,0.56,249.28
2026-01-06 17:04:15.654000+00:00,2026-01-06 17:04:16.088278+00:00,255.654,0.475,0.47,0.48,0.525,0.52,0.53,116.0,104.4,104.4,121.0,0.46,30.0,0.49,178.65,0.51,133.65,0.54,30.0
2026-01-06 17:04:16.631000+00:00,2026-01-06 17:04:17.100168+00:00,256.631,0.475,0.47,0.48,0.505,0.5,0.51,287.0,75.4,25.78,45.0,0.46,336.0,0.5,106.88,0.49,105.36,0.52,65.0
2026-01-06 17:04:17.630000+00:00,2026-01-06 17:04:18.113385+00:00,257.63,0.505,0.5,0.51,0.485,0.48,0.49,50.0,15.0,35.0,97.66,0.49,203.01,0.52,35.0,0.47,75.0,0.5,35.0
2026-01-06 17:04:18.725000+00:00,2026-01-06 17:04:19.129245+00:00,258.725,0.505,0.5,0.51,0.495,0.49,0.5,341.2,26.89,26.89,346.0,0.49,345.89,0.53,89.56,0.47,15.0,0.51,415.89
2026-01-06 17:04:19.675000+00:00,2026-01-06 17:04:20.141238+00:00,259.675,0.525,0.52,0.53,0.475,0.47,0.48,190.38,41.88,41.88,190.38,0.51,217.0,0.54,55.36,0.46,55.36,0.49,217.0
2026-01-06 17:04:20.675000+00:00,2026-01-06 17:04:21.143811+00:00,260.675,0.535,0.53,0.54,0.46499999999999997,0.46,0.47,150.56,55.36,50.36,150.56,0.52,170.38,0.55,118.46,0.45,118.46,0.48,170.38
2026-01-06 17:04:21.682000+00:00,2026-01-06 17:04:22.145797+00:00,261.682,0.545,0.54,0.55,0.455,0.45,0.46,101.0,100.83,100.83,98.58,0.53,135.56,0.56,45.92,0.44,45.92,0.47,135.56
2026-01-06 17:04:22.702000+00:00,2026-01-06 17:04:23.160975+00:00,262.702,0.545,0.54,0.55,0.455,0.45,0.46,96.4,95.83,95.83,96.4,0.53,343.1,0.56,156.48,0.44,156.48,0.47,343.1
2026-01-06 17:04:23.723000+00:00,2026-01-06 17:04:24.188559+00:00,263.723,0.545,0.54,0.55,0.455,0.45,0.46,263.41,95.83,95.83,263.41,0.53,207.1,0.56,116.92,0.44,116.92,0.47,207.1
2026-01-06 17:04:24.745000+00:00,2026-01-06 17:04:25.193217+00:00,264.745,0.545,0.54,0.55,0.455,0.45,0.46,15.0,65.83,65.83,20.0,0.53,225.0,0.56,206.92,0.44,206.92,0.47,225.0
2026-01-06 17:04:25.727000+00:00,2026-01-06 17:04:26.207735+00:00,265.727,0.535,0.53,0.54,0.46499999999999997,0.46,0.47,352.0,6.29,6.29,352.0,0.52,281.0,0.55,71.83,0.45,71.83,0.48,281.0
2026-01-06 17:04:26.751000+00:00,2026-01-06 17:04:27.223373+00:00,266.751,0.545,0.54,0.55,0.455,0.45,0.46,64.71,96.39,101.39,64.71,0.53,387.0,0.56,202.8,0.44,197.8,0.47,387.0
2026-01-06 17:04:27.727000+00:00,2026-01-06 17:04:28.235978+00:00,267.727,0.54,0.53,0.55,0.45999999999999996,0.45,0.47,226.51,172.39,172.39,226.51,0.52,186.86,0.56,268.8,0.44,268.8,0.48,186.86
2026-01-06 17:04:28.774000+00:00,2026-01-06 17:04:29.240720+00:00,268.774,0.545,0.54,0.55,0.455,0.45,0.46,105.0,96.39,101.39,105.0,0.53,302.51,0.56,133.8,0.44,133.8,0.47,378.51
2026-01-06 17:04:29.779000+00:00,2026-01-06 17:04:30.255982+00:00,269.779,0.545,0.54,0.55,0.455,0.45,0.46,105.0,71.72,71.72,181.0,0.53,354.0,0.56,111.92,0.44,101.92,0.47,349.0
2026-01-06 17:04:30.798000+00:00,2026-01-06 17:04:31.266972+00:00,270.798,0.55,0.54,0.56,0.435,0.43,0.44,208.43,9.13,71.0,61.87,0.53,339.0,0.57,71.0,0.41,35.0,0.45,206.0
2026-01-06 17:04:31.820000+00:00,2026-01-06 17:04:32.274551+00:00,271.82,0.575,0.57,0.58,0.405,0.4,0.41,161.0,4.0,50.0,71.0,0.56,297.87,0.6,50.0,0.39,40.0,0.42,152.0
2026-01-06 17:04:32.814000+00:00,2026-01-06 17:04:33.279662+00:00,272.814,0.595,0.59,0.6,0.405,0.4,0.41,126.3,50.0,50.0,121.42,0.58,157.0,0.61,45.0,0.39,20.0,0.42,157.0
2026-01-06 17:04:33.816000+00:00,2026-01-06 17:04:34.279494+00:00,273.816,0.585,0.58,0.59,0.415,0.41,0.42,35.0,80.0,80.0,35.0,0.57,40.0,0.6,81.0,0.4,81.0,0.43,40.0
2026-01-06 17:04:34.831000+00:00,2026-01-06 17:04:35.289874+00:00,274.831,0.595,0.59,0.6,0.415,0.41,0.42,5.0,53.04,5.0,106.0,0.58,106.0,0.61,264.99,0.4,53.04,0.43,69.51
2026-01-06 17:04:35.837000+00:00,2026-01-06 17:04:36.295300+00:00,275.837,0.585,0.58,0.59,0.41000000000000003,0.4,0.42,182.0,2.79,48.04,282.0,0.57,250.51,0.6,58.04,0.39,35.0,0.43,340.51
2026-01-06 17:04:36.733000+00:00,2026-01-06 17:04:37.296077+00:00,276.733,0.605,0.59,0.62,0.395,0.38,0.41,181.12,211.0,211.0,181.0,0.58,272.0,0.63,284.99,0.37,155.0,0.42,272.0
2026-01-06 17:04:37.835000+00:00,2026-01-06 17:04:38.291909+00:00,277.835,0.595,0.59,0.6,0.405,0.4,0.41,71.0,85.0,255.0,76.0,0.58,64.51,0.61,129.99,0.39,70.0,0.42,29.51
2026-01-06 17:04:38.804000+00:00,2026-01-06 17:04:39.305984+00:00,278.804,0.595,0.59,0.6,0.4,0.39,0.41,40.0,2.48,192.0,35.0,0.58,91.51,0.61,192.0,0.38,457.0,0.42,162.51
2026-01-06 17:04:39.819000+00:00,2026-01-06 17:04:40.328280+00:00,279.819,0.605,0.6,0.61,0.395,0.39,0.4,35.0,141.83,141.83,35.0,0.59,81.0,0.62,301.0,0.38,301.0,0.41,81.0
2026-01-06 17:04:40.898000+00:00,2026-01-06 17:04:41.348244+00:00,280.898,0.605,0.6,0.61,0.395,0.39,0.4,5.0,176.82,241.82,5.0,0.59,121.0,0.62,266.0,0.38,195.0,0.41,126.0
2026-01-06 17:04:41.885000+00:00,2026-01-06 17:04:42.350612+00:00,281.885,0.595,0.59,0.6,0.405,0.4,0.41,118.24,180.0,180.0,0.24,0.58,163.86,0.61,327.83,0.39,327.83,0.42,21.86
2026-01-06 17:04:42.892000+00:00,2026-01-06 17:04:43.354795+00:00,282.892,0.59,0.58,0.6,0.41000000000000003,0.4,0.42,5.0,85.0,65.0,45.0,0.57,52.6,0.61,462.82,0.39,441.99,0.43,27.6
2026-01-06 17:04:43.894000+00:00,2026-01-06 17:04:44.360173+00:00,283.894,0.585,0.58,0.59,0.415,0.41,0.42,5.0,10.0,70.0,5.0,0.57,27.6,0.6,276.16,0.4,311.16,0.43,57.6
2026-01-06 17:04:44.837000+00:00,2026-01-06 17:04:45.359731+00:00,284.837,0.575,0.57,0.58,0.425,0.42,0.43,52.6,151.0,206.0,52.6,0.56,161.0,0.59,65.0,0.41,65.0,0.44,161.0
2026-01-06 17:04:45.901000+00:00,2026-01-06 17:04:46.361008+00:00,285.901,0.575,0.57,0.58,0.43,0.42,0.44,2.94,201.0,241.0,80.0,0.56,161.0,0.59,100.0,0.41,75.0,0.45,105.0
2026-01-06 17:04:46.927000+00:00,2026-01-06 17:04:47.374794+00:00,286.927,0.545,0.54,0.55,0.455,0.45,0.46,108.21,136.0,136.0,108.21,0.53,55.0,0.56,195.0,0.44,190.0,0.47,50.0
2026-01-06 17:04:47.893000+00:00,2026-01-06 17:04:48.375452+00:00,287.893,0.545,0.54,0.55,0.45999999999999996,0.45,0.47,36.58,230.43,235.43,33.0,0.53,20.0,0.56,221.0,0.44,118.0,0.48,40.0
2026-01-06 17:04:48.901000+00:00,2026-01-06 17:04:49.375520+00:00,288.901,0.525,0.52,0.53,0.475,0.47,0.48,87.51,130.15,135.15,58.0,0.51,268.86,0.54,179.0,0.46,149.0,0.49,268.86
2026-01-06 17:04:49.887000+00:00,2026-01-06 17:04:50.380692+00:00,289.887,0.525,0.52,0.53,0.475,0.47,0.48,58.0,125.15,125.15,58.0,0.51,170.51,0.54,181.0,0.46,194.0,0.49,149.0
2026-01-06 17:04:50.887000+00:00,2026-01-06 17:04:51.385153+00:00,290.887,0.525,0.52,0.53,0.475,0.47,0.48,58.66,122.35,122.35,53.66,0.51,136.0,0.54,220.0,0.46,215.0,0.49,60.0
2026-01-06 17:04:51.935000+00:00,2026-01-06 17:04:52.388129+00:00,291.935,0.525,0.52,0.53,0.475,0.47,0.48,128.66,81.32,81.32,128.66,0.51,174.5,0.54,269.0,0.46,213.0,0.49,174.5
2026-01-06 17:04:52.920000+00:00,2026-01-06 17:04:53.397641+00:00,292.92,0.525,0.52,0.53,0.475,0.47,0.48,147.49,58.32,15.43,129.49,0.51,246.5,0.54,141.0,0.46,213.0,0.49,225.49
2026-01-06 17:04:53.957000+00:00,2026-01-06 17:04:54.412308+00:00,293.957,0.525,0.52,0.53,0.475,0.47,0.48,120.85,45.43,45.43,115.85,0.51,240.49,0.54,218.0,0.46,213.0,0.49,240.49
2026-01-06 17:04:54.970000+00:00,2026-01-06 17:04:55.414833+00:00,294.97,0.535,0.53,0.54,0.46499999999999997,0.46,0.47,41.3,45.0,135.0,118.0,0.52,251.82,0.55,303.0,0.45,110.0,0.48,299.82
2026-01-06 17:04:55.976000+00:00,2026-01-06 17:04:56.426593+00:00,295.976,0.525,0.52,0.53,0.475,0.47,0.48,94.0,350.0,305.0,89.0,0.51,141.37,0.54,287.0,0.46,292.0,0.49,25.37
2026-01-06 17:04:56.966000+00:00,2026-01-06 17:04:57.439138+00:00,296.966,0.5,0.49,0.51,0.5,0.49,0.51,276.57,100.0,100.0,276.57,0.48,327.83,0.52,193.0,0.48,193.0,0.52,327.83
2026-01-06 17:04:57.782000+00:00,2026-01-06 17:04:58.422354+00:00,297.782,0.505,0.5,0.51,0.495,0.49,0.5,88.0,97.98,103.98,88.0,0.49,183.84,0.52,153.0,0.48,153.0,0.51,168.84
2026-01-06 17:04:58.988000+00:00,2026-01-06 17:04:59.442848+00:00,298.988,0.515,0.51,0.52,0.475,0.47,0.48,187.84,53.0,45.69,180.14,0.5,397.0,0.53,45.69,0.46,141.0,0.49,92.0
2026-01-06 17:04:59.960000+00:00,2026-01-06 17:05:00.440133+00:00,299.96,0.525,0.52,0.53,0.475,0.47,0.48,399.14,10.69,10.69,399.14,0.51,262.0,0.54,21.0,0.46,21.0,0.49,262.0
2026-01-06 17:05:01+00:00,2026-01-06 17:05:01.455352+00:00,301.0,0.535,0.53,0.54,0.46499999999999997,0.46,0.47,87.3,146.05,141.05,70.78,0.52,189.15,0.55,167.0,0.45,118.0,0.48,199.15
2026-01-06 17:05:02.001000+00:00,2026-01-06 17:05:02.475789+00:00,302.001,0.52,0.51,0.53,0.48,0.47,0.49,135.35,124.21,195.21,115.84,0.5,128.86,0.54,149.67,0.46,160.67,0.5,123.86
2026-01-06 17:05:03.045000+00:00,2026-01-06 17:05:03.492907+00:00,303.045,0.51,0.5,0.52,0.49,0.48,0.5,109.15,239.0,293.0,114.15,0.49,50.0,0.53,215.0,0.47,215.0,0.51,105.65
2026-01-06 17:05:04.037000+00:00,2026-01-06 17:05:04.492625+00:00,304.037,0.495,0.49,0.5,0.515,0.51,0.52,50.65,92.0,60.0,63.95,0.48,76.11,0.51,75.0,0.5,178.0,0.53,272.84
2026-01-06 17:05:05.006000+00:00,2026-01-06 17:05:05.501104+00:00,305.006,0.45,0.44,0.46,0.54,0.53,0.55,295.84,19.87,117.9,95.42,0.43,397.0,0.47,134.0,0.52,162.0,0.56,199.0
2026-01-06 17:05:06.037000+00:00,2026-01-06 17:05:06.510996+00:00,306.037,0.455,0.45,0.46,0.535,0.53,0.54,321.0,12.8,37.27,45.0,0.44,344.57,0.47,40.92,0.51,60.0,0.55,391.0
2026-01-06 17:05:07.044000+00:00,2026-01-06 17:05:07.502105+00:00,307.044,0.48,0.47,0.49,0.52,0.51,0.53,165.84,89.7,97.49,183.84,0.46,358.0,0.5,219.0,0.5,237.0,0.54,319.0
2026-01-06 17:05:08.002000+00:00,2026-01-06 17:05:08.500133+00:00,308.002,0.485,0.48,0.49,0.515,0.51,0.52,27.98,137.92,243.92,27.98,0.47,45.0,0.5,202.0,0.5,177.0,0.53,45.0
2026-01-06 17:05:09.041000+00:00,2026-01-06 17:05:09.508868+00:00,309.041,0.47,0.46,0.48,0.53,0.52,0.54,265.0,114.01,114.01,283.0,0.45,234.0,0.49,240.42,0.51,240.42,0.55,234.0
2026-01-06 17:05:10.049000+00:00,2026-01-06 17:05:10.504851+00:00,310.049,0.475,0.47,0.48,0.525,0.52,0.53,116.0,75.01,75.01,116.0,0.46,194.0,0.49,295.42,0.51,331.42,0.54,212.0
2026-01-06 17:05:11.067000+00:00,2026-01-06 17:05:11.509634+00:00,311.067,0.475,0.47,0.48,0.525,0.52,0.53,71.0,130.84,148.84,71.0,0.46,130.0,0.49,395.42,0.51,400.42,0.54,135.0
2026-01-06 17:05:12.058000+00:00,2026-01-06 17:05:12.520157+00:00,312.058,0.46499999999999997,0.46,0.47,0.535,0.53,0.54,71.0,1.78,46.8,71.0,0.45,90.65,0.48,123.84,0.52,213.84,0.55,85.65
2026-01-06 17:05:13.072000+00:00,2026-01-06 17:05:13.531225+00:00,313.072,0.46499999999999997,0.46,0.47,0.535,0.53,0.54,25.77,153.8,153.8,25.77,0.45,45.0,0.48,146.84,0.52,141.84,0.55,40.0
2026-01-06 17:05:14.087000+00:00,2026-01-06 17:05:14.548638+00:00,314.087,0.455,0.45,0.46,0.545,0.54,0.55,35.0,93.51,98.51,35.0,0.44,205.82,0.47,140.8,0.53,149.8,0.56,86.82
2026-01-06 17:05:15.076000+00:00,2026-01-06 17:05:15.558929+00:00,315.076,0.455,0.45,0.46,0.545,0.54,0.55,35.0,98.51,98.51,35.0,0.44,44.82,0.47,244.8,0.53,244.8,0.56,44.82
2026-01-06 17:05:16.087000+00:00,2026-01-06 17:05:16.565595+00:00,316.087,0.435,0.43,0.44,0.565,0.56,0.57,191.47,60.0,60.0,221.47,0.42,382.95,0.45,47.44,0.55,60.44,0.58,397.95
2026-01-06 17:05:17.112000+00:00,2026-01-06 17:05:17.573235+00:00,317.112,0.435,0.43,0.44,0.565,0.56,0.57,278.82,60.0,60.0,273.82,0.42,364.0,0.45,90.44,0.55,90.44,0.58,364.0
2026-01-06 17:05:18.177000+00:00,2026-01-06 17:05:18.573770+00:00,318.177,0.445,0.44,0.45,0.555,0.55,0.56,5.0,65.58,62.58,10.0,0.43,250.82,0.46,65.0,0.54,157.0,0.57,380.82
2026-01-06 17:05:19.071000+00:00,2026-01-06 17:05:19.569937+00:00,319.071,0.44,0.43,0.45,0.56,0.55,0.57,380.82,58.13,54.77,380.82,0.42,501.0,0.46,142.0,0.54,142.0,0.58,501.0
2026-01-06 17:05:20.112000+00:00,2026-01-06 17:05:20.566842+00:00,320.112,0.425,0.42,0.43,0.575,0.57,0.58,34.62,50.0,45.0,34.62,0.41,474.99,0.44,149.0,0.56,149.0,0.59,543.64
2026-01-06 17:05:21.121000+00:00,2026-01-06 17:05:21.577330+00:00,321.121,0.425,0.42,0.43,0.575,0.57,0.58,111.62,30.0,50.0,206.62,0.41,451.99,0.44,129.4,0.56,124.4,0.59,466.99
2026-01-06 17:05:22.143000+00:00,2026-01-06 17:05:22.605062+00:00,322.143,0.425,0.42,0.43,0.575,0.57,0.58,206.62,121.0,121.0,211.62,0.41,542.99,0.44,121.4,0.56,121.4,0.59,542.99
2026-01-06 17:05:23.130000+00:00,2026-01-06 17:05:23.612049+00:00,323.13,0.435,0.43,0.44,0.565,0.56,0.57,76.0,30.0,35.0,76.0,0.42,589.65,0.45,54.77,0.55,54.77,0.58,589.65
2026-01-06 17:05:24.159000+00:00,2026-01-06 17:05:24.640266+00:00,324.159,0.435,0.43,0.44,0.565,0.56,0.57,76.0,35.0,35.0,176.0,0.42,539.0,0.45,49.77,0.55,49.77,0.58,539.0
2026-01-06 17:05:25.184000+00:00,2026-01-06 17:05:25.649350+00:00,325.184,0.435,0.43,0.44,0.565,0.56,0.57,40.0,107.0,222.0,5.0,0.42,131.0,0.45,191.77,0.55,166.77,0.58,156.0
2026-01-06 17:05:26.182000+00:00,2026-01-06 17:05:26.664003+00:00,326.182,0.415,0.41,0.42,0.585,0.58,0.59,15.0,50.0,50.0,15.0,0.4,279.0,0.43,142.0,0.57,142.0,0.6,351.0
2026-01-06 17:05:27.219000+00:00,2026-01-06 17:05:27.675153+00:00,327.219,0.415,0.41,0.42,0.585,0.58,0.59,18.0,50.0,50.0,13.0,0.4,313.0,0.43,127.0,0.57,127.0,0.6,313.0
2026-01-06 17:05:28.264000+00:00,2026-01-06 17:05:28.682135+00:00,328.264,0.415,0.41,0.42,0.58,0.57,0.59,105.0,45.0,161.94,258.0,0.4,325.0,0.43,159.0,0.56,42.4,0.6,237.0
2026-01-06 17:05:29.306000+00:00,2026-01-06 17:05:29.708328+00:00,329.306,0.415,0.41,0.42,0.585,0.58,0.59,192.0,170.0,170.0,71.0,0.4,127.0,0.43,112.0,0.57,112.0,0.6,6.0
2026-01-06 17:05:30.240000+00:00,2026-01-06 17:05:30.712318+00:00,330.24,0.415,0.41,0.42,0.585,0.58,0.59,71.0,198.0,162.0,71.0,0.4,11.0,0.43,117.0,0.57,112.0,0.6,11.0
2026-01-06 17:05:31.257000+00:00,2026-01-06 17:05:31.724352+00:00,331.257,0.415,0.41,0.42,0.565,0.56,0.57,449.99,71.0,9.4,23.0,0.4,368.0,0.43,85.94,0.55,34.77,0.58,108.0
2026-01-06 17:05:32.277000+00:00,2026-01-06 17:05:32.738676+00:00,332.277,0.435,0.43,0.44,0.565,0.56,0.57,5.0,9.4,9.4,23.0,0.42,148.0,0.45,69.77,0.55,69.77,0.58,148.0
2026-01-06 17:05:33.297000+00:00,2026-01-06 17:05:33.743125+00:00,333.297,0.425,0.42,0.43,0.575,0.57,0.58,85.65,30.0,30.0,35.0,0.41,53.95,0.44,169.4,0.56,187.4,0.59,53.95
2026-01-06 17:05:34.264000+00:00,2026-01-06 17:05:34.749073+00:00,334.264,0.425,0.42,0.43,0.575,0.57,0.58,5.0,25.0,25.0,77.0,0.41,292.0,0.44,186.4,0.56,186.4,0.59,328.0
2026-01-06 17:05:35.290000+00:00,2026-01-06 17:05:35.739161+00:00,335.29,0.425,0.42,0.43,0.5700000000000001,0.56,0.58,72.0,25.0,156.4,418.0,0.41,333.0,0.44,191.4,0.55,87.77,0.59,354.0
2026-01-06 17:05:36.297000+00:00,2026-01-06 17:05:36.755999+00:00,336.297,0.425,0.42,0.43,0.575,0.57,0.58,176.0,30.0,30.0,194.0,0.41,409.0,0.44,151.4,0.56,151.4,0.59,509.0
2026-01-06 17:05:37.290000+00:00,2026-01-06 17:05:37.757656+00:00,337.29,0.435,0.43,0.44,0.565,0.56,0.57,87.0,14.4,14.4,81.0,0.42,449.0,0.45,69.77,0.55,69.77,0.58,449.0
2026-01-06 17:05:38.186000+00:00,2026-01-06 17:05:38.759061+00:00,338.186,0.435,0.43,0.44,0.565,0.56,0.57,76.0,4.85,2.57,76.0,0.42,499.65,0.45,69.77,0.55,69.77,0.58,499.65
2026-01-06 17:05:39.300000+00:00,2026-01-06 17:05:39.775620+00:00,339.3,0.435,0.43,0.44,0.565,0.56,0.57,10.0,2.57,2.57,125.0,0.42,446.65,0.45,69.77,0.55,69.77,0.58,429.65
2026-01-06 17:05:40.309000+00:00,2026-01-06 17:05:40.788432+00:00,340.309,0.48,0.47,0.49,0.515,0.51,0.52,236.0,118.0,123.0,23.0,0.46,209.97,0.5,64.0,0.5,69.0,0.53,111.0
2026-01-06 17:05:41.341000+00:00,2026-01-06 17:05:41.803914+00:00,341.341,0.46499999999999997,0.46,0.47,0.535,0.53,0.54,40.0,38.16,244.0,35.0,0.45,20.0,0.48,113.18,0.52,43.18,0.55,15.0
2026-01-06 17:05:42.356000+00:00,2026-01-06 17:05:42.803996+00:00,342.356,0.455,0.45,0.46,0.555,0.55,0.56,47.65,65.0,86.0,99.95,0.44,99.95,0.47,332.0,0.54,30.0,0.58,50.0
2026-01-06 17:05:43.355000+00:00,2026-01-06 17:05:43.820218+00:00,343.355,0.43,0.42,0.44,0.585,0.58,0.59,15.0,36.0,13.66,107.0,0.41,107.0,0.45,101.68,0.57,21.71,0.6,233.0
2026-01-06 17:05:44.385000+00:00,2026-01-06 17:05:44.836844+00:00,344.385,0.415,0.41,0.42,0.585,0.58,0.59,130.0,27.46,27.46,130.0,0.4,385.0,0.43,21.71,0.57,21.71,0.6,435.65
2026-01-06 17:05:45.263000+00:00,2026-01-06 17:05:45.842343+00:00,345.263,0.415,0.41,0.42,0.585,0.58,0.59,200.0,11.43,11.43,200.0,0.4,385.0,0.43,21.71,0.57,21.71,0.6,385.0
2026-01-06 17:05:46.390000+00:00,2026-01-06 17:05:46.851557+00:00,346.39,0.435,0.43,0.44,0.565,0.56,0.57,229.0,15.0,15.0,229.0,0.42,88.0,0.45,30.0,0.55,30.0,0.58,88.0
2026-01-06 17:05:47.379000+00:00,2026-01-06 17:05:47.853898+00:00,347.379,0.425,0.42,0.43,0.575,0.57,0.58,85.65,20.0,20.0,85.65,0.41,543.95,0.44,109.0,0.56,109.0,0.59,334.95
2026-01-06 17:05:48.430000+00:00,2026-01-06 17:05:48.874514+00:00,348.43,0.425,0.42,0.43,0.575,0.57,0.58,14.65,30.0,35.0,14.65,0.41,301.0,0.44,144.0,0.56,144.0,0.59,301.0
2026-01-06 17:05:49.374000+00:00,2026-01-06 17:05:49.882132+00:00,349.374,0.425,0.42,0.43,0.5700000000000001,0.56,0.58,77.0,30.0,149.0,77.0,0.41,313.0,0.44,149.0,0.55,113.01,0.59,258.0
2026-01-06 17:05:50.442000+00:00,2026-01-06 17:05:50.905344+00:00,350.442,0.435,0.43,0.44,0.565,0.56,0.57,242.0,71.0,35.0,224.0,0.42,252.0,0.45,68.01,0.55,103.01,0.58,264.0
2026-01-06 17:05:51.231000+00:00,2026-01-06 17:05:51.906207+00:00,351.231,0.445,0.44,0.45,0.555,0.55,0.56,92.0,45.01,15.01,189.0,0.43,261.0,0.46,78.0,0.54,78.0,0.57,224.0
2026-01-06 17:05:52.459000+00:00,2026-01-06 17:05:52.925415+00:00,352.459,0.445,0.44,0.45,0.555,0.55,0.56,28.0,40.01,40.01,10.0,0.43,307.0,0.46,73.0,0.54,91.0,0.57,202.0
2026-01-06 17:05:53.472000+00:00,2026-01-06 17:05:53.930348+00:00,353.472,0.43,0.42,0.44,0.565,0.56,0.57,89.82,168.0,84.0,130.0,0.41,291.0,0.45,179.74,0.55,197.74,0.58,83.0
2026-01-06 17:05:54.358000+00:00,2026-01-06 17:05:54.940356+00:00,354.358,0.435,0.43,0.44,0.565,0.56,0.57,45.0,109.0,109.0,45.0,0.42,376.0,0.45,179.74,0.55,179.74,0.58,381.0
2026-01-06 17:05:55.305000+00:00,2026-01-06 17:05:55.947544+00:00,355.305,0.435,0.43,0.44,0.565,0.56,0.57,50.0,109.0,109.0,50.0,0.42,381.0,0.45,189.74,0.55,189.74,0.58,381.0
2026-01-06 17:05:56.346000+00:00,2026-01-06 17:05:56.945827+00:00,356.346,0.44,0.43,0.45,0.555,0.55,0.56,163.0,60.19,60.19,5.0,0.42,308.0,0.46,28.0,0.54,77.0,0.57,186.0
2026-01-06 17:05:57.472000+00:00,2026-01-06 17:05:57.958610+00:00,357.472,0.435,0.43,0.44,0.565,0.56,0.57,85.0,30.0,30.0,85.0,0.42,325.0,0.45,104.19,0.55,109.19,0.58,335.0
2026-01-06 17:05:58.462000+00:00,2026-01-06 17:05:58.969877+00:00,358.462,0.435,0.43,0.44,0.565,0.56,0.57,90.0,30.0,30.0,90.0,0.42,312.0,0.45,109.19,0.55,109.19,0.58,312.0
2026-01-06 17:05:59.471000+00:00,2026-01-06 17:05:59.973926+00:00,359.471,0.435,0.43,0.44,0.565,0.56,0.57,75.0,20.9,20.9,75.0,0.42,351.0,0.45,109.19,0.55,109.19,0.58,351.0
2026-01-06 17:06:00.400000+00:00,2026-01-06 17:06:00.972843+00:00,360.4,0.435,0.43,0.44,0.565,0.56,0.57,100.0,18.62,18.62,75.0,0.42,341.0,0.45,198.19,0.55,198.19,0.58,336.0
2026-01-06 17:06:01.517000+00:00,2026-01-06 17:06:01.974230+00:00,361.517,0.43,0.42,0.44,0.5700000000000001,0.56,0.58,282.0,61.62,58.62,282.0,0.41,184.0,0.45,140.0,0.55,148.0,0.59,160.0
2026-01-06 17:06:02.529000+00:00,2026-01-06 17:06:02.989254+00:00,362.529,0.44,0.43,0.45,0.56,0.55,0.57,212.0,144.0,144.0,207.0,0.42,273.0,0.46,88.93,0.54,88.93,0.58,273.0
2026-01-06 17:06:03.514000+00:00,2026-01-06 17:06:03.998140+00:00,363.514,0.435,0.43,0.44,0.565,0.56,0.57,207.0,42.0,42.0,207.0,0.42,313.0,0.45,102.0,0.55,102.0,0.58,313.0
2026-01-06 17:06:04.553000+00:00,2026-01-06 17:06:05.019816+00:00,364.553,0.44,0.43,0.45,0.56,0.55,0.57,163.0,120.0,114.0,168.0,0.42,300.0,0.46,70.93,0.54,70.93,0.58,331.0
2026-01-06 17:06:05.543000+00:00,2026-01-06 17:06:06.022560+00:00,365.543,0.445,0.44,0.45,0.555,0.55,0.56,28.0,115.0,115.0,23.0,0.43,345.0,0.46,63.93,0.54,63.93,0.57,345.0
2026-01-06 17:06:06.570000+00:00,2026-01-06 17:06:07.025501+00:00,366.57,0.445,0.44,0.45,0.555,0.55,0.56,158.0,85.0,85.0,148.0,0.43,275.0,0.46,93.93,0.54,111.93,0.57,280.0
2026-01-06 17:06:07.564000+00:00,2026-01-06 17:06:08.024110+00:00,367.564,0.435,0.43,0.44,0.565,0.56,0.57,15.0,127.0,40.0,150.0,0.42,165.0,0.45,174.0,0.55,215.0,0.58,167.0
2026-01-06 17:06:08.561000+00:00,2026-01-06 17:06:09.023041+00:00,368.561,0.435,0.43,0.44,0.565,0.56,0.57,209.0,35.0,35.0,227.0,0.42,187.0,0.45,124.0,0.55,119.0,0.58,167.0
2026-01-06 17:06:09.477000+00:00,2026-01-06 17:06:10.018023+00:00,369.477,0.445,0.44,0.45,0.555,0.55,0.56,15.0,149.0,149.0,15.0,0.43,217.0,0.46,88.93,0.54,88.93,0.57,217.0
2026-01-06 17:06:10.546000+00:00,2026-01-06 17:06:11.009528+00:00,370.546,0.445,0.44,0.45,0.555,0.55,0.56,421.0,71.0,71.0,496.0,0.43,412.0,0.46,32.93,0.54,32.93,0.57,482.0
2026-01-06 17:06:11.576000+00:00,2026-01-06 17:06:12.013526+00:00,371.576,0.475,0.47,0.48,0.53,0.52,0.54,5.0,121.17,267.17,221.38,0.46,180.38,0.49,91.0,0.51,96.0,0.55,348.0
2026-01-06 17:06:12.556000+00:00,2026-01-06 17:06:13.023160+00:00,372.556,0.46499999999999997,0.46,0.47,0.535,0.53,0.54,174.91,10.0,85.0,174.91,0.45,272.0,0.48,228.17,0.52,228.17,0.55,272.0
2026-01-06 17:06:13.521000+00:00,2026-01-06 17:06:14.022857+00:00,373.521,0.46499999999999997,0.46,0.47,0.535,0.53,0.54,65.53,260.0,320.0,35.53,0.45,71.0,0.48,266.17,0.52,266.17,0.55,71.0
2026-01-06 17:06:14.523000+00:00,2026-01-06 17:06:15.015230+00:00,374.523,0.455,0.45,0.46,0.545,0.54,0.55,206.0,116.0,136.0,81.0,0.44,143.0,0.47,167.0,0.53,122.0,0.56,225.38
2026-01-06 17:06:15.675000+00:00,2026-01-06 17:06:16.033710+00:00,375.675,0.475,0.47,0.48,0.525,0.52,0.53,124.0,5.0,5.0,124.0,0.46,176.0,0.49,70.0,0.51,120.0,0.54,246.0
2026-01-06 17:06:16.588000+00:00,2026-01-06 17:06:17.056187+00:00,376.588,0.46499999999999997,0.46,0.47,0.535,0.53,0.54,240.38,5.0,5.0,240.38,0.45,238.0,0.48,68.17,0.52,105.17,0.55,244.99
2026-01-06 17:06:17.607000+00:00,2026-01-06 17:06:18.069571+00:00,377.607,0.51,0.5,0.52,0.49,0.48,0.5,113.58,108.17,108.17,131.58,0.49,78.0,0.53,155.0,0.47,155.0,0.51,78.0
2026-01-06 17:06:18.584000+00:00,2026-01-06 17:06:19.087846+00:00,378.584,0.505,0.5,0.51,0.495,0.49,0.5,122.58,5.0,5.0,122.58,0.49,116.0,0.52,175.17,0.48,170.17,0.51,111.0
2026-01-06 17:06:19.626000+00:00,2026-01-06 17:06:20.090106+00:00,379.626,0.505,0.5,0.51,0.495,0.49,0.5,122.58,5.0,5.0,127.58,0.49,106.0,0.52,201.17,0.48,206.17,0.51,111.0
2026-01-06 17:06:20.620000+00:00,2026-01-06 17:06:21.105989+00:00,380.62,0.505,0.5,0.51,0.495,0.49,0.5,127.58,5.0,5.0,127.58,0.49,111.0,0.52,224.17,0.48,304.17,0.51,106.0
2026-01-06 17:06:21.522000+00:00,2026-01-06 17:06:22.104672+00:00,381.522,0.505,0.5,0.51,0.495,0.49,0.5,190.38,5.0,85.0,190.38,0.49,148.0,0.52,341.17,0.48,266.17,0.51,223.0
2026-01-06 17:06:22.619000+00:00,2026-01-06 17:06:23.092905+00:00,382.619,0.505,0.5,0.51,0.5,0.49,0.51,15.0,232.0,262.0,172.0,0.49,147.0,0.52,142.17,0.48,114.0,0.52,190.0
2026-01-06 17:06:23.574000+00:00,2026-01-06 17:06:24.113327+00:00,383.574,0.5,0.49,0.51,0.495,0.49,0.5,166.8,262.0,197.0,115.0,0.48,195.0,0.52,214.0,0.48,262.17,0.51,80.0
2026-01-06 17:06:24.671000+00:00,2026-01-06 17:06:25.122858+00:00,384.671,0.5,0.49,0.51,0.5,0.49,0.51,130.0,270.0,270.0,130.0,0.48,184.0,0.52,229.0,0.48,229.0,0.52,231.0
2026-01-06 17:06:25.670000+00:00,2026-01-06 17:06:26.129299+00:00,385.67,0.505,0.5,0.51,0.495,0.49,0.5,115.0,205.0,169.0,115.0,0.49,75.0,0.52,262.17,0.48,280.17,0.51,80.0
2026-01-06 17:06:26.687000+00:00,2026-01-06 17:06:27.138822+00:00,386.687,0.505,0.5,0.51,0.5,0.49,0.51,35.0,204.0,216.0,200.0,0.49,185.0,0.52,247.0,0.48,265.0,0.52,319.0
2026-01-06 17:06:27.677000+00:00,2026-01-06 17:06:28.137694+00:00,387.677,0.495,0.49,0.5,0.505,0.5,0.51,200.0,20.0,43.0,200.0,0.48,193.0,0.51,265.0,0.49,283.0,0.52,175.0
2026-01-06 17:06:28.690000+00:00,2026-01-06 17:06:29.156001+00:00,388.69,0.495,0.49,0.5,0.505,0.5,0.51,200.0,20.0,20.0,200.0,0.48,254.0,0.51,283.0,0.49,128.0,0.52,277.0
2026-01-06 17:06:29.701000+00:00,2026-01-06 17:06:30.158085+00:00,389.701,0.515,0.51,0.52,0.485,0.48,0.49,132.0,56.17,35.0,78.0,0.5,229.0,0.53,35.0,0.47,35.0,0.5,323.0
2026-01-06 17:06:30.718000+00:00,2026-01-06 17:06:31.171796+00:00,390.718,0.525,0.52,0.53,0.475,0.47,0.48,71.0,105.01,110.01,71.0,0.51,138.0,0.54,112.0,0.46,166.0,0.49,138.0
2026-01-06 17:06:31.724000+00:00,2026-01-06 17:06:32.189945+00:00,391.724,0.535,0.53,0.54,0.46499999999999997,0.46,0.47,183.0,5.0,5.0,110.83,0.52,247.0,0.55,40.0,0.45,40.0,0.48,356.0
2026-01-06 17:06:32.707000+00:00,2026-01-06 17:06:33.205077+00:00,392.707,0.56,0.55,0.57,0.44,0.43,0.45,113.7,165.0,159.82,113.7,0.54,242.0,0.58,286.5,0.42,286.5,0.46,242.0
2026-01-06 17:06:33.725000+00:00,2026-01-06 17:06:34.224486+00:00,393.725,0.55,0.54,0.56,0.445,0.44,0.45,336.0,10.0,10.0,96.96,0.53,209.83,0.57,195.82,0.43,240.82,0.46,331.0
2026-01-06 17:06:34.751000+00:00,2026-01-06 17:06:35.234056+00:00,394.751,0.565,0.56,0.57,0.435,0.43,0.44,80.0,127.0,127.0,70.0,0.55,81.96,0.58,352.5,0.42,347.5,0.45,81.96
2026-01-06 17:06:35.788000+00:00,2026-01-06 17:06:36.255797+00:00,395.788,0.565,0.56,0.57,0.435,0.43,0.44,71.66,192.0,192.0,71.66,0.55,81.96,0.58,279.17,0.42,279.17,0.45,81.96
2026-01-06 17:06:36.767000+00:00,2026-01-06 17:06:37.261143+00:00,396.767,0.565,0.56,0.57,0.445,0.44,0.45,11.66,449.0,108.51,31.96,0.55,31.96,0.58,276.0,0.43,399.0,0.47,92.83
2026-01-06 17:06:37.821000+00:00,2026-01-06 17:06:38.275237+00:00,397.821,0.545,0.54,0.55,0.455,0.45,0.46,131.0,5.0,13.0,131.0,0.53,166.83,0.56,277.51,0.44,269.51,0.47,166.83
2026-01-06 17:06:38.834000+00:00,2026-01-06 17:06:39.283395+00:00,398.834,0.55,0.54,0.56,0.45,0.44,0.46,172.0,246.51,287.51,131.0,0.53,146.83,0.57,253.0,0.43,271.0,0.47,180.83
2026-01-06 17:06:39.833000+00:00,2026-01-06 17:06:40.298299+00:00,399.833,0.555,0.55,0.56,0.45,0.44,0.46,60.0,142.0,264.51,242.0,0.54,201.0,0.57,338.0,0.43,271.0,0.47,270.83
2026-01-06 17:06:40.840000+00:00,2026-01-06 17:06:41.301653+00:00,400.84,0.545,0.54,0.55,0.455,0.45,0.46,141.0,181.0,217.0,141.0,0.53,167.83,0.56,178.0,0.44,219.0,0.47,172.83
2026-01-06 17:06:41.647000+00:00,2026-01-06 17:06:42.318964+00:00,401.647,0.545,0.54,0.55,0.455,0.45,0.46,70.0,217.0,217.0,70.0,0.53,167.83,0.56,214.0,0.44,214.0,0.47,167.83
2026-01-06 17:06:42.835000+00:00,2026-01-06 17:06:43.314958+00:00,402.835,0.505,0.5,0.51,0.495,0.49,0.5,35.0,132.5,140.5,15.0,0.49,139.0,0.52,114.0,0.48,111.0,0.51,144.0
2026-01-06 17:06:43.853000+00:00,2026-01-06 17:06:44.311126+00:00,403.853,0.495,0.49,0.5,0.5,0.49,0.51,139.13,5.0,152.27,139.13,0.48,99.0,0.51,133.0,0.48,150.0,0.52,129.0
2026-01-06 17:06:44.797000+00:00,2026-01-06 17:06:45.324686+00:00,404.797,0.51,0.5,0.52,0.49,0.48,0.5,123.7,231.99,231.99,123.7,0.49,240.85,0.53,327.72,0.47,342.72,0.51,240.85
2026-01-06 17:06:45.864000+00:00,2026-01-06 17:06:46.321383+00:00,405.864,0.515,0.51,0.52,0.485,0.48,0.49,141.0,87.0,25.0,146.0,0.5,72.7,0.53,304.72,0.47,286.72,0.5,143.7
2026-01-06 17:06:46.791000+00:00,2026-01-06 17:06:47.325828+00:00,406.791,0.515,0.51,0.52,0.485,0.48,0.49,141.0,5.0,5.0,141.0,0.5,143.7,0.53,252.72,0.47,252.72,0.5,143.7
2026-01-06 17:06:47.879000+00:00,2026-01-06 17:06:48.335537+00:00,407.879,0.515,0.51,0.52,0.485,0.48,0.49,141.0,10.0,5.0,252.0,0.5,243.7,0.53,252.72,0.47,43.72,0.5,213.7
2026-01-06 17:06:48.877000+00:00,2026-01-06 17:06:49.336838+00:00,408.877,0.525,0.52,0.53,0.475,0.47,0.48,250.0,25.72,25.72,338.0,0.51,298.0,0.54,138.0,0.46,143.0,0.49,237.0
2026-01-06 17:06:49.845000+00:00,2026-01-06 17:06:50.333632+00:00,409.845,0.535,0.53,0.54,0.455,0.45,0.46,174.0,133.0,47.0,24.52,0.52,236.25,0.55,47.0,0.44,74.0,0.47,102.58
2026-01-06 17:06:50.800000+00:00,2026-01-06 17:06:51.335323+00:00,410.8,0.545,0.54,0.55,0.455,0.45,0.46,143.52,77.0,77.0,143.52,0.53,102.99,0.56,187.0,0.44,187.0,0.47,102.99
2026-01-06 17:06:51.845000+00:00,2026-01-06 17:06:52.334723+00:00,411.845,0.545,0.54,0.55,0.455,0.45,0.46,24.52,284.0,248.0,24.52,0.53,112.0,0.56,169.0,0.44,169.0,0.47,107.0
2026-01-06 17:06:52.857000+00:00,2026-01-06 17:06:53.332580+00:00,412.857,0.535,0.53,0.54,0.475,0.47,0.48,47.0,95.0,95.0,34.25,0.52,34.25,0.55,226.0,0.46,55.0,0.5,94.7
2026-01-06 17:06:53.889000+00:00,2026-01-06 17:06:54.349719+00:00,413.889,0.505,0.5,0.51,0.495,0.49,0.5,15.0,281.99,281.99,15.0,0.49,130.72,0.52,121.0,0.48,121.0,0.51,135.72
2026-01-06 17:06:54.858000+00:00,2026-01-06 17:06:55.354887+00:00,414.858,0.505,0.5,0.51,0.495,0.49,0.5,140.9,71.0,71.0,140.9,0.49,189.72,0.52,188.0,0.48,224.0,0.51,189.72
2026-01-06 17:06:55.903000+00:00,2026-01-06 17:06:56.367484+00:00,415.903,0.505,0.5,0.51,0.495,0.49,0.5,80.9,277.0,264.0,80.9,0.49,77.72,0.52,267.0,0.48,267.0,0.51,77.72
2026-01-06 17:06:56.920000+00:00,2026-01-06 17:06:57.371515+00:00,416.92,0.505,0.5,0.51,0.495,0.49,0.5,80.9,405.0,268.0,80.9,0.49,82.72,0.52,334.0,0.48,352.0,0.51,77.72
2026-01-06 17:06:57.897000+00:00,2026-01-06 17:06:58.386463+00:00,417.897,0.48,0.47,0.49,0.52,0.51,0.53,171.0,94.22,149.22,171.0,0.46,146.99,0.5,235.0,0.5,180.0,0.54,146.99
2026-01-06 17:06:58.942000+00:00,2026-01-06 17:06:59.401417+00:00,418.942,0.48,0.47,0.49,0.52,0.51,0.53,187.0,125.0,90.0,187.0,0.46,216.99,0.5,195.0,0.5,185.0,0.54,240.99
2026-01-06 17:06:59.685000+00:00,2026-01-06 17:07:00.413164+00:00,419.685,0.48,0.47,0.49,0.52,0.51,0.53,257.0,115.0,115.0,257.0,0.46,211.0,0.5,220.0,0.5,149.0,0.54,211.0
2026-01-06 17:07:00.966000+00:00,2026-01-06 17:07:01.427893+00:00,420.966,0.45999999999999996,0.45,0.47,0.525,0.52,0.53,171.0,120.48,153.0,30.0,0.44,116.99,0.48,134.0,0.51,245.0,0.54,79.98
2026-01-06 17:07:01.995000+00:00,2026-01-06 17:07:02.452286+00:00,421.995,0.485,0.48,0.49,0.495,0.49,0.5,376.0,71.0,15.0,99.0,0.47,341.0,0.5,23.0,0.48,15.0,0.51,95.0
2026-01-06 17:07:03.006000+00:00,2026-01-06 17:07:03.466522+00:00,423.006,0.545,0.54,0.55,0.455,0.45,0.46,41.0,122.99,162.99,41.0,0.53,98.39,0.56,289.0,0.44,299.0,0.47,98.39
2026-01-06 17:07:04.056000+00:00,2026-01-06 17:07:04.489557+00:00,424.056,0.55,0.54,0.56,0.445,0.44,0.45,204.21,143.0,35.0,103.39,0.53,166.26,0.57,328.99,0.43,426.99,0.46,195.21
2026-01-06 17:07:05.038000+00:00,2026-01-06 17:07:05.492772+00:00,425.038,0.555,0.55,0.56,0.445,0.44,0.45,114.0,143.26,207.26,96.0,0.54,99.21,0.57,89.23,0.43,214.23,0.46,192.21
2026-01-06 17:07:06.023000+00:00,2026-01-06 17:07:06.490547+00:00,426.023,0.555,0.55,0.56,0.445,0.44,0.45,86.73,106.0,111.0,86.73,0.54,343.0,0.57,192.23,0.43,287.23,0.46,343.0
2026-01-06 17:07:07.998000+00:00,2026-01-06 17:07:08.506454+00:00,427.998,0.555,0.55,0.56,0.445,0.44,0.45,111.73,111.0,111.0,86.73,0.54,329.98,0.57,134.0,0.43,179.0,0.46,329.98
2026-01-06 17:07:09.073000+00:00,2026-01-06 17:07:09.522350+00:00,429.073,0.565,0.56,0.57,0.435,0.43,0.44,60.0,52.44,52.44,60.0,0.55,256.73,0.58,84.0,0.42,79.0,0.45,256.73
2026-01-06 17:07:10.956000+00:00,2026-01-06 17:07:11.537000+00:00,430.956,0.575,0.57,0.58,0.425,0.42,0.43,104.84,38.44,38.44,104.84,0.56,116.0,0.59,287.0,0.41,287.0,0.44,116.0
2026-01-06 17:07:12.060000+00:00,2026-01-06 17:07:12.536976+00:00,432.06,0.565,0.56,0.57,0.435,0.43,0.44,5.0,342.0,307.0,5.0,0.55,5.0,0.58,181.98,0.42,312.98,0.45,15.0
2026-01-06 17:07:13.076000+00:00,2026-01-06 17:07:13.535753+00:00,433.076,0.535,0.53,0.54,0.46499999999999997,0.46,0.47,16.43,225.0,220.0,16.43,0.51,94.98,0.55,106.48,0.45,106.48,0.49,35.0
2026-01-06 17:07:14.070000+00:00,2026-01-06 17:07:14.554227+00:00,434.07,0.495,0.49,0.5,0.505,0.5,0.51,92.98,6.25,5.0,141.88,0.48,195.01,0.51,150.0,0.49,126.25,0.52,159.01
2026-01-06 17:07:15.124000+00:00,2026-01-06 17:07:15.556991+00:00,435.124,0.485,0.48,0.49,0.515,0.51,0.52,67.01,75.0,80.0,67.01,0.47,145.98,0.5,125.0,0.5,196.0,0.53,180.98
2026-01-06 17:07:16.064000+00:00,2026-01-06 17:07:16.565758+00:00,436.064,0.485,0.48,0.49,0.51,0.5,0.52,110.01,55.0,234.0,140.01,0.47,171.0,0.5,209.0,0.49,222.0,0.53,166.0
2026-01-06 17:07:17.114000+00:00,2026-01-06 17:07:17.570087+00:00,437.114,0.49,0.48,0.5,0.515,0.51,0.52,83.01,199.0,5.0,158.01,0.47,342.98,0.51,132.0,0.5,300.0,0.53,346.0
2026-01-06 17:07:18.043000+00:00,2026-01-06 17:07:18.580459+00:00,438.043,0.495,0.49,0.5,0.505,0.5,0.51,119.0,150.0,150.0,119.0,0.48,316.01,0.51,175.01,0.49,175.01,0.52,321.01
2026-01-06 17:07:19.124000+00:00,2026-01-06 17:07:19.596017+00:00,439.124,0.495,0.49,0.5,0.505,0.5,0.51,108.0,79.0,71.0,65.0,0.48,369.01,0.51,160.01,0.49,168.01,0.52,387.01
2026-01-06 17:07:20.148000+00:00,2026-01-06 17:07:20.605248+00:00,440.148,0.495,0.49,0.5,0.505,0.5,0.51,101.0,71.0,71.0,387.0,0.48,336.01,0.51,43.0,0.48,38.0,0.52,393.01
2026-01-06 17:07:21.155000+00:00,2026-01-06 17:07:21.619972+00:00,441.155,0.525,0.51,0.54,0.45499999999999996,0.44,0.47,345.0,14.29,153.01,110.88,0.5,286.0,0.55,10.0,0.43,237.0,0.48,118.0
2026-01-06 17:07:22.174000+00:00,2026-01-06 17:07:22.632006+00:00,442.174,0.5700000000000001,0.56,0.58,0.425,0.42,0.43,131.0,145.0,65.62,70.0,0.55,186.0,0.59,238.14,0.41,236.14,0.44,131.0
2026-01-06 17:07:23.165000+00:00,2026-01-06 17:07:23.637436+00:00,443.165,0.605,0.6,0.61,0.385,0.38,0.39,60.0,35.0,162.0,70.01,0.59,155.88,0.62,172.0,0.37,246.14,0.4,161.0
2026-01-06 17:07:24.176000+00:00,2026-01-06 17:07:24.641402+00:00,444.176,0.615,0.61,0.62,0.385,0.38,0.39,120.0,102.91,8.0,95.0,0.6,202.0,0.63,179.01,0.37,145.01,0.4,151.0
2026-01-06 17:07:25.185000+00:00,2026-01-06 17:07:25.645860+00:00,445.185,0.625,0.62,0.63,0.375,0.37,0.38,131.0,173.01,143.01,136.0,0.61,60.0,0.64,351.26,0.36,215.26,0.39,128.0
2026-01-06 17:07:26.251000+00:00,2026-01-06 17:07:26.663699+00:00,446.251,0.625,0.62,0.63,0.375,0.37,0.38,131.0,91.45,91.45,61.0,0.61,65.0,0.64,349.26,0.36,310.0,0.39,171.0
2026-01-06 17:07:27.216000+00:00,2026-01-06 17:07:27.673385+00:00,447.216,0.645,0.64,0.65,0.355,0.35,0.36,36.19,71.0,51.0,58.19,0.63,67.0,0.66,122.97,0.34,122.97,0.37,96.0
2026-01-06 17:07:28.183000+00:00,2026-01-06 17:07:28.678084+00:00,448.183,0.655,0.65,0.66,0.345,0.34,0.35,75.01,94.91,91.49,75.01,0.64,117.31,0.67,167.72,0.33,167.72,0.36,66.31
2026-01-06 17:07:29.215000+00:00,2026-01-06 17:07:29.683389+00:00,449.215,0.665,0.66,0.67,0.325,0.32,0.33,50.0,67.63,201.74,50.88,0.65,85.43,0.68,218.0,0.31,530.99,0.34,35.0
2026-01-06 17:07:30.246000+00:00,2026-01-06 17:07:30.703498+00:00,450.246,0.64,0.63,0.65,0.37,0.36,0.38,3.37,181.99,17.0,33.57,0.62,65.0,0.66,183.0,0.35,215.99,0.39,77.0
2026-01-06 17:07:31.261000+00:00,2026-01-06 17:07:31.719847+00:00,451.261,0.635,0.63,0.64,0.385,0.38,0.39,6.11,185.0,15.0,15.0,0.62,71.0,0.65,148.99,0.37,60.0,0.4,87.0
2026-01-06 17:07:32.273000+00:00,2026-01-06 17:07:32.736609+00:00,452.273,0.635,0.63,0.64,0.365,0.36,0.37,35.0,192.0,71.0,162.0,0.62,198.43,0.65,221.0,0.34,242.0,0.38,221.43
2026-01-06 17:07:33.326000+00:00,2026-01-06 17:07:33.746599+00:00,453.326,0.64,0.63,0.65,0.365,0.36,0.37,124.43,151.0,215.0,59.43,0.62,137.43,0.66,404.96,0.35,206.0,0.38,138.43
2026-01-06 17:07:34.275000+00:00,2026-01-06 17:07:34.747931+00:00,454.275,0.625,0.62,0.63,0.375,0.37,0.38,116.43,22.0,2.0,116.43,0.61,118.43,0.64,266.0,0.36,246.0,0.39,101.43
2026-01-06 17:07:35.297000+00:00,2026-01-06 17:07:35.753832+00:00,455.297,0.64,0.63,0.65,0.36,0.35,0.37,52.0,358.0,392.0,67.0,0.62,99.0,0.66,308.0,0.34,354.96,0.38,116.0
2026-01-06 17:07:36.295000+00:00,2026-01-06 17:07:36.772605+00:00,456.295,0.64,0.63,0.65,0.36,0.35,0.37,30.0,458.0,458.0,45.0,0.62,121.0,0.66,359.0,0.34,388.96,0.38,116.0
2026-01-06 17:07:37.265000+00:00,2026-01-06 17:07:37.783931+00:00,457.265,0.635,0.63,0.64,0.365,0.36,0.37,30.0,5.0,5.0,30.0,0.62,191.0,0.65,437.23,0.35,437.23,0.38,191.0
2026-01-06 17:07:38.339000+00:00,2026-01-06 17:07:38.798769+00:00,458.339,0.625,0.62,0.63,0.375,0.37,0.38,131.0,5.0,5.0,131.0,0.61,136.0,0.64,294.0,0.36,164.0,0.39,136.0
2026-01-06 17:07:39.268000+00:00,2026-01-06 17:07:39.800148+00:00,459.268,0.63,0.62,0.64,0.37,0.36,0.38,56.0,435.67,430.67,56.0,0.61,218.0,0.65,379.23,0.35,384.23,0.39,218.0
2026-01-06 17:07:40.340000+00:00,2026-01-06 17:07:40.800468+00:00,460.34,0.61,0.6,0.62,0.385,0.38,0.39,62.0,60.0,60.0,35.0,0.59,35.0,0.63,140.0,0.37,268.0,0.4,40.0
2026-01-06 17:07:41.341000+00:00,2026-01-06 17:07:41.800116+00:00,461.341,0.615,0.61,0.62,0.385,0.38,0.39,34.25,71.0,41.0,34.25,0.6,249.0,0.63,145.0,0.37,140.0,0.4,249.0
2026-01-06 17:07:42.352000+00:00,2026-01-06 17:07:42.796746+00:00,462.352,0.62,0.61,0.63,0.375,0.37,0.38,102.25,35.0,35.0,35.0,0.6,203.0,0.64,304.22,0.36,304.22,0.39,92.25
2026-01-06 17:07:43.325000+00:00,2026-01-06 17:07:43.779528+00:00,463.325,0.62,0.61,0.63,0.38,0.37,0.39,59.9,139.0,204.0,44.9,0.6,185.0,0.64,264.22,0.36,229.22,0.4,190.0
2026-01-06 17:07:44.328000+00:00,2026-01-06 17:07:44.777326+00:00,464.328,0.605,0.6,0.61,0.395,0.39,0.4,149.37,5.0,5.0,166.37,0.59,22.0,0.62,372.0,0.38,350.0,0.41,52.0
2026-01-06 17:07:45.241000+00:00,2026-01-06 17:07:45.792374+00:00,465.241,0.605,0.6,0.61,0.395,0.39,0.4,95.37,5.0,5.0,95.37,0.59,52.0,0.62,350.0,0.38,350.0,0.41,52.0
2026-01-06 17:07:46.335000+00:00,2026-01-06 17:07:46.798959+00:00,466.335,0.615,0.61,0.62,0.385,0.38,0.39,191.0,71.0,71.0,191.0,0.6,211.0,0.63,126.0,0.37,126.0,0.4,211.0
2026-01-06 17:07:47.338000+00:00,2026-01-06 17:07:47.804591+00:00,467.338,0.655,0.65,0.66,0.345,0.34,0.35,0.48,135.0,135.0,0.48,0.64,5.0,0.67,376.0,0.33,376.0,0.36,5.0
2026-01-06 17:07:48.341000+00:00,2026-01-06 17:07:48.798859+00:00,468.341,0.655,0.65,0.66,0.355,0.34,0.37,5.48,151.0,186.0,57.0,0.64,5.0,0.67,285.0,0.33,195.0,0.38,10.0
2026-01-06 17:07:49.279000+00:00,2026-01-06 17:07:49.800821+00:00,469.279,0.64,0.63,0.65,0.36,0.35,0.37,57.0,22.0,22.0,57.0,0.62,10.0,0.66,137.0,0.34,137.0,0.38,10.0
2026-01-06 17:07:50.334000+00:00,2026-01-06 17:07:50.802799+00:00,470.334,0.64,0.63,0.65,0.36,0.35,0.37,29.77,34.0,154.0,5.0,0.62,27.0,0.66,186.0,0.34,110.0,0.38,133.19
2026-01-06 17:07:51.320000+00:00,2026-01-06 17:07:51.815973+00:00,471.32,0.63,0.62,0.64,0.37,0.36,0.38,120.25,49.64,56.64,120.25,0.61,100.54,0.65,86.0,0.35,118.99,0.39,95.54
2026-01-06 17:07:52.367000+00:00,2026-01-06 17:07:52.829066+00:00,472.367,0.63,0.62,0.64,0.36,0.35,0.37,110.19,125.0,156.0,10.0,0.61,74.54,0.65,160.0,0.34,250.0,0.38,85.19
2026-01-06 17:07:53.377000+00:00,2026-01-06 17:07:53.835244+00:00,473.377,0.625,0.62,0.63,0.375,0.37,0.38,30.0,56.0,73.0,65.0,0.6,11.1,0.64,179.0,0.36,209.0,0.39,10.0
2026-01-06 17:07:54.377000+00:00,2026-01-06 17:07:54.840688+00:00,474.377,0.625,0.62,0.63,0.375,0.37,0.38,65.0,90.0,90.0,95.0,0.61,100.19,0.64,279.0,0.36,279.0,0.39,100.19
2026-01-06 17:07:55.355000+00:00,2026-01-06 17:07:55.841980+00:00,475.355,0.625,0.62,0.63,0.375,0.37,0.38,95.0,139.0,109.0,95.0,0.61,100.19,0.64,396.0,0.36,396.0,0.39,100.19
2026-01-06 17:07:56.357000+00:00,2026-01-06 17:07:56.831904+00:00,476.357,0.625,0.62,0.63,0.375,0.37,0.38,10.0,207.0,359.0,7.77,0.61,100.71,0.64,498.0,0.36,485.0,0.39,10.52
2026-01-06 17:07:57.354000+00:00,2026-01-06 17:07:57.818427+00:00,477.354,0.615,0.61,0.62,0.385,0.38,0.39,9.64,5.0,5.0,5.0,0.6,46.1,0.63,388.0,0.37,308.0,0.4,46.1
2026-01-06 17:07:58.294000+00:00,2026-01-06 17:07:58.798160+00:00,478.294,0.62,0.61,0.63,0.385,0.37,0.4,5.0,253.0,153.0,156.36,0.6,151.36,0.64,561.0,0.36,631.0,0.41,161.51
2026-01-06 17:07:59.238000+00:00,2026-01-06 17:07:59.791756+00:00,479.238,0.62,0.61,0.63,0.38,0.37,0.39,5.0,107.88,107.88,5.0,0.6,63.1,0.64,648.0,0.36,648.0,0.4,63.1
2026-01-06 17:08:00.329000+00:00,2026-01-06 17:08:00.791399+00:00,480.329,0.61,0.6,0.62,0.39,0.38,0.4,68.1,90.0,98.0,68.1,0.59,89.07,0.63,323.75,0.37,393.75,0.41,89.07
2026-01-06 17:08:01.322000+00:00,2026-01-06 17:08:01.797357+00:00,481.322,0.59,0.58,0.6,0.415,0.41,0.42,11.37,206.0,5.0,11.37,0.56,39.0,0.61,94.0,0.4,137.0,0.43,35.0
2026-01-06 17:08:02.316000+00:00,2026-01-06 17:08:02.797024+00:00,482.316,0.605,0.6,0.61,0.395,0.39,0.4,81.0,40.88,40.88,81.0,0.59,84.08,0.62,15.0,0.38,15.0,0.41,84.08
2026-01-06 17:08:03.352000+00:00,2026-01-06 17:08:03.813436+00:00,483.352,0.615,0.61,0.62,0.385,0.38,0.39,10.77,130.0,164.0,10.77,0.6,111.0,0.63,203.0,0.37,271.0,0.4,111.0
2026-01-06 17:08:04.375000+00:00,2026-01-06 17:08:04.823129+00:00,484.375,0.615,0.61,0.62,0.385,0.38,0.39,8.2,240.0,223.0,8.2,0.6,111.0,0.63,248.96,0.37,248.96,0.4,111.0
2026-01-06 17:08:05.366000+00:00,2026-01-06 17:08:05.833200+00:00,485.366,0.605,0.6,0.61,0.395,0.39,0.4,10.0,177.0,304.0,5.0,0.59,116.08,0.62,435.0,0.38,476.0,0.41,81.08
2026-01-06 17:08:06.369000+00:00,2026-01-06 17:08:06.830586+00:00,486.369,0.56,0.55,0.57,0.445,0.44,0.45,124.7,145.0,116.37,119.7,0.54,129.7,0.58,166.0,0.43,139.0,0.46,94.7
2026-01-06 17:08:07.383000+00:00,2026-01-06 17:08:07.831319+00:00,487.383,0.555,0.55,0.56,0.44,0.43,0.45,149.7,35.0,152.0,149.7,0.54,104.7,0.57,158.91,0.42,314.99,0.46,104.7
2026-01-06 17:08:08.465000+00:00,2026-01-06 17:08:08.837669+00:00,488.465,0.56,0.55,0.57,0.44,0.43,0.45,288.7,138.0,143.0,288.7,0.54,143.7,0.58,183.0,0.42,183.0,0.46,143.7
2026-01-06 17:08:09.386000+00:00,2026-01-06 17:08:09.851678+00:00,489.386,0.56,0.55,0.57,0.44,0.43,0.45,220.7,127.54,142.54,235.7,0.54,189.7,0.58,376.99,0.42,347.0,0.46,189.7
2026-01-06 17:08:10.400000+00:00,2026-01-06 17:08:10.866656+00:00,490.4,0.555,0.55,0.56,0.445,0.44,0.45,237.53,162.99,247.99,212.53,0.54,186.13,0.57,198.14,0.43,185.14,0.46,111.7
2026-01-06 17:08:11.417000+00:00,2026-01-06 17:08:11.884975+00:00,491.417,0.505,0.5,0.51,0.495,0.49,0.5,5.0,146.0,168.0,5.0,0.49,35.0,0.52,191.0,0.48,191.0,0.51,35.0
2026-01-06 17:08:12.441000+00:00,2026-01-06 17:08:12.899847+00:00,492.441,0.46499999999999997,0.46,0.47,0.545,0.54,0.55,15.0,108.11,133.0,99.97,0.45,99.97,0.48,151.0,0.53,110.0,0.56,188.87
2026-01-06 17:08:13.421000+00:00,2026-01-06 17:08:13.912481+00:00,493.421,0.455,0.45,0.46,0.545,0.54,0.55,51.0,163.93,178.93,31.0,0.44,176.87,0.47,105.0,0.53,105.0,0.56,181.94
2026-01-06 17:08:14.468000+00:00,2026-01-06 17:08:14.934724+00:00,494.468,0.455,0.45,0.46,0.555,0.55,0.56,22.0,57.94,35.0,274.0,0.44,219.0,0.47,143.0,0.54,57.94,0.57,139.98
2026-01-06 17:08:15.227000+00:00,2026-01-06 17:08:15.947929+00:00,495.227,0.45,0.44,0.46,0.55,0.54,0.56,287.0,90.94,89.52,287.0,0.43,142.0,0.47,314.0,0.53,314.0,0.57,142.0
2026-01-06 17:08:16.533000+00:00,2026-01-06 17:08:16.967452+00:00,496.533,0.455,0.45,0.46,0.545,0.54,0.55,10.0,80.0,96.86,145.0,0.44,227.0,0.47,131.0,0.53,131.0,0.56,257.0
2026-01-06 17:08:17.432000+00:00,2026-01-06 17:08:17.975369+00:00,497.432,0.445,0.44,0.45,0.555,0.55,0.56,135.0,78.64,4.54,300.0,0.43,354.98,0.46,95.86,0.53,99.0,0.57,401.0
2026-01-06 17:08:18.490000+00:00,2026-01-06 17:08:18.985699+00:00,498.49,0.46499999999999997,0.46,0.47,0.535,0.53,0.54,35.0,70.0,75.0,35.0,0.45,10.0,0.48,165.0,0.52,102.0,0.55,140.0
2026-01-06 17:08:19.472000+00:00,2026-01-06 17:08:19.997654+00:00,499.472,0.46499999999999997,0.46,0.47,0.53,0.52,0.54,34.12,55.02,156.0,34.12,0.45,174.0,0.48,156.0,0.51,121.46,0.55,139.0
2026-01-06 17:08:20.536000+00:00,2026-01-06 17:08:21.002128+00:00,500.536,0.47,0.46,0.48,0.53,0.52,0.54,198.1,244.0,308.47,203.1,0.45,109.0,0.49,337.46,0.51,342.46,0.55,109.0
2026-01-06 17:08:21.553000+00:00,2026-01-06 17:08:22.009416+00:00,501.553,0.475,0.47,0.48,0.525,0.52,0.53,71.0,410.47,406.26,71.0,0.46,39.12,0.49,274.46,0.51,269.46,0.54,39.12
2026-01-06 17:08:22.529000+00:00,2026-01-06 17:08:23.018239+00:00,502.529,0.475,0.47,0.48,0.525,0.52,0.53,217.12,0.2,0.2,242.12,0.46,153.6,0.49,95.46,0.51,35.46,0.54,132.6
2026-01-06 17:08:23.585000+00:00,2026-01-06 17:08:24.035309+00:00,503.585,0.535,0.53,0.54,0.44,0.43,0.45,118.0,32.6,19.97,30.0,0.52,183.0,0.55,5.0,0.42,35.0,0.46,43.4
2026-01-06 17:08:24.546000+00:00,2026-01-06 17:08:25.044885+00:00,504.546,0.585,0.58,0.59,0.405,0.4,0.41,99.4,0.23,13.66,136.0,0.57,92.15,0.6,15.0,0.39,126.0,0.42,64.4
