timestamp,collected_at,seconds,mid,bid,ask,asset
2026-01-06 08:00:00+00:00,2026-01-06 08:05:51.551464+00:00,0.0,3219.621,3219.46,3219.72,ETH
2026-01-06 08:00:01+00:00,2026-01-06 08:05:52.551884+00:00,1.0,3219.641,3219.49,3219.75,ETH
2026-01-06 08:00:02+00:00,2026-01-06 08:05:53.568341+00:00,2.0,3219.701,3219.49,3219.76,ETH
2026-01-06 08:00:03+00:00,2026-01-06 08:05:54.561604+00:00,3.0,3219.891,3219.55,3220.18,ETH
2026-01-06 08:00:04+00:00,2026-01-06 08:05:55.576358+00:00,4.0,3219.981,3219.68,3220.18,ETH
2026-01-06 08:00:05+00:00,2026-01-06 08:05:56.581095+00:00,5.0,3219.981,3219.68,3220.17,ETH
2026-01-06 08:00:06+00:00,2026-01-06 08:05:57.584102+00:00,6.0,3219.971,3219.69,3220.17,ETH
2026-01-06 08:00:07+00:00,2026-01-06 08:05:58.598482+00:00,7.0,3219.971,3219.69,3220.17,ETH
2026-01-06 08:00:08+00:00,2026-01-06 08:05:59.599042+00:00,8.0,3219.971,3219.69,3220.17,ETH
2026-01-06 08:00:09+00:00,2026-01-06 08:06:00.611100+00:00,9.0,3219.741,3219.6,3219.78,ETH
2026-01-06 08:00:10+00:00,2026-01-06 08:06:01.603554+00:00,10.0,3219.661,3219.62,3219.78,ETH
2026-01-06 08:00:11+00:00,2026-01-06 08:06:02.610662+00:00,11.0,3219.701,3219.6,3219.86,ETH
2026-01-06 08:00:12+00:00,2026-01-06 08:06:03.636640+00:00,12.0,3219.691,3219.56,3220.01,ETH
2026-01-06 08:00:13+00:00,2026-01-06 08:06:04.645757+00:00,13.0,3219.561,3219.46,3219.83,ETH
2026-01-06 08:00:14+00:00,2026-01-06 08:06:05.631027+00:00,14.0,3219.421,3219.26,3219.46,ETH
2026-01-06 08:00:15+00:00,2026-01-06 08:06:06.626704+00:00,15.0,3219.451,3219.18,3219.61,ETH
2026-01-06 08:00:16+00:00,2026-01-06 08:06:07.634857+00:00,16.0,3219.451,3219.18,3219.74,ETH
2026-01-06 08:00:17+00:00,2026-01-06 08:06:08.645082+00:00,17.0,3219.451,3219.17,3219.73,ETH
2026-01-06 08:00:18+00:00,2026-01-06 08:06:09.645124+00:00,18.0,3219.451,3219.17,3219.72,ETH
2026-01-06 08:00:19+00:00,2026-01-06 08:06:10.688368+00:00,19.0,3219.191,3219.15,3219.63,ETH
2026-01-06 08:00:20+00:00,2026-01-06 08:06:11.731048+00:00,20.0,3219.191,3219.11,3219.65,ETH
2026-01-06 08:00:21+00:00,2026-01-06 08:06:12.716528+00:00,21.0,3219.191,3219.08,3219.67,ETH
2026-01-06 08:00:22+00:00,2026-01-06 08:06:13.702094+00:00,22.0,3219.191,3219.06,3219.67,ETH
2026-01-06 08:00:23+00:00,2026-01-06 08:06:14.712525+00:00,23.0,3219.191,3219.06,3219.66,ETH
2026-01-06 08:00:24+00:00,2026-01-06 08:06:15.728261+00:00,24.0,3219.191,3219.04,3219.46,ETH
2026-01-06 08:00:25+00:00,2026-01-06 08:06:16.745757+00:00,25.0,3219.441,3219.04,3219.62,ETH
2026-01-06 08:00:26+00:00,2026-01-06 08:06:17.798003+00:00,26.0,3219.211,3219.01,3219.34,ETH
2026-01-06 08:00:27+00:00,2026-01-06 08:06:18.748543+00:00,27.0,3219.061,3218.88,3219.19,ETH
2026-01-06 08:00:28+00:00,2026-01-06 08:06:19.752118+00:00,28.0,3218.771,3218.62,3218.87,ETH
2026-01-06 08:00:29+00:00,2026-01-06 08:06:20.799842+00:00,29.0,3218.521,3218.45,3218.97,ETH
2026-01-06 08:00:30+00:00,2026-01-06 08:06:21.800985+00:00,30.0,3218.411,3218.35,3218.85,ETH
2026-01-06 08:00:31+00:00,2026-01-06 08:06:22.789933+00:00,31.0,3218.411,3218.29,3218.66,ETH
2026-01-06 08:00:32+00:00,2026-01-06 08:06:23.822097+00:00,32.0,3218.261,3218.08,3218.37,ETH
2026-01-06 08:00:33+00:00,2026-01-06 08:06:24.812781+00:00,33.0,3217.961,3217.85,3218.29,ETH
2026-01-06 08:00:34+00:00,2026-01-06 08:06:25.796255+00:00,34.0,3217.811,3217.79,3218.31,ETH
2026-01-06 08:00:35+00:00,2026-01-06 08:06:26.811846+00:00,35.0,3217.811,3217.79,3218.21,ETH
2026-01-06 08:00:36+00:00,2026-01-06 08:06:27.812026+00:00,36.0,3218.061,3217.89,3218.31,ETH
2026-01-06 08:00:37+00:00,2026-01-06 08:06:28.814110+00:00,37.0,3218.341,3218.0,3218.4,ETH
2026-01-06 08:00:38+00:00,2026-01-06 08:06:29.818895+00:00,38.0,3218.371,3218.05,3218.45,ETH
2026-01-06 08:00:39+00:00,2026-01-06 08:06:30.824931+00:00,39.0,3218.391,3218.1,3218.52,ETH
2026-01-06 08:00:40+00:00,2026-01-06 08:06:31.841239+00:00,40.0,3218.391,3218.13,3218.56,ETH
2026-01-06 08:00:41+00:00,2026-01-06 08:06:32.846583+00:00,41.0,3218.391,3218.14,3218.55,ETH
2026-01-06 08:00:42+00:00,2026-01-06 08:06:33.844774+00:00,42.0,3218.391,3218.14,3218.55,ETH
2026-01-06 08:00:43+00:00,2026-01-06 08:06:34.844069+00:00,43.0,3218.381,3218.15,3218.55,ETH
2026-01-06 08:00:44+00:00,2026-01-06 08:06:35.864379+00:00,44.0,3218.371,3218.13,3218.49,ETH
2026-01-06 08:00:45+00:00,2026-01-06 08:06:36.866731+00:00,45.0,3218.381,3218.12,3218.5,ETH
2026-01-06 08:00:46+00:00,2026-01-06 08:06:37.864479+00:00,46.0,3218.391,3218.12,3218.54,ETH
2026-01-06 08:00:47+00:00,2026-01-06 08:06:38.859361+00:00,47.0,3218.361,3218.12,3218.51,ETH
2026-01-06 08:00:48+00:00,2026-01-06 08:06:39.873610+00:00,48.0,3218.331,3218.11,3218.49,ETH
2026-01-06 08:00:49+00:00,2026-01-06 08:06:40.883078+00:00,49.0,3218.261,3218.09,3218.46,ETH
2026-01-06 08:00:50+00:00,2026-01-06 08:06:41.877418+00:00,50.0,3218.171,3218.04,3218.44,ETH
2026-01-06 08:00:51+00:00,2026-01-06 08:06:42.891181+00:00,51.0,3218.201,3218.04,3218.47,ETH
2026-01-06 08:00:52+00:00,2026-01-06 08:06:43.884402+00:00,52.0,3218.251,3218.12,3218.48,ETH
2026-01-06 08:00:53+00:00,2026-01-06 08:06:44.863089+00:00,53.0,3218.211,3218.09,3218.51,ETH
2026-01-06 08:00:54+00:00,2026-01-06 08:06:45.864637+00:00,54.0,3218.181,3218.06,3218.22,ETH
2026-01-06 08:00:55+00:00,2026-01-06 08:06:46.861235+00:00,55.0,3218.191,3218.05,3218.28,ETH
2026-01-06 08:00:56+00:00,2026-01-06 08:06:47.867242+00:00,56.0,3218.191,3218.01,3218.26,ETH
2026-01-06 08:00:57+00:00,2026-01-06 08:06:48.879342+00:00,57.0,3218.181,3218.01,3218.26,ETH
2026-01-06 08:00:58+00:00,2026-01-06 08:06:49.884760+00:00,58.0,3218.181,3218.01,3218.27,ETH
2026-01-06 08:00:59+00:00,2026-01-06 08:06:50.893294+00:00,59.0,3218.141,3217.99,3218.33,ETH
2026-01-06 08:01:00+00:00,2026-01-06 08:06:51.897029+00:00,60.0,3218.281,3218.01,3218.36,ETH
2026-01-06 08:01:01+00:00,2026-01-06 08:06:52.894787+00:00,61.0,3218.291,3218.07,3218.35,ETH
2026-01-06 08:01:02+00:00,2026-01-06 08:06:53.913474+00:00,62.0,3218.051,3217.9,3218.09,ETH
2026-01-06 08:01:03+00:00,2026-01-06 08:06:54.932510+00:00,63.0,3218.041,3217.97,3218.11,ETH
2026-01-06 08:01:04+00:00,2026-01-06 08:06:55.930667+00:00,64.0,3218.021,3217.88,3218.1,ETH
2026-01-06 08:01:05+00:00,2026-01-06 08:06:56.935994+00:00,65.0,3218.021,3217.88,3218.14,ETH
2026-01-06 08:01:06+00:00,2026-01-06 08:06:57.947846+00:00,66.0,3218.241,3217.95,3218.57,ETH
2026-01-06 08:01:07+00:00,2026-01-06 08:06:58.976330+00:00,67.0,3218.671,3218.5,3218.94,ETH
2026-01-06 08:01:08+00:00,2026-01-06 08:06:59.982379+00:00,68.0,3218.761,3218.51,3218.96,ETH
2026-01-06 08:01:09+00:00,2026-01-06 08:07:01.000249+00:00,69.0,3219.211,3218.9,3219.42,ETH
2026-01-06 08:01:10+00:00,2026-01-06 08:07:02.010507+00:00,70.0,3219.531,3219.19,3219.66,ETH
2026-01-06 08:01:11+00:00,2026-01-06 08:07:03.017818+00:00,71.0,3219.571,3219.33,3219.65,ETH
2026-01-06 08:01:12+00:00,2026-01-06 08:07:04.042082+00:00,72.0,3219.901,3219.58,3220.02,ETH
2026-01-06 08:01:13+00:00,2026-01-06 08:07:06.061667+00:00,73.0,3220.001,3219.74,3220.33,ETH
2026-01-06 08:01:14+00:00,2026-01-06 08:07:07.057875+00:00,74.0,3220.011,3219.88,3220.21,ETH
2026-01-06 08:01:15+00:00,2026-01-06 08:07:08.067289+00:00,75.0,3220.001,3219.87,3220.09,ETH
2026-01-06 08:01:16+00:00,2026-01-06 08:07:09.075377+00:00,76.0,3220.021,3219.88,3220.1,ETH
2026-01-06 08:01:17+00:00,2026-01-06 08:07:10.094033+00:00,77.0,3219.911,3219.82,3220.07,ETH
2026-01-06 08:01:18+00:00,2026-01-06 08:07:11.094261+00:00,78.0,3219.851,3219.69,3220.04,ETH
2026-01-06 08:01:19+00:00,2026-01-06 08:07:12.100587+00:00,79.0,3219.961,3219.64,3220.18,ETH
2026-01-06 08:01:20+00:00,2026-01-06 08:07:13.100450+00:00,80.0,3219.971,3219.66,3220.1,ETH
2026-01-06 08:01:21+00:00,2026-01-06 08:07:14.096175+00:00,81.0,3219.881,3219.69,3220.1,ETH
2026-01-06 08:01:22+00:00,2026-01-06 08:07:15.102616+00:00,82.0,3219.961,3219.78,3220.26,ETH
2026-01-06 08:01:23+00:00,2026-01-06 08:07:16.104979+00:00,83.0,3220.071,3219.84,3220.23,ETH
2026-01-06 08:01:24+00:00,2026-01-06 08:07:17.117091+00:00,84.0,3220.111,3219.87,3220.25,ETH
2026-01-06 08:01:25+00:00,2026-01-06 08:07:18.107810+00:00,85.0,3220.031,3219.85,3220.13,ETH
2026-01-06 08:01:26+00:00,2026-01-06 08:07:19.114691+00:00,86.0,3219.861,3219.76,3219.96,ETH
2026-01-06 08:01:27+00:00,2026-01-06 08:07:20.131062+00:00,87.0,3219.751,3219.66,3219.84,ETH
2026-01-06 08:01:28+00:00,2026-01-06 08:07:21.125738+00:00,88.0,3219.751,3219.57,3219.8,ETH
2026-01-06 08:01:29+00:00,2026-01-06 08:07:22.129165+00:00,89.0,3219.821,3219.54,3219.91,ETH
2026-01-06 08:01:30+00:00,2026-01-06 08:07:23.126381+00:00,90.0,3219.961,3219.67,3220.07,ETH
2026-01-06 08:01:31+00:00,2026-01-06 08:07:24.148034+00:00,91.0,3220.091,3219.88,3220.16,ETH
2026-01-06 08:01:32+00:00,2026-01-06 08:07:25.163363+00:00,92.0,3220.421,3220.13,3220.48,ETH
2026-01-06 08:01:34+00:00,2026-01-06 08:07:26.201728+00:00,94.0,3220.851,3220.5,3220.91,ETH
2026-01-06 08:01:35+00:00,2026-01-06 08:07:27.229689+00:00,95.0,3220.771,3220.5,3220.91,ETH
2026-01-06 08:01:36+00:00,2026-01-06 08:07:28.232349+00:00,96.0,3220.901,3220.5,3221.05,ETH
2026-01-06 08:01:37+00:00,2026-01-06 08:07:30.228757+00:00,97.0,3220.841,3220.55,3221.08,ETH
2026-01-06 08:01:38+00:00,2026-01-06 08:07:31.245058+00:00,98.0,3220.781,3220.55,3220.91,ETH
2026-01-06 08:01:39+00:00,2026-01-06 08:07:32.256451+00:00,99.0,3220.721,3220.38,3220.84,ETH
2026-01-06 08:01:40+00:00,2026-01-06 08:07:33.257766+00:00,100.0,3220.671,3220.26,3220.82,ETH
2026-01-06 08:01:41+00:00,2026-01-06 08:07:34.264274+00:00,101.0,3220.681,3220.29,3220.85,ETH
2026-01-06 08:01:42+00:00,2026-01-06 08:07:35.276996+00:00,102.0,3220.791,3220.44,3220.96,ETH
2026-01-06 08:01:43+00:00,2026-01-06 08:07:36.287160+00:00,103.0,3220.921,3220.63,3221.07,ETH
2026-01-06 08:01:44+00:00,2026-01-06 08:07:37.297605+00:00,104.0,3220.961,3220.65,3221.06,ETH
2026-01-06 08:01:45+00:00,2026-01-06 08:07:38.309574+00:00,105.0,3220.921,3220.65,3221.02,ETH
2026-01-06 08:01:46+00:00,2026-01-06 08:07:39.311704+00:00,106.0,3220.701,3220.5,3220.88,ETH
2026-01-06 08:01:48+00:00,2026-01-06 08:07:40.347636+00:00,108.0,3220.691,3220.26,3220.82,ETH
2026-01-06 08:01:49+00:00,2026-01-06 08:07:41.362383+00:00,109.0,3220.761,3220.43,3220.86,ETH
2026-01-06 08:01:50+00:00,2026-01-06 08:07:42.364095+00:00,110.0,3220.791,3220.46,3220.86,ETH
2026-01-06 08:01:51+00:00,2026-01-06 08:07:43.395837+00:00,111.0,3220.791,3220.47,3220.86,ETH
2026-01-06 08:01:52+00:00,2026-01-06 08:07:44.369809+00:00,112.0,3220.811,3220.45,3220.86,ETH
2026-01-06 08:01:53+00:00,2026-01-06 08:07:45.392251+00:00,113.0,3220.871,3220.49,3221.22,ETH
2026-01-06 08:01:54+00:00,2026-01-06 08:07:46.397097+00:00,114.0,3221.181,3220.79,3221.37,ETH
2026-01-06 08:01:55+00:00,2026-01-06 08:07:47.386771+00:00,115.0,3221.201,3220.8,3221.39,ETH
2026-01-06 08:01:56+00:00,2026-01-06 08:07:48.398756+00:00,116.0,3221.241,3220.85,3221.51,ETH
2026-01-06 08:01:57+00:00,2026-01-06 08:07:49.410428+00:00,117.0,3221.311,3221.03,3221.36,ETH
2026-01-06 08:01:58+00:00,2026-01-06 08:07:51.416119+00:00,118.0,3221.251,3221.01,3221.42,ETH
2026-01-06 08:01:59+00:00,2026-01-06 08:07:52.427108+00:00,119.0,3221.231,3221.01,3221.36,ETH
2026-01-06 08:02:00+00:00,2026-01-06 08:07:53.443599+00:00,120.0,3221.261,3221.02,3221.35,ETH
2026-01-06 08:02:01+00:00,2026-01-06 08:07:54.432616+00:00,121.0,3221.051,3220.92,3221.08,ETH
2026-01-06 08:02:02+00:00,2026-01-06 08:07:55.425589+00:00,122.0,3220.831,3220.66,3220.85,ETH
2026-01-06 08:02:03+00:00,2026-01-06 08:07:56.442378+00:00,123.0,3220.721,3220.46,3220.74,ETH
2026-01-06 08:02:04+00:00,2026-01-06 08:07:57.430301+00:00,124.0,3220.651,3220.41,3220.73,ETH
2026-01-06 08:02:05+00:00,2026-01-06 08:07:58.450124+00:00,125.0,3220.511,3220.36,3220.63,ETH
2026-01-06 08:02:06+00:00,2026-01-06 08:07:59.446600+00:00,126.0,3220.411,3220.29,3220.5,ETH
2026-01-06 08:02:07+00:00,2026-01-06 08:08:00.467107+00:00,127.0,3220.561,3220.37,3220.64,ETH
2026-01-06 08:02:08+00:00,2026-01-06 08:08:01.478566+00:00,128.0,3220.831,3220.66,3221.07,ETH
2026-01-06 08:02:09+00:00,2026-01-06 08:08:02.463492+00:00,129.0,3221.141,3220.93,3221.44,ETH
2026-01-06 08:02:10+00:00,2026-01-06 08:08:03.465529+00:00,130.0,3221.351,3221.03,3221.65,ETH
2026-01-06 08:02:11+00:00,2026-01-06 08:08:04.475184+00:00,131.0,3221.551,3221.17,3221.8,ETH
2026-01-06 08:02:12+00:00,2026-01-06 08:08:05.475485+00:00,132.0,3221.691,3221.32,3221.94,ETH
2026-01-06 08:02:13+00:00,2026-01-06 08:08:06.496527+00:00,133.0,3221.731,3221.37,3222.08,ETH
2026-01-06 08:02:14+00:00,2026-01-06 08:08:07.507563+00:00,134.0,3221.871,3221.51,3222.17,ETH
2026-01-06 08:02:15+00:00,2026-01-06 08:08:08.510645+00:00,135.0,3222.011,3221.7,3222.18,ETH
2026-01-06 08:02:16+00:00,2026-01-06 08:08:09.529071+00:00,136.0,3222.001,3221.78,3222.1,ETH
2026-01-06 08:02:17+00:00,2026-01-06 08:08:10.542901+00:00,137.0,3221.981,3221.77,3222.14,ETH
2026-01-06 08:02:18+00:00,2026-01-06 08:08:11.559121+00:00,138.0,3221.981,3221.77,3222.18,ETH
2026-01-06 08:02:19+00:00,2026-01-06 08:08:12.592380+00:00,139.0,3221.981,3221.78,3222.22,ETH
2026-01-06 08:02:20+00:00,2026-01-06 08:08:13.598457+00:00,140.0,3222.011,3221.79,3222.22,ETH
2026-01-06 08:02:21+00:00,2026-01-06 08:08:14.597988+00:00,141.0,3222.071,3221.78,3222.19,ETH
2026-01-06 08:02:22+00:00,2026-01-06 08:08:15.609903+00:00,142.0,3222.151,3221.79,3222.24,ETH
2026-01-06 08:02:23+00:00,2026-01-06 08:08:16.625419+00:00,143.0,3222.161,3221.81,3222.28,ETH
2026-01-06 08:02:24+00:00,2026-01-06 08:08:17.643487+00:00,144.0,3222.241,3221.81,3222.29,ETH
2026-01-06 08:02:25+00:00,2026-01-06 08:08:18.658551+00:00,145.0,3222.221,3221.82,3222.29,ETH
2026-01-06 08:02:26+00:00,2026-01-06 08:08:19.670507+00:00,146.0,3222.201,3221.81,3222.36,ETH
2026-01-06 08:02:27+00:00,2026-01-06 08:08:20.740357+00:00,147.0,3222.271,3221.88,3222.37,ETH
2026-01-06 08:02:28+00:00,2026-01-06 08:08:21.723271+00:00,148.0,3222.271,3221.9,3222.45,ETH
2026-01-06 08:02:29+00:00,2026-01-06 08:08:22.707410+00:00,149.0,3222.271,3221.9,3222.51,ETH
2026-01-06 08:02:30+00:00,2026-01-06 08:08:23.743009+00:00,150.0,3222.351,3221.99,3222.51,ETH
2026-01-06 08:02:31+00:00,2026-01-06 08:08:24.752594+00:00,151.0,3222.411,3222.07,3222.52,ETH
2026-01-06 08:02:32+00:00,2026-01-06 08:08:25.712495+00:00,152.0,3222.451,3222.1,3222.53,ETH
2026-01-06 08:02:33+00:00,2026-01-06 08:08:26.732859+00:00,153.0,3222.491,3222.13,3222.53,ETH
2026-01-06 08:02:34+00:00,2026-01-06 08:08:27.723651+00:00,154.0,3222.281,3222.05,3222.36,ETH
2026-01-06 08:02:35+00:00,2026-01-06 08:08:28.756307+00:00,155.0,3221.941,3221.75,3222.0,ETH
2026-01-06 08:02:36+00:00,2026-01-06 08:08:29.738957+00:00,156.0,3221.791,3221.49,3221.95,ETH
2026-01-06 08:02:37+00:00,2026-01-06 08:08:30.736256+00:00,157.0,3221.521,3221.2,3221.83,ETH
2026-01-06 08:02:38+00:00,2026-01-06 08:08:31.739402+00:00,158.0,3221.261,3220.97,3221.56,ETH
2026-01-06 08:02:39+00:00,2026-01-06 08:08:32.739743+00:00,159.0,3221.291,3220.97,3221.63,ETH
2026-01-06 08:02:40+00:00,2026-01-06 08:08:33.734540+00:00,160.0,3221.531,3221.22,3221.84,ETH
2026-01-06 08:02:41+00:00,2026-01-06 08:08:34.747036+00:00,161.0,3221.791,3221.51,3222.05,ETH
2026-01-06 08:02:42+00:00,2026-01-06 08:08:35.754059+00:00,162.0,3221.711,3221.44,3221.86,ETH
2026-01-06 08:02:43+00:00,2026-01-06 08:08:36.757018+00:00,163.0,3221.411,3221.15,3221.52,ETH
2026-01-06 08:02:44+00:00,2026-01-06 08:08:37.778897+00:00,164.0,3221.261,3220.96,3221.42,ETH
2026-01-06 08:02:45+00:00,2026-01-06 08:08:38.773451+00:00,165.0,3221.261,3220.96,3221.44,ETH
2026-01-06 08:02:46+00:00,2026-01-06 08:08:39.757430+00:00,166.0,3221.261,3220.96,3221.55,ETH
2026-01-06 08:02:47+00:00,2026-01-06 08:08:40.754527+00:00,167.0,3221.261,3220.97,3221.65,ETH
2026-01-06 08:02:48+00:00,2026-01-06 08:08:41.756928+00:00,168.0,3221.261,3221.02,3221.42,ETH
2026-01-06 08:02:49+00:00,2026-01-06 08:08:42.762842+00:00,169.0,3221.381,3221.02,3221.69,ETH
2026-01-06 08:02:50+00:00,2026-01-06 08:08:43.777363+00:00,170.0,3221.321,3221.2,3221.56,ETH
2026-01-06 08:02:51+00:00,2026-01-06 08:08:44.790034+00:00,171.0,3221.291,3221.16,3221.34,ETH
2026-01-06 08:02:52+00:00,2026-01-06 08:08:45.793911+00:00,172.0,3221.281,3221.12,3221.35,ETH
2026-01-06 08:02:53+00:00,2026-01-06 08:08:46.795506+00:00,173.0,3221.271,3221.07,3221.35,ETH
2026-01-06 08:02:54+00:00,2026-01-06 08:08:47.813697+00:00,174.0,3221.261,3221.03,3221.36,ETH
2026-01-06 08:02:55+00:00,2026-01-06 08:08:48.827841+00:00,175.0,3221.261,3221.06,3221.54,ETH
2026-01-06 08:02:56+00:00,2026-01-06 08:08:49.826546+00:00,176.0,3221.351,3221.13,3221.5,ETH
2026-01-06 08:02:57+00:00,2026-01-06 08:08:50.841713+00:00,177.0,3220.981,3220.88,3221.15,ETH
2026-01-06 08:02:58+00:00,2026-01-06 08:08:51.846286+00:00,178.0,3221.001,3220.71,3221.21,ETH
2026-01-06 08:02:59+00:00,2026-01-06 08:08:52.861008+00:00,179.0,3220.901,3220.8,3220.92,ETH
2026-01-06 08:03:00+00:00,2026-01-06 08:08:53.859105+00:00,180.0,3220.941,3220.77,3220.99,ETH
2026-01-06 08:03:01+00:00,2026-01-06 08:08:54.876060+00:00,181.0,3220.891,3220.73,3220.97,ETH
2026-01-06 08:03:02+00:00,2026-01-06 08:08:55.891902+00:00,182.0,3220.061,3220.0,3220.55,ETH
2026-01-06 08:03:03+00:00,2026-01-06 08:08:56.899404+00:00,183.0,3220.111,3219.99,3220.55,ETH
2026-01-06 08:03:04+00:00,2026-01-06 08:08:57.911143+00:00,184.0,3220.291,3220.03,3220.6,ETH
2026-01-06 08:03:05+00:00,2026-01-06 08:08:58.907905+00:00,185.0,3220.291,3220.04,3220.45,ETH
2026-01-06 08:03:06+00:00,2026-01-06 08:08:59.906331+00:00,186.0,3220.491,3220.12,3220.69,ETH
2026-01-06 08:03:07+00:00,2026-01-06 08:09:00.907962+00:00,187.0,3220.601,3220.4,3220.61,ETH
2026-01-06 08:03:08+00:00,2026-01-06 08:09:01.924298+00:00,188.0,3220.101,3220.09,3220.3,ETH
2026-01-06 08:03:09+00:00,2026-01-06 08:09:02.926868+00:00,189.0,3220.071,3219.89,3220.31,ETH
2026-01-06 08:03:10+00:00,2026-01-06 08:09:03.926904+00:00,190.0,3220.071,3219.87,3220.35,ETH
2026-01-06 08:03:11+00:00,2026-01-06 08:09:04.927352+00:00,191.0,3220.071,3219.87,3220.25,ETH
2026-01-06 08:03:12+00:00,2026-01-06 08:09:06.906999+00:00,192.0,3220.061,3219.79,3220.17,ETH
2026-01-06 08:03:13+00:00,2026-01-06 08:09:07.913526+00:00,193.0,3220.061,3219.79,3220.16,ETH
2026-01-06 08:03:14+00:00,2026-01-06 08:09:08.921683+00:00,194.0,3219.991,3219.79,3220.12,ETH
2026-01-06 08:03:15+00:00,2026-01-06 08:09:09.942165+00:00,195.0,3219.801,3219.7,3220.05,ETH
2026-01-06 08:03:16+00:00,2026-01-06 08:09:10.926175+00:00,196.0,3219.681,3219.61,3220.01,ETH
2026-01-06 08:03:17+00:00,2026-01-06 08:09:11.923746+00:00,197.0,3219.661,3219.61,3219.83,ETH
2026-01-06 08:03:18+00:00,2026-01-06 08:09:12.931215+00:00,198.0,3219.661,3219.62,3219.77,ETH
2026-01-06 08:03:19+00:00,2026-01-06 08:09:13.940955+00:00,199.0,3219.681,3219.63,3219.86,ETH
2026-01-06 08:03:20+00:00,2026-01-06 08:09:14.945683+00:00,200.0,3219.681,3219.63,3219.79,ETH
2026-01-06 08:03:21+00:00,2026-01-06 08:09:15.941560+00:00,201.0,3219.681,3219.63,3219.73,ETH
2026-01-06 08:03:22+00:00,2026-01-06 08:09:16.939350+00:00,202.0,3219.681,3219.63,3219.75,ETH
2026-01-06 08:03:23+00:00,2026-01-06 08:09:17.926351+00:00,203.0,3219.681,3219.63,3219.75,ETH
2026-01-06 08:03:24+00:00,2026-01-06 08:09:18.944483+00:00,204.0,3219.681,3219.63,3219.8,ETH
2026-01-06 08:03:25+00:00,2026-01-06 08:09:19.938047+00:00,205.0,3219.661,3219.62,3219.78,ETH
2026-01-06 08:03:26+00:00,2026-01-06 08:09:20.943145+00:00,206.0,3219.661,3219.62,3219.79,ETH
2026-01-06 08:03:27+00:00,2026-01-06 08:09:21.947385+00:00,207.0,3219.681,3219.64,3219.87,ETH
2026-01-06 08:03:28+00:00,2026-01-06 08:09:22.960670+00:00,208.0,3219.681,3219.64,3219.9,ETH
2026-01-06 08:03:29+00:00,2026-01-06 08:09:23.953182+00:00,209.0,3219.761,3219.65,3219.93,ETH
2026-01-06 08:03:30+00:00,2026-01-06 08:09:24.955611+00:00,210.0,3219.891,3219.67,3220.02,ETH
2026-01-06 08:03:31+00:00,2026-01-06 08:09:25.972209+00:00,211.0,3220.001,3219.7,3220.27,ETH
2026-01-06 08:03:32+00:00,2026-01-06 08:09:26.971238+00:00,212.0,3220.311,3220.0,3220.51,ETH
2026-01-06 08:03:33+00:00,2026-01-06 08:09:27.991863+00:00,213.0,3220.591,3220.26,3220.74,ETH
2026-01-06 08:03:34+00:00,2026-01-06 08:09:28.992974+00:00,214.0,3220.531,3220.25,3220.77,ETH
2026-01-06 08:03:35+00:00,2026-01-06 08:09:30.016992+00:00,215.0,3220.441,3220.2,3220.59,ETH
2026-01-06 08:03:36+00:00,2026-01-06 08:09:31.014245+00:00,216.0,3220.431,3220.16,3220.5,ETH
2026-01-06 08:03:37+00:00,2026-01-06 08:09:32.024588+00:00,217.0,3220.601,3220.21,3220.83,ETH
2026-01-06 08:03:38+00:00,2026-01-06 08:09:33.023162+00:00,218.0,3220.601,3220.21,3220.83,ETH
2026-01-06 08:03:39+00:00,2026-01-06 08:09:34.026762+00:00,219.0,3220.601,3220.21,3220.82,ETH
2026-01-06 08:03:40+00:00,2026-01-06 08:09:35.040313+00:00,220.0,3220.871,3220.52,3220.95,ETH
2026-01-06 08:03:41+00:00,2026-01-06 08:09:36.042614+00:00,221.0,3220.801,3220.54,3220.94,ETH
2026-01-06 08:03:42+00:00,2026-01-06 08:09:37.040940+00:00,222.0,3221.021,3220.64,3221.4,ETH
2026-01-06 08:03:43+00:00,2026-01-06 08:09:38.035548+00:00,223.0,3221.451,3221.15,3221.56,ETH
2026-01-06 08:03:44+00:00,2026-01-06 08:09:39.038345+00:00,224.0,3222.171,3221.8,3222.26,ETH
2026-01-06 08:03:45+00:00,2026-01-06 08:09:40.056829+00:00,225.0,3222.141,3221.8,3222.23,ETH
2026-01-06 08:03:46+00:00,2026-01-06 08:09:41.079663+00:00,226.0,3222.111,3221.8,3222.19,ETH
2026-01-06 08:03:47+00:00,2026-01-06 08:09:42.085724+00:00,227.0,3222.091,3221.8,3222.16,ETH
2026-01-06 08:03:48+00:00,2026-01-06 08:09:43.097320+00:00,228.0,3222.061,3221.8,3222.12,ETH
2026-01-06 08:03:49+00:00,2026-01-06 08:09:44.104362+00:00,229.0,3221.981,3221.77,3222.33,ETH
2026-01-06 08:03:50+00:00,2026-01-06 08:09:45.116674+00:00,230.0,3221.981,3221.77,3222.12,ETH
2026-01-06 08:03:51+00:00,2026-01-06 08:09:46.123100+00:00,231.0,3221.981,3221.77,3222.11,ETH
2026-01-06 08:03:52+00:00,2026-01-06 08:09:47.136757+00:00,232.0,3221.981,3221.77,3222.11,ETH
2026-01-06 08:03:53+00:00,2026-01-06 08:09:48.151720+00:00,233.0,3221.981,3221.79,3222.02,ETH
2026-01-06 08:03:54+00:00,2026-01-06 08:09:49.204943+00:00,234.0,3221.871,3221.67,3221.98,ETH
2026-01-06 08:03:55+00:00,2026-01-06 08:09:50.199881+00:00,235.0,3221.891,3221.65,3221.94,ETH
2026-01-06 08:03:56+00:00,2026-01-06 08:09:51.205260+00:00,236.0,3221.851,3221.65,3221.93,ETH
2026-01-06 08:03:57+00:00,2026-01-06 08:09:52.227053+00:00,237.0,3221.811,3221.64,3221.91,ETH
2026-01-06 08:03:58+00:00,2026-01-06 08:09:53.207447+00:00,238.0,3221.831,3221.64,3221.9,ETH
2026-01-06 08:03:59+00:00,2026-01-06 08:09:54.203111+00:00,239.0,3221.861,3221.65,3222.02,ETH
2026-01-06 08:04:00+00:00,2026-01-06 08:09:55.241265+00:00,240.0,3221.871,3221.65,3222.14,ETH
2026-01-06 08:04:01+00:00,2026-01-06 08:09:56.237746+00:00,241.0,3221.871,3221.65,3221.99,ETH
2026-01-06 08:04:02+00:00,2026-01-06 08:09:57.257473+00:00,242.0,3221.971,3221.61,3222.01,ETH
2026-01-06 08:04:03+00:00,2026-01-06 08:09:58.244152+00:00,243.0,3221.951,3221.6,3222.01,ETH
2026-01-06 08:04:04+00:00,2026-01-06 08:09:59.260850+00:00,244.0,3222.001,3221.64,3222.21,ETH
2026-01-06 08:04:05+00:00,2026-01-06 08:10:00.276884+00:00,245.0,3222.001,3221.64,3222.21,ETH
2026-01-06 08:04:06+00:00,2026-01-06 08:10:01.291436+00:00,246.0,3222.091,3221.71,3222.3,ETH
2026-01-06 08:04:07+00:00,2026-01-06 08:10:02.288186+00:00,247.0,3222.151,3221.75,3222.3,ETH
2026-01-06 08:04:08+00:00,2026-01-06 08:10:03.281415+00:00,248.0,3222.211,3221.81,3222.43,ETH
2026-01-06 08:04:09+00:00,2026-01-06 08:10:04.291937+00:00,249.0,3222.011,3221.84,3222.43,ETH
2026-01-06 08:04:10+00:00,2026-01-06 08:10:05.301630+00:00,250.0,3222.011,3221.81,3222.33,ETH
2026-01-06 08:04:11+00:00,2026-01-06 08:10:06.303468+00:00,251.0,3222.011,3221.73,3222.26,ETH
2026-01-06 08:04:12+00:00,2026-01-06 08:10:07.303827+00:00,252.0,3222.011,3221.65,3222.13,ETH
2026-01-06 08:04:13+00:00,2026-01-06 08:10:08.302385+00:00,253.0,3222.011,3221.65,3222.13,ETH
2026-01-06 08:04:14+00:00,2026-01-06 08:10:09.379358+00:00,254.0,3222.011,3221.65,3222.18,ETH
2026-01-06 08:04:15+00:00,2026-01-06 08:10:10.384230+00:00,255.0,3222.011,3221.65,3222.22,ETH
2026-01-06 08:04:16+00:00,2026-01-06 08:10:11.407448+00:00,256.0,3222.011,3221.65,3222.2,ETH
2026-01-06 08:04:17+00:00,2026-01-06 08:10:12.406036+00:00,257.0,3222.061,3221.69,3222.24,ETH
2026-01-06 08:04:18+00:00,2026-01-06 08:10:13.421317+00:00,258.0,3222.131,3221.77,3222.37,ETH
2026-01-06 08:04:19+00:00,2026-01-06 08:10:14.423782+00:00,259.0,3222.081,3221.81,3222.32,ETH
2026-01-06 08:04:20+00:00,2026-01-06 08:10:15.437333+00:00,260.0,3221.991,3221.79,3222.23,ETH
2026-01-06 08:04:21+00:00,2026-01-06 08:10:16.460007+00:00,261.0,3221.981,3221.76,3222.19,ETH
2026-01-06 08:04:22+00:00,2026-01-06 08:10:17.436335+00:00,262.0,3222.031,3221.75,3222.22,ETH
2026-01-06 08:04:23+00:00,2026-01-06 08:10:18.463072+00:00,263.0,3222.111,3221.75,3222.3,ETH
2026-01-06 08:04:24+00:00,2026-01-06 08:10:19.464082+00:00,264.0,3222.131,3221.74,3222.28,ETH
2026-01-06 08:04:25+00:00,2026-01-06 08:10:20.480369+00:00,265.0,3222.131,3221.75,3222.27,ETH
2026-01-06 08:04:26+00:00,2026-01-06 08:10:21.489830+00:00,266.0,3222.141,3221.75,3222.29,ETH
2026-01-06 08:04:27+00:00,2026-01-06 08:10:22.472399+00:00,267.0,3222.141,3221.75,3222.24,ETH
2026-01-06 08:04:28+00:00,2026-01-06 08:10:23.487847+00:00,268.0,3222.141,3221.75,3222.24,ETH
2026-01-06 08:04:29+00:00,2026-01-06 08:10:24.503471+00:00,269.0,3222.301,3221.89,3222.49,ETH
2026-01-06 08:04:30+00:00,2026-01-06 08:10:25.504167+00:00,270.0,3222.291,3221.88,3222.49,ETH
2026-01-06 08:04:31+00:00,2026-01-06 08:10:26.505948+00:00,271.0,3222.291,3221.88,3222.48,ETH
2026-01-06 08:04:32+00:00,2026-01-06 08:10:27.505416+00:00,272.0,3221.961,3221.59,3222.03,ETH
2026-01-06 08:04:33+00:00,2026-01-06 08:10:28.506612+00:00,273.0,3221.541,3221.41,3221.59,ETH
2026-01-06 08:04:34+00:00,2026-01-06 08:10:29.503127+00:00,274.0,3221.541,3221.31,3221.62,ETH
2026-01-06 08:04:35+00:00,2026-01-06 08:10:30.506578+00:00,275.0,3222.011,3221.58,3222.2,ETH
2026-01-06 08:04:36+00:00,2026-01-06 08:10:31.502874+00:00,276.0,3222.401,3222.1,3222.56,ETH
2026-01-06 08:04:37+00:00,2026-01-06 08:10:32.522345+00:00,277.0,3222.431,3222.17,3222.56,ETH
2026-01-06 08:04:38+00:00,2026-01-06 08:10:33.538576+00:00,278.0,3222.401,3222.15,3222.56,ETH
2026-01-06 08:04:39+00:00,2026-01-06 08:10:34.525815+00:00,279.0,3222.461,3222.15,3222.56,ETH
2026-01-06 08:04:40+00:00,2026-01-06 08:10:35.539001+00:00,280.0,3222.461,3222.14,3222.56,ETH
2026-01-06 08:04:41+00:00,2026-01-06 08:10:36.539772+00:00,281.0,3222.451,3222.14,3222.56,ETH
2026-01-06 08:04:42+00:00,2026-01-06 08:10:37.537282+00:00,282.0,3222.471,3222.14,3222.55,ETH
2026-01-06 08:04:43+00:00,2026-01-06 08:10:38.543602+00:00,283.0,3222.491,3222.15,3222.55,ETH
2026-01-06 08:04:44+00:00,2026-01-06 08:10:39.553832+00:00,284.0,3222.441,3222.14,3222.55,ETH
2026-01-06 08:04:45+00:00,2026-01-06 08:10:40.566829+00:00,285.0,3222.421,3222.14,3222.55,ETH
2026-01-06 08:04:46+00:00,2026-01-06 08:10:41.573134+00:00,286.0,3222.401,3222.14,3222.55,ETH
2026-01-06 08:04:47+00:00,2026-01-06 08:10:42.680762+00:00,287.0,3222.441,3222.17,3222.59,ETH
2026-01-06 08:04:48+00:00,2026-01-06 08:10:43.770068+00:00,288.0,3222.511,3222.16,3222.58,ETH
2026-01-06 08:04:49+00:00,2026-01-06 08:10:44.756700+00:00,289.0,3222.551,3222.16,3222.59,ETH
2026-01-06 08:04:50+00:00,2026-01-06 08:10:45.752674+00:00,290.0,3222.521,3222.16,3222.58,ETH
2026-01-06 08:04:51+00:00,2026-01-06 08:10:46.755091+00:00,291.0,3222.551,3222.16,3222.69,ETH
2026-01-06 08:04:52+00:00,2026-01-06 08:10:47.753951+00:00,292.0,3222.901,3222.75,3223.04,ETH
2026-01-06 08:04:53+00:00,2026-01-06 08:10:48.756777+00:00,293.0,3223.011,3222.81,3223.05,ETH
2026-01-06 08:04:54+00:00,2026-01-06 08:10:49.776560+00:00,294.0,3223.031,3222.81,3223.44,ETH
2026-01-06 08:04:55+00:00,2026-01-06 08:10:50.790725+00:00,295.0,3223.031,3222.8,3223.43,ETH
2026-01-06 08:04:56+00:00,2026-01-06 08:10:51.801125+00:00,296.0,3223.031,3222.8,3223.39,ETH
2026-01-06 08:04:57+00:00,2026-01-06 08:10:52.808688+00:00,297.0,3223.031,3222.8,3223.25,ETH
2026-01-06 08:04:58+00:00,2026-01-06 08:10:53.794619+00:00,298.0,3222.971,3222.8,3223.03,ETH
2026-01-06 08:04:59+00:00,2026-01-06 08:10:54.820676+00:00,299.0,3223.041,3222.82,3223.43,ETH
2026-01-06 08:05:00+00:00,2026-01-06 08:10:55.874529+00:00,300.0,3223.041,3222.82,3223.34,ETH
2026-01-06 08:05:01+00:00,2026-01-06 08:10:56.869927+00:00,301.0,3223.041,3222.82,3223.26,ETH
2026-01-06 08:05:02+00:00,2026-01-06 08:10:57.886843+00:00,302.0,3223.011,3222.82,3223.15,ETH
2026-01-06 08:05:03+00:00,2026-01-06 08:10:58.878189+00:00,303.0,3222.971,3222.82,3223.04,ETH
2026-01-06 08:05:04+00:00,2026-01-06 08:10:59.882956+00:00,304.0,3223.001,3222.82,3223.16,ETH
2026-01-06 08:05:05+00:00,2026-01-06 08:11:00.889283+00:00,305.0,3223.111,3222.81,3223.35,ETH
2026-01-06 08:05:06+00:00,2026-01-06 08:11:01.900143+00:00,306.0,3223.191,3222.8,3223.4,ETH
2026-01-06 08:05:07+00:00,2026-01-06 08:11:02.892027+00:00,307.0,3223.191,3222.8,3223.4,ETH
2026-01-06 08:05:08+00:00,2026-01-06 08:11:03.905262+00:00,308.0,3223.391,3222.98,3223.71,ETH
2026-01-06 08:05:09+00:00,2026-01-06 08:11:04.924492+00:00,309.0,3223.681,3223.37,3224.08,ETH
2026-01-06 08:05:10+00:00,2026-01-06 08:11:05.937994+00:00,310.0,3223.891,3223.6,3224.19,ETH
2026-01-06 08:05:11+00:00,2026-01-06 08:11:06.936003+00:00,311.0,3224.041,3223.64,3224.25,ETH
2026-01-06 08:05:12+00:00,2026-01-06 08:11:07.937799+00:00,312.0,3224.101,3223.76,3224.32,ETH
2026-01-06 08:05:13+00:00,2026-01-06 08:11:08.955708+00:00,313.0,3224.111,3223.82,3224.37,ETH
2026-01-06 08:05:14+00:00,2026-01-06 08:11:09.968899+00:00,314.0,3224.241,3223.83,3224.54,ETH
2026-01-06 08:05:15+00:00,2026-01-06 08:11:10.974087+00:00,315.0,3224.231,3223.85,3224.57,ETH
2026-01-06 08:05:16+00:00,2026-01-06 08:11:11.986387+00:00,316.0,3224.211,3223.87,3224.39,ETH
2026-01-06 08:05:17+00:00,2026-01-06 08:11:12.988863+00:00,317.0,3224.221,3223.86,3224.4,ETH
2026-01-06 08:05:18+00:00,2026-01-06 08:11:14.004698+00:00,318.0,3224.211,3223.85,3224.35,ETH
2026-01-06 08:05:19+00:00,2026-01-06 08:11:15.020575+00:00,319.0,3224.211,3223.85,3224.36,ETH
2026-01-06 08:05:20+00:00,2026-01-06 08:11:16.035143+00:00,320.0,3224.241,3223.89,3224.54,ETH
2026-01-06 08:05:21+00:00,2026-01-06 08:11:17.052785+00:00,321.0,3224.281,3223.89,3224.67,ETH
2026-01-06 08:05:22+00:00,2026-01-06 08:11:18.051353+00:00,322.0,3224.411,3224.15,3224.72,ETH
2026-01-06 08:05:23+00:00,2026-01-06 08:11:19.052896+00:00,323.0,3224.411,3224.16,3224.79,ETH
2026-01-06 08:05:24+00:00,2026-01-06 08:11:20.053148+00:00,324.0,3224.411,3224.16,3224.79,ETH
2026-01-06 08:05:25+00:00,2026-01-06 08:11:21.050754+00:00,325.0,3224.421,3224.16,3224.65,ETH
2026-01-06 08:05:26+00:00,2026-01-06 08:11:22.053776+00:00,326.0,3224.421,3224.16,3224.79,ETH
2026-01-06 08:05:27+00:00,2026-01-06 08:11:23.075274+00:00,327.0,3224.731,3224.32,3224.98,ETH
2026-01-06 08:05:28+00:00,2026-01-06 08:11:24.085528+00:00,328.0,3224.741,3224.33,3224.96,ETH
2026-01-06 08:05:29+00:00,2026-01-06 08:11:25.090234+00:00,329.0,3224.881,3224.52,3224.96,ETH
2026-01-06 08:05:30+00:00,2026-01-06 08:11:26.102201+00:00,330.0,3225.091,3224.88,3225.28,ETH
2026-01-06 08:05:31+00:00,2026-01-06 08:11:27.107275+00:00,331.0,3225.211,3224.98,3225.47,ETH
2026-01-06 08:05:32+00:00,2026-01-06 08:11:28.121150+00:00,332.0,3225.332,3224.96,3225.47,ETH
2026-01-06 08:05:33+00:00,2026-01-06 08:11:29.140612+00:00,333.0,3225.362,3224.97,3225.48,ETH
2026-01-06 08:05:34+00:00,2026-01-06 08:11:30.151251+00:00,334.0,3225.542,3225.26,3225.87,ETH
2026-01-06 08:05:35+00:00,2026-01-06 08:11:31.175416+00:00,335.0,3225.682,3225.36,3225.78,ETH
2026-01-06 08:05:36+00:00,2026-01-06 08:11:32.167221+00:00,336.0,3225.272,3225.19,3225.32,ETH
2026-01-06 08:05:37+00:00,2026-01-06 08:11:33.198156+00:00,337.0,3225.262,3225.02,3225.51,ETH
2026-01-06 08:05:38+00:00,2026-01-06 08:11:34.217871+00:00,338.0,3225.242,3224.9,3225.28,ETH
2026-01-06 08:05:39+00:00,2026-01-06 08:11:35.213192+00:00,339.0,3225.262,3225.0,3225.42,ETH
2026-01-06 08:05:40+00:00,2026-01-06 08:11:36.208429+00:00,340.0,3225.312,3225.0,3225.45,ETH
2026-01-06 08:05:41+00:00,2026-01-06 08:11:37.212273+00:00,341.0,3225.312,3225.0,3225.5,ETH
2026-01-06 08:05:42+00:00,2026-01-06 08:11:38.217027+00:00,342.0,3225.262,3224.98,3225.46,ETH
2026-01-06 08:05:43+00:00,2026-01-06 08:11:39.217496+00:00,343.0,3225.272,3224.98,3225.42,ETH
2026-01-06 08:05:44+00:00,2026-01-06 08:11:40.220547+00:00,344.0,3225.372,3225.19,3225.84,ETH
2026-01-06 08:05:45+00:00,2026-01-06 08:11:41.246763+00:00,345.0,3225.982,3225.9,3225.99,ETH
2026-01-06 08:05:46+00:00,2026-01-06 08:11:42.256463+00:00,346.0,3226.152,3225.89,3226.25,ETH
2026-01-06 08:05:47+00:00,2026-01-06 08:11:43.301168+00:00,347.0,3226.052,3225.9,3226.2,ETH
2026-01-06 08:05:48+00:00,2026-01-06 08:11:44.287793+00:00,348.0,3226.082,3225.9,3226.22,ETH
2026-01-06 08:05:49+00:00,2026-01-06 08:11:45.289308+00:00,349.0,3226.122,3225.86,3226.12,ETH
2026-01-06 08:05:50+00:00,2026-01-06 08:11:46.282301+00:00,350.0,3225.972,3225.87,3226.12,ETH
2026-01-06 08:05:51+00:00,2026-01-06 08:11:47.308089+00:00,351.0,3225.852,3225.75,3226.04,ETH
2026-01-06 08:05:52+00:00,2026-01-06 08:11:48.321160+00:00,352.0,3225.782,3225.67,3225.79,ETH
2026-01-06 08:05:53+00:00,2026-01-06 08:11:49.319925+00:00,353.0,3225.782,3225.5,3226.04,ETH
2026-01-06 08:05:54+00:00,2026-01-06 08:11:50.303952+00:00,354.0,3225.592,3225.5,3225.8,ETH
2026-01-06 08:05:55+00:00,2026-01-06 08:11:51.318032+00:00,355.0,3225.562,3225.48,3225.8,ETH
2026-01-06 08:05:56+00:00,2026-01-06 08:11:52.318888+00:00,356.0,3225.562,3225.47,3225.8,ETH
2026-01-06 08:05:57+00:00,2026-01-06 08:11:53.338922+00:00,357.0,3225.532,3225.4,3225.8,ETH
2026-01-06 08:05:58+00:00,2026-01-06 08:11:54.337277+00:00,358.0,3225.572,3225.4,3225.8,ETH
2026-01-06 08:05:59+00:00,2026-01-06 08:11:55.350419+00:00,359.0,3225.612,3225.4,3225.8,ETH
2026-01-06 08:06:00+00:00,2026-01-06 08:11:56.364001+00:00,360.0,3225.622,3225.48,3225.8,ETH
2026-01-06 08:06:01+00:00,2026-01-06 08:11:58.370214+00:00,361.0,3225.672,3225.52,3225.94,ETH
2026-01-06 08:06:02+00:00,2026-01-06 08:11:59.354450+00:00,362.0,3225.742,3225.57,3226.07,ETH
2026-01-06 08:06:03+00:00,2026-01-06 08:12:00.346806+00:00,363.0,3225.712,3225.52,3225.92,ETH
2026-01-06 08:06:04+00:00,2026-01-06 08:12:01.367197+00:00,364.0,3225.662,3225.51,3225.78,ETH
2026-01-06 08:06:05+00:00,2026-01-06 08:12:02.369733+00:00,365.0,3225.662,3225.56,3225.78,ETH
2026-01-06 08:06:06+00:00,2026-01-06 08:12:03.398548+00:00,366.0,3225.552,3225.43,3225.62,ETH
2026-01-06 08:06:07+00:00,2026-01-06 08:12:04.403042+00:00,367.0,3225.452,3225.24,3225.5,ETH
2026-01-06 08:06:08+00:00,2026-01-06 08:12:05.432862+00:00,368.0,3225.452,3225.16,3225.52,ETH
2026-01-06 08:06:09+00:00,2026-01-06 08:12:06.436276+00:00,369.0,3225.382,3225.14,3225.5,ETH
2026-01-06 08:06:10+00:00,2026-01-06 08:12:07.432926+00:00,370.0,3225.302,3225.1,3225.42,ETH
2026-01-06 08:06:11+00:00,2026-01-06 08:12:08.449863+00:00,371.0,3225.222,3225.01,3225.26,ETH
2026-01-06 08:06:12+00:00,2026-01-06 08:12:09.478483+00:00,372.0,3225.131,3224.95,3225.16,ETH
2026-01-06 08:06:13+00:00,2026-01-06 08:12:10.469318+00:00,373.0,3225.141,3224.94,3225.19,ETH
2026-01-06 08:06:14+00:00,2026-01-06 08:12:11.486266+00:00,374.0,3225.151,3224.93,3225.26,ETH
2026-01-06 08:06:15+00:00,2026-01-06 08:12:12.500844+00:00,375.0,3225.151,3224.93,3225.26,ETH
2026-01-06 08:06:16+00:00,2026-01-06 08:12:13.502926+00:00,376.0,3225.001,3224.83,3225.15,ETH
2026-01-06 08:06:17+00:00,2026-01-06 08:12:14.503431+00:00,377.0,3224.851,3224.72,3225.08,ETH
2026-01-06 08:06:18+00:00,2026-01-06 08:12:15.503247+00:00,378.0,3224.851,3224.73,3225.07,ETH
2026-01-06 08:06:19+00:00,2026-01-06 08:12:16.505985+00:00,379.0,3224.851,3224.72,3225.07,ETH
2026-01-06 08:06:20+00:00,2026-01-06 08:12:17.498312+00:00,380.0,3224.841,3224.72,3224.97,ETH
2026-01-06 08:06:21+00:00,2026-01-06 08:12:18.519616+00:00,381.0,3224.831,3224.67,3224.87,ETH
2026-01-06 08:06:22+00:00,2026-01-06 08:12:19.512039+00:00,382.0,3224.831,3224.6,3224.89,ETH
2026-01-06 08:06:23+00:00,2026-01-06 08:12:20.533281+00:00,383.0,3224.841,3224.53,3224.91,ETH
2026-01-06 08:06:24+00:00,2026-01-06 08:12:21.544842+00:00,384.0,3224.851,3224.5,3224.92,ETH
2026-01-06 08:06:25+00:00,2026-01-06 08:12:22.544378+00:00,385.0,3224.991,3224.77,3225.14,ETH
2026-01-06 08:06:26+00:00,2026-01-06 08:12:23.568883+00:00,386.0,3224.971,3224.77,3225.14,ETH
2026-01-06 08:06:27+00:00,2026-01-06 08:12:24.569541+00:00,387.0,3225.001,3224.78,3225.14,ETH
2026-01-06 08:06:28+00:00,2026-01-06 08:12:25.570897+00:00,388.0,3224.991,3224.76,3225.14,ETH
2026-01-06 08:06:29+00:00,2026-01-06 08:12:26.570817+00:00,389.0,3224.911,3224.76,3225.14,ETH
2026-01-06 08:06:30+00:00,2026-01-06 08:12:27.567535+00:00,390.0,3224.871,3224.76,3225.14,ETH
2026-01-06 08:06:31+00:00,2026-01-06 08:12:28.564444+00:00,391.0,3224.931,3224.76,3225.15,ETH
2026-01-06 08:06:32+00:00,2026-01-06 08:12:29.587261+00:00,392.0,3224.981,3224.74,3225.15,ETH
2026-01-06 08:06:33+00:00,2026-01-06 08:12:30.595138+00:00,393.0,3224.981,3224.74,3225.15,ETH
2026-01-06 08:06:34+00:00,2026-01-06 08:12:31.613468+00:00,394.0,3224.971,3224.74,3225.52,ETH
2026-01-06 08:06:35+00:00,2026-01-06 08:12:32.611150+00:00,395.0,3225.222,3224.92,3225.55,ETH
2026-01-06 08:06:36+00:00,2026-01-06 08:12:33.618585+00:00,396.0,3225.502,3225.13,3225.63,ETH
2026-01-06 08:06:37+00:00,2026-01-06 08:12:34.629258+00:00,397.0,3225.472,3225.13,3225.63,ETH
2026-01-06 08:06:38+00:00,2026-01-06 08:12:35.648690+00:00,398.0,3225.582,3225.28,3225.73,ETH
2026-01-06 08:06:39+00:00,2026-01-06 08:12:36.651332+00:00,399.0,3225.582,3225.35,3225.73,ETH
2026-01-06 08:06:40+00:00,2026-01-06 08:12:37.664358+00:00,400.0,3225.652,3225.41,3225.87,ETH
2026-01-06 08:06:41+00:00,2026-01-06 08:12:38.662569+00:00,401.0,3225.802,3225.6,3226.12,ETH
2026-01-06 08:06:42+00:00,2026-01-06 08:12:39.721417+00:00,402.0,3226.032,3225.79,3226.26,ETH
2026-01-06 08:06:43+00:00,2026-01-06 08:12:40.711371+00:00,403.0,3225.922,3225.67,3225.95,ETH
2026-01-06 08:06:44+00:00,2026-01-06 08:12:41.708126+00:00,404.0,3225.632,3225.47,3225.67,ETH
2026-01-06 08:06:45+00:00,2026-01-06 08:12:42.667918+00:00,405.0,3225.522,3225.38,3225.6,ETH
2026-01-06 08:06:46+00:00,2026-01-06 08:12:43.712324+00:00,406.0,3225.372,3225.27,3225.57,ETH
2026-01-06 08:06:47+00:00,2026-01-06 08:12:44.719655+00:00,407.0,3225.602,3225.43,3225.74,ETH
2026-01-06 08:06:48+00:00,2026-01-06 08:12:45.726935+00:00,408.0,3225.782,3225.55,3225.91,ETH
2026-01-06 08:06:49+00:00,2026-01-06 08:12:46.740468+00:00,409.0,3225.782,3225.57,3226.02,ETH
2026-01-06 08:06:50+00:00,2026-01-06 08:12:47.713198+00:00,410.0,3225.892,3225.56,3226.02,ETH
2026-01-06 08:06:51+00:00,2026-01-06 08:12:48.731964+00:00,411.0,3225.872,3225.55,3226.02,ETH
2026-01-06 08:06:52+00:00,2026-01-06 08:12:49.751723+00:00,412.0,3225.852,3225.54,3226.02,ETH
2026-01-06 08:06:53+00:00,2026-01-06 08:12:50.751013+00:00,413.0,3225.752,3225.45,3225.87,ETH
2026-01-06 08:06:54+00:00,2026-01-06 08:12:51.768400+00:00,414.0,3225.642,3225.35,3225.72,ETH
2026-01-06 08:06:55+00:00,2026-01-06 08:12:52.764762+00:00,415.0,3225.602,3225.4,3225.69,ETH
2026-01-06 08:06:56+00:00,2026-01-06 08:12:53.785964+00:00,416.0,3225.602,3225.38,3225.71,ETH
2026-01-06 08:06:57+00:00,2026-01-06 08:12:54.781444+00:00,417.0,3225.602,3225.39,3225.65,ETH
2026-01-06 08:06:58+00:00,2026-01-06 08:12:55.794339+00:00,418.0,3225.592,3225.39,3225.63,ETH
2026-01-06 08:06:59+00:00,2026-01-06 08:12:56.797869+00:00,419.0,3225.592,3225.39,3225.63,ETH
2026-01-06 08:07:00+00:00,2026-01-06 08:12:57.822523+00:00,420.0,3225.592,3225.39,3225.63,ETH
2026-01-06 08:07:01+00:00,2026-01-06 08:12:58.838265+00:00,421.0,3225.442,3225.39,3225.6,ETH
2026-01-06 08:07:02+00:00,2026-01-06 08:12:59.848158+00:00,422.0,3225.412,3225.18,3225.6,ETH
2026-01-06 08:07:03+00:00,2026-01-06 08:13:00.870168+00:00,423.0,3225.452,3225.23,3225.59,ETH
2026-01-06 08:07:04+00:00,2026-01-06 08:13:01.869623+00:00,424.0,3225.562,3225.28,3225.72,ETH
2026-01-06 08:07:05+00:00,2026-01-06 08:13:02.900550+00:00,425.0,3225.672,3225.34,3225.85,ETH
2026-01-06 08:07:06+00:00,2026-01-06 08:13:03.915750+00:00,426.0,3225.832,3225.57,3225.99,ETH
2026-01-06 08:07:07+00:00,2026-01-06 08:13:04.917938+00:00,427.0,3225.862,3225.58,3226.0,ETH
2026-01-06 08:07:08+00:00,2026-01-06 08:13:05.929548+00:00,428.0,3225.842,3225.59,3225.97,ETH
2026-01-06 08:07:09+00:00,2026-01-06 08:13:06.936113+00:00,429.0,3225.832,3225.59,3225.93,ETH
2026-01-06 08:07:10+00:00,2026-01-06 08:13:07.930711+00:00,430.0,3225.892,3225.59,3226.0,ETH
2026-01-06 08:07:11+00:00,2026-01-06 08:13:08.932529+00:00,431.0,3225.872,3225.6,3226.0,ETH
2026-01-06 08:07:12+00:00,2026-01-06 08:13:09.946288+00:00,432.0,3225.802,3225.57,3225.92,ETH
2026-01-06 08:07:13+00:00,2026-01-06 08:13:11.968986+00:00,433.0,3225.822,3225.53,3225.92,ETH
2026-01-06 08:07:14+00:00,2026-01-06 08:13:12.980634+00:00,434.0,3225.822,3225.52,3225.89,ETH
2026-01-06 08:07:15+00:00,2026-01-06 08:13:13.998810+00:00,435.0,3225.812,3225.53,3225.86,ETH
2026-01-06 08:07:16+00:00,2026-01-06 08:13:15.000404+00:00,436.0,3225.802,3225.52,3225.91,ETH
2026-01-06 08:07:17+00:00,2026-01-06 08:13:16.015959+00:00,437.0,3225.722,3225.5,3225.87,ETH
2026-01-06 08:07:18+00:00,2026-01-06 08:13:17.030885+00:00,438.0,3225.632,3225.46,3225.74,ETH
2026-01-06 08:07:19+00:00,2026-01-06 08:13:18.050078+00:00,439.0,3225.392,3225.16,3225.43,ETH
2026-01-06 08:07:20+00:00,2026-01-06 08:13:19.060157+00:00,440.0,3225.111,3224.88,3225.19,ETH
2026-01-06 08:07:21+00:00,2026-01-06 08:13:20.078129+00:00,441.0,3225.061,3224.86,3225.22,ETH
2026-01-06 08:07:22+00:00,2026-01-06 08:13:21.079225+00:00,442.0,3225.021,3224.8,3225.19,ETH
2026-01-06 08:07:23+00:00,2026-01-06 08:13:22.085866+00:00,443.0,3224.981,3224.81,3225.16,ETH
2026-01-06 08:07:24+00:00,2026-01-06 08:13:23.110202+00:00,444.0,3225.061,3224.87,3225.23,ETH
2026-01-06 08:07:25+00:00,2026-01-06 08:13:24.119089+00:00,445.0,3225.101,3224.91,3225.22,ETH
2026-01-06 08:07:26+00:00,2026-01-06 08:13:25.135282+00:00,446.0,3225.051,3224.9,3225.15,ETH
2026-01-06 08:07:27+00:00,2026-01-06 08:13:26.146791+00:00,447.0,3225.071,3224.89,3225.15,ETH
2026-01-06 08:07:28+00:00,2026-01-06 08:13:27.146791+00:00,448.0,3225.091,3224.9,3225.15,ETH
2026-01-06 08:07:29+00:00,2026-01-06 08:13:28.149035+00:00,449.0,3225.091,3224.89,3225.15,ETH
2026-01-06 08:07:30+00:00,2026-01-06 08:13:29.150414+00:00,450.0,3225.071,3224.9,3225.15,ETH
2026-01-06 08:07:32+00:00,2026-01-06 08:13:30.195685+00:00,452.0,3225.081,3224.9,3225.38,ETH
2026-01-06 08:07:33+00:00,2026-01-06 08:13:31.206163+00:00,453.0,3225.081,3224.9,3225.39,ETH
2026-01-06 08:07:34+00:00,2026-01-06 08:13:32.217648+00:00,454.0,3225.081,3224.86,3225.39,ETH
2026-01-06 08:07:35+00:00,2026-01-06 08:13:33.207906+00:00,455.0,3225.051,3224.86,3225.39,ETH
2026-01-06 08:07:36+00:00,2026-01-06 08:13:34.235267+00:00,456.0,3225.292,3224.9,3225.65,ETH
2026-01-06 08:07:37+00:00,2026-01-06 08:13:36.218570+00:00,457.0,3225.492,3225.22,3225.68,ETH
2026-01-06 08:07:38+00:00,2026-01-06 08:13:37.230383+00:00,458.0,3225.472,3225.21,3225.68,ETH
2026-01-06 08:07:39+00:00,2026-01-06 08:13:38.243513+00:00,459.0,3225.412,3225.19,3225.68,ETH
2026-01-06 08:07:40+00:00,2026-01-06 08:13:39.245970+00:00,460.0,3225.362,3225.18,3225.68,ETH
2026-01-06 08:07:41+00:00,2026-01-06 08:13:40.260269+00:00,461.0,3225.322,3225.14,3225.55,ETH
2026-01-06 08:07:42+00:00,2026-01-06 08:13:41.268142+00:00,462.0,3225.272,3225.09,3225.41,ETH
2026-01-06 08:07:43+00:00,2026-01-06 08:13:42.277053+00:00,463.0,3225.282,3225.09,3225.41,ETH
2026-01-06 08:07:44+00:00,2026-01-06 08:13:43.345475+00:00,464.0,3225.242,3225.07,3225.41,ETH
2026-01-06 08:07:45+00:00,2026-01-06 08:13:44.296841+00:00,465.0,3225.201,3225.02,3225.41,ETH
2026-01-06 08:07:46+00:00,2026-01-06 08:13:45.378111+00:00,466.0,3225.201,3225.0,3225.42,ETH
2026-01-06 08:07:47+00:00,2026-01-06 08:13:46.365979+00:00,467.0,3225.191,3224.99,3225.41,ETH
2026-01-06 08:07:48+00:00,2026-01-06 08:13:47.360771+00:00,468.0,3225.181,3224.99,3225.41,ETH
2026-01-06 08:07:49+00:00,2026-01-06 08:13:48.366819+00:00,469.0,3225.191,3224.99,3225.41,ETH
2026-01-06 08:07:50+00:00,2026-01-06 08:13:49.372672+00:00,470.0,3225.201,3224.98,3225.41,ETH
2026-01-06 08:07:51+00:00,2026-01-06 08:13:50.378981+00:00,471.0,3225.222,3224.98,3225.42,ETH
2026-01-06 08:07:52+00:00,2026-01-06 08:13:51.413690+00:00,472.0,3225.242,3224.98,3225.41,ETH
2026-01-06 08:07:53+00:00,2026-01-06 08:13:52.413431+00:00,473.0,3225.232,3224.98,3225.41,ETH
2026-01-06 08:07:54+00:00,2026-01-06 08:13:53.414579+00:00,474.0,3225.211,3224.98,3225.41,ETH
2026-01-06 08:07:55+00:00,2026-01-06 08:13:54.432486+00:00,475.0,3225.212,3224.98,3225.41,ETH
2026-01-06 08:07:56+00:00,2026-01-06 08:13:55.449165+00:00,476.0,3225.151,3224.98,3225.35,ETH
2026-01-06 08:07:57+00:00,2026-01-06 08:13:56.461259+00:00,477.0,3225.071,3224.92,3225.28,ETH
2026-01-06 08:07:58+00:00,2026-01-06 08:13:57.472999+00:00,478.0,3225.061,3224.86,3225.21,ETH
2026-01-06 08:07:59+00:00,2026-01-06 08:13:58.488043+00:00,479.0,3225.051,3224.85,3225.14,ETH
2026-01-06 08:08:00+00:00,2026-01-06 08:13:59.489419+00:00,480.0,3224.951,3224.83,3225.14,ETH
2026-01-06 08:08:01+00:00,2026-01-06 08:14:00.517542+00:00,481.0,3224.941,3224.83,3225.14,ETH
2026-01-06 08:08:02+00:00,2026-01-06 08:14:01.481746+00:00,482.0,3225.011,3224.83,3225.13,ETH
2026-01-06 08:08:03+00:00,2026-01-06 08:14:02.481129+00:00,483.0,3225.001,3224.8,3225.08,ETH
2026-01-06 08:08:04+00:00,2026-01-06 08:14:03.514091+00:00,484.0,3224.971,3224.72,3225.01,ETH
2026-01-06 08:08:05+00:00,2026-01-06 08:14:04.545743+00:00,485.0,3224.931,3224.67,3224.99,ETH
2026-01-06 08:08:06+00:00,2026-01-06 08:14:05.569288+00:00,486.0,3224.921,3224.67,3224.99,ETH
2026-01-06 08:08:07+00:00,2026-01-06 08:14:06.578811+00:00,487.0,3224.791,3224.61,3224.84,ETH
2026-01-06 08:08:08+00:00,2026-01-06 08:14:07.591998+00:00,488.0,3224.591,3224.47,3224.7,ETH
2026-01-06 08:08:09+00:00,2026-01-06 08:14:08.593264+00:00,489.0,3224.481,3224.38,3224.72,ETH
2026-01-06 08:08:10+00:00,2026-01-06 08:14:09.610462+00:00,490.0,3224.621,3224.5,3224.92,ETH
2026-01-06 08:08:11+00:00,2026-01-06 08:14:10.610997+00:00,491.0,3224.981,3224.67,3225.24,ETH
2026-01-06 08:08:12+00:00,2026-01-06 08:14:11.625714+00:00,492.0,3225.091,3224.72,3225.39,ETH
2026-01-06 08:08:13+00:00,2026-01-06 08:14:12.616422+00:00,493.0,3225.071,3224.76,3225.39,ETH
2026-01-06 08:08:14+00:00,2026-01-06 08:14:13.640728+00:00,494.0,3225.141,3224.87,3225.4,ETH
2026-01-06 08:08:15+00:00,2026-01-06 08:14:14.643502+00:00,495.0,3225.222,3224.94,3225.41,ETH
2026-01-06 08:08:16+00:00,2026-01-06 08:14:15.661633+00:00,496.0,3225.212,3224.92,3225.32,ETH
2026-01-06 08:08:17+00:00,2026-01-06 08:14:16.678204+00:00,497.0,3225.141,3224.9,3225.21,ETH
2026-01-06 08:08:18+00:00,2026-01-06 08:14:17.683336+00:00,498.0,3225.151,3224.86,3225.29,ETH
2026-01-06 08:08:19+00:00,2026-01-06 08:14:18.691286+00:00,499.0,3225.222,3224.83,3225.4,ETH
2026-01-06 08:08:20+00:00,2026-01-06 08:14:19.698847+00:00,500.0,3225.252,3224.87,3225.41,ETH
2026-01-06 08:08:21+00:00,2026-01-06 08:14:20.724803+00:00,501.0,3225.342,3225.02,3225.53,ETH
2026-01-06 08:08:22+00:00,2026-01-06 08:14:21.726423+00:00,502.0,3225.432,3225.14,3225.61,ETH
2026-01-06 08:08:23+00:00,2026-01-06 08:14:22.713203+00:00,503.0,3225.372,3225.09,3225.5,ETH
2026-01-06 08:08:24+00:00,2026-01-06 08:14:23.731371+00:00,504.0,3225.312,3225.03,3225.42,ETH
2026-01-06 08:08:25+00:00,2026-01-06 08:14:24.749768+00:00,505.0,3225.282,3225.03,3225.37,ETH
2026-01-06 08:08:26+00:00,2026-01-06 08:14:25.754099+00:00,506.0,3225.011,3224.84,3225.1,ETH
2026-01-06 08:08:27+00:00,2026-01-06 08:14:26.762467+00:00,507.0,3224.681,3224.59,3224.84,ETH
2026-01-06 08:08:28+00:00,2026-01-06 08:14:27.779284+00:00,508.0,3224.611,3224.53,3224.83,ETH
2026-01-06 08:08:29+00:00,2026-01-06 08:14:28.773993+00:00,509.0,3224.641,3224.53,3224.83,ETH
2026-01-06 08:08:30+00:00,2026-01-06 08:14:29.790839+00:00,510.0,3224.641,3224.53,3224.77,ETH
2026-01-06 08:08:31+00:00,2026-01-06 08:14:30.821712+00:00,511.0,3224.641,3224.52,3224.7,ETH
2026-01-06 08:08:32+00:00,2026-01-06 08:14:31.859615+00:00,512.0,3224.581,3224.45,3224.65,ETH
2026-01-06 08:08:33+00:00,2026-01-06 08:14:32.863715+00:00,513.0,3224.471,3224.38,3224.54,ETH
2026-01-06 08:08:34+00:00,2026-01-06 08:14:33.863722+00:00,514.0,3224.311,3224.19,3224.38,ETH
2026-01-06 08:08:35+00:00,2026-01-06 08:14:34.880522+00:00,515.0,3224.171,3223.98,3224.26,ETH
2026-01-06 08:08:36+00:00,2026-01-06 08:14:35.882465+00:00,516.0,3224.081,3223.97,3224.18,ETH
2026-01-06 08:08:37+00:00,2026-01-06 08:14:36.882347+00:00,517.0,3224.061,3223.97,3224.12,ETH
2026-01-06 08:08:38+00:00,2026-01-06 08:14:37.877538+00:00,518.0,3224.051,3223.95,3224.16,ETH
2026-01-06 08:08:39+00:00,2026-01-06 08:14:38.895454+00:00,519.0,3224.081,3223.95,3224.21,ETH
2026-01-06 08:08:40+00:00,2026-01-06 08:14:39.893473+00:00,520.0,3223.961,3223.88,3224.1,ETH
2026-01-06 08:08:41+00:00,2026-01-06 08:14:40.897802+00:00,521.0,3223.861,3223.74,3224.04,ETH
2026-01-06 08:08:42+00:00,2026-01-06 08:14:41.912521+00:00,522.0,3224.091,3223.81,3224.21,ETH
2026-01-06 08:08:43+00:00,2026-01-06 08:14:42.929316+00:00,523.0,3224.531,3224.24,3224.63,ETH
2026-01-06 08:08:44+00:00,2026-01-06 08:14:43.945908+00:00,524.0,3224.881,3224.59,3224.97,ETH
2026-01-06 08:08:45+00:00,2026-01-06 08:14:44.943265+00:00,525.0,3224.951,3224.65,3225.07,ETH
2026-01-06 08:08:46+00:00,2026-01-06 08:14:45.993656+00:00,526.0,3225.051,3224.73,3225.29,ETH
2026-01-06 08:08:47+00:00,2026-01-06 08:14:46.996904+00:00,527.0,3225.272,3224.92,3225.44,ETH
2026-01-06 08:08:48+00:00,2026-01-06 08:14:48.011847+00:00,528.0,3225.412,3225.07,3225.46,ETH
2026-01-06 08:08:49+00:00,2026-01-06 08:14:49.013611+00:00,529.0,3225.412,3225.16,3225.52,ETH
2026-01-06 08:08:50+00:00,2026-01-06 08:14:50.025714+00:00,530.0,3225.422,3225.24,3225.53,ETH
2026-01-06 08:08:51+00:00,2026-01-06 08:14:51.034163+00:00,531.0,3225.422,3225.21,3225.52,ETH
2026-01-06 08:08:52+00:00,2026-01-06 08:14:52.043040+00:00,532.0,3225.432,3225.19,3225.56,ETH
2026-01-06 08:08:53+00:00,2026-01-06 08:14:53.046312+00:00,533.0,3225.342,3225.19,3225.5,ETH
2026-01-06 08:08:54+00:00,2026-01-06 08:14:54.063531+00:00,534.0,3225.252,3225.13,3225.44,ETH
2026-01-06 08:08:55+00:00,2026-01-06 08:14:55.076443+00:00,535.0,3225.252,3225.05,3225.46,ETH
2026-01-06 08:08:56+00:00,2026-01-06 08:14:56.074454+00:00,536.0,3225.252,3225.03,3225.49,ETH
2026-01-06 08:08:57+00:00,2026-01-06 08:14:57.079913+00:00,537.0,3225.352,3225.08,3225.6,ETH
2026-01-06 08:08:58+00:00,2026-01-06 08:14:58.103253+00:00,538.0,3225.512,3225.21,3225.68,ETH
2026-01-06 08:08:59+00:00,2026-01-06 08:14:59.113284+00:00,539.0,3225.512,3225.31,3225.65,ETH
2026-01-06 08:09:00+00:00,2026-01-06 08:15:00.108405+00:00,540.0,3225.552,3225.33,3225.69,ETH
2026-01-06 08:09:01+00:00,2026-01-06 08:15:01.122634+00:00,541.0,3225.652,3225.33,3225.72,ETH
2026-01-06 08:09:02+00:00,2026-01-06 08:15:02.171491+00:00,542.0,3225.592,3225.31,3225.67,ETH
2026-01-06 08:09:03+00:00,2026-01-06 08:15:03.175120+00:00,543.0,3225.412,3225.22,3225.6,ETH
2026-01-06 08:09:04+00:00,2026-01-06 08:15:04.177661+00:00,544.0,3225.382,3225.11,3225.58,ETH
2026-01-06 08:09:05+00:00,2026-01-06 08:15:05.178703+00:00,545.0,3225.462,3225.09,3225.57,ETH
2026-01-06 08:09:06+00:00,2026-01-06 08:15:06.175227+00:00,546.0,3225.472,3225.11,3225.55,ETH
2026-01-06 08:09:07+00:00,2026-01-06 08:15:07.187665+00:00,547.0,3225.392,3225.09,3225.53,ETH
2026-01-06 08:09:08+00:00,2026-01-06 08:15:08.197828+00:00,548.0,3225.312,3225.07,3225.51,ETH
2026-01-06 08:09:09+00:00,2026-01-06 08:15:09.190421+00:00,549.0,3225.312,3225.08,3225.51,ETH
2026-01-06 08:09:10+00:00,2026-01-06 08:15:10.193021+00:00,550.0,3225.091,3224.97,3225.27,ETH
2026-01-06 08:09:11+00:00,2026-01-06 08:15:11.207022+00:00,551.0,3224.821,3224.77,3224.94,ETH
2026-01-06 08:09:12+00:00,2026-01-06 08:15:12.228771+00:00,552.0,3224.761,3224.61,3224.86,ETH
2026-01-06 08:09:13+00:00,2026-01-06 08:15:13.229483+00:00,553.0,3224.721,3224.52,3224.86,ETH
2026-01-06 08:09:14+00:00,2026-01-06 08:15:14.224058+00:00,554.0,3224.681,3224.52,3224.86,ETH
2026-01-06 08:09:15+00:00,2026-01-06 08:15:15.240939+00:00,555.0,3224.671,3224.53,3224.86,ETH
2026-01-06 08:09:16+00:00,2026-01-06 08:15:16.235880+00:00,556.0,3224.631,3224.52,3224.79,ETH
2026-01-06 08:09:17+00:00,2026-01-06 08:15:17.224174+00:00,557.0,3224.631,3224.5,3224.72,ETH
2026-01-06 08:09:18+00:00,2026-01-06 08:15:18.261299+00:00,558.0,3224.681,3224.48,3224.74,ETH
2026-01-06 08:09:19+00:00,2026-01-06 08:15:19.278673+00:00,559.0,3224.611,3224.43,3224.73,ETH
2026-01-06 08:09:20+00:00,2026-01-06 08:15:20.290250+00:00,560.0,3224.501,3224.36,3224.7,ETH
2026-01-06 08:09:21+00:00,2026-01-06 08:15:21.298067+00:00,561.0,3224.491,3224.33,3224.69,ETH
2026-01-06 08:09:22+00:00,2026-01-06 08:15:22.306900+00:00,562.0,3224.491,3224.31,3224.69,ETH
2026-01-06 08:09:23+00:00,2026-01-06 08:15:23.339696+00:00,563.0,3224.541,3224.31,3224.69,ETH
2026-01-06 08:09:24+00:00,2026-01-06 08:15:24.344346+00:00,564.0,3224.591,3224.31,3224.69,ETH
2026-01-06 08:09:25+00:00,2026-01-06 08:15:25.352374+00:00,565.0,3224.571,3224.27,3224.66,ETH
2026-01-06 08:09:26+00:00,2026-01-06 08:15:26.362516+00:00,566.0,3224.551,3224.24,3224.65,ETH
2026-01-06 08:09:27+00:00,2026-01-06 08:15:27.363389+00:00,567.0,3224.541,3224.24,3224.63,ETH
2026-01-06 08:09:28+00:00,2026-01-06 08:15:28.364041+00:00,568.0,3224.541,3224.24,3224.63,ETH
2026-01-06 08:09:29+00:00,2026-01-06 08:15:29.361828+00:00,569.0,3224.541,3224.25,3224.63,ETH
2026-01-06 08:09:30+00:00,2026-01-06 08:15:30.378090+00:00,570.0,3224.531,3224.25,3224.57,ETH
2026-01-06 08:09:31+00:00,2026-01-06 08:15:31.381122+00:00,571.0,3224.531,3224.24,3224.57,ETH
2026-01-06 08:09:32+00:00,2026-01-06 08:15:32.394206+00:00,572.0,3224.511,3224.24,3224.56,ETH
2026-01-06 08:09:33+00:00,2026-01-06 08:15:33.389218+00:00,573.0,3224.501,3224.2,3224.55,ETH
2026-01-06 08:09:34+00:00,2026-01-06 08:15:34.405017+00:00,574.0,3224.511,3224.17,3224.55,ETH
2026-01-06 08:09:35+00:00,2026-01-06 08:15:35.425247+00:00,575.0,3224.491,3224.17,3224.55,ETH
2026-01-06 08:09:36+00:00,2026-01-06 08:15:36.436250+00:00,576.0,3224.481,3224.16,3224.59,ETH
2026-01-06 08:09:37+00:00,2026-01-06 08:15:37.442275+00:00,577.0,3224.461,3224.14,3224.59,ETH
2026-01-06 08:09:38+00:00,2026-01-06 08:15:38.443918+00:00,578.0,3224.421,3224.14,3224.58,ETH
2026-01-06 08:09:39+00:00,2026-01-06 08:15:39.459522+00:00,579.0,3224.401,3224.14,3224.62,ETH
2026-01-06 08:09:40+00:00,2026-01-06 08:15:40.456623+00:00,580.0,3224.401,3224.14,3224.5,ETH
2026-01-06 08:09:41+00:00,2026-01-06 08:15:41.465869+00:00,581.0,3224.401,3224.14,3224.43,ETH
2026-01-06 08:09:42+00:00,2026-01-06 08:15:42.474931+00:00,582.0,3224.391,3224.14,3224.44,ETH
2026-01-06 08:09:43+00:00,2026-01-06 08:15:43.536416+00:00,583.0,3224.241,3224.12,3224.39,ETH
2026-01-06 08:09:44+00:00,2026-01-06 08:15:44.546522+00:00,584.0,3224.241,3224.11,3224.39,ETH
2026-01-06 08:09:45+00:00,2026-01-06 08:15:45.537865+00:00,585.0,3224.241,3224.09,3224.38,ETH
2026-01-06 08:09:46+00:00,2026-01-06 08:15:46.539408+00:00,586.0,3224.241,3224.07,3224.35,ETH
2026-01-06 08:09:47+00:00,2026-01-06 08:15:47.542421+00:00,587.0,3224.241,3224.06,3224.35,ETH
2026-01-06 08:09:48+00:00,2026-01-06 08:15:48.560202+00:00,588.0,3224.111,3224.06,3224.22,ETH
2026-01-06 08:09:49+00:00,2026-01-06 08:15:49.572919+00:00,589.0,3224.111,3223.87,3224.17,ETH
2026-01-06 08:09:50+00:00,2026-01-06 08:15:50.590885+00:00,590.0,3224.111,3223.86,3224.15,ETH
2026-01-06 08:09:51+00:00,2026-01-06 08:15:51.606282+00:00,591.0,3223.811,3223.67,3223.95,ETH
2026-01-06 08:09:52+00:00,2026-01-06 08:15:52.605815+00:00,592.0,3223.641,3223.62,3223.82,ETH
2026-01-06 08:09:53+00:00,2026-01-06 08:15:53.619702+00:00,593.0,3223.811,3223.65,3223.95,ETH
2026-01-06 08:09:54+00:00,2026-01-06 08:15:54.624935+00:00,594.0,3223.811,3223.66,3223.93,ETH
2026-01-06 08:09:55+00:00,2026-01-06 08:15:55.627457+00:00,595.0,3223.801,3223.66,3223.86,ETH
2026-01-06 08:09:56+00:00,2026-01-06 08:15:56.623112+00:00,596.0,3223.801,3223.62,3223.86,ETH
2026-01-06 08:09:57+00:00,2026-01-06 08:15:57.624649+00:00,597.0,3223.801,3223.61,3223.86,ETH
2026-01-06 08:09:58+00:00,2026-01-06 08:15:58.632801+00:00,598.0,3224.041,3223.66,3224.18,ETH
2026-01-06 08:09:59+00:00,2026-01-06 08:15:59.638507+00:00,599.0,3224.041,3223.66,3224.19,ETH
2026-01-06 08:10:00+00:00,2026-01-06 08:16:00.638341+00:00,600.0,3224.041,3223.66,3224.2,ETH
2026-01-06 08:10:01+00:00,2026-01-06 08:16:01.653650+00:00,601.0,3224.041,3223.67,3224.21,ETH
2026-01-06 08:10:02+00:00,2026-01-06 08:16:02.709303+00:00,602.0,3224.041,3223.67,3224.26,ETH
2026-01-06 08:10:03+00:00,2026-01-06 08:16:04.051627+00:00,603.0,3224.041,3223.67,3224.24,ETH
2026-01-06 08:10:04+00:00,2026-01-06 08:16:05.668020+00:00,604.0,3224.041,3223.67,3224.23,ETH
2026-01-06 08:10:06+00:00,2026-01-06 08:16:07.031638+00:00,606.0,3224.041,3223.66,3224.31,ETH
2026-01-06 08:10:07+00:00,2026-01-06 08:16:08.015250+00:00,607.0,3224.041,3223.66,3224.29,ETH
2026-01-06 08:10:08+00:00,2026-01-06 08:16:09.035381+00:00,608.0,3224.041,3223.64,3224.33,ETH
2026-01-06 08:10:09+00:00,2026-01-06 08:16:10.027216+00:00,609.0,3224.041,3223.64,3224.3,ETH
2026-01-06 08:10:10+00:00,2026-01-06 08:16:11.053968+00:00,610.0,3224.041,3223.64,3224.4,ETH
2026-01-06 08:10:11+00:00,2026-01-06 08:16:11.746409+00:00,611.0,3224.041,3223.64,3224.37,ETH
2026-01-06 08:10:12+00:00,2026-01-06 08:16:13.084929+00:00,612.0,3224.041,3223.64,3224.35,ETH
2026-01-06 08:10:13+00:00,2026-01-06 08:16:14.043187+00:00,613.0,3224.091,3223.69,3224.52,ETH
2026-01-06 08:10:14+00:00,2026-01-06 08:16:15.061874+00:00,614.0,3224.311,3223.97,3224.53,ETH
2026-01-06 08:10:15+00:00,2026-01-06 08:16:16.087562+00:00,615.0,3224.461,3224.09,3224.61,ETH
2026-01-06 08:10:16+00:00,2026-01-06 08:16:17.095398+00:00,616.0,3224.811,3224.49,3224.88,ETH
2026-01-06 08:10:17+00:00,2026-01-06 08:16:18.119451+00:00,617.0,3225.302,3224.9,3225.4,ETH
2026-01-06 08:10:18+00:00,2026-01-06 08:16:19.133440+00:00,618.0,3225.402,3225.04,3225.63,ETH
2026-01-06 08:10:19+00:00,2026-01-06 08:16:20.135859+00:00,619.0,3225.372,3224.98,3225.61,ETH
2026-01-06 08:10:20+00:00,2026-01-06 08:16:21.151420+00:00,620.0,3225.191,3224.98,3225.54,ETH
2026-01-06 08:10:21+00:00,2026-01-06 08:16:22.156436+00:00,621.0,3225.242,3224.87,3225.48,ETH
2026-01-06 08:10:22+00:00,2026-01-06 08:16:23.159543+00:00,622.0,3225.242,3224.89,3225.48,ETH
2026-01-06 08:10:23+00:00,2026-01-06 08:16:24.202046+00:00,623.0,3224.581,3224.56,3224.72,ETH
2026-01-06 08:10:24+00:00,2026-01-06 08:16:25.226199+00:00,624.0,3224.251,3224.08,3224.4,ETH
2026-01-06 08:10:25+00:00,2026-01-06 08:16:26.209702+00:00,625.0,3224.181,3223.88,3224.27,ETH
2026-01-06 08:10:26+00:00,2026-01-06 08:16:27.210210+00:00,626.0,3224.171,3223.88,3224.22,ETH
2026-01-06 08:10:27+00:00,2026-01-06 08:16:28.185212+00:00,627.0,3224.181,3223.88,3224.22,ETH
2026-01-06 08:10:28+00:00,2026-01-06 08:16:29.203854+00:00,628.0,3224.141,3223.82,3224.21,ETH
2026-01-06 08:10:29+00:00,2026-01-06 08:16:30.201940+00:00,629.0,3224.121,3223.81,3224.21,ETH
2026-01-06 08:10:30+00:00,2026-01-06 08:16:31.278988+00:00,630.0,3224.121,3223.81,3224.21,ETH
2026-01-06 08:10:31+00:00,2026-01-06 08:16:32.292841+00:00,631.0,3224.181,3223.81,3224.31,ETH
2026-01-06 08:10:32+00:00,2026-01-06 08:16:33.305841+00:00,632.0,3223.761,3223.51,3223.82,ETH
2026-01-06 08:10:33+00:00,2026-01-06 08:16:34.309973+00:00,633.0,3223.511,3223.31,3223.57,ETH
2026-01-06 08:10:34+00:00,2026-01-06 08:16:35.324582+00:00,634.0,3223.511,3223.32,3223.62,ETH
2026-01-06 08:10:35+00:00,2026-01-06 08:16:36.340651+00:00,635.0,3223.291,3223.23,3223.45,ETH
2026-01-06 08:10:36+00:00,2026-01-06 08:16:37.358360+00:00,636.0,3223.351,3223.17,3223.45,ETH
2026-01-06 08:10:37+00:00,2026-01-06 08:16:38.375219+00:00,637.0,3223.421,3223.17,3223.46,ETH
2026-01-06 08:10:38+00:00,2026-01-06 08:16:39.391010+00:00,638.0,3223.431,3223.24,3223.88,ETH
2026-01-06 08:10:39+00:00,2026-01-06 08:16:40.404221+00:00,639.0,3223.871,3223.55,3223.94,ETH
2026-01-06 08:10:40+00:00,2026-01-06 08:16:41.411199+00:00,640.0,3223.811,3223.56,3223.88,ETH
2026-01-06 08:10:41+00:00,2026-01-06 08:16:42.407875+00:00,641.0,3223.801,3223.56,3223.88,ETH
2026-01-06 08:10:42+00:00,2026-01-06 08:16:43.408618+00:00,642.0,3223.601,3223.5,3223.76,ETH
2026-01-06 08:10:43+00:00,2026-01-06 08:16:44.420054+00:00,643.0,3223.461,3223.33,3223.52,ETH
2026-01-06 08:10:44+00:00,2026-01-06 08:16:45.436321+00:00,644.0,3223.361,3223.16,3223.57,ETH
2026-01-06 08:10:45+00:00,2026-01-06 08:16:46.420994+00:00,645.0,3223.361,3223.17,3223.55,ETH
2026-01-06 08:10:46+00:00,2026-01-06 08:16:47.442333+00:00,646.0,3223.361,3223.17,3223.56,ETH
2026-01-06 08:10:47+00:00,2026-01-06 08:16:48.442374+00:00,647.0,3223.511,3223.17,3223.61,ETH
2026-01-06 08:10:48+00:00,2026-01-06 08:16:49.479371+00:00,648.0,3223.621,3223.36,3223.75,ETH
2026-01-06 08:10:49+00:00,2026-01-06 08:16:50.470285+00:00,649.0,3223.741,3223.41,3223.82,ETH
2026-01-06 08:10:50+00:00,2026-01-06 08:16:51.486848+00:00,650.0,3223.601,3223.41,3223.77,ETH
2026-01-06 08:10:51+00:00,2026-01-06 08:16:52.505217+00:00,651.0,3223.731,3223.42,3223.77,ETH
2026-01-06 08:10:52+00:00,2026-01-06 08:16:53.519119+00:00,652.0,3223.681,3223.42,3223.77,ETH
2026-01-06 08:10:53+00:00,2026-01-06 08:16:54.537291+00:00,653.0,3223.621,3223.4,3223.7,ETH
2026-01-06 08:10:54+00:00,2026-01-06 08:16:55.543539+00:00,654.0,3223.721,3223.35,3223.78,ETH
2026-01-06 08:10:55+00:00,2026-01-06 08:16:56.544180+00:00,655.0,3223.721,3223.35,3223.78,ETH
2026-01-06 08:10:56+00:00,2026-01-06 08:16:57.555159+00:00,656.0,3223.691,3223.35,3223.78,ETH
2026-01-06 08:10:57+00:00,2026-01-06 08:16:58.554110+00:00,657.0,3223.541,3223.35,3223.63,ETH
2026-01-06 08:10:58+00:00,2026-01-06 08:16:59.562597+00:00,658.0,3223.581,3223.33,3223.63,ETH
2026-01-06 08:10:59+00:00,2026-01-06 08:17:00.564044+00:00,659.0,3223.581,3223.33,3223.63,ETH
2026-01-06 08:11:00+00:00,2026-01-06 08:17:01.575036+00:00,660.0,3223.571,3223.33,3223.63,ETH
2026-01-06 08:11:01+00:00,2026-01-06 08:17:02.575028+00:00,661.0,3223.631,3223.35,3223.79,ETH
2026-01-06 08:11:02+00:00,2026-01-06 08:17:03.591276+00:00,662.0,3223.581,3223.35,3223.63,ETH
2026-01-06 08:11:03+00:00,2026-01-06 08:17:04.604442+00:00,663.0,3223.561,3223.34,3223.63,ETH
2026-01-06 08:11:04+00:00,2026-01-06 08:17:05.609976+00:00,664.0,3223.541,3223.34,3223.63,ETH
2026-01-06 08:11:05+00:00,2026-01-06 08:17:06.600158+00:00,665.0,3223.561,3223.34,3223.63,ETH
2026-01-06 08:11:06+00:00,2026-01-06 08:17:07.619077+00:00,666.0,3223.611,3223.34,3223.65,ETH
2026-01-06 08:11:07+00:00,2026-01-06 08:17:08.621159+00:00,667.0,3223.071,3223.05,3223.29,ETH
2026-01-06 08:11:08+00:00,2026-01-06 08:17:09.618108+00:00,668.0,3222.621,3222.6,3222.83,ETH
2026-01-06 08:11:09+00:00,2026-01-06 08:17:10.638558+00:00,669.0,3222.601,3222.5,3222.72,ETH
2026-01-06 08:11:10+00:00,2026-01-06 08:17:11.622993+00:00,670.0,3222.591,3222.47,3222.74,ETH
2026-01-06 08:11:11+00:00,2026-01-06 08:17:12.635411+00:00,671.0,3222.561,3222.47,3222.6,ETH
2026-01-06 08:11:12+00:00,2026-01-06 08:17:13.653246+00:00,672.0,3222.591,3222.47,3222.7,ETH
2026-01-06 08:11:13+00:00,2026-01-06 08:17:14.670048+00:00,673.0,3222.581,3222.44,3222.62,ETH
2026-01-06 08:11:14+00:00,2026-01-06 08:17:15.669318+00:00,674.0,3222.581,3222.34,3222.7,ETH
2026-01-06 08:11:15+00:00,2026-01-06 08:17:16.683878+00:00,675.0,3222.581,3222.4,3222.74,ETH
2026-01-06 08:11:16+00:00,2026-01-06 08:17:17.702261+00:00,676.0,3222.581,3222.4,3222.74,ETH
2026-01-06 08:11:17+00:00,2026-01-06 08:17:18.716925+00:00,677.0,3222.581,3222.4,3222.73,ETH
2026-01-06 08:11:18+00:00,2026-01-06 08:17:19.716050+00:00,678.0,3222.581,3222.4,3222.72,ETH
2026-01-06 08:11:19+00:00,2026-01-06 08:17:20.722185+00:00,679.0,3222.581,3222.4,3222.7,ETH
2026-01-06 08:11:20+00:00,2026-01-06 08:17:21.727657+00:00,680.0,3222.581,3222.36,3222.75,ETH
2026-01-06 08:11:21+00:00,2026-01-06 08:17:22.734375+00:00,681.0,3222.581,3222.36,3222.74,ETH
2026-01-06 08:11:22+00:00,2026-01-06 08:17:23.748920+00:00,682.0,3222.581,3222.33,3222.7,ETH
2026-01-06 08:11:23+00:00,2026-01-06 08:17:24.753395+00:00,683.0,3222.581,3222.33,3222.7,ETH
2026-01-06 08:11:24+00:00,2026-01-06 08:17:25.753636+00:00,684.0,3222.581,3222.34,3222.71,ETH
2026-01-06 08:11:25+00:00,2026-01-06 08:17:26.761352+00:00,685.0,3222.581,3222.34,3222.71,ETH
2026-01-06 08:11:26+00:00,2026-01-06 08:17:27.750592+00:00,686.0,3222.581,3222.34,3222.7,ETH
2026-01-06 08:11:27+00:00,2026-01-06 08:17:28.757129+00:00,687.0,3222.581,3222.34,3222.7,ETH
2026-01-06 08:11:28+00:00,2026-01-06 08:17:29.760494+00:00,688.0,3222.581,3222.34,3222.7,ETH
2026-01-06 08:11:29+00:00,2026-01-06 08:17:30.780607+00:00,689.0,3222.581,3222.34,3222.72,ETH
2026-01-06 08:11:30+00:00,2026-01-06 08:17:31.770668+00:00,690.0,3222.241,3222.08,3222.3,ETH
2026-01-06 08:11:31+00:00,2026-01-06 08:17:32.776026+00:00,691.0,3222.151,3222.06,3222.29,ETH
2026-01-06 08:11:32+00:00,2026-01-06 08:17:33.791271+00:00,692.0,3222.151,3222.01,3222.29,ETH
2026-01-06 08:11:33+00:00,2026-01-06 08:17:34.802869+00:00,693.0,3221.871,3221.86,3222.09,ETH
2026-01-06 08:11:34+00:00,2026-01-06 08:17:35.803421+00:00,694.0,3221.571,3221.56,3221.81,ETH
2026-01-06 08:11:35+00:00,2026-01-06 08:17:36.804681+00:00,695.0,3221.561,3221.44,3221.83,ETH
2026-01-06 08:11:36+00:00,2026-01-06 08:17:37.812677+00:00,696.0,3221.561,3221.32,3221.86,ETH
2026-01-06 08:11:37+00:00,2026-01-06 08:17:38.825566+00:00,697.0,3221.771,3221.38,3221.98,ETH
2026-01-06 08:11:38+00:00,2026-01-06 08:17:39.828006+00:00,698.0,3221.971,3221.72,3222.26,ETH
2026-01-06 08:11:39+00:00,2026-01-06 08:17:40.825362+00:00,699.0,3221.981,3221.73,3222.26,ETH
2026-01-06 08:11:40+00:00,2026-01-06 08:17:42.833833+00:00,700.0,3221.881,3221.67,3222.16,ETH
2026-01-06 08:11:41+00:00,2026-01-06 08:17:43.838368+00:00,701.0,3221.771,3221.6,3222.03,ETH
2026-01-06 08:11:42+00:00,2026-01-06 08:17:44.852660+00:00,702.0,3221.771,3221.57,3221.93,ETH
2026-01-06 08:11:43+00:00,2026-01-06 08:17:45.866015+00:00,703.0,3221.771,3221.54,3221.99,ETH
2026-01-06 08:11:44+00:00,2026-01-06 08:17:46.876325+00:00,704.0,3221.771,3221.55,3222.03,ETH
2026-01-06 08:11:45+00:00,2026-01-06 08:17:47.873082+00:00,705.0,3221.771,3221.56,3222.02,ETH
2026-01-06 08:11:46+00:00,2026-01-06 08:17:48.876123+00:00,706.0,3221.771,3221.51,3221.98,ETH
2026-01-06 08:11:47+00:00,2026-01-06 08:17:49.890559+00:00,707.0,3221.771,3221.43,3221.93,ETH
2026-01-06 08:11:48+00:00,2026-01-06 08:17:50.886868+00:00,708.0,3221.771,3221.41,3221.93,ETH
2026-01-06 08:11:49+00:00,2026-01-06 08:17:51.903115+00:00,709.0,3221.701,3221.4,3221.88,ETH
2026-01-06 08:11:50+00:00,2026-01-06 08:17:52.907105+00:00,710.0,3221.641,3221.39,3221.82,ETH
2026-01-06 08:11:51+00:00,2026-01-06 08:17:53.922609+00:00,711.0,3221.691,3221.39,3221.83,ETH
2026-01-06 08:11:52+00:00,2026-01-06 08:17:54.938909+00:00,712.0,3221.691,3221.41,3221.75,ETH
2026-01-06 08:11:53+00:00,2026-01-06 08:17:55.935428+00:00,713.0,3221.701,3221.41,3221.77,ETH
2026-01-06 08:11:54+00:00,2026-01-06 08:17:56.936208+00:00,714.0,3221.801,3221.49,3221.93,ETH
2026-01-06 08:11:55+00:00,2026-01-06 08:17:57.956115+00:00,715.0,3221.831,3221.7,3222.02,ETH
2026-01-06 08:11:56+00:00,2026-01-06 08:17:58.951966+00:00,716.0,3221.921,3221.76,3222.13,ETH
2026-01-06 08:11:57+00:00,2026-01-06 08:17:59.952084+00:00,717.0,3222.011,3221.71,3222.2,ETH
2026-01-06 08:11:58+00:00,2026-01-06 08:18:00.952999+00:00,718.0,3222.011,3221.7,3222.18,ETH
2026-01-06 08:11:59+00:00,2026-01-06 08:18:01.950680+00:00,719.0,3222.021,3221.7,3222.19,ETH
2026-01-06 08:12:00+00:00,2026-01-06 08:18:02.951562+00:00,720.0,3222.011,3221.7,3222.21,ETH
2026-01-06 08:12:01+00:00,2026-01-06 08:18:03.960247+00:00,721.0,3222.011,3221.69,3222.22,ETH
2026-01-06 08:12:02+00:00,2026-01-06 08:18:04.951960+00:00,722.0,3222.071,3221.78,3222.32,ETH
2026-01-06 08:12:03+00:00,2026-01-06 08:18:05.968527+00:00,723.0,3222.121,3221.88,3222.42,ETH
2026-01-06 08:12:04+00:00,2026-01-06 08:18:06.999807+00:00,724.0,3222.121,3221.88,3222.44,ETH
2026-01-06 08:12:05+00:00,2026-01-06 08:18:07.988931+00:00,725.0,3222.121,3221.88,3222.39,ETH
2026-01-06 08:12:06+00:00,2026-01-06 08:18:08.985219+00:00,726.0,3222.191,3221.9,3222.4,ETH
2026-01-06 08:12:07+00:00,2026-01-06 08:18:09.982686+00:00,727.0,3222.231,3221.92,3222.36,ETH
2026-01-06 08:12:08+00:00,2026-01-06 08:18:10.987096+00:00,728.0,3222.231,3221.92,3222.39,ETH
2026-01-06 08:12:09+00:00,2026-01-06 08:18:11.986225+00:00,729.0,3222.261,3221.92,3222.5,ETH
2026-01-06 08:12:10+00:00,2026-01-06 08:18:12.985089+00:00,730.0,3222.241,3221.92,3222.38,ETH
2026-01-06 08:12:11+00:00,2026-01-06 08:18:13.998749+00:00,731.0,3222.231,3221.92,3222.27,ETH
2026-01-06 08:12:12+00:00,2026-01-06 08:18:15.023349+00:00,732.0,3222.241,3221.92,3222.38,ETH
2026-01-06 08:12:13+00:00,2026-01-06 08:18:16.030484+00:00,733.0,3222.221,3221.86,3222.48,ETH
2026-01-06 08:12:14+00:00,2026-01-06 08:18:17.021374+00:00,734.0,3222.181,3221.8,3222.47,ETH
2026-01-06 08:12:15+00:00,2026-01-06 08:18:18.042238+00:00,735.0,3222.181,3221.8,3222.47,ETH
2026-01-06 08:12:16+00:00,2026-01-06 08:18:19.036894+00:00,736.0,3222.181,3221.8,3222.47,ETH
2026-01-06 08:12:17+00:00,2026-01-06 08:18:20.042637+00:00,737.0,3222.171,3221.79,3222.48,ETH
2026-01-06 08:12:18+00:00,2026-01-06 08:18:21.036072+00:00,738.0,3222.171,3221.78,3222.48,ETH
2026-01-06 08:12:19+00:00,2026-01-06 08:18:22.038553+00:00,739.0,3222.171,3221.78,3222.38,ETH
2026-01-06 08:12:20+00:00,2026-01-06 08:18:23.042758+00:00,740.0,3222.181,3221.8,3222.43,ETH
2026-01-06 08:12:21+00:00,2026-01-06 08:18:24.052226+00:00,741.0,3222.211,3221.82,3222.57,ETH
2026-01-06 08:12:22+00:00,2026-01-06 08:18:25.052218+00:00,742.0,3222.231,3221.84,3222.59,ETH
2026-01-06 08:12:23+00:00,2026-01-06 08:18:26.038395+00:00,743.0,3222.231,3221.85,3222.62,ETH
2026-01-06 08:12:24+00:00,2026-01-06 08:18:27.040768+00:00,744.0,3222.231,3221.85,3222.6,ETH
2026-01-06 08:12:25+00:00,2026-01-06 08:18:28.050586+00:00,745.0,3222.251,3221.87,3222.48,ETH
2026-01-06 08:12:26+00:00,2026-01-06 08:18:29.054161+00:00,746.0,3222.271,3221.92,3222.5,ETH
2026-01-06 08:12:27+00:00,2026-01-06 08:18:30.052557+00:00,747.0,3222.301,3221.96,3222.61,ETH
2026-01-06 08:12:28+00:00,2026-01-06 08:18:31.054191+00:00,748.0,3222.331,3221.96,3222.58,ETH
2026-01-06 08:12:29+00:00,2026-01-06 08:18:32.049974+00:00,749.0,3222.401,3222.02,3222.58,ETH
2026-01-06 08:12:30+00:00,2026-01-06 08:18:33.051336+00:00,750.0,3222.451,3222.07,3222.74,ETH
2026-01-06 08:12:31+00:00,2026-01-06 08:18:34.054775+00:00,751.0,3222.691,3222.31,3222.82,ETH
2026-01-06 08:12:32+00:00,2026-01-06 08:18:35.047154+00:00,752.0,3222.621,3222.31,3222.72,ETH
2026-01-06 08:12:33+00:00,2026-01-06 08:18:36.063218+00:00,753.0,3222.681,3222.28,3222.87,ETH
2026-01-06 08:12:34+00:00,2026-01-06 08:18:37.066231+00:00,754.0,3222.711,3222.3,3222.91,ETH
2026-01-06 08:12:35+00:00,2026-01-06 08:18:38.069120+00:00,755.0,3222.731,3222.3,3222.91,ETH
2026-01-06 08:12:36+00:00,2026-01-06 08:18:39.066607+00:00,756.0,3222.691,3222.3,3222.91,ETH
2026-01-06 08:12:37+00:00,2026-01-06 08:18:40.086166+00:00,757.0,3222.711,3222.3,3222.94,ETH
2026-01-06 08:12:38+00:00,2026-01-06 08:18:41.089080+00:00,758.0,3222.711,3222.31,3222.93,ETH
2026-01-06 08:12:39+00:00,2026-01-06 08:18:42.087418+00:00,759.0,3222.751,3222.39,3222.92,ETH
2026-01-06 08:12:40+00:00,2026-01-06 08:18:43.099943+00:00,760.0,3222.751,3222.39,3222.93,ETH
2026-01-06 08:12:41+00:00,2026-01-06 08:18:44.147616+00:00,761.0,3222.751,3222.39,3222.94,ETH
2026-01-06 08:12:42+00:00,2026-01-06 08:18:45.156383+00:00,762.0,3222.741,3222.39,3222.93,ETH
2026-01-06 08:12:43+00:00,2026-01-06 08:18:46.207254+00:00,763.0,3222.741,3222.37,3222.89,ETH
2026-01-06 08:12:44+00:00,2026-01-06 08:18:47.197551+00:00,764.0,3222.741,3222.37,3222.91,ETH
2026-01-06 08:12:45+00:00,2026-01-06 08:18:48.199065+00:00,765.0,3222.741,3222.37,3222.91,ETH
2026-01-06 08:12:46+00:00,2026-01-06 08:18:49.216982+00:00,766.0,3222.741,3222.36,3222.91,ETH
2026-01-06 08:12:47+00:00,2026-01-06 08:18:50.222045+00:00,767.0,3222.741,3222.34,3222.93,ETH
2026-01-06 08:12:48+00:00,2026-01-06 08:18:51.226896+00:00,768.0,3222.741,3222.33,3222.94,ETH
2026-01-06 08:12:49+00:00,2026-01-06 08:18:52.231883+00:00,769.0,3222.741,3222.33,3222.93,ETH
2026-01-06 08:12:50+00:00,2026-01-06 08:18:53.248517+00:00,770.0,3222.811,3222.41,3222.94,ETH
2026-01-06 08:12:51+00:00,2026-01-06 08:18:54.265893+00:00,771.0,3222.881,3222.48,3222.97,ETH
2026-01-06 08:12:52+00:00,2026-01-06 08:18:55.267941+00:00,772.0,3222.721,3222.43,3222.99,ETH
2026-01-06 08:12:53+00:00,2026-01-06 08:18:56.270520+00:00,773.0,3222.721,3222.43,3222.96,ETH
2026-01-06 08:12:54+00:00,2026-01-06 08:18:57.280495+00:00,774.0,3222.721,3222.41,3222.9,ETH
2026-01-06 08:12:55+00:00,2026-01-06 08:18:58.302469+00:00,775.0,3222.721,3222.42,3222.91,ETH
2026-01-06 08:12:56+00:00,2026-01-06 08:18:59.305443+00:00,776.0,3222.721,3222.42,3222.87,ETH
2026-01-06 08:12:57+00:00,2026-01-06 08:19:00.314958+00:00,777.0,3222.721,3222.42,3222.8,ETH
2026-01-06 08:12:58+00:00,2026-01-06 08:19:01.322898+00:00,778.0,3222.721,3222.42,3222.92,ETH
2026-01-06 08:12:59+00:00,2026-01-06 08:19:02.315899+00:00,779.0,3222.721,3222.47,3222.91,ETH
2026-01-06 08:13:00+00:00,2026-01-06 08:19:03.328450+00:00,780.0,3222.721,3222.47,3222.91,ETH
2026-01-06 08:13:01+00:00,2026-01-06 08:19:04.336590+00:00,781.0,3222.721,3222.42,3222.9,ETH
2026-01-06 08:13:02+00:00,2026-01-06 08:19:05.340045+00:00,782.0,3222.501,3222.41,3222.59,ETH
2026-01-06 08:13:03+00:00,2026-01-06 08:19:06.349580+00:00,783.0,3222.441,3222.09,3222.5,ETH
2026-01-06 08:13:04+00:00,2026-01-06 08:19:07.355224+00:00,784.0,3222.441,3222.09,3222.48,ETH
2026-01-06 08:13:05+00:00,2026-01-06 08:19:08.350734+00:00,785.0,3222.111,3222.03,3222.17,ETH
2026-01-06 08:13:06+00:00,2026-01-06 08:19:09.367723+00:00,786.0,3221.901,3221.67,3222.03,ETH
2026-01-06 08:13:07+00:00,2026-01-06 08:19:10.354942+00:00,787.0,3221.731,3221.52,3221.96,ETH
2026-01-06 08:13:08+00:00,2026-01-06 08:19:11.369328+00:00,788.0,3221.711,3221.49,3222.02,ETH
2026-01-06 08:13:09+00:00,2026-01-06 08:19:12.371742+00:00,789.0,3221.701,3221.48,3221.94,ETH
2026-01-06 08:13:10+00:00,2026-01-06 08:19:13.368533+00:00,790.0,3221.681,3221.48,3221.92,ETH
2026-01-06 08:13:11+00:00,2026-01-06 08:19:14.370193+00:00,791.0,3221.671,3221.47,3221.87,ETH
2026-01-06 08:13:12+00:00,2026-01-06 08:19:15.381868+00:00,792.0,3221.671,3221.47,3221.81,ETH
2026-01-06 08:13:13+00:00,2026-01-06 08:19:16.385871+00:00,793.0,3221.671,3221.45,3221.77,ETH
2026-01-06 08:13:14+00:00,2026-01-06 08:19:17.414277+00:00,794.0,3221.671,3221.45,3221.78,ETH
2026-01-06 08:13:15+00:00,2026-01-06 08:19:18.400086+00:00,795.0,3221.671,3221.45,3221.77,ETH
2026-01-06 08:13:16+00:00,2026-01-06 08:19:19.398051+00:00,796.0,3221.671,3221.45,3221.79,ETH
2026-01-06 08:13:17+00:00,2026-01-06 08:19:20.401185+00:00,797.0,3221.511,3221.46,3221.56,ETH
2026-01-06 08:13:18+00:00,2026-01-06 08:19:21.410163+00:00,798.0,3221.521,3221.32,3221.57,ETH
2026-01-06 08:13:19+00:00,2026-01-06 08:19:22.416528+00:00,799.0,3221.541,3221.32,3221.72,ETH
2026-01-06 08:13:20+00:00,2026-01-06 08:19:23.429029+00:00,800.0,3221.541,3221.33,3221.6,ETH
2026-01-06 08:13:21+00:00,2026-01-06 08:19:24.428729+00:00,801.0,3221.541,3221.34,3221.58,ETH
2026-01-06 08:13:22+00:00,2026-01-06 08:19:25.452579+00:00,802.0,3221.511,3221.33,3221.54,ETH
2026-01-06 08:13:23+00:00,2026-01-06 08:19:26.455038+00:00,803.0,3221.171,3220.88,3221.54,ETH
2026-01-06 08:13:24+00:00,2026-01-06 08:19:27.464744+00:00,804.0,3221.031,3220.76,3221.12,ETH
2026-01-06 08:13:25+00:00,2026-01-06 08:19:28.499619+00:00,805.0,3221.001,3220.75,3221.04,ETH
2026-01-06 08:13:26+00:00,2026-01-06 08:19:29.501166+00:00,806.0,3221.011,3220.75,3221.05,ETH
2026-01-06 08:13:27+00:00,2026-01-06 08:19:30.527961+00:00,807.0,3221.011,3220.77,3221.05,ETH
2026-01-06 08:13:28+00:00,2026-01-06 08:19:31.518723+00:00,808.0,3221.011,3220.77,3221.05,ETH
2026-01-06 08:13:29+00:00,2026-01-06 08:19:32.519838+00:00,809.0,3221.011,3220.76,3221.05,ETH
2026-01-06 08:13:30+00:00,2026-01-06 08:19:33.515628+00:00,810.0,3221.021,3220.77,3221.06,ETH
2026-01-06 08:13:31+00:00,2026-01-06 08:19:34.517782+00:00,811.0,3220.731,3220.64,3220.8,ETH
2026-01-06 08:13:32+00:00,2026-01-06 08:19:35.515463+00:00,812.0,3220.341,3220.16,3220.72,ETH
2026-01-06 08:13:33+00:00,2026-01-06 08:19:36.516847+00:00,813.0,3220.321,3219.99,3220.52,ETH
2026-01-06 08:13:34+00:00,2026-01-06 08:19:37.533075+00:00,814.0,3220.301,3219.97,3220.34,ETH
2026-01-06 08:13:35+00:00,2026-01-06 08:19:38.554350+00:00,815.0,3220.151,3219.97,3220.21,ETH
2026-01-06 08:13:36+00:00,2026-01-06 08:19:39.568787+00:00,816.0,3220.821,3220.6,3220.83,ETH
2026-01-06 08:13:37+00:00,2026-01-06 08:19:40.581129+00:00,817.0,3220.761,3220.62,3220.83,ETH
2026-01-06 08:13:38+00:00,2026-01-06 08:19:41.582707+00:00,818.0,3220.511,3220.37,3220.58,ETH
2026-01-06 08:13:39+00:00,2026-01-06 08:19:42.588532+00:00,819.0,3220.511,3220.37,3220.58,ETH
2026-01-06 08:13:40+00:00,2026-01-06 08:19:44.583359+00:00,820.0,3220.501,3220.33,3220.57,ETH
2026-01-06 08:13:41+00:00,2026-01-06 08:19:45.572778+00:00,821.0,3220.391,3220.24,3220.52,ETH
2026-01-06 08:13:42+00:00,2026-01-06 08:19:46.598775+00:00,822.0,3220.281,3220.17,3220.5,ETH
2026-01-06 08:13:43+00:00,2026-01-06 08:19:47.620154+00:00,823.0,3220.281,3220.14,3220.5,ETH
2026-01-06 08:13:44+00:00,2026-01-06 08:19:48.630143+00:00,824.0,3220.271,3220.14,3220.5,ETH
2026-01-06 08:13:45+00:00,2026-01-06 08:19:49.626518+00:00,825.0,3220.151,3220.02,3220.42,ETH
2026-01-06 08:13:46+00:00,2026-01-06 08:19:50.630076+00:00,826.0,3219.981,3219.9,3220.35,ETH
2026-01-06 08:13:47+00:00,2026-01-06 08:19:51.646397+00:00,827.0,3219.931,3219.89,3220.27,ETH
2026-01-06 08:13:48+00:00,2026-01-06 08:19:52.661675+00:00,828.0,3219.991,3219.87,3220.2,ETH
2026-01-06 08:13:49+00:00,2026-01-06 08:19:53.666254+00:00,829.0,3219.981,3219.86,3220.13,ETH
2026-01-06 08:13:50+00:00,2026-01-06 08:19:54.678283+00:00,830.0,3219.981,3219.87,3220.1,ETH
2026-01-06 08:13:52+00:00,2026-01-06 08:19:55.716976+00:00,832.0,3220.051,3219.86,3220.11,ETH
2026-01-06 08:13:53+00:00,2026-01-06 08:19:56.759093+00:00,833.0,3219.981,3219.84,3220.06,ETH
2026-01-06 08:13:54+00:00,2026-01-06 08:19:57.730143+00:00,834.0,3219.981,3219.81,3220.06,ETH
2026-01-06 08:13:55+00:00,2026-01-06 08:19:58.734549+00:00,835.0,3219.981,3219.78,3220.06,ETH
2026-01-06 08:13:56+00:00,2026-01-06 08:19:59.734431+00:00,836.0,3220.051,3219.86,3220.13,ETH
2026-01-06 08:13:57+00:00,2026-01-06 08:20:00.735532+00:00,837.0,3219.911,3219.86,3220.05,ETH
2026-01-06 08:13:58+00:00,2026-01-06 08:20:01.750572+00:00,838.0,3220.471,3220.16,3220.48,ETH
2026-01-06 08:13:59+00:00,2026-01-06 08:20:02.737968+00:00,839.0,3220.471,3220.17,3220.51,ETH
2026-01-06 08:14:00+00:00,2026-01-06 08:20:03.751172+00:00,840.0,3220.461,3220.17,3220.49,ETH
2026-01-06 08:14:01+00:00,2026-01-06 08:20:04.751245+00:00,841.0,3220.341,3220.17,3220.48,ETH
2026-01-06 08:14:02+00:00,2026-01-06 08:20:05.768137+00:00,842.0,3220.621,3220.26,3220.8,ETH
2026-01-06 08:14:03+00:00,2026-01-06 08:20:06.765054+00:00,843.0,3220.591,3220.29,3220.78,ETH
2026-01-06 08:14:04+00:00,2026-01-06 08:20:08.792752+00:00,844.0,3220.981,3220.7,3221.09,ETH
2026-01-06 08:14:05+00:00,2026-01-06 08:20:09.762469+00:00,845.0,3221.401,3221.09,3221.48,ETH
2026-01-06 08:14:06+00:00,2026-01-06 08:20:10.766996+00:00,846.0,3221.401,3221.07,3221.49,ETH
2026-01-06 08:14:07+00:00,2026-01-06 08:20:11.774924+00:00,847.0,3221.401,3221.08,3221.49,ETH
2026-01-06 08:14:08+00:00,2026-01-06 08:20:12.777473+00:00,848.0,3221.401,3221.07,3221.52,ETH
2026-01-06 08:14:09+00:00,2026-01-06 08:20:13.778426+00:00,849.0,3221.251,3221.04,3221.51,ETH
2026-01-06 08:14:10+00:00,2026-01-06 08:20:14.795344+00:00,850.0,3221.011,3220.86,3221.24,ETH
2026-01-06 08:14:11+00:00,2026-01-06 08:20:15.796857+00:00,851.0,3220.931,3220.71,3221.03,ETH
2026-01-06 08:14:12+00:00,2026-01-06 08:20:16.802466+00:00,852.0,3221.011,3220.75,3221.12,ETH
2026-01-06 08:14:13+00:00,2026-01-06 08:20:17.808003+00:00,853.0,3221.101,3220.81,3221.19,ETH
2026-01-06 08:14:14+00:00,2026-01-06 08:20:18.816598+00:00,854.0,3221.141,3220.84,3221.24,ETH
2026-01-06 08:14:15+00:00,2026-01-06 08:20:19.811577+00:00,855.0,3221.191,3220.87,3221.37,ETH
2026-01-06 08:14:16+00:00,2026-01-06 08:20:20.815636+00:00,856.0,3221.231,3220.94,3221.49,ETH
2026-01-06 08:14:17+00:00,2026-01-06 08:20:21.817090+00:00,857.0,3221.231,3220.95,3221.43,ETH
2026-01-06 08:14:18+00:00,2026-01-06 08:20:22.810339+00:00,858.0,3221.231,3220.92,3221.35,ETH
2026-01-06 08:14:19+00:00,2026-01-06 08:20:23.865665+00:00,859.0,3221.231,3220.92,3221.37,ETH
2026-01-06 08:14:20+00:00,2026-01-06 08:20:24.861958+00:00,860.0,3221.231,3220.92,3221.39,ETH
2026-01-06 08:14:21+00:00,2026-01-06 08:20:25.864873+00:00,861.0,3221.231,3220.92,3221.39,ETH
2026-01-06 08:14:22+00:00,2026-01-06 08:20:26.862852+00:00,862.0,3221.241,3220.92,3221.4,ETH
2026-01-06 08:14:23+00:00,2026-01-06 08:20:27.874041+00:00,863.0,3221.231,3220.92,3221.39,ETH
2026-01-06 08:14:24+00:00,2026-01-06 08:20:28.879702+00:00,864.0,3221.231,3220.92,3221.39,ETH
2026-01-06 08:14:25+00:00,2026-01-06 08:20:29.865135+00:00,865.0,3221.121,3220.88,3221.31,ETH
2026-01-06 08:14:26+00:00,2026-01-06 08:20:30.882095+00:00,866.0,3220.831,3220.62,3220.97,ETH
2026-01-06 08:14:27+00:00,2026-01-06 08:20:31.861713+00:00,867.0,3220.501,3220.34,3220.71,ETH
2026-01-06 08:14:28+00:00,2026-01-06 08:20:32.876335+00:00,868.0,3220.361,3220.28,3220.72,ETH
2026-01-06 08:14:29+00:00,2026-01-06 08:20:33.878365+00:00,869.0,3220.361,3220.23,3220.57,ETH
2026-01-06 08:14:30+00:00,2026-01-06 08:20:34.864843+00:00,870.0,3220.361,3220.23,3220.48,ETH
2026-01-06 08:14:31+00:00,2026-01-06 08:20:35.887187+00:00,871.0,3220.351,3220.19,3220.44,ETH
2026-01-06 08:14:32+00:00,2026-01-06 08:20:36.895663+00:00,872.0,3220.351,3220.17,3220.46,ETH
2026-01-06 08:14:33+00:00,2026-01-06 08:20:37.926539+00:00,873.0,3220.351,3220.16,3220.43,ETH
2026-01-06 08:14:34+00:00,2026-01-06 08:20:38.928874+00:00,874.0,3220.351,3220.15,3220.43,ETH
2026-01-06 08:14:35+00:00,2026-01-06 08:20:39.931547+00:00,875.0,3220.351,3220.11,3220.41,ETH
2026-01-06 08:14:36+00:00,2026-01-06 08:20:40.935447+00:00,876.0,3220.351,3220.1,3220.4,ETH
2026-01-06 08:14:37+00:00,2026-01-06 08:20:41.944412+00:00,877.0,3220.261,3220.1,3220.35,ETH
2026-01-06 08:14:38+00:00,2026-01-06 08:20:42.955279+00:00,878.0,3220.351,3220.1,3220.38,ETH
2026-01-06 08:14:39+00:00,2026-01-06 08:20:43.962285+00:00,879.0,3220.261,3220.1,3220.35,ETH
2026-01-06 08:14:40+00:00,2026-01-06 08:20:44.978169+00:00,880.0,3220.241,3220.1,3220.35,ETH
2026-01-06 08:14:41+00:00,2026-01-06 08:20:45.965601+00:00,881.0,3220.251,3220.1,3220.35,ETH
2026-01-06 08:14:42+00:00,2026-01-06 08:20:47.014993+00:00,882.0,3220.211,3220.1,3220.35,ETH
2026-01-06 08:14:43+00:00,2026-01-06 08:20:48.013746+00:00,883.0,3220.191,3220.07,3220.35,ETH
2026-01-06 08:14:44+00:00,2026-01-06 08:20:49.028614+00:00,884.0,3220.241,3220.09,3220.35,ETH
2026-01-06 08:14:45+00:00,2026-01-06 08:20:50.044069+00:00,885.0,3220.201,3220.09,3220.35,ETH
2026-01-06 08:14:46+00:00,2026-01-06 08:20:51.043513+00:00,886.0,3220.351,3220.11,3220.45,ETH
2026-01-06 08:14:47+00:00,2026-01-06 08:20:52.163773+00:00,887.0,3220.251,3220.09,3220.35,ETH
2026-01-06 08:14:48+00:00,2026-01-06 08:20:53.154140+00:00,888.0,3220.241,3220.09,3220.35,ETH
2026-01-06 08:14:49+00:00,2026-01-06 08:20:54.236942+00:00,889.0,3220.241,3220.09,3220.35,ETH
2026-01-06 08:14:50+00:00,2026-01-06 08:20:55.235021+00:00,890.0,3220.291,3220.09,3220.42,ETH
2026-01-06 08:14:51+00:00,2026-01-06 08:20:56.225778+00:00,891.0,3220.351,3220.09,3220.45,ETH
2026-01-06 08:14:52+00:00,2026-01-06 08:20:57.215952+00:00,892.0,3220.351,3220.09,3220.42,ETH
2026-01-06 08:14:53+00:00,2026-01-06 08:20:58.230260+00:00,893.0,3220.261,3220.09,3220.35,ETH
2026-01-06 08:14:54+00:00,2026-01-06 08:20:59.248505+00:00,894.0,3220.241,3220.08,3220.35,ETH
2026-01-06 08:14:55+00:00,2026-01-06 08:21:00.255989+00:00,895.0,3220.251,3220.06,3220.35,ETH
2026-01-06 08:14:56+00:00,2026-01-06 08:21:01.269912+00:00,896.0,3220.151,3219.89,3220.2,ETH
2026-01-06 08:14:57+00:00,2026-01-06 08:21:02.273507+00:00,897.0,3220.151,3219.9,3220.2,ETH
2026-01-06 08:14:58+00:00,2026-01-06 08:21:03.277068+00:00,898.0,3220.151,3219.9,3220.2,ETH
2026-01-06 08:14:59+00:00,2026-01-06 08:21:04.338100+00:00,899.0,3219.981,3219.83,3220.13,ETH
