timestamp,collected_at,seconds,up_mid,up_best_bid,up_best_ask,down_mid,down_best_bid,down_best_ask,up_best_bid_size,up_best_ask_size,down_best_bid_size,down_best_ask_size
2026-01-06 08:00:00.694000+00:00,2026-01-06 08:00:00.941226+00:00,0.694,0.525,0.52,0.53,0.475,0.47,0.48,,,,
2026-01-06 08:00:01.806000+00:00,2026-01-06 08:00:01.946273+00:00,1.806,0.525,0.52,0.53,0.475,0.47,0.48,,,,
2026-01-06 08:00:02.760000+00:00,2026-01-06 08:00:02.943679+00:00,2.76,0.525,0.52,0.53,0.475,0.47,0.48,,,,
2026-01-06 08:00:03.794000+00:00,2026-01-06 08:00:03.960261+00:00,3.794,0.54,0.52,0.56,0.4549999999999999,0.44,0.47,,,,
2026-01-06 08:00:04.805000+00:00,2026-01-06 08:00:04.971938+00:00,4.805,0.525,0.52,0.53,0.475,0.47,0.48,,,,
2026-01-06 08:00:05.682000+00:00,2026-01-06 08:00:05.985086+00:00,5.682,0.515,0.51,0.52,0.485,0.48,0.49,,,,
2026-01-06 08:00:06.635000+00:00,2026-01-06 08:00:06.984438+00:00,6.635,0.515,0.51,0.52,0.485,0.48,0.49,,,,
2026-01-06 08:00:07.812000+00:00,2026-01-06 08:00:07.988409+00:00,7.812,0.505,0.5,0.51,0.495,0.49,0.5,,,,
2026-01-06 08:00:08.867000+00:00,2026-01-06 08:00:08.987772+00:00,8.867,0.505,0.5,0.51,0.495,0.49,0.5,,,,
2026-01-06 08:00:09.830000+00:00,2026-01-06 08:00:10.005997+00:00,9.83,0.525,0.52,0.53,0.475,0.47,0.48,,,,
2026-01-06 08:00:10.838000+00:00,2026-01-06 08:00:11.006557+00:00,10.838,0.525,0.52,0.53,0.475,0.47,0.48,,,,
2026-01-06 08:00:11.743000+00:00,2026-01-06 08:00:12.017410+00:00,11.743,0.525,0.52,0.53,0.48,0.47,0.49,,,,
2026-01-06 08:00:12.854000+00:00,2026-01-06 08:00:13.028643+00:00,12.854,0.525,0.52,0.53,0.475,0.47,0.48,,,,
2026-01-06 08:00:13.881000+00:00,2026-01-06 08:00:14.048188+00:00,13.881,0.585,0.58,0.59,0.415,0.41,0.42,,,,
2026-01-06 08:00:14.894000+00:00,2026-01-06 08:00:15.065163+00:00,14.894,0.615,0.61,0.62,0.385,0.38,0.39,,,,
2026-01-06 08:00:15.784000+00:00,2026-01-06 08:00:16.056945+00:00,15.784,0.625,0.62,0.63,0.375,0.37,0.38,,,,
2026-01-06 08:00:16.900000+00:00,2026-01-06 08:00:17.069527+00:00,16.9,0.58,0.57,0.59,0.42,0.41,0.43,,,,
2026-01-06 08:00:17.957000+00:00,2026-01-06 08:00:18.072826+00:00,17.957,0.575,0.57,0.58,0.425,0.42,0.43,,,,
2026-01-06 08:00:18.895000+00:00,2026-01-06 08:00:19.067471+00:00,18.895,0.585,0.58,0.59,0.415,0.41,0.42,,,,
2026-01-06 08:00:19.898000+00:00,2026-01-06 08:00:20.082659+00:00,19.898,0.585,0.58,0.59,0.42,0.41,0.43,,,,
2026-01-06 08:00:20.948000+00:00,2026-01-06 08:00:21.099969+00:00,20.948,0.58,0.57,0.59,0.42,0.41,0.43,,,,
2026-01-06 08:00:21.952000+00:00,2026-01-06 08:00:22.123363+00:00,21.952,0.58,0.57,0.59,0.42,0.41,0.43,,,,
2026-01-06 08:00:22.832000+00:00,2026-01-06 08:00:23.125569+00:00,22.832,0.58,0.57,0.59,0.42,0.41,0.43,,,,
2026-01-06 08:00:23.892000+00:00,2026-01-06 08:00:24.127773+00:00,23.892,0.585,0.58,0.59,0.415,0.41,0.42,,,,
2026-01-06 08:00:24.981000+00:00,2026-01-06 08:00:25.135811+00:00,24.981,0.585,0.58,0.59,0.415,0.41,0.42,,,,
2026-01-06 08:00:25.801000+00:00,2026-01-06 08:00:26.140039+00:00,25.801,0.595,0.59,0.6,0.405,0.4,0.41,,,,
2026-01-06 08:00:26.829000+00:00,2026-01-06 08:00:27.149504+00:00,26.829,0.595,0.59,0.6,0.405,0.4,0.41,,,,
2026-01-06 08:00:27.966000+00:00,2026-01-06 08:00:28.163927+00:00,27.966,0.595,0.59,0.6,0.405,0.4,0.41,,,,
2026-01-06 08:00:28.983000+00:00,2026-01-06 08:00:29.159322+00:00,28.983,0.605,0.6,0.61,0.395,0.39,0.4,,,,
2026-01-06 08:00:29.949000+00:00,2026-01-06 08:00:30.149894+00:00,29.949,0.625,0.62,0.63,0.375,0.37,0.38,,,,
2026-01-06 08:00:30.988000+00:00,2026-01-06 08:00:31.157637+00:00,30.988,0.625,0.62,0.63,0.365,0.36,0.37,,,,
2026-01-06 08:00:32.032000+00:00,2026-01-06 08:00:32.178065+00:00,32.032,0.635,0.63,0.64,0.365,0.36,0.37,,,,
2026-01-06 08:00:33.029000+00:00,2026-01-06 08:00:33.187610+00:00,33.029,0.635,0.63,0.64,0.365,0.36,0.37,,,,
2026-01-06 08:00:34.001000+00:00,2026-01-06 08:00:34.191741+00:00,34.001,0.645,0.64,0.65,0.355,0.35,0.36,,,,
2026-01-06 08:00:35.020000+00:00,2026-01-06 08:00:35.191192+00:00,35.02,0.655,0.65,0.66,0.345,0.34,0.35,,,,
2026-01-06 08:00:36.042000+00:00,2026-01-06 08:00:36.212980+00:00,36.042,0.685,0.68,0.69,0.315,0.31,0.32,,,,
2026-01-06 08:00:37.057000+00:00,2026-01-06 08:00:37.222020+00:00,37.057,0.675,0.67,0.68,0.35,0.34,0.36,,,,
2026-01-06 08:00:38.059000+00:00,2026-01-06 08:00:38.225151+00:00,38.059,0.625,0.62,0.63,0.375,0.37,0.38,,,,
2026-01-06 08:00:39.017000+00:00,2026-01-06 08:00:39.230722+00:00,39.017,0.625,0.62,0.63,0.375,0.37,0.38,,,,
2026-01-06 08:00:40.071000+00:00,2026-01-06 08:00:40.237933+00:00,40.071,0.625,0.62,0.63,0.365,0.36,0.37,,,,
2026-01-06 08:00:41.075000+00:00,2026-01-06 08:00:41.243863+00:00,41.075,0.645,0.64,0.65,0.355,0.35,0.36,,,,
2026-01-06 08:00:42.097000+00:00,2026-01-06 08:00:42.261417+00:00,42.097,0.635,0.63,0.64,0.365,0.36,0.37,,,,
2026-01-06 08:00:43.083000+00:00,2026-01-06 08:00:43.265264+00:00,43.083,0.605,0.6,0.61,0.385,0.38,0.39,,,,
2026-01-06 08:00:44.035000+00:00,2026-01-06 08:00:44.268425+00:00,44.035,0.62,0.61,0.63,0.38,0.37,0.39,,,,
2026-01-06 08:00:45.112000+00:00,2026-01-06 08:00:45.283761+00:00,45.112,0.645,0.64,0.65,0.355,0.35,0.36,,,,
2026-01-06 08:00:46.123000+00:00,2026-01-06 08:00:46.291975+00:00,46.123,0.64,0.63,0.65,0.36,0.35,0.37,,,,
2026-01-06 08:00:47.029000+00:00,2026-01-06 08:00:47.315611+00:00,47.029,0.63,0.62,0.64,0.375,0.37,0.38,,,,
2026-01-06 08:00:48.139000+00:00,2026-01-06 08:00:48.320545+00:00,48.139,0.625,0.62,0.63,0.375,0.37,0.38,,,,
2026-01-06 08:00:49.178000+00:00,2026-01-06 08:00:49.340853+00:00,49.178,0.625,0.62,0.63,0.375,0.37,0.38,,,,
2026-01-06 08:00:50.140000+00:00,2026-01-06 08:00:50.349195+00:00,50.14,0.625,0.62,0.63,0.375,0.37,0.38,,,,
2026-01-06 08:00:51.183000+00:00,2026-01-06 08:00:51.353316+00:00,51.183,0.615,0.61,0.62,0.385,0.38,0.39,,,,
2026-01-06 08:00:52.167000+00:00,2026-01-06 08:00:52.372053+00:00,52.167,0.605,0.6,0.61,0.395,0.39,0.4,,,,
2026-01-06 08:00:53.170000+00:00,2026-01-06 08:00:53.382503+00:00,53.17,0.61,0.6,0.62,0.395,0.39,0.4,,,,
2026-01-06 08:00:54.169000+00:00,2026-01-06 08:00:54.404572+00:00,54.169,0.605,0.6,0.61,0.395,0.39,0.4,,,,
2026-01-06 08:00:55.239000+00:00,2026-01-06 08:00:55.415277+00:00,55.239,0.605,0.6,0.61,0.395,0.39,0.4,,,,
2026-01-06 08:00:56.259000+00:00,2026-01-06 08:00:56.432295+00:00,56.259,0.605,0.6,0.61,0.395,0.39,0.4,,,,
2026-01-06 08:00:57.219000+00:00,2026-01-06 08:00:57.437241+00:00,57.219,0.605,0.6,0.61,0.395,0.39,0.4,,,,
2026-01-06 08:00:58.285000+00:00,2026-01-06 08:00:58.456663+00:00,58.285,0.6,0.59,0.61,0.395,0.39,0.4,,,,
2026-01-06 08:00:59.285000+00:00,2026-01-06 08:00:59.453162+00:00,59.285,0.605,0.6,0.61,0.39,0.38,0.4,,,,
2026-01-06 08:01:00.212000+00:00,2026-01-06 08:01:00.460714+00:00,60.212,0.615,0.61,0.62,0.385,0.38,0.39,,,,
2026-01-06 08:01:01.293000+00:00,2026-01-06 08:01:01.465114+00:00,61.293,0.615,0.61,0.62,0.385,0.38,0.39,,,,
2026-01-06 08:01:02.168000+00:00,2026-01-06 08:01:02.462290+00:00,62.168,0.615,0.61,0.62,0.385,0.38,0.39,,,,
2026-01-06 08:01:03.307000+00:00,2026-01-06 08:01:03.478903+00:00,63.307,0.63,0.62,0.64,0.365,0.36,0.37,,,,
2026-01-06 08:01:04.173000+00:00,2026-01-06 08:01:04.482224+00:00,64.173,0.635,0.63,0.64,0.365,0.36,0.37,,,,
2026-01-06 08:01:05.314000+00:00,2026-01-06 08:01:05.481731+00:00,65.314,0.635,0.63,0.64,0.365,0.36,0.37,,,,
2026-01-06 08:01:06.285000+00:00,2026-01-06 08:01:06.494820+00:00,66.285,0.635,0.63,0.64,0.365,0.36,0.37,,,,
2026-01-06 08:01:07.319000+00:00,2026-01-06 08:01:07.487034+00:00,67.319,0.635,0.63,0.64,0.365,0.36,0.37,,,,
2026-01-06 08:01:08.132000+00:00,2026-01-06 08:01:08.481798+00:00,68.132,0.625,0.62,0.63,0.375,0.37,0.38,,,,
2026-01-06 08:01:09.146000+00:00,2026-01-06 08:01:09.480990+00:00,69.146,0.615,0.61,0.62,0.385,0.38,0.39,,,,
2026-01-06 08:01:10.319000+00:00,2026-01-06 08:01:10.498094+00:00,70.319,0.605,0.6,0.61,0.395,0.39,0.4,,,,
2026-01-06 08:01:11.337000+00:00,2026-01-06 08:01:11.515126+00:00,71.337,0.605,0.6,0.61,0.395,0.39,0.4,,,,
2026-01-06 08:01:12.360000+00:00,2026-01-06 08:01:12.528711+00:00,72.36,0.605,0.6,0.61,0.395,0.39,0.4,,,,
2026-01-06 08:01:13.363000+00:00,2026-01-06 08:01:13.531071+00:00,73.363,0.605,0.6,0.61,0.425,0.42,0.43,,,,
2026-01-06 08:01:14.359000+00:00,2026-01-06 08:01:14.529686+00:00,74.359,0.6,0.59,0.61,0.405,0.4,0.41,,,,
2026-01-06 08:01:15.360000+00:00,2026-01-06 08:01:15.553939+00:00,75.36,0.595,0.59,0.6,0.41,0.4,0.42,,,,
2026-01-06 08:01:16.386000+00:00,2026-01-06 08:01:16.563783+00:00,76.386,0.585,0.58,0.59,0.415,0.41,0.42,,,,
2026-01-06 08:01:17.278000+00:00,2026-01-06 08:01:17.555129+00:00,77.278,0.585,0.58,0.59,0.415,0.41,0.42,,,,
2026-01-06 08:01:18.386000+00:00,2026-01-06 08:01:18.552350+00:00,78.386,0.595,0.59,0.6,0.405,0.4,0.41,,,,
2026-01-06 08:01:19.390000+00:00,2026-01-06 08:01:19.549618+00:00,79.39,0.595,0.59,0.6,0.405,0.4,0.41,,,,
2026-01-06 08:01:20.366000+00:00,2026-01-06 08:01:20.548649+00:00,80.366,0.595,0.59,0.6,0.405,0.4,0.41,,,,
2026-01-06 08:01:21.166000+00:00,2026-01-06 08:01:21.565035+00:00,81.166,0.595,0.59,0.6,0.405,0.4,0.41,,,,
2026-01-06 08:01:22.387000+00:00,2026-01-06 08:01:22.564590+00:00,82.387,0.595,0.59,0.6,0.405,0.4,0.41,,,,
2026-01-06 08:01:23.399000+00:00,2026-01-06 08:01:23.567473+00:00,83.399,0.585,0.58,0.59,0.415,0.41,0.42,,,,
2026-01-06 08:01:24.378000+00:00,2026-01-06 08:01:24.567022+00:00,84.378,0.585,0.58,0.59,0.415,0.41,0.42,,,,
2026-01-06 08:01:25.361000+00:00,2026-01-06 08:01:25.582462+00:00,85.361,0.585,0.58,0.59,0.415,0.41,0.42,,,,
2026-01-06 08:01:26.415000+00:00,2026-01-06 08:01:26.593039+00:00,86.415,0.59,0.58,0.6,0.41,0.4,0.42,,,,
2026-01-06 08:01:27.397000+00:00,2026-01-06 08:01:27.597767+00:00,87.397,0.585,0.58,0.59,0.415,0.41,0.42,,,,
2026-01-06 08:01:28.440000+00:00,2026-01-06 08:01:28.609083+00:00,88.44,0.545,0.54,0.55,0.455,0.45,0.46,,,,
2026-01-06 08:01:29.456000+00:00,2026-01-06 08:01:29.631109+00:00,89.456,0.535,0.53,0.54,0.4649999999999999,0.46,0.47,,,,
2026-01-06 08:01:30.493000+00:00,2026-01-06 08:01:30.643794+00:00,90.493,0.535,0.53,0.54,0.4649999999999999,0.46,0.47,,,,
2026-01-06 08:01:31.480000+00:00,2026-01-06 08:01:31.664217+00:00,91.48,0.515,0.51,0.52,0.485,0.48,0.49,,,,
2026-01-06 08:01:32.492000+00:00,2026-01-06 08:01:32.663578+00:00,92.492,0.515,0.51,0.52,0.485,0.48,0.49,,,,
2026-01-06 08:01:33.489000+00:00,2026-01-06 08:01:33.669486+00:00,93.489,0.505,0.5,0.51,0.495,0.49,0.5,,,,
2026-01-06 08:01:34.356000+00:00,2026-01-06 08:01:34.668094+00:00,94.356,0.505,0.5,0.51,0.495,0.49,0.5,,,,
2026-01-06 08:01:35.502000+00:00,2026-01-06 08:01:35.681386+00:00,95.502,0.495,0.49,0.5,0.505,0.5,0.51,,,,
2026-01-06 08:01:36.498000+00:00,2026-01-06 08:01:36.681324+00:00,96.498,0.505,0.5,0.51,0.495,0.49,0.5,,,,
2026-01-06 08:01:37.516000+00:00,2026-01-06 08:01:37.686102+00:00,97.516,0.53,0.52,0.54,0.4649999999999999,0.46,0.47,,,,
2026-01-06 08:01:38.402000+00:00,2026-01-06 08:01:38.697456+00:00,98.402,0.535,0.53,0.54,0.47,0.46,0.48,,,,
2026-01-06 08:01:39.509000+00:00,2026-01-06 08:01:39.717599+00:00,99.509,0.53,0.52,0.54,0.47,0.46,0.48,,,,
2026-01-06 08:01:40.554000+00:00,2026-01-06 08:01:40.729857+00:00,100.554,0.53,0.52,0.54,0.4649999999999999,0.46,0.47,,,,
2026-01-06 08:01:41.515000+00:00,2026-01-06 08:01:41.727895+00:00,101.515,0.545,0.54,0.55,0.455,0.45,0.46,,,,
2026-01-06 08:01:42.557000+00:00,2026-01-06 08:01:42.726392+00:00,102.557,0.535,0.53,0.54,0.4649999999999999,0.46,0.47,,,,
2026-01-06 08:01:43.396000+00:00,2026-01-06 08:01:43.731113+00:00,103.396,0.53,0.52,0.54,0.47,0.46,0.48,,,,
2026-01-06 08:01:44.255000+00:00,2026-01-06 08:01:44.727453+00:00,104.255,0.53,0.52,0.54,0.47,0.46,0.48,,,,
2026-01-06 08:01:45.579000+00:00,2026-01-06 08:01:45.747389+00:00,105.579,0.52,0.51,0.53,0.475,0.47,0.48,,,,
2026-01-06 08:01:46.566000+00:00,2026-01-06 08:01:46.747108+00:00,106.566,0.53,0.52,0.54,0.47,0.46,0.48,,,,
2026-01-06 08:01:47.586000+00:00,2026-01-06 08:01:47.764420+00:00,107.586,0.53,0.52,0.54,0.47,0.46,0.48,,,,
2026-01-06 08:01:48.281000+00:00,2026-01-06 08:01:48.770751+00:00,108.281,0.525,0.52,0.53,0.475,0.47,0.48,,,,
2026-01-06 08:01:49.497000+00:00,2026-01-06 08:01:49.783986+00:00,109.497,0.515,0.51,0.52,0.485,0.48,0.49,,,,
2026-01-06 08:01:50.608000+00:00,2026-01-06 08:01:50.798565+00:00,110.608,0.515,0.51,0.52,0.485,0.48,0.49,,,,
2026-01-06 08:01:51.628000+00:00,2026-01-06 08:01:51.795752+00:00,111.628,0.525,0.52,0.53,0.4649999999999999,0.46,0.47,,,,
2026-01-06 08:01:52.586000+00:00,2026-01-06 08:01:52.800366+00:00,112.586,0.535,0.53,0.54,0.475,0.47,0.48,,,,
2026-01-06 08:01:53.638000+00:00,2026-01-06 08:01:53.812782+00:00,113.638,0.525,0.52,0.53,0.48,0.47,0.49,,,,
2026-01-06 08:01:54.545000+00:00,2026-01-06 08:01:54.826544+00:00,114.545,0.515,0.51,0.52,0.485,0.48,0.49,,,,
2026-01-06 08:01:55.677000+00:00,2026-01-06 08:01:55.851351+00:00,115.677,0.515,0.51,0.52,0.485,0.48,0.49,,,,
2026-01-06 08:01:56.633000+00:00,2026-01-06 08:01:56.869245+00:00,116.633,0.495,0.49,0.5,0.5,0.49,0.51,,,,
2026-01-06 08:01:57.687000+00:00,2026-01-06 08:01:57.878606+00:00,117.687,0.5,0.49,0.51,0.5,0.49,0.51,,,,
2026-01-06 08:01:58.708000+00:00,2026-01-06 08:01:58.878340+00:00,118.708,0.515,0.5,0.53,0.485,0.47,0.5,,,,
2026-01-06 08:01:59.707000+00:00,2026-01-06 08:01:59.893912+00:00,119.707,0.535,0.53,0.54,0.4649999999999999,0.46,0.47,,,,
2026-01-06 08:02:00.746000+00:00,2026-01-06 08:02:00.914951+00:00,120.746,0.535,0.53,0.54,0.4649999999999999,0.46,0.47,,,,
2026-01-06 08:02:01.750000+00:00,2026-01-06 08:02:01.923918+00:00,121.75,0.52,0.51,0.53,0.485,0.48,0.49,,,,
2026-01-06 08:02:02.723000+00:00,2026-01-06 08:02:02.918360+00:00,122.723,0.505,0.5,0.51,0.495,0.49,0.5,,,,
2026-01-06 08:02:03.743000+00:00,2026-01-06 08:02:03.929966+00:00,123.743,0.505,0.5,0.51,0.495,0.49,0.5,,,,
2026-01-06 08:02:04.776000+00:00,2026-01-06 08:02:04.947871+00:00,124.776,0.505,0.5,0.51,0.495,0.49,0.5,,,,
2026-01-06 08:02:05.784000+00:00,2026-01-06 08:02:05.961320+00:00,125.784,0.535,0.53,0.54,0.455,0.45,0.46,,,,
2026-01-06 08:02:06.797000+00:00,2026-01-06 08:02:06.962514+00:00,126.797,0.565,0.56,0.57,0.435,0.43,0.44,,,,
2026-01-06 08:02:07.838000+00:00,2026-01-06 08:02:07.981404+00:00,127.838,0.575,0.57,0.58,0.425,0.42,0.43,,,,
2026-01-06 08:02:08.828000+00:00,2026-01-06 08:02:08.995841+00:00,128.828,0.595,0.59,0.6,0.395,0.39,0.4,,,,
2026-01-06 08:02:09.802000+00:00,2026-01-06 08:02:09.995728+00:00,129.802,0.61,0.6,0.62,0.385,0.38,0.39,,,,
2026-01-06 08:02:10.806000+00:00,2026-01-06 08:02:11.010463+00:00,130.806,0.625,0.62,0.63,0.375,0.37,0.38,,,,
2026-01-06 08:02:11.844000+00:00,2026-01-06 08:02:12.017455+00:00,131.844,0.625,0.62,0.63,0.365,0.36,0.37,,,,
2026-01-06 08:02:12.863000+00:00,2026-01-06 08:02:13.035825+00:00,132.863,0.645,0.64,0.65,0.355,0.35,0.36,,,,
2026-01-06 08:02:13.876000+00:00,2026-01-06 08:02:14.053827+00:00,133.876,0.645,0.64,0.65,0.355,0.35,0.36,,,,
2026-01-06 08:02:14.755000+00:00,2026-01-06 08:02:15.068966+00:00,134.755,0.645,0.64,0.65,0.355,0.35,0.36,,,,
2026-01-06 08:02:15.907000+00:00,2026-01-06 08:02:16.096908+00:00,135.907,0.645,0.64,0.65,0.355,0.35,0.36,,,,
2026-01-06 08:02:16.938000+00:00,2026-01-06 08:02:17.116827+00:00,136.938,0.645,0.64,0.65,0.355,0.35,0.36,,,,
2026-01-06 08:02:17.937000+00:00,2026-01-06 08:02:18.129193+00:00,137.937,0.62,0.61,0.63,0.38,0.37,0.39,,,,
2026-01-06 08:02:18.967000+00:00,2026-01-06 08:02:19.145437+00:00,138.967,0.63,0.62,0.64,0.365,0.36,0.37,,,,
2026-01-06 08:02:19.983000+00:00,2026-01-06 08:02:20.153516+00:00,139.983,0.645,0.64,0.65,0.355,0.35,0.36,,,,
2026-01-06 08:02:21.971000+00:00,2026-01-06 08:02:22.161969+00:00,141.971,0.625,0.62,0.63,0.375,0.37,0.38,,,,
2026-01-06 08:02:23.013000+00:00,2026-01-06 08:02:23.179150+00:00,143.013,0.645,0.64,0.65,0.355,0.35,0.36,,,,
2026-01-06 08:02:24.009000+00:00,2026-01-06 08:02:24.184559+00:00,144.009,0.645,0.64,0.65,0.355,0.35,0.36,,,,
2026-01-06 08:02:25.015000+00:00,2026-01-06 08:02:25.181499+00:00,145.015,0.635,0.63,0.64,0.365,0.36,0.37,,,,
2026-01-06 08:02:26.028000+00:00,2026-01-06 08:02:26.197640+00:00,146.028,0.625,0.62,0.63,0.375,0.37,0.38,,,,
2026-01-06 08:02:27.035000+00:00,2026-01-06 08:02:27.211465+00:00,147.035,0.595,0.59,0.6,0.405,0.4,0.41,,,,
2026-01-06 08:02:28.961000+00:00,2026-01-06 08:02:29.208416+00:00,148.961,0.59,0.58,0.6,0.405,0.4,0.41,,,,
2026-01-06 08:02:30.052000+00:00,2026-01-06 08:02:30.228670+00:00,150.052,0.61,0.6,0.62,0.385,0.38,0.39,,,,
2026-01-06 08:02:31.053000+00:00,2026-01-06 08:02:31.233010+00:00,151.053,0.64,0.63,0.65,0.36,0.35,0.37,,,,
2026-01-06 08:02:32.098000+00:00,2026-01-06 08:02:32.253965+00:00,152.098,0.645,0.64,0.65,0.355,0.35,0.36,,,,
2026-01-06 08:02:33.089000+00:00,2026-01-06 08:02:33.259276+00:00,153.089,0.665,0.66,0.67,0.325,0.32,0.33,,,,
2026-01-06 08:02:34.047000+00:00,2026-01-06 08:02:34.250206+00:00,154.047,0.675,0.67,0.68,0.325,0.32,0.33,,,,
2026-01-06 08:02:35.081000+00:00,2026-01-06 08:02:35.258211+00:00,155.081,0.67,0.66,0.68,0.335,0.33,0.34,,,,
2026-01-06 08:02:36.087000+00:00,2026-01-06 08:02:36.273790+00:00,156.087,0.665,0.66,0.67,0.335,0.33,0.34,,,,
2026-01-06 08:02:37.106000+00:00,2026-01-06 08:02:37.278670+00:00,157.106,0.675,0.67,0.68,0.325,0.32,0.33,,,,
2026-01-06 08:02:38.102000+00:00,2026-01-06 08:02:38.278165+00:00,158.102,0.665,0.66,0.67,0.335,0.33,0.34,,,,
2026-01-06 08:02:39.091000+00:00,2026-01-06 08:02:39.283435+00:00,159.091,0.655,0.65,0.66,0.345,0.34,0.35,,,,
2026-01-06 08:02:40.097000+00:00,2026-01-06 08:02:40.298259+00:00,160.097,0.655,0.65,0.66,0.345,0.34,0.35,,,,
2026-01-06 08:02:41.166000+00:00,2026-01-06 08:02:41.310931+00:00,161.166,0.66,0.65,0.67,0.335,0.33,0.34,,,,
2026-01-06 08:02:42.141000+00:00,2026-01-06 08:02:42.313649+00:00,162.141,0.665,0.66,0.67,0.335,0.33,0.34,,,,
2026-01-06 08:02:43.141000+00:00,2026-01-06 08:02:43.325915+00:00,163.141,0.695,0.69,0.7,0.305,0.3,0.31,,,,
2026-01-06 08:02:44.163000+00:00,2026-01-06 08:02:44.334333+00:00,164.163,0.695,0.69,0.7,0.305,0.3,0.31,,,,
2026-01-06 08:02:45.147000+00:00,2026-01-06 08:02:45.342416+00:00,165.147,0.6799999999999999,0.67,0.69,0.325,0.32,0.33,,,,
2026-01-06 08:02:46.190000+00:00,2026-01-06 08:02:46.359608+00:00,166.19,0.675,0.67,0.68,0.35,0.34,0.36,,,,
2026-01-06 08:02:47.195000+00:00,2026-01-06 08:02:47.365860+00:00,167.195,0.655,0.65,0.66,0.345,0.34,0.35,,,,
2026-01-06 08:02:48.213000+00:00,2026-01-06 08:02:48.375774+00:00,168.213,0.67,0.66,0.68,0.325,0.32,0.33,,,,
2026-01-06 08:02:49.217000+00:00,2026-01-06 08:02:49.384735+00:00,169.217,0.675,0.67,0.68,0.325,0.32,0.33,,,,
2026-01-06 08:02:50.197000+00:00,2026-01-06 08:02:50.379822+00:00,170.197,0.675,0.67,0.68,0.325,0.32,0.33,,,,
2026-01-06 08:02:51.171000+00:00,2026-01-06 08:02:51.405225+00:00,171.171,0.675,0.67,0.68,0.325,0.32,0.33,,,,
2026-01-06 08:02:52.224000+00:00,2026-01-06 08:02:52.414189+00:00,172.224,0.685,0.68,0.69,0.315,0.31,0.32,,,,
2026-01-06 08:02:53.265000+00:00,2026-01-06 08:02:53.424131+00:00,173.265,0.695,0.69,0.7,0.305,0.3,0.31,,,,
2026-01-06 08:02:54.188000+00:00,2026-01-06 08:02:54.435650+00:00,174.188,0.71,0.7,0.72,0.29,0.28,0.3,,,,
2026-01-06 08:02:55.260000+00:00,2026-01-06 08:02:55.449193+00:00,175.26,0.715,0.71,0.72,0.285,0.28,0.29,,,,
2026-01-06 08:02:56.294000+00:00,2026-01-06 08:02:56.477774+00:00,176.294,0.715,0.71,0.72,0.285,0.28,0.29,,,,
2026-01-06 08:02:57.319000+00:00,2026-01-06 08:02:57.497580+00:00,177.319,0.715,0.71,0.72,0.285,0.28,0.29,,,,
2026-01-06 08:02:58.290000+00:00,2026-01-06 08:02:58.494285+00:00,178.29,0.71,0.7,0.72,0.295,0.29,0.3,,,,
2026-01-06 08:02:59.172000+00:00,2026-01-06 08:02:59.494321+00:00,179.172,0.71,0.7,0.72,0.29,0.28,0.3,,,,
2026-01-06 08:03:00.333000+00:00,2026-01-06 08:03:00.511119+00:00,180.333,0.72,0.71,0.73,0.28,0.27,0.29,,,,
2026-01-06 08:03:01.362000+00:00,2026-01-06 08:03:01.527031+00:00,181.362,0.705,0.7,0.71,0.295,0.29,0.3,,,,
2026-01-06 08:03:02.373000+00:00,2026-01-06 08:03:02.546134+00:00,182.373,0.705,0.7,0.71,0.295,0.29,0.3,,,,
2026-01-06 08:03:03.384000+00:00,2026-01-06 08:03:03.562282+00:00,183.384,0.665,0.66,0.67,0.335,0.33,0.34,,,,
2026-01-06 08:03:04.379000+00:00,2026-01-06 08:03:04.579044+00:00,184.379,0.665,0.66,0.67,0.335,0.33,0.34,,,,
2026-01-06 08:03:05.422000+00:00,2026-01-06 08:03:05.590786+00:00,185.422,0.665,0.66,0.67,0.3399999999999999,0.33,0.35,,,,
2026-01-06 08:03:06.436000+00:00,2026-01-06 08:03:06.618956+00:00,186.436,0.635,0.63,0.64,0.365,0.36,0.37,,,,
2026-01-06 08:03:07.384000+00:00,2026-01-06 08:03:07.609699+00:00,187.384,0.64,0.63,0.65,0.36,0.35,0.37,,,,
2026-01-06 08:03:08.461000+00:00,2026-01-06 08:03:08.629976+00:00,188.461,0.665,0.66,0.67,0.335,0.33,0.34,,,,
2026-01-06 08:03:09.438000+00:00,2026-01-06 08:03:09.626697+00:00,189.438,0.705,0.7,0.71,0.295,0.29,0.3,,,,
2026-01-06 08:03:10.541000+00:00,2026-01-06 08:03:10.636167+00:00,190.541,0.725,0.72,0.73,0.275,0.27,0.28,,,,
2026-01-06 08:03:11.478000+00:00,2026-01-06 08:03:11.643028+00:00,191.478,0.735,0.73,0.74,0.265,0.26,0.27,,,,
2026-01-06 08:03:12.463000+00:00,2026-01-06 08:03:12.662469+00:00,192.463,0.735,0.73,0.74,0.265,0.26,0.27,,,,
2026-01-06 08:03:13.506000+00:00,2026-01-06 08:03:13.684900+00:00,193.506,0.745,0.74,0.75,0.255,0.25,0.26,,,,
2026-01-06 08:03:14.521000+00:00,2026-01-06 08:03:14.693457+00:00,194.521,0.75,0.74,0.76,0.25,0.24,0.26,,,,
2026-01-06 08:03:15.522000+00:00,2026-01-06 08:03:15.697704+00:00,195.522,0.755,0.75,0.76,0.245,0.24,0.25,,,,
2026-01-06 08:03:16.509000+00:00,2026-01-06 08:03:16.697496+00:00,196.509,0.745,0.74,0.75,0.255,0.25,0.26,,,,
2026-01-06 08:03:17.460000+00:00,2026-01-06 08:03:17.716427+00:00,197.46,0.745,0.74,0.75,0.255,0.25,0.26,,,,
2026-01-06 08:03:18.495000+00:00,2026-01-06 08:03:18.718501+00:00,198.495,0.75,0.74,0.76,0.25,0.24,0.26,,,,
2026-01-06 08:03:19.587000+00:00,2026-01-06 08:03:19.726644+00:00,199.587,0.745,0.74,0.75,0.255,0.25,0.26,,,,
2026-01-06 08:03:20.555000+00:00,2026-01-06 08:03:20.736494+00:00,200.555,0.745,0.74,0.75,0.255,0.25,0.26,,,,
2026-01-06 08:03:21.555000+00:00,2026-01-06 08:03:21.733076+00:00,201.555,0.755,0.75,0.76,0.245,0.24,0.25,,,,
2026-01-06 08:03:22.567000+00:00,2026-01-06 08:03:22.742385+00:00,202.567,0.755,0.75,0.76,0.245,0.24,0.25,,,,
2026-01-06 08:03:23.595000+00:00,2026-01-06 08:03:23.740101+00:00,203.595,0.76,0.75,0.77,0.24,0.23,0.25,,,,
2026-01-06 08:03:24.548000+00:00,2026-01-06 08:03:24.750475+00:00,204.548,0.76,0.75,0.77,0.24,0.23,0.25,,,,
2026-01-06 08:03:25.594000+00:00,2026-01-06 08:03:25.775782+00:00,205.594,0.75,0.74,0.76,0.25,0.24,0.26,,,,
2026-01-06 08:03:26.622000+00:00,2026-01-06 08:03:26.796456+00:00,206.622,0.765,0.76,0.77,0.2299999999999999,0.22,0.24,,,,
2026-01-06 08:03:27.514000+00:00,2026-01-06 08:03:27.799758+00:00,207.514,0.775,0.77,0.78,0.2299999999999999,0.22,0.24,,,,
2026-01-06 08:03:28.638000+00:00,2026-01-06 08:03:28.811407+00:00,208.638,0.77,0.76,0.78,0.2299999999999999,0.22,0.24,,,,
2026-01-06 08:03:29.543000+00:00,2026-01-06 08:03:29.826349+00:00,209.543,0.775,0.77,0.78,0.225,0.22,0.23,,,,
2026-01-06 08:03:30.646000+00:00,2026-01-06 08:03:30.819365+00:00,210.646,0.775,0.77,0.78,0.225,0.22,0.23,,,,
2026-01-06 08:03:31.581000+00:00,2026-01-06 08:03:31.827818+00:00,211.581,0.775,0.77,0.78,0.225,0.22,0.23,,,,
2026-01-06 08:03:32.602000+00:00,2026-01-06 08:03:32.828695+00:00,212.602,0.78,0.77,0.79,0.22,0.21,0.23,,,,
2026-01-06 08:03:33.553000+00:00,2026-01-06 08:03:33.842380+00:00,213.553,0.78,0.77,0.79,0.2299999999999999,0.22,0.24,,,,
2026-01-06 08:03:34.601000+00:00,2026-01-06 08:03:34.861148+00:00,214.601,0.77,0.76,0.78,0.2299999999999999,0.22,0.24,,,,
2026-01-06 08:03:35.705000+00:00,2026-01-06 08:03:35.875402+00:00,215.705,0.72,0.71,0.73,0.28,0.27,0.29,,,,
2026-01-06 08:03:36.704000+00:00,2026-01-06 08:03:36.868449+00:00,216.704,0.72,0.71,0.73,0.285,0.28,0.29,,,,
2026-01-06 08:03:37.673000+00:00,2026-01-06 08:03:37.881911+00:00,217.673,0.705,0.7,0.71,0.3,0.29,0.31,,,,
2026-01-06 08:03:38.706000+00:00,2026-01-06 08:03:38.892020+00:00,218.706,0.705,0.7,0.71,0.29,0.28,0.3,,,,
2026-01-06 08:03:39.743000+00:00,2026-01-06 08:03:39.909015+00:00,219.743,0.72,0.71,0.73,0.275,0.27,0.28,,,,
2026-01-06 08:03:40.759000+00:00,2026-01-06 08:03:40.924118+00:00,220.759,0.755,0.75,0.76,0.245,0.24,0.25,,,,
2026-01-06 08:03:41.738000+00:00,2026-01-06 08:03:41.925324+00:00,221.738,0.755,0.75,0.76,0.245,0.24,0.25,,,,
2026-01-06 08:03:42.786000+00:00,2026-01-06 08:03:42.942522+00:00,222.786,0.735,0.73,0.74,0.265,0.26,0.27,,,,
2026-01-06 08:03:43.783000+00:00,2026-01-06 08:03:43.960622+00:00,223.783,0.6799999999999999,0.67,0.69,0.32,0.31,0.33,,,,
2026-01-06 08:03:44.770000+00:00,2026-01-06 08:03:44.964638+00:00,224.77,0.71,0.7,0.72,0.29,0.28,0.3,,,,
2026-01-06 08:03:45.799000+00:00,2026-01-06 08:03:45.983761+00:00,225.799,0.705,0.7,0.71,0.295,0.29,0.3,,,,
2026-01-06 08:03:46.801000+00:00,2026-01-06 08:03:46.974617+00:00,226.801,0.705,0.7,0.71,0.295,0.29,0.3,,,,
2026-01-06 08:03:47.799000+00:00,2026-01-06 08:03:47.975391+00:00,227.799,0.72,0.71,0.73,0.285,0.28,0.29,,,,
2026-01-06 08:03:48.607000+00:00,2026-01-06 08:03:48.976602+00:00,228.607,0.715,0.71,0.72,0.285,0.28,0.29,,,,
2026-01-06 08:03:49.791000+00:00,2026-01-06 08:03:49.981082+00:00,229.791,0.725,0.72,0.73,0.275,0.27,0.28,,,,
2026-01-06 08:03:50.806000+00:00,2026-01-06 08:03:50.993780+00:00,230.806,0.725,0.72,0.73,0.28,0.27,0.29,,,,
2026-01-06 08:03:51.680000+00:00,2026-01-06 08:03:51.997664+00:00,231.68,0.72,0.71,0.73,0.28,0.27,0.29,,,,
2026-01-06 08:03:52.829000+00:00,2026-01-06 08:03:53.010220+00:00,232.829,0.715,0.71,0.72,0.285,0.28,0.29,,,,
2026-01-06 08:03:53.803000+00:00,2026-01-06 08:03:54.025031+00:00,233.803,0.705,0.7,0.71,0.295,0.29,0.3,,,,
2026-01-06 08:03:54.858000+00:00,2026-01-06 08:03:55.028235+00:00,234.858,0.71,0.7,0.72,0.28,0.27,0.29,,,,
2026-01-06 08:03:55.779000+00:00,2026-01-06 08:03:56.046048+00:00,235.779,0.725,0.72,0.73,0.27,0.26,0.28,,,,
2026-01-06 08:03:56.886000+00:00,2026-01-06 08:03:57.056624+00:00,236.886,0.705,0.7,0.71,0.325,0.32,0.33,,,,
2026-01-06 08:03:57.901000+00:00,2026-01-06 08:03:58.075828+00:00,237.901,0.695,0.69,0.7,0.305,0.3,0.31,,,,
2026-01-06 08:03:58.906000+00:00,2026-01-06 08:03:59.078999+00:00,238.906,0.695,0.69,0.7,0.305,0.3,0.31,,,,
2026-01-06 08:03:59.912000+00:00,2026-01-06 08:04:00.073562+00:00,239.912,0.695,0.69,0.7,0.315,0.31,0.32,,,,
2026-01-06 08:04:00.916000+00:00,2026-01-06 08:04:01.078921+00:00,240.916,0.67,0.66,0.68,0.335,0.33,0.34,,,,
2026-01-06 08:04:01.926000+00:00,2026-01-06 08:04:02.091646+00:00,241.926,0.625,0.62,0.63,0.375,0.37,0.38,,,,
2026-01-06 08:04:02.951000+00:00,2026-01-06 08:04:03.113308+00:00,242.951,0.635,0.63,0.64,0.365,0.36,0.37,,,,
2026-01-06 08:04:03.861000+00:00,2026-01-06 08:04:04.124224+00:00,243.861,0.645,0.64,0.65,0.355,0.35,0.36,,,,
2026-01-06 08:04:04.971000+00:00,2026-01-06 08:04:05.140803+00:00,244.971,0.64,0.63,0.65,0.36,0.35,0.37,,,,
2026-01-06 08:04:05.983000+00:00,2026-01-06 08:04:06.150474+00:00,245.983,0.675,0.66,0.69,0.325,0.32,0.33,,,,
2026-01-06 08:04:06.966000+00:00,2026-01-06 08:04:07.160159+00:00,246.966,0.665,0.66,0.67,0.335,0.33,0.34,,,,
2026-01-06 08:04:07.971000+00:00,2026-01-06 08:04:08.163362+00:00,247.971,0.62,0.61,0.63,0.38,0.37,0.39,,,,
2026-01-06 08:04:08.976000+00:00,2026-01-06 08:04:09.175894+00:00,248.976,0.62,0.61,0.63,0.38,0.37,0.39,,,,
2026-01-06 08:04:09.918000+00:00,2026-01-06 08:04:10.187564+00:00,249.918,0.62,0.61,0.63,0.38,0.37,0.39,,,,
2026-01-06 08:04:10.845000+00:00,2026-01-06 08:04:11.205643+00:00,250.845,0.62,0.61,0.63,0.385,0.38,0.39,,,,
2026-01-06 08:04:12.996000+00:00,2026-01-06 08:04:13.239765+00:00,252.996,0.62,0.61,0.63,0.38,0.37,0.39,,,,
2026-01-06 08:04:14.060000+00:00,2026-01-06 08:04:14.246856+00:00,254.06,0.625,0.62,0.63,0.375,0.37,0.38,,,,
2026-01-06 08:04:15.089000+00:00,2026-01-06 08:04:15.265424+00:00,255.089,0.61,0.6,0.62,0.395,0.39,0.4,,,,
2026-01-06 08:04:16.092000+00:00,2026-01-06 08:04:16.264413+00:00,256.092,0.605,0.6,0.61,0.395,0.39,0.4,,,,
2026-01-06 08:04:17.022000+00:00,2026-01-06 08:04:17.274401+00:00,257.022,0.595,0.59,0.6,0.405,0.4,0.41,,,,
2026-01-06 08:04:18.503000+00:00,2026-01-06 08:04:19.277275+00:00,258.503,0.595,0.59,0.6,0.405,0.4,0.41,,,,
2026-01-06 08:04:20.043000+00:00,2026-01-06 08:04:20.295316+00:00,260.043,0.595,0.59,0.6,0.405,0.4,0.41,,,,
2026-01-06 08:04:21.031000+00:00,2026-01-06 08:04:21.302135+00:00,261.031,0.595,0.59,0.6,0.405,0.4,0.41,,,,
2026-01-06 08:04:22.080000+00:00,2026-01-06 08:04:22.313939+00:00,262.08,0.6,0.59,0.61,0.4,0.39,0.41,,,,
2026-01-06 08:04:23.976000+00:00,2026-01-06 08:04:24.339859+00:00,263.976,0.6,0.59,0.61,0.4,0.39,0.41,,,,
2026-01-06 08:04:25.032000+00:00,2026-01-06 08:04:25.344499+00:00,265.032,0.6,0.59,0.61,0.4,0.39,0.41,,,,
2026-01-06 08:04:26.171000+00:00,2026-01-06 08:04:26.368337+00:00,266.171,0.605,0.6,0.61,0.395,0.39,0.4,,,,
2026-01-06 08:04:27.192000+00:00,2026-01-06 08:04:27.389049+00:00,267.192,0.61,0.6,0.62,0.39,0.38,0.4,,,,
2026-01-06 08:04:28.183000+00:00,2026-01-06 08:04:28.396077+00:00,268.183,0.61,0.6,0.62,0.39,0.38,0.4,,,,
2026-01-06 08:04:29.229000+00:00,2026-01-06 08:04:29.406959+00:00,269.229,0.61,0.6,0.62,0.39,0.38,0.4,,,,
2026-01-06 08:04:30.246000+00:00,2026-01-06 08:04:30.414730+00:00,270.246,0.61,0.6,0.62,0.38,0.37,0.39,,,,
2026-01-06 08:04:31.255000+00:00,2026-01-06 08:04:31.426018+00:00,271.255,0.65,0.64,0.66,0.345,0.34,0.35,,,,
2026-01-06 08:04:32.265000+00:00,2026-01-06 08:04:32.430875+00:00,272.265,0.685,0.67,0.7,0.315,0.3,0.33,,,,
2026-01-06 08:04:33.183000+00:00,2026-01-06 08:04:33.442282+00:00,273.183,0.6799999999999999,0.67,0.69,0.32,0.31,0.33,,,,
2026-01-06 08:04:34.280000+00:00,2026-01-06 08:04:34.462376+00:00,274.28,0.665,0.66,0.67,0.335,0.33,0.34,,,,
2026-01-06 08:04:35.291000+00:00,2026-01-06 08:04:35.462814+00:00,275.291,0.65,0.64,0.66,0.345,0.34,0.35,,,,
2026-01-06 08:04:36.297000+00:00,2026-01-06 08:04:36.472513+00:00,276.297,0.665,0.66,0.67,0.335,0.33,0.34,,,,
2026-01-06 08:04:37.257000+00:00,2026-01-06 08:04:37.477661+00:00,277.257,0.675,0.67,0.68,0.325,0.32,0.33,,,,
2026-01-06 08:04:38.224000+00:00,2026-01-06 08:04:38.483045+00:00,278.224,0.675,0.67,0.68,0.325,0.32,0.33,,,,
2026-01-06 08:04:39.347000+00:00,2026-01-06 08:04:39.501816+00:00,279.347,0.675,0.67,0.68,0.325,0.32,0.33,,,,
2026-01-06 08:04:40.315000+00:00,2026-01-06 08:04:40.513514+00:00,280.315,0.7,0.69,0.71,0.3,0.29,0.31,,,,
2026-01-06 08:04:41.295000+00:00,2026-01-06 08:04:41.528112+00:00,281.295,0.7,0.69,0.71,0.3,0.29,0.31,,,,
2026-01-06 08:04:42.380000+00:00,2026-01-06 08:04:42.544972+00:00,282.38,0.715,0.71,0.72,0.285,0.28,0.29,,,,
2026-01-06 08:04:43.386000+00:00,2026-01-06 08:04:43.558284+00:00,283.386,0.745,0.74,0.75,0.255,0.25,0.26,,,,
2026-01-06 08:04:44.390000+00:00,2026-01-06 08:04:44.558771+00:00,284.39,0.765,0.76,0.77,0.235,0.23,0.24,,,,
2026-01-06 08:04:45.368000+00:00,2026-01-06 08:04:45.559825+00:00,285.368,0.775,0.77,0.78,0.225,0.22,0.23,,,,
2026-01-06 08:04:46.382000+00:00,2026-01-06 08:04:46.561696+00:00,286.382,0.775,0.77,0.78,0.225,0.22,0.23,,,,
2026-01-06 08:04:47.407000+00:00,2026-01-06 08:04:47.576513+00:00,287.407,0.775,0.77,0.78,0.225,0.22,0.23,,,,
2026-01-06 08:04:48.355000+00:00,2026-01-06 08:04:48.590495+00:00,288.355,0.76,0.75,0.77,0.24,0.23,0.25,,,,
2026-01-06 08:04:49.974000+00:00,2026-01-06 08:04:50.597553+00:00,289.974,0.765,0.76,0.77,0.235,0.23,0.24,,,,
2026-01-06 08:04:51.415000+00:00,2026-01-06 08:04:51.589325+00:00,291.415,0.77,0.76,0.78,0.2299999999999999,0.22,0.24,,,,
2026-01-06 08:04:52.360000+00:00,2026-01-06 08:04:52.608836+00:00,292.36,0.775,0.77,0.78,0.225,0.22,0.23,,,,
2026-01-06 08:04:53.427000+00:00,2026-01-06 08:04:53.598178+00:00,293.427,0.775,0.77,0.78,0.225,0.22,0.23,,,,
2026-01-06 08:04:54.384000+00:00,2026-01-06 08:04:54.596296+00:00,294.384,0.76,0.75,0.77,0.24,0.23,0.25,,,,
2026-01-06 08:04:55.417000+00:00,2026-01-06 08:04:55.605865+00:00,295.417,0.76,0.75,0.77,0.24,0.23,0.25,,,,
2026-01-06 08:04:56.453000+00:00,2026-01-06 08:04:56.621200+00:00,296.453,0.765,0.76,0.77,0.235,0.23,0.24,,,,
2026-01-06 08:04:57.198000+00:00,2026-01-06 08:04:57.644948+00:00,297.198,0.765,0.76,0.77,0.235,0.23,0.24,,,,
2026-01-06 08:04:58.503000+00:00,2026-01-06 08:04:58.661062+00:00,298.503,0.765,0.76,0.77,0.235,0.23,0.24,,,,
2026-01-06 08:04:59.283000+00:00,2026-01-06 08:04:59.675576+00:00,299.283,0.765,0.76,0.77,0.235,0.23,0.24,,,,
2026-01-06 08:05:00.494000+00:00,2026-01-06 08:05:00.670080+00:00,300.494,0.765,0.76,0.77,0.235,0.23,0.24,,,,
2026-01-06 08:05:01.495000+00:00,2026-01-06 08:05:01.676763+00:00,301.495,0.765,0.76,0.77,0.235,0.23,0.24,,,,
2026-01-06 08:05:02.459000+00:00,2026-01-06 08:05:02.679290+00:00,302.459,0.77,0.76,0.78,0.2299999999999999,0.22,0.24,,,,
2026-01-06 08:05:03.468000+00:00,2026-01-06 08:05:03.695782+00:00,303.468,0.775,0.77,0.78,0.225,0.22,0.23,,,,
2026-01-06 08:05:04.288000+00:00,2026-01-06 08:05:04.693803+00:00,304.288,0.77,0.76,0.78,0.2299999999999999,0.22,0.24,,,,
2026-01-06 08:05:05.534000+00:00,2026-01-06 08:05:05.709066+00:00,305.534,0.775,0.77,0.78,0.225,0.22,0.23,,,,
2026-01-06 08:05:06.356000+00:00,2026-01-06 08:05:06.710750+00:00,306.356,0.775,0.77,0.78,0.225,0.22,0.23,,,,
2026-01-06 08:05:07.484000+00:00,2026-01-06 08:05:07.726726+00:00,307.484,0.775,0.77,0.78,0.225,0.22,0.23,,,,
2026-01-06 08:05:08.537000+00:00,2026-01-06 08:05:08.732304+00:00,308.537,0.775,0.77,0.78,0.225,0.22,0.23,,,,
2026-01-06 08:05:09.567000+00:00,2026-01-06 08:05:09.746117+00:00,309.567,0.775,0.77,0.78,0.2299999999999999,0.22,0.24,,,,
2026-01-06 08:05:10.586000+00:00,2026-01-06 08:05:10.758995+00:00,310.586,0.765,0.76,0.77,0.24,0.23,0.25,,,,
2026-01-06 08:05:11.311000+00:00,2026-01-06 08:05:11.758678+00:00,311.311,0.765,0.76,0.77,0.235,0.23,0.24,,,,
2026-01-06 08:05:12.598000+00:00,2026-01-06 08:05:12.754706+00:00,312.598,0.775,0.76,0.79,0.2249999999999999,0.21,0.24,,,,
2026-01-06 08:05:13.510000+00:00,2026-01-06 08:05:13.772599+00:00,313.51,0.775,0.77,0.78,0.2299999999999999,0.22,0.24,,,,
2026-01-06 08:05:14.600000+00:00,2026-01-06 08:05:14.784143+00:00,314.6,0.77,0.76,0.78,0.2299999999999999,0.22,0.24,,,,
2026-01-06 08:05:15.403000+00:00,2026-01-06 08:05:15.788694+00:00,315.403,0.77,0.76,0.78,0.2299999999999999,0.22,0.24,,,,
2026-01-06 08:05:16.616000+00:00,2026-01-06 08:05:16.793411+00:00,316.616,0.77,0.76,0.78,0.2299999999999999,0.22,0.24,,,,
2026-01-06 08:05:17.494000+00:00,2026-01-06 08:05:17.789892+00:00,317.494,0.77,0.76,0.78,0.2299999999999999,0.22,0.24,,,,
2026-01-06 08:05:18.609000+00:00,2026-01-06 08:05:18.793211+00:00,318.609,0.775,0.77,0.78,0.225,0.22,0.23,,,,
2026-01-06 08:05:19.601000+00:00,2026-01-06 08:05:19.793974+00:00,319.601,0.77,0.76,0.78,0.235,0.23,0.24,,,,
2026-01-06 08:05:20.517000+00:00,2026-01-06 08:05:20.808372+00:00,320.517,0.765,0.76,0.77,0.2299999999999999,0.22,0.24,,,,
2026-01-06 08:05:21.657000+00:00,2026-01-06 08:05:21.825234+00:00,321.657,0.77,0.76,0.78,0.2299999999999999,0.22,0.24,,,,
2026-01-06 08:05:22.657000+00:00,2026-01-06 08:05:22.842066+00:00,322.657,0.785,0.78,0.79,0.215,0.21,0.22,,,,
2026-01-06 08:05:23.493000+00:00,2026-01-06 08:05:23.842910+00:00,323.493,0.78,0.77,0.79,0.22,0.21,0.23,,,,
2026-01-06 08:05:24.680000+00:00,2026-01-06 08:05:24.853258+00:00,324.68,0.78,0.77,0.79,0.22,0.21,0.23,,,,
2026-01-06 08:05:25.669000+00:00,2026-01-06 08:05:25.867594+00:00,325.669,0.78,0.77,0.79,0.22,0.21,0.23,,,,
2026-01-06 08:05:26.684000+00:00,2026-01-06 08:05:26.874738+00:00,326.684,0.785,0.77,0.8,0.21,0.2,0.22,,,,
2026-01-06 08:05:27.726000+00:00,2026-01-06 08:05:27.893231+00:00,327.726,0.8,0.79,0.81,0.2,0.19,0.21,,,,
2026-01-06 08:05:28.689000+00:00,2026-01-06 08:05:28.907388+00:00,328.689,0.8,0.79,0.81,0.2,0.19,0.21,,,,
2026-01-06 08:05:29.721000+00:00,2026-01-06 08:05:29.920994+00:00,329.721,0.79,0.78,0.8,0.21,0.2,0.22,,,,
2026-01-06 08:05:30.757000+00:00,2026-01-06 08:05:30.926403+00:00,330.757,0.79,0.78,0.8,0.22,0.21,0.23,,,,
2026-01-06 08:05:31.748000+00:00,2026-01-06 08:05:31.941807+00:00,331.748,0.755,0.75,0.76,0.245,0.24,0.25,,,,
2026-01-06 08:05:32.781000+00:00,2026-01-06 08:05:32.956039+00:00,332.781,0.745,0.73,0.76,0.265,0.26,0.27,,,,
2026-01-06 08:05:33.762000+00:00,2026-01-06 08:05:33.959468+00:00,333.762,0.735,0.73,0.74,0.265,0.26,0.27,,,,
2026-01-06 08:05:34.802000+00:00,2026-01-06 08:05:34.970153+00:00,334.802,0.745,0.74,0.75,0.255,0.25,0.26,,,,
2026-01-06 08:05:35.776000+00:00,2026-01-06 08:05:35.990936+00:00,335.776,0.795,0.79,0.8,0.205,0.2,0.21,,,,
2026-01-06 08:05:36.723000+00:00,2026-01-06 08:05:36.992391+00:00,336.723,0.795,0.79,0.8,0.205,0.2,0.21,,,,
2026-01-06 08:05:37.802000+00:00,2026-01-06 08:05:37.989598+00:00,337.802,0.795,0.79,0.8,0.205,0.2,0.21,,,,
2026-01-06 08:05:38.666000+00:00,2026-01-06 08:05:39.007711+00:00,338.666,0.795,0.79,0.8,0.205,0.2,0.21,,,,
2026-01-06 08:05:39.734000+00:00,2026-01-06 08:05:40.011188+00:00,339.734,0.795,0.79,0.8,0.205,0.2,0.21,,,,
2026-01-06 08:05:40.750000+00:00,2026-01-06 08:05:41.027169+00:00,340.75,0.795,0.79,0.8,0.205,0.2,0.21,,,,
2026-01-06 08:05:41.875000+00:00,2026-01-06 08:05:42.041051+00:00,341.875,0.795,0.79,0.8,0.205,0.2,0.21,,,,
2026-01-06 08:05:42.091000+00:00,2026-01-06 08:05:43.047789+00:00,342.091,0.795,0.79,0.8,0.205,0.2,0.21,,,,
2026-01-06 08:05:43.166000+00:00,2026-01-06 08:05:44.039485+00:00,343.166,0.795,0.79,0.8,0.205,0.2,0.21,,,,
2026-01-06 08:05:44.454000+00:00,2026-01-06 08:05:45.060708+00:00,344.454,0.795,0.79,0.8,0.205,0.2,0.21,,,,
2026-01-06 08:05:45.659000+00:00,2026-01-06 08:05:46.074218+00:00,345.659,0.795,0.79,0.8,0.205,0.2,0.21,,,,
2026-01-06 08:05:46.880000+00:00,2026-01-06 08:05:47.074771+00:00,346.88,0.795,0.79,0.8,0.205,0.2,0.21,,,,
2026-01-06 08:05:47.932000+00:00,2026-01-06 08:05:48.071171+00:00,347.932,0.795,0.79,0.8,0.205,0.2,0.21,,,,
2026-01-06 08:05:48.911000+00:00,2026-01-06 08:05:49.087236+00:00,348.911,0.795,0.79,0.8,0.205,0.2,0.21,,,,
2026-01-06 08:05:49.920000+00:00,2026-01-06 08:05:50.107589+00:00,349.92,0.795,0.79,0.8,0.205,0.2,0.21,,,,
2026-01-06 08:05:50.898000+00:00,2026-01-06 08:05:51.103105+00:00,350.898,0.795,0.79,0.8,0.205,0.2,0.21,,,,
2026-01-06 08:05:51.920000+00:00,2026-01-06 08:05:52.110484+00:00,351.92,0.83,0.82,0.84,0.1699999999999999,0.16,0.18,,,,
2026-01-06 08:05:52.941000+00:00,2026-01-06 08:05:53.125383+00:00,352.941,0.835,0.83,0.84,0.165,0.16,0.17,,,,
2026-01-06 08:05:53.809000+00:00,2026-01-06 08:05:54.124070+00:00,353.809,0.825,0.82,0.83,0.175,0.17,0.18,,,,
2026-01-06 08:05:54.971000+00:00,2026-01-06 08:05:55.139417+00:00,354.971,0.825,0.82,0.83,0.175,0.17,0.18,,,,
2026-01-06 08:05:55.907000+00:00,2026-01-06 08:05:56.139127+00:00,355.907,0.825,0.82,0.83,0.175,0.17,0.18,,,,
2026-01-06 08:05:56.905000+00:00,2026-01-06 08:05:57.134534+00:00,356.905,0.825,0.82,0.83,0.175,0.17,0.18,,,,
2026-01-06 08:05:57.647000+00:00,2026-01-06 08:05:58.147523+00:00,357.647,0.825,0.82,0.83,0.175,0.17,0.18,,,,
2026-01-06 08:05:58.718000+00:00,2026-01-06 08:05:59.151531+00:00,358.718,0.83,0.82,0.84,0.1699999999999999,0.16,0.18,,,,
2026-01-06 08:05:59.578000+00:00,2026-01-06 08:06:00.160134+00:00,359.578,0.83,0.82,0.84,0.175,0.17,0.18,,,,
2026-01-06 08:06:00.981000+00:00,2026-01-06 08:06:01.172071+00:00,360.981,0.825,0.82,0.83,0.175,0.17,0.18,,,,
2026-01-06 08:06:02.011000+00:00,2026-01-06 08:06:02.191184+00:00,362.011,0.825,0.82,0.83,0.175,0.17,0.18,,,,
2026-01-06 08:06:03.258000+00:00,2026-01-06 08:06:04.188016+00:00,363.258,0.83,0.82,0.84,0.1699999999999999,0.16,0.18,,,,
2026-01-06 08:06:05.959000+00:00,2026-01-06 08:06:06.204575+00:00,365.959,0.835,0.83,0.84,0.165,0.16,0.17,,,,
2026-01-06 08:06:06.985000+00:00,2026-01-06 08:06:07.209811+00:00,366.985,0.835,0.83,0.84,0.1699999999999999,0.16,0.18,,,,
2026-01-06 08:06:08.041000+00:00,2026-01-06 08:06:08.216324+00:00,368.041,0.825,0.82,0.83,0.175,0.17,0.18,,,,
2026-01-06 08:06:09.040000+00:00,2026-01-06 08:06:09.216808+00:00,369.04,0.845,0.84,0.85,0.155,0.15,0.16,,,,
2026-01-06 08:06:10.037000+00:00,2026-01-06 08:06:10.217759+00:00,370.037,0.86,0.85,0.87,0.14,0.13,0.15,,,,
2026-01-06 08:06:11.061000+00:00,2026-01-06 08:06:11.229619+00:00,371.061,0.86,0.85,0.87,0.135,0.13,0.14,,,,
2026-01-06 08:06:12.036000+00:00,2026-01-06 08:06:12.235788+00:00,372.036,0.86,0.85,0.87,0.14,0.13,0.15,,,,
2026-01-06 08:06:13.076000+00:00,2026-01-06 08:06:13.252857+00:00,373.076,0.87,0.86,0.88,0.125,0.12,0.13,,,,
2026-01-06 08:06:14.015000+00:00,2026-01-06 08:06:14.249474+00:00,374.015,0.875,0.87,0.88,0.125,0.12,0.13,,,,
2026-01-06 08:06:15.064000+00:00,2026-01-06 08:06:15.251898+00:00,375.064,0.865,0.86,0.87,0.135,0.13,0.14,,,,
2026-01-06 08:06:16.075000+00:00,2026-01-06 08:06:16.259205+00:00,376.075,0.865,0.86,0.87,0.135,0.13,0.14,,,,
2026-01-06 08:06:17.672000+00:00,2026-01-06 08:06:18.261972+00:00,377.672,0.87,0.86,0.88,0.13,0.12,0.14,,,,
2026-01-06 08:06:19.022000+00:00,2026-01-06 08:06:19.274693+00:00,379.022,0.87,0.86,0.88,0.13,0.12,0.14,,,,
2026-01-06 08:06:20.112000+00:00,2026-01-06 08:06:20.286033+00:00,380.112,0.875,0.87,0.88,0.13,0.12,0.14,,,,
2026-01-06 08:06:21.126000+00:00,2026-01-06 08:06:21.303803+00:00,381.126,0.875,0.87,0.88,0.125,0.12,0.13,,,,
2026-01-06 08:06:22.144000+00:00,2026-01-06 08:06:22.321490+00:00,382.144,0.875,0.87,0.88,0.125,0.12,0.13,,,,
2026-01-06 08:06:23.149000+00:00,2026-01-06 08:06:23.332742+00:00,383.149,0.875,0.87,0.88,0.125,0.12,0.13,,,,
2026-01-06 08:06:24.151000+00:00,2026-01-06 08:06:24.330956+00:00,384.151,0.875,0.87,0.88,0.125,0.12,0.13,,,,
2026-01-06 08:06:25.138000+00:00,2026-01-06 08:06:25.342653+00:00,385.138,0.875,0.87,0.88,0.125,0.12,0.13,,,,
2026-01-06 08:06:26.176000+00:00,2026-01-06 08:06:26.352156+00:00,386.176,0.885,0.88,0.89,0.1149999999999999,0.11,0.12,,,,
2026-01-06 08:06:27.151000+00:00,2026-01-06 08:06:27.369373+00:00,387.151,0.885,0.88,0.89,0.1149999999999999,0.11,0.12,,,,
2026-01-06 08:06:28.208000+00:00,2026-01-06 08:06:28.387631+00:00,388.208,0.885,0.88,0.89,0.1149999999999999,0.11,0.12,,,,
2026-01-06 08:06:29.213000+00:00,2026-01-06 08:06:29.401848+00:00,389.213,0.895,0.89,0.9,0.105,0.1,0.11,,,,
2026-01-06 08:06:30.237000+00:00,2026-01-06 08:06:30.403944+00:00,390.237,0.895,0.89,0.9,0.105,0.1,0.11,,,,
2026-01-06 08:06:31.248000+00:00,2026-01-06 08:06:31.419198+00:00,391.248,0.895,0.89,0.9,0.105,0.1,0.11,,,,
2026-01-06 08:06:32.265000+00:00,2026-01-06 08:06:32.434489+00:00,392.265,0.895,0.89,0.9,0.095,0.09,0.1,,,,
2026-01-06 08:06:33.209000+00:00,2026-01-06 08:06:33.429677+00:00,393.209,0.905,0.9,0.91,0.095,0.09,0.1,,,,
2026-01-06 08:06:34.188000+00:00,2026-01-06 08:06:34.418303+00:00,394.188,0.905,0.9,0.91,0.095,0.09,0.1,,,,
2026-01-06 08:06:35.246000+00:00,2026-01-06 08:06:35.435264+00:00,395.246,0.915,0.91,0.92,0.0849999999999999,0.08,0.09,,,,
2026-01-06 08:06:36.278000+00:00,2026-01-06 08:06:36.452875+00:00,396.278,0.905,0.9,0.91,0.095,0.09,0.1,,,,
2026-01-06 08:06:37.296000+00:00,2026-01-06 08:06:37.466446+00:00,397.296,0.915,0.91,0.92,0.0849999999999999,0.08,0.09,,,,
2026-01-06 08:06:38.303000+00:00,2026-01-06 08:06:38.472990+00:00,398.303,0.91,0.9,0.92,0.09,0.08,0.1,,,,
2026-01-06 08:06:39.249000+00:00,2026-01-06 08:06:39.468726+00:00,399.249,0.915,0.91,0.92,0.0849999999999999,0.08,0.09,,,,
2026-01-06 08:06:40.296000+00:00,2026-01-06 08:06:40.470121+00:00,400.296,0.915,0.91,0.92,0.0849999999999999,0.08,0.09,,,,
2026-01-06 08:06:41.267000+00:00,2026-01-06 08:06:41.471969+00:00,401.267,0.915,0.91,0.92,0.0849999999999999,0.08,0.09,,,,
2026-01-06 08:06:42.281000+00:00,2026-01-06 08:06:42.475329+00:00,402.281,0.92,0.91,0.93,0.08,0.07,0.09,,,,
2026-01-06 08:06:43.307000+00:00,2026-01-06 08:06:43.476295+00:00,403.307,0.925,0.92,0.93,0.075,0.07,0.08,,,,
2026-01-06 08:06:44.299000+00:00,2026-01-06 08:06:44.482976+00:00,404.299,0.93,0.92,0.94,0.075,0.07,0.08,,,,
2026-01-06 08:06:45.307000+00:00,2026-01-06 08:06:45.484737+00:00,405.307,0.93,0.92,0.94,0.07,0.06,0.08,,,,
2026-01-06 08:06:46.052000+00:00,2026-01-06 08:06:46.484362+00:00,406.052,0.93,0.92,0.94,0.07,0.06,0.08,,,,
2026-01-06 08:06:47.308000+00:00,2026-01-06 08:06:47.484599+00:00,407.308,0.935,0.92,0.95,0.06,0.05,0.07,,,,
2026-01-06 08:06:48.317000+00:00,2026-01-06 08:06:48.486685+00:00,408.317,0.935,0.93,0.94,0.075,0.07,0.08,,,,
2026-01-06 08:06:49.280000+00:00,2026-01-06 08:06:49.491339+00:00,409.28,0.935,0.93,0.94,0.065,0.06,0.07,,,,
2026-01-06 08:06:50.212000+00:00,2026-01-06 08:06:50.499981+00:00,410.212,0.93,0.92,0.94,0.065,0.06,0.07,,,,
2026-01-06 08:06:51.297000+00:00,2026-01-06 08:06:51.511597+00:00,411.297,0.935,0.93,0.94,0.065,0.06,0.07,,,,
2026-01-06 08:06:52.329000+00:00,2026-01-06 08:06:52.526013+00:00,412.329,0.945,0.94,0.95,0.06,0.05,0.07,,,,
2026-01-06 08:06:53.271000+00:00,2026-01-06 08:06:53.534230+00:00,413.271,0.93,0.92,0.94,0.07,0.06,0.08,,,,
2026-01-06 08:06:54.356000+00:00,2026-01-06 08:06:54.535834+00:00,414.356,0.93,0.92,0.94,0.07,0.06,0.08,,,,
2026-01-06 08:06:55.070000+00:00,2026-01-06 08:06:55.545789+00:00,415.07,0.935,0.93,0.94,0.065,0.05,0.08,,,,
2026-01-06 08:06:56.326000+00:00,2026-01-06 08:06:56.553002+00:00,416.326,0.935,0.93,0.94,0.065,0.06,0.07,,,,
2026-01-06 08:06:57.365000+00:00,2026-01-06 08:06:57.549264+00:00,417.365,0.935,0.93,0.94,0.065,0.06,0.07,,,,
2026-01-06 08:06:58.365000+00:00,2026-01-06 08:06:58.552472+00:00,418.365,0.935,0.93,0.94,0.065,0.06,0.07,,,,
2026-01-06 08:06:59.292000+00:00,2026-01-06 08:06:59.550560+00:00,419.292,0.935,0.93,0.94,0.065,0.06,0.07,,,,
2026-01-06 08:07:00.296000+00:00,2026-01-06 08:07:00.553228+00:00,420.296,0.935,0.93,0.94,0.065,0.06,0.07,,,,
2026-01-06 08:07:01.389000+00:00,2026-01-06 08:07:01.564472+00:00,421.389,0.935,0.93,0.94,0.07,0.06,0.08,,,,
2026-01-06 08:07:02.371000+00:00,2026-01-06 08:07:02.575461+00:00,422.371,0.925,0.92,0.93,0.075,0.07,0.08,,,,
2026-01-06 08:07:03.212000+00:00,2026-01-06 08:07:03.588658+00:00,423.212,0.92,0.91,0.93,0.08,0.07,0.09,,,,
2026-01-06 08:07:04.279000+00:00,2026-01-06 08:07:04.584432+00:00,424.279,0.92,0.91,0.93,0.08,0.07,0.09,,,,
2026-01-06 08:07:05.356000+00:00,2026-01-06 08:07:05.583781+00:00,425.356,0.915,0.91,0.92,0.0849999999999999,0.08,0.09,,,,
2026-01-06 08:07:06.352000+00:00,2026-01-06 08:07:06.584042+00:00,426.352,0.915,0.91,0.92,0.0849999999999999,0.08,0.09,,,,
2026-01-06 08:07:07.362000+00:00,2026-01-06 08:07:07.601057+00:00,427.362,0.91,0.9,0.92,0.09,0.08,0.1,,,,
2026-01-06 08:07:08.439000+00:00,2026-01-06 08:07:08.620173+00:00,428.439,0.91,0.9,0.92,0.09,0.08,0.1,,,,
2026-01-06 08:07:09.447000+00:00,2026-01-06 08:07:09.635941+00:00,429.447,0.905,0.9,0.91,0.095,0.09,0.1,,,,
2026-01-06 08:07:10.331000+00:00,2026-01-06 08:07:10.651097+00:00,430.331,0.915,0.91,0.92,0.0849999999999999,0.08,0.09,,,,
2026-01-06 08:07:11.391000+00:00,2026-01-06 08:07:11.643531+00:00,431.391,0.905,0.9,0.91,0.075,0.07,0.08,,,,
2026-01-06 08:07:12.238000+00:00,2026-01-06 08:07:12.646219+00:00,432.238,0.92,0.91,0.93,0.08,0.07,0.09,,,,
2026-01-06 08:07:13.017000+00:00,2026-01-06 08:07:13.650594+00:00,433.017,0.92,0.91,0.93,0.08,0.07,0.09,,,,
2026-01-06 08:07:14.430000+00:00,2026-01-06 08:07:14.670934+00:00,434.43,0.92,0.91,0.93,0.08,0.07,0.09,,,,
2026-01-06 08:07:15.467000+00:00,2026-01-06 08:07:15.682045+00:00,435.467,0.92,0.91,0.93,0.08,0.07,0.09,,,,
2026-01-06 08:07:16.501000+00:00,2026-01-06 08:07:16.693249+00:00,436.501,0.915,0.9,0.93,0.085,0.07,0.1,,,,
2026-01-06 08:07:17.360000+00:00,2026-01-06 08:07:17.698211+00:00,437.36,0.91,0.9,0.92,0.09,0.08,0.1,,,,
2026-01-06 08:07:18.425000+00:00,2026-01-06 08:07:18.702963+00:00,438.425,0.905,0.9,0.91,0.095,0.09,0.1,,,,
2026-01-06 08:07:19.494000+00:00,2026-01-06 08:07:19.700404+00:00,439.494,0.91,0.9,0.92,0.09,0.08,0.1,,,,
2026-01-06 08:07:20.423000+00:00,2026-01-06 08:07:20.715045+00:00,440.423,0.91,0.9,0.92,0.09,0.08,0.1,,,,
2026-01-06 08:07:21.252000+00:00,2026-01-06 08:07:21.732355+00:00,441.252,0.91,0.9,0.92,0.09,0.08,0.1,,,,
2026-01-06 08:07:22.564000+00:00,2026-01-06 08:07:22.737583+00:00,442.564,0.905,0.9,0.91,0.095,0.09,0.1,,,,
2026-01-06 08:07:23.578000+00:00,2026-01-06 08:07:23.752066+00:00,443.578,0.905,0.9,0.91,0.095,0.09,0.1,,,,
2026-01-06 08:07:24.586000+00:00,2026-01-06 08:07:24.759812+00:00,444.586,0.92,0.91,0.93,0.08,0.07,0.09,,,,
2026-01-06 08:07:25.505000+00:00,2026-01-06 08:07:25.769861+00:00,445.505,0.92,0.91,0.93,0.08,0.07,0.09,,,,
2026-01-06 08:07:26.207000+00:00,2026-01-06 08:07:26.787214+00:00,446.207,0.92,0.91,0.93,0.08,0.07,0.09,,,,
2026-01-06 08:07:27.624000+00:00,2026-01-06 08:07:27.803514+00:00,447.624,0.91,0.9,0.92,0.095,0.09,0.1,,,,
2026-01-06 08:07:28.582000+00:00,2026-01-06 08:07:28.806910+00:00,448.582,0.91,0.9,0.92,0.09,0.08,0.1,,,,
2026-01-06 08:07:29.633000+00:00,2026-01-06 08:07:29.812647+00:00,449.633,0.915,0.91,0.92,0.0849999999999999,0.08,0.09,,,,
2026-01-06 08:07:30.612000+00:00,2026-01-06 08:07:30.824289+00:00,450.612,0.915,0.91,0.92,0.0849999999999999,0.08,0.09,,,,
2026-01-06 08:07:31.638000+00:00,2026-01-06 08:07:31.835342+00:00,451.638,0.91,0.9,0.92,0.09,0.08,0.1,,,,
2026-01-06 08:07:32.672000+00:00,2026-01-06 08:07:32.845644+00:00,452.672,0.91,0.9,0.92,0.09,0.08,0.1,,,,
2026-01-06 08:07:33.675000+00:00,2026-01-06 08:07:33.846949+00:00,453.675,0.915,0.91,0.92,0.0849999999999999,0.08,0.09,,,,
2026-01-06 08:07:34.674000+00:00,2026-01-06 08:07:34.853626+00:00,454.674,0.925,0.92,0.93,0.075,0.07,0.08,,,,
2026-01-06 08:07:35.651000+00:00,2026-01-06 08:07:35.862941+00:00,455.651,0.925,0.92,0.93,0.075,0.07,0.08,,,,
2026-01-06 08:07:36.472000+00:00,2026-01-06 08:07:36.870424+00:00,456.472,0.93,0.92,0.94,0.07,0.06,0.08,,,,
2026-01-06 08:07:37.575000+00:00,2026-01-06 08:07:37.872551+00:00,457.575,0.93,0.92,0.94,0.07,0.06,0.08,,,,
2026-01-06 08:07:38.677000+00:00,2026-01-06 08:07:38.884150+00:00,458.677,0.93,0.92,0.94,0.07,0.06,0.08,,,,
2026-01-06 08:07:39.684000+00:00,2026-01-06 08:07:39.889407+00:00,459.684,0.935,0.93,0.94,0.07,0.06,0.08,,,,
2026-01-06 08:07:40.659000+00:00,2026-01-06 08:07:40.907068+00:00,460.659,0.93,0.92,0.94,0.07,0.06,0.08,,,,
2026-01-06 08:07:41.697000+00:00,2026-01-06 08:07:41.914965+00:00,461.697,0.94,0.93,0.95,0.06,0.05,0.07,,,,
2026-01-06 08:07:42.741000+00:00,2026-01-06 08:07:42.921716+00:00,462.741,0.94,0.93,0.95,0.06,0.05,0.07,,,,
2026-01-06 08:07:43.733000+00:00,2026-01-06 08:07:43.916873+00:00,463.733,0.935,0.93,0.94,0.065,0.06,0.07,,,,
2026-01-06 08:07:44.747000+00:00,2026-01-06 08:07:44.922772+00:00,464.747,0.925,0.92,0.93,0.075,0.07,0.08,,,,
2026-01-06 08:07:45.716000+00:00,2026-01-06 08:07:45.933488+00:00,465.716,0.925,0.92,0.93,0.075,0.07,0.08,,,,
2026-01-06 08:07:46.774000+00:00,2026-01-06 08:07:46.951038+00:00,466.774,0.93,0.92,0.94,0.07,0.06,0.08,,,,
2026-01-06 08:07:47.779000+00:00,2026-01-06 08:07:47.967299+00:00,467.779,0.94,0.93,0.95,0.06,0.05,0.07,,,,
2026-01-06 08:07:48.809000+00:00,2026-01-06 08:07:48.983612+00:00,468.809,0.93,0.92,0.94,0.07,0.06,0.08,,,,
2026-01-06 08:07:49.806000+00:00,2026-01-06 08:07:49.982641+00:00,469.806,0.935,0.93,0.94,0.065,0.06,0.07,,,,
2026-01-06 08:07:50.524000+00:00,2026-01-06 08:07:51.001393+00:00,470.524,0.93,0.92,0.94,0.07,0.06,0.08,,,,
2026-01-06 08:07:51.784000+00:00,2026-01-06 08:07:52.015492+00:00,471.784,0.93,0.92,0.94,0.07,0.06,0.08,,,,
2026-01-06 08:07:52.846000+00:00,2026-01-06 08:07:53.022543+00:00,472.846,0.925,0.92,0.93,0.075,0.07,0.08,,,,
2026-01-06 08:07:53.813000+00:00,2026-01-06 08:07:54.022247+00:00,473.813,0.925,0.92,0.93,0.075,0.07,0.08,,,,
2026-01-06 08:07:54.774000+00:00,2026-01-06 08:07:55.018923+00:00,474.774,0.925,0.92,0.93,0.075,0.07,0.08,,,,
2026-01-06 08:07:55.770000+00:00,2026-01-06 08:07:56.017406+00:00,475.77,0.925,0.92,0.93,0.075,0.07,0.08,,,,
2026-01-06 08:07:56.837000+00:00,2026-01-06 08:07:57.015600+00:00,476.837,0.925,0.92,0.93,0.075,0.07,0.08,,,,
2026-01-06 08:07:57.795000+00:00,2026-01-06 08:07:58.013513+00:00,477.795,0.925,0.92,0.93,0.075,0.07,0.08,,,,
2026-01-06 08:07:58.747000+00:00,2026-01-06 08:07:59.028489+00:00,478.747,0.925,0.92,0.93,0.075,0.07,0.08,,,,
2026-01-06 08:07:59.752000+00:00,2026-01-06 08:08:00.030594+00:00,479.752,0.925,0.92,0.93,0.075,0.07,0.08,,,,
2026-01-06 08:08:00.692000+00:00,2026-01-06 08:08:01.040550+00:00,480.692,0.925,0.92,0.93,0.075,0.07,0.08,,,,
2026-01-06 08:08:01.832000+00:00,2026-01-06 08:08:02.031876+00:00,481.832,0.925,0.92,0.93,0.075,0.07,0.08,,,,
2026-01-06 08:08:02.877000+00:00,2026-01-06 08:08:03.053838+00:00,482.877,0.925,0.92,0.93,0.07,0.06,0.08,,,,
2026-01-06 08:08:03.865000+00:00,2026-01-06 08:08:04.052051+00:00,483.865,0.93,0.92,0.94,0.07,0.06,0.08,,,,
2026-01-06 08:08:04.851000+00:00,2026-01-06 08:08:05.050685+00:00,484.851,0.935,0.93,0.94,0.06,0.05,0.07,,,,
2026-01-06 08:08:05.899000+00:00,2026-01-06 08:08:06.069354+00:00,485.899,0.945,0.94,0.95,0.055,0.05,0.06,,,,
2026-01-06 08:08:06.902000+00:00,2026-01-06 08:08:07.083272+00:00,486.902,0.945,0.94,0.95,0.055,0.05,0.06,,,,
2026-01-06 08:08:07.801000+00:00,2026-01-06 08:08:08.083340+00:00,487.801,0.945,0.94,0.95,0.055,0.05,0.06,,,,
2026-01-06 08:08:08.833000+00:00,2026-01-06 08:08:09.086893+00:00,488.833,0.945,0.94,0.95,0.055,0.05,0.06,,,,
2026-01-06 08:08:09.886000+00:00,2026-01-06 08:08:10.102161+00:00,489.886,0.945,0.94,0.95,0.055,0.05,0.06,,,,
2026-01-06 08:08:10.483000+00:00,2026-01-06 08:08:11.114407+00:00,490.483,0.945,0.94,0.95,0.055,0.05,0.06,,,,
2026-01-06 08:08:11.874000+00:00,2026-01-06 08:08:12.119374+00:00,491.874,0.945,0.94,0.95,0.055,0.05,0.06,,,,
2026-01-06 08:08:12.942000+00:00,2026-01-06 08:08:13.126795+00:00,492.942,0.945,0.94,0.95,0.055,0.05,0.06,,,,
2026-01-06 08:08:13.480000+00:00,2026-01-06 08:08:14.150219+00:00,493.48,0.94,0.93,0.95,0.06,0.05,0.07,,,,
2026-01-06 08:08:14.622000+00:00,2026-01-06 08:08:15.164681+00:00,494.622,0.935,0.93,0.94,0.06,0.05,0.07,,,,
2026-01-06 08:08:15.931000+00:00,2026-01-06 08:08:16.187178+00:00,495.931,0.94,0.93,0.95,0.055,0.05,0.06,,,,
2026-01-06 08:08:17.821000+00:00,2026-01-06 08:08:18.188604+00:00,497.821,0.945,0.94,0.95,0.055,0.05,0.06,,,,
2026-01-06 08:08:19.941000+00:00,2026-01-06 08:08:20.201297+00:00,499.941,0.935,0.93,0.94,0.065,0.06,0.07,,,,
2026-01-06 08:08:21.011000+00:00,2026-01-06 08:08:21.200078+00:00,501.011,0.925,0.92,0.93,0.075,0.07,0.08,,,,
2026-01-06 08:08:22.806000+00:00,2026-01-06 08:08:23.211939+00:00,502.806,0.93,0.92,0.94,0.075,0.07,0.08,,,,
2026-01-06 08:08:23.961000+00:00,2026-01-06 08:08:24.216806+00:00,503.961,0.935,0.93,0.94,0.065,0.06,0.07,,,,
2026-01-06 08:08:24.899000+00:00,2026-01-06 08:08:25.218052+00:00,504.899,0.935,0.93,0.94,0.065,0.06,0.07,,,,
2026-01-06 08:08:26.930000+00:00,2026-01-06 08:08:27.217902+00:00,506.93,0.935,0.93,0.94,0.065,0.06,0.07,,,,
2026-01-06 08:08:28.063000+00:00,2026-01-06 08:08:29.227936+00:00,508.063,0.935,0.93,0.94,0.065,0.06,0.07,,,,
2026-01-06 08:08:29.775000+00:00,2026-01-06 08:08:30.230654+00:00,509.775,0.935,0.93,0.94,0.065,0.06,0.07,,,,
2026-01-06 08:08:30.982000+00:00,2026-01-06 08:08:31.238402+00:00,510.982,0.935,0.93,0.94,0.065,0.06,0.07,,,,
2026-01-06 08:08:32.858000+00:00,2026-01-06 08:08:33.245456+00:00,512.858,0.935,0.93,0.94,0.065,0.06,0.07,,,,
2026-01-06 08:08:33.804000+00:00,2026-01-06 08:08:34.249900+00:00,513.804,0.935,0.93,0.94,0.065,0.06,0.07,,,,
2026-01-06 08:08:34.918000+00:00,2026-01-06 08:08:35.256095+00:00,514.918,0.935,0.93,0.94,0.065,0.06,0.07,,,,
2026-01-06 08:08:35.964000+00:00,2026-01-06 08:08:36.262183+00:00,515.964,0.935,0.93,0.94,0.065,0.06,0.07,,,,
2026-01-06 08:08:37.101000+00:00,2026-01-06 08:08:37.280911+00:00,517.101,0.935,0.93,0.94,0.065,0.06,0.07,,,,
2026-01-06 08:08:38.004000+00:00,2026-01-06 08:08:38.281085+00:00,518.004,0.935,0.93,0.94,0.065,0.06,0.07,,,,
2026-01-06 08:08:39.107000+00:00,2026-01-06 08:08:39.296572+00:00,519.107,0.935,0.93,0.94,0.065,0.06,0.07,,,,
2026-01-06 08:08:40.976000+00:00,2026-01-06 08:08:41.299068+00:00,520.976,0.935,0.93,0.94,0.065,0.06,0.07,,,,
2026-01-06 08:08:41.661000+00:00,2026-01-06 08:08:42.313574+00:00,521.661,0.935,0.93,0.94,0.065,0.06,0.07,,,,
2026-01-06 08:08:42.987000+00:00,2026-01-06 08:08:43.316303+00:00,522.987,0.935,0.93,0.94,0.065,0.06,0.07,,,,
2026-01-06 08:08:43.971000+00:00,2026-01-06 08:08:44.330921+00:00,523.971,0.935,0.93,0.94,0.065,0.06,0.07,,,,
2026-01-06 08:08:45.631000+00:00,2026-01-06 08:08:46.353679+00:00,525.631,0.935,0.93,0.94,0.065,0.06,0.07,,,,
2026-01-06 08:08:47.912000+00:00,2026-01-06 08:08:48.370680+00:00,527.912,0.935,0.93,0.94,0.065,0.06,0.07,,,,
2026-01-06 08:08:48.993000+00:00,2026-01-06 08:08:49.378825+00:00,528.993,0.935,0.93,0.94,0.065,0.06,0.07,,,,
2026-01-06 08:08:49.410000+00:00,2026-01-06 08:08:50.398756+00:00,529.41,0.935,0.93,0.94,0.065,0.06,0.07,,,,
2026-01-06 08:08:50.795000+00:00,2026-01-06 08:08:51.399686+00:00,530.795,0.935,0.93,0.94,0.065,0.06,0.07,,,,
2026-01-06 08:08:52.032000+00:00,2026-01-06 08:08:53.413669+00:00,532.032,0.935,0.93,0.94,0.065,0.06,0.07,,,,
2026-01-06 08:08:54.148000+00:00,2026-01-06 08:08:54.407664+00:00,534.148,0.935,0.93,0.94,0.065,0.06,0.07,,,,
2026-01-06 08:08:55.646000+00:00,2026-01-06 08:08:56.442029+00:00,535.646,0.935,0.93,0.94,0.065,0.06,0.07,,,,
2026-01-06 08:08:57.231000+00:00,2026-01-06 08:08:57.458981+00:00,537.231,0.935,0.93,0.94,0.065,0.06,0.07,,,,
2026-01-06 08:08:58.449000+00:00,2026-01-06 08:08:59.463102+00:00,538.449,0.935,0.93,0.94,0.065,0.06,0.07,,,,
2026-01-06 08:09:00.241000+00:00,2026-01-06 08:09:00.471361+00:00,540.241,0.935,0.93,0.94,0.065,0.06,0.07,,,,
2026-01-06 08:09:01.297000+00:00,2026-01-06 08:09:01.475955+00:00,541.297,0.935,0.93,0.94,0.065,0.06,0.07,,,,
2026-01-06 08:09:02.198000+00:00,2026-01-06 08:09:02.481537+00:00,542.198,0.94,0.93,0.95,0.06,0.05,0.07,,,,
2026-01-06 08:09:03.316000+00:00,2026-01-06 08:09:03.492249+00:00,543.316,0.94,0.93,0.95,0.06,0.05,0.07,,,,
2026-01-06 08:09:04.815000+00:00,2026-01-06 08:09:05.494965+00:00,544.815,0.94,0.93,0.95,0.06,0.05,0.07,,,,
2026-01-06 08:09:06.280000+00:00,2026-01-06 08:09:06.503773+00:00,546.28,0.94,0.93,0.95,0.06,0.05,0.07,,,,
2026-01-06 08:09:07.246000+00:00,2026-01-06 08:09:07.511434+00:00,547.246,0.945,0.94,0.95,0.06,0.05,0.07,,,,
2026-01-06 08:09:08.323000+00:00,2026-01-06 08:09:08.503176+00:00,548.323,0.94,0.93,0.95,0.06,0.05,0.07,,,,
2026-01-06 08:09:09.151000+00:00,2026-01-06 08:09:09.492552+00:00,549.151,0.94,0.93,0.95,0.06,0.05,0.07,,,,
2026-01-06 08:09:10.346000+00:00,2026-01-06 08:09:10.509216+00:00,550.346,0.935,0.93,0.94,0.06,0.05,0.07,,,,
2026-01-06 08:09:11.329000+00:00,2026-01-06 08:09:11.511594+00:00,551.329,0.935,0.93,0.94,0.055,0.05,0.06,,,,
2026-01-06 08:09:12.251000+00:00,2026-01-06 08:09:12.521717+00:00,552.251,0.945,0.94,0.95,0.055,0.05,0.06,,,,
2026-01-06 08:09:13.251000+00:00,2026-01-06 08:09:13.547798+00:00,553.251,0.965,0.96,0.97,0.035,0.03,0.04,,,,
2026-01-06 08:09:14.364000+00:00,2026-01-06 08:09:14.546989+00:00,554.364,0.965,0.96,0.97,0.035,0.03,0.04,,,,
2026-01-06 08:09:15.338000+00:00,2026-01-06 08:09:15.543580+00:00,555.338,0.965,0.96,0.97,0.035,0.03,0.04,,,,
2026-01-06 08:09:16.315000+00:00,2026-01-06 08:09:16.541205+00:00,556.315,0.965,0.96,0.97,0.035,0.03,0.04,,,,
2026-01-06 08:09:17.375000+00:00,2026-01-06 08:09:17.552982+00:00,557.375,0.965,0.96,0.97,0.035,0.03,0.04,,,,
2026-01-06 08:09:18.368000+00:00,2026-01-06 08:09:18.561097+00:00,558.368,0.975,0.97,0.98,0.025,0.02,0.03,,,,
2026-01-06 08:09:19.089000+00:00,2026-01-06 08:09:19.578465+00:00,559.089,0.975,0.97,0.98,0.025,0.02,0.03,,,,
2026-01-06 08:09:20.325000+00:00,2026-01-06 08:09:20.576350+00:00,560.325,0.975,0.97,0.98,0.025,0.02,0.03,,,,
2026-01-06 08:09:21.361000+00:00,2026-01-06 08:09:21.576393+00:00,561.361,0.97,0.96,0.98,0.025,0.02,0.03,,,,
2026-01-06 08:09:22.397000+00:00,2026-01-06 08:09:22.578141+00:00,562.397,0.97,0.96,0.98,0.035,0.03,0.04,,,,
2026-01-06 08:09:23.393000+00:00,2026-01-06 08:09:23.584004+00:00,563.393,0.965,0.96,0.97,0.035,0.03,0.04,,,,
2026-01-06 08:09:24.416000+00:00,2026-01-06 08:09:24.592595+00:00,564.416,0.97,0.96,0.98,0.03,0.02,0.04,,,,
2026-01-06 08:09:25.440000+00:00,2026-01-06 08:09:25.615881+00:00,565.44,0.97,0.96,0.98,0.03,0.02,0.04,,,,
2026-01-06 08:09:26.445000+00:00,2026-01-06 08:09:26.627619+00:00,566.445,0.97,0.96,0.98,0.03,0.02,0.04,,,,
2026-01-06 08:09:27.393000+00:00,2026-01-06 08:09:27.642043+00:00,567.393,0.955,0.95,0.96,0.045,0.04,0.05,,,,
2026-01-06 08:09:28.392000+00:00,2026-01-06 08:09:28.666381+00:00,568.392,0.955,0.95,0.96,0.045,0.04,0.05,,,,
2026-01-06 08:09:29.052000+00:00,2026-01-06 08:09:29.684333+00:00,569.052,0.95,0.94,0.96,0.05,0.04,0.06,,,,
2026-01-06 08:09:30.485000+00:00,2026-01-06 08:09:30.697264+00:00,570.485,0.95,0.94,0.96,0.05,0.04,0.06,,,,
2026-01-06 08:09:31.517000+00:00,2026-01-06 08:09:31.709450+00:00,571.517,0.945,0.94,0.95,0.055,0.05,0.06,,,,
2026-01-06 08:09:32.447000+00:00,2026-01-06 08:09:32.699393+00:00,572.447,0.945,0.94,0.95,0.055,0.05,0.06,,,,
2026-01-06 08:09:33.287000+00:00,2026-01-06 08:09:33.701057+00:00,573.287,0.945,0.94,0.95,0.055,0.05,0.06,,,,
2026-01-06 08:09:34.374000+00:00,2026-01-06 08:09:34.706580+00:00,574.374,0.945,0.94,0.95,0.055,0.05,0.06,,,,
2026-01-06 08:09:35.118000+00:00,2026-01-06 08:09:35.707650+00:00,575.118,0.945,0.94,0.95,0.055,0.05,0.06,,,,
2026-01-06 08:09:36.544000+00:00,2026-01-06 08:09:36.721020+00:00,576.544,0.935,0.93,0.94,0.065,0.06,0.07,,,,
2026-01-06 08:09:37.395000+00:00,2026-01-06 08:09:37.721241+00:00,577.395,0.935,0.93,0.94,0.065,0.06,0.07,,,,
2026-01-06 08:09:38.149000+00:00,2026-01-06 08:09:39.720436+00:00,578.149,0.935,0.93,0.94,0.065,0.06,0.07,,,,
2026-01-06 08:09:40.533000+00:00,2026-01-06 08:09:40.714127+00:00,580.533,0.935,0.93,0.94,0.065,0.06,0.07,,,,
2026-01-06 08:09:41.534000+00:00,2026-01-06 08:09:41.714983+00:00,581.534,0.935,0.93,0.94,0.065,0.06,0.07,,,,
2026-01-06 08:09:42.551000+00:00,2026-01-06 08:09:42.731637+00:00,582.551,0.935,0.93,0.94,0.065,0.06,0.07,,,,
2026-01-06 08:09:43.551000+00:00,2026-01-06 08:09:43.747004+00:00,583.551,0.945,0.94,0.95,0.055,0.05,0.06,,,,
2026-01-06 08:09:44.538000+00:00,2026-01-06 08:09:44.742304+00:00,584.538,0.945,0.94,0.95,0.055,0.05,0.06,,,,
2026-01-06 08:09:45.581000+00:00,2026-01-06 08:09:45.761216+00:00,585.581,0.95,0.94,0.96,0.045,0.04,0.05,,,,
2026-01-06 08:09:46.568000+00:00,2026-01-06 08:09:46.778941+00:00,586.568,0.965,0.96,0.97,0.035,0.03,0.04,,,,
2026-01-06 08:09:47.156000+00:00,2026-01-06 08:09:47.794417+00:00,587.156,0.965,0.96,0.97,0.035,0.03,0.04,,,,
2026-01-06 08:09:48.087000+00:00,2026-01-06 08:09:48.805309+00:00,588.087,0.965,0.96,0.97,0.035,0.03,0.04,,,,
2026-01-06 08:09:49.639000+00:00,2026-01-06 08:09:49.820220+00:00,589.639,0.965,0.96,0.97,0.035,0.03,0.04,,,,
2026-01-06 08:09:50.515000+00:00,2026-01-06 08:09:50.835094+00:00,590.515,0.965,0.96,0.97,0.035,0.03,0.04,,,,
2026-01-06 08:09:51.668000+00:00,2026-01-06 08:09:51.856156+00:00,591.668,0.965,0.96,0.97,0.035,0.03,0.04,,,,
2026-01-06 08:09:52.658000+00:00,2026-01-06 08:09:52.871669+00:00,592.658,0.965,0.96,0.97,0.035,0.03,0.04,,,,
2026-01-06 08:09:53.600000+00:00,2026-01-06 08:09:53.892202+00:00,593.6,0.965,0.96,0.97,0.035,0.03,0.04,,,,
2026-01-06 08:09:54.709000+00:00,2026-01-06 08:09:54.910504+00:00,594.709,0.965,0.96,0.97,0.035,0.03,0.04,,,,
2026-01-06 08:09:55.726000+00:00,2026-01-06 08:09:55.909824+00:00,595.726,0.965,0.96,0.97,0.035,0.03,0.04,,,,
2026-01-06 08:09:56.569000+00:00,2026-01-06 08:09:56.897820+00:00,596.569,0.965,0.96,0.97,0.035,0.03,0.04,,,,
2026-01-06 08:09:57.718000+00:00,2026-01-06 08:09:57.897770+00:00,597.718,0.965,0.96,0.97,0.035,0.03,0.04,,,,
2026-01-06 08:09:58.480000+00:00,2026-01-06 08:09:58.913166+00:00,598.48,0.965,0.96,0.97,0.035,0.03,0.04,,,,
2026-01-06 08:09:59.756000+00:00,2026-01-06 08:09:59.926635+00:00,599.756,0.965,0.96,0.97,0.035,0.03,0.04,,,,
2026-01-06 08:10:00.744000+00:00,2026-01-06 08:10:00.933420+00:00,600.744,0.965,0.96,0.97,0.035,0.03,0.04,,,,
2026-01-06 08:10:01.750000+00:00,2026-01-06 08:10:01.926839+00:00,601.75,0.975,0.97,0.98,0.025,0.02,0.03,,,,
2026-01-06 08:10:02.770000+00:00,2026-01-06 08:10:02.942853+00:00,602.77,0.975,0.97,0.98,0.025,0.02,0.03,,,,
2026-01-06 08:10:03.759000+00:00,2026-01-06 08:10:03.941400+00:00,603.759,0.975,0.97,0.98,0.025,0.02,0.03,,,,
2026-01-06 08:10:04.772000+00:00,2026-01-06 08:10:04.943159+00:00,604.772,0.975,0.97,0.98,0.025,0.02,0.03,,,,
2026-01-06 08:10:05.737000+00:00,2026-01-06 08:10:05.945299+00:00,605.737,0.975,0.97,0.98,0.025,0.02,0.03,,,,
2026-01-06 08:10:06.709000+00:00,2026-01-06 08:10:06.944271+00:00,606.709,0.975,0.97,0.98,0.025,0.02,0.03,,,,
2026-01-06 08:10:07.555000+00:00,2026-01-06 08:10:07.951149+00:00,607.555,0.975,0.97,0.98,0.025,0.02,0.03,,,,
2026-01-06 08:10:08.518000+00:00,2026-01-06 08:10:08.952245+00:00,608.518,0.975,0.97,0.98,0.025,0.02,0.03,,,,
2026-01-06 08:10:09.241000+00:00,2026-01-06 08:10:09.944834+00:00,609.241,0.975,0.97,0.98,0.025,0.02,0.03,,,,
2026-01-06 08:10:10.776000+00:00,2026-01-06 08:10:10.951839+00:00,610.776,0.975,0.97,0.98,0.025,0.02,0.03,,,,
2026-01-06 08:10:11.774000+00:00,2026-01-06 08:10:11.954189+00:00,611.774,0.965,0.96,0.97,0.035,0.03,0.04,,,,
2026-01-06 08:10:12.733000+00:00,2026-01-06 08:10:12.965063+00:00,612.733,0.965,0.96,0.97,0.035,0.03,0.04,,,,
2026-01-06 08:10:13.604000+00:00,2026-01-06 08:10:13.967925+00:00,613.604,0.965,0.96,0.97,0.035,0.03,0.04,,,,
2026-01-06 08:10:14.681000+00:00,2026-01-06 08:10:14.983992+00:00,614.681,0.97,0.96,0.98,0.03,0.02,0.04,,,,
2026-01-06 08:10:15.086000+00:00,2026-01-06 08:10:15.997113+00:00,615.086,0.97,0.96,0.98,0.03,0.02,0.04,,,,
2026-01-06 08:10:16.678000+00:00,2026-01-06 08:10:16.997677+00:00,616.678,0.965,0.95,0.98,0.04,0.03,0.05,,,,
2026-01-06 08:10:17.809000+00:00,2026-01-06 08:10:18.992319+00:00,617.809,0.96,0.95,0.97,0.04,0.03,0.05,,,,
2026-01-06 08:10:19.800000+00:00,2026-01-06 08:10:19.995647+00:00,619.8,0.955,0.95,0.96,0.045,0.04,0.05,,,,
2026-01-06 08:10:20.755000+00:00,2026-01-06 08:10:21.008843+00:00,620.755,0.96,0.95,0.97,0.04,0.03,0.05,,,,
2026-01-06 08:10:21.850000+00:00,2026-01-06 08:10:22.025048+00:00,621.85,0.965,0.95,0.98,0.035,0.02,0.05,,,,
2026-01-06 08:10:22.790000+00:00,2026-01-06 08:10:23.025943+00:00,622.79,0.965,0.95,0.98,0.035,0.02,0.05,,,,
2026-01-06 08:10:23.805000+00:00,2026-01-06 08:10:24.024237+00:00,623.805,0.96,0.95,0.97,0.04,0.03,0.05,,,,
2026-01-06 08:10:24.743000+00:00,2026-01-06 08:10:25.029916+00:00,624.743,0.96,0.95,0.97,0.04,0.03,0.05,,,,
2026-01-06 08:10:25.835000+00:00,2026-01-06 08:10:26.031105+00:00,625.835,0.96,0.95,0.97,0.04,0.03,0.05,,,,
2026-01-06 08:10:26.835000+00:00,2026-01-06 08:10:27.033396+00:00,626.835,0.96,0.95,0.97,0.04,0.03,0.05,,,,
2026-01-06 08:10:27.126000+00:00,2026-01-06 08:10:28.046923+00:00,627.126,0.96,0.95,0.97,0.04,0.03,0.05,,,,
2026-01-06 08:10:28.846000+00:00,2026-01-06 08:10:29.060506+00:00,628.846,0.96,0.95,0.97,0.04,0.03,0.05,,,,
2026-01-06 08:10:29.517000+00:00,2026-01-06 08:10:30.058331+00:00,629.517,0.96,0.95,0.97,0.04,0.03,0.05,,,,
2026-01-06 08:10:30.840000+00:00,2026-01-06 08:10:31.064771+00:00,630.84,0.96,0.95,0.97,0.04,0.03,0.05,,,,
2026-01-06 08:10:31.599000+00:00,2026-01-06 08:10:32.086084+00:00,631.599,0.955,0.95,0.96,0.045,0.04,0.05,,,,
2026-01-06 08:10:32.570000+00:00,2026-01-06 08:10:33.090620+00:00,632.57,0.955,0.95,0.96,0.045,0.04,0.05,,,,
2026-01-06 08:10:33.793000+00:00,2026-01-06 08:10:34.096222+00:00,633.793,0.96,0.95,0.97,0.04,0.03,0.05,,,,
2026-01-06 08:10:34.759000+00:00,2026-01-06 08:10:35.119880+00:00,634.759,0.96,0.95,0.97,0.04,0.03,0.05,,,,
2026-01-06 08:10:35.933000+00:00,2026-01-06 08:10:36.121069+00:00,635.933,0.955,0.95,0.96,0.045,0.04,0.05,,,,
2026-01-06 08:10:36.940000+00:00,2026-01-06 08:10:37.119352+00:00,636.94,0.965,0.96,0.97,0.035,0.03,0.04,,,,
2026-01-06 08:10:37.929000+00:00,2026-01-06 08:10:38.112752+00:00,637.929,0.965,0.96,0.97,0.035,0.03,0.04,,,,
2026-01-06 08:10:38.863000+00:00,2026-01-06 08:10:39.113282+00:00,638.863,0.97,0.96,0.98,0.03,0.02,0.04,,,,
2026-01-06 08:10:39.846000+00:00,2026-01-06 08:10:40.112308+00:00,639.846,0.97,0.96,0.98,0.03,0.02,0.04,,,,
2026-01-06 08:10:40.858000+00:00,2026-01-06 08:10:41.110786+00:00,640.858,0.97,0.96,0.98,0.03,0.02,0.04,,,,
2026-01-06 08:10:41.832000+00:00,2026-01-06 08:10:42.114300+00:00,641.832,0.97,0.96,0.98,0.03,0.02,0.04,,,,
2026-01-06 08:10:43.002000+00:00,2026-01-06 08:10:43.139284+00:00,643.002,0.97,0.96,0.98,0.03,0.02,0.04,,,,
2026-01-06 08:10:44.909000+00:00,2026-01-06 08:10:45.208201+00:00,644.909,0.97,0.96,0.98,0.03,0.02,0.04,,,,
2026-01-06 08:10:45.918000+00:00,2026-01-06 08:10:46.220814+00:00,645.918,0.97,0.96,0.98,0.03,0.02,0.04,,,,
2026-01-06 08:10:46.622000+00:00,2026-01-06 08:10:47.238208+00:00,646.622,0.97,0.96,0.98,0.03,0.02,0.04,,,,
2026-01-06 08:10:47.968000+00:00,2026-01-06 08:10:48.242229+00:00,647.968,0.965,0.96,0.97,0.035,0.03,0.04,,,,
2026-01-06 08:10:49.152000+00:00,2026-01-06 08:10:49.254996+00:00,649.152,0.965,0.96,0.97,0.035,0.03,0.04,,,,
2026-01-06 08:10:50.049000+00:00,2026-01-06 08:10:50.255082+00:00,650.049,0.965,0.96,0.97,0.035,0.03,0.04,,,,
2026-01-06 08:10:51.958000+00:00,2026-01-06 08:10:52.260982+00:00,651.958,0.965,0.96,0.97,0.035,0.03,0.04,,,,
2026-01-06 08:10:53.634000+00:00,2026-01-06 08:10:54.278893+00:00,653.634,0.965,0.96,0.97,0.035,0.03,0.04,,,,
2026-01-06 08:10:54.962000+00:00,2026-01-06 08:10:55.296056+00:00,654.962,0.965,0.96,0.97,0.035,0.03,0.04,,,,
2026-01-06 08:10:55.871000+00:00,2026-01-06 08:10:56.308061+00:00,655.871,0.965,0.96,0.97,0.035,0.03,0.04,,,,
2026-01-06 08:10:56.988000+00:00,2026-01-06 08:10:57.323155+00:00,656.988,0.965,0.96,0.97,0.035,0.03,0.04,,,,
2026-01-06 08:10:57.976000+00:00,2026-01-06 08:10:58.325682+00:00,657.976,0.965,0.96,0.97,0.035,0.03,0.04,,,,
2026-01-06 08:10:59.121000+00:00,2026-01-06 08:10:59.328904+00:00,659.121,0.965,0.96,0.97,0.035,0.03,0.04,,,,
2026-01-06 08:11:00.165000+00:00,2026-01-06 08:11:00.348271+00:00,660.165,0.965,0.96,0.97,0.035,0.03,0.04,,,,
2026-01-06 08:11:01.163000+00:00,2026-01-06 08:11:01.361943+00:00,661.163,0.965,0.96,0.97,0.035,0.03,0.04,,,,
2026-01-06 08:11:02.173000+00:00,2026-01-06 08:11:02.372341+00:00,662.173,0.965,0.96,0.97,0.035,0.03,0.04,,,,
2026-01-06 08:11:03.002000+00:00,2026-01-06 08:11:03.371354+00:00,663.002,0.965,0.96,0.97,0.035,0.03,0.04,,,,
2026-01-06 08:11:04.175000+00:00,2026-01-06 08:11:04.389254+00:00,664.175,0.965,0.96,0.97,0.035,0.03,0.04,,,,
2026-01-06 08:11:05.183000+00:00,2026-01-06 08:11:05.401520+00:00,665.183,0.965,0.96,0.97,0.035,0.03,0.04,,,,
2026-01-06 08:11:06.220000+00:00,2026-01-06 08:11:06.407691+00:00,666.22,0.965,0.96,0.97,0.035,0.03,0.04,,,,
2026-01-06 08:11:07.157000+00:00,2026-01-06 08:11:07.428264+00:00,667.157,0.965,0.96,0.97,0.03,0.02,0.04,,,,
2026-01-06 08:11:08.264000+00:00,2026-01-06 08:11:08.453510+00:00,668.264,0.975,0.97,0.98,0.025,0.02,0.03,,,,
2026-01-06 08:11:09.278000+00:00,2026-01-06 08:11:09.458026+00:00,669.278,0.975,0.97,0.98,0.025,0.02,0.03,,,,
2026-01-06 08:11:10.228000+00:00,2026-01-06 08:11:10.457959+00:00,670.228,0.975,0.97,0.98,0.025,0.02,0.03,,,,
2026-01-06 08:11:11.238000+00:00,2026-01-06 08:11:11.475933+00:00,671.238,0.975,0.97,0.98,0.025,0.02,0.03,,,,
2026-01-06 08:11:12.162000+00:00,2026-01-06 08:11:12.467054+00:00,672.162,0.975,0.97,0.98,0.025,0.02,0.03,,,,
2026-01-06 08:11:13.320000+00:00,2026-01-06 08:11:13.479004+00:00,673.32,0.975,0.97,0.98,0.025,0.02,0.03,,,,
2026-01-06 08:11:14.236000+00:00,2026-01-06 08:11:14.482070+00:00,674.236,0.975,0.97,0.98,0.025,0.02,0.03,,,,
2026-01-06 08:11:15.316000+00:00,2026-01-06 08:11:15.497650+00:00,675.316,0.975,0.97,0.98,0.025,0.02,0.03,,,,
2026-01-06 08:11:16.314000+00:00,2026-01-06 08:11:16.507452+00:00,676.314,0.975,0.97,0.98,0.025,0.02,0.03,,,,
2026-01-06 08:11:17.260000+00:00,2026-01-06 08:11:17.533130+00:00,677.26,0.975,0.97,0.98,0.025,0.02,0.03,,,,
2026-01-06 08:11:18.321000+00:00,2026-01-06 08:11:18.523455+00:00,678.321,0.975,0.97,0.98,0.025,0.02,0.03,,,,
2026-01-06 08:11:19.336000+00:00,2026-01-06 08:11:19.530514+00:00,679.336,0.975,0.97,0.98,0.025,0.02,0.03,,,,
2026-01-06 08:11:20.371000+00:00,2026-01-06 08:11:20.552206+00:00,680.371,0.975,0.97,0.98,0.02,0.01,0.03,,,,
2026-01-06 08:11:21.378000+00:00,2026-01-06 08:11:21.559096+00:00,681.378,0.98,0.97,0.99,0.02,0.01,0.03,,,,
2026-01-06 08:11:22.358000+00:00,2026-01-06 08:11:22.561928+00:00,682.358,0.98,0.97,0.99,0.02,0.01,0.03,,,,
2026-01-06 08:11:23.385000+00:00,2026-01-06 08:11:23.570920+00:00,683.385,0.965,0.96,0.97,0.035,0.03,0.04,,,,
2026-01-06 08:11:24.352000+00:00,2026-01-06 08:11:24.577130+00:00,684.352,0.965,0.96,0.97,0.03,0.02,0.04,,,,
2026-01-06 08:11:25.234000+00:00,2026-01-06 08:11:25.590365+00:00,685.234,0.97,0.96,0.98,0.03,0.02,0.04,,,,
2026-01-06 08:11:26.212000+00:00,2026-01-06 08:11:26.601662+00:00,686.212,0.965,0.96,0.97,0.035,0.03,0.04,,,,
2026-01-06 08:11:27.425000+00:00,2026-01-06 08:11:27.631375+00:00,687.425,0.965,0.96,0.97,0.035,0.03,0.04,,,,
2026-01-06 08:11:28.228000+00:00,2026-01-06 08:11:28.645712+00:00,688.228,0.965,0.96,0.97,0.035,0.03,0.04,,,,
2026-01-06 08:11:29.458000+00:00,2026-01-06 08:11:29.661956+00:00,689.458,0.965,0.96,0.97,0.025,0.02,0.03,,,,
2026-01-06 08:11:30.479000+00:00,2026-01-06 08:11:30.660937+00:00,690.479,0.975,0.97,0.98,0.025,0.02,0.03,,,,
2026-01-06 08:11:31.494000+00:00,2026-01-06 08:11:31.673704+00:00,691.494,0.975,0.97,0.98,0.025,0.02,0.03,,,,
2026-01-06 08:11:32.411000+00:00,2026-01-06 08:11:32.686027+00:00,692.411,0.975,0.97,0.98,0.025,0.02,0.03,,,,
2026-01-06 08:11:33.433000+00:00,2026-01-06 08:11:33.709487+00:00,693.433,0.975,0.97,0.98,0.025,0.02,0.03,,,,
2026-01-06 08:11:34.555000+00:00,2026-01-06 08:11:34.725527+00:00,694.555,0.975,0.97,0.98,0.025,0.02,0.03,,,,
2026-01-06 08:11:35.563000+00:00,2026-01-06 08:11:35.745269+00:00,695.563,0.975,0.97,0.98,0.025,0.02,0.03,,,,
2026-01-06 08:11:36.508000+00:00,2026-01-06 08:11:36.745261+00:00,696.508,0.975,0.97,0.98,0.025,0.02,0.03,,,,
2026-01-06 08:11:37.547000+00:00,2026-01-06 08:11:37.755353+00:00,697.547,0.975,0.97,0.98,0.025,0.02,0.03,,,,
2026-01-06 08:11:38.567000+00:00,2026-01-06 08:11:38.756961+00:00,698.567,0.975,0.97,0.98,0.025,0.02,0.03,,,,
2026-01-06 08:11:39.592000+00:00,2026-01-06 08:11:39.772832+00:00,699.592,0.975,0.97,0.98,0.025,0.02,0.03,,,,
2026-01-06 08:11:40.594000+00:00,2026-01-06 08:11:40.770279+00:00,700.594,0.985,0.98,0.99,0.015,0.01,0.02,,,,
2026-01-06 08:11:41.595000+00:00,2026-01-06 08:11:41.779880+00:00,701.595,0.985,0.98,0.99,0.015,0.01,0.02,,,,
2026-01-06 08:11:42.616000+00:00,2026-01-06 08:11:42.793052+00:00,702.616,0.98,0.97,0.99,0.02,0.01,0.03,,,,
2026-01-06 08:11:43.595000+00:00,2026-01-06 08:11:43.791562+00:00,703.595,0.98,0.97,0.99,0.02,0.01,0.03,,,,
2026-01-06 08:11:44.553000+00:00,2026-01-06 08:11:44.793411+00:00,704.553,0.975,0.97,0.98,0.025,0.02,0.03,,,,
2026-01-06 08:11:45.181000+00:00,2026-01-06 08:11:45.793908+00:00,705.181,0.975,0.97,0.98,0.025,0.02,0.03,,,,
2026-01-06 08:11:46.599000+00:00,2026-01-06 08:11:46.792759+00:00,706.599,0.985,0.98,0.99,0.015,0.01,0.02,,,,
2026-01-06 08:11:47.610000+00:00,2026-01-06 08:11:47.794489+00:00,707.61,0.985,0.98,0.99,0.015,0.01,0.02,,,,
2026-01-06 08:11:48.550000+00:00,2026-01-06 08:11:48.810077+00:00,708.55,0.985,0.98,0.99,0.015,0.01,0.02,,,,
2026-01-06 08:11:49.569000+00:00,2026-01-06 08:11:49.813369+00:00,709.569,0.98,0.97,0.99,0.02,0.01,0.03,,,,
2026-01-06 08:11:50.362000+00:00,2026-01-06 08:11:50.818944+00:00,710.362,0.98,0.97,0.99,0.02,0.01,0.03,,,,
2026-01-06 08:11:51.613000+00:00,2026-01-06 08:11:51.826693+00:00,711.613,0.975,0.97,0.98,0.02,0.01,0.03,,,,
2026-01-06 08:11:52.636000+00:00,2026-01-06 08:11:52.829996+00:00,712.636,0.975,0.97,0.98,0.02,0.01,0.03,,,,
2026-01-06 08:11:53.568000+00:00,2026-01-06 08:11:53.846578+00:00,713.568,0.985,0.98,0.99,0.015,0.01,0.02,,,,
2026-01-06 08:11:54.597000+00:00,2026-01-06 08:11:54.858156+00:00,714.597,0.985,0.98,0.99,0.015,0.01,0.02,,,,
2026-01-06 08:11:55.176000+00:00,2026-01-06 08:11:55.876307+00:00,715.176,0.985,0.98,0.99,0.015,0.01,0.02,,,,
2026-01-06 08:11:56.571000+00:00,2026-01-06 08:11:56.888806+00:00,716.571,0.985,0.98,0.99,0.015,0.01,0.02,,,,
2026-01-06 08:11:57.002000+00:00,2026-01-06 08:11:57.905982+00:00,717.002,0.985,0.98,0.99,0.015,0.01,0.02,,,,
2026-01-06 08:11:58.499000+00:00,2026-01-06 08:11:58.906208+00:00,718.499,0.985,0.98,0.99,0.015,0.01,0.02,,,,
2026-01-06 08:11:59.676000+00:00,2026-01-06 08:11:59.918658+00:00,719.676,0.985,0.98,0.99,0.015,0.01,0.02,,,,
2026-01-06 08:12:00.705000+00:00,2026-01-06 08:12:00.934294+00:00,720.705,0.985,0.98,0.99,0.015,0.01,0.02,,,,
2026-01-06 08:12:01.745000+00:00,2026-01-06 08:12:01.929964+00:00,721.745,0.985,0.98,0.99,0.015,0.01,0.02,,,,
2026-01-06 08:12:02.494000+00:00,2026-01-06 08:12:02.943560+00:00,722.494,0.985,0.98,0.99,0.015,0.01,0.02,,,,
2026-01-06 08:12:03.693000+00:00,2026-01-06 08:12:03.955692+00:00,723.693,0.985,0.98,0.99,0.015,0.01,0.02,,,,
2026-01-06 08:12:04.787000+00:00,2026-01-06 08:12:04.962858+00:00,724.787,0.985,0.98,0.99,0.015,0.01,0.02,,,,
2026-01-06 08:12:05.796000+00:00,2026-01-06 08:12:05.971284+00:00,725.796,0.985,0.98,0.99,0.015,0.01,0.02,,,,
2026-01-06 08:12:06.712000+00:00,2026-01-06 08:12:06.978618+00:00,726.712,0.985,0.98,0.99,0.015,0.01,0.02,,,,
2026-01-06 08:12:07.775000+00:00,2026-01-06 08:12:08.000093+00:00,727.775,0.985,0.98,0.99,0.015,0.01,0.02,,,,
2026-01-06 08:12:08.787000+00:00,2026-01-06 08:12:08.992486+00:00,728.787,0.975,0.97,0.98,0.025,0.02,0.03,,,,
2026-01-06 08:12:09.394000+00:00,2026-01-06 08:12:09.995510+00:00,729.394,0.985,0.98,0.99,0.015,0.01,0.02,,,,
2026-01-06 08:12:10.822000+00:00,2026-01-06 08:12:11.002121+00:00,730.822,0.98,0.97,0.99,0.02,0.01,0.03,,,,
2026-01-06 08:12:11.799000+00:00,2026-01-06 08:12:11.995149+00:00,731.799,0.98,0.97,0.99,0.02,0.01,0.03,,,,
2026-01-06 08:12:12.791000+00:00,2026-01-06 08:12:12.994726+00:00,732.791,0.98,0.97,0.99,0.02,0.01,0.03,,,,
2026-01-06 08:12:13.796000+00:00,2026-01-06 08:12:14.009711+00:00,733.796,0.985,0.98,0.99,0.015,0.01,0.02,,,,
2026-01-06 08:12:14.664000+00:00,2026-01-06 08:12:15.010629+00:00,734.664,0.98,0.97,0.99,0.02,0.01,0.03,,,,
2026-01-06 08:12:15.774000+00:00,2026-01-06 08:12:16.003678+00:00,735.774,0.985,0.98,0.99,0.015,0.01,0.02,,,,
2026-01-06 08:12:16.069000+00:00,2026-01-06 08:12:17.004436+00:00,736.069,0.98,0.97,0.99,0.02,0.01,0.03,,,,
2026-01-06 08:12:17.568000+00:00,2026-01-06 08:12:18.001977+00:00,737.568,0.98,0.97,0.99,0.02,0.01,0.03,,,,
2026-01-06 08:12:18.650000+00:00,2026-01-06 08:12:19.010620+00:00,738.65,0.985,0.98,0.99,0.015,0.01,0.02,,,,
2026-01-06 08:12:19.372000+00:00,2026-01-06 08:12:20.011505+00:00,739.372,0.985,0.98,0.99,0.015,0.01,0.02,,,,
2026-01-06 08:12:20.167000+00:00,2026-01-06 08:12:21.020845+00:00,740.167,0.985,0.98,0.99,0.015,0.01,0.02,,,,
2026-01-06 08:12:21.082000+00:00,2026-01-06 08:12:22.021403+00:00,741.082,0.985,0.98,0.99,0.015,0.01,0.02,,,,
2026-01-06 08:12:22.838000+00:00,2026-01-06 08:12:23.021255+00:00,742.838,0.985,0.98,0.99,0.015,0.01,0.02,,,,
2026-01-06 08:12:23.758000+00:00,2026-01-06 08:12:24.030596+00:00,743.758,0.985,0.98,0.99,0.015,0.01,0.02,,,,
2026-01-06 08:12:24.839000+00:00,2026-01-06 08:12:25.042437+00:00,744.839,0.985,0.98,0.99,0.015,0.01,0.02,,,,
2026-01-06 08:12:25.342000+00:00,2026-01-06 08:12:26.054472+00:00,745.342,0.985,0.98,0.99,0.015,0.01,0.02,,,,
2026-01-06 08:12:26.658000+00:00,2026-01-06 08:12:27.073431+00:00,746.658,0.985,0.98,0.99,0.015,0.01,0.02,,,,
2026-01-06 08:12:27.274000+00:00,2026-01-06 08:12:28.075166+00:00,747.274,0.985,0.98,0.99,0.015,0.01,0.02,,,,
2026-01-06 08:12:28.896000+00:00,2026-01-06 08:12:29.091944+00:00,748.896,0.985,0.98,0.99,0.015,0.01,0.02,,,,
2026-01-06 08:12:29.657000+00:00,2026-01-06 08:12:30.110823+00:00,749.657,0.985,0.98,0.99,0.015,0.01,0.02,,,,
2026-01-06 08:12:30.837000+00:00,2026-01-06 08:12:31.125262+00:00,750.837,0.985,0.98,0.99,0.015,0.01,0.02,,,,
2026-01-06 08:12:31.640000+00:00,2026-01-06 08:12:32.127217+00:00,751.64,0.985,0.98,0.99,0.015,0.01,0.02,,,,
2026-01-06 08:12:32.948000+00:00,2026-01-06 08:12:33.127903+00:00,752.948,0.985,0.98,0.99,0.025,0.02,0.03,,,,
2026-01-06 08:12:33.949000+00:00,2026-01-06 08:12:34.125182+00:00,753.949,0.975,0.97,0.98,0.025,0.02,0.03,,,,
2026-01-06 08:12:34.693000+00:00,2026-01-06 08:12:35.141049+00:00,754.693,0.975,0.97,0.98,0.025,0.02,0.03,,,,
2026-01-06 08:12:35.934000+00:00,2026-01-06 08:12:36.144895+00:00,755.934,0.97,0.96,0.98,0.035,0.03,0.04,,,,
2026-01-06 08:12:36.936000+00:00,2026-01-06 08:12:37.158572+00:00,756.936,0.985,0.98,0.99,0.015,0.01,0.02,,,,
2026-01-06 08:12:37.879000+00:00,2026-01-06 08:12:38.174184+00:00,757.879,0.985,0.98,0.99,0.015,0.01,0.02,,,,
2026-01-06 08:12:38.736000+00:00,2026-01-06 08:12:39.170729+00:00,758.736,0.985,0.98,0.99,0.025,0.02,0.03,,,,
2026-01-06 08:12:39.955000+00:00,2026-01-06 08:12:40.171194+00:00,759.955,0.975,0.96,0.99,0.025,0.01,0.04,,,,
2026-01-06 08:12:40.973000+00:00,2026-01-06 08:12:41.182612+00:00,760.973,0.955,0.95,0.96,0.04,0.03,0.05,,,,
2026-01-06 08:12:41.973000+00:00,2026-01-06 08:12:42.189839+00:00,761.973,0.97,0.96,0.98,0.035,0.02,0.05,,,,
2026-01-06 08:12:42.889000+00:00,2026-01-06 08:12:43.185494+00:00,762.889,0.96,0.95,0.97,0.04,0.03,0.05,,,,
2026-01-06 08:12:43.954000+00:00,2026-01-06 08:12:44.200355+00:00,763.954,0.96,0.95,0.97,0.04,0.03,0.05,,,,
2026-01-06 08:12:44.979000+00:00,2026-01-06 08:12:45.204550+00:00,764.979,0.965,0.95,0.98,0.035,0.02,0.05,,,,
2026-01-06 08:12:46.032000+00:00,2026-01-06 08:12:46.208258+00:00,766.032,0.955,0.95,0.96,0.045,0.04,0.05,,,,
2026-01-06 08:12:47.941000+00:00,2026-01-06 08:12:48.213116+00:00,767.941,0.965,0.96,0.97,0.035,0.03,0.04,,,,
2026-01-06 08:12:48.961000+00:00,2026-01-06 08:12:49.240850+00:00,768.961,0.955,0.95,0.96,0.045,0.04,0.05,,,,
2026-01-06 08:12:50.060000+00:00,2026-01-06 08:12:50.245557+00:00,770.06,0.965,0.95,0.98,0.035,0.02,0.05,,,,
2026-01-06 08:12:51.048000+00:00,2026-01-06 08:12:51.260891+00:00,771.048,0.955,0.95,0.96,0.045,0.04,0.05,,,,
2026-01-06 08:12:52.961000+00:00,2026-01-06 08:12:53.257503+00:00,772.961,0.965,0.96,0.97,0.035,0.03,0.04,,,,
2026-01-06 08:12:54.094000+00:00,2026-01-06 08:12:54.269841+00:00,774.094,0.965,0.96,0.97,0.035,0.03,0.04,,,,
2026-01-06 08:12:55.045000+00:00,2026-01-06 08:12:55.270858+00:00,775.045,0.965,0.96,0.97,0.035,0.03,0.04,,,,
2026-01-06 08:12:56.038000+00:00,2026-01-06 08:12:56.270524+00:00,776.038,0.965,0.96,0.97,0.035,0.03,0.04,,,,
2026-01-06 08:12:57.052000+00:00,2026-01-06 08:12:57.286391+00:00,777.052,0.97,0.96,0.98,0.03,0.02,0.04,,,,
2026-01-06 08:12:58.056000+00:00,2026-01-06 08:12:58.286337+00:00,778.056,0.97,0.96,0.98,0.025,0.01,0.04,,,,
2026-01-06 08:12:59.066000+00:00,2026-01-06 08:12:59.285566+00:00,779.066,0.975,0.96,0.99,0.035,0.02,0.05,,,,
2026-01-06 08:13:00.114000+00:00,2026-01-06 08:13:00.292497+00:00,780.114,0.975,0.97,0.98,0.025,0.02,0.03,,,,
2026-01-06 08:13:01.688000+00:00,2026-01-06 08:13:02.301822+00:00,781.688,0.98,0.97,0.99,0.02,0.01,0.03,,,,
2026-01-06 08:13:03+00:00,2026-01-06 08:13:03.296583+00:00,783.0,0.98,0.97,0.99,0.02,0.01,0.03,,,,
2026-01-06 08:13:04.125000+00:00,2026-01-06 08:13:04.306649+00:00,784.125,0.975,0.96,0.99,0.02,0.01,0.03,,,,
2026-01-06 08:13:05.092000+00:00,2026-01-06 08:13:05.315299+00:00,785.092,0.98,0.97,0.99,0.02,0.01,0.03,,,,
2026-01-06 08:13:06.137000+00:00,2026-01-06 08:13:06.325054+00:00,786.137,0.98,0.97,0.99,0.02,0.01,0.03,,,,
2026-01-06 08:13:07.124000+00:00,2026-01-06 08:13:07.339835+00:00,787.124,0.975,0.96,0.99,0.03,0.02,0.04,,,,
2026-01-06 08:13:08.001000+00:00,2026-01-06 08:13:08.352337+00:00,788.001,0.975,0.96,0.99,0.025,0.01,0.04,,,,
2026-01-06 08:13:09.155000+00:00,2026-01-06 08:13:09.354506+00:00,789.155,0.975,0.96,0.99,0.025,0.01,0.04,,,,
2026-01-06 08:13:10.152000+00:00,2026-01-06 08:13:10.374080+00:00,790.152,0.975,0.96,0.99,0.025,0.01,0.04,,,,
2026-01-06 08:13:11.154000+00:00,2026-01-06 08:13:11.372887+00:00,791.154,0.965,0.96,0.97,0.035,0.03,0.04,,,,
2026-01-06 08:13:12.144000+00:00,2026-01-06 08:13:12.371022+00:00,792.144,0.975,0.97,0.98,0.025,0.02,0.03,,,,
2026-01-06 08:13:13.146000+00:00,2026-01-06 08:13:13.385587+00:00,793.146,0.965,0.96,0.97,0.035,0.03,0.04,,,,
2026-01-06 08:13:14.107000+00:00,2026-01-06 08:13:14.403205+00:00,794.107,0.965,0.96,0.97,0.015,0.01,0.02,,,,
2026-01-06 08:13:15.220000+00:00,2026-01-06 08:13:15.402237+00:00,795.22,0.985,0.98,0.99,0.015,0.01,0.02,,,,
2026-01-06 08:13:16.982000+00:00,2026-01-06 08:13:17.404398+00:00,796.982,0.985,0.98,0.99,0.015,0.01,0.02,,,,
2026-01-06 08:13:18.042000+00:00,2026-01-06 08:13:18.419220+00:00,798.042,0.985,0.98,0.99,0.015,0.01,0.02,,,,
2026-01-06 08:13:19.179000+00:00,2026-01-06 08:13:19.435679+00:00,799.179,0.985,0.98,0.99,0.015,0.01,0.02,,,,
2026-01-06 08:13:20.208000+00:00,2026-01-06 08:13:20.449164+00:00,800.208,0.985,0.98,0.99,0.015,0.01,0.02,,,,
2026-01-06 08:13:21.048000+00:00,2026-01-06 08:13:21.469225+00:00,801.048,0.98,0.97,0.99,0.02,0.01,0.03,,,,
2026-01-06 08:13:22.211000+00:00,2026-01-06 08:13:22.485865+00:00,802.211,0.975,0.97,0.98,0.025,0.02,0.03,,,,
2026-01-06 08:13:23.122000+00:00,2026-01-06 08:13:23.490738+00:00,803.122,0.98,0.97,0.99,0.035,0.03,0.04,,,,
2026-01-06 08:13:24.958000+00:00,2026-01-06 08:13:25.533354+00:00,804.958,0.965,0.96,0.97,0.035,0.03,0.04,,,,
2026-01-06 08:13:26.281000+00:00,2026-01-06 08:13:26.545859+00:00,806.281,0.975,0.96,0.99,0.025,0.01,0.04,,,,
2026-01-06 08:13:27.296000+00:00,2026-01-06 08:13:27.542297+00:00,807.296,0.985,0.98,0.99,0.015,0.01,0.02,,,,
2026-01-06 08:13:28.338000+00:00,2026-01-06 08:13:28.541227+00:00,808.338,0.985,0.98,0.99,0.015,0.01,0.02,,,,
2026-01-06 08:13:29.337000+00:00,2026-01-06 08:13:29.536031+00:00,809.337,0.985,0.98,0.99,0.015,0.01,0.02,,,,
2026-01-06 08:13:30.310000+00:00,2026-01-06 08:13:30.532032+00:00,810.31,0.985,0.98,0.99,0.015,0.01,0.02,,,,
2026-01-06 08:13:31.341000+00:00,2026-01-06 08:13:31.534625+00:00,811.341,0.985,0.98,0.99,0.015,0.01,0.02,,,,
2026-01-06 08:13:32.319000+00:00,2026-01-06 08:13:32.550427+00:00,812.319,0.985,0.98,0.99,0.015,0.01,0.02,,,,
2026-01-06 08:13:33.671000+00:00,2026-01-06 08:13:34.568756+00:00,813.671,0.98,0.98,,0.02,,0.02,,,,
2026-01-06 08:13:34.743000+00:00,2026-01-06 08:13:35.569879+00:00,814.743,0.99,0.99,,0.01,,0.01,,,,
2026-01-06 08:13:36.290000+00:00,2026-01-06 08:13:36.585093+00:00,816.29,0.99,0.99,,0.01,,0.01,,,,
2026-01-06 08:13:37.723000+00:00,2026-01-06 08:13:38.601417+00:00,817.723,0.99,0.99,,0.01,,0.01,,,,
2026-01-06 08:13:38.710000+00:00,2026-01-06 08:13:39.613457+00:00,818.71,0.99,0.99,,0.01,,0.01,,,,
2026-01-06 08:13:40.972000+00:00,2026-01-06 08:13:41.618240+00:00,820.972,0.99,0.99,,0.01,,0.01,,,,
2026-01-06 08:13:42.238000+00:00,2026-01-06 08:13:42.610041+00:00,822.238,0.98,0.98,,0.02,,0.02,,,,
2026-01-06 08:13:43.286000+00:00,2026-01-06 08:13:43.622624+00:00,823.286,0.99,0.99,,0.01,,0.01,,,,
2026-01-06 08:13:44.638000+00:00,2026-01-06 08:13:45.615769+00:00,824.638,0.99,0.99,,0.01,,0.01,,,,
2026-01-06 08:13:45.917000+00:00,2026-01-06 08:13:46.618516+00:00,825.917,0.99,0.99,,0.01,,0.01,,,,
2026-01-06 08:13:46.878000+00:00,2026-01-06 08:13:47.622428+00:00,826.878,0.99,0.99,,0.01,,0.01,,,,
2026-01-06 08:13:48.333000+00:00,2026-01-06 08:13:48.639273+00:00,828.333,0.99,0.99,,0.01,,0.01,,,,
2026-01-06 08:13:49.311000+00:00,2026-01-06 08:13:49.651188+00:00,829.311,0.99,0.99,,0.01,,0.01,,,,
2026-01-06 08:13:50.465000+00:00,2026-01-06 08:13:50.653795+00:00,830.465,0.99,0.99,,0.01,,0.01,,,,
2026-01-06 08:13:51.476000+00:00,2026-01-06 08:13:51.651555+00:00,831.476,0.99,0.99,,0.01,,0.01,,,,
2026-01-06 08:13:52.307000+00:00,2026-01-06 08:13:52.671493+00:00,832.307,0.99,0.99,,0.01,,0.01,,,,
2026-01-06 08:13:53.573000+00:00,2026-01-06 08:13:56.714714+00:00,833.573,0.99,0.99,,0.01,,0.01,,,,
2026-01-06 08:13:57.192000+00:00,2026-01-06 08:13:57.725495+00:00,837.192,0.99,0.99,,0.01,,0.01,,,,
2026-01-06 08:13:58.864000+00:00,2026-01-06 08:13:59.736069+00:00,838.864,0.99,0.99,,0.01,,0.01,,,,
2026-01-06 08:14:00.648000+00:00,2026-01-06 08:14:00.976552+00:00,840.648,0.99,0.99,,0.01,,0.01,,,,
2026-01-06 08:14:01.563000+00:00,2026-01-06 08:14:01.755117+00:00,841.563,0.99,0.99,,0.01,,0.01,,,,
2026-01-06 08:14:02.562000+00:00,2026-01-06 08:14:02.757707+00:00,842.562,0.99,0.99,,0.01,,0.01,,,,
2026-01-06 08:14:03.134000+00:00,2026-01-06 08:14:03.767412+00:00,843.134,0.99,0.99,,0.01,,0.01,,,,
2026-01-06 08:14:04.589000+00:00,2026-01-06 08:14:04.769521+00:00,844.589,0.99,0.99,,0.01,,0.01,,,,
2026-01-06 08:14:05.731000+00:00,2026-01-06 08:14:06.789137+00:00,845.731,0.99,0.99,,0.01,,0.01,,,,
2026-01-06 08:14:07.163000+00:00,2026-01-06 08:14:09.819741+00:00,847.163,0.99,0.99,,0.01,,0.01,,,,
2026-01-06 08:14:10.056000+00:00,2026-01-06 08:14:10.837608+00:00,850.056,0.99,0.99,,0.01,,0.01,,,,
2026-01-06 08:14:11.201000+00:00,2026-01-06 08:14:11.837970+00:00,851.201,0.99,0.99,,0.01,,0.01,,,,
2026-01-06 08:14:12.380000+00:00,2026-01-06 08:14:12.849157+00:00,852.38,0.99,0.99,,0.01,,0.01,,,,
2026-01-06 08:14:13.879000+00:00,2026-01-06 08:14:16.869229+00:00,853.879,0.99,0.99,,0.01,,0.01,,,,
2026-01-06 08:14:17.149000+00:00,2026-01-06 08:14:17.885159+00:00,857.149,0.99,0.99,,0.01,,0.01,,,,
2026-01-06 08:14:18.703000+00:00,2026-01-06 08:14:18.902398+00:00,858.703,0.99,0.99,,0.01,,0.01,,,,
2026-01-06 08:14:19.062000+00:00,2026-01-06 08:14:21.908060+00:00,859.062,0.99,0.99,,0.01,,0.01,,,,
2026-01-06 08:14:22.340000+00:00,2026-01-06 08:14:22.916498+00:00,862.34,0.99,0.99,,0.01,,0.01,,,,
2026-01-06 08:14:23.662000+00:00,2026-01-06 08:14:23.922865+00:00,863.662,0.99,0.99,,0.01,,0.01,,,,
2026-01-06 08:14:24.580000+00:00,2026-01-06 08:14:24.939207+00:00,864.58,0.99,0.99,,0.01,,0.01,,,,
2026-01-06 08:14:25.217000+00:00,2026-01-06 08:14:25.955100+00:00,865.217,0.99,0.99,,0.01,,0.01,,,,
2026-01-06 08:14:26.556000+00:00,2026-01-06 08:14:26.971901+00:00,866.556,0.99,0.99,,0.01,,0.01,,,,
2026-01-06 08:14:27.069000+00:00,2026-01-06 08:14:29.003405+00:00,867.069,0.99,0.99,,0.01,,0.01,,,,
2026-01-06 08:14:29.753000+00:00,2026-01-06 08:14:30.003500+00:00,869.753,0.99,0.99,,0.01,,0.01,,,,
2026-01-06 08:14:30.857000+00:00,2026-01-06 08:14:31.020623+00:00,870.857,0.99,0.99,,0.01,,0.01,,,,
2026-01-06 08:14:31.846000+00:00,2026-01-06 08:14:32.037728+00:00,871.846,0.99,0.99,,0.01,,0.01,,,,
2026-01-06 08:14:32.769000+00:00,2026-01-06 08:14:33.058079+00:00,872.769,0.99,0.99,,0.01,,0.01,,,,
2026-01-06 08:14:33.671000+00:00,2026-01-06 08:14:34.070526+00:00,873.671,0.99,0.99,,0.01,,0.01,,,,
2026-01-06 08:14:34.851000+00:00,2026-01-06 08:14:35.086087+00:00,874.851,0.99,0.99,,0.01,,0.01,,,,
2026-01-06 08:14:35.479000+00:00,2026-01-06 08:14:36.080994+00:00,875.479,0.99,0.99,,0.01,,0.01,,,,
2026-01-06 08:14:36.540000+00:00,2026-01-06 08:14:37.087526+00:00,876.54,0.99,0.99,,0.01,,0.01,,,,
2026-01-06 08:14:37.747000+00:00,2026-01-06 08:14:38.088047+00:00,877.747,0.99,0.99,,0.01,,0.01,,,,
2026-01-06 08:14:38.235000+00:00,2026-01-06 08:14:39.107022+00:00,878.235,0.99,0.99,,0.01,,0.01,,,,
2026-01-06 08:14:39.425000+00:00,2026-01-06 08:14:40.118189+00:00,879.425,0.99,0.99,,0.01,,0.01,,,,
2026-01-06 08:14:40.623000+00:00,2026-01-06 08:14:41.139936+00:00,880.623,0.99,0.99,,0.01,,0.01,,,,
2026-01-06 08:14:41.857000+00:00,2026-01-06 08:14:42.145769+00:00,881.857,0.99,0.99,,0.01,,0.01,,,,
2026-01-06 08:14:42.899000+00:00,2026-01-06 08:14:43.152459+00:00,882.899,0.99,0.99,,0.01,,0.01,,,,
2026-01-06 08:14:43.712000+00:00,2026-01-06 08:14:44.175879+00:00,883.712,0.99,0.99,,0.01,,0.01,,,,
2026-01-06 08:14:44.766000+00:00,2026-01-06 08:14:45.185984+00:00,884.766,0.99,0.99,,0.01,,0.01,,,,
2026-01-06 08:14:45.969000+00:00,2026-01-06 08:14:46.186692+00:00,885.969,0.99,0.99,,0.01,,0.01,,,,
2026-01-06 08:14:46.201000+00:00,2026-01-06 08:14:47.194749+00:00,886.201,0.99,0.99,,0.01,,0.01,,,,
2026-01-06 08:14:47.946000+00:00,2026-01-06 08:14:49.195549+00:00,887.946,0.99,0.99,,0.01,,0.01,,,,
2026-01-06 08:14:49.707000+00:00,2026-01-06 08:14:50.185910+00:00,889.707,0.99,0.99,,0.01,,0.01,,,,
2026-01-06 08:14:50.236000+00:00,2026-01-06 08:14:51.197778+00:00,890.236,0.99,0.99,,0.01,,0.01,,,,
2026-01-06 08:14:51.783000+00:00,2026-01-06 08:14:52.193533+00:00,891.783,0.99,0.99,,0.01,,0.01,,,,
2026-01-06 08:14:52.510000+00:00,2026-01-06 08:14:53.202729+00:00,892.51,0.99,0.99,,0.01,,0.01,,,,
2026-01-06 08:14:53.735000+00:00,2026-01-06 08:14:54.204411+00:00,893.735,0.999,0.999,,0.001,,0.001,,,,
2026-01-06 08:14:55.039000+00:00,2026-01-06 08:14:55.218879+00:00,895.039,0.999,0.999,,0.001,,0.001,,,,
2026-01-06 08:14:56.691000+00:00,2026-01-06 08:14:57.252789+00:00,896.691,0.999,0.999,,0.001,,0.001,,,,
2026-01-06 08:14:57.939000+00:00,2026-01-06 08:14:58.252841+00:00,897.939,0.999,0.999,,0.001,,0.001,,,,
2026-01-06 08:14:58.852000+00:00,2026-01-06 08:14:59.257007+00:00,898.852,0.999,0.999,,0.001,,0.001,,,,
