timestamp,data_timestamp_raw,asset,mid,bid,ask,source,is_observed,collected_at
2026-01-06T02:45:46+00:00,02:45:46,SOL,137.6,137.59,137.61,dom,1,2026-01-06T02:46:54.733758+00:00
2026-01-06T02:45:47+00:00,02:45:46,SOL,137.59,137.58,137.6,dom,1,2026-01-06T02:46:54.920701+00:00
2026-01-06T02:45:48+00:00,02:45:46,SOL,137.56,137.55,137.57,dom,1,2026-01-06T02:46:56.728189+00:00
2026-01-06T02:45:49+00:00,02:45:46,SOL,137.56,137.55,137.57,dom,1,2026-01-06T02:46:56.967092+00:00
2026-01-06T02:45:50+00:00,02:45:46,SOL,137.55,137.54,137.55,dom,1,2026-01-06T02:46:58.891698+00:00
2026-01-06T02:45:51+00:00,02:45:46,SOL,137.54,137.53,137.55,dom,1,2026-01-06T02:47:00.001381+00:00
2026-01-06T02:45:52+00:00,02:45:46,SOL,137.54,137.53,137.55,dom,1,2026-01-06T02:47:00.968350+00:00
2026-01-06T02:45:53+00:00,02:45:46,SOL,137.53,137.52,137.55,dom,1,2026-01-06T02:47:01.955177+00:00
2026-01-06T02:45:54+00:00,02:45:46,SOL,137.53,137.52,137.54,dom,1,2026-01-06T02:47:02.966611+00:00
2026-01-06T02:45:55+00:00,02:45:46,SOL,137.53,137.52,137.55,dom,1,2026-01-06T02:47:05.023126+00:00
2026-01-06T02:45:56+00:00,02:45:46,SOL,137.53,137.52,137.54,dom,1,2026-01-06T02:47:06.243897+00:00
2026-01-06T02:45:57+00:00,02:45:46,SOL,137.53,137.52,137.55,dom,1,2026-01-06T02:47:08.105835+00:00
2026-01-06T02:45:58+00:00,02:45:46,SOL,137.53,137.52,137.54,dom,1,2026-01-06T02:47:09.135419+00:00
2026-01-06T02:45:59+00:00,02:45:46,SOL,137.53,137.52,137.54,dom,1,2026-01-06T02:47:10.145077+00:00
2026-01-06T02:46:00+00:00,02:45:46,SOL,137.53,137.52,137.54,dom,1,2026-01-06T02:47:11.147066+00:00
2026-01-06T02:46:01+00:00,02:45:46,SOL,137.53,137.52,137.54,dom,1,2026-01-06T02:47:12.188142+00:00
2026-01-06T02:46:02+00:00,02:45:46,SOL,137.53,137.52,137.54,dom,1,2026-01-06T02:47:13.253602+00:00
2026-01-06T02:46:03+00:00,02:45:46,SOL,137.53,137.52,137.55,dom,1,2026-01-06T02:47:14.267214+00:00
2026-01-06T02:46:04+00:00,02:45:46,SOL,137.53,137.52,137.55,dom,1,2026-01-06T02:47:15.276308+00:00
2026-01-06T02:46:05+00:00,02:45:46,SOL,137.53,137.52,137.56,dom,1,2026-01-06T02:47:16.269610+00:00
2026-01-06T02:46:06+00:00,02:45:46,SOL,137.54,137.52,137.56,dom,1,2026-01-06T02:47:17.285028+00:00
2026-01-06T02:46:07+00:00,02:45:46,SOL,137.54,137.53,137.55,dom,1,2026-01-06T02:47:18.289351+00:00
2026-01-06T02:46:08+00:00,02:45:46,SOL,137.54,137.53,137.55,dom,1,2026-01-06T02:47:19.293242+00:00
2026-01-06T02:46:09+00:00,02:45:46,SOL,137.54,137.53,137.55,dom,1,2026-01-06T02:47:20.389978+00:00
2026-01-06T02:46:10+00:00,02:45:46,SOL,137.54,137.53,137.55,dom,1,2026-01-06T02:47:21.403480+00:00
2026-01-06T02:46:11+00:00,02:45:46,SOL,137.54,137.53,137.55,dom,1,2026-01-06T02:47:22.441048+00:00
2026-01-06T02:46:12+00:00,02:45:46,SOL,137.54,137.53,137.56,dom,1,2026-01-06T02:47:23.422452+00:00
2026-01-06T02:46:13+00:00,02:45:46,SOL,137.54,137.53,137.56,dom,1,2026-01-06T02:47:24.439884+00:00
2026-01-06T02:46:14+00:00,02:45:46,SOL,137.54,137.53,137.56,dom,1,2026-01-06T02:47:25.453005+00:00
2026-01-06T02:46:15+00:00,02:45:46,SOL,137.54,137.53,137.56,dom,1,2026-01-06T02:47:26.490288+00:00
2026-01-06T02:46:16+00:00,02:45:46,SOL,137.54,137.53,137.56,dom,1,2026-01-06T02:47:27.501726+00:00
2026-01-06T02:46:17+00:00,02:45:46,SOL,137.54,137.53,137.56,dom,1,2026-01-06T02:47:28.512392+00:00
2026-01-06T02:46:18+00:00,02:45:46,SOL,137.54,137.53,137.56,dom,1,2026-01-06T02:47:29.484168+00:00
2026-01-06T02:46:19+00:00,02:45:46,SOL,137.55,137.54,137.57,dom,1,2026-01-06T02:47:30.514849+00:00
2026-01-06T02:46:20+00:00,02:45:46,SOL,137.57,137.56,137.6,dom,1,2026-01-06T02:47:31.522009+00:00
2026-01-06T02:46:21+00:00,02:45:46,SOL,137.57,137.57,137.59,dom,1,2026-01-06T02:47:32.517317+00:00
2026-01-06T02:46:22+00:00,02:45:46,SOL,137.58,137.57,137.59,dom,1,2026-01-06T02:47:34.560519+00:00
2026-01-06T02:46:23+00:00,02:45:46,SOL,137.58,137.57,137.59,dom,1,2026-01-06T02:47:35.531960+00:00
2026-01-06T02:46:24+00:00,02:45:46,SOL,137.58,137.57,137.59,dom,1,2026-01-06T02:47:36.646251+00:00
2026-01-06T02:46:25+00:00,02:45:46,SOL,137.58,137.57,137.59,dom,1,2026-01-06T02:47:37.616879+00:00
2026-01-06T02:46:26+00:00,02:45:46,SOL,137.58,137.57,137.59,dom,1,2026-01-06T02:47:38.616178+00:00
2026-01-06T02:46:27+00:00,02:45:46,SOL,137.57,137.57,137.59,dom,1,2026-01-06T02:47:39.636355+00:00
2026-01-06T02:46:28+00:00,02:45:46,SOL,137.57,137.56,137.59,dom,1,2026-01-06T02:47:41.903723+00:00
2026-01-06T02:46:29+00:00,02:45:46,SOL,137.57,137.56,137.58,dom,1,2026-01-06T02:47:42.937389+00:00
2026-01-06T02:46:30+00:00,02:45:46,SOL,137.56,137.55,137.58,dom,1,2026-01-06T02:47:43.935921+00:00
2026-01-06T02:46:31+00:00,02:45:46,SOL,137.56,137.55,137.58,dom,1,2026-01-06T02:47:44.929444+00:00
2026-01-06T02:46:32+00:00,02:45:46,SOL,137.56,137.55,137.58,dom,1,2026-01-06T02:47:46.791390+00:00
2026-01-06T02:46:33+00:00,02:45:46,SOL,137.56,137.55,137.58,dom,1,2026-01-06T02:47:47.013547+00:00
2026-01-06T02:46:34+00:00,02:45:46,SOL,137.56,137.55,137.58,dom,1,2026-01-06T02:47:48.082086+00:00
2026-01-06T02:46:35+00:00,02:45:46,SOL,137.56,137.55,137.58,dom,1,2026-01-06T02:47:49.845002+00:00
2026-01-06T02:46:36+00:00,02:45:46,SOL,137.56,137.55,137.58,dom,1,2026-01-06T02:47:51.893381+00:00
2026-01-06T02:46:37+00:00,02:45:46,SOL,137.56,137.55,137.58,dom,1,2026-01-06T02:47:51.935393+00:00
2026-01-06T02:46:38+00:00,02:45:46,SOL,137.56,137.55,137.58,dom,1,2026-01-06T02:47:52.926667+00:00
2026-01-06T02:46:39+00:00,02:46:39,SOL,137.46,137.45,137.47,dom,1,2026-01-06T02:48:46.949126+00:00
2026-01-06T02:46:40+00:00,02:46:40,SOL,137.44,137.44,137.46,dom,1,2026-01-06T02:48:48.071501+00:00
2026-01-06T02:46:41+00:00,02:46:41,SOL,137.43,137.42,137.44,dom,1,2026-01-06T02:48:49.048717+00:00
2026-01-06T02:46:42+00:00,02:46:42,SOL,137.43,137.42,137.44,dom,1,2026-01-06T02:48:50.062753+00:00
2026-01-06T02:46:43+00:00,02:46:43,SOL,137.43,137.42,137.44,dom,1,2026-01-06T02:48:51.115486+00:00
2026-01-06T02:46:44+00:00,02:46:44,SOL,137.43,137.42,137.44,dom,1,2026-01-06T02:48:52.116918+00:00
2026-01-06T02:46:45+00:00,02:46:45,SOL,137.43,137.42,137.44,dom,1,2026-01-06T02:48:53.135300+00:00
2026-01-06T02:46:46+00:00,02:46:46,SOL,137.43,137.42,137.44,dom,1,2026-01-06T02:48:54.277227+00:00
2026-01-06T02:46:47+00:00,02:46:47,SOL,137.43,137.42,137.44,dom,1,2026-01-06T02:48:55.298087+00:00
2026-01-06T02:46:48+00:00,02:46:48,SOL,137.43,137.42,137.45,dom,1,2026-01-06T02:48:56.287033+00:00
2026-01-06T02:46:49+00:00,02:46:49,SOL,137.43,137.42,137.44,dom,1,2026-01-06T02:48:57.288290+00:00
2026-01-06T02:46:50+00:00,02:46:50,SOL,137.43,137.42,137.44,dom,1,2026-01-06T02:48:58.284103+00:00
2026-01-06T02:46:51+00:00,02:46:51,SOL,137.43,137.42,137.44,dom,1,2026-01-06T02:48:59.351107+00:00
2026-01-06T02:46:52+00:00,02:46:52,SOL,137.43,137.42,137.45,dom,1,2026-01-06T02:49:00.452764+00:00
2026-01-06T02:46:53+00:00,02:46:53,SOL,137.43,137.42,137.45,dom,1,2026-01-06T02:49:01.451196+00:00
2026-01-06T02:46:54+00:00,02:46:54,SOL,137.43,137.42,137.45,dom,1,2026-01-06T02:49:03.206444+00:00
2026-01-06T02:46:55+00:00,02:46:55,SOL,137.43,137.42,137.45,dom,1,2026-01-06T02:49:04.138258+00:00
2026-01-06T02:46:56+00:00,02:46:56,SOL,137.43,137.42,137.45,dom,1,2026-01-06T02:49:05.165043+00:00
2026-01-06T02:46:57+00:00,02:46:57,SOL,137.44,137.43,137.45,dom,1,2026-01-06T02:49:06.205798+00:00
2026-01-06T02:46:58+00:00,02:46:58,SOL,137.44,137.43,137.46,dom,1,2026-01-06T02:49:07.199119+00:00
2026-01-06T02:46:59+00:00,02:46:59,SOL,137.44,137.43,137.47,dom,1,2026-01-06T02:49:08.160725+00:00
2026-01-06T02:47:01+00:00,02:47:01,SOL,137.44,137.43,137.46,dom,1,2026-01-06T02:49:09.511891+00:00
2026-01-06T02:47:02+00:00,02:47:02,SOL,137.44,137.43,137.46,dom,1,2026-01-06T02:49:11.136804+00:00
2026-01-06T02:47:04+00:00,02:47:04,SOL,137.44,137.43,137.46,dom,1,2026-01-06T02:49:12.273992+00:00
2026-01-06T02:47:05+00:00,02:47:05,SOL,137.44,137.43,137.46,dom,1,2026-01-06T02:49:13.306853+00:00
2026-01-06T02:47:06+00:00,02:47:06,SOL,137.45,137.44,137.49,dom,1,2026-01-06T02:49:14.383903+00:00
2026-01-06T02:47:07+00:00,02:47:07,SOL,137.48,137.46,137.5,dom,1,2026-01-06T02:49:15.495569+00:00
2026-01-06T02:47:08+00:00,02:47:08,SOL,137.48,137.47,137.5,dom,1,2026-01-06T02:49:16.521255+00:00
2026-01-06T02:47:09+00:00,02:47:09,SOL,137.5,137.48,137.53,dom,1,2026-01-06T02:49:17.609883+00:00
2026-01-06T02:47:12+00:00,02:47:12,SOL,137.54,137.52,137.55,dom,1,2026-01-06T02:49:20.466850+00:00
2026-01-06T02:47:13+00:00,02:47:13,SOL,137.54,137.52,137.54,dom,1,2026-01-06T02:49:21.517208+00:00
2026-01-06T02:47:14+00:00,02:47:14,SOL,137.54,137.52,137.55,dom,1,2026-01-06T02:49:22.516724+00:00
2026-01-06T02:47:15+00:00,02:47:15,SOL,137.55,137.52,137.55,dom,1,2026-01-06T02:49:23.555283+00:00
2026-01-06T02:47:16+00:00,02:47:16,SOL,137.54,137.52,137.55,dom,1,2026-01-06T02:49:24.558200+00:00
2026-01-06T02:47:17+00:00,02:47:17,SOL,137.54,137.52,137.55,dom,1,2026-01-06T02:49:25.549426+00:00
2026-01-06T02:47:18+00:00,02:47:18,SOL,137.54,137.52,137.55,dom,1,2026-01-06T02:49:26.522663+00:00
2026-01-06T02:47:19+00:00,02:47:19,SOL,137.54,137.52,137.55,dom,1,2026-01-06T02:49:27.533047+00:00
2026-01-06T02:47:20+00:00,02:47:20,SOL,137.54,137.52,137.55,dom,1,2026-01-06T02:49:28.551680+00:00
2026-01-06T02:47:21+00:00,02:47:21,SOL,137.55,137.52,137.56,dom,1,2026-01-06T02:49:29.637076+00:00
2026-01-06T02:47:22+00:00,02:47:22,SOL,137.55,137.52,137.56,dom,1,2026-01-06T02:49:30.564193+00:00
2026-01-06T02:47:23+00:00,02:47:23,SOL,137.55,137.52,137.56,dom,1,2026-01-06T02:49:31.584115+00:00
2026-01-06T02:47:24+00:00,02:47:24,SOL,137.55,137.52,137.55,dom,1,2026-01-06T02:49:32.569266+00:00
2026-01-06T02:47:25+00:00,02:47:25,SOL,137.55,137.52,137.56,dom,1,2026-01-06T02:49:33.564837+00:00
2026-01-06T02:47:26+00:00,02:47:26,SOL,137.55,137.52,137.56,dom,1,2026-01-06T02:49:34.585270+00:00
2026-01-06T02:47:27+00:00,02:47:27,SOL,137.55,137.52,137.56,dom,1,2026-01-06T02:49:35.647629+00:00
2026-01-06T02:47:28+00:00,02:47:28,SOL,137.55,137.52,137.56,dom,1,2026-01-06T02:49:36.651748+00:00
2026-01-06T02:47:30+00:00,02:47:30,SOL,137.53,137.52,137.54,dom,1,2026-01-06T02:49:38.666824+00:00
2026-01-06T02:47:31+00:00,02:47:31,SOL,137.52,137.51,137.54,dom,1,2026-01-06T02:49:39.568257+00:00
2026-01-06T02:47:32+00:00,02:47:32,SOL,137.49,137.48,137.49,dom,1,2026-01-06T02:49:40.565812+00:00
2026-01-06T02:47:33+00:00,02:47:33,SOL,137.48,137.47,137.49,dom,1,2026-01-06T02:49:41.662349+00:00
2026-01-06T02:47:34+00:00,02:47:34,SOL,137.48,137.46,137.49,dom,1,2026-01-06T02:49:42.684875+00:00
2026-01-06T02:47:35+00:00,02:47:35,SOL,137.48,137.47,137.49,dom,1,2026-01-06T02:49:43.675767+00:00
2026-01-06T02:47:36+00:00,02:47:36,SOL,137.48,137.47,137.49,dom,1,2026-01-06T02:49:44.683164+00:00
2026-01-06T02:47:37+00:00,02:47:37,SOL,137.48,137.47,137.49,dom,1,2026-01-06T02:49:45.767318+00:00
2026-01-06T02:47:38+00:00,02:47:38,SOL,137.51,137.49,137.52,dom,1,2026-01-06T02:49:46.758785+00:00
2026-01-06T02:47:39+00:00,02:47:39,SOL,137.51,137.49,137.52,dom,1,2026-01-06T02:49:47.758978+00:00
2026-01-06T02:47:40+00:00,02:47:40,SOL,137.51,137.5,137.52,dom,1,2026-01-06T02:49:48.814661+00:00
2026-01-06T02:47:41+00:00,02:47:41,SOL,137.51,137.5,137.52,dom,1,2026-01-06T02:49:49.852848+00:00
2026-01-06T02:47:42+00:00,02:47:42,SOL,137.54,137.51,137.55,dom,1,2026-01-06T02:49:50.895073+00:00
2026-01-06T02:47:43+00:00,02:47:43,SOL,137.54,137.52,137.55,dom,1,2026-01-06T02:49:51.915254+00:00
2026-01-06T02:47:44+00:00,02:47:44,SOL,137.54,137.52,137.55,dom,1,2026-01-06T02:49:52.931375+00:00
2026-01-06T02:47:45+00:00,02:47:45,SOL,137.56,137.55,137.58,dom,1,2026-01-06T02:49:53.932230+00:00
2026-01-06T02:47:46+00:00,02:47:46,SOL,137.58,137.55,137.59,dom,1,2026-01-06T02:49:54.916890+00:00
2026-01-06T02:47:47+00:00,02:47:47,SOL,137.58,137.56,137.59,dom,1,2026-01-06T02:49:55.964569+00:00
2026-01-06T02:47:48+00:00,02:47:48,SOL,137.58,137.56,137.59,dom,1,2026-01-06T02:49:56.946462+00:00
2026-01-06T02:47:50+00:00,02:47:50,SOL,137.59,137.57,137.59,dom,1,2026-01-06T02:49:58.854644+00:00
2026-01-06T02:47:51+00:00,02:47:50,SOL,137.58,137.57,137.59,dom,1,2026-01-06T02:49:59.051844+00:00
2026-01-06T02:47:52+00:00,02:47:52,SOL,137.58,137.57,137.59,dom,1,2026-01-06T02:50:00.856016+00:00
2026-01-06T02:47:53+00:00,02:47:52,SOL,137.58,137.57,137.59,dom,1,2026-01-06T02:50:00.981247+00:00
2026-01-06T02:47:54+00:00,02:47:54,SOL,137.59,137.58,137.6,dom,1,2026-01-06T02:50:04.119244+00:00
2026-01-06T02:47:56+00:00,02:47:56,SOL,137.58,137.57,137.59,dom,1,2026-01-06T02:50:05.062718+00:00
2026-01-06T02:47:58+00:00,02:47:58,SOL,137.59,137.57,137.59,dom,1,2026-01-06T02:50:07.021059+00:00
2026-01-06T02:47:59+00:00,02:47:59,SOL,137.58,137.57,137.59,dom,1,2026-01-06T02:50:08.081803+00:00
2026-01-06T02:48:00+00:00,02:48:00,SOL,137.58,137.57,137.59,dom,1,2026-01-06T02:50:09.095369+00:00
2026-01-06T02:48:02+00:00,02:48:02,SOL,137.58,137.57,137.59,dom,1,2026-01-06T02:50:11.454311+00:00
2026-01-06T02:48:03+00:00,02:48:03,SOL,137.59,137.57,137.6,dom,1,2026-01-06T02:50:12.430848+00:00
2026-01-06T02:48:04+00:00,02:48:04,SOL,137.6,137.57,137.61,dom,1,2026-01-06T02:50:13.432847+00:00
2026-01-06T02:48:05+00:00,02:48:05,SOL,137.6,137.57,137.61,dom,1,2026-01-06T02:50:14.504763+00:00
2026-01-06T02:48:06+00:00,02:48:06,SOL,137.6,137.57,137.61,dom,1,2026-01-06T02:50:15.473819+00:00
2026-01-06T02:48:07+00:00,02:48:07,SOL,137.61,137.59,137.62,dom,1,2026-01-06T02:50:16.465762+00:00
2026-01-06T02:48:08+00:00,02:48:08,SOL,137.62,137.6,137.63,dom,1,2026-01-06T02:50:18.454834+00:00
2026-01-06T02:48:10+00:00,02:48:10,SOL,137.63,137.6,137.64,dom,1,2026-01-06T02:50:19.396918+00:00
2026-01-06T02:48:11+00:00,02:48:11,SOL,137.63,137.61,137.64,dom,1,2026-01-06T02:50:20.406721+00:00
2026-01-06T02:48:12+00:00,02:48:12,SOL,137.63,137.61,137.64,dom,1,2026-01-06T02:50:21.518330+00:00
2026-01-06T02:48:13+00:00,02:48:13,SOL,137.62,137.61,137.63,dom,1,2026-01-06T02:50:22.464350+00:00
2026-01-06T02:48:14+00:00,02:48:14,SOL,137.62,137.6,137.63,dom,1,2026-01-06T02:50:23.530597+00:00
2026-01-06T02:48:15+00:00,02:48:15,SOL,137.63,137.6,137.64,dom,1,2026-01-06T02:50:24.569923+00:00
2026-01-06T02:48:17+00:00,02:48:17,SOL,137.64,137.62,137.65,dom,1,2026-01-06T02:50:26.430310+00:00
2026-01-06T02:48:18+00:00,02:48:18,SOL,137.64,137.62,137.65,dom,1,2026-01-06T02:50:27.651205+00:00
2026-01-06T02:48:19+00:00,02:48:19,SOL,137.63,137.62,137.64,dom,1,2026-01-06T02:50:28.687326+00:00
2026-01-06T02:48:20+00:00,02:48:20,SOL,137.64,137.61,137.65,dom,1,2026-01-06T02:50:29.732965+00:00
2026-01-06T02:48:22+00:00,02:48:22,SOL,137.64,137.61,137.65,dom,1,2026-01-06T02:50:31.711068+00:00
2026-01-06T02:48:23+00:00,02:48:22,SOL,137.64,137.61,137.65,dom,1,2026-01-06T02:50:32.508632+00:00
2026-01-06T02:48:24+00:00,02:48:24,SOL,137.64,137.61,137.64,dom,1,2026-01-06T02:50:33.377756+00:00
2026-01-06T02:48:25+00:00,02:48:25,SOL,137.64,137.61,137.64,dom,1,2026-01-06T02:50:34.432024+00:00
2026-01-06T02:48:26+00:00,02:48:26,SOL,137.65,137.61,137.65,dom,1,2026-01-06T02:50:35.379936+00:00
2026-01-06T02:48:27+00:00,02:48:27,SOL,137.66,137.62,137.66,dom,1,2026-01-06T02:50:36.596069+00:00
2026-01-06T02:48:28+00:00,02:48:28,SOL,137.66,137.63,137.66,dom,1,2026-01-06T02:50:37.615769+00:00
2026-01-06T02:48:29+00:00,02:48:29,SOL,137.66,137.63,137.66,dom,1,2026-01-06T02:50:38.609750+00:00
2026-01-06T02:48:31+00:00,02:48:31,SOL,137.66,137.63,137.66,dom,1,2026-01-06T02:50:40.951288+00:00
2026-01-06T02:48:32+00:00,02:48:32,SOL,137.66,137.63,137.67,dom,1,2026-01-06T02:50:41.932055+00:00
2026-01-06T02:48:33+00:00,02:48:33,SOL,137.66,137.63,137.67,dom,1,2026-01-06T02:50:43.046219+00:00
2026-01-06T02:48:34+00:00,02:48:34,SOL,137.66,137.63,137.67,dom,1,2026-01-06T02:50:43.991318+00:00
2026-01-06T02:48:35+00:00,02:48:35,SOL,137.66,137.63,137.67,dom,1,2026-01-06T02:50:45.016051+00:00
2026-01-06T02:48:36+00:00,02:48:36,SOL,137.65,137.63,137.66,dom,1,2026-01-06T02:50:46.045856+00:00
2026-01-06T02:48:37+00:00,02:48:37,SOL,137.65,137.63,137.66,dom,1,2026-01-06T02:50:47.111551+00:00
2026-01-06T02:48:38+00:00,02:48:38,SOL,137.65,137.63,137.66,dom,1,2026-01-06T02:50:48.123729+00:00
2026-01-06T02:48:39+00:00,02:48:39,SOL,137.65,137.63,137.65,dom,1,2026-01-06T02:50:49.111619+00:00
2026-01-06T02:48:41+00:00,02:48:41,SOL,137.66,137.63,137.67,dom,1,2026-01-06T02:50:51.029945+00:00
2026-01-06T02:48:42+00:00,02:48:42,SOL,137.66,137.64,137.68,dom,1,2026-01-06T02:50:53.558050+00:00
2026-01-06T02:48:45+00:00,02:48:45,SOL,137.65,137.63,137.66,dom,1,2026-01-06T02:50:54.305265+00:00
2026-01-06T02:48:46+00:00,02:48:46,SOL,137.65,137.63,137.66,dom,1,2026-01-06T02:50:56.234728+00:00
2026-01-06T02:48:47+00:00,02:48:47,SOL,137.65,137.63,137.66,dom,1,2026-01-06T02:50:57.280553+00:00
2026-01-06T02:48:48+00:00,02:48:48,SOL,137.65,137.63,137.66,dom,1,2026-01-06T02:50:58.384718+00:00
2026-01-06T02:48:50+00:00,02:48:50,SOL,137.65,137.63,137.66,dom,1,2026-01-06T02:50:59.542576+00:00
2026-01-06T02:48:51+00:00,02:48:51,SOL,137.65,137.63,137.66,dom,1,2026-01-06T02:51:00.514025+00:00
2026-01-06T02:48:52+00:00,02:48:52,SOL,137.65,137.63,137.66,dom,1,2026-01-06T02:51:01.515818+00:00
2026-01-06T02:48:54+00:00,02:48:54,SOL,137.65,137.63,137.65,dom,1,2026-01-06T02:51:03.577887+00:00
2026-01-06T02:48:55+00:00,02:48:55,SOL,137.65,137.63,137.65,dom,1,2026-01-06T02:51:04.630982+00:00
2026-01-06T02:48:56+00:00,02:48:56,SOL,137.65,137.63,137.65,dom,1,2026-01-06T02:51:05.719901+00:00
2026-01-06T02:48:57+00:00,02:48:57,SOL,137.64,137.63,137.65,dom,1,2026-01-06T02:51:06.667087+00:00
2026-01-06T02:48:58+00:00,02:48:58,SOL,137.64,137.63,137.65,dom,1,2026-01-06T02:51:07.669142+00:00
2026-01-06T02:49:01+00:00,02:49:01,SOL,137.62,137.61,137.63,dom,1,2026-01-06T02:51:11.203927+00:00
2026-01-06T02:49:06+00:00,02:49:06,SOL,137.63,137.61,137.63,dom,1,2026-01-06T02:51:15.920954+00:00
2026-01-06T02:49:07+00:00,02:49:07,SOL,137.63,137.61,137.63,dom,1,2026-01-06T02:51:16.998905+00:00
2026-01-06T02:49:09+00:00,02:49:09,SOL,137.61,137.6,137.64,dom,1,2026-01-06T02:51:18.843560+00:00
2026-01-06T02:49:13+00:00,02:49:13,SOL,137.62,137.6,137.63,dom,1,2026-01-06T02:51:22.846403+00:00
2026-01-06T02:49:14+00:00,02:49:14,SOL,137.62,137.6,137.63,dom,1,2026-01-06T02:51:23.861558+00:00
2026-01-06T02:49:16+00:00,02:49:16,SOL,137.62,137.61,137.63,dom,1,2026-01-06T02:51:25.901293+00:00
2026-01-06T02:49:18+00:00,02:49:18,SOL,137.67,137.65,137.68,dom,1,2026-01-06T02:51:28.002004+00:00
2026-01-06T02:49:19+00:00,02:49:19,SOL,137.67,137.65,137.68,dom,1,2026-01-06T02:51:30.110746+00:00
2026-01-06T02:49:20+00:00,02:49:20,SOL,137.67,137.65,137.68,dom,1,2026-01-06T02:51:30.185997+00:00
2026-01-06T02:49:21+00:00,02:49:21,SOL,137.67,137.65,137.69,dom,1,2026-01-06T02:51:31.147658+00:00
2026-01-06T02:49:22+00:00,02:49:22,SOL,137.67,137.65,137.69,dom,1,2026-01-06T02:51:32.213646+00:00
2026-01-06T02:49:23+00:00,02:49:23,SOL,137.67,137.65,137.69,dom,1,2026-01-06T02:51:33.210651+00:00
2026-01-06T02:49:24+00:00,02:49:24,SOL,137.67,137.65,137.68,dom,1,2026-01-06T02:51:34.296711+00:00
2026-01-06T02:49:26+00:00,02:49:26,SOL,137.67,137.65,137.68,dom,1,2026-01-06T02:51:36.169628+00:00
2026-01-06T02:49:27+00:00,02:49:27,SOL,137.67,137.65,137.68,dom,1,2026-01-06T02:51:37.216675+00:00
2026-01-06T02:49:28+00:00,02:49:28,SOL,137.67,137.65,137.68,dom,1,2026-01-06T02:51:38.245950+00:00
2026-01-06T02:49:29+00:00,02:49:29,SOL,137.67,137.64,137.68,dom,1,2026-01-06T02:51:39.194031+00:00
2026-01-06T02:49:30+00:00,02:49:30,SOL,137.67,137.64,137.68,dom,1,2026-01-06T02:51:40.199161+00:00
2026-01-06T02:49:31+00:00,02:49:31,SOL,137.67,137.65,137.68,dom,1,2026-01-06T02:51:41.178593+00:00
2026-01-06T02:49:32+00:00,02:49:32,SOL,137.66,137.64,137.67,dom,1,2026-01-06T02:51:42.350242+00:00
2026-01-06T02:49:33+00:00,02:49:33,SOL,137.65,137.64,137.66,dom,1,2026-01-06T02:51:43.314186+00:00
2026-01-06T02:49:34+00:00,02:49:34,SOL,137.65,137.63,137.66,dom,1,2026-01-06T02:51:44.453519+00:00
2026-01-06T02:49:35+00:00,02:49:35,SOL,137.64,137.63,137.65,dom,1,2026-01-06T02:51:45.468680+00:00
2026-01-06T02:49:36+00:00,02:49:36,SOL,137.64,137.62,137.65,dom,1,2026-01-06T02:51:46.512142+00:00
2026-01-06T02:49:37+00:00,02:49:37,SOL,137.64,137.62,137.65,dom,1,2026-01-06T02:51:48.246672+00:00
2026-01-06T02:49:38+00:00,02:49:38,SOL,137.64,137.62,137.65,dom,1,2026-01-06T02:51:49.183612+00:00
2026-01-06T02:49:39+00:00,02:49:39,SOL,137.64,137.62,137.65,dom,1,2026-01-06T02:51:50.136721+00:00
2026-01-06T02:49:41+00:00,02:49:41,SOL,137.64,137.62,137.65,dom,1,2026-01-06T02:51:51.348737+00:00
2026-01-06T02:49:42+00:00,02:49:42,SOL,137.64,137.62,137.65,dom,1,2026-01-06T02:51:52.481003+00:00
2026-01-06T02:49:43+00:00,02:49:43,SOL,137.64,137.62,137.66,dom,1,2026-01-06T02:51:53.152136+00:00
2026-01-06T02:49:44+00:00,02:49:44,SOL,137.65,137.63,137.66,dom,1,2026-01-06T02:51:54.137360+00:00
2026-01-06T02:49:45+00:00,02:49:45,SOL,137.66,137.63,137.67,dom,1,2026-01-06T02:51:55.367613+00:00
2026-01-06T02:49:47+00:00,02:49:47,SOL,137.66,137.64,137.67,dom,1,2026-01-06T02:51:57.429154+00:00
2026-01-06T02:49:48+00:00,02:49:48,SOL,137.66,137.64,137.67,dom,1,2026-01-06T02:51:58.659767+00:00
2026-01-06T02:49:49+00:00,02:49:49,SOL,137.66,137.64,137.67,dom,1,2026-01-06T02:51:59.641550+00:00
2026-01-06T02:49:50+00:00,02:49:50,SOL,137.66,137.64,137.68,dom,1,2026-01-06T02:52:00.659814+00:00
2026-01-06T02:49:51+00:00,02:49:51,SOL,137.66,137.64,137.68,dom,1,2026-01-06T02:52:01.669488+00:00
2026-01-06T02:49:52+00:00,02:49:52,SOL,137.66,137.64,137.68,dom,1,2026-01-06T02:52:02.658861+00:00
2026-01-06T02:49:53+00:00,02:49:53,SOL,137.66,137.64,137.67,dom,1,2026-01-06T02:52:03.677188+00:00
2026-01-06T02:49:54+00:00,02:49:54,SOL,137.65,137.64,137.66,dom,1,2026-01-06T02:52:04.684784+00:00
2026-01-06T02:49:55+00:00,02:49:55,SOL,137.65,137.64,137.66,dom,1,2026-01-06T02:52:05.670815+00:00
2026-01-06T02:49:56+00:00,02:49:56,SOL,137.65,137.63,137.65,dom,1,2026-01-06T02:52:06.686994+00:00
2026-01-06T02:49:57+00:00,02:49:57,SOL,137.65,137.63,137.66,dom,1,2026-01-06T02:52:07.729176+00:00
2026-01-06T02:49:58+00:00,02:49:58,SOL,137.65,137.63,137.66,dom,1,2026-01-06T02:52:08.715947+00:00
2026-01-06T02:50:01+00:00,02:50:01,SOL,137.65,137.63,137.67,dom,1,2026-01-06T02:52:11.609659+00:00
2026-01-06T02:50:02+00:00,02:50:02,SOL,137.65,137.64,137.67,dom,1,2026-01-06T02:52:12.677000+00:00
2026-01-06T02:50:03+00:00,02:50:03,SOL,137.66,137.64,137.67,dom,1,2026-01-06T02:52:13.811111+00:00
2026-01-06T02:50:04+00:00,02:50:04,SOL,137.66,137.64,137.67,dom,1,2026-01-06T02:52:14.729336+00:00
2026-01-06T02:50:06+00:00,02:50:06,SOL,137.66,137.64,137.67,dom,1,2026-01-06T02:52:16.827617+00:00
2026-01-06T02:50:07+00:00,02:50:07,SOL,137.66,137.64,137.67,dom,1,2026-01-06T02:52:17.657132+00:00
2026-01-06T02:50:08+00:00,02:50:08,SOL,137.66,137.64,137.67,dom,1,2026-01-06T02:52:18.735919+00:00
2026-01-06T02:50:09+00:00,02:50:09,SOL,137.66,137.64,137.66,dom,1,2026-01-06T02:52:19.662878+00:00
2026-01-06T02:50:10+00:00,02:50:10,SOL,137.66,137.64,137.67,dom,1,2026-01-06T02:52:20.616854+00:00
2026-01-06T02:50:11+00:00,02:50:11,SOL,137.66,137.64,137.67,dom,1,2026-01-06T02:52:21.644148+00:00
2026-01-06T02:50:12+00:00,02:50:12,SOL,137.66,137.64,137.67,dom,1,2026-01-06T02:52:22.706485+00:00
2026-01-06T02:50:13+00:00,02:50:13,SOL,137.66,137.64,137.67,dom,1,2026-01-06T02:52:23.672218+00:00
2026-01-06T02:50:14+00:00,02:50:14,SOL,137.66,137.64,137.67,dom,1,2026-01-06T02:52:24.727898+00:00
2026-01-06T02:50:15+00:00,02:50:15,SOL,137.64,137.63,137.65,dom,1,2026-01-06T02:52:25.843879+00:00
2026-01-06T02:50:16+00:00,02:50:16,SOL,137.64,137.62,137.65,dom,1,2026-01-06T02:52:26.673770+00:00
2026-01-06T02:50:17+00:00,02:50:17,SOL,137.64,137.62,137.65,dom,1,2026-01-06T02:52:27.803333+00:00
2026-01-06T02:50:19+00:00,02:50:19,SOL,137.62,137.6,137.62,dom,1,2026-01-06T02:52:29.833951+00:00
2026-01-06T02:50:20+00:00,02:50:20,SOL,137.61,137.6,137.62,dom,1,2026-01-06T02:52:31.111325+00:00
2026-01-06T02:50:21+00:00,02:50:21,SOL,137.61,137.6,137.62,dom,1,2026-01-06T02:52:32.082211+00:00
2026-01-06T02:50:22+00:00,02:50:22,SOL,137.61,137.6,137.62,dom,1,2026-01-06T02:52:33.083571+00:00
2026-01-06T02:50:25+00:00,02:50:25,SOL,137.61,137.6,137.62,dom,1,2026-01-06T02:52:36.043486+00:00
2026-01-06T02:50:26+00:00,02:50:26,SOL,137.6,137.59,137.61,dom,1,2026-01-06T02:52:37.135071+00:00
2026-01-06T02:50:27+00:00,02:50:27,SOL,137.6,137.59,137.61,dom,1,2026-01-06T02:52:38.149951+00:00
2026-01-06T02:50:28+00:00,02:50:28,SOL,137.6,137.58,137.61,dom,1,2026-01-06T02:52:39.153158+00:00
2026-01-06T02:50:30+00:00,02:50:30,SOL,137.6,137.58,137.61,dom,1,2026-01-06T02:52:41.001915+00:00
2026-01-06T02:50:34+00:00,02:50:34,SOL,137.61,137.59,137.63,dom,1,2026-01-06T02:52:44.973195+00:00
2026-01-06T02:50:35+00:00,02:50:35,SOL,137.61,137.59,137.62,dom,1,2026-01-06T02:52:46.104446+00:00
2026-01-06T02:50:36+00:00,02:50:36,SOL,137.61,137.59,137.62,dom,1,2026-01-06T02:52:47.122960+00:00
2026-01-06T02:50:37+00:00,02:50:37,SOL,137.61,137.59,137.62,dom,1,2026-01-06T02:52:48.110478+00:00
2026-01-06T02:50:39+00:00,02:50:39,SOL,137.61,137.59,137.63,dom,1,2026-01-06T02:52:51.091215+00:00
2026-01-06T02:50:40+00:00,02:50:40,SOL,137.6,137.59,137.62,dom,1,2026-01-06T02:52:53.597005+00:00
2026-01-06T02:50:43+00:00,02:50:43,SOL,137.61,137.59,137.62,dom,1,2026-01-06T02:52:53.697396+00:00
2026-01-06T02:50:45+00:00,02:50:45,SOL,137.61,137.6,137.62,dom,1,2026-01-06T02:52:56.183082+00:00
2026-01-06T02:50:47+00:00,02:50:47,SOL,137.6,137.59,137.6,dom,1,2026-01-06T02:52:57.976637+00:00
2026-01-06T02:50:48+00:00,02:50:48,SOL,137.59,137.58,137.6,dom,1,2026-01-06T02:52:59.927133+00:00
2026-01-06T02:50:50+00:00,02:50:50,SOL,137.59,137.58,137.6,dom,1,2026-01-06T02:53:01.016591+00:00
2026-01-06T02:50:51+00:00,02:50:51,SOL,137.59,137.58,137.6,dom,1,2026-01-06T02:53:01.929562+00:00
2026-01-06T02:50:53+00:00,02:50:53,SOL,137.59,137.58,137.6,dom,1,2026-01-06T02:53:04.121958+00:00
2026-01-06T02:50:54+00:00,02:50:53,SOL,137.59,137.58,137.6,dom,1,2026-01-06T02:53:04.151098+00:00
2026-01-06T02:50:55+00:00,02:50:55,SOL,137.59,137.57,137.6,dom,1,2026-01-06T02:53:06.162231+00:00
2026-01-06T02:50:57+00:00,02:50:57,SOL,137.59,137.57,137.6,dom,1,2026-01-06T02:53:08.116812+00:00
2026-01-06T02:50:58+00:00,02:50:58,SOL,137.59,137.57,137.6,dom,1,2026-01-06T02:53:09.108180+00:00
2026-01-06T02:50:59+00:00,02:50:59,SOL,137.59,137.57,137.6,dom,1,2026-01-06T02:53:10.045532+00:00
2026-01-06T02:51:00+00:00,02:51:00,SOL,137.59,137.57,137.6,dom,1,2026-01-06T02:53:11.155344+00:00
2026-01-06T02:51:01+00:00,02:51:01,SOL,137.59,137.57,137.6,dom,1,2026-01-06T02:53:12.181599+00:00
2026-01-06T02:51:03+00:00,02:51:03,SOL,137.6,137.59,137.61,dom,1,2026-01-06T02:53:15.378894+00:00
2026-01-06T02:51:07+00:00,02:51:07,SOL,137.57,137.56,137.59,dom,1,2026-01-06T02:53:18.325272+00:00
2026-01-06T02:51:08+00:00,02:51:08,SOL,137.57,137.56,137.58,dom,1,2026-01-06T02:53:19.390540+00:00
2026-01-06T02:51:09+00:00,02:51:09,SOL,137.57,137.56,137.59,dom,1,2026-01-06T02:53:20.459690+00:00
2026-01-06T02:51:10+00:00,02:51:10,SOL,137.57,137.56,137.59,dom,1,2026-01-06T02:53:21.394909+00:00
2026-01-06T02:51:11+00:00,02:51:11,SOL,137.57,137.56,137.59,dom,1,2026-01-06T02:53:22.591982+00:00
2026-01-06T02:51:12+00:00,02:51:12,SOL,137.57,137.56,137.59,dom,1,2026-01-06T02:53:23.633706+00:00
2026-01-06T02:51:14+00:00,02:51:14,SOL,137.54,137.52,137.55,dom,1,2026-01-06T02:53:25.763766+00:00
2026-01-06T02:51:16+00:00,02:51:16,SOL,137.5,137.49,137.51,dom,1,2026-01-06T02:53:27.862977+00:00
2026-01-06T02:51:17+00:00,02:51:17,SOL,137.5,137.49,137.51,dom,1,2026-01-06T02:53:28.898709+00:00
2026-01-06T02:51:18+00:00,02:51:18,SOL,137.5,137.49,137.51,dom,1,2026-01-06T02:53:29.812953+00:00
2026-01-06T02:51:19+00:00,02:51:19,SOL,137.5,137.49,137.51,dom,1,2026-01-06T02:53:30.975938+00:00
2026-01-06T02:51:21+00:00,02:51:21,SOL,137.5,137.49,137.52,dom,1,2026-01-06T02:53:32.990539+00:00
2026-01-06T02:51:22+00:00,02:51:22,SOL,137.5,137.49,137.52,dom,1,2026-01-06T02:53:34.174930+00:00
2026-01-06T02:51:23+00:00,02:51:23,SOL,137.5,137.49,137.52,dom,1,2026-01-06T02:53:35.112134+00:00
2026-01-06T02:51:25+00:00,02:51:25,SOL,137.49,137.49,137.51,dom,1,2026-01-06T02:53:37.063192+00:00
2026-01-06T02:51:26+00:00,02:51:26,SOL,137.49,137.49,137.51,dom,1,2026-01-06T02:53:38.098651+00:00
2026-01-06T02:51:27+00:00,02:51:27,SOL,137.49,137.49,137.51,dom,1,2026-01-06T02:53:39.141678+00:00
2026-01-06T02:51:28+00:00,02:51:28,SOL,137.49,137.48,137.51,dom,1,2026-01-06T02:53:40.110510+00:00
2026-01-06T02:51:30+00:00,02:51:30,SOL,137.49,137.48,137.51,dom,1,2026-01-06T02:53:41.241737+00:00
2026-01-06T02:51:31+00:00,02:51:31,SOL,137.49,137.48,137.51,dom,1,2026-01-06T02:53:42.258789+00:00
2026-01-06T02:51:32+00:00,02:51:32,SOL,137.49,137.49,137.51,dom,1,2026-01-06T02:53:43.258913+00:00
2026-01-06T02:51:33+00:00,02:51:33,SOL,137.5,137.49,137.51,dom,1,2026-01-06T02:53:44.280044+00:00
2026-01-06T02:51:35+00:00,02:51:35,SOL,137.5,137.49,137.52,dom,1,2026-01-06T02:53:47.321358+00:00
2026-01-06T02:51:36+00:00,02:51:36,SOL,137.5,137.49,137.52,dom,1,2026-01-06T02:53:47.365544+00:00
2026-01-06T02:51:38+00:00,02:51:38,SOL,137.5,137.49,137.53,dom,1,2026-01-06T02:53:49.425321+00:00
2026-01-06T02:51:39+00:00,02:51:39,SOL,137.52,137.51,137.54,dom,1,2026-01-06T02:53:51.241094+00:00
2026-01-06T02:51:40+00:00,02:51:40,SOL,137.52,137.51,137.54,dom,1,2026-01-06T02:53:52.313287+00:00
2026-01-06T02:51:41+00:00,02:51:41,SOL,137.52,137.51,137.54,dom,1,2026-01-06T02:53:53.205380+00:00
2026-01-06T02:51:42+00:00,02:51:42,SOL,137.53,137.52,137.55,dom,1,2026-01-06T02:53:54.186388+00:00
2026-01-06T02:51:44+00:00,02:51:44,SOL,137.54,137.52,137.54,dom,1,2026-01-06T02:53:55.374826+00:00
2026-01-06T02:51:45+00:00,02:51:44,SOL,137.53,137.52,137.54,dom,1,2026-01-06T02:53:56.293833+00:00
2026-01-06T02:51:46+00:00,02:51:46,SOL,137.51,137.5,137.52,dom,1,2026-01-06T02:53:57.380938+00:00
2026-01-06T02:51:47+00:00,02:51:47,SOL,137.51,137.5,137.52,dom,1,2026-01-06T02:53:58.473940+00:00
2026-01-06T02:51:49+00:00,02:51:49,SOL,137.51,137.49,137.52,dom,1,2026-01-06T02:54:00.447746+00:00
2026-01-06T02:51:50+00:00,02:51:50,SOL,137.51,137.5,137.52,dom,1,2026-01-06T02:54:01.463734+00:00
2026-01-06T02:51:52+00:00,02:51:52,SOL,137.51,137.5,137.52,dom,1,2026-01-06T02:54:03.408431+00:00
2026-01-06T02:51:53+00:00,02:51:53,SOL,137.51,137.5,137.52,dom,1,2026-01-06T02:54:04.507776+00:00
2026-01-06T02:51:55+00:00,02:51:55,SOL,137.51,137.5,137.52,dom,1,2026-01-06T02:54:06.636742+00:00
2026-01-06T02:51:57+00:00,02:51:57,SOL,137.51,137.5,137.52,dom,1,2026-01-06T02:54:08.438365+00:00
2026-01-06T02:51:58+00:00,02:51:57,SOL,137.51,137.5,137.52,dom,1,2026-01-06T02:54:08.491209+00:00
2026-01-06T02:51:59+00:00,02:51:59,SOL,137.51,137.5,137.53,dom,1,2026-01-06T02:54:11.728620+00:00
2026-01-06T02:52:01+00:00,02:52:01,SOL,137.51,137.5,137.53,dom,1,2026-01-06T02:54:14.478285+00:00
2026-01-06T02:52:02+00:00,02:52:02,SOL,137.51,137.51,137.53,dom,1,2026-01-06T02:54:14.536030+00:00
2026-01-06T02:52:05+00:00,02:52:05,SOL,137.51,137.51,137.54,dom,1,2026-01-06T02:54:17.640614+00:00
2026-01-06T02:52:06+00:00,02:52:06,SOL,137.51,137.51,137.54,dom,1,2026-01-06T02:54:18.726454+00:00
2026-01-06T02:52:08+00:00,02:52:08,SOL,137.51,137.51,137.53,dom,1,2026-01-06T02:54:19.813601+00:00
2026-01-06T02:52:09+00:00,02:52:09,SOL,137.52,137.51,137.54,dom,1,2026-01-06T02:54:20.829912+00:00
2026-01-06T02:52:11+00:00,02:52:11,SOL,137.52,137.51,137.53,dom,1,2026-01-06T02:54:23.142459+00:00
2026-01-06T02:52:12+00:00,02:52:12,SOL,137.51,137.5,137.53,dom,1,2026-01-06T02:54:24.306934+00:00
2026-01-06T02:52:13+00:00,02:52:13,SOL,137.51,137.5,137.53,dom,1,2026-01-06T02:54:25.323024+00:00
2026-01-06T02:52:14+00:00,02:52:14,SOL,137.51,137.5,137.53,dom,1,2026-01-06T02:54:27.089211+00:00
2026-01-06T02:52:17+00:00,02:52:17,SOL,137.51,137.5,137.53,dom,1,2026-01-06T02:54:29.143462+00:00
2026-01-06T02:52:18+00:00,02:52:18,SOL,137.51,137.5,137.52,dom,1,2026-01-06T02:54:30.205677+00:00
2026-01-06T02:52:19+00:00,02:52:19,SOL,137.51,137.5,137.53,dom,1,2026-01-06T02:54:31.220515+00:00
2026-01-06T02:52:21+00:00,02:52:21,SOL,137.51,137.5,137.53,dom,1,2026-01-06T02:54:33.347567+00:00
2026-01-06T02:52:22+00:00,02:52:22,SOL,137.51,137.5,137.53,dom,1,2026-01-06T02:54:34.490327+00:00
2026-01-06T02:52:23+00:00,02:52:23,SOL,137.51,137.5,137.53,dom,1,2026-01-06T02:54:35.448585+00:00
2026-01-06T02:52:24+00:00,02:52:24,SOL,137.51,137.5,137.52,dom,1,2026-01-06T02:54:36.438264+00:00
2026-01-06T02:52:26+00:00,02:52:26,SOL,137.49,137.48,137.51,dom,1,2026-01-06T02:54:38.796130+00:00
2026-01-06T02:52:27+00:00,02:52:27,SOL,137.49,137.48,137.51,dom,1,2026-01-06T02:54:39.713141+00:00
2026-01-06T02:52:28+00:00,02:52:28,SOL,137.49,137.48,137.51,dom,1,2026-01-06T02:54:40.794756+00:00
2026-01-06T02:52:29+00:00,02:52:29,SOL,137.49,137.48,137.51,dom,1,2026-01-06T02:54:42.706630+00:00
2026-01-06T02:52:30+00:00,02:52:30,SOL,137.49,137.48,137.5,dom,1,2026-01-06T02:54:43.049712+00:00
2026-01-06T02:52:31+00:00,02:52:31,SOL,137.49,137.48,137.5,dom,1,2026-01-06T02:54:44.038087+00:00
2026-01-06T02:52:32+00:00,02:52:32,SOL,137.49,137.48,137.51,dom,1,2026-01-06T02:54:45.072340+00:00
2026-01-06T02:52:33+00:00,02:52:33,SOL,137.49,137.48,137.51,dom,1,2026-01-06T02:54:46.063910+00:00
2026-01-06T02:52:34+00:00,02:52:34,SOL,137.49,137.48,137.51,dom,1,2026-01-06T02:54:47.083575+00:00
2026-01-06T02:52:35+00:00,02:52:35,SOL,137.49,137.49,137.51,dom,1,2026-01-06T02:54:48.098324+00:00
2026-01-06T02:52:36+00:00,02:52:36,SOL,137.49,137.49,137.51,dom,1,2026-01-06T02:54:49.744894+00:00
2026-01-06T02:52:38+00:00,02:52:38,SOL,137.49,137.49,137.51,dom,1,2026-01-06T02:54:50.826311+00:00
2026-01-06T02:52:39+00:00,02:52:39,SOL,137.49,137.49,137.51,dom,1,2026-01-06T02:54:52.875498+00:00
2026-01-06T02:52:40+00:00,02:52:40,SOL,137.49,137.49,137.51,dom,1,2026-01-06T02:54:52.978819+00:00
2026-01-06T02:52:41+00:00,02:52:41,SOL,137.49,137.49,137.51,dom,1,2026-01-06T02:54:53.939575+00:00
2026-01-06T02:52:43+00:00,02:52:43,SOL,137.5,137.49,137.52,dom,1,2026-01-06T02:54:55.914025+00:00
2026-01-06T02:52:44+00:00,02:52:44,SOL,137.5,137.49,137.52,dom,1,2026-01-06T02:54:56.973392+00:00
2026-01-06T02:52:45+00:00,02:52:45,SOL,137.5,137.49,137.52,dom,1,2026-01-06T02:54:57.961627+00:00
2026-01-06T02:52:46+00:00,02:52:46,SOL,137.49,137.48,137.51,dom,1,2026-01-06T02:54:59.004359+00:00
2026-01-06T02:52:48+00:00,02:52:48,SOL,137.48,137.47,137.5,dom,1,2026-01-06T02:55:00.954288+00:00
2026-01-06T02:52:49+00:00,02:52:49,SOL,137.48,137.47,137.5,dom,1,2026-01-06T02:55:02.213648+00:00
2026-01-06T02:52:52+00:00,02:52:52,SOL,137.46,137.45,137.47,dom,1,2026-01-06T02:55:04.522671+00:00
2026-01-06T02:52:54+00:00,02:52:54,SOL,137.46,137.45,137.47,dom,1,2026-01-06T02:55:06.608785+00:00
2026-01-06T02:52:55+00:00,02:52:55,SOL,137.46,137.45,137.47,dom,1,2026-01-06T02:55:07.644545+00:00
2026-01-06T02:52:56+00:00,02:52:56,SOL,137.46,137.45,137.47,dom,1,2026-01-06T02:55:08.787037+00:00
2026-01-06T02:52:57+00:00,02:52:57,SOL,137.46,137.45,137.48,dom,1,2026-01-06T02:55:09.640413+00:00
2026-01-06T02:53:02+00:00,02:53:02,SOL,137.46,137.45,137.47,dom,1,2026-01-06T02:55:15.202652+00:00
2026-01-06T02:53:03+00:00,02:53:03,SOL,137.46,137.45,137.48,dom,1,2026-01-06T02:55:16.218789+00:00
2026-01-06T02:53:06+00:00,02:53:06,SOL,137.47,137.46,137.48,dom,1,2026-01-06T02:55:18.461693+00:00
2026-01-06T02:53:07+00:00,02:53:07,SOL,137.47,137.46,137.49,dom,1,2026-01-06T02:55:20.305518+00:00
2026-01-06T02:53:08+00:00,02:53:08,SOL,137.47,137.46,137.5,dom,1,2026-01-06T02:55:21.124387+00:00
2026-01-06T02:53:09+00:00,02:53:09,SOL,137.48,137.47,137.5,dom,1,2026-01-06T02:55:22.181712+00:00
2026-01-06T02:53:10+00:00,02:53:10,SOL,137.49,137.48,137.51,dom,1,2026-01-06T02:55:23.368697+00:00
2026-01-06T02:53:11+00:00,02:53:11,SOL,137.5,137.49,137.52,dom,1,2026-01-06T02:55:24.370874+00:00
2026-01-06T02:53:12+00:00,02:53:12,SOL,137.5,137.49,137.52,dom,1,2026-01-06T02:55:26.127518+00:00
2026-01-06T02:53:13+00:00,02:53:13,SOL,137.5,137.49,137.52,dom,1,2026-01-06T02:55:26.439555+00:00
2026-01-06T02:53:14+00:00,02:53:14,SOL,137.5,137.49,137.51,dom,1,2026-01-06T02:55:27.507865+00:00
2026-01-06T02:53:16+00:00,02:53:16,SOL,137.5,137.49,137.51,dom,1,2026-01-06T02:55:29.157122+00:00
2026-01-06T02:53:17+00:00,02:53:16,SOL,137.5,137.49,137.51,dom,1,2026-01-06T02:55:30.104654+00:00
2026-01-06T02:53:18+00:00,02:53:18,SOL,137.5,137.49,137.51,dom,1,2026-01-06T02:55:31.306420+00:00
2026-01-06T02:53:19+00:00,02:53:19,SOL,137.5,137.49,137.51,dom,1,2026-01-06T02:55:32.552769+00:00
2026-01-06T02:53:20+00:00,02:53:20,SOL,137.5,137.49,137.52,dom,1,2026-01-06T02:55:33.536164+00:00
2026-01-06T02:53:21+00:00,02:53:21,SOL,137.5,137.49,137.52,dom,1,2026-01-06T02:55:34.561528+00:00
2026-01-06T02:53:22+00:00,02:53:22,SOL,137.5,137.49,137.52,dom,1,2026-01-06T02:55:35.571673+00:00
2026-01-06T02:53:23+00:00,02:53:23,SOL,137.5,137.49,137.52,dom,1,2026-01-06T02:55:36.626595+00:00
2026-01-06T02:53:24+00:00,02:53:24,SOL,137.5,137.49,137.52,dom,1,2026-01-06T02:55:37.562260+00:00
2026-01-06T02:53:25+00:00,02:53:25,SOL,137.5,137.49,137.52,dom,1,2026-01-06T02:55:38.591439+00:00
2026-01-06T02:53:26+00:00,02:53:26,SOL,137.5,137.49,137.52,dom,1,2026-01-06T02:55:39.584529+00:00
2026-01-06T02:53:27+00:00,02:53:27,SOL,137.5,137.49,137.52,dom,1,2026-01-06T02:55:40.607480+00:00
2026-01-06T02:53:28+00:00,02:53:28,SOL,137.5,137.49,137.52,dom,1,2026-01-06T02:55:41.613008+00:00
2026-01-06T02:53:29+00:00,02:53:29,SOL,137.5,137.5,137.52,dom,1,2026-01-06T02:55:43.405138+00:00
2026-01-06T02:53:31+00:00,02:53:31,SOL,137.5,137.5,137.52,dom,1,2026-01-06T02:55:44.505840+00:00
2026-01-06T02:53:32+00:00,02:53:32,SOL,137.5,137.5,137.52,dom,1,2026-01-06T02:55:45.661795+00:00
2026-01-06T02:53:33+00:00,02:53:33,SOL,137.5,137.5,137.52,dom,1,2026-01-06T02:55:46.668668+00:00
2026-01-06T02:53:34+00:00,02:53:34,SOL,137.5,137.5,137.52,dom,1,2026-01-06T02:55:47.674060+00:00
2026-01-06T02:53:35+00:00,02:53:35,SOL,137.5,137.5,137.52,dom,1,2026-01-06T02:55:49.519746+00:00
2026-01-06T02:53:37+00:00,02:53:37,SOL,137.52,137.51,137.53,dom,1,2026-01-06T02:55:50.524065+00:00
2026-01-06T02:53:38+00:00,02:53:38,SOL,137.53,137.52,137.55,dom,1,2026-01-06T02:55:51.326191+00:00
2026-01-06T02:53:39+00:00,02:53:39,SOL,137.53,137.53,137.55,dom,1,2026-01-06T02:55:52.306350+00:00
2026-01-06T02:53:40+00:00,02:53:40,SOL,137.53,137.53,137.55,dom,1,2026-01-06T02:55:53.406351+00:00
2026-01-06T02:53:41+00:00,02:53:41,SOL,137.53,137.53,137.55,dom,1,2026-01-06T02:55:54.388409+00:00
2026-01-06T02:53:42+00:00,02:53:42,SOL,137.53,137.53,137.55,dom,1,2026-01-06T02:55:55.506067+00:00
2026-01-06T02:53:43+00:00,02:53:43,SOL,137.53,137.52,137.55,dom,1,2026-01-06T02:55:56.537883+00:00
2026-01-06T02:53:44+00:00,02:53:44,SOL,137.53,137.52,137.55,dom,1,2026-01-06T02:55:57.555213+00:00
2026-01-06T02:53:45+00:00,02:53:45,SOL,137.53,137.52,137.55,dom,1,2026-01-06T02:55:58.567718+00:00
2026-01-06T02:53:46+00:00,02:53:46,SOL,137.53,137.52,137.55,dom,1,2026-01-06T02:55:59.592686+00:00
2026-01-06T02:53:47+00:00,02:53:47,SOL,137.53,137.52,137.55,dom,1,2026-01-06T02:56:00.592662+00:00
2026-01-06T02:53:48+00:00,02:53:48,SOL,137.53,137.52,137.55,dom,1,2026-01-06T02:56:01.694709+00:00
2026-01-06T02:53:49+00:00,02:53:49,SOL,137.53,137.52,137.55,dom,1,2026-01-06T02:56:02.673694+00:00
2026-01-06T02:53:51+00:00,02:53:51,SOL,137.53,137.52,137.55,dom,1,2026-01-06T02:56:05.703222+00:00
2026-01-06T02:53:53+00:00,02:53:53,SOL,137.53,137.52,137.55,dom,1,2026-01-06T02:56:06.746251+00:00
2026-01-06T02:53:54+00:00,02:53:54,SOL,137.53,137.52,137.55,dom,1,2026-01-06T02:56:07.774983+00:00
2026-01-06T02:53:55+00:00,02:53:55,SOL,137.53,137.52,137.55,dom,1,2026-01-06T02:56:08.804221+00:00
2026-01-06T02:53:58+00:00,02:53:58,SOL,137.54,137.53,137.56,dom,1,2026-01-06T02:56:11.667979+00:00
2026-01-06T02:53:59+00:00,02:53:59,SOL,137.55,137.53,137.56,dom,1,2026-01-06T02:56:12.677695+00:00
2026-01-06T02:54:00+00:00,02:54:00,SOL,137.56,137.55,137.59,dom,1,2026-01-06T02:56:13.859048+00:00
2026-01-06T02:54:01+00:00,02:54:01,SOL,137.59,137.59,137.62,dom,1,2026-01-06T02:56:15.068174+00:00
2026-01-06T02:54:02+00:00,02:54:02,SOL,137.62,137.62,137.64,dom,1,2026-01-06T02:56:16.078015+00:00
2026-01-06T02:54:03+00:00,02:54:03,SOL,137.63,137.62,137.64,dom,1,2026-01-06T02:56:17.153300+00:00
2026-01-06T02:54:04+00:00,02:54:04,SOL,137.63,137.62,137.65,dom,1,2026-01-06T02:56:18.117566+00:00
2026-01-06T02:54:05+00:00,02:54:05,SOL,137.64,137.63,137.65,dom,1,2026-01-06T02:56:19.143827+00:00
2026-01-06T02:54:06+00:00,02:54:06,SOL,137.64,137.63,137.65,dom,1,2026-01-06T02:56:20.145417+00:00
2026-01-06T02:54:07+00:00,02:54:07,SOL,137.64,137.63,137.65,dom,1,2026-01-06T02:56:21.169289+00:00
2026-01-06T02:54:08+00:00,02:54:08,SOL,137.63,137.62,137.64,dom,1,2026-01-06T02:56:22.144106+00:00
2026-01-06T02:54:09+00:00,02:54:09,SOL,137.63,137.61,137.64,dom,1,2026-01-06T02:56:23.169745+00:00
2026-01-06T02:54:10+00:00,02:54:10,SOL,137.62,137.61,137.63,dom,1,2026-01-06T02:56:24.175609+00:00
2026-01-06T02:54:11+00:00,02:54:11,SOL,137.62,137.61,137.63,dom,1,2026-01-06T02:56:25.170901+00:00
2026-01-06T02:54:12+00:00,02:54:12,SOL,137.61,137.6,137.62,dom,1,2026-01-06T02:56:26.176337+00:00
2026-01-06T02:54:13+00:00,02:54:13,SOL,137.6,137.59,137.61,dom,1,2026-01-06T02:56:27.221055+00:00
2026-01-06T02:54:16+00:00,02:54:16,SOL,137.59,137.58,137.6,dom,1,2026-01-06T02:56:29.491613+00:00
2026-01-06T02:54:17+00:00,02:54:17,SOL,137.59,137.58,137.6,dom,1,2026-01-06T02:56:30.490302+00:00
2026-01-06T02:54:18+00:00,02:54:18,SOL,137.59,137.58,137.6,dom,1,2026-01-06T02:56:31.522033+00:00
2026-01-06T02:54:19+00:00,02:54:19,SOL,137.59,137.58,137.6,dom,1,2026-01-06T02:56:32.536985+00:00
2026-01-06T02:54:20+00:00,02:54:20,SOL,137.59,137.58,137.6,dom,1,2026-01-06T02:56:34.516857+00:00
2026-01-06T02:54:21+00:00,02:54:21,SOL,137.59,137.58,137.6,dom,1,2026-01-06T02:56:35.274913+00:00
2026-01-06T02:54:23+00:00,02:54:23,SOL,137.61,137.6,137.62,dom,1,2026-01-06T02:56:36.469057+00:00
2026-01-06T02:54:24+00:00,02:54:24,SOL,137.61,137.6,137.62,dom,1,2026-01-06T02:56:38.303128+00:00
2026-01-06T02:54:25+00:00,02:54:25,SOL,137.62,137.6,137.62,dom,1,2026-01-06T02:56:39.330698+00:00
2026-01-06T02:54:27+00:00,02:54:27,SOL,137.62,137.6,137.63,dom,1,2026-01-06T02:56:41.402922+00:00
2026-01-06T02:54:28+00:00,02:54:28,SOL,137.62,137.6,137.63,dom,1,2026-01-06T02:56:41.492531+00:00
2026-01-06T02:54:30+00:00,02:54:30,SOL,137.62,137.6,137.63,dom,1,2026-01-06T02:56:44.420673+00:00
2026-01-06T02:54:32+00:00,02:54:32,SOL,137.63,137.61,137.64,dom,1,2026-01-06T02:56:45.500187+00:00
2026-01-06T02:54:33+00:00,02:54:33,SOL,137.63,137.61,137.64,dom,1,2026-01-06T02:56:46.569021+00:00
2026-01-06T02:54:35+00:00,02:54:35,SOL,137.62,137.61,137.63,dom,1,2026-01-06T02:56:48.839760+00:00
2026-01-06T02:54:36+00:00,02:54:36,SOL,137.62,137.61,137.63,dom,1,2026-01-06T02:56:49.656497+00:00
2026-01-06T02:54:37+00:00,02:54:37,SOL,137.62,137.61,137.63,dom,1,2026-01-06T02:56:50.634769+00:00
2026-01-06T02:54:38+00:00,02:54:38,SOL,137.62,137.61,137.63,dom,1,2026-01-06T02:56:51.843458+00:00
2026-01-06T02:54:39+00:00,02:54:39,SOL,137.62,137.61,137.63,dom,1,2026-01-06T02:56:52.609003+00:00
2026-01-06T02:54:40+00:00,02:54:40,SOL,137.63,137.61,137.64,dom,1,2026-01-06T02:56:53.507597+00:00
2026-01-06T02:54:41+00:00,02:54:41,SOL,137.63,137.61,137.64,dom,1,2026-01-06T02:56:54.654196+00:00
2026-01-06T02:54:42+00:00,02:54:42,SOL,137.63,137.61,137.64,dom,1,2026-01-06T02:56:55.675841+00:00
2026-01-06T02:54:43+00:00,02:54:43,SOL,137.62,137.6,137.63,dom,1,2026-01-06T02:56:56.671051+00:00
2026-01-06T02:54:44+00:00,02:54:44,SOL,137.62,137.6,137.63,dom,1,2026-01-06T02:56:57.817986+00:00
2026-01-06T02:54:45+00:00,02:54:45,SOL,137.61,137.6,137.63,dom,1,2026-01-06T02:56:58.785843+00:00
2026-01-06T02:54:46+00:00,02:54:46,SOL,137.6,137.59,137.61,dom,1,2026-01-06T02:56:59.792979+00:00
2026-01-06T02:54:47+00:00,02:54:47,SOL,137.6,137.59,137.61,dom,1,2026-01-06T02:57:00.887002+00:00
2026-01-06T02:54:48+00:00,02:54:48,SOL,137.6,137.59,137.61,dom,1,2026-01-06T02:57:01.808329+00:00
2026-01-06T02:54:49+00:00,02:54:49,SOL,137.6,137.58,137.61,dom,1,2026-01-06T02:57:02.834619+00:00
2026-01-06T02:54:50+00:00,02:54:50,SOL,137.6,137.58,137.61,dom,1,2026-01-06T02:57:03.842786+00:00
2026-01-06T02:54:51+00:00,02:54:51,SOL,137.6,137.58,137.61,dom,1,2026-01-06T02:57:04.935824+00:00
2026-01-06T02:54:52+00:00,02:54:52,SOL,137.6,137.58,137.61,dom,1,2026-01-06T02:57:05.950782+00:00
2026-01-06T02:54:53+00:00,02:54:53,SOL,137.6,137.58,137.61,dom,1,2026-01-06T02:57:06.967255+00:00
2026-01-06T02:54:54+00:00,02:54:54,SOL,137.6,137.58,137.61,dom,1,2026-01-06T02:57:07.962370+00:00
2026-01-06T02:54:56+00:00,02:54:56,SOL,137.6,137.58,137.61,dom,1,2026-01-06T02:57:09.788471+00:00
2026-01-06T02:54:57+00:00,02:54:57,SOL,137.61,137.58,137.61,dom,1,2026-01-06T02:57:11.020135+00:00
2026-01-06T02:54:58+00:00,02:54:58,SOL,137.61,137.59,137.61,dom,1,2026-01-06T02:57:12.017388+00:00
2026-01-06T02:55:00+00:00,02:55:00,SOL,137.61,137.59,137.61,dom,1,2026-01-06T02:57:13.987949+00:00
2026-01-06T02:55:01+00:00,02:55:01,SOL,137.62,137.6,137.63,dom,1,2026-01-06T02:57:15.290146+00:00
2026-01-06T02:55:02+00:00,02:55:02,SOL,137.64,137.61,137.66,dom,1,2026-01-06T02:57:16.275593+00:00
2026-01-06T02:55:03+00:00,02:55:03,SOL,137.66,137.63,137.68,dom,1,2026-01-06T02:57:17.307444+00:00
2026-01-06T02:55:04+00:00,02:55:04,SOL,137.67,137.65,137.68,dom,1,2026-01-06T02:57:18.288279+00:00
2026-01-06T02:55:05+00:00,02:55:05,SOL,137.67,137.65,137.68,dom,1,2026-01-06T02:57:19.317386+00:00
2026-01-06T02:55:07+00:00,02:55:07,SOL,137.67,137.65,137.68,dom,1,2026-01-06T02:57:21.175076+00:00
2026-01-06T02:55:08+00:00,02:55:08,SOL,137.71,137.68,137.72,dom,1,2026-01-06T02:57:22.324156+00:00
2026-01-06T02:55:09+00:00,02:55:09,SOL,137.71,137.68,137.71,dom,1,2026-01-06T02:57:23.407289+00:00
2026-01-06T02:55:10+00:00,02:55:10,SOL,137.71,137.68,137.72,dom,1,2026-01-06T02:57:24.334809+00:00
2026-01-06T02:55:11+00:00,02:55:11,SOL,137.7,137.68,137.72,dom,1,2026-01-06T02:57:25.399490+00:00
2026-01-06T02:55:12+00:00,02:55:12,SOL,137.7,137.68,137.71,dom,1,2026-01-06T02:57:26.550862+00:00
2026-01-06T02:55:13+00:00,02:55:13,SOL,137.68,137.68,137.7,dom,1,2026-01-06T02:57:27.471439+00:00
2026-01-06T02:55:14+00:00,02:55:14,SOL,137.68,137.67,137.69,dom,1,2026-01-06T02:57:28.475043+00:00
2026-01-06T02:55:15+00:00,02:55:15,SOL,137.67,137.66,137.68,dom,1,2026-01-06T02:57:29.488198+00:00
2026-01-06T02:55:16+00:00,02:55:16,SOL,137.67,137.66,137.68,dom,1,2026-01-06T02:57:30.493081+00:00
2026-01-06T02:55:17+00:00,02:55:17,SOL,137.67,137.66,137.69,dom,1,2026-01-06T02:57:31.506167+00:00
2026-01-06T02:55:18+00:00,02:55:18,SOL,137.67,137.66,137.69,dom,1,2026-01-06T02:57:32.522039+00:00
2026-01-06T02:55:19+00:00,02:55:19,SOL,137.67,137.66,137.69,dom,1,2026-01-06T02:57:33.566980+00:00
2026-01-06T02:55:20+00:00,02:55:20,SOL,137.68,137.66,137.69,dom,1,2026-01-06T02:57:34.573799+00:00
2026-01-06T02:55:21+00:00,02:55:21,SOL,137.68,137.67,137.7,dom,1,2026-01-06T02:57:35.553749+00:00
2026-01-06T02:55:22+00:00,02:55:22,SOL,137.69,137.68,137.71,dom,1,2026-01-06T02:57:36.557624+00:00
2026-01-06T02:55:23+00:00,02:55:23,SOL,137.7,137.68,137.71,dom,1,2026-01-06T02:57:37.687379+00:00
2026-01-06T02:55:24+00:00,02:55:24,SOL,137.71,137.69,137.71,dom,1,2026-01-06T02:57:38.595516+00:00
2026-01-06T02:55:25+00:00,02:55:25,SOL,137.7,137.69,137.71,dom,1,2026-01-06T02:57:39.591258+00:00
2026-01-06T02:55:26+00:00,02:55:26,SOL,137.7,137.68,137.71,dom,1,2026-01-06T02:57:40.617969+00:00
2026-01-06T02:55:27+00:00,02:55:27,SOL,137.69,137.67,137.71,dom,1,2026-01-06T02:57:41.648923+00:00
2026-01-06T02:55:28+00:00,02:55:28,SOL,137.69,137.67,137.71,dom,1,2026-01-06T02:57:42.805244+00:00
2026-01-06T02:55:29+00:00,02:55:29,SOL,137.69,137.67,137.71,dom,1,2026-01-06T02:57:43.768249+00:00
2026-01-06T02:55:30+00:00,02:55:30,SOL,137.69,137.67,137.71,dom,1,2026-01-06T02:57:44.797406+00:00
2026-01-06T02:55:31+00:00,02:55:31,SOL,137.69,137.67,137.71,dom,1,2026-01-06T02:57:45.824573+00:00
2026-01-06T02:55:32+00:00,02:55:32,SOL,137.69,137.67,137.71,dom,1,2026-01-06T02:57:46.812598+00:00
2026-01-06T02:55:33+00:00,02:55:33,SOL,137.69,137.67,137.71,dom,1,2026-01-06T02:57:47.821955+00:00
2026-01-06T02:55:34+00:00,02:55:34,SOL,137.69,137.67,137.7,dom,1,2026-01-06T02:57:48.837666+00:00
2026-01-06T02:55:35+00:00,02:55:35,SOL,137.69,137.67,137.71,dom,1,2026-01-06T02:57:49.847052+00:00
2026-01-06T02:55:36+00:00,02:55:36,SOL,137.7,137.68,137.71,dom,1,2026-01-06T02:57:50.933623+00:00
2026-01-06T02:55:37+00:00,02:55:37,SOL,137.7,137.68,137.71,dom,1,2026-01-06T02:57:51.900514+00:00
2026-01-06T02:55:38+00:00,02:55:38,SOL,137.7,137.68,137.71,dom,1,2026-01-06T02:57:52.949849+00:00
2026-01-06T02:55:39+00:00,02:55:39,SOL,137.7,137.69,137.72,dom,1,2026-01-06T02:57:53.913773+00:00
2026-01-06T02:55:40+00:00,02:55:40,SOL,137.72,137.7,137.74,dom,1,2026-01-06T02:57:54.971572+00:00
2026-01-06T02:55:41+00:00,02:55:41,SOL,137.72,137.71,137.74,dom,1,2026-01-06T02:57:55.958377+00:00
2026-01-06T02:55:42+00:00,02:55:42,SOL,137.72,137.71,137.73,dom,1,2026-01-06T02:57:56.950186+00:00
2026-01-06T02:55:43+00:00,02:55:43,SOL,137.72,137.71,137.73,dom,1,2026-01-06T02:57:57.936396+00:00
2026-01-06T02:55:44+00:00,02:55:44,SOL,137.72,137.71,137.73,dom,1,2026-01-06T02:57:58.988406+00:00
2026-01-06T02:55:45+00:00,02:55:45,SOL,137.72,137.71,137.73,dom,1,2026-01-06T02:57:59.986619+00:00
2026-01-06T02:55:46+00:00,02:55:46,SOL,137.72,137.71,137.73,dom,1,2026-01-06T02:58:01.000151+00:00
2026-01-06T02:55:47+00:00,02:55:47,SOL,137.72,137.71,137.73,dom,1,2026-01-06T02:58:01.998996+00:00
2026-01-06T02:55:48+00:00,02:55:48,SOL,137.72,137.71,137.73,dom,1,2026-01-06T02:58:04.133039+00:00
2026-01-06T02:55:51+00:00,02:55:51,SOL,137.72,137.71,137.73,dom,1,2026-01-06T02:58:05.972927+00:00
2026-01-06T02:55:52+00:00,02:55:52,SOL,137.72,137.71,137.73,dom,1,2026-01-06T02:58:07.103189+00:00
2026-01-06T02:55:53+00:00,02:55:53,SOL,137.72,137.71,137.73,dom,1,2026-01-06T02:58:08.170929+00:00
2026-01-06T02:55:55+00:00,02:55:55,SOL,137.72,137.71,137.73,dom,1,2026-01-06T02:58:10.122157+00:00
2026-01-06T02:55:58+00:00,02:55:58,SOL,137.72,137.71,137.74,dom,1,2026-01-06T02:58:13.201178+00:00
2026-01-06T02:55:59+00:00,02:55:59,SOL,137.72,137.71,137.74,dom,1,2026-01-06T02:58:13.274896+00:00
2026-01-06T02:56:00+00:00,02:56:00,SOL,137.71,137.7,137.72,dom,1,2026-01-06T02:58:15.298300+00:00
2026-01-06T02:56:01+00:00,02:56:01,SOL,137.72,137.7,137.73,dom,1,2026-01-06T02:58:16.284337+00:00
2026-01-06T02:56:03+00:00,02:56:03,SOL,137.73,137.71,137.74,dom,1,2026-01-06T02:58:19.351180+00:00
2026-01-06T02:56:05+00:00,02:56:05,SOL,137.73,137.71,137.74,dom,1,2026-01-06T02:58:19.432112+00:00
2026-01-06T02:56:06+00:00,02:56:06,SOL,137.75,137.72,137.75,dom,1,2026-01-06T02:58:20.666014+00:00
2026-01-06T02:56:08+00:00,02:56:08,SOL,137.75,137.72,137.75,dom,1,2026-01-06T02:58:22.544061+00:00
2026-01-06T02:56:09+00:00,02:56:09,SOL,137.75,137.73,137.77,dom,1,2026-01-06T02:58:23.577159+00:00
2026-01-06T02:56:10+00:00,02:56:10,SOL,137.75,137.73,137.76,dom,1,2026-01-06T02:58:24.599381+00:00
2026-01-06T02:56:11+00:00,02:56:11,SOL,137.75,137.73,137.77,dom,1,2026-01-06T02:58:25.553953+00:00
2026-01-06T02:56:12+00:00,02:56:12,SOL,137.75,137.73,137.77,dom,1,2026-01-06T02:58:26.599968+00:00
2026-01-06T02:56:13+00:00,02:56:13,SOL,137.75,137.74,137.77,dom,1,2026-01-06T02:58:27.579145+00:00
2026-01-06T02:56:14+00:00,02:56:14,SOL,137.73,137.72,137.75,dom,1,2026-01-06T02:58:28.606985+00:00
2026-01-06T02:56:15+00:00,02:56:15,SOL,137.72,137.71,137.73,dom,1,2026-01-06T02:58:29.741516+00:00
2026-01-06T02:56:16+00:00,02:56:16,SOL,137.72,137.7,137.72,dom,1,2026-01-06T02:58:30.662471+00:00
2026-01-06T02:56:17+00:00,02:56:17,SOL,137.7,137.69,137.71,dom,1,2026-01-06T02:58:31.656613+00:00
2026-01-06T02:56:18+00:00,02:56:18,SOL,137.69,137.68,137.7,dom,1,2026-01-06T02:58:32.682715+00:00
2026-01-06T02:56:20+00:00,02:56:20,SOL,137.69,137.68,137.7,dom,1,2026-01-06T02:58:34.716099+00:00
2026-01-06T02:56:21+00:00,02:56:20,SOL,137.69,137.68,137.7,dom,1,2026-01-06T02:58:35.721393+00:00
2026-01-06T02:56:22+00:00,02:56:22,SOL,137.69,137.68,137.7,dom,1,2026-01-06T02:58:36.649287+00:00
2026-01-06T02:56:23+00:00,02:56:23,SOL,137.68,137.67,137.7,dom,1,2026-01-06T02:58:38.782327+00:00
2026-01-06T02:56:24+00:00,02:56:24,SOL,137.67,137.67,137.69,dom,1,2026-01-06T02:58:39.732108+00:00
2026-01-06T02:56:25+00:00,02:56:25,SOL,137.67,137.66,137.68,dom,1,2026-01-06T02:58:40.653763+00:00
2026-01-06T02:56:27+00:00,02:56:27,SOL,137.66,137.65,137.68,dom,1,2026-01-06T02:58:41.850905+00:00
2026-01-06T02:56:28+00:00,02:56:28,SOL,137.66,137.65,137.68,dom,1,2026-01-06T02:58:42.899491+00:00
2026-01-06T02:56:29+00:00,02:56:29,SOL,137.66,137.65,137.68,dom,1,2026-01-06T02:58:44.638728+00:00
2026-01-06T02:56:30+00:00,02:56:30,SOL,137.66,137.65,137.68,dom,1,2026-01-06T02:58:45.606487+00:00
2026-01-06T02:56:32+00:00,02:56:32,SOL,137.66,137.65,137.68,dom,1,2026-01-06T02:58:46.905345+00:00
2026-01-06T02:56:33+00:00,02:56:33,SOL,137.66,137.65,137.67,dom,1,2026-01-06T02:58:47.849797+00:00
2026-01-06T02:56:34+00:00,02:56:34,SOL,137.66,137.65,137.67,dom,1,2026-01-06T02:58:48.868612+00:00
2026-01-06T02:56:35+00:00,02:56:35,SOL,137.66,137.65,137.67,dom,1,2026-01-06T02:58:49.884472+00:00
2026-01-06T02:56:36+00:00,02:56:36,SOL,137.66,137.65,137.67,dom,1,2026-01-06T02:58:50.907063+00:00
2026-01-06T02:56:37+00:00,02:56:37,SOL,137.66,137.65,137.67,dom,1,2026-01-06T02:58:51.917602+00:00
2026-01-06T02:56:38+00:00,02:56:38,SOL,137.66,137.65,137.67,dom,1,2026-01-06T02:58:52.969990+00:00
2026-01-06T02:56:39+00:00,02:56:39,SOL,137.66,137.65,137.67,dom,1,2026-01-06T02:58:54.015201+00:00
2026-01-06T02:56:40+00:00,02:56:40,SOL,137.65,137.64,137.67,dom,1,2026-01-06T02:58:55.739227+00:00
2026-01-06T02:56:41+00:00,02:56:41,SOL,137.65,137.64,137.66,dom,1,2026-01-06T02:58:56.025248+00:00
2026-01-06T02:56:42+00:00,02:56:42,SOL,137.63,137.62,137.64,dom,1,2026-01-06T02:58:57.039851+00:00
2026-01-06T02:56:43+00:00,02:56:43,SOL,137.62,137.61,137.63,dom,1,2026-01-06T02:58:58.790720+00:00
2026-01-06T02:56:44+00:00,02:56:44,SOL,137.61,137.6,137.62,dom,1,2026-01-06T02:58:59.055833+00:00
2026-01-06T02:56:45+00:00,02:56:45,SOL,137.6,137.59,137.61,dom,1,2026-01-06T02:59:02.288128+00:00
2026-01-06T02:56:47+00:00,02:56:47,SOL,137.58,137.57,137.59,dom,1,2026-01-06T02:59:02.340878+00:00
2026-01-06T02:56:48+00:00,02:56:48,SOL,137.58,137.57,137.59,dom,1,2026-01-06T02:59:03.387685+00:00
2026-01-06T02:56:49+00:00,02:56:49,SOL,137.58,137.57,137.59,dom,1,2026-01-06T02:59:04.387122+00:00
2026-01-06T02:56:50+00:00,02:56:50,SOL,137.58,137.57,137.6,dom,1,2026-01-06T02:59:05.406535+00:00
2026-01-06T02:56:52+00:00,02:56:52,SOL,137.59,137.58,137.61,dom,1,2026-01-06T02:59:07.599338+00:00
2026-01-06T02:56:53+00:00,02:56:53,SOL,137.59,137.58,137.61,dom,1,2026-01-06T02:59:08.666228+00:00
2026-01-06T02:56:54+00:00,02:56:54,SOL,137.59,137.58,137.61,dom,1,2026-01-06T02:59:09.619956+00:00
2026-01-06T02:56:55+00:00,02:56:55,SOL,137.59,137.58,137.61,dom,1,2026-01-06T02:59:10.645008+00:00
2026-01-06T02:56:57+00:00,02:56:57,SOL,137.59,137.58,137.61,dom,1,2026-01-06T02:59:12.691820+00:00
2026-01-06T02:56:58+00:00,02:56:58,SOL,137.59,137.58,137.61,dom,1,2026-01-06T02:59:13.749563+00:00
2026-01-06T02:56:59+00:00,02:56:59,SOL,137.59,137.58,137.61,dom,1,2026-01-06T02:59:14.042763+00:00
2026-01-06T02:57:00+00:00,02:57:00,SOL,137.59,137.58,137.62,dom,1,2026-01-06T02:59:15.021738+00:00
2026-01-06T02:57:01+00:00,02:57:01,SOL,137.6,137.59,137.62,dom,1,2026-01-06T02:59:16.063740+00:00
2026-01-06T02:57:02+00:00,02:57:02,SOL,137.64,137.63,137.66,dom,1,2026-01-06T02:59:17.091092+00:00
2026-01-06T02:57:03+00:00,02:57:03,SOL,137.64,137.64,137.66,dom,1,2026-01-06T02:59:18.151035+00:00
2026-01-06T02:57:04+00:00,02:57:04,SOL,137.65,137.64,137.67,dom,1,2026-01-06T02:59:19.125298+00:00
2026-01-06T02:57:05+00:00,02:57:05,SOL,137.65,137.64,137.67,dom,1,2026-01-06T02:59:20.939008+00:00
2026-01-06T02:57:06+00:00,02:57:06,SOL,137.65,137.64,137.67,dom,1,2026-01-06T02:59:21.150520+00:00
2026-01-06T02:57:08+00:00,02:57:08,SOL,137.66,137.65,137.69,dom,1,2026-01-06T02:59:23.052162+00:00
2026-01-06T02:57:09+00:00,02:57:09,SOL,137.66,137.66,137.69,dom,1,2026-01-06T02:59:24.222111+00:00
2026-01-06T02:57:10+00:00,02:57:10,SOL,137.67,137.66,137.7,dom,1,2026-01-06T02:59:25.316892+00:00
2026-01-06T02:57:11+00:00,02:57:11,SOL,137.68,137.66,137.7,dom,1,2026-01-06T02:59:26.216950+00:00
2026-01-06T02:57:12+00:00,02:57:12,SOL,137.69,137.68,137.71,dom,1,2026-01-06T02:59:28.218845+00:00
2026-01-06T02:57:13+00:00,02:57:13,SOL,137.69,137.68,137.71,dom,1,2026-01-06T02:59:29.296665+00:00
2026-01-06T02:57:15+00:00,02:57:15,SOL,137.69,137.68,137.71,dom,1,2026-01-06T02:59:30.398056+00:00
2026-01-06T02:57:16+00:00,02:57:16,SOL,137.69,137.68,137.71,dom,1,2026-01-06T02:59:31.350791+00:00
2026-01-06T02:57:17+00:00,02:57:17,SOL,137.69,137.68,137.7,dom,1,2026-01-06T02:59:32.418187+00:00
2026-01-06T02:57:18+00:00,02:57:18,SOL,137.69,137.68,137.7,dom,1,2026-01-06T02:59:33.455612+00:00
2026-01-06T02:57:19+00:00,02:57:19,SOL,137.69,137.68,137.7,dom,1,2026-01-06T02:59:34.462109+00:00
2026-01-06T02:57:20+00:00,02:57:20,SOL,137.69,137.68,137.7,dom,1,2026-01-06T02:59:36.143349+00:00
2026-01-06T02:57:21+00:00,02:57:21,SOL,137.7,137.68,137.71,dom,1,2026-01-06T02:59:37.147131+00:00
2026-01-06T02:57:22+00:00,02:57:22,SOL,137.7,137.69,137.71,dom,1,2026-01-06T02:59:38.145724+00:00
2026-01-06T02:57:23+00:00,02:57:23,SOL,137.7,137.69,137.71,dom,1,2026-01-06T02:59:39.072115+00:00
2026-01-06T02:57:24+00:00,02:57:24,SOL,137.7,137.69,137.71,dom,1,2026-01-06T02:59:40.214853+00:00
2026-01-06T02:57:25+00:00,02:57:25,SOL,137.7,137.69,137.71,dom,1,2026-01-06T02:59:41.283715+00:00
2026-01-06T02:57:26+00:00,02:57:26,SOL,137.7,137.69,137.71,dom,1,2026-01-06T02:59:42.225853+00:00
2026-01-06T02:57:27+00:00,02:57:27,SOL,137.7,137.69,137.72,dom,1,2026-01-06T02:59:43.213090+00:00
2026-01-06T02:57:29+00:00,02:57:29,SOL,137.7,137.69,137.72,dom,1,2026-01-06T02:59:44.415558+00:00
2026-01-06T02:57:30+00:00,02:57:30,SOL,137.7,137.69,137.72,dom,1,2026-01-06T02:59:45.420734+00:00
2026-01-06T02:57:31+00:00,02:57:31,SOL,137.7,137.69,137.72,dom,1,2026-01-06T02:59:47.195212+00:00
2026-01-06T02:57:32+00:00,02:57:32,SOL,137.7,137.69,137.72,dom,1,2026-01-06T02:59:48.211568+00:00
2026-01-06T02:57:33+00:00,02:57:33,SOL,137.7,137.69,137.72,dom,1,2026-01-06T02:59:49.111802+00:00
2026-01-06T02:57:34+00:00,02:57:34,SOL,137.7,137.69,137.72,dom,1,2026-01-06T02:59:50.219554+00:00
2026-01-06T02:57:35+00:00,02:57:35,SOL,137.7,137.69,137.72,dom,1,2026-01-06T02:59:51.211766+00:00
2026-01-06T02:57:36+00:00,02:57:36,SOL,137.71,137.69,137.72,dom,1,2026-01-06T02:59:52.168131+00:00
2026-01-06T02:57:37+00:00,02:57:37,SOL,137.7,137.69,137.72,dom,1,2026-01-06T02:59:53.388961+00:00
2026-01-06T02:57:38+00:00,02:57:38,SOL,137.7,137.69,137.72,dom,1,2026-01-06T02:59:54.395888+00:00
2026-01-06T02:57:39+00:00,02:57:39,SOL,137.7,137.69,137.72,dom,1,2026-01-06T02:59:55.173125+00:00
2026-01-06T02:57:40+00:00,02:57:40,SOL,137.7,137.69,137.72,dom,1,2026-01-06T02:59:56.269274+00:00
2026-01-06T02:57:41+00:00,02:57:40,SOL,137.7,137.69,137.72,dom,1,2026-01-06T02:59:57.211896+00:00
2026-01-06T02:57:42+00:00,02:57:42,SOL,137.7,137.69,137.72,dom,1,2026-01-06T02:59:58.233336+00:00
2026-01-06T02:57:43+00:00,02:57:43,SOL,137.7,137.69,137.72,dom,1,2026-01-06T02:59:59.212776+00:00
2026-01-06T02:57:44+00:00,02:57:44,SOL,137.7,137.69,137.72,dom,1,2026-01-06T03:00:00.254942+00:00
2026-01-06T02:57:45+00:00,02:57:45,SOL,137.7,137.69,137.72,dom,1,2026-01-06T03:00:01.433094+00:00
2026-01-06T02:57:46+00:00,02:57:46,SOL,137.7,137.69,137.72,dom,1,2026-01-06T03:00:02.717292+00:00
2026-01-06T02:57:47+00:00,02:57:47,SOL,137.7,137.69,137.72,dom,1,2026-01-06T03:00:03.717057+00:00
2026-01-06T02:57:48+00:00,02:57:48,SOL,137.7,137.69,137.72,dom,1,2026-01-06T03:00:06.449126+00:00
2026-01-06T02:57:50+00:00,02:57:50,SOL,137.7,137.69,137.72,dom,1,2026-01-06T03:00:06.563532+00:00
2026-01-06T02:57:54+00:00,02:57:54,SOL,137.71,137.69,137.72,dom,1,2026-01-06T03:00:10.563650+00:00
2026-01-06T02:57:55+00:00,02:57:55,SOL,137.71,137.69,137.72,dom,1,2026-01-06T03:00:11.501136+00:00
2026-01-06T02:57:56+00:00,02:57:56,SOL,137.71,137.68,137.72,dom,1,2026-01-06T03:00:12.541397+00:00
2026-01-06T02:57:57+00:00,02:57:57,SOL,137.7,137.68,137.71,dom,1,2026-01-06T03:00:13.552724+00:00
2026-01-06T02:57:58+00:00,02:57:58,SOL,137.7,137.69,137.71,dom,1,2026-01-06T03:00:14.567801+00:00
2026-01-06T02:57:59+00:00,02:57:59,SOL,137.7,137.69,137.71,dom,1,2026-01-06T03:00:15.580608+00:00
2026-01-06T02:58:00+00:00,02:58:00,SOL,137.7,137.69,137.71,dom,1,2026-01-06T03:00:16.614120+00:00
2026-01-06T02:58:02+00:00,02:58:02,SOL,137.69,137.68,137.71,dom,1,2026-01-06T03:00:18.582754+00:00
2026-01-06T02:58:03+00:00,02:58:02,SOL,137.69,137.68,137.71,dom,1,2026-01-06T03:00:19.451573+00:00
2026-01-06T02:58:04+00:00,02:58:04,SOL,137.69,137.68,137.7,dom,1,2026-01-06T03:00:20.435985+00:00
2026-01-06T02:58:05+00:00,02:58:05,SOL,137.69,137.68,137.7,dom,1,2026-01-06T03:00:21.517678+00:00
2026-01-06T02:58:06+00:00,02:58:06,SOL,137.69,137.68,137.7,dom,1,2026-01-06T03:00:22.616065+00:00
2026-01-06T02:58:07+00:00,02:58:07,SOL,137.69,137.68,137.7,dom,1,2026-01-06T03:00:23.626474+00:00
2026-01-06T02:58:08+00:00,02:58:08,SOL,137.69,137.68,137.7,dom,1,2026-01-06T03:00:24.497830+00:00
2026-01-06T02:58:09+00:00,02:58:09,SOL,137.68,137.67,137.69,dom,1,2026-01-06T03:00:25.504132+00:00
2026-01-06T02:58:10+00:00,02:58:10,SOL,137.68,137.67,137.69,dom,1,2026-01-06T03:00:26.482793+00:00
2026-01-06T02:58:11+00:00,02:58:11,SOL,137.68,137.67,137.69,dom,1,2026-01-06T03:00:27.493158+00:00
2026-01-06T02:58:12+00:00,02:58:12,SOL,137.68,137.67,137.69,dom,1,2026-01-06T03:00:28.438429+00:00
2026-01-06T02:58:13+00:00,02:58:13,SOL,137.67,137.66,137.68,dom,1,2026-01-06T03:00:29.534526+00:00
2026-01-06T02:58:14+00:00,02:58:14,SOL,137.66,137.66,137.68,dom,1,2026-01-06T03:00:30.639871+00:00
2026-01-06T02:58:15+00:00,02:58:15,SOL,137.66,137.65,137.67,dom,1,2026-01-06T03:00:31.646779+00:00
2026-01-06T02:58:16+00:00,02:58:16,SOL,137.66,137.65,137.67,dom,1,2026-01-06T03:00:32.503558+00:00
2026-01-06T02:58:17+00:00,02:58:17,SOL,137.66,137.65,137.68,dom,1,2026-01-06T03:00:33.499024+00:00
2026-01-06T02:58:18+00:00,02:58:18,SOL,137.66,137.65,137.68,dom,1,2026-01-06T03:00:34.650602+00:00
2026-01-06T02:58:19+00:00,02:58:19,SOL,137.66,137.65,137.68,dom,1,2026-01-06T03:00:35.617054+00:00
2026-01-06T02:58:20+00:00,02:58:20,SOL,137.66,137.65,137.68,dom,1,2026-01-06T03:00:36.536634+00:00
2026-01-06T02:58:21+00:00,02:58:21,SOL,137.66,137.65,137.68,dom,1,2026-01-06T03:00:37.628702+00:00
2026-01-06T02:58:22+00:00,02:58:22,SOL,137.66,137.65,137.67,dom,1,2026-01-06T03:00:38.644141+00:00
2026-01-06T02:58:23+00:00,02:58:23,SOL,137.66,137.65,137.67,dom,1,2026-01-06T03:00:39.582531+00:00
2026-01-06T02:58:24+00:00,02:58:24,SOL,137.66,137.65,137.67,dom,1,2026-01-06T03:00:40.616024+00:00
2026-01-06T02:58:25+00:00,02:58:25,SOL,137.66,137.65,137.67,dom,1,2026-01-06T03:00:41.685477+00:00
2026-01-06T02:58:26+00:00,02:58:26,SOL,137.66,137.65,137.67,dom,1,2026-01-06T03:00:42.858101+00:00
2026-01-06T02:58:27+00:00,02:58:27,SOL,137.66,137.64,137.66,dom,1,2026-01-06T03:00:43.862732+00:00
2026-01-06T02:58:28+00:00,02:58:28,SOL,137.65,137.64,137.66,dom,1,2026-01-06T03:00:44.850849+00:00
2026-01-06T02:58:29+00:00,02:58:29,SOL,137.65,137.64,137.66,dom,1,2026-01-06T03:00:45.884808+00:00
2026-01-06T02:58:30+00:00,02:58:30,SOL,137.65,137.64,137.66,dom,1,2026-01-06T03:00:46.845879+00:00
2026-01-06T02:58:31+00:00,02:58:31,SOL,137.65,137.64,137.66,dom,1,2026-01-06T03:00:47.834857+00:00
2026-01-06T02:58:32+00:00,02:58:32,SOL,137.65,137.64,137.66,dom,1,2026-01-06T03:00:48.863136+00:00
2026-01-06T02:58:33+00:00,02:58:33,SOL,137.65,137.64,137.66,dom,1,2026-01-06T03:00:49.849135+00:00
2026-01-06T02:58:34+00:00,02:58:34,SOL,137.64,137.63,137.65,dom,1,2026-01-06T03:00:50.982466+00:00
2026-01-06T02:58:35+00:00,02:58:35,SOL,137.63,137.62,137.65,dom,1,2026-01-06T03:00:51.967503+00:00
2026-01-06T02:58:36+00:00,02:58:36,SOL,137.63,137.62,137.64,dom,1,2026-01-06T03:00:53.010648+00:00
2026-01-06T02:58:37+00:00,02:58:37,SOL,137.63,137.62,137.64,dom,1,2026-01-06T03:00:53.929256+00:00
2026-01-06T02:58:38+00:00,02:58:38,SOL,137.62,137.62,137.63,dom,1,2026-01-06T03:00:54.949004+00:00
2026-01-06T02:58:39+00:00,02:58:39,SOL,137.62,137.61,137.62,dom,1,2026-01-06T03:00:55.967585+00:00
2026-01-06T02:58:40+00:00,02:58:40,SOL,137.61,137.6,137.62,dom,1,2026-01-06T03:00:56.995530+00:00
2026-01-06T02:58:41+00:00,02:58:41,SOL,137.61,137.6,137.62,dom,1,2026-01-06T03:00:58.026931+00:00
2026-01-06T02:58:42+00:00,02:58:42,SOL,137.61,137.6,137.62,dom,1,2026-01-06T03:00:59.033418+00:00
2026-01-06T02:58:43+00:00,02:58:43,SOL,137.61,137.61,137.62,dom,1,2026-01-06T03:01:00.062251+00:00
2026-01-06T02:58:44+00:00,02:58:44,SOL,137.61,137.6,137.62,dom,1,2026-01-06T03:01:01.043985+00:00
2026-01-06T02:58:45+00:00,02:58:45,SOL,137.61,137.6,137.62,dom,1,2026-01-06T03:01:02.061312+00:00
2026-01-06T02:58:46+00:00,02:58:46,SOL,137.61,137.6,137.62,dom,1,2026-01-06T03:01:03.101803+00:00
2026-01-06T02:58:47+00:00,02:58:47,SOL,137.61,137.6,137.62,dom,1,2026-01-06T03:01:05.149953+00:00
2026-01-06T02:58:49+00:00,02:58:49,SOL,137.6,137.59,137.61,dom,1,2026-01-06T03:01:06.779676+00:00
2026-01-06T02:58:50+00:00,02:58:50,SOL,137.59,137.59,137.61,dom,1,2026-01-06T03:01:06.808908+00:00
2026-01-06T02:58:51+00:00,02:58:51,SOL,137.59,137.59,137.61,dom,1,2026-01-06T03:01:07.820815+00:00
2026-01-06T02:58:52+00:00,02:58:52,SOL,137.6,137.59,137.61,dom,1,2026-01-06T03:01:08.928887+00:00
2026-01-06T02:58:53+00:00,02:58:53,SOL,137.6,137.59,137.61,dom,1,2026-01-06T03:01:09.959620+00:00
2026-01-06T02:58:54+00:00,02:58:54,SOL,137.6,137.59,137.61,dom,1,2026-01-06T03:01:11.080032+00:00
2026-01-06T02:58:55+00:00,02:58:55,SOL,137.6,137.59,137.61,dom,1,2026-01-06T03:01:12.078218+00:00
2026-01-06T02:58:56+00:00,02:58:56,SOL,137.6,137.59,137.61,dom,1,2026-01-06T03:01:13.098310+00:00
2026-01-06T02:58:57+00:00,02:58:57,SOL,137.6,137.59,137.61,dom,1,2026-01-06T03:01:14.066515+00:00
2026-01-06T02:58:58+00:00,02:58:58,SOL,137.6,137.59,137.61,dom,1,2026-01-06T03:01:15.077072+00:00
2026-01-06T02:58:59+00:00,02:58:59,SOL,137.6,137.59,137.61,dom,1,2026-01-06T03:01:16.133340+00:00
2026-01-06T02:59:01+00:00,02:59:01,SOL,137.6,137.59,137.61,dom,1,2026-01-06T03:01:18.047159+00:00
2026-01-06T02:59:02+00:00,02:59:02,SOL,137.62,137.61,137.64,dom,1,2026-01-06T03:01:19.153918+00:00
2026-01-06T02:59:03+00:00,02:59:03,SOL,137.62,137.61,137.63,dom,1,2026-01-06T03:01:20.209877+00:00
2026-01-06T02:59:04+00:00,02:59:04,SOL,137.62,137.61,137.64,dom,1,2026-01-06T03:01:21.013369+00:00
2026-01-06T02:59:05+00:00,02:59:05,SOL,137.63,137.62,137.64,dom,1,2026-01-06T03:01:22.000928+00:00
2026-01-06T02:59:06+00:00,02:59:06,SOL,137.63,137.62,137.64,dom,1,2026-01-06T03:01:23.127419+00:00
2026-01-06T02:59:07+00:00,02:59:07,SOL,137.63,137.62,137.65,dom,1,2026-01-06T03:01:24.093946+00:00
2026-01-06T02:59:08+00:00,02:59:08,SOL,137.63,137.62,137.66,dom,1,2026-01-06T03:01:25.116939+00:00
2026-01-06T02:59:09+00:00,02:59:09,SOL,137.63,137.62,137.65,dom,1,2026-01-06T03:01:26.168225+00:00
2026-01-06T02:59:10+00:00,02:59:10,SOL,137.63,137.62,137.64,dom,1,2026-01-06T03:01:27.219743+00:00
2026-01-06T02:59:11+00:00,02:59:11,SOL,137.61,137.6,137.62,dom,1,2026-01-06T03:01:28.144943+00:00
2026-01-06T02:59:12+00:00,02:59:12,SOL,137.61,137.59,137.62,dom,1,2026-01-06T03:01:30.143242+00:00
2026-01-06T02:59:13+00:00,02:59:13,SOL,137.6,137.59,137.61,dom,1,2026-01-06T03:01:31.180130+00:00
2026-01-06T02:59:14+00:00,02:59:14,SOL,137.6,137.59,137.61,dom,1,2026-01-06T03:01:32.175304+00:00
2026-01-06T02:59:15+00:00,02:59:15,SOL,137.6,137.59,137.61,dom,1,2026-01-06T03:01:33.166061+00:00
2026-01-06T02:59:16+00:00,02:59:16,SOL,137.6,137.59,137.61,dom,1,2026-01-06T03:01:34.193654+00:00
2026-01-06T02:59:18+00:00,02:59:18,SOL,137.6,137.59,137.61,dom,1,2026-01-06T03:01:35.420074+00:00
2026-01-06T02:59:19+00:00,02:59:19,SOL,137.6,137.59,137.61,dom,1,2026-01-06T03:01:36.460295+00:00
2026-01-06T02:59:20+00:00,02:59:20,SOL,137.6,137.59,137.61,dom,1,2026-01-06T03:01:37.447751+00:00
2026-01-06T02:59:21+00:00,02:59:21,SOL,137.6,137.59,137.61,dom,1,2026-01-06T03:01:38.448004+00:00
2026-01-06T02:59:22+00:00,02:59:22,SOL,137.6,137.59,137.61,dom,1,2026-01-06T03:01:39.476016+00:00
2026-01-06T02:59:23+00:00,02:59:23,SOL,137.59,137.59,137.6,dom,1,2026-01-06T03:01:40.488259+00:00
2026-01-06T02:59:24+00:00,02:59:24,SOL,137.59,137.59,137.6,dom,1,2026-01-06T03:01:41.454559+00:00
2026-01-06T02:59:25+00:00,02:59:25,SOL,137.59,137.59,137.6,dom,1,2026-01-06T03:01:42.482878+00:00
2026-01-06T02:59:26+00:00,02:59:26,SOL,137.59,137.58,137.6,dom,1,2026-01-06T03:01:43.465796+00:00
2026-01-06T02:59:27+00:00,02:59:27,SOL,137.59,137.58,137.6,dom,1,2026-01-06T03:01:44.481066+00:00
2026-01-06T02:59:28+00:00,02:59:28,SOL,137.59,137.58,137.61,dom,1,2026-01-06T03:01:45.493006+00:00
2026-01-06T02:59:29+00:00,02:59:29,SOL,137.59,137.58,137.61,dom,1,2026-01-06T03:01:46.525244+00:00
2026-01-06T02:59:30+00:00,02:59:30,SOL,137.59,137.58,137.61,dom,1,2026-01-06T03:01:47.574311+00:00
2026-01-06T02:59:31+00:00,02:59:31,SOL,137.59,137.58,137.61,dom,1,2026-01-06T03:01:48.548422+00:00
2026-01-06T02:59:32+00:00,02:59:32,SOL,137.59,137.58,137.6,dom,1,2026-01-06T03:01:49.530495+00:00
2026-01-06T02:59:33+00:00,02:59:33,SOL,137.59,137.58,137.6,dom,1,2026-01-06T03:01:50.541807+00:00
2026-01-06T02:59:34+00:00,02:59:34,SOL,137.59,137.58,137.6,dom,1,2026-01-06T03:01:51.609245+00:00
2026-01-06T02:59:35+00:00,02:59:35,SOL,137.59,137.58,137.6,dom,1,2026-01-06T03:01:52.556968+00:00
2026-01-06T02:59:36+00:00,02:59:36,SOL,137.59,137.58,137.6,dom,1,2026-01-06T03:01:53.593239+00:00
2026-01-06T02:59:37+00:00,02:59:37,SOL,137.59,137.58,137.6,dom,1,2026-01-06T03:01:54.593372+00:00
2026-01-06T02:59:38+00:00,02:59:38,SOL,137.59,137.58,137.6,dom,1,2026-01-06T03:01:56.416196+00:00
2026-01-06T02:59:40+00:00,02:59:40,SOL,137.59,137.58,137.6,dom,1,2026-01-06T03:01:57.323368+00:00
2026-01-06T02:59:41+00:00,02:59:41,SOL,137.59,137.58,137.6,dom,1,2026-01-06T03:01:58.334225+00:00
2026-01-06T02:59:42+00:00,02:59:42,SOL,137.59,137.58,137.6,dom,1,2026-01-06T03:01:59.409365+00:00
2026-01-06T02:59:43+00:00,02:59:43,SOL,137.59,137.58,137.6,dom,1,2026-01-06T03:02:00.590154+00:00
2026-01-06T02:59:44+00:00,02:59:44,SOL,137.59,137.58,137.6,dom,1,2026-01-06T03:02:01.525868+00:00
2026-01-06T02:59:45+00:00,02:59:45,SOL,137.59,137.58,137.6,dom,1,2026-01-06T03:02:02.511300+00:00
2026-01-06T02:59:46+00:00,02:59:46,SOL,137.58,137.57,137.59,dom,1,2026-01-06T03:02:03.493535+00:00
2026-01-06T02:59:47+00:00,02:59:47,SOL,137.58,137.57,137.59,dom,1,2026-01-06T03:02:04.500066+00:00
2026-01-06T02:59:48+00:00,02:59:48,SOL,137.58,137.57,137.6,dom,1,2026-01-06T03:02:05.503184+00:00
2026-01-06T02:59:49+00:00,02:59:49,SOL,137.58,137.57,137.6,dom,1,2026-01-06T03:02:06.513027+00:00
2026-01-06T02:59:50+00:00,02:59:50,SOL,137.58,137.57,137.6,dom,1,2026-01-06T03:02:07.539484+00:00
2026-01-06T02:59:51+00:00,02:59:51,SOL,137.58,137.57,137.6,dom,1,2026-01-06T03:02:08.515405+00:00
2026-01-06T02:59:52+00:00,02:59:52,SOL,137.58,137.57,137.6,dom,1,2026-01-06T03:02:09.591206+00:00
2026-01-06T02:59:53+00:00,02:59:53,SOL,137.58,137.57,137.6,dom,1,2026-01-06T03:02:10.582439+00:00
2026-01-06T02:59:54+00:00,02:59:54,SOL,137.58,137.57,137.6,dom,1,2026-01-06T03:02:11.583416+00:00
2026-01-06T02:59:55+00:00,02:59:55,SOL,137.58,137.57,137.59,dom,1,2026-01-06T03:02:12.592708+00:00
2026-01-06T02:59:56+00:00,02:59:56,SOL,137.58,137.57,137.59,dom,1,2026-01-06T03:02:13.605263+00:00
2026-01-06T02:59:57+00:00,02:59:57,SOL,137.58,137.57,137.59,dom,1,2026-01-06T03:02:14.580368+00:00
2026-01-06T02:59:58+00:00,02:59:58,SOL,137.58,137.57,137.59,dom,1,2026-01-06T03:02:15.607685+00:00
2026-01-06T02:59:59+00:00,02:59:59,SOL,137.57,137.57,137.59,dom,1,2026-01-06T03:02:16.612684+00:00
2026-01-06T03:00:00+00:00,03:00:00,SOL,137.58,137.57,137.59,dom,1,2026-01-06T03:02:17.674224+00:00
2026-01-06T03:00:01+00:00,03:00:01,SOL,137.58,137.57,137.59,dom,1,2026-01-06T03:02:19.665185+00:00
2026-01-06T03:00:02+00:00,03:00:02,SOL,137.58,137.57,137.59,dom,1,2026-01-06T03:02:20.661518+00:00
2026-01-06T03:00:04+00:00,03:00:04,SOL,137.58,137.57,137.59,dom,1,2026-01-06T03:02:22.467281+00:00
2026-01-06T03:00:05+00:00,03:00:05,SOL,137.58,137.57,137.59,dom,1,2026-01-06T03:02:22.741514+00:00
2026-01-06T03:00:06+00:00,03:00:06,SOL,137.58,137.57,137.59,dom,1,2026-01-06T03:02:23.746064+00:00
2026-01-06T03:00:07+00:00,03:00:07,SOL,137.58,137.57,137.59,dom,1,2026-01-06T03:02:24.729130+00:00
2026-01-06T03:00:08+00:00,03:00:08,SOL,137.58,137.57,137.6,dom,1,2026-01-06T03:02:25.747309+00:00
2026-01-06T03:00:09+00:00,03:00:09,SOL,137.6,137.58,137.61,dom,1,2026-01-06T03:02:26.744062+00:00
2026-01-06T03:00:10+00:00,03:00:10,SOL,137.61,137.59,137.63,dom,1,2026-01-06T03:02:27.760772+00:00
2026-01-06T03:00:11+00:00,03:00:11,SOL,137.61,137.6,137.63,dom,1,2026-01-06T03:02:28.779010+00:00
2026-01-06T03:00:12+00:00,03:00:12,SOL,137.62,137.6,137.63,dom,1,2026-01-06T03:02:29.762821+00:00
2026-01-06T03:00:13+00:00,03:00:13,SOL,137.62,137.6,137.63,dom,1,2026-01-06T03:02:30.780247+00:00
2026-01-06T03:00:14+00:00,03:00:14,SOL,137.62,137.6,137.63,dom,1,2026-01-06T03:02:31.811001+00:00
2026-01-06T03:00:15+00:00,03:00:15,SOL,137.62,137.6,137.63,dom,1,2026-01-06T03:02:32.897646+00:00
2026-01-06T03:00:16+00:00,03:00:16,SOL,137.62,137.61,137.63,dom,1,2026-01-06T03:02:33.887099+00:00
2026-01-06T03:00:17+00:00,03:00:17,SOL,137.61,137.61,137.63,dom,1,2026-01-06T03:02:34.977739+00:00
2026-01-06T03:00:18+00:00,03:00:18,SOL,137.62,137.61,137.64,dom,1,2026-01-06T03:02:35.956437+00:00
2026-01-06T03:00:19+00:00,03:00:19,SOL,137.62,137.62,137.65,dom,1,2026-01-06T03:02:36.962763+00:00
2026-01-06T03:00:20+00:00,03:00:20,SOL,137.63,137.62,137.66,dom,1,2026-01-06T03:02:39.007255+00:00
2026-01-06T03:00:21+00:00,03:00:21,SOL,137.64,137.62,137.66,dom,1,2026-01-06T03:02:39.681290+00:00
2026-01-06T03:00:23+00:00,03:00:23,SOL,137.63,137.62,137.64,dom,1,2026-01-06T03:02:40.742790+00:00
2026-01-06T03:00:24+00:00,03:00:24,SOL,137.61,137.6,137.62,dom,1,2026-01-06T03:02:41.930431+00:00
2026-01-06T03:00:25+00:00,03:00:25,SOL,137.61,137.6,137.62,dom,1,2026-01-06T03:02:43.678854+00:00
2026-01-06T03:00:26+00:00,03:00:26,SOL,137.61,137.6,137.62,dom,1,2026-01-06T03:02:44.753186+00:00
2026-01-06T03:00:27+00:00,03:00:27,SOL,137.61,137.6,137.62,dom,1,2026-01-06T03:02:45.775481+00:00
2026-01-06T03:00:29+00:00,03:00:29,SOL,137.61,137.6,137.63,dom,1,2026-01-06T03:02:46.856643+00:00
2026-01-06T03:00:30+00:00,03:00:30,SOL,137.61,137.6,137.62,dom,1,2026-01-06T03:02:47.923823+00:00
2026-01-06T03:00:31+00:00,03:00:31,SOL,137.61,137.6,137.62,dom,1,2026-01-06T03:02:48.905732+00:00
2026-01-06T03:00:32+00:00,03:00:32,SOL,137.61,137.6,137.62,dom,1,2026-01-06T03:02:49.910710+00:00
2026-01-06T03:00:33+00:00,03:00:33,SOL,137.61,137.6,137.62,dom,1,2026-01-06T03:02:50.913475+00:00
2026-01-06T03:00:34+00:00,03:00:34,SOL,137.61,137.6,137.62,dom,1,2026-01-06T03:02:51.927513+00:00
2026-01-06T03:00:35+00:00,03:00:35,SOL,137.61,137.6,137.63,dom,1,2026-01-06T03:02:53.112655+00:00
2026-01-06T03:00:36+00:00,03:00:36,SOL,137.61,137.6,137.63,dom,1,2026-01-06T03:02:54.127068+00:00
2026-01-06T03:00:37+00:00,03:00:37,SOL,137.61,137.6,137.63,dom,1,2026-01-06T03:02:55.150009+00:00
2026-01-06T03:00:38+00:00,03:00:38,SOL,137.61,137.6,137.62,dom,1,2026-01-06T03:02:56.159788+00:00
2026-01-06T03:00:39+00:00,03:00:39,SOL,137.61,137.6,137.63,dom,1,2026-01-06T03:02:57.160276+00:00
2026-01-06T03:00:40+00:00,03:00:40,SOL,137.61,137.6,137.62,dom,1,2026-01-06T03:02:58.185002+00:00
2026-01-06T03:00:41+00:00,03:00:41,SOL,137.6,137.59,137.61,dom,1,2026-01-06T03:02:59.181941+00:00
2026-01-06T03:00:42+00:00,03:00:42,SOL,137.6,137.58,137.6,dom,1,2026-01-06T03:03:00.938051+00:00
2026-01-06T03:00:44+00:00,03:00:44,SOL,137.58,137.58,137.6,dom,1,2026-01-06T03:03:02.078695+00:00
2026-01-06T03:00:45+00:00,03:00:44,SOL,137.58,137.58,137.6,dom,1,2026-01-06T03:03:02.859466+00:00
2026-01-06T03:00:47+00:00,03:00:47,SOL,137.56,137.56,137.57,dom,1,2026-01-06T03:03:05.189206+00:00
2026-01-06T03:00:48+00:00,03:00:48,SOL,137.56,137.55,137.57,dom,1,2026-01-06T03:03:06.226174+00:00
2026-01-06T03:00:49+00:00,03:00:49,SOL,137.56,137.55,137.57,dom,1,2026-01-06T03:03:07.228708+00:00
2026-01-06T03:00:50+00:00,03:00:50,SOL,137.56,137.55,137.57,dom,1,2026-01-06T03:03:08.324844+00:00
2026-01-06T03:00:51+00:00,03:00:51,SOL,137.56,137.55,137.57,dom,1,2026-01-06T03:03:09.323388+00:00
2026-01-06T03:00:52+00:00,03:00:52,SOL,137.56,137.55,137.57,dom,1,2026-01-06T03:03:10.311033+00:00
2026-01-06T03:00:53+00:00,03:00:53,SOL,137.56,137.55,137.57,dom,1,2026-01-06T03:03:11.342522+00:00
2026-01-06T03:00:54+00:00,03:00:54,SOL,137.56,137.55,137.57,dom,1,2026-01-06T03:03:12.358693+00:00
2026-01-06T03:00:55+00:00,03:00:55,SOL,137.56,137.55,137.58,dom,1,2026-01-06T03:03:13.335882+00:00
2026-01-06T03:00:56+00:00,03:00:56,SOL,137.58,137.56,137.6,dom,1,2026-01-06T03:03:14.435808+00:00
2026-01-06T03:00:57+00:00,03:00:57,SOL,137.59,137.58,137.6,dom,1,2026-01-06T03:03:15.431901+00:00
2026-01-06T03:00:58+00:00,03:00:58,SOL,137.59,137.58,137.61,dom,1,2026-01-06T03:03:16.476121+00:00
2026-01-06T03:00:59+00:00,03:00:59,SOL,137.59,137.58,137.61,dom,1,2026-01-06T03:03:17.457530+00:00
2026-01-06T03:01:00+00:00,03:01:00,SOL,137.59,137.58,137.61,dom,1,2026-01-06T03:03:18.489058+00:00
2026-01-06T03:01:01+00:00,03:01:01,SOL,137.59,137.58,137.6,dom,1,2026-01-06T03:03:19.489055+00:00
2026-01-06T03:01:02+00:00,03:01:02,SOL,137.58,137.58,137.6,dom,1,2026-01-06T03:03:20.508902+00:00
2026-01-06T03:01:03+00:00,03:01:03,SOL,137.58,137.57,137.6,dom,1,2026-01-06T03:03:22.260510+00:00
2026-01-06T03:01:04+00:00,03:01:04,SOL,137.58,137.56,137.6,dom,1,2026-01-06T03:03:22.525680+00:00
2026-01-06T03:01:05+00:00,03:01:05,SOL,137.58,137.56,137.6,dom,1,2026-01-06T03:03:23.541350+00:00
2026-01-06T03:01:07+00:00,03:01:07,SOL,137.58,137.57,137.59,dom,1,2026-01-06T03:03:25.304008+00:00
2026-01-06T03:01:08+00:00,03:01:08,SOL,137.58,137.57,137.6,dom,1,2026-01-06T03:03:26.575096+00:00
2026-01-06T03:01:09+00:00,03:01:09,SOL,137.58,137.57,137.6,dom,1,2026-01-06T03:03:27.583871+00:00
2026-01-06T03:01:10+00:00,03:01:10,SOL,137.59,137.58,137.61,dom,1,2026-01-06T03:03:28.588802+00:00
2026-01-06T03:01:11+00:00,03:01:11,SOL,137.59,137.58,137.61,dom,1,2026-01-06T03:03:29.595857+00:00
2026-01-06T03:01:12+00:00,03:01:12,SOL,137.59,137.58,137.61,dom,1,2026-01-06T03:03:30.662340+00:00
2026-01-06T03:01:13+00:00,03:01:13,SOL,137.6,137.59,137.62,dom,1,2026-01-06T03:03:32.375184+00:00
2026-01-06T03:01:14+00:00,03:01:14,SOL,137.6,137.59,137.62,dom,1,2026-01-06T03:03:33.624271+00:00
2026-01-06T03:01:15+00:00,03:01:15,SOL,137.6,137.59,137.62,dom,1,2026-01-06T03:03:34.338617+00:00
2026-01-06T03:01:16+00:00,03:01:16,SOL,137.6,137.59,137.62,dom,1,2026-01-06T03:03:35.580619+00:00
2026-01-06T03:01:17+00:00,03:01:17,SOL,137.6,137.59,137.61,dom,1,2026-01-06T03:03:36.578768+00:00
2026-01-06T03:01:18+00:00,03:01:18,SOL,137.58,137.58,137.6,dom,1,2026-01-06T03:03:37.614140+00:00
2026-01-06T03:01:19+00:00,03:01:19,SOL,137.57,137.57,137.59,dom,1,2026-01-06T03:03:38.660109+00:00
2026-01-06T03:01:20+00:00,03:01:20,SOL,137.57,137.56,137.58,dom,1,2026-01-06T03:03:39.677787+00:00
2026-01-06T03:01:21+00:00,03:01:21,SOL,137.57,137.56,137.58,dom,1,2026-01-06T03:03:41.295701+00:00
2026-01-06T03:01:23+00:00,03:01:23,SOL,137.56,137.56,137.58,dom,1,2026-01-06T03:03:42.326908+00:00
2026-01-06T03:01:24+00:00,03:01:24,SOL,137.56,137.55,137.57,dom,1,2026-01-06T03:03:43.484613+00:00
2026-01-06T03:01:25+00:00,03:01:25,SOL,137.56,137.55,137.58,dom,1,2026-01-06T03:03:44.488177+00:00
2026-01-06T03:01:26+00:00,03:01:26,SOL,137.57,137.56,137.58,dom,1,2026-01-06T03:03:45.397424+00:00
2026-01-06T03:01:27+00:00,03:01:27,SOL,137.58,137.56,137.59,dom,1,2026-01-06T03:03:46.412228+00:00
2026-01-06T03:01:28+00:00,03:01:28,SOL,137.58,137.57,137.6,dom,1,2026-01-06T03:03:47.461824+00:00
2026-01-06T03:01:29+00:00,03:01:29,SOL,137.58,137.57,137.6,dom,1,2026-01-06T03:03:48.507270+00:00
2026-01-06T03:01:30+00:00,03:01:30,SOL,137.57,137.57,137.59,dom,1,2026-01-06T03:03:49.565346+00:00
2026-01-06T03:01:31+00:00,03:01:31,SOL,137.57,137.56,137.58,dom,1,2026-01-06T03:03:50.548713+00:00
2026-01-06T03:01:32+00:00,03:01:32,SOL,137.57,137.56,137.58,dom,1,2026-01-06T03:03:51.543772+00:00
2026-01-06T03:01:34+00:00,03:01:34,SOL,137.57,137.56,137.58,dom,1,2026-01-06T03:03:52.761232+00:00
2026-01-06T03:01:35+00:00,03:01:35,SOL,137.57,137.57,137.62,dom,1,2026-01-06T03:03:53.759534+00:00
2026-01-06T03:01:36+00:00,03:01:36,SOL,137.61,137.6,137.63,dom,1,2026-01-06T03:03:54.776375+00:00
2026-01-06T03:01:37+00:00,03:01:37,SOL,137.61,137.6,137.63,dom,1,2026-01-06T03:03:56.493573+00:00
2026-01-06T03:01:38+00:00,03:01:38,SOL,137.61,137.59,137.62,dom,1,2026-01-06T03:03:57.443470+00:00
2026-01-06T03:01:39+00:00,03:01:39,SOL,137.61,137.59,137.62,dom,1,2026-01-06T03:03:58.453961+00:00
2026-01-06T03:01:40+00:00,03:01:40,SOL,137.61,137.59,137.62,dom,1,2026-01-06T03:03:59.416409+00:00
2026-01-06T03:01:41+00:00,03:01:41,SOL,137.61,137.59,137.62,dom,1,2026-01-06T03:04:00.452796+00:00
2026-01-06T03:01:42+00:00,03:01:42,SOL,137.61,137.59,137.62,dom,1,2026-01-06T03:04:01.458326+00:00
2026-01-06T03:01:43+00:00,03:01:43,SOL,137.61,137.59,137.62,dom,1,2026-01-06T03:04:02.473106+00:00
2026-01-06T03:01:44+00:00,03:01:44,SOL,137.61,137.59,137.62,dom,1,2026-01-06T03:04:03.526143+00:00
2026-01-06T03:01:45+00:00,03:01:45,SOL,137.61,137.59,137.62,dom,1,2026-01-06T03:04:04.583168+00:00
2026-01-06T03:01:46+00:00,03:01:46,SOL,137.61,137.59,137.62,dom,1,2026-01-06T03:04:05.577903+00:00
2026-01-06T03:01:47+00:00,03:01:47,SOL,137.61,137.59,137.62,dom,1,2026-01-06T03:04:06.581089+00:00
2026-01-06T03:01:48+00:00,03:01:48,SOL,137.61,137.59,137.62,dom,1,2026-01-06T03:04:07.593346+00:00
2026-01-06T03:01:49+00:00,03:01:49,SOL,137.61,137.59,137.62,dom,1,2026-01-06T03:04:08.594802+00:00
2026-01-06T03:01:50+00:00,03:01:50,SOL,137.6,137.59,137.62,dom,1,2026-01-06T03:04:09.649073+00:00
2026-01-06T03:01:51+00:00,03:01:51,SOL,137.6,137.59,137.62,dom,1,2026-01-06T03:04:10.652811+00:00
2026-01-06T03:01:52+00:00,03:01:52,SOL,137.6,137.59,137.62,dom,1,2026-01-06T03:04:11.663102+00:00
2026-01-06T03:01:53+00:00,03:01:53,SOL,137.61,137.59,137.62,dom,1,2026-01-06T03:04:12.663653+00:00
2026-01-06T03:01:54+00:00,03:01:54,SOL,137.61,137.59,137.62,dom,1,2026-01-06T03:04:13.743525+00:00
2026-01-06T03:01:55+00:00,03:01:55,SOL,137.61,137.59,137.62,dom,1,2026-01-06T03:04:14.769284+00:00
2026-01-06T03:01:56+00:00,03:01:56,SOL,137.61,137.59,137.62,dom,1,2026-01-06T03:04:15.766701+00:00
2026-01-06T03:01:58+00:00,03:01:58,SOL,137.6,137.59,137.62,dom,1,2026-01-06T03:04:16.915745+00:00
2026-01-06T03:01:59+00:00,03:01:59,SOL,137.6,137.59,137.61,dom,1,2026-01-06T03:04:17.897535+00:00
2026-01-06T03:02:00+00:00,03:02:00,SOL,137.6,137.59,137.61,dom,1,2026-01-06T03:04:19.654360+00:00
2026-01-06T03:02:01+00:00,03:02:01,SOL,137.6,137.59,137.61,dom,1,2026-01-06T03:04:20.613071+00:00
2026-01-06T03:02:02+00:00,03:02:02,SOL,137.6,137.59,137.61,dom,1,2026-01-06T03:04:21.671458+00:00
2026-01-06T03:02:03+00:00,03:02:03,SOL,137.61,137.6,137.64,dom,1,2026-01-06T03:04:22.676458+00:00
2026-01-06T03:02:04+00:00,03:02:04,SOL,137.65,137.64,137.67,dom,1,2026-01-06T03:04:23.855490+00:00
2026-01-06T03:02:05+00:00,03:02:05,SOL,137.67,137.66,137.69,dom,1,2026-01-06T03:04:25.708097+00:00
2026-01-06T03:02:06+00:00,03:02:06,SOL,137.67,137.66,137.69,dom,1,2026-01-06T03:04:25.792803+00:00
2026-01-06T03:02:08+00:00,03:02:08,SOL,137.67,137.67,137.69,dom,1,2026-01-06T03:04:27.828279+00:00
2026-01-06T03:02:09+00:00,03:02:09,SOL,137.68,137.67,137.7,dom,1,2026-01-06T03:04:28.972746+00:00
2026-01-06T03:02:10+00:00,03:02:10,SOL,137.69,137.68,137.71,dom,1,2026-01-06T03:04:30.176524+00:00
2026-01-06T03:02:11+00:00,03:02:11,SOL,137.69,137.68,137.71,dom,1,2026-01-06T03:04:30.993073+00:00
2026-01-06T03:02:12+00:00,03:02:12,SOL,137.7,137.68,137.71,dom,1,2026-01-06T03:04:32.010699+00:00
2026-01-06T03:02:13+00:00,03:02:13,SOL,137.7,137.68,137.71,dom,1,2026-01-06T03:04:33.118450+00:00
2026-01-06T03:02:14+00:00,03:02:14,SOL,137.7,137.68,137.71,dom,1,2026-01-06T03:04:34.104605+00:00
2026-01-06T03:02:16+00:00,03:02:16,SOL,137.71,137.69,137.71,dom,1,2026-01-06T03:04:35.323145+00:00
2026-01-06T03:02:17+00:00,03:02:17,SOL,137.72,137.7,137.73,dom,1,2026-01-06T03:04:37.157618+00:00
2026-01-06T03:02:18+00:00,03:02:18,SOL,137.72,137.7,137.73,dom,1,2026-01-06T03:04:38.123723+00:00
2026-01-06T03:02:19+00:00,03:02:19,SOL,137.72,137.7,137.73,dom,1,2026-01-06T03:04:39.159643+00:00
2026-01-06T03:02:21+00:00,03:02:21,SOL,137.72,137.71,137.73,dom,1,2026-01-06T03:04:41.240104+00:00
2026-01-06T03:02:22+00:00,03:02:22,SOL,137.72,137.7,137.73,dom,1,2026-01-06T03:04:41.288078+00:00
2026-01-06T03:02:23+00:00,03:02:23,SOL,137.72,137.7,137.73,dom,1,2026-01-06T03:04:42.354815+00:00
2026-01-06T03:02:24+00:00,03:02:24,SOL,137.72,137.71,137.72,dom,1,2026-01-06T03:04:43.422481+00:00
2026-01-06T03:02:25+00:00,03:02:25,SOL,137.71,137.69,137.72,dom,1,2026-01-06T03:04:45.207370+00:00
2026-01-06T03:02:26+00:00,03:02:26,SOL,137.71,137.69,137.72,dom,1,2026-01-06T03:04:46.154267+00:00
2026-01-06T03:02:27+00:00,03:02:27,SOL,137.71,137.69,137.72,dom,1,2026-01-06T03:04:47.358360+00:00
2026-01-06T03:02:29+00:00,03:02:29,SOL,137.7,137.68,137.71,dom,1,2026-01-06T03:04:49.226384+00:00
2026-01-06T03:02:30+00:00,03:02:30,SOL,137.69,137.68,137.7,dom,1,2026-01-06T03:04:50.257232+00:00
2026-01-06T03:02:31+00:00,03:02:31,SOL,137.69,137.67,137.7,dom,1,2026-01-06T03:04:51.292889+00:00
2026-01-06T03:02:33+00:00,03:02:33,SOL,137.68,137.67,137.69,dom,1,2026-01-06T03:04:52.475625+00:00
2026-01-06T03:02:34+00:00,03:02:34,SOL,137.67,137.66,137.68,dom,1,2026-01-06T03:04:53.443219+00:00
2026-01-06T03:02:36+00:00,03:02:36,SOL,137.65,137.64,137.66,dom,1,2026-01-06T03:04:55.589879+00:00
2026-01-06T03:02:37+00:00,03:02:37,SOL,137.64,137.63,137.65,dom,1,2026-01-06T03:04:56.458491+00:00
2026-01-06T03:02:38+00:00,03:02:38,SOL,137.64,137.63,137.66,dom,1,2026-01-06T03:04:58.512365+00:00
2026-01-06T03:02:39+00:00,03:02:39,SOL,137.63,137.63,137.64,dom,1,2026-01-06T03:04:58.558115+00:00
2026-01-06T03:02:40+00:00,03:02:40,SOL,137.63,137.63,137.64,dom,1,2026-01-06T03:04:59.658440+00:00
2026-01-06T03:02:41+00:00,03:02:41,SOL,137.64,137.63,137.66,dom,1,2026-01-06T03:05:00.725137+00:00
2026-01-06T03:02:42+00:00,03:02:42,SOL,137.65,137.63,137.66,dom,1,2026-01-06T03:05:01.688099+00:00
2026-01-06T03:02:43+00:00,03:02:43,SOL,137.65,137.63,137.66,dom,1,2026-01-06T03:05:02.742036+00:00
2026-01-06T03:02:44+00:00,03:02:44,SOL,137.65,137.63,137.66,dom,1,2026-01-06T03:05:03.770434+00:00
2026-01-06T03:02:45+00:00,03:02:45,SOL,137.65,137.63,137.66,dom,1,2026-01-06T03:05:04.741517+00:00
2026-01-06T03:02:46+00:00,03:02:46,SOL,137.65,137.63,137.66,dom,1,2026-01-06T03:05:05.789315+00:00
2026-01-06T03:02:47+00:00,03:02:47,SOL,137.65,137.64,137.66,dom,1,2026-01-06T03:05:06.798424+00:00
2026-01-06T03:02:48+00:00,03:02:48,SOL,137.65,137.64,137.66,dom,1,2026-01-06T03:05:07.781459+00:00
2026-01-06T03:02:49+00:00,03:02:49,SOL,137.65,137.64,137.66,dom,1,2026-01-06T03:05:08.790382+00:00
2026-01-06T03:02:50+00:00,03:02:50,SOL,137.65,137.64,137.66,dom,1,2026-01-06T03:05:09.796196+00:00
2026-01-06T03:02:51+00:00,03:02:51,SOL,137.65,137.64,137.66,dom,1,2026-01-06T03:05:11.756934+00:00
2026-01-06T03:02:52+00:00,03:02:52,SOL,137.67,137.65,137.69,dom,1,2026-01-06T03:05:12.650505+00:00
2026-01-06T03:02:54+00:00,03:02:54,SOL,137.68,137.67,137.69,dom,1,2026-01-06T03:05:13.889707+00:00
2026-01-06T03:02:55+00:00,03:02:55,SOL,137.68,137.67,137.69,dom,1,2026-01-06T03:05:14.989517+00:00
2026-01-06T03:02:56+00:00,03:02:56,SOL,137.68,137.67,137.69,dom,1,2026-01-06T03:05:15.887855+00:00
2026-01-06T03:02:57+00:00,03:02:57,SOL,137.68,137.67,137.69,dom,1,2026-01-06T03:05:16.750904+00:00
2026-01-06T03:02:58+00:00,03:02:57,SOL,137.68,137.67,137.69,dom,1,2026-01-06T03:05:17.641092+00:00
2026-01-06T03:02:59+00:00,03:02:59,SOL,137.68,137.67,137.69,dom,1,2026-01-06T03:05:18.744635+00:00
2026-01-06T03:03:00+00:00,03:02:59,SOL,137.68,137.67,137.69,dom,1,2026-01-06T03:05:19.672808+00:00
2026-01-06T03:03:01+00:00,03:03:01,SOL,137.69,137.68,137.73,dom,1,2026-01-06T03:05:20.764449+00:00
2026-01-06T03:03:02+00:00,03:03:02,SOL,137.72,137.71,137.74,dom,1,2026-01-06T03:05:21.819510+00:00
2026-01-06T03:03:03+00:00,03:03:03,SOL,137.74,137.73,137.75,dom,1,2026-01-06T03:05:22.761262+00:00
2026-01-06T03:03:04+00:00,03:03:04,SOL,137.74,137.73,137.75,dom,1,2026-01-06T03:05:23.933923+00:00
2026-01-06T03:03:05+00:00,03:03:05,SOL,137.74,137.73,137.75,dom,1,2026-01-06T03:05:24.779411+00:00
2026-01-06T03:03:06+00:00,03:03:06,SOL,137.74,137.73,137.75,dom,1,2026-01-06T03:05:25.820738+00:00
2026-01-06T03:03:07+00:00,03:03:07,SOL,137.72,137.71,137.73,dom,1,2026-01-06T03:05:26.937222+00:00
2026-01-06T03:03:08+00:00,03:03:08,SOL,137.72,137.7,137.73,dom,1,2026-01-06T03:05:27.892850+00:00
2026-01-06T03:03:09+00:00,03:03:09,SOL,137.72,137.71,137.74,dom,1,2026-01-06T03:05:28.890376+00:00
2026-01-06T03:03:10+00:00,03:03:10,SOL,137.73,137.71,137.74,dom,1,2026-01-06T03:05:29.926980+00:00
2026-01-06T03:03:11+00:00,03:03:11,SOL,137.73,137.71,137.74,dom,1,2026-01-06T03:05:30.944231+00:00
2026-01-06T03:03:12+00:00,03:03:12,SOL,137.73,137.71,137.74,dom,1,2026-01-06T03:05:31.943569+00:00
2026-01-06T03:03:13+00:00,03:03:13,SOL,137.73,137.72,137.74,dom,1,2026-01-06T03:05:32.946579+00:00
2026-01-06T03:03:14+00:00,03:03:14,SOL,137.73,137.72,137.74,dom,1,2026-01-06T03:05:33.969361+00:00
2026-01-06T03:03:15+00:00,03:03:15,SOL,137.73,137.72,137.74,dom,1,2026-01-06T03:05:35.975641+00:00
2026-01-06T03:03:16+00:00,03:03:16,SOL,137.73,137.72,137.74,dom,1,2026-01-06T03:05:37.018918+00:00
2026-01-06T03:03:17+00:00,03:03:17,SOL,137.73,137.72,137.75,dom,1,2026-01-06T03:05:38.017746+00:00
2026-01-06T03:03:18+00:00,03:03:18,SOL,137.73,137.72,137.75,dom,1,2026-01-06T03:05:39.037024+00:00
2026-01-06T03:03:19+00:00,03:03:19,SOL,137.74,137.72,137.75,dom,1,2026-01-06T03:05:40.027103+00:00
2026-01-06T03:03:20+00:00,03:03:20,SOL,137.74,137.72,137.75,dom,1,2026-01-06T03:05:41.053305+00:00
2026-01-06T03:03:21+00:00,03:03:21,SOL,137.74,137.72,137.75,dom,1,2026-01-06T03:05:42.093166+00:00
2026-01-06T03:03:22+00:00,03:03:22,SOL,137.73,137.72,137.74,dom,1,2026-01-06T03:05:43.089083+00:00
2026-01-06T03:03:24+00:00,03:03:24,SOL,137.72,137.71,137.74,dom,1,2026-01-06T03:05:44.257782+00:00
2026-01-06T03:03:25+00:00,03:03:25,SOL,137.72,137.71,137.74,dom,1,2026-01-06T03:05:45.235121+00:00
2026-01-06T03:03:26+00:00,03:03:26,SOL,137.72,137.71,137.73,dom,1,2026-01-06T03:05:46.201496+00:00
2026-01-06T03:03:27+00:00,03:03:27,SOL,137.71,137.7,137.71,dom,1,2026-01-06T03:05:47.242858+00:00
2026-01-06T03:03:28+00:00,03:03:28,SOL,137.7,137.69,137.71,dom,1,2026-01-06T03:05:48.218708+00:00
2026-01-06T03:03:29+00:00,03:03:29,SOL,137.69,137.68,137.71,dom,1,2026-01-06T03:05:49.223610+00:00
2026-01-06T03:03:30+00:00,03:03:30,SOL,137.69,137.68,137.71,dom,1,2026-01-06T03:05:50.223077+00:00
2026-01-06T03:03:31+00:00,03:03:31,SOL,137.68,137.68,137.7,dom,1,2026-01-06T03:05:51.424345+00:00
2026-01-06T03:03:32+00:00,03:03:32,SOL,137.68,137.68,137.7,dom,1,2026-01-06T03:05:52.438474+00:00
2026-01-06T03:03:33+00:00,03:03:33,SOL,137.69,137.67,137.7,dom,1,2026-01-06T03:05:53.446750+00:00
2026-01-06T03:03:34+00:00,03:03:34,SOL,137.69,137.67,137.7,dom,1,2026-01-06T03:05:54.472399+00:00
2026-01-06T03:03:35+00:00,03:03:35,SOL,137.67,137.66,137.69,dom,1,2026-01-06T03:05:55.487605+00:00
2026-01-06T03:03:36+00:00,03:03:36,SOL,137.67,137.66,137.69,dom,1,2026-01-06T03:05:56.484321+00:00
2026-01-06T03:03:37+00:00,03:03:37,SOL,137.67,137.66,137.68,dom,1,2026-01-06T03:05:57.534020+00:00
2026-01-06T03:03:38+00:00,03:03:38,SOL,137.67,137.66,137.69,dom,1,2026-01-06T03:05:58.543667+00:00
2026-01-06T03:03:39+00:00,03:03:39,SOL,137.68,137.67,137.69,dom,1,2026-01-06T03:05:59.557224+00:00
2026-01-06T03:03:40+00:00,03:03:40,SOL,137.68,137.67,137.7,dom,1,2026-01-06T03:06:00.674099+00:00
2026-01-06T03:03:41+00:00,03:03:41,SOL,137.68,137.67,137.7,dom,1,2026-01-06T03:06:01.668884+00:00
2026-01-06T03:03:42+00:00,03:03:42,SOL,137.68,137.68,137.7,dom,1,2026-01-06T03:06:02.687024+00:00
2026-01-06T03:03:43+00:00,03:03:43,SOL,137.7,137.68,137.75,dom,1,2026-01-06T03:06:03.678244+00:00
2026-01-06T03:03:44+00:00,03:03:44,SOL,137.73,137.72,137.75,dom,1,2026-01-06T03:06:04.685748+00:00
2026-01-06T03:03:45+00:00,03:03:45,SOL,137.73,137.72,137.75,dom,1,2026-01-06T03:06:05.739948+00:00
2026-01-06T03:03:46+00:00,03:03:46,SOL,137.73,137.72,137.75,dom,1,2026-01-06T03:06:06.771663+00:00
2026-01-06T03:03:47+00:00,03:03:47,SOL,137.73,137.72,137.75,dom,1,2026-01-06T03:06:07.740277+00:00
2026-01-06T03:03:48+00:00,03:03:48,SOL,137.73,137.72,137.75,dom,1,2026-01-06T03:06:08.768080+00:00
2026-01-06T03:03:49+00:00,03:03:49,SOL,137.73,137.72,137.75,dom,1,2026-01-06T03:06:09.764557+00:00
2026-01-06T03:03:50+00:00,03:03:50,SOL,137.73,137.72,137.76,dom,1,2026-01-06T03:06:10.932754+00:00
2026-01-06T03:03:52+00:00,03:03:52,SOL,137.74,137.73,137.76,dom,1,2026-01-06T03:06:12.621183+00:00
2026-01-06T03:03:53+00:00,03:03:52,SOL,137.74,137.73,137.76,dom,1,2026-01-06T03:06:13.946896+00:00
2026-01-06T03:03:54+00:00,03:03:54,SOL,137.74,137.73,137.76,dom,1,2026-01-06T03:06:14.606304+00:00
2026-01-06T03:03:55+00:00,03:03:55,SOL,137.74,137.73,137.76,dom,1,2026-01-06T03:06:15.638764+00:00
2026-01-06T03:03:56+00:00,03:03:56,SOL,137.74,137.73,137.76,dom,1,2026-01-06T03:06:16.654125+00:00
2026-01-06T03:03:57+00:00,03:03:57,SOL,137.74,137.73,137.76,dom,1,2026-01-06T03:06:17.658960+00:00
2026-01-06T03:03:58+00:00,03:03:58,SOL,137.74,137.73,137.76,dom,1,2026-01-06T03:06:18.802757+00:00
2026-01-06T03:03:59+00:00,03:03:59,SOL,137.74,137.73,137.76,dom,1,2026-01-06T03:06:19.767709+00:00
2026-01-06T03:04:00+00:00,03:04:00,SOL,137.74,137.73,137.77,dom,1,2026-01-06T03:06:20.720688+00:00
2026-01-06T03:04:02+00:00,03:04:02,SOL,137.73,137.72,137.75,dom,1,2026-01-06T03:06:22.733777+00:00
2026-01-06T03:04:03+00:00,03:04:03,SOL,137.73,137.72,137.74,dom,1,2026-01-06T03:06:23.786299+00:00
2026-01-06T03:04:04+00:00,03:04:04,SOL,137.74,137.72,137.75,dom,1,2026-01-06T03:06:24.933227+00:00
2026-01-06T03:04:05+00:00,03:04:05,SOL,137.73,137.72,137.74,dom,1,2026-01-06T03:06:25.916438+00:00
2026-01-06T03:04:06+00:00,03:04:06,SOL,137.74,137.72,137.75,dom,1,2026-01-06T03:06:26.868179+00:00
2026-01-06T03:04:07+00:00,03:04:07,SOL,137.74,137.72,137.75,dom,1,2026-01-06T03:06:27.863472+00:00
2026-01-06T03:04:08+00:00,03:04:08,SOL,137.74,137.72,137.75,dom,1,2026-01-06T03:06:28.918695+00:00
2026-01-06T03:04:09+00:00,03:04:09,SOL,137.74,137.72,137.75,dom,1,2026-01-06T03:06:29.908012+00:00
2026-01-06T03:04:10+00:00,03:04:10,SOL,137.74,137.72,137.75,dom,1,2026-01-06T03:06:30.953823+00:00
2026-01-06T03:04:11+00:00,03:04:11,SOL,137.71,137.71,137.72,dom,1,2026-01-06T03:06:31.902165+00:00
2026-01-06T03:04:12+00:00,03:04:12,SOL,137.72,137.71,137.74,dom,1,2026-01-06T03:06:32.899698+00:00
2026-01-06T03:04:13+00:00,03:04:13,SOL,137.73,137.72,137.76,dom,1,2026-01-06T03:06:34.049953+00:00
2026-01-06T03:04:14+00:00,03:04:14,SOL,137.74,137.73,137.76,dom,1,2026-01-06T03:06:35.037672+00:00
2026-01-06T03:04:15+00:00,03:04:15,SOL,137.74,137.73,137.77,dom,1,2026-01-06T03:06:36.054047+00:00
2026-01-06T03:10:58+00:00,,SOL,137.89,137.88,137.9,dom,1,2026-01-06T03:12:03.740981+00:00
2026-01-06T03:10:49+00:00,03:10:49,SOL,137.89,137.88,137.9,dom,1,2026-01-06T03:12:04.622067+00:00
2026-01-06T03:10:50+00:00,03:10:49,SOL,137.89,137.88,137.9,dom,1,2026-01-06T03:12:05.646970+00:00
2026-01-06T03:10:51+00:00,03:10:49,SOL,137.89,137.88,137.9,dom,1,2026-01-06T03:12:06.682687+00:00
2026-01-06T03:10:52+00:00,03:10:49,SOL,137.89,137.88,137.91,dom,1,2026-01-06T03:12:07.707958+00:00
2026-01-06T03:10:53+00:00,03:10:49,SOL,137.89,137.88,137.9,dom,1,2026-01-06T03:12:08.695573+00:00
2026-01-06T03:10:54+00:00,03:10:49,SOL,137.88,137.87,137.89,dom,1,2026-01-06T03:12:09.719161+00:00
2026-01-06T03:10:55+00:00,03:10:49,SOL,137.88,137.86,137.89,dom,1,2026-01-06T03:12:10.728427+00:00
2026-01-06T03:10:56+00:00,03:10:49,SOL,137.87,137.86,137.89,dom,1,2026-01-06T03:12:11.754291+00:00
2026-01-06T03:10:59+00:00,03:10:49,SOL,137.87,137.86,137.88,dom,1,2026-01-06T03:12:15.222481+00:00
2026-01-06T03:11:00+00:00,03:10:49,SOL,137.87,137.86,137.88,dom,1,2026-01-06T03:12:17.891640+00:00
2026-01-06T03:11:01+00:00,03:10:49,SOL,137.85,137.84,137.87,dom,1,2026-01-06T03:12:18.941851+00:00
2026-01-06T03:11:02+00:00,03:10:49,SOL,137.84,137.83,137.85,dom,1,2026-01-06T03:12:23.877082+00:00
2026-01-06T03:11:03+00:00,03:10:49,SOL,137.84,137.82,137.84,dom,1,2026-01-06T03:12:26.345752+00:00
2026-01-06T03:11:04+00:00,03:10:49,SOL,137.83,137.83,137.84,dom,1,2026-01-06T03:12:26.380518+00:00
2026-01-06T03:11:05+00:00,03:10:49,SOL,137.84,137.82,137.84,dom,1,2026-01-06T03:12:35.939636+00:00
2026-01-06T03:11:06+00:00,03:10:49,SOL,137.8,137.79,137.81,dom,1,2026-01-06T03:12:39.078848+00:00
2026-01-06T03:11:07+00:00,03:10:49,SOL,137.8,137.79,137.81,dom,1,2026-01-06T03:12:39.100653+00:00
2026-01-06T03:11:08+00:00,03:10:49,SOL,137.8,137.79,137.81,dom,1,2026-01-06T03:12:40.718459+00:00
2026-01-06T03:11:09+00:00,03:10:49,SOL,137.79,137.78,137.8,dom,1,2026-01-06T03:12:41.716037+00:00
2026-01-06T03:11:10+00:00,03:10:49,SOL,137.78,137.78,137.79,dom,1,2026-01-06T03:12:43.292938+00:00
2026-01-06T03:11:11+00:00,03:10:49,SOL,137.79,137.77,137.8,dom,1,2026-01-06T03:12:46.415531+00:00
2026-01-06T03:11:12+00:00,03:10:49,SOL,137.79,137.78,137.8,dom,1,2026-01-06T03:12:46.479252+00:00
2026-01-06T03:11:13+00:00,03:10:49,SOL,137.79,137.77,137.8,dom,1,2026-01-06T03:12:47.496289+00:00
2026-01-06T03:11:14+00:00,03:10:49,SOL,137.78,137.77,137.79,dom,1,2026-01-06T03:12:48.587857+00:00
2026-01-06T03:11:15+00:00,03:10:49,SOL,137.79,137.77,137.8,dom,1,2026-01-06T03:12:51.997049+00:00
2026-01-06T03:11:16+00:00,03:10:49,SOL,137.79,137.77,137.81,dom,1,2026-01-06T03:12:53.058639+00:00
2026-01-06T03:11:17+00:00,03:10:49,SOL,137.79,137.78,137.8,dom,1,2026-01-06T03:12:55.702006+00:00
2026-01-06T03:11:18+00:00,03:10:49,SOL,137.78,137.77,137.8,dom,1,2026-01-06T03:12:56.767964+00:00
2026-01-06T03:11:19+00:00,03:10:49,SOL,137.78,137.77,137.8,dom,1,2026-01-06T03:12:58.019258+00:00
2026-01-06T03:11:20+00:00,03:10:49,SOL,137.78,137.77,137.8,dom,1,2026-01-06T03:12:59.449974+00:00
2026-01-06T03:11:21+00:00,03:10:49,SOL,137.78,137.77,137.8,dom,1,2026-01-06T03:12:59.467302+00:00
2026-01-06T03:11:22+00:00,03:10:49,SOL,137.78,137.77,137.79,dom,1,2026-01-06T03:13:00.832743+00:00
2026-01-06T03:11:23+00:00,03:10:49,SOL,137.78,137.77,137.79,dom,1,2026-01-06T03:13:01.855445+00:00
2026-01-06T03:11:24+00:00,03:10:49,SOL,137.78,137.77,137.79,dom,1,2026-01-06T03:13:02.955608+00:00
2026-01-06T03:11:25+00:00,03:11:25,SOL,137.86,137.85,137.88,dom,1,2026-01-06T03:13:41.515049+00:00
2026-01-06T03:11:26+00:00,03:11:26,SOL,137.86,137.85,137.88,dom,1,2026-01-06T03:13:42.748461+00:00
2026-01-06T03:11:28+00:00,03:11:28,SOL,137.85,137.85,137.87,dom,1,2026-01-06T03:13:44.545875+00:00
2026-01-06T03:11:29+00:00,03:11:29,SOL,137.85,137.84,137.86,dom,1,2026-01-06T03:13:45.756797+00:00
2026-01-06T03:11:31+00:00,03:11:31,SOL,137.85,137.84,137.86,dom,1,2026-01-06T03:13:47.529951+00:00
2026-01-06T03:11:32+00:00,03:11:32,SOL,137.85,137.83,137.86,dom,1,2026-01-06T03:13:48.681125+00:00
2026-01-06T03:11:33+00:00,03:11:33,SOL,137.85,137.83,137.86,dom,1,2026-01-06T03:13:49.053400+00:00
2026-01-06T03:11:34+00:00,03:11:34,SOL,137.84,137.82,137.85,dom,1,2026-01-06T03:13:50.140912+00:00
2026-01-06T03:11:35+00:00,03:11:35,SOL,137.84,137.82,137.85,dom,1,2026-01-06T03:13:51.076006+00:00
2026-01-06T03:11:36+00:00,03:11:36,SOL,137.83,137.82,137.84,dom,1,2026-01-06T03:13:52.105767+00:00
2026-01-06T03:11:37+00:00,03:11:37,SOL,137.83,137.82,137.84,dom,1,2026-01-06T03:13:53.107544+00:00
2026-01-06T03:11:38+00:00,03:11:38,SOL,137.83,137.82,137.84,dom,1,2026-01-06T03:13:54.123158+00:00
2026-01-06T03:11:39+00:00,03:11:39,SOL,137.84,137.82,137.85,dom,1,2026-01-06T03:13:55.140522+00:00
2026-01-06T03:11:40+00:00,03:11:40,SOL,137.84,137.82,137.85,dom,1,2026-01-06T03:13:56.167929+00:00
2026-01-06T03:11:41+00:00,03:11:41,SOL,137.84,137.82,137.85,dom,1,2026-01-06T03:13:57.175284+00:00
2026-01-06T03:11:42+00:00,03:11:42,SOL,137.82,137.81,137.83,dom,1,2026-01-06T03:13:58.190875+00:00
2026-01-06T03:11:43+00:00,03:11:43,SOL,137.8,137.79,137.81,dom,1,2026-01-06T03:13:59.203386+00:00
2026-01-06T03:11:44+00:00,03:11:44,SOL,137.8,137.79,137.81,dom,1,2026-01-06T03:14:00.417799+00:00
