timestamp,collected_at,seconds,mid,bid,ask,asset
2026-01-06 02:45:45+00:00,2026-01-06 02:46:53.914145+00:00,45.0,3214.93,3214.71,3215.1,ETH
2026-01-06 02:45:46+00:00,2026-01-06 02:46:54.905711+00:00,46.0,3214.93,3214.71,3215.1,ETH
2026-01-06 02:45:47+00:00,2026-01-06 02:46:55.959103+00:00,47.0,3214.89,3214.71,3214.96,ETH
2026-01-06 02:45:48+00:00,2026-01-06 02:46:56.952309+00:00,48.0,3214.74,3214.59,3214.84,ETH
2026-01-06 02:45:49+00:00,2026-01-06 02:46:58.879696+00:00,49.0,3214.71,3214.51,3214.91,ETH
2026-01-06 02:45:50+00:00,2026-01-06 02:46:59.912094+00:00,50.0,3214.7,3214.51,3214.9,ETH
2026-01-06 02:45:51+00:00,2026-01-06 02:47:00.919733+00:00,51.0,3214.71,3214.49,3214.88,ETH
2026-01-06 02:45:52+00:00,2026-01-06 02:47:01.930764+00:00,52.0,3214.71,3214.49,3214.88,ETH
2026-01-06 02:45:53+00:00,2026-01-06 02:47:02.945379+00:00,53.0,3214.71,3214.49,3214.89,ETH
2026-01-06 02:45:54+00:00,2026-01-06 02:47:05.010735+00:00,54.0,3214.74,3214.55,3214.93,ETH
2026-01-06 02:45:55+00:00,2026-01-06 02:47:06.227649+00:00,55.0,3214.74,3214.54,3214.93,ETH
2026-01-06 02:45:56+00:00,2026-01-06 02:47:08.095836+00:00,56.0,3214.74,3214.55,3214.96,ETH
2026-01-06 02:45:57+00:00,2026-01-06 02:47:09.121787+00:00,57.0,3214.74,3214.53,3214.98,ETH
2026-01-06 02:45:58+00:00,2026-01-06 02:47:10.130875+00:00,58.0,3214.8,3214.57,3215.04,ETH
2026-01-06 02:45:59+00:00,2026-01-06 02:47:11.135274+00:00,59.0,3214.8,3214.59,3215.02,ETH
2026-01-06 02:46:00+00:00,2026-01-06 02:47:12.166283+00:00,60.0,3214.79,3214.73,3215.32,ETH
2026-01-06 02:46:01+00:00,2026-01-06 02:47:13.237876+00:00,61.0,3214.92,3214.82,3215.36,ETH
2026-01-06 02:46:02+00:00,2026-01-06 02:47:14.253503+00:00,62.0,3215.1,3214.96,3215.34,ETH
2026-01-06 02:46:03+00:00,2026-01-06 02:47:15.260342+00:00,63.0,3215.1,3215.02,3215.34,ETH
2026-01-06 02:46:04+00:00,2026-01-06 02:47:16.260511+00:00,64.0,3215.09,3215.03,3215.35,ETH
2026-01-06 02:46:05+00:00,2026-01-06 02:47:17.274980+00:00,65.0,3215.09,3215.04,3215.34,ETH
2026-01-06 02:46:06+00:00,2026-01-06 02:47:18.275365+00:00,66.0,3215.09,3215.04,3215.35,ETH
2026-01-06 02:46:07+00:00,2026-01-06 02:47:19.278972+00:00,67.0,3215.09,3215.04,3215.43,ETH
2026-01-06 02:46:08+00:00,2026-01-06 02:47:20.365961+00:00,68.0,3215.1,3215.04,3215.45,ETH
2026-01-06 02:46:09+00:00,2026-01-06 02:47:21.385491+00:00,69.0,3215.09,3215.04,3215.46,ETH
2026-01-06 02:46:10+00:00,2026-01-06 02:47:22.406414+00:00,70.0,3215.1,3215.04,3215.48,ETH
2026-01-06 02:46:11+00:00,2026-01-06 02:47:23.403542+00:00,71.0,3215.1,3215.06,3215.48,ETH
2026-01-06 02:46:12+00:00,2026-01-06 02:47:24.420739+00:00,72.0,3215.1,3215.06,3215.48,ETH
2026-01-06 02:46:13+00:00,2026-01-06 02:47:25.436145+00:00,73.0,3215.1,3215.06,3215.43,ETH
2026-01-06 02:46:14+00:00,2026-01-06 02:47:26.468235+00:00,74.0,3215.11,3215.07,3215.48,ETH
2026-01-06 02:46:15+00:00,2026-01-06 02:47:27.480650+00:00,75.0,3215.24,3215.11,3215.5,ETH
2026-01-06 02:46:16+00:00,2026-01-06 02:47:28.495656+00:00,76.0,3215.22,3215.11,3215.5,ETH
2026-01-06 02:46:17+00:00,2026-01-06 02:47:29.474923+00:00,77.0,3215.22,3215.11,3215.5,ETH
2026-01-06 02:46:18+00:00,2026-01-06 02:47:30.502464+00:00,78.0,3215.23,3215.09,3215.5,ETH
2026-01-06 02:46:19+00:00,2026-01-06 02:47:31.503034+00:00,79.0,3215.22,3215.09,3215.5,ETH
2026-01-06 02:46:20+00:00,2026-01-06 02:47:32.498072+00:00,80.0,3215.23,3215.1,3215.5,ETH
2026-01-06 02:46:21+00:00,2026-01-06 02:47:34.552494+00:00,81.0,3215.22,3215.1,3215.49,ETH
2026-01-06 02:46:22+00:00,2026-01-06 02:47:35.513112+00:00,82.0,3215.23,3215.1,3215.49,ETH
2026-01-06 02:46:23+00:00,2026-01-06 02:47:36.634250+00:00,83.0,3215.22,3215.1,3215.49,ETH
2026-01-06 02:46:24+00:00,2026-01-06 02:47:37.608190+00:00,84.0,3215.22,3215.1,3215.49,ETH
2026-01-06 02:46:25+00:00,2026-01-06 02:47:38.606753+00:00,85.0,3215.22,3215.1,3215.49,ETH
2026-01-06 02:46:26+00:00,2026-01-06 02:47:39.618751+00:00,86.0,3215.22,3215.1,3215.49,ETH
2026-01-06 02:46:27+00:00,2026-01-06 02:47:41.893722+00:00,87.0,3215.23,3215.1,3215.49,ETH
2026-01-06 02:46:28+00:00,2026-01-06 02:47:42.919409+00:00,88.0,3215.22,3215.11,3215.49,ETH
2026-01-06 02:46:29+00:00,2026-01-06 02:47:43.917614+00:00,89.0,3215.22,3215.11,3215.49,ETH
2026-01-06 02:46:30+00:00,2026-01-06 02:47:44.912660+00:00,90.0,3215.22,3215.11,3215.49,ETH
2026-01-06 02:46:31+00:00,2026-01-06 02:47:46.758359+00:00,91.0,3215.21,3215.11,3215.49,ETH
2026-01-06 02:46:32+00:00,2026-01-06 02:47:47.001326+00:00,92.0,3215.22,3215.11,3215.52,ETH
2026-01-06 02:46:33+00:00,2026-01-06 02:47:48.066361+00:00,93.0,3215.22,3215.11,3215.5,ETH
2026-01-06 02:46:34+00:00,2026-01-06 02:48:39.019382+00:00,94.0,3215.26,3215.18,3215.51,ETH
2026-01-06 02:46:35+00:00,2026-01-06 02:48:40.036863+00:00,95.0,3215.33,3215.23,3215.54,ETH
2026-01-06 02:46:36+00:00,2026-01-06 02:48:41.038311+00:00,96.0,3215.14,3215.02,3215.3,ETH
2026-01-06 02:46:37+00:00,2026-01-06 02:48:42.062845+00:00,97.0,3215.02,3214.83,3215.13,ETH
2026-01-06 02:46:39+00:00,2026-01-06 02:48:43.849775+00:00,99.0,3213.76,3213.75,3213.89,ETH
2026-01-06 02:46:40+00:00,2026-01-06 02:48:44.987467+00:00,100.0,3213.34,3213.33,3213.75,ETH
2026-01-06 02:46:41+00:00,2026-01-06 02:48:46.208648+00:00,101.0,3213.17,3212.96,3213.34,ETH
2026-01-06 02:46:42+00:00,2026-01-06 02:48:46.934028+00:00,102.0,3212.95,3212.75,3213.16,ETH
2026-01-06 02:46:43+00:00,2026-01-06 02:48:48.048000+00:00,103.0,3212.95,3212.73,3213.16,ETH
2026-01-06 02:46:44+00:00,2026-01-06 02:48:49.031473+00:00,104.0,3213.21,3213.06,3213.4,ETH
2026-01-06 02:46:45+00:00,2026-01-06 02:48:50.049191+00:00,105.0,3213.2,3213.15,3213.42,ETH
2026-01-06 02:46:46+00:00,2026-01-06 02:48:51.101172+00:00,106.0,3213.21,3213.15,3213.42,ETH
2026-01-06 02:46:47+00:00,2026-01-06 02:48:52.100343+00:00,107.0,3213.21,3213.16,3213.42,ETH
2026-01-06 02:46:48+00:00,2026-01-06 02:48:53.111911+00:00,108.0,3213.22,3213.14,3213.45,ETH
2026-01-06 02:46:49+00:00,2026-01-06 02:48:54.263867+00:00,109.0,3213.2,3213.15,3213.44,ETH
2026-01-06 02:46:50+00:00,2026-01-06 02:48:55.282032+00:00,110.0,3213.23,3213.15,3213.46,ETH
2026-01-06 02:46:51+00:00,2026-01-06 02:48:56.274059+00:00,111.0,3213.25,3213.15,3213.48,ETH
2026-01-06 02:46:52+00:00,2026-01-06 02:48:57.273242+00:00,112.0,3213.25,3213.15,3213.48,ETH
2026-01-06 02:46:53+00:00,2026-01-06 02:48:58.271158+00:00,113.0,3213.25,3213.15,3213.48,ETH
2026-01-06 02:46:54+00:00,2026-01-06 02:48:59.334229+00:00,114.0,3213.25,3213.14,3213.48,ETH
2026-01-06 02:46:55+00:00,2026-01-06 02:49:00.421983+00:00,115.0,3213.26,3213.13,3213.5,ETH
2026-01-06 02:46:56+00:00,2026-01-06 02:49:01.434447+00:00,116.0,3213.26,3213.09,3213.5,ETH
2026-01-06 02:46:57+00:00,2026-01-06 02:49:03.194469+00:00,117.0,3213.27,3213.05,3213.5,ETH
2026-01-06 02:46:58+00:00,2026-01-06 02:49:03.509876+00:00,118.0,3213.35,3213.12,3213.6,ETH
2026-01-06 02:46:59+00:00,2026-01-06 02:49:04.494519+00:00,119.0,3213.44,3213.19,3213.7,ETH
2026-01-06 02:47:00+00:00,2026-01-06 02:49:06.189123+00:00,120.0,3213.44,3213.19,3213.69,ETH
2026-01-06 02:47:01+00:00,2026-01-06 02:49:07.186067+00:00,121.0,3213.44,3213.19,3213.69,ETH
2026-01-06 02:47:02+00:00,2026-01-06 02:49:08.126343+00:00,122.0,3213.44,3213.19,3213.7,ETH
2026-01-06 02:47:03+00:00,2026-01-06 02:49:09.499015+00:00,123.0,3213.44,3213.2,3213.7,ETH
2026-01-06 02:47:04+00:00,2026-01-06 02:49:10.173363+00:00,124.0,3213.44,3213.2,3213.71,ETH
2026-01-06 02:47:06+00:00,2026-01-06 02:49:11.123803+00:00,126.0,3213.44,3213.2,3213.74,ETH
2026-01-06 02:47:07+00:00,2026-01-06 02:49:12.238083+00:00,127.0,3213.82,3213.64,3214.05,ETH
2026-01-06 02:47:08+00:00,2026-01-06 02:49:13.272167+00:00,128.0,3213.94,3213.73,3214.21,ETH
2026-01-06 02:47:09+00:00,2026-01-06 02:49:14.353800+00:00,129.0,3214.03,3213.81,3214.34,ETH
2026-01-06 02:47:10+00:00,2026-01-06 02:49:15.470575+00:00,130.0,3214.29,3214.07,3214.58,ETH
2026-01-06 02:47:11+00:00,2026-01-06 02:49:16.483452+00:00,131.0,3214.63,3214.42,3214.9,ETH
2026-01-06 02:47:12+00:00,2026-01-06 02:49:17.589702+00:00,132.0,3214.83,3214.71,3215.02,ETH
2026-01-06 02:47:13+00:00,2026-01-06 02:49:20.439136+00:00,133.0,3214.89,3214.75,3215.05,ETH
2026-01-06 02:47:15+00:00,2026-01-06 02:49:20.484715+00:00,135.0,3215.03,3214.86,3215.29,ETH
2026-01-06 02:47:16+00:00,2026-01-06 02:49:21.499531+00:00,136.0,3215.02,3214.89,3215.3,ETH
2026-01-06 02:47:17+00:00,2026-01-06 02:49:22.494609+00:00,137.0,3215.01,3214.89,3215.3,ETH
2026-01-06 02:47:18+00:00,2026-01-06 02:49:23.528663+00:00,138.0,3215.1,3214.95,3215.38,ETH
2026-01-06 02:47:19+00:00,2026-01-06 02:49:24.534235+00:00,139.0,3215.21,3215.11,3215.49,ETH
2026-01-06 02:47:20+00:00,2026-01-06 02:49:25.521931+00:00,140.0,3215.33,3215.2,3215.63,ETH
2026-01-06 02:47:21+00:00,2026-01-06 02:49:26.513428+00:00,141.0,3215.42,3215.26,3215.75,ETH
2026-01-06 02:47:22+00:00,2026-01-06 02:49:27.512117+00:00,142.0,3215.42,3215.31,3215.76,ETH
2026-01-06 02:47:23+00:00,2026-01-06 02:49:28.535020+00:00,143.0,3215.41,3215.31,3215.71,ETH
2026-01-06 02:47:24+00:00,2026-01-06 02:49:29.587592+00:00,144.0,3215.39,3215.3,3215.65,ETH
2026-01-06 02:47:25+00:00,2026-01-06 02:49:30.537617+00:00,145.0,3215.39,3215.29,3215.63,ETH
2026-01-06 02:47:26+00:00,2026-01-06 02:49:31.557799+00:00,146.0,3215.39,3215.29,3215.63,ETH
2026-01-06 02:47:27+00:00,2026-01-06 02:49:32.550091+00:00,147.0,3215.39,3215.29,3215.63,ETH
2026-01-06 02:47:28+00:00,2026-01-06 02:49:33.544354+00:00,148.0,3215.39,3215.29,3215.63,ETH
2026-01-06 02:47:29+00:00,2026-01-06 02:49:34.566234+00:00,149.0,3215.28,3215.2,3215.45,ETH
2026-01-06 02:47:30+00:00,2026-01-06 02:49:35.620474+00:00,150.0,3215.04,3214.96,3215.24,ETH
2026-01-06 02:47:31+00:00,2026-01-06 02:49:36.623244+00:00,151.0,3214.62,3214.48,3214.84,ETH
2026-01-06 02:47:33+00:00,2026-01-06 02:49:38.643465+00:00,153.0,3214.33,3214.11,3214.45,ETH
2026-01-06 02:47:34+00:00,2026-01-06 02:49:39.542996+00:00,154.0,3214.31,3214.07,3214.44,ETH
2026-01-06 02:47:35+00:00,2026-01-06 02:49:40.550236+00:00,155.0,3214.31,3214.08,3214.41,ETH
2026-01-06 02:47:36+00:00,2026-01-06 02:49:42.652629+00:00,156.0,3214.33,3214.1,3214.47,ETH
2026-01-06 02:47:37+00:00,2026-01-06 02:49:43.649462+00:00,157.0,3214.4,3214.17,3214.53,ETH
2026-01-06 02:47:38+00:00,2026-01-06 02:49:44.645995+00:00,158.0,3214.47,3214.29,3214.61,ETH
2026-01-06 02:47:40+00:00,2026-01-06 02:49:45.752934+00:00,160.0,3214.48,3214.33,3214.62,ETH
2026-01-06 02:47:41+00:00,2026-01-06 02:49:46.736408+00:00,161.0,3214.46,3214.27,3214.68,ETH
2026-01-06 02:47:42+00:00,2026-01-06 02:49:47.746519+00:00,162.0,3214.98,3214.75,3215.05,ETH
2026-01-06 02:47:43+00:00,2026-01-06 02:49:48.789284+00:00,163.0,3214.93,3214.82,3215.24,ETH
2026-01-06 02:47:44+00:00,2026-01-06 02:49:49.818987+00:00,164.0,3214.93,3214.81,3215.28,ETH
2026-01-06 02:47:45+00:00,2026-01-06 02:49:50.881474+00:00,165.0,3215.04,3214.92,3215.3,ETH
2026-01-06 02:47:46+00:00,2026-01-06 02:49:51.898872+00:00,166.0,3215.04,3214.95,3215.33,ETH
2026-01-06 02:47:47+00:00,2026-01-06 02:49:52.903704+00:00,167.0,3215.05,3214.98,3215.36,ETH
2026-01-06 02:47:48+00:00,2026-01-06 02:49:53.897143+00:00,168.0,3215.05,3215.0,3215.36,ETH
2026-01-06 02:47:49+00:00,2026-01-06 02:49:54.892064+00:00,169.0,3215.04,3215.0,3215.35,ETH
2026-01-06 02:47:50+00:00,2026-01-06 02:49:55.948619+00:00,170.0,3215.03,3215.0,3215.35,ETH
2026-01-06 02:47:51+00:00,2026-01-06 02:49:56.923251+00:00,171.0,3215.03,3214.99,3215.36,ETH
2026-01-06 02:47:52+00:00,2026-01-06 02:49:58.817254+00:00,172.0,3215.03,3215.0,3215.36,ETH
2026-01-06 02:47:53+00:00,2026-01-06 02:49:58.963377+00:00,173.0,3215.04,3215.01,3215.36,ETH
2026-01-06 02:47:54+00:00,2026-01-06 02:50:00.732136+00:00,174.0,3215.05,3215.01,3215.36,ETH
2026-01-06 02:47:55+00:00,2026-01-06 02:50:00.964373+00:00,175.0,3215.05,3215.01,3215.35,ETH
2026-01-06 02:47:56+00:00,2026-01-06 02:50:03.017785+00:00,176.0,3215.05,3215.01,3215.34,ETH
2026-01-06 02:47:58+00:00,2026-01-06 02:50:05.016133+00:00,178.0,3215.08,3215.04,3215.37,ETH
2026-01-06 02:47:59+00:00,2026-01-06 02:50:06.931512+00:00,179.0,3215.12,3215.08,3215.38,ETH
2026-01-06 02:48:01+00:00,2026-01-06 02:50:07.056327+00:00,181.0,3215.13,3215.09,3215.38,ETH
2026-01-06 02:48:02+00:00,2026-01-06 02:50:08.063108+00:00,182.0,3215.13,3215.09,3215.38,ETH
2026-01-06 02:48:03+00:00,2026-01-06 02:50:09.065815+00:00,183.0,3215.13,3215.1,3215.65,ETH
2026-01-06 02:48:05+00:00,2026-01-06 02:50:11.416045+00:00,185.0,3215.76,3215.72,3216.02,ETH
2026-01-06 02:48:06+00:00,2026-01-06 02:50:12.416412+00:00,186.0,3215.76,3215.75,3216.05,ETH
2026-01-06 02:48:07+00:00,2026-01-06 02:50:13.424873+00:00,187.0,3215.91,3215.89,3216.17,ETH
2026-01-06 02:48:08+00:00,2026-01-06 02:50:14.468793+00:00,188.0,3216.06,3216.04,3216.3,ETH
2026-01-06 02:48:09+00:00,2026-01-06 02:50:15.449920+00:00,189.0,3216.08,3216.06,3216.3,ETH
2026-01-06 02:48:10+00:00,2026-01-06 02:50:16.449721+00:00,190.0,3216.13,3216.12,3216.43,ETH
2026-01-06 02:48:11+00:00,2026-01-06 02:50:17.635823+00:00,191.0,3216.3,3216.29,3216.59,ETH
2026-01-06 02:48:12+00:00,2026-01-06 02:50:19.396918+00:00,192.0,3216.41,3216.36,3216.63,ETH
2026-01-06 02:48:13+00:00,2026-01-06 02:50:20.397090+00:00,193.0,3216.34,3216.28,3216.52,ETH
2026-01-06 02:48:15+00:00,2026-01-06 02:50:21.497270+00:00,195.0,3216.07,3215.82,3216.27,ETH
2026-01-06 02:48:16+00:00,2026-01-06 02:50:22.441781+00:00,196.0,3216.09,3215.86,3216.27,ETH
2026-01-06 02:48:17+00:00,2026-01-06 02:50:23.507975+00:00,197.0,3216.15,3215.92,3216.32,ETH
2026-01-06 02:48:18+00:00,2026-01-06 02:50:24.537221+00:00,198.0,3216.14,3215.9,3216.37,ETH
2026-01-06 02:48:19+00:00,2026-01-06 02:50:26.405303+00:00,199.0,3216.13,3215.89,3216.36,ETH
2026-01-06 02:48:20+00:00,2026-01-06 02:50:26.633414+00:00,200.0,3216.12,3215.87,3216.33,ETH
2026-01-06 02:48:21+00:00,2026-01-06 02:50:27.632744+00:00,201.0,3216.11,3215.87,3216.33,ETH
2026-01-06 02:48:22+00:00,2026-01-06 02:50:28.654085+00:00,202.0,3216.11,3215.86,3216.33,ETH
2026-01-06 02:48:23+00:00,2026-01-06 02:50:29.700662+00:00,203.0,3216.11,3215.87,3216.33,ETH
2026-01-06 02:48:24+00:00,2026-01-06 02:50:31.696756+00:00,204.0,3215.96,3215.87,3216.24,ETH
2026-01-06 02:48:25+00:00,2026-01-06 02:50:31.729851+00:00,205.0,3215.96,3215.79,3216.15,ETH
2026-01-06 02:48:26+00:00,2026-01-06 02:50:33.367346+00:00,206.0,3215.84,3215.68,3216.08,ETH
2026-01-06 02:48:27+00:00,2026-01-06 02:50:34.415463+00:00,207.0,3215.86,3215.64,3216.07,ETH
2026-01-06 02:48:29+00:00,2026-01-06 02:50:35.356942+00:00,209.0,3215.84,3215.64,3216.07,ETH
2026-01-06 02:48:30+00:00,2026-01-06 02:50:36.566480+00:00,210.0,3215.84,3215.65,3216.07,ETH
2026-01-06 02:48:31+00:00,2026-01-06 02:50:37.582169+00:00,211.0,3215.85,3215.63,3216.1,ETH
2026-01-06 02:48:32+00:00,2026-01-06 02:50:38.580150+00:00,212.0,3215.85,3215.61,3216.09,ETH
2026-01-06 02:48:34+00:00,2026-01-06 02:50:40.913102+00:00,214.0,3215.85,3215.6,3216.09,ETH
2026-01-06 02:48:35+00:00,2026-01-06 02:50:41.910418+00:00,215.0,3215.84,3215.6,3216.09,ETH
2026-01-06 02:48:36+00:00,2026-01-06 02:50:42.955445+00:00,216.0,3215.85,3215.61,3216.09,ETH
2026-01-06 02:48:37+00:00,2026-01-06 02:50:43.964791+00:00,217.0,3215.85,3215.62,3216.09,ETH
2026-01-06 02:48:38+00:00,2026-01-06 02:50:44.978776+00:00,218.0,3215.85,3215.61,3216.09,ETH
2026-01-06 02:48:39+00:00,2026-01-06 02:50:46.017502+00:00,219.0,3215.85,3215.61,3216.07,ETH
2026-01-06 02:48:40+00:00,2026-01-06 02:50:47.096560+00:00,220.0,3215.84,3215.6,3216.07,ETH
2026-01-06 02:48:41+00:00,2026-01-06 02:50:48.096385+00:00,221.0,3215.87,3215.63,3216.1,ETH
2026-01-06 02:48:42+00:00,2026-01-06 02:50:49.092266+00:00,222.0,3215.9,3215.66,3216.12,ETH
2026-01-06 02:48:43+00:00,2026-01-06 02:50:50.257376+00:00,223.0,3215.81,3215.61,3216.08,ETH
2026-01-06 02:48:44+00:00,2026-01-06 02:50:51.270321+00:00,224.0,3215.72,3215.56,3216.03,ETH
2026-01-06 02:48:46+00:00,2026-01-06 02:50:54.252953+00:00,226.0,3215.72,3215.56,3216.04,ETH
2026-01-06 02:48:47+00:00,2026-01-06 02:50:56.196955+00:00,227.0,3215.72,3215.55,3216.04,ETH
2026-01-06 02:48:49+00:00,2026-01-06 02:50:56.248737+00:00,229.0,3215.72,3215.55,3216.05,ETH
2026-01-06 02:48:50+00:00,2026-01-06 02:50:57.252398+00:00,230.0,3215.72,3215.55,3216.04,ETH
2026-01-06 02:48:51+00:00,2026-01-06 02:50:58.369038+00:00,231.0,3215.72,3215.55,3216.05,ETH
2026-01-06 02:48:52+00:00,2026-01-06 02:50:59.398155+00:00,232.0,3215.72,3215.55,3216.03,ETH
2026-01-06 02:48:53+00:00,2026-01-06 02:51:00.448573+00:00,233.0,3215.72,3215.55,3215.99,ETH
2026-01-06 02:48:54+00:00,2026-01-06 02:51:01.414317+00:00,234.0,3215.72,3215.55,3216.0,ETH
2026-01-06 02:48:56+00:00,2026-01-06 02:51:03.561393+00:00,236.0,3215.69,3215.55,3215.94,ETH
2026-01-06 02:48:57+00:00,2026-01-06 02:51:04.601434+00:00,237.0,3215.69,3215.55,3216.01,ETH
2026-01-06 02:48:58+00:00,2026-01-06 02:51:05.681707+00:00,238.0,3215.49,3215.35,3215.74,ETH
2026-01-06 02:48:59+00:00,2026-01-06 02:51:06.631885+00:00,239.0,3215.09,3214.99,3215.3,ETH
2026-01-06 02:49:00+00:00,2026-01-06 02:51:07.643813+00:00,240.0,3214.8,3214.7,3215.08,ETH
2026-01-06 02:49:04+00:00,2026-01-06 02:51:11.193933+00:00,244.0,3214.69,3214.52,3214.99,ETH
2026-01-06 02:49:05+00:00,2026-01-06 02:51:15.864719+00:00,245.0,3214.69,3214.5,3214.96,ETH
2026-01-06 02:49:09+00:00,2026-01-06 02:51:15.958958+00:00,249.0,3214.69,3214.51,3214.96,ETH
2026-01-06 02:49:10+00:00,2026-01-06 02:51:16.965394+00:00,250.0,3214.69,3214.56,3214.98,ETH
2026-01-06 02:49:11+00:00,2026-01-06 02:51:18.825936+00:00,251.0,3214.54,3214.46,3214.88,ETH
2026-01-06 02:49:15+00:00,2026-01-06 02:51:22.818060+00:00,255.0,3214.49,3214.29,3214.68,ETH
2026-01-06 02:49:16+00:00,2026-01-06 02:51:23.833892+00:00,256.0,3214.73,3214.57,3214.89,ETH
2026-01-06 02:49:18+00:00,2026-01-06 02:51:25.885551+00:00,258.0,3214.99,3214.91,3215.25,ETH
2026-01-06 02:49:20+00:00,2026-01-06 02:51:27.979580+00:00,260.0,3215.03,3214.99,3215.29,ETH
2026-01-06 02:49:21+00:00,2026-01-06 02:51:29.250917+00:00,261.0,3215.02,3214.99,3215.26,ETH
2026-01-06 02:49:22+00:00,2026-01-06 02:51:30.144641+00:00,262.0,3215.07,3214.99,3215.31,ETH
2026-01-06 02:49:23+00:00,2026-01-06 02:51:31.120664+00:00,263.0,3215.09,3214.98,3215.36,ETH
2026-01-06 02:49:24+00:00,2026-01-06 02:51:32.140094+00:00,264.0,3215.1,3214.98,3215.36,ETH
2026-01-06 02:49:25+00:00,2026-01-06 02:51:33.186574+00:00,265.0,3215.11,3214.98,3215.38,ETH
2026-01-06 02:49:27+00:00,2026-01-06 02:51:34.278781+00:00,267.0,3215.11,3214.98,3215.38,ETH
2026-01-06 02:49:28+00:00,2026-01-06 02:51:36.107632+00:00,268.0,3215.1,3214.95,3215.36,ETH
2026-01-06 02:49:29+00:00,2026-01-06 02:51:37.182485+00:00,269.0,3215.1,3214.95,3215.36,ETH
2026-01-06 02:49:30+00:00,2026-01-06 02:51:38.229215+00:00,270.0,3215.1,3214.95,3215.38,ETH
2026-01-06 02:49:31+00:00,2026-01-06 02:51:39.099292+00:00,271.0,3215.12,3214.95,3215.38,ETH
2026-01-06 02:49:32+00:00,2026-01-06 02:51:40.089212+00:00,272.0,3215.11,3214.95,3215.38,ETH
2026-01-06 02:49:33+00:00,2026-01-06 02:51:41.100014+00:00,273.0,3214.93,3214.87,3215.25,ETH
2026-01-06 02:49:34+00:00,2026-01-06 02:51:42.319752+00:00,274.0,3214.97,3214.84,3215.26,ETH
2026-01-06 02:49:35+00:00,2026-01-06 02:51:43.283526+00:00,275.0,3215.01,3214.78,3215.27,ETH
2026-01-06 02:49:36+00:00,2026-01-06 02:51:44.434118+00:00,276.0,3215.0,3214.76,3215.25,ETH
2026-01-06 02:49:37+00:00,2026-01-06 02:51:45.451707+00:00,277.0,3215.0,3214.77,3215.25,ETH
2026-01-06 02:49:38+00:00,2026-01-06 02:51:46.487529+00:00,278.0,3215.02,3214.77,3215.25,ETH
2026-01-06 02:49:39+00:00,2026-01-06 02:51:47.499247+00:00,279.0,3215.04,3214.79,3215.27,ETH
2026-01-06 02:49:40+00:00,2026-01-06 02:51:48.494367+00:00,280.0,3215.05,3214.8,3215.29,ETH
2026-01-06 02:49:41+00:00,2026-01-06 02:51:49.498086+00:00,281.0,3215.04,3214.8,3215.29,ETH
2026-01-06 02:49:42+00:00,2026-01-06 02:51:51.295009+00:00,282.0,3215.06,3214.81,3215.3,ETH
2026-01-06 02:49:43+00:00,2026-01-06 02:51:52.451331+00:00,283.0,3215.1,3214.87,3215.31,ETH
2026-01-06 02:49:44+00:00,2026-01-06 02:51:53.124401+00:00,284.0,3215.13,3214.93,3215.35,ETH
2026-01-06 02:49:46+00:00,2026-01-06 02:51:54.127355+00:00,286.0,3215.12,3214.95,3215.37,ETH
2026-01-06 02:49:47+00:00,2026-01-06 02:51:55.347160+00:00,287.0,3215.13,3214.96,3215.38,ETH
2026-01-06 02:49:48+00:00,2026-01-06 02:51:57.390019+00:00,288.0,3215.13,3214.96,3215.38,ETH
2026-01-06 02:49:49+00:00,2026-01-06 02:51:57.610881+00:00,289.0,3215.15,3214.97,3215.38,ETH
2026-01-06 02:49:50+00:00,2026-01-06 02:51:58.632333+00:00,290.0,3215.17,3214.98,3215.4,ETH
2026-01-06 02:49:51+00:00,2026-01-06 02:51:59.621711+00:00,291.0,3215.19,3215.03,3215.42,ETH
2026-01-06 02:49:52+00:00,2026-01-06 02:52:00.633636+00:00,292.0,3215.2,3215.07,3215.42,ETH
2026-01-06 02:49:53+00:00,2026-01-06 02:52:01.646866+00:00,293.0,3215.16,3215.04,3215.42,ETH
2026-01-06 02:49:54+00:00,2026-01-06 02:52:02.644985+00:00,294.0,3215.07,3215.0,3215.41,ETH
2026-01-06 02:49:55+00:00,2026-01-06 02:52:03.662171+00:00,295.0,3215.02,3214.99,3215.38,ETH
2026-01-06 02:49:56+00:00,2026-01-06 02:52:04.663604+00:00,296.0,3215.01,3214.99,3215.31,ETH
2026-01-06 02:49:57+00:00,2026-01-06 02:52:05.659234+00:00,297.0,3215.0,3214.99,3215.25,ETH
2026-01-06 02:49:58+00:00,2026-01-06 02:52:06.666447+00:00,298.0,3215.06,3214.98,3215.39,ETH
2026-01-06 02:49:59+00:00,2026-01-06 02:52:07.702580+00:00,299.0,3215.14,3215.04,3215.2,ETH
2026-01-06 02:50:00+00:00,2026-01-06 02:52:08.702889+00:00,300.0,3215.2,3215.04,3215.43,ETH
2026-01-06 02:50:01+00:00,2026-01-06 02:52:11.577899+00:00,301.0,3215.26,3215.07,3215.49,ETH
2026-01-06 02:50:03+00:00,2026-01-06 02:52:11.633280+00:00,303.0,3215.31,3215.12,3215.51,ETH
2026-01-06 02:50:04+00:00,2026-01-06 02:52:12.658895+00:00,304.0,3215.53,3215.41,3215.79,ETH
2026-01-06 02:50:05+00:00,2026-01-06 02:52:13.733651+00:00,305.0,3215.53,3215.43,3215.79,ETH
2026-01-06 02:50:06+00:00,2026-01-06 02:52:14.667971+00:00,306.0,3215.53,3215.43,3215.67,ETH
2026-01-06 02:50:07+00:00,2026-01-06 02:52:16.701851+00:00,307.0,3215.53,3215.43,3215.79,ETH
2026-01-06 02:50:08+00:00,2026-01-06 02:52:17.635998+00:00,308.0,3215.53,3215.43,3215.74,ETH
2026-01-06 02:50:09+00:00,2026-01-06 02:52:18.714407+00:00,309.0,3215.53,3215.43,3215.74,ETH
2026-01-06 02:50:10+00:00,2026-01-06 02:52:19.631513+00:00,310.0,3215.53,3215.43,3215.78,ETH
2026-01-06 02:50:11+00:00,2026-01-06 02:52:20.605105+00:00,311.0,3215.53,3215.43,3215.78,ETH
2026-01-06 02:50:12+00:00,2026-01-06 02:52:21.610862+00:00,312.0,3215.53,3215.42,3215.78,ETH
2026-01-06 02:50:13+00:00,2026-01-06 02:52:22.685549+00:00,313.0,3215.53,3215.38,3215.78,ETH
2026-01-06 02:50:14+00:00,2026-01-06 02:52:23.658692+00:00,314.0,3215.39,3215.2,3215.58,ETH
2026-01-06 02:50:15+00:00,2026-01-06 02:52:24.700950+00:00,315.0,3215.16,3215.0,3215.35,ETH
2026-01-06 02:50:16+00:00,2026-01-06 02:52:25.742443+00:00,316.0,3215.06,3214.95,3215.32,ETH
2026-01-06 02:50:17+00:00,2026-01-06 02:52:26.650825+00:00,317.0,3215.06,3214.93,3215.32,ETH
2026-01-06 02:50:18+00:00,2026-01-06 02:52:27.777974+00:00,318.0,3214.88,3214.7,3215.13,ETH
2026-01-06 02:50:20+00:00,2026-01-06 02:52:29.814949+00:00,320.0,3214.53,3214.38,3214.63,ETH
2026-01-06 02:50:21+00:00,2026-01-06 02:52:30.050407+00:00,321.0,3214.51,3214.29,3214.63,ETH
2026-01-06 02:50:22+00:00,2026-01-06 02:52:31.082331+00:00,322.0,3214.52,3214.29,3214.66,ETH
2026-01-06 02:50:23+00:00,2026-01-06 02:52:32.048735+00:00,323.0,3214.52,3214.29,3214.59,ETH
2026-01-06 02:50:24+00:00,2026-01-06 02:52:33.062900+00:00,324.0,3214.52,3214.27,3214.66,ETH
2026-01-06 02:50:25+00:00,2026-01-06 02:52:36.009755+00:00,325.0,3214.29,3214.22,3214.55,ETH
2026-01-06 02:50:27+00:00,2026-01-06 02:52:36.060541+00:00,327.0,3214.28,3214.16,3214.51,ETH
2026-01-06 02:50:28+00:00,2026-01-06 02:52:37.069373+00:00,328.0,3214.28,3214.07,3214.5,ETH
2026-01-06 02:50:29+00:00,2026-01-06 02:52:38.128955+00:00,329.0,3214.28,3214.05,3214.53,ETH
2026-01-06 02:50:30+00:00,2026-01-06 02:52:39.141154+00:00,330.0,3214.28,3214.06,3214.51,ETH
2026-01-06 02:50:31+00:00,2026-01-06 02:52:40.983210+00:00,331.0,3214.18,3214.05,3214.53,ETH
2026-01-06 02:50:32+00:00,2026-01-06 02:52:44.959537+00:00,332.0,3214.21,3214.06,3214.55,ETH
2026-01-06 02:50:36+00:00,2026-01-06 02:52:44.988794+00:00,336.0,3214.44,3214.21,3214.67,ETH
2026-01-06 02:50:37+00:00,2026-01-06 02:52:46.044176+00:00,337.0,3214.41,3214.22,3214.67,ETH
2026-01-06 02:50:38+00:00,2026-01-06 02:52:47.110370+00:00,338.0,3214.37,3214.2,3214.65,ETH
2026-01-06 02:50:39+00:00,2026-01-06 02:52:48.100480+00:00,339.0,3214.37,3214.19,3214.64,ETH
2026-01-06 02:50:41+00:00,2026-01-06 02:52:50.449648+00:00,341.0,3214.4,3214.19,3214.64,ETH
2026-01-06 02:50:42+00:00,2026-01-06 02:52:51.453308+00:00,342.0,3214.47,3214.27,3214.72,ETH
2026-01-06 02:50:44+00:00,2026-01-06 02:52:53.665244+00:00,344.0,3214.53,3214.33,3214.77,ETH
2026-01-06 02:50:47+00:00,2026-01-06 02:52:56.167271+00:00,347.0,3214.16,3214.09,3214.38,ETH
2026-01-06 02:50:48+00:00,2026-01-06 02:52:57.956146+00:00,348.0,3214.05,3213.98,3214.12,ETH
2026-01-06 02:50:49+00:00,2026-01-06 02:52:58.182233+00:00,349.0,3214.05,3213.95,3214.14,ETH
2026-01-06 02:50:50+00:00,2026-01-06 02:52:59.201277+00:00,350.0,3214.05,3213.9,3214.17,ETH
2026-01-06 02:50:51+00:00,2026-01-06 02:53:00.984120+00:00,351.0,3214.05,3213.91,3214.15,ETH
2026-01-06 02:50:52+00:00,2026-01-06 02:53:01.910167+00:00,352.0,3214.05,3213.91,3214.14,ETH
2026-01-06 02:50:53+00:00,2026-01-06 02:53:04.083717+00:00,353.0,3214.05,3213.91,3214.18,ETH
2026-01-06 02:50:55+00:00,2026-01-06 02:53:04.141211+00:00,355.0,3214.05,3213.91,3214.16,ETH
2026-01-06 02:50:57+00:00,2026-01-06 02:53:06.145615+00:00,357.0,3214.05,3213.88,3214.27,ETH
2026-01-06 02:50:58+00:00,2026-01-06 02:53:08.076331+00:00,358.0,3214.05,3213.88,3214.23,ETH
2026-01-06 02:50:59+00:00,2026-01-06 02:53:09.081322+00:00,359.0,3214.05,3213.89,3214.22,ETH
2026-01-06 02:51:00+00:00,2026-01-06 02:53:10.025179+00:00,360.0,3214.05,3213.89,3214.21,ETH
2026-01-06 02:51:01+00:00,2026-01-06 02:53:11.113329+00:00,361.0,3214.05,3213.9,3214.19,ETH
2026-01-06 02:51:02+00:00,2026-01-06 02:53:12.139163+00:00,362.0,3214.04,3213.91,3214.29,ETH
2026-01-06 02:51:03+00:00,2026-01-06 02:53:14.359473+00:00,363.0,3213.94,3213.88,3214.37,ETH
2026-01-06 02:51:06+00:00,2026-01-06 02:53:18.264584+00:00,366.0,3213.68,3213.61,3214.02,ETH
2026-01-06 02:51:09+00:00,2026-01-06 02:53:18.341523+00:00,369.0,3213.81,3213.66,3214.05,ETH
2026-01-06 02:51:10+00:00,2026-01-06 02:53:19.366768+00:00,370.0,3213.81,3213.67,3214.04,ETH
2026-01-06 02:51:11+00:00,2026-01-06 02:53:20.431103+00:00,371.0,3213.81,3213.68,3214.03,ETH
2026-01-06 02:51:12+00:00,2026-01-06 02:53:21.378969+00:00,372.0,3213.81,3213.68,3214.05,ETH
2026-01-06 02:51:13+00:00,2026-01-06 02:53:22.564797+00:00,373.0,3213.55,3213.47,3213.6,ETH
2026-01-06 02:51:14+00:00,2026-01-06 02:53:23.617369+00:00,374.0,3213.47,3213.4,3213.59,ETH
2026-01-06 02:51:16+00:00,2026-01-06 02:53:25.749951+00:00,376.0,3212.83,3212.81,3213.13,ETH
2026-01-06 02:51:18+00:00,2026-01-06 02:53:27.845697+00:00,378.0,3212.71,3212.71,3213.1,ETH
2026-01-06 02:51:19+00:00,2026-01-06 02:53:28.854614+00:00,379.0,3212.98,3212.74,3213.22,ETH
2026-01-06 02:51:20+00:00,2026-01-06 02:53:29.796846+00:00,380.0,3213.11,3213.06,3213.22,ETH
2026-01-06 02:51:21+00:00,2026-01-06 02:53:30.944610+00:00,381.0,3213.08,3213.06,3213.22,ETH
2026-01-06 02:51:22+00:00,2026-01-06 02:53:32.205330+00:00,382.0,3213.09,3213.05,3213.47,ETH
2026-01-06 02:51:23+00:00,2026-01-06 02:53:33.005928+00:00,383.0,3213.09,3213.05,3213.46,ETH
2026-01-06 02:51:24+00:00,2026-01-06 02:53:34.157524+00:00,384.0,3213.09,3213.02,3213.44,ETH
2026-01-06 02:51:25+00:00,2026-01-06 02:53:35.090660+00:00,385.0,3213.09,3212.99,3213.38,ETH
2026-01-06 02:51:27+00:00,2026-01-06 02:53:37.030234+00:00,387.0,3212.95,3212.95,3213.33,ETH
2026-01-06 02:51:28+00:00,2026-01-06 02:53:38.075950+00:00,388.0,3212.95,3212.94,3213.31,ETH
2026-01-06 02:51:29+00:00,2026-01-06 02:53:39.123844+00:00,389.0,3212.95,3212.94,3213.29,ETH
2026-01-06 02:51:30+00:00,2026-01-06 02:53:40.096508+00:00,390.0,3212.94,3212.93,3213.3,ETH
2026-01-06 02:51:32+00:00,2026-01-06 02:53:41.222741+00:00,392.0,3212.95,3212.94,3213.3,ETH
2026-01-06 02:51:33+00:00,2026-01-06 02:53:42.240498+00:00,393.0,3212.96,3212.96,3213.36,ETH
2026-01-06 02:51:34+00:00,2026-01-06 02:53:43.231122+00:00,394.0,3212.97,3212.96,3213.36,ETH
2026-01-06 02:51:35+00:00,2026-01-06 02:53:44.226114+00:00,395.0,3212.97,3212.96,3213.36,ETH
2026-01-06 02:51:36+00:00,2026-01-06 02:53:47.287762+00:00,396.0,3213.0,3212.99,3213.37,ETH
2026-01-06 02:51:37+00:00,2026-01-06 02:53:47.331678+00:00,397.0,3213.11,3213.07,3213.41,ETH
2026-01-06 02:51:39+00:00,2026-01-06 02:53:49.323061+00:00,399.0,3213.17,3213.11,3213.5,ETH
2026-01-06 02:51:40+00:00,2026-01-06 02:53:49.542031+00:00,400.0,3213.17,3213.11,3213.61,ETH
2026-01-06 02:51:41+00:00,2026-01-06 02:53:51.207043+00:00,401.0,3213.18,3213.11,3213.6,ETH
2026-01-06 02:51:42+00:00,2026-01-06 02:53:52.296834+00:00,402.0,3213.16,3213.11,3213.61,ETH
2026-01-06 02:51:43+00:00,2026-01-06 02:53:53.188717+00:00,403.0,3213.43,3213.34,3213.79,ETH
2026-01-06 02:51:44+00:00,2026-01-06 02:53:54.174601+00:00,404.0,3213.55,3213.47,3213.72,ETH
2026-01-06 02:51:45+00:00,2026-01-06 02:53:55.312957+00:00,405.0,3213.55,3213.5,3213.92,ETH
2026-01-06 02:51:46+00:00,2026-01-06 02:53:56.274037+00:00,406.0,3213.53,3213.5,3213.9,ETH
2026-01-06 02:51:47+00:00,2026-01-06 02:53:57.331980+00:00,407.0,3213.6,3213.51,3213.91,ETH
2026-01-06 02:51:49+00:00,2026-01-06 02:53:58.461021+00:00,409.0,3213.71,3213.53,3213.95,ETH
2026-01-06 02:51:51+00:00,2026-01-06 02:54:00.426536+00:00,411.0,3213.77,3213.57,3213.99,ETH
2026-01-06 02:51:52+00:00,2026-01-06 02:54:01.447735+00:00,412.0,3213.78,3213.59,3213.99,ETH
2026-01-06 02:51:53+00:00,2026-01-06 02:54:03.393831+00:00,413.0,3213.78,3213.6,3213.99,ETH
2026-01-06 02:51:54+00:00,2026-01-06 02:54:04.475579+00:00,414.0,3213.78,3213.6,3214.0,ETH
2026-01-06 02:51:56+00:00,2026-01-06 02:54:06.613057+00:00,416.0,3213.79,3213.6,3214.0,ETH
2026-01-06 02:51:57+00:00,2026-01-06 02:54:08.385826+00:00,417.0,3213.8,3213.6,3214.0,ETH
2026-01-06 02:51:58+00:00,2026-01-06 02:54:08.463836+00:00,418.0,3213.85,3213.68,3214.15,ETH
2026-01-06 02:51:59+00:00,2026-01-06 02:54:09.462274+00:00,419.0,3213.87,3213.71,3214.2,ETH
2026-01-06 02:52:00+00:00,2026-01-06 02:54:10.507874+00:00,420.0,3213.88,3213.71,3214.2,ETH
2026-01-06 02:52:01+00:00,2026-01-06 02:54:11.712553+00:00,421.0,3213.89,3213.71,3214.2,ETH
2026-01-06 02:52:02+00:00,2026-01-06 02:54:12.714178+00:00,422.0,3213.89,3213.72,3214.13,ETH
2026-01-06 02:52:04+00:00,2026-01-06 02:54:14.512814+00:00,424.0,3213.9,3213.75,3214.17,ETH
2026-01-06 02:52:07+00:00,2026-01-06 02:54:17.620549+00:00,427.0,3213.91,3213.75,3214.18,ETH
2026-01-06 02:52:08+00:00,2026-01-06 02:54:18.713020+00:00,428.0,3213.93,3213.82,3214.18,ETH
2026-01-06 02:52:09+00:00,2026-01-06 02:54:19.711806+00:00,429.0,3214.03,3213.88,3214.28,ETH
2026-01-06 02:52:10+00:00,2026-01-06 02:54:20.730233+00:00,430.0,3214.07,3213.81,3214.28,ETH
2026-01-06 02:52:13+00:00,2026-01-06 02:54:23.114139+00:00,433.0,3213.76,3213.69,3214.16,ETH
2026-01-06 02:52:14+00:00,2026-01-06 02:54:24.222436+00:00,434.0,3213.76,3213.69,3214.16,ETH
2026-01-06 02:52:15+00:00,2026-01-06 02:54:25.308767+00:00,435.0,3213.76,3213.7,3214.18,ETH
2026-01-06 02:52:16+00:00,2026-01-06 02:54:26.334516+00:00,436.0,3213.76,3213.7,3214.19,ETH
2026-01-06 02:52:17+00:00,2026-01-06 02:54:29.074324+00:00,437.0,3213.76,3213.7,3214.13,ETH
2026-01-06 02:52:19+00:00,2026-01-06 02:54:29.175275+00:00,439.0,3213.76,3213.7,3214.19,ETH
2026-01-06 02:52:20+00:00,2026-01-06 02:54:30.190336+00:00,440.0,3213.92,3213.76,3214.19,ETH
2026-01-06 02:52:21+00:00,2026-01-06 02:54:31.207196+00:00,441.0,3213.99,3213.83,3214.27,ETH
2026-01-06 02:52:23+00:00,2026-01-06 02:54:33.325926+00:00,443.0,3213.99,3213.84,3214.25,ETH
2026-01-06 02:52:24+00:00,2026-01-06 02:54:34.473312+00:00,444.0,3213.99,3213.86,3214.26,ETH
2026-01-06 02:52:25+00:00,2026-01-06 02:54:35.425719+00:00,445.0,3213.99,3213.86,3214.28,ETH
2026-01-06 02:52:26+00:00,2026-01-06 02:54:36.412848+00:00,446.0,3213.99,3213.86,3214.3,ETH
2026-01-06 02:52:28+00:00,2026-01-06 02:54:38.780832+00:00,448.0,3214.0,3213.86,3214.3,ETH
2026-01-06 02:52:29+00:00,2026-01-06 02:54:39.704164+00:00,449.0,3214.11,3213.98,3214.38,ETH
2026-01-06 02:52:30+00:00,2026-01-06 02:54:40.781988+00:00,450.0,3214.11,3213.98,3214.38,ETH
2026-01-06 02:52:32+00:00,2026-01-06 02:54:42.087377+00:00,452.0,3214.11,3213.98,3214.38,ETH
2026-01-06 02:52:33+00:00,2026-01-06 02:54:43.031372+00:00,453.0,3214.11,3214.0,3214.39,ETH
2026-01-06 02:52:34+00:00,2026-01-06 02:54:44.020385+00:00,454.0,3214.11,3214.0,3214.39,ETH
2026-01-06 02:52:35+00:00,2026-01-06 02:54:45.039903+00:00,455.0,3214.12,3214.0,3214.39,ETH
2026-01-06 02:52:36+00:00,2026-01-06 02:54:46.047911+00:00,456.0,3214.13,3214.0,3214.39,ETH
2026-01-06 02:52:37+00:00,2026-01-06 02:54:47.058540+00:00,457.0,3214.13,3214.0,3214.39,ETH
2026-01-06 02:52:38+00:00,2026-01-06 02:54:48.072914+00:00,458.0,3214.11,3214.04,3214.39,ETH
2026-01-06 02:52:39+00:00,2026-01-06 02:54:49.105536+00:00,459.0,3214.11,3214.04,3214.39,ETH
2026-01-06 02:52:40+00:00,2026-01-06 02:54:50.808064+00:00,460.0,3214.11,3214.04,3214.39,ETH
2026-01-06 02:52:41+00:00,2026-01-06 02:54:52.137904+00:00,461.0,3214.11,3214.04,3214.39,ETH
2026-01-06 02:52:43+00:00,2026-01-06 02:54:52.938467+00:00,463.0,3214.18,3214.08,3214.39,ETH
2026-01-06 02:52:44+00:00,2026-01-06 02:54:53.909419+00:00,464.0,3214.56,3214.48,3214.71,ETH
2026-01-06 02:52:45+00:00,2026-01-06 02:54:55.896531+00:00,465.0,3214.56,3214.47,3214.69,ETH
2026-01-06 02:52:46+00:00,2026-01-06 02:54:56.941938+00:00,466.0,3214.41,3214.26,3214.57,ETH
2026-01-06 02:52:47+00:00,2026-01-06 02:54:57.945990+00:00,467.0,3214.24,3214.04,3214.51,ETH
2026-01-06 02:52:48+00:00,2026-01-06 02:54:58.975619+00:00,468.0,3214.21,3214.02,3214.54,ETH
2026-01-06 02:52:50+00:00,2026-01-06 02:55:00.913031+00:00,470.0,3214.21,3214.02,3214.37,ETH
2026-01-06 02:52:51+00:00,2026-01-06 02:55:01.191282+00:00,471.0,3214.05,3214.02,3214.5,ETH
2026-01-06 02:52:52+00:00,2026-01-06 02:55:02.177202+00:00,472.0,3214.1,3214.02,3214.49,ETH
2026-01-06 02:52:54+00:00,2026-01-06 02:55:04.479272+00:00,474.0,3214.21,3214.01,3214.44,ETH
2026-01-06 02:52:56+00:00,2026-01-06 02:55:06.589199+00:00,476.0,3214.5,3214.42,3214.72,ETH
2026-01-06 02:52:57+00:00,2026-01-06 02:55:07.610962+00:00,477.0,3214.54,3214.47,3214.76,ETH
2026-01-06 02:52:58+00:00,2026-01-06 02:55:08.743186+00:00,478.0,3214.56,3214.47,3214.77,ETH
2026-01-06 02:52:59+00:00,2026-01-06 02:55:09.623271+00:00,479.0,3214.57,3214.47,3214.77,ETH
2026-01-06 02:53:05+00:00,2026-01-06 02:55:15.177579+00:00,485.0,3214.58,3214.47,3214.73,ETH
2026-01-06 02:53:06+00:00,2026-01-06 02:55:16.204708+00:00,486.0,3214.58,3214.47,3214.74,ETH
2026-01-06 02:53:07+00:00,2026-01-06 02:55:18.440415+00:00,487.0,3214.58,3214.51,3214.81,ETH
2026-01-06 02:53:08+00:00,2026-01-06 02:55:19.238673+00:00,488.0,3214.67,3214.6,3214.91,ETH
2026-01-06 02:53:09+00:00,2026-01-06 02:55:20.173201+00:00,489.0,3214.78,3214.71,3215.0,ETH
2026-01-06 02:53:10+00:00,2026-01-06 02:55:21.103380+00:00,490.0,3214.82,3214.77,3215.04,ETH
2026-01-06 02:53:12+00:00,2026-01-06 02:55:22.160194+00:00,492.0,3214.85,3214.8,3215.08,ETH
2026-01-06 02:53:13+00:00,2026-01-06 02:55:23.353954+00:00,493.0,3214.85,3214.8,3214.98,ETH
2026-01-06 02:53:14+00:00,2026-01-06 02:55:24.357362+00:00,494.0,3214.85,3214.8,3215.07,ETH
2026-01-06 02:53:15+00:00,2026-01-06 02:55:25.470531+00:00,495.0,3214.84,3214.74,3215.03,ETH
2026-01-06 02:53:16+00:00,2026-01-06 02:55:26.412135+00:00,496.0,3214.84,3214.74,3214.93,ETH
2026-01-06 02:53:17+00:00,2026-01-06 02:55:27.485235+00:00,497.0,3214.84,3214.74,3215.04,ETH
2026-01-06 02:53:18+00:00,2026-01-06 02:55:29.137107+00:00,498.0,3214.84,3214.74,3215.06,ETH
2026-01-06 02:53:19+00:00,2026-01-06 02:55:29.506193+00:00,499.0,3214.84,3214.73,3215.07,ETH
2026-01-06 02:53:20+00:00,2026-01-06 02:55:31.271398+00:00,500.0,3214.84,3214.74,3214.92,ETH
2026-01-06 02:53:21+00:00,2026-01-06 02:55:31.504509+00:00,501.0,3214.84,3214.74,3215.08,ETH
2026-01-06 02:53:22+00:00,2026-01-06 02:55:32.517739+00:00,502.0,3214.83,3214.74,3215.08,ETH
2026-01-06 02:53:23+00:00,2026-01-06 02:55:33.508242+00:00,503.0,3214.84,3214.74,3215.08,ETH
2026-01-06 02:53:24+00:00,2026-01-06 02:55:34.536452+00:00,504.0,3214.84,3214.71,3215.02,ETH
2026-01-06 02:53:25+00:00,2026-01-06 02:55:35.546281+00:00,505.0,3214.61,3214.5,3214.79,ETH
2026-01-06 02:53:26+00:00,2026-01-06 02:55:36.597092+00:00,506.0,3214.57,3214.39,3214.69,ETH
2026-01-06 02:53:27+00:00,2026-01-06 02:55:37.545224+00:00,507.0,3214.57,3214.4,3214.73,ETH
2026-01-06 02:53:28+00:00,2026-01-06 02:55:38.562586+00:00,508.0,3214.57,3214.4,3214.77,ETH
2026-01-06 02:53:29+00:00,2026-01-06 02:55:39.571884+00:00,509.0,3214.57,3214.4,3214.77,ETH
2026-01-06 02:53:30+00:00,2026-01-06 02:55:40.586543+00:00,510.0,3214.57,3214.4,3214.76,ETH
2026-01-06 02:53:31+00:00,2026-01-06 02:55:41.594252+00:00,511.0,3214.56,3214.4,3214.9,ETH
2026-01-06 02:53:32+00:00,2026-01-06 02:55:42.679134+00:00,512.0,3214.56,3214.39,3214.9,ETH
2026-01-06 02:53:33+00:00,2026-01-06 02:55:44.457564+00:00,513.0,3214.56,3214.41,3214.89,ETH
2026-01-06 02:53:34+00:00,2026-01-06 02:55:44.652395+00:00,514.0,3214.56,3214.42,3214.89,ETH
2026-01-06 02:53:35+00:00,2026-01-06 02:55:45.640920+00:00,515.0,3214.56,3214.42,3214.89,ETH
2026-01-06 02:53:36+00:00,2026-01-06 02:55:46.654617+00:00,516.0,3214.56,3214.41,3214.86,ETH
2026-01-06 02:53:37+00:00,2026-01-06 02:55:47.656278+00:00,517.0,3214.56,3214.34,3214.88,ETH
2026-01-06 02:53:38+00:00,2026-01-06 02:55:48.666774+00:00,518.0,3214.77,3214.58,3215.07,ETH
2026-01-06 02:53:39+00:00,2026-01-06 02:55:50.437584+00:00,519.0,3214.78,3214.58,3215.07,ETH
2026-01-06 02:53:40+00:00,2026-01-06 02:55:51.307343+00:00,520.0,3214.78,3214.58,3215.06,ETH
2026-01-06 02:53:42+00:00,2026-01-06 02:55:52.293164+00:00,522.0,3214.77,3214.58,3215.06,ETH
2026-01-06 02:53:43+00:00,2026-01-06 02:55:53.389923+00:00,523.0,3214.77,3214.58,3215.06,ETH
2026-01-06 02:53:44+00:00,2026-01-06 02:55:54.369283+00:00,524.0,3214.77,3214.58,3215.06,ETH
2026-01-06 02:53:45+00:00,2026-01-06 02:55:55.446001+00:00,525.0,3214.77,3214.58,3215.06,ETH
2026-01-06 02:53:46+00:00,2026-01-06 02:55:56.522047+00:00,526.0,3214.75,3214.58,3215.06,ETH
2026-01-06 02:53:47+00:00,2026-01-06 02:55:57.538796+00:00,527.0,3214.73,3214.58,3215.06,ETH
2026-01-06 02:53:48+00:00,2026-01-06 02:55:58.543607+00:00,528.0,3214.73,3214.58,3215.07,ETH
2026-01-06 02:53:49+00:00,2026-01-06 02:55:59.572751+00:00,529.0,3214.73,3214.58,3215.07,ETH
2026-01-06 02:53:50+00:00,2026-01-06 02:56:00.578843+00:00,530.0,3214.73,3214.58,3215.06,ETH
2026-01-06 02:53:51+00:00,2026-01-06 02:56:01.642301+00:00,531.0,3214.72,3214.58,3215.06,ETH
2026-01-06 02:53:52+00:00,2026-01-06 02:56:02.627754+00:00,532.0,3214.72,3214.58,3215.06,ETH
2026-01-06 02:53:53+00:00,2026-01-06 02:56:04.820854+00:00,533.0,3214.71,3214.58,3214.98,ETH
2026-01-06 02:53:55+00:00,2026-01-06 02:56:06.697455+00:00,535.0,3214.78,3214.65,3215.06,ETH
2026-01-06 02:53:56+00:00,2026-01-06 02:56:06.771532+00:00,536.0,3214.84,3214.72,3215.06,ETH
2026-01-06 02:53:57+00:00,2026-01-06 02:56:07.766972+00:00,537.0,3214.84,3214.71,3215.06,ETH
2026-01-06 02:53:58+00:00,2026-01-06 02:56:08.773511+00:00,538.0,3214.84,3214.7,3215.06,ETH
2026-01-06 02:54:00+00:00,2026-01-06 02:56:11.650601+00:00,540.0,3215.13,3214.93,3215.32,ETH
2026-01-06 02:54:01+00:00,2026-01-06 02:56:12.664600+00:00,541.0,3215.52,3215.39,3215.87,ETH
2026-01-06 02:54:02+00:00,2026-01-06 02:56:13.772733+00:00,542.0,3215.81,3215.77,3216.17,ETH
2026-01-06 02:54:03+00:00,2026-01-06 02:56:14.025677+00:00,543.0,3215.95,3215.94,3216.17,ETH
2026-01-06 02:54:04+00:00,2026-01-06 02:56:15.050244+00:00,544.0,3215.95,3215.92,3216.19,ETH
2026-01-06 02:54:05+00:00,2026-01-06 02:56:16.058630+00:00,545.0,3215.95,3215.92,3216.2,ETH
2026-01-06 02:54:06+00:00,2026-01-06 02:56:17.121137+00:00,546.0,3215.95,3215.94,3216.18,ETH
2026-01-06 02:54:07+00:00,2026-01-06 02:56:18.084201+00:00,547.0,3215.95,3215.94,3216.16,ETH
2026-01-06 02:54:08+00:00,2026-01-06 02:56:19.104719+00:00,548.0,3215.95,3215.89,3216.11,ETH
2026-01-06 02:54:09+00:00,2026-01-06 02:56:20.103834+00:00,549.0,3215.95,3215.87,3216.09,ETH
2026-01-06 02:54:10+00:00,2026-01-06 02:56:21.154500+00:00,550.0,3215.93,3215.9,3216.12,ETH
2026-01-06 02:54:11+00:00,2026-01-06 02:56:22.134081+00:00,551.0,3215.74,3215.69,3216.01,ETH
2026-01-06 02:54:12+00:00,2026-01-06 02:56:23.152916+00:00,552.0,3215.48,3215.44,3215.8,ETH
2026-01-06 02:54:13+00:00,2026-01-06 02:56:24.152254+00:00,553.0,3215.39,3215.3,3215.66,ETH
2026-01-06 02:54:14+00:00,2026-01-06 02:56:25.148289+00:00,554.0,3215.39,3215.22,3215.6,ETH
2026-01-06 02:54:15+00:00,2026-01-06 02:56:26.156705+00:00,555.0,3215.35,3215.21,3215.57,ETH
2026-01-06 02:54:16+00:00,2026-01-06 02:56:27.207461+00:00,556.0,3215.32,3215.2,3215.6,ETH
2026-01-06 02:54:19+00:00,2026-01-06 02:56:29.477609+00:00,559.0,3215.32,3215.19,3215.64,ETH
2026-01-06 02:54:20+00:00,2026-01-06 02:56:30.477428+00:00,560.0,3215.32,3215.2,3215.64,ETH
2026-01-06 02:54:21+00:00,2026-01-06 02:56:31.499790+00:00,561.0,3215.32,3215.19,3215.64,ETH
2026-01-06 02:54:22+00:00,2026-01-06 02:56:32.502593+00:00,562.0,3215.32,3215.2,3215.64,ETH
2026-01-06 02:54:23+00:00,2026-01-06 02:56:33.539050+00:00,563.0,3215.32,3215.21,3215.6,ETH
2026-01-06 02:54:24+00:00,2026-01-06 02:56:34.541633+00:00,564.0,3215.32,3215.24,3215.72,ETH
2026-01-06 02:54:25+00:00,2026-01-06 02:56:36.414711+00:00,565.0,3215.32,3215.24,3215.69,ETH
2026-01-06 02:54:26+00:00,2026-01-06 02:56:37.175551+00:00,566.0,3215.32,3215.24,3215.73,ETH
2026-01-06 02:54:27+00:00,2026-01-06 02:56:38.276706+00:00,567.0,3215.49,3215.24,3215.79,ETH
2026-01-06 02:54:28+00:00,2026-01-06 02:56:39.256998+00:00,568.0,3215.7,3215.55,3215.9,ETH
2026-01-06 02:54:29+00:00,2026-01-06 02:56:40.575565+00:00,569.0,3215.7,3215.55,3215.91,ETH
2026-01-06 02:54:30+00:00,2026-01-06 02:56:41.426614+00:00,570.0,3215.73,3215.57,3215.92,ETH
2026-01-06 02:54:33+00:00,2026-01-06 02:56:44.409032+00:00,573.0,3215.92,3215.78,3216.18,ETH
2026-01-06 02:54:34+00:00,2026-01-06 02:56:45.488173+00:00,574.0,3215.92,3215.74,3216.14,ETH
2026-01-06 02:54:35+00:00,2026-01-06 02:56:46.491461+00:00,575.0,3215.92,3215.78,3216.17,ETH
2026-01-06 02:54:36+00:00,2026-01-06 02:56:48.775398+00:00,576.0,3215.92,3215.78,3216.18,ETH
2026-01-06 02:54:38+00:00,2026-01-06 02:56:49.611514+00:00,578.0,3215.92,3215.78,3216.18,ETH
2026-01-06 02:54:39+00:00,2026-01-06 02:56:50.619548+00:00,579.0,3215.95,3215.78,3216.18,ETH
2026-01-06 02:54:40+00:00,2026-01-06 02:56:51.832940+00:00,580.0,3215.95,3215.78,3216.18,ETH
2026-01-06 02:54:41+00:00,2026-01-06 02:56:52.597544+00:00,581.0,3215.95,3215.78,3216.18,ETH
2026-01-06 02:54:43+00:00,2026-01-06 02:56:53.494484+00:00,583.0,3215.96,3215.83,3216.19,ETH
2026-01-06 02:54:44+00:00,2026-01-06 02:56:54.626787+00:00,584.0,3215.96,3215.83,3216.09,ETH
2026-01-06 02:54:45+00:00,2026-01-06 02:56:55.653651+00:00,585.0,3215.97,3215.83,3216.19,ETH
2026-01-06 02:54:46+00:00,2026-01-06 02:56:57.792824+00:00,586.0,3215.7,3215.56,3215.96,ETH
2026-01-06 02:54:47+00:00,2026-01-06 02:56:58.770555+00:00,587.0,3215.61,3215.56,3215.9,ETH
2026-01-06 02:54:48+00:00,2026-01-06 02:56:59.774570+00:00,588.0,3215.58,3215.56,3215.94,ETH
2026-01-06 02:54:49+00:00,2026-01-06 02:57:00.852561+00:00,589.0,3215.57,3215.56,3215.94,ETH
2026-01-06 02:54:50+00:00,2026-01-06 02:57:01.791569+00:00,590.0,3215.57,3215.56,3215.94,ETH
2026-01-06 02:54:51+00:00,2026-01-06 02:57:02.810845+00:00,591.0,3215.57,3215.56,3215.94,ETH
2026-01-06 02:54:52+00:00,2026-01-06 02:57:03.824625+00:00,592.0,3215.57,3215.56,3215.94,ETH
2026-01-06 02:54:54+00:00,2026-01-06 02:57:04.909570+00:00,594.0,3215.57,3215.56,3215.93,ETH
2026-01-06 02:54:55+00:00,2026-01-06 02:57:05.934643+00:00,595.0,3215.58,3215.56,3215.94,ETH
2026-01-06 02:54:56+00:00,2026-01-06 02:57:06.941784+00:00,596.0,3215.58,3215.56,3215.94,ETH
2026-01-06 02:54:57+00:00,2026-01-06 02:57:07.936489+00:00,597.0,3215.58,3215.56,3215.94,ETH
2026-01-06 02:54:58+00:00,2026-01-06 02:57:09.706770+00:00,598.0,3215.58,3215.56,3216.03,ETH
2026-01-06 02:54:59+00:00,2026-01-06 02:57:09.978945+00:00,599.0,3215.57,3215.56,3216.05,ETH
2026-01-06 02:55:00+00:00,2026-01-06 02:57:10.983716+00:00,600.0,3215.57,3215.56,3216.03,ETH
2026-01-06 02:55:01+00:00,2026-01-06 02:57:11.982689+00:00,601.0,3215.57,3215.56,3216.05,ETH
2026-01-06 02:55:03+00:00,2026-01-06 02:57:13.965797+00:00,603.0,3216.28,3216.17,3216.5,ETH
2026-01-06 02:55:04+00:00,2026-01-06 02:57:15.186756+00:00,604.0,3216.5,3216.27,3216.74,ETH
2026-01-06 02:55:05+00:00,2026-01-06 02:57:16.221990+00:00,605.0,3216.5,3216.37,3216.78,ETH
2026-01-06 02:55:06+00:00,2026-01-06 02:57:17.234560+00:00,606.0,3216.5,3216.38,3216.77,ETH
2026-01-06 02:55:07+00:00,2026-01-06 02:57:18.242559+00:00,607.0,3216.5,3216.38,3216.77,ETH
2026-01-06 02:55:08+00:00,2026-01-06 02:57:19.250866+00:00,608.0,3216.91,3216.77,3217.27,ETH
2026-01-06 02:55:09+00:00,2026-01-06 02:57:21.167087+00:00,609.0,3216.9,3216.86,3217.28,ETH
2026-01-06 02:55:10+00:00,2026-01-06 02:57:22.269311+00:00,610.0,3216.9,3216.86,3217.28,ETH
2026-01-06 02:55:11+00:00,2026-01-06 02:57:23.375974+00:00,611.0,3216.9,3216.89,3217.29,ETH
2026-01-06 02:55:12+00:00,2026-01-06 02:57:24.310002+00:00,612.0,3216.9,3216.89,3217.28,ETH
2026-01-06 02:55:13+00:00,2026-01-06 02:57:25.372613+00:00,613.0,3216.86,3216.77,3217.08,ETH
2026-01-06 02:55:15+00:00,2026-01-06 02:57:26.522517+00:00,615.0,3216.52,3216.36,3216.76,ETH
2026-01-06 02:55:16+00:00,2026-01-06 02:57:27.455513+00:00,616.0,3216.52,3216.36,3216.73,ETH
2026-01-06 02:55:17+00:00,2026-01-06 02:57:28.464040+00:00,617.0,3216.52,3216.36,3216.73,ETH
2026-01-06 02:55:18+00:00,2026-01-06 02:57:29.473761+00:00,618.0,3216.52,3216.47,3216.86,ETH
2026-01-06 02:55:19+00:00,2026-01-06 02:57:30.478954+00:00,619.0,3216.57,3216.52,3216.8,ETH
2026-01-06 02:55:20+00:00,2026-01-06 02:57:31.486620+00:00,620.0,3216.63,3216.52,3217.0,ETH
2026-01-06 02:55:21+00:00,2026-01-06 02:57:32.501246+00:00,621.0,3216.73,3216.6,3217.05,ETH
2026-01-06 02:55:22+00:00,2026-01-06 02:57:33.522454+00:00,622.0,3217.39,3217.26,3217.62,ETH
2026-01-06 02:55:23+00:00,2026-01-06 02:57:34.550979+00:00,623.0,3217.6,3217.44,3217.84,ETH
2026-01-06 02:55:24+00:00,2026-01-06 02:57:35.537737+00:00,624.0,3217.65,3217.48,3218.08,ETH
2026-01-06 02:55:25+00:00,2026-01-06 02:57:36.541496+00:00,625.0,3217.84,3217.57,3218.09,ETH
2026-01-06 02:55:26+00:00,2026-01-06 02:57:37.603115+00:00,626.0,3217.68,3217.59,3217.72,ETH
2026-01-06 02:55:27+00:00,2026-01-06 02:57:38.572982+00:00,627.0,3217.59,3217.34,3217.8,ETH
2026-01-06 02:55:28+00:00,2026-01-06 02:57:39.572146+00:00,628.0,3217.59,3217.4,3217.68,ETH
2026-01-06 02:55:29+00:00,2026-01-06 02:57:40.597860+00:00,629.0,3217.59,3217.42,3217.87,ETH
2026-01-06 02:55:30+00:00,2026-01-06 02:57:41.624919+00:00,630.0,3217.59,3217.4,3217.87,ETH
2026-01-06 02:55:31+00:00,2026-01-06 02:57:42.787589+00:00,631.0,3217.59,3217.48,3217.93,ETH
2026-01-06 02:55:32+00:00,2026-01-06 02:57:43.744590+00:00,632.0,3217.59,3217.49,3217.93,ETH
2026-01-06 02:55:33+00:00,2026-01-06 02:57:44.781192+00:00,633.0,3217.66,3217.52,3217.97,ETH
2026-01-06 02:55:34+00:00,2026-01-06 02:57:45.799709+00:00,634.0,3217.81,3217.67,3218.04,ETH
2026-01-06 02:55:35+00:00,2026-01-06 02:57:46.798398+00:00,635.0,3217.9,3217.79,3218.06,ETH
2026-01-06 02:55:36+00:00,2026-01-06 02:57:47.806547+00:00,636.0,3217.98,3217.87,3218.24,ETH
2026-01-06 02:55:37+00:00,2026-01-06 02:57:48.818664+00:00,637.0,3217.99,3217.92,3218.3,ETH
2026-01-06 02:55:38+00:00,2026-01-06 02:57:49.835426+00:00,638.0,3217.99,3217.94,3218.3,ETH
2026-01-06 02:55:39+00:00,2026-01-06 02:57:50.880973+00:00,639.0,3217.99,3217.94,3218.35,ETH
2026-01-06 02:55:40+00:00,2026-01-06 02:57:51.863009+00:00,640.0,3218.33,3218.08,3218.58,ETH
2026-01-06 02:55:41+00:00,2026-01-06 02:57:52.924808+00:00,641.0,3218.38,3218.33,3218.77,ETH
2026-01-06 02:55:42+00:00,2026-01-06 02:57:53.899726+00:00,642.0,3218.58,3218.42,3218.75,ETH
2026-01-06 02:55:43+00:00,2026-01-06 02:57:54.950246+00:00,643.0,3218.58,3218.42,3218.78,ETH
2026-01-06 02:55:44+00:00,2026-01-06 02:57:55.936035+00:00,644.0,3218.58,3218.42,3218.75,ETH
2026-01-06 02:55:45+00:00,2026-01-06 02:57:56.935171+00:00,645.0,3218.58,3218.42,3218.7,ETH
2026-01-06 02:55:46+00:00,2026-01-06 02:57:57.912277+00:00,646.0,3218.54,3218.4,3218.74,ETH
2026-01-06 02:55:47+00:00,2026-01-06 02:57:58.950400+00:00,647.0,3218.68,3218.48,3218.84,ETH
2026-01-06 02:55:48+00:00,2026-01-06 02:57:59.956554+00:00,648.0,3218.63,3218.51,3218.83,ETH
2026-01-06 02:55:49+00:00,2026-01-06 02:58:00.967524+00:00,649.0,3218.56,3218.37,3218.71,ETH
2026-01-06 02:55:50+00:00,2026-01-06 02:58:01.966159+00:00,650.0,3218.22,3218.0,3218.53,ETH
2026-01-06 02:55:51+00:00,2026-01-06 02:58:03.063453+00:00,651.0,3218.01,3218.0,3218.43,ETH
2026-01-06 02:55:52+00:00,2026-01-06 02:58:05.938107+00:00,652.0,3218.01,3218.0,3218.09,ETH
2026-01-06 02:55:54+00:00,2026-01-06 02:58:06.036484+00:00,654.0,3218.1,3218.06,3218.38,ETH
2026-01-06 02:55:55+00:00,2026-01-06 02:58:07.068720+00:00,655.0,3218.1,3218.06,3218.4,ETH
2026-01-06 02:55:56+00:00,2026-01-06 02:58:08.156314+00:00,656.0,3218.1,3218.03,3218.4,ETH
2026-01-06 02:55:58+00:00,2026-01-06 02:58:10.106509+00:00,658.0,3218.27,3218.05,3218.52,ETH
2026-01-06 02:55:59+00:00,2026-01-06 02:58:13.186944+00:00,659.0,3218.27,3218.05,3218.53,ETH
2026-01-06 02:56:01+00:00,2026-01-06 02:58:13.222655+00:00,661.0,3217.94,3217.79,3218.2,ETH
2026-01-06 02:56:02+00:00,2026-01-06 02:58:14.232390+00:00,662.0,3218.25,3218.11,3218.49,ETH
2026-01-06 02:56:03+00:00,2026-01-06 02:58:15.274936+00:00,663.0,3218.25,3218.11,3218.49,ETH
2026-01-06 02:56:04+00:00,2026-01-06 02:58:16.249352+00:00,664.0,3218.25,3218.09,3218.49,ETH
2026-01-06 02:56:05+00:00,2026-01-06 02:58:17.370347+00:00,665.0,3218.43,3218.34,3218.71,ETH
2026-01-06 02:56:07+00:00,2026-01-06 02:58:19.372589+00:00,667.0,3218.43,3218.43,3218.8,ETH
2026-01-06 02:56:08+00:00,2026-01-06 02:58:20.604239+00:00,668.0,3218.51,3218.44,3218.93,ETH
2026-01-06 02:56:10+00:00,2026-01-06 02:58:22.488106+00:00,670.0,3218.46,3218.37,3218.89,ETH
2026-01-06 02:56:11+00:00,2026-01-06 02:58:23.550415+00:00,671.0,3218.4,3218.37,3218.77,ETH
2026-01-06 02:56:12+00:00,2026-01-06 02:58:24.574711+00:00,672.0,3218.4,3218.37,3218.77,ETH
2026-01-06 02:56:13+00:00,2026-01-06 02:58:25.540951+00:00,673.0,3218.32,3218.27,3218.59,ETH
2026-01-06 02:56:14+00:00,2026-01-06 02:58:26.571181+00:00,674.0,3218.16,3218.09,3218.33,ETH
2026-01-06 02:56:15+00:00,2026-01-06 02:58:27.556898+00:00,675.0,3217.95,3217.91,3218.23,ETH
2026-01-06 02:56:16+00:00,2026-01-06 02:58:28.574500+00:00,676.0,3217.7,3217.55,3218.03,ETH
2026-01-06 02:56:17+00:00,2026-01-06 02:58:29.716180+00:00,677.0,3217.42,3217.28,3217.76,ETH
2026-01-06 02:56:18+00:00,2026-01-06 02:58:30.639595+00:00,678.0,3217.27,3217.27,3217.7,ETH
2026-01-06 02:56:19+00:00,2026-01-06 02:58:31.636283+00:00,679.0,3217.27,3217.27,3217.74,ETH
2026-01-06 02:56:20+00:00,2026-01-06 02:58:32.658113+00:00,680.0,3217.27,3217.27,3217.76,ETH
2026-01-06 02:56:22+00:00,2026-01-06 02:58:34.671015+00:00,682.0,3217.27,3217.27,3217.75,ETH
2026-01-06 02:56:23+00:00,2026-01-06 02:58:34.920893+00:00,683.0,3217.27,3217.27,3217.74,ETH
2026-01-06 02:56:24+00:00,2026-01-06 02:58:37.542044+00:00,684.0,3217.2,3217.18,3217.61,ETH
2026-01-06 02:56:25+00:00,2026-01-06 02:58:38.720320+00:00,685.0,3217.12,3217.1,3217.49,ETH
2026-01-06 02:56:26+00:00,2026-01-06 02:58:39.695341+00:00,686.0,3217.09,3217.05,3217.48,ETH
2026-01-06 02:56:27+00:00,2026-01-06 02:58:40.561823+00:00,687.0,3217.05,3217.01,3217.46,ETH
2026-01-06 02:56:28+00:00,2026-01-06 02:58:41.780556+00:00,688.0,3217.05,3217.0,3217.44,ETH
2026-01-06 02:56:29+00:00,2026-01-06 02:58:42.890612+00:00,689.0,3217.04,3217.0,3217.44,ETH
2026-01-06 02:56:30+00:00,2026-01-06 02:58:43.573477+00:00,690.0,3217.02,3216.99,3217.29,ETH
2026-01-06 02:56:32+00:00,2026-01-06 02:58:44.612374+00:00,692.0,3216.99,3216.86,3217.18,ETH
2026-01-06 02:56:33+00:00,2026-01-06 02:58:45.588807+00:00,693.0,3216.99,3216.82,3217.21,ETH
2026-01-06 02:56:34+00:00,2026-01-06 02:58:46.865932+00:00,694.0,3216.99,3216.81,3217.23,ETH
2026-01-06 02:56:35+00:00,2026-01-06 02:58:47.820744+00:00,695.0,3216.99,3216.81,3217.24,ETH
2026-01-06 02:56:36+00:00,2026-01-06 02:58:48.838187+00:00,696.0,3216.99,3216.81,3217.24,ETH
2026-01-06 02:56:37+00:00,2026-01-06 02:58:49.871162+00:00,697.0,3216.99,3216.81,3217.24,ETH
2026-01-06 02:56:38+00:00,2026-01-06 02:58:50.891048+00:00,698.0,3216.99,3216.81,3217.23,ETH
2026-01-06 02:56:39+00:00,2026-01-06 02:58:51.894689+00:00,699.0,3216.91,3216.79,3217.23,ETH
2026-01-06 02:56:40+00:00,2026-01-06 02:58:52.960987+00:00,700.0,3216.79,3216.75,3217.02,ETH
2026-01-06 02:56:41+00:00,2026-01-06 02:58:53.984214+00:00,701.0,3216.62,3216.51,3216.77,ETH
2026-01-06 02:56:42+00:00,2026-01-06 02:58:55.689090+00:00,702.0,3216.48,3216.28,3216.66,ETH
2026-01-06 02:56:43+00:00,2026-01-06 02:58:56.011884+00:00,703.0,3216.3,3216.18,3216.52,ETH
2026-01-06 02:56:44+00:00,2026-01-06 02:58:57.011292+00:00,704.0,3216.04,3216.02,3216.43,ETH
2026-01-06 02:56:45+00:00,2026-01-06 02:58:58.050163+00:00,705.0,3215.97,3215.88,3216.33,ETH
2026-01-06 02:56:46+00:00,2026-01-06 02:58:59.032274+00:00,706.0,3215.97,3215.82,3216.25,ETH
2026-01-06 02:56:47+00:00,2026-01-06 02:59:00.037023+00:00,707.0,3215.74,3215.74,3216.15,ETH
2026-01-06 02:56:49+00:00,2026-01-06 02:59:02.328513+00:00,709.0,3215.71,3215.7,3216.19,ETH
2026-01-06 02:56:50+00:00,2026-01-06 02:59:03.373721+00:00,710.0,3215.84,3215.73,3216.24,ETH
2026-01-06 02:56:51+00:00,2026-01-06 02:59:04.364832+00:00,711.0,3215.97,3215.79,3216.26,ETH
2026-01-06 02:56:52+00:00,2026-01-06 02:59:05.392939+00:00,712.0,3215.97,3215.86,3216.3,ETH
2026-01-06 02:56:54+00:00,2026-01-06 02:59:07.581851+00:00,714.0,3215.97,3215.93,3216.34,ETH
2026-01-06 02:56:55+00:00,2026-01-06 02:59:08.633462+00:00,715.0,3215.98,3215.93,3216.28,ETH
2026-01-06 02:56:56+00:00,2026-01-06 02:59:09.605958+00:00,716.0,3215.99,3215.93,3216.29,ETH
2026-01-06 02:56:57+00:00,2026-01-06 02:59:10.622690+00:00,717.0,3216.0,3215.93,3216.37,ETH
2026-01-06 02:56:59+00:00,2026-01-06 02:59:12.671446+00:00,719.0,3215.99,3215.93,3216.37,ETH
2026-01-06 02:57:00+00:00,2026-01-06 02:59:13.011215+00:00,720.0,3216.01,3215.93,3216.37,ETH
2026-01-06 02:57:01+00:00,2026-01-06 02:59:14.002960+00:00,721.0,3216.01,3215.93,3216.37,ETH
2026-01-06 02:57:02+00:00,2026-01-06 02:59:14.989477+00:00,722.0,3217.14,3216.99,3217.18,ETH
2026-01-06 02:57:03+00:00,2026-01-06 02:59:16.030931+00:00,723.0,3217.21,3217.12,3217.51,ETH
2026-01-06 02:57:04+00:00,2026-01-06 02:59:17.064077+00:00,724.0,3217.48,3217.23,3217.79,ETH
2026-01-06 02:57:05+00:00,2026-01-06 02:59:18.117282+00:00,725.0,3217.48,3217.38,3217.78,ETH
2026-01-06 02:57:06+00:00,2026-01-06 02:59:19.098056+00:00,726.0,3217.72,3217.48,3217.95,ETH
2026-01-06 02:57:07+00:00,2026-01-06 02:59:20.919281+00:00,727.0,3217.9,3217.81,3218.24,ETH
2026-01-06 02:57:08+00:00,2026-01-06 02:59:21.125344+00:00,728.0,3218.04,3217.86,3218.31,ETH
2026-01-06 02:57:09+00:00,2026-01-06 02:59:22.989104+00:00,729.0,3218.04,3217.91,3218.31,ETH
2026-01-06 02:57:10+00:00,2026-01-06 02:59:24.199318+00:00,730.0,3218.26,3218.12,3218.52,ETH
2026-01-06 02:57:11+00:00,2026-01-06 02:59:25.274107+00:00,731.0,3218.35,3218.2,3218.59,ETH
2026-01-06 02:57:12+00:00,2026-01-06 02:59:26.195018+00:00,732.0,3218.44,3218.29,3218.66,ETH
2026-01-06 02:57:13+00:00,2026-01-06 02:59:27.184845+00:00,733.0,3218.44,3218.33,3218.67,ETH
2026-01-06 02:57:14+00:00,2026-01-06 02:59:28.197397+00:00,734.0,3218.44,3218.38,3218.69,ETH
2026-01-06 02:57:15+00:00,2026-01-06 02:59:29.265588+00:00,735.0,3218.47,3218.39,3218.76,ETH
2026-01-06 02:57:17+00:00,2026-01-06 02:59:30.372136+00:00,737.0,3218.6,3218.46,3218.83,ETH
2026-01-06 02:57:18+00:00,2026-01-06 02:59:31.335915+00:00,738.0,3218.6,3218.53,3218.83,ETH
2026-01-06 02:57:19+00:00,2026-01-06 02:59:32.403608+00:00,739.0,3218.6,3218.54,3218.83,ETH
2026-01-06 02:57:20+00:00,2026-01-06 02:59:33.427457+00:00,740.0,3218.6,3218.54,3218.83,ETH
2026-01-06 02:57:21+00:00,2026-01-06 02:59:34.436477+00:00,741.0,3218.6,3218.54,3218.83,ETH
2026-01-06 02:57:22+00:00,2026-01-06 02:59:35.454586+00:00,742.0,3218.64,3218.57,3218.87,ETH
2026-01-06 02:57:23+00:00,2026-01-06 02:59:37.114216+00:00,743.0,3218.64,3218.57,3218.87,ETH
2026-01-06 02:57:24+00:00,2026-01-06 02:59:38.121110+00:00,744.0,3218.64,3218.58,3218.87,ETH
2026-01-06 02:57:25+00:00,2026-01-06 02:59:39.052038+00:00,745.0,3218.68,3218.58,3218.9,ETH
2026-01-06 02:57:26+00:00,2026-01-06 02:59:40.182562+00:00,746.0,3218.68,3218.58,3218.9,ETH
2026-01-06 02:57:27+00:00,2026-01-06 02:59:41.263161+00:00,747.0,3218.68,3218.6,3218.92,ETH
2026-01-06 02:57:28+00:00,2026-01-06 02:59:42.198385+00:00,748.0,3218.69,3218.57,3218.89,ETH
2026-01-06 02:57:29+00:00,2026-01-06 02:59:43.187211+00:00,749.0,3218.67,3218.54,3218.86,ETH
2026-01-06 02:57:31+00:00,2026-01-06 02:59:44.401386+00:00,751.0,3218.66,3218.54,3218.86,ETH
2026-01-06 02:57:32+00:00,2026-01-06 02:59:45.414529+00:00,752.0,3218.65,3218.48,3218.86,ETH
2026-01-06 02:57:33+00:00,2026-01-06 02:59:47.164920+00:00,753.0,3218.64,3218.48,3218.88,ETH
2026-01-06 02:57:34+00:00,2026-01-06 02:59:48.168016+00:00,754.0,3218.64,3218.48,3218.85,ETH
2026-01-06 02:57:35+00:00,2026-01-06 02:59:50.169433+00:00,755.0,3218.64,3218.52,3218.84,ETH
2026-01-06 02:57:36+00:00,2026-01-06 02:59:51.155870+00:00,756.0,3218.62,3218.48,3218.87,ETH
2026-01-06 02:57:37+00:00,2026-01-06 02:59:52.134745+00:00,757.0,3218.58,3218.44,3218.9,ETH
2026-01-06 02:57:38+00:00,2026-01-06 02:59:53.379510+00:00,758.0,3218.54,3218.44,3218.9,ETH
2026-01-06 02:57:39+00:00,2026-01-06 02:59:54.282090+00:00,759.0,3218.53,3218.44,3218.91,ETH
2026-01-06 02:57:40+00:00,2026-01-06 02:59:55.151804+00:00,760.0,3218.53,3218.45,3218.91,ETH
2026-01-06 02:57:41+00:00,2026-01-06 02:59:56.250250+00:00,761.0,3218.53,3218.46,3218.91,ETH
2026-01-06 02:57:42+00:00,2026-01-06 02:59:56.569514+00:00,762.0,3218.53,3218.47,3218.81,ETH
2026-01-06 02:57:44+00:00,2026-01-06 02:59:58.217348+00:00,764.0,3218.53,3218.48,3218.91,ETH
2026-01-06 02:57:45+00:00,2026-01-06 02:59:59.193904+00:00,765.0,3218.53,3218.48,3218.72,ETH
2026-01-06 02:57:46+00:00,2026-01-06 03:00:00.244901+00:00,766.0,3218.51,3218.48,3218.72,ETH
2026-01-06 02:57:47+00:00,2026-01-06 03:00:01.411284+00:00,767.0,3218.53,3218.5,3218.91,ETH
2026-01-06 02:57:48+00:00,2026-01-06 03:00:01.680887+00:00,768.0,3218.54,3218.5,3218.91,ETH
2026-01-06 02:57:49+00:00,2026-01-06 03:00:02.702053+00:00,769.0,3218.54,3218.51,3218.91,ETH
2026-01-06 02:57:50+00:00,2026-01-06 03:00:03.700142+00:00,770.0,3218.54,3218.51,3218.91,ETH
2026-01-06 02:57:51+00:00,2026-01-06 03:00:04.718258+00:00,771.0,3218.54,3218.51,3218.91,ETH
2026-01-06 02:57:52+00:00,2026-01-06 03:00:06.536820+00:00,772.0,3218.45,3218.41,3218.78,ETH
2026-01-06 02:57:56+00:00,2026-01-06 03:00:10.529859+00:00,776.0,3218.55,3218.43,3218.87,ETH
2026-01-06 02:57:57+00:00,2026-01-06 03:00:11.487130+00:00,777.0,3218.55,3218.43,3218.83,ETH
2026-01-06 02:57:58+00:00,2026-01-06 03:00:12.494510+00:00,778.0,3218.55,3218.46,3218.7,ETH
2026-01-06 02:57:59+00:00,2026-01-06 03:00:13.529051+00:00,779.0,3218.55,3218.46,3218.65,ETH
2026-01-06 02:58:00+00:00,2026-01-06 03:00:14.548582+00:00,780.0,3218.48,3218.38,3218.7,ETH
2026-01-06 02:58:01+00:00,2026-01-06 03:00:15.546523+00:00,781.0,3218.37,3218.25,3218.63,ETH
2026-01-06 02:58:02+00:00,2026-01-06 03:00:16.568174+00:00,782.0,3218.22,3218.06,3218.46,ETH
2026-01-06 02:58:04+00:00,2026-01-06 03:00:18.527787+00:00,784.0,3218.1,3217.93,3218.35,ETH
2026-01-06 02:58:05+00:00,2026-01-06 03:00:18.764192+00:00,785.0,3218.1,3217.92,3218.36,ETH
2026-01-06 02:58:06+00:00,2026-01-06 03:00:20.422987+00:00,786.0,3218.1,3217.92,3218.38,ETH
2026-01-06 02:58:07+00:00,2026-01-06 03:00:21.499741+00:00,787.0,3218.0,3217.92,3218.36,ETH
2026-01-06 02:58:08+00:00,2026-01-06 03:00:22.479837+00:00,788.0,3217.9,3217.89,3218.31,ETH
2026-01-06 02:58:09+00:00,2026-01-06 03:00:23.541565+00:00,789.0,3217.8,3217.69,3217.99,ETH
2026-01-06 02:58:10+00:00,2026-01-06 03:00:24.478168+00:00,790.0,3217.8,3217.69,3217.95,ETH
2026-01-06 02:58:11+00:00,2026-01-06 03:00:25.484433+00:00,791.0,3217.8,3217.7,3217.93,ETH
2026-01-06 02:58:12+00:00,2026-01-06 03:00:26.449564+00:00,792.0,3217.8,3217.7,3217.94,ETH
2026-01-06 02:58:13+00:00,2026-01-06 03:00:27.448458+00:00,793.0,3217.8,3217.69,3217.93,ETH
2026-01-06 02:58:14+00:00,2026-01-06 03:00:28.427840+00:00,794.0,3217.8,3217.66,3217.97,ETH
2026-01-06 02:58:15+00:00,2026-01-06 03:00:29.514673+00:00,795.0,3217.8,3217.66,3217.93,ETH
2026-01-06 02:58:16+00:00,2026-01-06 03:00:30.567654+00:00,796.0,3217.63,3217.63,3217.82,ETH
2026-01-06 02:58:17+00:00,2026-01-06 03:00:31.579570+00:00,797.0,3217.6,3217.57,3217.83,ETH
2026-01-06 02:58:18+00:00,2026-01-06 03:00:32.490145+00:00,798.0,3217.6,3217.57,3217.82,ETH
2026-01-06 02:58:19+00:00,2026-01-06 03:00:33.485835+00:00,799.0,3217.56,3217.48,3217.64,ETH
2026-01-06 02:58:20+00:00,2026-01-06 03:00:34.601257+00:00,800.0,3217.56,3217.47,3217.78,ETH
2026-01-06 02:58:21+00:00,2026-01-06 03:00:35.543393+00:00,801.0,3217.53,3217.46,3217.72,ETH
2026-01-06 02:58:22+00:00,2026-01-06 03:00:36.509642+00:00,802.0,3217.53,3217.46,3217.72,ETH
2026-01-06 02:58:23+00:00,2026-01-06 03:00:37.545425+00:00,803.0,3217.52,3217.46,3217.73,ETH
2026-01-06 02:58:24+00:00,2026-01-06 03:00:38.627411+00:00,804.0,3217.53,3217.46,3217.72,ETH
2026-01-06 02:58:25+00:00,2026-01-06 03:00:39.569386+00:00,805.0,3217.51,3217.46,3217.72,ETH
2026-01-06 02:58:26+00:00,2026-01-06 03:00:40.585546+00:00,806.0,3217.49,3217.46,3217.69,ETH
2026-01-06 02:58:27+00:00,2026-01-06 03:00:41.675182+00:00,807.0,3217.48,3217.4,3217.64,ETH
2026-01-06 02:58:28+00:00,2026-01-06 03:00:42.831919+00:00,808.0,3217.43,3217.32,3217.63,ETH
2026-01-06 02:58:29+00:00,2026-01-06 03:00:43.848811+00:00,809.0,3217.39,3217.3,3217.64,ETH
2026-01-06 02:58:30+00:00,2026-01-06 03:00:44.830197+00:00,810.0,3217.39,3217.3,3217.64,ETH
2026-01-06 02:58:31+00:00,2026-01-06 03:00:45.860828+00:00,811.0,3217.38,3217.3,3217.62,ETH
2026-01-06 02:58:32+00:00,2026-01-06 03:00:46.829969+00:00,812.0,3217.38,3217.3,3217.6,ETH
2026-01-06 02:58:33+00:00,2026-01-06 03:00:47.828493+00:00,813.0,3217.38,3217.3,3217.62,ETH
2026-01-06 02:58:34+00:00,2026-01-06 03:00:48.842808+00:00,814.0,3217.2,3217.15,3217.41,ETH
2026-01-06 02:58:35+00:00,2026-01-06 03:00:49.834687+00:00,815.0,3216.94,3216.91,3217.21,ETH
2026-01-06 02:58:37+00:00,2026-01-06 03:00:50.963935+00:00,817.0,3216.85,3216.84,3217.33,ETH
2026-01-06 02:58:38+00:00,2026-01-06 03:00:51.943478+00:00,818.0,3216.85,3216.84,3217.21,ETH
2026-01-06 02:58:39+00:00,2026-01-06 03:00:52.953243+00:00,819.0,3216.77,3216.76,3217.13,ETH
2026-01-06 02:58:40+00:00,2026-01-06 03:00:53.914926+00:00,820.0,3216.75,3216.66,3216.93,ETH
2026-01-06 02:58:41+00:00,2026-01-06 03:00:54.926187+00:00,821.0,3216.75,3216.66,3216.92,ETH
2026-01-06 02:58:42+00:00,2026-01-06 03:00:55.942806+00:00,822.0,3216.75,3216.66,3217.01,ETH
2026-01-06 02:58:43+00:00,2026-01-06 03:00:56.968929+00:00,823.0,3216.75,3216.66,3217.01,ETH
2026-01-06 02:58:44+00:00,2026-01-06 03:00:57.998213+00:00,824.0,3216.76,3216.68,3217.01,ETH
2026-01-06 02:58:45+00:00,2026-01-06 03:00:58.993010+00:00,825.0,3216.76,3216.68,3216.93,ETH
2026-01-06 02:58:46+00:00,2026-01-06 03:01:00.033400+00:00,826.0,3216.75,3216.69,3217.02,ETH
2026-01-06 02:58:47+00:00,2026-01-06 03:01:01.031403+00:00,827.0,3216.69,3216.67,3216.76,ETH
2026-01-06 02:58:48+00:00,2026-01-06 03:01:03.078993+00:00,828.0,3216.75,3216.73,3217.13,ETH
2026-01-06 02:58:49+00:00,2026-01-06 03:01:04.086227+00:00,829.0,3216.83,3216.75,3217.14,ETH
2026-01-06 02:58:50+00:00,2026-01-06 03:01:06.145347+00:00,830.0,3216.9,3216.79,3217.09,ETH
2026-01-06 02:58:52+00:00,2026-01-06 03:01:06.795130+00:00,832.0,3216.89,3216.79,3217.16,ETH
2026-01-06 02:58:53+00:00,2026-01-06 03:01:07.808706+00:00,833.0,3216.89,3216.79,3217.16,ETH
2026-01-06 02:58:54+00:00,2026-01-06 03:01:08.882706+00:00,834.0,3216.89,3216.8,3217.17,ETH
2026-01-06 02:58:55+00:00,2026-01-06 03:01:09.936835+00:00,835.0,3216.89,3216.8,3217.17,ETH
2026-01-06 02:58:56+00:00,2026-01-06 03:01:11.048659+00:00,836.0,3216.89,3216.8,3217.17,ETH
2026-01-06 02:58:57+00:00,2026-01-06 03:01:12.051919+00:00,837.0,3216.89,3216.8,3217.17,ETH
2026-01-06 02:58:58+00:00,2026-01-06 03:01:13.063370+00:00,838.0,3216.88,3216.79,3217.17,ETH
2026-01-06 02:58:59+00:00,2026-01-06 03:01:14.048077+00:00,839.0,3216.88,3216.8,3217.17,ETH
2026-01-06 02:59:00+00:00,2026-01-06 03:01:15.062816+00:00,840.0,3216.89,3216.81,3217.17,ETH
2026-01-06 02:59:01+00:00,2026-01-06 03:01:16.110447+00:00,841.0,3216.89,3216.81,3217.21,ETH
2026-01-06 02:59:03+00:00,2026-01-06 03:01:17.977802+00:00,843.0,3216.86,3216.77,3217.21,ETH
2026-01-06 02:59:04+00:00,2026-01-06 03:01:19.131113+00:00,844.0,3216.89,3216.78,3217.17,ETH
2026-01-06 02:59:05+00:00,2026-01-06 03:01:20.098770+00:00,845.0,3216.89,3216.85,3217.22,ETH
2026-01-06 02:59:06+00:00,2026-01-06 03:01:20.984762+00:00,846.0,3216.96,3216.85,3217.22,ETH
2026-01-06 02:59:07+00:00,2026-01-06 03:01:21.992876+00:00,847.0,3216.96,3216.87,3217.27,ETH
2026-01-06 02:59:08+00:00,2026-01-06 03:01:23.011203+00:00,848.0,3216.95,3216.87,3217.27,ETH
2026-01-06 02:59:09+00:00,2026-01-06 03:01:24.062828+00:00,849.0,3216.89,3216.82,3217.26,ETH
2026-01-06 02:59:10+00:00,2026-01-06 03:01:25.095096+00:00,850.0,3216.62,3216.61,3216.94,ETH
2026-01-06 02:59:11+00:00,2026-01-06 03:01:26.151339+00:00,851.0,3216.4,3216.4,3216.63,ETH
2026-01-06 02:59:12+00:00,2026-01-06 03:01:27.193856+00:00,852.0,3216.17,3216.12,3216.63,ETH
2026-01-06 02:59:13+00:00,2026-01-06 03:01:28.121395+00:00,853.0,3216.15,3216.14,3216.63,ETH
2026-01-06 02:59:14+00:00,2026-01-06 03:01:29.115514+00:00,854.0,3216.15,3216.14,3216.63,ETH
2026-01-06 02:59:15+00:00,2026-01-06 03:01:30.129508+00:00,855.0,3216.15,3216.12,3216.59,ETH
2026-01-06 02:59:16+00:00,2026-01-06 03:01:31.149602+00:00,856.0,3216.15,3216.12,3216.61,ETH
2026-01-06 02:59:17+00:00,2026-01-06 03:01:32.149869+00:00,857.0,3216.15,3216.12,3216.34,ETH
2026-01-06 02:59:18+00:00,2026-01-06 03:01:33.148591+00:00,858.0,3216.15,3216.12,3216.6,ETH
2026-01-06 02:59:19+00:00,2026-01-06 03:01:34.179437+00:00,859.0,3216.15,3216.12,3216.59,ETH
2026-01-06 02:59:20+00:00,2026-01-06 03:01:35.401026+00:00,860.0,3216.15,3216.12,3216.59,ETH
2026-01-06 02:59:21+00:00,2026-01-06 03:01:36.432214+00:00,861.0,3216.15,3216.12,3216.57,ETH
2026-01-06 02:59:22+00:00,2026-01-06 03:01:37.419142+00:00,862.0,3216.15,3216.13,3216.51,ETH
2026-01-06 02:59:23+00:00,2026-01-06 03:01:38.425105+00:00,863.0,3216.12,3216.11,3216.47,ETH
2026-01-06 02:59:24+00:00,2026-01-06 03:01:39.443643+00:00,864.0,3216.09,3216.08,3216.5,ETH
2026-01-06 02:59:25+00:00,2026-01-06 03:01:40.458240+00:00,865.0,3216.09,3216.08,3216.52,ETH
2026-01-06 02:59:26+00:00,2026-01-06 03:01:41.433731+00:00,866.0,3216.09,3216.08,3216.54,ETH
2026-01-06 02:59:27+00:00,2026-01-06 03:01:42.459949+00:00,867.0,3216.09,3216.08,3216.55,ETH
2026-01-06 02:59:28+00:00,2026-01-06 03:01:43.450887+00:00,868.0,3216.09,3216.08,3216.55,ETH
2026-01-06 02:59:29+00:00,2026-01-06 03:01:44.463764+00:00,869.0,3216.09,3216.08,3216.56,ETH
2026-01-06 02:59:30+00:00,2026-01-06 03:01:45.467544+00:00,870.0,3216.1,3216.09,3216.55,ETH
2026-01-06 02:59:31+00:00,2026-01-06 03:01:46.494146+00:00,871.0,3216.11,3216.1,3216.51,ETH
2026-01-06 02:59:32+00:00,2026-01-06 03:01:47.536010+00:00,872.0,3216.1,3216.1,3216.49,ETH
2026-01-06 02:59:33+00:00,2026-01-06 03:01:48.517596+00:00,873.0,3216.09,3216.08,3216.46,ETH
2026-01-06 02:59:34+00:00,2026-01-06 03:01:49.510381+00:00,874.0,3216.09,3216.08,3216.42,ETH
2026-01-06 02:59:35+00:00,2026-01-06 03:01:50.521689+00:00,875.0,3216.08,3216.07,3216.42,ETH
2026-01-06 02:59:36+00:00,2026-01-06 03:01:51.582013+00:00,876.0,3216.07,3216.07,3216.42,ETH
2026-01-06 02:59:37+00:00,2026-01-06 03:01:52.532431+00:00,877.0,3216.06,3216.06,3216.43,ETH
2026-01-06 02:59:38+00:00,2026-01-06 03:01:53.576181+00:00,878.0,3216.05,3216.05,3216.43,ETH
2026-01-06 02:59:39+00:00,2026-01-06 03:01:54.575035+00:00,879.0,3216.05,3216.05,3216.47,ETH
2026-01-06 02:59:40+00:00,2026-01-06 03:01:55.630364+00:00,880.0,3216.05,3216.05,3216.47,ETH
2026-01-06 02:59:41+00:00,2026-01-06 03:01:57.264303+00:00,881.0,3216.05,3216.05,3216.46,ETH
2026-01-06 02:59:42+00:00,2026-01-06 03:01:58.324123+00:00,882.0,3216.05,3216.05,3216.49,ETH
2026-01-06 02:59:44+00:00,2026-01-06 03:01:59.356585+00:00,884.0,3216.05,3216.05,3216.48,ETH
2026-01-06 02:59:45+00:00,2026-01-06 03:02:00.530215+00:00,885.0,3216.05,3216.05,3216.44,ETH
2026-01-06 02:59:46+00:00,2026-01-06 03:02:01.506929+00:00,886.0,3215.96,3215.96,3216.36,ETH
2026-01-06 02:59:47+00:00,2026-01-06 03:02:02.494410+00:00,887.0,3215.94,3215.94,3216.1,ETH
2026-01-06 02:59:48+00:00,2026-01-06 03:02:03.478318+00:00,888.0,3215.91,3215.9,3216.34,ETH
2026-01-06 02:59:49+00:00,2026-01-06 03:02:04.480815+00:00,889.0,3215.91,3215.9,3216.32,ETH
2026-01-06 02:59:50+00:00,2026-01-06 03:02:05.484083+00:00,890.0,3215.91,3215.9,3216.07,ETH
2026-01-06 02:59:51+00:00,2026-01-06 03:02:06.492966+00:00,891.0,3215.91,3215.9,3216.34,ETH
2026-01-06 02:59:52+00:00,2026-01-06 03:02:07.508964+00:00,892.0,3215.91,3215.9,3216.32,ETH
2026-01-06 02:59:53+00:00,2026-01-06 03:02:08.499845+00:00,893.0,3215.91,3215.9,3216.32,ETH
2026-01-06 02:59:54+00:00,2026-01-06 03:02:09.572926+00:00,894.0,3215.91,3215.9,3216.3,ETH
2026-01-06 02:59:55+00:00,2026-01-06 03:02:10.557627+00:00,895.0,3215.91,3215.9,3216.24,ETH
2026-01-06 02:59:56+00:00,2026-01-06 03:02:11.558861+00:00,896.0,3215.85,3215.85,3216.22,ETH
2026-01-06 02:59:57+00:00,2026-01-06 03:02:12.563920+00:00,897.0,3215.85,3215.85,3216.24,ETH
2026-01-06 02:59:58+00:00,2026-01-06 03:02:13.589772+00:00,898.0,3215.91,3215.9,3216.26,ETH
2026-01-06 02:59:59+00:00,2026-01-06 03:02:14.563658+00:00,899.0,3215.91,3215.87,3215.94,ETH
