timestamp,collected_at,seconds,up_mid,up_best_bid,up_best_ask,down_mid,down_best_bid,down_best_ask,up_best_bid_size,up_best_ask_size,down_best_bid_size,down_best_ask_size
2026-01-06 02:46:36.823000+00:00,2026-01-06 02:46:35.840582+00:00,96.823,0.535,0.53,0.54,0.4649999999999999,0.46,0.47,,,,
2026-01-06 02:46:37.477000+00:00,2026-01-06 02:46:37.693719+00:00,97.477,0.535,0.53,0.54,0.4649999999999999,0.46,0.47,,,,
2026-01-06 02:46:38.817000+00:00,2026-01-06 02:46:38.883701+00:00,98.817,0.53,0.52,0.54,0.47,0.46,0.48,,,,
2026-01-06 02:46:39.864000+00:00,2026-01-06 02:46:39.885998+00:00,99.864,0.535,0.53,0.54,0.4649999999999999,0.46,0.47,,,,
2026-01-06 02:46:40.329000+00:00,2026-01-06 02:46:40.894692+00:00,100.329,0.535,0.53,0.54,0.4649999999999999,0.46,0.47,,,,
2026-01-06 02:46:41.907000+00:00,2026-01-06 02:46:41.905657+00:00,101.907,0.53,0.52,0.54,0.475,0.47,0.48,,,,
2026-01-06 02:46:42.861000+00:00,2026-01-06 02:46:42.912277+00:00,102.861,0.525,0.52,0.53,0.475,0.47,0.48,,,,
2026-01-06 02:46:43.608000+00:00,2026-01-06 02:46:43.928512+00:00,103.608,0.525,0.52,0.53,0.475,0.47,0.48,,,,
2026-01-06 02:46:44.920000+00:00,2026-01-06 02:46:44.929142+00:00,104.92,0.525,0.52,0.53,0.475,0.47,0.48,,,,
2026-01-06 02:46:45.791000+00:00,2026-01-06 02:46:45.933201+00:00,105.791,0.525,0.52,0.53,0.475,0.47,0.48,,,,
2026-01-06 02:46:46.934000+00:00,2026-01-06 02:46:46.945565+00:00,106.934,0.525,0.52,0.53,0.475,0.47,0.48,,,,
2026-01-06 02:46:47.856000+00:00,2026-01-06 02:46:47.945727+00:00,107.856,0.53,0.52,0.54,0.47,0.46,0.48,,,,
2026-01-06 02:46:48.953000+00:00,2026-01-06 02:46:48.955545+00:00,108.953,0.53,0.52,0.54,0.47,0.46,0.48,,,,
2026-01-06 02:46:49.910000+00:00,2026-01-06 02:46:49.964239+00:00,109.91,0.53,0.52,0.54,0.47,0.46,0.48,,,,
2026-01-06 02:46:50.832000+00:00,2026-01-06 02:46:50.961790+00:00,110.832,0.53,0.52,0.54,0.47,0.46,0.48,,,,
2026-01-06 02:46:51.873000+00:00,2026-01-06 02:46:51.967685+00:00,111.873,0.53,0.52,0.54,0.47,0.46,0.48,,,,
2026-01-06 02:46:52.997000+00:00,2026-01-06 02:46:52.979722+00:00,112.997,0.535,0.53,0.54,0.455,0.45,0.46,,,,
2026-01-06 02:46:53.996000+00:00,2026-01-06 02:46:53.989223+00:00,113.996,0.555,0.55,0.56,0.445,0.44,0.45,,,,
2026-01-06 02:46:55.002000+00:00,2026-01-06 02:46:55.000793+00:00,115.002,0.555,0.55,0.56,0.445,0.44,0.45,,,,
2026-01-06 02:46:56+00:00,2026-01-06 02:46:55.999590+00:00,116.0,0.555,0.55,0.56,0.445,0.44,0.45,,,,
2026-01-06 02:46:57+00:00,2026-01-06 02:46:57.002437+00:00,117.0,0.555,0.55,0.56,0.445,0.44,0.45,,,,
2026-01-06 02:46:58.024000+00:00,2026-01-06 02:46:58.102957+00:00,118.024,0.555,0.55,0.56,0.45,0.44,0.46,,,,
2026-01-06 02:46:59.032000+00:00,2026-01-06 02:46:59.118379+00:00,119.032,0.55,0.54,0.56,0.45,0.44,0.46,,,,
2026-01-06 02:47:00.985000+00:00,2026-01-06 02:47:01.141185+00:00,120.985,0.56,0.55,0.57,0.44,0.43,0.45,,,,
2026-01-06 02:47:02.163000+00:00,2026-01-06 02:47:02.142423+00:00,122.163,0.51,0.49,0.53,0.515,0.51,0.52,,,,
2026-01-06 02:47:03.219000+00:00,2026-01-06 02:47:03.152642+00:00,123.219,0.485,0.48,0.49,0.515,0.51,0.52,,,,
2026-01-06 02:47:04.248000+00:00,2026-01-06 02:47:04.266375+00:00,124.248,0.485,0.48,0.49,0.515,0.51,0.52,,,,
2026-01-06 02:47:05.351000+00:00,2026-01-06 02:47:05.271110+00:00,125.351,0.485,0.48,0.49,0.53,0.52,0.54,,,,
2026-01-06 02:47:06.343000+00:00,2026-01-06 02:47:06.273097+00:00,126.343,0.455,0.45,0.46,0.545,0.54,0.55,,,,
2026-01-06 02:47:07.362000+00:00,2026-01-06 02:47:07.422422+00:00,127.362,0.455,0.45,0.46,0.545,0.54,0.55,,,,
2026-01-06 02:47:08.354000+00:00,2026-01-06 02:47:08.418526+00:00,128.354,0.455,0.45,0.46,0.545,0.54,0.55,,,,
2026-01-06 02:47:09.391000+00:00,2026-01-06 02:47:09.416850+00:00,129.391,0.455,0.45,0.46,0.53,0.52,0.54,,,,
2026-01-06 02:47:10.403000+00:00,2026-01-06 02:47:10.420357+00:00,130.403,0.4649999999999999,0.46,0.47,0.535,0.53,0.54,,,,
2026-01-06 02:47:11.369000+00:00,2026-01-06 02:47:11.422078+00:00,131.369,0.4649999999999999,0.46,0.47,0.535,0.53,0.54,,,,
2026-01-06 02:47:12.357000+00:00,2026-01-06 02:47:12.435941+00:00,132.357,0.4649999999999999,0.46,0.47,0.535,0.53,0.54,,,,
2026-01-06 02:47:13.243000+00:00,2026-01-06 02:47:13.450318+00:00,133.243,0.4649999999999999,0.46,0.47,0.535,0.53,0.54,,,,
2026-01-06 02:47:14.246000+00:00,2026-01-06 02:47:14.473921+00:00,134.246,0.4649999999999999,0.46,0.47,0.535,0.53,0.54,,,,
2026-01-06 02:47:15.011000+00:00,2026-01-06 02:47:15.470441+00:00,135.011,0.4649999999999999,0.46,0.47,0.535,0.53,0.54,,,,
2026-01-06 02:47:16.442000+00:00,2026-01-06 02:47:16.494198+00:00,136.442,0.4649999999999999,0.46,0.47,0.535,0.53,0.54,,,,
2026-01-06 02:47:17.553000+00:00,2026-01-06 02:47:17.510221+00:00,137.553,0.4649999999999999,0.46,0.47,0.535,0.53,0.54,,,,
2026-01-06 02:47:18.458000+00:00,2026-01-06 02:47:18.525576+00:00,138.458,0.4649999999999999,0.46,0.47,0.535,0.53,0.54,,,,
2026-01-06 02:47:19.628000+00:00,2026-01-06 02:47:19.642406+00:00,139.628,0.4649999999999999,0.46,0.47,0.535,0.53,0.54,,,,
2026-01-06 02:47:20.448000+00:00,2026-01-06 02:47:20.641028+00:00,140.448,0.4599999999999999,0.45,0.47,0.54,0.53,0.55,,,,
2026-01-06 02:47:21.625000+00:00,2026-01-06 02:47:21.663087+00:00,141.625,0.455,0.45,0.46,0.545,0.54,0.55,,,,
2026-01-06 02:47:22.585000+00:00,2026-01-06 02:47:22.667136+00:00,142.585,0.455,0.45,0.46,0.545,0.54,0.55,,,,
2026-01-06 02:47:23.680000+00:00,2026-01-06 02:47:23.682268+00:00,143.68,0.4649999999999999,0.46,0.47,0.535,0.53,0.54,,,,
2026-01-06 02:47:24.685000+00:00,2026-01-06 02:47:24.701970+00:00,144.685,0.4649999999999999,0.46,0.47,0.535,0.53,0.54,,,,
2026-01-06 02:47:25.366000+00:00,2026-01-06 02:47:25.702186+00:00,145.366,0.4649999999999999,0.46,0.47,0.535,0.53,0.54,,,,
2026-01-06 02:47:26.673000+00:00,2026-01-06 02:47:26.720898+00:00,146.673,0.4649999999999999,0.46,0.47,0.535,0.53,0.54,,,,
2026-01-06 02:47:27.369000+00:00,2026-01-06 02:47:27.731117+00:00,147.369,0.4649999999999999,0.46,0.47,0.53,0.52,0.54,,,,
2026-01-06 02:47:28.595000+00:00,2026-01-06 02:47:28.734510+00:00,148.595,0.47,0.46,0.48,0.53,0.52,0.54,,,,
2026-01-06 02:47:29.731000+00:00,2026-01-06 02:47:29.744840+00:00,149.731,0.47,0.46,0.48,0.53,0.52,0.54,,,,
2026-01-06 02:47:30.756000+00:00,2026-01-06 02:47:30.747740+00:00,150.756,0.495,0.48,0.51,0.495,0.49,0.5,,,,
2026-01-06 02:47:31.786000+00:00,2026-01-06 02:47:31.796259+00:00,151.786,0.535,0.53,0.54,0.4649999999999999,0.46,0.47,,,,
2026-01-06 02:47:32.774000+00:00,2026-01-06 02:47:32.800804+00:00,152.774,0.535,0.53,0.54,0.4649999999999999,0.46,0.47,,,,
2026-01-06 02:47:33.850000+00:00,2026-01-06 02:47:33.820641+00:00,153.85,0.545,0.54,0.55,0.455,0.45,0.46,,,,
2026-01-06 02:47:34.827000+00:00,2026-01-06 02:47:34.826814+00:00,154.827,0.575,0.57,0.58,0.435,0.43,0.44,,,,
2026-01-06 02:47:35.852000+00:00,2026-01-06 02:47:35.835229+00:00,155.852,0.56,0.55,0.57,0.445,0.44,0.45,,,,
2026-01-06 02:47:36.815000+00:00,2026-01-06 02:47:36.837226+00:00,156.815,0.495,0.49,0.5,0.505,0.5,0.51,,,,
2026-01-06 02:47:37.863000+00:00,2026-01-06 02:47:37.866989+00:00,157.863,0.475,0.47,0.48,0.525,0.52,0.53,,,,
2026-01-06 02:47:38.886000+00:00,2026-01-06 02:47:38.888535+00:00,158.886,0.405,0.4,0.41,0.595,0.59,0.6,,,,
2026-01-06 02:47:39.894000+00:00,2026-01-06 02:47:39.907272+00:00,159.894,0.365,0.36,0.37,0.635,0.63,0.64,,,,
2026-01-06 02:47:41.011000+00:00,2026-01-06 02:47:41.007689+00:00,161.011,0.35,0.34,0.36,0.655,0.65,0.66,,,,
2026-01-06 02:47:42.003000+00:00,2026-01-06 02:47:42.022824+00:00,162.003,0.355,0.35,0.36,0.645,0.64,0.65,,,,
2026-01-06 02:47:43.034000+00:00,2026-01-06 02:47:43.025752+00:00,163.034,0.355,0.35,0.36,0.645,0.64,0.65,,,,
2026-01-06 02:47:44.062000+00:00,2026-01-06 02:47:44.036955+00:00,164.062,0.38,0.37,0.39,0.615,0.6,0.63,,,,
2026-01-06 02:47:45.050000+00:00,2026-01-06 02:47:45.039984+00:00,165.05,0.38,0.37,0.39,0.625,0.61,0.64,,,,
2026-01-06 02:47:46.064000+00:00,2026-01-06 02:47:46.108368+00:00,166.064,0.37,0.36,0.38,0.625,0.62,0.63,,,,
2026-01-06 02:47:47.001000+00:00,2026-01-06 02:47:47.120002+00:00,167.001,0.37,0.36,0.38,0.63,0.62,0.64,,,,
2026-01-06 02:47:48.126000+00:00,2026-01-06 02:47:48.123648+00:00,168.126,0.38,0.37,0.39,0.62,0.61,0.63,,,,
2026-01-06 02:47:49.175000+00:00,2026-01-06 02:47:49.222505+00:00,169.175,0.385,0.37,0.4,0.615,0.6,0.63,,,,
2026-01-06 02:47:50.240000+00:00,2026-01-06 02:47:50.224013+00:00,170.24,0.39,0.38,0.4,0.61,0.6,0.62,,,,
2026-01-06 02:47:51.215000+00:00,2026-01-06 02:47:51.268329+00:00,171.215,0.395,0.39,0.4,0.605,0.6,0.61,,,,
2026-01-06 02:47:52.154000+00:00,2026-01-06 02:47:52.269900+00:00,172.154,0.39,0.38,0.4,0.615,0.6,0.63,,,,
2026-01-06 02:47:53.265000+00:00,2026-01-06 02:47:53.284287+00:00,173.265,0.38,0.37,0.39,0.63,0.62,0.64,,,,
2026-01-06 02:47:54.325000+00:00,2026-01-06 02:47:54.303752+00:00,174.325,0.365,0.36,0.37,0.635,0.63,0.64,,,,
2026-01-06 02:47:55.294000+00:00,2026-01-06 02:47:55.315552+00:00,175.294,0.375,0.37,0.38,0.62,0.61,0.63,,,,
2026-01-06 02:47:56.287000+00:00,2026-01-06 02:47:56.314291+00:00,176.287,0.39,0.38,0.4,0.61,0.6,0.62,,,,
2026-01-06 02:47:57.313000+00:00,2026-01-06 02:47:57.326059+00:00,177.313,0.395,0.39,0.4,0.605,0.6,0.61,,,,
2026-01-06 02:47:58.411000+00:00,2026-01-06 02:47:58.405545+00:00,178.411,0.39,0.38,0.4,0.61,0.6,0.62,,,,
2026-01-06 02:47:59.345000+00:00,2026-01-06 02:47:59.400964+00:00,179.345,0.4,0.39,0.41,0.6,0.59,0.61,,,,
2026-01-06 02:48:00.399000+00:00,2026-01-06 02:48:00.401639+00:00,180.399,0.395,0.39,0.4,0.605,0.6,0.61,,,,
2026-01-06 02:48:01.416000+00:00,2026-01-06 02:48:01.392292+00:00,181.416,0.39,0.38,0.4,0.605,0.6,0.61,,,,
2026-01-06 02:48:02.417000+00:00,2026-01-06 02:48:02.405774+00:00,182.417,0.395,0.39,0.4,0.605,0.6,0.61,,,,
2026-01-06 02:48:03.377000+00:00,2026-01-06 02:48:03.409390+00:00,183.377,0.395,0.39,0.4,0.605,0.6,0.61,,,,
2026-01-06 02:48:04.408000+00:00,2026-01-06 02:48:04.418133+00:00,184.408,0.395,0.39,0.4,0.605,0.6,0.61,,,,
2026-01-06 02:48:05.453000+00:00,2026-01-06 02:48:05.437895+00:00,185.453,0.395,0.39,0.4,0.605,0.6,0.61,,,,
2026-01-06 02:48:06.368000+00:00,2026-01-06 02:48:06.437896+00:00,186.368,0.435,0.43,0.44,0.565,0.56,0.57,,,,
2026-01-06 02:48:07.394000+00:00,2026-01-06 02:48:07.421847+00:00,187.394,0.445,0.44,0.45,0.555,0.55,0.56,,,,
2026-01-06 02:48:08.430000+00:00,2026-01-06 02:48:08.416883+00:00,188.43,0.445,0.44,0.45,0.555,0.55,0.56,,,,
2026-01-06 02:48:09.408000+00:00,2026-01-06 02:48:09.408132+00:00,189.408,0.4599999999999999,0.45,0.47,0.535,0.53,0.54,,,,
2026-01-06 02:48:10.431000+00:00,2026-01-06 02:48:10.430054+00:00,190.431,0.4649999999999999,0.46,0.47,0.525,0.52,0.53,,,,
2026-01-06 02:48:11.425000+00:00,2026-01-06 02:48:11.421326+00:00,191.425,0.515,0.51,0.52,0.485,0.48,0.49,,,,
2026-01-06 02:48:12.403000+00:00,2026-01-06 02:48:12.421457+00:00,192.403,0.545,0.54,0.55,0.455,0.45,0.46,,,,
2026-01-06 02:48:13.438000+00:00,2026-01-06 02:48:13.434508+00:00,193.438,0.495,0.49,0.5,0.505,0.5,0.51,,,,
2026-01-06 02:48:14.447000+00:00,2026-01-06 02:48:14.442878+00:00,194.447,0.525,0.52,0.53,0.475,0.47,0.48,,,,
2026-01-06 02:48:15.479000+00:00,2026-01-06 02:48:15.489292+00:00,195.479,0.535,0.53,0.54,0.4649999999999999,0.46,0.47,,,,
2026-01-06 02:48:16.414000+00:00,2026-01-06 02:48:16.465042+00:00,196.414,0.535,0.53,0.54,0.4649999999999999,0.46,0.47,,,,
2026-01-06 02:48:17.431000+00:00,2026-01-06 02:48:17.468183+00:00,197.431,0.535,0.53,0.54,0.4649999999999999,0.46,0.47,,,,
2026-01-06 02:48:18.559000+00:00,2026-01-06 02:48:18.556345+00:00,198.559,0.535,0.53,0.54,0.455,0.45,0.46,,,,
2026-01-06 02:48:19.556000+00:00,2026-01-06 02:48:19.555629+00:00,199.556,0.555,0.55,0.56,0.43,0.42,0.44,,,,
2026-01-06 02:48:20.798000+00:00,2026-01-06 02:48:20.873288+00:00,200.798,0.575,0.57,0.58,0.425,0.42,0.43,,,,
2026-01-06 02:48:21.779000+00:00,2026-01-06 02:48:21.868552+00:00,201.779,0.575,0.57,0.58,0.425,0.42,0.43,,,,
2026-01-06 02:48:22.825000+00:00,2026-01-06 02:48:22.865889+00:00,202.825,0.575,0.57,0.58,0.425,0.42,0.43,,,,
2026-01-06 02:48:23.682000+00:00,2026-01-06 02:48:23.884050+00:00,203.682,0.565,0.56,0.57,0.435,0.43,0.44,,,,
2026-01-06 02:48:24.798000+00:00,2026-01-06 02:48:24.874951+00:00,204.798,0.565,0.56,0.57,0.435,0.43,0.44,,,,
2026-01-06 02:48:25.693000+00:00,2026-01-06 02:48:25.881676+00:00,205.693,0.565,0.56,0.57,0.435,0.43,0.44,,,,
2026-01-06 02:48:26.756000+00:00,2026-01-06 02:48:26.884715+00:00,206.756,0.565,0.56,0.57,0.435,0.43,0.44,,,,
2026-01-06 02:48:27.861000+00:00,2026-01-06 02:48:27.893408+00:00,207.861,0.565,0.56,0.57,0.435,0.43,0.44,,,,
2026-01-06 02:48:28.425000+00:00,2026-01-06 02:48:28.891726+00:00,208.425,0.56,0.55,0.57,0.44,0.43,0.45,,,,
2026-01-06 02:48:30.053000+00:00,2026-01-06 02:48:30.062538+00:00,210.053,0.515,0.51,0.52,0.495,0.49,0.5,,,,
2026-01-06 02:48:31.071000+00:00,2026-01-06 02:48:31.068061+00:00,211.071,0.5,0.49,0.51,0.505,0.5,0.51,,,,
2026-01-06 02:48:32.105000+00:00,2026-01-06 02:48:32.102439+00:00,212.105,0.445,0.44,0.45,0.555,0.55,0.56,,,,
2026-01-06 02:48:33.034000+00:00,2026-01-06 02:48:33.118469+00:00,213.034,0.445,0.44,0.45,0.555,0.55,0.56,,,,
2026-01-06 02:48:34.126000+00:00,2026-01-06 02:48:34.132870+00:00,214.126,0.445,0.44,0.45,0.55,0.54,0.56,,,,
2026-01-06 02:48:35.005000+00:00,2026-01-06 02:48:35.132843+00:00,215.005,0.45,0.44,0.46,0.55,0.54,0.56,,,,
2026-01-06 02:48:36.081000+00:00,2026-01-06 02:48:36.149786+00:00,216.081,0.45,0.44,0.46,0.55,0.54,0.56,,,,
2026-01-06 02:48:37.168000+00:00,2026-01-06 02:48:37.158407+00:00,217.168,0.455,0.45,0.46,0.545,0.54,0.55,,,,
2026-01-06 02:48:38.155000+00:00,2026-01-06 02:48:38.165224+00:00,218.155,0.49,0.48,0.5,0.51,0.5,0.52,,,,
2026-01-06 02:48:39.972000+00:00,2026-01-06 02:48:40.182027+00:00,219.972,0.4649999999999999,0.46,0.47,0.535,0.53,0.54,,,,
2026-01-06 02:48:41.188000+00:00,2026-01-06 02:48:41.184416+00:00,221.188,0.475,0.47,0.48,0.495,0.49,0.5,,,,
2026-01-06 02:48:42.240000+00:00,2026-01-06 02:48:42.243196+00:00,222.24,0.525,0.52,0.53,0.475,0.47,0.48,,,,
2026-01-06 02:48:43.229000+00:00,2026-01-06 02:48:43.255478+00:00,223.229,0.515,0.51,0.52,0.485,0.48,0.49,,,,
2026-01-06 02:48:44.289000+00:00,2026-01-06 02:48:44.309485+00:00,224.289,0.525,0.52,0.53,0.4649999999999999,0.46,0.47,,,,
2026-01-06 02:48:45.323000+00:00,2026-01-06 02:48:45.319484+00:00,225.323,0.535,0.53,0.54,0.4649999999999999,0.46,0.47,,,,
2026-01-06 02:48:46.248000+00:00,2026-01-06 02:48:46.327215+00:00,226.248,0.535,0.53,0.54,0.4649999999999999,0.46,0.47,,,,
2026-01-06 02:48:47.247000+00:00,2026-01-06 02:48:47.371661+00:00,227.247,0.545,0.54,0.55,0.455,0.45,0.46,,,,
2026-01-06 02:48:48.391000+00:00,2026-01-06 02:48:48.384911+00:00,228.391,0.545,0.54,0.55,0.4649999999999999,0.46,0.47,,,,
2026-01-06 02:48:49.399000+00:00,2026-01-06 02:48:49.406045+00:00,229.399,0.535,0.53,0.54,0.4649999999999999,0.46,0.47,,,,
2026-01-06 02:48:50.294000+00:00,2026-01-06 02:48:50.407093+00:00,230.294,0.525,0.52,0.53,0.475,0.47,0.48,,,,
2026-01-06 02:48:51.397000+00:00,2026-01-06 02:48:51.399031+00:00,231.397,0.52,0.51,0.53,0.48,0.47,0.49,,,,
2026-01-06 02:48:52.424000+00:00,2026-01-06 02:48:52.451062+00:00,232.424,0.52,0.51,0.53,0.48,0.47,0.49,,,,
2026-01-06 02:48:53.365000+00:00,2026-01-06 02:48:53.450126+00:00,233.365,0.525,0.52,0.53,0.475,0.47,0.48,,,,
2026-01-06 02:48:54.343000+00:00,2026-01-06 02:48:54.451323+00:00,234.343,0.525,0.52,0.53,0.475,0.47,0.48,,,,
2026-01-06 02:48:55.463000+00:00,2026-01-06 02:48:55.458268+00:00,235.463,0.525,0.52,0.53,0.47,0.46,0.48,,,,
2026-01-06 02:48:56.459000+00:00,2026-01-06 02:48:56.464009+00:00,236.459,0.53,0.52,0.54,0.47,0.46,0.48,,,,
2026-01-06 02:48:57.418000+00:00,2026-01-06 02:48:57.472128+00:00,237.418,0.535,0.53,0.54,0.4649999999999999,0.46,0.47,,,,
2026-01-06 02:48:58.635000+00:00,2026-01-06 02:48:58.491778+00:00,238.635,0.535,0.53,0.54,0.455,0.45,0.46,,,,
2026-01-06 02:48:59.463000+00:00,2026-01-06 02:48:59.501330+00:00,239.463,0.545,0.54,0.55,0.455,0.45,0.46,,,,
2026-01-06 02:49:00.539000+00:00,2026-01-06 02:49:00.523281+00:00,240.539,0.54,0.53,0.55,0.4599999999999999,0.45,0.47,,,,
2026-01-06 02:49:01.492000+00:00,2026-01-06 02:49:01.515766+00:00,241.492,0.54,0.53,0.55,0.4599999999999999,0.45,0.47,,,,
2026-01-06 02:49:02.561000+00:00,2026-01-06 02:49:02.518606+00:00,242.561,0.545,0.54,0.55,0.455,0.45,0.46,,,,
2026-01-06 02:49:03.532000+00:00,2026-01-06 02:49:03.519485+00:00,243.532,0.595,0.59,0.6,0.405,0.4,0.41,,,,
2026-01-06 02:49:04.497000+00:00,2026-01-06 02:49:04.501216+00:00,244.497,0.595,0.59,0.6,0.405,0.4,0.41,,,,
2026-01-06 02:49:05.506000+00:00,2026-01-06 02:49:05.500531+00:00,245.506,0.595,0.59,0.6,0.405,0.4,0.41,,,,
2026-01-06 02:49:06.508000+00:00,2026-01-06 02:49:06.510051+00:00,246.508,0.61,0.6,0.62,0.39,0.38,0.4,,,,
2026-01-06 02:49:07.477000+00:00,2026-01-06 02:49:07.512613+00:00,247.477,0.625,0.62,0.63,0.375,0.37,0.38,,,,
2026-01-06 02:49:08.513000+00:00,2026-01-06 02:49:08.515813+00:00,248.513,0.625,0.62,0.63,0.375,0.37,0.38,,,,
2026-01-06 02:49:09.495000+00:00,2026-01-06 02:49:09.520472+00:00,249.495,0.625,0.62,0.63,0.375,0.37,0.38,,,,
2026-01-06 02:49:10.536000+00:00,2026-01-06 02:49:10.533376+00:00,250.536,0.635,0.63,0.64,0.365,0.36,0.37,,,,
2026-01-06 02:49:11.559000+00:00,2026-01-06 02:49:11.582112+00:00,251.559,0.645,0.64,0.65,0.355,0.35,0.36,,,,
2026-01-06 02:49:12.557000+00:00,2026-01-06 02:49:12.586734+00:00,252.557,0.625,0.62,0.63,0.375,0.37,0.38,,,,
2026-01-06 02:49:13.666000+00:00,2026-01-06 02:49:13.648717+00:00,253.666,0.605,0.6,0.61,0.405,0.4,0.41,,,,
2026-01-06 02:49:14.472000+00:00,2026-01-06 02:49:14.648190+00:00,254.472,0.59,0.58,0.6,0.41,0.4,0.42,,,,
2026-01-06 02:49:15.624000+00:00,2026-01-06 02:49:15.648183+00:00,255.624,0.585,0.58,0.59,0.415,0.41,0.42,,,,
2026-01-06 02:49:16.625000+00:00,2026-01-06 02:49:16.665058+00:00,256.625,0.585,0.58,0.59,0.41,0.4,0.42,,,,
2026-01-06 02:49:17.643000+00:00,2026-01-06 02:49:17.673671+00:00,257.643,0.61,0.6,0.62,0.39,0.38,0.4,,,,
2026-01-06 02:49:18.635000+00:00,2026-01-06 02:49:18.669087+00:00,258.635,0.605,0.6,0.61,0.4,0.39,0.41,,,,
2026-01-06 02:49:19.711000+00:00,2026-01-06 02:49:19.700125+00:00,259.711,0.595,0.59,0.6,0.4,0.39,0.41,,,,
2026-01-06 02:49:20.711000+00:00,2026-01-06 02:49:20.708313+00:00,260.711,0.6,0.59,0.61,0.4,0.39,0.41,,,,
2026-01-06 02:49:21.698000+00:00,2026-01-06 02:49:21.723291+00:00,261.698,0.605,0.6,0.61,0.395,0.39,0.4,,,,
2026-01-06 02:49:22.639000+00:00,2026-01-06 02:49:22.727287+00:00,262.639,0.6,0.59,0.61,0.4,0.39,0.41,,,,
2026-01-06 02:49:23.723000+00:00,2026-01-06 02:49:23.733273+00:00,263.723,0.575,0.57,0.58,0.415,0.41,0.42,,,,
2026-01-06 02:49:24.745000+00:00,2026-01-06 02:49:24.734004+00:00,264.745,0.58,0.57,0.59,0.42,0.41,0.43,,,,
2026-01-06 02:49:25.744000+00:00,2026-01-06 02:49:25.742904+00:00,265.744,0.575,0.57,0.58,0.425,0.42,0.43,,,,
2026-01-06 02:49:26.762000+00:00,2026-01-06 02:49:26.765049+00:00,266.762,0.575,0.57,0.58,0.425,0.42,0.43,,,,
2026-01-06 02:49:27.620000+00:00,2026-01-06 02:49:27.772692+00:00,267.62,0.595,0.59,0.6,0.405,0.4,0.41,,,,
2026-01-06 02:49:28.573000+00:00,2026-01-06 02:49:28.781216+00:00,268.573,0.595,0.59,0.6,0.405,0.4,0.41,,,,
2026-01-06 02:49:29.776000+00:00,2026-01-06 02:49:29.798452+00:00,269.776,0.595,0.59,0.6,0.405,0.4,0.41,,,,
2026-01-06 02:49:30.645000+00:00,2026-01-06 02:49:30.817643+00:00,270.645,0.595,0.59,0.6,0.405,0.4,0.41,,,,
2026-01-06 02:49:31.551000+00:00,2026-01-06 02:49:31.831882+00:00,271.551,0.595,0.59,0.6,0.405,0.4,0.41,,,,
2026-01-06 02:49:32.505000+00:00,2026-01-06 02:49:32.832817+00:00,272.505,0.595,0.59,0.6,0.405,0.4,0.41,,,,
2026-01-06 02:49:33.625000+00:00,2026-01-06 02:49:33.836655+00:00,273.625,0.595,0.59,0.6,0.405,0.4,0.41,,,,
2026-01-06 02:49:34.856000+00:00,2026-01-06 02:49:34.847561+00:00,274.856,0.595,0.59,0.6,0.415,0.41,0.42,,,,
2026-01-06 02:49:35.873000+00:00,2026-01-06 02:49:35.876253+00:00,275.873,0.585,0.58,0.59,0.41,0.4,0.42,,,,
2026-01-06 02:49:36.387000+00:00,2026-01-06 02:49:36.882872+00:00,276.387,0.59,0.58,0.6,0.41,0.4,0.42,,,,
2026-01-06 02:49:37.161000+00:00,2026-01-06 02:49:37.905524+00:00,277.161,0.59,0.58,0.6,0.41,0.4,0.42,,,,
2026-01-06 02:49:38.558000+00:00,2026-01-06 02:49:38.905175+00:00,278.558,0.59,0.58,0.6,0.41,0.4,0.42,,,,
2026-01-06 02:49:39.817000+00:00,2026-01-06 02:49:39.938442+00:00,279.817,0.585,0.58,0.59,0.415,0.41,0.42,,,,
2026-01-06 02:49:40.549000+00:00,2026-01-06 02:49:40.951724+00:00,280.549,0.585,0.58,0.59,0.415,0.41,0.42,,,,
2026-01-06 02:49:41.951000+00:00,2026-01-06 02:49:41.963474+00:00,281.951,0.595,0.59,0.6,0.405,0.4,0.41,,,,
2026-01-06 02:49:42.746000+00:00,2026-01-06 02:49:42.968943+00:00,282.746,0.595,0.59,0.6,0.405,0.4,0.41,,,,
2026-01-06 02:49:43.998000+00:00,2026-01-06 02:49:43.985332+00:00,283.998,0.575,0.57,0.58,0.43,0.42,0.44,,,,
2026-01-06 02:49:44.787000+00:00,2026-01-06 02:49:44.978699+00:00,284.787,0.5700000000000001,0.56,0.58,0.43,0.42,0.44,,,,
2026-01-06 02:49:45.733000+00:00,2026-01-06 02:49:45.996855+00:00,285.733,0.5700000000000001,0.56,0.58,0.43,0.42,0.44,,,,
2026-01-06 02:49:47.882000+00:00,2026-01-06 02:49:48.012173+00:00,287.882,0.5700000000000001,0.56,0.58,0.43,0.42,0.44,,,,
2026-01-06 02:49:49.283000+00:00,2026-01-06 02:49:50.019433+00:00,289.283,0.5700000000000001,0.56,0.58,0.43,0.42,0.44,,,,
2026-01-06 02:49:51.768000+00:00,2026-01-06 02:49:52.028583+00:00,291.768,0.5700000000000001,0.56,0.58,0.43,0.42,0.44,,,,
2026-01-06 02:49:53.548000+00:00,2026-01-06 02:49:54.031417+00:00,293.548,0.58,0.57,0.59,0.42,0.41,0.43,,,,
2026-01-06 02:49:54.941000+00:00,2026-01-06 02:49:55.033610+00:00,294.941,0.5700000000000001,0.56,0.58,0.43,0.42,0.44,,,,
2026-01-06 02:49:56.996000+00:00,2026-01-06 02:49:57.047569+00:00,296.996,0.5700000000000001,0.56,0.58,0.43,0.42,0.44,,,,
2026-01-06 02:49:58+00:00,2026-01-06 02:49:58.067531+00:00,298.0,0.5700000000000001,0.56,0.58,0.43,0.42,0.44,,,,
2026-01-06 02:49:59.084000+00:00,2026-01-06 02:49:59.079460+00:00,299.084,0.53,0.51,0.55,0.485,0.48,0.49,,,,
2026-01-06 02:50:00.018000+00:00,2026-01-06 02:50:00.086429+00:00,300.018,0.485,0.48,0.49,0.515,0.51,0.52,,,,
2026-01-06 02:50:01.068000+00:00,2026-01-06 02:50:01.063665+00:00,301.068,0.485,0.48,0.49,0.515,0.51,0.52,,,,
2026-01-06 02:50:02.007000+00:00,2026-01-06 02:50:02.084423+00:00,302.007,0.485,0.48,0.49,0.515,0.51,0.52,,,,
2026-01-06 02:50:03.067000+00:00,2026-01-06 02:50:03.063720+00:00,303.067,0.485,0.48,0.49,0.515,0.51,0.52,,,,
2026-01-06 02:50:04.291000+00:00,2026-01-06 02:50:04.330117+00:00,304.291,0.475,0.47,0.48,0.525,0.52,0.53,,,,
2026-01-06 02:50:05.245000+00:00,2026-01-06 02:50:05.335548+00:00,305.245,0.475,0.47,0.48,0.525,0.52,0.53,,,,
2026-01-06 02:50:06.245000+00:00,2026-01-06 02:50:06.329807+00:00,306.245,0.475,0.47,0.48,0.525,0.52,0.53,,,,
2026-01-06 02:50:07.171000+00:00,2026-01-06 02:50:07.320509+00:00,307.171,0.485,0.48,0.49,0.52,0.51,0.53,,,,
2026-01-06 02:50:08.175000+00:00,2026-01-06 02:50:08.319744+00:00,308.175,0.48,0.47,0.49,0.525,0.52,0.53,,,,
2026-01-06 02:50:09.349000+00:00,2026-01-06 02:50:09.343709+00:00,309.349,0.475,0.47,0.48,0.515,0.51,0.52,,,,
2026-01-06 02:50:10.611000+00:00,2026-01-06 02:50:10.633504+00:00,310.611,0.495,0.49,0.5,0.505,0.5,0.51,,,,
2026-01-06 02:50:11.583000+00:00,2026-01-06 02:50:11.647221+00:00,311.583,0.445,0.43,0.46,0.555,0.55,0.56,,,,
2026-01-06 02:50:12.649000+00:00,2026-01-06 02:50:12.651101+00:00,312.649,0.445,0.44,0.45,0.555,0.55,0.56,,,,
2026-01-06 02:50:13.422000+00:00,2026-01-06 02:50:13.647635+00:00,313.422,0.445,0.44,0.45,0.555,0.55,0.56,,,,
2026-01-06 02:50:14.575000+00:00,2026-01-06 02:50:14.651544+00:00,314.575,0.445,0.44,0.45,0.555,0.55,0.56,,,,
2026-01-06 02:50:15.672000+00:00,2026-01-06 02:50:15.650192+00:00,315.672,0.495,0.49,0.5,0.505,0.5,0.51,,,,
2026-01-06 02:50:16.657000+00:00,2026-01-06 02:50:16.663998+00:00,316.657,0.53,0.52,0.54,0.47,0.46,0.48,,,,
2026-01-06 02:50:17.644000+00:00,2026-01-06 02:50:17.654069+00:00,317.644,0.535,0.53,0.54,0.45,0.44,0.46,,,,
2026-01-06 02:50:18.693000+00:00,2026-01-06 02:50:18.681127+00:00,318.693,0.555,0.55,0.56,0.445,0.44,0.45,,,,
2026-01-06 02:50:19.657000+00:00,2026-01-06 02:50:19.653860+00:00,319.657,0.55,0.54,0.56,0.455,0.45,0.46,,,,
2026-01-06 02:50:20.668000+00:00,2026-01-06 02:50:20.663258+00:00,320.668,0.535,0.53,0.54,0.4649999999999999,0.46,0.47,,,,
2026-01-06 02:50:21.670000+00:00,2026-01-06 02:50:21.681124+00:00,321.67,0.545,0.54,0.55,0.455,0.45,0.46,,,,
2026-01-06 02:50:22.679000+00:00,2026-01-06 02:50:22.681318+00:00,322.679,0.545,0.54,0.55,0.4649999999999999,0.46,0.47,,,,
2026-01-06 02:50:23.497000+00:00,2026-01-06 02:50:23.695746+00:00,323.497,0.545,0.54,0.55,0.455,0.45,0.46,,,,
2026-01-06 02:50:24.594000+00:00,2026-01-06 02:50:24.718965+00:00,324.594,0.545,0.54,0.55,0.455,0.45,0.46,,,,
2026-01-06 02:50:25.647000+00:00,2026-01-06 02:50:25.736782+00:00,325.647,0.545,0.54,0.55,0.455,0.45,0.46,,,,
2026-01-06 02:50:26.736000+00:00,2026-01-06 02:50:26.746616+00:00,326.736,0.54,0.53,0.55,0.4649999999999999,0.46,0.47,,,,
2026-01-06 02:50:27.469000+00:00,2026-01-06 02:50:27.753947+00:00,327.469,0.535,0.53,0.54,0.4649999999999999,0.46,0.47,,,,
2026-01-06 02:50:28.762000+00:00,2026-01-06 02:50:28.761314+00:00,328.762,0.54,0.53,0.55,0.4599999999999999,0.45,0.47,,,,
2026-01-06 02:50:29.742000+00:00,2026-01-06 02:50:29.766764+00:00,329.742,0.535,0.53,0.54,0.4649999999999999,0.46,0.47,,,,
2026-01-06 02:50:30.730000+00:00,2026-01-06 02:50:30.770366+00:00,330.73,0.535,0.53,0.54,0.4649999999999999,0.46,0.47,,,,
2026-01-06 02:50:31.712000+00:00,2026-01-06 02:50:31.779286+00:00,331.712,0.535,0.53,0.54,0.4649999999999999,0.46,0.47,,,,
2026-01-06 02:50:32.757000+00:00,2026-01-06 02:50:32.764107+00:00,332.757,0.515,0.51,0.52,0.485,0.48,0.49,,,,
2026-01-06 02:50:33.726000+00:00,2026-01-06 02:50:33.750179+00:00,333.726,0.505,0.5,0.51,0.495,0.49,0.5,,,,
2026-01-06 02:50:34.750000+00:00,2026-01-06 02:50:34.746249+00:00,334.75,0.505,0.5,0.51,0.495,0.49,0.5,,,,
2026-01-06 02:50:35.720000+00:00,2026-01-06 02:50:35.753634+00:00,335.72,0.505,0.5,0.51,0.495,0.49,0.5,,,,
2026-01-06 02:50:36.706000+00:00,2026-01-06 02:50:36.756366+00:00,336.706,0.505,0.5,0.51,0.495,0.49,0.5,,,,
2026-01-06 02:50:37.563000+00:00,2026-01-06 02:50:37.772109+00:00,337.563,0.505,0.5,0.51,0.495,0.49,0.5,,,,
2026-01-06 02:50:38.805000+00:00,2026-01-06 02:50:38.791989+00:00,338.805,0.505,0.5,0.51,0.485,0.48,0.49,,,,
2026-01-06 02:50:40.248000+00:00,2026-01-06 02:50:40.247547+00:00,340.248,0.515,0.51,0.52,0.485,0.48,0.49,,,,
2026-01-06 02:50:41.235000+00:00,2026-01-06 02:50:41.245308+00:00,341.235,0.515,0.51,0.52,0.475,0.47,0.48,,,,
2026-01-06 02:50:42.064000+00:00,2026-01-06 02:50:42.253008+00:00,342.064,0.525,0.52,0.53,0.475,0.47,0.48,,,,
2026-01-06 02:50:43.194000+00:00,2026-01-06 02:50:43.264707+00:00,343.194,0.535,0.53,0.54,0.4649999999999999,0.46,0.47,,,,
2026-01-06 02:50:44.256000+00:00,2026-01-06 02:50:44.264877+00:00,344.256,0.53,0.52,0.54,0.47,0.46,0.48,,,,
2026-01-06 02:50:45.201000+00:00,2026-01-06 02:50:45.279349+00:00,345.201,0.53,0.52,0.54,0.47,0.46,0.48,,,,
2026-01-06 02:50:46.175000+00:00,2026-01-06 02:50:46.277541+00:00,346.175,0.53,0.52,0.54,0.47,0.46,0.48,,,,
2026-01-06 02:50:47.269000+00:00,2026-01-06 02:50:47.289371+00:00,347.269,0.54,0.53,0.55,0.4599999999999999,0.45,0.47,,,,
2026-01-06 02:50:48.197000+00:00,2026-01-06 02:50:48.303427+00:00,348.197,0.54,0.53,0.55,0.4599999999999999,0.45,0.47,,,,
2026-01-06 02:50:49.311000+00:00,2026-01-06 02:50:49.302894+00:00,349.311,0.54,0.53,0.55,0.4599999999999999,0.45,0.47,,,,
2026-01-06 02:50:50.344000+00:00,2026-01-06 02:50:50.303632+00:00,350.344,0.545,0.54,0.55,0.455,0.45,0.46,,,,
2026-01-06 02:50:51.514000+00:00,2026-01-06 02:50:51.294766+00:00,351.514,0.545,0.54,0.55,0.455,0.45,0.46,,,,
2026-01-06 02:50:52.249000+00:00,2026-01-06 02:50:52.537159+00:00,352.249,0.545,0.54,0.55,0.455,0.45,0.46,,,,
2026-01-06 02:50:53.553000+00:00,2026-01-06 02:50:53.569183+00:00,353.553,0.545,0.54,0.55,0.455,0.45,0.46,,,,
2026-01-06 02:50:54.360000+00:00,2026-01-06 02:50:54.596808+00:00,354.36,0.535,0.53,0.54,0.4649999999999999,0.46,0.47,,,,
2026-01-06 02:50:55.596000+00:00,2026-01-06 02:50:55.595745+00:00,355.596,0.53,0.52,0.54,0.47,0.46,0.48,,,,
2026-01-06 02:50:56.279000+00:00,2026-01-06 02:50:56.594364+00:00,356.279,0.53,0.52,0.54,0.47,0.46,0.48,,,,
2026-01-06 02:50:57.586000+00:00,2026-01-06 02:50:57.606033+00:00,357.586,0.525,0.52,0.53,0.475,0.47,0.48,,,,
2026-01-06 02:50:58.614000+00:00,2026-01-06 02:50:58.603859+00:00,358.614,0.535,0.53,0.54,0.455,0.45,0.46,,,,
2026-01-06 02:50:59.599000+00:00,2026-01-06 02:50:59.599525+00:00,359.599,0.545,0.54,0.55,0.455,0.45,0.46,,,,
2026-01-06 02:51:00.608000+00:00,2026-01-06 02:51:00.607483+00:00,360.608,0.545,0.54,0.55,0.455,0.45,0.46,,,,
2026-01-06 02:51:01.613000+00:00,2026-01-06 02:51:01.612365+00:00,361.613,0.5549999999999999,0.54,0.57,0.445,0.44,0.45,,,,
2026-01-06 02:51:02.815000+00:00,2026-01-06 02:51:02.800910+00:00,362.815,0.585,0.58,0.59,0.415,0.41,0.42,,,,
2026-01-06 02:51:03.806000+00:00,2026-01-06 02:51:03.813011+00:00,363.806,0.595,0.59,0.6,0.405,0.4,0.41,,,,
2026-01-06 02:51:04.680000+00:00,2026-01-06 02:51:04.822759+00:00,364.68,0.595,0.59,0.6,0.405,0.4,0.41,,,,
2026-01-06 02:51:05.808000+00:00,2026-01-06 02:51:05.828833+00:00,365.808,0.595,0.59,0.6,0.405,0.4,0.41,,,,
2026-01-06 02:51:06.816000+00:00,2026-01-06 02:51:06.836830+00:00,366.816,0.595,0.59,0.6,0.41,0.4,0.42,,,,
2026-01-06 02:51:07.767000+00:00,2026-01-06 02:51:07.844872+00:00,367.767,0.59,0.58,0.6,0.415,0.41,0.42,,,,
2026-01-06 02:51:09.001000+00:00,2026-01-06 02:51:08.978869+00:00,369.001,0.585,0.58,0.59,0.415,0.41,0.42,,,,
2026-01-06 02:51:10.275000+00:00,2026-01-06 02:51:10.496335+00:00,370.275,0.585,0.58,0.59,0.415,0.41,0.42,,,,
2026-01-06 02:51:11.479000+00:00,2026-01-06 02:51:11.516145+00:00,371.479,0.595,0.59,0.6,0.405,0.4,0.41,,,,
2026-01-06 02:51:12.533000+00:00,2026-01-06 02:51:12.619921+00:00,372.533,0.595,0.59,0.6,0.405,0.4,0.41,,,,
2026-01-06 02:51:14.080000+00:00,2026-01-06 02:51:14.061554+00:00,374.08,0.585,0.58,0.59,0.4599999999999999,0.45,0.47,,,,
2026-01-06 02:51:15.976000+00:00,2026-01-06 02:51:16.060898+00:00,375.976,0.545,0.54,0.55,0.455,0.45,0.46,,,,
2026-01-06 02:51:17.043000+00:00,2026-01-06 02:51:17.078743+00:00,377.043,0.54,0.53,0.55,0.4599999999999999,0.45,0.47,,,,
2026-01-06 02:51:18.139000+00:00,2026-01-06 02:51:18.103006+00:00,378.139,0.525,0.52,0.53,0.485,0.48,0.49,,,,
2026-01-06 02:51:19.105000+00:00,2026-01-06 02:51:19.121712+00:00,379.105,0.4649999999999999,0.46,0.47,0.525,0.52,0.53,,,,
2026-01-06 02:51:20.882000+00:00,2026-01-06 02:51:20.879112+00:00,380.882,0.455,0.45,0.46,0.545,0.54,0.55,,,,
2026-01-06 02:51:22.834000+00:00,2026-01-06 02:51:22.977489+00:00,382.834,0.4599999999999999,0.45,0.47,0.54,0.53,0.55,,,,
2026-01-06 02:51:23.994000+00:00,2026-01-06 02:51:23.986445+00:00,383.994,0.4649999999999999,0.46,0.47,0.535,0.53,0.54,,,,
2026-01-06 02:51:25.249000+00:00,2026-01-06 02:51:25.249245+00:00,385.249,0.4649999999999999,0.46,0.47,0.535,0.53,0.54,,,,
2026-01-06 02:51:26.240000+00:00,2026-01-06 02:51:26.252903+00:00,386.24,0.445,0.44,0.45,0.565,0.56,0.57,,,,
2026-01-06 02:51:27.294000+00:00,2026-01-06 02:51:27.299145+00:00,387.294,0.43,0.42,0.44,0.565,0.56,0.57,,,,
2026-01-06 02:51:28.296000+00:00,2026-01-06 02:51:28.301501+00:00,388.296,0.425,0.42,0.43,0.565,0.56,0.57,,,,
2026-01-06 02:51:29.269000+00:00,2026-01-06 02:51:29.334956+00:00,389.269,0.435,0.43,0.44,0.565,0.56,0.57,,,,
2026-01-06 02:51:30.371000+00:00,2026-01-06 02:51:30.345315+00:00,390.371,0.435,0.43,0.44,0.565,0.56,0.57,,,,
2026-01-06 02:51:31.388000+00:00,2026-01-06 02:51:31.366299+00:00,391.388,0.445,0.44,0.45,0.55,0.54,0.56,,,,
2026-01-06 02:51:32.298000+00:00,2026-01-06 02:51:32.366659+00:00,392.298,0.45,0.44,0.46,0.55,0.54,0.56,,,,
2026-01-06 02:51:33.364000+00:00,2026-01-06 02:51:33.386029+00:00,393.364,0.48,0.47,0.49,0.52,0.51,0.53,,,,
2026-01-06 02:51:34.345000+00:00,2026-01-06 02:51:34.394828+00:00,394.345,0.47,0.46,0.48,0.53,0.52,0.54,,,,
2026-01-06 02:51:35.246000+00:00,2026-01-06 02:51:35.444172+00:00,395.246,0.4649999999999999,0.46,0.47,0.535,0.53,0.54,,,,
2026-01-06 02:51:36.275000+00:00,2026-01-06 02:51:36.448538+00:00,396.275,0.4649999999999999,0.46,0.47,0.535,0.53,0.54,,,,
2026-01-06 02:51:37.362000+00:00,2026-01-06 02:51:37.459050+00:00,397.362,0.4649999999999999,0.45,0.48,0.535,0.52,0.55,,,,
2026-01-06 02:51:38.473000+00:00,2026-01-06 02:51:38.466152+00:00,398.473,0.4599999999999999,0.45,0.47,0.54,0.53,0.55,,,,
2026-01-06 02:51:39.382000+00:00,2026-01-06 02:51:39.471654+00:00,399.382,0.4599999999999999,0.45,0.47,0.54,0.53,0.55,,,,
2026-01-06 02:51:40.390000+00:00,2026-01-06 02:51:40.466894+00:00,400.39,0.4599999999999999,0.45,0.47,0.54,0.53,0.55,,,,
2026-01-06 02:51:41.435000+00:00,2026-01-06 02:51:41.477726+00:00,401.435,0.4649999999999999,0.46,0.47,0.53,0.52,0.54,,,,
2026-01-06 02:51:42.458000+00:00,2026-01-06 02:51:42.496471+00:00,402.458,0.49,0.48,0.5,0.51,0.5,0.52,,,,
2026-01-06 02:51:43.449000+00:00,2026-01-06 02:51:43.511604+00:00,403.449,0.485,0.48,0.49,0.515,0.51,0.52,,,,
2026-01-06 02:51:44.415000+00:00,2026-01-06 02:51:44.527110+00:00,404.415,0.48,0.47,0.49,0.535,0.53,0.54,,,,
2026-01-06 02:51:45.531000+00:00,2026-01-06 02:51:45.531037+00:00,405.531,0.4649999999999999,0.46,0.47,0.535,0.53,0.54,,,,
2026-01-06 02:51:46.545000+00:00,2026-01-06 02:51:46.543696+00:00,406.545,0.455,0.45,0.46,0.545,0.54,0.55,,,,
2026-01-06 02:51:47.598000+00:00,2026-01-06 02:51:47.537919+00:00,407.598,0.395,0.39,0.4,0.605,0.6,0.61,,,,
2026-01-06 02:51:48.482000+00:00,2026-01-06 02:51:48.527548+00:00,408.482,0.395,0.39,0.4,0.605,0.6,0.61,,,,
2026-01-06 02:51:49.499000+00:00,2026-01-06 02:51:49.510929+00:00,409.499,0.4,0.39,0.41,0.6,0.59,0.61,,,,
2026-01-06 02:51:50.519000+00:00,2026-01-06 02:51:50.510125+00:00,410.519,0.39,0.38,0.4,0.61,0.6,0.62,,,,
2026-01-06 02:51:51.475000+00:00,2026-01-06 02:51:51.514177+00:00,411.475,0.4,0.39,0.41,0.605,0.59,0.62,,,,
2026-01-06 02:51:52.348000+00:00,2026-01-06 02:51:52.505638+00:00,412.348,0.395,0.38,0.41,0.605,0.59,0.62,,,,
2026-01-06 02:51:53.438000+00:00,2026-01-06 02:51:53.510740+00:00,413.438,0.4,0.39,0.41,0.6,0.59,0.61,,,,
2026-01-06 02:51:54.438000+00:00,2026-01-06 02:51:54.516577+00:00,414.438,0.4,0.39,0.41,0.605,0.6,0.61,,,,
2026-01-06 02:51:55.407000+00:00,2026-01-06 02:51:55.517206+00:00,415.407,0.395,0.39,0.4,0.605,0.6,0.61,,,,
2026-01-06 02:51:56.639000+00:00,2026-01-06 02:51:56.684386+00:00,416.639,0.39,0.38,0.4,0.61,0.6,0.62,,,,
2026-01-06 02:51:57.533000+00:00,2026-01-06 02:51:57.679425+00:00,417.533,0.395,0.39,0.4,0.605,0.6,0.61,,,,
2026-01-06 02:51:58.664000+00:00,2026-01-06 02:51:58.682048+00:00,418.664,0.4,0.39,0.41,0.6,0.59,0.61,,,,
2026-01-06 02:51:59.683000+00:00,2026-01-06 02:51:59.693104+00:00,419.683,0.4,0.39,0.41,0.6,0.59,0.61,,,,
2026-01-06 02:52:00.573000+00:00,2026-01-06 02:52:00.695961+00:00,420.573,0.4,0.39,0.41,0.6,0.59,0.61,,,,
2026-01-06 02:52:01.616000+00:00,2026-01-06 02:52:01.708235+00:00,421.616,0.405,0.39,0.42,0.595,0.58,0.61,,,,
2026-01-06 02:52:02.648000+00:00,2026-01-06 02:52:02.725312+00:00,422.648,0.4,0.39,0.41,0.6,0.59,0.61,,,,
2026-01-06 02:52:03.747000+00:00,2026-01-06 02:52:03.723866+00:00,423.747,0.4,0.39,0.41,0.6,0.59,0.61,,,,
2026-01-06 02:52:04.742000+00:00,2026-01-06 02:52:04.739820+00:00,424.742,0.4,0.39,0.41,0.6,0.59,0.61,,,,
2026-01-06 02:52:05.823000+00:00,2026-01-06 02:52:05.813542+00:00,425.823,0.385,0.38,0.39,0.615,0.61,0.62,,,,
2026-01-06 02:52:06.801000+00:00,2026-01-06 02:52:06.813730+00:00,426.801,0.35,0.34,0.36,0.65,0.64,0.66,,,,
2026-01-06 02:52:07.727000+00:00,2026-01-06 02:52:07.803868+00:00,427.727,0.345,0.34,0.35,0.645,0.64,0.65,,,,
2026-01-06 02:52:08.762000+00:00,2026-01-06 02:52:08.804503+00:00,428.762,0.415,0.41,0.42,0.585,0.58,0.59,,,,
2026-01-06 02:52:09.676000+00:00,2026-01-06 02:52:09.831800+00:00,429.676,0.41,0.4,0.42,0.59,0.58,0.6,,,,
2026-01-06 02:52:10.873000+00:00,2026-01-06 02:52:10.891143+00:00,430.873,0.405,0.4,0.41,0.595,0.59,0.6,,,,
2026-01-06 02:52:11.788000+00:00,2026-01-06 02:52:11.904890+00:00,431.788,0.405,0.4,0.41,0.595,0.59,0.6,,,,
2026-01-06 02:52:12.893000+00:00,2026-01-06 02:52:12.913801+00:00,432.893,0.405,0.4,0.41,0.605,0.6,0.61,,,,
2026-01-06 02:52:13.921000+00:00,2026-01-06 02:52:13.923846+00:00,433.921,0.335,0.33,0.34,0.665,0.66,0.67,,,,
2026-01-06 02:52:14.947000+00:00,2026-01-06 02:52:14.944118+00:00,434.947,0.335,0.33,0.34,0.675,0.67,0.68,,,,
2026-01-06 02:52:15.973000+00:00,2026-01-06 02:52:15.978262+00:00,435.973,0.29,0.28,0.3,0.715,0.71,0.72,,,,
2026-01-06 02:52:16.981000+00:00,2026-01-06 02:52:16.976034+00:00,436.981,0.29,0.28,0.3,0.71,0.7,0.72,,,,
2026-01-06 02:52:17.967000+00:00,2026-01-06 02:52:17.977720+00:00,437.967,0.305,0.3,0.31,0.695,0.69,0.7,,,,
2026-01-06 02:52:18.985000+00:00,2026-01-06 02:52:18.981012+00:00,438.985,0.345,0.34,0.35,0.655,0.65,0.66,,,,
2026-01-06 02:52:19.943000+00:00,2026-01-06 02:52:19.982034+00:00,439.943,0.345,0.34,0.35,0.665,0.66,0.67,,,,
2026-01-06 02:52:20.932000+00:00,2026-01-06 02:52:20.997115+00:00,440.932,0.335,0.33,0.34,0.67,0.66,0.68,,,,
2026-01-06 02:52:22.001000+00:00,2026-01-06 02:52:22.011194+00:00,442.001,0.335,0.33,0.34,0.665,0.66,0.67,,,,
2026-01-06 02:52:23.948000+00:00,2026-01-06 02:52:24.016127+00:00,443.948,0.315,0.31,0.32,0.685,0.68,0.69,,,,
2026-01-06 02:52:24.964000+00:00,2026-01-06 02:52:25.032907+00:00,444.964,0.315,0.31,0.32,0.685,0.68,0.69,,,,
2026-01-06 02:52:26+00:00,2026-01-06 02:52:26.031846+00:00,446.0,0.315,0.31,0.32,0.685,0.68,0.69,,,,
2026-01-06 02:52:27.987000+00:00,2026-01-06 02:52:28.038616+00:00,447.987,0.315,0.31,0.32,0.69,0.68,0.7,,,,
2026-01-06 02:52:29.168000+00:00,2026-01-06 02:52:29.182936+00:00,449.168,0.31,0.3,0.32,0.695,0.69,0.7,,,,
2026-01-06 02:52:30.133000+00:00,2026-01-06 02:52:30.207627+00:00,450.133,0.305,0.3,0.31,0.695,0.69,0.7,,,,
2026-01-06 02:52:31.202000+00:00,2026-01-06 02:52:31.222522+00:00,451.202,0.305,0.3,0.31,0.695,0.69,0.7,,,,
2026-01-06 02:52:32.212000+00:00,2026-01-06 02:52:32.220658+00:00,452.212,0.31,0.3,0.32,0.69,0.68,0.7,,,,
2026-01-06 02:52:33.281000+00:00,2026-01-06 02:52:33.232823+00:00,453.281,0.31,0.3,0.32,0.69,0.68,0.7,,,,
2026-01-06 02:52:34.130000+00:00,2026-01-06 02:52:34.243522+00:00,454.13,0.31,0.3,0.32,0.69,0.68,0.7,,,,
2026-01-06 02:52:35.258000+00:00,2026-01-06 02:52:35.279978+00:00,455.258,0.315,0.31,0.32,0.685,0.68,0.69,,,,
2026-01-06 02:52:36.248000+00:00,2026-01-06 02:52:36.277942+00:00,456.248,0.315,0.31,0.32,0.685,0.68,0.69,,,,
2026-01-06 02:52:37.289000+00:00,2026-01-06 02:52:37.290061+00:00,457.289,0.32,0.31,0.33,0.665,0.66,0.67,,,,
2026-01-06 02:52:38.297000+00:00,2026-01-06 02:52:38.293599+00:00,458.297,0.3399999999999999,0.33,0.35,0.66,0.65,0.67,,,,
2026-01-06 02:52:39.301000+00:00,2026-01-06 02:52:39.301673+00:00,459.301,0.345,0.34,0.35,0.65,0.64,0.66,,,,
2026-01-06 02:52:40.308000+00:00,2026-01-06 02:52:40.298872+00:00,460.308,0.35,0.34,0.36,0.65,0.64,0.66,,,,
2026-01-06 02:52:41.139000+00:00,2026-01-06 02:52:41.291210+00:00,461.139,0.35,0.34,0.36,0.65,0.64,0.66,,,,
2026-01-06 02:52:42.903000+00:00,2026-01-06 02:52:42.885106+00:00,462.903,0.355,0.35,0.36,0.645,0.64,0.65,,,,
2026-01-06 02:52:44.257000+00:00,2026-01-06 02:52:44.251368+00:00,464.257,0.385,0.38,0.39,0.635,0.63,0.64,,,,
2026-01-06 02:52:45.253000+00:00,2026-01-06 02:52:45.259946+00:00,465.253,0.35,0.34,0.36,0.65,0.64,0.66,,,,
2026-01-06 02:52:46.269000+00:00,2026-01-06 02:52:46.264051+00:00,466.269,0.375,0.37,0.38,0.625,0.62,0.63,,,,
2026-01-06 02:52:47.311000+00:00,2026-01-06 02:52:47.284539+00:00,467.311,0.385,0.38,0.39,0.615,0.61,0.62,,,,
2026-01-06 02:52:48.173000+00:00,2026-01-06 02:52:48.293069+00:00,468.173,0.385,0.38,0.39,0.615,0.61,0.62,,,,
2026-01-06 02:52:49.489000+00:00,2026-01-06 02:52:49.477630+00:00,469.489,0.385,0.38,0.39,0.615,0.61,0.62,,,,
2026-01-06 02:52:50.469000+00:00,2026-01-06 02:52:50.480238+00:00,470.469,0.385,0.38,0.39,0.615,0.61,0.62,,,,
2026-01-06 02:52:51.489000+00:00,2026-01-06 02:52:51.502585+00:00,471.489,0.385,0.38,0.39,0.615,0.61,0.62,,,,
2026-01-06 02:52:52.832000+00:00,2026-01-06 02:52:52.859108+00:00,472.832,0.395,0.39,0.4,0.605,0.6,0.61,,,,
2026-01-06 02:52:53.864000+00:00,2026-01-06 02:52:53.856371+00:00,473.864,0.385,0.38,0.39,0.61,0.6,0.62,,,,
2026-01-06 02:52:55.196000+00:00,2026-01-06 02:52:55.195621+00:00,475.196,0.38,0.37,0.39,0.62,0.61,0.63,,,,
2026-01-06 02:52:56.123000+00:00,2026-01-06 02:52:56.186084+00:00,476.123,0.375,0.37,0.38,0.625,0.62,0.63,,,,
2026-01-06 02:52:57.071000+00:00,2026-01-06 02:52:57.216017+00:00,477.071,0.38,0.37,0.39,0.62,0.61,0.63,,,,
2026-01-06 02:52:58.249000+00:00,2026-01-06 02:52:58.223530+00:00,478.249,0.385,0.38,0.39,0.615,0.61,0.62,,,,
2026-01-06 02:52:59.206000+00:00,2026-01-06 02:52:59.217646+00:00,479.206,0.405,0.4,0.41,0.595,0.59,0.6,,,,
2026-01-06 02:53:00.194000+00:00,2026-01-06 02:53:00.198608+00:00,480.194,0.405,0.4,0.41,0.595,0.59,0.6,,,,
2026-01-06 02:53:01.201000+00:00,2026-01-06 02:53:01.211713+00:00,481.201,0.405,0.4,0.41,0.595,0.59,0.6,,,,
2026-01-06 02:53:02.356000+00:00,2026-01-06 02:53:02.230085+00:00,482.356,0.405,0.4,0.41,0.585,0.58,0.59,,,,
2026-01-06 02:53:03.222000+00:00,2026-01-06 02:53:03.217935+00:00,483.222,0.415,0.41,0.42,0.585,0.58,0.59,,,,
2026-01-06 02:53:04.227000+00:00,2026-01-06 02:53:04.221269+00:00,484.227,0.415,0.41,0.42,0.585,0.58,0.59,,,,
2026-01-06 02:53:05.257000+00:00,2026-01-06 02:53:05.312044+00:00,485.257,0.415,0.41,0.42,0.585,0.58,0.59,,,,
2026-01-06 02:53:06.316000+00:00,2026-01-06 02:53:06.316319+00:00,486.316,0.415,0.41,0.42,0.585,0.58,0.59,,,,
2026-01-06 02:53:07.383000+00:00,2026-01-06 02:53:07.375444+00:00,487.383,0.42,0.41,0.43,0.575,0.57,0.58,,,,
2026-01-06 02:53:08.380000+00:00,2026-01-06 02:53:08.378137+00:00,488.38,0.425,0.42,0.43,0.575,0.57,0.58,,,,
2026-01-06 02:53:09.389000+00:00,2026-01-06 02:53:09.362787+00:00,489.389,0.425,0.42,0.43,0.575,0.57,0.58,,,,
2026-01-06 02:53:10.404000+00:00,2026-01-06 02:53:10.392296+00:00,490.404,0.455,0.45,0.46,0.59,0.58,0.6,,,,
2026-01-06 02:53:11.371000+00:00,2026-01-06 02:53:11.376661+00:00,491.371,0.385,0.38,0.39,0.615,0.61,0.62,,,,
2026-01-06 02:53:12.357000+00:00,2026-01-06 02:53:12.401760+00:00,492.357,0.385,0.38,0.39,0.615,0.61,0.62,,,,
2026-01-06 02:53:13.180000+00:00,2026-01-06 02:53:13.398723+00:00,493.18,0.385,0.38,0.39,0.605,0.6,0.61,,,,
2026-01-06 02:53:14.402000+00:00,2026-01-06 02:53:14.413869+00:00,494.402,0.415,0.41,0.42,0.585,0.58,0.59,,,,
2026-01-06 02:53:15.406000+00:00,2026-01-06 02:53:15.403478+00:00,495.406,0.415,0.41,0.42,0.585,0.58,0.59,,,,
2026-01-06 02:53:16.517000+00:00,2026-01-06 02:53:16.468358+00:00,496.517,0.405,0.4,0.41,0.595,0.59,0.6,,,,
2026-01-06 02:53:17.512000+00:00,2026-01-06 02:53:17.614538+00:00,497.512,0.405,0.4,0.41,0.595,0.59,0.6,,,,
2026-01-06 02:53:18.363000+00:00,2026-01-06 02:53:18.625076+00:00,498.363,0.405,0.4,0.41,0.595,0.59,0.6,,,,
2026-01-06 02:53:19.613000+00:00,2026-01-06 02:53:19.621185+00:00,499.613,0.415,0.41,0.42,0.585,0.58,0.59,,,,
2026-01-06 02:53:20.515000+00:00,2026-01-06 02:53:20.625800+00:00,500.515,0.415,0.41,0.42,0.585,0.58,0.59,,,,
2026-01-06 02:53:21.644000+00:00,2026-01-06 02:53:21.640442+00:00,501.644,0.415,0.41,0.42,0.585,0.58,0.59,,,,
2026-01-06 02:53:22.664000+00:00,2026-01-06 02:53:22.657342+00:00,502.664,0.415,0.41,0.42,0.585,0.58,0.59,,,,
2026-01-06 02:53:23.617000+00:00,2026-01-06 02:53:23.660459+00:00,503.617,0.415,0.41,0.42,0.585,0.58,0.59,,,,
2026-01-06 02:53:25.006000+00:00,2026-01-06 02:53:25.145004+00:00,505.006,0.41,0.4,0.42,0.595,0.59,0.6,,,,
2026-01-06 02:53:26.196000+00:00,2026-01-06 02:53:26.181587+00:00,506.196,0.41,0.4,0.42,0.59,0.58,0.6,,,,
2026-01-06 02:53:27.157000+00:00,2026-01-06 02:53:27.188550+00:00,507.157,0.41,0.4,0.42,0.585,0.58,0.59,,,,
2026-01-06 02:53:28.188000+00:00,2026-01-06 02:53:28.188703+00:00,508.188,0.425,0.42,0.43,0.575,0.57,0.58,,,,
2026-01-06 02:53:29.189000+00:00,2026-01-06 02:53:29.198021+00:00,509.189,0.425,0.42,0.43,0.575,0.57,0.58,,,,
2026-01-06 02:53:30.187000+00:00,2026-01-06 02:53:30.258279+00:00,510.187,0.425,0.42,0.43,0.575,0.57,0.58,,,,
2026-01-06 02:53:31.181000+00:00,2026-01-06 02:53:31.261806+00:00,511.181,0.425,0.42,0.43,0.575,0.57,0.58,,,,
2026-01-06 02:53:32.262000+00:00,2026-01-06 02:53:32.254382+00:00,512.262,0.435,0.43,0.44,0.565,0.56,0.57,,,,
2026-01-06 02:53:33+00:00,2026-01-06 02:53:33.255273+00:00,513.0,0.435,0.43,0.44,0.56,0.55,0.57,,,,
2026-01-06 02:53:34.171000+00:00,2026-01-06 02:53:34.235966+00:00,514.171,0.435,0.43,0.44,0.565,0.56,0.57,,,,
2026-01-06 02:53:35.160000+00:00,2026-01-06 02:53:35.255830+00:00,515.16,0.43,0.42,0.44,0.5700000000000001,0.56,0.58,,,,
2026-01-06 02:53:36.075000+00:00,2026-01-06 02:53:36.276039+00:00,516.075,0.43,0.42,0.44,0.5700000000000001,0.56,0.58,,,,
2026-01-06 02:53:37.172000+00:00,2026-01-06 02:53:37.288061+00:00,517.172,0.43,0.42,0.44,0.5700000000000001,0.56,0.58,,,,
2026-01-06 02:53:38.167000+00:00,2026-01-06 02:53:38.294371+00:00,518.167,0.43,0.42,0.44,0.5700000000000001,0.56,0.58,,,,
2026-01-06 02:53:39.203000+00:00,2026-01-06 02:53:39.309967+00:00,519.203,0.43,0.42,0.44,0.5700000000000001,0.56,0.58,,,,
2026-01-06 02:53:40.260000+00:00,2026-01-06 02:53:40.305153+00:00,520.26,0.425,0.42,0.43,0.575,0.57,0.58,,,,
2026-01-06 02:53:41.101000+00:00,2026-01-06 02:53:41.322328+00:00,521.101,0.425,0.42,0.43,0.575,0.57,0.58,,,,
2026-01-06 02:53:42.351000+00:00,2026-01-06 02:53:42.321746+00:00,522.351,0.425,0.42,0.43,0.575,0.57,0.58,,,,
2026-01-06 02:53:43.405000+00:00,2026-01-06 02:53:43.370795+00:00,523.405,0.48,0.47,0.49,0.52,0.51,0.53,,,,
2026-01-06 02:53:44.348000+00:00,2026-01-06 02:53:44.380295+00:00,524.348,0.48,0.47,0.49,0.52,0.51,0.53,,,,
2026-01-06 02:53:45.385000+00:00,2026-01-06 02:53:45.480927+00:00,525.385,0.475,0.47,0.48,0.525,0.52,0.53,,,,
2026-01-06 02:53:46.487000+00:00,2026-01-06 02:53:46.482299+00:00,526.487,0.455,0.45,0.46,0.615,0.61,0.62,,,,
2026-01-06 02:53:47.500000+00:00,2026-01-06 02:53:47.499777+00:00,527.5,0.395,0.39,0.4,0.595,0.59,0.6,,,,
2026-01-06 02:53:48.575000+00:00,2026-01-06 02:53:48.578319+00:00,528.575,0.4,0.39,0.41,0.6,0.59,0.61,,,,
2026-01-06 02:53:49.360000+00:00,2026-01-06 02:53:49.559657+00:00,529.36,0.4,0.39,0.41,0.6,0.59,0.61,,,,
2026-01-06 02:53:50.560000+00:00,2026-01-06 02:53:50.553949+00:00,530.56,0.395,0.39,0.4,0.605,0.6,0.61,,,,
2026-01-06 02:53:51.370000+00:00,2026-01-06 02:53:51.556777+00:00,531.37,0.395,0.39,0.4,0.605,0.6,0.61,,,,
2026-01-06 02:53:52.461000+00:00,2026-01-06 02:53:52.558613+00:00,532.461,0.395,0.39,0.4,0.605,0.6,0.61,,,,
2026-01-06 02:53:53.567000+00:00,2026-01-06 02:53:53.570612+00:00,533.567,0.395,0.39,0.4,0.605,0.6,0.61,,,,
2026-01-06 02:53:54.598000+00:00,2026-01-06 02:53:54.582641+00:00,534.598,0.475,0.47,0.48,0.52,0.51,0.53,,,,
2026-01-06 02:53:55.634000+00:00,2026-01-06 02:53:55.592070+00:00,535.634,0.47,0.46,0.48,0.53,0.52,0.54,,,,
2026-01-06 02:53:56.604000+00:00,2026-01-06 02:53:56.598275+00:00,536.604,0.485,0.48,0.49,0.525,0.52,0.53,,,,
2026-01-06 02:53:57.572000+00:00,2026-01-06 02:53:57.587042+00:00,537.572,0.475,0.47,0.48,0.525,0.52,0.53,,,,
2026-01-06 02:53:58.586000+00:00,2026-01-06 02:53:58.599125+00:00,538.586,0.475,0.47,0.48,0.53,0.52,0.54,,,,
2026-01-06 02:53:59.697000+00:00,2026-01-06 02:53:59.716917+00:00,539.697,0.47,0.46,0.48,0.53,0.52,0.54,,,,
2026-01-06 02:54:00.731000+00:00,2026-01-06 02:54:00.728754+00:00,540.731,0.47,0.46,0.48,0.53,0.52,0.54,,,,
2026-01-06 02:54:01.696000+00:00,2026-01-06 02:54:01.725853+00:00,541.696,0.47,0.46,0.48,0.53,0.52,0.54,,,,
2026-01-06 02:54:02.741000+00:00,2026-01-06 02:54:02.744374+00:00,542.741,0.4649999999999999,0.46,0.47,0.535,0.53,0.54,,,,
2026-01-06 02:54:03.778000+00:00,2026-01-06 02:54:03.752924+00:00,543.778,0.47,0.46,0.48,0.525,0.52,0.53,,,,
2026-01-06 02:54:04.626000+00:00,2026-01-06 02:54:04.754044+00:00,544.626,0.47,0.46,0.48,0.53,0.52,0.54,,,,
2026-01-06 02:54:05.816000+00:00,2026-01-06 02:54:05.804018+00:00,545.816,0.47,0.46,0.48,0.53,0.52,0.54,,,,
2026-01-06 02:54:06.585000+00:00,2026-01-06 02:54:06.777362+00:00,546.585,0.47,0.46,0.48,0.53,0.52,0.54,,,,
2026-01-06 02:54:07.809000+00:00,2026-01-06 02:54:07.802344+00:00,547.809,0.49,0.48,0.5,0.505,0.5,0.51,,,,
2026-01-06 02:54:08.812000+00:00,2026-01-06 02:54:08.814542+00:00,548.812,0.495,0.49,0.5,0.505,0.5,0.51,,,,
2026-01-06 02:54:09.820000+00:00,2026-01-06 02:54:09.816806+00:00,549.82,0.525,0.52,0.53,0.475,0.47,0.48,,,,
2026-01-06 02:54:10.806000+00:00,2026-01-06 02:54:10.814760+00:00,550.806,0.525,0.52,0.53,0.475,0.47,0.48,,,,
2026-01-06 02:54:11.821000+00:00,2026-01-06 02:54:11.816452+00:00,551.821,0.52,0.51,0.53,0.48,0.47,0.49,,,,
2026-01-06 02:54:12.801000+00:00,2026-01-06 02:54:12.813802+00:00,552.801,0.52,0.51,0.53,0.48,0.47,0.49,,,,
2026-01-06 02:54:13.840000+00:00,2026-01-06 02:54:13.852417+00:00,553.84,0.505,0.5,0.51,0.52,0.51,0.53,,,,
2026-01-06 02:54:14.797000+00:00,2026-01-06 02:54:14.856444+00:00,554.797,0.48,0.47,0.49,0.52,0.51,0.53,,,,
2026-01-06 02:54:15.921000+00:00,2026-01-06 02:54:15.913212+00:00,555.921,0.485,0.48,0.49,0.505,0.5,0.51,,,,
2026-01-06 02:54:16.914000+00:00,2026-01-06 02:54:16.947845+00:00,556.914,0.495,0.49,0.5,0.505,0.5,0.51,,,,
2026-01-06 02:54:17.552000+00:00,2026-01-06 02:54:17.951604+00:00,557.552,0.495,0.49,0.5,0.505,0.5,0.51,,,,
2026-01-06 02:54:19.991000+00:00,2026-01-06 02:54:19.985234+00:00,559.991,0.49,0.48,0.5,0.515,0.51,0.52,,,,
2026-01-06 02:54:20.950000+00:00,2026-01-06 02:54:20.998057+00:00,560.95,0.485,0.48,0.49,0.515,0.51,0.52,,,,
2026-01-06 02:54:22.362000+00:00,2026-01-06 02:54:22.328930+00:00,562.362,0.485,0.48,0.49,0.52,0.51,0.53,,,,
2026-01-06 02:54:23.350000+00:00,2026-01-06 02:54:23.343473+00:00,563.35,0.48,0.47,0.49,0.52,0.51,0.53,,,,
2026-01-06 02:54:24.313000+00:00,2026-01-06 02:54:24.355334+00:00,564.313,0.48,0.47,0.49,0.525,0.52,0.53,,,,
2026-01-06 02:54:25.352000+00:00,2026-01-06 02:54:25.353976+00:00,565.352,0.445,0.44,0.45,0.555,0.55,0.56,,,,
2026-01-06 02:54:26.278000+00:00,2026-01-06 02:54:26.342315+00:00,566.278,0.445,0.44,0.45,0.555,0.55,0.56,,,,
2026-01-06 02:54:27.324000+00:00,2026-01-06 02:54:27.326041+00:00,567.324,0.445,0.44,0.45,0.555,0.55,0.56,,,,
2026-01-06 02:54:28.213000+00:00,2026-01-06 02:54:28.340682+00:00,568.213,0.445,0.44,0.45,0.555,0.55,0.56,,,,
2026-01-06 02:54:29.248000+00:00,2026-01-06 02:54:29.330840+00:00,569.248,0.445,0.44,0.45,0.555,0.55,0.56,,,,
2026-01-06 02:54:30.088000+00:00,2026-01-06 02:54:30.337006+00:00,570.088,0.445,0.44,0.45,0.555,0.55,0.56,,,,
2026-01-06 02:54:31.227000+00:00,2026-01-06 02:54:31.336048+00:00,571.227,0.445,0.44,0.45,0.555,0.55,0.56,,,,
2026-01-06 02:54:32.660000+00:00,2026-01-06 02:54:32.657441+00:00,572.66,0.435,0.43,0.44,0.56,0.55,0.57,,,,
2026-01-06 02:54:33.600000+00:00,2026-01-06 02:54:33.657803+00:00,573.6,0.44,0.43,0.45,0.56,0.55,0.57,,,,
2026-01-06 02:54:34.483000+00:00,2026-01-06 02:54:34.664754+00:00,574.483,0.44,0.43,0.45,0.56,0.55,0.57,,,,
2026-01-06 02:54:35.684000+00:00,2026-01-06 02:54:35.685168+00:00,575.684,0.445,0.44,0.45,0.56,0.55,0.57,,,,
2026-01-06 02:54:36.703000+00:00,2026-01-06 02:54:36.699960+00:00,576.703,0.415,0.41,0.42,0.585,0.58,0.59,,,,
2026-01-06 02:54:38.119000+00:00,2026-01-06 02:54:38.094552+00:00,578.119,0.435,0.43,0.44,0.525,0.52,0.53,,,,
2026-01-06 02:54:39.089000+00:00,2026-01-06 02:54:39.092845+00:00,579.089,0.505,0.5,0.51,0.505,0.5,0.51,,,,
2026-01-06 02:54:40.075000+00:00,2026-01-06 02:54:40.098471+00:00,580.075,0.495,0.49,0.5,0.505,0.5,0.51,,,,
2026-01-06 02:54:41.998000+00:00,2026-01-06 02:54:42.094373+00:00,581.998,0.495,0.49,0.5,0.505,0.5,0.51,,,,
2026-01-06 02:54:43.092000+00:00,2026-01-06 02:54:43.093129+00:00,583.092,0.495,0.49,0.5,0.505,0.5,0.51,,,,
2026-01-06 02:54:44.044000+00:00,2026-01-06 02:54:44.109596+00:00,584.044,0.495,0.49,0.5,0.505,0.5,0.51,,,,
2026-01-06 02:54:45.583000+00:00,2026-01-06 02:54:46.136270+00:00,585.583,0.495,0.49,0.5,0.5,0.49,0.51,,,,
2026-01-06 02:54:47.072000+00:00,2026-01-06 02:54:47.131606+00:00,587.072,0.485,0.48,0.49,0.515,0.51,0.52,,,,
2026-01-06 02:54:48.123000+00:00,2026-01-06 02:54:48.127156+00:00,588.123,0.485,0.48,0.49,0.515,0.51,0.52,,,,
2026-01-06 02:54:49.062000+00:00,2026-01-06 02:54:49.121960+00:00,589.062,0.485,0.48,0.49,0.515,0.51,0.52,,,,
2026-01-06 02:54:50.560000+00:00,2026-01-06 02:54:51.112370+00:00,590.56,0.485,0.48,0.49,0.515,0.51,0.52,,,,
2026-01-06 02:54:52.854000+00:00,2026-01-06 02:54:53.149849+00:00,592.854,0.485,0.48,0.49,0.515,0.51,0.52,,,,
2026-01-06 02:54:53.922000+00:00,2026-01-06 02:54:54.154903+00:00,593.922,0.485,0.48,0.49,0.515,0.51,0.52,,,,
2026-01-06 02:54:55.891000+00:00,2026-01-06 02:54:56.199198+00:00,595.891,0.485,0.48,0.49,0.515,0.51,0.52,,,,
2026-01-06 02:54:57.195000+00:00,2026-01-06 02:54:57.207328+00:00,597.195,0.485,0.48,0.49,0.515,0.51,0.52,,,,
2026-01-06 02:54:58.159000+00:00,2026-01-06 02:54:58.214560+00:00,598.159,0.485,0.48,0.49,0.505,0.5,0.51,,,,
2026-01-06 02:54:59.245000+00:00,2026-01-06 02:54:59.233431+00:00,599.245,0.545,0.54,0.55,0.4599999999999999,0.45,0.47,,,,
2026-01-06 02:55:00.185000+00:00,2026-01-06 02:55:00.251413+00:00,600.185,0.535,0.53,0.54,0.4649999999999999,0.46,0.47,,,,
2026-01-06 02:55:01.267000+00:00,2026-01-06 02:55:01.260108+00:00,601.267,0.645,0.64,0.65,0.355,0.35,0.36,,,,
2026-01-06 02:55:02.282000+00:00,2026-01-06 02:55:02.271339+00:00,602.282,0.695,0.69,0.7,0.36,0.35,0.37,,,,
2026-01-06 02:55:03.723000+00:00,2026-01-06 02:55:03.715967+00:00,603.723,0.645,0.64,0.65,0.355,0.35,0.36,,,,
2026-01-06 02:55:04.694000+00:00,2026-01-06 02:55:04.721997+00:00,604.694,0.655,0.65,0.66,0.35,0.34,0.36,,,,
2026-01-06 02:55:05.886000+00:00,2026-01-06 02:55:05.874843+00:00,605.886,0.65,0.64,0.66,0.355,0.35,0.36,,,,
2026-01-06 02:55:06.845000+00:00,2026-01-06 02:55:06.873590+00:00,606.845,0.655,0.65,0.66,0.345,0.34,0.35,,,,
2026-01-06 02:55:07.854000+00:00,2026-01-06 02:55:07.888569+00:00,607.854,0.645,0.64,0.65,0.355,0.35,0.36,,,,
2026-01-06 02:55:08.912000+00:00,2026-01-06 02:55:08.912381+00:00,608.912,0.645,0.64,0.65,0.355,0.35,0.36,,,,
2026-01-06 02:55:09.916000+00:00,2026-01-06 02:55:09.912433+00:00,609.916,0.625,0.62,0.63,0.375,0.37,0.38,,,,
2026-01-06 02:55:14.543000+00:00,2026-01-06 02:55:14.471225+00:00,614.543,0.545,0.54,0.55,0.455,0.45,0.46,,,,
2026-01-06 02:55:15.444000+00:00,2026-01-06 02:55:15.487712+00:00,615.444,0.545,0.54,0.55,0.455,0.45,0.46,,,,
2026-01-06 02:55:16.471000+00:00,2026-01-06 02:55:16.483468+00:00,616.471,0.545,0.54,0.55,0.455,0.45,0.46,,,,
2026-01-06 02:55:17.433000+00:00,2026-01-06 02:55:17.492665+00:00,617.433,0.545,0.54,0.55,0.455,0.45,0.46,,,,
2026-01-06 02:55:18.197000+00:00,2026-01-06 02:55:18.493486+00:00,618.197,0.545,0.54,0.55,0.455,0.45,0.46,,,,
2026-01-06 02:55:19.503000+00:00,2026-01-06 02:55:19.495599+00:00,619.503,0.545,0.54,0.55,0.455,0.45,0.46,,,,
2026-01-06 02:55:20.470000+00:00,2026-01-06 02:55:20.492833+00:00,620.47,0.545,0.54,0.55,0.455,0.45,0.46,,,,
2026-01-06 02:55:21.422000+00:00,2026-01-06 02:55:21.502508+00:00,621.422,0.545,0.54,0.55,0.455,0.45,0.46,,,,
2026-01-06 02:55:22.488000+00:00,2026-01-06 02:55:22.501830+00:00,622.488,0.555,0.55,0.56,0.445,0.44,0.45,,,,
2026-01-06 02:55:23.545000+00:00,2026-01-06 02:55:23.504655+00:00,623.545,0.555,0.55,0.56,0.43,0.42,0.44,,,,
2026-01-06 02:55:24.453000+00:00,2026-01-06 02:55:24.503357+00:00,624.453,0.5700000000000001,0.56,0.58,0.43,0.42,0.44,,,,
2026-01-06 02:55:25.497000+00:00,2026-01-06 02:55:25.504834+00:00,625.497,0.575,0.57,0.58,0.425,0.42,0.43,,,,
2026-01-06 02:55:26.524000+00:00,2026-01-06 02:55:26.515990+00:00,626.524,0.585,0.58,0.59,0.41,0.4,0.42,,,,
2026-01-06 02:55:27.502000+00:00,2026-01-06 02:55:27.521137+00:00,627.502,0.625,0.62,0.63,0.375,0.37,0.38,,,,
2026-01-06 02:55:28.509000+00:00,2026-01-06 02:55:28.523413+00:00,628.509,0.63,0.62,0.64,0.37,0.36,0.38,,,,
2026-01-06 02:55:29.397000+00:00,2026-01-06 02:55:29.511427+00:00,629.397,0.625,0.62,0.63,0.37,0.36,0.38,,,,
2026-01-06 02:55:30.624000+00:00,2026-01-06 02:55:30.648423+00:00,630.624,0.635,0.63,0.64,0.365,0.36,0.37,,,,
2026-01-06 02:55:31.660000+00:00,2026-01-06 02:55:31.648004+00:00,631.66,0.665,0.66,0.67,0.335,0.33,0.34,,,,
2026-01-06 02:55:32.651000+00:00,2026-01-06 02:55:32.658964+00:00,632.651,0.665,0.66,0.67,0.345,0.33,0.36,,,,
2026-01-06 02:55:33.676000+00:00,2026-01-06 02:55:33.661881+00:00,633.676,0.625,0.62,0.63,0.375,0.37,0.38,,,,
2026-01-06 02:55:34.674000+00:00,2026-01-06 02:55:34.664563+00:00,634.674,0.635,0.63,0.64,0.355,0.35,0.36,,,,
2026-01-06 02:55:35.633000+00:00,2026-01-06 02:55:35.675698+00:00,635.633,0.64,0.63,0.65,0.36,0.35,0.37,,,,
2026-01-06 02:55:36.652000+00:00,2026-01-06 02:55:36.677351+00:00,636.652,0.645,0.64,0.65,0.35,0.34,0.36,,,,
2026-01-06 02:55:37.659000+00:00,2026-01-06 02:55:37.672186+00:00,637.659,0.665,0.66,0.67,0.33,0.32,0.34,,,,
2026-01-06 02:55:38.660000+00:00,2026-01-06 02:55:38.682309+00:00,638.66,0.67,0.66,0.68,0.33,0.32,0.34,,,,
2026-01-06 02:55:39.604000+00:00,2026-01-06 02:55:39.684531+00:00,639.604,0.67,0.66,0.68,0.33,0.32,0.34,,,,
2026-01-06 02:55:40.674000+00:00,2026-01-06 02:55:40.699184+00:00,640.674,0.67,0.66,0.68,0.33,0.32,0.34,,,,
2026-01-06 02:55:41.635000+00:00,2026-01-06 02:55:41.698349+00:00,641.635,0.67,0.66,0.68,0.33,0.32,0.34,,,,
2026-01-06 02:55:42.674000+00:00,2026-01-06 02:55:42.689189+00:00,642.674,0.665,0.65,0.68,0.3349999999999999,0.32,0.35,,,,
2026-01-06 02:55:43.688000+00:00,2026-01-06 02:55:43.686334+00:00,643.688,0.665,0.65,0.68,0.3349999999999999,0.32,0.35,,,,
2026-01-06 02:55:44.698000+00:00,2026-01-06 02:55:44.697778+00:00,644.698,0.66,0.65,0.67,0.3349999999999999,0.32,0.35,,,,
2026-01-06 02:55:45.703000+00:00,2026-01-06 02:55:45.699638+00:00,645.703,0.62,0.61,0.63,0.39,0.38,0.4,,,,
2026-01-06 02:55:46.698000+00:00,2026-01-06 02:55:46.704847+00:00,646.698,0.595,0.59,0.6,0.405,0.4,0.41,,,,
2026-01-06 02:55:47.593000+00:00,2026-01-06 02:55:47.702232+00:00,647.593,0.595,0.59,0.6,0.405,0.4,0.41,,,,
2026-01-06 02:55:48.672000+00:00,2026-01-06 02:55:48.686896+00:00,648.672,0.595,0.59,0.6,0.405,0.4,0.41,,,,
2026-01-06 02:55:49.697000+00:00,2026-01-06 02:55:49.721641+00:00,649.697,0.595,0.59,0.6,0.405,0.4,0.41,,,,
2026-01-06 02:55:50.637000+00:00,2026-01-06 02:55:50.704519+00:00,650.637,0.595,0.59,0.6,0.405,0.4,0.41,,,,
2026-01-06 02:55:51.291000+00:00,2026-01-06 02:55:51.695513+00:00,651.291,0.595,0.59,0.6,0.405,0.4,0.41,,,,
2026-01-06 02:55:52.748000+00:00,2026-01-06 02:55:52.743146+00:00,652.748,0.595,0.59,0.6,0.405,0.4,0.41,,,,
2026-01-06 02:55:53.491000+00:00,2026-01-06 02:55:53.748306+00:00,653.491,0.605,0.6,0.61,0.395,0.39,0.4,,,,
2026-01-06 02:55:54.746000+00:00,2026-01-06 02:55:54.765243+00:00,654.746,0.605,0.6,0.61,0.395,0.39,0.4,,,,
2026-01-06 02:55:55.740000+00:00,2026-01-06 02:55:55.779193+00:00,655.74,0.605,0.6,0.61,0.395,0.39,0.4,,,,
2026-01-06 02:55:56.787000+00:00,2026-01-06 02:55:56.789679+00:00,656.787,0.615,0.61,0.62,0.385,0.38,0.39,,,,
2026-01-06 02:55:57.763000+00:00,2026-01-06 02:55:57.811979+00:00,657.763,0.635,0.63,0.64,0.365,0.36,0.37,,,,
2026-01-06 02:55:58.762000+00:00,2026-01-06 02:55:58.812469+00:00,658.762,0.625,0.62,0.63,0.385,0.38,0.39,,,,
2026-01-06 02:55:59.835000+00:00,2026-01-06 02:55:59.822010+00:00,659.835,0.625,0.62,0.63,0.375,0.37,0.38,,,,
2026-01-06 02:56:00.826000+00:00,2026-01-06 02:56:00.837214+00:00,660.826,0.625,0.62,0.63,0.365,0.36,0.37,,,,
2026-01-06 02:56:01.798000+00:00,2026-01-06 02:56:01.842668+00:00,661.798,0.635,0.63,0.64,0.365,0.36,0.37,,,,
2026-01-06 02:56:02.904000+00:00,2026-01-06 02:56:02.848262+00:00,662.904,0.645,0.64,0.65,0.305,0.3,0.31,,,,
2026-01-06 02:56:03.836000+00:00,2026-01-06 02:56:03.854828+00:00,663.836,0.785,0.78,0.79,0.215,0.21,0.22,,,,
2026-01-06 02:56:04.910000+00:00,2026-01-06 02:56:04.845079+00:00,664.91,0.775,0.76,0.79,0.22,0.21,0.23,,,,
2026-01-06 02:56:05.881000+00:00,2026-01-06 02:56:05.823437+00:00,665.881,0.785,0.78,0.79,0.255,0.25,0.26,,,,
2026-01-06 02:56:06.820000+00:00,2026-01-06 02:56:06.819920+00:00,666.82,0.745,0.74,0.75,0.255,0.25,0.26,,,,
2026-01-06 02:56:07.834000+00:00,2026-01-06 02:56:07.817819+00:00,667.834,0.755,0.75,0.76,0.245,0.24,0.25,,,,
2026-01-06 02:56:08.814000+00:00,2026-01-06 02:56:08.829430+00:00,668.814,0.815,0.81,0.82,0.19,0.18,0.2,,,,
2026-01-06 02:56:10.017000+00:00,2026-01-06 02:56:10.018319+00:00,670.017,0.825,0.82,0.83,0.175,0.17,0.18,,,,
2026-01-06 02:56:11.035000+00:00,2026-01-06 02:56:11.025265+00:00,671.035,0.8200000000000001,0.81,0.83,0.18,0.17,0.19,,,,
2026-01-06 02:56:12.041000+00:00,2026-01-06 02:56:12.022359+00:00,672.041,0.805,0.8,0.81,0.195,0.19,0.2,,,,
2026-01-06 02:56:13.134000+00:00,2026-01-06 02:56:13.082696+00:00,673.134,0.74,0.73,0.75,0.26,0.25,0.27,,,,
2026-01-06 02:56:14.107000+00:00,2026-01-06 02:56:14.096689+00:00,674.107,0.745,0.74,0.75,0.255,0.25,0.26,,,,
2026-01-06 02:56:15.173000+00:00,2026-01-06 02:56:15.162594+00:00,675.173,0.755,0.75,0.76,0.245,0.24,0.25,,,,
2026-01-06 02:56:16.165000+00:00,2026-01-06 02:56:16.180804+00:00,676.165,0.75,0.74,0.76,0.25,0.24,0.26,,,,
2026-01-06 02:56:17.197000+00:00,2026-01-06 02:56:17.199044+00:00,677.197,0.755,0.75,0.76,0.245,0.24,0.25,,,,
2026-01-06 02:56:18.188000+00:00,2026-01-06 02:56:18.201085+00:00,678.188,0.795,0.79,0.8,0.205,0.2,0.21,,,,
2026-01-06 02:56:19.125000+00:00,2026-01-06 02:56:19.216246+00:00,679.125,0.785,0.78,0.79,0.215,0.21,0.22,,,,
2026-01-06 02:56:20.232000+00:00,2026-01-06 02:56:20.231116+00:00,680.232,0.805,0.8,0.81,0.185,0.18,0.19,,,,
2026-01-06 02:56:21.227000+00:00,2026-01-06 02:56:21.228680+00:00,681.227,0.845,0.84,0.85,0.155,0.15,0.16,,,,
2026-01-06 02:56:22.197000+00:00,2026-01-06 02:56:22.256772+00:00,682.197,0.885,0.88,0.89,0.1149999999999999,0.11,0.12,,,,
2026-01-06 02:56:23.257000+00:00,2026-01-06 02:56:23.265662+00:00,683.257,0.895,0.89,0.9,0.105,0.1,0.11,,,,
2026-01-06 02:56:24.251000+00:00,2026-01-06 02:56:24.286734+00:00,684.251,0.9,0.89,0.91,0.095,0.09,0.1,,,,
2026-01-06 02:56:25.274000+00:00,2026-01-06 02:56:25.286662+00:00,685.274,0.9,0.89,0.91,0.1,0.09,0.11,,,,
2026-01-06 02:56:26.301000+00:00,2026-01-06 02:56:26.276897+00:00,686.301,0.865,0.86,0.87,0.15,0.14,0.16,,,,
2026-01-06 02:56:27.256000+00:00,2026-01-06 02:56:27.285815+00:00,687.256,0.845,0.84,0.85,0.155,0.15,0.16,,,,
2026-01-06 02:56:28.574000+00:00,2026-01-06 02:56:28.527314+00:00,688.574,0.875,0.87,0.88,0.125,0.12,0.13,,,,
2026-01-06 02:56:29.536000+00:00,2026-01-06 02:56:29.537748+00:00,689.536,0.875,0.87,0.88,0.125,0.12,0.13,,,,
2026-01-06 02:56:30.558000+00:00,2026-01-06 02:56:30.546425+00:00,690.558,0.875,0.87,0.88,0.12,0.11,0.13,,,,
2026-01-06 02:56:31.567000+00:00,2026-01-06 02:56:31.561364+00:00,691.567,0.89,0.88,0.9,0.11,0.1,0.12,,,,
2026-01-06 02:56:32.576000+00:00,2026-01-06 02:56:32.568519+00:00,692.576,0.895,0.89,0.9,0.105,0.1,0.11,,,,
2026-01-06 02:56:33.557000+00:00,2026-01-06 02:56:33.554489+00:00,693.557,0.895,0.89,0.9,0.09,0.08,0.1,,,,
2026-01-06 02:56:34.584000+00:00,2026-01-06 02:56:34.550897+00:00,694.584,0.915,0.91,0.92,0.0849999999999999,0.08,0.09,,,,
2026-01-06 02:56:35.448000+00:00,2026-01-06 02:56:35.542931+00:00,695.448,0.91,0.9,0.92,0.09,0.08,0.1,,,,
2026-01-06 02:56:36.541000+00:00,2026-01-06 02:56:36.545828+00:00,696.541,0.915,0.91,0.92,0.0849999999999999,0.08,0.09,,,,
2026-01-06 02:56:37.466000+00:00,2026-01-06 02:56:37.553649+00:00,697.466,0.92,0.91,0.93,0.08,0.07,0.09,,,,
2026-01-06 02:56:38.562000+00:00,2026-01-06 02:56:38.582287+00:00,698.562,0.92,0.91,0.93,0.075,0.07,0.08,,,,
2026-01-06 02:56:39.471000+00:00,2026-01-06 02:56:39.574129+00:00,699.471,0.935,0.93,0.94,0.065,0.06,0.07,,,,
2026-01-06 02:56:40.604000+00:00,2026-01-06 02:56:40.607402+00:00,700.604,0.945,0.94,0.95,0.055,0.05,0.06,,,,
2026-01-06 02:56:41.596000+00:00,2026-01-06 02:56:41.620146+00:00,701.596,0.935,0.92,0.95,0.065,0.06,0.07,,,,
2026-01-06 02:56:42.676000+00:00,2026-01-06 02:56:42.717384+00:00,702.676,0.945,0.94,0.95,0.06,0.05,0.07,,,,
2026-01-06 02:56:43.722000+00:00,2026-01-06 02:56:43.723356+00:00,703.722,0.955,0.95,0.96,0.045,0.04,0.05,,,,
2026-01-06 02:56:44.699000+00:00,2026-01-06 02:56:44.736511+00:00,704.699,0.945,0.94,0.95,0.055,0.05,0.06,,,,
2026-01-06 02:56:45.748000+00:00,2026-01-06 02:56:45.742156+00:00,705.748,0.955,0.95,0.96,0.045,0.04,0.05,,,,
2026-01-06 02:56:46.760000+00:00,2026-01-06 02:56:46.751131+00:00,706.76,0.955,0.95,0.96,0.045,0.04,0.05,,,,
2026-01-06 02:56:47.869000+00:00,2026-01-06 02:56:47.863775+00:00,707.869,0.94,0.93,0.95,0.06,0.05,0.07,,,,
2026-01-06 02:56:48.857000+00:00,2026-01-06 02:56:48.859507+00:00,708.857,0.925,0.92,0.93,0.075,0.07,0.08,,,,
2026-01-06 02:56:49.864000+00:00,2026-01-06 02:56:49.868468+00:00,709.864,0.915,0.91,0.92,0.0849999999999999,0.08,0.09,,,,
2026-01-06 02:56:50.877000+00:00,2026-01-06 02:56:50.870985+00:00,710.877,0.915,0.91,0.92,0.0849999999999999,0.08,0.09,,,,
2026-01-06 02:56:51.874000+00:00,2026-01-06 02:56:51.870335+00:00,711.874,0.915,0.91,0.92,0.0849999999999999,0.08,0.09,,,,
2026-01-06 02:56:52.623000+00:00,2026-01-06 02:56:52.866842+00:00,712.623,0.915,0.91,0.92,0.0849999999999999,0.08,0.09,,,,
2026-01-06 02:56:53.715000+00:00,2026-01-06 02:56:53.863799+00:00,713.715,0.92,0.91,0.93,0.08,0.07,0.09,,,,
2026-01-06 02:56:54.782000+00:00,2026-01-06 02:56:54.865766+00:00,714.782,0.92,0.91,0.93,0.08,0.07,0.09,,,,
2026-01-06 02:56:55.881000+00:00,2026-01-06 02:56:55.888776+00:00,715.881,0.92,0.91,0.93,0.08,0.07,0.09,,,,
2026-01-06 02:56:56.901000+00:00,2026-01-06 02:56:56.923427+00:00,716.901,0.915,0.91,0.92,0.08,0.07,0.09,,,,
2026-01-06 02:56:57.845000+00:00,2026-01-06 02:56:57.933349+00:00,717.845,0.92,0.91,0.93,0.08,0.07,0.09,,,,
2026-01-06 02:56:58.880000+00:00,2026-01-06 02:56:58.946002+00:00,718.88,0.92,0.91,0.93,0.08,0.07,0.09,,,,
2026-01-06 02:56:59.969000+00:00,2026-01-06 02:56:59.971059+00:00,719.969,0.915,0.91,0.92,0.0849999999999999,0.08,0.09,,,,
2026-01-06 02:57:00.981000+00:00,2026-01-06 02:57:00.968335+00:00,720.981,0.925,0.92,0.93,0.075,0.07,0.08,,,,
2026-01-06 02:57:01.962000+00:00,2026-01-06 02:57:01.965733+00:00,721.962,0.935,0.93,0.94,0.055,0.05,0.06,,,,
2026-01-06 02:57:02.843000+00:00,2026-01-06 02:57:02.974473+00:00,722.843,0.94,0.93,0.95,0.06,0.05,0.07,,,,
2026-01-06 02:57:03.978000+00:00,2026-01-06 02:57:03.978755+00:00,723.978,0.94,0.93,0.95,0.06,0.05,0.07,,,,
2026-01-06 02:57:04.985000+00:00,2026-01-06 02:57:04.988902+00:00,724.985,0.955,0.95,0.96,0.055,0.05,0.06,,,,
2026-01-06 02:57:05.978000+00:00,2026-01-06 02:57:05.993798+00:00,725.978,0.95,0.94,0.96,0.05,0.04,0.06,,,,
2026-01-06 02:57:07.001000+00:00,2026-01-06 02:57:07.005725+00:00,727.001,0.95,0.94,0.96,0.05,0.04,0.06,,,,
2026-01-06 02:57:08.076000+00:00,2026-01-06 02:57:08.047868+00:00,728.076,0.95,0.94,0.96,0.045,0.04,0.05,,,,
2026-01-06 02:57:09.109000+00:00,2026-01-06 02:57:09.108368+00:00,729.109,0.955,0.95,0.96,0.045,0.04,0.05,,,,
2026-01-06 02:57:10.095000+00:00,2026-01-06 02:57:10.112944+00:00,730.095,0.945,0.94,0.95,0.055,0.05,0.06,,,,
2026-01-06 02:57:11.285000+00:00,2026-01-06 02:57:11.272311+00:00,731.285,0.945,0.94,0.95,0.055,0.05,0.06,,,,
2026-01-06 02:57:12.264000+00:00,2026-01-06 02:57:12.266941+00:00,732.264,0.955,0.95,0.96,0.045,0.04,0.05,,,,
2026-01-06 02:57:13.356000+00:00,2026-01-06 02:57:13.383783+00:00,733.356,0.945,0.94,0.95,0.055,0.05,0.06,,,,
2026-01-06 02:57:14.395000+00:00,2026-01-06 02:57:14.399692+00:00,734.395,0.945,0.94,0.95,0.055,0.05,0.06,,,,
2026-01-06 02:57:15.401000+00:00,2026-01-06 02:57:15.401176+00:00,735.401,0.92,0.91,0.93,0.0849999999999999,0.08,0.09,,,,
2026-01-06 02:57:16.371000+00:00,2026-01-06 02:57:16.394190+00:00,736.371,0.895,0.89,0.9,0.11,0.1,0.12,,,,
2026-01-06 02:57:17.402000+00:00,2026-01-06 02:57:17.406749+00:00,737.402,0.875,0.87,0.88,0.1149999999999999,0.11,0.12,,,,
2026-01-06 02:57:18.326000+00:00,2026-01-06 02:57:18.406941+00:00,738.326,0.885,0.88,0.89,0.1149999999999999,0.11,0.12,,,,
2026-01-06 02:57:19.400000+00:00,2026-01-06 02:57:19.406866+00:00,739.4,0.89,0.88,0.9,0.1149999999999999,0.11,0.12,,,,
2026-01-06 02:57:20.563000+00:00,2026-01-06 02:57:20.571787+00:00,740.563,0.895,0.88,0.91,0.095,0.09,0.1,,,,
2026-01-06 02:57:21.608000+00:00,2026-01-06 02:57:21.642726+00:00,741.608,0.905,0.9,0.91,0.095,0.09,0.1,,,,
2026-01-06 02:57:22.537000+00:00,2026-01-06 02:57:22.639703+00:00,742.537,0.91,0.9,0.92,0.095,0.09,0.1,,,,
2026-01-06 02:57:23.636000+00:00,2026-01-06 02:57:23.639050+00:00,743.636,0.885,0.88,0.89,0.1149999999999999,0.11,0.12,,,,
2026-01-06 02:57:24.577000+00:00,2026-01-06 02:57:24.647644+00:00,744.577,0.885,0.88,0.89,0.125,0.12,0.13,,,,
2026-01-06 02:57:25.682000+00:00,2026-01-06 02:57:25.641474+00:00,745.682,0.855,0.85,0.86,0.145,0.14,0.15,,,,
2026-01-06 02:57:26.499000+00:00,2026-01-06 02:57:26.657136+00:00,746.499,0.855,0.85,0.86,0.145,0.14,0.15,,,,
2026-01-06 02:57:27.579000+00:00,2026-01-06 02:57:27.657543+00:00,747.579,0.855,0.85,0.86,0.145,0.14,0.15,,,,
2026-01-06 02:57:28.621000+00:00,2026-01-06 02:57:28.658264+00:00,748.621,0.855,0.85,0.86,0.145,0.14,0.15,,,,
2026-01-06 02:57:29.674000+00:00,2026-01-06 02:57:29.659551+00:00,749.674,0.87,0.86,0.88,0.13,0.12,0.14,,,,
2026-01-06 02:57:30.666000+00:00,2026-01-06 02:57:30.666419+00:00,750.666,0.855,0.85,0.86,0.145,0.14,0.15,,,,
2026-01-06 02:57:31.618000+00:00,2026-01-06 02:57:31.666758+00:00,751.618,0.845,0.84,0.85,0.16,0.15,0.17,,,,
2026-01-06 02:57:32.563000+00:00,2026-01-06 02:57:32.668172+00:00,752.563,0.84,0.83,0.85,0.16,0.15,0.17,,,,
2026-01-06 02:57:33.542000+00:00,2026-01-06 02:57:33.662730+00:00,753.542,0.855,0.85,0.86,0.145,0.14,0.15,,,,
2026-01-06 02:57:34.590000+00:00,2026-01-06 02:57:34.683586+00:00,754.59,0.855,0.85,0.86,0.145,0.14,0.15,,,,
2026-01-06 02:57:35.681000+00:00,2026-01-06 02:57:35.688399+00:00,755.681,0.865,0.86,0.87,0.135,0.13,0.14,,,,
2026-01-06 02:57:36.765000+00:00,2026-01-06 02:57:36.769247+00:00,756.765,0.865,0.86,0.87,0.135,0.13,0.14,,,,
2026-01-06 02:57:37.725000+00:00,2026-01-06 02:57:37.767434+00:00,757.725,0.865,0.86,0.87,0.135,0.13,0.14,,,,
2026-01-06 02:57:38.806000+00:00,2026-01-06 02:57:38.803214+00:00,758.806,0.865,0.86,0.87,0.135,0.13,0.14,,,,
2026-01-06 02:57:39.720000+00:00,2026-01-06 02:57:39.814274+00:00,759.72,0.85,0.84,0.86,0.15,0.14,0.16,,,,
2026-01-06 02:57:40.809000+00:00,2026-01-06 02:57:40.809835+00:00,760.809,0.835,0.83,0.84,0.165,0.16,0.17,,,,
2026-01-06 02:57:41.832000+00:00,2026-01-06 02:57:41.824641+00:00,761.832,0.79,0.77,0.81,0.225,0.22,0.23,,,,
2026-01-06 02:57:42.839000+00:00,2026-01-06 02:57:42.835604+00:00,762.839,0.775,0.77,0.78,0.225,0.22,0.23,,,,
2026-01-06 02:57:43.840000+00:00,2026-01-06 02:57:43.839116+00:00,763.84,0.775,0.77,0.78,0.235,0.23,0.24,,,,
2026-01-06 02:57:44.857000+00:00,2026-01-06 02:57:44.857479+00:00,764.857,0.735,0.73,0.74,0.265,0.26,0.27,,,,
2026-01-06 02:57:45.895000+00:00,2026-01-06 02:57:45.867143+00:00,765.895,0.695,0.69,0.7,0.305,0.3,0.31,,,,
2026-01-06 02:57:46.869000+00:00,2026-01-06 02:57:46.866571+00:00,766.869,0.695,0.69,0.7,0.305,0.3,0.31,,,,
2026-01-06 02:57:47.964000+00:00,2026-01-06 02:57:47.958211+00:00,767.964,0.695,0.69,0.7,0.315,0.31,0.32,,,,
2026-01-06 02:57:48.953000+00:00,2026-01-06 02:57:48.975186+00:00,768.953,0.69,0.68,0.7,0.31,0.3,0.32,,,,
2026-01-06 02:57:50.047000+00:00,2026-01-06 02:57:50.014608+00:00,770.047,0.72,0.71,0.73,0.28,0.27,0.29,,,,
2026-01-06 02:57:51.015000+00:00,2026-01-06 02:57:51.010495+00:00,771.015,0.725,0.72,0.73,0.265,0.26,0.27,,,,
2026-01-06 02:57:52.009000+00:00,2026-01-06 02:57:52.014091+00:00,772.009,0.775,0.77,0.78,0.225,0.22,0.23,,,,
2026-01-06 02:57:53.002000+00:00,2026-01-06 02:57:53.012683+00:00,773.002,0.775,0.77,0.78,0.225,0.22,0.23,,,,
2026-01-06 02:57:54.009000+00:00,2026-01-06 02:57:54.010883+00:00,774.009,0.785,0.78,0.79,0.215,0.21,0.22,,,,
2026-01-06 02:57:55.016000+00:00,2026-01-06 02:57:55.027548+00:00,775.016,0.78,0.77,0.79,0.22,0.21,0.23,,,,
2026-01-06 02:57:56.045000+00:00,2026-01-06 02:57:56.039805+00:00,776.045,0.785,0.78,0.79,0.215,0.21,0.22,,,,
2026-01-06 02:57:57.026000+00:00,2026-01-06 02:57:57.053054+00:00,777.026,0.795,0.79,0.8,0.205,0.2,0.21,,,,
2026-01-06 02:57:58.054000+00:00,2026-01-06 02:57:58.057249+00:00,778.054,0.8,0.79,0.81,0.205,0.2,0.21,,,,
2026-01-06 02:57:59.003000+00:00,2026-01-06 02:57:59.064544+00:00,779.003,0.815,0.81,0.82,0.185,0.18,0.19,,,,
2026-01-06 02:58:00.068000+00:00,2026-01-06 02:58:00.061249+00:00,780.068,0.805,0.8,0.81,0.195,0.19,0.2,,,,
2026-01-06 02:58:01.063000+00:00,2026-01-06 02:58:01.072482+00:00,781.063,0.815,0.81,0.82,0.185,0.18,0.19,,,,
2026-01-06 02:58:02.138000+00:00,2026-01-06 02:58:02.077245+00:00,782.138,0.925,0.92,0.93,0.075,0.07,0.08,,,,
2026-01-06 02:58:03.037000+00:00,2026-01-06 02:58:03.080786+00:00,783.037,0.945,0.94,0.95,0.0849999999999999,0.08,0.09,,,,
2026-01-06 02:58:04.148000+00:00,2026-01-06 02:58:04.149064+00:00,784.148,0.94,0.93,0.95,0.06,0.05,0.07,,,,
2026-01-06 02:58:05.213000+00:00,2026-01-06 02:58:05.184763+00:00,785.213,0.945,0.94,0.95,0.055,0.05,0.06,,,,
2026-01-06 02:58:06.107000+00:00,2026-01-06 02:58:06.192065+00:00,786.107,0.945,0.94,0.95,0.05,0.04,0.06,,,,
2026-01-06 02:58:07.216000+00:00,2026-01-06 02:58:07.206482+00:00,787.216,0.96,0.95,0.97,0.035,0.03,0.04,,,,
2026-01-06 02:58:08.231000+00:00,2026-01-06 02:58:08.222698+00:00,788.231,0.96,0.95,0.97,0.04,0.03,0.05,,,,
2026-01-06 02:58:09.311000+00:00,2026-01-06 02:58:09.303526+00:00,789.311,0.965,0.96,0.97,0.03,0.02,0.04,,,,
2026-01-06 02:58:10.207000+00:00,2026-01-06 02:58:10.308080+00:00,790.207,0.97,0.96,0.98,0.03,0.02,0.04,,,,
2026-01-06 02:58:11.290000+00:00,2026-01-06 02:58:11.302194+00:00,791.29,0.975,0.97,0.98,0.025,0.02,0.03,,,,
2026-01-06 02:58:12.365000+00:00,2026-01-06 02:58:12.366259+00:00,792.365,0.975,0.97,0.98,0.025,0.02,0.03,,,,
2026-01-06 02:58:13.382000+00:00,2026-01-06 02:58:13.379897+00:00,793.382,0.975,0.97,0.98,0.025,0.02,0.03,,,,
2026-01-06 02:58:14.383000+00:00,2026-01-06 02:58:14.398695+00:00,794.383,0.975,0.97,0.98,0.025,0.02,0.03,,,,
2026-01-06 02:58:15.304000+00:00,2026-01-06 02:58:15.415545+00:00,795.304,0.975,0.97,0.98,0.025,0.02,0.03,,,,
2026-01-06 02:58:16.437000+00:00,2026-01-06 02:58:16.437445+00:00,796.437,0.975,0.97,0.98,0.025,0.02,0.03,,,,
2026-01-06 02:58:17.453000+00:00,2026-01-06 02:58:17.455547+00:00,797.453,0.975,0.97,0.98,0.025,0.02,0.03,,,,
2026-01-06 02:58:18.642000+00:00,2026-01-06 02:58:18.678254+00:00,798.642,0.975,0.97,0.98,0.025,0.02,0.03,,,,
2026-01-06 02:58:19.658000+00:00,2026-01-06 02:58:19.676323+00:00,799.658,0.975,0.97,0.98,0.025,0.02,0.03,,,,
2026-01-06 02:58:20.647000+00:00,2026-01-06 02:58:20.689687+00:00,800.647,0.975,0.97,0.98,0.025,0.02,0.03,,,,
2026-01-06 02:58:21.444000+00:00,2026-01-06 02:58:21.771829+00:00,801.444,0.975,0.97,0.98,0.025,0.02,0.03,,,,
2026-01-06 02:58:22.602000+00:00,2026-01-06 02:58:22.774310+00:00,802.602,0.975,0.97,0.98,0.025,0.02,0.03,,,,
2026-01-06 02:58:23.758000+00:00,2026-01-06 02:58:23.782307+00:00,803.758,0.975,0.97,0.98,0.025,0.02,0.03,,,,
2026-01-06 02:58:24.598000+00:00,2026-01-06 02:58:24.789884+00:00,804.598,0.975,0.97,0.98,0.025,0.02,0.03,,,,
2026-01-06 02:58:25.788000+00:00,2026-01-06 02:58:25.806946+00:00,805.788,0.975,0.97,0.98,0.025,0.02,0.03,,,,
2026-01-06 02:58:26.811000+00:00,2026-01-06 02:58:26.823711+00:00,806.811,0.975,0.97,0.98,0.025,0.02,0.03,,,,
2026-01-06 02:58:27.750000+00:00,2026-01-06 02:58:27.842553+00:00,807.75,0.985,0.98,0.99,0.015,0.01,0.02,,,,
2026-01-06 02:58:28.527000+00:00,2026-01-06 02:58:28.843291+00:00,808.527,0.985,0.98,0.99,0.015,0.01,0.02,,,,
2026-01-06 02:58:29.841000+00:00,2026-01-06 02:58:29.854140+00:00,809.841,0.985,0.98,0.99,0.015,0.01,0.02,,,,
2026-01-06 02:58:30.874000+00:00,2026-01-06 02:58:30.873757+00:00,810.874,0.985,0.98,0.99,0.015,0.01,0.02,,,,
2026-01-06 02:58:31.756000+00:00,2026-01-06 02:58:31.885088+00:00,811.756,0.985,0.98,0.99,0.015,0.01,0.02,,,,
2026-01-06 02:58:32.791000+00:00,2026-01-06 02:58:32.934189+00:00,812.791,0.985,0.98,0.99,0.015,0.01,0.02,,,,
2026-01-06 02:58:33.809000+00:00,2026-01-06 02:58:33.952909+00:00,813.809,0.985,0.98,0.99,0.015,0.01,0.02,,,,
2026-01-06 02:58:34.866000+00:00,2026-01-06 02:58:34.934969+00:00,814.866,0.985,0.98,0.99,0.015,0.01,0.02,,,,
2026-01-06 02:58:35.275000+00:00,2026-01-06 02:58:35.923539+00:00,815.275,0.985,0.98,0.99,0.015,0.01,0.02,,,,
2026-01-06 02:58:36.888000+00:00,2026-01-06 02:58:36.918350+00:00,816.888,0.985,0.98,0.99,0.015,0.01,0.02,,,,
2026-01-06 02:58:37.808000+00:00,2026-01-06 02:58:37.915542+00:00,817.808,0.985,0.98,0.99,0.015,0.01,0.02,,,,
2026-01-06 02:58:38.588000+00:00,2026-01-06 02:58:38.925295+00:00,818.588,0.985,0.98,0.99,0.015,0.01,0.02,,,,
2026-01-06 02:58:39.563000+00:00,2026-01-06 02:58:39.943869+00:00,819.563,0.985,0.98,0.99,0.015,0.01,0.02,,,,
2026-01-06 02:58:40.958000+00:00,2026-01-06 02:58:40.954115+00:00,820.958,0.985,0.98,0.99,0.015,0.01,0.02,,,,
2026-01-06 02:58:41.704000+00:00,2026-01-06 02:58:41.955048+00:00,821.704,0.985,0.98,0.99,0.015,0.01,0.02,,,,
2026-01-06 02:58:42.863000+00:00,2026-01-06 02:58:42.964734+00:00,822.863,0.985,0.98,0.99,0.015,0.01,0.02,,,,
2026-01-06 02:58:43.764000+00:00,2026-01-06 02:58:43.968485+00:00,823.764,0.985,0.98,0.99,0.015,0.01,0.02,,,,
2026-01-06 02:58:44.969000+00:00,2026-01-06 02:58:44.979801+00:00,824.969,0.985,0.98,0.99,0.015,0.01,0.02,,,,
2026-01-06 02:58:45.999000+00:00,2026-01-06 02:58:46.020106+00:00,825.999,0.985,0.98,0.99,0.015,0.01,0.02,,,,
2026-01-06 02:58:47.994000+00:00,2026-01-06 02:58:48.031440+00:00,827.994,0.985,0.98,0.99,0.015,0.01,0.02,,,,
2026-01-06 02:58:49.003000+00:00,2026-01-06 02:58:49.028185+00:00,829.003,0.985,0.98,0.99,0.015,0.01,0.02,,,,
2026-01-06 02:58:50.173000+00:00,2026-01-06 02:58:51.029581+00:00,830.173,0.985,0.98,0.99,0.015,0.01,0.02,,,,
2026-01-06 02:58:52.974000+00:00,2026-01-06 02:58:53.045371+00:00,832.974,0.985,0.98,0.99,0.015,0.01,0.02,,,,
2026-01-06 02:58:54.004000+00:00,2026-01-06 02:58:54.055183+00:00,834.004,0.99,0.99,,0.01,,0.01,,,,
2026-01-06 02:58:55.041000+00:00,2026-01-06 02:58:55.076705+00:00,835.041,0.99,0.99,,0.01,,0.01,,,,
2026-01-06 02:58:56.983000+00:00,2026-01-06 02:58:57.081452+00:00,836.983,0.99,0.99,,0.01,,0.01,,,,
2026-01-06 02:58:58.003000+00:00,2026-01-06 02:58:58.085005+00:00,838.003,0.99,0.99,,0.01,,0.01,,,,
2026-01-06 02:58:59.086000+00:00,2026-01-06 02:58:59.091443+00:00,839.086,0.99,0.99,,0.01,,0.01,,,,
2026-01-06 02:59:00.692000+00:00,2026-01-06 02:59:00.814299+00:00,840.692,0.99,0.99,,0.01,,0.01,,,,
2026-01-06 02:59:01.508000+00:00,2026-01-06 02:59:01.636720+00:00,841.508,0.99,0.99,,0.01,,0.01,,,,
2026-01-06 02:59:02.638000+00:00,2026-01-06 02:59:02.653949+00:00,842.638,0.99,0.99,,0.01,,0.01,,,,
2026-01-06 02:59:03.643000+00:00,2026-01-06 02:59:03.664239+00:00,843.643,0.99,0.99,,0.01,,0.01,,,,
2026-01-06 02:59:04.646000+00:00,2026-01-06 02:59:04.719017+00:00,844.646,0.99,0.99,,0.01,,0.01,,,,
2026-01-06 02:59:05.622000+00:00,2026-01-06 02:59:05.722846+00:00,845.622,0.99,0.99,,0.01,,0.01,,,,
2026-01-06 02:59:06.674000+00:00,2026-01-06 02:59:06.931255+00:00,846.674,0.99,0.99,,0.01,,0.01,,,,
2026-01-06 02:59:07.684000+00:00,2026-01-06 02:59:07.953911+00:00,847.684,0.99,0.99,,0.01,,0.01,,,,
2026-01-06 02:59:08.931000+00:00,2026-01-06 02:59:08.968311+00:00,848.931,0.99,0.99,,0.01,,0.01,,,,
2026-01-06 02:59:09.955000+00:00,2026-01-06 02:59:09.974365+00:00,849.955,0.99,0.99,,0.01,,0.01,,,,
2026-01-06 02:59:10.696000+00:00,2026-01-06 02:59:10.994110+00:00,850.696,0.99,0.99,,0.01,,0.01,,,,
2026-01-06 02:59:11.713000+00:00,2026-01-06 02:59:12.084167+00:00,851.713,0.99,0.99,,0.01,,0.01,,,,
2026-01-06 02:59:13.003000+00:00,2026-01-06 02:59:13.121421+00:00,853.003,0.99,0.99,,0.01,,0.01,,,,
2026-01-06 02:59:14.039000+00:00,2026-01-06 02:59:14.137747+00:00,854.039,0.99,0.99,,0.01,,0.01,,,,
2026-01-06 02:59:15+00:00,2026-01-06 02:59:15.141929+00:00,855.0,0.99,0.99,,0.01,,0.01,,,,
2026-01-06 02:59:16.247000+00:00,2026-01-06 02:59:16.255982+00:00,856.247,0.99,0.99,,0.01,,0.01,,,,
2026-01-06 02:59:17.155000+00:00,2026-01-06 02:59:17.254424+00:00,857.155,0.99,0.99,,0.01,,0.01,,,,
2026-01-06 02:59:18.081000+00:00,2026-01-06 02:59:18.250560+00:00,858.081,0.99,0.99,,0.01,,0.01,,,,
2026-01-06 02:59:19.242000+00:00,2026-01-06 02:59:19.274021+00:00,859.242,0.99,0.99,,0.01,,0.01,,,,
2026-01-06 02:59:20.237000+00:00,2026-01-06 02:59:20.280854+00:00,860.237,0.99,0.99,,0.01,,0.01,,,,
2026-01-06 02:59:21.222000+00:00,2026-01-06 02:59:21.282481+00:00,861.222,0.99,0.99,,0.01,,0.01,,,,
2026-01-06 02:59:22.182000+00:00,2026-01-06 02:59:22.285270+00:00,862.182,0.99,0.99,,0.01,,0.01,,,,
2026-01-06 02:59:23.199000+00:00,2026-01-06 02:59:23.286542+00:00,863.199,0.99,0.99,,0.01,,0.01,,,,
2026-01-06 02:59:24.266000+00:00,2026-01-06 02:59:24.395530+00:00,864.266,0.99,0.99,,0.01,,0.01,,,,
2026-01-06 02:59:25.366000+00:00,2026-01-06 02:59:25.404816+00:00,865.366,0.99,0.99,,0.01,,0.01,,,,
2026-01-06 02:59:26.369000+00:00,2026-01-06 02:59:26.404295+00:00,866.369,0.99,0.99,,0.01,,0.01,,,,
2026-01-06 02:59:27.315000+00:00,2026-01-06 02:59:27.407922+00:00,867.315,0.99,0.99,,0.01,,0.01,,,,
2026-01-06 02:59:28.435000+00:00,2026-01-06 02:59:28.429886+00:00,868.435,0.99,0.99,,0.01,,0.01,,,,
2026-01-06 02:59:29.255000+00:00,2026-01-06 02:59:29.440908+00:00,869.255,0.99,0.99,,0.01,,0.01,,,,
2026-01-06 02:59:30.360000+00:00,2026-01-06 02:59:30.462272+00:00,870.36,0.99,0.99,,0.01,,0.01,,,,
2026-01-06 02:59:31.400000+00:00,2026-01-06 02:59:31.470852+00:00,871.4,0.99,0.99,,0.01,,0.01,,,,
2026-01-06 02:59:32.472000+00:00,2026-01-06 02:59:32.483824+00:00,872.472,0.99,0.99,,0.01,,0.01,,,,
2026-01-06 02:59:33.519000+00:00,2026-01-06 02:59:33.488456+00:00,873.519,0.99,0.99,,0.01,,0.01,,,,
2026-01-06 02:59:34.316000+00:00,2026-01-06 02:59:34.485723+00:00,874.316,0.99,0.99,,0.01,,0.01,,,,
2026-01-06 02:59:35.286000+00:00,2026-01-06 02:59:35.466984+00:00,875.286,0.99,0.99,,0.01,,0.01,,,,
2026-01-06 02:59:36.407000+00:00,2026-01-06 02:59:36.465226+00:00,876.407,0.99,0.99,,0.01,,0.01,,,,
2026-01-06 02:59:37.122000+00:00,2026-01-06 02:59:37.463621+00:00,877.122,0.99,0.99,,0.01,,0.01,,,,
2026-01-06 02:59:38.394000+00:00,2026-01-06 02:59:38.461837+00:00,878.394,0.99,0.99,,0.01,,0.01,,,,
2026-01-06 02:59:39.484000+00:00,2026-01-06 02:59:39.500495+00:00,879.484,0.99,0.99,,0.01,,0.01,,,,
2026-01-06 02:59:40.489000+00:00,2026-01-06 02:59:40.497399+00:00,880.489,0.99,0.99,,0.01,,0.01,,,,
2026-01-06 02:59:41.485000+00:00,2026-01-06 02:59:41.519128+00:00,881.485,0.99,0.99,,0.01,,0.01,,,,
2026-01-06 02:59:42.330000+00:00,2026-01-06 02:59:42.517511+00:00,882.33,0.99,0.99,,0.01,,0.01,,,,
2026-01-06 02:59:43.313000+00:00,2026-01-06 02:59:43.528140+00:00,883.313,0.99,0.99,,0.01,,0.01,,,,
2026-01-06 02:59:44.407000+00:00,2026-01-06 02:59:44.531519+00:00,884.407,0.99,0.99,,0.01,,0.01,,,,
2026-01-06 02:59:45.506000+00:00,2026-01-06 02:59:45.530815+00:00,885.506,0.99,0.99,,0.01,,0.01,,,,
2026-01-06 02:59:46.424000+00:00,2026-01-06 02:59:46.516007+00:00,886.424,0.99,0.99,,0.01,,0.01,,,,
2026-01-06 02:59:47.475000+00:00,2026-01-06 02:59:47.515003+00:00,887.475,0.99,0.99,,0.01,,0.01,,,,
2026-01-06 02:59:48.399000+00:00,2026-01-06 02:59:48.500642+00:00,888.399,0.99,0.99,,0.01,,0.01,,,,
2026-01-06 02:59:49.374000+00:00,2026-01-06 02:59:49.481684+00:00,889.374,0.99,0.99,,0.01,,0.01,,,,
2026-01-06 02:59:50.461000+00:00,2026-01-06 02:59:50.500668+00:00,890.461,0.99,0.99,,0.01,,0.01,,,,
2026-01-06 02:59:51.513000+00:00,2026-01-06 02:59:51.515149+00:00,891.513,0.99,0.99,,0.01,,0.01,,,,
2026-01-06 02:59:52.485000+00:00,2026-01-06 02:59:52.530720+00:00,892.485,0.99,0.99,,0.01,,0.01,,,,
2026-01-06 02:59:53.558000+00:00,2026-01-06 02:59:53.544942+00:00,893.558,0.99,0.99,,0.01,,0.01,,,,
2026-01-06 02:59:54.498000+00:00,2026-01-06 02:59:54.547615+00:00,894.498,0.99,0.99,,0.01,,0.01,,,,
2026-01-06 02:59:55.459000+00:00,2026-01-06 02:59:55.592719+00:00,895.459,0.99,0.99,,0.01,,0.01,,,,
2026-01-06 02:59:56.413000+00:00,2026-01-06 02:59:56.582095+00:00,896.413,0.99,0.99,,0.01,,0.01,,,,
2026-01-06 02:59:57.437000+00:00,2026-01-06 02:59:57.592048+00:00,897.437,0.99,0.99,,0.01,,0.01,,,,
2026-01-06 02:59:58.488000+00:00,2026-01-06 02:59:58.595957+00:00,898.488,0.99,0.99,,0.01,,0.01,,,,
2026-01-06 02:59:59.559000+00:00,2026-01-06 02:59:59.644268+00:00,899.559,0.99,0.99,,0.01,,0.01,,,,
