timestamp,collected_at,seconds,mid,bid,ask,asset
2026-01-06 04:15:00+00:00,2026-01-06 04:17:14.727633+00:00,0.0,3231.942,3231.56,3232.31,ETH
2026-01-06 04:15:01+00:00,2026-01-06 04:17:15.710766+00:00,1.0,3231.942,3231.61,3232.35,ETH
2026-01-06 04:15:02+00:00,2026-01-06 04:17:16.720538+00:00,2.0,3232.312,3231.89,3232.62,ETH
2026-01-06 04:15:03+00:00,2026-01-06 04:17:17.724191+00:00,3.0,3232.312,3232.17,3232.81,ETH
2026-01-06 04:15:04+00:00,2026-01-06 04:17:18.733448+00:00,4.0,3232.552,3232.36,3232.96,ETH
2026-01-06 04:15:05+00:00,2026-01-06 04:17:19.743822+00:00,5.0,3232.552,3232.36,3232.99,ETH
2026-01-06 04:15:06+00:00,2026-01-06 04:17:20.741410+00:00,6.0,3232.552,3232.36,3233.03,ETH
2026-01-06 04:15:07+00:00,2026-01-06 04:17:21.742441+00:00,7.0,3232.682,3232.39,3233.1,ETH
2026-01-06 04:15:08+00:00,2026-01-06 04:17:22.744434+00:00,8.0,3232.682,3232.4,3233.08,ETH
2026-01-06 04:15:09+00:00,2026-01-06 04:17:23.760795+00:00,9.0,3232.682,3232.4,3233.04,ETH
2026-01-06 04:15:10+00:00,2026-01-06 04:17:24.766435+00:00,10.0,3232.672,3232.45,3233.06,ETH
2026-01-06 04:15:11+00:00,2026-01-06 04:17:25.867325+00:00,11.0,3232.672,3232.46,3233.08,ETH
2026-01-06 04:15:12+00:00,2026-01-06 04:17:26.868554+00:00,12.0,3232.682,3232.47,3233.09,ETH
2026-01-06 04:15:13+00:00,2026-01-06 04:17:27.897154+00:00,13.0,3232.682,3232.47,3233.09,ETH
2026-01-06 04:15:14+00:00,2026-01-06 04:17:28.882824+00:00,14.0,3232.692,3232.48,3233.1,ETH
2026-01-06 04:15:15+00:00,2026-01-06 04:17:29.883991+00:00,15.0,3232.692,3232.48,3233.1,ETH
2026-01-06 04:15:16+00:00,2026-01-06 04:17:30.882874+00:00,16.0,3232.722,3232.46,3233.11,ETH
2026-01-06 04:15:17+00:00,2026-01-06 04:17:31.899742+00:00,17.0,3232.722,3232.47,3233.17,ETH
2026-01-06 04:15:18+00:00,2026-01-06 04:17:33.912274+00:00,18.0,3232.832,3232.51,3233.25,ETH
2026-01-06 04:15:19+00:00,2026-01-06 04:17:34.915765+00:00,19.0,3233.012,3232.65,3233.4,ETH
2026-01-06 04:15:20+00:00,2026-01-06 04:17:35.942647+00:00,20.0,3233.082,3232.82,3233.48,ETH
2026-01-06 04:15:21+00:00,2026-01-06 04:17:36.931427+00:00,21.0,3233.082,3232.91,3233.49,ETH
2026-01-06 04:15:22+00:00,2026-01-06 04:17:37.947464+00:00,22.0,3233.082,3232.91,3233.46,ETH
2026-01-06 04:15:23+00:00,2026-01-06 04:17:38.961994+00:00,23.0,3232.922,3232.72,3233.13,ETH
2026-01-06 04:15:24+00:00,2026-01-06 04:17:39.965785+00:00,24.0,3232.522,3232.24,3232.7,ETH
2026-01-06 04:15:25+00:00,2026-01-06 04:17:40.982630+00:00,25.0,3232.222,3231.86,3232.48,ETH
2026-01-06 04:15:26+00:00,2026-01-06 04:17:41.984952+00:00,26.0,3232.172,3231.77,3232.38,ETH
2026-01-06 04:15:27+00:00,2026-01-06 04:17:42.995176+00:00,27.0,3232.162,3231.78,3232.36,ETH
2026-01-06 04:15:28+00:00,2026-01-06 04:17:43.980158+00:00,28.0,3232.172,3231.79,3232.44,ETH
2026-01-06 04:15:29+00:00,2026-01-06 04:17:44.980227+00:00,29.0,3232.182,3231.8,3232.53,ETH
2026-01-06 04:15:30+00:00,2026-01-06 04:17:45.992509+00:00,30.0,3232.212,3231.84,3232.61,ETH
2026-01-06 04:15:31+00:00,2026-01-06 04:17:46.993085+00:00,31.0,3232.542,3232.28,3232.85,ETH
2026-01-06 04:15:32+00:00,2026-01-06 04:17:47.981990+00:00,32.0,3232.872,3232.69,3233.12,ETH
2026-01-06 04:15:33+00:00,2026-01-06 04:17:48.980739+00:00,33.0,3232.902,3232.71,3233.22,ETH
2026-01-06 04:15:34+00:00,2026-01-06 04:17:49.999128+00:00,34.0,3232.912,3232.71,3233.3,ETH
2026-01-06 04:15:35+00:00,2026-01-06 04:17:51.015652+00:00,35.0,3232.922,3232.73,3233.38,ETH
2026-01-06 04:15:36+00:00,2026-01-06 04:17:52.015771+00:00,36.0,3232.922,3232.76,3233.39,ETH
2026-01-06 04:15:37+00:00,2026-01-06 04:17:53.017690+00:00,37.0,3232.922,3232.76,3233.36,ETH
2026-01-06 04:15:38+00:00,2026-01-06 04:17:54.030715+00:00,38.0,3232.902,3232.78,3233.2,ETH
2026-01-06 04:15:39+00:00,2026-01-06 04:17:55.065900+00:00,39.0,3232.772,3232.73,3233.06,ETH
2026-01-06 04:15:40+00:00,2026-01-06 04:17:56.060609+00:00,40.0,3232.672,3232.57,3233.06,ETH
2026-01-06 04:15:41+00:00,2026-01-06 04:17:57.046353+00:00,41.0,3232.662,3232.46,3233.06,ETH
2026-01-06 04:15:42+00:00,2026-01-06 04:17:58.048405+00:00,42.0,3232.612,3232.48,3233.02,ETH
2026-01-06 04:15:43+00:00,2026-01-06 04:17:59.054636+00:00,43.0,3232.732,3232.49,3233.11,ETH
2026-01-06 04:15:44+00:00,2026-01-06 04:18:00.099989+00:00,44.0,3232.732,3232.49,3233.15,ETH
2026-01-06 04:15:45+00:00,2026-01-06 04:18:01.093663+00:00,45.0,3232.822,3232.82,3233.2,ETH
2026-01-06 04:15:46+00:00,2026-01-06 04:18:02.111653+00:00,46.0,3232.822,3232.82,3233.2,ETH
2026-01-06 04:15:47+00:00,2026-01-06 04:18:03.115123+00:00,47.0,3232.832,3232.83,3233.18,ETH
2026-01-06 04:15:48+00:00,2026-01-06 04:18:04.098632+00:00,48.0,3232.812,3232.8,3233.21,ETH
2026-01-06 04:15:49+00:00,2026-01-06 04:18:05.100236+00:00,49.0,3232.812,3232.8,3233.21,ETH
2026-01-06 04:15:50+00:00,2026-01-06 04:18:06.101975+00:00,50.0,3232.812,3232.8,3233.19,ETH
2026-01-06 04:15:51+00:00,2026-01-06 04:18:07.137773+00:00,51.0,3232.612,3232.45,3232.94,ETH
2026-01-06 04:15:52+00:00,2026-01-06 04:18:08.148515+00:00,52.0,3232.582,3232.42,3232.91,ETH
2026-01-06 04:15:53+00:00,2026-01-06 04:18:09.247486+00:00,53.0,3232.572,3232.42,3232.91,ETH
2026-01-06 04:15:54+00:00,2026-01-06 04:18:10.244341+00:00,54.0,3232.572,3232.42,3232.91,ETH
2026-01-06 04:15:55+00:00,2026-01-06 04:18:11.268752+00:00,55.0,3232.572,3232.42,3232.91,ETH
2026-01-06 04:15:56+00:00,2026-01-06 04:18:12.257117+00:00,56.0,3232.572,3232.42,3232.91,ETH
2026-01-06 04:15:57+00:00,2026-01-06 04:18:13.262981+00:00,57.0,3232.572,3232.42,3232.91,ETH
2026-01-06 04:15:58+00:00,2026-01-06 04:18:14.294955+00:00,58.0,3232.582,3232.42,3232.91,ETH
2026-01-06 04:15:59+00:00,2026-01-06 04:18:15.286054+00:00,59.0,3232.582,3232.42,3232.91,ETH
2026-01-06 04:16:00+00:00,2026-01-06 04:18:16.278610+00:00,60.0,3232.582,3232.42,3232.91,ETH
2026-01-06 04:16:01+00:00,2026-01-06 04:18:17.284607+00:00,61.0,3232.582,3232.43,3232.91,ETH
2026-01-06 04:16:02+00:00,2026-01-06 04:18:18.280372+00:00,62.0,3232.582,3232.43,3232.91,ETH
2026-01-06 04:16:03+00:00,2026-01-06 04:18:19.295617+00:00,63.0,3232.582,3232.43,3232.91,ETH
2026-01-06 04:16:04+00:00,2026-01-06 04:18:20.305551+00:00,64.0,3232.582,3232.43,3232.91,ETH
2026-01-06 04:16:05+00:00,2026-01-06 04:18:21.310600+00:00,65.0,3232.582,3232.43,3232.97,ETH
2026-01-06 04:16:06+00:00,2026-01-06 04:18:22.331640+00:00,66.0,3232.592,3232.43,3232.9,ETH
2026-01-06 04:16:07+00:00,2026-01-06 04:18:23.329537+00:00,67.0,3232.342,3232.07,3232.74,ETH
2026-01-06 04:16:08+00:00,2026-01-06 04:18:24.328151+00:00,68.0,3232.342,3232.06,3232.67,ETH
2026-01-06 04:16:09+00:00,2026-01-06 04:18:25.344659+00:00,69.0,3232.342,3232.01,3232.49,ETH
2026-01-06 04:16:10+00:00,2026-01-06 04:18:26.348514+00:00,70.0,3232.312,3232.01,3232.49,ETH
2026-01-06 04:16:11+00:00,2026-01-06 04:18:27.346564+00:00,71.0,3232.322,3232.01,3232.62,ETH
2026-01-06 04:16:12+00:00,2026-01-06 04:18:28.350753+00:00,72.0,3232.312,3232.01,3232.55,ETH
2026-01-06 04:16:13+00:00,2026-01-06 04:18:29.361346+00:00,73.0,3232.312,3232.01,3232.55,ETH
2026-01-06 04:16:14+00:00,2026-01-06 04:18:30.359079+00:00,74.0,3232.312,3232.01,3232.56,ETH
2026-01-06 04:16:15+00:00,2026-01-06 04:18:31.382946+00:00,75.0,3232.272,3232.01,3232.56,ETH
2026-01-06 04:16:16+00:00,2026-01-06 04:18:32.378512+00:00,76.0,3232.272,3232.0,3232.5,ETH
2026-01-06 04:16:17+00:00,2026-01-06 04:18:33.382888+00:00,77.0,3232.212,3231.99,3232.36,ETH
2026-01-06 04:16:18+00:00,2026-01-06 04:18:34.383310+00:00,78.0,3231.822,3231.74,3232.0,ETH
2026-01-06 04:16:19+00:00,2026-01-06 04:18:35.392951+00:00,79.0,3231.252,3230.96,3231.53,ETH
2026-01-06 04:16:20+00:00,2026-01-06 04:18:36.397179+00:00,80.0,3231.252,3230.95,3231.53,ETH
2026-01-06 04:16:21+00:00,2026-01-06 04:18:37.409314+00:00,81.0,3231.252,3230.95,3231.53,ETH
2026-01-06 04:16:22+00:00,2026-01-06 04:18:38.420219+00:00,82.0,3231.252,3230.95,3231.45,ETH
2026-01-06 04:16:23+00:00,2026-01-06 04:18:39.430073+00:00,83.0,3231.252,3230.95,3231.53,ETH
2026-01-06 04:16:24+00:00,2026-01-06 04:18:40.427833+00:00,84.0,3231.222,3230.95,3231.53,ETH
2026-01-06 04:16:25+00:00,2026-01-06 04:18:41.445535+00:00,85.0,3231.222,3230.95,3231.42,ETH
2026-01-06 04:16:26+00:00,2026-01-06 04:18:42.441456+00:00,86.0,3231.222,3230.95,3231.48,ETH
2026-01-06 04:16:27+00:00,2026-01-06 04:18:43.463322+00:00,87.0,3231.232,3230.96,3231.53,ETH
2026-01-06 04:16:28+00:00,2026-01-06 04:18:44.450917+00:00,88.0,3231.222,3230.95,3231.53,ETH
2026-01-06 04:16:29+00:00,2026-01-06 04:18:45.457670+00:00,89.0,3231.152,3230.95,3231.53,ETH
2026-01-06 04:16:30+00:00,2026-01-06 04:18:46.462989+00:00,90.0,3231.162,3230.95,3231.53,ETH
2026-01-06 04:16:31+00:00,2026-01-06 04:18:47.478360+00:00,91.0,3231.152,3230.95,3231.53,ETH
2026-01-06 04:16:32+00:00,2026-01-06 04:18:48.492152+00:00,92.0,3231.162,3230.95,3231.53,ETH
2026-01-06 04:16:33+00:00,2026-01-06 04:18:49.509301+00:00,93.0,3231.212,3230.99,3231.57,ETH
2026-01-06 04:16:34+00:00,2026-01-06 04:18:50.508361+00:00,94.0,3231.172,3230.99,3231.38,ETH
2026-01-06 04:16:35+00:00,2026-01-06 04:18:51.510811+00:00,95.0,3230.832,3230.51,3231.18,ETH
2026-01-06 04:16:36+00:00,2026-01-06 04:18:52.527583+00:00,96.0,3230.832,3230.5,3231.19,ETH
2026-01-06 04:16:37+00:00,2026-01-06 04:18:53.546429+00:00,97.0,3230.852,3230.51,3231.09,ETH
2026-01-06 04:16:38+00:00,2026-01-06 04:18:54.566932+00:00,98.0,3230.852,3230.51,3231.14,ETH
2026-01-06 04:16:39+00:00,2026-01-06 04:18:55.575372+00:00,99.0,3230.852,3230.51,3231.17,ETH
2026-01-06 04:16:40+00:00,2026-01-06 04:18:56.592639+00:00,100.0,3230.862,3230.51,3231.18,ETH
2026-01-06 04:16:41+00:00,2026-01-06 04:18:57.588908+00:00,101.0,3230.862,3230.52,3231.13,ETH
2026-01-06 04:16:42+00:00,2026-01-06 04:18:58.593451+00:00,102.0,3230.822,3230.52,3231.12,ETH
2026-01-06 04:16:43+00:00,2026-01-06 04:18:59.592200+00:00,103.0,3230.802,3230.48,3230.93,ETH
2026-01-06 04:16:44+00:00,2026-01-06 04:19:00.594345+00:00,104.0,3230.782,3230.42,3230.92,ETH
2026-01-06 04:16:45+00:00,2026-01-06 04:19:01.613039+00:00,105.0,3230.752,3230.41,3230.87,ETH
2026-01-06 04:16:46+00:00,2026-01-06 04:19:02.599066+00:00,106.0,3230.712,3230.39,3230.87,ETH
2026-01-06 04:16:47+00:00,2026-01-06 04:19:03.592310+00:00,107.0,3230.702,3230.39,3230.86,ETH
2026-01-06 04:16:48+00:00,2026-01-06 04:19:04.612767+00:00,108.0,3230.722,3230.39,3230.88,ETH
2026-01-06 04:16:49+00:00,2026-01-06 04:19:05.612870+00:00,109.0,3230.722,3230.39,3230.89,ETH
2026-01-06 04:16:50+00:00,2026-01-06 04:19:06.622191+00:00,110.0,3230.722,3230.39,3230.91,ETH
2026-01-06 04:16:51+00:00,2026-01-06 04:19:07.626986+00:00,111.0,3230.702,3230.39,3230.91,ETH
2026-01-06 04:16:52+00:00,2026-01-06 04:19:08.627588+00:00,112.0,3230.642,3230.39,3230.91,ETH
2026-01-06 04:16:53+00:00,2026-01-06 04:19:10.628875+00:00,113.0,3230.602,3230.28,3230.87,ETH
2026-01-06 04:16:54+00:00,2026-01-06 04:19:11.641816+00:00,114.0,3230.592,3230.18,3230.89,ETH
2026-01-06 04:16:55+00:00,2026-01-06 04:19:12.659429+00:00,115.0,3230.592,3230.2,3230.91,ETH
2026-01-06 04:16:56+00:00,2026-01-06 04:19:13.658610+00:00,116.0,3230.592,3230.2,3230.91,ETH
2026-01-06 04:16:57+00:00,2026-01-06 04:19:14.656714+00:00,117.0,3230.592,3230.19,3230.89,ETH
2026-01-06 04:16:58+00:00,2026-01-06 04:19:15.666090+00:00,118.0,3230.592,3230.19,3230.87,ETH
2026-01-06 04:17:00+00:00,2026-01-06 04:19:16.704567+00:00,120.0,3230.602,3230.25,3230.82,ETH
2026-01-06 04:17:01+00:00,2026-01-06 04:19:17.713668+00:00,121.0,3230.602,3230.25,3230.82,ETH
2026-01-06 04:17:02+00:00,2026-01-06 04:19:18.700234+00:00,122.0,3230.572,3230.19,3230.82,ETH
2026-01-06 04:17:03+00:00,2026-01-06 04:19:19.708070+00:00,123.0,3230.582,3230.22,3230.78,ETH
2026-01-06 04:17:04+00:00,2026-01-06 04:19:20.714742+00:00,124.0,3230.582,3230.23,3230.79,ETH
2026-01-06 04:17:05+00:00,2026-01-06 04:19:21.730670+00:00,125.0,3230.492,3230.12,3230.69,ETH
2026-01-06 04:17:06+00:00,2026-01-06 04:19:22.742893+00:00,126.0,3230.432,3230.1,3230.56,ETH
2026-01-06 04:17:07+00:00,2026-01-06 04:19:23.728612+00:00,127.0,3230.242,3229.91,3230.39,ETH
2026-01-06 04:17:08+00:00,2026-01-06 04:19:24.756779+00:00,128.0,3229.662,3229.54,3229.91,ETH
2026-01-06 04:17:09+00:00,2026-01-06 04:19:25.741671+00:00,129.0,3229.602,3229.34,3229.91,ETH
2026-01-06 04:17:10+00:00,2026-01-06 04:19:26.743138+00:00,130.0,3229.712,3229.32,3229.86,ETH
2026-01-06 04:17:11+00:00,2026-01-06 04:19:27.746936+00:00,131.0,3229.722,3229.32,3229.88,ETH
2026-01-06 04:17:12+00:00,2026-01-06 04:19:28.758818+00:00,132.0,3229.722,3229.32,3230.03,ETH
2026-01-06 04:17:13+00:00,2026-01-06 04:19:29.763964+00:00,133.0,3230.102,3229.95,3230.48,ETH
2026-01-06 04:17:14+00:00,2026-01-06 04:19:30.765199+00:00,134.0,3230.102,3229.95,3230.48,ETH
2026-01-06 04:17:15+00:00,2026-01-06 04:19:31.776004+00:00,135.0,3230.102,3229.95,3230.48,ETH
2026-01-06 04:17:16+00:00,2026-01-06 04:19:32.789279+00:00,136.0,3229.842,3229.73,3230.0,ETH
2026-01-06 04:17:17+00:00,2026-01-06 04:19:34.803016+00:00,137.0,3229.612,3229.43,3229.83,ETH
2026-01-06 04:17:18+00:00,2026-01-06 04:19:35.828476+00:00,138.0,3229.572,3229.29,3229.83,ETH
2026-01-06 04:17:19+00:00,2026-01-06 04:19:36.827097+00:00,139.0,3229.532,3229.23,3229.82,ETH
2026-01-06 04:17:20+00:00,2026-01-06 04:19:37.824782+00:00,140.0,3229.532,3229.23,3229.82,ETH
2026-01-06 04:17:21+00:00,2026-01-06 04:19:38.853816+00:00,141.0,3229.532,3229.23,3229.8,ETH
2026-01-06 04:17:22+00:00,2026-01-06 04:19:39.861292+00:00,142.0,3229.532,3229.22,3229.79,ETH
2026-01-06 04:17:23+00:00,2026-01-06 04:19:40.856781+00:00,143.0,3229.532,3229.23,3229.8,ETH
2026-01-06 04:17:24+00:00,2026-01-06 04:19:41.857475+00:00,144.0,3229.532,3229.23,3229.81,ETH
2026-01-06 04:17:25+00:00,2026-01-06 04:19:42.878509+00:00,145.0,3229.532,3229.23,3229.82,ETH
2026-01-06 04:17:26+00:00,2026-01-06 04:19:43.877587+00:00,146.0,3229.532,3229.21,3229.77,ETH
2026-01-06 04:17:27+00:00,2026-01-06 04:19:44.875452+00:00,147.0,3229.462,3229.19,3229.72,ETH
2026-01-06 04:17:28+00:00,2026-01-06 04:19:45.893133+00:00,148.0,3229.392,3229.16,3229.72,ETH
2026-01-06 04:17:29+00:00,2026-01-06 04:19:46.915381+00:00,149.0,3229.392,3229.13,3229.72,ETH
2026-01-06 04:17:30+00:00,2026-01-06 04:19:47.894218+00:00,150.0,3229.392,3229.12,3229.72,ETH
2026-01-06 04:17:31+00:00,2026-01-06 04:19:48.891812+00:00,151.0,3229.402,3229.12,3229.68,ETH
2026-01-06 04:17:32+00:00,2026-01-06 04:19:49.895331+00:00,152.0,3229.402,3229.11,3229.65,ETH
2026-01-06 04:17:33+00:00,2026-01-06 04:19:50.889583+00:00,153.0,3229.502,3229.16,3229.83,ETH
2026-01-06 04:17:34+00:00,2026-01-06 04:19:51.893525+00:00,154.0,3229.602,3229.3,3230.0,ETH
2026-01-06 04:17:35+00:00,2026-01-06 04:19:52.908347+00:00,155.0,3229.602,3229.4,3229.99,ETH
2026-01-06 04:17:36+00:00,2026-01-06 04:19:53.910270+00:00,156.0,3229.602,3229.4,3229.99,ETH
2026-01-06 04:17:37+00:00,2026-01-06 04:19:54.906513+00:00,157.0,3229.602,3229.42,3229.99,ETH
2026-01-06 04:17:38+00:00,2026-01-06 04:19:55.909804+00:00,158.0,3229.602,3229.42,3230.0,ETH
2026-01-06 04:17:39+00:00,2026-01-06 04:19:56.945969+00:00,159.0,3229.602,3229.43,3230.01,ETH
2026-01-06 04:17:40+00:00,2026-01-06 04:19:57.940945+00:00,160.0,3229.602,3229.43,3230.01,ETH
2026-01-06 04:17:41+00:00,2026-01-06 04:19:58.940859+00:00,161.0,3229.602,3229.43,3229.99,ETH
2026-01-06 04:17:42+00:00,2026-01-06 04:19:59.942973+00:00,162.0,3229.602,3229.42,3229.96,ETH
2026-01-06 04:17:43+00:00,2026-01-06 04:20:00.957974+00:00,163.0,3229.552,3229.35,3229.76,ETH
2026-01-06 04:17:44+00:00,2026-01-06 04:20:01.943179+00:00,164.0,3229.552,3229.33,3229.65,ETH
2026-01-06 04:17:45+00:00,2026-01-06 04:20:02.942817+00:00,165.0,3229.552,3229.32,3229.69,ETH
2026-01-06 04:17:46+00:00,2026-01-06 04:20:03.956533+00:00,166.0,3229.542,3229.27,3229.71,ETH
2026-01-06 04:17:47+00:00,2026-01-06 04:20:04.954907+00:00,167.0,3229.362,3229.07,3229.61,ETH
2026-01-06 04:17:48+00:00,2026-01-06 04:20:05.974112+00:00,168.0,3229.362,3229.05,3229.43,ETH
2026-01-06 04:17:49+00:00,2026-01-06 04:20:06.993641+00:00,169.0,3229.342,3228.97,3229.48,ETH
2026-01-06 04:17:50+00:00,2026-01-06 04:20:07.992189+00:00,170.0,3229.342,3228.97,3229.48,ETH
2026-01-06 04:17:51+00:00,2026-01-06 04:20:08.978967+00:00,171.0,3229.342,3228.97,3229.48,ETH
2026-01-06 04:17:52+00:00,2026-01-06 04:20:09.994083+00:00,172.0,3229.342,3228.97,3229.49,ETH
2026-01-06 04:17:53+00:00,2026-01-06 04:20:10.996661+00:00,173.0,3229.352,3228.98,3229.49,ETH
2026-01-06 04:17:54+00:00,2026-01-06 04:20:11.991694+00:00,174.0,3229.352,3228.99,3229.53,ETH
2026-01-06 04:17:55+00:00,2026-01-06 04:20:12.991173+00:00,175.0,3229.352,3228.99,3229.55,ETH
2026-01-06 04:17:56+00:00,2026-01-06 04:20:13.991767+00:00,176.0,3229.352,3228.99,3229.6,ETH
2026-01-06 04:17:57+00:00,2026-01-06 04:20:14.990892+00:00,177.0,3229.352,3228.99,3229.56,ETH
2026-01-06 04:17:58+00:00,2026-01-06 04:20:15.987482+00:00,178.0,3229.352,3228.99,3229.53,ETH
2026-01-06 04:17:59+00:00,2026-01-06 04:20:16.976037+00:00,179.0,3229.352,3228.99,3229.51,ETH
2026-01-06 04:18:00+00:00,2026-01-06 04:20:17.971378+00:00,180.0,3229.352,3228.99,3229.52,ETH
2026-01-06 04:18:01+00:00,2026-01-06 04:20:18.974646+00:00,181.0,3229.352,3228.99,3229.54,ETH
2026-01-06 04:18:02+00:00,2026-01-06 04:20:19.975109+00:00,182.0,3229.362,3228.99,3229.56,ETH
2026-01-06 04:18:03+00:00,2026-01-06 04:20:20.994646+00:00,183.0,3229.352,3229.0,3229.52,ETH
2026-01-06 04:18:04+00:00,2026-01-06 04:20:21.994275+00:00,184.0,3229.352,3229.0,3229.51,ETH
2026-01-06 04:18:05+00:00,2026-01-06 04:20:24.021512+00:00,185.0,3229.342,3229.0,3229.51,ETH
2026-01-06 04:18:06+00:00,2026-01-06 04:20:25.010360+00:00,186.0,3229.342,3228.98,3229.55,ETH
2026-01-06 04:18:07+00:00,2026-01-06 04:20:26.011277+00:00,187.0,3229.352,3228.95,3229.58,ETH
2026-01-06 04:18:08+00:00,2026-01-06 04:20:27.023577+00:00,188.0,3229.352,3228.95,3229.59,ETH
2026-01-06 04:18:09+00:00,2026-01-06 04:20:28.021113+00:00,189.0,3229.352,3228.96,3229.59,ETH
2026-01-06 04:18:10+00:00,2026-01-06 04:20:29.020721+00:00,190.0,3229.352,3228.97,3229.62,ETH
2026-01-06 04:18:11+00:00,2026-01-06 04:20:30.025749+00:00,191.0,3229.342,3228.98,3229.65,ETH
2026-01-06 04:18:12+00:00,2026-01-06 04:20:31.039614+00:00,192.0,3229.342,3228.99,3229.64,ETH
2026-01-06 04:18:13+00:00,2026-01-06 04:20:32.040359+00:00,193.0,3229.352,3228.99,3229.64,ETH
2026-01-06 04:18:14+00:00,2026-01-06 04:20:33.060719+00:00,194.0,3229.352,3228.99,3229.64,ETH
2026-01-06 04:18:15+00:00,2026-01-06 04:20:34.069817+00:00,195.0,3229.522,3229.26,3229.84,ETH
2026-01-06 04:18:16+00:00,2026-01-06 04:20:35.073732+00:00,196.0,3229.702,3229.55,3230.07,ETH
2026-01-06 04:18:17+00:00,2026-01-06 04:20:36.085333+00:00,197.0,3229.752,3229.59,3230.15,ETH
2026-01-06 04:18:18+00:00,2026-01-06 04:20:37.086856+00:00,198.0,3229.792,3229.62,3230.21,ETH
2026-01-06 04:18:19+00:00,2026-01-06 04:20:38.087555+00:00,199.0,3229.792,3229.62,3230.22,ETH
2026-01-06 04:18:20+00:00,2026-01-06 04:20:39.089453+00:00,200.0,3229.792,3229.61,3230.25,ETH
2026-01-06 04:18:21+00:00,2026-01-06 04:20:40.109049+00:00,201.0,3229.792,3229.6,3230.27,ETH
2026-01-06 04:18:22+00:00,2026-01-06 04:20:41.110477+00:00,202.0,3229.822,3229.6,3230.3,ETH
2026-01-06 04:18:23+00:00,2026-01-06 04:20:42.121981+00:00,203.0,3229.822,3229.61,3230.27,ETH
2026-01-06 04:18:24+00:00,2026-01-06 04:20:43.147493+00:00,204.0,3229.872,3229.65,3230.25,ETH
2026-01-06 04:18:26+00:00,2026-01-06 04:20:44.189809+00:00,206.0,3230.092,3229.7,3230.39,ETH
2026-01-06 04:18:27+00:00,2026-01-06 04:20:45.156633+00:00,207.0,3230.132,3229.85,3230.46,ETH
2026-01-06 04:18:28+00:00,2026-01-06 04:20:46.197935+00:00,208.0,3230.162,3230.02,3230.71,ETH
2026-01-06 04:18:29+00:00,2026-01-06 04:20:48.187262+00:00,209.0,3230.162,3230.03,3230.75,ETH
2026-01-06 04:18:30+00:00,2026-01-06 04:20:49.188888+00:00,210.0,3230.152,3230.03,3230.75,ETH
2026-01-06 04:18:31+00:00,2026-01-06 04:20:50.190021+00:00,211.0,3230.112,3230.01,3230.63,ETH
2026-01-06 04:18:32+00:00,2026-01-06 04:20:51.202099+00:00,212.0,3230.082,3229.98,3230.47,ETH
2026-01-06 04:18:33+00:00,2026-01-06 04:20:52.210016+00:00,213.0,3230.072,3229.94,3230.43,ETH
2026-01-06 04:18:34+00:00,2026-01-06 04:20:53.207228+00:00,214.0,3230.072,3229.91,3230.44,ETH
2026-01-06 04:18:35+00:00,2026-01-06 04:20:54.207868+00:00,215.0,3230.062,3229.91,3230.42,ETH
2026-01-06 04:18:36+00:00,2026-01-06 04:20:55.217577+00:00,216.0,3230.052,3229.88,3230.32,ETH
2026-01-06 04:18:37+00:00,2026-01-06 04:20:56.222198+00:00,217.0,3229.912,3229.64,3230.2,ETH
2026-01-06 04:18:38+00:00,2026-01-06 04:20:57.221117+00:00,218.0,3229.762,3229.43,3230.14,ETH
2026-01-06 04:18:39+00:00,2026-01-06 04:20:58.219067+00:00,219.0,3229.762,3229.43,3230.11,ETH
2026-01-06 04:18:40+00:00,2026-01-06 04:20:59.233124+00:00,220.0,3229.762,3229.43,3230.07,ETH
2026-01-06 04:18:41+00:00,2026-01-06 04:21:00.235360+00:00,221.0,3229.762,3229.43,3230.06,ETH
2026-01-06 04:18:42+00:00,2026-01-06 04:21:01.241966+00:00,222.0,3229.762,3229.43,3230.06,ETH
2026-01-06 04:18:43+00:00,2026-01-06 04:21:02.235839+00:00,223.0,3229.762,3229.43,3230.03,ETH
2026-01-06 04:18:44+00:00,2026-01-06 04:21:03.256978+00:00,224.0,3229.722,3229.4,3229.92,ETH
2026-01-06 04:18:45+00:00,2026-01-06 04:21:04.253708+00:00,225.0,3229.542,3229.21,3229.78,ETH
2026-01-06 04:18:46+00:00,2026-01-06 04:21:05.257647+00:00,226.0,3229.392,3229.05,3229.75,ETH
2026-01-06 04:18:47+00:00,2026-01-06 04:21:06.267541+00:00,227.0,3229.392,3229.05,3229.76,ETH
2026-01-06 04:18:48+00:00,2026-01-06 04:21:07.270071+00:00,228.0,3229.392,3229.06,3229.74,ETH
2026-01-06 04:18:49+00:00,2026-01-06 04:21:08.276497+00:00,229.0,3229.392,3229.06,3229.71,ETH
2026-01-06 04:18:50+00:00,2026-01-06 04:21:09.289765+00:00,230.0,3229.392,3229.06,3229.67,ETH
2026-01-06 04:18:51+00:00,2026-01-06 04:21:10.309164+00:00,231.0,3229.392,3229.06,3229.65,ETH
2026-01-06 04:18:52+00:00,2026-01-06 04:21:11.317771+00:00,232.0,3229.382,3229.05,3229.68,ETH
2026-01-06 04:18:53+00:00,2026-01-06 04:21:12.306312+00:00,233.0,3229.372,3229.05,3229.7,ETH
2026-01-06 04:18:54+00:00,2026-01-06 04:21:13.311931+00:00,234.0,3229.372,3229.05,3229.68,ETH
2026-01-06 04:18:55+00:00,2026-01-06 04:21:14.307551+00:00,235.0,3229.372,3229.05,3229.64,ETH
2026-01-06 04:18:56+00:00,2026-01-06 04:21:15.322691+00:00,236.0,3229.372,3229.05,3229.64,ETH
2026-01-06 04:18:57+00:00,2026-01-06 04:21:16.342879+00:00,237.0,3229.372,3229.05,3229.65,ETH
2026-01-06 04:18:58+00:00,2026-01-06 04:21:17.345285+00:00,238.0,3229.372,3229.05,3229.65,ETH
2026-01-06 04:18:59+00:00,2026-01-06 04:21:18.373644+00:00,239.0,3229.372,3229.05,3229.65,ETH
2026-01-06 04:19:00+00:00,2026-01-06 04:21:19.393998+00:00,240.0,3229.372,3229.05,3229.64,ETH
2026-01-06 04:19:01+00:00,2026-01-06 04:21:20.386762+00:00,241.0,3229.372,3229.05,3229.62,ETH
2026-01-06 04:19:02+00:00,2026-01-06 04:21:21.388907+00:00,242.0,3229.382,3229.05,3229.59,ETH
2026-01-06 04:19:03+00:00,2026-01-06 04:21:22.406111+00:00,243.0,3229.372,3229.04,3229.57,ETH
2026-01-06 04:19:04+00:00,2026-01-06 04:21:23.424618+00:00,244.0,3229.372,3229.04,3229.57,ETH
2026-01-06 04:19:05+00:00,2026-01-06 04:21:24.426058+00:00,245.0,3229.372,3229.04,3229.58,ETH
2026-01-06 04:19:06+00:00,2026-01-06 04:21:25.421900+00:00,246.0,3229.372,3229.04,3229.64,ETH
2026-01-06 04:19:07+00:00,2026-01-06 04:21:26.427007+00:00,247.0,3229.372,3229.04,3229.74,ETH
2026-01-06 04:19:08+00:00,2026-01-06 04:21:27.439362+00:00,248.0,3229.382,3229.04,3229.79,ETH
2026-01-06 04:19:09+00:00,2026-01-06 04:21:28.454376+00:00,249.0,3229.392,3229.04,3229.78,ETH
2026-01-06 04:19:10+00:00,2026-01-06 04:21:29.455669+00:00,250.0,3229.392,3229.04,3229.78,ETH
2026-01-06 04:19:11+00:00,2026-01-06 04:21:30.460381+00:00,251.0,3229.392,3229.04,3229.78,ETH
2026-01-06 04:19:12+00:00,2026-01-06 04:21:31.456403+00:00,252.0,3229.392,3229.04,3229.78,ETH
2026-01-06 04:19:13+00:00,2026-01-06 04:21:32.455536+00:00,253.0,3229.392,3229.04,3229.78,ETH
2026-01-06 04:19:14+00:00,2026-01-06 04:21:33.476118+00:00,254.0,3229.392,3229.04,3229.78,ETH
2026-01-06 04:19:15+00:00,2026-01-06 04:21:34.469413+00:00,255.0,3229.392,3229.03,3229.78,ETH
2026-01-06 04:19:16+00:00,2026-01-06 04:21:35.470808+00:00,256.0,3229.392,3229.03,3229.72,ETH
2026-01-06 04:19:17+00:00,2026-01-06 04:21:36.473473+00:00,257.0,3229.362,3229.03,3229.7,ETH
2026-01-06 04:19:18+00:00,2026-01-06 04:21:37.468946+00:00,258.0,3229.372,3229.03,3229.73,ETH
2026-01-06 04:19:19+00:00,2026-01-06 04:21:38.468985+00:00,259.0,3229.372,3229.03,3229.66,ETH
2026-01-06 04:19:20+00:00,2026-01-06 04:21:39.490479+00:00,260.0,3229.372,3229.03,3229.67,ETH
2026-01-06 04:19:21+00:00,2026-01-06 04:21:40.473873+00:00,261.0,3229.372,3229.03,3229.67,ETH
2026-01-06 04:19:22+00:00,2026-01-06 04:21:41.483580+00:00,262.0,3229.362,3229.03,3229.65,ETH
2026-01-06 04:19:23+00:00,2026-01-06 04:21:42.486002+00:00,263.0,3229.362,3229.03,3229.65,ETH
2026-01-06 04:19:24+00:00,2026-01-06 04:21:43.502212+00:00,264.0,3229.362,3229.03,3229.65,ETH
2026-01-06 04:19:25+00:00,2026-01-06 04:21:44.503860+00:00,265.0,3229.362,3229.04,3229.65,ETH
2026-01-06 04:19:26+00:00,2026-01-06 04:21:45.507748+00:00,266.0,3229.362,3229.04,3229.65,ETH
2026-01-06 04:19:27+00:00,2026-01-06 04:21:46.489945+00:00,267.0,3229.362,3229.04,3229.65,ETH
2026-01-06 04:19:28+00:00,2026-01-06 04:21:47.485052+00:00,268.0,3229.362,3229.04,3229.65,ETH
2026-01-06 04:19:29+00:00,2026-01-06 04:21:48.488237+00:00,269.0,3229.362,3229.04,3229.65,ETH
2026-01-06 04:19:30+00:00,2026-01-06 04:21:49.490386+00:00,270.0,3229.362,3229.04,3229.65,ETH
2026-01-06 04:19:31+00:00,2026-01-06 04:21:50.507034+00:00,271.0,3229.362,3229.04,3229.65,ETH
2026-01-06 04:19:32+00:00,2026-01-06 04:21:51.502540+00:00,272.0,3229.362,3229.04,3229.7,ETH
2026-01-06 04:19:33+00:00,2026-01-06 04:21:52.512429+00:00,273.0,3229.362,3229.04,3229.72,ETH
2026-01-06 04:19:34+00:00,2026-01-06 04:21:53.519396+00:00,274.0,3229.362,3229.04,3229.72,ETH
2026-01-06 04:19:35+00:00,2026-01-06 04:21:54.516823+00:00,275.0,3229.362,3229.04,3229.72,ETH
2026-01-06 04:19:36+00:00,2026-01-06 04:21:55.521859+00:00,276.0,3229.362,3229.04,3229.72,ETH
2026-01-06 04:19:37+00:00,2026-01-06 04:21:56.518538+00:00,277.0,3229.372,3229.04,3229.73,ETH
2026-01-06 04:19:38+00:00,2026-01-06 04:21:57.521495+00:00,278.0,3229.372,3229.06,3229.74,ETH
2026-01-06 04:19:39+00:00,2026-01-06 04:21:58.518293+00:00,279.0,3229.372,3229.06,3229.78,ETH
2026-01-06 04:19:40+00:00,2026-01-06 04:21:59.521370+00:00,280.0,3229.372,3229.06,3229.78,ETH
2026-01-06 04:19:41+00:00,2026-01-06 04:22:00.520737+00:00,281.0,3229.372,3229.06,3229.78,ETH
2026-01-06 04:19:42+00:00,2026-01-06 04:22:01.524448+00:00,282.0,3229.372,3229.06,3229.78,ETH
2026-01-06 04:19:43+00:00,2026-01-06 04:22:02.515794+00:00,283.0,3229.382,3229.04,3229.78,ETH
2026-01-06 04:19:44+00:00,2026-01-06 04:22:03.543204+00:00,284.0,3229.372,3229.04,3229.78,ETH
2026-01-06 04:19:45+00:00,2026-01-06 04:22:04.557641+00:00,285.0,3229.372,3229.04,3229.78,ETH
2026-01-06 04:19:46+00:00,2026-01-06 04:22:05.554255+00:00,286.0,3229.372,3229.04,3229.78,ETH
2026-01-06 04:19:47+00:00,2026-01-06 04:22:06.572129+00:00,287.0,3229.382,3229.09,3229.78,ETH
2026-01-06 04:19:48+00:00,2026-01-06 04:22:07.571428+00:00,288.0,3229.382,3229.09,3229.78,ETH
2026-01-06 04:19:49+00:00,2026-01-06 04:22:08.583769+00:00,289.0,3229.382,3229.09,3229.78,ETH
2026-01-06 04:19:50+00:00,2026-01-06 04:22:09.585485+00:00,290.0,3229.382,3229.12,3229.82,ETH
2026-01-06 04:19:51+00:00,2026-01-06 04:22:10.587728+00:00,291.0,3229.642,3229.46,3230.09,ETH
2026-01-06 04:19:52+00:00,2026-01-06 04:22:11.587839+00:00,292.0,3229.642,3229.45,3230.04,ETH
2026-01-06 04:19:53+00:00,2026-01-06 04:22:12.582857+00:00,293.0,3229.602,3229.45,3230.0,ETH
2026-01-06 04:19:54+00:00,2026-01-06 04:22:13.585876+00:00,294.0,3229.602,3229.46,3230.06,ETH
2026-01-06 04:19:55+00:00,2026-01-06 04:22:14.586769+00:00,295.0,3229.602,3229.46,3230.06,ETH
2026-01-06 04:19:56+00:00,2026-01-06 04:22:15.577481+00:00,296.0,3229.602,3229.46,3230.04,ETH
2026-01-06 04:19:57+00:00,2026-01-06 04:22:16.589284+00:00,297.0,3229.602,3229.46,3230.02,ETH
2026-01-06 04:19:58+00:00,2026-01-06 04:22:17.603109+00:00,298.0,3229.602,3229.37,3230.07,ETH
2026-01-06 04:19:59+00:00,2026-01-06 04:22:18.613494+00:00,299.0,3229.612,3229.37,3230.07,ETH
2026-01-06 04:20:00+00:00,2026-01-06 04:22:19.617566+00:00,300.0,3229.612,3229.37,3230.06,ETH
2026-01-06 04:20:01+00:00,2026-01-06 04:22:20.615851+00:00,301.0,3229.612,3229.37,3230.06,ETH
2026-01-06 04:20:02+00:00,2026-01-06 04:22:21.621620+00:00,302.0,3229.602,3229.37,3230.04,ETH
2026-01-06 04:20:03+00:00,2026-01-06 04:22:22.638540+00:00,303.0,3229.602,3229.4,3230.06,ETH
2026-01-06 04:20:04+00:00,2026-01-06 04:22:24.663103+00:00,304.0,3229.612,3229.4,3230.07,ETH
2026-01-06 04:20:05+00:00,2026-01-06 04:22:25.663006+00:00,305.0,3229.612,3229.39,3230.04,ETH
2026-01-06 04:20:06+00:00,2026-01-06 04:22:26.653229+00:00,306.0,3229.602,3229.39,3230.0,ETH
2026-01-06 04:20:07+00:00,2026-01-06 04:22:27.676622+00:00,307.0,3229.602,3229.39,3230.0,ETH
2026-01-06 04:20:08+00:00,2026-01-06 04:22:28.678697+00:00,308.0,3229.602,3229.38,3230.0,ETH
2026-01-06 04:20:09+00:00,2026-01-06 04:22:29.677478+00:00,309.0,3229.602,3229.37,3229.99,ETH
2026-01-06 04:20:10+00:00,2026-01-06 04:22:30.719878+00:00,310.0,3229.602,3229.38,3230.0,ETH
2026-01-06 04:20:11+00:00,2026-01-06 04:22:31.723172+00:00,311.0,3229.602,3229.39,3230.01,ETH
2026-01-06 04:20:12+00:00,2026-01-06 04:22:32.718883+00:00,312.0,3229.602,3229.39,3230.03,ETH
2026-01-06 04:20:14+00:00,2026-01-06 04:22:33.755592+00:00,314.0,3229.602,3229.39,3230.05,ETH
2026-01-06 04:20:15+00:00,2026-01-06 04:22:34.776260+00:00,315.0,3229.602,3229.39,3230.05,ETH
2026-01-06 04:20:16+00:00,2026-01-06 04:22:35.778381+00:00,316.0,3229.602,3229.39,3230.03,ETH
2026-01-06 04:20:17+00:00,2026-01-06 04:22:36.790590+00:00,317.0,3229.592,3229.39,3230.01,ETH
2026-01-06 04:20:18+00:00,2026-01-06 04:22:37.786090+00:00,318.0,3229.592,3229.39,3230.03,ETH
2026-01-06 04:20:19+00:00,2026-01-06 04:22:38.781255+00:00,319.0,3229.592,3229.39,3230.02,ETH
2026-01-06 04:20:20+00:00,2026-01-06 04:22:39.800418+00:00,320.0,3229.592,3229.42,3230.02,ETH
2026-01-06 04:20:21+00:00,2026-01-06 04:22:40.822319+00:00,321.0,3229.592,3229.42,3230.0,ETH
2026-01-06 04:20:22+00:00,2026-01-06 04:22:41.831065+00:00,322.0,3229.592,3229.42,3230.0,ETH
2026-01-06 04:20:23+00:00,2026-01-06 04:22:42.831585+00:00,323.0,3229.592,3229.42,3230.02,ETH
2026-01-06 04:20:24+00:00,2026-01-06 04:22:43.836866+00:00,324.0,3229.592,3229.42,3230.02,ETH
2026-01-06 04:20:25+00:00,2026-01-06 04:22:44.836568+00:00,325.0,3229.592,3229.42,3230.02,ETH
2026-01-06 04:20:26+00:00,2026-01-06 04:22:45.856535+00:00,326.0,3229.592,3229.41,3230.02,ETH
2026-01-06 04:20:27+00:00,2026-01-06 04:22:46.854925+00:00,327.0,3229.592,3229.41,3230.02,ETH
2026-01-06 04:20:28+00:00,2026-01-06 04:22:47.865610+00:00,328.0,3229.592,3229.4,3230.02,ETH
2026-01-06 04:20:29+00:00,2026-01-06 04:22:48.879732+00:00,329.0,3229.592,3229.4,3229.98,ETH
2026-01-06 04:20:30+00:00,2026-01-06 04:22:49.874856+00:00,330.0,3229.592,3229.4,3229.98,ETH
2026-01-06 04:20:31+00:00,2026-01-06 04:22:50.867415+00:00,331.0,3229.592,3229.36,3229.98,ETH
2026-01-06 04:20:32+00:00,2026-01-06 04:22:51.885605+00:00,332.0,3229.592,3229.36,3229.97,ETH
2026-01-06 04:20:33+00:00,2026-01-06 04:22:52.869242+00:00,333.0,3229.592,3229.36,3229.98,ETH
2026-01-06 04:20:34+00:00,2026-01-06 04:22:53.871618+00:00,334.0,3229.592,3229.36,3229.97,ETH
2026-01-06 04:20:35+00:00,2026-01-06 04:22:54.861465+00:00,335.0,3229.592,3229.36,3229.96,ETH
2026-01-06 04:20:36+00:00,2026-01-06 04:22:55.871765+00:00,336.0,3229.592,3229.36,3229.88,ETH
2026-01-06 04:20:37+00:00,2026-01-06 04:22:56.864933+00:00,337.0,3229.592,3229.34,3229.87,ETH
2026-01-06 04:20:38+00:00,2026-01-06 04:22:57.889443+00:00,338.0,3229.352,3229.26,3229.5,ETH
2026-01-06 04:20:39+00:00,2026-01-06 04:22:58.878287+00:00,339.0,3229.072,3228.8,3229.45,ETH
2026-01-06 04:20:40+00:00,2026-01-06 04:22:59.889591+00:00,340.0,3229.072,3228.79,3229.48,ETH
2026-01-06 04:20:41+00:00,2026-01-06 04:23:00.876751+00:00,341.0,3229.092,3228.79,3229.48,ETH
2026-01-06 04:20:42+00:00,2026-01-06 04:23:01.886149+00:00,342.0,3229.072,3228.79,3229.48,ETH
2026-01-06 04:20:43+00:00,2026-01-06 04:23:02.897520+00:00,343.0,3229.072,3228.79,3229.48,ETH
2026-01-06 04:20:44+00:00,2026-01-06 04:23:03.913818+00:00,344.0,3229.072,3228.79,3229.48,ETH
2026-01-06 04:20:45+00:00,2026-01-06 04:23:04.933785+00:00,345.0,3229.072,3228.79,3229.48,ETH
2026-01-06 04:20:46+00:00,2026-01-06 04:23:05.958330+00:00,346.0,3229.072,3228.79,3229.48,ETH
2026-01-06 04:20:47+00:00,2026-01-06 04:23:06.949596+00:00,347.0,3229.072,3228.79,3229.48,ETH
2026-01-06 04:20:48+00:00,2026-01-06 04:23:07.984160+00:00,348.0,3229.552,3229.15,3229.94,ETH
2026-01-06 04:20:49+00:00,2026-01-06 04:23:08.987712+00:00,349.0,3229.552,3229.35,3229.95,ETH
2026-01-06 04:20:50+00:00,2026-01-06 04:23:09.987921+00:00,350.0,3229.552,3229.34,3229.96,ETH
2026-01-06 04:20:51+00:00,2026-01-06 04:23:10.982457+00:00,351.0,3229.522,3229.35,3229.87,ETH
2026-01-06 04:20:52+00:00,2026-01-06 04:23:12.009011+00:00,352.0,3229.522,3229.35,3229.86,ETH
2026-01-06 04:20:53+00:00,2026-01-06 04:23:14.000203+00:00,353.0,3229.522,3229.35,3229.91,ETH
2026-01-06 04:20:54+00:00,2026-01-06 04:23:15.016738+00:00,354.0,3229.522,3229.35,3229.91,ETH
2026-01-06 04:20:55+00:00,2026-01-06 04:23:16.016616+00:00,355.0,3229.502,3229.3,3229.84,ETH
2026-01-06 04:20:56+00:00,2026-01-06 04:23:17.030504+00:00,356.0,3229.472,3229.25,3229.75,ETH
2026-01-06 04:20:57+00:00,2026-01-06 04:23:18.052595+00:00,357.0,3229.462,3229.25,3229.72,ETH
2026-01-06 04:20:58+00:00,2026-01-06 04:23:19.050505+00:00,358.0,3229.462,3229.25,3229.71,ETH
2026-01-06 04:20:59+00:00,2026-01-06 04:23:20.063413+00:00,359.0,3229.442,3229.16,3229.68,ETH
2026-01-06 04:21:00+00:00,2026-01-06 04:23:21.078593+00:00,360.0,3229.422,3229.07,3229.65,ETH
2026-01-06 04:21:01+00:00,2026-01-06 04:23:22.085100+00:00,361.0,3229.412,3229.07,3229.71,ETH
2026-01-06 04:21:02+00:00,2026-01-06 04:23:23.087383+00:00,362.0,3229.432,3229.07,3229.82,ETH
2026-01-06 04:21:03+00:00,2026-01-06 04:23:24.108756+00:00,363.0,3229.452,3229.08,3229.88,ETH
2026-01-06 04:21:04+00:00,2026-01-06 04:23:25.145085+00:00,364.0,3229.452,3229.1,3229.88,ETH
2026-01-06 04:21:05+00:00,2026-01-06 04:23:26.135274+00:00,365.0,3229.482,3229.13,3229.89,ETH
2026-01-06 04:21:06+00:00,2026-01-06 04:23:27.141200+00:00,366.0,3229.512,3229.19,3229.94,ETH
2026-01-06 04:21:07+00:00,2026-01-06 04:23:28.150859+00:00,367.0,3229.522,3229.23,3229.96,ETH
2026-01-06 04:21:08+00:00,2026-01-06 04:23:29.161650+00:00,368.0,3229.542,3229.23,3229.93,ETH
2026-01-06 04:21:09+00:00,2026-01-06 04:23:30.169412+00:00,369.0,3229.532,3229.23,3229.93,ETH
2026-01-06 04:21:11+00:00,2026-01-06 04:23:31.225519+00:00,371.0,3229.532,3229.23,3229.93,ETH
2026-01-06 04:21:12+00:00,2026-01-06 04:23:32.239154+00:00,372.0,3229.532,3229.23,3229.91,ETH
2026-01-06 04:21:13+00:00,2026-01-06 04:23:33.221342+00:00,373.0,3229.542,3229.23,3229.93,ETH
2026-01-06 04:21:14+00:00,2026-01-06 04:23:34.219213+00:00,374.0,3229.542,3229.21,3229.92,ETH
2026-01-06 04:21:15+00:00,2026-01-06 04:23:35.224227+00:00,375.0,3229.532,3229.21,3230.03,ETH
2026-01-06 04:21:16+00:00,2026-01-06 04:23:36.245546+00:00,376.0,3229.532,3229.21,3229.91,ETH
2026-01-06 04:21:17+00:00,2026-01-06 04:23:37.229977+00:00,377.0,3229.532,3229.21,3229.93,ETH
2026-01-06 04:21:18+00:00,2026-01-06 04:23:39.249160+00:00,378.0,3229.532,3229.21,3229.95,ETH
2026-01-06 04:21:19+00:00,2026-01-06 04:23:40.265983+00:00,379.0,3229.532,3229.21,3229.95,ETH
2026-01-06 04:21:20+00:00,2026-01-06 04:23:41.280674+00:00,380.0,3229.532,3229.22,3229.93,ETH
2026-01-06 04:21:22+00:00,2026-01-06 04:23:42.325567+00:00,382.0,3229.532,3229.23,3229.91,ETH
2026-01-06 04:21:23+00:00,2026-01-06 04:23:43.324137+00:00,383.0,3229.592,3229.23,3230.05,ETH
2026-01-06 04:21:24+00:00,2026-01-06 04:23:44.342672+00:00,384.0,3229.782,3229.49,3230.19,ETH
2026-01-06 04:21:25+00:00,2026-01-06 04:23:45.345894+00:00,385.0,3229.782,3229.5,3230.22,ETH
2026-01-06 04:21:26+00:00,2026-01-06 04:23:46.349209+00:00,386.0,3229.782,3229.51,3230.11,ETH
2026-01-06 04:21:27+00:00,2026-01-06 04:23:47.346421+00:00,387.0,3229.772,3229.48,3230.1,ETH
2026-01-06 04:21:28+00:00,2026-01-06 04:23:48.361285+00:00,388.0,3229.772,3229.48,3230.06,ETH
2026-01-06 04:21:29+00:00,2026-01-06 04:23:49.352816+00:00,389.0,3229.762,3229.48,3230.08,ETH
2026-01-06 04:21:30+00:00,2026-01-06 04:23:50.369443+00:00,390.0,3229.762,3229.48,3230.1,ETH
2026-01-06 04:21:31+00:00,2026-01-06 04:23:51.380982+00:00,391.0,3229.742,3229.49,3230.1,ETH
2026-01-06 04:21:32+00:00,2026-01-06 04:23:52.392959+00:00,392.0,3229.752,3229.49,3230.14,ETH
2026-01-06 04:21:33+00:00,2026-01-06 04:23:53.395668+00:00,393.0,3229.742,3229.49,3230.14,ETH
2026-01-06 04:21:34+00:00,2026-01-06 04:23:54.396079+00:00,394.0,3229.742,3229.49,3230.14,ETH
2026-01-06 04:21:35+00:00,2026-01-06 04:23:55.399189+00:00,395.0,3229.742,3229.49,3230.12,ETH
2026-01-06 04:21:36+00:00,2026-01-06 04:23:56.405840+00:00,396.0,3229.742,3229.49,3230.12,ETH
2026-01-06 04:21:37+00:00,2026-01-06 04:23:57.418363+00:00,397.0,3229.742,3229.49,3230.13,ETH
2026-01-06 04:21:38+00:00,2026-01-06 04:23:58.433353+00:00,398.0,3229.742,3229.49,3230.13,ETH
2026-01-06 04:21:39+00:00,2026-01-06 04:23:59.446362+00:00,399.0,3229.732,3229.48,3230.12,ETH
2026-01-06 04:21:40+00:00,2026-01-06 04:24:00.438632+00:00,400.0,3229.732,3229.47,3230.12,ETH
2026-01-06 04:21:41+00:00,2026-01-06 04:24:02.436898+00:00,401.0,3229.732,3229.47,3230.11,ETH
2026-01-06 04:21:42+00:00,2026-01-06 04:24:03.436017+00:00,402.0,3229.732,3229.47,3230.12,ETH
2026-01-06 04:21:43+00:00,2026-01-06 04:24:04.464283+00:00,403.0,3229.732,3229.47,3230.12,ETH
2026-01-06 04:21:44+00:00,2026-01-06 04:24:05.465419+00:00,404.0,3229.732,3229.47,3230.12,ETH
2026-01-06 04:21:45+00:00,2026-01-06 04:24:06.468421+00:00,405.0,3229.742,3229.47,3230.14,ETH
2026-01-06 04:21:46+00:00,2026-01-06 04:24:07.483542+00:00,406.0,3229.752,3229.47,3230.14,ETH
2026-01-06 04:21:47+00:00,2026-01-06 04:24:08.468623+00:00,407.0,3229.752,3229.47,3230.13,ETH
2026-01-06 04:21:48+00:00,2026-01-06 04:24:09.483671+00:00,408.0,3229.752,3229.47,3230.14,ETH
2026-01-06 04:21:49+00:00,2026-01-06 04:24:10.485133+00:00,409.0,3229.752,3229.47,3230.13,ETH
2026-01-06 04:21:50+00:00,2026-01-06 04:24:11.482186+00:00,410.0,3229.752,3229.47,3230.13,ETH
2026-01-06 04:21:51+00:00,2026-01-06 04:24:12.506264+00:00,411.0,3229.752,3229.47,3230.13,ETH
2026-01-06 04:21:52+00:00,2026-01-06 04:24:13.505731+00:00,412.0,3229.752,3229.47,3230.14,ETH
2026-01-06 04:21:53+00:00,2026-01-06 04:24:14.502945+00:00,413.0,3229.752,3229.47,3230.15,ETH
2026-01-06 04:21:54+00:00,2026-01-06 04:24:15.499692+00:00,414.0,3229.752,3229.47,3230.16,ETH
2026-01-06 04:21:55+00:00,2026-01-06 04:24:16.497775+00:00,415.0,3229.782,3229.51,3230.26,ETH
2026-01-06 04:21:56+00:00,2026-01-06 04:24:17.514345+00:00,416.0,3229.812,3229.54,3230.36,ETH
2026-01-06 04:21:57+00:00,2026-01-06 04:24:18.534850+00:00,417.0,3229.812,3229.54,3230.29,ETH
2026-01-06 04:21:58+00:00,2026-01-06 04:24:19.531858+00:00,418.0,3229.812,3229.54,3230.23,ETH
2026-01-06 04:21:59+00:00,2026-01-06 04:24:20.537057+00:00,419.0,3229.812,3229.54,3230.23,ETH
2026-01-06 04:22:00+00:00,2026-01-06 04:24:21.529082+00:00,420.0,3229.822,3229.54,3230.23,ETH
2026-01-06 04:22:01+00:00,2026-01-06 04:24:22.534254+00:00,421.0,3229.812,3229.55,3230.23,ETH
2026-01-06 04:22:02+00:00,2026-01-06 04:24:23.550131+00:00,422.0,3229.812,3229.56,3230.23,ETH
2026-01-06 04:22:03+00:00,2026-01-06 04:24:24.546416+00:00,423.0,3229.812,3229.55,3230.23,ETH
2026-01-06 04:22:04+00:00,2026-01-06 04:24:25.550031+00:00,424.0,3229.812,3229.54,3230.23,ETH
2026-01-06 04:22:05+00:00,2026-01-06 04:24:26.544642+00:00,425.0,3229.812,3229.54,3230.18,ETH
2026-01-06 04:22:06+00:00,2026-01-06 04:24:27.565819+00:00,426.0,3229.692,3229.54,3229.84,ETH
2026-01-06 04:22:07+00:00,2026-01-06 04:24:28.564413+00:00,427.0,3229.432,3229.14,3229.66,ETH
2026-01-06 04:22:08+00:00,2026-01-06 04:24:29.568661+00:00,428.0,3229.422,3229.12,3229.62,ETH
2026-01-06 04:22:09+00:00,2026-01-06 04:24:30.564905+00:00,429.0,3229.422,3229.12,3229.66,ETH
2026-01-06 04:22:10+00:00,2026-01-06 04:24:31.565242+00:00,430.0,3229.412,3229.12,3229.66,ETH
2026-01-06 04:22:11+00:00,2026-01-06 04:24:32.576973+00:00,431.0,3229.382,3229.1,3229.64,ETH
2026-01-06 04:22:12+00:00,2026-01-06 04:24:33.582022+00:00,432.0,3229.362,3229.1,3229.61,ETH
2026-01-06 04:22:13+00:00,2026-01-06 04:24:34.638144+00:00,433.0,3229.362,3228.97,3229.63,ETH
2026-01-06 04:22:14+00:00,2026-01-06 04:24:35.649691+00:00,434.0,3229.362,3228.97,3229.63,ETH
2026-01-06 04:22:15+00:00,2026-01-06 04:24:36.697522+00:00,435.0,3229.382,3228.99,3229.63,ETH
2026-01-06 04:22:16+00:00,2026-01-06 04:24:37.694437+00:00,436.0,3229.392,3229.0,3229.71,ETH
2026-01-06 04:22:17+00:00,2026-01-06 04:24:38.714444+00:00,437.0,3229.432,3229.04,3229.77,ETH
2026-01-06 04:22:18+00:00,2026-01-06 04:24:39.726394+00:00,438.0,3229.482,3229.09,3229.86,ETH
2026-01-06 04:22:19+00:00,2026-01-06 04:24:40.726747+00:00,439.0,3229.492,3229.2,3229.87,ETH
2026-01-06 04:22:20+00:00,2026-01-06 04:24:41.713391+00:00,440.0,3229.512,3229.28,3229.81,ETH
2026-01-06 04:22:21+00:00,2026-01-06 04:24:42.734307+00:00,441.0,3229.482,3229.26,3229.8,ETH
2026-01-06 04:22:22+00:00,2026-01-06 04:24:43.736737+00:00,442.0,3229.452,3229.26,3229.79,ETH
2026-01-06 04:22:23+00:00,2026-01-06 04:24:44.744384+00:00,443.0,3229.452,3229.25,3229.79,ETH
2026-01-06 04:22:24+00:00,2026-01-06 04:24:45.762898+00:00,444.0,3229.452,3229.24,3229.79,ETH
2026-01-06 04:22:25+00:00,2026-01-06 04:24:46.768317+00:00,445.0,3229.462,3229.24,3229.79,ETH
2026-01-06 04:22:26+00:00,2026-01-06 04:24:47.800232+00:00,446.0,3229.462,3229.24,3229.79,ETH
2026-01-06 04:22:27+00:00,2026-01-06 04:24:48.793213+00:00,447.0,3229.462,3229.24,3229.79,ETH
2026-01-06 04:22:28+00:00,2026-01-06 04:24:49.820007+00:00,448.0,3229.462,3229.24,3229.79,ETH
2026-01-06 04:22:29+00:00,2026-01-06 04:24:50.811244+00:00,449.0,3229.462,3229.24,3229.79,ETH
2026-01-06 04:22:30+00:00,2026-01-06 04:24:51.810765+00:00,450.0,3229.452,3229.24,3229.79,ETH
2026-01-06 04:22:31+00:00,2026-01-06 04:24:52.837269+00:00,451.0,3229.452,3229.24,3229.79,ETH
2026-01-06 04:22:32+00:00,2026-01-06 04:24:53.837380+00:00,452.0,3229.452,3229.24,3229.79,ETH
2026-01-06 04:22:33+00:00,2026-01-06 04:24:54.848076+00:00,453.0,3229.452,3229.24,3229.79,ETH
2026-01-06 04:22:34+00:00,2026-01-06 04:24:55.850239+00:00,454.0,3229.452,3229.24,3229.82,ETH
2026-01-06 04:22:35+00:00,2026-01-06 04:24:56.847519+00:00,455.0,3229.442,3229.24,3229.79,ETH
2026-01-06 04:22:36+00:00,2026-01-06 04:24:57.873130+00:00,456.0,3229.442,3229.22,3229.8,ETH
2026-01-06 04:22:37+00:00,2026-01-06 04:24:58.879338+00:00,457.0,3229.452,3229.22,3229.81,ETH
2026-01-06 04:22:38+00:00,2026-01-06 04:24:59.886040+00:00,458.0,3229.452,3229.22,3229.82,ETH
2026-01-06 04:22:39+00:00,2026-01-06 04:25:00.898551+00:00,459.0,3229.462,3229.22,3229.83,ETH
2026-01-06 04:22:40+00:00,2026-01-06 04:25:01.914015+00:00,460.0,3229.462,3229.22,3229.85,ETH
2026-01-06 04:22:41+00:00,2026-01-06 04:25:02.911853+00:00,461.0,3229.462,3229.22,3229.85,ETH
2026-01-06 04:22:42+00:00,2026-01-06 04:25:03.898975+00:00,462.0,3229.462,3229.22,3229.85,ETH
2026-01-06 04:22:43+00:00,2026-01-06 04:25:04.911863+00:00,463.0,3229.412,3229.22,3229.81,ETH
2026-01-06 04:22:44+00:00,2026-01-06 04:25:05.914818+00:00,464.0,3229.422,3229.18,3229.78,ETH
2026-01-06 04:22:45+00:00,2026-01-06 04:25:06.924429+00:00,465.0,3229.422,3229.2,3229.78,ETH
2026-01-06 04:22:46+00:00,2026-01-06 04:25:07.930685+00:00,466.0,3229.422,3229.2,3229.81,ETH
2026-01-06 04:22:47+00:00,2026-01-06 04:25:08.928995+00:00,467.0,3229.452,3229.22,3229.78,ETH
2026-01-06 04:22:48+00:00,2026-01-06 04:25:09.932678+00:00,468.0,3229.452,3229.22,3229.78,ETH
2026-01-06 04:22:49+00:00,2026-01-06 04:25:10.947060+00:00,469.0,3229.442,3229.22,3229.78,ETH
2026-01-06 04:22:50+00:00,2026-01-06 04:25:11.960827+00:00,470.0,3229.442,3229.22,3229.78,ETH
2026-01-06 04:22:51+00:00,2026-01-06 04:25:12.952904+00:00,471.0,3229.442,3229.22,3229.78,ETH
2026-01-06 04:22:52+00:00,2026-01-06 04:25:13.968872+00:00,472.0,3229.442,3229.22,3229.78,ETH
2026-01-06 04:22:53+00:00,2026-01-06 04:25:15.977934+00:00,473.0,3229.482,3229.22,3229.78,ETH
2026-01-06 04:22:54+00:00,2026-01-06 04:25:16.965272+00:00,474.0,3229.462,3229.22,3229.8,ETH
2026-01-06 04:22:55+00:00,2026-01-06 04:25:17.981243+00:00,475.0,3229.452,3229.22,3229.82,ETH
2026-01-06 04:22:56+00:00,2026-01-06 04:25:18.977697+00:00,476.0,3229.452,3229.22,3229.82,ETH
2026-01-06 04:22:57+00:00,2026-01-06 04:25:19.964423+00:00,477.0,3229.452,3229.22,3229.82,ETH
2026-01-06 04:22:58+00:00,2026-01-06 04:25:20.977700+00:00,478.0,3229.452,3229.22,3229.82,ETH
2026-01-06 04:22:59+00:00,2026-01-06 04:25:21.966882+00:00,479.0,3229.452,3229.22,3229.82,ETH
2026-01-06 04:23:00+00:00,2026-01-06 04:25:22.982414+00:00,480.0,3229.452,3229.23,3229.83,ETH
2026-01-06 04:23:01+00:00,2026-01-06 04:25:23.980785+00:00,481.0,3229.452,3229.23,3229.84,ETH
2026-01-06 04:23:02+00:00,2026-01-06 04:25:24.978611+00:00,482.0,3229.452,3229.22,3229.81,ETH
2026-01-06 04:23:03+00:00,2026-01-06 04:25:25.984624+00:00,483.0,3229.452,3229.2,3229.77,ETH
2026-01-06 04:23:04+00:00,2026-01-06 04:25:26.999481+00:00,484.0,3229.332,3229.03,3229.62,ETH
2026-01-06 04:23:05+00:00,2026-01-06 04:25:28.009391+00:00,485.0,3229.162,3228.82,3229.41,ETH
2026-01-06 04:23:06+00:00,2026-01-06 04:25:29.011159+00:00,486.0,3229.102,3228.74,3229.29,ETH
2026-01-06 04:23:07+00:00,2026-01-06 04:25:30.033108+00:00,487.0,3229.102,3228.72,3229.25,ETH
2026-01-06 04:23:08+00:00,2026-01-06 04:25:31.034186+00:00,488.0,3229.102,3228.72,3229.26,ETH
2026-01-06 04:23:09+00:00,2026-01-06 04:25:32.042027+00:00,489.0,3229.112,3228.72,3229.3,ETH
2026-01-06 04:23:10+00:00,2026-01-06 04:25:33.056235+00:00,490.0,3229.112,3228.73,3229.32,ETH
2026-01-06 04:23:11+00:00,2026-01-06 04:25:34.078120+00:00,491.0,3229.112,3228.73,3229.32,ETH
2026-01-06 04:23:12+00:00,2026-01-06 04:25:35.076210+00:00,492.0,3229.112,3228.73,3229.32,ETH
2026-01-06 04:23:13+00:00,2026-01-06 04:25:36.095295+00:00,493.0,3229.112,3228.73,3229.31,ETH
2026-01-06 04:23:14+00:00,2026-01-06 04:25:37.099239+00:00,494.0,3229.062,3228.7,3229.27,ETH
2026-01-06 04:23:15+00:00,2026-01-06 04:25:38.115985+00:00,495.0,3229.012,3228.67,3229.23,ETH
2026-01-06 04:23:16+00:00,2026-01-06 04:25:39.125335+00:00,496.0,3229.012,3228.66,3229.23,ETH
2026-01-06 04:23:17+00:00,2026-01-06 04:25:40.138272+00:00,497.0,3229.012,3228.66,3229.23,ETH
2026-01-06 04:23:18+00:00,2026-01-06 04:25:41.141114+00:00,498.0,3229.012,3228.66,3229.31,ETH
2026-01-06 04:23:19+00:00,2026-01-06 04:25:42.192188+00:00,499.0,3229.002,3228.63,3229.28,ETH
2026-01-06 04:23:20+00:00,2026-01-06 04:25:43.144991+00:00,500.0,3229.012,3228.6,3229.26,ETH
2026-01-06 04:23:21+00:00,2026-01-06 04:25:44.245215+00:00,501.0,3229.012,3228.6,3229.3,ETH
2026-01-06 04:23:22+00:00,2026-01-06 04:25:45.190400+00:00,502.0,3229.012,3228.6,3229.3,ETH
2026-01-06 04:23:23+00:00,2026-01-06 04:25:46.197400+00:00,503.0,3229.012,3228.61,3229.3,ETH
2026-01-06 04:23:24+00:00,2026-01-06 04:25:47.245291+00:00,504.0,3229.012,3228.6,3229.3,ETH
2026-01-06 04:23:25+00:00,2026-01-06 04:25:48.196225+00:00,505.0,3229.012,3228.59,3229.3,ETH
2026-01-06 04:23:26+00:00,2026-01-06 04:25:49.202495+00:00,506.0,3228.992,3228.59,3229.22,ETH
2026-01-06 04:23:27+00:00,2026-01-06 04:25:50.194005+00:00,507.0,3228.882,3228.57,3229.06,ETH
2026-01-06 04:23:28+00:00,2026-01-06 04:25:51.202054+00:00,508.0,3228.742,3228.43,3228.98,ETH
2026-01-06 04:23:29+00:00,2026-01-06 04:25:52.206274+00:00,509.0,3228.712,3228.34,3228.95,ETH
2026-01-06 04:23:30+00:00,2026-01-06 04:25:53.208382+00:00,510.0,3228.712,3228.34,3228.87,ETH
2026-01-06 04:23:31+00:00,2026-01-06 04:25:54.205050+00:00,511.0,3228.392,3228.18,3228.55,ETH
2026-01-06 04:23:32+00:00,2026-01-06 04:25:55.212749+00:00,512.0,3228.062,3227.85,3228.33,ETH
2026-01-06 04:23:33+00:00,2026-01-06 04:25:56.225816+00:00,513.0,3228.052,3227.67,3228.4,ETH
2026-01-06 04:23:34+00:00,2026-01-06 04:25:57.226020+00:00,514.0,3228.042,3227.68,3228.34,ETH
2026-01-06 04:23:35+00:00,2026-01-06 04:25:58.242573+00:00,515.0,3227.932,3227.58,3228.21,ETH
2026-01-06 04:23:36+00:00,2026-01-06 04:25:59.246222+00:00,516.0,3227.852,3227.49,3228.18,ETH
2026-01-06 04:23:37+00:00,2026-01-06 04:26:00.264324+00:00,517.0,3227.862,3227.49,3228.17,ETH
2026-01-06 04:23:38+00:00,2026-01-06 04:26:01.281795+00:00,518.0,3227.852,3227.51,3228.17,ETH
2026-01-06 04:23:39+00:00,2026-01-06 04:26:02.259068+00:00,519.0,3227.852,3227.49,3228.17,ETH
2026-01-06 04:23:40+00:00,2026-01-06 04:26:03.271365+00:00,520.0,3227.842,3227.49,3228.15,ETH
2026-01-06 04:23:41+00:00,2026-01-06 04:26:04.274070+00:00,521.0,3227.842,3227.49,3228.16,ETH
2026-01-06 04:23:42+00:00,2026-01-06 04:26:05.273304+00:00,522.0,3227.832,3227.45,3228.16,ETH
2026-01-06 04:23:43+00:00,2026-01-06 04:26:06.279081+00:00,523.0,3227.832,3227.45,3228.12,ETH
2026-01-06 04:23:44+00:00,2026-01-06 04:26:07.291259+00:00,524.0,3227.832,3227.45,3228.17,ETH
2026-01-06 04:23:45+00:00,2026-01-06 04:26:08.311587+00:00,525.0,3227.842,3227.45,3228.16,ETH
2026-01-06 04:23:46+00:00,2026-01-06 04:26:09.317843+00:00,526.0,3227.842,3227.45,3228.16,ETH
2026-01-06 04:23:47+00:00,2026-01-06 04:26:10.311001+00:00,527.0,3227.842,3227.44,3228.16,ETH
2026-01-06 04:23:48+00:00,2026-01-06 04:26:11.307857+00:00,528.0,3227.842,3227.44,3228.16,ETH
2026-01-06 04:23:49+00:00,2026-01-06 04:26:12.312000+00:00,529.0,3227.802,3227.43,3228.16,ETH
2026-01-06 04:23:50+00:00,2026-01-06 04:26:13.311114+00:00,530.0,3227.802,3227.43,3228.16,ETH
2026-01-06 04:23:51+00:00,2026-01-06 04:26:14.314123+00:00,531.0,3227.802,3227.43,3228.16,ETH
2026-01-06 04:23:52+00:00,2026-01-06 04:26:15.322560+00:00,532.0,3227.802,3227.43,3228.11,ETH
2026-01-06 04:23:53+00:00,2026-01-06 04:26:16.327142+00:00,533.0,3227.782,3227.43,3228.11,ETH
2026-01-06 04:23:54+00:00,2026-01-06 04:26:17.337626+00:00,534.0,3227.782,3227.39,3228.0,ETH
2026-01-06 04:23:55+00:00,2026-01-06 04:26:18.328051+00:00,535.0,3227.812,3227.41,3228.09,ETH
2026-01-06 04:23:56+00:00,2026-01-06 04:26:19.328187+00:00,536.0,3227.762,3227.39,3227.97,ETH
2026-01-06 04:23:57+00:00,2026-01-06 04:26:20.350207+00:00,537.0,3227.762,3227.39,3227.97,ETH
2026-01-06 04:23:58+00:00,2026-01-06 04:26:21.356932+00:00,538.0,3227.762,3227.39,3227.99,ETH
2026-01-06 04:23:59+00:00,2026-01-06 04:26:22.376031+00:00,539.0,3227.712,3227.41,3227.97,ETH
2026-01-06 04:24:00+00:00,2026-01-06 04:26:23.381520+00:00,540.0,3227.712,3227.4,3227.97,ETH
2026-01-06 04:24:01+00:00,2026-01-06 04:26:24.400018+00:00,541.0,3227.692,3227.29,3227.97,ETH
2026-01-06 04:24:02+00:00,2026-01-06 04:26:25.394824+00:00,542.0,3227.702,3227.29,3227.97,ETH
2026-01-06 04:24:03+00:00,2026-01-06 04:26:27.401190+00:00,543.0,3227.692,3227.3,3227.97,ETH
2026-01-06 04:24:04+00:00,2026-01-06 04:26:28.408519+00:00,544.0,3227.672,3227.31,3227.97,ETH
2026-01-06 04:24:05+00:00,2026-01-06 04:26:29.425178+00:00,545.0,3227.682,3227.31,3227.97,ETH
2026-01-06 04:24:06+00:00,2026-01-06 04:26:30.409551+00:00,546.0,3227.692,3227.31,3227.97,ETH
2026-01-06 04:24:07+00:00,2026-01-06 04:26:31.412896+00:00,547.0,3227.682,3227.31,3227.97,ETH
2026-01-06 04:24:08+00:00,2026-01-06 04:26:32.406785+00:00,548.0,3227.592,3227.31,3227.9,ETH
2026-01-06 04:24:09+00:00,2026-01-06 04:26:33.425986+00:00,549.0,3227.402,3227.27,3227.78,ETH
2026-01-06 04:24:10+00:00,2026-01-06 04:26:34.452008+00:00,550.0,3227.232,3227.0,3227.64,ETH
2026-01-06 04:24:11+00:00,2026-01-06 04:26:35.443509+00:00,551.0,3227.192,3226.8,3227.59,ETH
2026-01-06 04:24:12+00:00,2026-01-06 04:26:36.458875+00:00,552.0,3227.202,3226.85,3227.6,ETH
2026-01-06 04:24:13+00:00,2026-01-06 04:26:37.456235+00:00,553.0,3227.182,3226.85,3227.58,ETH
2026-01-06 04:24:14+00:00,2026-01-06 04:26:38.460005+00:00,554.0,3227.182,3226.85,3227.58,ETH
2026-01-06 04:24:15+00:00,2026-01-06 04:26:39.442510+00:00,555.0,3227.182,3226.85,3227.58,ETH
2026-01-06 04:24:16+00:00,2026-01-06 04:26:40.441420+00:00,556.0,3227.182,3226.85,3227.58,ETH
2026-01-06 04:24:17+00:00,2026-01-06 04:26:41.445882+00:00,557.0,3227.282,3226.97,3227.68,ETH
2026-01-06 04:24:18+00:00,2026-01-06 04:26:42.459182+00:00,558.0,3227.372,3227.09,3227.79,ETH
2026-01-06 04:24:19+00:00,2026-01-06 04:26:43.462628+00:00,559.0,3227.372,3227.09,3227.81,ETH
2026-01-06 04:24:20+00:00,2026-01-06 04:26:44.460787+00:00,560.0,3227.392,3227.1,3227.84,ETH
2026-01-06 04:24:21+00:00,2026-01-06 04:26:45.460842+00:00,561.0,3227.402,3227.1,3227.83,ETH
2026-01-06 04:24:22+00:00,2026-01-06 04:26:46.443868+00:00,562.0,3227.402,3227.11,3227.81,ETH
2026-01-06 04:24:23+00:00,2026-01-06 04:26:47.446423+00:00,563.0,3227.402,3227.12,3227.8,ETH
2026-01-06 04:24:24+00:00,2026-01-06 04:26:48.461515+00:00,564.0,3227.402,3227.14,3227.8,ETH
2026-01-06 04:24:25+00:00,2026-01-06 04:26:49.472049+00:00,565.0,3227.422,3227.16,3227.81,ETH
2026-01-06 04:24:26+00:00,2026-01-06 04:26:50.457719+00:00,566.0,3227.412,3227.16,3227.84,ETH
2026-01-06 04:24:27+00:00,2026-01-06 04:26:51.499681+00:00,567.0,3227.392,3227.16,3227.86,ETH
2026-01-06 04:24:28+00:00,2026-01-06 04:26:52.522430+00:00,568.0,3227.392,3227.15,3227.83,ETH
2026-01-06 04:24:29+00:00,2026-01-06 04:26:53.520869+00:00,569.0,3227.382,3227.15,3227.82,ETH
2026-01-06 04:24:30+00:00,2026-01-06 04:26:54.521474+00:00,570.0,3227.392,3227.13,3227.79,ETH
2026-01-06 04:24:31+00:00,2026-01-06 04:26:55.524324+00:00,571.0,3227.392,3227.13,3227.79,ETH
2026-01-06 04:24:32+00:00,2026-01-06 04:26:56.526217+00:00,572.0,3227.392,3227.14,3227.79,ETH
2026-01-06 04:24:33+00:00,2026-01-06 04:26:57.528968+00:00,573.0,3227.392,3227.14,3227.79,ETH
2026-01-06 04:24:34+00:00,2026-01-06 04:26:58.526534+00:00,574.0,3227.392,3227.14,3227.82,ETH
2026-01-06 04:24:35+00:00,2026-01-06 04:26:59.557488+00:00,575.0,3227.392,3227.14,3227.79,ETH
2026-01-06 04:24:36+00:00,2026-01-06 04:27:00.571132+00:00,576.0,3227.392,3227.14,3227.79,ETH
2026-01-06 04:24:37+00:00,2026-01-06 04:27:01.574368+00:00,577.0,3227.382,3227.13,3227.77,ETH
2026-01-06 04:24:38+00:00,2026-01-06 04:27:02.573762+00:00,578.0,3227.382,3227.13,3227.76,ETH
2026-01-06 04:24:39+00:00,2026-01-06 04:27:03.606250+00:00,579.0,3227.382,3227.12,3227.77,ETH
2026-01-06 04:24:40+00:00,2026-01-06 04:27:04.613627+00:00,580.0,3227.382,3227.12,3227.74,ETH
2026-01-06 04:24:41+00:00,2026-01-06 04:27:05.619486+00:00,581.0,3227.372,3227.1,3227.72,ETH
2026-01-06 04:24:42+00:00,2026-01-06 04:27:06.705543+00:00,582.0,3227.342,3227.1,3227.68,ETH
2026-01-06 04:24:43+00:00,2026-01-06 04:27:07.704361+00:00,583.0,3227.342,3227.1,3227.68,ETH
2026-01-06 04:24:44+00:00,2026-01-06 04:27:08.693888+00:00,584.0,3227.342,3227.1,3227.72,ETH
2026-01-06 04:24:45+00:00,2026-01-06 04:27:09.711610+00:00,585.0,3227.342,3227.1,3227.72,ETH
2026-01-06 04:24:46+00:00,2026-01-06 04:27:10.696504+00:00,586.0,3227.342,3227.1,3227.72,ETH
2026-01-06 04:24:47+00:00,2026-01-06 04:27:11.709891+00:00,587.0,3227.342,3227.1,3227.72,ETH
2026-01-06 04:24:48+00:00,2026-01-06 04:27:12.701767+00:00,588.0,3227.342,3227.11,3227.72,ETH
2026-01-06 04:24:49+00:00,2026-01-06 04:27:13.706962+00:00,589.0,3227.342,3227.12,3227.72,ETH
2026-01-06 04:24:50+00:00,2026-01-06 04:27:14.707616+00:00,590.0,3227.342,3227.1,3227.72,ETH
2026-01-06 04:24:51+00:00,2026-01-06 04:27:15.722106+00:00,591.0,3227.342,3227.08,3227.71,ETH
2026-01-06 04:24:52+00:00,2026-01-06 04:27:16.722263+00:00,592.0,3227.342,3227.0,3227.71,ETH
2026-01-06 04:24:53+00:00,2026-01-06 04:27:17.749896+00:00,593.0,3227.292,3226.99,3227.58,ETH
2026-01-06 04:24:54+00:00,2026-01-06 04:27:18.727595+00:00,594.0,3227.292,3226.99,3227.59,ETH
2026-01-06 04:24:55+00:00,2026-01-06 04:27:19.732296+00:00,595.0,3227.292,3226.99,3227.6,ETH
2026-01-06 04:24:56+00:00,2026-01-06 04:27:20.737281+00:00,596.0,3227.322,3226.99,3227.61,ETH
2026-01-06 04:24:57+00:00,2026-01-06 04:27:21.748091+00:00,597.0,3227.312,3226.99,3227.61,ETH
2026-01-06 04:24:58+00:00,2026-01-06 04:27:22.756699+00:00,598.0,3227.312,3226.99,3227.69,ETH
2026-01-06 04:24:59+00:00,2026-01-06 04:27:23.761023+00:00,599.0,3227.302,3226.98,3227.64,ETH
2026-01-06 04:25:00+00:00,2026-01-06 04:27:24.789647+00:00,600.0,3227.302,3226.98,3227.65,ETH
2026-01-06 04:25:01+00:00,2026-01-06 04:27:25.806505+00:00,601.0,3227.302,3226.98,3227.53,ETH
2026-01-06 04:25:02+00:00,2026-01-06 04:27:26.813175+00:00,602.0,3227.052,3226.97,3227.27,ETH
2026-01-06 04:25:03+00:00,2026-01-06 04:27:27.809467+00:00,603.0,3226.922,3226.66,3227.08,ETH
2026-01-06 04:25:04+00:00,2026-01-06 04:27:28.825475+00:00,604.0,3226.551,3226.21,3226.75,ETH
2026-01-06 04:25:05+00:00,2026-01-06 04:27:29.837456+00:00,605.0,3226.551,3226.21,3226.69,ETH
2026-01-06 04:25:06+00:00,2026-01-06 04:27:30.842230+00:00,606.0,3226.461,3226.16,3226.69,ETH
2026-01-06 04:25:07+00:00,2026-01-06 04:27:31.854809+00:00,607.0,3226.551,3226.15,3226.64,ETH
2026-01-06 04:25:08+00:00,2026-01-06 04:27:32.858371+00:00,608.0,3226.501,3226.15,3226.72,ETH
2026-01-06 04:25:09+00:00,2026-01-06 04:27:33.857395+00:00,609.0,3226.501,3226.14,3226.72,ETH
2026-01-06 04:25:10+00:00,2026-01-06 04:27:34.890841+00:00,610.0,3226.551,3226.16,3226.73,ETH
2026-01-06 04:25:11+00:00,2026-01-06 04:27:35.905977+00:00,611.0,3226.541,3226.14,3226.73,ETH
2026-01-06 04:25:12+00:00,2026-01-06 04:27:36.907799+00:00,612.0,3226.541,3226.14,3226.72,ETH
2026-01-06 04:25:13+00:00,2026-01-06 04:27:37.905883+00:00,613.0,3226.541,3226.15,3226.7,ETH
2026-01-06 04:25:14+00:00,2026-01-06 04:27:38.929865+00:00,614.0,3226.541,3226.15,3226.71,ETH
2026-01-06 04:25:15+00:00,2026-01-06 04:27:39.920652+00:00,615.0,3226.531,3226.15,3226.73,ETH
2026-01-06 04:25:16+00:00,2026-01-06 04:27:41.940079+00:00,616.0,3226.301,3225.98,3226.56,ETH
2026-01-06 04:25:17+00:00,2026-01-06 04:27:42.958209+00:00,617.0,3226.271,3225.9,3226.51,ETH
2026-01-06 04:25:18+00:00,2026-01-06 04:27:43.957267+00:00,618.0,3226.231,3225.88,3226.44,ETH
2026-01-06 04:25:19+00:00,2026-01-06 04:27:44.968274+00:00,619.0,3226.101,3225.72,3226.32,ETH
2026-01-06 04:25:20+00:00,2026-01-06 04:27:45.972720+00:00,620.0,3225.981,3225.57,3226.23,ETH
2026-01-06 04:25:21+00:00,2026-01-06 04:27:46.972529+00:00,621.0,3225.991,3225.58,3226.22,ETH
2026-01-06 04:25:22+00:00,2026-01-06 04:27:47.971303+00:00,622.0,3225.991,3225.58,3226.21,ETH
2026-01-06 04:25:23+00:00,2026-01-06 04:27:48.990714+00:00,623.0,3225.981,3225.58,3226.21,ETH
2026-01-06 04:25:24+00:00,2026-01-06 04:27:50.003176+00:00,624.0,3225.841,3225.43,3226.09,ETH
2026-01-06 04:25:25+00:00,2026-01-06 04:27:51.008234+00:00,625.0,3225.691,3225.28,3225.97,ETH
2026-01-06 04:25:26+00:00,2026-01-06 04:27:52.006118+00:00,626.0,3225.681,3225.28,3225.97,ETH
2026-01-06 04:25:27+00:00,2026-01-06 04:27:53.003817+00:00,627.0,3225.641,3225.21,3225.94,ETH
2026-01-06 04:25:28+00:00,2026-01-06 04:27:54.003590+00:00,628.0,3225.581,3225.15,3225.85,ETH
2026-01-06 04:25:29+00:00,2026-01-06 04:27:55.002955+00:00,629.0,3225.551,3225.13,3225.76,ETH
2026-01-06 04:25:30+00:00,2026-01-06 04:27:56.012439+00:00,630.0,3225.531,3225.11,3225.74,ETH
2026-01-06 04:25:31+00:00,2026-01-06 04:27:57.031777+00:00,631.0,3225.531,3225.12,3225.75,ETH
2026-01-06 04:25:32+00:00,2026-01-06 04:27:58.057218+00:00,632.0,3225.571,3225.17,3225.86,ETH
2026-01-06 04:25:33+00:00,2026-01-06 04:27:59.067927+00:00,633.0,3225.631,3225.44,3226.02,ETH
2026-01-06 04:25:34+00:00,2026-01-06 04:28:00.085706+00:00,634.0,3226.061,3225.86,3226.45,ETH
2026-01-06 04:25:35+00:00,2026-01-06 04:28:01.102594+00:00,635.0,3226.461,3226.06,3226.88,ETH
2026-01-06 04:25:36+00:00,2026-01-06 04:28:02.117650+00:00,636.0,3226.571,3226.23,3227.03,ETH
2026-01-06 04:25:37+00:00,2026-01-06 04:28:03.121302+00:00,637.0,3226.672,3226.43,3227.16,ETH
2026-01-06 04:25:38+00:00,2026-01-06 04:28:04.153977+00:00,638.0,3226.702,3226.48,3227.15,ETH
2026-01-06 04:25:39+00:00,2026-01-06 04:28:05.150398+00:00,639.0,3226.722,3226.49,3227.11,ETH
2026-01-06 04:25:40+00:00,2026-01-06 04:28:06.150218+00:00,640.0,3226.722,3226.49,3227.09,ETH
2026-01-06 04:25:41+00:00,2026-01-06 04:28:07.200981+00:00,641.0,3226.682,3226.49,3227.14,ETH
2026-01-06 04:25:42+00:00,2026-01-06 04:28:08.207196+00:00,642.0,3226.682,3226.49,3227.14,ETH
2026-01-06 04:25:43+00:00,2026-01-06 04:28:09.198311+00:00,643.0,3226.682,3226.49,3227.14,ETH
2026-01-06 04:25:44+00:00,2026-01-06 04:28:10.205734+00:00,644.0,3226.682,3226.5,3227.12,ETH
2026-01-06 04:25:45+00:00,2026-01-06 04:28:11.204557+00:00,645.0,3226.682,3226.5,3227.12,ETH
2026-01-06 04:25:46+00:00,2026-01-06 04:28:12.222809+00:00,646.0,3226.682,3226.5,3227.12,ETH
2026-01-06 04:25:47+00:00,2026-01-06 04:28:13.201276+00:00,647.0,3226.682,3226.5,3227.11,ETH
2026-01-06 04:25:48+00:00,2026-01-06 04:28:14.224191+00:00,648.0,3226.682,3226.5,3227.13,ETH
2026-01-06 04:25:49+00:00,2026-01-06 04:28:15.226259+00:00,649.0,3226.682,3226.5,3227.15,ETH
2026-01-06 04:25:50+00:00,2026-01-06 04:28:16.231992+00:00,650.0,3226.682,3226.5,3227.09,ETH
2026-01-06 04:25:51+00:00,2026-01-06 04:28:17.252503+00:00,651.0,3226.612,3226.36,3226.96,ETH
2026-01-06 04:25:52+00:00,2026-01-06 04:28:18.232765+00:00,652.0,3226.531,3226.21,3226.9,ETH
2026-01-06 04:25:53+00:00,2026-01-06 04:28:19.256054+00:00,653.0,3226.501,3226.19,3226.88,ETH
2026-01-06 04:25:54+00:00,2026-01-06 04:28:20.263185+00:00,654.0,3226.461,3226.18,3226.85,ETH
2026-01-06 04:25:55+00:00,2026-01-06 04:28:21.279769+00:00,655.0,3226.441,3226.16,3226.8,ETH
2026-01-06 04:25:56+00:00,2026-01-06 04:28:22.273972+00:00,656.0,3226.421,3226.14,3226.76,ETH
2026-01-06 04:25:57+00:00,2026-01-06 04:28:23.275505+00:00,657.0,3226.421,3226.13,3226.76,ETH
2026-01-06 04:25:58+00:00,2026-01-06 04:28:24.293102+00:00,658.0,3226.431,3226.13,3226.76,ETH
2026-01-06 04:25:59+00:00,2026-01-06 04:28:25.294178+00:00,659.0,3226.431,3226.13,3226.76,ETH
2026-01-06 04:26:00+00:00,2026-01-06 04:28:26.289524+00:00,660.0,3226.441,3226.14,3226.76,ETH
2026-01-06 04:26:01+00:00,2026-01-06 04:28:27.310935+00:00,661.0,3226.441,3226.14,3226.76,ETH
2026-01-06 04:26:02+00:00,2026-01-06 04:28:28.291916+00:00,662.0,3226.451,3226.14,3226.75,ETH
2026-01-06 04:26:03+00:00,2026-01-06 04:28:29.288741+00:00,663.0,3226.451,3226.14,3226.84,ETH
2026-01-06 04:26:04+00:00,2026-01-06 04:28:30.308909+00:00,664.0,3226.602,3226.2,3226.88,ETH
2026-01-06 04:26:05+00:00,2026-01-06 04:28:31.318891+00:00,665.0,3226.602,3226.37,3227.0,ETH
2026-01-06 04:26:06+00:00,2026-01-06 04:28:32.322216+00:00,666.0,3226.592,3226.36,3227.03,ETH
2026-01-06 04:26:07+00:00,2026-01-06 04:28:33.336441+00:00,667.0,3226.592,3226.36,3227.0,ETH
2026-01-06 04:26:08+00:00,2026-01-06 04:28:34.334528+00:00,668.0,3226.592,3226.36,3227.0,ETH
2026-01-06 04:26:09+00:00,2026-01-06 04:28:35.339201+00:00,669.0,3226.582,3226.36,3227.04,ETH
2026-01-06 04:26:10+00:00,2026-01-06 04:28:36.353699+00:00,670.0,3226.582,3226.36,3227.04,ETH
2026-01-06 04:26:11+00:00,2026-01-06 04:28:37.369050+00:00,671.0,3226.572,3226.34,3227.04,ETH
2026-01-06 04:26:12+00:00,2026-01-06 04:28:38.368967+00:00,672.0,3226.582,3226.34,3227.04,ETH
2026-01-06 04:26:13+00:00,2026-01-06 04:28:39.370941+00:00,673.0,3226.582,3226.34,3227.04,ETH
2026-01-06 04:26:14+00:00,2026-01-06 04:28:40.388554+00:00,674.0,3226.582,3226.34,3227.04,ETH
2026-01-06 04:26:15+00:00,2026-01-06 04:28:41.402125+00:00,675.0,3226.582,3226.44,3227.04,ETH
2026-01-06 04:26:16+00:00,2026-01-06 04:28:42.410598+00:00,676.0,3226.572,3226.44,3227.01,ETH
2026-01-06 04:26:17+00:00,2026-01-06 04:28:43.406062+00:00,677.0,3226.582,3226.44,3226.98,ETH
2026-01-06 04:26:18+00:00,2026-01-06 04:28:44.419991+00:00,678.0,3226.321,3226.25,3226.47,ETH
2026-01-06 04:26:19+00:00,2026-01-06 04:28:45.435682+00:00,679.0,3225.831,3225.48,3226.09,ETH
2026-01-06 04:26:20+00:00,2026-01-06 04:28:46.436869+00:00,680.0,3225.831,3225.48,3226.09,ETH
2026-01-06 04:26:21+00:00,2026-01-06 04:28:47.449694+00:00,681.0,3225.831,3225.48,3226.14,ETH
2026-01-06 04:26:22+00:00,2026-01-06 04:28:48.453721+00:00,682.0,3225.831,3225.48,3226.15,ETH
2026-01-06 04:26:23+00:00,2026-01-06 04:28:49.452916+00:00,683.0,3225.841,3225.48,3226.11,ETH
2026-01-06 04:26:24+00:00,2026-01-06 04:28:50.471771+00:00,684.0,3225.841,3225.48,3226.11,ETH
2026-01-06 04:26:25+00:00,2026-01-06 04:28:51.471412+00:00,685.0,3225.841,3225.48,3226.08,ETH
2026-01-06 04:26:26+00:00,2026-01-06 04:28:52.467900+00:00,686.0,3225.841,3225.48,3226.09,ETH
2026-01-06 04:26:27+00:00,2026-01-06 04:28:54.501137+00:00,687.0,3225.841,3225.47,3226.08,ETH
2026-01-06 04:26:28+00:00,2026-01-06 04:28:55.502872+00:00,688.0,3225.841,3225.46,3226.08,ETH
2026-01-06 04:26:29+00:00,2026-01-06 04:28:56.504740+00:00,689.0,3225.841,3225.46,3226.1,ETH
2026-01-06 04:26:30+00:00,2026-01-06 04:28:57.521062+00:00,690.0,3225.851,3225.47,3226.1,ETH
2026-01-06 04:26:31+00:00,2026-01-06 04:28:58.503442+00:00,691.0,3225.861,3225.55,3226.18,ETH
2026-01-06 04:26:32+00:00,2026-01-06 04:28:59.502516+00:00,692.0,3225.851,3225.63,3226.23,ETH
2026-01-06 04:26:33+00:00,2026-01-06 04:29:00.614478+00:00,693.0,3225.841,3225.63,3226.22,ETH
2026-01-06 04:26:34+00:00,2026-01-06 04:29:01.621039+00:00,694.0,3225.681,3225.55,3225.98,ETH
2026-01-06 04:26:35+00:00,2026-01-06 04:29:02.635558+00:00,695.0,3225.451,3225.23,3225.72,ETH
2026-01-06 04:26:36+00:00,2026-01-06 04:29:03.651938+00:00,696.0,3225.381,3224.99,3225.65,ETH
2026-01-06 04:26:38+00:00,2026-01-06 04:29:04.684728+00:00,698.0,3225.371,3224.97,3225.55,ETH
2026-01-06 04:26:39+00:00,2026-01-06 04:29:05.694099+00:00,699.0,3225.361,3224.97,3225.53,ETH
2026-01-06 04:26:40+00:00,2026-01-06 04:29:06.709194+00:00,700.0,3225.371,3224.98,3225.58,ETH
2026-01-06 04:26:41+00:00,2026-01-06 04:29:07.726764+00:00,701.0,3225.371,3224.98,3225.66,ETH
2026-01-06 04:26:42+00:00,2026-01-06 04:29:08.716669+00:00,702.0,3225.381,3224.99,3225.75,ETH
2026-01-06 04:26:43+00:00,2026-01-06 04:29:09.713791+00:00,703.0,3225.391,3225.02,3225.77,ETH
2026-01-06 04:26:44+00:00,2026-01-06 04:29:10.734980+00:00,704.0,3225.391,3225.01,3225.79,ETH
2026-01-06 04:26:45+00:00,2026-01-06 04:29:11.737867+00:00,705.0,3225.611,3225.31,3226.02,ETH
2026-01-06 04:26:46+00:00,2026-01-06 04:29:12.732371+00:00,706.0,3225.681,3225.42,3226.09,ETH
2026-01-06 04:26:47+00:00,2026-01-06 04:29:13.753710+00:00,707.0,3225.741,3225.47,3226.14,ETH
2026-01-06 04:26:48+00:00,2026-01-06 04:29:14.769976+00:00,708.0,3225.741,3225.51,3226.14,ETH
2026-01-06 04:26:49+00:00,2026-01-06 04:29:15.770453+00:00,709.0,3225.741,3225.51,3226.13,ETH
2026-01-06 04:26:50+00:00,2026-01-06 04:29:16.772619+00:00,710.0,3225.741,3225.54,3226.14,ETH
2026-01-06 04:26:51+00:00,2026-01-06 04:29:17.770366+00:00,711.0,3225.741,3225.54,3226.19,ETH
2026-01-06 04:26:52+00:00,2026-01-06 04:29:18.781223+00:00,712.0,3225.751,3225.54,3226.16,ETH
2026-01-06 04:26:53+00:00,2026-01-06 04:29:19.784203+00:00,713.0,3225.621,3225.48,3225.85,ETH
2026-01-06 04:26:54+00:00,2026-01-06 04:29:20.803575+00:00,714.0,3225.491,3225.42,3225.54,ETH
2026-01-06 04:26:55+00:00,2026-01-06 04:29:21.790352+00:00,715.0,3225.181,3224.78,3225.42,ETH
2026-01-06 04:26:56+00:00,2026-01-06 04:29:22.807087+00:00,716.0,3225.041,3224.62,3225.28,ETH
2026-01-06 04:26:57+00:00,2026-01-06 04:29:23.817165+00:00,717.0,3225.001,3224.59,3225.17,ETH
2026-01-06 04:26:58+00:00,2026-01-06 04:29:24.821483+00:00,718.0,3224.991,3224.58,3225.27,ETH
2026-01-06 04:26:59+00:00,2026-01-06 04:29:25.840148+00:00,719.0,3225.001,3224.59,3225.26,ETH
2026-01-06 04:27:00+00:00,2026-01-06 04:29:26.852681+00:00,720.0,3224.931,3224.59,3225.26,ETH
2026-01-06 04:27:01+00:00,2026-01-06 04:29:27.854330+00:00,721.0,3224.911,3224.58,3225.26,ETH
2026-01-06 04:27:02+00:00,2026-01-06 04:29:28.854226+00:00,722.0,3224.871,3224.65,3225.08,ETH
2026-01-06 04:27:03+00:00,2026-01-06 04:29:29.867365+00:00,723.0,3224.911,3224.64,3225.08,ETH
2026-01-06 04:27:04+00:00,2026-01-06 04:29:30.871139+00:00,724.0,3224.911,3224.64,3225.08,ETH
2026-01-06 04:27:05+00:00,2026-01-06 04:29:31.887137+00:00,725.0,3224.931,3224.63,3225.08,ETH
2026-01-06 04:27:06+00:00,2026-01-06 04:29:32.903134+00:00,726.0,3224.911,3224.63,3225.08,ETH
2026-01-06 04:27:07+00:00,2026-01-06 04:29:33.920181+00:00,727.0,3224.921,3224.63,3225.08,ETH
2026-01-06 04:27:08+00:00,2026-01-06 04:29:34.919554+00:00,728.0,3224.931,3224.63,3225.08,ETH
2026-01-06 04:27:09+00:00,2026-01-06 04:29:35.933566+00:00,729.0,3224.961,3224.63,3225.12,ETH
2026-01-06 04:27:10+00:00,2026-01-06 04:29:36.939039+00:00,730.0,3224.951,3224.63,3225.12,ETH
2026-01-06 04:27:11+00:00,2026-01-06 04:29:37.936714+00:00,731.0,3224.971,3224.63,3225.25,ETH
2026-01-06 04:27:12+00:00,2026-01-06 04:29:38.948391+00:00,732.0,3224.971,3224.63,3225.25,ETH
2026-01-06 04:27:13+00:00,2026-01-06 04:29:39.952283+00:00,733.0,3225.351,3225.05,3225.67,ETH
2026-01-06 04:27:14+00:00,2026-01-06 04:29:40.952984+00:00,734.0,3225.361,3225.12,3225.74,ETH
2026-01-06 04:27:15+00:00,2026-01-06 04:29:41.955324+00:00,735.0,3225.351,3225.12,3225.75,ETH
2026-01-06 04:27:16+00:00,2026-01-06 04:29:43.965227+00:00,736.0,3225.351,3225.12,3225.76,ETH
2026-01-06 04:27:17+00:00,2026-01-06 04:29:44.982978+00:00,737.0,3225.361,3225.12,3225.79,ETH
2026-01-06 04:27:18+00:00,2026-01-06 04:29:45.982049+00:00,738.0,3225.391,3225.13,3225.84,ETH
2026-01-06 04:27:19+00:00,2026-01-06 04:29:46.985820+00:00,739.0,3225.411,3225.14,3225.87,ETH
2026-01-06 04:27:20+00:00,2026-01-06 04:29:48.005704+00:00,740.0,3225.411,3225.14,3225.88,ETH
2026-01-06 04:27:21+00:00,2026-01-06 04:29:48.989065+00:00,741.0,3225.411,3225.14,3225.88,ETH
2026-01-06 04:27:22+00:00,2026-01-06 04:29:49.999701+00:00,742.0,3225.421,3225.14,3225.9,ETH
2026-01-06 04:27:23+00:00,2026-01-06 04:29:51.005586+00:00,743.0,3225.431,3225.17,3225.92,ETH
2026-01-06 04:27:24+00:00,2026-01-06 04:29:52.003489+00:00,744.0,3225.561,3225.37,3225.98,ETH
2026-01-06 04:27:25+00:00,2026-01-06 04:29:53.018218+00:00,745.0,3225.701,3225.43,3226.09,ETH
2026-01-06 04:27:26+00:00,2026-01-06 04:29:54.016817+00:00,746.0,3225.761,3225.47,3226.16,ETH
2026-01-06 04:27:27+00:00,2026-01-06 04:29:55.018701+00:00,747.0,3225.781,3225.62,3226.23,ETH
2026-01-06 04:27:28+00:00,2026-01-06 04:29:56.017430+00:00,748.0,3225.841,3225.72,3226.32,ETH
2026-01-06 04:27:29+00:00,2026-01-06 04:29:57.017272+00:00,749.0,3225.911,3225.81,3226.38,ETH
2026-01-06 04:27:30+00:00,2026-01-06 04:29:58.034383+00:00,750.0,3225.911,3225.81,3226.38,ETH
2026-01-06 04:27:31+00:00,2026-01-06 04:29:59.048600+00:00,751.0,3225.911,3225.81,3226.37,ETH
2026-01-06 04:27:32+00:00,2026-01-06 04:30:00.055096+00:00,752.0,3225.961,3225.82,3226.39,ETH
2026-01-06 04:27:33+00:00,2026-01-06 04:30:01.043475+00:00,753.0,3226.001,3225.83,3226.44,ETH
2026-01-06 04:27:34+00:00,2026-01-06 04:30:02.069469+00:00,754.0,3226.001,3225.84,3226.44,ETH
2026-01-06 04:27:35+00:00,2026-01-06 04:30:03.065897+00:00,755.0,3226.001,3225.84,3226.43,ETH
2026-01-06 04:27:36+00:00,2026-01-06 04:30:04.078494+00:00,756.0,3226.001,3225.83,3226.45,ETH
2026-01-06 04:27:37+00:00,2026-01-06 04:30:05.084395+00:00,757.0,3226.001,3225.84,3226.46,ETH
2026-01-06 04:27:38+00:00,2026-01-06 04:30:06.086893+00:00,758.0,3226.001,3225.85,3226.46,ETH
2026-01-06 04:27:39+00:00,2026-01-06 04:30:07.086184+00:00,759.0,3226.011,3225.85,3226.45,ETH
2026-01-06 04:27:40+00:00,2026-01-06 04:30:08.105221+00:00,760.0,3226.011,3225.86,3226.45,ETH
2026-01-06 04:27:41+00:00,2026-01-06 04:30:09.118855+00:00,761.0,3226.011,3225.86,3226.44,ETH
2026-01-06 04:27:42+00:00,2026-01-06 04:30:10.128315+00:00,762.0,3226.011,3225.86,3226.44,ETH
2026-01-06 04:27:43+00:00,2026-01-06 04:30:11.133829+00:00,763.0,3226.011,3225.86,3226.46,ETH
2026-01-06 04:27:44+00:00,2026-01-06 04:30:12.138307+00:00,764.0,3226.011,3225.87,3226.45,ETH
2026-01-06 04:27:45+00:00,2026-01-06 04:30:13.133521+00:00,765.0,3226.011,3225.86,3226.46,ETH
2026-01-06 04:27:46+00:00,2026-01-06 04:30:14.135405+00:00,766.0,3226.011,3225.86,3226.47,ETH
2026-01-06 04:27:47+00:00,2026-01-06 04:30:15.132532+00:00,767.0,3226.011,3225.85,3226.47,ETH
2026-01-06 04:27:48+00:00,2026-01-06 04:30:16.135271+00:00,768.0,3226.011,3225.85,3226.46,ETH
2026-01-06 04:27:49+00:00,2026-01-06 04:30:17.147119+00:00,769.0,3226.011,3225.85,3226.48,ETH
2026-01-06 04:27:50+00:00,2026-01-06 04:30:18.135955+00:00,770.0,3226.001,3225.84,3226.46,ETH
2026-01-06 04:27:51+00:00,2026-01-06 04:30:19.144706+00:00,771.0,3226.001,3225.83,3226.4,ETH
2026-01-06 04:27:52+00:00,2026-01-06 04:30:20.150959+00:00,772.0,3225.991,3225.7,3226.39,ETH
2026-01-06 04:27:53+00:00,2026-01-06 04:30:21.169534+00:00,773.0,3225.921,3225.7,3226.31,ETH
2026-01-06 04:27:54+00:00,2026-01-06 04:30:22.213620+00:00,774.0,3225.921,3225.7,3226.31,ETH
2026-01-06 04:27:55+00:00,2026-01-06 04:30:23.216831+00:00,775.0,3225.921,3225.69,3226.3,ETH
2026-01-06 04:27:56+00:00,2026-01-06 04:30:24.243558+00:00,776.0,3225.921,3225.69,3226.3,ETH
2026-01-06 04:27:57+00:00,2026-01-06 04:30:25.209925+00:00,777.0,3225.921,3225.69,3226.3,ETH
2026-01-06 04:27:58+00:00,2026-01-06 04:30:26.212859+00:00,778.0,3225.911,3225.69,3226.3,ETH
2026-01-06 04:27:59+00:00,2026-01-06 04:30:27.207211+00:00,779.0,3225.921,3225.69,3226.3,ETH
2026-01-06 04:28:00+00:00,2026-01-06 04:30:28.211454+00:00,780.0,3225.941,3225.68,3226.32,ETH
2026-01-06 04:28:01+00:00,2026-01-06 04:30:29.216353+00:00,781.0,3225.951,3225.68,3226.34,ETH
2026-01-06 04:28:02+00:00,2026-01-06 04:30:30.230494+00:00,782.0,3225.961,3225.69,3226.39,ETH
2026-01-06 04:28:03+00:00,2026-01-06 04:30:31.228471+00:00,783.0,3225.971,3225.7,3226.45,ETH
2026-01-06 04:28:04+00:00,2026-01-06 04:30:32.238940+00:00,784.0,3225.991,3225.7,3226.45,ETH
2026-01-06 04:28:05+00:00,2026-01-06 04:30:33.229936+00:00,785.0,3225.991,3225.72,3226.52,ETH
2026-01-06 04:28:06+00:00,2026-01-06 04:30:34.244450+00:00,786.0,3225.991,3225.72,3226.49,ETH
2026-01-06 04:28:07+00:00,2026-01-06 04:30:35.248859+00:00,787.0,3226.021,3225.7,3226.5,ETH
2026-01-06 04:28:08+00:00,2026-01-06 04:30:36.287176+00:00,788.0,3226.031,3225.71,3226.53,ETH
2026-01-06 04:28:09+00:00,2026-01-06 04:30:37.299118+00:00,789.0,3226.031,3225.77,3226.53,ETH
2026-01-06 04:28:10+00:00,2026-01-06 04:30:38.311277+00:00,790.0,3226.031,3225.84,3226.53,ETH
2026-01-06 04:28:11+00:00,2026-01-06 04:30:39.298421+00:00,791.0,3226.041,3225.84,3226.56,ETH
2026-01-06 04:28:12+00:00,2026-01-06 04:30:40.310003+00:00,792.0,3226.071,3225.88,3226.59,ETH
2026-01-06 04:28:13+00:00,2026-01-06 04:30:41.332555+00:00,793.0,3226.111,3225.92,3226.65,ETH
2026-01-06 04:28:14+00:00,2026-01-06 04:30:42.296417+00:00,794.0,3226.111,3225.93,3226.69,ETH
2026-01-06 04:28:15+00:00,2026-01-06 04:30:43.347071+00:00,795.0,3226.211,3225.99,3226.7,ETH
2026-01-06 04:28:16+00:00,2026-01-06 04:30:44.309745+00:00,796.0,3226.311,3226.09,3226.78,ETH
2026-01-06 04:28:17+00:00,2026-01-06 04:30:45.306833+00:00,797.0,3226.321,3226.13,3226.84,ETH
2026-01-06 04:28:18+00:00,2026-01-06 04:30:46.294105+00:00,798.0,3226.331,3226.13,3226.82,ETH
2026-01-06 04:28:19+00:00,2026-01-06 04:30:47.296614+00:00,799.0,3226.331,3226.13,3226.85,ETH
2026-01-06 04:28:20+00:00,2026-01-06 04:30:48.309611+00:00,800.0,3226.331,3226.13,3226.86,ETH
2026-01-06 04:28:21+00:00,2026-01-06 04:30:49.291651+00:00,801.0,3226.331,3226.15,3226.87,ETH
2026-01-06 04:28:22+00:00,2026-01-06 04:30:50.301438+00:00,802.0,3226.331,3226.16,3226.87,ETH
2026-01-06 04:28:23+00:00,2026-01-06 04:30:51.302622+00:00,803.0,3226.331,3226.16,3226.87,ETH
2026-01-06 04:28:24+00:00,2026-01-06 04:30:52.300257+00:00,804.0,3226.331,3226.16,3226.88,ETH
2026-01-06 04:28:25+00:00,2026-01-06 04:30:53.298301+00:00,805.0,3226.331,3226.15,3226.88,ETH
2026-01-06 04:28:26+00:00,2026-01-06 04:30:54.310448+00:00,806.0,3226.331,3226.13,3226.83,ETH
2026-01-06 04:28:27+00:00,2026-01-06 04:30:55.299813+00:00,807.0,3226.321,3226.13,3226.77,ETH
2026-01-06 04:28:28+00:00,2026-01-06 04:30:56.314398+00:00,808.0,3226.261,3226.12,3226.78,ETH
2026-01-06 04:28:29+00:00,2026-01-06 04:30:57.314355+00:00,809.0,3226.311,3226.12,3226.86,ETH
2026-01-06 04:28:30+00:00,2026-01-06 04:30:58.319764+00:00,810.0,3226.311,3226.12,3226.87,ETH
2026-01-06 04:28:31+00:00,2026-01-06 04:30:59.325899+00:00,811.0,3226.311,3226.12,3226.86,ETH
2026-01-06 04:28:32+00:00,2026-01-06 04:31:00.347435+00:00,812.0,3226.351,3226.12,3226.87,ETH
2026-01-06 04:28:33+00:00,2026-01-06 04:31:01.344348+00:00,813.0,3226.351,3226.13,3226.84,ETH
2026-01-06 04:28:34+00:00,2026-01-06 04:31:02.343791+00:00,814.0,3226.351,3226.13,3226.84,ETH
2026-01-06 04:28:35+00:00,2026-01-06 04:31:03.346982+00:00,815.0,3226.351,3226.13,3226.84,ETH
2026-01-06 04:28:36+00:00,2026-01-06 04:31:04.373425+00:00,816.0,3226.351,3226.13,3226.82,ETH
2026-01-06 04:28:37+00:00,2026-01-06 04:31:05.377440+00:00,817.0,3226.351,3226.13,3226.85,ETH
2026-01-06 04:28:38+00:00,2026-01-06 04:31:06.384209+00:00,818.0,3226.351,3226.12,3226.86,ETH
2026-01-06 04:28:39+00:00,2026-01-06 04:31:07.395815+00:00,819.0,3226.341,3226.1,3226.78,ETH
2026-01-06 04:28:40+00:00,2026-01-06 04:31:08.398508+00:00,820.0,3226.341,3226.1,3226.78,ETH
2026-01-06 04:28:41+00:00,2026-01-06 04:31:09.396378+00:00,821.0,3226.351,3226.1,3226.77,ETH
2026-01-06 04:28:42+00:00,2026-01-06 04:31:10.399575+00:00,822.0,3226.341,3226.1,3226.81,ETH
2026-01-06 04:28:43+00:00,2026-01-06 04:31:11.420976+00:00,823.0,3226.341,3226.1,3226.8,ETH
2026-01-06 04:28:44+00:00,2026-01-06 04:31:12.430268+00:00,824.0,3226.602,3226.38,3226.81,ETH
2026-01-06 04:28:45+00:00,2026-01-06 04:31:13.433510+00:00,825.0,3226.341,3226.1,3226.78,ETH
2026-01-06 04:28:46+00:00,2026-01-06 04:31:14.448127+00:00,826.0,3226.602,3226.4,3226.8,ETH
2026-01-06 04:28:47+00:00,2026-01-06 04:31:15.466377+00:00,827.0,3226.321,3226.11,3226.77,ETH
2026-01-06 04:28:48+00:00,2026-01-06 04:31:16.463275+00:00,828.0,3226.321,3226.13,3226.82,ETH
2026-01-06 04:28:49+00:00,2026-01-06 04:31:17.486029+00:00,829.0,3226.331,3226.13,3226.88,ETH
2026-01-06 04:28:50+00:00,2026-01-06 04:31:18.485857+00:00,830.0,3226.331,3226.13,3226.88,ETH
2026-01-06 04:28:51+00:00,2026-01-06 04:31:20.501154+00:00,831.0,3226.331,3226.13,3226.87,ETH
2026-01-06 04:28:52+00:00,2026-01-06 04:31:21.499384+00:00,832.0,3226.331,3226.13,3226.83,ETH
2026-01-06 04:28:53+00:00,2026-01-06 04:31:22.520374+00:00,833.0,3226.331,3226.13,3226.82,ETH
2026-01-06 04:28:54+00:00,2026-01-06 04:31:23.510698+00:00,834.0,3226.331,3226.13,3226.85,ETH
2026-01-06 04:28:55+00:00,2026-01-06 04:31:24.510604+00:00,835.0,3226.331,3226.13,3226.87,ETH
2026-01-06 04:28:56+00:00,2026-01-06 04:31:25.513626+00:00,836.0,3226.331,3226.12,3226.88,ETH
2026-01-06 04:28:57+00:00,2026-01-06 04:31:26.529084+00:00,837.0,3226.331,3226.12,3226.88,ETH
2026-01-06 04:28:58+00:00,2026-01-06 04:31:27.531588+00:00,838.0,3226.331,3226.12,3226.88,ETH
2026-01-06 04:28:59+00:00,2026-01-06 04:31:28.549674+00:00,839.0,3226.331,3226.12,3226.87,ETH
2026-01-06 04:29:00+00:00,2026-01-06 04:31:29.549786+00:00,840.0,3226.412,3226.2,3226.88,ETH
2026-01-06 04:29:01+00:00,2026-01-06 04:31:30.551492+00:00,841.0,3226.492,3226.27,3226.89,ETH
2026-01-06 04:29:02+00:00,2026-01-06 04:31:31.546490+00:00,842.0,3226.492,3226.27,3226.9,ETH
2026-01-06 04:29:03+00:00,2026-01-06 04:31:32.563318+00:00,843.0,3226.492,3226.27,3226.9,ETH
2026-01-06 04:29:04+00:00,2026-01-06 04:31:33.565710+00:00,844.0,3226.492,3226.27,3226.9,ETH
2026-01-06 04:29:05+00:00,2026-01-06 04:31:34.569896+00:00,845.0,3226.492,3226.27,3226.91,ETH
2026-01-06 04:29:06+00:00,2026-01-06 04:31:35.562968+00:00,846.0,3226.492,3226.27,3226.92,ETH
2026-01-06 04:29:07+00:00,2026-01-06 04:31:36.561606+00:00,847.0,3226.492,3226.27,3226.93,ETH
2026-01-06 04:29:08+00:00,2026-01-06 04:31:37.578954+00:00,848.0,3226.492,3226.27,3226.95,ETH
2026-01-06 04:29:09+00:00,2026-01-06 04:31:38.582201+00:00,849.0,3226.492,3226.27,3226.96,ETH
2026-01-06 04:29:10+00:00,2026-01-06 04:31:39.579933+00:00,850.0,3226.492,3226.27,3226.98,ETH
2026-01-06 04:29:11+00:00,2026-01-06 04:31:40.580853+00:00,851.0,3226.492,3226.26,3226.93,ETH
2026-01-06 04:29:12+00:00,2026-01-06 04:31:41.663815+00:00,852.0,3226.462,3226.23,3226.86,ETH
2026-01-06 04:29:13+00:00,2026-01-06 04:31:42.647695+00:00,853.0,3226.432,3226.21,3226.84,ETH
2026-01-06 04:29:14+00:00,2026-01-06 04:31:43.642148+00:00,854.0,3226.432,3226.21,3226.83,ETH
2026-01-06 04:29:15+00:00,2026-01-06 04:31:44.642418+00:00,855.0,3226.432,3226.21,3226.83,ETH
2026-01-06 04:29:16+00:00,2026-01-06 04:31:45.651118+00:00,856.0,3226.412,3226.21,3226.8,ETH
2026-01-06 04:29:17+00:00,2026-01-06 04:31:46.691978+00:00,857.0,3226.412,3226.21,3226.8,ETH
2026-01-06 04:29:18+00:00,2026-01-06 04:31:47.712308+00:00,858.0,3226.412,3226.21,3226.8,ETH
2026-01-06 04:29:19+00:00,2026-01-06 04:31:48.699900+00:00,859.0,3226.412,3226.21,3226.79,ETH
2026-01-06 04:29:20+00:00,2026-01-06 04:31:49.731047+00:00,860.0,3226.422,3226.21,3226.79,ETH
2026-01-06 04:29:21+00:00,2026-01-06 04:31:50.691722+00:00,861.0,3226.432,3226.21,3226.79,ETH
2026-01-06 04:29:22+00:00,2026-01-06 04:31:51.713318+00:00,862.0,3226.432,3226.2,3226.81,ETH
2026-01-06 04:29:23+00:00,2026-01-06 04:31:52.714855+00:00,863.0,3226.432,3226.2,3226.84,ETH
2026-01-06 04:29:24+00:00,2026-01-06 04:31:53.695849+00:00,864.0,3226.432,3226.2,3226.84,ETH
2026-01-06 04:29:25+00:00,2026-01-06 04:31:54.702959+00:00,865.0,3226.422,3226.2,3226.82,ETH
2026-01-06 04:29:26+00:00,2026-01-06 04:31:55.721149+00:00,866.0,3226.422,3226.2,3226.8,ETH
2026-01-06 04:29:27+00:00,2026-01-06 04:31:56.730241+00:00,867.0,3226.442,3226.2,3226.81,ETH
2026-01-06 04:29:28+00:00,2026-01-06 04:31:57.727873+00:00,868.0,3226.452,3226.2,3226.83,ETH
2026-01-06 04:29:29+00:00,2026-01-06 04:31:58.750028+00:00,869.0,3226.462,3226.2,3226.86,ETH
2026-01-06 04:29:30+00:00,2026-01-06 04:31:59.763886+00:00,870.0,3226.472,3226.2,3226.89,ETH
2026-01-06 04:29:31+00:00,2026-01-06 04:32:00.758210+00:00,871.0,3226.462,3226.2,3226.9,ETH
2026-01-06 04:29:32+00:00,2026-01-06 04:32:01.771761+00:00,872.0,3226.462,3226.2,3226.89,ETH
2026-01-06 04:29:33+00:00,2026-01-06 04:32:02.759036+00:00,873.0,3226.462,3226.2,3226.89,ETH
2026-01-06 04:29:34+00:00,2026-01-06 04:32:03.761880+00:00,874.0,3226.462,3226.21,3226.88,ETH
2026-01-06 04:29:35+00:00,2026-01-06 04:32:04.760016+00:00,875.0,3226.452,3226.22,3226.85,ETH
2026-01-06 04:29:36+00:00,2026-01-06 04:32:05.763002+00:00,876.0,3226.452,3226.23,3226.84,ETH
2026-01-06 04:29:37+00:00,2026-01-06 04:32:06.783174+00:00,877.0,3226.462,3226.22,3226.86,ETH
2026-01-06 04:29:38+00:00,2026-01-06 04:32:07.798287+00:00,878.0,3226.452,3226.21,3226.86,ETH
2026-01-06 04:29:39+00:00,2026-01-06 04:32:08.806640+00:00,879.0,3226.452,3226.22,3226.85,ETH
2026-01-06 04:29:40+00:00,2026-01-06 04:32:09.810583+00:00,880.0,3226.452,3226.22,3226.84,ETH
2026-01-06 04:29:41+00:00,2026-01-06 04:32:10.826847+00:00,881.0,3226.452,3226.22,3226.84,ETH
2026-01-06 04:29:42+00:00,2026-01-06 04:32:11.845255+00:00,882.0,3226.452,3226.22,3226.84,ETH
2026-01-06 04:29:43+00:00,2026-01-06 04:32:12.845715+00:00,883.0,3226.452,3226.22,3226.84,ETH
2026-01-06 04:29:44+00:00,2026-01-06 04:32:13.842395+00:00,884.0,3226.452,3226.22,3226.84,ETH
2026-01-06 04:29:45+00:00,2026-01-06 04:32:14.849918+00:00,885.0,3226.452,3226.22,3226.84,ETH
2026-01-06 04:29:46+00:00,2026-01-06 04:32:15.846681+00:00,886.0,3226.452,3226.22,3226.84,ETH
2026-01-06 04:29:47+00:00,2026-01-06 04:32:16.857293+00:00,887.0,3226.452,3226.21,3226.84,ETH
2026-01-06 04:29:48+00:00,2026-01-06 04:32:17.865648+00:00,888.0,3226.452,3226.21,3226.84,ETH
2026-01-06 04:29:49+00:00,2026-01-06 04:32:18.869179+00:00,889.0,3226.452,3226.21,3226.84,ETH
2026-01-06 04:29:50+00:00,2026-01-06 04:32:19.880426+00:00,890.0,3226.452,3226.21,3226.84,ETH
2026-01-06 04:29:51+00:00,2026-01-06 04:32:20.898497+00:00,891.0,3226.452,3226.21,3226.83,ETH
2026-01-06 04:29:52+00:00,2026-01-06 04:32:21.901661+00:00,892.0,3226.452,3226.21,3226.83,ETH
2026-01-06 04:29:53+00:00,2026-01-06 04:32:22.895389+00:00,893.0,3226.452,3226.21,3226.85,ETH
2026-01-06 04:29:54+00:00,2026-01-06 04:32:23.918073+00:00,894.0,3226.422,3226.21,3226.68,ETH
2026-01-06 04:29:55+00:00,2026-01-06 04:32:24.928758+00:00,895.0,3226.281,3226.15,3226.55,ETH
2026-01-06 04:29:56+00:00,2026-01-06 04:32:25.930701+00:00,896.0,3226.181,3225.98,3226.54,ETH
2026-01-06 04:29:57+00:00,2026-01-06 04:32:26.942096+00:00,897.0,3226.191,3225.89,3226.48,ETH
2026-01-06 04:29:58+00:00,2026-01-06 04:32:27.945707+00:00,898.0,3226.191,3225.88,3226.45,ETH
2026-01-06 04:29:59+00:00,2026-01-06 04:32:28.926422+00:00,899.0,3226.191,3225.87,3226.45,ETH
