timestamp,collected_at,seconds,up_mid,up_best_bid,up_best_ask,down_mid,down_best_bid,down_best_ask,up_best_bid_size,up_best_ask_size,down_best_bid_size,down_best_ask_size
2026-01-06 04:15:00.129000+00:00,2026-01-06 04:15:00.291729+00:00,0.129,0.44,0.43,0.45,0.56,0.55,0.57,,,,
2026-01-06 04:15:01.203000+00:00,2026-01-06 04:15:01.302764+00:00,1.203,0.455,0.45,0.46,0.545,0.54,0.55,,,,
2026-01-06 04:15:02.233000+00:00,2026-01-06 04:15:02.298674+00:00,2.233,0.4599999999999999,0.45,0.47,0.54,0.53,0.55,,,,
2026-01-06 04:15:03.257000+00:00,2026-01-06 04:15:03.292838+00:00,3.257,0.475,0.47,0.48,0.495,0.46,0.53,,,,
2026-01-06 04:15:04.270000+00:00,2026-01-06 04:15:04.316328+00:00,4.27,0.515,0.51,0.52,0.485,0.48,0.49,,,,
2026-01-06 04:15:05.271000+00:00,2026-01-06 04:15:05.323119+00:00,5.271,0.54,0.53,0.55,0.455,0.45,0.46,,,,
2026-01-06 04:15:06.285000+00:00,2026-01-06 04:15:06.331827+00:00,6.285,0.495,0.49,0.5,0.5,0.49,0.51,,,,
2026-01-06 04:15:07.251000+00:00,2026-01-06 04:15:07.347439+00:00,7.251,0.515,0.51,0.52,0.485,0.48,0.49,,,,
2026-01-06 04:15:08.228000+00:00,2026-01-06 04:15:08.359870+00:00,8.228,0.515,0.51,0.52,0.485,0.48,0.49,,,,
2026-01-06 04:15:09.353000+00:00,2026-01-06 04:15:09.380595+00:00,9.353,0.525,0.52,0.53,0.475,0.47,0.48,,,,
2026-01-06 04:15:10.925000+00:00,2026-01-06 04:15:11.383823+00:00,10.925,0.525,0.52,0.53,0.475,0.47,0.48,,,,
2026-01-06 04:15:12.333000+00:00,2026-01-06 04:15:12.384835+00:00,12.333,0.525,0.52,0.53,0.475,0.47,0.48,,,,
2026-01-06 04:15:13.343000+00:00,2026-01-06 04:15:13.380692+00:00,13.343,0.525,0.52,0.53,0.475,0.47,0.48,,,,
2026-01-06 04:15:14.352000+00:00,2026-01-06 04:15:14.396290+00:00,14.352,0.525,0.52,0.53,0.475,0.47,0.48,,,,
2026-01-06 04:15:15.295000+00:00,2026-01-06 04:15:15.414738+00:00,15.295,0.525,0.52,0.53,0.475,0.47,0.48,,,,
2026-01-06 04:15:16.267000+00:00,2026-01-06 04:15:16.413127+00:00,16.267,0.525,0.52,0.53,0.475,0.47,0.48,,,,
2026-01-06 04:15:17.366000+00:00,2026-01-06 04:15:17.414383+00:00,17.366,0.535,0.53,0.54,0.4649999999999999,0.46,0.47,,,,
2026-01-06 04:15:18.293000+00:00,2026-01-06 04:15:18.409188+00:00,18.293,0.535,0.53,0.54,0.4649999999999999,0.46,0.47,,,,
2026-01-06 04:15:19.346000+00:00,2026-01-06 04:15:19.414756+00:00,19.346,0.535,0.53,0.54,0.4649999999999999,0.46,0.47,,,,
2026-01-06 04:15:20.350000+00:00,2026-01-06 04:15:20.406746+00:00,20.35,0.535,0.53,0.54,0.4649999999999999,0.46,0.47,,,,
2026-01-06 04:15:21.122000+00:00,2026-01-06 04:15:21.429259+00:00,21.122,0.535,0.53,0.54,0.4649999999999999,0.46,0.47,,,,
2026-01-06 04:15:22.405000+00:00,2026-01-06 04:15:22.447781+00:00,22.405,0.515,0.51,0.52,0.485,0.48,0.49,,,,
2026-01-06 04:15:23.422000+00:00,2026-01-06 04:15:23.464569+00:00,23.422,0.495,0.49,0.5,0.505,0.5,0.51,,,,
2026-01-06 04:15:24.433000+00:00,2026-01-06 04:15:24.466698+00:00,24.433,0.505,0.5,0.51,0.495,0.49,0.5,,,,
2026-01-06 04:15:25.423000+00:00,2026-01-06 04:15:25.472764+00:00,25.423,0.505,0.5,0.51,0.495,0.49,0.5,,,,
2026-01-06 04:15:26.427000+00:00,2026-01-06 04:15:26.471969+00:00,26.427,0.505,0.5,0.51,0.495,0.49,0.5,,,,
2026-01-06 04:15:27.395000+00:00,2026-01-06 04:15:27.462878+00:00,27.395,0.505,0.5,0.51,0.495,0.49,0.5,,,,
2026-01-06 04:15:28.437000+00:00,2026-01-06 04:15:28.473586+00:00,28.437,0.505,0.5,0.51,0.495,0.49,0.5,,,,
2026-01-06 04:15:29.438000+00:00,2026-01-06 04:15:29.475626+00:00,29.438,0.505,0.5,0.51,0.495,0.49,0.5,,,,
2026-01-06 04:15:30.238000+00:00,2026-01-06 04:15:30.488081+00:00,30.238,0.505,0.5,0.51,0.495,0.49,0.5,,,,
2026-01-06 04:15:31.087000+00:00,2026-01-06 04:15:31.481787+00:00,31.087,0.505,0.5,0.51,0.495,0.49,0.5,,,,
2026-01-06 04:15:32.429000+00:00,2026-01-06 04:15:32.488897+00:00,32.429,0.51,0.5,0.52,0.49,0.48,0.5,,,,
2026-01-06 04:15:33.428000+00:00,2026-01-06 04:15:33.506413+00:00,33.428,0.515,0.51,0.52,0.485,0.48,0.49,,,,
2026-01-06 04:15:34.483000+00:00,2026-01-06 04:15:34.519801+00:00,34.483,0.525,0.52,0.53,0.475,0.47,0.48,,,,
2026-01-06 04:15:35.461000+00:00,2026-01-06 04:15:35.529935+00:00,35.461,0.535,0.53,0.54,0.4649999999999999,0.46,0.47,,,,
2026-01-06 04:15:36.360000+00:00,2026-01-06 04:15:36.538994+00:00,36.36,0.535,0.53,0.54,0.4649999999999999,0.46,0.47,,,,
2026-01-06 04:15:37.486000+00:00,2026-01-06 04:15:37.534615+00:00,37.486,0.525,0.52,0.53,0.475,0.47,0.48,,,,
2026-01-06 04:15:38.336000+00:00,2026-01-06 04:15:38.532138+00:00,38.336,0.525,0.52,0.53,0.475,0.47,0.48,,,,
2026-01-06 04:15:39.493000+00:00,2026-01-06 04:15:39.533164+00:00,39.493,0.525,0.52,0.53,0.475,0.47,0.48,,,,
2026-01-06 04:15:40.378000+00:00,2026-01-06 04:15:40.540402+00:00,40.378,0.505,0.5,0.51,0.495,0.49,0.5,,,,
2026-01-06 04:15:41.490000+00:00,2026-01-06 04:15:41.552931+00:00,41.49,0.505,0.5,0.51,0.495,0.49,0.5,,,,
2026-01-06 04:15:42.509000+00:00,2026-01-06 04:15:42.562530+00:00,42.509,0.555,0.55,0.56,0.445,0.44,0.45,,,,
2026-01-06 04:15:43.523000+00:00,2026-01-06 04:15:43.571410+00:00,43.523,0.565,0.56,0.57,0.435,0.43,0.44,,,,
2026-01-06 04:15:44.513000+00:00,2026-01-06 04:15:44.587503+00:00,44.513,0.58,0.57,0.59,0.415,0.41,0.42,,,,
2026-01-06 04:15:45.542000+00:00,2026-01-06 04:15:45.596733+00:00,45.542,0.595,0.59,0.6,0.405,0.4,0.41,,,,
2026-01-06 04:15:46.543000+00:00,2026-01-06 04:15:46.595153+00:00,46.543,0.595,0.59,0.6,0.405,0.4,0.41,,,,
2026-01-06 04:15:47.521000+00:00,2026-01-06 04:15:47.604747+00:00,47.521,0.595,0.59,0.6,0.405,0.4,0.41,,,,
2026-01-06 04:15:48.573000+00:00,2026-01-06 04:15:48.619890+00:00,48.573,0.58,0.57,0.59,0.425,0.42,0.43,,,,
2026-01-06 04:15:49.575000+00:00,2026-01-06 04:15:49.637320+00:00,49.575,0.5700000000000001,0.56,0.58,0.43,0.42,0.44,,,,
2026-01-06 04:15:50.600000+00:00,2026-01-06 04:15:50.643897+00:00,50.6,0.555,0.55,0.56,0.445,0.44,0.45,,,,
2026-01-06 04:15:51.605000+00:00,2026-01-06 04:15:51.655338+00:00,51.605,0.515,0.51,0.52,0.485,0.48,0.49,,,,
2026-01-06 04:15:52.599000+00:00,2026-01-06 04:15:52.653377+00:00,52.599,0.515,0.51,0.52,0.485,0.48,0.49,,,,
2026-01-06 04:15:53.606000+00:00,2026-01-06 04:15:53.653104+00:00,53.606,0.51,0.5,0.52,0.485,0.48,0.49,,,,
2026-01-06 04:15:54.636000+00:00,2026-01-06 04:15:54.669989+00:00,54.636,0.525,0.52,0.53,0.475,0.47,0.48,,,,
2026-01-06 04:15:55.697000+00:00,2026-01-06 04:15:55.686593+00:00,55.697,0.525,0.52,0.53,0.475,0.47,0.48,,,,
2026-01-06 04:15:56.607000+00:00,2026-01-06 04:15:56.702040+00:00,56.607,0.525,0.52,0.53,0.475,0.47,0.48,,,,
2026-01-06 04:15:57.648000+00:00,2026-01-06 04:15:57.704928+00:00,57.648,0.525,0.52,0.53,0.48,0.47,0.49,,,,
2026-01-06 04:15:58.403000+00:00,2026-01-06 04:15:58.719581+00:00,58.403,0.525,0.52,0.53,0.475,0.47,0.48,,,,
2026-01-06 04:15:59.682000+00:00,2026-01-06 04:15:59.723756+00:00,59.682,0.54,0.52,0.56,0.445,0.44,0.45,,,,
2026-01-06 04:16:00.658000+00:00,2026-01-06 04:16:00.729470+00:00,60.658,0.555,0.55,0.56,0.445,0.44,0.45,,,,
2026-01-06 04:16:01.709000+00:00,2026-01-06 04:16:01.742702+00:00,61.709,0.565,0.56,0.57,0.435,0.43,0.44,,,,
2026-01-06 04:16:02.688000+00:00,2026-01-06 04:16:02.754309+00:00,62.688,0.595,0.59,0.6,0.405,0.4,0.41,,,,
2026-01-06 04:16:03.718000+00:00,2026-01-06 04:16:03.760589+00:00,63.718,0.595,0.59,0.6,0.405,0.4,0.41,,,,
2026-01-06 04:16:04.697000+00:00,2026-01-06 04:16:04.758366+00:00,64.697,0.605,0.6,0.61,0.395,0.39,0.4,,,,
2026-01-06 04:16:05.624000+00:00,2026-01-06 04:16:05.763899+00:00,65.624,0.61,0.6,0.62,0.39,0.38,0.4,,,,
2026-01-06 04:16:06.732000+00:00,2026-01-06 04:16:06.776835+00:00,66.732,0.615,0.61,0.62,0.385,0.38,0.39,,,,
2026-01-06 04:16:07.731000+00:00,2026-01-06 04:16:07.784410+00:00,67.731,0.605,0.6,0.61,0.395,0.39,0.4,,,,
2026-01-06 04:16:08.690000+00:00,2026-01-06 04:16:08.783095+00:00,68.69,0.595,0.59,0.6,0.405,0.4,0.41,,,,
2026-01-06 04:16:09.744000+00:00,2026-01-06 04:16:09.791414+00:00,69.744,0.605,0.6,0.61,0.395,0.39,0.4,,,,
2026-01-06 04:16:10.691000+00:00,2026-01-06 04:16:10.796697+00:00,70.691,0.605,0.6,0.61,0.395,0.39,0.4,,,,
2026-01-06 04:16:11.739000+00:00,2026-01-06 04:16:11.804688+00:00,71.739,0.605,0.6,0.61,0.395,0.39,0.4,,,,
2026-01-06 04:16:12.673000+00:00,2026-01-06 04:16:12.814246+00:00,72.673,0.615,0.61,0.62,0.385,0.38,0.39,,,,
2026-01-06 04:16:13.753000+00:00,2026-01-06 04:16:13.826829+00:00,73.753,0.615,0.61,0.62,0.385,0.38,0.39,,,,
2026-01-06 04:16:14.774000+00:00,2026-01-06 04:16:14.836434+00:00,74.774,0.615,0.61,0.62,0.385,0.38,0.39,,,,
2026-01-06 04:16:15.794000+00:00,2026-01-06 04:16:15.841693+00:00,75.794,0.615,0.61,0.62,0.385,0.38,0.39,,,,
2026-01-06 04:16:16.796000+00:00,2026-01-06 04:16:16.843101+00:00,76.796,0.615,0.61,0.62,0.385,0.38,0.39,,,,
2026-01-06 04:16:17.809000+00:00,2026-01-06 04:16:17.844434+00:00,77.809,0.595,0.59,0.6,0.405,0.4,0.41,,,,
2026-01-06 04:16:18.821000+00:00,2026-01-06 04:16:18.862546+00:00,78.821,0.635,0.63,0.64,0.365,0.36,0.37,,,,
2026-01-06 04:16:19.793000+00:00,2026-01-06 04:16:19.880647+00:00,79.793,0.65,0.64,0.66,0.35,0.34,0.36,,,,
2026-01-06 04:16:20.840000+00:00,2026-01-06 04:16:20.902994+00:00,80.84,0.64,0.63,0.65,0.36,0.35,0.37,,,,
2026-01-06 04:16:21.770000+00:00,2026-01-06 04:16:21.908084+00:00,81.77,0.635,0.63,0.64,0.36,0.35,0.37,,,,
2026-01-06 04:16:22.867000+00:00,2026-01-06 04:16:22.911198+00:00,82.867,0.625,0.62,0.63,0.375,0.37,0.38,,,,
2026-01-06 04:16:23.876000+00:00,2026-01-06 04:16:23.920950+00:00,83.876,0.565,0.56,0.57,0.435,0.43,0.44,,,,
2026-01-06 04:16:24.783000+00:00,2026-01-06 04:16:24.937138+00:00,84.783,0.545,0.54,0.55,0.455,0.45,0.46,,,,
2026-01-06 04:16:25.791000+00:00,2026-01-06 04:16:25.942201+00:00,85.791,0.545,0.54,0.55,0.455,0.45,0.46,,,,
2026-01-06 04:16:26.895000+00:00,2026-01-06 04:16:26.967053+00:00,86.895,0.535,0.53,0.54,0.4649999999999999,0.46,0.47,,,,
2026-01-06 04:16:27.775000+00:00,2026-01-06 04:16:27.992131+00:00,87.775,0.535,0.53,0.54,0.4649999999999999,0.46,0.47,,,,
2026-01-06 04:16:28.918000+00:00,2026-01-06 04:16:28.993696+00:00,88.918,0.535,0.53,0.54,0.45,0.44,0.46,,,,
2026-01-06 04:16:29.971000+00:00,2026-01-06 04:16:30.007946+00:00,89.971,0.565,0.56,0.57,0.435,0.43,0.44,,,,
2026-01-06 04:16:30.950000+00:00,2026-01-06 04:16:31.010035+00:00,90.95,0.5700000000000001,0.56,0.58,0.43,0.42,0.44,,,,
2026-01-06 04:16:31.967000+00:00,2026-01-06 04:16:32.015583+00:00,91.967,0.62,0.6,0.64,0.39,0.38,0.4,,,,
2026-01-06 04:16:32.978000+00:00,2026-01-06 04:16:33.036229+00:00,92.978,0.63,0.62,0.64,0.37,0.36,0.38,,,,
2026-01-06 04:16:33.996000+00:00,2026-01-06 04:16:34.057866+00:00,93.996,0.635,0.63,0.64,0.365,0.36,0.37,,,,
2026-01-06 04:16:34.904000+00:00,2026-01-06 04:16:35.080325+00:00,94.904,0.63,0.62,0.64,0.37,0.36,0.38,,,,
2026-01-06 04:16:36.077000+00:00,2026-01-06 04:16:36.087676+00:00,96.077,0.635,0.63,0.64,0.365,0.36,0.37,,,,
2026-01-06 04:16:37.026000+00:00,2026-01-06 04:16:37.094424+00:00,97.026,0.625,0.62,0.63,0.375,0.37,0.38,,,,
2026-01-06 04:16:38.055000+00:00,2026-01-06 04:16:38.107914+00:00,98.055,0.615,0.61,0.62,0.39,0.38,0.4,,,,
2026-01-06 04:16:39.080000+00:00,2026-01-06 04:16:39.124491+00:00,99.08,0.595,0.59,0.6,0.405,0.4,0.41,,,,
2026-01-06 04:16:40.076000+00:00,2026-01-06 04:16:40.134675+00:00,100.076,0.585,0.58,0.59,0.415,0.41,0.42,,,,
2026-01-06 04:16:41.095000+00:00,2026-01-06 04:16:41.134792+00:00,101.095,0.575,0.57,0.58,0.425,0.42,0.43,,,,
2026-01-06 04:16:42.069000+00:00,2026-01-06 04:16:42.134689+00:00,102.069,0.585,0.58,0.59,0.415,0.41,0.42,,,,
2026-01-06 04:16:43.049000+00:00,2026-01-06 04:16:43.135729+00:00,103.049,0.605,0.6,0.61,0.395,0.39,0.4,,,,
2026-01-06 04:16:44.108000+00:00,2026-01-06 04:16:44.150505+00:00,104.108,0.625,0.62,0.63,0.375,0.37,0.38,,,,
2026-01-06 04:16:45.093000+00:00,2026-01-06 04:16:45.168308+00:00,105.093,0.615,0.61,0.62,0.38,0.37,0.39,,,,
2026-01-06 04:16:46.123000+00:00,2026-01-06 04:16:46.185029+00:00,106.123,0.615,0.61,0.62,0.385,0.38,0.39,,,,
2026-01-06 04:16:47.138000+00:00,2026-01-06 04:16:47.184871+00:00,107.138,0.62,0.61,0.63,0.385,0.38,0.39,,,,
2026-01-06 04:16:48.149000+00:00,2026-01-06 04:16:48.200454+00:00,108.149,0.615,0.61,0.62,0.385,0.38,0.39,,,,
2026-01-06 04:16:49.003000+00:00,2026-01-06 04:16:49.204355+00:00,109.003,0.61,0.6,0.62,0.39,0.38,0.4,,,,
2026-01-06 04:16:50.153000+00:00,2026-01-06 04:16:50.205095+00:00,110.153,0.61,0.6,0.62,0.395,0.39,0.4,,,,
2026-01-06 04:16:51.156000+00:00,2026-01-06 04:16:51.218863+00:00,111.156,0.575,0.57,0.58,0.425,0.42,0.43,,,,
2026-01-06 04:16:52.175000+00:00,2026-01-06 04:16:52.221368+00:00,112.175,0.575,0.57,0.58,0.425,0.42,0.43,,,,
2026-01-06 04:16:53.178000+00:00,2026-01-06 04:16:53.225507+00:00,113.178,0.58,0.57,0.59,0.415,0.41,0.42,,,,
2026-01-06 04:16:54.038000+00:00,2026-01-06 04:16:54.234633+00:00,114.038,0.585,0.58,0.59,0.415,0.41,0.42,,,,
2026-01-06 04:16:55.170000+00:00,2026-01-06 04:16:55.233585+00:00,115.17,0.585,0.58,0.59,0.415,0.41,0.42,,,,
2026-01-06 04:16:56.159000+00:00,2026-01-06 04:16:56.238483+00:00,116.159,0.585,0.58,0.59,0.415,0.41,0.42,,,,
2026-01-06 04:16:57.178000+00:00,2026-01-06 04:16:57.242098+00:00,117.178,0.595,0.59,0.6,0.405,0.4,0.41,,,,
2026-01-06 04:16:58.054000+00:00,2026-01-06 04:16:58.242333+00:00,118.054,0.595,0.59,0.6,0.405,0.4,0.41,,,,
2026-01-06 04:16:59.183000+00:00,2026-01-06 04:16:59.251177+00:00,119.183,0.595,0.59,0.6,0.405,0.4,0.41,,,,
2026-01-06 04:17:00.104000+00:00,2026-01-06 04:17:00.258370+00:00,120.104,0.595,0.59,0.6,0.405,0.4,0.41,,,,
2026-01-06 04:17:01.196000+00:00,2026-01-06 04:17:01.264548+00:00,121.196,0.585,0.58,0.59,0.415,0.41,0.42,,,,
2026-01-06 04:17:02.151000+00:00,2026-01-06 04:17:02.268133+00:00,122.151,0.585,0.58,0.59,0.415,0.41,0.42,,,,
2026-01-06 04:17:03.191000+00:00,2026-01-06 04:17:03.270038+00:00,123.191,0.585,0.58,0.59,0.415,0.41,0.42,,,,
2026-01-06 04:17:04.206000+00:00,2026-01-06 04:17:04.273028+00:00,124.206,0.585,0.58,0.59,0.415,0.41,0.42,,,,
2026-01-06 04:17:05.196000+00:00,2026-01-06 04:17:05.290088+00:00,125.196,0.585,0.58,0.59,0.415,0.41,0.42,,,,
2026-01-06 04:17:06.244000+00:00,2026-01-06 04:17:06.289944+00:00,126.244,0.58,0.57,0.59,0.425,0.42,0.43,,,,
2026-01-06 04:17:07.241000+00:00,2026-01-06 04:17:07.297580+00:00,127.241,0.555,0.55,0.56,0.445,0.44,0.45,,,,
2026-01-06 04:17:08.230000+00:00,2026-01-06 04:17:08.316871+00:00,128.23,0.555,0.55,0.56,0.445,0.44,0.45,,,,
2026-01-06 04:17:09.262000+00:00,2026-01-06 04:17:09.318242+00:00,129.262,0.555,0.55,0.56,0.445,0.44,0.45,,,,
2026-01-06 04:17:10.302000+00:00,2026-01-06 04:17:10.323115+00:00,130.302,0.555,0.55,0.56,0.445,0.44,0.45,,,,
2026-01-06 04:17:11.316000+00:00,2026-01-06 04:17:11.339576+00:00,131.316,0.56,0.55,0.57,0.445,0.44,0.45,,,,
2026-01-06 04:17:12.311000+00:00,2026-01-06 04:17:12.351227+00:00,132.311,0.555,0.55,0.56,0.445,0.44,0.45,,,,
2026-01-06 04:17:13.274000+00:00,2026-01-06 04:17:13.350926+00:00,133.274,0.555,0.55,0.56,0.445,0.44,0.45,,,,
2026-01-06 04:17:14.310000+00:00,2026-01-06 04:17:14.358965+00:00,134.31,0.555,0.55,0.56,0.445,0.44,0.45,,,,
2026-01-06 04:17:15.187000+00:00,2026-01-06 04:17:15.363796+00:00,135.187,0.555,0.55,0.56,0.445,0.44,0.45,,,,
2026-01-06 04:17:16.321000+00:00,2026-01-06 04:17:16.371574+00:00,136.321,0.555,0.55,0.56,0.445,0.44,0.45,,,,
2026-01-06 04:17:17.308000+00:00,2026-01-06 04:17:17.372364+00:00,137.308,0.555,0.55,0.56,0.445,0.44,0.45,,,,
2026-01-06 04:17:18.338000+00:00,2026-01-06 04:17:18.388938+00:00,138.338,0.4649999999999999,0.46,0.47,0.535,0.53,0.54,,,,
2026-01-06 04:17:19.306000+00:00,2026-01-06 04:17:19.392256+00:00,139.306,0.4649999999999999,0.46,0.47,0.535,0.53,0.54,,,,
2026-01-06 04:17:20.288000+00:00,2026-01-06 04:17:20.399835+00:00,140.288,0.4649999999999999,0.46,0.47,0.535,0.53,0.54,,,,
2026-01-06 04:17:21.362000+00:00,2026-01-06 04:17:21.406324+00:00,141.362,0.47,0.46,0.48,0.515,0.51,0.52,,,,
2026-01-06 04:17:22.365000+00:00,2026-01-06 04:17:22.406321+00:00,142.365,0.485,0.48,0.49,0.515,0.51,0.52,,,,
2026-01-06 04:17:23.367000+00:00,2026-01-06 04:17:23.411277+00:00,143.367,0.475,0.47,0.48,0.525,0.52,0.53,,,,
2026-01-06 04:17:24.353000+00:00,2026-01-06 04:17:24.426798+00:00,144.353,0.47,0.46,0.48,0.535,0.53,0.54,,,,
2026-01-06 04:17:25.381000+00:00,2026-01-06 04:17:25.422715+00:00,145.381,0.475,0.47,0.48,0.525,0.52,0.53,,,,
2026-01-06 04:17:26.358000+00:00,2026-01-06 04:17:26.434041+00:00,146.358,0.485,0.48,0.49,0.515,0.51,0.52,,,,
2026-01-06 04:17:27.255000+00:00,2026-01-06 04:17:27.429893+00:00,147.255,0.475,0.47,0.48,0.525,0.52,0.53,,,,
2026-01-06 04:17:28.377000+00:00,2026-01-06 04:17:28.433503+00:00,148.377,0.4649999999999999,0.46,0.47,0.535,0.53,0.54,,,,
2026-01-06 04:17:29.329000+00:00,2026-01-06 04:17:29.441994+00:00,149.329,0.4649999999999999,0.46,0.47,0.535,0.53,0.54,,,,
2026-01-06 04:17:30.400000+00:00,2026-01-06 04:17:30.459742+00:00,150.4,0.475,0.47,0.48,0.525,0.52,0.53,,,,
2026-01-06 04:17:31.420000+00:00,2026-01-06 04:17:31.472099+00:00,151.42,0.48,0.47,0.49,0.525,0.52,0.53,,,,
2026-01-06 04:17:32.433000+00:00,2026-01-06 04:17:32.482639+00:00,152.433,0.485,0.48,0.49,0.515,0.51,0.52,,,,
2026-01-06 04:17:33.469000+00:00,2026-01-06 04:17:33.483301+00:00,153.469,0.485,0.48,0.49,0.515,0.51,0.52,,,,
2026-01-06 04:17:34.422000+00:00,2026-01-06 04:17:34.488994+00:00,154.422,0.44,0.43,0.45,0.555,0.55,0.56,,,,
2026-01-06 04:17:35.426000+00:00,2026-01-06 04:17:35.512525+00:00,155.426,0.445,0.44,0.45,0.565,0.55,0.58,,,,
2026-01-06 04:17:36.459000+00:00,2026-01-06 04:17:36.517733+00:00,156.459,0.445,0.44,0.45,0.555,0.55,0.56,,,,
2026-01-06 04:17:37.452000+00:00,2026-01-06 04:17:37.510159+00:00,157.452,0.435,0.43,0.44,0.565,0.56,0.57,,,,
2026-01-06 04:17:38.441000+00:00,2026-01-06 04:17:38.504486+00:00,158.441,0.435,0.43,0.44,0.565,0.56,0.57,,,,
2026-01-06 04:17:39.155000+00:00,2026-01-06 04:17:39.525091+00:00,159.155,0.435,0.43,0.44,0.565,0.56,0.57,,,,
2026-01-06 04:17:40.435000+00:00,2026-01-06 04:17:40.530350+00:00,160.435,0.435,0.43,0.44,0.565,0.56,0.57,,,,
2026-01-06 04:17:41.493000+00:00,2026-01-06 04:17:41.540403+00:00,161.493,0.435,0.43,0.44,0.565,0.56,0.57,,,,
2026-01-06 04:17:42.558000+00:00,2026-01-06 04:17:42.541962+00:00,162.558,0.435,0.43,0.44,0.565,0.56,0.57,,,,
2026-01-06 04:17:43.450000+00:00,2026-01-06 04:17:43.542750+00:00,163.45,0.425,0.42,0.43,0.575,0.57,0.58,,,,
2026-01-06 04:17:44.498000+00:00,2026-01-06 04:17:44.555229+00:00,164.498,0.425,0.42,0.43,0.575,0.57,0.58,,,,
2026-01-06 04:17:45.533000+00:00,2026-01-06 04:17:45.571548+00:00,165.533,0.415,0.41,0.42,0.585,0.58,0.59,,,,
2026-01-06 04:17:46.541000+00:00,2026-01-06 04:17:46.587572+00:00,166.541,0.415,0.41,0.42,0.585,0.58,0.59,,,,
2026-01-06 04:17:47.543000+00:00,2026-01-06 04:17:47.592327+00:00,167.543,0.425,0.42,0.43,0.575,0.57,0.58,,,,
2026-01-06 04:17:48.565000+00:00,2026-01-06 04:17:48.606761+00:00,168.565,0.44,0.43,0.45,0.56,0.55,0.57,,,,
2026-01-06 04:17:49.538000+00:00,2026-01-06 04:17:49.618359+00:00,169.538,0.44,0.43,0.45,0.56,0.55,0.57,,,,
2026-01-06 04:17:50.535000+00:00,2026-01-06 04:17:50.615571+00:00,170.535,0.445,0.44,0.45,0.555,0.55,0.56,,,,
2026-01-06 04:17:51.570000+00:00,2026-01-06 04:17:51.621239+00:00,171.57,0.43,0.42,0.44,0.575,0.57,0.58,,,,
2026-01-06 04:17:52.589000+00:00,2026-01-06 04:17:52.637881+00:00,172.589,0.42,0.41,0.43,0.58,0.57,0.59,,,,
2026-01-06 04:17:53.547000+00:00,2026-01-06 04:17:53.655417+00:00,173.547,0.415,0.41,0.42,0.595,0.59,0.6,,,,
2026-01-06 04:17:54.591000+00:00,2026-01-06 04:17:54.674004+00:00,174.591,0.43,0.42,0.44,0.5700000000000001,0.56,0.58,,,,
2026-01-06 04:17:55.579000+00:00,2026-01-06 04:17:55.691011+00:00,175.579,0.43,0.42,0.44,0.5700000000000001,0.56,0.58,,,,
2026-01-06 04:17:56.640000+00:00,2026-01-06 04:17:56.704092+00:00,176.64,0.43,0.42,0.44,0.5700000000000001,0.56,0.58,,,,
2026-01-06 04:17:57.548000+00:00,2026-01-06 04:17:57.710319+00:00,177.548,0.43,0.42,0.44,0.5700000000000001,0.56,0.58,,,,
2026-01-06 04:17:58.618000+00:00,2026-01-06 04:17:58.716086+00:00,178.618,0.42,0.41,0.43,0.58,0.57,0.59,,,,
2026-01-06 04:17:59.620000+00:00,2026-01-06 04:17:59.719644+00:00,179.62,0.425,0.42,0.43,0.575,0.57,0.58,,,,
2026-01-06 04:18:00.679000+00:00,2026-01-06 04:18:00.721223+00:00,180.679,0.42,0.41,0.43,0.58,0.57,0.59,,,,
2026-01-06 04:18:01.692000+00:00,2026-01-06 04:18:01.741196+00:00,181.692,0.41,0.4,0.42,0.59,0.58,0.6,,,,
2026-01-06 04:18:02.638000+00:00,2026-01-06 04:18:02.767323+00:00,182.638,0.405,0.4,0.41,0.595,0.59,0.6,,,,
2026-01-06 04:18:03.727000+00:00,2026-01-06 04:18:03.772943+00:00,183.727,0.415,0.41,0.42,0.585,0.58,0.59,,,,
2026-01-06 04:18:04.721000+00:00,2026-01-06 04:18:04.765954+00:00,184.721,0.405,0.4,0.41,0.595,0.59,0.6,,,,
2026-01-06 04:18:05.721000+00:00,2026-01-06 04:18:05.765726+00:00,185.721,0.395,0.39,0.4,0.615,0.61,0.62,,,,
2026-01-06 04:18:06.727000+00:00,2026-01-06 04:18:06.770970+00:00,186.727,0.385,0.38,0.39,0.615,0.61,0.62,,,,
2026-01-06 04:18:07.743000+00:00,2026-01-06 04:18:07.787016+00:00,187.743,0.365,0.36,0.37,0.635,0.63,0.64,,,,
2026-01-06 04:18:08.776000+00:00,2026-01-06 04:18:08.794400+00:00,188.776,0.335,0.33,0.34,0.665,0.66,0.67,,,,
2026-01-06 04:18:09.749000+00:00,2026-01-06 04:18:09.800594+00:00,189.749,0.335,0.33,0.34,0.665,0.66,0.67,,,,
2026-01-06 04:18:10.753000+00:00,2026-01-06 04:18:10.806380+00:00,190.753,0.335,0.33,0.34,0.665,0.66,0.67,,,,
2026-01-06 04:18:11.768000+00:00,2026-01-06 04:18:11.815864+00:00,191.768,0.345,0.34,0.35,0.645,0.64,0.65,,,,
2026-01-06 04:18:12.756000+00:00,2026-01-06 04:18:12.815410+00:00,192.756,0.42,0.41,0.43,0.585,0.58,0.59,,,,
2026-01-06 04:18:13.704000+00:00,2026-01-06 04:18:13.822453+00:00,193.704,0.415,0.41,0.42,0.585,0.58,0.59,,,,
2026-01-06 04:18:14.767000+00:00,2026-01-06 04:18:14.818401+00:00,194.767,0.415,0.41,0.42,0.585,0.58,0.59,,,,
2026-01-06 04:18:15.748000+00:00,2026-01-06 04:18:15.814657+00:00,195.748,0.365,0.36,0.37,0.635,0.63,0.64,,,,
2026-01-06 04:18:16.734000+00:00,2026-01-06 04:18:16.816237+00:00,196.734,0.3399999999999999,0.33,0.35,0.66,0.65,0.67,,,,
2026-01-06 04:18:17.705000+00:00,2026-01-06 04:18:17.808961+00:00,197.705,0.335,0.33,0.34,0.66,0.65,0.67,,,,
2026-01-06 04:18:18.648000+00:00,2026-01-06 04:18:18.810114+00:00,198.648,0.335,0.33,0.34,0.665,0.66,0.67,,,,
2026-01-06 04:18:19.640000+00:00,2026-01-06 04:18:19.807850+00:00,199.64,0.335,0.33,0.34,0.665,0.66,0.67,,,,
2026-01-06 04:18:20.700000+00:00,2026-01-06 04:18:20.814126+00:00,200.7,0.335,0.33,0.34,0.665,0.66,0.67,,,,
2026-01-06 04:18:21.682000+00:00,2026-01-06 04:18:21.831782+00:00,201.682,0.335,0.33,0.34,0.665,0.66,0.67,,,,
2026-01-06 04:18:22.795000+00:00,2026-01-06 04:18:22.844960+00:00,202.795,0.325,0.32,0.33,0.675,0.67,0.68,,,,
2026-01-06 04:18:23.668000+00:00,2026-01-06 04:18:23.844473+00:00,203.668,0.32,0.31,0.33,0.6799999999999999,0.67,0.69,,,,
2026-01-06 04:18:24.764000+00:00,2026-01-06 04:18:24.834721+00:00,204.764,0.32,0.31,0.33,0.6799999999999999,0.67,0.69,,,,
2026-01-06 04:18:25.741000+00:00,2026-01-06 04:18:25.848263+00:00,205.741,0.32,0.31,0.33,0.6799999999999999,0.67,0.69,,,,
2026-01-06 04:18:26.736000+00:00,2026-01-06 04:18:26.862074+00:00,206.736,0.325,0.31,0.34,0.675,0.66,0.69,,,,
2026-01-06 04:18:27.826000+00:00,2026-01-06 04:18:27.880853+00:00,207.826,0.305,0.3,0.31,0.69,0.68,0.7,,,,
2026-01-06 04:18:28.831000+00:00,2026-01-06 04:18:28.882347+00:00,208.831,0.315,0.31,0.32,0.685,0.68,0.69,,,,
2026-01-06 04:18:29.814000+00:00,2026-01-06 04:18:29.891651+00:00,209.814,0.32,0.31,0.33,0.6799999999999999,0.67,0.69,,,,
2026-01-06 04:18:30.790000+00:00,2026-01-06 04:18:30.899211+00:00,210.79,0.32,0.31,0.33,0.6799999999999999,0.67,0.69,,,,
2026-01-06 04:18:31.825000+00:00,2026-01-06 04:18:31.907746+00:00,211.825,0.325,0.32,0.33,0.675,0.67,0.68,,,,
2026-01-06 04:18:32.852000+00:00,2026-01-06 04:18:32.902291+00:00,212.852,0.33,0.32,0.34,0.67,0.66,0.68,,,,
2026-01-06 04:18:33.853000+00:00,2026-01-06 04:18:33.906464+00:00,213.853,0.38,0.37,0.39,0.62,0.61,0.63,,,,
2026-01-06 04:18:34.846000+00:00,2026-01-06 04:18:34.917434+00:00,214.846,0.38,0.37,0.39,0.62,0.61,0.63,,,,
2026-01-06 04:18:35.856000+00:00,2026-01-06 04:18:35.907103+00:00,215.856,0.38,0.37,0.39,0.62,0.61,0.63,,,,
2026-01-06 04:18:36.790000+00:00,2026-01-06 04:18:36.908100+00:00,216.79,0.38,0.37,0.39,0.62,0.61,0.63,,,,
2026-01-06 04:18:37.879000+00:00,2026-01-06 04:18:37.924573+00:00,217.879,0.375,0.37,0.38,0.62,0.61,0.63,,,,
2026-01-06 04:18:38.840000+00:00,2026-01-06 04:18:38.932341+00:00,218.84,0.385,0.38,0.39,0.615,0.61,0.62,,,,
2026-01-06 04:18:39.890000+00:00,2026-01-06 04:18:39.940444+00:00,219.89,0.38,0.37,0.39,0.62,0.61,0.63,,,,
2026-01-06 04:18:40.857000+00:00,2026-01-06 04:18:40.939269+00:00,220.857,0.375,0.37,0.38,0.625,0.62,0.63,,,,
2026-01-06 04:18:41.865000+00:00,2026-01-06 04:18:41.948699+00:00,221.865,0.375,0.37,0.38,0.625,0.62,0.63,,,,
2026-01-06 04:18:42.852000+00:00,2026-01-06 04:18:42.951627+00:00,222.852,0.335,0.33,0.34,0.665,0.66,0.67,,,,
2026-01-06 04:18:43.800000+00:00,2026-01-06 04:18:43.958750+00:00,223.8,0.335,0.33,0.34,0.665,0.66,0.67,,,,
2026-01-06 04:18:44.886000+00:00,2026-01-06 04:18:44.965534+00:00,224.886,0.335,0.33,0.34,0.665,0.66,0.67,,,,
2026-01-06 04:18:45.915000+00:00,2026-01-06 04:18:45.962903+00:00,225.915,0.335,0.33,0.34,0.665,0.66,0.67,,,,
2026-01-06 04:18:46.900000+00:00,2026-01-06 04:18:46.962139+00:00,226.9,0.335,0.33,0.34,0.685,0.68,0.69,,,,
2026-01-06 04:18:47.853000+00:00,2026-01-06 04:18:47.967591+00:00,227.853,0.305,0.3,0.31,0.695,0.69,0.7,,,,
2026-01-06 04:18:48.860000+00:00,2026-01-06 04:18:48.975714+00:00,228.86,0.31,0.3,0.32,0.69,0.68,0.7,,,,
2026-01-06 04:18:49.854000+00:00,2026-01-06 04:18:49.984191+00:00,229.854,0.31,0.3,0.32,0.69,0.68,0.7,,,,
2026-01-06 04:18:50.943000+00:00,2026-01-06 04:18:50.995762+00:00,230.943,0.31,0.3,0.32,0.69,0.68,0.7,,,,
2026-01-06 04:18:51.920000+00:00,2026-01-06 04:18:51.984138+00:00,231.92,0.31,0.3,0.32,0.69,0.68,0.7,,,,
2026-01-06 04:18:52.929000+00:00,2026-01-06 04:18:52.981346+00:00,232.929,0.315,0.31,0.32,0.6799999999999999,0.67,0.69,,,,
2026-01-06 04:18:53.830000+00:00,2026-01-06 04:18:53.983239+00:00,233.83,0.325,0.32,0.33,0.675,0.67,0.68,,,,
2026-01-06 04:18:54.630000+00:00,2026-01-06 04:18:54.980496+00:00,234.63,0.325,0.32,0.33,0.675,0.67,0.68,,,,
2026-01-06 04:18:55.840000+00:00,2026-01-06 04:18:55.986029+00:00,235.84,0.325,0.32,0.33,0.675,0.67,0.68,,,,
2026-01-06 04:18:56.696000+00:00,2026-01-06 04:18:56.980996+00:00,236.696,0.325,0.32,0.33,0.675,0.67,0.68,,,,
2026-01-06 04:18:57.943000+00:00,2026-01-06 04:18:57.988457+00:00,237.943,0.325,0.32,0.33,0.675,0.67,0.68,,,,
2026-01-06 04:18:58.919000+00:00,2026-01-06 04:18:59.000308+00:00,238.919,0.325,0.32,0.33,0.675,0.67,0.68,,,,
2026-01-06 04:18:59.873000+00:00,2026-01-06 04:18:59.998034+00:00,239.873,0.325,0.32,0.33,0.675,0.67,0.68,,,,
2026-01-06 04:19:00.958000+00:00,2026-01-06 04:19:01.005963+00:00,240.958,0.325,0.32,0.33,0.675,0.67,0.68,,,,
2026-01-06 04:19:01.910000+00:00,2026-01-06 04:19:02.026213+00:00,241.91,0.325,0.32,0.33,0.675,0.67,0.68,,,,
2026-01-06 04:19:02.952000+00:00,2026-01-06 04:19:03.051069+00:00,242.952,0.32,0.31,0.33,0.6799999999999999,0.67,0.69,,,,
2026-01-06 04:19:03.974000+00:00,2026-01-06 04:19:04.044003+00:00,243.974,0.315,0.31,0.32,0.685,0.68,0.69,,,,
2026-01-06 04:19:04.960000+00:00,2026-01-06 04:19:05.051610+00:00,244.96,0.315,0.31,0.32,0.685,0.68,0.69,,,,
2026-01-06 04:19:05.986000+00:00,2026-01-06 04:19:06.056241+00:00,245.986,0.315,0.31,0.32,0.685,0.68,0.69,,,,
2026-01-06 04:19:07.960000+00:00,2026-01-06 04:19:08.062915+00:00,247.96,0.315,0.31,0.32,0.685,0.68,0.69,,,,
2026-01-06 04:19:08.973000+00:00,2026-01-06 04:19:09.061994+00:00,248.973,0.32,0.31,0.33,0.6799999999999999,0.67,0.69,,,,
2026-01-06 04:19:09.992000+00:00,2026-01-06 04:19:10.082871+00:00,249.992,0.325,0.32,0.33,0.665,0.66,0.67,,,,
2026-01-06 04:19:11.033000+00:00,2026-01-06 04:19:11.094512+00:00,251.033,0.315,0.31,0.32,0.685,0.68,0.69,,,,
2026-01-06 04:19:12.942000+00:00,2026-01-06 04:19:13.111955+00:00,252.942,0.325,0.32,0.33,0.6799999999999999,0.67,0.69,,,,
2026-01-06 04:19:13.841000+00:00,2026-01-06 04:19:14.128609+00:00,253.841,0.325,0.32,0.33,0.675,0.67,0.68,,,,
2026-01-06 04:19:15.084000+00:00,2026-01-06 04:19:15.129032+00:00,255.084,0.335,0.33,0.34,0.665,0.66,0.67,,,,
2026-01-06 04:19:16.172000+00:00,2026-01-06 04:19:16.130158+00:00,256.172,0.375,0.37,0.38,0.625,0.62,0.63,,,,
2026-01-06 04:19:17.073000+00:00,2026-01-06 04:19:17.136035+00:00,257.073,0.395,0.39,0.4,0.605,0.6,0.61,,,,
2026-01-06 04:19:18.088000+00:00,2026-01-06 04:19:18.130539+00:00,258.088,0.395,0.39,0.4,0.605,0.6,0.61,,,,
2026-01-06 04:19:19.098000+00:00,2026-01-06 04:19:19.141236+00:00,259.098,0.385,0.38,0.39,0.615,0.61,0.62,,,,
2026-01-06 04:19:20.074000+00:00,2026-01-06 04:19:20.149813+00:00,260.074,0.39,0.38,0.4,0.61,0.6,0.62,,,,
2026-01-06 04:19:21.091000+00:00,2026-01-06 04:19:21.144909+00:00,261.091,0.395,0.39,0.4,0.605,0.6,0.61,,,,
2026-01-06 04:19:22.001000+00:00,2026-01-06 04:19:22.144351+00:00,262.001,0.39,0.38,0.4,0.61,0.6,0.62,,,,
2026-01-06 04:19:23.097000+00:00,2026-01-06 04:19:23.147080+00:00,263.097,0.395,0.39,0.4,0.595,0.59,0.6,,,,
2026-01-06 04:19:24.118000+00:00,2026-01-06 04:19:24.168102+00:00,264.118,0.395,0.39,0.4,0.605,0.6,0.61,,,,
2026-01-06 04:19:25.103000+00:00,2026-01-06 04:19:25.175128+00:00,265.103,0.39,0.38,0.4,0.595,0.59,0.6,,,,
2026-01-06 04:19:26.117000+00:00,2026-01-06 04:19:26.179025+00:00,266.117,0.435,0.43,0.44,0.565,0.56,0.57,,,,
2026-01-06 04:19:27.127000+00:00,2026-01-06 04:19:27.191475+00:00,267.127,0.435,0.43,0.44,0.565,0.56,0.57,,,,
2026-01-06 04:19:28.138000+00:00,2026-01-06 04:19:28.198620+00:00,268.138,0.435,0.43,0.44,0.565,0.56,0.57,,,,
2026-01-06 04:19:29.155000+00:00,2026-01-06 04:19:29.211993+00:00,269.155,0.435,0.43,0.44,0.565,0.56,0.57,,,,
2026-01-06 04:19:30.161000+00:00,2026-01-06 04:19:30.219021+00:00,270.161,0.435,0.43,0.44,0.565,0.56,0.57,,,,
2026-01-06 04:19:31.172000+00:00,2026-01-06 04:19:31.229893+00:00,271.172,0.435,0.43,0.44,0.565,0.56,0.57,,,,
2026-01-06 04:19:32.193000+00:00,2026-01-06 04:19:32.245877+00:00,272.193,0.395,0.39,0.4,0.61,0.6,0.62,,,,
2026-01-06 04:19:33.189000+00:00,2026-01-06 04:19:33.253205+00:00,273.189,0.385,0.38,0.39,0.615,0.61,0.62,,,,
2026-01-06 04:19:34.210000+00:00,2026-01-06 04:19:34.264481+00:00,274.21,0.385,0.38,0.39,0.615,0.61,0.62,,,,
2026-01-06 04:19:35.225000+00:00,2026-01-06 04:19:35.279289+00:00,275.225,0.385,0.38,0.39,0.615,0.61,0.62,,,,
2026-01-06 04:19:36.220000+00:00,2026-01-06 04:19:36.272747+00:00,276.22,0.385,0.38,0.39,0.615,0.61,0.62,,,,
2026-01-06 04:19:37.199000+00:00,2026-01-06 04:19:37.278620+00:00,277.199,0.36,0.35,0.37,0.645,0.64,0.65,,,,
2026-01-06 04:19:38.152000+00:00,2026-01-06 04:19:38.279618+00:00,278.152,0.355,0.35,0.36,0.645,0.64,0.65,,,,
2026-01-06 04:19:39.246000+00:00,2026-01-06 04:19:39.292316+00:00,279.246,0.35,0.34,0.36,0.65,0.64,0.66,,,,
2026-01-06 04:19:40.239000+00:00,2026-01-06 04:19:40.295789+00:00,280.239,0.355,0.35,0.36,0.645,0.64,0.65,,,,
2026-01-06 04:19:41.178000+00:00,2026-01-06 04:19:41.297931+00:00,281.178,0.36,0.35,0.37,0.64,0.63,0.65,,,,
2026-01-06 04:19:42.262000+00:00,2026-01-06 04:19:42.311069+00:00,282.262,0.355,0.35,0.36,0.645,0.64,0.65,,,,
2026-01-06 04:19:43.230000+00:00,2026-01-06 04:19:43.312003+00:00,283.23,0.35,0.34,0.36,0.65,0.64,0.66,,,,
2026-01-06 04:19:44.240000+00:00,2026-01-06 04:19:44.323118+00:00,284.24,0.345,0.34,0.35,0.655,0.65,0.66,,,,
2026-01-06 04:19:45.280000+00:00,2026-01-06 04:19:45.330603+00:00,285.28,0.315,0.3,0.33,0.69,0.68,0.7,,,,
2026-01-06 04:19:46.302000+00:00,2026-01-06 04:19:46.345717+00:00,286.302,0.305,0.3,0.31,0.695,0.69,0.7,,,,
2026-01-06 04:19:47.308000+00:00,2026-01-06 04:19:47.361688+00:00,287.308,0.305,0.3,0.31,0.695,0.69,0.7,,,,
2026-01-06 04:19:48.312000+00:00,2026-01-06 04:19:48.375105+00:00,288.312,0.315,0.31,0.32,0.685,0.68,0.69,,,,
2026-01-06 04:19:49.003000+00:00,2026-01-06 04:19:49.394605+00:00,289.003,0.315,0.31,0.32,0.685,0.68,0.69,,,,
2026-01-06 04:19:50.269000+00:00,2026-01-06 04:19:50.385154+00:00,290.269,0.315,0.31,0.32,0.685,0.68,0.69,,,,
2026-01-06 04:19:51.318000+00:00,2026-01-06 04:19:51.384149+00:00,291.318,0.32,0.31,0.33,0.6799999999999999,0.67,0.69,,,,
2026-01-06 04:19:52.336000+00:00,2026-01-06 04:19:52.386251+00:00,292.336,0.315,0.31,0.32,0.685,0.68,0.69,,,,
2026-01-06 04:19:53.340000+00:00,2026-01-06 04:19:53.393099+00:00,293.34,0.325,0.32,0.33,0.675,0.67,0.68,,,,
2026-01-06 04:19:54.286000+00:00,2026-01-06 04:19:54.395315+00:00,294.286,0.315,0.31,0.32,0.685,0.68,0.69,,,,
2026-01-06 04:19:55.342000+00:00,2026-01-06 04:19:55.395351+00:00,295.342,0.325,0.32,0.33,0.675,0.67,0.68,,,,
2026-01-06 04:19:56.331000+00:00,2026-01-06 04:19:56.408743+00:00,296.331,0.315,0.3,0.33,0.685,0.67,0.7,,,,
2026-01-06 04:19:57.344000+00:00,2026-01-06 04:19:57.411244+00:00,297.344,0.315,0.3,0.33,0.685,0.67,0.7,,,,
2026-01-06 04:19:58.184000+00:00,2026-01-06 04:19:58.421250+00:00,298.184,0.315,0.3,0.33,0.685,0.67,0.7,,,,
2026-01-06 04:19:59.362000+00:00,2026-01-06 04:19:59.428463+00:00,299.362,0.31,0.3,0.32,0.69,0.68,0.7,,,,
2026-01-06 04:20:00.366000+00:00,2026-01-06 04:20:00.428297+00:00,300.366,0.31,0.3,0.32,0.69,0.68,0.7,,,,
2026-01-06 04:20:01.337000+00:00,2026-01-06 04:20:01.450006+00:00,301.337,0.305,0.3,0.31,0.695,0.69,0.7,,,,
2026-01-06 04:20:02.359000+00:00,2026-01-06 04:20:02.461859+00:00,302.359,0.305,0.3,0.31,0.69,0.68,0.7,,,,
2026-01-06 04:20:03.312000+00:00,2026-01-06 04:20:03.462590+00:00,303.312,0.31,0.3,0.32,0.69,0.68,0.7,,,,
2026-01-06 04:20:04.218000+00:00,2026-01-06 04:20:04.477366+00:00,304.218,0.31,0.3,0.32,0.69,0.68,0.7,,,,
2026-01-06 04:20:05.006000+00:00,2026-01-06 04:20:05.476299+00:00,305.006,0.31,0.3,0.32,0.69,0.68,0.7,,,,
2026-01-06 04:20:06.439000+00:00,2026-01-06 04:20:06.490834+00:00,306.439,0.315,0.31,0.32,0.685,0.68,0.69,,,,
2026-01-06 04:20:07.365000+00:00,2026-01-06 04:20:07.483996+00:00,307.365,0.315,0.31,0.32,0.685,0.68,0.69,,,,
2026-01-06 04:20:08.431000+00:00,2026-01-06 04:20:08.485560+00:00,308.431,0.32,0.31,0.33,0.6799999999999999,0.67,0.69,,,,
2026-01-06 04:20:09.408000+00:00,2026-01-06 04:20:09.495255+00:00,309.408,0.32,0.31,0.33,0.6799999999999999,0.67,0.69,,,,
2026-01-06 04:20:10.449000+00:00,2026-01-06 04:20:10.503159+00:00,310.449,0.32,0.31,0.33,0.6799999999999999,0.67,0.69,,,,
2026-01-06 04:20:11.452000+00:00,2026-01-06 04:20:11.505432+00:00,311.452,0.32,0.31,0.33,0.6799999999999999,0.67,0.69,,,,
2026-01-06 04:20:12.325000+00:00,2026-01-06 04:20:12.511303+00:00,312.325,0.32,0.31,0.33,0.6799999999999999,0.67,0.69,,,,
2026-01-06 04:20:13.055000+00:00,2026-01-06 04:20:13.511895+00:00,313.055,0.32,0.31,0.33,0.6799999999999999,0.67,0.69,,,,
2026-01-06 04:20:14.424000+00:00,2026-01-06 04:20:14.519422+00:00,314.424,0.32,0.31,0.33,0.6799999999999999,0.67,0.69,,,,
2026-01-06 04:20:15.378000+00:00,2026-01-06 04:20:15.513412+00:00,315.378,0.315,0.31,0.32,0.685,0.68,0.69,,,,
2026-01-06 04:20:16.249000+00:00,2026-01-06 04:20:16.528513+00:00,316.249,0.32,0.31,0.33,0.6799999999999999,0.67,0.69,,,,
2026-01-06 04:20:17.417000+00:00,2026-01-06 04:20:17.527025+00:00,317.417,0.32,0.31,0.33,0.6799999999999999,0.67,0.69,,,,
2026-01-06 04:20:18.519000+00:00,2026-01-06 04:20:18.545029+00:00,318.519,0.31,0.3,0.32,0.69,0.68,0.7,,,,
2026-01-06 04:20:19.353000+00:00,2026-01-06 04:20:19.534186+00:00,319.353,0.31,0.3,0.32,0.69,0.68,0.7,,,,
2026-01-06 04:20:20.399000+00:00,2026-01-06 04:20:20.544770+00:00,320.399,0.31,0.3,0.32,0.69,0.68,0.7,,,,
2026-01-06 04:20:21.468000+00:00,2026-01-06 04:20:21.540373+00:00,321.468,0.31,0.3,0.32,0.69,0.68,0.7,,,,
2026-01-06 04:20:22.411000+00:00,2026-01-06 04:20:22.542880+00:00,322.411,0.31,0.3,0.32,0.69,0.68,0.7,,,,
2026-01-06 04:20:23.493000+00:00,2026-01-06 04:20:23.548740+00:00,323.493,0.31,0.3,0.32,0.69,0.68,0.7,,,,
2026-01-06 04:20:24.416000+00:00,2026-01-06 04:20:24.551208+00:00,324.416,0.31,0.3,0.32,0.69,0.68,0.7,,,,
2026-01-06 04:20:25.213000+00:00,2026-01-06 04:20:25.559475+00:00,325.213,0.31,0.3,0.32,0.69,0.68,0.7,,,,
2026-01-06 04:20:26.469000+00:00,2026-01-06 04:20:26.578122+00:00,326.469,0.31,0.3,0.32,0.69,0.68,0.7,,,,
2026-01-06 04:20:27.308000+00:00,2026-01-06 04:20:27.579482+00:00,327.308,0.32,0.31,0.33,0.6799999999999999,0.67,0.69,,,,
2026-01-06 04:20:28.318000+00:00,2026-01-06 04:20:28.582431+00:00,328.318,0.32,0.31,0.33,0.6799999999999999,0.67,0.69,,,,
2026-01-06 04:20:29.553000+00:00,2026-01-06 04:20:29.600994+00:00,329.553,0.32,0.31,0.33,0.6799999999999999,0.67,0.69,,,,
2026-01-06 04:20:30.422000+00:00,2026-01-06 04:20:30.609867+00:00,330.422,0.315,0.3,0.33,0.685,0.67,0.7,,,,
2026-01-06 04:20:31.453000+00:00,2026-01-06 04:20:31.611892+00:00,331.453,0.32,0.31,0.33,0.6799999999999999,0.67,0.69,,,,
2026-01-06 04:20:32.236000+00:00,2026-01-06 04:20:32.626057+00:00,332.236,0.32,0.31,0.33,0.6799999999999999,0.67,0.69,,,,
2026-01-06 04:20:33.541000+00:00,2026-01-06 04:20:33.627972+00:00,333.541,0.315,0.3,0.33,0.685,0.67,0.7,,,,
2026-01-06 04:20:34.589000+00:00,2026-01-06 04:20:34.646640+00:00,334.589,0.32,0.31,0.33,0.6799999999999999,0.67,0.69,,,,
2026-01-06 04:20:35.145000+00:00,2026-01-06 04:20:35.644933+00:00,335.145,0.32,0.31,0.33,0.6799999999999999,0.67,0.69,,,,
2026-01-06 04:20:36.584000+00:00,2026-01-06 04:20:36.644284+00:00,336.584,0.32,0.31,0.33,0.6799999999999999,0.67,0.69,,,,
2026-01-06 04:20:37.579000+00:00,2026-01-06 04:20:37.659587+00:00,337.579,0.315,0.31,0.32,0.685,0.68,0.69,,,,
2026-01-06 04:20:38.501000+00:00,2026-01-06 04:20:38.675650+00:00,338.501,0.315,0.3,0.33,0.685,0.67,0.7,,,,
2026-01-06 04:20:39.583000+00:00,2026-01-06 04:20:39.676220+00:00,339.583,0.32,0.31,0.33,0.6799999999999999,0.67,0.69,,,,
2026-01-06 04:20:40.628000+00:00,2026-01-06 04:20:40.675322+00:00,340.628,0.32,0.31,0.33,0.6799999999999999,0.67,0.69,,,,
2026-01-06 04:20:41.562000+00:00,2026-01-06 04:20:41.675979+00:00,341.562,0.32,0.31,0.33,0.675,0.67,0.68,,,,
2026-01-06 04:20:42.553000+00:00,2026-01-06 04:20:42.679843+00:00,342.553,0.32,0.31,0.33,0.6799999999999999,0.67,0.69,,,,
2026-01-06 04:20:43.243000+00:00,2026-01-06 04:20:43.681839+00:00,343.243,0.32,0.31,0.33,0.6799999999999999,0.67,0.69,,,,
2026-01-06 04:20:44.195000+00:00,2026-01-06 04:20:44.685586+00:00,344.195,0.32,0.31,0.33,0.6799999999999999,0.67,0.69,,,,
2026-01-06 04:20:45.623000+00:00,2026-01-06 04:20:45.692349+00:00,345.623,0.32,0.31,0.33,0.6799999999999999,0.67,0.69,,,,
2026-01-06 04:20:46.368000+00:00,2026-01-06 04:20:46.692815+00:00,346.368,0.32,0.31,0.33,0.6799999999999999,0.67,0.69,,,,
2026-01-06 04:20:47.461000+00:00,2026-01-06 04:20:47.693831+00:00,347.461,0.32,0.31,0.33,0.6799999999999999,0.67,0.69,,,,
2026-01-06 04:20:48.453000+00:00,2026-01-06 04:20:48.686937+00:00,348.453,0.32,0.31,0.33,0.6799999999999999,0.67,0.69,,,,
2026-01-06 04:20:49.637000+00:00,2026-01-06 04:20:49.693721+00:00,349.637,0.325,0.32,0.33,0.675,0.67,0.68,,,,
2026-01-06 04:20:50.658000+00:00,2026-01-06 04:20:50.707606+00:00,350.658,0.375,0.37,0.38,0.625,0.62,0.63,,,,
2026-01-06 04:20:51.617000+00:00,2026-01-06 04:20:51.698128+00:00,351.617,0.365,0.36,0.37,0.635,0.63,0.64,,,,
2026-01-06 04:20:52.611000+00:00,2026-01-06 04:20:52.692503+00:00,352.611,0.365,0.36,0.37,0.635,0.63,0.64,,,,
2026-01-06 04:20:53.628000+00:00,2026-01-06 04:20:53.693185+00:00,353.628,0.365,0.36,0.37,0.635,0.63,0.64,,,,
2026-01-06 04:20:54.623000+00:00,2026-01-06 04:20:54.698032+00:00,354.623,0.36,0.35,0.37,0.64,0.63,0.65,,,,
2026-01-06 04:20:55.649000+00:00,2026-01-06 04:20:55.701895+00:00,355.649,0.36,0.35,0.37,0.64,0.63,0.65,,,,
2026-01-06 04:20:56.575000+00:00,2026-01-06 04:20:56.711912+00:00,356.575,0.36,0.35,0.37,0.64,0.63,0.65,,,,
2026-01-06 04:20:57.476000+00:00,2026-01-06 04:20:57.718145+00:00,357.476,0.365,0.35,0.38,0.635,0.62,0.65,,,,
2026-01-06 04:20:58.330000+00:00,2026-01-06 04:20:58.726569+00:00,358.33,0.365,0.35,0.38,0.635,0.62,0.65,,,,
2026-01-06 04:20:59.620000+00:00,2026-01-06 04:20:59.741277+00:00,359.62,0.365,0.35,0.38,0.635,0.62,0.65,,,,
2026-01-06 04:21:00.656000+00:00,2026-01-06 04:21:00.738530+00:00,360.656,0.36,0.35,0.37,0.64,0.63,0.65,,,,
2026-01-06 04:21:01.663000+00:00,2026-01-06 04:21:01.742266+00:00,361.663,0.36,0.35,0.37,0.64,0.63,0.65,,,,
2026-01-06 04:21:02.540000+00:00,2026-01-06 04:21:02.742792+00:00,362.54,0.36,0.35,0.37,0.64,0.63,0.65,,,,
2026-01-06 04:21:03.428000+00:00,2026-01-06 04:21:03.747514+00:00,363.428,0.36,0.35,0.37,0.64,0.63,0.65,,,,
2026-01-06 04:21:04.693000+00:00,2026-01-06 04:21:04.743648+00:00,364.693,0.355,0.35,0.36,0.645,0.64,0.65,,,,
2026-01-06 04:21:05.646000+00:00,2026-01-06 04:21:05.743236+00:00,365.646,0.345,0.34,0.35,0.66,0.65,0.67,,,,
2026-01-06 04:21:06.646000+00:00,2026-01-06 04:21:06.758006+00:00,366.646,0.335,0.33,0.34,0.66,0.65,0.67,,,,
2026-01-06 04:21:07.703000+00:00,2026-01-06 04:21:07.763574+00:00,367.703,0.335,0.33,0.34,0.665,0.66,0.67,,,,
2026-01-06 04:21:08.708000+00:00,2026-01-06 04:21:08.775671+00:00,368.708,0.335,0.33,0.34,0.66,0.65,0.67,,,,
2026-01-06 04:21:09.718000+00:00,2026-01-06 04:21:09.775122+00:00,369.718,0.3399999999999999,0.33,0.35,0.66,0.65,0.67,,,,
2026-01-06 04:21:10.626000+00:00,2026-01-06 04:21:10.792607+00:00,370.626,0.345,0.34,0.35,0.655,0.65,0.66,,,,
2026-01-06 04:21:11.723000+00:00,2026-01-06 04:21:11.802459+00:00,371.723,0.345,0.34,0.35,0.655,0.65,0.66,,,,
2026-01-06 04:21:12.744000+00:00,2026-01-06 04:21:12.809236+00:00,372.744,0.345,0.34,0.35,0.655,0.65,0.66,,,,
2026-01-06 04:21:13.553000+00:00,2026-01-06 04:21:13.818894+00:00,373.553,0.345,0.34,0.35,0.655,0.65,0.66,,,,
2026-01-06 04:21:14.645000+00:00,2026-01-06 04:21:14.825197+00:00,374.645,0.345,0.34,0.35,0.655,0.65,0.66,,,,
2026-01-06 04:21:15.700000+00:00,2026-01-06 04:21:15.816818+00:00,375.7,0.335,0.33,0.34,0.66,0.65,0.67,,,,
2026-01-06 04:21:16.685000+00:00,2026-01-06 04:21:16.825054+00:00,376.685,0.345,0.34,0.35,0.655,0.65,0.66,,,,
2026-01-06 04:21:17.662000+00:00,2026-01-06 04:21:17.836894+00:00,377.662,0.345,0.34,0.35,0.655,0.65,0.66,,,,
2026-01-06 04:21:18.739000+00:00,2026-01-06 04:21:18.841933+00:00,378.739,0.345,0.34,0.35,0.655,0.65,0.66,,,,
2026-01-06 04:21:19.777000+00:00,2026-01-06 04:21:19.858546+00:00,379.777,0.345,0.34,0.35,0.655,0.65,0.66,,,,
2026-01-06 04:21:20.811000+00:00,2026-01-06 04:21:20.863802+00:00,380.811,0.345,0.34,0.35,0.655,0.65,0.66,,,,
2026-01-06 04:21:21.793000+00:00,2026-01-06 04:21:21.858324+00:00,381.793,0.345,0.34,0.35,0.655,0.65,0.66,,,,
2026-01-06 04:21:22.759000+00:00,2026-01-06 04:21:22.859431+00:00,382.759,0.345,0.34,0.35,0.655,0.65,0.66,,,,
2026-01-06 04:21:23.228000+00:00,2026-01-06 04:21:23.857977+00:00,383.228,0.345,0.34,0.35,0.655,0.65,0.66,,,,
2026-01-06 04:21:24.813000+00:00,2026-01-06 04:21:24.868826+00:00,384.813,0.345,0.34,0.35,0.655,0.65,0.66,,,,
2026-01-06 04:21:25.591000+00:00,2026-01-06 04:21:25.866521+00:00,385.591,0.345,0.34,0.35,0.655,0.65,0.66,,,,
2026-01-06 04:21:26.818000+00:00,2026-01-06 04:21:26.891803+00:00,386.818,0.345,0.34,0.35,0.655,0.65,0.66,,,,
2026-01-06 04:21:27.809000+00:00,2026-01-06 04:21:27.892736+00:00,387.809,0.345,0.34,0.35,0.66,0.65,0.67,,,,
2026-01-06 04:21:28.856000+00:00,2026-01-06 04:21:28.901756+00:00,388.856,0.335,0.33,0.34,0.665,0.66,0.67,,,,
2026-01-06 04:21:29.736000+00:00,2026-01-06 04:21:29.896380+00:00,389.736,0.3349999999999999,0.32,0.35,0.665,0.65,0.68,,,,
2026-01-06 04:21:30.844000+00:00,2026-01-06 04:21:30.897962+00:00,390.844,0.3399999999999999,0.33,0.35,0.66,0.65,0.67,,,,
2026-01-06 04:21:31.765000+00:00,2026-01-06 04:21:31.907719+00:00,391.765,0.3399999999999999,0.33,0.35,0.665,0.65,0.68,,,,
2026-01-06 04:21:32.753000+00:00,2026-01-06 04:21:32.916324+00:00,392.753,0.3399999999999999,0.33,0.35,0.66,0.65,0.67,,,,
2026-01-06 04:21:33.772000+00:00,2026-01-06 04:21:33.907106+00:00,393.772,0.3399999999999999,0.33,0.35,0.66,0.65,0.67,,,,
2026-01-06 04:21:34.835000+00:00,2026-01-06 04:21:34.907519+00:00,394.835,0.3399999999999999,0.33,0.35,0.66,0.65,0.67,,,,
2026-01-06 04:21:35.790000+00:00,2026-01-06 04:21:35.911070+00:00,395.79,0.3399999999999999,0.33,0.35,0.66,0.65,0.67,,,,
2026-01-06 04:21:36.854000+00:00,2026-01-06 04:21:36.903912+00:00,396.854,0.315,0.31,0.32,0.685,0.68,0.69,,,,
2026-01-06 04:21:37.850000+00:00,2026-01-06 04:21:37.899380+00:00,397.85,0.315,0.31,0.32,0.685,0.68,0.69,,,,
2026-01-06 04:21:38.853000+00:00,2026-01-06 04:21:38.901871+00:00,398.853,0.275,0.27,0.28,0.715,0.71,0.72,,,,
2026-01-06 04:21:39.859000+00:00,2026-01-06 04:21:39.917113+00:00,399.859,0.285,0.28,0.29,0.715,0.71,0.72,,,,
2026-01-06 04:21:40.853000+00:00,2026-01-06 04:21:40.922691+00:00,400.853,0.28,0.27,0.29,0.72,0.71,0.73,,,,
2026-01-06 04:21:41.802000+00:00,2026-01-06 04:21:41.930946+00:00,401.802,0.285,0.28,0.29,0.715,0.71,0.72,,,,
2026-01-06 04:21:42.828000+00:00,2026-01-06 04:21:42.938008+00:00,402.828,0.285,0.28,0.29,0.715,0.71,0.72,,,,
2026-01-06 04:21:43.585000+00:00,2026-01-06 04:21:43.946918+00:00,403.585,0.285,0.28,0.29,0.715,0.71,0.72,,,,
2026-01-06 04:21:44.627000+00:00,2026-01-06 04:21:44.958130+00:00,404.627,0.285,0.28,0.29,0.715,0.71,0.72,,,,
2026-01-06 04:21:45.774000+00:00,2026-01-06 04:21:45.973540+00:00,405.774,0.285,0.28,0.29,0.715,0.71,0.72,,,,
2026-01-06 04:21:46.831000+00:00,2026-01-06 04:21:46.983665+00:00,406.831,0.285,0.28,0.29,0.715,0.71,0.72,,,,
2026-01-06 04:21:47.942000+00:00,2026-01-06 04:21:47.999219+00:00,407.942,0.355,0.35,0.36,0.645,0.64,0.65,,,,
2026-01-06 04:21:48.940000+00:00,2026-01-06 04:21:49.006849+00:00,408.94,0.355,0.35,0.36,0.645,0.64,0.65,,,,
2026-01-06 04:21:49.967000+00:00,2026-01-06 04:21:50.023055+00:00,409.967,0.345,0.34,0.35,0.675,0.67,0.68,,,,
2026-01-06 04:21:50.859000+00:00,2026-01-06 04:21:51.040261+00:00,410.859,0.315,0.31,0.32,0.6799999999999999,0.67,0.69,,,,
2026-01-06 04:21:52.994000+00:00,2026-01-06 04:21:53.057131+00:00,412.994,0.32,0.31,0.33,0.6799999999999999,0.67,0.69,,,,
2026-01-06 04:21:54.007000+00:00,2026-01-06 04:21:54.057843+00:00,414.007,0.32,0.31,0.33,0.6799999999999999,0.67,0.69,,,,
2026-01-06 04:21:55.995000+00:00,2026-01-06 04:21:56.081580+00:00,415.995,0.295,0.29,0.3,0.705,0.7,0.71,,,,
2026-01-06 04:21:57.947000+00:00,2026-01-06 04:21:58.123006+00:00,417.947,0.295,0.29,0.3,0.705,0.7,0.71,,,,
2026-01-06 04:21:59.061000+00:00,2026-01-06 04:21:59.108954+00:00,419.061,0.29,0.28,0.3,0.715,0.71,0.72,,,,
2026-01-06 04:22:00.979000+00:00,2026-01-06 04:22:01.100854+00:00,420.979,0.295,0.29,0.3,0.705,0.7,0.71,,,,
2026-01-06 04:22:02.043000+00:00,2026-01-06 04:22:02.114080+00:00,422.043,0.305,0.3,0.31,0.695,0.69,0.7,,,,
2026-01-06 04:22:03.074000+00:00,2026-01-06 04:22:03.126488+00:00,423.074,0.305,0.3,0.31,0.695,0.69,0.7,,,,
2026-01-06 04:22:04.089000+00:00,2026-01-06 04:22:04.140389+00:00,424.089,0.305,0.3,0.31,0.695,0.69,0.7,,,,
2026-01-06 04:22:05.983000+00:00,2026-01-06 04:22:06.147662+00:00,425.983,0.335,0.33,0.34,0.665,0.66,0.67,,,,
2026-01-06 04:22:07.094000+00:00,2026-01-06 04:22:07.165928+00:00,427.094,0.335,0.33,0.34,0.665,0.66,0.67,,,,
2026-01-06 04:22:08.108000+00:00,2026-01-06 04:22:08.156098+00:00,428.108,0.335,0.33,0.34,0.665,0.66,0.67,,,,
2026-01-06 04:22:09.093000+00:00,2026-01-06 04:22:09.154506+00:00,429.093,0.335,0.33,0.34,0.665,0.66,0.67,,,,
2026-01-06 04:22:10.047000+00:00,2026-01-06 04:22:10.165319+00:00,430.047,0.335,0.33,0.34,0.665,0.66,0.67,,,,
2026-01-06 04:22:11.056000+00:00,2026-01-06 04:22:11.176243+00:00,431.056,0.335,0.33,0.34,0.665,0.66,0.67,,,,
2026-01-06 04:22:12.129000+00:00,2026-01-06 04:22:12.174292+00:00,432.129,0.335,0.33,0.34,0.665,0.66,0.67,,,,
2026-01-06 04:22:13.011000+00:00,2026-01-06 04:22:13.190849+00:00,433.011,0.345,0.34,0.35,0.655,0.65,0.66,,,,
2026-01-06 04:22:14.140000+00:00,2026-01-06 04:22:14.205945+00:00,434.14,0.345,0.34,0.35,0.655,0.65,0.66,,,,
2026-01-06 04:22:15.021000+00:00,2026-01-06 04:22:15.205965+00:00,435.021,0.345,0.34,0.35,0.655,0.65,0.66,,,,
2026-01-06 04:22:16.026000+00:00,2026-01-06 04:22:16.221332+00:00,436.026,0.345,0.34,0.35,0.655,0.65,0.66,,,,
2026-01-06 04:22:17.164000+00:00,2026-01-06 04:22:17.223360+00:00,437.164,0.345,0.34,0.35,0.655,0.65,0.66,,,,
2026-01-06 04:22:18.162000+00:00,2026-01-06 04:22:18.238135+00:00,438.162,0.345,0.34,0.35,0.655,0.65,0.66,,,,
2026-01-06 04:22:19.962000+00:00,2026-01-06 04:22:20.254764+00:00,439.962,0.345,0.34,0.35,0.655,0.65,0.66,,,,
2026-01-06 04:22:21.004000+00:00,2026-01-06 04:22:21.280523+00:00,441.004,0.345,0.34,0.35,0.655,0.65,0.66,,,,
2026-01-06 04:22:22.207000+00:00,2026-01-06 04:22:22.286906+00:00,442.207,0.345,0.34,0.35,0.655,0.65,0.66,,,,
2026-01-06 04:22:23.237000+00:00,2026-01-06 04:22:23.288711+00:00,443.237,0.375,0.37,0.38,0.625,0.62,0.63,,,,
2026-01-06 04:22:24.232000+00:00,2026-01-06 04:22:24.289699+00:00,444.232,0.365,0.36,0.37,0.635,0.63,0.64,,,,
2026-01-06 04:22:25.254000+00:00,2026-01-06 04:22:25.304703+00:00,445.254,0.355,0.35,0.36,0.645,0.64,0.65,,,,
2026-01-06 04:22:26.227000+00:00,2026-01-06 04:22:26.322931+00:00,446.227,0.345,0.34,0.35,0.655,0.65,0.66,,,,
2026-01-06 04:22:27.186000+00:00,2026-01-06 04:22:27.321439+00:00,447.186,0.335,0.33,0.34,0.665,0.66,0.67,,,,
2026-01-06 04:22:28.292000+00:00,2026-01-06 04:22:28.339851+00:00,448.292,0.335,0.33,0.34,0.665,0.66,0.67,,,,
2026-01-06 04:22:29.229000+00:00,2026-01-06 04:22:29.340874+00:00,449.229,0.335,0.33,0.34,0.665,0.66,0.67,,,,
2026-01-06 04:22:30.311000+00:00,2026-01-06 04:22:30.340973+00:00,450.311,0.335,0.33,0.34,0.665,0.66,0.67,,,,
2026-01-06 04:22:31.307000+00:00,2026-01-06 04:22:31.357145+00:00,451.307,0.335,0.33,0.34,0.665,0.66,0.67,,,,
2026-01-06 04:22:32.295000+00:00,2026-01-06 04:22:32.372210+00:00,452.295,0.335,0.33,0.34,0.655,0.65,0.66,,,,
2026-01-06 04:22:33.258000+00:00,2026-01-06 04:22:33.372269+00:00,453.258,0.345,0.34,0.35,0.655,0.65,0.66,,,,
2026-01-06 04:22:34.327000+00:00,2026-01-06 04:22:34.388932+00:00,454.327,0.345,0.34,0.35,0.655,0.65,0.66,,,,
2026-01-06 04:22:35.192000+00:00,2026-01-06 04:22:35.396705+00:00,455.192,0.3399999999999999,0.33,0.35,0.66,0.65,0.67,,,,
2026-01-06 04:22:36.268000+00:00,2026-01-06 04:22:36.397720+00:00,456.268,0.345,0.34,0.35,0.655,0.65,0.66,,,,
2026-01-06 04:22:37.876000+00:00,2026-01-06 04:22:38.405643+00:00,457.876,0.3399999999999999,0.33,0.35,0.66,0.65,0.67,,,,
2026-01-06 04:22:39.336000+00:00,2026-01-06 04:22:39.405617+00:00,459.336,0.345,0.34,0.35,0.66,0.65,0.67,,,,
2026-01-06 04:22:40.938000+00:00,2026-01-06 04:22:41.405220+00:00,460.938,0.335,0.33,0.34,0.665,0.66,0.67,,,,
2026-01-06 04:22:42.002000+00:00,2026-01-06 04:22:42.404845+00:00,462.002,0.335,0.33,0.34,0.665,0.66,0.67,,,,
2026-01-06 04:22:43.179000+00:00,2026-01-06 04:22:43.405275+00:00,463.179,0.335,0.33,0.34,0.665,0.66,0.67,,,,
2026-01-06 04:22:44.348000+00:00,2026-01-06 04:22:44.406096+00:00,464.348,0.335,0.33,0.34,0.665,0.66,0.67,,,,
2026-01-06 04:22:45.315000+00:00,2026-01-06 04:22:45.412092+00:00,465.315,0.335,0.33,0.34,0.665,0.66,0.67,,,,
2026-01-06 04:22:46.244000+00:00,2026-01-06 04:22:46.422365+00:00,466.244,0.335,0.33,0.34,0.665,0.66,0.67,,,,
2026-01-06 04:22:47.388000+00:00,2026-01-06 04:22:47.437993+00:00,467.388,0.335,0.33,0.34,0.665,0.66,0.67,,,,
2026-01-06 04:22:48.113000+00:00,2026-01-06 04:22:48.438963+00:00,468.113,0.335,0.33,0.34,0.665,0.66,0.67,,,,
2026-01-06 04:22:49.227000+00:00,2026-01-06 04:22:49.437703+00:00,469.227,0.335,0.33,0.34,0.665,0.66,0.67,,,,
2026-01-06 04:22:50.401000+00:00,2026-01-06 04:22:50.455060+00:00,470.401,0.335,0.33,0.34,0.665,0.66,0.67,,,,
2026-01-06 04:22:51.231000+00:00,2026-01-06 04:22:51.472433+00:00,471.231,0.335,0.33,0.34,0.665,0.66,0.67,,,,
2026-01-06 04:22:52.421000+00:00,2026-01-06 04:22:52.480824+00:00,472.421,0.335,0.33,0.34,0.665,0.66,0.67,,,,
2026-01-06 04:22:53.344000+00:00,2026-01-06 04:22:53.471075+00:00,473.344,0.335,0.33,0.34,0.665,0.66,0.67,,,,
2026-01-06 04:22:54.302000+00:00,2026-01-06 04:22:54.470506+00:00,474.302,0.335,0.33,0.34,0.665,0.66,0.67,,,,
2026-01-06 04:22:55.426000+00:00,2026-01-06 04:22:55.478778+00:00,475.426,0.355,0.35,0.36,0.645,0.64,0.65,,,,
2026-01-06 04:22:56.409000+00:00,2026-01-06 04:22:56.488016+00:00,476.409,0.355,0.35,0.36,0.645,0.64,0.65,,,,
2026-01-06 04:22:57.413000+00:00,2026-01-06 04:22:57.497870+00:00,477.413,0.355,0.35,0.36,0.645,0.64,0.65,,,,
2026-01-06 04:22:58.398000+00:00,2026-01-06 04:22:58.507236+00:00,478.398,0.355,0.35,0.36,0.645,0.64,0.65,,,,
2026-01-06 04:22:59.190000+00:00,2026-01-06 04:22:59.524920+00:00,479.19,0.36,0.35,0.37,0.64,0.63,0.65,,,,
2026-01-06 04:23:00.491000+00:00,2026-01-06 04:23:00.547375+00:00,480.491,0.355,0.35,0.36,0.645,0.64,0.65,,,,
2026-01-06 04:23:01.508000+00:00,2026-01-06 04:23:01.572152+00:00,481.508,0.345,0.34,0.35,0.66,0.65,0.67,,,,
2026-01-06 04:23:02.505000+00:00,2026-01-06 04:23:02.579102+00:00,482.505,0.335,0.33,0.34,0.675,0.67,0.68,,,,
2026-01-06 04:23:03.307000+00:00,2026-01-06 04:23:03.587766+00:00,483.307,0.325,0.32,0.33,0.675,0.67,0.68,,,,
2026-01-06 04:23:04.477000+00:00,2026-01-06 04:23:04.587697+00:00,484.477,0.33,0.32,0.34,0.67,0.66,0.68,,,,
2026-01-06 04:23:05.533000+00:00,2026-01-06 04:23:05.595422+00:00,485.533,0.285,0.28,0.29,0.735,0.73,0.74,,,,
2026-01-06 04:23:06.531000+00:00,2026-01-06 04:23:06.587532+00:00,486.531,0.255,0.25,0.26,0.745,0.74,0.75,,,,
2026-01-06 04:23:07.469000+00:00,2026-01-06 04:23:07.585883+00:00,487.469,0.26,0.25,0.27,0.735,0.73,0.74,,,,
2026-01-06 04:23:08.542000+00:00,2026-01-06 04:23:08.591182+00:00,488.542,0.26,0.25,0.27,0.74,0.73,0.75,,,,
2026-01-06 04:23:09.532000+00:00,2026-01-06 04:23:09.587175+00:00,489.532,0.275,0.27,0.28,0.725,0.72,0.73,,,,
2026-01-06 04:23:10.559000+00:00,2026-01-06 04:23:10.602576+00:00,490.559,0.255,0.25,0.26,0.745,0.74,0.75,,,,
2026-01-06 04:23:11.437000+00:00,2026-01-06 04:23:11.601291+00:00,491.437,0.245,0.24,0.25,0.755,0.75,0.76,,,,
2026-01-06 04:23:12.547000+00:00,2026-01-06 04:23:12.618899+00:00,492.547,0.245,0.24,0.25,0.755,0.75,0.76,,,,
2026-01-06 04:23:13.585000+00:00,2026-01-06 04:23:13.635740+00:00,493.585,0.245,0.24,0.25,0.755,0.75,0.76,,,,
2026-01-06 04:23:14.523000+00:00,2026-01-06 04:23:14.653376+00:00,494.523,0.235,0.23,0.24,0.765,0.76,0.77,,,,
2026-01-06 04:23:15.598000+00:00,2026-01-06 04:23:15.652444+00:00,495.598,0.24,0.23,0.25,0.755,0.75,0.76,,,,
2026-01-06 04:23:16.535000+00:00,2026-01-06 04:23:16.658947+00:00,496.535,0.245,0.24,0.25,0.755,0.75,0.76,,,,
2026-01-06 04:23:17.610000+00:00,2026-01-06 04:23:17.671547+00:00,497.61,0.285,0.28,0.29,0.715,0.71,0.72,,,,
2026-01-06 04:23:18.630000+00:00,2026-01-06 04:23:18.685565+00:00,498.63,0.325,0.32,0.33,0.675,0.67,0.68,,,,
2026-01-06 04:23:19.644000+00:00,2026-01-06 04:23:19.700718+00:00,499.644,0.305,0.3,0.31,0.695,0.69,0.7,,,,
2026-01-06 04:23:20.675000+00:00,2026-01-06 04:23:20.718753+00:00,500.675,0.275,0.27,0.28,0.715,0.71,0.72,,,,
2026-01-06 04:23:21.698000+00:00,2026-01-06 04:23:21.742305+00:00,501.698,0.285,0.28,0.29,0.715,0.71,0.72,,,,
2026-01-06 04:23:22.692000+00:00,2026-01-06 04:23:22.752878+00:00,502.692,0.27,0.26,0.28,0.73,0.72,0.74,,,,
2026-01-06 04:23:23.673000+00:00,2026-01-06 04:23:23.749759+00:00,503.673,0.27,0.26,0.28,0.73,0.72,0.74,,,,
2026-01-06 04:23:24.687000+00:00,2026-01-06 04:23:24.751598+00:00,504.687,0.27,0.26,0.28,0.73,0.72,0.74,,,,
2026-01-06 04:23:25.558000+00:00,2026-01-06 04:23:25.767415+00:00,505.558,0.275,0.27,0.28,0.725,0.72,0.73,,,,
2026-01-06 04:23:26.701000+00:00,2026-01-06 04:23:26.783955+00:00,506.701,0.275,0.27,0.28,0.725,0.72,0.73,,,,
2026-01-06 04:23:27.259000+00:00,2026-01-06 04:23:27.803460+00:00,507.259,0.275,0.27,0.28,0.725,0.72,0.73,,,,
2026-01-06 04:23:28.737000+00:00,2026-01-06 04:23:28.815967+00:00,508.737,0.28,0.27,0.29,0.72,0.71,0.73,,,,
2026-01-06 04:23:29.747000+00:00,2026-01-06 04:23:29.809966+00:00,509.747,0.28,0.27,0.29,0.72,0.71,0.73,,,,
2026-01-06 04:23:30.751000+00:00,2026-01-06 04:23:30.803683+00:00,510.751,0.28,0.27,0.29,0.72,0.71,0.73,,,,
2026-01-06 04:23:31.523000+00:00,2026-01-06 04:23:31.803278+00:00,511.523,0.28,0.27,0.29,0.72,0.71,0.73,,,,
2026-01-06 04:23:32.572000+00:00,2026-01-06 04:23:32.820371+00:00,512.572,0.28,0.27,0.29,0.72,0.71,0.73,,,,
2026-01-06 04:23:33.763000+00:00,2026-01-06 04:23:33.820726+00:00,513.763,0.28,0.27,0.29,0.72,0.71,0.73,,,,
2026-01-06 04:23:34.746000+00:00,2026-01-06 04:23:34.836377+00:00,514.746,0.275,0.27,0.28,0.725,0.72,0.73,,,,
2026-01-06 04:23:35.796000+00:00,2026-01-06 04:23:35.845141+00:00,515.796,0.27,0.26,0.28,0.73,0.72,0.74,,,,
2026-01-06 04:23:36.423000+00:00,2026-01-06 04:23:36.846516+00:00,516.423,0.27,0.26,0.28,0.73,0.72,0.74,,,,
2026-01-06 04:23:37.626000+00:00,2026-01-06 04:23:37.854564+00:00,517.626,0.275,0.27,0.28,0.725,0.72,0.73,,,,
2026-01-06 04:23:38.795000+00:00,2026-01-06 04:23:38.867774+00:00,518.795,0.285,0.28,0.29,0.715,0.71,0.72,,,,
2026-01-06 04:23:39.815000+00:00,2026-01-06 04:23:39.887115+00:00,519.815,0.285,0.28,0.29,0.715,0.71,0.72,,,,
2026-01-06 04:23:40.837000+00:00,2026-01-06 04:23:40.887895+00:00,520.837,0.285,0.28,0.29,0.715,0.71,0.72,,,,
2026-01-06 04:23:41.439000+00:00,2026-01-06 04:23:41.902082+00:00,521.439,0.285,0.28,0.29,0.715,0.71,0.72,,,,
2026-01-06 04:23:42.829000+00:00,2026-01-06 04:23:42.903032+00:00,522.829,0.275,0.27,0.28,0.725,0.72,0.73,,,,
2026-01-06 04:23:43.802000+00:00,2026-01-06 04:23:43.903087+00:00,523.802,0.255,0.25,0.26,0.745,0.74,0.75,,,,
2026-01-06 04:23:44.850000+00:00,2026-01-06 04:23:44.899453+00:00,524.85,0.27,0.26,0.28,0.725,0.72,0.73,,,,
2026-01-06 04:23:45.826000+00:00,2026-01-06 04:23:45.904087+00:00,525.826,0.29,0.28,0.3,0.715,0.71,0.72,,,,
2026-01-06 04:23:46.742000+00:00,2026-01-06 04:23:46.903530+00:00,526.742,0.285,0.28,0.29,0.715,0.71,0.72,,,,
2026-01-06 04:23:47.809000+00:00,2026-01-06 04:23:47.907083+00:00,527.809,0.275,0.27,0.28,0.725,0.72,0.73,,,,
2026-01-06 04:23:48.770000+00:00,2026-01-06 04:23:48.914447+00:00,528.77,0.275,0.27,0.28,0.725,0.72,0.73,,,,
2026-01-06 04:23:49.779000+00:00,2026-01-06 04:23:49.912005+00:00,529.779,0.275,0.27,0.28,0.725,0.72,0.73,,,,
2026-01-06 04:23:50.601000+00:00,2026-01-06 04:23:50.916011+00:00,530.601,0.275,0.27,0.28,0.725,0.72,0.73,,,,
2026-01-06 04:23:51.855000+00:00,2026-01-06 04:23:51.929502+00:00,531.855,0.275,0.27,0.28,0.725,0.72,0.73,,,,
2026-01-06 04:23:52.880000+00:00,2026-01-06 04:23:52.927205+00:00,532.88,0.275,0.27,0.28,0.725,0.72,0.73,,,,
2026-01-06 04:23:53.878000+00:00,2026-01-06 04:23:53.936042+00:00,533.878,0.28,0.27,0.29,0.72,0.71,0.73,,,,
2026-01-06 04:23:54.859000+00:00,2026-01-06 04:23:54.945786+00:00,534.859,0.275,0.27,0.28,0.725,0.72,0.73,,,,
2026-01-06 04:23:55.764000+00:00,2026-01-06 04:23:55.941942+00:00,535.764,0.28,0.27,0.29,0.715,0.71,0.72,,,,
2026-01-06 04:23:56.860000+00:00,2026-01-06 04:23:56.942211+00:00,536.86,0.285,0.28,0.29,0.715,0.71,0.72,,,,
2026-01-06 04:23:57.883000+00:00,2026-01-06 04:23:57.935882+00:00,537.883,0.265,0.26,0.27,0.735,0.73,0.74,,,,
2026-01-06 04:23:58.869000+00:00,2026-01-06 04:23:58.944578+00:00,538.869,0.27,0.26,0.28,0.73,0.72,0.74,,,,
2026-01-06 04:23:59.814000+00:00,2026-01-06 04:23:59.943482+00:00,539.814,0.27,0.26,0.28,0.73,0.72,0.74,,,,
2026-01-06 04:24:00.791000+00:00,2026-01-06 04:24:00.943770+00:00,540.791,0.265,0.26,0.27,0.735,0.73,0.74,,,,
2026-01-06 04:24:01.824000+00:00,2026-01-06 04:24:01.947985+00:00,541.824,0.26,0.25,0.27,0.74,0.73,0.75,,,,
2026-01-06 04:24:02.897000+00:00,2026-01-06 04:24:02.950690+00:00,542.897,0.255,0.25,0.26,0.745,0.74,0.75,,,,
2026-01-06 04:24:03.897000+00:00,2026-01-06 04:24:03.952090+00:00,543.897,0.235,0.23,0.24,0.78,0.77,0.79,,,,
2026-01-06 04:24:04.908000+00:00,2026-01-06 04:24:04.967976+00:00,544.908,0.215,0.21,0.22,0.8,0.79,0.81,,,,
2026-01-06 04:24:05.876000+00:00,2026-01-06 04:24:05.985705+00:00,545.876,0.195,0.19,0.2,0.805,0.8,0.81,,,,
2026-01-06 04:24:06.946000+00:00,2026-01-06 04:24:07.002972+00:00,546.946,0.195,0.19,0.2,0.805,0.8,0.81,,,,
2026-01-06 04:24:07.948000+00:00,2026-01-06 04:24:08.001429+00:00,547.948,0.195,0.19,0.2,0.805,0.8,0.81,,,,
2026-01-06 04:24:08.936000+00:00,2026-01-06 04:24:09.007097+00:00,548.936,0.2,0.19,0.21,0.795,0.79,0.8,,,,
2026-01-06 04:24:09.945000+00:00,2026-01-06 04:24:10.007969+00:00,549.945,0.205,0.2,0.21,0.795,0.79,0.8,,,,
2026-01-06 04:24:10.973000+00:00,2026-01-06 04:24:11.012847+00:00,550.973,0.205,0.2,0.21,0.795,0.79,0.8,,,,
2026-01-06 04:24:11.836000+00:00,2026-01-06 04:24:12.018449+00:00,551.836,0.2,0.19,0.21,0.8,0.79,0.81,,,,
2026-01-06 04:24:12.944000+00:00,2026-01-06 04:24:13.017489+00:00,552.944,0.2,0.19,0.21,0.8,0.79,0.81,,,,
2026-01-06 04:24:13.981000+00:00,2026-01-06 04:24:14.025913+00:00,553.981,0.2,0.19,0.21,0.81,0.8,0.82,,,,
2026-01-06 04:24:14.923000+00:00,2026-01-06 04:24:15.034310+00:00,554.923,0.185,0.18,0.19,0.815,0.81,0.82,,,,
2026-01-06 04:24:15.893000+00:00,2026-01-06 04:24:16.042135+00:00,555.893,0.185,0.18,0.19,0.815,0.81,0.82,,,,
2026-01-06 04:24:16.910000+00:00,2026-01-06 04:24:17.055014+00:00,556.91,0.18,0.17,0.19,0.8200000000000001,0.81,0.83,,,,
2026-01-06 04:24:17.948000+00:00,2026-01-06 04:24:18.058295+00:00,557.948,0.18,0.17,0.19,0.8200000000000001,0.81,0.83,,,,
2026-01-06 04:24:19.002000+00:00,2026-01-06 04:24:19.066008+00:00,559.002,0.18,0.17,0.19,0.8200000000000001,0.81,0.83,,,,
2026-01-06 04:24:20.817000+00:00,2026-01-06 04:24:21.079936+00:00,560.817,0.175,0.17,0.18,0.825,0.82,0.83,,,,
2026-01-06 04:24:22.030000+00:00,2026-01-06 04:24:22.096600+00:00,562.03,0.18,0.17,0.19,0.8200000000000001,0.81,0.83,,,,
2026-01-06 04:24:23.052000+00:00,2026-01-06 04:24:23.103221+00:00,563.052,0.185,0.18,0.19,0.815,0.81,0.82,,,,
2026-01-06 04:24:24.013000+00:00,2026-01-06 04:24:24.106447+00:00,564.013,0.19,0.18,0.2,0.81,0.8,0.82,,,,
2026-01-06 04:24:25.047000+00:00,2026-01-06 04:24:25.118770+00:00,565.047,0.19,0.18,0.2,0.81,0.8,0.82,,,,
2026-01-06 04:24:26.006000+00:00,2026-01-06 04:24:26.133940+00:00,566.006,0.18,0.17,0.19,0.8200000000000001,0.81,0.83,,,,
2026-01-06 04:24:27.027000+00:00,2026-01-06 04:24:27.141969+00:00,567.027,0.175,0.17,0.18,0.825,0.82,0.83,,,,
2026-01-06 04:24:28.002000+00:00,2026-01-06 04:24:28.154423+00:00,568.002,0.165,0.16,0.17,0.835,0.83,0.84,,,,
2026-01-06 04:24:29.088000+00:00,2026-01-06 04:24:29.168376+00:00,569.088,0.165,0.16,0.17,0.84,0.83,0.85,,,,
2026-01-06 04:24:30.130000+00:00,2026-01-06 04:24:30.181764+00:00,570.13,0.155,0.15,0.16,0.845,0.84,0.85,,,,
2026-01-06 04:24:31.152000+00:00,2026-01-06 04:24:31.195836+00:00,571.152,0.13,0.12,0.14,0.875,0.87,0.88,,,,
2026-01-06 04:24:32.147000+00:00,2026-01-06 04:24:32.196583+00:00,572.147,0.105,0.1,0.11,0.895,0.89,0.9,,,,
2026-01-06 04:24:33.147000+00:00,2026-01-06 04:24:33.196584+00:00,573.147,0.11,0.1,0.12,0.89,0.88,0.9,,,,
2026-01-06 04:24:34.136000+00:00,2026-01-06 04:24:34.199434+00:00,574.136,0.105,0.1,0.11,0.89,0.88,0.9,,,,
2026-01-06 04:24:35.118000+00:00,2026-01-06 04:24:35.198698+00:00,575.118,0.105,0.1,0.11,0.91,0.9,0.92,,,,
2026-01-06 04:24:36.154000+00:00,2026-01-06 04:24:36.205091+00:00,576.154,0.0849999999999999,0.08,0.09,0.915,0.91,0.92,,,,
2026-01-06 04:24:37.142000+00:00,2026-01-06 04:24:37.215870+00:00,577.142,0.1,0.09,0.11,0.9,0.89,0.91,,,,
2026-01-06 04:24:38.169000+00:00,2026-01-06 04:24:38.223364+00:00,578.169,0.1,0.09,0.11,0.9,0.89,0.91,,,,
2026-01-06 04:24:39.182000+00:00,2026-01-06 04:24:39.234793+00:00,579.182,0.105,0.1,0.11,0.91,0.9,0.92,,,,
2026-01-06 04:24:40.196000+00:00,2026-01-06 04:24:40.249476+00:00,580.196,0.09,0.08,0.1,0.91,0.9,0.92,,,,
2026-01-06 04:24:41.132000+00:00,2026-01-06 04:24:41.241067+00:00,581.132,0.0849999999999999,0.08,0.09,0.915,0.91,0.92,,,,
2026-01-06 04:24:42.177000+00:00,2026-01-06 04:24:42.248934+00:00,582.177,0.0849999999999999,0.08,0.09,0.915,0.91,0.92,,,,
2026-01-06 04:24:43.028000+00:00,2026-01-06 04:24:43.240045+00:00,583.028,0.0849999999999999,0.08,0.09,0.915,0.91,0.92,,,,
2026-01-06 04:24:44.189000+00:00,2026-01-06 04:24:44.252374+00:00,584.189,0.09,0.08,0.1,0.91,0.9,0.92,,,,
2026-01-06 04:24:45.954000+00:00,2026-01-06 04:24:46.269213+00:00,585.954,0.095,0.09,0.1,0.905,0.9,0.91,,,,
2026-01-06 04:24:47+00:00,2026-01-06 04:24:47.267685+00:00,587.0,0.09,0.08,0.1,0.91,0.9,0.92,,,,
2026-01-06 04:24:48.001000+00:00,2026-01-06 04:24:48.265758+00:00,588.001,0.09,0.08,0.1,0.91,0.9,0.92,,,,
2026-01-06 04:24:49.182000+00:00,2026-01-06 04:24:49.282355+00:00,589.182,0.09,0.08,0.1,0.91,0.9,0.92,,,,
2026-01-06 04:24:50.219000+00:00,2026-01-06 04:24:50.302698+00:00,590.219,0.09,0.08,0.1,0.91,0.9,0.92,,,,
2026-01-06 04:24:51.043000+00:00,2026-01-06 04:24:51.304271+00:00,591.043,0.09,0.08,0.1,0.91,0.9,0.92,,,,
2026-01-06 04:24:52.239000+00:00,2026-01-06 04:24:52.326208+00:00,592.239,0.0849999999999999,0.08,0.09,0.915,0.91,0.92,,,,
2026-01-06 04:24:53.194000+00:00,2026-01-06 04:24:53.333137+00:00,593.194,0.0849999999999999,0.08,0.09,0.915,0.91,0.92,,,,
2026-01-06 04:24:54.271000+00:00,2026-01-06 04:24:54.325270+00:00,594.271,0.0849999999999999,0.08,0.09,0.915,0.91,0.92,,,,
2026-01-06 04:24:55.222000+00:00,2026-01-06 04:24:55.317078+00:00,595.222,0.09,0.08,0.1,0.91,0.9,0.92,,,,
2026-01-06 04:24:56.001000+00:00,2026-01-06 04:24:56.320426+00:00,596.001,0.0849999999999999,0.08,0.09,0.92,0.91,0.93,,,,
2026-01-06 04:24:57.266000+00:00,2026-01-06 04:24:57.327582+00:00,597.266,0.08,0.07,0.09,0.92,0.91,0.93,,,,
2026-01-06 04:24:58.241000+00:00,2026-01-06 04:24:58.333803+00:00,598.241,0.08,0.07,0.09,0.92,0.91,0.93,,,,
2026-01-06 04:24:59.003000+00:00,2026-01-06 04:24:59.349945+00:00,599.003,0.08,0.07,0.09,0.925,0.92,0.93,,,,
2026-01-06 04:25:00.297000+00:00,2026-01-06 04:25:00.361791+00:00,600.297,0.075,0.07,0.08,0.925,0.92,0.93,,,,
2026-01-06 04:25:01.306000+00:00,2026-01-06 04:25:01.368968+00:00,601.306,0.08,0.07,0.09,0.92,0.91,0.93,,,,
2026-01-06 04:25:02.303000+00:00,2026-01-06 04:25:02.366662+00:00,602.303,0.0849999999999999,0.08,0.09,0.915,0.91,0.92,,,,
2026-01-06 04:25:03.190000+00:00,2026-01-06 04:25:03.373364+00:00,603.19,0.08,0.07,0.09,0.925,0.92,0.93,,,,
2026-01-06 04:25:04.292000+00:00,2026-01-06 04:25:04.383776+00:00,604.292,0.085,0.07,0.1,0.915,0.9,0.93,,,,
2026-01-06 04:25:05.340000+00:00,2026-01-06 04:25:05.400459+00:00,605.34,0.085,0.07,0.1,0.915,0.9,0.93,,,,
2026-01-06 04:25:06.176000+00:00,2026-01-06 04:25:06.398418+00:00,606.176,0.085,0.07,0.1,0.915,0.9,0.93,,,,
2026-01-06 04:25:07.349000+00:00,2026-01-06 04:25:07.409455+00:00,607.349,0.085,0.07,0.1,0.915,0.9,0.93,,,,
2026-01-06 04:25:08.303000+00:00,2026-01-06 04:25:08.416048+00:00,608.303,0.095,0.09,0.1,0.905,0.9,0.91,,,,
2026-01-06 04:25:09.351000+00:00,2026-01-06 04:25:09.407507+00:00,609.351,0.06,0.05,0.07,0.94,0.93,0.95,,,,
2026-01-06 04:25:10.359000+00:00,2026-01-06 04:25:10.411662+00:00,610.359,0.065,0.06,0.07,0.935,0.93,0.94,,,,
2026-01-06 04:25:11.339000+00:00,2026-01-06 04:25:11.417017+00:00,611.339,0.07,0.06,0.08,0.93,0.92,0.94,,,,
2026-01-06 04:25:12.350000+00:00,2026-01-06 04:25:12.423823+00:00,612.35,0.07,0.06,0.08,0.93,0.92,0.94,,,,
2026-01-06 04:25:13.397000+00:00,2026-01-06 04:25:13.432747+00:00,613.397,0.055,0.05,0.06,0.945,0.94,0.95,,,,
2026-01-06 04:25:14.225000+00:00,2026-01-06 04:25:14.432630+00:00,614.225,0.055,0.05,0.06,0.945,0.94,0.95,,,,
2026-01-06 04:25:15.178000+00:00,2026-01-06 04:25:15.433766+00:00,615.178,0.055,0.05,0.06,0.945,0.94,0.95,,,,
2026-01-06 04:25:16.399000+00:00,2026-01-06 04:25:16.441064+00:00,616.399,0.07,0.06,0.08,0.93,0.92,0.94,,,,
2026-01-06 04:25:17.347000+00:00,2026-01-06 04:25:17.449713+00:00,617.347,0.08,0.07,0.09,0.925,0.92,0.93,,,,
2026-01-06 04:25:18.319000+00:00,2026-01-06 04:25:18.448970+00:00,618.319,0.07,0.06,0.08,0.93,0.92,0.94,,,,
2026-01-06 04:25:19.283000+00:00,2026-01-06 04:25:19.457879+00:00,619.283,0.07,0.06,0.08,0.93,0.92,0.94,,,,
2026-01-06 04:25:20.227000+00:00,2026-01-06 04:25:20.455092+00:00,620.227,0.07,0.06,0.08,0.93,0.92,0.94,,,,
2026-01-06 04:25:21.334000+00:00,2026-01-06 04:25:21.458278+00:00,621.334,0.075,0.07,0.08,0.925,0.92,0.93,,,,
2026-01-06 04:25:22.423000+00:00,2026-01-06 04:25:22.472544+00:00,622.423,0.07,0.06,0.08,0.925,0.91,0.94,,,,
2026-01-06 04:25:23.052000+00:00,2026-01-06 04:25:23.482090+00:00,623.052,0.075,0.06,0.09,0.925,0.91,0.94,,,,
2026-01-06 04:25:24.184000+00:00,2026-01-06 04:25:24.481931+00:00,624.184,0.075,0.06,0.09,0.925,0.91,0.94,,,,
2026-01-06 04:25:25.358000+00:00,2026-01-06 04:25:25.498080+00:00,625.358,0.075,0.06,0.09,0.925,0.91,0.94,,,,
2026-01-06 04:25:26.443000+00:00,2026-01-06 04:25:26.504020+00:00,626.443,0.08,0.06,0.1,0.93,0.92,0.94,,,,
2026-01-06 04:25:27.455000+00:00,2026-01-06 04:25:27.516081+00:00,627.455,0.0849999999999999,0.08,0.09,0.915,0.91,0.92,,,,
2026-01-06 04:25:28.547000+00:00,2026-01-06 04:25:28.530306+00:00,628.547,0.0849999999999999,0.08,0.09,0.915,0.91,0.92,,,,
2026-01-06 04:25:29.483000+00:00,2026-01-06 04:25:29.532252+00:00,629.483,0.07,0.06,0.08,0.93,0.92,0.94,,,,
2026-01-06 04:25:30.466000+00:00,2026-01-06 04:25:30.546106+00:00,630.466,0.07,0.06,0.08,0.93,0.92,0.94,,,,
2026-01-06 04:25:31.121000+00:00,2026-01-06 04:25:31.547333+00:00,631.121,0.07,0.06,0.08,0.93,0.92,0.94,,,,
2026-01-06 04:25:32.201000+00:00,2026-01-06 04:25:32.566613+00:00,632.201,0.07,0.06,0.08,0.93,0.92,0.94,,,,
2026-01-06 04:25:33.290000+00:00,2026-01-06 04:25:33.581923+00:00,633.29,0.07,0.06,0.08,0.93,0.92,0.94,,,,
2026-01-06 04:25:34.521000+00:00,2026-01-06 04:25:34.582590+00:00,634.521,0.065,0.06,0.07,0.935,0.93,0.94,,,,
2026-01-06 04:25:35.546000+00:00,2026-01-06 04:25:35.596964+00:00,635.546,0.065,0.06,0.07,0.935,0.93,0.94,,,,
2026-01-06 04:25:36.527000+00:00,2026-01-06 04:25:36.600223+00:00,636.527,0.065,0.06,0.07,0.935,0.93,0.94,,,,
2026-01-06 04:25:37.498000+00:00,2026-01-06 04:25:37.617096+00:00,637.498,0.065,0.06,0.07,0.935,0.93,0.94,,,,
2026-01-06 04:25:38.435000+00:00,2026-01-06 04:25:38.629724+00:00,638.435,0.065,0.06,0.07,0.935,0.93,0.94,,,,
2026-01-06 04:25:39.552000+00:00,2026-01-06 04:25:39.631243+00:00,639.552,0.065,0.06,0.07,0.935,0.93,0.94,,,,
2026-01-06 04:25:40.547000+00:00,2026-01-06 04:25:40.631372+00:00,640.547,0.055,0.05,0.06,0.945,0.94,0.95,,,,
2026-01-06 04:25:41.403000+00:00,2026-01-06 04:25:41.651884+00:00,641.403,0.055,0.05,0.06,0.945,0.94,0.95,,,,
2026-01-06 04:25:42.170000+00:00,2026-01-06 04:25:42.664496+00:00,642.17,0.055,0.05,0.06,0.945,0.94,0.95,,,,
2026-01-06 04:25:43.611000+00:00,2026-01-06 04:25:43.667799+00:00,643.611,0.06,0.05,0.07,0.94,0.93,0.95,,,,
2026-01-06 04:25:44.573000+00:00,2026-01-06 04:25:44.680836+00:00,644.573,0.06,0.05,0.07,0.94,0.93,0.95,,,,
2026-01-06 04:25:45.559000+00:00,2026-01-06 04:25:45.680524+00:00,645.559,0.055,0.05,0.06,0.945,0.94,0.95,,,,
2026-01-06 04:25:46.599000+00:00,2026-01-06 04:25:46.695733+00:00,646.599,0.055,0.05,0.06,0.945,0.94,0.95,,,,
2026-01-06 04:25:47.540000+00:00,2026-01-06 04:25:47.695427+00:00,647.54,0.055,0.05,0.06,0.945,0.94,0.95,,,,
2026-01-06 04:25:48.558000+00:00,2026-01-06 04:25:48.711512+00:00,648.558,0.055,0.05,0.06,0.945,0.94,0.95,,,,
2026-01-06 04:25:49.009000+00:00,2026-01-06 04:25:49.729766+00:00,649.009,0.055,0.05,0.06,0.945,0.94,0.95,,,,
2026-01-06 04:25:50.643000+00:00,2026-01-06 04:25:50.736875+00:00,650.643,0.055,0.05,0.06,0.945,0.94,0.95,,,,
2026-01-06 04:25:51.499000+00:00,2026-01-06 04:25:51.736187+00:00,651.499,0.055,0.05,0.06,0.945,0.94,0.95,,,,
2026-01-06 04:25:52.122000+00:00,2026-01-06 04:25:52.748692+00:00,652.122,0.055,0.05,0.06,0.945,0.94,0.95,,,,
2026-01-06 04:25:53.618000+00:00,2026-01-06 04:25:53.748436+00:00,653.618,0.055,0.05,0.06,0.945,0.94,0.95,,,,
2026-01-06 04:25:54.492000+00:00,2026-01-06 04:25:54.765750+00:00,654.492,0.055,0.05,0.06,0.945,0.94,0.95,,,,
2026-01-06 04:25:55.622000+00:00,2026-01-06 04:25:55.770131+00:00,655.622,0.055,0.05,0.06,0.945,0.94,0.95,,,,
2026-01-06 04:25:56.420000+00:00,2026-01-06 04:25:56.781469+00:00,656.42,0.055,0.05,0.06,0.945,0.94,0.95,,,,
2026-01-06 04:25:57.482000+00:00,2026-01-06 04:25:57.783342+00:00,657.482,0.055,0.05,0.06,0.945,0.94,0.95,,,,
2026-01-06 04:25:58.515000+00:00,2026-01-06 04:25:58.784062+00:00,658.515,0.055,0.05,0.06,0.945,0.94,0.95,,,,
2026-01-06 04:25:59.633000+00:00,2026-01-06 04:25:59.783317+00:00,659.633,0.055,0.05,0.06,0.945,0.94,0.95,,,,
2026-01-06 04:26:00.681000+00:00,2026-01-06 04:26:00.797926+00:00,660.681,0.045,0.04,0.05,0.955,0.95,0.96,,,,
2026-01-06 04:26:01.762000+00:00,2026-01-06 04:26:01.809404+00:00,661.762,0.045,0.04,0.05,0.955,0.95,0.96,,,,
2026-01-06 04:26:02.744000+00:00,2026-01-06 04:26:02.796670+00:00,662.744,0.04,0.03,0.05,0.965,0.96,0.97,,,,
2026-01-06 04:26:03.746000+00:00,2026-01-06 04:26:03.803342+00:00,663.746,0.035,0.03,0.04,0.965,0.96,0.97,,,,
2026-01-06 04:26:04.591000+00:00,2026-01-06 04:26:04.813919+00:00,664.591,0.035,0.03,0.04,0.965,0.96,0.97,,,,
2026-01-06 04:26:05.672000+00:00,2026-01-06 04:26:05.814702+00:00,665.672,0.035,0.03,0.04,0.965,0.96,0.97,,,,
2026-01-06 04:26:06.731000+00:00,2026-01-06 04:26:06.814491+00:00,666.731,0.035,0.03,0.04,0.97,0.96,0.98,,,,
2026-01-06 04:26:07.765000+00:00,2026-01-06 04:26:07.825669+00:00,667.765,0.03,0.02,0.04,0.97,0.96,0.98,,,,
2026-01-06 04:26:08.402000+00:00,2026-01-06 04:26:08.830622+00:00,668.402,0.03,0.02,0.04,0.97,0.96,0.98,,,,
2026-01-06 04:26:09.605000+00:00,2026-01-06 04:26:09.845690+00:00,669.605,0.03,0.02,0.04,0.97,0.96,0.98,,,,
2026-01-06 04:26:10.684000+00:00,2026-01-06 04:26:10.846870+00:00,670.684,0.03,0.02,0.04,0.97,0.96,0.98,,,,
2026-01-06 04:26:11.596000+00:00,2026-01-06 04:26:11.846679+00:00,671.596,0.03,0.02,0.04,0.97,0.96,0.98,,,,
2026-01-06 04:26:12.534000+00:00,2026-01-06 04:26:12.863999+00:00,672.534,0.03,0.02,0.04,0.97,0.96,0.98,,,,
2026-01-06 04:26:13.551000+00:00,2026-01-06 04:26:13.863246+00:00,673.551,0.03,0.02,0.04,0.975,0.97,0.98,,,,
2026-01-06 04:26:14.812000+00:00,2026-01-06 04:26:14.876288+00:00,674.812,0.025,0.02,0.03,0.975,0.97,0.98,,,,
2026-01-06 04:26:15.757000+00:00,2026-01-06 04:26:15.886965+00:00,675.757,0.025,0.02,0.03,0.975,0.97,0.98,,,,
2026-01-06 04:26:16.749000+00:00,2026-01-06 04:26:16.881843+00:00,676.749,0.025,0.02,0.03,0.975,0.97,0.98,,,,
2026-01-06 04:26:17.662000+00:00,2026-01-06 04:26:17.884030+00:00,677.662,0.025,0.02,0.03,0.975,0.97,0.98,,,,
2026-01-06 04:26:18.698000+00:00,2026-01-06 04:26:18.914360+00:00,678.698,0.025,0.02,0.03,0.975,0.97,0.98,,,,
2026-01-06 04:26:19.814000+00:00,2026-01-06 04:26:19.930552+00:00,679.814,0.025,0.02,0.03,0.975,0.97,0.98,,,,
2026-01-06 04:26:20.875000+00:00,2026-01-06 04:26:20.929995+00:00,680.875,0.025,0.02,0.03,0.975,0.97,0.98,,,,
2026-01-06 04:26:21.766000+00:00,2026-01-06 04:26:21.929636+00:00,681.766,0.025,0.02,0.03,0.975,0.97,0.98,,,,
2026-01-06 04:26:22.558000+00:00,2026-01-06 04:26:22.939487+00:00,682.558,0.025,0.02,0.03,0.975,0.97,0.98,,,,
2026-01-06 04:26:23.724000+00:00,2026-01-06 04:26:23.949118+00:00,683.724,0.025,0.02,0.03,0.975,0.97,0.98,,,,
2026-01-06 04:26:24.905000+00:00,2026-01-06 04:26:24.963183+00:00,684.905,0.025,0.02,0.03,0.975,0.97,0.98,,,,
2026-01-06 04:26:25.912000+00:00,2026-01-06 04:26:25.967140+00:00,685.912,0.025,0.02,0.03,0.975,0.97,0.98,,,,
2026-01-06 04:26:26.839000+00:00,2026-01-06 04:26:26.979231+00:00,686.839,0.025,0.02,0.03,0.975,0.97,0.98,,,,
2026-01-06 04:26:27.856000+00:00,2026-01-06 04:26:27.978946+00:00,687.856,0.025,0.02,0.03,0.975,0.97,0.98,,,,
2026-01-06 04:26:28.841000+00:00,2026-01-06 04:26:28.988633+00:00,688.841,0.025,0.02,0.03,0.975,0.97,0.98,,,,
2026-01-06 04:26:29.888000+00:00,2026-01-06 04:26:30.005192+00:00,689.888,0.015,0.01,0.02,0.985,0.98,0.99,,,,
2026-01-06 04:26:30.696000+00:00,2026-01-06 04:26:31.013058+00:00,690.696,0.015,0.01,0.02,0.985,0.98,0.99,,,,
2026-01-06 04:26:32.370000+00:00,2026-01-06 04:26:33.029746+00:00,692.37,0.015,0.01,0.02,0.985,0.98,0.99,,,,
2026-01-06 04:26:33.911000+00:00,2026-01-06 04:26:34.030508+00:00,693.911,0.015,0.01,0.02,0.985,0.98,0.99,,,,
2026-01-06 04:26:34.985000+00:00,2026-01-06 04:26:35.034080+00:00,694.985,0.025,0.02,0.03,0.975,0.97,0.98,,,,
2026-01-06 04:26:35.553000+00:00,2026-01-06 04:26:36.052534+00:00,695.553,0.025,0.02,0.03,0.975,0.97,0.98,,,,
2026-01-06 04:26:36.992000+00:00,2026-01-06 04:26:37.053774+00:00,696.992,0.035,0.03,0.04,0.97,0.96,0.98,,,,
2026-01-06 04:26:38.986000+00:00,2026-01-06 04:26:39.062884+00:00,698.986,0.03,0.02,0.04,0.97,0.96,0.98,,,,
2026-01-06 04:26:39.848000+00:00,2026-01-06 04:26:40.079751+00:00,699.848,0.03,0.02,0.04,0.97,0.96,0.98,,,,
2026-01-06 04:26:41.002000+00:00,2026-01-06 04:26:41.094982+00:00,701.002,0.03,0.02,0.04,0.975,0.97,0.98,,,,
2026-01-06 04:26:42.841000+00:00,2026-01-06 04:26:43.098460+00:00,702.841,0.03,0.02,0.04,0.97,0.96,0.98,,,,
2026-01-06 04:26:44.875000+00:00,2026-01-06 04:26:45.112567+00:00,704.875,0.025,0.02,0.03,0.975,0.97,0.98,,,,
2026-01-06 04:26:46.944000+00:00,2026-01-06 04:26:47.121011+00:00,706.944,0.03,0.02,0.04,0.97,0.96,0.98,,,,
2026-01-06 04:26:48.961000+00:00,2026-01-06 04:26:49.143851+00:00,708.961,0.03,0.02,0.04,0.97,0.96,0.98,,,,
2026-01-06 04:26:50.058000+00:00,2026-01-06 04:26:50.138128+00:00,710.058,0.025,0.02,0.03,0.975,0.97,0.98,,,,
2026-01-06 04:26:51.092000+00:00,2026-01-06 04:26:51.148194+00:00,711.092,0.025,0.02,0.03,0.975,0.97,0.98,,,,
2026-01-06 04:26:52.856000+00:00,2026-01-06 04:26:53.178199+00:00,712.856,0.025,0.02,0.03,0.975,0.97,0.98,,,,
2026-01-06 04:26:54.106000+00:00,2026-01-06 04:26:54.193156+00:00,714.106,0.025,0.02,0.03,0.975,0.97,0.98,,,,
2026-01-06 04:26:55.002000+00:00,2026-01-06 04:26:55.193362+00:00,715.002,0.025,0.02,0.03,0.975,0.97,0.98,,,,
2026-01-06 04:26:56.273000+00:00,2026-01-06 04:26:57.209882+00:00,716.273,0.025,0.02,0.03,0.975,0.97,0.98,,,,
2026-01-06 04:26:58.008000+00:00,2026-01-06 04:26:58.217135+00:00,718.008,0.025,0.02,0.03,0.975,0.97,0.98,,,,
2026-01-06 04:26:59.983000+00:00,2026-01-06 04:27:00.245734+00:00,719.983,0.025,0.02,0.03,0.975,0.97,0.98,,,,
2026-01-06 04:27:01.527000+00:00,2026-01-06 04:27:02.260493+00:00,721.527,0.025,0.02,0.03,0.975,0.97,0.98,,,,
2026-01-06 04:27:03.204000+00:00,2026-01-06 04:27:03.279845+00:00,723.204,0.01,,0.01,0.99,0.99,,,,,
2026-01-06 04:27:04.255000+00:00,2026-01-06 04:27:04.293773+00:00,724.255,0.01,,0.01,0.99,0.99,,,,,
2026-01-06 04:27:05.070000+00:00,2026-01-06 04:27:05.304112+00:00,725.07,0.01,,0.01,0.99,0.99,,,,,
2026-01-06 04:27:06.007000+00:00,2026-01-06 04:27:06.311844+00:00,726.007,0.01,,0.01,0.99,0.99,,,,,
2026-01-06 04:27:07.849000+00:00,2026-01-06 04:27:08.328266+00:00,727.849,0.01,,0.01,0.99,0.99,,,,,
2026-01-06 04:27:09.090000+00:00,2026-01-06 04:27:09.344083+00:00,729.09,0.01,,0.01,0.99,0.99,,,,,
2026-01-06 04:27:10.189000+00:00,2026-01-06 04:27:10.353693+00:00,730.189,0.01,,0.01,0.99,0.99,,,,,
2026-01-06 04:27:11.249000+00:00,2026-01-06 04:27:11.361208+00:00,731.249,0.01,,0.01,0.99,0.99,,,,,
2026-01-06 04:27:12.207000+00:00,2026-01-06 04:27:12.360204+00:00,732.207,0.01,,0.01,0.99,0.99,,,,,
2026-01-06 04:27:13.881000+00:00,2026-01-06 04:27:14.378509+00:00,733.881,0.01,,0.01,0.99,0.99,,,,,
2026-01-06 04:27:15.213000+00:00,2026-01-06 04:27:15.391540+00:00,735.213,0.01,,0.01,0.99,0.99,,,,,
2026-01-06 04:27:16.184000+00:00,2026-01-06 04:27:16.394044+00:00,736.184,0.01,,0.01,0.99,0.99,,,,,
2026-01-06 04:27:17.287000+00:00,2026-01-06 04:27:17.394147+00:00,737.287,0.015,0.01,0.02,0.985,0.98,0.99,,,,
2026-01-06 04:27:18.321000+00:00,2026-01-06 04:27:18.414610+00:00,738.321,0.01,,0.01,0.99,0.99,,,,,
2026-01-06 04:27:19.072000+00:00,2026-01-06 04:27:19.411227+00:00,739.072,0.01,,0.01,0.99,0.99,,,,,
2026-01-06 04:27:20.144000+00:00,2026-01-06 04:27:20.425367+00:00,740.144,0.01,,0.01,0.99,0.99,,,,,
2026-01-06 04:27:21.238000+00:00,2026-01-06 04:27:21.431682+00:00,741.238,0.01,,0.01,0.99,0.99,,,,,
2026-01-06 04:27:22.146000+00:00,2026-01-06 04:27:22.443402+00:00,742.146,0.01,,0.01,0.99,0.99,,,,,
2026-01-06 04:27:23.302000+00:00,2026-01-06 04:27:23.445092+00:00,743.302,0.01,,0.01,0.99,0.99,,,,,
2026-01-06 04:27:24.259000+00:00,2026-01-06 04:27:25.443736+00:00,744.259,0.01,,0.01,0.99,0.99,,,,,
2026-01-06 04:27:26.002000+00:00,2026-01-06 04:27:26.455918+00:00,746.002,0.01,,0.01,0.99,0.99,,,,,
2026-01-06 04:27:27.178000+00:00,2026-01-06 04:27:27.465192+00:00,747.178,0.01,,0.01,0.99,0.99,,,,,
2026-01-06 04:27:28.033000+00:00,2026-01-06 04:27:28.461646+00:00,748.033,0.01,,0.01,0.99,0.99,,,,,
2026-01-06 04:27:29.363000+00:00,2026-01-06 04:27:29.465134+00:00,749.363,0.01,,0.01,0.99,0.99,,,,,
2026-01-06 04:27:30.561000+00:00,2026-01-06 04:27:31.494196+00:00,750.561,0.01,,0.01,0.99,0.99,,,,,
2026-01-06 04:27:32.179000+00:00,2026-01-06 04:27:32.494740+00:00,752.179,0.01,,0.01,0.99,0.99,,,,,
2026-01-06 04:27:33.432000+00:00,2026-01-06 04:27:33.511173+00:00,753.432,0.01,,0.01,0.99,0.99,,,,,
2026-01-06 04:27:34.434000+00:00,2026-01-06 04:27:34.509495+00:00,754.434,0.01,,0.01,0.99,0.99,,,,,
2026-01-06 04:27:35.087000+00:00,2026-01-06 04:27:35.509057+00:00,755.087,0.01,,0.01,0.99,0.99,,,,,
2026-01-06 04:27:36.002000+00:00,2026-01-06 04:27:36.527559+00:00,756.002,0.01,,0.01,0.99,0.99,,,,,
2026-01-06 04:27:37.180000+00:00,2026-01-06 04:27:37.533161+00:00,757.18,0.01,,0.01,0.99,0.99,,,,,
2026-01-06 04:27:38.396000+00:00,2026-01-06 04:27:38.538406+00:00,758.396,0.01,,0.01,0.99,0.99,,,,,
2026-01-06 04:27:39.030000+00:00,2026-01-06 04:27:39.542830+00:00,759.03,0.01,,0.01,0.99,0.99,,,,,
2026-01-06 04:27:40.194000+00:00,2026-01-06 04:27:41.560165+00:00,760.194,0.01,,0.01,0.99,0.99,,,,,
2026-01-06 04:27:42.399000+00:00,2026-01-06 04:27:42.564992+00:00,762.399,0.01,,0.01,0.99,0.99,,,,,
2026-01-06 04:27:43.001000+00:00,2026-01-06 04:27:43.575758+00:00,763.001,0.01,,0.01,0.99,0.99,,,,,
2026-01-06 04:27:44.510000+00:00,2026-01-06 04:27:44.577439+00:00,764.51,0.01,,0.01,0.99,0.99,,,,,
2026-01-06 04:27:45.487000+00:00,2026-01-06 04:27:45.594684+00:00,765.487,0.01,,0.01,0.99,0.99,,,,,
2026-01-06 04:27:46.535000+00:00,2026-01-06 04:27:46.591534+00:00,766.535,0.01,,0.01,0.99,0.99,,,,,
2026-01-06 04:27:47.878000+00:00,2026-01-06 04:27:48.571025+00:00,767.878,0.01,,0.01,0.99,0.99,,,,,
2026-01-06 04:27:49.527000+00:00,2026-01-06 04:27:49.594198+00:00,769.527,0.01,,0.01,0.99,0.99,,,,,
2026-01-06 04:27:50.179000+00:00,2026-01-06 04:27:51.615404+00:00,770.179,0.01,,0.01,0.99,0.99,,,,,
2026-01-06 04:27:52.004000+00:00,2026-01-06 04:27:52.624217+00:00,772.004,0.01,,0.01,0.99,0.99,,,,,
2026-01-06 04:27:53.406000+00:00,2026-01-06 04:27:53.638105+00:00,773.406,0.01,,0.01,0.99,0.99,,,,,
2026-01-06 04:27:54.593000+00:00,2026-01-06 04:27:54.659775+00:00,774.593,0.01,,0.01,0.99,0.99,,,,,
2026-01-06 04:27:55.245000+00:00,2026-01-06 04:27:55.662914+00:00,775.245,0.01,,0.01,0.99,0.99,,,,,
2026-01-06 04:27:56.415000+00:00,2026-01-06 04:27:56.673907+00:00,776.415,0.01,,0.01,0.99,0.99,,,,,
2026-01-06 04:27:57.049000+00:00,2026-01-06 04:27:57.690582+00:00,777.049,0.01,,0.01,0.99,0.99,,,,,
2026-01-06 04:27:58.372000+00:00,2026-01-06 04:27:59.696951+00:00,778.372,0.01,,0.01,0.99,0.99,,,,,
2026-01-06 04:28:00.565000+00:00,2026-01-06 04:28:00.704136+00:00,780.565,0.01,,0.01,0.99,0.99,,,,,
2026-01-06 04:28:01.798000+00:00,2026-01-06 04:28:02.698940+00:00,781.798,0.01,,0.01,0.99,0.99,,,,,
2026-01-06 04:28:03.255000+00:00,2026-01-06 04:28:03.707051+00:00,783.255,0.01,,0.01,0.99,0.99,,,,,
2026-01-06 04:28:04.484000+00:00,2026-01-06 04:28:04.722758+00:00,784.484,0.01,,0.01,0.99,0.99,,,,,
2026-01-06 04:28:05.643000+00:00,2026-01-06 04:28:05.725221+00:00,785.643,0.01,,0.01,0.99,0.99,,,,,
2026-01-06 04:28:06.420000+00:00,2026-01-06 04:28:06.738994+00:00,786.42,0.01,,0.01,0.99,0.99,,,,,
2026-01-06 04:28:07.540000+00:00,2026-01-06 04:28:07.734187+00:00,787.54,0.01,,0.01,0.99,0.99,,,,,
2026-01-06 04:28:08.720000+00:00,2026-01-06 04:28:09.758063+00:00,788.72,0.01,,0.01,0.99,0.99,,,,,
2026-01-06 04:28:10.005000+00:00,2026-01-06 04:28:10.757044+00:00,790.005,0.01,,0.01,0.99,0.99,,,,,
2026-01-06 04:28:11.179000+00:00,2026-01-06 04:28:11.760004+00:00,791.179,0.01,,0.01,0.99,0.99,,,,,
2026-01-06 04:28:12.606000+00:00,2026-01-06 04:28:12.775771+00:00,792.606,0.01,,0.01,0.99,0.99,,,,,
2026-01-06 04:28:13.187000+00:00,2026-01-06 04:28:13.775781+00:00,793.187,0.01,,0.01,0.99,0.99,,,,,
2026-01-06 04:28:14.292000+00:00,2026-01-06 04:28:14.776159+00:00,794.292,0.01,,0.01,0.99,0.99,,,,,
2026-01-06 04:28:15.003000+00:00,2026-01-06 04:28:15.792799+00:00,795.003,0.01,,0.01,0.99,0.99,,,,,
2026-01-06 04:28:16.179000+00:00,2026-01-06 04:28:16.800124+00:00,796.179,0.01,,0.01,0.99,0.99,,,,,
2026-01-06 04:28:17.272000+00:00,2026-01-06 04:28:17.800297+00:00,797.272,0.01,,0.01,0.99,0.99,,,,,
2026-01-06 04:28:18.177000+00:00,2026-01-06 04:28:19.822767+00:00,798.177,0.01,,0.01,0.99,0.99,,,,,
2026-01-06 04:28:20.680000+00:00,2026-01-06 04:28:20.841774+00:00,800.68,0.01,,0.01,0.99,0.99,,,,,
2026-01-06 04:28:21.759000+00:00,2026-01-06 04:28:21.846126+00:00,801.759,0.01,,0.01,0.99,0.99,,,,,
2026-01-06 04:28:22.004000+00:00,2026-01-06 04:28:22.849435+00:00,802.004,0.01,,0.01,0.99,0.99,,,,,
2026-01-06 04:28:23.185000+00:00,2026-01-06 04:28:23.862932+00:00,803.185,0.01,,0.01,0.99,0.99,,,,,
2026-01-06 04:28:24.467000+00:00,2026-01-06 04:28:24.857818+00:00,804.467,0.01,,0.01,0.99,0.99,,,,,
2026-01-06 04:28:25.783000+00:00,2026-01-06 04:28:25.860787+00:00,805.783,0.01,,0.01,0.99,0.99,,,,,
2026-01-06 04:28:26.037000+00:00,2026-01-06 04:28:26.866359+00:00,806.037,0.01,,0.01,0.99,0.99,,,,,
2026-01-06 04:28:27.178000+00:00,2026-01-06 04:28:27.878930+00:00,807.178,0.01,,0.01,0.99,0.99,,,,,
2026-01-06 04:28:28.123000+00:00,2026-01-06 04:28:28.896790+00:00,808.123,0.01,,0.01,0.99,0.99,,,,,
2026-01-06 04:28:29.394000+00:00,2026-01-06 04:28:29.891288+00:00,809.394,0.01,,0.01,0.99,0.99,,,,,
2026-01-06 04:28:30.536000+00:00,2026-01-06 04:28:30.892193+00:00,810.536,0.01,,0.01,0.99,0.99,,,,,
2026-01-06 04:28:31.788000+00:00,2026-01-06 04:28:31.901114+00:00,811.788,0.01,,0.01,0.99,0.99,,,,,
2026-01-06 04:28:32.817000+00:00,2026-01-06 04:28:32.910069+00:00,812.817,0.01,,0.01,0.99,0.99,,,,,
2026-01-06 04:28:33.772000+00:00,2026-01-06 04:28:33.907545+00:00,813.772,0.01,,0.01,0.99,0.99,,,,,
2026-01-06 04:28:34.857000+00:00,2026-01-06 04:28:34.925718+00:00,814.857,0.01,,0.01,0.99,0.99,,,,,
2026-01-06 04:28:35.761000+00:00,2026-01-06 04:28:35.929115+00:00,815.761,0.01,,0.01,0.99,0.99,,,,,
2026-01-06 04:28:36.850000+00:00,2026-01-06 04:28:36.932531+00:00,816.85,0.01,,0.01,0.99,0.99,,,,,
2026-01-06 04:28:37.864000+00:00,2026-01-06 04:28:37.929430+00:00,817.864,0.01,,0.01,0.99,0.99,,,,,
2026-01-06 04:28:38.768000+00:00,2026-01-06 04:28:38.924202+00:00,818.768,0.01,,0.01,0.99,0.99,,,,,
2026-01-06 04:28:39.685000+00:00,2026-01-06 04:28:39.940921+00:00,819.685,0.01,,0.01,0.99,0.99,,,,,
2026-01-06 04:28:40.478000+00:00,2026-01-06 04:28:40.940345+00:00,820.478,0.01,,0.01,0.99,0.99,,,,,
2026-01-06 04:28:41.408000+00:00,2026-01-06 04:28:41.957484+00:00,821.408,0.01,,0.01,0.99,0.99,,,,,
2026-01-06 04:28:42.399000+00:00,2026-01-06 04:28:42.959901+00:00,822.399,0.01,,0.01,0.99,0.99,,,,,
2026-01-06 04:28:43.303000+00:00,2026-01-06 04:28:43.957783+00:00,823.303,0.01,,0.01,0.99,0.99,,,,,
2026-01-06 04:28:44.187000+00:00,2026-01-06 04:28:44.974949+00:00,824.187,0.01,,0.01,0.99,0.99,,,,,
2026-01-06 04:28:45.523000+00:00,2026-01-06 04:28:45.988334+00:00,825.523,0.01,,0.01,0.99,0.99,,,,,
2026-01-06 04:28:46.429000+00:00,2026-01-06 04:28:46.990367+00:00,826.429,0.01,,0.01,0.99,0.99,,,,,
2026-01-06 04:28:47.807000+00:00,2026-01-06 04:28:47.998162+00:00,827.807,0.01,,0.01,0.99,0.99,,,,,
2026-01-06 04:28:48.918000+00:00,2026-01-06 04:28:49.005652+00:00,828.918,0.01,,0.01,0.99,0.99,,,,,
2026-01-06 04:28:49.873000+00:00,2026-01-06 04:28:50.007509+00:00,829.873,0.01,,0.01,0.99,0.99,,,,,
2026-01-06 04:28:50.956000+00:00,2026-01-06 04:28:51.017805+00:00,830.956,0.01,,0.01,0.99,0.99,,,,,
2026-01-06 04:28:51.842000+00:00,2026-01-06 04:28:52.025355+00:00,831.842,0.009,,0.009,0.991,0.991,,,,,
2026-01-06 04:28:52.926000+00:00,2026-01-06 04:28:53.029502+00:00,832.926,0.009,,0.009,0.991,0.991,,,,,
2026-01-06 04:28:53.900000+00:00,2026-01-06 04:28:54.039791+00:00,833.9,0.009,,0.009,0.991,0.991,,,,,
2026-01-06 04:28:54.911000+00:00,2026-01-06 04:28:55.039942+00:00,834.911,0.009,,0.009,0.991,0.991,,,,,
2026-01-06 04:28:55.819000+00:00,2026-01-06 04:28:56.028698+00:00,835.819,0.009,,0.009,0.991,0.991,,,,,
2026-01-06 04:28:56.651000+00:00,2026-01-06 04:28:57.031180+00:00,836.651,0.009,,0.009,0.991,0.991,,,,,
2026-01-06 04:28:57.719000+00:00,2026-01-06 04:28:58.042105+00:00,837.719,0.009,,0.009,0.991,0.991,,,,,
2026-01-06 04:28:58.873000+00:00,2026-01-06 04:28:59.039090+00:00,838.873,0.009,,0.009,0.991,0.991,,,,,
2026-01-06 04:29:00.142000+00:00,2026-01-06 04:29:00.257854+00:00,840.142,0.009,,0.009,0.991,0.991,,,,,
2026-01-06 04:29:01.819000+00:00,2026-01-06 04:29:02.073902+00:00,841.819,0.009,,0.009,0.991,0.991,,,,,
2026-01-06 04:29:02.175000+00:00,2026-01-06 04:29:03.072179+00:00,842.175,0.009,,0.009,0.991,0.991,,,,,
2026-01-06 04:29:04.185000+00:00,2026-01-06 04:29:05.088884+00:00,844.185,0.009,,0.009,0.991,0.991,,,,,
2026-01-06 04:29:05.188000+00:00,2026-01-06 04:29:06.090416+00:00,845.188,0.009,,0.009,0.991,0.991,,,,,
2026-01-06 04:29:07.187000+00:00,2026-01-06 04:29:08.108600+00:00,847.187,0.009,,0.009,0.991,0.991,,,,,
2026-01-06 04:29:09.990000+00:00,2026-01-06 04:29:10.130883+00:00,849.99,0.009,,0.009,0.991,0.991,,,,,
2026-01-06 04:29:10.188000+00:00,2026-01-06 04:29:11.137403+00:00,850.188,0.009,,0.009,0.991,0.991,,,,,
2026-01-06 04:29:12.008000+00:00,2026-01-06 04:29:13.139310+00:00,852.008,0.009,,0.009,0.991,0.991,,,,,
2026-01-06 04:29:13.174000+00:00,2026-01-06 04:29:14.152915+00:00,853.174,0.009,,0.009,0.991,0.991,,,,,
2026-01-06 04:29:15.174000+00:00,2026-01-06 04:29:16.187706+00:00,855.174,0.009,,0.009,0.991,0.991,,,,,
2026-01-06 04:29:17.182000+00:00,2026-01-06 04:29:18.221054+00:00,857.182,0.009,,0.009,0.991,0.991,,,,,
2026-01-06 04:29:19.002000+00:00,2026-01-06 04:29:19.215332+00:00,859.002,0.009,,0.009,0.991,0.991,,,,,
2026-01-06 04:29:20.768000+00:00,2026-01-06 04:29:21.239097+00:00,860.768,0.009,,0.009,0.991,0.991,,,,,
2026-01-06 04:29:22.001000+00:00,2026-01-06 04:29:22.239154+00:00,862.001,0.009,,0.009,0.991,0.991,,,,,
2026-01-06 04:29:23.673000+00:00,2026-01-06 04:29:24.252678+00:00,863.673,0.009,,0.009,0.991,0.991,,,,,
2026-01-06 04:29:25.008000+00:00,2026-01-06 04:29:25.261589+00:00,865.008,0.009,,0.009,0.991,0.991,,,,,
2026-01-06 04:29:26.872000+00:00,2026-01-06 04:29:27.288811+00:00,866.872,0.009,,0.009,0.991,0.991,,,,,
2026-01-06 04:29:28.004000+00:00,2026-01-06 04:29:28.308939+00:00,868.004,0.009,,0.009,0.991,0.991,,,,,
2026-01-06 04:29:29.234000+00:00,2026-01-06 04:29:29.308698+00:00,869.234,0.009,,0.009,0.991,0.991,,,,,
2026-01-06 04:29:30.094000+00:00,2026-01-06 04:29:30.305629+00:00,870.094,0.009,,0.009,0.991,0.991,,,,,
2026-01-06 04:29:31.395000+00:00,2026-01-06 04:29:32.326348+00:00,871.395,0.009,,0.009,0.991,0.991,,,,,
2026-01-06 04:29:32.286000+00:00,2026-01-06 04:29:34.332136+00:00,872.286,0.009,,0.009,0.991,0.991,,,,,
2026-01-06 04:29:35.705000+00:00,2026-01-06 04:29:36.365799+00:00,875.705,0.009,,0.009,0.991,0.991,,,,,
2026-01-06 04:29:37.550000+00:00,2026-01-06 04:29:40.389019+00:00,877.55,0.009,,0.009,0.991,0.991,,,,,
2026-01-06 04:29:40.467000+00:00,2026-01-06 04:29:42.413338+00:00,880.467,0.009,,0.009,0.991,0.991,,,,,
2026-01-06 04:29:42.435000+00:00,2026-01-06 04:29:43.414494+00:00,882.435,0.009,,0.009,0.991,0.991,,,,,
2026-01-06 04:29:43.763000+00:00,2026-01-06 04:29:44.421864+00:00,883.763,0.009,,0.009,0.991,0.991,,,,,
2026-01-06 04:29:45.333000+00:00,2026-01-06 04:29:45.422572+00:00,885.333,0.009,,0.009,0.99,0.99,,,,,
2026-01-06 04:29:46.036000+00:00,2026-01-06 04:29:46.428913+00:00,886.036,0.001,,0.001,0.999,0.999,,,,,
2026-01-06 04:29:47.939000+00:00,2026-01-06 04:29:48.445329+00:00,887.939,0.01,,0.01,0.99,0.99,,,,,
2026-01-06 04:29:49.150000+00:00,2026-01-06 04:29:49.457284+00:00,889.15,0.01,,0.01,0.99,0.99,,,,,
2026-01-06 04:29:50.401000+00:00,2026-01-06 04:29:50.471372+00:00,890.401,0.01,,0.01,0.99,0.99,,,,,
2026-01-06 04:29:51.244000+00:00,2026-01-06 04:29:51.472449+00:00,891.244,0.01,,0.01,0.99,0.99,,,,,
2026-01-06 04:29:52.322000+00:00,2026-01-06 04:29:52.488924+00:00,892.322,0.01,,0.01,0.99,0.99,,,,,
2026-01-06 04:29:53.431000+00:00,2026-01-06 04:29:53.507459+00:00,893.431,0.01,,0.01,0.99,0.99,,,,,
2026-01-06 04:29:54.443000+00:00,2026-01-06 04:29:54.505891+00:00,894.443,0.001,,0.001,0.999,0.999,,,,,
2026-01-06 04:29:55.388000+00:00,2026-01-06 04:29:55.511167+00:00,895.388,0.001,,0.001,0.999,0.999,,,,,
2026-01-06 04:29:56.444000+00:00,2026-01-06 04:29:56.522233+00:00,896.444,0.001,,0.001,0.999,0.999,,,,,
2026-01-06 04:29:57.173000+00:00,2026-01-06 04:29:58.528307+00:00,897.173,0.001,,0.001,0.999,0.999,,,,,
2026-01-06 04:29:59.401000+00:00,2026-01-06 04:29:59.531080+00:00,899.401,0.001,,0.001,0.999,0.999,,,,,
