timestamp,seconds,mid,bid,ask,asset
2026-01-07 10:45:00+00:00,0.0,3211.15,3210.96,3211.26,ETH
2026-01-07 10:45:01+00:00,1.0,3211.1,3210.95,3211.24,ETH
2026-01-07 10:45:02+00:00,2.0,3211.04,3210.95,3211.16,ETH
2026-01-07 10:45:03+00:00,3.0,3211.09,3210.96,3211.23,ETH
2026-01-07 10:45:04+00:00,4.0,3211.14,3210.96,3211.29,ETH
2026-01-07 10:45:05+00:00,5.0,3211.13,3210.96,3211.23,ETH
2026-01-07 10:45:06+00:00,6.0,3211.14,3210.97,3211.17,ETH
2026-01-07 10:45:07+00:00,7.0,3211.14,3210.99,3211.22,ETH
2026-01-07 10:45:08+00:00,8.0,3211.14,3211.0,3211.28,ETH
2026-01-07 10:45:09+00:00,9.0,3211.15,3211.0,3211.29,ETH
2026-01-07 10:45:10+00:00,10.0,3211.15,3211.0,3211.31,ETH
2026-01-07 10:45:11+00:00,11.0,3211.15,3211.01,3211.3,ETH
2026-01-07 10:45:12+00:00,12.0,3211.15,3211.02,3211.3,ETH
2026-01-07 10:45:13+00:00,13.0,3211.31,3211.13,3211.53,ETH
2026-01-07 10:45:14+00:00,14.0,3211.64,3211.46,3211.79,ETH
2026-01-07 10:45:15+00:00,15.0,3211.84,3211.71,3211.87,ETH
2026-01-07 10:45:16+00:00,16.0,3211.86,3211.73,3211.98,ETH
2026-01-07 10:45:17+00:00,17.0,3211.91,3211.79,3212.19,ETH
2026-01-07 10:45:18+00:00,18.0,3212.07,3211.97,3212.36,ETH
2026-01-07 10:45:19+00:00,19.0,3212.41,3212.24,3212.6,ETH
2026-01-07 10:45:20+00:00,20.0,3212.61,3212.38,3212.75,ETH
2026-01-07 10:45:21+00:00,21.0,3212.57,3212.37,3212.68,ETH
2026-01-07 10:45:22+00:00,22.0,3212.55,3212.37,3212.65,ETH
2026-01-07 10:45:23+00:00,23.0,3212.51,3212.36,3212.58,ETH
2026-01-07 10:45:24+00:00,24.0,3212.45,3212.39,3212.58,ETH
2026-01-07 10:45:25+00:00,25.0,3212.65,3212.58,3212.77,ETH
2026-01-07 10:45:26+00:00,26.0,3212.72,3212.59,3212.84,ETH
2026-01-07 10:45:27+00:00,27.0,3212.71,3212.59,3212.85,ETH
2026-01-07 10:45:28+00:00,28.0,3212.7,3212.6,3212.84,ETH
2026-01-07 10:45:29+00:00,29.0,3212.7,3212.6,3212.83,ETH
2026-01-07 10:45:30+00:00,30.0,3212.7,3212.6,3212.85,ETH
2026-01-07 10:45:31+00:00,31.0,3212.7,3212.61,3212.83,ETH
2026-01-07 10:45:32+00:00,32.0,3212.63,3212.53,3212.71,ETH
2026-01-07 10:45:33+00:00,33.0,3212.57,3212.47,3212.68,ETH
2026-01-07 10:45:34+00:00,34.0,3212.57,3212.44,3212.75,ETH
2026-01-07 10:45:35+00:00,35.0,3212.57,3212.39,3212.7,ETH
2026-01-07 10:45:36+00:00,36.0,3212.57,3212.39,3212.65,ETH
2026-01-07 10:45:37+00:00,37.0,3212.57,3212.39,3212.64,ETH
2026-01-07 10:45:38+00:00,38.0,3212.48,3212.39,3212.6,ETH
2026-01-07 10:45:39+00:00,39.0,3212.39,3212.38,3212.57,ETH
2026-01-07 10:45:40+00:00,40.0,3212.39,3212.38,3212.57,ETH
2026-01-07 10:45:41+00:00,41.0,3212.39,3212.38,3212.57,ETH
2026-01-07 10:45:42+00:00,42.0,3212.39,3212.38,3212.57,ETH
2026-01-07 10:45:43+00:00,43.0,3212.39,3212.38,3212.57,ETH
2026-01-07 10:45:44+00:00,44.0,3212.45,3212.39,3212.57,ETH
2026-01-07 10:45:45+00:00,45.0,3212.48,3212.39,3212.57,ETH
2026-01-07 10:45:46+00:00,46.0,3212.45,3212.39,3212.57,ETH
2026-01-07 10:45:47+00:00,47.0,3212.47,3212.39,3212.49,ETH
2026-01-07 10:45:48+00:00,48.0,3212.51,3212.41,3212.64,ETH
2026-01-07 10:45:49+00:00,49.0,3212.49,3212.39,3212.5,ETH
2026-01-07 10:45:50+00:00,50.0,3212.49,3212.39,3212.51,ETH
2026-01-07 10:45:51+00:00,51.0,3212.48,3212.39,3212.5,ETH
2026-01-07 10:45:52+00:00,52.0,3212.49,3212.39,3212.5,ETH
2026-01-07 10:45:53+00:00,53.0,3212.49,3212.39,3212.51,ETH
2026-01-07 10:45:54+00:00,54.0,3212.47,3212.39,3212.51,ETH
2026-01-07 10:45:55+00:00,55.0,3212.48,3212.39,3212.51,ETH
2026-01-07 10:45:56+00:00,56.0,3212.31,3212.12,3212.32,ETH
2026-01-07 10:45:57+00:00,57.0,3212.17,3212.06,3212.21,ETH
2026-01-07 10:45:58+00:00,58.0,3212.08,3212.06,3212.14,ETH
2026-01-07 10:45:59+00:00,59.0,3212.16,3212.06,3212.24,ETH
2026-01-07 10:46:00+00:00,60.0,3212.15,3212.06,3212.23,ETH
2026-01-07 10:46:01+00:00,61.0,3212.15,3212.07,3212.24,ETH
2026-01-07 10:46:02+00:00,62.0,3212.14,3212.02,3212.2,ETH
2026-01-07 10:46:03+00:00,63.0,3212.0,3211.98,3212.08,ETH
2026-01-07 10:46:04+00:00,64.0,3212.0,3211.97,3212.06,ETH
2026-01-07 10:46:05+00:00,65.0,3212.0,3211.95,3212.05,ETH
2026-01-07 10:46:06+00:00,66.0,3211.41,3211.24,3211.6,ETH
2026-01-07 10:46:07+00:00,67.0,3211.28,3211.12,3211.29,ETH
2026-01-07 10:46:08+00:00,68.0,3211.15,3211.11,3211.31,ETH
2026-01-07 10:46:09+00:00,69.0,3211.14,3211.11,3211.38,ETH
2026-01-07 10:46:10+00:00,70.0,3211.47,3211.39,3211.72,ETH
2026-01-07 10:46:11+00:00,71.0,3211.69,3211.51,3211.71,ETH
2026-01-07 10:46:12+00:00,72.0,3211.71,3211.59,3211.74,ETH
2026-01-07 10:46:13+00:00,73.0,3211.71,3211.61,3211.83,ETH
2026-01-07 10:46:14+00:00,74.0,3211.89,3211.79,3211.98,ETH
2026-01-07 10:46:15+00:00,75.0,3212.13,3211.77,3212.16,ETH
2026-01-07 10:46:16+00:00,76.0,3212.13,3211.91,3212.16,ETH
2026-01-07 10:46:17+00:00,77.0,3212.14,3211.92,3212.16,ETH
2026-01-07 10:46:18+00:00,78.0,3212.21,3212.13,3212.41,ETH
2026-01-07 10:46:19+00:00,79.0,3212.48,3212.46,3212.73,ETH
2026-01-07 10:46:20+00:00,80.0,3212.75,3212.55,3212.92,ETH
2026-01-07 10:46:21+00:00,81.0,3212.73,3212.55,3212.88,ETH
2026-01-07 10:46:22+00:00,82.0,3212.88,3212.57,3213.09,ETH
2026-01-07 10:46:23+00:00,83.0,3212.88,3212.8,3213.29,ETH
2026-01-07 10:46:24+00:00,84.0,3213.02,3212.78,3213.21,ETH
2026-01-07 10:46:25+00:00,85.0,3212.88,3212.67,3213.24,ETH
2026-01-07 10:46:26+00:00,86.0,3212.8,3212.72,3213.23,ETH
2026-01-07 10:46:27+00:00,87.0,3212.85,3212.75,3213.22,ETH
2026-01-07 10:46:28+00:00,88.0,3212.84,3212.75,3212.99,ETH
2026-01-07 10:46:29+00:00,89.0,3212.84,3212.75,3213.16,ETH
2026-01-07 10:46:30+00:00,90.0,3212.8,3212.75,3213.02,ETH
2026-01-07 10:46:31+00:00,91.0,3212.78,3212.62,3213.02,ETH
2026-01-07 10:46:32+00:00,92.0,3212.73,3212.65,3212.91,ETH
2026-01-07 10:46:33+00:00,93.0,3212.73,3212.64,3213.02,ETH
2026-01-07 10:46:34+00:00,94.0,3212.73,3212.64,3212.98,ETH
2026-01-07 10:46:35+00:00,95.0,3212.72,3212.63,3212.87,ETH
2026-01-07 10:46:36+00:00,96.0,3212.7,3212.64,3212.77,ETH
2026-01-07 10:46:37+00:00,97.0,3212.71,3212.64,3212.77,ETH
2026-01-07 10:46:38+00:00,98.0,3212.74,3212.65,3212.82,ETH
2026-01-07 10:46:39+00:00,99.0,3212.76,3212.65,3212.87,ETH
2026-01-07 10:46:40+00:00,100.0,3212.8,3212.67,3212.9,ETH
2026-01-07 10:46:41+00:00,101.0,3212.84,3212.69,3212.92,ETH
2026-01-07 10:46:42+00:00,102.0,3212.84,3212.69,3212.91,ETH
2026-01-07 10:46:43+00:00,103.0,3212.84,3212.69,3212.91,ETH
2026-01-07 10:46:44+00:00,104.0,3212.84,3212.69,3212.92,ETH
2026-01-07 10:46:45+00:00,105.0,3212.84,3212.67,3212.92,ETH
2026-01-07 10:46:46+00:00,106.0,3212.82,3212.68,3212.92,ETH
2026-01-07 10:46:47+00:00,107.0,3212.81,3212.68,3212.92,ETH
2026-01-07 10:46:48+00:00,108.0,3212.8,3212.67,3212.91,ETH
2026-01-07 10:46:49+00:00,109.0,3212.79,3212.67,3212.92,ETH
2026-01-07 10:46:50+00:00,110.0,3212.83,3212.69,3212.91,ETH
2026-01-07 10:46:51+00:00,111.0,3212.91,3212.76,3212.94,ETH
2026-01-07 10:46:52+00:00,112.0,3212.96,3212.82,3212.99,ETH
2026-01-07 10:46:53+00:00,113.0,3212.95,3212.74,3212.97,ETH
2026-01-07 10:46:54+00:00,114.0,3212.88,3212.63,3212.91,ETH
2026-01-07 10:46:55+00:00,115.0,3212.8,3212.6,3212.84,ETH
2026-01-07 10:46:56+00:00,116.0,3212.74,3212.62,3212.81,ETH
2026-01-07 10:46:57+00:00,117.0,3212.73,3212.63,3212.8,ETH
2026-01-07 10:46:58+00:00,118.0,3212.76,3212.62,3212.8,ETH
2026-01-07 10:46:59+00:00,119.0,3212.79,3212.62,3212.86,ETH
2026-01-07 10:47:00+00:00,120.0,3212.79,3212.64,3212.84,ETH
2026-01-07 10:47:01+00:00,121.0,3212.75,3212.65,3212.81,ETH
2026-01-07 10:47:02+00:00,122.0,3212.73,3212.65,3212.81,ETH
2026-01-07 10:47:03+00:00,123.0,3212.72,3212.63,3212.81,ETH
2026-01-07 10:47:04+00:00,124.0,3212.64,3212.58,3212.78,ETH
2026-01-07 10:47:05+00:00,125.0,3212.58,3212.54,3212.73,ETH
2026-01-07 10:47:06+00:00,126.0,3212.64,3212.53,3212.73,ETH
2026-01-07 10:47:07+00:00,127.0,3212.7,3212.52,3212.74,ETH
2026-01-07 10:47:08+00:00,128.0,3212.7,3212.52,3212.74,ETH
2026-01-07 10:47:09+00:00,129.0,3212.69,3212.53,3212.76,ETH
2026-01-07 10:47:10+00:00,130.0,3212.65,3212.53,3212.72,ETH
2026-01-07 10:47:11+00:00,131.0,3212.62,3212.52,3212.69,ETH
2026-01-07 10:47:12+00:00,132.0,3212.53,3212.43,3212.59,ETH
2026-01-07 10:47:13+00:00,133.0,3212.43,3212.36,3212.48,ETH
2026-01-07 10:47:14+00:00,134.0,3212.41,3212.36,3212.58,ETH
2026-01-07 10:47:15+00:00,135.0,3212.39,3212.36,3212.65,ETH
2026-01-07 10:47:16+00:00,136.0,3212.43,3212.37,3212.57,ETH
2026-01-07 10:47:17+00:00,137.0,3212.47,3212.37,3212.58,ETH
2026-01-07 10:47:18+00:00,138.0,3212.5,3212.38,3212.66,ETH
2026-01-07 10:47:19+00:00,139.0,3212.52,3212.41,3212.67,ETH
2026-01-07 10:47:20+00:00,140.0,3212.52,3212.41,3212.63,ETH
2026-01-07 10:47:21+00:00,141.0,3212.51,3212.41,3212.62,ETH
2026-01-07 10:47:22+00:00,142.0,3212.52,3212.41,3212.61,ETH
2026-01-07 10:47:23+00:00,143.0,3212.5,3212.41,3212.6,ETH
2026-01-07 10:47:24+00:00,144.0,3212.46,3212.38,3212.67,ETH
2026-01-07 10:47:25+00:00,145.0,3212.43,3212.36,3212.61,ETH
2026-01-07 10:47:26+00:00,146.0,3212.43,3212.36,3212.5,ETH
2026-01-07 10:47:27+00:00,147.0,3212.43,3212.36,3212.47,ETH
2026-01-07 10:47:28+00:00,148.0,3212.43,3212.35,3212.49,ETH
2026-01-07 10:47:29+00:00,149.0,3212.43,3212.35,3212.49,ETH
2026-01-07 10:47:30+00:00,150.0,3212.43,3212.35,3212.49,ETH
2026-01-07 10:47:31+00:00,151.0,3212.45,3212.35,3212.52,ETH
2026-01-07 10:47:32+00:00,152.0,3212.47,3212.36,3212.54,ETH
2026-01-07 10:47:33+00:00,153.0,3212.47,3212.38,3212.54,ETH
2026-01-07 10:47:34+00:00,154.0,3212.47,3212.38,3212.53,ETH
2026-01-07 10:47:35+00:00,155.0,3212.47,3212.38,3212.54,ETH
2026-01-07 10:47:36+00:00,156.0,3212.47,3212.38,3212.53,ETH
2026-01-07 10:47:37+00:00,157.0,3212.47,3212.39,3212.53,ETH
2026-01-07 10:47:38+00:00,158.0,3212.47,3212.39,3212.54,ETH
2026-01-07 10:47:39+00:00,159.0,3212.47,3212.42,3212.56,ETH
2026-01-07 10:47:40+00:00,160.0,3212.47,3212.46,3212.58,ETH
2026-01-07 10:47:41+00:00,161.0,3212.47,3212.46,3212.6,ETH
2026-01-07 10:47:42+00:00,162.0,3212.46,3212.45,3212.56,ETH
2026-01-07 10:47:43+00:00,163.0,3212.47,3212.44,3212.55,ETH
2026-01-07 10:47:44+00:00,164.0,3212.47,3212.44,3212.59,ETH
2026-01-07 10:47:45+00:00,165.0,3212.47,3212.44,3212.59,ETH
2026-01-07 10:47:46+00:00,166.0,3212.47,3212.43,3212.59,ETH
2026-01-07 10:47:47+00:00,167.0,3212.46,3212.4,3212.48,ETH
2026-01-07 10:47:48+00:00,168.0,3212.55,3212.45,3212.6,ETH
2026-01-07 10:47:49+00:00,169.0,3212.51,3212.45,3212.62,ETH
2026-01-07 10:47:50+00:00,170.0,3212.6,3212.53,3212.76,ETH
2026-01-07 10:47:51+00:00,171.0,3212.84,3212.77,3212.93,ETH
2026-01-07 10:47:52+00:00,172.0,3212.89,3212.73,3212.94,ETH
2026-01-07 10:47:53+00:00,173.0,3212.93,3212.69,3212.94,ETH
2026-01-07 10:47:54+00:00,174.0,3212.95,3212.78,3212.98,ETH
2026-01-07 10:47:55+00:00,175.0,3212.79,3212.75,3212.96,ETH
2026-01-07 10:47:56+00:00,176.0,3212.79,3212.75,3212.96,ETH
2026-01-07 10:47:57+00:00,177.0,3212.8,3212.76,3212.96,ETH
2026-01-07 10:47:58+00:00,178.0,3212.8,3212.76,3212.96,ETH
2026-01-07 10:47:59+00:00,179.0,3212.83,3212.76,3212.95,ETH
2026-01-07 10:48:00+00:00,180.0,3212.8,3212.7,3212.95,ETH
2026-01-07 10:48:01+00:00,181.0,3212.81,3212.61,3212.95,ETH
2026-01-07 10:48:02+00:00,182.0,3212.82,3212.59,3212.93,ETH
2026-01-07 10:48:03+00:00,183.0,3212.73,3212.62,3212.89,ETH
2026-01-07 10:48:04+00:00,184.0,3212.72,3212.61,3212.87,ETH
2026-01-07 10:48:05+00:00,185.0,3212.79,3212.61,3212.87,ETH
2026-01-07 10:48:06+00:00,186.0,3212.82,3212.68,3212.89,ETH
2026-01-07 10:48:07+00:00,187.0,3212.84,3212.75,3212.9,ETH
2026-01-07 10:48:08+00:00,188.0,3212.85,3212.75,3212.9,ETH
2026-01-07 10:48:09+00:00,189.0,3212.81,3212.73,3212.89,ETH
2026-01-07 10:48:10+00:00,190.0,3212.76,3212.71,3212.87,ETH
2026-01-07 10:48:11+00:00,191.0,3212.7,3212.64,3212.82,ETH
2026-01-07 10:48:12+00:00,192.0,3212.71,3212.66,3212.79,ETH
2026-01-07 10:48:13+00:00,193.0,3212.69,3212.65,3212.78,ETH
2026-01-07 10:48:14+00:00,194.0,3212.66,3212.46,3212.78,ETH
2026-01-07 10:48:15+00:00,195.0,3212.66,3212.46,3212.78,ETH
2026-01-07 10:48:16+00:00,196.0,3212.67,3212.58,3212.8,ETH
2026-01-07 10:48:17+00:00,197.0,3212.67,3212.58,3212.8,ETH
2026-01-07 10:48:18+00:00,198.0,3212.68,3212.46,3212.8,ETH
2026-01-07 10:48:19+00:00,199.0,3212.68,3212.58,3212.8,ETH
2026-01-07 10:48:20+00:00,200.0,3212.69,3212.64,3212.8,ETH
2026-01-07 10:48:21+00:00,201.0,3212.69,3212.58,3212.78,ETH
2026-01-07 10:48:22+00:00,202.0,3212.74,3212.68,3212.78,ETH
2026-01-07 10:48:23+00:00,203.0,3212.8,3212.74,3212.93,ETH
2026-01-07 10:48:24+00:00,204.0,3212.83,3212.73,3212.92,ETH
2026-01-07 10:48:25+00:00,205.0,3212.82,3212.73,3212.95,ETH
2026-01-07 10:48:26+00:00,206.0,3212.81,3212.73,3212.97,ETH
2026-01-07 10:48:27+00:00,207.0,3212.82,3212.73,3212.9,ETH
2026-01-07 10:48:28+00:00,208.0,3212.83,3212.47,3212.84,ETH
2026-01-07 10:48:29+00:00,209.0,3212.83,3212.73,3212.96,ETH
2026-01-07 10:48:30+00:00,210.0,3212.82,3212.74,3212.96,ETH
2026-01-07 10:48:31+00:00,211.0,3212.81,3212.6,3212.82,ETH
2026-01-07 10:48:32+00:00,212.0,3212.84,3212.74,3212.98,ETH
2026-01-07 10:48:33+00:00,213.0,3212.84,3212.75,3212.97,ETH
2026-01-07 10:48:34+00:00,214.0,3212.84,3212.75,3212.99,ETH
2026-01-07 10:48:35+00:00,215.0,3212.85,3212.75,3212.98,ETH
2026-01-07 10:48:36+00:00,216.0,3212.84,3212.68,3212.9,ETH
2026-01-07 10:48:37+00:00,217.0,3212.83,3212.68,3212.87,ETH
2026-01-07 10:48:38+00:00,218.0,3212.84,3212.75,3212.95,ETH
2026-01-07 10:48:39+00:00,219.0,3212.85,3212.75,3212.95,ETH
2026-01-07 10:48:40+00:00,220.0,3212.84,3212.74,3212.88,ETH
2026-01-07 10:48:41+00:00,221.0,3212.91,3212.84,3212.98,ETH
2026-01-07 10:48:42+00:00,222.0,3213.08,3212.97,3213.17,ETH
2026-01-07 10:48:44+00:00,224.0,3213.2,3213.02,3213.25,ETH
2026-01-07 10:48:45+00:00,225.0,3213.21,3213.05,3213.26,ETH
2026-01-07 10:48:46+00:00,226.0,3213.17,3213.04,3213.22,ETH
2026-01-07 10:48:47+00:00,227.0,3213.17,3213.04,3213.22,ETH
2026-01-07 10:48:48+00:00,228.0,3213.18,3213.08,3213.23,ETH
2026-01-07 10:48:49+00:00,229.0,3213.17,3213.07,3213.18,ETH
2026-01-07 10:48:50+00:00,230.0,3213.17,3213.08,3213.2,ETH
2026-01-07 10:48:51+00:00,231.0,3213.2,3213.11,3213.24,ETH
2026-01-07 10:48:52+00:00,232.0,3213.23,3213.11,3213.27,ETH
2026-01-07 10:48:53+00:00,233.0,3213.31,3213.15,3213.36,ETH
2026-01-07 10:48:54+00:00,234.0,3213.31,3213.19,3213.32,ETH
2026-01-07 10:48:55+00:00,235.0,3213.35,3213.21,3213.5,ETH
2026-01-07 10:48:56+00:00,236.0,3213.35,3213.21,3213.54,ETH
2026-01-07 10:48:57+00:00,237.0,3213.35,3213.25,3213.41,ETH
2026-01-07 10:48:58+00:00,238.0,3213.37,3213.25,3213.4,ETH
2026-01-07 10:48:59+00:00,239.0,3213.46,3213.26,3213.51,ETH
2026-01-07 10:49:00+00:00,240.0,3213.46,3213.26,3213.51,ETH
2026-01-07 10:49:01+00:00,241.0,3213.43,3213.2,3213.47,ETH
2026-01-07 10:49:02+00:00,242.0,3213.39,3213.1,3213.4,ETH
2026-01-07 10:49:03+00:00,243.0,3213.31,3213.06,3213.35,ETH
2026-01-07 10:49:04+00:00,244.0,3213.28,3213.08,3213.32,ETH
2026-01-07 10:49:05+00:00,245.0,3213.31,3213.09,3213.32,ETH
2026-01-07 10:49:06+00:00,246.0,3213.32,3213.09,3213.33,ETH
2026-01-07 10:49:07+00:00,247.0,3213.32,3213.09,3213.35,ETH
2026-01-07 10:49:08+00:00,248.0,3213.29,3213.09,3213.35,ETH
2026-01-07 10:49:09+00:00,249.0,3213.25,3213.09,3213.33,ETH
2026-01-07 10:49:10+00:00,250.0,3213.27,3213.09,3213.34,ETH
2026-01-07 10:49:11+00:00,251.0,3213.31,3213.09,3213.33,ETH
2026-01-07 10:49:12+00:00,252.0,3213.3,3213.14,3213.34,ETH
2026-01-07 10:49:13+00:00,253.0,3213.3,3213.19,3213.35,ETH
2026-01-07 10:49:14+00:00,254.0,3213.32,3213.2,3213.36,ETH
2026-01-07 10:49:15+00:00,255.0,3213.33,3213.2,3213.36,ETH
2026-01-07 10:49:16+00:00,256.0,3213.33,3213.2,3213.34,ETH
2026-01-07 10:49:17+00:00,257.0,3213.33,3213.21,3213.34,ETH
2026-01-07 10:49:18+00:00,258.0,3213.33,3213.21,3213.34,ETH
2026-01-07 10:49:19+00:00,259.0,3213.33,3213.21,3213.34,ETH
2026-01-07 10:49:20+00:00,260.0,3213.33,3213.21,3213.34,ETH
2026-01-07 10:49:21+00:00,261.0,3213.32,3213.17,3213.33,ETH
2026-01-07 10:49:22+00:00,262.0,3213.3,3213.13,3213.31,ETH
2026-01-07 10:49:23+00:00,263.0,3213.3,3213.18,3213.32,ETH
2026-01-07 10:49:24+00:00,264.0,3213.3,3213.22,3213.34,ETH
2026-01-07 10:49:25+00:00,265.0,3213.32,3213.22,3213.36,ETH
2026-01-07 10:49:26+00:00,266.0,3213.33,3213.22,3213.37,ETH
2026-01-07 10:49:27+00:00,267.0,3213.4,3213.23,3213.44,ETH
2026-01-07 10:49:28+00:00,268.0,3213.47,3213.25,3213.51,ETH
2026-01-07 10:49:30+00:00,270.0,3213.47,3213.25,3213.51,ETH
2026-01-07 10:49:31+00:00,271.0,3213.47,3213.25,3213.51,ETH
2026-01-07 10:49:32+00:00,272.0,3213.47,3213.27,3213.51,ETH
2026-01-07 10:49:33+00:00,273.0,3213.47,3213.27,3213.52,ETH
2026-01-07 10:49:34+00:00,274.0,3213.46,3213.23,3213.52,ETH
2026-01-07 10:49:35+00:00,275.0,3213.43,3213.27,3213.52,ETH
2026-01-07 10:49:36+00:00,276.0,3213.43,3213.27,3213.52,ETH
2026-01-07 10:49:37+00:00,277.0,3213.43,3213.27,3213.52,ETH
2026-01-07 10:49:38+00:00,278.0,3213.49,3213.27,3213.53,ETH
2026-01-07 10:49:39+00:00,279.0,3213.49,3213.27,3213.53,ETH
2026-01-07 10:49:40+00:00,280.0,3213.52,3213.27,3213.57,ETH
2026-01-07 10:49:41+00:00,281.0,3213.43,3213.24,3213.51,ETH
2026-01-07 10:49:42+00:00,282.0,3213.43,3213.29,3213.54,ETH
2026-01-07 10:49:43+00:00,283.0,3213.48,3213.3,3213.55,ETH
2026-01-07 10:49:44+00:00,284.0,3213.53,3213.33,3213.55,ETH
2026-01-07 10:49:45+00:00,285.0,3213.53,3213.33,3213.56,ETH
2026-01-07 10:49:46+00:00,286.0,3213.51,3213.33,3213.56,ETH
2026-01-07 10:49:47+00:00,287.0,3213.53,3213.32,3213.58,ETH
2026-01-07 10:49:48+00:00,288.0,3213.53,3213.32,3213.61,ETH
2026-01-07 10:49:49+00:00,289.0,3213.54,3213.31,3213.61,ETH
2026-01-07 10:49:50+00:00,290.0,3213.5,3213.31,3213.55,ETH
2026-01-07 10:49:51+00:00,291.0,3213.49,3213.33,3213.55,ETH
2026-01-07 10:49:52+00:00,292.0,3213.48,3213.33,3213.53,ETH
2026-01-07 10:49:53+00:00,293.0,3213.95,3213.94,3214.08,ETH
2026-01-07 10:49:54+00:00,294.0,3215.52,3215.26,3215.52,ETH
2026-01-07 10:49:55+00:00,295.0,3215.37,3215.31,3215.43,ETH
2026-01-07 10:49:56+00:00,296.0,3215.35,3215.1,3215.4,ETH
2026-01-07 10:49:57+00:00,297.0,3215.35,3215.18,3215.36,ETH
2026-01-07 10:49:58+00:00,298.0,3215.31,3215.18,3215.37,ETH
2026-01-07 10:49:59+00:00,299.0,3215.46,3215.36,3215.67,ETH
2026-01-07 10:50:00+00:00,300.0,3215.54,3215.47,3215.83,ETH
2026-01-07 10:50:01+00:00,301.0,3215.56,3215.36,3215.66,ETH
2026-01-07 10:50:02+00:00,302.0,3215.36,3215.34,3215.49,ETH
2026-01-07 10:50:03+00:00,303.0,3215.33,3215.11,3215.42,ETH
2026-01-07 10:50:04+00:00,304.0,3214.55,3214.24,3214.71,ETH
2026-01-07 10:50:05+00:00,305.0,3214.19,3214.14,3214.42,ETH
2026-01-07 10:50:06+00:00,306.0,3214.04,3213.81,3214.06,ETH
2026-01-07 10:50:07+00:00,307.0,3213.5,3213.45,3213.75,ETH
2026-01-07 10:50:08+00:00,308.0,3213.43,3213.33,3213.44,ETH
2026-01-07 10:50:09+00:00,309.0,3213.39,3213.35,3213.44,ETH
2026-01-07 10:50:10+00:00,310.0,3213.43,3213.42,3213.44,ETH
2026-01-07 10:50:11+00:00,311.0,3213.44,3213.33,3213.45,ETH
2026-01-07 10:50:12+00:00,312.0,3213.44,3213.34,3213.44,ETH
2026-01-07 10:50:13+00:00,313.0,3213.44,3213.31,3213.46,ETH
2026-01-07 10:50:14+00:00,314.0,3213.44,3213.29,3213.46,ETH
2026-01-07 10:50:15+00:00,315.0,3213.45,3213.32,3213.46,ETH
2026-01-07 10:50:16+00:00,316.0,3213.45,3213.31,3213.45,ETH
2026-01-07 10:50:17+00:00,317.0,3213.44,3213.27,3213.45,ETH
2026-01-07 10:50:18+00:00,318.0,3213.44,3213.27,3213.45,ETH
2026-01-07 10:50:19+00:00,319.0,3213.44,3213.26,3213.45,ETH
2026-01-07 10:50:20+00:00,320.0,3213.43,3213.26,3213.45,ETH
2026-01-07 10:50:21+00:00,321.0,3213.43,3213.27,3213.45,ETH
2026-01-07 10:50:22+00:00,322.0,3213.43,3213.27,3213.45,ETH
2026-01-07 10:50:23+00:00,323.0,3213.44,3213.27,3213.47,ETH
2026-01-07 10:50:25+00:00,325.0,3213.49,3213.29,3213.49,ETH
2026-01-07 10:50:26+00:00,326.0,3213.49,3213.34,3213.49,ETH
2026-01-07 10:50:27+00:00,327.0,3213.29,3213.27,3213.36,ETH
2026-01-07 10:50:28+00:00,328.0,3213.47,3213.4,3213.62,ETH
2026-01-07 10:50:29+00:00,329.0,3213.64,3213.48,3213.64,ETH
2026-01-07 10:50:30+00:00,330.0,3213.72,3213.59,3213.73,ETH
2026-01-07 10:50:31+00:00,331.0,3213.81,3213.47,3213.93,ETH
2026-01-07 10:50:32+00:00,332.0,3213.54,3213.46,3213.79,ETH
2026-01-07 10:50:33+00:00,333.0,3213.68,3213.46,3213.87,ETH
2026-01-07 10:50:34+00:00,334.0,3213.72,3213.46,3213.87,ETH
2026-01-07 10:50:35+00:00,335.0,3213.72,3213.49,3213.87,ETH
2026-01-07 10:50:36+00:00,336.0,3213.72,3213.46,3213.86,ETH
2026-01-07 10:50:37+00:00,337.0,3213.66,3213.47,3213.86,ETH
2026-01-07 10:50:38+00:00,338.0,3213.68,3213.46,3213.86,ETH
2026-01-07 10:50:39+00:00,339.0,3213.68,3213.46,3213.86,ETH
2026-01-07 10:50:40+00:00,340.0,3213.68,3213.46,3213.86,ETH
2026-01-07 10:50:41+00:00,341.0,3213.68,3213.46,3213.82,ETH
2026-01-07 10:50:42+00:00,342.0,3213.68,3213.46,3213.78,ETH
2026-01-07 10:50:43+00:00,343.0,3213.68,3213.47,3213.78,ETH
2026-01-07 10:50:44+00:00,344.0,3213.67,3213.47,3213.77,ETH
2026-01-07 10:50:45+00:00,345.0,3213.78,3213.65,3213.87,ETH
2026-01-07 10:50:46+00:00,346.0,3213.95,3213.89,3214.09,ETH
2026-01-07 10:50:47+00:00,347.0,3214.09,3213.93,3214.2,ETH
2026-01-07 10:50:48+00:00,348.0,3214.18,3213.92,3214.2,ETH
2026-01-07 10:50:49+00:00,349.0,3214.17,3213.93,3214.19,ETH
2026-01-07 10:50:50+00:00,350.0,3214.18,3213.94,3214.21,ETH
2026-01-07 10:50:51+00:00,351.0,3214.21,3214.02,3214.23,ETH
2026-01-07 10:50:52+00:00,352.0,3214.21,3214.08,3214.23,ETH
2026-01-07 10:50:53+00:00,353.0,3214.24,3214.11,3214.33,ETH
2026-01-07 10:50:54+00:00,354.0,3214.32,3214.22,3214.43,ETH
2026-01-07 10:50:55+00:00,355.0,3214.39,3214.27,3214.42,ETH
2026-01-07 10:50:56+00:00,356.0,3214.42,3214.31,3214.44,ETH
2026-01-07 10:50:57+00:00,357.0,3214.43,3214.34,3214.44,ETH
2026-01-07 10:50:58+00:00,358.0,3214.42,3214.34,3214.44,ETH
2026-01-07 10:50:59+00:00,359.0,3214.41,3214.25,3214.43,ETH
2026-01-07 10:51:00+00:00,360.0,3214.41,3214.14,3214.43,ETH
2026-01-07 10:51:01+00:00,361.0,3214.4,3214.28,3214.42,ETH
2026-01-07 10:51:02+00:00,362.0,3214.43,3214.31,3214.44,ETH
2026-01-07 10:51:03+00:00,363.0,3214.43,3214.31,3214.49,ETH
2026-01-07 10:51:04+00:00,364.0,3214.43,3214.31,3214.47,ETH
2026-01-07 10:51:05+00:00,365.0,3214.49,3214.31,3214.53,ETH
2026-01-07 10:51:06+00:00,366.0,3214.46,3214.3,3214.5,ETH
2026-01-07 10:51:07+00:00,367.0,3214.41,3214.3,3214.5,ETH
2026-01-07 10:51:08+00:00,368.0,3214.41,3214.3,3214.47,ETH
2026-01-07 10:51:09+00:00,369.0,3214.41,3214.3,3214.49,ETH
2026-01-07 10:51:10+00:00,370.0,3214.42,3214.3,3214.48,ETH
2026-01-07 10:51:11+00:00,371.0,3214.39,3214.3,3214.43,ETH
2026-01-07 10:51:12+00:00,372.0,3214.42,3214.31,3214.45,ETH
2026-01-07 10:51:13+00:00,373.0,3214.42,3214.3,3214.47,ETH
2026-01-07 10:51:14+00:00,374.0,3214.4,3214.25,3214.47,ETH
2026-01-07 10:51:15+00:00,375.0,3214.38,3214.21,3214.44,ETH
2026-01-07 10:51:16+00:00,376.0,3214.39,3214.21,3214.45,ETH
2026-01-07 10:51:17+00:00,377.0,3214.39,3214.2,3214.47,ETH
2026-01-07 10:51:18+00:00,378.0,3214.38,3214.15,3214.47,ETH
2026-01-07 10:51:19+00:00,379.0,3214.37,3214.17,3214.47,ETH
2026-01-07 10:51:20+00:00,380.0,3214.48,3214.39,3214.54,ETH
2026-01-07 10:51:21+00:00,381.0,3214.65,3214.61,3214.72,ETH
2026-01-07 10:51:22+00:00,382.0,3214.72,3214.64,3214.78,ETH
2026-01-07 10:51:23+00:00,383.0,3214.72,3214.63,3214.73,ETH
2026-01-07 10:51:24+00:00,384.0,3214.72,3214.64,3214.74,ETH
2026-01-07 10:51:25+00:00,385.0,3214.72,3214.64,3214.74,ETH
2026-01-07 10:51:26+00:00,386.0,3214.73,3214.64,3214.75,ETH
2026-01-07 10:51:27+00:00,387.0,3214.74,3214.64,3214.76,ETH
2026-01-07 10:51:28+00:00,388.0,3214.75,3214.65,3214.78,ETH
2026-01-07 10:51:29+00:00,389.0,3214.78,3214.66,3214.82,ETH
2026-01-07 10:51:30+00:00,390.0,3214.81,3214.66,3214.82,ETH
2026-01-07 10:51:31+00:00,391.0,3214.84,3214.67,3214.86,ETH
2026-01-07 10:51:32+00:00,392.0,3214.87,3214.7,3214.89,ETH
2026-01-07 10:51:33+00:00,393.0,3214.87,3214.71,3214.89,ETH
2026-01-07 10:51:34+00:00,394.0,3214.87,3214.7,3214.89,ETH
2026-01-07 10:51:35+00:00,395.0,3214.88,3214.7,3214.92,ETH
2026-01-07 10:51:36+00:00,396.0,3214.89,3214.69,3214.94,ETH
2026-01-07 10:51:37+00:00,397.0,3214.88,3214.68,3214.92,ETH
2026-01-07 10:51:38+00:00,398.0,3214.86,3214.67,3214.9,ETH
2026-01-07 10:51:39+00:00,399.0,3214.86,3214.61,3214.89,ETH
2026-01-07 10:51:40+00:00,400.0,3214.87,3214.62,3214.9,ETH
2026-01-07 10:51:41+00:00,401.0,3214.87,3214.7,3214.91,ETH
2026-01-07 10:51:42+00:00,402.0,3214.86,3214.62,3214.88,ETH
2026-01-07 10:51:43+00:00,403.0,3214.85,3214.62,3214.87,ETH
2026-01-07 10:51:44+00:00,404.0,3214.86,3214.7,3214.89,ETH
2026-01-07 10:51:45+00:00,405.0,3214.86,3214.7,3214.9,ETH
2026-01-07 10:51:46+00:00,406.0,3214.75,3214.55,3214.77,ETH
2026-01-07 10:51:47+00:00,407.0,3214.61,3214.4,3214.62,ETH
2026-01-07 10:51:48+00:00,408.0,3214.58,3214.37,3214.58,ETH
2026-01-07 10:51:49+00:00,409.0,3214.56,3214.35,3214.56,ETH
2026-01-07 10:51:50+00:00,410.0,3214.52,3214.33,3214.53,ETH
2026-01-07 10:51:51+00:00,411.0,3214.51,3214.28,3214.52,ETH
2026-01-07 10:51:52+00:00,412.0,3214.56,3214.51,3214.59,ETH
2026-01-07 10:51:53+00:00,413.0,3214.62,3214.55,3214.64,ETH
2026-01-07 10:51:54+00:00,414.0,3214.67,3214.55,3214.69,ETH
2026-01-07 10:51:55+00:00,415.0,3214.67,3214.57,3214.69,ETH
2026-01-07 10:51:56+00:00,416.0,3214.67,3214.57,3214.68,ETH
2026-01-07 10:51:57+00:00,417.0,3214.69,3214.57,3214.72,ETH
2026-01-07 10:51:58+00:00,418.0,3214.69,3214.61,3214.7,ETH
2026-01-07 10:51:59+00:00,419.0,3214.76,3214.61,3214.78,ETH
2026-01-07 10:52:00+00:00,420.0,3214.76,3214.61,3214.78,ETH
2026-01-07 10:52:01+00:00,421.0,3214.72,3214.56,3214.73,ETH
2026-01-07 10:52:02+00:00,422.0,3214.89,3214.63,3214.91,ETH
2026-01-07 10:52:03+00:00,423.0,3214.15,3214.08,3214.25,ETH
2026-01-07 10:52:04+00:00,424.0,3214.06,3214.03,3214.25,ETH
2026-01-07 10:52:05+00:00,425.0,3214.08,3214.05,3214.2,ETH
2026-01-07 10:52:06+00:00,426.0,3214.11,3214.06,3214.16,ETH
2026-01-07 10:52:07+00:00,427.0,3214.12,3214.07,3214.18,ETH
2026-01-07 10:52:08+00:00,428.0,3214.13,3214.08,3214.21,ETH
2026-01-07 10:52:09+00:00,429.0,3214.24,3213.95,3214.26,ETH
2026-01-07 10:52:10+00:00,430.0,3214.39,3214.1,3214.41,ETH
2026-01-07 10:52:11+00:00,431.0,3214.4,3214.03,3214.41,ETH
2026-01-07 10:52:12+00:00,432.0,3214.4,3214.04,3214.41,ETH
2026-01-07 10:52:13+00:00,433.0,3214.36,3213.97,3214.37,ETH
2026-01-07 10:52:14+00:00,434.0,3214.36,3214.06,3214.37,ETH
2026-01-07 10:52:15+00:00,435.0,3214.37,3214.19,3214.38,ETH
2026-01-07 10:52:17+00:00,437.0,3214.41,3214.24,3214.42,ETH
2026-01-07 10:52:18+00:00,438.0,3214.44,3214.33,3214.44,ETH
2026-01-07 10:52:19+00:00,439.0,3214.49,3214.32,3214.5,ETH
2026-01-07 10:52:20+00:00,440.0,3214.59,3214.39,3214.61,ETH
2026-01-07 10:52:21+00:00,441.0,3214.72,3214.61,3214.78,ETH
2026-01-07 10:52:22+00:00,442.0,3214.98,3214.73,3215.01,ETH
2026-01-07 10:52:23+00:00,443.0,3215.0,3214.73,3215.02,ETH
2026-01-07 10:52:24+00:00,444.0,3215.03,3214.73,3215.13,ETH
2026-01-07 10:52:25+00:00,445.0,3215.1,3214.73,3215.16,ETH
2026-01-07 10:52:26+00:00,446.0,3215.15,3214.97,3215.16,ETH
2026-01-07 10:52:27+00:00,447.0,3215.45,3215.17,3215.49,ETH
2026-01-07 10:52:28+00:00,448.0,3215.52,3215.29,3215.55,ETH
2026-01-07 10:52:29+00:00,449.0,3215.54,3215.39,3215.57,ETH
2026-01-07 10:52:30+00:00,450.0,3215.54,3215.32,3215.55,ETH
2026-01-07 10:52:31+00:00,451.0,3215.54,3215.37,3215.56,ETH
2026-01-07 10:52:32+00:00,452.0,3215.97,3215.9,3216.09,ETH
2026-01-07 10:52:33+00:00,453.0,3215.99,3215.91,3216.09,ETH
2026-01-07 10:52:34+00:00,454.0,3216.42,3216.42,3216.55,ETH
2026-01-07 10:52:35+00:00,455.0,3216.69,3216.56,3216.84,ETH
2026-01-07 10:52:36+00:00,456.0,3217.12,3217.09,3217.25,ETH
2026-01-07 10:52:37+00:00,457.0,3217.25,3217.22,3217.42,ETH
2026-01-07 10:52:38+00:00,458.0,3217.54,3217.47,3217.63,ETH
2026-01-07 10:52:39+00:00,459.0,3217.69,3217.63,3217.85,ETH
2026-01-07 10:52:40+00:00,460.0,3217.84,3217.76,3218.0,ETH
2026-01-07 10:52:41+00:00,461.0,3218.11,3218.0,3218.27,ETH
2026-01-07 10:52:42+00:00,462.0,3218.68,3218.52,3218.84,ETH
2026-01-07 10:52:43+00:00,463.0,3219.22,3219.06,3219.36,ETH
2026-01-07 10:52:44+00:00,464.0,3219.3,3219.05,3219.39,ETH
2026-01-07 10:52:45+00:00,465.0,3219.09,3218.82,3219.11,ETH
2026-01-07 10:52:46+00:00,466.0,3218.94,3218.84,3219.01,ETH
2026-01-07 10:52:47+00:00,467.0,3218.93,3218.86,3219.02,ETH
2026-01-07 10:52:48+00:00,468.0,3218.9,3218.83,3219.01,ETH
2026-01-07 10:52:49+00:00,469.0,3218.84,3218.79,3218.98,ETH
2026-01-07 10:52:50+00:00,470.0,3218.81,3218.72,3218.95,ETH
2026-01-07 10:52:51+00:00,471.0,3218.66,3218.48,3218.75,ETH
2026-01-07 10:52:52+00:00,472.0,3218.45,3218.25,3218.48,ETH
2026-01-07 10:52:53+00:00,473.0,3218.24,3218.12,3218.32,ETH
2026-01-07 10:52:54+00:00,474.0,3218.13,3218.05,3218.23,ETH
2026-01-07 10:52:55+00:00,475.0,3218.12,3218.04,3218.2,ETH
2026-01-07 10:52:56+00:00,476.0,3218.12,3217.87,3218.16,ETH
2026-01-07 10:52:57+00:00,477.0,3218.0,3217.77,3218.03,ETH
2026-01-07 10:52:58+00:00,478.0,3217.88,3217.83,3217.91,ETH
2026-01-07 10:52:59+00:00,479.0,3217.87,3217.8,3217.96,ETH
2026-01-07 10:53:00+00:00,480.0,3217.86,3217.78,3218.01,ETH
2026-01-07 10:53:01+00:00,481.0,3217.9,3217.8,3218.03,ETH
2026-01-07 10:53:02+00:00,482.0,3217.93,3217.82,3218.04,ETH
2026-01-07 10:53:03+00:00,483.0,3218.17,3218.03,3218.21,ETH
2026-01-07 10:53:04+00:00,484.0,3218.21,3217.96,3218.26,ETH
2026-01-07 10:53:05+00:00,485.0,3218.23,3218.16,3218.33,ETH
2026-01-07 10:53:06+00:00,486.0,3218.39,3218.24,3218.45,ETH
2026-01-07 10:53:07+00:00,487.0,3218.57,3218.22,3218.59,ETH
2026-01-07 10:53:08+00:00,488.0,3218.59,3218.49,3218.62,ETH
2026-01-07 10:53:09+00:00,489.0,3218.59,3218.22,3218.62,ETH
2026-01-07 10:53:10+00:00,490.0,3218.69,3218.57,3218.76,ETH
2026-01-07 10:53:11+00:00,491.0,3218.66,3218.2,3218.67,ETH
2026-01-07 10:53:12+00:00,492.0,3218.3,3218.26,3218.35,ETH
2026-01-07 10:53:13+00:00,493.0,3218.26,3218.12,3218.27,ETH
2026-01-07 10:53:14+00:00,494.0,3218.25,3218.12,3218.26,ETH
2026-01-07 10:53:15+00:00,495.0,3218.28,3218.12,3218.29,ETH
2026-01-07 10:53:16+00:00,496.0,3218.08,3217.98,3218.09,ETH
2026-01-07 10:53:17+00:00,497.0,3217.88,3217.84,3217.9,ETH
2026-01-07 10:53:18+00:00,498.0,3217.88,3217.84,3217.9,ETH
2026-01-07 10:53:19+00:00,499.0,3217.8,3217.78,3217.88,ETH
2026-01-07 10:53:20+00:00,500.0,3217.73,3217.68,3217.84,ETH
2026-01-07 10:53:21+00:00,501.0,3217.65,3217.6,3217.72,ETH
2026-01-07 10:53:22+00:00,502.0,3217.53,3217.44,3217.59,ETH
2026-01-07 10:53:23+00:00,503.0,3217.42,3217.24,3217.47,ETH
2026-01-07 10:53:24+00:00,504.0,3217.29,3217.12,3217.32,ETH
2026-01-07 10:53:25+00:00,505.0,3217.21,3217.11,3217.26,ETH
2026-01-07 10:53:26+00:00,506.0,3217.21,3217.12,3217.25,ETH
2026-01-07 10:53:27+00:00,507.0,3217.17,3217.12,3217.21,ETH
2026-01-07 10:53:28+00:00,508.0,3217.13,3216.98,3217.14,ETH
2026-01-07 10:53:29+00:00,509.0,3217.07,3217.03,3217.11,ETH
2026-01-07 10:53:30+00:00,510.0,3217.07,3216.98,3217.14,ETH
2026-01-07 10:53:31+00:00,511.0,3217.08,3216.98,3217.14,ETH
2026-01-07 10:53:32+00:00,512.0,3217.14,3216.98,3217.19,ETH
2026-01-07 10:53:33+00:00,513.0,3217.14,3216.83,3217.19,ETH
2026-01-07 10:53:34+00:00,514.0,3216.88,3216.62,3216.89,ETH
2026-01-07 10:53:35+00:00,515.0,3216.71,3216.68,3216.78,ETH
2026-01-07 10:53:36+00:00,516.0,3216.72,3216.7,3216.79,ETH
2026-01-07 10:53:37+00:00,517.0,3216.72,3216.7,3216.79,ETH
2026-01-07 10:53:38+00:00,518.0,3216.71,3216.69,3216.8,ETH
2026-01-07 10:53:39+00:00,519.0,3216.71,3216.69,3216.83,ETH
2026-01-07 10:53:40+00:00,520.0,3216.77,3216.67,3216.78,ETH
2026-01-07 10:53:41+00:00,521.0,3216.75,3216.65,3216.78,ETH
2026-01-07 10:53:42+00:00,522.0,3216.74,3216.67,3216.79,ETH
2026-01-07 10:53:43+00:00,523.0,3216.74,3216.66,3216.79,ETH
2026-01-07 10:53:44+00:00,524.0,3216.77,3216.7,3216.8,ETH
2026-01-07 10:53:45+00:00,525.0,3216.78,3216.69,3216.79,ETH
2026-01-07 10:53:46+00:00,526.0,3216.78,3216.7,3216.79,ETH
2026-01-07 10:53:47+00:00,527.0,3216.78,3216.72,3216.79,ETH
2026-01-07 10:53:48+00:00,528.0,3216.78,3216.71,3216.8,ETH
2026-01-07 10:53:49+00:00,529.0,3216.8,3216.71,3216.81,ETH
2026-01-07 10:53:50+00:00,530.0,3216.8,3216.7,3216.81,ETH
2026-01-07 10:53:51+00:00,531.0,3216.8,3216.68,3216.81,ETH
2026-01-07 10:53:52+00:00,532.0,3216.76,3216.68,3216.78,ETH
2026-01-07 10:53:53+00:00,533.0,3216.76,3216.66,3216.78,ETH
2026-01-07 10:53:54+00:00,534.0,3216.76,3216.63,3216.78,ETH
2026-01-07 10:53:55+00:00,535.0,3216.76,3216.71,3216.79,ETH
2026-01-07 10:53:56+00:00,536.0,3216.76,3216.71,3216.78,ETH
2026-01-07 10:53:57+00:00,537.0,3216.78,3216.74,3216.82,ETH
2026-01-07 10:53:58+00:00,538.0,3216.77,3216.7,3216.79,ETH
2026-01-07 10:53:59+00:00,539.0,3216.78,3216.72,3216.83,ETH
2026-01-07 10:54:00+00:00,540.0,3216.77,3216.72,3216.81,ETH
2026-01-07 10:54:01+00:00,541.0,3216.81,3216.76,3216.84,ETH
2026-01-07 10:54:02+00:00,542.0,3216.78,3216.73,3216.79,ETH
2026-01-07 10:54:03+00:00,543.0,3216.79,3216.75,3216.82,ETH
2026-01-07 10:54:04+00:00,544.0,3216.78,3216.72,3216.81,ETH
2026-01-07 10:54:05+00:00,545.0,3216.78,3216.71,3216.8,ETH
2026-01-07 10:54:06+00:00,546.0,3216.79,3216.74,3216.8,ETH
2026-01-07 10:54:07+00:00,547.0,3216.78,3216.64,3216.79,ETH
2026-01-07 10:54:08+00:00,548.0,3216.64,3216.49,3216.72,ETH
2026-01-07 10:54:09+00:00,549.0,3216.6,3216.45,3216.72,ETH
2026-01-07 10:54:10+00:00,550.0,3216.21,3216.17,3216.35,ETH
2026-01-07 10:54:11+00:00,551.0,3216.16,3216.08,3216.27,ETH
2026-01-07 10:54:12+00:00,552.0,3216.13,3216.08,3216.2,ETH
2026-01-07 10:54:13+00:00,553.0,3216.08,3216.07,3216.18,ETH
2026-01-07 10:54:14+00:00,554.0,3216.08,3216.07,3216.17,ETH
2026-01-07 10:54:15+00:00,555.0,3215.87,3215.68,3215.91,ETH
2026-01-07 10:54:16+00:00,556.0,3215.79,3215.74,3215.89,ETH
2026-01-07 10:54:17+00:00,557.0,3215.82,3215.79,3215.88,ETH
2026-01-07 10:54:18+00:00,558.0,3215.8,3215.79,3215.88,ETH
2026-01-07 10:54:19+00:00,559.0,3215.8,3215.76,3215.83,ETH
2026-01-07 10:54:20+00:00,560.0,3215.8,3215.77,3215.85,ETH
2026-01-07 10:54:21+00:00,561.0,3215.8,3215.78,3215.91,ETH
2026-01-07 10:54:22+00:00,562.0,3215.8,3215.79,3215.9,ETH
2026-01-07 10:54:23+00:00,563.0,3215.81,3215.79,3215.87,ETH
2026-01-07 10:54:24+00:00,564.0,3215.78,3215.77,3215.89,ETH
2026-01-07 10:54:25+00:00,565.0,3215.78,3215.75,3215.84,ETH
2026-01-07 10:54:26+00:00,566.0,3215.7,3215.66,3215.74,ETH
2026-01-07 10:54:27+00:00,567.0,3215.69,3215.59,3215.7,ETH
2026-01-07 10:54:28+00:00,568.0,3215.68,3215.67,3215.77,ETH
2026-01-07 10:54:29+00:00,569.0,3215.68,3215.66,3215.77,ETH
2026-01-07 10:54:30+00:00,570.0,3215.67,3215.64,3215.75,ETH
2026-01-07 10:54:31+00:00,571.0,3215.65,3215.61,3215.66,ETH
2026-01-07 10:54:32+00:00,572.0,3215.3,3215.26,3215.38,ETH
2026-01-07 10:54:33+00:00,573.0,3215.38,3215.34,3215.46,ETH
2026-01-07 10:54:34+00:00,574.0,3215.42,3215.38,3215.49,ETH
2026-01-07 10:54:35+00:00,575.0,3215.4,3215.35,3215.5,ETH
2026-01-07 10:54:36+00:00,576.0,3215.44,3215.35,3215.48,ETH
2026-01-07 10:54:37+00:00,577.0,3215.47,3215.37,3215.5,ETH
2026-01-07 10:54:38+00:00,578.0,3215.47,3215.38,3215.51,ETH
2026-01-07 10:54:39+00:00,579.0,3215.45,3215.38,3215.49,ETH
2026-01-07 10:54:40+00:00,580.0,3215.47,3215.38,3215.51,ETH
2026-01-07 10:54:41+00:00,581.0,3215.47,3215.38,3215.5,ETH
2026-01-07 10:54:42+00:00,582.0,3215.48,3215.38,3215.51,ETH
2026-01-07 10:54:43+00:00,583.0,3215.44,3215.38,3215.49,ETH
2026-01-07 10:54:44+00:00,584.0,3215.45,3215.39,3215.5,ETH
2026-01-07 10:54:45+00:00,585.0,3215.51,3215.42,3215.54,ETH
2026-01-07 10:54:46+00:00,586.0,3215.54,3215.42,3215.58,ETH
2026-01-07 10:54:47+00:00,587.0,3215.55,3215.43,3215.59,ETH
2026-01-07 10:54:48+00:00,588.0,3215.62,3215.61,3215.76,ETH
2026-01-07 10:54:49+00:00,589.0,3215.7,3215.61,3215.74,ETH
2026-01-07 10:54:50+00:00,590.0,3215.68,3215.59,3215.71,ETH
2026-01-07 10:54:51+00:00,591.0,3215.7,3215.53,3215.71,ETH
2026-01-07 10:54:52+00:00,592.0,3215.7,3215.53,3215.71,ETH
2026-01-07 10:54:53+00:00,593.0,3215.7,3215.53,3215.71,ETH
2026-01-07 10:54:54+00:00,594.0,3215.7,3215.53,3215.72,ETH
2026-01-07 10:54:55+00:00,595.0,3215.71,3215.53,3215.72,ETH
2026-01-07 10:54:56+00:00,596.0,3215.71,3215.53,3215.72,ETH
2026-01-07 10:54:57+00:00,597.0,3215.71,3215.54,3215.72,ETH
2026-01-07 10:54:58+00:00,598.0,3215.71,3215.54,3215.72,ETH
2026-01-07 10:54:59+00:00,599.0,3215.71,3215.61,3215.72,ETH
2026-01-07 10:55:00+00:00,600.0,3215.71,3215.61,3215.72,ETH
2026-01-07 10:55:01+00:00,601.0,3215.71,3215.63,3215.73,ETH
2026-01-07 10:55:02+00:00,602.0,3215.72,3215.62,3215.73,ETH
2026-01-07 10:55:03+00:00,603.0,3215.72,3215.61,3215.73,ETH
2026-01-07 10:55:04+00:00,604.0,3215.72,3215.61,3215.73,ETH
2026-01-07 10:55:05+00:00,605.0,3215.72,3215.61,3215.73,ETH
2026-01-07 10:55:06+00:00,606.0,3215.73,3215.61,3215.74,ETH
2026-01-07 10:55:07+00:00,607.0,3215.74,3215.61,3215.75,ETH
2026-01-07 10:55:08+00:00,608.0,3215.74,3215.61,3215.75,ETH
2026-01-07 10:55:09+00:00,609.0,3215.74,3215.61,3215.75,ETH
2026-01-07 10:55:10+00:00,610.0,3215.74,3215.65,3215.75,ETH
2026-01-07 10:55:11+00:00,611.0,3215.81,3215.7,3215.83,ETH
2026-01-07 10:55:13+00:00,613.0,3215.88,3215.7,3215.9,ETH
2026-01-07 10:55:14+00:00,614.0,3215.89,3215.7,3215.9,ETH
2026-01-07 10:55:15+00:00,615.0,3215.89,3215.7,3215.9,ETH
2026-01-07 10:55:16+00:00,616.0,3215.89,3215.7,3215.9,ETH
2026-01-07 10:55:17+00:00,617.0,3215.87,3215.7,3215.9,ETH
2026-01-07 10:55:18+00:00,618.0,3215.88,3215.7,3215.9,ETH
2026-01-07 10:55:19+00:00,619.0,3215.88,3215.7,3215.9,ETH
2026-01-07 10:55:20+00:00,620.0,3215.87,3215.7,3215.91,ETH
2026-01-07 10:55:21+00:00,621.0,3215.87,3215.66,3215.9,ETH
2026-01-07 10:55:22+00:00,622.0,3215.86,3215.7,3215.91,ETH
2026-01-07 10:55:23+00:00,623.0,3215.86,3215.7,3215.91,ETH
2026-01-07 10:55:24+00:00,624.0,3215.87,3215.68,3215.94,ETH
2026-01-07 10:55:25+00:00,625.0,3215.87,3215.69,3215.94,ETH
2026-01-07 10:55:26+00:00,626.0,3215.87,3215.68,3215.94,ETH
2026-01-07 10:55:27+00:00,627.0,3215.87,3215.67,3215.95,ETH
2026-01-07 10:55:28+00:00,628.0,3215.89,3215.76,3215.95,ETH
2026-01-07 10:55:29+00:00,629.0,3215.89,3215.76,3215.95,ETH
2026-01-07 10:55:30+00:00,630.0,3215.87,3215.68,3215.94,ETH
2026-01-07 10:55:31+00:00,631.0,3215.91,3215.76,3215.99,ETH
2026-01-07 10:55:32+00:00,632.0,3215.95,3215.84,3216.04,ETH
2026-01-07 10:55:33+00:00,633.0,3215.95,3215.84,3216.07,ETH
2026-01-07 10:55:34+00:00,634.0,3215.95,3215.84,3216.09,ETH
2026-01-07 10:55:35+00:00,635.0,3215.94,3215.84,3216.03,ETH
2026-01-07 10:55:36+00:00,636.0,3215.94,3215.84,3216.08,ETH
2026-01-07 10:55:37+00:00,637.0,3215.95,3215.84,3216.11,ETH
2026-01-07 10:55:38+00:00,638.0,3215.94,3215.84,3216.03,ETH
2026-01-07 10:55:39+00:00,639.0,3215.91,3215.83,3215.99,ETH
2026-01-07 10:55:40+00:00,640.0,3215.91,3215.83,3216.0,ETH
2026-01-07 10:55:41+00:00,641.0,3215.89,3215.83,3216.1,ETH
2026-01-07 10:55:42+00:00,642.0,3215.87,3215.8,3216.0,ETH
2026-01-07 10:55:43+00:00,643.0,3215.89,3215.8,3215.93,ETH
2026-01-07 10:55:44+00:00,644.0,3215.91,3215.82,3215.98,ETH
2026-01-07 10:55:45+00:00,645.0,3215.89,3215.82,3215.94,ETH
2026-01-07 10:55:46+00:00,646.0,3215.87,3215.83,3215.9,ETH
2026-01-07 10:55:47+00:00,647.0,3215.88,3215.83,3215.9,ETH
2026-01-07 10:55:48+00:00,648.0,3215.88,3215.78,3215.9,ETH
2026-01-07 10:55:49+00:00,649.0,3215.88,3215.76,3215.9,ETH
2026-01-07 10:55:50+00:00,650.0,3215.89,3215.79,3215.91,ETH
2026-01-07 10:55:51+00:00,651.0,3215.87,3215.79,3215.91,ETH
2026-01-07 10:55:52+00:00,652.0,3215.83,3215.76,3215.91,ETH
2026-01-07 10:55:53+00:00,653.0,3215.82,3215.75,3215.9,ETH
2026-01-07 10:55:54+00:00,654.0,3215.82,3215.77,3215.89,ETH
2026-01-07 10:55:55+00:00,655.0,3215.83,3215.78,3215.89,ETH
2026-01-07 10:55:56+00:00,656.0,3215.84,3215.8,3215.88,ETH
2026-01-07 10:55:57+00:00,657.0,3215.82,3215.79,3215.86,ETH
2026-01-07 10:55:58+00:00,658.0,3215.82,3215.79,3215.89,ETH
2026-01-07 10:55:59+00:00,659.0,3215.84,3215.8,3215.95,ETH
2026-01-07 10:56:00+00:00,660.0,3215.84,3215.81,3215.97,ETH
2026-01-07 10:56:01+00:00,661.0,3215.89,3215.84,3215.98,ETH
2026-01-07 10:56:02+00:00,662.0,3215.94,3215.87,3215.98,ETH
2026-01-07 10:56:03+00:00,663.0,3215.95,3215.87,3215.99,ETH
2026-01-07 10:56:04+00:00,664.0,3215.96,3215.88,3216.01,ETH
2026-01-07 10:56:05+00:00,665.0,3215.96,3215.87,3216.03,ETH
2026-01-07 10:56:06+00:00,666.0,3215.94,3215.87,3216.04,ETH
2026-01-07 10:56:07+00:00,667.0,3216.09,3216.01,3216.2,ETH
2026-01-07 10:56:08+00:00,668.0,3216.26,3216.17,3216.38,ETH
2026-01-07 10:56:09+00:00,669.0,3216.31,3216.22,3216.37,ETH
2026-01-07 10:56:10+00:00,670.0,3216.34,3216.24,3216.37,ETH
2026-01-07 10:56:11+00:00,671.0,3216.33,3216.24,3216.37,ETH
2026-01-07 10:56:12+00:00,672.0,3216.3,3216.24,3216.33,ETH
2026-01-07 10:56:13+00:00,673.0,3216.28,3216.24,3216.32,ETH
2026-01-07 10:56:14+00:00,674.0,3216.29,3216.2,3216.33,ETH
2026-01-07 10:56:15+00:00,675.0,3216.27,3216.16,3216.32,ETH
2026-01-07 10:56:16+00:00,676.0,3216.26,3216.16,3216.3,ETH
2026-01-07 10:56:17+00:00,677.0,3216.26,3216.16,3216.3,ETH
2026-01-07 10:56:18+00:00,678.0,3216.26,3216.16,3216.32,ETH
2026-01-07 10:56:19+00:00,679.0,3216.26,3216.15,3216.3,ETH
2026-01-07 10:56:20+00:00,680.0,3216.24,3216.14,3216.27,ETH
2026-01-07 10:56:21+00:00,681.0,3216.25,3216.16,3216.27,ETH
2026-01-07 10:56:22+00:00,682.0,3216.25,3216.16,3216.27,ETH
2026-01-07 10:56:23+00:00,683.0,3216.25,3216.17,3216.28,ETH
2026-01-07 10:56:24+00:00,684.0,3216.27,3216.18,3216.28,ETH
2026-01-07 10:56:25+00:00,685.0,3216.26,3216.12,3216.27,ETH
2026-01-07 10:56:26+00:00,686.0,3216.19,3216.07,3216.22,ETH
2026-01-07 10:56:27+00:00,687.0,3216.13,3216.06,3216.18,ETH
2026-01-07 10:56:28+00:00,688.0,3216.14,3216.04,3216.18,ETH
2026-01-07 10:56:29+00:00,689.0,3216.14,3216.07,3216.18,ETH
2026-01-07 10:56:30+00:00,690.0,3216.13,3216.09,3216.18,ETH
2026-01-07 10:56:31+00:00,691.0,3216.14,3216.09,3216.18,ETH
2026-01-07 10:56:32+00:00,692.0,3216.14,3216.09,3216.18,ETH
2026-01-07 10:56:33+00:00,693.0,3216.14,3216.1,3216.18,ETH
2026-01-07 10:56:34+00:00,694.0,3216.15,3216.12,3216.18,ETH
2026-01-07 10:56:35+00:00,695.0,3216.16,3216.12,3216.18,ETH
2026-01-07 10:56:36+00:00,696.0,3216.16,3216.12,3216.19,ETH
2026-01-07 10:56:37+00:00,697.0,3216.16,3216.12,3216.21,ETH
2026-01-07 10:56:38+00:00,698.0,3216.18,3216.11,3216.22,ETH
2026-01-07 10:56:39+00:00,699.0,3216.17,3216.11,3216.2,ETH
2026-01-07 10:56:40+00:00,700.0,3216.15,3216.09,3216.18,ETH
2026-01-07 10:56:41+00:00,701.0,3216.17,3216.06,3216.18,ETH
2026-01-07 10:56:42+00:00,702.0,3216.16,3216.08,3216.17,ETH
2026-01-07 10:56:43+00:00,703.0,3216.16,3216.11,3216.19,ETH
2026-01-07 10:56:44+00:00,704.0,3216.2,3216.11,3216.21,ETH
2026-01-07 10:56:45+00:00,705.0,3216.2,3216.06,3216.21,ETH
2026-01-07 10:56:46+00:00,706.0,3216.2,3216.1,3216.21,ETH
2026-01-07 10:56:47+00:00,707.0,3216.2,3216.09,3216.21,ETH
2026-01-07 10:56:48+00:00,708.0,3216.19,3216.11,3216.21,ETH
2026-01-07 10:56:49+00:00,709.0,3216.19,3216.12,3216.21,ETH
2026-01-07 10:56:50+00:00,710.0,3216.17,3216.12,3216.21,ETH
2026-01-07 10:56:51+00:00,711.0,3216.2,3216.12,3216.21,ETH
2026-01-07 10:56:52+00:00,712.0,3216.2,3216.13,3216.21,ETH
2026-01-07 10:56:53+00:00,713.0,3216.2,3216.13,3216.21,ETH
2026-01-07 10:56:54+00:00,714.0,3216.2,3216.09,3216.21,ETH
2026-01-07 10:56:55+00:00,715.0,3216.18,3216.11,3216.21,ETH
2026-01-07 10:56:56+00:00,716.0,3216.19,3216.12,3216.21,ETH
2026-01-07 10:56:57+00:00,717.0,3216.2,3216.14,3216.73,ETH
2026-01-07 10:56:58+00:00,718.0,3216.19,3216.13,3216.22,ETH
2026-01-07 10:56:59+00:00,719.0,3216.19,3216.1,3216.21,ETH
2026-01-07 10:57:00+00:00,720.0,3216.14,3216.1,3216.19,ETH
2026-01-07 10:57:01+00:00,721.0,3216.18,3216.12,3216.22,ETH
2026-01-07 10:57:02+00:00,722.0,3216.18,3216.12,3216.2,ETH
2026-01-07 10:57:03+00:00,723.0,3216.18,3216.12,3216.2,ETH
2026-01-07 10:57:04+00:00,724.0,3216.19,3216.1,3216.2,ETH
2026-01-07 10:57:05+00:00,725.0,3216.2,3216.09,3216.21,ETH
2026-01-07 10:57:06+00:00,726.0,3216.2,3216.09,3216.21,ETH
2026-01-07 10:57:07+00:00,727.0,3216.19,3215.9,3216.2,ETH
2026-01-07 10:57:08+00:00,728.0,3215.93,3215.65,3215.99,ETH
2026-01-07 10:57:09+00:00,729.0,3215.65,3215.58,3215.78,ETH
2026-01-07 10:57:10+00:00,730.0,3215.63,3215.57,3215.77,ETH
2026-01-07 10:57:11+00:00,731.0,3215.64,3215.57,3215.77,ETH
2026-01-07 10:57:12+00:00,732.0,3215.66,3215.57,3215.77,ETH
2026-01-07 10:57:13+00:00,733.0,3215.69,3215.57,3215.76,ETH
2026-01-07 10:57:14+00:00,734.0,3215.69,3215.57,3215.75,ETH
2026-01-07 10:57:15+00:00,735.0,3215.69,3215.57,3215.75,ETH
2026-01-07 10:57:16+00:00,736.0,3215.68,3215.57,3215.75,ETH
2026-01-07 10:57:17+00:00,737.0,3215.68,3215.61,3215.75,ETH
2026-01-07 10:57:18+00:00,738.0,3215.62,3215.56,3215.66,ETH
2026-01-07 10:57:20+00:00,740.0,3215.56,3215.48,3215.58,ETH
2026-01-07 10:57:21+00:00,741.0,3215.78,3215.68,3215.9,ETH
2026-01-07 10:57:22+00:00,742.0,3216.0,3215.88,3216.01,ETH
2026-01-07 10:57:23+00:00,743.0,3216.01,3215.88,3216.02,ETH
2026-01-07 10:57:24+00:00,744.0,3216.01,3215.88,3216.02,ETH
2026-01-07 10:57:25+00:00,745.0,3216.02,3215.88,3216.03,ETH
2026-01-07 10:57:26+00:00,746.0,3216.16,3215.97,3216.19,ETH
2026-01-07 10:57:27+00:00,747.0,3216.0,3215.94,3216.03,ETH
2026-01-07 10:57:28+00:00,748.0,3216.01,3215.94,3216.03,ETH
2026-01-07 10:57:29+00:00,749.0,3216.01,3215.94,3216.03,ETH
2026-01-07 10:57:30+00:00,750.0,3216.05,3215.96,3216.08,ETH
2026-01-07 10:57:31+00:00,751.0,3216.05,3215.99,3216.07,ETH
2026-01-07 10:57:32+00:00,752.0,3216.01,3215.99,3216.02,ETH
2026-01-07 10:57:33+00:00,753.0,3216.01,3215.99,3216.02,ETH
2026-01-07 10:57:34+00:00,754.0,3216.01,3215.9,3216.02,ETH
2026-01-07 10:57:35+00:00,755.0,3216.01,3215.88,3216.04,ETH
2026-01-07 10:57:36+00:00,756.0,3215.98,3215.93,3216.03,ETH
2026-01-07 10:57:37+00:00,757.0,3215.95,3215.92,3216.01,ETH
2026-01-07 10:57:38+00:00,758.0,3215.9,3215.84,3216.01,ETH
2026-01-07 10:57:39+00:00,759.0,3215.84,3215.64,3215.95,ETH
2026-01-07 10:57:40+00:00,760.0,3215.73,3215.56,3215.81,ETH
2026-01-07 10:57:41+00:00,761.0,3215.6,3215.53,3215.67,ETH
2026-01-07 10:57:42+00:00,762.0,3215.51,3215.44,3215.58,ETH
2026-01-07 10:57:43+00:00,763.0,3215.48,3215.42,3215.53,ETH
2026-01-07 10:57:44+00:00,764.0,3215.52,3215.44,3215.53,ETH
2026-01-07 10:57:45+00:00,765.0,3215.53,3215.46,3215.54,ETH
2026-01-07 10:57:46+00:00,766.0,3215.76,3215.66,3215.83,ETH
2026-01-07 10:57:47+00:00,767.0,3216.14,3215.96,3216.21,ETH
2026-01-07 10:57:48+00:00,768.0,3216.32,3216.13,3216.33,ETH
2026-01-07 10:57:49+00:00,769.0,3216.35,3216.17,3216.36,ETH
2026-01-07 10:57:50+00:00,770.0,3216.35,3216.14,3216.36,ETH
2026-01-07 10:57:51+00:00,771.0,3216.35,3216.2,3216.38,ETH
2026-01-07 10:57:52+00:00,772.0,3216.38,3216.2,3216.39,ETH
2026-01-07 10:57:53+00:00,773.0,3216.38,3216.21,3216.39,ETH
2026-01-07 10:57:54+00:00,774.0,3216.42,3216.28,3216.43,ETH
2026-01-07 10:57:55+00:00,775.0,3216.42,3216.29,3216.45,ETH
2026-01-07 10:57:56+00:00,776.0,3216.43,3216.32,3216.45,ETH
2026-01-07 10:57:57+00:00,777.0,3216.44,3216.35,3216.54,ETH
2026-01-07 10:57:58+00:00,778.0,3216.43,3216.32,3216.44,ETH
2026-01-07 10:57:59+00:00,779.0,3216.45,3216.29,3216.46,ETH
2026-01-07 10:58:00+00:00,780.0,3216.43,3216.33,3216.46,ETH
2026-01-07 10:58:01+00:00,781.0,3216.65,3216.64,3216.85,ETH
2026-01-07 10:58:02+00:00,782.0,3216.84,3216.65,3216.85,ETH
2026-01-07 10:58:03+00:00,783.0,3216.95,3216.78,3216.98,ETH
2026-01-07 10:58:04+00:00,784.0,3216.97,3216.79,3216.98,ETH
2026-01-07 10:58:05+00:00,785.0,3217.12,3217.01,3217.33,ETH
2026-01-07 10:58:06+00:00,786.0,3217.27,3217.07,3217.29,ETH
2026-01-07 10:58:07+00:00,787.0,3217.33,3217.15,3217.4,ETH
2026-01-07 10:58:08+00:00,788.0,3217.43,3217.26,3217.44,ETH
2026-01-07 10:58:09+00:00,789.0,3217.43,3217.26,3217.44,ETH
2026-01-07 10:58:10+00:00,790.0,3217.39,3217.26,3217.44,ETH
2026-01-07 10:58:11+00:00,791.0,3217.36,3217.13,3217.44,ETH
2026-01-07 10:58:12+00:00,792.0,3217.35,3217.17,3217.44,ETH
2026-01-07 10:58:13+00:00,793.0,3217.35,3217.18,3217.44,ETH
2026-01-07 10:58:14+00:00,794.0,3217.29,3217.21,3217.45,ETH
2026-01-07 10:58:15+00:00,795.0,3217.34,3217.25,3217.46,ETH
2026-01-07 10:58:16+00:00,796.0,3217.42,3217.29,3217.48,ETH
2026-01-07 10:58:17+00:00,797.0,3217.47,3217.29,3217.49,ETH
2026-01-07 10:58:19+00:00,799.0,3217.54,3217.28,3217.58,ETH
2026-01-07 10:58:20+00:00,800.0,3217.63,3217.4,3217.64,ETH
2026-01-07 10:58:21+00:00,801.0,3217.69,3217.48,3217.82,ETH
2026-01-07 10:58:22+00:00,802.0,3217.7,3217.6,3217.8,ETH
2026-01-07 10:58:23+00:00,803.0,3217.81,3217.63,3217.83,ETH
2026-01-07 10:58:24+00:00,804.0,3217.81,3217.64,3217.83,ETH
2026-01-07 10:58:25+00:00,805.0,3217.81,3217.64,3217.83,ETH
2026-01-07 10:58:26+00:00,806.0,3217.82,3217.65,3217.83,ETH
2026-01-07 10:58:27+00:00,807.0,3217.82,3217.65,3217.83,ETH
2026-01-07 10:58:28+00:00,808.0,3217.82,3217.65,3217.83,ETH
2026-01-07 10:58:29+00:00,809.0,3217.82,3217.66,3217.83,ETH
2026-01-07 10:58:30+00:00,810.0,3217.83,3217.65,3217.84,ETH
2026-01-07 10:58:31+00:00,811.0,3217.84,3217.68,3217.85,ETH
2026-01-07 10:58:32+00:00,812.0,3217.84,3217.68,3217.85,ETH
2026-01-07 10:58:33+00:00,813.0,3217.84,3217.68,3217.85,ETH
2026-01-07 10:58:34+00:00,814.0,3217.9,3217.69,3217.91,ETH
2026-01-07 10:58:35+00:00,815.0,3217.91,3217.76,3217.97,ETH
2026-01-07 10:58:36+00:00,816.0,3217.99,3217.76,3218.01,ETH
2026-01-07 10:58:37+00:00,817.0,3217.95,3217.76,3218.01,ETH
2026-01-07 10:58:38+00:00,818.0,3217.94,3217.76,3218.01,ETH
2026-01-07 10:58:39+00:00,819.0,3217.94,3217.76,3218.03,ETH
2026-01-07 10:58:40+00:00,820.0,3217.97,3217.76,3217.99,ETH
2026-01-07 10:58:41+00:00,821.0,3217.97,3217.76,3217.98,ETH
2026-01-07 10:58:42+00:00,822.0,3217.96,3217.69,3217.98,ETH
2026-01-07 10:58:43+00:00,823.0,3217.96,3217.76,3217.98,ETH
2026-01-07 10:58:44+00:00,824.0,3217.95,3217.76,3217.98,ETH
2026-01-07 10:58:45+00:00,825.0,3217.95,3217.76,3217.98,ETH
2026-01-07 10:58:46+00:00,826.0,3217.96,3217.76,3217.97,ETH
2026-01-07 10:58:47+00:00,827.0,3217.96,3217.76,3218.15,ETH
2026-01-07 10:58:48+00:00,828.0,3217.94,3217.86,3218.0,ETH
2026-01-07 10:58:49+00:00,829.0,3217.65,3217.6,3217.69,ETH
2026-01-07 10:58:50+00:00,830.0,3217.04,3216.84,3217.06,ETH
2026-01-07 10:58:51+00:00,831.0,3216.81,3216.42,3217.06,ETH
2026-01-07 10:58:52+00:00,832.0,3216.31,3216.17,3216.51,ETH
2026-01-07 10:58:53+00:00,833.0,3216.44,3216.4,3216.52,ETH
2026-01-07 10:58:54+00:00,834.0,3216.45,3216.41,3216.48,ETH
2026-01-07 10:58:55+00:00,835.0,3216.41,3216.36,3216.44,ETH
2026-01-07 10:58:56+00:00,836.0,3216.35,3216.29,3216.42,ETH
2026-01-07 10:58:57+00:00,837.0,3216.2,3216.09,3216.24,ETH
2026-01-07 10:58:58+00:00,838.0,3215.95,3215.91,3215.98,ETH
2026-01-07 10:58:59+00:00,839.0,3215.95,3215.93,3216.04,ETH
2026-01-07 10:59:00+00:00,840.0,3215.89,3215.88,3216.04,ETH
2026-01-07 10:59:01+00:00,841.0,3215.89,3215.86,3216.22,ETH
2026-01-07 10:59:02+00:00,842.0,3215.94,3215.84,3215.96,ETH
2026-01-07 10:59:03+00:00,843.0,3215.88,3215.83,3215.96,ETH
2026-01-07 10:59:04+00:00,844.0,3215.84,3215.79,3215.9,ETH
2026-01-07 10:59:05+00:00,845.0,3215.84,3215.82,3215.94,ETH
2026-01-07 10:59:06+00:00,846.0,3215.84,3215.82,3215.99,ETH
2026-01-07 10:59:07+00:00,847.0,3215.88,3215.87,3216.01,ETH
2026-01-07 10:59:08+00:00,848.0,3215.93,3215.88,3215.97,ETH
2026-01-07 10:59:09+00:00,849.0,3215.92,3215.84,3215.95,ETH
2026-01-07 10:59:10+00:00,850.0,3216.14,3215.96,3216.15,ETH
2026-01-07 10:59:11+00:00,851.0,3215.8,3215.79,3215.93,ETH
2026-01-07 10:59:12+00:00,852.0,3215.57,3215.41,3215.67,ETH
2026-01-07 10:59:13+00:00,853.0,3215.48,3215.02,3215.5,ETH
2026-01-07 10:59:14+00:00,854.0,3215.12,3214.99,3215.14,ETH
2026-01-07 10:59:15+00:00,855.0,3215.4,3215.29,3215.46,ETH
2026-01-07 10:59:16+00:00,856.0,3215.35,3215.29,3215.39,ETH
2026-01-07 10:59:17+00:00,857.0,3215.4,3215.32,3215.41,ETH
2026-01-07 10:59:18+00:00,858.0,3215.41,3215.33,3215.42,ETH
2026-01-07 10:59:19+00:00,859.0,3215.41,3215.32,3215.42,ETH
2026-01-07 10:59:20+00:00,860.0,3215.43,3215.32,3215.44,ETH
2026-01-07 10:59:21+00:00,861.0,3215.43,3215.27,3215.44,ETH
2026-01-07 10:59:22+00:00,862.0,3215.42,3215.29,3215.43,ETH
2026-01-07 10:59:23+00:00,863.0,3215.42,3215.3,3215.43,ETH
2026-01-07 10:59:24+00:00,864.0,3215.42,3215.29,3215.43,ETH
2026-01-07 10:59:25+00:00,865.0,3215.42,3215.3,3215.43,ETH
2026-01-07 10:59:26+00:00,866.0,3215.42,3215.32,3215.43,ETH
2026-01-07 10:59:27+00:00,867.0,3215.42,3215.33,3215.43,ETH
2026-01-07 10:59:28+00:00,868.0,3215.46,3215.37,3215.5,ETH
2026-01-07 10:59:29+00:00,869.0,3215.54,3215.44,3215.62,ETH
2026-01-07 10:59:30+00:00,870.0,3215.59,3215.47,3215.67,ETH
2026-01-07 10:59:31+00:00,871.0,3215.6,3215.49,3215.67,ETH
2026-01-07 10:59:32+00:00,872.0,3215.61,3215.51,3215.67,ETH
2026-01-07 10:59:33+00:00,873.0,3215.57,3215.44,3215.61,ETH
2026-01-07 10:59:34+00:00,874.0,3215.48,3215.39,3215.59,ETH
2026-01-07 10:59:35+00:00,875.0,3215.45,3215.43,3215.62,ETH
2026-01-07 10:59:36+00:00,876.0,3215.41,3215.38,3215.53,ETH
2026-01-07 10:59:37+00:00,877.0,3215.32,3215.28,3215.4,ETH
2026-01-07 10:59:38+00:00,878.0,3215.28,3215.23,3215.34,ETH
2026-01-07 10:59:39+00:00,879.0,3215.27,3215.24,3215.34,ETH
2026-01-07 10:59:40+00:00,880.0,3215.26,3215.24,3215.38,ETH
2026-01-07 10:59:41+00:00,881.0,3215.21,3215.18,3215.32,ETH
2026-01-07 10:59:42+00:00,882.0,3214.79,3214.67,3214.83,ETH
2026-01-07 10:59:43+00:00,883.0,3214.38,3214.21,3214.43,ETH
2026-01-07 10:59:44+00:00,884.0,3214.35,3214.17,3214.44,ETH
2026-01-07 10:59:45+00:00,885.0,3214.33,3214.15,3214.48,ETH
2026-01-07 10:59:46+00:00,886.0,3214.36,3214.22,3214.52,ETH
2026-01-07 10:59:47+00:00,887.0,3214.44,3214.32,3214.53,ETH
2026-01-07 10:59:48+00:00,888.0,3214.53,3214.34,3214.58,ETH
2026-01-07 10:59:49+00:00,889.0,3214.57,3214.35,3214.62,ETH
2026-01-07 10:59:50+00:00,890.0,3214.57,3214.34,3214.62,ETH
2026-01-07 10:59:51+00:00,891.0,3214.57,3214.34,3214.6,ETH
2026-01-07 10:59:52+00:00,892.0,3214.54,3214.3,3214.58,ETH
2026-01-07 10:59:53+00:00,893.0,3214.45,3214.3,3214.5,ETH
2026-01-07 10:59:54+00:00,894.0,3214.45,3214.3,3214.5,ETH
2026-01-07 10:59:55+00:00,895.0,3214.43,3214.3,3214.48,ETH
2026-01-07 10:59:56+00:00,896.0,3214.38,3214.29,3214.43,ETH
2026-01-07 10:59:57+00:00,897.0,3214.36,3214.28,3214.39,ETH
2026-01-07 10:59:58+00:00,898.0,3214.29,3214.16,3214.3,ETH
2026-01-07 10:59:59+00:00,899.0,3214.39,3214.28,3214.48,ETH
