timestamp,collected_at,seconds,up_mid,up_best_bid,up_best_ask,down_mid,down_best_bid,down_best_ask,up_best_bid_size,up_best_ask_size,down_best_bid_size,down_best_ask_size,up_bid_2,up_bid_2_size,up_ask_2,up_ask_2_size,up_bid_3,up_bid_3_size,up_ask_3,up_ask_3_size,up_bid_4,up_bid_4_size,up_ask_4,up_ask_4_size,up_bid_5,up_bid_5_size,up_ask_5,up_ask_5_size,up_bid_6,up_bid_6_size,up_ask_6,up_ask_6_size,down_bid_2,down_bid_2_size,down_ask_2,down_ask_2_size,down_bid_3,down_bid_3_size,down_ask_3,down_ask_3_size,down_bid_4,down_bid_4_size,down_ask_4,down_ask_4_size,down_bid_5,down_bid_5_size,down_ask_5,down_ask_5_size,down_bid_6,down_bid_6_size,down_ask_6,down_ask_6_size
2026-01-07 10:45:00.036000+00:00,2026-01-07 10:44:57.596737+00:00,0.036,0.999,0.999,,0.001,,0.001,544.85,,,544.85,0.99,14847.49,,,0.98,119.64,,,0.96,88.31,,,0.95,165.0,,,0.94,26.0,,,,,0.01,14847.49,,,0.02,119.64,,,0.04,88.31,,,0.05,165.0,,,0.06,26.0
2026-01-07 10:45:01.579000+00:00,2026-01-07 10:44:59.638517+00:00,1.579,0.999,0.999,,0.001,,0.001,62142.73,,,62132.74,0.99,208177.32,,,0.98,119.64,,,0.96,88.31,,,0.95,165.0,,,0.94,26.0,,,,,0.01,208177.32,,,0.02,119.64,,,0.04,88.31,,,0.05,165.0,,,0.06,26.0
2026-01-07 10:45:02.966000+00:00,2026-01-07 10:45:00.641023+00:00,2.966,0.48,0.47,0.49,0.52,0.51,0.53,318.39,42.36,42.36,306.54,0.46,273.0,0.5,13.0,0.45,347.0,0.51,109.0,0.44,340.0,0.52,196.0,0.43,304.0,0.53,183.0,0.42,314.0,0.54,358.0,0.5,13.0,0.54,273.0,0.49,109.0,0.55,347.0,0.48,196.0,0.56,340.0,0.47,183.0,0.57,304.0,0.46,358.0,0.58,314.0
2026-01-07 10:45:04.142000+00:00,2026-01-07 10:45:01.648140+00:00,4.142,0.485,0.48,0.49,0.515,0.51,0.52,162.0,81.48,81.48,328.0,0.47,271.54,0.5,13.0,0.46,394.0,0.51,19.0,0.45,347.0,0.52,13.0,0.44,397.0,0.53,183.0,0.43,304.0,0.54,304.0,0.5,13.0,0.53,392.54,0.49,19.0,0.54,448.0,0.48,13.0,0.55,347.0,0.47,183.0,0.56,340.0,0.46,304.0,0.57,304.0
2026-01-07 10:45:05.115000+00:00,2026-01-07 10:45:02.668397+00:00,5.115,0.525,0.52,0.53,0.475,0.47,0.48,212.0,80.0,80.0,207.0,0.51,228.0,0.54,90.0,0.5,218.0,0.55,34.23,0.49,407.52,0.57,183.0,0.48,354.0,0.58,304.0,0.47,392.54,0.59,304.0,0.46,90.0,0.49,228.0,0.45,34.23,0.5,218.0,0.43,183.0,0.51,407.52,0.42,304.0,0.52,354.0,0.41,304.0,0.53,392.54
2026-01-07 10:45:06.122000+00:00,2026-01-07 10:45:03.675465+00:00,6.122,0.525,0.52,0.53,0.47,0.46,0.48,220.0,15.0,30.0,165.0,0.51,243.0,0.54,130.0,0.5,218.0,0.55,34.23,0.49,407.52,0.56,15.0,0.48,362.33,0.57,183.0,0.47,392.54,0.58,304.0,0.45,19.23,0.49,228.0,0.44,15.0,0.5,203.0,0.43,183.0,0.51,407.52,0.42,364.0,0.52,362.33,0.41,304.0,0.53,392.54
2026-01-07 10:45:07.147000+00:00,2026-01-07 10:45:04.698456+00:00,7.147,0.605,0.6,0.61,0.395,0.39,0.4,21.7,41.85,203.85,21.7,0.59,122.0,0.62,137.0,0.58,163.0,0.63,66.0,0.57,213.0,0.64,61.0,0.56,243.0,0.65,389.0,0.55,233.77,0.66,378.0,0.38,137.0,0.41,122.0,0.37,66.0,0.42,163.0,0.36,182.0,0.43,213.0,0.35,389.0,0.44,243.0,0.34,304.0,0.45,279.77
2026-01-07 10:45:08.151000+00:00,2026-01-07 10:45:05.705518+00:00,8.151,0.575,0.57,0.58,0.425,0.42,0.43,76.0,45.0,45.0,15.0,0.56,183.0,0.59,80.0,0.55,279.77,0.6,229.0,0.54,304.0,0.61,263.0,0.53,304.0,0.62,308.0,0.52,246.0,0.63,66.0,0.41,116.0,0.49,90.0,0.4,166.0,0.5,80.0,0.39,263.0,0.51,119.0,0.38,218.0,0.52,23.33,0.37,66.0,0.53,138.54
2026-01-07 10:45:09.155000+00:00,2026-01-07 10:45:06.711837+00:00,9.155,0.495,0.49,0.5,0.51,0.5,0.52,73.0,245.4,283.4,183.33,0.48,153.33,0.51,116.0,0.47,113.54,0.52,323.0,0.46,186.0,0.53,248.0,0.45,387.0,0.54,429.0,0.44,432.0,0.55,304.0,0.49,116.0,0.53,118.54,0.48,303.0,0.54,151.0,0.47,248.0,0.55,352.0,0.46,429.0,0.56,340.0,0.45,304.0,0.57,304.0
2026-01-07 10:45:10.065000+00:00,2026-01-07 10:45:07.719285+00:00,10.065,0.485,0.48,0.49,0.515,0.51,0.52,83.33,55.0,55.0,83.33,0.47,293.54,0.5,140.0,0.46,201.0,0.51,161.0,0.45,362.0,0.52,393.0,0.44,375.0,0.53,248.0,0.43,339.0,0.54,304.0,0.5,140.0,0.53,293.54,0.49,161.0,0.54,201.0,0.48,393.0,0.55,362.0,0.47,248.0,0.56,375.0,0.46,304.0,0.57,339.0
2026-01-07 10:45:11.091000+00:00,2026-01-07 10:45:08.742164+00:00,11.091,0.485,0.48,0.49,0.515,0.51,0.52,63.33,95.0,95.0,63.33,0.47,308.54,0.5,140.0,0.46,201.0,0.51,161.0,0.45,362.0,0.52,393.0,0.44,375.0,0.53,248.0,0.43,339.0,0.54,304.0,0.5,140.0,0.53,308.54,0.49,161.0,0.54,201.0,0.48,393.0,0.55,362.0,0.47,248.0,0.56,445.0,0.46,374.0,0.57,409.0
2026-01-07 10:45:12.210000+00:00,2026-01-07 10:45:09.761706+00:00,12.21,0.485,0.48,0.49,0.515,0.51,0.52,63.33,15.4,15.4,63.33,0.47,253.54,0.5,140.0,0.46,145.0,0.51,161.0,0.45,387.0,0.52,393.0,0.44,445.0,0.53,248.0,0.43,467.0,0.54,374.0,0.5,165.0,0.53,253.54,0.49,196.0,0.54,145.0,0.48,463.0,0.55,387.0,0.47,318.0,0.56,445.0,0.46,409.0,0.57,467.0
2026-01-07 10:45:13.014000+00:00,2026-01-07 10:45:10.771103+00:00,13.014,0.49,0.48,0.5,0.515,0.51,0.52,78.33,165.0,5.0,78.33,0.47,253.54,0.51,206.0,0.46,145.0,0.52,463.0,0.45,387.0,0.53,318.0,0.44,445.0,0.54,463.0,0.43,409.0,0.55,374.0,0.5,235.0,0.53,323.54,0.49,206.0,0.54,215.0,0.48,463.0,0.55,457.0,0.47,318.0,0.56,445.0,0.46,463.0,0.57,409.0
2026-01-07 10:45:14.909000+00:00,2026-01-07 10:45:12.779300+00:00,14.909,0.49,0.48,0.5,0.51,0.5,0.52,148.33,235.0,235.0,148.33,0.47,323.54,0.51,296.0,0.46,215.0,0.52,373.0,0.45,452.0,0.53,318.0,0.44,445.0,0.54,409.0,0.43,467.0,0.55,430.0,0.49,296.0,0.53,323.54,0.48,373.0,0.54,215.0,0.47,318.0,0.55,452.0,0.46,463.0,0.56,445.0,0.45,374.0,0.57,409.0
2026-01-07 10:45:16.228000+00:00,2026-01-07 10:45:13.785189+00:00,16.228,0.49,0.48,0.5,0.51,0.5,0.52,121.01,389.86,362.66,121.01,0.47,323.54,0.51,296.0,0.46,215.0,0.52,373.0,0.45,422.0,0.53,318.0,0.44,445.0,0.54,463.0,0.43,409.0,0.55,374.0,0.49,296.0,0.53,323.54,0.48,373.0,0.54,215.0,0.47,318.0,0.55,422.0,0.46,463.0,0.56,445.0,0.45,374.0,0.57,409.0
2026-01-07 10:45:17.170000+00:00,2026-01-07 10:45:14.808690+00:00,17.17,0.49,0.48,0.5,0.51,0.5,0.52,136.64,407.26,404.54,136.64,0.47,323.54,0.51,296.0,0.46,215.0,0.52,373.0,0.45,422.0,0.53,318.0,0.44,445.0,0.54,463.0,0.43,409.0,0.55,374.0,0.49,296.0,0.53,323.54,0.48,373.0,0.54,215.0,0.47,318.0,0.55,422.0,0.46,463.0,0.56,445.0,0.45,374.0,0.57,409.0
2026-01-07 10:45:18.183000+00:00,2026-01-07 10:45:15.816193+00:00,18.183,0.49,0.48,0.5,0.51,0.5,0.52,136.64,435.57,435.57,171.64,0.47,323.54,0.51,296.0,0.46,215.0,0.52,373.0,0.45,422.0,0.53,439.0,0.44,445.0,0.54,463.0,0.43,409.0,0.55,374.0,0.49,296.0,0.53,298.54,0.48,373.0,0.54,240.0,0.47,439.0,0.55,301.0,0.46,409.0,0.56,445.0,0.45,374.0,0.57,374.0
2026-01-07 10:45:19.132000+00:00,2026-01-07 10:45:16.834799+00:00,19.132,0.485,0.48,0.49,0.515,0.51,0.52,20.63,109.03,86.83,20.63,0.47,328.54,0.5,373.03,0.46,245.0,0.51,276.0,0.45,316.0,0.52,373.0,0.44,445.0,0.53,439.0,0.43,409.0,0.54,462.0,0.5,373.03,0.53,328.54,0.49,276.0,0.54,245.0,0.48,373.0,0.55,316.0,0.47,439.0,0.56,445.0,0.46,462.0,0.57,409.0
2026-01-07 10:45:20.315000+00:00,2026-01-07 10:45:17.856859+00:00,20.315,0.485,0.48,0.49,0.515,0.51,0.52,75.63,60.01,60.01,75.63,0.47,343.54,0.5,378.03,0.46,262.6,0.51,296.0,0.45,301.0,0.52,373.0,0.44,445.0,0.53,439.0,0.43,409.0,0.54,463.0,0.5,378.03,0.53,343.54,0.49,296.0,0.54,262.6,0.48,373.0,0.55,301.0,0.47,439.0,0.56,445.0,0.46,463.0,0.57,409.0
2026-01-07 10:45:21.238000+00:00,2026-01-07 10:45:18.862659+00:00,21.238,0.485,0.48,0.49,0.515,0.51,0.52,105.21,60.01,40.01,75.21,0.47,328.54,0.5,383.03,0.46,262.6,0.51,296.0,0.45,301.0,0.52,403.0,0.44,445.0,0.53,439.0,0.43,409.0,0.54,494.6,0.5,383.03,0.53,343.54,0.49,296.0,0.54,262.6,0.48,403.0,0.55,301.0,0.47,439.0,0.56,445.0,0.46,494.6,0.57,409.0
2026-01-07 10:45:22.217000+00:00,2026-01-07 10:45:19.868185+00:00,22.217,0.485,0.48,0.49,0.515,0.51,0.52,28.0,65.0,65.0,28.0,0.47,360.53,0.5,383.03,0.46,262.6,0.51,296.0,0.45,301.0,0.52,403.0,0.44,445.0,0.53,439.0,0.43,409.0,0.54,495.6,0.5,383.03,0.53,360.53,0.49,296.0,0.54,262.6,0.48,403.0,0.55,301.0,0.47,439.0,0.56,445.0,0.46,441.6,0.57,409.0
2026-01-07 10:45:23.151000+00:00,2026-01-07 10:45:20.875540+00:00,23.151,0.485,0.48,0.49,0.515,0.51,0.52,20.0,59.06,59.06,20.0,0.47,360.53,0.5,383.03,0.46,262.6,0.51,296.0,0.45,301.0,0.52,403.0,0.44,445.0,0.53,439.0,0.43,409.0,0.54,495.6,0.5,383.03,0.53,360.53,0.49,296.0,0.54,262.6,0.48,403.0,0.55,301.0,0.47,439.0,0.56,445.0,0.46,495.6,0.57,409.0
2026-01-07 10:45:24.123000+00:00,2026-01-07 10:45:21.883075+00:00,24.123,0.485,0.48,0.49,0.525,0.52,0.53,20.0,59.06,70.0,253.54,0.47,360.53,0.5,383.03,0.46,262.6,0.51,296.0,0.45,301.0,0.52,403.0,0.44,445.0,0.53,439.0,0.43,409.0,0.54,495.6,0.51,69.06,0.54,295.82,0.5,363.03,0.55,301.0,0.49,286.0,0.56,460.0,0.48,403.0,0.57,409.0,0.47,439.0,0.58,417.7
2026-01-07 10:45:25.244000+00:00,2026-01-07 10:45:22.890984+00:00,25.244,0.475,0.47,0.48,0.525,0.52,0.53,193.54,167.63,167.63,193.54,0.46,205.82,0.49,149.06,0.45,627.0,0.5,373.03,0.44,359.0,0.51,276.0,0.43,409.0,0.52,494.0,0.42,507.7,0.53,439.0,0.51,149.06,0.54,205.82,0.5,373.03,0.55,627.0,0.49,276.0,0.56,359.0,0.48,494.0,0.57,409.0,0.47,439.0,0.58,507.7
2026-01-07 10:45:26.318000+00:00,2026-01-07 10:45:23.896575+00:00,26.318,0.46499999999999997,0.46,0.47,0.535,0.53,0.54,240.82,33.46,33.46,240.82,0.45,83.0,0.48,343.63,0.44,299.0,0.49,871.06,0.43,499.0,0.5,373.03,0.42,452.7,0.51,442.0,0.41,453.0,0.52,794.0,0.52,221.63,0.55,83.0,0.51,749.06,0.56,299.0,0.5,373.03,0.57,499.0,0.49,442.0,0.58,452.7,0.48,794.0,0.59,453.0
2026-01-07 10:45:27.307000+00:00,2026-01-07 10:45:24.917479+00:00,27.307,0.46499999999999997,0.46,0.47,0.525,0.52,0.53,270.82,84.35,135.63,81.99,0.45,103.0,0.48,196.63,0.44,299.0,0.49,719.06,0.43,499.0,0.5,338.03,0.42,512.7,0.51,352.0,0.41,392.0,0.52,794.0,0.51,719.06,0.54,222.6,0.5,338.03,0.55,103.0,0.49,352.0,0.56,389.0,0.48,884.0,0.57,458.0,0.47,439.0,0.58,479.0
2026-01-07 10:45:28.360000+00:00,2026-01-07 10:45:25.921905+00:00,28.36,0.475,0.47,0.48,0.525,0.52,0.53,139.99,135.63,108.63,139.99,0.46,172.6,0.49,719.06,0.45,103.0,0.5,338.03,0.44,369.0,0.51,352.0,0.43,458.0,0.52,884.0,0.42,479.0,0.53,439.0,0.51,719.06,0.54,262.6,0.5,338.03,0.55,103.0,0.49,352.0,0.56,369.0,0.48,794.0,0.57,409.0,0.47,439.0,0.58,528.0
2026-01-07 10:45:29.309000+00:00,2026-01-07 10:45:26.931021+00:00,29.309,0.475,0.47,0.48,0.525,0.52,0.53,116.99,83.63,78.63,111.99,0.46,262.6,0.49,719.06,0.45,173.0,0.5,328.03,0.44,369.0,0.51,442.0,0.43,409.0,0.52,794.0,0.42,528.0,0.53,439.0,0.51,704.06,0.54,282.6,0.5,338.03,0.55,153.0,0.49,442.0,0.56,369.0,0.48,794.0,0.57,409.0,0.47,439.0,0.58,527.0
2026-01-07 10:45:30.120000+00:00,2026-01-07 10:45:27.936341+00:00,30.12,0.475,0.47,0.48,0.525,0.52,0.53,121.99,78.63,65.61,121.99,0.46,297.6,0.49,643.06,0.45,138.0,0.5,358.03,0.44,369.0,0.51,442.0,0.43,858.0,0.52,794.0,0.42,527.0,0.53,439.0,0.51,643.06,0.54,297.6,0.5,358.03,0.55,138.0,0.49,442.0,0.56,369.0,0.48,794.0,0.57,858.0,0.47,439.0,0.58,527.0
2026-01-07 10:45:31.291000+00:00,2026-01-07 10:45:28.944036+00:00,31.291,0.475,0.47,0.48,0.525,0.52,0.53,113.99,5.0,5.0,78.91,0.46,362.6,0.49,668.06,0.45,138.0,0.5,328.03,0.44,369.0,0.51,442.0,0.43,858.0,0.52,794.0,0.42,527.0,0.53,439.0,0.51,668.06,0.54,362.6,0.5,328.03,0.55,148.0,0.49,442.0,0.56,369.0,0.48,794.0,0.57,858.0,0.47,439.0,0.58,527.0
2026-01-07 10:45:32.708000+00:00,2026-01-07 10:45:30.969704+00:00,32.708,0.475,0.47,0.48,0.525,0.52,0.53,113.91,10.0,10.0,98.91,0.46,352.6,0.49,745.46,0.45,173.0,0.5,348.03,0.44,369.0,0.51,422.0,0.43,858.0,0.52,794.0,0.42,467.0,0.53,439.0,0.51,745.46,0.54,367.6,0.5,348.03,0.55,173.0,0.49,422.0,0.56,369.0,0.48,794.0,0.57,858.0,0.47,439.0,0.58,467.0
2026-01-07 10:45:34.402000+00:00,2026-01-07 10:45:31.976608+00:00,34.402,0.475,0.47,0.48,0.525,0.52,0.53,143.91,20.0,10.0,143.91,0.46,257.6,0.49,730.88,0.45,183.0,0.5,348.03,0.44,459.0,0.51,332.0,0.43,409.0,0.52,794.0,0.42,527.0,0.53,439.0,0.51,730.88,0.54,277.6,0.5,438.03,0.55,173.0,0.49,332.0,0.56,459.0,0.48,794.0,0.57,409.0,0.47,439.0,0.58,527.0
2026-01-07 10:45:35.303000+00:00,2026-01-07 10:45:32.980248+00:00,35.303,0.475,0.47,0.48,0.525,0.52,0.53,114.22,10.0,75.0,13.22,0.46,277.6,0.49,740.88,0.45,263.0,0.5,438.03,0.44,369.0,0.51,332.0,0.43,409.0,0.52,794.0,0.42,527.0,0.53,439.0,0.51,720.88,0.54,312.6,0.5,438.03,0.55,263.0,0.49,332.0,0.56,369.0,0.48,794.0,0.57,409.0,0.47,439.0,0.58,527.0
2026-01-07 10:45:36.346000+00:00,2026-01-07 10:45:33.988278+00:00,36.346,0.47,0.46,0.48,0.535,0.53,0.54,249.36,115.0,0.7,249.36,0.45,303.0,0.49,700.88,0.44,389.0,0.5,428.03,0.43,409.0,0.51,332.0,0.42,467.0,0.52,794.0,0.41,453.0,0.53,439.0,0.52,115.0,0.55,303.0,0.51,700.88,0.56,389.0,0.5,428.03,0.57,409.0,0.49,332.0,0.58,467.0,0.48,794.0,0.59,453.0
2026-01-07 10:45:37.427000+00:00,2026-01-07 10:45:35.009430+00:00,37.427,0.46499999999999997,0.46,0.47,0.535,0.53,0.54,264.36,0.7,0.7,264.36,0.45,303.0,0.48,105.0,0.44,379.0,0.49,710.88,0.43,409.0,0.5,428.03,0.42,467.0,0.51,332.0,0.41,453.0,0.52,794.0,0.52,105.0,0.55,303.0,0.51,710.88,0.56,379.0,0.5,428.03,0.57,409.0,0.49,332.0,0.58,527.0,0.48,794.0,0.59,392.0
2026-01-07 10:45:38.471000+00:00,2026-01-07 10:45:36.031842+00:00,38.471,0.46499999999999997,0.46,0.47,0.535,0.53,0.54,29.36,85.0,282.0,44.36,0.45,133.0,0.48,155.0,0.44,364.0,0.49,352.88,0.43,319.0,0.5,519.03,0.42,314.0,0.51,332.0,0.41,392.0,0.52,804.7,0.52,292.0,0.55,128.0,0.51,474.88,0.56,364.0,0.5,554.03,0.57,379.0,0.49,383.0,0.58,349.0,0.48,804.7,0.59,427.0
2026-01-07 10:45:39.419000+00:00,2026-01-07 10:45:37.037506+00:00,39.419,0.455,0.45,0.46,0.545,0.54,0.55,238.0,153.64,61.0,238.0,0.44,735.0,0.47,183.0,0.43,227.0,0.48,283.0,0.42,298.0,0.49,515.88,0.41,427.0,0.5,469.03,0.4,569.8,0.51,332.0,0.53,5.0,0.56,735.0,0.52,283.0,0.57,242.0,0.51,394.88,0.58,298.0,0.5,559.03,0.59,427.0,0.49,332.0,0.6,569.8
2026-01-07 10:45:40.453000+00:00,2026-01-07 10:45:38.061293+00:00,40.453,0.46499999999999997,0.46,0.47,0.535,0.53,0.54,185.0,5.0,5.0,185.0,0.45,238.0,0.48,90.0,0.44,790.0,0.49,404.88,0.43,288.0,0.5,489.03,0.42,298.0,0.51,332.0,0.41,392.0,0.52,876.7,0.52,90.0,0.55,238.0,0.51,404.88,0.56,790.0,0.5,489.03,0.57,288.0,0.49,332.0,0.58,298.0,0.48,876.7,0.59,392.0
2026-01-07 10:45:41.434000+00:00,2026-01-07 10:45:39.065587+00:00,41.434,0.46499999999999997,0.46,0.47,0.535,0.53,0.54,35.0,138.94,120.0,35.0,0.45,233.0,0.48,100.0,0.44,850.0,0.49,344.88,0.43,303.0,0.5,459.03,0.42,298.0,0.51,332.0,0.41,392.0,0.52,876.7,0.52,100.0,0.55,233.0,0.51,344.88,0.56,850.0,0.5,459.03,0.57,303.0,0.49,332.0,0.58,298.0,0.48,876.7,0.59,392.0
2026-01-07 10:45:42.516000+00:00,2026-01-07 10:45:40.086792+00:00,42.516,0.46499999999999997,0.46,0.47,0.535,0.53,0.54,32.12,98.17,98.17,32.12,0.45,258.0,0.48,247.0,0.44,830.0,0.49,344.88,0.43,303.0,0.5,459.03,0.42,298.0,0.51,332.0,0.41,392.0,0.52,876.7,0.52,247.0,0.55,258.0,0.51,344.88,0.56,830.0,0.5,459.03,0.57,303.0,0.49,332.0,0.58,298.0,0.48,876.7,0.59,392.0
2026-01-07 10:45:43.462000+00:00,2026-01-07 10:45:41.094358+00:00,43.462,0.46499999999999997,0.46,0.47,0.535,0.53,0.54,40.26,85.66,85.66,30.26,0.45,308.0,0.48,343.0,0.44,755.0,0.49,464.88,0.43,318.0,0.5,978.03,0.42,298.0,0.51,332.0,0.41,392.0,0.52,876.7,0.52,343.0,0.55,213.0,0.51,389.88,0.56,755.0,0.5,554.03,0.57,318.0,0.49,332.0,0.58,298.0,0.48,876.7,0.59,392.0
2026-01-07 10:45:44.542000+00:00,2026-01-07 10:45:42.101788+00:00,44.542,0.45999999999999996,0.45,0.47,0.54,0.53,0.55,248.0,168.66,168.66,248.0,0.44,815.0,0.48,368.0,0.43,293.0,0.49,534.88,0.42,298.0,0.5,464.03,0.41,427.0,0.51,332.0,0.4,604.8,0.52,841.7,0.52,368.0,0.56,805.0,0.51,534.88,0.57,293.0,0.5,464.03,0.58,298.0,0.49,332.0,0.59,427.0,0.48,841.7,0.6,604.8
2026-01-07 10:45:45.455000+00:00,2026-01-07 10:45:43.122933+00:00,45.455,0.46499999999999997,0.46,0.47,0.54,0.53,0.55,5.0,173.66,173.66,243.0,0.45,263.0,0.48,368.0,0.44,795.0,0.49,534.88,0.43,293.0,0.5,464.03,0.42,298.0,0.51,332.0,0.41,427.0,0.52,841.7,0.52,368.0,0.56,795.0,0.51,534.88,0.57,293.0,0.5,464.03,0.58,298.0,0.49,377.7,0.59,427.0,0.48,796.0,0.6,499.0
2026-01-07 10:45:46.540000+00:00,2026-01-07 10:45:44.128641+00:00,46.54,0.445,0.44,0.45,0.555,0.55,0.56,236.0,90.47,125.47,251.0,0.43,235.0,0.46,248.0,0.42,10.0,0.47,454.66,0.41,236.0,0.48,1053.0,0.4,404.0,0.49,535.88,0.39,391.8,0.5,429.03,0.54,258.0,0.57,235.0,0.53,489.66,0.58,10.0,0.52,1053.0,0.59,236.0,0.51,535.88,0.6,404.0,0.5,429.03,0.61,391.8
2026-01-07 10:45:47.510000+00:00,2026-01-07 10:45:45.136731+00:00,47.51,0.445,0.44,0.45,0.555,0.55,0.56,202.56,101.0,101.0,202.56,0.43,280.0,0.46,358.0,0.42,10.0,0.47,358.66,0.41,236.0,0.48,1028.0,0.4,404.0,0.49,535.88,0.39,455.8,0.5,429.03,0.54,358.0,0.57,280.0,0.53,358.66,0.58,10.0,0.52,1028.0,0.59,236.0,0.51,535.88,0.6,404.0,0.5,429.03,0.61,455.8
2026-01-07 10:45:48.495000+00:00,2026-01-07 10:45:46.139549+00:00,48.495,0.445,0.44,0.45,0.555,0.55,0.56,192.56,96.0,96.0,182.56,0.43,290.0,0.46,358.0,0.42,45.0,0.47,388.66,0.41,211.0,0.48,998.0,0.4,429.0,0.49,535.88,0.39,455.8,0.5,429.03,0.54,368.0,0.57,300.0,0.53,378.66,0.58,45.0,0.52,998.0,0.59,211.0,0.51,535.88,0.6,429.0,0.5,429.03,0.61,455.8
2026-01-07 10:45:49.478000+00:00,2026-01-07 10:45:47.148927+00:00,49.478,0.445,0.44,0.45,0.555,0.55,0.56,151.77,96.0,96.0,151.77,0.43,290.0,0.46,368.0,0.42,45.0,0.47,378.66,0.41,211.0,0.48,998.0,0.4,429.0,0.49,535.88,0.39,455.8,0.5,429.03,0.54,368.0,0.57,290.0,0.53,378.66,0.58,45.0,0.52,998.0,0.59,211.0,0.51,535.88,0.6,429.0,0.5,429.03,0.61,455.8
2026-01-07 10:45:50.607000+00:00,2026-01-07 10:45:48.170032+00:00,50.607,0.445,0.44,0.45,0.555,0.55,0.56,45.0,181.0,181.0,30.0,0.43,325.0,0.46,348.0,0.42,155.0,0.47,777.66,0.41,281.0,0.48,559.0,0.4,499.0,0.49,535.88,0.39,461.8,0.5,479.03,0.54,368.0,0.57,335.0,0.53,807.66,0.58,165.0,0.52,549.0,0.59,281.0,0.51,535.88,0.6,499.0,0.5,479.03,0.61,461.8
2026-01-07 10:45:51.634000+00:00,2026-01-07 10:45:49.189806+00:00,51.634,0.445,0.44,0.45,0.555,0.55,0.56,110.0,916.24,916.24,110.0,0.42,10.0,0.46,434.0,0.41,153.0,0.47,449.66,0.4,423.0,0.48,459.0,0.39,549.0,0.49,535.88,0.38,325.0,0.5,429.03,0.54,434.0,0.58,10.0,0.53,449.66,0.59,158.0,0.52,459.0,0.6,240.0,0.51,535.88,0.61,245.0,0.5,429.03,0.62,21.0
2026-01-07 10:45:52.618000+00:00,2026-01-07 10:45:50.197949+00:00,52.618,0.415,0.41,0.42,0.575,0.57,0.58,145.0,61.0,80.0,65.0,0.4,271.0,0.43,141.0,0.39,303.0,0.44,278.0,0.38,194.0,0.45,317.24,0.37,204.0,0.46,395.0,0.36,379.0,0.47,344.66,0.56,278.0,0.59,140.0,0.55,317.24,0.6,281.0,0.54,395.0,0.61,303.0,0.53,344.66,0.62,194.0,0.52,424.0,0.63,204.0
2026-01-07 10:45:53.633000+00:00,2026-01-07 10:45:51.205542+00:00,53.633,0.435,0.43,0.44,0.565,0.56,0.57,135.0,10.0,15.0,180.49,0.42,410.28,0.46,70.0,0.41,722.0,0.47,359.66,0.4,324.0,0.48,474.0,0.39,494.0,0.49,445.88,0.38,419.3,0.5,394.03,0.54,70.0,0.58,280.28,0.53,399.66,0.59,742.0,0.52,454.0,0.6,359.0,0.51,460.88,0.61,494.0,0.5,429.03,0.62,419.3
2026-01-07 10:45:54.656000+00:00,2026-01-07 10:45:52.211999+00:00,54.656,0.455,0.45,0.46,0.525,0.52,0.53,302.0,5.0,5.0,160.0,0.44,559.37,0.47,20.0,0.43,296.7,0.48,25.0,0.42,541.28,0.49,154.9,0.41,520.0,0.5,469.03,0.4,515.0,0.51,247.0,0.51,82.4,0.54,140.0,0.5,10.03,0.55,902.0,0.49,329.5,0.56,463.0,0.48,684.0,0.57,532.7,0.47,364.0,0.58,636.28
2026-01-07 10:45:55.663000+00:00,2026-01-07 10:45:53.214698+00:00,55.663,0.485,0.48,0.49,0.515,0.51,0.52,250.0,67.4,67.4,250.0,0.47,413.0,0.5,20.03,0.46,308.0,0.51,162.5,0.45,767.0,0.52,511.0,0.44,499.0,0.53,464.0,0.43,487.7,0.54,371.6,0.5,20.03,0.53,413.0,0.49,162.5,0.54,308.0,0.48,511.0,0.55,767.0,0.47,464.0,0.56,499.0,0.46,371.6,0.57,545.7
2026-01-07 10:45:56.661000+00:00,2026-01-07 10:45:54.220089+00:00,56.661,0.485,0.48,0.49,0.515,0.51,0.52,251.0,67.4,72.4,260.0,0.47,413.0,0.5,25.03,0.46,308.0,0.51,157.5,0.45,767.0,0.52,531.0,0.44,499.0,0.53,444.0,0.43,498.0,0.54,425.6,0.5,20.03,0.53,423.64,0.49,604.88,0.54,323.0,0.48,531.0,0.55,777.0,0.47,354.0,0.56,499.0,0.46,425.6,0.57,498.0
2026-01-07 10:45:57.659000+00:00,2026-01-07 10:45:55.224734+00:00,57.659,0.485,0.48,0.49,0.515,0.51,0.52,215.0,67.4,67.4,215.0,0.47,478.64,0.5,60.03,0.46,308.0,0.51,559.88,0.45,777.0,0.52,505.0,0.44,509.0,0.53,329.0,0.43,498.0,0.54,425.6,0.5,60.03,0.53,478.64,0.49,559.88,0.54,308.0,0.48,505.0,0.55,777.0,0.47,329.0,0.56,509.0,0.46,425.6,0.57,498.0
2026-01-07 10:45:58.686000+00:00,2026-01-07 10:45:56.228022+00:00,58.686,0.485,0.48,0.49,0.515,0.51,0.52,35.0,159.9,194.9,50.0,0.47,438.64,0.5,130.03,0.46,313.0,0.51,572.38,0.45,807.0,0.52,565.0,0.44,509.0,0.53,399.0,0.43,508.0,0.54,441.6,0.5,140.03,0.53,333.64,0.49,572.38,0.54,358.0,0.48,565.0,0.55,827.0,0.47,399.0,0.56,509.0,0.46,494.6,0.57,518.0
2026-01-07 10:45:59.659000+00:00,2026-01-07 10:45:57.249813+00:00,59.659,0.485,0.48,0.49,0.515,0.51,0.52,180.0,122.4,117.4,180.0,0.47,298.64,0.5,175.03,0.46,418.0,0.51,672.38,0.45,762.0,0.52,475.0,0.44,619.0,0.53,399.0,0.43,498.0,0.54,494.6,0.5,175.03,0.53,298.64,0.49,672.38,0.54,418.0,0.48,475.0,0.55,762.0,0.47,399.0,0.56,619.0,0.46,494.6,0.57,498.0
2026-01-07 10:46:00.662000+00:00,2026-01-07 10:45:58.255000+00:00,60.662,0.485,0.48,0.49,0.515,0.51,0.52,31.83,199.9,199.9,31.83,0.47,368.64,0.5,140.03,0.46,418.0,0.51,707.38,0.45,762.0,0.52,450.0,0.44,619.0,0.53,424.0,0.43,498.0,0.54,494.6,0.5,140.03,0.53,368.64,0.49,707.38,0.54,418.0,0.48,450.0,0.55,762.0,0.47,424.0,0.56,619.0,0.46,494.6,0.57,498.0
2026-01-07 10:46:01.663000+00:00,2026-01-07 10:45:59.259331+00:00,61.663,0.485,0.48,0.49,0.515,0.51,0.52,71.83,139.9,139.9,71.83,0.47,413.64,0.5,190.03,0.46,353.0,0.51,717.38,0.45,762.0,0.52,470.0,0.44,619.0,0.53,424.0,0.43,498.0,0.54,494.6,0.5,190.03,0.53,413.64,0.49,717.38,0.54,353.0,0.48,470.0,0.55,762.0,0.47,424.0,0.56,619.0,0.46,494.6,0.57,498.0
2026-01-07 10:46:02.109000+00:00,2026-01-07 10:46:00.266754+00:00,62.109,0.485,0.48,0.49,0.515,0.51,0.52,56.83,139.9,139.9,56.83,0.47,428.64,0.5,190.03,0.46,353.0,0.51,717.38,0.45,762.0,0.52,470.0,0.44,619.0,0.53,424.0,0.43,498.0,0.54,494.6,0.5,190.03,0.53,428.64,0.49,717.38,0.54,353.0,0.48,470.0,0.55,852.0,0.47,424.0,0.56,529.0,0.46,494.6,0.57,498.0
2026-01-07 10:46:03.727000+00:00,2026-01-07 10:46:01.273213+00:00,63.727,0.485,0.48,0.49,0.515,0.51,0.52,56.83,139.9,139.9,56.83,0.47,428.64,0.5,190.03,0.46,353.0,0.51,717.38,0.45,852.0,0.52,470.0,0.44,529.0,0.53,424.0,0.43,498.0,0.54,441.6,0.5,190.03,0.53,428.64,0.49,717.38,0.54,353.0,0.48,470.0,0.55,852.0,0.47,424.0,0.56,529.0,0.46,495.6,0.57,498.0
2026-01-07 10:46:04.964000+00:00,2026-01-07 10:46:03.284034+00:00,64.964,0.485,0.48,0.49,0.515,0.51,0.52,63.66,154.9,57.4,268.66,0.47,245.64,0.5,190.03,0.46,443.0,0.51,717.38,0.45,762.0,0.52,653.0,0.44,529.0,0.53,424.0,0.43,498.0,0.54,494.6,0.5,175.03,0.53,155.64,0.49,742.38,0.54,408.0,0.48,653.0,0.55,762.0,0.47,424.0,0.56,509.0,0.46,441.6,0.57,498.0
2026-01-07 10:46:06.706000+00:00,2026-01-07 10:46:04.293550+00:00,66.706,0.485,0.48,0.49,0.515,0.51,0.52,248.66,72.4,72.4,248.66,0.47,453.64,0.5,195.03,0.46,323.0,0.51,637.38,0.45,782.0,0.52,580.0,0.44,509.0,0.53,424.0,0.43,498.0,0.54,495.6,0.5,195.03,0.53,453.64,0.49,637.38,0.54,323.0,0.48,580.0,0.55,782.0,0.47,424.0,0.56,509.0,0.46,495.6,0.57,498.0
2026-01-07 10:46:07.715000+00:00,2026-01-07 10:46:05.299154+00:00,67.715,0.485,0.48,0.49,0.515,0.51,0.52,233.66,77.4,77.4,223.66,0.47,463.64,0.5,210.03,0.46,323.0,0.51,627.38,0.45,782.0,0.52,570.0,0.44,509.0,0.53,424.0,0.43,498.0,0.54,495.6,0.5,210.03,0.53,463.64,0.49,617.38,0.54,323.0,0.48,570.0,0.55,782.0,0.47,424.0,0.56,509.0,0.46,495.6,0.57,498.0
2026-01-07 10:46:08.723000+00:00,2026-01-07 10:46:06.305657+00:00,68.723,0.485,0.48,0.49,0.515,0.51,0.52,263.66,62.4,62.4,263.66,0.47,473.64,0.5,230.03,0.46,323.0,0.51,592.38,0.45,782.0,0.52,595.0,0.44,509.0,0.53,399.0,0.43,498.0,0.54,495.6,0.5,230.03,0.53,473.64,0.49,592.38,0.54,323.0,0.48,595.0,0.55,782.0,0.47,399.0,0.56,509.0,0.46,495.6,0.57,498.0
2026-01-07 10:46:09.674000+00:00,2026-01-07 10:46:07.311830+00:00,69.674,0.485,0.48,0.49,0.515,0.51,0.52,238.66,77.4,87.4,238.66,0.47,473.64,0.5,205.03,0.46,323.0,0.51,582.38,0.45,762.0,0.52,585.0,0.44,509.0,0.53,399.0,0.43,498.0,0.54,495.6,0.5,215.03,0.53,478.64,0.49,592.38,0.54,323.0,0.48,585.0,0.55,762.0,0.47,399.0,0.56,529.0,0.46,495.6,0.57,498.0
2026-01-07 10:46:10.715000+00:00,2026-01-07 10:46:08.303066+00:00,70.715,0.485,0.48,0.49,0.515,0.51,0.52,223.66,72.4,72.4,217.23,0.47,478.64,0.5,230.03,0.46,323.0,0.51,592.38,0.45,762.0,0.52,585.0,0.44,529.0,0.53,399.0,0.43,498.0,0.54,495.6,0.5,230.03,0.53,478.64,0.49,592.38,0.54,323.0,0.48,585.0,0.55,762.0,0.47,399.0,0.56,529.0,0.46,495.6,0.57,498.0
2026-01-07 10:46:11.704000+00:00,2026-01-07 10:46:09.311206+00:00,71.704,0.485,0.48,0.49,0.515,0.51,0.52,207.49,62.4,62.4,192.49,0.47,473.64,0.5,265.03,0.46,323.0,0.51,602.38,0.45,782.0,0.52,505.0,0.44,509.0,0.53,514.0,0.43,498.0,0.54,495.6,0.5,265.03,0.53,473.64,0.49,602.38,0.54,323.0,0.48,505.0,0.55,782.0,0.47,514.0,0.56,509.0,0.46,495.6,0.57,498.0
2026-01-07 10:46:12.768000+00:00,2026-01-07 10:46:10.328038+00:00,72.768,0.485,0.48,0.49,0.515,0.51,0.52,207.49,62.4,62.4,207.49,0.47,473.64,0.5,265.03,0.46,323.0,0.51,602.38,0.45,782.0,0.52,505.0,0.44,509.0,0.53,514.0,0.43,498.0,0.54,495.6,0.5,265.03,0.53,473.64,0.49,602.38,0.54,323.0,0.48,505.0,0.55,782.0,0.47,514.0,0.56,509.0,0.46,495.6,0.57,498.0
2026-01-07 10:46:13.778000+00:00,2026-01-07 10:46:11.344888+00:00,73.778,0.485,0.48,0.49,0.515,0.51,0.52,399.49,62.4,62.4,494.49,0.47,847.64,0.5,15.03,0.46,328.0,0.51,105.88,0.45,369.0,0.52,520.0,0.44,509.0,0.53,499.0,0.43,498.0,0.54,441.6,0.5,15.03,0.53,812.64,0.49,33.38,0.54,398.0,0.48,595.0,0.55,560.0,0.47,958.0,0.56,509.0,0.46,441.6,0.57,498.0
2026-01-07 10:46:14.799000+00:00,2026-01-07 10:46:12.348701+00:00,74.799,0.515,0.51,0.52,0.485,0.48,0.49,353.62,218.0,218.0,493.62,0.5,447.97,0.53,15.0,0.49,441.6,0.54,107.6,0.48,473.49,0.55,215.0,0.47,404.64,0.56,55.0,0.46,464.0,0.57,236.0,0.47,15.0,0.5,493.97,0.46,107.6,0.51,396.6,0.45,215.0,0.52,578.49,0.44,55.0,0.53,509.64,0.43,236.0,0.54,464.0
2026-01-07 10:46:15.769000+00:00,2026-01-07 10:46:13.369956+00:00,75.769,0.535,0.53,0.54,0.46499999999999997,0.46,0.47,229.0,117.6,117.6,229.0,0.52,253.0,0.55,160.0,0.51,449.62,0.56,85.0,0.5,503.97,0.57,135.0,0.49,427.6,0.58,35.0,0.48,469.0,0.59,414.0,0.45,160.0,0.48,238.0,0.44,95.0,0.49,449.62,0.43,135.0,0.5,503.97,0.42,35.0,0.51,427.6,0.41,414.0,0.52,469.0
2026-01-07 10:46:16.828000+00:00,2026-01-07 10:46:14.391419+00:00,76.828,0.535,0.53,0.54,0.46499999999999997,0.46,0.47,298.0,122.6,122.6,298.0,0.52,233.0,0.55,215.0,0.51,444.62,0.56,45.0,0.5,488.97,0.57,162.0,0.49,427.6,0.58,35.0,0.48,469.0,0.59,484.0,0.45,215.0,0.48,233.0,0.44,45.0,0.49,444.62,0.43,162.0,0.5,488.97,0.42,35.0,0.51,427.6,0.41,484.0,0.52,469.0
2026-01-07 10:46:17.836000+00:00,2026-01-07 10:46:15.397508+00:00,77.836,0.535,0.53,0.54,0.46499999999999997,0.46,0.47,422.97,47.6,32.6,487.97,0.52,174.83,0.55,187.5,0.51,434.62,0.56,95.0,0.5,473.97,0.57,135.0,0.49,427.6,0.58,40.0,0.48,469.0,0.59,533.0,0.45,265.66,0.48,183.0,0.44,130.0,0.49,404.62,0.43,195.0,0.5,443.97,0.42,75.0,0.51,427.6,0.41,533.0,0.52,469.0
2026-01-07 10:46:18.876000+00:00,2026-01-07 10:46:16.418406+00:00,78.876,0.545,0.54,0.55,0.455,0.45,0.46,459.83,110.0,110.0,459.83,0.53,407.97,0.56,15.0,0.52,379.0,0.57,107.5,0.51,535.52,0.58,50.0,0.5,538.97,0.59,802.0,0.49,411.6,0.6,484.0,0.44,15.0,0.47,407.97,0.43,112.5,0.48,399.0,0.42,70.0,0.49,535.52,0.41,822.0,0.5,538.97,0.4,484.0,0.51,411.6
2026-01-07 10:46:19.865000+00:00,2026-01-07 10:46:17.421950+00:00,79.865,0.575,0.57,0.58,0.405,0.4,0.41,346.0,5.0,105.0,61.0,0.56,983.0,0.6,105.0,0.55,629.77,0.61,130.0,0.54,623.0,0.62,30.0,0.53,578.97,0.63,35.0,0.52,359.0,0.64,382.0,0.39,130.0,0.42,238.83,0.38,30.0,0.43,398.0,0.37,35.0,0.44,948.0,0.36,382.0,0.45,529.77,0.35,484.0,0.46,623.0
2026-01-07 10:46:20.879000+00:00,2026-01-07 10:46:18.430718+00:00,80.879,0.595,0.59,0.6,0.405,0.4,0.41,178.0,96.16,116.16,198.0,0.58,183.0,0.61,45.0,0.57,298.0,0.62,539.0,0.56,974.92,0.63,157.0,0.55,434.77,0.64,292.0,0.54,530.59,0.65,492.5,0.39,55.0,0.42,218.0,0.38,574.0,0.43,193.0,0.37,157.0,0.44,964.92,0.36,292.0,0.45,434.77,0.35,492.5,0.46,514.6
2026-01-07 10:46:21.849000+00:00,2026-01-07 10:46:19.435076+00:00,81.849,0.595,0.59,0.6,0.405,0.4,0.41,1.85,116.16,322.41,1.85,0.58,45.6,0.61,150.0,0.57,193.0,0.62,484.0,0.56,838.92,0.63,286.0,0.55,524.77,0.64,292.0,0.54,574.0,0.65,562.5,0.39,393.0,0.42,10.6,0.38,278.0,0.43,198.0,0.37,339.0,0.44,319.92,0.36,292.0,0.45,414.77,0.35,633.5,0.46,489.0
2026-01-07 10:46:22.851000+00:00,2026-01-07 10:46:20.441141+00:00,82.851,0.585,0.58,0.59,0.415,0.41,0.42,5.6,157.5,162.5,5.6,0.57,215.0,0.6,226.41,0.56,434.92,0.61,338.0,0.55,464.77,0.62,409.0,0.54,893.0,0.63,409.0,0.53,470.97,0.64,376.0,0.4,226.41,0.43,203.0,0.39,338.0,0.44,444.92,0.38,409.0,0.45,454.77,0.37,409.0,0.46,913.0,0.36,376.0,0.47,450.97
2026-01-07 10:46:23.904000+00:00,2026-01-07 10:46:21.464066+00:00,83.904,0.585,0.58,0.59,0.415,0.41,0.42,5.6,172.5,72.5,15.6,0.57,348.0,0.6,216.41,0.56,348.09,0.61,278.0,0.55,489.77,0.62,405.0,0.54,898.0,0.63,409.0,0.53,403.97,0.64,376.0,0.4,276.41,0.43,498.0,0.39,712.0,0.44,288.09,0.38,339.0,0.45,474.77,0.37,409.0,0.46,429.0,0.36,480.0,0.47,403.97
2026-01-07 10:46:24.917000+00:00,2026-01-07 10:46:22.471531+00:00,84.917,0.585,0.58,0.59,0.415,0.41,0.42,471.6,7.5,7.5,476.6,0.57,353.0,0.6,105.41,0.56,388.09,0.61,609.0,0.55,903.77,0.62,55.0,0.54,543.0,0.63,45.0,0.53,485.97,0.64,362.0,0.4,110.41,0.43,353.0,0.39,639.0,0.44,388.09,0.38,65.0,0.45,903.77,0.37,45.0,0.46,543.0,0.36,362.0,0.47,485.97
2026-01-07 10:46:25.918000+00:00,2026-01-07 10:46:23.473303+00:00,85.918,0.585,0.58,0.59,0.415,0.41,0.42,343.6,17.5,17.5,343.6,0.57,398.0,0.6,145.41,0.56,418.09,0.61,614.0,0.55,883.77,0.62,35.0,0.54,563.0,0.63,35.0,0.53,485.97,0.64,362.0,0.4,165.41,0.43,438.0,0.39,614.0,0.44,418.09,0.38,35.0,0.45,883.77,0.37,35.0,0.46,563.0,0.36,362.0,0.47,485.97
2026-01-07 10:46:26.907000+00:00,2026-01-07 10:46:24.496328+00:00,86.907,0.585,0.58,0.59,0.415,0.41,0.42,184.91,70.0,95.0,184.91,0.57,403.0,0.6,125.41,0.56,418.09,0.61,604.0,0.55,883.77,0.62,105.0,0.54,561.3,0.63,105.0,0.53,485.97,0.64,362.0,0.4,135.41,0.43,403.0,0.39,604.0,0.44,478.09,0.38,105.0,0.45,883.77,0.37,105.0,0.46,561.3,0.36,362.0,0.47,485.97
2026-01-07 10:46:27.945000+00:00,2026-01-07 10:46:25.502565+00:00,87.945,0.585,0.58,0.59,0.415,0.41,0.42,149.91,75.0,75.0,145.22,0.57,478.0,0.6,195.41,0.56,393.09,0.61,674.0,0.55,883.77,0.62,105.0,0.54,561.3,0.63,105.0,0.53,520.97,0.64,362.0,0.4,215.41,0.43,478.0,0.39,684.0,0.44,393.09,0.38,105.0,0.45,883.77,0.37,105.0,0.46,561.3,0.36,362.0,0.47,520.97
2026-01-07 10:46:28.894000+00:00,2026-01-07 10:46:26.524067+00:00,88.894,0.585,0.58,0.59,0.415,0.41,0.42,139.93,68.44,68.44,139.93,0.57,478.0,0.6,215.41,0.56,393.09,0.61,684.0,0.55,883.77,0.62,105.0,0.54,561.3,0.63,105.0,0.53,468.97,0.64,431.0,0.4,215.41,0.43,478.0,0.39,684.0,0.44,393.09,0.38,105.0,0.45,883.77,0.37,105.0,0.46,561.3,0.36,431.0,0.47,468.97
2026-01-07 10:46:29.914000+00:00,2026-01-07 10:46:27.542513+00:00,89.914,0.59,0.58,0.6,0.405,0.4,0.41,364.93,190.41,180.41,5.0,0.57,368.0,0.61,594.0,0.56,393.09,0.62,215.0,0.55,908.77,0.63,105.0,0.54,541.3,0.64,451.0,0.53,515.97,0.65,519.0,0.39,634.0,0.42,374.93,0.38,215.0,0.43,348.0,0.37,105.0,0.44,393.09,0.36,451.0,0.45,908.77,0.35,519.0,0.46,541.3
2026-01-07 10:46:30.800000+00:00,2026-01-07 10:46:28.530726+00:00,90.8,0.585,0.58,0.59,0.415,0.41,0.42,123.33,70.0,70.0,123.33,0.57,483.0,0.6,210.41,0.56,393.09,0.61,599.0,0.55,908.77,0.62,200.0,0.54,541.3,0.63,105.0,0.53,515.97,0.64,451.0,0.4,210.41,0.43,483.0,0.39,599.0,0.44,393.09,0.38,200.0,0.45,908.77,0.37,105.0,0.46,541.3,0.36,451.0,0.47,515.97
2026-01-07 10:46:31.983000+00:00,2026-01-07 10:46:29.541389+00:00,91.983,0.585,0.58,0.59,0.415,0.41,0.42,123.33,110.0,115.0,123.33,0.57,368.0,0.6,210.41,0.56,333.09,0.61,599.0,0.55,1023.77,0.62,200.0,0.54,561.3,0.63,173.0,0.53,468.97,0.64,382.0,0.4,210.41,0.43,383.0,0.39,689.0,0.44,343.09,0.38,110.0,0.45,1023.77,0.37,173.0,0.46,561.3,0.36,382.0,0.47,468.97
2026-01-07 10:46:32.989000+00:00,2026-01-07 10:46:30.546103+00:00,92.989,0.575,0.57,0.58,0.435,0.43,0.44,5.0,135.0,20.0,10.09,0.56,10.09,0.59,245.0,0.55,280.0,0.6,333.41,0.54,370.3,0.61,459.0,0.53,367.97,0.62,414.0,0.52,327.0,0.63,374.0,0.42,85.0,0.45,275.0,0.41,245.0,0.46,370.3,0.4,333.41,0.47,367.97,0.39,459.0,0.48,307.0,0.38,414.0,0.49,460.62
2026-01-07 10:46:33.969000+00:00,2026-01-07 10:46:31.556013+00:00,93.969,0.575,0.57,0.58,0.425,0.42,0.43,11.83,105.0,105.0,11.83,0.56,250.09,0.59,195.0,0.55,403.0,0.6,443.41,0.54,370.3,0.61,454.0,0.53,297.97,0.62,414.0,0.52,307.0,0.63,374.0,0.41,195.0,0.44,275.09,0.4,443.41,0.45,403.0,0.39,454.0,0.46,370.3,0.38,414.0,0.47,297.97,0.37,374.0,0.48,307.0
2026-01-07 10:46:34.898000+00:00,2026-01-07 10:46:32.563901+00:00,94.898,0.575,0.57,0.58,0.425,0.42,0.43,16.83,105.0,105.0,16.83,0.56,278.09,0.59,155.0,0.55,403.0,0.6,443.41,0.54,380.3,0.61,464.0,0.53,277.97,0.62,414.0,0.52,307.0,0.63,374.0,0.41,165.0,0.44,245.09,0.4,443.41,0.45,403.0,0.39,474.0,0.46,390.3,0.38,414.0,0.47,277.97,0.37,374.0,0.48,307.0
2026-01-07 10:46:35.400000+00:00,2026-01-07 10:46:33.572300+00:00,95.4,0.575,0.57,0.58,0.425,0.42,0.43,16.83,135.0,135.0,16.83,0.56,245.09,0.59,165.0,0.55,398.0,0.6,473.41,0.54,390.3,0.61,474.0,0.53,277.97,0.62,409.0,0.52,377.0,0.63,374.0,0.41,165.0,0.44,245.09,0.4,473.41,0.45,398.0,0.39,474.0,0.46,390.3,0.38,409.0,0.47,277.97,0.37,374.0,0.48,377.0
2026-01-07 10:46:36.863000+00:00,2026-01-07 10:46:34.576759+00:00,96.863,0.575,0.57,0.58,0.425,0.42,0.43,11.83,135.0,135.0,11.83,0.56,250.09,0.59,185.0,0.55,398.0,0.6,473.41,0.54,839.3,0.61,454.0,0.53,347.97,0.62,409.0,0.52,377.0,0.63,374.0,0.41,185.0,0.44,250.09,0.4,473.41,0.45,398.0,0.39,454.0,0.46,839.3,0.38,409.0,0.47,347.97,0.37,374.0,0.48,377.0
2026-01-07 10:46:37.999000+00:00,2026-01-07 10:46:35.583742+00:00,97.999,0.575,0.57,0.58,0.425,0.42,0.43,25.43,165.0,165.0,25.43,0.56,20.09,0.59,260.0,0.55,453.0,0.6,363.41,0.54,819.3,0.61,454.0,0.53,367.97,0.62,475.0,0.52,419.0,0.63,374.0,0.41,260.0,0.44,20.09,0.4,363.41,0.45,453.0,0.39,454.0,0.46,819.3,0.38,475.0,0.47,367.97,0.37,374.0,0.48,419.0
2026-01-07 10:46:39.990000+00:00,2026-01-07 10:46:37.596805+00:00,99.99,0.565,0.56,0.57,0.435,0.43,0.44,13.8,70.0,70.0,13.8,0.55,453.0,0.58,135.0,0.54,777.0,0.59,160.0,0.53,410.07,0.6,353.41,0.52,329.0,0.61,454.0,0.51,509.62,0.62,475.0,0.42,135.0,0.45,453.0,0.41,160.0,0.46,777.0,0.4,333.41,0.47,410.07,0.39,454.0,0.48,329.0,0.38,475.0,0.49,509.62
2026-01-07 10:46:40.635000+00:00,2026-01-07 10:46:38.602207+00:00,100.635,0.565,0.56,0.57,0.435,0.43,0.44,23.8,70.0,70.0,23.8,0.55,443.0,0.58,125.0,0.54,777.0,0.59,150.0,0.53,410.07,0.6,792.41,0.52,329.0,0.61,474.0,0.51,509.62,0.62,475.0,0.42,125.0,0.45,443.0,0.41,160.0,0.46,777.0,0.4,792.41,0.47,410.07,0.39,474.0,0.48,329.0,0.38,475.0,0.49,509.62
2026-01-07 10:46:42.013000+00:00,2026-01-07 10:46:39.620991+00:00,102.013,0.565,0.56,0.57,0.435,0.43,0.44,208.8,5.0,5.0,33.8,0.55,348.0,0.58,115.0,0.54,777.0,0.59,180.0,0.53,410.07,0.6,802.41,0.52,329.0,0.61,474.0,0.51,509.62,0.62,475.0,0.42,95.0,0.45,433.0,0.41,180.0,0.46,777.0,0.4,802.41,0.47,410.07,0.39,474.0,0.48,329.0,0.38,480.0,0.49,509.62
2026-01-07 10:46:43.079000+00:00,2026-01-07 10:46:40.628307+00:00,103.079,0.565,0.56,0.57,0.435,0.43,0.44,230.0,1.49,1.49,240.0,0.55,338.0,0.58,190.0,0.54,777.0,0.59,175.0,0.53,410.07,0.6,802.41,0.52,377.0,0.61,474.0,0.51,460.62,0.62,409.0,0.42,190.0,0.45,328.0,0.41,165.0,0.46,777.0,0.4,812.41,0.47,410.07,0.39,474.0,0.48,377.0,0.38,409.0,0.49,460.62
2026-01-07 10:46:44+00:00,2026-01-07 10:46:41.632648+00:00,104.0,0.575,0.57,0.58,0.425,0.42,0.43,5.0,180.0,180.0,5.0,0.56,265.0,0.59,180.0,0.55,318.0,0.6,802.41,0.54,797.0,0.61,484.0,0.53,390.07,0.62,409.0,0.52,377.0,0.63,442.0,0.41,180.0,0.44,265.0,0.4,802.41,0.45,318.0,0.39,484.0,0.46,797.0,0.38,409.0,0.47,390.07,0.37,442.0,0.48,377.0
2026-01-07 10:46:45.012000+00:00,2026-01-07 10:46:42.638752+00:00,105.012,0.575,0.57,0.58,0.425,0.42,0.43,5.0,180.0,180.0,5.0,0.56,250.0,0.59,180.0,0.55,318.0,0.6,802.41,0.54,797.0,0.61,484.0,0.53,390.07,0.62,475.0,0.52,329.0,0.63,374.0,0.41,180.0,0.44,250.0,0.4,802.41,0.45,318.0,0.39,484.0,0.46,797.0,0.38,475.0,0.47,390.07,0.37,374.0,0.48,329.0
2026-01-07 10:46:46.074000+00:00,2026-01-07 10:46:43.645933+00:00,106.074,0.5700000000000001,0.56,0.58,0.43,0.42,0.44,249.24,175.0,175.0,259.24,0.55,363.0,0.59,185.0,0.54,742.0,0.6,812.41,0.53,400.07,0.61,474.0,0.52,329.0,0.62,475.0,0.51,509.62,0.63,374.0,0.41,175.0,0.45,353.0,0.4,802.41,0.46,752.0,0.39,484.0,0.47,390.07,0.38,475.0,0.48,329.0,0.37,374.0,0.49,509.62
2026-01-07 10:46:47.032000+00:00,2026-01-07 10:46:44.667502+00:00,107.032,0.575,0.57,0.58,0.425,0.42,0.43,83.0,135.0,135.0,83.0,0.56,235.43,0.59,165.0,0.55,353.0,0.6,817.41,0.54,777.0,0.61,494.0,0.53,347.97,0.62,409.0,0.52,342.0,0.63,447.7,0.41,165.0,0.44,235.43,0.4,817.41,0.45,353.0,0.39,474.0,0.46,777.0,0.38,409.0,0.47,347.97,0.37,447.7,0.48,342.0
2026-01-07 10:46:48.830000+00:00,2026-01-07 10:46:46.680061+00:00,108.83,0.575,0.57,0.58,0.425,0.42,0.43,51.0,140.0,140.0,58.0,0.56,275.43,0.59,200.0,0.55,353.0,0.6,634.41,0.54,767.0,0.61,454.0,0.53,357.97,0.62,409.0,0.52,342.0,0.63,451.0,0.41,200.0,0.44,275.43,0.4,634.41,0.45,353.0,0.39,454.0,0.46,767.0,0.38,458.0,0.47,357.97,0.37,477.0,0.48,294.0
2026-01-07 10:46:50.057000+00:00,2026-01-07 10:46:47.686762+00:00,110.057,0.575,0.57,0.58,0.425,0.42,0.43,53.0,137.0,75.0,228.0,0.56,265.0,0.59,200.0,0.55,353.0,0.6,634.41,0.54,767.0,0.61,454.0,0.53,357.97,0.62,458.0,0.52,294.0,0.63,477.0,0.41,220.0,0.44,180.0,0.4,634.41,0.45,353.0,0.39,454.0,0.46,767.0,0.38,458.0,0.47,357.97,0.37,409.0,0.48,342.0
2026-01-07 10:46:51.136000+00:00,2026-01-07 10:46:48.695872+00:00,111.136,0.575,0.57,0.58,0.425,0.42,0.43,200.0,75.0,75.0,200.0,0.56,170.0,0.59,185.0,0.55,318.0,0.6,624.41,0.54,767.0,0.61,419.0,0.53,357.97,0.62,458.0,0.52,342.0,0.63,409.0,0.41,220.0,0.44,211.25,0.4,634.41,0.45,328.0,0.39,454.0,0.46,767.0,0.38,458.0,0.47,357.97,0.37,409.0,0.48,377.0
2026-01-07 10:46:52.067000+00:00,2026-01-07 10:46:49.701550+00:00,112.067,0.575,0.57,0.58,0.425,0.42,0.43,200.0,66.37,5.0,210.0,0.56,205.0,0.59,220.0,0.55,328.0,0.6,634.41,0.54,767.0,0.61,454.0,0.53,357.97,0.62,458.0,0.52,377.0,0.63,409.0,0.41,220.0,0.44,205.0,0.4,634.41,0.45,328.0,0.39,454.0,0.46,767.0,0.38,458.0,0.47,357.97,0.37,409.0,0.48,377.0
2026-01-07 10:46:53.873000+00:00,2026-01-07 10:46:51.713297+00:00,113.873,0.575,0.57,0.58,0.425,0.42,0.43,200.0,5.0,5.0,185.0,0.56,205.0,0.59,220.0,0.55,328.0,0.6,614.41,0.54,837.0,0.61,474.0,0.53,357.97,0.62,458.0,0.52,377.0,0.63,409.0,0.41,220.0,0.44,205.0,0.4,614.41,0.45,328.0,0.39,474.0,0.46,837.0,0.38,458.0,0.47,357.97,0.37,409.0,0.48,377.0
2026-01-07 10:46:55.164000+00:00,2026-01-07 10:46:52.719318+00:00,115.164,0.575,0.57,0.58,0.445,0.44,0.45,187.07,5.0,167.0,183.0,0.56,180.0,0.59,220.0,0.55,318.0,0.6,614.41,0.54,837.0,0.61,474.0,0.53,357.97,0.62,458.0,0.52,342.0,0.63,409.0,0.43,60.0,0.46,297.55,0.42,787.0,0.47,327.97,0.41,373.0,0.48,278.99,0.4,358.41,0.49,355.62,0.39,538.0,0.5,478.57
2026-01-07 10:46:56.161000+00:00,2026-01-07 10:46:53.724598+00:00,116.161,0.555,0.55,0.56,0.445,0.44,0.45,265.0,178.37,178.37,265.0,0.54,150.0,0.57,293.0,0.53,170.0,0.58,933.0,0.52,105.0,0.59,444.0,0.51,279.62,0.6,485.61,0.5,232.97,0.61,538.0,0.43,293.0,0.46,155.0,0.42,933.0,0.47,170.0,0.41,439.0,0.48,105.0,0.4,485.61,0.49,279.62,0.39,538.0,0.5,232.97
2026-01-07 10:46:57.179000+00:00,2026-01-07 10:46:54.731767+00:00,117.179,0.555,0.55,0.56,0.445,0.44,0.45,240.0,5.0,5.0,256.0,0.54,140.0,0.57,105.0,0.53,170.0,0.58,802.0,0.52,288.0,0.59,439.0,0.51,279.62,0.6,485.61,0.5,353.97,0.61,538.0,0.43,105.0,0.46,140.0,0.42,812.0,0.47,170.0,0.41,449.0,0.48,288.0,0.4,485.61,0.49,279.62,0.39,538.0,0.5,353.97
2026-01-07 10:46:58.090000+00:00,2026-01-07 10:46:55.738684+00:00,118.09,0.56,0.55,0.57,0.44,0.43,0.45,260.0,83.03,83.03,270.0,0.54,125.0,0.58,817.0,0.53,170.0,0.59,449.0,0.52,288.0,0.6,485.61,0.51,279.62,0.61,538.0,0.5,353.97,0.62,409.0,0.42,817.0,0.46,125.0,0.41,449.0,0.47,170.0,0.4,485.61,0.48,288.0,0.39,538.0,0.49,269.62,0.38,409.0,0.5,353.97
2026-01-07 10:46:59.180000+00:00,2026-01-07 10:46:56.741191+00:00,119.18,0.565,0.56,0.57,0.435,0.43,0.44,5.0,83.03,70.0,5.0,0.55,255.0,0.58,634.0,0.54,130.0,0.59,449.0,0.53,363.0,0.6,505.61,0.52,348.0,0.61,518.0,0.51,339.62,0.62,409.0,0.42,634.0,0.45,265.0,0.41,449.0,0.46,130.0,0.4,505.61,0.47,363.0,0.39,518.0,0.48,797.0,0.38,409.0,0.49,339.62
2026-01-07 10:47:00.144000+00:00,2026-01-07 10:46:57.746453+00:00,120.144,0.565,0.56,0.57,0.435,0.43,0.44,5.0,70.0,60.49,5.0,0.55,270.0,0.58,634.0,0.54,130.0,0.59,449.0,0.53,353.0,0.6,505.61,0.52,797.0,0.61,518.0,0.51,339.62,0.62,409.0,0.42,644.0,0.45,270.0,0.41,449.0,0.46,130.0,0.4,505.61,0.47,353.0,0.39,518.0,0.48,797.0,0.38,409.0,0.49,339.62
2026-01-07 10:47:01.195000+00:00,2026-01-07 10:46:58.747027+00:00,121.195,0.565,0.56,0.57,0.435,0.43,0.44,25.0,65.49,65.49,25.0,0.55,270.0,0.58,644.0,0.54,120.0,0.59,449.0,0.53,353.0,0.6,505.61,0.52,797.0,0.61,518.0,0.51,339.62,0.62,409.0,0.42,654.0,0.45,270.0,0.41,449.0,0.46,130.0,0.4,505.61,0.47,353.0,0.39,518.0,0.48,797.0,0.38,409.0,0.49,339.62
2026-01-07 10:47:02.194000+00:00,2026-01-07 10:46:59.750370+00:00,122.194,0.555,0.55,0.56,0.445,0.44,0.45,65.0,165.0,165.0,30.0,0.54,45.0,0.57,43.8,0.53,443.0,0.58,604.0,0.52,817.0,0.59,429.0,0.51,354.62,0.6,568.61,0.5,423.97,0.61,454.0,0.43,200.8,0.46,70.0,0.42,822.0,0.47,338.0,0.41,454.0,0.48,837.0,0.4,568.61,0.49,359.62,0.39,454.0,0.5,458.97
2026-01-07 10:47:03.184000+00:00,2026-01-07 10:47:00.756412+00:00,123.184,0.545,0.54,0.55,0.455,0.45,0.46,75.0,83.0,83.0,75.0,0.53,155.0,0.56,104.07,0.52,807.0,0.57,336.8,0.51,379.62,0.58,878.0,0.5,337.97,0.59,454.0,0.49,488.0,0.6,568.61,0.44,104.07,0.47,155.0,0.43,336.8,0.48,807.0,0.42,878.0,0.49,379.62,0.41,454.0,0.5,337.97,0.4,568.61,0.51,488.0
2026-01-07 10:47:04.165000+00:00,2026-01-07 10:47:01.762164+00:00,124.165,0.545,0.54,0.55,0.455,0.45,0.46,75.84,98.36,103.36,35.84,0.53,170.0,0.56,94.07,0.52,599.0,0.57,386.8,0.51,379.62,0.58,878.0,0.5,337.97,0.59,454.0,0.49,488.0,0.6,548.61,0.44,237.0,0.47,215.0,0.43,346.8,0.48,120.0,0.42,454.0,0.49,309.62,0.41,515.0,0.5,267.97,0.4,485.61,0.51,523.0
2026-01-07 10:47:05.199000+00:00,2026-01-07 10:47:02.766477+00:00,125.199,0.535,0.53,0.54,0.46499999999999997,0.46,0.47,50.0,357.18,479.18,19.36,0.52,110.0,0.55,484.36,0.51,189.56,0.56,626.0,0.5,70.0,0.57,472.8,0.49,125.0,0.58,503.0,0.48,812.41,0.59,419.0,0.45,474.36,0.48,110.0,0.44,569.0,0.49,95.0,0.43,530.8,0.5,135.0,0.42,503.0,0.51,125.0,0.41,419.0,0.52,629.41
2026-01-07 10:47:06.213000+00:00,2026-01-07 10:47:03.770243+00:00,126.213,0.515,0.51,0.52,0.485,0.48,0.49,40.0,208.64,228.64,40.0,0.5,65.0,0.53,303.0,0.49,75.0,0.54,878.18,0.48,628.96,0.55,506.16,0.47,333.63,0.56,454.0,0.46,258.0,0.57,472.8,0.47,313.0,0.5,65.0,0.46,888.18,0.51,105.0,0.45,541.16,0.52,638.96,0.44,454.0,0.53,258.63,0.43,472.8,0.54,218.0
2026-01-07 10:47:07.218000+00:00,2026-01-07 10:47:04.780110+00:00,127.218,0.505,0.5,0.51,0.495,0.49,0.5,50.0,70.0,79.23,50.0,0.49,170.0,0.52,173.64,0.48,604.41,0.53,318.0,0.47,258.63,0.54,888.18,0.46,218.0,0.55,536.16,0.45,324.0,0.56,454.0,0.48,158.64,0.51,200.0,0.47,318.0,0.52,589.41,0.46,878.18,0.53,258.63,0.45,536.16,0.54,218.0,0.44,454.0,0.55,324.0
2026-01-07 10:47:08.207000+00:00,2026-01-07 10:47:05.786701+00:00,128.207,0.505,0.5,0.51,0.495,0.49,0.5,60.43,89.36,241.36,60.43,0.49,120.0,0.52,169.89,0.48,639.41,0.53,333.0,0.47,258.63,0.54,922.18,0.46,218.0,0.55,444.36,0.45,324.0,0.56,491.2,0.48,189.89,0.51,200.0,0.47,434.0,0.52,589.41,0.46,922.18,0.53,258.63,0.45,444.36,0.54,218.0,0.44,491.2,0.55,324.0
2026-01-07 10:47:09.223000+00:00,2026-01-07 10:47:06.793745+00:00,129.223,0.505,0.5,0.51,0.495,0.49,0.5,60.43,252.61,267.61,65.43,0.49,213.38,0.52,259.89,0.48,589.41,0.53,504.0,0.47,75.63,0.54,998.02,0.46,288.0,0.55,444.36,0.45,273.0,0.56,491.2,0.48,259.89,0.51,213.38,0.47,504.0,0.52,619.41,0.46,944.02,0.53,45.64,0.45,500.36,0.54,288.0,0.44,491.2,0.55,273.0
2026-01-07 10:47:10.212000+00:00,2026-01-07 10:47:07.798514+00:00,130.212,0.545,0.54,0.55,0.455,0.45,0.46,45.0,50.0,50.0,40.0,0.53,210.0,0.56,798.0,0.52,65.0,0.57,432.8,0.51,80.0,0.58,364.0,0.5,318.43,0.59,505.0,0.49,258.0,0.6,444.41,0.44,798.0,0.47,210.0,0.43,432.8,0.48,65.0,0.42,364.0,0.49,80.0,0.41,505.0,0.5,303.43,0.4,444.41,0.51,258.0
2026-01-07 10:47:11.261000+00:00,2026-01-07 10:47:08.818964+00:00,131.261,0.545,0.54,0.55,0.455,0.45,0.46,35.0,90.0,90.0,35.0,0.53,50.0,0.56,727.0,0.52,263.38,0.57,392.8,0.51,433.0,0.58,344.0,0.5,443.43,0.59,444.0,0.49,328.0,0.6,444.41,0.44,514.0,0.47,10.0,0.43,136.8,0.48,233.38,0.42,40.0,0.49,433.0,0.41,444.0,0.5,423.43,0.4,444.41,0.51,328.0
2026-01-07 10:47:12.148000+00:00,2026-01-07 10:47:09.810657+00:00,132.148,0.545,0.54,0.55,0.455,0.45,0.46,35.0,50.0,50.0,35.0,0.53,125.0,0.56,514.0,0.52,200.0,0.57,78.8,0.51,403.0,0.58,40.0,0.5,423.43,0.59,550.5,0.49,328.0,0.6,444.41,0.44,514.0,0.47,125.0,0.43,78.8,0.48,200.0,0.42,40.0,0.49,403.0,0.41,550.5,0.5,423.43,0.4,444.41,0.51,328.0
2026-01-07 10:47:13.256000+00:00,2026-01-07 10:47:10.816099+00:00,133.256,0.555,0.55,0.56,0.445,0.44,0.45,332.0,469.0,469.0,327.0,0.54,207.0,0.57,78.8,0.53,202.0,0.58,65.0,0.52,292.0,0.59,464.5,0.51,524.0,0.6,507.41,0.5,509.43,0.61,444.0,0.43,78.8,0.46,207.0,0.42,65.0,0.47,202.0,0.41,160.5,0.48,292.0,0.4,507.41,0.49,524.0,0.39,444.0,0.5,509.43
2026-01-07 10:47:14.199000+00:00,2026-01-07 10:47:11.819392+00:00,134.199,0.555,0.55,0.56,0.445,0.44,0.45,438.0,469.0,469.0,418.0,0.54,414.25,0.57,35.0,0.53,403.0,0.58,100.0,0.52,353.0,0.59,85.5,0.51,903.0,0.6,324.41,0.5,439.43,0.61,449.0,0.43,35.0,0.46,408.0,0.42,100.0,0.47,403.0,0.41,85.5,0.48,353.0,0.4,344.41,0.49,903.0,0.39,444.0,0.5,439.43
2026-01-07 10:47:15.098000+00:00,2026-01-07 10:47:12.822267+00:00,135.098,0.555,0.55,0.56,0.445,0.44,0.45,418.0,469.0,469.0,403.0,0.54,408.0,0.57,35.0,0.53,403.0,0.58,100.0,0.52,353.0,0.59,85.5,0.51,903.0,0.6,281.41,0.5,439.43,0.61,508.0,0.43,35.0,0.46,408.0,0.42,100.0,0.47,403.0,0.41,85.5,0.48,353.0,0.4,281.41,0.49,903.0,0.39,508.0,0.5,439.43
2026-01-07 10:47:16.180000+00:00,2026-01-07 10:47:13.826360+00:00,136.18,0.555,0.55,0.56,0.445,0.44,0.45,418.0,469.0,469.0,418.0,0.54,408.0,0.57,35.0,0.53,403.0,0.58,100.0,0.52,353.0,0.59,85.5,0.51,903.0,0.6,281.41,0.5,439.43,0.61,508.0,0.43,35.0,0.46,408.0,0.42,100.0,0.47,403.0,0.41,85.5,0.48,353.0,0.4,281.41,0.49,903.0,0.39,508.0,0.5,439.43
2026-01-07 10:47:17.264000+00:00,2026-01-07 10:47:14.830259+00:00,137.264,0.555,0.55,0.56,0.435,0.43,0.44,611.86,20.0,35.0,102.0,0.54,434.0,0.57,35.0,0.53,454.0,0.59,65.0,0.52,474.0,0.6,45.41,0.51,454.0,0.61,145.28,0.5,499.0,0.62,151.0,0.41,65.0,0.45,605.95,0.4,45.41,0.46,504.0,0.39,140.0,0.47,454.0,0.38,151.0,0.48,474.0,0.37,261.0,0.49,454.0
2026-01-07 10:47:18.270000+00:00,2026-01-07 10:47:15.827441+00:00,138.27,0.595,0.59,0.6,0.405,0.4,0.41,267.0,0.41,0.41,328.0,0.58,293.0,0.62,589.0,0.57,324.0,0.63,261.0,0.56,434.0,0.64,267.0,0.55,531.95,0.65,484.0,0.54,570.0,0.66,414.0,0.38,589.0,0.42,293.0,0.37,140.0,0.43,324.0,0.36,206.0,0.44,434.0,0.35,484.0,0.45,531.95,0.34,488.0,0.46,500.0
2026-01-07 10:47:19.265000+00:00,2026-01-07 10:47:16.834110+00:00,139.265,0.615,0.61,0.62,0.385,0.38,0.39,189.58,479.0,479.0,189.58,0.6,330.97,0.63,145.0,0.59,278.0,0.64,121.4,0.58,263.0,0.65,251.0,0.57,419.0,0.66,231.0,0.56,504.0,0.67,424.0,0.37,145.0,0.4,330.97,0.36,121.4,0.41,278.0,0.35,251.0,0.42,263.0,0.34,231.0,0.43,419.0,0.33,424.0,0.44,504.0
2026-01-07 10:47:20.129000+00:00,2026-01-07 10:47:17.856505+00:00,140.129,0.615,0.61,0.62,0.385,0.38,0.39,211.75,479.0,479.0,216.75,0.6,330.97,0.63,145.0,0.59,268.0,0.64,121.4,0.58,263.0,0.65,251.0,0.57,419.0,0.66,231.0,0.56,504.0,0.67,424.0,0.37,145.0,0.4,330.97,0.36,121.4,0.41,268.0,0.35,251.0,0.42,333.0,0.34,231.0,0.43,489.0,0.33,424.0,0.44,504.0
2026-01-07 10:47:21.197000+00:00,2026-01-07 10:47:18.864656+00:00,141.197,0.615,0.61,0.62,0.385,0.38,0.39,187.26,479.0,479.0,187.26,0.6,335.97,0.63,145.0,0.59,268.0,0.64,126.4,0.58,333.0,0.65,180.0,0.57,489.0,0.66,231.0,0.56,504.0,0.67,500.0,0.37,145.0,0.4,405.97,0.36,126.4,0.41,408.0,0.35,180.0,0.42,403.0,0.34,231.0,0.43,419.0,0.33,500.0,0.44,434.0
2026-01-07 10:47:22.316000+00:00,2026-01-07 10:47:19.904960+00:00,142.316,0.625,0.62,0.63,0.375,0.37,0.38,137.0,100.0,100.0,232.0,0.61,367.26,0.64,115.0,0.6,417.59,0.65,155.0,0.59,423.0,0.66,231.0,0.58,454.0,0.67,500.0,0.57,419.0,0.68,414.0,0.36,115.0,0.39,437.26,0.35,155.0,0.4,417.59,0.34,305.0,0.41,353.0,0.33,424.0,0.42,454.0,0.32,414.0,0.43,419.0
2026-01-07 10:47:23.359000+00:00,2026-01-07 10:47:20.910819+00:00,143.359,0.625,0.62,0.63,0.375,0.37,0.38,105.51,95.0,110.0,100.97,0.61,297.26,0.64,609.0,0.6,442.59,0.65,155.0,0.59,383.0,0.66,233.0,0.58,903.0,0.67,120.0,0.57,419.0,0.68,414.0,0.36,614.0,0.39,290.68,0.35,155.0,0.4,477.59,0.34,233.0,0.41,383.0,0.33,120.0,0.42,903.0,0.32,414.0,0.43,419.0
2026-01-07 10:47:24.320000+00:00,2026-01-07 10:47:21.928982+00:00,144.32,0.625,0.62,0.63,0.375,0.37,0.38,26.65,60.0,60.0,24.65,0.61,310.68,0.64,559.0,0.6,452.59,0.65,226.0,0.59,383.0,0.66,159.0,0.58,903.0,0.67,363.0,0.57,454.0,0.68,414.0,0.36,559.0,0.39,310.68,0.35,226.0,0.4,382.59,0.34,159.0,0.41,383.0,0.33,424.0,0.42,903.0,0.32,414.0,0.43,454.0
2026-01-07 10:47:25.342000+00:00,2026-01-07 10:47:22.937932+00:00,145.342,0.625,0.62,0.63,0.375,0.37,0.38,20.42,53.41,53.41,20.42,0.61,315.68,0.64,559.0,0.6,382.59,0.65,226.0,0.59,383.0,0.66,110.0,0.58,903.0,0.67,473.0,0.57,454.0,0.68,414.0,0.36,559.0,0.39,315.68,0.35,226.0,0.4,382.59,0.34,110.0,0.41,383.0,0.33,473.0,0.42,903.0,0.32,414.0,0.43,454.0
2026-01-07 10:47:26.240000+00:00,2026-01-07 10:47:23.942388+00:00,146.24,0.625,0.62,0.63,0.375,0.37,0.38,20.42,53.41,53.41,20.42,0.61,315.68,0.64,559.0,0.6,382.59,0.65,226.0,0.59,383.0,0.66,110.0,0.58,903.0,0.67,473.0,0.57,454.0,0.68,414.0,0.36,559.0,0.39,315.68,0.35,226.0,0.4,382.59,0.34,110.0,0.41,383.0,0.33,473.0,0.42,903.0,0.32,414.0,0.43,454.0
2026-01-07 10:47:27.410000+00:00,2026-01-07 10:47:24.964144+00:00,147.41,0.625,0.62,0.63,0.375,0.37,0.38,28.48,75.47,75.47,29.71,0.61,315.68,0.64,559.0,0.6,382.59,0.65,226.0,0.59,363.0,0.66,232.0,0.58,903.0,0.67,473.0,0.57,454.0,0.68,414.0,0.36,559.0,0.39,180.0,0.35,226.0,0.4,402.59,0.34,293.0,0.41,363.0,0.33,473.0,0.42,903.0,0.32,414.0,0.43,454.0
2026-01-07 10:47:28.389000+00:00,2026-01-07 10:47:25.985117+00:00,148.389,0.625,0.62,0.63,0.38,0.37,0.39,5.0,55.47,38.37,287.85,0.61,287.85,0.64,559.0,0.6,332.59,0.65,226.0,0.59,363.0,0.66,293.0,0.58,903.0,0.67,473.0,0.57,454.0,0.68,414.0,0.36,559.0,0.4,332.59,0.35,226.0,0.41,363.0,0.34,293.0,0.42,903.0,0.33,473.0,0.43,454.0,0.32,414.0,0.44,399.0
2026-01-07 10:47:29.416000+00:00,2026-01-07 10:47:26.991022+00:00,149.416,0.615,0.61,0.62,0.385,0.38,0.39,172.85,65.0,65.0,172.85,0.6,472.59,0.63,38.37,0.59,363.0,0.64,559.0,0.58,903.0,0.65,226.0,0.57,454.0,0.66,293.0,0.56,399.0,0.67,473.0,0.37,38.37,0.4,472.59,0.36,559.0,0.41,363.0,0.35,226.0,0.42,903.0,0.34,293.0,0.43,454.0,0.33,473.0,0.44,399.0
2026-01-07 10:47:30.311000+00:00,2026-01-07 10:47:27.997820+00:00,150.311,0.605,0.6,0.61,0.395,0.39,0.4,40.0,45.0,45.0,40.0,0.59,308.0,0.62,85.0,0.58,433.0,0.63,48.37,0.57,524.0,0.64,179.0,0.56,434.0,0.65,363.0,0.55,417.92,0.66,414.0,0.38,85.0,0.41,308.0,0.37,48.37,0.42,433.0,0.36,110.0,0.43,524.0,0.35,434.0,0.44,434.0,0.34,414.0,0.45,417.92
2026-01-07 10:47:31.435000+00:00,2026-01-07 10:47:29.002908+00:00,151.435,0.605,0.6,0.61,0.395,0.39,0.4,40.0,45.0,45.0,40.0,0.59,308.0,0.62,80.0,0.58,433.0,0.63,48.37,0.57,524.0,0.64,110.0,0.56,434.0,0.65,434.0,0.55,417.92,0.66,414.0,0.38,80.0,0.41,308.0,0.37,48.37,0.42,293.0,0.36,110.0,0.43,524.0,0.35,434.0,0.44,434.0,0.34,414.0,0.45,417.92
2026-01-07 10:47:32.436000+00:00,2026-01-07 10:47:30.008997+00:00,152.436,0.61,0.6,0.62,0.39,0.38,0.4,155.0,80.0,80.0,155.0,0.59,238.0,0.63,48.37,0.58,363.0,0.64,110.0,0.57,524.0,0.65,363.0,0.56,434.0,0.66,488.0,0.55,417.92,0.67,438.0,0.37,48.37,0.41,238.0,0.36,110.0,0.42,363.0,0.35,363.0,0.43,524.0,0.34,488.0,0.44,434.0,0.33,438.0,0.45,417.92
2026-01-07 10:47:33.473000+00:00,2026-01-07 10:47:31.015389+00:00,153.473,0.605,0.6,0.61,0.395,0.39,0.4,122.44,82.93,82.93,122.44,0.59,448.0,0.62,43.38,0.58,363.0,0.63,78.37,0.57,454.0,0.64,80.0,0.56,434.0,0.65,434.0,0.55,417.92,0.66,414.0,0.38,43.38,0.41,448.0,0.37,78.37,0.42,363.0,0.36,80.0,0.43,454.0,0.35,434.0,0.44,434.0,0.34,414.0,0.45,417.92
2026-01-07 10:47:34.350000+00:00,2026-01-07 10:47:32.023547+00:00,154.35,0.605,0.6,0.61,0.395,0.39,0.4,82.44,79.9,79.9,82.44,0.59,473.0,0.62,83.38,0.58,338.0,0.63,48.37,0.57,454.0,0.64,174.0,0.56,883.0,0.65,363.0,0.55,452.92,0.66,414.0,0.38,83.38,0.41,473.0,0.37,48.37,0.42,338.0,0.36,174.0,0.43,454.0,0.35,363.0,0.44,883.0,0.34,414.0,0.45,452.92
2026-01-07 10:47:35.500000+00:00,2026-01-07 10:47:33.032921+00:00,155.5,0.605,0.6,0.61,0.395,0.39,0.4,102.44,60.0,60.0,102.44,0.59,473.0,0.62,83.38,0.58,308.0,0.63,48.37,0.57,484.0,0.64,105.0,0.56,883.0,0.65,434.0,0.55,452.92,0.66,414.0,0.38,83.38,0.41,473.0,0.37,48.37,0.42,338.0,0.36,105.0,0.43,454.0,0.35,434.0,0.44,883.0,0.34,414.0,0.45,452.92
2026-01-07 10:47:36.420000+00:00,2026-01-07 10:47:34.037230+00:00,156.42,0.61,0.6,0.62,0.39,0.38,0.4,257.44,83.38,83.38,257.44,0.59,403.0,0.63,48.37,0.58,338.0,0.64,105.0,0.57,454.0,0.65,363.0,0.56,883.0,0.66,414.0,0.55,452.92,0.67,438.0,0.37,48.37,0.41,403.0,0.36,105.0,0.42,338.0,0.35,363.0,0.43,454.0,0.34,414.0,0.44,883.0,0.33,438.0,0.45,452.92
2026-01-07 10:47:37.496000+00:00,2026-01-07 10:47:35.057582+00:00,157.496,0.61,0.6,0.62,0.39,0.38,0.4,217.44,83.38,83.38,217.44,0.59,403.0,0.63,48.37,0.58,338.0,0.64,105.0,0.57,454.0,0.65,363.0,0.56,883.0,0.66,488.0,0.55,452.92,0.67,438.0,0.37,48.37,0.41,403.0,0.36,105.0,0.42,338.0,0.35,363.0,0.43,454.0,0.34,488.0,0.44,883.0,0.33,438.0,0.45,452.92
2026-01-07 10:47:38.461000+00:00,2026-01-07 10:47:36.063221+00:00,158.461,0.61,0.6,0.62,0.39,0.38,0.4,217.44,527.38,527.38,217.44,0.59,403.0,0.63,53.37,0.58,338.0,0.64,105.0,0.57,454.0,0.65,363.0,0.56,883.0,0.66,488.0,0.55,452.92,0.67,438.0,0.37,53.37,0.41,403.0,0.36,105.0,0.42,338.0,0.35,363.0,0.43,454.0,0.34,488.0,0.44,883.0,0.33,438.0,0.45,452.92
2026-01-07 10:47:39.375000+00:00,2026-01-07 10:47:37.060637+00:00,159.375,0.61,0.6,0.62,0.39,0.38,0.4,214.24,522.38,522.38,214.24,0.59,403.0,0.63,28.37,0.58,338.0,0.64,125.0,0.57,454.0,0.65,434.0,0.56,883.0,0.66,414.0,0.55,452.92,0.67,438.0,0.37,28.37,0.41,403.0,0.36,125.0,0.42,338.0,0.35,363.0,0.43,454.0,0.34,414.0,0.44,883.0,0.33,438.0,0.45,452.92
2026-01-07 10:47:40.508000+00:00,2026-01-07 10:47:38.066935+00:00,160.508,0.615,0.61,0.62,0.385,0.38,0.39,70.0,484.0,486.06,150.0,0.6,404.8,0.63,33.37,0.59,343.0,0.64,125.0,0.58,333.0,0.65,363.0,0.57,454.0,0.66,493.28,0.56,883.0,0.67,438.0,0.37,33.37,0.4,349.8,0.36,125.0,0.41,343.0,0.35,434.0,0.42,333.0,0.34,419.28,0.43,454.0,0.33,438.0,0.44,883.0
2026-01-07 10:47:41.404000+00:00,2026-01-07 10:47:39.089810+00:00,161.404,0.615,0.61,0.62,0.39,0.38,0.4,135.0,486.06,520.65,419.8,0.6,349.8,0.63,33.37,0.59,343.0,0.64,125.0,0.58,333.0,0.65,434.0,0.57,454.0,0.66,414.0,0.56,883.0,0.67,438.0,0.37,33.37,0.41,343.0,0.36,125.0,0.42,333.0,0.35,434.0,0.43,454.0,0.34,414.0,0.44,883.0,0.33,438.0,0.45,417.92
2026-01-07 10:47:42.351000+00:00,2026-01-07 10:47:40.094571+00:00,162.351,0.61,0.6,0.62,0.39,0.38,0.4,424.8,494.0,494.0,424.8,0.59,338.0,0.63,58.37,0.58,333.0,0.64,100.0,0.57,454.0,0.65,434.0,0.56,883.0,0.66,414.0,0.55,417.92,0.67,473.0,0.37,58.37,0.41,338.0,0.36,100.0,0.42,333.0,0.35,434.0,0.43,454.0,0.34,414.0,0.44,883.0,0.33,473.0,0.45,417.92
2026-01-07 10:47:43.377000+00:00,2026-01-07 10:47:41.098383+00:00,163.377,0.615,0.61,0.62,0.385,0.38,0.39,65.87,494.0,494.0,65.87,0.6,438.0,0.63,58.37,0.59,338.0,0.64,100.0,0.58,333.0,0.65,434.0,0.57,454.0,0.66,414.0,0.56,883.0,0.67,473.0,0.37,58.37,0.4,438.0,0.36,100.0,0.41,338.0,0.35,434.0,0.42,333.0,0.34,414.0,0.43,454.0,0.33,473.0,0.44,883.0
2026-01-07 10:47:44.501000+00:00,2026-01-07 10:47:42.107948+00:00,164.501,0.615,0.61,0.62,0.385,0.38,0.39,65.87,499.0,499.0,65.87,0.6,438.0,0.63,58.37,0.59,338.0,0.64,100.0,0.58,333.0,0.65,363.0,0.57,454.0,0.66,414.0,0.56,883.0,0.67,473.0,0.37,58.37,0.4,438.0,0.36,100.0,0.41,338.0,0.35,434.0,0.42,333.0,0.34,414.0,0.43,454.0,0.33,473.0,0.44,883.0
2026-01-07 10:47:45.361000+00:00,2026-01-07 10:47:43.116778+00:00,165.361,0.615,0.61,0.62,0.385,0.38,0.39,65.87,494.0,494.0,65.87,0.6,443.0,0.63,58.37,0.59,338.0,0.64,100.0,0.58,333.0,0.65,434.0,0.57,454.0,0.66,414.0,0.56,883.0,0.67,473.0,0.37,58.37,0.4,443.0,0.36,100.0,0.41,338.0,0.35,434.0,0.42,333.0,0.34,414.0,0.43,454.0,0.33,473.0,0.44,883.0
2026-01-07 10:47:46.377000+00:00,2026-01-07 10:47:44.140218+00:00,166.377,0.615,0.61,0.62,0.385,0.38,0.39,180.87,449.0,449.0,180.87,0.6,378.0,0.63,58.37,0.59,338.0,0.64,100.0,0.58,333.0,0.65,251.0,0.57,454.0,0.66,414.0,0.56,434.0,0.67,473.0,0.37,58.37,0.4,378.0,0.36,100.0,0.41,338.0,0.35,251.0,0.42,333.0,0.34,414.0,0.43,454.0,0.33,473.0,0.44,434.0
2026-01-07 10:47:47.590000+00:00,2026-01-07 10:47:45.145681+00:00,167.59,0.615,0.61,0.62,0.385,0.38,0.39,180.87,471.83,536.83,65.87,0.6,378.0,0.63,58.37,0.59,338.0,0.64,80.0,0.58,333.0,0.65,251.0,0.57,454.0,0.66,414.0,0.56,434.0,0.67,473.0,0.37,58.37,0.4,448.0,0.36,80.0,0.41,338.0,0.35,251.0,0.42,333.0,0.34,414.0,0.43,454.0,0.33,473.0,0.44,434.0
2026-01-07 10:47:48.562000+00:00,2026-01-07 10:47:46.152938+00:00,168.562,0.615,0.61,0.62,0.385,0.38,0.39,195.87,473.77,503.77,65.87,0.6,378.0,0.63,58.37,0.59,338.0,0.64,80.0,0.58,333.0,0.65,251.0,0.57,454.0,0.66,414.0,0.56,434.0,0.67,473.0,0.37,58.37,0.4,448.0,0.36,80.0,0.41,338.0,0.35,251.0,0.42,333.0,0.34,414.0,0.43,454.0,0.33,473.0,0.44,434.0
2026-01-07 10:47:49.576000+00:00,2026-01-07 10:47:47.159551+00:00,169.576,0.615,0.61,0.62,0.385,0.38,0.39,188.87,411.2,391.2,188.87,0.6,378.0,0.63,58.37,0.59,338.0,0.64,80.0,0.58,333.0,0.65,180.0,0.57,454.0,0.66,488.0,0.56,434.0,0.67,473.0,0.37,58.37,0.4,408.0,0.36,80.0,0.41,308.0,0.35,180.0,0.42,333.0,0.34,488.0,0.43,454.0,0.33,473.0,0.44,434.0
2026-01-07 10:47:50.613000+00:00,2026-01-07 10:47:48.166350+00:00,170.613,0.625,0.62,0.63,0.375,0.37,0.38,270.0,5.0,5.0,270.0,0.61,282.87,0.64,105.0,0.6,383.0,0.65,155.0,0.59,454.0,0.66,414.0,0.58,454.0,0.67,473.0,0.57,903.0,0.68,492.0,0.36,105.0,0.39,267.87,0.35,155.0,0.4,383.0,0.34,414.0,0.41,454.0,0.33,473.0,0.42,454.0,0.32,414.0,0.43,903.0
2026-01-07 10:47:51.590000+00:00,2026-01-07 10:47:49.185627+00:00,171.59,0.625,0.62,0.63,0.375,0.37,0.38,408.0,5.0,5.0,408.0,0.61,338.0,0.64,105.0,0.6,383.0,0.65,155.0,0.59,454.0,0.66,110.0,0.58,454.0,0.67,473.0,0.57,903.0,0.68,492.0,0.36,105.0,0.39,338.0,0.35,155.0,0.4,383.0,0.34,110.0,0.41,454.0,0.33,473.0,0.42,454.0,0.32,492.0,0.43,903.0
2026-01-07 10:47:52.622000+00:00,2026-01-07 10:47:50.189331+00:00,172.622,0.63,0.62,0.64,0.37,0.36,0.38,403.69,102.9,551.9,398.24,0.61,343.0,0.65,160.0,0.6,378.0,0.66,110.0,0.59,454.0,0.67,473.0,0.58,454.0,0.68,492.0,0.57,903.0,0.69,379.0,0.35,160.0,0.39,343.0,0.34,110.0,0.4,378.0,0.33,473.0,0.41,454.0,0.32,492.0,0.42,454.0,0.31,379.0,0.43,903.0
2026-01-07 10:47:53.639000+00:00,2026-01-07 10:47:51.197398+00:00,173.639,0.625,0.62,0.63,0.375,0.37,0.38,188.64,85.0,82.68,5.64,0.61,193.0,0.64,77.9,0.6,513.0,0.65,307.0,0.59,429.0,0.66,427.0,0.58,483.99,0.67,473.0,0.57,903.0,0.68,379.0,0.36,77.9,0.39,10.0,0.35,307.0,0.4,330.0,0.34,427.0,0.41,308.0,0.33,473.0,0.42,362.99,0.32,379.0,0.43,903.0
2026-01-07 10:47:54.590000+00:00,2026-01-07 10:47:52.200738+00:00,174.59,0.615,0.61,0.62,0.385,0.38,0.39,5.0,89.22,89.22,5.0,0.6,215.0,0.63,77.68,0.59,378.0,0.64,77.9,0.58,362.99,0.65,434.0,0.57,903.0,0.66,414.0,0.56,419.0,0.67,473.0,0.37,82.68,0.4,220.0,0.36,77.9,0.41,378.0,0.35,434.0,0.42,362.99,0.34,414.0,0.43,903.0,0.33,473.0,0.44,419.0
2026-01-07 10:47:55.603000+00:00,2026-01-07 10:47:53.207575+00:00,175.603,0.62,0.61,0.63,0.38,0.37,0.39,164.43,82.68,82.68,139.43,0.6,295.0,0.64,77.9,0.59,308.0,0.65,363.0,0.58,333.0,0.66,414.0,0.57,903.0,0.67,549.0,0.56,419.0,0.68,379.0,0.36,77.9,0.4,265.0,0.35,363.0,0.41,338.0,0.34,488.0,0.42,333.0,0.33,473.0,0.43,903.0,0.32,379.0,0.44,419.0
2026-01-07 10:47:56.617000+00:00,2026-01-07 10:47:54.226918+00:00,176.617,0.625,0.62,0.63,0.38,0.37,0.39,5.0,54.2,54.2,74.43,0.61,74.43,0.64,82.9,0.6,382.0,0.65,363.0,0.59,338.0,0.66,488.0,0.58,333.0,0.67,473.0,0.57,903.0,0.68,379.0,0.36,82.9,0.4,382.0,0.35,363.0,0.41,338.0,0.34,488.0,0.42,333.0,0.33,473.0,0.43,903.0,0.32,379.0,0.44,419.0
2026-01-07 10:47:57.604000+00:00,2026-01-07 10:47:55.234772+00:00,177.604,0.615,0.61,0.62,0.38,0.37,0.39,69.08,45.0,503.2,219.08,0.6,448.0,0.63,503.2,0.59,338.0,0.64,77.9,0.58,333.0,0.65,180.0,0.57,903.0,0.66,488.0,0.56,419.0,0.67,473.0,0.36,77.9,0.4,343.0,0.35,180.0,0.41,363.0,0.34,488.0,0.42,333.0,0.33,473.0,0.43,903.0,0.32,379.0,0.44,384.0
2026-01-07 10:47:58.618000+00:00,2026-01-07 10:47:56.240744+00:00,178.618,0.62,0.61,0.63,0.385,0.38,0.39,215.06,498.2,45.0,85.06,0.6,343.0,0.64,77.9,0.59,363.0,0.65,180.0,0.58,333.0,0.66,488.0,0.57,903.0,0.67,473.0,0.56,384.0,0.68,379.0,0.37,498.2,0.4,423.0,0.36,82.9,0.41,363.0,0.35,180.0,0.42,333.0,0.34,488.0,0.43,903.0,0.33,473.0,0.44,384.0
2026-01-07 10:47:59.668000+00:00,2026-01-07 10:47:57.262181+00:00,179.668,0.615,0.61,0.62,0.385,0.38,0.39,85.06,45.0,41.93,85.06,0.6,423.0,0.63,498.2,0.59,363.0,0.64,102.9,0.58,333.0,0.65,180.0,0.57,903.0,0.66,414.0,0.56,384.0,0.67,549.0,0.37,498.2,0.4,423.0,0.36,102.9,0.41,363.0,0.35,180.0,0.42,333.0,0.34,414.0,0.43,903.0,0.33,549.0,0.44,384.0
2026-01-07 10:48:00.554000+00:00,2026-01-07 10:47:58.269756+00:00,180.554,0.62,0.61,0.63,0.38,0.37,0.39,215.06,503.2,503.2,215.06,0.6,368.0,0.64,97.9,0.59,333.0,0.65,180.0,0.58,333.0,0.66,414.0,0.57,903.0,0.67,549.0,0.56,384.0,0.68,379.0,0.36,97.9,0.4,368.0,0.35,180.0,0.41,333.0,0.34,414.0,0.42,333.0,0.33,473.0,0.43,903.0,0.32,379.0,0.44,384.0
2026-01-07 10:48:01.674000+00:00,2026-01-07 10:47:59.276093+00:00,181.674,0.62,0.61,0.63,0.38,0.37,0.39,215.06,532.88,532.88,215.06,0.6,338.0,0.64,97.9,0.59,363.0,0.65,180.0,0.58,333.0,0.66,414.0,0.57,903.0,0.67,549.0,0.56,384.0,0.68,379.0,0.36,97.9,0.4,338.0,0.35,180.0,0.41,363.0,0.34,414.0,0.42,333.0,0.33,549.0,0.43,903.0,0.32,379.0,0.44,384.0
2026-01-07 10:48:02.589000+00:00,2026-01-07 10:48:00.298283+00:00,182.589,0.62,0.61,0.63,0.38,0.37,0.39,215.06,490.77,490.77,225.06,0.6,338.0,0.64,97.9,0.59,363.0,0.65,180.0,0.58,333.0,0.66,414.0,0.57,903.0,0.67,549.0,0.56,384.0,0.68,379.0,0.36,97.9,0.4,338.0,0.35,180.0,0.41,363.0,0.34,414.0,0.42,333.0,0.33,549.0,0.43,903.0,0.32,379.0,0.44,384.0
2026-01-07 10:48:03.820000+00:00,2026-01-07 10:48:01.315401+00:00,183.82,0.615,0.61,0.62,0.385,0.38,0.39,100.06,65.0,105.0,20.0,0.6,421.07,0.63,490.77,0.59,363.0,0.64,97.9,0.58,333.0,0.65,180.0,0.57,903.0,0.66,414.0,0.56,384.0,0.67,473.0,0.37,163.77,0.4,248.0,0.36,443.3,0.41,463.0,0.35,423.0,0.42,363.0,0.34,484.0,0.43,903.0,0.33,494.0,0.44,419.0
2026-01-07 10:48:04.737000+00:00,2026-01-07 10:48:02.339121+00:00,184.737,0.61,0.6,0.62,0.39,0.38,0.4,193.07,45.0,45.0,193.07,0.59,195.0,0.63,224.77,0.58,363.0,0.64,504.3,0.57,782.0,0.65,484.0,0.56,419.0,0.66,414.0,0.55,381.62,0.67,424.0,0.37,224.77,0.41,195.0,0.36,504.3,0.42,363.0,0.35,484.0,0.43,782.0,0.34,414.0,0.44,419.0,0.33,424.0,0.45,381.62
2026-01-07 10:48:05.641000+00:00,2026-01-07 10:48:03.346769+00:00,185.641,0.61,0.6,0.62,0.39,0.38,0.4,193.07,70.0,74.76,193.07,0.59,195.0,0.63,224.77,0.58,363.0,0.64,504.3,0.57,782.0,0.65,484.0,0.56,419.0,0.66,414.0,0.55,381.62,0.67,424.0,0.37,224.77,0.41,195.0,0.36,504.3,0.42,363.0,0.35,484.0,0.43,782.0,0.34,414.0,0.44,419.0,0.33,424.0,0.45,381.62
2026-01-07 10:48:06.706000+00:00,2026-01-07 10:48:04.352855+00:00,186.706,0.61,0.6,0.62,0.39,0.38,0.4,198.07,74.76,74.76,198.07,0.59,195.0,0.63,224.77,0.58,363.0,0.64,506.6,0.57,782.0,0.65,484.0,0.56,419.0,0.66,414.0,0.55,381.62,0.67,424.0,0.37,224.77,0.41,195.0,0.36,506.6,0.42,363.0,0.35,484.0,0.43,782.0,0.34,414.0,0.44,419.0,0.33,424.0,0.45,381.62
2026-01-07 10:48:07.676000+00:00,2026-01-07 10:48:05.360122+00:00,187.676,0.615,0.61,0.62,0.385,0.38,0.39,70.0,59.76,59.76,70.0,0.6,268.07,0.63,224.77,0.59,125.0,0.64,417.6,0.58,363.0,0.65,555.0,0.57,782.0,0.66,414.0,0.56,419.0,0.67,424.0,0.37,224.77,0.4,268.07,0.36,417.6,0.41,125.0,0.35,484.0,0.42,363.0,0.34,414.0,0.43,782.0,0.33,424.0,0.44,419.0
2026-01-07 10:48:08.754000+00:00,2026-01-07 10:48:06.364280+00:00,188.754,0.605,0.6,0.61,0.39,0.38,0.4,268.07,5.0,523.76,268.07,0.59,125.0,0.62,523.76,0.58,363.0,0.63,224.77,0.57,782.0,0.64,486.6,0.56,419.0,0.65,554.0,0.55,381.62,0.66,484.0,0.37,224.77,0.41,125.0,0.36,486.6,0.42,363.0,0.35,554.0,0.43,782.0,0.34,484.0,0.44,419.0,0.33,494.0,0.45,381.62
2026-01-07 10:48:09.832000+00:00,2026-01-07 10:48:07.391255+00:00,189.832,0.61,0.6,0.62,0.395,0.39,0.4,268.07,525.86,50.0,165.0,0.59,125.0,0.63,224.77,0.58,363.0,0.64,486.6,0.57,782.0,0.65,554.0,0.56,419.0,0.66,484.0,0.55,381.62,0.67,494.0,0.38,590.86,0.41,45.0,0.37,294.77,0.42,293.0,0.36,581.6,0.43,308.0,0.35,554.0,0.44,419.0,0.34,449.0,0.45,416.62
2026-01-07 10:48:10.840000+00:00,2026-01-07 10:48:08.397450+00:00,190.84,0.605,0.6,0.61,0.395,0.39,0.4,165.0,35.0,35.0,165.0,0.59,45.0,0.62,520.86,0.58,293.0,0.63,294.77,0.57,308.0,0.64,581.6,0.56,419.0,0.65,554.0,0.55,416.62,0.66,449.0,0.38,520.86,0.41,45.0,0.37,294.77,0.42,293.0,0.36,581.6,0.43,308.0,0.35,554.0,0.44,419.0,0.34,449.0,0.45,416.62
2026-01-07 10:48:11.869000+00:00,2026-01-07 10:48:09.404822+00:00,191.869,0.605,0.6,0.61,0.395,0.39,0.4,100.0,50.0,113.0,15.0,0.59,45.0,0.62,520.86,0.58,293.0,0.63,294.77,0.57,308.0,0.64,581.6,0.56,419.0,0.65,554.0,0.55,416.62,0.66,449.0,0.38,520.86,0.42,346.03,0.37,294.77,0.43,308.0,0.36,512.6,0.44,448.99,0.35,554.0,0.45,416.62,0.34,454.8,0.46,439.0
2026-01-07 10:48:12.781000+00:00,2026-01-07 10:48:10.410692+00:00,192.781,0.585,0.58,0.59,0.415,0.41,0.42,311.03,20.0,20.0,311.03,0.57,363.0,0.6,45.0,0.56,394.0,0.61,80.0,0.55,416.62,0.62,500.86,0.54,439.0,0.63,292.77,0.53,439.0,0.64,512.6,0.4,45.0,0.43,333.0,0.39,80.0,0.44,424.0,0.38,500.86,0.45,416.62,0.37,292.77,0.46,439.0,0.36,512.6,0.47,439.0
2026-01-07 10:48:13.862000+00:00,2026-01-07 10:48:11.415636+00:00,193.862,0.585,0.58,0.59,0.415,0.41,0.42,311.03,5.0,5.0,311.03,0.57,313.0,0.6,60.0,0.56,399.0,0.61,85.0,0.55,381.62,0.62,500.86,0.54,404.0,0.63,298.37,0.53,404.0,0.64,518.2,0.4,60.0,0.43,298.0,0.39,85.0,0.44,414.0,0.38,51.86,0.45,830.62,0.37,298.37,0.46,404.0,0.36,518.2,0.47,404.0
2026-01-07 10:48:14.468000+00:00,2026-01-07 10:48:12.423126+00:00,194.468,0.595,0.59,0.6,0.405,0.4,0.41,30.0,45.0,45.0,30.0,0.58,311.03,0.61,85.0,0.57,298.0,0.62,41.86,0.56,414.0,0.63,303.37,0.55,830.62,0.64,518.2,0.54,404.0,0.65,559.7,0.39,85.0,0.42,311.03,0.38,41.86,0.43,298.0,0.37,303.37,0.44,414.0,0.36,518.2,0.45,830.62,0.35,559.7,0.46,404.0
2026-01-07 10:48:15.641000+00:00,2026-01-07 10:48:13.427401+00:00,195.641,0.59,0.58,0.6,0.4,0.39,0.41,346.03,45.0,85.0,130.0,0.57,338.0,0.61,85.0,0.56,419.0,0.62,51.86,0.55,865.62,0.63,303.37,0.54,439.0,0.64,518.2,0.53,404.0,0.65,559.7,0.38,51.86,0.42,276.07,0.37,373.37,0.43,338.0,0.36,518.2,0.44,419.0,0.35,559.7,0.45,865.62,0.34,454.8,0.46,439.0
2026-01-07 10:48:16.621000+00:00,2026-01-07 10:48:14.448381+00:00,196.621,0.605,0.6,0.61,0.395,0.39,0.4,163.0,40.0,40.0,163.0,0.59,45.0,0.62,51.86,0.58,293.0,0.63,299.77,0.57,308.0,0.64,587.2,0.56,419.0,0.65,559.7,0.55,865.62,0.66,454.8,0.38,51.86,0.41,45.0,0.37,299.77,0.42,293.0,0.36,587.2,0.43,308.0,0.35,559.7,0.44,419.0,0.34,454.8,0.45,865.62
2026-01-07 10:48:17.727000+00:00,2026-01-07 10:48:15.449948+00:00,197.727,0.605,0.6,0.61,0.395,0.39,0.4,165.5,60.0,509.0,153.0,0.59,45.0,0.62,51.86,0.58,313.0,0.63,305.37,0.57,308.0,0.64,587.2,0.56,419.0,0.65,559.7,0.55,865.62,0.66,454.8,0.38,51.86,0.41,65.0,0.37,235.37,0.42,383.0,0.36,587.2,0.43,308.0,0.35,559.7,0.44,419.0,0.34,454.8,0.45,865.62
2026-01-07 10:48:18.687000+00:00,2026-01-07 10:48:16.456241+00:00,198.687,0.605,0.6,0.61,0.395,0.39,0.4,145.0,504.0,504.0,138.0,0.59,80.0,0.62,51.86,0.58,358.0,0.63,46.77,0.57,333.0,0.64,587.2,0.56,419.0,0.65,559.7,0.55,865.62,0.66,454.8,0.38,51.86,0.41,80.0,0.37,46.77,0.42,358.0,0.36,587.2,0.43,333.0,0.35,559.7,0.44,419.0,0.34,454.8,0.45,865.62
2026-01-07 10:48:19.928000+00:00,2026-01-07 10:48:17.480803+00:00,199.928,0.605,0.6,0.61,0.395,0.39,0.4,138.0,474.0,474.0,138.0,0.59,155.0,0.62,76.86,0.58,358.0,0.63,21.77,0.57,333.0,0.64,587.2,0.56,419.0,0.65,559.7,0.55,865.62,0.66,489.8,0.38,76.86,0.41,155.0,0.37,21.77,0.42,358.0,0.36,587.2,0.43,333.0,0.35,559.7,0.44,419.0,0.34,489.8,0.45,865.62
2026-01-07 10:48:20.749000+00:00,2026-01-07 10:48:18.487728+00:00,200.749,0.605,0.6,0.61,0.395,0.39,0.4,140.0,474.0,474.0,165.0,0.59,155.0,0.62,76.86,0.58,358.0,0.63,21.77,0.57,333.0,0.64,587.2,0.56,419.0,0.65,559.7,0.55,865.62,0.66,489.8,0.38,76.86,0.41,155.0,0.37,21.77,0.42,358.0,0.36,587.2,0.43,333.0,0.35,559.7,0.44,419.0,0.34,489.8,0.45,865.62
2026-01-07 10:48:21.953000+00:00,2026-01-07 10:48:19.514018+00:00,201.953,0.605,0.6,0.61,0.395,0.39,0.4,145.0,474.0,474.0,145.0,0.59,155.0,0.62,76.86,0.58,358.0,0.63,21.77,0.57,333.0,0.64,587.2,0.56,419.0,0.65,559.7,0.55,865.62,0.66,489.8,0.38,76.86,0.41,155.0,0.37,21.77,0.42,358.0,0.36,587.2,0.43,333.0,0.35,559.7,0.44,419.0,0.34,489.8,0.45,865.62
2026-01-07 10:48:22.802000+00:00,2026-01-07 10:48:20.516350+00:00,202.802,0.605,0.6,0.61,0.395,0.39,0.4,145.0,474.0,474.0,130.0,0.59,155.0,0.62,76.86,0.58,358.0,0.63,21.77,0.57,333.0,0.64,587.2,0.56,419.0,0.65,559.7,0.55,865.62,0.66,489.8,0.38,76.86,0.41,155.0,0.37,21.77,0.42,358.0,0.36,587.2,0.43,333.0,0.35,559.7,0.44,419.0,0.34,489.8,0.45,865.62
2026-01-07 10:48:23.998000+00:00,2026-01-07 10:48:21.537179+00:00,203.998,0.595,0.59,0.6,0.405,0.4,0.41,110.0,60.0,55.0,240.0,0.58,413.0,0.61,519.0,0.57,363.0,0.62,76.86,0.56,419.0,0.63,89.77,0.55,865.62,0.64,518.2,0.54,404.0,0.65,559.7,0.39,519.0,0.42,328.0,0.38,76.86,0.43,363.0,0.37,21.77,0.44,419.0,0.36,587.2,0.45,865.62,0.35,559.7,0.46,404.0
2026-01-07 10:48:24.939000+00:00,2026-01-07 10:48:22.543566+00:00,204.939,0.595,0.59,0.6,0.405,0.4,0.41,110.0,45.0,45.0,110.0,0.58,413.0,0.61,519.0,0.57,333.0,0.62,198.86,0.56,449.0,0.63,264.77,0.55,865.62,0.64,518.2,0.54,404.0,0.65,630.7,0.39,519.0,0.42,413.0,0.38,198.86,0.43,333.0,0.37,264.77,0.44,449.0,0.36,518.2,0.45,865.62,0.35,630.7,0.46,404.0
2026-01-07 10:48:25.966000+00:00,2026-01-07 10:48:23.550474+00:00,205.966,0.595,0.59,0.6,0.405,0.4,0.41,105.0,45.0,45.0,105.0,0.58,230.0,0.61,514.0,0.57,363.0,0.62,259.86,0.56,298.0,0.63,325.77,0.55,744.62,0.64,587.2,0.54,404.0,0.65,559.7,0.39,514.0,0.42,230.0,0.38,259.86,0.43,363.0,0.37,325.77,0.44,298.0,0.36,587.2,0.45,744.62,0.35,559.7,0.46,404.0
2026-01-07 10:48:26.801000+00:00,2026-01-07 10:48:24.572291+00:00,206.801,0.595,0.59,0.6,0.405,0.4,0.41,105.0,45.0,45.0,105.0,0.58,230.0,0.61,494.0,0.57,363.0,0.62,279.86,0.56,298.0,0.63,325.77,0.55,744.62,0.64,523.2,0.54,404.0,0.65,630.7,0.39,494.0,0.42,230.0,0.38,279.86,0.43,363.0,0.37,325.77,0.44,298.0,0.36,523.2,0.45,744.62,0.35,630.7,0.46,404.0
2026-01-07 10:48:27.973000+00:00,2026-01-07 10:48:25.579887+00:00,207.973,0.6,0.59,0.61,0.4,0.39,0.41,235.0,494.0,494.0,235.0,0.58,160.0,0.62,279.86,0.57,363.0,0.63,395.77,0.56,298.0,0.64,523.2,0.55,744.62,0.65,630.7,0.54,404.0,0.66,489.8,0.38,279.86,0.42,160.0,0.37,395.77,0.43,363.0,0.36,523.2,0.44,298.0,0.35,630.7,0.45,744.62,0.34,489.8,0.46,404.0
2026-01-07 10:48:29.045000+00:00,2026-01-07 10:48:27.595781+00:00,209.045,0.6,0.59,0.61,0.4,0.39,0.41,235.0,494.0,494.0,235.0,0.58,160.0,0.62,279.86,0.57,363.0,0.63,395.77,0.56,298.0,0.64,523.2,0.55,744.62,0.65,630.7,0.54,404.0,0.66,489.8,0.38,279.86,0.42,160.0,0.37,395.77,0.43,363.0,0.36,523.2,0.44,298.0,0.35,630.7,0.45,744.62,0.34,489.8,0.46,404.0
2026-01-07 10:48:30.968000+00:00,2026-01-07 10:48:28.602160+00:00,210.968,0.595,0.59,0.6,0.405,0.4,0.41,128.78,35.0,35.0,128.78,0.58,170.0,0.61,589.0,0.57,338.0,0.62,349.86,0.56,298.0,0.63,420.77,0.55,744.62,0.64,523.2,0.54,439.0,0.65,595.7,0.39,589.0,0.42,170.0,0.38,349.86,0.43,338.0,0.37,420.77,0.44,298.0,0.36,523.2,0.45,744.62,0.35,595.7,0.46,439.0
2026-01-07 10:48:32.961000+00:00,2026-01-07 10:48:30.617089+00:00,212.961,0.595,0.59,0.6,0.405,0.4,0.41,128.78,52.83,52.83,128.78,0.58,383.0,0.61,589.0,0.57,308.0,0.62,146.86,0.56,298.0,0.63,184.77,0.55,865.62,0.64,518.2,0.54,439.0,0.65,524.7,0.39,589.0,0.42,383.0,0.38,146.86,0.43,308.0,0.37,184.77,0.44,298.0,0.36,518.2,0.45,865.62,0.35,524.7,0.46,439.0
2026-01-07 10:48:33.416000+00:00,2026-01-07 10:48:31.620927+00:00,213.416,0.595,0.59,0.6,0.405,0.4,0.41,128.78,20.0,20.0,128.78,0.58,383.0,0.61,614.0,0.57,308.0,0.62,121.86,0.56,298.0,0.63,121.77,0.55,865.62,0.64,587.2,0.54,439.0,0.65,559.7,0.39,614.0,0.42,383.0,0.38,121.86,0.43,308.0,0.37,121.77,0.44,298.0,0.36,587.2,0.45,865.62,0.35,559.7,0.46,439.0
2026-01-07 10:48:34.898000+00:00,2026-01-07 10:48:32.628849+00:00,214.898,0.595,0.59,0.6,0.405,0.4,0.41,128.78,48.81,48.81,128.78,0.58,383.0,0.61,589.0,0.57,308.0,0.62,146.86,0.56,298.0,0.63,121.77,0.55,865.62,0.64,587.2,0.54,439.0,0.65,524.7,0.39,589.0,0.42,383.0,0.38,146.86,0.43,308.0,0.37,121.77,0.44,298.0,0.36,587.2,0.45,865.62,0.35,524.7,0.46,439.0
2026-01-07 10:48:36.894000+00:00,2026-01-07 10:48:34.644618+00:00,216.894,0.595,0.59,0.6,0.405,0.4,0.41,141.34,13.81,13.81,146.34,0.58,393.0,0.61,579.0,0.57,308.0,0.62,121.86,0.56,298.0,0.63,121.77,0.55,865.62,0.64,518.2,0.54,439.0,0.65,559.7,0.39,579.0,0.42,393.0,0.38,121.86,0.43,308.0,0.37,121.77,0.44,298.0,0.36,518.2,0.45,865.62,0.35,559.7,0.46,439.0
2026-01-07 10:48:38.101000+00:00,2026-01-07 10:48:35.655540+00:00,218.101,0.595,0.59,0.6,0.395,0.39,0.4,136.34,13.81,589.0,129.97,0.58,403.0,0.61,589.0,0.57,308.0,0.62,121.86,0.56,298.0,0.63,121.77,0.55,865.62,0.64,518.2,0.54,439.0,0.65,559.7,0.38,121.86,0.41,65.0,0.37,121.77,0.42,403.0,0.36,518.2,0.43,308.0,0.35,559.7,0.44,298.0,0.34,454.8,0.45,865.62
2026-01-07 10:48:39.991000+00:00,2026-01-07 10:48:37.679207+00:00,219.991,0.605,0.6,0.61,0.395,0.39,0.4,144.97,569.0,569.0,144.97,0.59,80.0,0.62,176.86,0.58,383.0,0.63,116.77,0.57,308.0,0.64,518.2,0.56,298.0,0.65,630.7,0.55,865.62,0.66,454.8,0.38,176.86,0.41,80.0,0.37,116.77,0.42,383.0,0.36,518.2,0.43,308.0,0.35,630.7,0.44,298.0,0.34,454.8,0.45,865.62
2026-01-07 10:48:41.001000+00:00,2026-01-07 10:48:38.684317+00:00,221.001,0.605,0.6,0.61,0.395,0.39,0.4,169.97,569.0,569.0,169.97,0.59,100.0,0.62,206.86,0.58,393.0,0.63,116.77,0.57,308.0,0.64,518.2,0.56,298.0,0.65,630.7,0.55,865.62,0.66,454.8,0.38,206.86,0.41,100.0,0.37,116.77,0.42,393.0,0.36,518.2,0.43,308.0,0.35,630.7,0.44,298.0,0.34,454.8,0.45,865.62
2026-01-07 10:48:42.112000+00:00,2026-01-07 10:48:39.686900+00:00,222.112,0.605,0.6,0.61,0.395,0.39,0.4,169.97,569.0,569.0,169.97,0.59,110.0,0.62,226.86,0.58,403.0,0.63,116.77,0.57,308.0,0.64,518.2,0.56,298.0,0.65,630.7,0.55,865.62,0.66,454.8,0.38,226.86,0.41,110.0,0.37,116.77,0.42,403.0,0.36,518.2,0.43,308.0,0.35,630.7,0.44,298.0,0.34,454.8,0.45,865.62
2026-01-07 10:48:43.861000+00:00,2026-01-07 10:48:41.714851+00:00,223.861,0.605,0.6,0.61,0.395,0.39,0.4,144.97,574.0,574.0,144.97,0.59,115.0,0.62,226.86,0.58,403.0,0.63,116.77,0.57,308.0,0.64,518.2,0.56,298.0,0.65,630.7,0.55,865.62,0.66,454.8,0.38,226.86,0.41,115.0,0.37,116.77,0.42,403.0,0.36,518.2,0.43,308.0,0.35,630.7,0.44,298.0,0.34,454.8,0.45,865.62
2026-01-07 10:48:45.984000+00:00,2026-01-07 10:48:43.743064+00:00,225.984,0.605,0.6,0.61,0.395,0.39,0.4,139.97,496.95,496.95,124.97,0.59,398.0,0.62,221.86,0.58,373.0,0.63,116.77,0.57,308.0,0.64,214.2,0.56,419.0,0.65,630.7,0.55,416.62,0.66,454.8,0.38,221.86,0.41,398.0,0.37,116.77,0.42,373.0,0.36,214.2,0.43,308.0,0.35,630.7,0.44,419.0,0.34,454.8,0.45,416.62
2026-01-07 10:48:47.173000+00:00,2026-01-07 10:48:44.761686+00:00,227.173,0.605,0.6,0.61,0.395,0.39,0.4,294.97,20.0,20.0,209.97,0.59,388.0,0.62,70.0,0.58,353.0,0.63,106.77,0.57,782.0,0.64,119.2,0.56,419.0,0.65,560.7,0.55,381.62,0.66,489.8,0.38,70.0,0.41,388.0,0.37,106.77,0.42,353.0,0.36,119.2,0.43,782.0,0.35,560.7,0.44,419.0,0.34,489.8,0.45,381.62
2026-01-07 10:48:48.256000+00:00,2026-01-07 10:48:45.768078+00:00,228.256,0.605,0.6,0.61,0.395,0.39,0.4,336.97,40.0,40.0,336.97,0.59,388.0,0.62,70.0,0.58,474.0,0.63,106.77,0.57,454.0,0.64,568.2,0.56,419.0,0.65,489.7,0.55,381.62,0.66,563.8,0.38,70.0,0.41,388.0,0.37,106.77,0.42,474.0,0.36,568.2,0.43,454.0,0.35,489.7,0.44,419.0,0.34,489.8,0.45,381.62
2026-01-07 10:48:49.198000+00:00,2026-01-07 10:48:46.790880+00:00,229.198,0.615,0.61,0.62,0.38,0.37,0.39,144.64,70.0,111.77,279.64,0.6,392.97,0.63,106.77,0.59,388.0,0.64,568.2,0.58,474.0,0.65,185.7,0.57,454.0,0.66,185.8,0.56,419.0,0.67,575.9,0.36,588.2,0.4,343.0,0.35,185.7,0.41,348.0,0.34,185.8,0.42,474.0,0.33,575.9,0.43,454.0,0.32,455.0,0.44,419.0
2026-01-07 10:48:50.243000+00:00,2026-01-07 10:48:47.798203+00:00,230.243,0.635,0.63,0.64,0.365,0.36,0.37,152.0,551.9,551.9,152.0,0.62,408.0,0.65,230.0,0.61,254.64,0.66,297.8,0.6,238.0,0.67,200.0,0.59,464.0,0.68,385.0,0.58,973.0,0.69,455.1,0.35,230.0,0.38,403.0,0.34,297.8,0.39,254.64,0.33,200.0,0.4,238.0,0.32,385.0,0.41,464.0,0.31,455.1,0.42,973.0
2026-01-07 10:48:51.251000+00:00,2026-01-07 10:48:48.803799+00:00,231.251,0.635,0.63,0.64,0.365,0.36,0.37,368.0,506.9,506.9,361.94,0.62,318.0,0.65,205.0,0.61,254.64,0.66,292.8,0.6,238.0,0.67,205.28,0.59,464.0,0.68,301.0,0.58,973.0,0.69,455.1,0.35,205.0,0.38,318.0,0.34,292.8,0.39,254.64,0.33,200.0,0.4,238.0,0.32,301.0,0.41,464.0,0.31,455.1,0.42,973.0
2026-01-07 10:48:52.256000+00:00,2026-01-07 10:48:49.826735+00:00,232.256,0.635,0.63,0.64,0.365,0.36,0.37,336.94,506.9,506.9,326.94,0.62,328.0,0.65,210.0,0.61,254.64,0.66,287.8,0.6,308.0,0.67,190.0,0.59,464.0,0.68,301.0,0.58,973.0,0.69,455.1,0.35,220.0,0.38,343.0,0.34,287.8,0.39,224.64,0.33,190.0,0.4,308.0,0.32,301.0,0.41,464.0,0.31,455.1,0.42,524.0
2026-01-07 10:48:53.262000+00:00,2026-01-07 10:48:50.833941+00:00,233.262,0.635,0.63,0.64,0.365,0.36,0.37,326.94,506.9,551.9,176.94,0.62,328.0,0.65,220.0,0.61,254.64,0.66,237.8,0.6,308.0,0.67,190.0,0.59,464.0,0.68,301.0,0.58,529.0,0.69,455.1,0.35,265.0,0.38,413.0,0.34,227.8,0.39,254.64,0.33,190.0,0.4,308.0,0.32,301.0,0.41,464.0,0.31,455.1,0.42,529.0
2026-01-07 10:48:54.300000+00:00,2026-01-07 10:48:51.856175+00:00,234.3,0.635,0.63,0.64,0.365,0.36,0.37,171.94,631.9,591.9,171.94,0.62,333.0,0.65,195.0,0.61,264.64,0.66,227.8,0.6,408.0,0.67,190.0,0.59,464.0,0.68,301.0,0.58,529.0,0.69,455.1,0.35,195.0,0.38,368.0,0.34,227.8,0.39,274.64,0.33,190.0,0.4,443.0,0.32,301.0,0.41,464.0,0.31,536.1,0.42,529.0
2026-01-07 10:48:55.271000+00:00,2026-01-07 10:48:52.861604+00:00,235.271,0.635,0.63,0.64,0.365,0.36,0.37,161.94,526.9,521.9,161.94,0.62,383.0,0.65,255.0,0.61,339.64,0.66,192.8,0.6,363.0,0.67,190.0,0.59,464.0,0.68,379.0,0.58,529.0,0.69,455.1,0.35,290.0,0.38,383.0,0.34,202.8,0.39,339.64,0.33,190.0,0.4,363.0,0.32,379.0,0.41,464.0,0.31,490.1,0.42,529.0
2026-01-07 10:48:56.225000+00:00,2026-01-07 10:48:53.885618+00:00,236.225,0.635,0.63,0.64,0.365,0.36,0.37,166.94,516.9,516.9,147.5,0.62,383.0,0.65,290.0,0.61,339.64,0.66,207.8,0.6,363.0,0.67,190.0,0.59,464.0,0.68,379.0,0.58,529.0,0.69,490.1,0.35,290.0,0.38,383.0,0.34,207.8,0.39,339.64,0.33,190.0,0.4,363.0,0.32,379.0,0.41,913.0,0.31,490.1,0.42,529.0
2026-01-07 10:48:57.247000+00:00,2026-01-07 10:48:54.891337+00:00,237.247,0.635,0.63,0.64,0.365,0.36,0.37,152.5,503.07,503.07,152.5,0.62,448.0,0.65,235.0,0.61,299.64,0.66,297.8,0.6,333.0,0.67,190.0,0.59,913.0,0.68,301.0,0.58,529.0,0.69,571.1,0.35,235.0,0.38,448.0,0.34,297.8,0.39,299.64,0.33,190.0,0.4,333.0,0.32,301.0,0.41,913.0,0.31,571.1,0.42,529.0
2026-01-07 10:48:58.330000+00:00,2026-01-07 10:48:55.896599+00:00,238.33,0.635,0.63,0.64,0.365,0.36,0.37,147.5,474.82,474.82,147.5,0.62,428.0,0.65,230.0,0.61,299.64,0.66,247.8,0.6,333.0,0.67,190.0,0.59,913.0,0.68,301.0,0.58,529.0,0.69,571.1,0.35,240.0,0.38,428.0,0.34,257.8,0.39,299.64,0.33,190.0,0.4,333.0,0.32,301.0,0.41,913.0,0.31,571.1,0.42,529.0
2026-01-07 10:48:59.366000+00:00,2026-01-07 10:48:56.919388+00:00,239.366,0.635,0.63,0.64,0.365,0.36,0.37,147.5,516.88,516.88,147.5,0.62,383.0,0.65,260.0,0.61,369.64,0.66,227.8,0.6,333.0,0.67,190.0,0.59,913.0,0.68,301.0,0.58,529.0,0.69,571.1,0.35,260.0,0.38,383.0,0.34,227.8,0.39,369.64,0.33,190.0,0.4,333.0,0.32,301.0,0.41,913.0,0.31,571.1,0.42,529.0
2026-01-07 10:49:00.878000+00:00,2026-01-07 10:48:58.928613+00:00,240.878,0.635,0.63,0.64,0.365,0.36,0.37,267.77,424.48,424.48,267.77,0.62,348.0,0.65,285.0,0.61,319.64,0.66,247.8,0.6,333.0,0.67,190.0,0.59,913.0,0.68,301.0,0.58,529.0,0.69,571.1,0.35,285.0,0.38,348.0,0.34,247.8,0.39,319.64,0.33,190.0,0.4,333.0,0.32,301.0,0.41,913.0,0.31,571.1,0.42,529.0
2026-01-07 10:49:02.379000+00:00,2026-01-07 10:48:59.936794+00:00,242.379,0.625,0.62,0.63,0.375,0.37,0.38,20.0,100.0,135.0,20.0,0.61,130.0,0.64,609.48,0.6,358.0,0.65,368.0,0.59,268.0,0.66,536.8,0.58,408.0,0.67,570.0,0.57,439.0,0.68,449.0,0.36,604.48,0.39,130.0,0.35,403.0,0.4,358.0,0.34,536.8,0.41,268.0,0.33,494.0,0.42,408.0,0.32,449.0,0.43,439.0
2026-01-07 10:49:03.368000+00:00,2026-01-07 10:49:00.942374+00:00,243.368,0.635,0.63,0.64,0.365,0.36,0.37,170.0,599.48,534.48,55.0,0.62,202.0,0.65,418.0,0.61,302.0,0.66,536.8,0.6,238.0,0.67,494.0,0.59,394.0,0.68,484.0,0.58,978.0,0.69,536.1,0.35,235.0,0.38,282.0,0.34,232.8,0.39,328.0,0.33,190.0,0.4,238.0,0.32,484.0,0.41,389.0,0.31,536.1,0.42,978.0
2026-01-07 10:49:04.393000+00:00,2026-01-07 10:49:01.960924+00:00,244.393,0.635,0.63,0.64,0.365,0.36,0.37,137.5,438.66,438.66,137.5,0.62,363.0,0.65,225.0,0.61,358.0,0.66,147.8,0.6,333.0,0.67,120.0,0.59,459.0,0.68,484.0,0.58,529.0,0.69,571.1,0.35,225.0,0.38,363.0,0.34,147.8,0.39,358.0,0.33,120.0,0.4,333.0,0.32,484.0,0.41,459.0,0.31,571.1,0.42,529.0
2026-01-07 10:49:05.413000+00:00,2026-01-07 10:49:02.978261+00:00,245.413,0.635,0.63,0.64,0.365,0.36,0.37,127.5,384.59,378.96,127.5,0.62,393.0,0.65,225.0,0.61,328.0,0.66,100.0,0.6,333.0,0.67,160.3,0.59,454.0,0.68,484.0,0.58,529.0,0.69,571.1,0.35,225.0,0.38,378.0,0.34,100.0,0.39,343.0,0.33,160.3,0.4,333.0,0.32,484.0,0.41,459.0,0.31,571.1,0.42,529.0
2026-01-07 10:49:06.406000+00:00,2026-01-07 10:49:03.981988+00:00,246.406,0.635,0.63,0.64,0.365,0.36,0.37,127.5,403.96,403.96,127.5,0.62,363.0,0.65,200.0,0.61,358.0,0.66,139.0,0.6,343.0,0.67,120.0,0.59,459.0,0.68,484.0,0.58,529.0,0.69,571.1,0.35,210.0,0.38,363.0,0.34,139.0,0.39,358.0,0.33,120.0,0.4,343.0,0.32,484.0,0.41,459.0,0.31,571.1,0.42,529.0
2026-01-07 10:49:07.517000+00:00,2026-01-07 10:49:04.988357+00:00,247.517,0.635,0.63,0.64,0.365,0.36,0.37,152.5,378.96,20.0,152.5,0.62,353.0,0.65,295.0,0.61,358.0,0.66,219.0,0.6,343.0,0.67,190.0,0.59,459.0,0.68,484.0,0.58,529.0,0.69,571.1,0.35,295.0,0.38,353.0,0.34,219.0,0.39,358.0,0.33,190.0,0.4,792.0,0.32,484.0,0.41,459.0,0.31,571.1,0.42,529.0
2026-01-07 10:49:08.448000+00:00,2026-01-07 10:49:06.010478+00:00,248.448,0.64,0.63,0.65,0.36,0.35,0.37,137.5,295.0,295.0,137.5,0.62,353.0,0.66,239.0,0.61,358.0,0.67,190.0,0.6,792.0,0.68,484.0,0.59,459.0,0.69,571.1,0.58,529.0,0.7,461.2,0.34,239.0,0.38,353.0,0.33,190.0,0.39,358.0,0.32,484.0,0.4,792.0,0.31,571.1,0.41,459.0,0.3,461.2,0.42,529.0
2026-01-07 10:49:09.457000+00:00,2026-01-07 10:49:07.016407+00:00,249.457,0.635,0.63,0.64,0.375,0.37,0.38,15.0,50.0,45.0,218.0,0.62,448.0,0.65,300.0,0.61,328.0,0.66,229.0,0.6,807.0,0.67,190.0,0.59,459.0,0.68,484.0,0.58,529.0,0.69,571.1,0.36,155.0,0.39,374.3,0.35,317.0,0.4,253.0,0.34,790.0,0.41,473.99,0.33,433.0,0.42,529.0,0.32,527.0,0.43,404.0
2026-01-07 10:49:10.246000+00:00,2026-01-07 10:49:08.039538+00:00,250.246,0.625,0.62,0.63,0.375,0.37,0.38,35.0,122.06,117.06,35.0,0.61,226.3,0.64,195.0,0.6,115.0,0.65,413.0,0.59,268.0,0.66,886.0,0.58,338.0,0.67,494.0,0.57,439.0,0.68,527.0,0.36,195.0,0.39,226.3,0.35,413.0,0.4,115.0,0.34,886.0,0.41,268.0,0.33,494.0,0.42,338.0,0.32,527.0,0.43,439.0
2026-01-07 10:49:11.499000+00:00,2026-01-07 10:49:09.058573+00:00,251.499,0.625,0.62,0.63,0.375,0.37,0.38,35.0,112.06,87.06,35.0,0.61,226.3,0.64,195.0,0.6,115.0,0.65,403.0,0.59,268.0,0.66,886.0,0.58,338.0,0.67,494.0,0.57,439.0,0.68,527.0,0.36,205.0,0.39,226.3,0.35,403.0,0.4,115.0,0.34,886.0,0.41,268.0,0.33,494.0,0.42,338.0,0.32,527.0,0.43,439.0
2026-01-07 10:49:12.396000+00:00,2026-01-07 10:49:10.047977+00:00,252.396,0.625,0.62,0.63,0.375,0.37,0.38,30.26,97.06,97.06,30.26,0.61,226.3,0.64,205.0,0.6,115.0,0.65,403.0,0.59,268.0,0.66,886.0,0.58,338.0,0.67,494.0,0.57,439.0,0.68,527.0,0.36,205.0,0.39,226.3,0.35,403.0,0.4,115.0,0.34,886.0,0.41,268.0,0.33,494.0,0.42,338.0,0.32,527.0,0.43,439.0
2026-01-07 10:49:13.503000+00:00,2026-01-07 10:49:11.055953+00:00,253.503,0.625,0.62,0.63,0.375,0.37,0.38,20.57,97.06,50.0,160.8,0.61,226.3,0.64,205.0,0.6,115.0,0.65,403.0,0.59,268.0,0.66,886.0,0.58,338.0,0.67,570.0,0.57,439.0,0.68,449.0,0.36,125.0,0.39,80.0,0.35,403.0,0.4,165.0,0.34,487.0,0.41,787.0,0.33,580.0,0.42,408.0,0.32,449.0,0.43,439.0
2026-01-07 10:49:14.487000+00:00,2026-01-07 10:49:12.063331+00:00,254.487,0.635,0.63,0.64,0.365,0.36,0.37,55.0,115.0,115.0,55.0,0.62,196.11,0.65,408.0,0.61,55.0,0.66,573.0,0.6,190.0,0.67,610.0,0.59,787.0,0.68,484.0,0.58,408.0,0.69,490.1,0.35,408.0,0.38,196.11,0.34,573.0,0.39,55.0,0.33,610.0,0.4,190.0,0.32,484.0,0.41,787.0,0.31,490.1,0.42,408.0
2026-01-07 10:49:15.341000+00:00,2026-01-07 10:49:13.082668+00:00,255.341,0.635,0.63,0.64,0.365,0.36,0.37,55.0,121.0,130.0,40.0,0.62,196.11,0.65,408.0,0.61,55.0,0.66,573.0,0.6,190.0,0.67,524.0,0.59,787.0,0.68,484.0,0.58,408.0,0.69,571.1,0.35,408.0,0.38,196.11,0.34,573.0,0.39,55.0,0.33,524.0,0.4,190.0,0.32,484.0,0.41,787.0,0.31,571.1,0.42,408.0
2026-01-07 10:49:16.499000+00:00,2026-01-07 10:49:14.103271+00:00,256.499,0.63,0.62,0.64,0.37,0.36,0.38,176.11,130.0,170.0,176.11,0.61,95.0,0.65,423.0,0.6,190.0,0.66,513.0,0.59,787.0,0.67,514.0,0.58,408.0,0.68,484.0,0.57,404.0,0.69,571.1,0.35,423.0,0.39,140.0,0.34,513.0,0.4,160.0,0.33,514.0,0.41,787.0,0.32,484.0,0.42,408.0,0.31,571.1,0.43,404.0
2026-01-07 10:49:17.541000+00:00,2026-01-07 10:49:15.122994+00:00,257.541,0.63,0.62,0.64,0.37,0.36,0.38,186.54,180.0,180.0,186.54,0.61,110.0,0.65,872.0,0.6,190.0,0.66,513.0,0.59,787.0,0.67,514.0,0.58,408.0,0.68,562.0,0.57,404.0,0.69,490.1,0.35,872.0,0.39,110.0,0.34,513.0,0.4,190.0,0.33,514.0,0.41,787.0,0.32,562.0,0.42,408.0,0.31,490.1,0.43,404.0
2026-01-07 10:49:18.562000+00:00,2026-01-07 10:49:16.129618+00:00,258.562,0.63,0.62,0.64,0.37,0.36,0.38,176.54,192.84,177.84,176.54,0.61,125.0,0.65,872.0,0.6,195.0,0.66,513.0,0.59,787.0,0.67,514.0,0.58,408.0,0.68,562.0,0.57,404.0,0.69,490.1,0.35,872.0,0.39,150.0,0.34,513.0,0.4,180.0,0.33,514.0,0.41,787.0,0.32,484.0,0.42,408.0,0.31,490.1,0.43,404.0
2026-01-07 10:49:19.550000+00:00,2026-01-07 10:49:17.152342+00:00,259.55,0.63,0.62,0.64,0.37,0.36,0.38,176.54,177.84,177.84,176.54,0.61,150.0,0.65,872.0,0.6,180.0,0.66,513.0,0.59,787.0,0.67,514.0,0.58,408.0,0.68,562.0,0.57,404.0,0.69,490.1,0.35,872.0,0.39,150.0,0.34,513.0,0.4,180.0,0.33,514.0,0.41,787.0,0.32,562.0,0.42,408.0,0.31,490.1,0.43,404.0
2026-01-07 10:49:20.600000+00:00,2026-01-07 10:49:18.157257+00:00,260.6,0.63,0.62,0.64,0.37,0.36,0.38,176.54,185.84,185.84,176.54,0.61,120.0,0.65,872.0,0.6,210.0,0.66,513.0,0.59,787.0,0.67,514.0,0.58,408.0,0.68,562.0,0.57,404.0,0.69,490.1,0.35,872.0,0.39,120.0,0.34,513.0,0.4,210.0,0.33,514.0,0.41,787.0,0.32,562.0,0.42,408.0,0.31,490.1,0.43,404.0
2026-01-07 10:49:21.603000+00:00,2026-01-07 10:49:19.159050+00:00,261.603,0.635,0.63,0.64,0.365,0.36,0.37,115.0,80.0,68.18,138.0,0.62,277.0,0.65,897.0,0.61,267.0,0.66,533.0,0.6,282.0,0.67,514.0,0.59,787.0,0.68,484.0,0.58,529.0,0.69,490.1,0.35,917.0,0.38,262.0,0.34,533.0,0.39,267.0,0.33,514.0,0.4,282.0,0.32,484.0,0.41,787.0,0.31,490.1,0.42,529.0
2026-01-07 10:49:22.430000+00:00,2026-01-07 10:49:20.164875+00:00,262.43,0.64,0.63,0.65,0.355,0.35,0.36,163.0,754.0,754.0,5.0,0.62,323.0,0.66,229.0,0.61,298.0,0.67,494.0,0.6,343.0,0.68,484.0,0.59,787.0,0.69,490.1,0.58,529.0,0.7,461.2,0.34,229.0,0.37,161.0,0.33,494.0,0.38,323.0,0.32,484.0,0.39,298.0,0.31,490.1,0.4,343.0,0.3,461.2,0.41,787.0
2026-01-07 10:49:23.332000+00:00,2026-01-07 10:49:21.169896+00:00,263.332,0.64,0.63,0.65,0.36,0.35,0.37,135.37,742.04,742.04,135.37,0.62,363.0,0.66,239.0,0.61,278.0,0.67,494.0,0.6,343.0,0.68,484.0,0.59,787.0,0.69,490.1,0.58,529.0,0.7,461.2,0.34,229.0,0.38,363.0,0.33,494.0,0.39,278.0,0.32,484.0,0.4,343.0,0.31,490.1,0.41,787.0,0.3,461.2,0.42,529.0
2026-01-07 10:49:24.494000+00:00,2026-01-07 10:49:22.176960+00:00,264.494,0.635,0.63,0.64,0.365,0.36,0.37,125.37,15.0,15.0,125.37,0.62,373.0,0.65,752.04,0.61,278.0,0.66,229.0,0.6,358.0,0.67,494.0,0.59,787.0,0.68,484.0,0.58,529.0,0.69,490.1,0.35,752.04,0.38,373.0,0.34,229.0,0.39,278.0,0.33,494.0,0.4,358.0,0.32,484.0,0.41,782.0,0.31,490.1,0.42,529.0
2026-01-07 10:49:25.535000+00:00,2026-01-07 10:49:23.198639+00:00,265.535,0.635,0.63,0.64,0.365,0.36,0.37,125.37,15.0,15.0,125.37,0.62,373.0,0.65,752.04,0.61,348.0,0.66,229.0,0.6,358.0,0.67,494.0,0.59,787.0,0.68,484.0,0.58,529.0,0.69,490.1,0.35,752.04,0.38,373.0,0.34,229.0,0.39,348.0,0.33,494.0,0.4,358.0,0.32,484.0,0.41,787.0,0.31,490.1,0.42,529.0
2026-01-07 10:49:26.458000+00:00,2026-01-07 10:49:24.205445+00:00,266.458,0.635,0.63,0.64,0.365,0.36,0.37,125.37,15.0,15.0,125.37,0.62,343.0,0.65,752.04,0.61,378.0,0.66,229.0,0.6,358.0,0.67,494.0,0.59,787.0,0.68,484.0,0.58,529.0,0.69,490.1,0.35,752.04,0.38,343.0,0.34,229.0,0.39,378.0,0.33,494.0,0.4,358.0,0.32,484.0,0.41,787.0,0.31,490.1,0.42,529.0
2026-01-07 10:49:27.295000+00:00,2026-01-07 10:49:25.214492+00:00,267.295,0.635,0.63,0.64,0.365,0.36,0.37,125.37,15.0,15.0,125.37,0.62,343.0,0.65,752.04,0.61,378.0,0.66,229.0,0.6,358.0,0.67,494.0,0.59,787.0,0.68,484.0,0.58,529.0,0.69,490.1,0.35,752.04,0.38,343.0,0.34,229.0,0.39,378.0,0.33,494.0,0.4,358.0,0.32,484.0,0.41,787.0,0.31,490.1,0.42,529.0
2026-01-07 10:49:28.566000+00:00,2026-01-07 10:49:26.221589+00:00,268.566,0.635,0.63,0.64,0.365,0.36,0.37,108.82,15.0,15.0,108.82,0.62,343.0,0.65,753.21,0.61,378.0,0.66,229.0,0.6,358.0,0.67,514.0,0.59,787.0,0.68,484.0,0.58,529.0,0.69,490.1,0.35,753.21,0.38,343.0,0.34,229.0,0.39,378.0,0.33,514.0,0.4,358.0,0.32,484.0,0.41,787.0,0.31,490.1,0.42,529.0
2026-01-07 10:49:29.066000+00:00,2026-01-07 10:49:27.227925+00:00,269.066,0.635,0.63,0.64,0.365,0.36,0.37,108.82,15.0,15.0,108.82,0.62,343.0,0.65,753.21,0.61,378.0,0.66,180.0,0.6,358.0,0.67,514.0,0.59,787.0,0.68,484.0,0.58,529.0,0.69,490.1,0.35,753.21,0.38,343.0,0.34,180.0,0.39,378.0,0.33,514.0,0.4,358.0,0.32,484.0,0.41,787.0,0.31,490.1,0.42,529.0
2026-01-07 10:49:30.627000+00:00,2026-01-07 10:49:28.234226+00:00,270.627,0.64,0.63,0.65,0.36,0.35,0.37,143.82,738.74,738.74,143.82,0.62,348.0,0.66,180.0,0.61,388.0,0.67,514.0,0.6,343.0,0.68,484.0,0.59,787.0,0.69,490.1,0.58,494.0,0.7,461.2,0.34,180.0,0.38,348.0,0.33,514.0,0.39,388.0,0.32,484.0,0.4,343.0,0.31,490.1,0.41,787.0,0.3,461.2,0.42,494.0
2026-01-07 10:49:31.191000+00:00,2026-01-07 10:49:30.262234+00:00,271.191,0.635,0.63,0.64,0.365,0.36,0.37,143.82,15.0,10.2,143.82,0.62,348.0,0.65,738.74,0.61,388.0,0.66,180.0,0.6,343.0,0.67,514.0,0.59,787.0,0.68,533.0,0.58,494.0,0.69,490.1,0.35,738.74,0.38,348.0,0.34,180.0,0.39,388.0,0.33,514.0,0.4,343.0,0.32,533.0,0.41,787.0,0.31,490.1,0.42,494.0
2026-01-07 10:49:32.867000+00:00,2026-01-07 10:49:31.265661+00:00,272.867,0.635,0.63,0.64,0.365,0.36,0.37,143.82,10.2,10.2,143.82,0.62,348.0,0.65,738.74,0.61,388.0,0.66,180.0,0.6,343.0,0.67,514.0,0.59,787.0,0.68,533.0,0.58,494.0,0.69,490.1,0.35,738.74,0.38,348.0,0.34,180.0,0.39,388.0,0.33,514.0,0.4,343.0,0.32,533.0,0.41,787.0,0.31,490.1,0.42,494.0
2026-01-07 10:49:34.501000+00:00,2026-01-07 10:49:32.272999+00:00,274.501,0.635,0.63,0.64,0.365,0.36,0.37,143.82,10.2,10.2,143.82,0.62,348.0,0.65,738.74,0.61,388.0,0.66,180.0,0.6,343.0,0.67,514.0,0.59,787.0,0.68,533.0,0.58,494.0,0.69,490.1,0.35,738.74,0.38,348.0,0.34,180.0,0.39,388.0,0.33,494.0,0.4,343.0,0.32,533.0,0.41,787.0,0.31,490.1,0.42,494.0
2026-01-07 10:49:35.340000+00:00,2026-01-07 10:49:33.294266+00:00,275.34,0.635,0.63,0.64,0.365,0.36,0.37,138.37,10.2,10.2,138.37,0.62,348.0,0.65,738.74,0.61,388.0,0.66,180.0,0.6,343.0,0.67,494.0,0.59,787.0,0.68,553.0,0.58,494.0,0.69,490.1,0.35,738.74,0.38,348.0,0.34,180.0,0.39,388.0,0.33,494.0,0.4,343.0,0.32,553.0,0.41,787.0,0.31,490.1,0.42,494.0
2026-01-07 10:49:36.557000+00:00,2026-01-07 10:49:34.303698+00:00,276.557,0.635,0.63,0.64,0.365,0.36,0.37,138.37,10.2,10.2,138.37,0.62,135.0,0.65,703.74,0.61,418.0,0.66,205.0,0.6,343.0,0.67,469.0,0.59,787.0,0.68,559.0,0.58,494.0,0.69,490.1,0.35,703.74,0.38,135.0,0.34,205.0,0.39,418.0,0.33,469.0,0.4,343.0,0.32,559.0,0.41,782.0,0.31,490.1,0.42,494.0
2026-01-07 10:49:37.285000+00:00,2026-01-07 10:49:35.309374+00:00,277.285,0.635,0.63,0.64,0.365,0.36,0.37,138.37,5.4,5.4,138.37,0.62,135.0,0.65,703.74,0.61,418.0,0.66,205.0,0.6,343.0,0.67,469.0,0.59,787.0,0.68,559.0,0.58,494.0,0.69,490.1,0.35,703.74,0.38,135.0,0.34,205.0,0.39,418.0,0.33,469.0,0.4,343.0,0.32,559.0,0.41,787.0,0.31,490.1,0.42,494.0
2026-01-07 10:49:38.708000+00:00,2026-01-07 10:49:36.317339+00:00,278.708,0.635,0.63,0.64,0.365,0.36,0.37,135.66,5.4,5.4,140.66,0.62,135.0,0.65,703.74,0.61,418.0,0.66,205.0,0.6,343.0,0.67,469.0,0.59,787.0,0.68,553.0,0.58,494.0,0.69,490.1,0.35,703.74,0.38,135.0,0.34,205.0,0.39,418.0,0.33,469.0,0.4,343.0,0.32,553.0,0.41,787.0,0.31,490.1,0.42,494.0
2026-01-07 10:49:39.723000+00:00,2026-01-07 10:49:37.321207+00:00,279.723,0.635,0.63,0.64,0.365,0.36,0.37,130.66,5.4,5.4,130.66,0.62,135.0,0.65,703.74,0.61,418.0,0.66,205.0,0.6,343.0,0.67,469.0,0.59,787.0,0.68,553.0,0.58,494.0,0.69,490.1,0.35,703.74,0.38,135.0,0.34,205.0,0.39,418.0,0.33,469.0,0.4,343.0,0.32,553.0,0.41,787.0,0.31,490.1,0.42,494.0
2026-01-07 10:49:40.770000+00:00,2026-01-07 10:49:38.327580+00:00,280.77,0.635,0.63,0.64,0.355,0.35,0.36,292.66,5.4,128.57,201.33,0.62,287.0,0.65,133.57,0.61,388.0,0.66,158.16,0.6,464.0,0.67,494.0,0.59,338.0,0.68,508.0,0.58,494.0,0.69,510.1,0.34,148.16,0.37,202.0,0.33,494.0,0.38,292.0,0.32,508.0,0.39,368.0,0.31,510.1,0.4,464.0,0.3,496.2,0.41,424.0
2026-01-07 10:49:41.771000+00:00,2026-01-07 10:49:39.333904+00:00,281.771,0.645,0.64,0.65,0.355,0.35,0.36,462.33,68.57,68.57,498.33,0.63,827.0,0.66,78.16,0.62,489.0,0.67,185.0,0.61,454.0,0.68,105.0,0.6,464.0,0.69,379.0,0.59,424.0,0.7,420.0,0.34,78.16,0.37,812.0,0.33,185.0,0.38,504.0,0.32,105.0,0.39,454.0,0.31,75.0,0.4,464.0,0.3,237.0,0.41,424.0
2026-01-07 10:49:42.796000+00:00,2026-01-07 10:49:40.357522+00:00,282.796,0.665,0.66,0.67,0.335,0.33,0.34,128.94,146.17,86.17,128.94,0.65,189.43,0.68,105.0,0.64,459.33,0.69,75.0,0.63,867.0,0.7,116.0,0.62,454.0,0.71,212.3,0.61,419.0,0.72,420.4,0.32,75.0,0.35,189.43,0.31,75.0,0.36,419.33,0.3,116.0,0.37,837.0,0.29,212.3,0.38,454.0,0.28,420.4,0.39,460.0
2026-01-07 10:49:43.667000+00:00,2026-01-07 10:49:41.380291+00:00,283.667,0.665,0.66,0.67,0.335,0.33,0.34,183.94,86.17,86.17,183.94,0.65,209.43,0.68,75.0,0.64,424.33,0.69,145.0,0.63,827.0,0.7,136.0,0.62,454.0,0.71,260.3,0.61,460.0,0.72,420.4,0.32,75.0,0.35,209.43,0.31,145.0,0.36,424.33,0.3,136.0,0.37,827.0,0.29,260.3,0.38,454.0,0.28,420.4,0.39,460.0
2026-01-07 10:49:44.748000+00:00,2026-01-07 10:49:42.405621+00:00,284.748,0.665,0.66,0.67,0.335,0.33,0.34,183.94,79.17,79.17,183.94,0.65,209.43,0.68,145.0,0.64,439.33,0.69,215.0,0.63,852.0,0.7,206.0,0.62,454.0,0.71,330.3,0.61,419.0,0.72,490.4,0.32,145.0,0.35,209.43,0.31,215.0,0.36,439.33,0.3,206.0,0.37,852.0,0.29,330.3,0.38,454.0,0.28,490.4,0.39,419.0
2026-01-07 10:49:45.824000+00:00,2026-01-07 10:49:43.411994+00:00,285.824,0.665,0.66,0.67,0.335,0.33,0.34,138.94,79.17,79.17,138.94,0.65,359.43,0.68,190.0,0.64,383.0,0.69,822.0,0.63,812.0,0.7,490.0,0.62,454.0,0.71,513.3,0.61,419.0,0.72,490.4,0.32,190.0,0.35,374.43,0.31,822.0,0.36,383.0,0.3,490.0,0.37,812.0,0.29,513.3,0.38,454.0,0.28,490.4,0.39,419.0
2026-01-07 10:49:46.849000+00:00,2026-01-07 10:49:44.433438+00:00,286.849,0.665,0.66,0.67,0.335,0.33,0.34,128.94,79.17,79.17,128.94,0.65,364.43,0.68,140.0,0.64,403.0,0.69,609.0,0.63,812.0,0.7,490.0,0.62,454.0,0.71,507.0,0.61,419.0,0.72,490.4,0.32,140.0,0.35,364.43,0.31,609.0,0.36,403.0,0.3,490.0,0.37,812.0,0.29,507.0,0.38,454.0,0.28,490.4,0.39,419.0
2026-01-07 10:49:47.856000+00:00,2026-01-07 10:49:45.440723+00:00,287.856,0.665,0.66,0.67,0.335,0.33,0.34,40.0,79.17,79.17,40.0,0.65,205.0,0.68,150.0,0.64,403.0,0.69,782.0,0.63,812.0,0.7,490.0,0.62,333.0,0.71,507.0,0.61,419.0,0.72,490.4,0.32,150.0,0.35,195.0,0.31,782.0,0.36,393.0,0.3,490.0,0.37,812.0,0.29,507.0,0.38,333.0,0.28,490.4,0.39,419.0
2026-01-07 10:49:48.885000+00:00,2026-01-07 10:49:46.448700+00:00,288.885,0.675,0.67,0.68,0.325,0.32,0.33,27.27,128.0,128.0,27.27,0.66,15.0,0.69,782.0,0.65,220.0,0.7,490.0,0.64,408.0,0.71,507.0,0.63,792.0,0.72,490.4,0.62,298.0,0.73,490.6,0.31,712.0,0.34,15.0,0.3,490.0,0.35,250.0,0.29,507.0,0.36,398.0,0.28,490.4,0.37,792.0,0.27,490.6,0.38,298.0
2026-01-07 10:49:49.841000+00:00,2026-01-07 10:49:47.455611+00:00,289.841,0.675,0.67,0.68,0.325,0.32,0.33,27.27,98.0,102.12,27.27,0.66,30.0,0.69,732.0,0.65,330.0,0.7,490.0,0.64,388.0,0.71,507.0,0.63,782.0,0.72,490.4,0.62,298.0,0.73,490.6,0.31,732.0,0.34,30.0,0.3,490.0,0.35,330.0,0.29,507.0,0.36,388.0,0.28,490.4,0.37,782.0,0.27,490.6,0.38,338.0
2026-01-07 10:49:50.902000+00:00,2026-01-07 10:49:48.462487+00:00,290.902,0.675,0.67,0.68,0.325,0.32,0.33,22.12,98.0,103.0,22.12,0.66,30.0,0.69,797.0,0.65,330.0,0.7,465.0,0.64,388.0,0.71,532.0,0.63,782.0,0.72,490.4,0.62,338.0,0.73,490.6,0.31,797.0,0.34,30.0,0.3,465.0,0.35,330.0,0.29,532.0,0.36,388.0,0.28,510.4,0.37,782.0,0.27,490.6,0.38,338.0
2026-01-07 10:49:51.947000+00:00,2026-01-07 10:49:49.473145+00:00,291.947,0.675,0.67,0.68,0.325,0.32,0.33,27.12,85.0,93.0,27.12,0.66,100.0,0.69,797.0,0.65,330.0,0.7,465.0,0.64,388.0,0.71,538.3,0.63,782.0,0.72,510.4,0.62,298.0,0.73,490.6,0.31,797.0,0.34,100.0,0.3,465.0,0.35,320.0,0.29,538.3,0.36,388.0,0.28,510.4,0.37,822.0,0.27,490.6,0.38,298.0
2026-01-07 10:49:52.864000+00:00,2026-01-07 10:49:50.495436+00:00,292.864,0.685,0.68,0.69,0.315,0.31,0.32,73.0,567.0,567.0,73.0,0.67,205.12,0.7,293.0,0.66,453.0,0.71,471.0,0.65,524.0,0.72,308.4,0.64,509.0,0.73,429.6,0.63,903.0,0.74,475.8,0.3,284.0,0.33,205.12,0.29,532.0,0.34,453.0,0.28,369.4,0.35,524.0,0.27,490.6,0.36,509.0,0.26,475.8,0.37,903.0
2026-01-07 10:49:53.835000+00:00,2026-01-07 10:49:51.502394+00:00,293.835,0.675,0.67,0.68,0.325,0.32,0.33,225.12,55.0,55.0,225.12,0.66,458.0,0.69,436.0,0.65,514.0,0.7,222.0,0.64,538.0,0.71,396.0,0.63,903.0,0.72,369.4,0.62,419.0,0.73,490.6,0.31,436.0,0.34,458.0,0.3,222.0,0.35,514.0,0.29,396.0,0.36,538.0,0.28,369.4,0.37,903.0,0.27,490.6,0.38,419.0
2026-01-07 10:49:55.842000+00:00,2026-01-07 10:49:53.532214+00:00,295.842,0.675,0.67,0.68,0.325,0.32,0.33,257.3,49.64,49.64,242.3,0.66,483.0,0.69,466.0,0.65,489.0,0.7,207.0,0.64,538.0,0.71,421.0,0.63,903.0,0.72,369.4,0.62,454.0,0.73,490.6,0.31,451.0,0.34,448.0,0.3,167.0,0.35,479.0,0.29,421.0,0.36,508.0,0.28,369.4,0.37,903.0,0.27,490.6,0.38,454.0
2026-01-07 10:49:56.943000+00:00,2026-01-07 10:49:54.540067+00:00,296.943,0.675,0.67,0.68,0.325,0.32,0.33,277.3,49.64,49.64,277.3,0.66,453.0,0.69,628.0,0.65,524.0,0.7,238.0,0.64,548.0,0.71,532.0,0.63,903.0,0.72,484.0,0.62,419.0,0.73,490.6,0.31,628.0,0.34,453.0,0.3,238.0,0.35,524.0,0.29,532.0,0.36,548.0,0.28,484.0,0.37,903.0,0.27,490.6,0.38,419.0
2026-01-07 10:49:57.990000+00:00,2026-01-07 10:49:55.554564+00:00,297.99,0.675,0.67,0.68,0.325,0.32,0.33,266.23,49.64,49.64,266.23,0.66,453.0,0.69,567.0,0.65,554.0,0.7,177.0,0.64,479.0,0.71,411.0,0.63,903.0,0.72,484.0,0.62,419.0,0.73,490.6,0.31,567.0,0.34,453.0,0.3,177.0,0.35,554.0,0.29,411.0,0.36,518.0,0.28,484.0,0.37,903.0,0.27,490.6,0.38,419.0
2026-01-07 10:49:58.953000+00:00,2026-01-07 10:49:56.565043+00:00,298.953,0.675,0.67,0.68,0.325,0.32,0.33,266.23,46.69,46.69,266.23,0.66,453.0,0.69,567.0,0.65,554.0,0.7,177.0,0.64,479.0,0.71,411.0,0.63,943.0,0.72,484.0,0.62,419.0,0.73,490.6,0.31,567.0,0.34,453.0,0.3,177.0,0.35,554.0,0.29,411.0,0.36,479.0,0.28,484.0,0.37,943.0,0.27,490.6,0.38,419.0
2026-01-07 10:49:59.972000+00:00,2026-01-07 10:49:57.570402+00:00,299.972,0.675,0.67,0.68,0.325,0.32,0.33,100.0,46.69,46.69,100.0,0.66,270.0,0.69,689.0,0.65,433.0,0.7,177.0,0.64,479.0,0.71,532.0,0.63,903.0,0.72,484.0,0.62,419.0,0.73,490.6,0.31,689.0,0.34,270.0,0.3,177.0,0.35,433.0,0.29,532.0,0.36,479.0,0.28,484.0,0.37,903.0,0.27,490.6,0.38,419.0
2026-01-07 10:50:01.952000+00:00,2026-01-07 10:49:59.582095+00:00,301.952,0.675,0.67,0.68,0.325,0.32,0.33,87.51,13.09,38.09,87.51,0.66,285.0,0.69,699.0,0.65,235.0,0.7,177.0,0.64,175.0,0.71,532.0,0.63,333.0,0.72,484.0,0.62,459.0,0.73,490.6,0.31,689.0,0.34,285.0,0.3,177.0,0.35,235.0,0.29,532.0,0.36,175.0,0.28,484.0,0.37,373.0,0.27,490.6,0.38,419.0
2026-01-07 10:50:03.008000+00:00,2026-01-07 10:50:00.586439+00:00,303.008,0.675,0.67,0.68,0.325,0.32,0.33,87.51,67.22,67.22,87.51,0.66,215.0,0.69,476.0,0.65,270.0,0.7,167.0,0.64,383.0,0.71,532.0,0.63,343.0,0.72,484.0,0.62,419.0,0.73,490.6,0.31,476.0,0.34,215.0,0.3,167.0,0.35,270.0,0.29,532.0,0.36,383.0,0.28,484.0,0.37,383.0,0.27,490.6,0.38,419.0
