timestamp,collected_at,seconds,mid,bid,ask,asset
2026-01-06 08:15:00+00:00,2026-01-06 08:21:05.352325+00:00,0.0,3219.741,3219.57,3219.9,ETH
2026-01-06 08:15:01+00:00,2026-01-06 08:21:06.339215+00:00,1.0,3219.451,3219.32,3219.64,ETH
2026-01-06 08:15:02+00:00,2026-01-06 08:21:07.334846+00:00,2.0,3219.311,3219.2,3219.53,ETH
2026-01-06 08:15:03+00:00,2026-01-06 08:21:08.342635+00:00,3.0,3219.311,3219.13,3219.55,ETH
2026-01-06 08:15:04+00:00,2026-01-06 08:21:09.328714+00:00,4.0,3219.311,3219.13,3219.5,ETH
2026-01-06 08:15:05+00:00,2026-01-06 08:21:10.330737+00:00,5.0,3219.311,3219.14,3219.49,ETH
2026-01-06 08:15:06+00:00,2026-01-06 08:21:11.329839+00:00,6.0,3219.311,3219.16,3219.49,ETH
2026-01-06 08:15:07+00:00,2026-01-06 08:21:12.333202+00:00,7.0,3219.311,3219.16,3219.43,ETH
2026-01-06 08:15:08+00:00,2026-01-06 08:21:13.350332+00:00,8.0,3219.241,3219.14,3219.42,ETH
2026-01-06 08:15:09+00:00,2026-01-06 08:21:14.341329+00:00,9.0,3219.191,3219.01,3219.39,ETH
2026-01-06 08:15:10+00:00,2026-01-06 08:21:15.348609+00:00,10.0,3219.211,3218.91,3219.37,ETH
2026-01-06 08:15:11+00:00,2026-01-06 08:21:16.335636+00:00,11.0,3219.201,3218.87,3219.32,ETH
2026-01-06 08:15:12+00:00,2026-01-06 08:21:17.349519+00:00,12.0,3219.151,3218.84,3219.22,ETH
2026-01-06 08:15:13+00:00,2026-01-06 08:21:18.340483+00:00,13.0,3219.021,3218.72,3219.08,ETH
2026-01-06 08:15:14+00:00,2026-01-06 08:21:19.362267+00:00,14.0,3218.891,3218.59,3218.98,ETH
2026-01-06 08:15:15+00:00,2026-01-06 08:21:20.371628+00:00,15.0,3218.861,3218.59,3218.95,ETH
2026-01-06 08:15:16+00:00,2026-01-06 08:21:21.365440+00:00,16.0,3218.851,3218.56,3218.89,ETH
2026-01-06 08:15:17+00:00,2026-01-06 08:21:22.376753+00:00,17.0,3218.851,3218.56,3218.89,ETH
2026-01-06 08:15:18+00:00,2026-01-06 08:21:23.380882+00:00,18.0,3218.841,3218.57,3218.88,ETH
2026-01-06 08:15:19+00:00,2026-01-06 08:21:24.379556+00:00,19.0,3218.861,3218.56,3219.02,ETH
2026-01-06 08:15:20+00:00,2026-01-06 08:21:25.375252+00:00,20.0,3218.861,3218.56,3218.88,ETH
2026-01-06 08:15:21+00:00,2026-01-06 08:21:26.393120+00:00,21.0,3218.861,3218.57,3218.99,ETH
2026-01-06 08:15:22+00:00,2026-01-06 08:21:27.421773+00:00,22.0,3218.851,3218.57,3219.04,ETH
2026-01-06 08:15:23+00:00,2026-01-06 08:21:28.444302+00:00,23.0,3218.851,3218.58,3219.04,ETH
2026-01-06 08:15:24+00:00,2026-01-06 08:21:29.445922+00:00,24.0,3218.411,3218.4,3218.74,ETH
2026-01-06 08:15:25+00:00,2026-01-06 08:21:30.449809+00:00,25.0,3218.551,3218.33,3218.74,ETH
2026-01-06 08:15:26+00:00,2026-01-06 08:21:31.464266+00:00,26.0,3218.551,3218.32,3218.7,ETH
2026-01-06 08:15:27+00:00,2026-01-06 08:21:32.477949+00:00,27.0,3218.551,3218.32,3218.68,ETH
2026-01-06 08:15:28+00:00,2026-01-06 08:21:33.478445+00:00,28.0,3218.551,3218.32,3218.66,ETH
2026-01-06 08:15:29+00:00,2026-01-06 08:21:34.480866+00:00,29.0,3218.551,3218.32,3218.64,ETH
2026-01-06 08:15:30+00:00,2026-01-06 08:21:35.493938+00:00,30.0,3218.551,3218.3,3218.68,ETH
2026-01-06 08:15:31+00:00,2026-01-06 08:21:36.510979+00:00,31.0,3218.551,3218.3,3218.68,ETH
2026-01-06 08:15:32+00:00,2026-01-06 08:21:37.527166+00:00,32.0,3218.551,3218.3,3218.68,ETH
2026-01-06 08:15:33+00:00,2026-01-06 08:21:38.555293+00:00,33.0,3218.551,3218.3,3218.67,ETH
2026-01-06 08:15:34+00:00,2026-01-06 08:21:39.550747+00:00,34.0,3218.551,3218.3,3218.68,ETH
2026-01-06 08:15:35+00:00,2026-01-06 08:21:40.613006+00:00,35.0,3218.551,3218.3,3218.7,ETH
2026-01-06 08:15:36+00:00,2026-01-06 08:21:41.612609+00:00,36.0,3218.551,3218.3,3218.67,ETH
2026-01-06 08:15:37+00:00,2026-01-06 08:21:42.628632+00:00,37.0,3218.551,3218.3,3218.67,ETH
2026-01-06 08:15:38+00:00,2026-01-06 08:21:44.628770+00:00,38.0,3218.871,3218.55,3219.06,ETH
2026-01-06 08:15:39+00:00,2026-01-06 08:21:45.648686+00:00,39.0,3218.931,3218.56,3219.25,ETH
2026-01-06 08:15:40+00:00,2026-01-06 08:21:46.646155+00:00,40.0,3219.291,3218.95,3219.62,ETH
2026-01-06 08:15:41+00:00,2026-01-06 08:21:47.653845+00:00,41.0,3219.591,3219.38,3219.87,ETH
2026-01-06 08:15:42+00:00,2026-01-06 08:21:48.658313+00:00,42.0,3219.661,3219.43,3219.87,ETH
2026-01-06 08:15:44+00:00,2026-01-06 08:21:49.720794+00:00,44.0,3219.791,3219.43,3219.87,ETH
2026-01-06 08:15:45+00:00,2026-01-06 08:21:50.700236+00:00,45.0,3219.591,3219.43,3219.87,ETH
2026-01-06 08:15:46+00:00,2026-01-06 08:21:51.724106+00:00,46.0,3219.811,3219.44,3220.01,ETH
2026-01-06 08:15:47+00:00,2026-01-06 08:21:52.702108+00:00,47.0,3219.821,3219.44,3220.01,ETH
2026-01-06 08:15:48+00:00,2026-01-06 08:21:53.719379+00:00,48.0,3219.811,3219.45,3220.01,ETH
2026-01-06 08:15:49+00:00,2026-01-06 08:21:54.722553+00:00,49.0,3219.791,3219.45,3220.01,ETH
2026-01-06 08:15:50+00:00,2026-01-06 08:21:55.716641+00:00,50.0,3219.821,3219.46,3220.1,ETH
2026-01-06 08:15:51+00:00,2026-01-06 08:21:56.722850+00:00,51.0,3219.821,3219.46,3220.02,ETH
2026-01-06 08:15:52+00:00,2026-01-06 08:21:57.718165+00:00,52.0,3219.821,3219.46,3220.02,ETH
2026-01-06 08:15:53+00:00,2026-01-06 08:21:58.736872+00:00,53.0,3219.831,3219.47,3220.06,ETH
2026-01-06 08:15:54+00:00,2026-01-06 08:21:59.739296+00:00,54.0,3219.751,3219.42,3219.87,ETH
2026-01-06 08:15:55+00:00,2026-01-06 08:22:00.739278+00:00,55.0,3219.781,3219.42,3220.07,ETH
2026-01-06 08:15:56+00:00,2026-01-06 08:22:01.735710+00:00,56.0,3219.791,3219.45,3220.04,ETH
2026-01-06 08:15:57+00:00,2026-01-06 08:22:02.744094+00:00,57.0,3219.861,3219.49,3220.23,ETH
2026-01-06 08:15:58+00:00,2026-01-06 08:22:03.749123+00:00,58.0,3219.861,3219.49,3220.23,ETH
2026-01-06 08:15:59+00:00,2026-01-06 08:22:04.759886+00:00,59.0,3220.281,3219.95,3220.34,ETH
2026-01-06 08:16:00+00:00,2026-01-06 08:22:05.777745+00:00,60.0,3220.281,3219.95,3220.47,ETH
2026-01-06 08:16:01+00:00,2026-01-06 08:22:06.795736+00:00,61.0,3220.311,3219.95,3220.47,ETH
2026-01-06 08:16:02+00:00,2026-01-06 08:22:07.811430+00:00,62.0,3220.311,3219.95,3220.47,ETH
2026-01-06 08:16:03+00:00,2026-01-06 08:22:09.831335+00:00,63.0,3220.441,3220.09,3220.6,ETH
2026-01-06 08:16:04+00:00,2026-01-06 08:22:10.840398+00:00,64.0,3220.441,3220.09,3220.64,ETH
2026-01-06 08:16:05+00:00,2026-01-06 08:22:11.849293+00:00,65.0,3220.431,3220.08,3220.62,ETH
2026-01-06 08:16:06+00:00,2026-01-06 08:22:12.845328+00:00,66.0,3220.321,3220.06,3220.54,ETH
2026-01-06 08:16:07+00:00,2026-01-06 08:22:13.889490+00:00,67.0,3220.231,3219.99,3220.47,ETH
2026-01-06 08:16:08+00:00,2026-01-06 08:22:14.891792+00:00,68.0,3220.231,3219.93,3220.45,ETH
2026-01-06 08:16:09+00:00,2026-01-06 08:22:15.889269+00:00,69.0,3220.231,3219.95,3220.44,ETH
2026-01-06 08:16:10+00:00,2026-01-06 08:22:16.892406+00:00,70.0,3220.261,3219.96,3220.52,ETH
2026-01-06 08:16:11+00:00,2026-01-06 08:22:17.893158+00:00,71.0,3220.451,3220.09,3220.72,ETH
2026-01-06 08:16:12+00:00,2026-01-06 08:22:18.892221+00:00,72.0,3220.761,3220.38,3220.94,ETH
2026-01-06 08:16:13+00:00,2026-01-06 08:22:19.907455+00:00,73.0,3220.911,3220.55,3221.06,ETH
2026-01-06 08:16:14+00:00,2026-01-06 08:22:20.906589+00:00,74.0,3220.941,3220.56,3221.14,ETH
2026-01-06 08:16:15+00:00,2026-01-06 08:22:21.909193+00:00,75.0,3220.911,3220.53,3221.12,ETH
2026-01-06 08:16:16+00:00,2026-01-06 08:22:22.923859+00:00,76.0,3220.821,3220.45,3220.94,ETH
2026-01-06 08:16:17+00:00,2026-01-06 08:22:23.925158+00:00,77.0,3220.601,3220.39,3220.85,ETH
2026-01-06 08:16:18+00:00,2026-01-06 08:22:24.933107+00:00,78.0,3220.631,3220.46,3220.87,ETH
2026-01-06 08:16:19+00:00,2026-01-06 08:22:25.942632+00:00,79.0,3220.851,3220.52,3220.91,ETH
2026-01-06 08:16:20+00:00,2026-01-06 08:22:26.943000+00:00,80.0,3220.831,3220.52,3220.89,ETH
2026-01-06 08:16:21+00:00,2026-01-06 08:22:27.941519+00:00,81.0,3220.811,3220.52,3220.86,ETH
2026-01-06 08:16:22+00:00,2026-01-06 08:22:28.940987+00:00,82.0,3220.831,3220.53,3220.92,ETH
2026-01-06 08:16:23+00:00,2026-01-06 08:22:29.945849+00:00,83.0,3220.891,3220.57,3221.09,ETH
2026-01-06 08:16:24+00:00,2026-01-06 08:22:30.960906+00:00,84.0,3220.951,3220.6,3221.2,ETH
2026-01-06 08:16:25+00:00,2026-01-06 08:22:31.975485+00:00,85.0,3221.031,3220.65,3221.22,ETH
2026-01-06 08:16:26+00:00,2026-01-06 08:22:32.973848+00:00,86.0,3221.081,3220.71,3221.27,ETH
2026-01-06 08:16:27+00:00,2026-01-06 08:22:33.964757+00:00,87.0,3221.081,3220.71,3221.32,ETH
2026-01-06 08:16:28+00:00,2026-01-06 08:22:34.978172+00:00,88.0,3221.151,3220.75,3221.52,ETH
2026-01-06 08:16:29+00:00,2026-01-06 08:22:35.995011+00:00,89.0,3221.431,3221.03,3221.82,ETH
2026-01-06 08:16:30+00:00,2026-01-06 08:22:37.007740+00:00,90.0,3221.461,3221.04,3221.82,ETH
2026-01-06 08:16:31+00:00,2026-01-06 08:22:38.009520+00:00,91.0,3221.461,3221.04,3221.82,ETH
2026-01-06 08:16:32+00:00,2026-01-06 08:22:39.029788+00:00,92.0,3221.381,3220.98,3221.56,ETH
2026-01-06 08:16:33+00:00,2026-01-06 08:22:40.042891+00:00,93.0,3221.281,3220.89,3221.39,ETH
2026-01-06 08:16:34+00:00,2026-01-06 08:22:41.056629+00:00,94.0,3221.281,3220.89,3221.39,ETH
2026-01-06 08:16:35+00:00,2026-01-06 08:22:42.076561+00:00,95.0,3221.271,3220.88,3221.39,ETH
2026-01-06 08:16:36+00:00,2026-01-06 08:22:43.094074+00:00,96.0,3220.931,3220.88,3221.39,ETH
2026-01-06 08:16:37+00:00,2026-01-06 08:22:44.113543+00:00,97.0,3221.241,3220.88,3221.39,ETH
2026-01-06 08:16:38+00:00,2026-01-06 08:22:45.119220+00:00,98.0,3221.151,3220.78,3221.31,ETH
2026-01-06 08:16:39+00:00,2026-01-06 08:22:46.127323+00:00,99.0,3221.151,3220.79,3221.32,ETH
2026-01-06 08:16:40+00:00,2026-01-06 08:22:47.140581+00:00,100.0,3221.171,3220.81,3221.38,ETH
2026-01-06 08:16:41+00:00,2026-01-06 08:22:48.135981+00:00,101.0,3221.151,3220.81,3221.39,ETH
2026-01-06 08:16:42+00:00,2026-01-06 08:22:49.158296+00:00,102.0,3221.211,3220.85,3221.47,ETH
2026-01-06 08:16:43+00:00,2026-01-06 08:22:50.171001+00:00,103.0,3221.241,3220.96,3221.47,ETH
2026-01-06 08:16:44+00:00,2026-01-06 08:22:51.173364+00:00,104.0,3221.481,3221.11,3221.85,ETH
2026-01-06 08:16:45+00:00,2026-01-06 08:22:52.175755+00:00,105.0,3221.511,3221.14,3221.85,ETH
2026-01-06 08:16:46+00:00,2026-01-06 08:22:53.255800+00:00,106.0,3221.511,3221.13,3221.89,ETH
2026-01-06 08:16:47+00:00,2026-01-06 08:22:54.210081+00:00,107.0,3221.491,3221.1,3221.89,ETH
2026-01-06 08:16:48+00:00,2026-01-06 08:22:55.212493+00:00,108.0,3221.481,3221.08,3221.88,ETH
2026-01-06 08:16:49+00:00,2026-01-06 08:22:56.253913+00:00,109.0,3221.491,3221.09,3221.89,ETH
2026-01-06 08:16:50+00:00,2026-01-06 08:22:57.242513+00:00,110.0,3221.441,3221.08,3221.83,ETH
2026-01-06 08:16:51+00:00,2026-01-06 08:22:58.215930+00:00,111.0,3221.401,3221.08,3221.76,ETH
2026-01-06 08:16:52+00:00,2026-01-06 08:22:59.252657+00:00,112.0,3220.971,3220.78,3221.39,ETH
2026-01-06 08:16:53+00:00,2026-01-06 08:23:00.254776+00:00,113.0,3220.981,3220.78,3221.39,ETH
2026-01-06 08:16:54+00:00,2026-01-06 08:23:01.226568+00:00,114.0,3220.981,3220.79,3221.39,ETH
2026-01-06 08:16:55+00:00,2026-01-06 08:23:02.236067+00:00,115.0,3220.971,3220.78,3221.38,ETH
2026-01-06 08:16:56+00:00,2026-01-06 08:23:03.232055+00:00,116.0,3220.971,3220.77,3221.38,ETH
2026-01-06 08:16:57+00:00,2026-01-06 08:23:04.249740+00:00,117.0,3220.981,3220.77,3221.38,ETH
2026-01-06 08:16:58+00:00,2026-01-06 08:23:05.264205+00:00,118.0,3220.991,3220.77,3221.38,ETH
2026-01-06 08:16:59+00:00,2026-01-06 08:23:06.273602+00:00,119.0,3220.851,3220.65,3221.23,ETH
2026-01-06 08:17:00+00:00,2026-01-06 08:23:07.270990+00:00,120.0,3220.891,3220.65,3221.19,ETH
2026-01-06 08:17:01+00:00,2026-01-06 08:23:08.271221+00:00,121.0,3220.581,3220.41,3220.93,ETH
2026-01-06 08:17:02+00:00,2026-01-06 08:23:09.269444+00:00,122.0,3220.491,3220.33,3220.69,ETH
2026-01-06 08:17:03+00:00,2026-01-06 08:23:10.279304+00:00,123.0,3220.371,3220.09,3220.49,ETH
2026-01-06 08:17:04+00:00,2026-01-06 08:23:11.277113+00:00,124.0,3220.361,3220.1,3220.49,ETH
2026-01-06 08:17:05+00:00,2026-01-06 08:23:12.295059+00:00,125.0,3220.331,3220.08,3220.49,ETH
2026-01-06 08:17:06+00:00,2026-01-06 08:23:13.334086+00:00,126.0,3220.271,3220.08,3220.35,ETH
2026-01-06 08:17:07+00:00,2026-01-06 08:23:14.307245+00:00,127.0,3220.241,3220.02,3220.34,ETH
2026-01-06 08:17:08+00:00,2026-01-06 08:23:15.345129+00:00,128.0,3220.221,3220.02,3220.34,ETH
2026-01-06 08:17:09+00:00,2026-01-06 08:23:16.340236+00:00,129.0,3220.211,3220.01,3220.35,ETH
2026-01-06 08:17:10+00:00,2026-01-06 08:23:17.354606+00:00,130.0,3220.211,3220.01,3220.35,ETH
2026-01-06 08:17:11+00:00,2026-01-06 08:23:18.357290+00:00,131.0,3220.351,3220.01,3220.69,ETH
2026-01-06 08:17:12+00:00,2026-01-06 08:23:19.373148+00:00,132.0,3220.721,3220.35,3221.0,ETH
2026-01-06 08:17:13+00:00,2026-01-06 08:23:20.376811+00:00,133.0,3220.721,3220.35,3221.0,ETH
2026-01-06 08:17:14+00:00,2026-01-06 08:23:22.375790+00:00,134.0,3221.021,3220.66,3221.24,ETH
2026-01-06 08:17:15+00:00,2026-01-06 08:23:23.391476+00:00,135.0,3221.031,3220.68,3221.27,ETH
2026-01-06 08:17:16+00:00,2026-01-06 08:23:24.394689+00:00,136.0,3221.141,3220.79,3221.32,ETH
2026-01-06 08:17:17+00:00,2026-01-06 08:23:25.408088+00:00,137.0,3221.251,3220.89,3221.38,ETH
2026-01-06 08:17:18+00:00,2026-01-06 08:23:26.406344+00:00,138.0,3221.251,3220.89,3221.39,ETH
2026-01-06 08:17:19+00:00,2026-01-06 08:23:27.403931+00:00,139.0,3221.241,3220.9,3221.38,ETH
2026-01-06 08:17:20+00:00,2026-01-06 08:23:28.409648+00:00,140.0,3221.261,3220.92,3221.38,ETH
2026-01-06 08:17:21+00:00,2026-01-06 08:23:29.408177+00:00,141.0,3221.291,3220.95,3221.53,ETH
2026-01-06 08:17:22+00:00,2026-01-06 08:23:30.408104+00:00,142.0,3221.421,3221.06,3221.7,ETH
2026-01-06 08:17:23+00:00,2026-01-06 08:23:31.430656+00:00,143.0,3221.531,3221.17,3221.74,ETH
2026-01-06 08:17:24+00:00,2026-01-06 08:23:32.424174+00:00,144.0,3221.521,3221.17,3221.74,ETH
2026-01-06 08:17:25+00:00,2026-01-06 08:23:33.423744+00:00,145.0,3221.531,3221.17,3221.74,ETH
2026-01-06 08:17:26+00:00,2026-01-06 08:23:34.422783+00:00,146.0,3221.541,3221.17,3221.78,ETH
2026-01-06 08:17:27+00:00,2026-01-06 08:23:35.418300+00:00,147.0,3221.561,3221.18,3221.82,ETH
2026-01-06 08:17:28+00:00,2026-01-06 08:23:36.440384+00:00,148.0,3221.761,3221.38,3222.06,ETH
2026-01-06 08:17:29+00:00,2026-01-06 08:23:37.441442+00:00,149.0,3221.911,3221.58,3222.3,ETH
2026-01-06 08:17:30+00:00,2026-01-06 08:23:38.438196+00:00,150.0,3221.851,3221.57,3222.22,ETH
2026-01-06 08:17:31+00:00,2026-01-06 08:23:39.462078+00:00,151.0,3221.821,3221.51,3222.07,ETH
2026-01-06 08:17:32+00:00,2026-01-06 08:23:40.476008+00:00,152.0,3221.701,3221.44,3221.93,ETH
2026-01-06 08:17:33+00:00,2026-01-06 08:23:41.475589+00:00,153.0,3221.541,3221.27,3221.75,ETH
2026-01-06 08:17:34+00:00,2026-01-06 08:23:42.473739+00:00,154.0,3221.461,3221.11,3221.64,ETH
2026-01-06 08:17:35+00:00,2026-01-06 08:23:43.473664+00:00,155.0,3221.461,3221.11,3221.63,ETH
2026-01-06 08:17:36+00:00,2026-01-06 08:23:44.551837+00:00,156.0,3221.431,3221.08,3221.62,ETH
2026-01-06 08:17:37+00:00,2026-01-06 08:23:45.553461+00:00,157.0,3221.401,3221.04,3221.6,ETH
2026-01-06 08:17:38+00:00,2026-01-06 08:23:46.554578+00:00,158.0,3221.371,3221.02,3221.53,ETH
2026-01-06 08:17:39+00:00,2026-01-06 08:23:47.569111+00:00,159.0,3221.361,3221.01,3221.48,ETH
2026-01-06 08:17:40+00:00,2026-01-06 08:23:48.591058+00:00,160.0,3221.241,3220.86,3221.38,ETH
2026-01-06 08:17:41+00:00,2026-01-06 08:23:49.607817+00:00,161.0,3220.991,3220.66,3221.15,ETH
2026-01-06 08:17:42+00:00,2026-01-06 08:23:50.608042+00:00,162.0,3221.001,3220.67,3221.15,ETH
2026-01-06 08:17:43+00:00,2026-01-06 08:23:51.615200+00:00,163.0,3221.011,3220.68,3221.16,ETH
2026-01-06 08:17:44+00:00,2026-01-06 08:23:52.602404+00:00,164.0,3221.011,3220.68,3221.18,ETH
2026-01-06 08:17:45+00:00,2026-01-06 08:23:53.602912+00:00,165.0,3221.011,3220.68,3221.21,ETH
2026-01-06 08:17:46+00:00,2026-01-06 08:23:54.630528+00:00,166.0,3221.051,3220.73,3221.2,ETH
2026-01-06 08:17:47+00:00,2026-01-06 08:23:55.634288+00:00,167.0,3221.051,3220.73,3221.33,ETH
2026-01-06 08:17:48+00:00,2026-01-06 08:23:56.651284+00:00,168.0,3221.051,3220.73,3221.22,ETH
2026-01-06 08:17:49+00:00,2026-01-06 08:23:57.728341+00:00,169.0,3221.071,3220.76,3221.33,ETH
2026-01-06 08:17:50+00:00,2026-01-06 08:23:58.703812+00:00,170.0,3221.081,3220.77,3221.36,ETH
2026-01-06 08:17:51+00:00,2026-01-06 08:23:59.707496+00:00,171.0,3221.081,3220.77,3221.35,ETH
2026-01-06 08:17:52+00:00,2026-01-06 08:24:00.719580+00:00,172.0,3221.081,3220.76,3221.34,ETH
2026-01-06 08:17:53+00:00,2026-01-06 08:24:01.715713+00:00,173.0,3221.081,3220.76,3221.36,ETH
2026-01-06 08:17:54+00:00,2026-01-06 08:24:02.718499+00:00,174.0,3221.081,3220.75,3221.37,ETH
2026-01-06 08:17:55+00:00,2026-01-06 08:24:03.718362+00:00,175.0,3221.071,3220.74,3221.33,ETH
2026-01-06 08:17:56+00:00,2026-01-06 08:24:04.733792+00:00,176.0,3221.071,3220.74,3221.3,ETH
2026-01-06 08:17:57+00:00,2026-01-06 08:24:05.741548+00:00,177.0,3221.071,3220.74,3221.29,ETH
2026-01-06 08:17:58+00:00,2026-01-06 08:24:06.724636+00:00,178.0,3221.061,3220.73,3221.3,ETH
2026-01-06 08:17:59+00:00,2026-01-06 08:24:07.723856+00:00,179.0,3221.061,3220.73,3221.31,ETH
2026-01-06 08:18:00+00:00,2026-01-06 08:24:08.733041+00:00,180.0,3221.061,3220.73,3221.29,ETH
2026-01-06 08:18:01+00:00,2026-01-06 08:24:09.734071+00:00,181.0,3221.061,3220.73,3221.33,ETH
2026-01-06 08:18:02+00:00,2026-01-06 08:24:10.737914+00:00,182.0,3221.101,3220.76,3221.35,ETH
2026-01-06 08:18:03+00:00,2026-01-06 08:24:11.775718+00:00,183.0,3221.141,3220.79,3221.33,ETH
2026-01-06 08:18:04+00:00,2026-01-06 08:24:12.780308+00:00,184.0,3221.151,3220.8,3221.35,ETH
2026-01-06 08:18:05+00:00,2026-01-06 08:24:13.769956+00:00,185.0,3221.151,3220.8,3221.36,ETH
2026-01-06 08:18:06+00:00,2026-01-06 08:24:14.772836+00:00,186.0,3221.201,3220.91,3221.45,ETH
2026-01-06 08:18:07+00:00,2026-01-06 08:24:15.783471+00:00,187.0,3221.561,3221.22,3221.71,ETH
2026-01-06 08:18:08+00:00,2026-01-06 08:24:16.783023+00:00,188.0,3221.561,3221.22,3221.74,ETH
2026-01-06 08:18:09+00:00,2026-01-06 08:24:17.783314+00:00,189.0,3221.621,3221.33,3221.65,ETH
2026-01-06 08:18:10+00:00,2026-01-06 08:24:18.788464+00:00,190.0,3221.631,3221.33,3221.7,ETH
2026-01-06 08:18:11+00:00,2026-01-06 08:24:19.787250+00:00,191.0,3221.631,3221.32,3221.88,ETH
2026-01-06 08:18:12+00:00,2026-01-06 08:24:20.783390+00:00,192.0,3221.831,3221.6,3222.01,ETH
2026-01-06 08:18:13+00:00,2026-01-06 08:24:21.799560+00:00,193.0,3222.001,3221.67,3222.12,ETH
2026-01-06 08:18:14+00:00,2026-01-06 08:24:22.800418+00:00,194.0,3222.011,3221.67,3222.23,ETH
2026-01-06 08:18:15+00:00,2026-01-06 08:24:23.818414+00:00,195.0,3222.011,3221.66,3222.23,ETH
2026-01-06 08:18:16+00:00,2026-01-06 08:24:24.826334+00:00,196.0,3222.021,3221.67,3222.35,ETH
2026-01-06 08:18:17+00:00,2026-01-06 08:24:25.842857+00:00,197.0,3222.021,3221.68,3222.35,ETH
2026-01-06 08:18:18+00:00,2026-01-06 08:24:26.835480+00:00,198.0,3222.021,3221.68,3222.35,ETH
2026-01-06 08:18:19+00:00,2026-01-06 08:24:27.840603+00:00,199.0,3221.681,3221.46,3221.79,ETH
2026-01-06 08:18:20+00:00,2026-01-06 08:24:28.840440+00:00,200.0,3221.151,3221.03,3221.22,ETH
2026-01-06 08:18:21+00:00,2026-01-06 08:24:29.854748+00:00,201.0,3221.041,3220.85,3221.11,ETH
2026-01-06 08:18:22+00:00,2026-01-06 08:24:30.866712+00:00,202.0,3221.101,3220.84,3221.15,ETH
2026-01-06 08:18:23+00:00,2026-01-06 08:24:31.853630+00:00,203.0,3220.871,3220.64,3220.98,ETH
2026-01-06 08:18:24+00:00,2026-01-06 08:24:32.935173+00:00,204.0,3220.801,3220.64,3221.04,ETH
2026-01-06 08:18:25+00:00,2026-01-06 08:24:33.962785+00:00,205.0,3220.741,3220.52,3220.98,ETH
2026-01-06 08:18:26+00:00,2026-01-06 08:24:34.935510+00:00,206.0,3220.741,3220.5,3220.97,ETH
2026-01-06 08:18:27+00:00,2026-01-06 08:24:35.938940+00:00,207.0,3220.741,3220.46,3220.96,ETH
2026-01-06 08:18:28+00:00,2026-01-06 08:24:36.969031+00:00,208.0,3220.731,3220.44,3220.95,ETH
2026-01-06 08:18:29+00:00,2026-01-06 08:24:37.969236+00:00,209.0,3220.721,3220.41,3220.96,ETH
2026-01-06 08:18:30+00:00,2026-01-06 08:24:38.988054+00:00,210.0,3220.721,3220.4,3220.98,ETH
2026-01-06 08:18:31+00:00,2026-01-06 08:24:40.003914+00:00,211.0,3220.711,3220.39,3220.95,ETH
2026-01-06 08:18:32+00:00,2026-01-06 08:24:41.018715+00:00,212.0,3220.711,3220.39,3220.96,ETH
2026-01-06 08:18:33+00:00,2026-01-06 08:24:42.017719+00:00,213.0,3220.711,3220.39,3220.99,ETH
2026-01-06 08:18:34+00:00,2026-01-06 08:24:43.038890+00:00,214.0,3220.681,3220.39,3220.98,ETH
2026-01-06 08:18:35+00:00,2026-01-06 08:24:44.024918+00:00,215.0,3220.501,3220.37,3220.86,ETH
2026-01-06 08:18:36+00:00,2026-01-06 08:24:45.037270+00:00,216.0,3220.351,3220.27,3220.7,ETH
2026-01-06 08:18:37+00:00,2026-01-06 08:24:46.040045+00:00,217.0,3220.351,3220.1,3220.62,ETH
2026-01-06 08:18:38+00:00,2026-01-06 08:24:47.056893+00:00,218.0,3220.351,3220.02,3220.61,ETH
2026-01-06 08:18:39+00:00,2026-01-06 08:24:48.053027+00:00,219.0,3220.351,3220.02,3220.59,ETH
2026-01-06 08:18:40+00:00,2026-01-06 08:24:49.067885+00:00,220.0,3220.351,3220.03,3220.54,ETH
2026-01-06 08:18:41+00:00,2026-01-06 08:24:50.055802+00:00,221.0,3220.341,3220.07,3220.54,ETH
2026-01-06 08:18:42+00:00,2026-01-06 08:24:51.069552+00:00,222.0,3220.441,3220.16,3220.59,ETH
2026-01-06 08:18:43+00:00,2026-01-06 08:24:52.068618+00:00,223.0,3220.531,3220.21,3220.6,ETH
2026-01-06 08:18:44+00:00,2026-01-06 08:24:53.076716+00:00,224.0,3220.541,3220.21,3220.61,ETH
2026-01-06 08:18:45+00:00,2026-01-06 08:24:54.084953+00:00,225.0,3220.541,3220.21,3220.62,ETH
2026-01-06 08:18:46+00:00,2026-01-06 08:24:55.094922+00:00,226.0,3220.551,3220.22,3220.67,ETH
2026-01-06 08:18:47+00:00,2026-01-06 08:24:56.095264+00:00,227.0,3220.571,3220.23,3220.7,ETH
2026-01-06 08:18:48+00:00,2026-01-06 08:24:57.103842+00:00,228.0,3220.571,3220.24,3220.7,ETH
2026-01-06 08:18:49+00:00,2026-01-06 08:24:58.124908+00:00,229.0,3220.571,3220.24,3220.71,ETH
2026-01-06 08:18:50+00:00,2026-01-06 08:24:59.135154+00:00,230.0,3220.571,3220.24,3220.72,ETH
2026-01-06 08:18:51+00:00,2026-01-06 08:25:00.150271+00:00,231.0,3220.571,3220.24,3220.76,ETH
2026-01-06 08:18:52+00:00,2026-01-06 08:25:01.148113+00:00,232.0,3220.571,3220.24,3220.74,ETH
2026-01-06 08:18:53+00:00,2026-01-06 08:25:02.145677+00:00,233.0,3220.571,3220.24,3220.71,ETH
2026-01-06 08:18:54+00:00,2026-01-06 08:25:03.151515+00:00,234.0,3220.571,3220.24,3220.74,ETH
2026-01-06 08:18:55+00:00,2026-01-06 08:25:04.164448+00:00,235.0,3220.571,3220.23,3220.76,ETH
2026-01-06 08:18:56+00:00,2026-01-06 08:25:05.169300+00:00,236.0,3220.571,3220.24,3220.71,ETH
2026-01-06 08:18:57+00:00,2026-01-06 08:25:06.171282+00:00,237.0,3220.581,3220.24,3220.74,ETH
2026-01-06 08:18:58+00:00,2026-01-06 08:25:07.168586+00:00,238.0,3220.581,3220.24,3220.74,ETH
2026-01-06 08:18:59+00:00,2026-01-06 08:25:08.185246+00:00,239.0,3220.571,3220.23,3220.8,ETH
2026-01-06 08:19:00+00:00,2026-01-06 08:25:09.208521+00:00,240.0,3220.671,3220.4,3220.91,ETH
2026-01-06 08:19:01+00:00,2026-01-06 08:25:10.199539+00:00,241.0,3220.851,3220.62,3220.95,ETH
2026-01-06 08:19:02+00:00,2026-01-06 08:25:11.200195+00:00,242.0,3221.201,3220.95,3221.31,ETH
2026-01-06 08:19:03+00:00,2026-01-06 08:25:12.212731+00:00,243.0,3221.601,3221.32,3221.73,ETH
2026-01-06 08:19:04+00:00,2026-01-06 08:25:14.224505+00:00,244.0,3221.931,3221.86,3222.08,ETH
2026-01-06 08:19:05+00:00,2026-01-06 08:25:15.228591+00:00,245.0,3221.891,3221.85,3222.08,ETH
2026-01-06 08:19:06+00:00,2026-01-06 08:25:16.238539+00:00,246.0,3221.921,3221.88,3222.09,ETH
2026-01-06 08:19:08+00:00,2026-01-06 08:25:17.278975+00:00,248.0,3222.141,3221.94,3222.39,ETH
2026-01-06 08:19:09+00:00,2026-01-06 08:25:18.270747+00:00,249.0,3222.141,3222.09,3222.43,ETH
2026-01-06 08:19:10+00:00,2026-01-06 08:25:19.312226+00:00,250.0,3222.151,3222.09,3222.41,ETH
2026-01-06 08:19:11+00:00,2026-01-06 08:25:20.287872+00:00,251.0,3222.061,3222.02,3222.4,ETH
2026-01-06 08:19:12+00:00,2026-01-06 08:25:21.286234+00:00,252.0,3222.061,3222.03,3222.4,ETH
2026-01-06 08:19:13+00:00,2026-01-06 08:25:22.299047+00:00,253.0,3222.061,3222.03,3222.4,ETH
2026-01-06 08:19:14+00:00,2026-01-06 08:25:23.293763+00:00,254.0,3222.281,3222.11,3222.4,ETH
2026-01-06 08:19:15+00:00,2026-01-06 08:25:24.338006+00:00,255.0,3221.841,3221.69,3222.04,ETH
2026-01-06 08:19:16+00:00,2026-01-06 08:25:26.365104+00:00,256.0,3221.721,3221.65,3221.9,ETH
2026-01-06 08:19:17+00:00,2026-01-06 08:25:27.374904+00:00,257.0,3221.721,3221.64,3221.89,ETH
2026-01-06 08:19:18+00:00,2026-01-06 08:25:28.388012+00:00,258.0,3221.721,3221.63,3221.9,ETH
2026-01-06 08:19:19+00:00,2026-01-06 08:25:29.388636+00:00,259.0,3221.711,3221.64,3221.92,ETH
2026-01-06 08:19:20+00:00,2026-01-06 08:25:30.403866+00:00,260.0,3221.711,3221.62,3221.92,ETH
2026-01-06 08:19:21+00:00,2026-01-06 08:25:31.403989+00:00,261.0,3221.711,3221.6,3221.91,ETH
2026-01-06 08:19:22+00:00,2026-01-06 08:25:32.418996+00:00,262.0,3221.591,3221.51,3221.8,ETH
2026-01-06 08:19:23+00:00,2026-01-06 08:25:33.428521+00:00,263.0,3221.501,3221.41,3221.7,ETH
2026-01-06 08:19:24+00:00,2026-01-06 08:25:34.433266+00:00,264.0,3221.511,3221.42,3221.7,ETH
2026-01-06 08:19:25+00:00,2026-01-06 08:25:35.435404+00:00,265.0,3221.491,3221.43,3221.7,ETH
2026-01-06 08:19:26+00:00,2026-01-06 08:25:36.450492+00:00,266.0,3221.481,3221.43,3221.7,ETH
2026-01-06 08:19:27+00:00,2026-01-06 08:25:37.464697+00:00,267.0,3221.481,3221.42,3221.7,ETH
2026-01-06 08:19:28+00:00,2026-01-06 08:25:38.467777+00:00,268.0,3221.491,3221.42,3221.7,ETH
2026-01-06 08:19:29+00:00,2026-01-06 08:25:39.472371+00:00,269.0,3221.501,3221.42,3221.7,ETH
2026-01-06 08:19:30+00:00,2026-01-06 08:25:40.485261+00:00,270.0,3221.501,3221.42,3221.7,ETH
2026-01-06 08:19:31+00:00,2026-01-06 08:25:41.499852+00:00,271.0,3221.501,3221.42,3221.7,ETH
2026-01-06 08:19:32+00:00,2026-01-06 08:25:42.504329+00:00,272.0,3221.541,3221.45,3221.7,ETH
2026-01-06 08:19:33+00:00,2026-01-06 08:25:43.517484+00:00,273.0,3221.551,3221.48,3221.7,ETH
2026-01-06 08:19:34+00:00,2026-01-06 08:25:44.519424+00:00,274.0,3221.521,3221.48,3221.7,ETH
2026-01-06 08:19:35+00:00,2026-01-06 08:25:45.536426+00:00,275.0,3221.531,3221.49,3221.7,ETH
2026-01-06 08:19:36+00:00,2026-01-06 08:25:46.535114+00:00,276.0,3221.541,3221.5,3221.7,ETH
2026-01-06 08:19:37+00:00,2026-01-06 08:25:47.549108+00:00,277.0,3221.541,3221.51,3221.7,ETH
2026-01-06 08:19:38+00:00,2026-01-06 08:25:48.563892+00:00,278.0,3221.541,3221.5,3221.7,ETH
2026-01-06 08:19:39+00:00,2026-01-06 08:25:49.585874+00:00,279.0,3221.551,3221.52,3221.7,ETH
2026-01-06 08:19:40+00:00,2026-01-06 08:25:50.608798+00:00,280.0,3221.621,3221.53,3221.71,ETH
2026-01-06 08:19:41+00:00,2026-01-06 08:25:51.618949+00:00,281.0,3221.651,3221.29,3221.74,ETH
2026-01-06 08:19:42+00:00,2026-01-06 08:25:52.624915+00:00,282.0,3221.651,3221.29,3221.73,ETH
2026-01-06 08:19:43+00:00,2026-01-06 08:25:53.647964+00:00,283.0,3221.651,3221.29,3221.7,ETH
2026-01-06 08:19:44+00:00,2026-01-06 08:25:54.646718+00:00,284.0,3221.551,3221.28,3221.7,ETH
2026-01-06 08:19:45+00:00,2026-01-06 08:25:55.650800+00:00,285.0,3221.171,3221.11,3221.4,ETH
2026-01-06 08:19:46+00:00,2026-01-06 08:25:56.663684+00:00,286.0,3221.231,3220.86,3221.34,ETH
2026-01-06 08:19:47+00:00,2026-01-06 08:25:57.711258+00:00,287.0,3221.211,3220.85,3221.36,ETH
2026-01-06 08:19:48+00:00,2026-01-06 08:25:58.704227+00:00,288.0,3221.261,3220.93,3221.4,ETH
2026-01-06 08:19:49+00:00,2026-01-06 08:25:59.715137+00:00,289.0,3221.291,3221.0,3221.42,ETH
2026-01-06 08:19:50+00:00,2026-01-06 08:26:00.727225+00:00,290.0,3221.311,3221.0,3221.49,ETH
2026-01-06 08:19:51+00:00,2026-01-06 08:26:01.753406+00:00,291.0,3221.341,3221.0,3221.57,ETH
2026-01-06 08:19:52+00:00,2026-01-06 08:26:02.749706+00:00,292.0,3221.321,3221.0,3221.5,ETH
2026-01-06 08:19:53+00:00,2026-01-06 08:26:03.763049+00:00,293.0,3221.301,3221.0,3221.42,ETH
2026-01-06 08:19:54+00:00,2026-01-06 08:26:04.767786+00:00,294.0,3221.291,3221.0,3221.42,ETH
2026-01-06 08:19:55+00:00,2026-01-06 08:26:05.771739+00:00,295.0,3221.301,3221.0,3221.42,ETH
2026-01-06 08:19:56+00:00,2026-01-06 08:26:06.762242+00:00,296.0,3221.301,3221.0,3221.42,ETH
2026-01-06 08:19:57+00:00,2026-01-06 08:26:07.764180+00:00,297.0,3221.301,3221.01,3221.42,ETH
2026-01-06 08:19:58+00:00,2026-01-06 08:26:08.781376+00:00,298.0,3221.311,3221.02,3221.42,ETH
2026-01-06 08:19:59+00:00,2026-01-06 08:26:09.804507+00:00,299.0,3221.321,3221.02,3221.42,ETH
2026-01-06 08:20:00+00:00,2026-01-06 08:26:10.781625+00:00,300.0,3221.331,3221.03,3221.47,ETH
2026-01-06 08:20:01+00:00,2026-01-06 08:26:11.783848+00:00,301.0,3221.341,3221.03,3221.51,ETH
2026-01-06 08:20:02+00:00,2026-01-06 08:26:12.798636+00:00,302.0,3221.361,3221.03,3221.51,ETH
2026-01-06 08:20:03+00:00,2026-01-06 08:26:13.799652+00:00,303.0,3221.371,3221.03,3221.51,ETH
2026-01-06 08:20:04+00:00,2026-01-06 08:26:14.802610+00:00,304.0,3221.331,3221.03,3221.51,ETH
2026-01-06 08:20:05+00:00,2026-01-06 08:26:15.803231+00:00,305.0,3221.351,3221.01,3221.52,ETH
2026-01-06 08:20:06+00:00,2026-01-06 08:26:16.818524+00:00,306.0,3221.341,3221.01,3221.48,ETH
2026-01-06 08:20:07+00:00,2026-01-06 08:26:17.817008+00:00,307.0,3221.351,3221.01,3221.48,ETH
2026-01-06 08:20:08+00:00,2026-01-06 08:26:18.834568+00:00,308.0,3221.351,3221.02,3221.48,ETH
2026-01-06 08:20:09+00:00,2026-01-06 08:26:19.834492+00:00,309.0,3221.341,3221.02,3221.48,ETH
2026-01-06 08:20:10+00:00,2026-01-06 08:26:20.835879+00:00,310.0,3221.331,3221.02,3221.48,ETH
2026-01-06 08:20:11+00:00,2026-01-06 08:26:21.852187+00:00,311.0,3221.321,3221.26,3221.48,ETH
2026-01-06 08:20:12+00:00,2026-01-06 08:26:22.848282+00:00,312.0,3221.331,3221.26,3221.48,ETH
2026-01-06 08:20:13+00:00,2026-01-06 08:26:23.848577+00:00,313.0,3221.341,3221.26,3221.48,ETH
2026-01-06 08:20:14+00:00,2026-01-06 08:26:24.850920+00:00,314.0,3221.291,3221.0,3221.48,ETH
2026-01-06 08:20:15+00:00,2026-01-06 08:26:25.851966+00:00,315.0,3221.281,3220.99,3221.42,ETH
2026-01-06 08:20:16+00:00,2026-01-06 08:26:26.847790+00:00,316.0,3221.281,3220.98,3221.37,ETH
2026-01-06 08:20:17+00:00,2026-01-06 08:26:27.850174+00:00,317.0,3221.281,3220.96,3221.32,ETH
2026-01-06 08:20:18+00:00,2026-01-06 08:26:28.850586+00:00,318.0,3221.141,3221.0,3221.37,ETH
2026-01-06 08:20:19+00:00,2026-01-06 08:26:29.854898+00:00,319.0,3221.141,3221.0,3221.48,ETH
2026-01-06 08:20:20+00:00,2026-01-06 08:26:30.868923+00:00,320.0,3221.161,3221.03,3221.48,ETH
2026-01-06 08:20:21+00:00,2026-01-06 08:26:31.854153+00:00,321.0,3221.191,3221.03,3221.48,ETH
2026-01-06 08:20:22+00:00,2026-01-06 08:26:32.884418+00:00,322.0,3221.301,3221.03,3221.39,ETH
2026-01-06 08:20:23+00:00,2026-01-06 08:26:33.883793+00:00,323.0,3221.321,3221.03,3221.39,ETH
2026-01-06 08:20:24+00:00,2026-01-06 08:26:34.887352+00:00,324.0,3221.201,3221.03,3221.39,ETH
2026-01-06 08:20:25+00:00,2026-01-06 08:26:35.895927+00:00,325.0,3221.231,3220.93,3221.31,ETH
2026-01-06 08:20:26+00:00,2026-01-06 08:26:36.897567+00:00,326.0,3221.221,3220.93,3221.31,ETH
2026-01-06 08:20:27+00:00,2026-01-06 08:26:38.914157+00:00,327.0,3221.151,3220.89,3221.34,ETH
2026-01-06 08:20:28+00:00,2026-01-06 08:26:39.914720+00:00,328.0,3221.231,3220.89,3221.39,ETH
2026-01-06 08:20:29+00:00,2026-01-06 08:26:40.914615+00:00,329.0,3221.191,3220.93,3221.34,ETH
2026-01-06 08:20:30+00:00,2026-01-06 08:26:41.916257+00:00,330.0,3221.151,3220.97,3221.29,ETH
2026-01-06 08:20:31+00:00,2026-01-06 08:26:42.934562+00:00,331.0,3221.151,3220.98,3221.3,ETH
2026-01-06 08:20:32+00:00,2026-01-06 08:26:43.930660+00:00,332.0,3221.161,3220.98,3221.31,ETH
2026-01-06 08:20:33+00:00,2026-01-06 08:26:44.932598+00:00,333.0,3221.151,3220.98,3221.31,ETH
2026-01-06 08:20:34+00:00,2026-01-06 08:26:45.948504+00:00,334.0,3221.131,3220.96,3221.31,ETH
2026-01-06 08:20:35+00:00,2026-01-06 08:26:46.962777+00:00,335.0,3221.161,3220.93,3221.31,ETH
2026-01-06 08:20:36+00:00,2026-01-06 08:26:47.966367+00:00,336.0,3221.191,3220.93,3221.31,ETH
2026-01-06 08:20:37+00:00,2026-01-06 08:26:48.978677+00:00,337.0,3221.051,3220.79,3221.14,ETH
2026-01-06 08:20:38+00:00,2026-01-06 08:26:49.998240+00:00,338.0,3220.941,3220.65,3220.98,ETH
2026-01-06 08:20:39+00:00,2026-01-06 08:26:51.004309+00:00,339.0,3220.941,3220.65,3220.99,ETH
2026-01-06 08:20:40+00:00,2026-01-06 08:26:52.020443+00:00,340.0,3220.871,3220.63,3220.93,ETH
2026-01-06 08:20:41+00:00,2026-01-06 08:26:53.017935+00:00,341.0,3220.821,3220.63,3220.92,ETH
2026-01-06 08:20:42+00:00,2026-01-06 08:26:54.016229+00:00,342.0,3220.831,3220.64,3220.99,ETH
2026-01-06 08:20:43+00:00,2026-01-06 08:26:55.034782+00:00,343.0,3220.831,3220.64,3220.99,ETH
2026-01-06 08:20:44+00:00,2026-01-06 08:26:56.031039+00:00,344.0,3220.831,3220.64,3220.99,ETH
2026-01-06 08:20:45+00:00,2026-01-06 08:26:57.047465+00:00,345.0,3220.831,3220.64,3220.99,ETH
2026-01-06 08:20:46+00:00,2026-01-06 08:26:58.046666+00:00,346.0,3220.851,3220.65,3220.99,ETH
2026-01-06 08:20:47+00:00,2026-01-06 08:26:59.053062+00:00,347.0,3220.871,3220.66,3220.99,ETH
2026-01-06 08:20:48+00:00,2026-01-06 08:27:00.058542+00:00,348.0,3220.871,3220.67,3221.05,ETH
2026-01-06 08:20:49+00:00,2026-01-06 08:27:01.090020+00:00,349.0,3220.871,3220.65,3221.1,ETH
2026-01-06 08:20:50+00:00,2026-01-06 08:27:02.096595+00:00,350.0,3220.821,3220.64,3221.05,ETH
2026-01-06 08:20:51+00:00,2026-01-06 08:27:03.096284+00:00,351.0,3220.841,3220.64,3220.99,ETH
2026-01-06 08:20:52+00:00,2026-01-06 08:27:04.113186+00:00,352.0,3220.731,3220.58,3220.9,ETH
2026-01-06 08:20:53+00:00,2026-01-06 08:27:05.183856+00:00,353.0,3220.571,3220.41,3220.73,ETH
2026-01-06 08:20:54+00:00,2026-01-06 08:27:06.167413+00:00,354.0,3220.561,3220.3,3220.65,ETH
2026-01-06 08:20:55+00:00,2026-01-06 08:27:07.181678+00:00,355.0,3220.501,3220.29,3220.63,ETH
2026-01-06 08:20:56+00:00,2026-01-06 08:27:08.200936+00:00,356.0,3220.541,3220.27,3220.64,ETH
2026-01-06 08:20:57+00:00,2026-01-06 08:27:09.216606+00:00,357.0,3220.611,3220.26,3220.67,ETH
2026-01-06 08:20:58+00:00,2026-01-06 08:27:10.230046+00:00,358.0,3220.531,3220.24,3220.59,ETH
2026-01-06 08:20:59+00:00,2026-01-06 08:27:11.233897+00:00,359.0,3220.371,3220.09,3220.45,ETH
2026-01-06 08:21:00+00:00,2026-01-06 08:27:12.245045+00:00,360.0,3220.301,3219.96,3220.36,ETH
2026-01-06 08:21:01+00:00,2026-01-06 08:27:13.258040+00:00,361.0,3220.301,3219.96,3220.34,ETH
2026-01-06 08:21:02+00:00,2026-01-06 08:27:14.265513+00:00,362.0,3220.181,3219.92,3220.26,ETH
2026-01-06 08:21:03+00:00,2026-01-06 08:27:15.282868+00:00,363.0,3219.891,3219.81,3220.02,ETH
2026-01-06 08:21:04+00:00,2026-01-06 08:27:16.283801+00:00,364.0,3220.041,3219.95,3220.16,ETH
2026-01-06 08:21:05+00:00,2026-01-06 08:27:17.291976+00:00,365.0,3220.541,3220.27,3220.67,ETH
2026-01-06 08:21:06+00:00,2026-01-06 08:27:18.283547+00:00,366.0,3220.781,3220.44,3220.96,ETH
2026-01-06 08:21:07+00:00,2026-01-06 08:27:19.287873+00:00,367.0,3220.811,3220.5,3221.06,ETH
2026-01-06 08:21:08+00:00,2026-01-06 08:27:20.282823+00:00,368.0,3220.801,3220.49,3221.03,ETH
2026-01-06 08:21:09+00:00,2026-01-06 08:27:21.281999+00:00,369.0,3220.801,3220.48,3221.0,ETH
2026-01-06 08:21:10+00:00,2026-01-06 08:27:22.292941+00:00,370.0,3220.791,3220.47,3220.95,ETH
2026-01-06 08:21:11+00:00,2026-01-06 08:27:23.311566+00:00,371.0,3220.761,3220.42,3220.87,ETH
2026-01-06 08:21:12+00:00,2026-01-06 08:27:24.299931+00:00,372.0,3220.631,3220.35,3220.79,ETH
2026-01-06 08:21:13+00:00,2026-01-06 08:27:25.311843+00:00,373.0,3220.431,3220.23,3220.62,ETH
2026-01-06 08:21:14+00:00,2026-01-06 08:27:26.328058+00:00,374.0,3220.341,3220.08,3220.6,ETH
2026-01-06 08:21:15+00:00,2026-01-06 08:27:27.326871+00:00,375.0,3220.341,3220.02,3220.64,ETH
2026-01-06 08:21:16+00:00,2026-01-06 08:27:28.336609+00:00,376.0,3220.341,3220.02,3220.52,ETH
2026-01-06 08:21:17+00:00,2026-01-06 08:27:29.315675+00:00,377.0,3220.341,3220.02,3220.39,ETH
2026-01-06 08:21:18+00:00,2026-01-06 08:27:30.329852+00:00,378.0,3220.341,3220.02,3220.39,ETH
2026-01-06 08:21:19+00:00,2026-01-06 08:27:31.330394+00:00,379.0,3220.341,3220.02,3220.39,ETH
2026-01-06 08:21:20+00:00,2026-01-06 08:27:32.339050+00:00,380.0,3220.341,3220.02,3220.4,ETH
2026-01-06 08:21:21+00:00,2026-01-06 08:27:33.332480+00:00,381.0,3220.331,3220.02,3220.4,ETH
2026-01-06 08:21:22+00:00,2026-01-06 08:27:34.342367+00:00,382.0,3220.331,3220.02,3220.39,ETH
2026-01-06 08:21:23+00:00,2026-01-06 08:27:35.347396+00:00,383.0,3220.321,3220.02,3220.37,ETH
2026-01-06 08:21:24+00:00,2026-01-06 08:27:36.349245+00:00,384.0,3220.321,3220.01,3220.36,ETH
2026-01-06 08:21:25+00:00,2026-01-06 08:27:37.347737+00:00,385.0,3220.331,3220.01,3220.37,ETH
2026-01-06 08:21:26+00:00,2026-01-06 08:27:38.351921+00:00,386.0,3220.321,3220.01,3220.36,ETH
2026-01-06 08:21:27+00:00,2026-01-06 08:27:39.366186+00:00,387.0,3220.301,3220.0,3220.34,ETH
2026-01-06 08:21:28+00:00,2026-01-06 08:27:40.366245+00:00,388.0,3220.301,3219.98,3220.35,ETH
2026-01-06 08:21:29+00:00,2026-01-06 08:27:41.362164+00:00,389.0,3220.311,3219.97,3220.36,ETH
2026-01-06 08:21:30+00:00,2026-01-06 08:27:42.384677+00:00,390.0,3220.321,3220.04,3220.51,ETH
2026-01-06 08:21:31+00:00,2026-01-06 08:27:43.380900+00:00,391.0,3220.481,3220.21,3220.7,ETH
2026-01-06 08:21:32+00:00,2026-01-06 08:27:44.385774+00:00,392.0,3220.451,3220.12,3220.52,ETH
2026-01-06 08:21:33+00:00,2026-01-06 08:27:45.401567+00:00,393.0,3220.061,3219.86,3220.11,ETH
2026-01-06 08:21:34+00:00,2026-01-06 08:27:46.412178+00:00,394.0,3219.841,3219.69,3219.9,ETH
2026-01-06 08:21:35+00:00,2026-01-06 08:27:47.415323+00:00,395.0,3219.811,3219.61,3219.89,ETH
2026-01-06 08:21:36+00:00,2026-01-06 08:27:48.426662+00:00,396.0,3219.811,3219.61,3219.89,ETH
2026-01-06 08:21:37+00:00,2026-01-06 08:27:49.429823+00:00,397.0,3219.811,3219.61,3219.89,ETH
2026-01-06 08:21:38+00:00,2026-01-06 08:27:50.409766+00:00,398.0,3219.731,3219.55,3219.89,ETH
2026-01-06 08:21:39+00:00,2026-01-06 08:27:51.429270+00:00,399.0,3219.651,3219.49,3219.89,ETH
2026-01-06 08:21:40+00:00,2026-01-06 08:27:52.460155+00:00,400.0,3219.731,3219.56,3219.89,ETH
2026-01-06 08:21:41+00:00,2026-01-06 08:27:53.462253+00:00,401.0,3219.731,3219.57,3219.89,ETH
2026-01-06 08:21:42+00:00,2026-01-06 08:27:54.489946+00:00,402.0,3219.721,3219.57,3219.89,ETH
2026-01-06 08:21:43+00:00,2026-01-06 08:27:55.528062+00:00,403.0,3219.781,3219.59,3219.89,ETH
2026-01-06 08:21:44+00:00,2026-01-06 08:27:56.535813+00:00,404.0,3219.811,3219.57,3219.89,ETH
2026-01-06 08:21:45+00:00,2026-01-06 08:27:57.531912+00:00,405.0,3219.861,3219.57,3219.91,ETH
2026-01-06 08:21:46+00:00,2026-01-06 08:27:58.533754+00:00,406.0,3219.891,3219.57,3219.93,ETH
2026-01-06 08:21:47+00:00,2026-01-06 08:27:59.555716+00:00,407.0,3219.821,3219.57,3219.91,ETH
2026-01-06 08:21:48+00:00,2026-01-06 08:28:00.579432+00:00,408.0,3219.771,3219.57,3219.89,ETH
2026-01-06 08:21:49+00:00,2026-01-06 08:28:01.579306+00:00,409.0,3219.771,3219.57,3219.89,ETH
2026-01-06 08:21:50+00:00,2026-01-06 08:28:02.577944+00:00,410.0,3219.781,3219.57,3219.89,ETH
2026-01-06 08:21:51+00:00,2026-01-06 08:28:03.577302+00:00,411.0,3219.791,3219.57,3219.89,ETH
2026-01-06 08:21:52+00:00,2026-01-06 08:28:04.589013+00:00,412.0,3219.791,3219.57,3219.89,ETH
2026-01-06 08:21:53+00:00,2026-01-06 08:28:05.595505+00:00,413.0,3219.781,3219.57,3219.89,ETH
2026-01-06 08:21:54+00:00,2026-01-06 08:28:06.600129+00:00,414.0,3219.771,3219.58,3219.89,ETH
2026-01-06 08:21:55+00:00,2026-01-06 08:28:07.620536+00:00,415.0,3219.781,3219.58,3219.89,ETH
2026-01-06 08:21:56+00:00,2026-01-06 08:28:08.628904+00:00,416.0,3219.801,3219.58,3219.89,ETH
2026-01-06 08:21:57+00:00,2026-01-06 08:28:09.624116+00:00,417.0,3219.831,3219.57,3219.9,ETH
2026-01-06 08:21:58+00:00,2026-01-06 08:28:10.625016+00:00,418.0,3219.871,3219.57,3219.91,ETH
2026-01-06 08:21:59+00:00,2026-01-06 08:28:11.637913+00:00,419.0,3219.881,3219.58,3219.92,ETH
2026-01-06 08:22:00+00:00,2026-01-06 08:28:12.633776+00:00,420.0,3220.071,3219.84,3220.23,ETH
2026-01-06 08:22:01+00:00,2026-01-06 08:28:13.648360+00:00,421.0,3220.431,3220.23,3220.75,ETH
2026-01-06 08:22:02+00:00,2026-01-06 08:28:14.648576+00:00,422.0,3220.621,3220.38,3220.95,ETH
2026-01-06 08:22:03+00:00,2026-01-06 08:28:15.687322+00:00,423.0,3220.641,3220.38,3220.95,ETH
2026-01-06 08:22:04+00:00,2026-01-06 08:28:16.709703+00:00,424.0,3220.681,3220.38,3220.95,ETH
2026-01-06 08:22:05+00:00,2026-01-06 08:28:17.720065+00:00,425.0,3220.711,3220.38,3220.95,ETH
2026-01-06 08:22:06+00:00,2026-01-06 08:28:18.707117+00:00,426.0,3220.731,3220.38,3221.0,ETH
2026-01-06 08:22:07+00:00,2026-01-06 08:28:19.728356+00:00,427.0,3220.811,3220.54,3221.15,ETH
2026-01-06 08:22:08+00:00,2026-01-06 08:28:20.727611+00:00,428.0,3221.151,3220.99,3221.43,ETH
2026-01-06 08:22:09+00:00,2026-01-06 08:28:21.741488+00:00,429.0,3221.431,3221.27,3221.62,ETH
2026-01-06 08:22:10+00:00,2026-01-06 08:28:22.755259+00:00,430.0,3221.441,3221.27,3221.62,ETH
2026-01-06 08:22:11+00:00,2026-01-06 08:28:23.757300+00:00,431.0,3221.481,3221.3,3221.71,ETH
2026-01-06 08:22:12+00:00,2026-01-06 08:28:24.759706+00:00,432.0,3221.531,3221.33,3221.74,ETH
2026-01-06 08:22:13+00:00,2026-01-06 08:28:25.766088+00:00,433.0,3221.421,3221.29,3221.58,ETH
2026-01-06 08:22:14+00:00,2026-01-06 08:28:26.775808+00:00,434.0,3221.271,3221.16,3221.37,ETH
2026-01-06 08:22:15+00:00,2026-01-06 08:28:27.799984+00:00,435.0,3221.021,3220.93,3221.05,ETH
2026-01-06 08:22:16+00:00,2026-01-06 08:28:28.796796+00:00,436.0,3220.651,3220.57,3220.75,ETH
2026-01-06 08:22:17+00:00,2026-01-06 08:28:29.801688+00:00,437.0,3220.441,3220.18,3220.64,ETH
2026-01-06 08:22:18+00:00,2026-01-06 08:28:30.799519+00:00,438.0,3220.391,3220.0,3220.63,ETH
2026-01-06 08:22:19+00:00,2026-01-06 08:28:31.821603+00:00,439.0,3220.321,3219.88,3220.55,ETH
2026-01-06 08:22:20+00:00,2026-01-06 08:28:32.826827+00:00,440.0,3219.961,3219.58,3220.15,ETH
2026-01-06 08:22:21+00:00,2026-01-06 08:28:33.828040+00:00,441.0,3219.681,3219.38,3219.84,ETH
2026-01-06 08:22:22+00:00,2026-01-06 08:28:34.842224+00:00,442.0,3219.671,3219.37,3219.85,ETH
2026-01-06 08:22:23+00:00,2026-01-06 08:28:35.881552+00:00,443.0,3219.671,3219.37,3219.85,ETH
2026-01-06 08:22:24+00:00,2026-01-06 08:28:36.875115+00:00,444.0,3219.671,3219.37,3219.84,ETH
2026-01-06 08:22:25+00:00,2026-01-06 08:28:37.899773+00:00,445.0,3219.671,3219.38,3219.83,ETH
2026-01-06 08:22:26+00:00,2026-01-06 08:28:38.897413+00:00,446.0,3219.671,3219.38,3219.79,ETH
2026-01-06 08:22:27+00:00,2026-01-06 08:28:39.898594+00:00,447.0,3219.631,3219.37,3219.77,ETH
2026-01-06 08:22:28+00:00,2026-01-06 08:28:40.912894+00:00,448.0,3219.601,3219.34,3219.76,ETH
2026-01-06 08:22:29+00:00,2026-01-06 08:28:41.903459+00:00,449.0,3219.561,3219.32,3219.81,ETH
2026-01-06 08:22:30+00:00,2026-01-06 08:28:42.929576+00:00,450.0,3219.601,3219.42,3219.87,ETH
2026-01-06 08:22:31+00:00,2026-01-06 08:28:43.932392+00:00,451.0,3219.681,3219.52,3219.87,ETH
2026-01-06 08:22:32+00:00,2026-01-06 08:28:44.960574+00:00,452.0,3219.691,3219.55,3219.87,ETH
2026-01-06 08:22:33+00:00,2026-01-06 08:28:46.027253+00:00,453.0,3219.711,3219.54,3219.87,ETH
2026-01-06 08:22:34+00:00,2026-01-06 08:28:47.026933+00:00,454.0,3219.691,3219.52,3219.81,ETH
2026-01-06 08:22:35+00:00,2026-01-06 08:28:48.042643+00:00,455.0,3219.711,3219.49,3219.77,ETH
2026-01-06 08:22:36+00:00,2026-01-06 08:28:49.045645+00:00,456.0,3219.671,3219.46,3219.75,ETH
2026-01-06 08:22:37+00:00,2026-01-06 08:28:50.045671+00:00,457.0,3219.591,3219.38,3219.7,ETH
2026-01-06 08:22:38+00:00,2026-01-06 08:28:51.043373+00:00,458.0,3219.591,3219.29,3219.67,ETH
2026-01-06 08:22:39+00:00,2026-01-06 08:28:52.047550+00:00,459.0,3219.591,3219.28,3219.71,ETH
2026-01-06 08:22:40+00:00,2026-01-06 08:28:53.047936+00:00,460.0,3219.481,3219.26,3219.68,ETH
2026-01-06 08:22:41+00:00,2026-01-06 08:28:54.041839+00:00,461.0,3219.381,3219.24,3219.6,ETH
2026-01-06 08:22:42+00:00,2026-01-06 08:28:55.078135+00:00,462.0,3219.391,3219.25,3219.6,ETH
2026-01-06 08:22:43+00:00,2026-01-06 08:28:56.095306+00:00,463.0,3219.391,3219.25,3219.6,ETH
2026-01-06 08:22:44+00:00,2026-01-06 08:28:57.093430+00:00,464.0,3219.381,3219.25,3219.6,ETH
2026-01-06 08:22:45+00:00,2026-01-06 08:28:58.111434+00:00,465.0,3219.351,3219.25,3219.6,ETH
2026-01-06 08:22:46+00:00,2026-01-06 08:28:59.108125+00:00,466.0,3219.441,3219.24,3219.6,ETH
2026-01-06 08:22:47+00:00,2026-01-06 08:29:00.128115+00:00,467.0,3219.441,3219.23,3219.6,ETH
2026-01-06 08:22:49+00:00,2026-01-06 08:29:01.354781+00:00,469.0,3219.341,3219.22,3219.6,ETH
2026-01-06 08:22:50+00:00,2026-01-06 08:29:02.383011+00:00,470.0,3219.351,3219.25,3219.59,ETH
2026-01-06 08:22:51+00:00,2026-01-06 08:29:03.381371+00:00,471.0,3219.311,3219.25,3219.59,ETH
2026-01-06 08:22:52+00:00,2026-01-06 08:29:04.365011+00:00,472.0,3219.281,3219.23,3219.59,ETH
2026-01-06 08:22:53+00:00,2026-01-06 08:29:06.362464+00:00,473.0,3219.321,3219.23,3219.59,ETH
2026-01-06 08:22:54+00:00,2026-01-06 08:29:07.366135+00:00,474.0,3219.361,3219.23,3219.59,ETH
2026-01-06 08:22:55+00:00,2026-01-06 08:29:08.360514+00:00,475.0,3219.351,3219.27,3219.59,ETH
2026-01-06 08:22:56+00:00,2026-01-06 08:29:09.359985+00:00,476.0,3219.341,3219.3,3219.59,ETH
2026-01-06 08:22:57+00:00,2026-01-06 08:29:10.362373+00:00,477.0,3219.321,3219.28,3219.59,ETH
2026-01-06 08:22:58+00:00,2026-01-06 08:29:11.361596+00:00,478.0,3219.301,3219.27,3219.59,ETH
2026-01-06 08:22:59+00:00,2026-01-06 08:29:12.382022+00:00,479.0,3219.311,3219.28,3219.59,ETH
2026-01-06 08:23:00+00:00,2026-01-06 08:29:13.395355+00:00,480.0,3219.381,3219.34,3219.59,ETH
2026-01-06 08:23:01+00:00,2026-01-06 08:29:14.392838+00:00,481.0,3219.431,3219.39,3219.59,ETH
2026-01-06 08:23:02+00:00,2026-01-06 08:29:15.411405+00:00,482.0,3219.361,3219.29,3219.49,ETH
2026-01-06 08:23:03+00:00,2026-01-06 08:29:16.409106+00:00,483.0,3219.181,3219.12,3219.34,ETH
2026-01-06 08:23:04+00:00,2026-01-06 08:29:17.410740+00:00,484.0,3219.311,3219.23,3219.44,ETH
2026-01-06 08:23:05+00:00,2026-01-06 08:29:18.423996+00:00,485.0,3219.571,3219.42,3219.68,ETH
2026-01-06 08:23:06+00:00,2026-01-06 08:29:19.425369+00:00,486.0,3219.561,3219.45,3219.7,ETH
2026-01-06 08:23:07+00:00,2026-01-06 08:29:20.428597+00:00,487.0,3219.371,3219.31,3219.48,ETH
2026-01-06 08:23:08+00:00,2026-01-06 08:29:21.428105+00:00,488.0,3219.171,3219.14,3219.34,ETH
2026-01-06 08:23:09+00:00,2026-01-06 08:29:22.430216+00:00,489.0,3219.151,3219.14,3219.4,ETH
2026-01-06 08:23:10+00:00,2026-01-06 08:29:23.430317+00:00,490.0,3219.151,3219.14,3219.39,ETH
2026-01-06 08:23:11+00:00,2026-01-06 08:29:24.427808+00:00,491.0,3219.151,3219.14,3219.34,ETH
2026-01-06 08:23:12+00:00,2026-01-06 08:29:25.426842+00:00,492.0,3219.051,3219.0,3219.17,ETH
2026-01-06 08:23:13+00:00,2026-01-06 08:29:26.438916+00:00,493.0,3219.031,3218.91,3219.07,ETH
2026-01-06 08:23:14+00:00,2026-01-06 08:29:27.441664+00:00,494.0,3219.101,3218.97,3219.15,ETH
2026-01-06 08:23:15+00:00,2026-01-06 08:29:28.457976+00:00,495.0,3219.011,3218.92,3219.12,ETH
2026-01-06 08:23:16+00:00,2026-01-06 08:29:29.477779+00:00,496.0,3218.901,3218.87,3219.08,ETH
2026-01-06 08:23:17+00:00,2026-01-06 08:29:30.495160+00:00,497.0,3218.881,3218.87,3219.03,ETH
2026-01-06 08:23:18+00:00,2026-01-06 08:29:31.508125+00:00,498.0,3218.881,3218.87,3219.0,ETH
2026-01-06 08:23:19+00:00,2026-01-06 08:29:32.498404+00:00,499.0,3218.881,3218.85,3218.92,ETH
2026-01-06 08:23:20+00:00,2026-01-06 08:29:33.512874+00:00,500.0,3218.821,3218.8,3218.9,ETH
2026-01-06 08:23:21+00:00,2026-01-06 08:29:34.527698+00:00,501.0,3218.881,3218.86,3218.93,ETH
2026-01-06 08:23:22+00:00,2026-01-06 08:29:35.532338+00:00,502.0,3218.881,3218.87,3219.04,ETH
2026-01-06 08:23:23+00:00,2026-01-06 08:29:36.540962+00:00,503.0,3218.871,3218.87,3218.97,ETH
2026-01-06 08:23:24+00:00,2026-01-06 08:29:37.567351+00:00,504.0,3218.701,3218.65,3218.76,ETH
2026-01-06 08:23:25+00:00,2026-01-06 08:29:38.560179+00:00,505.0,3218.671,3218.63,3218.71,ETH
2026-01-06 08:23:26+00:00,2026-01-06 08:29:39.565233+00:00,506.0,3218.681,3218.65,3218.71,ETH
2026-01-06 08:23:27+00:00,2026-01-06 08:29:40.571077+00:00,507.0,3218.691,3218.66,3218.72,ETH
2026-01-06 08:23:28+00:00,2026-01-06 08:29:41.561901+00:00,508.0,3218.691,3218.66,3218.71,ETH
2026-01-06 08:23:29+00:00,2026-01-06 08:29:42.571018+00:00,509.0,3218.671,3218.65,3218.71,ETH
2026-01-06 08:23:30+00:00,2026-01-06 08:29:43.573411+00:00,510.0,3218.661,3218.64,3218.71,ETH
2026-01-06 08:23:31+00:00,2026-01-06 08:29:44.592023+00:00,511.0,3218.701,3218.7,3218.98,ETH
2026-01-06 08:23:32+00:00,2026-01-06 08:29:45.605572+00:00,512.0,3218.661,3218.63,3218.71,ETH
2026-01-06 08:23:33+00:00,2026-01-06 08:29:46.608303+00:00,513.0,3218.701,3218.7,3218.8,ETH
2026-01-06 08:23:34+00:00,2026-01-06 08:29:47.617933+00:00,514.0,3218.701,3218.7,3218.84,ETH
2026-01-06 08:23:35+00:00,2026-01-06 08:29:48.626209+00:00,515.0,3218.701,3218.7,3218.79,ETH
2026-01-06 08:23:36+00:00,2026-01-06 08:29:49.643536+00:00,516.0,3218.701,3218.7,3218.84,ETH
2026-01-06 08:23:37+00:00,2026-01-06 08:29:50.654894+00:00,517.0,3218.701,3218.7,3218.87,ETH
2026-01-06 08:23:38+00:00,2026-01-06 08:29:51.671052+00:00,518.0,3218.701,3218.7,3218.84,ETH
2026-01-06 08:23:39+00:00,2026-01-06 08:29:52.674747+00:00,519.0,3218.701,3218.7,3218.86,ETH
2026-01-06 08:23:40+00:00,2026-01-06 08:29:53.673412+00:00,520.0,3218.701,3218.7,3218.87,ETH
2026-01-06 08:23:41+00:00,2026-01-06 08:29:54.689230+00:00,521.0,3218.701,3218.7,3218.87,ETH
2026-01-06 08:23:42+00:00,2026-01-06 08:29:55.719377+00:00,522.0,3218.701,3218.7,3218.86,ETH
2026-01-06 08:23:43+00:00,2026-01-06 08:29:56.762782+00:00,523.0,3218.701,3218.7,3218.98,ETH
2026-01-06 08:23:44+00:00,2026-01-06 08:29:57.744741+00:00,524.0,3218.701,3218.52,3218.88,ETH
2026-01-06 08:23:45+00:00,2026-01-06 08:29:58.746006+00:00,525.0,3218.701,3218.51,3218.88,ETH
2026-01-06 08:23:46+00:00,2026-01-06 08:29:59.760339+00:00,526.0,3218.701,3218.52,3218.86,ETH
2026-01-06 08:23:47+00:00,2026-01-06 08:30:00.772101+00:00,527.0,3218.701,3218.51,3218.87,ETH
2026-01-06 08:23:48+00:00,2026-01-06 08:30:01.775329+00:00,528.0,3218.701,3218.51,3218.97,ETH
2026-01-06 08:23:49+00:00,2026-01-06 08:30:02.789105+00:00,529.0,3218.701,3218.55,3218.8,ETH
2026-01-06 08:23:50+00:00,2026-01-06 08:30:03.807035+00:00,530.0,3218.701,3218.55,3218.79,ETH
2026-01-06 08:23:51+00:00,2026-01-06 08:30:04.823007+00:00,531.0,3218.701,3218.55,3218.74,ETH
2026-01-06 08:23:52+00:00,2026-01-06 08:30:05.825945+00:00,532.0,3218.701,3218.55,3218.81,ETH
2026-01-06 08:23:53+00:00,2026-01-06 08:30:06.838918+00:00,533.0,3218.701,3218.54,3218.81,ETH
2026-01-06 08:23:54+00:00,2026-01-06 08:30:07.862811+00:00,534.0,3218.701,3218.53,3218.82,ETH
2026-01-06 08:23:55+00:00,2026-01-06 08:30:08.840262+00:00,535.0,3218.701,3218.53,3218.82,ETH
2026-01-06 08:23:56+00:00,2026-01-06 08:30:09.862174+00:00,536.0,3218.701,3218.54,3218.81,ETH
2026-01-06 08:23:57+00:00,2026-01-06 08:30:10.909837+00:00,537.0,3218.701,3218.54,3218.82,ETH
2026-01-06 08:23:58+00:00,2026-01-06 08:30:11.878648+00:00,538.0,3218.701,3218.54,3218.81,ETH
2026-01-06 08:23:59+00:00,2026-01-06 08:30:12.880975+00:00,539.0,3218.701,3218.54,3218.82,ETH
2026-01-06 08:24:00+00:00,2026-01-06 08:30:13.875641+00:00,540.0,3219.121,3218.88,3219.26,ETH
2026-01-06 08:24:01+00:00,2026-01-06 08:30:14.873959+00:00,541.0,3219.161,3218.9,3219.31,ETH
2026-01-06 08:24:02+00:00,2026-01-06 08:30:15.893157+00:00,542.0,3219.201,3218.91,3219.35,ETH
2026-01-06 08:24:03+00:00,2026-01-06 08:30:16.891304+00:00,543.0,3219.241,3218.92,3219.4,ETH
2026-01-06 08:24:04+00:00,2026-01-06 08:30:17.957677+00:00,544.0,3219.241,3218.92,3219.35,ETH
2026-01-06 08:24:05+00:00,2026-01-06 08:30:18.971012+00:00,545.0,3219.231,3218.9,3219.4,ETH
2026-01-06 08:24:06+00:00,2026-01-06 08:30:19.925549+00:00,546.0,3219.231,3218.9,3219.39,ETH
2026-01-06 08:24:07+00:00,2026-01-06 08:30:20.942354+00:00,547.0,3219.231,3218.91,3219.39,ETH
2026-01-06 08:24:08+00:00,2026-01-06 08:30:21.926173+00:00,548.0,3219.241,3218.91,3219.41,ETH
2026-01-06 08:24:09+00:00,2026-01-06 08:30:22.938633+00:00,549.0,3219.241,3218.92,3219.4,ETH
2026-01-06 08:24:10+00:00,2026-01-06 08:30:23.955626+00:00,550.0,3219.241,3218.92,3219.4,ETH
2026-01-06 08:24:11+00:00,2026-01-06 08:30:24.964257+00:00,551.0,3219.241,3218.92,3219.4,ETH
2026-01-06 08:24:12+00:00,2026-01-06 08:30:25.972146+00:00,552.0,3219.241,3218.92,3219.47,ETH
2026-01-06 08:24:13+00:00,2026-01-06 08:30:26.987684+00:00,553.0,3219.411,3219.1,3219.61,ETH
2026-01-06 08:24:14+00:00,2026-01-06 08:30:27.992998+00:00,554.0,3219.581,3219.26,3219.66,ETH
2026-01-06 08:24:15+00:00,2026-01-06 08:30:29.023858+00:00,555.0,3219.571,3219.25,3219.66,ETH
2026-01-06 08:24:16+00:00,2026-01-06 08:30:30.004119+00:00,556.0,3219.521,3219.23,3219.66,ETH
2026-01-06 08:24:17+00:00,2026-01-06 08:30:31.001579+00:00,557.0,3219.431,3219.21,3219.65,ETH
2026-01-06 08:24:18+00:00,2026-01-06 08:30:33.007496+00:00,558.0,3219.351,3219.13,3219.39,ETH
2026-01-06 08:24:19+00:00,2026-01-06 08:30:34.007754+00:00,559.0,3219.231,3219.09,3219.39,ETH
2026-01-06 08:24:20+00:00,2026-01-06 08:30:35.022177+00:00,560.0,3219.081,3218.98,3219.27,ETH
2026-01-06 08:24:21+00:00,2026-01-06 08:30:36.023413+00:00,561.0,3218.951,3218.85,3219.05,ETH
2026-01-06 08:24:22+00:00,2026-01-06 08:30:37.024006+00:00,562.0,3218.851,3218.8,3218.94,ETH
2026-01-06 08:24:23+00:00,2026-01-06 08:30:38.025269+00:00,563.0,3218.801,3218.69,3218.93,ETH
2026-01-06 08:24:24+00:00,2026-01-06 08:30:39.028008+00:00,564.0,3218.741,3218.51,3218.89,ETH
2026-01-06 08:24:25+00:00,2026-01-06 08:30:40.042357+00:00,565.0,3218.581,3218.42,3218.85,ETH
2026-01-06 08:24:26+00:00,2026-01-06 08:30:41.060634+00:00,566.0,3218.431,3218.39,3218.79,ETH
2026-01-06 08:24:27+00:00,2026-01-06 08:30:42.073187+00:00,567.0,3218.431,3218.38,3218.74,ETH
2026-01-06 08:24:28+00:00,2026-01-06 08:30:43.087402+00:00,568.0,3218.431,3218.38,3218.74,ETH
2026-01-06 08:24:29+00:00,2026-01-06 08:30:44.091190+00:00,569.0,3218.431,3218.38,3218.74,ETH
2026-01-06 08:24:30+00:00,2026-01-06 08:30:45.142335+00:00,570.0,3218.561,3218.38,3218.74,ETH
2026-01-06 08:24:31+00:00,2026-01-06 08:30:46.103646+00:00,571.0,3218.561,3218.49,3218.61,ETH
2026-01-06 08:24:32+00:00,2026-01-06 08:30:47.104295+00:00,572.0,3218.561,3218.49,3218.64,ETH
2026-01-06 08:24:33+00:00,2026-01-06 08:30:48.171979+00:00,573.0,3218.561,3218.49,3218.65,ETH
2026-01-06 08:24:34+00:00,2026-01-06 08:30:49.140357+00:00,574.0,3218.521,3218.31,3218.57,ETH
2026-01-06 08:24:35+00:00,2026-01-06 08:30:50.201131+00:00,575.0,3218.561,3218.49,3218.62,ETH
2026-01-06 08:24:36+00:00,2026-01-06 08:30:51.199158+00:00,576.0,3218.561,3218.49,3218.63,ETH
2026-01-06 08:24:37+00:00,2026-01-06 08:30:52.181760+00:00,577.0,3218.561,3218.49,3218.65,ETH
2026-01-06 08:24:38+00:00,2026-01-06 08:30:53.231082+00:00,578.0,3218.561,3218.49,3218.67,ETH
2026-01-06 08:24:39+00:00,2026-01-06 08:30:54.208171+00:00,579.0,3218.561,3218.54,3218.7,ETH
2026-01-06 08:24:40+00:00,2026-01-06 08:30:55.258222+00:00,580.0,3218.571,3218.56,3218.71,ETH
2026-01-06 08:24:41+00:00,2026-01-06 08:30:56.310888+00:00,581.0,3218.701,3218.64,3218.89,ETH
2026-01-06 08:24:42+00:00,2026-01-06 08:30:57.324364+00:00,582.0,3218.891,3218.79,3218.99,ETH
2026-01-06 08:24:43+00:00,2026-01-06 08:30:58.323004+00:00,583.0,3219.051,3218.88,3219.13,ETH
2026-01-06 08:24:44+00:00,2026-01-06 08:30:59.339266+00:00,584.0,3219.191,3218.93,3219.27,ETH
2026-01-06 08:24:45+00:00,2026-01-06 08:31:00.353185+00:00,585.0,3219.271,3218.98,3219.42,ETH
2026-01-06 08:24:46+00:00,2026-01-06 08:31:01.356173+00:00,586.0,3219.461,3219.14,3219.65,ETH
2026-01-06 08:24:47+00:00,2026-01-06 08:31:02.360269+00:00,587.0,3219.651,3219.37,3219.8,ETH
2026-01-06 08:24:48+00:00,2026-01-06 08:31:03.390445+00:00,588.0,3219.761,3219.47,3219.89,ETH
2026-01-06 08:24:49+00:00,2026-01-06 08:31:04.389516+00:00,589.0,3219.851,3219.52,3219.92,ETH
2026-01-06 08:24:50+00:00,2026-01-06 08:31:05.410016+00:00,590.0,3219.781,3219.52,3219.86,ETH
2026-01-06 08:24:51+00:00,2026-01-06 08:31:06.407720+00:00,591.0,3219.671,3219.47,3219.78,ETH
2026-01-06 08:24:52+00:00,2026-01-06 08:31:07.420015+00:00,592.0,3219.631,3219.45,3219.76,ETH
2026-01-06 08:24:53+00:00,2026-01-06 08:31:08.414955+00:00,593.0,3219.631,3219.44,3219.75,ETH
2026-01-06 08:24:54+00:00,2026-01-06 08:31:09.401122+00:00,594.0,3219.631,3219.43,3219.75,ETH
2026-01-06 08:24:55+00:00,2026-01-06 08:31:10.428315+00:00,595.0,3219.631,3219.43,3219.68,ETH
2026-01-06 08:24:56+00:00,2026-01-06 08:31:11.442019+00:00,596.0,3219.631,3219.42,3219.7,ETH
2026-01-06 08:24:57+00:00,2026-01-06 08:31:12.443398+00:00,597.0,3219.451,3219.37,3219.56,ETH
2026-01-06 08:24:58+00:00,2026-01-06 08:31:13.457068+00:00,598.0,3219.031,3219.01,3219.25,ETH
2026-01-06 08:24:59+00:00,2026-01-06 08:31:14.480855+00:00,599.0,3219.031,3218.96,3219.23,ETH
2026-01-06 08:25:00+00:00,2026-01-06 08:31:15.488417+00:00,600.0,3219.021,3218.93,3219.23,ETH
2026-01-06 08:25:01+00:00,2026-01-06 08:31:16.488356+00:00,601.0,3219.021,3218.93,3219.11,ETH
2026-01-06 08:25:02+00:00,2026-01-06 08:31:17.509202+00:00,602.0,3218.981,3218.82,3219.02,ETH
2026-01-06 08:25:03+00:00,2026-01-06 08:31:18.507082+00:00,603.0,3218.741,3218.45,3218.8,ETH
2026-01-06 08:25:04+00:00,2026-01-06 08:31:19.490498+00:00,604.0,3218.391,3218.31,3218.62,ETH
2026-01-06 08:25:05+00:00,2026-01-06 08:31:20.490569+00:00,605.0,3218.331,3218.31,3218.62,ETH
2026-01-06 08:25:06+00:00,2026-01-06 08:31:21.487873+00:00,606.0,3218.311,3218.31,3218.61,ETH
2026-01-06 08:25:07+00:00,2026-01-06 08:31:22.494203+00:00,607.0,3218.311,3218.31,3218.61,ETH
2026-01-06 08:25:08+00:00,2026-01-06 08:31:23.503099+00:00,608.0,3218.311,3218.31,3218.82,ETH
2026-01-06 08:25:09+00:00,2026-01-06 08:31:24.500775+00:00,609.0,3218.321,3218.31,3218.6,ETH
2026-01-06 08:25:10+00:00,2026-01-06 08:31:25.505118+00:00,610.0,3218.321,3218.3,3218.46,ETH
2026-01-06 08:25:11+00:00,2026-01-06 08:31:26.515768+00:00,611.0,3218.321,3218.29,3218.45,ETH
2026-01-06 08:25:12+00:00,2026-01-06 08:31:27.519734+00:00,612.0,3218.151,3217.9,3218.43,ETH
2026-01-06 08:25:13+00:00,2026-01-06 08:31:28.525829+00:00,613.0,3217.801,3217.78,3218.06,ETH
2026-01-06 08:25:14+00:00,2026-01-06 08:31:29.535803+00:00,614.0,3217.801,3217.78,3217.96,ETH
2026-01-06 08:25:15+00:00,2026-01-06 08:31:30.543181+00:00,615.0,3217.801,3217.78,3217.87,ETH
2026-01-06 08:25:16+00:00,2026-01-06 08:31:31.553096+00:00,616.0,3217.801,3217.76,3217.82,ETH
2026-01-06 08:25:17+00:00,2026-01-06 08:31:33.556542+00:00,617.0,3217.261,3217.24,3217.41,ETH
2026-01-06 08:25:18+00:00,2026-01-06 08:31:34.586723+00:00,618.0,3216.801,3216.79,3217.03,ETH
2026-01-06 08:25:19+00:00,2026-01-06 08:31:35.586692+00:00,619.0,3216.851,3216.85,3217.07,ETH
2026-01-06 08:25:20+00:00,2026-01-06 08:31:36.588655+00:00,620.0,3216.851,3216.76,3216.98,ETH
2026-01-06 08:25:21+00:00,2026-01-06 08:31:37.598679+00:00,621.0,3216.851,3216.66,3216.9,ETH
2026-01-06 08:25:22+00:00,2026-01-06 08:31:38.603192+00:00,622.0,3216.851,3216.65,3216.9,ETH
2026-01-06 08:25:23+00:00,2026-01-06 08:31:39.622920+00:00,623.0,3216.611,3216.48,3216.68,ETH
2026-01-06 08:25:24+00:00,2026-01-06 08:31:40.638628+00:00,624.0,3216.331,3216.19,3216.42,ETH
2026-01-06 08:25:25+00:00,2026-01-06 08:31:41.664507+00:00,625.0,3216.301,3216.09,3216.37,ETH
2026-01-06 08:25:26+00:00,2026-01-06 08:31:42.650754+00:00,626.0,3216.301,3216.09,3216.38,ETH
2026-01-06 08:25:27+00:00,2026-01-06 08:31:43.666863+00:00,627.0,3216.301,3216.09,3216.41,ETH
2026-01-06 08:25:29+00:00,2026-01-06 08:31:44.734739+00:00,629.0,3216.301,3216.11,3216.4,ETH
2026-01-06 08:25:30+00:00,2026-01-06 08:31:45.715804+00:00,630.0,3216.301,3216.11,3216.39,ETH
2026-01-06 08:25:31+00:00,2026-01-06 08:31:46.728350+00:00,631.0,3216.301,3216.11,3216.35,ETH
2026-01-06 08:25:32+00:00,2026-01-06 08:31:47.714246+00:00,632.0,3215.881,3215.84,3215.92,ETH
2026-01-06 08:25:33+00:00,2026-01-06 08:31:48.735156+00:00,633.0,3215.561,3215.55,3215.92,ETH
2026-01-06 08:25:34+00:00,2026-01-06 08:31:49.735722+00:00,634.0,3215.551,3215.36,3215.68,ETH
2026-01-06 08:25:35+00:00,2026-01-06 08:31:50.737933+00:00,635.0,3215.671,3215.36,3215.7,ETH
2026-01-06 08:25:36+00:00,2026-01-06 08:31:51.732514+00:00,636.0,3215.531,3215.41,3215.67,ETH
2026-01-06 08:25:37+00:00,2026-01-06 08:31:52.748978+00:00,637.0,3215.471,3215.36,3215.63,ETH
2026-01-06 08:25:38+00:00,2026-01-06 08:31:53.752244+00:00,638.0,3215.471,3215.28,3215.58,ETH
2026-01-06 08:25:39+00:00,2026-01-06 08:31:54.752762+00:00,639.0,3215.481,3215.28,3215.52,ETH
2026-01-06 08:25:40+00:00,2026-01-06 08:31:55.755236+00:00,640.0,3215.481,3215.3,3215.55,ETH
2026-01-06 08:25:41+00:00,2026-01-06 08:31:57.773258+00:00,641.0,3215.331,3215.11,3215.41,ETH
2026-01-06 08:25:42+00:00,2026-01-06 08:31:58.776281+00:00,642.0,3215.301,3215.13,3215.41,ETH
2026-01-06 08:25:43+00:00,2026-01-06 08:31:59.790585+00:00,643.0,3215.251,3215.14,3215.41,ETH
2026-01-06 08:25:44+00:00,2026-01-06 08:32:00.780931+00:00,644.0,3215.251,3215.14,3215.41,ETH
2026-01-06 08:25:45+00:00,2026-01-06 08:32:01.786854+00:00,645.0,3215.251,3215.14,3215.41,ETH
2026-01-06 08:25:46+00:00,2026-01-06 08:32:02.801624+00:00,646.0,3215.251,3215.14,3215.41,ETH
2026-01-06 08:25:47+00:00,2026-01-06 08:32:03.802167+00:00,647.0,3215.251,3215.14,3215.42,ETH
2026-01-06 08:25:48+00:00,2026-01-06 08:32:04.805423+00:00,648.0,3215.291,3215.14,3215.52,ETH
2026-01-06 08:25:49+00:00,2026-01-06 08:32:05.816260+00:00,649.0,3215.321,3215.14,3215.56,ETH
2026-01-06 08:25:50+00:00,2026-01-06 08:32:06.803683+00:00,650.0,3215.251,3215.13,3215.51,ETH
2026-01-06 08:25:51+00:00,2026-01-06 08:32:07.845155+00:00,651.0,3215.181,3215.13,3215.51,ETH
2026-01-06 08:25:52+00:00,2026-01-06 08:32:08.837636+00:00,652.0,3215.271,3215.17,3215.5,ETH
2026-01-06 08:25:53+00:00,2026-01-06 08:32:09.840635+00:00,653.0,3215.321,3215.2,3215.5,ETH
2026-01-06 08:25:54+00:00,2026-01-06 08:32:10.853879+00:00,654.0,3215.271,3215.2,3215.5,ETH
2026-01-06 08:25:55+00:00,2026-01-06 08:32:11.870557+00:00,655.0,3214.871,3214.81,3215.02,ETH
2026-01-06 08:25:56+00:00,2026-01-06 08:32:12.871714+00:00,656.0,3214.421,3214.37,3214.47,ETH
2026-01-06 08:25:57+00:00,2026-01-06 08:32:13.887868+00:00,657.0,3214.341,3214.26,3214.4,ETH
2026-01-06 08:25:58+00:00,2026-01-06 08:32:14.904653+00:00,658.0,3214.261,3214.14,3214.31,ETH
2026-01-06 08:25:59+00:00,2026-01-06 08:32:15.904376+00:00,659.0,3214.191,3214.08,3214.24,ETH
2026-01-06 08:26:00+00:00,2026-01-06 08:32:16.904835+00:00,660.0,3214.181,3214.07,3214.22,ETH
2026-01-06 08:26:01+00:00,2026-01-06 08:32:17.921944+00:00,661.0,3214.171,3214.07,3214.22,ETH
2026-01-06 08:26:02+00:00,2026-01-06 08:32:18.921143+00:00,662.0,3214.221,3214.08,3214.3,ETH
2026-01-06 08:26:03+00:00,2026-01-06 08:32:19.936440+00:00,663.0,3214.271,3214.09,3214.36,ETH
2026-01-06 08:26:04+00:00,2026-01-06 08:32:20.951962+00:00,664.0,3214.251,3214.09,3214.36,ETH
2026-01-06 08:26:05+00:00,2026-01-06 08:32:21.953763+00:00,665.0,3214.231,3214.09,3214.34,ETH
2026-01-06 08:26:06+00:00,2026-01-06 08:32:22.968707+00:00,666.0,3214.241,3214.09,3214.3,ETH
2026-01-06 08:26:07+00:00,2026-01-06 08:32:23.972882+00:00,667.0,3214.241,3214.06,3214.28,ETH
2026-01-06 08:26:08+00:00,2026-01-06 08:32:24.999849+00:00,668.0,3214.121,3214.02,3214.18,ETH
2026-01-06 08:26:09+00:00,2026-01-06 08:32:25.987628+00:00,669.0,3213.991,3213.93,3214.14,ETH
2026-01-06 08:26:10+00:00,2026-01-06 08:32:26.986308+00:00,670.0,3213.991,3213.87,3214.2,ETH
2026-01-06 08:26:11+00:00,2026-01-06 08:32:28.006292+00:00,671.0,3213.991,3213.86,3214.21,ETH
2026-01-06 08:26:12+00:00,2026-01-06 08:32:29.030366+00:00,672.0,3213.991,3213.82,3214.2,ETH
2026-01-06 08:26:13+00:00,2026-01-06 08:32:30.037655+00:00,673.0,3213.801,3213.69,3214.03,ETH
2026-01-06 08:26:14+00:00,2026-01-06 08:32:31.035356+00:00,674.0,3213.641,3213.6,3213.91,ETH
2026-01-06 08:26:15+00:00,2026-01-06 08:32:32.036384+00:00,675.0,3213.581,3213.51,3213.89,ETH
2026-01-06 08:26:16+00:00,2026-01-06 08:32:33.047430+00:00,676.0,3213.481,3213.44,3213.85,ETH
2026-01-06 08:26:17+00:00,2026-01-06 08:32:34.050870+00:00,677.0,3213.481,3213.46,3213.91,ETH
2026-01-06 08:26:18+00:00,2026-01-06 08:32:35.064513+00:00,678.0,3213.481,3213.44,3213.97,ETH
2026-01-06 08:26:19+00:00,2026-01-06 08:32:36.073841+00:00,679.0,3213.481,3213.42,3213.93,ETH
2026-01-06 08:26:20+00:00,2026-01-06 08:32:37.085309+00:00,680.0,3213.481,3213.42,3213.87,ETH
2026-01-06 08:26:21+00:00,2026-01-06 08:32:38.131776+00:00,681.0,3213.581,3213.38,3213.84,ETH
2026-01-06 08:26:22+00:00,2026-01-06 08:32:39.119355+00:00,682.0,3213.721,3213.43,3213.86,ETH
2026-01-06 08:26:23+00:00,2026-01-06 08:32:40.146681+00:00,683.0,3213.791,3213.5,3214.01,ETH
2026-01-06 08:26:24+00:00,2026-01-06 08:32:41.137353+00:00,684.0,3214.141,3213.87,3214.31,ETH
2026-01-06 08:26:25+00:00,2026-01-06 08:32:42.153812+00:00,685.0,3214.461,3214.22,3214.5,ETH
2026-01-06 08:26:26+00:00,2026-01-06 08:32:43.170360+00:00,686.0,3214.431,3214.19,3214.56,ETH
2026-01-06 08:26:27+00:00,2026-01-06 08:32:44.186978+00:00,687.0,3214.451,3214.25,3214.62,ETH
2026-01-06 08:26:28+00:00,2026-01-06 08:32:45.186042+00:00,688.0,3214.531,3214.32,3214.62,ETH
2026-01-06 08:26:29+00:00,2026-01-06 08:32:46.200680+00:00,689.0,3214.511,3214.3,3214.57,ETH
2026-01-06 08:26:30+00:00,2026-01-06 08:32:47.227195+00:00,690.0,3214.491,3214.28,3214.55,ETH
2026-01-06 08:26:31+00:00,2026-01-06 08:32:48.214877+00:00,691.0,3214.491,3214.37,3214.56,ETH
2026-01-06 08:26:32+00:00,2026-01-06 08:32:49.222747+00:00,692.0,3214.391,3214.38,3214.51,ETH
2026-01-06 08:26:33+00:00,2026-01-06 08:32:50.202187+00:00,693.0,3214.301,3214.3,3214.45,ETH
2026-01-06 08:26:34+00:00,2026-01-06 08:32:51.209564+00:00,694.0,3214.301,3214.3,3214.44,ETH
2026-01-06 08:26:35+00:00,2026-01-06 08:32:52.222037+00:00,695.0,3214.381,3214.35,3214.46,ETH
2026-01-06 08:26:36+00:00,2026-01-06 08:32:53.227097+00:00,696.0,3214.391,3214.35,3214.46,ETH
2026-01-06 08:26:37+00:00,2026-01-06 08:32:54.274470+00:00,697.0,3214.261,3214.17,3214.35,ETH
2026-01-06 08:26:38+00:00,2026-01-06 08:32:55.280364+00:00,698.0,3214.131,3214.04,3214.23,ETH
2026-01-06 08:26:39+00:00,2026-01-06 08:32:56.302807+00:00,699.0,3214.051,3213.96,3214.2,ETH
2026-01-06 08:26:40+00:00,2026-01-06 08:32:57.287284+00:00,700.0,3214.121,3213.89,3214.25,ETH
2026-01-06 08:26:41+00:00,2026-01-06 08:32:58.289081+00:00,701.0,3213.941,3213.75,3214.03,ETH
2026-01-06 08:26:42+00:00,2026-01-06 08:32:59.286467+00:00,702.0,3213.631,3213.51,3213.69,ETH
2026-01-06 08:26:43+00:00,2026-01-06 08:33:00.298268+00:00,703.0,3213.581,3213.43,3213.62,ETH
2026-01-06 08:26:44+00:00,2026-01-06 08:33:01.338850+00:00,704.0,3213.571,3213.43,3213.62,ETH
2026-01-06 08:26:45+00:00,2026-01-06 08:33:02.355253+00:00,705.0,3213.511,3213.38,3213.61,ETH
2026-01-06 08:26:46+00:00,2026-01-06 08:33:03.353245+00:00,706.0,3213.481,3213.32,3213.61,ETH
2026-01-06 08:26:47+00:00,2026-01-06 08:33:04.367434+00:00,707.0,3213.471,3213.32,3213.55,ETH
2026-01-06 08:26:48+00:00,2026-01-06 08:33:05.365729+00:00,708.0,3213.381,3213.27,3213.44,ETH
2026-01-06 08:26:49+00:00,2026-01-06 08:33:06.350371+00:00,709.0,3213.311,3213.22,3213.39,ETH
2026-01-06 08:26:50+00:00,2026-01-06 08:33:07.365893+00:00,710.0,3213.311,3213.21,3213.39,ETH
2026-01-06 08:26:51+00:00,2026-01-06 08:33:08.399876+00:00,711.0,3213.311,3213.22,3213.39,ETH
2026-01-06 08:26:52+00:00,2026-01-06 08:33:09.402776+00:00,712.0,3213.361,3213.27,3213.43,ETH
2026-01-06 08:26:53+00:00,2026-01-06 08:33:10.402801+00:00,713.0,3213.411,3213.33,3213.52,ETH
2026-01-06 08:26:54+00:00,2026-01-06 08:33:11.414709+00:00,714.0,3213.541,3213.33,3213.66,ETH
2026-01-06 08:26:55+00:00,2026-01-06 08:33:12.429764+00:00,715.0,3213.631,3213.35,3213.74,ETH
2026-01-06 08:26:56+00:00,2026-01-06 08:33:13.445227+00:00,716.0,3213.641,3213.46,3213.85,ETH
2026-01-06 08:26:57+00:00,2026-01-06 08:33:14.435380+00:00,717.0,3213.691,3213.54,3213.96,ETH
2026-01-06 08:26:58+00:00,2026-01-06 08:33:15.448569+00:00,718.0,3213.761,3213.61,3213.96,ETH
2026-01-06 08:26:59+00:00,2026-01-06 08:33:16.454320+00:00,719.0,3213.911,3213.73,3214.17,ETH
2026-01-06 08:27:00+00:00,2026-01-06 08:33:17.463447+00:00,720.0,3214.061,3213.95,3214.43,ETH
2026-01-06 08:27:01+00:00,2026-01-06 08:33:18.467721+00:00,721.0,3214.301,3214.14,3214.48,ETH
2026-01-06 08:27:02+00:00,2026-01-06 08:33:19.484012+00:00,722.0,3214.451,3214.17,3214.49,ETH
2026-01-06 08:27:03+00:00,2026-01-06 08:33:20.504443+00:00,723.0,3214.471,3214.21,3214.56,ETH
2026-01-06 08:27:04+00:00,2026-01-06 08:33:21.520768+00:00,724.0,3214.481,3214.25,3214.62,ETH
2026-01-06 08:27:05+00:00,2026-01-06 08:33:22.514250+00:00,725.0,3214.471,3214.25,3214.62,ETH
2026-01-06 08:27:06+00:00,2026-01-06 08:33:23.514146+00:00,726.0,3214.471,3214.26,3214.62,ETH
2026-01-06 08:27:07+00:00,2026-01-06 08:33:24.549356+00:00,727.0,3214.551,3214.37,3214.76,ETH
2026-01-06 08:27:08+00:00,2026-01-06 08:33:25.518365+00:00,728.0,3214.551,3214.38,3214.69,ETH
2026-01-06 08:27:09+00:00,2026-01-06 08:33:26.585416+00:00,729.0,3214.411,3214.2,3214.47,ETH
2026-01-06 08:27:10+00:00,2026-01-06 08:33:27.582374+00:00,730.0,3214.341,3214.14,3214.45,ETH
2026-01-06 08:27:11+00:00,2026-01-06 08:33:28.598167+00:00,731.0,3214.341,3214.14,3214.43,ETH
2026-01-06 08:27:12+00:00,2026-01-06 08:33:29.586171+00:00,732.0,3214.341,3214.14,3214.4,ETH
2026-01-06 08:27:13+00:00,2026-01-06 08:33:30.618735+00:00,733.0,3214.261,3214.08,3214.44,ETH
2026-01-06 08:27:14+00:00,2026-01-06 08:33:31.665036+00:00,734.0,3214.031,3213.79,3214.29,ETH
2026-01-06 08:27:15+00:00,2026-01-06 08:33:32.674403+00:00,735.0,3213.821,3213.54,3214.04,ETH
2026-01-06 08:27:16+00:00,2026-01-06 08:33:33.684903+00:00,736.0,3213.681,3213.57,3214.01,ETH
2026-01-06 08:27:17+00:00,2026-01-06 08:33:34.695924+00:00,737.0,3213.531,3213.53,3213.92,ETH
2026-01-06 08:27:18+00:00,2026-01-06 08:33:35.701425+00:00,738.0,3213.461,3213.45,3213.79,ETH
2026-01-06 08:27:19+00:00,2026-01-06 08:33:36.694756+00:00,739.0,3213.461,3213.45,3213.76,ETH
2026-01-06 08:27:20+00:00,2026-01-06 08:33:37.697386+00:00,740.0,3213.461,3213.45,3213.68,ETH
2026-01-06 08:27:21+00:00,2026-01-06 08:33:38.703992+00:00,741.0,3213.461,3213.45,3213.56,ETH
2026-01-06 08:27:22+00:00,2026-01-06 08:33:39.714478+00:00,742.0,3213.461,3213.45,3213.64,ETH
2026-01-06 08:27:23+00:00,2026-01-06 08:33:40.737778+00:00,743.0,3213.461,3213.45,3213.75,ETH
2026-01-06 08:27:24+00:00,2026-01-06 08:33:41.729934+00:00,744.0,3213.461,3213.45,3213.67,ETH
2026-01-06 08:27:25+00:00,2026-01-06 08:33:42.746897+00:00,745.0,3213.461,3213.45,3213.69,ETH
2026-01-06 08:27:26+00:00,2026-01-06 08:33:43.746462+00:00,746.0,3213.471,3213.47,3213.71,ETH
2026-01-06 08:27:27+00:00,2026-01-06 08:33:44.751227+00:00,747.0,3213.491,3213.48,3213.7,ETH
2026-01-06 08:27:28+00:00,2026-01-06 08:33:45.743128+00:00,748.0,3213.491,3213.48,3213.73,ETH
2026-01-06 08:27:29+00:00,2026-01-06 08:33:46.751450+00:00,749.0,3213.491,3213.48,3213.66,ETH
2026-01-06 08:27:30+00:00,2026-01-06 08:33:47.768212+00:00,750.0,3213.581,3213.55,3213.72,ETH
2026-01-06 08:27:31+00:00,2026-01-06 08:33:48.763645+00:00,751.0,3213.751,3213.72,3213.87,ETH
2026-01-06 08:27:32+00:00,2026-01-06 08:33:49.775518+00:00,752.0,3213.931,3213.91,3214.01,ETH
2026-01-06 08:27:33+00:00,2026-01-06 08:33:50.765975+00:00,753.0,3214.021,3214.01,3214.08,ETH
2026-01-06 08:27:34+00:00,2026-01-06 08:33:51.778824+00:00,754.0,3214.021,3214.01,3214.08,ETH
2026-01-06 08:27:35+00:00,2026-01-06 08:33:52.775768+00:00,755.0,3214.021,3214.01,3214.09,ETH
2026-01-06 08:27:36+00:00,2026-01-06 08:33:53.784722+00:00,756.0,3214.031,3214.0,3214.08,ETH
2026-01-06 08:27:37+00:00,2026-01-06 08:33:54.778303+00:00,757.0,3214.031,3213.99,3214.06,ETH
2026-01-06 08:27:38+00:00,2026-01-06 08:33:55.797031+00:00,758.0,3214.031,3214.01,3214.18,ETH
2026-01-06 08:27:39+00:00,2026-01-06 08:33:56.798090+00:00,759.0,3214.021,3214.02,3214.24,ETH
2026-01-06 08:27:40+00:00,2026-01-06 08:33:57.794587+00:00,760.0,3214.021,3214.02,3214.21,ETH
2026-01-06 08:27:41+00:00,2026-01-06 08:33:58.800282+00:00,761.0,3214.041,3214.02,3214.19,ETH
2026-01-06 08:27:43+00:00,2026-01-06 08:33:59.848584+00:00,763.0,3213.941,3213.9,3214.17,ETH
2026-01-06 08:27:44+00:00,2026-01-06 08:34:01.819147+00:00,764.0,3214.061,3214.02,3214.18,ETH
2026-01-06 08:27:45+00:00,2026-01-06 08:34:02.830897+00:00,765.0,3214.131,3214.09,3214.18,ETH
2026-01-06 08:27:46+00:00,2026-01-06 08:34:03.833793+00:00,766.0,3214.131,3214.09,3214.18,ETH
2026-01-06 08:27:47+00:00,2026-01-06 08:34:04.854435+00:00,767.0,3214.161,3214.13,3214.2,ETH
2026-01-06 08:27:48+00:00,2026-01-06 08:34:05.854349+00:00,768.0,3214.191,3214.16,3214.38,ETH
2026-01-06 08:27:49+00:00,2026-01-06 08:34:06.860436+00:00,769.0,3214.441,3214.4,3214.69,ETH
2026-01-06 08:27:50+00:00,2026-01-06 08:34:07.883925+00:00,770.0,3214.671,3214.63,3214.79,ETH
2026-01-06 08:27:51+00:00,2026-01-06 08:34:08.880977+00:00,771.0,3214.681,3214.63,3214.76,ETH
2026-01-06 08:27:52+00:00,2026-01-06 08:34:09.883458+00:00,772.0,3214.701,3214.65,3214.76,ETH
2026-01-06 08:27:53+00:00,2026-01-06 08:34:10.899086+00:00,773.0,3214.701,3214.66,3214.76,ETH
2026-01-06 08:27:54+00:00,2026-01-06 08:34:11.942126+00:00,774.0,3214.691,3214.65,3214.76,ETH
2026-01-06 08:27:55+00:00,2026-01-06 08:34:12.961053+00:00,775.0,3214.751,3214.7,3214.81,ETH
2026-01-06 08:27:56+00:00,2026-01-06 08:34:13.978384+00:00,776.0,3214.861,3214.78,3214.9,ETH
2026-01-06 08:27:57+00:00,2026-01-06 08:34:14.992096+00:00,777.0,3214.851,3214.79,3214.94,ETH
2026-01-06 08:27:58+00:00,2026-01-06 08:34:16.000182+00:00,778.0,3214.911,3214.79,3215.05,ETH
2026-01-06 08:27:59+00:00,2026-01-06 08:34:17.016213+00:00,779.0,3215.031,3214.89,3215.2,ETH
2026-01-06 08:28:00+00:00,2026-01-06 08:34:18.030476+00:00,780.0,3215.051,3215.01,3215.21,ETH
2026-01-06 08:28:01+00:00,2026-01-06 08:34:19.032987+00:00,781.0,3215.151,3215.12,3215.29,ETH
2026-01-06 08:28:02+00:00,2026-01-06 08:34:20.049275+00:00,782.0,3214.931,3214.86,3215.0,ETH
2026-01-06 08:28:03+00:00,2026-01-06 08:34:21.083253+00:00,783.0,3214.621,3214.55,3214.64,ETH
2026-01-06 08:28:04+00:00,2026-01-06 08:34:22.082221+00:00,784.0,3214.621,3214.59,3214.64,ETH
2026-01-06 08:28:05+00:00,2026-01-06 08:34:23.078872+00:00,785.0,3214.631,3214.62,3214.65,ETH
2026-01-06 08:28:06+00:00,2026-01-06 08:34:24.089597+00:00,786.0,3214.631,3214.62,3214.68,ETH
2026-01-06 08:28:07+00:00,2026-01-06 08:34:25.102580+00:00,787.0,3214.631,3214.63,3214.71,ETH
2026-01-06 08:28:08+00:00,2026-01-06 08:34:26.095051+00:00,788.0,3214.631,3214.63,3214.73,ETH
2026-01-06 08:28:09+00:00,2026-01-06 08:34:27.105167+00:00,789.0,3214.631,3214.62,3214.7,ETH
2026-01-06 08:28:10+00:00,2026-01-06 08:34:28.094394+00:00,790.0,3214.631,3214.63,3214.73,ETH
2026-01-06 08:28:11+00:00,2026-01-06 08:34:29.088789+00:00,791.0,3214.631,3214.63,3214.72,ETH
2026-01-06 08:28:12+00:00,2026-01-06 08:34:30.091141+00:00,792.0,3214.631,3214.62,3214.69,ETH
2026-01-06 08:28:13+00:00,2026-01-06 08:34:31.095769+00:00,793.0,3214.631,3214.62,3214.72,ETH
2026-01-06 08:28:14+00:00,2026-01-06 08:34:32.096620+00:00,794.0,3214.631,3214.62,3214.72,ETH
2026-01-06 08:28:15+00:00,2026-01-06 08:34:33.108115+00:00,795.0,3214.611,3214.57,3214.64,ETH
2026-01-06 08:28:16+00:00,2026-01-06 08:34:34.114771+00:00,796.0,3214.631,3214.6,3214.68,ETH
2026-01-06 08:28:17+00:00,2026-01-06 08:34:35.115643+00:00,797.0,3214.671,3214.64,3214.93,ETH
2026-01-06 08:28:18+00:00,2026-01-06 08:34:36.117457+00:00,798.0,3214.671,3214.5,3214.92,ETH
2026-01-06 08:28:19+00:00,2026-01-06 08:34:37.130110+00:00,799.0,3214.691,3214.62,3214.92,ETH
2026-01-06 08:28:20+00:00,2026-01-06 08:34:38.146835+00:00,800.0,3214.841,3214.8,3214.92,ETH
2026-01-06 08:28:21+00:00,2026-01-06 08:34:39.149174+00:00,801.0,3214.741,3214.7,3215.02,ETH
2026-01-06 08:28:22+00:00,2026-01-06 08:34:40.165494+00:00,802.0,3214.851,3214.81,3215.02,ETH
2026-01-06 08:28:23+00:00,2026-01-06 08:34:41.163226+00:00,803.0,3215.251,3215.21,3215.43,ETH
2026-01-06 08:28:24+00:00,2026-01-06 08:34:42.208261+00:00,804.0,3215.501,3215.46,3215.55,ETH
2026-01-06 08:28:25+00:00,2026-01-06 08:34:43.224896+00:00,805.0,3215.601,3215.56,3215.67,ETH
2026-01-06 08:28:26+00:00,2026-01-06 08:34:44.208015+00:00,806.0,3215.601,3215.56,3215.67,ETH
2026-01-06 08:28:27+00:00,2026-01-06 08:34:45.218547+00:00,807.0,3215.611,3215.56,3215.67,ETH
2026-01-06 08:28:28+00:00,2026-01-06 08:34:46.217825+00:00,808.0,3215.611,3215.56,3215.67,ETH
2026-01-06 08:28:29+00:00,2026-01-06 08:34:47.209782+00:00,809.0,3215.611,3215.56,3215.67,ETH
2026-01-06 08:28:30+00:00,2026-01-06 08:34:48.230201+00:00,810.0,3215.601,3215.56,3215.67,ETH
2026-01-06 08:28:31+00:00,2026-01-06 08:34:49.229221+00:00,811.0,3215.591,3215.55,3215.67,ETH
2026-01-06 08:28:32+00:00,2026-01-06 08:34:50.233854+00:00,812.0,3215.621,3215.56,3215.81,ETH
2026-01-06 08:28:33+00:00,2026-01-06 08:34:51.232335+00:00,813.0,3215.901,3215.58,3216.05,ETH
2026-01-06 08:28:34+00:00,2026-01-06 08:34:52.300390+00:00,814.0,3216.361,3216.26,3216.62,ETH
2026-01-06 08:28:35+00:00,2026-01-06 08:34:53.303270+00:00,815.0,3216.521,3216.35,3216.74,ETH
2026-01-06 08:28:36+00:00,2026-01-06 08:34:54.326668+00:00,816.0,3216.711,3216.44,3216.91,ETH
2026-01-06 08:28:37+00:00,2026-01-06 08:34:55.306781+00:00,817.0,3216.791,3216.55,3217.08,ETH
2026-01-06 08:28:38+00:00,2026-01-06 08:34:56.308869+00:00,818.0,3217.021,3216.77,3217.26,ETH
2026-01-06 08:28:39+00:00,2026-01-06 08:34:57.331321+00:00,819.0,3217.241,3217.05,3217.51,ETH
2026-01-06 08:28:40+00:00,2026-01-06 08:34:58.342565+00:00,820.0,3217.521,3217.31,3217.8,ETH
2026-01-06 08:28:41+00:00,2026-01-06 08:34:59.341747+00:00,821.0,3217.841,3217.6,3217.96,ETH
2026-01-06 08:28:42+00:00,2026-01-06 08:35:00.364637+00:00,822.0,3217.851,3217.71,3217.96,ETH
2026-01-06 08:28:43+00:00,2026-01-06 08:35:01.364955+00:00,823.0,3217.931,3217.78,3218.15,ETH
2026-01-06 08:28:44+00:00,2026-01-06 08:35:02.381129+00:00,824.0,3218.151,3217.93,3218.45,ETH
2026-01-06 08:28:45+00:00,2026-01-06 08:35:03.375866+00:00,825.0,3218.331,3218.05,3218.53,ETH
2026-01-06 08:28:46+00:00,2026-01-06 08:35:04.382253+00:00,826.0,3218.401,3218.17,3218.46,ETH
2026-01-06 08:28:47+00:00,2026-01-06 08:35:05.415121+00:00,827.0,3218.381,3218.25,3218.44,ETH
2026-01-06 08:28:48+00:00,2026-01-06 08:35:06.417192+00:00,828.0,3218.381,3218.23,3218.54,ETH
2026-01-06 08:28:49+00:00,2026-01-06 08:35:07.428886+00:00,829.0,3218.381,3218.2,3218.58,ETH
2026-01-06 08:28:50+00:00,2026-01-06 08:35:08.427526+00:00,830.0,3218.241,3218.09,3218.34,ETH
2026-01-06 08:28:51+00:00,2026-01-06 08:35:09.448798+00:00,831.0,3218.031,3217.91,3218.11,ETH
2026-01-06 08:28:52+00:00,2026-01-06 08:35:10.462109+00:00,832.0,3217.901,3217.81,3218.11,ETH
2026-01-06 08:28:53+00:00,2026-01-06 08:35:11.464183+00:00,833.0,3217.791,3217.75,3218.11,ETH
2026-01-06 08:28:54+00:00,2026-01-06 08:35:12.458220+00:00,834.0,3217.701,3217.66,3217.91,ETH
2026-01-06 08:28:55+00:00,2026-01-06 08:35:13.464313+00:00,835.0,3217.641,3217.6,3217.71,ETH
2026-01-06 08:28:56+00:00,2026-01-06 08:35:14.483178+00:00,836.0,3217.701,3217.61,3217.8,ETH
2026-01-06 08:28:57+00:00,2026-01-06 08:35:15.480496+00:00,837.0,3217.571,3217.53,3217.7,ETH
2026-01-06 08:28:58+00:00,2026-01-06 08:35:16.499550+00:00,838.0,3217.521,3217.48,3217.7,ETH
2026-01-06 08:28:59+00:00,2026-01-06 08:35:17.496162+00:00,839.0,3217.601,3217.5,3217.7,ETH
2026-01-06 08:29:00+00:00,2026-01-06 08:35:18.494831+00:00,840.0,3217.511,3217.48,3217.7,ETH
2026-01-06 08:29:01+00:00,2026-01-06 08:35:19.497928+00:00,841.0,3217.691,3217.5,3217.88,ETH
2026-01-06 08:29:02+00:00,2026-01-06 08:35:20.507515+00:00,842.0,3217.541,3217.5,3217.58,ETH
2026-01-06 08:29:03+00:00,2026-01-06 08:35:21.510640+00:00,843.0,3216.911,3216.84,3217.06,ETH
2026-01-06 08:29:04+00:00,2026-01-06 08:35:22.525318+00:00,844.0,3216.941,3216.92,3217.05,ETH
2026-01-06 08:29:05+00:00,2026-01-06 08:35:23.546235+00:00,845.0,3216.771,3216.73,3216.91,ETH
2026-01-06 08:29:06+00:00,2026-01-06 08:35:24.544142+00:00,846.0,3216.601,3216.58,3216.65,ETH
2026-01-06 08:29:07+00:00,2026-01-06 08:35:25.527427+00:00,847.0,3216.571,3216.52,3216.61,ETH
2026-01-06 08:29:08+00:00,2026-01-06 08:35:26.575486+00:00,848.0,3216.431,3216.38,3216.6,ETH
2026-01-06 08:29:09+00:00,2026-01-06 08:35:27.561207+00:00,849.0,3216.441,3216.4,3216.6,ETH
2026-01-06 08:29:10+00:00,2026-01-06 08:35:28.566121+00:00,850.0,3216.471,3216.43,3216.73,ETH
2026-01-06 08:29:11+00:00,2026-01-06 08:35:29.577832+00:00,851.0,3216.461,3216.42,3216.73,ETH
2026-01-06 08:29:12+00:00,2026-01-06 08:35:30.572109+00:00,852.0,3216.461,3216.42,3216.73,ETH
2026-01-06 08:29:13+00:00,2026-01-06 08:35:31.580134+00:00,853.0,3216.211,3216.08,3216.39,ETH
2026-01-06 08:29:14+00:00,2026-01-06 08:35:32.603959+00:00,854.0,3216.121,3216.01,3216.31,ETH
2026-01-06 08:29:15+00:00,2026-01-06 08:35:33.629494+00:00,855.0,3216.341,3216.03,3216.39,ETH
2026-01-06 08:29:16+00:00,2026-01-06 08:35:34.630212+00:00,856.0,3216.241,3216.07,3216.39,ETH
2026-01-06 08:29:17+00:00,2026-01-06 08:35:35.632547+00:00,857.0,3216.011,3215.97,3216.52,ETH
2026-01-06 08:29:18+00:00,2026-01-06 08:35:36.645687+00:00,858.0,3216.581,3216.53,3216.64,ETH
2026-01-06 08:29:19+00:00,2026-01-06 08:35:38.646396+00:00,859.0,3217.121,3216.94,3217.2,ETH
2026-01-06 08:29:20+00:00,2026-01-06 08:35:39.646550+00:00,860.0,3217.161,3217.11,3217.22,ETH
2026-01-06 08:29:21+00:00,2026-01-06 08:35:40.660984+00:00,861.0,3217.161,3217.13,3217.24,ETH
2026-01-06 08:29:23+00:00,2026-01-06 08:35:41.714671+00:00,863.0,3217.021,3216.98,3217.16,ETH
2026-01-06 08:29:24+00:00,2026-01-06 08:35:42.717525+00:00,864.0,3216.771,3216.76,3217.06,ETH
2026-01-06 08:29:25+00:00,2026-01-06 08:35:43.737746+00:00,865.0,3216.771,3216.76,3217.01,ETH
2026-01-06 08:29:26+00:00,2026-01-06 08:35:44.725736+00:00,866.0,3216.901,3216.9,3216.91,ETH
2026-01-06 08:29:27+00:00,2026-01-06 08:35:45.703860+00:00,867.0,3216.991,3216.83,3217.12,ETH
2026-01-06 08:29:28+00:00,2026-01-06 08:35:46.725323+00:00,868.0,3216.991,3216.83,3217.12,ETH
2026-01-06 08:29:29+00:00,2026-01-06 08:35:47.744517+00:00,869.0,3217.021,3216.83,3217.12,ETH
2026-01-06 08:29:30+00:00,2026-01-06 08:35:48.714302+00:00,870.0,3217.011,3216.83,3217.12,ETH
2026-01-06 08:29:31+00:00,2026-01-06 08:35:49.729234+00:00,871.0,3217.051,3216.82,3217.12,ETH
2026-01-06 08:29:32+00:00,2026-01-06 08:35:50.742396+00:00,872.0,3217.051,3216.82,3217.12,ETH
2026-01-06 08:29:33+00:00,2026-01-06 08:35:51.763099+00:00,873.0,3217.051,3216.82,3217.12,ETH
2026-01-06 08:29:34+00:00,2026-01-06 08:35:52.743495+00:00,874.0,3217.051,3216.82,3217.12,ETH
2026-01-06 08:29:35+00:00,2026-01-06 08:35:53.746348+00:00,875.0,3216.831,3216.82,3217.0,ETH
2026-01-06 08:29:36+00:00,2026-01-06 08:35:54.758893+00:00,876.0,3216.801,3216.75,3216.87,ETH
2026-01-06 08:29:37+00:00,2026-01-06 08:35:55.759911+00:00,877.0,3216.821,3216.73,3216.86,ETH
2026-01-06 08:29:38+00:00,2026-01-06 08:35:56.776552+00:00,878.0,3216.761,3216.72,3216.84,ETH
2026-01-06 08:29:39+00:00,2026-01-06 08:35:57.762825+00:00,879.0,3216.761,3216.71,3216.84,ETH
2026-01-06 08:29:40+00:00,2026-01-06 08:35:58.757705+00:00,880.0,3216.741,3216.7,3216.83,ETH
2026-01-06 08:29:41+00:00,2026-01-06 08:35:59.765074+00:00,881.0,3216.721,3216.69,3216.83,ETH
2026-01-06 08:29:42+00:00,2026-01-06 08:36:00.795620+00:00,882.0,3216.321,3215.91,3216.55,ETH
2026-01-06 08:29:43+00:00,2026-01-06 08:36:01.793963+00:00,883.0,3215.561,3215.47,3215.57,ETH
2026-01-06 08:29:44+00:00,2026-01-06 08:36:03.793937+00:00,884.0,3215.541,3215.47,3215.86,ETH
2026-01-06 08:29:45+00:00,2026-01-06 08:36:04.812997+00:00,885.0,3215.471,3215.43,3215.72,ETH
2026-01-06 08:29:46+00:00,2026-01-06 08:36:05.829794+00:00,886.0,3215.401,3215.35,3215.59,ETH
2026-01-06 08:29:47+00:00,2026-01-06 08:36:06.828652+00:00,887.0,3215.401,3215.31,3215.61,ETH
2026-01-06 08:29:48+00:00,2026-01-06 08:36:07.838560+00:00,888.0,3215.391,3215.3,3215.57,ETH
2026-01-06 08:29:49+00:00,2026-01-06 08:36:08.841677+00:00,889.0,3215.341,3215.27,3215.48,ETH
2026-01-06 08:29:50+00:00,2026-01-06 08:36:09.848153+00:00,890.0,3215.271,3215.23,3215.43,ETH
2026-01-06 08:29:51+00:00,2026-01-06 08:36:10.845274+00:00,891.0,3215.261,3215.22,3215.4,ETH
2026-01-06 08:29:52+00:00,2026-01-06 08:36:11.852005+00:00,892.0,3215.261,3215.22,3215.41,ETH
2026-01-06 08:29:53+00:00,2026-01-06 08:36:12.860402+00:00,893.0,3215.261,3215.23,3215.41,ETH
2026-01-06 08:29:55+00:00,2026-01-06 08:36:13.931692+00:00,895.0,3215.271,3215.24,3215.4,ETH
2026-01-06 08:29:56+00:00,2026-01-06 08:36:14.899372+00:00,896.0,3215.241,3215.21,3215.4,ETH
2026-01-06 08:29:57+00:00,2026-01-06 08:36:15.917176+00:00,897.0,3215.221,3215.19,3215.4,ETH
2026-01-06 08:29:58+00:00,2026-01-06 08:36:16.920706+00:00,898.0,3215.191,3215.04,3215.4,ETH
2026-01-06 08:29:59+00:00,2026-01-06 08:36:17.935473+00:00,899.0,3215.191,3215.0,3215.4,ETH
