timestamp,collected_at,seconds,up_mid,up_best_bid,up_best_ask,down_mid,down_best_bid,down_best_ask,up_best_bid_size,up_best_ask_size,down_best_bid_size,down_best_ask_size
2026-01-06 08:15:00.036000+00:00,2026-01-06 08:15:00.262718+00:00,0.036,0.485,0.47,0.5,0.515,0.5,0.53,,,,
2026-01-06 08:15:01.135000+00:00,2026-01-06 08:15:01.265410+00:00,1.135,0.485,0.47,0.5,0.515,0.5,0.53,,,,
2026-01-06 08:15:02.103000+00:00,2026-01-06 08:15:02.283434+00:00,2.103,0.495,0.49,0.5,0.505,0.5,0.51,,,,
2026-01-06 08:15:03.070000+00:00,2026-01-06 08:15:03.298385+00:00,3.07,0.515,0.51,0.52,0.485,0.48,0.49,,,,
2026-01-06 08:15:04.129000+00:00,2026-01-06 08:15:04.310605+00:00,4.129,0.515,0.51,0.52,0.485,0.48,0.49,,,,
2026-01-06 08:15:05.157000+00:00,2026-01-06 08:15:05.334524+00:00,5.157,0.565,0.56,0.57,0.445,0.44,0.45,,,,
2026-01-06 08:15:06.200000+00:00,2026-01-06 08:15:06.346220+00:00,6.2,0.555,0.55,0.56,0.445,0.44,0.45,,,,
2026-01-06 08:15:07.165000+00:00,2026-01-06 08:15:07.360386+00:00,7.165,0.545,0.54,0.55,0.475,0.47,0.48,,,,
2026-01-06 08:15:08.173000+00:00,2026-01-06 08:15:08.376104+00:00,8.173,0.535,0.53,0.54,0.4649999999999999,0.46,0.47,,,,
2026-01-06 08:15:09.041000+00:00,2026-01-06 08:15:09.380416+00:00,9.041,0.535,0.53,0.54,0.4649999999999999,0.46,0.47,,,,
2026-01-06 08:15:10.212000+00:00,2026-01-06 08:15:10.403240+00:00,10.212,0.525,0.52,0.53,0.475,0.47,0.48,,,,
2026-01-06 08:15:11.243000+00:00,2026-01-06 08:15:11.421491+00:00,11.243,0.505,0.5,0.51,0.495,0.49,0.5,,,,
2026-01-06 08:15:12.255000+00:00,2026-01-06 08:15:12.435396+00:00,12.255,0.515,0.51,0.52,0.475,0.47,0.48,,,,
2026-01-06 08:15:13.184000+00:00,2026-01-06 08:15:13.435934+00:00,13.184,0.535,0.53,0.54,0.4649999999999999,0.46,0.47,,,,
2026-01-06 08:15:14.260000+00:00,2026-01-06 08:15:14.446472+00:00,14.26,0.535,0.53,0.54,0.4649999999999999,0.46,0.47,,,,
2026-01-06 08:15:15.278000+00:00,2026-01-06 08:15:15.455789+00:00,15.278,0.535,0.53,0.54,0.4649999999999999,0.46,0.47,,,,
2026-01-06 08:15:16.271000+00:00,2026-01-06 08:15:16.464131+00:00,16.271,0.535,0.53,0.54,0.4649999999999999,0.46,0.47,,,,
2026-01-06 08:15:17.284000+00:00,2026-01-06 08:15:17.468024+00:00,17.284,0.535,0.53,0.54,0.4649999999999999,0.46,0.47,,,,
2026-01-06 08:15:18.292000+00:00,2026-01-06 08:15:18.465882+00:00,18.292,0.535,0.53,0.54,0.4649999999999999,0.46,0.47,,,,
2026-01-06 08:15:19.173000+00:00,2026-01-06 08:15:19.472529+00:00,19.173,0.535,0.53,0.54,0.4649999999999999,0.46,0.47,,,,
2026-01-06 08:15:20.227000+00:00,2026-01-06 08:15:20.486235+00:00,20.227,0.535,0.53,0.54,0.4649999999999999,0.46,0.47,,,,
2026-01-06 08:15:21.167000+00:00,2026-01-06 08:15:21.483847+00:00,21.167,0.535,0.53,0.54,0.4649999999999999,0.46,0.47,,,,
2026-01-06 08:15:22.140000+00:00,2026-01-06 08:15:22.493211+00:00,22.14,0.54,0.53,0.55,0.4649999999999999,0.46,0.47,,,,
2026-01-06 08:15:23.291000+00:00,2026-01-06 08:15:23.496772+00:00,23.291,0.535,0.53,0.54,0.4649999999999999,0.46,0.47,,,,
2026-01-06 08:15:24.329000+00:00,2026-01-06 08:15:24.517902+00:00,24.329,0.535,0.53,0.54,0.4649999999999999,0.46,0.47,,,,
2026-01-06 08:15:25.323000+00:00,2026-01-06 08:15:25.529783+00:00,25.323,0.525,0.52,0.53,0.475,0.47,0.48,,,,
2026-01-06 08:15:26.368000+00:00,2026-01-06 08:15:26.539775+00:00,26.368,0.515,0.51,0.52,0.495,0.49,0.5,,,,
2026-01-06 08:15:27.276000+00:00,2026-01-06 08:15:27.550037+00:00,27.276,0.475,0.47,0.48,0.525,0.52,0.53,,,,
2026-01-06 08:15:28.365000+00:00,2026-01-06 08:15:28.560565+00:00,28.365,0.475,0.47,0.48,0.525,0.52,0.53,,,,
2026-01-06 08:15:29.380000+00:00,2026-01-06 08:15:29.567360+00:00,29.38,0.475,0.47,0.48,0.525,0.52,0.53,,,,
2026-01-06 08:15:30.353000+00:00,2026-01-06 08:15:30.585369+00:00,30.353,0.475,0.47,0.48,0.525,0.52,0.53,,,,
2026-01-06 08:15:31.306000+00:00,2026-01-06 08:15:31.603713+00:00,31.306,0.475,0.47,0.48,0.525,0.52,0.53,,,,
2026-01-06 08:15:32.340000+00:00,2026-01-06 08:15:32.613551+00:00,32.34,0.475,0.47,0.48,0.525,0.52,0.53,,,,
2026-01-06 08:15:33.416000+00:00,2026-01-06 08:15:33.604949+00:00,33.416,0.475,0.47,0.48,0.525,0.52,0.53,,,,
2026-01-06 08:15:34.398000+00:00,2026-01-06 08:15:34.607565+00:00,34.398,0.4649999999999999,0.46,0.47,0.535,0.53,0.54,,,,
2026-01-06 08:15:35.373000+00:00,2026-01-06 08:15:35.619288+00:00,35.373,0.4649999999999999,0.46,0.47,0.535,0.53,0.54,,,,
2026-01-06 08:15:36.333000+00:00,2026-01-06 08:15:36.629955+00:00,36.333,0.4649999999999999,0.46,0.47,0.535,0.53,0.54,,,,
2026-01-06 08:15:37.410000+00:00,2026-01-06 08:15:37.641653+00:00,37.41,0.4649999999999999,0.46,0.47,0.535,0.53,0.54,,,,
2026-01-06 08:15:38.465000+00:00,2026-01-06 08:15:38.647127+00:00,38.465,0.4649999999999999,0.46,0.47,0.535,0.53,0.54,,,,
2026-01-06 08:15:39.464000+00:00,2026-01-06 08:15:39.651562+00:00,39.464,0.4649999999999999,0.46,0.47,0.535,0.53,0.54,,,,
2026-01-06 08:15:40.464000+00:00,2026-01-06 08:15:40.662070+00:00,40.464,0.4649999999999999,0.46,0.47,0.535,0.53,0.54,,,,
2026-01-06 08:15:41.370000+00:00,2026-01-06 08:15:41.662596+00:00,41.37,0.4649999999999999,0.46,0.47,0.54,0.53,0.55,,,,
2026-01-06 08:15:42.465000+00:00,2026-01-06 08:15:42.667920+00:00,42.465,0.4649999999999999,0.46,0.47,0.545,0.54,0.55,,,,
2026-01-06 08:15:43.533000+00:00,2026-01-06 08:15:43.681752+00:00,43.533,0.455,0.45,0.46,0.535,0.53,0.54,,,,
2026-01-06 08:15:44.472000+00:00,2026-01-06 08:15:44.695300+00:00,44.472,0.4649999999999999,0.46,0.47,0.535,0.53,0.54,,,,
2026-01-06 08:15:45.522000+00:00,2026-01-06 08:15:45.710080+00:00,45.522,0.4649999999999999,0.46,0.47,0.535,0.53,0.54,,,,
2026-01-06 08:15:46.551000+00:00,2026-01-06 08:15:46.728625+00:00,46.551,0.475,0.47,0.48,0.525,0.52,0.53,,,,
2026-01-06 08:15:47.549000+00:00,2026-01-06 08:15:47.727452+00:00,47.549,0.475,0.47,0.48,0.53,0.52,0.54,,,,
2026-01-06 08:15:48.335000+00:00,2026-01-06 08:15:48.723792+00:00,48.335,0.4649999999999999,0.46,0.47,0.54,0.53,0.55,,,,
2026-01-06 08:15:49.305000+00:00,2026-01-06 08:15:49.715220+00:00,49.305,0.455,0.45,0.46,0.545,0.54,0.55,,,,
2026-01-06 08:15:50.514000+00:00,2026-01-06 08:15:50.709947+00:00,50.514,0.455,0.45,0.46,0.545,0.54,0.55,,,,
2026-01-06 08:15:51.552000+00:00,2026-01-06 08:15:51.724611+00:00,51.552,0.455,0.45,0.46,0.545,0.54,0.55,,,,
2026-01-06 08:15:52.224000+00:00,2026-01-06 08:15:52.715884+00:00,52.224,0.4599999999999999,0.45,0.47,0.54,0.53,0.55,,,,
2026-01-06 08:15:53.521000+00:00,2026-01-06 08:15:53.710285+00:00,53.521,0.4599999999999999,0.45,0.47,0.54,0.53,0.55,,,,
2026-01-06 08:15:54.512000+00:00,2026-01-06 08:15:54.717642+00:00,54.512,0.4599999999999999,0.45,0.47,0.54,0.53,0.55,,,,
2026-01-06 08:15:55.414000+00:00,2026-01-06 08:15:55.723213+00:00,55.414,0.45,0.44,0.46,0.55,0.54,0.56,,,,
2026-01-06 08:15:56.540000+00:00,2026-01-06 08:15:56.726801+00:00,56.54,0.45,0.44,0.46,0.55,0.54,0.56,,,,
2026-01-06 08:15:57.555000+00:00,2026-01-06 08:15:57.737625+00:00,57.555,0.455,0.45,0.46,0.545,0.54,0.55,,,,
2026-01-06 08:15:58.545000+00:00,2026-01-06 08:15:58.745840+00:00,58.545,0.445,0.44,0.45,0.555,0.55,0.56,,,,
2026-01-06 08:15:59.567000+00:00,2026-01-06 08:15:59.743821+00:00,59.567,0.435,0.43,0.44,0.565,0.56,0.57,,,,
2026-01-06 08:16:00.561000+00:00,2026-01-06 08:16:00.744242+00:00,60.561,0.415,0.41,0.42,0.585,0.58,0.59,,,,
2026-01-06 08:16:01.561000+00:00,2026-01-06 08:16:01.744981+00:00,61.561,0.415,0.41,0.42,0.585,0.58,0.59,,,,
2026-01-06 08:16:02.574000+00:00,2026-01-06 08:16:02.743560+00:00,62.574,0.405,0.4,0.41,0.595,0.59,0.6,,,,
2026-01-06 08:16:03.550000+00:00,2026-01-06 08:16:03.732148+00:00,63.55,0.405,0.4,0.41,0.595,0.59,0.6,,,,
2026-01-06 08:16:04.487000+00:00,2026-01-06 08:16:04.736092+00:00,64.487,0.405,0.4,0.41,0.595,0.59,0.6,,,,
2026-01-06 08:16:05.395000+00:00,2026-01-06 08:16:05.727562+00:00,65.395,0.405,0.4,0.41,0.595,0.59,0.6,,,,
2026-01-06 08:16:06.522000+00:00,2026-01-06 08:16:06.725517+00:00,66.522,0.405,0.4,0.41,0.595,0.59,0.6,,,,
2026-01-06 08:16:07.486000+00:00,2026-01-06 08:16:07.723269+00:00,67.486,0.405,0.4,0.41,0.595,0.59,0.6,,,,
2026-01-06 08:16:08.525000+00:00,2026-01-06 08:16:08.722612+00:00,68.525,0.405,0.4,0.41,0.595,0.59,0.6,,,,
2026-01-06 08:16:09.539000+00:00,2026-01-06 08:16:09.733105+00:00,69.539,0.395,0.39,0.4,0.605,0.6,0.61,,,,
2026-01-06 08:16:10.493000+00:00,2026-01-06 08:16:10.748328+00:00,70.493,0.395,0.39,0.4,0.605,0.6,0.61,,,,
2026-01-06 08:16:11.491000+00:00,2026-01-06 08:16:11.747460+00:00,71.491,0.395,0.39,0.4,0.605,0.6,0.61,,,,
2026-01-06 08:16:12.601000+00:00,2026-01-06 08:16:12.745673+00:00,72.601,0.385,0.38,0.39,0.615,0.61,0.62,,,,
2026-01-06 08:16:13.559000+00:00,2026-01-06 08:16:13.749836+00:00,73.559,0.385,0.38,0.39,0.615,0.61,0.62,,,,
2026-01-06 08:16:14.574000+00:00,2026-01-06 08:16:14.761108+00:00,74.574,0.375,0.37,0.38,0.625,0.62,0.63,,,,
2026-01-06 08:16:15.558000+00:00,2026-01-06 08:16:15.768243+00:00,75.558,0.375,0.37,0.38,0.625,0.62,0.63,,,,
2026-01-06 08:16:16.497000+00:00,2026-01-06 08:16:16.784312+00:00,76.497,0.375,0.37,0.38,0.625,0.62,0.63,,,,
2026-01-06 08:16:17.606000+00:00,2026-01-06 08:16:17.784113+00:00,77.606,0.375,0.37,0.38,0.625,0.62,0.63,,,,
2026-01-06 08:16:18.610000+00:00,2026-01-06 08:16:18.799311+00:00,78.61,0.375,0.37,0.38,0.625,0.62,0.63,,,,
2026-01-06 08:16:19.617000+00:00,2026-01-06 08:16:19.813709+00:00,79.617,0.38,0.37,0.39,0.62,0.61,0.63,,,,
2026-01-06 08:16:20.568000+00:00,2026-01-06 08:16:20.832556+00:00,80.568,0.38,0.37,0.39,0.62,0.61,0.63,,,,
2026-01-06 08:16:21.654000+00:00,2026-01-06 08:16:21.831140+00:00,81.654,0.38,0.37,0.39,0.62,0.61,0.63,,,,
2026-01-06 08:16:22.597000+00:00,2026-01-06 08:16:22.827465+00:00,82.597,0.38,0.37,0.39,0.62,0.61,0.63,,,,
2026-01-06 08:16:23.665000+00:00,2026-01-06 08:16:23.836659+00:00,83.665,0.365,0.36,0.37,0.635,0.63,0.64,,,,
2026-01-06 08:16:24.646000+00:00,2026-01-06 08:16:24.830615+00:00,84.646,0.355,0.35,0.36,0.645,0.64,0.65,,,,
2026-01-06 08:16:25.643000+00:00,2026-01-06 08:16:25.828043+00:00,85.643,0.37,0.36,0.38,0.63,0.62,0.64,,,,
2026-01-06 08:16:26.649000+00:00,2026-01-06 08:16:26.830001+00:00,86.649,0.375,0.37,0.38,0.625,0.62,0.63,,,,
2026-01-06 08:16:27.537000+00:00,2026-01-06 08:16:27.845934+00:00,87.537,0.375,0.37,0.38,0.625,0.62,0.63,,,,
2026-01-06 08:16:28.600000+00:00,2026-01-06 08:16:28.861959+00:00,88.6,0.375,0.37,0.38,0.625,0.62,0.63,,,,
2026-01-06 08:16:29.630000+00:00,2026-01-06 08:16:29.878579+00:00,89.63,0.375,0.37,0.38,0.625,0.62,0.63,,,,
2026-01-06 08:16:30.670000+00:00,2026-01-06 08:16:30.874941+00:00,90.67,0.375,0.37,0.38,0.625,0.62,0.63,,,,
2026-01-06 08:16:31.496000+00:00,2026-01-06 08:16:31.883399+00:00,91.496,0.375,0.37,0.38,0.625,0.62,0.63,,,,
2026-01-06 08:16:32.029000+00:00,2026-01-06 08:16:32.896807+00:00,92.029,0.375,0.37,0.38,0.625,0.62,0.63,,,,
2026-01-06 08:16:33.713000+00:00,2026-01-06 08:16:33.896786+00:00,93.713,0.365,0.36,0.37,0.635,0.63,0.64,,,,
2026-01-06 08:16:34.587000+00:00,2026-01-06 08:16:34.896782+00:00,94.587,0.365,0.36,0.37,0.635,0.63,0.64,,,,
2026-01-06 08:16:35.404000+00:00,2026-01-06 08:16:35.911686+00:00,95.404,0.37,0.36,0.38,0.635,0.63,0.64,,,,
2026-01-06 08:16:36.726000+00:00,2026-01-06 08:16:36.913240+00:00,96.726,0.365,0.36,0.37,0.625,0.62,0.63,,,,
2026-01-06 08:16:37.736000+00:00,2026-01-06 08:16:37.910948+00:00,97.736,0.405,0.4,0.41,0.6,0.59,0.61,,,,
2026-01-06 08:16:38.716000+00:00,2026-01-06 08:16:38.910925+00:00,98.716,0.405,0.4,0.41,0.595,0.59,0.6,,,,
2026-01-06 08:16:39.736000+00:00,2026-01-06 08:16:39.918543+00:00,99.736,0.415,0.41,0.42,0.575,0.57,0.58,,,,
2026-01-06 08:16:40.723000+00:00,2026-01-06 08:16:40.925669+00:00,100.723,0.455,0.45,0.46,0.54,0.53,0.55,,,,
2026-01-06 08:16:41.755000+00:00,2026-01-06 08:16:41.935160+00:00,101.755,0.4649999999999999,0.46,0.47,0.535,0.53,0.54,,,,
2026-01-06 08:16:42.666000+00:00,2026-01-06 08:16:42.929014+00:00,102.666,0.4649999999999999,0.46,0.47,0.535,0.53,0.54,,,,
2026-01-06 08:16:43.766000+00:00,2026-01-06 08:16:43.940718+00:00,103.766,0.4649999999999999,0.46,0.47,0.54,0.53,0.55,,,,
2026-01-06 08:16:44.760000+00:00,2026-01-06 08:16:44.949528+00:00,104.76,0.4599999999999999,0.45,0.47,0.54,0.53,0.55,,,,
2026-01-06 08:16:45.781000+00:00,2026-01-06 08:16:45.959731+00:00,105.781,0.4649999999999999,0.46,0.47,0.535,0.53,0.54,,,,
2026-01-06 08:16:46.554000+00:00,2026-01-06 08:16:46.959294+00:00,106.554,0.4649999999999999,0.46,0.47,0.535,0.53,0.54,,,,
2026-01-06 08:16:47.773000+00:00,2026-01-06 08:16:47.955731+00:00,107.773,0.4649999999999999,0.46,0.47,0.535,0.53,0.54,,,,
2026-01-06 08:16:48.774000+00:00,2026-01-06 08:16:48.957038+00:00,108.774,0.475,0.47,0.48,0.525,0.52,0.53,,,,
2026-01-06 08:16:49.706000+00:00,2026-01-06 08:16:49.963592+00:00,109.706,0.475,0.47,0.48,0.525,0.52,0.53,,,,
2026-01-06 08:16:50.798000+00:00,2026-01-06 08:16:50.982261+00:00,110.798,0.475,0.47,0.48,0.525,0.52,0.53,,,,
2026-01-06 08:16:51.797000+00:00,2026-01-06 08:16:51.993816+00:00,111.797,0.475,0.47,0.48,0.525,0.52,0.53,,,,
2026-01-06 08:16:52.742000+00:00,2026-01-06 08:16:53.004669+00:00,112.742,0.475,0.47,0.48,0.525,0.52,0.53,,,,
2026-01-06 08:16:53.802000+00:00,2026-01-06 08:16:54.011389+00:00,113.802,0.475,0.47,0.48,0.525,0.52,0.53,,,,
2026-01-06 08:16:54.831000+00:00,2026-01-06 08:16:55.009895+00:00,114.831,0.475,0.47,0.48,0.525,0.52,0.53,,,,
2026-01-06 08:16:55.815000+00:00,2026-01-06 08:16:56.020925+00:00,115.815,0.485,0.48,0.49,0.515,0.51,0.52,,,,
2026-01-06 08:16:56.834000+00:00,2026-01-06 08:16:57.022070+00:00,116.834,0.485,0.48,0.49,0.515,0.51,0.52,,,,
2026-01-06 08:16:57.857000+00:00,2026-01-06 08:16:58.029928+00:00,117.857,0.485,0.48,0.49,0.515,0.51,0.52,,,,
2026-01-06 08:16:58.831000+00:00,2026-01-06 08:16:59.038538+00:00,118.831,0.495,0.49,0.5,0.505,0.5,0.51,,,,
2026-01-06 08:16:59.814000+00:00,2026-01-06 08:17:00.049581+00:00,119.814,0.495,0.49,0.5,0.505,0.5,0.51,,,,
2026-01-06 08:17:00.874000+00:00,2026-01-06 08:17:01.057304+00:00,120.874,0.505,0.5,0.51,0.495,0.49,0.5,,,,
2026-01-06 08:17:01.767000+00:00,2026-01-06 08:17:02.059963+00:00,121.767,0.505,0.5,0.51,0.495,0.49,0.5,,,,
2026-01-06 08:17:02.858000+00:00,2026-01-06 08:17:03.074867+00:00,122.858,0.515,0.51,0.52,0.485,0.48,0.49,,,,
2026-01-06 08:17:03.853000+00:00,2026-01-06 08:17:04.077077+00:00,123.853,0.515,0.51,0.52,0.485,0.48,0.49,,,,
2026-01-06 08:17:04.852000+00:00,2026-01-06 08:17:05.085657+00:00,124.852,0.515,0.51,0.52,0.485,0.48,0.49,,,,
2026-01-06 08:17:05.889000+00:00,2026-01-06 08:17:06.083574+00:00,125.889,0.505,0.5,0.51,0.495,0.49,0.5,,,,
2026-01-06 08:17:06.875000+00:00,2026-01-06 08:17:07.076352+00:00,126.875,0.505,0.5,0.51,0.495,0.49,0.5,,,,
2026-01-06 08:17:07.831000+00:00,2026-01-06 08:17:08.084929+00:00,127.831,0.485,0.48,0.49,0.515,0.51,0.52,,,,
2026-01-06 08:17:08.839000+00:00,2026-01-06 08:17:09.109926+00:00,128.839,0.485,0.48,0.49,0.505,0.5,0.51,,,,
2026-01-06 08:17:09.908000+00:00,2026-01-06 08:17:10.126412+00:00,129.908,0.495,0.49,0.5,0.505,0.5,0.51,,,,
2026-01-06 08:17:10.944000+00:00,2026-01-06 08:17:11.126421+00:00,130.944,0.495,0.49,0.5,0.505,0.5,0.51,,,,
2026-01-06 08:17:11.967000+00:00,2026-01-06 08:17:12.143105+00:00,131.967,0.515,0.51,0.52,0.4649999999999999,0.46,0.47,,,,
2026-01-06 08:17:12.818000+00:00,2026-01-06 08:17:13.152316+00:00,132.818,0.555,0.55,0.56,0.445,0.44,0.45,,,,
2026-01-06 08:17:13.922000+00:00,2026-01-06 08:17:14.147271+00:00,133.922,0.555,0.55,0.56,0.445,0.44,0.45,,,,
2026-01-06 08:17:14.952000+00:00,2026-01-06 08:17:15.144191+00:00,134.952,0.565,0.56,0.57,0.435,0.43,0.44,,,,
2026-01-06 08:17:16.962000+00:00,2026-01-06 08:17:17.139660+00:00,136.962,0.535,0.53,0.54,0.47,0.46,0.48,,,,
2026-01-06 08:17:17.981000+00:00,2026-01-06 08:17:18.158514+00:00,137.981,0.53,0.52,0.54,0.4649999999999999,0.46,0.47,,,,
2026-01-06 08:17:18.979000+00:00,2026-01-06 08:17:19.157661+00:00,138.979,0.55,0.54,0.56,0.45,0.44,0.46,,,,
2026-01-06 08:17:19.861000+00:00,2026-01-06 08:17:20.172357+00:00,139.861,0.55,0.54,0.56,0.445,0.44,0.45,,,,
2026-01-06 08:17:21.979000+00:00,2026-01-06 08:17:22.172702+00:00,141.979,0.55,0.54,0.56,0.455,0.45,0.46,,,,
2026-01-06 08:17:22.996000+00:00,2026-01-06 08:17:23.174258+00:00,142.996,0.555,0.55,0.56,0.445,0.44,0.45,,,,
2026-01-06 08:17:23.953000+00:00,2026-01-06 08:17:24.189540+00:00,143.953,0.555,0.55,0.56,0.445,0.44,0.45,,,,
2026-01-06 08:17:24.998000+00:00,2026-01-06 08:17:25.189085+00:00,144.998,0.565,0.56,0.57,0.435,0.43,0.44,,,,
2026-01-06 08:17:26.009000+00:00,2026-01-06 08:17:26.190382+00:00,146.009,0.575,0.57,0.58,0.425,0.42,0.43,,,,
2026-01-06 08:17:27.026000+00:00,2026-01-06 08:17:27.206210+00:00,147.026,0.585,0.58,0.59,0.415,0.41,0.42,,,,
2026-01-06 08:17:28.042000+00:00,2026-01-06 08:17:28.224108+00:00,148.042,0.595,0.59,0.6,0.405,0.4,0.41,,,,
2026-01-06 08:17:29.038000+00:00,2026-01-06 08:17:29.222942+00:00,149.038,0.605,0.6,0.61,0.395,0.39,0.4,,,,
2026-01-06 08:17:30.006000+00:00,2026-01-06 08:17:30.222951+00:00,150.006,0.605,0.6,0.61,0.395,0.39,0.4,,,,
2026-01-06 08:17:31.043000+00:00,2026-01-06 08:17:31.223447+00:00,151.043,0.585,0.58,0.59,0.415,0.41,0.42,,,,
2026-01-06 08:17:32.874000+00:00,2026-01-06 08:17:33.242013+00:00,152.874,0.565,0.56,0.57,0.435,0.43,0.44,,,,
2026-01-06 08:17:34.021000+00:00,2026-01-06 08:17:34.261694+00:00,154.021,0.565,0.56,0.57,0.435,0.43,0.44,,,,
2026-01-06 08:17:35.033000+00:00,2026-01-06 08:17:35.275232+00:00,155.033,0.565,0.56,0.57,0.435,0.43,0.44,,,,
2026-01-06 08:17:36.109000+00:00,2026-01-06 08:17:36.294240+00:00,156.109,0.565,0.56,0.57,0.435,0.43,0.44,,,,
2026-01-06 08:17:37.106000+00:00,2026-01-06 08:17:37.297506+00:00,157.106,0.55,0.54,0.56,0.45,0.44,0.46,,,,
2026-01-06 08:17:38.884000+00:00,2026-01-06 08:17:39.330705+00:00,158.884,0.555,0.55,0.56,0.445,0.44,0.45,,,,
2026-01-06 08:17:40.129000+00:00,2026-01-06 08:17:40.325487+00:00,160.129,0.555,0.55,0.56,0.445,0.44,0.45,,,,
2026-01-06 08:17:41.060000+00:00,2026-01-06 08:17:41.324551+00:00,161.06,0.565,0.56,0.57,0.435,0.43,0.44,,,,
2026-01-06 08:17:42.159000+00:00,2026-01-06 08:17:42.334234+00:00,162.159,0.58,0.57,0.59,0.425,0.42,0.43,,,,
2026-01-06 08:17:43.132000+00:00,2026-01-06 08:17:43.327202+00:00,163.132,0.6,0.59,0.61,0.395,0.39,0.4,,,,
2026-01-06 08:17:44.150000+00:00,2026-01-06 08:17:44.342195+00:00,164.15,0.605,0.6,0.61,0.395,0.39,0.4,,,,
2026-01-06 08:17:45.177000+00:00,2026-01-06 08:17:45.358122+00:00,165.177,0.605,0.6,0.61,0.395,0.39,0.4,,,,
2026-01-06 08:17:46.168000+00:00,2026-01-06 08:17:46.363206+00:00,166.168,0.615,0.61,0.62,0.385,0.38,0.39,,,,
2026-01-06 08:17:47.154000+00:00,2026-01-06 08:17:47.367496+00:00,167.154,0.615,0.61,0.62,0.385,0.38,0.39,,,,
2026-01-06 08:17:48.285000+00:00,2026-01-06 08:17:48.373859+00:00,168.285,0.615,0.61,0.62,0.385,0.38,0.39,,,,
2026-01-06 08:17:49.184000+00:00,2026-01-06 08:17:49.381730+00:00,169.184,0.61,0.6,0.62,0.39,0.38,0.4,,,,
2026-01-06 08:17:50.187000+00:00,2026-01-06 08:17:50.390776+00:00,170.187,0.605,0.6,0.61,0.395,0.39,0.4,,,,
2026-01-06 08:17:51.203000+00:00,2026-01-06 08:17:51.383590+00:00,171.203,0.595,0.59,0.6,0.445,0.44,0.45,,,,
2026-01-06 08:17:52.226000+00:00,2026-01-06 08:17:52.400389+00:00,172.226,0.545,0.54,0.55,0.455,0.45,0.46,,,,
2026-01-06 08:17:53.135000+00:00,2026-01-06 08:17:53.397983+00:00,173.135,0.545,0.54,0.55,0.455,0.45,0.46,,,,
2026-01-06 08:17:54.099000+00:00,2026-01-06 08:17:54.397367+00:00,174.099,0.545,0.54,0.55,0.455,0.45,0.46,,,,
2026-01-06 08:17:55.180000+00:00,2026-01-06 08:17:55.400487+00:00,175.18,0.545,0.54,0.55,0.455,0.45,0.46,,,,
2026-01-06 08:17:56.116000+00:00,2026-01-06 08:17:56.424726+00:00,176.116,0.545,0.54,0.55,0.455,0.45,0.46,,,,
2026-01-06 08:17:57.258000+00:00,2026-01-06 08:17:57.439692+00:00,177.258,0.555,0.55,0.56,0.445,0.44,0.45,,,,
2026-01-06 08:17:58.257000+00:00,2026-01-06 08:17:58.451195+00:00,178.257,0.55,0.54,0.56,0.455,0.45,0.46,,,,
2026-01-06 08:17:59.280000+00:00,2026-01-06 08:17:59.458175+00:00,179.28,0.53,0.52,0.54,0.47,0.46,0.48,,,,
2026-01-06 08:18:00.273000+00:00,2026-01-06 08:18:00.466018+00:00,180.273,0.53,0.52,0.54,0.475,0.47,0.48,,,,
2026-01-06 08:18:01.292000+00:00,2026-01-06 08:18:01.472615+00:00,181.292,0.485,0.48,0.49,0.515,0.51,0.52,,,,
2026-01-06 08:18:02.239000+00:00,2026-01-06 08:18:02.487328+00:00,182.239,0.475,0.47,0.48,0.525,0.52,0.53,,,,
2026-01-06 08:18:03.247000+00:00,2026-01-06 08:18:03.489982+00:00,183.247,0.475,0.47,0.48,0.525,0.52,0.53,,,,
2026-01-06 08:18:04.264000+00:00,2026-01-06 08:18:04.483731+00:00,184.264,0.47,0.46,0.48,0.53,0.52,0.54,,,,
2026-01-06 08:18:05.194000+00:00,2026-01-06 08:18:05.474253+00:00,185.194,0.47,0.46,0.48,0.53,0.52,0.54,,,,
2026-01-06 08:18:06.245000+00:00,2026-01-06 08:18:06.490163+00:00,186.245,0.4599999999999999,0.45,0.47,0.54,0.53,0.55,,,,
2026-01-06 08:18:07.305000+00:00,2026-01-06 08:18:07.489563+00:00,187.305,0.475,0.47,0.48,0.525,0.52,0.53,,,,
2026-01-06 08:18:08.319000+00:00,2026-01-06 08:18:08.490879+00:00,188.319,0.47,0.46,0.48,0.525,0.52,0.53,,,,
2026-01-06 08:18:09.285000+00:00,2026-01-06 08:18:09.495357+00:00,189.285,0.475,0.47,0.48,0.525,0.52,0.53,,,,
2026-01-06 08:18:10.320000+00:00,2026-01-06 08:18:10.494144+00:00,190.32,0.485,0.48,0.49,0.515,0.51,0.52,,,,
2026-01-06 08:18:11.310000+00:00,2026-01-06 08:18:11.504272+00:00,191.31,0.525,0.52,0.53,0.475,0.47,0.48,,,,
2026-01-06 08:18:12.160000+00:00,2026-01-06 08:18:12.515230+00:00,192.16,0.525,0.52,0.53,0.475,0.47,0.48,,,,
2026-01-06 08:18:13.341000+00:00,2026-01-06 08:18:13.523772+00:00,193.341,0.535,0.53,0.54,0.4649999999999999,0.46,0.47,,,,
2026-01-06 08:18:14.340000+00:00,2026-01-06 08:18:14.524280+00:00,194.34,0.56,0.55,0.57,0.44,0.43,0.45,,,,
2026-01-06 08:18:15.361000+00:00,2026-01-06 08:18:15.541252+00:00,195.361,0.565,0.56,0.57,0.435,0.43,0.44,,,,
2026-01-06 08:18:16.342000+00:00,2026-01-06 08:18:16.541637+00:00,196.342,0.575,0.56,0.59,0.425,0.41,0.44,,,,
2026-01-06 08:18:17.266000+00:00,2026-01-06 08:18:17.550199+00:00,197.266,0.575,0.57,0.58,0.425,0.42,0.43,,,,
2026-01-06 08:18:18.341000+00:00,2026-01-06 08:18:18.555842+00:00,198.341,0.58,0.57,0.59,0.42,0.41,0.43,,,,
2026-01-06 08:18:19.260000+00:00,2026-01-06 08:18:19.561876+00:00,199.26,0.58,0.57,0.59,0.42,0.41,0.43,,,,
2026-01-06 08:18:20.341000+00:00,2026-01-06 08:18:20.570756+00:00,200.341,0.58,0.57,0.59,0.415,0.41,0.42,,,,
2026-01-06 08:18:21.377000+00:00,2026-01-06 08:18:21.579442+00:00,201.377,0.585,0.58,0.59,0.415,0.41,0.42,,,,
2026-01-06 08:18:22.400000+00:00,2026-01-06 08:18:22.584639+00:00,202.4,0.605,0.6,0.61,0.395,0.39,0.4,,,,
2026-01-06 08:18:23.397000+00:00,2026-01-06 08:18:23.590673+00:00,203.397,0.6,0.59,0.61,0.4,0.39,0.41,,,,
2026-01-06 08:18:24.422000+00:00,2026-01-06 08:18:24.606701+00:00,204.422,0.6,0.59,0.61,0.395,0.39,0.4,,,,
2026-01-06 08:18:25.067000+00:00,2026-01-06 08:18:25.603545+00:00,205.067,0.605,0.6,0.61,0.395,0.39,0.4,,,,
2026-01-06 08:18:26.427000+00:00,2026-01-06 08:18:26.606704+00:00,206.427,0.605,0.6,0.61,0.39,0.38,0.4,,,,
2026-01-06 08:18:27.421000+00:00,2026-01-06 08:18:27.614510+00:00,207.421,0.615,0.61,0.62,0.385,0.38,0.39,,,,
2026-01-06 08:18:28.438000+00:00,2026-01-06 08:18:28.639757+00:00,208.438,0.63,0.62,0.64,0.37,0.36,0.38,,,,
2026-01-06 08:18:29.396000+00:00,2026-01-06 08:18:29.652531+00:00,209.396,0.625,0.62,0.63,0.375,0.37,0.38,,,,
2026-01-06 08:18:30.459000+00:00,2026-01-06 08:18:30.669495+00:00,210.459,0.61,0.6,0.62,0.39,0.38,0.4,,,,
2026-01-06 08:18:31.479000+00:00,2026-01-06 08:18:31.677069+00:00,211.479,0.595,0.59,0.6,0.405,0.4,0.41,,,,
2026-01-06 08:18:32.513000+00:00,2026-01-06 08:18:32.693285+00:00,212.513,0.5700000000000001,0.56,0.58,0.43,0.42,0.44,,,,
2026-01-06 08:18:33.507000+00:00,2026-01-06 08:18:33.689813+00:00,213.507,0.565,0.56,0.57,0.435,0.43,0.44,,,,
2026-01-06 08:18:34.355000+00:00,2026-01-06 08:18:34.706014+00:00,214.355,0.565,0.56,0.57,0.44,0.43,0.45,,,,
2026-01-06 08:18:35.413000+00:00,2026-01-06 08:18:35.715603+00:00,215.413,0.555,0.55,0.56,0.445,0.44,0.45,,,,
2026-01-06 08:18:36.482000+00:00,2026-01-06 08:18:36.731596+00:00,216.482,0.555,0.55,0.56,0.445,0.44,0.45,,,,
2026-01-06 08:18:37.369000+00:00,2026-01-06 08:18:37.739564+00:00,217.369,0.555,0.55,0.56,0.445,0.44,0.45,,,,
2026-01-06 08:18:38.563000+00:00,2026-01-06 08:18:38.748948+00:00,218.563,0.555,0.55,0.56,0.4649999999999999,0.46,0.47,,,,
2026-01-06 08:18:39.494000+00:00,2026-01-06 08:18:39.743942+00:00,219.494,0.535,0.53,0.54,0.4649999999999999,0.46,0.47,,,,
2026-01-06 08:18:40.558000+00:00,2026-01-06 08:18:40.740229+00:00,220.558,0.535,0.53,0.54,0.4649999999999999,0.46,0.47,,,,
2026-01-06 08:18:41.567000+00:00,2026-01-06 08:18:41.745755+00:00,221.567,0.515,0.51,0.52,0.485,0.48,0.49,,,,
2026-01-06 08:18:42.574000+00:00,2026-01-06 08:18:42.754717+00:00,222.574,0.52,0.51,0.53,0.48,0.47,0.49,,,,
2026-01-06 08:18:43.652000+00:00,2026-01-06 08:18:43.771263+00:00,223.652,0.52,0.51,0.53,0.48,0.47,0.49,,,,
2026-01-06 08:18:44.455000+00:00,2026-01-06 08:18:44.779990+00:00,224.455,0.52,0.51,0.53,0.48,0.47,0.49,,,,
2026-01-06 08:18:45.594000+00:00,2026-01-06 08:18:45.788679+00:00,225.594,0.535,0.53,0.54,0.4649999999999999,0.46,0.47,,,,
2026-01-06 08:18:46.407000+00:00,2026-01-06 08:18:46.789578+00:00,226.407,0.545,0.54,0.55,0.455,0.45,0.46,,,,
2026-01-06 08:18:47.440000+00:00,2026-01-06 08:18:47.799564+00:00,227.44,0.545,0.54,0.55,0.455,0.45,0.46,,,,
2026-01-06 08:18:48.593000+00:00,2026-01-06 08:18:48.814090+00:00,228.593,0.545,0.54,0.55,0.455,0.45,0.46,,,,
2026-01-06 08:18:49.537000+00:00,2026-01-06 08:18:49.831834+00:00,229.537,0.555,0.55,0.56,0.45,0.44,0.46,,,,
2026-01-06 08:18:50.650000+00:00,2026-01-06 08:18:50.838881+00:00,230.65,0.55,0.54,0.56,0.455,0.45,0.46,,,,
2026-01-06 08:18:51.660000+00:00,2026-01-06 08:18:51.854583+00:00,231.66,0.55,0.54,0.56,0.45,0.44,0.46,,,,
2026-01-06 08:18:52.560000+00:00,2026-01-06 08:18:52.854539+00:00,232.56,0.55,0.54,0.56,0.45,0.44,0.46,,,,
2026-01-06 08:18:53.640000+00:00,2026-01-06 08:18:53.847825+00:00,233.64,0.54,0.53,0.55,0.455,0.45,0.46,,,,
2026-01-06 08:18:54.658000+00:00,2026-01-06 08:18:54.855955+00:00,234.658,0.54,0.53,0.55,0.4599999999999999,0.45,0.47,,,,
2026-01-06 08:18:55.526000+00:00,2026-01-06 08:18:55.857312+00:00,235.526,0.545,0.54,0.55,0.455,0.45,0.46,,,,
2026-01-06 08:18:56.668000+00:00,2026-01-06 08:18:56.854667+00:00,236.668,0.535,0.53,0.54,0.4599999999999999,0.45,0.47,,,,
2026-01-06 08:18:57.675000+00:00,2026-01-06 08:18:57.871101+00:00,237.675,0.54,0.53,0.55,0.4599999999999999,0.45,0.47,,,,
2026-01-06 08:18:58.645000+00:00,2026-01-06 08:18:58.871719+00:00,238.645,0.535,0.53,0.54,0.4649999999999999,0.46,0.47,,,,
2026-01-06 08:18:59.600000+00:00,2026-01-06 08:18:59.871713+00:00,239.6,0.535,0.53,0.54,0.4649999999999999,0.46,0.47,,,,
2026-01-06 08:19:00.667000+00:00,2026-01-06 08:19:00.879849+00:00,240.667,0.535,0.53,0.54,0.4649999999999999,0.46,0.47,,,,
2026-01-06 08:19:01.712000+00:00,2026-01-06 08:19:01.888445+00:00,241.712,0.535,0.53,0.54,0.4649999999999999,0.46,0.47,,,,
2026-01-06 08:19:02.674000+00:00,2026-01-06 08:19:02.899056+00:00,242.674,0.565,0.56,0.57,0.435,0.43,0.44,,,,
2026-01-06 08:19:03.729000+00:00,2026-01-06 08:19:03.896242+00:00,243.729,0.565,0.56,0.57,0.435,0.43,0.44,,,,
2026-01-06 08:19:04.703000+00:00,2026-01-06 08:19:04.905785+00:00,244.703,0.575,0.57,0.58,0.425,0.42,0.43,,,,
2026-01-06 08:19:05.739000+00:00,2026-01-06 08:19:05.915260+00:00,245.739,0.575,0.57,0.58,0.425,0.42,0.43,,,,
2026-01-06 08:19:06.724000+00:00,2026-01-06 08:19:06.921857+00:00,246.724,0.585,0.58,0.59,0.39,0.38,0.4,,,,
2026-01-06 08:19:07.711000+00:00,2026-01-06 08:19:07.920849+00:00,247.711,0.615,0.61,0.62,0.385,0.38,0.39,,,,
2026-01-06 08:19:08.586000+00:00,2026-01-06 08:19:08.921875+00:00,248.586,0.605,0.6,0.61,0.395,0.39,0.4,,,,
2026-01-06 08:19:09.717000+00:00,2026-01-06 08:19:09.921622+00:00,249.717,0.605,0.6,0.61,0.395,0.39,0.4,,,,
2026-01-06 08:19:10.770000+00:00,2026-01-06 08:19:10.938115+00:00,250.77,0.595,0.59,0.6,0.405,0.4,0.41,,,,
2026-01-06 08:19:11.777000+00:00,2026-01-06 08:19:11.955374+00:00,251.777,0.605,0.6,0.61,0.395,0.39,0.4,,,,
2026-01-06 08:19:12.776000+00:00,2026-01-06 08:19:12.962805+00:00,252.776,0.635,0.63,0.64,0.365,0.36,0.37,,,,
2026-01-06 08:19:13.796000+00:00,2026-01-06 08:19:13.977647+00:00,253.796,0.625,0.62,0.63,0.375,0.37,0.38,,,,
2026-01-06 08:19:14.804000+00:00,2026-01-06 08:19:14.988181+00:00,254.804,0.63,0.62,0.64,0.365,0.36,0.37,,,,
2026-01-06 08:19:15.816000+00:00,2026-01-06 08:19:16.004218+00:00,255.816,0.635,0.63,0.64,0.365,0.36,0.37,,,,
2026-01-06 08:19:16.823000+00:00,2026-01-06 08:19:17.004374+00:00,256.823,0.63,0.62,0.64,0.37,0.36,0.38,,,,
2026-01-06 08:19:17.836000+00:00,2026-01-06 08:19:18.022488+00:00,257.836,0.625,0.62,0.63,0.375,0.37,0.38,,,,
2026-01-06 08:19:18.839000+00:00,2026-01-06 08:19:19.022252+00:00,258.839,0.595,0.59,0.6,0.405,0.4,0.41,,,,
2026-01-06 08:19:19.860000+00:00,2026-01-06 08:19:20.041564+00:00,259.86,0.545,0.54,0.55,0.4649999999999999,0.46,0.47,,,,
2026-01-06 08:19:20.877000+00:00,2026-01-06 08:19:21.057610+00:00,260.877,0.525,0.52,0.53,0.475,0.47,0.48,,,,
2026-01-06 08:19:21.807000+00:00,2026-01-06 08:19:22.067078+00:00,261.807,0.525,0.52,0.53,0.47,0.46,0.48,,,,
2026-01-06 08:19:22.886000+00:00,2026-01-06 08:19:23.069289+00:00,262.886,0.505,0.5,0.51,0.495,0.49,0.5,,,,
2026-01-06 08:19:23.882000+00:00,2026-01-06 08:19:24.074364+00:00,263.882,0.5,0.49,0.51,0.5,0.49,0.51,,,,
2026-01-06 08:19:24.874000+00:00,2026-01-06 08:19:25.087610+00:00,264.874,0.5,0.49,0.51,0.5,0.49,0.51,,,,
2026-01-06 08:19:25.881000+00:00,2026-01-06 08:19:26.093783+00:00,265.881,0.495,0.49,0.5,0.505,0.5,0.51,,,,
2026-01-06 08:19:26.749000+00:00,2026-01-06 08:19:27.111111+00:00,266.749,0.495,0.49,0.5,0.51,0.5,0.52,,,,
2026-01-06 08:19:27.900000+00:00,2026-01-06 08:19:28.121556+00:00,267.9,0.5,0.49,0.51,0.5,0.49,0.51,,,,
2026-01-06 08:19:28.942000+00:00,2026-01-06 08:19:29.117634+00:00,268.942,0.5,0.49,0.51,0.5,0.49,0.51,,,,
2026-01-06 08:19:29.819000+00:00,2026-01-06 08:19:30.119327+00:00,269.819,0.495,0.49,0.5,0.5,0.49,0.51,,,,
2026-01-06 08:19:30.894000+00:00,2026-01-06 08:19:31.128528+00:00,270.894,0.5,0.49,0.51,0.5,0.49,0.51,,,,
2026-01-06 08:19:31.930000+00:00,2026-01-06 08:19:32.136417+00:00,271.93,0.5,0.49,0.51,0.5,0.49,0.51,,,,
2026-01-06 08:19:32.862000+00:00,2026-01-06 08:19:33.141365+00:00,272.862,0.5,0.49,0.51,0.5,0.49,0.51,,,,
2026-01-06 08:19:33.787000+00:00,2026-01-06 08:19:34.153644+00:00,273.787,0.49,0.48,0.5,0.51,0.5,0.52,,,,
2026-01-06 08:19:34.986000+00:00,2026-01-06 08:19:35.166880+00:00,274.986,0.475,0.47,0.48,0.525,0.52,0.53,,,,
2026-01-06 08:19:36.853000+00:00,2026-01-06 08:19:37.193478+00:00,276.853,0.4649999999999999,0.46,0.47,0.535,0.53,0.54,,,,
2026-01-06 08:19:38.005000+00:00,2026-01-06 08:19:38.193080+00:00,278.005,0.4649999999999999,0.46,0.47,0.535,0.53,0.54,,,,
2026-01-06 08:19:39.907000+00:00,2026-01-06 08:19:40.237464+00:00,279.907,0.455,0.45,0.46,0.545,0.54,0.55,,,,
2026-01-06 08:19:41.037000+00:00,2026-01-06 08:19:41.234089+00:00,281.037,0.485,0.48,0.49,0.515,0.51,0.52,,,,
2026-01-06 08:19:42.058000+00:00,2026-01-06 08:19:42.239384+00:00,282.058,0.485,0.48,0.49,0.515,0.51,0.52,,,,
2026-01-06 08:19:43.959000+00:00,2026-01-06 08:19:44.234945+00:00,283.959,0.485,0.48,0.49,0.515,0.51,0.52,,,,
2026-01-06 08:19:45.057000+00:00,2026-01-06 08:19:45.234773+00:00,285.057,0.495,0.49,0.5,0.495,0.49,0.5,,,,
2026-01-06 08:19:46.922000+00:00,2026-01-06 08:19:47.250164+00:00,286.922,0.515,0.51,0.52,0.485,0.48,0.49,,,,
2026-01-06 08:19:48.928000+00:00,2026-01-06 08:19:49.270353+00:00,288.928,0.505,0.5,0.51,0.495,0.49,0.5,,,,
2026-01-06 08:19:50.083000+00:00,2026-01-06 08:19:50.268302+00:00,290.083,0.505,0.5,0.51,0.495,0.49,0.5,,,,
2026-01-06 08:19:51.002000+00:00,2026-01-06 08:19:51.271858+00:00,291.002,0.505,0.5,0.51,0.495,0.49,0.5,,,,
2026-01-06 08:19:52.046000+00:00,2026-01-06 08:19:52.288025+00:00,292.046,0.51,0.5,0.52,0.49,0.48,0.5,,,,
2026-01-06 08:19:53.104000+00:00,2026-01-06 08:19:53.303915+00:00,293.104,0.515,0.51,0.52,0.485,0.48,0.49,,,,
2026-01-06 08:19:54.148000+00:00,2026-01-06 08:19:54.323071+00:00,294.148,0.515,0.51,0.52,0.485,0.48,0.49,,,,
2026-01-06 08:19:55.012000+00:00,2026-01-06 08:19:55.329205+00:00,295.012,0.515,0.51,0.52,0.485,0.48,0.49,,,,
2026-01-06 08:19:56.109000+00:00,2026-01-06 08:19:56.335873+00:00,296.109,0.515,0.51,0.52,0.485,0.48,0.49,,,,
2026-01-06 08:19:57.876000+00:00,2026-01-06 08:19:58.345190+00:00,297.876,0.515,0.51,0.52,0.485,0.48,0.49,,,,
2026-01-06 08:19:59.106000+00:00,2026-01-06 08:19:59.347627+00:00,299.106,0.515,0.51,0.52,0.485,0.48,0.49,,,,
2026-01-06 08:20:00.069000+00:00,2026-01-06 08:20:00.350017+00:00,300.069,0.515,0.51,0.52,0.485,0.48,0.49,,,,
2026-01-06 08:20:01.173000+00:00,2026-01-06 08:20:01.362410+00:00,301.173,0.525,0.52,0.53,0.475,0.47,0.48,,,,
2026-01-06 08:20:02.995000+00:00,2026-01-06 08:20:03.382216+00:00,302.995,0.605,0.6,0.61,0.395,0.39,0.4,,,,
2026-01-06 08:20:03.759000+00:00,2026-01-06 08:20:04.397579+00:00,303.759,0.615,0.61,0.62,0.385,0.38,0.39,,,,
2026-01-06 08:20:05.235000+00:00,2026-01-06 08:20:05.404717+00:00,305.235,0.635,0.63,0.64,0.365,0.36,0.37,,,,
2026-01-06 08:20:06.218000+00:00,2026-01-06 08:20:06.408345+00:00,306.218,0.64,0.63,0.65,0.36,0.35,0.37,,,,
2026-01-06 08:20:07.236000+00:00,2026-01-06 08:20:07.407829+00:00,307.236,0.645,0.64,0.65,0.355,0.35,0.36,,,,
2026-01-06 08:20:08.242000+00:00,2026-01-06 08:20:08.425329+00:00,308.242,0.66,0.65,0.67,0.335,0.33,0.34,,,,
2026-01-06 08:20:09.238000+00:00,2026-01-06 08:20:09.424997+00:00,309.238,0.66,0.65,0.67,0.345,0.34,0.35,,,,
2026-01-06 08:20:10.236000+00:00,2026-01-06 08:20:10.419291+00:00,310.236,0.665,0.66,0.67,0.3399999999999999,0.33,0.35,,,,
2026-01-06 08:20:11.228000+00:00,2026-01-06 08:20:11.418939+00:00,311.228,0.66,0.65,0.67,0.3399999999999999,0.33,0.35,,,,
2026-01-06 08:20:12.237000+00:00,2026-01-06 08:20:12.431609+00:00,312.237,0.66,0.65,0.67,0.3399999999999999,0.33,0.35,,,,
2026-01-06 08:20:13.258000+00:00,2026-01-06 08:20:13.443025+00:00,313.258,0.645,0.64,0.65,0.355,0.35,0.36,,,,
2026-01-06 08:20:14.275000+00:00,2026-01-06 08:20:14.441257+00:00,314.275,0.645,0.64,0.65,0.365,0.36,0.37,,,,
2026-01-06 08:20:15.259000+00:00,2026-01-06 08:20:15.447596+00:00,315.259,0.625,0.62,0.63,0.395,0.39,0.4,,,,
2026-01-06 08:20:16.966000+00:00,2026-01-06 08:20:17.469234+00:00,316.966,0.595,0.59,0.6,0.405,0.4,0.41,,,,
2026-01-06 08:20:18.285000+00:00,2026-01-06 08:20:18.471296+00:00,318.285,0.595,0.59,0.6,0.405,0.4,0.41,,,,
2026-01-06 08:20:19.266000+00:00,2026-01-06 08:20:19.470522+00:00,319.266,0.595,0.59,0.6,0.405,0.4,0.41,,,,
2026-01-06 08:20:20.242000+00:00,2026-01-06 08:20:20.469219+00:00,320.242,0.595,0.59,0.6,0.405,0.4,0.41,,,,
2026-01-06 08:20:21.200000+00:00,2026-01-06 08:20:21.479814+00:00,321.2,0.585,0.58,0.59,0.415,0.41,0.42,,,,
2026-01-06 08:20:22.272000+00:00,2026-01-06 08:20:22.483838+00:00,322.272,0.585,0.58,0.59,0.415,0.41,0.42,,,,
2026-01-06 08:20:23.313000+00:00,2026-01-06 08:20:23.495167+00:00,323.313,0.565,0.56,0.57,0.435,0.43,0.44,,,,
2026-01-06 08:20:24.233000+00:00,2026-01-06 08:20:24.500964+00:00,324.233,0.5700000000000001,0.56,0.58,0.43,0.42,0.44,,,,
2026-01-06 08:20:25.135000+00:00,2026-01-06 08:20:25.496468+00:00,325.135,0.5700000000000001,0.56,0.58,0.43,0.42,0.44,,,,
2026-01-06 08:20:26.270000+00:00,2026-01-06 08:20:26.500711+00:00,326.27,0.5700000000000001,0.56,0.58,0.43,0.42,0.44,,,,
2026-01-06 08:20:27.203000+00:00,2026-01-06 08:20:27.501545+00:00,327.203,0.5700000000000001,0.56,0.58,0.43,0.42,0.44,,,,
2026-01-06 08:20:28.885000+00:00,2026-01-06 08:20:29.509571+00:00,328.885,0.5700000000000001,0.56,0.58,0.43,0.42,0.44,,,,
2026-01-06 08:20:30.285000+00:00,2026-01-06 08:20:30.513587+00:00,330.285,0.565,0.56,0.57,0.435,0.43,0.44,,,,
2026-01-06 08:20:31.318000+00:00,2026-01-06 08:20:31.513171+00:00,331.318,0.565,0.56,0.57,0.435,0.43,0.44,,,,
2026-01-06 08:20:32.324000+00:00,2026-01-06 08:20:32.520699+00:00,332.324,0.565,0.56,0.57,0.435,0.43,0.44,,,,
2026-01-06 08:20:33.344000+00:00,2026-01-06 08:20:33.527709+00:00,333.344,0.585,0.58,0.59,0.415,0.41,0.42,,,,
2026-01-06 08:20:34.358000+00:00,2026-01-06 08:20:34.540332+00:00,334.358,0.59,0.58,0.6,0.41,0.4,0.42,,,,
2026-01-06 08:20:35.316000+00:00,2026-01-06 08:20:35.558563+00:00,335.316,0.59,0.58,0.6,0.41,0.4,0.42,,,,
2026-01-06 08:20:36.392000+00:00,2026-01-06 08:20:36.583652+00:00,336.392,0.585,0.58,0.59,0.415,0.41,0.42,,,,
2026-01-06 08:20:37.419000+00:00,2026-01-06 08:20:37.600259+00:00,337.419,0.59,0.58,0.6,0.41,0.4,0.42,,,,
2026-01-06 08:20:38.398000+00:00,2026-01-06 08:20:38.599488+00:00,338.398,0.595,0.59,0.6,0.4,0.39,0.41,,,,
2026-01-06 08:20:39.394000+00:00,2026-01-06 08:20:39.599718+00:00,339.394,0.595,0.59,0.6,0.405,0.4,0.41,,,,
2026-01-06 08:20:40.400000+00:00,2026-01-06 08:20:40.599353+00:00,340.4,0.595,0.59,0.6,0.405,0.4,0.41,,,,
2026-01-06 08:20:41.251000+00:00,2026-01-06 08:20:41.599988+00:00,341.251,0.595,0.59,0.6,0.405,0.4,0.41,,,,
2026-01-06 08:20:42.439000+00:00,2026-01-06 08:20:42.618467+00:00,342.439,0.595,0.59,0.6,0.405,0.4,0.41,,,,
2026-01-06 08:20:43.447000+00:00,2026-01-06 08:20:43.631341+00:00,343.447,0.595,0.59,0.6,0.415,0.41,0.42,,,,
2026-01-06 08:20:44.453000+00:00,2026-01-06 08:20:44.635525+00:00,344.453,0.565,0.56,0.57,0.435,0.43,0.44,,,,
2026-01-06 08:20:45.469000+00:00,2026-01-06 08:20:45.656189+00:00,345.469,0.535,0.53,0.54,0.4649999999999999,0.46,0.47,,,,
2026-01-06 08:20:46.475000+00:00,2026-01-06 08:20:46.668680+00:00,346.475,0.545,0.54,0.55,0.455,0.45,0.46,,,,
2026-01-06 08:20:47.502000+00:00,2026-01-06 08:20:47.681669+00:00,347.502,0.565,0.56,0.57,0.435,0.43,0.44,,,,
2026-01-06 08:20:48.417000+00:00,2026-01-06 08:20:48.686016+00:00,348.417,0.565,0.56,0.57,0.435,0.43,0.44,,,,
2026-01-06 08:20:49.474000+00:00,2026-01-06 08:20:49.699418+00:00,349.474,0.565,0.56,0.57,0.435,0.43,0.44,,,,
2026-01-06 08:20:50.347000+00:00,2026-01-06 08:20:50.701303+00:00,350.347,0.565,0.56,0.57,0.435,0.43,0.44,,,,
2026-01-06 08:20:51.476000+00:00,2026-01-06 08:20:51.713553+00:00,351.476,0.5700000000000001,0.56,0.58,0.43,0.42,0.44,,,,
2026-01-06 08:20:52.523000+00:00,2026-01-06 08:20:52.732737+00:00,352.523,0.5700000000000001,0.56,0.58,0.43,0.42,0.44,,,,
2026-01-06 08:20:53.602000+00:00,2026-01-06 08:20:53.736702+00:00,353.602,0.5700000000000001,0.56,0.58,0.43,0.42,0.44,,,,
2026-01-06 08:20:54.410000+00:00,2026-01-06 08:20:54.751282+00:00,354.41,0.5700000000000001,0.56,0.58,0.43,0.42,0.44,,,,
2026-01-06 08:20:55.562000+00:00,2026-01-06 08:20:55.764190+00:00,355.562,0.5700000000000001,0.56,0.58,0.43,0.42,0.44,,,,
2026-01-06 08:20:56.556000+00:00,2026-01-06 08:20:56.782808+00:00,356.556,0.5700000000000001,0.56,0.58,0.43,0.42,0.44,,,,
2026-01-06 08:20:57.489000+00:00,2026-01-06 08:20:57.799037+00:00,357.489,0.5700000000000001,0.56,0.58,0.43,0.42,0.44,,,,
2026-01-06 08:20:58.451000+00:00,2026-01-06 08:20:58.792739+00:00,358.451,0.575,0.57,0.58,0.425,0.42,0.43,,,,
2026-01-06 08:20:59.596000+00:00,2026-01-06 08:20:59.798770+00:00,359.596,0.575,0.57,0.58,0.425,0.42,0.43,,,,
2026-01-06 08:21:00.611000+00:00,2026-01-06 08:21:00.805167+00:00,360.611,0.575,0.57,0.58,0.425,0.42,0.43,,,,
2026-01-06 08:21:01.612000+00:00,2026-01-06 08:21:01.820424+00:00,361.612,0.575,0.57,0.58,0.425,0.42,0.43,,,,
2026-01-06 08:21:02.400000+00:00,2026-01-06 08:21:02.832798+00:00,362.4,0.575,0.57,0.58,0.425,0.42,0.43,,,,
2026-01-06 08:21:03.666000+00:00,2026-01-06 08:21:03.848657+00:00,363.666,0.575,0.57,0.58,0.425,0.42,0.43,,,,
2026-01-06 08:21:04.353000+00:00,2026-01-06 08:21:04.852631+00:00,364.353,0.5700000000000001,0.56,0.58,0.43,0.42,0.44,,,,
2026-01-06 08:21:05.565000+00:00,2026-01-06 08:21:05.863648+00:00,365.565,0.5700000000000001,0.56,0.58,0.43,0.42,0.44,,,,
2026-01-06 08:21:06.608000+00:00,2026-01-06 08:21:06.876914+00:00,366.608,0.5700000000000001,0.56,0.58,0.43,0.42,0.44,,,,
2026-01-06 08:21:07.642000+00:00,2026-01-06 08:21:07.883226+00:00,367.642,0.5700000000000001,0.56,0.58,0.43,0.42,0.44,,,,
2026-01-06 08:21:08.606000+00:00,2026-01-06 08:21:08.884335+00:00,368.606,0.5700000000000001,0.56,0.58,0.43,0.42,0.44,,,,
2026-01-06 08:21:09.484000+00:00,2026-01-06 08:21:09.897593+00:00,369.484,0.5700000000000001,0.56,0.58,0.43,0.42,0.44,,,,
2026-01-06 08:21:10.726000+00:00,2026-01-06 08:21:10.916090+00:00,370.726,0.575,0.57,0.58,0.425,0.42,0.43,,,,
2026-01-06 08:21:11.728000+00:00,2026-01-06 08:21:11.932913+00:00,371.728,0.575,0.57,0.58,0.425,0.42,0.43,,,,
2026-01-06 08:21:12.639000+00:00,2026-01-06 08:21:12.940579+00:00,372.639,0.5700000000000001,0.56,0.58,0.43,0.42,0.44,,,,
2026-01-06 08:21:13.670000+00:00,2026-01-06 08:21:13.950578+00:00,373.67,0.5700000000000001,0.56,0.58,0.43,0.42,0.44,,,,
2026-01-06 08:21:14.682000+00:00,2026-01-06 08:21:14.970296+00:00,374.682,0.5700000000000001,0.56,0.58,0.435,0.43,0.44,,,,
2026-01-06 08:21:15.779000+00:00,2026-01-06 08:21:15.972808+00:00,375.779,0.5700000000000001,0.56,0.58,0.435,0.43,0.44,,,,
2026-01-06 08:21:16.745000+00:00,2026-01-06 08:21:16.988153+00:00,376.745,0.565,0.56,0.57,0.435,0.43,0.44,,,,
2026-01-06 08:21:17.630000+00:00,2026-01-06 08:21:18.000114+00:00,377.63,0.565,0.56,0.57,0.435,0.43,0.44,,,,
2026-01-06 08:21:18.827000+00:00,2026-01-06 08:21:19.021595+00:00,378.827,0.565,0.56,0.57,0.435,0.43,0.44,,,,
2026-01-06 08:21:19.835000+00:00,2026-01-06 08:21:20.033260+00:00,379.835,0.575,0.57,0.58,0.425,0.42,0.43,,,,
2026-01-06 08:21:20.843000+00:00,2026-01-06 08:21:21.026937+00:00,380.843,0.575,0.57,0.58,0.425,0.42,0.43,,,,
2026-01-06 08:21:21.838000+00:00,2026-01-06 08:21:22.027686+00:00,381.838,0.5700000000000001,0.56,0.58,0.43,0.42,0.44,,,,
2026-01-06 08:21:22.809000+00:00,2026-01-06 08:21:23.032237+00:00,382.809,0.5700000000000001,0.56,0.58,0.43,0.42,0.44,,,,
2026-01-06 08:21:23.824000+00:00,2026-01-06 08:21:24.032882+00:00,383.824,0.565,0.56,0.57,0.435,0.43,0.44,,,,
2026-01-06 08:21:24.789000+00:00,2026-01-06 08:21:25.033348+00:00,384.789,0.565,0.56,0.57,0.435,0.43,0.44,,,,
2026-01-06 08:21:25.816000+00:00,2026-01-06 08:21:26.048638+00:00,385.816,0.565,0.56,0.57,0.435,0.43,0.44,,,,
2026-01-06 08:21:26.870000+00:00,2026-01-06 08:21:27.058585+00:00,386.87,0.545,0.54,0.55,0.455,0.45,0.46,,,,
2026-01-06 08:21:27.856000+00:00,2026-01-06 08:21:28.063670+00:00,387.856,0.545,0.54,0.55,0.455,0.45,0.46,,,,
2026-01-06 08:21:28.889000+00:00,2026-01-06 08:21:29.070809+00:00,388.889,0.545,0.54,0.55,0.455,0.45,0.46,,,,
2026-01-06 08:21:29.871000+00:00,2026-01-06 08:21:30.082791+00:00,389.871,0.575,0.57,0.58,0.425,0.42,0.43,,,,
2026-01-06 08:21:30.809000+00:00,2026-01-06 08:21:31.089128+00:00,390.809,0.5700000000000001,0.56,0.58,0.43,0.42,0.44,,,,
2026-01-06 08:21:31.669000+00:00,2026-01-06 08:21:32.099063+00:00,391.669,0.5700000000000001,0.56,0.58,0.43,0.42,0.44,,,,
2026-01-06 08:21:32.842000+00:00,2026-01-06 08:21:33.116123+00:00,392.842,0.5700000000000001,0.56,0.58,0.43,0.42,0.44,,,,
2026-01-06 08:21:33.937000+00:00,2026-01-06 08:21:34.130904+00:00,393.937,0.5700000000000001,0.56,0.58,0.43,0.42,0.44,,,,
2026-01-06 08:21:34.928000+00:00,2026-01-06 08:21:35.147209+00:00,394.928,0.565,0.56,0.57,0.405,0.37,0.44,,,,
2026-01-06 08:21:35.943000+00:00,2026-01-06 08:21:36.164144+00:00,395.943,0.565,0.56,0.57,0.435,0.43,0.44,,,,
2026-01-06 08:21:36.994000+00:00,2026-01-06 08:21:37.163584+00:00,396.994,0.565,0.56,0.57,0.435,0.43,0.44,,,,
2026-01-06 08:21:38.823000+00:00,2026-01-06 08:21:39.163880+00:00,398.823,0.525,0.52,0.53,0.475,0.47,0.48,,,,
2026-01-06 08:21:40.103000+00:00,2026-01-06 08:21:40.180159+00:00,400.103,0.525,0.52,0.53,0.475,0.47,0.48,,,,
2026-01-06 08:21:41.002000+00:00,2026-01-06 08:21:41.197289+00:00,401.002,0.535,0.53,0.54,0.47,0.46,0.48,,,,
2026-01-06 08:21:42.035000+00:00,2026-01-06 08:21:42.207453+00:00,402.035,0.525,0.52,0.53,0.475,0.47,0.48,,,,
2026-01-06 08:21:43.960000+00:00,2026-01-06 08:21:44.219343+00:00,403.96,0.535,0.53,0.54,0.4649999999999999,0.46,0.47,,,,
2026-01-06 08:21:45.942000+00:00,2026-01-06 08:21:46.213398+00:00,405.942,0.53,0.52,0.54,0.47,0.46,0.48,,,,
2026-01-06 08:21:47.013000+00:00,2026-01-06 08:21:47.223850+00:00,407.013,0.535,0.53,0.54,0.4649999999999999,0.46,0.47,,,,
2026-01-06 08:21:48.997000+00:00,2026-01-06 08:21:49.237203+00:00,408.997,0.55,0.54,0.56,0.45,0.44,0.46,,,,
2026-01-06 08:21:49.856000+00:00,2026-01-06 08:21:50.250710+00:00,409.856,0.55,0.54,0.56,0.45,0.44,0.46,,,,
2026-01-06 08:21:51.075000+00:00,2026-01-06 08:21:51.271201+00:00,411.075,0.535,0.53,0.54,0.4649999999999999,0.46,0.47,,,,
2026-01-06 08:21:52.105000+00:00,2026-01-06 08:21:52.281948+00:00,412.105,0.53,0.52,0.54,0.47,0.46,0.48,,,,
2026-01-06 08:21:53.118000+00:00,2026-01-06 08:21:53.297681+00:00,413.118,0.505,0.5,0.51,0.495,0.49,0.5,,,,
2026-01-06 08:21:54.099000+00:00,2026-01-06 08:21:54.292538+00:00,414.099,0.475,0.47,0.48,0.525,0.52,0.53,,,,
2026-01-06 08:21:55.103000+00:00,2026-01-06 08:21:55.298958+00:00,415.103,0.475,0.47,0.48,0.525,0.52,0.53,,,,
2026-01-06 08:21:56.005000+00:00,2026-01-06 08:21:56.302729+00:00,416.005,0.48,0.47,0.49,0.52,0.51,0.53,,,,
2026-01-06 08:21:57.963000+00:00,2026-01-06 08:21:58.317140+00:00,417.963,0.48,0.47,0.49,0.52,0.51,0.53,,,,
2026-01-06 08:21:59.143000+00:00,2026-01-06 08:21:59.327011+00:00,419.143,0.475,0.47,0.48,0.525,0.52,0.53,,,,
2026-01-06 08:22:00.158000+00:00,2026-01-06 08:22:00.344601+00:00,420.158,0.445,0.44,0.45,0.555,0.55,0.56,,,,
2026-01-06 08:22:01.159000+00:00,2026-01-06 08:22:01.357925+00:00,421.159,0.445,0.44,0.45,0.555,0.55,0.56,,,,
2026-01-06 08:22:02.185000+00:00,2026-01-06 08:22:02.367376+00:00,422.185,0.445,0.44,0.45,0.555,0.55,0.56,,,,
2026-01-06 08:22:03.171000+00:00,2026-01-06 08:22:03.363097+00:00,423.171,0.435,0.43,0.44,0.565,0.56,0.57,,,,
2026-01-06 08:22:04.189000+00:00,2026-01-06 08:22:04.364460+00:00,424.189,0.425,0.42,0.43,0.595,0.59,0.6,,,,
2026-01-06 08:22:05.190000+00:00,2026-01-06 08:22:05.367800+00:00,425.19,0.52,0.51,0.53,0.475,0.47,0.48,,,,
2026-01-06 08:22:06.193000+00:00,2026-01-06 08:22:06.370596+00:00,426.193,0.535,0.53,0.54,0.4649999999999999,0.46,0.47,,,,
2026-01-06 08:22:07.210000+00:00,2026-01-06 08:22:07.385041+00:00,427.21,0.535,0.53,0.54,0.4599999999999999,0.45,0.47,,,,
2026-01-06 08:22:08.187000+00:00,2026-01-06 08:22:08.397153+00:00,428.187,0.535,0.53,0.54,0.4649999999999999,0.46,0.47,,,,
2026-01-06 08:22:09.156000+00:00,2026-01-06 08:22:09.414669+00:00,429.156,0.535,0.53,0.54,0.4649999999999999,0.46,0.47,,,,
2026-01-06 08:22:10.235000+00:00,2026-01-06 08:22:10.416225+00:00,430.235,0.515,0.51,0.52,0.485,0.48,0.49,,,,
2026-01-06 08:22:11.185000+00:00,2026-01-06 08:22:11.419927+00:00,431.185,0.515,0.51,0.52,0.485,0.48,0.49,,,,
2026-01-06 08:22:12.251000+00:00,2026-01-06 08:22:12.433103+00:00,432.251,0.515,0.51,0.52,0.485,0.48,0.49,,,,
2026-01-06 08:22:13.260000+00:00,2026-01-06 08:22:13.449353+00:00,433.26,0.4649999999999999,0.46,0.47,0.535,0.53,0.54,,,,
2026-01-06 08:22:14.272000+00:00,2026-01-06 08:22:14.454603+00:00,434.272,0.475,0.47,0.48,0.525,0.52,0.53,,,,
2026-01-06 08:22:15.135000+00:00,2026-01-06 08:22:15.463499+00:00,435.135,0.47,0.46,0.48,0.53,0.52,0.54,,,,
2026-01-06 08:22:16.302000+00:00,2026-01-06 08:22:16.480224+00:00,436.302,0.47,0.46,0.48,0.52,0.51,0.53,,,,
2026-01-06 08:22:17.274000+00:00,2026-01-06 08:22:17.489105+00:00,437.274,0.485,0.48,0.49,0.515,0.51,0.52,,,,
2026-01-06 08:22:18.161000+00:00,2026-01-06 08:22:18.493018+00:00,438.161,0.485,0.48,0.49,0.515,0.51,0.52,,,,
2026-01-06 08:22:19.260000+00:00,2026-01-06 08:22:19.507874+00:00,439.26,0.475,0.47,0.48,0.525,0.52,0.53,,,,
2026-01-06 08:22:20.302000+00:00,2026-01-06 08:22:20.515614+00:00,440.302,0.475,0.47,0.48,0.525,0.52,0.53,,,,
2026-01-06 08:22:21.303000+00:00,2026-01-06 08:22:21.516208+00:00,441.303,0.475,0.47,0.48,0.525,0.52,0.53,,,,
2026-01-06 08:22:22.355000+00:00,2026-01-06 08:22:22.530295+00:00,442.355,0.475,0.47,0.48,0.525,0.52,0.53,,,,
2026-01-06 08:22:23.372000+00:00,2026-01-06 08:22:23.549263+00:00,443.372,0.4649999999999999,0.46,0.47,0.535,0.53,0.54,,,,
2026-01-06 08:22:24.355000+00:00,2026-01-06 08:22:24.555483+00:00,444.355,0.4649999999999999,0.46,0.47,0.535,0.53,0.54,,,,
2026-01-06 08:22:25.345000+00:00,2026-01-06 08:22:25.563461+00:00,445.345,0.4649999999999999,0.46,0.47,0.535,0.53,0.54,,,,
2026-01-06 08:22:26.329000+00:00,2026-01-06 08:22:26.561479+00:00,446.329,0.4649999999999999,0.46,0.47,0.535,0.53,0.54,,,,
2026-01-06 08:22:27.248000+00:00,2026-01-06 08:22:27.576431+00:00,447.248,0.4649999999999999,0.46,0.47,0.535,0.53,0.54,,,,
2026-01-06 08:22:28.377000+00:00,2026-01-06 08:22:28.594065+00:00,448.377,0.455,0.45,0.46,0.545,0.54,0.55,,,,
2026-01-06 08:22:29.395000+00:00,2026-01-06 08:22:29.599809+00:00,449.395,0.4649999999999999,0.46,0.47,0.535,0.53,0.54,,,,
2026-01-06 08:22:30.428000+00:00,2026-01-06 08:22:30.612090+00:00,450.428,0.475,0.47,0.48,0.525,0.52,0.53,,,,
2026-01-06 08:22:31.421000+00:00,2026-01-06 08:22:31.613873+00:00,451.421,0.535,0.53,0.54,0.4649999999999999,0.46,0.47,,,,
2026-01-06 08:22:32.434000+00:00,2026-01-06 08:22:32.616485+00:00,452.434,0.51,0.49,0.53,0.505,0.5,0.51,,,,
2026-01-06 08:22:33.430000+00:00,2026-01-06 08:22:33.612261+00:00,453.43,0.445,0.44,0.45,0.565,0.56,0.57,,,,
2026-01-06 08:22:34.441000+00:00,2026-01-06 08:22:34.615471+00:00,454.441,0.44,0.43,0.45,0.555,0.55,0.56,,,,
2026-01-06 08:22:35.430000+00:00,2026-01-06 08:22:35.618305+00:00,455.43,0.445,0.44,0.45,0.555,0.55,0.56,,,,
2026-01-06 08:22:36.433000+00:00,2026-01-06 08:22:36.630416+00:00,456.433,0.44,0.43,0.45,0.56,0.55,0.57,,,,
2026-01-06 08:22:37.411000+00:00,2026-01-06 08:22:37.643863+00:00,457.411,0.44,0.43,0.45,0.56,0.55,0.57,,,,
2026-01-06 08:22:38.438000+00:00,2026-01-06 08:22:38.648905+00:00,458.438,0.44,0.43,0.45,0.56,0.55,0.57,,,,
2026-01-06 08:22:39.395000+00:00,2026-01-06 08:22:39.646644+00:00,459.395,0.44,0.43,0.45,0.56,0.55,0.57,,,,
2026-01-06 08:22:40.485000+00:00,2026-01-06 08:22:40.664186+00:00,460.485,0.445,0.44,0.45,0.555,0.55,0.56,,,,
2026-01-06 08:22:41.461000+00:00,2026-01-06 08:22:41.665322+00:00,461.461,0.445,0.44,0.45,0.555,0.55,0.56,,,,
2026-01-06 08:22:42.476000+00:00,2026-01-06 08:22:42.662357+00:00,462.476,0.445,0.44,0.45,0.555,0.55,0.56,,,,
2026-01-06 08:22:43.399000+00:00,2026-01-06 08:22:43.672993+00:00,463.399,0.435,0.43,0.44,0.565,0.56,0.57,,,,
2026-01-06 08:22:44.516000+00:00,2026-01-06 08:22:44.684354+00:00,464.516,0.435,0.43,0.44,0.565,0.56,0.57,,,,
2026-01-06 08:22:45.347000+00:00,2026-01-06 08:22:45.696247+00:00,465.347,0.435,0.43,0.44,0.565,0.56,0.57,,,,
2026-01-06 08:22:46.513000+00:00,2026-01-06 08:22:46.699200+00:00,466.513,0.435,0.43,0.44,0.565,0.56,0.57,,,,
2026-01-06 08:22:47.497000+00:00,2026-01-06 08:22:47.710566+00:00,467.497,0.445,0.44,0.45,0.555,0.55,0.56,,,,
2026-01-06 08:22:48.551000+00:00,2026-01-06 08:22:48.735148+00:00,468.551,0.435,0.43,0.44,0.565,0.56,0.57,,,,
2026-01-06 08:22:49.561000+00:00,2026-01-06 08:22:49.752412+00:00,469.561,0.435,0.43,0.44,0.565,0.56,0.57,,,,
2026-01-06 08:22:50.583000+00:00,2026-01-06 08:22:50.747373+00:00,470.583,0.435,0.43,0.44,0.565,0.56,0.57,,,,
2026-01-06 08:22:51.553000+00:00,2026-01-06 08:22:51.761191+00:00,471.553,0.435,0.43,0.44,0.565,0.56,0.57,,,,
2026-01-06 08:22:52.494000+00:00,2026-01-06 08:22:52.761616+00:00,472.494,0.435,0.43,0.44,0.565,0.56,0.57,,,,
2026-01-06 08:22:53.596000+00:00,2026-01-06 08:22:53.772781+00:00,473.596,0.435,0.43,0.44,0.565,0.56,0.57,,,,
2026-01-06 08:22:54.588000+00:00,2026-01-06 08:22:54.784084+00:00,474.588,0.435,0.43,0.44,0.565,0.56,0.57,,,,
2026-01-06 08:22:55.614000+00:00,2026-01-06 08:22:55.795852+00:00,475.614,0.435,0.43,0.44,0.565,0.56,0.57,,,,
2026-01-06 08:22:56.633000+00:00,2026-01-06 08:22:56.816958+00:00,476.633,0.435,0.43,0.44,0.565,0.56,0.57,,,,
2026-01-06 08:22:57.543000+00:00,2026-01-06 08:22:57.812969+00:00,477.543,0.435,0.43,0.44,0.565,0.56,0.57,,,,
2026-01-06 08:22:58.608000+00:00,2026-01-06 08:22:58.817014+00:00,478.608,0.44,0.43,0.45,0.56,0.55,0.57,,,,
2026-01-06 08:22:59.608000+00:00,2026-01-06 08:22:59.829770+00:00,479.608,0.44,0.43,0.45,0.565,0.56,0.57,,,,
2026-01-06 08:23:00.659000+00:00,2026-01-06 08:23:00.840638+00:00,480.659,0.445,0.44,0.45,0.555,0.55,0.56,,,,
2026-01-06 08:23:01.667000+00:00,2026-01-06 08:23:01.844717+00:00,481.667,0.545,0.54,0.55,0.455,0.45,0.46,,,,
2026-01-06 08:23:02.602000+00:00,2026-01-06 08:23:02.852440+00:00,482.602,0.545,0.54,0.55,0.455,0.45,0.46,,,,
2026-01-06 08:23:03.684000+00:00,2026-01-06 08:23:03.862712+00:00,483.684,0.545,0.54,0.55,0.455,0.45,0.46,,,,
2026-01-06 08:23:04.685000+00:00,2026-01-06 08:23:04.876715+00:00,484.685,0.545,0.54,0.55,0.455,0.45,0.46,,,,
2026-01-06 08:23:05.682000+00:00,2026-01-06 08:23:05.879716+00:00,485.682,0.545,0.54,0.55,0.455,0.45,0.46,,,,
2026-01-06 08:23:06.625000+00:00,2026-01-06 08:23:06.881193+00:00,486.625,0.545,0.54,0.55,0.45,0.44,0.46,,,,
2026-01-06 08:23:07.707000+00:00,2026-01-06 08:23:07.883848+00:00,487.707,0.63,0.62,0.64,0.365,0.36,0.37,,,,
2026-01-06 08:23:08.676000+00:00,2026-01-06 08:23:08.874356+00:00,488.676,0.645,0.64,0.65,0.355,0.35,0.36,,,,
2026-01-06 08:23:09.692000+00:00,2026-01-06 08:23:09.879170+00:00,489.692,0.635,0.63,0.64,0.365,0.36,0.37,,,,
2026-01-06 08:23:10.703000+00:00,2026-01-06 08:23:10.884824+00:00,490.703,0.635,0.63,0.64,0.365,0.36,0.37,,,,
2026-01-06 08:23:11.714000+00:00,2026-01-06 08:23:11.895742+00:00,491.714,0.64,0.63,0.65,0.355,0.35,0.36,,,,
2026-01-06 08:23:12.736000+00:00,2026-01-06 08:23:12.912136+00:00,492.736,0.645,0.64,0.65,0.36,0.35,0.37,,,,
2026-01-06 08:23:13.718000+00:00,2026-01-06 08:23:13.913636+00:00,493.718,0.615,0.61,0.62,0.385,0.38,0.39,,,,
2026-01-06 08:23:14.733000+00:00,2026-01-06 08:23:14.912232+00:00,494.733,0.605,0.6,0.61,0.395,0.39,0.4,,,,
2026-01-06 08:23:15.733000+00:00,2026-01-06 08:23:15.909412+00:00,495.733,0.565,0.56,0.57,0.435,0.43,0.44,,,,
2026-01-06 08:23:16.740000+00:00,2026-01-06 08:23:16.933505+00:00,496.74,0.475,0.47,0.48,0.525,0.52,0.53,,,,
2026-01-06 08:23:17.764000+00:00,2026-01-06 08:23:17.942824+00:00,497.764,0.4649999999999999,0.46,0.47,0.53,0.52,0.54,,,,
2026-01-06 08:23:18.768000+00:00,2026-01-06 08:23:18.944068+00:00,498.768,0.475,0.47,0.48,0.525,0.52,0.53,,,,
2026-01-06 08:23:19.756000+00:00,2026-01-06 08:23:19.940800+00:00,499.756,0.4649999999999999,0.46,0.47,0.545,0.53,0.56,,,,
2026-01-06 08:23:20.741000+00:00,2026-01-06 08:23:20.954901+00:00,500.741,0.385,0.38,0.39,0.615,0.61,0.62,,,,
2026-01-06 08:23:21.780000+00:00,2026-01-06 08:23:21.962129+00:00,501.78,0.405,0.4,0.41,0.575,0.57,0.58,,,,
2026-01-06 08:23:22.784000+00:00,2026-01-06 08:23:22.968310+00:00,502.784,0.415,0.41,0.42,0.585,0.58,0.59,,,,
2026-01-06 08:23:23.590000+00:00,2026-01-06 08:23:23.966982+00:00,503.59,0.405,0.4,0.41,0.595,0.59,0.6,,,,
2026-01-06 08:23:24.786000+00:00,2026-01-06 08:23:24.973985+00:00,504.786,0.405,0.4,0.41,0.595,0.59,0.6,,,,
2026-01-06 08:23:25.785000+00:00,2026-01-06 08:23:25.985555+00:00,505.785,0.405,0.4,0.41,0.595,0.59,0.6,,,,
2026-01-06 08:23:26.792000+00:00,2026-01-06 08:23:26.992778+00:00,506.792,0.42,0.41,0.43,0.59,0.58,0.6,,,,
2026-01-06 08:23:27.819000+00:00,2026-01-06 08:23:28.011164+00:00,507.819,0.405,0.4,0.41,0.595,0.59,0.6,,,,
2026-01-06 08:23:28.827000+00:00,2026-01-06 08:23:29.011723+00:00,508.827,0.4,0.39,0.41,0.605,0.6,0.61,,,,
2026-01-06 08:23:29.845000+00:00,2026-01-06 08:23:30.028139+00:00,509.845,0.415,0.39,0.44,0.575,0.57,0.58,,,,
2026-01-06 08:23:30.862000+00:00,2026-01-06 08:23:31.042225+00:00,510.862,0.435,0.43,0.44,0.565,0.56,0.57,,,,
2026-01-06 08:23:31.862000+00:00,2026-01-06 08:23:32.059242+00:00,511.862,0.435,0.42,0.45,0.5700000000000001,0.56,0.58,,,,
2026-01-06 08:23:32.675000+00:00,2026-01-06 08:23:33.078575+00:00,512.675,0.43,0.42,0.44,0.565,0.55,0.58,,,,
2026-01-06 08:23:33.894000+00:00,2026-01-06 08:23:34.076914+00:00,513.894,0.425,0.42,0.43,0.575,0.57,0.58,,,,
2026-01-06 08:23:34.885000+00:00,2026-01-06 08:23:35.078117+00:00,514.885,0.425,0.42,0.43,0.575,0.57,0.58,,,,
2026-01-06 08:23:35.884000+00:00,2026-01-06 08:23:36.093578+00:00,515.884,0.425,0.42,0.43,0.575,0.57,0.58,,,,
2026-01-06 08:23:36.920000+00:00,2026-01-06 08:23:37.101513+00:00,516.92,0.395,0.39,0.4,0.61,0.6,0.62,,,,
2026-01-06 08:23:37.927000+00:00,2026-01-06 08:23:38.114820+00:00,517.927,0.395,0.39,0.4,0.615,0.61,0.62,,,,
2026-01-06 08:23:38.918000+00:00,2026-01-06 08:23:39.125066+00:00,518.918,0.385,0.38,0.39,0.615,0.61,0.62,,,,
2026-01-06 08:23:39.953000+00:00,2026-01-06 08:23:40.127937+00:00,519.953,0.38,0.37,0.39,0.625,0.62,0.63,,,,
2026-01-06 08:23:40.915000+00:00,2026-01-06 08:23:41.136642+00:00,520.915,0.37,0.36,0.38,0.63,0.62,0.64,,,,
2026-01-06 08:23:41.936000+00:00,2026-01-06 08:23:42.149181+00:00,521.936,0.375,0.37,0.38,0.62,0.61,0.63,,,,
2026-01-06 08:23:42.959000+00:00,2026-01-06 08:23:43.158609+00:00,522.959,0.385,0.38,0.39,0.615,0.61,0.62,,,,
2026-01-06 08:23:43.969000+00:00,2026-01-06 08:23:44.166439+00:00,523.969,0.385,0.38,0.39,0.615,0.61,0.62,,,,
2026-01-06 08:23:44.940000+00:00,2026-01-06 08:23:45.187993+00:00,524.94,0.375,0.36,0.39,0.625,0.61,0.64,,,,
2026-01-06 08:23:46.008000+00:00,2026-01-06 08:23:46.196827+00:00,526.008,0.365,0.36,0.37,0.635,0.63,0.64,,,,
2026-01-06 08:23:47.047000+00:00,2026-01-06 08:23:47.210484+00:00,527.047,0.365,0.36,0.37,0.635,0.63,0.64,,,,
2026-01-06 08:23:48.012000+00:00,2026-01-06 08:23:48.210040+00:00,528.012,0.37,0.36,0.38,0.63,0.62,0.64,,,,
2026-01-06 08:23:49.002000+00:00,2026-01-06 08:23:49.211742+00:00,529.002,0.37,0.36,0.38,0.625,0.62,0.63,,,,
2026-01-06 08:23:50.033000+00:00,2026-01-06 08:23:50.210134+00:00,530.033,0.39,0.38,0.4,0.61,0.6,0.62,,,,
2026-01-06 08:23:51.001000+00:00,2026-01-06 08:23:51.206692+00:00,531.001,0.38,0.37,0.39,0.62,0.61,0.63,,,,
2026-01-06 08:23:52.005000+00:00,2026-01-06 08:23:52.223607+00:00,532.005,0.385,0.38,0.39,0.615,0.61,0.62,,,,
2026-01-06 08:23:53.050000+00:00,2026-01-06 08:23:53.228739+00:00,533.05,0.38,0.37,0.39,0.62,0.61,0.63,,,,
2026-01-06 08:23:54.043000+00:00,2026-01-06 08:23:54.244061+00:00,534.043,0.38,0.37,0.39,0.62,0.61,0.63,,,,
2026-01-06 08:23:55.053000+00:00,2026-01-06 08:23:55.242591+00:00,535.053,0.38,0.37,0.39,0.62,0.61,0.63,,,,
2026-01-06 08:23:56.070000+00:00,2026-01-06 08:23:56.259087+00:00,536.07,0.385,0.38,0.39,0.62,0.61,0.63,,,,
2026-01-06 08:23:57.079000+00:00,2026-01-06 08:23:57.262550+00:00,537.079,0.375,0.37,0.38,0.625,0.62,0.63,,,,
2026-01-06 08:23:58.067000+00:00,2026-01-06 08:23:58.273335+00:00,538.067,0.385,0.37,0.4,0.615,0.6,0.63,,,,
2026-01-06 08:23:59.113000+00:00,2026-01-06 08:23:59.285420+00:00,539.113,0.365,0.36,0.37,0.635,0.63,0.64,,,,
2026-01-06 08:24:00.104000+00:00,2026-01-06 08:24:00.294173+00:00,540.104,0.37,0.36,0.38,0.63,0.62,0.64,,,,
2026-01-06 08:24:01.001000+00:00,2026-01-06 08:24:01.309112+00:00,541.001,0.355,0.35,0.36,0.645,0.64,0.65,,,,
2026-01-06 08:24:02.142000+00:00,2026-01-06 08:24:02.323088+00:00,542.142,0.36,0.35,0.37,0.655,0.65,0.66,,,,
2026-01-06 08:24:03.029000+00:00,2026-01-06 08:24:03.343047+00:00,543.029,0.3349999999999999,0.32,0.35,0.665,0.65,0.68,,,,
2026-01-06 08:24:04.165000+00:00,2026-01-06 08:24:04.334192+00:00,544.165,0.365,0.36,0.37,0.625,0.62,0.63,,,,
2026-01-06 08:24:05.159000+00:00,2026-01-06 08:24:05.342874+00:00,545.159,0.385,0.38,0.39,0.615,0.61,0.62,,,,
2026-01-06 08:24:06.181000+00:00,2026-01-06 08:24:06.353538+00:00,546.181,0.425,0.42,0.43,0.555,0.55,0.56,,,,
2026-01-06 08:24:07.173000+00:00,2026-01-06 08:24:07.351211+00:00,547.173,0.395,0.39,0.4,0.605,0.6,0.61,,,,
2026-01-06 08:24:08.175000+00:00,2026-01-06 08:24:08.359389+00:00,548.175,0.35,0.34,0.36,0.64,0.63,0.65,,,,
2026-01-06 08:24:09.174000+00:00,2026-01-06 08:24:09.375216+00:00,549.174,0.355,0.35,0.36,0.645,0.64,0.65,,,,
2026-01-06 08:24:10.190000+00:00,2026-01-06 08:24:10.375325+00:00,550.19,0.355,0.35,0.36,0.645,0.64,0.65,,,,
2026-01-06 08:24:11.206000+00:00,2026-01-06 08:24:11.390777+00:00,551.206,0.36,0.35,0.37,0.64,0.63,0.65,,,,
2026-01-06 08:24:12.112000+00:00,2026-01-06 08:24:12.393338+00:00,552.112,0.355,0.35,0.36,0.645,0.64,0.65,,,,
2026-01-06 08:24:13.219000+00:00,2026-01-06 08:24:13.400555+00:00,553.219,0.335,0.33,0.34,0.665,0.66,0.67,,,,
2026-01-06 08:24:14.205000+00:00,2026-01-06 08:24:14.402148+00:00,554.205,0.345,0.34,0.35,0.655,0.65,0.66,,,,
2026-01-06 08:24:15.066000+00:00,2026-01-06 08:24:15.392774+00:00,555.066,0.345,0.34,0.35,0.655,0.65,0.66,,,,
2026-01-06 08:24:16.171000+00:00,2026-01-06 08:24:16.395252+00:00,556.171,0.335,0.33,0.34,0.665,0.66,0.67,,,,
2026-01-06 08:24:17.207000+00:00,2026-01-06 08:24:17.409542+00:00,557.207,0.325,0.32,0.33,0.675,0.67,0.68,,,,
2026-01-06 08:24:18.216000+00:00,2026-01-06 08:24:18.408899+00:00,558.216,0.325,0.32,0.33,0.675,0.67,0.68,,,,
2026-01-06 08:24:19.243000+00:00,2026-01-06 08:24:19.425696+00:00,559.243,0.325,0.32,0.33,0.675,0.67,0.68,,,,
2026-01-06 08:24:20.245000+00:00,2026-01-06 08:24:20.427590+00:00,560.245,0.325,0.32,0.33,0.675,0.67,0.68,,,,
2026-01-06 08:24:21.250000+00:00,2026-01-06 08:24:21.429041+00:00,561.25,0.325,0.32,0.33,0.675,0.67,0.68,,,,
2026-01-06 08:24:22.187000+00:00,2026-01-06 08:24:22.431045+00:00,562.187,0.325,0.32,0.33,0.675,0.67,0.68,,,,
2026-01-06 08:24:23.262000+00:00,2026-01-06 08:24:23.445371+00:00,563.262,0.305,0.3,0.31,0.695,0.69,0.7,,,,
2026-01-06 08:24:24.215000+00:00,2026-01-06 08:24:24.453000+00:00,564.215,0.28,0.27,0.29,0.72,0.71,0.73,,,,
2026-01-06 08:24:25.258000+00:00,2026-01-06 08:24:25.461365+00:00,565.258,0.28,0.27,0.29,0.72,0.71,0.73,,,,
2026-01-06 08:24:26.185000+00:00,2026-01-06 08:24:26.458405+00:00,566.185,0.285,0.28,0.29,0.71,0.7,0.72,,,,
2026-01-06 08:24:27.266000+00:00,2026-01-06 08:24:27.457772+00:00,567.266,0.305,0.3,0.31,0.695,0.69,0.7,,,,
2026-01-06 08:24:28.299000+00:00,2026-01-06 08:24:28.479526+00:00,568.299,0.29,0.28,0.3,0.71,0.7,0.72,,,,
2026-01-06 08:24:29.301000+00:00,2026-01-06 08:24:29.492660+00:00,569.301,0.295,0.29,0.3,0.705,0.7,0.71,,,,
2026-01-06 08:24:30.281000+00:00,2026-01-06 08:24:30.502141+00:00,570.281,0.285,0.28,0.29,0.715,0.71,0.72,,,,
2026-01-06 08:24:31.013000+00:00,2026-01-06 08:24:31.504312+00:00,571.013,0.285,0.28,0.29,0.715,0.71,0.72,,,,
2026-01-06 08:24:32.316000+00:00,2026-01-06 08:24:32.504792+00:00,572.316,0.28,0.27,0.29,0.72,0.71,0.73,,,,
2026-01-06 08:24:33.289000+00:00,2026-01-06 08:24:33.510562+00:00,573.289,0.285,0.27,0.3,0.715,0.7,0.73,,,,
2026-01-06 08:24:34.337000+00:00,2026-01-06 08:24:34.524924+00:00,574.337,0.29,0.28,0.3,0.705,0.7,0.71,,,,
2026-01-06 08:24:35.146000+00:00,2026-01-06 08:24:35.532814+00:00,575.146,0.29,0.28,0.3,0.71,0.7,0.72,,,,
2026-01-06 08:24:36.041000+00:00,2026-01-06 08:24:36.523186+00:00,576.041,0.29,0.28,0.3,0.71,0.7,0.72,,,,
2026-01-06 08:24:37.337000+00:00,2026-01-06 08:24:37.525115+00:00,577.337,0.29,0.28,0.3,0.71,0.7,0.72,,,,
2026-01-06 08:24:38.348000+00:00,2026-01-06 08:24:38.531100+00:00,578.348,0.285,0.28,0.29,0.715,0.71,0.72,,,,
2026-01-06 08:24:39.274000+00:00,2026-01-06 08:24:39.551988+00:00,579.274,0.285,0.28,0.29,0.715,0.71,0.72,,,,
2026-01-06 08:24:40.350000+00:00,2026-01-06 08:24:40.557457+00:00,580.35,0.285,0.28,0.29,0.715,0.71,0.72,,,,
2026-01-06 08:24:41.371000+00:00,2026-01-06 08:24:41.567352+00:00,581.371,0.285,0.28,0.29,0.715,0.71,0.72,,,,
2026-01-06 08:24:42.366000+00:00,2026-01-06 08:24:42.559591+00:00,582.366,0.295,0.28,0.31,0.705,0.7,0.71,,,,
2026-01-06 08:24:43.350000+00:00,2026-01-06 08:24:43.572004+00:00,583.35,0.29,0.28,0.3,0.71,0.7,0.72,,,,
2026-01-06 08:24:44.103000+00:00,2026-01-06 08:24:44.571426+00:00,584.103,0.295,0.29,0.3,0.705,0.7,0.71,,,,
2026-01-06 08:24:45.137000+00:00,2026-01-06 08:24:45.562789+00:00,585.137,0.295,0.29,0.3,0.705,0.7,0.71,,,,
2026-01-06 08:24:46.372000+00:00,2026-01-06 08:24:46.573259+00:00,586.372,0.29,0.28,0.3,0.71,0.7,0.72,,,,
2026-01-06 08:24:47.334000+00:00,2026-01-06 08:24:47.589513+00:00,587.334,0.29,0.28,0.3,0.71,0.7,0.72,,,,
2026-01-06 08:24:48.410000+00:00,2026-01-06 08:24:48.592808+00:00,588.41,0.29,0.28,0.3,0.71,0.7,0.72,,,,
2026-01-06 08:24:49.155000+00:00,2026-01-06 08:24:49.591832+00:00,589.155,0.29,0.28,0.3,0.71,0.7,0.72,,,,
2026-01-06 08:24:50.340000+00:00,2026-01-06 08:24:50.617234+00:00,590.34,0.295,0.28,0.31,0.705,0.69,0.72,,,,
2026-01-06 08:24:51.378000+00:00,2026-01-06 08:24:51.638934+00:00,591.378,0.295,0.28,0.31,0.705,0.69,0.72,,,,
2026-01-06 08:24:52.353000+00:00,2026-01-06 08:24:52.640820+00:00,592.353,0.295,0.28,0.31,0.705,0.69,0.72,,,,
2026-01-06 08:24:53.162000+00:00,2026-01-06 08:24:53.639928+00:00,593.162,0.29,0.28,0.3,0.71,0.7,0.72,,,,
2026-01-06 08:24:54.700000+00:00,2026-01-06 08:24:55.675070+00:00,594.7,0.29,0.28,0.3,0.71,0.7,0.72,,,,
2026-01-06 08:24:56.449000+00:00,2026-01-06 08:24:56.680038+00:00,596.449,0.29,0.28,0.3,0.71,0.7,0.72,,,,
2026-01-06 08:24:57.262000+00:00,2026-01-06 08:24:57.704822+00:00,597.262,0.29,0.28,0.3,0.71,0.7,0.72,,,,
2026-01-06 08:24:58.210000+00:00,2026-01-06 08:24:58.722084+00:00,598.21,0.29,0.28,0.3,0.71,0.7,0.72,,,,
2026-01-06 08:24:59.417000+00:00,2026-01-06 08:24:59.723900+00:00,599.417,0.29,0.28,0.3,0.71,0.7,0.72,,,,
2026-01-06 08:25:00.556000+00:00,2026-01-06 08:25:00.737653+00:00,600.556,0.285,0.28,0.29,0.715,0.71,0.72,,,,
2026-01-06 08:25:01.578000+00:00,2026-01-06 08:25:01.755957+00:00,601.578,0.335,0.33,0.34,0.665,0.66,0.67,,,,
2026-01-06 08:25:02.576000+00:00,2026-01-06 08:25:02.756420+00:00,602.576,0.355,0.35,0.36,0.64,0.63,0.65,,,,
2026-01-06 08:25:03.532000+00:00,2026-01-06 08:25:03.754715+00:00,603.532,0.345,0.34,0.35,0.655,0.65,0.66,,,,
2026-01-06 08:25:04.592000+00:00,2026-01-06 08:25:04.771726+00:00,604.592,0.35,0.34,0.36,0.645,0.64,0.65,,,,
2026-01-06 08:25:05.520000+00:00,2026-01-06 08:25:05.771582+00:00,605.52,0.345,0.34,0.35,0.655,0.65,0.66,,,,
2026-01-06 08:25:06.597000+00:00,2026-01-06 08:25:06.788233+00:00,606.597,0.345,0.34,0.35,0.655,0.65,0.66,,,,
2026-01-06 08:25:07.586000+00:00,2026-01-06 08:25:07.789558+00:00,607.586,0.345,0.34,0.35,0.655,0.65,0.66,,,,
2026-01-06 08:25:08.619000+00:00,2026-01-06 08:25:08.806812+00:00,608.619,0.35,0.34,0.36,0.65,0.64,0.66,,,,
2026-01-06 08:25:09.571000+00:00,2026-01-06 08:25:09.803734+00:00,609.571,0.35,0.34,0.36,0.65,0.64,0.66,,,,
2026-01-06 08:25:10.458000+00:00,2026-01-06 08:25:10.813939+00:00,610.458,0.345,0.34,0.35,0.655,0.65,0.66,,,,
2026-01-06 08:25:11.641000+00:00,2026-01-06 08:25:11.824573+00:00,611.641,0.345,0.34,0.35,0.635,0.63,0.64,,,,
2026-01-06 08:25:12.655000+00:00,2026-01-06 08:25:12.840679+00:00,612.655,0.415,0.41,0.42,0.585,0.58,0.59,,,,
2026-01-06 08:25:13.666000+00:00,2026-01-06 08:25:13.847290+00:00,613.666,0.405,0.4,0.41,0.595,0.59,0.6,,,,
2026-01-06 08:25:14.680000+00:00,2026-01-06 08:25:14.860876+00:00,614.68,0.405,0.4,0.41,0.605,0.6,0.61,,,,
2026-01-06 08:25:15.691000+00:00,2026-01-06 08:25:15.876188+00:00,615.691,0.4,0.39,0.41,0.59,0.57,0.61,,,,
2026-01-06 08:25:16.709000+00:00,2026-01-06 08:25:16.890327+00:00,616.709,0.375,0.37,0.38,0.625,0.62,0.63,,,,
2026-01-06 08:25:17.710000+00:00,2026-01-06 08:25:17.903586+00:00,617.71,0.355,0.35,0.36,0.645,0.64,0.65,,,,
2026-01-06 08:25:18.656000+00:00,2026-01-06 08:25:18.907057+00:00,618.656,0.355,0.35,0.36,0.645,0.64,0.65,,,,
2026-01-06 08:25:19.744000+00:00,2026-01-06 08:25:19.925881+00:00,619.744,0.355,0.35,0.36,0.645,0.64,0.65,,,,
2026-01-06 08:25:20.768000+00:00,2026-01-06 08:25:20.942029+00:00,620.768,0.335,0.33,0.34,0.665,0.66,0.67,,,,
2026-01-06 08:25:21.757000+00:00,2026-01-06 08:25:21.948479+00:00,621.757,0.295,0.29,0.3,0.705,0.7,0.71,,,,
2026-01-06 08:25:22.767000+00:00,2026-01-06 08:25:22.963563+00:00,622.767,0.295,0.29,0.3,0.705,0.7,0.71,,,,
2026-01-06 08:25:23.813000+00:00,2026-01-06 08:25:23.991194+00:00,623.813,0.3,0.29,0.31,0.705,0.7,0.71,,,,
2026-01-06 08:25:24.799000+00:00,2026-01-06 08:25:24.994604+00:00,624.799,0.255,0.25,0.26,0.745,0.74,0.75,,,,
2026-01-06 08:25:25.809000+00:00,2026-01-06 08:25:25.989683+00:00,625.809,0.255,0.25,0.26,0.75,0.74,0.76,,,,
2026-01-06 08:25:26.749000+00:00,2026-01-06 08:25:27.005237+00:00,626.749,0.235,0.23,0.24,0.765,0.76,0.77,,,,
2026-01-06 08:25:27.808000+00:00,2026-01-06 08:25:28.012958+00:00,627.808,0.24,0.23,0.25,0.76,0.75,0.77,,,,
2026-01-06 08:25:28.829000+00:00,2026-01-06 08:25:29.011916+00:00,628.829,0.24,0.23,0.25,0.76,0.75,0.77,,,,
2026-01-06 08:25:29.841000+00:00,2026-01-06 08:25:30.029003+00:00,629.841,0.245,0.24,0.25,0.755,0.75,0.76,,,,
2026-01-06 08:25:30.764000+00:00,2026-01-06 08:25:31.022160+00:00,630.764,0.26,0.25,0.27,0.74,0.73,0.75,,,,
2026-01-06 08:25:31.784000+00:00,2026-01-06 08:25:32.022598+00:00,631.784,0.26,0.25,0.27,0.74,0.73,0.75,,,,
2026-01-06 08:25:32.855000+00:00,2026-01-06 08:25:33.041692+00:00,632.855,0.265,0.26,0.27,0.74,0.73,0.75,,,,
2026-01-06 08:25:33.805000+00:00,2026-01-06 08:25:34.047756+00:00,633.805,0.26,0.25,0.27,0.74,0.73,0.75,,,,
2026-01-06 08:25:34.856000+00:00,2026-01-06 08:25:35.056095+00:00,634.856,0.26,0.25,0.27,0.74,0.73,0.75,,,,
2026-01-06 08:25:35.875000+00:00,2026-01-06 08:25:36.059745+00:00,635.875,0.255,0.25,0.26,0.745,0.74,0.75,,,,
2026-01-06 08:25:36.870000+00:00,2026-01-06 08:25:37.070401+00:00,636.87,0.28,0.27,0.29,0.725,0.71,0.74,,,,
2026-01-06 08:25:37.855000+00:00,2026-01-06 08:25:38.073137+00:00,637.855,0.275,0.26,0.29,0.725,0.71,0.74,,,,
2026-01-06 08:25:38.890000+00:00,2026-01-06 08:25:39.071634+00:00,638.89,0.29,0.28,0.3,0.705,0.69,0.72,,,,
2026-01-06 08:25:39.790000+00:00,2026-01-06 08:25:40.089352+00:00,639.79,0.28,0.27,0.29,0.715,0.71,0.72,,,,
2026-01-06 08:25:40.917000+00:00,2026-01-06 08:25:41.091369+00:00,640.917,0.285,0.28,0.29,0.715,0.71,0.72,,,,
2026-01-06 08:25:41.902000+00:00,2026-01-06 08:25:42.102618+00:00,641.902,0.3399999999999999,0.33,0.35,0.66,0.65,0.67,,,,
2026-01-06 08:25:42.920000+00:00,2026-01-06 08:25:43.113879+00:00,642.92,0.33,0.32,0.34,0.67,0.66,0.68,,,,
2026-01-06 08:25:43.947000+00:00,2026-01-06 08:25:44.126930+00:00,643.947,0.345,0.34,0.35,0.655,0.65,0.66,,,,
2026-01-06 08:25:44.957000+00:00,2026-01-06 08:25:45.147603+00:00,644.957,0.385,0.38,0.39,0.615,0.61,0.62,,,,
2026-01-06 08:25:45.958000+00:00,2026-01-06 08:25:46.145707+00:00,645.958,0.385,0.38,0.39,0.615,0.61,0.62,,,,
2026-01-06 08:25:46.967000+00:00,2026-01-06 08:25:47.156855+00:00,646.967,0.435,0.43,0.44,0.565,0.56,0.57,,,,
2026-01-06 08:25:47.990000+00:00,2026-01-06 08:25:48.171368+00:00,647.99,0.425,0.42,0.43,0.575,0.57,0.58,,,,
2026-01-06 08:25:48.979000+00:00,2026-01-06 08:25:49.172531+00:00,648.979,0.455,0.45,0.46,0.545,0.54,0.55,,,,
2026-01-06 08:25:50.988000+00:00,2026-01-06 08:25:51.199480+00:00,650.988,0.395,0.39,0.4,0.6,0.59,0.61,,,,
2026-01-06 08:25:52.026000+00:00,2026-01-06 08:25:52.212213+00:00,652.026,0.4,0.39,0.41,0.595,0.59,0.6,,,,
2026-01-06 08:25:53.034000+00:00,2026-01-06 08:25:53.215698+00:00,653.034,0.405,0.4,0.41,0.595,0.59,0.6,,,,
2026-01-06 08:25:54.961000+00:00,2026-01-06 08:25:55.230642+00:00,654.961,0.395,0.39,0.4,0.605,0.6,0.61,,,,
2026-01-06 08:25:55.949000+00:00,2026-01-06 08:25:56.236492+00:00,655.949,0.395,0.39,0.4,0.605,0.6,0.61,,,,
2026-01-06 08:25:57.109000+00:00,2026-01-06 08:25:57.238529+00:00,657.109,0.395,0.39,0.4,0.615,0.61,0.62,,,,
2026-01-06 08:25:58.087000+00:00,2026-01-06 08:25:58.242694+00:00,658.087,0.305,0.3,0.31,0.695,0.69,0.7,,,,
2026-01-06 08:25:59.074000+00:00,2026-01-06 08:25:59.265145+00:00,659.074,0.305,0.3,0.31,0.695,0.69,0.7,,,,
2026-01-06 08:26:00.080000+00:00,2026-01-06 08:26:00.274813+00:00,660.08,0.305,0.3,0.31,0.695,0.69,0.7,,,,
2026-01-06 08:26:01.204000+00:00,2026-01-06 08:26:01.276266+00:00,661.204,0.285,0.28,0.29,0.715,0.71,0.72,,,,
2026-01-06 08:26:02.089000+00:00,2026-01-06 08:26:02.274546+00:00,662.089,0.275,0.27,0.28,0.725,0.72,0.73,,,,
2026-01-06 08:26:03.093000+00:00,2026-01-06 08:26:03.281830+00:00,663.093,0.235,0.23,0.24,0.765,0.76,0.77,,,,
2026-01-06 08:26:04.130000+00:00,2026-01-06 08:26:04.301527+00:00,664.13,0.235,0.23,0.24,0.765,0.76,0.77,,,,
2026-01-06 08:26:05.806000+00:00,2026-01-06 08:26:06.311154+00:00,665.806,0.225,0.22,0.23,0.775,0.77,0.78,,,,
2026-01-06 08:26:07.111000+00:00,2026-01-06 08:26:07.305393+00:00,667.111,0.225,0.22,0.23,0.775,0.77,0.78,,,,
2026-01-06 08:26:08.122000+00:00,2026-01-06 08:26:08.323897+00:00,668.122,0.225,0.22,0.23,0.775,0.77,0.78,,,,
2026-01-06 08:26:09.125000+00:00,2026-01-06 08:26:09.321524+00:00,669.125,0.225,0.22,0.23,0.775,0.77,0.78,,,,
2026-01-06 08:26:10.126000+00:00,2026-01-06 08:26:10.331822+00:00,670.126,0.215,0.21,0.22,0.785,0.78,0.79,,,,
2026-01-06 08:26:11.152000+00:00,2026-01-06 08:26:11.340347+00:00,671.152,0.205,0.2,0.21,0.795,0.79,0.8,,,,
2026-01-06 08:26:12.164000+00:00,2026-01-06 08:26:12.340412+00:00,672.164,0.205,0.2,0.21,0.81,0.8,0.82,,,,
2026-01-06 08:26:13.121000+00:00,2026-01-06 08:26:13.352875+00:00,673.121,0.165,0.16,0.17,0.83,0.82,0.84,,,,
2026-01-06 08:26:14.147000+00:00,2026-01-06 08:26:14.355168+00:00,674.147,0.1699999999999999,0.16,0.18,0.83,0.82,0.84,,,,
2026-01-06 08:26:15.174000+00:00,2026-01-06 08:26:15.354923+00:00,675.174,0.155,0.15,0.16,0.845,0.84,0.85,,,,
2026-01-06 08:26:16.191000+00:00,2026-01-06 08:26:16.373612+00:00,676.191,0.165,0.16,0.17,0.835,0.83,0.84,,,,
2026-01-06 08:26:17.213000+00:00,2026-01-06 08:26:17.371515+00:00,677.213,0.165,0.16,0.17,0.845,0.84,0.85,,,,
2026-01-06 08:26:18.219000+00:00,2026-01-06 08:26:18.387192+00:00,678.219,0.1149999999999999,0.11,0.12,0.885,0.88,0.89,,,,
2026-01-06 08:26:19.214000+00:00,2026-01-06 08:26:19.398651+00:00,679.214,0.1149999999999999,0.11,0.12,0.885,0.88,0.89,,,,
2026-01-06 08:26:20.181000+00:00,2026-01-06 08:26:20.389136+00:00,680.181,0.1149999999999999,0.11,0.12,0.885,0.88,0.89,,,,
2026-01-06 08:26:21.195000+00:00,2026-01-06 08:26:21.380416+00:00,681.195,0.0849999999999999,0.08,0.09,0.915,0.91,0.92,,,,
2026-01-06 08:26:22.210000+00:00,2026-01-06 08:26:22.395395+00:00,682.21,0.0849999999999999,0.08,0.09,0.915,0.91,0.92,,,,
2026-01-06 08:26:23.216000+00:00,2026-01-06 08:26:23.404712+00:00,683.216,0.1,0.09,0.11,0.9,0.89,0.91,,,,
2026-01-06 08:26:24.216000+00:00,2026-01-06 08:26:24.409265+00:00,684.216,0.0849999999999999,0.08,0.09,0.915,0.91,0.92,,,,
2026-01-06 08:26:25.215000+00:00,2026-01-06 08:26:25.410254+00:00,685.215,0.0849999999999999,0.08,0.09,0.915,0.91,0.92,,,,
2026-01-06 08:26:26.193000+00:00,2026-01-06 08:26:26.428826+00:00,686.193,0.08,0.07,0.09,0.92,0.91,0.93,,,,
2026-01-06 08:26:27.235000+00:00,2026-01-06 08:26:27.429861+00:00,687.235,0.09,0.08,0.1,0.91,0.9,0.92,,,,
2026-01-06 08:26:28.183000+00:00,2026-01-06 08:26:28.439274+00:00,688.183,0.09,0.08,0.1,0.91,0.9,0.92,,,,
2026-01-06 08:26:29.253000+00:00,2026-01-06 08:26:29.443277+00:00,689.253,0.0849999999999999,0.08,0.09,0.915,0.91,0.92,,,,
2026-01-06 08:26:30.229000+00:00,2026-01-06 08:26:30.459732+00:00,690.229,0.0849999999999999,0.08,0.09,0.915,0.91,0.92,,,,
2026-01-06 08:26:31.279000+00:00,2026-01-06 08:26:31.478911+00:00,691.279,0.075,0.07,0.08,0.925,0.92,0.93,,,,
2026-01-06 08:26:32.274000+00:00,2026-01-06 08:26:32.472641+00:00,692.274,0.065,0.06,0.07,0.935,0.93,0.94,,,,
2026-01-06 08:26:33.254000+00:00,2026-01-06 08:26:33.478144+00:00,693.254,0.065,0.06,0.07,0.935,0.93,0.94,,,,
2026-01-06 08:26:34.266000+00:00,2026-01-06 08:26:34.477540+00:00,694.266,0.07,0.06,0.08,0.93,0.92,0.94,,,,
2026-01-06 08:26:35.304000+00:00,2026-01-06 08:26:35.487033+00:00,695.304,0.055,0.05,0.06,0.945,0.94,0.95,,,,
2026-01-06 08:26:36.307000+00:00,2026-01-06 08:26:36.499301+00:00,696.307,0.055,0.05,0.06,0.945,0.94,0.95,,,,
2026-01-06 08:26:37.325000+00:00,2026-01-06 08:26:37.501400+00:00,697.325,0.055,0.05,0.06,0.945,0.94,0.95,,,,
2026-01-06 08:26:38.299000+00:00,2026-01-06 08:26:38.507084+00:00,698.299,0.045,0.04,0.05,0.955,0.95,0.96,,,,
2026-01-06 08:26:39.305000+00:00,2026-01-06 08:26:39.520466+00:00,699.305,0.045,0.04,0.05,0.955,0.95,0.96,,,,
2026-01-06 08:26:40.335000+00:00,2026-01-06 08:26:40.522687+00:00,700.335,0.045,0.04,0.05,0.955,0.95,0.96,,,,
2026-01-06 08:26:41.325000+00:00,2026-01-06 08:26:41.529762+00:00,701.325,0.035,0.03,0.04,0.965,0.96,0.97,,,,
2026-01-06 08:26:42.304000+00:00,2026-01-06 08:26:42.547929+00:00,702.304,0.035,0.03,0.04,0.955,0.95,0.96,,,,
2026-01-06 08:26:43.338000+00:00,2026-01-06 08:26:43.553732+00:00,703.338,0.04,0.03,0.05,0.96,0.95,0.97,,,,
2026-01-06 08:26:44.301000+00:00,2026-01-06 08:26:44.545167+00:00,704.301,0.04,0.03,0.05,0.96,0.95,0.97,,,,
2026-01-06 08:26:45.331000+00:00,2026-01-06 08:26:45.550239+00:00,705.331,0.045,0.03,0.06,0.955,0.94,0.97,,,,
2026-01-06 08:26:46.323000+00:00,2026-01-06 08:26:46.548400+00:00,706.323,0.035,0.03,0.04,0.965,0.96,0.97,,,,
2026-01-06 08:26:47.252000+00:00,2026-01-06 08:26:47.541387+00:00,707.252,0.04,0.03,0.05,0.96,0.95,0.97,,,,
2026-01-06 08:26:48.276000+00:00,2026-01-06 08:26:48.552227+00:00,708.276,0.04,0.03,0.05,0.96,0.95,0.97,,,,
2026-01-06 08:26:49.334000+00:00,2026-01-06 08:26:49.568855+00:00,709.334,0.04,0.03,0.05,0.96,0.95,0.97,,,,
2026-01-06 08:26:50.400000+00:00,2026-01-06 08:26:50.583906+00:00,710.4,0.025,0.02,0.03,0.975,0.97,0.98,,,,
2026-01-06 08:26:51.247000+00:00,2026-01-06 08:26:51.585182+00:00,711.247,0.025,0.02,0.03,0.975,0.97,0.98,,,,
2026-01-06 08:26:52.267000+00:00,2026-01-06 08:26:52.602769+00:00,712.267,0.025,0.02,0.03,0.975,0.97,0.98,,,,
2026-01-06 08:26:53.242000+00:00,2026-01-06 08:26:53.619944+00:00,713.242,0.04,0.03,0.05,0.96,0.95,0.97,,,,
2026-01-06 08:26:54.319000+00:00,2026-01-06 08:26:54.617729+00:00,714.319,0.035,0.03,0.04,0.965,0.96,0.97,,,,
2026-01-06 08:26:55.424000+00:00,2026-01-06 08:26:55.620629+00:00,715.424,0.04,0.03,0.05,0.96,0.95,0.97,,,,
2026-01-06 08:26:56.423000+00:00,2026-01-06 08:26:56.620233+00:00,716.423,0.025,0.02,0.03,0.975,0.97,0.98,,,,
2026-01-06 08:26:57.448000+00:00,2026-01-06 08:26:57.633315+00:00,717.448,0.025,0.02,0.03,0.975,0.97,0.98,,,,
2026-01-06 08:26:58.462000+00:00,2026-01-06 08:26:58.655310+00:00,718.462,0.025,0.02,0.03,0.975,0.97,0.98,,,,
2026-01-06 08:26:59.472000+00:00,2026-01-06 08:26:59.657535+00:00,719.472,0.025,0.02,0.03,0.975,0.97,0.98,,,,
2026-01-06 08:27:00.485000+00:00,2026-01-06 08:27:00.669602+00:00,720.485,0.015,0.01,0.02,0.985,0.98,0.99,,,,
2026-01-06 08:27:01.414000+00:00,2026-01-06 08:27:01.684042+00:00,721.414,0.015,0.01,0.02,0.985,0.98,0.99,,,,
2026-01-06 08:27:02.378000+00:00,2026-01-06 08:27:02.701640+00:00,722.378,0.015,0.01,0.02,0.985,0.98,0.99,,,,
2026-01-06 08:27:03.395000+00:00,2026-01-06 08:27:03.703330+00:00,723.395,0.015,0.01,0.02,0.985,0.98,0.99,,,,
2026-01-06 08:27:04.562000+00:00,2026-01-06 08:27:04.712317+00:00,724.562,0.015,0.01,0.02,0.985,0.98,0.99,,,,
2026-01-06 08:27:05.489000+00:00,2026-01-06 08:27:05.733238+00:00,725.489,0.015,0.01,0.02,0.985,0.98,0.99,,,,
2026-01-06 08:27:06.503000+00:00,2026-01-06 08:27:06.743707+00:00,726.503,0.015,0.01,0.02,0.985,0.98,0.99,,,,
2026-01-06 08:27:07.573000+00:00,2026-01-06 08:27:07.752922+00:00,727.573,0.015,0.01,0.02,0.985,0.98,0.99,,,,
2026-01-06 08:27:08.576000+00:00,2026-01-06 08:27:08.768983+00:00,728.576,0.015,0.01,0.02,0.985,0.98,0.99,,,,
2026-01-06 08:27:09.508000+00:00,2026-01-06 08:27:09.767008+00:00,729.508,0.015,0.01,0.02,0.985,0.98,0.99,,,,
2026-01-06 08:27:10.421000+00:00,2026-01-06 08:27:10.773501+00:00,730.421,0.015,0.01,0.02,0.985,0.98,0.99,,,,
2026-01-06 08:27:11.013000+00:00,2026-01-06 08:27:11.776634+00:00,731.013,0.015,0.01,0.02,0.985,0.98,0.99,,,,
2026-01-06 08:27:12.512000+00:00,2026-01-06 08:27:12.784171+00:00,732.512,0.015,0.01,0.02,0.985,0.98,0.99,,,,
2026-01-06 08:27:13.594000+00:00,2026-01-06 08:27:13.783760+00:00,733.594,0.015,0.01,0.02,0.985,0.98,0.99,,,,
2026-01-06 08:27:14.617000+00:00,2026-01-06 08:27:14.797327+00:00,734.617,0.015,0.01,0.02,0.985,0.98,0.99,,,,
2026-01-06 08:27:15.431000+00:00,2026-01-06 08:27:15.798452+00:00,735.431,0.015,0.01,0.02,0.985,0.98,0.99,,,,
2026-01-06 08:27:16.438000+00:00,2026-01-06 08:27:16.822860+00:00,736.438,0.015,0.01,0.02,0.985,0.98,0.99,,,,
2026-01-06 08:27:17.493000+00:00,2026-01-06 08:27:17.821445+00:00,737.493,0.015,0.01,0.02,0.985,0.98,0.99,,,,
2026-01-06 08:27:18.506000+00:00,2026-01-06 08:27:18.823847+00:00,738.506,0.015,0.01,0.02,0.985,0.98,0.99,,,,
2026-01-06 08:27:19.632000+00:00,2026-01-06 08:27:19.834503+00:00,739.632,0.01,,0.01,0.99,0.99,,,,,
2026-01-06 08:27:20.566000+00:00,2026-01-06 08:27:20.835581+00:00,740.566,0.01,,0.01,0.99,0.99,,,,,
2026-01-06 08:27:21.570000+00:00,2026-01-06 08:27:21.850197+00:00,741.57,0.01,,0.01,0.99,0.99,,,,,
2026-01-06 08:27:22.620000+00:00,2026-01-06 08:27:22.852101+00:00,742.62,0.01,,0.01,0.99,0.99,,,,,
2026-01-06 08:27:23.624000+00:00,2026-01-06 08:27:23.865147+00:00,743.624,0.01,,0.01,0.99,0.99,,,,,
2026-01-06 08:27:24.656000+00:00,2026-01-06 08:27:24.883215+00:00,744.656,0.01,,0.01,0.99,0.99,,,,,
2026-01-06 08:27:25.684000+00:00,2026-01-06 08:27:25.901928+00:00,745.684,0.01,,0.01,0.99,0.99,,,,,
2026-01-06 08:27:26.730000+00:00,2026-01-06 08:27:26.916091+00:00,746.73,0.01,,0.01,0.99,0.99,,,,,
2026-01-06 08:27:27.740000+00:00,2026-01-06 08:27:27.934124+00:00,747.74,0.01,,0.01,0.99,0.99,,,,,
2026-01-06 08:27:28.538000+00:00,2026-01-06 08:27:28.952258+00:00,748.538,0.01,,0.01,0.99,0.99,,,,,
2026-01-06 08:27:29.748000+00:00,2026-01-06 08:27:29.957400+00:00,749.748,0.01,,0.01,0.99,0.99,,,,,
2026-01-06 08:27:30.462000+00:00,2026-01-06 08:27:30.960643+00:00,750.462,0.01,,0.01,0.99,0.99,,,,,
2026-01-06 08:27:31.662000+00:00,2026-01-06 08:27:31.967035+00:00,751.662,0.01,,0.01,0.99,0.99,,,,,
2026-01-06 08:27:32.687000+00:00,2026-01-06 08:27:32.967222+00:00,752.687,0.01,,0.01,0.99,0.99,,,,,
2026-01-06 08:27:33.540000+00:00,2026-01-06 08:27:33.984427+00:00,753.54,0.01,,0.01,0.99,0.99,,,,,
2026-01-06 08:27:34.254000+00:00,2026-01-06 08:27:34.984197+00:00,754.254,0.01,,0.01,0.99,0.99,,,,,
2026-01-06 08:27:35.599000+00:00,2026-01-06 08:27:35.990423+00:00,755.599,0.01,,0.01,0.99,0.99,,,,,
2026-01-06 08:27:36.639000+00:00,2026-01-06 08:27:36.993541+00:00,756.639,0.01,,0.01,0.99,0.99,,,,,
2026-01-06 08:27:37.728000+00:00,2026-01-06 08:27:38.001048+00:00,757.728,0.01,,0.01,0.99,0.99,,,,,
2026-01-06 08:27:38.478000+00:00,2026-01-06 08:27:39.005018+00:00,758.478,0.01,,0.01,0.99,0.99,,,,,
2026-01-06 08:27:39.755000+00:00,2026-01-06 08:27:40.015703+00:00,759.755,0.01,,0.01,0.99,0.99,,,,,
2026-01-06 08:27:40.736000+00:00,2026-01-06 08:27:41.016634+00:00,760.736,0.01,,0.01,0.99,0.99,,,,,
2026-01-06 08:27:41.742000+00:00,2026-01-06 08:27:42.021929+00:00,761.742,0.01,,0.01,0.99,0.99,,,,,
2026-01-06 08:27:42.788000+00:00,2026-01-06 08:27:43.024290+00:00,762.788,0.01,,0.01,0.99,0.99,,,,,
2026-01-06 08:27:43.529000+00:00,2026-01-06 08:27:44.029499+00:00,763.529,0.01,,0.01,0.99,0.99,,,,,
2026-01-06 08:27:44.796000+00:00,2026-01-06 08:27:45.035714+00:00,764.796,0.01,,0.01,0.99,0.99,,,,,
2026-01-06 08:27:45.588000+00:00,2026-01-06 08:27:46.041063+00:00,765.588,0.01,,0.01,0.99,0.99,,,,,
2026-01-06 08:27:46.553000+00:00,2026-01-06 08:27:47.061136+00:00,766.553,0.01,,0.01,0.99,0.99,,,,,
2026-01-06 08:27:47.213000+00:00,2026-01-06 08:27:48.081058+00:00,767.213,0.01,,0.01,0.99,0.99,,,,,
2026-01-06 08:27:48.778000+00:00,2026-01-06 08:27:51.117596+00:00,768.778,0.01,,0.01,0.99,0.99,,,,,
2026-01-06 08:27:51.853000+00:00,2026-01-06 08:27:52.133078+00:00,771.853,0.01,,0.01,0.99,0.99,,,,,
2026-01-06 08:27:52.662000+00:00,2026-01-06 08:27:53.150909+00:00,772.662,0.01,,0.01,0.99,0.99,,,,,
2026-01-06 08:27:53.497000+00:00,2026-01-06 08:27:54.172181+00:00,773.497,0.01,,0.01,0.99,0.99,,,,,
2026-01-06 08:27:54.272000+00:00,2026-01-06 08:27:55.188427+00:00,774.272,0.01,,0.01,0.99,0.99,,,,,
2026-01-06 08:27:55.868000+00:00,2026-01-06 08:27:57.221531+00:00,775.868,0.01,,0.01,0.99,0.99,,,,,
2026-01-06 08:27:57.837000+00:00,2026-01-06 08:27:58.230429+00:00,777.837,0.01,,0.01,0.99,0.99,,,,,
2026-01-06 08:27:58.598000+00:00,2026-01-06 08:27:59.242870+00:00,778.598,0.01,,0.01,0.99,0.99,,,,,
2026-01-06 08:28:00.976000+00:00,2026-01-06 08:28:01.244612+00:00,780.976,0.01,,0.01,0.99,0.99,,,,,
2026-01-06 08:28:01.611000+00:00,2026-01-06 08:28:02.248467+00:00,781.611,0.01,,0.01,0.99,0.99,,,,,
2026-01-06 08:28:02.617000+00:00,2026-01-06 08:28:03.259793+00:00,782.617,0.01,,0.01,0.99,0.99,,,,,
2026-01-06 08:28:03.743000+00:00,2026-01-06 08:28:04.264272+00:00,783.743,0.01,,0.01,0.99,0.99,,,,,
2026-01-06 08:28:04.627000+00:00,2026-01-06 08:28:05.264063+00:00,784.627,0.01,,0.01,0.99,0.99,,,,,
2026-01-06 08:28:05.862000+00:00,2026-01-06 08:28:06.273525+00:00,785.862,0.01,,0.01,0.99,0.99,,,,,
2026-01-06 08:28:07.910000+00:00,2026-01-06 08:28:08.292105+00:00,787.91,0.01,,0.01,0.99,0.99,,,,,
2026-01-06 08:28:08.872000+00:00,2026-01-06 08:28:09.302217+00:00,788.872,0.01,,0.01,0.99,0.99,,,,,
2026-01-06 08:28:09.774000+00:00,2026-01-06 08:28:10.301126+00:00,789.774,0.01,,0.01,0.99,0.99,,,,,
2026-01-06 08:28:10.914000+00:00,2026-01-06 08:28:13.336768+00:00,790.914,0.01,,0.01,0.99,0.99,,,,,
2026-01-06 08:28:14.402000+00:00,2026-01-06 08:28:15.362404+00:00,794.402,0.01,,0.01,0.99,0.99,,,,,
2026-01-06 08:28:15.612000+00:00,2026-01-06 08:28:16.367073+00:00,795.612,0.01,,0.01,0.99,0.99,,,,,
2026-01-06 08:28:16.842000+00:00,2026-01-06 08:28:18.368578+00:00,796.842,0.01,,0.01,0.99,0.99,,,,,
2026-01-06 08:28:18.740000+00:00,2026-01-06 08:28:19.383657+00:00,798.74,0.01,,0.01,0.99,0.99,,,,,
2026-01-06 08:28:20.139000+00:00,2026-01-06 08:28:20.401786+00:00,800.139,0.01,,0.01,0.99,0.99,,,,,
2026-01-06 08:28:21.153000+00:00,2026-01-06 08:28:21.416384+00:00,801.153,0.01,,0.01,0.99,0.99,,,,,
2026-01-06 08:28:22.158000+00:00,2026-01-06 08:28:22.420792+00:00,802.158,0.01,,0.01,0.99,0.99,,,,,
2026-01-06 08:28:23.164000+00:00,2026-01-06 08:28:23.432769+00:00,803.164,0.01,,0.01,0.99,0.99,,,,,
2026-01-06 08:28:24.174000+00:00,2026-01-06 08:28:24.433212+00:00,804.174,0.01,,0.01,0.99,0.99,,,,,
2026-01-06 08:28:25.175000+00:00,2026-01-06 08:28:25.433129+00:00,805.175,0.01,,0.01,0.99,0.99,,,,,
2026-01-06 08:28:26.184000+00:00,2026-01-06 08:28:26.442459+00:00,806.184,0.01,,0.01,0.99,0.99,,,,,
2026-01-06 08:28:27.182000+00:00,2026-01-06 08:28:27.449894+00:00,807.182,0.01,,0.01,0.99,0.99,,,,,
2026-01-06 08:28:28.213000+00:00,2026-01-06 08:28:28.465754+00:00,808.213,0.01,,0.01,0.99,0.99,,,,,
2026-01-06 08:28:29.605000+00:00,2026-01-06 08:28:31.498275+00:00,809.605,0.01,,0.01,0.99,0.99,,,,,
2026-01-06 08:28:31.855000+00:00,2026-01-06 08:28:33.515814+00:00,811.855,0.01,,0.01,0.99,0.99,,,,,
2026-01-06 08:28:33.676000+00:00,2026-01-06 08:28:34.528457+00:00,813.676,0.01,,0.01,0.99,0.99,,,,,
2026-01-06 08:28:35.337000+00:00,2026-01-06 08:28:35.530512+00:00,815.337,0.01,,0.01,0.99,0.99,,,,,
2026-01-06 08:28:36.824000+00:00,2026-01-06 08:28:37.531678+00:00,816.824,0.01,,0.01,0.99,0.99,,,,,
2026-01-06 08:28:37.643000+00:00,2026-01-06 08:28:38.546594+00:00,817.643,0.01,,0.01,0.99,0.99,,,,,
2026-01-06 08:28:39.954000+00:00,2026-01-06 08:28:40.573770+00:00,819.954,0.01,,0.01,0.99,0.99,,,,,
2026-01-06 08:28:41.263000+00:00,2026-01-06 08:28:41.580697+00:00,821.263,0.01,,0.01,0.99,0.99,,,,,
2026-01-06 08:28:42.360000+00:00,2026-01-06 08:28:43.615121+00:00,822.36,0.01,,0.01,0.99,0.99,,,,,
2026-01-06 08:28:44.335000+00:00,2026-01-06 08:28:44.631769+00:00,824.335,0.01,,0.01,0.99,0.99,,,,,
2026-01-06 08:28:45.519000+00:00,2026-01-06 08:28:46.665263+00:00,825.519,0.01,,0.01,0.99,0.99,,,,,
2026-01-06 08:28:47.368000+00:00,2026-01-06 08:28:48.671389+00:00,827.368,0.01,,0.01,0.99,0.99,,,,,
2026-01-06 08:28:48.847000+00:00,2026-01-06 08:28:49.681694+00:00,828.847,0.01,,0.01,0.99,0.99,,,,,
2026-01-06 08:28:50.335000+00:00,2026-01-06 08:28:50.702620+00:00,830.335,0.01,,0.01,0.99,0.99,,,,,
2026-01-06 08:28:51.067000+00:00,2026-01-06 08:28:52.732341+00:00,831.067,0.01,,0.01,0.99,0.99,,,,,
2026-01-06 08:28:53.794000+00:00,2026-01-06 08:28:54.749521+00:00,833.794,0.01,,0.01,0.99,0.99,,,,,
2026-01-06 08:28:55.214000+00:00,2026-01-06 08:28:56.748628+00:00,835.214,0.01,,0.01,0.99,0.99,,,,,
2026-01-06 08:28:57.475000+00:00,2026-01-06 08:28:57.760540+00:00,837.475,0.01,,0.01,0.99,0.99,,,,,
2026-01-06 08:28:58.656000+00:00,2026-01-06 08:28:59.765233+00:00,838.656,0.01,,0.01,0.99,0.99,,,,,
2026-01-06 08:29:00.147000+00:00,2026-01-06 08:29:01.777048+00:00,840.147,0.01,,0.01,0.99,0.99,,,,,
2026-01-06 08:29:02.406000+00:00,2026-01-06 08:29:02.781307+00:00,842.406,0.01,,0.01,0.99,0.99,,,,,
2026-01-06 08:29:03.371000+00:00,2026-01-06 08:29:03.788589+00:00,843.371,0.01,,0.01,0.99,0.99,,,,,
2026-01-06 08:29:04.480000+00:00,2026-01-06 08:29:04.797892+00:00,844.48,0.01,,0.01,0.99,0.99,,,,,
2026-01-06 08:29:05.465000+00:00,2026-01-06 08:29:06.802412+00:00,845.465,0.01,,0.01,0.99,0.99,,,,,
2026-01-06 08:29:06.792000+00:00,2026-01-06 08:29:10.848148+00:00,846.792,0.01,,0.01,0.99,0.99,,,,,
2026-01-06 08:29:10.928000+00:00,2026-01-06 08:29:11.853231+00:00,850.928,0.01,,0.01,0.99,0.99,,,,,
2026-01-06 08:29:12.458000+00:00,2026-01-06 08:29:12.853856+00:00,852.458,0.01,,0.01,0.99,0.99,,,,,
2026-01-06 08:29:13.279000+00:00,2026-01-06 08:29:13.847474+00:00,853.279,0.01,,0.01,0.99,0.99,,,,,
2026-01-06 08:29:14.463000+00:00,2026-01-06 08:29:14.853380+00:00,854.463,0.01,,0.01,0.99,0.99,,,,,
2026-01-06 08:29:15.298000+00:00,2026-01-06 08:29:15.864809+00:00,855.298,0.01,,0.01,0.99,0.99,,,,,
2026-01-06 08:29:16.726000+00:00,2026-01-06 08:29:17.897435+00:00,856.726,0.01,,0.01,0.99,0.99,,,,,
2026-01-06 08:29:18.168000+00:00,2026-01-06 08:29:18.901366+00:00,858.168,0.01,,0.01,0.99,0.99,,,,,
2026-01-06 08:29:19.075000+00:00,2026-01-06 08:29:19.913586+00:00,859.075,0.01,,0.01,0.99,0.99,,,,,
2026-01-06 08:29:20.108000+00:00,2026-01-06 08:29:20.914716+00:00,860.108,0.01,,0.01,0.99,0.99,,,,,
2026-01-06 08:29:21.014000+00:00,2026-01-06 08:29:21.915818+00:00,861.014,0.01,,0.01,0.99,0.99,,,,,
2026-01-06 08:29:22.238000+00:00,2026-01-06 08:29:22.919268+00:00,862.238,0.01,,0.01,0.99,0.99,,,,,
2026-01-06 08:29:23.398000+00:00,2026-01-06 08:29:26.930061+00:00,863.398,0.01,,0.01,0.99,0.99,,,,,
2026-01-06 08:29:27.299000+00:00,2026-01-06 08:29:27.939496+00:00,867.299,0.01,,0.01,0.99,0.99,,,,,
2026-01-06 08:29:28.119000+00:00,2026-01-06 08:29:28.930688+00:00,868.119,0.01,,0.01,0.99,0.99,,,,,
2026-01-06 08:29:29.455000+00:00,2026-01-06 08:29:29.930166+00:00,869.455,0.01,,0.01,0.99,0.99,,,,,
2026-01-06 08:29:30.153000+00:00,2026-01-06 08:29:30.928961+00:00,870.153,0.01,,0.01,0.99,0.99,,,,,
2026-01-06 08:29:31.443000+00:00,2026-01-06 08:29:31.946091+00:00,871.443,0.01,,0.01,0.99,0.99,,,,,
2026-01-06 08:29:32.598000+00:00,2026-01-06 08:29:32.950934+00:00,872.598,0.01,,0.01,0.99,0.99,,,,,
2026-01-06 08:29:33.735000+00:00,2026-01-06 08:29:33.949872+00:00,873.735,0.01,,0.01,0.99,0.99,,,,,
2026-01-06 08:29:34.800000+00:00,2026-01-06 08:29:35.966074+00:00,874.8,0.01,,0.01,0.99,0.99,,,,,
2026-01-06 08:29:36.085000+00:00,2026-01-06 08:29:36.963058+00:00,876.085,0.01,,0.01,0.99,0.99,,,,,
2026-01-06 08:29:37.574000+00:00,2026-01-06 08:29:37.979576+00:00,877.574,0.01,,0.01,0.99,0.99,,,,,
2026-01-06 08:29:38.167000+00:00,2026-01-06 08:29:38.982370+00:00,878.167,0.01,,0.01,0.99,0.99,,,,,
2026-01-06 08:29:39.619000+00:00,2026-01-06 08:29:39.979751+00:00,879.619,0.01,,0.01,0.99,0.99,,,,,
2026-01-06 08:29:40.644000+00:00,2026-01-06 08:29:40.989471+00:00,880.644,0.01,,0.01,0.99,0.99,,,,,
2026-01-06 08:29:41.314000+00:00,2026-01-06 08:29:41.986973+00:00,881.314,0.01,,0.01,0.99,0.99,,,,,
2026-01-06 08:29:42.739000+00:00,2026-01-06 08:29:44.007685+00:00,882.739,0.01,,0.01,0.99,0.99,,,,,
2026-01-06 08:29:44.744000+00:00,2026-01-06 08:29:45.033413+00:00,884.744,0.01,,0.01,0.99,0.99,,,,,
2026-01-06 08:29:45.894000+00:00,2026-01-06 08:29:46.042610+00:00,885.894,0.01,,0.01,0.99,0.99,,,,,
2026-01-06 08:29:46.863000+00:00,2026-01-06 08:29:47.044485+00:00,886.863,0.01,,0.01,0.99,0.99,,,,,
2026-01-06 08:29:47.839000+00:00,2026-01-06 08:29:48.044704+00:00,887.839,0.01,,0.01,0.99,0.99,,,,,
2026-01-06 08:29:48.288000+00:00,2026-01-06 08:29:49.060975+00:00,888.288,0.01,,0.01,0.99,0.99,,,,,
2026-01-06 08:29:49.146000+00:00,2026-01-06 08:29:50.069444+00:00,889.146,0.01,,0.01,0.99,0.99,,,,,
2026-01-06 08:29:50.556000+00:00,2026-01-06 08:29:51.077867+00:00,890.556,0.01,,0.01,0.99,0.99,,,,,
2026-01-06 08:29:51.816000+00:00,2026-01-06 08:29:52.077937+00:00,891.816,0.01,,0.01,0.99,0.99,,,,,
2026-01-06 08:29:52.654000+00:00,2026-01-06 08:29:53.074335+00:00,892.654,0.01,,0.01,0.99,0.99,,,,,
2026-01-06 08:29:53.237000+00:00,2026-01-06 08:29:54.093818+00:00,893.237,0.01,,0.01,0.99,0.99,,,,,
2026-01-06 08:29:54.280000+00:00,2026-01-06 08:29:55.102114+00:00,894.28,0.01,,0.01,0.99,0.99,,,,,
2026-01-06 08:29:55.726000+00:00,2026-01-06 08:29:56.111514+00:00,895.726,0.01,,0.01,0.99,0.99,,,,,
2026-01-06 08:29:56.733000+00:00,2026-01-06 08:29:57.109754+00:00,896.733,0.01,,0.01,0.99,0.99,,,,,
2026-01-06 08:29:57.884000+00:00,2026-01-06 08:29:58.116065+00:00,897.884,0.01,,0.01,0.99,0.99,,,,,
2026-01-06 08:29:58.684000+00:00,2026-01-06 08:29:59.128182+00:00,898.684,0.01,,0.01,0.99,0.99,,,,,
2026-01-06 08:29:59.915000+00:00,2026-01-06 08:30:00.137394+00:00,899.915,0.53,0.52,0.54,0.47,0.46,0.48,,,,
