timestamp,collected_at,seconds,up_mid,up_best_bid,up_best_ask,down_mid,down_best_bid,down_best_ask,up_best_bid_size,up_best_ask_size,down_best_bid_size,down_best_ask_size,up_bid_2,up_bid_2_size,up_ask_2,up_ask_2_size,up_bid_3,up_bid_3_size,up_ask_3,up_ask_3_size,up_bid_4,up_bid_4_size,up_ask_4,up_ask_4_size,up_bid_5,up_bid_5_size,up_ask_5,up_ask_5_size,up_bid_6,up_bid_6_size,up_ask_6,up_ask_6_size,down_bid_2,down_bid_2_size,down_ask_2,down_ask_2_size,down_bid_3,down_bid_3_size,down_ask_3,down_ask_3_size,down_bid_4,down_bid_4_size,down_ask_4,down_ask_4_size,down_bid_5,down_bid_5_size,down_ask_5,down_ask_5_size,down_bid_6,down_bid_6_size,down_ask_6,down_ask_6_size
2026-01-07 05:15:00.392000+00:00,2026-01-07 05:14:58.122792+00:00,0.392,0.01,,0.01,0.99,0.99,,,1471.82,154054.82,,,,0.02,100.0,,,0.05,25.0,,,0.12,29.0,,,0.16,14.99,,,0.21,14.99,0.98,100.0,,,0.95,25.0,,,0.9,5510.0,,,0.88,29.0,,,0.84,14.99,,
2026-01-07 05:15:01.673000+00:00,2026-01-07 05:14:59.125579+00:00,1.673,0.01,,0.01,0.99,0.99,,,167888.07,167938.07,,,,0.02,100.0,,,0.05,25.0,,,0.1,8010.0,,,0.12,29.0,,,0.16,14.99,0.98,100.0,,,0.95,25.0,,,0.9,8010.0,,,0.88,29.0,,,0.84,14.99,,
2026-01-07 05:15:02.263000+00:00,2026-01-07 05:15:00.115874+00:00,2.263,0.545,0.54,0.55,0.455,0.45,0.46,400.0,183.0,180.92,400.0,0.53,757.32,0.56,191.0,0.52,3084.06,0.57,183.0,0.51,391.67,0.58,183.0,0.5,391.8,0.59,40.0,0.49,605.5,0.6,313.0,0.44,191.0,0.47,757.32,0.43,183.0,0.48,3084.06,0.42,183.0,0.49,391.67,0.41,101.0,0.5,391.8,0.4,250.0,0.51,605.5
2026-01-07 05:15:03.746000+00:00,2026-01-07 05:15:01.137368+00:00,3.746,0.565,0.56,0.57,0.435,0.43,0.44,1269.95,304.0,319.0,1269.95,0.55,81.68,0.58,304.0,0.54,356.52,0.59,222.0,0.53,757.32,0.6,371.0,0.52,3084.06,0.63,15.0,0.51,391.67,0.65,5.0,0.42,304.0,0.45,81.68,0.41,222.0,0.46,356.52,0.4,371.0,0.47,757.32,0.38,15.0,0.48,3084.06,0.35,5.0,0.49,391.67
2026-01-07 05:15:04.741000+00:00,2026-01-07 05:15:02.148188+00:00,4.741,0.565,0.56,0.57,0.435,0.43,0.44,1302.9,344.0,364.0,1302.9,0.55,81.68,0.58,304.0,0.54,356.52,0.59,237.0,0.53,757.32,0.6,371.0,0.52,3099.06,0.64,15.0,0.51,406.67,0.65,5.0,0.42,304.0,0.45,81.68,0.41,237.0,0.46,356.52,0.4,381.0,0.47,757.32,0.36,15.0,0.48,3099.06,0.35,5.0,0.49,406.67
2026-01-07 05:15:05.690000+00:00,2026-01-07 05:15:03.155921+00:00,5.69,0.565,0.56,0.57,0.435,0.43,0.44,884.92,369.0,369.0,884.92,0.55,81.68,0.58,304.0,0.54,371.52,0.59,222.0,0.53,772.32,0.6,381.0,0.52,3164.06,0.65,20.0,0.51,421.67,0.67,52.0,0.42,304.0,0.45,81.68,0.41,344.0,0.46,371.52,0.4,381.0,0.47,772.32,0.39,121.0,0.48,3164.06,0.35,20.0,0.49,421.67
2026-01-07 05:15:06.814000+00:00,2026-01-07 05:15:04.178254+00:00,6.814,0.565,0.56,0.57,0.435,0.43,0.44,713.91,349.0,305.14,713.91,0.55,96.68,0.58,329.0,0.54,371.52,0.59,440.0,0.53,822.32,0.6,599.0,0.52,3129.06,0.61,339.0,0.51,421.67,0.65,20.0,0.42,329.0,0.45,96.68,0.41,440.0,0.46,371.52,0.4,599.0,0.47,822.32,0.39,339.0,0.48,3129.06,0.35,20.0,0.49,421.67
2026-01-07 05:15:07.648000+00:00,2026-01-07 05:15:05.201114+00:00,7.648,0.565,0.56,0.57,0.435,0.43,0.44,673.91,320.14,320.14,673.91,0.55,96.68,0.58,374.0,0.54,371.52,0.59,379.0,0.53,822.32,0.6,599.0,0.52,3129.06,0.61,339.0,0.51,421.67,0.64,15.0,0.42,374.0,0.45,96.68,0.41,379.0,0.46,371.52,0.4,599.0,0.47,822.32,0.39,339.0,0.48,3129.06,0.36,15.0,0.49,421.67
2026-01-07 05:15:08.848000+00:00,2026-01-07 05:15:06.207365+00:00,8.848,0.565,0.56,0.57,0.435,0.43,0.44,688.91,318.14,388.14,773.91,0.55,120.68,0.58,398.0,0.54,427.52,0.59,385.0,0.53,802.32,0.6,599.0,0.52,3114.06,0.61,339.0,0.51,421.67,0.65,5.0,0.42,468.0,0.45,190.68,0.41,455.0,0.46,497.52,0.4,669.0,0.47,872.32,0.39,409.0,0.48,3184.06,0.38,70.0,0.49,491.67
2026-01-07 05:15:09.801000+00:00,2026-01-07 05:15:07.210968+00:00,9.801,0.565,0.56,0.57,0.435,0.43,0.44,753.91,371.85,371.85,753.91,0.55,190.68,0.58,473.0,0.54,497.52,0.59,455.0,0.53,872.32,0.6,669.0,0.52,3184.06,0.61,409.0,0.51,491.67,0.62,70.0,0.42,473.0,0.45,190.68,0.41,455.0,0.46,497.52,0.4,669.0,0.47,872.32,0.39,409.0,0.48,3184.06,0.38,70.0,0.49,491.67
2026-01-07 05:15:10.806000+00:00,2026-01-07 05:15:08.217976+00:00,10.806,0.565,0.56,0.57,0.435,0.43,0.44,751.41,364.83,364.83,751.41,0.55,262.68,0.58,485.0,0.54,521.52,0.59,540.0,0.53,872.32,0.6,669.0,0.52,3184.06,0.61,409.0,0.51,491.67,0.62,70.0,0.42,485.0,0.45,262.68,0.41,540.0,0.46,521.52,0.4,669.0,0.47,872.32,0.39,409.0,0.48,3184.06,0.38,70.0,0.49,491.67
2026-01-07 05:15:11.708000+00:00,2026-01-07 05:15:09.226117+00:00,11.708,0.565,0.56,0.57,0.435,0.43,0.44,863.41,349.83,349.83,863.41,0.55,264.68,0.58,408.0,0.54,477.52,0.59,591.0,0.53,857.32,0.6,705.0,0.52,3184.06,0.61,409.0,0.51,491.67,0.62,70.0,0.42,408.0,0.45,264.68,0.41,591.0,0.46,477.52,0.4,705.0,0.47,857.32,0.39,409.0,0.48,3184.06,0.38,70.0,0.49,491.67
2026-01-07 05:15:12.463000+00:00,2026-01-07 05:15:10.215971+00:00,12.463,0.565,0.56,0.57,0.435,0.43,0.44,915.41,266.0,282.0,898.41,0.55,217.68,0.58,368.0,0.54,477.52,0.59,470.0,0.53,857.32,0.6,741.0,0.52,3367.06,0.61,433.0,0.51,674.67,0.62,374.0,0.42,368.0,0.45,245.68,0.41,470.0,0.46,477.52,0.4,705.0,0.47,857.32,0.39,409.0,0.48,3367.06,0.38,374.0,0.49,674.67
2026-01-07 05:15:13.862000+00:00,2026-01-07 05:15:11.222474+00:00,13.862,0.565,0.56,0.57,0.435,0.43,0.44,681.41,494.0,687.0,681.41,0.55,121.68,0.58,448.0,0.54,362.52,0.59,500.0,0.53,781.32,0.6,669.0,0.52,3258.06,0.61,409.0,0.51,540.67,0.62,374.0,0.42,518.0,0.45,116.68,0.41,500.0,0.46,362.52,0.4,669.0,0.47,757.32,0.39,409.0,0.48,3246.06,0.38,374.0,0.49,525.67
2026-01-07 05:15:14.882000+00:00,2026-01-07 05:15:12.243453+00:00,14.882,0.525,0.52,0.53,0.475,0.47,0.48,2383.18,117.0,157.45,2378.18,0.51,358.67,0.54,106.0,0.5,447.57,0.55,126.0,0.49,635.5,0.56,317.0,0.48,52.22,0.57,562.0,0.47,60.0,0.58,428.0,0.46,106.0,0.49,358.67,0.45,126.0,0.5,447.57,0.44,317.0,0.51,650.5,0.43,547.0,0.52,37.22,0.42,413.0,0.53,60.0
2026-01-07 05:15:15.877000+00:00,2026-01-07 05:15:13.249418+00:00,15.877,0.525,0.52,0.53,0.475,0.47,0.48,2368.18,150.45,150.45,2368.18,0.51,406.67,0.54,195.0,0.5,490.57,0.55,186.0,0.49,638.5,0.56,317.0,0.48,25.22,0.57,489.0,0.46,10.0,0.58,413.0,0.46,195.0,0.49,442.67,0.45,211.0,0.5,454.57,0.44,317.0,0.51,638.5,0.43,489.0,0.52,25.22,0.42,413.0,0.54,10.0
2026-01-07 05:15:16.914000+00:00,2026-01-07 05:15:14.270101+00:00,16.914,0.525,0.52,0.53,0.475,0.47,0.48,2363.18,356.45,395.45,2363.18,0.51,358.67,0.54,159.0,0.5,377.57,0.55,151.0,0.49,617.5,0.56,397.0,0.48,46.22,0.57,569.0,0.47,65.0,0.58,428.0,0.46,229.0,0.49,358.67,0.45,221.0,0.5,377.57,0.44,397.0,0.51,641.5,0.43,569.0,0.52,78.22,0.42,428.0,0.53,45.0
2026-01-07 05:15:17.925000+00:00,2026-01-07 05:15:15.278650+00:00,17.925,0.525,0.52,0.53,0.475,0.47,0.48,2235.91,199.46,211.46,2098.91,0.51,358.67,0.54,171.0,0.5,368.03,0.55,221.0,0.49,641.5,0.56,322.0,0.48,138.22,0.57,489.0,0.47,30.0,0.58,428.0,0.46,224.0,0.49,358.67,0.45,221.0,0.5,368.03,0.44,322.0,0.51,641.5,0.43,489.0,0.52,138.22,0.42,428.0,0.53,30.0
2026-01-07 05:15:18.908000+00:00,2026-01-07 05:15:16.284742+00:00,18.908,0.525,0.52,0.53,0.475,0.47,0.48,2098.91,247.28,199.28,2034.28,0.51,358.67,0.54,229.0,0.5,385.03,0.55,221.0,0.49,629.5,0.56,317.0,0.48,102.22,0.57,454.0,0.47,30.0,0.58,428.0,0.46,229.0,0.49,382.67,0.45,245.0,0.5,373.03,0.44,317.0,0.51,605.5,0.43,454.0,0.52,90.22,0.42,428.0,0.53,30.0
2026-01-07 05:15:19.894000+00:00,2026-01-07 05:15:17.293987+00:00,19.894,0.525,0.52,0.53,0.475,0.47,0.48,2049.28,114.78,114.78,2049.28,0.51,430.67,0.54,229.0,0.5,450.03,0.55,293.0,0.49,675.5,0.56,282.0,0.48,160.22,0.57,454.0,0.47,100.0,0.58,428.0,0.46,229.0,0.49,430.67,0.45,293.0,0.5,450.03,0.44,282.0,0.51,675.5,0.43,439.0,0.52,160.22,0.42,428.0,0.53,100.0
2026-01-07 05:15:20.877000+00:00,2026-01-07 05:15:18.301211+00:00,20.877,0.525,0.52,0.53,0.475,0.47,0.48,1980.75,159.0,159.0,1980.75,0.51,367.67,0.54,261.6,0.5,444.03,0.55,221.0,0.49,711.5,0.56,282.0,0.48,128.22,0.57,439.0,0.47,70.0,0.58,419.0,0.46,261.6,0.49,367.67,0.45,221.0,0.5,444.03,0.44,282.0,0.51,711.5,0.43,439.0,0.52,133.22,0.42,419.0,0.53,70.0
2026-01-07 05:15:21.828000+00:00,2026-01-07 05:15:19.319117+00:00,21.828,0.525,0.52,0.53,0.475,0.47,0.48,1471.73,187.37,257.37,1413.2,0.51,379.67,0.54,394.6,0.5,456.03,0.55,221.0,0.49,723.5,0.56,294.0,0.48,85.22,0.57,439.0,0.47,70.0,0.58,419.0,0.46,394.6,0.49,367.67,0.45,221.0,0.5,456.03,0.44,294.0,0.51,699.5,0.43,439.0,0.52,85.22,0.42,419.0,0.53,70.0
2026-01-07 05:15:22.917000+00:00,2026-01-07 05:15:20.326689+00:00,22.917,0.525,0.52,0.53,0.475,0.47,0.48,710.74,207.0,191.0,665.74,0.51,415.67,0.54,382.6,0.5,444.03,0.55,233.0,0.49,663.5,0.56,330.0,0.48,85.22,0.57,451.0,0.47,70.0,0.58,419.0,0.46,382.6,0.49,415.67,0.45,257.0,0.5,444.03,0.44,330.0,0.51,663.5,0.43,451.0,0.52,85.22,0.42,419.0,0.53,70.0
2026-01-07 05:15:23.871000+00:00,2026-01-07 05:15:21.332446+00:00,23.871,0.525,0.52,0.53,0.475,0.47,0.48,680.15,130.46,130.46,670.34,0.51,473.67,0.54,382.6,0.5,444.03,0.55,257.0,0.49,663.5,0.56,330.0,0.48,85.22,0.57,451.0,0.47,85.0,0.58,424.0,0.46,382.6,0.49,473.67,0.45,257.0,0.5,444.03,0.44,330.0,0.51,663.5,0.43,451.0,0.52,85.22,0.42,424.0,0.53,85.0
2026-01-07 05:15:24.932000+00:00,2026-01-07 05:15:22.338623+00:00,24.932,0.525,0.52,0.53,0.475,0.47,0.48,558.79,130.46,130.46,558.79,0.51,509.67,0.54,382.6,0.5,444.03,0.55,293.0,0.49,663.5,0.56,294.0,0.48,85.22,0.57,451.0,0.47,70.0,0.58,419.0,0.46,382.6,0.49,509.67,0.45,281.0,0.5,456.03,0.44,282.0,0.51,663.5,0.43,439.0,0.52,85.22,0.42,419.0,0.53,70.0
2026-01-07 05:15:26.964000+00:00,2026-01-07 05:15:24.349112+00:00,26.964,0.525,0.52,0.53,0.475,0.47,0.48,221.56,23.92,23.92,221.56,0.51,509.67,0.54,336.6,0.5,468.03,0.55,176.0,0.49,663.5,0.56,294.0,0.48,85.22,0.57,439.0,0.47,70.0,0.58,419.0,0.46,336.6,0.49,509.67,0.45,176.0,0.5,468.03,0.44,294.0,0.51,663.5,0.43,439.0,0.52,85.22,0.42,419.0,0.53,70.0
2026-01-07 05:15:27.939000+00:00,2026-01-07 05:15:25.355645+00:00,27.939,0.525,0.52,0.53,0.475,0.47,0.48,213.22,23.92,52.65,213.22,0.51,509.67,0.54,336.6,0.5,468.03,0.55,176.0,0.49,663.5,0.56,294.0,0.48,85.22,0.57,439.0,0.47,70.0,0.58,419.0,0.46,336.6,0.49,509.67,0.45,176.0,0.5,468.03,0.44,294.0,0.51,663.5,0.43,439.0,0.52,85.22,0.42,419.0,0.53,150.0
2026-01-07 05:15:28.922000+00:00,2026-01-07 05:15:26.361347+00:00,28.922,0.525,0.52,0.53,0.475,0.47,0.48,208.54,129.65,129.65,208.54,0.51,500.67,0.54,312.6,0.5,456.03,0.55,188.0,0.49,663.5,0.56,294.0,0.48,85.22,0.57,451.0,0.47,130.0,0.58,424.0,0.46,312.6,0.49,493.67,0.45,188.0,0.5,450.03,0.44,294.0,0.51,663.5,0.43,451.0,0.52,85.22,0.42,424.0,0.53,130.0
2026-01-07 05:15:29.685000+00:00,2026-01-07 05:15:27.372715+00:00,29.685,0.525,0.52,0.53,0.475,0.47,0.48,208.54,129.65,129.65,215.22,0.51,509.67,0.54,312.6,0.5,456.03,0.55,188.0,0.49,663.5,0.56,294.0,0.48,85.22,0.57,451.0,0.47,130.0,0.58,419.0,0.46,259.6,0.49,509.67,0.45,188.0,0.5,456.03,0.44,294.0,0.51,663.5,0.43,451.0,0.52,85.22,0.42,419.0,0.53,70.0
2026-01-07 05:15:31.014000+00:00,2026-01-07 05:15:28.380697+00:00,31.014,0.525,0.52,0.53,0.475,0.47,0.48,203.34,129.65,129.65,203.34,0.51,509.67,0.54,312.6,0.5,456.03,0.55,188.0,0.49,663.5,0.56,294.0,0.48,85.22,0.57,451.0,0.47,105.0,0.58,419.0,0.46,312.6,0.49,509.67,0.45,188.0,0.5,456.03,0.44,294.0,0.51,663.5,0.43,451.0,0.52,85.22,0.42,419.0,0.53,105.0
2026-01-07 05:15:32.004000+00:00,2026-01-07 05:15:29.388335+00:00,32.004,0.525,0.52,0.53,0.475,0.47,0.48,38.18,169.65,132.47,36.18,0.51,509.67,0.54,307.6,0.5,468.03,0.55,164.0,0.49,663.5,0.56,282.0,0.48,85.22,0.57,439.0,0.47,105.0,0.58,419.0,0.46,331.6,0.49,509.67,0.45,176.0,0.5,468.03,0.44,294.0,0.51,663.5,0.43,439.0,0.52,85.22,0.42,419.0,0.53,105.0
2026-01-07 05:15:33.024000+00:00,2026-01-07 05:15:30.395130+00:00,33.024,0.525,0.52,0.53,0.475,0.47,0.48,149.01,127.47,127.47,239.01,0.51,437.67,0.54,254.6,0.5,474.03,0.55,121.0,0.49,733.48,0.56,269.0,0.48,200.22,0.57,369.0,0.47,110.0,0.58,373.0,0.46,254.6,0.49,437.67,0.45,121.0,0.5,489.03,0.44,212.0,0.51,713.5,0.43,427.0,0.52,115.22,0.42,373.0,0.53,222.0
2026-01-07 05:15:34.056000+00:00,2026-01-07 05:15:31.399828+00:00,34.056,0.515,0.51,0.52,0.475,0.46,0.49,461.67,30.0,45.21,461.67,0.5,550.03,0.53,35.62,0.49,931.5,0.54,72.6,0.48,333.22,0.55,55.0,0.47,439.0,0.56,91.0,0.46,492.6,0.57,306.0,0.45,55.0,0.5,550.03,0.44,91.0,0.51,931.5,0.43,248.0,0.52,333.22,0.42,409.0,0.53,439.0,0.41,401.0,0.54,446.6
2026-01-07 05:15:35.020000+00:00,2026-01-07 05:15:32.394138+00:00,35.02,0.535,0.53,0.54,0.46499999999999997,0.46,0.47,12.0,136.21,124.21,12.0,0.51,421.67,0.55,65.0,0.5,575.03,0.56,148.0,0.49,906.5,0.57,308.0,0.48,333.22,0.58,361.0,0.47,439.0,0.59,389.0,0.45,65.0,0.49,421.67,0.44,148.0,0.5,575.03,0.43,308.0,0.51,906.5,0.42,373.0,0.52,333.22,0.41,389.0,0.53,439.0
2026-01-07 05:15:36.034000+00:00,2026-01-07 05:15:33.400446+00:00,36.034,0.52,0.51,0.53,0.485,0.48,0.49,421.67,56.0,15.0,433.67,0.5,495.03,0.54,121.21,0.49,856.5,0.55,91.0,0.48,383.22,0.56,91.0,0.47,454.0,0.57,248.0,0.46,481.6,0.58,419.0,0.47,80.0,0.5,495.03,0.46,188.21,0.51,921.5,0.45,91.0,0.52,333.22,0.44,103.0,0.53,454.0,0.43,248.0,0.54,481.6
2026-01-07 05:15:37.056000+00:00,2026-01-07 05:15:34.411196+00:00,37.056,0.515,0.51,0.52,0.485,0.48,0.49,123.33,71.0,71.0,111.33,0.5,498.03,0.53,40.0,0.49,927.5,0.54,242.21,0.48,333.22,0.55,161.0,0.47,454.0,0.56,173.0,0.46,481.6,0.57,318.0,0.47,40.0,0.5,498.03,0.46,194.21,0.51,927.5,0.45,125.0,0.52,333.22,0.44,161.0,0.53,454.0,0.43,318.0,0.54,481.6
2026-01-07 05:15:38.064000+00:00,2026-01-07 05:15:35.433569+00:00,38.064,0.51,0.5,0.52,0.495,0.49,0.5,332.52,71.0,49.0,322.52,0.49,862.5,0.53,128.0,0.48,419.2,0.54,166.21,0.47,478.0,0.55,193.0,0.46,481.6,0.56,161.0,0.45,404.0,0.57,318.0,0.48,71.0,0.51,878.5,0.47,128.0,0.52,419.2,0.46,166.21,0.53,478.0,0.45,193.0,0.54,481.6,0.44,161.0,0.55,404.0
2026-01-07 05:15:39.076000+00:00,2026-01-07 05:15:36.441515+00:00,39.076,0.505,0.5,0.51,0.495,0.49,0.5,310.52,83.0,98.0,310.52,0.49,886.5,0.52,91.0,0.48,389.2,0.53,128.0,0.47,502.0,0.54,142.21,0.46,493.6,0.55,181.0,0.45,404.0,0.56,161.0,0.48,86.0,0.51,898.5,0.47,128.0,0.52,389.2,0.46,142.21,0.53,502.0,0.45,125.0,0.54,493.6,0.44,161.0,0.55,404.0
2026-01-07 05:15:40.073000+00:00,2026-01-07 05:15:37.447842+00:00,40.073,0.505,0.5,0.51,0.495,0.49,0.5,302.52,40.6,40.6,302.52,0.49,898.5,0.52,161.0,0.48,389.2,0.53,128.0,0.47,502.0,0.54,142.21,0.46,505.6,0.55,181.0,0.45,404.0,0.56,161.0,0.48,156.0,0.51,898.5,0.47,128.0,0.52,389.2,0.46,142.21,0.53,502.0,0.45,181.0,0.54,505.6,0.44,161.0,0.55,404.0
2026-01-07 05:15:41.087000+00:00,2026-01-07 05:15:38.455441+00:00,41.087,0.505,0.5,0.51,0.495,0.49,0.5,327.52,51.0,51.0,340.44,0.49,973.5,0.52,156.0,0.48,339.22,0.53,128.0,0.47,502.0,0.54,142.21,0.46,505.6,0.55,181.0,0.45,404.0,0.56,161.0,0.48,156.0,0.51,973.5,0.47,128.0,0.52,339.22,0.46,142.21,0.53,502.0,0.45,125.0,0.54,505.6,0.44,218.0,0.55,449.0
2026-01-07 05:15:42.107000+00:00,2026-01-07 05:15:39.476973+00:00,42.107,0.505,0.5,0.51,0.495,0.49,0.5,82.12,105.0,105.0,82.12,0.49,945.5,0.52,120.0,0.48,414.22,0.53,104.0,0.47,451.0,0.54,190.21,0.46,481.6,0.55,137.0,0.45,461.0,0.56,218.0,0.48,132.0,0.51,945.5,0.47,140.0,0.52,354.22,0.46,130.21,0.53,487.0,0.45,137.0,0.54,493.6,0.44,218.0,0.55,449.0
2026-01-07 05:15:43.101000+00:00,2026-01-07 05:15:40.481248+00:00,43.101,0.505,0.5,0.51,0.495,0.49,0.5,85.0,153.0,153.0,82.68,0.49,733.5,0.52,144.0,0.48,143.22,0.53,92.0,0.47,333.0,0.54,313.21,0.46,505.6,0.55,308.0,0.45,532.0,0.56,218.0,0.48,144.0,0.51,733.5,0.47,92.0,0.52,143.22,0.46,313.21,0.53,333.0,0.45,308.0,0.54,505.6,0.44,218.0,0.55,532.0
2026-01-07 05:15:44.106000+00:00,2026-01-07 05:15:41.489882+00:00,44.106,0.505,0.5,0.51,0.495,0.49,0.5,64.53,121.0,121.0,64.53,0.49,745.5,0.52,180.0,0.48,131.22,0.53,104.0,0.47,333.0,0.54,325.21,0.46,541.6,0.55,364.0,0.45,451.0,0.56,161.0,0.48,180.0,0.51,745.5,0.47,104.0,0.52,131.22,0.46,325.21,0.53,362.0,0.45,308.0,0.54,517.6,0.44,218.0,0.55,496.0
2026-01-07 05:15:45.180000+00:00,2026-01-07 05:15:42.495057+00:00,45.18,0.505,0.5,0.51,0.495,0.49,0.5,5.0,47.21,21.0,5.0,0.49,745.5,0.52,185.0,0.48,61.22,0.53,104.0,0.47,362.0,0.54,325.21,0.46,529.6,0.55,308.0,0.45,484.0,0.56,218.0,0.48,185.0,0.51,745.5,0.47,104.0,0.52,61.22,0.46,325.21,0.53,362.0,0.45,308.0,0.54,529.6,0.44,218.0,0.55,484.0
2026-01-07 05:15:46.158000+00:00,2026-01-07 05:15:43.518202+00:00,46.158,0.495,0.49,0.5,0.505,0.5,0.51,680.5,30.0,30.0,665.5,0.48,91.22,0.51,112.0,0.47,357.0,0.52,185.0,0.46,529.6,0.53,104.0,0.45,439.0,0.54,325.21,0.44,386.0,0.55,375.91,0.49,128.0,0.52,111.22,0.48,197.0,0.53,345.0,0.47,103.91,0.54,541.6,0.46,325.21,0.55,439.0,0.45,375.91,0.56,386.0
2026-01-07 05:15:47.167000+00:00,2026-01-07 05:15:44.539879+00:00,47.167,0.495,0.49,0.5,0.505,0.5,0.51,706.28,220.0,205.0,701.04,0.48,131.22,0.51,123.0,0.47,345.0,0.52,185.0,0.46,541.6,0.53,103.91,0.45,439.0,0.54,337.12,0.44,386.0,0.55,375.91,0.49,135.0,0.52,131.22,0.48,185.0,0.53,345.0,0.47,103.91,0.54,541.6,0.46,349.03,0.55,439.0,0.45,375.91,0.56,386.0
2026-01-07 05:15:48.301000+00:00,2026-01-07 05:15:45.562049+00:00,48.301,0.495,0.49,0.5,0.505,0.5,0.51,725.04,189.96,176.96,741.04,0.48,146.22,0.51,112.0,0.47,342.0,0.52,185.0,0.46,575.6,0.53,113.91,0.45,439.0,0.54,349.03,0.44,386.0,0.55,319.91,0.49,128.0,0.52,146.22,0.48,185.0,0.53,342.0,0.47,125.91,0.54,575.6,0.46,349.03,0.55,439.0,0.45,319.91,0.56,386.0
2026-01-07 05:15:49.071000+00:00,2026-01-07 05:15:46.564252+00:00,49.071,0.495,0.49,0.5,0.505,0.5,0.51,701.82,181.96,181.96,689.82,0.48,146.22,0.51,123.0,0.47,347.0,0.52,185.0,0.46,575.6,0.53,125.91,0.45,439.0,0.54,166.03,0.44,386.0,0.55,319.91,0.49,147.0,0.52,158.22,0.48,161.0,0.53,335.0,0.47,137.82,0.54,575.6,0.46,154.03,0.55,451.0,0.45,319.91,0.56,386.0
2026-01-07 05:15:50.231000+00:00,2026-01-07 05:15:47.587378+00:00,50.231,0.495,0.49,0.5,0.505,0.5,0.51,709.82,1400.96,1400.96,963.47,0.48,253.22,0.51,123.0,0.47,439.0,0.52,75.0,0.46,481.6,0.53,138.82,0.45,439.0,0.54,164.03,0.44,389.0,0.55,319.91,0.49,123.0,0.52,422.22,0.48,5.0,0.53,439.0,0.47,33.82,0.54,481.6,0.46,161.42,0.55,439.0,0.45,289.91,0.56,389.0
2026-01-07 05:15:51.235000+00:00,2026-01-07 05:15:48.590684+00:00,51.235,0.555,0.55,0.56,0.44,0.43,0.45,173.67,255.91,20.0,262.67,0.53,175.27,0.57,20.0,0.52,239.7,0.58,80.0,0.51,87.0,0.59,187.0,0.5,138.0,0.6,347.0,0.49,1032.09,0.61,104.99,0.42,75.0,0.46,191.0,0.41,115.0,0.47,198.27,0.4,395.0,0.48,273.7,0.39,178.99,0.49,124.0,0.38,52.0,0.5,91.0
2026-01-07 05:15:52.224000+00:00,2026-01-07 05:15:49.596971+00:00,52.224,0.585,0.58,0.59,0.415,0.41,0.42,133.3,40.0,40.0,90.11,0.57,224.58,0.6,335.0,0.56,268.0,0.61,175.0,0.55,217.0,0.62,270.0,0.54,191.6,0.63,80.0,0.53,375.27,0.64,15.0,0.4,335.0,0.43,214.58,0.39,140.0,0.44,233.0,0.38,260.0,0.45,243.0,0.37,80.0,0.46,156.6,0.35,208.0,0.47,375.27
2026-01-07 05:15:53.226000+00:00,2026-01-07 05:15:50.603330+00:00,53.226,0.595,0.59,0.6,0.405,0.4,0.41,219.23,154.0,88.0,224.23,0.58,238.0,0.61,47.0,0.57,277.58,0.62,94.0,0.56,280.0,0.63,80.0,0.55,266.0,0.64,50.0,0.54,197.69,0.65,25.0,0.39,58.0,0.42,304.0,0.38,94.0,0.43,219.58,0.37,80.0,0.44,280.0,0.36,50.0,0.45,266.0,0.35,25.0,0.46,197.69
2026-01-07 05:15:54.173000+00:00,2026-01-07 05:15:51.609368+00:00,54.173,0.595,0.59,0.6,0.395,0.39,0.4,214.93,88.0,41.0,57.0,0.58,324.0,0.61,41.0,0.57,284.58,0.62,20.0,0.56,244.0,0.63,107.0,0.55,246.0,0.64,108.99,0.54,185.69,0.65,47.5,0.38,15.0,0.41,188.02,0.37,107.0,0.42,324.0,0.36,108.99,0.43,284.58,0.35,40.0,0.44,244.0,0.34,15.0,0.45,259.6
2026-01-07 05:15:55.257000+00:00,2026-01-07 05:15:52.616401+00:00,55.257,0.605,0.6,0.61,0.395,0.39,0.4,45.0,21.0,21.0,85.0,0.59,162.75,0.62,52.0,0.58,293.0,0.63,94.0,0.57,379.58,0.64,84.99,0.56,314.0,0.65,35.0,0.55,317.6,0.66,15.0,0.38,58.0,0.41,129.75,0.37,94.0,0.42,293.0,0.36,84.99,0.43,379.58,0.35,35.0,0.44,314.0,0.34,15.0,0.45,317.6
2026-01-07 05:15:56.234000+00:00,2026-01-07 05:15:53.623844+00:00,56.234,0.605,0.6,0.61,0.385,0.38,0.39,15.0,62.0,80.99,25.5,0.59,279.75,0.62,86.0,0.58,454.0,0.63,60.0,0.57,334.58,0.64,85.0,0.56,302.0,0.65,70.0,0.55,542.6,0.67,263.0,0.37,35.0,0.4,15.0,0.36,294.0,0.41,314.75,0.35,157.0,0.42,464.0,0.34,122.0,0.43,326.58,0.33,263.0,0.44,322.0
2026-01-07 05:15:57.266000+00:00,2026-01-07 05:15:54.626897+00:00,57.266,0.585,0.58,0.59,0.415,0.41,0.42,112.21,84.99,89.99,112.21,0.57,209.58,0.6,35.0,0.56,197.0,0.61,260.24,0.55,409.6,0.62,239.0,0.54,274.6,0.63,227.0,0.53,233.27,0.64,227.0,0.4,35.0,0.43,95.58,0.39,255.24,0.44,133.0,0.38,233.0,0.45,232.6,0.37,227.0,0.46,274.6,0.36,227.0,0.47,233.27
2026-01-07 05:15:58.271000+00:00,2026-01-07 05:15:55.630895+00:00,58.271,0.585,0.58,0.59,0.415,0.41,0.42,45.0,70.91,64.0,29.42,0.57,5.67,0.6,142.0,0.56,51.0,0.61,338.0,0.55,359.6,0.62,329.0,0.54,154.6,0.63,329.0,0.53,268.27,0.64,288.0,0.4,154.96,0.43,10.67,0.39,338.0,0.44,51.0,0.38,329.0,0.45,303.6,0.37,324.0,0.46,154.6,0.36,288.0,0.47,268.27
2026-01-07 05:15:59.253000+00:00,2026-01-07 05:15:56.650751+00:00,59.253,0.575,0.57,0.58,0.425,0.42,0.43,40.93,42.0,2.87,40.93,0.56,110.0,0.59,85.95,0.55,322.6,0.6,212.0,0.54,179.6,0.61,362.0,0.53,256.27,0.62,294.0,0.52,456.7,0.63,289.0,0.41,110.95,0.44,110.0,0.4,187.0,0.45,310.6,0.39,362.0,0.46,179.6,0.38,329.0,0.47,256.27,0.37,289.0,0.48,456.7
2026-01-07 05:16:00.288000+00:00,2026-01-07 05:15:57.656671+00:00,60.288,0.575,0.57,0.58,0.425,0.42,0.43,31.17,40.0,40.0,36.17,0.56,57.79,0.59,22.0,0.55,287.6,0.6,254.0,0.54,154.6,0.61,350.0,0.53,256.27,0.62,329.0,0.52,456.7,0.63,289.0,0.41,22.0,0.44,114.79,0.4,254.0,0.45,231.6,0.39,350.0,0.46,154.6,0.38,329.0,0.47,256.27,0.37,289.0,0.48,456.7
2026-01-07 05:16:01.179000+00:00,2026-01-07 05:15:58.662914+00:00,61.179,0.575,0.57,0.58,0.425,0.42,0.43,20.17,51.0,51.0,46.17,0.56,184.0,0.59,92.0,0.55,333.6,0.6,242.0,0.54,224.6,0.61,350.0,0.53,256.27,0.62,565.0,0.52,232.7,0.63,289.0,0.41,145.0,0.44,398.0,0.4,152.0,0.45,447.6,0.39,410.0,0.46,224.6,0.38,565.0,0.47,256.27,0.37,301.0,0.48,244.7
2026-01-07 05:16:02.245000+00:00,2026-01-07 05:15:59.670037+00:00,62.245,0.575,0.57,0.58,0.425,0.42,0.43,43.54,51.0,51.0,43.54,0.56,407.0,0.59,145.0,0.55,510.6,0.6,152.0,0.54,224.6,0.61,227.0,0.53,256.27,0.62,382.0,0.52,244.7,0.63,301.0,0.41,145.0,0.44,407.0,0.4,152.0,0.45,522.6,0.39,227.0,0.46,224.6,0.38,382.0,0.47,256.27,0.37,301.0,0.48,244.7
2026-01-07 05:16:03.324000+00:00,2026-01-07 05:16:00.677160+00:00,63.324,0.575,0.57,0.58,0.425,0.42,0.43,659.17,16.0,16.0,659.17,0.56,395.0,0.59,70.0,0.55,399.6,0.6,17.0,0.54,219.6,0.61,5.0,0.53,256.27,0.62,51.0,0.52,232.7,0.63,225.0,0.41,70.0,0.44,430.0,0.4,17.0,0.45,409.6,0.39,5.0,0.46,254.6,0.38,51.0,0.47,256.27,0.37,235.0,0.48,232.7
2026-01-07 05:16:04.413000+00:00,2026-01-07 05:16:01.682455+00:00,64.413,0.595,0.59,0.6,0.405,0.4,0.41,255.0,38.0,38.0,255.0,0.58,455.0,0.61,19.12,0.57,645.0,0.62,71.0,0.56,433.0,0.63,49.0,0.55,422.6,0.64,102.0,0.54,226.6,0.65,102.0,0.39,24.12,0.42,525.0,0.38,71.0,0.43,645.0,0.37,61.0,0.44,433.0,0.36,102.0,0.45,422.6,0.35,102.0,0.46,226.6
2026-01-07 05:16:05.329000+00:00,2026-01-07 05:16:02.690965+00:00,65.329,0.595,0.59,0.6,0.405,0.4,0.41,383.17,38.0,38.0,412.17,0.58,455.0,0.61,19.12,0.57,603.0,0.62,35.0,0.56,426.48,0.63,10.0,0.55,422.6,0.64,88.0,0.54,214.6,0.65,81.0,0.39,19.12,0.42,473.0,0.37,64.0,0.43,401.0,0.36,51.0,0.44,414.48,0.35,116.99,0.45,434.6,0.34,233.0,0.46,249.6
2026-01-07 05:16:06.267000+00:00,2026-01-07 05:16:03.697921+00:00,66.267,0.635,0.63,0.64,0.385,0.38,0.39,105.91,99.0,30.0,61.0,0.62,265.0,0.65,223.0,0.61,198.88,0.66,183.0,0.6,182.0,0.67,447.0,0.59,331.17,0.68,273.0,0.58,369.0,0.69,389.0,0.37,30.0,0.41,270.17,0.36,513.0,0.42,304.0,0.35,223.0,0.43,304.0,0.34,183.0,0.44,411.48,0.33,420.0,0.45,352.6
2026-01-07 05:16:07.311000+00:00,2026-01-07 05:16:04.706872+00:00,67.311,0.595,0.59,0.6,0.405,0.4,0.41,35.0,62.0,69.6,35.0,0.58,21.0,0.61,30.0,0.57,239.0,0.62,197.04,0.56,359.48,0.63,213.0,0.55,356.6,0.64,456.0,0.54,156.6,0.65,414.0,0.39,54.0,0.42,56.0,0.38,197.04,0.43,273.0,0.37,213.0,0.44,359.48,0.36,456.0,0.45,332.6,0.35,414.0,0.46,161.6
2026-01-07 05:16:08.359000+00:00,2026-01-07 05:16:05.730208+00:00,68.359,0.585,0.58,0.59,0.42,0.41,0.43,51.0,30.84,30.84,232.06,0.57,302.0,0.6,64.83,0.56,374.48,0.61,113.0,0.55,423.6,0.62,207.04,0.54,184.6,0.63,248.0,0.53,151.27,0.64,456.0,0.4,68.83,0.44,394.48,0.39,113.0,0.45,403.6,0.38,207.04,0.46,184.6,0.37,248.0,0.47,151.27,0.36,456.0,0.48,139.7
2026-01-07 05:16:09.344000+00:00,2026-01-07 05:16:06.736334+00:00,69.344,0.58,0.57,0.59,0.42,0.41,0.43,245.06,85.84,70.0,240.06,0.56,397.48,0.6,102.83,0.55,403.6,0.61,105.0,0.54,184.6,0.62,232.04,0.53,186.27,0.63,213.0,0.52,139.7,0.64,456.0,0.4,102.83,0.44,397.48,0.39,105.0,0.45,473.6,0.38,232.04,0.46,254.6,0.37,213.0,0.47,256.27,0.36,456.0,0.48,209.7
2026-01-07 05:16:10.199000+00:00,2026-01-07 05:16:07.741758+00:00,70.199,0.58,0.57,0.59,0.415,0.41,0.42,174.17,70.0,70.0,70.0,0.56,454.48,0.6,102.83,0.55,473.6,0.61,105.0,0.54,254.6,0.62,232.04,0.53,256.27,0.63,213.0,0.52,209.7,0.64,456.0,0.4,102.83,0.43,244.17,0.39,105.0,0.44,504.48,0.38,232.04,0.45,493.6,0.37,283.0,0.46,254.6,0.36,302.0,0.47,480.27
2026-01-07 05:16:11.371000+00:00,2026-01-07 05:16:08.750291+00:00,71.371,0.58,0.57,0.59,0.42,0.41,0.43,177.43,100.0,112.0,177.43,0.56,225.48,0.6,90.83,0.55,461.6,0.61,288.0,0.54,274.6,0.62,232.04,0.53,480.27,0.63,283.0,0.52,209.7,0.64,302.0,0.4,90.83,0.44,225.48,0.39,358.0,0.45,461.6,0.38,302.04,0.46,286.6,0.37,283.0,0.47,480.27,0.36,302.0,0.48,209.7
2026-01-07 05:16:12.399000+00:00,2026-01-07 05:16:09.755668+00:00,72.399,0.585,0.58,0.59,0.425,0.42,0.43,25.0,140.0,14.0,77.0,0.57,134.0,0.6,78.83,0.56,188.48,0.61,354.0,0.55,424.6,0.62,302.04,0.54,304.8,0.63,283.0,0.53,480.27,0.64,288.0,0.41,225.0,0.44,250.48,0.4,148.83,0.45,433.69,0.39,354.0,0.46,304.8,0.38,302.04,0.47,480.27,0.37,283.0,0.48,232.7
2026-01-07 05:16:13.396000+00:00,2026-01-07 05:16:10.761363+00:00,73.396,0.575,0.57,0.58,0.425,0.42,0.43,150.0,19.0,19.0,95.27,0.56,208.48,0.59,225.0,0.55,423.69,0.6,160.83,0.54,360.81,0.61,342.0,0.53,480.27,0.62,526.04,0.52,232.7,0.63,283.0,0.41,195.0,0.44,208.48,0.4,160.83,0.45,423.69,0.39,342.0,0.46,360.81,0.38,526.04,0.47,480.27,0.37,283.0,0.48,232.7
2026-01-07 05:16:14.368000+00:00,2026-01-07 05:16:11.770269+00:00,74.368,0.575,0.57,0.58,0.425,0.42,0.43,144.27,36.1,36.1,144.27,0.56,206.48,0.59,169.0,0.55,423.69,0.6,173.56,0.54,384.81,0.61,342.0,0.53,480.27,0.62,526.04,0.52,232.7,0.63,283.0,0.41,169.0,0.44,206.48,0.4,173.56,0.45,423.69,0.39,342.0,0.46,384.81,0.38,526.04,0.47,480.27,0.37,283.0,0.48,232.7
2026-01-07 05:16:15.408000+00:00,2026-01-07 05:16:12.777110+00:00,75.408,0.585,0.58,0.59,0.415,0.41,0.42,234.01,36.0,36.0,234.01,0.57,466.0,0.6,5.0,0.56,490.48,0.61,95.0,0.55,441.69,0.62,349.04,0.54,348.81,0.63,340.43,0.53,221.27,0.64,335.0,0.4,5.0,0.43,455.0,0.39,95.0,0.44,490.48,0.38,349.04,0.45,441.69,0.37,340.43,0.46,348.81,0.36,335.0,0.47,221.27
2026-01-07 05:16:16.437000+00:00,2026-01-07 05:16:13.787364+00:00,76.437,0.585,0.58,0.59,0.415,0.41,0.42,243.39,36.81,36.81,243.39,0.57,459.0,0.6,5.0,0.56,467.48,0.61,131.0,0.55,460.69,0.62,136.0,0.54,342.3,0.63,340.43,0.53,221.27,0.64,335.0,0.4,5.0,0.43,459.0,0.39,131.0,0.44,467.48,0.38,136.0,0.45,455.69,0.37,340.43,0.46,342.3,0.36,335.0,0.47,221.27
2026-01-07 05:16:17.447000+00:00,2026-01-07 05:16:14.806441+00:00,77.447,0.615,0.61,0.62,0.385,0.38,0.39,70.0,122.0,22.0,139.0,0.6,69.0,0.63,344.91,0.59,168.0,0.64,583.0,0.58,404.39,0.65,367.0,0.57,444.0,0.66,328.0,0.56,455.48,0.67,489.0,0.37,207.0,0.4,180.0,0.36,274.0,0.41,163.0,0.35,247.0,0.42,369.39,0.34,272.99,0.43,703.0,0.33,419.0,0.44,420.48
2026-01-07 05:16:18.452000+00:00,2026-01-07 05:16:15.818049+00:00,78.452,0.615,0.61,0.62,0.385,0.38,0.39,303.12,131.91,131.91,293.12,0.6,639.0,0.63,103.99,0.59,430.0,0.64,233.0,0.58,429.39,0.65,75.0,0.57,463.0,0.66,323.0,0.56,456.48,0.67,368.0,0.37,103.99,0.4,639.0,0.36,233.0,0.41,430.0,0.35,75.0,0.42,429.39,0.34,323.0,0.43,463.0,0.33,368.0,0.44,456.48
2026-01-07 05:16:19.398000+00:00,2026-01-07 05:16:16.825070+00:00,79.398,0.615,0.61,0.62,0.385,0.38,0.39,290.08,131.91,131.91,290.08,0.6,639.0,0.63,139.99,0.59,435.1,0.64,228.0,0.58,441.39,0.65,75.0,0.57,463.0,0.66,323.0,0.56,456.48,0.67,368.0,0.37,139.99,0.4,639.0,0.36,228.0,0.41,435.1,0.35,197.0,0.42,441.39,0.34,323.0,0.43,463.0,0.33,368.0,0.44,456.48
2026-01-07 05:16:20.503000+00:00,2026-01-07 05:16:17.832145+00:00,80.503,0.605,0.6,0.61,0.395,0.39,0.4,41.0,102.32,107.32,45.0,0.59,114.58,0.62,102.0,0.58,222.39,0.63,40.0,0.57,374.0,0.64,323.0,0.56,634.48,0.65,328.0,0.55,385.69,0.66,358.0,0.38,102.0,0.41,114.58,0.37,40.0,0.42,222.39,0.36,323.0,0.43,369.0,0.35,328.0,0.44,634.48,0.34,358.0,0.45,385.69
2026-01-07 05:16:21.485000+00:00,2026-01-07 05:16:18.857121+00:00,81.485,0.605,0.6,0.61,0.395,0.39,0.4,45.0,106.32,94.32,45.0,0.59,134.58,0.62,168.0,0.58,251.39,0.63,173.99,0.57,368.0,0.64,323.0,0.56,610.48,0.65,293.0,0.55,361.69,0.66,358.0,0.38,156.0,0.41,134.58,0.37,197.99,0.42,263.39,0.36,335.0,0.43,368.0,0.35,293.0,0.44,692.48,0.34,358.0,0.45,431.69
2026-01-07 05:16:22.479000+00:00,2026-01-07 05:16:19.862395+00:00,82.479,0.605,0.6,0.61,0.395,0.39,0.4,29.0,85.75,85.75,29.0,0.59,124.58,0.62,144.0,0.58,177.39,0.63,380.99,0.57,210.0,0.64,347.0,0.56,692.48,0.65,293.0,0.55,431.69,0.66,358.0,0.38,168.0,0.41,124.58,0.37,356.99,0.42,177.39,0.36,347.0,0.43,268.0,0.35,293.0,0.44,704.48,0.34,358.0,0.45,431.69
2026-01-07 05:16:23.523000+00:00,2026-01-07 05:16:20.888091+00:00,83.523,0.6,0.59,0.61,0.4,0.39,0.41,189.58,124.0,124.0,189.58,0.58,190.39,0.62,156.0,0.57,268.0,0.63,368.99,0.56,716.48,0.64,323.0,0.55,431.69,0.65,517.0,0.54,231.29,0.66,358.0,0.38,156.0,0.42,190.39,0.37,368.99,0.43,268.0,0.36,323.0,0.44,716.48,0.35,517.0,0.45,431.69,0.34,358.0,0.46,231.29
2026-01-07 05:16:24.512000+00:00,2026-01-07 05:16:21.892573+00:00,84.512,0.6,0.59,0.61,0.395,0.39,0.4,243.58,195.0,99.0,50.0,0.58,122.39,0.62,157.0,0.57,280.0,0.63,331.99,0.56,704.48,0.64,323.0,0.55,455.69,0.65,552.0,0.54,231.29,0.66,358.0,0.38,184.91,0.41,238.58,0.37,317.0,0.42,122.39,0.36,338.0,0.43,268.0,0.35,552.0,0.44,704.48,0.34,358.0,0.45,431.69
2026-01-07 05:16:25.525000+00:00,2026-01-07 05:16:22.919938+00:00,85.525,0.615,0.61,0.62,0.385,0.38,0.39,28.03,10.0,10.0,28.03,0.6,428.26,0.63,95.0,0.59,456.58,0.64,190.0,0.58,466.39,0.65,169.0,0.57,451.0,0.66,405.0,0.56,444.48,0.67,368.0,0.37,95.0,0.4,419.26,0.36,142.0,0.41,444.58,0.35,145.0,0.42,466.39,0.34,393.0,0.43,451.0,0.33,368.0,0.44,444.48
2026-01-07 05:16:26.466000+00:00,2026-01-07 05:16:23.911454+00:00,86.466,0.615,0.61,0.62,0.385,0.38,0.39,49.0,72.07,84.07,49.0,0.6,387.26,0.63,78.0,0.59,481.58,0.64,97.0,0.58,449.39,0.65,120.0,0.57,475.0,0.66,393.0,0.56,409.48,0.67,403.0,0.37,90.0,0.4,387.26,0.36,109.0,0.41,481.58,0.35,120.0,0.42,449.39,0.34,393.0,0.43,475.0,0.33,403.0,0.44,409.48
2026-01-07 05:16:27.534000+00:00,2026-01-07 05:16:24.934630+00:00,87.534,0.615,0.61,0.62,0.385,0.38,0.39,44.0,67.07,67.07,44.0,0.6,392.26,0.63,90.0,0.59,481.58,0.64,121.0,0.58,449.39,0.65,120.0,0.57,475.0,0.66,393.0,0.56,409.48,0.67,403.0,0.37,90.0,0.4,209.26,0.36,121.0,0.41,481.58,0.35,120.0,0.42,449.39,0.34,393.0,0.43,475.0,0.33,403.0,0.44,409.48
2026-01-07 05:16:28.591000+00:00,2026-01-07 05:16:25.939966+00:00,88.591,0.615,0.61,0.62,0.385,0.38,0.39,66.86,102.16,102.16,66.86,0.6,209.26,0.63,190.0,0.59,481.58,0.64,191.0,0.58,449.39,0.65,120.0,0.57,475.0,0.66,393.0,0.56,409.48,0.67,403.0,0.37,190.0,0.4,209.26,0.36,179.0,0.41,481.58,0.35,120.0,0.42,461.39,0.34,393.0,0.43,463.0,0.33,403.0,0.44,409.48
2026-01-07 05:16:29.267000+00:00,2026-01-07 05:16:26.929216+00:00,89.267,0.615,0.61,0.62,0.385,0.38,0.39,71.86,97.43,97.43,71.86,0.6,209.26,0.63,190.0,0.59,481.58,0.64,179.0,0.58,685.39,0.65,132.0,0.57,463.0,0.66,393.0,0.56,409.48,0.67,403.0,0.37,190.0,0.4,209.26,0.36,179.0,0.41,481.58,0.35,132.0,0.42,685.39,0.34,393.0,0.43,463.0,0.33,403.0,0.44,409.48
2026-01-07 05:16:30.394000+00:00,2026-01-07 05:16:27.938531+00:00,90.394,0.615,0.61,0.62,0.385,0.38,0.39,135.86,117.43,117.43,155.86,0.6,158.26,0.63,190.0,0.59,469.58,0.64,191.0,0.58,685.39,0.65,120.0,0.57,463.0,0.66,393.0,0.56,409.48,0.67,403.0,0.37,178.0,0.4,138.26,0.36,176.0,0.41,469.58,0.35,146.99,0.42,709.39,0.34,393.0,0.43,439.0,0.33,403.0,0.44,409.48
2026-01-07 05:16:31.557000+00:00,2026-01-07 05:16:28.943839+00:00,91.557,0.615,0.61,0.62,0.385,0.38,0.39,155.86,95.43,95.43,135.86,0.6,138.26,0.63,178.0,0.59,469.58,0.64,176.0,0.58,709.39,0.65,146.99,0.57,439.0,0.66,393.0,0.56,409.48,0.67,403.0,0.37,178.0,0.4,146.26,0.36,167.0,0.41,469.58,0.35,120.0,0.42,673.39,0.34,393.0,0.43,439.0,0.33,403.0,0.44,409.48
2026-01-07 05:16:32.216000+00:00,2026-01-07 05:16:29.954637+00:00,92.216,0.615,0.61,0.62,0.385,0.38,0.39,41.86,225.34,225.34,41.86,0.6,209.26,0.63,124.0,0.59,457.58,0.64,155.0,0.58,673.39,0.65,120.0,0.57,463.0,0.66,393.0,0.56,445.48,0.67,403.0,0.37,124.0,0.4,209.26,0.36,155.0,0.41,457.58,0.35,120.0,0.42,673.39,0.34,393.0,0.43,463.0,0.33,403.0,0.44,445.48
2026-01-07 05:16:33.472000+00:00,2026-01-07 05:16:30.976104+00:00,93.472,0.615,0.61,0.62,0.385,0.38,0.39,71.86,119.43,102.0,71.86,0.6,209.26,0.63,178.0,0.59,481.58,0.64,179.0,0.58,673.39,0.65,120.0,0.57,475.0,0.66,393.0,0.56,409.48,0.67,627.0,0.37,178.0,0.4,204.26,0.36,179.0,0.41,469.58,0.35,120.0,0.42,673.39,0.34,393.0,0.43,451.0,0.33,627.0,0.44,409.48
2026-01-07 05:16:34.584000+00:00,2026-01-07 05:16:31.997695+00:00,94.584,0.61,0.6,0.62,0.39,0.38,0.4,211.78,232.91,238.91,211.78,0.59,451.58,0.63,185.99,0.58,673.39,0.64,127.0,0.57,475.0,0.65,145.0,0.56,444.48,0.66,393.0,0.55,396.69,0.67,627.0,0.37,185.99,0.41,456.58,0.36,127.0,0.42,673.39,0.35,145.0,0.43,475.0,0.34,393.0,0.44,444.48,0.33,627.0,0.45,396.69
2026-01-07 05:16:35.639000+00:00,2026-01-07 05:16:33.005122+00:00,95.639,0.605,0.6,0.61,0.395,0.39,0.4,195.78,31.0,31.0,195.78,0.59,467.58,0.62,150.91,0.58,673.39,0.63,195.0,0.57,475.0,0.64,154.0,0.56,444.48,0.65,145.0,0.55,396.69,0.66,393.0,0.38,150.91,0.41,467.58,0.37,195.0,0.42,673.39,0.36,154.0,0.43,475.0,0.35,145.0,0.44,444.48,0.34,393.0,0.45,396.69
2026-01-07 05:16:36.542000+00:00,2026-01-07 05:16:34.011776+00:00,96.542,0.605,0.6,0.61,0.395,0.39,0.4,128.0,71.09,71.09,128.0,0.59,467.58,0.62,151.91,0.58,661.39,0.63,185.99,0.57,487.0,0.64,139.0,0.56,444.48,0.65,145.0,0.55,396.69,0.66,393.0,0.38,151.91,0.41,467.58,0.37,185.99,0.42,661.39,0.36,139.0,0.43,487.0,0.35,145.0,0.44,444.48,0.34,393.0,0.45,396.69
2026-01-07 05:16:37.630000+00:00,2026-01-07 05:16:35.016022+00:00,97.63,0.605,0.6,0.61,0.395,0.39,0.4,60.0,53.92,53.92,60.0,0.59,472.58,0.62,151.91,0.58,721.39,0.63,183.0,0.57,487.0,0.64,154.0,0.56,444.48,0.65,145.0,0.55,396.69,0.66,393.0,0.38,151.91,0.41,533.58,0.37,171.0,0.42,661.39,0.36,142.0,0.43,487.0,0.35,145.0,0.44,444.48,0.34,393.0,0.45,396.69
2026-01-07 05:16:38.644000+00:00,2026-01-07 05:16:36.023149+00:00,98.644,0.605,0.6,0.61,0.395,0.39,0.4,65.0,128.35,128.35,65.0,0.59,528.58,0.62,168.91,0.58,661.39,0.63,183.0,0.57,487.0,0.64,142.0,0.56,444.48,0.65,267.0,0.55,396.69,0.66,393.0,0.38,168.91,0.41,528.58,0.37,183.0,0.42,661.39,0.36,142.0,0.43,487.0,0.35,267.0,0.44,444.48,0.34,393.0,0.45,396.69
2026-01-07 05:16:39.659000+00:00,2026-01-07 05:16:37.027560+00:00,99.659,0.605,0.6,0.61,0.395,0.39,0.4,85.0,81.87,81.87,411.0,0.59,467.58,0.62,75.0,0.58,673.39,0.63,225.0,0.57,475.0,0.64,142.0,0.56,444.48,0.65,340.0,0.55,408.69,0.66,393.0,0.38,75.0,0.41,463.58,0.37,129.0,0.42,425.39,0.36,100.0,0.43,439.0,0.35,369.99,0.44,444.48,0.34,405.0,0.45,396.69
2026-01-07 05:16:40.662000+00:00,2026-01-07 05:16:38.031719+00:00,100.662,0.625,0.62,0.63,0.375,0.37,0.38,162.0,146.91,146.91,339.0,0.61,187.0,0.64,71.0,0.6,451.0,0.65,113.99,0.59,496.58,0.66,162.0,0.58,441.39,0.67,403.0,0.57,416.0,0.68,363.0,0.36,71.0,0.39,435.0,0.35,118.99,0.4,451.0,0.34,162.0,0.41,496.58,0.33,403.0,0.42,441.39,0.32,363.0,0.43,416.0
2026-01-07 05:16:41.664000+00:00,2026-01-07 05:16:39.039951+00:00,101.664,0.615,0.61,0.62,0.385,0.38,0.39,6.0,268.0,266.38,24.0,0.59,48.58,0.63,261.0,0.58,167.04,0.64,323.0,0.57,186.0,0.65,328.0,0.56,463.0,0.66,318.0,0.55,443.69,0.67,713.0,0.37,261.0,0.41,109.58,0.36,323.0,0.42,102.04,0.35,328.0,0.43,186.0,0.34,318.0,0.44,463.0,0.33,713.0,0.45,443.69
2026-01-07 05:16:42.665000+00:00,2026-01-07 05:16:40.061291+00:00,102.665,0.615,0.61,0.62,0.385,0.38,0.39,24.0,373.83,385.83,24.0,0.6,5.0,0.63,285.0,0.59,109.58,0.64,340.0,0.58,102.04,0.65,328.0,0.57,222.0,0.66,318.0,0.56,475.0,0.67,713.0,0.37,285.0,0.4,5.0,0.36,340.0,0.41,121.58,0.35,328.0,0.42,102.04,0.34,318.0,0.43,222.0,0.33,713.0,0.44,475.0
2026-01-07 05:16:43.569000+00:00,2026-01-07 05:16:41.070790+00:00,103.569,0.615,0.61,0.62,0.385,0.38,0.39,7.16,374.99,227.99,85.17,0.6,21.0,0.63,290.0,0.59,121.58,0.64,335.0,0.58,126.04,0.65,328.0,0.57,222.0,0.66,318.0,0.56,451.0,0.67,713.0,0.37,298.9,0.4,108.0,0.36,323.0,0.41,159.58,0.35,328.0,0.42,303.38,0.34,330.0,0.43,308.0,0.33,713.0,0.44,439.0
2026-01-07 05:16:44.558000+00:00,2026-01-07 05:16:42.068885+00:00,104.558,0.615,0.61,0.62,0.385,0.38,0.39,78.91,53.0,53.0,123.91,0.6,235.0,0.63,82.91,0.59,160.58,0.64,159.99,0.58,352.38,0.65,340.0,0.57,439.0,0.66,378.0,0.56,439.0,0.67,604.0,0.37,87.91,0.4,235.0,0.36,154.99,0.41,172.58,0.35,340.0,0.42,352.38,0.34,378.0,0.43,439.0,0.33,604.0,0.44,451.0
2026-01-07 05:16:45.692000+00:00,2026-01-07 05:16:43.077156+00:00,105.692,0.615,0.61,0.62,0.385,0.38,0.39,166.97,48.0,48.0,230.97,0.6,211.0,0.63,94.91,0.59,196.58,0.64,171.99,0.58,364.38,0.65,388.0,0.57,663.0,0.66,330.0,0.56,439.0,0.67,592.0,0.37,94.91,0.4,136.0,0.36,171.99,0.41,172.58,0.35,352.0,0.42,364.38,0.34,318.0,0.43,663.0,0.33,592.0,0.44,439.0
2026-01-07 05:16:46.740000+00:00,2026-01-07 05:16:44.084781+00:00,106.74,0.615,0.61,0.62,0.385,0.38,0.39,166.97,152.0,72.0,230.97,0.6,234.0,0.63,87.0,0.59,143.58,0.64,169.99,0.58,389.38,0.65,328.0,0.57,687.0,0.66,318.0,0.56,481.99,0.67,592.0,0.37,131.0,0.4,171.0,0.36,169.99,0.41,155.58,0.35,328.0,0.42,377.38,0.34,318.0,0.43,711.0,0.33,592.0,0.44,445.99
2026-01-07 05:16:47.746000+00:00,2026-01-07 05:16:45.103851+00:00,107.746,0.615,0.61,0.62,0.385,0.38,0.39,196.06,101.38,125.38,132.06,0.6,171.0,0.63,101.0,0.59,155.58,0.64,144.99,0.58,389.38,0.65,328.0,0.57,690.0,0.66,318.0,0.56,445.99,0.67,592.0,0.37,125.0,0.4,234.0,0.36,156.99,0.41,155.58,0.35,328.0,0.42,392.37,0.34,318.0,0.43,723.0,0.33,592.0,0.44,445.99
2026-01-07 05:16:48.743000+00:00,2026-01-07 05:16:46.107947+00:00,108.743,0.615,0.61,0.62,0.385,0.38,0.39,281.06,18.01,38.01,278.41,0.6,175.0,0.63,142.38,0.59,292.58,0.64,108.0,0.58,413.38,0.65,355.0,0.57,451.0,0.66,318.0,0.56,445.99,0.67,592.0,0.37,118.38,0.4,175.0,0.36,96.0,0.41,365.58,0.35,355.0,0.42,389.38,0.34,330.0,0.43,439.0,0.33,592.0,0.44,457.99
2026-01-07 05:16:49.669000+00:00,2026-01-07 05:16:47.113417+00:00,109.669,0.615,0.61,0.62,0.385,0.38,0.39,272.41,38.01,38.01,272.41,0.6,163.0,0.63,118.38,0.59,389.58,0.64,84.0,0.58,389.38,0.65,391.0,0.57,439.0,0.66,330.0,0.56,457.99,0.67,592.0,0.37,118.38,0.4,163.0,0.36,84.0,0.41,377.58,0.35,391.0,0.42,389.38,0.34,330.0,0.43,439.0,0.33,592.0,0.44,457.99
2026-01-07 05:16:50.701000+00:00,2026-01-07 05:16:48.134928+00:00,110.701,0.615,0.61,0.62,0.385,0.38,0.39,505.38,38.01,38.01,571.38,0.6,593.0,0.63,12.0,0.59,523.58,0.64,143.93,0.58,413.38,0.65,294.0,0.57,439.0,0.66,237.99,0.56,422.99,0.67,333.0,0.37,12.0,0.4,654.0,0.36,138.93,0.41,523.58,0.35,111.0,0.42,413.38,0.34,54.99,0.43,439.0,0.33,150.0,0.44,422.99
2026-01-07 05:16:51.652000+00:00,2026-01-07 05:16:49.141654+00:00,111.652,0.615,0.61,0.62,0.385,0.38,0.39,566.38,35.99,35.99,566.38,0.6,654.0,0.63,17.0,0.59,523.58,0.64,138.93,0.58,406.38,0.65,76.0,0.57,451.0,0.66,79.99,0.56,422.99,0.67,125.0,0.37,12.0,0.4,654.0,0.36,143.93,0.41,523.58,0.35,76.0,0.42,406.38,0.34,79.99,0.43,451.0,0.33,125.0,0.44,422.99
2026-01-07 05:16:52.785000+00:00,2026-01-07 05:16:50.149445+00:00,112.785,0.635,0.63,0.64,0.365,0.36,0.37,74.06,86.0,74.0,142.06,0.62,303.0,0.65,114.0,0.61,463.75,0.66,99.99,0.6,493.99,0.67,233.0,0.59,508.58,0.68,218.0,0.58,366.38,0.69,293.0,0.35,107.0,0.38,319.0,0.34,94.99,0.39,454.0,0.33,233.0,0.4,477.99,0.32,218.0,0.41,464.58,0.31,293.0,0.42,366.38
2026-01-07 05:16:53.647000+00:00,2026-01-07 05:16:51.140275+00:00,113.647,0.635,0.63,0.64,0.365,0.36,0.37,172.06,102.24,66.24,172.06,0.62,385.0,0.65,107.0,0.61,444.0,0.66,94.99,0.6,477.99,0.67,303.0,0.59,464.58,0.68,288.0,0.58,390.38,0.69,363.0,0.35,107.0,0.38,385.0,0.34,94.99,0.39,444.0,0.33,303.0,0.4,465.99,0.32,288.0,0.41,476.58,0.31,363.0,0.42,366.38
2026-01-07 05:16:54.554000+00:00,2026-01-07 05:16:52.163242+00:00,114.554,0.635,0.63,0.64,0.365,0.36,0.37,162.06,14.25,16.25,162.06,0.62,385.0,0.65,143.0,0.61,468.0,0.66,106.99,0.6,478.0,0.67,120.0,0.59,476.58,0.68,288.0,0.58,354.38,0.69,363.0,0.35,119.0,0.38,385.0,0.34,94.99,0.39,468.0,0.33,120.0,0.4,478.0,0.32,288.0,0.41,476.58,0.31,363.0,0.42,354.38
2026-01-07 05:16:55.817000+00:00,2026-01-07 05:16:53.173197+00:00,115.817,0.635,0.63,0.64,0.365,0.36,0.37,222.06,1.23,1.23,222.06,0.62,471.0,0.65,119.0,0.61,483.0,0.66,101.0,0.6,451.0,0.67,147.0,0.59,476.58,0.68,288.0,0.58,342.38,0.69,363.0,0.35,119.0,0.38,471.0,0.34,101.0,0.39,483.0,0.33,147.0,0.4,451.0,0.32,288.0,0.41,476.58,0.31,363.0,0.42,342.38
2026-01-07 05:16:56.763000+00:00,2026-01-07 05:16:54.179775+00:00,116.763,0.64,0.63,0.65,0.36,0.35,0.37,272.06,136.0,136.0,269.35,0.62,459.0,0.66,101.0,0.61,707.0,0.67,147.0,0.6,451.0,0.68,288.0,0.59,476.58,0.69,363.0,0.58,359.38,0.7,572.0,0.34,101.0,0.38,459.0,0.33,147.0,0.39,707.0,0.32,288.0,0.4,451.0,0.31,363.0,0.41,476.58,0.3,572.0,0.42,359.38
2026-01-07 05:16:57.820000+00:00,2026-01-07 05:16:55.199360+00:00,117.82,0.64,0.63,0.65,0.36,0.35,0.37,254.35,114.0,114.0,254.35,0.62,471.0,0.66,113.0,0.61,695.0,0.67,167.0,0.6,451.0,0.68,288.0,0.59,476.58,0.69,363.0,0.58,342.38,0.7,572.0,0.34,113.0,0.38,471.0,0.33,167.0,0.39,695.0,0.32,288.0,0.4,451.0,0.31,363.0,0.41,476.58,0.3,572.0,0.42,342.38
2026-01-07 05:16:58.845000+00:00,2026-01-07 05:16:56.202827+00:00,118.845,0.635,0.63,0.64,0.365,0.36,0.37,188.0,98.63,147.63,73.0,0.62,506.0,0.65,103.0,0.61,680.0,0.66,115.99,0.6,478.0,0.67,152.0,0.59,476.58,0.68,288.0,0.58,342.38,0.69,363.0,0.35,184.0,0.38,395.0,0.34,152.0,0.39,651.36,0.33,252.0,0.4,471.0,0.32,288.0,0.41,479.58,0.31,484.0,0.42,389.38
2026-01-07 05:16:59.790000+00:00,2026-01-07 05:16:57.211189+00:00,119.79,0.625,0.62,0.63,0.375,0.37,0.38,192.0,114.0,100.0,187.0,0.61,365.36,0.64,104.99,0.6,292.0,0.65,265.0,0.59,479.58,0.66,293.0,0.58,389.38,0.67,348.0,0.57,428.0,0.68,288.0,0.36,54.0,0.39,365.36,0.35,292.0,0.4,292.0,0.34,293.0,0.41,479.58,0.33,348.0,0.42,377.38,0.32,288.0,0.43,404.0
2026-01-07 05:17:00.856000+00:00,2026-01-07 05:16:58.217390+00:00,120.856,0.635,0.63,0.64,0.345,0.34,0.35,462.36,5.0,35.0,12.0,0.62,454.0,0.65,5.0,0.61,685.0,0.66,93.62,0.6,439.0,0.67,140.0,0.59,452.58,0.68,167.99,0.58,342.38,0.69,399.0,0.33,175.0,0.37,483.0,0.32,120.0,0.38,430.0,0.31,363.0,0.39,673.0,0.3,674.0,0.4,439.0,0.29,352.0,0.41,452.58
2026-01-07 05:17:01.873000+00:00,2026-01-07 05:16:59.222183+00:00,121.873,0.655,0.65,0.66,0.335,0.33,0.34,563.36,16.0,146.0,426.16,0.64,462.0,0.67,45.0,0.63,459.0,0.68,73.63,0.62,519.0,0.69,35.0,0.61,444.0,0.7,101.0,0.6,404.0,0.71,121.0,0.32,42.0,0.35,387.36,0.31,80.99,0.36,484.0,0.3,74.0,0.37,554.0,0.29,85.0,0.38,463.0,0.28,293.0,0.39,409.0
2026-01-07 05:17:02.868000+00:00,2026-01-07 05:17:00.228034+00:00,122.868,0.665,0.66,0.67,0.335,0.33,0.34,129.45,387.0,392.0,159.53,0.65,5.0,0.68,291.0,0.64,152.0,0.69,248.0,0.63,84.0,0.7,233.0,0.62,213.0,0.71,414.0,0.61,456.0,0.72,673.0,0.32,286.0,0.35,5.0,0.31,248.0,0.36,152.0,0.3,233.0,0.37,99.0,0.29,414.0,0.38,186.0,0.28,673.0,0.39,456.0
2026-01-07 05:17:03.855000+00:00,2026-01-07 05:17:01.232705+00:00,123.855,0.665,0.66,0.67,0.335,0.33,0.34,119.53,326.0,326.0,45.53,0.65,21.0,0.68,310.0,0.64,160.0,0.69,260.0,0.63,75.0,0.7,233.0,0.62,198.0,0.71,484.0,0.61,444.0,0.72,673.0,0.32,310.0,0.35,21.0,0.31,260.0,0.36,160.0,0.3,233.0,0.37,75.0,0.29,484.0,0.38,210.0,0.28,673.0,0.39,444.0
2026-01-07 05:17:04.863000+00:00,2026-01-07 05:17:02.242089+00:00,124.863,0.665,0.66,0.67,0.335,0.33,0.34,35.53,309.63,309.63,40.53,0.65,33.0,0.68,310.0,0.64,236.01,0.69,260.0,0.63,75.0,0.7,303.0,0.62,434.0,0.71,484.0,0.61,444.0,0.72,673.0,0.32,295.0,0.35,98.0,0.31,274.99,0.36,201.01,0.3,303.0,0.37,75.0,0.29,484.0,0.38,434.0,0.28,673.0,0.39,444.0
2026-01-07 05:17:05.859000+00:00,2026-01-07 05:17:03.237971+00:00,125.859,0.665,0.66,0.67,0.335,0.33,0.34,628.0,14.63,14.63,628.0,0.65,413.0,0.68,5.0,0.64,482.01,0.69,284.0,0.63,459.0,0.7,286.0,0.62,451.0,0.71,294.99,0.61,450.0,0.72,293.0,0.32,5.0,0.35,413.0,0.31,284.0,0.36,482.01,0.3,286.0,0.37,459.0,0.29,294.99,0.38,451.0,0.28,293.0,0.39,409.0
2026-01-07 05:17:06.894000+00:00,2026-01-07 05:17:04.260852+00:00,126.894,0.695,0.69,0.7,0.305,0.3,0.31,90.0,80.0,102.0,327.0,0.68,122.0,0.71,83.0,0.67,584.0,0.72,81.0,0.66,444.0,0.73,47.0,0.65,499.0,0.74,30.0,0.64,470.01,0.75,293.0,0.29,78.0,0.32,334.0,0.28,86.0,0.33,473.0,0.27,47.0,0.34,464.0,0.26,30.0,0.35,483.0,0.25,293.0,0.36,435.01
2026-01-07 05:17:07.880000+00:00,2026-01-07 05:17:05.269799+00:00,127.88,0.695,0.69,0.7,0.305,0.3,0.31,536.76,31.0,31.0,536.76,0.68,604.88,0.71,75.0,0.67,437.0,0.72,30.0,0.66,461.0,0.73,121.99,0.65,459.0,0.74,54.0,0.64,423.01,0.75,293.0,0.29,70.0,0.32,604.88,0.28,30.0,0.33,437.0,0.27,121.99,0.34,461.0,0.26,42.0,0.35,459.0,0.25,293.0,0.36,423.01
2026-01-07 05:17:08.900000+00:00,2026-01-07 05:17:06.272533+00:00,128.9,0.695,0.69,0.7,0.305,0.3,0.31,496.73,13.0,13.0,496.73,0.68,613.88,0.71,70.0,0.67,428.0,0.72,137.0,0.66,473.0,0.73,48.99,0.65,471.0,0.74,55.0,0.64,423.01,0.75,293.0,0.29,25.0,0.32,612.88,0.28,172.0,0.33,413.0,0.27,48.99,0.34,473.0,0.26,55.0,0.35,459.0,0.25,293.0,0.36,423.01
2026-01-07 05:17:09.912000+00:00,2026-01-07 05:17:07.277998+00:00,129.912,0.695,0.69,0.7,0.295,0.29,0.3,783.73,13.0,64.99,24.0,0.68,474.88,0.71,5.0,0.67,425.0,0.72,5.0,0.66,449.0,0.73,65.0,0.65,459.0,0.74,91.0,0.64,423.01,0.75,245.99,0.28,56.99,0.31,355.76,0.27,42.0,0.32,444.88,0.26,142.0,0.33,427.99,0.25,183.0,0.34,461.0,0.24,383.0,0.35,436.0
2026-01-07 05:17:10.934000+00:00,2026-01-07 05:17:08.284630+00:00,130.934,0.705,0.7,0.71,0.295,0.29,0.3,8.76,365.0,481.0,8.76,0.69,16.0,0.72,162.0,0.68,5.88,0.73,318.0,0.67,278.0,0.74,308.0,0.66,388.0,0.75,409.0,0.65,625.0,0.76,469.0,0.28,298.0,0.31,16.0,0.27,318.0,0.32,5.88,0.26,532.0,0.34,119.0,0.25,409.0,0.35,635.0,0.24,469.0,0.36,439.01
2026-01-07 05:17:11.905000+00:00,2026-01-07 05:17:09.290350+00:00,131.905,0.685,0.68,0.69,0.315,0.31,0.32,118.88,187.3,203.3,118.88,0.67,106.0,0.7,249.99,0.66,83.76,0.71,264.0,0.65,570.0,0.72,323.0,0.64,400.01,0.73,318.0,0.63,369.0,0.74,497.0,0.3,249.99,0.33,106.0,0.29,248.0,0.34,83.76,0.28,323.0,0.35,570.0,0.27,318.0,0.36,388.01,0.26,497.0,0.37,369.0
2026-01-07 05:17:12.920000+00:00,2026-01-07 05:17:10.297498+00:00,132.92,0.7,0.69,0.71,0.3,0.29,0.31,121.0,113.0,101.0,186.0,0.68,459.88,0.72,97.99,0.67,742.0,0.73,65.0,0.66,387.76,0.74,213.0,0.65,463.0,0.75,218.0,0.64,435.01,0.76,313.0,0.28,85.99,0.32,424.88,0.27,65.0,0.33,697.0,0.26,213.0,0.34,387.76,0.25,218.0,0.35,428.0,0.24,313.0,0.36,435.01
2026-01-07 05:17:13.941000+00:00,2026-01-07 05:17:11.306829+00:00,133.941,0.695,0.69,0.7,0.305,0.3,0.31,242.0,70.0,5.0,307.0,0.68,473.88,0.71,94.0,0.67,739.0,0.72,132.99,0.66,457.76,0.73,40.0,0.65,463.0,0.74,238.0,0.64,435.01,0.75,218.0,0.29,129.0,0.32,516.88,0.28,132.99,0.33,739.0,0.27,40.0,0.34,457.76,0.26,238.0,0.35,463.0,0.25,218.0,0.36,435.01
2026-01-07 05:17:14.960000+00:00,2026-01-07 05:17:12.314328+00:00,134.96,0.705,0.7,0.71,0.295,0.29,0.3,88.66,26.0,15.85,78.66,0.69,442.0,0.72,100.0,0.68,507.88,0.73,127.0,0.67,488.0,0.74,262.0,0.66,469.76,0.75,218.0,0.65,439.0,0.76,313.0,0.28,113.33,0.31,503.0,0.27,88.0,0.32,507.88,0.26,117.99,0.33,483.0,0.25,218.0,0.34,469.76,0.24,313.0,0.35,439.0
2026-01-07 05:17:15.927000+00:00,2026-01-07 05:17:13.323579+00:00,135.927,0.705,0.7,0.71,0.295,0.29,0.3,392.66,21.7,11.7,383.53,0.69,498.0,0.72,78.33,0.68,517.88,0.73,54.0,0.67,483.0,0.74,129.99,0.66,469.76,0.75,22.0,0.65,404.0,0.76,313.0,0.27,110.66,0.31,474.0,0.26,94.99,0.32,517.88,0.25,12.0,0.33,471.0,0.24,313.0,0.34,457.76,0.23,363.0,0.35,404.0
2026-01-07 05:17:16.944000+00:00,2026-01-07 05:17:14.333049+00:00,136.944,0.705,0.7,0.71,0.295,0.29,0.3,702.53,6.7,6.7,702.53,0.69,459.0,0.72,10.0,0.68,529.88,0.73,50.0,0.67,439.0,0.74,108.33,0.66,457.76,0.75,86.0,0.65,404.0,0.76,286.0,0.28,10.0,0.31,459.0,0.27,50.0,0.32,529.88,0.26,108.33,0.33,439.0,0.25,86.0,0.34,457.76,0.24,286.0,0.35,404.0
2026-01-07 05:17:17.953000+00:00,2026-01-07 05:17:15.338565+00:00,137.953,0.715,0.71,0.72,0.28500000000000003,0.28,0.29,99.99,21.0,5.0,99.99,0.7,651.84,0.73,55.0,0.69,455.0,0.74,120.33,0.68,553.88,0.75,110.0,0.67,439.0,0.76,250.0,0.66,457.76,0.77,293.0,0.27,55.0,0.3,651.84,0.26,120.33,0.31,455.0,0.25,122.0,0.32,553.88,0.24,250.0,0.33,439.0,0.23,293.0,0.34,457.76
2026-01-07 05:17:18.914000+00:00,2026-01-07 05:17:16.343098+00:00,138.914,0.725,0.72,0.73,0.275,0.27,0.28,5.0,181.66,181.66,5.0,0.71,306.99,0.74,101.0,0.7,668.84,0.75,120.0,0.69,1560.0,0.76,308.0,0.68,451.88,0.77,363.0,0.67,463.0,0.78,348.0,0.26,89.0,0.29,306.99,0.25,120.0,0.3,668.84,0.24,125.0,0.31,1560.0,0.23,180.0,0.32,451.88,0.22,348.0,0.33,463.0
2026-01-07 05:17:20.002000+00:00,2026-01-07 05:17:17.350113+00:00,140.002,0.725,0.72,0.73,0.275,0.27,0.28,5.0,139.66,123.66,5.0,0.71,355.0,0.74,104.99,0.7,689.84,0.75,80.0,0.69,1464.0,0.76,125.0,0.68,499.88,0.77,302.0,0.67,520.0,0.78,497.0,0.26,104.99,0.29,355.0,0.25,80.0,0.3,689.84,0.24,125.0,0.31,1491.0,0.23,302.0,0.32,499.88,0.22,497.0,0.33,520.0
2026-01-07 05:17:21.957000+00:00,2026-01-07 05:17:19.381056+00:00,141.957,0.715,0.71,0.72,0.28500000000000003,0.28,0.29,304.0,5.0,5.0,304.0,0.7,192.0,0.73,136.66,0.69,1559.0,0.74,293.99,0.68,439.88,0.75,288.0,0.67,456.0,0.76,308.0,0.66,461.0,0.77,363.0,0.27,52.0,0.3,219.0,0.26,330.56,0.31,1463.0,0.25,303.0,0.32,439.88,0.24,308.0,0.33,456.0,0.23,363.0,0.34,461.0
2026-01-07 05:17:23.027000+00:00,2026-01-07 05:17:20.389286+00:00,143.027,0.715,0.71,0.72,0.28500000000000003,0.28,0.29,800.58,5.0,5.0,810.58,0.7,508.0,0.73,5.0,0.69,1436.0,0.74,20.0,0.68,416.88,0.75,107.66,0.67,409.0,0.76,129.99,0.66,414.0,0.77,218.0,0.27,10.0,0.3,518.0,0.26,55.0,0.31,1471.0,0.25,117.66,0.32,451.88,0.24,129.99,0.33,444.0,0.23,218.0,0.34,414.0
2026-01-07 05:17:24.905000+00:00,2026-01-07 05:17:22.405384+00:00,144.905,0.715,0.71,0.72,0.275,0.27,0.28,688.59,5.0,188.66,5.0,0.7,447.0,0.73,188.66,0.69,1522.0,0.74,88.99,0.68,529.88,0.75,65.0,0.67,456.0,0.76,30.0,0.66,426.0,0.77,35.0,0.26,88.99,0.29,653.59,0.25,65.0,0.3,437.0,0.24,30.0,0.31,1522.0,0.23,35.0,0.32,529.88,0.22,308.0,0.33,421.0
2026-01-07 05:17:26.039000+00:00,2026-01-07 05:17:23.397119+00:00,146.039,0.725,0.72,0.73,0.275,0.27,0.28,35.0,76.66,66.66,35.0,0.71,712.59,0.74,103.0,0.7,487.0,0.75,128.0,0.69,1520.0,0.76,30.0,0.68,451.88,0.77,105.0,0.67,409.0,0.78,308.0,0.26,103.0,0.29,764.59,0.25,128.0,0.3,471.0,0.24,30.0,0.31,1532.0,0.23,105.0,0.32,451.88,0.22,308.0,0.33,409.0
2026-01-07 05:17:27.060000+00:00,2026-01-07 05:17:24.417378+00:00,147.06,0.745,0.74,0.75,0.25,0.24,0.26,125.0,35.0,56.23,235.76,0.73,336.0,0.76,84.56,0.72,396.0,0.77,132.0,0.71,557.99,0.78,165.0,0.7,444.0,0.79,387.0,0.69,439.0,0.8,363.0,0.23,61.0,0.27,340.0,0.22,35.0,0.28,396.0,0.21,363.0,0.29,519.99,0.2,398.0,0.3,456.0,0.19,552.0,0.31,404.0
2026-01-07 05:17:28.046000+00:00,2026-01-07 05:17:25.431454+00:00,148.046,0.75,0.74,0.76,0.24,0.23,0.25,575.76,83.96,61.66,92.0,0.73,457.0,0.77,35.0,0.72,451.0,0.78,72.99,0.71,569.99,0.79,158.0,0.7,444.0,0.8,328.0,0.69,404.0,0.81,587.0,0.22,60.0,0.26,223.0,0.21,124.99,0.27,470.0,0.2,340.0,0.28,439.0,0.19,517.0,0.29,468.99,0.18,328.0,0.3,409.0
2026-01-07 05:17:29.865000+00:00,2026-01-07 05:17:27.460668+00:00,149.865,0.765,0.76,0.77,0.225,0.22,0.23,4.19,60.1,129.66,69.99,0.75,178.36,0.78,118.0,0.74,428.0,0.79,72.99,0.73,439.0,0.8,253.0,0.72,463.0,0.81,442.0,0.71,459.0,0.82,363.0,0.21,123.0,0.24,140.74,0.2,268.0,0.25,119.0,0.19,442.0,0.26,438.0,0.18,363.0,0.27,439.0,0.17,344.8,0.28,463.0
2026-01-07 05:17:31.059000+00:00,2026-01-07 05:17:28.465448+00:00,151.059,0.775,0.77,0.78,0.225,0.22,0.23,35.0,97.66,20.46,154.36,0.76,330.74,0.79,98.0,0.75,514.0,0.8,280.0,0.74,567.0,0.81,193.0,0.73,451.0,0.82,293.0,0.72,416.0,0.83,293.0,0.21,150.33,0.24,296.19,0.2,280.0,0.25,502.0,0.19,193.0,0.26,567.0,0.18,293.0,0.27,451.0,0.17,293.0,0.28,416.0
2026-01-07 05:17:32.124000+00:00,2026-01-07 05:17:29.487085+00:00,152.124,0.775,0.77,0.78,0.215,0.21,0.22,119.36,3.46,107.33,10.0,0.76,417.19,0.79,131.33,0.75,159.0,0.8,118.0,0.74,555.0,0.81,207.99,0.73,451.0,0.82,293.0,0.72,416.0,0.83,293.0,0.2,142.0,0.23,104.36,0.19,207.99,0.24,417.19,0.18,293.0,0.25,159.0,0.17,293.0,0.26,555.0,0.16,363.0,0.27,451.0
2026-01-07 05:17:33.146000+00:00,2026-01-07 05:17:30.508186+00:00,153.146,0.785,0.78,0.79,0.215,0.21,0.22,19.35,119.33,139.33,20.0,0.77,135.36,0.8,118.0,0.76,1401.19,0.81,207.99,0.75,463.0,0.82,293.0,0.74,555.0,0.83,293.0,0.73,451.0,0.84,363.0,0.2,118.0,0.23,135.36,0.19,207.99,0.24,1401.19,0.18,293.0,0.25,463.0,0.17,293.0,0.26,555.0,0.16,363.0,0.27,451.0
2026-01-07 05:17:34.151000+00:00,2026-01-07 05:17:31.515762+00:00,154.151,0.78,0.77,0.79,0.22,0.21,0.23,135.36,130.81,155.81,120.36,0.76,1386.19,0.8,138.0,0.75,478.0,0.81,205.0,0.74,471.0,0.82,363.0,0.73,532.0,0.83,363.0,0.72,421.7,0.84,519.0,0.2,138.0,0.24,1386.19,0.19,205.0,0.25,478.0,0.18,363.0,0.26,471.0,0.17,363.0,0.27,532.0,0.16,519.0,0.28,421.7
2026-01-07 05:17:35.145000+00:00,2026-01-07 05:17:32.521953+00:00,155.145,0.785,0.78,0.79,0.215,0.21,0.22,147.0,26.66,26.66,147.0,0.77,131.0,0.8,137.0,0.76,1353.19,0.81,279.99,0.75,451.0,0.82,375.0,0.74,471.0,0.83,587.0,0.73,532.0,0.84,519.0,0.2,137.0,0.23,131.0,0.19,279.99,0.24,1353.19,0.18,375.0,0.25,451.0,0.17,587.0,0.26,471.0,0.16,519.0,0.27,532.0
2026-01-07 05:17:36.152000+00:00,2026-01-07 05:17:33.541119+00:00,156.152,0.785,0.78,0.79,0.215,0.21,0.22,132.0,26.66,26.66,132.0,0.77,201.0,0.8,125.0,0.76,1353.19,0.81,96.99,0.75,451.0,0.82,387.0,0.74,451.0,0.83,587.0,0.73,552.0,0.84,519.0,0.2,125.0,0.23,201.0,0.19,96.99,0.24,1475.19,0.18,387.0,0.25,451.0,0.17,587.0,0.26,451.0,0.16,519.0,0.27,552.0
2026-01-07 05:17:37.180000+00:00,2026-01-07 05:17:34.546166+00:00,157.18,0.785,0.78,0.79,0.215,0.21,0.22,120.0,6.66,6.66,180.0,0.77,365.0,0.8,40.0,0.76,1439.0,0.81,90.0,0.75,439.0,0.82,377.0,0.74,439.0,0.83,587.0,0.73,517.0,0.84,519.0,0.2,40.0,0.23,365.0,0.19,102.0,0.24,1451.0,0.18,425.0,0.25,451.0,0.17,599.0,0.26,535.0,0.16,363.0,0.27,424.0
2026-01-07 05:17:38.176000+00:00,2026-01-07 05:17:35.553013+00:00,158.176,0.795,0.79,0.8,0.20500000000000002,0.2,0.21,101.99,42.9,42.9,103.17,0.78,219.68,0.81,132.0,0.77,365.0,0.82,350.0,0.76,1451.0,0.83,524.0,0.75,451.0,0.84,363.0,0.74,535.0,0.85,560.0,0.19,132.0,0.22,187.68,0.18,350.0,0.23,365.0,0.17,524.0,0.24,1451.0,0.16,363.0,0.25,451.0,0.15,560.0,0.26,535.0
2026-01-07 05:17:39.174000+00:00,2026-01-07 05:17:36.575544+00:00,159.174,0.79,0.78,0.8,0.21000000000000002,0.2,0.22,177.68,112.15,112.15,177.68,0.77,437.0,0.81,152.0,0.76,1439.0,0.82,290.0,0.75,451.0,0.83,512.0,0.74,547.0,0.84,363.0,0.73,424.0,0.85,560.0,0.19,152.0,0.23,437.0,0.18,290.0,0.24,1439.0,0.17,512.0,0.25,451.0,0.16,363.0,0.26,547.0,0.15,560.0,0.27,424.0
2026-01-07 05:17:40.205000+00:00,2026-01-07 05:17:37.582557+00:00,160.205,0.795,0.79,0.8,0.20500000000000002,0.2,0.21,229.99,9.67,9.67,191.51,0.78,117.68,0.81,15.0,0.77,163.0,0.82,282.0,0.76,1451.0,0.83,292.99,0.75,539.0,0.84,350.0,0.74,404.0,0.85,399.3,0.19,15.0,0.22,117.68,0.18,282.0,0.23,163.0,0.17,292.99,0.24,1451.0,0.16,275.0,0.25,539.0,0.15,324.3,0.26,404.0
2026-01-07 05:17:41.210000+00:00,2026-01-07 05:17:38.604950+00:00,161.21,0.795,0.79,0.8,0.20500000000000002,0.2,0.21,123.99,14.67,14.67,123.99,0.78,181.68,0.81,85.0,0.77,257.0,0.82,237.0,0.76,1451.0,0.83,292.99,0.75,551.0,0.84,275.0,0.74,404.0,0.85,324.3,0.19,85.0,0.22,181.68,0.18,237.0,0.23,277.0,0.17,292.99,0.24,1451.0,0.16,275.0,0.25,551.0,0.15,324.3,0.26,404.0
2026-01-07 05:17:42.243000+00:00,2026-01-07 05:17:39.610542+00:00,162.243,0.805,0.8,0.81,0.195,0.19,0.2,68.0,32.0,20.0,68.0,0.79,78.99,0.82,142.0,0.78,206.68,0.83,244.99,0.77,338.0,0.84,263.0,0.76,1456.0,0.85,491.3,0.75,416.0,0.86,505.6,0.18,142.0,0.21,78.99,0.17,244.99,0.22,206.68,0.16,263.0,0.23,338.0,0.15,324.3,0.24,1456.0,0.14,684.6,0.25,516.0
2026-01-07 05:17:43.265000+00:00,2026-01-07 05:17:40.619221+00:00,163.265,0.805,0.8,0.81,0.195,0.19,0.2,65.0,20.0,20.0,80.0,0.79,55.0,0.82,154.0,0.78,277.68,0.83,36.99,0.77,459.0,0.84,288.0,0.76,1451.0,0.85,324.3,0.75,551.0,0.86,684.6,0.18,189.0,0.21,90.0,0.17,36.99,0.22,287.68,0.16,288.0,0.23,459.0,0.15,324.3,0.24,1451.0,0.14,684.6,0.25,551.0
2026-01-07 05:17:44.250000+00:00,2026-01-07 05:17:41.626091+00:00,164.25,0.795,0.79,0.8,0.20500000000000002,0.2,0.21,51.0,87.56,87.56,51.0,0.78,555.59,0.81,114.0,0.77,534.0,0.82,92.0,0.76,1451.0,0.83,10.0,0.75,551.0,0.84,288.0,0.74,416.0,0.85,324.3,0.19,114.0,0.22,555.59,0.18,92.0,0.23,534.0,0.17,10.0,0.24,1451.0,0.16,288.0,0.25,551.0,0.15,324.3,0.26,416.0
2026-01-07 05:17:45.188000+00:00,2026-01-07 05:17:42.635351+00:00,165.188,0.795,0.79,0.8,0.20500000000000002,0.2,0.21,109.09,20.0,25.0,99.09,0.78,525.68,0.81,174.0,0.77,534.0,0.82,92.0,0.76,1451.0,0.83,10.0,0.75,551.0,0.84,288.0,0.74,416.0,0.85,324.3,0.19,169.0,0.22,525.68,0.18,92.0,0.23,534.0,0.17,10.0,0.24,1451.0,0.16,288.0,0.25,551.0,0.15,324.3,0.26,416.0
2026-01-07 05:17:46.239000+00:00,2026-01-07 05:17:43.638626+00:00,166.239,0.795,0.79,0.8,0.20500000000000002,0.2,0.21,74.32,35.0,35.0,74.32,0.78,605.68,0.81,77.0,0.77,491.0,0.82,152.0,0.76,1451.0,0.83,22.0,0.75,551.0,0.84,288.0,0.74,404.0,0.85,324.3,0.19,77.0,0.22,605.68,0.18,152.0,0.23,491.0,0.17,22.0,0.24,1451.0,0.16,288.0,0.25,551.0,0.15,324.3,0.26,404.0
2026-01-07 05:17:47.217000+00:00,2026-01-07 05:17:44.645012+00:00,167.217,0.795,0.79,0.8,0.20500000000000002,0.2,0.21,74.09,15.0,15.0,74.09,0.78,610.68,0.81,132.0,0.77,461.0,0.82,127.0,0.76,1451.0,0.83,117.0,0.75,551.0,0.84,288.0,0.74,439.0,0.85,324.3,0.19,132.0,0.22,610.68,0.18,127.0,0.23,461.0,0.17,117.0,0.24,1555.0,0.16,288.0,0.25,451.0,0.15,324.3,0.26,439.0
2026-01-07 05:17:48.262000+00:00,2026-01-07 05:17:45.649879+00:00,168.262,0.795,0.79,0.8,0.20500000000000002,0.2,0.21,130.09,10.0,10.0,135.09,0.78,601.68,0.81,125.0,0.77,543.0,0.82,76.0,0.76,1439.0,0.83,167.99,0.75,451.0,0.84,512.0,0.74,439.0,0.85,324.3,0.19,125.0,0.22,601.68,0.18,88.0,0.23,555.0,0.17,167.99,0.24,1439.0,0.16,512.0,0.25,451.0,0.15,324.3,0.26,439.0
2026-01-07 05:17:49.271000+00:00,2026-01-07 05:17:46.653965+00:00,169.271,0.795,0.79,0.8,0.2,0.19,0.21,105.09,10.0,125.0,105.09,0.78,601.68,0.81,125.0,0.77,446.0,0.82,88.0,0.76,1543.0,0.83,167.99,0.75,451.0,0.84,512.0,0.74,439.0,0.85,324.3,0.18,88.0,0.22,606.68,0.17,167.99,0.23,446.0,0.16,512.0,0.24,1543.0,0.15,324.3,0.25,451.0,0.14,349.6,0.26,439.0
2026-01-07 05:17:50.232000+00:00,2026-01-07 05:17:47.661490+00:00,170.232,0.795,0.79,0.8,0.20500000000000002,0.2,0.21,109.99,20.0,20.0,109.99,0.78,591.68,0.81,125.0,0.77,570.0,0.82,103.0,0.76,1439.0,0.83,153.0,0.75,451.0,0.84,512.0,0.74,439.0,0.85,324.3,0.19,125.0,0.22,591.68,0.18,103.0,0.23,570.0,0.17,153.0,0.24,1439.0,0.16,512.0,0.25,451.0,0.15,324.3,0.26,439.0
2026-01-07 05:17:51.301000+00:00,2026-01-07 05:17:48.667520+00:00,171.301,0.795,0.79,0.8,0.20500000000000002,0.2,0.21,80.0,40.0,26.0,80.0,0.78,598.68,0.81,153.95,0.77,582.0,0.82,115.0,0.76,1451.0,0.83,117.0,0.75,439.0,0.84,512.0,0.74,451.0,0.85,324.3,0.19,158.95,0.22,598.68,0.18,115.0,0.23,582.0,0.17,117.0,0.24,1451.0,0.16,512.0,0.25,439.0,0.15,324.3,0.26,451.0
2026-01-07 05:17:52.267000+00:00,2026-01-07 05:17:49.674073+00:00,172.267,0.795,0.79,0.8,0.20500000000000002,0.2,0.21,92.0,20.0,20.0,82.0,0.78,598.68,0.81,134.95,0.77,570.0,0.82,139.0,0.76,1451.0,0.83,117.0,0.75,439.0,0.84,512.0,0.74,451.0,0.85,324.3,0.19,134.95,0.22,598.68,0.18,139.0,0.23,570.0,0.17,117.0,0.24,1451.0,0.16,512.0,0.25,439.0,0.15,324.3,0.26,451.0
2026-01-07 05:17:53.255000+00:00,2026-01-07 05:17:50.679878+00:00,173.255,0.795,0.79,0.8,0.20500000000000002,0.2,0.21,122.14,20.0,20.0,147.14,0.78,600.68,0.81,134.95,0.77,568.0,0.82,124.0,0.76,1451.0,0.83,131.99,0.75,451.0,0.84,512.0,0.74,404.0,0.85,324.3,0.19,49.95,0.22,605.68,0.18,179.0,0.23,568.0,0.17,131.99,0.24,1451.0,0.16,512.0,0.25,451.0,0.15,324.3,0.26,404.0
2026-01-07 05:17:54.340000+00:00,2026-01-07 05:17:51.700808+00:00,174.34,0.795,0.79,0.8,0.20500000000000002,0.2,0.21,126.66,10.0,10.0,165.66,0.78,545.68,0.81,40.0,0.77,471.0,0.82,134.0,0.76,1555.0,0.83,155.99,0.75,439.0,0.84,512.0,0.74,404.0,0.85,324.3,0.19,40.0,0.22,545.68,0.18,110.0,0.23,471.0,0.17,203.99,0.24,1555.0,0.16,524.0,0.25,439.0,0.15,324.3,0.26,404.0
2026-01-07 05:17:55.297000+00:00,2026-01-07 05:17:52.707168+00:00,175.297,0.795,0.79,0.8,0.20500000000000002,0.2,0.21,109.8,10.0,10.0,109.8,0.78,576.68,0.81,134.95,0.77,459.0,0.82,124.0,0.76,1555.0,0.83,131.99,0.75,451.0,0.84,512.0,0.74,404.0,0.85,324.3,0.19,134.95,0.22,576.68,0.18,124.0,0.23,459.0,0.17,131.99,0.24,1555.0,0.16,512.0,0.25,451.0,0.15,324.3,0.26,404.0
2026-01-07 05:17:56.371000+00:00,2026-01-07 05:17:53.730530+00:00,176.371,0.795,0.79,0.8,0.20500000000000002,0.2,0.21,144.8,10.0,10.0,134.94,0.78,564.68,0.81,40.0,0.77,471.0,0.82,158.0,0.76,1439.0,0.83,155.99,0.75,439.0,0.84,512.0,0.74,404.0,0.85,324.3,0.19,40.0,0.22,564.68,0.18,146.0,0.23,471.0,0.17,179.99,0.24,1451.0,0.16,512.0,0.25,539.0,0.15,324.3,0.26,404.0
2026-01-07 05:17:57.384000+00:00,2026-01-07 05:17:54.734301+00:00,177.384,0.805,0.8,0.81,0.195,0.19,0.2,212.0,17.46,17.46,227.0,0.79,254.94,0.82,153.0,0.78,506.68,0.83,97.99,0.77,451.0,0.84,10.0,0.76,1439.0,0.85,254.3,0.75,516.0,0.86,493.6,0.18,153.0,0.21,254.94,0.17,97.99,0.22,506.68,0.16,10.0,0.23,451.0,0.15,254.3,0.24,1439.0,0.14,493.6,0.25,516.0
2026-01-07 05:17:58.392000+00:00,2026-01-07 05:17:55.759190+00:00,178.392,0.805,0.8,0.81,0.195,0.19,0.2,238.0,32.46,134.41,203.0,0.79,332.48,0.82,128.0,0.78,511.68,0.83,73.99,0.77,439.0,0.84,10.0,0.76,1543.0,0.85,254.3,0.75,416.0,0.86,314.6,0.18,90.0,0.21,317.52,0.17,73.99,0.22,531.68,0.16,10.0,0.23,451.0,0.15,254.3,0.24,1451.0,0.14,493.6,0.25,516.0
2026-01-07 05:17:59.363000+00:00,2026-01-07 05:17:56.767678+00:00,179.363,0.795,0.79,0.8,0.20500000000000002,0.2,0.21,240.0,141.17,141.17,240.0,0.78,295.68,0.81,156.46,0.77,356.0,0.82,55.0,0.76,1463.0,0.83,218.0,0.75,551.0,0.84,288.0,0.74,439.0,0.85,324.3,0.19,156.46,0.22,295.68,0.18,55.0,0.23,356.0,0.17,218.0,0.24,1463.0,0.16,288.0,0.25,551.0,0.15,324.3,0.26,439.0
2026-01-07 05:18:00.258000+00:00,2026-01-07 05:17:57.774013+00:00,180.258,0.795,0.79,0.8,0.20500000000000002,0.2,0.21,1219.66,126.17,115.0,1203.66,0.78,295.68,0.81,161.46,0.77,356.0,0.82,55.0,0.76,1463.0,0.83,218.0,0.75,551.0,0.84,288.0,0.74,439.0,0.85,324.3,0.19,101.46,0.22,323.68,0.18,55.0,0.23,332.0,0.17,218.0,0.24,1439.0,0.16,288.0,0.25,551.0,0.15,324.3,0.26,439.0
2026-01-07 05:18:01.352000+00:00,2026-01-07 05:17:58.784608+00:00,181.352,0.795,0.79,0.8,0.20500000000000002,0.2,0.21,1213.8,100.0,100.0,1213.8,0.78,371.68,0.81,89.46,0.77,320.0,0.82,127.0,0.76,1451.0,0.83,300.0,0.75,551.0,0.84,512.0,0.74,439.0,0.85,324.3,0.19,89.46,0.22,371.68,0.18,127.0,0.23,320.0,0.17,300.0,0.24,1451.0,0.16,512.0,0.25,551.0,0.15,324.3,0.26,439.0
2026-01-07 05:18:02.400000+00:00,2026-01-07 05:17:59.809549+00:00,182.4,0.805,0.8,0.81,0.195,0.19,0.2,152.01,40.0,35.0,152.01,0.79,1337.94,0.82,117.46,0.78,353.68,0.83,302.99,0.77,446.0,0.84,596.0,0.76,1439.0,0.85,336.3,0.75,539.0,0.86,649.6,0.18,117.46,0.21,1414.94,0.17,119.99,0.22,337.68,0.16,596.0,0.23,446.0,0.15,336.3,0.24,1439.0,0.14,649.6,0.25,539.0
2026-01-07 05:18:03.432000+00:00,2026-01-07 05:18:00.813589+00:00,183.432,0.805,0.8,0.81,0.195,0.19,0.2,119.59,35.0,35.0,119.59,0.79,1414.94,0.82,122.46,0.78,337.68,0.83,119.99,0.77,434.0,0.84,353.0,0.76,1543.0,0.85,384.3,0.75,439.0,0.86,361.6,0.18,122.46,0.21,1414.94,0.17,119.99,0.22,337.68,0.16,353.0,0.23,434.0,0.15,384.3,0.24,1543.0,0.14,361.6,0.25,439.0
2026-01-07 05:18:04.418000+00:00,2026-01-07 05:18:01.820303+00:00,184.418,0.805,0.8,0.81,0.195,0.19,0.2,140.63,35.0,35.0,152.63,0.79,1414.94,0.82,122.46,0.78,337.68,0.83,119.99,0.77,434.0,0.84,377.0,0.76,1543.0,0.85,360.3,0.75,439.0,0.86,361.6,0.18,122.46,0.21,1398.94,0.17,119.99,0.22,337.68,0.16,377.0,0.23,434.0,0.15,360.3,0.24,1543.0,0.14,361.6,0.25,439.0
2026-01-07 05:18:05.298000+00:00,2026-01-07 05:18:02.824965+00:00,185.298,0.805,0.8,0.81,0.195,0.19,0.2,104.63,40.0,40.0,104.63,0.79,1450.94,0.82,117.46,0.78,337.68,0.83,203.99,0.77,434.0,0.84,341.0,0.76,1555.0,0.85,324.3,0.75,439.0,0.86,349.6,0.18,117.46,0.21,1450.94,0.17,203.99,0.22,337.68,0.16,341.0,0.23,434.0,0.15,324.3,0.24,1555.0,0.14,349.6,0.25,439.0
2026-01-07 05:18:06.471000+00:00,2026-01-07 05:18:03.831599+00:00,186.471,0.815,0.81,0.82,0.185,0.18,0.19,109.0,135.0,135.0,99.0,0.8,272.63,0.83,40.0,0.79,1515.0,0.84,50.0,0.78,336.68,0.85,338.3,0.77,510.0,0.86,401.6,0.76,1369.0,0.87,488.1,0.17,40.0,0.2,272.63,0.16,50.0,0.21,1515.0,0.15,338.3,0.22,336.68,0.14,396.6,0.23,510.0,0.13,488.1,0.24,1369.0
2026-01-07 05:18:07.433000+00:00,2026-01-07 05:18:04.851649+00:00,187.433,0.805,0.8,0.81,0.195,0.19,0.2,148.63,14.82,14.82,203.63,0.79,1472.0,0.82,138.53,0.78,242.68,0.83,54.99,0.77,490.0,0.84,119.0,0.76,1385.0,0.85,266.3,0.75,439.0,0.86,384.6,0.18,138.53,0.21,1447.0,0.17,54.99,0.22,381.68,0.16,119.0,0.23,381.0,0.15,266.3,0.24,1385.0,0.14,384.6,0.25,404.0
2026-01-07 05:18:08.493000+00:00,2026-01-07 05:18:05.858367+00:00,188.493,0.805,0.8,0.81,0.195,0.19,0.2,51.13,148.58,148.58,71.13,0.79,1091.0,0.82,226.53,0.78,49.68,0.83,380.99,0.77,65.0,0.84,324.0,0.76,1372.0,0.85,324.3,0.75,369.0,0.86,470.6,0.18,226.53,0.21,1086.0,0.17,392.99,0.22,175.68,0.16,312.0,0.23,187.0,0.15,324.3,0.24,1372.0,0.14,470.6,0.25,369.0
2026-01-07 05:18:09.445000+00:00,2026-01-07 05:18:06.862503+00:00,189.445,0.8,0.79,0.81,0.2,0.19,0.21,1108.28,100.76,100.76,1108.28,0.78,71.68,0.82,63.53,0.77,373.0,0.83,391.99,0.76,1381.0,0.84,300.0,0.75,369.0,0.85,324.3,0.74,334.0,0.86,505.6,0.18,63.53,0.22,71.68,0.17,391.99,0.23,373.0,0.16,300.0,0.24,1381.0,0.15,324.3,0.25,439.0,0.14,505.6,0.26,404.0
2026-01-07 05:18:10.504000+00:00,2026-01-07 05:18:07.863348+00:00,190.504,0.805,0.8,0.81,0.195,0.19,0.2,15.0,106.0,121.0,15.0,0.79,1096.28,0.82,135.53,0.78,59.68,0.83,331.99,0.77,397.0,0.84,288.0,0.76,1369.0,0.85,324.3,0.75,451.0,0.86,505.6,0.18,135.53,0.21,1096.28,0.17,331.99,0.22,173.68,0.16,288.0,0.23,358.0,0.15,324.3,0.24,1369.0,0.14,505.6,0.25,439.0
2026-01-07 05:18:11.504000+00:00,2026-01-07 05:18:08.870988+00:00,191.504,0.795,0.79,0.8,0.20500000000000002,0.2,0.21,1101.28,16.0,16.0,1146.28,0.78,484.68,0.81,118.46,0.77,342.0,0.82,78.52,0.76,1455.0,0.83,237.99,0.75,439.0,0.84,288.0,0.74,416.0,0.85,324.3,0.19,172.46,0.22,598.68,0.18,87.53,0.23,354.0,0.17,249.99,0.24,1479.0,0.16,288.0,0.25,451.0,0.15,324.3,0.26,416.0
2026-01-07 05:18:12.511000+00:00,2026-01-07 05:18:09.874842+00:00,192.511,0.795,0.79,0.8,0.20500000000000002,0.2,0.21,1141.28,16.0,16.0,1161.28,0.78,666.68,0.81,160.46,0.77,330.0,0.82,99.53,0.76,1479.0,0.83,66.99,0.75,463.0,0.84,288.0,0.74,404.0,0.85,324.3,0.19,160.46,0.22,666.68,0.18,99.53,0.23,330.0,0.17,66.99,0.24,1479.0,0.16,288.0,0.25,463.0,0.15,324.3,0.26,404.0
2026-01-07 05:18:13.378000+00:00,2026-01-07 05:18:10.882727+00:00,193.378,0.795,0.79,0.8,0.20500000000000002,0.2,0.21,1280.28,16.0,16.0,1280.28,0.78,576.68,0.81,124.46,0.77,342.0,0.82,135.53,0.76,1479.0,0.83,66.99,0.75,451.0,0.84,288.0,0.74,438.0,0.85,324.3,0.19,124.46,0.22,576.68,0.18,135.53,0.23,342.0,0.17,66.99,0.24,1479.0,0.16,288.0,0.25,451.0,0.15,324.3,0.26,438.0
2026-01-07 05:18:14.516000+00:00,2026-01-07 05:18:11.889403+00:00,194.516,0.805,0.8,0.81,0.195,0.19,0.2,543.0,7.46,7.46,543.0,0.79,1455.28,0.82,5.0,0.78,464.68,0.83,100.0,0.77,451.0,0.84,72.0,0.76,1439.0,0.85,110.29,0.75,404.0,0.86,289.6,0.18,5.0,0.21,1455.28,0.17,100.0,0.22,464.68,0.16,72.0,0.23,451.0,0.15,110.29,0.24,1439.0,0.14,289.6,0.25,404.0
2026-01-07 05:18:15.639000+00:00,2026-01-07 05:18:12.895690+00:00,195.639,0.815,0.81,0.82,0.185,0.18,0.19,51.0,99.98,99.98,51.0,0.8,479.0,0.83,95.0,0.79,1467.28,0.84,86.0,0.78,472.68,0.85,46.3,0.77,479.0,0.86,538.6,0.76,404.0,0.87,332.1,0.17,95.0,0.2,604.0,0.16,86.0,0.21,1348.28,0.15,46.3,0.22,467.68,0.14,538.6,0.23,479.0,0.13,332.1,0.24,404.0
2026-01-07 05:18:16.542000+00:00,2026-01-07 05:18:13.903672+00:00,196.542,0.8200000000000001,0.81,0.83,0.18,0.17,0.19,106.0,171.0,176.0,238.0,0.8,621.0,0.84,78.0,0.79,1327.28,0.85,83.3,0.78,479.68,0.86,538.6,0.77,451.0,0.87,332.1,0.76,439.0,0.88,2061.57,0.16,73.0,0.2,496.0,0.15,83.3,0.21,1327.28,0.14,538.6,0.22,467.68,0.13,343.6,0.23,451.0,0.12,2131.57,0.24,472.0
2026-01-07 05:18:17.568000+00:00,2026-01-07 05:18:14.923832+00:00,197.568,0.815,0.81,0.82,0.19,0.18,0.2,27.0,135.99,186.98,508.0,0.8,524.0,0.83,57.0,0.79,1221.28,0.84,122.0,0.78,467.68,0.85,83.3,0.77,451.0,0.86,549.4,0.76,439.0,0.87,308.6,0.17,88.0,0.21,1233.28,0.16,50.0,0.22,471.68,0.15,71.3,0.23,475.0,0.14,619.4,0.24,451.0,0.13,378.6,0.25,404.0
2026-01-07 05:18:18.451000+00:00,2026-01-07 05:18:15.913334+00:00,198.451,0.81,0.8,0.82,0.185,0.18,0.19,528.0,203.98,35.0,65.0,0.79,1357.28,0.83,88.0,0.78,471.68,0.84,59.69,0.77,475.0,0.85,81.49,0.76,451.0,0.86,619.4,0.75,404.0,0.87,378.6,0.17,115.0,0.2,633.0,0.16,104.69,0.21,1250.28,0.15,108.48,0.22,431.68,0.14,619.4,0.23,451.0,0.13,378.6,0.24,439.0
2026-01-07 05:18:19.403000+00:00,2026-01-07 05:18:16.933188+00:00,199.403,0.815,0.81,0.82,0.185,0.18,0.19,89.0,35.0,35.0,89.0,0.8,727.0,0.83,115.0,0.79,1331.28,0.84,98.0,0.78,443.68,0.85,117.49,0.77,439.0,0.86,556.4,0.76,439.0,0.87,378.6,0.17,115.0,0.2,727.0,0.16,98.0,0.21,1331.28,0.15,117.49,0.22,443.68,0.14,556.4,0.23,439.0,0.13,378.6,0.24,439.0
2026-01-07 05:18:20.416000+00:00,2026-01-07 05:18:17.945635+00:00,200.416,0.8200000000000001,0.81,0.83,0.18,0.17,0.19,182.0,174.0,174.0,182.0,0.8,602.0,0.84,97.0,0.79,1315.28,0.85,151.49,0.78,455.68,0.86,544.4,0.77,451.0,0.87,413.6,0.76,472.0,0.88,2121.57,0.16,97.0,0.2,602.0,0.15,151.49,0.21,1315.28,0.14,544.4,0.22,455.68,0.13,413.6,0.23,451.0,0.12,2121.57,0.24,472.0
2026-01-07 05:18:21.595000+00:00,2026-01-07 05:18:18.951463+00:00,201.595,0.815,0.81,0.82,0.185,0.18,0.19,182.0,16.0,16.0,182.0,0.8,602.0,0.83,179.0,0.79,1347.28,0.84,85.0,0.78,471.68,0.85,163.49,0.77,451.0,0.86,544.4,0.76,472.0,0.87,413.6,0.17,179.0,0.2,607.0,0.16,85.0,0.21,1331.28,0.15,163.49,0.22,455.68,0.14,544.4,0.23,451.0,0.13,413.6,0.24,472.0
2026-01-07 05:18:22.584000+00:00,2026-01-07 05:18:19.957946+00:00,202.584,0.815,0.81,0.82,0.185,0.18,0.19,35.0,16.0,100.99,132.0,0.8,602.0,0.83,179.0,0.79,1331.28,0.84,85.0,0.78,455.68,0.85,163.49,0.77,483.0,0.86,544.4,0.76,439.0,0.87,413.6,0.17,124.0,0.2,622.0,0.16,97.0,0.21,1331.28,0.15,151.49,0.22,455.68,0.14,544.4,0.23,451.0,0.13,413.6,0.24,472.0
2026-01-07 05:18:23.533000+00:00,2026-01-07 05:18:20.963649+00:00,203.533,0.815,0.81,0.82,0.18,0.17,0.19,141.09,84.99,167.0,216.09,0.8,622.0,0.83,124.0,0.79,1331.28,0.84,97.0,0.78,455.68,0.85,151.49,0.77,451.0,0.86,544.4,0.76,472.0,0.87,413.6,0.16,73.0,0.2,555.0,0.15,151.49,0.21,1309.28,0.14,544.4,0.22,455.68,0.13,413.6,0.23,451.0,0.12,2121.57,0.24,437.0
2026-01-07 05:18:24.604000+00:00,2026-01-07 05:18:21.972344+00:00,204.604,0.815,0.81,0.82,0.195,0.19,0.2,161.09,139.98,123.0,685.0,0.8,585.0,0.83,115.99,0.79,1317.28,0.84,58.0,0.78,446.68,0.85,163.49,0.77,451.0,0.86,544.4,0.76,437.0,0.87,413.6,0.18,79.0,0.21,1308.28,0.17,152.0,0.22,483.68,0.16,171.0,0.23,451.0,0.15,273.49,0.24,451.0,0.14,320.4,0.25,437.0
2026-01-07 05:18:25.574000+00:00,2026-01-07 05:18:22.982412+00:00,205.574,0.805,0.8,0.81,0.195,0.19,0.2,264.0,100.0,100.0,174.0,0.79,1248.28,0.82,47.0,0.78,361.68,0.83,166.99,0.77,475.0,0.84,275.0,0.76,451.0,0.85,334.49,0.75,404.0,0.86,320.4,0.18,47.0,0.21,1248.28,0.17,166.99,0.22,361.68,0.16,284.69,0.23,475.0,0.15,334.49,0.24,451.0,0.14,320.4,0.25,404.0
2026-01-07 05:18:26.440000+00:00,2026-01-07 05:18:23.989724+00:00,206.44,0.805,0.8,0.81,0.195,0.19,0.2,395.0,14.99,14.99,390.0,0.79,1106.28,0.82,101.99,0.78,381.68,0.83,182.99,0.77,463.0,0.84,284.69,0.76,451.0,0.85,334.49,0.75,437.0,0.86,320.4,0.18,89.99,0.21,1121.28,0.17,140.0,0.22,366.68,0.16,315.69,0.23,451.0,0.15,334.49,0.24,451.0,0.14,320.4,0.25,437.0
2026-01-07 05:18:27.598000+00:00,2026-01-07 05:18:24.999785+00:00,207.598,0.805,0.8,0.81,0.195,0.19,0.2,524.0,14.99,14.99,536.0,0.79,1292.28,0.82,89.99,0.78,475.68,0.83,104.0,0.77,463.0,0.84,180.69,0.76,439.0,0.85,151.49,0.75,437.0,0.86,320.4,0.18,89.99,0.21,1304.28,0.17,104.0,0.22,475.68,0.16,180.69,0.23,463.0,0.15,163.49,0.24,439.0,0.14,320.4,0.25,437.0
2026-01-07 05:18:28.644000+00:00,2026-01-07 05:18:26.003004+00:00,208.644,0.805,0.8,0.81,0.195,0.19,0.2,592.0,14.99,14.99,467.0,0.79,1276.28,0.82,89.99,0.78,487.68,0.83,152.0,0.77,463.0,0.84,144.69,0.76,439.0,0.85,151.49,0.75,437.0,0.86,320.4,0.18,89.99,0.21,1411.28,0.17,152.0,0.22,487.68,0.16,144.69,0.23,463.0,0.15,375.49,0.24,439.0,0.14,320.4,0.25,404.0
2026-01-07 05:18:29.641000+00:00,2026-01-07 05:18:27.010984+00:00,209.641,0.805,0.8,0.81,0.195,0.19,0.2,495.0,14.99,14.99,478.0,0.79,1428.28,0.82,5.0,0.78,487.68,0.83,207.0,0.77,463.0,0.84,144.69,0.76,439.0,0.85,375.49,0.75,404.0,0.86,320.4,0.18,5.0,0.21,1428.28,0.17,207.0,0.22,487.68,0.16,144.69,0.23,463.0,0.15,375.49,0.24,439.0,0.14,320.4,0.25,404.0
2026-01-07 05:18:30.460000+00:00,2026-01-07 05:18:28.015247+00:00,210.46,0.805,0.8,0.81,0.195,0.19,0.2,445.0,14.99,14.99,460.0,0.79,1411.28,0.82,125.99,0.78,487.68,0.83,128.0,0.77,475.0,0.84,132.69,0.76,439.0,0.85,375.49,0.75,404.0,0.86,320.4,0.18,125.99,0.21,1411.28,0.17,128.0,0.22,487.68,0.16,132.69,0.23,475.0,0.15,375.49,0.24,439.0,0.14,320.4,0.25,404.0
2026-01-07 05:18:31.641000+00:00,2026-01-07 05:18:29.013034+00:00,211.641,0.81,0.8,0.82,0.185,0.18,0.19,474.99,50.0,15.0,100.0,0.79,1396.28,0.83,118.98,0.78,467.68,0.84,123.0,0.77,463.0,0.85,375.49,0.76,451.0,0.86,320.4,0.75,404.0,0.87,413.6,0.17,152.36,0.2,445.0,0.16,123.0,0.21,1396.28,0.15,375.49,0.22,467.68,0.14,320.4,0.23,463.0,0.13,413.6,0.24,451.0
2026-01-07 05:18:32.641000+00:00,2026-01-07 05:18:30.018872+00:00,212.641,0.815,0.81,0.82,0.185,0.18,0.19,115.0,15.0,15.0,115.0,0.8,519.0,0.83,64.36,0.79,1438.28,0.84,131.0,0.78,431.68,0.85,280.49,0.77,451.0,0.86,320.4,0.76,404.0,0.87,413.6,0.17,64.36,0.2,547.0,0.16,131.0,0.21,1422.28,0.15,280.49,0.22,443.68,0.14,320.4,0.23,451.0,0.13,413.6,0.24,404.0
2026-01-07 05:18:33.661000+00:00,2026-01-07 05:18:31.023400+00:00,213.661,0.815,0.81,0.82,0.185,0.18,0.19,40.0,110.0,110.0,40.0,0.8,560.99,0.83,99.98,0.79,1310.28,0.84,67.0,0.78,569.68,0.85,280.49,0.77,451.0,0.86,320.4,0.76,416.0,0.87,413.6,0.17,111.98,0.2,548.99,0.16,55.0,0.21,1322.28,0.15,280.49,0.22,557.68,0.14,320.4,0.23,463.0,0.13,413.6,0.24,416.0
2026-01-07 05:18:34.656000+00:00,2026-01-07 05:18:32.029561+00:00,214.656,0.815,0.81,0.82,0.185,0.18,0.19,40.0,66.6,66.6,40.0,0.8,572.99,0.83,116.98,0.79,1310.28,0.84,74.0,0.78,545.68,0.85,280.49,0.77,463.0,0.86,332.4,0.76,416.0,0.87,413.6,0.17,104.98,0.2,572.99,0.16,74.0,0.21,1298.28,0.15,280.49,0.22,545.68,0.14,332.4,0.23,451.0,0.13,413.6,0.24,404.0
2026-01-07 05:18:35.688000+00:00,2026-01-07 05:18:33.033712+00:00,215.688,0.805,0.8,0.81,0.20500000000000002,0.2,0.21,20.0,513.38,43.0,957.28,0.79,1140.28,0.82,364.6,0.78,304.0,0.83,383.98,0.77,304.0,0.84,348.0,0.76,304.0,0.85,622.49,0.75,656.0,0.86,406.4,0.19,529.38,0.25,311.0,0.18,639.6,0.26,300.0,0.17,444.98,0.27,561.0,0.16,574.69,0.28,436.7,0.15,420.49,0.29,444.0
2026-01-07 05:18:36.655000+00:00,2026-01-07 05:18:34.042767+00:00,216.655,0.795,0.79,0.8,0.20500000000000002,0.2,0.21,449.83,260.49,260.49,449.83,0.77,36.0,0.81,449.38,0.76,115.0,0.82,686.6,0.75,71.95,0.83,466.17,0.74,117.0,0.84,574.69,0.73,428.0,0.85,420.49,0.19,449.38,0.23,36.0,0.18,695.4,0.24,115.0,0.17,466.17,0.25,71.95,0.16,574.69,0.26,117.0,0.15,420.49,0.27,428.0
2026-01-07 05:18:37.502000+00:00,2026-01-07 05:18:35.048998+00:00,217.502,0.795,0.79,0.8,0.20500000000000002,0.2,0.21,433.83,255.49,255.49,433.83,0.78,52.0,0.81,324.78,0.77,24.0,0.82,637.4,0.76,103.0,0.83,613.17,0.75,71.95,0.84,418.69,0.74,117.0,0.85,420.49,0.19,324.78,0.22,52.0,0.18,637.4,0.23,24.0,0.17,613.17,0.24,103.0,0.16,418.69,0.25,71.95,0.15,420.49,0.26,117.0
2026-01-07 05:18:38.414000+00:00,2026-01-07 05:18:36.055465+00:00,218.414,0.795,0.79,0.8,0.20500000000000002,0.2,0.21,423.83,255.49,255.49,408.21,0.78,52.0,0.81,324.78,0.77,24.0,0.82,637.4,0.76,103.0,0.83,613.17,0.75,71.95,0.84,418.69,0.74,117.0,0.85,420.49,0.19,324.78,0.22,52.0,0.18,637.4,0.23,24.0,0.17,613.17,0.24,103.0,0.16,418.69,0.25,71.95,0.15,420.49,0.26,117.0
2026-01-07 05:18:39.693000+00:00,2026-01-07 05:18:37.062238+00:00,219.693,0.795,0.79,0.8,0.20500000000000002,0.2,0.21,408.21,270.49,270.49,408.21,0.78,122.0,0.81,324.78,0.77,94.0,0.82,637.4,0.76,173.0,0.83,613.17,0.75,112.0,0.84,418.69,0.74,217.0,0.85,420.49,0.19,324.78,0.22,122.0,0.18,413.4,0.23,94.0,0.17,613.17,0.24,173.0,0.16,418.69,0.25,112.0,0.15,420.49,0.26,441.0
2026-01-07 05:18:40.528000+00:00,2026-01-07 05:18:38.067424+00:00,220.528,0.795,0.79,0.8,0.20500000000000002,0.2,0.21,408.21,255.49,270.49,413.21,0.78,122.0,0.81,324.78,0.77,94.0,0.82,413.4,0.76,173.0,0.83,613.17,0.75,161.95,0.84,418.69,0.74,411.0,0.85,420.49,0.19,324.78,0.22,122.0,0.18,413.4,0.23,94.0,0.17,613.17,0.24,93.0,0.16,418.69,0.25,182.0,0.15,420.49,0.26,441.0
2026-01-07 05:18:41.674000+00:00,2026-01-07 05:18:39.076680+00:00,221.674,0.795,0.79,0.8,0.20500000000000002,0.2,0.21,323.78,623.13,623.13,304.78,0.78,16.0,0.81,450.78,0.76,11.0,0.82,459.4,0.74,85.0,0.83,454.17,0.73,82.0,0.84,418.69,0.72,461.68,0.85,420.49,0.19,450.78,0.22,16.0,0.18,459.4,0.24,11.0,0.17,454.17,0.26,85.0,0.16,418.69,0.27,82.0,0.15,420.49,0.28,203.68
2026-01-07 05:18:42.643000+00:00,2026-01-07 05:18:40.082515+00:00,222.643,0.745,0.74,0.75,0.255,0.25,0.26,70.0,85.0,85.0,70.0,0.73,210.0,0.76,56.0,0.72,176.7,0.77,301.79,0.71,461.94,0.78,115.6,0.7,320.0,0.79,245.22,0.69,421.0,0.8,332.13,0.24,56.0,0.27,210.0,0.23,309.09,0.28,176.7,0.22,115.6,0.29,461.94,0.21,245.22,0.3,320.0,0.2,332.13,0.31,421.0
2026-01-07 05:18:43.662000+00:00,2026-01-07 05:18:41.076575+00:00,223.662,0.745,0.74,0.75,0.255,0.25,0.26,60.0,68.54,50.0,24.0,0.73,198.0,0.76,63.1,0.72,182.7,0.77,237.09,0.71,432.0,0.78,175.6,0.7,293.0,0.79,245.22,0.69,409.0,0.8,344.13,0.24,10.0,0.27,210.0,0.23,193.73,0.28,152.7,0.22,127.6,0.29,375.95,0.21,245.22,0.3,305.0,0.2,457.13,0.31,490.0
2026-01-07 05:18:44.654000+00:00,2026-01-07 05:18:42.079899+00:00,224.654,0.745,0.74,0.75,0.255,0.25,0.26,64.0,65.0,65.0,52.0,0.73,232.0,0.76,5.0,0.72,152.7,0.77,256.73,0.71,400.95,0.78,90.6,0.7,305.0,0.79,245.22,0.69,455.0,0.8,492.13,0.24,17.0,0.27,232.0,0.23,208.73,0.28,152.7,0.22,78.6,0.29,400.95,0.21,245.22,0.3,305.0,0.2,492.13,0.31,455.0
2026-01-07 05:18:45.681000+00:00,2026-01-07 05:18:43.087729+00:00,225.681,0.745,0.74,0.75,0.255,0.25,0.26,60.15,25.0,25.0,60.15,0.73,232.0,0.76,5.0,0.72,365.7,0.77,160.3,0.71,554.0,0.78,314.6,0.7,305.0,0.79,315.22,0.69,455.0,0.8,562.13,0.24,5.0,0.27,232.0,0.23,160.3,0.28,365.7,0.22,314.6,0.29,554.0,0.21,315.22,0.3,305.0,0.2,562.13,0.31,455.0
2026-01-07 05:18:46.736000+00:00,2026-01-07 05:18:44.094104+00:00,226.736,0.755,0.75,0.76,0.245,0.24,0.25,69.0,30.0,30.0,5.0,0.74,143.15,0.77,77.3,0.73,179.95,0.78,257.6,0.72,335.7,0.79,391.22,0.71,631.0,0.8,449.13,0.7,293.0,0.81,487.78,0.23,77.3,0.26,143.15,0.22,257.6,0.27,138.0,0.21,315.22,0.28,353.7,0.2,437.13,0.29,628.0,0.19,475.78,0.3,293.0
2026-01-07 05:18:47.702000+00:00,2026-01-07 05:18:45.100356+00:00,227.702,0.755,0.75,0.76,0.25,0.24,0.26,5.0,65.0,65.0,191.15,0.74,191.15,0.77,89.3,0.73,138.0,0.78,427.6,0.72,365.7,0.79,315.22,0.71,663.0,0.8,449.13,0.7,293.0,0.81,475.78,0.23,101.3,0.27,138.0,0.22,488.6,0.28,365.7,0.21,315.22,0.29,663.0,0.2,449.13,0.3,293.0,0.19,475.78,0.31,374.0
2026-01-07 05:18:48.665000+00:00,2026-01-07 05:18:46.121488+00:00,228.665,0.75,0.74,0.76,0.245,0.24,0.25,117.0,120.0,120.0,16.0,0.73,168.0,0.77,124.3,0.72,340.7,0.78,294.6,0.71,663.0,0.79,303.22,0.7,305.0,0.8,449.13,0.69,409.0,0.81,412.4,0.23,124.3,0.26,117.0,0.22,294.6,0.27,168.0,0.21,303.22,0.28,340.7,0.2,449.13,0.29,663.0,0.19,412.4,0.3,305.0
2026-01-07 05:18:49.739000+00:00,2026-01-07 05:18:47.112359+00:00,229.739,0.755,0.75,0.76,0.245,0.24,0.25,16.0,118.68,118.68,16.0,0.74,124.0,0.77,64.3,0.73,192.95,0.78,326.6,0.72,310.7,0.79,331.22,0.71,663.0,0.8,449.13,0.7,293.0,0.81,412.4,0.23,64.3,0.26,141.0,0.22,314.6,0.27,192.95,0.21,331.22,0.28,310.7,0.2,437.13,0.29,663.0,0.19,412.4,0.3,293.0
2026-01-07 05:18:50.759000+00:00,2026-01-07 05:18:48.131420+00:00,230.759,0.74,0.73,0.75,0.265,0.26,0.27,121.0,80.38,50.0,145.0,0.72,359.7,0.76,190.68,0.71,440.95,0.77,154.3,0.7,329.0,0.78,128.6,0.69,421.0,0.79,268.22,0.68,409.88,0.8,402.13,0.25,73.38,0.28,335.7,0.24,184.68,0.29,378.95,0.23,178.3,0.3,305.0,0.22,128.6,0.31,421.0,0.21,268.22,0.32,409.88
2026-01-07 05:18:51.789000+00:00,2026-01-07 05:18:49.150324+00:00,231.789,0.745,0.74,0.75,0.255,0.25,0.26,259.99,40.0,40.0,259.99,0.73,58.0,0.76,163.68,0.72,377.7,0.77,226.3,0.71,337.0,0.78,124.6,0.7,305.0,0.79,308.45,0.69,409.0,0.8,402.13,0.24,163.68,0.27,58.0,0.23,226.3,0.28,377.7,0.22,124.6,0.29,325.0,0.21,308.45,0.3,305.0,0.2,402.13,0.31,409.0
2026-01-07 05:18:52.864000+00:00,2026-01-07 05:18:50.158021+00:00,232.864,0.745,0.74,0.75,0.255,0.25,0.26,252.75,35.0,35.0,252.75,0.73,70.0,0.76,98.68,0.72,385.7,0.77,142.3,0.71,317.0,0.78,148.6,0.7,293.0,0.79,324.45,0.69,409.0,0.8,402.13,0.24,98.68,0.27,70.0,0.23,142.3,0.28,385.7,0.22,148.6,0.29,317.0,0.21,324.45,0.3,293.0,0.2,402.13,0.31,409.0
2026-01-07 05:18:53.694000+00:00,2026-01-07 05:18:51.182303+00:00,233.694,0.745,0.74,0.75,0.255,0.25,0.26,16.0,98.38,98.38,16.0,0.73,140.0,0.76,113.68,0.72,385.7,0.77,178.3,0.71,406.0,0.78,128.6,0.7,305.0,0.79,308.45,0.69,421.0,0.8,402.13,0.24,113.68,0.27,140.0,0.23,178.3,0.28,385.7,0.22,128.6,0.29,406.0,0.21,308.45,0.3,305.0,0.2,402.13,0.31,421.0
2026-01-07 05:18:54.802000+00:00,2026-01-07 05:18:52.188109+00:00,234.802,0.745,0.74,0.75,0.255,0.25,0.26,14.19,198.38,243.38,3.61,0.73,102.0,0.76,89.68,0.72,425.69,0.77,280.3,0.71,346.95,0.78,355.6,0.7,541.0,0.79,308.45,0.69,514.0,0.8,527.13,0.24,89.68,0.27,86.0,0.23,504.3,0.28,425.69,0.22,355.6,0.29,346.95,0.21,427.45,0.3,541.0,0.2,402.13,0.31,433.0
2026-01-07 05:18:55.767000+00:00,2026-01-07 05:18:53.192437+00:00,235.767,0.745,0.74,0.75,0.255,0.25,0.26,19.61,183.38,191.38,19.61,0.73,91.0,0.76,94.68,0.72,242.69,0.77,565.3,0.71,163.95,0.78,416.6,0.7,541.0,0.79,308.45,0.69,393.0,0.8,527.13,0.24,94.68,0.27,86.0,0.23,565.3,0.28,242.69,0.22,416.6,0.29,163.95,0.21,308.45,0.3,541.0,0.2,527.13,0.31,393.0
2026-01-07 05:18:56.660000+00:00,2026-01-07 05:18:54.212766+00:00,236.66,0.745,0.74,0.75,0.255,0.25,0.26,19.61,198.38,134.38,19.61,0.73,86.0,0.76,94.68,0.72,242.69,0.77,565.3,0.71,163.95,0.78,416.6,0.7,565.0,0.79,308.45,0.69,381.0,0.8,527.13,0.24,94.68,0.27,186.0,0.23,549.3,0.28,172.7,0.22,416.6,0.29,163.95,0.21,308.45,0.3,565.0,0.2,527.13,0.31,381.0
2026-01-07 05:18:57.855000+00:00,2026-01-07 05:18:55.219684+00:00,237.855,0.735,0.73,0.74,0.265,0.26,0.27,114.0,85.0,85.0,114.0,0.72,259.69,0.75,82.0,0.71,237.95,0.76,118.68,0.7,553.0,0.77,577.3,0.69,300.0,0.78,416.6,0.68,288.88,0.79,308.45,0.25,106.0,0.28,259.69,0.24,106.68,0.29,237.95,0.23,565.3,0.3,553.0,0.22,416.6,0.31,300.0,0.21,308.45,0.32,288.88
2026-01-07 05:18:58.787000+00:00,2026-01-07 05:18:56.211675+00:00,238.787,0.735,0.73,0.74,0.265,0.26,0.27,86.0,90.0,90.0,86.0,0.72,275.69,0.75,125.0,0.71,156.95,0.76,89.68,0.7,648.0,0.77,565.3,0.69,300.0,0.78,416.6,0.68,288.88,0.79,308.45,0.25,125.0,0.28,275.69,0.24,89.68,0.29,156.95,0.23,565.3,0.3,648.0,0.22,416.6,0.31,300.0,0.21,308.45,0.32,288.88
2026-01-07 05:18:59.835000+00:00,2026-01-07 05:18:57.216111+00:00,239.835,0.745,0.74,0.75,0.255,0.25,0.26,16.0,151.38,151.38,16.0,0.73,182.0,0.76,89.68,0.72,185.7,0.77,577.3,0.71,355.95,0.78,416.6,0.7,585.0,0.79,308.45,0.69,300.0,0.8,402.13,0.24,89.68,0.27,182.0,0.23,394.3,0.28,185.7,0.22,416.6,0.29,355.95,0.21,308.45,0.3,585.0,0.2,402.13,0.31,300.0
2026-01-07 05:19:00.742000+00:00,2026-01-07 05:18:58.208097+00:00,240.742,0.745,0.74,0.75,0.255,0.25,0.26,16.0,98.38,98.38,112.0,0.73,287.0,0.76,58.68,0.72,325.7,0.77,438.3,0.71,317.0,0.78,444.6,0.7,549.0,0.79,308.45,0.69,288.0,0.8,402.13,0.24,58.68,0.27,222.0,0.23,450.3,0.28,321.7,0.22,261.6,0.29,317.0,0.21,308.45,0.3,549.0,0.2,402.13,0.31,288.0
2026-01-07 05:19:01.839000+00:00,2026-01-07 05:18:59.215267+00:00,241.839,0.745,0.74,0.75,0.255,0.25,0.26,112.0,103.38,103.38,112.0,0.73,227.0,0.76,65.68,0.72,377.7,0.77,438.3,0.71,317.0,0.78,261.6,0.7,549.0,0.79,308.45,0.69,288.0,0.8,402.13,0.24,77.68,0.27,227.0,0.23,426.3,0.28,377.7,0.22,261.6,0.29,317.0,0.21,308.45,0.3,549.0,0.2,402.13,0.31,288.0
2026-01-07 05:19:02.842000+00:00,2026-01-07 05:19:00.212198+00:00,242.842,0.745,0.74,0.75,0.255,0.25,0.26,211.99,40.0,40.0,226.99,0.73,141.0,0.76,122.68,0.72,353.7,0.77,414.3,0.71,305.0,0.78,261.6,0.7,549.0,0.79,308.45,0.69,288.0,0.8,402.13,0.24,122.68,0.27,157.0,0.23,426.3,0.28,377.7,0.22,261.6,0.29,317.0,0.21,308.45,0.3,549.0,0.2,402.13,0.31,288.0
2026-01-07 05:19:03.830000+00:00,2026-01-07 05:19:01.234154+00:00,243.83,0.735,0.73,0.74,0.265,0.26,0.27,55.0,173.43,173.43,55.0,0.72,409.69,0.75,101.0,0.71,310.0,0.76,65.78,0.7,654.0,0.77,366.3,0.69,312.0,0.78,233.6,0.68,433.88,0.79,308.45,0.25,101.0,0.28,409.69,0.24,65.78,0.29,310.0,0.23,366.3,0.3,654.0,0.22,233.6,0.31,312.0,0.21,308.45,0.32,433.88
2026-01-07 05:19:04.894000+00:00,2026-01-07 05:19:02.254789+00:00,244.894,0.735,0.73,0.74,0.275,0.27,0.28,5.0,65.43,42.0,204.7,0.72,389.69,0.75,157.0,0.71,415.0,0.76,163.78,0.7,571.0,0.77,366.3,0.69,312.0,0.78,233.6,0.68,421.88,0.79,308.45,0.26,292.43,0.29,183.0,0.25,273.0,0.3,188.0,0.24,368.78,0.31,317.95,0.23,385.3,0.32,389.87,0.22,320.6,0.33,650.0
2026-01-07 05:19:05.894000+00:00,2026-01-07 05:19:03.261318+00:00,245.894,0.705,0.7,0.71,0.295,0.29,0.3,5.0,125.0,130.0,5.0,0.69,156.0,0.72,133.0,0.68,127.88,0.73,77.0,0.67,488.95,0.74,316.43,0.66,329.0,0.75,445.9,0.65,421.0,0.76,424.78,0.28,128.0,0.31,156.0,0.27,77.0,0.32,127.88,0.26,323.23,0.33,488.95,0.25,445.9,0.34,329.0,0.24,424.78,0.35,421.0
2026-01-07 05:19:06.890000+00:00,2026-01-07 05:19:04.264521+00:00,246.89,0.695,0.69,0.7,0.305,0.3,0.31,121.0,117.0,152.0,121.0,0.68,132.88,0.71,391.0,0.67,46.95,0.72,427.0,0.66,76.0,0.73,646.6,0.65,22.0,0.74,409.23,0.64,47.0,0.75,410.9,0.29,401.0,0.32,132.88,0.28,462.0,0.33,46.95,0.27,681.6,0.34,198.0,0.26,444.23,0.35,144.0,0.25,410.9,0.36,169.0
2026-01-07 05:19:07.738000+00:00,2026-01-07 05:19:05.272097+00:00,247.738,0.695,0.69,0.7,0.305,0.3,0.31,202.0,89.47,89.47,202.0,0.68,59.88,0.71,114.0,0.67,81.95,0.72,141.0,0.66,246.0,0.73,681.6,0.65,230.0,0.74,444.23,0.64,218.0,0.75,410.9,0.29,114.0,0.32,59.88,0.28,141.0,0.33,81.95,0.27,681.6,0.34,246.0,0.26,444.23,0.35,230.0,0.25,410.9,0.36,218.0
2026-01-07 05:19:08.864000+00:00,2026-01-07 05:19:06.263742+00:00,248.864,0.695,0.69,0.7,0.305,0.3,0.31,186.0,94.47,94.47,186.0,0.68,70.88,0.71,145.0,0.67,81.95,0.72,187.0,0.66,304.0,0.73,669.6,0.65,300.0,0.74,444.23,0.64,300.0,0.75,410.9,0.29,145.0,0.32,70.88,0.28,187.0,0.33,81.95,0.27,669.6,0.34,292.0,0.26,444.23,0.35,312.0,0.25,410.9,0.36,300.0
2026-01-07 05:19:09.838000+00:00,2026-01-07 05:19:07.253778+00:00,249.838,0.695,0.69,0.7,0.305,0.3,0.31,181.0,94.47,94.47,181.0,0.68,145.88,0.71,215.0,0.67,151.95,0.72,187.0,0.66,292.0,0.73,669.6,0.65,312.0,0.74,444.23,0.64,300.0,0.75,410.9,0.29,215.0,0.32,145.88,0.28,187.0,0.33,151.95,0.27,445.6,0.34,292.0,0.26,444.23,0.35,536.0,0.25,410.9,0.36,300.0
2026-01-07 05:19:10.767000+00:00,2026-01-07 05:19:08.259872+00:00,250.767,0.695,0.69,0.7,0.305,0.3,0.31,251.0,94.47,94.47,251.0,0.68,145.88,0.71,215.0,0.67,171.95,0.72,171.0,0.66,292.0,0.73,445.6,0.65,536.0,0.74,444.23,0.64,300.0,0.75,410.9,0.29,210.0,0.32,145.88,0.28,171.0,0.33,171.95,0.27,445.6,0.34,292.0,0.26,444.23,0.35,536.0,0.25,410.9,0.36,300.0
2026-01-07 05:19:11.627000+00:00,2026-01-07 05:19:09.268787+00:00,251.627,0.695,0.69,0.7,0.305,0.3,0.31,267.0,33.47,99.85,86.0,0.68,145.88,0.71,215.0,0.67,171.95,0.72,171.0,0.66,292.0,0.73,461.6,0.65,536.0,0.74,444.23,0.64,305.0,0.75,410.9,0.29,175.0,0.32,293.87,0.28,293.0,0.33,171.95,0.27,461.6,0.34,292.0,0.26,444.23,0.35,536.0,0.25,410.9,0.36,305.0
2026-01-07 05:19:12.838000+00:00,2026-01-07 05:19:10.273604+00:00,252.838,0.695,0.69,0.7,0.305,0.3,0.31,86.0,91.85,91.85,86.0,0.68,288.87,0.71,187.0,0.67,171.95,0.72,342.0,0.66,292.0,0.73,461.6,0.65,536.0,0.74,444.23,0.64,300.0,0.75,415.9,0.29,187.0,0.32,288.87,0.28,342.0,0.33,171.95,0.27,461.6,0.34,292.0,0.26,444.23,0.35,536.0,0.25,415.9,0.36,300.0
2026-01-07 05:19:13.920000+00:00,2026-01-07 05:19:11.282408+00:00,253.92,0.685,0.68,0.69,0.315,0.31,0.32,21.88,215.0,215.0,21.88,0.67,33.0,0.7,498.0,0.66,198.93,0.71,478.3,0.65,158.94,0.72,445.4,0.64,104.0,0.73,538.6,0.63,524.0,0.74,409.23,0.3,498.0,0.33,33.0,0.29,478.3,0.34,128.93,0.28,445.4,0.35,158.94,0.27,538.6,0.36,104.0,0.26,409.23,0.37,524.0
2026-01-07 05:19:14.766000+00:00,2026-01-07 05:19:12.284881+00:00,254.766,0.675,0.67,0.68,0.325,0.32,0.33,105.0,162.12,162.12,105.0,0.66,117.0,0.69,307.0,0.65,118.0,0.7,499.0,0.64,22.0,0.71,457.3,0.63,283.0,0.72,445.4,0.62,300.0,0.73,410.6,0.31,307.0,0.34,87.0,0.3,499.0,0.35,147.95,0.29,457.3,0.36,22.0,0.28,445.4,0.37,283.0,0.27,410.6,0.38,300.0
2026-01-07 05:19:15.873000+00:00,2026-01-07 05:19:13.290204+00:00,255.873,0.675,0.67,0.68,0.325,0.32,0.33,105.0,162.12,162.12,105.0,0.66,137.0,0.69,343.0,0.65,100.95,0.7,475.0,0.64,27.0,0.71,445.3,0.63,283.0,0.72,445.4,0.62,300.0,0.73,410.6,0.31,343.0,0.34,137.0,0.3,475.0,0.35,100.95,0.29,445.3,0.36,27.0,0.28,445.4,0.37,283.0,0.27,410.6,0.38,300.0
2026-01-07 05:19:16.929000+00:00,2026-01-07 05:19:14.295174+00:00,256.929,0.675,0.67,0.68,0.325,0.32,0.33,105.0,40.0,40.0,105.0,0.66,79.0,0.69,367.0,0.65,159.95,0.7,467.0,0.64,39.0,0.71,445.3,0.63,353.0,0.72,445.4,0.62,300.0,0.73,410.6,0.31,367.0,0.34,79.0,0.3,467.0,0.35,159.95,0.29,445.3,0.36,39.0,0.28,445.4,0.37,353.0,0.27,410.6,0.38,300.0
2026-01-07 05:19:17.787000+00:00,2026-01-07 05:19:15.301801+00:00,257.787,0.675,0.67,0.68,0.325,0.32,0.33,105.0,122.0,122.0,105.0,0.66,79.0,0.69,355.0,0.65,88.95,0.7,691.0,0.64,103.0,0.71,445.3,0.63,353.0,0.72,445.4,0.62,300.0,0.73,410.6,0.31,355.0,0.34,93.0,0.3,691.0,0.35,59.0,0.29,445.3,0.36,103.0,0.28,445.4,0.37,353.0,0.27,410.6,0.38,300.0
2026-01-07 05:19:18.927000+00:00,2026-01-07 05:19:16.308357+00:00,258.927,0.695,0.69,0.7,0.305,0.3,0.31,277.98,35.0,35.0,261.98,0.68,237.0,0.71,21.3,0.67,293.0,0.72,99.78,0.66,260.0,0.73,153.6,0.65,442.0,0.74,333.23,0.64,339.0,0.75,422.9,0.29,21.3,0.32,237.0,0.28,99.78,0.33,293.0,0.27,169.6,0.34,260.0,0.26,333.23,0.35,442.0,0.25,422.9,0.36,339.0
2026-01-07 05:19:19.954000+00:00,2026-01-07 05:19:17.315892+00:00,259.954,0.695,0.69,0.7,0.305,0.3,0.31,277.98,35.0,35.0,196.98,0.68,225.0,0.71,16.3,0.67,305.0,0.72,99.78,0.66,260.0,0.73,164.6,0.65,442.0,0.74,285.23,0.64,409.0,0.75,410.9,0.29,16.3,0.32,225.0,0.28,111.78,0.33,305.0,0.27,152.6,0.34,260.0,0.26,285.23,0.35,442.0,0.25,410.9,0.36,409.0
2026-01-07 05:19:20.957000+00:00,2026-01-07 05:19:18.321824+00:00,260.957,0.695,0.69,0.7,0.305,0.3,0.31,249.99,35.0,35.0,156.99,0.68,229.0,0.71,21.3,0.67,301.0,0.72,97.78,0.66,260.0,0.73,143.6,0.65,442.0,0.74,273.23,0.64,424.0,0.75,410.9,0.29,16.3,0.32,265.0,0.28,41.4,0.33,265.0,0.27,128.6,0.34,248.0,0.26,321.23,0.35,442.0,0.25,434.9,0.36,438.97
2026-01-07 05:19:21.945000+00:00,2026-01-07 05:19:19.342106+00:00,261.945,0.715,0.71,0.72,0.28500000000000003,0.28,0.29,103.61,110.0,110.0,103.61,0.7,161.0,0.73,239.99,0.69,122.0,0.74,290.23,0.68,247.0,0.75,471.94,0.67,277.0,0.76,519.78,0.66,285.0,0.77,486.3,0.27,239.99,0.3,161.0,0.26,290.23,0.31,122.0,0.25,471.94,0.32,247.0,0.24,519.78,0.33,277.0,0.23,486.3,0.34,285.0
2026-01-07 05:19:22.959000+00:00,2026-01-07 05:19:20.351192+00:00,262.959,0.715,0.71,0.72,0.28500000000000003,0.28,0.29,189.61,110.0,110.0,103.61,0.7,78.0,0.73,463.99,0.69,122.0,0.74,273.23,0.68,247.0,0.75,471.94,0.67,277.0,0.76,519.78,0.66,285.0,0.77,486.3,0.27,475.99,0.3,161.0,0.26,273.23,0.31,122.0,0.25,471.94,0.32,247.0,0.24,519.78,0.33,277.0,0.23,486.3,0.34,285.0
2026-01-07 05:19:23.955000+00:00,2026-01-07 05:19:21.357945+00:00,263.955,0.72,0.71,0.73,0.28,0.27,0.29,112.61,447.99,447.99,112.61,0.7,347.95,0.74,186.23,0.69,221.0,0.75,471.94,0.68,342.0,0.76,519.78,0.67,347.0,0.77,521.3,0.66,456.0,0.78,456.6,0.26,65.23,0.3,408.95,0.25,167.94,0.31,282.0,0.24,336.78,0.32,342.0,0.23,521.3,0.33,347.0,0.22,456.6,0.34,456.0
2026-01-07 05:19:24.999000+00:00,2026-01-07 05:19:22.372294+00:00,264.999,0.72,0.71,0.73,0.28,0.27,0.29,107.61,442.51,442.51,98.61,0.7,408.95,0.74,81.23,0.69,282.0,0.75,167.94,0.68,354.0,0.76,336.78,0.67,335.0,0.77,521.3,0.66,456.0,0.78,456.6,0.26,81.23,0.3,373.95,0.25,167.94,0.31,272.0,0.24,336.78,0.32,319.0,0.23,521.3,0.33,300.0,0.22,456.6,0.34,421.0
2026-01-07 05:19:26.921000+00:00,2026-01-07 05:19:24.385014+00:00,266.921,0.735,0.73,0.74,0.265,0.26,0.27,201.19,149.0,149.0,201.19,0.72,212.95,0.75,44.04,0.71,609.0,0.76,108.68,0.7,347.95,0.77,147.3,0.69,377.0,0.78,92.6,0.68,416.0,0.79,313.45,0.25,44.04,0.28,212.95,0.24,108.68,0.29,609.0,0.23,147.3,0.3,347.95,0.22,92.6,0.31,377.0,0.21,313.45,0.32,416.0
2026-01-07 05:19:27.994000+00:00,2026-01-07 05:19:25.395931+00:00,267.994,0.735,0.73,0.74,0.265,0.26,0.27,35.0,173.78,113.78,35.0,0.72,26.0,0.75,44.04,0.71,389.0,0.76,138.68,0.7,305.95,0.77,346.3,0.69,295.0,0.78,491.6,0.68,358.0,0.79,383.45,0.25,80.04,0.28,26.0,0.24,138.68,0.29,401.0,0.23,346.3,0.3,317.95,0.22,491.6,0.31,319.0,0.21,383.45,0.32,358.0
2026-01-07 05:19:28.760000+00:00,2026-01-07 05:19:26.401043+00:00,268.76,0.735,0.73,0.74,0.265,0.26,0.27,35.0,85.78,85.78,35.0,0.72,123.0,0.75,96.04,0.71,394.0,0.76,186.68,0.7,313.95,0.77,346.3,0.69,287.0,0.78,491.6,0.68,334.0,0.79,383.45,0.25,96.04,0.28,123.0,0.24,186.68,0.29,394.0,0.23,346.3,0.3,313.95,0.22,491.6,0.31,287.0,0.21,383.45,0.32,334.0
2026-01-07 05:19:30.036000+00:00,2026-01-07 05:19:27.410645+00:00,270.036,0.735,0.73,0.74,0.265,0.26,0.27,35.0,85.78,101.78,35.0,0.72,108.0,0.75,214.04,0.71,385.0,0.76,208.68,0.7,301.95,0.77,416.3,0.69,299.0,0.78,491.6,0.68,351.0,0.79,383.45,0.25,198.04,0.28,123.0,0.24,208.68,0.29,382.0,0.23,416.3,0.3,301.95,0.22,491.6,0.31,299.0,0.21,383.45,0.32,351.0
2026-01-07 05:19:31.056000+00:00,2026-01-07 05:19:28.435821+00:00,271.056,0.735,0.73,0.74,0.265,0.26,0.27,31.29,101.78,101.78,31.29,0.72,123.0,0.75,198.04,0.71,382.0,0.76,208.68,0.7,313.95,0.77,416.3,0.69,357.0,0.78,491.6,0.68,421.0,0.79,383.45,0.25,198.04,0.28,123.0,0.24,208.68,0.29,382.0,0.23,416.3,0.3,313.95,0.22,491.6,0.31,357.0,0.21,383.45,0.32,421.0
2026-01-07 05:19:32.084000+00:00,2026-01-07 05:19:29.446430+00:00,272.084,0.715,0.71,0.72,0.28500000000000003,0.28,0.29,16.0,75.0,113.99,16.0,0.7,120.0,0.73,207.0,0.69,160.0,0.74,452.78,0.68,111.95,0.75,453.04,0.67,301.0,0.76,458.78,0.66,265.0,0.77,521.3,0.27,223.0,0.3,120.0,0.26,414.0,0.31,175.0,0.25,453.04,0.32,97.0,0.24,519.78,0.33,301.0,0.23,521.3,0.34,265.0
2026-01-07 05:19:33.037000+00:00,2026-01-07 05:19:30.436309+00:00,273.037,0.745,0.74,0.75,0.255,0.25,0.26,142.0,49.04,49.04,124.0,0.73,198.0,0.76,173.68,0.72,94.0,0.77,362.3,0.71,272.0,0.78,563.6,0.7,248.0,0.79,383.45,0.69,487.0,0.8,482.13,0.24,98.68,0.27,198.0,0.23,292.3,0.28,94.0,0.22,563.6,0.29,272.0,0.21,383.45,0.3,248.0,0.2,482.13,0.31,487.0
2026-01-07 05:19:34.078000+00:00,2026-01-07 05:19:31.446065+00:00,274.078,0.745,0.74,0.75,0.255,0.25,0.26,109.0,49.04,49.04,124.0,0.73,163.0,0.76,98.68,0.72,241.0,0.77,280.3,0.71,267.0,0.78,563.6,0.7,248.0,0.79,395.45,0.69,487.0,0.8,477.13,0.24,98.68,0.27,163.0,0.23,280.3,0.28,206.0,0.22,563.6,0.29,257.0,0.21,395.45,0.3,248.0,0.2,477.13,0.31,487.0
2026-01-07 05:19:35.067000+00:00,2026-01-07 05:19:32.437899+00:00,275.067,0.745,0.74,0.75,0.255,0.25,0.26,248.0,14.04,14.04,243.0,0.73,309.0,0.76,112.68,0.72,260.0,0.77,195.3,0.71,374.0,0.78,340.6,0.7,330.0,0.79,313.45,0.69,419.0,0.8,442.13,0.24,107.68,0.27,309.0,0.23,195.3,0.28,260.0,0.22,345.6,0.29,374.0,0.21,313.45,0.3,330.0,0.2,442.13,0.31,419.0
2026-01-07 05:19:36.076000+00:00,2026-01-07 05:19:33.447592+00:00,276.076,0.745,0.74,0.75,0.255,0.25,0.26,243.0,14.04,14.04,238.0,0.73,309.0,0.76,88.68,0.72,284.0,0.77,195.3,0.71,362.0,0.78,364.6,0.7,318.0,0.79,313.45,0.69,419.0,0.8,442.13,0.24,88.68,0.27,309.0,0.23,195.3,0.28,284.0,0.22,364.6,0.29,362.0,0.21,313.45,0.3,318.0,0.2,442.13,0.31,419.0
2026-01-07 05:19:37.976000+00:00,2026-01-07 05:19:35.459491+00:00,277.976,0.745,0.74,0.75,0.255,0.25,0.26,231.0,14.04,14.04,231.0,0.73,309.0,0.76,157.0,0.72,272.0,0.77,270.3,0.71,374.0,0.78,423.6,0.7,330.0,0.79,358.45,0.69,419.0,0.8,517.13,0.24,157.0,0.27,309.0,0.23,270.3,0.28,272.0,0.22,423.6,0.29,374.0,0.21,358.45,0.3,330.0,0.2,517.13,0.31,419.0
2026-01-07 05:19:39.861000+00:00,2026-01-07 05:19:37.472788+00:00,279.861,0.78,0.77,0.79,0.22,0.21,0.23,153.0,177.22,177.22,153.0,0.76,187.9,0.8,195.0,0.75,304.0,0.81,112.4,0.74,277.0,0.82,507.8,0.73,292.0,0.83,508.19,0.72,346.0,0.84,493.69,0.2,195.0,0.24,182.9,0.19,112.4,0.25,304.0,0.18,507.8,0.26,272.0,0.17,508.19,0.27,292.0,0.16,493.69,0.28,346.0
2026-01-07 05:19:41.967000+00:00,2026-01-07 05:19:39.503258+00:00,281.967,0.785,0.78,0.79,0.215,0.21,0.22,339.0,10.23,10.23,334.0,0.77,402.0,0.8,138.0,0.76,260.0,0.81,86.4,0.75,369.0,0.82,133.8,0.74,451.0,0.83,109.19,0.73,660.0,0.84,493.69,0.2,138.0,0.23,402.0,0.19,74.4,0.24,260.0,0.18,133.8,0.25,369.0,0.17,109.19,0.26,451.0,0.16,493.69,0.27,648.0
2026-01-07 05:19:43.034000+00:00,2026-01-07 05:19:40.523171+00:00,283.034,0.785,0.78,0.79,0.215,0.21,0.22,453.0,5.23,5.23,448.0,0.77,305.0,0.8,95.0,0.76,260.0,0.81,110.4,0.75,490.0,0.82,122.8,0.74,451.0,0.83,358.19,0.73,424.0,0.84,94.69,0.2,90.0,0.23,305.0,0.19,110.4,0.24,260.0,0.18,122.8,0.25,490.0,0.17,358.19,0.26,451.0,0.16,94.69,0.27,424.0
2026-01-07 05:19:44.897000+00:00,2026-01-07 05:19:42.537530+00:00,284.897,0.805,0.8,0.81,0.195,0.19,0.2,35.0,219.99,219.99,35.0,0.79,111.0,0.82,159.8,0.78,264.0,0.83,428.19,0.77,443.0,0.84,164.69,0.76,260.0,0.85,530.49,0.75,440.0,0.86,516.4,0.18,159.8,0.21,111.0,0.17,428.19,0.22,264.0,0.16,164.69,0.23,443.0,0.15,530.49,0.24,260.0,0.14,516.4,0.25,440.0
2026-01-07 05:19:46.128000+00:00,2026-01-07 05:19:43.541499+00:00,286.128,0.8,0.79,0.81,0.2,0.19,0.21,136.0,257.99,257.99,120.0,0.78,365.0,0.82,169.8,0.77,310.0,0.83,440.19,0.76,260.0,0.84,189.69,0.75,475.0,0.85,530.49,0.74,404.0,0.86,481.4,0.18,169.8,0.22,279.0,0.17,440.19,0.23,419.0,0.16,189.69,0.24,272.0,0.15,530.49,0.25,475.0,0.14,481.4,0.26,404.0
2026-01-07 05:19:47.001000+00:00,2026-01-07 05:19:44.547696+00:00,287.001,0.8,0.79,0.81,0.2,0.19,0.21,120.0,245.99,245.99,120.0,0.78,279.0,0.82,181.8,0.77,419.0,0.83,440.19,0.76,508.0,0.84,189.69,0.75,463.0,0.85,530.49,0.74,504.0,0.86,481.4,0.18,181.8,0.22,279.0,0.17,440.19,0.23,419.0,0.16,189.69,0.24,508.0,0.15,530.49,0.25,463.0,0.14,481.4,0.26,504.0
2026-01-07 05:19:48.047000+00:00,2026-01-07 05:19:45.569624+00:00,288.047,0.8,0.79,0.81,0.2,0.19,0.21,135.0,245.99,245.99,135.0,0.78,423.0,0.82,181.8,0.77,280.0,0.83,440.19,0.76,508.0,0.84,189.69,0.75,463.0,0.85,530.49,0.74,504.0,0.86,481.4,0.18,181.8,0.22,423.0,0.17,440.19,0.23,280.0,0.16,189.69,0.24,508.0,0.15,530.49,0.25,463.0,0.14,481.4,0.26,504.0
2026-01-07 05:19:49.210000+00:00,2026-01-07 05:19:46.590353+00:00,289.21,0.8,0.79,0.81,0.195,0.19,0.2,285.0,209.99,15.0,326.77,0.78,269.0,0.82,181.8,0.77,272.0,0.83,440.19,0.76,484.0,0.84,189.69,0.75,456.0,0.85,530.49,0.74,504.0,0.86,481.4,0.18,23.8,0.21,322.95,0.17,542.18,0.22,358.0,0.16,212.69,0.23,330.0,0.15,554.49,0.24,330.0,0.14,516.4,0.25,409.0
2026-01-07 05:19:50.238000+00:00,2026-01-07 05:19:47.598083+00:00,290.238,0.81,0.8,0.82,0.19,0.18,0.2,325.77,105.0,105.0,306.77,0.79,264.95,0.83,349.19,0.78,402.0,0.84,200.69,0.77,362.0,0.85,226.49,0.76,330.0,0.86,516.4,0.75,404.0,0.87,534.6,0.17,373.19,0.21,288.95,0.16,188.69,0.22,402.0,0.15,226.49,0.23,362.0,0.14,516.4,0.24,330.0,0.13,534.6,0.25,404.0
2026-01-07 05:19:51.840000+00:00,2026-01-07 05:19:49.626250+00:00,291.84,0.815,0.81,0.82,0.185,0.18,0.19,100.0,20.0,10.0,100.0,0.8,273.0,0.83,418.99,0.79,280.95,0.84,200.69,0.78,386.0,0.85,226.49,0.77,362.0,0.86,516.4,0.76,330.0,0.87,534.6,0.17,418.99,0.2,273.0,0.16,216.69,0.21,399.95,0.15,226.49,0.22,272.0,0.14,516.4,0.23,362.0,0.13,534.6,0.24,330.0
2026-01-07 05:19:53.213000+00:00,2026-01-07 05:19:50.647814+00:00,293.213,0.815,0.81,0.82,0.185,0.18,0.19,35.0,136.0,136.0,35.0,0.8,282.78,0.83,144.0,0.79,433.0,0.84,176.69,0.78,472.0,0.85,226.49,0.77,374.0,0.86,333.4,0.76,428.0,0.87,534.6,0.17,144.0,0.2,282.78,0.16,176.69,0.21,433.0,0.15,226.49,0.22,472.0,0.14,333.4,0.23,374.0,0.13,534.6,0.24,428.0
