timestamp,seconds,mid,bid,ask,asset
2026-01-07 06:00:00+00:00,0.0,3248.33,3248.14,3248.46,ETH
2026-01-07 06:00:01+00:00,1.0,3248.35,3248.22,3248.43,ETH
2026-01-07 06:00:02+00:00,2.0,3248.37,3248.2,3248.41,ETH
2026-01-07 06:00:03+00:00,3.0,3248.37,3248.21,3248.41,ETH
2026-01-07 06:00:04+00:00,4.0,3248.35,3248.22,3248.39,ETH
2026-01-07 06:00:05+00:00,5.0,3248.36,3248.26,3248.4,ETH
2026-01-07 06:00:06+00:00,6.0,3248.38,3248.29,3248.41,ETH
2026-01-07 06:00:07+00:00,7.0,3248.36,3248.29,3248.42,ETH
2026-01-07 06:00:08+00:00,8.0,3248.35,3248.3,3248.43,ETH
2026-01-07 06:00:09+00:00,9.0,3248.35,3248.29,3248.42,ETH
2026-01-07 06:00:10+00:00,10.0,3248.35,3248.24,3248.43,ETH
2026-01-07 06:00:11+00:00,11.0,3248.35,3248.24,3248.43,ETH
2026-01-07 06:00:12+00:00,12.0,3248.35,3248.23,3248.47,ETH
2026-01-07 06:00:13+00:00,13.0,3248.35,3248.22,3248.39,ETH
2026-01-07 06:00:14+00:00,14.0,3248.32,3248.22,3248.5,ETH
2026-01-07 06:00:15+00:00,15.0,3248.34,3248.22,3248.49,ETH
2026-01-07 06:00:16+00:00,16.0,3248.25,3248.16,3248.63,ETH
2026-01-07 06:00:17+00:00,17.0,3248.2,3248.04,3248.51,ETH
2026-01-07 06:00:18+00:00,18.0,3248.16,3247.98,3248.5,ETH
2026-01-07 06:00:19+00:00,19.0,3248.16,3247.98,3248.5,ETH
2026-01-07 06:00:20+00:00,20.0,3248.16,3247.98,3248.5,ETH
2026-01-07 06:00:21+00:00,21.0,3248.03,3247.91,3248.38,ETH
2026-01-07 06:00:22+00:00,22.0,3247.88,3247.83,3248.2,ETH
2026-01-07 06:00:23+00:00,23.0,3247.83,3247.83,3248.1,ETH
2026-01-07 06:00:24+00:00,24.0,3247.83,3247.83,3248.04,ETH
2026-01-07 06:00:25+00:00,25.0,3247.83,3247.83,3248.05,ETH
2026-01-07 06:00:26+00:00,26.0,3247.83,3247.82,3248.05,ETH
2026-01-07 06:00:27+00:00,27.0,3247.83,3247.82,3248.04,ETH
2026-01-07 06:00:28+00:00,28.0,3247.83,3247.82,3248.04,ETH
2026-01-07 06:00:29+00:00,29.0,3247.83,3247.82,3248.07,ETH
2026-01-07 06:00:30+00:00,30.0,3247.83,3247.82,3248.1,ETH
2026-01-07 06:00:31+00:00,31.0,3247.83,3247.82,3248.11,ETH
2026-01-07 06:00:32+00:00,32.0,3247.83,3247.82,3248.11,ETH
2026-01-07 06:00:33+00:00,33.0,3247.86,3247.85,3248.1,ETH
2026-01-07 06:00:34+00:00,34.0,3247.86,3247.85,3248.04,ETH
2026-01-07 06:00:35+00:00,35.0,3247.86,3247.85,3247.96,ETH
2026-01-07 06:00:36+00:00,36.0,3247.93,3247.89,3248.05,ETH
2026-01-07 06:00:37+00:00,37.0,3247.93,3247.88,3248.03,ETH
2026-01-07 06:00:38+00:00,38.0,3247.93,3247.87,3248.14,ETH
2026-01-07 06:00:39+00:00,39.0,3247.87,3247.86,3248.13,ETH
2026-01-07 06:00:40+00:00,40.0,3247.87,3247.81,3247.97,ETH
2026-01-07 06:00:41+00:00,41.0,3247.87,3247.83,3247.98,ETH
2026-01-07 06:00:42+00:00,42.0,3247.89,3247.82,3247.98,ETH
2026-01-07 06:00:43+00:00,43.0,3247.89,3247.81,3247.94,ETH
2026-01-07 06:00:44+00:00,44.0,3247.87,3247.83,3247.9,ETH
2026-01-07 06:00:45+00:00,45.0,3247.83,3247.8,3247.89,ETH
2026-01-07 06:00:46+00:00,46.0,3247.86,3247.81,3247.9,ETH
2026-01-07 06:00:47+00:00,47.0,3247.85,3247.81,3247.89,ETH
2026-01-07 06:00:48+00:00,48.0,3247.84,3247.81,3247.92,ETH
2026-01-07 06:00:49+00:00,49.0,3247.83,3247.79,3247.92,ETH
2026-01-07 06:00:50+00:00,50.0,3247.83,3247.79,3247.91,ETH
2026-01-07 06:00:51+00:00,51.0,3247.82,3247.78,3247.91,ETH
2026-01-07 06:00:52+00:00,52.0,3247.8,3247.77,3247.91,ETH
2026-01-07 06:00:53+00:00,53.0,3247.9,3247.86,3247.98,ETH
2026-01-07 06:00:54+00:00,54.0,3247.91,3247.87,3247.95,ETH
2026-01-07 06:00:55+00:00,55.0,3247.8,3247.75,3247.92,ETH
2026-01-07 06:00:56+00:00,56.0,3247.81,3247.77,3247.89,ETH
2026-01-07 06:00:57+00:00,57.0,3247.83,3247.79,3247.89,ETH
2026-01-07 06:00:58+00:00,58.0,3247.62,3247.59,3247.72,ETH
2026-01-07 06:00:59+00:00,59.0,3247.33,3247.19,3247.34,ETH
2026-01-07 06:01:00+00:00,60.0,3247.2,3247.13,3247.31,ETH
2026-01-07 06:01:01+00:00,61.0,3247.2,3247.13,3247.33,ETH
2026-01-07 06:01:02+00:00,62.0,3247.2,3247.13,3247.37,ETH
2026-01-07 06:01:03+00:00,63.0,3247.2,3247.14,3247.4,ETH
2026-01-07 06:01:04+00:00,64.0,3247.2,3247.13,3247.36,ETH
2026-01-07 06:01:05+00:00,65.0,3247.2,3247.11,3247.33,ETH
2026-01-07 06:01:06+00:00,66.0,3247.13,3247.08,3247.33,ETH
2026-01-07 06:01:07+00:00,67.0,3247.05,3247.05,3247.33,ETH
2026-01-07 06:01:08+00:00,68.0,3247.05,3247.05,3247.31,ETH
2026-01-07 06:01:09+00:00,69.0,3247.02,3247.02,3247.28,ETH
2026-01-07 06:01:10+00:00,70.0,3246.99,3246.98,3247.25,ETH
2026-01-07 06:01:11+00:00,71.0,3246.98,3246.97,3247.23,ETH
2026-01-07 06:01:12+00:00,72.0,3246.97,3246.96,3247.22,ETH
2026-01-07 06:01:13+00:00,73.0,3246.96,3246.93,3247.11,ETH
2026-01-07 06:01:14+00:00,74.0,3246.95,3246.93,3247.15,ETH
2026-01-07 06:01:15+00:00,75.0,3247.0,3246.99,3247.32,ETH
2026-01-07 06:01:16+00:00,76.0,3247.04,3247.03,3247.31,ETH
2026-01-07 06:01:17+00:00,77.0,3247.12,3247.1,3247.4,ETH
2026-01-07 06:01:18+00:00,78.0,3247.27,3247.19,3247.52,ETH
2026-01-07 06:01:19+00:00,79.0,3247.33,3247.25,3247.47,ETH
2026-01-07 06:01:20+00:00,80.0,3247.34,3247.28,3247.42,ETH
2026-01-07 06:01:21+00:00,81.0,3247.22,3247.19,3247.45,ETH
2026-01-07 06:01:22+00:00,82.0,3247.19,3247.18,3247.42,ETH
2026-01-07 06:01:23+00:00,83.0,3247.13,3247.12,3247.42,ETH
2026-01-07 06:01:24+00:00,84.0,3247.12,3247.1,3247.32,ETH
2026-01-07 06:01:25+00:00,85.0,3246.65,3246.62,3246.74,ETH
2026-01-07 06:01:26+00:00,86.0,3246.62,3246.58,3246.71,ETH
2026-01-07 06:01:27+00:00,87.0,3246.71,3246.68,3246.77,ETH
2026-01-07 06:01:28+00:00,88.0,3246.69,3246.65,3246.72,ETH
2026-01-07 06:01:29+00:00,89.0,3246.68,3246.64,3246.72,ETH
2026-01-07 06:01:30+00:00,90.0,3246.68,3246.64,3246.71,ETH
2026-01-07 06:01:31+00:00,91.0,3246.64,3246.61,3246.71,ETH
2026-01-07 06:01:32+00:00,92.0,3246.57,3246.52,3246.69,ETH
2026-01-07 06:01:33+00:00,93.0,3246.45,3246.43,3246.6,ETH
2026-01-07 06:01:34+00:00,94.0,3246.43,3246.37,3246.59,ETH
2026-01-07 06:01:35+00:00,95.0,3246.58,3246.52,3246.68,ETH
2026-01-07 06:01:36+00:00,96.0,3246.69,3246.67,3246.8,ETH
2026-01-07 06:01:37+00:00,97.0,3246.69,3246.69,3246.87,ETH
2026-01-07 06:01:38+00:00,98.0,3246.69,3246.69,3246.83,ETH
2026-01-07 06:01:39+00:00,99.0,3246.69,3246.69,3246.85,ETH
2026-01-07 06:01:40+00:00,100.0,3246.68,3246.67,3246.89,ETH
2026-01-07 06:01:41+00:00,101.0,3246.64,3246.59,3246.76,ETH
2026-01-07 06:01:42+00:00,102.0,3246.63,3246.57,3246.79,ETH
2026-01-07 06:01:43+00:00,103.0,3246.62,3246.58,3246.93,ETH
2026-01-07 06:01:44+00:00,104.0,3246.59,3246.57,3246.92,ETH
2026-01-07 06:01:45+00:00,105.0,3246.57,3246.57,3247.01,ETH
2026-01-07 06:01:46+00:00,106.0,3246.57,3246.56,3247.01,ETH
2026-01-07 06:01:47+00:00,107.0,3246.64,3246.6,3246.87,ETH
2026-01-07 06:01:48+00:00,108.0,3246.61,3246.58,3246.8,ETH
2026-01-07 06:01:49+00:00,109.0,3246.58,3246.57,3246.73,ETH
2026-01-07 06:01:50+00:00,110.0,3246.58,3246.57,3246.73,ETH
2026-01-07 06:01:51+00:00,111.0,3246.58,3246.57,3246.74,ETH
2026-01-07 06:01:52+00:00,112.0,3246.57,3246.57,3246.74,ETH
2026-01-07 06:01:53+00:00,113.0,3246.72,3246.7,3246.93,ETH
2026-01-07 06:01:54+00:00,114.0,3246.83,3246.83,3246.95,ETH
2026-01-07 06:01:55+00:00,115.0,3247.0,3246.85,3247.07,ETH
2026-01-07 06:01:56+00:00,116.0,3247.4,3247.33,3247.53,ETH
2026-01-07 06:01:57+00:00,117.0,3247.49,3247.49,3247.68,ETH
2026-01-07 06:01:58+00:00,118.0,3247.55,3247.49,3247.73,ETH
2026-01-07 06:01:59+00:00,119.0,3247.55,3247.49,3247.73,ETH
2026-01-07 06:02:00+00:00,120.0,3247.56,3247.49,3247.73,ETH
2026-01-07 06:02:01+00:00,121.0,3247.79,3247.76,3248.06,ETH
2026-01-07 06:02:02+00:00,122.0,3247.91,3247.78,3247.95,ETH
2026-01-07 06:02:03+00:00,123.0,3247.93,3247.76,3247.96,ETH
2026-01-07 06:02:04+00:00,124.0,3247.94,3247.85,3248.05,ETH
2026-01-07 06:02:05+00:00,125.0,3247.95,3247.93,3248.14,ETH
2026-01-07 06:02:06+00:00,126.0,3247.96,3247.93,3248.17,ETH
2026-01-07 06:02:07+00:00,127.0,3248.23,3248.21,3248.29,ETH
2026-01-07 06:02:08+00:00,128.0,3248.33,3248.33,3248.39,ETH
2026-01-07 06:02:09+00:00,129.0,3248.41,3248.35,3248.47,ETH
2026-01-07 06:02:10+00:00,130.0,3248.41,3248.38,3248.51,ETH
2026-01-07 06:02:11+00:00,131.0,3248.41,3248.38,3248.5,ETH
2026-01-07 06:02:12+00:00,132.0,3248.41,3248.36,3248.47,ETH
2026-01-07 06:02:13+00:00,133.0,3248.41,3248.35,3248.46,ETH
2026-01-07 06:02:14+00:00,134.0,3248.41,3248.35,3248.46,ETH
2026-01-07 06:02:15+00:00,135.0,3248.41,3248.35,3248.46,ETH
2026-01-07 06:02:16+00:00,136.0,3248.41,3248.38,3248.54,ETH
2026-01-07 06:02:17+00:00,137.0,3248.43,3248.39,3248.62,ETH
2026-01-07 06:02:18+00:00,138.0,3248.45,3248.38,3248.63,ETH
2026-01-07 06:02:19+00:00,139.0,3248.5,3248.38,3248.63,ETH
2026-01-07 06:02:21+00:00,141.0,3248.55,3248.38,3248.59,ETH
2026-01-07 06:02:22+00:00,142.0,3248.54,3248.38,3248.66,ETH
2026-01-07 06:02:23+00:00,143.0,3248.51,3248.38,3248.66,ETH
2026-01-07 06:02:24+00:00,144.0,3248.53,3248.43,3248.67,ETH
2026-01-07 06:02:25+00:00,145.0,3248.53,3248.45,3248.68,ETH
2026-01-07 06:02:26+00:00,146.0,3248.56,3248.49,3248.72,ETH
2026-01-07 06:02:27+00:00,147.0,3248.64,3248.53,3248.67,ETH
2026-01-07 06:02:28+00:00,148.0,3248.86,3248.69,3248.92,ETH
2026-01-07 06:02:29+00:00,149.0,3248.86,3248.77,3248.96,ETH
2026-01-07 06:02:30+00:00,150.0,3248.88,3248.79,3248.91,ETH
2026-01-07 06:02:31+00:00,151.0,3248.87,3248.74,3248.91,ETH
2026-01-07 06:02:32+00:00,152.0,3248.88,3248.84,3249.02,ETH
2026-01-07 06:02:33+00:00,153.0,3248.93,3248.88,3249.09,ETH
2026-01-07 06:02:34+00:00,154.0,3248.94,3248.89,3249.09,ETH
2026-01-07 06:02:35+00:00,155.0,3248.94,3248.89,3249.09,ETH
2026-01-07 06:02:36+00:00,156.0,3249.06,3248.92,3249.09,ETH
2026-01-07 06:02:37+00:00,157.0,3249.09,3248.93,3249.12,ETH
2026-01-07 06:02:38+00:00,158.0,3249.08,3248.94,3249.12,ETH
2026-01-07 06:02:39+00:00,159.0,3249.08,3248.94,3249.11,ETH
2026-01-07 06:02:40+00:00,160.0,3249.08,3248.99,3249.12,ETH
2026-01-07 06:02:41+00:00,161.0,3249.08,3248.99,3249.11,ETH
2026-01-07 06:02:42+00:00,162.0,3249.08,3248.94,3249.09,ETH
2026-01-07 06:02:43+00:00,163.0,3249.05,3248.94,3249.09,ETH
2026-01-07 06:02:44+00:00,164.0,3248.97,3248.95,3249.13,ETH
2026-01-07 06:02:45+00:00,165.0,3248.98,3248.96,3249.13,ETH
2026-01-07 06:02:46+00:00,166.0,3248.99,3248.96,3249.13,ETH
2026-01-07 06:02:47+00:00,167.0,3248.98,3248.96,3249.11,ETH
2026-01-07 06:02:48+00:00,168.0,3248.98,3248.96,3249.19,ETH
2026-01-07 06:02:49+00:00,169.0,3248.98,3248.96,3249.17,ETH
2026-01-07 06:02:50+00:00,170.0,3248.98,3248.94,3249.18,ETH
2026-01-07 06:02:51+00:00,171.0,3248.98,3248.94,3249.13,ETH
2026-01-07 06:02:52+00:00,172.0,3248.94,3248.92,3248.97,ETH
2026-01-07 06:02:53+00:00,173.0,3248.63,3248.63,3248.74,ETH
2026-01-07 06:02:54+00:00,174.0,3248.72,3248.64,3248.77,ETH
2026-01-07 06:02:55+00:00,175.0,3248.63,3248.63,3248.73,ETH
2026-01-07 06:02:56+00:00,176.0,3248.7,3248.67,3248.79,ETH
2026-01-07 06:02:57+00:00,177.0,3248.7,3248.65,3248.79,ETH
2026-01-07 06:02:58+00:00,178.0,3248.7,3248.65,3248.79,ETH
2026-01-07 06:02:59+00:00,179.0,3248.7,3248.65,3248.79,ETH
2026-01-07 06:03:00+00:00,180.0,3248.7,3248.65,3248.76,ETH
2026-01-07 06:03:01+00:00,181.0,3248.7,3248.64,3248.8,ETH
2026-01-07 06:03:02+00:00,182.0,3248.5,3248.49,3248.62,ETH
2026-01-07 06:03:03+00:00,183.0,3248.51,3248.48,3248.65,ETH
2026-01-07 06:03:04+00:00,184.0,3248.47,3248.45,3248.53,ETH
2026-01-07 06:03:05+00:00,185.0,3248.47,3248.45,3248.57,ETH
2026-01-07 06:03:06+00:00,186.0,3248.46,3248.44,3248.48,ETH
2026-01-07 06:03:07+00:00,187.0,3248.47,3248.43,3248.48,ETH
2026-01-07 06:03:08+00:00,188.0,3248.47,3248.45,3248.51,ETH
2026-01-07 06:03:09+00:00,189.0,3248.51,3248.47,3248.56,ETH
2026-01-07 06:03:10+00:00,190.0,3248.53,3248.49,3248.57,ETH
2026-01-07 06:03:11+00:00,191.0,3248.54,3248.49,3248.58,ETH
2026-01-07 06:03:12+00:00,192.0,3248.48,3248.44,3248.51,ETH
2026-01-07 06:03:13+00:00,193.0,3248.45,3248.39,3248.46,ETH
2026-01-07 06:03:14+00:00,194.0,3248.38,3248.38,3248.45,ETH
2026-01-07 06:03:15+00:00,195.0,3248.44,3248.42,3248.49,ETH
2026-01-07 06:03:16+00:00,196.0,3248.44,3248.43,3248.51,ETH
2026-01-07 06:03:17+00:00,197.0,3248.44,3248.43,3248.52,ETH
2026-01-07 06:03:18+00:00,198.0,3248.44,3248.43,3248.52,ETH
2026-01-07 06:03:19+00:00,199.0,3248.43,3248.43,3248.62,ETH
2026-01-07 06:03:20+00:00,200.0,3248.5,3248.45,3248.64,ETH
2026-01-07 06:03:21+00:00,201.0,3248.49,3248.45,3248.65,ETH
2026-01-07 06:03:22+00:00,202.0,3248.5,3248.46,3248.66,ETH
2026-01-07 06:03:23+00:00,203.0,3248.59,3248.49,3248.69,ETH
2026-01-07 06:03:24+00:00,204.0,3248.65,3248.52,3248.76,ETH
2026-01-07 06:03:25+00:00,205.0,3248.72,3248.6,3248.88,ETH
2026-01-07 06:03:26+00:00,206.0,3248.8,3248.72,3248.97,ETH
2026-01-07 06:03:27+00:00,207.0,3248.86,3248.78,3248.97,ETH
2026-01-07 06:03:28+00:00,208.0,3248.9,3248.8,3248.96,ETH
2026-01-07 06:03:29+00:00,209.0,3248.85,3248.8,3248.96,ETH
2026-01-07 06:03:30+00:00,210.0,3248.82,3248.8,3249.06,ETH
2026-01-07 06:03:31+00:00,211.0,3248.94,3248.81,3249.14,ETH
2026-01-07 06:03:32+00:00,212.0,3248.95,3248.82,3249.05,ETH
2026-01-07 06:03:33+00:00,213.0,3248.9,3248.83,3248.99,ETH
2026-01-07 06:03:34+00:00,214.0,3249.0,3248.89,3249.08,ETH
2026-01-07 06:03:35+00:00,215.0,3248.99,3248.92,3249.11,ETH
2026-01-07 06:03:36+00:00,216.0,3248.93,3248.88,3249.08,ETH
2026-01-07 06:03:37+00:00,217.0,3248.95,3248.88,3249.08,ETH
2026-01-07 06:03:38+00:00,218.0,3248.89,3248.8,3249.08,ETH
2026-01-07 06:03:39+00:00,219.0,3248.63,3248.56,3248.78,ETH
2026-01-07 06:03:40+00:00,220.0,3248.27,3248.25,3248.39,ETH
2026-01-07 06:03:41+00:00,221.0,3248.05,3248.05,3248.19,ETH
2026-01-07 06:03:42+00:00,222.0,3248.0,3247.99,3248.07,ETH
2026-01-07 06:03:43+00:00,223.0,3248.0,3247.99,3248.07,ETH
2026-01-07 06:03:44+00:00,224.0,3248.0,3247.99,3248.07,ETH
2026-01-07 06:03:45+00:00,225.0,3248.0,3247.99,3248.08,ETH
2026-01-07 06:03:46+00:00,226.0,3248.0,3247.99,3248.08,ETH
2026-01-07 06:03:47+00:00,227.0,3248.0,3247.99,3248.09,ETH
2026-01-07 06:03:48+00:00,228.0,3248.0,3247.99,3248.21,ETH
2026-01-07 06:03:49+00:00,229.0,3248.0,3247.99,3248.05,ETH
2026-01-07 06:03:50+00:00,230.0,3248.01,3248.0,3248.12,ETH
2026-01-07 06:03:51+00:00,231.0,3248.01,3248.0,3248.18,ETH
2026-01-07 06:03:52+00:00,232.0,3248.01,3248.0,3248.16,ETH
2026-01-07 06:03:53+00:00,233.0,3248.18,3248.15,3248.25,ETH
2026-01-07 06:03:54+00:00,234.0,3248.22,3248.19,3248.31,ETH
2026-01-07 06:03:55+00:00,235.0,3248.25,3248.24,3248.36,ETH
2026-01-07 06:03:56+00:00,236.0,3248.25,3248.24,3248.33,ETH
2026-01-07 06:03:57+00:00,237.0,3248.24,3248.21,3248.28,ETH
2026-01-07 06:03:58+00:00,238.0,3248.24,3248.22,3248.28,ETH
2026-01-07 06:03:59+00:00,239.0,3248.25,3248.25,3248.32,ETH
2026-01-07 06:04:00+00:00,240.0,3248.25,3248.23,3248.31,ETH
2026-01-07 06:04:01+00:00,241.0,3248.24,3248.21,3248.28,ETH
2026-01-07 06:04:02+00:00,242.0,3248.25,3248.23,3248.3,ETH
2026-01-07 06:04:03+00:00,243.0,3248.25,3248.24,3248.35,ETH
2026-01-07 06:04:04+00:00,244.0,3248.25,3248.23,3248.33,ETH
2026-01-07 06:04:05+00:00,245.0,3248.25,3248.21,3248.28,ETH
2026-01-07 06:04:06+00:00,246.0,3248.23,3248.19,3248.26,ETH
2026-01-07 06:04:07+00:00,247.0,3248.21,3248.18,3248.26,ETH
2026-01-07 06:04:08+00:00,248.0,3248.11,3248.1,3248.24,ETH
2026-01-07 06:04:09+00:00,249.0,3248.0,3248.0,3248.14,ETH
2026-01-07 06:04:10+00:00,250.0,3248.0,3248.0,3248.21,ETH
2026-01-07 06:04:11+00:00,251.0,3248.01,3248.0,3248.16,ETH
2026-01-07 06:04:12+00:00,252.0,3248.01,3248.0,3248.16,ETH
2026-01-07 06:04:13+00:00,253.0,3248.0,3248.0,3248.2,ETH
2026-01-07 06:04:14+00:00,254.0,3248.0,3248.0,3248.1,ETH
2026-01-07 06:04:15+00:00,255.0,3248.0,3248.0,3248.1,ETH
2026-01-07 06:04:16+00:00,256.0,3248.01,3248.0,3248.11,ETH
2026-01-07 06:04:17+00:00,257.0,3248.01,3248.0,3248.15,ETH
2026-01-07 06:04:18+00:00,258.0,3248.03,3248.0,3248.14,ETH
2026-01-07 06:04:19+00:00,259.0,3248.01,3248.0,3248.14,ETH
2026-01-07 06:04:20+00:00,260.0,3248.01,3248.0,3248.16,ETH
2026-01-07 06:04:21+00:00,261.0,3248.01,3248.0,3248.19,ETH
2026-01-07 06:04:22+00:00,262.0,3248.01,3248.0,3248.15,ETH
2026-01-07 06:04:23+00:00,263.0,3247.97,3247.97,3248.14,ETH
2026-01-07 06:04:24+00:00,264.0,3247.97,3247.97,3248.14,ETH
2026-01-07 06:04:25+00:00,265.0,3247.97,3247.97,3248.11,ETH
2026-01-07 06:04:26+00:00,266.0,3247.97,3247.96,3248.11,ETH
2026-01-07 06:04:27+00:00,267.0,3247.96,3247.95,3248.16,ETH
2026-01-07 06:04:28+00:00,268.0,3247.96,3247.95,3248.11,ETH
2026-01-07 06:04:29+00:00,269.0,3247.97,3247.96,3248.12,ETH
2026-01-07 06:04:30+00:00,270.0,3247.97,3247.96,3248.12,ETH
2026-01-07 06:04:31+00:00,271.0,3247.97,3247.96,3248.1,ETH
2026-01-07 06:04:32+00:00,272.0,3247.97,3247.96,3248.1,ETH
2026-01-07 06:04:34+00:00,274.0,3247.97,3247.96,3248.17,ETH
2026-01-07 06:04:35+00:00,275.0,3247.97,3247.96,3248.19,ETH
2026-01-07 06:04:36+00:00,276.0,3248.28,3248.23,3248.43,ETH
2026-01-07 06:04:37+00:00,277.0,3248.33,3248.26,3248.38,ETH
2026-01-07 06:04:38+00:00,278.0,3248.36,3248.31,3248.38,ETH
2026-01-07 06:04:39+00:00,279.0,3248.36,3248.32,3248.38,ETH
2026-01-07 06:04:40+00:00,280.0,3248.36,3248.31,3248.38,ETH
2026-01-07 06:04:41+00:00,281.0,3248.31,3248.26,3248.37,ETH
2026-01-07 06:04:42+00:00,282.0,3248.31,3248.26,3248.37,ETH
2026-01-07 06:04:43+00:00,283.0,3248.31,3248.26,3248.35,ETH
2026-01-07 06:04:44+00:00,284.0,3248.31,3248.3,3248.38,ETH
2026-01-07 06:04:45+00:00,285.0,3248.31,3248.31,3248.34,ETH
2026-01-07 06:04:46+00:00,286.0,3248.33,3248.32,3248.39,ETH
2026-01-07 06:04:47+00:00,287.0,3248.32,3248.25,3248.37,ETH
2026-01-07 06:04:48+00:00,288.0,3248.32,3248.25,3248.35,ETH
2026-01-07 06:04:49+00:00,289.0,3248.25,3248.22,3248.31,ETH
2026-01-07 06:04:50+00:00,290.0,3248.28,3248.24,3248.31,ETH
2026-01-07 06:04:51+00:00,291.0,3248.27,3248.23,3248.31,ETH
2026-01-07 06:04:52+00:00,292.0,3248.27,3248.24,3248.31,ETH
2026-01-07 06:04:53+00:00,293.0,3248.31,3248.24,3248.36,ETH
2026-01-07 06:04:54+00:00,294.0,3248.17,3248.13,3248.29,ETH
2026-01-07 06:04:55+00:00,295.0,3248.15,3248.14,3248.21,ETH
2026-01-07 06:04:56+00:00,296.0,3248.19,3248.15,3248.22,ETH
2026-01-07 06:04:57+00:00,297.0,3248.15,3248.13,3248.24,ETH
2026-01-07 06:04:58+00:00,298.0,3248.11,3248.1,3248.24,ETH
2026-01-07 06:04:59+00:00,299.0,3248.1,3248.1,3248.24,ETH
2026-01-07 06:05:00+00:00,300.0,3248.1,3248.09,3248.22,ETH
2026-01-07 06:05:01+00:00,301.0,3248.05,3248.03,3248.16,ETH
2026-01-07 06:05:02+00:00,302.0,3248.0,3247.98,3248.09,ETH
2026-01-07 06:05:03+00:00,303.0,3247.99,3247.99,3248.07,ETH
2026-01-07 06:05:04+00:00,304.0,3247.99,3247.99,3248.07,ETH
2026-01-07 06:05:05+00:00,305.0,3247.99,3247.98,3248.06,ETH
2026-01-07 06:05:06+00:00,306.0,3247.99,3247.98,3248.05,ETH
2026-01-07 06:05:07+00:00,307.0,3247.99,3247.98,3248.04,ETH
2026-01-07 06:05:08+00:00,308.0,3247.99,3247.98,3248.05,ETH
2026-01-07 06:05:09+00:00,309.0,3247.99,3247.98,3248.06,ETH
2026-01-07 06:05:11+00:00,311.0,3247.99,3247.97,3248.03,ETH
2026-01-07 06:05:12+00:00,312.0,3247.99,3247.98,3248.05,ETH
2026-01-07 06:05:13+00:00,313.0,3247.69,3247.43,3247.86,ETH
2026-01-07 06:05:14+00:00,314.0,3247.42,3247.41,3247.75,ETH
2026-01-07 06:05:15+00:00,315.0,3247.39,3247.38,3247.6,ETH
2026-01-07 06:05:16+00:00,316.0,3247.35,3247.33,3247.5,ETH
2026-01-07 06:05:17+00:00,317.0,3247.31,3247.31,3247.65,ETH
2026-01-07 06:05:18+00:00,318.0,3247.29,3247.28,3247.67,ETH
2026-01-07 06:05:19+00:00,319.0,3247.28,3247.27,3247.51,ETH
2026-01-07 06:05:20+00:00,320.0,3247.28,3247.27,3247.5,ETH
2026-01-07 06:05:21+00:00,321.0,3247.28,3247.27,3247.56,ETH
2026-01-07 06:05:22+00:00,322.0,3247.27,3247.27,3247.64,ETH
2026-01-07 06:05:23+00:00,323.0,3247.27,3247.27,3247.64,ETH
2026-01-07 06:05:24+00:00,324.0,3247.27,3247.27,3247.64,ETH
2026-01-07 06:05:25+00:00,325.0,3247.3,3247.3,3247.69,ETH
2026-01-07 06:05:26+00:00,326.0,3247.33,3247.33,3247.63,ETH
2026-01-07 06:05:27+00:00,327.0,3247.33,3247.33,3247.53,ETH
2026-01-07 06:05:28+00:00,328.0,3247.32,3247.32,3247.64,ETH
2026-01-07 06:05:29+00:00,329.0,3247.31,3247.3,3247.56,ETH
2026-01-07 06:05:30+00:00,330.0,3247.31,3247.3,3247.46,ETH
2026-01-07 06:05:31+00:00,331.0,3247.31,3247.31,3247.56,ETH
2026-01-07 06:05:32+00:00,332.0,3247.32,3247.31,3247.52,ETH
2026-01-07 06:05:33+00:00,333.0,3247.3,3247.28,3247.41,ETH
2026-01-07 06:05:34+00:00,334.0,3247.3,3247.28,3247.38,ETH
2026-01-07 06:05:35+00:00,335.0,3247.33,3247.33,3247.42,ETH
2026-01-07 06:05:36+00:00,336.0,3247.33,3247.33,3247.41,ETH
2026-01-07 06:05:37+00:00,337.0,3247.3,3247.28,3247.38,ETH
2026-01-07 06:05:38+00:00,338.0,3247.28,3247.26,3247.36,ETH
2026-01-07 06:05:39+00:00,339.0,3247.3,3247.25,3247.36,ETH
2026-01-07 06:05:40+00:00,340.0,3247.27,3247.21,3247.36,ETH
2026-01-07 06:05:41+00:00,341.0,3247.26,3247.22,3247.35,ETH
2026-01-07 06:05:42+00:00,342.0,3247.31,3247.28,3247.37,ETH
2026-01-07 06:05:43+00:00,343.0,3247.29,3247.27,3247.37,ETH
2026-01-07 06:05:44+00:00,344.0,3247.29,3247.26,3247.37,ETH
2026-01-07 06:05:45+00:00,345.0,3247.35,3247.33,3247.4,ETH
2026-01-07 06:05:46+00:00,346.0,3247.31,3247.29,3247.38,ETH
2026-01-07 06:05:47+00:00,347.0,3247.25,3247.22,3247.36,ETH
2026-01-07 06:05:48+00:00,348.0,3247.27,3247.24,3247.35,ETH
2026-01-07 06:05:49+00:00,349.0,3247.31,3247.28,3247.35,ETH
2026-01-07 06:05:50+00:00,350.0,3247.19,3247.17,3247.25,ETH
2026-01-07 06:05:51+00:00,351.0,3247.06,3247.06,3247.12,ETH
2026-01-07 06:05:52+00:00,352.0,3247.06,3247.06,3247.14,ETH
2026-01-07 06:05:53+00:00,353.0,3247.06,3247.06,3247.22,ETH
2026-01-07 06:05:55+00:00,355.0,3247.07,3247.06,3247.25,ETH
2026-01-07 06:05:56+00:00,356.0,3247.07,3247.06,3247.25,ETH
2026-01-07 06:05:57+00:00,357.0,3247.27,3247.24,3247.3,ETH
2026-01-07 06:05:58+00:00,358.0,3247.24,3247.23,3247.29,ETH
2026-01-07 06:05:59+00:00,359.0,3247.12,3247.12,3247.28,ETH
2026-01-07 06:06:00+00:00,360.0,3247.12,3247.12,3247.27,ETH
2026-01-07 06:06:01+00:00,361.0,3247.06,3247.03,3247.09,ETH
2026-01-07 06:06:02+00:00,362.0,3246.91,3246.91,3247.16,ETH
2026-01-07 06:06:03+00:00,363.0,3246.91,3246.91,3247.14,ETH
2026-01-07 06:06:04+00:00,364.0,3246.91,3246.9,3247.13,ETH
2026-01-07 06:06:05+00:00,365.0,3246.91,3246.9,3247.1,ETH
2026-01-07 06:06:06+00:00,366.0,3246.91,3246.9,3247.07,ETH
2026-01-07 06:06:07+00:00,367.0,3246.91,3246.9,3247.07,ETH
2026-01-07 06:06:08+00:00,368.0,3246.91,3246.9,3247.05,ETH
2026-01-07 06:06:09+00:00,369.0,3246.85,3246.84,3246.97,ETH
2026-01-07 06:06:10+00:00,370.0,3246.7,3246.68,3246.78,ETH
2026-01-07 06:06:11+00:00,371.0,3246.4,3246.32,3246.44,ETH
2026-01-07 06:06:12+00:00,372.0,3246.1,3246.02,3246.14,ETH
2026-01-07 06:06:13+00:00,373.0,3245.99,3245.97,3246.11,ETH
2026-01-07 06:06:14+00:00,374.0,3245.92,3245.91,3246.08,ETH
2026-01-07 06:06:15+00:00,375.0,3245.87,3245.87,3246.0,ETH
2026-01-07 06:06:16+00:00,376.0,3245.87,3245.87,3245.97,ETH
2026-01-07 06:06:17+00:00,377.0,3245.83,3245.81,3245.91,ETH
2026-01-07 06:06:18+00:00,378.0,3245.77,3245.74,3245.84,ETH
2026-01-07 06:06:19+00:00,379.0,3245.73,3245.72,3245.82,ETH
2026-01-07 06:06:20+00:00,380.0,3245.77,3245.75,3245.85,ETH
2026-01-07 06:06:21+00:00,381.0,3246.07,3246.06,3246.25,ETH
2026-01-07 06:06:22+00:00,382.0,3246.46,3246.39,3246.75,ETH
2026-01-07 06:06:23+00:00,383.0,3246.68,3246.56,3246.88,ETH
2026-01-07 06:06:24+00:00,384.0,3246.72,3246.67,3246.84,ETH
2026-01-07 06:06:25+00:00,385.0,3246.67,3246.66,3246.82,ETH
2026-01-07 06:06:26+00:00,386.0,3246.67,3246.66,3246.83,ETH
2026-01-07 06:06:27+00:00,387.0,3246.67,3246.66,3246.83,ETH
2026-01-07 06:06:28+00:00,388.0,3246.66,3246.66,3246.83,ETH
2026-01-07 06:06:29+00:00,389.0,3246.66,3246.66,3246.83,ETH
2026-01-07 06:06:30+00:00,390.0,3246.66,3246.66,3246.83,ETH
2026-01-07 06:06:31+00:00,391.0,3246.66,3246.66,3246.82,ETH
2026-01-07 06:06:32+00:00,392.0,3246.69,3246.64,3246.72,ETH
2026-01-07 06:06:33+00:00,393.0,3246.79,3246.75,3246.89,ETH
2026-01-07 06:06:34+00:00,394.0,3247.37,3247.09,3247.49,ETH
2026-01-07 06:06:35+00:00,395.0,3247.35,3247.3,3247.39,ETH
2026-01-07 06:06:36+00:00,396.0,3247.55,3247.49,3247.56,ETH
2026-01-07 06:06:37+00:00,397.0,3247.79,3247.64,3247.89,ETH
2026-01-07 06:06:38+00:00,398.0,3247.78,3247.66,3247.99,ETH
2026-01-07 06:06:39+00:00,399.0,3247.78,3247.66,3248.01,ETH
2026-01-07 06:06:40+00:00,400.0,3247.78,3247.66,3248.01,ETH
2026-01-07 06:06:41+00:00,401.0,3247.78,3247.71,3247.93,ETH
2026-01-07 06:06:42+00:00,402.0,3247.99,3247.77,3248.09,ETH
2026-01-07 06:06:43+00:00,403.0,3248.03,3247.78,3248.08,ETH
2026-01-07 06:06:44+00:00,404.0,3248.03,3247.78,3248.08,ETH
2026-01-07 06:06:45+00:00,405.0,3248.03,3247.78,3248.13,ETH
2026-01-07 06:06:46+00:00,406.0,3248.07,3247.86,3248.2,ETH
2026-01-07 06:06:47+00:00,407.0,3248.04,3248.0,3248.16,ETH
2026-01-07 06:06:48+00:00,408.0,3248.08,3248.06,3248.12,ETH
2026-01-07 06:06:49+00:00,409.0,3248.09,3248.07,3248.17,ETH
2026-01-07 06:06:50+00:00,410.0,3248.09,3248.07,3248.21,ETH
2026-01-07 06:06:51+00:00,411.0,3248.08,3248.07,3248.21,ETH
2026-01-07 06:06:52+00:00,412.0,3248.01,3247.87,3248.08,ETH
2026-01-07 06:06:53+00:00,413.0,3247.94,3247.67,3247.98,ETH
2026-01-07 06:06:54+00:00,414.0,3247.64,3247.63,3248.04,ETH
2026-01-07 06:06:55+00:00,415.0,3247.66,3247.64,3248.01,ETH
2026-01-07 06:06:56+00:00,416.0,3247.66,3247.65,3248.0,ETH
2026-01-07 06:06:57+00:00,417.0,3247.66,3247.65,3248.03,ETH
2026-01-07 06:06:58+00:00,418.0,3247.66,3247.65,3248.06,ETH
2026-01-07 06:06:59+00:00,419.0,3247.66,3247.65,3248.01,ETH
2026-01-07 06:07:00+00:00,420.0,3247.66,3247.65,3248.06,ETH
2026-01-07 06:07:01+00:00,421.0,3247.34,3247.27,3247.39,ETH
2026-01-07 06:07:02+00:00,422.0,3247.06,3247.05,3247.35,ETH
2026-01-07 06:07:03+00:00,423.0,3247.03,3247.02,3247.1,ETH
2026-01-07 06:07:04+00:00,424.0,3246.56,3246.46,3246.75,ETH
2026-01-07 06:07:05+00:00,425.0,3246.31,3246.3,3246.59,ETH
2026-01-07 06:07:06+00:00,426.0,3246.3,3246.3,3246.56,ETH
2026-01-07 06:07:07+00:00,427.0,3246.17,3246.16,3246.49,ETH
2026-01-07 06:07:08+00:00,428.0,3246.17,3246.16,3246.43,ETH
2026-01-07 06:07:09+00:00,429.0,3246.13,3246.09,3246.17,ETH
2026-01-07 06:07:10+00:00,430.0,3246.02,3246.0,3246.1,ETH
2026-01-07 06:07:11+00:00,431.0,3245.94,3245.93,3246.29,ETH
2026-01-07 06:07:12+00:00,432.0,3245.94,3245.93,3246.26,ETH
2026-01-07 06:07:13+00:00,433.0,3245.94,3245.93,3246.25,ETH
2026-01-07 06:07:14+00:00,434.0,3245.94,3245.93,3246.21,ETH
2026-01-07 06:07:15+00:00,435.0,3246.1,3246.09,3246.4,ETH
2026-01-07 06:07:16+00:00,436.0,3246.21,3246.2,3246.33,ETH
2026-01-07 06:07:17+00:00,437.0,3246.31,3246.3,3246.64,ETH
2026-01-07 06:07:18+00:00,438.0,3246.32,3246.31,3246.6,ETH
2026-01-07 06:07:19+00:00,439.0,3246.34,3246.34,3246.62,ETH
2026-01-07 06:07:20+00:00,440.0,3246.64,3246.4,3246.75,ETH
2026-01-07 06:07:21+00:00,441.0,3247.15,3246.99,3247.19,ETH
2026-01-07 06:07:22+00:00,442.0,3247.12,3247.04,3247.2,ETH
2026-01-07 06:07:23+00:00,443.0,3247.06,3247.04,3247.16,ETH
2026-01-07 06:07:24+00:00,444.0,3247.12,3247.03,3247.21,ETH
2026-01-07 06:07:25+00:00,445.0,3247.12,3247.03,3247.33,ETH
2026-01-07 06:07:26+00:00,446.0,3247.12,3247.01,3247.26,ETH
2026-01-07 06:07:27+00:00,447.0,3247.12,3247.01,3247.35,ETH
2026-01-07 06:07:28+00:00,448.0,3247.13,3247.07,3247.19,ETH
2026-01-07 06:07:29+00:00,449.0,3247.13,3247.02,3247.26,ETH
2026-01-07 06:07:30+00:00,450.0,3247.13,3247.02,3247.34,ETH
2026-01-07 06:07:31+00:00,451.0,3247.12,3247.07,3247.24,ETH
2026-01-07 06:07:32+00:00,452.0,3247.09,3247.04,3247.13,ETH
2026-01-07 06:07:33+00:00,453.0,3247.09,3247.02,3247.13,ETH
2026-01-07 06:07:34+00:00,454.0,3247.12,3247.02,3247.24,ETH
2026-01-07 06:07:35+00:00,455.0,3247.12,3247.08,3247.24,ETH
2026-01-07 06:07:36+00:00,456.0,3247.16,3247.08,3247.21,ETH
2026-01-07 06:07:37+00:00,457.0,3247.12,3247.03,3247.18,ETH
2026-01-07 06:07:38+00:00,458.0,3247.06,3246.97,3247.13,ETH
2026-01-07 06:07:39+00:00,459.0,3247.01,3246.97,3247.11,ETH
2026-01-07 06:07:40+00:00,460.0,3246.97,3246.96,3247.04,ETH
2026-01-07 06:07:41+00:00,461.0,3246.84,3246.76,3246.91,ETH
2026-01-07 06:07:42+00:00,462.0,3246.72,3246.57,3246.84,ETH
2026-01-07 06:07:43+00:00,463.0,3246.55,3246.49,3246.65,ETH
2026-01-07 06:07:44+00:00,464.0,3246.46,3246.45,3246.57,ETH
2026-01-07 06:07:45+00:00,465.0,3246.46,3246.45,3246.59,ETH
2026-01-07 06:07:46+00:00,466.0,3246.52,3246.5,3246.68,ETH
2026-01-07 06:07:47+00:00,467.0,3246.86,3246.67,3246.95,ETH
2026-01-07 06:07:48+00:00,468.0,3246.92,3246.89,3246.96,ETH
2026-01-07 06:07:49+00:00,469.0,3246.94,3246.91,3247.08,ETH
2026-01-07 06:07:50+00:00,470.0,3246.94,3246.93,3247.08,ETH
2026-01-07 06:07:51+00:00,471.0,3246.87,3246.85,3246.9,ETH
2026-01-07 06:07:52+00:00,472.0,3246.46,3246.45,3246.69,ETH
2026-01-07 06:07:53+00:00,473.0,3246.48,3246.47,3246.7,ETH
2026-01-07 06:07:54+00:00,474.0,3246.47,3246.47,3246.59,ETH
2026-01-07 06:07:55+00:00,475.0,3246.47,3246.47,3246.59,ETH
2026-01-07 06:07:56+00:00,476.0,3246.47,3246.46,3246.6,ETH
2026-01-07 06:07:57+00:00,477.0,3246.43,3246.42,3246.61,ETH
2026-01-07 06:07:58+00:00,478.0,3246.41,3246.38,3246.45,ETH
2026-01-07 06:07:59+00:00,479.0,3246.43,3246.39,3246.47,ETH
2026-01-07 06:08:00+00:00,480.0,3246.43,3246.42,3246.7,ETH
2026-01-07 06:08:01+00:00,481.0,3246.43,3246.42,3246.6,ETH
2026-01-07 06:08:02+00:00,482.0,3246.43,3246.42,3246.59,ETH
2026-01-07 06:08:03+00:00,483.0,3246.45,3246.42,3246.49,ETH
2026-01-07 06:08:04+00:00,484.0,3246.45,3246.45,3246.69,ETH
2026-01-07 06:08:05+00:00,485.0,3246.43,3246.43,3246.71,ETH
2026-01-07 06:08:06+00:00,486.0,3246.37,3246.36,3246.59,ETH
2026-01-07 06:08:07+00:00,487.0,3246.37,3246.36,3246.59,ETH
2026-01-07 06:08:08+00:00,488.0,3246.44,3246.43,3246.68,ETH
2026-01-07 06:08:09+00:00,489.0,3246.44,3246.43,3246.61,ETH
2026-01-07 06:08:10+00:00,490.0,3246.44,3246.43,3246.66,ETH
2026-01-07 06:08:11+00:00,491.0,3246.44,3246.43,3246.73,ETH
2026-01-07 06:08:12+00:00,492.0,3246.44,3246.43,3246.71,ETH
2026-01-07 06:08:13+00:00,493.0,3246.63,3246.5,3246.79,ETH
2026-01-07 06:08:14+00:00,494.0,3247.24,3247.1,3247.27,ETH
2026-01-07 06:08:15+00:00,495.0,3247.64,3247.64,3247.7,ETH
2026-01-07 06:08:16+00:00,496.0,3247.62,3247.54,3247.72,ETH
2026-01-07 06:08:17+00:00,497.0,3247.62,3247.47,3247.69,ETH
2026-01-07 06:08:18+00:00,498.0,3247.65,3247.56,3247.71,ETH
2026-01-07 06:08:19+00:00,499.0,3247.65,3247.62,3247.72,ETH
2026-01-07 06:08:20+00:00,500.0,3247.65,3247.63,3247.75,ETH
2026-01-07 06:08:22+00:00,502.0,3247.79,3247.75,3247.83,ETH
2026-01-07 06:08:23+00:00,503.0,3247.81,3247.75,3247.91,ETH
2026-01-07 06:08:24+00:00,504.0,3247.81,3247.79,3247.91,ETH
2026-01-07 06:08:25+00:00,505.0,3247.84,3247.79,3247.9,ETH
2026-01-07 06:08:26+00:00,506.0,3247.84,3247.79,3247.9,ETH
2026-01-07 06:08:27+00:00,507.0,3247.84,3247.79,3247.9,ETH
2026-01-07 06:08:28+00:00,508.0,3247.84,3247.8,3247.88,ETH
2026-01-07 06:08:29+00:00,509.0,3247.85,3247.79,3247.89,ETH
2026-01-07 06:08:30+00:00,510.0,3247.84,3247.8,3247.87,ETH
2026-01-07 06:08:31+00:00,511.0,3247.94,3247.86,3248.07,ETH
2026-01-07 06:08:32+00:00,512.0,3248.12,3248.02,3248.35,ETH
2026-01-07 06:08:33+00:00,513.0,3248.22,3248.17,3248.43,ETH
2026-01-07 06:08:34+00:00,514.0,3248.28,3248.18,3248.46,ETH
2026-01-07 06:08:35+00:00,515.0,3248.32,3248.15,3248.48,ETH
2026-01-07 06:08:36+00:00,516.0,3248.32,3248.14,3248.42,ETH
2026-01-07 06:08:37+00:00,517.0,3248.23,3248.11,3248.4,ETH
2026-01-07 06:08:38+00:00,518.0,3248.15,3248.09,3248.45,ETH
2026-01-07 06:08:39+00:00,519.0,3248.18,3248.13,3248.42,ETH
2026-01-07 06:08:40+00:00,520.0,3248.19,3248.17,3248.41,ETH
2026-01-07 06:08:41+00:00,521.0,3248.2,3248.18,3248.42,ETH
2026-01-07 06:08:42+00:00,522.0,3248.21,3248.17,3248.38,ETH
2026-01-07 06:08:43+00:00,523.0,3248.12,3248.07,3248.26,ETH
2026-01-07 06:08:44+00:00,524.0,3248.06,3247.99,3248.23,ETH
2026-01-07 06:08:45+00:00,525.0,3248.06,3247.93,3248.19,ETH
2026-01-07 06:08:46+00:00,526.0,3247.9,3247.81,3247.96,ETH
2026-01-07 06:08:47+00:00,527.0,3247.56,3247.54,3247.6,ETH
2026-01-07 06:08:48+00:00,528.0,3247.33,3247.32,3247.37,ETH
2026-01-07 06:08:49+00:00,529.0,3247.3,3247.28,3247.36,ETH
2026-01-07 06:08:50+00:00,530.0,3247.28,3247.25,3247.36,ETH
2026-01-07 06:08:51+00:00,531.0,3247.27,3247.24,3247.36,ETH
2026-01-07 06:08:52+00:00,532.0,3247.26,3247.25,3247.36,ETH
2026-01-07 06:08:53+00:00,533.0,3247.26,3247.25,3247.36,ETH
2026-01-07 06:08:54+00:00,534.0,3247.09,3247.09,3247.21,ETH
2026-01-07 06:08:55+00:00,535.0,3247.09,3247.09,3247.19,ETH
2026-01-07 06:08:56+00:00,536.0,3247.09,3247.09,3247.18,ETH
2026-01-07 06:08:57+00:00,537.0,3247.07,3247.07,3247.19,ETH
2026-01-07 06:08:58+00:00,538.0,3247.15,3247.14,3247.43,ETH
2026-01-07 06:08:59+00:00,539.0,3247.35,3247.31,3247.58,ETH
2026-01-07 06:09:00+00:00,540.0,3247.54,3247.5,3247.58,ETH
2026-01-07 06:09:01+00:00,541.0,3247.77,3247.69,3247.81,ETH
2026-01-07 06:09:02+00:00,542.0,3247.6,3247.6,3247.78,ETH
2026-01-07 06:09:03+00:00,543.0,3248.09,3248.08,3248.2,ETH
2026-01-07 06:09:04+00:00,544.0,3248.09,3248.07,3248.18,ETH
2026-01-07 06:09:05+00:00,545.0,3248.13,3248.09,3248.17,ETH
2026-01-07 06:09:06+00:00,546.0,3248.18,3248.09,3248.29,ETH
2026-01-07 06:09:07+00:00,547.0,3248.19,3248.09,3248.36,ETH
2026-01-07 06:09:08+00:00,548.0,3248.19,3248.09,3248.38,ETH
2026-01-07 06:09:09+00:00,549.0,3248.19,3248.09,3248.37,ETH
2026-01-07 06:09:10+00:00,550.0,3248.19,3248.09,3248.35,ETH
2026-01-07 06:09:11+00:00,551.0,3248.19,3248.09,3248.3,ETH
2026-01-07 06:09:12+00:00,552.0,3248.18,3248.09,3248.35,ETH
2026-01-07 06:09:13+00:00,553.0,3248.03,3247.97,3248.17,ETH
2026-01-07 06:09:14+00:00,554.0,3247.95,3247.86,3248.12,ETH
2026-01-07 06:09:15+00:00,555.0,3247.7,3247.66,3247.81,ETH
2026-01-07 06:09:16+00:00,556.0,3247.67,3247.67,3247.79,ETH
2026-01-07 06:09:17+00:00,557.0,3247.66,3247.65,3247.76,ETH
2026-01-07 06:09:18+00:00,558.0,3247.66,3247.63,3247.74,ETH
2026-01-07 06:09:19+00:00,559.0,3247.66,3247.6,3247.72,ETH
2026-01-07 06:09:20+00:00,560.0,3247.6,3247.58,3247.72,ETH
2026-01-07 06:09:21+00:00,561.0,3248.39,3247.93,3248.39,ETH
2026-01-07 06:09:22+00:00,562.0,3248.36,3248.08,3248.47,ETH
2026-01-07 06:09:23+00:00,563.0,3248.27,3248.26,3248.49,ETH
2026-01-07 06:09:24+00:00,564.0,3248.26,3248.25,3248.5,ETH
2026-01-07 06:09:25+00:00,565.0,3248.19,3248.19,3248.55,ETH
2026-01-07 06:09:26+00:00,566.0,3248.18,3248.17,3248.46,ETH
2026-01-07 06:09:27+00:00,567.0,3248.19,3248.19,3248.45,ETH
2026-01-07 06:09:28+00:00,568.0,3248.39,3248.37,3248.69,ETH
2026-01-07 06:09:29+00:00,569.0,3248.49,3248.4,3248.56,ETH
2026-01-07 06:09:30+00:00,570.0,3248.51,3248.39,3248.65,ETH
2026-01-07 06:09:31+00:00,571.0,3248.63,3248.57,3248.89,ETH
2026-01-07 06:09:32+00:00,572.0,3248.7,3248.67,3248.74,ETH
2026-01-07 06:09:33+00:00,573.0,3248.74,3248.7,3248.92,ETH
2026-01-07 06:09:34+00:00,574.0,3248.9,3248.84,3249.06,ETH
2026-01-07 06:09:35+00:00,575.0,3248.99,3248.98,3249.13,ETH
2026-01-07 06:09:36+00:00,576.0,3249.18,3249.1,3249.55,ETH
2026-01-07 06:09:37+00:00,577.0,3249.54,3249.49,3249.6,ETH
2026-01-07 06:09:38+00:00,578.0,3249.65,3249.55,3249.75,ETH
2026-01-07 06:09:39+00:00,579.0,3249.8,3249.7,3250.04,ETH
2026-01-07 06:09:40+00:00,580.0,3249.9,3249.89,3249.96,ETH
2026-01-07 06:09:41+00:00,581.0,3249.9,3249.9,3249.98,ETH
2026-01-07 06:09:42+00:00,582.0,3250.01,3249.93,3250.04,ETH
2026-01-07 06:09:43+00:00,583.0,3249.98,3249.94,3250.04,ETH
2026-01-07 06:09:44+00:00,584.0,3249.99,3249.97,3250.04,ETH
2026-01-07 06:09:45+00:00,585.0,3249.98,3249.94,3250.04,ETH
2026-01-07 06:09:46+00:00,586.0,3249.89,3249.86,3249.91,ETH
2026-01-07 06:09:47+00:00,587.0,3249.9,3249.86,3249.96,ETH
2026-01-07 06:09:48+00:00,588.0,3249.8,3249.68,3249.92,ETH
2026-01-07 06:09:49+00:00,589.0,3249.77,3249.7,3249.81,ETH
2026-01-07 06:09:50+00:00,590.0,3249.75,3249.66,3249.8,ETH
2026-01-07 06:09:51+00:00,591.0,3249.77,3249.66,3249.8,ETH
2026-01-07 06:09:52+00:00,592.0,3249.69,3249.65,3249.75,ETH
2026-01-07 06:09:53+00:00,593.0,3249.68,3249.64,3249.75,ETH
2026-01-07 06:09:54+00:00,594.0,3249.67,3249.64,3249.71,ETH
2026-01-07 06:09:55+00:00,595.0,3249.67,3249.64,3249.71,ETH
2026-01-07 06:09:56+00:00,596.0,3249.65,3249.64,3249.69,ETH
2026-01-07 06:09:57+00:00,597.0,3249.65,3249.64,3249.69,ETH
2026-01-07 06:09:58+00:00,598.0,3249.59,3249.55,3249.63,ETH
2026-01-07 06:09:59+00:00,599.0,3249.5,3249.48,3249.53,ETH
2026-01-07 06:10:00+00:00,600.0,3249.5,3249.47,3249.54,ETH
2026-01-07 06:10:01+00:00,601.0,3249.46,3249.45,3249.49,ETH
2026-01-07 06:10:02+00:00,602.0,3249.46,3249.44,3249.48,ETH
2026-01-07 06:10:03+00:00,603.0,3249.54,3249.47,3249.78,ETH
2026-01-07 06:10:04+00:00,604.0,3249.66,3249.58,3249.78,ETH
2026-01-07 06:10:05+00:00,605.0,3249.66,3249.65,3249.74,ETH
2026-01-07 06:10:06+00:00,606.0,3249.65,3249.63,3249.7,ETH
2026-01-07 06:10:07+00:00,607.0,3249.65,3249.63,3249.7,ETH
2026-01-07 06:10:08+00:00,608.0,3249.66,3249.64,3249.72,ETH
2026-01-07 06:10:09+00:00,609.0,3249.61,3249.58,3249.69,ETH
2026-01-07 06:10:10+00:00,610.0,3249.56,3249.51,3249.64,ETH
2026-01-07 06:10:11+00:00,611.0,3249.49,3249.44,3249.63,ETH
2026-01-07 06:10:12+00:00,612.0,3249.53,3249.47,3249.69,ETH
2026-01-07 06:10:13+00:00,613.0,3249.57,3249.5,3249.71,ETH
2026-01-07 06:10:14+00:00,614.0,3249.44,3249.41,3249.59,ETH
2026-01-07 06:10:15+00:00,615.0,3249.39,3249.37,3249.49,ETH
2026-01-07 06:10:16+00:00,616.0,3249.42,3249.38,3249.47,ETH
2026-01-07 06:10:17+00:00,617.0,3249.43,3249.38,3249.5,ETH
2026-01-07 06:10:19+00:00,619.0,3249.42,3249.38,3249.48,ETH
2026-01-07 06:10:20+00:00,620.0,3249.43,3249.4,3249.5,ETH
2026-01-07 06:10:21+00:00,621.0,3249.42,3249.39,3249.46,ETH
2026-01-07 06:10:22+00:00,622.0,3249.43,3249.39,3249.46,ETH
2026-01-07 06:10:23+00:00,623.0,3249.56,3249.46,3249.63,ETH
2026-01-07 06:10:24+00:00,624.0,3249.5,3249.46,3249.56,ETH
2026-01-07 06:10:25+00:00,625.0,3249.56,3249.52,3249.62,ETH
2026-01-07 06:10:26+00:00,626.0,3249.52,3249.49,3249.55,ETH
2026-01-07 06:10:27+00:00,627.0,3249.5,3249.48,3249.59,ETH
2026-01-07 06:10:28+00:00,628.0,3249.48,3249.47,3249.63,ETH
2026-01-07 06:10:29+00:00,629.0,3249.58,3249.55,3249.68,ETH
2026-01-07 06:10:30+00:00,630.0,3249.68,3249.65,3249.72,ETH
2026-01-07 06:10:31+00:00,631.0,3249.71,3249.66,3249.76,ETH
2026-01-07 06:10:32+00:00,632.0,3249.79,3249.72,3249.85,ETH
2026-01-07 06:10:33+00:00,633.0,3249.99,3249.86,3250.22,ETH
2026-01-07 06:10:34+00:00,634.0,3250.29,3250.18,3250.61,ETH
2026-01-07 06:10:35+00:00,635.0,3250.45,3250.41,3250.69,ETH
2026-01-07 06:10:36+00:00,636.0,3250.43,3250.38,3250.69,ETH
2026-01-07 06:10:37+00:00,637.0,3250.4,3250.38,3250.6,ETH
2026-01-07 06:10:38+00:00,638.0,3250.4,3250.38,3250.53,ETH
2026-01-07 06:10:39+00:00,639.0,3250.41,3250.38,3250.57,ETH
2026-01-07 06:10:40+00:00,640.0,3250.47,3250.39,3250.62,ETH
2026-01-07 06:10:41+00:00,641.0,3250.5,3250.42,3250.6,ETH
2026-01-07 06:10:42+00:00,642.0,3250.45,3250.4,3250.55,ETH
2026-01-07 06:10:43+00:00,643.0,3250.42,3250.36,3250.55,ETH
2026-01-07 06:10:44+00:00,644.0,3250.41,3250.35,3250.55,ETH
2026-01-07 06:10:45+00:00,645.0,3250.48,3250.45,3250.64,ETH
2026-01-07 06:10:46+00:00,646.0,3250.63,3250.57,3250.77,ETH
2026-01-07 06:10:47+00:00,647.0,3250.73,3250.65,3250.89,ETH
2026-01-07 06:10:48+00:00,648.0,3250.81,3250.69,3250.97,ETH
2026-01-07 06:10:49+00:00,649.0,3250.86,3250.69,3250.98,ETH
2026-01-07 06:10:50+00:00,650.0,3250.71,3250.6,3250.79,ETH
2026-01-07 06:10:51+00:00,651.0,3250.51,3250.45,3250.69,ETH
2026-01-07 06:10:52+00:00,652.0,3250.45,3250.4,3250.71,ETH
2026-01-07 06:10:53+00:00,653.0,3250.44,3250.41,3250.71,ETH
2026-01-07 06:10:54+00:00,654.0,3250.49,3250.42,3250.77,ETH
2026-01-07 06:10:55+00:00,655.0,3250.53,3250.45,3250.81,ETH
2026-01-07 06:10:56+00:00,656.0,3250.62,3250.58,3250.86,ETH
2026-01-07 06:10:57+00:00,657.0,3250.84,3250.8,3250.94,ETH
2026-01-07 06:10:58+00:00,658.0,3250.97,3250.93,3251.0,ETH
2026-01-07 06:10:59+00:00,659.0,3250.97,3250.95,3250.98,ETH
2026-01-07 06:11:00+00:00,660.0,3250.91,3250.9,3250.98,ETH
2026-01-07 06:11:01+00:00,661.0,3250.86,3250.85,3251.02,ETH
2026-01-07 06:11:02+00:00,662.0,3250.87,3250.85,3251.04,ETH
2026-01-07 06:11:03+00:00,663.0,3250.87,3250.85,3251.02,ETH
2026-01-07 06:11:04+00:00,664.0,3250.85,3250.84,3250.95,ETH
2026-01-07 06:11:05+00:00,665.0,3250.84,3250.84,3250.88,ETH
2026-01-07 06:11:06+00:00,666.0,3250.82,3250.81,3250.92,ETH
2026-01-07 06:11:07+00:00,667.0,3250.79,3250.79,3250.95,ETH
2026-01-07 06:11:08+00:00,668.0,3250.77,3250.75,3250.9,ETH
2026-01-07 06:11:09+00:00,669.0,3250.71,3250.67,3250.83,ETH
2026-01-07 06:11:10+00:00,670.0,3250.64,3250.6,3250.77,ETH
2026-01-07 06:11:12+00:00,672.0,3250.46,3250.46,3250.63,ETH
2026-01-07 06:11:13+00:00,673.0,3250.46,3250.45,3250.69,ETH
2026-01-07 06:11:14+00:00,674.0,3250.46,3250.45,3250.69,ETH
2026-01-07 06:11:15+00:00,675.0,3250.46,3250.45,3250.7,ETH
2026-01-07 06:11:16+00:00,676.0,3250.61,3250.53,3250.86,ETH
2026-01-07 06:11:17+00:00,677.0,3250.61,3250.56,3250.85,ETH
2026-01-07 06:11:18+00:00,678.0,3250.61,3250.57,3250.81,ETH
2026-01-07 06:11:19+00:00,679.0,3250.61,3250.57,3250.75,ETH
2026-01-07 06:11:20+00:00,680.0,3250.61,3250.57,3250.81,ETH
2026-01-07 06:11:21+00:00,681.0,3250.61,3250.57,3250.89,ETH
2026-01-07 06:11:22+00:00,682.0,3250.81,3250.74,3250.98,ETH
2026-01-07 06:11:23+00:00,683.0,3251.03,3250.94,3251.08,ETH
2026-01-07 06:11:24+00:00,684.0,3251.06,3250.98,3251.21,ETH
2026-01-07 06:11:25+00:00,685.0,3251.08,3251.04,3251.34,ETH
2026-01-07 06:11:26+00:00,686.0,3251.16,3251.09,3251.36,ETH
2026-01-07 06:11:27+00:00,687.0,3251.38,3251.22,3251.51,ETH
2026-01-07 06:11:28+00:00,688.0,3251.53,3251.37,3251.7,ETH
2026-01-07 06:11:29+00:00,689.0,3251.48,3251.4,3251.64,ETH
2026-01-07 06:11:30+00:00,690.0,3251.48,3251.4,3251.62,ETH
2026-01-07 06:11:31+00:00,691.0,3251.11,3250.97,3251.2,ETH
2026-01-07 06:11:32+00:00,692.0,3250.49,3250.4,3250.52,ETH
2026-01-07 06:11:33+00:00,693.0,3250.14,3250.11,3250.18,ETH
2026-01-07 06:11:34+00:00,694.0,3249.88,3249.86,3250.0,ETH
2026-01-07 06:11:35+00:00,695.0,3249.75,3249.73,3249.87,ETH
2026-01-07 06:11:36+00:00,696.0,3249.74,3249.7,3249.8,ETH
2026-01-07 06:11:37+00:00,697.0,3249.76,3249.73,3249.84,ETH
2026-01-07 06:11:38+00:00,698.0,3249.74,3249.72,3249.82,ETH
2026-01-07 06:11:39+00:00,699.0,3249.71,3249.67,3249.77,ETH
2026-01-07 06:11:40+00:00,700.0,3249.59,3249.54,3249.65,ETH
2026-01-07 06:11:41+00:00,701.0,3249.48,3249.42,3249.54,ETH
2026-01-07 06:11:42+00:00,702.0,3249.25,3249.24,3249.52,ETH
2026-01-07 06:11:43+00:00,703.0,3249.23,3249.22,3249.38,ETH
2026-01-07 06:11:44+00:00,704.0,3249.23,3249.22,3249.46,ETH
2026-01-07 06:11:45+00:00,705.0,3249.22,3249.21,3249.53,ETH
2026-01-07 06:11:46+00:00,706.0,3249.23,3249.22,3249.64,ETH
2026-01-07 06:11:47+00:00,707.0,3249.4,3249.39,3249.71,ETH
2026-01-07 06:11:48+00:00,708.0,3249.4,3249.39,3249.71,ETH
2026-01-07 06:11:49+00:00,709.0,3249.4,3249.39,3249.71,ETH
2026-01-07 06:11:50+00:00,710.0,3249.4,3249.39,3249.69,ETH
2026-01-07 06:11:51+00:00,711.0,3249.4,3249.39,3249.69,ETH
2026-01-07 06:11:52+00:00,712.0,3249.43,3249.42,3249.72,ETH
2026-01-07 06:11:53+00:00,713.0,3249.43,3249.42,3249.72,ETH
2026-01-07 06:11:54+00:00,714.0,3249.43,3249.42,3249.7,ETH
2026-01-07 06:11:55+00:00,715.0,3249.43,3249.42,3249.69,ETH
2026-01-07 06:11:56+00:00,716.0,3249.46,3249.45,3249.71,ETH
2026-01-07 06:11:57+00:00,717.0,3249.46,3249.45,3249.7,ETH
2026-01-07 06:11:58+00:00,718.0,3249.46,3249.46,3249.68,ETH
2026-01-07 06:11:59+00:00,719.0,3249.59,3249.56,3249.78,ETH
2026-01-07 06:12:00+00:00,720.0,3249.56,3249.56,3249.68,ETH
2026-01-07 06:12:01+00:00,721.0,3249.44,3249.4,3249.56,ETH
2026-01-07 06:12:02+00:00,722.0,3249.33,3249.28,3249.56,ETH
2026-01-07 06:12:03+00:00,723.0,3249.21,3249.2,3249.39,ETH
2026-01-07 06:12:04+00:00,724.0,3249.21,3249.2,3249.42,ETH
2026-01-07 06:12:05+00:00,725.0,3249.2,3249.2,3249.35,ETH
2026-01-07 06:12:06+00:00,726.0,3249.01,3248.89,3249.16,ETH
2026-01-07 06:12:07+00:00,727.0,3248.77,3248.76,3249.08,ETH
2026-01-07 06:12:08+00:00,728.0,3248.77,3248.76,3249.1,ETH
2026-01-07 06:12:09+00:00,729.0,3248.76,3248.75,3249.2,ETH
2026-01-07 06:12:10+00:00,730.0,3248.82,3248.79,3248.86,ETH
2026-01-07 06:12:11+00:00,731.0,3248.86,3248.83,3249.0,ETH
2026-01-07 06:12:12+00:00,732.0,3249.23,3249.22,3249.46,ETH
2026-01-07 06:12:13+00:00,733.0,3249.35,3249.31,3249.44,ETH
2026-01-07 06:12:14+00:00,734.0,3249.44,3249.37,3249.7,ETH
2026-01-07 06:12:15+00:00,735.0,3249.53,3249.42,3249.62,ETH
2026-01-07 06:12:16+00:00,736.0,3249.53,3249.42,3249.79,ETH
2026-01-07 06:12:17+00:00,737.0,3249.54,3249.42,3249.73,ETH
2026-01-07 06:12:18+00:00,738.0,3249.52,3249.49,3249.57,ETH
2026-01-07 06:12:19+00:00,739.0,3249.57,3249.49,3249.59,ETH
2026-01-07 06:12:20+00:00,740.0,3249.57,3249.49,3249.64,ETH
2026-01-07 06:12:21+00:00,741.0,3249.57,3249.48,3249.69,ETH
2026-01-07 06:12:22+00:00,742.0,3249.57,3249.46,3249.71,ETH
2026-01-07 06:12:23+00:00,743.0,3249.44,3249.44,3249.57,ETH
2026-01-07 06:12:24+00:00,744.0,3249.45,3249.44,3249.57,ETH
2026-01-07 06:12:25+00:00,745.0,3249.56,3249.49,3249.63,ETH
2026-01-07 06:12:26+00:00,746.0,3249.65,3249.58,3249.69,ETH
2026-01-07 06:12:27+00:00,747.0,3249.65,3249.58,3249.69,ETH
2026-01-07 06:12:28+00:00,748.0,3249.65,3249.58,3249.69,ETH
2026-01-07 06:12:29+00:00,749.0,3249.65,3249.57,3249.69,ETH
2026-01-07 06:12:30+00:00,750.0,3249.66,3249.61,3249.8,ETH
2026-01-07 06:12:31+00:00,751.0,3249.66,3249.62,3249.75,ETH
2026-01-07 06:12:32+00:00,752.0,3249.69,3249.61,3249.78,ETH
2026-01-07 06:12:33+00:00,753.0,3249.69,3249.62,3249.78,ETH
2026-01-07 06:12:34+00:00,754.0,3249.69,3249.62,3249.78,ETH
2026-01-07 06:12:35+00:00,755.0,3249.69,3249.62,3249.8,ETH
2026-01-07 06:12:36+00:00,756.0,3249.6,3249.56,3249.67,ETH
2026-01-07 06:12:37+00:00,757.0,3249.6,3249.56,3249.67,ETH
2026-01-07 06:12:38+00:00,758.0,3249.6,3249.57,3249.67,ETH
2026-01-07 06:12:39+00:00,759.0,3249.66,3249.6,3249.75,ETH
2026-01-07 06:12:40+00:00,760.0,3249.66,3249.6,3249.75,ETH
2026-01-07 06:12:41+00:00,761.0,3249.66,3249.61,3249.79,ETH
2026-01-07 06:12:42+00:00,762.0,3249.73,3249.69,3249.77,ETH
2026-01-07 06:12:43+00:00,763.0,3249.87,3249.79,3249.89,ETH
2026-01-07 06:12:44+00:00,764.0,3249.88,3249.77,3249.94,ETH
2026-01-07 06:12:45+00:00,765.0,3249.88,3249.77,3250.13,ETH
2026-01-07 06:12:46+00:00,766.0,3249.88,3249.74,3250.09,ETH
2026-01-07 06:12:47+00:00,767.0,3249.8,3249.77,3249.88,ETH
2026-01-07 06:12:48+00:00,768.0,3249.78,3249.74,3249.86,ETH
2026-01-07 06:12:49+00:00,769.0,3249.77,3249.7,3249.84,ETH
2026-01-07 06:12:50+00:00,770.0,3249.76,3249.66,3249.83,ETH
2026-01-07 06:12:51+00:00,771.0,3249.76,3249.66,3249.9,ETH
2026-01-07 06:12:52+00:00,772.0,3249.74,3249.66,3249.81,ETH
2026-01-07 06:12:53+00:00,773.0,3249.72,3249.66,3249.8,ETH
2026-01-07 06:12:54+00:00,774.0,3249.7,3249.66,3249.86,ETH
2026-01-07 06:12:55+00:00,775.0,3249.66,3249.63,3249.77,ETH
2026-01-07 06:12:56+00:00,776.0,3249.65,3249.61,3249.76,ETH
2026-01-07 06:12:57+00:00,777.0,3249.66,3249.62,3249.83,ETH
2026-01-07 06:12:58+00:00,778.0,3249.66,3249.62,3249.85,ETH
2026-01-07 06:12:59+00:00,779.0,3249.66,3249.61,3249.88,ETH
2026-01-07 06:13:00+00:00,780.0,3249.66,3249.61,3249.87,ETH
2026-01-07 06:13:01+00:00,781.0,3249.66,3249.6,3249.92,ETH
2026-01-07 06:13:02+00:00,782.0,3249.66,3249.6,3249.98,ETH
2026-01-07 06:13:03+00:00,783.0,3249.66,3249.62,3249.93,ETH
2026-01-07 06:13:04+00:00,784.0,3249.66,3249.62,3249.89,ETH
2026-01-07 06:13:05+00:00,785.0,3249.64,3249.6,3249.85,ETH
2026-01-07 06:13:06+00:00,786.0,3249.69,3249.65,3249.91,ETH
2026-01-07 06:13:07+00:00,787.0,3249.76,3249.73,3250.02,ETH
2026-01-07 06:13:09+00:00,789.0,3249.87,3249.85,3250.22,ETH
2026-01-07 06:13:10+00:00,790.0,3249.87,3249.87,3250.23,ETH
2026-01-07 06:13:11+00:00,791.0,3249.99,3249.89,3250.23,ETH
2026-01-07 06:13:12+00:00,792.0,3250.0,3249.89,3250.24,ETH
2026-01-07 06:13:13+00:00,793.0,3250.0,3249.95,3250.36,ETH
2026-01-07 06:13:14+00:00,794.0,3250.0,3249.87,3250.18,ETH
2026-01-07 06:13:15+00:00,795.0,3250.0,3249.87,3250.18,ETH
2026-01-07 06:13:16+00:00,796.0,3250.0,3249.87,3250.26,ETH
2026-01-07 06:13:17+00:00,797.0,3249.99,3249.87,3250.27,ETH
2026-01-07 06:13:18+00:00,798.0,3249.97,3249.87,3250.15,ETH
2026-01-07 06:13:19+00:00,799.0,3249.97,3249.87,3250.09,ETH
2026-01-07 06:13:21+00:00,801.0,3249.98,3249.87,3250.17,ETH
2026-01-07 06:13:22+00:00,802.0,3249.98,3249.87,3250.29,ETH
2026-01-07 06:13:23+00:00,803.0,3249.98,3249.87,3250.29,ETH
2026-01-07 06:13:24+00:00,804.0,3250.0,3249.87,3250.26,ETH
2026-01-07 06:13:25+00:00,805.0,3249.98,3249.87,3250.26,ETH
2026-01-07 06:13:26+00:00,806.0,3249.95,3249.87,3250.09,ETH
2026-01-07 06:13:27+00:00,807.0,3249.95,3249.87,3250.09,ETH
2026-01-07 06:13:28+00:00,808.0,3249.95,3249.87,3250.13,ETH
2026-01-07 06:13:29+00:00,809.0,3249.95,3249.87,3250.08,ETH
2026-01-07 06:13:30+00:00,810.0,3249.95,3249.87,3250.11,ETH
2026-01-07 06:13:31+00:00,811.0,3249.95,3249.87,3250.14,ETH
2026-01-07 06:13:32+00:00,812.0,3249.98,3249.87,3250.12,ETH
2026-01-07 06:13:33+00:00,813.0,3249.98,3249.87,3250.12,ETH
2026-01-07 06:13:34+00:00,814.0,3249.98,3249.87,3250.24,ETH
2026-01-07 06:13:35+00:00,815.0,3249.98,3249.87,3250.25,ETH
2026-01-07 06:13:36+00:00,816.0,3249.98,3249.87,3250.25,ETH
2026-01-07 06:13:37+00:00,817.0,3249.98,3249.87,3250.28,ETH
2026-01-07 06:13:38+00:00,818.0,3249.98,3249.87,3250.24,ETH
2026-01-07 06:13:39+00:00,819.0,3249.98,3249.87,3250.13,ETH
2026-01-07 06:13:40+00:00,820.0,3249.96,3249.87,3250.23,ETH
2026-01-07 06:13:41+00:00,821.0,3249.97,3249.87,3250.23,ETH
2026-01-07 06:13:42+00:00,822.0,3249.97,3249.87,3250.14,ETH
2026-01-07 06:13:43+00:00,823.0,3249.97,3249.87,3250.14,ETH
2026-01-07 06:13:44+00:00,824.0,3249.97,3249.87,3250.21,ETH
2026-01-07 06:13:45+00:00,825.0,3249.97,3249.87,3250.28,ETH
2026-01-07 06:13:46+00:00,826.0,3249.97,3249.87,3250.26,ETH
2026-01-07 06:13:47+00:00,827.0,3249.97,3249.87,3250.23,ETH
2026-01-07 06:13:48+00:00,828.0,3249.99,3249.91,3250.19,ETH
2026-01-07 06:13:49+00:00,829.0,3249.99,3249.94,3250.09,ETH
2026-01-07 06:13:50+00:00,830.0,3249.97,3249.91,3250.01,ETH
2026-01-07 06:13:51+00:00,831.0,3249.99,3249.92,3250.02,ETH
2026-01-07 06:13:52+00:00,832.0,3250.01,3249.97,3250.12,ETH
2026-01-07 06:13:53+00:00,833.0,3250.06,3250.03,3250.19,ETH
2026-01-07 06:13:54+00:00,834.0,3250.07,3250.02,3250.16,ETH
2026-01-07 06:13:55+00:00,835.0,3250.09,3250.0,3250.18,ETH
2026-01-07 06:13:56+00:00,836.0,3250.15,3250.02,3250.19,ETH
2026-01-07 06:13:57+00:00,837.0,3250.15,3250.02,3250.19,ETH
2026-01-07 06:13:59+00:00,839.0,3250.13,3250.02,3250.18,ETH
2026-01-07 06:14:00+00:00,840.0,3250.11,3250.02,3250.15,ETH
2026-01-07 06:14:01+00:00,841.0,3250.06,3250.01,3250.14,ETH
2026-01-07 06:14:02+00:00,842.0,3250.28,3250.2,3250.4,ETH
2026-01-07 06:14:03+00:00,843.0,3250.5,3250.39,3250.66,ETH
2026-01-07 06:14:04+00:00,844.0,3250.78,3250.78,3250.93,ETH
2026-01-07 06:14:05+00:00,845.0,3250.88,3250.88,3251.06,ETH
2026-01-07 06:14:06+00:00,846.0,3250.88,3250.88,3251.05,ETH
2026-01-07 06:14:07+00:00,847.0,3250.9,3250.84,3251.03,ETH
2026-01-07 06:14:08+00:00,848.0,3250.91,3250.81,3251.06,ETH
2026-01-07 06:14:09+00:00,849.0,3250.92,3250.81,3251.06,ETH
2026-01-07 06:14:10+00:00,850.0,3250.92,3250.83,3251.09,ETH
2026-01-07 06:14:11+00:00,851.0,3250.87,3250.8,3251.02,ETH
2026-01-07 06:14:12+00:00,852.0,3250.79,3250.64,3250.92,ETH
2026-01-07 06:14:13+00:00,853.0,3250.71,3250.58,3250.88,ETH
2026-01-07 06:14:14+00:00,854.0,3250.71,3250.64,3250.91,ETH
2026-01-07 06:14:15+00:00,855.0,3250.71,3250.61,3250.84,ETH
2026-01-07 06:14:16+00:00,856.0,3250.52,3250.47,3250.61,ETH
2026-01-07 06:14:17+00:00,857.0,3250.37,3250.36,3250.49,ETH
2026-01-07 06:14:18+00:00,858.0,3250.36,3250.35,3250.51,ETH
2026-01-07 06:14:19+00:00,859.0,3250.44,3250.39,3250.6,ETH
2026-01-07 06:14:20+00:00,860.0,3250.54,3250.48,3250.67,ETH
2026-01-07 06:14:21+00:00,861.0,3250.61,3250.55,3250.69,ETH
2026-01-07 06:14:22+00:00,862.0,3250.66,3250.56,3250.7,ETH
2026-01-07 06:14:23+00:00,863.0,3250.66,3250.56,3250.69,ETH
2026-01-07 06:14:24+00:00,864.0,3250.66,3250.56,3250.69,ETH
2026-01-07 06:14:25+00:00,865.0,3250.66,3250.55,3250.72,ETH
2026-01-07 06:14:26+00:00,866.0,3250.66,3250.54,3250.76,ETH
2026-01-07 06:14:27+00:00,867.0,3250.66,3250.55,3250.79,ETH
2026-01-07 06:14:28+00:00,868.0,3250.66,3250.55,3250.8,ETH
2026-01-07 06:14:29+00:00,869.0,3250.66,3250.55,3250.93,ETH
2026-01-07 06:14:30+00:00,870.0,3250.66,3250.55,3250.96,ETH
2026-01-07 06:14:31+00:00,871.0,3250.41,3250.4,3250.53,ETH
2026-01-07 06:14:32+00:00,872.0,3250.44,3250.39,3250.57,ETH
2026-01-07 06:14:33+00:00,873.0,3250.36,3250.36,3250.65,ETH
2026-01-07 06:14:34+00:00,874.0,3250.36,3250.35,3250.54,ETH
2026-01-07 06:14:35+00:00,875.0,3250.36,3250.35,3250.58,ETH
2026-01-07 06:14:36+00:00,876.0,3250.44,3250.43,3250.66,ETH
2026-01-07 06:14:37+00:00,877.0,3250.62,3250.52,3250.69,ETH
2026-01-07 06:14:38+00:00,878.0,3250.58,3250.52,3250.61,ETH
2026-01-07 06:14:39+00:00,879.0,3250.58,3250.52,3250.61,ETH
2026-01-07 06:14:40+00:00,880.0,3250.6,3250.53,3250.68,ETH
2026-01-07 06:14:41+00:00,881.0,3250.61,3250.53,3250.66,ETH
2026-01-07 06:14:42+00:00,882.0,3250.61,3250.53,3250.71,ETH
2026-01-07 06:14:43+00:00,883.0,3250.61,3250.53,3250.73,ETH
2026-01-07 06:14:44+00:00,884.0,3250.61,3250.53,3250.68,ETH
2026-01-07 06:14:45+00:00,885.0,3250.61,3250.53,3250.67,ETH
2026-01-07 06:14:46+00:00,886.0,3250.61,3250.52,3250.67,ETH
2026-01-07 06:14:47+00:00,887.0,3250.6,3250.52,3250.66,ETH
2026-01-07 06:14:48+00:00,888.0,3250.6,3250.52,3250.65,ETH
2026-01-07 06:14:49+00:00,889.0,3250.61,3250.51,3250.65,ETH
2026-01-07 06:14:50+00:00,890.0,3250.61,3250.51,3250.65,ETH
2026-01-07 06:14:51+00:00,891.0,3250.61,3250.51,3250.67,ETH
2026-01-07 06:14:52+00:00,892.0,3250.61,3250.51,3250.69,ETH
2026-01-07 06:14:53+00:00,893.0,3250.61,3250.51,3250.65,ETH
2026-01-07 06:14:54+00:00,894.0,3250.61,3250.51,3250.69,ETH
2026-01-07 06:14:55+00:00,895.0,3250.62,3250.48,3250.68,ETH
2026-01-07 06:14:56+00:00,896.0,3250.63,3250.62,3250.89,ETH
2026-01-07 06:14:57+00:00,897.0,3250.76,3250.61,3250.89,ETH
2026-01-07 06:14:58+00:00,898.0,3250.76,3250.61,3250.94,ETH
2026-01-07 06:14:59+00:00,899.0,3250.63,3250.59,3250.82,ETH
