timestamp,seconds,mid,bid,ask,asset
2026-01-07 12:00:00+00:00,0.0,3217.82,3217.75,3218.1,ETH
2026-01-07 12:00:01+00:00,1.0,3217.85,3217.75,3218.1,ETH
2026-01-07 12:00:02+00:00,2.0,3217.85,3217.75,3218.12,ETH
2026-01-07 12:00:03+00:00,3.0,3217.77,3217.73,3218.09,ETH
2026-01-07 12:00:04+00:00,4.0,3217.67,3217.56,3218.09,ETH
2026-01-07 12:00:05+00:00,5.0,3218.04,3217.94,3218.31,ETH
2026-01-07 12:00:06+00:00,6.0,3218.35,3218.28,3218.54,ETH
2026-01-07 12:00:07+00:00,7.0,3218.22,3218.07,3218.34,ETH
2026-01-07 12:00:08+00:00,8.0,3218.05,3217.84,3218.18,ETH
2026-01-07 12:00:09+00:00,9.0,3217.95,3217.71,3218.12,ETH
2026-01-07 12:00:10+00:00,10.0,3217.95,3217.68,3218.17,ETH
2026-01-07 12:00:11+00:00,11.0,3217.96,3217.7,3218.17,ETH
2026-01-07 12:00:12+00:00,12.0,3217.95,3217.72,3218.17,ETH
2026-01-07 12:00:13+00:00,13.0,3217.95,3217.72,3218.13,ETH
2026-01-07 12:00:14+00:00,14.0,3217.92,3217.71,3218.13,ETH
2026-01-07 12:00:15+00:00,15.0,3217.83,3217.67,3218.03,ETH
2026-01-07 12:00:16+00:00,16.0,3217.78,3217.63,3217.92,ETH
2026-01-07 12:00:17+00:00,17.0,3217.79,3217.61,3217.92,ETH
2026-01-07 12:00:18+00:00,18.0,3217.8,3217.62,3217.92,ETH
2026-01-07 12:00:19+00:00,19.0,3217.79,3217.61,3217.92,ETH
2026-01-07 12:00:20+00:00,20.0,3217.76,3217.56,3217.92,ETH
2026-01-07 12:00:21+00:00,21.0,3217.75,3217.53,3217.91,ETH
2026-01-07 12:00:22+00:00,22.0,3217.7,3217.52,3217.85,ETH
2026-01-07 12:00:23+00:00,23.0,3217.75,3217.62,3217.93,ETH
2026-01-07 12:00:24+00:00,24.0,3218.09,3218.0,3218.38,ETH
2026-01-07 12:00:25+00:00,25.0,3218.42,3218.33,3218.72,ETH
2026-01-07 12:00:26+00:00,26.0,3218.45,3218.36,3218.75,ETH
2026-01-07 12:00:27+00:00,27.0,3218.42,3218.34,3218.75,ETH
2026-01-07 12:00:28+00:00,28.0,3218.5,3218.38,3218.75,ETH
2026-01-07 12:00:29+00:00,29.0,3218.57,3218.4,3218.75,ETH
2026-01-07 12:00:30+00:00,30.0,3218.49,3218.37,3218.75,ETH
2026-01-07 12:00:31+00:00,31.0,3218.4,3218.35,3218.75,ETH
2026-01-07 12:00:32+00:00,32.0,3218.4,3218.34,3218.75,ETH
2026-01-07 12:00:33+00:00,33.0,3218.4,3218.33,3218.75,ETH
2026-01-07 12:00:34+00:00,34.0,3218.4,3218.3,3218.75,ETH
2026-01-07 12:00:35+00:00,35.0,3218.4,3218.26,3218.74,ETH
2026-01-07 12:00:36+00:00,36.0,3218.4,3218.26,3218.74,ETH
2026-01-07 12:00:37+00:00,37.0,3218.39,3218.28,3218.74,ETH
2026-01-07 12:00:38+00:00,38.0,3218.38,3218.32,3218.81,ETH
2026-01-07 12:00:39+00:00,39.0,3218.42,3218.35,3218.81,ETH
2026-01-07 12:00:40+00:00,40.0,3218.44,3218.35,3218.82,ETH
2026-01-07 12:00:41+00:00,41.0,3218.43,3218.31,3218.9,ETH
2026-01-07 12:00:42+00:00,42.0,3218.44,3218.29,3218.9,ETH
2026-01-07 12:00:43+00:00,43.0,3218.48,3218.34,3218.91,ETH
2026-01-07 12:00:44+00:00,44.0,3218.52,3218.41,3218.95,ETH
2026-01-07 12:00:45+00:00,45.0,3218.58,3218.49,3218.94,ETH
2026-01-07 12:00:46+00:00,46.0,3218.63,3218.55,3218.85,ETH
2026-01-07 12:00:47+00:00,47.0,3218.45,3218.4,3218.74,ETH
2026-01-07 12:00:49+00:00,49.0,3218.29,3218.13,3218.48,ETH
2026-01-07 12:00:50+00:00,50.0,3218.09,3218.08,3218.53,ETH
2026-01-07 12:00:51+00:00,51.0,3218.11,3218.08,3218.57,ETH
2026-01-07 12:00:52+00:00,52.0,3218.1,3218.08,3218.69,ETH
2026-01-07 12:00:53+00:00,53.0,3218.35,3218.17,3218.72,ETH
2026-01-07 12:00:54+00:00,54.0,3218.55,3218.33,3218.82,ETH
2026-01-07 12:00:55+00:00,55.0,3218.68,3218.5,3218.92,ETH
2026-01-07 12:00:56+00:00,56.0,3218.68,3218.59,3218.95,ETH
2026-01-07 12:00:57+00:00,57.0,3218.65,3218.58,3218.91,ETH
2026-01-07 12:00:58+00:00,58.0,3218.63,3218.54,3218.86,ETH
2026-01-07 12:00:59+00:00,59.0,3218.62,3218.55,3218.86,ETH
2026-01-07 12:01:00+00:00,60.0,3218.52,3218.46,3218.8,ETH
2026-01-07 12:01:01+00:00,61.0,3218.47,3218.34,3218.75,ETH
2026-01-07 12:01:02+00:00,62.0,3218.51,3218.32,3218.74,ETH
2026-01-07 12:01:03+00:00,63.0,3218.5,3218.32,3218.74,ETH
2026-01-07 12:01:04+00:00,64.0,3218.43,3218.28,3218.74,ETH
2026-01-07 12:01:05+00:00,65.0,3218.35,3218.22,3218.74,ETH
2026-01-07 12:01:06+00:00,66.0,3218.35,3218.22,3218.74,ETH
2026-01-07 12:01:07+00:00,67.0,3218.35,3218.22,3218.74,ETH
2026-01-07 12:01:08+00:00,68.0,3218.35,3218.21,3218.74,ETH
2026-01-07 12:01:09+00:00,69.0,3218.21,3218.0,3218.54,ETH
2026-01-07 12:01:10+00:00,70.0,3217.88,3217.7,3218.04,ETH
2026-01-07 12:01:11+00:00,71.0,3217.68,3217.57,3217.72,ETH
2026-01-07 12:01:12+00:00,72.0,3217.63,3217.53,3217.72,ETH
2026-01-07 12:01:13+00:00,73.0,3217.6,3217.5,3217.71,ETH
2026-01-07 12:01:14+00:00,74.0,3217.65,3217.49,3217.72,ETH
2026-01-07 12:01:15+00:00,75.0,3217.72,3217.53,3217.86,ETH
2026-01-07 12:01:16+00:00,76.0,3217.83,3217.64,3217.97,ETH
2026-01-07 12:01:17+00:00,77.0,3217.89,3217.69,3217.94,ETH
2026-01-07 12:01:18+00:00,78.0,3217.81,3217.75,3217.87,ETH
2026-01-07 12:01:19+00:00,79.0,3217.82,3217.74,3217.87,ETH
2026-01-07 12:01:20+00:00,80.0,3217.82,3217.74,3217.87,ETH
2026-01-07 12:01:21+00:00,81.0,3217.81,3217.72,3217.87,ETH
2026-01-07 12:01:22+00:00,82.0,3217.58,3217.52,3217.7,ETH
2026-01-07 12:01:23+00:00,83.0,3217.57,3217.51,3217.7,ETH
2026-01-07 12:01:24+00:00,84.0,3217.55,3217.49,3217.7,ETH
2026-01-07 12:01:25+00:00,85.0,3217.54,3217.47,3217.7,ETH
2026-01-07 12:01:26+00:00,86.0,3217.58,3217.34,3217.65,ETH
2026-01-07 12:01:27+00:00,87.0,3217.58,3217.35,3217.69,ETH
2026-01-07 12:01:28+00:00,88.0,3217.63,3217.36,3217.7,ETH
2026-01-07 12:01:29+00:00,89.0,3217.41,3217.3,3217.58,ETH
2026-01-07 12:01:30+00:00,90.0,3217.39,3217.31,3217.44,ETH
2026-01-07 12:01:31+00:00,91.0,3217.39,3217.31,3217.43,ETH
2026-01-07 12:01:32+00:00,92.0,3217.39,3217.31,3217.43,ETH
2026-01-07 12:01:33+00:00,93.0,3217.39,3217.3,3217.44,ETH
2026-01-07 12:01:34+00:00,94.0,3217.39,3217.3,3217.43,ETH
2026-01-07 12:01:35+00:00,95.0,3217.35,3217.29,3217.41,ETH
2026-01-07 12:01:36+00:00,96.0,3217.76,3217.63,3217.9,ETH
2026-01-07 12:01:37+00:00,97.0,3218.16,3218.03,3218.46,ETH
2026-01-07 12:01:38+00:00,98.0,3218.14,3218.08,3218.5,ETH
2026-01-07 12:01:39+00:00,99.0,3218.13,3218.07,3218.43,ETH
2026-01-07 12:01:40+00:00,100.0,3218.15,3218.09,3218.38,ETH
2026-01-07 12:01:41+00:00,101.0,3217.96,3217.9,3218.26,ETH
2026-01-07 12:01:42+00:00,102.0,3217.88,3217.84,3218.01,ETH
2026-01-07 12:01:43+00:00,103.0,3217.86,3217.77,3217.89,ETH
2026-01-07 12:01:44+00:00,104.0,3217.82,3217.77,3217.87,ETH
2026-01-07 12:01:45+00:00,105.0,3217.76,3217.72,3217.87,ETH
2026-01-07 12:01:46+00:00,106.0,3217.74,3217.65,3217.87,ETH
2026-01-07 12:01:47+00:00,107.0,3217.74,3217.65,3217.87,ETH
2026-01-07 12:01:48+00:00,108.0,3217.71,3217.65,3217.87,ETH
2026-01-07 12:01:49+00:00,109.0,3217.71,3217.65,3217.87,ETH
2026-01-07 12:01:50+00:00,110.0,3217.71,3217.65,3217.87,ETH
2026-01-07 12:01:51+00:00,111.0,3217.71,3217.66,3217.87,ETH
2026-01-07 12:01:52+00:00,112.0,3217.64,3217.64,3217.87,ETH
2026-01-07 12:01:53+00:00,113.0,3217.64,3217.64,3217.87,ETH
2026-01-07 12:01:54+00:00,114.0,3217.64,3217.64,3217.87,ETH
2026-01-07 12:01:55+00:00,115.0,3217.75,3217.64,3217.89,ETH
2026-01-07 12:01:56+00:00,116.0,3217.73,3217.65,3218.07,ETH
2026-01-07 12:01:57+00:00,117.0,3217.78,3217.73,3217.98,ETH
2026-01-07 12:01:58+00:00,118.0,3217.77,3217.72,3217.98,ETH
2026-01-07 12:01:59+00:00,119.0,3217.76,3217.71,3217.97,ETH
2026-01-07 12:02:00+00:00,120.0,3217.75,3217.71,3217.97,ETH
2026-01-07 12:02:01+00:00,121.0,3217.81,3217.68,3217.9,ETH
2026-01-07 12:02:02+00:00,122.0,3217.69,3217.67,3217.94,ETH
2026-01-07 12:02:03+00:00,123.0,3217.78,3217.72,3218.27,ETH
2026-01-07 12:02:04+00:00,124.0,3217.86,3217.74,3218.28,ETH
2026-01-07 12:02:05+00:00,125.0,3218.07,3217.77,3218.35,ETH
2026-01-07 12:02:06+00:00,126.0,3218.04,3217.79,3218.31,ETH
2026-01-07 12:02:07+00:00,127.0,3217.91,3217.79,3218.07,ETH
2026-01-07 12:02:08+00:00,128.0,3218.03,3217.79,3218.3,ETH
2026-01-07 12:02:09+00:00,129.0,3217.95,3217.79,3218.07,ETH
2026-01-07 12:02:10+00:00,130.0,3217.93,3217.79,3218.07,ETH
2026-01-07 12:02:11+00:00,131.0,3217.93,3217.76,3218.07,ETH
2026-01-07 12:02:12+00:00,132.0,3217.89,3217.75,3218.07,ETH
2026-01-07 12:02:13+00:00,133.0,3217.92,3217.75,3218.07,ETH
2026-01-07 12:02:14+00:00,134.0,3217.95,3217.75,3218.07,ETH
2026-01-07 12:02:15+00:00,135.0,3217.95,3217.78,3218.07,ETH
2026-01-07 12:02:16+00:00,136.0,3217.96,3217.79,3218.07,ETH
2026-01-07 12:02:17+00:00,137.0,3217.97,3217.79,3218.08,ETH
2026-01-07 12:02:18+00:00,138.0,3217.97,3217.79,3218.08,ETH
2026-01-07 12:02:19+00:00,139.0,3217.93,3217.79,3218.08,ETH
2026-01-07 12:02:20+00:00,140.0,3217.95,3217.79,3218.08,ETH
2026-01-07 12:02:21+00:00,141.0,3217.97,3217.79,3218.08,ETH
2026-01-07 12:02:22+00:00,142.0,3218.08,3217.93,3218.15,ETH
2026-01-07 12:02:23+00:00,143.0,3218.08,3217.95,3218.18,ETH
2026-01-07 12:02:24+00:00,144.0,3218.08,3217.97,3218.21,ETH
2026-01-07 12:02:25+00:00,145.0,3218.08,3217.99,3218.24,ETH
2026-01-07 12:02:26+00:00,146.0,3218.11,3218.08,3218.24,ETH
2026-01-07 12:02:27+00:00,147.0,3218.11,3218.08,3218.23,ETH
2026-01-07 12:02:28+00:00,148.0,3218.11,3218.08,3218.21,ETH
2026-01-07 12:02:29+00:00,149.0,3217.76,3217.57,3217.97,ETH
2026-01-07 12:02:30+00:00,150.0,3217.75,3217.58,3217.97,ETH
2026-01-07 12:02:31+00:00,151.0,3217.75,3217.58,3217.99,ETH
2026-01-07 12:02:32+00:00,152.0,3217.75,3217.56,3217.96,ETH
2026-01-07 12:02:33+00:00,153.0,3217.75,3217.59,3217.98,ETH
2026-01-07 12:02:34+00:00,154.0,3217.75,3217.59,3217.96,ETH
2026-01-07 12:02:35+00:00,155.0,3217.75,3217.59,3217.98,ETH
2026-01-07 12:02:36+00:00,156.0,3217.75,3217.59,3217.86,ETH
2026-01-07 12:02:37+00:00,157.0,3217.75,3217.58,3217.93,ETH
2026-01-07 12:02:38+00:00,158.0,3217.75,3217.58,3217.85,ETH
2026-01-07 12:02:39+00:00,159.0,3217.75,3217.58,3217.87,ETH
2026-01-07 12:02:40+00:00,160.0,3217.75,3217.58,3217.85,ETH
2026-01-07 12:02:41+00:00,161.0,3217.75,3217.55,3217.83,ETH
2026-01-07 12:02:42+00:00,162.0,3217.75,3217.54,3217.84,ETH
2026-01-07 12:02:43+00:00,163.0,3217.76,3217.54,3217.85,ETH
2026-01-07 12:02:44+00:00,164.0,3217.75,3217.54,3217.8,ETH
2026-01-07 12:02:45+00:00,165.0,3217.75,3217.54,3217.8,ETH
2026-01-07 12:02:46+00:00,166.0,3217.75,3217.54,3217.91,ETH
2026-01-07 12:02:47+00:00,167.0,3217.75,3217.55,3217.91,ETH
2026-01-07 12:02:48+00:00,168.0,3217.75,3217.54,3217.81,ETH
2026-01-07 12:02:49+00:00,169.0,3217.75,3217.58,3217.83,ETH
2026-01-07 12:02:50+00:00,170.0,3217.75,3217.58,3217.81,ETH
2026-01-07 12:02:51+00:00,171.0,3217.76,3217.58,3217.82,ETH
2026-01-07 12:02:52+00:00,172.0,3217.76,3217.57,3217.83,ETH
2026-01-07 12:02:53+00:00,173.0,3217.56,3217.53,3217.79,ETH
2026-01-07 12:02:54+00:00,174.0,3217.59,3217.55,3217.82,ETH
2026-01-07 12:02:55+00:00,175.0,3217.59,3217.55,3217.82,ETH
2026-01-07 12:02:56+00:00,176.0,3217.6,3217.55,3217.82,ETH
2026-01-07 12:02:57+00:00,177.0,3217.62,3217.55,3217.82,ETH
2026-01-07 12:02:58+00:00,178.0,3217.62,3217.56,3217.82,ETH
2026-01-07 12:02:59+00:00,179.0,3217.69,3217.59,3217.89,ETH
2026-01-07 12:03:00+00:00,180.0,3217.78,3217.63,3217.99,ETH
2026-01-07 12:03:01+00:00,181.0,3217.83,3217.65,3218.02,ETH
2026-01-07 12:03:02+00:00,182.0,3217.87,3217.66,3218.06,ETH
2026-01-07 12:03:03+00:00,183.0,3217.88,3217.76,3218.08,ETH
2026-01-07 12:03:04+00:00,184.0,3217.89,3217.84,3218.08,ETH
2026-01-07 12:03:05+00:00,185.0,3217.93,3217.84,3218.08,ETH
2026-01-07 12:03:06+00:00,186.0,3217.94,3217.85,3218.08,ETH
2026-01-07 12:03:07+00:00,187.0,3217.94,3217.85,3218.08,ETH
2026-01-07 12:03:08+00:00,188.0,3217.94,3217.85,3218.08,ETH
2026-01-07 12:03:09+00:00,189.0,3217.94,3217.85,3218.08,ETH
2026-01-07 12:03:10+00:00,190.0,3217.94,3217.85,3218.08,ETH
2026-01-07 12:03:12+00:00,192.0,3217.95,3217.84,3218.08,ETH
2026-01-07 12:03:13+00:00,193.0,3217.96,3217.91,3218.17,ETH
2026-01-07 12:03:14+00:00,194.0,3218.04,3217.84,3218.14,ETH
2026-01-07 12:03:15+00:00,195.0,3218.08,3218.03,3218.19,ETH
2026-01-07 12:03:16+00:00,196.0,3218.15,3217.98,3218.2,ETH
2026-01-07 12:03:17+00:00,197.0,3218.16,3217.99,3218.31,ETH
2026-01-07 12:03:18+00:00,198.0,3218.23,3218.07,3218.38,ETH
2026-01-07 12:03:19+00:00,199.0,3218.28,3218.14,3218.46,ETH
2026-01-07 12:03:20+00:00,200.0,3218.25,3218.14,3218.46,ETH
2026-01-07 12:03:21+00:00,201.0,3218.24,3218.15,3218.47,ETH
2026-01-07 12:03:22+00:00,202.0,3218.27,3218.16,3218.51,ETH
2026-01-07 12:03:23+00:00,203.0,3218.39,3218.27,3218.56,ETH
2026-01-07 12:03:24+00:00,204.0,3218.48,3218.37,3218.61,ETH
2026-01-07 12:03:25+00:00,205.0,3218.5,3218.37,3218.65,ETH
2026-01-07 12:03:26+00:00,206.0,3218.53,3218.36,3218.66,ETH
2026-01-07 12:03:27+00:00,207.0,3218.52,3218.37,3218.66,ETH
2026-01-07 12:03:28+00:00,208.0,3218.52,3218.37,3218.65,ETH
2026-01-07 12:03:29+00:00,209.0,3218.51,3218.36,3218.64,ETH
2026-01-07 12:03:30+00:00,210.0,3218.48,3218.36,3218.64,ETH
2026-01-07 12:03:31+00:00,211.0,3218.54,3218.38,3218.7,ETH
2026-01-07 12:03:32+00:00,212.0,3218.62,3218.41,3218.75,ETH
2026-01-07 12:03:33+00:00,213.0,3218.56,3218.41,3218.74,ETH
2026-01-07 12:03:34+00:00,214.0,3218.46,3218.38,3218.74,ETH
2026-01-07 12:03:35+00:00,215.0,3218.47,3218.38,3218.74,ETH
2026-01-07 12:03:36+00:00,216.0,3218.52,3218.41,3218.74,ETH
2026-01-07 12:03:37+00:00,217.0,3218.5,3218.42,3218.74,ETH
2026-01-07 12:03:38+00:00,218.0,3218.51,3218.43,3218.74,ETH
2026-01-07 12:03:39+00:00,219.0,3218.53,3218.43,3218.74,ETH
2026-01-07 12:03:40+00:00,220.0,3218.55,3218.43,3218.74,ETH
2026-01-07 12:03:41+00:00,221.0,3218.53,3218.44,3218.74,ETH
2026-01-07 12:03:42+00:00,222.0,3218.5,3218.44,3218.74,ETH
2026-01-07 12:03:43+00:00,223.0,3218.5,3218.44,3218.74,ETH
2026-01-07 12:03:44+00:00,224.0,3218.49,3218.43,3218.74,ETH
2026-01-07 12:03:45+00:00,225.0,3218.53,3218.46,3218.74,ETH
2026-01-07 12:03:46+00:00,226.0,3218.53,3218.42,3218.74,ETH
2026-01-07 12:03:47+00:00,227.0,3218.53,3218.36,3218.74,ETH
2026-01-07 12:03:48+00:00,228.0,3218.53,3218.37,3218.75,ETH
2026-01-07 12:03:50+00:00,230.0,3218.52,3218.37,3218.77,ETH
2026-01-07 12:03:51+00:00,231.0,3218.52,3218.37,3218.86,ETH
2026-01-07 12:03:52+00:00,232.0,3218.53,3218.35,3218.86,ETH
2026-01-07 12:03:53+00:00,233.0,3218.52,3218.34,3218.81,ETH
2026-01-07 12:03:54+00:00,234.0,3218.48,3218.34,3218.8,ETH
2026-01-07 12:03:55+00:00,235.0,3218.43,3218.33,3218.77,ETH
2026-01-07 12:03:56+00:00,236.0,3218.43,3218.32,3218.75,ETH
2026-01-07 12:03:57+00:00,237.0,3218.43,3218.31,3218.75,ETH
2026-01-07 12:03:58+00:00,238.0,3218.43,3218.31,3218.75,ETH
2026-01-07 12:03:59+00:00,239.0,3218.47,3218.31,3218.75,ETH
2026-01-07 12:04:00+00:00,240.0,3218.51,3218.31,3218.75,ETH
2026-01-07 12:04:01+00:00,241.0,3218.51,3218.31,3218.75,ETH
2026-01-07 12:04:02+00:00,242.0,3218.52,3218.32,3218.77,ETH
2026-01-07 12:04:03+00:00,243.0,3218.52,3218.4,3218.77,ETH
2026-01-07 12:04:04+00:00,244.0,3218.52,3218.46,3218.75,ETH
2026-01-07 12:04:05+00:00,245.0,3218.53,3218.49,3218.77,ETH
2026-01-07 12:04:06+00:00,246.0,3218.87,3218.81,3219.13,ETH
2026-01-07 12:04:07+00:00,247.0,3219.21,3219.11,3219.47,ETH
2026-01-07 12:04:08+00:00,248.0,3219.21,3219.11,3219.46,ETH
2026-01-07 12:04:09+00:00,249.0,3219.23,3219.13,3219.45,ETH
2026-01-07 12:04:10+00:00,250.0,3219.57,3219.49,3219.76,ETH
2026-01-07 12:04:11+00:00,251.0,3219.89,3219.83,3220.07,ETH
2026-01-07 12:04:12+00:00,252.0,3219.89,3219.81,3220.0,ETH
2026-01-07 12:04:13+00:00,253.0,3219.88,3219.79,3219.94,ETH
2026-01-07 12:04:14+00:00,254.0,3219.88,3219.78,3219.94,ETH
2026-01-07 12:04:15+00:00,255.0,3219.95,3219.8,3220.05,ETH
2026-01-07 12:04:16+00:00,256.0,3220.03,3219.83,3220.11,ETH
2026-01-07 12:04:17+00:00,257.0,3220.04,3219.88,3220.12,ETH
2026-01-07 12:04:18+00:00,258.0,3220.04,3219.97,3220.17,ETH
2026-01-07 12:04:19+00:00,259.0,3220.04,3219.94,3220.1,ETH
2026-01-07 12:04:20+00:00,260.0,3219.94,3219.84,3219.98,ETH
2026-01-07 12:04:21+00:00,261.0,3219.85,3219.76,3219.91,ETH
2026-01-07 12:04:22+00:00,262.0,3219.83,3219.76,3219.91,ETH
2026-01-07 12:04:23+00:00,263.0,3219.81,3219.75,3219.91,ETH
2026-01-07 12:04:24+00:00,264.0,3219.8,3219.75,3219.91,ETH
2026-01-07 12:04:25+00:00,265.0,3219.79,3219.72,3219.91,ETH
2026-01-07 12:04:26+00:00,266.0,3219.77,3219.7,3219.91,ETH
2026-01-07 12:04:27+00:00,267.0,3219.77,3219.7,3219.91,ETH
2026-01-07 12:04:28+00:00,268.0,3219.75,3219.69,3219.91,ETH
2026-01-07 12:04:29+00:00,269.0,3219.59,3219.55,3219.71,ETH
2026-01-07 12:04:30+00:00,270.0,3219.46,3219.42,3219.53,ETH
2026-01-07 12:04:31+00:00,271.0,3219.4,3219.34,3219.43,ETH
2026-01-07 12:04:32+00:00,272.0,3219.4,3219.31,3219.43,ETH
2026-01-07 12:04:33+00:00,273.0,3219.33,3219.29,3219.43,ETH
2026-01-07 12:04:34+00:00,274.0,3219.33,3219.28,3219.43,ETH
2026-01-07 12:04:35+00:00,275.0,3218.95,3218.94,3219.09,ETH
2026-01-07 12:04:36+00:00,276.0,3218.79,3218.76,3218.95,ETH
2026-01-07 12:04:37+00:00,277.0,3218.58,3218.56,3218.95,ETH
2026-01-07 12:04:38+00:00,278.0,3218.6,3218.58,3218.95,ETH
2026-01-07 12:04:39+00:00,279.0,3218.55,3218.5,3218.95,ETH
2026-01-07 12:04:40+00:00,280.0,3218.56,3218.51,3218.95,ETH
2026-01-07 12:04:41+00:00,281.0,3218.37,3218.33,3218.59,ETH
2026-01-07 12:04:42+00:00,282.0,3218.38,3218.33,3218.59,ETH
2026-01-07 12:04:43+00:00,283.0,3218.34,3218.29,3218.59,ETH
2026-01-07 12:04:44+00:00,284.0,3218.34,3218.3,3218.59,ETH
2026-01-07 12:04:45+00:00,285.0,3218.33,3218.28,3218.59,ETH
2026-01-07 12:04:46+00:00,286.0,3218.29,3218.24,3218.49,ETH
2026-01-07 12:04:47+00:00,287.0,3218.2,3218.19,3218.24,ETH
2026-01-07 12:04:48+00:00,288.0,3218.2,3218.06,3218.25,ETH
2026-01-07 12:04:49+00:00,289.0,3217.87,3217.65,3218.08,ETH
2026-01-07 12:04:50+00:00,290.0,3217.86,3217.65,3218.01,ETH
2026-01-07 12:04:51+00:00,291.0,3217.85,3217.65,3217.95,ETH
2026-01-07 12:04:52+00:00,292.0,3217.84,3217.66,3217.88,ETH
2026-01-07 12:04:53+00:00,293.0,3217.84,3217.67,3217.89,ETH
2026-01-07 12:04:54+00:00,294.0,3217.79,3217.67,3217.89,ETH
2026-01-07 12:04:55+00:00,295.0,3217.76,3217.67,3217.88,ETH
2026-01-07 12:04:57+00:00,297.0,3217.81,3217.65,3217.88,ETH
2026-01-07 12:04:58+00:00,298.0,3217.81,3217.65,3217.88,ETH
2026-01-07 12:04:59+00:00,299.0,3217.79,3217.62,3217.87,ETH
2026-01-07 12:05:00+00:00,300.0,3217.62,3217.6,3217.7,ETH
2026-01-07 12:05:01+00:00,301.0,3217.71,3217.54,3217.8,ETH
2026-01-07 12:05:02+00:00,302.0,3217.63,3217.46,3217.69,ETH
2026-01-07 12:05:03+00:00,303.0,3217.68,3217.61,3217.84,ETH
2026-01-07 12:05:04+00:00,304.0,3217.62,3217.57,3217.69,ETH
2026-01-07 12:05:05+00:00,305.0,3217.28,3217.27,3217.51,ETH
2026-01-07 12:05:06+00:00,306.0,3217.23,3217.18,3217.34,ETH
2026-01-07 12:05:07+00:00,307.0,3216.97,3216.9,3217.03,ETH
2026-01-07 12:05:08+00:00,308.0,3216.97,3216.85,3217.02,ETH
2026-01-07 12:05:09+00:00,309.0,3216.81,3216.69,3216.98,ETH
2026-01-07 12:05:10+00:00,310.0,3216.79,3216.69,3216.84,ETH
2026-01-07 12:05:11+00:00,311.0,3216.61,3216.57,3216.78,ETH
2026-01-07 12:05:12+00:00,312.0,3216.42,3216.29,3216.59,ETH
2026-01-07 12:05:13+00:00,313.0,3216.31,3216.2,3216.46,ETH
2026-01-07 12:05:14+00:00,314.0,3216.24,3216.0,3216.45,ETH
2026-01-07 12:05:15+00:00,315.0,3216.24,3216.02,3216.25,ETH
2026-01-07 12:05:16+00:00,316.0,3216.07,3215.97,3216.14,ETH
2026-01-07 12:05:17+00:00,317.0,3215.89,3215.76,3215.94,ETH
2026-01-07 12:05:18+00:00,318.0,3215.82,3215.67,3215.89,ETH
2026-01-07 12:05:19+00:00,319.0,3215.74,3215.66,3215.91,ETH
2026-01-07 12:05:20+00:00,320.0,3215.71,3215.66,3215.93,ETH
2026-01-07 12:05:21+00:00,321.0,3215.7,3215.65,3215.89,ETH
2026-01-07 12:05:22+00:00,322.0,3215.7,3215.61,3215.86,ETH
2026-01-07 12:05:23+00:00,323.0,3215.71,3215.59,3215.86,ETH
2026-01-07 12:05:24+00:00,324.0,3215.72,3215.61,3215.89,ETH
2026-01-07 12:05:25+00:00,325.0,3215.72,3215.63,3215.91,ETH
2026-01-07 12:05:26+00:00,326.0,3215.71,3215.6,3215.89,ETH
2026-01-07 12:05:27+00:00,327.0,3215.54,3215.46,3215.72,ETH
2026-01-07 12:05:28+00:00,328.0,3215.31,3215.28,3215.46,ETH
2026-01-07 12:05:29+00:00,329.0,3215.0,3214.8,3215.07,ETH
2026-01-07 12:05:30+00:00,330.0,3214.09,3213.78,3214.15,ETH
2026-01-07 12:05:31+00:00,331.0,3213.32,3213.15,3213.47,ETH
2026-01-07 12:05:32+00:00,332.0,3213.15,3213.06,3213.31,ETH
2026-01-07 12:05:33+00:00,333.0,3212.95,3212.83,3213.02,ETH
2026-01-07 12:05:34+00:00,334.0,3212.56,3212.4,3212.74,ETH
2026-01-07 12:05:35+00:00,335.0,3212.21,3212.04,3212.45,ETH
2026-01-07 12:05:36+00:00,336.0,3212.19,3212.06,3212.3,ETH
2026-01-07 12:05:37+00:00,337.0,3212.49,3212.44,3212.55,ETH
2026-01-07 12:05:38+00:00,338.0,3213.15,3213.05,3213.23,ETH
2026-01-07 12:05:39+00:00,339.0,3213.44,3213.02,3213.55,ETH
2026-01-07 12:05:40+00:00,340.0,3213.3,3212.64,3213.43,ETH
2026-01-07 12:05:41+00:00,341.0,3212.71,3212.48,3213.0,ETH
2026-01-07 12:05:42+00:00,342.0,3212.75,3212.65,3212.85,ETH
2026-01-07 12:05:43+00:00,343.0,3212.76,3212.67,3212.82,ETH
2026-01-07 12:05:44+00:00,344.0,3213.37,3213.25,3213.65,ETH
2026-01-07 12:05:45+00:00,345.0,3213.51,3213.36,3213.65,ETH
2026-01-07 12:05:46+00:00,346.0,3213.6,3213.46,3213.92,ETH
2026-01-07 12:05:47+00:00,347.0,3213.27,3213.08,3213.28,ETH
2026-01-07 12:05:48+00:00,348.0,3212.88,3212.82,3213.17,ETH
2026-01-07 12:05:49+00:00,349.0,3212.81,3212.65,3213.06,ETH
2026-01-07 12:05:50+00:00,350.0,3212.83,3212.65,3212.92,ETH
2026-01-07 12:05:51+00:00,351.0,3212.71,3212.55,3212.82,ETH
2026-01-07 12:05:52+00:00,352.0,3212.45,3212.36,3212.71,ETH
2026-01-07 12:05:53+00:00,353.0,3212.37,3212.28,3212.57,ETH
2026-01-07 12:05:54+00:00,354.0,3212.43,3212.3,3212.49,ETH
2026-01-07 12:05:55+00:00,355.0,3212.45,3212.31,3212.51,ETH
2026-01-07 12:05:56+00:00,356.0,3212.53,3212.36,3212.63,ETH
2026-01-07 12:05:57+00:00,357.0,3212.43,3212.22,3212.51,ETH
2026-01-07 12:05:58+00:00,358.0,3212.16,3212.0,3212.25,ETH
2026-01-07 12:05:59+00:00,359.0,3211.97,3211.85,3212.14,ETH
2026-01-07 12:06:00+00:00,360.0,3211.85,3211.71,3212.01,ETH
2026-01-07 12:06:01+00:00,361.0,3211.72,3211.6,3211.85,ETH
2026-01-07 12:06:02+00:00,362.0,3211.95,3211.83,3212.11,ETH
2026-01-07 12:06:03+00:00,363.0,3212.25,3212.14,3212.35,ETH
2026-01-07 12:06:04+00:00,364.0,3212.21,3212.1,3212.23,ETH
2026-01-07 12:06:05+00:00,365.0,3212.02,3211.89,3212.09,ETH
2026-01-07 12:06:06+00:00,366.0,3211.8,3211.7,3211.98,ETH
2026-01-07 12:06:07+00:00,367.0,3211.73,3211.68,3211.87,ETH
2026-01-07 12:06:08+00:00,368.0,3211.66,3211.59,3211.75,ETH
2026-01-07 12:06:09+00:00,369.0,3211.8,3211.69,3211.97,ETH
2026-01-07 12:06:10+00:00,370.0,3212.21,3212.02,3212.37,ETH
2026-01-07 12:06:11+00:00,371.0,3212.45,3212.24,3212.57,ETH
2026-01-07 12:06:12+00:00,372.0,3212.51,3212.34,3212.61,ETH
2026-01-07 12:06:13+00:00,373.0,3212.52,3212.39,3212.72,ETH
2026-01-07 12:06:14+00:00,374.0,3212.52,3212.38,3212.79,ETH
2026-01-07 12:06:15+00:00,375.0,3212.59,3212.46,3212.84,ETH
2026-01-07 12:06:16+00:00,376.0,3212.73,3212.62,3212.95,ETH
2026-01-07 12:06:17+00:00,377.0,3212.87,3212.77,3213.07,ETH
2026-01-07 12:06:18+00:00,378.0,3212.92,3212.83,3213.16,ETH
2026-01-07 12:06:19+00:00,379.0,3212.93,3212.78,3213.16,ETH
2026-01-07 12:06:20+00:00,380.0,3212.93,3212.77,3213.16,ETH
2026-01-07 12:06:21+00:00,381.0,3212.96,3212.78,3213.16,ETH
2026-01-07 12:06:22+00:00,382.0,3213.0,3212.8,3213.16,ETH
2026-01-07 12:06:23+00:00,383.0,3213.01,3212.81,3213.16,ETH
2026-01-07 12:06:24+00:00,384.0,3212.96,3212.82,3213.16,ETH
2026-01-07 12:06:25+00:00,385.0,3212.92,3212.84,3213.16,ETH
2026-01-07 12:06:26+00:00,386.0,3212.93,3212.88,3213.16,ETH
2026-01-07 12:06:27+00:00,387.0,3212.94,3212.86,3213.16,ETH
2026-01-07 12:06:28+00:00,388.0,3212.94,3212.83,3213.16,ETH
2026-01-07 12:06:29+00:00,389.0,3212.94,3212.86,3213.16,ETH
2026-01-07 12:06:30+00:00,390.0,3212.94,3212.88,3213.16,ETH
2026-01-07 12:06:31+00:00,391.0,3212.91,3212.68,3212.95,ETH
2026-01-07 12:06:32+00:00,392.0,3212.49,3212.45,3212.69,ETH
2026-01-07 12:06:33+00:00,393.0,3212.6,3212.48,3212.68,ETH
2026-01-07 12:06:34+00:00,394.0,3212.37,3212.04,3212.68,ETH
2026-01-07 12:06:35+00:00,395.0,3212.37,3212.06,3212.47,ETH
2026-01-07 12:06:36+00:00,396.0,3212.0,3211.98,3212.11,ETH
2026-01-07 12:06:37+00:00,397.0,3211.8,3211.78,3211.93,ETH
2026-01-07 12:06:38+00:00,398.0,3211.54,3211.47,3211.76,ETH
2026-01-07 12:06:39+00:00,399.0,3211.75,3211.5,3211.82,ETH
2026-01-07 12:06:40+00:00,400.0,3211.63,3211.37,3211.74,ETH
2026-01-07 12:06:41+00:00,401.0,3211.63,3211.36,3211.64,ETH
2026-01-07 12:06:42+00:00,402.0,3211.63,3211.36,3211.64,ETH
2026-01-07 12:06:43+00:00,403.0,3211.62,3211.38,3211.65,ETH
2026-01-07 12:06:44+00:00,404.0,3211.6,3211.39,3211.73,ETH
2026-01-07 12:06:45+00:00,405.0,3211.19,3211.19,3211.36,ETH
2026-01-07 12:06:46+00:00,406.0,3210.65,3210.56,3210.94,ETH
2026-01-07 12:06:47+00:00,407.0,3210.23,3210.15,3210.65,ETH
2026-01-07 12:06:48+00:00,408.0,3210.13,3210.04,3210.41,ETH
2026-01-07 12:06:49+00:00,409.0,3209.88,3209.85,3210.16,ETH
2026-01-07 12:06:50+00:00,410.0,3209.87,3209.65,3210.12,ETH
2026-01-07 12:06:51+00:00,411.0,3209.85,3209.76,3210.06,ETH
2026-01-07 12:06:52+00:00,412.0,3209.48,3209.28,3209.6,ETH
2026-01-07 12:06:53+00:00,413.0,3209.48,3209.29,3209.69,ETH
2026-01-07 12:06:54+00:00,414.0,3209.4,3209.2,3209.6,ETH
2026-01-07 12:06:55+00:00,415.0,3209.61,3209.3,3209.75,ETH
2026-01-07 12:06:56+00:00,416.0,3209.82,3209.55,3210.1,ETH
2026-01-07 12:06:57+00:00,417.0,3210.9,3210.61,3210.97,ETH
2026-01-07 12:06:58+00:00,418.0,3210.89,3210.61,3211.0,ETH
2026-01-07 12:06:59+00:00,419.0,3210.89,3210.62,3211.01,ETH
2026-01-07 12:07:00+00:00,420.0,3210.89,3210.64,3211.18,ETH
2026-01-07 12:07:01+00:00,421.0,3211.26,3211.09,3211.55,ETH
2026-01-07 12:07:02+00:00,422.0,3211.46,3211.29,3211.88,ETH
2026-01-07 12:07:03+00:00,423.0,3211.6,3211.45,3211.89,ETH
2026-01-07 12:07:04+00:00,424.0,3212.25,3212.19,3212.33,ETH
2026-01-07 12:07:05+00:00,425.0,3212.02,3211.88,3212.06,ETH
2026-01-07 12:07:06+00:00,426.0,3211.64,3211.63,3211.92,ETH
2026-01-07 12:07:07+00:00,427.0,3211.63,3211.62,3211.92,ETH
2026-01-07 12:07:08+00:00,428.0,3211.63,3211.62,3211.96,ETH
2026-01-07 12:07:09+00:00,429.0,3211.87,3211.66,3212.19,ETH
2026-01-07 12:07:10+00:00,430.0,3212.09,3211.94,3212.19,ETH
2026-01-07 12:07:11+00:00,431.0,3212.15,3212.13,3212.6,ETH
2026-01-07 12:07:12+00:00,432.0,3212.65,3212.54,3212.94,ETH
2026-01-07 12:07:13+00:00,433.0,3214.22,3213.9,3214.35,ETH
2026-01-07 12:07:14+00:00,434.0,3214.08,3214.02,3214.08,ETH
2026-01-07 12:07:15+00:00,435.0,3214.35,3214.34,3214.51,ETH
2026-01-07 12:07:16+00:00,436.0,3214.41,3214.4,3214.45,ETH
2026-01-07 12:07:17+00:00,437.0,3214.21,3214.21,3214.34,ETH
2026-01-07 12:07:18+00:00,438.0,3214.15,3213.66,3214.36,ETH
2026-01-07 12:07:19+00:00,439.0,3213.22,3213.2,3213.42,ETH
2026-01-07 12:07:20+00:00,440.0,3212.95,3212.93,3213.25,ETH
2026-01-07 12:07:21+00:00,441.0,3212.76,3212.71,3213.11,ETH
2026-01-07 12:07:22+00:00,442.0,3212.64,3212.5,3212.9,ETH
2026-01-07 12:07:23+00:00,443.0,3212.64,3212.45,3212.9,ETH
2026-01-07 12:07:24+00:00,444.0,3212.64,3212.44,3212.84,ETH
2026-01-07 12:07:25+00:00,445.0,3212.64,3212.53,3212.8,ETH
2026-01-07 12:07:26+00:00,446.0,3212.77,3212.47,3213.06,ETH
2026-01-07 12:07:27+00:00,447.0,3214.24,3213.9,3214.44,ETH
2026-01-07 12:07:28+00:00,448.0,3214.22,3214.1,3214.34,ETH
2026-01-07 12:07:29+00:00,449.0,3214.24,3214.17,3214.41,ETH
2026-01-07 12:07:30+00:00,450.0,3214.33,3214.22,3214.41,ETH
2026-01-07 12:07:31+00:00,451.0,3214.31,3214.21,3214.41,ETH
2026-01-07 12:07:32+00:00,452.0,3214.17,3214.11,3214.33,ETH
2026-01-07 12:07:33+00:00,453.0,3214.12,3214.1,3214.33,ETH
2026-01-07 12:07:34+00:00,454.0,3214.12,3214.06,3214.24,ETH
2026-01-07 12:07:35+00:00,455.0,3213.83,3213.8,3214.09,ETH
2026-01-07 12:07:36+00:00,456.0,3214.12,3213.84,3214.2,ETH
2026-01-07 12:07:37+00:00,457.0,3214.02,3214.0,3214.16,ETH
2026-01-07 12:07:38+00:00,458.0,3214.02,3214.0,3214.16,ETH
2026-01-07 12:07:39+00:00,459.0,3214.01,3214.0,3214.16,ETH
2026-01-07 12:07:40+00:00,460.0,3214.04,3214.0,3214.16,ETH
2026-01-07 12:07:41+00:00,461.0,3213.81,3213.64,3213.82,ETH
2026-01-07 12:07:42+00:00,462.0,3214.16,3214.03,3214.33,ETH
2026-01-07 12:07:43+00:00,463.0,3213.95,3213.88,3214.07,ETH
2026-01-07 12:07:44+00:00,464.0,3213.81,3213.67,3213.91,ETH
2026-01-07 12:07:45+00:00,465.0,3213.66,3213.5,3213.79,ETH
2026-01-07 12:07:46+00:00,466.0,3213.49,3213.36,3213.71,ETH
2026-01-07 12:07:47+00:00,467.0,3213.44,3213.29,3213.7,ETH
2026-01-07 12:07:48+00:00,468.0,3213.5,3213.27,3213.7,ETH
2026-01-07 12:07:49+00:00,469.0,3213.6,3213.29,3213.71,ETH
2026-01-07 12:07:50+00:00,470.0,3213.41,3213.22,3213.6,ETH
2026-01-07 12:07:51+00:00,471.0,3213.2,3213.11,3213.46,ETH
2026-01-07 12:07:52+00:00,472.0,3213.17,3213.11,3213.4,ETH
2026-01-07 12:07:53+00:00,473.0,3213.14,3213.11,3213.34,ETH
2026-01-07 12:07:54+00:00,474.0,3213.12,3213.1,3213.42,ETH
2026-01-07 12:07:55+00:00,475.0,3213.28,3213.24,3213.51,ETH
2026-01-07 12:07:56+00:00,476.0,3213.45,3213.4,3213.49,ETH
2026-01-07 12:07:57+00:00,477.0,3213.45,3213.38,3213.48,ETH
2026-01-07 12:07:58+00:00,478.0,3213.43,3213.35,3213.47,ETH
2026-01-07 12:07:59+00:00,479.0,3213.41,3213.35,3213.46,ETH
2026-01-07 12:08:01+00:00,481.0,3213.44,3213.39,3213.45,ETH
2026-01-07 12:08:02+00:00,482.0,3213.74,3213.62,3214.2,ETH
2026-01-07 12:08:03+00:00,483.0,3213.87,3213.85,3214.04,ETH
2026-01-07 12:08:04+00:00,484.0,3213.94,3213.76,3213.96,ETH
2026-01-07 12:08:05+00:00,485.0,3213.89,3213.75,3213.92,ETH
2026-01-07 12:08:06+00:00,486.0,3213.81,3213.75,3213.86,ETH
2026-01-07 12:08:07+00:00,487.0,3213.72,3213.7,3213.82,ETH
2026-01-07 12:08:08+00:00,488.0,3213.83,3213.61,3213.93,ETH
2026-01-07 12:08:09+00:00,489.0,3214.27,3214.03,3214.39,ETH
2026-01-07 12:08:10+00:00,490.0,3214.8,3214.55,3215.03,ETH
2026-01-07 12:08:11+00:00,491.0,3215.15,3215.04,3215.4,ETH
2026-01-07 12:08:12+00:00,492.0,3215.33,3215.21,3215.4,ETH
2026-01-07 12:08:13+00:00,493.0,3215.2,3215.06,3215.25,ETH
2026-01-07 12:08:14+00:00,494.0,3215.11,3214.99,3215.17,ETH
2026-01-07 12:08:15+00:00,495.0,3215.02,3214.95,3215.13,ETH
2026-01-07 12:08:16+00:00,496.0,3214.95,3214.91,3215.1,ETH
2026-01-07 12:08:17+00:00,497.0,3215.18,3215.14,3215.34,ETH
2026-01-07 12:08:18+00:00,498.0,3215.49,3215.43,3215.63,ETH
2026-01-07 12:08:19+00:00,499.0,3215.6,3215.48,3215.69,ETH
2026-01-07 12:08:20+00:00,500.0,3215.62,3215.48,3215.69,ETH
2026-01-07 12:08:21+00:00,501.0,3215.7,3215.56,3215.81,ETH
2026-01-07 12:08:22+00:00,502.0,3215.82,3215.68,3216.07,ETH
2026-01-07 12:08:23+00:00,503.0,3215.92,3215.83,3216.27,ETH
2026-01-07 12:08:24+00:00,504.0,3216.11,3215.99,3216.49,ETH
2026-01-07 12:08:25+00:00,505.0,3216.22,3216.03,3216.6,ETH
2026-01-07 12:08:26+00:00,506.0,3216.25,3216.03,3216.46,ETH
2026-01-07 12:08:27+00:00,507.0,3216.23,3216.03,3216.43,ETH
2026-01-07 12:08:28+00:00,508.0,3216.2,3216.03,3216.48,ETH
2026-01-07 12:08:29+00:00,509.0,3216.25,3216.1,3216.54,ETH
2026-01-07 12:08:30+00:00,510.0,3216.35,3216.18,3216.71,ETH
2026-01-07 12:08:31+00:00,511.0,3216.49,3216.29,3216.77,ETH
2026-01-07 12:08:32+00:00,512.0,3216.59,3216.41,3216.73,ETH
2026-01-07 12:08:33+00:00,513.0,3216.63,3216.38,3216.73,ETH
2026-01-07 12:08:34+00:00,514.0,3216.55,3216.35,3216.69,ETH
2026-01-07 12:08:35+00:00,515.0,3216.51,3216.3,3216.68,ETH
2026-01-07 12:08:36+00:00,516.0,3216.23,3216.17,3216.67,ETH
2026-01-07 12:08:37+00:00,517.0,3216.17,3216.12,3216.68,ETH
2026-01-07 12:08:38+00:00,518.0,3216.23,3216.11,3216.68,ETH
2026-01-07 12:08:39+00:00,519.0,3216.24,3216.12,3216.68,ETH
2026-01-07 12:08:40+00:00,520.0,3216.12,3216.1,3216.68,ETH
2026-01-07 12:08:41+00:00,521.0,3216.12,3216.1,3216.68,ETH
2026-01-07 12:08:42+00:00,522.0,3216.12,3216.1,3216.29,ETH
2026-01-07 12:08:43+00:00,523.0,3216.12,3216.1,3216.29,ETH
2026-01-07 12:08:44+00:00,524.0,3216.13,3216.08,3216.29,ETH
2026-01-07 12:08:45+00:00,525.0,3216.12,3216.09,3216.29,ETH
2026-01-07 12:08:46+00:00,526.0,3216.1,3216.09,3216.29,ETH
2026-01-07 12:08:47+00:00,527.0,3216.03,3215.99,3216.29,ETH
2026-01-07 12:08:48+00:00,528.0,3216.03,3216.0,3216.29,ETH
2026-01-07 12:08:49+00:00,529.0,3216.08,3215.97,3216.22,ETH
2026-01-07 12:08:50+00:00,530.0,3215.92,3215.77,3216.05,ETH
2026-01-07 12:08:51+00:00,531.0,3215.72,3215.62,3215.96,ETH
2026-01-07 12:08:52+00:00,532.0,3215.78,3215.67,3215.97,ETH
2026-01-07 12:08:53+00:00,533.0,3215.81,3215.71,3215.86,ETH
2026-01-07 12:08:54+00:00,534.0,3215.74,3215.71,3215.75,ETH
2026-01-07 12:08:55+00:00,535.0,3215.74,3215.71,3215.75,ETH
2026-01-07 12:08:56+00:00,536.0,3215.74,3215.7,3215.75,ETH
2026-01-07 12:08:57+00:00,537.0,3215.78,3215.71,3215.86,ETH
2026-01-07 12:08:58+00:00,538.0,3215.89,3215.73,3215.97,ETH
2026-01-07 12:08:59+00:00,539.0,3215.95,3215.76,3215.97,ETH
2026-01-07 12:09:00+00:00,540.0,3215.92,3215.77,3215.97,ETH
2026-01-07 12:09:01+00:00,541.0,3215.92,3215.78,3215.97,ETH
2026-01-07 12:09:02+00:00,542.0,3215.93,3215.78,3215.97,ETH
2026-01-07 12:09:03+00:00,543.0,3215.94,3215.81,3215.97,ETH
2026-01-07 12:09:04+00:00,544.0,3215.94,3215.84,3215.97,ETH
2026-01-07 12:09:05+00:00,545.0,3215.92,3215.84,3215.97,ETH
2026-01-07 12:09:06+00:00,546.0,3215.92,3215.84,3215.97,ETH
2026-01-07 12:09:07+00:00,547.0,3215.93,3215.84,3215.97,ETH
2026-01-07 12:09:08+00:00,548.0,3216.11,3216.04,3216.28,ETH
2026-01-07 12:09:09+00:00,549.0,3216.35,3216.25,3216.59,ETH
2026-01-07 12:09:10+00:00,550.0,3216.45,3216.3,3216.65,ETH
2026-01-07 12:09:11+00:00,551.0,3216.51,3216.34,3216.71,ETH
2026-01-07 12:09:12+00:00,552.0,3216.54,3216.36,3216.71,ETH
2026-01-07 12:09:13+00:00,553.0,3216.57,3216.45,3216.71,ETH
2026-01-07 12:09:14+00:00,554.0,3216.58,3216.48,3216.71,ETH
2026-01-07 12:09:15+00:00,555.0,3216.55,3216.43,3216.71,ETH
2026-01-07 12:09:16+00:00,556.0,3216.55,3216.46,3216.71,ETH
2026-01-07 12:09:17+00:00,557.0,3216.57,3216.43,3216.71,ETH
2026-01-07 12:09:18+00:00,558.0,3216.59,3216.44,3216.71,ETH
2026-01-07 12:09:19+00:00,559.0,3216.57,3216.52,3216.71,ETH
2026-01-07 12:09:20+00:00,560.0,3216.75,3216.64,3216.79,ETH
2026-01-07 12:09:21+00:00,561.0,3216.75,3216.64,3216.8,ETH
2026-01-07 12:09:22+00:00,562.0,3216.75,3216.65,3216.8,ETH
2026-01-07 12:09:23+00:00,563.0,3216.75,3216.65,3216.8,ETH
2026-01-07 12:09:24+00:00,564.0,3216.75,3216.65,3216.8,ETH
2026-01-07 12:09:25+00:00,565.0,3216.75,3216.65,3216.8,ETH
2026-01-07 12:09:26+00:00,566.0,3216.75,3216.64,3216.8,ETH
2026-01-07 12:09:27+00:00,567.0,3216.75,3216.64,3216.79,ETH
2026-01-07 12:09:28+00:00,568.0,3216.78,3216.64,3216.96,ETH
2026-01-07 12:09:29+00:00,569.0,3216.78,3216.64,3216.8,ETH
2026-01-07 12:09:30+00:00,570.0,3216.79,3216.63,3216.9,ETH
2026-01-07 12:09:31+00:00,571.0,3216.79,3216.63,3217.02,ETH
2026-01-07 12:09:32+00:00,572.0,3216.8,3216.64,3216.86,ETH
2026-01-07 12:09:33+00:00,573.0,3216.8,3216.63,3216.93,ETH
2026-01-07 12:09:34+00:00,574.0,3216.81,3216.63,3216.93,ETH
2026-01-07 12:09:35+00:00,575.0,3216.83,3216.63,3216.94,ETH
2026-01-07 12:09:36+00:00,576.0,3216.84,3216.63,3216.94,ETH
2026-01-07 12:09:37+00:00,577.0,3217.0,3216.94,3217.16,ETH
2026-01-07 12:09:38+00:00,578.0,3217.2,3217.09,3217.38,ETH
2026-01-07 12:09:39+00:00,579.0,3217.28,3217.1,3217.38,ETH
2026-01-07 12:09:40+00:00,580.0,3217.31,3217.1,3217.36,ETH
2026-01-07 12:09:41+00:00,581.0,3217.28,3217.13,3217.33,ETH
2026-01-07 12:09:42+00:00,582.0,3217.27,3217.14,3217.36,ETH
2026-01-07 12:09:43+00:00,583.0,3217.3,3217.13,3217.38,ETH
2026-01-07 12:09:44+00:00,584.0,3217.29,3217.14,3217.38,ETH
2026-01-07 12:09:45+00:00,585.0,3217.29,3217.13,3217.38,ETH
2026-01-07 12:09:46+00:00,586.0,3217.29,3217.13,3217.36,ETH
2026-01-07 12:09:47+00:00,587.0,3217.29,3217.14,3217.36,ETH
2026-01-07 12:09:48+00:00,588.0,3217.29,3217.11,3217.36,ETH
2026-01-07 12:09:49+00:00,589.0,3217.29,3217.13,3217.36,ETH
2026-01-07 12:09:50+00:00,590.0,3217.29,3217.16,3217.36,ETH
2026-01-07 12:09:51+00:00,591.0,3217.29,3217.24,3217.36,ETH
2026-01-07 12:09:52+00:00,592.0,3217.4,3217.28,3217.62,ETH
2026-01-07 12:09:53+00:00,593.0,3217.64,3217.54,3217.7,ETH
2026-01-07 12:09:54+00:00,594.0,3217.69,3217.57,3217.7,ETH
2026-01-07 12:09:55+00:00,595.0,3217.69,3217.58,3217.7,ETH
2026-01-07 12:09:56+00:00,596.0,3217.69,3217.57,3217.7,ETH
2026-01-07 12:09:57+00:00,597.0,3217.69,3217.58,3217.7,ETH
2026-01-07 12:09:58+00:00,598.0,3217.69,3217.64,3217.74,ETH
2026-01-07 12:09:59+00:00,599.0,3217.69,3217.52,3217.7,ETH
2026-01-07 12:10:00+00:00,600.0,3217.7,3217.54,3217.9,ETH
2026-01-07 12:10:01+00:00,601.0,3217.71,3217.56,3218.1,ETH
2026-01-07 12:10:02+00:00,602.0,3218.12,3217.93,3218.19,ETH
2026-01-07 12:10:03+00:00,603.0,3218.25,3218.14,3218.33,ETH
2026-01-07 12:10:04+00:00,604.0,3218.45,3218.27,3218.57,ETH
2026-01-07 12:10:05+00:00,605.0,3218.53,3218.31,3218.57,ETH
2026-01-07 12:10:06+00:00,606.0,3218.48,3218.25,3218.57,ETH
2026-01-07 12:10:07+00:00,607.0,3218.52,3218.26,3218.57,ETH
2026-01-07 12:10:08+00:00,608.0,3218.44,3218.22,3218.48,ETH
2026-01-07 12:10:09+00:00,609.0,3218.31,3218.19,3218.4,ETH
2026-01-07 12:10:10+00:00,610.0,3218.23,3218.18,3218.38,ETH
2026-01-07 12:10:11+00:00,611.0,3218.26,3218.2,3218.37,ETH
2026-01-07 12:10:12+00:00,612.0,3218.31,3218.24,3218.37,ETH
2026-01-07 12:10:13+00:00,613.0,3218.34,3218.25,3218.37,ETH
2026-01-07 12:10:14+00:00,614.0,3218.35,3218.26,3218.37,ETH
2026-01-07 12:10:15+00:00,615.0,3218.34,3218.25,3218.37,ETH
2026-01-07 12:10:16+00:00,616.0,3218.34,3218.25,3218.37,ETH
2026-01-07 12:10:17+00:00,617.0,3218.33,3218.25,3218.37,ETH
2026-01-07 12:10:18+00:00,618.0,3218.33,3218.25,3218.37,ETH
2026-01-07 12:10:19+00:00,619.0,3218.3,3218.24,3218.37,ETH
2026-01-07 12:10:20+00:00,620.0,3218.24,3218.15,3218.36,ETH
2026-01-07 12:10:21+00:00,621.0,3218.3,3218.15,3218.46,ETH
2026-01-07 12:10:22+00:00,622.0,3218.44,3218.24,3218.52,ETH
2026-01-07 12:10:23+00:00,623.0,3218.38,3218.22,3218.47,ETH
2026-01-07 12:10:24+00:00,624.0,3218.32,3218.2,3218.47,ETH
2026-01-07 12:10:25+00:00,625.0,3218.35,3218.21,3218.42,ETH
2026-01-07 12:10:26+00:00,626.0,3218.26,3218.17,3218.35,ETH
2026-01-07 12:10:27+00:00,627.0,3218.18,3218.13,3218.34,ETH
2026-01-07 12:10:28+00:00,628.0,3218.18,3218.13,3218.34,ETH
2026-01-07 12:10:29+00:00,629.0,3218.18,3218.13,3218.34,ETH
2026-01-07 12:10:30+00:00,630.0,3218.18,3218.13,3218.34,ETH
2026-01-07 12:10:31+00:00,631.0,3218.18,3218.13,3218.34,ETH
2026-01-07 12:10:32+00:00,632.0,3218.18,3218.1,3218.3,ETH
2026-01-07 12:10:33+00:00,633.0,3218.18,3218.1,3218.3,ETH
2026-01-07 12:10:34+00:00,634.0,3218.18,3218.08,3218.28,ETH
2026-01-07 12:10:35+00:00,635.0,3218.12,3217.96,3218.2,ETH
2026-01-07 12:10:36+00:00,636.0,3218.05,3217.87,3218.09,ETH
2026-01-07 12:10:37+00:00,637.0,3218.05,3217.9,3218.05,ETH
2026-01-07 12:10:38+00:00,638.0,3218.05,3217.9,3218.05,ETH
2026-01-07 12:10:39+00:00,639.0,3218.05,3217.89,3218.05,ETH
2026-01-07 12:10:40+00:00,640.0,3218.05,3217.89,3218.05,ETH
2026-01-07 12:10:41+00:00,641.0,3218.05,3217.89,3218.05,ETH
2026-01-07 12:10:42+00:00,642.0,3218.05,3217.9,3218.05,ETH
2026-01-07 12:10:43+00:00,643.0,3218.05,3217.89,3218.05,ETH
2026-01-07 12:10:44+00:00,644.0,3218.05,3217.89,3218.05,ETH
2026-01-07 12:10:45+00:00,645.0,3218.05,3217.9,3218.05,ETH
2026-01-07 12:10:46+00:00,646.0,3218.05,3217.9,3218.05,ETH
2026-01-07 12:10:47+00:00,647.0,3218.05,3217.89,3218.05,ETH
2026-01-07 12:10:48+00:00,648.0,3218.05,3217.89,3218.05,ETH
2026-01-07 12:10:49+00:00,649.0,3218.05,3217.89,3218.05,ETH
2026-01-07 12:10:50+00:00,650.0,3218.05,3217.89,3218.05,ETH
2026-01-07 12:10:51+00:00,651.0,3218.03,3217.89,3218.04,ETH
2026-01-07 12:10:52+00:00,652.0,3217.93,3217.84,3217.96,ETH
2026-01-07 12:10:53+00:00,653.0,3218.19,3218.03,3218.27,ETH
2026-01-07 12:10:54+00:00,654.0,3218.53,3218.25,3218.65,ETH
2026-01-07 12:10:55+00:00,655.0,3218.53,3218.3,3218.65,ETH
2026-01-07 12:10:56+00:00,656.0,3218.59,3218.3,3218.65,ETH
2026-01-07 12:10:57+00:00,657.0,3218.58,3218.32,3218.65,ETH
2026-01-07 12:10:58+00:00,658.0,3218.57,3218.31,3218.65,ETH
2026-01-07 12:10:59+00:00,659.0,3218.57,3218.32,3218.63,ETH
2026-01-07 12:11:00+00:00,660.0,3218.56,3218.33,3218.64,ETH
2026-01-07 12:11:01+00:00,661.0,3218.23,3218.12,3218.23,ETH
2026-01-07 12:11:02+00:00,662.0,3218.07,3217.87,3218.22,ETH
2026-01-07 12:11:03+00:00,663.0,3217.84,3217.81,3217.96,ETH
2026-01-07 12:11:04+00:00,664.0,3217.82,3217.78,3217.96,ETH
2026-01-07 12:11:05+00:00,665.0,3217.82,3217.81,3217.96,ETH
2026-01-07 12:11:06+00:00,666.0,3217.93,3217.81,3217.96,ETH
2026-01-07 12:11:07+00:00,667.0,3217.95,3217.82,3217.96,ETH
2026-01-07 12:11:08+00:00,668.0,3217.94,3217.81,3217.96,ETH
2026-01-07 12:11:09+00:00,669.0,3217.94,3217.78,3217.96,ETH
2026-01-07 12:11:10+00:00,670.0,3217.82,3217.78,3217.94,ETH
2026-01-07 12:11:11+00:00,671.0,3217.81,3217.78,3217.93,ETH
2026-01-07 12:11:12+00:00,672.0,3217.89,3217.79,3218.03,ETH
2026-01-07 12:11:13+00:00,673.0,3218.0,3217.85,3218.12,ETH
2026-01-07 12:11:14+00:00,674.0,3217.96,3217.87,3218.03,ETH
2026-01-07 12:11:15+00:00,675.0,3217.88,3217.85,3217.99,ETH
2026-01-07 12:11:16+00:00,676.0,3217.9,3217.81,3218.16,ETH
2026-01-07 12:11:17+00:00,677.0,3217.89,3217.76,3218.13,ETH
2026-01-07 12:11:18+00:00,678.0,3217.86,3217.75,3217.98,ETH
2026-01-07 12:11:19+00:00,679.0,3217.55,3217.45,3217.66,ETH
2026-01-07 12:11:20+00:00,680.0,3217.46,3217.41,3217.53,ETH
2026-01-07 12:11:21+00:00,681.0,3217.27,3217.25,3217.46,ETH
2026-01-07 12:11:22+00:00,682.0,3217.2,3217.19,3217.46,ETH
2026-01-07 12:11:23+00:00,683.0,3216.96,3216.87,3217.08,ETH
2026-01-07 12:11:24+00:00,684.0,3216.42,3216.26,3216.48,ETH
2026-01-07 12:11:25+00:00,685.0,3216.42,3216.22,3216.82,ETH
2026-01-07 12:11:26+00:00,686.0,3216.42,3216.22,3216.82,ETH
2026-01-07 12:11:27+00:00,687.0,3216.42,3216.22,3216.81,ETH
2026-01-07 12:11:28+00:00,688.0,3216.25,3216.2,3216.74,ETH
2026-01-07 12:11:29+00:00,689.0,3216.25,3216.18,3216.77,ETH
2026-01-07 12:11:30+00:00,690.0,3216.41,3216.19,3216.75,ETH
2026-01-07 12:11:31+00:00,691.0,3216.41,3216.22,3216.81,ETH
2026-01-07 12:11:32+00:00,692.0,3216.41,3216.23,3216.64,ETH
2026-01-07 12:11:33+00:00,693.0,3216.41,3216.23,3216.77,ETH
2026-01-07 12:11:34+00:00,694.0,3216.42,3216.23,3216.78,ETH
2026-01-07 12:11:35+00:00,695.0,3216.31,3216.21,3216.51,ETH
2026-01-07 12:11:36+00:00,696.0,3216.32,3216.25,3216.52,ETH
2026-01-07 12:11:37+00:00,697.0,3216.36,3216.25,3216.52,ETH
2026-01-07 12:11:38+00:00,698.0,3216.37,3216.36,3216.51,ETH
2026-01-07 12:11:39+00:00,699.0,3216.37,3216.36,3216.51,ETH
2026-01-07 12:11:40+00:00,700.0,3216.37,3216.36,3216.69,ETH
2026-01-07 12:11:41+00:00,701.0,3216.38,3216.37,3216.7,ETH
2026-01-07 12:11:42+00:00,702.0,3216.51,3216.4,3216.71,ETH
2026-01-07 12:11:43+00:00,703.0,3216.41,3216.36,3216.7,ETH
2026-01-07 12:11:44+00:00,704.0,3216.35,3216.34,3216.69,ETH
2026-01-07 12:11:45+00:00,705.0,3216.37,3216.36,3216.69,ETH
2026-01-07 12:11:46+00:00,706.0,3216.4,3216.38,3216.69,ETH
2026-01-07 12:11:47+00:00,707.0,3216.41,3216.38,3216.65,ETH
2026-01-07 12:11:48+00:00,708.0,3216.39,3216.37,3216.6,ETH
2026-01-07 12:11:49+00:00,709.0,3216.38,3216.37,3216.59,ETH
2026-01-07 12:11:50+00:00,710.0,3216.39,3216.38,3216.58,ETH
2026-01-07 12:11:51+00:00,711.0,3216.41,3216.38,3216.64,ETH
2026-01-07 12:11:52+00:00,712.0,3216.48,3216.44,3216.71,ETH
2026-01-07 12:11:53+00:00,713.0,3216.56,3216.54,3216.83,ETH
2026-01-07 12:11:54+00:00,714.0,3216.66,3216.59,3217.04,ETH
2026-01-07 12:11:55+00:00,715.0,3216.73,3216.6,3217.16,ETH
2026-01-07 12:11:56+00:00,716.0,3216.74,3216.6,3217.19,ETH
2026-01-07 12:11:57+00:00,717.0,3216.75,3216.61,3217.19,ETH
2026-01-07 12:11:58+00:00,718.0,3216.75,3216.61,3217.19,ETH
2026-01-07 12:11:59+00:00,719.0,3216.7,3216.62,3217.19,ETH
2026-01-07 12:12:00+00:00,720.0,3216.67,3216.62,3217.19,ETH
2026-01-07 12:12:01+00:00,721.0,3216.66,3216.62,3217.15,ETH
2026-01-07 12:12:02+00:00,722.0,3216.66,3216.63,3217.11,ETH
2026-01-07 12:12:04+00:00,724.0,3216.74,3216.63,3217.11,ETH
2026-01-07 12:12:05+00:00,725.0,3216.74,3216.68,3217.11,ETH
2026-01-07 12:12:06+00:00,726.0,3216.86,3216.74,3217.17,ETH
2026-01-07 12:12:07+00:00,727.0,3216.78,3216.67,3217.06,ETH
2026-01-07 12:12:08+00:00,728.0,3216.65,3216.51,3216.79,ETH
2026-01-07 12:12:09+00:00,729.0,3216.5,3216.39,3216.61,ETH
2026-01-07 12:12:10+00:00,730.0,3216.36,3216.34,3216.61,ETH
2026-01-07 12:12:11+00:00,731.0,3216.42,3216.29,3216.63,ETH
2026-01-07 12:12:12+00:00,732.0,3216.38,3216.25,3216.66,ETH
2026-01-07 12:12:13+00:00,733.0,3216.24,3216.22,3216.55,ETH
2026-01-07 12:12:14+00:00,734.0,3216.23,3216.2,3216.43,ETH
2026-01-07 12:12:15+00:00,735.0,3216.23,3216.2,3216.44,ETH
2026-01-07 12:12:16+00:00,736.0,3216.23,3216.2,3216.49,ETH
2026-01-07 12:12:17+00:00,737.0,3216.25,3216.2,3216.61,ETH
2026-01-07 12:12:18+00:00,738.0,3216.24,3216.21,3216.63,ETH
2026-01-07 12:12:19+00:00,739.0,3216.23,3216.2,3216.54,ETH
2026-01-07 12:12:20+00:00,740.0,3216.23,3216.2,3216.49,ETH
2026-01-07 12:12:21+00:00,741.0,3216.31,3216.22,3216.49,ETH
2026-01-07 12:12:23+00:00,743.0,3216.31,3216.24,3216.48,ETH
2026-01-07 12:12:24+00:00,744.0,3216.22,3216.16,3216.43,ETH
2026-01-07 12:12:25+00:00,745.0,3216.2,3216.12,3216.42,ETH
2026-01-07 12:12:26+00:00,746.0,3216.19,3216.14,3216.43,ETH
2026-01-07 12:12:27+00:00,747.0,3216.22,3216.12,3216.43,ETH
2026-01-07 12:12:28+00:00,748.0,3216.37,3216.13,3216.45,ETH
2026-01-07 12:12:29+00:00,749.0,3216.22,3216.12,3216.42,ETH
2026-01-07 12:12:30+00:00,750.0,3216.2,3216.11,3216.5,ETH
2026-01-07 12:12:31+00:00,751.0,3216.2,3216.1,3216.5,ETH
2026-01-07 12:12:32+00:00,752.0,3216.17,3216.09,3216.42,ETH
2026-01-07 12:12:33+00:00,753.0,3216.19,3216.05,3216.42,ETH
2026-01-07 12:12:34+00:00,754.0,3216.26,3216.01,3216.41,ETH
2026-01-07 12:12:35+00:00,755.0,3216.1,3215.9,3216.24,ETH
2026-01-07 12:12:36+00:00,756.0,3215.82,3215.73,3215.97,ETH
2026-01-07 12:12:37+00:00,757.0,3215.65,3215.55,3215.79,ETH
2026-01-07 12:12:38+00:00,758.0,3215.55,3215.36,3215.7,ETH
2026-01-07 12:12:39+00:00,759.0,3215.44,3215.28,3215.68,ETH
2026-01-07 12:12:40+00:00,760.0,3215.34,3215.25,3215.58,ETH
2026-01-07 12:12:41+00:00,761.0,3215.23,3215.17,3215.43,ETH
2026-01-07 12:12:42+00:00,762.0,3215.17,3215.12,3215.35,ETH
2026-01-07 12:12:43+00:00,763.0,3215.17,3215.12,3215.35,ETH
2026-01-07 12:12:44+00:00,764.0,3215.15,3215.1,3215.35,ETH
2026-01-07 12:12:45+00:00,765.0,3215.12,3215.07,3215.34,ETH
2026-01-07 12:12:46+00:00,766.0,3215.09,3215.06,3215.34,ETH
2026-01-07 12:12:47+00:00,767.0,3215.06,3215.01,3215.23,ETH
2026-01-07 12:12:48+00:00,768.0,3215.04,3214.96,3215.11,ETH
2026-01-07 12:12:49+00:00,769.0,3215.04,3214.94,3215.11,ETH
2026-01-07 12:12:50+00:00,770.0,3215.03,3214.92,3215.11,ETH
2026-01-07 12:12:51+00:00,771.0,3214.94,3214.86,3215.11,ETH
2026-01-07 12:12:52+00:00,772.0,3214.85,3214.81,3215.11,ETH
2026-01-07 12:12:53+00:00,773.0,3214.85,3214.82,3215.11,ETH
2026-01-07 12:12:54+00:00,774.0,3214.86,3214.83,3215.11,ETH
2026-01-07 12:12:55+00:00,775.0,3215.1,3214.84,3215.17,ETH
2026-01-07 12:12:56+00:00,776.0,3214.89,3214.84,3215.11,ETH
2026-01-07 12:12:57+00:00,777.0,3214.93,3214.89,3215.11,ETH
2026-01-07 12:12:58+00:00,778.0,3214.91,3214.86,3215.11,ETH
2026-01-07 12:12:59+00:00,779.0,3214.88,3214.84,3215.01,ETH
2026-01-07 12:13:00+00:00,780.0,3214.89,3214.84,3215.01,ETH
2026-01-07 12:13:01+00:00,781.0,3214.89,3214.84,3215.01,ETH
2026-01-07 12:13:02+00:00,782.0,3214.83,3214.78,3214.88,ETH
2026-01-07 12:13:03+00:00,783.0,3214.8,3214.77,3214.86,ETH
2026-01-07 12:13:04+00:00,784.0,3214.71,3214.64,3214.86,ETH
2026-01-07 12:13:05+00:00,785.0,3214.65,3214.6,3214.72,ETH
2026-01-07 12:13:06+00:00,786.0,3214.65,3214.6,3214.72,ETH
2026-01-07 12:13:07+00:00,787.0,3214.64,3214.57,3214.72,ETH
2026-01-07 12:13:08+00:00,788.0,3214.63,3214.57,3214.72,ETH
2026-01-07 12:13:09+00:00,789.0,3214.62,3214.56,3214.72,ETH
2026-01-07 12:13:10+00:00,790.0,3214.47,3214.41,3214.53,ETH
2026-01-07 12:13:11+00:00,791.0,3214.18,3214.11,3214.3,ETH
2026-01-07 12:13:12+00:00,792.0,3213.98,3213.94,3214.26,ETH
2026-01-07 12:13:13+00:00,793.0,3213.81,3213.8,3214.04,ETH
2026-01-07 12:13:14+00:00,794.0,3213.62,3213.6,3213.91,ETH
2026-01-07 12:13:15+00:00,795.0,3213.55,3213.51,3213.96,ETH
2026-01-07 12:13:16+00:00,796.0,3213.55,3213.47,3213.81,ETH
2026-01-07 12:13:17+00:00,797.0,3213.55,3213.43,3213.72,ETH
2026-01-07 12:13:18+00:00,798.0,3213.55,3213.4,3213.75,ETH
2026-01-07 12:13:19+00:00,799.0,3213.37,3213.27,3213.59,ETH
2026-01-07 12:13:20+00:00,800.0,3213.36,3213.2,3213.5,ETH
2026-01-07 12:13:21+00:00,801.0,3213.37,3213.27,3213.78,ETH
2026-01-07 12:13:22+00:00,802.0,3213.57,3213.41,3213.84,ETH
2026-01-07 12:13:23+00:00,803.0,3213.79,3213.54,3213.99,ETH
2026-01-07 12:13:24+00:00,804.0,3213.74,3213.56,3213.87,ETH
2026-01-07 12:13:25+00:00,805.0,3213.84,3213.59,3213.92,ETH
2026-01-07 12:13:26+00:00,806.0,3213.78,3213.73,3213.9,ETH
2026-01-07 12:13:27+00:00,807.0,3213.77,3213.68,3213.82,ETH
2026-01-07 12:13:28+00:00,808.0,3213.77,3213.65,3213.82,ETH
2026-01-07 12:13:29+00:00,809.0,3213.69,3213.59,3213.77,ETH
2026-01-07 12:13:30+00:00,810.0,3213.69,3213.59,3213.77,ETH
2026-01-07 12:13:31+00:00,811.0,3213.7,3213.59,3213.77,ETH
2026-01-07 12:13:32+00:00,812.0,3213.68,3213.55,3213.77,ETH
2026-01-07 12:13:33+00:00,813.0,3213.57,3213.5,3213.78,ETH
2026-01-07 12:13:34+00:00,814.0,3213.57,3213.51,3213.75,ETH
2026-01-07 12:13:35+00:00,815.0,3213.55,3213.5,3213.73,ETH
2026-01-07 12:13:36+00:00,816.0,3213.59,3213.49,3213.72,ETH
2026-01-07 12:13:37+00:00,817.0,3213.52,3213.46,3213.72,ETH
2026-01-07 12:13:38+00:00,818.0,3213.35,3213.12,3213.36,ETH
2026-01-07 12:13:39+00:00,819.0,3213.05,3212.92,3213.35,ETH
2026-01-07 12:13:40+00:00,820.0,3213.19,3212.91,3213.33,ETH
2026-01-07 12:13:41+00:00,821.0,3213.0,3212.79,3213.14,ETH
2026-01-07 12:13:42+00:00,822.0,3212.98,3212.7,3213.08,ETH
2026-01-07 12:13:43+00:00,823.0,3212.99,3212.73,3213.19,ETH
2026-01-07 12:13:44+00:00,824.0,3213.0,3212.73,3213.22,ETH
2026-01-07 12:13:45+00:00,825.0,3212.85,3212.7,3213.1,ETH
2026-01-07 12:13:46+00:00,826.0,3212.67,3212.64,3212.87,ETH
2026-01-07 12:13:47+00:00,827.0,3212.67,3212.62,3212.73,ETH
2026-01-07 12:13:48+00:00,828.0,3212.7,3212.62,3212.73,ETH
2026-01-07 12:13:49+00:00,829.0,3212.68,3212.62,3212.73,ETH
2026-01-07 12:13:50+00:00,830.0,3212.7,3212.65,3212.81,ETH
2026-01-07 12:13:51+00:00,831.0,3212.73,3212.7,3212.89,ETH
2026-01-07 12:13:52+00:00,832.0,3212.75,3212.71,3213.01,ETH
2026-01-07 12:13:53+00:00,833.0,3212.75,3212.7,3213.01,ETH
2026-01-07 12:13:54+00:00,834.0,3212.75,3212.7,3212.88,ETH
2026-01-07 12:13:55+00:00,835.0,3212.75,3212.71,3212.89,ETH
2026-01-07 12:13:56+00:00,836.0,3212.75,3212.71,3212.9,ETH
2026-01-07 12:13:57+00:00,837.0,3212.81,3212.73,3212.92,ETH
2026-01-07 12:13:59+00:00,839.0,3212.86,3212.74,3212.93,ETH
2026-01-07 12:14:00+00:00,840.0,3212.77,3212.72,3212.85,ETH
2026-01-07 12:14:01+00:00,841.0,3212.87,3212.75,3212.92,ETH
2026-01-07 12:14:02+00:00,842.0,3212.93,3212.77,3213.14,ETH
2026-01-07 12:14:03+00:00,843.0,3212.95,3212.84,3213.08,ETH
2026-01-07 12:14:04+00:00,844.0,3212.96,3212.9,3213.01,ETH
2026-01-07 12:14:05+00:00,845.0,3212.92,3212.85,3213.07,ETH
2026-01-07 12:14:06+00:00,846.0,3212.89,3212.84,3213.22,ETH
2026-01-07 12:14:07+00:00,847.0,3212.9,3212.85,3213.13,ETH
2026-01-07 12:14:08+00:00,848.0,3212.89,3212.82,3212.98,ETH
2026-01-07 12:14:09+00:00,849.0,3212.84,3212.8,3213.01,ETH
2026-01-07 12:14:10+00:00,850.0,3212.82,3212.79,3213.07,ETH
2026-01-07 12:14:11+00:00,851.0,3212.82,3212.79,3213.12,ETH
2026-01-07 12:14:12+00:00,852.0,3212.91,3212.84,3213.15,ETH
2026-01-07 12:14:13+00:00,853.0,3212.98,3212.9,3213.17,ETH
2026-01-07 12:14:14+00:00,854.0,3212.93,3212.89,3213.15,ETH
2026-01-07 12:14:15+00:00,855.0,3212.91,3212.89,3213.15,ETH
2026-01-07 12:14:16+00:00,856.0,3213.19,3213.17,3213.39,ETH
2026-01-07 12:14:17+00:00,857.0,3213.76,3213.71,3213.87,ETH
2026-01-07 12:14:18+00:00,858.0,3214.11,3214.03,3214.19,ETH
2026-01-07 12:14:19+00:00,859.0,3214.23,3214.13,3214.34,ETH
2026-01-07 12:14:20+00:00,860.0,3214.35,3214.23,3214.49,ETH
2026-01-07 12:14:21+00:00,861.0,3214.43,3214.33,3214.63,ETH
2026-01-07 12:14:22+00:00,862.0,3214.51,3214.41,3214.69,ETH
2026-01-07 12:14:23+00:00,863.0,3214.51,3214.42,3214.66,ETH
2026-01-07 12:14:24+00:00,864.0,3214.44,3214.31,3214.55,ETH
2026-01-07 12:14:25+00:00,865.0,3214.42,3214.26,3214.47,ETH
2026-01-07 12:14:26+00:00,866.0,3214.38,3214.25,3214.48,ETH
2026-01-07 12:14:27+00:00,867.0,3214.42,3214.29,3214.58,ETH
2026-01-07 12:14:28+00:00,868.0,3214.55,3214.42,3214.68,ETH
2026-01-07 12:14:29+00:00,869.0,3214.59,3214.45,3214.68,ETH
2026-01-07 12:14:30+00:00,870.0,3214.59,3214.45,3214.68,ETH
2026-01-07 12:14:31+00:00,871.0,3214.59,3214.45,3214.68,ETH
2026-01-07 12:14:32+00:00,872.0,3214.6,3214.47,3214.68,ETH
2026-01-07 12:14:33+00:00,873.0,3214.76,3214.58,3214.87,ETH
2026-01-07 12:14:34+00:00,874.0,3214.65,3214.55,3214.86,ETH
2026-01-07 12:14:35+00:00,875.0,3214.66,3214.56,3214.96,ETH
2026-01-07 12:14:36+00:00,876.0,3214.69,3214.57,3214.94,ETH
2026-01-07 12:14:37+00:00,877.0,3214.71,3214.58,3214.94,ETH
2026-01-07 12:14:38+00:00,878.0,3214.72,3214.58,3214.92,ETH
2026-01-07 12:14:39+00:00,879.0,3214.71,3214.55,3214.92,ETH
2026-01-07 12:14:40+00:00,880.0,3214.72,3214.63,3214.92,ETH
2026-01-07 12:14:41+00:00,881.0,3215.13,3214.98,3215.19,ETH
2026-01-07 12:14:42+00:00,882.0,3215.0,3214.94,3215.17,ETH
2026-01-07 12:14:43+00:00,883.0,3215.01,3214.88,3215.17,ETH
2026-01-07 12:14:44+00:00,884.0,3215.01,3214.88,3215.17,ETH
2026-01-07 12:14:45+00:00,885.0,3215.01,3214.88,3215.17,ETH
2026-01-07 12:14:46+00:00,886.0,3215.03,3214.88,3215.18,ETH
2026-01-07 12:14:47+00:00,887.0,3215.04,3214.92,3215.18,ETH
2026-01-07 12:14:48+00:00,888.0,3215.04,3214.93,3215.18,ETH
2026-01-07 12:14:49+00:00,889.0,3215.04,3214.93,3215.18,ETH
2026-01-07 12:14:50+00:00,890.0,3215.04,3214.93,3215.18,ETH
2026-01-07 12:14:51+00:00,891.0,3215.04,3214.93,3215.18,ETH
2026-01-07 12:14:52+00:00,892.0,3215.05,3214.93,3215.18,ETH
2026-01-07 12:14:53+00:00,893.0,3215.1,3215.01,3215.31,ETH
2026-01-07 12:14:54+00:00,894.0,3215.15,3215.06,3215.31,ETH
2026-01-07 12:14:55+00:00,895.0,3215.15,3215.06,3215.31,ETH
2026-01-07 12:14:56+00:00,896.0,3215.15,3215.06,3215.31,ETH
2026-01-07 12:14:57+00:00,897.0,3215.15,3215.07,3215.31,ETH
2026-01-07 12:14:58+00:00,898.0,3215.15,3215.07,3215.31,ETH
2026-01-07 12:14:59+00:00,899.0,3215.14,3215.07,3215.31,ETH
