timestamp,collected_at,seconds,up_mid,up_best_bid,up_best_ask,down_mid,down_best_bid,down_best_ask,up_best_bid_size,up_best_ask_size,down_best_bid_size,down_best_ask_size,up_bid_2,up_bid_2_size,up_ask_2,up_ask_2_size,up_bid_3,up_bid_3_size,up_ask_3,up_ask_3_size,up_bid_4,up_bid_4_size,up_ask_4,up_ask_4_size,up_bid_5,up_bid_5_size,up_ask_5,up_ask_5_size,up_bid_6,up_bid_6_size,up_ask_6,up_ask_6_size,down_bid_2,down_bid_2_size,down_ask_2,down_ask_2_size,down_bid_3,down_bid_3_size,down_ask_3,down_ask_3_size,down_bid_4,down_bid_4_size,down_ask_4,down_ask_4_size,down_bid_5,down_bid_5_size,down_ask_5,down_ask_5_size,down_bid_6,down_bid_6_size,down_ask_6,down_ask_6_size
2026-01-07 12:00:00.102000+00:00,2026-01-07 11:59:57.908328+00:00,0.102,0.01,,0.01,0.99,0.99,,,12976.02,17976.02,,,,0.02,378.05,,,0.03,5.0,,,0.04,202.74,,,0.05,25.0,,,0.06,9.53,0.98,378.05,,,0.97,5.0,,,0.96,202.74,,,0.95,25.0,,,0.94,9.53,,
2026-01-07 12:00:01.217000+00:00,2026-01-07 11:59:58.916091+00:00,1.217,0.01,,0.01,0.99,0.99,,,206558.81,206558.81,,,,0.02,378.05,,,0.03,5.0,,,0.04,15.75,,,0.05,25.0,,,0.06,9.53,0.98,378.05,,,0.97,5.0,,,0.96,15.75,,,0.95,25.0,,,0.94,9.53,,
2026-01-07 12:00:02.061000+00:00,2026-01-07 11:59:59.923904+00:00,2.061,0.01,,0.01,0.99,0.99,,,206568.81,206568.81,,,,0.02,378.05,,,0.03,5.0,,,0.04,15.75,,,0.05,25.0,,,0.06,9.53,0.98,378.05,,,0.97,5.0,,,0.96,15.75,,,0.95,25.0,,,0.94,9.53,,
2026-01-07 12:00:03.330000+00:00,2026-01-07 12:00:00.928965+00:00,3.33,0.535,0.53,0.54,0.46499999999999997,0.46,0.47,493.48,444.32,444.32,508.48,0.52,107.69,0.55,96.0,0.51,5.0,0.56,882.0,0.5,479.45,0.57,126.0,0.49,11.47,0.58,121.0,0.48,130.0,0.59,121.0,0.45,96.0,0.48,107.69,0.44,882.0,0.49,5.0,0.43,126.0,0.5,479.45,0.42,121.0,0.51,11.47,0.41,121.0,0.52,130.0
2026-01-07 12:00:04.341000+00:00,2026-01-07 12:00:01.945955+00:00,4.341,0.535,0.53,0.54,0.46499999999999997,0.46,0.47,760.48,359.32,359.32,805.48,0.52,426.69,0.55,35.0,0.51,324.0,0.56,715.0,0.5,783.45,0.57,66.0,0.49,381.47,0.58,183.0,0.48,404.0,0.59,304.0,0.45,50.0,0.48,406.69,0.44,715.0,0.49,324.0,0.43,5.0,0.5,833.45,0.41,183.0,0.51,330.47,0.4,404.0,0.52,404.0
2026-01-07 12:00:05.371000+00:00,2026-01-07 12:00:02.964090+00:00,5.371,0.535,0.53,0.54,0.46499999999999997,0.46,0.47,399.28,120.2,120.2,399.28,0.52,300.69,0.55,75.0,0.51,384.0,0.56,750.0,0.5,868.45,0.57,188.0,0.49,400.47,0.58,394.0,0.48,419.0,0.59,304.0,0.45,75.0,0.48,300.69,0.44,750.0,0.49,384.0,0.43,188.0,0.5,868.45,0.42,334.0,0.51,400.47,0.41,365.0,0.52,419.0
2026-01-07 12:00:06.368000+00:00,2026-01-07 12:00:03.969393+00:00,6.368,0.535,0.53,0.54,0.46499999999999997,0.46,0.47,81.54,484.2,568.2,86.54,0.52,87.69,0.55,268.0,0.51,10.0,0.56,1089.0,0.5,479.45,0.57,374.0,0.49,11.47,0.58,339.0,0.48,221.0,0.59,319.0,0.45,268.0,0.48,87.69,0.44,1089.0,0.49,10.0,0.43,349.0,0.5,474.45,0.42,339.0,0.51,11.47,0.41,319.0,0.52,100.0
2026-01-07 12:00:07.347000+00:00,2026-01-07 12:00:04.978187+00:00,7.347,0.46499999999999997,0.46,0.47,0.535,0.53,0.54,19.0,273.0,226.0,16.88,0.45,105.0,0.48,156.0,0.44,785.0,0.49,424.0,0.43,206.0,0.5,215.12,0.42,419.0,0.51,424.0,0.41,389.0,0.52,389.0,0.52,156.0,0.55,105.0,0.51,424.0,0.56,785.0,0.5,215.12,0.57,206.0,0.49,424.0,0.58,419.0,0.48,389.0,0.59,389.0
2026-01-07 12:00:08.373000+00:00,2026-01-07 12:00:05.969614+00:00,8.373,0.46499999999999997,0.46,0.47,0.535,0.53,0.54,140.06,106.0,98.44,140.06,0.45,85.0,0.48,204.0,0.44,785.0,0.49,454.0,0.43,236.0,0.5,215.12,0.42,389.0,0.51,424.0,0.41,389.0,0.52,389.0,0.52,204.0,0.55,85.0,0.51,454.0,0.56,785.0,0.5,220.12,0.57,236.0,0.49,424.0,0.58,389.0,0.48,389.0,0.59,389.0
2026-01-07 12:00:09.358000+00:00,2026-01-07 12:00:06.976386+00:00,9.358,0.46499999999999997,0.46,0.47,0.535,0.53,0.54,24.0,133.44,168.44,24.0,0.45,110.0,0.48,194.0,0.44,855.0,0.49,454.0,0.43,276.0,0.5,225.12,0.42,459.0,0.51,389.0,0.41,459.0,0.52,389.0,0.52,204.0,0.55,110.0,0.51,454.0,0.56,855.0,0.5,225.12,0.57,276.0,0.49,424.0,0.58,459.0,0.48,389.0,0.59,459.0
2026-01-07 12:00:10.358000+00:00,2026-01-07 12:00:07.998365+00:00,10.358,0.46499999999999997,0.46,0.47,0.545,0.54,0.55,24.0,148.44,11.0,175.0,0.45,175.0,0.48,339.0,0.44,875.0,0.49,494.0,0.43,276.0,0.5,295.12,0.42,489.0,0.51,389.0,0.41,459.0,0.52,459.0,0.53,143.44,0.56,875.0,0.52,409.0,0.57,276.0,0.51,494.0,0.58,489.0,0.5,295.12,0.59,459.0,0.49,459.0,0.6,494.0
2026-01-07 12:00:11.401000+00:00,2026-01-07 12:00:09.005258+00:00,11.401,0.455,0.45,0.46,0.545,0.54,0.55,155.0,29.34,29.34,155.0,0.44,885.0,0.47,120.0,0.43,276.0,0.48,283.0,0.42,489.0,0.49,311.0,0.41,459.0,0.5,295.12,0.4,494.0,0.51,459.0,0.53,120.0,0.56,895.0,0.52,293.0,0.57,276.0,0.51,311.0,0.58,489.0,0.5,295.12,0.59,459.0,0.49,459.0,0.6,494.0
2026-01-07 12:00:12.428000+00:00,2026-01-07 12:00:10.028104+00:00,12.428,0.455,0.45,0.46,0.545,0.54,0.55,322.0,64.34,64.34,383.0,0.44,977.0,0.47,20.0,0.43,277.0,0.48,50.0,0.42,459.0,0.49,189.0,0.41,494.0,0.5,355.12,0.4,504.0,0.51,469.0,0.53,20.0,0.56,1068.0,0.52,35.0,0.57,338.0,0.51,174.0,0.58,459.0,0.5,165.0,0.59,494.0,0.49,469.0,0.6,519.0
2026-01-07 12:00:13.425000+00:00,2026-01-07 12:00:11.030710+00:00,13.425,0.485,0.48,0.49,0.515,0.51,0.52,180.0,35.0,35.0,165.0,0.47,172.0,0.5,10.0,0.46,207.0,0.51,135.0,0.45,373.0,0.52,276.0,0.44,1159.0,0.53,384.0,0.43,459.0,0.54,548.2,0.5,95.0,0.53,172.0,0.49,135.0,0.54,268.0,0.48,266.0,0.55,373.0,0.47,384.0,0.56,1159.0,0.46,518.2,0.57,459.0
2026-01-07 12:00:14.409000+00:00,2026-01-07 12:00:12.034173+00:00,14.409,0.485,0.48,0.49,0.515,0.51,0.52,215.0,70.0,35.0,272.0,0.47,85.0,0.5,10.0,0.46,303.0,0.51,155.0,0.45,383.0,0.52,464.0,0.44,1073.0,0.53,379.0,0.43,494.0,0.54,543.2,0.5,35.0,0.53,242.0,0.49,60.0,0.54,278.0,0.48,474.0,0.55,408.0,0.47,414.0,0.56,1073.0,0.46,443.2,0.57,494.0
2026-01-07 12:00:15.462000+00:00,2026-01-07 12:00:13.049411+00:00,15.462,0.485,0.48,0.49,0.495,0.47,0.52,373.0,35.0,251.0,373.0,0.47,278.0,0.52,131.0,0.46,373.0,0.53,171.0,0.45,499.0,0.54,435.2,0.44,1194.0,0.55,505.0,0.43,474.0,0.56,1124.0,0.46,332.2,0.53,278.0,0.45,505.0,0.54,373.0,0.44,1124.0,0.55,499.0,0.43,404.0,0.56,1194.0,0.42,374.0,0.57,474.0
2026-01-07 12:00:16.444000+00:00,2026-01-07 12:00:14.051766+00:00,16.444,0.525,0.52,0.53,0.475,0.47,0.48,40.0,298.0,281.0,5.0,0.51,267.0,0.54,201.0,0.5,308.0,0.55,389.0,0.49,353.0,0.56,1074.0,0.48,403.0,0.57,397.0,0.47,338.0,0.58,304.0,0.46,186.0,0.49,198.0,0.45,414.0,0.5,328.0,0.44,1074.0,0.51,318.0,0.43,392.0,0.52,368.0,0.42,304.0,0.53,373.0
2026-01-07 12:00:17.367000+00:00,2026-01-07 12:00:15.072213+00:00,17.367,0.515,0.51,0.52,0.485,0.48,0.49,268.0,105.0,110.0,268.0,0.5,308.0,0.53,246.0,0.49,383.0,0.54,266.0,0.48,443.0,0.55,514.0,0.47,383.0,0.56,1201.0,0.46,459.0,0.57,374.0,0.47,246.0,0.5,308.0,0.46,266.0,0.51,383.0,0.45,514.0,0.52,443.0,0.44,1201.0,0.53,383.0,0.43,374.0,0.54,459.0
2026-01-07 12:00:18.394000+00:00,2026-01-07 12:00:16.075773+00:00,18.394,0.515,0.51,0.52,0.485,0.48,0.49,55.0,75.0,65.0,55.0,0.5,190.0,0.53,291.0,0.49,398.0,0.54,286.0,0.48,393.0,0.55,514.0,0.47,373.0,0.56,1201.0,0.46,459.0,0.57,374.0,0.47,291.0,0.5,210.0,0.46,286.0,0.51,398.0,0.45,514.0,0.52,373.0,0.44,1201.0,0.53,373.0,0.43,374.0,0.54,459.0
2026-01-07 12:00:19.403000+00:00,2026-01-07 12:00:17.082179+00:00,19.403,0.515,0.51,0.52,0.485,0.48,0.49,80.0,65.0,65.0,80.0,0.5,255.0,0.53,371.0,0.49,398.0,0.54,286.0,0.48,373.0,0.55,570.0,0.47,373.0,0.56,1144.0,0.46,459.0,0.57,374.0,0.47,371.0,0.5,255.0,0.46,286.0,0.51,398.0,0.45,514.0,0.52,373.0,0.44,1201.0,0.53,373.0,0.43,374.0,0.54,459.0
2026-01-07 12:00:20.383000+00:00,2026-01-07 12:00:18.099812+00:00,20.383,0.515,0.51,0.52,0.485,0.48,0.49,80.0,60.0,60.0,80.0,0.5,285.0,0.53,371.0,0.49,388.0,0.54,296.0,0.48,373.0,0.55,514.0,0.47,373.0,0.56,1201.0,0.46,459.0,0.57,374.0,0.47,371.0,0.5,285.0,0.46,296.0,0.51,388.0,0.45,514.0,0.52,373.0,0.44,1201.0,0.53,373.0,0.43,374.0,0.54,459.0
2026-01-07 12:00:21.492000+00:00,2026-01-07 12:00:19.119948+00:00,21.492,0.51,0.5,0.52,0.49,0.48,0.5,260.0,160.0,210.0,240.0,0.49,225.0,0.53,529.0,0.48,190.0,0.54,503.0,0.47,373.0,0.55,514.0,0.46,338.0,0.56,1144.0,0.45,429.0,0.57,374.0,0.47,529.0,0.51,235.0,0.46,503.0,0.52,190.0,0.45,514.0,0.53,373.0,0.44,1144.0,0.54,338.0,0.43,374.0,0.55,429.0
2026-01-07 12:00:22.501000+00:00,2026-01-07 12:00:20.119077+00:00,22.501,0.505,0.5,0.51,0.495,0.49,0.5,260.0,40.0,40.0,220.4,0.49,235.0,0.52,171.15,0.48,190.0,0.53,499.0,0.47,373.0,0.54,474.0,0.46,338.0,0.55,570.0,0.45,429.0,0.56,1144.0,0.48,171.15,0.51,235.0,0.47,499.0,0.52,190.0,0.46,474.0,0.53,373.0,0.45,514.0,0.54,338.0,0.44,1144.0,0.55,429.0
2026-01-07 12:00:23.400000+00:00,2026-01-07 12:00:21.127225+00:00,23.4,0.505,0.5,0.51,0.495,0.49,0.5,258.52,70.0,70.0,258.52,0.49,235.0,0.52,171.15,0.48,190.0,0.53,499.0,0.47,373.0,0.54,528.0,0.46,338.0,0.55,520.25,0.45,429.0,0.56,1144.0,0.48,171.15,0.51,235.0,0.47,499.0,0.52,190.0,0.46,528.0,0.53,373.0,0.45,520.25,0.54,338.0,0.44,1144.0,0.55,429.0
2026-01-07 12:00:24.545000+00:00,2026-01-07 12:00:22.145186+00:00,24.545,0.505,0.5,0.51,0.495,0.49,0.5,238.52,100.0,100.0,238.52,0.49,250.0,0.52,241.15,0.48,200.0,0.53,499.0,0.47,373.0,0.54,516.3,0.46,338.0,0.55,576.25,0.45,429.0,0.56,1144.0,0.48,241.15,0.51,250.0,0.47,499.0,0.52,200.0,0.46,516.3,0.53,373.0,0.45,576.25,0.54,338.0,0.44,1144.0,0.55,429.0
2026-01-07 12:00:25.564000+00:00,2026-01-07 12:00:23.151822+00:00,25.564,0.505,0.5,0.51,0.495,0.49,0.5,228.52,95.0,95.0,228.52,0.49,260.0,0.52,241.15,0.48,200.0,0.53,499.0,0.47,373.0,0.54,516.3,0.46,338.0,0.55,576.25,0.45,308.0,0.56,1144.0,0.48,160.0,0.51,250.0,0.47,414.0,0.52,190.0,0.46,581.3,0.53,373.0,0.45,520.25,0.54,338.0,0.44,1144.0,0.55,323.0
2026-01-07 12:00:26.567000+00:00,2026-01-07 12:00:24.175206+00:00,26.567,0.505,0.5,0.51,0.495,0.49,0.5,188.52,80.0,80.0,188.52,0.49,255.0,0.52,205.0,0.48,155.0,0.53,539.0,0.47,373.0,0.54,581.3,0.46,303.0,0.55,546.25,0.45,308.0,0.56,1144.0,0.48,205.0,0.51,290.0,0.47,539.0,0.52,165.0,0.46,611.3,0.53,373.0,0.45,546.25,0.54,338.0,0.44,1144.0,0.55,343.0
2026-01-07 12:00:27.596000+00:00,2026-01-07 12:00:25.196062+00:00,27.596,0.505,0.5,0.51,0.495,0.49,0.5,293.52,80.0,80.0,323.52,0.49,220.0,0.52,105.0,0.48,165.0,0.53,464.0,0.47,373.0,0.54,601.3,0.46,338.0,0.55,490.25,0.45,343.0,0.56,1201.0,0.48,105.0,0.51,190.0,0.47,464.0,0.52,165.0,0.46,601.3,0.53,373.0,0.45,490.25,0.54,338.0,0.44,1201.0,0.55,343.0
2026-01-07 12:00:28.600000+00:00,2026-01-07 12:00:26.199959+00:00,28.6,0.505,0.5,0.51,0.495,0.49,0.5,470.52,110.0,130.0,470.52,0.49,287.0,0.53,304.0,0.48,433.0,0.54,349.0,0.47,494.0,0.55,360.45,0.46,459.0,0.56,1089.0,0.45,444.0,0.57,554.0,0.46,169.3,0.51,348.0,0.45,101.25,0.52,494.0,0.44,946.0,0.53,494.0,0.43,494.0,0.54,459.0,0.42,374.0,0.55,444.0
2026-01-07 12:00:29.578000+00:00,2026-01-07 12:00:27.207388+00:00,29.578,0.535,0.53,0.54,0.46499999999999997,0.46,0.47,30.0,258.3,253.3,30.0,0.52,323.0,0.55,156.25,0.51,303.0,0.56,986.0,0.5,391.52,0.57,552.0,0.49,373.0,0.58,439.0,0.48,494.0,0.59,409.0,0.45,136.25,0.48,323.0,0.44,986.0,0.49,303.0,0.43,552.0,0.5,391.52,0.42,439.0,0.51,373.0,0.41,409.0,0.52,494.0
2026-01-07 12:00:30.617000+00:00,2026-01-07 12:00:28.214842+00:00,30.617,0.535,0.53,0.54,0.46499999999999997,0.46,0.47,100.0,173.3,109.9,215.0,0.52,298.0,0.55,166.25,0.51,303.0,0.56,986.0,0.5,381.52,0.57,552.0,0.49,373.0,0.58,439.0,0.48,459.0,0.59,409.0,0.45,201.25,0.48,348.0,0.44,1006.0,0.49,263.0,0.43,552.0,0.5,381.52,0.42,439.0,0.51,373.0,0.41,409.0,0.52,459.0
2026-01-07 12:00:31.511000+00:00,2026-01-07 12:00:29.222277+00:00,31.511,0.535,0.53,0.54,0.46499999999999997,0.46,0.47,44.14,199.9,199.9,44.14,0.52,170.0,0.55,286.25,0.51,283.0,0.56,1108.0,0.5,381.52,0.57,494.0,0.49,383.0,0.58,469.0,0.48,459.0,0.59,439.0,0.45,286.25,0.48,170.0,0.44,1108.0,0.49,283.0,0.43,494.0,0.5,381.52,0.42,469.0,0.51,383.0,0.41,439.0,0.52,459.0
2026-01-07 12:00:32.635000+00:00,2026-01-07 12:00:30.228884+00:00,32.635,0.525,0.52,0.53,0.475,0.47,0.48,270.0,24.0,24.0,270.0,0.51,130.0,0.54,135.0,0.5,381.52,0.55,318.05,0.49,383.0,0.56,1169.0,0.48,373.0,0.57,524.0,0.47,908.0,0.58,469.0,0.46,135.0,0.49,130.0,0.45,318.05,0.5,381.52,0.44,1169.0,0.51,383.0,0.43,524.0,0.52,373.0,0.42,409.0,0.53,908.0
2026-01-07 12:00:33.609000+00:00,2026-01-07 12:00:31.231986+00:00,33.609,0.525,0.52,0.53,0.475,0.47,0.48,260.0,24.0,24.0,260.0,0.51,140.0,0.54,190.0,0.5,381.52,0.55,260.0,0.49,383.0,0.56,1169.0,0.48,373.0,0.57,582.0,0.47,908.0,0.58,409.0,0.46,190.0,0.49,140.0,0.45,260.0,0.5,381.52,0.44,1169.0,0.51,383.0,0.43,582.0,0.52,373.0,0.42,409.0,0.53,908.0
2026-01-07 12:00:34.635000+00:00,2026-01-07 12:00:32.237825+00:00,34.635,0.53,0.52,0.54,0.47,0.46,0.48,215.0,230.4,245.4,215.0,0.51,155.0,0.55,255.25,0.5,401.52,0.56,1169.0,0.49,373.0,0.57,582.0,0.48,383.0,0.58,409.0,0.47,908.0,0.59,409.0,0.45,255.25,0.49,155.0,0.44,1169.0,0.5,401.52,0.43,582.0,0.51,373.0,0.42,409.0,0.52,383.0,0.41,409.0,0.53,908.0
2026-01-07 12:00:35.632000+00:00,2026-01-07 12:00:33.242443+00:00,35.632,0.545,0.54,0.55,0.455,0.45,0.46,751.6,246.25,695.25,751.6,0.53,18.0,0.56,1216.9,0.52,210.0,0.57,582.0,0.51,170.0,0.58,409.0,0.5,381.52,0.59,409.0,0.49,373.0,0.6,484.0,0.44,1216.9,0.47,18.0,0.43,582.0,0.48,210.0,0.42,409.0,0.49,170.0,0.41,409.0,0.5,381.52,0.4,484.0,0.51,373.0
2026-01-07 12:00:36.508000+00:00,2026-01-07 12:00:34.247454+00:00,36.508,0.545,0.54,0.55,0.455,0.45,0.46,751.6,620.25,620.25,751.6,0.53,90.0,0.56,1146.9,0.52,315.0,0.57,454.0,0.51,140.0,0.58,469.0,0.5,381.52,0.59,409.0,0.49,373.0,0.6,484.0,0.44,1156.9,0.47,20.0,0.43,454.0,0.48,335.0,0.42,409.0,0.49,140.0,0.41,409.0,0.5,381.52,0.4,484.0,0.51,373.0
2026-01-07 12:00:37.628000+00:00,2026-01-07 12:00:35.251966+00:00,37.628,0.545,0.54,0.55,0.455,0.45,0.46,781.6,646.39,640.14,781.6,0.53,175.0,0.56,1166.9,0.52,265.0,0.57,532.0,0.51,120.0,0.58,409.0,0.5,381.52,0.59,409.0,0.49,373.0,0.6,484.0,0.44,1166.9,0.47,175.0,0.43,532.0,0.48,265.0,0.42,409.0,0.49,120.0,0.41,409.0,0.5,376.52,0.4,484.0,0.51,373.0
2026-01-07 12:00:38.640000+00:00,2026-01-07 12:00:36.257399+00:00,38.64,0.545,0.54,0.55,0.455,0.45,0.46,851.6,631.09,621.09,851.6,0.53,250.0,0.56,1151.9,0.52,200.0,0.57,542.0,0.51,110.0,0.58,439.0,0.5,376.52,0.59,409.0,0.49,373.0,0.6,484.0,0.44,1151.9,0.47,250.0,0.43,484.0,0.48,200.0,0.42,499.0,0.49,110.0,0.41,409.0,0.5,376.52,0.4,484.0,0.51,373.0
2026-01-07 12:00:39.588000+00:00,2026-01-07 12:00:37.277394+00:00,39.588,0.545,0.54,0.55,0.455,0.45,0.46,851.6,651.09,474.72,851.6,0.53,70.0,0.56,1243.9,0.52,285.0,0.57,474.0,0.51,120.0,0.58,419.0,0.5,401.52,0.59,409.0,0.49,373.0,0.6,484.0,0.44,1243.9,0.47,70.0,0.43,474.0,0.48,285.0,0.42,419.0,0.49,120.0,0.41,409.0,0.5,401.52,0.4,484.0,0.51,373.0
2026-01-07 12:00:40.560000+00:00,2026-01-07 12:00:38.282815+00:00,40.56,0.545,0.54,0.55,0.455,0.45,0.46,886.6,529.72,537.72,886.6,0.53,85.0,0.56,1213.9,0.52,280.0,0.57,484.0,0.51,145.0,0.58,404.0,0.5,406.52,0.59,409.0,0.49,338.0,0.6,519.0,0.44,1213.9,0.47,85.0,0.43,484.0,0.48,280.0,0.42,409.0,0.49,145.0,0.41,409.0,0.5,406.52,0.4,519.0,0.51,338.0
2026-01-07 12:00:41.657000+00:00,2026-01-07 12:00:39.284177+00:00,41.657,0.545,0.54,0.55,0.455,0.45,0.46,876.6,657.72,657.72,876.6,0.53,80.0,0.56,1184.0,0.52,210.0,0.57,399.0,0.51,185.0,0.58,414.0,0.5,446.52,0.59,409.0,0.49,338.0,0.6,484.0,0.44,1184.0,0.47,80.0,0.43,399.0,0.48,210.0,0.42,414.0,0.49,180.0,0.41,409.0,0.5,446.52,0.4,484.0,0.51,338.0
2026-01-07 12:00:42.574000+00:00,2026-01-07 12:00:40.306040+00:00,42.574,0.545,0.54,0.55,0.455,0.45,0.46,602.7,566.72,566.72,602.7,0.53,90.0,0.56,1204.0,0.52,275.0,0.57,467.0,0.51,115.0,0.58,424.0,0.5,436.52,0.59,409.0,0.49,338.0,0.6,484.0,0.44,1231.0,0.47,90.0,0.43,399.0,0.48,285.0,0.42,424.0,0.49,105.0,0.41,409.0,0.5,436.52,0.4,484.0,0.51,338.0
2026-01-07 12:00:43.708000+00:00,2026-01-07 12:00:41.327430+00:00,43.708,0.545,0.54,0.55,0.455,0.45,0.46,597.15,525.53,543.53,597.15,0.53,165.0,0.56,1129.0,0.52,210.0,0.57,547.0,0.51,135.0,0.58,434.0,0.5,406.52,0.59,409.0,0.49,338.0,0.6,484.0,0.44,1129.0,0.47,165.0,0.43,547.0,0.48,210.0,0.42,434.0,0.49,135.0,0.41,409.0,0.5,406.52,0.4,484.0,0.51,338.0
2026-01-07 12:00:44.618000+00:00,2026-01-07 12:00:42.331535+00:00,44.618,0.545,0.54,0.55,0.455,0.45,0.46,617.15,438.94,438.94,617.15,0.53,145.0,0.56,1175.0,0.52,210.0,0.57,537.0,0.51,135.0,0.58,434.0,0.5,406.52,0.59,419.0,0.49,338.0,0.6,484.0,0.44,1175.0,0.47,145.0,0.43,527.0,0.48,210.0,0.42,434.0,0.49,135.0,0.41,419.0,0.5,406.52,0.4,484.0,0.51,338.0
2026-01-07 12:00:45.748000+00:00,2026-01-07 12:00:43.352985+00:00,45.748,0.545,0.54,0.55,0.455,0.45,0.46,657.15,399.94,399.94,657.15,0.53,205.0,0.56,1170.0,0.52,190.0,0.57,472.0,0.51,135.0,0.58,464.0,0.5,406.52,0.59,429.0,0.49,338.0,0.6,484.0,0.44,1170.0,0.47,205.0,0.43,472.0,0.48,190.0,0.42,464.0,0.49,135.0,0.41,429.0,0.5,406.52,0.4,484.0,0.51,338.0
2026-01-07 12:00:46.760000+00:00,2026-01-07 12:00:44.359897+00:00,46.76,0.545,0.54,0.55,0.455,0.45,0.46,522.15,243.54,228.26,527.15,0.53,483.66,0.56,846.0,0.52,403.0,0.57,497.0,0.51,288.0,0.58,444.0,0.5,401.52,0.59,399.0,0.49,908.0,0.6,479.0,0.44,846.0,0.47,493.66,0.43,256.0,0.48,403.0,0.42,534.0,0.49,288.0,0.41,399.0,0.5,401.52,0.4,449.0,0.51,908.0
2026-01-07 12:00:47.709000+00:00,2026-01-07 12:00:45.367416+00:00,47.709,0.545,0.54,0.55,0.455,0.45,0.46,517.8,203.26,203.26,512.8,0.53,478.66,0.56,846.0,0.52,423.0,0.57,314.0,0.51,288.0,0.58,474.0,0.5,401.52,0.59,399.0,0.49,908.0,0.6,449.0,0.44,846.0,0.47,478.66,0.43,314.0,0.48,423.0,0.42,474.0,0.49,288.0,0.41,399.0,0.5,401.52,0.4,449.0,0.51,908.0
2026-01-07 12:00:48.742000+00:00,2026-01-07 12:00:46.387232+00:00,48.742,0.545,0.54,0.55,0.455,0.45,0.46,517.8,230.23,230.23,517.8,0.53,503.66,0.56,800.0,0.52,403.0,0.57,256.0,0.51,288.0,0.58,534.0,0.5,401.52,0.59,399.0,0.49,908.0,0.6,449.0,0.44,800.0,0.47,503.66,0.43,378.0,0.48,403.0,0.42,534.0,0.49,288.0,0.41,399.0,0.5,401.52,0.4,449.0,0.51,908.0
2026-01-07 12:00:49.752000+00:00,2026-01-07 12:00:47.391925+00:00,49.752,0.545,0.54,0.55,0.455,0.45,0.46,512.8,684.23,684.23,482.8,0.53,10.0,0.56,1008.0,0.52,345.0,0.57,544.0,0.51,115.0,0.58,469.0,0.5,401.52,0.59,555.0,0.49,787.0,0.6,519.0,0.44,1008.0,0.47,10.0,0.43,544.0,0.48,345.0,0.42,469.0,0.49,115.0,0.41,555.0,0.5,401.52,0.4,519.0,0.51,787.0
2026-01-07 12:00:50.760000+00:00,2026-01-07 12:00:48.396394+00:00,50.76,0.545,0.54,0.55,0.455,0.45,0.46,512.8,679.23,679.23,512.8,0.53,10.0,0.56,1119.0,0.52,335.0,0.57,474.0,0.51,115.0,0.58,469.0,0.5,218.52,0.59,555.0,0.49,787.0,0.6,519.0,0.44,1119.0,0.47,10.0,0.43,474.0,0.48,335.0,0.42,469.0,0.49,115.0,0.41,555.0,0.5,218.52,0.4,519.0,0.51,787.0
2026-01-07 12:00:51.817000+00:00,2026-01-07 12:00:49.418943+00:00,51.817,0.505,0.5,0.51,0.495,0.49,0.5,190.0,45.0,22.0,195.0,0.49,115.0,0.52,93.0,0.48,190.0,0.53,40.0,0.47,338.0,0.54,226.0,0.46,787.0,0.55,1097.23,0.45,459.0,0.56,1191.0,0.48,95.0,0.51,95.0,0.47,40.0,0.52,120.0,0.46,216.0,0.53,408.0,0.45,1087.23,0.54,787.0,0.44,1191.0,0.55,459.0
2026-01-07 12:00:52.728000+00:00,2026-01-07 12:00:50.426464+00:00,52.728,0.515,0.51,0.52,0.49,0.48,0.5,40.0,112.88,112.88,268.0,0.5,238.0,0.53,101.0,0.49,165.0,0.54,331.0,0.48,120.0,0.55,1069.23,0.47,368.0,0.56,1154.0,0.46,787.0,0.57,459.0,0.47,101.0,0.51,165.0,0.46,341.0,0.52,190.0,0.45,1059.23,0.53,368.0,0.44,1144.0,0.54,787.0,0.43,459.0,0.55,424.0
2026-01-07 12:00:53.845000+00:00,2026-01-07 12:00:51.450300+00:00,53.845,0.515,0.51,0.52,0.485,0.48,0.49,67.0,100.0,100.0,27.0,0.5,193.0,0.53,186.0,0.49,170.0,0.54,336.0,0.48,220.0,0.55,1008.03,0.47,338.0,0.56,1164.0,0.46,787.0,0.57,479.0,0.47,186.0,0.5,193.0,0.46,361.0,0.51,170.0,0.45,1008.03,0.52,220.0,0.44,1144.0,0.53,338.0,0.43,459.0,0.54,787.0
2026-01-07 12:00:54.855000+00:00,2026-01-07 12:00:52.456359+00:00,54.855,0.515,0.51,0.52,0.485,0.48,0.49,18.01,148.0,993.0,18.01,0.5,80.0,0.53,201.0,0.49,45.0,0.54,341.0,0.48,205.0,0.55,568.77,0.47,338.0,0.56,1089.0,0.46,752.0,0.57,459.0,0.47,323.3,0.5,35.0,0.46,425.0,0.51,5.0,0.45,570.97,0.52,5.0,0.44,1159.0,0.53,333.0,0.43,459.0,0.54,288.0
2026-01-07 12:00:55.844000+00:00,2026-01-07 12:00:53.478543+00:00,55.844,0.48,0.47,0.49,0.515,0.51,0.52,130.0,135.0,140.0,18.0,0.46,185.0,0.5,155.0,0.45,283.0,0.51,323.0,0.44,1038.0,0.52,1012.0,0.43,908.0,0.53,146.0,0.42,409.0,0.54,267.0,0.5,155.0,0.53,125.0,0.49,323.0,0.54,185.0,0.48,1012.0,0.55,283.0,0.47,146.0,0.56,1108.0,0.46,267.0,0.57,908.0
2026-01-07 12:00:56.858000+00:00,2026-01-07 12:00:54.485518+00:00,56.858,0.485,0.48,0.49,0.515,0.51,0.52,18.0,140.0,145.0,18.0,0.47,180.0,0.5,145.0,0.46,150.0,0.51,333.0,0.45,273.0,0.52,945.0,0.44,1108.0,0.53,146.0,0.43,908.0,0.54,267.0,0.5,145.0,0.53,190.0,0.49,333.0,0.54,130.0,0.48,945.0,0.55,273.0,0.47,146.0,0.56,1108.0,0.46,267.0,0.57,908.0
2026-01-07 12:00:57.889000+00:00,2026-01-07 12:00:55.492796+00:00,57.889,0.48,0.47,0.49,0.52,0.51,0.53,183.62,158.0,158.0,253.62,0.46,210.0,0.5,272.0,0.45,413.0,0.51,505.0,0.44,1038.0,0.52,951.9,0.43,908.0,0.53,146.0,0.42,409.0,0.54,277.86,0.5,272.0,0.54,210.0,0.49,505.0,0.55,343.0,0.48,951.9,0.56,1038.0,0.47,146.0,0.57,908.0,0.46,277.86,0.58,409.0
2026-01-07 12:00:58.892000+00:00,2026-01-07 12:00:56.500766+00:00,58.892,0.485,0.48,0.49,0.515,0.51,0.52,18.0,203.0,203.0,18.0,0.47,188.62,0.5,308.0,0.46,265.0,0.51,485.0,0.45,130.0,0.52,951.9,0.44,1038.0,0.53,146.0,0.43,817.0,0.54,277.86,0.5,298.0,0.53,188.62,0.49,485.0,0.54,255.0,0.48,502.9,0.55,130.0,0.47,146.0,0.56,1038.0,0.46,277.86,0.57,817.0
2026-01-07 12:00:59.647000+00:00,2026-01-07 12:00:57.504629+00:00,59.647,0.485,0.48,0.49,0.515,0.51,0.52,18.0,216.0,218.0,18.0,0.47,188.62,0.5,358.0,0.46,265.0,0.51,434.0,0.45,140.0,0.52,503.0,0.44,1038.0,0.53,262.1,0.43,817.0,0.54,347.86,0.5,358.0,0.53,188.62,0.49,434.0,0.54,265.0,0.48,503.0,0.55,140.0,0.47,216.0,0.56,1038.0,0.46,347.86,0.57,817.0
2026-01-07 12:01:00.892000+00:00,2026-01-07 12:00:58.507095+00:00,60.892,0.485,0.48,0.49,0.515,0.51,0.52,15.96,178.0,178.0,15.96,0.47,263.62,0.5,303.0,0.46,200.0,0.51,505.0,0.45,130.0,0.52,503.0,0.44,1038.0,0.53,216.0,0.43,817.0,0.54,347.86,0.5,303.0,0.53,263.62,0.49,505.0,0.54,200.0,0.48,503.0,0.55,130.0,0.47,216.0,0.56,1038.0,0.46,347.86,0.57,817.0
2026-01-07 12:01:01.916000+00:00,2026-01-07 12:00:59.528626+00:00,61.916,0.485,0.48,0.49,0.515,0.51,0.52,85.96,168.0,168.0,77.42,0.47,263.62,0.5,303.0,0.46,200.0,0.51,505.0,0.45,130.0,0.52,503.0,0.44,1038.0,0.53,216.0,0.43,817.0,0.54,347.86,0.5,303.0,0.53,263.62,0.49,505.0,0.54,200.0,0.48,503.0,0.55,130.0,0.47,216.0,0.56,1038.0,0.46,347.86,0.57,817.0
2026-01-07 12:01:02.889000+00:00,2026-01-07 12:01:00.534157+00:00,62.889,0.485,0.48,0.49,0.515,0.51,0.52,77.42,208.0,794.0,7.42,0.47,223.62,0.5,293.0,0.46,200.0,0.51,486.4,0.45,130.0,0.52,454.0,0.44,1038.0,0.53,216.0,0.43,817.0,0.54,400.86,0.5,409.0,0.53,15.0,0.49,476.4,0.54,265.0,0.48,454.0,0.55,155.0,0.47,337.0,0.56,1013.0,0.46,400.86,0.57,817.0
2026-01-07 12:01:03.927000+00:00,2026-01-07 12:01:01.539568+00:00,63.927,0.46499999999999997,0.46,0.47,0.535,0.53,0.54,20.0,155.0,155.0,20.0,0.45,310.0,0.48,179.58,0.44,875.0,0.49,926.0,0.43,130.0,0.5,504.0,0.42,318.0,0.51,421.4,0.41,409.0,0.52,459.0,0.52,240.58,0.55,310.0,0.51,926.0,0.56,875.0,0.5,504.0,0.57,130.0,0.49,421.4,0.58,318.0,0.48,459.0,0.59,409.0
2026-01-07 12:01:04.964000+00:00,2026-01-07 12:01:02.544515+00:00,64.964,0.46499999999999997,0.46,0.47,0.535,0.53,0.54,571.0,292.0,171.0,621.72,0.45,373.0,0.48,296.58,0.44,1118.0,0.49,389.0,0.43,398.0,0.5,304.0,0.42,409.0,0.51,304.0,0.41,336.2,0.52,304.0,0.51,85.0,0.55,459.0,0.47,570.0,0.56,1144.0,0.46,212.86,0.57,459.0,0.45,500.97,0.58,374.0,0.44,1079.0,0.59,397.2
2026-01-07 12:01:05.960000+00:00,2026-01-07 12:01:03.553797+00:00,65.96,0.515,0.51,0.52,0.485,0.48,0.49,107.35,150.0,150.0,112.35,0.5,333.0,0.53,170.0,0.49,303.0,0.54,261.86,0.48,303.0,0.55,531.97,0.47,752.0,0.56,1109.0,0.46,321.44,0.57,389.0,0.47,165.0,0.5,328.0,0.46,261.86,0.51,303.0,0.45,531.97,0.52,333.0,0.44,1109.0,0.53,752.0,0.43,389.0,0.54,321.44
2026-01-07 12:01:06.943000+00:00,2026-01-07 12:01:04.561020+00:00,66.943,0.515,0.51,0.52,0.51,0.5,0.52,6.35,789.23,135.0,155.0,0.48,145.0,0.53,489.0,0.47,308.0,0.54,557.86,0.46,323.0,0.55,550.97,0.45,298.0,0.56,1124.0,0.44,953.0,0.57,439.0,0.49,220.0,0.53,308.0,0.48,771.23,0.54,323.0,0.47,514.0,0.55,298.0,0.46,504.86,0.56,953.0,0.45,515.97,0.57,354.0
2026-01-07 12:01:07.980000+00:00,2026-01-07 12:01:05.576397+00:00,67.98,0.475,0.47,0.48,0.53,0.52,0.54,183.0,165.0,230.0,303.0,0.46,303.0,0.49,199.0,0.45,334.35,0.5,348.0,0.44,963.0,0.51,483.0,0.43,813.0,0.52,466.23,0.42,339.0,0.53,459.0,0.51,281.0,0.55,334.35,0.5,433.0,0.56,963.0,0.49,453.0,0.57,813.0,0.48,466.23,0.58,369.0,0.47,459.0,0.59,339.0
2026-01-07 12:01:08.955000+00:00,2026-01-07 12:01:06.583280+00:00,68.955,0.46499999999999997,0.46,0.47,0.535,0.53,0.54,195.0,35.0,35.0,195.0,0.45,85.0,0.48,15.0,0.44,953.0,0.49,281.0,0.43,692.0,0.5,529.0,0.42,248.0,0.51,540.0,0.41,288.0,0.52,552.23,0.52,10.0,0.55,115.0,0.51,281.0,0.56,953.0,0.5,529.0,0.57,692.0,0.49,540.0,0.58,298.0,0.48,552.23,0.59,288.0
2026-01-07 12:01:09.931000+00:00,2026-01-07 12:01:07.603753+00:00,69.931,0.475,0.47,0.48,0.525,0.52,0.53,173.0,489.0,489.0,173.0,0.46,110.0,0.49,256.0,0.45,150.0,0.5,494.0,0.44,928.0,0.51,565.0,0.43,797.0,0.52,503.23,0.42,288.0,0.53,493.0,0.51,256.0,0.54,110.0,0.5,494.0,0.55,150.0,0.49,565.0,0.56,928.0,0.48,503.23,0.57,797.0,0.47,493.0,0.58,288.0
2026-01-07 12:01:11.005000+00:00,2026-01-07 12:01:08.611689+00:00,71.005,0.475,0.47,0.48,0.525,0.52,0.53,152.39,549.0,549.0,152.39,0.46,110.0,0.49,281.0,0.45,210.0,0.5,564.0,0.44,938.0,0.51,494.0,0.43,797.0,0.52,493.23,0.42,288.0,0.53,493.0,0.51,281.0,0.54,105.0,0.5,564.0,0.55,215.0,0.49,494.0,0.56,938.0,0.48,493.23,0.57,797.0,0.47,493.0,0.58,288.0
2026-01-07 12:01:12.994000+00:00,2026-01-07 12:01:10.637616+00:00,72.994,0.475,0.47,0.48,0.525,0.52,0.53,286.0,464.0,464.0,286.0,0.46,423.0,0.49,331.0,0.45,368.0,0.5,429.0,0.44,1053.0,0.51,514.0,0.43,787.0,0.52,557.23,0.42,409.0,0.53,444.0,0.51,331.0,0.54,423.0,0.5,429.0,0.55,368.0,0.49,514.0,0.56,1053.0,0.48,557.23,0.57,787.0,0.47,444.0,0.58,409.0
2026-01-07 12:01:14.024000+00:00,2026-01-07 12:01:11.638456+00:00,74.024,0.475,0.47,0.48,0.525,0.52,0.53,146.49,677.83,677.83,146.49,0.46,458.0,0.49,291.0,0.45,398.0,0.5,419.0,0.44,1063.0,0.51,514.0,0.43,787.0,0.52,518.23,0.42,409.0,0.53,444.0,0.51,256.0,0.54,423.0,0.5,409.0,0.55,388.0,0.49,479.0,0.56,1028.0,0.48,518.23,0.57,787.0,0.47,444.0,0.58,374.0
2026-01-07 12:01:15.997000+00:00,2026-01-07 12:01:13.645745+00:00,75.997,0.46499999999999997,0.46,0.47,0.535,0.53,0.54,5.0,2166.0,2136.0,5.0,0.45,85.0,0.48,674.83,0.44,930.0,0.49,326.0,0.43,807.0,0.5,508.5,0.42,358.0,0.51,494.0,0.41,288.0,0.52,483.23,0.52,654.83,0.55,125.0,0.51,346.0,0.56,905.0,0.5,508.5,0.57,792.0,0.49,494.0,0.58,318.0,0.48,483.23,0.59,288.0
2026-01-07 12:01:17.012000+00:00,2026-01-07 12:01:14.648627+00:00,77.012,0.45999999999999996,0.45,0.47,0.545,0.54,0.55,55.0,2196.0,81.0,85.0,0.44,915.0,0.48,664.83,0.43,822.0,0.49,346.0,0.42,318.0,0.5,508.5,0.41,288.0,0.51,494.0,0.4,539.0,0.52,483.23,0.53,2109.0,0.56,945.0,0.52,664.83,0.57,812.0,0.51,346.0,0.58,318.0,0.5,509.2,0.59,288.0,0.49,494.0,0.6,539.0
2026-01-07 12:01:18.028000+00:00,2026-01-07 12:01:15.665803+00:00,78.028,0.455,0.45,0.46,0.545,0.54,0.55,120.0,69.84,46.0,135.52,0.44,920.0,0.47,2099.48,0.43,827.0,0.48,664.83,0.42,318.0,0.49,346.0,0.41,288.0,0.5,509.2,0.4,504.0,0.51,494.0,0.53,2109.48,0.56,910.0,0.52,664.83,0.57,807.0,0.51,346.0,0.58,318.0,0.5,509.2,0.59,288.0,0.49,494.0,0.6,504.0
2026-01-07 12:01:19.065000+00:00,2026-01-07 12:01:16.667357+00:00,79.065,0.455,0.45,0.46,0.545,0.54,0.55,117.81,20.0,30.0,117.81,0.44,960.0,0.47,2156.48,0.43,797.0,0.48,674.83,0.42,318.0,0.49,336.0,0.41,288.0,0.5,539.2,0.4,504.0,0.51,494.0,0.53,2141.48,0.56,930.0,0.52,674.83,0.57,827.0,0.51,336.0,0.58,318.0,0.5,529.2,0.59,288.0,0.49,494.0,0.6,504.0
2026-01-07 12:01:20.032000+00:00,2026-01-07 12:01:17.668097+00:00,80.032,0.45,0.44,0.46,0.55,0.54,0.56,915.0,150.0,150.0,915.0,0.43,388.0,0.47,2186.48,0.42,328.0,0.48,795.83,0.41,288.0,0.49,499.0,0.4,539.0,0.5,529.2,0.39,389.0,0.51,494.0,0.53,2186.48,0.57,388.0,0.52,805.83,0.58,328.0,0.51,499.0,0.59,288.0,0.5,529.2,0.6,539.0,0.49,494.0,0.61,389.0
2026-01-07 12:01:21.950000+00:00,2026-01-07 12:01:19.673192+00:00,81.95,0.455,0.45,0.46,0.545,0.54,0.55,20.0,180.0,216.0,20.0,0.44,950.0,0.47,2176.48,0.43,363.0,0.48,795.83,0.42,288.0,0.49,519.0,0.41,318.0,0.5,514.0,0.4,539.0,0.51,517.6,0.53,2129.48,0.56,950.0,0.52,795.83,0.57,353.0,0.51,519.0,0.58,288.0,0.5,514.0,0.59,318.0,0.49,517.6,0.6,539.0
2026-01-07 12:01:23.090000+00:00,2026-01-07 12:01:20.692860+00:00,83.09,0.455,0.45,0.46,0.535,0.53,0.54,23.03,110.0,1914.48,105.0,0.44,985.0,0.47,2176.48,0.43,313.0,0.48,795.83,0.42,337.0,0.49,499.0,0.41,318.0,0.5,534.0,0.4,588.0,0.51,515.0,0.52,136.0,0.55,248.03,0.51,309.0,0.56,962.0,0.5,379.0,0.57,303.0,0.49,444.0,0.58,253.0,0.48,428.23,0.59,332.0
2026-01-07 12:01:24.015000+00:00,2026-01-07 12:01:21.697367+00:00,84.015,0.46499999999999997,0.46,0.47,0.535,0.53,0.54,1073.0,1434.55,1434.55,1088.0,0.45,512.03,0.48,15.0,0.44,1179.0,0.49,5.0,0.43,459.0,0.52,10.0,0.42,409.0,0.53,246.0,0.41,374.0,0.54,290.86,0.52,15.0,0.55,517.49,0.51,5.0,0.56,1179.0,0.48,10.0,0.57,459.0,0.47,125.0,0.58,458.0,0.46,290.86,0.59,374.0
2026-01-07 12:01:25.097000+00:00,2026-01-07 12:01:22.699390+00:00,85.097,0.46499999999999997,0.46,0.47,0.535,0.53,0.54,1014.17,734.11,592.09,1014.17,0.45,517.49,0.48,15.0,0.44,1179.0,0.49,5.0,0.43,508.0,0.52,10.0,0.42,409.0,0.54,584.86,0.41,435.0,0.55,342.8,0.52,15.0,0.55,517.49,0.51,5.0,0.56,1179.0,0.48,10.0,0.57,508.0,0.46,594.86,0.58,469.0,0.45,393.8,0.59,374.0
2026-01-07 12:01:26.101000+00:00,2026-01-07 12:01:23.704667+00:00,86.101,0.46499999999999997,0.46,0.47,0.535,0.53,0.54,999.17,514.42,514.42,999.17,0.45,517.49,0.48,15.0,0.44,1179.0,0.49,5.0,0.43,508.0,0.52,20.0,0.42,409.0,0.53,50.0,0.41,435.0,0.54,619.86,0.52,15.0,0.55,517.49,0.51,5.0,0.56,1179.0,0.48,20.0,0.57,508.0,0.47,105.0,0.58,409.0,0.46,599.86,0.59,435.0
2026-01-07 12:01:27.024000+00:00,2026-01-07 12:01:24.709292+00:00,87.024,0.46499999999999997,0.46,0.47,0.535,0.53,0.54,1014.17,479.42,479.42,1014.17,0.45,527.49,0.48,15.0,0.44,1179.0,0.5,70.0,0.43,508.0,0.51,90.0,0.42,469.0,0.52,95.0,0.41,374.0,0.53,215.0,0.52,25.0,0.55,547.49,0.5,70.0,0.56,1179.0,0.49,90.0,0.57,508.0,0.48,80.0,0.58,469.0,0.47,215.0,0.59,374.0
2026-01-07 12:01:28.073000+00:00,2026-01-07 12:01:25.718255+00:00,88.073,0.46499999999999997,0.46,0.47,0.535,0.53,0.54,999.17,430.42,430.42,1014.17,0.45,547.49,0.48,105.0,0.44,1179.0,0.49,70.0,0.43,508.0,0.5,80.0,0.42,409.0,0.51,95.0,0.41,435.0,0.52,100.0,0.52,105.0,0.55,547.49,0.51,70.0,0.56,1179.0,0.5,80.0,0.57,508.0,0.49,95.0,0.58,409.0,0.48,100.0,0.59,435.0
2026-01-07 12:01:29.079000+00:00,2026-01-07 12:01:26.726387+00:00,89.079,0.46499999999999997,0.46,0.47,0.535,0.53,0.54,999.17,420.42,418.29,992.65,0.45,557.49,0.48,105.0,0.44,1179.0,0.49,70.0,0.43,508.0,0.5,80.0,0.42,409.0,0.51,80.0,0.41,435.0,0.52,100.0,0.52,105.0,0.55,557.49,0.51,70.0,0.56,1179.0,0.5,80.0,0.57,508.0,0.49,80.0,0.58,409.0,0.48,100.0,0.59,435.0
2026-01-07 12:01:30.001000+00:00,2026-01-07 12:01:27.732241+00:00,90.001,0.46499999999999997,0.46,0.47,0.535,0.53,0.54,1017.65,418.29,418.29,1007.65,0.45,557.49,0.48,120.0,0.44,1179.0,0.49,70.0,0.43,518.0,0.5,90.0,0.42,409.0,0.51,80.0,0.41,374.0,0.52,80.0,0.52,130.0,0.55,567.49,0.51,70.0,0.56,1179.0,0.5,90.0,0.57,518.0,0.49,80.0,0.58,409.0,0.48,80.0,0.59,374.0
2026-01-07 12:01:31.065000+00:00,2026-01-07 12:01:28.734396+00:00,91.065,0.46499999999999997,0.46,0.47,0.535,0.53,0.54,1013.79,418.29,418.29,1013.79,0.45,567.49,0.48,130.0,0.44,1179.0,0.49,70.0,0.43,518.0,0.5,90.0,0.42,409.0,0.51,90.0,0.41,374.0,0.52,80.0,0.52,130.0,0.55,567.49,0.51,70.0,0.56,1179.0,0.5,90.0,0.57,518.0,0.49,90.0,0.58,409.0,0.48,80.0,0.59,374.0
2026-01-07 12:01:32.118000+00:00,2026-01-07 12:01:29.741985+00:00,92.118,0.485,0.48,0.49,0.505,0.5,0.51,130.0,70.0,20.0,85.0,0.47,239.71,0.5,90.0,0.46,1013.79,0.51,90.0,0.45,592.49,0.52,80.0,0.44,1179.0,0.53,195.0,0.43,473.0,0.54,649.86,0.49,20.0,0.52,95.0,0.48,80.0,0.53,229.71,0.47,195.0,0.54,564.79,0.46,649.86,0.55,557.49,0.45,404.4,0.56,1144.0
2026-01-07 12:01:33.165000+00:00,2026-01-07 12:01:30.762576+00:00,93.165,0.505,0.5,0.51,0.495,0.49,0.5,235.0,35.0,35.0,235.0,0.49,115.0,0.52,130.0,0.48,120.0,0.53,85.0,0.47,259.71,0.54,669.86,0.46,590.17,0.55,487.88,0.45,489.46,0.56,1206.04,0.48,130.0,0.51,115.0,0.47,85.0,0.52,120.0,0.46,669.86,0.53,259.71,0.45,487.88,0.54,590.17,0.44,1206.04,0.55,489.46
2026-01-07 12:01:34.972000+00:00,2026-01-07 12:01:32.789425+00:00,94.972,0.505,0.5,0.51,0.495,0.49,0.5,235.0,35.0,30.0,235.0,0.49,115.0,0.52,40.0,0.48,125.0,0.53,110.0,0.47,329.71,0.54,704.86,0.46,520.17,0.55,510.4,0.45,489.46,0.56,1176.04,0.48,40.0,0.51,115.0,0.47,110.0,0.52,125.0,0.46,704.86,0.53,329.71,0.45,510.4,0.54,520.17,0.44,1176.04,0.55,489.46
2026-01-07 12:01:36.180000+00:00,2026-01-07 12:01:33.810291+00:00,96.18,0.505,0.5,0.51,0.495,0.49,0.5,330.0,30.0,30.0,345.0,0.49,185.0,0.52,40.0,0.48,195.0,0.53,110.0,0.47,329.71,0.54,699.86,0.46,520.17,0.55,515.4,0.45,489.46,0.56,1176.04,0.48,40.0,0.51,185.0,0.47,110.0,0.52,195.0,0.46,704.86,0.53,778.71,0.45,515.4,0.54,520.17,0.44,1176.04,0.55,489.46
2026-01-07 12:01:37.105000+00:00,2026-01-07 12:01:34.817313+00:00,97.105,0.505,0.5,0.51,0.495,0.49,0.5,310.0,40.0,40.0,325.0,0.49,185.0,0.52,95.0,0.48,190.0,0.53,273.0,0.47,778.71,0.54,887.86,0.46,520.17,0.55,510.4,0.45,489.46,0.56,1176.04,0.48,95.0,0.51,185.0,0.47,273.0,0.52,190.0,0.46,887.86,0.53,778.71,0.45,510.4,0.54,520.17,0.44,1176.04,0.55,489.46
2026-01-07 12:01:38.239000+00:00,2026-01-07 12:01:35.837218+00:00,98.239,0.505,0.5,0.51,0.495,0.49,0.5,310.0,40.0,40.0,325.0,0.49,185.0,0.52,20.0,0.48,190.0,0.53,348.0,0.47,778.71,0.54,862.86,0.46,520.17,0.55,479.4,0.45,489.46,0.56,1176.04,0.48,20.0,0.51,185.0,0.47,348.0,0.52,190.0,0.46,862.86,0.53,778.71,0.45,449.4,0.54,520.17,0.44,1176.04,0.55,489.46
2026-01-07 12:01:39.243000+00:00,2026-01-07 12:01:36.843767+00:00,99.243,0.505,0.5,0.51,0.495,0.49,0.5,340.0,20.39,20.39,340.0,0.49,175.0,0.52,10.0,0.48,200.0,0.53,353.0,0.47,319.71,0.54,767.86,0.46,520.17,0.55,469.4,0.45,489.46,0.56,1216.04,0.48,10.0,0.51,175.0,0.47,353.0,0.52,200.0,0.46,767.86,0.53,319.71,0.45,469.4,0.54,520.17,0.44,1216.04,0.55,489.46
2026-01-07 12:01:40.114000+00:00,2026-01-07 12:01:37.849563+00:00,100.114,0.505,0.5,0.51,0.495,0.49,0.5,352.92,25.0,25.0,352.92,0.49,175.0,0.52,10.0,0.48,200.0,0.53,170.0,0.47,319.71,0.54,767.86,0.46,520.17,0.55,463.8,0.45,538.46,0.56,1216.04,0.48,10.0,0.51,175.0,0.47,170.0,0.52,200.0,0.46,767.86,0.53,319.71,0.45,458.8,0.54,520.17,0.44,1216.04,0.55,538.46
2026-01-07 12:01:41.213000+00:00,2026-01-07 12:01:38.871883+00:00,101.213,0.505,0.5,0.51,0.495,0.49,0.5,342.92,25.0,21.15,342.92,0.49,175.0,0.52,10.0,0.48,200.0,0.53,170.0,0.47,319.71,0.54,767.86,0.46,520.17,0.55,438.8,0.45,538.46,0.56,1216.04,0.48,10.0,0.51,175.0,0.47,145.0,0.52,200.0,0.46,757.86,0.53,319.71,0.45,438.8,0.54,520.17,0.44,1216.04,0.55,538.46
2026-01-07 12:01:42.230000+00:00,2026-01-07 12:01:39.878694+00:00,102.23,0.505,0.5,0.51,0.495,0.49,0.5,350.92,16.34,16.34,315.92,0.49,175.0,0.52,45.0,0.48,190.0,0.53,145.0,0.47,329.71,0.54,812.86,0.46,520.17,0.55,438.8,0.45,538.46,0.56,1216.04,0.48,45.0,0.51,200.0,0.47,145.0,0.52,165.0,0.46,812.86,0.53,329.71,0.45,438.8,0.54,520.17,0.44,1216.04,0.55,573.46
2026-01-07 12:01:43.321000+00:00,2026-01-07 12:01:40.902599+00:00,103.321,0.505,0.5,0.51,0.495,0.49,0.5,260.92,16.34,16.34,270.92,0.49,190.0,0.52,45.0,0.48,614.0,0.53,40.0,0.47,319.71,0.54,802.86,0.46,520.17,0.55,458.8,0.45,580.46,0.56,1206.04,0.48,45.0,0.51,190.0,0.47,145.0,0.52,624.0,0.46,772.86,0.53,319.71,0.45,468.8,0.54,520.17,0.44,1196.04,0.55,580.46
2026-01-07 12:01:44.309000+00:00,2026-01-07 12:01:41.909123+00:00,104.309,0.525,0.52,0.53,0.475,0.47,0.48,170.0,5.0,10.0,185.0,0.51,165.0,0.54,333.86,0.5,386.0,0.55,318.8,0.49,322.0,0.56,1156.04,0.48,438.0,0.57,364.0,0.47,284.71,0.58,339.0,0.46,333.86,0.49,235.0,0.45,318.8,0.5,386.0,0.44,1156.04,0.51,322.0,0.43,364.0,0.52,438.0,0.42,339.0,0.53,284.71
2026-01-07 12:01:45.328000+00:00,2026-01-07 12:01:42.933452+00:00,105.328,0.525,0.52,0.53,0.475,0.47,0.48,50.0,155.0,160.0,50.0,0.51,200.0,0.54,130.86,0.5,512.0,0.55,361.28,0.49,378.0,0.56,985.04,0.48,499.0,0.57,344.0,0.47,294.71,0.58,339.0,0.46,130.86,0.49,200.0,0.45,361.28,0.5,512.0,0.44,985.04,0.51,383.0,0.43,344.0,0.52,499.0,0.42,399.0,0.53,294.71
2026-01-07 12:01:46.344000+00:00,2026-01-07 12:01:43.942713+00:00,106.344,0.525,0.52,0.53,0.475,0.47,0.48,15.0,342.56,357.56,15.0,0.51,35.0,0.54,217.86,0.5,253.0,0.55,355.0,0.49,807.0,0.56,1101.04,0.48,464.0,0.57,362.0,0.47,284.71,0.58,304.0,0.46,686.86,0.5,288.0,0.45,355.0,0.51,882.0,0.44,1136.04,0.52,569.0,0.43,397.0,0.53,319.71,0.42,304.0,0.54,450.17
2026-01-07 12:01:47.370000+00:00,2026-01-07 12:01:44.965695+00:00,107.37,0.495,0.49,0.5,0.515,0.51,0.52,10.0,35.0,123.0,183.0,0.48,223.0,0.51,277.0,0.47,129.71,0.52,408.0,0.46,440.17,0.53,404.56,0.45,873.46,0.54,429.86,0.44,1049.0,0.55,531.0,0.5,170.0,0.53,129.71,0.49,262.0,0.54,450.17,0.48,513.0,0.55,858.46,0.47,509.56,0.56,1144.0,0.46,553.86,0.57,459.0
2026-01-07 12:01:48.365000+00:00,2026-01-07 12:01:45.970862+00:00,108.365,0.47,0.46,0.48,0.525,0.52,0.53,146.17,358.0,233.0,115.0,0.45,584.46,0.49,313.0,0.44,840.0,0.5,373.0,0.43,433.2,0.51,318.0,0.42,479.0,0.52,424.0,0.41,374.0,0.53,384.56,0.51,328.0,0.54,146.17,0.5,333.0,0.55,812.46,0.49,318.0,0.56,1013.0,0.48,481.0,0.57,433.2,0.47,379.56,0.58,479.0
2026-01-07 12:01:49.370000+00:00,2026-01-07 12:01:46.975478+00:00,109.37,0.485,0.48,0.49,0.515,0.51,0.52,15.0,125.0,125.0,15.0,0.47,171.0,0.5,100.0,0.46,201.17,0.51,338.0,0.45,843.46,0.52,415.0,0.44,1079.0,0.53,379.56,0.43,433.2,0.54,439.86,0.5,100.0,0.53,171.0,0.49,328.0,0.54,201.17,0.48,435.0,0.55,843.46,0.47,379.56,0.56,1079.0,0.46,439.86,0.57,433.2
2026-01-07 12:01:50.199000+00:00,2026-01-07 12:01:47.986005+00:00,110.199,0.475,0.47,0.48,0.525,0.52,0.53,161.0,35.0,35.0,161.0,0.46,201.17,0.49,125.0,0.45,843.46,0.5,100.0,0.44,1079.0,0.51,358.0,0.43,389.0,0.52,353.0,0.42,521.9,0.53,379.56,0.51,125.0,0.54,201.17,0.5,100.0,0.55,843.46,0.49,358.0,0.56,1079.0,0.48,353.0,0.57,459.0,0.47,379.56,0.58,451.9
2026-01-07 12:01:51.362000+00:00,2026-01-07 12:01:48.994786+00:00,111.362,0.475,0.47,0.48,0.525,0.52,0.53,166.0,29.89,27.8,236.0,0.46,161.47,0.49,35.0,0.45,843.46,0.5,135.0,0.44,1079.0,0.51,767.0,0.43,459.0,0.52,318.0,0.42,451.9,0.53,444.56,0.51,35.0,0.54,231.47,0.5,135.0,0.55,913.46,0.49,767.0,0.56,1149.0,0.48,318.0,0.57,459.0,0.47,544.56,0.58,451.9
2026-01-07 12:01:52.326000+00:00,2026-01-07 12:01:49.999608+00:00,112.326,0.475,0.47,0.48,0.525,0.52,0.53,260.0,27.8,27.8,280.0,0.46,231.47,0.49,35.0,0.45,913.46,0.5,135.0,0.44,1149.0,0.51,767.0,0.43,459.0,0.52,348.0,0.42,451.9,0.53,524.56,0.51,35.0,0.54,231.47,0.5,135.0,0.55,913.46,0.49,767.0,0.56,1149.0,0.48,348.0,0.57,459.0,0.47,524.56,0.58,451.9
2026-01-07 12:01:53.404000+00:00,2026-01-07 12:01:51.003672+00:00,113.404,0.475,0.47,0.48,0.525,0.52,0.53,305.0,25.78,25.78,305.0,0.46,328.47,0.49,35.0,0.45,938.46,0.5,10.0,0.44,1149.0,0.51,797.0,0.43,459.0,0.52,313.0,0.42,416.9,0.53,524.56,0.51,35.0,0.54,389.47,0.5,10.0,0.55,938.46,0.49,614.0,0.56,1149.0,0.48,328.0,0.57,459.0,0.47,433.56,0.58,416.9
2026-01-07 12:01:54.374000+00:00,2026-01-07 12:01:52.011252+00:00,114.374,0.505,0.5,0.51,0.495,0.49,0.5,235.0,10.0,5.0,235.0,0.49,165.0,0.53,160.56,0.48,288.0,0.54,309.46,0.47,1048.0,0.55,398.8,0.46,535.47,0.56,1156.04,0.45,454.46,0.57,339.0,0.47,160.56,0.51,165.0,0.46,304.46,0.52,288.0,0.45,398.8,0.53,968.0,0.44,1156.04,0.54,535.47,0.43,339.0,0.55,454.46
2026-01-07 12:01:55.352000+00:00,2026-01-07 12:01:53.016459+00:00,115.352,0.505,0.5,0.51,0.495,0.49,0.5,170.0,18.26,18.26,235.0,0.49,353.0,0.54,135.86,0.48,409.0,0.55,812.8,0.47,519.0,0.56,1010.04,0.46,535.47,0.57,389.0,0.45,502.16,0.58,339.0,0.46,135.86,0.51,353.0,0.45,812.8,0.52,409.0,0.44,1010.04,0.53,519.0,0.43,389.0,0.54,535.47,0.42,339.0,0.55,502.16
2026-01-07 12:01:56.423000+00:00,2026-01-07 12:01:54.020690+00:00,116.423,0.53,0.52,0.54,0.47,0.46,0.48,85.0,145.86,145.86,95.0,0.51,36.74,0.55,851.8,0.5,197.0,0.56,1010.04,0.49,378.0,0.57,379.0,0.48,374.0,0.58,339.0,0.47,484.0,0.59,339.0,0.45,802.8,0.49,26.74,0.44,1010.04,0.5,182.0,0.43,379.0,0.51,378.0,0.42,339.0,0.52,374.0,0.41,339.0,0.53,484.0
2026-01-07 12:01:57.433000+00:00,2026-01-07 12:01:55.040843+00:00,117.433,0.515,0.51,0.52,0.485,0.48,0.49,26.74,193.0,193.0,61.74,0.5,405.0,0.53,125.0,0.49,822.0,0.54,207.0,0.48,439.0,0.55,751.14,0.47,494.0,0.56,1047.04,0.46,480.47,0.57,339.0,0.47,125.0,0.5,293.0,0.46,268.0,0.51,639.0,0.45,751.14,0.52,474.0,0.44,1047.04,0.53,509.0,0.43,339.0,0.54,480.47
2026-01-07 12:01:58.463000+00:00,2026-01-07 12:01:56.046648+00:00,118.463,0.515,0.51,0.52,0.485,0.48,0.49,86.74,145.0,145.0,86.74,0.5,338.0,0.53,100.0,0.49,649.0,0.54,359.0,0.48,439.0,0.55,783.66,0.47,499.0,0.56,960.04,0.46,480.47,0.57,397.0,0.47,100.0,0.5,328.0,0.46,359.0,0.51,649.0,0.45,783.66,0.52,439.0,0.44,960.04,0.53,499.0,0.43,397.0,0.54,480.47
2026-01-07 12:01:59.450000+00:00,2026-01-07 12:01:57.053194+00:00,119.45,0.515,0.51,0.52,0.485,0.48,0.49,161.74,165.0,165.0,161.74,0.5,348.0,0.53,125.0,0.49,669.0,0.54,354.0,0.48,409.0,0.55,783.66,0.47,499.0,0.56,960.04,0.46,480.47,0.57,397.0,0.47,125.0,0.5,348.0,0.46,354.0,0.51,669.0,0.45,783.66,0.52,409.0,0.44,960.04,0.53,499.0,0.43,397.0,0.54,480.47
2026-01-07 12:02:00.469000+00:00,2026-01-07 12:01:58.074038+00:00,120.469,0.505,0.5,0.51,0.495,0.49,0.5,30.0,125.0,160.0,30.0,0.49,674.0,0.52,278.0,0.48,175.0,0.53,273.0,0.47,499.0,0.54,350.0,0.46,510.47,0.55,455.66,0.45,434.46,0.56,1243.04,0.48,283.0,0.51,674.0,0.47,308.0,0.52,210.0,0.46,385.0,0.53,474.0,0.45,455.66,0.54,545.47,0.44,1208.04,0.55,469.46
2026-01-07 12:02:01.475000+00:00,2026-01-07 12:01:59.090557+00:00,121.475,0.49,0.48,0.5,0.51,0.5,0.52,180.0,198.2,198.2,180.0,0.47,280.0,0.51,140.0,0.46,545.47,0.52,323.0,0.45,469.46,0.53,328.0,0.44,1149.0,0.54,863.0,0.43,424.0,0.55,480.66,0.49,140.0,0.53,280.0,0.48,323.0,0.54,545.47,0.47,328.0,0.55,469.46,0.46,809.0,0.56,1149.0,0.45,536.66,0.57,424.0
2026-01-07 12:02:02.475000+00:00,2026-01-07 12:02:00.112195+00:00,122.475,0.48,0.47,0.49,0.52,0.51,0.53,624.0,136.16,136.16,634.0,0.46,600.47,0.5,169.96,0.45,469.46,0.51,115.0,0.44,1179.0,0.52,313.0,0.43,459.0,0.53,318.0,0.42,415.3,0.54,504.0,0.5,159.96,0.54,630.47,0.49,115.0,0.55,469.46,0.48,323.0,0.56,1149.0,0.47,318.0,0.57,459.0,0.46,504.0,0.58,415.3
2026-01-07 12:02:03.468000+00:00,2026-01-07 12:02:01.115792+00:00,123.468,0.485,0.48,0.49,0.515,0.51,0.52,20.0,127.07,127.07,20.0,0.47,759.0,0.5,159.96,0.46,520.47,0.51,115.0,0.45,469.46,0.52,323.0,0.44,1149.0,0.53,388.0,0.43,459.0,0.54,474.0,0.5,159.96,0.53,759.0,0.49,115.0,0.54,520.47,0.48,323.0,0.55,469.46,0.47,388.0,0.56,1149.0,0.46,474.0,0.57,459.0
2026-01-07 12:02:04.999000+00:00,2026-01-07 12:02:03.134822+00:00,124.999,0.495,0.49,0.5,0.505,0.5,0.51,23.03,124.99,124.99,23.03,0.48,245.0,0.51,60.0,0.47,619.0,0.52,87.41,0.46,545.47,0.53,323.0,0.45,469.46,0.54,430.0,0.44,1149.0,0.55,541.66,0.49,60.0,0.52,245.0,0.48,87.41,0.53,619.0,0.47,323.0,0.54,545.47,0.46,430.0,0.55,469.46,0.45,541.66,0.56,1149.0
2026-01-07 12:02:06.359000+00:00,2026-01-07 12:02:04.157105+00:00,126.359,0.495,0.49,0.5,0.505,0.5,0.51,23.03,124.99,124.99,23.03,0.48,315.0,0.51,60.0,0.47,619.0,0.52,87.41,0.46,545.47,0.53,772.0,0.45,469.46,0.54,430.0,0.44,1149.0,0.55,515.66,0.49,60.0,0.52,315.0,0.48,102.41,0.53,619.0,0.47,792.0,0.54,545.47,0.46,430.0,0.55,469.46,0.45,525.66,0.56,1149.0
2026-01-07 12:02:07.545000+00:00,2026-01-07 12:02:05.159204+00:00,127.545,0.485,0.48,0.49,0.515,0.51,0.52,65.0,120.0,120.0,65.0,0.47,694.0,0.5,261.99,0.46,490.47,0.51,157.0,0.45,469.46,0.52,142.41,0.44,1149.0,0.53,544.0,0.43,459.0,0.54,541.0,0.5,261.99,0.53,724.0,0.49,157.0,0.54,186.47,0.48,172.41,0.55,469.46,0.47,514.0,0.56,1149.0,0.46,541.0,0.57,459.0
2026-01-07 12:02:08.339000+00:00,2026-01-07 12:02:06.179721+00:00,128.339,0.485,0.48,0.49,0.515,0.51,0.52,100.0,105.0,120.0,110.0,0.47,784.0,0.5,322.99,0.46,186.47,0.51,434.45,0.45,469.46,0.52,167.41,0.44,1149.0,0.53,524.0,0.43,459.0,0.54,605.0,0.5,322.99,0.53,784.0,0.49,434.45,0.54,186.47,0.48,152.41,0.55,469.46,0.47,504.0,0.56,1149.0,0.46,595.0,0.57,459.0
2026-01-07 12:02:09.577000+00:00,2026-01-07 12:02:07.180582+00:00,129.577,0.485,0.48,0.49,0.515,0.51,0.52,5.0,638.4,999.4,5.0,0.47,10.0,0.5,633.99,0.46,21.47,0.51,655.45,0.45,314.46,0.52,343.41,0.44,1009.0,0.53,494.0,0.43,818.0,0.54,459.0,0.5,633.99,0.53,10.0,0.49,645.45,0.54,21.47,0.48,333.41,0.55,314.46,0.47,494.0,0.56,994.0,0.46,459.0,0.57,863.0
2026-01-07 12:02:10.570000+00:00,2026-01-07 12:02:08.184032+00:00,130.57,0.445,0.44,0.45,0.555,0.55,0.56,579.2,301.07,306.07,579.2,0.43,584.0,0.46,208.0,0.42,165.0,0.47,406.7,0.41,65.0,0.48,492.0,0.4,444.0,0.49,880.4,0.39,354.0,0.5,418.99,0.54,208.0,0.57,584.0,0.53,406.7,0.58,165.0,0.52,492.0,0.59,65.0,0.51,880.4,0.6,444.0,0.5,418.99,0.61,354.0
2026-01-07 12:02:11.578000+00:00,2026-01-07 12:02:09.187207+00:00,131.578,0.445,0.44,0.45,0.555,0.55,0.56,584.2,309.72,304.72,584.2,0.43,35.0,0.46,291.7,0.42,145.0,0.47,358.0,0.41,30.0,0.48,454.0,0.4,434.0,0.49,431.4,0.39,354.0,0.5,418.99,0.54,291.7,0.57,35.0,0.53,358.0,0.58,145.0,0.52,454.0,0.59,30.0,0.51,431.4,0.6,434.0,0.5,418.99,0.61,354.0
2026-01-07 12:02:12.494000+00:00,2026-01-07 12:02:10.187278+00:00,132.494,0.445,0.44,0.45,0.555,0.55,0.56,584.2,304.72,304.72,582.02,0.43,65.0,0.46,291.7,0.42,135.0,0.47,358.0,0.41,100.0,0.48,454.0,0.4,504.0,0.49,501.4,0.39,424.0,0.5,488.99,0.54,291.7,0.57,75.0,0.53,358.0,0.58,135.0,0.52,454.0,0.59,100.0,0.51,501.4,0.6,504.0,0.5,488.99,0.61,424.0
2026-01-07 12:02:13.543000+00:00,2026-01-07 12:02:11.191461+00:00,133.543,0.445,0.44,0.45,0.555,0.55,0.56,562.02,399.72,349.72,562.02,0.43,50.0,0.46,260.7,0.42,165.0,0.47,323.0,0.41,70.0,0.48,444.0,0.4,504.0,0.49,501.4,0.39,454.0,0.5,488.99,0.54,260.7,0.57,50.0,0.53,323.0,0.58,165.0,0.52,444.0,0.59,70.0,0.51,501.4,0.6,504.0,0.5,488.99,0.61,454.0
2026-01-07 12:02:14.540000+00:00,2026-01-07 12:02:12.211033+00:00,134.54,0.445,0.44,0.45,0.555,0.55,0.56,686.48,304.72,289.72,681.48,0.43,200.0,0.46,235.7,0.42,185.0,0.47,350.0,0.41,70.0,0.48,479.0,0.4,539.0,0.49,511.4,0.39,399.0,0.5,498.99,0.54,235.7,0.57,195.0,0.53,350.0,0.58,185.0,0.52,479.0,0.59,70.0,0.51,511.4,0.6,539.0,0.5,498.99,0.61,399.0
2026-01-07 12:02:15.635000+00:00,2026-01-07 12:02:13.232280+00:00,135.635,0.445,0.44,0.45,0.555,0.55,0.56,871.48,15.0,15.0,841.48,0.43,353.0,0.47,68.8,0.42,494.0,0.48,115.0,0.41,409.0,0.49,779.4,0.4,539.0,0.5,322.99,0.39,389.0,0.51,610.45,0.53,68.8,0.57,383.0,0.52,115.0,0.58,494.0,0.51,779.4,0.59,409.0,0.5,322.99,0.6,539.0,0.49,610.45,0.61,389.0
2026-01-07 12:02:16.616000+00:00,2026-01-07 12:02:14.236322+00:00,136.616,0.46499999999999997,0.46,0.47,0.535,0.53,0.54,72.74,178.8,178.8,72.74,0.45,265.0,0.48,95.0,0.44,721.48,0.49,789.4,0.43,378.0,0.5,397.99,0.42,494.0,0.51,625.45,0.41,409.0,0.52,198.41,0.52,100.0,0.55,270.0,0.51,794.4,0.56,721.48,0.5,392.99,0.57,378.0,0.49,625.45,0.58,494.0,0.48,198.41,0.59,409.0
2026-01-07 12:02:17.655000+00:00,2026-01-07 12:02:15.238921+00:00,137.655,0.46499999999999997,0.46,0.47,0.535,0.53,0.54,70.0,175.0,175.0,70.0,0.45,80.0,0.48,163.0,0.44,831.48,0.49,809.4,0.43,358.0,0.5,332.99,0.42,494.0,0.51,595.45,0.41,409.0,0.52,198.41,0.52,158.0,0.55,80.0,0.51,809.4,0.56,821.48,0.5,332.99,0.57,358.0,0.49,595.45,0.58,524.0,0.48,218.41,0.59,409.0
2026-01-07 12:02:18.638000+00:00,2026-01-07 12:02:16.260517+00:00,138.638,0.455,0.45,0.46,0.545,0.54,0.55,150.0,113.0,105.0,150.0,0.44,821.48,0.47,140.0,0.43,368.0,0.48,193.0,0.42,524.0,0.49,779.4,0.41,409.0,0.5,332.99,0.4,539.0,0.51,595.45,0.53,135.0,0.56,821.48,0.52,193.0,0.57,358.0,0.51,779.4,0.58,524.0,0.5,332.99,0.59,409.0,0.49,595.45,0.6,539.0
2026-01-07 12:02:19.555000+00:00,2026-01-07 12:02:17.264715+00:00,139.555,0.455,0.45,0.46,0.545,0.54,0.55,345.0,35.0,35.0,345.0,0.44,731.48,0.47,115.0,0.43,797.0,0.48,218.0,0.42,524.0,0.49,779.4,0.41,409.0,0.5,391.99,0.4,539.0,0.51,610.45,0.53,115.0,0.56,696.48,0.52,218.0,0.57,822.0,0.51,779.4,0.58,499.0,0.5,391.99,0.59,409.0,0.49,610.45,0.6,539.0
2026-01-07 12:02:20.607000+00:00,2026-01-07 12:02:18.269967+00:00,140.607,0.455,0.45,0.46,0.545,0.54,0.55,140.0,140.0,140.0,135.0,0.44,766.48,0.47,105.0,0.43,822.0,0.48,218.0,0.42,499.0,0.49,769.4,0.41,409.0,0.5,391.99,0.4,539.0,0.51,630.45,0.53,105.0,0.56,766.48,0.52,218.0,0.57,822.0,0.51,769.4,0.58,499.0,0.5,391.99,0.59,409.0,0.49,630.45,0.6,539.0
2026-01-07 12:02:21.670000+00:00,2026-01-07 12:02:19.288411+00:00,141.67,0.455,0.45,0.46,0.545,0.54,0.55,55.0,140.0,140.0,55.0,0.44,771.48,0.47,340.0,0.43,639.0,0.48,348.0,0.42,499.0,0.49,769.4,0.41,409.0,0.5,512.99,0.4,539.0,0.51,630.45,0.53,340.0,0.56,771.48,0.52,348.0,0.57,639.0,0.51,769.4,0.58,499.0,0.5,502.99,0.59,409.0,0.49,630.45,0.6,539.0
2026-01-07 12:02:22.633000+00:00,2026-01-07 12:02:20.307825+00:00,142.633,0.455,0.45,0.46,0.545,0.54,0.55,35.12,150.0,150.0,35.12,0.44,786.48,0.47,288.0,0.43,669.0,0.48,411.0,0.42,499.0,0.49,769.4,0.41,409.0,0.5,582.99,0.4,539.0,0.51,610.45,0.53,288.0,0.56,786.48,0.52,411.0,0.57,669.0,0.51,769.4,0.58,499.0,0.5,582.99,0.59,409.0,0.49,610.45,0.6,539.0
2026-01-07 12:02:23.695000+00:00,2026-01-07 12:02:21.296682+00:00,143.695,0.445,0.44,0.45,0.555,0.55,0.56,491.48,171.88,266.88,232.48,0.43,35.0,0.46,692.4,0.42,175.0,0.47,504.0,0.41,85.0,0.48,563.0,0.4,130.0,0.49,511.4,0.39,529.0,0.5,498.99,0.54,530.0,0.57,35.0,0.53,524.0,0.58,175.0,0.52,563.0,0.59,85.0,0.51,476.4,0.6,130.0,0.5,498.99,0.61,529.0
2026-01-07 12:02:24.662000+00:00,2026-01-07 12:02:22.301328+00:00,144.662,0.445,0.44,0.45,0.555,0.55,0.56,110.48,342.88,387.88,110.48,0.42,15.0,0.46,475.0,0.41,195.0,0.47,444.0,0.4,130.0,0.48,563.0,0.39,499.0,0.49,456.4,0.38,10.0,0.5,498.99,0.54,429.0,0.58,15.0,0.53,444.0,0.59,195.0,0.52,563.0,0.6,130.0,0.51,456.4,0.61,499.0,0.5,498.99,0.62,40.0
2026-01-07 12:02:25.704000+00:00,2026-01-07 12:02:23.311609+00:00,145.704,0.445,0.44,0.45,0.555,0.55,0.56,95.48,357.88,357.88,50.48,0.42,10.0,0.46,878.0,0.41,145.0,0.47,434.0,0.4,165.0,0.48,540.7,0.39,474.0,0.49,456.4,0.38,65.0,0.5,498.99,0.54,873.0,0.57,10.0,0.53,434.0,0.58,70.0,0.52,550.7,0.59,135.0,0.51,476.4,0.6,165.0,0.5,498.99,0.61,474.0
2026-01-07 12:02:26.632000+00:00,2026-01-07 12:02:24.317709+00:00,146.632,0.445,0.44,0.45,0.555,0.55,0.56,50.48,372.88,372.88,50.48,0.43,110.0,0.46,873.0,0.42,110.0,0.47,444.0,0.41,205.0,0.48,550.7,0.4,235.0,0.49,476.4,0.39,544.0,0.5,498.99,0.54,873.0,0.57,110.0,0.53,444.0,0.58,110.0,0.52,550.7,0.59,205.0,0.51,476.4,0.6,235.0,0.5,498.99,0.61,544.0
2026-01-07 12:02:27.632000+00:00,2026-01-07 12:02:25.339006+00:00,147.632,0.445,0.44,0.45,0.555,0.55,0.56,50.48,362.88,362.88,50.48,0.43,80.0,0.46,924.0,0.42,140.0,0.47,444.0,0.41,205.0,0.48,550.7,0.4,235.0,0.49,466.4,0.39,544.0,0.5,498.99,0.54,924.0,0.57,80.0,0.53,444.0,0.58,140.0,0.52,550.7,0.59,205.0,0.51,466.4,0.6,235.0,0.5,498.99,0.61,544.0
2026-01-07 12:02:28.697000+00:00,2026-01-07 12:02:26.346450+00:00,148.697,0.445,0.44,0.45,0.555,0.55,0.56,50.48,337.88,337.88,50.48,0.43,75.0,0.46,924.0,0.42,115.0,0.47,444.0,0.41,235.0,0.48,560.7,0.4,235.0,0.49,476.4,0.39,544.0,0.5,478.99,0.54,924.0,0.57,75.0,0.53,444.0,0.58,115.0,0.52,560.7,0.59,235.0,0.51,476.4,0.6,235.0,0.5,478.99,0.61,544.0
2026-01-07 12:02:29.753000+00:00,2026-01-07 12:02:27.352094+00:00,149.753,0.445,0.44,0.45,0.555,0.55,0.56,50.48,320.65,320.65,50.48,0.43,125.0,0.46,848.0,0.42,70.0,0.47,496.0,0.41,195.0,0.48,580.7,0.4,235.0,0.49,456.4,0.39,544.0,0.5,488.99,0.54,858.0,0.57,130.0,0.53,501.0,0.58,100.0,0.52,580.7,0.59,195.0,0.51,456.4,0.6,235.0,0.5,498.99,0.61,544.0
2026-01-07 12:02:30.725000+00:00,2026-01-07 12:02:28.360116+00:00,150.725,0.445,0.44,0.45,0.555,0.55,0.56,50.48,310.65,325.65,50.48,0.43,130.0,0.46,909.0,0.42,100.0,0.47,454.0,0.41,195.0,0.48,510.7,0.4,235.0,0.49,456.4,0.39,544.0,0.5,498.99,0.54,909.0,0.57,130.0,0.53,454.0,0.58,100.0,0.52,510.7,0.59,195.0,0.51,456.4,0.6,235.0,0.5,498.99,0.61,544.0
2026-01-07 12:02:31.580000+00:00,2026-01-07 12:02:29.364868+00:00,151.58,0.445,0.44,0.45,0.555,0.55,0.56,50.48,350.65,350.65,50.48,0.43,130.0,0.46,909.0,0.42,100.0,0.47,454.0,0.41,195.0,0.48,510.7,0.4,235.0,0.49,456.4,0.39,544.0,0.5,498.99,0.54,909.0,0.57,130.0,0.53,454.0,0.58,100.0,0.52,510.7,0.59,195.0,0.51,456.4,0.6,235.0,0.5,498.99,0.61,544.0
2026-01-07 12:02:32.720000+00:00,2026-01-07 12:02:30.384608+00:00,152.72,0.445,0.44,0.45,0.555,0.55,0.56,59.48,350.65,350.65,59.48,0.43,130.0,0.46,909.0,0.42,100.0,0.47,454.0,0.41,195.0,0.48,510.7,0.4,235.0,0.49,456.4,0.39,544.0,0.5,498.99,0.54,909.0,0.57,130.0,0.53,454.0,0.58,100.0,0.52,510.7,0.59,195.0,0.51,456.4,0.6,235.0,0.5,498.99,0.61,544.0
2026-01-07 12:02:33.667000+00:00,2026-01-07 12:02:31.403602+00:00,153.667,0.445,0.44,0.45,0.555,0.55,0.56,79.48,328.42,373.42,79.48,0.43,130.0,0.46,909.0,0.42,100.0,0.47,503.0,0.41,195.0,0.48,464.0,0.4,235.0,0.49,456.4,0.39,544.0,0.5,498.99,0.54,863.0,0.57,130.0,0.53,503.0,0.58,100.0,0.52,464.0,0.59,195.0,0.51,456.4,0.6,235.0,0.5,498.99,0.61,544.0
2026-01-07 12:02:34.735000+00:00,2026-01-07 12:02:32.409736+00:00,154.735,0.445,0.44,0.45,0.555,0.55,0.56,79.48,353.42,343.42,79.48,0.43,75.0,0.46,878.0,0.42,155.0,0.47,540.0,0.41,195.0,0.48,444.0,0.4,235.0,0.49,476.4,0.39,544.0,0.5,478.99,0.54,878.0,0.57,75.0,0.53,540.0,0.58,155.0,0.52,444.0,0.59,195.0,0.51,476.4,0.6,235.0,0.5,478.99,0.61,544.0
2026-01-07 12:02:35.832000+00:00,2026-01-07 12:02:33.431602+00:00,155.832,0.445,0.44,0.45,0.555,0.55,0.56,223.93,212.88,147.88,455.93,0.43,155.0,0.46,868.0,0.42,155.0,0.47,473.0,0.41,155.0,0.48,444.0,0.4,357.0,0.49,456.4,0.39,666.0,0.5,498.99,0.54,304.0,0.57,277.0,0.53,314.54,0.58,277.0,0.52,387.0,0.59,433.0,0.51,386.4,0.6,443.0,0.5,418.99,0.61,328.0
2026-01-07 12:02:36.839000+00:00,2026-01-07 12:02:34.438908+00:00,156.839,0.505,0.5,0.51,0.495,0.49,0.5,200.0,236.45,366.45,35.0,0.49,222.0,0.52,125.53,0.48,242.0,0.53,717.0,0.47,333.0,0.54,406.6,0.46,424.0,0.55,425.66,0.45,464.0,0.56,1163.04,0.48,95.0,0.51,257.0,0.47,717.0,0.52,242.0,0.46,406.6,0.53,303.0,0.45,425.66,0.54,424.0,0.44,1163.04,0.55,464.0
2026-01-07 12:02:37.843000+00:00,2026-01-07 12:02:35.445756+00:00,157.843,0.505,0.5,0.51,0.495,0.49,0.5,70.0,336.15,336.15,65.0,0.49,318.0,0.52,95.0,0.48,303.0,0.53,534.0,0.47,303.0,0.54,132.6,0.46,494.0,0.55,450.66,0.45,494.0,0.56,1126.04,0.48,95.0,0.51,318.0,0.47,534.0,0.52,303.0,0.46,254.6,0.53,303.0,0.45,481.66,0.54,494.0,0.44,1106.04,0.55,494.0
2026-01-07 12:02:38.782000+00:00,2026-01-07 12:02:36.468040+00:00,158.782,0.48,0.47,0.49,0.515,0.51,0.52,418.0,125.0,90.0,35.0,0.46,278.0,0.5,120.0,0.45,499.0,0.51,998.15,0.44,518.48,0.52,444.0,0.43,503.0,0.53,444.7,0.42,454.0,0.54,505.6,0.5,130.0,0.53,418.0,0.49,1003.15,0.54,278.0,0.48,444.0,0.55,499.0,0.47,444.7,0.56,518.48,0.46,505.6,0.57,503.0
2026-01-07 12:02:39.871000+00:00,2026-01-07 12:02:37.472492+00:00,159.871,0.475,0.47,0.48,0.525,0.52,0.53,243.08,125.53,275.53,163.08,0.46,348.0,0.49,135.0,0.45,509.0,0.5,155.0,0.44,518.48,0.51,998.15,0.43,489.0,0.52,486.0,0.42,424.0,0.53,434.7,0.51,115.0,0.54,183.0,0.5,401.0,0.55,309.0,0.49,650.15,0.56,992.48,0.48,504.0,0.57,374.0,0.47,459.7,0.58,354.0
2026-01-07 12:02:40.814000+00:00,2026-01-07 12:02:38.478847+00:00,160.814,0.445,0.44,0.45,0.55,0.54,0.56,668.48,5.0,160.53,668.48,0.43,115.0,0.46,160.53,0.42,298.0,0.47,100.0,0.41,480.0,0.48,378.0,0.4,469.0,0.49,323.0,0.39,419.0,0.5,444.0,0.53,100.0,0.57,115.0,0.52,363.0,0.58,298.0,0.51,323.0,0.59,480.0,0.5,444.0,0.6,469.0,0.49,680.15,0.61,419.0
2026-01-07 12:02:41.865000+00:00,2026-01-07 12:02:39.485833+00:00,161.865,0.45,0.44,0.46,0.55,0.54,0.56,692.94,160.53,160.53,692.94,0.43,90.0,0.47,100.0,0.42,268.0,0.48,363.0,0.41,550.0,0.49,323.0,0.4,539.0,0.5,434.0,0.39,419.0,0.51,690.15,0.53,100.0,0.57,90.0,0.52,363.0,0.58,268.0,0.51,323.0,0.59,550.0,0.5,434.0,0.6,539.0,0.49,690.15,0.61,419.0
2026-01-07 12:02:42.877000+00:00,2026-01-07 12:02:40.490097+00:00,162.877,0.455,0.45,0.46,0.545,0.54,0.55,5.0,150.53,175.53,5.0,0.44,707.94,0.47,100.0,0.43,60.0,0.48,381.2,0.42,298.0,0.49,303.0,0.41,459.0,0.5,484.0,0.4,539.0,0.51,690.15,0.53,110.0,0.56,707.94,0.52,386.2,0.57,60.0,0.51,323.0,0.58,298.0,0.5,504.0,0.59,459.0,0.49,690.15,0.6,539.0
2026-01-07 12:02:43.721000+00:00,2026-01-07 12:02:41.482267+00:00,163.721,0.455,0.45,0.46,0.545,0.54,0.55,5.0,190.53,190.53,5.0,0.44,737.94,0.47,140.0,0.43,130.0,0.48,356.2,0.42,338.0,0.49,323.0,0.41,489.0,0.5,504.0,0.4,539.0,0.51,690.15,0.53,140.0,0.56,283.94,0.52,805.2,0.57,130.0,0.51,323.0,0.58,338.0,0.5,504.0,0.59,489.0,0.49,690.15,0.6,539.0
2026-01-07 12:02:44.873000+00:00,2026-01-07 12:02:42.487220+00:00,164.873,0.455,0.45,0.46,0.545,0.54,0.55,5.0,195.53,125.0,5.0,0.44,353.94,0.47,140.0,0.43,130.0,0.48,805.6,0.42,338.0,0.49,323.0,0.41,489.0,0.5,504.0,0.4,539.0,0.51,690.15,0.53,83.77,0.56,308.94,0.52,805.6,0.57,120.0,0.51,268.0,0.58,303.0,0.5,504.0,0.59,489.0,0.49,690.15,0.6,504.0
2026-01-07 12:02:45.650000+00:00,2026-01-07 12:02:43.511273+00:00,165.65,0.455,0.45,0.46,0.545,0.54,0.55,40.0,165.6,160.6,40.0,0.44,318.94,0.47,58.77,0.43,165.0,0.48,825.6,0.42,338.0,0.49,278.0,0.41,489.0,0.5,504.0,0.4,504.0,0.51,690.15,0.53,58.77,0.56,318.94,0.52,825.6,0.57,165.0,0.51,278.0,0.58,338.0,0.5,504.0,0.59,489.0,0.49,690.15,0.6,504.0
2026-01-07 12:02:46.860000+00:00,2026-01-07 12:02:44.500501+00:00,166.86,0.455,0.45,0.46,0.545,0.54,0.55,40.0,120.73,120.73,40.0,0.44,318.94,0.47,63.77,0.43,165.0,0.48,820.6,0.42,338.0,0.49,298.0,0.41,489.0,0.5,484.0,0.4,504.0,0.51,690.15,0.53,63.77,0.56,318.94,0.52,820.6,0.57,165.0,0.51,298.0,0.58,338.0,0.5,484.0,0.59,489.0,0.49,690.15,0.6,504.0
2026-01-07 12:02:47.898000+00:00,2026-01-07 12:02:45.505806+00:00,167.898,0.455,0.45,0.46,0.545,0.54,0.55,40.0,120.0,120.0,40.0,0.44,308.94,0.47,63.77,0.43,175.0,0.48,820.6,0.42,338.0,0.49,298.0,0.41,489.0,0.5,434.0,0.4,504.0,0.51,690.15,0.53,63.77,0.56,308.94,0.52,820.6,0.57,175.0,0.51,347.0,0.58,787.0,0.5,434.0,0.59,489.0,0.49,690.15,0.6,504.0
2026-01-07 12:02:48.723000+00:00,2026-01-07 12:02:46.512564+00:00,168.723,0.455,0.45,0.46,0.545,0.54,0.55,40.0,125.0,125.0,40.0,0.44,308.94,0.47,63.77,0.43,175.0,0.48,820.6,0.42,787.0,0.49,347.0,0.41,489.0,0.5,504.0,0.4,504.0,0.51,690.15,0.53,63.77,0.56,308.94,0.52,820.6,0.57,175.0,0.51,347.0,0.58,787.0,0.5,504.0,0.59,489.0,0.49,690.15,0.6,504.0
2026-01-07 12:02:49.905000+00:00,2026-01-07 12:02:47.516953+00:00,169.905,0.455,0.45,0.46,0.545,0.54,0.55,37.81,125.0,125.0,37.81,0.44,298.94,0.47,63.77,0.43,165.0,0.48,820.6,0.42,787.0,0.49,347.0,0.41,489.0,0.5,504.0,0.4,504.0,0.51,690.15,0.53,63.77,0.56,298.94,0.52,820.6,0.57,165.0,0.51,347.0,0.58,787.0,0.5,504.0,0.59,489.0,0.49,690.15,0.6,504.0
2026-01-07 12:02:50.833000+00:00,2026-01-07 12:02:48.521153+00:00,170.833,0.455,0.45,0.46,0.545,0.54,0.55,67.81,120.0,120.0,47.81,0.44,298.94,0.47,58.77,0.43,155.0,0.48,805.6,0.42,787.0,0.49,347.0,0.41,489.0,0.5,524.0,0.4,504.0,0.51,680.15,0.53,63.77,0.56,298.94,0.52,800.6,0.57,155.0,0.51,327.0,0.58,787.0,0.5,504.0,0.59,489.0,0.49,680.15,0.6,504.0
2026-01-07 12:02:51.937000+00:00,2026-01-07 12:02:49.542870+00:00,171.937,0.455,0.45,0.46,0.545,0.54,0.55,47.81,120.0,120.0,47.81,0.44,308.94,0.47,63.77,0.43,165.0,0.48,820.6,0.42,787.0,0.49,298.0,0.41,489.0,0.5,504.0,0.4,504.0,0.51,690.15,0.53,63.77,0.56,308.94,0.52,868.6,0.57,165.0,0.51,298.0,0.58,787.0,0.5,504.0,0.59,489.0,0.49,690.15,0.6,504.0
2026-01-07 12:02:52.907000+00:00,2026-01-07 12:02:50.547633+00:00,172.907,0.455,0.45,0.46,0.545,0.54,0.55,47.81,110.0,110.0,47.81,0.44,308.94,0.47,63.77,0.43,165.0,0.48,868.6,0.42,787.0,0.49,298.0,0.41,489.0,0.5,504.0,0.4,504.0,0.51,690.15,0.53,63.77,0.56,308.94,0.52,868.6,0.57,165.0,0.51,298.0,0.58,787.0,0.5,504.0,0.59,489.0,0.49,690.15,0.6,504.0
2026-01-07 12:02:53.870000+00:00,2026-01-07 12:02:51.569607+00:00,173.87,0.455,0.45,0.46,0.545,0.54,0.55,47.81,110.0,110.0,47.81,0.44,308.94,0.47,63.77,0.43,165.0,0.48,820.6,0.42,787.0,0.49,298.0,0.41,489.0,0.5,554.0,0.4,504.0,0.51,690.15,0.53,63.77,0.56,308.94,0.52,820.6,0.57,165.0,0.51,298.0,0.58,787.0,0.5,554.0,0.59,489.0,0.49,690.15,0.6,504.0
2026-01-07 12:02:54.943000+00:00,2026-01-07 12:02:52.565065+00:00,174.943,0.455,0.45,0.46,0.545,0.54,0.55,110.0,75.0,75.0,105.0,0.44,238.94,0.47,18.77,0.43,155.0,0.48,830.6,0.42,817.0,0.49,283.0,0.41,459.0,0.5,534.0,0.4,546.0,0.51,741.15,0.53,18.77,0.56,238.94,0.52,830.6,0.57,155.0,0.51,283.0,0.58,817.0,0.5,534.0,0.59,459.0,0.49,741.15,0.6,546.0
2026-01-07 12:02:55.938000+00:00,2026-01-07 12:02:53.571653+00:00,175.938,0.475,0.47,0.48,0.525,0.52,0.53,158.0,695.6,765.6,33.0,0.46,85.0,0.49,278.0,0.45,130.0,0.5,434.0,0.44,208.94,0.51,630.15,0.43,155.0,0.52,501.0,0.42,787.0,0.53,454.0,0.51,278.0,0.54,125.0,0.5,434.0,0.55,130.0,0.49,630.15,0.56,208.94,0.48,501.0,0.57,155.0,0.47,454.0,0.58,787.0
2026-01-07 12:02:57.992000+00:00,2026-01-07 12:02:55.602532+00:00,177.992,0.47,0.46,0.48,0.53,0.52,0.54,145.0,747.0,747.0,150.0,0.45,130.0,0.49,308.0,0.44,208.94,0.5,493.0,0.43,185.0,0.51,610.15,0.42,787.0,0.52,486.0,0.41,501.0,0.53,424.0,0.51,313.0,0.55,150.0,0.5,503.0,0.56,208.94,0.49,620.15,0.57,185.0,0.48,434.0,0.58,787.0,0.47,444.0,0.59,459.0
2026-01-07 12:02:58.921000+00:00,2026-01-07 12:02:56.612268+00:00,178.921,0.45999999999999996,0.45,0.47,0.54,0.53,0.55,265.0,110.0,105.0,265.0,0.44,263.94,0.48,772.0,0.43,155.0,0.49,308.0,0.42,817.0,0.5,503.0,0.41,469.0,0.51,661.15,0.4,546.0,0.52,444.0,0.52,772.0,0.56,263.94,0.51,308.0,0.57,155.0,0.5,503.0,0.58,817.0,0.49,651.15,0.59,459.0,0.48,444.0,0.6,546.0
2026-01-07 12:02:59.994000+00:00,2026-01-07 12:02:57.618763+00:00,179.994,0.455,0.45,0.46,0.545,0.54,0.55,125.0,100.0,100.0,125.0,0.44,248.94,0.47,110.0,0.43,220.0,0.48,851.0,0.42,827.0,0.49,278.0,0.41,459.0,0.5,504.0,0.4,514.0,0.51,600.15,0.53,110.0,0.56,248.94,0.52,851.0,0.57,220.0,0.51,278.0,0.58,827.0,0.5,454.0,0.59,459.0,0.49,651.15,0.6,556.0
2026-01-07 12:03:01.992000+00:00,2026-01-07 12:02:59.645334+00:00,181.992,0.46499999999999997,0.46,0.47,0.535,0.53,0.54,165.0,30.0,30.0,165.0,0.45,260.0,0.48,799.7,0.44,238.94,0.49,313.0,0.43,155.0,0.5,514.0,0.42,797.0,0.51,620.15,0.41,459.0,0.52,434.0,0.52,799.7,0.55,260.0,0.51,313.0,0.56,238.94,0.5,514.0,0.57,155.0,0.49,620.15,0.58,797.0,0.48,434.0,0.59,459.0
2026-01-07 12:03:03.029000+00:00,2026-01-07 12:03:00.648995+00:00,183.029,0.47,0.46,0.48,0.53,0.52,0.54,165.0,799.7,799.7,165.0,0.45,260.0,0.49,313.0,0.44,238.94,0.5,514.0,0.43,155.0,0.51,620.15,0.42,797.0,0.52,434.0,0.41,459.0,0.53,444.0,0.51,313.0,0.55,255.0,0.5,514.0,0.56,238.94,0.49,620.15,0.57,155.0,0.48,434.0,0.58,797.0,0.47,444.0,0.59,459.0
2026-01-07 12:03:04.044000+00:00,2026-01-07 12:03:01.655907+00:00,184.044,0.475,0.47,0.48,0.525,0.52,0.53,205.0,178.0,178.0,235.0,0.46,337.0,0.49,218.0,0.45,327.0,0.5,444.0,0.44,506.94,0.51,640.15,0.43,408.0,0.52,461.0,0.42,424.0,0.53,364.0,0.51,278.0,0.54,307.0,0.5,469.0,0.55,327.0,0.49,640.15,0.56,516.94,0.48,419.0,0.57,398.0,0.47,354.0,0.58,467.0
2026-01-07 12:03:05.905000+00:00,2026-01-07 12:03:03.674925+00:00,185.905,0.48,0.47,0.49,0.52,0.51,0.53,215.0,95.0,95.0,215.0,0.46,368.0,0.5,165.0,0.45,388.0,0.51,570.15,0.44,577.94,0.52,450.8,0.43,459.0,0.53,354.0,0.42,424.0,0.54,416.6,0.5,165.0,0.54,368.0,0.49,570.15,0.55,388.0,0.48,450.8,0.56,577.94,0.47,354.0,0.57,459.0,0.46,416.6,0.58,424.0
2026-01-07 12:03:07.028000+00:00,2026-01-07 12:03:04.680945+00:00,187.028,0.48,0.47,0.49,0.52,0.51,0.53,285.0,95.0,95.0,285.0,0.46,368.0,0.5,165.0,0.45,388.0,0.51,519.15,0.44,577.94,0.52,502.8,0.43,459.0,0.53,354.0,0.42,424.0,0.54,486.6,0.5,165.0,0.54,368.0,0.49,519.15,0.55,388.0,0.48,502.8,0.56,577.94,0.47,354.0,0.57,459.0,0.46,486.6,0.58,424.0
2026-01-07 12:03:08.083000+00:00,2026-01-07 12:03:05.685004+00:00,188.083,0.485,0.48,0.49,0.515,0.51,0.52,35.0,95.0,95.0,35.0,0.47,265.0,0.5,165.0,0.46,210.0,0.51,519.15,0.45,388.0,0.52,502.8,0.44,1026.94,0.53,424.0,0.43,424.0,0.54,486.6,0.5,165.0,0.53,265.0,0.49,519.15,0.54,210.0,0.48,502.8,0.55,388.0,0.47,424.0,0.56,1026.94,0.46,486.6,0.57,424.0
2026-01-07 12:03:09.720000+00:00,2026-01-07 12:03:07.696672+00:00,189.72,0.48,0.47,0.49,0.52,0.51,0.53,290.0,95.0,95.0,290.0,0.46,185.0,0.5,215.0,0.45,388.0,0.51,333.0,0.44,1026.94,0.52,450.8,0.43,459.0,0.53,444.0,0.42,424.0,0.54,486.6,0.5,215.0,0.54,185.0,0.49,333.0,0.55,388.0,0.48,450.8,0.56,1026.94,0.47,444.0,0.57,459.0,0.46,486.6,0.58,424.0
2026-01-07 12:03:11.056000+00:00,2026-01-07 12:03:08.685842+00:00,191.056,0.48,0.47,0.49,0.52,0.51,0.53,285.0,100.0,100.0,285.0,0.46,185.0,0.5,215.0,0.45,383.0,0.51,333.0,0.44,1026.94,0.52,450.8,0.43,459.0,0.53,444.0,0.42,424.0,0.54,486.6,0.5,215.0,0.54,185.0,0.49,333.0,0.55,388.0,0.48,450.8,0.56,1026.94,0.47,444.0,0.57,459.0,0.46,486.6,0.58,424.0
2026-01-07 12:03:12.944000+00:00,2026-01-07 12:03:10.729433+00:00,192.944,0.48,0.47,0.49,0.52,0.51,0.53,285.0,100.0,100.0,285.0,0.46,185.0,0.5,614.0,0.45,388.0,0.51,384.0,0.44,1026.94,0.52,450.8,0.43,459.0,0.53,444.0,0.42,424.0,0.54,486.6,0.5,614.0,0.54,185.0,0.49,384.0,0.55,388.0,0.48,450.8,0.56,1026.94,0.47,444.0,0.57,459.0,0.46,486.6,0.58,424.0
2026-01-07 12:03:14.095000+00:00,2026-01-07 12:03:11.738109+00:00,194.095,0.48,0.47,0.49,0.52,0.51,0.53,285.0,95.0,95.0,290.0,0.46,185.0,0.5,614.0,0.45,388.0,0.51,384.0,0.44,1026.94,0.52,450.8,0.43,459.0,0.53,444.0,0.42,424.0,0.54,486.6,0.5,614.0,0.54,185.0,0.49,379.0,0.55,388.0,0.48,450.8,0.56,1026.94,0.47,444.0,0.57,459.0,0.46,486.6,0.58,424.0
2026-01-07 12:03:15.870000+00:00,2026-01-07 12:03:13.749000+00:00,195.87,0.48,0.47,0.49,0.52,0.51,0.53,290.0,95.0,95.0,290.0,0.46,185.0,0.5,655.6,0.45,388.0,0.51,379.0,0.44,1026.94,0.52,419.0,0.43,459.0,0.53,444.0,0.42,424.0,0.54,486.6,0.5,655.6,0.54,185.0,0.49,379.0,0.55,388.0,0.48,419.0,0.56,1026.94,0.47,444.0,0.57,459.0,0.46,486.6,0.58,424.0
2026-01-07 12:03:16.828000+00:00,2026-01-07 12:03:14.738491+00:00,196.828,0.48,0.47,0.49,0.52,0.51,0.53,290.0,95.0,95.0,290.0,0.46,185.0,0.5,655.2,0.45,388.0,0.51,328.0,0.44,996.94,0.52,471.0,0.43,459.0,0.53,444.0,0.42,424.0,0.54,486.6,0.5,655.2,0.54,185.0,0.49,328.0,0.55,388.0,0.48,471.0,0.56,996.94,0.47,444.0,0.57,459.0,0.46,486.6,0.58,424.0
2026-01-07 12:03:18.047000+00:00,2026-01-07 12:03:15.760587+00:00,198.047,0.48,0.47,0.49,0.52,0.51,0.53,285.0,100.0,100.0,285.0,0.46,185.0,0.5,625.2,0.45,388.0,0.51,328.0,0.44,996.94,0.52,471.0,0.43,459.0,0.53,444.0,0.42,454.0,0.54,486.6,0.5,625.2,0.54,185.0,0.49,328.0,0.55,388.0,0.48,471.0,0.56,996.94,0.47,444.0,0.57,459.0,0.46,486.6,0.58,454.0
2026-01-07 12:03:19.141000+00:00,2026-01-07 12:03:16.767497+00:00,199.141,0.48,0.47,0.49,0.52,0.51,0.53,300.0,100.0,100.0,300.0,0.46,185.0,0.5,625.2,0.45,388.0,0.51,379.0,0.44,996.94,0.52,419.0,0.43,459.0,0.53,444.0,0.42,454.0,0.54,486.6,0.5,625.2,0.54,185.0,0.49,379.0,0.55,388.0,0.48,419.0,0.56,996.94,0.47,444.0,0.57,459.0,0.46,486.6,0.58,454.0
2026-01-07 12:03:20.167000+00:00,2026-01-07 12:03:17.768021+00:00,200.167,0.475,0.47,0.48,0.525,0.52,0.53,166.0,85.0,95.0,111.0,0.46,225.0,0.49,100.0,0.45,388.0,0.5,625.2,0.44,996.94,0.51,379.0,0.43,459.0,0.52,419.0,0.42,454.0,0.53,444.0,0.51,95.0,0.54,260.0,0.5,650.2,0.55,408.0,0.49,369.0,0.56,986.94,0.48,399.0,0.57,469.0,0.47,464.0,0.58,454.0
2026-01-07 12:03:21.996000+00:00,2026-01-07 12:03:19.778779+00:00,201.996,0.48,0.47,0.49,0.52,0.51,0.53,235.0,85.0,85.0,235.0,0.46,368.0,0.5,635.2,0.45,388.0,0.51,135.0,0.44,986.94,0.52,350.0,0.43,459.0,0.53,444.0,0.42,454.0,0.54,486.6,0.5,625.2,0.54,378.0,0.49,186.0,0.55,388.0,0.48,298.0,0.56,986.94,0.47,444.0,0.57,459.0,0.46,486.6,0.58,454.0
2026-01-07 12:03:23.146000+00:00,2026-01-07 12:03:20.786271+00:00,203.146,0.495,0.49,0.5,0.505,0.5,0.51,228.0,520.2,520.2,228.0,0.48,100.0,0.51,115.0,0.47,317.0,0.52,340.0,0.46,348.0,0.53,359.0,0.45,388.0,0.54,496.6,0.44,966.94,0.55,480.66,0.49,115.0,0.52,130.0,0.48,157.0,0.53,353.0,0.47,359.0,0.54,373.0,0.46,426.6,0.55,388.0,0.45,480.66,0.56,966.94
2026-01-07 12:03:24.137000+00:00,2026-01-07 12:03:21.796956+00:00,204.137,0.495,0.49,0.5,0.505,0.5,0.51,208.0,520.2,490.2,197.38,0.48,170.0,0.51,125.0,0.47,363.0,0.52,152.0,0.46,373.0,0.53,384.0,0.45,388.0,0.54,416.6,0.44,966.94,0.55,460.66,0.49,120.62,0.52,170.0,0.48,152.0,0.53,348.0,0.47,384.0,0.54,373.0,0.46,416.6,0.55,388.0,0.45,390.66,0.56,966.94
2026-01-07 12:03:25.122000+00:00,2026-01-07 12:03:22.805202+00:00,205.122,0.495,0.49,0.5,0.505,0.5,0.51,179.38,51.2,51.2,174.38,0.48,220.0,0.51,125.62,0.47,403.0,0.52,167.0,0.46,373.0,0.53,384.0,0.45,388.0,0.54,441.6,0.44,482.94,0.55,400.66,0.49,125.62,0.52,220.0,0.48,167.0,0.53,403.0,0.47,384.0,0.54,373.0,0.46,441.6,0.55,388.0,0.45,400.66,0.56,482.94
2026-01-07 12:03:26.087000+00:00,2026-01-07 12:03:23.811464+00:00,206.087,0.495,0.49,0.5,0.505,0.5,0.51,184.38,151.2,141.2,184.38,0.48,220.0,0.51,125.62,0.47,403.0,0.52,167.0,0.46,373.0,0.53,384.0,0.45,388.0,0.54,441.6,0.44,482.94,0.55,400.66,0.49,125.62,0.52,225.0,0.48,177.0,0.53,383.0,0.47,374.0,0.54,373.0,0.46,441.6,0.55,388.0,0.45,410.66,0.56,482.94
2026-01-07 12:03:27.183000+00:00,2026-01-07 12:03:24.816369+00:00,207.183,0.495,0.49,0.5,0.505,0.5,0.51,65.0,230.0,230.0,65.0,0.48,205.0,0.51,191.62,0.47,398.0,0.52,115.0,0.46,433.0,0.53,384.0,0.45,388.0,0.54,431.6,0.44,482.94,0.55,390.66,0.49,191.62,0.52,205.0,0.48,115.0,0.53,398.0,0.47,384.0,0.54,433.0,0.46,431.6,0.55,388.0,0.45,390.66,0.56,482.94
2026-01-07 12:03:28.237000+00:00,2026-01-07 12:03:25.840520+00:00,208.237,0.46499999999999997,0.46,0.47,0.535,0.53,0.54,183.0,10.0,113.0,5.0,0.45,198.0,0.48,90.0,0.44,487.94,0.49,204.0,0.43,399.0,0.5,903.1,0.42,454.0,0.51,353.62,0.41,509.0,0.52,384.0,0.52,115.0,0.55,13.07,0.51,189.0,0.56,148.94,0.5,999.1,0.57,120.0,0.49,414.62,0.58,308.0,0.48,384.0,0.59,509.0
2026-01-07 12:03:29.240000+00:00,2026-01-07 12:03:26.844799+00:00,209.24,0.46499999999999997,0.46,0.47,0.54,0.53,0.55,5.0,307.89,302.89,162.97,0.45,178.07,0.48,326.0,0.44,173.94,0.49,424.0,0.43,140.0,0.5,1014.1,0.42,90.0,0.51,434.62,0.41,268.0,0.52,384.0,0.52,326.0,0.56,173.94,0.51,424.0,0.57,120.0,0.5,1014.1,0.58,90.0,0.49,434.62,0.59,268.0,0.48,384.0,0.6,529.0
2026-01-07 12:03:30.199000+00:00,2026-01-07 12:03:27.866843+00:00,210.199,0.455,0.45,0.46,0.545,0.54,0.55,205.97,35.0,35.0,205.97,0.44,118.94,0.47,278.0,0.43,120.0,0.48,356.0,0.42,90.0,0.49,434.0,0.41,268.0,0.5,974.9,0.4,529.0,0.51,414.62,0.53,278.0,0.56,118.94,0.52,356.0,0.57,120.0,0.51,434.0,0.58,90.0,0.5,974.9,0.59,268.0,0.49,414.62,0.6,529.0
2026-01-07 12:03:31.238000+00:00,2026-01-07 12:03:28.875393+00:00,211.238,0.455,0.45,0.46,0.545,0.54,0.55,197.97,35.0,35.0,197.97,0.44,118.94,0.47,95.0,0.43,303.0,0.48,308.0,0.42,273.0,0.49,362.0,0.41,389.0,0.5,974.9,0.4,529.0,0.51,454.62,0.53,95.0,0.56,118.94,0.52,308.0,0.57,303.0,0.51,362.0,0.58,273.0,0.5,974.9,0.59,389.0,0.49,454.62,0.6,529.0
2026-01-07 12:03:32.258000+00:00,2026-01-07 12:03:29.881455+00:00,212.258,0.455,0.45,0.46,0.545,0.54,0.55,177.97,35.0,35.0,187.97,0.44,188.94,0.47,95.0,0.43,373.0,0.48,308.0,0.42,343.0,0.49,352.0,0.41,459.0,0.5,525.9,0.4,529.0,0.51,524.62,0.53,95.0,0.56,198.94,0.52,318.0,0.57,373.0,0.51,352.0,0.58,343.0,0.5,525.9,0.59,459.0,0.49,524.62,0.6,529.0
2026-01-07 12:03:33.235000+00:00,2026-01-07 12:03:30.888951+00:00,213.235,0.455,0.45,0.46,0.545,0.54,0.55,207.97,35.0,35.0,212.97,0.44,198.94,0.47,95.0,0.43,373.0,0.48,318.0,0.42,343.0,0.49,352.0,0.41,459.0,0.5,595.9,0.4,529.0,0.51,524.62,0.53,95.0,0.56,198.94,0.52,318.0,0.57,373.0,0.51,352.0,0.58,343.0,0.5,615.9,0.59,459.0,0.49,524.62,0.6,529.0
2026-01-07 12:03:34.110000+00:00,2026-01-07 12:03:31.894125+00:00,214.11,0.455,0.45,0.46,0.545,0.54,0.55,208.92,35.0,35.0,208.92,0.44,198.94,0.47,95.0,0.43,373.0,0.48,318.0,0.42,343.0,0.49,303.0,0.41,459.0,0.5,665.9,0.4,529.0,0.51,524.62,0.53,95.0,0.56,198.94,0.52,318.0,0.57,373.0,0.51,303.0,0.58,343.0,0.5,665.9,0.59,459.0,0.49,524.62,0.6,529.0
2026-01-07 12:03:35.361000+00:00,2026-01-07 12:03:32.898206+00:00,215.361,0.455,0.45,0.46,0.545,0.54,0.55,208.92,35.0,35.0,208.92,0.44,198.94,0.47,95.0,0.43,373.0,0.48,318.0,0.42,343.0,0.49,303.0,0.41,459.0,0.5,615.9,0.4,529.0,0.51,524.62,0.53,95.0,0.56,198.94,0.52,318.0,0.57,373.0,0.51,352.0,0.58,343.0,0.5,615.9,0.59,459.0,0.49,524.62,0.6,529.0
2026-01-07 12:03:36.124000+00:00,2026-01-07 12:03:33.902468+00:00,216.124,0.455,0.45,0.46,0.545,0.54,0.55,208.92,30.72,30.72,208.92,0.44,198.94,0.47,95.0,0.43,373.0,0.48,318.0,0.42,343.0,0.49,303.0,0.41,908.0,0.5,665.9,0.4,529.0,0.51,524.62,0.53,95.0,0.56,198.94,0.52,318.0,0.57,373.0,0.51,303.0,0.58,343.0,0.5,665.9,0.59,908.0,0.49,524.62,0.6,529.0
2026-01-07 12:03:37.446000+00:00,2026-01-07 12:03:35.918737+00:00,217.446,0.455,0.45,0.46,0.545,0.54,0.55,206.99,30.72,30.72,206.99,0.44,198.94,0.47,95.0,0.43,373.0,0.48,318.0,0.42,343.0,0.49,352.0,0.41,908.0,0.5,615.9,0.4,529.0,0.51,524.62,0.53,95.0,0.56,198.94,0.52,318.0,0.57,373.0,0.51,352.0,0.58,343.0,0.5,615.9,0.59,908.0,0.49,524.62,0.6,529.0
2026-01-07 12:03:39.313000+00:00,2026-01-07 12:03:36.927491+00:00,219.313,0.455,0.45,0.46,0.545,0.54,0.55,206.99,30.72,30.72,206.99,0.44,198.94,0.47,95.0,0.43,373.0,0.48,318.0,0.42,313.0,0.49,303.0,0.41,908.0,0.5,665.9,0.4,529.0,0.51,524.62,0.53,95.0,0.56,198.94,0.52,318.0,0.57,373.0,0.51,303.0,0.58,313.0,0.5,665.9,0.59,908.0,0.49,524.62,0.6,529.0
2026-01-07 12:03:40.070000+00:00,2026-01-07 12:03:37.947041+00:00,220.07,0.455,0.45,0.46,0.545,0.54,0.55,201.99,30.72,30.72,171.99,0.44,198.94,0.47,95.0,0.43,373.0,0.48,767.0,0.42,313.0,0.49,303.0,0.41,908.0,0.5,649.0,0.4,529.0,0.51,541.52,0.53,100.0,0.56,228.94,0.52,762.0,0.57,373.0,0.51,313.0,0.58,313.0,0.5,639.0,0.59,908.0,0.49,541.52,0.6,529.0
2026-01-07 12:03:41.320000+00:00,2026-01-07 12:03:38.953686+00:00,221.32,0.455,0.45,0.46,0.545,0.54,0.55,136.99,30.72,30.72,136.99,0.44,233.94,0.47,110.0,0.43,403.0,0.48,800.0,0.42,313.0,0.49,323.0,0.41,908.0,0.5,634.0,0.4,529.0,0.51,501.52,0.53,110.0,0.56,233.94,0.52,800.0,0.57,403.0,0.51,323.0,0.58,313.0,0.5,634.0,0.59,908.0,0.49,501.52,0.6,529.0
2026-01-07 12:03:42.317000+00:00,2026-01-07 12:03:39.959724+00:00,222.317,0.455,0.45,0.46,0.545,0.54,0.55,161.99,30.72,30.72,161.99,0.44,238.94,0.47,100.0,0.43,373.0,0.48,810.0,0.42,313.0,0.49,323.0,0.41,908.0,0.5,604.0,0.4,529.0,0.51,531.52,0.53,100.0,0.56,238.94,0.52,810.0,0.57,373.0,0.51,323.0,0.58,313.0,0.5,604.0,0.59,908.0,0.49,531.52,0.6,529.0
2026-01-07 12:03:43.340000+00:00,2026-01-07 12:03:40.963934+00:00,223.34,0.455,0.45,0.46,0.545,0.54,0.55,155.99,30.72,30.72,155.99,0.44,228.94,0.47,140.0,0.43,373.0,0.48,762.0,0.42,313.0,0.49,372.0,0.41,908.0,0.5,604.0,0.4,529.0,0.51,525.9,0.53,140.0,0.56,228.94,0.52,762.0,0.57,190.0,0.51,372.0,0.58,313.0,0.5,604.0,0.59,908.0,0.49,525.9,0.6,529.0
2026-01-07 12:03:44.369000+00:00,2026-01-07 12:03:41.973940+00:00,224.369,0.455,0.45,0.46,0.54,0.53,0.55,215.0,30.72,125.0,215.0,0.44,208.94,0.47,135.0,0.43,190.0,0.48,767.0,0.42,313.0,0.49,352.0,0.41,908.0,0.5,604.0,0.4,529.0,0.51,515.9,0.52,732.0,0.56,208.94,0.51,352.0,0.57,155.0,0.5,604.0,0.58,303.0,0.49,525.9,0.59,873.0,0.48,454.0,0.6,529.0
2026-01-07 12:03:45.270000+00:00,2026-01-07 12:03:42.980005+00:00,225.27,0.45999999999999996,0.45,0.47,0.54,0.53,0.55,151.65,165.0,165.0,151.65,0.44,243.94,0.48,742.0,0.43,165.0,0.49,352.0,0.42,338.0,0.5,604.0,0.41,908.0,0.51,515.9,0.4,529.0,0.52,464.0,0.52,742.0,0.56,243.94,0.51,352.0,0.57,165.0,0.5,604.0,0.58,338.0,0.49,515.9,0.59,908.0,0.48,464.0,0.6,529.0
2026-01-07 12:03:46.298000+00:00,2026-01-07 12:03:43.987780+00:00,226.298,0.45999999999999996,0.45,0.47,0.54,0.53,0.55,151.65,170.0,170.0,151.65,0.44,243.94,0.48,747.0,0.43,165.0,0.49,372.0,0.42,338.0,0.5,604.0,0.41,908.0,0.51,505.9,0.4,529.0,0.52,444.0,0.52,747.0,0.56,243.94,0.51,372.0,0.57,165.0,0.5,604.0,0.58,338.0,0.49,505.9,0.59,908.0,0.48,444.0,0.6,529.0
2026-01-07 12:03:47.246000+00:00,2026-01-07 12:03:44.992478+00:00,227.246,0.45999999999999996,0.45,0.47,0.54,0.53,0.55,151.65,170.0,170.0,176.65,0.44,243.94,0.48,747.0,0.43,165.0,0.49,372.0,0.42,338.0,0.5,599.0,0.41,908.0,0.51,505.9,0.4,529.0,0.52,434.0,0.52,795.0,0.56,263.94,0.51,333.0,0.57,165.0,0.5,599.0,0.58,338.0,0.49,505.9,0.59,908.0,0.48,434.0,0.6,529.0
2026-01-07 12:03:48.314000+00:00,2026-01-07 12:03:45.995358+00:00,228.314,0.45999999999999996,0.45,0.47,0.54,0.53,0.55,246.65,165.0,165.0,246.65,0.44,263.94,0.48,747.0,0.43,165.0,0.49,382.0,0.42,338.0,0.5,599.0,0.41,908.0,0.51,505.9,0.4,529.0,0.52,434.0,0.52,747.0,0.56,263.94,0.51,382.0,0.57,165.0,0.5,599.0,0.58,338.0,0.49,505.9,0.59,908.0,0.48,434.0,0.6,529.0
2026-01-07 12:03:49.137000+00:00,2026-01-07 12:03:46.999913+00:00,229.137,0.45999999999999996,0.45,0.47,0.54,0.53,0.55,246.65,170.0,170.0,246.65,0.44,263.94,0.48,747.0,0.43,165.0,0.49,382.0,0.42,338.0,0.5,599.0,0.41,908.0,0.51,505.9,0.4,529.0,0.52,434.0,0.52,747.0,0.56,263.94,0.51,382.0,0.57,165.0,0.5,599.0,0.58,338.0,0.49,505.9,0.59,908.0,0.48,434.0,0.6,529.0
2026-01-07 12:03:50.323000+00:00,2026-01-07 12:03:48.003424+00:00,230.323,0.45999999999999996,0.45,0.47,0.54,0.53,0.55,226.65,165.74,165.74,226.65,0.44,293.94,0.48,757.0,0.43,348.0,0.49,392.0,0.42,338.0,0.5,579.0,0.41,908.0,0.51,505.9,0.4,529.0,0.52,434.0,0.52,757.0,0.56,293.94,0.51,392.0,0.57,348.0,0.5,579.0,0.58,338.0,0.49,505.9,0.59,908.0,0.48,434.0,0.6,529.0
2026-01-07 12:03:51.310000+00:00,2026-01-07 12:03:49.008538+00:00,231.31,0.45999999999999996,0.45,0.47,0.54,0.53,0.55,234.65,165.74,170.74,234.65,0.44,273.94,0.48,747.0,0.43,348.0,0.49,392.0,0.42,338.0,0.5,589.0,0.41,908.0,0.51,505.9,0.4,529.0,0.52,434.0,0.52,747.0,0.56,273.94,0.51,401.2,0.57,348.0,0.5,589.0,0.58,338.0,0.49,489.0,0.59,908.0,0.48,434.0,0.6,529.0
2026-01-07 12:03:52.630000+00:00,2026-01-07 12:03:51.021790+00:00,232.63,0.45999999999999996,0.45,0.47,0.54,0.53,0.55,266.65,170.74,170.74,266.65,0.44,243.94,0.48,346.0,0.43,165.0,0.49,342.2,0.42,338.0,0.5,599.0,0.41,908.0,0.51,489.0,0.4,529.0,0.52,434.0,0.52,346.0,0.56,243.94,0.51,342.2,0.57,165.0,0.5,599.0,0.58,338.0,0.49,489.0,0.59,908.0,0.48,434.0,0.6,529.0
2026-01-07 12:03:54.445000+00:00,2026-01-07 12:03:52.043017+00:00,234.445,0.45999999999999996,0.45,0.47,0.54,0.53,0.55,296.65,170.74,160.74,296.65,0.44,213.94,0.48,288.0,0.43,165.0,0.49,382.0,0.42,338.0,0.5,599.0,0.41,908.0,0.51,489.0,0.4,529.0,0.52,434.0,0.52,288.0,0.56,213.94,0.51,392.0,0.57,165.0,0.5,599.0,0.58,338.0,0.49,489.0,0.59,908.0,0.48,434.0,0.6,529.0
2026-01-07 12:03:55.435000+00:00,2026-01-07 12:03:53.048179+00:00,235.435,0.45999999999999996,0.45,0.47,0.54,0.53,0.55,296.65,160.74,160.74,296.65,0.44,213.94,0.48,288.0,0.43,165.0,0.49,392.0,0.42,338.0,0.5,599.0,0.41,908.0,0.51,489.0,0.4,529.0,0.52,434.0,0.52,288.0,0.56,213.94,0.51,392.0,0.57,165.0,0.5,599.0,0.58,338.0,0.49,489.0,0.59,908.0,0.48,434.0,0.6,529.0
2026-01-07 12:03:56.078000+00:00,2026-01-07 12:03:54.038572+00:00,236.078,0.45999999999999996,0.45,0.47,0.535,0.53,0.54,296.65,607.61,612.61,10.0,0.44,213.94,0.48,336.0,0.43,165.0,0.49,343.0,0.42,338.0,0.5,599.0,0.41,908.0,0.51,499.8,0.4,529.0,0.52,434.0,0.52,336.0,0.55,296.65,0.51,343.0,0.56,213.94,0.5,599.0,0.57,165.0,0.49,499.8,0.58,338.0,0.48,434.0,0.59,908.0
2026-01-07 12:03:57.426000+00:00,2026-01-07 12:03:55.045007+00:00,237.426,0.46499999999999997,0.46,0.47,0.535,0.53,0.54,10.0,612.61,607.61,35.0,0.45,296.65,0.48,288.0,0.44,213.94,0.49,392.0,0.43,165.0,0.5,599.0,0.42,338.0,0.51,499.8,0.41,908.0,0.52,434.0,0.52,278.0,0.55,256.65,0.51,352.0,0.56,213.94,0.5,599.0,0.57,165.0,0.49,499.8,0.58,338.0,0.48,434.0,0.59,908.0
2026-01-07 12:03:58.440000+00:00,2026-01-07 12:03:56.057641+00:00,238.44,0.46499999999999997,0.46,0.47,0.535,0.53,0.54,35.0,612.61,612.61,10.0,0.45,271.65,0.48,283.0,0.44,213.94,0.49,372.0,0.43,165.0,0.5,609.0,0.42,338.0,0.51,519.8,0.41,908.0,0.52,434.0,0.52,283.0,0.55,271.65,0.51,372.0,0.56,213.94,0.5,589.0,0.57,165.0,0.49,509.8,0.58,338.0,0.48,434.0,0.59,908.0
2026-01-07 12:03:59.044000+00:00,2026-01-07 12:03:57.062124+00:00,239.044,0.46499999999999997,0.46,0.47,0.535,0.53,0.54,10.0,612.61,617.61,10.0,0.45,296.65,0.48,326.0,0.44,213.94,0.49,333.0,0.43,165.0,0.5,589.0,0.42,338.0,0.51,499.8,0.41,908.0,0.52,434.0,0.52,336.0,0.55,296.65,0.51,343.0,0.56,213.94,0.5,599.0,0.57,165.0,0.49,499.8,0.58,338.0,0.48,434.0,0.59,908.0
2026-01-07 12:04:00.310000+00:00,2026-01-07 12:03:58.067340+00:00,240.31,0.46499999999999997,0.46,0.47,0.535,0.53,0.54,10.0,617.61,494.0,160.0,0.45,311.65,0.48,336.0,0.44,213.94,0.49,343.0,0.43,165.0,0.5,599.0,0.42,338.0,0.51,499.8,0.41,908.0,0.52,434.0,0.52,354.97,0.55,175.0,0.51,303.0,0.56,213.94,0.5,559.0,0.57,165.0,0.49,519.8,0.58,338.0,0.48,454.0,0.59,908.0
2026-01-07 12:04:01.397000+00:00,2026-01-07 12:03:59.089580+00:00,241.397,0.46499999999999997,0.46,0.47,0.535,0.53,0.54,230.0,454.0,454.0,160.0,0.45,210.0,0.48,379.97,0.44,188.94,0.49,283.0,0.43,190.0,0.5,604.0,0.42,338.0,0.51,529.8,0.41,908.0,0.52,454.0,0.52,379.97,0.55,215.0,0.51,278.0,0.56,188.94,0.5,594.0,0.57,190.0,0.49,489.8,0.58,338.0,0.48,434.0,0.59,908.0
2026-01-07 12:04:02.445000+00:00,2026-01-07 12:04:00.090504+00:00,242.445,0.46499999999999997,0.46,0.47,0.515,0.51,0.52,300.0,5.0,183.0,124.99,0.45,368.0,0.49,183.0,0.44,396.94,0.5,557.97,0.43,943.0,0.51,530.8,0.42,459.0,0.52,419.0,0.41,424.0,0.53,364.0,0.5,557.97,0.53,130.0,0.49,530.8,0.54,225.0,0.48,419.0,0.55,358.0,0.47,364.0,0.56,361.94,0.46,396.6,0.57,908.0
2026-01-07 12:04:03.491000+00:00,2026-01-07 12:04:01.108743+00:00,243.491,0.48,0.47,0.49,0.525,0.52,0.53,160.0,135.0,20.0,160.0,0.46,373.0,0.5,220.0,0.45,403.0,0.51,135.8,0.44,517.94,0.52,399.0,0.43,943.0,0.53,354.0,0.42,429.3,0.54,396.6,0.51,204.0,0.54,373.0,0.5,240.0,0.55,458.0,0.49,135.8,0.56,537.94,0.48,399.0,0.57,943.0,0.47,354.0,0.58,429.3
2026-01-07 12:04:04.496000+00:00,2026-01-07 12:04:02.111310+00:00,244.496,0.475,0.47,0.48,0.525,0.52,0.53,185.0,5.0,5.0,185.0,0.46,373.0,0.49,165.0,0.45,458.0,0.5,300.0,0.44,537.94,0.51,120.0,0.43,943.0,0.52,409.0,0.42,429.3,0.53,375.5,0.51,165.0,0.54,373.0,0.5,300.0,0.55,458.0,0.49,120.0,0.56,537.94,0.48,409.0,0.57,943.0,0.47,375.5,0.58,429.3
2026-01-07 12:04:05.495000+00:00,2026-01-07 12:04:03.118068+00:00,245.495,0.475,0.47,0.48,0.525,0.52,0.53,145.0,5.0,5.0,145.0,0.46,453.0,0.49,145.0,0.45,388.0,0.5,300.0,0.44,517.94,0.51,140.0,0.43,943.0,0.52,409.0,0.42,464.3,0.53,375.5,0.51,145.0,0.54,453.0,0.5,300.0,0.55,388.0,0.49,140.0,0.56,517.94,0.48,409.0,0.57,943.0,0.47,445.5,0.58,464.3
2026-01-07 12:04:06.399000+00:00,2026-01-07 12:04:04.122394+00:00,246.399,0.485,0.48,0.49,0.515,0.51,0.52,35.0,579.0,579.0,35.0,0.47,210.0,0.5,290.0,0.46,418.0,0.51,150.0,0.45,393.0,0.52,419.0,0.44,517.94,0.53,455.5,0.43,908.0,0.54,466.6,0.5,290.0,0.53,210.0,0.49,150.0,0.54,418.0,0.48,419.0,0.55,393.0,0.47,455.5,0.56,517.94,0.46,466.6,0.57,908.0
2026-01-07 12:04:07.396000+00:00,2026-01-07 12:04:05.128347+00:00,247.396,0.48,0.47,0.49,0.52,0.51,0.53,230.0,579.0,579.0,230.0,0.46,393.0,0.5,280.0,0.45,393.0,0.51,150.0,0.44,517.94,0.52,429.0,0.43,943.0,0.53,455.5,0.42,429.3,0.54,466.6,0.5,280.0,0.54,393.0,0.49,150.0,0.55,393.0,0.48,429.0,0.56,517.94,0.47,455.5,0.57,943.0,0.46,466.6,0.58,429.3
2026-01-07 12:04:08.516000+00:00,2026-01-07 12:04:06.132669+00:00,248.516,0.475,0.47,0.48,0.525,0.52,0.53,40.0,113.97,113.97,40.0,0.46,488.0,0.49,598.0,0.45,393.0,0.5,250.0,0.44,517.94,0.51,140.0,0.43,943.0,0.52,409.0,0.42,429.3,0.53,445.5,0.51,598.0,0.54,488.0,0.5,260.0,0.55,393.0,0.49,140.0,0.56,517.94,0.48,409.0,0.57,943.0,0.47,445.5,0.58,429.3
2026-01-07 12:04:09.459000+00:00,2026-01-07 12:04:07.153392+00:00,249.459,0.475,0.47,0.48,0.525,0.52,0.53,190.0,40.0,40.0,190.0,0.46,413.0,0.49,327.48,0.45,393.0,0.5,270.0,0.44,517.94,0.51,120.0,0.43,943.0,0.52,399.0,0.42,429.3,0.53,445.5,0.51,327.48,0.54,413.0,0.5,270.0,0.55,393.0,0.49,120.0,0.56,517.94,0.48,399.0,0.57,943.0,0.47,445.5,0.58,429.3
2026-01-07 12:04:10.447000+00:00,2026-01-07 12:04:08.158674+00:00,250.447,0.475,0.47,0.48,0.525,0.52,0.53,240.0,40.0,40.0,260.0,0.46,393.0,0.49,327.48,0.45,393.0,0.5,270.0,0.44,517.94,0.51,125.0,0.43,943.0,0.52,439.0,0.42,429.3,0.53,465.5,0.51,327.48,0.54,393.0,0.5,270.0,0.55,393.0,0.49,125.0,0.56,517.94,0.48,439.0,0.57,943.0,0.47,465.5,0.58,429.3
2026-01-07 12:04:11.489000+00:00,2026-01-07 12:04:09.162670+00:00,251.489,0.475,0.47,0.48,0.525,0.52,0.53,193.0,40.0,40.0,193.0,0.46,458.0,0.49,342.48,0.45,393.0,0.5,310.0,0.44,517.94,0.51,135.0,0.43,943.0,0.52,409.0,0.42,424.0,0.53,445.5,0.51,342.48,0.54,458.0,0.5,310.0,0.55,393.0,0.49,135.0,0.56,517.94,0.48,409.0,0.57,943.0,0.47,445.5,0.58,424.0
2026-01-07 12:04:12.598000+00:00,2026-01-07 12:04:10.182678+00:00,252.598,0.475,0.47,0.48,0.525,0.52,0.53,362.0,40.0,30.0,423.0,0.46,423.0,0.49,5.0,0.45,938.0,0.5,185.0,0.44,517.94,0.51,110.0,0.43,494.0,0.52,167.0,0.42,508.0,0.53,293.0,0.51,5.0,0.54,423.0,0.5,185.0,0.55,938.0,0.49,110.0,0.56,517.94,0.48,167.0,0.57,494.0,0.47,293.0,0.58,508.0
2026-01-07 12:04:13.546000+00:00,2026-01-07 12:04:11.204420+00:00,253.546,0.495,0.49,0.5,0.505,0.5,0.51,35.0,185.0,190.0,35.0,0.48,180.0,0.51,120.0,0.47,408.0,0.52,177.0,0.46,423.0,0.53,273.0,0.45,963.0,0.54,431.6,0.44,482.94,0.55,468.69,0.49,120.0,0.52,180.0,0.48,177.0,0.53,398.0,0.47,273.0,0.54,423.0,0.46,431.6,0.55,963.0,0.45,468.69,0.56,482.94
2026-01-07 12:04:14.452000+00:00,2026-01-07 12:04:12.209365+00:00,254.452,0.495,0.49,0.5,0.505,0.5,0.51,35.0,200.0,105.0,302.0,0.48,135.0,0.51,161.0,0.47,398.0,0.52,135.0,0.46,423.0,0.53,263.0,0.45,963.0,0.54,489.1,0.44,482.94,0.55,458.69,0.49,105.0,0.52,227.0,0.48,112.0,0.53,499.0,0.47,701.6,0.54,544.0,0.46,464.2,0.55,514.0,0.45,398.69,0.56,482.94
2026-01-07 12:04:15.612000+00:00,2026-01-07 12:04:13.212721+00:00,255.612,0.495,0.49,0.5,0.505,0.5,0.51,393.0,74.4,74.4,393.0,0.48,348.0,0.51,105.0,0.47,499.0,0.52,70.0,0.46,544.0,0.53,523.6,0.45,514.0,0.54,253.2,0.44,482.94,0.55,418.69,0.49,105.0,0.52,348.0,0.48,70.0,0.53,499.0,0.47,523.6,0.54,544.0,0.46,253.2,0.55,514.0,0.45,418.69,0.56,482.94
2026-01-07 12:04:16.629000+00:00,2026-01-07 12:04:14.218960+00:00,256.629,0.495,0.49,0.5,0.505,0.5,0.51,433.0,74.4,74.4,373.0,0.48,348.0,0.51,20.0,0.47,499.0,0.52,95.0,0.46,544.0,0.53,499.0,0.45,514.0,0.54,193.9,0.44,482.94,0.55,442.17,0.49,20.0,0.52,348.0,0.48,95.0,0.53,499.0,0.47,514.0,0.54,544.0,0.46,203.9,0.55,514.0,0.45,444.69,0.56,482.94
2026-01-07 12:04:17.617000+00:00,2026-01-07 12:04:15.222029+00:00,257.617,0.495,0.49,0.5,0.505,0.5,0.51,223.0,179.1,84.1,348.0,0.48,428.0,0.51,120.0,0.47,494.0,0.52,125.0,0.46,544.0,0.53,519.0,0.45,514.0,0.54,294.2,0.44,482.94,0.55,472.29,0.49,145.0,0.52,348.0,0.48,115.0,0.53,559.0,0.47,499.0,0.54,564.0,0.46,294.2,0.55,514.0,0.45,462.29,0.56,482.94
2026-01-07 12:04:18.527000+00:00,2026-01-07 12:04:16.243587+00:00,258.527,0.495,0.49,0.5,0.505,0.5,0.51,343.0,64.1,64.1,343.0,0.48,348.0,0.51,140.0,0.47,574.0,0.52,105.0,0.46,549.0,0.53,519.0,0.45,519.3,0.54,240.2,0.44,488.24,0.55,518.29,0.49,140.0,0.52,348.0,0.48,105.0,0.53,574.0,0.47,519.0,0.54,549.0,0.46,240.2,0.55,519.3,0.45,518.29,0.56,488.24
2026-01-07 12:04:19.518000+00:00,2026-01-07 12:04:17.247646+00:00,259.518,0.495,0.49,0.5,0.505,0.5,0.51,358.0,54.1,54.1,358.0,0.48,418.0,0.51,115.0,0.47,499.0,0.52,100.0,0.46,988.0,0.53,544.0,0.45,519.3,0.54,250.2,0.44,488.24,0.55,528.29,0.49,115.0,0.52,418.0,0.48,100.0,0.53,499.0,0.47,544.0,0.54,988.0,0.46,250.2,0.55,519.3,0.45,528.29,0.56,488.24
2026-01-07 12:04:20.631000+00:00,2026-01-07 12:04:18.252040+00:00,260.631,0.495,0.49,0.5,0.505,0.5,0.51,398.0,54.1,54.1,398.0,0.48,378.0,0.51,115.0,0.47,499.0,0.52,100.0,0.46,988.0,0.53,544.0,0.45,519.3,0.54,250.2,0.44,488.24,0.55,472.29,0.49,115.0,0.52,378.0,0.48,100.0,0.53,499.0,0.47,544.0,0.54,988.0,0.46,250.2,0.55,519.3,0.45,528.29,0.56,488.24
2026-01-07 12:04:21.654000+00:00,2026-01-07 12:04:19.256485+00:00,261.654,0.495,0.49,0.5,0.505,0.5,0.51,393.0,54.1,54.1,363.0,0.48,348.0,0.51,20.0,0.47,499.0,0.52,40.0,0.46,988.0,0.53,494.0,0.45,514.0,0.54,265.2,0.44,488.24,0.55,472.29,0.49,20.0,0.52,469.0,0.48,10.0,0.53,499.0,0.47,40.0,0.54,539.0,0.46,160.2,0.55,514.0,0.45,382.29,0.56,488.24
2026-01-07 12:04:22.615000+00:00,2026-01-07 12:04:20.260517+00:00,262.615,0.525,0.52,0.53,0.475,0.47,0.48,80.0,110.0,110.0,80.0,0.51,333.89,0.54,160.2,0.5,303.0,0.55,88.29,0.49,373.0,0.56,1086.04,0.48,494.0,0.57,369.0,0.47,464.0,0.58,394.0,0.46,160.2,0.49,348.0,0.45,88.29,0.5,323.0,0.44,1081.04,0.51,373.0,0.43,349.0,0.52,494.0,0.42,374.0,0.53,464.0
2026-01-07 12:04:23.508000+00:00,2026-01-07 12:04:21.277976+00:00,263.508,0.525,0.52,0.53,0.475,0.47,0.48,70.0,110.0,110.0,70.0,0.51,358.0,0.54,170.2,0.5,323.0,0.55,79.69,0.49,373.0,0.56,1091.84,0.48,494.0,0.57,349.0,0.47,464.0,0.58,384.0,0.46,170.2,0.49,358.0,0.45,79.69,0.5,323.0,0.44,1091.84,0.51,373.0,0.43,349.0,0.52,494.0,0.42,384.0,0.53,464.0
2026-01-07 12:04:24.668000+00:00,2026-01-07 12:04:22.280854+00:00,264.668,0.525,0.52,0.53,0.475,0.47,0.48,25.0,150.0,110.0,25.0,0.51,193.0,0.54,200.2,0.5,388.0,0.55,84.69,0.49,393.0,0.56,1091.84,0.48,494.0,0.57,467.0,0.47,464.0,0.58,384.0,0.46,200.2,0.49,318.0,0.45,74.69,0.5,338.0,0.44,1126.84,0.51,433.0,0.43,384.0,0.52,494.0,0.42,469.0,0.53,464.0
2026-01-07 12:04:25.706000+00:00,2026-01-07 12:04:23.304713+00:00,265.706,0.525,0.52,0.53,0.475,0.47,0.48,30.0,110.0,110.0,30.0,0.51,383.0,0.54,165.2,0.5,343.0,0.55,104.69,0.49,822.0,0.56,1136.84,0.48,494.0,0.57,394.0,0.47,464.0,0.58,409.0,0.46,165.2,0.49,383.0,0.45,104.69,0.5,343.0,0.44,1136.84,0.51,822.0,0.43,394.0,0.52,494.0,0.42,469.0,0.53,464.0
2026-01-07 12:04:26.704000+00:00,2026-01-07 12:04:24.313035+00:00,266.704,0.525,0.52,0.53,0.475,0.47,0.48,30.0,110.0,110.0,30.0,0.51,438.0,0.54,165.2,0.5,403.0,0.55,74.69,0.49,822.0,0.56,835.94,0.48,494.0,0.57,452.0,0.47,464.0,0.58,409.0,0.46,175.2,0.49,453.0,0.45,94.69,0.5,413.0,0.44,845.94,0.51,822.0,0.43,452.0,0.52,494.0,0.42,409.0,0.53,464.0
2026-01-07 12:04:27.681000+00:00,2026-01-07 12:04:25.320044+00:00,267.681,0.525,0.52,0.53,0.475,0.47,0.48,30.0,120.0,120.0,30.0,0.51,453.0,0.54,175.2,0.5,413.0,0.55,94.69,0.49,822.0,0.56,845.94,0.48,494.0,0.57,394.0,0.47,464.0,0.58,409.0,0.46,175.2,0.49,453.0,0.45,94.69,0.5,413.0,0.44,902.94,0.51,822.0,0.43,394.0,0.52,494.0,0.42,409.0,0.53,464.0
2026-01-07 12:04:28.658000+00:00,2026-01-07 12:04:26.329939+00:00,268.658,0.525,0.52,0.53,0.475,0.47,0.48,30.0,118.03,118.03,30.0,0.51,448.54,0.54,175.2,0.5,413.0,0.55,102.17,0.49,822.0,0.56,902.94,0.48,494.0,0.57,384.0,0.47,464.0,0.58,409.0,0.46,175.2,0.49,458.54,0.45,94.69,0.5,413.0,0.44,902.94,0.51,822.0,0.43,394.0,0.52,494.0,0.42,409.0,0.53,464.0
2026-01-07 12:04:29.746000+00:00,2026-01-07 12:04:27.336621+00:00,269.746,0.525,0.52,0.53,0.475,0.47,0.48,85.0,118.03,15.0,250.0,0.51,423.54,0.54,170.2,0.5,393.0,0.55,538.69,0.49,822.0,0.56,835.94,0.48,494.0,0.57,404.0,0.47,464.0,0.58,479.0,0.46,180.2,0.49,358.0,0.45,518.69,0.5,393.0,0.44,825.94,0.51,822.0,0.43,404.0,0.52,494.0,0.42,479.0,0.53,464.0
2026-01-07 12:04:30.715000+00:00,2026-01-07 12:04:28.347037+00:00,270.715,0.525,0.52,0.53,0.475,0.47,0.48,105.0,120.0,15.0,250.0,0.51,403.54,0.54,160.2,0.5,393.0,0.55,528.69,0.49,822.0,0.56,845.94,0.48,494.0,0.57,414.0,0.47,464.0,0.58,479.0,0.46,180.2,0.49,358.0,0.45,528.69,0.5,393.0,0.44,845.94,0.51,822.0,0.43,414.0,0.52,494.0,0.42,479.0,0.53,464.0
2026-01-07 12:04:31.739000+00:00,2026-01-07 12:04:29.356732+00:00,271.739,0.525,0.52,0.53,0.475,0.47,0.48,245.21,15.0,15.0,372.21,0.51,368.0,0.54,190.2,0.5,393.0,0.55,518.69,0.49,822.0,0.56,855.94,0.48,494.0,0.57,404.0,0.47,464.0,0.58,419.0,0.46,190.2,0.49,368.0,0.45,518.69,0.5,393.0,0.44,855.94,0.51,943.0,0.43,404.0,0.52,494.0,0.42,479.0,0.53,464.0
2026-01-07 12:04:32.726000+00:00,2026-01-07 12:04:30.361157+00:00,272.726,0.525,0.52,0.53,0.475,0.47,0.48,126.21,120.0,50.0,201.21,0.51,413.54,0.54,170.2,0.5,393.0,0.55,518.69,0.49,943.0,0.56,855.94,0.48,494.0,0.57,404.0,0.47,464.0,0.58,479.0,0.46,190.2,0.49,368.0,0.45,518.69,0.5,393.0,0.44,855.94,0.51,943.0,0.43,404.0,0.52,494.0,0.42,479.0,0.53,464.0
2026-01-07 12:04:33.743000+00:00,2026-01-07 12:04:31.367722+00:00,273.743,0.525,0.52,0.53,0.475,0.47,0.48,281.21,15.0,15.0,281.21,0.51,378.0,0.54,190.2,0.5,393.0,0.55,518.69,0.49,943.0,0.56,855.94,0.48,494.0,0.57,404.0,0.47,464.0,0.58,419.0,0.46,190.2,0.49,378.0,0.45,518.69,0.5,393.0,0.44,855.94,0.51,943.0,0.43,404.0,0.52,494.0,0.42,419.0,0.53,464.0
2026-01-07 12:04:34.312000+00:00,2026-01-07 12:04:32.372814+00:00,274.312,0.525,0.52,0.53,0.475,0.47,0.48,281.21,15.0,15.0,281.21,0.51,378.0,0.54,195.2,0.5,393.0,0.55,513.69,0.49,943.0,0.56,845.94,0.48,494.0,0.57,404.0,0.47,464.0,0.58,479.0,0.46,195.2,0.49,378.0,0.45,513.69,0.5,393.0,0.44,845.94,0.51,943.0,0.43,404.0,0.52,494.0,0.42,479.0,0.53,464.0
2026-01-07 12:04:35.471000+00:00,2026-01-07 12:04:33.377880+00:00,275.471,0.525,0.52,0.53,0.475,0.47,0.48,136.21,120.0,120.0,136.21,0.51,423.54,0.54,175.2,0.5,393.0,0.55,513.69,0.49,943.0,0.56,855.94,0.48,494.0,0.57,404.0,0.47,464.0,0.58,479.0,0.46,175.2,0.49,423.54,0.45,513.69,0.5,393.0,0.44,855.94,0.51,943.0,0.43,404.0,0.52,494.0,0.42,479.0,0.53,464.0
2026-01-07 12:04:36.574000+00:00,2026-01-07 12:04:34.382453+00:00,276.574,0.525,0.52,0.53,0.475,0.47,0.48,60.21,120.0,120.0,15.21,0.51,433.54,0.54,175.2,0.5,393.0,0.55,578.69,0.49,943.0,0.56,820.94,0.48,494.0,0.57,419.0,0.47,464.0,0.58,434.0,0.46,175.2,0.49,473.54,0.45,588.69,0.5,393.0,0.44,810.94,0.51,943.0,0.43,419.0,0.52,494.0,0.42,434.0,0.53,464.0
2026-01-07 12:04:37.484000+00:00,2026-01-07 12:04:35.405852+00:00,277.484,0.525,0.52,0.53,0.475,0.47,0.48,7.49,120.0,94.52,7.49,0.51,478.54,0.54,175.2,0.5,393.0,0.55,588.69,0.49,943.0,0.56,810.94,0.48,494.0,0.57,419.0,0.47,464.0,0.58,469.0,0.46,175.2,0.49,478.54,0.45,588.69,0.5,393.0,0.44,810.94,0.51,943.0,0.43,419.0,0.52,494.0,0.42,469.0,0.53,464.0
2026-01-07 12:04:38.709000+00:00,2026-01-07 12:04:36.411601+00:00,278.709,0.525,0.52,0.53,0.47,0.46,0.48,5.4,84.7,189.3,190.4,0.51,478.54,0.54,175.2,0.5,393.0,0.55,588.69,0.49,943.0,0.56,810.94,0.48,494.0,0.57,419.0,0.47,464.0,0.58,469.0,0.45,578.69,0.49,418.0,0.44,820.94,0.5,393.0,0.43,419.0,0.51,943.0,0.42,469.0,0.52,494.0,0.41,394.0,0.53,464.0
2026-01-07 12:04:39.668000+00:00,2026-01-07 12:04:37.433562+00:00,279.668,0.53,0.52,0.54,0.47,0.46,0.48,185.4,189.3,189.3,185.4,0.51,398.0,0.55,568.69,0.5,393.0,0.56,830.94,0.49,943.0,0.57,477.0,0.48,494.0,0.58,409.0,0.47,464.0,0.59,394.0,0.45,576.17,0.49,398.0,0.44,830.94,0.5,393.0,0.43,477.0,0.51,943.0,0.42,409.0,0.52,494.0,0.41,394.0,0.53,464.0
2026-01-07 12:04:40.758000+00:00,2026-01-07 12:04:38.444513+00:00,280.758,0.525,0.52,0.53,0.475,0.47,0.48,145.4,35.0,35.0,145.4,0.51,438.0,0.54,189.3,0.5,393.0,0.55,568.69,0.49,943.0,0.56,830.94,0.48,494.0,0.57,477.0,0.47,464.0,0.58,409.0,0.46,189.3,0.49,438.0,0.45,568.69,0.5,393.0,0.44,830.94,0.51,943.0,0.43,477.0,0.52,494.0,0.42,409.0,0.53,464.0
2026-01-07 12:04:41.852000+00:00,2026-01-07 12:04:39.467529+00:00,281.852,0.525,0.52,0.53,0.475,0.47,0.48,40.4,103.11,103.11,40.4,0.51,473.0,0.54,175.2,0.5,413.0,0.55,588.69,0.49,943.0,0.56,810.94,0.48,494.0,0.57,419.0,0.47,464.0,0.58,469.0,0.46,175.2,0.49,473.0,0.45,588.69,0.5,413.0,0.44,810.94,0.51,943.0,0.43,419.0,0.52,494.0,0.42,469.0,0.53,464.0
2026-01-07 12:04:42.720000+00:00,2026-01-07 12:04:40.477628+00:00,282.72,0.525,0.52,0.53,0.475,0.47,0.48,40.4,103.11,103.11,40.4,0.51,473.0,0.54,175.2,0.5,413.0,0.55,588.69,0.49,943.0,0.56,810.94,0.48,494.0,0.57,419.0,0.47,464.0,0.58,469.0,0.46,175.2,0.49,473.0,0.45,588.69,0.5,413.0,0.44,810.94,0.51,943.0,0.43,419.0,0.52,494.0,0.42,469.0,0.53,464.0
2026-01-07 12:04:43.875000+00:00,2026-01-07 12:04:41.482056+00:00,283.875,0.53,0.52,0.54,0.47,0.46,0.48,185.4,175.2,174.3,225.4,0.51,413.0,0.55,588.69,0.5,413.0,0.56,810.94,0.49,943.0,0.57,419.0,0.48,494.0,0.58,469.0,0.47,464.0,0.59,394.0,0.45,548.69,0.49,378.0,0.44,810.94,0.5,393.0,0.43,409.0,0.51,943.0,0.42,409.0,0.52,494.0,0.41,394.0,0.53,464.0
2026-01-07 12:04:44.895000+00:00,2026-01-07 12:04:42.500644+00:00,284.895,0.545,0.54,0.55,0.455,0.45,0.46,231.7,613.69,603.69,226.7,0.53,10.0,0.56,800.94,0.52,195.0,0.57,339.0,0.51,348.0,0.58,409.0,0.5,393.0,0.59,394.0,0.49,943.0,0.6,474.0,0.44,795.94,0.47,55.0,0.43,379.0,0.48,215.0,0.42,429.0,0.49,348.0,0.41,465.0,0.5,393.0,0.4,474.0,0.51,943.0
2026-01-07 12:04:45.915000+00:00,2026-01-07 12:04:43.510194+00:00,285.915,0.545,0.54,0.55,0.455,0.45,0.46,235.7,621.5,621.5,225.7,0.53,157.0,0.56,805.94,0.52,347.0,0.57,369.0,0.51,378.0,0.58,489.0,0.5,393.0,0.59,404.0,0.49,943.0,0.6,474.0,0.44,805.94,0.47,157.0,0.43,369.0,0.48,347.0,0.42,429.0,0.49,378.0,0.41,465.0,0.5,393.0,0.4,474.0,0.51,943.0
2026-01-07 12:04:46.950000+00:00,2026-01-07 12:04:44.515278+00:00,286.95,0.545,0.54,0.55,0.455,0.45,0.46,225.7,612.19,612.19,225.7,0.53,228.0,0.56,792.04,0.52,458.0,0.57,65.0,0.51,368.0,0.58,441.0,0.5,393.0,0.59,465.0,0.49,943.0,0.6,474.0,0.44,792.04,0.47,228.0,0.43,82.6,0.48,448.0,0.42,429.0,0.49,368.0,0.41,465.0,0.5,393.0,0.4,474.0,0.51,943.0
2026-01-07 12:04:47.800000+00:00,2026-01-07 12:04:45.522560+00:00,287.8,0.545,0.54,0.55,0.455,0.45,0.46,210.7,612.19,612.19,210.7,0.53,338.0,0.56,782.04,0.52,438.0,0.57,92.6,0.51,368.0,0.58,429.0,0.5,393.0,0.59,404.0,0.49,943.0,0.6,474.0,0.44,782.04,0.47,338.0,0.43,92.6,0.48,438.0,0.42,429.0,0.49,368.0,0.41,404.0,0.5,393.0,0.4,474.0,0.51,943.0
2026-01-07 12:04:48.866000+00:00,2026-01-07 12:04:46.529841+00:00,288.866,0.545,0.54,0.55,0.455,0.45,0.46,210.7,610.37,610.37,210.7,0.53,318.0,0.56,802.04,0.52,458.0,0.57,65.0,0.51,368.0,0.58,445.3,0.5,393.0,0.59,445.0,0.49,943.0,0.6,494.0,0.44,802.04,0.47,318.0,0.43,65.0,0.48,458.0,0.42,445.3,0.49,368.0,0.41,384.0,0.5,393.0,0.4,494.0,0.51,943.0
2026-01-07 12:04:49.706000+00:00,2026-01-07 12:04:47.538751+00:00,289.706,0.545,0.54,0.55,0.455,0.45,0.46,220.7,608.18,608.18,220.7,0.53,473.0,0.56,792.04,0.52,408.0,0.57,75.0,0.51,348.0,0.58,429.0,0.5,393.0,0.59,398.4,0.49,943.0,0.6,494.0,0.44,792.04,0.47,473.0,0.43,75.0,0.48,408.0,0.42,429.0,0.49,348.0,0.41,405.4,0.5,393.0,0.4,494.0,0.51,943.0
2026-01-07 12:04:50.972000+00:00,2026-01-07 12:04:48.565384+00:00,290.972,0.545,0.54,0.55,0.455,0.45,0.46,220.7,608.18,608.18,220.7,0.53,290.0,0.56,799.52,0.52,225.0,0.57,258.0,0.51,348.0,0.58,429.0,0.5,393.0,0.59,384.0,0.49,943.0,0.6,494.0,0.44,799.52,0.47,290.0,0.43,258.0,0.48,225.0,0.42,429.0,0.49,348.0,0.41,384.0,0.5,393.0,0.4,494.0,0.51,943.0
2026-01-07 12:04:51.733000+00:00,2026-01-07 12:04:49.570562+00:00,291.733,0.545,0.54,0.55,0.455,0.45,0.46,225.7,608.18,608.18,210.7,0.53,290.0,0.56,792.04,0.52,408.0,0.57,75.0,0.51,348.0,0.58,429.0,0.5,393.0,0.59,445.0,0.49,943.0,0.6,494.0,0.44,792.04,0.47,290.0,0.43,75.0,0.48,408.0,0.42,429.0,0.49,348.0,0.41,384.0,0.5,393.0,0.4,557.0,0.51,943.0
2026-01-07 12:04:52.973000+00:00,2026-01-07 12:04:50.576964+00:00,292.973,0.545,0.54,0.55,0.455,0.45,0.46,210.92,605.99,605.99,210.92,0.53,290.0,0.56,792.04,0.52,408.0,0.57,75.0,0.51,348.0,0.58,441.9,0.5,393.0,0.59,384.0,0.49,943.0,0.6,557.0,0.44,792.04,0.47,290.0,0.43,75.0,0.48,408.0,0.42,441.9,0.49,348.0,0.41,384.0,0.5,393.0,0.4,557.0,0.51,943.0
2026-01-07 12:04:53.958000+00:00,2026-01-07 12:04:51.583237+00:00,293.958,0.545,0.54,0.55,0.455,0.45,0.46,200.92,909.99,909.99,53.94,0.53,5.0,0.56,1106.04,0.52,290.0,0.57,380.2,0.51,200.0,0.58,429.0,0.5,185.0,0.59,445.0,0.49,190.0,0.6,494.0,0.44,1106.04,0.47,5.0,0.43,380.2,0.48,290.0,0.42,429.0,0.49,200.0,0.41,445.0,0.5,185.0,0.4,494.0,0.51,190.0
2026-01-07 12:04:54.952000+00:00,2026-01-07 12:04:52.606645+00:00,294.952,0.525,0.52,0.53,0.475,0.47,0.48,170.0,81.0,146.0,85.0,0.51,305.0,0.54,375.06,0.5,195.0,0.55,924.99,0.49,190.0,0.56,1131.04,0.48,373.0,0.57,370.2,0.47,343.0,0.58,434.0,0.46,375.06,0.49,325.0,0.45,924.99,0.5,195.0,0.44,1131.04,0.51,190.0,0.43,370.2,0.52,373.0,0.42,434.0,0.53,343.0
2026-01-07 12:04:55.902000+00:00,2026-01-07 12:04:53.612041+00:00,295.902,0.525,0.52,0.53,0.475,0.47,0.48,80.0,146.0,146.0,80.0,0.51,315.0,0.54,375.06,0.5,205.0,0.55,924.99,0.49,190.0,0.56,1140.54,0.48,373.0,0.57,349.0,0.47,343.0,0.58,434.0,0.46,375.06,0.49,315.0,0.45,924.99,0.5,205.0,0.44,1140.54,0.51,190.0,0.43,349.0,0.52,373.0,0.42,434.0,0.53,343.0
2026-01-07 12:04:57.887000+00:00,2026-01-07 12:04:55.642160+00:00,297.887,0.525,0.52,0.53,0.475,0.47,0.48,75.0,156.0,156.0,75.0,0.51,335.0,0.54,375.06,0.5,185.0,0.55,475.99,0.49,190.0,0.56,1140.54,0.48,373.0,0.57,359.0,0.47,792.0,0.58,434.0,0.46,375.06,0.49,335.0,0.45,475.99,0.5,185.0,0.44,1140.54,0.51,190.0,0.43,359.0,0.52,373.0,0.42,434.0,0.53,792.0
2026-01-07 12:04:59.001000+00:00,2026-01-07 12:04:56.647089+00:00,299.001,0.525,0.52,0.53,0.475,0.47,0.48,220.0,80.78,80.78,220.0,0.51,295.0,0.54,375.06,0.5,185.0,0.55,475.99,0.49,190.0,0.56,1140.54,0.48,373.0,0.57,359.0,0.47,792.0,0.58,374.0,0.46,375.06,0.49,295.0,0.45,475.99,0.5,185.0,0.44,1140.54,0.51,190.0,0.43,429.0,0.52,373.0,0.42,434.0,0.53,792.0
