timestamp,seconds,mid,bid,ask,asset
2026-01-07 11:30:00+00:00,0.0,3222.24,3222.24,3222.37,ETH
2026-01-07 11:30:01+00:00,1.0,3222.27,3222.24,3222.37,ETH
2026-01-07 11:30:02+00:00,2.0,3222.24,3222.24,3222.36,ETH
2026-01-07 11:30:03+00:00,3.0,3222.34,3222.33,3222.47,ETH
2026-01-07 11:30:04+00:00,4.0,3222.31,3222.3,3222.47,ETH
2026-01-07 11:30:05+00:00,5.0,3222.31,3222.3,3222.43,ETH
2026-01-07 11:30:06+00:00,6.0,3222.1,3222.08,3222.22,ETH
2026-01-07 11:30:07+00:00,7.0,3222.04,3222.04,3222.36,ETH
2026-01-07 11:30:08+00:00,8.0,3222.04,3222.03,3222.3,ETH
2026-01-07 11:30:09+00:00,9.0,3222.04,3221.99,3222.14,ETH
2026-01-07 11:30:10+00:00,10.0,3221.79,3221.75,3222.13,ETH
2026-01-07 11:30:11+00:00,11.0,3221.7,3221.69,3222.02,ETH
2026-01-07 11:30:12+00:00,12.0,3221.7,3221.68,3221.84,ETH
2026-01-07 11:30:13+00:00,13.0,3221.69,3221.68,3221.81,ETH
2026-01-07 11:30:14+00:00,14.0,3221.65,3221.64,3221.71,ETH
2026-01-07 11:30:15+00:00,15.0,3221.61,3221.6,3221.7,ETH
2026-01-07 11:30:16+00:00,16.0,3221.61,3221.61,3221.74,ETH
2026-01-07 11:30:17+00:00,17.0,3221.57,3221.56,3221.72,ETH
2026-01-07 11:30:18+00:00,18.0,3221.54,3221.51,3221.7,ETH
2026-01-07 11:30:19+00:00,19.0,3221.57,3221.51,3221.66,ETH
2026-01-07 11:30:20+00:00,20.0,3221.55,3221.51,3221.64,ETH
2026-01-07 11:30:21+00:00,21.0,3221.48,3221.46,3221.65,ETH
2026-01-07 11:30:22+00:00,22.0,3221.44,3221.42,3221.67,ETH
2026-01-07 11:30:23+00:00,23.0,3221.51,3221.5,3221.65,ETH
2026-01-07 11:30:24+00:00,24.0,3221.51,3221.5,3221.63,ETH
2026-01-07 11:30:25+00:00,25.0,3221.51,3221.5,3221.64,ETH
2026-01-07 11:30:26+00:00,26.0,3221.5,3221.49,3221.63,ETH
2026-01-07 11:30:27+00:00,27.0,3221.39,3221.35,3221.48,ETH
2026-01-07 11:30:28+00:00,28.0,3221.47,3221.45,3221.53,ETH
2026-01-07 11:30:29+00:00,29.0,3221.43,3221.4,3221.46,ETH
2026-01-07 11:30:30+00:00,30.0,3221.4,3221.39,3221.49,ETH
2026-01-07 11:30:31+00:00,31.0,3221.4,3221.39,3221.54,ETH
2026-01-07 11:30:32+00:00,32.0,3221.4,3221.39,3221.46,ETH
2026-01-07 11:30:33+00:00,33.0,3221.4,3221.39,3221.46,ETH
2026-01-07 11:30:34+00:00,34.0,3221.4,3221.38,3221.52,ETH
2026-01-07 11:30:35+00:00,35.0,3221.39,3221.36,3221.44,ETH
2026-01-07 11:30:36+00:00,36.0,3221.31,3221.3,3221.43,ETH
2026-01-07 11:30:37+00:00,37.0,3221.31,3221.3,3221.43,ETH
2026-01-07 11:30:38+00:00,38.0,3221.31,3221.3,3221.46,ETH
2026-01-07 11:30:39+00:00,39.0,3221.31,3221.3,3221.44,ETH
2026-01-07 11:30:40+00:00,40.0,3221.27,3221.26,3221.43,ETH
2026-01-07 11:30:41+00:00,41.0,3221.23,3221.21,3221.35,ETH
2026-01-07 11:30:42+00:00,42.0,3221.23,3221.22,3221.35,ETH
2026-01-07 11:30:43+00:00,43.0,3221.33,3221.32,3221.43,ETH
2026-01-07 11:30:44+00:00,44.0,3221.38,3221.33,3221.46,ETH
2026-01-07 11:30:45+00:00,45.0,3221.48,3221.44,3221.58,ETH
2026-01-07 11:30:46+00:00,46.0,3221.44,3221.43,3221.6,ETH
2026-01-07 11:30:47+00:00,47.0,3221.41,3221.41,3221.58,ETH
2026-01-07 11:30:48+00:00,48.0,3221.38,3221.38,3221.58,ETH
2026-01-07 11:30:49+00:00,49.0,3221.39,3221.35,3221.56,ETH
2026-01-07 11:30:50+00:00,50.0,3221.38,3221.32,3221.55,ETH
2026-01-07 11:30:51+00:00,51.0,3221.32,3221.3,3221.52,ETH
2026-01-07 11:30:52+00:00,52.0,3221.24,3221.23,3221.44,ETH
2026-01-07 11:30:53+00:00,53.0,3221.2,3221.19,3221.4,ETH
2026-01-07 11:30:55+00:00,55.0,3221.24,3221.19,3221.39,ETH
2026-01-07 11:30:56+00:00,56.0,3221.22,3221.18,3221.42,ETH
2026-01-07 11:30:57+00:00,57.0,3221.19,3221.17,3221.3,ETH
2026-01-07 11:30:58+00:00,58.0,3221.19,3221.15,3221.3,ETH
2026-01-07 11:30:59+00:00,59.0,3221.18,3221.16,3221.3,ETH
2026-01-07 11:31:00+00:00,60.0,3221.11,3221.09,3221.2,ETH
2026-01-07 11:31:01+00:00,61.0,3221.4,3221.16,3221.45,ETH
2026-01-07 11:31:02+00:00,62.0,3221.41,3221.28,3221.42,ETH
2026-01-07 11:31:03+00:00,63.0,3221.24,3221.23,3221.33,ETH
2026-01-07 11:31:04+00:00,64.0,3221.24,3221.23,3221.33,ETH
2026-01-07 11:31:05+00:00,65.0,3221.12,3221.11,3221.22,ETH
2026-01-07 11:31:06+00:00,66.0,3221.12,3221.08,3221.16,ETH
2026-01-07 11:31:07+00:00,67.0,3221.09,3221.07,3221.12,ETH
2026-01-07 11:31:08+00:00,68.0,3221.09,3221.05,3221.13,ETH
2026-01-07 11:31:09+00:00,69.0,3220.79,3220.76,3220.97,ETH
2026-01-07 11:31:10+00:00,70.0,3220.56,3220.54,3220.64,ETH
2026-01-07 11:31:11+00:00,71.0,3220.47,3220.43,3220.53,ETH
2026-01-07 11:31:12+00:00,72.0,3220.28,3220.24,3220.35,ETH
2026-01-07 11:31:13+00:00,73.0,3220.04,3219.96,3220.1,ETH
2026-01-07 11:31:14+00:00,74.0,3219.78,3219.73,3220.05,ETH
2026-01-07 11:31:15+00:00,75.0,3219.65,3219.63,3220.1,ETH
2026-01-07 11:31:16+00:00,76.0,3219.65,3219.63,3220.09,ETH
2026-01-07 11:31:17+00:00,77.0,3219.65,3219.63,3220.05,ETH
2026-01-07 11:31:18+00:00,78.0,3219.75,3219.71,3220.02,ETH
2026-01-07 11:31:19+00:00,79.0,3219.84,3219.81,3219.99,ETH
2026-01-07 11:31:20+00:00,80.0,3219.84,3219.83,3219.95,ETH
2026-01-07 11:31:21+00:00,81.0,3219.88,3219.85,3219.97,ETH
2026-01-07 11:31:22+00:00,82.0,3219.92,3219.85,3219.97,ETH
2026-01-07 11:31:23+00:00,83.0,3219.93,3219.85,3219.97,ETH
2026-01-07 11:31:24+00:00,84.0,3219.95,3219.85,3219.98,ETH
2026-01-07 11:31:25+00:00,85.0,3219.93,3219.79,3219.96,ETH
2026-01-07 11:31:26+00:00,86.0,3219.82,3219.72,3219.92,ETH
2026-01-07 11:31:27+00:00,87.0,3219.73,3219.71,3219.92,ETH
2026-01-07 11:31:28+00:00,88.0,3219.73,3219.72,3219.96,ETH
2026-01-07 11:31:29+00:00,89.0,3219.75,3219.73,3219.96,ETH
2026-01-07 11:31:30+00:00,90.0,3219.76,3219.74,3219.92,ETH
2026-01-07 11:31:31+00:00,91.0,3219.78,3219.75,3219.94,ETH
2026-01-07 11:31:32+00:00,92.0,3219.84,3219.81,3219.97,ETH
2026-01-07 11:31:33+00:00,93.0,3219.88,3219.85,3219.99,ETH
2026-01-07 11:31:34+00:00,94.0,3219.9,3219.85,3219.99,ETH
2026-01-07 11:31:35+00:00,95.0,3219.91,3219.85,3219.98,ETH
2026-01-07 11:31:36+00:00,96.0,3219.88,3219.85,3219.95,ETH
2026-01-07 11:31:37+00:00,97.0,3219.79,3219.76,3219.92,ETH
2026-01-07 11:31:38+00:00,98.0,3219.78,3219.76,3219.88,ETH
2026-01-07 11:31:39+00:00,99.0,3219.75,3219.72,3219.79,ETH
2026-01-07 11:31:40+00:00,100.0,3219.69,3219.65,3219.74,ETH
2026-01-07 11:31:41+00:00,101.0,3219.7,3219.69,3219.97,ETH
2026-01-07 11:31:42+00:00,102.0,3219.72,3219.69,3219.77,ETH
2026-01-07 11:31:43+00:00,103.0,3219.71,3219.7,3219.77,ETH
2026-01-07 11:31:44+00:00,104.0,3219.72,3219.68,3219.77,ETH
2026-01-07 11:31:45+00:00,105.0,3219.72,3219.71,3219.77,ETH
2026-01-07 11:31:46+00:00,106.0,3219.72,3219.67,3219.76,ETH
2026-01-07 11:31:47+00:00,107.0,3219.94,3219.9,3220.03,ETH
2026-01-07 11:31:48+00:00,108.0,3219.93,3219.9,3219.97,ETH
2026-01-07 11:31:49+00:00,109.0,3219.95,3219.9,3220.04,ETH
2026-01-07 11:31:50+00:00,110.0,3219.97,3219.92,3220.18,ETH
2026-01-07 11:31:51+00:00,111.0,3219.97,3219.91,3220.1,ETH
2026-01-07 11:31:52+00:00,112.0,3219.97,3219.91,3220.14,ETH
2026-01-07 11:31:53+00:00,113.0,3219.98,3219.91,3220.07,ETH
2026-01-07 11:31:54+00:00,114.0,3220.03,3219.95,3220.07,ETH
2026-01-07 11:31:55+00:00,115.0,3220.07,3219.95,3220.14,ETH
2026-01-07 11:31:56+00:00,116.0,3220.05,3219.95,3220.1,ETH
2026-01-07 11:31:57+00:00,117.0,3220.06,3219.95,3220.15,ETH
2026-01-07 11:31:58+00:00,118.0,3220.07,3219.95,3220.14,ETH
2026-01-07 11:31:59+00:00,119.0,3220.06,3219.95,3220.26,ETH
2026-01-07 11:32:00+00:00,120.0,3220.06,3219.95,3220.25,ETH
2026-01-07 11:32:01+00:00,121.0,3220.09,3219.96,3220.29,ETH
2026-01-07 11:32:02+00:00,122.0,3220.08,3219.96,3220.25,ETH
2026-01-07 11:32:03+00:00,123.0,3220.06,3219.94,3220.21,ETH
2026-01-07 11:32:04+00:00,124.0,3220.06,3219.96,3220.26,ETH
2026-01-07 11:32:05+00:00,125.0,3220.43,3220.34,3220.75,ETH
2026-01-07 11:32:06+00:00,126.0,3220.47,3220.35,3220.81,ETH
2026-01-07 11:32:07+00:00,127.0,3220.47,3220.35,3220.76,ETH
2026-01-07 11:32:08+00:00,128.0,3220.48,3220.34,3220.64,ETH
2026-01-07 11:32:09+00:00,129.0,3220.4,3220.32,3220.57,ETH
2026-01-07 11:32:10+00:00,130.0,3220.31,3220.29,3220.55,ETH
2026-01-07 11:32:11+00:00,131.0,3220.32,3220.29,3220.54,ETH
2026-01-07 11:32:12+00:00,132.0,3220.32,3220.29,3220.55,ETH
2026-01-07 11:32:13+00:00,133.0,3220.32,3220.29,3220.55,ETH
2026-01-07 11:32:14+00:00,134.0,3220.32,3220.29,3220.55,ETH
2026-01-07 11:32:15+00:00,135.0,3220.31,3220.29,3220.49,ETH
2026-01-07 11:32:16+00:00,136.0,3220.31,3220.29,3220.43,ETH
2026-01-07 11:32:17+00:00,137.0,3220.24,3220.03,3220.31,ETH
2026-01-07 11:32:18+00:00,138.0,3220.04,3219.78,3220.2,ETH
2026-01-07 11:32:19+00:00,139.0,3219.87,3219.77,3220.06,ETH
2026-01-07 11:32:20+00:00,140.0,3219.88,3219.84,3220.05,ETH
2026-01-07 11:32:21+00:00,141.0,3219.87,3219.83,3220.05,ETH
2026-01-07 11:32:22+00:00,142.0,3219.84,3219.75,3219.91,ETH
2026-01-07 11:32:23+00:00,143.0,3219.84,3219.75,3219.91,ETH
2026-01-07 11:32:24+00:00,144.0,3219.83,3219.75,3219.91,ETH
2026-01-07 11:32:25+00:00,145.0,3219.8,3219.75,3219.91,ETH
2026-01-07 11:32:26+00:00,146.0,3219.77,3219.75,3219.85,ETH
2026-01-07 11:32:27+00:00,147.0,3219.78,3219.77,3219.96,ETH
2026-01-07 11:32:28+00:00,148.0,3218.99,3218.88,3218.99,ETH
2026-01-07 11:32:29+00:00,149.0,3218.99,3218.83,3218.99,ETH
2026-01-07 11:32:30+00:00,150.0,3219.09,3218.83,3219.18,ETH
2026-01-07 11:32:31+00:00,151.0,3219.19,3218.95,3219.24,ETH
2026-01-07 11:32:32+00:00,152.0,3219.19,3219.03,3219.4,ETH
2026-01-07 11:32:33+00:00,153.0,3219.09,3218.98,3219.34,ETH
2026-01-07 11:32:34+00:00,154.0,3218.93,3218.92,3219.14,ETH
2026-01-07 11:32:35+00:00,155.0,3218.89,3218.78,3218.94,ETH
2026-01-07 11:32:36+00:00,156.0,3218.83,3218.78,3218.91,ETH
2026-01-07 11:32:37+00:00,157.0,3218.75,3218.74,3218.96,ETH
2026-01-07 11:32:38+00:00,158.0,3218.75,3218.74,3219.02,ETH
2026-01-07 11:32:39+00:00,159.0,3219.23,3219.07,3219.38,ETH
2026-01-07 11:32:40+00:00,160.0,3219.23,3219.07,3219.4,ETH
2026-01-07 11:32:41+00:00,161.0,3219.24,3219.09,3219.52,ETH
2026-01-07 11:32:42+00:00,162.0,3219.24,3219.09,3219.31,ETH
2026-01-07 11:32:43+00:00,163.0,3219.24,3219.09,3219.41,ETH
2026-01-07 11:32:44+00:00,164.0,3219.28,3219.1,3219.34,ETH
2026-01-07 11:32:45+00:00,165.0,3219.29,3219.1,3219.49,ETH
2026-01-07 11:32:46+00:00,166.0,3219.29,3219.1,3219.49,ETH
2026-01-07 11:32:47+00:00,167.0,3219.24,3219.08,3219.31,ETH
2026-01-07 11:32:48+00:00,168.0,3219.26,3219.08,3219.31,ETH
2026-01-07 11:32:49+00:00,169.0,3219.23,3219.08,3219.33,ETH
2026-01-07 11:32:50+00:00,170.0,3219.28,3219.1,3219.38,ETH
2026-01-07 11:32:51+00:00,171.0,3219.36,3219.11,3219.43,ETH
2026-01-07 11:32:52+00:00,172.0,3219.36,3219.11,3219.42,ETH
2026-01-07 11:32:53+00:00,173.0,3219.37,3219.11,3219.43,ETH
2026-01-07 11:32:54+00:00,174.0,3219.36,3219.11,3219.46,ETH
2026-01-07 11:32:55+00:00,175.0,3219.37,3219.11,3219.5,ETH
2026-01-07 11:32:57+00:00,177.0,3219.43,3219.14,3219.57,ETH
2026-01-07 11:32:58+00:00,178.0,3220.06,3219.82,3220.18,ETH
2026-01-07 11:32:59+00:00,179.0,3220.08,3219.95,3220.31,ETH
2026-01-07 11:33:00+00:00,180.0,3220.31,3220.17,3220.73,ETH
2026-01-07 11:33:01+00:00,181.0,3220.31,3220.17,3220.72,ETH
2026-01-07 11:33:02+00:00,182.0,3220.43,3220.39,3220.73,ETH
2026-01-07 11:33:03+00:00,183.0,3220.4,3220.38,3220.73,ETH
2026-01-07 11:33:04+00:00,184.0,3220.44,3220.38,3220.73,ETH
2026-01-07 11:33:05+00:00,185.0,3220.42,3220.39,3220.73,ETH
2026-01-07 11:33:06+00:00,186.0,3220.41,3220.37,3220.73,ETH
2026-01-07 11:33:07+00:00,187.0,3220.41,3220.38,3220.73,ETH
2026-01-07 11:33:08+00:00,188.0,3220.41,3220.38,3220.73,ETH
2026-01-07 11:33:09+00:00,189.0,3220.46,3220.4,3220.73,ETH
2026-01-07 11:33:10+00:00,190.0,3220.44,3220.4,3220.73,ETH
2026-01-07 11:33:11+00:00,191.0,3220.43,3220.39,3220.57,ETH
2026-01-07 11:33:12+00:00,192.0,3220.45,3220.4,3220.57,ETH
2026-01-07 11:33:13+00:00,193.0,3220.44,3220.4,3220.57,ETH
2026-01-07 11:33:14+00:00,194.0,3220.43,3220.39,3220.59,ETH
2026-01-07 11:33:15+00:00,195.0,3220.44,3220.39,3220.67,ETH
2026-01-07 11:33:16+00:00,196.0,3220.43,3220.39,3220.65,ETH
2026-01-07 11:33:17+00:00,197.0,3220.43,3220.39,3220.57,ETH
2026-01-07 11:33:18+00:00,198.0,3220.45,3220.39,3220.57,ETH
2026-01-07 11:33:19+00:00,199.0,3220.48,3220.4,3220.72,ETH
2026-01-07 11:33:20+00:00,200.0,3220.51,3220.42,3220.92,ETH
2026-01-07 11:33:21+00:00,201.0,3220.85,3220.73,3221.16,ETH
2026-01-07 11:33:22+00:00,202.0,3221.18,3221.03,3221.38,ETH
2026-01-07 11:33:23+00:00,203.0,3221.05,3220.97,3221.23,ETH
2026-01-07 11:33:24+00:00,204.0,3220.93,3220.9,3221.04,ETH
2026-01-07 11:33:25+00:00,205.0,3220.93,3220.9,3221.01,ETH
2026-01-07 11:33:26+00:00,206.0,3220.93,3220.9,3220.97,ETH
2026-01-07 11:33:27+00:00,207.0,3220.93,3220.88,3220.96,ETH
2026-01-07 11:33:28+00:00,208.0,3220.94,3220.89,3220.97,ETH
2026-01-07 11:33:29+00:00,209.0,3220.95,3220.92,3220.98,ETH
2026-01-07 11:33:30+00:00,210.0,3221.07,3220.99,3221.15,ETH
2026-01-07 11:33:31+00:00,211.0,3221.23,3221.13,3221.33,ETH
2026-01-07 11:33:32+00:00,212.0,3221.17,3221.06,3221.21,ETH
2026-01-07 11:33:33+00:00,213.0,3221.0,3220.9,3221.12,ETH
2026-01-07 11:33:34+00:00,214.0,3220.93,3220.88,3221.15,ETH
2026-01-07 11:33:35+00:00,215.0,3220.81,3220.74,3220.85,ETH
2026-01-07 11:33:36+00:00,216.0,3220.71,3220.57,3220.76,ETH
2026-01-07 11:33:37+00:00,217.0,3220.73,3220.56,3220.78,ETH
2026-01-07 11:33:38+00:00,218.0,3220.51,3220.48,3220.72,ETH
2026-01-07 11:33:39+00:00,219.0,3220.35,3220.33,3220.43,ETH
2026-01-07 11:33:40+00:00,220.0,3220.16,3220.1,3220.25,ETH
2026-01-07 11:33:41+00:00,221.0,3220.37,3220.2,3220.44,ETH
2026-01-07 11:33:42+00:00,222.0,3220.71,3220.55,3220.98,ETH
2026-01-07 11:33:43+00:00,223.0,3220.77,3220.68,3221.11,ETH
2026-01-07 11:33:44+00:00,224.0,3220.83,3220.74,3221.03,ETH
2026-01-07 11:33:45+00:00,225.0,3221.19,3221.12,3221.31,ETH
2026-01-07 11:33:46+00:00,226.0,3221.56,3221.46,3221.65,ETH
2026-01-07 11:33:47+00:00,227.0,3221.59,3221.45,3221.76,ETH
2026-01-07 11:33:48+00:00,228.0,3221.59,3221.45,3221.82,ETH
2026-01-07 11:33:49+00:00,229.0,3221.57,3221.49,3221.82,ETH
2026-01-07 11:33:50+00:00,230.0,3221.56,3221.52,3221.82,ETH
2026-01-07 11:33:51+00:00,231.0,3221.57,3221.51,3221.82,ETH
2026-01-07 11:33:52+00:00,232.0,3221.58,3221.51,3221.82,ETH
2026-01-07 11:33:53+00:00,233.0,3221.62,3221.53,3221.81,ETH
2026-01-07 11:33:54+00:00,234.0,3221.62,3221.54,3221.81,ETH
2026-01-07 11:33:55+00:00,235.0,3221.58,3221.54,3221.8,ETH
2026-01-07 11:33:56+00:00,236.0,3221.58,3221.54,3221.77,ETH
2026-01-07 11:33:57+00:00,237.0,3221.59,3221.54,3221.75,ETH
2026-01-07 11:33:58+00:00,238.0,3221.59,3221.54,3221.75,ETH
2026-01-07 11:33:59+00:00,239.0,3221.59,3221.54,3221.75,ETH
2026-01-07 11:34:00+00:00,240.0,3221.61,3221.5,3221.82,ETH
2026-01-07 11:34:01+00:00,241.0,3221.75,3221.6,3221.82,ETH
2026-01-07 11:34:02+00:00,242.0,3221.75,3221.64,3221.82,ETH
2026-01-07 11:34:03+00:00,243.0,3221.93,3221.67,3222.02,ETH
2026-01-07 11:34:04+00:00,244.0,3221.96,3221.82,3222.16,ETH
2026-01-07 11:34:05+00:00,245.0,3221.96,3221.84,3222.18,ETH
2026-01-07 11:34:06+00:00,246.0,3222.65,3222.44,3222.89,ETH
2026-01-07 11:34:07+00:00,247.0,3222.71,3222.52,3222.75,ETH
2026-01-07 11:34:08+00:00,248.0,3222.22,3222.21,3222.32,ETH
2026-01-07 11:34:09+00:00,249.0,3222.22,3222.2,3222.3,ETH
2026-01-07 11:34:10+00:00,250.0,3222.22,3222.19,3222.27,ETH
2026-01-07 11:34:11+00:00,251.0,3222.21,3222.18,3222.25,ETH
2026-01-07 11:34:12+00:00,252.0,3222.19,3222.18,3222.23,ETH
2026-01-07 11:34:13+00:00,253.0,3222.28,3222.25,3222.39,ETH
2026-01-07 11:34:14+00:00,254.0,3222.32,3222.28,3222.69,ETH
2026-01-07 11:34:15+00:00,255.0,3222.36,3222.31,3222.64,ETH
2026-01-07 11:34:16+00:00,256.0,3222.61,3222.48,3222.89,ETH
2026-01-07 11:34:17+00:00,257.0,3223.06,3223.01,3223.11,ETH
2026-01-07 11:34:18+00:00,258.0,3223.06,3222.99,3223.08,ETH
2026-01-07 11:34:19+00:00,259.0,3222.93,3222.9,3223.01,ETH
2026-01-07 11:34:20+00:00,260.0,3223.05,3223.0,3223.11,ETH
2026-01-07 11:34:21+00:00,261.0,3223.4,3223.22,3223.68,ETH
2026-01-07 11:34:22+00:00,262.0,3223.6,3223.53,3223.87,ETH
2026-01-07 11:34:23+00:00,263.0,3224.0,3223.9,3224.13,ETH
2026-01-07 11:34:24+00:00,264.0,3224.09,3223.99,3224.29,ETH
2026-01-07 11:34:26+00:00,266.0,3224.22,3224.0,3224.32,ETH
2026-01-07 11:34:27+00:00,267.0,3224.24,3224.01,3224.32,ETH
2026-01-07 11:34:28+00:00,268.0,3224.23,3224.01,3224.32,ETH
2026-01-07 11:34:29+00:00,269.0,3224.69,3224.44,3224.7,ETH
2026-01-07 11:34:30+00:00,270.0,3224.77,3224.57,3224.87,ETH
2026-01-07 11:34:31+00:00,271.0,3224.8,3224.77,3224.95,ETH
2026-01-07 11:34:32+00:00,272.0,3224.72,3224.68,3224.74,ETH
2026-01-07 11:34:33+00:00,273.0,3224.72,3224.71,3224.81,ETH
2026-01-07 11:34:34+00:00,274.0,3224.72,3224.71,3224.8,ETH
2026-01-07 11:34:35+00:00,275.0,3224.72,3224.71,3224.8,ETH
2026-01-07 11:34:36+00:00,276.0,3224.72,3224.7,3224.82,ETH
2026-01-07 11:34:37+00:00,277.0,3224.68,3224.68,3224.75,ETH
2026-01-07 11:34:38+00:00,278.0,3224.44,3224.43,3224.61,ETH
2026-01-07 11:34:39+00:00,279.0,3224.39,3224.33,3224.49,ETH
2026-01-07 11:34:40+00:00,280.0,3224.33,3224.32,3224.41,ETH
2026-01-07 11:34:41+00:00,281.0,3224.37,3224.34,3224.45,ETH
2026-01-07 11:34:42+00:00,282.0,3224.35,3224.34,3224.44,ETH
2026-01-07 11:34:43+00:00,283.0,3224.36,3224.35,3224.46,ETH
2026-01-07 11:34:44+00:00,284.0,3224.36,3224.35,3224.4,ETH
2026-01-07 11:34:45+00:00,285.0,3224.36,3224.35,3224.4,ETH
2026-01-07 11:34:46+00:00,286.0,3224.35,3224.32,3224.4,ETH
2026-01-07 11:34:47+00:00,287.0,3224.32,3224.31,3224.4,ETH
2026-01-07 11:34:48+00:00,288.0,3224.29,3224.28,3224.4,ETH
2026-01-07 11:34:49+00:00,289.0,3224.29,3224.26,3224.32,ETH
2026-01-07 11:34:50+00:00,290.0,3224.27,3224.24,3224.3,ETH
2026-01-07 11:34:51+00:00,291.0,3224.27,3224.25,3224.3,ETH
2026-01-07 11:34:52+00:00,292.0,3224.09,3224.09,3224.29,ETH
2026-01-07 11:34:53+00:00,293.0,3224.09,3224.09,3224.1,ETH
2026-01-07 11:34:54+00:00,294.0,3224.05,3224.05,3224.1,ETH
2026-01-07 11:34:55+00:00,295.0,3223.99,3223.98,3224.08,ETH
2026-01-07 11:34:56+00:00,296.0,3223.93,3223.91,3224.05,ETH
2026-01-07 11:34:57+00:00,297.0,3223.83,3223.81,3224.05,ETH
2026-01-07 11:34:58+00:00,298.0,3224.07,3224.04,3224.13,ETH
2026-01-07 11:34:59+00:00,299.0,3223.78,3223.63,3223.82,ETH
2026-01-07 11:35:00+00:00,300.0,3223.65,3223.63,3223.71,ETH
2026-01-07 11:35:01+00:00,301.0,3223.59,3223.57,3223.64,ETH
2026-01-07 11:35:02+00:00,302.0,3223.58,3223.57,3223.64,ETH
2026-01-07 11:35:03+00:00,303.0,3223.63,3223.63,3223.75,ETH
2026-01-07 11:35:04+00:00,304.0,3223.63,3223.63,3223.74,ETH
2026-01-07 11:35:05+00:00,305.0,3223.6,3223.57,3223.64,ETH
2026-01-07 11:35:06+00:00,306.0,3223.24,3223.21,3223.27,ETH
2026-01-07 11:35:07+00:00,307.0,3222.91,3222.9,3223.22,ETH
2026-01-07 11:35:08+00:00,308.0,3222.37,3222.37,3222.55,ETH
2026-01-07 11:35:09+00:00,309.0,3222.19,3222.14,3222.37,ETH
2026-01-07 11:35:10+00:00,310.0,3222.32,3222.25,3222.37,ETH
2026-01-07 11:35:11+00:00,311.0,3222.28,3222.23,3222.37,ETH
2026-01-07 11:35:12+00:00,312.0,3222.19,3222.16,3222.37,ETH
2026-01-07 11:35:13+00:00,313.0,3222.1,3222.08,3222.23,ETH
2026-01-07 11:35:14+00:00,314.0,3222.0,3221.99,3222.05,ETH
2026-01-07 11:35:15+00:00,315.0,3221.98,3221.95,3222.02,ETH
2026-01-07 11:35:16+00:00,316.0,3221.97,3221.93,3222.02,ETH
2026-01-07 11:35:17+00:00,317.0,3221.97,3221.93,3222.02,ETH
2026-01-07 11:35:18+00:00,318.0,3221.95,3221.91,3222.02,ETH
2026-01-07 11:35:19+00:00,319.0,3221.93,3221.91,3222.02,ETH
2026-01-07 11:35:20+00:00,320.0,3221.92,3221.91,3222.02,ETH
2026-01-07 11:35:21+00:00,321.0,3221.92,3221.91,3222.02,ETH
2026-01-07 11:35:22+00:00,322.0,3221.95,3221.92,3222.02,ETH
2026-01-07 11:35:23+00:00,323.0,3222.03,3222.0,3222.09,ETH
2026-01-07 11:35:24+00:00,324.0,3222.08,3222.06,3222.16,ETH
2026-01-07 11:35:25+00:00,325.0,3222.07,3222.07,3222.16,ETH
2026-01-07 11:35:26+00:00,326.0,3222.06,3222.05,3222.12,ETH
2026-01-07 11:35:27+00:00,327.0,3222.06,3222.05,3222.12,ETH
2026-01-07 11:35:28+00:00,328.0,3222.1,3222.08,3222.25,ETH
2026-01-07 11:35:29+00:00,329.0,3222.1,3222.05,3222.23,ETH
2026-01-07 11:35:30+00:00,330.0,3222.08,3222.04,3222.14,ETH
2026-01-07 11:35:31+00:00,331.0,3222.05,3222.03,3222.11,ETH
2026-01-07 11:35:32+00:00,332.0,3222.01,3222.0,3222.05,ETH
2026-01-07 11:35:33+00:00,333.0,3221.89,3221.87,3222.02,ETH
2026-01-07 11:35:34+00:00,334.0,3221.72,3221.71,3221.93,ETH
2026-01-07 11:35:35+00:00,335.0,3221.55,3221.54,3221.76,ETH
2026-01-07 11:35:36+00:00,336.0,3221.45,3221.44,3221.73,ETH
2026-01-07 11:35:37+00:00,337.0,3221.46,3221.45,3221.78,ETH
2026-01-07 11:35:38+00:00,338.0,3221.44,3221.43,3221.83,ETH
2026-01-07 11:35:39+00:00,339.0,3221.44,3221.43,3221.9,ETH
2026-01-07 11:35:40+00:00,340.0,3221.44,3221.43,3221.84,ETH
2026-01-07 11:35:41+00:00,341.0,3221.45,3221.44,3221.75,ETH
2026-01-07 11:35:42+00:00,342.0,3221.46,3221.45,3221.73,ETH
2026-01-07 11:35:43+00:00,343.0,3221.44,3221.43,3221.71,ETH
2026-01-07 11:35:44+00:00,344.0,3221.4,3221.39,3221.65,ETH
2026-01-07 11:35:45+00:00,345.0,3221.37,3221.35,3221.51,ETH
2026-01-07 11:35:46+00:00,346.0,3221.35,3221.33,3221.43,ETH
2026-01-07 11:35:47+00:00,347.0,3221.3,3221.28,3221.36,ETH
2026-01-07 11:35:48+00:00,348.0,3221.17,3221.14,3221.21,ETH
2026-01-07 11:35:49+00:00,349.0,3221.16,3221.1,3221.23,ETH
2026-01-07 11:35:50+00:00,350.0,3221.17,3221.14,3221.28,ETH
2026-01-07 11:35:51+00:00,351.0,3221.1,3221.08,3221.18,ETH
2026-01-07 11:35:52+00:00,352.0,3221.06,3221.04,3221.1,ETH
2026-01-07 11:35:53+00:00,353.0,3220.99,3220.97,3221.06,ETH
2026-01-07 11:35:54+00:00,354.0,3220.89,3220.87,3220.97,ETH
2026-01-07 11:35:55+00:00,355.0,3220.83,3220.83,3220.95,ETH
2026-01-07 11:35:56+00:00,356.0,3220.83,3220.83,3220.99,ETH
2026-01-07 11:35:57+00:00,357.0,3220.83,3220.83,3220.99,ETH
2026-01-07 11:35:58+00:00,358.0,3220.83,3220.83,3220.95,ETH
2026-01-07 11:35:59+00:00,359.0,3220.83,3220.83,3220.92,ETH
2026-01-07 11:36:00+00:00,360.0,3220.83,3220.83,3220.92,ETH
2026-01-07 11:36:01+00:00,361.0,3220.83,3220.83,3221.02,ETH
2026-01-07 11:36:02+00:00,362.0,3221.01,3220.97,3221.04,ETH
2026-01-07 11:36:03+00:00,363.0,3221.13,3221.12,3221.25,ETH
2026-01-07 11:36:04+00:00,364.0,3221.32,3221.27,3221.42,ETH
2026-01-07 11:36:05+00:00,365.0,3221.4,3221.36,3221.52,ETH
2026-01-07 11:36:06+00:00,366.0,3221.43,3221.34,3221.59,ETH
2026-01-07 11:36:07+00:00,367.0,3221.32,3221.28,3221.52,ETH
2026-01-07 11:36:08+00:00,368.0,3221.31,3221.28,3221.53,ETH
2026-01-07 11:36:09+00:00,369.0,3221.31,3221.28,3221.39,ETH
2026-01-07 11:36:10+00:00,370.0,3221.32,3221.28,3221.43,ETH
2026-01-07 11:36:11+00:00,371.0,3221.31,3221.27,3221.41,ETH
2026-01-07 11:36:12+00:00,372.0,3221.32,3221.29,3221.36,ETH
2026-01-07 11:36:13+00:00,373.0,3221.34,3221.3,3221.37,ETH
2026-01-07 11:36:14+00:00,374.0,3221.34,3221.31,3221.43,ETH
2026-01-07 11:36:15+00:00,375.0,3221.35,3221.33,3221.39,ETH
2026-01-07 11:36:16+00:00,376.0,3221.35,3221.33,3221.39,ETH
2026-01-07 11:36:17+00:00,377.0,3221.34,3221.33,3221.39,ETH
2026-01-07 11:36:18+00:00,378.0,3221.36,3221.33,3221.39,ETH
2026-01-07 11:36:19+00:00,379.0,3221.38,3221.38,3221.44,ETH
2026-01-07 11:36:20+00:00,380.0,3221.38,3221.38,3221.44,ETH
2026-01-07 11:36:21+00:00,381.0,3221.4,3221.37,3221.51,ETH
2026-01-07 11:36:22+00:00,382.0,3221.41,3221.37,3221.51,ETH
2026-01-07 11:36:23+00:00,383.0,3221.4,3221.37,3221.48,ETH
2026-01-07 11:36:24+00:00,384.0,3221.41,3221.39,3221.49,ETH
2026-01-07 11:36:25+00:00,385.0,3221.43,3221.39,3221.52,ETH
2026-01-07 11:36:26+00:00,386.0,3221.43,3221.4,3221.52,ETH
2026-01-07 11:36:27+00:00,387.0,3221.42,3221.38,3221.52,ETH
2026-01-07 11:36:28+00:00,388.0,3221.38,3221.35,3221.52,ETH
2026-01-07 11:36:29+00:00,389.0,3221.35,3221.34,3221.52,ETH
2026-01-07 11:36:30+00:00,390.0,3221.35,3221.33,3221.51,ETH
2026-01-07 11:36:32+00:00,392.0,3221.35,3221.33,3221.51,ETH
2026-01-07 11:36:33+00:00,393.0,3221.35,3221.33,3221.52,ETH
2026-01-07 11:36:34+00:00,394.0,3221.37,3221.34,3221.52,ETH
2026-01-07 11:36:35+00:00,395.0,3221.39,3221.36,3221.63,ETH
2026-01-07 11:36:36+00:00,396.0,3221.8,3221.77,3221.88,ETH
2026-01-07 11:36:37+00:00,397.0,3221.86,3221.8,3221.92,ETH
2026-01-07 11:36:38+00:00,398.0,3221.85,3221.8,3221.92,ETH
2026-01-07 11:36:39+00:00,399.0,3221.8,3221.8,3221.92,ETH
2026-01-07 11:36:40+00:00,400.0,3221.81,3221.8,3221.92,ETH
2026-01-07 11:36:41+00:00,401.0,3221.98,3221.92,3222.03,ETH
2026-01-07 11:36:42+00:00,402.0,3222.05,3222.03,3222.16,ETH
2026-01-07 11:36:43+00:00,403.0,3222.05,3222.03,3222.16,ETH
2026-01-07 11:36:44+00:00,404.0,3222.16,3222.15,3222.26,ETH
2026-01-07 11:36:45+00:00,405.0,3222.14,3222.1,3222.18,ETH
2026-01-07 11:36:46+00:00,406.0,3222.16,3222.16,3222.24,ETH
2026-01-07 11:36:47+00:00,407.0,3222.16,3222.15,3222.23,ETH
2026-01-07 11:36:48+00:00,408.0,3222.16,3222.16,3222.25,ETH
2026-01-07 11:36:49+00:00,409.0,3222.16,3222.16,3222.25,ETH
2026-01-07 11:36:50+00:00,410.0,3222.16,3222.16,3222.24,ETH
2026-01-07 11:36:51+00:00,411.0,3222.16,3222.16,3222.26,ETH
2026-01-07 11:36:52+00:00,412.0,3222.16,3222.16,3222.28,ETH
2026-01-07 11:36:53+00:00,413.0,3222.16,3222.16,3222.28,ETH
2026-01-07 11:36:54+00:00,414.0,3222.16,3222.16,3222.29,ETH
2026-01-07 11:36:55+00:00,415.0,3222.16,3222.16,3222.28,ETH
2026-01-07 11:36:56+00:00,416.0,3222.16,3222.16,3222.26,ETH
2026-01-07 11:36:57+00:00,417.0,3222.16,3222.16,3222.26,ETH
2026-01-07 11:36:58+00:00,418.0,3222.16,3222.16,3222.26,ETH
2026-01-07 11:36:59+00:00,419.0,3222.24,3222.24,3222.3,ETH
2026-01-07 11:37:00+00:00,420.0,3222.52,3222.5,3222.54,ETH
2026-01-07 11:37:01+00:00,421.0,3222.72,3222.7,3222.75,ETH
2026-01-07 11:37:02+00:00,422.0,3222.9,3222.82,3223.02,ETH
2026-01-07 11:37:03+00:00,423.0,3223.12,3223.0,3223.3,ETH
2026-01-07 11:37:04+00:00,424.0,3223.12,3223.09,3223.33,ETH
2026-01-07 11:37:05+00:00,425.0,3223.11,3223.09,3223.3,ETH
2026-01-07 11:37:06+00:00,426.0,3223.14,3223.1,3223.27,ETH
2026-01-07 11:37:07+00:00,427.0,3223.13,3223.1,3223.26,ETH
2026-01-07 11:37:08+00:00,428.0,3223.16,3223.11,3223.28,ETH
2026-01-07 11:37:09+00:00,429.0,3223.24,3223.2,3223.31,ETH
2026-01-07 11:37:10+00:00,430.0,3223.29,3223.27,3223.34,ETH
2026-01-07 11:37:11+00:00,431.0,3223.31,3223.3,3223.4,ETH
2026-01-07 11:37:12+00:00,432.0,3223.31,3223.3,3223.43,ETH
2026-01-07 11:37:13+00:00,433.0,3223.31,3223.3,3223.42,ETH
2026-01-07 11:37:14+00:00,434.0,3223.31,3223.3,3223.43,ETH
2026-01-07 11:37:15+00:00,435.0,3223.31,3223.3,3223.4,ETH
2026-01-07 11:37:16+00:00,436.0,3223.31,3223.3,3223.38,ETH
2026-01-07 11:37:17+00:00,437.0,3223.31,3223.3,3223.38,ETH
2026-01-07 11:37:18+00:00,438.0,3223.31,3223.3,3223.38,ETH
2026-01-07 11:37:19+00:00,439.0,3223.31,3223.3,3223.38,ETH
2026-01-07 11:37:20+00:00,440.0,3223.32,3223.3,3223.39,ETH
2026-01-07 11:37:21+00:00,441.0,3223.31,3223.29,3223.38,ETH
2026-01-07 11:37:22+00:00,442.0,3223.3,3223.28,3223.36,ETH
2026-01-07 11:37:23+00:00,443.0,3223.3,3223.28,3223.36,ETH
2026-01-07 11:37:24+00:00,444.0,3223.29,3223.27,3223.38,ETH
2026-01-07 11:37:25+00:00,445.0,3223.28,3223.27,3223.38,ETH
2026-01-07 11:37:26+00:00,446.0,3223.28,3223.26,3223.39,ETH
2026-01-07 11:37:27+00:00,447.0,3223.28,3223.27,3223.4,ETH
2026-01-07 11:37:28+00:00,448.0,3223.28,3223.27,3223.4,ETH
2026-01-07 11:37:29+00:00,449.0,3223.29,3223.27,3223.4,ETH
2026-01-07 11:37:30+00:00,450.0,3223.28,3223.27,3223.4,ETH
2026-01-07 11:37:31+00:00,451.0,3223.26,3223.25,3223.41,ETH
2026-01-07 11:37:33+00:00,453.0,3223.25,3223.24,3223.45,ETH
2026-01-07 11:37:34+00:00,454.0,3223.25,3223.24,3223.44,ETH
2026-01-07 11:37:35+00:00,455.0,3223.25,3223.24,3223.43,ETH
2026-01-07 11:37:36+00:00,456.0,3223.29,3223.27,3223.32,ETH
2026-01-07 11:37:37+00:00,457.0,3223.31,3223.29,3223.34,ETH
2026-01-07 11:37:38+00:00,458.0,3223.31,3223.3,3223.34,ETH
2026-01-07 11:37:39+00:00,459.0,3223.31,3223.3,3223.33,ETH
2026-01-07 11:37:40+00:00,460.0,3223.31,3223.3,3223.33,ETH
2026-01-07 11:37:41+00:00,461.0,3223.3,3223.27,3223.32,ETH
2026-01-07 11:37:42+00:00,462.0,3223.28,3223.25,3223.32,ETH
2026-01-07 11:37:43+00:00,463.0,3223.29,3223.26,3223.33,ETH
2026-01-07 11:37:44+00:00,464.0,3223.26,3223.24,3223.33,ETH
2026-01-07 11:37:45+00:00,465.0,3223.23,3223.21,3223.33,ETH
2026-01-07 11:37:46+00:00,466.0,3223.26,3223.24,3223.33,ETH
2026-01-07 11:37:47+00:00,467.0,3223.29,3223.25,3223.33,ETH
2026-01-07 11:37:48+00:00,468.0,3223.28,3223.25,3223.34,ETH
2026-01-07 11:37:49+00:00,469.0,3223.29,3223.26,3223.34,ETH
2026-01-07 11:37:50+00:00,470.0,3223.3,3223.27,3223.34,ETH
2026-01-07 11:37:51+00:00,471.0,3223.3,3223.27,3223.34,ETH
2026-01-07 11:37:52+00:00,472.0,3223.29,3223.26,3223.33,ETH
2026-01-07 11:37:53+00:00,473.0,3223.28,3223.25,3223.33,ETH
2026-01-07 11:37:54+00:00,474.0,3223.28,3223.25,3223.33,ETH
2026-01-07 11:37:55+00:00,475.0,3223.27,3223.24,3223.31,ETH
2026-01-07 11:37:56+00:00,476.0,3223.18,3223.16,3223.24,ETH
2026-01-07 11:37:57+00:00,477.0,3223.1,3223.08,3223.19,ETH
2026-01-07 11:37:58+00:00,478.0,3223.05,3223.02,3223.19,ETH
2026-01-07 11:37:59+00:00,479.0,3222.99,3222.98,3223.19,ETH
2026-01-07 11:38:00+00:00,480.0,3222.99,3222.98,3223.19,ETH
2026-01-07 11:38:01+00:00,481.0,3223.0,3222.98,3223.19,ETH
2026-01-07 11:38:02+00:00,482.0,3222.94,3222.91,3223.04,ETH
2026-01-07 11:38:03+00:00,483.0,3222.86,3222.83,3222.89,ETH
2026-01-07 11:38:04+00:00,484.0,3222.85,3222.83,3222.89,ETH
2026-01-07 11:38:05+00:00,485.0,3222.85,3222.83,3222.89,ETH
2026-01-07 11:38:06+00:00,486.0,3222.85,3222.84,3222.89,ETH
2026-01-07 11:38:07+00:00,487.0,3222.85,3222.84,3222.89,ETH
2026-01-07 11:38:08+00:00,488.0,3222.85,3222.84,3222.89,ETH
2026-01-07 11:38:09+00:00,489.0,3222.85,3222.84,3222.89,ETH
2026-01-07 11:38:10+00:00,490.0,3222.85,3222.84,3222.89,ETH
2026-01-07 11:38:11+00:00,491.0,3222.85,3222.84,3222.95,ETH
2026-01-07 11:38:12+00:00,492.0,3222.87,3222.86,3222.99,ETH
2026-01-07 11:38:13+00:00,493.0,3222.89,3222.88,3222.97,ETH
2026-01-07 11:38:14+00:00,494.0,3222.89,3222.87,3222.97,ETH
2026-01-07 11:38:15+00:00,495.0,3222.88,3222.87,3222.97,ETH
2026-01-07 11:38:16+00:00,496.0,3222.89,3222.87,3222.96,ETH
2026-01-07 11:38:17+00:00,497.0,3222.89,3222.87,3222.95,ETH
2026-01-07 11:38:18+00:00,498.0,3222.89,3222.88,3223.0,ETH
2026-01-07 11:38:19+00:00,499.0,3222.94,3222.91,3223.1,ETH
2026-01-07 11:38:20+00:00,500.0,3222.94,3222.91,3223.09,ETH
2026-01-07 11:38:21+00:00,501.0,3222.91,3222.89,3223.02,ETH
2026-01-07 11:38:22+00:00,502.0,3222.93,3222.9,3223.01,ETH
2026-01-07 11:38:23+00:00,503.0,3222.92,3222.9,3223.09,ETH
2026-01-07 11:38:24+00:00,504.0,3222.93,3222.91,3223.14,ETH
2026-01-07 11:38:25+00:00,505.0,3222.95,3222.92,3223.04,ETH
2026-01-07 11:38:26+00:00,506.0,3222.91,3222.89,3222.98,ETH
2026-01-07 11:38:27+00:00,507.0,3222.89,3222.88,3222.98,ETH
2026-01-07 11:38:28+00:00,508.0,3222.89,3222.88,3222.98,ETH
2026-01-07 11:38:29+00:00,509.0,3223.05,3222.99,3223.15,ETH
2026-01-07 11:38:30+00:00,510.0,3223.22,3223.15,3223.32,ETH
2026-01-07 11:38:31+00:00,511.0,3223.21,3223.17,3223.3,ETH
2026-01-07 11:38:32+00:00,512.0,3223.19,3223.14,3223.3,ETH
2026-01-07 11:38:33+00:00,513.0,3223.18,3223.13,3223.3,ETH
2026-01-07 11:38:34+00:00,514.0,3223.18,3223.13,3223.3,ETH
2026-01-07 11:38:35+00:00,515.0,3223.22,3223.18,3223.29,ETH
2026-01-07 11:38:36+00:00,516.0,3223.26,3223.22,3223.31,ETH
2026-01-07 11:38:37+00:00,517.0,3223.11,3223.05,3223.17,ETH
2026-01-07 11:38:38+00:00,518.0,3222.94,3222.9,3223.0,ETH
2026-01-07 11:38:39+00:00,519.0,3222.9,3222.87,3222.98,ETH
2026-01-07 11:38:40+00:00,520.0,3222.86,3222.83,3222.97,ETH
2026-01-07 11:38:41+00:00,521.0,3222.81,3222.78,3222.94,ETH
2026-01-07 11:38:42+00:00,522.0,3222.75,3222.71,3222.91,ETH
2026-01-07 11:38:43+00:00,523.0,3222.7,3222.68,3222.91,ETH
2026-01-07 11:38:44+00:00,524.0,3222.68,3222.67,3222.91,ETH
2026-01-07 11:38:45+00:00,525.0,3222.68,3222.67,3222.91,ETH
2026-01-07 11:38:46+00:00,526.0,3222.68,3222.67,3222.91,ETH
2026-01-07 11:38:47+00:00,527.0,3222.68,3222.67,3222.91,ETH
2026-01-07 11:38:48+00:00,528.0,3222.68,3222.67,3222.91,ETH
2026-01-07 11:38:49+00:00,529.0,3222.68,3222.67,3222.91,ETH
2026-01-07 11:38:50+00:00,530.0,3222.66,3222.65,3222.91,ETH
2026-01-07 11:38:51+00:00,531.0,3222.66,3222.65,3222.91,ETH
2026-01-07 11:38:52+00:00,532.0,3222.59,3222.58,3222.91,ETH
2026-01-07 11:38:53+00:00,533.0,3222.45,3222.41,3222.82,ETH
2026-01-07 11:38:54+00:00,534.0,3222.46,3222.42,3222.69,ETH
2026-01-07 11:38:55+00:00,535.0,3222.45,3222.42,3222.68,ETH
2026-01-07 11:38:56+00:00,536.0,3222.86,3222.82,3222.9,ETH
2026-01-07 11:38:57+00:00,537.0,3222.85,3222.82,3222.89,ETH
2026-01-07 11:38:58+00:00,538.0,3222.72,3222.66,3222.75,ETH
2026-01-07 11:38:59+00:00,539.0,3223.01,3222.81,3223.05,ETH
2026-01-07 11:39:00+00:00,540.0,3223.2,3223.16,3223.27,ETH
2026-01-07 11:39:01+00:00,541.0,3223.51,3223.44,3223.67,ETH
2026-01-07 11:39:02+00:00,542.0,3223.62,3223.56,3223.97,ETH
2026-01-07 11:39:03+00:00,543.0,3223.63,3223.58,3223.95,ETH
2026-01-07 11:39:04+00:00,544.0,3223.65,3223.62,3223.93,ETH
2026-01-07 11:39:05+00:00,545.0,3223.65,3223.62,3224.0,ETH
2026-01-07 11:39:06+00:00,546.0,3223.65,3223.63,3223.99,ETH
2026-01-07 11:39:07+00:00,547.0,3223.67,3223.65,3223.92,ETH
2026-01-07 11:39:08+00:00,548.0,3223.69,3223.68,3223.92,ETH
2026-01-07 11:39:09+00:00,549.0,3223.7,3223.69,3223.93,ETH
2026-01-07 11:39:10+00:00,550.0,3223.7,3223.69,3223.94,ETH
2026-01-07 11:39:11+00:00,551.0,3223.7,3223.69,3223.96,ETH
2026-01-07 11:39:12+00:00,552.0,3223.7,3223.68,3223.99,ETH
2026-01-07 11:39:13+00:00,553.0,3223.71,3223.69,3223.92,ETH
2026-01-07 11:39:14+00:00,554.0,3223.7,3223.69,3223.92,ETH
2026-01-07 11:39:15+00:00,555.0,3223.71,3223.69,3223.92,ETH
2026-01-07 11:39:16+00:00,556.0,3223.72,3223.71,3223.86,ETH
2026-01-07 11:39:17+00:00,557.0,3223.7,3223.69,3223.86,ETH
2026-01-07 11:39:18+00:00,558.0,3223.68,3223.64,3223.85,ETH
2026-01-07 11:39:19+00:00,559.0,3223.68,3223.63,3223.85,ETH
2026-01-07 11:39:20+00:00,560.0,3223.65,3223.62,3223.85,ETH
2026-01-07 11:39:21+00:00,561.0,3223.64,3223.63,3223.87,ETH
2026-01-07 11:39:22+00:00,562.0,3223.64,3223.62,3223.87,ETH
2026-01-07 11:39:23+00:00,563.0,3223.65,3223.63,3223.81,ETH
2026-01-07 11:39:24+00:00,564.0,3223.65,3223.63,3223.81,ETH
2026-01-07 11:39:25+00:00,565.0,3223.64,3223.63,3223.75,ETH
2026-01-07 11:39:26+00:00,566.0,3223.62,3223.58,3223.74,ETH
2026-01-07 11:39:27+00:00,567.0,3223.31,3223.3,3223.51,ETH
2026-01-07 11:39:28+00:00,568.0,3223.33,3223.25,3223.53,ETH
2026-01-07 11:39:29+00:00,569.0,3223.14,3223.1,3223.27,ETH
2026-01-07 11:39:30+00:00,570.0,3223.14,3223.1,3223.3,ETH
2026-01-07 11:39:31+00:00,571.0,3223.26,3223.25,3223.44,ETH
2026-01-07 11:39:32+00:00,572.0,3223.26,3223.25,3223.48,ETH
2026-01-07 11:39:33+00:00,573.0,3223.09,3223.06,3223.3,ETH
2026-01-07 11:39:34+00:00,574.0,3223.1,3223.06,3223.3,ETH
2026-01-07 11:39:35+00:00,575.0,3223.12,3223.09,3223.3,ETH
2026-01-07 11:39:36+00:00,576.0,3223.09,3223.06,3223.36,ETH
2026-01-07 11:39:37+00:00,577.0,3223.08,3223.05,3223.29,ETH
2026-01-07 11:39:38+00:00,578.0,3223.37,3223.32,3223.47,ETH
2026-01-07 11:39:39+00:00,579.0,3223.81,3223.73,3224.01,ETH
2026-01-07 11:39:40+00:00,580.0,3224.05,3223.98,3224.37,ETH
2026-01-07 11:39:41+00:00,581.0,3224.1,3224.07,3224.44,ETH
2026-01-07 11:39:42+00:00,582.0,3224.09,3224.05,3224.48,ETH
2026-01-07 11:39:43+00:00,583.0,3224.11,3224.05,3224.51,ETH
2026-01-07 11:39:44+00:00,584.0,3224.09,3224.06,3224.56,ETH
2026-01-07 11:39:45+00:00,585.0,3224.3,3224.27,3224.66,ETH
2026-01-07 11:39:46+00:00,586.0,3224.54,3224.52,3224.82,ETH
2026-01-07 11:39:47+00:00,587.0,3224.62,3224.59,3224.92,ETH
2026-01-07 11:39:48+00:00,588.0,3224.65,3224.62,3224.92,ETH
2026-01-07 11:39:49+00:00,589.0,3224.69,3224.67,3224.91,ETH
2026-01-07 11:39:50+00:00,590.0,3224.69,3224.67,3224.91,ETH
2026-01-07 11:39:51+00:00,591.0,3224.7,3224.67,3224.9,ETH
2026-01-07 11:39:52+00:00,592.0,3224.77,3224.73,3224.89,ETH
2026-01-07 11:39:53+00:00,593.0,3224.78,3224.74,3224.89,ETH
2026-01-07 11:39:54+00:00,594.0,3224.78,3224.74,3224.89,ETH
2026-01-07 11:39:55+00:00,595.0,3224.78,3224.74,3224.98,ETH
2026-01-07 11:39:56+00:00,596.0,3224.79,3224.76,3225.07,ETH
2026-01-07 11:39:57+00:00,597.0,3224.8,3224.76,3225.08,ETH
2026-01-07 11:39:58+00:00,598.0,3224.8,3224.76,3225.08,ETH
2026-01-07 11:39:59+00:00,599.0,3224.92,3224.85,3224.96,ETH
2026-01-07 11:40:00+00:00,600.0,3224.88,3224.84,3225.08,ETH
2026-01-07 11:40:01+00:00,601.0,3224.93,3224.88,3225.03,ETH
2026-01-07 11:40:02+00:00,602.0,3224.82,3224.78,3224.92,ETH
2026-01-07 11:40:03+00:00,603.0,3224.8,3224.76,3224.88,ETH
2026-01-07 11:40:04+00:00,604.0,3224.5,3224.47,3224.61,ETH
2026-01-07 11:40:05+00:00,605.0,3224.21,3224.18,3224.35,ETH
2026-01-07 11:40:06+00:00,606.0,3223.75,3223.72,3224.08,ETH
2026-01-07 11:40:07+00:00,607.0,3223.49,3223.46,3223.91,ETH
2026-01-07 11:40:08+00:00,608.0,3223.46,3223.43,3223.91,ETH
2026-01-07 11:40:09+00:00,609.0,3223.46,3223.42,3223.97,ETH
2026-01-07 11:40:10+00:00,610.0,3223.31,3223.28,3223.73,ETH
2026-01-07 11:40:11+00:00,611.0,3223.15,3223.13,3223.48,ETH
2026-01-07 11:40:12+00:00,612.0,3223.14,3223.13,3223.41,ETH
2026-01-07 11:40:13+00:00,613.0,3223.14,3223.12,3223.34,ETH
2026-01-07 11:40:14+00:00,614.0,3223.18,3223.15,3223.31,ETH
2026-01-07 11:40:15+00:00,615.0,3223.17,3223.14,3223.37,ETH
2026-01-07 11:40:16+00:00,616.0,3223.13,3223.11,3223.42,ETH
2026-01-07 11:40:17+00:00,617.0,3223.2,3223.17,3223.54,ETH
2026-01-07 11:40:18+00:00,618.0,3223.5,3223.46,3223.82,ETH
2026-01-07 11:40:19+00:00,619.0,3223.46,3223.41,3223.71,ETH
2026-01-07 11:40:20+00:00,620.0,3223.54,3223.35,3223.76,ETH
2026-01-07 11:40:21+00:00,621.0,3223.8,3223.58,3224.04,ETH
2026-01-07 11:40:22+00:00,622.0,3223.76,3223.66,3224.01,ETH
2026-01-07 11:40:23+00:00,623.0,3223.81,3223.72,3224.01,ETH
2026-01-07 11:40:24+00:00,624.0,3223.95,3223.83,3224.1,ETH
2026-01-07 11:40:25+00:00,625.0,3224.1,3224.0,3224.18,ETH
2026-01-07 11:40:26+00:00,626.0,3224.12,3224.05,3224.17,ETH
2026-01-07 11:40:27+00:00,627.0,3224.25,3224.1,3224.46,ETH
2026-01-07 11:40:28+00:00,628.0,3224.57,3224.45,3224.78,ETH
2026-01-07 11:40:29+00:00,629.0,3224.79,3224.75,3224.93,ETH
2026-01-07 11:40:30+00:00,630.0,3224.79,3224.76,3225.05,ETH
2026-01-07 11:40:31+00:00,631.0,3224.82,3224.77,3225.05,ETH
2026-01-07 11:40:32+00:00,632.0,3224.85,3224.77,3225.05,ETH
2026-01-07 11:40:33+00:00,633.0,3224.89,3224.78,3225.04,ETH
2026-01-07 11:40:34+00:00,634.0,3224.89,3224.79,3225.04,ETH
2026-01-07 11:40:35+00:00,635.0,3224.86,3224.79,3225.03,ETH
2026-01-07 11:40:36+00:00,636.0,3224.88,3224.79,3225.03,ETH
2026-01-07 11:40:37+00:00,637.0,3224.94,3224.83,3225.03,ETH
2026-01-07 11:40:38+00:00,638.0,3224.92,3224.82,3225.01,ETH
2026-01-07 11:40:39+00:00,639.0,3224.86,3224.79,3225.06,ETH
2026-01-07 11:40:40+00:00,640.0,3224.91,3224.8,3225.12,ETH
2026-01-07 11:40:41+00:00,641.0,3224.97,3224.84,3225.11,ETH
2026-01-07 11:40:42+00:00,642.0,3224.96,3224.86,3225.16,ETH
2026-01-07 11:40:43+00:00,643.0,3224.97,3224.89,3225.24,ETH
2026-01-07 11:40:44+00:00,644.0,3224.98,3224.91,3225.23,ETH
2026-01-07 11:40:45+00:00,645.0,3224.94,3224.88,3225.11,ETH
2026-01-07 11:40:46+00:00,646.0,3224.94,3224.85,3225.02,ETH
2026-01-07 11:40:47+00:00,647.0,3224.93,3224.84,3225.02,ETH
2026-01-07 11:40:48+00:00,648.0,3224.91,3224.83,3225.01,ETH
2026-01-07 11:40:49+00:00,649.0,3224.89,3224.82,3225.0,ETH
2026-01-07 11:40:50+00:00,650.0,3224.89,3224.82,3225.02,ETH
2026-01-07 11:40:51+00:00,651.0,3224.86,3224.82,3224.9,ETH
2026-01-07 11:40:52+00:00,652.0,3224.87,3224.82,3224.91,ETH
2026-01-07 11:40:53+00:00,653.0,3224.89,3224.82,3224.98,ETH
2026-01-07 11:40:54+00:00,654.0,3224.91,3224.86,3224.98,ETH
2026-01-07 11:40:55+00:00,655.0,3224.9,3224.78,3225.01,ETH
2026-01-07 11:40:56+00:00,656.0,3224.89,3224.78,3225.07,ETH
2026-01-07 11:40:57+00:00,657.0,3224.85,3224.78,3224.95,ETH
2026-01-07 11:40:58+00:00,658.0,3224.85,3224.78,3224.92,ETH
2026-01-07 11:40:59+00:00,659.0,3224.84,3224.78,3225.07,ETH
2026-01-07 11:41:00+00:00,660.0,3224.9,3224.78,3224.99,ETH
2026-01-07 11:41:01+00:00,661.0,3224.92,3224.84,3225.1,ETH
2026-01-07 11:41:02+00:00,662.0,3224.95,3224.87,3225.13,ETH
2026-01-07 11:41:03+00:00,663.0,3225.07,3224.9,3225.14,ETH
2026-01-07 11:41:04+00:00,664.0,3225.18,3224.99,3225.25,ETH
2026-01-07 11:41:05+00:00,665.0,3225.14,3225.01,3225.25,ETH
2026-01-07 11:41:06+00:00,666.0,3225.08,3224.98,3225.21,ETH
2026-01-07 11:41:07+00:00,667.0,3225.12,3225.02,3225.21,ETH
2026-01-07 11:41:08+00:00,668.0,3225.12,3225.02,3225.21,ETH
2026-01-07 11:41:09+00:00,669.0,3225.07,3224.98,3225.2,ETH
2026-01-07 11:41:10+00:00,670.0,3225.1,3224.99,3225.2,ETH
2026-01-07 11:41:11+00:00,671.0,3225.14,3225.03,3225.2,ETH
2026-01-07 11:41:12+00:00,672.0,3225.15,3225.05,3225.2,ETH
2026-01-07 11:41:13+00:00,673.0,3225.24,3225.16,3225.29,ETH
2026-01-07 11:41:14+00:00,674.0,3225.23,3225.16,3225.29,ETH
2026-01-07 11:41:15+00:00,675.0,3225.17,3225.07,3225.27,ETH
2026-01-07 11:41:16+00:00,676.0,3225.19,3225.06,3225.27,ETH
2026-01-07 11:41:17+00:00,677.0,3225.18,3225.06,3225.2,ETH
2026-01-07 11:41:18+00:00,678.0,3225.18,3225.07,3225.26,ETH
2026-01-07 11:41:19+00:00,679.0,3225.17,3225.06,3225.26,ETH
2026-01-07 11:41:20+00:00,680.0,3225.17,3225.05,3225.36,ETH
2026-01-07 11:41:21+00:00,681.0,3225.17,3225.06,3225.34,ETH
2026-01-07 11:41:22+00:00,682.0,3225.03,3224.96,3225.32,ETH
2026-01-07 11:41:23+00:00,683.0,3224.98,3224.9,3225.0,ETH
2026-01-07 11:41:24+00:00,684.0,3224.96,3224.9,3225.14,ETH
2026-01-07 11:41:25+00:00,685.0,3225.12,3224.95,3225.2,ETH
2026-01-07 11:41:26+00:00,686.0,3225.13,3224.94,3225.2,ETH
2026-01-07 11:41:27+00:00,687.0,3225.04,3224.96,3225.18,ETH
2026-01-07 11:41:28+00:00,688.0,3225.04,3224.95,3225.19,ETH
2026-01-07 11:41:29+00:00,689.0,3225.08,3224.98,3225.26,ETH
2026-01-07 11:41:30+00:00,690.0,3225.23,3225.09,3225.33,ETH
2026-01-07 11:41:31+00:00,691.0,3225.18,3225.03,3225.26,ETH
2026-01-07 11:41:32+00:00,692.0,3225.23,3225.08,3225.27,ETH
2026-01-07 11:41:33+00:00,693.0,3225.23,3225.08,3225.27,ETH
2026-01-07 11:41:34+00:00,694.0,3225.22,3225.1,3225.26,ETH
2026-01-07 11:41:35+00:00,695.0,3225.22,3225.09,3225.26,ETH
2026-01-07 11:41:36+00:00,696.0,3225.11,3225.02,3225.32,ETH
2026-01-07 11:41:37+00:00,697.0,3225.14,3225.02,3225.22,ETH
2026-01-07 11:41:38+00:00,698.0,3225.11,3225.02,3225.23,ETH
2026-01-07 11:41:39+00:00,699.0,3225.13,3225.03,3225.34,ETH
2026-01-07 11:41:40+00:00,700.0,3225.11,3225.04,3225.31,ETH
2026-01-07 11:41:41+00:00,701.0,3225.06,3225.03,3225.3,ETH
2026-01-07 11:41:42+00:00,702.0,3225.08,3225.03,3225.37,ETH
2026-01-07 11:41:43+00:00,703.0,3225.09,3225.03,3225.37,ETH
2026-01-07 11:41:44+00:00,704.0,3225.09,3225.03,3225.41,ETH
2026-01-07 11:41:45+00:00,705.0,3225.09,3225.03,3225.39,ETH
2026-01-07 11:41:46+00:00,706.0,3225.07,3225.03,3225.37,ETH
2026-01-07 11:41:47+00:00,707.0,3225.09,3225.02,3225.31,ETH
2026-01-07 11:41:48+00:00,708.0,3225.11,3225.02,3225.23,ETH
2026-01-07 11:41:49+00:00,709.0,3225.15,3225.02,3225.23,ETH
2026-01-07 11:41:50+00:00,710.0,3225.14,3225.02,3225.17,ETH
2026-01-07 11:41:51+00:00,711.0,3225.08,3225.03,3225.12,ETH
2026-01-07 11:41:52+00:00,712.0,3225.07,3225.03,3225.11,ETH
2026-01-07 11:41:53+00:00,713.0,3225.07,3225.02,3225.11,ETH
2026-01-07 11:41:54+00:00,714.0,3225.05,3225.01,3225.08,ETH
2026-01-07 11:41:55+00:00,715.0,3225.04,3225.0,3225.07,ETH
2026-01-07 11:41:56+00:00,716.0,3225.05,3225.01,3225.1,ETH
2026-01-07 11:41:58+00:00,718.0,3225.2,3225.03,3225.29,ETH
2026-01-07 11:41:59+00:00,719.0,3225.11,3225.04,3225.16,ETH
2026-01-07 11:42:00+00:00,720.0,3225.0,3224.93,3225.15,ETH
2026-01-07 11:42:01+00:00,721.0,3224.86,3224.79,3225.22,ETH
2026-01-07 11:42:02+00:00,722.0,3224.77,3224.76,3225.22,ETH
2026-01-07 11:42:03+00:00,723.0,3224.85,3224.77,3225.17,ETH
2026-01-07 11:42:04+00:00,724.0,3224.89,3224.78,3225.17,ETH
2026-01-07 11:42:05+00:00,725.0,3224.93,3224.78,3225.23,ETH
2026-01-07 11:42:06+00:00,726.0,3225.01,3224.8,3225.29,ETH
2026-01-07 11:42:07+00:00,727.0,3225.0,3224.8,3225.29,ETH
2026-01-07 11:42:08+00:00,728.0,3224.96,3224.79,3225.2,ETH
2026-01-07 11:42:09+00:00,729.0,3225.03,3224.81,3225.17,ETH
2026-01-07 11:42:10+00:00,730.0,3225.01,3224.79,3225.17,ETH
2026-01-07 11:42:11+00:00,731.0,3224.91,3224.75,3225.11,ETH
2026-01-07 11:42:12+00:00,732.0,3224.9,3224.75,3225.12,ETH
2026-01-07 11:42:13+00:00,733.0,3224.88,3224.75,3225.14,ETH
2026-01-07 11:42:14+00:00,734.0,3224.9,3224.79,3225.17,ETH
2026-01-07 11:42:15+00:00,735.0,3224.91,3224.81,3225.21,ETH
2026-01-07 11:42:16+00:00,736.0,3225.01,3224.8,3225.28,ETH
2026-01-07 11:42:17+00:00,737.0,3225.02,3224.84,3225.34,ETH
2026-01-07 11:42:18+00:00,738.0,3224.98,3224.87,3225.33,ETH
2026-01-07 11:42:19+00:00,739.0,3225.06,3224.88,3225.45,ETH
2026-01-07 11:42:20+00:00,740.0,3225.06,3224.9,3225.57,ETH
2026-01-07 11:42:21+00:00,741.0,3225.07,3224.94,3225.54,ETH
2026-01-07 11:42:22+00:00,742.0,3225.08,3224.97,3225.51,ETH
2026-01-07 11:42:23+00:00,743.0,3225.07,3224.97,3225.48,ETH
2026-01-07 11:42:24+00:00,744.0,3225.07,3224.97,3225.46,ETH
2026-01-07 11:42:25+00:00,745.0,3225.06,3224.97,3225.41,ETH
2026-01-07 11:42:26+00:00,746.0,3225.04,3224.97,3225.41,ETH
2026-01-07 11:42:27+00:00,747.0,3225.04,3224.97,3225.41,ETH
2026-01-07 11:42:28+00:00,748.0,3225.01,3224.97,3225.41,ETH
2026-01-07 11:42:29+00:00,749.0,3225.01,3224.97,3225.41,ETH
2026-01-07 11:42:30+00:00,750.0,3225.17,3224.97,3225.41,ETH
2026-01-07 11:42:31+00:00,751.0,3225.07,3224.93,3225.41,ETH
2026-01-07 11:42:32+00:00,752.0,3225.03,3224.85,3225.41,ETH
2026-01-07 11:42:33+00:00,753.0,3225.03,3224.85,3225.41,ETH
2026-01-07 11:42:34+00:00,754.0,3225.03,3224.84,3225.41,ETH
2026-01-07 11:42:35+00:00,755.0,3225.03,3224.85,3225.12,ETH
2026-01-07 11:42:36+00:00,756.0,3225.02,3224.84,3225.12,ETH
2026-01-07 11:42:37+00:00,757.0,3225.02,3224.84,3225.15,ETH
2026-01-07 11:42:38+00:00,758.0,3225.01,3224.84,3225.11,ETH
2026-01-07 11:42:39+00:00,759.0,3225.01,3224.84,3225.11,ETH
2026-01-07 11:42:40+00:00,760.0,3224.99,3224.83,3225.11,ETH
2026-01-07 11:42:41+00:00,761.0,3225.0,3224.85,3225.13,ETH
2026-01-07 11:42:42+00:00,762.0,3225.01,3224.84,3225.13,ETH
2026-01-07 11:42:43+00:00,763.0,3225.1,3224.83,3225.21,ETH
2026-01-07 11:42:44+00:00,764.0,3225.01,3224.82,3225.11,ETH
2026-01-07 11:42:45+00:00,765.0,3224.99,3224.83,3225.17,ETH
2026-01-07 11:42:46+00:00,766.0,3225.0,3224.82,3225.17,ETH
2026-01-07 11:42:47+00:00,767.0,3225.02,3224.82,3225.17,ETH
2026-01-07 11:42:48+00:00,768.0,3225.04,3224.83,3225.26,ETH
2026-01-07 11:42:49+00:00,769.0,3225.03,3224.83,3225.26,ETH
2026-01-07 11:42:50+00:00,770.0,3225.03,3224.83,3225.25,ETH
2026-01-07 11:42:51+00:00,771.0,3225.07,3224.88,3225.35,ETH
2026-01-07 11:42:52+00:00,772.0,3225.06,3224.88,3225.21,ETH
2026-01-07 11:42:53+00:00,773.0,3224.97,3224.77,3225.11,ETH
2026-01-07 11:42:54+00:00,774.0,3224.92,3224.59,3225.12,ETH
2026-01-07 11:42:55+00:00,775.0,3224.92,3224.59,3225.11,ETH
2026-01-07 11:42:56+00:00,776.0,3224.94,3224.59,3225.12,ETH
2026-01-07 11:42:57+00:00,777.0,3224.94,3224.59,3225.11,ETH
2026-01-07 11:42:58+00:00,778.0,3224.94,3224.6,3225.12,ETH
2026-01-07 11:42:59+00:00,779.0,3224.93,3224.6,3225.11,ETH
2026-01-07 11:43:00+00:00,780.0,3224.93,3224.6,3225.17,ETH
2026-01-07 11:43:01+00:00,781.0,3224.97,3224.65,3225.18,ETH
2026-01-07 11:43:02+00:00,782.0,3224.98,3224.66,3225.17,ETH
2026-01-07 11:43:03+00:00,783.0,3224.97,3224.65,3225.13,ETH
2026-01-07 11:43:04+00:00,784.0,3224.97,3224.65,3225.06,ETH
2026-01-07 11:43:05+00:00,785.0,3224.97,3224.64,3225.09,ETH
2026-01-07 11:43:06+00:00,786.0,3224.97,3224.64,3225.11,ETH
2026-01-07 11:43:07+00:00,787.0,3224.97,3224.64,3225.19,ETH
2026-01-07 11:43:08+00:00,788.0,3224.99,3224.65,3225.27,ETH
2026-01-07 11:43:09+00:00,789.0,3224.9,3224.56,3225.19,ETH
2026-01-07 11:43:10+00:00,790.0,3224.77,3224.45,3224.96,ETH
2026-01-07 11:43:11+00:00,791.0,3224.76,3224.45,3224.82,ETH
2026-01-07 11:43:12+00:00,792.0,3224.71,3224.39,3224.82,ETH
2026-01-07 11:43:13+00:00,793.0,3224.67,3224.34,3224.81,ETH
2026-01-07 11:43:14+00:00,794.0,3224.67,3224.34,3224.84,ETH
2026-01-07 11:43:15+00:00,795.0,3224.67,3224.34,3224.81,ETH
2026-01-07 11:43:16+00:00,796.0,3224.68,3224.35,3224.81,ETH
2026-01-07 11:43:17+00:00,797.0,3224.66,3224.35,3224.81,ETH
2026-01-07 11:43:18+00:00,798.0,3224.66,3224.37,3224.71,ETH
2026-01-07 11:43:19+00:00,799.0,3224.54,3224.2,3224.69,ETH
2026-01-07 11:43:20+00:00,800.0,3224.41,3224.18,3224.44,ETH
2026-01-07 11:43:21+00:00,801.0,3224.41,3224.18,3224.44,ETH
2026-01-07 11:43:22+00:00,802.0,3224.42,3224.17,3224.45,ETH
2026-01-07 11:43:23+00:00,803.0,3224.41,3224.17,3224.44,ETH
2026-01-07 11:43:24+00:00,804.0,3224.42,3224.17,3224.46,ETH
2026-01-07 11:43:25+00:00,805.0,3224.41,3224.17,3224.46,ETH
2026-01-07 11:43:26+00:00,806.0,3224.41,3224.16,3224.46,ETH
2026-01-07 11:43:27+00:00,807.0,3224.41,3224.17,3224.43,ETH
2026-01-07 11:43:28+00:00,808.0,3224.36,3224.18,3224.42,ETH
2026-01-07 11:43:29+00:00,809.0,3224.39,3224.14,3224.43,ETH
2026-01-07 11:43:30+00:00,810.0,3224.38,3224.14,3224.42,ETH
2026-01-07 11:43:31+00:00,811.0,3224.38,3224.15,3224.42,ETH
2026-01-07 11:43:32+00:00,812.0,3224.36,3224.12,3224.41,ETH
2026-01-07 11:43:33+00:00,813.0,3224.36,3224.12,3224.41,ETH
2026-01-07 11:43:34+00:00,814.0,3224.36,3224.11,3224.41,ETH
2026-01-07 11:43:35+00:00,815.0,3224.37,3224.11,3224.41,ETH
2026-01-07 11:43:36+00:00,816.0,3224.34,3224.06,3224.41,ETH
2026-01-07 11:43:37+00:00,817.0,3224.34,3224.06,3224.41,ETH
2026-01-07 11:43:38+00:00,818.0,3224.32,3224.01,3224.41,ETH
2026-01-07 11:43:39+00:00,819.0,3224.28,3223.97,3224.41,ETH
2026-01-07 11:43:40+00:00,820.0,3224.28,3223.97,3224.41,ETH
2026-01-07 11:43:41+00:00,821.0,3224.26,3223.97,3224.41,ETH
2026-01-07 11:43:42+00:00,822.0,3224.27,3223.97,3224.41,ETH
2026-01-07 11:43:43+00:00,823.0,3224.32,3223.97,3224.43,ETH
2026-01-07 11:43:44+00:00,824.0,3224.32,3223.97,3224.42,ETH
2026-01-07 11:43:45+00:00,825.0,3224.19,3223.95,3224.3,ETH
2026-01-07 11:43:46+00:00,826.0,3224.17,3223.93,3224.3,ETH
2026-01-07 11:43:47+00:00,827.0,3224.17,3223.92,3224.3,ETH
2026-01-07 11:43:48+00:00,828.0,3224.14,3223.92,3224.3,ETH
2026-01-07 11:43:49+00:00,829.0,3224.12,3223.93,3224.32,ETH
2026-01-07 11:43:50+00:00,830.0,3224.08,3223.93,3224.31,ETH
2026-01-07 11:43:51+00:00,831.0,3223.73,3223.51,3223.9,ETH
2026-01-07 11:43:52+00:00,832.0,3223.39,3223.08,3223.49,ETH
2026-01-07 11:43:53+00:00,833.0,3223.3,3223.07,3223.43,ETH
2026-01-07 11:43:54+00:00,834.0,3223.08,3222.93,3223.34,ETH
2026-01-07 11:43:55+00:00,835.0,3222.86,3222.73,3223.18,ETH
2026-01-07 11:43:56+00:00,836.0,3222.77,3222.66,3223.09,ETH
2026-01-07 11:43:57+00:00,837.0,3222.76,3222.62,3223.0,ETH
2026-01-07 11:43:58+00:00,838.0,3222.76,3222.59,3222.94,ETH
2026-01-07 11:43:59+00:00,839.0,3222.78,3222.6,3222.99,ETH
2026-01-07 11:44:00+00:00,840.0,3222.94,3222.75,3223.16,ETH
2026-01-07 11:44:01+00:00,841.0,3223.09,3222.88,3223.31,ETH
2026-01-07 11:44:02+00:00,842.0,3223.08,3222.87,3223.31,ETH
2026-01-07 11:44:03+00:00,843.0,3223.05,3222.86,3223.19,ETH
2026-01-07 11:44:04+00:00,844.0,3223.02,3222.85,3223.07,ETH
2026-01-07 11:44:05+00:00,845.0,3223.0,3222.84,3223.06,ETH
2026-01-07 11:44:06+00:00,846.0,3222.99,3222.83,3223.04,ETH
2026-01-07 11:44:07+00:00,847.0,3222.99,3222.84,3223.04,ETH
2026-01-07 11:44:08+00:00,848.0,3223.01,3222.84,3223.07,ETH
2026-01-07 11:44:09+00:00,849.0,3222.95,3222.82,3223.06,ETH
2026-01-07 11:44:10+00:00,850.0,3222.86,3222.78,3223.03,ETH
2026-01-07 11:44:11+00:00,851.0,3222.91,3222.76,3223.05,ETH
2026-01-07 11:44:12+00:00,852.0,3222.89,3222.75,3223.0,ETH
2026-01-07 11:44:13+00:00,853.0,3222.7,3222.59,3222.82,ETH
2026-01-07 11:44:14+00:00,854.0,3222.5,3222.28,3222.64,ETH
2026-01-07 11:44:15+00:00,855.0,3222.29,3222.12,3222.46,ETH
2026-01-07 11:44:16+00:00,856.0,3222.2,3222.11,3222.36,ETH
2026-01-07 11:44:17+00:00,857.0,3222.24,3222.1,3222.34,ETH
2026-01-07 11:44:18+00:00,858.0,3222.27,3222.11,3222.34,ETH
2026-01-07 11:44:19+00:00,859.0,3222.23,3222.1,3222.29,ETH
2026-01-07 11:44:20+00:00,860.0,3222.19,3222.08,3222.23,ETH
2026-01-07 11:44:21+00:00,861.0,3222.19,3222.09,3222.25,ETH
2026-01-07 11:44:22+00:00,862.0,3222.16,3222.07,3222.24,ETH
2026-01-07 11:44:23+00:00,863.0,3222.11,3221.99,3222.21,ETH
2026-01-07 11:44:24+00:00,864.0,3222.09,3221.92,3222.21,ETH
2026-01-07 11:44:25+00:00,865.0,3222.09,3221.92,3222.21,ETH
2026-01-07 11:44:26+00:00,866.0,3222.1,3221.92,3222.21,ETH
2026-01-07 11:44:27+00:00,867.0,3222.1,3221.93,3222.21,ETH
2026-01-07 11:44:28+00:00,868.0,3222.06,3221.93,3222.21,ETH
2026-01-07 11:44:29+00:00,869.0,3221.83,3221.83,3222.01,ETH
2026-01-07 11:44:30+00:00,870.0,3221.83,3221.74,3221.91,ETH
2026-01-07 11:44:31+00:00,871.0,3221.7,3221.63,3221.83,ETH
2026-01-07 11:44:32+00:00,872.0,3221.74,3221.43,3221.83,ETH
2026-01-07 11:44:33+00:00,873.0,3221.75,3221.45,3221.83,ETH
2026-01-07 11:44:34+00:00,874.0,3221.76,3221.47,3221.92,ETH
2026-01-07 11:44:35+00:00,875.0,3221.71,3221.47,3221.87,ETH
2026-01-07 11:44:36+00:00,876.0,3221.47,3221.37,3221.81,ETH
2026-01-07 11:44:37+00:00,877.0,3221.47,3221.37,3221.81,ETH
2026-01-07 11:44:38+00:00,878.0,3221.65,3221.42,3221.76,ETH
2026-01-07 11:44:39+00:00,879.0,3221.79,3221.49,3221.85,ETH
2026-01-07 11:44:40+00:00,880.0,3221.79,3221.5,3221.99,ETH
2026-01-07 11:44:41+00:00,881.0,3221.78,3221.49,3221.98,ETH
2026-01-07 11:44:42+00:00,882.0,3221.78,3221.48,3221.86,ETH
2026-01-07 11:44:43+00:00,883.0,3221.78,3221.47,3221.85,ETH
2026-01-07 11:44:44+00:00,884.0,3221.77,3221.47,3221.85,ETH
2026-01-07 11:44:45+00:00,885.0,3221.76,3221.46,3221.84,ETH
2026-01-07 11:44:46+00:00,886.0,3221.74,3221.46,3221.82,ETH
2026-01-07 11:44:47+00:00,887.0,3221.69,3221.44,3221.82,ETH
2026-01-07 11:44:48+00:00,888.0,3221.67,3221.42,3221.81,ETH
2026-01-07 11:44:49+00:00,889.0,3221.68,3221.42,3221.81,ETH
2026-01-07 11:44:50+00:00,890.0,3221.62,3221.41,3221.8,ETH
2026-01-07 11:44:51+00:00,891.0,3221.62,3221.41,3221.79,ETH
2026-01-07 11:44:52+00:00,892.0,3221.61,3221.41,3221.71,ETH
2026-01-07 11:44:53+00:00,893.0,3221.61,3221.41,3221.69,ETH
2026-01-07 11:44:54+00:00,894.0,3221.61,3221.41,3221.71,ETH
2026-01-07 11:44:55+00:00,895.0,3221.61,3221.41,3221.75,ETH
2026-01-07 11:44:56+00:00,896.0,3221.61,3221.41,3221.78,ETH
2026-01-07 11:44:57+00:00,897.0,3221.61,3221.4,3221.73,ETH
2026-01-07 11:44:58+00:00,898.0,3221.61,3221.39,3221.67,ETH
2026-01-07 11:44:59+00:00,899.0,3221.61,3221.4,3221.67,ETH
