timestamp,collected_at,seconds,up_mid,up_best_bid,up_best_ask,down_mid,down_best_bid,down_best_ask,up_best_bid_size,up_best_ask_size,down_best_bid_size,down_best_ask_size,up_bid_2,up_bid_2_size,up_ask_2,up_ask_2_size,up_bid_3,up_bid_3_size,up_ask_3,up_ask_3_size,up_bid_4,up_bid_4_size,up_ask_4,up_ask_4_size,up_bid_5,up_bid_5_size,up_ask_5,up_ask_5_size,up_bid_6,up_bid_6_size,up_ask_6,up_ask_6_size,down_bid_2,down_bid_2_size,down_ask_2,down_ask_2_size,down_bid_3,down_bid_3_size,down_ask_3,down_ask_3_size,down_bid_4,down_bid_4_size,down_ask_4,down_ask_4_size,down_bid_5,down_bid_5_size,down_ask_5,down_ask_5_size,down_bid_6,down_bid_6_size,down_ask_6,down_ask_6_size
2026-01-07 03:45:00.433000+00:00,2026-01-07 03:44:57.874627+00:00,0.433,0.01,,0.01,0.99,0.99,,,13279.47,13279.47,,,,0.02,1348.4,,,0.03,88.0,,,0.04,85.79,,,0.05,387.0,,,0.06,104.93,0.98,1348.4,,,0.97,88.0,,,0.96,85.79,,,0.95,387.0,,,0.94,104.93,,
2026-01-07 03:45:01.993000+00:00,2026-01-07 03:44:59.886613+00:00,1.993,0.01,,0.01,0.99,0.99,,,100463.82,100463.82,,,,0.02,1348.4,,,0.03,93.0,,,0.04,80.79,,,0.05,392.0,,,0.06,104.93,0.98,1348.4,,,0.97,93.0,,,0.96,80.79,,,0.95,392.0,,,0.94,104.93,,
2026-01-07 03:45:03.588000+00:00,2026-01-07 03:45:00.893272+00:00,3.588,0.505,0.5,0.51,0.505,0.5,0.51,5.0,35.0,128.0,141.74,0.49,136.74,0.52,110.0,0.48,83.3,0.54,405.0,0.47,175.1,0.55,45.0,0.46,99.4,0.56,5.0,0.45,15.0,0.57,58.0,0.49,172.0,0.52,83.3,0.48,353.0,0.53,297.1,0.47,122.0,0.54,221.4,0.46,648.0,0.55,137.0,0.45,288.0,0.56,127.0
2026-01-07 03:45:04.578000+00:00,2026-01-07 03:45:01.914889+00:00,4.578,0.495,0.49,0.5,0.505,0.5,0.51,156.74,226.88,226.88,176.74,0.48,98.3,0.51,86.0,0.47,373.1,0.52,293.0,0.46,403.4,0.53,304.0,0.45,319.0,0.54,709.0,0.44,309.0,0.55,349.0,0.49,86.0,0.52,103.3,0.48,308.0,0.53,373.1,0.47,304.0,0.54,403.4,0.46,709.0,0.55,319.0,0.45,349.0,0.56,309.0
2026-01-07 03:45:05.629000+00:00,2026-01-07 03:45:02.924303+00:00,5.629,0.455,0.45,0.46,0.555,0.55,0.56,65.0,22.6,95.0,70.0,0.44,35.0,0.47,315.74,0.43,45.0,0.48,118.7,0.42,35.0,0.49,398.0,0.41,252.0,0.5,372.88,0.4,454.0,0.51,207.0,0.54,37.6,0.57,45.0,0.53,290.74,0.58,30.0,0.52,224.7,0.59,252.0,0.51,398.0,0.6,454.0,0.5,372.88,0.61,309.0
2026-01-07 03:45:06.556000+00:00,2026-01-07 03:45:03.932784+00:00,6.556,0.435,0.43,0.44,0.565,0.56,0.57,85.0,203.0,228.0,85.0,0.42,70.0,0.45,263.0,0.41,90.0,0.46,294.6,0.4,311.0,0.47,351.74,0.39,344.0,0.48,300.7,0.38,339.0,0.49,453.0,0.55,263.0,0.58,75.0,0.54,294.6,0.59,85.0,0.53,351.74,0.6,311.0,0.52,300.7,0.61,344.0,0.51,453.0,0.62,339.0
2026-01-07 03:45:07.634000+00:00,2026-01-07 03:45:04.939213+00:00,7.634,0.435,0.43,0.44,0.565,0.56,0.57,85.0,146.86,146.86,85.0,0.42,70.0,0.45,258.0,0.41,80.0,0.46,294.6,0.4,311.0,0.47,351.74,0.39,344.0,0.48,305.7,0.38,344.0,0.49,409.0,0.55,258.0,0.58,70.0,0.54,294.6,0.59,80.0,0.53,351.74,0.6,311.0,0.52,300.7,0.61,344.0,0.51,409.0,0.62,344.0
2026-01-07 03:45:08.641000+00:00,2026-01-07 03:45:05.954409+00:00,8.641,0.435,0.43,0.44,0.565,0.56,0.57,68.0,196.86,266.86,8.0,0.42,50.0,0.45,298.0,0.41,262.0,0.46,284.6,0.4,473.0,0.47,366.74,0.39,414.0,0.48,355.7,0.38,409.0,0.49,424.0,0.55,278.0,0.58,65.0,0.54,284.6,0.59,302.0,0.53,398.74,0.6,503.0,0.52,355.7,0.61,414.0,0.51,424.0,0.62,409.0
2026-01-07 03:45:09.634000+00:00,2026-01-07 03:45:06.957961+00:00,9.634,0.445,0.44,0.45,0.555,0.55,0.56,270.39,35.0,35.0,165.39,0.43,268.0,0.46,30.0,0.42,404.0,0.47,115.0,0.41,469.0,0.48,135.0,0.4,596.5,0.49,474.0,0.39,419.0,0.5,432.88,0.54,30.0,0.57,256.0,0.53,205.0,0.58,359.0,0.52,140.0,0.59,469.0,0.51,474.0,0.6,591.5,0.5,432.88,0.61,419.0
2026-01-07 03:45:10.629000+00:00,2026-01-07 03:45:07.967191+00:00,10.629,0.445,0.44,0.45,0.555,0.55,0.56,277.39,35.0,35.0,277.39,0.43,338.0,0.46,47.0,0.42,436.0,0.47,399.0,0.41,559.0,0.48,400.0,0.4,501.5,0.49,479.0,0.39,424.0,0.5,437.88,0.54,137.0,0.57,338.0,0.53,370.0,0.58,436.0,0.52,461.0,0.59,559.0,0.51,479.0,0.6,501.5,0.5,437.88,0.61,424.0
2026-01-07 03:45:11.660000+00:00,2026-01-07 03:45:08.971404+00:00,11.66,0.455,0.45,0.46,0.545,0.54,0.55,70.0,150.0,150.0,70.0,0.44,249.96,0.47,167.0,0.43,391.0,0.48,483.0,0.42,399.0,0.49,454.0,0.41,584.0,0.5,467.88,0.4,496.5,0.51,277.0,0.53,167.0,0.56,264.96,0.52,468.0,0.57,376.0,0.51,469.0,0.58,399.0,0.5,467.88,0.59,584.0,0.49,277.0,0.6,496.5
2026-01-07 03:45:12.627000+00:00,2026-01-07 03:45:09.976863+00:00,12.627,0.455,0.45,0.46,0.545,0.54,0.55,85.0,225.0,225.0,85.0,0.44,264.96,0.47,232.0,0.43,376.0,0.48,483.0,0.42,404.0,0.49,454.0,0.41,589.0,0.5,472.88,0.4,501.5,0.51,287.0,0.53,232.0,0.56,264.96,0.52,483.0,0.57,376.0,0.51,454.0,0.58,404.0,0.5,472.88,0.59,589.0,0.49,287.0,0.6,506.5
2026-01-07 03:45:13.668000+00:00,2026-01-07 03:45:10.984943+00:00,13.668,0.455,0.45,0.46,0.545,0.54,0.55,268.0,225.0,225.0,268.0,0.44,259.96,0.47,232.0,0.43,497.0,0.48,179.0,0.42,404.0,0.49,271.0,0.41,594.0,0.5,477.88,0.4,506.5,0.51,287.0,0.53,257.0,0.56,259.96,0.52,179.0,0.57,497.0,0.51,271.0,0.58,404.0,0.5,477.88,0.59,594.0,0.49,287.0,0.6,506.5
2026-01-07 03:45:14.632000+00:00,2026-01-07 03:45:12.005393+00:00,14.632,0.455,0.45,0.46,0.545,0.54,0.55,248.0,225.0,225.0,248.0,0.44,329.96,0.47,257.0,0.43,497.0,0.48,179.0,0.42,404.0,0.49,271.0,0.41,594.0,0.5,477.88,0.4,506.5,0.51,287.0,0.53,257.0,0.56,329.96,0.52,179.0,0.57,497.0,0.51,271.0,0.58,404.0,0.5,477.88,0.59,594.0,0.49,287.0,0.6,506.5
2026-01-07 03:45:15.441000+00:00,2026-01-07 03:45:13.026181+00:00,15.441,0.455,0.45,0.46,0.545,0.54,0.55,253.0,225.0,225.0,238.0,0.44,364.96,0.47,257.0,0.43,472.0,0.48,179.0,0.42,429.0,0.49,271.0,0.41,594.0,0.5,477.88,0.4,506.5,0.51,282.0,0.53,257.0,0.56,364.96,0.52,179.0,0.57,472.0,0.51,271.0,0.58,429.0,0.5,477.88,0.59,594.0,0.49,282.0,0.6,506.5
2026-01-07 03:45:16.740000+00:00,2026-01-07 03:45:14.029277+00:00,16.74,0.455,0.45,0.46,0.545,0.54,0.55,188.0,330.0,295.0,188.0,0.44,370.96,0.47,249.0,0.43,459.0,0.48,152.0,0.42,456.0,0.49,454.0,0.41,594.0,0.5,427.88,0.4,506.5,0.51,282.0,0.53,274.0,0.56,370.96,0.52,127.0,0.57,459.0,0.51,503.0,0.58,456.0,0.5,427.88,0.59,594.0,0.49,317.0,0.6,506.5
2026-01-07 03:45:17.727000+00:00,2026-01-07 03:45:15.035872+00:00,17.727,0.455,0.45,0.46,0.545,0.54,0.55,138.76,190.0,190.0,153.76,0.44,343.96,0.47,294.0,0.43,504.0,0.48,385.0,0.42,453.0,0.49,454.0,0.41,589.0,0.5,422.88,0.4,501.5,0.51,317.0,0.53,294.0,0.56,343.96,0.52,385.0,0.57,516.0,0.51,503.0,0.58,453.0,0.5,422.88,0.59,589.0,0.49,317.0,0.6,501.5
2026-01-07 03:45:18.751000+00:00,2026-01-07 03:45:16.055528+00:00,18.751,0.445,0.44,0.45,0.555,0.55,0.56,268.96,276.0,336.0,105.0,0.43,273.0,0.46,377.0,0.42,494.0,0.47,418.0,0.41,609.0,0.48,467.0,0.4,590.5,0.49,454.0,0.39,401.0,0.5,427.88,0.54,438.0,0.57,90.0,0.53,479.0,0.58,373.0,0.52,419.0,0.59,609.0,0.51,454.0,0.6,590.5,0.5,427.88,0.61,401.0
2026-01-07 03:45:19.761000+00:00,2026-01-07 03:45:17.061713+00:00,19.761,0.445,0.44,0.45,0.555,0.55,0.56,105.0,148.0,133.0,105.0,0.43,338.0,0.46,279.0,0.42,483.0,0.47,175.0,0.41,669.0,0.48,419.0,0.4,506.5,0.49,503.0,0.39,389.0,0.5,427.88,0.54,303.0,0.57,338.0,0.53,175.0,0.58,519.0,0.52,419.0,0.59,633.0,0.51,503.0,0.6,506.5,0.5,427.88,0.61,389.0
2026-01-07 03:45:20.760000+00:00,2026-01-07 03:45:18.066016+00:00,20.76,0.445,0.44,0.45,0.565,0.56,0.57,70.0,446.49,52.0,45.0,0.43,45.0,0.46,574.0,0.42,145.0,0.47,501.0,0.41,345.0,0.48,439.0,0.4,552.5,0.49,454.0,0.39,419.0,0.5,422.88,0.55,403.49,0.58,160.0,0.54,574.0,0.59,360.0,0.53,454.0,0.6,542.5,0.52,487.0,0.61,419.0,0.51,454.0,0.62,374.0
2026-01-07 03:45:21.720000+00:00,2026-01-07 03:45:19.072477+00:00,21.72,0.435,0.43,0.44,0.565,0.56,0.57,35.0,231.0,231.0,35.0,0.42,114.0,0.45,373.49,0.41,297.0,0.46,603.0,0.4,436.5,0.47,454.0,0.39,419.0,0.48,492.0,0.38,379.0,0.49,459.0,0.55,373.49,0.58,114.0,0.54,603.0,0.59,297.0,0.53,454.0,0.6,436.5,0.52,492.0,0.61,419.0,0.51,459.0,0.62,379.0
2026-01-07 03:45:22.793000+00:00,2026-01-07 03:45:20.095577+00:00,22.793,0.435,0.43,0.44,0.565,0.56,0.57,35.0,216.0,280.0,35.0,0.42,114.0,0.45,388.49,0.41,282.0,0.46,573.0,0.4,431.5,0.47,454.0,0.39,419.0,0.48,492.0,0.38,379.0,0.49,459.0,0.55,391.49,0.58,75.0,0.54,561.0,0.59,192.0,0.53,454.0,0.6,446.5,0.52,444.0,0.61,419.0,0.51,508.0,0.62,379.0
2026-01-07 03:45:23.803000+00:00,2026-01-07 03:45:21.100915+00:00,23.803,0.425,0.42,0.43,0.575,0.57,0.58,35.0,110.0,113.0,35.0,0.41,336.0,0.44,376.0,0.4,443.5,0.45,411.49,0.39,359.0,0.46,446.0,0.38,344.0,0.47,479.0,0.37,374.0,0.48,492.0,0.56,276.0,0.59,336.0,0.55,411.49,0.6,438.5,0.54,446.0,0.61,359.0,0.53,526.0,0.62,344.0,0.52,444.0,0.63,304.0
2026-01-07 03:45:24.810000+00:00,2026-01-07 03:45:22.107587+00:00,24.81,0.415,0.41,0.42,0.585,0.58,0.59,338.0,95.0,83.0,338.0,0.4,367.5,0.43,262.0,0.39,344.0,0.44,394.0,0.38,344.0,0.45,316.49,0.37,568.0,0.46,464.0,0.36,309.0,0.47,531.0,0.57,259.0,0.6,352.5,0.56,445.0,0.61,383.0,0.55,301.49,0.62,344.0,0.54,464.0,0.63,568.0,0.53,531.0,0.64,309.0
2026-01-07 03:45:25.783000+00:00,2026-01-07 03:45:23.111118+00:00,25.783,0.415,0.41,0.42,0.585,0.58,0.59,326.73,178.0,268.0,246.73,0.4,352.5,0.43,169.0,0.39,383.0,0.44,445.0,0.38,349.0,0.45,301.49,0.37,563.0,0.46,459.0,0.36,304.0,0.47,526.0,0.57,134.0,0.6,402.5,0.56,405.0,0.61,393.0,0.55,301.49,0.62,359.0,0.54,459.0,0.63,563.0,0.53,526.0,0.64,304.0
2026-01-07 03:45:26.786000+00:00,2026-01-07 03:45:24.118872+00:00,26.786,0.415,0.41,0.42,0.585,0.58,0.59,28.73,755.0,755.0,28.73,0.4,72.5,0.43,366.0,0.39,178.0,0.44,454.0,0.38,256.0,0.45,447.49,0.37,344.0,0.46,459.0,0.36,339.0,0.47,491.0,0.57,366.0,0.6,72.5,0.56,454.0,0.61,178.0,0.55,447.49,0.62,256.0,0.54,459.0,0.63,344.0,0.53,491.0,0.64,344.0
2026-01-07 03:45:27.811000+00:00,2026-01-07 03:45:25.123597+00:00,27.811,0.415,0.41,0.42,0.585,0.58,0.59,28.73,728.0,728.0,28.73,0.4,77.5,0.43,376.0,0.39,144.0,0.44,454.0,0.38,280.0,0.45,447.49,0.37,344.0,0.46,459.0,0.36,344.0,0.47,449.0,0.57,376.0,0.6,77.5,0.56,464.0,0.61,144.0,0.55,447.49,0.62,280.0,0.54,459.0,0.63,344.0,0.53,449.0,0.64,344.0
2026-01-07 03:45:28.799000+00:00,2026-01-07 03:45:26.132004+00:00,28.799,0.405,0.4,0.41,0.595,0.59,0.6,67.23,155.0,245.0,67.23,0.39,149.0,0.42,688.0,0.38,280.0,0.43,376.0,0.37,344.0,0.44,464.0,0.36,434.0,0.45,518.65,0.35,349.0,0.46,459.0,0.58,598.0,0.61,149.0,0.57,376.0,0.62,280.0,0.56,464.0,0.63,344.0,0.55,518.65,0.64,434.0,0.54,459.0,0.65,349.0
2026-01-07 03:45:29.745000+00:00,2026-01-07 03:45:27.137374+00:00,29.745,0.405,0.4,0.41,0.595,0.59,0.6,67.23,308.0,333.0,67.23,0.39,50.0,0.42,628.0,0.38,326.0,0.43,303.0,0.37,407.0,0.44,454.0,0.36,728.0,0.45,518.65,0.35,419.0,0.46,459.0,0.58,628.0,0.61,50.0,0.57,303.0,0.62,321.0,0.56,454.0,0.63,407.0,0.55,518.65,0.64,733.0,0.54,459.0,0.65,419.0
2026-01-07 03:45:30.842000+00:00,2026-01-07 03:45:28.145016+00:00,30.842,0.405,0.4,0.41,0.595,0.59,0.6,67.23,467.0,666.0,67.23,0.39,55.0,0.42,316.0,0.38,258.0,0.43,328.0,0.37,344.0,0.44,454.0,0.36,678.0,0.45,518.65,0.35,349.0,0.46,424.0,0.58,521.0,0.61,20.0,0.57,461.0,0.62,382.0,0.56,454.0,0.63,331.0,0.55,518.65,0.64,454.0,0.54,424.0,0.65,349.0
2026-01-07 03:45:31.831000+00:00,2026-01-07 03:45:29.152838+00:00,31.831,0.385,0.38,0.39,0.615,0.61,0.62,115.0,136.11,111.11,115.0,0.37,82.0,0.4,401.0,0.36,164.0,0.41,745.0,0.35,344.0,0.42,437.0,0.34,339.0,0.43,449.0,0.33,460.0,0.44,454.0,0.6,401.0,0.63,82.0,0.59,745.0,0.64,164.0,0.58,437.0,0.65,344.0,0.57,449.0,0.66,339.0,0.56,454.0,0.67,460.0
2026-01-07 03:45:32.846000+00:00,2026-01-07 03:45:30.159168+00:00,32.846,0.385,0.38,0.39,0.615,0.61,0.62,115.0,20.0,35.0,115.0,0.37,204.0,0.4,401.0,0.36,468.0,0.41,710.0,0.35,344.0,0.42,437.0,0.34,344.0,0.43,449.0,0.33,389.0,0.44,454.0,0.6,218.0,0.63,265.0,0.59,710.0,0.64,468.0,0.58,437.0,0.65,344.0,0.57,449.0,0.66,344.0,0.56,459.0,0.67,389.0
2026-01-07 03:45:33.843000+00:00,2026-01-07 03:45:31.157998+00:00,33.843,0.365,0.36,0.37,0.635,0.63,0.64,100.0,20.0,20.0,70.0,0.35,60.0,0.38,323.0,0.34,455.0,0.39,389.0,0.33,354.0,0.4,343.0,0.32,364.0,0.41,454.0,0.31,475.0,0.42,447.0,0.62,323.0,0.65,60.0,0.61,389.0,0.66,450.0,0.6,343.0,0.67,354.0,0.59,454.0,0.68,364.0,0.58,447.0,0.69,475.0
2026-01-07 03:45:34.812000+00:00,2026-01-07 03:45:32.165071+00:00,34.812,0.365,0.36,0.37,0.635,0.63,0.64,50.0,259.72,234.72,50.0,0.35,100.0,0.38,405.0,0.34,443.0,0.39,362.0,0.33,361.0,0.4,368.0,0.32,588.0,0.41,454.0,0.31,399.0,0.42,452.0,0.62,405.0,0.65,222.0,0.61,362.0,0.66,443.0,0.6,368.0,0.67,361.0,0.59,454.0,0.68,588.0,0.58,452.0,0.69,399.0
2026-01-07 03:45:35.828000+00:00,2026-01-07 03:45:33.171710+00:00,35.828,0.365,0.36,0.37,0.635,0.63,0.64,7.84,129.72,144.72,5.0,0.35,344.0,0.38,237.0,0.34,389.0,0.39,164.0,0.33,349.0,0.4,368.0,0.32,588.0,0.41,454.0,0.31,344.0,0.42,452.0,0.62,359.0,0.65,359.0,0.61,286.0,0.66,389.0,0.6,489.0,0.67,349.0,0.59,454.0,0.68,588.0,0.58,494.0,0.69,344.0
2026-01-07 03:45:36.874000+00:00,2026-01-07 03:45:34.181238+00:00,36.874,0.365,0.36,0.37,0.635,0.63,0.64,80.0,424.0,412.0,120.0,0.35,70.0,0.38,418.0,0.34,255.0,0.39,348.0,0.33,336.0,0.4,474.0,0.32,588.0,0.41,454.0,0.31,344.0,0.42,459.0,0.62,442.0,0.65,313.0,0.61,348.0,0.66,377.0,0.6,474.0,0.67,324.0,0.59,454.0,0.68,588.0,0.58,459.0,0.69,344.0
2026-01-07 03:45:37.864000+00:00,2026-01-07 03:45:35.186366+00:00,37.864,0.355,0.35,0.36,0.645,0.64,0.65,272.0,75.0,75.0,266.96,0.34,331.0,0.37,436.0,0.33,336.0,0.38,392.0,0.32,588.0,0.39,348.0,0.31,344.0,0.4,474.0,0.3,462.32,0.41,454.0,0.63,433.0,0.66,331.0,0.62,380.0,0.67,336.0,0.61,348.0,0.68,588.0,0.6,474.0,0.69,344.0,0.59,454.0,0.7,462.32
2026-01-07 03:45:38.831000+00:00,2026-01-07 03:45:36.193012+00:00,38.831,0.355,0.35,0.36,0.645,0.64,0.65,261.96,75.0,71.94,261.96,0.34,319.0,0.37,484.0,0.33,348.0,0.38,161.0,0.32,583.0,0.39,348.0,0.31,339.0,0.4,353.0,0.3,462.32,0.41,454.0,0.63,484.0,0.66,319.0,0.62,161.0,0.67,348.0,0.61,348.0,0.68,583.0,0.6,353.0,0.69,339.0,0.59,454.0,0.7,457.32
2026-01-07 03:45:39.844000+00:00,2026-01-07 03:45:37.200535+00:00,39.844,0.355,0.35,0.36,0.645,0.64,0.65,261.96,80.0,80.0,261.96,0.34,319.0,0.37,484.0,0.33,348.0,0.38,161.0,0.32,583.0,0.39,348.0,0.31,414.0,0.4,353.0,0.3,467.32,0.41,454.0,0.63,484.0,0.66,307.0,0.62,161.0,0.67,348.0,0.61,348.0,0.68,583.0,0.6,353.0,0.69,414.0,0.59,459.0,0.7,467.32
2026-01-07 03:45:40.891000+00:00,2026-01-07 03:45:38.204231+00:00,40.891,0.355,0.35,0.36,0.635,0.63,0.64,94.96,70.0,294.0,351.0,0.34,216.0,0.37,354.0,0.33,360.0,0.38,369.0,0.32,598.0,0.39,298.0,0.31,414.0,0.4,489.0,0.3,467.32,0.41,424.0,0.62,312.0,0.65,356.96,0.61,379.0,0.66,289.0,0.6,489.0,0.67,349.0,0.59,459.0,0.68,598.0,0.58,494.0,0.69,414.0
2026-01-07 03:45:41.867000+00:00,2026-01-07 03:45:39.211571+00:00,41.867,0.395,0.39,0.4,0.605,0.6,0.61,196.0,150.0,150.0,196.0,0.38,384.0,0.41,79.0,0.37,419.0,0.42,228.0,0.36,458.0,0.43,262.0,0.35,390.96,0.44,484.0,0.34,633.0,0.45,475.16,0.59,79.0,0.62,384.0,0.58,228.0,0.63,419.0,0.57,262.0,0.64,458.0,0.56,489.0,0.65,390.96,0.55,480.16,0.66,633.0
2026-01-07 03:45:42.870000+00:00,2026-01-07 03:45:40.218178+00:00,42.87,0.39,0.38,0.4,0.61,0.6,0.62,360.0,108.0,108.0,360.0,0.37,411.0,0.41,67.0,0.36,359.0,0.42,252.0,0.35,383.96,0.43,318.0,0.34,638.0,0.44,484.0,0.33,424.0,0.45,480.16,0.59,91.0,0.63,411.0,0.58,252.0,0.64,359.0,0.57,318.0,0.65,378.96,0.56,484.0,0.66,633.0,0.55,475.16,0.67,419.0
2026-01-07 03:45:43.939000+00:00,2026-01-07 03:45:41.246346+00:00,43.939,0.39,0.38,0.4,0.615,0.61,0.62,360.0,108.0,80.0,280.0,0.37,411.0,0.41,91.0,0.36,359.0,0.42,252.0,0.35,378.96,0.43,313.0,0.34,633.0,0.44,484.0,0.33,429.0,0.45,475.16,0.6,85.0,0.63,386.0,0.59,106.0,0.64,374.0,0.58,237.0,0.65,378.96,0.57,313.0,0.66,633.0,0.56,484.0,0.67,444.0
2026-01-07 03:45:44.947000+00:00,2026-01-07 03:45:42.250322+00:00,44.947,0.38,0.37,0.39,0.62,0.61,0.63,435.0,373.0,190.0,435.0,0.36,367.0,0.4,544.0,0.35,363.96,0.41,401.0,0.34,563.0,0.42,459.0,0.33,434.0,0.43,458.0,0.32,507.0,0.44,404.0,0.6,361.0,0.64,367.0,0.59,218.0,0.65,363.96,0.58,338.0,0.66,563.0,0.57,337.0,0.67,434.0,0.56,404.0,0.68,429.0
2026-01-07 03:45:45.699000+00:00,2026-01-07 03:45:43.272855+00:00,45.699,0.385,0.38,0.39,0.615,0.61,0.62,183.0,205.0,205.0,183.0,0.37,456.0,0.4,376.0,0.36,413.0,0.41,198.0,0.35,393.96,0.42,338.0,0.34,563.0,0.43,337.0,0.33,419.0,0.44,449.0,0.6,361.0,0.63,456.0,0.59,213.0,0.64,416.0,0.58,338.0,0.65,378.96,0.57,337.0,0.66,563.0,0.56,449.0,0.67,419.0
2026-01-07 03:45:46.943000+00:00,2026-01-07 03:45:44.282735+00:00,46.943,0.385,0.38,0.39,0.615,0.61,0.62,183.0,187.43,187.43,183.0,0.37,461.0,0.4,376.0,0.36,408.0,0.41,198.0,0.35,393.96,0.42,343.0,0.34,568.0,0.43,337.0,0.33,424.0,0.44,449.0,0.6,376.0,0.63,461.0,0.59,198.0,0.64,408.0,0.58,343.0,0.65,393.96,0.57,337.0,0.66,568.0,0.56,449.0,0.67,424.0
2026-01-07 03:45:47.816000+00:00,2026-01-07 03:45:45.292040+00:00,47.816,0.385,0.38,0.39,0.615,0.61,0.62,183.0,227.43,550.43,183.0,0.37,357.0,0.4,534.0,0.36,455.0,0.41,284.0,0.35,405.96,0.42,488.0,0.34,568.0,0.43,477.0,0.33,424.0,0.44,409.0,0.6,298.0,0.63,345.0,0.59,284.0,0.64,455.0,0.58,483.0,0.65,417.96,0.57,477.0,0.66,568.0,0.56,409.0,0.67,354.0
2026-01-07 03:45:49+00:00,2026-01-07 03:45:46.302861+00:00,49.0,0.37,0.36,0.38,0.63,0.62,0.64,472.0,225.0,225.0,422.0,0.35,441.96,0.39,586.0,0.34,568.0,0.4,335.0,0.33,354.0,0.41,345.0,0.32,434.0,0.42,447.0,0.31,374.0,0.43,477.0,0.61,598.0,0.65,441.96,0.6,347.0,0.66,568.0,0.59,369.0,0.67,354.0,0.58,447.0,0.68,434.0,0.57,477.0,0.69,374.0
2026-01-07 03:45:50.009000+00:00,2026-01-07 03:45:47.309297+00:00,50.009,0.375,0.37,0.38,0.625,0.62,0.63,80.0,145.0,140.0,167.0,0.36,432.0,0.39,628.0,0.35,441.96,0.4,347.0,0.34,568.0,0.41,369.0,0.33,354.0,0.42,447.0,0.32,434.0,0.43,434.0,0.61,517.0,0.64,426.0,0.6,343.0,0.65,363.96,0.59,372.0,0.66,568.0,0.58,459.0,0.67,354.0,0.57,458.0,0.68,434.0
2026-01-07 03:45:51.993000+00:00,2026-01-07 03:45:49.351912+00:00,51.993,0.435,0.43,0.44,0.565,0.56,0.57,39.0,318.0,318.0,5.0,0.42,298.0,0.45,302.16,0.41,376.56,0.46,209.0,0.4,408.0,0.47,441.0,0.39,471.0,0.48,484.0,0.38,404.0,0.49,414.0,0.55,363.16,0.58,120.0,0.54,270.0,0.59,72.56,0.53,441.0,0.6,408.0,0.52,484.0,0.61,471.0,0.51,414.0,0.62,404.0
2026-01-07 03:45:53.999000+00:00,2026-01-07 03:45:51.377799+00:00,53.999,0.425,0.42,0.43,0.575,0.57,0.58,247.0,83.0,95.0,35.0,0.41,456.56,0.44,386.0,0.4,399.0,0.45,300.16,0.39,384.0,0.46,400.0,0.38,384.0,0.47,477.0,0.37,404.0,0.48,491.5,0.56,556.0,0.59,22.56,0.55,440.16,0.6,419.0,0.54,434.0,0.61,471.0,0.53,511.0,0.62,466.0,0.52,421.5,0.63,404.0
2026-01-07 03:45:55.068000+00:00,2026-01-07 03:45:52.386350+00:00,55.068,0.425,0.42,0.43,0.575,0.57,0.58,35.0,66.66,76.66,35.0,0.41,27.56,0.44,544.0,0.4,419.0,0.45,452.16,0.39,483.0,0.46,439.0,0.38,466.0,0.47,511.0,0.37,404.0,0.48,421.5,0.56,544.0,0.59,27.56,0.55,452.16,0.6,419.0,0.54,439.0,0.61,483.0,0.53,511.0,0.62,471.0,0.52,421.5,0.63,404.0
2026-01-07 03:45:56.031000+00:00,2026-01-07 03:45:53.393585+00:00,56.031,0.425,0.42,0.43,0.575,0.57,0.58,35.0,146.66,146.66,35.0,0.41,39.56,0.44,532.0,0.4,491.0,0.45,428.16,0.39,411.0,0.46,499.0,0.38,688.0,0.47,511.0,0.37,409.0,0.48,421.5,0.56,532.0,0.59,39.56,0.55,428.16,0.6,491.0,0.54,499.0,0.61,411.0,0.53,511.0,0.62,688.0,0.52,426.5,0.63,409.0
2026-01-07 03:45:57.070000+00:00,2026-01-07 03:45:54.397666+00:00,57.07,0.425,0.42,0.43,0.575,0.57,0.58,35.0,138.66,138.66,83.0,0.41,143.56,0.44,517.0,0.4,216.0,0.45,419.16,0.39,384.0,0.46,463.0,0.38,683.0,0.47,511.0,0.37,409.0,0.48,426.5,0.56,517.0,0.59,155.56,0.55,419.16,0.6,216.0,0.54,463.0,0.61,384.0,0.53,571.0,0.62,683.0,0.52,426.5,0.63,409.0
2026-01-07 03:45:58.085000+00:00,2026-01-07 03:45:55.405029+00:00,58.085,0.425,0.42,0.43,0.575,0.57,0.58,48.0,173.66,173.66,48.0,0.41,145.56,0.44,527.0,0.4,216.0,0.45,419.16,0.39,359.0,0.46,488.0,0.38,678.0,0.47,571.0,0.37,439.0,0.48,386.5,0.56,542.0,0.59,145.56,0.55,404.16,0.6,216.0,0.54,488.0,0.61,359.0,0.53,571.0,0.62,678.0,0.52,386.5,0.63,439.0
2026-01-07 03:45:59.099000+00:00,2026-01-07 03:45:56.408646+00:00,59.099,0.415,0.41,0.42,0.585,0.58,0.59,298.56,85.0,85.0,468.56,0.4,335.0,0.43,105.0,0.39,374.0,0.44,379.0,0.38,683.0,0.45,416.16,0.37,444.0,0.46,491.0,0.36,439.0,0.47,524.0,0.57,105.0,0.6,384.0,0.56,379.0,0.61,374.0,0.55,404.16,0.62,683.0,0.54,370.0,0.63,444.0,0.53,476.0,0.64,439.0
2026-01-07 03:46:00.109000+00:00,2026-01-07 03:45:57.434443+00:00,60.109,0.435,0.43,0.44,0.565,0.56,0.57,174.0,304.0,234.0,235.0,0.42,217.0,0.45,256.16,0.41,391.56,0.46,150.0,0.4,399.0,0.47,355.0,0.39,384.0,0.48,498.5,0.38,683.0,0.49,467.0,0.55,256.16,0.58,205.0,0.54,150.0,0.59,391.56,0.53,355.0,0.6,469.0,0.52,510.5,0.61,454.0,0.51,455.0,0.62,683.0
2026-01-07 03:46:01.139000+00:00,2026-01-07 03:45:58.440273+00:00,61.139,0.435,0.43,0.44,0.565,0.56,0.57,245.0,219.0,219.0,245.0,0.42,201.0,0.45,71.16,0.41,466.56,0.46,102.0,0.4,419.0,0.47,275.0,0.39,454.0,0.48,477.5,0.38,424.0,0.49,468.0,0.55,71.16,0.58,223.0,0.54,125.0,0.59,481.56,0.53,248.0,0.6,454.0,0.52,501.5,0.61,454.0,0.51,455.0,0.62,424.0
2026-01-07 03:46:02.105000+00:00,2026-01-07 03:45:59.464182+00:00,62.105,0.455,0.45,0.46,0.545,0.54,0.55,214.84,10.0,10.0,275.84,0.44,270.09,0.47,140.0,0.43,354.0,0.48,37.5,0.42,379.0,0.49,230.0,0.41,481.56,0.5,423.88,0.4,678.0,0.51,423.0,0.53,140.0,0.56,270.09,0.52,37.5,0.57,354.0,0.51,230.0,0.58,379.0,0.5,423.88,0.59,481.56,0.49,411.0,0.6,683.0
2026-01-07 03:46:03.161000+00:00,2026-01-07 03:46:00.470120+00:00,63.161,0.455,0.45,0.46,0.535,0.53,0.54,471.84,30.0,25.0,112.44,0.44,456.0,0.47,25.0,0.43,374.0,0.48,12.5,0.42,593.0,0.49,127.0,0.41,466.56,0.5,27.0,0.4,439.0,0.51,264.0,0.52,12.5,0.55,476.84,0.51,115.0,0.56,444.0,0.5,27.0,0.57,374.0,0.49,228.0,0.58,593.0,0.48,376.0,0.59,466.56
2026-01-07 03:46:04.166000+00:00,2026-01-07 03:46:01.477008+00:00,64.166,0.475,0.47,0.48,0.525,0.52,0.53,383.09,241.5,241.5,364.4,0.46,253.44,0.49,35.0,0.45,361.84,0.5,90.0,0.44,464.0,0.51,208.0,0.43,349.0,0.52,386.0,0.42,369.0,0.53,399.0,0.51,35.0,0.54,268.44,0.5,197.0,0.55,361.84,0.49,269.0,0.56,464.0,0.48,386.0,0.57,349.0,0.47,399.0,0.58,369.0
2026-01-07 03:46:05.145000+00:00,2026-01-07 03:46:02.485404+00:00,65.145,0.475,0.47,0.48,0.525,0.52,0.53,389.4,139.5,139.5,341.4,0.46,253.44,0.49,35.0,0.45,376.84,0.5,156.0,0.44,454.0,0.51,138.0,0.43,369.0,0.52,386.0,0.42,374.0,0.53,404.0,0.51,35.0,0.54,289.44,0.5,180.0,0.55,349.84,0.49,126.0,0.56,481.0,0.48,434.0,0.57,369.0,0.47,344.0,0.58,374.0
2026-01-07 03:46:06.168000+00:00,2026-01-07 03:46:03.492235+00:00,66.168,0.485,0.48,0.49,0.515,0.51,0.52,608.0,183.0,61.0,633.5,0.47,447.49,0.5,61.0,0.46,456.44,0.51,236.0,0.45,469.84,0.52,675.0,0.44,454.0,0.53,412.0,0.43,412.0,0.54,744.0,0.49,54.0,0.53,447.49,0.48,554.0,0.54,444.44,0.47,412.0,0.55,469.84,0.46,744.0,0.56,511.0,0.45,359.0,0.57,354.0
2026-01-07 03:46:07.186000+00:00,2026-01-07 03:46:04.515028+00:00,67.186,0.505,0.5,0.51,0.495,0.49,0.5,288.6,54.0,42.0,288.6,0.49,278.0,0.52,383.0,0.48,458.5,0.53,81.0,0.47,501.49,0.54,633.0,0.46,444.44,0.55,359.0,0.45,406.84,0.56,414.0,0.48,395.0,0.51,278.0,0.47,81.0,0.52,458.5,0.46,633.0,0.53,516.49,0.45,359.0,0.54,668.44,0.44,414.0,0.55,391.84
2026-01-07 03:46:08.201000+00:00,2026-01-07 03:46:05.521700+00:00,68.201,0.505,0.5,0.51,0.495,0.49,0.5,285.6,55.0,20.0,328.44,0.49,293.0,0.52,290.0,0.48,511.5,0.53,144.0,0.47,453.49,0.54,778.0,0.46,680.44,0.55,359.0,0.45,379.84,0.56,371.0,0.48,279.0,0.51,362.0,0.47,131.0,0.52,444.0,0.46,763.0,0.53,455.49,0.45,398.0,0.54,444.44,0.44,406.0,0.55,379.84
2026-01-07 03:46:09.151000+00:00,2026-01-07 03:46:06.526833+00:00,69.151,0.505,0.5,0.51,0.495,0.49,0.5,268.98,15.0,15.0,268.98,0.49,408.0,0.52,303.0,0.48,463.0,0.53,102.0,0.47,455.49,0.54,807.0,0.46,444.44,0.55,359.0,0.45,379.84,0.56,344.0,0.48,303.0,0.51,408.0,0.47,102.0,0.52,463.0,0.46,807.0,0.53,455.49,0.45,359.0,0.54,444.44,0.44,344.0,0.55,379.84
2026-01-07 03:46:10.232000+00:00,2026-01-07 03:46:07.530450+00:00,70.232,0.505,0.5,0.51,0.495,0.49,0.5,383.98,1.03,1.03,383.98,0.49,432.0,0.52,279.0,0.48,444.0,0.53,126.0,0.47,455.49,0.54,838.0,0.46,444.44,0.55,468.0,0.45,374.84,0.56,419.0,0.48,279.0,0.51,432.0,0.47,126.0,0.52,444.0,0.46,838.0,0.53,455.49,0.45,468.0,0.54,444.44,0.44,419.0,0.55,430.84
2026-01-07 03:46:11.227000+00:00,2026-01-07 03:46:08.537857+00:00,71.227,0.505,0.5,0.51,0.485,0.48,0.49,477.98,1.03,20.0,200.97,0.49,444.0,0.52,20.0,0.48,690.0,0.53,35.0,0.47,463.49,0.54,526.0,0.46,444.44,0.55,398.0,0.45,395.84,0.56,438.0,0.47,35.0,0.5,437.98,0.46,526.0,0.51,444.0,0.45,398.0,0.52,690.0,0.44,438.0,0.53,463.49,0.43,419.0,0.54,444.44
2026-01-07 03:46:12.236000+00:00,2026-01-07 03:46:09.543736+00:00,72.236,0.515,0.51,0.52,0.485,0.48,0.49,321.97,20.0,20.0,388.97,0.5,417.98,0.53,35.0,0.49,444.0,0.54,526.0,0.48,690.0,0.55,378.0,0.47,473.49,0.56,448.0,0.46,444.44,0.57,419.0,0.46,435.0,0.5,426.98,0.45,553.0,0.51,469.0,0.44,419.0,0.52,454.0,0.43,419.0,0.53,473.49,0.42,434.0,0.54,424.44
2026-01-07 03:46:13.229000+00:00,2026-01-07 03:46:10.551668+00:00,73.229,0.535,0.53,0.54,0.46499999999999997,0.46,0.47,262.45,435.0,435.0,277.45,0.52,238.0,0.55,273.0,0.51,355.97,0.56,431.0,0.5,441.98,0.57,460.0,0.49,469.0,0.58,421.0,0.48,464.0,0.59,494.0,0.45,273.0,0.48,238.0,0.44,431.0,0.49,355.97,0.43,460.0,0.5,441.98,0.42,421.0,0.51,469.0,0.41,494.0,0.52,469.0
2026-01-07 03:46:14.173000+00:00,2026-01-07 03:46:11.572218+00:00,74.173,0.535,0.53,0.54,0.46499999999999997,0.46,0.47,277.45,435.0,435.0,277.45,0.52,238.0,0.55,273.0,0.51,355.97,0.56,202.0,0.5,426.98,0.57,460.0,0.49,469.0,0.58,421.0,0.48,469.0,0.59,494.0,0.45,273.0,0.48,238.0,0.44,202.0,0.49,355.97,0.43,460.0,0.5,426.98,0.42,421.0,0.51,469.0,0.41,494.0,0.52,469.0
2026-01-07 03:46:15.255000+00:00,2026-01-07 03:46:12.579450+00:00,75.255,0.535,0.53,0.54,0.46499999999999997,0.46,0.47,347.45,257.62,257.62,347.45,0.52,297.0,0.55,274.0,0.51,454.97,0.56,51.0,0.5,663.98,0.57,236.0,0.49,474.0,0.58,445.0,0.48,484.0,0.59,551.0,0.45,274.0,0.48,297.0,0.44,51.0,0.49,454.97,0.43,236.0,0.5,663.98,0.42,445.0,0.51,469.0,0.41,551.0,0.52,490.25
2026-01-07 03:46:16.255000+00:00,2026-01-07 03:46:13.573894+00:00,76.255,0.535,0.53,0.54,0.46499999999999997,0.46,0.47,439.06,196.62,196.62,439.06,0.52,304.0,0.55,274.0,0.51,454.97,0.56,39.0,0.5,663.98,0.57,268.05,0.49,494.0,0.58,433.0,0.48,542.25,0.59,551.0,0.45,274.0,0.48,309.0,0.44,39.0,0.49,454.97,0.43,256.05,0.5,663.98,0.42,433.0,0.51,494.0,0.41,556.0,0.52,542.25
2026-01-07 03:46:17.245000+00:00,2026-01-07 03:46:14.582220+00:00,77.245,0.535,0.53,0.54,0.445,0.44,0.45,391.06,196.62,71.0,119.81,0.52,453.0,0.55,15.0,0.51,467.97,0.56,71.0,0.5,451.98,0.57,110.05,0.49,494.0,0.58,116.0,0.48,492.25,0.59,474.0,0.43,130.05,0.46,15.0,0.42,116.0,0.47,353.0,0.41,474.0,0.48,453.0,0.4,749.0,0.49,467.97,0.39,454.0,0.5,451.98
2026-01-07 03:46:18.285000+00:00,2026-01-07 03:46:15.605755+00:00,78.285,0.555,0.55,0.56,0.445,0.44,0.45,230.81,40.0,35.0,225.81,0.54,99.0,0.57,130.05,0.53,348.0,0.58,104.0,0.52,396.0,0.59,563.0,0.51,467.97,0.6,768.0,0.5,439.98,0.61,449.0,0.43,130.05,0.46,104.0,0.42,104.0,0.47,348.0,0.41,563.0,0.48,396.0,0.4,768.0,0.49,467.97,0.39,513.0,0.5,439.98
2026-01-07 03:46:19.202000+00:00,2026-01-07 03:46:16.611179+00:00,79.202,0.555,0.55,0.56,0.445,0.44,0.45,70.0,22.82,22.82,70.0,0.54,149.0,0.57,130.05,0.53,323.0,0.58,104.0,0.52,421.0,0.59,563.0,0.51,457.97,0.6,768.0,0.5,444.98,0.61,518.0,0.43,130.05,0.46,149.0,0.42,104.0,0.47,323.0,0.41,563.0,0.48,421.0,0.4,768.0,0.49,457.97,0.39,518.0,0.5,444.98
2026-01-07 03:46:20.152000+00:00,2026-01-07 03:46:17.617565+00:00,80.152,0.555,0.55,0.56,0.445,0.44,0.45,70.0,42.82,42.82,70.0,0.54,134.0,0.57,130.05,0.53,338.0,0.58,174.0,0.52,426.0,0.59,563.0,0.51,457.97,0.6,773.0,0.5,444.98,0.61,518.0,0.43,130.05,0.46,149.0,0.42,174.0,0.47,348.0,0.41,563.0,0.48,416.0,0.4,773.0,0.49,457.97,0.39,518.0,0.5,444.98
2026-01-07 03:46:21.282000+00:00,2026-01-07 03:46:18.607895+00:00,81.282,0.555,0.55,0.56,0.445,0.44,0.45,70.55,20.0,55.0,70.55,0.54,149.0,0.57,120.05,0.53,333.0,0.58,139.0,0.52,421.0,0.59,563.0,0.51,681.97,0.6,768.0,0.5,464.98,0.61,518.0,0.43,118.05,0.46,149.0,0.42,186.0,0.47,333.0,0.41,563.0,0.48,421.0,0.4,768.0,0.49,681.97,0.39,518.0,0.5,464.98
2026-01-07 03:46:22.210000+00:00,2026-01-07 03:46:19.615901+00:00,82.21,0.555,0.55,0.56,0.445,0.44,0.45,150.55,55.0,35.0,180.55,0.54,204.0,0.57,232.0,0.53,333.0,0.58,429.0,0.52,421.0,0.59,563.0,0.51,681.97,0.6,768.0,0.5,464.98,0.61,518.0,0.43,193.0,0.46,156.0,0.42,541.85,0.47,140.0,0.41,551.0,0.48,288.0,0.4,768.0,0.49,681.97,0.39,518.0,0.5,464.98
2026-01-07 03:46:23.255000+00:00,2026-01-07 03:46:20.620556+00:00,83.255,0.555,0.55,0.56,0.445,0.44,0.45,195.55,35.0,35.0,195.55,0.54,144.0,0.57,308.0,0.53,152.0,0.58,466.0,0.52,288.0,0.59,551.0,0.51,681.97,0.6,780.0,0.5,464.98,0.61,518.0,0.43,308.0,0.46,144.0,0.42,478.0,0.47,152.0,0.41,551.0,0.48,288.0,0.4,792.0,0.49,681.97,0.39,518.0,0.5,464.98
2026-01-07 03:46:24.159000+00:00,2026-01-07 03:46:21.626997+00:00,84.159,0.555,0.55,0.56,0.445,0.44,0.45,135.55,35.0,35.0,135.55,0.54,192.0,0.57,320.0,0.53,152.0,0.58,478.0,0.52,310.0,0.59,575.0,0.51,681.97,0.6,756.0,0.5,469.98,0.61,518.0,0.43,320.0,0.46,192.0,0.42,478.0,0.47,152.0,0.41,575.0,0.48,310.0,0.4,756.0,0.49,681.97,0.39,518.0,0.5,469.98
2026-01-07 03:46:25.241000+00:00,2026-01-07 03:46:22.631957+00:00,85.241,0.555,0.55,0.56,0.435,0.43,0.44,135.55,35.0,183.0,300.0,0.54,207.0,0.57,320.0,0.53,152.0,0.58,702.0,0.52,305.0,0.59,575.0,0.51,681.97,0.6,756.0,0.5,464.98,0.61,518.0,0.42,374.0,0.45,297.55,0.41,419.0,0.46,216.0,0.4,651.0,0.47,165.0,0.39,443.0,0.48,283.0,0.38,526.0,0.49,422.97
2026-01-07 03:46:26.331000+00:00,2026-01-07 03:46:23.641590+00:00,86.331,0.595,0.59,0.6,0.405,0.4,0.41,213.0,275.0,275.0,233.0,0.58,278.0,0.61,192.0,0.57,310.0,0.62,385.85,0.56,466.0,0.63,473.0,0.55,461.55,0.64,414.0,0.54,373.0,0.65,419.0,0.39,192.0,0.42,278.0,0.38,385.85,0.43,310.0,0.37,473.0,0.44,486.0,0.36,414.0,0.45,461.55,0.35,419.0,0.46,373.0
2026-01-07 03:46:27.347000+00:00,2026-01-07 03:46:24.649447+00:00,87.347,0.595,0.59,0.6,0.405,0.4,0.41,161.0,260.0,260.0,141.0,0.58,311.0,0.61,47.0,0.57,274.0,0.62,142.85,0.56,501.0,0.63,453.0,0.55,454.55,0.64,441.0,0.54,449.0,0.65,424.0,0.39,47.0,0.42,316.0,0.38,142.85,0.43,274.0,0.37,465.0,0.44,501.0,0.36,441.0,0.45,454.55,0.35,424.0,0.46,449.0
2026-01-07 03:46:28.316000+00:00,2026-01-07 03:46:25.674435+00:00,88.316,0.595,0.59,0.6,0.405,0.4,0.41,161.0,260.0,260.0,161.0,0.58,335.0,0.61,35.0,0.57,255.0,0.62,154.85,0.56,486.0,0.63,453.0,0.55,469.55,0.64,453.0,0.54,449.0,0.65,424.0,0.39,35.0,0.42,335.0,0.38,154.85,0.43,270.0,0.37,453.0,0.44,486.0,0.36,453.0,0.45,464.55,0.35,424.0,0.46,439.0
2026-01-07 03:46:29.358000+00:00,2026-01-07 03:46:26.680356+00:00,89.358,0.595,0.59,0.6,0.395,0.39,0.4,177.9,37.4,35.0,88.6,0.58,322.0,0.61,35.0,0.57,363.0,0.62,51.0,0.56,486.0,0.63,594.0,0.55,454.55,0.64,453.0,0.54,450.0,0.65,489.0,0.38,159.85,0.41,157.9,0.37,646.0,0.42,322.0,0.36,453.0,0.43,363.0,0.35,489.0,0.44,486.0,0.34,523.0,0.45,449.55
2026-01-07 03:46:30.381000+00:00,2026-01-07 03:46:27.687562+00:00,90.381,0.625,0.62,0.63,0.375,0.37,0.38,110.0,441.0,259.0,147.0,0.61,242.0,0.64,497.85,0.6,113.6,0.65,419.0,0.59,157.9,0.66,499.0,0.58,454.0,0.67,506.0,0.57,683.0,0.68,469.0,0.36,422.85,0.39,179.0,0.35,446.0,0.4,155.6,0.34,582.0,0.41,167.9,0.33,530.0,0.42,454.0,0.32,481.0,0.43,683.0
2026-01-07 03:46:31.383000+00:00,2026-01-07 03:46:28.694501+00:00,91.383,0.625,0.62,0.63,0.375,0.37,0.38,10.0,379.0,379.0,10.0,0.61,270.0,0.64,94.0,0.6,236.6,0.65,434.0,0.59,179.9,0.66,520.0,0.58,454.0,0.67,494.0,0.57,683.0,0.68,469.0,0.36,109.0,0.39,270.0,0.35,419.0,0.4,221.6,0.34,594.0,0.41,194.9,0.33,494.0,0.42,454.0,0.32,469.0,0.43,683.0
2026-01-07 03:46:32.390000+00:00,2026-01-07 03:46:29.699798+00:00,92.39,0.615,0.61,0.62,0.385,0.38,0.39,265.0,20.0,10.0,265.0,0.6,275.6,0.63,384.0,0.59,197.9,0.64,91.0,0.58,471.0,0.65,434.0,0.57,688.0,0.66,594.0,0.56,444.0,0.67,494.0,0.37,394.0,0.4,285.6,0.36,91.0,0.41,187.9,0.35,444.0,0.42,471.0,0.34,606.0,0.43,683.0,0.33,494.0,0.44,444.0
2026-01-07 03:46:33.414000+00:00,2026-01-07 03:46:30.721118+00:00,93.414,0.62,0.61,0.63,0.38,0.37,0.39,323.0,396.0,396.0,323.0,0.6,248.6,0.64,94.0,0.59,236.9,0.65,453.0,0.58,471.0,0.66,594.0,0.57,683.0,0.67,494.0,0.56,444.0,0.68,474.0,0.36,94.0,0.4,248.6,0.35,453.0,0.41,236.9,0.34,594.0,0.42,471.0,0.33,494.0,0.43,683.0,0.32,474.0,0.44,444.0
2026-01-07 03:46:34.344000+00:00,2026-01-07 03:46:31.725545+00:00,94.344,0.62,0.61,0.63,0.38,0.37,0.39,323.0,396.0,381.0,338.0,0.6,258.6,0.64,94.0,0.59,226.9,0.65,453.0,0.58,471.0,0.66,599.0,0.57,459.0,0.67,494.0,0.56,444.0,0.68,454.0,0.36,109.0,0.4,243.6,0.35,524.0,0.41,226.9,0.34,525.0,0.42,471.0,0.33,494.0,0.43,459.0,0.32,454.0,0.44,444.0
2026-01-07 03:46:35.391000+00:00,2026-01-07 03:46:32.731545+00:00,95.391,0.615,0.61,0.62,0.385,0.38,0.39,57.79,20.0,25.0,52.79,0.6,272.6,0.63,364.0,0.59,209.9,0.64,106.0,0.58,459.0,0.65,585.0,0.57,459.0,0.66,532.0,0.56,444.0,0.67,506.0,0.37,364.0,0.4,272.6,0.36,106.0,0.41,209.9,0.35,585.0,0.42,459.0,0.34,532.0,0.43,454.0,0.33,506.0,0.44,444.0
2026-01-07 03:46:36.403000+00:00,2026-01-07 03:46:33.738681+00:00,96.403,0.615,0.61,0.62,0.385,0.38,0.39,120.41,15.0,15.0,120.41,0.6,287.6,0.63,384.0,0.59,199.9,0.64,91.0,0.58,464.0,0.65,585.0,0.57,459.0,0.66,532.0,0.56,444.0,0.67,506.0,0.37,384.0,0.4,292.6,0.36,91.0,0.41,199.9,0.35,585.0,0.42,464.0,0.34,532.0,0.43,459.0,0.33,511.0,0.44,444.0
2026-01-07 03:46:37.442000+00:00,2026-01-07 03:46:34.763354+00:00,97.442,0.615,0.61,0.62,0.385,0.38,0.39,132.0,30.0,30.0,132.0,0.6,200.6,0.63,254.0,0.59,192.9,0.64,368.0,0.58,474.0,0.65,550.0,0.57,459.0,0.66,496.0,0.56,444.0,0.67,611.0,0.37,254.0,0.4,177.0,0.36,429.0,0.41,192.9,0.35,550.0,0.42,353.0,0.34,496.0,0.43,459.0,0.33,606.0,0.44,439.0
2026-01-07 03:46:38.448000+00:00,2026-01-07 03:46:35.771280+00:00,98.448,0.615,0.61,0.62,0.385,0.38,0.39,237.0,25.0,25.0,212.0,0.6,162.0,0.63,249.0,0.59,192.9,0.64,429.0,0.58,577.0,0.65,523.0,0.57,459.0,0.66,511.0,0.56,444.0,0.67,618.0,0.37,249.0,0.4,162.0,0.36,429.0,0.41,192.9,0.35,523.0,0.42,577.0,0.34,511.0,0.43,459.0,0.33,623.0,0.44,444.0
2026-01-07 03:46:39.481000+00:00,2026-01-07 03:46:36.792055+00:00,99.481,0.64,0.63,0.65,0.36,0.35,0.37,307.0,165.0,150.0,307.0,0.62,392.57,0.66,188.0,0.61,330.0,0.67,280.0,0.6,479.0,0.68,545.0,0.59,537.9,0.69,431.0,0.58,424.0,0.7,379.0,0.34,188.0,0.38,392.57,0.33,280.0,0.39,330.0,0.32,467.0,0.4,479.0,0.31,512.0,0.41,542.9,0.3,379.0,0.42,429.0
2026-01-07 03:46:40.474000+00:00,2026-01-07 03:46:37.800548+00:00,100.474,0.64,0.63,0.65,0.36,0.35,0.37,302.0,120.0,120.0,302.0,0.62,382.57,0.66,237.0,0.61,330.0,0.67,243.0,0.6,479.0,0.68,528.0,0.59,542.9,0.69,431.0,0.58,429.0,0.7,419.0,0.34,237.0,0.38,392.57,0.33,243.0,0.39,330.0,0.32,528.0,0.4,479.0,0.31,431.0,0.41,542.9,0.3,419.0,0.42,429.0
2026-01-07 03:46:41.468000+00:00,2026-01-07 03:46:38.802639+00:00,101.468,0.65,0.64,0.66,0.35,0.34,0.36,61.14,319.0,295.0,61.14,0.63,277.0,0.67,365.0,0.62,392.57,0.68,438.0,0.61,345.0,0.69,512.0,0.6,464.0,0.7,419.0,0.59,542.9,0.71,333.0,0.33,377.0,0.37,313.0,0.32,450.0,0.38,356.57,0.31,512.0,0.39,345.0,0.3,419.0,0.4,464.0,0.29,333.0,0.41,542.9
2026-01-07 03:46:42.509000+00:00,2026-01-07 03:46:39.813410+00:00,102.509,0.65,0.64,0.66,0.35,0.34,0.36,51.14,319.0,319.0,51.14,0.63,162.0,0.67,414.0,0.62,404.57,0.68,520.0,0.61,345.0,0.69,582.0,0.6,363.0,0.7,489.0,0.59,542.9,0.71,333.0,0.33,414.0,0.37,162.0,0.32,520.0,0.38,404.57,0.31,582.0,0.39,345.0,0.3,489.0,0.4,363.0,0.29,328.0,0.41,542.9
2026-01-07 03:46:43.504000+00:00,2026-01-07 03:46:40.820271+00:00,103.504,0.655,0.65,0.66,0.335,0.33,0.34,126.0,111.0,450.0,15.0,0.64,220.0,0.67,633.0,0.63,294.0,0.68,450.0,0.62,576.57,0.69,441.0,0.61,439.0,0.7,520.0,0.6,479.0,0.71,496.0,0.32,267.0,0.35,126.0,0.31,441.0,0.36,225.0,0.3,520.0,0.37,355.0,0.29,496.0,0.38,576.57,0.28,353.0,0.39,439.0
2026-01-07 03:46:44.502000+00:00,2026-01-07 03:46:41.840267+00:00,104.502,0.66,0.65,0.67,0.33999999999999997,0.33,0.35,40.37,505.0,505.0,66.37,0.64,332.0,0.68,217.0,0.63,343.0,0.69,429.0,0.62,576.57,0.7,508.0,0.61,439.0,0.71,496.0,0.6,479.0,0.72,419.0,0.32,217.0,0.36,356.0,0.31,441.0,0.37,355.0,0.3,520.0,0.38,581.57,0.29,496.0,0.39,444.0,0.28,419.0,0.4,479.0
2026-01-07 03:46:45.543000+00:00,2026-01-07 03:46:42.847046+00:00,105.543,0.655,0.65,0.66,0.345,0.34,0.35,30.0,10.0,45.0,30.0,0.64,60.0,0.67,470.0,0.63,45.0,0.68,219.0,0.62,418.94,0.69,448.5,0.61,444.0,0.7,508.0,0.6,479.0,0.71,461.0,0.33,480.0,0.36,65.0,0.32,254.0,0.37,40.0,0.31,448.5,0.38,418.94,0.3,508.0,0.39,444.0,0.29,461.0,0.4,479.0
2026-01-07 03:46:46.550000+00:00,2026-01-07 03:46:43.868157+00:00,106.55,0.655,0.65,0.66,0.345,0.34,0.35,20.0,39.12,5.0,20.0,0.64,65.0,0.67,562.0,0.63,62.0,0.68,413.0,0.62,420.94,0.69,576.5,0.61,374.0,0.7,496.0,0.6,451.0,0.71,449.0,0.33,552.0,0.36,65.0,0.32,364.0,0.37,37.0,0.31,576.5,0.38,410.94,0.3,496.0,0.39,374.0,0.29,449.0,0.4,451.0
2026-01-07 03:46:47.565000+00:00,2026-01-07 03:46:44.874707+00:00,107.565,0.665,0.66,0.67,0.335,0.33,0.34,97.5,190.0,131.0,211.5,0.65,25.0,0.68,338.0,0.64,57.0,0.69,596.5,0.63,84.0,0.7,569.0,0.62,440.94,0.71,499.0,0.61,381.0,0.72,535.0,0.32,351.0,0.35,213.0,0.31,957.5,0.36,55.0,0.3,541.0,0.37,245.0,0.29,499.0,0.38,330.94,0.28,484.0,0.39,374.0
2026-01-07 03:46:48.550000+00:00,2026-01-07 03:46:45.879436+00:00,108.55,0.675,0.67,0.68,0.325,0.32,0.33,58.0,66.59,66.59,50.0,0.66,280.5,0.69,665.5,0.65,237.0,0.7,536.0,0.64,104.0,0.71,569.0,0.63,193.0,0.72,489.0,0.62,327.94,0.73,547.0,0.31,665.5,0.34,270.5,0.3,536.0,0.35,247.0,0.29,569.0,0.36,92.0,0.28,489.0,0.37,193.0,0.27,547.0,0.38,327.94
2026-01-07 03:46:49.470000+00:00,2026-01-07 03:46:46.889658+00:00,109.47,0.675,0.67,0.68,0.325,0.32,0.33,65.0,30.59,24.71,65.0,0.66,64.5,0.69,701.5,0.65,296.0,0.7,536.0,0.64,55.0,0.71,569.0,0.63,205.0,0.72,494.0,0.62,315.94,0.73,547.0,0.31,701.5,0.34,64.5,0.3,536.0,0.35,261.0,0.29,569.0,0.36,45.0,0.28,494.0,0.37,205.0,0.27,547.0,0.38,315.94
2026-01-07 03:46:50.593000+00:00,2026-01-07 03:46:47.895766+00:00,110.593,0.685,0.68,0.69,0.315,0.31,0.32,73.0,527.5,527.5,90.0,0.67,89.0,0.7,653.0,0.66,126.0,0.71,566.0,0.65,213.0,0.72,504.0,0.64,104.0,0.73,484.0,0.63,221.0,0.74,348.0,0.3,569.0,0.33,96.0,0.29,568.0,0.34,102.0,0.28,516.0,0.35,252.0,0.27,484.0,0.36,85.0,0.26,348.0,0.37,226.0
2026-01-07 03:46:51.627000+00:00,2026-01-07 03:46:48.917750+00:00,111.627,0.685,0.68,0.69,0.315,0.31,0.32,78.83,193.0,251.0,73.83,0.67,79.0,0.7,453.0,0.66,324.0,0.71,601.0,0.65,265.0,0.72,559.0,0.64,504.0,0.73,554.0,0.63,334.0,0.74,605.0,0.3,441.0,0.33,60.0,0.29,589.0,0.34,312.0,0.28,559.0,0.35,289.0,0.27,554.0,0.36,516.0,0.26,605.0,0.37,334.0
2026-01-07 03:46:52.615000+00:00,2026-01-07 03:46:49.919394+00:00,112.615,0.655,0.65,0.66,0.345,0.34,0.35,40.0,48.66,42.78,40.0,0.64,318.0,0.67,309.8,0.63,36.0,0.68,610.5,0.62,206.94,0.69,499.0,0.61,301.0,0.7,728.0,0.6,334.0,0.71,529.0,0.33,344.8,0.36,353.0,0.32,605.5,0.37,46.0,0.31,514.0,0.38,206.94,0.3,763.0,0.39,306.0,0.29,529.0,0.4,369.0
2026-01-07 03:46:53.583000+00:00,2026-01-07 03:46:50.925305+00:00,113.583,0.655,0.65,0.66,0.345,0.34,0.35,44.2,224.0,194.0,44.2,0.64,329.0,0.67,423.0,0.63,46.0,0.68,514.0,0.62,213.94,0.69,499.0,0.61,313.0,0.7,763.0,0.6,374.0,0.71,529.0,0.33,423.0,0.36,329.0,0.32,514.0,0.37,34.0,0.31,499.0,0.38,189.94,0.3,763.0,0.39,313.0,0.29,529.0,0.4,369.0
2026-01-07 03:46:54.621000+00:00,2026-01-07 03:46:51.930672+00:00,114.621,0.665,0.66,0.67,0.335,0.33,0.34,90.0,40.0,105.0,90.0,0.65,56.7,0.68,483.0,0.64,552.0,0.69,554.0,0.63,193.0,0.7,763.0,0.62,253.94,0.71,534.0,0.61,374.0,0.72,454.0,0.32,558.0,0.35,56.7,0.31,544.0,0.36,552.0,0.3,703.0,0.37,233.0,0.29,534.0,0.38,213.94,0.28,454.0,0.39,374.0
2026-01-07 03:46:55.641000+00:00,2026-01-07 03:46:52.934477+00:00,115.641,0.665,0.66,0.67,0.335,0.33,0.34,47.43,1105.72,1175.72,32.43,0.65,96.7,0.68,402.0,0.64,515.0,0.69,543.55,0.63,230.0,0.7,703.0,0.62,246.94,0.71,534.0,0.61,386.0,0.72,454.0,0.32,517.0,0.35,96.7,0.31,404.0,0.36,515.0,0.3,703.0,0.37,230.0,0.29,534.0,0.38,246.94,0.28,454.0,0.39,386.0
2026-01-07 03:46:56.625000+00:00,2026-01-07 03:46:53.938791+00:00,116.625,0.655,0.65,0.66,0.345,0.34,0.35,15.0,43.0,465.0,15.0,0.64,469.0,0.67,1353.55,0.63,281.0,0.68,536.0,0.62,154.94,0.69,404.0,0.61,398.0,0.7,464.0,0.6,376.0,0.71,499.0,0.33,1582.55,0.36,248.0,0.32,698.0,0.37,266.0,0.31,419.0,0.38,164.94,0.3,464.0,0.39,393.0,0.29,499.0,0.4,411.0
2026-01-07 03:46:57.561000+00:00,2026-01-07 03:46:54.930173+00:00,117.561,0.645,0.64,0.65,0.355,0.35,0.36,60.0,364.0,364.0,80.0,0.63,83.0,0.66,518.0,0.62,31.57,0.67,1655.55,0.61,123.0,0.68,698.0,0.6,265.0,0.69,419.0,0.59,112.9,0.7,464.0,0.34,542.0,0.37,47.0,0.33,1583.55,0.38,71.57,0.32,698.0,0.39,70.0,0.31,419.0,0.4,265.0,0.3,464.0,0.41,112.9
2026-01-07 03:46:58.595000+00:00,2026-01-07 03:46:55.935859+00:00,118.595,0.645,0.64,0.65,0.355,0.35,0.36,80.0,381.37,381.37,80.0,0.63,47.0,0.66,566.0,0.62,95.57,0.67,1593.55,0.61,82.0,0.68,698.0,0.6,277.0,0.69,419.0,0.59,112.9,0.7,454.0,0.34,566.0,0.37,47.0,0.33,1593.55,0.38,95.57,0.32,698.0,0.39,82.0,0.31,419.0,0.4,277.0,0.3,454.0,0.41,112.9
2026-01-07 03:46:59.543000+00:00,2026-01-07 03:46:56.958869+00:00,119.543,0.645,0.64,0.65,0.355,0.35,0.36,80.0,396.37,396.37,80.0,0.63,47.0,0.66,551.0,0.62,55.57,0.67,1593.55,0.61,123.0,0.68,698.0,0.6,277.0,0.69,419.0,0.59,112.9,0.7,454.0,0.34,551.0,0.37,47.0,0.33,1593.55,0.38,55.57,0.32,698.0,0.39,123.0,0.31,419.0,0.4,282.0,0.3,454.0,0.41,112.9
2026-01-07 03:47:00.649000+00:00,2026-01-07 03:46:57.967447+00:00,120.649,0.635,0.63,0.64,0.365,0.36,0.37,80.0,114.0,114.0,80.0,0.62,64.57,0.65,317.55,0.61,528.0,0.66,524.0,0.6,301.0,0.67,1499.0,0.59,260.9,0.68,678.0,0.58,358.0,0.69,404.0,0.35,317.55,0.38,64.57,0.34,524.0,0.39,528.0,0.33,1499.0,0.4,301.0,0.32,678.0,0.41,260.9,0.31,404.0,0.42,358.0
2026-01-07 03:47:01.660000+00:00,2026-01-07 03:46:58.975341+00:00,121.66,0.645,0.64,0.65,0.355,0.35,0.36,45.0,259.0,126.0,147.0,0.63,80.0,0.66,657.0,0.62,125.57,0.67,1514.0,0.61,496.0,0.68,678.0,0.6,275.0,0.69,409.0,0.59,245.9,0.7,459.0,0.34,489.0,0.37,201.0,0.33,1631.55,0.38,211.57,0.32,748.0,0.39,275.0,0.31,424.0,0.4,423.0,0.3,459.0,0.41,198.9
2026-01-07 03:47:02.695000+00:00,2026-01-07 03:46:59.996642+00:00,122.695,0.625,0.62,0.63,0.375,0.37,0.38,60.57,180.55,355.55,60.57,0.6,58.59,0.64,650.2,0.59,42.56,0.65,509.0,0.58,492.0,0.66,454.0,0.57,464.0,0.67,1454.0,0.56,468.0,0.68,454.0,0.36,560.2,0.4,23.59,0.35,509.0,0.41,5.0,0.34,528.0,0.42,253.0,0.33,1454.0,0.43,351.0,0.32,419.0,0.44,507.0
2026-01-07 03:47:03.694000+00:00,2026-01-07 03:47:01.000515+00:00,123.694,0.575,0.57,0.58,0.425,0.42,0.43,12.56,474.55,458.2,12.56,0.55,189.8,0.59,432.0,0.54,462.0,0.6,370.41,0.53,456.0,0.61,454.0,0.52,466.0,0.62,524.0,0.51,412.97,0.63,372.0,0.41,369.0,0.45,69.8,0.4,440.41,0.46,50.0,0.39,524.0,0.47,486.0,0.38,524.0,0.48,421.0,0.37,317.0,0.49,412.97
2026-01-07 03:47:04.682000+00:00,2026-01-07 03:47:02.007836+00:00,124.682,0.545,0.54,0.55,0.455,0.45,0.46,105.0,88.89,83.89,178.0,0.53,133.0,0.56,178.0,0.52,47.0,0.57,504.44,0.51,424.97,0.58,361.65,0.5,461.98,0.59,379.0,0.49,384.0,0.6,450.41,0.44,308.0,0.47,97.0,0.43,371.44,0.48,59.0,0.42,405.65,0.49,412.97,0.41,403.0,0.5,449.98,0.4,450.41,0.51,396.0
2026-01-07 03:47:05.750000+00:00,2026-01-07 03:47:03.030865+00:00,125.75,0.545,0.54,0.55,0.455,0.45,0.46,153.0,78.89,78.89,129.0,0.53,97.0,0.56,308.0,0.52,74.0,0.57,445.44,0.51,412.97,0.58,405.65,0.5,454.98,0.59,379.0,0.49,401.0,0.6,445.41,0.44,332.0,0.47,121.0,0.43,445.44,0.48,62.0,0.42,357.65,0.49,424.97,0.41,379.0,0.5,454.98,0.4,445.41,0.51,389.0
2026-01-07 03:47:06.697000+00:00,2026-01-07 03:47:04.036324+00:00,126.697,0.545,0.54,0.55,0.455,0.45,0.46,110.0,10.0,10.0,110.0,0.53,94.0,0.56,237.0,0.52,390.0,0.57,339.44,0.51,424.97,0.58,277.65,0.5,416.98,0.59,519.0,0.49,435.0,0.6,515.41,0.44,237.0,0.47,94.0,0.43,374.44,0.48,390.0,0.42,372.65,0.49,424.97,0.41,494.0,0.5,416.98,0.4,445.41,0.51,435.0
2026-01-07 03:47:07.697000+00:00,2026-01-07 03:47:05.041395+00:00,127.697,0.545,0.54,0.55,0.455,0.45,0.46,115.0,142.0,142.0,115.0,0.53,333.0,0.56,362.0,0.52,375.0,0.57,359.44,0.51,424.97,0.58,307.65,0.5,416.98,0.59,434.0,0.49,435.0,0.6,445.41,0.44,362.0,0.47,333.0,0.43,359.44,0.48,375.0,0.42,307.65,0.49,424.97,0.41,434.0,0.5,416.98,0.4,445.41,0.51,435.0
2026-01-07 03:47:08.718000+00:00,2026-01-07 03:47:06.045526+00:00,128.718,0.545,0.54,0.55,0.455,0.45,0.46,149.66,137.0,137.0,149.66,0.53,333.0,0.56,165.0,0.52,351.0,0.57,468.44,0.51,439.97,0.58,365.65,0.5,404.98,0.59,424.0,0.49,435.0,0.6,445.41,0.44,290.0,0.47,353.0,0.43,383.44,0.48,351.0,0.42,365.65,0.49,439.97,0.41,424.0,0.5,404.98,0.4,445.41,0.51,435.0
2026-01-07 03:47:09.738000+00:00,2026-01-07 03:47:07.050473+00:00,129.738,0.545,0.54,0.55,0.455,0.45,0.46,60.0,497.0,497.0,60.0,0.53,314.0,0.56,305.0,0.52,392.0,0.57,506.44,0.51,454.97,0.58,398.65,0.5,428.98,0.59,673.0,0.49,384.0,0.6,445.41,0.44,305.0,0.47,314.0,0.43,506.44,0.48,392.0,0.42,398.65,0.49,454.97,0.41,673.0,0.5,404.98,0.4,445.41,0.51,396.0
2026-01-07 03:47:10.736000+00:00,2026-01-07 03:47:08.057768+00:00,130.736,0.545,0.54,0.55,0.455,0.45,0.46,30.0,565.0,565.0,30.0,0.53,319.0,0.56,439.0,0.52,71.0,0.57,491.44,0.51,164.0,0.58,388.65,0.5,399.98,0.59,673.0,0.49,403.0,0.6,440.41,0.44,439.0,0.47,319.0,0.43,491.44,0.48,71.0,0.42,388.65,0.49,164.0,0.41,673.0,0.5,399.98,0.4,440.41,0.51,403.0
2026-01-07 03:47:11.740000+00:00,2026-01-07 03:47:09.065263+00:00,131.74,0.545,0.54,0.55,0.455,0.45,0.46,5.0,516.0,501.0,5.0,0.53,344.0,0.56,393.0,0.52,73.0,0.57,501.44,0.51,122.0,0.58,413.65,0.5,428.98,0.59,449.0,0.49,419.0,0.6,445.41,0.44,393.0,0.47,344.0,0.43,501.44,0.48,73.0,0.42,413.65,0.49,122.0,0.41,449.0,0.5,428.98,0.4,445.41,0.51,419.0
2026-01-07 03:47:12.750000+00:00,2026-01-07 03:47:10.071223+00:00,132.75,0.545,0.54,0.55,0.455,0.45,0.46,5.0,479.0,659.0,15.0,0.53,344.0,0.56,463.0,0.52,195.0,0.57,501.44,0.51,365.0,0.58,413.65,0.5,428.98,0.59,449.0,0.49,419.0,0.6,445.41,0.44,514.0,0.47,30.0,0.43,511.44,0.48,122.0,0.42,413.65,0.49,578.0,0.41,449.0,0.5,473.98,0.4,410.41,0.51,399.0
2026-01-07 03:47:13.755000+00:00,2026-01-07 03:47:11.077848+00:00,133.755,0.485,0.48,0.49,0.515,0.51,0.52,61.25,82.0,87.0,71.25,0.47,153.0,0.5,182.0,0.46,248.0,0.51,166.55,0.45,323.84,0.52,164.0,0.44,436.0,0.53,534.0,0.43,274.0,0.54,748.0,0.5,157.0,0.53,178.0,0.49,202.55,0.54,223.0,0.48,250.0,0.55,358.84,0.47,534.0,0.56,471.0,0.46,748.0,0.57,309.0
2026-01-07 03:47:14.782000+00:00,2026-01-07 03:47:12.082558+00:00,134.782,0.49,0.48,0.5,0.51,0.5,0.52,365.25,353.0,350.14,365.25,0.47,410.0,0.51,202.55,0.46,394.0,0.52,253.0,0.45,358.84,0.53,529.0,0.44,471.0,0.54,753.0,0.43,314.0,0.55,419.0,0.49,202.55,0.53,410.0,0.48,253.0,0.54,394.0,0.47,529.0,0.55,358.84,0.46,753.0,0.56,471.0,0.45,424.0,0.57,314.0
2026-01-07 03:47:15.763000+00:00,2026-01-07 03:47:13.086201+00:00,135.763,0.485,0.48,0.49,0.515,0.51,0.52,63.25,121.0,121.0,80.25,0.47,108.0,0.5,345.14,0.46,206.0,0.51,214.55,0.45,358.84,0.52,253.0,0.44,471.0,0.53,529.0,0.43,314.0,0.54,753.0,0.5,215.14,0.53,67.0,0.49,260.55,0.54,206.0,0.48,253.0,0.55,334.84,0.47,529.0,0.56,471.0,0.46,753.0,0.57,314.0
2026-01-07 03:47:16.790000+00:00,2026-01-07 03:47:14.104926+00:00,136.79,0.485,0.48,0.49,0.515,0.51,0.52,87.25,182.0,172.0,87.25,0.47,79.0,0.5,345.14,0.46,206.0,0.51,299.55,0.45,358.84,0.52,338.0,0.44,471.0,0.53,519.0,0.43,314.0,0.54,683.0,0.5,345.14,0.53,79.0,0.49,299.55,0.54,206.0,0.48,343.0,0.55,358.84,0.47,524.0,0.56,471.0,0.46,683.0,0.57,314.0
2026-01-07 03:47:17.803000+00:00,2026-01-07 03:47:15.112974+00:00,137.803,0.485,0.48,0.49,0.515,0.51,0.52,51.25,242.0,242.0,51.25,0.47,327.0,0.5,509.14,0.46,218.0,0.51,345.55,0.45,358.84,0.52,273.0,0.44,471.0,0.53,454.0,0.43,314.0,0.54,459.0,0.5,509.14,0.53,327.0,0.49,345.55,0.54,218.0,0.48,273.0,0.55,358.84,0.47,454.0,0.56,471.0,0.46,459.0,0.57,314.0
2026-01-07 03:47:18.810000+00:00,2026-01-07 03:47:16.119573+00:00,138.81,0.485,0.48,0.49,0.515,0.51,0.52,166.25,140.0,140.0,166.25,0.47,380.0,0.5,180.0,0.46,401.0,0.51,285.55,0.45,346.84,0.52,342.0,0.44,471.0,0.53,353.0,0.43,326.0,0.54,459.0,0.5,180.0,0.53,380.0,0.49,285.55,0.54,401.0,0.48,342.0,0.55,346.84,0.47,353.0,0.56,471.0,0.46,464.0,0.57,326.0
2026-01-07 03:47:19.777000+00:00,2026-01-07 03:47:17.127445+00:00,139.777,0.485,0.48,0.49,0.505,0.5,0.51,135.25,55.79,293.0,45.0,0.47,406.0,0.5,293.0,0.46,414.0,0.51,369.55,0.45,358.84,0.52,273.0,0.44,471.0,0.53,459.0,0.43,279.0,0.54,459.0,0.49,369.55,0.52,135.25,0.48,273.0,0.53,406.0,0.47,459.0,0.54,231.0,0.46,459.0,0.55,358.84,0.45,419.0,0.56,471.0
2026-01-07 03:47:20.616000+00:00,2026-01-07 03:47:18.130290+00:00,140.616,0.495,0.49,0.5,0.505,0.5,0.51,43.3,363.0,363.0,43.3,0.48,135.25,0.51,369.55,0.47,406.0,0.52,273.0,0.46,231.0,0.53,464.0,0.45,358.84,0.54,454.0,0.44,471.0,0.55,419.0,0.49,369.55,0.52,135.25,0.48,273.0,0.53,406.0,0.47,464.0,0.54,231.0,0.46,454.0,0.55,358.84,0.45,419.0,0.56,471.0
2026-01-07 03:47:21.825000+00:00,2026-01-07 03:47:19.154327+00:00,141.825,0.495,0.49,0.5,0.505,0.5,0.51,60.0,378.0,493.0,10.0,0.48,130.25,0.51,354.55,0.47,406.0,0.52,251.0,0.46,231.0,0.53,469.0,0.45,358.84,0.54,678.0,0.44,471.0,0.55,419.0,0.49,311.55,0.52,135.25,0.48,251.0,0.53,406.0,0.47,469.0,0.54,231.0,0.46,678.0,0.55,358.84,0.45,419.0,0.56,471.0
2026-01-07 03:47:22.825000+00:00,2026-01-07 03:47:20.158771+00:00,142.825,0.495,0.49,0.5,0.505,0.5,0.51,15.0,351.0,310.0,15.0,0.48,106.25,0.51,300.55,0.47,403.0,0.52,206.0,0.46,441.0,0.53,469.0,0.45,346.84,0.54,678.0,0.44,426.0,0.55,454.0,0.49,285.55,0.52,106.25,0.48,221.0,0.53,418.0,0.47,469.0,0.54,426.0,0.46,678.0,0.55,346.84,0.45,454.0,0.56,426.0
2026-01-07 03:47:23.857000+00:00,2026-01-07 03:47:21.165352+00:00,143.857,0.505,0.5,0.51,0.495,0.49,0.5,100.0,20.0,20.0,100.0,0.49,394.13,0.52,242.0,0.48,461.25,0.53,437.0,0.47,339.0,0.54,647.0,0.46,438.0,0.55,454.0,0.45,299.84,0.56,439.0,0.48,242.0,0.51,394.13,0.47,437.0,0.52,461.25,0.46,647.0,0.53,339.0,0.45,454.0,0.54,438.0,0.44,439.0,0.55,355.84
2026-01-07 03:47:24.750000+00:00,2026-01-07 03:47:22.171009+00:00,144.75,0.505,0.5,0.51,0.495,0.49,0.5,85.0,20.0,20.0,85.0,0.49,389.13,0.52,242.0,0.48,461.25,0.53,259.0,0.47,339.0,0.54,647.0,0.46,438.0,0.55,454.0,0.45,299.84,0.56,439.0,0.48,230.0,0.51,389.13,0.47,259.0,0.52,461.25,0.46,647.0,0.53,339.0,0.45,454.0,0.54,438.0,0.44,439.0,0.55,299.84
2026-01-07 03:47:25.754000+00:00,2026-01-07 03:47:23.175199+00:00,145.754,0.505,0.5,0.51,0.495,0.49,0.5,186.0,20.0,20.0,308.0,0.49,453.13,0.52,218.0,0.48,397.25,0.53,268.0,0.47,351.0,0.54,647.0,0.46,426.0,0.55,454.0,0.45,390.84,0.56,439.0,0.48,218.0,0.51,453.13,0.47,268.0,0.52,397.25,0.46,647.0,0.53,351.0,0.45,454.0,0.54,426.0,0.44,439.0,0.55,390.84
2026-01-07 03:47:26.854000+00:00,2026-01-07 03:47:24.181794+00:00,146.854,0.505,0.5,0.51,0.495,0.49,0.5,417.0,20.0,20.0,417.0,0.49,405.13,0.52,40.0,0.48,409.25,0.53,348.0,0.47,339.0,0.54,500.0,0.46,414.0,0.55,333.0,0.45,390.84,0.56,439.0,0.48,40.0,0.51,417.13,0.47,348.0,0.52,409.25,0.46,507.0,0.53,339.0,0.45,333.0,0.54,414.0,0.44,439.0,0.55,402.84
2026-01-07 03:47:27.867000+00:00,2026-01-07 03:47:25.185527+00:00,147.867,0.505,0.5,0.51,0.495,0.49,0.5,410.0,160.0,160.0,106.0,0.49,641.13,0.52,110.0,0.48,409.25,0.53,397.0,0.47,344.0,0.54,535.0,0.46,414.0,0.55,454.0,0.45,390.84,0.56,439.0,0.48,110.0,0.51,337.13,0.47,470.0,0.52,409.25,0.46,596.0,0.53,344.0,0.45,454.0,0.54,414.0,0.44,439.0,0.55,390.84
2026-01-07 03:47:28.808000+00:00,2026-01-07 03:47:26.190895+00:00,148.808,0.525,0.52,0.53,0.475,0.47,0.48,199.0,198.0,15.0,206.0,0.51,75.0,0.54,183.0,0.5,662.0,0.55,374.0,0.49,294.13,0.56,474.0,0.48,509.25,0.57,531.44,0.47,379.0,0.58,405.65,0.45,35.0,0.49,79.0,0.44,145.0,0.5,677.0,0.43,434.44,0.51,329.13,0.42,390.65,0.52,422.25,0.41,434.0,0.53,309.0
2026-01-07 03:47:29.841000+00:00,2026-01-07 03:47:27.213889+00:00,149.841,0.535,0.53,0.54,0.505,0.5,0.51,61.0,590.55,328.43,6.13,0.51,58.97,0.55,459.0,0.49,6.13,0.56,454.0,0.48,315.25,0.57,454.0,0.47,186.0,0.58,499.0,0.46,171.0,0.59,419.0,0.49,63.03,0.52,330.25,0.48,232.0,0.53,201.0,0.47,231.0,0.54,204.0,0.46,454.0,0.55,346.84,0.45,454.0,0.56,471.0
2026-01-07 03:47:30.902000+00:00,2026-01-07 03:47:28.220139+00:00,150.902,0.495,0.49,0.5,0.505,0.5,0.51,6.13,435.43,398.07,6.13,0.48,285.25,0.51,179.03,0.47,176.0,0.52,358.0,0.46,219.0,0.53,422.0,0.45,346.84,0.54,479.0,0.44,483.0,0.55,459.0,0.49,179.03,0.52,285.25,0.48,358.0,0.53,176.0,0.47,422.0,0.54,219.0,0.46,479.0,0.55,346.84,0.45,459.0,0.56,483.0
2026-01-07 03:47:31.914000+00:00,2026-01-07 03:47:29.225252+00:00,151.914,0.485,0.48,0.49,0.515,0.51,0.52,282.55,120.0,125.0,282.55,0.47,212.0,0.5,315.64,0.46,195.0,0.51,264.03,0.45,334.84,0.52,388.0,0.44,495.0,0.53,332.0,0.43,279.0,0.54,479.0,0.5,289.64,0.53,234.0,0.49,264.03,0.54,183.0,0.48,388.0,0.55,259.84,0.47,332.0,0.56,438.0,0.46,474.0,0.57,279.0
2026-01-07 03:47:32.912000+00:00,2026-01-07 03:47:30.232797+00:00,152.912,0.485,0.48,0.49,0.515,0.51,0.52,287.55,120.0,160.0,287.55,0.47,246.0,0.5,282.64,0.46,183.0,0.51,310.03,0.45,271.84,0.52,388.0,0.44,414.0,0.53,332.0,0.43,337.0,0.54,474.0,0.5,294.64,0.53,246.0,0.49,310.03,0.54,183.0,0.48,400.0,0.55,271.84,0.47,332.0,0.56,414.0,0.46,474.0,0.57,337.0
2026-01-07 03:47:33.928000+00:00,2026-01-07 03:47:31.239677+00:00,153.928,0.485,0.48,0.49,0.515,0.51,0.52,287.55,195.0,200.0,287.55,0.47,246.0,0.5,417.64,0.46,183.0,0.51,300.03,0.45,271.84,0.52,332.0,0.44,414.0,0.53,342.0,0.43,279.0,0.54,698.0,0.5,417.64,0.53,246.0,0.49,300.03,0.54,183.0,0.48,332.0,0.55,271.84,0.47,342.0,0.56,414.0,0.46,698.0,0.57,337.0
2026-01-07 03:47:34.829000+00:00,2026-01-07 03:47:32.261537+00:00,154.829,0.485,0.48,0.49,0.515,0.51,0.52,282.55,403.0,403.0,282.55,0.47,150.0,0.5,437.64,0.46,183.0,0.51,285.03,0.45,168.0,0.52,332.0,0.44,414.0,0.53,342.0,0.43,279.0,0.54,678.0,0.5,437.64,0.53,150.0,0.49,285.03,0.54,183.0,0.48,332.0,0.55,168.0,0.47,342.0,0.56,414.0,0.46,678.0,0.57,279.0
2026-01-07 03:47:35.787000+00:00,2026-01-07 03:47:33.281738+00:00,155.787,0.485,0.48,0.49,0.515,0.51,0.52,277.55,498.0,483.0,277.55,0.47,155.0,0.5,367.64,0.46,183.0,0.51,285.03,0.45,168.0,0.52,332.0,0.44,414.0,0.53,347.0,0.43,279.0,0.54,678.0,0.5,367.64,0.53,155.0,0.49,285.03,0.54,183.0,0.48,332.0,0.55,168.0,0.47,347.0,0.56,414.0,0.46,678.0,0.57,279.0
2026-01-07 03:47:36.921000+00:00,2026-01-07 03:47:34.289371+00:00,156.921,0.485,0.48,0.49,0.515,0.51,0.52,53.55,493.0,493.0,53.55,0.47,143.0,0.5,403.64,0.46,195.0,0.51,256.03,0.45,168.0,0.52,320.0,0.44,414.0,0.53,342.0,0.43,279.0,0.54,454.0,0.5,403.64,0.53,143.0,0.49,256.03,0.54,195.0,0.48,320.0,0.55,168.0,0.47,342.0,0.56,414.0,0.46,454.0,0.57,279.0
2026-01-07 03:47:37.968000+00:00,2026-01-07 03:47:35.296844+00:00,157.968,0.48,0.47,0.49,0.52,0.51,0.53,156.0,205.0,205.0,144.0,0.46,167.0,0.5,453.64,0.45,354.0,0.51,216.03,0.44,426.0,0.52,355.0,0.43,314.0,0.53,332.0,0.42,369.0,0.54,454.0,0.5,438.64,0.54,194.0,0.49,243.03,0.55,339.0,0.48,343.0,0.56,426.0,0.47,332.0,0.57,314.0,0.46,454.0,0.58,309.0
2026-01-07 03:47:38.981000+00:00,2026-01-07 03:47:36.302883+00:00,158.981,0.475,0.47,0.48,0.525,0.52,0.53,185.0,140.0,140.0,185.0,0.46,158.0,0.49,75.0,0.45,351.0,0.5,436.64,0.44,414.0,0.51,291.03,0.43,372.0,0.52,355.0,0.42,326.0,0.53,349.0,0.51,75.0,0.54,158.0,0.5,436.64,0.55,351.0,0.49,291.03,0.56,414.0,0.48,355.0,0.57,372.0,0.47,349.0,0.58,326.0
2026-01-07 03:47:39.721000+00:00,2026-01-07 03:47:37.307900+00:00,159.721,0.475,0.47,0.48,0.525,0.52,0.53,120.0,160.0,160.0,120.0,0.46,211.0,0.49,82.0,0.45,351.0,0.5,496.64,0.44,426.0,0.51,243.03,0.43,372.0,0.52,343.0,0.42,314.0,0.53,337.0,0.51,82.0,0.54,211.0,0.5,496.64,0.55,351.0,0.49,243.03,0.56,426.0,0.48,343.0,0.57,372.0,0.47,337.0,0.58,314.0
2026-01-07 03:47:40.927000+00:00,2026-01-07 03:47:38.322246+00:00,160.927,0.475,0.47,0.48,0.525,0.52,0.53,120.0,145.0,145.0,120.0,0.46,211.0,0.49,265.0,0.45,351.0,0.5,496.64,0.44,426.0,0.51,258.03,0.43,372.0,0.52,348.0,0.42,314.0,0.53,337.0,0.51,265.0,0.54,211.0,0.5,496.64,0.55,351.0,0.49,258.03,0.56,426.0,0.48,348.0,0.57,372.0,0.47,337.0,0.58,314.0
2026-01-07 03:47:41.935000+00:00,2026-01-07 03:47:39.326802+00:00,161.935,0.475,0.47,0.48,0.525,0.52,0.53,120.0,145.0,135.0,135.0,0.46,241.0,0.49,265.0,0.45,351.0,0.5,496.64,0.44,426.0,0.51,258.03,0.43,372.0,0.52,343.0,0.42,314.0,0.53,337.0,0.51,265.0,0.54,226.0,0.5,496.64,0.55,351.0,0.49,243.03,0.56,426.0,0.48,358.0,0.57,372.0,0.47,337.0,0.58,314.0
2026-01-07 03:47:43.937000+00:00,2026-01-07 03:47:41.339328+00:00,163.937,0.485,0.48,0.49,0.515,0.51,0.52,283.0,70.0,70.0,333.0,0.47,472.81,0.5,95.0,0.46,414.0,0.51,250.0,0.45,421.0,0.52,210.0,0.44,541.0,0.53,262.0,0.43,344.0,0.54,333.0,0.5,95.0,0.53,472.81,0.49,250.0,0.54,414.0,0.48,200.0,0.55,421.0,0.47,262.0,0.56,541.0,0.46,333.0,0.57,344.0
2026-01-07 03:47:45.015000+00:00,2026-01-07 03:47:42.346798+00:00,165.015,0.485,0.48,0.49,0.515,0.51,0.52,421.0,70.0,70.0,471.0,0.47,472.81,0.5,95.0,0.46,414.0,0.51,291.0,0.45,421.0,0.52,176.0,0.44,541.0,0.53,250.0,0.43,349.0,0.54,338.0,0.5,95.0,0.53,472.81,0.49,291.0,0.54,414.0,0.48,152.0,0.55,421.0,0.47,250.0,0.56,541.0,0.46,338.0,0.57,349.0
2026-01-07 03:47:46.799000+00:00,2026-01-07 03:47:44.362788+00:00,166.799,0.485,0.48,0.49,0.515,0.51,0.52,386.45,70.0,70.0,396.45,0.47,501.81,0.5,107.0,0.46,409.0,0.51,295.0,0.45,477.0,0.52,164.0,0.44,484.0,0.53,226.0,0.43,349.0,0.54,338.0,0.5,107.0,0.53,501.81,0.49,295.0,0.54,409.0,0.48,164.0,0.55,477.0,0.47,226.0,0.56,484.0,0.46,338.0,0.57,349.0
2026-01-07 03:47:47.877000+00:00,2026-01-07 03:47:45.367489+00:00,167.877,0.485,0.48,0.49,0.515,0.51,0.52,374.45,70.0,70.0,404.45,0.47,513.81,0.5,107.0,0.46,409.0,0.51,295.0,0.45,477.0,0.52,164.0,0.44,484.0,0.53,226.0,0.43,349.0,0.54,338.0,0.5,107.0,0.53,513.81,0.49,295.0,0.54,409.0,0.48,164.0,0.55,477.0,0.47,226.0,0.56,484.0,0.46,338.0,0.57,349.0
2026-01-07 03:47:48.851000+00:00,2026-01-07 03:47:46.374092+00:00,168.851,0.485,0.48,0.49,0.515,0.51,0.52,379.45,70.0,70.0,407.52,0.47,513.81,0.5,107.0,0.46,409.0,0.51,295.0,0.45,477.0,0.52,164.0,0.44,484.0,0.53,226.0,0.43,349.0,0.54,338.0,0.5,107.0,0.53,513.81,0.49,295.0,0.54,409.0,0.48,164.0,0.55,477.0,0.47,226.0,0.56,484.0,0.46,333.0,0.57,349.0
2026-01-07 03:47:50.042000+00:00,2026-01-07 03:47:47.375344+00:00,170.042,0.485,0.48,0.49,0.515,0.51,0.52,377.52,70.0,59.22,397.52,0.47,513.81,0.5,107.0,0.46,409.0,0.51,300.0,0.45,477.0,0.52,164.0,0.44,484.0,0.53,226.0,0.43,344.0,0.54,333.0,0.5,107.0,0.53,513.81,0.49,300.0,0.54,409.0,0.48,164.0,0.55,477.0,0.47,226.0,0.56,484.0,0.46,333.0,0.57,344.0
2026-01-07 03:47:51.931000+00:00,2026-01-07 03:47:49.380081+00:00,171.931,0.495,0.49,0.5,0.505,0.5,0.51,75.0,20.0,20.0,60.0,0.48,388.52,0.51,276.0,0.47,477.81,0.52,176.0,0.46,409.0,0.53,250.0,0.45,421.0,0.54,338.0,0.44,541.0,0.55,459.0,0.49,276.0,0.52,388.52,0.48,176.0,0.53,477.81,0.47,250.0,0.54,409.0,0.46,338.0,0.55,421.0,0.45,459.0,0.56,541.0
2026-01-07 03:47:53.994000+00:00,2026-01-07 03:47:51.407150+00:00,173.994,0.495,0.49,0.5,0.505,0.5,0.51,130.0,17.92,17.92,130.0,0.48,404.52,0.51,300.0,0.47,511.81,0.52,157.0,0.46,409.0,0.53,235.0,0.45,421.0,0.54,338.0,0.44,541.0,0.55,459.0,0.49,265.0,0.52,369.52,0.48,147.0,0.53,501.81,0.47,200.0,0.54,374.0,0.46,303.0,0.55,386.0,0.45,424.0,0.56,506.0
2026-01-07 03:47:54.793000+00:00,2026-01-07 03:47:52.411564+00:00,174.793,0.495,0.49,0.5,0.505,0.5,0.51,194.0,17.92,17.92,194.0,0.48,393.52,0.51,205.0,0.47,453.81,0.52,207.0,0.46,386.0,0.53,188.0,0.45,374.0,0.54,315.0,0.44,506.0,0.55,424.0,0.49,205.0,0.52,393.52,0.48,207.0,0.53,453.81,0.47,188.0,0.54,386.0,0.46,315.0,0.55,374.0,0.45,424.0,0.56,506.0
2026-01-07 03:47:56.126000+00:00,2026-01-07 03:47:53.432092+00:00,176.126,0.495,0.49,0.5,0.49,0.48,0.5,243.0,16.16,195.54,89.0,0.48,310.52,0.52,205.0,0.47,450.81,0.53,239.0,0.46,374.0,0.54,315.0,0.45,374.0,0.55,448.0,0.44,518.0,0.56,404.0,0.47,251.0,0.51,203.0,0.46,315.0,0.52,310.52,0.45,448.0,0.53,450.81,0.44,404.0,0.54,374.0,0.43,404.0,0.55,374.0
2026-01-07 03:47:57.130000+00:00,2026-01-07 03:47:54.439119+00:00,177.13,0.515,0.51,0.52,0.485,0.48,0.49,68.84,132.16,127.16,73.84,0.5,176.0,0.53,190.0,0.49,421.0,0.54,471.0,0.48,367.52,0.55,478.0,0.47,473.81,0.56,404.0,0.46,428.0,0.57,404.0,0.47,195.0,0.5,176.0,0.46,471.0,0.51,421.0,0.45,408.0,0.52,367.52,0.44,404.0,0.53,473.81,0.43,404.0,0.54,428.0
2026-01-07 03:47:58.060000+00:00,2026-01-07 03:47:55.428976+00:00,178.06,0.52,0.51,0.53,0.47,0.46,0.48,92.84,134.0,130.0,204.0,0.5,331.0,0.54,155.0,0.49,434.0,0.55,240.0,0.48,428.52,0.56,428.0,0.47,438.81,0.57,404.0,0.46,428.0,0.58,404.0,0.45,264.0,0.49,318.0,0.44,349.0,0.5,419.0,0.43,334.0,0.51,419.0,0.42,334.0,0.52,411.52,0.41,399.0,0.53,423.81
2026-01-07 03:47:59.070000+00:00,2026-01-07 03:47:56.449067+00:00,179.07,0.53,0.52,0.54,0.475,0.47,0.48,368.27,130.0,5.0,343.27,0.51,476.0,0.55,231.0,0.5,439.0,0.56,286.0,0.49,466.0,0.57,393.0,0.48,451.52,0.58,369.0,0.47,408.81,0.59,439.0,0.46,135.0,0.49,476.0,0.45,226.0,0.5,439.0,0.44,286.0,0.51,466.0,0.43,393.0,0.52,451.52,0.42,369.0,0.53,408.81
2026-01-07 03:48:00.165000+00:00,2026-01-07 03:47:57.459515+00:00,180.165,0.525,0.52,0.53,0.475,0.47,0.48,148.27,5.0,5.0,361.27,0.51,352.0,0.54,147.0,0.5,454.0,0.55,326.0,0.49,466.0,0.56,247.0,0.48,451.52,0.57,369.0,0.47,408.81,0.58,369.0,0.46,12.0,0.49,391.0,0.45,243.0,0.5,449.0,0.44,336.0,0.51,466.0,0.43,349.0,0.52,451.52,0.42,369.0,0.53,408.81
2026-01-07 03:48:01.155000+00:00,2026-01-07 03:47:58.466224+00:00,181.155,0.575,0.57,0.58,0.415,0.41,0.42,142.0,118.0,127.0,111.0,0.56,284.84,0.59,104.0,0.55,360.99,0.6,120.0,0.54,323.0,0.61,62.58,0.53,285.0,0.62,358.04,0.52,502.0,0.63,292.0,0.4,110.0,0.43,213.0,0.39,74.58,0.44,468.84,0.38,333.04,0.45,516.99,0.37,292.0,0.46,454.0,0.36,471.66,0.47,381.0
2026-01-07 03:48:02.150000+00:00,2026-01-07 03:47:59.465910+00:00,182.15,0.585,0.58,0.59,0.415,0.41,0.42,86.0,68.0,110.83,86.0,0.57,193.0,0.6,93.0,0.56,456.84,0.61,62.58,0.55,528.99,0.62,29.04,0.54,466.0,0.63,299.0,0.53,396.0,0.64,402.66,0.4,93.0,0.43,193.0,0.39,62.58,0.44,456.84,0.38,29.04,0.45,528.99,0.37,299.0,0.46,466.0,0.36,402.66,0.47,396.0
2026-01-07 03:48:03.155000+00:00,2026-01-07 03:48:00.473128+00:00,183.155,0.585,0.58,0.59,0.415,0.41,0.42,86.0,98.83,98.83,86.0,0.57,324.0,0.6,57.0,0.56,450.0,0.61,115.58,0.55,480.99,0.62,41.04,0.54,454.0,0.63,304.0,0.53,384.0,0.64,402.66,0.4,57.0,0.43,324.0,0.39,110.58,0.44,450.0,0.38,41.04,0.45,480.99,0.37,304.0,0.46,454.0,0.36,402.66,0.47,369.0
2026-01-07 03:48:04.140000+00:00,2026-01-07 03:48:01.494022+00:00,184.14,0.585,0.58,0.59,0.415,0.41,0.42,85.0,98.83,98.83,85.0,0.57,205.0,0.6,117.0,0.56,546.0,0.61,62.58,0.55,468.99,0.62,29.04,0.54,471.0,0.63,236.0,0.53,389.0,0.64,472.66,0.4,117.0,0.43,275.0,0.39,62.58,0.44,616.0,0.38,95.04,0.45,468.99,0.37,236.0,0.46,471.0,0.36,477.66,0.47,389.0
2026-01-07 03:48:05.143000+00:00,2026-01-07 03:48:02.484701+00:00,185.143,0.585,0.58,0.59,0.415,0.41,0.42,85.0,98.83,98.83,85.0,0.57,275.0,0.6,129.0,0.56,604.0,0.61,62.58,0.55,483.99,0.62,29.04,0.54,471.0,0.63,304.0,0.53,374.0,0.64,477.66,0.4,251.0,0.43,263.0,0.39,305.58,0.44,604.0,0.38,272.04,0.45,495.99,0.37,304.0,0.46,471.0,0.36,477.66,0.47,374.0
2026-01-07 03:48:06.167000+00:00,2026-01-07 03:48:03.489489+00:00,186.167,0.585,0.58,0.59,0.415,0.41,0.42,105.0,98.83,118.83,105.0,0.57,92.0,0.6,312.0,0.56,495.0,0.61,436.58,0.55,347.99,0.62,403.04,0.54,486.0,0.63,557.0,0.53,374.0,0.64,477.66,0.4,312.0,0.43,92.0,0.39,436.58,0.44,495.0,0.38,403.04,0.45,347.99,0.37,557.0,0.46,486.0,0.36,477.66,0.47,374.0
2026-01-07 03:48:07.862000+00:00,2026-01-07 03:48:05.514596+00:00,187.862,0.585,0.58,0.59,0.415,0.41,0.42,123.0,113.83,113.83,123.0,0.57,421.0,0.6,85.0,0.56,398.0,0.61,179.58,0.55,480.99,0.62,440.04,0.54,469.0,0.63,489.0,0.53,379.0,0.64,546.66,0.4,85.0,0.43,421.0,0.39,179.58,0.44,398.0,0.38,440.04,0.45,480.99,0.37,489.0,0.46,469.0,0.36,546.66,0.47,379.0
2026-01-07 03:48:09.211000+00:00,2026-01-07 03:48:06.521771+00:00,189.211,0.585,0.58,0.59,0.415,0.41,0.42,72.0,115.0,115.0,142.0,0.57,383.0,0.6,85.0,0.56,385.0,0.61,110.58,0.55,453.99,0.62,512.04,0.54,474.0,0.63,421.0,0.53,414.0,0.64,477.66,0.4,150.0,0.43,383.0,0.39,110.58,0.44,385.0,0.38,512.04,0.45,453.99,0.37,421.0,0.46,474.0,0.36,477.66,0.47,409.0
2026-01-07 03:48:10.204000+00:00,2026-01-07 03:48:07.527607+00:00,190.204,0.585,0.58,0.59,0.415,0.41,0.42,70.0,192.0,227.0,70.0,0.57,253.0,0.6,276.0,0.56,400.0,0.61,328.58,0.55,493.99,0.62,448.04,0.54,486.0,0.63,409.0,0.53,421.0,0.64,506.66,0.4,347.0,0.43,70.0,0.39,424.58,0.44,252.0,0.38,448.04,0.45,382.99,0.37,409.0,0.46,486.0,0.36,506.66,0.47,421.0
2026-01-07 03:48:11.192000+00:00,2026-01-07 03:48:08.532601+00:00,191.192,0.585,0.58,0.59,0.415,0.41,0.42,70.0,153.0,153.0,70.0,0.57,153.0,0.6,383.0,0.56,260.0,0.61,424.58,0.55,334.99,0.62,455.04,0.54,484.0,0.63,414.0,0.53,426.0,0.64,511.66,0.4,395.0,0.43,153.0,0.39,436.58,0.44,272.0,0.38,455.04,0.45,334.99,0.37,414.0,0.46,479.0,0.36,511.66,0.47,421.0
2026-01-07 03:48:12.234000+00:00,2026-01-07 03:48:09.541999+00:00,192.234,0.585,0.58,0.59,0.415,0.41,0.42,70.0,163.0,163.0,70.0,0.57,153.0,0.6,395.0,0.56,236.0,0.61,451.58,0.55,327.99,0.62,440.04,0.54,479.0,0.63,414.0,0.53,409.0,0.64,511.66,0.4,347.0,0.43,201.0,0.39,499.58,0.44,236.0,0.38,440.04,0.45,339.99,0.37,414.0,0.46,474.0,0.36,511.66,0.47,409.0
2026-01-07 03:48:13.057000+00:00,2026-01-07 03:48:10.548606+00:00,193.057,0.585,0.58,0.59,0.415,0.41,0.42,70.0,163.0,163.0,70.0,0.57,201.0,0.6,323.0,0.56,246.0,0.61,508.58,0.55,344.99,0.62,440.04,0.54,469.0,0.63,414.0,0.53,409.0,0.64,442.66,0.4,323.0,0.43,201.0,0.39,508.58,0.44,246.0,0.38,440.04,0.45,344.99,0.37,414.0,0.46,469.0,0.36,442.66,0.47,409.0
2026-01-07 03:48:14.197000+00:00,2026-01-07 03:48:11.572197+00:00,194.197,0.585,0.58,0.59,0.415,0.41,0.42,70.0,153.0,153.0,70.0,0.57,211.0,0.6,353.0,0.56,236.0,0.61,508.58,0.55,349.99,0.62,440.04,0.54,464.0,0.63,414.0,0.53,409.0,0.64,442.66,0.4,353.0,0.43,211.0,0.39,508.58,0.44,236.0,0.38,445.04,0.45,349.99,0.37,414.0,0.46,459.0,0.36,442.66,0.47,409.0
2026-01-07 03:48:15.193000+00:00,2026-01-07 03:48:12.577430+00:00,195.193,0.585,0.58,0.59,0.415,0.41,0.42,87.0,114.0,114.0,84.05,0.57,449.0,0.6,158.78,0.56,389.0,0.61,182.58,0.55,473.99,0.62,445.04,0.54,459.0,0.63,426.0,0.53,404.0,0.64,472.66,0.4,158.78,0.43,449.0,0.39,182.58,0.44,389.0,0.38,445.04,0.45,473.99,0.37,426.0,0.46,459.0,0.36,472.66,0.47,404.0
2026-01-07 03:48:16.253000+00:00,2026-01-07 03:48:13.583388+00:00,196.253,0.585,0.58,0.59,0.415,0.41,0.42,99.0,114.0,114.0,99.0,0.57,459.0,0.6,158.78,0.56,367.0,0.61,182.58,0.55,478.99,0.62,440.04,0.54,454.0,0.63,421.0,0.53,404.0,0.64,472.66,0.4,158.78,0.43,459.0,0.39,182.58,0.44,367.0,0.38,440.04,0.45,478.99,0.37,421.0,0.46,454.0,0.36,472.66,0.47,404.0
2026-01-07 03:48:17.285000+00:00,2026-01-07 03:48:14.599162+00:00,197.285,0.585,0.58,0.59,0.415,0.41,0.42,99.0,114.0,114.0,99.0,0.57,459.0,0.6,158.78,0.56,367.0,0.61,182.58,0.55,478.99,0.62,452.04,0.54,459.0,0.63,414.0,0.53,409.0,0.64,477.66,0.4,158.78,0.43,459.0,0.39,182.58,0.44,367.0,0.38,452.04,0.45,478.99,0.37,414.0,0.46,459.0,0.36,477.66,0.47,409.0
2026-01-07 03:48:18.250000+00:00,2026-01-07 03:48:15.619468+00:00,198.25,0.585,0.58,0.59,0.415,0.41,0.42,99.0,114.0,114.0,99.0,0.57,449.0,0.6,158.78,0.56,367.0,0.61,182.58,0.55,473.99,0.62,452.04,0.54,459.0,0.63,414.0,0.53,409.0,0.64,477.66,0.4,158.78,0.43,449.0,0.39,182.58,0.44,367.0,0.38,452.04,0.45,473.99,0.37,414.0,0.46,464.0,0.36,477.66,0.47,409.0
2026-01-07 03:48:19.312000+00:00,2026-01-07 03:48:16.622986+00:00,199.312,0.585,0.58,0.59,0.415,0.41,0.42,99.0,114.0,114.0,99.0,0.57,449.0,0.6,138.78,0.56,367.0,0.61,182.58,0.55,468.99,0.62,457.04,0.54,469.0,0.63,414.0,0.53,409.0,0.64,477.66,0.4,138.78,0.43,449.0,0.39,182.58,0.44,367.0,0.38,457.04,0.45,468.99,0.37,414.0,0.46,469.0,0.36,477.66,0.47,409.0
2026-01-07 03:48:20.190000+00:00,2026-01-07 03:48:17.630303+00:00,200.19,0.585,0.58,0.59,0.415,0.41,0.42,254.0,49.0,49.0,229.0,0.57,408.0,0.6,179.76,0.56,340.0,0.61,143.58,0.55,463.99,0.62,484.04,0.54,515.0,0.63,426.0,0.53,409.0,0.64,477.66,0.4,179.76,0.43,408.0,0.39,143.58,0.44,340.0,0.38,479.04,0.45,453.99,0.37,426.0,0.46,505.0,0.36,477.66,0.47,409.0
2026-01-07 03:48:21.342000+00:00,2026-01-07 03:48:18.652484+00:00,201.342,0.585,0.58,0.59,0.415,0.41,0.42,75.0,134.0,134.0,70.0,0.57,439.0,0.6,165.78,0.56,343.0,0.61,158.58,0.55,465.99,0.62,440.04,0.54,459.0,0.63,414.0,0.53,456.0,0.64,477.66,0.4,213.78,0.43,408.0,0.39,110.58,0.44,391.0,0.38,428.04,0.45,453.99,0.37,414.0,0.46,471.0,0.36,477.66,0.47,409.0
2026-01-07 03:48:22.344000+00:00,2026-01-07 03:48:19.658955+00:00,202.344,0.585,0.58,0.59,0.415,0.41,0.42,92.0,112.1,112.1,92.0,0.57,403.0,0.6,240.78,0.56,391.0,0.61,107.58,0.55,504.99,0.62,428.04,0.54,471.0,0.63,414.0,0.53,409.0,0.64,472.66,0.4,225.78,0.43,403.0,0.39,122.58,0.44,406.0,0.38,428.04,0.45,489.99,0.37,409.0,0.46,466.0,0.36,472.66,0.47,409.0
2026-01-07 03:48:23.349000+00:00,2026-01-07 03:48:20.666820+00:00,203.349,0.585,0.58,0.59,0.415,0.41,0.42,75.0,100.1,100.1,75.0,0.57,403.0,0.6,252.78,0.56,415.0,0.61,107.58,0.55,480.99,0.62,428.04,0.54,466.0,0.63,409.0,0.53,404.0,0.64,472.66,0.4,252.78,0.43,403.0,0.39,107.58,0.44,415.0,0.38,428.04,0.45,480.99,0.37,409.0,0.46,466.0,0.36,472.66,0.47,404.0
2026-01-07 03:48:24.260000+00:00,2026-01-07 03:48:21.675223+00:00,204.26,0.585,0.58,0.59,0.415,0.41,0.42,70.0,100.1,100.1,70.0,0.57,408.0,0.6,240.78,0.56,376.0,0.61,107.58,0.55,483.99,0.62,428.04,0.54,459.0,0.63,414.0,0.53,409.0,0.64,482.66,0.4,216.78,0.43,439.0,0.39,107.58,0.44,340.0,0.38,428.04,0.45,495.99,0.37,414.0,0.46,459.0,0.36,482.66,0.47,409.0
2026-01-07 03:48:25.341000+00:00,2026-01-07 03:48:22.664216+00:00,205.341,0.58,0.57,0.59,0.42,0.41,0.43,455.23,105.1,105.1,455.23,0.56,370.0,0.6,184.78,0.55,465.99,0.61,158.58,0.54,459.0,0.62,440.04,0.53,409.0,0.63,414.0,0.52,472.0,0.64,482.66,0.4,184.78,0.44,370.0,0.39,158.58,0.45,465.99,0.38,440.04,0.46,459.0,0.37,414.0,0.47,409.0,0.36,482.66,0.48,472.0
2026-01-07 03:48:26.330000+00:00,2026-01-07 03:48:23.671918+00:00,206.33,0.575,0.57,0.58,0.425,0.42,0.43,405.0,70.0,70.0,405.0,0.56,285.0,0.59,160.0,0.55,410.99,0.6,199.78,0.54,459.0,0.61,163.58,0.53,409.0,0.62,440.04,0.52,467.0,0.63,414.0,0.41,160.0,0.44,285.0,0.4,199.78,0.45,410.99,0.39,163.58,0.46,459.0,0.38,440.04,0.47,409.0,0.37,414.0,0.48,467.0
2026-01-07 03:48:27.363000+00:00,2026-01-07 03:48:24.680214+00:00,207.363,0.575,0.57,0.58,0.425,0.42,0.43,333.0,1096.26,1096.26,333.0,0.56,317.0,0.59,203.0,0.55,458.99,0.6,199.78,0.54,471.0,0.61,127.58,0.53,409.0,0.62,428.04,0.52,467.0,0.63,414.0,0.41,203.0,0.44,317.0,0.4,199.78,0.45,458.99,0.39,127.58,0.46,471.0,0.38,428.04,0.47,409.0,0.37,414.0,0.48,467.0
2026-01-07 03:48:28.388000+00:00,2026-01-07 03:48:25.699118+00:00,208.388,0.575,0.57,0.58,0.425,0.42,0.43,333.0,1150.26,1246.24,218.0,0.56,293.0,0.59,191.0,0.55,446.99,0.6,175.78,0.54,495.0,0.61,115.58,0.53,421.0,0.62,428.04,0.52,419.0,0.63,414.0,0.41,149.0,0.44,343.0,0.4,297.78,0.45,398.99,0.39,358.58,0.46,483.0,0.38,428.04,0.47,409.0,0.37,414.0,0.48,419.0
2026-01-07 03:48:29.378000+00:00,2026-01-07 03:48:26.704208+00:00,209.378,0.575,0.57,0.58,0.425,0.42,0.43,35.0,1266.24,1266.24,35.0,0.56,343.0,0.59,125.0,0.55,277.99,0.6,236.78,0.54,531.0,0.61,419.58,0.53,416.0,0.62,428.04,0.52,431.0,0.63,414.0,0.41,125.0,0.44,343.0,0.4,236.78,0.45,306.99,0.39,419.58,0.46,502.0,0.38,428.04,0.47,416.0,0.37,414.0,0.48,419.0
2026-01-07 03:48:30.357000+00:00,2026-01-07 03:48:27.696905+00:00,210.357,0.575,0.57,0.58,0.425,0.42,0.43,150.0,1157.24,1157.24,150.0,0.56,275.0,0.59,201.0,0.55,400.99,0.6,236.78,0.54,490.0,0.61,419.58,0.53,404.0,0.62,428.04,0.52,419.0,0.63,409.0,0.41,189.0,0.44,275.0,0.4,248.78,0.45,400.99,0.39,419.58,0.46,490.0,0.38,428.04,0.47,404.0,0.37,409.0,0.48,419.0
2026-01-07 03:48:31.369000+00:00,2026-01-07 03:48:28.705719+00:00,211.369,0.575,0.57,0.58,0.425,0.42,0.43,35.0,1228.22,1157.24,150.0,0.56,357.0,0.59,149.0,0.55,388.99,0.6,187.78,0.54,495.0,0.61,419.58,0.53,409.0,0.62,433.04,0.52,424.0,0.63,414.0,0.41,189.0,0.44,287.0,0.4,187.78,0.45,388.99,0.39,419.58,0.46,495.0,0.38,433.04,0.47,409.0,0.37,414.0,0.48,424.0
2026-01-07 03:48:32.385000+00:00,2026-01-07 03:48:29.695722+00:00,212.385,0.575,0.57,0.58,0.425,0.42,0.43,150.0,973.8,973.8,150.0,0.56,287.0,0.59,189.0,0.55,388.99,0.6,187.78,0.54,490.0,0.61,399.58,0.53,409.0,0.62,448.04,0.52,419.0,0.63,409.0,0.41,189.0,0.44,299.0,0.4,175.78,0.45,388.99,0.39,399.58,0.46,466.0,0.38,448.04,0.47,409.0,0.37,409.0,0.48,419.0
2026-01-07 03:48:33.357000+00:00,2026-01-07 03:48:30.702044+00:00,213.357,0.575,0.57,0.58,0.425,0.42,0.43,30.53,1057.6,1057.6,30.53,0.56,393.0,0.59,149.0,0.55,371.99,0.6,175.78,0.54,466.0,0.61,411.58,0.53,404.0,0.62,448.04,0.52,419.0,0.63,409.0,0.41,161.0,0.44,381.0,0.4,175.78,0.45,383.99,0.39,399.58,0.46,466.0,0.38,448.04,0.47,404.0,0.37,409.0,0.48,419.0
2026-01-07 03:48:34.370000+00:00,2026-01-07 03:48:31.702548+00:00,214.37,0.575,0.57,0.58,0.425,0.42,0.43,30.53,1027.6,1035.6,30.53,0.56,381.0,0.59,161.0,0.55,383.99,0.6,175.78,0.54,466.0,0.61,411.58,0.53,409.0,0.62,448.04,0.52,424.0,0.63,414.0,0.41,161.0,0.44,381.0,0.4,175.78,0.45,383.99,0.39,411.58,0.46,466.0,0.38,448.04,0.47,409.0,0.37,414.0,0.48,424.0
2026-01-07 03:48:35.355000+00:00,2026-01-07 03:48:32.719328+00:00,215.355,0.575,0.57,0.58,0.425,0.42,0.43,328.53,956.62,1037.6,213.53,0.56,323.0,0.59,189.0,0.55,492.99,0.6,175.78,0.54,466.0,0.61,131.58,0.53,409.0,0.62,460.04,0.52,424.0,0.63,414.0,0.41,149.0,0.44,378.0,0.4,175.78,0.45,492.99,0.39,143.58,0.46,466.0,0.38,460.04,0.47,409.0,0.37,414.0,0.48,424.0
2026-01-07 03:48:36.431000+00:00,2026-01-07 03:48:33.741522+00:00,216.431,0.575,0.57,0.58,0.425,0.42,0.43,178.0,1237.6,1248.6,178.0,0.56,218.0,0.59,368.0,0.55,336.0,0.6,391.78,0.54,448.01,0.61,363.58,0.53,354.0,0.62,448.04,0.52,471.0,0.63,379.0,0.41,428.0,0.44,218.0,0.4,391.78,0.45,444.0,0.39,363.58,0.46,461.0,0.38,448.04,0.47,366.0,0.37,379.0,0.48,471.0
2026-01-07 03:48:37.233000+00:00,2026-01-07 03:48:34.761395+00:00,217.233,0.555,0.55,0.56,0.445,0.44,0.45,160.0,75.0,75.0,160.0,0.54,137.0,0.57,358.0,0.53,240.0,0.58,1265.62,0.52,396.0,0.59,429.0,0.51,374.0,0.6,532.78,0.5,389.0,0.61,424.58,0.43,358.0,0.46,137.0,0.42,1265.62,0.47,240.0,0.41,429.0,0.48,396.0,0.4,532.78,0.49,374.0,0.39,424.58,0.5,389.0
2026-01-07 03:48:38.410000+00:00,2026-01-07 03:48:35.770116+00:00,218.41,0.555,0.55,0.56,0.445,0.44,0.45,228.0,75.0,75.0,228.0,0.54,94.0,0.57,268.0,0.53,237.0,0.58,1264.6,0.52,384.0,0.59,456.0,0.51,374.0,0.6,508.78,0.5,444.0,0.61,453.58,0.43,268.0,0.46,94.0,0.42,1264.6,0.47,237.0,0.41,456.0,0.48,384.0,0.4,508.78,0.49,374.0,0.39,453.58,0.5,444.0
2026-01-07 03:48:39.426000+00:00,2026-01-07 03:48:36.793064+00:00,219.426,0.555,0.55,0.56,0.435,0.43,0.44,180.34,60.0,258.0,155.0,0.54,118.0,0.57,283.0,0.53,237.0,0.58,1271.26,0.52,384.0,0.59,456.0,0.51,374.0,0.6,508.78,0.5,444.0,0.61,441.58,0.42,1271.26,0.45,109.0,0.41,456.0,0.46,94.0,0.4,508.78,0.47,252.0,0.39,453.58,0.48,384.0,0.38,433.04,0.49,374.0
2026-01-07 03:48:40.486000+00:00,2026-01-07 03:48:37.800555+00:00,220.486,0.565,0.56,0.57,0.435,0.43,0.44,340.0,188.0,5.0,352.0,0.55,286.0,0.58,1176.28,0.54,408.0,0.59,469.0,0.53,404.0,0.6,487.78,0.52,454.0,0.61,465.58,0.51,458.0,0.62,481.04,0.42,993.28,0.45,274.0,0.41,165.0,0.46,408.0,0.4,487.78,0.47,404.0,0.39,441.58,0.48,454.0,0.38,481.04,0.49,458.0
2026-01-07 03:48:41.520000+00:00,2026-01-07 03:48:38.822860+00:00,221.52,0.575,0.57,0.58,0.425,0.42,0.43,307.37,876.62,871.62,267.37,0.56,252.0,0.6,466.05,0.55,478.0,0.61,356.58,0.54,459.0,0.62,476.04,0.53,466.0,0.63,426.0,0.52,419.0,0.64,472.66,0.4,466.05,0.44,230.0,0.39,356.58,0.45,443.0,0.38,476.04,0.46,459.0,0.37,426.0,0.47,471.0,0.36,472.66,0.48,419.0
2026-01-07 03:48:42.484000+00:00,2026-01-07 03:48:39.829050+00:00,222.484,0.575,0.57,0.58,0.425,0.42,0.43,336.71,866.62,861.62,336.71,0.56,376.0,0.6,162.05,0.55,478.0,0.61,40.58,0.54,459.0,0.62,488.04,0.53,471.0,0.63,414.0,0.52,424.0,0.64,477.66,0.41,5.0,0.44,383.0,0.4,174.05,0.45,478.0,0.39,52.58,0.46,459.0,0.38,476.04,0.47,471.0,0.37,414.0,0.48,424.0
2026-01-07 03:48:43.513000+00:00,2026-01-07 03:48:40.834592+00:00,223.513,0.575,0.57,0.58,0.425,0.42,0.43,293.47,866.62,866.62,293.47,0.56,425.0,0.59,20.0,0.55,441.0,0.6,163.57,0.54,466.0,0.61,52.58,0.53,424.0,0.62,476.04,0.52,507.0,0.63,414.0,0.41,32.0,0.44,425.0,0.4,151.57,0.45,441.0,0.39,64.58,0.46,466.0,0.38,464.04,0.47,424.0,0.37,414.0,0.48,507.0
2026-01-07 03:48:44.540000+00:00,2026-01-07 03:48:41.857553+00:00,224.54,0.575,0.57,0.58,0.425,0.42,0.43,328.47,936.62,936.62,328.47,0.56,531.0,0.59,195.36,0.55,466.0,0.6,182.3,0.54,466.0,0.61,341.58,0.53,424.0,0.62,440.04,0.52,472.0,0.63,414.0,0.41,195.36,0.44,531.0,0.4,182.3,0.45,466.0,0.39,341.58,0.46,466.0,0.38,440.04,0.47,424.0,0.37,414.0,0.48,472.0
2026-01-07 03:48:45.550000+00:00,2026-01-07 03:48:42.862944+00:00,225.55,0.575,0.57,0.58,0.425,0.42,0.43,20.0,902.89,1046.89,20.0,0.56,198.0,0.59,280.0,0.55,319.0,0.6,244.3,0.54,387.0,0.61,267.58,0.53,402.0,0.62,245.04,0.52,369.0,0.63,379.0,0.41,436.0,0.44,198.0,0.4,401.3,0.45,339.0,0.39,302.58,0.46,427.0,0.38,367.04,0.47,426.0,0.37,379.0,0.48,401.0
2026-01-07 03:48:46.554000+00:00,2026-01-07 03:48:43.866515+00:00,226.554,0.545,0.54,0.55,0.455,0.45,0.46,173.0,168.0,173.0,173.0,0.53,396.0,0.56,322.74,0.52,396.0,0.57,369.0,0.51,456.0,0.58,1023.62,0.5,424.0,0.59,522.0,0.49,530.0,0.6,462.3,0.44,322.74,0.47,396.0,0.43,369.0,0.48,396.0,0.42,1023.62,0.49,451.0,0.41,522.0,0.5,424.0,0.4,462.3,0.51,530.0
2026-01-07 03:48:47.504000+00:00,2026-01-07 03:48:44.871954+00:00,227.504,0.545,0.54,0.55,0.455,0.45,0.46,168.0,153.0,153.0,168.0,0.53,396.0,0.56,322.74,0.52,396.0,0.57,369.0,0.51,451.0,0.58,1023.62,0.5,429.0,0.59,522.0,0.49,479.0,0.6,467.3,0.44,322.74,0.47,396.0,0.43,369.0,0.48,396.0,0.42,1023.62,0.49,451.0,0.41,522.0,0.5,429.0,0.4,467.3,0.51,479.0
2026-01-07 03:48:48.491000+00:00,2026-01-07 03:48:45.878113+00:00,228.491,0.545,0.54,0.55,0.455,0.45,0.46,270.0,223.0,223.0,240.0,0.53,336.0,0.56,238.47,0.52,466.0,0.57,396.36,0.51,439.0,0.58,1047.62,0.5,429.0,0.59,510.0,0.49,530.0,0.6,491.3,0.44,238.47,0.47,336.0,0.43,396.36,0.48,466.0,0.42,1047.62,0.49,439.0,0.41,510.0,0.5,429.0,0.4,491.3,0.51,530.0
2026-01-07 03:48:49.592000+00:00,2026-01-07 03:48:46.900795+00:00,229.592,0.545,0.54,0.55,0.455,0.45,0.46,255.0,223.0,223.0,255.0,0.53,336.0,0.56,238.47,0.52,466.0,0.57,396.36,0.51,439.0,0.58,1067.62,0.5,479.0,0.59,490.0,0.49,479.0,0.6,491.3,0.44,238.47,0.47,336.0,0.43,396.36,0.48,466.0,0.42,1067.62,0.49,439.0,0.41,490.0,0.5,429.0,0.4,491.3,0.51,530.0
2026-01-07 03:48:50.585000+00:00,2026-01-07 03:48:47.905512+00:00,230.585,0.545,0.54,0.55,0.455,0.45,0.46,168.0,223.0,223.48,168.0,0.53,348.0,0.56,346.74,0.52,514.0,0.57,345.0,0.51,451.0,0.58,1081.62,0.5,429.0,0.59,454.0,0.49,479.0,0.6,467.3,0.44,346.74,0.47,348.0,0.43,345.0,0.48,514.0,0.42,1081.62,0.49,456.0,0.41,454.0,0.5,429.0,0.4,467.3,0.51,479.0
2026-01-07 03:48:51.604000+00:00,2026-01-07 03:48:48.913218+00:00,231.604,0.545,0.54,0.55,0.455,0.45,0.46,124.52,83.88,71.88,154.52,0.53,348.0,0.56,183.27,0.52,514.0,0.57,162.0,0.51,456.0,0.58,1081.62,0.5,424.0,0.59,459.0,0.49,530.0,0.6,462.3,0.44,102.0,0.47,336.0,0.43,225.36,0.48,490.0,0.42,1045.62,0.49,456.0,0.41,459.0,0.5,424.0,0.4,452.78,0.51,530.0
2026-01-07 03:48:52.622000+00:00,2026-01-07 03:48:49.918232+00:00,232.622,0.545,0.54,0.55,0.455,0.45,0.46,154.52,81.88,106.88,154.52,0.53,396.0,0.56,174.27,0.52,466.0,0.57,186.0,0.51,451.0,0.58,1081.62,0.5,429.0,0.59,454.0,0.49,530.0,0.6,452.78,0.44,174.27,0.47,396.0,0.43,308.0,0.48,466.0,0.42,1081.62,0.49,451.0,0.41,454.0,0.5,429.0,0.4,457.78,0.51,530.0
2026-01-07 03:48:53.630000+00:00,2026-01-07 03:48:50.939909+00:00,233.63,0.545,0.54,0.55,0.455,0.45,0.46,18.0,626.76,712.76,18.0,0.52,304.0,0.56,368.0,0.51,304.0,0.57,454.0,0.5,309.0,0.58,474.0,0.49,532.34,0.59,454.0,0.48,467.43,0.6,437.78,0.44,429.0,0.5,126.0,0.43,454.0,0.51,314.0,0.42,474.0,0.52,527.43,0.41,454.0,0.53,513.81,0.4,500.78,0.54,401.0
2026-01-07 03:48:54.634000+00:00,2026-01-07 03:48:51.944920+00:00,234.634,0.485,0.48,0.49,0.515,0.51,0.52,62.34,208.0,208.0,62.34,0.47,86.81,0.5,336.36,0.46,160.0,0.51,289.0,0.45,311.0,0.52,458.0,0.44,231.0,0.53,490.0,0.43,309.0,0.54,401.22,0.5,356.36,0.53,86.81,0.49,277.0,0.54,160.0,0.48,458.0,0.55,311.0,0.47,490.0,0.56,231.0,0.46,401.22,0.57,309.0
2026-01-07 03:48:55.666000+00:00,2026-01-07 03:48:52.965429+00:00,235.666,0.485,0.48,0.49,0.515,0.51,0.52,117.34,5.0,5.0,194.34,0.47,270.81,0.5,356.37,0.46,218.0,0.51,284.0,0.45,421.0,0.52,475.0,0.44,353.0,0.53,478.0,0.43,314.0,0.54,406.22,0.5,233.0,0.53,195.81,0.49,345.0,0.54,206.0,0.48,424.0,0.55,470.0,0.47,469.0,0.56,414.0,0.46,406.22,0.57,314.0
2026-01-07 03:48:56.675000+00:00,2026-01-07 03:48:53.969170+00:00,236.675,0.505,0.5,0.51,0.495,0.49,0.5,237.01,10.0,10.0,299.35,0.49,497.0,0.52,175.0,0.48,403.0,0.53,120.99,0.47,465.81,0.54,266.22,0.46,484.0,0.55,362.0,0.45,540.0,0.56,454.0,0.48,175.0,0.51,475.13,0.47,120.99,0.52,388.0,0.46,266.22,0.53,465.81,0.45,362.0,0.54,484.0,0.44,454.0,0.55,540.0
2026-01-07 03:48:57.686000+00:00,2026-01-07 03:48:54.991312+00:00,237.686,0.51,0.5,0.52,0.49,0.48,0.5,418.58,180.0,180.0,393.58,0.49,467.0,0.53,96.99,0.48,369.0,0.54,273.22,0.47,460.81,0.55,357.0,0.46,484.0,0.56,466.0,0.45,484.0,0.57,419.0,0.47,96.99,0.51,479.0,0.46,261.22,0.52,369.0,0.45,357.0,0.53,460.81,0.44,466.0,0.54,484.0,0.43,419.0,0.55,484.0
2026-01-07 03:48:58.699000+00:00,2026-01-07 03:48:56.012049+00:00,238.699,0.515,0.51,0.52,0.485,0.48,0.49,10.0,180.0,180.0,10.0,0.5,388.58,0.53,96.99,0.49,479.0,0.54,261.22,0.48,369.0,0.55,369.0,0.47,460.81,0.56,466.0,0.46,484.0,0.57,419.0,0.47,84.99,0.5,388.58,0.46,261.22,0.51,475.0,0.45,345.0,0.52,369.0,0.44,466.0,0.53,448.81,0.43,419.0,0.54,484.0
2026-01-07 03:48:59.600000+00:00,2026-01-07 03:48:57.014374+00:00,239.6,0.515,0.51,0.52,0.485,0.48,0.49,5.0,231.6,247.86,5.0,0.5,397.58,0.53,154.99,0.49,475.0,0.54,343.22,0.48,451.0,0.55,345.0,0.47,448.81,0.56,490.0,0.46,484.0,0.57,419.0,0.47,154.99,0.5,397.58,0.46,343.22,0.51,475.0,0.45,345.0,0.52,451.0,0.44,490.0,0.53,448.81,0.43,419.0,0.54,484.0
2026-01-07 03:49:00.703000+00:00,2026-01-07 03:48:58.022110+00:00,240.703,0.515,0.51,0.52,0.485,0.48,0.49,5.0,302.86,429.86,5.0,0.5,284.0,0.53,202.99,0.49,592.0,0.54,316.22,0.48,463.0,0.55,345.0,0.47,475.81,0.56,454.0,0.46,484.0,0.57,419.0,0.47,287.99,0.5,284.0,0.46,425.22,0.51,344.0,0.45,454.0,0.52,397.34,0.44,454.0,0.53,428.81,0.43,434.0,0.54,499.0
2026-01-07 03:49:01.598000+00:00,2026-01-07 03:48:59.029974+00:00,241.598,0.485,0.48,0.49,0.515,0.51,0.52,15.0,130.0,130.0,15.0,0.47,310.81,0.5,263.0,0.46,421.0,0.51,370.0,0.45,426.0,0.52,381.86,0.44,541.0,0.53,502.0,0.43,379.0,0.54,401.22,0.5,263.0,0.53,310.81,0.49,370.0,0.54,421.0,0.48,381.86,0.55,426.0,0.47,502.0,0.56,541.0,0.46,401.22,0.57,379.0
2026-01-07 03:49:02.699000+00:00,2026-01-07 03:49:00.021685+00:00,242.699,0.48,0.47,0.49,0.52,0.51,0.53,310.81,119.89,264.74,305.81,0.46,416.0,0.5,285.0,0.45,426.0,0.51,335.0,0.44,541.0,0.52,384.86,0.43,384.0,0.53,502.0,0.42,384.0,0.54,406.22,0.5,870.05,0.54,394.0,0.49,359.0,0.55,441.0,0.48,490.86,0.56,496.0,0.47,478.0,0.57,384.0,0.46,406.22,0.58,384.0
2026-01-07 03:49:03.693000+00:00,2026-01-07 03:49:01.019509+00:00,243.693,0.485,0.48,0.49,0.515,0.51,0.52,35.0,298.69,298.69,35.0,0.47,150.81,0.5,882.05,0.46,134.0,0.51,347.0,0.45,258.0,0.52,514.86,0.44,496.0,0.53,454.0,0.43,344.0,0.54,401.22,0.5,872.05,0.53,150.81,0.49,357.0,0.54,134.0,0.48,514.86,0.55,258.0,0.47,454.0,0.56,496.0,0.46,401.22,0.57,344.0
2026-01-07 03:49:04.679000+00:00,2026-01-07 03:49:02.016184+00:00,244.679,0.485,0.48,0.49,0.515,0.51,0.52,256.11,298.69,258.47,253.11,0.47,121.81,0.5,884.05,0.46,228.0,0.51,345.0,0.45,328.0,0.52,514.86,0.44,484.0,0.53,454.0,0.43,349.0,0.54,401.22,0.5,874.05,0.53,121.81,0.49,360.0,0.54,228.0,0.48,498.6,0.55,340.0,0.47,454.0,0.56,484.0,0.46,406.22,0.57,349.0
2026-01-07 03:49:05.655000+00:00,2026-01-07 03:49:02.999652+00:00,245.655,0.485,0.48,0.49,0.515,0.51,0.52,171.65,292.26,312.26,171.65,0.47,180.33,0.5,975.31,0.46,191.0,0.51,333.0,0.45,328.0,0.52,510.6,0.44,484.0,0.53,454.0,0.43,379.0,0.54,401.22,0.5,980.31,0.53,194.7,0.49,333.0,0.54,191.0,0.48,510.6,0.55,328.0,0.47,454.0,0.56,484.0,0.46,401.22,0.57,379.0
2026-01-07 03:49:06.499000+00:00,2026-01-07 03:49:03.997986+00:00,246.499,0.485,0.48,0.49,0.515,0.51,0.52,171.65,307.26,300.26,171.65,0.47,194.7,0.5,980.31,0.46,116.0,0.51,338.0,0.45,333.0,0.52,510.6,0.44,484.0,0.53,454.0,0.43,379.0,0.54,401.22,0.5,980.31,0.53,194.7,0.49,338.0,0.54,116.0,0.48,510.6,0.55,333.0,0.47,454.0,0.56,484.0,0.46,401.22,0.57,379.0
2026-01-07 03:49:07.669000+00:00,2026-01-07 03:49:05.001321+00:00,247.669,0.485,0.48,0.49,0.515,0.51,0.52,176.65,287.26,287.26,176.65,0.47,213.7,0.5,391.26,0.46,92.0,0.51,362.0,0.45,333.0,0.52,510.6,0.44,484.0,0.53,454.0,0.43,379.0,0.54,401.22,0.5,391.26,0.53,213.7,0.49,362.0,0.54,92.0,0.48,510.6,0.55,333.0,0.47,454.0,0.56,484.0,0.46,401.22,0.57,379.0
2026-01-07 03:49:08.692000+00:00,2026-01-07 03:49:06.008421+00:00,248.692,0.485,0.48,0.49,0.515,0.51,0.52,189.99,287.26,302.26,189.99,0.47,208.7,0.5,396.26,0.46,117.0,0.51,362.0,0.45,333.0,0.52,510.6,0.44,484.0,0.53,454.0,0.43,349.0,0.54,625.22,0.5,396.26,0.53,208.7,0.49,362.0,0.54,117.0,0.48,510.6,0.55,328.0,0.47,454.0,0.56,484.0,0.46,630.22,0.57,349.0
2026-01-07 03:49:09.702000+00:00,2026-01-07 03:49:07.012766+00:00,249.702,0.485,0.48,0.49,0.515,0.51,0.52,189.99,302.26,287.26,189.99,0.47,208.7,0.5,396.26,0.46,117.0,0.51,362.0,0.45,328.0,0.52,510.6,0.44,484.0,0.53,454.0,0.43,349.0,0.54,630.22,0.5,396.26,0.53,208.7,0.49,362.0,0.54,117.0,0.48,510.6,0.55,328.0,0.47,454.0,0.56,484.0,0.46,630.22,0.57,349.0
2026-01-07 03:49:10.646000+00:00,2026-01-07 03:49:08.023772+00:00,250.646,0.485,0.48,0.49,0.515,0.51,0.52,189.8,266.44,266.44,189.8,0.47,208.7,0.5,396.26,0.46,117.0,0.51,362.0,0.45,328.0,0.52,510.6,0.44,484.0,0.53,454.0,0.43,344.0,0.54,625.22,0.5,396.26,0.53,208.7,0.49,362.0,0.54,117.0,0.48,510.6,0.55,328.0,0.47,454.0,0.56,484.0,0.46,625.22,0.57,344.0
2026-01-07 03:49:11.555000+00:00,2026-01-07 03:49:09.026576+00:00,251.555,0.485,0.48,0.49,0.515,0.51,0.52,189.8,266.44,251.44,189.8,0.47,208.7,0.5,396.26,0.46,117.0,0.51,362.0,0.45,328.0,0.52,498.6,0.44,484.0,0.53,466.0,0.43,344.0,0.54,625.22,0.5,396.26,0.53,208.7,0.49,362.0,0.54,117.0,0.48,498.6,0.55,328.0,0.47,466.0,0.56,484.0,0.46,625.22,0.57,344.0
2026-01-07 03:49:12.623000+00:00,2026-01-07 03:49:10.032042+00:00,252.623,0.485,0.48,0.49,0.515,0.51,0.52,154.8,252.44,252.44,137.8,0.47,233.7,0.5,396.26,0.46,92.0,0.51,352.0,0.45,333.0,0.52,498.6,0.44,484.0,0.53,466.0,0.43,384.0,0.54,630.22,0.5,396.26,0.53,233.7,0.49,352.0,0.54,92.0,0.48,498.6,0.55,333.0,0.47,466.0,0.56,484.0,0.46,630.22,0.57,384.0
2026-01-07 03:49:13.726000+00:00,2026-01-07 03:49:11.038089+00:00,253.726,0.485,0.48,0.49,0.515,0.51,0.52,172.8,246.44,246.44,171.87,0.47,208.7,0.5,381.26,0.46,132.0,0.51,352.0,0.45,313.0,0.52,498.6,0.44,484.0,0.53,466.0,0.43,344.0,0.54,625.22,0.5,381.26,0.53,213.7,0.49,352.0,0.54,117.0,0.48,498.6,0.55,328.0,0.47,466.0,0.56,484.0,0.46,625.22,0.57,344.0
2026-01-07 03:49:14.751000+00:00,2026-01-07 03:49:12.042131+00:00,254.751,0.485,0.48,0.49,0.515,0.51,0.52,171.87,246.44,286.44,171.87,0.47,208.7,0.5,381.26,0.46,132.0,0.51,352.0,0.45,313.0,0.52,498.6,0.44,484.0,0.53,466.0,0.43,344.0,0.54,625.22,0.5,381.26,0.53,208.7,0.49,352.0,0.54,132.0,0.48,498.6,0.55,313.0,0.47,466.0,0.56,484.0,0.46,625.22,0.57,344.0
2026-01-07 03:49:15.672000+00:00,2026-01-07 03:49:13.049394+00:00,255.672,0.485,0.48,0.49,0.515,0.51,0.52,166.87,281.44,256.44,166.87,0.47,213.7,0.5,386.26,0.46,132.0,0.51,352.0,0.45,313.0,0.52,498.6,0.44,484.0,0.53,471.0,0.43,349.0,0.54,630.22,0.5,386.26,0.53,329.7,0.49,352.0,0.54,375.0,0.48,498.6,0.55,435.0,0.47,471.0,0.56,484.0,0.46,630.22,0.57,349.0
2026-01-07 03:49:16.649000+00:00,2026-01-07 03:49:14.059533+00:00,256.649,0.485,0.48,0.49,0.515,0.51,0.52,171.87,113.0,113.0,171.87,0.47,329.7,0.5,198.26,0.46,436.0,0.51,357.0,0.45,496.0,0.52,377.6,0.44,484.0,0.53,350.0,0.43,349.0,0.54,630.22,0.5,198.26,0.53,329.7,0.49,357.0,0.54,436.0,0.48,377.6,0.55,496.0,0.47,350.0,0.56,484.0,0.46,630.22,0.57,349.0
2026-01-07 03:49:17.697000+00:00,2026-01-07 03:49:15.066104+00:00,257.697,0.485,0.48,0.49,0.515,0.51,0.52,169.94,113.0,113.0,169.94,0.47,329.7,0.5,193.26,0.46,436.0,0.51,362.0,0.45,496.0,0.52,377.6,0.44,484.0,0.53,345.0,0.43,344.0,0.54,630.22,0.5,193.26,0.53,329.7,0.49,362.0,0.54,436.0,0.48,377.6,0.55,496.0,0.47,345.0,0.56,484.0,0.46,630.22,0.57,344.0
2026-01-07 03:49:18.729000+00:00,2026-01-07 03:49:16.075831+00:00,258.729,0.485,0.48,0.49,0.515,0.51,0.52,164.94,83.96,184.54,164.94,0.47,334.7,0.5,203.26,0.46,421.0,0.51,352.0,0.45,511.0,0.52,377.6,0.44,484.0,0.53,345.0,0.43,344.0,0.54,630.22,0.5,325.26,0.53,329.7,0.49,352.0,0.54,421.0,0.48,498.6,0.55,511.0,0.47,466.0,0.56,484.0,0.46,625.22,0.57,344.0
2026-01-07 03:49:19.757000+00:00,2026-01-07 03:49:17.080930+00:00,259.757,0.475,0.47,0.48,0.555,0.55,0.56,39.37,402.0,140.0,137.47,0.44,47.0,0.49,452.54,0.43,287.53,0.5,484.0,0.42,280.0,0.51,698.0,0.41,484.0,0.52,455.6,0.4,484.0,0.53,424.0,0.54,196.37,0.57,217.0,0.53,202.0,0.58,268.0,0.52,349.0,0.59,489.0,0.51,417.54,0.6,484.0,0.5,508.0,0.61,513.0
2026-01-07 03:49:20.757000+00:00,2026-01-07 03:49:18.102190+00:00,260.757,0.435,0.43,0.44,0.565,0.56,0.57,238.37,137.0,198.0,129.52,0.42,196.0,0.45,283.98,0.41,441.0,0.46,314.0,0.4,496.0,0.47,320.0,0.39,484.0,0.48,402.26,0.38,449.0,0.49,418.54,0.55,283.98,0.58,196.0,0.54,314.0,0.59,258.0,0.53,320.0,0.6,496.0,0.52,402.26,0.61,484.0,0.51,418.54,0.62,449.0
2026-01-07 03:49:21.603000+00:00,2026-01-07 03:49:19.105875+00:00,261.603,0.435,0.43,0.44,0.565,0.56,0.57,129.52,223.0,223.0,129.52,0.42,201.0,0.45,283.98,0.41,258.0,0.46,314.0,0.4,501.0,0.47,320.0,0.39,489.0,0.48,397.26,0.38,454.0,0.49,428.54,0.55,283.98,0.58,201.0,0.54,314.0,0.59,258.0,0.53,320.0,0.6,501.0,0.52,397.26,0.61,489.0,0.51,428.54,0.62,454.0
2026-01-07 03:49:22.637000+00:00,2026-01-07 03:49:20.095568+00:00,262.637,0.435,0.43,0.44,0.565,0.56,0.57,134.52,223.0,223.0,134.52,0.42,208.0,0.45,283.98,0.41,258.0,0.46,314.0,0.4,501.0,0.47,320.0,0.39,489.0,0.48,397.26,0.38,454.0,0.49,428.54,0.55,283.98,0.58,203.0,0.54,314.0,0.59,258.0,0.53,320.0,0.6,501.0,0.52,397.26,0.61,489.0,0.51,428.54,0.62,454.0
2026-01-07 03:49:23.780000+00:00,2026-01-07 03:49:21.101258+00:00,263.78,0.435,0.43,0.44,0.565,0.56,0.57,353.52,293.0,293.0,353.52,0.42,273.0,0.45,365.98,0.41,328.0,0.46,384.0,0.4,501.0,0.47,308.0,0.39,489.0,0.48,397.26,0.38,454.0,0.49,428.54,0.55,365.98,0.58,278.0,0.54,384.0,0.59,328.0,0.53,308.0,0.6,501.0,0.52,397.26,0.61,489.0,0.51,428.54,0.62,454.0
2026-01-07 03:49:24.686000+00:00,2026-01-07 03:49:22.123155+00:00,264.686,0.435,0.43,0.44,0.565,0.56,0.57,247.76,268.0,268.0,186.76,0.42,307.0,0.45,403.98,0.41,303.0,0.46,374.0,0.4,306.0,0.47,345.0,0.39,489.0,0.48,506.26,0.38,489.0,0.49,664.54,0.55,403.98,0.58,307.0,0.54,374.0,0.59,303.0,0.53,345.0,0.6,306.0,0.52,490.0,0.61,489.0,0.51,664.54,0.62,489.0
2026-01-07 03:49:25.757000+00:00,2026-01-07 03:49:23.125115+00:00,265.757,0.435,0.43,0.44,0.565,0.56,0.57,313.76,268.0,253.0,328.76,0.42,363.0,0.45,417.24,0.41,303.0,0.46,359.0,0.4,313.0,0.47,333.0,0.39,484.0,0.48,502.0,0.38,484.0,0.49,423.54,0.55,405.24,0.58,306.0,0.54,308.0,0.59,288.0,0.53,348.0,0.6,301.0,0.52,454.0,0.61,484.0,0.51,423.54,0.62,484.0
2026-01-07 03:49:26.748000+00:00,2026-01-07 03:49:24.127089+00:00,266.748,0.435,0.43,0.44,0.565,0.56,0.57,385.76,248.0,248.0,313.76,0.42,318.0,0.45,405.24,0.41,288.0,0.46,320.0,0.4,301.0,0.47,384.0,0.39,484.0,0.48,454.0,0.38,555.0,0.49,471.54,0.55,405.24,0.58,378.0,0.54,332.0,0.59,288.0,0.53,348.0,0.6,313.0,0.52,502.0,0.61,484.0,0.51,423.54,0.62,489.0
2026-01-07 03:49:27.777000+00:00,2026-01-07 03:49:25.136456+00:00,267.777,0.435,0.43,0.44,0.565,0.56,0.57,286.54,248.0,248.0,339.54,0.42,383.0,0.45,422.24,0.41,288.0,0.46,344.0,0.4,328.0,0.47,348.0,0.39,489.0,0.48,502.0,0.38,499.0,0.49,428.54,0.55,309.26,0.58,330.0,0.54,390.0,0.59,288.0,0.53,348.0,0.6,316.0,0.52,466.0,0.61,489.0,0.51,428.54,0.62,565.0
2026-01-07 03:49:28.789000+00:00,2026-01-07 03:49:26.141197+00:00,268.789,0.435,0.43,0.44,0.565,0.56,0.57,358.54,227.5,227.5,286.54,0.42,323.0,0.45,314.26,0.41,288.0,0.46,390.0,0.4,311.0,0.47,384.0,0.39,504.0,0.48,466.0,0.38,489.0,0.49,464.54,0.55,415.24,0.58,311.0,0.54,320.0,0.59,276.0,0.53,348.0,0.6,323.0,0.52,466.0,0.61,499.0,0.51,428.54,0.62,484.0
2026-01-07 03:49:29.726000+00:00,2026-01-07 03:49:27.145811+00:00,269.726,0.435,0.43,0.44,0.565,0.56,0.57,87.82,132.5,132.5,87.82,0.42,291.0,0.45,468.24,0.41,363.0,0.46,323.0,0.4,323.0,0.47,381.0,0.39,496.0,0.48,678.0,0.38,484.0,0.49,423.54,0.55,468.24,0.58,291.0,0.54,323.0,0.59,363.0,0.53,381.0,0.6,323.0,0.52,678.0,0.61,496.0,0.51,423.54,0.62,484.0
2026-01-07 03:49:30.791000+00:00,2026-01-07 03:49:28.150963+00:00,270.791,0.435,0.43,0.44,0.565,0.56,0.57,208.82,16.26,16.26,208.82,0.42,561.0,0.45,249.98,0.41,471.0,0.46,149.0,0.4,506.0,0.47,384.0,0.39,489.0,0.48,569.0,0.38,484.0,0.49,302.54,0.55,249.98,0.58,561.0,0.54,149.0,0.59,471.0,0.53,384.0,0.6,506.0,0.52,569.0,0.61,489.0,0.51,302.54,0.62,494.0
2026-01-07 03:49:31.555000+00:00,2026-01-07 03:49:29.154430+00:00,271.555,0.435,0.43,0.44,0.565,0.56,0.57,278.82,86.26,86.26,278.82,0.42,561.0,0.45,254.98,0.41,471.0,0.46,149.0,0.4,506.0,0.47,372.0,0.39,489.0,0.48,581.0,0.38,494.0,0.49,307.54,0.55,254.98,0.58,561.0,0.54,149.0,0.59,471.0,0.53,372.0,0.6,506.0,0.52,581.0,0.61,489.0,0.51,307.54,0.62,494.0
2026-01-07 03:49:32.550000+00:00,2026-01-07 03:49:30.158803+00:00,272.55,0.435,0.43,0.44,0.565,0.56,0.57,276.64,101.26,241.26,221.64,0.42,546.0,0.45,254.98,0.41,496.0,0.46,164.0,0.4,496.0,0.47,369.0,0.39,489.0,0.48,569.0,0.38,489.0,0.49,307.54,0.55,194.0,0.58,574.0,0.54,164.0,0.59,496.0,0.53,369.0,0.6,496.0,0.52,569.0,0.61,489.0,0.51,307.54,0.62,489.0
2026-01-07 03:49:33.660000+00:00,2026-01-07 03:49:31.149967+00:00,273.66,0.435,0.43,0.44,0.565,0.56,0.57,196.0,216.26,201.26,196.0,0.42,526.0,0.45,228.0,0.41,768.0,0.46,145.0,0.4,496.0,0.47,381.0,0.39,501.0,0.48,557.0,0.38,489.0,0.49,307.54,0.55,228.0,0.58,526.0,0.54,145.0,0.59,758.0,0.53,381.0,0.6,496.0,0.52,557.0,0.61,501.0,0.51,307.54,0.62,489.0
2026-01-07 03:49:34.689000+00:00,2026-01-07 03:49:32.155969+00:00,274.689,0.435,0.43,0.44,0.565,0.56,0.57,196.0,201.26,86.26,281.0,0.42,562.0,0.45,321.0,0.41,734.0,0.46,296.0,0.4,496.0,0.47,381.0,0.39,489.0,0.48,557.0,0.38,489.0,0.49,428.54,0.55,364.98,0.58,534.0,0.54,308.0,0.59,722.0,0.53,381.0,0.6,496.0,0.52,557.0,0.61,489.0,0.51,428.54,0.62,489.0
2026-01-07 03:49:35.759000+00:00,2026-01-07 03:49:33.173335+00:00,275.759,0.435,0.43,0.44,0.565,0.56,0.57,90.0,89.89,89.89,160.0,0.42,358.0,0.45,400.98,0.41,517.0,0.46,349.0,0.4,461.0,0.47,313.0,0.39,449.0,0.48,570.0,0.38,449.0,0.49,388.54,0.55,400.98,0.58,358.0,0.54,349.0,0.59,517.0,0.53,313.0,0.6,461.0,0.52,570.0,0.61,449.0,0.51,388.54,0.62,449.0
2026-01-07 03:49:36.829000+00:00,2026-01-07 03:49:34.178956+00:00,276.829,0.435,0.43,0.44,0.565,0.56,0.57,75.0,236.89,236.89,75.0,0.42,359.0,0.45,335.0,0.41,544.0,0.46,357.0,0.4,473.0,0.47,346.0,0.39,449.0,0.48,522.0,0.38,454.0,0.49,388.54,0.55,335.0,0.58,347.0,0.54,357.0,0.59,556.0,0.53,346.0,0.6,473.0,0.52,522.0,0.61,449.0,0.51,388.54,0.62,454.0
2026-01-07 03:49:37.892000+00:00,2026-01-07 03:49:35.185791+00:00,277.892,0.435,0.43,0.44,0.565,0.56,0.57,70.0,265.0,466.0,70.0,0.42,244.0,0.45,310.0,0.41,208.0,0.46,370.0,0.4,464.0,0.47,322.0,0.39,384.0,0.48,298.0,0.38,439.0,0.49,393.54,0.55,429.0,0.58,191.0,0.54,527.0,0.59,201.0,0.53,454.0,0.6,500.0,0.52,454.0,0.61,435.0,0.51,393.54,0.62,424.0
2026-01-07 03:49:38.883000+00:00,2026-01-07 03:49:36.195019+00:00,278.883,0.405,0.4,0.41,0.595,0.59,0.6,245.0,198.0,278.0,121.0,0.39,174.0,0.42,262.03,0.38,434.0,0.43,397.0,0.37,401.0,0.44,397.09,0.36,409.0,0.45,466.0,0.35,485.0,0.46,468.0,0.58,335.0,0.61,250.98,0.57,479.0,0.62,446.0,0.56,373.09,0.63,401.0,0.55,502.0,0.64,409.0,0.54,444.0,0.65,414.0
2026-01-07 03:49:39.853000+00:00,2026-01-07 03:49:37.200488+00:00,279.853,0.405,0.4,0.41,0.595,0.59,0.6,121.0,281.29,279.29,121.0,0.39,220.98,0.42,338.0,0.38,339.0,0.43,451.0,0.37,476.0,0.44,373.09,0.36,426.0,0.45,454.0,0.35,426.0,0.46,419.0,0.58,338.0,0.61,225.98,0.57,451.0,0.62,339.0,0.56,373.09,0.63,476.0,0.55,454.0,0.64,426.0,0.54,419.0,0.65,419.0
2026-01-07 03:49:40.820000+00:00,2026-01-07 03:49:38.207952+00:00,280.82,0.405,0.4,0.41,0.595,0.59,0.6,121.0,262.29,238.29,121.0,0.39,225.98,0.42,287.0,0.38,411.0,0.43,442.0,0.37,428.0,0.44,455.09,0.36,414.0,0.45,466.0,0.35,419.0,0.46,424.0,0.58,287.0,0.61,225.98,0.57,442.0,0.62,375.0,0.56,479.09,0.63,416.0,0.55,466.0,0.64,414.0,0.54,424.0,0.65,419.0
2026-01-07 03:49:41.918000+00:00,2026-01-07 03:49:39.231106+00:00,281.918,0.395,0.39,0.4,0.605,0.6,0.61,104.98,70.0,75.0,99.98,0.38,445.0,0.41,371.29,0.37,245.0,0.42,345.0,0.36,414.0,0.43,348.0,0.35,419.0,0.44,409.09,0.34,493.0,0.45,454.0,0.59,350.29,0.62,457.0,0.58,369.0,0.63,245.0,0.57,348.0,0.64,414.0,0.56,421.09,0.65,419.0,0.55,454.0,0.66,493.0
2026-01-07 03:49:42.932000+00:00,2026-01-07 03:49:40.238960+00:00,282.932,0.395,0.39,0.4,0.605,0.6,0.61,135.98,75.0,75.0,135.98,0.38,429.0,0.41,348.29,0.37,218.0,0.42,347.0,0.36,414.0,0.43,372.0,0.35,419.0,0.44,409.09,0.34,493.0,0.45,466.0,0.59,348.29,0.62,453.0,0.58,347.0,0.63,218.0,0.57,372.0,0.64,414.0,0.56,409.09,0.65,419.0,0.55,466.0,0.66,493.0
2026-01-07 03:49:43.954000+00:00,2026-01-07 03:49:41.260793+00:00,283.954,0.385,0.38,0.39,0.615,0.61,0.62,126.0,297.0,312.0,126.0,0.37,573.98,0.4,407.0,0.36,416.0,0.41,235.29,0.35,419.0,0.42,345.0,0.34,493.0,0.43,667.0,0.33,429.0,0.44,494.09,0.6,349.0,0.63,510.98,0.59,284.29,0.64,416.0,0.58,345.0,0.65,426.0,0.57,714.0,0.66,493.0,0.56,459.09,0.67,429.0
2026-01-07 03:49:44.921000+00:00,2026-01-07 03:49:42.268174+00:00,284.921,0.385,0.38,0.39,0.615,0.61,0.62,100.0,241.0,241.0,100.0,0.37,278.0,0.4,355.0,0.36,233.0,0.41,289.29,0.35,426.0,0.42,345.0,0.34,493.0,0.43,593.0,0.33,429.0,0.44,459.09,0.6,355.0,0.63,278.0,0.59,289.29,0.64,233.0,0.58,345.0,0.65,426.0,0.57,593.0,0.66,493.0,0.56,459.09,0.67,429.0
2026-01-07 03:49:45.942000+00:00,2026-01-07 03:49:43.288470+00:00,285.942,0.385,0.38,0.39,0.615,0.61,0.62,196.0,140.0,140.0,196.0,0.37,278.0,0.4,157.0,0.36,416.0,0.41,294.29,0.35,426.0,0.42,345.0,0.34,488.0,0.43,593.0,0.33,434.0,0.44,338.09,0.6,167.0,0.63,278.0,0.59,294.29,0.64,416.0,0.58,345.0,0.65,426.0,0.57,593.0,0.66,488.0,0.56,338.09,0.67,434.0
2026-01-07 03:49:46.981000+00:00,2026-01-07 03:49:44.295611+00:00,286.981,0.385,0.38,0.39,0.615,0.61,0.62,121.0,245.0,245.0,121.0,0.37,332.98,0.4,177.0,0.36,341.0,0.41,299.29,0.35,426.0,0.42,345.0,0.34,488.0,0.43,593.0,0.33,429.0,0.44,338.09,0.6,177.0,0.63,332.98,0.59,299.29,0.64,326.0,0.58,345.0,0.65,426.0,0.57,593.0,0.66,488.0,0.56,338.09,0.67,429.0
2026-01-07 03:49:47.953000+00:00,2026-01-07 03:49:45.300083+00:00,287.953,0.375,0.37,0.38,0.625,0.62,0.63,21.0,205.0,205.0,21.0,0.36,268.0,0.39,384.0,0.35,432.0,0.4,338.3,0.34,451.0,0.41,296.29,0.33,434.0,0.42,333.0,0.32,497.0,0.43,454.0,0.61,349.0,0.64,133.0,0.6,328.3,0.65,521.98,0.59,296.29,0.66,416.0,0.58,298.0,0.67,394.0,0.57,419.0,0.68,462.0
2026-01-07 03:49:48.982000+00:00,2026-01-07 03:49:46.307697+00:00,288.982,0.355,0.35,0.36,0.645,0.64,0.65,359.98,142.0,203.0,359.98,0.34,254.0,0.37,331.32,0.33,243.0,0.38,335.0,0.32,236.0,0.39,369.0,0.31,495.0,0.4,351.3,0.3,442.32,0.41,417.29,0.63,392.32,0.66,254.0,0.62,335.0,0.67,243.0,0.61,374.0,0.68,236.0,0.6,346.3,0.69,495.0,0.59,402.29,0.7,442.32
2026-01-07 03:49:49.927000+00:00,2026-01-07 03:49:47.313156+00:00,289.927,0.355,0.35,0.36,0.645,0.64,0.65,407.98,208.0,208.0,392.98,0.34,206.0,0.37,287.32,0.33,241.0,0.38,343.0,0.32,314.0,0.39,353.0,0.31,414.0,0.4,382.3,0.3,442.32,0.41,366.29,0.63,287.32,0.66,221.0,0.62,348.0,0.67,241.0,0.61,353.0,0.68,236.0,0.6,382.3,0.69,500.0,0.59,366.29,0.7,447.32
2026-01-07 03:49:50.947000+00:00,2026-01-07 03:49:48.319777+00:00,290.947,0.355,0.35,0.36,0.645,0.64,0.65,348.98,243.0,243.0,408.98,0.34,258.0,0.37,312.32,0.33,216.0,0.38,348.0,0.32,231.0,0.39,353.0,0.31,505.0,0.4,358.3,0.3,447.32,0.41,371.29,0.63,312.32,0.66,258.0,0.62,353.0,0.67,216.0,0.61,353.0,0.68,231.0,0.6,346.3,0.69,500.0,0.59,359.29,0.7,447.32
2026-01-07 03:49:51.992000+00:00,2026-01-07 03:49:49.313131+00:00,291.992,0.355,0.35,0.36,0.645,0.64,0.65,338.98,268.0,268.0,323.98,0.34,278.0,0.37,287.32,0.33,253.0,0.38,365.0,0.32,248.0,0.39,353.0,0.31,500.0,0.4,394.3,0.3,447.32,0.41,359.29,0.63,299.32,0.66,293.0,0.62,389.0,0.67,253.0,0.61,348.0,0.68,253.0,0.6,394.3,0.69,500.0,0.59,359.29,0.7,447.32
2026-01-07 03:49:52.951000+00:00,2026-01-07 03:49:50.318143+00:00,292.951,0.355,0.35,0.36,0.645,0.64,0.65,449.98,88.55,83.55,449.98,0.34,252.0,0.37,316.32,0.33,472.0,0.38,377.0,0.32,436.0,0.39,396.0,0.31,419.0,0.4,570.3,0.3,447.32,0.41,238.29,0.63,316.32,0.66,252.0,0.62,377.0,0.67,472.0,0.61,396.0,0.68,436.0,0.6,570.3,0.69,419.0,0.59,238.29,0.7,447.32
