timestamp,collected_at,seconds,mid,bid,ask,asset
2026-01-06 19:15:00+00:00,,0.0,ETH,3225.58,3225.46,19:15:00
2026-01-06 19:15:01+00:00,,1.0,ETH,3225.38,3225.19,19:15:01
2026-01-06 19:15:02+00:00,,2.0,ETH,3225.1,3225.0,19:15:02
2026-01-06 19:15:03+00:00,,3.0,ETH,3225.02,3225.0,19:15:03
2026-01-06 19:15:04+00:00,,4.0,ETH,3225.0,3225.0,19:15:04
2026-01-06 19:15:05+00:00,,5.0,ETH,3225.0,3225.0,19:15:05
2026-01-06 19:15:06+00:00,,6.0,ETH,3225.0,3225.0,19:15:06
2026-01-06 19:15:07+00:00,,7.0,ETH,3225.0,3224.97,19:15:07
2026-01-06 19:15:08+00:00,,8.0,ETH,3225.0,3224.97,19:15:08
2026-01-06 19:15:09+00:00,,9.0,ETH,3225.01,3224.99,19:15:09
2026-01-06 19:15:10+00:00,,10.0,ETH,3225.04,3224.99,19:15:10
2026-01-06 19:15:11+00:00,,11.0,ETH,3225.03,3224.99,19:15:11
2026-01-06 19:15:12+00:00,,12.0,ETH,3225.09,3225.08,19:15:12
2026-01-06 19:15:13+00:00,,13.0,ETH,3225.1,3225.1,19:15:13
2026-01-06 19:15:14+00:00,,14.0,ETH,3225.05,3225.02,19:15:14
2026-01-06 19:15:15+00:00,,15.0,ETH,3224.87,3224.85,19:15:15
2026-01-06 19:15:16+00:00,,16.0,ETH,3225.03,3225.01,19:15:16
2026-01-06 19:15:17+00:00,,17.0,ETH,3225.05,3225.03,19:15:17
2026-01-06 19:15:18+00:00,,18.0,ETH,3225.06,3225.03,19:15:18
2026-01-06 19:15:19+00:00,,19.0,ETH,3224.83,3224.76,19:15:19
2026-01-06 19:15:20+00:00,,20.0,ETH,3224.58,3224.49,19:15:20
2026-01-06 19:15:21+00:00,,21.0,ETH,3224.51,3224.46,19:15:21
2026-01-06 19:15:22+00:00,,22.0,ETH,3224.51,3224.5,19:15:22
2026-01-06 19:15:23+00:00,,23.0,ETH,3224.5,3224.46,19:15:23
2026-01-06 19:15:24+00:00,,24.0,ETH,3224.33,3224.27,19:15:24
2026-01-06 19:15:25+00:00,,25.0,ETH,3223.16,3222.99,19:15:25
2026-01-06 19:15:26+00:00,,26.0,ETH,3223.03,3222.87,19:15:26
2026-01-06 19:15:27+00:00,,27.0,ETH,3223.19,3223.16,19:15:27
2026-01-06 19:15:28+00:00,,28.0,ETH,3223.49,3223.4,19:15:28
2026-01-06 19:15:29+00:00,,29.0,ETH,3223.27,3223.21,19:15:29
2026-01-06 19:15:30+00:00,,30.0,ETH,3223.22,3223.01,19:15:30
2026-01-06 19:15:31+00:00,,31.0,ETH,3223.05,3222.91,19:15:31
2026-01-06 19:15:32+00:00,,32.0,ETH,3223.43,3223.27,19:15:32
2026-01-06 19:15:33+00:00,,33.0,ETH,3223.46,3223.4,19:15:33
2026-01-06 19:15:34+00:00,,34.0,ETH,3223.43,3223.3,19:15:34
2026-01-06 19:15:35+00:00,,35.0,ETH,3223.31,3223.21,19:15:35
2026-01-06 19:15:36+00:00,,36.0,ETH,3223.31,3223.27,19:15:36
2026-01-06 19:15:37+00:00,,37.0,ETH,3223.47,3223.36,19:15:37
2026-01-06 19:15:38+00:00,,38.0,ETH,3223.62,3223.45,19:15:38
2026-01-06 19:15:39+00:00,,39.0,ETH,3223.7,3223.54,19:15:39
2026-01-06 19:15:40+00:00,,40.0,ETH,3223.73,3223.53,19:15:40
2026-01-06 19:15:41+00:00,,41.0,ETH,3223.99,3223.92,19:15:41
2026-01-06 19:15:42+00:00,,42.0,ETH,3223.94,3223.71,19:15:42
2026-01-06 19:15:43+00:00,,43.0,ETH,3223.71,3223.66,19:15:43
2026-01-06 19:15:44+00:00,,44.0,ETH,3223.71,3223.69,19:15:44
2026-01-06 19:15:45+00:00,,45.0,ETH,3223.73,3223.71,19:15:45
2026-01-06 19:15:46+00:00,,46.0,ETH,3223.73,3223.71,19:15:46
2026-01-06 19:15:47+00:00,,47.0,ETH,3223.71,3223.64,19:15:47
2026-01-06 19:15:48+00:00,,48.0,ETH,3223.71,3223.64,19:15:48
2026-01-06 19:15:49+00:00,,49.0,ETH,3223.71,3223.64,19:15:49
2026-01-06 19:15:50+00:00,,50.0,ETH,3223.71,3223.62,19:15:50
2026-01-06 19:15:51+00:00,,51.0,ETH,3223.71,3223.62,19:15:51
2026-01-06 19:15:52+00:00,,52.0,ETH,3223.71,3223.62,19:15:52
2026-01-06 19:15:53+00:00,,53.0,ETH,3223.75,3223.71,19:15:53
2026-01-06 19:15:54+00:00,,54.0,ETH,3223.75,3223.71,19:15:54
2026-01-06 19:15:55+00:00,,55.0,ETH,3223.8,3223.71,19:15:55
2026-01-06 19:15:56+00:00,,56.0,ETH,3223.82,3223.71,19:15:56
2026-01-06 19:15:57+00:00,,57.0,ETH,3223.83,3223.71,19:15:57
2026-01-06 19:15:58+00:00,,58.0,ETH,3223.93,3223.86,19:15:58
2026-01-06 19:15:59+00:00,,59.0,ETH,3224.4,3224.23,19:15:59
2026-01-06 19:16:00+00:00,,60.0,ETH,3224.77,3224.76,19:16:00
2026-01-06 19:16:01+00:00,,61.0,ETH,3224.76,3224.71,19:16:01
2026-01-06 19:16:02+00:00,,62.0,ETH,3224.76,3224.72,19:16:02
2026-01-06 19:16:03+00:00,,63.0,ETH,3224.73,3224.67,19:16:03
2026-01-06 19:16:04+00:00,,64.0,ETH,3224.28,3224.18,19:16:04
2026-01-06 19:16:05+00:00,,65.0,ETH,3223.96,3223.91,19:16:05
2026-01-06 19:16:06+00:00,,66.0,ETH,3223.68,3223.65,19:16:06
2026-01-06 19:16:07+00:00,,67.0,ETH,3223.71,3223.65,19:16:07
2026-01-06 19:16:08+00:00,,68.0,ETH,3223.71,3223.65,19:16:08
2026-01-06 19:16:09+00:00,,69.0,ETH,3223.68,3223.62,19:16:09
2026-01-06 19:16:10+00:00,,70.0,ETH,3223.67,3223.62,19:16:10
2026-01-06 19:16:11+00:00,,71.0,ETH,3223.75,3223.65,19:16:11
2026-01-06 19:16:12+00:00,,72.0,ETH,3223.81,3223.65,19:16:12
2026-01-06 19:16:13+00:00,,73.0,ETH,3223.76,3223.65,19:16:13
2026-01-06 19:16:14+00:00,,74.0,ETH,3223.83,3223.79,19:16:14
2026-01-06 19:16:15+00:00,,75.0,ETH,3223.94,3223.92,19:16:15
2026-01-06 19:16:16+00:00,,76.0,ETH,3224.08,3224.06,19:16:16
2026-01-06 19:16:17+00:00,,77.0,ETH,3224.51,3224.46,19:16:17
2026-01-06 19:16:18+00:00,,78.0,ETH,3224.94,3224.8,19:16:18
2026-01-06 19:16:19+00:00,,79.0,ETH,3225.09,3224.91,19:16:19
2026-01-06 19:16:20+00:00,,80.0,ETH,3225.09,3224.95,19:16:20
2026-01-06 19:16:21+00:00,,81.0,ETH,3225.09,3224.96,19:16:21
2026-01-06 19:16:22+00:00,,82.0,ETH,3225.12,3225.0,19:16:22
2026-01-06 19:16:23+00:00,,83.0,ETH,3225.72,3225.54,19:16:23
2026-01-06 19:16:24+00:00,,84.0,ETH,3225.75,3225.65,19:16:24
2026-01-06 19:16:25+00:00,,85.0,ETH,3225.85,3225.83,19:16:25
2026-01-06 19:16:26+00:00,,86.0,ETH,3226.08,3225.95,19:16:26
2026-01-06 19:16:27+00:00,,87.0,ETH,3226.08,3225.94,19:16:27
2026-01-06 19:16:28+00:00,,88.0,ETH,3226.04,3225.9,19:16:28
2026-01-06 19:16:29+00:00,,89.0,ETH,3226.04,3225.91,19:16:29
2026-01-06 19:16:30+00:00,,90.0,ETH,3226.04,3225.91,19:16:30
2026-01-06 19:16:31+00:00,,91.0,ETH,3226.04,3225.91,19:16:31
2026-01-06 19:16:32+00:00,,92.0,ETH,3225.92,3225.79,19:16:32
2026-01-06 19:16:33+00:00,,93.0,ETH,3225.77,3225.75,19:16:33
2026-01-06 19:16:34+00:00,,94.0,ETH,3226.83,3226.4,19:16:34
2026-01-06 19:16:35+00:00,,95.0,ETH,3227.11,3227.01,19:16:35
2026-01-06 19:16:36+00:00,,96.0,ETH,3227.28,3227.12,19:16:36
2026-01-06 19:16:37+00:00,,97.0,ETH,3227.62,3227.55,19:16:37
2026-01-06 19:16:38+00:00,,98.0,ETH,3227.76,3227.58,19:16:38
2026-01-06 19:16:39+00:00,,99.0,ETH,3227.76,3227.58,19:16:39
2026-01-06 19:16:40+00:00,,100.0,ETH,3227.63,3227.54,19:16:40
2026-01-06 19:16:41+00:00,,101.0,ETH,3227.55,3227.48,19:16:41
2026-01-06 19:16:42+00:00,,102.0,ETH,3227.53,3227.46,19:16:42
2026-01-06 19:16:43+00:00,,103.0,ETH,3227.53,3227.46,19:16:43
2026-01-06 19:16:44+00:00,,104.0,ETH,3227.54,3227.47,19:16:44
2026-01-06 19:16:45+00:00,,105.0,ETH,3227.55,3227.47,19:16:45
2026-01-06 19:16:46+00:00,,106.0,ETH,3227.55,3227.49,19:16:46
2026-01-06 19:16:47+00:00,,107.0,ETH,3227.55,3227.49,19:16:47
2026-01-06 19:16:48+00:00,,108.0,ETH,3227.55,3227.49,19:16:48
2026-01-06 19:16:50+00:00,,110.0,ETH,3227.6,3227.54,19:16:50
2026-01-06 19:16:51+00:00,,111.0,ETH,3227.58,3227.51,19:16:51
2026-01-06 19:16:52+00:00,,112.0,ETH,3227.85,3227.68,19:16:52
2026-01-06 19:16:53+00:00,,113.0,ETH,3227.84,3227.71,19:16:53
2026-01-06 19:16:54+00:00,,114.0,ETH,3227.79,3227.67,19:16:54
2026-01-06 19:16:55+00:00,,115.0,ETH,3227.75,3227.69,19:16:55
2026-01-06 19:16:56+00:00,,116.0,ETH,3227.7,3227.6,19:16:56
2026-01-06 19:16:57+00:00,,117.0,ETH,3227.69,3227.6,19:16:57
2026-01-06 19:16:58+00:00,,118.0,ETH,3227.63,3227.56,19:16:58
2026-01-06 19:16:59+00:00,,119.0,ETH,3227.56,3227.49,19:16:59
2026-01-06 19:17:00+00:00,,120.0,ETH,3227.48,3227.36,19:17:00
2026-01-06 19:17:01+00:00,,121.0,ETH,3227.33,3227.21,19:17:01
2026-01-06 19:17:02+00:00,,122.0,ETH,3227.18,3227.11,19:17:02
2026-01-06 19:17:03+00:00,,123.0,ETH,3227.04,3226.97,19:17:03
2026-01-06 19:17:04+00:00,,124.0,ETH,3226.97,3226.88,19:17:04
2026-01-06 19:17:05+00:00,,125.0,ETH,3226.96,3226.89,19:17:05
2026-01-06 19:17:06+00:00,,126.0,ETH,3226.94,3226.88,19:17:06
2026-01-06 19:17:07+00:00,,127.0,ETH,3226.94,3226.83,19:17:07
2026-01-06 19:17:08+00:00,,128.0,ETH,3226.75,3226.66,19:17:08
2026-01-06 19:17:09+00:00,,129.0,ETH,3226.53,3226.5,19:17:09
2026-01-06 19:17:10+00:00,,130.0,ETH,3226.51,3226.5,19:17:10
2026-01-06 19:17:11+00:00,,131.0,ETH,3226.51,3226.5,19:17:11
2026-01-06 19:17:12+00:00,,132.0,ETH,3226.51,3226.5,19:17:12
2026-01-06 19:17:13+00:00,,133.0,ETH,3226.51,3226.5,19:17:13
2026-01-06 19:17:14+00:00,,134.0,ETH,3226.51,3226.5,19:17:14
2026-01-06 19:17:15+00:00,,135.0,ETH,3226.51,3226.5,19:17:15
2026-01-06 19:17:16+00:00,,136.0,ETH,3226.51,3226.5,19:17:16
2026-01-06 19:17:17+00:00,,137.0,ETH,3226.51,3226.49,19:17:17
2026-01-06 19:17:18+00:00,,138.0,ETH,3226.48,3226.41,19:17:18
2026-01-06 19:17:19+00:00,,139.0,ETH,3226.36,3226.21,19:17:19
2026-01-06 19:17:20+00:00,,140.0,ETH,3225.86,3225.73,19:17:20
2026-01-06 19:17:21+00:00,,141.0,ETH,3225.52,3225.38,19:17:21
2026-01-06 19:17:24+00:00,,144.0,ETH,3225.9,3225.85,19:17:24
2026-01-06 19:17:25+00:00,,145.0,ETH,3226.04,3226.0,19:17:25
2026-01-06 19:17:26+00:00,,146.0,ETH,3226.1,3226.01,19:17:26
2026-01-06 19:17:28+00:00,,148.0,ETH,3226.07,3225.99,19:17:28
2026-01-06 19:17:29+00:00,,149.0,ETH,3225.97,3225.92,19:17:29
2026-01-06 19:17:30+00:00,,150.0,ETH,3225.81,3225.75,19:17:30
2026-01-06 19:17:31+00:00,,151.0,ETH,3225.75,3225.69,19:17:31
2026-01-06 19:17:33+00:00,,153.0,ETH,3225.74,3225.7,19:17:33
2026-01-06 19:17:34+00:00,,154.0,ETH,3225.67,3225.65,19:17:34
2026-01-06 19:17:35+00:00,,155.0,ETH,3225.67,3225.65,19:17:35
2026-01-06 19:17:36+00:00,,156.0,ETH,3225.67,3225.66,19:17:36
2026-01-06 19:17:37+00:00,,157.0,ETH,3225.67,3225.66,19:17:37
2026-01-06 19:17:39+00:00,,159.0,ETH,3225.74,3225.69,19:17:39
2026-01-06 19:17:40+00:00,,160.0,ETH,3225.85,3225.76,19:17:40
2026-01-06 19:17:41+00:00,,161.0,ETH,3225.83,3225.76,19:17:41
2026-01-06 19:17:42+00:00,,162.0,ETH,3225.81,3225.73,19:17:42
2026-01-06 19:17:43+00:00,,163.0,ETH,3225.8,3225.61,19:17:43
2026-01-06 19:17:44+00:00,,164.0,ETH,3225.63,3225.59,19:17:44
2026-01-06 19:17:45+00:00,,165.0,ETH,3225.62,3225.57,19:17:45
2026-01-06 19:17:46+00:00,,166.0,ETH,3225.58,3225.53,19:17:46
2026-01-06 19:17:47+00:00,,167.0,ETH,3225.59,3225.55,19:17:47
2026-01-06 19:17:48+00:00,,168.0,ETH,3225.43,3225.31,19:17:48
2026-01-06 19:17:49+00:00,,169.0,ETH,3225.33,3225.31,19:17:49
2026-01-06 19:17:50+00:00,,170.0,ETH,3225.34,3225.31,19:17:50
2026-01-06 19:17:51+00:00,,171.0,ETH,3225.34,3225.31,19:17:51
2026-01-06 19:17:52+00:00,,172.0,ETH,3225.32,3225.31,19:17:52
2026-01-06 19:17:53+00:00,,173.0,ETH,3225.33,3225.31,19:17:53
2026-01-06 19:17:54+00:00,,174.0,ETH,3225.32,3225.31,19:17:54
2026-01-06 19:17:55+00:00,,175.0,ETH,3225.32,3225.31,19:17:55
2026-01-06 19:17:56+00:00,,176.0,ETH,3225.32,3225.31,19:17:56
2026-01-06 19:17:57+00:00,,177.0,ETH,3225.32,3225.31,19:17:57
2026-01-06 19:17:58+00:00,,178.0,ETH,3225.32,3225.31,19:17:58
2026-01-06 19:17:59+00:00,,179.0,ETH,3224.82,3224.63,19:17:59
2026-01-06 19:18:00+00:00,,180.0,ETH,3224.67,3224.62,19:18:00
2026-01-06 19:18:01+00:00,,181.0,ETH,3224.63,3224.61,19:18:01
2026-01-06 19:18:02+00:00,,182.0,ETH,3224.63,3224.6,19:18:02
2026-01-06 19:18:03+00:00,,183.0,ETH,3224.63,3224.6,19:18:03
2026-01-06 19:18:04+00:00,,184.0,ETH,3224.61,3224.6,19:18:04
2026-01-06 19:18:05+00:00,,185.0,ETH,3224.61,3224.6,19:18:05
2026-01-06 19:18:06+00:00,,186.0,ETH,3224.64,3224.62,19:18:06
2026-01-06 19:18:07+00:00,,187.0,ETH,3224.64,3224.63,19:18:07
2026-01-06 19:18:08+00:00,,188.0,ETH,3224.63,3224.6,19:18:08
2026-01-06 19:18:09+00:00,,189.0,ETH,3224.67,3224.62,19:18:09
2026-01-06 19:18:10+00:00,,190.0,ETH,3224.76,3224.7,19:18:10
2026-01-06 19:18:11+00:00,,191.0,ETH,3224.87,3224.81,19:18:11
2026-01-06 19:18:12+00:00,,192.0,ETH,3224.96,3224.92,19:18:12
2026-01-06 19:18:13+00:00,,193.0,ETH,3224.94,3224.91,19:18:13
2026-01-06 19:18:14+00:00,,194.0,ETH,3224.93,3224.9,19:18:14
2026-01-06 19:18:15+00:00,,195.0,ETH,3224.99,3224.96,19:18:15
2026-01-06 19:18:16+00:00,,196.0,ETH,3225.01,3224.97,19:18:16
2026-01-06 19:18:17+00:00,,197.0,ETH,3224.99,3224.96,19:18:17
2026-01-06 19:18:18+00:00,,198.0,ETH,3224.98,3224.96,19:18:18
2026-01-06 19:18:19+00:00,,199.0,ETH,3224.98,3224.96,19:18:19
2026-01-06 19:18:20+00:00,,200.0,ETH,3225.04,3224.92,19:18:20
2026-01-06 19:18:21+00:00,,201.0,ETH,3225.08,3224.9,19:18:21
2026-01-06 19:18:22+00:00,,202.0,ETH,3225.06,3224.91,19:18:22
2026-01-06 19:18:23+00:00,,203.0,ETH,3225.04,3224.91,19:18:23
2026-01-06 19:18:24+00:00,,204.0,ETH,3225.05,3224.91,19:18:24
2026-01-06 19:18:25+00:00,,205.0,ETH,3224.96,3224.9,19:18:25
2026-01-06 19:18:26+00:00,,206.0,ETH,3224.98,3224.9,19:18:26
2026-01-06 19:18:27+00:00,,207.0,ETH,3225.0,3224.88,19:18:27
2026-01-06 19:18:28+00:00,,208.0,ETH,3224.91,3224.81,19:18:28
2026-01-06 19:18:29+00:00,,209.0,ETH,3224.99,3224.88,19:18:29
2026-01-06 19:18:30+00:00,,210.0,ETH,3225.08,3225.01,19:18:30
2026-01-06 19:18:31+00:00,,211.0,ETH,3225.05,3225.0,19:18:31
2026-01-06 19:18:32+00:00,,212.0,ETH,3225.0,3224.87,19:18:32
2026-01-06 19:18:33+00:00,,213.0,ETH,3224.97,3224.78,19:18:33
2026-01-06 19:18:34+00:00,,214.0,ETH,3224.97,3224.8,19:18:34
2026-01-06 19:18:35+00:00,,215.0,ETH,3224.94,3224.8,19:18:35
2026-01-06 19:18:36+00:00,,216.0,ETH,3224.93,3224.8,19:18:36
2026-01-06 19:18:37+00:00,,217.0,ETH,3224.88,3224.78,19:18:37
2026-01-06 19:18:38+00:00,,218.0,ETH,3224.83,3224.74,19:18:38
2026-01-06 19:18:39+00:00,,219.0,ETH,3224.84,3224.75,19:18:39
2026-01-06 19:18:40+00:00,,220.0,ETH,3224.82,3224.75,19:18:40
2026-01-06 19:18:41+00:00,,221.0,ETH,3224.81,3224.75,19:18:41
2026-01-06 19:18:42+00:00,,222.0,ETH,3224.81,3224.76,19:18:42
2026-01-06 19:18:43+00:00,,223.0,ETH,3224.82,3224.76,19:18:43
2026-01-06 19:18:44+00:00,,224.0,ETH,3224.8,3224.73,19:18:44
2026-01-06 19:18:45+00:00,,225.0,ETH,3224.75,3224.7,19:18:45
2026-01-06 19:18:46+00:00,,226.0,ETH,3224.74,3224.7,19:18:46
2026-01-06 19:18:47+00:00,,227.0,ETH,3224.74,3224.7,19:18:47
2026-01-06 19:18:48+00:00,,228.0,ETH,3224.73,3224.69,19:18:48
2026-01-06 19:18:49+00:00,,229.0,ETH,3224.73,3224.69,19:18:49
2026-01-06 19:18:50+00:00,,230.0,ETH,3224.73,3224.7,19:18:50
2026-01-06 19:18:51+00:00,,231.0,ETH,3224.72,3224.69,19:18:51
2026-01-06 19:18:52+00:00,,232.0,ETH,3224.73,3224.69,19:18:52
2026-01-06 19:18:53+00:00,,233.0,ETH,3224.72,3224.69,19:18:53
2026-01-06 19:18:54+00:00,,234.0,ETH,3224.71,3224.68,19:18:54
2026-01-06 19:18:55+00:00,,235.0,ETH,3224.71,3224.67,19:18:55
2026-01-06 19:18:56+00:00,,236.0,ETH,3224.71,3224.68,19:18:56
2026-01-06 19:18:57+00:00,,237.0,ETH,3224.71,3224.68,19:18:57
2026-01-06 19:18:58+00:00,,238.0,ETH,3224.7,3224.67,19:18:58
2026-01-06 19:18:59+00:00,,239.0,ETH,3224.7,3224.67,19:18:59
2026-01-06 19:19:00+00:00,,240.0,ETH,3224.7,3224.67,19:19:00
2026-01-06 19:19:03+00:00,,243.0,ETH,3224.43,3224.42,19:19:03
2026-01-06 19:19:04+00:00,,244.0,ETH,3224.43,3224.4,19:19:04
2026-01-06 19:19:05+00:00,,245.0,ETH,3224.43,3224.38,19:19:05
2026-01-06 19:19:06+00:00,,246.0,ETH,3224.41,3224.38,19:19:06
2026-01-06 19:19:07+00:00,,247.0,ETH,3224.43,3224.38,19:19:07
2026-01-06 19:19:08+00:00,,248.0,ETH,3224.43,3224.38,19:19:08
2026-01-06 19:19:09+00:00,,249.0,ETH,3224.4,3224.37,19:19:09
2026-01-06 19:19:10+00:00,,250.0,ETH,3224.4,3224.37,19:19:10
2026-01-06 19:19:11+00:00,,251.0,ETH,3224.39,3224.28,19:19:11
2026-01-06 19:19:12+00:00,,252.0,ETH,3224.5,3224.38,19:19:12
2026-01-06 19:19:13+00:00,,253.0,ETH,3224.81,3224.74,19:19:13
2026-01-06 19:19:14+00:00,,254.0,ETH,3224.97,3224.88,19:19:14
2026-01-06 19:19:15+00:00,,255.0,ETH,3224.95,3224.77,19:19:15
2026-01-06 19:19:16+00:00,,256.0,ETH,3224.82,3224.61,19:19:16
2026-01-06 19:19:17+00:00,,257.0,ETH,3224.61,3224.48,19:19:17
2026-01-06 19:19:18+00:00,,258.0,ETH,3224.5,3224.41,19:19:18
2026-01-06 19:19:19+00:00,,259.0,ETH,3224.5,3224.4,19:19:19
2026-01-06 19:19:20+00:00,,260.0,ETH,3224.5,3224.4,19:19:20
2026-01-06 19:19:21+00:00,,261.0,ETH,3224.5,3224.41,19:19:21
2026-01-06 19:19:22+00:00,,262.0,ETH,3224.54,3224.44,19:19:22
2026-01-06 19:19:23+00:00,,263.0,ETH,3224.6,3224.48,19:19:23
2026-01-06 19:19:24+00:00,,264.0,ETH,3224.62,3224.5,19:19:24
2026-01-06 19:19:25+00:00,,265.0,ETH,3224.62,3224.5,19:19:25
2026-01-06 19:19:26+00:00,,266.0,ETH,3224.62,3224.48,19:19:26
2026-01-06 19:19:27+00:00,,267.0,ETH,3224.62,3224.49,19:19:27
2026-01-06 19:19:28+00:00,,268.0,ETH,3224.62,3224.49,19:19:28
2026-01-06 19:19:29+00:00,,269.0,ETH,3224.6,3224.46,19:19:29
2026-01-06 19:19:31+00:00,,271.0,ETH,3224.4,3224.36,19:19:31
2026-01-06 19:19:32+00:00,,272.0,ETH,3224.33,3224.3,19:19:32
2026-01-06 19:19:33+00:00,,273.0,ETH,3224.36,3224.28,19:19:33
2026-01-06 19:19:34+00:00,,274.0,ETH,3224.51,3224.43,19:19:34
2026-01-06 19:19:35+00:00,,275.0,ETH,3224.51,3224.45,19:19:35
2026-01-06 19:19:36+00:00,,276.0,ETH,3224.51,3224.45,19:19:36
2026-01-06 19:19:37+00:00,,277.0,ETH,3224.51,3224.45,19:19:37
2026-01-06 19:19:38+00:00,,278.0,ETH,3224.51,3224.45,19:19:38
2026-01-06 19:19:39+00:00,,279.0,ETH,3224.51,3224.44,19:19:39
2026-01-06 19:19:40+00:00,,280.0,ETH,3224.51,3224.45,19:19:40
2026-01-06 19:19:41+00:00,,281.0,ETH,3224.5,3224.44,19:19:41
2026-01-06 19:19:42+00:00,,282.0,ETH,3224.41,3224.21,19:19:42
2026-01-06 19:19:43+00:00,,283.0,ETH,3224.21,3224.01,19:19:43
2026-01-06 19:19:44+00:00,,284.0,ETH,3224.09,3224.02,19:19:44
2026-01-06 19:19:45+00:00,,285.0,ETH,3224.09,3224.02,19:19:45
2026-01-06 19:19:46+00:00,,286.0,ETH,3224.09,3224.02,19:19:46
2026-01-06 19:19:47+00:00,,287.0,ETH,3224.15,3224.03,19:19:47
2026-01-06 19:19:48+00:00,,288.0,ETH,3224.13,3224.02,19:19:48
2026-01-06 19:19:49+00:00,,289.0,ETH,3224.05,3224.01,19:19:49
2026-01-06 19:19:50+00:00,,290.0,ETH,3224.07,3224.01,19:19:50
2026-01-06 19:19:51+00:00,,291.0,ETH,3224.09,3224.01,19:19:51
2026-01-06 19:19:52+00:00,,292.0,ETH,3224.08,3224.02,19:19:52
2026-01-06 19:19:53+00:00,,293.0,ETH,3224.07,3224.01,19:19:53
2026-01-06 19:19:54+00:00,,294.0,ETH,3224.06,3224.01,19:19:54
2026-01-06 19:19:55+00:00,,295.0,ETH,3224.19,3224.01,19:19:55
2026-01-06 19:19:56+00:00,,296.0,ETH,3224.32,3224.02,19:19:56
2026-01-06 19:19:57+00:00,,297.0,ETH,3224.22,3224.03,19:19:57
2026-01-06 19:19:58+00:00,,298.0,ETH,3224.11,3224.04,19:19:58
2026-01-06 19:19:59+00:00,,299.0,ETH,3224.14,3224.05,19:19:59
2026-01-06 19:20:00+00:00,,300.0,ETH,3224.18,3224.1,19:20:00
2026-01-06 19:20:01+00:00,,301.0,ETH,3224.18,3224.11,19:20:01
2026-01-06 19:20:02+00:00,,302.0,ETH,3224.15,3224.07,19:20:02
2026-01-06 19:20:03+00:00,,303.0,ETH,3224.15,3224.07,19:20:03
2026-01-06 19:20:04+00:00,,304.0,ETH,3224.13,3223.92,19:20:04
2026-01-06 19:20:05+00:00,,305.0,ETH,3223.95,3223.77,19:20:05
2026-01-06 19:20:06+00:00,,306.0,ETH,3223.68,3223.65,19:20:06
2026-01-06 19:20:07+00:00,,307.0,ETH,3223.53,3223.52,19:20:07
2026-01-06 19:20:08+00:00,,308.0,ETH,3223.44,3223.44,19:20:08
2026-01-06 19:20:09+00:00,,309.0,ETH,3223.41,3223.35,19:20:09
2026-01-06 19:20:10+00:00,,310.0,ETH,3223.36,3223.16,19:20:10
2026-01-06 19:20:11+00:00,,311.0,ETH,3223.22,3222.97,19:20:11
2026-01-06 19:20:12+00:00,,312.0,ETH,3223.14,3222.98,19:20:12
2026-01-06 19:20:13+00:00,,313.0,ETH,3223.05,3222.95,19:20:13
2026-01-06 19:20:14+00:00,,314.0,ETH,3222.96,3222.85,19:20:14
2026-01-06 19:20:15+00:00,,315.0,ETH,3222.88,3222.78,19:20:15
2026-01-06 19:20:16+00:00,,316.0,ETH,3222.82,3222.76,19:20:16
2026-01-06 19:20:17+00:00,,317.0,ETH,3222.78,3222.74,19:20:17
2026-01-06 19:20:18+00:00,,318.0,ETH,3222.72,3222.67,19:20:18
2026-01-06 19:20:19+00:00,,319.0,ETH,3222.64,3222.61,19:20:19
2026-01-06 19:20:20+00:00,,320.0,ETH,3222.6,3222.54,19:20:20
2026-01-06 19:20:21+00:00,,321.0,ETH,3222.53,3222.47,19:20:21
2026-01-06 19:20:22+00:00,,322.0,ETH,3222.48,3222.47,19:20:22
2026-01-06 19:20:23+00:00,,323.0,ETH,3222.48,3222.47,19:20:23
2026-01-06 19:20:24+00:00,,324.0,ETH,3222.48,3222.47,19:20:24
2026-01-06 19:20:25+00:00,,325.0,ETH,3222.33,3222.32,19:20:25
2026-01-06 19:20:26+00:00,,326.0,ETH,3222.33,3222.32,19:20:26
2026-01-06 19:20:27+00:00,,327.0,ETH,3222.33,3222.32,19:20:27
2026-01-06 19:20:28+00:00,,328.0,ETH,3221.92,3221.87,19:20:28
2026-01-06 19:20:29+00:00,,329.0,ETH,3221.82,3221.76,19:20:29
2026-01-06 19:20:30+00:00,,330.0,ETH,3221.85,3221.8,19:20:30
2026-01-06 19:20:31+00:00,,331.0,ETH,3221.87,3221.84,19:20:31
2026-01-06 19:20:32+00:00,,332.0,ETH,3221.61,3221.58,19:20:32
2026-01-06 19:20:33+00:00,,333.0,ETH,3221.38,3221.33,19:20:33
2026-01-06 19:20:34+00:00,,334.0,ETH,3221.38,3221.34,19:20:34
2026-01-06 19:20:35+00:00,,335.0,ETH,3221.38,3221.34,19:20:35
2026-01-06 19:20:36+00:00,,336.0,ETH,3221.35,3221.31,19:20:36
2026-01-06 19:20:37+00:00,,337.0,ETH,3221.32,3221.29,19:20:37
2026-01-06 19:20:38+00:00,,338.0,ETH,3221.35,3221.33,19:20:38
2026-01-06 19:20:39+00:00,,339.0,ETH,3221.46,3221.43,19:20:39
2026-01-06 19:20:40+00:00,,340.0,ETH,3221.73,3221.6,19:20:40
2026-01-06 19:20:41+00:00,,341.0,ETH,3221.91,3221.69,19:20:41
2026-01-06 19:20:42+00:00,,342.0,ETH,3221.84,3221.69,19:20:42
2026-01-06 19:20:43+00:00,,343.0,ETH,3221.77,3221.68,19:20:43
2026-01-06 19:20:44+00:00,,344.0,ETH,3222.04,3221.91,19:20:44
2026-01-06 19:20:45+00:00,,345.0,ETH,3222.3,3222.13,19:20:45
2026-01-06 19:20:46+00:00,,346.0,ETH,3222.29,3222.18,19:20:46
2026-01-06 19:20:47+00:00,,347.0,ETH,3222.48,3222.41,19:20:47
2026-01-06 19:20:48+00:00,,348.0,ETH,3222.93,3222.85,19:20:48
2026-01-06 19:20:49+00:00,,349.0,ETH,3223.42,3223.33,19:20:49
2026-01-06 19:20:50+00:00,,350.0,ETH,3223.77,3223.61,19:20:50
2026-01-06 19:20:51+00:00,,351.0,ETH,3223.89,3223.68,19:20:51
2026-01-06 19:20:52+00:00,,352.0,ETH,3223.84,3223.66,19:20:52
2026-01-06 19:20:53+00:00,,353.0,ETH,3223.78,3223.66,19:20:53
2026-01-06 19:20:54+00:00,,354.0,ETH,3223.78,3223.68,19:20:54
2026-01-06 19:20:55+00:00,,355.0,ETH,3223.8,3223.7,19:20:55
2026-01-06 19:20:56+00:00,,356.0,ETH,3223.83,3223.71,19:20:56
2026-01-06 19:20:57+00:00,,357.0,ETH,3223.78,3223.7,19:20:57
2026-01-06 19:20:58+00:00,,358.0,ETH,3223.73,3223.69,19:20:58
2026-01-06 19:20:59+00:00,,359.0,ETH,3223.73,3223.68,19:20:59
2026-01-06 19:21:00+00:00,,360.0,ETH,3223.72,3223.61,19:21:00
2026-01-06 19:21:01+00:00,,361.0,ETH,3223.65,3223.43,19:21:01
2026-01-06 19:21:02+00:00,,362.0,ETH,3223.45,3223.29,19:21:02
2026-01-06 19:21:03+00:00,,363.0,ETH,3223.32,3223.23,19:21:03
2026-01-06 19:21:04+00:00,,364.0,ETH,3223.26,3223.13,19:21:04
2026-01-06 19:21:05+00:00,,365.0,ETH,3223.19,3223.09,19:21:05
2026-01-06 19:21:06+00:00,,366.0,ETH,3223.06,3223.01,19:21:06
2026-01-06 19:21:07+00:00,,367.0,ETH,3222.95,3222.9,19:21:07
2026-01-06 19:21:08+00:00,,368.0,ETH,3222.97,3222.89,19:21:08
2026-01-06 19:21:09+00:00,,369.0,ETH,3222.99,3222.88,19:21:09
2026-01-06 19:21:10+00:00,,370.0,ETH,3222.97,3222.87,19:21:10
2026-01-06 19:21:11+00:00,,371.0,ETH,3222.96,3222.86,19:21:11
2026-01-06 19:21:12+00:00,,372.0,ETH,3222.97,3222.85,19:21:12
2026-01-06 19:21:13+00:00,,373.0,ETH,3222.96,3222.88,19:21:13
2026-01-06 19:21:14+00:00,,374.0,ETH,3222.98,3222.88,19:21:14
2026-01-06 19:21:15+00:00,,375.0,ETH,3223.0,3222.95,19:21:15
2026-01-06 19:21:16+00:00,,376.0,ETH,3223.37,3223.2,19:21:16
2026-01-06 19:21:17+00:00,,377.0,ETH,3223.46,3223.31,19:21:17
2026-01-06 19:21:18+00:00,,378.0,ETH,3223.46,3223.31,19:21:18
2026-01-06 19:21:19+00:00,,379.0,ETH,3223.55,3223.4,19:21:19
2026-01-06 19:21:20+00:00,,380.0,ETH,3223.55,3223.51,19:21:20
2026-01-06 19:21:21+00:00,,381.0,ETH,3224.0,3223.71,19:21:21
2026-01-06 19:21:22+00:00,,382.0,ETH,3223.94,3223.72,19:21:22
2026-01-06 19:21:23+00:00,,383.0,ETH,3224.02,3223.9,19:21:23
2026-01-06 19:21:24+00:00,,384.0,ETH,3224.08,3224.08,19:21:24
2026-01-06 19:21:25+00:00,,385.0,ETH,3224.46,3224.19,19:21:25
2026-01-06 19:21:26+00:00,,386.0,ETH,3224.48,3224.18,19:21:26
2026-01-06 19:21:27+00:00,,387.0,ETH,3224.39,3224.2,19:21:27
2026-01-06 19:21:28+00:00,,388.0,ETH,3225.01,3224.91,19:21:28
2026-01-06 19:21:29+00:00,,389.0,ETH,3225.31,3225.12,19:21:29
2026-01-06 19:21:30+00:00,,390.0,ETH,3225.28,3225.13,19:21:30
2026-01-06 19:21:31+00:00,,391.0,ETH,3225.27,3225.14,19:21:31
2026-01-06 19:21:32+00:00,,392.0,ETH,3225.29,3225.15,19:21:32
2026-01-06 19:21:33+00:00,,393.0,ETH,3225.15,3225.07,19:21:33
2026-01-06 19:21:34+00:00,,394.0,ETH,3225.0,3224.99,19:21:34
2026-01-06 19:21:35+00:00,,395.0,ETH,3225.09,3225.03,19:21:35
2026-01-06 19:21:36+00:00,,396.0,ETH,3225.04,3225.0,19:21:36
2026-01-06 19:21:37+00:00,,397.0,ETH,3225.06,3225.01,19:21:37
2026-01-06 19:21:38+00:00,,398.0,ETH,3225.12,3225.03,19:21:38
2026-01-06 19:21:39+00:00,,399.0,ETH,3225.14,3225.03,19:21:39
2026-01-06 19:21:40+00:00,,400.0,ETH,3225.12,3225.03,19:21:40
2026-01-06 19:21:41+00:00,,401.0,ETH,3224.99,3224.77,19:21:41
2026-01-06 19:21:42+00:00,,402.0,ETH,3224.5,3224.41,19:21:42
2026-01-06 19:21:43+00:00,,403.0,ETH,3224.3,3224.29,19:21:43
2026-01-06 19:21:44+00:00,,404.0,ETH,3224.22,3224.17,19:21:44
2026-01-06 19:21:45+00:00,,405.0,ETH,3224.19,3224.14,19:21:45
2026-01-06 19:21:46+00:00,,406.0,ETH,3224.07,3224.03,19:21:46
2026-01-06 19:21:47+00:00,,407.0,ETH,3224.07,3224.0,19:21:47
2026-01-06 19:21:48+00:00,,408.0,ETH,3224.09,3223.99,19:21:48
2026-01-06 19:21:49+00:00,,409.0,ETH,3224.07,3223.96,19:21:49
2026-01-06 19:21:50+00:00,,410.0,ETH,3224.06,3223.92,19:21:50
2026-01-06 19:21:51+00:00,,411.0,ETH,3224.01,3223.91,19:21:51
2026-01-06 19:21:52+00:00,,412.0,ETH,3223.87,3223.78,19:21:52
2026-01-06 19:21:53+00:00,,413.0,ETH,3223.78,3223.73,19:21:53
2026-01-06 19:21:54+00:00,,414.0,ETH,3223.74,3223.73,19:21:54
2026-01-06 19:21:55+00:00,,415.0,ETH,3223.68,3223.66,19:21:55
2026-01-06 19:21:56+00:00,,416.0,ETH,3223.69,3223.66,19:21:56
2026-01-06 19:21:57+00:00,,417.0,ETH,3223.69,3223.66,19:21:57
2026-01-06 19:21:58+00:00,,418.0,ETH,3223.7,3223.66,19:21:58
2026-01-06 19:21:59+00:00,,419.0,ETH,3223.88,3223.83,19:21:59
2026-01-06 19:22:00+00:00,,420.0,ETH,3223.8,3223.63,19:22:00
2026-01-06 19:22:01+00:00,,421.0,ETH,3223.7,3223.51,19:22:01
2026-01-06 19:22:02+00:00,,422.0,ETH,3223.64,3223.59,19:22:02
2026-01-06 19:22:04+00:00,,424.0,ETH,3223.56,3223.53,19:22:04
2026-01-06 19:22:05+00:00,,425.0,ETH,3223.27,3223.09,19:22:05
2026-01-06 19:22:06+00:00,,426.0,ETH,3223.05,3223.05,19:22:06
2026-01-06 19:22:07+00:00,,427.0,ETH,3223.25,3223.12,19:22:07
2026-01-06 19:22:08+00:00,,428.0,ETH,3223.07,3223.05,19:22:08
2026-01-06 19:22:09+00:00,,429.0,ETH,3223.07,3223.05,19:22:09
2026-01-06 19:22:10+00:00,,430.0,ETH,3223.05,3223.05,19:22:10
2026-01-06 19:22:11+00:00,,431.0,ETH,3223.05,3223.05,19:22:11
2026-01-06 19:22:12+00:00,,432.0,ETH,3223.07,3222.96,19:22:12
2026-01-06 19:22:13+00:00,,433.0,ETH,3222.77,3222.76,19:22:13
2026-01-06 19:22:14+00:00,,434.0,ETH,3222.88,3222.87,19:22:14
2026-01-06 19:22:15+00:00,,435.0,ETH,3222.81,3222.8,19:22:15
2026-01-06 19:22:16+00:00,,436.0,ETH,3222.77,3222.76,19:22:16
2026-01-06 19:22:17+00:00,,437.0,ETH,3222.77,3222.76,19:22:17
2026-01-06 19:22:18+00:00,,438.0,ETH,3222.95,3222.8,19:22:18
2026-01-06 19:22:19+00:00,,439.0,ETH,3223.22,3223.08,19:22:19
2026-01-06 19:22:20+00:00,,440.0,ETH,3223.45,3223.33,19:22:20
2026-01-06 19:22:21+00:00,,441.0,ETH,3223.35,3223.31,19:22:21
2026-01-06 19:22:22+00:00,,442.0,ETH,3223.42,3223.33,19:22:22
2026-01-06 19:22:23+00:00,,443.0,ETH,3223.29,3223.16,19:22:23
2026-01-06 19:22:24+00:00,,444.0,ETH,3223.34,3223.21,19:22:24
2026-01-06 19:22:25+00:00,,445.0,ETH,3223.4,3223.32,19:22:25
2026-01-06 19:22:26+00:00,,446.0,ETH,3223.67,3223.6,19:22:26
2026-01-06 19:22:27+00:00,,447.0,ETH,3223.98,3223.91,19:22:27
2026-01-06 19:22:28+00:00,,448.0,ETH,3224.22,3224.07,19:22:28
2026-01-06 19:22:29+00:00,,449.0,ETH,3224.32,3224.06,19:22:29
2026-01-06 19:22:30+00:00,,450.0,ETH,3224.33,3224.07,19:22:30
2026-01-06 19:22:31+00:00,,451.0,ETH,3224.18,3224.03,19:22:31
2026-01-06 19:22:32+00:00,,452.0,ETH,3223.99,3223.92,19:22:32
2026-01-06 19:22:34+00:00,,454.0,ETH,3223.96,3223.86,19:22:34
2026-01-06 19:22:35+00:00,,455.0,ETH,3223.96,3223.86,19:22:34
2026-01-06 19:22:36+00:00,,456.0,ETH,3224.03,3223.96,19:22:36
2026-01-06 19:22:37+00:00,,457.0,ETH,3223.99,3223.95,19:22:37
2026-01-06 19:22:38+00:00,,458.0,ETH,3223.98,3223.96,19:22:38
2026-01-06 19:22:39+00:00,,459.0,ETH,3223.98,3223.96,19:22:39
2026-01-06 19:22:40+00:00,,460.0,ETH,3223.98,3223.93,19:22:40
2026-01-06 19:22:41+00:00,,461.0,ETH,3223.96,3223.93,19:22:41
2026-01-06 19:22:42+00:00,,462.0,ETH,3223.96,3223.93,19:22:42
2026-01-06 19:22:43+00:00,,463.0,ETH,3223.96,3223.93,19:22:43
2026-01-06 19:22:44+00:00,,464.0,ETH,3223.96,3223.93,19:22:44
2026-01-06 19:22:45+00:00,,465.0,ETH,3223.96,3223.87,19:22:45
2026-01-06 19:22:46+00:00,,466.0,ETH,3223.93,3223.8,19:22:46
2026-01-06 19:22:47+00:00,,467.0,ETH,3223.84,3223.75,19:22:47
2026-01-06 19:22:48+00:00,,468.0,ETH,3223.83,3223.73,19:22:48
2026-01-06 19:22:49+00:00,,469.0,ETH,3223.83,3223.74,19:22:49
2026-01-06 19:22:50+00:00,,470.0,ETH,3223.83,3223.74,19:22:50
2026-01-06 19:22:51+00:00,,471.0,ETH,3223.84,3223.74,19:22:51
2026-01-06 19:22:53+00:00,,473.0,ETH,3223.91,3223.78,19:22:53
2026-01-06 19:22:54+00:00,,474.0,ETH,3223.92,3223.77,19:22:54
2026-01-06 19:22:55+00:00,,475.0,ETH,3223.9,3223.77,19:22:55
2026-01-06 19:22:56+00:00,,476.0,ETH,3223.9,3223.76,19:22:56
2026-01-06 19:22:57+00:00,,477.0,ETH,3223.9,3223.77,19:22:57
2026-01-06 19:22:58+00:00,,478.0,ETH,3223.99,3223.77,19:22:58
2026-01-06 19:22:59+00:00,,479.0,ETH,3223.99,3223.76,19:22:59
2026-01-06 19:23:00+00:00,,480.0,ETH,3224.01,3223.77,19:23:00
2026-01-06 19:23:01+00:00,,481.0,ETH,3223.99,3223.77,19:23:01
2026-01-06 19:23:02+00:00,,482.0,ETH,3224.13,3223.98,19:23:02
2026-01-06 19:23:03+00:00,,483.0,ETH,3224.39,3224.39,19:23:03
2026-01-06 19:23:04+00:00,,484.0,ETH,3225.15,3225.0,19:23:04
2026-01-06 19:23:05+00:00,,485.0,ETH,3225.19,3225.11,19:23:05
2026-01-06 19:23:06+00:00,,486.0,ETH,3225.27,3225.11,19:23:06
2026-01-06 19:23:07+00:00,,487.0,ETH,3225.27,3225.12,19:23:07
2026-01-06 19:23:08+00:00,,488.0,ETH,3225.41,3225.3,19:23:08
2026-01-06 19:23:09+00:00,,489.0,ETH,3225.42,3225.17,19:23:09
2026-01-06 19:23:10+00:00,,490.0,ETH,3225.3,3225.07,19:23:10
2026-01-06 19:23:11+00:00,,491.0,ETH,3225.06,3224.63,19:23:11
2026-01-06 19:23:12+00:00,,492.0,ETH,3224.56,3224.49,19:23:12
2026-01-06 19:23:13+00:00,,493.0,ETH,3224.44,3224.39,19:23:13
2026-01-06 19:23:14+00:00,,494.0,ETH,3224.41,3224.38,19:23:14
2026-01-06 19:23:15+00:00,,495.0,ETH,3224.39,3224.35,19:23:15
2026-01-06 19:23:16+00:00,,496.0,ETH,3224.29,3224.24,19:23:16
2026-01-06 19:23:17+00:00,,497.0,ETH,3224.13,3224.09,19:23:17
2026-01-06 19:23:18+00:00,,498.0,ETH,3224.07,3224.01,19:23:18
2026-01-06 19:23:19+00:00,,499.0,ETH,3224.06,3223.99,19:23:19
2026-01-06 19:23:20+00:00,,500.0,ETH,3224.01,3223.95,19:23:20
2026-01-06 19:23:21+00:00,,501.0,ETH,3223.94,3223.88,19:23:21
2026-01-06 19:23:22+00:00,,502.0,ETH,3223.92,3223.88,19:23:22
2026-01-06 19:23:23+00:00,,503.0,ETH,3223.94,3223.9,19:23:23
2026-01-06 19:23:24+00:00,,504.0,ETH,3223.97,3223.88,19:23:24
2026-01-06 19:23:25+00:00,,505.0,ETH,3224.33,3224.16,19:23:25
2026-01-06 19:23:27+00:00,,507.0,ETH,3224.6,3224.4,19:23:27
2026-01-06 19:23:28+00:00,,508.0,ETH,3224.62,3224.56,19:23:28
2026-01-06 19:23:29+00:00,,509.0,ETH,3224.99,3224.73,19:23:29
2026-01-06 19:23:30+00:00,,510.0,ETH,3224.98,3224.74,19:23:30
2026-01-06 19:23:31+00:00,,511.0,ETH,3224.94,3224.76,19:23:31
2026-01-06 19:23:32+00:00,,512.0,ETH,3224.86,3224.74,19:23:32
2026-01-06 19:23:33+00:00,,513.0,ETH,3224.86,3224.74,19:23:33
2026-01-06 19:23:34+00:00,,514.0,ETH,3224.73,3224.41,19:23:34
2026-01-06 19:23:35+00:00,,515.0,ETH,3224.35,3224.25,19:23:35
2026-01-06 19:23:36+00:00,,516.0,ETH,3224.21,3224.13,19:23:36
2026-01-06 19:23:37+00:00,,517.0,ETH,3224.18,3224.13,19:23:37
2026-01-06 19:23:38+00:00,,518.0,ETH,3224.24,3224.17,19:23:38
2026-01-06 19:23:39+00:00,,519.0,ETH,3224.26,3224.17,19:23:39
2026-01-06 19:23:40+00:00,,520.0,ETH,3224.25,3224.16,19:23:40
2026-01-06 19:23:41+00:00,,521.0,ETH,3224.24,3224.15,19:23:41
2026-01-06 19:23:42+00:00,,522.0,ETH,3224.21,3224.03,19:23:42
2026-01-06 19:23:43+00:00,,523.0,ETH,3224.09,3223.91,19:23:43
2026-01-06 19:23:44+00:00,,524.0,ETH,3223.82,3223.74,19:23:44
2026-01-06 19:23:45+00:00,,525.0,ETH,3223.6,3223.54,19:23:45
2026-01-06 19:23:47+00:00,,527.0,ETH,3223.65,3223.65,19:23:47
2026-01-06 19:23:48+00:00,,528.0,ETH,3223.65,3223.65,19:23:48
2026-01-06 19:23:49+00:00,,529.0,ETH,3223.65,3223.64,19:23:49
2026-01-06 19:23:50+00:00,,530.0,ETH,3223.64,3223.53,19:23:50
2026-01-06 19:23:51+00:00,,531.0,ETH,3223.52,3223.47,19:23:51
2026-01-06 19:23:52+00:00,,532.0,ETH,3223.52,3223.46,19:23:52
2026-01-06 19:23:53+00:00,,533.0,ETH,3223.45,3223.37,19:23:53
2026-01-06 19:23:54+00:00,,534.0,ETH,3223.41,3223.35,19:23:54
2026-01-06 19:23:55+00:00,,535.0,ETH,3223.23,3223.22,19:23:55
2026-01-06 19:23:56+00:00,,536.0,ETH,3223.25,3223.2,19:23:56
2026-01-06 19:23:57+00:00,,537.0,ETH,3223.12,3223.11,19:23:57
2026-01-06 19:23:58+00:00,,538.0,ETH,3223.12,3223.11,19:23:58
2026-01-06 19:23:59+00:00,,539.0,ETH,3223.12,3223.11,19:23:59
2026-01-06 19:24:00+00:00,,540.0,ETH,3223.16,3223.11,19:24:00
2026-01-06 19:24:01+00:00,,541.0,ETH,3223.05,3222.94,19:24:01
2026-01-06 19:24:02+00:00,,542.0,ETH,3222.98,3222.82,19:24:02
2026-01-06 19:24:03+00:00,,543.0,ETH,3222.91,3222.71,19:24:03
2026-01-06 19:24:04+00:00,,544.0,ETH,3222.79,3222.56,19:24:04
2026-01-06 19:24:05+00:00,,545.0,ETH,3222.55,3222.42,19:24:05
2026-01-06 19:24:06+00:00,,546.0,ETH,3222.39,3222.34,19:24:06
2026-01-06 19:24:07+00:00,,547.0,ETH,3222.37,3222.3,19:24:07
2026-01-06 19:24:08+00:00,,548.0,ETH,3222.36,3222.26,19:24:08
2026-01-06 19:24:09+00:00,,549.0,ETH,3222.45,3222.38,19:24:09
2026-01-06 19:24:10+00:00,,550.0,ETH,3222.54,3222.5,19:24:10
2026-01-06 19:24:11+00:00,,551.0,ETH,3222.51,3222.47,19:24:11
2026-01-06 19:24:12+00:00,,552.0,ETH,3222.5,3222.46,19:24:12
2026-01-06 19:24:13+00:00,,553.0,ETH,3222.52,3222.48,19:24:13
2026-01-06 19:24:14+00:00,,554.0,ETH,3222.32,3222.27,19:24:14
2026-01-06 19:24:15+00:00,,555.0,ETH,3222.07,3221.99,19:24:15
2026-01-06 19:24:16+00:00,,556.0,ETH,3222.0,3221.92,19:24:16
2026-01-06 19:24:17+00:00,,557.0,ETH,3221.94,3221.89,19:24:17
2026-01-06 19:24:18+00:00,,558.0,ETH,3221.9,3221.8,19:24:18
2026-01-06 19:24:19+00:00,,559.0,ETH,3221.84,3221.73,19:24:19
2026-01-06 19:24:20+00:00,,560.0,ETH,3221.76,3221.65,19:24:20
2026-01-06 19:24:21+00:00,,561.0,ETH,3221.67,3221.56,19:24:21
2026-01-06 19:24:22+00:00,,562.0,ETH,3221.6,3221.55,19:24:22
2026-01-06 19:24:23+00:00,,563.0,ETH,3221.6,3221.54,19:24:23
2026-01-06 19:24:24+00:00,,564.0,ETH,3221.6,3221.54,19:24:24
2026-01-06 19:24:25+00:00,,565.0,ETH,3221.61,3221.51,19:24:25
2026-01-06 19:24:26+00:00,,566.0,ETH,3221.59,3221.54,19:24:26
2026-01-06 19:24:27+00:00,,567.0,ETH,3221.66,3221.62,19:24:27
2026-01-06 19:24:28+00:00,,568.0,ETH,3221.71,3221.55,19:24:28
2026-01-06 19:24:29+00:00,,569.0,ETH,3221.72,3221.55,19:24:29
2026-01-06 19:24:30+00:00,,570.0,ETH,3221.77,3221.57,19:24:30
2026-01-06 19:24:31+00:00,,571.0,ETH,3221.72,3221.55,19:24:31
2026-01-06 19:24:32+00:00,,572.0,ETH,3221.72,3221.56,19:24:32
2026-01-06 19:24:33+00:00,,573.0,ETH,3221.74,3221.7,19:24:33
2026-01-06 19:24:34+00:00,,574.0,ETH,3221.84,3221.63,19:24:34
2026-01-06 19:24:35+00:00,,575.0,ETH,3221.75,3221.63,19:24:35
2026-01-06 19:24:36+00:00,,576.0,ETH,3221.77,3221.65,19:24:36
2026-01-06 19:24:37+00:00,,577.0,ETH,3221.85,3221.67,19:24:37
2026-01-06 19:24:38+00:00,,578.0,ETH,3221.87,3221.68,19:24:38
2026-01-06 19:24:39+00:00,,579.0,ETH,3221.87,3221.71,19:24:39
2026-01-06 19:24:40+00:00,,580.0,ETH,3221.88,3221.71,19:24:40
2026-01-06 19:24:42+00:00,,582.0,ETH,3221.85,3221.71,19:24:42
2026-01-06 19:24:43+00:00,,583.0,ETH,3221.86,3221.79,19:24:43
2026-01-06 19:24:44+00:00,,584.0,ETH,3221.81,3221.75,19:24:44
2026-01-06 19:24:45+00:00,,585.0,ETH,3221.79,3221.71,19:24:45
2026-01-06 19:24:46+00:00,,586.0,ETH,3221.79,3221.67,19:24:46
2026-01-06 19:24:47+00:00,,587.0,ETH,3221.79,3221.58,19:24:47
2026-01-06 19:24:48+00:00,,588.0,ETH,3221.89,3221.77,19:24:48
2026-01-06 19:24:49+00:00,,589.0,ETH,3222.02,3221.83,19:24:49
2026-01-06 19:24:50+00:00,,590.0,ETH,3222.06,3221.92,19:24:50
2026-01-06 19:24:51+00:00,,591.0,ETH,3222.09,3221.93,19:24:51
2026-01-06 19:24:52+00:00,,592.0,ETH,3222.11,3221.93,19:24:52
2026-01-06 19:24:53+00:00,,593.0,ETH,3222.1,3221.92,19:24:53
2026-01-06 19:24:54+00:00,,594.0,ETH,3222.08,3221.91,19:24:54
2026-01-06 19:24:55+00:00,,595.0,ETH,3222.0,3221.88,19:24:55
2026-01-06 19:24:56+00:00,,596.0,ETH,3221.91,3221.85,19:24:56
2026-01-06 19:24:57+00:00,,597.0,ETH,3221.91,3221.85,19:24:57
2026-01-06 19:24:58+00:00,,598.0,ETH,3221.91,3221.82,19:24:58
2026-01-06 19:24:59+00:00,,599.0,ETH,3221.91,3221.8,19:24:59
2026-01-06 19:25:00+00:00,,600.0,ETH,3221.93,3221.8,19:25:00
2026-01-06 19:25:01+00:00,,601.0,ETH,3221.98,3221.81,19:25:01
2026-01-06 19:25:02+00:00,,602.0,ETH,3222.02,3221.8,19:25:02
2026-01-06 19:25:03+00:00,,603.0,ETH,3221.99,3221.79,19:25:03
2026-01-06 19:25:04+00:00,,604.0,ETH,3221.94,3221.74,19:25:04
2026-01-06 19:25:05+00:00,,605.0,ETH,3221.93,3221.72,19:25:05
2026-01-06 19:25:06+00:00,,606.0,ETH,3221.94,3221.74,19:25:06
2026-01-06 19:25:07+00:00,,607.0,ETH,3221.95,3221.79,19:25:07
2026-01-06 19:25:08+00:00,,608.0,ETH,3222.03,3221.89,19:25:08
2026-01-06 19:25:09+00:00,,609.0,ETH,3222.05,3221.9,19:25:09
2026-01-06 19:25:10+00:00,,610.0,ETH,3221.99,3221.86,19:25:10
2026-01-06 19:25:11+00:00,,611.0,ETH,3221.98,3221.86,19:25:11
2026-01-06 19:25:12+00:00,,612.0,ETH,3222.0,3221.88,19:25:12
2026-01-06 19:25:13+00:00,,613.0,ETH,3222.05,3221.92,19:25:13
2026-01-06 19:25:14+00:00,,614.0,ETH,3222.08,3221.93,19:25:14
2026-01-06 19:25:15+00:00,,615.0,ETH,3222.07,3221.93,19:25:15
2026-01-06 19:25:16+00:00,,616.0,ETH,3222.06,3221.93,19:25:16
2026-01-06 19:25:17+00:00,,617.0,ETH,3222.05,3221.92,19:25:17
2026-01-06 19:25:18+00:00,,618.0,ETH,3222.06,3221.93,19:25:18
2026-01-06 19:25:19+00:00,,619.0,ETH,3222.06,3221.92,19:25:19
2026-01-06 19:25:20+00:00,,620.0,ETH,3222.07,3221.91,19:25:20
2026-01-06 19:25:21+00:00,,621.0,ETH,3222.17,3222.08,19:25:21
2026-01-06 19:25:22+00:00,,622.0,ETH,3222.55,3222.45,19:25:22
2026-01-06 19:25:23+00:00,,623.0,ETH,3222.87,3222.67,19:25:23
2026-01-06 19:25:24+00:00,,624.0,ETH,3222.9,3222.69,19:25:24
2026-01-06 19:25:25+00:00,,625.0,ETH,3222.89,3222.7,19:25:25
2026-01-06 19:25:26+00:00,,626.0,ETH,3222.98,3222.8,19:25:26
2026-01-06 19:25:27+00:00,,627.0,ETH,3223.12,3222.9,19:25:27
2026-01-06 19:25:29+00:00,,629.0,ETH,3223.15,3222.9,19:25:29
2026-01-06 19:25:30+00:00,,630.0,ETH,3223.07,3222.9,19:25:30
2026-01-06 19:25:31+00:00,,631.0,ETH,3223.07,3222.9,19:25:31
2026-01-06 19:25:32+00:00,,632.0,ETH,3223.07,3222.9,19:25:32
2026-01-06 19:25:33+00:00,,633.0,ETH,3223.07,3222.9,19:25:33
2026-01-06 19:25:34+00:00,,634.0,ETH,3223.07,3222.9,19:25:34
2026-01-06 19:25:35+00:00,,635.0,ETH,3223.05,3222.9,19:25:35
2026-01-06 19:25:36+00:00,,636.0,ETH,3223.04,3222.77,19:25:36
2026-01-06 19:25:37+00:00,,637.0,ETH,3222.99,3222.83,19:25:37
2026-01-06 19:25:38+00:00,,638.0,ETH,3223.02,3222.85,19:25:38
2026-01-06 19:25:39+00:00,,639.0,ETH,3223.02,3222.73,19:25:39
2026-01-06 19:25:40+00:00,,640.0,ETH,3222.67,3222.43,19:25:40
2026-01-06 19:25:41+00:00,,641.0,ETH,3222.3,3222.23,19:25:41
2026-01-06 19:25:42+00:00,,642.0,ETH,3222.25,3222.21,19:25:42
2026-01-06 19:25:43+00:00,,643.0,ETH,3222.25,3222.2,19:25:43
2026-01-06 19:25:44+00:00,,644.0,ETH,3222.25,3222.21,19:25:44
2026-01-06 19:25:45+00:00,,645.0,ETH,3222.32,3222.3,19:25:45
2026-01-06 19:25:46+00:00,,646.0,ETH,3222.78,3222.67,19:25:46
2026-01-06 19:25:47+00:00,,647.0,ETH,3223.17,3222.95,19:25:47
2026-01-06 19:25:48+00:00,,648.0,ETH,3223.18,3222.97,19:25:48
2026-01-06 19:25:49+00:00,,649.0,ETH,3223.19,3222.99,19:25:49
2026-01-06 19:25:50+00:00,,650.0,ETH,3223.25,3223.09,19:25:50
2026-01-06 19:25:51+00:00,,651.0,ETH,3223.5,3223.3,19:25:51
2026-01-06 19:25:52+00:00,,652.0,ETH,3223.76,3223.5,19:25:52
2026-01-06 19:25:53+00:00,,653.0,ETH,3223.88,3223.71,19:25:53
2026-01-06 19:25:54+00:00,,654.0,ETH,3224.28,3224.18,19:25:54
2026-01-06 19:25:55+00:00,,655.0,ETH,3224.76,3224.6,19:25:55
2026-01-06 19:25:56+00:00,,656.0,ETH,3224.88,3224.65,19:25:56
2026-01-06 19:25:57+00:00,,657.0,ETH,3224.83,3224.65,19:25:57
2026-01-06 19:25:58+00:00,,658.0,ETH,3224.83,3224.65,19:25:58
2026-01-06 19:25:59+00:00,,659.0,ETH,3224.89,3224.66,19:25:59
2026-01-06 19:26:00+00:00,,660.0,ETH,3224.84,3224.66,19:26:00
2026-01-06 19:26:01+00:00,,661.0,ETH,3224.71,3224.56,19:26:01
2026-01-06 19:26:02+00:00,,662.0,ETH,3224.66,3224.51,19:26:02
2026-01-06 19:26:03+00:00,,663.0,ETH,3224.74,3224.67,19:26:03
2026-01-06 19:26:04+00:00,,664.0,ETH,3225.02,3224.91,19:26:04
2026-01-06 19:26:05+00:00,,665.0,ETH,3225.24,3225.06,19:26:05
2026-01-06 19:26:06+00:00,,666.0,ETH,3225.24,3225.07,19:26:06
2026-01-06 19:26:07+00:00,,667.0,ETH,3225.31,3225.08,19:26:07
2026-01-06 19:26:08+00:00,,668.0,ETH,3225.41,3225.11,19:26:08
2026-01-06 19:26:09+00:00,,669.0,ETH,3225.47,3225.21,19:26:09
2026-01-06 19:26:10+00:00,,670.0,ETH,3225.51,3225.34,19:26:10
2026-01-06 19:26:11+00:00,,671.0,ETH,3225.61,3225.4,19:26:11
2026-01-06 19:26:12+00:00,,672.0,ETH,3225.66,3225.37,19:26:12
2026-01-06 19:26:13+00:00,,673.0,ETH,3225.66,3225.44,19:26:13
2026-01-06 19:26:14+00:00,,674.0,ETH,3225.65,3225.55,19:26:14
2026-01-06 19:26:16+00:00,,676.0,ETH,3225.69,3225.54,19:26:16
2026-01-06 19:26:17+00:00,,677.0,ETH,3225.74,3225.53,19:26:17
2026-01-06 19:26:18+00:00,,678.0,ETH,3225.64,3225.53,19:26:18
2026-01-06 19:26:19+00:00,,679.0,ETH,3225.74,3225.53,19:26:19
2026-01-06 19:26:20+00:00,,680.0,ETH,3225.79,3225.63,19:26:20
2026-01-06 19:26:21+00:00,,681.0,ETH,3225.9,3225.65,19:26:21
2026-01-06 19:26:22+00:00,,682.0,ETH,3225.91,3225.65,19:26:22
2026-01-06 19:26:23+00:00,,683.0,ETH,3225.89,3225.65,19:26:23
2026-01-06 19:26:24+00:00,,684.0,ETH,3225.88,3225.6,19:26:24
2026-01-06 19:26:25+00:00,,685.0,ETH,3225.88,3225.61,19:26:25
2026-01-06 19:26:26+00:00,,686.0,ETH,3225.76,3225.38,19:26:26
2026-01-06 19:26:27+00:00,,687.0,ETH,3225.67,3225.43,19:26:27
2026-01-06 19:26:28+00:00,,688.0,ETH,3225.65,3225.44,19:26:28
2026-01-06 19:26:29+00:00,,689.0,ETH,3225.63,3225.5,19:26:29
2026-01-06 19:26:30+00:00,,690.0,ETH,3225.72,3225.68,19:26:30
2026-01-06 19:26:31+00:00,,691.0,ETH,3226.48,3226.3,19:26:31
2026-01-06 19:26:32+00:00,,692.0,ETH,3227.01,3226.73,19:26:32
2026-01-06 19:26:33+00:00,,693.0,ETH,3226.86,3226.65,19:26:33
2026-01-06 19:26:34+00:00,,694.0,ETH,3226.87,3226.57,19:26:34
2026-01-06 19:26:35+00:00,,695.0,ETH,3226.73,3226.31,19:26:35
2026-01-06 19:26:36+00:00,,696.0,ETH,3226.41,3226.1,19:26:36
2026-01-06 19:26:37+00:00,,697.0,ETH,3226.22,3226.05,19:26:37
2026-01-06 19:26:38+00:00,,698.0,ETH,3226.22,3226.02,19:26:38
2026-01-06 19:26:39+00:00,,699.0,ETH,3226.23,3226.02,19:26:39
2026-01-06 19:26:40+00:00,,700.0,ETH,3226.26,3226.02,19:26:40
2026-01-06 19:26:41+00:00,,701.0,ETH,3226.11,3225.92,19:26:41
2026-01-06 19:26:42+00:00,,702.0,ETH,3225.95,3225.87,19:26:42
2026-01-06 19:26:43+00:00,,703.0,ETH,3225.89,3225.78,19:26:43
2026-01-06 19:26:44+00:00,,704.0,ETH,3225.78,3225.68,19:26:44
2026-01-06 19:26:45+00:00,,705.0,ETH,3225.62,3225.58,19:26:45
2026-01-06 19:26:46+00:00,,706.0,ETH,3225.49,3225.38,19:26:46
2026-01-06 19:26:47+00:00,,707.0,ETH,3225.33,3225.23,19:26:47
2026-01-06 19:26:48+00:00,,708.0,ETH,3225.2,3225.16,19:26:48
2026-01-06 19:26:49+00:00,,709.0,ETH,3225.29,3225.25,19:26:49
2026-01-06 19:26:50+00:00,,710.0,ETH,3225.38,3225.28,19:26:50
2026-01-06 19:26:51+00:00,,711.0,ETH,3225.38,3225.25,19:26:51
2026-01-06 19:26:52+00:00,,712.0,ETH,3225.17,3224.98,19:26:52
2026-01-06 19:26:53+00:00,,713.0,ETH,3225.14,3225.1,19:26:53
2026-01-06 19:26:54+00:00,,714.0,ETH,3225.1,3225.06,19:26:54
2026-01-06 19:26:55+00:00,,715.0,ETH,3225.07,3225.03,19:26:55
2026-01-06 19:26:56+00:00,,716.0,ETH,3225.06,3225.02,19:26:56
2026-01-06 19:26:57+00:00,,717.0,ETH,3224.94,3224.9,19:26:57
2026-01-06 19:26:58+00:00,,718.0,ETH,3224.95,3224.91,19:26:58
2026-01-06 19:26:59+00:00,,719.0,ETH,3224.9,3224.85,19:26:59
2026-01-06 19:27:00+00:00,,720.0,ETH,3224.89,3224.85,19:27:00
2026-01-06 19:27:01+00:00,,721.0,ETH,3224.6,3224.34,19:27:01
2026-01-06 19:27:02+00:00,,722.0,ETH,3224.75,3224.7,19:27:02
2026-01-06 19:27:03+00:00,,723.0,ETH,3224.51,3224.5,19:27:03
2026-01-06 19:27:04+00:00,,724.0,ETH,3224.52,3224.51,19:27:04
2026-01-06 19:27:05+00:00,,725.0,ETH,3224.47,3224.46,19:27:05
2026-01-06 19:27:06+00:00,,726.0,ETH,3224.21,3224.19,19:27:06
2026-01-06 19:27:07+00:00,,727.0,ETH,3224.18,3224.14,19:27:07
2026-01-06 19:27:08+00:00,,728.0,ETH,3224.01,3224.0,19:27:08
2026-01-06 19:27:09+00:00,,729.0,ETH,3223.82,3223.81,19:27:09
2026-01-06 19:27:10+00:00,,730.0,ETH,3223.47,3223.47,19:27:10
2026-01-06 19:27:11+00:00,,731.0,ETH,3223.55,3223.5,19:27:11
2026-01-06 19:27:12+00:00,,732.0,ETH,3223.54,3223.5,19:27:12
2026-01-06 19:27:13+00:00,,733.0,ETH,3223.58,3223.54,19:27:13
2026-01-06 19:27:14+00:00,,734.0,ETH,3223.55,3223.51,19:27:14
2026-01-06 19:27:15+00:00,,735.0,ETH,3223.54,3223.5,19:27:15
2026-01-06 19:27:16+00:00,,736.0,ETH,3223.51,3223.41,19:27:16
2026-01-06 19:27:17+00:00,,737.0,ETH,3223.52,3223.39,19:27:17
2026-01-06 19:27:18+00:00,,738.0,ETH,3223.57,3223.52,19:27:18
2026-01-06 19:27:19+00:00,,739.0,ETH,3223.59,3223.58,19:27:19
2026-01-06 19:27:20+00:00,,740.0,ETH,3223.59,3223.58,19:27:20
2026-01-06 19:27:22+00:00,,742.0,ETH,3223.53,3223.45,19:27:22
2026-01-06 19:27:23+00:00,,743.0,ETH,3223.3,3223.27,19:27:23
2026-01-06 19:27:24+00:00,,744.0,ETH,3223.32,3223.28,19:27:24
2026-01-06 19:27:25+00:00,,745.0,ETH,3223.25,3223.2,19:27:25
2026-01-06 19:27:26+00:00,,746.0,ETH,3223.25,3223.21,19:27:26
2026-01-06 19:27:27+00:00,,747.0,ETH,3223.25,3223.21,19:27:27
2026-01-06 19:27:28+00:00,,748.0,ETH,3223.29,3223.25,19:27:28
2026-01-06 19:27:29+00:00,,749.0,ETH,3223.28,3223.23,19:27:29
2026-01-06 19:27:30+00:00,,750.0,ETH,3223.28,3223.24,19:27:30
2026-01-06 19:27:31+00:00,,751.0,ETH,3223.29,3223.25,19:27:31
2026-01-06 19:27:32+00:00,,752.0,ETH,3223.3,3223.26,19:27:32
2026-01-06 19:27:33+00:00,,753.0,ETH,3223.31,3223.27,19:27:33
2026-01-06 19:27:34+00:00,,754.0,ETH,3223.39,3223.34,19:27:34
2026-01-06 19:27:35+00:00,,755.0,ETH,3223.53,3223.44,19:27:35
2026-01-06 19:27:36+00:00,,756.0,ETH,3223.52,3223.44,19:27:36
2026-01-06 19:27:37+00:00,,757.0,ETH,3223.38,3223.25,19:27:37
2026-01-06 19:27:38+00:00,,758.0,ETH,3223.31,3223.26,19:27:38
2026-01-06 19:27:39+00:00,,759.0,ETH,3223.07,3222.93,19:27:39
2026-01-06 19:27:40+00:00,,760.0,ETH,3223.06,3222.94,19:27:40
2026-01-06 19:27:41+00:00,,761.0,ETH,3223.03,3222.98,19:27:41
2026-01-06 19:27:42+00:00,,762.0,ETH,3223.02,3222.94,19:27:42
2026-01-06 19:27:43+00:00,,763.0,ETH,3223.06,3222.98,19:27:43
2026-01-06 19:27:44+00:00,,764.0,ETH,3223.15,3223.13,19:27:44
2026-01-06 19:27:45+00:00,,765.0,ETH,3223.27,3223.17,19:27:45
2026-01-06 19:27:46+00:00,,766.0,ETH,3223.32,3223.13,19:27:46
2026-01-06 19:27:47+00:00,,767.0,ETH,3223.32,3223.19,19:27:47
2026-01-06 19:27:48+00:00,,768.0,ETH,3223.32,3223.22,19:27:48
2026-01-06 19:27:49+00:00,,769.0,ETH,3223.26,3223.17,19:27:49
2026-01-06 19:27:50+00:00,,770.0,ETH,3223.21,3223.16,19:27:50
2026-01-06 19:27:51+00:00,,771.0,ETH,3223.22,3223.16,19:27:51
2026-01-06 19:27:52+00:00,,772.0,ETH,3223.22,3223.17,19:27:52
2026-01-06 19:27:53+00:00,,773.0,ETH,3223.23,3223.17,19:27:53
2026-01-06 19:27:54+00:00,,774.0,ETH,3223.23,3223.17,19:27:54
2026-01-06 19:27:55+00:00,,775.0,ETH,3223.23,3223.17,19:27:55
2026-01-06 19:27:56+00:00,,776.0,ETH,3223.24,3223.17,19:27:56
2026-01-06 19:27:57+00:00,,777.0,ETH,3223.24,3223.15,19:27:57
2026-01-06 19:27:58+00:00,,778.0,ETH,3223.25,3223.13,19:27:58
2026-01-06 19:27:59+00:00,,779.0,ETH,3223.29,3223.14,19:27:59
2026-01-06 19:28:00+00:00,,780.0,ETH,3223.31,3223.14,19:28:00
2026-01-06 19:28:01+00:00,,781.0,ETH,3223.29,3223.14,19:28:01
2026-01-06 19:28:02+00:00,,782.0,ETH,3223.26,3223.14,19:28:02
2026-01-06 19:28:03+00:00,,783.0,ETH,3223.23,3223.14,19:28:03
2026-01-06 19:28:04+00:00,,784.0,ETH,3223.2,3223.14,19:28:04
2026-01-06 19:28:05+00:00,,785.0,ETH,3223.09,3223.04,19:28:05
2026-01-06 19:28:06+00:00,,786.0,ETH,3223.22,3223.21,19:28:06
2026-01-06 19:28:07+00:00,,787.0,ETH,3223.25,3223.22,19:28:07
2026-01-06 19:28:08+00:00,,788.0,ETH,3223.47,3223.35,19:28:08
2026-01-06 19:28:09+00:00,,789.0,ETH,3223.46,3223.35,19:28:09
2026-01-06 19:28:10+00:00,,790.0,ETH,3223.41,3223.22,19:28:10
2026-01-06 19:28:11+00:00,,791.0,ETH,3223.41,3223.34,19:28:11
2026-01-06 19:28:12+00:00,,792.0,ETH,3223.42,3223.34,19:28:12
2026-01-06 19:28:13+00:00,,793.0,ETH,3223.42,3223.34,19:28:13
2026-01-06 19:28:14+00:00,,794.0,ETH,3223.42,3223.35,19:28:14
2026-01-06 19:28:15+00:00,,795.0,ETH,3223.41,3223.34,19:28:15
2026-01-06 19:28:16+00:00,,796.0,ETH,3223.41,3223.35,19:28:16
2026-01-06 19:28:17+00:00,,797.0,ETH,3223.41,3223.35,19:28:17
2026-01-06 19:28:18+00:00,,798.0,ETH,3223.41,3223.36,19:28:18
2026-01-06 19:28:19+00:00,,799.0,ETH,3223.38,3223.34,19:28:19
2026-01-06 19:28:20+00:00,,800.0,ETH,3223.38,3223.34,19:28:20
2026-01-06 19:28:21+00:00,,801.0,ETH,3223.4,3223.37,19:28:21
2026-01-06 19:28:22+00:00,,802.0,ETH,3223.39,3223.36,19:28:22
2026-01-06 19:28:23+00:00,,803.0,ETH,3223.37,3223.34,19:28:23
2026-01-06 19:28:24+00:00,,804.0,ETH,3223.38,3223.34,19:28:24
2026-01-06 19:28:25+00:00,,805.0,ETH,3223.51,3223.43,19:28:25
2026-01-06 19:28:26+00:00,,806.0,ETH,3223.64,3223.58,19:28:26
2026-01-06 19:28:27+00:00,,807.0,ETH,3223.72,3223.61,19:28:27
2026-01-06 19:28:28+00:00,,808.0,ETH,3223.78,3223.63,19:28:28
2026-01-06 19:28:29+00:00,,809.0,ETH,3223.78,3223.63,19:28:29
2026-01-06 19:28:30+00:00,,810.0,ETH,3223.78,3223.63,19:28:30
2026-01-06 19:28:31+00:00,,811.0,ETH,3223.74,3223.63,19:28:31
2026-01-06 19:28:32+00:00,,812.0,ETH,3223.65,3223.61,19:28:32
2026-01-06 19:28:33+00:00,,813.0,ETH,3223.82,3223.63,19:28:33
2026-01-06 19:28:34+00:00,,814.0,ETH,3223.77,3223.63,19:28:34
2026-01-06 19:28:35+00:00,,815.0,ETH,3223.82,3223.63,19:28:35
2026-01-06 19:28:36+00:00,,816.0,ETH,3223.65,3223.59,19:28:36
2026-01-06 19:28:37+00:00,,817.0,ETH,3223.67,3223.56,19:28:37
2026-01-06 19:28:38+00:00,,818.0,ETH,3223.82,3223.63,19:28:38
2026-01-06 19:28:39+00:00,,819.0,ETH,3223.79,3223.63,19:28:39
2026-01-06 19:28:40+00:00,,820.0,ETH,3223.64,3223.56,19:28:40
2026-01-06 19:28:41+00:00,,821.0,ETH,3223.64,3223.56,19:28:41
2026-01-06 19:28:42+00:00,,822.0,ETH,3223.59,3223.55,19:28:42
2026-01-06 19:28:43+00:00,,823.0,ETH,3223.63,3223.56,19:28:43
2026-01-06 19:28:44+00:00,,824.0,ETH,3223.18,3223.15,19:28:44
2026-01-06 19:28:45+00:00,,825.0,ETH,3223.18,3223.15,19:28:45
2026-01-06 19:28:46+00:00,,826.0,ETH,3223.18,3223.15,19:28:46
2026-01-06 19:28:47+00:00,,827.0,ETH,3223.08,3223.06,19:28:47
2026-01-06 19:28:48+00:00,,828.0,ETH,3223.08,3223.04,19:28:48
2026-01-06 19:28:49+00:00,,829.0,ETH,3223.12,3223.08,19:28:49
2026-01-06 19:28:50+00:00,,830.0,ETH,3223.16,3223.15,19:28:50
2026-01-06 19:28:51+00:00,,831.0,ETH,3223.16,3223.15,19:28:51
2026-01-06 19:28:52+00:00,,832.0,ETH,3223.19,3223.18,19:28:52
2026-01-06 19:28:53+00:00,,833.0,ETH,3223.19,3223.18,19:28:53
2026-01-06 19:28:54+00:00,,834.0,ETH,3223.21,3223.2,19:28:54
2026-01-06 19:28:55+00:00,,835.0,ETH,3223.2,3223.16,19:28:55
2026-01-06 19:28:56+00:00,,836.0,ETH,3223.19,3223.17,19:28:56
2026-01-06 19:28:57+00:00,,837.0,ETH,3223.19,3223.17,19:28:57
2026-01-06 19:28:58+00:00,,838.0,ETH,3223.24,3223.23,19:28:58
2026-01-06 19:28:59+00:00,,839.0,ETH,3223.24,3223.21,19:28:59
2026-01-06 19:29:00+00:00,,840.0,ETH,3223.26,3223.24,19:29:00
2026-01-06 19:29:01+00:00,,841.0,ETH,3223.4,3223.25,19:29:01
2026-01-06 19:29:02+00:00,,842.0,ETH,3223.47,3223.31,19:29:02
2026-01-06 19:29:03+00:00,,843.0,ETH,3223.47,3223.31,19:29:03
2026-01-06 19:29:04+00:00,,844.0,ETH,3223.91,3223.7,19:29:04
2026-01-06 19:29:05+00:00,,845.0,ETH,3224.1,3224.08,19:29:05
2026-01-06 19:29:06+00:00,,846.0,ETH,3224.44,3224.23,19:29:06
2026-01-06 19:29:07+00:00,,847.0,ETH,3224.5,3224.23,19:29:07
2026-01-06 19:29:08+00:00,,848.0,ETH,3224.43,3224.23,19:29:08
2026-01-06 19:29:09+00:00,,849.0,ETH,3224.52,3224.23,19:29:09
2026-01-06 19:29:10+00:00,,850.0,ETH,3224.57,3224.57,19:29:10
2026-01-06 19:29:11+00:00,,851.0,ETH,3224.79,3224.57,19:29:11
2026-01-06 19:29:12+00:00,,852.0,ETH,3224.82,3224.57,19:29:12
2026-01-06 19:29:13+00:00,,853.0,ETH,3224.82,3224.57,19:29:13
2026-01-06 19:29:14+00:00,,854.0,ETH,3224.82,3224.59,19:29:14
2026-01-06 19:29:15+00:00,,855.0,ETH,3224.36,3224.3,19:29:15
2026-01-06 19:29:16+00:00,,856.0,ETH,3224.37,3224.28,19:29:16
2026-01-06 19:29:17+00:00,,857.0,ETH,3224.36,3224.27,19:29:17
2026-01-06 19:29:18+00:00,,858.0,ETH,3224.35,3224.27,19:29:18
2026-01-06 19:29:19+00:00,,859.0,ETH,3224.36,3224.27,19:29:19
2026-01-06 19:29:20+00:00,,860.0,ETH,3224.33,3224.23,19:29:20
2026-01-06 19:29:21+00:00,,861.0,ETH,3224.26,3224.21,19:29:21
2026-01-06 19:29:22+00:00,,862.0,ETH,3224.24,3224.19,19:29:22
2026-01-06 19:29:23+00:00,,863.0,ETH,3224.37,3224.3,19:29:23
2026-01-06 19:29:24+00:00,,864.0,ETH,3224.37,3224.3,19:29:24
2026-01-06 19:29:25+00:00,,865.0,ETH,3224.37,3224.31,19:29:25
2026-01-06 19:29:26+00:00,,866.0,ETH,3224.17,3224.06,19:29:26
2026-01-06 19:29:27+00:00,,867.0,ETH,3224.39,3224.31,19:29:27
2026-01-06 19:29:28+00:00,,868.0,ETH,3224.39,3224.3,19:29:28
2026-01-06 19:29:29+00:00,,869.0,ETH,3224.39,3224.3,19:29:29
2026-01-06 19:29:30+00:00,,870.0,ETH,3224.39,3224.3,19:29:30
2026-01-06 19:29:31+00:00,,871.0,ETH,3224.39,3224.3,19:29:31
2026-01-06 19:29:32+00:00,,872.0,ETH,3224.13,3224.06,19:29:32
2026-01-06 19:29:33+00:00,,873.0,ETH,3224.08,3224.05,19:29:33
2026-01-06 19:29:34+00:00,,874.0,ETH,3224.09,3224.07,19:29:34
2026-01-06 19:29:35+00:00,,875.0,ETH,3224.09,3224.07,19:29:35
2026-01-06 19:29:36+00:00,,876.0,ETH,3224.33,3224.25,19:29:36
2026-01-06 19:29:37+00:00,,877.0,ETH,3224.37,3224.25,19:29:37
2026-01-06 19:29:38+00:00,,878.0,ETH,3224.38,3224.24,19:29:38
2026-01-06 19:29:39+00:00,,879.0,ETH,3224.35,3224.2,19:29:39
2026-01-06 19:29:40+00:00,,880.0,ETH,3224.38,3224.24,19:29:40
2026-01-06 19:29:41+00:00,,881.0,ETH,3224.38,3224.24,19:29:41
2026-01-06 19:29:42+00:00,,882.0,ETH,3224.36,3224.21,19:29:42
2026-01-06 19:29:43+00:00,,883.0,ETH,3224.37,3224.21,19:29:43
2026-01-06 19:29:44+00:00,,884.0,ETH,3224.37,3224.22,19:29:44
2026-01-06 19:29:45+00:00,,885.0,ETH,3224.37,3224.2,19:29:45
2026-01-06 19:29:47+00:00,,887.0,ETH,3224.37,3224.22,19:29:47
2026-01-06 19:29:48+00:00,,888.0,ETH,3224.38,3224.2,19:29:48
2026-01-06 19:29:49+00:00,,889.0,ETH,3224.37,3224.13,19:29:49
2026-01-06 19:29:50+00:00,,890.0,ETH,3224.36,3224.2,19:29:50
2026-01-06 19:29:51+00:00,,891.0,ETH,3224.27,3224.14,19:29:51
2026-01-06 19:29:52+00:00,,892.0,ETH,3224.13,3224.13,19:29:52
2026-01-06 19:29:53+00:00,,893.0,ETH,3223.9,3223.66,19:29:53
2026-01-06 19:29:54+00:00,,894.0,ETH,3223.71,3223.51,19:29:54
2026-01-06 19:29:55+00:00,,895.0,ETH,3223.55,3223.51,19:29:55
2026-01-06 19:29:56+00:00,,896.0,ETH,3223.72,3223.56,19:29:56
2026-01-06 19:29:57+00:00,,897.0,ETH,3224.06,3223.83,19:29:57
2026-01-06 19:29:58+00:00,,898.0,ETH,3224.03,3223.87,19:29:58
2026-01-06 19:29:59+00:00,,899.0,ETH,3224.01,3223.86,19:29:59
