timestamp,collected_at,seconds,up_mid,up_best_bid,up_best_ask,down_mid,down_best_bid,down_best_ask,up_best_bid_size,up_best_ask_size,down_best_bid_size,down_best_ask_size,up_bid_2,up_bid_2_size,up_ask_2,up_ask_2_size,down_bid_2,down_bid_2_size,down_ask_2,down_ask_2_size
2026-01-06 19:15:00.231000+00:00,2026-01-06 19:15:00.990814+00:00,0.231,0.47,0.46,0.48,0.525,0.52,0.53,78.11,367.07,367.07,5.0,0.45,45.0,0.49,17.35,0.51,17.35,0.54,78.11
2026-01-06 19:15:01.478000+00:00,2026-01-06 19:15:02.005615+00:00,1.478,0.46499999999999997,0.45,0.48,0.54,0.53,0.55,157.32,367.07,2.87,157.32,0.44,206.0,0.49,17.35,0.52,372.07,0.56,206.0
2026-01-06 19:15:02.449000+00:00,2026-01-06 19:15:03.024967+00:00,2.449,0.455,0.45,0.46,0.545,0.54,0.55,126.32,5.0,5.0,36.32,0.44,90.0,0.47,208.87,0.53,208.87,0.56,90.0
2026-01-06 19:15:03.491000+00:00,2026-01-06 19:15:04.030781+00:00,3.491,0.445,0.44,0.45,0.555,0.55,0.56,130.0,180.68,241.68,130.0,0.43,36.67,0.46,183.0,0.54,213.0,0.57,36.67
2026-01-06 19:15:04.488000+00:00,2026-01-06 19:15:05.031408+00:00,4.488,0.455,0.45,0.46,0.545,0.54,0.55,20.0,50.0,35.0,50.0,0.44,384.0,0.47,49.46,0.53,49.46,0.56,369.0
2026-01-06 19:15:05.530000+00:00,2026-01-06 19:15:06.037410+00:00,5.53,0.46499999999999997,0.46,0.47,0.535,0.53,0.54,73.74,196.46,196.46,28.74,0.45,147.14,0.48,689.07,0.52,568.07,0.55,147.14
2026-01-06 19:15:06.528000+00:00,2026-01-06 19:15:07.053948+00:00,6.528,0.46499999999999997,0.46,0.47,0.535,0.53,0.54,35.0,302.46,237.46,130.0,0.45,181.0,0.48,684.07,0.52,654.07,0.55,238.0
2026-01-06 19:15:07.537000+00:00,2026-01-06 19:15:08.072238+00:00,7.537,0.485,0.48,0.49,0.515,0.51,0.52,228.0,65.0,65.0,289.0,0.47,192.0,0.5,153.28,0.5,153.28,0.53,278.0
2026-01-06 19:15:08.525000+00:00,2026-01-06 19:15:09.070830+00:00,8.525,0.485,0.48,0.49,0.515,0.51,0.52,220.23,283.45,222.45,71.0,0.47,203.0,0.5,386.28,0.5,447.28,0.53,25.0
2026-01-06 19:15:09.532000+00:00,2026-01-06 19:15:10.071991+00:00,9.532,0.45,0.44,0.46,0.55,0.54,0.56,215.0,272.91,272.91,215.0,0.43,355.67,0.47,217.0,0.53,217.0,0.57,355.67
2026-01-06 19:15:10.528000+00:00,2026-01-06 19:15:11.087970+00:00,10.528,0.45,0.44,0.46,0.545,0.54,0.55,169.0,359.91,263.0,207.0,0.43,392.67,0.47,386.0,0.53,248.0,0.56,343.0
2026-01-06 19:15:11.547000+00:00,2026-01-06 19:15:12.088090+00:00,11.547,0.485,0.48,0.49,0.515,0.51,0.52,236.0,71.0,5.0,236.0,0.47,376.0,0.5,228.28,0.5,228.28,0.53,412.0
2026-01-06 19:15:12.544000+00:00,2026-01-06 19:15:13.099961+00:00,12.544,0.495,0.49,0.5,0.505,0.5,0.51,89.6,3.28,18.28,104.6,0.48,257.84,0.51,380.09,0.49,362.09,0.52,200.84
2026-01-06 19:15:13.550000+00:00,2026-01-06 19:15:14.104951+00:00,13.55,0.505,0.5,0.51,0.5,0.49,0.51,5.0,362.09,362.09,115.0,0.49,115.0,0.52,640.8,0.48,640.8,0.52,290.84
2026-01-06 19:15:14.557000+00:00,2026-01-06 19:15:15.115413+00:00,14.557,0.5,0.49,0.51,0.5,0.49,0.51,100.0,501.09,501.09,100.0,0.48,95.0,0.52,514.8,0.48,514.8,0.52,110.0
2026-01-06 19:15:15.485000+00:00,2026-01-06 19:15:16.112461+00:00,15.485,0.5,0.49,0.51,0.5,0.49,0.51,100.0,465.09,465.09,171.0,0.48,164.0,0.52,550.8,0.48,550.8,0.52,286.0
2026-01-06 19:15:16.329000+00:00,2026-01-06 19:15:17.112801+00:00,16.329,0.5,0.49,0.51,0.5,0.49,0.51,171.0,275.87,275.87,171.0,0.48,435.0,0.52,499.8,0.48,499.8,0.52,435.0
2026-01-06 19:15:17.515000+00:00,2026-01-06 19:15:18.118488+00:00,17.515,0.495,0.49,0.5,0.505,0.5,0.51,171.0,108.0,108.0,171.0,0.48,165.0,0.51,385.65,0.49,385.65,0.52,165.0
2026-01-06 19:15:18.605000+00:00,2026-01-06 19:15:19.140183+00:00,18.605,0.495,0.49,0.5,0.505,0.5,0.51,81.0,207.0,316.0,76.0,0.48,122.0,0.51,502.65,0.49,440.65,0.52,183.0
2026-01-06 19:15:19.610000+00:00,2026-01-06 19:15:20.150993+00:00,19.61,0.485,0.48,0.49,0.505,0.5,0.51,179.0,71.0,18.98,15.0,0.47,469.0,0.5,71.0,0.49,101.65,0.52,269.0
2026-01-06 19:15:20.676000+00:00,2026-01-06 19:15:21.157847+00:00,20.676,0.505,0.5,0.51,0.495,0.49,0.5,85.0,101.65,191.65,100.0,0.49,297.0,0.52,175.8,0.48,211.8,0.51,297.0
2026-01-06 19:15:21.569000+00:00,2026-01-06 19:15:22.179574+00:00,21.569,0.505,0.5,0.51,0.495,0.49,0.5,100.0,186.65,186.65,100.0,0.49,315.0,0.52,247.8,0.48,247.8,0.51,315.0
2026-01-06 19:15:22.665000+00:00,2026-01-06 19:15:23.194802+00:00,22.665,0.495,0.49,0.5,0.505,0.5,0.51,100.0,89.0,53.0,100.0,0.48,339.0,0.51,568.65,0.49,586.65,0.52,339.0
2026-01-06 19:15:23.630000+00:00,2026-01-06 19:15:24.198694+00:00,23.63,0.49,0.48,0.5,0.51,0.5,0.52,379.0,154.0,154.0,374.0,0.47,293.0,0.51,548.65,0.49,548.65,0.53,293.0
2026-01-06 19:15:24.692000+00:00,2026-01-06 19:15:25.218414+00:00,24.692,0.46499999999999997,0.46,0.47,0.535,0.53,0.54,156.0,35.0,35.0,156.0,0.45,181.18,0.48,233.0,0.52,233.0,0.55,181.18
2026-01-06 19:15:25.661000+00:00,2026-01-06 19:15:26.223758+00:00,25.661,0.47,0.46,0.48,0.53,0.52,0.54,120.0,158.35,193.35,120.0,0.45,145.18,0.49,531.0,0.51,541.0,0.55,180.18
2026-01-06 19:15:26.335000+00:00,2026-01-06 19:15:27.229042+00:00,26.335,0.47,0.46,0.48,0.53,0.52,0.54,120.0,193.35,175.35,120.0,0.45,216.18,0.49,611.0,0.51,611.0,0.55,180.18
2026-01-06 19:15:27.343000+00:00,2026-01-06 19:15:28.239737+00:00,27.343,0.47,0.46,0.48,0.53,0.52,0.54,120.0,193.35,193.35,120.0,0.45,286.18,0.49,611.0,0.51,611.0,0.55,286.18
2026-01-06 19:15:28.433000+00:00,2026-01-06 19:15:29.241410+00:00,28.433,0.47,0.46,0.48,0.53,0.52,0.54,116.9,193.35,193.35,116.9,0.45,291.18,0.49,616.0,0.51,616.0,0.55,291.18
2026-01-06 19:15:29.722000+00:00,2026-01-06 19:15:30.255042+00:00,29.722,0.475,0.47,0.48,0.525,0.52,0.53,5.0,152.35,152.35,5.0,0.46,151.0,0.49,644.0,0.51,644.0,0.54,169.0
2026-01-06 19:15:30.654000+00:00,2026-01-06 19:15:31.251644+00:00,30.654,0.47,0.46,0.48,0.53,0.52,0.54,139.58,47.91,47.91,130.32,0.45,228.18,0.49,667.0,0.51,667.0,0.55,228.18
2026-01-06 19:15:31.737000+00:00,2026-01-06 19:15:32.262953+00:00,31.737,0.46499999999999997,0.46,0.47,0.535,0.53,0.54,35.0,155.0,90.0,150.0,0.45,211.18,0.48,111.68,0.52,14.67,0.55,158.18
2026-01-06 19:15:32.673000+00:00,2026-01-06 19:15:33.257243+00:00,32.673,0.48,0.47,0.49,0.515,0.51,0.52,306.0,235.44,165.44,5.0,0.46,745.0,0.5,158.0,0.5,73.0,0.53,366.0
2026-01-06 19:15:33.744000+00:00,2026-01-06 19:15:34.268408+00:00,33.744,0.485,0.48,0.49,0.515,0.51,0.52,5.0,165.44,165.44,5.0,0.47,372.0,0.5,127.0,0.5,267.0,0.53,321.0
2026-01-06 19:15:34.699000+00:00,2026-01-06 19:15:35.268090+00:00,34.699,0.485,0.48,0.49,0.515,0.51,0.52,5.0,180.44,180.44,5.0,0.47,303.0,0.5,343.0,0.5,343.0,0.53,303.0
2026-01-06 19:15:35.726000+00:00,2026-01-06 19:15:36.261417+00:00,35.726,0.485,0.48,0.49,0.515,0.51,0.52,120.0,90.0,90.0,120.0,0.47,962.0,0.5,349.67,0.5,313.67,0.53,998.0
2026-01-06 19:15:36.741000+00:00,2026-01-06 19:15:37.261305+00:00,36.741,0.51,0.5,0.52,0.485,0.48,0.49,248.88,247.67,203.51,5.0,0.49,802.0,0.53,138.76,0.47,156.76,0.5,344.88
2026-01-06 19:15:37.682000+00:00,2026-01-06 19:15:38.260008+00:00,37.682,0.515,0.51,0.52,0.485,0.48,0.49,10.0,203.51,208.51,5.0,0.5,449.88,0.53,38.76,0.47,48.76,0.5,434.88
2026-01-06 19:15:38.720000+00:00,2026-01-06 19:15:39.261063+00:00,38.72,0.505,0.5,0.51,0.495,0.49,0.5,307.88,24.0,24.0,307.88,0.49,871.0,0.52,213.51,0.48,213.51,0.51,853.0
2026-01-06 19:15:39.737000+00:00,2026-01-06 19:15:40.264275+00:00,39.737,0.505,0.5,0.51,0.49,0.48,0.5,226.0,24.0,372.51,211.0,0.49,906.0,0.52,372.51,0.47,424.76,0.51,976.0
2026-01-06 19:15:40.594000+00:00,2026-01-06 19:15:41.278748+00:00,40.594,0.51,0.5,0.52,0.49,0.48,0.5,123.0,462.51,462.51,123.0,0.49,976.0,0.53,512.76,0.47,512.76,0.51,976.0
2026-01-06 19:15:41.499000+00:00,2026-01-06 19:15:42.293473+00:00,41.499,0.51,0.5,0.52,0.49,0.48,0.5,115.0,297.51,297.51,115.0,0.49,976.0,0.53,530.76,0.47,530.76,0.51,976.0
2026-01-06 19:15:42.761000+00:00,2026-01-06 19:15:43.292063+00:00,42.761,0.54,0.53,0.55,0.455,0.45,0.46,142.0,222.67,240.0,60.0,0.52,253.0,0.56,682.04,0.44,589.04,0.47,87.0
2026-01-06 19:15:43.745000+00:00,2026-01-06 19:15:44.306003+00:00,43.745,0.545,0.54,0.55,0.455,0.45,0.46,107.86,112.0,117.0,103.77,0.53,150.0,0.56,661.04,0.44,674.04,0.47,150.0
2026-01-06 19:15:44.729000+00:00,2026-01-06 19:15:45.317484+00:00,44.729,0.535,0.53,0.54,0.46499999999999997,0.46,0.47,130.0,28.0,28.0,130.0,0.52,418.0,0.55,300.81,0.45,300.81,0.48,418.0
2026-01-06 19:15:45.786000+00:00,2026-01-06 19:15:46.319861+00:00,45.786,0.545,0.54,0.55,0.45999999999999996,0.45,0.47,95.0,80.81,163.81,338.0,0.53,303.0,0.56,485.04,0.44,393.04,0.48,878.0
2026-01-06 19:15:46.765000+00:00,2026-01-06 19:15:47.318729+00:00,46.765,0.52,0.51,0.53,0.48,0.47,0.49,130.0,45.0,308.0,130.0,0.5,648.0,0.54,584.0,0.46,564.0,0.5,630.0
2026-01-06 19:15:47.539000+00:00,2026-01-06 19:15:48.326221+00:00,47.539,0.52,0.51,0.53,0.485,0.48,0.49,165.0,397.0,5.0,165.0,0.5,588.0,0.54,474.0,0.47,397.0,0.5,573.0
2026-01-06 19:15:48.792000+00:00,2026-01-06 19:15:49.344402+00:00,48.792,0.505,0.5,0.51,0.495,0.49,0.5,497.0,99.0,405.0,90.0,0.49,188.0,0.52,433.0,0.48,463.0,0.51,303.0
2026-01-06 19:15:49.749000+00:00,2026-01-06 19:15:50.332655+00:00,49.749,0.495,0.49,0.5,0.505,0.5,0.51,893.0,173.0,268.0,344.0,0.48,386.0,0.51,237.0,0.49,197.0,0.52,296.0
2026-01-06 19:15:50.763000+00:00,2026-01-06 19:15:51.352143+00:00,50.763,0.495,0.49,0.5,0.505,0.5,0.51,56.0,491.0,531.0,56.0,0.48,208.0,0.51,398.0,0.49,323.0,0.53,46.0
2026-01-06 19:15:51.798000+00:00,2026-01-06 19:15:52.352103+00:00,51.798,0.475,0.47,0.48,0.525,0.52,0.53,427.64,298.0,359.0,427.64,0.46,239.0,0.49,339.0,0.51,400.0,0.54,239.0
2026-01-06 19:15:52.826000+00:00,2026-01-06 19:15:53.354452+00:00,52.826,0.475,0.47,0.48,0.525,0.52,0.53,426.64,359.0,359.0,438.64,0.46,239.0,0.49,400.0,0.51,415.0,0.54,239.0
2026-01-06 19:15:53.810000+00:00,2026-01-06 19:15:54.366083+00:00,53.81,0.475,0.47,0.48,0.525,0.52,0.53,438.64,171.0,171.0,438.64,0.46,432.0,0.49,96.0,0.51,101.0,0.54,432.0
2026-01-06 19:15:54.745000+00:00,2026-01-06 19:15:55.368136+00:00,54.745,0.475,0.47,0.48,0.525,0.52,0.53,445.64,105.0,105.0,36.0,0.46,561.0,0.49,101.0,0.51,101.0,0.54,561.0
2026-01-06 19:15:55.807000+00:00,2026-01-06 19:15:56.379008+00:00,55.807,0.475,0.47,0.48,0.525,0.52,0.53,114.0,65.0,65.0,106.0,0.46,571.0,0.49,73.0,0.51,78.0,0.54,571.0
2026-01-06 19:15:56.823000+00:00,2026-01-06 19:15:57.391525+00:00,56.823,0.475,0.47,0.48,0.525,0.52,0.53,106.0,130.58,130.58,106.0,0.46,388.0,0.49,256.0,0.51,256.0,0.54,383.0
2026-01-06 19:15:57.858000+00:00,2026-01-06 19:15:58.395181+00:00,57.858,0.475,0.47,0.48,0.525,0.52,0.53,1020.0,71.0,71.0,987.0,0.46,302.0,0.49,188.0,0.51,70.0,0.54,363.0
2026-01-06 19:15:58.833000+00:00,2026-01-06 19:15:59.410842+00:00,58.833,0.485,0.48,0.49,0.515,0.51,0.52,223.0,160.0,160.0,223.0,0.47,1111.0,0.5,80.0,0.5,80.0,0.53,1111.0
2026-01-06 19:15:59.864000+00:00,2026-01-06 19:16:00.400097+00:00,59.864,0.485,0.48,0.49,0.515,0.51,0.52,17.0,391.0,398.0,12.0,0.47,364.0,0.5,498.0,0.5,503.0,0.53,481.0
2026-01-06 19:16:00.857000+00:00,2026-01-06 19:16:01.391349+00:00,60.857,0.48,0.47,0.49,0.525,0.52,0.53,153.0,610.0,373.0,111.11,0.45,560.0,0.5,461.0,0.51,640.0,0.55,76.0
2026-01-06 19:16:01.867000+00:00,2026-01-06 19:16:02.395151+00:00,61.867,0.445,0.44,0.45,0.56,0.55,0.57,69.0,163.0,183.0,124.77,0.43,154.67,0.46,329.45,0.54,294.45,0.58,837.0
2026-01-06 19:16:02.718000+00:00,2026-01-06 19:16:03.394331+00:00,62.718,0.445,0.44,0.45,0.555,0.55,0.56,16.0,195.0,105.0,31.0,0.43,209.77,0.46,286.45,0.54,306.45,0.57,174.77
2026-01-06 19:16:03.794000+00:00,2026-01-06 19:16:04.410910+00:00,63.794,0.445,0.44,0.45,0.555,0.55,0.56,26.0,359.0,359.0,26.0,0.43,250.77,0.46,504.95,0.54,504.95,0.57,250.77
2026-01-06 19:16:04.771000+00:00,2026-01-06 19:16:05.417485+00:00,64.771,0.445,0.44,0.45,0.555,0.55,0.56,26.0,347.72,347.72,31.0,0.43,250.77,0.46,522.95,0.54,522.95,0.57,245.77
2026-01-06 19:16:05.801000+00:00,2026-01-06 19:16:06.431694+00:00,65.801,0.445,0.44,0.45,0.555,0.55,0.56,16.0,179.72,179.72,16.0,0.43,269.27,0.46,585.45,0.54,585.45,0.57,269.27
2026-01-06 19:16:06.899000+00:00,2026-01-06 19:16:07.444145+00:00,66.899,0.445,0.44,0.45,0.555,0.55,0.56,16.0,171.0,100.0,16.0,0.43,309.27,0.46,615.45,0.54,615.45,0.57,304.27
2026-01-06 19:16:07.784000+00:00,2026-01-06 19:16:08.448047+00:00,67.784,0.445,0.44,0.45,0.555,0.55,0.56,16.0,100.0,100.0,16.0,0.43,358.27,0.46,610.45,0.54,610.45,0.57,358.27
2026-01-06 19:16:08.885000+00:00,2026-01-06 19:16:09.448790+00:00,68.885,0.445,0.44,0.45,0.555,0.55,0.56,28.5,85.0,85.0,33.5,0.43,355.77,0.46,617.95,0.54,617.95,0.57,350.77
2026-01-06 19:16:09.666000+00:00,2026-01-06 19:16:10.443941+00:00,69.666,0.445,0.44,0.45,0.555,0.55,0.56,5.0,96.57,96.57,5.0,0.43,358.27,0.46,610.45,0.54,610.45,0.57,358.27
2026-01-06 19:16:10.906000+00:00,2026-01-06 19:16:11.450777+00:00,70.906,0.445,0.44,0.45,0.555,0.55,0.56,143.0,5.0,20.0,381.0,0.43,326.26,0.46,549.95,0.54,393.95,0.57,853.26
2026-01-06 19:16:11.951000+00:00,2026-01-06 19:16:12.467606+00:00,71.951,0.445,0.44,0.45,0.555,0.55,0.56,188.0,200.0,200.0,5.0,0.43,986.76,0.46,326.45,0.54,344.45,0.57,803.76
2026-01-06 19:16:12.927000+00:00,2026-01-06 19:16:13.460504+00:00,72.927,0.445,0.44,0.45,0.555,0.55,0.56,5.0,210.0,403.0,5.0,0.43,731.76,0.46,293.45,0.54,414.45,0.57,731.76
2026-01-06 19:16:13.964000+00:00,2026-01-06 19:16:14.483755+00:00,73.964,0.44,0.43,0.45,0.56,0.55,0.57,736.76,464.0,464.0,665.76,0.42,152.0,0.46,414.45,0.54,414.45,0.58,152.0
2026-01-06 19:16:14.950000+00:00,2026-01-06 19:16:15.501902+00:00,74.95,0.44,0.43,0.45,0.56,0.55,0.57,665.76,457.0,457.0,665.76,0.42,152.0,0.46,484.45,0.54,413.45,0.58,152.0
2026-01-06 19:16:15.950000+00:00,2026-01-06 19:16:16.503940+00:00,75.95,0.445,0.44,0.45,0.555,0.55,0.56,15.0,506.0,278.0,153.0,0.43,589.08,0.46,356.95,0.54,430.95,0.57,600.08
2026-01-06 19:16:16.922000+00:00,2026-01-06 19:16:17.510559+00:00,76.922,0.445,0.44,0.45,0.555,0.55,0.56,148.0,293.0,328.0,70.0,0.43,580.08,0.46,430.95,0.54,430.95,0.57,580.08
2026-01-06 19:16:18.984000+00:00,2026-01-06 19:16:19.518149+00:00,78.984,0.425,0.42,0.43,0.575,0.57,0.58,45.84,385.0,367.0,45.84,0.41,117.5,0.44,390.61,0.56,390.61,0.59,112.5
2026-01-06 19:16:19.984000+00:00,2026-01-06 19:16:20.526895+00:00,79.984,0.405,0.4,0.41,0.595,0.59,0.6,711.0,65.0,65.0,711.0,0.39,614.0,0.42,62.5,0.58,62.5,0.61,632.0
2026-01-06 19:16:21+00:00,2026-01-06 19:16:21.534779+00:00,81.0,0.405,0.4,0.41,0.595,0.59,0.6,273.0,207.0,278.0,273.0,0.39,664.5,0.42,328.0,0.58,323.0,0.61,664.5
2026-01-06 19:16:22.980000+00:00,2026-01-06 19:16:23.550633+00:00,82.98,0.395,0.39,0.4,0.605,0.6,0.61,234.22,70.0,5.0,329.22,0.38,361.5,0.41,364.0,0.59,384.0,0.62,326.5
2026-01-06 19:16:24.014000+00:00,2026-01-06 19:16:24.566400+00:00,84.014,0.385,0.38,0.39,0.615,0.61,0.62,7.5,230.0,721.7,7.5,0.36,233.0,0.4,476.5,0.6,476.5,0.66,304.0
2026-01-06 19:16:25.015000+00:00,2026-01-06 19:16:25.575851+00:00,85.015,0.325,0.32,0.33,0.675,0.67,0.68,433.0,244.36,280.9,356.75,0.31,241.0,0.34,253.5,0.66,245.5,0.69,425.0
2026-01-06 19:16:26.047000+00:00,2026-01-06 19:16:26.580925+00:00,86.047,0.325,0.32,0.33,0.675,0.67,0.68,781.5,10.0,10.0,781.5,0.31,489.0,0.35,393.0,0.66,65.0,0.69,489.0
2026-01-06 19:16:27.977000+00:00,2026-01-06 19:16:28.600112+00:00,87.977,0.365,0.36,0.37,0.635,0.63,0.64,3.5,392.91,417.91,0.48,0.35,228.0,0.38,709.78,0.62,674.78,0.65,45.0
2026-01-06 19:16:29.054000+00:00,2026-01-06 19:16:29.598805+00:00,89.054,0.355,0.35,0.36,0.645,0.64,0.65,5.0,304.42,292.42,3.0,0.34,76.0,0.37,498.91,0.63,611.91,0.66,76.0
2026-01-06 19:16:30.063000+00:00,2026-01-06 19:16:30.603120+00:00,90.063,0.335,0.33,0.34,0.665,0.66,0.67,137.48,65.0,65.0,137.48,0.32,371.0,0.35,235.85,0.65,235.85,0.68,371.0
2026-01-06 19:16:31.065000+00:00,2026-01-06 19:16:31.615328+00:00,91.065,0.345,0.34,0.35,0.655,0.65,0.66,496.0,193.0,71.0,658.0,0.33,217.0,0.36,218.0,0.63,166.42,0.67,394.0
2026-01-06 19:16:32.039000+00:00,2026-01-06 19:16:32.621987+00:00,92.039,0.365,0.36,0.37,0.635,0.63,0.64,76.39,183.42,183.42,76.39,0.35,430.5,0.38,562.78,0.62,544.78,0.65,430.5
2026-01-06 19:16:33.003000+00:00,2026-01-06 19:16:33.645019+00:00,93.003,0.365,0.36,0.37,0.635,0.63,0.64,96.57,180.3,175.3,81.57,0.35,448.5,0.38,544.78,0.62,585.78,0.65,448.5
2026-01-06 19:16:34+00:00,2026-01-06 19:16:34.654431+00:00,94.0,0.365,0.36,0.37,0.645,0.64,0.65,13.0,357.3,83.0,76.0,0.35,76.0,0.38,691.78,0.63,359.8,0.66,225.0
2026-01-06 19:16:35.135000+00:00,2026-01-06 19:16:35.669206+00:00,95.135,0.345,0.34,0.35,0.655,0.65,0.66,362.0,113.39,113.39,418.0,0.33,312.0,0.36,284.0,0.64,304.0,0.67,297.0
2026-01-06 19:16:36.151000+00:00,2026-01-06 19:16:36.682684+00:00,96.151,0.36,0.35,0.37,0.635,0.63,0.64,487.0,39.69,39.69,61.5,0.34,419.0,0.38,233.0,0.62,268.0,0.65,508.0
2026-01-06 19:16:37.147000+00:00,2026-01-06 19:16:37.682630+00:00,97.147,0.365,0.36,0.37,0.615,0.61,0.62,518.5,44.69,131.92,21.0,0.35,550.0,0.38,50.0,0.6,127.0,0.63,182.0
2026-01-06 19:16:38.148000+00:00,2026-01-06 19:16:38.686790+00:00,98.148,0.375,0.37,0.38,0.625,0.62,0.63,353.0,8.0,8.0,592.0,0.36,430.5,0.39,106.92,0.61,88.92,0.64,304.5
2026-01-06 19:16:39.101000+00:00,2026-01-06 19:16:39.684753+00:00,99.101,0.385,0.38,0.39,0.615,0.61,0.62,100.0,88.92,118.92,15.0,0.37,423.97,0.4,91.0,0.6,106.0,0.63,438.97
2026-01-06 19:16:40.103000+00:00,2026-01-06 19:16:40.691659+00:00,100.103,0.385,0.38,0.39,0.615,0.61,0.62,83.0,53.92,53.92,83.0,0.37,543.97,0.4,116.0,0.6,116.0,0.63,543.97
2026-01-06 19:16:41.148000+00:00,2026-01-06 19:16:41.688121+00:00,101.148,0.405,0.4,0.41,0.595,0.59,0.6,76.0,80.0,85.0,76.0,0.39,239.08,0.42,217.0,0.58,354.0,0.61,231.08
2026-01-06 19:16:42.173000+00:00,2026-01-06 19:16:42.694866+00:00,102.173,0.395,0.39,0.4,0.605,0.6,0.61,32.08,78.0,139.0,17.08,0.38,10.0,0.41,928.0,0.59,974.0,0.62,10.0
2026-01-06 19:16:43.144000+00:00,2026-01-06 19:16:43.691924+00:00,103.144,0.365,0.36,0.37,0.635,0.63,0.64,203.0,15.0,12.98,203.0,0.35,423.0,0.38,157.0,0.62,157.0,0.65,423.0
2026-01-06 19:16:44.169000+00:00,2026-01-06 19:16:44.708301+00:00,104.169,0.365,0.36,0.37,0.635,0.63,0.64,216.0,9.98,9.98,234.0,0.35,495.0,0.38,121.0,0.62,121.0,0.65,531.0
2026-01-06 19:16:45.179000+00:00,2026-01-06 19:16:45.705685+00:00,105.179,0.375,0.37,0.38,0.625,0.62,0.63,89.68,85.0,115.0,5.0,0.36,581.0,0.39,395.0,0.61,395.0,0.64,338.0
2026-01-06 19:16:46.067000+00:00,2026-01-06 19:16:46.698934+00:00,106.067,0.365,0.36,0.37,0.635,0.63,0.64,349.0,35.0,30.0,349.0,0.35,547.0,0.38,243.0,0.62,238.0,0.65,364.0
2026-01-06 19:16:47.103000+00:00,2026-01-06 19:16:47.702846+00:00,107.103,0.365,0.36,0.37,0.635,0.63,0.64,418.0,35.0,43.0,418.0,0.35,405.0,0.38,314.0,0.62,299.0,0.65,405.0
2026-01-06 19:16:48.152000+00:00,2026-01-06 19:16:48.715814+00:00,108.152,0.365,0.36,0.37,0.635,0.63,0.64,340.03,39.91,39.91,340.03,0.35,405.0,0.38,121.0,0.62,121.0,0.65,400.0
2026-01-06 19:16:49.173000+00:00,2026-01-06 19:16:49.715388+00:00,109.173,0.365,0.36,0.37,0.635,0.63,0.64,318.0,31.91,31.91,318.0,0.35,433.0,0.38,174.0,0.62,174.0,0.65,451.0
2026-01-06 19:16:50.145000+00:00,2026-01-06 19:16:50.717989+00:00,110.145,0.365,0.36,0.37,0.635,0.63,0.64,333.0,31.91,31.91,333.0,0.35,436.0,0.38,174.0,0.62,174.0,0.65,436.0
2026-01-06 19:16:51.204000+00:00,2026-01-06 19:16:51.740808+00:00,111.204,0.37,0.36,0.38,0.625,0.62,0.63,403.0,169.0,5.0,175.0,0.35,386.0,0.39,421.0,0.61,442.0,0.64,425.0
2026-01-06 19:16:52.200000+00:00,2026-01-06 19:16:52.755126+00:00,112.2,0.375,0.37,0.38,0.625,0.62,0.63,65.0,40.0,40.0,60.0,0.36,733.0,0.39,200.0,0.61,200.0,0.64,768.0
2026-01-06 19:16:53.183000+00:00,2026-01-06 19:16:53.767506+00:00,113.183,0.375,0.37,0.38,0.625,0.62,0.63,161.21,25.0,25.0,161.21,0.36,698.0,0.39,200.0,0.61,200.0,0.64,698.0
2026-01-06 19:16:54.128000+00:00,2026-01-06 19:16:54.798816+00:00,114.128,0.385,0.38,0.39,0.615,0.61,0.62,257.0,50.0,65.0,167.0,0.37,264.0,0.4,526.0,0.6,526.0,0.63,352.0
2026-01-06 19:16:55.265000+00:00,2026-01-06 19:16:55.809628+00:00,115.265,0.385,0.38,0.39,0.615,0.61,0.62,149.0,320.0,320.0,131.0,0.37,352.0,0.4,521.0,0.6,539.0,0.63,370.0
2026-01-06 19:16:56.268000+00:00,2026-01-06 19:16:56.808665+00:00,116.268,0.385,0.38,0.39,0.615,0.61,0.62,90.0,303.0,288.0,175.0,0.37,380.0,0.4,688.0,0.6,688.0,0.63,380.0
2026-01-06 19:16:57.263000+00:00,2026-01-06 19:16:57.809537+00:00,117.263,0.395,0.39,0.4,0.605,0.6,0.61,472.0,71.0,71.0,588.0,0.38,527.6,0.41,193.0,0.59,188.0,0.62,556.6
2026-01-06 19:16:58.271000+00:00,2026-01-06 19:16:58.810017+00:00,118.271,0.43,0.42,0.44,0.5700000000000001,0.56,0.58,318.51,609.87,609.87,310.33,0.41,243.0,0.45,336.0,0.55,246.0,0.59,243.0
2026-01-06 19:16:59.299000+00:00,2026-01-06 19:16:59.836821+00:00,119.299,0.435,0.43,0.44,0.565,0.56,0.57,347.0,14.26,14.26,300.8,0.42,421.31,0.45,54.0,0.55,114.0,0.58,421.31
2026-01-06 19:17:00.305000+00:00,2026-01-06 19:17:00.850397+00:00,120.305,0.445,0.44,0.45,0.555,0.55,0.56,139.89,15.0,15.0,139.89,0.43,421.3,0.46,135.25,0.54,150.25,0.57,419.0
2026-01-06 19:17:01.329000+00:00,2026-01-06 19:17:01.851865+00:00,121.329,0.445,0.44,0.45,0.555,0.55,0.56,26.68,121.19,121.19,26.68,0.43,273.0,0.46,326.19,0.54,336.19,0.57,273.0
2026-01-06 19:17:02.326000+00:00,2026-01-06 19:17:02.863675+00:00,122.326,0.445,0.44,0.45,0.56,0.55,0.57,70.0,223.0,233.0,194.19,0.43,139.19,0.46,493.25,0.54,465.19,0.58,323.0
2026-01-06 19:17:03.438000+00:00,2026-01-06 19:17:03.889684+00:00,123.438,0.435,0.43,0.44,0.59,0.58,0.6,15.0,993.0,115.7,130.0,0.42,39.3,0.45,554.19,0.57,386.0,0.61,229.0
2026-01-06 19:17:04.285000+00:00,2026-01-06 19:17:04.893094+00:00,124.285,0.405,0.4,0.41,0.595,0.59,0.6,124.8,127.1,122.1,115.0,0.39,190.0,0.42,401.76,0.58,401.76,0.61,190.0
2026-01-06 19:17:05.365000+00:00,2026-01-06 19:17:05.902154+00:00,125.365,0.395,0.39,0.4,0.605,0.6,0.61,80.0,420.0,490.0,80.0,0.38,30.0,0.41,284.51,0.59,294.51,0.62,30.0
2026-01-06 19:17:06.369000+00:00,2026-01-06 19:17:06.913349+00:00,126.369,0.385,0.38,0.39,0.62,0.61,0.63,15.0,1108.41,1101.0,45.0,0.37,45.0,0.4,432.0,0.6,392.0,0.64,250.0
2026-01-06 19:17:07.298000+00:00,2026-01-06 19:17:07.917763+00:00,127.298,0.375,0.37,0.38,0.625,0.62,0.63,45.0,414.0,464.0,45.0,0.36,250.0,0.39,951.0,0.61,951.0,0.64,250.0
2026-01-06 19:17:08.433000+00:00,2026-01-06 19:17:08.936582+00:00,128.433,0.375,0.37,0.38,0.625,0.62,0.63,25.0,286.0,286.0,25.0,0.36,250.0,0.39,951.0,0.61,951.0,0.64,250.0
2026-01-06 19:17:09.410000+00:00,2026-01-06 19:17:09.946369+00:00,129.41,0.375,0.37,0.38,0.625,0.62,0.63,25.0,449.73,449.73,10.0,0.36,105.0,0.39,935.0,0.61,935.0,0.64,105.0
2026-01-06 19:17:10.407000+00:00,2026-01-06 19:17:10.953623+00:00,130.407,0.385,0.38,0.39,0.615,0.61,0.62,36.0,629.0,624.0,144.0,0.37,446.0,0.4,160.0,0.6,165.0,0.63,361.0
2026-01-06 19:17:11.362000+00:00,2026-01-06 19:17:11.951502+00:00,131.362,0.395,0.39,0.4,0.605,0.6,0.61,5.0,245.0,245.0,5.0,0.38,477.0,0.41,73.0,0.59,73.0,0.62,467.0
2026-01-06 19:17:12.297000+00:00,2026-01-06 19:17:12.948731+00:00,132.297,0.39,0.38,0.4,0.61,0.6,0.62,459.0,245.0,245.0,459.0,0.37,342.0,0.41,231.0,0.59,231.0,0.63,342.0
2026-01-06 19:17:13.422000+00:00,2026-01-06 19:17:13.946641+00:00,133.422,0.385,0.38,0.39,0.615,0.61,0.62,71.0,102.4,158.4,71.0,0.37,233.0,0.4,238.0,0.6,274.0,0.63,203.0
2026-01-06 19:17:14.414000+00:00,2026-01-06 19:17:14.948789+00:00,134.414,0.375,0.37,0.38,0.615,0.61,0.62,215.0,15.0,35.0,65.0,0.36,392.0,0.39,84.0,0.6,312.0,0.63,178.0
2026-01-06 19:17:15.409000+00:00,2026-01-06 19:17:15.949998+00:00,135.409,0.405,0.4,0.41,0.595,0.59,0.6,161.0,71.0,31.12,441.0,0.39,384.0,0.42,80.0,0.58,80.0,0.61,394.0
2026-01-06 19:17:16.435000+00:00,2026-01-06 19:17:16.967418+00:00,136.435,0.415,0.41,0.42,0.585,0.58,0.59,222.88,100.0,172.0,342.88,0.4,369.0,0.43,113.0,0.57,885.4,0.6,219.0
2026-01-06 19:17:17.428000+00:00,2026-01-06 19:17:17.968976+00:00,137.428,0.435,0.43,0.44,0.545,0.54,0.55,191.33,61.0,65.67,161.0,0.42,328.0,0.46,93.67,0.53,956.4,0.56,256.0
2026-01-06 19:17:18.447000+00:00,2026-01-06 19:17:18.984412+00:00,138.447,0.475,0.47,0.48,0.515,0.51,0.52,122.0,110.0,174.4,36.0,0.46,230.32,0.49,122.0,0.5,409.0,0.53,207.0
2026-01-06 19:17:19.452000+00:00,2026-01-06 19:17:19.988894+00:00,139.452,0.475,0.47,0.48,0.525,0.52,0.53,278.92,25.0,25.0,278.92,0.46,261.0,0.49,179.4,0.51,161.4,0.54,261.0
2026-01-06 19:17:20.453000+00:00,2026-01-06 19:17:20.993137+00:00,140.453,0.475,0.47,0.48,0.52,0.51,0.53,280.92,10.0,196.4,292.92,0.46,314.0,0.49,214.4,0.5,312.0,0.54,350.0
2026-01-06 19:17:21.511000+00:00,2026-01-06 19:17:21.986465+00:00,141.511,0.48,0.47,0.49,0.515,0.51,0.52,301.92,196.4,137.4,5.0,0.46,365.0,0.5,367.0,0.5,380.0,0.53,373.92
2026-01-06 19:17:22.462000+00:00,2026-01-06 19:17:23.002196+00:00,142.462,0.495,0.49,0.5,0.505,0.5,0.51,212.0,6.95,6.95,247.0,0.48,124.0,0.51,763.07,0.49,499.0,0.52,329.0
2026-01-06 19:17:23.440000+00:00,2026-01-06 19:17:24.001336+00:00,143.44,0.505,0.5,0.51,0.495,0.49,0.5,298.0,386.31,320.31,298.0,0.49,388.0,0.52,146.0,0.48,146.0,0.51,388.0
2026-01-06 19:17:24.460000+00:00,2026-01-06 19:17:25.001208+00:00,144.46,0.525,0.52,0.53,0.475,0.47,0.48,45.0,63.0,63.0,45.0,0.51,88.0,0.54,352.67,0.46,238.67,0.49,88.0
2026-01-06 19:17:25.447000+00:00,2026-01-06 19:17:25.992033+00:00,145.447,0.535,0.53,0.54,0.46499999999999997,0.46,0.47,115.0,35.0,40.0,115.0,0.52,337.0,0.55,881.21,0.45,822.21,0.48,337.0
2026-01-06 19:17:26.446000+00:00,2026-01-06 19:17:27.008330+00:00,146.446,0.53,0.52,0.54,0.47,0.46,0.48,143.94,170.95,206.95,143.94,0.51,343.0,0.55,1109.81,0.45,1073.81,0.49,343.0
2026-01-06 19:17:27.474000+00:00,2026-01-06 19:17:28.018350+00:00,147.474,0.525,0.52,0.53,0.475,0.47,0.48,105.0,125.0,125.0,99.68,0.51,253.0,0.54,147.95,0.46,247.95,0.49,253.0
2026-01-06 19:17:28.253000+00:00,2026-01-06 19:17:29.013158+00:00,148.253,0.525,0.52,0.53,0.475,0.47,0.48,99.68,125.0,125.0,99.68,0.51,253.0,0.54,247.95,0.46,247.95,0.49,253.0
2026-01-06 19:17:29.446000+00:00,2026-01-06 19:17:30.027971+00:00,149.446,0.525,0.52,0.53,0.475,0.47,0.48,112.91,58.0,40.0,152.91,0.51,202.0,0.54,657.0,0.46,585.0,0.49,130.0
2026-01-06 19:17:30.367000+00:00,2026-01-06 19:17:31.037400+00:00,150.367,0.525,0.52,0.53,0.475,0.47,0.48,148.91,40.0,40.0,148.91,0.51,395.0,0.54,621.0,0.46,621.0,0.49,395.0
2026-01-06 19:17:31.510000+00:00,2026-01-06 19:17:32.047050+00:00,151.51,0.515,0.51,0.52,0.495,0.49,0.5,28.55,692.0,175.48,140.0,0.5,140.0,0.53,832.0,0.48,607.0,0.51,108.32
2026-01-06 19:17:32.461000+00:00,2026-01-06 19:17:33.049479+00:00,152.461,0.505,0.5,0.51,0.495,0.49,0.5,140.0,256.48,256.48,140.0,0.49,126.32,0.52,502.0,0.48,502.0,0.51,126.32
2026-01-06 19:17:33.518000+00:00,2026-01-06 19:17:34.050701+00:00,153.518,0.505,0.5,0.51,0.495,0.49,0.5,972.0,385.0,385.0,972.0,0.49,413.9,0.52,425.0,0.48,425.0,0.51,413.9
2026-01-06 19:17:34.516000+00:00,2026-01-06 19:17:35.050557+00:00,154.516,0.575,0.57,0.58,0.425,0.42,0.43,121.0,814.48,743.48,201.0,0.56,220.0,0.59,40.0,0.41,40.0,0.44,220.0
2026-01-06 19:17:35.524000+00:00,2026-01-06 19:17:36.053750+00:00,155.524,0.575,0.57,0.58,0.425,0.42,0.43,327.0,521.51,521.51,257.0,0.56,256.0,0.59,5.0,0.41,5.0,0.44,402.0
2026-01-06 19:17:36.459000+00:00,2026-01-06 19:17:37.066317+00:00,156.459,0.575,0.57,0.58,0.425,0.42,0.43,382.0,225.07,159.07,382.0,0.56,402.0,0.6,50.0,0.4,50.0,0.44,402.0
2026-01-06 19:17:37.550000+00:00,2026-01-06 19:17:38.083958+00:00,157.55,0.615,0.61,0.62,0.385,0.38,0.39,165.0,196.0,196.0,170.0,0.6,147.0,0.63,598.0,0.37,598.0,0.4,147.0
2026-01-06 19:17:38.544000+00:00,2026-01-06 19:17:39.100391+00:00,158.544,0.615,0.61,0.62,0.395,0.39,0.4,90.0,489.0,80.0,71.0,0.6,137.0,0.63,1028.0,0.38,530.0,0.41,85.0
2026-01-06 19:17:39.555000+00:00,2026-01-06 19:17:40.122034+00:00,159.555,0.595,0.59,0.6,0.405,0.4,0.41,77.82,54.0,69.0,74.84,0.58,170.0,0.61,558.0,0.39,558.0,0.42,170.0
2026-01-06 19:17:40.584000+00:00,2026-01-06 19:17:41.114450+00:00,160.584,0.585,0.58,0.59,0.415,0.41,0.42,249.49,385.0,142.0,224.49,0.57,190.0,0.6,358.0,0.4,115.0,0.43,251.0
2026-01-06 19:17:41.561000+00:00,2026-01-06 19:17:42.112232+00:00,161.561,0.585,0.58,0.59,0.415,0.41,0.42,209.49,48.57,48.57,209.49,0.57,321.0,0.6,105.0,0.4,90.0,0.43,321.0
2026-01-06 19:17:42.531000+00:00,2026-01-06 19:17:43.105327+00:00,162.531,0.585,0.58,0.59,0.415,0.41,0.42,199.49,18.57,18.57,199.49,0.57,375.0,0.6,18.0,0.4,18.0,0.43,375.0
2026-01-06 19:17:43.464000+00:00,2026-01-06 19:17:44.113840+00:00,163.464,0.585,0.58,0.59,0.405,0.4,0.41,199.49,0.57,18.0,64.43,0.57,411.0,0.6,18.0,0.39,792.0,0.42,194.49
2026-01-06 19:17:44.466000+00:00,2026-01-06 19:17:45.116316+00:00,164.466,0.6,0.59,0.61,0.4,0.39,0.41,169.43,769.0,769.0,169.43,0.58,377.49,0.62,598.0,0.38,598.0,0.42,377.49
2026-01-06 19:17:45.594000+00:00,2026-01-06 19:17:46.139254+00:00,165.594,0.595,0.59,0.6,0.405,0.4,0.41,80.0,35.0,35.0,80.0,0.58,302.49,0.61,762.0,0.39,762.0,0.42,302.49
2026-01-06 19:17:46.690000+00:00,2026-01-06 19:17:47.140423+00:00,166.69,0.595,0.59,0.6,0.405,0.4,0.41,80.0,40.0,40.0,80.0,0.58,341.49,0.61,857.0,0.39,893.0,0.42,323.49
2026-01-06 19:17:47.588000+00:00,2026-01-06 19:17:48.157536+00:00,167.588,0.595,0.59,0.6,0.405,0.4,0.41,60.0,38.35,38.35,60.0,0.58,333.49,0.61,898.0,0.39,898.0,0.42,333.49
2026-01-06 19:17:48.479000+00:00,2026-01-06 19:17:49.162534+00:00,168.479,0.595,0.59,0.6,0.4,0.39,0.41,55.31,5.0,921.0,55.31,0.58,363.49,0.61,923.0,0.38,732.0,0.42,363.49
2026-01-06 19:17:49.585000+00:00,2026-01-06 19:17:50.162068+00:00,169.585,0.605,0.6,0.61,0.395,0.39,0.4,80.0,559.0,553.75,80.0,0.59,158.31,0.62,684.0,0.38,684.0,0.41,158.31
2026-01-06 19:17:50.602000+00:00,2026-01-06 19:17:51.165755+00:00,170.602,0.61,0.6,0.62,0.385,0.38,0.39,116.0,351.0,206.0,60.0,0.59,355.31,0.63,1054.0,0.37,1137.0,0.4,116.0
2026-01-06 19:17:51.633000+00:00,2026-01-06 19:17:52.182448+00:00,171.633,0.615,0.61,0.62,0.385,0.38,0.39,50.73,85.0,85.0,75.73,0.6,552.0,0.63,828.0,0.37,808.0,0.4,552.0
2026-01-06 19:17:52.633000+00:00,2026-01-06 19:17:53.182553+00:00,172.633,0.605,0.6,0.61,0.395,0.39,0.4,369.94,259.0,380.0,364.94,0.59,161.0,0.62,460.0,0.38,460.0,0.41,161.0
2026-01-06 19:17:53.661000+00:00,2026-01-06 19:17:54.184347+00:00,173.661,0.605,0.6,0.61,0.395,0.39,0.4,176.0,655.24,655.24,176.0,0.59,317.0,0.62,585.0,0.38,500.0,0.41,317.0
2026-01-06 19:17:54.640000+00:00,2026-01-06 19:17:55.195669+00:00,174.64,0.605,0.6,0.61,0.395,0.39,0.4,23.33,693.24,693.24,23.33,0.59,246.0,0.62,619.0,0.38,619.0,0.41,246.0
2026-01-06 19:17:55.655000+00:00,2026-01-06 19:17:56.206422+00:00,175.655,0.605,0.6,0.61,0.395,0.39,0.4,23.33,626.24,626.24,28.33,0.59,246.0,0.62,726.0,0.38,726.0,0.41,246.0
2026-01-06 19:17:56.502000+00:00,2026-01-06 19:17:57.213758+00:00,176.502,0.605,0.6,0.61,0.395,0.39,0.4,12.6,631.24,631.24,12.6,0.59,316.0,0.62,705.0,0.38,705.0,0.41,316.0
2026-01-06 19:17:57.670000+00:00,2026-01-06 19:17:58.227899+00:00,177.67,0.605,0.6,0.61,0.405,0.39,0.42,0.6,526.0,508.0,220.99,0.59,263.0,0.62,723.0,0.38,723.0,0.43,186.0
2026-01-06 19:17:58.646000+00:00,2026-01-06 19:17:59.236846+00:00,178.646,0.585,0.58,0.59,0.415,0.41,0.42,64.49,329.0,580.0,54.49,0.57,203.0,0.6,607.33,0.4,607.33,0.43,203.0
2026-01-06 19:17:59.624000+00:00,2026-01-06 19:18:00.237045+00:00,179.624,0.58,0.57,0.59,0.42,0.41,0.43,118.67,669.0,684.0,118.67,0.56,622.0,0.6,573.33,0.4,573.33,0.44,622.0
2026-01-06 19:18:00.708000+00:00,2026-01-06 19:18:01.253224+00:00,180.708,0.575,0.57,0.58,0.425,0.42,0.43,53.67,551.0,594.0,53.67,0.56,39.0,0.59,460.74,0.41,493.74,0.44,54.0
2026-01-06 19:18:01.673000+00:00,2026-01-06 19:18:02.255090+00:00,181.673,0.555,0.55,0.56,0.445,0.44,0.45,90.26,191.94,25.0,90.26,0.54,25.0,0.57,700.0,0.43,700.0,0.46,25.0
2026-01-06 19:18:02.725000+00:00,2026-01-06 19:18:03.258968+00:00,182.725,0.545,0.54,0.55,0.455,0.45,0.46,80.0,10.0,5.0,341.0,0.53,687.0,0.56,284.0,0.44,314.0,0.47,261.0
2026-01-06 19:18:03.667000+00:00,2026-01-06 19:18:04.264331+00:00,183.667,0.555,0.55,0.56,0.445,0.44,0.45,112.26,447.0,347.0,173.26,0.54,548.0,0.57,405.0,0.43,405.0,0.46,543.0
2026-01-06 19:18:04.702000+00:00,2026-01-06 19:18:05.269420+00:00,184.702,0.555,0.55,0.56,0.445,0.44,0.45,148.26,486.0,486.0,148.26,0.54,538.0,0.57,440.0,0.43,440.0,0.46,538.0
2026-01-06 19:18:05.760000+00:00,2026-01-06 19:18:06.279886+00:00,185.76,0.545,0.54,0.55,0.455,0.45,0.46,44.0,221.0,221.0,44.0,0.53,131.0,0.56,700.0,0.44,700.0,0.47,131.0
2026-01-06 19:18:06.669000+00:00,2026-01-06 19:18:07.284454+00:00,186.669,0.545,0.54,0.55,0.455,0.45,0.46,44.0,593.0,644.0,9.0,0.53,131.0,0.56,748.0,0.44,747.0,0.47,156.0
2026-01-06 19:18:07.772000+00:00,2026-01-06 19:18:08.300059+00:00,187.772,0.535,0.53,0.54,0.46499999999999997,0.46,0.47,30.0,282.77,145.77,70.0,0.52,771.0,0.55,710.0,0.45,416.0,0.48,746.0
2026-01-06 19:18:08.771000+00:00,2026-01-06 19:18:09.289298+00:00,188.771,0.525,0.52,0.53,0.475,0.47,0.48,35.0,297.0,241.0,80.0,0.51,219.47,0.54,337.77,0.46,407.77,0.49,219.47
2026-01-06 19:18:09.704000+00:00,2026-01-06 19:18:10.293262+00:00,189.704,0.525,0.52,0.53,0.475,0.47,0.48,85.0,33.0,33.0,85.0,0.51,201.47,0.54,495.77,0.46,495.77,0.49,201.47
2026-01-06 19:18:10.779000+00:00,2026-01-06 19:18:11.312357+00:00,190.779,0.525,0.52,0.53,0.475,0.47,0.48,35.0,194.35,194.35,35.0,0.51,206.47,0.54,381.0,0.46,435.0,0.49,206.47
2026-01-06 19:18:11.785000+00:00,2026-01-06 19:18:12.327674+00:00,191.785,0.525,0.52,0.53,0.475,0.47,0.48,35.0,194.35,234.35,35.0,0.51,81.47,0.54,435.0,0.46,447.0,0.49,81.47
2026-01-06 19:18:12.768000+00:00,2026-01-06 19:18:13.329031+00:00,192.768,0.52,0.51,0.53,0.48,0.47,0.49,112.53,232.2,232.2,112.53,0.5,721.0,0.54,470.0,0.46,470.0,0.5,721.0
2026-01-06 19:18:13.757000+00:00,2026-01-06 19:18:14.321103+00:00,193.757,0.525,0.52,0.53,0.475,0.47,0.48,20.0,203.0,203.0,20.0,0.51,143.53,0.54,470.0,0.46,470.0,0.49,143.53
2026-01-06 19:18:14.396000+00:00,2026-01-06 19:18:15.323343+00:00,194.396,0.525,0.52,0.53,0.475,0.47,0.48,20.0,203.0,203.0,20.0,0.51,143.53,0.54,470.0,0.46,470.0,0.49,143.53
2026-01-06 19:18:15.776000+00:00,2026-01-06 19:18:16.334675+00:00,195.776,0.525,0.52,0.53,0.475,0.47,0.48,15.0,208.0,208.0,20.0,0.51,146.53,0.54,470.0,0.46,470.0,0.49,151.53
2026-01-06 19:18:16.701000+00:00,2026-01-06 19:18:17.352514+00:00,196.701,0.52,0.51,0.53,0.48,0.47,0.49,165.47,238.0,238.0,147.47,0.5,685.0,0.54,475.0,0.46,475.0,0.5,685.0
2026-01-06 19:18:17.789000+00:00,2026-01-06 19:18:18.362861+00:00,197.789,0.52,0.51,0.53,0.48,0.47,0.49,111.47,238.0,256.0,111.47,0.5,721.0,0.54,475.0,0.46,475.0,0.5,739.0
2026-01-06 19:18:18.789000+00:00,2026-01-06 19:18:19.355893+00:00,198.789,0.52,0.51,0.53,0.48,0.47,0.49,111.47,274.0,274.0,111.47,0.5,739.0,0.54,457.0,0.46,457.0,0.5,739.0
2026-01-06 19:18:19.828000+00:00,2026-01-06 19:18:20.365416+00:00,199.828,0.495,0.49,0.5,0.52,0.51,0.53,35.4,322.0,122.0,50.0,0.47,50.0,0.51,743.0,0.5,655.0,0.55,541.74
2026-01-06 19:18:20.809000+00:00,2026-01-06 19:18:21.367268+00:00,200.809,0.455,0.45,0.46,0.545,0.54,0.55,50.8,264.0,259.0,50.8,0.44,173.59,0.47,556.0,0.53,556.0,0.56,173.59
2026-01-06 19:18:21.754000+00:00,2026-01-06 19:18:22.377467+00:00,201.754,0.455,0.45,0.46,0.545,0.54,0.55,90.8,61.0,38.0,90.8,0.44,936.59,0.47,150.0,0.53,150.0,0.56,936.59
2026-01-06 19:18:22.829000+00:00,2026-01-06 19:18:23.397657+00:00,202.829,0.455,0.45,0.46,0.545,0.54,0.55,90.8,38.0,38.0,90.8,0.44,814.59,0.47,168.0,0.53,186.0,0.56,814.59
2026-01-06 19:18:23.883000+00:00,2026-01-06 19:18:24.412359+00:00,203.883,0.46499999999999997,0.46,0.47,0.535,0.53,0.54,388.0,10.0,10.0,448.0,0.45,247.06,0.48,183.0,0.52,183.0,0.55,448.06
2026-01-06 19:18:25.913000+00:00,2026-01-06 19:18:26.431325+00:00,205.913,0.515,0.51,0.52,0.485,0.48,0.49,5.0,466.31,426.31,5.0,0.5,344.0,0.53,358.0,0.47,383.0,0.5,196.0
2026-01-06 19:18:26.806000+00:00,2026-01-06 19:18:27.451022+00:00,206.806,0.505,0.5,0.51,0.495,0.49,0.5,146.0,557.0,552.0,146.0,0.49,524.0,0.52,445.0,0.48,445.0,0.51,524.0
2026-01-06 19:18:28.922000+00:00,2026-01-06 19:18:29.480454+00:00,208.922,0.5,0.49,0.51,0.5,0.49,0.51,549.0,440.0,369.0,549.0,0.48,94.0,0.52,532.0,0.48,532.0,0.52,94.0
2026-01-06 19:18:29.933000+00:00,2026-01-06 19:18:30.479934+00:00,209.933,0.485,0.48,0.49,0.515,0.51,0.52,54.0,139.75,452.75,48.8,0.47,149.0,0.5,649.31,0.5,549.31,0.53,149.0
2026-01-06 19:18:30.905000+00:00,2026-01-06 19:18:31.481150+00:00,210.905,0.475,0.47,0.48,0.525,0.52,0.53,15.0,147.0,112.0,15.0,0.46,749.88,0.49,486.75,0.51,476.75,0.54,749.88
2026-01-06 19:18:31.956000+00:00,2026-01-06 19:18:32.503530+00:00,211.956,0.475,0.47,0.48,0.525,0.52,0.53,15.0,147.0,162.0,15.0,0.46,821.88,0.49,285.75,0.51,285.75,0.54,821.88
2026-01-06 19:18:32.841000+00:00,2026-01-06 19:18:33.505665+00:00,212.841,0.475,0.47,0.48,0.525,0.52,0.53,15.0,217.0,217.0,15.0,0.46,786.88,0.49,385.75,0.51,314.75,0.54,786.88
2026-01-06 19:18:33.890000+00:00,2026-01-06 19:18:34.513543+00:00,213.89,0.475,0.47,0.48,0.525,0.52,0.53,15.0,172.0,172.0,15.0,0.46,786.88,0.49,289.75,0.51,289.75,0.54,786.88
2026-01-06 19:18:34.764000+00:00,2026-01-06 19:18:35.509548+00:00,214.764,0.475,0.47,0.48,0.525,0.52,0.53,15.0,172.0,247.0,15.0,0.46,786.88,0.49,289.75,0.51,284.75,0.54,786.88
2026-01-06 19:18:35.952000+00:00,2026-01-06 19:18:36.512200+00:00,215.952,0.475,0.47,0.48,0.525,0.52,0.53,10.0,247.0,244.25,10.0,0.46,791.88,0.49,289.75,0.51,289.75,0.54,791.88
2026-01-06 19:18:36.658000+00:00,2026-01-06 19:18:37.506432+00:00,216.658,0.47,0.46,0.48,0.53,0.52,0.54,899.65,180.91,150.0,894.65,0.45,241.0,0.49,294.75,0.51,289.75,0.55,241.0
2026-01-06 19:18:37.980000+00:00,2026-01-06 19:18:38.505954+00:00,217.98,0.485,0.48,0.49,0.515,0.51,0.52,289.69,278.0,151.0,345.69,0.47,261.0,0.5,484.0,0.5,180.0,0.53,322.0
2026-01-06 19:18:38.960000+00:00,2026-01-06 19:18:39.513952+00:00,218.96,0.485,0.48,0.49,0.515,0.51,0.52,342.69,90.0,90.0,306.69,0.47,334.0,0.5,201.14,0.5,183.14,0.53,334.0
2026-01-06 19:18:39.976000+00:00,2026-01-06 19:18:40.531440+00:00,219.976,0.485,0.48,0.49,0.515,0.51,0.52,140.69,66.0,66.0,62.75,0.47,114.0,0.5,344.14,0.5,344.14,0.53,114.0
2026-01-06 19:18:41.003000+00:00,2026-01-06 19:18:41.531392+00:00,221.003,0.485,0.48,0.49,0.515,0.51,0.52,73.06,126.0,106.0,73.06,0.47,48.0,0.5,397.0,0.5,415.0,0.53,48.0
2026-01-06 19:18:42.942000+00:00,2026-01-06 19:18:43.544149+00:00,222.942,0.475,0.47,0.48,0.525,0.52,0.53,254.0,216.0,216.0,254.0,0.46,715.86,0.49,431.0,0.51,431.0,0.54,644.86
2026-01-06 19:18:44.040000+00:00,2026-01-06 19:18:44.553619+00:00,224.04,0.475,0.47,0.48,0.525,0.52,0.53,269.0,216.0,216.0,254.0,0.46,734.86,0.49,311.0,0.51,311.0,0.54,734.86
2026-01-06 19:18:45.002000+00:00,2026-01-06 19:18:45.579613+00:00,225.002,0.47,0.46,0.48,0.53,0.52,0.54,644.86,173.0,168.0,649.86,0.45,487.0,0.49,414.0,0.51,414.0,0.55,487.0
2026-01-06 19:18:46.019000+00:00,2026-01-06 19:18:46.595075+00:00,226.019,0.47,0.46,0.48,0.53,0.52,0.54,644.86,168.0,168.0,644.86,0.45,505.0,0.49,484.0,0.51,466.0,0.55,523.0
2026-01-06 19:18:47.058000+00:00,2026-01-06 19:18:47.597107+00:00,227.058,0.46499999999999997,0.46,0.47,0.535,0.53,0.54,10.86,549.0,667.0,10.86,0.45,51.0,0.48,431.0,0.52,413.0,0.55,15.0
2026-01-06 19:18:48.861000+00:00,2026-01-06 19:18:49.629007+00:00,228.861,0.445,0.44,0.45,0.555,0.55,0.56,102.32,297.0,297.0,102.32,0.43,183.33,0.46,396.0,0.54,396.0,0.57,183.33
2026-01-06 19:18:50.083000+00:00,2026-01-06 19:18:50.643344+00:00,230.083,0.445,0.44,0.45,0.555,0.55,0.56,7.32,392.0,387.55,7.32,0.43,304.33,0.46,361.0,0.54,361.0,0.57,204.33
2026-01-06 19:18:51.039000+00:00,2026-01-06 19:18:51.660192+00:00,231.039,0.445,0.44,0.45,0.555,0.55,0.56,37.32,143.24,143.24,37.32,0.43,638.33,0.46,178.0,0.54,178.0,0.57,638.33
2026-01-06 19:18:52.133000+00:00,2026-01-06 19:18:52.670075+00:00,232.133,0.445,0.44,0.45,0.555,0.55,0.56,42.32,158.24,120.24,42.32,0.43,633.33,0.46,178.0,0.54,196.0,0.57,633.33
2026-01-06 19:18:53.057000+00:00,2026-01-06 19:18:53.668590+00:00,233.057,0.445,0.44,0.45,0.555,0.55,0.56,42.32,120.24,120.24,42.32,0.43,651.33,0.46,196.0,0.54,196.0,0.57,651.33
2026-01-06 19:18:54.002000+00:00,2026-01-06 19:18:54.676721+00:00,234.002,0.445,0.44,0.45,0.555,0.55,0.56,42.32,120.24,120.24,42.32,0.43,580.33,0.46,212.0,0.54,212.0,0.57,580.33
2026-01-06 19:18:55.043000+00:00,2026-01-06 19:18:55.670325+00:00,235.043,0.445,0.44,0.45,0.555,0.55,0.56,42.32,120.24,120.24,42.32,0.43,580.33,0.46,212.0,0.54,212.0,0.57,580.33
2026-01-06 19:18:56.833000+00:00,2026-01-06 19:18:57.692535+00:00,236.833,0.445,0.44,0.45,0.555,0.55,0.56,30.0,120.24,120.24,30.0,0.43,590.33,0.46,217.0,0.54,217.0,0.57,590.33
2026-01-06 19:18:58.174000+00:00,2026-01-06 19:18:58.705966+00:00,238.174,0.435,0.43,0.44,0.565,0.56,0.57,15.0,525.5,570.5,15.0,0.42,218.7,0.45,352.99,0.55,342.99,0.58,218.7
2026-01-06 19:18:59.202000+00:00,2026-01-06 19:18:59.711206+00:00,239.202,0.415,0.41,0.42,0.585,0.58,0.59,343.1,494.78,489.78,343.1,0.4,604.0,0.43,409.69,0.57,409.69,0.6,609.0
2026-01-06 19:19:00.176000+00:00,2026-01-06 19:19:00.713199+00:00,240.176,0.415,0.41,0.42,0.585,0.58,0.59,247.94,263.78,263.78,247.94,0.4,663.0,0.43,322.0,0.57,322.0,0.6,663.0
2026-01-06 19:19:01+00:00,2026-01-06 19:19:01.712446+00:00,241.0,0.415,0.41,0.42,0.585,0.58,0.59,247.94,245.78,245.78,237.12,0.4,663.0,0.43,286.0,0.57,286.0,0.6,663.0
2026-01-06 19:19:02.157000+00:00,2026-01-06 19:19:02.713098+00:00,242.157,0.415,0.41,0.42,0.585,0.58,0.59,182.9,184.78,184.78,182.9,0.4,763.0,0.43,304.0,0.57,304.0,0.6,763.0
2026-01-06 19:19:03.187000+00:00,2026-01-06 19:19:03.719082+00:00,243.187,0.415,0.41,0.42,0.585,0.58,0.59,323.9,283.0,283.0,323.9,0.4,675.0,0.43,387.99,0.57,387.99,0.6,675.0
2026-01-06 19:19:04.174000+00:00,2026-01-06 19:19:04.719259+00:00,244.174,0.415,0.41,0.42,0.585,0.58,0.59,257.9,240.0,228.0,257.9,0.4,672.0,0.43,382.99,0.57,454.99,0.6,590.0
2026-01-06 19:19:05.179000+00:00,2026-01-06 19:19:05.728822+00:00,245.179,0.415,0.41,0.42,0.585,0.58,0.59,182.9,329.0,329.0,182.9,0.4,609.0,0.43,456.0,0.57,456.0,0.6,609.0
2026-01-06 19:19:06.124000+00:00,2026-01-06 19:19:06.735124+00:00,246.124,0.415,0.41,0.42,0.585,0.58,0.59,302.9,10.0,10.0,308.9,0.4,758.0,0.43,423.99,0.57,423.99,0.6,758.0
2026-01-06 19:19:07.003000+00:00,2026-01-06 19:19:07.748320+00:00,247.003,0.415,0.41,0.42,0.585,0.58,0.59,293.9,10.0,10.0,293.9,0.4,636.0,0.43,423.99,0.57,423.99,0.6,636.0
2026-01-06 19:19:08.189000+00:00,2026-01-06 19:19:08.751926+00:00,248.189,0.415,0.41,0.42,0.585,0.58,0.59,175.91,10.0,10.0,175.91,0.4,712.0,0.43,240.99,0.57,245.99,0.6,812.0
2026-01-06 19:19:09.154000+00:00,2026-01-06 19:19:09.746860+00:00,249.154,0.415,0.41,0.42,0.585,0.58,0.59,99.91,284.0,269.0,114.91,0.4,751.0,0.43,240.99,0.57,240.99,0.6,751.0
2026-01-06 19:19:10.170000+00:00,2026-01-06 19:19:10.760996+00:00,250.17,0.425,0.41,0.44,0.565,0.56,0.57,973.91,166.0,148.0,195.0,0.4,706.0,0.45,159.25,0.55,182.25,0.58,409.0
2026-01-06 19:19:11.119000+00:00,2026-01-06 19:19:11.769630+00:00,251.119,0.435,0.43,0.44,0.565,0.56,0.57,254.0,153.0,153.0,254.0,0.42,409.0,0.45,141.25,0.55,141.25,0.58,409.0
2026-01-06 19:19:12.246000+00:00,2026-01-06 19:19:12.781659+00:00,252.246,0.455,0.45,0.46,0.545,0.54,0.55,237.8,129.26,134.26,237.8,0.44,333.07,0.47,223.97,0.53,223.97,0.56,333.07
2026-01-06 19:19:13.267000+00:00,2026-01-06 19:19:13.794941+00:00,253.267,0.44,0.43,0.45,0.58,0.57,0.59,12.74,263.0,245.27,146.54,0.41,134.91,0.46,552.26,0.56,177.0,0.6,833.0
2026-01-06 19:19:14.276000+00:00,2026-01-06 19:19:14.812048+00:00,254.276,0.435,0.43,0.44,0.565,0.56,0.57,908.0,30.81,70.81,931.0,0.42,480.0,0.45,71.0,0.55,71.0,0.58,475.0
2026-01-06 19:19:15.208000+00:00,2026-01-06 19:19:15.819910+00:00,255.208,0.445,0.44,0.45,0.555,0.55,0.56,183.0,362.99,362.99,61.0,0.43,1013.98,0.46,407.0,0.54,407.0,0.57,704.98
2026-01-06 19:19:16.260000+00:00,2026-01-06 19:19:16.817201+00:00,256.26,0.445,0.44,0.45,0.555,0.55,0.56,174.82,40.0,35.0,174.82,0.43,832.0,0.46,250.0,0.54,250.0,0.57,832.0
2026-01-06 19:19:17.135000+00:00,2026-01-06 19:19:17.822003+00:00,257.135,0.45,0.44,0.46,0.55,0.54,0.56,179.82,257.0,257.0,179.82,0.43,862.0,0.47,347.97,0.53,347.97,0.57,862.0
2026-01-06 19:19:18.265000+00:00,2026-01-06 19:19:18.812693+00:00,258.265,0.435,0.43,0.44,0.565,0.56,0.57,763.0,138.29,10.29,862.98,0.42,413.82,0.45,163.0,0.55,189.0,0.58,364.0
2026-01-06 19:19:19.185000+00:00,2026-01-06 19:19:19.819976+00:00,259.185,0.435,0.43,0.44,0.565,0.56,0.57,820.8,10.29,10.29,820.8,0.42,413.0,0.45,135.0,0.55,135.0,0.58,413.0
2026-01-06 19:19:20.296000+00:00,2026-01-06 19:19:20.826514+00:00,260.296,0.425,0.42,0.43,0.575,0.57,0.58,129.82,18.0,5.0,129.82,0.41,146.54,0.44,425.29,0.56,438.29,0.59,146.54
2026-01-06 19:19:21.254000+00:00,2026-01-06 19:19:21.826010+00:00,261.254,0.43,0.42,0.44,0.5700000000000001,0.56,0.58,129.82,426.0,426.0,129.82,0.41,151.54,0.45,484.99,0.55,484.99,0.59,151.54
2026-01-06 19:19:22.182000+00:00,2026-01-06 19:19:22.829444+00:00,262.182,0.43,0.42,0.44,0.5700000000000001,0.56,0.58,126.66,349.45,347.15,124.16,0.41,223.54,0.45,527.0,0.55,527.0,0.59,223.54
2026-01-06 19:19:23.176000+00:00,2026-01-06 19:19:23.825041+00:00,263.176,0.43,0.42,0.44,0.5700000000000001,0.56,0.58,164.16,311.15,311.15,164.16,0.41,241.54,0.45,456.0,0.55,456.0,0.59,241.54
2026-01-06 19:19:24.189000+00:00,2026-01-06 19:19:24.847917+00:00,264.189,0.43,0.42,0.44,0.5700000000000001,0.56,0.58,126.36,303.29,303.29,126.36,0.41,685.54,0.45,474.0,0.55,474.0,0.59,685.54
2026-01-06 19:19:25.300000+00:00,2026-01-06 19:19:25.864898+00:00,265.3,0.43,0.42,0.44,0.5700000000000001,0.56,0.58,132.89,357.29,357.29,132.89,0.41,673.54,0.45,455.86,0.55,455.86,0.59,673.54
2026-01-06 19:19:26.924000+00:00,2026-01-06 19:19:27.870633+00:00,266.924,0.43,0.42,0.44,0.5700000000000001,0.56,0.58,132.89,357.29,359.29,85.0,0.41,673.54,0.45,455.86,0.55,431.86,0.59,642.52
2026-01-06 19:19:28.340000+00:00,2026-01-06 19:19:28.876733+00:00,268.34,0.415,0.41,0.42,0.585,0.58,0.59,7.54,394.0,430.0,7.54,0.4,134.72,0.43,354.0,0.57,457.0,0.6,134.72
2026-01-06 19:19:29.322000+00:00,2026-01-06 19:19:29.882275+00:00,269.322,0.415,0.41,0.42,0.585,0.58,0.59,205.0,81.0,76.0,482.0,0.4,494.83,0.43,508.0,0.57,360.0,0.6,907.83
2026-01-06 19:19:30.335000+00:00,2026-01-06 19:19:30.887065+00:00,270.335,0.435,0.43,0.44,0.56,0.55,0.57,213.0,5.09,182.86,274.0,0.42,231.0,0.45,182.86,0.54,208.0,0.58,231.0
2026-01-06 19:19:31.280000+00:00,2026-01-06 19:19:31.897508+00:00,271.28,0.435,0.43,0.44,0.565,0.56,0.57,183.0,45.0,45.0,183.0,0.42,279.0,0.45,200.86,0.55,194.86,0.58,294.0
2026-01-06 19:19:32.360000+00:00,2026-01-06 19:19:32.908736+00:00,272.36,0.435,0.43,0.44,0.585,0.58,0.59,159.53,302.0,34.0,600.29,0.42,127.0,0.45,233.86,0.57,63.0,0.6,90.41
2026-01-06 19:19:33.460000+00:00,2026-01-06 19:19:33.919571+00:00,273.46,0.415,0.41,0.42,0.585,0.58,0.59,478.29,50.0,50.0,478.29,0.4,95.41,0.43,295.0,0.57,295.0,0.6,213.41
2026-01-06 19:19:34.347000+00:00,2026-01-06 19:19:34.930713+00:00,274.347,0.415,0.41,0.42,0.585,0.58,0.59,478.29,50.0,50.0,478.29,0.4,149.41,0.43,277.0,0.57,259.0,0.6,149.41
2026-01-06 19:19:35.134000+00:00,2026-01-06 19:19:35.942622+00:00,275.134,0.415,0.41,0.42,0.585,0.58,0.59,478.29,50.0,160.0,443.29,0.4,149.41,0.43,259.0,0.57,189.0,0.6,165.24
2026-01-06 19:19:36.154000+00:00,2026-01-06 19:19:36.945171+00:00,276.154,0.415,0.41,0.42,0.585,0.58,0.59,422.29,45.0,45.0,422.29,0.4,154.41,0.43,287.0,0.57,287.0,0.6,154.41
2026-01-06 19:19:37.399000+00:00,2026-01-06 19:19:37.944116+00:00,277.399,0.415,0.41,0.42,0.585,0.58,0.59,422.29,45.0,45.0,422.29,0.4,249.41,0.43,282.0,0.57,282.0,0.6,249.41
2026-01-06 19:19:38.438000+00:00,2026-01-06 19:19:38.955899+00:00,278.438,0.425,0.42,0.43,0.575,0.57,0.58,18.0,135.0,135.0,18.0,0.41,602.57,0.44,366.0,0.56,366.0,0.59,602.57
2026-01-06 19:19:39.345000+00:00,2026-01-06 19:19:39.961515+00:00,279.345,0.425,0.42,0.43,0.58,0.57,0.59,2.87,120.07,120.07,526.57,0.41,607.57,0.44,366.0,0.56,366.0,0.6,215.11
2026-01-06 19:19:40.408000+00:00,2026-01-06 19:19:40.957966+00:00,280.408,0.42,0.41,0.43,0.58,0.57,0.59,546.87,154.07,154.07,546.87,0.4,149.11,0.44,504.0,0.56,504.0,0.6,149.11
2026-01-06 19:19:41.240000+00:00,2026-01-06 19:19:41.978314+00:00,281.24,0.42,0.41,0.43,0.58,0.57,0.59,551.87,154.07,154.07,551.87,0.4,249.11,0.44,504.0,0.56,504.0,0.6,249.11
2026-01-06 19:19:42.456000+00:00,2026-01-06 19:19:42.991963+00:00,282.456,0.405,0.4,0.41,0.595,0.59,0.6,105.83,45.0,35.0,105.83,0.39,206.0,0.42,387.0,0.58,401.0,0.61,224.0
2026-01-06 19:19:43.449000+00:00,2026-01-06 19:19:43.998231+00:00,283.449,0.405,0.4,0.41,0.595,0.59,0.6,44.83,45.0,45.0,59.83,0.39,244.0,0.42,328.0,0.58,379.0,0.61,190.0
2026-01-06 19:19:44.432000+00:00,2026-01-06 19:19:45.006497+00:00,284.432,0.41000000000000003,0.4,0.42,0.59,0.58,0.6,104.83,415.0,415.0,104.83,0.39,185.0,0.43,464.07,0.57,464.07,0.61,185.0
2026-01-06 19:19:45.299000+00:00,2026-01-06 19:19:46.009005+00:00,285.299,0.41000000000000003,0.4,0.42,0.59,0.58,0.6,104.83,346.0,346.0,104.83,0.39,237.0,0.43,523.07,0.57,523.07,0.61,237.0
2026-01-06 19:19:46.478000+00:00,2026-01-06 19:19:47.023815+00:00,286.478,0.41000000000000003,0.4,0.42,0.59,0.58,0.6,80.83,398.0,398.0,80.83,0.39,716.0,0.43,498.07,0.57,503.07,0.61,716.0
2026-01-06 19:19:47.433000+00:00,2026-01-06 19:19:48.040199+00:00,287.433,0.41000000000000003,0.4,0.42,0.59,0.58,0.6,80.83,395.77,393.54,180.83,0.39,734.0,0.43,503.07,0.57,498.07,0.61,729.0
2026-01-06 19:19:48.475000+00:00,2026-01-06 19:19:49.052052+00:00,288.475,0.41000000000000003,0.4,0.42,0.59,0.58,0.6,174.83,373.54,373.54,174.83,0.39,729.0,0.43,516.07,0.57,516.07,0.61,729.0
2026-01-06 19:19:49.317000+00:00,2026-01-06 19:19:50.067603+00:00,289.317,0.41000000000000003,0.4,0.42,0.59,0.58,0.6,174.83,373.54,373.54,174.83,0.39,729.0,0.43,516.07,0.57,516.07,0.61,729.0
2026-01-06 19:19:50.618000+00:00,2026-01-06 19:19:51.076642+00:00,290.618,0.415,0.41,0.42,0.585,0.58,0.59,5.0,286.54,301.54,2.79,0.4,312.29,0.43,347.07,0.57,365.07,0.6,312.29
2026-01-06 19:19:51.490000+00:00,2026-01-06 19:19:52.079919+00:00,291.49,0.415,0.41,0.42,0.585,0.58,0.59,274.0,126.54,120.0,122.0,0.4,603.94,0.43,298.0,0.57,115.0,0.6,495.94
2026-01-06 19:19:52.537000+00:00,2026-01-06 19:19:53.095243+00:00,292.537,0.405,0.4,0.41,0.595,0.59,0.6,70.0,146.0,268.0,70.0,0.39,736.0,0.42,149.99,0.58,289.99,0.61,736.0
2026-01-06 19:19:53.704000+00:00,2026-01-06 19:19:54.105975+00:00,293.704,0.405,0.4,0.41,0.595,0.59,0.6,115.91,238.0,223.0,130.91,0.39,649.0,0.42,391.99,0.58,406.99,0.61,649.0
2026-01-06 19:19:54.564000+00:00,2026-01-06 19:19:55.137445+00:00,294.564,0.405,0.4,0.41,0.595,0.59,0.6,105.91,223.0,223.0,105.91,0.39,703.0,0.42,406.99,0.58,406.99,0.61,703.0
2026-01-06 19:19:55.594000+00:00,2026-01-06 19:19:56.144324+00:00,295.594,0.405,0.4,0.41,0.595,0.59,0.6,116.91,268.0,80.0,116.91,0.39,718.0,0.42,391.99,0.58,208.99,0.61,718.0
2026-01-06 19:19:56.400000+00:00,2026-01-06 19:19:57.149797+00:00,296.4,0.405,0.4,0.41,0.595,0.59,0.6,110.91,44.0,44.0,110.91,0.39,698.0,0.42,208.99,0.58,208.99,0.61,698.0
2026-01-06 19:19:57.551000+00:00,2026-01-06 19:19:58.158620+00:00,297.551,0.405,0.4,0.41,0.595,0.59,0.6,110.91,44.0,44.0,110.91,0.39,693.0,0.42,219.99,0.58,219.99,0.61,709.0
2026-01-06 19:19:58.528000+00:00,2026-01-06 19:19:59.152157+00:00,298.528,0.405,0.4,0.41,0.595,0.59,0.6,97.57,52.47,52.47,97.57,0.39,709.0,0.42,201.99,0.58,201.99,0.61,709.0
2026-01-06 19:19:59.651000+00:00,2026-01-06 19:20:00.174032+00:00,299.651,0.405,0.4,0.41,0.595,0.59,0.6,110.0,8.47,8.47,110.0,0.39,709.0,0.42,192.2,0.58,192.2,0.61,709.0
2026-01-06 19:20:00.648000+00:00,2026-01-06 19:20:01.184331+00:00,300.648,0.405,0.4,0.41,0.595,0.59,0.6,95.0,99.46,99.46,95.0,0.39,704.0,0.42,210.21,0.58,271.21,0.61,704.0
2026-01-06 19:20:01.564000+00:00,2026-01-06 19:20:02.183565+00:00,301.564,0.405,0.4,0.41,0.595,0.59,0.6,187.0,68.47,68.47,187.0,0.39,813.0,0.42,112.0,0.58,112.0,0.61,813.0
2026-01-06 19:20:02.674000+00:00,2026-01-06 19:20:03.202789+00:00,302.674,0.405,0.4,0.41,0.595,0.59,0.6,106.0,258.47,456.47,71.0,0.39,642.0,0.42,74.0,0.58,191.0,0.61,218.0
2026-01-06 19:20:03.675000+00:00,2026-01-06 19:20:04.212702+00:00,303.675,0.39,0.38,0.4,0.61,0.6,0.62,99.68,72.0,18.0,129.68,0.37,287.0,0.41,483.21,0.59,535.21,0.63,323.0
2026-01-06 19:20:04.735000+00:00,2026-01-06 19:20:05.226648+00:00,304.735,0.395,0.39,0.4,0.605,0.6,0.61,36.0,120.0,150.0,36.0,0.38,246.68,0.41,472.74,0.59,439.74,0.62,241.68
2026-01-06 19:20:05.703000+00:00,2026-01-06 19:20:06.232827+00:00,305.703,0.385,0.38,0.39,0.615,0.61,0.62,214.68,152.99,152.99,196.68,0.37,310.0,0.4,80.0,0.6,170.0,0.63,310.0
2026-01-06 19:20:06.688000+00:00,2026-01-06 19:20:07.243466+00:00,306.688,0.385,0.38,0.39,0.615,0.61,0.62,124.68,157.99,132.99,124.68,0.37,382.0,0.4,188.0,0.6,188.0,0.63,831.0
2026-01-06 19:20:07.644000+00:00,2026-01-06 19:20:08.238786+00:00,307.644,0.385,0.38,0.39,0.615,0.61,0.62,112.68,142.99,142.99,112.68,0.37,813.0,0.4,173.0,0.6,173.0,0.63,813.0
2026-01-06 19:20:08.642000+00:00,2026-01-06 19:20:09.241382+00:00,308.642,0.385,0.38,0.39,0.615,0.61,0.62,112.68,135.99,135.99,94.68,0.37,813.0,0.4,173.0,0.6,173.0,0.63,813.0
2026-01-06 19:20:09.665000+00:00,2026-01-06 19:20:10.256033+00:00,309.665,0.385,0.38,0.39,0.615,0.61,0.62,77.68,135.99,135.99,74.45,0.37,843.0,0.4,178.0,0.6,178.0,0.63,843.0
2026-01-06 19:20:10.647000+00:00,2026-01-06 19:20:11.270994+00:00,310.647,0.385,0.38,0.39,0.615,0.61,0.62,74.45,128.29,123.29,74.45,0.37,838.0,0.4,243.0,0.6,243.0,0.63,838.0
2026-01-06 19:20:11.732000+00:00,2026-01-06 19:20:12.273527+00:00,311.732,0.385,0.38,0.39,0.615,0.61,0.62,74.45,95.0,323.0,56.45,0.37,685.0,0.4,193.29,0.6,305.29,0.63,514.0
2026-01-06 19:20:12.741000+00:00,2026-01-06 19:20:13.267705+00:00,312.741,0.375,0.37,0.38,0.605,0.59,0.62,565.0,61.0,8.21,200.0,0.36,593.0,0.39,136.0,0.57,28.77,0.63,620.34
2026-01-06 19:20:13.756000+00:00,2026-01-06 19:20:14.290633+00:00,313.756,0.435,0.43,0.44,0.565,0.56,0.57,123.0,81.99,81.99,123.0,0.42,511.0,0.45,82.86,0.55,82.86,0.58,511.0
2026-01-06 19:20:14.755000+00:00,2026-01-06 19:20:15.307156+00:00,314.755,0.435,0.43,0.44,0.565,0.56,0.57,99.0,81.99,81.99,74.0,0.42,328.0,0.45,398.03,0.55,398.03,0.58,328.0
2026-01-06 19:20:15.769000+00:00,2026-01-06 19:20:16.311481+00:00,315.769,0.43,0.42,0.44,0.5700000000000001,0.56,0.58,382.0,117.99,117.99,382.0,0.41,180.0,0.45,390.86,0.55,390.86,0.59,180.0
2026-01-06 19:20:16.752000+00:00,2026-01-06 19:20:17.308148+00:00,316.752,0.395,0.39,0.4,0.605,0.6,0.61,186.0,61.0,224.0,130.51,0.38,156.0,0.41,277.0,0.59,465.0,0.62,146.0
2026-01-06 19:20:17.711000+00:00,2026-01-06 19:20:18.310261+00:00,317.711,0.39,0.38,0.4,0.605,0.6,0.61,256.0,423.67,423.67,15.0,0.37,455.34,0.41,345.0,0.59,345.0,0.62,256.0
2026-01-06 19:20:18.728000+00:00,2026-01-06 19:20:19.321445+00:00,318.728,0.395,0.39,0.4,0.605,0.6,0.61,9.75,332.17,327.17,9.75,0.38,287.0,0.41,381.0,0.59,381.0,0.62,287.0
2026-01-06 19:20:19.770000+00:00,2026-01-06 19:20:20.333867+00:00,319.77,0.39,0.38,0.4,0.61,0.6,0.62,405.0,361.31,361.31,405.0,0.37,591.34,0.41,366.0,0.59,366.0,0.63,596.34
2026-01-06 19:20:20.801000+00:00,2026-01-06 19:20:21.359018+00:00,320.801,0.395,0.39,0.4,0.605,0.6,0.61,158.35,129.74,35.0,76.0,0.38,718.0,0.41,332.0,0.59,325.0,0.62,746.0
2026-01-06 19:20:21.727000+00:00,2026-01-06 19:20:22.357036+00:00,321.727,0.4,0.39,0.41,0.6,0.59,0.61,195.26,252.0,260.0,195.26,0.38,889.0,0.42,186.0,0.58,186.0,0.62,889.0
2026-01-06 19:20:22.813000+00:00,2026-01-06 19:20:23.373551+00:00,322.813,0.405,0.4,0.41,0.595,0.59,0.6,233.0,111.0,111.0,228.0,0.39,398.26,0.42,137.0,0.58,107.0,0.61,398.26
2026-01-06 19:20:23.768000+00:00,2026-01-06 19:20:24.374733+00:00,323.768,0.415,0.41,0.42,0.585,0.58,0.59,112.0,161.55,122.55,112.0,0.4,278.08,0.43,227.71,0.57,227.71,0.6,263.08
2026-01-06 19:20:24.812000+00:00,2026-01-06 19:20:25.373076+00:00,324.812,0.415,0.41,0.42,0.585,0.58,0.59,81.0,89.55,89.55,81.0,0.4,383.08,0.43,238.54,0.57,238.54,0.6,353.08
2026-01-06 19:20:25.572000+00:00,2026-01-06 19:20:26.383845+00:00,325.572,0.415,0.41,0.42,0.585,0.58,0.59,30.0,104.55,104.55,30.0,0.4,353.08,0.43,273.54,0.57,466.54,0.6,263.08
2026-01-06 19:20:26.845000+00:00,2026-01-06 19:20:27.390403+00:00,326.845,0.405,0.4,0.41,0.595,0.59,0.6,449.0,46.62,61.62,449.0,0.39,542.26,0.42,130.08,0.58,95.08,0.61,367.0
2026-01-06 19:20:27.644000+00:00,2026-01-06 19:20:28.413429+00:00,327.644,0.395,0.39,0.4,0.605,0.6,0.61,71.0,90.0,90.0,71.0,0.38,150.0,0.41,386.0,0.59,381.0,0.62,150.0
2026-01-06 19:20:28.664000+00:00,2026-01-06 19:20:29.414242+00:00,328.664,0.395,0.39,0.4,0.605,0.6,0.61,15.0,146.0,146.0,15.0,0.38,23.0,0.41,381.0,0.59,381.0,0.62,23.0
2026-01-06 19:20:29.805000+00:00,2026-01-06 19:20:30.430530+00:00,329.805,0.395,0.39,0.4,0.61,0.6,0.62,9.75,121.0,101.0,23.0,0.38,23.0,0.41,381.0,0.59,310.0,0.63,707.36
2026-01-06 19:20:30.855000+00:00,2026-01-06 19:20:31.440866+00:00,330.855,0.38,0.37,0.39,0.62,0.61,0.63,725.36,59.62,59.62,1103.36,0.36,532.6,0.4,117.0,0.6,117.0,0.64,532.6
2026-01-06 19:20:31.854000+00:00,2026-01-06 19:20:32.456592+00:00,331.854,0.385,0.38,0.39,0.615,0.61,0.62,60.0,46.62,46.62,60.0,0.37,1208.36,0.4,88.0,0.6,88.0,0.63,1208.36
2026-01-06 19:20:32.892000+00:00,2026-01-06 19:20:33.465973+00:00,332.892,0.38,0.37,0.39,0.62,0.61,0.63,1124.36,86.62,86.62,1124.36,0.36,527.6,0.4,226.0,0.6,315.0,0.64,527.6
2026-01-06 19:20:33.921000+00:00,2026-01-06 19:20:34.474399+00:00,333.921,0.395,0.39,0.4,0.605,0.6,0.61,60.0,332.0,332.0,60.0,0.38,258.0,0.41,293.0,0.59,293.0,0.62,258.0
2026-01-06 19:20:34.975000+00:00,2026-01-06 19:20:35.472278+00:00,334.975,0.395,0.39,0.4,0.605,0.6,0.61,60.0,337.0,337.0,60.0,0.38,240.0,0.41,293.0,0.59,311.0,0.62,322.0
2026-01-06 19:20:35.851000+00:00,2026-01-06 19:20:36.491172+00:00,335.851,0.395,0.39,0.4,0.605,0.6,0.61,60.0,337.0,337.0,60.0,0.38,222.0,0.41,311.0,0.59,311.0,0.62,222.0
2026-01-06 19:20:36.825000+00:00,2026-01-06 19:20:37.503927+00:00,336.825,0.39,0.38,0.4,0.61,0.6,0.62,168.0,352.0,281.0,168.0,0.37,897.36,0.41,398.0,0.59,398.0,0.63,897.36
2026-01-06 19:20:37.543000+00:00,2026-01-06 19:20:38.515359+00:00,337.543,0.39,0.38,0.4,0.61,0.6,0.62,168.0,281.0,281.0,168.0,0.37,897.36,0.41,398.0,0.59,398.0,0.63,897.36
2026-01-06 19:20:38.093000+00:00,2026-01-06 19:20:39.517395+00:00,338.093,0.39,0.38,0.4,0.61,0.6,0.62,168.0,281.0,281.0,168.0,0.37,897.36,0.41,398.0,0.59,398.0,0.63,897.36
2026-01-06 19:20:39.819000+00:00,2026-01-06 19:20:40.543651+00:00,339.819,0.39,0.38,0.4,0.61,0.6,0.62,198.0,242.67,242.67,198.0,0.37,882.36,0.41,428.0,0.59,428.0,0.63,882.36
2026-01-06 19:20:41.862000+00:00,2026-01-06 19:20:42.578513+00:00,341.862,0.385,0.38,0.39,0.615,0.61,0.62,35.0,184.62,184.62,35.0,0.37,774.36,0.4,242.2,0.6,242.2,0.63,774.36
2026-01-06 19:20:43.991000+00:00,2026-01-06 19:20:44.623028+00:00,343.991,0.365,0.36,0.37,0.635,0.63,0.64,148.0,262.0,262.0,148.0,0.35,678.06,0.38,279.17,0.62,279.17,0.65,678.06
2026-01-06 19:20:45.054000+00:00,2026-01-06 19:20:45.623184+00:00,345.054,0.365,0.36,0.37,0.635,0.63,0.64,63.0,291.59,256.59,148.0,0.35,676.06,0.38,298.55,0.62,333.17,0.65,642.06
2026-01-06 19:20:46.953000+00:00,2026-01-06 19:20:47.641232+00:00,346.953,0.365,0.36,0.37,0.635,0.63,0.64,163.0,191.0,191.0,163.0,0.35,742.06,0.38,338.17,0.62,338.17,0.65,742.06
2026-01-06 19:20:48+00:00,2026-01-06 19:20:48.652426+00:00,348.0,0.36,0.35,0.37,0.64,0.63,0.65,812.06,246.0,246.0,812.06,0.34,454.0,0.38,352.55,0.62,352.55,0.66,454.0
2026-01-06 19:20:49.094000+00:00,2026-01-06 19:20:49.657804+00:00,349.094,0.36,0.35,0.37,0.64,0.63,0.65,740.06,277.0,277.0,740.06,0.34,490.0,0.38,339.55,0.62,339.55,0.66,490.0
2026-01-06 19:20:50.076000+00:00,2026-01-06 19:20:50.657631+00:00,350.076,0.365,0.36,0.37,0.635,0.63,0.64,217.0,82.48,82.48,217.0,0.35,724.06,0.38,284.17,0.62,284.17,0.65,724.06
2026-01-06 19:20:51.778000+00:00,2026-01-06 19:20:52.671436+00:00,351.778,0.365,0.36,0.37,0.635,0.63,0.64,145.0,82.48,82.48,145.0,0.35,760.06,0.38,302.17,0.62,302.17,0.65,760.06
2026-01-06 19:20:52.235000+00:00,2026-01-06 19:20:53.675809+00:00,352.235,0.365,0.36,0.37,0.635,0.63,0.64,145.0,82.48,82.48,145.0,0.35,760.06,0.38,302.17,0.62,302.17,0.65,760.06
2026-01-06 19:20:54.039000+00:00,2026-01-06 19:20:54.692374+00:00,354.039,0.36,0.35,0.37,0.64,0.63,0.65,812.06,124.98,124.98,817.06,0.34,483.41,0.38,334.55,0.62,339.55,0.66,483.41
2026-01-06 19:20:55.057000+00:00,2026-01-06 19:20:55.698980+00:00,355.057,0.36,0.35,0.37,0.64,0.63,0.65,812.06,119.57,119.57,812.06,0.34,483.41,0.38,334.55,0.62,334.55,0.66,483.41
2026-01-06 19:20:56.912000+00:00,2026-01-06 19:20:57.709046+00:00,356.912,0.36,0.35,0.37,0.64,0.63,0.65,677.06,51.62,51.62,677.06,0.34,478.41,0.38,315.55,0.62,315.55,0.66,478.41
2026-01-06 19:20:58.091000+00:00,2026-01-06 19:20:58.714572+00:00,358.091,0.365,0.36,0.37,0.635,0.63,0.64,30.0,51.62,51.62,15.0,0.35,683.02,0.38,315.55,0.62,315.55,0.65,683.02
2026-01-06 19:20:59.139000+00:00,2026-01-06 19:20:59.731495+00:00,359.139,0.36,0.35,0.37,0.635,0.63,0.64,701.02,51.62,51.62,15.0,0.34,455.41,0.38,315.55,0.62,315.55,0.65,696.02
2026-01-06 19:21:00.208000+00:00,2026-01-06 19:21:00.747172+00:00,360.208,0.365,0.36,0.37,0.635,0.63,0.64,145.0,21.62,16.62,161.0,0.35,751.46,0.38,315.55,0.62,320.55,0.65,735.46
2026-01-06 19:21:01.232000+00:00,2026-01-06 19:21:01.764213+00:00,361.232,0.365,0.36,0.37,0.635,0.63,0.64,248.0,16.62,16.62,233.0,0.35,734.46,0.38,337.55,0.62,337.55,0.65,734.46
2026-01-06 19:21:02.213000+00:00,2026-01-06 19:21:02.779728+00:00,362.213,0.365,0.36,0.37,0.64,0.63,0.65,85.0,36.62,96.62,646.02,0.35,796.02,0.38,440.55,0.62,422.55,0.66,329.41
2026-01-06 19:21:03.254000+00:00,2026-01-06 19:21:03.790610+00:00,363.254,0.37,0.36,0.38,0.63,0.62,0.64,201.0,482.55,451.55,205.76,0.35,756.46,0.39,343.39,0.61,433.39,0.65,787.46
2026-01-06 19:21:04.273000+00:00,2026-01-06 19:21:04.812997+00:00,364.273,0.365,0.36,0.37,0.64,0.63,0.65,24.76,65.52,105.52,944.02,0.35,944.02,0.38,272.55,0.62,258.0,0.66,850.41
2026-01-06 19:21:05.288000+00:00,2026-01-06 19:21:05.825424+00:00,365.288,0.345,0.34,0.35,0.665,0.66,0.67,148.82,388.52,40.0,165.0,0.33,165.0,0.36,318.0,0.65,466.52,0.68,166.0
2026-01-06 19:21:06.263000+00:00,2026-01-06 19:21:06.826037+00:00,366.263,0.335,0.33,0.34,0.665,0.66,0.67,65.0,180.0,195.0,50.0,0.32,196.0,0.35,371.0,0.65,356.0,0.68,196.0
2026-01-06 19:21:07.264000+00:00,2026-01-06 19:21:07.823089+00:00,367.264,0.335,0.33,0.34,0.665,0.66,0.67,65.0,188.0,188.0,65.0,0.32,286.0,0.35,353.0,0.65,353.0,0.68,286.0
2026-01-06 19:21:08.289000+00:00,2026-01-06 19:21:08.827344+00:00,368.289,0.33,0.32,0.34,0.675,0.67,0.68,20.0,444.0,286.0,5.0,0.31,524.99,0.35,699.53,0.66,343.0,0.69,544.99
2026-01-06 19:21:09.273000+00:00,2026-01-06 19:21:09.845954+00:00,369.273,0.315,0.31,0.32,0.685,0.68,0.69,313.87,363.0,353.0,250.71,0.3,500.0,0.33,253.52,0.67,243.52,0.7,500.0
2026-01-06 19:21:10.311000+00:00,2026-01-06 19:21:10.853624+00:00,370.311,0.315,0.31,0.32,0.695,0.69,0.7,98.76,581.0,170.24,500.0,0.3,500.0,0.33,462.52,0.68,924.0,0.71,18.0
2026-01-06 19:21:11.334000+00:00,2026-01-06 19:21:11.869853+00:00,371.334,0.305,0.3,0.31,0.695,0.69,0.7,206.01,203.24,138.0,221.01,0.29,256.0,0.32,808.0,0.68,519.0,0.71,317.0
2026-01-06 19:21:12.328000+00:00,2026-01-06 19:21:12.876462+00:00,372.328,0.305,0.3,0.31,0.695,0.69,0.7,23.0,168.0,173.0,23.0,0.29,318.0,0.32,514.0,0.68,514.0,0.71,318.0
2026-01-06 19:21:13.337000+00:00,2026-01-06 19:21:13.877788+00:00,373.337,0.28,0.27,0.29,0.725,0.72,0.73,577.0,39.47,75.0,360.0,0.26,1065.8,0.3,65.0,0.71,64.47,0.74,1162.8
2026-01-06 19:21:14.336000+00:00,2026-01-06 19:21:14.891761+00:00,374.336,0.275,0.27,0.28,0.725,0.72,0.73,177.0,201.0,131.0,247.0,0.26,816.0,0.29,79.46,0.71,79.46,0.74,781.0
2026-01-06 19:21:15.352000+00:00,2026-01-06 19:21:15.907581+00:00,375.352,0.275,0.27,0.28,0.725,0.72,0.73,89.0,67.0,67.0,89.0,0.26,971.0,0.29,109.99,0.71,109.99,0.74,971.0
2026-01-06 19:21:16.370000+00:00,2026-01-06 19:21:16.914163+00:00,376.37,0.275,0.27,0.28,0.725,0.72,0.73,89.0,149.46,154.46,61.93,0.26,554.0,0.29,92.99,0.71,92.99,0.74,554.0
2026-01-06 19:21:17.241000+00:00,2026-01-06 19:21:17.924925+00:00,377.241,0.27,0.26,0.28,0.73,0.72,0.74,306.0,154.46,169.46,306.0,0.25,415.97,0.29,180.99,0.71,180.99,0.75,386.0
2026-01-06 19:21:18.386000+00:00,2026-01-06 19:21:18.937079+00:00,378.386,0.275,0.27,0.28,0.725,0.72,0.73,13.75,493.41,484.12,2.38,0.26,293.0,0.29,131.99,0.71,131.99,0.74,308.0
2026-01-06 19:21:19.440000+00:00,2026-01-06 19:21:19.949207+00:00,379.44,0.27,0.26,0.28,0.73,0.72,0.74,211.0,489.12,507.12,160.0,0.25,415.97,0.29,162.99,0.71,162.99,0.75,386.0
2026-01-06 19:21:20.365000+00:00,2026-01-06 19:21:20.948136+00:00,380.365,0.265,0.26,0.27,0.735,0.73,0.74,15.0,214.47,214.47,15.0,0.25,240.0,0.28,454.95,0.72,525.95,0.75,240.0
2026-01-06 19:21:21.405000+00:00,2026-01-06 19:21:21.958819+00:00,381.405,0.26,0.25,0.27,0.74,0.73,0.75,252.33,94.47,94.47,252.33,0.24,672.0,0.28,686.95,0.72,686.95,0.76,667.0
2026-01-06 19:21:22.351000+00:00,2026-01-06 19:21:22.962501+00:00,382.351,0.26,0.25,0.27,0.74,0.73,0.75,137.57,109.47,109.47,137.57,0.24,667.0,0.28,738.95,0.72,738.95,0.76,667.0
2026-01-06 19:21:23.435000+00:00,2026-01-06 19:21:23.965306+00:00,383.435,0.25,0.24,0.26,0.74,0.73,0.75,772.0,50.0,109.47,112.0,0.23,185.97,0.27,161.47,0.72,684.95,0.76,732.0
2026-01-06 19:21:24.409000+00:00,2026-01-06 19:21:24.959444+00:00,384.409,0.255,0.25,0.26,0.74,0.73,0.75,115.0,5.0,127.47,133.0,0.24,737.0,0.27,122.47,0.72,771.83,0.76,732.0
2026-01-06 19:21:25.410000+00:00,2026-01-06 19:21:25.963460+00:00,385.41,0.25,0.24,0.26,0.75,0.74,0.76,665.0,103.0,193.0,647.0,0.23,260.44,0.27,320.0,0.73,320.0,0.77,260.44
2026-01-06 19:21:26.173000+00:00,2026-01-06 19:21:26.962565+00:00,386.173,0.25,0.24,0.26,0.75,0.74,0.76,652.0,218.0,203.0,652.0,0.23,273.44,0.27,391.0,0.73,391.0,0.77,273.44
2026-01-06 19:21:27.421000+00:00,2026-01-06 19:21:27.963712+00:00,387.421,0.235,0.23,0.24,0.765,0.76,0.77,43.47,266.0,438.0,43.47,0.22,50.0,0.25,416.0,0.75,865.0,0.78,5.0
2026-01-06 19:21:28.425000+00:00,2026-01-06 19:21:28.967660+00:00,388.425,0.215,0.21,0.22,0.78,0.77,0.79,162.8,5.0,302.0,177.53,0.2,140.1,0.23,302.0,0.76,340.0,0.8,196.1
2026-01-06 19:21:29.347000+00:00,2026-01-06 19:21:29.949736+00:00,389.347,0.22,0.21,0.23,0.78,0.77,0.79,189.84,291.17,291.17,289.84,0.2,196.1,0.24,396.0,0.76,396.0,0.8,296.1
2026-01-06 19:21:30.407000+00:00,2026-01-06 19:21:30.947232+00:00,390.407,0.22999999999999998,0.22,0.24,0.77,0.76,0.78,220.56,322.64,322.64,294.56,0.21,212.0,0.25,786.0,0.75,857.0,0.79,248.0
2026-01-06 19:21:31.384000+00:00,2026-01-06 19:21:31.937176+00:00,391.384,0.22999999999999998,0.22,0.24,0.775,0.77,0.78,364.56,123.14,100.0,155.44,0.21,400.0,0.25,530.0,0.76,206.5,0.79,595.0
2026-01-06 19:21:32.390000+00:00,2026-01-06 19:21:32.937193+00:00,392.39,0.225,0.22,0.23,0.77,0.76,0.78,54.71,235.64,57.4,54.71,0.21,128.0,0.24,162.0,0.75,994.0,0.79,128.0
2026-01-06 19:21:33.256000+00:00,2026-01-06 19:21:33.956017+00:00,393.256,0.215,0.21,0.22,0.785,0.78,0.79,90.18,51.36,114.35,20.0,0.2,403.1,0.23,151.0,0.77,172.0,0.8,217.09
2026-01-06 19:21:36.439000+00:00,2026-01-06 19:21:36.964102+00:00,396.439,0.195,0.19,0.2,0.805,0.8,0.81,148.0,18.04,18.04,148.0,0.18,418.8,0.21,119.0,0.79,119.0,0.82,418.8
2026-01-06 19:21:37.417000+00:00,2026-01-06 19:21:37.956015+00:00,397.417,0.20500000000000002,0.2,0.21,0.795,0.79,0.8,181.96,174.0,189.0,181.96,0.18,368.79,0.22,168.36,0.78,168.36,0.81,5.0
2026-01-06 19:21:38.413000+00:00,2026-01-06 19:21:38.967606+00:00,398.413,0.20500000000000002,0.2,0.21,0.805,0.8,0.81,161.72,677.0,140.0,179.7,0.19,207.99,0.22,216.53,0.79,671.0,0.82,344.0
2026-01-06 19:21:39.420000+00:00,2026-01-06 19:21:39.976161+00:00,399.42,0.20500000000000002,0.2,0.21,0.795,0.79,0.8,204.0,84.29,80.29,421.34,0.19,655.7,0.22,7.17,0.78,7.17,0.81,1165.7
2026-01-06 19:21:40.669000+00:00,2026-01-06 19:21:41.231825+00:00,400.669,0.225,0.22,0.23,0.785,0.78,0.79,0.2,21.43,15.0,215.17,0.21,141.0,0.24,175.57,0.77,26.43,0.8,293.31
2026-01-06 19:21:41.700000+00:00,2026-01-06 19:21:42.243239+00:00,401.7,0.225,0.22,0.23,0.775,0.77,0.78,80.0,54.55,54.55,45.0,0.21,497.97,0.24,118.57,0.76,136.57,0.79,522.97
2026-01-06 19:21:42.719000+00:00,2026-01-06 19:21:43.265305+00:00,402.719,0.225,0.22,0.23,0.775,0.77,0.78,45.0,54.55,20.0,145.0,0.21,558.97,0.24,136.57,0.76,156.57,0.79,518.97
2026-01-06 19:21:43.377000+00:00,2026-01-06 19:21:44.258907+00:00,403.377,0.225,0.22,0.23,0.775,0.77,0.78,45.0,54.55,5.0,193.0,0.21,583.8,0.24,136.57,0.76,156.57,0.79,548.8
2026-01-06 19:21:44.718000+00:00,2026-01-06 19:21:45.256179+00:00,404.718,0.26,0.25,0.27,0.74,0.73,0.75,118.99,37.94,37.94,161.99,0.24,215.0,0.28,715.46,0.72,715.46,0.76,458.0
2026-01-06 19:21:45.657000+00:00,2026-01-06 19:21:46.246710+00:00,405.657,0.255,0.25,0.26,0.745,0.74,0.75,58.29,60.0,60.0,58.29,0.24,638.0,0.27,18.39,0.73,18.39,0.76,638.0
2026-01-06 19:21:46.745000+00:00,2026-01-06 19:21:47.267006+00:00,406.745,0.255,0.25,0.26,0.745,0.74,0.75,175.0,5.0,5.0,563.0,0.24,625.0,0.27,163.69,0.73,27.3,0.76,1244.0
2026-01-06 19:21:47.725000+00:00,2026-01-06 19:21:48.277554+00:00,407.725,0.28500000000000003,0.28,0.29,0.715,0.71,0.72,35.0,49.55,54.55,35.0,0.27,426.68,0.3,227.0,0.7,227.0,0.73,426.68
2026-01-06 19:21:48.733000+00:00,2026-01-06 19:21:49.283873+00:00,408.733,0.325,0.32,0.33,0.675,0.67,0.68,60.0,110.97,110.97,145.0,0.31,336.0,0.34,190.0,0.66,138.0,0.69,328.13
2026-01-06 19:21:49.753000+00:00,2026-01-06 19:21:50.291622+00:00,409.753,0.355,0.35,0.36,0.645,0.64,0.65,192.0,10.0,10.0,207.0,0.34,206.72,0.37,190.0,0.63,190.0,0.66,264.72
2026-01-06 19:21:50.695000+00:00,2026-01-06 19:21:51.288032+00:00,410.695,0.365,0.36,0.37,0.635,0.63,0.64,349.95,124.0,119.0,349.95,0.35,273.0,0.38,129.0,0.62,134.0,0.65,273.0
2026-01-06 19:21:51.692000+00:00,2026-01-06 19:21:52.294763+00:00,411.692,0.365,0.36,0.37,0.635,0.63,0.64,173.0,265.55,265.55,173.0,0.35,343.0,0.38,40.0,0.62,40.0,0.65,343.0
2026-01-06 19:21:52.728000+00:00,2026-01-06 19:21:53.299170+00:00,412.728,0.365,0.36,0.37,0.635,0.63,0.64,62.76,260.55,260.55,62.76,0.35,343.0,0.38,40.0,0.62,75.0,0.65,343.0
2026-01-06 19:21:53.746000+00:00,2026-01-06 19:21:54.314273+00:00,413.746,0.365,0.36,0.37,0.635,0.63,0.64,62.76,166.0,161.0,52.76,0.35,428.0,0.38,648.0,0.62,648.0,0.65,428.0
2026-01-06 19:21:54.794000+00:00,2026-01-06 19:21:55.331545+00:00,414.794,0.365,0.36,0.37,0.635,0.63,0.64,57.76,143.0,143.0,57.76,0.35,366.0,0.38,594.0,0.62,684.0,0.65,446.0
2026-01-06 19:21:55.790000+00:00,2026-01-06 19:21:56.338040+00:00,415.79,0.365,0.36,0.37,0.635,0.63,0.64,42.76,134.75,134.75,42.76,0.35,428.0,0.38,671.0,0.62,671.0,0.65,428.0
2026-01-06 19:21:56.512000+00:00,2026-01-06 19:21:57.347921+00:00,416.512,0.365,0.36,0.37,0.635,0.63,0.64,32.76,136.5,131.5,32.76,0.35,428.0,0.38,671.0,0.62,671.0,0.65,428.0
2026-01-06 19:21:57.796000+00:00,2026-01-06 19:21:58.358297+00:00,417.796,0.355,0.35,0.36,0.645,0.64,0.65,80.0,105.0,123.0,74.84,0.34,183.0,0.37,122.95,0.63,122.95,0.66,183.0
2026-01-06 19:21:58.809000+00:00,2026-01-06 19:21:59.357602+00:00,418.809,0.35,0.34,0.36,0.65,0.64,0.66,201.0,132.86,117.86,219.0,0.33,402.9,0.37,99.95,0.63,99.95,0.67,532.9
2026-01-06 19:21:59.827000+00:00,2026-01-06 19:22:00.366511+00:00,419.827,0.355,0.35,0.36,0.645,0.64,0.65,18.0,132.86,132.86,18.0,0.34,237.0,0.37,81.95,0.63,81.95,0.66,237.0
2026-01-06 19:22:00.760000+00:00,2026-01-06 19:22:01.373768+00:00,420.76,0.345,0.34,0.35,0.655,0.65,0.66,36.0,380.2,380.2,36.0,0.33,232.89,0.36,248.86,0.64,250.86,0.67,77.9
2026-01-06 19:22:01.849000+00:00,2026-01-06 19:22:02.391257+00:00,421.849,0.33,0.32,0.34,0.67,0.66,0.68,319.94,157.1,142.1,319.94,0.31,238.11,0.35,330.0,0.65,330.0,0.69,238.11
2026-01-06 19:22:02.834000+00:00,2026-01-06 19:22:03.389433+00:00,422.834,0.315,0.31,0.32,0.685,0.68,0.69,149.13,40.0,40.0,149.13,0.3,285.0,0.33,195.55,0.67,121.55,0.7,285.0
2026-01-06 19:22:03.844000+00:00,2026-01-06 19:22:04.388232+00:00,423.844,0.31,0.3,0.32,0.695,0.69,0.7,231.0,153.0,129.55,18.0,0.29,873.98,0.33,117.92,0.68,68.0,0.71,471.0
2026-01-06 19:22:04.858000+00:00,2026-01-06 19:22:05.406550+00:00,424.858,0.295,0.29,0.3,0.705,0.7,0.71,477.59,190.0,175.0,472.59,0.28,464.99,0.31,604.55,0.69,604.55,0.72,464.99
2026-01-06 19:22:05.886000+00:00,2026-01-06 19:22:06.422961+00:00,425.886,0.295,0.29,0.3,0.705,0.7,0.71,161.0,290.74,471.74,61.0,0.28,285.0,0.31,195.0,0.69,324.0,0.72,265.0
2026-01-06 19:22:06.867000+00:00,2026-01-06 19:22:07.413260+00:00,426.867,0.275,0.27,0.28,0.725,0.72,0.73,229.9,130.0,196.0,287.0,0.26,213.0,0.29,402.55,0.71,287.55,0.74,332.0
2026-01-06 19:22:07.837000+00:00,2026-01-06 19:22:08.415467+00:00,427.837,0.29000000000000004,0.28,0.3,0.705,0.7,0.71,496.55,131.74,45.74,120.0,0.27,354.0,0.31,729.0,0.69,690.0,0.72,431.55
2026-01-06 19:22:08.889000+00:00,2026-01-06 19:22:09.429443+00:00,428.889,0.295,0.29,0.3,0.705,0.7,0.71,191.87,21.87,21.87,133.87,0.28,454.55,0.31,620.0,0.69,549.0,0.72,449.55
2026-01-06 19:22:09.900000+00:00,2026-01-06 19:22:10.431446+00:00,429.9,0.295,0.29,0.3,0.705,0.7,0.71,13.87,36.87,17.02,130.0,0.28,504.54,0.31,642.0,0.69,675.0,0.72,454.55
2026-01-06 19:22:10.690000+00:00,2026-01-06 19:22:11.445347+00:00,430.69,0.295,0.29,0.3,0.705,0.7,0.71,135.0,17.02,17.02,135.0,0.28,449.55,0.31,675.0,0.69,675.0,0.72,378.55
2026-01-06 19:22:11.910000+00:00,2026-01-06 19:22:12.438540+00:00,431.91,0.295,0.29,0.3,0.705,0.7,0.71,148.25,2.34,2.34,148.25,0.28,478.55,0.31,745.0,0.69,745.0,0.72,478.55
2026-01-06 19:22:12.900000+00:00,2026-01-06 19:22:13.453994+00:00,432.9,0.3,0.29,0.31,0.7,0.69,0.71,128.25,752.61,767.61,228.25,0.28,478.55,0.32,164.0,0.68,164.0,0.72,478.55
2026-01-06 19:22:13.931000+00:00,2026-01-06 19:22:14.469290+00:00,433.931,0.3,0.29,0.31,0.7,0.69,0.71,203.25,767.61,767.61,203.25,0.28,478.55,0.32,164.0,0.68,164.0,0.72,478.55
2026-01-06 19:22:14.965000+00:00,2026-01-06 19:22:15.488916+00:00,434.965,0.305,0.3,0.31,0.695,0.69,0.7,483.99,30.0,21.08,472.99,0.29,486.24,0.33,40.92,0.67,45.92,0.71,486.24
2026-01-06 19:22:15.956000+00:00,2026-01-06 19:22:16.489752+00:00,435.956,0.33,0.32,0.34,0.665,0.66,0.67,204.24,226.19,640.84,104.0,0.31,365.0,0.35,70.0,0.65,95.0,0.68,276.43
2026-01-06 19:22:16.960000+00:00,2026-01-06 19:22:17.500590+00:00,436.96,0.335,0.33,0.34,0.665,0.66,0.67,46.2,645.84,610.84,28.2,0.32,271.43,0.35,90.0,0.65,114.8,0.68,307.43
2026-01-06 19:22:17.785000+00:00,2026-01-06 19:22:18.503259+00:00,437.785,0.335,0.33,0.34,0.665,0.66,0.67,1.88,603.75,109.75,359.88,0.32,307.43,0.35,156.91,0.64,229.75,0.68,311.41
2026-01-06 19:22:18.968000+00:00,2026-01-06 19:22:19.513702+00:00,438.968,0.355,0.35,0.36,0.645,0.64,0.65,71.0,563.75,540.0,363.0,0.34,408.0,0.37,152.95,0.63,136.26,0.66,243.0
2026-01-06 19:22:20.971000+00:00,2026-01-06 19:22:21.541595+00:00,440.971,0.375,0.37,0.38,0.625,0.62,0.63,79.76,257.09,257.09,79.76,0.36,314.16,0.39,99.0,0.61,94.0,0.64,314.16
2026-01-06 19:22:22.001000+00:00,2026-01-06 19:22:22.540507+00:00,442.001,0.375,0.37,0.38,0.625,0.62,0.63,64.76,262.28,262.28,84.76,0.36,314.16,0.39,40.0,0.61,135.0,0.64,319.16
2026-01-06 19:22:23.003000+00:00,2026-01-06 19:22:23.548473+00:00,443.003,0.375,0.37,0.38,0.63,0.62,0.64,25.0,670.82,675.82,277.2,0.36,354.16,0.39,225.0,0.61,225.0,0.65,457.0
2026-01-06 19:22:24.993000+00:00,2026-01-06 19:22:25.550800+00:00,444.993,0.405,0.4,0.41,0.595,0.59,0.6,221.89,430.78,430.78,221.89,0.39,139.0,0.42,245.13,0.58,245.13,0.61,139.0
2026-01-06 19:22:25.919000+00:00,2026-01-06 19:22:26.559978+00:00,445.919,0.405,0.4,0.41,0.595,0.59,0.6,55.0,525.82,525.82,55.0,0.39,190.0,0.42,280.53,0.58,280.53,0.61,190.0
2026-01-06 19:22:27.024000+00:00,2026-01-06 19:22:27.569570+00:00,447.024,0.4,0.39,0.41,0.6,0.59,0.61,190.0,525.82,525.82,190.0,0.38,176.0,0.42,280.53,0.58,280.53,0.62,176.0
2026-01-06 19:22:28.058000+00:00,2026-01-06 19:22:28.589544+00:00,448.058,0.445,0.44,0.45,0.535,0.53,0.54,15.0,22.86,265.43,140.14,0.43,137.48,0.47,458.43,0.52,194.63,0.55,122.0
2026-01-06 19:22:29.051000+00:00,2026-01-06 19:22:29.595992+00:00,449.051,0.46499999999999997,0.46,0.47,0.535,0.53,0.54,312.49,6.76,6.76,312.49,0.45,223.0,0.48,146.63,0.52,109.83,0.55,223.0
2026-01-06 19:22:30.034000+00:00,2026-01-06 19:22:30.593572+00:00,450.034,0.46499999999999997,0.46,0.47,0.535,0.53,0.54,60.0,120.79,135.79,40.0,0.45,140.0,0.48,53.06,0.52,175.06,0.55,155.0
2026-01-06 19:22:31.002000+00:00,2026-01-06 19:22:31.604474+00:00,451.002,0.46499999999999997,0.46,0.47,0.535,0.53,0.54,35.0,323.79,323.79,35.0,0.45,165.0,0.48,258.06,0.52,258.06,0.55,165.0
2026-01-06 19:22:32.034000+00:00,2026-01-06 19:22:32.618660+00:00,452.034,0.46499999999999997,0.46,0.47,0.535,0.53,0.54,35.0,270.07,270.07,35.0,0.45,216.0,0.48,258.06,0.52,258.06,0.55,211.0
2026-01-06 19:22:33.001000+00:00,2026-01-06 19:22:33.622839+00:00,453.001,0.46499999999999997,0.46,0.47,0.535,0.53,0.54,38.14,270.07,270.07,76.0,0.45,233.3,0.48,258.06,0.52,258.06,0.55,345.3
2026-01-06 19:22:34.097000+00:00,2026-01-06 19:22:34.629643+00:00,454.097,0.455,0.45,0.46,0.545,0.54,0.55,188.0,51.8,85.8,81.96,0.44,328.0,0.47,83.24,0.53,75.24,0.56,328.0
2026-01-06 19:22:35.105000+00:00,2026-01-06 19:22:35.652590+00:00,455.105,0.455,0.45,0.46,0.545,0.54,0.55,58.96,74.8,66.8,58.96,0.44,379.0,0.47,192.24,0.53,205.24,0.56,389.0
2026-01-06 19:22:36.113000+00:00,2026-01-06 19:22:36.671119+00:00,456.113,0.455,0.45,0.46,0.545,0.54,0.55,58.96,104.8,104.8,58.96,0.44,371.0,0.47,172.24,0.53,172.24,0.56,371.0
2026-01-06 19:22:37.118000+00:00,2026-01-06 19:22:37.685396+00:00,457.118,0.445,0.44,0.45,0.555,0.55,0.56,168.0,68.83,68.83,168.0,0.43,397.0,0.46,61.0,0.54,61.0,0.57,397.0
2026-01-06 19:22:38.997000+00:00,2026-01-06 19:22:39.711733+00:00,458.997,0.445,0.44,0.45,0.555,0.55,0.56,100.0,81.83,87.83,100.0,0.43,453.0,0.46,48.0,0.54,48.0,0.57,453.0
2026-01-06 19:22:40.161000+00:00,2026-01-06 19:22:40.724722+00:00,460.161,0.445,0.44,0.45,0.555,0.55,0.56,98.21,72.38,76.18,98.21,0.43,308.0,0.46,48.0,0.54,65.0,0.57,468.0
2026-01-06 19:22:41.196000+00:00,2026-01-06 19:22:41.737849+00:00,461.196,0.395,0.39,0.4,0.605,0.6,0.61,631.5,20.0,20.0,539.5,0.38,102.48,0.41,122.0,0.59,259.73,0.62,102.48
2026-01-06 19:22:42.213000+00:00,2026-01-06 19:22:42.735948+00:00,462.213,0.39,0.38,0.4,0.615,0.61,0.62,185.61,265.05,55.25,50.0,0.37,152.6,0.41,359.48,0.6,220.0,0.63,252.6
2026-01-06 19:22:43.213000+00:00,2026-01-06 19:22:43.750181+00:00,463.213,0.375,0.37,0.38,0.63,0.62,0.64,18.28,183.05,179.0,135.0,0.36,130.0,0.39,74.0,0.61,95.0,0.65,159.0
2026-01-06 19:22:44.220000+00:00,2026-01-06 19:22:44.759108+00:00,464.22,0.36,0.35,0.37,0.64,0.63,0.65,145.0,293.25,360.25,228.0,0.34,125.0,0.38,274.39,0.62,257.39,0.66,142.0
2026-01-06 19:22:45.226000+00:00,2026-01-06 19:22:45.770199+00:00,465.226,0.36,0.35,0.37,0.64,0.63,0.65,214.0,398.0,387.74,214.0,0.34,172.0,0.38,364.39,0.62,381.39,0.66,177.0
2026-01-06 19:22:46.230000+00:00,2026-01-06 19:22:46.767480+00:00,466.23,0.365,0.36,0.37,0.635,0.63,0.64,25.0,163.0,198.25,10.0,0.35,144.86,0.38,112.0,0.62,109.0,0.65,184.86
2026-01-06 19:22:47.152000+00:00,2026-01-06 19:22:47.770197+00:00,467.152,0.36,0.35,0.37,0.64,0.63,0.65,187.0,198.25,215.25,187.0,0.34,340.0,0.38,143.0,0.62,143.0,0.66,340.0
2026-01-06 19:22:48.122000+00:00,2026-01-06 19:22:48.781926+00:00,468.122,0.36,0.35,0.37,0.64,0.63,0.65,187.0,211.81,211.81,170.0,0.34,340.0,0.38,143.0,0.62,126.0,0.66,325.0
2026-01-06 19:22:49.172000+00:00,2026-01-06 19:22:49.774096+00:00,469.172,0.36,0.35,0.37,0.64,0.63,0.65,168.46,245.81,245.81,168.46,0.34,315.0,0.38,165.0,0.62,165.0,0.66,315.0
2026-01-06 19:22:50.241000+00:00,2026-01-06 19:22:50.790604+00:00,470.241,0.355,0.35,0.36,0.645,0.64,0.65,5.0,245.88,260.88,5.0,0.34,383.0,0.37,185.0,0.63,185.0,0.66,383.0
2026-01-06 19:22:51.193000+00:00,2026-01-06 19:22:51.788557+00:00,471.193,0.355,0.35,0.36,0.65,0.64,0.66,3.46,244.0,462.0,378.0,0.34,378.0,0.37,185.0,0.63,307.0,0.67,383.9
2026-01-06 19:22:52.252000+00:00,2026-01-06 19:22:52.803143+00:00,472.252,0.335,0.33,0.34,0.675,0.67,0.68,5.9,514.52,116.1,237.0,0.32,237.0,0.35,571.0,0.66,441.52,0.69,197.1
2026-01-06 19:22:53.261000+00:00,2026-01-06 19:22:53.816985+00:00,473.261,0.315,0.31,0.32,0.685,0.68,0.69,60.0,113.0,123.0,65.0,0.3,374.99,0.33,346.35,0.67,346.35,0.7,374.99
2026-01-06 19:22:54.277000+00:00,2026-01-06 19:22:54.837566+00:00,474.277,0.32,0.31,0.33,0.675,0.67,0.68,220.85,326.58,212.1,159.99,0.3,404.0,0.34,432.11,0.66,490.52,0.69,145.85
2026-01-06 19:22:55.280000+00:00,2026-01-06 19:22:55.845287+00:00,475.28,0.325,0.32,0.33,0.675,0.67,0.68,197.99,196.1,196.1,197.99,0.31,94.85,0.34,470.41,0.66,453.41,0.69,165.85
2026-01-06 19:22:56.245000+00:00,2026-01-06 19:22:56.861951+00:00,476.245,0.325,0.32,0.33,0.675,0.67,0.68,202.99,52.0,35.0,202.99,0.31,260.85,0.34,167.41,0.66,200.41,0.69,260.85
2026-01-06 19:22:57.261000+00:00,2026-01-06 19:22:57.886338+00:00,477.261,0.32,0.31,0.33,0.6799999999999999,0.67,0.69,251.85,160.23,177.23,256.85,0.3,604.0,0.34,147.0,0.66,147.0,0.7,604.0
2026-01-06 19:22:58.350000+00:00,2026-01-06 19:22:58.890320+00:00,478.35,0.335,0.33,0.34,0.665,0.66,0.67,261.0,94.38,94.38,270.77,0.32,161.0,0.35,495.38,0.65,440.99,0.68,166.0
2026-01-06 19:22:59.234000+00:00,2026-01-06 19:22:59.894029+00:00,479.234,0.335,0.33,0.34,0.665,0.66,0.67,255.78,94.38,189.38,101.0,0.32,166.0,0.35,475.0,0.65,410.0,0.68,226.0
2026-01-06 19:23:00.364000+00:00,2026-01-06 19:23:00.911402+00:00,480.364,0.335,0.33,0.34,0.665,0.66,0.67,221.94,126.38,208.38,127.16,0.32,166.0,0.35,477.0,0.65,422.0,0.68,226.0
2026-01-06 19:23:01.382000+00:00,2026-01-06 19:23:01.928448+00:00,481.382,0.335,0.33,0.34,0.665,0.66,0.67,31.16,263.38,246.38,56.16,0.32,15.0,0.35,462.0,0.65,406.0,0.68,10.0
2026-01-06 19:23:02.407000+00:00,2026-01-06 19:23:02.951346+00:00,482.407,0.315,0.31,0.32,0.685,0.68,0.69,35.0,152.0,267.0,35.0,0.3,202.21,0.33,452.0,0.67,518.0,0.7,207.21
2026-01-06 19:23:03.418000+00:00,2026-01-06 19:23:03.953037+00:00,483.418,0.305,0.3,0.31,0.695,0.69,0.7,30.0,257.0,444.0,25.0,0.29,627.03,0.32,444.0,0.68,439.0,0.71,153.03
2026-01-06 19:23:04.447000+00:00,2026-01-06 19:23:04.963508+00:00,484.447,0.265,0.26,0.27,0.735,0.73,0.74,163.78,273.0,278.0,89.78,0.25,204.98,0.28,318.0,0.72,388.0,0.75,204.98
2026-01-06 19:23:05.280000+00:00,2026-01-06 19:23:05.974084+00:00,485.28,0.265,0.26,0.27,0.735,0.73,0.74,127.78,276.62,276.62,127.78,0.25,199.98,0.28,480.0,0.72,480.0,0.75,199.98
2026-01-06 19:23:06.433000+00:00,2026-01-06 19:23:06.976943+00:00,486.433,0.265,0.26,0.27,0.735,0.73,0.74,128.38,35.0,35.0,123.38,0.25,189.98,0.28,509.0,0.72,612.0,0.75,199.98
2026-01-06 19:23:07.433000+00:00,2026-01-06 19:23:07.989303+00:00,487.433,0.265,0.26,0.27,0.735,0.73,0.74,128.38,35.0,35.0,123.38,0.25,194.98,0.28,612.0,0.72,612.0,0.75,199.98
2026-01-06 19:23:08.427000+00:00,2026-01-06 19:23:09.003137+00:00,488.427,0.265,0.26,0.27,0.735,0.73,0.74,125.66,35.0,35.0,125.66,0.25,294.98,0.28,612.0,0.72,612.0,0.75,294.98
2026-01-06 19:23:09.453000+00:00,2026-01-06 19:23:09.999731+00:00,489.453,0.265,0.26,0.27,0.735,0.73,0.74,120.66,35.0,35.0,105.66,0.25,299.98,0.28,612.0,0.72,536.0,0.75,270.0
2026-01-06 19:23:10.497000+00:00,2026-01-06 19:23:11.010314+00:00,490.497,0.27,0.26,0.28,0.73,0.72,0.74,291.78,80.76,128.39,311.78,0.25,398.0,0.29,399.75,0.71,399.75,0.75,398.0
2026-01-06 19:23:11.453000+00:00,2026-01-06 19:23:12.001186+00:00,491.453,0.255,0.25,0.26,0.745,0.74,0.75,71.0,80.76,65.76,71.0,0.24,400.0,0.27,429.0,0.73,419.0,0.76,395.0
2026-01-06 19:23:12.372000+00:00,2026-01-06 19:23:13.006492+00:00,492.372,0.255,0.25,0.26,0.745,0.74,0.75,71.0,100.76,100.76,71.0,0.24,217.0,0.27,460.0,0.73,460.0,0.76,222.0
2026-01-06 19:23:13.437000+00:00,2026-01-06 19:23:14.026923+00:00,493.437,0.255,0.25,0.26,0.745,0.74,0.75,3.75,100.76,100.76,3.75,0.24,222.0,0.27,465.0,0.73,465.0,0.76,222.0
2026-01-06 19:23:16.005000+00:00,2026-01-06 19:23:16.593365+00:00,496.005,0.24,0.23,0.25,0.76,0.75,0.77,285.6,141.66,141.66,285.6,0.22,460.98,0.26,167.0,0.74,167.0,0.78,443.98
2026-01-06 19:23:17.088000+00:00,2026-01-06 19:23:17.600013+00:00,497.088,0.255,0.25,0.26,0.745,0.74,0.75,13.8,136.91,136.91,13.8,0.24,285.55,0.27,75.0,0.73,75.0,0.76,337.55
2026-01-06 19:23:18.056000+00:00,2026-01-06 19:23:18.594306+00:00,498.056,0.27,0.26,0.28,0.725,0.72,0.73,249.0,27.63,27.63,164.0,0.25,391.0,0.29,290.75,0.71,260.75,0.74,197.0
2026-01-06 19:23:19.062000+00:00,2026-01-06 19:23:19.594456+00:00,499.062,0.295,0.29,0.3,0.705,0.7,0.71,127.0,85.76,115.76,122.0,0.28,429.0,0.31,66.25,0.69,66.25,0.72,395.0
2026-01-06 19:23:20.056000+00:00,2026-01-06 19:23:20.599991+00:00,500.056,0.305,0.3,0.31,0.695,0.69,0.7,152.56,46.0,80.0,152.56,0.29,193.0,0.32,323.0,0.68,345.0,0.71,198.0
2026-01-06 19:23:21.073000+00:00,2026-01-06 19:23:21.615958+00:00,501.073,0.305,0.3,0.31,0.695,0.69,0.7,101.56,115.44,238.95,101.56,0.29,198.0,0.32,306.0,0.68,306.0,0.71,198.0
2026-01-06 19:23:22.058000+00:00,2026-01-06 19:23:22.621184+00:00,502.058,0.28500000000000003,0.28,0.29,0.715,0.71,0.72,297.0,133.86,143.86,267.0,0.27,305.0,0.3,156.83,0.7,252.83,0.73,112.0
2026-01-06 19:23:23.083000+00:00,2026-01-06 19:23:23.618143+00:00,503.083,0.28500000000000003,0.28,0.29,0.715,0.71,0.72,118.49,219.86,219.86,118.49,0.27,198.0,0.3,333.83,0.7,333.83,0.73,198.0
2026-01-06 19:23:24.104000+00:00,2026-01-06 19:23:24.643206+00:00,504.104,0.28500000000000003,0.28,0.29,0.715,0.71,0.72,62.92,250.86,250.86,62.92,0.27,216.0,0.3,346.83,0.7,351.83,0.73,221.0
2026-01-06 19:23:25.097000+00:00,2026-01-06 19:23:25.648669+00:00,505.097,0.28500000000000003,0.28,0.29,0.715,0.71,0.72,219.22,189.86,189.86,330.22,0.27,307.0,0.3,218.0,0.7,218.0,0.73,312.0
2026-01-06 19:23:26.108000+00:00,2026-01-06 19:23:26.650042+00:00,506.108,0.35,0.34,0.36,0.65,0.64,0.66,159.0,180.99,145.99,129.0,0.33,87.0,0.37,645.0,0.63,645.0,0.67,104.0
2026-01-06 19:23:27.124000+00:00,2026-01-06 19:23:27.666184+00:00,507.124,0.355,0.35,0.36,0.645,0.64,0.65,290.98,19.99,19.99,364.98,0.34,311.48,0.37,232.0,0.63,183.0,0.66,307.48
2026-01-06 19:23:28.106000+00:00,2026-01-06 19:23:28.668669+00:00,508.106,0.375,0.37,0.38,0.625,0.62,0.63,71.0,260.89,260.89,76.0,0.36,122.6,0.39,184.0,0.61,169.0,0.64,122.6
2026-01-06 19:23:29.093000+00:00,2026-01-06 19:23:29.669209+00:00,509.093,0.375,0.37,0.38,0.625,0.62,0.63,71.0,208.89,208.89,71.0,0.36,139.6,0.39,91.0,0.61,91.0,0.64,139.6
2026-01-06 19:23:30.149000+00:00,2026-01-06 19:23:30.674774+00:00,510.149,0.375,0.37,0.38,0.625,0.62,0.63,23.3,212.0,234.0,21.72,0.36,44.6,0.39,94.0,0.61,89.0,0.64,27.6
2026-01-06 19:23:31.145000+00:00,2026-01-06 19:23:31.683672+00:00,511.145,0.355,0.35,0.36,0.655,0.65,0.66,100.0,106.0,27.0,5.0,0.33,187.9,0.37,111.0,0.64,337.27,0.67,202.9
2026-01-06 19:23:32.132000+00:00,2026-01-06 19:23:32.676927+00:00,512.132,0.335,0.33,0.34,0.67,0.66,0.68,2.9,277.0,318.0,159.98,0.32,134.98,0.35,121.37,0.65,151.37,0.69,692.72
2026-01-06 19:23:33.150000+00:00,2026-01-06 19:23:33.692097+00:00,513.15,0.32,0.31,0.33,0.6799999999999999,0.67,0.69,155.49,187.0,208.0,205.49,0.3,195.2,0.34,335.47,0.66,342.47,0.7,230.2
2026-01-06 19:23:34.001000+00:00,2026-01-06 19:23:34.709782+00:00,514.001,0.32,0.31,0.33,0.6799999999999999,0.67,0.69,212.49,160.0,160.0,312.49,0.3,135.2,0.34,420.47,0.66,420.47,0.7,135.2
2026-01-06 19:23:35.973000+00:00,2026-01-06 19:23:36.709996+00:00,515.973,0.32,0.31,0.33,0.6799999999999999,0.67,0.69,211.04,158.0,158.0,211.04,0.3,134.0,0.34,495.47,0.66,495.47,0.7,134.0
2026-01-06 19:23:37.168000+00:00,2026-01-06 19:23:37.714136+00:00,517.168,0.32,0.31,0.33,0.6799999999999999,0.67,0.69,160.04,163.0,163.0,160.04,0.3,356.0,0.34,499.47,0.66,515.47,0.7,356.0
2026-01-06 19:23:38.147000+00:00,2026-01-06 19:23:38.715443+00:00,518.147,0.32,0.31,0.33,0.6799999999999999,0.67,0.69,186.04,163.0,163.0,203.04,0.3,366.0,0.34,383.47,0.66,383.47,0.7,366.0
2026-01-06 19:23:39.001000+00:00,2026-01-06 19:23:39.724168+00:00,519.001,0.32,0.31,0.33,0.6799999999999999,0.67,0.69,215.04,163.0,163.0,210.04,0.3,400.0,0.34,383.47,0.66,378.47,0.7,400.0
2026-01-06 19:23:40.163000+00:00,2026-01-06 19:23:40.725658+00:00,520.163,0.32,0.31,0.33,0.685,0.68,0.69,215.04,163.0,5.0,215.04,0.3,406.2,0.34,312.47,0.67,163.0,0.7,406.2
2026-01-06 19:23:41.121000+00:00,2026-01-06 19:23:41.724858+00:00,521.121,0.315,0.31,0.32,0.685,0.68,0.69,220.04,5.0,5.0,220.04,0.3,335.2,0.33,163.0,0.67,163.0,0.7,335.2
2026-01-06 19:23:42.150000+00:00,2026-01-06 19:23:42.741343+00:00,522.15,0.32,0.31,0.33,0.6799999999999999,0.67,0.69,215.04,163.0,163.0,215.04,0.3,435.2,0.34,295.47,0.66,295.47,0.7,435.2
2026-01-06 19:23:43.161000+00:00,2026-01-06 19:23:43.744098+00:00,523.161,0.32,0.31,0.33,0.6799999999999999,0.67,0.69,250.04,128.0,128.0,250.04,0.3,410.2,0.34,320.47,0.66,320.47,0.7,410.2
2026-01-06 19:23:44.210000+00:00,2026-01-06 19:23:44.751351+00:00,524.21,0.32,0.31,0.33,0.6799999999999999,0.67,0.69,201.49,138.0,138.0,201.49,0.3,341.2,0.34,342.0,0.66,342.0,0.7,341.2
2026-01-06 19:23:45.196000+00:00,2026-01-06 19:23:45.760467+00:00,525.196,0.32,0.31,0.33,0.6799999999999999,0.67,0.69,229.49,128.0,128.0,229.49,0.3,308.2,0.34,325.0,0.66,325.0,0.7,325.2
2026-01-06 19:23:46.095000+00:00,2026-01-06 19:23:46.782111+00:00,526.095,0.315,0.31,0.32,0.685,0.68,0.69,52.0,148.0,118.0,57.0,0.3,412.2,0.33,82.0,0.67,87.0,0.7,412.2
2026-01-06 19:23:47.277000+00:00,2026-01-06 19:23:47.806877+00:00,527.277,0.315,0.31,0.32,0.685,0.68,0.69,72.0,71.73,108.73,74.0,0.3,219.2,0.33,517.0,0.67,502.0,0.7,217.2
2026-01-06 19:23:48.195000+00:00,2026-01-06 19:23:48.803694+00:00,528.195,0.315,0.31,0.32,0.685,0.68,0.69,150.0,40.0,133.0,74.0,0.3,202.2,0.33,277.0,0.67,254.0,0.7,217.2
2026-01-06 19:23:49.275000+00:00,2026-01-06 19:23:49.811828+00:00,529.275,0.315,0.31,0.32,0.6799999999999999,0.67,0.69,194.27,23.0,295.0,197.49,0.3,158.2,0.33,304.0,0.66,461.0,0.7,167.2
2026-01-06 19:23:50+00:00,2026-01-06 19:23:50.821436+00:00,530.0,0.32,0.31,0.33,0.6799999999999999,0.67,0.69,197.49,234.0,234.0,197.49,0.3,194.2,0.34,478.0,0.66,478.0,0.7,194.2
2026-01-06 19:23:51.197000+00:00,2026-01-06 19:23:51.825732+00:00,531.197,0.32,0.31,0.33,0.6799999999999999,0.67,0.69,178.49,239.0,244.0,178.49,0.3,184.2,0.34,463.0,0.66,463.0,0.7,189.2
2026-01-06 19:23:52.226000+00:00,2026-01-06 19:23:52.841130+00:00,532.226,0.325,0.32,0.33,0.675,0.67,0.68,265.0,129.0,129.0,231.0,0.31,83.0,0.34,488.44,0.66,488.44,0.69,98.0
2026-01-06 19:23:53.297000+00:00,2026-01-06 19:23:53.842258+00:00,533.297,0.325,0.32,0.33,0.675,0.67,0.68,5.0,129.0,128.0,5.0,0.31,229.49,0.34,467.44,0.66,492.44,0.69,269.49
2026-01-06 19:23:54.300000+00:00,2026-01-06 19:23:54.839596+00:00,534.3,0.325,0.32,0.33,0.675,0.67,0.68,122.0,40.0,115.0,62.0,0.31,180.0,0.34,494.82,0.66,501.82,0.69,212.49
2026-01-06 19:23:55.321000+00:00,2026-01-06 19:23:55.856758+00:00,535.321,0.325,0.32,0.33,0.675,0.67,0.68,130.0,13.0,90.0,247.0,0.31,134.0,0.34,540.82,0.66,449.82,0.69,233.0
2026-01-06 19:23:56.208000+00:00,2026-01-06 19:23:56.857581+00:00,536.208,0.33,0.32,0.34,0.67,0.66,0.68,300.0,454.82,356.82,300.0,0.31,272.0,0.35,785.37,0.65,593.0,0.69,328.0
2026-01-06 19:23:57.257000+00:00,2026-01-06 19:23:57.864864+00:00,537.257,0.33,0.32,0.34,0.67,0.66,0.68,216.0,356.82,356.82,201.0,0.31,362.0,0.35,593.0,0.65,593.0,0.69,364.0
2026-01-06 19:23:58.293000+00:00,2026-01-06 19:23:58.875179+00:00,538.293,0.325,0.32,0.33,0.675,0.67,0.68,23.0,128.0,13.0,168.0,0.31,367.49,0.34,310.82,0.66,370.82,0.69,338.0
2026-01-06 19:23:59.325000+00:00,2026-01-06 19:23:59.882186+00:00,539.325,0.33,0.32,0.34,0.67,0.66,0.68,191.27,366.82,366.82,191.27,0.31,355.0,0.35,922.0,0.65,907.0,0.69,355.0
2026-01-06 19:24:00.364000+00:00,2026-01-06 19:24:00.890327+00:00,540.364,0.325,0.32,0.33,0.675,0.67,0.68,145.27,42.0,42.0,145.27,0.31,164.0,0.34,278.82,0.66,278.82,0.69,164.0
2026-01-06 19:24:01.349000+00:00,2026-01-06 19:24:01.901049+00:00,541.349,0.335,0.33,0.34,0.665,0.66,0.67,301.49,33.82,33.82,286.49,0.32,263.27,0.35,507.0,0.65,515.0,0.68,263.27
2026-01-06 19:24:02.371000+00:00,2026-01-06 19:24:02.913694+00:00,542.371,0.345,0.34,0.35,0.605,0.6,0.61,517.32,71.0,15.0,61.0,0.33,474.0,0.36,28.0,0.59,163.74,0.63,43.72
2026-01-06 19:24:03.392000+00:00,2026-01-06 19:24:03.931816+00:00,543.392,0.405,0.4,0.41,0.595,0.59,0.6,431.0,15.0,15.0,381.0,0.39,419.0,0.43,104.99,0.57,104.99,0.61,419.0
2026-01-06 19:24:04.374000+00:00,2026-01-06 19:24:04.938975+00:00,544.374,0.455,0.45,0.46,0.545,0.54,0.55,322.86,149.75,149.75,217.86,0.44,188.0,0.47,72.0,0.53,72.0,0.56,188.0
2026-01-06 19:24:05.347000+00:00,2026-01-06 19:24:05.947717+00:00,545.347,0.44,0.43,0.45,0.56,0.55,0.57,371.02,115.68,110.68,380.93,0.42,421.0,0.46,134.0,0.54,124.0,0.58,436.0
2026-01-06 19:24:06.422000+00:00,2026-01-06 19:24:06.963400+00:00,546.422,0.445,0.44,0.45,0.555,0.55,0.56,168.0,50.0,16.66,95.0,0.43,406.91,0.46,105.0,0.54,149.0,0.57,430.91
2026-01-06 19:24:07.439000+00:00,2026-01-06 19:24:07.968871+00:00,547.439,0.445,0.44,0.45,0.55,0.54,0.56,264.0,15.33,35.0,391.0,0.43,282.91,0.46,35.0,0.52,6.06,0.57,535.91
2026-01-06 19:24:08.429000+00:00,2026-01-06 19:24:08.965182+00:00,548.429,0.485,0.48,0.49,0.515,0.51,0.52,85.94,386.0,523.0,136.94,0.47,207.88,0.5,327.0,0.5,424.0,0.53,202.88
2026-01-06 19:24:09.437000+00:00,2026-01-06 19:24:09.970351+00:00,549.437,0.43,0.42,0.44,0.5700000000000001,0.56,0.58,191.76,396.92,366.92,198.06,0.41,173.39,0.45,321.0,0.55,356.0,0.59,132.39
2026-01-06 19:24:10.458000+00:00,2026-01-06 19:24:10.984058+00:00,550.458,0.43,0.42,0.44,0.5700000000000001,0.56,0.58,209.3,450.91,450.91,209.3,0.41,132.39,0.45,473.0,0.55,473.0,0.59,200.39
2026-01-06 19:24:11.452000+00:00,2026-01-06 19:24:11.993535+00:00,551.452,0.385,0.38,0.39,0.625,0.62,0.63,75.0,252.04,30.0,155.98,0.37,127.98,0.4,388.47,0.61,338.66,0.64,212.0
2026-01-06 19:24:12.459000+00:00,2026-01-06 19:24:12.998139+00:00,552.459,0.355,0.35,0.36,0.655,0.65,0.66,110.0,14.38,45.44,646.99,0.34,771.99,0.37,145.0,0.64,253.02,0.67,367.0
2026-01-06 19:24:13.451000+00:00,2026-01-06 19:24:14.008605+00:00,553.451,0.345,0.34,0.35,0.655,0.65,0.66,124.99,56.24,38.06,139.99,0.33,221.0,0.36,573.02,0.64,573.02,0.67,255.0
2026-01-06 19:24:14.459000+00:00,2026-01-06 19:24:15.004727+00:00,554.459,0.355,0.35,0.36,0.645,0.64,0.65,26.0,552.0,567.0,20.0,0.34,130.99,0.37,266.0,0.63,251.0,0.66,165.99
2026-01-06 19:24:15.444000+00:00,2026-01-06 19:24:16.016711+00:00,555.444,0.345,0.34,0.35,0.655,0.65,0.66,35.0,142.0,140.0,35.0,0.33,211.0,0.36,619.6,0.64,568.6,0.67,96.0
2026-01-06 19:24:16.489000+00:00,2026-01-06 19:24:17.034163+00:00,556.489,0.33,0.32,0.34,0.67,0.66,0.68,594.0,405.52,405.52,599.0,0.31,119.0,0.35,502.0,0.65,502.0,0.69,119.0
2026-01-06 19:24:17.486000+00:00,2026-01-06 19:24:18.046134+00:00,557.486,0.325,0.32,0.33,0.675,0.67,0.68,542.52,115.9,99.05,542.52,0.31,114.0,0.34,334.52,0.66,334.52,0.69,114.0
2026-01-06 19:24:18.498000+00:00,2026-01-06 19:24:19.044315+00:00,558.498,0.325,0.32,0.33,0.675,0.67,0.68,437.52,15.0,421.0,5.0,0.31,214.0,0.34,402.52,0.66,491.52,0.69,52.0
2026-01-06 19:24:19.508000+00:00,2026-01-06 19:24:20.049495+00:00,559.508,0.305,0.3,0.31,0.7,0.69,0.71,6.2,346.22,351.22,297.0,0.29,303.3,0.32,357.0,0.68,357.0,0.72,735.99
2026-01-06 19:24:20.423000+00:00,2026-01-06 19:24:21.052965+00:00,560.423,0.3,0.29,0.31,0.7,0.69,0.71,266.86,358.99,363.99,266.86,0.28,621.0,0.32,340.0,0.68,340.0,0.72,621.0
2026-01-06 19:24:21.473000+00:00,2026-01-06 19:24:22.055154+00:00,561.473,0.295,0.29,0.3,0.705,0.7,0.71,223.16,10.0,10.0,223.16,0.28,476.0,0.31,453.99,0.69,453.99,0.72,476.0
2026-01-06 19:24:22.536000+00:00,2026-01-06 19:24:23.064381+00:00,562.536,0.3,0.29,0.31,0.7,0.69,0.71,218.16,380.22,370.22,234.16,0.28,496.0,0.32,372.0,0.68,340.0,0.72,713.99
2026-01-06 19:24:23.544000+00:00,2026-01-06 19:24:24.066567+00:00,563.544,0.31,0.3,0.32,0.685,0.68,0.69,152.0,188.0,40.0,157.0,0.29,214.16,0.33,369.0,0.67,316.0,0.7,158.98
2026-01-06 19:24:24.536000+00:00,2026-01-06 19:24:25.081868+00:00,564.536,0.325,0.32,0.33,0.675,0.67,0.68,152.0,15.0,30.0,137.0,0.31,392.0,0.34,183.0,0.66,183.0,0.69,392.0
2026-01-06 19:24:25.525000+00:00,2026-01-06 19:24:26.079346+00:00,565.525,0.355,0.35,0.36,0.62,0.61,0.63,955.72,8.0,91.71,65.0,0.34,223.0,0.37,35.0,0.6,207.0,0.64,72.0
2026-01-06 19:24:26.523000+00:00,2026-01-06 19:24:27.082418+00:00,566.523,0.395,0.39,0.4,0.605,0.6,0.61,71.0,337.0,337.0,69.43,0.38,333.0,0.41,331.0,0.59,209.0,0.62,333.0
2026-01-06 19:24:27.531000+00:00,2026-01-06 19:24:28.083610+00:00,567.531,0.43,0.42,0.44,0.5700000000000001,0.56,0.58,75.0,215.0,215.0,78.03,0.41,95.0,0.45,614.0,0.55,431.0,0.59,95.0
2026-01-06 19:24:28.524000+00:00,2026-01-06 19:24:29.076880+00:00,568.524,0.425,0.42,0.43,0.575,0.57,0.58,28.03,140.46,140.46,28.03,0.41,412.54,0.44,134.44,0.56,134.44,0.59,412.54
2026-01-06 19:24:29.454000+00:00,2026-01-06 19:24:30.081439+00:00,569.454,0.42,0.41,0.43,0.58,0.57,0.59,437.54,151.46,151.46,437.54,0.4,333.15,0.44,196.84,0.56,196.84,0.6,333.15
2026-01-06 19:24:30.493000+00:00,2026-01-06 19:24:31.104486+00:00,570.493,0.42,0.41,0.43,0.58,0.57,0.59,437.54,156.46,156.46,437.54,0.4,333.15,0.44,182.44,0.56,282.44,0.6,333.15
2026-01-06 19:24:31.521000+00:00,2026-01-06 19:24:32.112793+00:00,571.521,0.415,0.41,0.42,0.585,0.58,0.59,152.64,212.99,212.99,136.64,0.4,346.16,0.43,171.0,0.57,171.0,0.6,346.16
2026-01-06 19:24:32.559000+00:00,2026-01-06 19:24:33.114345+00:00,572.559,0.415,0.41,0.42,0.585,0.58,0.59,84.36,236.99,236.99,84.36,0.4,331.16,0.43,176.0,0.57,176.0,0.6,336.16
2026-01-06 19:24:33.593000+00:00,2026-01-06 19:24:34.134225+00:00,573.593,0.37,0.34,0.4,0.655,0.65,0.66,283.0,11.78,15.0,100.0,0.33,331.0,0.42,1105.99,0.64,120.99,0.67,148.0
2026-01-06 19:24:34.700000+00:00,2026-01-06 19:24:35.146128+00:00,574.7,0.35,0.34,0.36,0.65,0.64,0.66,152.0,440.99,440.99,152.0,0.33,162.99,0.37,336.0,0.63,341.0,0.67,183.99
2026-01-06 19:24:35.606000+00:00,2026-01-06 19:24:36.164581+00:00,575.606,0.345,0.34,0.35,0.655,0.65,0.66,156.0,45.0,431.44,15.0,0.33,116.0,0.36,438.99,0.64,870.0,0.67,16.0
2026-01-06 19:24:36.632000+00:00,2026-01-06 19:24:37.164133+00:00,576.632,0.325,0.32,0.33,0.675,0.67,0.68,208.55,191.0,191.0,207.55,0.31,157.09,0.34,505.0,0.66,475.0,0.69,152.09
2026-01-06 19:24:37.623000+00:00,2026-01-06 19:24:38.164942+00:00,577.623,0.325,0.32,0.33,0.675,0.67,0.68,187.47,132.0,132.0,187.47,0.31,157.09,0.34,645.0,0.66,645.0,0.69,157.09
2026-01-06 19:24:38.633000+00:00,2026-01-06 19:24:39.172566+00:00,578.633,0.325,0.32,0.33,0.675,0.67,0.68,139.47,132.0,132.0,144.47,0.31,174.09,0.34,537.0,0.66,428.0,0.69,659.09
2026-01-06 19:24:39.620000+00:00,2026-01-06 19:24:40.184195+00:00,579.62,0.355,0.35,0.36,0.645,0.64,0.65,39.0,259.0,274.0,39.0,0.34,110.0,0.37,56.0,0.63,146.0,0.66,110.0
2026-01-06 19:24:40.632000+00:00,2026-01-06 19:24:41.200523+00:00,580.632,0.33999999999999997,0.33,0.35,0.66,0.65,0.67,389.0,176.6,176.6,389.0,0.32,436.47,0.36,206.77,0.64,211.77,0.68,436.47
2026-01-06 19:24:41.631000+00:00,2026-01-06 19:24:42.205476+00:00,581.631,0.33999999999999997,0.33,0.35,0.66,0.65,0.67,286.0,136.6,136.6,286.0,0.32,404.47,0.36,181.78,0.64,181.78,0.68,404.47
2026-01-06 19:24:42.675000+00:00,2026-01-06 19:24:43.213985+00:00,582.675,0.305,0.3,0.31,0.705,0.7,0.71,15.0,51.74,39.06,44.22,0.29,60.0,0.32,122.0,0.69,126.57,0.72,75.0
2026-01-06 19:24:43.688000+00:00,2026-01-06 19:24:44.229494+00:00,583.688,0.295,0.29,0.3,0.71,0.7,0.72,50.0,23.8,173.8,206.0,0.28,186.0,0.31,201.57,0.69,140.8,0.73,363.0
2026-01-06 19:24:44.689000+00:00,2026-01-06 19:24:45.233991+00:00,584.689,0.275,0.27,0.28,0.725,0.72,0.73,504.0,63.44,98.44,499.0,0.26,190.0,0.29,480.77,0.71,455.77,0.74,155.0
2026-01-06 19:24:45.647000+00:00,2026-01-06 19:24:46.245485+00:00,585.647,0.275,0.27,0.28,0.725,0.72,0.73,499.0,173.88,173.88,499.0,0.26,160.0,0.29,455.77,0.71,455.77,0.74,160.0
2026-01-06 19:24:46.702000+00:00,2026-01-06 19:24:47.254322+00:00,586.702,0.275,0.27,0.28,0.725,0.72,0.73,499.0,166.52,166.52,499.0,0.26,165.0,0.29,435.77,0.71,435.77,0.74,165.0
2026-01-06 19:24:47.706000+00:00,2026-01-06 19:24:48.265733+00:00,587.706,0.275,0.27,0.28,0.725,0.72,0.73,499.0,136.16,136.16,499.0,0.26,165.0,0.29,455.77,0.71,460.77,0.74,165.0
2026-01-06 19:24:48.665000+00:00,2026-01-06 19:24:49.279774+00:00,588.665,0.275,0.27,0.28,0.725,0.72,0.73,50.0,75.0,75.0,50.0,0.26,165.0,0.29,156.77,0.71,156.77,0.74,165.0
2026-01-06 19:24:49.697000+00:00,2026-01-06 19:24:50.275285+00:00,589.697,0.275,0.27,0.28,0.725,0.72,0.73,50.0,75.0,90.0,50.0,0.26,160.0,0.29,164.77,0.71,159.77,0.74,160.0
2026-01-06 19:24:50.015000+00:00,2026-01-06 19:24:51.272574+00:00,590.015,0.275,0.27,0.28,0.73,0.72,0.74,50.0,75.0,198.0,164.0,0.26,160.0,0.29,159.77,0.71,91.0,0.75,187.0
2026-01-06 19:24:51.722000+00:00,2026-01-06 19:24:52.278784+00:00,591.722,0.27,0.26,0.28,0.725,0.72,0.73,148.0,214.0,118.99,5.0,0.25,169.0,0.29,166.0,0.71,243.75,0.74,5.0
2026-01-06 19:24:52.794000+00:00,2026-01-06 19:24:53.290928+00:00,592.794,0.235,0.23,0.24,0.765,0.76,0.77,181.3,183.86,220.9,181.3,0.22,112.6,0.25,388.0,0.75,449.0,0.78,112.6
2026-01-06 19:24:53.767000+00:00,2026-01-06 19:24:54.306223+00:00,593.767,0.235,0.23,0.24,0.775,0.77,0.78,40.0,232.74,5.0,82.6,0.22,87.6,0.25,682.0,0.76,458.74,0.79,47.8
2026-01-06 19:24:54.764000+00:00,2026-01-06 19:24:55.324702+00:00,594.764,0.225,0.22,0.23,0.775,0.77,0.78,70.89,21.0,21.0,83.32,0.21,35.0,0.24,449.0,0.76,319.0,0.79,35.0
