timestamp,collected_at,seconds,mid,bid,ask,asset
2026-01-06 10:15:00+00:00,2026-01-06 10:22:59.759967+00:00,0.0,3227.681,3227.4,3227.96,ETH
2026-01-06 10:15:01+00:00,2026-01-06 10:23:00.769250+00:00,1.0,3227.681,3227.4,3227.94,ETH
2026-01-06 10:15:02+00:00,2026-01-06 10:23:01.772230+00:00,2.0,3227.681,3227.41,3227.94,ETH
2026-01-06 10:15:03+00:00,2026-01-06 10:23:02.769686+00:00,3.0,3227.681,3227.42,3227.94,ETH
2026-01-06 10:15:04+00:00,2026-01-06 10:23:03.792896+00:00,4.0,3227.681,3227.42,3227.94,ETH
2026-01-06 10:15:05+00:00,2026-01-06 10:23:04.820416+00:00,5.0,3227.681,3227.43,3227.93,ETH
2026-01-06 10:15:06+00:00,2026-01-06 10:23:05.810615+00:00,6.0,3227.751,3227.53,3227.94,ETH
2026-01-06 10:15:07+00:00,2026-01-06 10:23:06.838807+00:00,7.0,3227.821,3227.62,3228.01,ETH
2026-01-06 10:15:08+00:00,2026-01-06 10:23:07.840467+00:00,8.0,3227.901,3227.69,3228.09,ETH
2026-01-06 10:15:09+00:00,2026-01-06 10:23:08.836431+00:00,9.0,3227.961,3227.77,3228.12,ETH
2026-01-06 10:15:10+00:00,2026-01-06 10:23:09.839354+00:00,10.0,3227.961,3227.76,3228.07,ETH
2026-01-06 10:15:11+00:00,2026-01-06 10:23:10.840760+00:00,11.0,3227.891,3227.75,3227.99,ETH
2026-01-06 10:15:12+00:00,2026-01-06 10:23:11.852190+00:00,12.0,3227.861,3227.68,3227.97,ETH
2026-01-06 10:15:13+00:00,2026-01-06 10:23:12.852045+00:00,13.0,3227.911,3227.62,3227.98,ETH
2026-01-06 10:15:14+00:00,2026-01-06 10:23:13.870148+00:00,14.0,3227.751,3227.64,3227.98,ETH
2026-01-06 10:15:15+00:00,2026-01-06 10:23:14.883543+00:00,15.0,3227.701,3227.64,3227.89,ETH
2026-01-06 10:15:16+00:00,2026-01-06 10:23:15.871568+00:00,16.0,3227.751,3227.63,3228.04,ETH
2026-01-06 10:15:17+00:00,2026-01-06 10:23:16.887701+00:00,17.0,3227.851,3227.67,3227.96,ETH
2026-01-06 10:15:18+00:00,2026-01-06 10:23:17.887983+00:00,18.0,3227.751,3227.65,3227.86,ETH
2026-01-06 10:15:19+00:00,2026-01-06 10:23:18.901205+00:00,19.0,3227.751,3227.65,3227.86,ETH
2026-01-06 10:15:20+00:00,2026-01-06 10:23:19.921387+00:00,20.0,3227.671,3227.62,3227.86,ETH
2026-01-06 10:15:21+00:00,2026-01-06 10:23:20.905362+00:00,21.0,3227.841,3227.7,3227.89,ETH
2026-01-06 10:15:22+00:00,2026-01-06 10:23:21.905152+00:00,22.0,3228.031,3227.87,3228.22,ETH
2026-01-06 10:15:23+00:00,2026-01-06 10:23:22.901696+00:00,23.0,3228.111,3227.89,3228.34,ETH
2026-01-06 10:15:24+00:00,2026-01-06 10:23:23.920620+00:00,24.0,3228.121,3227.9,3228.34,ETH
2026-01-06 10:15:25+00:00,2026-01-06 10:23:24.932827+00:00,25.0,3228.121,3227.9,3228.34,ETH
2026-01-06 10:15:26+00:00,2026-01-06 10:23:25.951758+00:00,26.0,3228.121,3227.9,3228.34,ETH
2026-01-06 10:15:27+00:00,2026-01-06 10:23:26.966927+00:00,27.0,3228.111,3227.92,3228.3,ETH
2026-01-06 10:15:28+00:00,2026-01-06 10:23:27.976949+00:00,28.0,3228.111,3227.92,3228.3,ETH
2026-01-06 10:15:29+00:00,2026-01-06 10:23:28.980887+00:00,29.0,3229.001,3228.74,3229.11,ETH
2026-01-06 10:15:30+00:00,2026-01-06 10:23:30.001946+00:00,30.0,3229.011,3228.78,3229.11,ETH
2026-01-06 10:15:31+00:00,2026-01-06 10:23:31.003155+00:00,31.0,3229.021,3228.79,3229.25,ETH
2026-01-06 10:15:32+00:00,2026-01-06 10:23:32.021579+00:00,32.0,3229.071,3228.84,3229.3,ETH
2026-01-06 10:15:33+00:00,2026-01-06 10:23:33.006829+00:00,33.0,3228.971,3228.83,3229.11,ETH
2026-01-06 10:15:34+00:00,2026-01-06 10:23:34.020566+00:00,34.0,3228.871,3228.59,3229.0,ETH
2026-01-06 10:15:35+00:00,2026-01-06 10:23:35.038841+00:00,35.0,3228.871,3228.6,3229.0,ETH
2026-01-06 10:15:36+00:00,2026-01-06 10:23:36.042520+00:00,36.0,3228.871,3228.6,3229.0,ETH
2026-01-06 10:15:37+00:00,2026-01-06 10:23:37.044880+00:00,37.0,3228.981,3228.72,3229.23,ETH
2026-01-06 10:15:38+00:00,2026-01-06 10:23:39.055214+00:00,38.0,3229.001,3228.75,3229.25,ETH
2026-01-06 10:15:39+00:00,2026-01-06 10:23:40.046676+00:00,39.0,3229.011,3228.77,3229.29,ETH
2026-01-06 10:15:40+00:00,2026-01-06 10:23:41.053455+00:00,40.0,3229.081,3228.8,3229.35,ETH
2026-01-06 10:15:41+00:00,2026-01-06 10:23:42.048108+00:00,41.0,3229.151,3228.92,3229.39,ETH
2026-01-06 10:15:42+00:00,2026-01-06 10:23:43.048552+00:00,42.0,3229.161,3228.99,3229.39,ETH
2026-01-06 10:15:43+00:00,2026-01-06 10:23:44.078707+00:00,43.0,3229.161,3228.99,3229.42,ETH
2026-01-06 10:15:44+00:00,2026-01-06 10:23:45.114449+00:00,44.0,3229.271,3229.05,3229.54,ETH
2026-01-06 10:15:45+00:00,2026-01-06 10:23:46.120831+00:00,45.0,3229.381,3229.1,3229.65,ETH
2026-01-06 10:15:46+00:00,2026-01-06 10:23:47.132515+00:00,46.0,3229.381,3229.1,3229.65,ETH
2026-01-06 10:15:47+00:00,2026-01-06 10:23:48.134641+00:00,47.0,3229.381,3229.1,3229.65,ETH
2026-01-06 10:15:48+00:00,2026-01-06 10:23:49.148265+00:00,48.0,3229.381,3229.1,3229.66,ETH
2026-01-06 10:15:49+00:00,2026-01-06 10:23:50.143624+00:00,49.0,3229.371,3229.1,3229.6,ETH
2026-01-06 10:15:50+00:00,2026-01-06 10:23:51.157623+00:00,50.0,3229.301,3229.04,3229.5,ETH
2026-01-06 10:15:52+00:00,2026-01-06 10:23:52.214027+00:00,52.0,3229.081,3228.92,3229.23,ETH
2026-01-06 10:15:53+00:00,2026-01-06 10:23:53.199916+00:00,53.0,3228.921,3228.79,3229.1,ETH
2026-01-06 10:15:54+00:00,2026-01-06 10:23:54.224435+00:00,54.0,3228.891,3228.79,3229.1,ETH
2026-01-06 10:15:55+00:00,2026-01-06 10:23:55.221951+00:00,55.0,3228.901,3228.79,3229.17,ETH
2026-01-06 10:15:56+00:00,2026-01-06 10:23:56.216697+00:00,56.0,3228.671,3228.67,3229.07,ETH
2026-01-06 10:15:57+00:00,2026-01-06 10:23:57.228577+00:00,57.0,3228.821,3228.58,3228.98,ETH
2026-01-06 10:15:58+00:00,2026-01-06 10:23:58.220753+00:00,58.0,3228.801,3228.58,3228.94,ETH
2026-01-06 10:15:59+00:00,2026-01-06 10:23:59.211570+00:00,59.0,3228.781,3228.54,3228.95,ETH
2026-01-06 10:16:00+00:00,2026-01-06 10:24:00.400884+00:00,60.0,3228.771,3228.53,3228.9,ETH
2026-01-06 10:16:01+00:00,2026-01-06 10:24:01.400861+00:00,61.0,3228.831,3228.64,3228.99,ETH
2026-01-06 10:16:02+00:00,2026-01-06 10:24:03.418286+00:00,62.0,3228.831,3228.62,3229.0,ETH
2026-01-06 10:16:03+00:00,2026-01-06 10:24:04.436883+00:00,63.0,3228.841,3228.61,3229.01,ETH
2026-01-06 10:16:04+00:00,2026-01-06 10:24:05.436408+00:00,64.0,3228.851,3228.6,3229.07,ETH
2026-01-06 10:16:05+00:00,2026-01-06 10:24:06.454966+00:00,65.0,3228.891,3228.65,3229.1,ETH
2026-01-06 10:16:06+00:00,2026-01-06 10:24:07.435299+00:00,66.0,3228.941,3228.7,3229.15,ETH
2026-01-06 10:16:07+00:00,2026-01-06 10:24:08.457364+00:00,67.0,3229.071,3228.81,3229.29,ETH
2026-01-06 10:16:08+00:00,2026-01-06 10:24:09.463823+00:00,68.0,3229.211,3228.97,3229.39,ETH
2026-01-06 10:16:09+00:00,2026-01-06 10:24:10.471533+00:00,69.0,3229.231,3229.01,3229.39,ETH
2026-01-06 10:16:10+00:00,2026-01-06 10:24:11.481959+00:00,70.0,3229.251,3229.02,3229.43,ETH
2026-01-06 10:16:11+00:00,2026-01-06 10:24:12.482634+00:00,71.0,3229.291,3229.07,3229.48,ETH
2026-01-06 10:16:12+00:00,2026-01-06 10:24:13.487725+00:00,72.0,3229.331,3229.13,3229.47,ETH
2026-01-06 10:16:13+00:00,2026-01-06 10:24:14.488013+00:00,73.0,3229.361,3229.14,3229.46,ETH
2026-01-06 10:16:14+00:00,2026-01-06 10:24:15.484664+00:00,74.0,3229.341,3229.12,3229.45,ETH
2026-01-06 10:16:15+00:00,2026-01-06 10:24:16.483197+00:00,75.0,3229.351,3229.13,3229.45,ETH
2026-01-06 10:16:16+00:00,2026-01-06 10:24:17.500999+00:00,76.0,3229.391,3229.16,3229.46,ETH
2026-01-06 10:16:17+00:00,2026-01-06 10:24:18.498468+00:00,77.0,3229.401,3229.16,3229.51,ETH
2026-01-06 10:16:18+00:00,2026-01-06 10:24:19.518329+00:00,78.0,3229.401,3229.16,3229.52,ETH
2026-01-06 10:16:19+00:00,2026-01-06 10:24:20.516339+00:00,79.0,3229.391,3229.15,3229.52,ETH
2026-01-06 10:16:20+00:00,2026-01-06 10:24:21.521712+00:00,80.0,3229.401,3229.16,3229.55,ETH
2026-01-06 10:16:21+00:00,2026-01-06 10:24:22.517765+00:00,81.0,3229.401,3229.16,3229.53,ETH
2026-01-06 10:16:22+00:00,2026-01-06 10:24:23.531062+00:00,82.0,3229.361,3229.15,3229.52,ETH
2026-01-06 10:16:23+00:00,2026-01-06 10:24:24.546460+00:00,83.0,3229.291,3229.16,3229.54,ETH
2026-01-06 10:16:24+00:00,2026-01-06 10:24:25.552218+00:00,84.0,3229.261,3229.15,3229.47,ETH
2026-01-06 10:16:25+00:00,2026-01-06 10:24:26.566708+00:00,85.0,3229.221,3229.08,3229.33,ETH
2026-01-06 10:16:26+00:00,2026-01-06 10:24:27.549136+00:00,86.0,3229.191,3229.04,3229.27,ETH
2026-01-06 10:16:27+00:00,2026-01-06 10:24:28.567218+00:00,87.0,3229.111,3228.96,3229.2,ETH
2026-01-06 10:16:28+00:00,2026-01-06 10:24:29.568237+00:00,88.0,3229.101,3228.84,3229.17,ETH
2026-01-06 10:16:29+00:00,2026-01-06 10:24:30.584384+00:00,89.0,3228.981,3228.86,3229.05,ETH
2026-01-06 10:16:30+00:00,2026-01-06 10:24:31.569079+00:00,90.0,3228.981,3228.86,3229.05,ETH
2026-01-06 10:16:31+00:00,2026-01-06 10:24:32.562082+00:00,91.0,3228.981,3228.86,3229.04,ETH
2026-01-06 10:16:32+00:00,2026-01-06 10:24:33.566003+00:00,92.0,3228.981,3228.83,3229.04,ETH
2026-01-06 10:16:33+00:00,2026-01-06 10:24:34.567699+00:00,93.0,3228.981,3228.83,3229.07,ETH
2026-01-06 10:16:34+00:00,2026-01-06 10:24:35.579252+00:00,94.0,3228.791,3228.76,3228.99,ETH
2026-01-06 10:16:35+00:00,2026-01-06 10:24:36.581685+00:00,95.0,3228.811,3228.77,3228.99,ETH
2026-01-06 10:16:36+00:00,2026-01-06 10:24:37.585311+00:00,96.0,3228.981,3228.83,3229.1,ETH
2026-01-06 10:16:37+00:00,2026-01-06 10:24:38.578657+00:00,97.0,3229.101,3228.93,3229.17,ETH
2026-01-06 10:16:38+00:00,2026-01-06 10:24:39.592706+00:00,98.0,3229.081,3229.0,3229.17,ETH
2026-01-06 10:16:39+00:00,2026-01-06 10:24:40.593190+00:00,99.0,3229.181,3229.01,3229.25,ETH
2026-01-06 10:16:40+00:00,2026-01-06 10:24:41.605266+00:00,100.0,3229.221,3229.09,3229.3,ETH
2026-01-06 10:16:41+00:00,2026-01-06 10:24:42.616907+00:00,101.0,3229.221,3229.09,3229.29,ETH
2026-01-06 10:16:42+00:00,2026-01-06 10:24:43.614736+00:00,102.0,3229.231,3229.09,3229.43,ETH
2026-01-06 10:16:43+00:00,2026-01-06 10:24:44.620452+00:00,103.0,3229.201,3229.09,3229.23,ETH
2026-01-06 10:16:44+00:00,2026-01-06 10:24:45.635066+00:00,104.0,3229.251,3229.07,3229.43,ETH
2026-01-06 10:16:45+00:00,2026-01-06 10:24:46.634529+00:00,105.0,3228.981,3228.98,3229.28,ETH
2026-01-06 10:16:46+00:00,2026-01-06 10:24:47.629650+00:00,106.0,3228.981,3228.95,3229.27,ETH
2026-01-06 10:16:47+00:00,2026-01-06 10:24:48.647278+00:00,107.0,3228.981,3228.95,3229.27,ETH
2026-01-06 10:16:48+00:00,2026-01-06 10:24:49.703564+00:00,108.0,3228.981,3228.96,3229.21,ETH
2026-01-06 10:16:49+00:00,2026-01-06 10:24:50.702233+00:00,109.0,3228.981,3228.97,3229.21,ETH
2026-01-06 10:16:50+00:00,2026-01-06 10:24:51.729048+00:00,110.0,3228.981,3228.97,3229.26,ETH
2026-01-06 10:16:51+00:00,2026-01-06 10:24:52.740382+00:00,111.0,3229.201,3229.04,3229.36,ETH
2026-01-06 10:16:52+00:00,2026-01-06 10:24:53.750640+00:00,112.0,3229.171,3229.04,3229.28,ETH
2026-01-06 10:16:53+00:00,2026-01-06 10:24:54.762848+00:00,113.0,3229.101,3229.04,3229.27,ETH
2026-01-06 10:16:54+00:00,2026-01-06 10:24:55.783382+00:00,114.0,3229.141,3229.04,3229.21,ETH
2026-01-06 10:16:55+00:00,2026-01-06 10:24:56.782176+00:00,115.0,3229.211,3229.0,3229.37,ETH
2026-01-06 10:16:56+00:00,2026-01-06 10:24:57.803215+00:00,116.0,3229.241,3229.03,3229.37,ETH
2026-01-06 10:16:57+00:00,2026-01-06 10:24:58.802754+00:00,117.0,3229.231,3229.03,3229.29,ETH
2026-01-06 10:16:58+00:00,2026-01-06 10:24:59.799625+00:00,118.0,3229.001,3228.96,3229.23,ETH
2026-01-06 10:16:59+00:00,2026-01-06 10:25:00.831899+00:00,119.0,3229.001,3228.94,3229.23,ETH
2026-01-06 10:17:00+00:00,2026-01-06 10:25:01.820048+00:00,120.0,3229.001,3228.94,3229.23,ETH
2026-01-06 10:17:01+00:00,2026-01-06 10:25:02.816256+00:00,121.0,3229.001,3228.94,3229.09,ETH
2026-01-06 10:17:02+00:00,2026-01-06 10:25:03.821277+00:00,122.0,3228.861,3228.66,3228.98,ETH
2026-01-06 10:17:03+00:00,2026-01-06 10:25:04.831522+00:00,123.0,3228.861,3228.67,3229.01,ETH
2026-01-06 10:17:04+00:00,2026-01-06 10:25:05.833753+00:00,124.0,3228.821,3228.67,3229.0,ETH
2026-01-06 10:17:05+00:00,2026-01-06 10:25:06.842663+00:00,125.0,3228.821,3228.6,3228.98,ETH
2026-01-06 10:17:06+00:00,2026-01-06 10:25:07.844832+00:00,126.0,3228.511,3228.46,3228.97,ETH
2026-01-06 10:17:07+00:00,2026-01-06 10:25:08.845985+00:00,127.0,3228.581,3228.54,3228.97,ETH
2026-01-06 10:17:08+00:00,2026-01-06 10:25:09.881545+00:00,128.0,3228.871,3228.66,3229.0,ETH
2026-01-06 10:17:09+00:00,2026-01-06 10:25:10.869636+00:00,129.0,3228.951,3228.69,3229.02,ETH
2026-01-06 10:17:10+00:00,2026-01-06 10:25:11.881400+00:00,130.0,3228.861,3228.64,3228.98,ETH
2026-01-06 10:17:11+00:00,2026-01-06 10:25:12.870522+00:00,131.0,3228.911,3228.64,3228.98,ETH
2026-01-06 10:17:12+00:00,2026-01-06 10:25:13.897601+00:00,132.0,3228.901,3228.64,3228.98,ETH
2026-01-06 10:17:13+00:00,2026-01-06 10:25:15.908453+00:00,133.0,3228.941,3228.66,3229.12,ETH
2026-01-06 10:17:14+00:00,2026-01-06 10:25:16.880805+00:00,134.0,3229.051,3228.78,3229.29,ETH
2026-01-06 10:17:15+00:00,2026-01-06 10:25:17.880087+00:00,135.0,3229.131,3228.88,3229.34,ETH
2026-01-06 10:17:16+00:00,2026-01-06 10:25:18.881731+00:00,136.0,3229.131,3228.88,3229.37,ETH
2026-01-06 10:17:17+00:00,2026-01-06 10:25:19.884260+00:00,137.0,3229.131,3228.88,3229.39,ETH
2026-01-06 10:17:18+00:00,2026-01-06 10:25:20.883632+00:00,138.0,3229.131,3228.87,3229.29,ETH
2026-01-06 10:17:19+00:00,2026-01-06 10:25:21.882362+00:00,139.0,3229.101,3228.87,3229.2,ETH
2026-01-06 10:17:20+00:00,2026-01-06 10:25:22.883159+00:00,140.0,3229.031,3228.88,3229.14,ETH
2026-01-06 10:17:21+00:00,2026-01-06 10:25:23.881069+00:00,141.0,3228.981,3228.89,3229.07,ETH
2026-01-06 10:17:22+00:00,2026-01-06 10:25:24.879488+00:00,142.0,3228.971,3228.89,3229.07,ETH
2026-01-06 10:17:23+00:00,2026-01-06 10:25:25.883393+00:00,143.0,3228.971,3228.89,3229.07,ETH
2026-01-06 10:17:24+00:00,2026-01-06 10:25:26.899895+00:00,144.0,3228.971,3228.9,3229.07,ETH
2026-01-06 10:17:25+00:00,2026-01-06 10:25:27.912787+00:00,145.0,3228.931,3228.88,3229.05,ETH
2026-01-06 10:17:26+00:00,2026-01-06 10:25:28.913689+00:00,146.0,3228.891,3228.85,3229.04,ETH
2026-01-06 10:17:27+00:00,2026-01-06 10:25:29.912908+00:00,147.0,3228.871,3228.82,3229.01,ETH
2026-01-06 10:17:28+00:00,2026-01-06 10:25:30.915755+00:00,148.0,3228.921,3228.79,3229.01,ETH
2026-01-06 10:17:29+00:00,2026-01-06 10:25:31.914761+00:00,149.0,3229.001,3228.79,3229.05,ETH
2026-01-06 10:17:30+00:00,2026-01-06 10:25:32.927500+00:00,150.0,3229.021,3228.8,3229.08,ETH
2026-01-06 10:17:31+00:00,2026-01-06 10:25:33.931830+00:00,151.0,3229.051,3228.83,3229.16,ETH
2026-01-06 10:17:32+00:00,2026-01-06 10:25:34.952380+00:00,152.0,3229.091,3228.87,3229.24,ETH
2026-01-06 10:17:33+00:00,2026-01-06 10:25:35.949444+00:00,153.0,3229.091,3228.89,3229.32,ETH
2026-01-06 10:17:34+00:00,2026-01-06 10:25:37.078382+00:00,154.0,3229.061,3228.89,3229.37,ETH
2026-01-06 10:17:35+00:00,2026-01-06 10:25:38.084456+00:00,155.0,3229.051,3228.89,3229.33,ETH
2026-01-06 10:17:36+00:00,2026-01-06 10:25:39.086997+00:00,156.0,3229.031,3228.89,3229.31,ETH
2026-01-06 10:17:37+00:00,2026-01-06 10:25:40.084778+00:00,157.0,3229.021,3228.87,3229.32,ETH
2026-01-06 10:17:38+00:00,2026-01-06 10:25:41.082191+00:00,158.0,3228.931,3228.83,3229.3,ETH
2026-01-06 10:17:39+00:00,2026-01-06 10:25:42.094802+00:00,159.0,3228.841,3228.79,3229.3,ETH
2026-01-06 10:17:40+00:00,2026-01-06 10:25:43.101530+00:00,160.0,3228.831,3228.78,3228.89,ETH
2026-01-06 10:17:41+00:00,2026-01-06 10:25:44.097447+00:00,161.0,3228.881,3228.8,3229.17,ETH
2026-01-06 10:17:42+00:00,2026-01-06 10:25:45.094947+00:00,162.0,3228.881,3228.81,3229.19,ETH
2026-01-06 10:17:43+00:00,2026-01-06 10:25:46.113677+00:00,163.0,3228.821,3228.78,3229.24,ETH
2026-01-06 10:17:44+00:00,2026-01-06 10:25:47.101481+00:00,164.0,3228.811,3228.77,3229.24,ETH
2026-01-06 10:17:45+00:00,2026-01-06 10:25:48.101382+00:00,165.0,3228.771,3228.7,3228.95,ETH
2026-01-06 10:17:46+00:00,2026-01-06 10:25:49.098010+00:00,166.0,3228.721,3228.68,3228.95,ETH
2026-01-06 10:17:47+00:00,2026-01-06 10:25:50.119529+00:00,167.0,3228.711,3228.67,3228.94,ETH
2026-01-06 10:17:48+00:00,2026-01-06 10:25:51.115257+00:00,168.0,3228.791,3228.73,3228.94,ETH
2026-01-06 10:17:49+00:00,2026-01-06 10:25:52.112729+00:00,169.0,3228.791,3228.73,3228.94,ETH
2026-01-06 10:17:50+00:00,2026-01-06 10:25:53.172745+00:00,170.0,3228.571,3228.52,3228.94,ETH
2026-01-06 10:17:51+00:00,2026-01-06 10:25:54.174762+00:00,171.0,3228.611,3228.57,3229.01,ETH
2026-01-06 10:17:52+00:00,2026-01-06 10:25:55.174608+00:00,172.0,3228.601,3228.55,3228.98,ETH
2026-01-06 10:17:53+00:00,2026-01-06 10:25:56.175387+00:00,173.0,3228.501,3228.45,3228.86,ETH
2026-01-06 10:17:54+00:00,2026-01-06 10:25:57.187917+00:00,174.0,3228.391,3228.34,3228.75,ETH
2026-01-06 10:17:55+00:00,2026-01-06 10:25:58.205785+00:00,175.0,3228.341,3228.3,3228.65,ETH
2026-01-06 10:17:56+00:00,2026-01-06 10:25:59.212713+00:00,176.0,3228.331,3228.29,3228.61,ETH
2026-01-06 10:17:57+00:00,2026-01-06 10:26:00.226149+00:00,177.0,3228.381,3228.3,3228.61,ETH
2026-01-06 10:17:58+00:00,2026-01-06 10:26:01.215523+00:00,178.0,3228.441,3228.32,3228.61,ETH
2026-01-06 10:17:59+00:00,2026-01-06 10:26:02.236715+00:00,179.0,3228.431,3228.34,3228.62,ETH
2026-01-06 10:18:00+00:00,2026-01-06 10:26:03.257177+00:00,180.0,3228.371,3228.32,3228.58,ETH
2026-01-06 10:18:01+00:00,2026-01-06 10:26:04.245695+00:00,181.0,3228.361,3228.29,3228.54,ETH
2026-01-06 10:18:02+00:00,2026-01-06 10:26:05.279586+00:00,182.0,3228.381,3228.29,3228.57,ETH
2026-01-06 10:18:03+00:00,2026-01-06 10:26:06.278715+00:00,183.0,3228.451,3228.31,3228.66,ETH
2026-01-06 10:18:04+00:00,2026-01-06 10:26:07.281607+00:00,184.0,3228.501,3228.33,3228.72,ETH
2026-01-06 10:18:05+00:00,2026-01-06 10:26:08.306989+00:00,185.0,3228.491,3228.33,3228.72,ETH
2026-01-06 10:18:06+00:00,2026-01-06 10:26:09.313493+00:00,186.0,3228.311,3228.21,3228.62,ETH
2026-01-06 10:18:07+00:00,2026-01-06 10:26:10.330319+00:00,187.0,3228.161,3228.1,3228.51,ETH
2026-01-06 10:18:08+00:00,2026-01-06 10:26:11.348436+00:00,188.0,3228.171,3228.1,3228.54,ETH
2026-01-06 10:18:09+00:00,2026-01-06 10:26:12.363644+00:00,189.0,3228.231,3228.18,3228.61,ETH
2026-01-06 10:18:10+00:00,2026-01-06 10:26:13.347782+00:00,190.0,3228.261,3228.2,3228.61,ETH
2026-01-06 10:18:11+00:00,2026-01-06 10:26:14.364846+00:00,191.0,3228.221,3228.17,3228.58,ETH
2026-01-06 10:18:12+00:00,2026-01-06 10:26:15.364168+00:00,192.0,3228.161,3228.11,3228.48,ETH
2026-01-06 10:18:13+00:00,2026-01-06 10:26:16.382835+00:00,193.0,3228.091,3228.05,3228.38,ETH
2026-01-06 10:18:14+00:00,2026-01-06 10:26:17.393165+00:00,194.0,3228.101,3228.05,3228.38,ETH
2026-01-06 10:18:15+00:00,2026-01-06 10:26:18.394929+00:00,195.0,3228.131,3228.08,3228.38,ETH
2026-01-06 10:18:16+00:00,2026-01-06 10:26:19.393275+00:00,196.0,3228.271,3228.13,3228.43,ETH
2026-01-06 10:18:17+00:00,2026-01-06 10:26:20.399901+00:00,197.0,3228.291,3228.13,3228.43,ETH
2026-01-06 10:18:18+00:00,2026-01-06 10:26:21.410587+00:00,198.0,3228.211,3228.12,3228.38,ETH
2026-01-06 10:18:19+00:00,2026-01-06 10:26:22.414875+00:00,199.0,3228.241,3228.12,3228.38,ETH
2026-01-06 10:18:20+00:00,2026-01-06 10:26:23.413709+00:00,200.0,3228.251,3228.13,3228.49,ETH
2026-01-06 10:18:21+00:00,2026-01-06 10:26:24.413001+00:00,201.0,3228.251,3228.14,3228.6,ETH
2026-01-06 10:18:22+00:00,2026-01-06 10:26:25.416065+00:00,202.0,3228.231,3228.15,3228.45,ETH
2026-01-06 10:18:23+00:00,2026-01-06 10:26:26.414255+00:00,203.0,3228.211,3228.15,3228.29,ETH
2026-01-06 10:18:24+00:00,2026-01-06 10:26:27.447402+00:00,204.0,3228.221,3228.15,3228.29,ETH
2026-01-06 10:18:25+00:00,2026-01-06 10:26:28.484424+00:00,205.0,3228.171,3228.12,3228.29,ETH
2026-01-06 10:18:26+00:00,2026-01-06 10:26:29.482739+00:00,206.0,3228.021,3227.98,3228.29,ETH
2026-01-06 10:18:27+00:00,2026-01-06 10:26:30.496771+00:00,207.0,3227.911,3227.87,3228.29,ETH
2026-01-06 10:18:28+00:00,2026-01-06 10:26:31.517816+00:00,208.0,3227.911,3227.87,3228.29,ETH
2026-01-06 10:18:29+00:00,2026-01-06 10:26:32.511787+00:00,209.0,3227.871,3227.82,3228.35,ETH
2026-01-06 10:18:30+00:00,2026-01-06 10:26:33.510626+00:00,210.0,3227.871,3227.84,3228.29,ETH
2026-01-06 10:18:31+00:00,2026-01-06 10:26:34.532141+00:00,211.0,3227.841,3227.8,3228.28,ETH
2026-01-06 10:18:32+00:00,2026-01-06 10:26:35.530379+00:00,212.0,3227.801,3227.77,3228.25,ETH
2026-01-06 10:18:33+00:00,2026-01-06 10:26:36.548375+00:00,213.0,3227.801,3227.76,3228.22,ETH
2026-01-06 10:18:34+00:00,2026-01-06 10:26:37.563540+00:00,214.0,3227.771,3227.7,3228.11,ETH
2026-01-06 10:18:35+00:00,2026-01-06 10:26:38.578555+00:00,215.0,3227.741,3227.6,3227.9,ETH
2026-01-06 10:18:36+00:00,2026-01-06 10:26:39.597345+00:00,216.0,3227.671,3227.52,3227.73,ETH
2026-01-06 10:18:37+00:00,2026-01-06 10:26:40.590892+00:00,217.0,3227.511,3227.47,3227.69,ETH
2026-01-06 10:18:38+00:00,2026-01-06 10:26:41.596689+00:00,218.0,3227.241,3227.24,3227.36,ETH
2026-01-06 10:18:39+00:00,2026-01-06 10:26:42.606479+00:00,219.0,3227.031,3226.98,3227.25,ETH
2026-01-06 10:18:40+00:00,2026-01-06 10:26:43.608962+00:00,220.0,3226.881,3226.83,3227.1,ETH
2026-01-06 10:18:41+00:00,2026-01-06 10:26:44.625530+00:00,221.0,3227.051,3226.78,3227.1,ETH
2026-01-06 10:18:42+00:00,2026-01-06 10:26:45.633273+00:00,222.0,3227.051,3226.78,3227.1,ETH
2026-01-06 10:18:43+00:00,2026-01-06 10:26:46.624440+00:00,223.0,3227.051,3226.78,3227.1,ETH
2026-01-06 10:18:44+00:00,2026-01-06 10:26:47.623399+00:00,224.0,3226.971,3226.78,3227.08,ETH
2026-01-06 10:18:45+00:00,2026-01-06 10:26:48.626910+00:00,225.0,3227.001,3226.79,3227.1,ETH
2026-01-06 10:18:46+00:00,2026-01-06 10:26:49.644679+00:00,226.0,3227.001,3226.78,3227.09,ETH
2026-01-06 10:18:47+00:00,2026-01-06 10:26:50.656805+00:00,227.0,3226.921,3226.78,3227.09,ETH
2026-01-06 10:18:48+00:00,2026-01-06 10:26:51.663352+00:00,228.0,3226.951,3226.72,3227.05,ETH
2026-01-06 10:18:49+00:00,2026-01-06 10:26:52.662262+00:00,229.0,3226.891,3226.6,3227.03,ETH
2026-01-06 10:18:50+00:00,2026-01-06 10:26:53.661962+00:00,230.0,3226.881,3226.6,3226.98,ETH
2026-01-06 10:18:51+00:00,2026-01-06 10:26:54.672942+00:00,231.0,3226.791,3226.61,3226.97,ETH
2026-01-06 10:18:52+00:00,2026-01-06 10:26:55.675521+00:00,232.0,3226.791,3226.6,3226.94,ETH
2026-01-06 10:18:53+00:00,2026-01-06 10:26:56.690625+00:00,233.0,3226.701,3226.6,3226.93,ETH
2026-01-06 10:18:54+00:00,2026-01-06 10:26:57.696359+00:00,234.0,3226.701,3226.57,3226.94,ETH
2026-01-06 10:18:55+00:00,2026-01-06 10:26:58.697802+00:00,235.0,3226.691,3226.57,3226.91,ETH
2026-01-06 10:18:56+00:00,2026-01-06 10:26:59.708965+00:00,236.0,3226.691,3226.44,3226.78,ETH
2026-01-06 10:18:57+00:00,2026-01-06 10:27:00.724487+00:00,237.0,3226.671,3226.45,3226.73,ETH
2026-01-06 10:18:58+00:00,2026-01-06 10:27:01.739214+00:00,238.0,3226.631,3226.45,3226.68,ETH
2026-01-06 10:18:59+00:00,2026-01-06 10:27:02.745612+00:00,239.0,3226.351,3226.26,3226.45,ETH
2026-01-06 10:19:00+00:00,2026-01-06 10:27:03.755070+00:00,240.0,3226.351,3226.26,3226.44,ETH
2026-01-06 10:19:01+00:00,2026-01-06 10:27:04.760388+00:00,241.0,3226.351,3226.26,3226.43,ETH
2026-01-06 10:19:02+00:00,2026-01-06 10:27:05.771550+00:00,242.0,3226.351,3226.26,3226.42,ETH
2026-01-06 10:19:03+00:00,2026-01-06 10:27:06.778547+00:00,243.0,3225.911,3225.9,3226.11,ETH
2026-01-06 10:19:04+00:00,2026-01-06 10:27:07.839735+00:00,244.0,3225.831,3225.8,3226.06,ETH
2026-01-06 10:19:05+00:00,2026-01-06 10:27:08.826220+00:00,245.0,3225.831,3225.77,3225.96,ETH
2026-01-06 10:19:06+00:00,2026-01-06 10:27:09.841201+00:00,246.0,3225.841,3225.78,3225.95,ETH
2026-01-06 10:19:07+00:00,2026-01-06 10:27:10.825913+00:00,247.0,3225.551,3225.47,3225.68,ETH
2026-01-06 10:19:08+00:00,2026-01-06 10:27:11.825214+00:00,248.0,3225.231,3225.14,3225.45,ETH
2026-01-06 10:19:09+00:00,2026-01-06 10:27:12.837088+00:00,249.0,3225.131,3225.08,3225.39,ETH
2026-01-06 10:19:10+00:00,2026-01-06 10:27:13.850401+00:00,250.0,3225.171,3225.11,3225.32,ETH
2026-01-06 10:19:11+00:00,2026-01-06 10:27:14.844555+00:00,251.0,3225.121,3225.06,3225.36,ETH
2026-01-06 10:19:12+00:00,2026-01-06 10:27:15.854949+00:00,252.0,3225.011,3224.97,3225.41,ETH
2026-01-06 10:19:13+00:00,2026-01-06 10:27:16.861111+00:00,253.0,3224.991,3224.95,3225.41,ETH
2026-01-06 10:19:14+00:00,2026-01-06 10:27:17.973607+00:00,254.0,3224.961,3224.92,3225.29,ETH
2026-01-06 10:19:15+00:00,2026-01-06 10:27:18.979083+00:00,255.0,3224.921,3224.88,3225.17,ETH
2026-01-06 10:19:16+00:00,2026-01-06 10:27:19.994575+00:00,256.0,3224.861,3224.82,3225.15,ETH
2026-01-06 10:19:17+00:00,2026-01-06 10:27:21.008273+00:00,257.0,3224.841,3224.8,3225.15,ETH
2026-01-06 10:19:18+00:00,2026-01-06 10:27:21.993293+00:00,258.0,3224.861,3224.83,3225.1,ETH
2026-01-06 10:19:19+00:00,2026-01-06 10:27:23.007631+00:00,259.0,3224.821,3224.77,3225.1,ETH
2026-01-06 10:19:20+00:00,2026-01-06 10:27:24.006821+00:00,260.0,3224.861,3224.83,3225.02,ETH
2026-01-06 10:19:21+00:00,2026-01-06 10:27:25.011876+00:00,261.0,3224.861,3224.83,3225.02,ETH
2026-01-06 10:19:22+00:00,2026-01-06 10:27:26.023374+00:00,262.0,3224.771,3224.72,3224.85,ETH
2026-01-06 10:19:23+00:00,2026-01-06 10:27:27.028790+00:00,263.0,3224.491,3224.45,3224.85,ETH
2026-01-06 10:19:24+00:00,2026-01-06 10:27:28.041979+00:00,264.0,3224.831,3224.69,3224.86,ETH
2026-01-06 10:19:25+00:00,2026-01-06 10:27:29.056453+00:00,265.0,3224.841,3224.73,3224.84,ETH
2026-01-06 10:19:26+00:00,2026-01-06 10:27:30.060140+00:00,266.0,3224.831,3224.73,3224.85,ETH
2026-01-06 10:19:27+00:00,2026-01-06 10:27:31.078447+00:00,267.0,3224.771,3224.66,3224.84,ETH
2026-01-06 10:19:28+00:00,2026-01-06 10:27:32.080119+00:00,268.0,3224.711,3224.5,3224.76,ETH
2026-01-06 10:19:29+00:00,2026-01-06 10:27:33.087096+00:00,269.0,3224.691,3224.5,3224.72,ETH
2026-01-06 10:19:30+00:00,2026-01-06 10:27:34.079553+00:00,270.0,3224.691,3224.5,3224.75,ETH
2026-01-06 10:19:31+00:00,2026-01-06 10:27:35.091937+00:00,271.0,3224.691,3224.5,3224.7,ETH
2026-01-06 10:19:32+00:00,2026-01-06 10:27:36.109809+00:00,272.0,3224.691,3224.5,3224.7,ETH
2026-01-06 10:19:33+00:00,2026-01-06 10:27:37.106796+00:00,273.0,3224.691,3224.5,3224.69,ETH
2026-01-06 10:19:34+00:00,2026-01-06 10:27:38.122846+00:00,274.0,3224.551,3224.5,3224.65,ETH
2026-01-06 10:19:35+00:00,2026-01-06 10:27:39.119764+00:00,275.0,3224.401,3224.39,3224.62,ETH
2026-01-06 10:19:36+00:00,2026-01-06 10:27:40.147246+00:00,276.0,3224.401,3224.25,3224.48,ETH
2026-01-06 10:19:37+00:00,2026-01-06 10:27:41.144040+00:00,277.0,3224.241,3224.22,3224.39,ETH
2026-01-06 10:19:38+00:00,2026-01-06 10:27:42.143672+00:00,278.0,3223.941,3223.94,3223.95,ETH
2026-01-06 10:19:39+00:00,2026-01-06 10:27:43.221946+00:00,279.0,3223.941,3223.65,3223.99,ETH
2026-01-06 10:19:40+00:00,2026-01-06 10:27:44.191667+00:00,280.0,3223.931,3223.65,3224.03,ETH
2026-01-06 10:19:41+00:00,2026-01-06 10:27:45.188426+00:00,281.0,3223.931,3223.65,3224.02,ETH
2026-01-06 10:19:42+00:00,2026-01-06 10:27:46.202015+00:00,282.0,3223.861,3223.68,3223.95,ETH
2026-01-06 10:19:43+00:00,2026-01-06 10:27:47.229757+00:00,283.0,3223.871,3223.71,3223.95,ETH
2026-01-06 10:19:44+00:00,2026-01-06 10:27:48.229649+00:00,284.0,3223.641,3223.6,3223.95,ETH
2026-01-06 10:19:45+00:00,2026-01-06 10:27:49.236314+00:00,285.0,3223.881,3223.66,3223.97,ETH
2026-01-06 10:19:46+00:00,2026-01-06 10:27:50.226296+00:00,286.0,3223.851,3223.79,3224.0,ETH
2026-01-06 10:19:47+00:00,2026-01-06 10:27:51.225968+00:00,287.0,3223.891,3223.78,3224.0,ETH
2026-01-06 10:19:48+00:00,2026-01-06 10:27:52.225846+00:00,288.0,3223.861,3223.78,3224.0,ETH
2026-01-06 10:19:49+00:00,2026-01-06 10:27:53.240321+00:00,289.0,3224.101,3223.85,3224.28,ETH
2026-01-06 10:19:50+00:00,2026-01-06 10:27:54.241308+00:00,290.0,3224.101,3223.85,3224.21,ETH
2026-01-06 10:19:51+00:00,2026-01-06 10:27:55.236170+00:00,291.0,3223.991,3223.85,3224.19,ETH
2026-01-06 10:19:52+00:00,2026-01-06 10:27:56.240872+00:00,292.0,3223.941,3223.84,3224.25,ETH
2026-01-06 10:19:53+00:00,2026-01-06 10:27:57.246591+00:00,293.0,3223.931,3223.84,3224.0,ETH
2026-01-06 10:19:54+00:00,2026-01-06 10:27:58.279245+00:00,294.0,3223.921,3223.84,3224.0,ETH
2026-01-06 10:19:55+00:00,2026-01-06 10:27:59.276932+00:00,295.0,3223.901,3223.84,3224.0,ETH
2026-01-06 10:19:56+00:00,2026-01-06 10:28:00.291467+00:00,296.0,3223.911,3223.85,3224.0,ETH
2026-01-06 10:19:57+00:00,2026-01-06 10:28:01.293603+00:00,297.0,3224.001,3223.87,3224.28,ETH
2026-01-06 10:19:58+00:00,2026-01-06 10:28:02.293752+00:00,298.0,3224.111,3223.87,3224.34,ETH
2026-01-06 10:19:59+00:00,2026-01-06 10:28:03.307949+00:00,299.0,3224.391,3224.12,3224.53,ETH
2026-01-06 10:20:00+00:00,2026-01-06 10:28:04.320434+00:00,300.0,3224.401,3224.26,3224.66,ETH
2026-01-06 10:20:01+00:00,2026-01-06 10:28:05.324676+00:00,301.0,3224.561,3224.35,3224.77,ETH
2026-01-06 10:20:02+00:00,2026-01-06 10:28:06.338042+00:00,302.0,3224.611,3224.35,3224.82,ETH
2026-01-06 10:20:03+00:00,2026-01-06 10:28:07.338824+00:00,303.0,3224.641,3224.35,3224.86,ETH
2026-01-06 10:20:04+00:00,2026-01-06 10:28:08.360214+00:00,304.0,3224.751,3224.49,3225.0,ETH
2026-01-06 10:20:05+00:00,2026-01-06 10:28:09.376263+00:00,305.0,3224.881,3224.66,3225.0,ETH
2026-01-06 10:20:06+00:00,2026-01-06 10:28:10.390809+00:00,306.0,3224.921,3224.67,3224.96,ETH
2026-01-06 10:20:07+00:00,2026-01-06 10:28:11.409413+00:00,307.0,3224.911,3224.67,3224.96,ETH
2026-01-06 10:20:08+00:00,2026-01-06 10:28:12.423799+00:00,308.0,3224.941,3224.68,3225.0,ETH
2026-01-06 10:20:09+00:00,2026-01-06 10:28:13.409797+00:00,309.0,3224.951,3224.69,3225.08,ETH
2026-01-06 10:20:10+00:00,2026-01-06 10:28:14.423892+00:00,310.0,3224.901,3224.69,3224.96,ETH
2026-01-06 10:20:11+00:00,2026-01-06 10:28:15.424483+00:00,311.0,3224.941,3224.68,3225.09,ETH
2026-01-06 10:20:12+00:00,2026-01-06 10:28:16.438698+00:00,312.0,3224.941,3224.68,3224.99,ETH
2026-01-06 10:20:13+00:00,2026-01-06 10:28:17.442811+00:00,313.0,3224.861,3224.58,3224.9,ETH
2026-01-06 10:20:14+00:00,2026-01-06 10:28:18.462463+00:00,314.0,3224.751,3224.58,3224.9,ETH
2026-01-06 10:20:15+00:00,2026-01-06 10:28:19.473681+00:00,315.0,3224.511,3224.5,3224.9,ETH
2026-01-06 10:20:16+00:00,2026-01-06 10:28:20.474469+00:00,316.0,3224.351,3224.28,3224.51,ETH
2026-01-06 10:20:17+00:00,2026-01-06 10:28:21.474279+00:00,317.0,3224.331,3224.26,3224.51,ETH
2026-01-06 10:20:18+00:00,2026-01-06 10:28:22.476297+00:00,318.0,3224.311,3224.24,3224.51,ETH
2026-01-06 10:20:19+00:00,2026-01-06 10:28:23.472418+00:00,319.0,3224.311,3224.24,3224.51,ETH
2026-01-06 10:20:20+00:00,2026-01-06 10:28:24.486137+00:00,320.0,3224.331,3224.24,3224.51,ETH
2026-01-06 10:20:21+00:00,2026-01-06 10:28:25.489912+00:00,321.0,3224.301,3224.21,3224.51,ETH
2026-01-06 10:20:22+00:00,2026-01-06 10:28:26.493087+00:00,322.0,3224.351,3224.23,3224.51,ETH
2026-01-06 10:20:23+00:00,2026-01-06 10:28:27.510412+00:00,323.0,3224.351,3224.25,3224.51,ETH
2026-01-06 10:20:24+00:00,2026-01-06 10:28:28.526285+00:00,324.0,3224.551,3224.38,3224.72,ETH
2026-01-06 10:20:25+00:00,2026-01-06 10:28:29.523026+00:00,325.0,3224.641,3224.38,3224.77,ETH
2026-01-06 10:20:26+00:00,2026-01-06 10:28:30.540894+00:00,326.0,3224.711,3224.41,3224.81,ETH
2026-01-06 10:20:27+00:00,2026-01-06 10:28:31.544270+00:00,327.0,3224.731,3224.57,3224.8,ETH
2026-01-06 10:20:28+00:00,2026-01-06 10:28:32.561391+00:00,328.0,3224.901,3224.66,3224.98,ETH
2026-01-06 10:20:29+00:00,2026-01-06 10:28:33.572296+00:00,329.0,3224.921,3224.66,3224.97,ETH
2026-01-06 10:20:30+00:00,2026-01-06 10:28:34.558738+00:00,330.0,3224.941,3224.73,3225.12,ETH
2026-01-06 10:20:31+00:00,2026-01-06 10:28:36.571418+00:00,331.0,3225.201,3225.01,3225.27,ETH
2026-01-06 10:20:32+00:00,2026-01-06 10:28:37.586449+00:00,332.0,3225.221,3225.01,3225.27,ETH
2026-01-06 10:20:33+00:00,2026-01-06 10:28:38.575429+00:00,333.0,3225.241,3225.02,3225.29,ETH
2026-01-06 10:20:34+00:00,2026-01-06 10:28:39.573743+00:00,334.0,3225.271,3225.02,3225.43,ETH
2026-01-06 10:20:35+00:00,2026-01-06 10:28:40.590305+00:00,335.0,3225.191,3225.01,3225.41,ETH
2026-01-06 10:20:36+00:00,2026-01-06 10:28:41.582137+00:00,336.0,3225.181,3225.0,3225.3,ETH
2026-01-06 10:20:37+00:00,2026-01-06 10:28:42.589365+00:00,337.0,3225.221,3224.96,3225.3,ETH
2026-01-06 10:20:38+00:00,2026-01-06 10:28:43.600534+00:00,338.0,3225.211,3224.95,3225.34,ETH
2026-01-06 10:20:39+00:00,2026-01-06 10:28:44.601815+00:00,339.0,3225.221,3224.95,3225.34,ETH
2026-01-06 10:20:40+00:00,2026-01-06 10:28:45.608660+00:00,340.0,3225.231,3224.98,3225.28,ETH
2026-01-06 10:20:41+00:00,2026-01-06 10:28:46.619707+00:00,341.0,3225.241,3225.02,3225.28,ETH
2026-01-06 10:20:42+00:00,2026-01-06 10:28:47.635721+00:00,342.0,3225.231,3225.02,3225.37,ETH
2026-01-06 10:20:43+00:00,2026-01-06 10:28:48.648869+00:00,343.0,3225.181,3224.99,3225.37,ETH
2026-01-06 10:20:44+00:00,2026-01-06 10:28:49.646040+00:00,344.0,3225.161,3225.01,3225.26,ETH
2026-01-06 10:20:45+00:00,2026-01-06 10:28:50.640271+00:00,345.0,3225.051,3224.95,3225.14,ETH
2026-01-06 10:20:46+00:00,2026-01-06 10:28:51.648828+00:00,346.0,3224.861,3224.78,3224.91,ETH
2026-01-06 10:20:48+00:00,2026-01-06 10:28:52.700235+00:00,348.0,3224.681,3224.56,3224.99,ETH
2026-01-06 10:20:49+00:00,2026-01-06 10:28:53.716257+00:00,349.0,3224.681,3224.56,3225.0,ETH
2026-01-06 10:20:50+00:00,2026-01-06 10:28:54.699052+00:00,350.0,3224.981,3224.79,3225.08,ETH
2026-01-06 10:20:51+00:00,2026-01-06 10:28:55.714996+00:00,351.0,3224.981,3224.78,3225.08,ETH
2026-01-06 10:20:52+00:00,2026-01-06 10:28:56.712663+00:00,352.0,3224.921,3224.84,3224.98,ETH
2026-01-06 10:20:53+00:00,2026-01-06 10:28:57.704160+00:00,353.0,3224.951,3224.88,3224.99,ETH
2026-01-06 10:20:54+00:00,2026-01-06 10:28:58.722124+00:00,354.0,3224.931,3224.88,3224.98,ETH
2026-01-06 10:20:55+00:00,2026-01-06 10:28:59.716905+00:00,355.0,3224.981,3224.88,3225.03,ETH
2026-01-06 10:20:56+00:00,2026-01-06 10:29:00.775253+00:00,356.0,3225.031,3224.94,3225.35,ETH
2026-01-06 10:20:57+00:00,2026-01-06 10:29:01.781335+00:00,357.0,3225.161,3224.94,3225.43,ETH
2026-01-06 10:20:58+00:00,2026-01-06 10:29:02.773377+00:00,358.0,3225.161,3224.94,3225.27,ETH
2026-01-06 10:20:59+00:00,2026-01-06 10:29:03.784312+00:00,359.0,3225.091,3224.95,3225.23,ETH
2026-01-06 10:21:00+00:00,2026-01-06 10:29:04.784339+00:00,360.0,3225.191,3224.96,3225.27,ETH
2026-01-06 10:21:01+00:00,2026-01-06 10:29:05.791471+00:00,361.0,3225.201,3224.96,3225.29,ETH
2026-01-06 10:21:02+00:00,2026-01-06 10:29:06.799730+00:00,362.0,3225.091,3224.96,3225.27,ETH
2026-01-06 10:21:03+00:00,2026-01-06 10:29:07.805942+00:00,363.0,3225.181,3224.95,3225.28,ETH
2026-01-06 10:21:04+00:00,2026-01-06 10:29:08.817994+00:00,364.0,3224.771,3224.75,3224.85,ETH
2026-01-06 10:21:05+00:00,2026-01-06 10:29:09.802197+00:00,365.0,3224.791,3224.61,3224.85,ETH
2026-01-06 10:21:06+00:00,2026-01-06 10:29:10.809140+00:00,366.0,3224.841,3224.61,3224.89,ETH
2026-01-06 10:21:07+00:00,2026-01-06 10:29:11.816023+00:00,367.0,3224.781,3224.59,3224.9,ETH
2026-01-06 10:21:08+00:00,2026-01-06 10:29:12.825075+00:00,368.0,3224.781,3224.6,3224.85,ETH
2026-01-06 10:21:09+00:00,2026-01-06 10:29:13.823834+00:00,369.0,3224.761,3224.6,3224.85,ETH
2026-01-06 10:21:10+00:00,2026-01-06 10:29:14.822258+00:00,370.0,3224.751,3224.6,3224.85,ETH
2026-01-06 10:21:11+00:00,2026-01-06 10:29:15.837511+00:00,371.0,3224.691,3224.62,3224.82,ETH
2026-01-06 10:21:12+00:00,2026-01-06 10:29:16.840805+00:00,372.0,3224.731,3224.62,3225.12,ETH
2026-01-06 10:21:13+00:00,2026-01-06 10:29:17.851767+00:00,373.0,3224.881,3224.8,3224.97,ETH
2026-01-06 10:21:14+00:00,2026-01-06 10:29:18.839862+00:00,374.0,3224.861,3224.82,3224.97,ETH
2026-01-06 10:21:15+00:00,2026-01-06 10:29:19.854561+00:00,375.0,3224.891,3224.82,3224.97,ETH
2026-01-06 10:21:16+00:00,2026-01-06 10:29:20.851632+00:00,376.0,3224.891,3224.82,3224.97,ETH
2026-01-06 10:21:17+00:00,2026-01-06 10:29:21.852394+00:00,377.0,3224.911,3224.82,3224.97,ETH
2026-01-06 10:21:18+00:00,2026-01-06 10:29:22.835741+00:00,378.0,3224.911,3224.82,3224.97,ETH
2026-01-06 10:21:19+00:00,2026-01-06 10:29:23.855063+00:00,379.0,3224.901,3224.82,3224.97,ETH
2026-01-06 10:21:20+00:00,2026-01-06 10:29:24.872419+00:00,380.0,3224.701,3224.69,3224.78,ETH
2026-01-06 10:21:21+00:00,2026-01-06 10:29:25.889230+00:00,381.0,3224.681,3224.64,3224.73,ETH
2026-01-06 10:21:22+00:00,2026-01-06 10:29:27.903091+00:00,382.0,3224.401,3224.39,3224.67,ETH
2026-01-06 10:21:23+00:00,2026-01-06 10:29:28.986067+00:00,383.0,3224.381,3224.35,3224.69,ETH
2026-01-06 10:21:24+00:00,2026-01-06 10:29:30.042229+00:00,384.0,3224.371,3224.32,3224.56,ETH
2026-01-06 10:21:25+00:00,2026-01-06 10:29:31.039765+00:00,385.0,3224.381,3224.32,3224.43,ETH
2026-01-06 10:21:26+00:00,2026-01-06 10:29:32.022842+00:00,386.0,3224.391,3224.31,3224.48,ETH
2026-01-06 10:21:27+00:00,2026-01-06 10:29:33.036340+00:00,387.0,3224.391,3224.3,3224.53,ETH
2026-01-06 10:21:28+00:00,2026-01-06 10:29:34.025631+00:00,388.0,3224.321,3224.28,3224.51,ETH
2026-01-06 10:21:29+00:00,2026-01-06 10:29:35.054155+00:00,389.0,3224.121,3224.09,3224.32,ETH
2026-01-06 10:21:30+00:00,2026-01-06 10:29:36.069744+00:00,390.0,3223.961,3223.93,3224.14,ETH
2026-01-06 10:21:31+00:00,2026-01-06 10:29:37.067058+00:00,391.0,3223.951,3223.94,3224.12,ETH
2026-01-06 10:21:32+00:00,2026-01-06 10:29:38.063522+00:00,392.0,3223.951,3223.92,3224.11,ETH
2026-01-06 10:21:33+00:00,2026-01-06 10:29:39.085119+00:00,393.0,3223.951,3223.91,3224.12,ETH
2026-01-06 10:21:34+00:00,2026-01-06 10:29:40.086482+00:00,394.0,3224.101,3223.99,3224.26,ETH
2026-01-06 10:21:35+00:00,2026-01-06 10:29:41.093592+00:00,395.0,3224.261,3224.06,3224.43,ETH
2026-01-06 10:21:36+00:00,2026-01-06 10:29:42.112753+00:00,396.0,3224.331,3224.11,3224.5,ETH
2026-01-06 10:21:37+00:00,2026-01-06 10:29:43.125312+00:00,397.0,3224.401,3224.18,3224.55,ETH
2026-01-06 10:21:38+00:00,2026-01-06 10:29:44.133684+00:00,398.0,3224.431,3224.2,3224.54,ETH
2026-01-06 10:21:40+00:00,2026-01-06 10:29:45.179855+00:00,400.0,3224.431,3224.21,3224.58,ETH
2026-01-06 10:21:41+00:00,2026-01-06 10:29:46.136491+00:00,401.0,3224.441,3224.22,3224.58,ETH
2026-01-06 10:21:42+00:00,2026-01-06 10:29:47.210523+00:00,402.0,3224.451,3224.23,3224.56,ETH
2026-01-06 10:21:43+00:00,2026-01-06 10:29:48.172676+00:00,403.0,3224.451,3224.23,3224.59,ETH
2026-01-06 10:21:44+00:00,2026-01-06 10:29:49.195303+00:00,404.0,3224.451,3224.23,3224.59,ETH
2026-01-06 10:21:45+00:00,2026-01-06 10:29:50.201331+00:00,405.0,3224.451,3224.23,3224.64,ETH
2026-01-06 10:21:46+00:00,2026-01-06 10:29:51.194306+00:00,406.0,3224.451,3224.23,3224.68,ETH
2026-01-06 10:21:47+00:00,2026-01-06 10:29:53.164857+00:00,407.0,3224.751,3224.58,3224.92,ETH
2026-01-06 10:21:48+00:00,2026-01-06 10:29:54.171104+00:00,408.0,3224.901,3224.72,3225.1,ETH
2026-01-06 10:21:49+00:00,2026-01-06 10:29:55.188858+00:00,409.0,3224.981,3224.86,3225.14,ETH
2026-01-06 10:21:50+00:00,2026-01-06 10:29:56.207122+00:00,410.0,3224.981,3224.9,3225.09,ETH
2026-01-06 10:21:51+00:00,2026-01-06 10:29:57.201439+00:00,411.0,3224.981,3224.9,3225.16,ETH
2026-01-06 10:21:52+00:00,2026-01-06 10:29:58.224269+00:00,412.0,3224.981,3224.9,3225.2,ETH
2026-01-06 10:21:53+00:00,2026-01-06 10:29:59.214897+00:00,413.0,3224.981,3224.9,3225.16,ETH
2026-01-06 10:21:54+00:00,2026-01-06 10:30:00.222346+00:00,414.0,3224.981,3224.9,3225.11,ETH
2026-01-06 10:21:56+00:00,2026-01-06 10:30:01.247263+00:00,416.0,3224.901,3224.89,3225.18,ETH
2026-01-06 10:21:57+00:00,2026-01-06 10:30:02.282177+00:00,417.0,3224.901,3224.89,3224.95,ETH
2026-01-06 10:21:58+00:00,2026-01-06 10:30:03.295241+00:00,418.0,3224.901,3224.89,3225.08,ETH
2026-01-06 10:21:59+00:00,2026-01-06 10:30:04.271791+00:00,419.0,3224.901,3224.89,3225.11,ETH
2026-01-06 10:22:00+00:00,2026-01-06 10:30:05.267741+00:00,420.0,3224.901,3224.89,3225.16,ETH
2026-01-06 10:22:01+00:00,2026-01-06 10:30:06.274237+00:00,421.0,3224.901,3224.89,3225.19,ETH
2026-01-06 10:22:02+00:00,2026-01-06 10:30:07.278715+00:00,422.0,3224.901,3224.89,3225.19,ETH
2026-01-06 10:22:03+00:00,2026-01-06 10:30:08.275792+00:00,423.0,3224.901,3224.89,3225.19,ETH
2026-01-06 10:22:04+00:00,2026-01-06 10:30:09.281136+00:00,424.0,3224.901,3224.89,3225.18,ETH
2026-01-06 10:22:05+00:00,2026-01-06 10:30:10.281899+00:00,425.0,3224.901,3224.89,3225.15,ETH
2026-01-06 10:22:06+00:00,2026-01-06 10:30:11.282334+00:00,426.0,3224.911,3224.88,3224.98,ETH
2026-01-06 10:22:07+00:00,2026-01-06 10:30:12.282007+00:00,427.0,3225.031,3224.81,3225.26,ETH
2026-01-06 10:22:08+00:00,2026-01-06 10:30:13.304119+00:00,428.0,3225.171,3224.89,3225.27,ETH
2026-01-06 10:22:09+00:00,2026-01-06 10:30:14.314760+00:00,429.0,3225.251,3225.04,3225.46,ETH
2026-01-06 10:22:10+00:00,2026-01-06 10:30:16.317267+00:00,430.0,3225.341,3225.12,3225.55,ETH
2026-01-06 10:22:11+00:00,2026-01-06 10:30:17.321100+00:00,431.0,3225.391,3225.15,3225.57,ETH
2026-01-06 10:22:12+00:00,2026-01-06 10:30:18.350205+00:00,432.0,3225.431,3225.24,3225.6,ETH
2026-01-06 10:22:13+00:00,2026-01-06 10:30:19.351036+00:00,433.0,3225.601,3225.39,3225.75,ETH
2026-01-06 10:22:14+00:00,2026-01-06 10:30:20.349792+00:00,434.0,3225.731,3225.5,3225.88,ETH
2026-01-06 10:22:15+00:00,2026-01-06 10:30:21.361048+00:00,435.0,3225.731,3225.53,3225.94,ETH
2026-01-06 10:22:16+00:00,2026-01-06 10:30:22.352460+00:00,436.0,3225.731,3225.55,3225.99,ETH
2026-01-06 10:22:17+00:00,2026-01-06 10:30:23.354810+00:00,437.0,3225.731,3225.54,3225.97,ETH
2026-01-06 10:22:18+00:00,2026-01-06 10:30:24.357578+00:00,438.0,3225.731,3225.52,3225.94,ETH
2026-01-06 10:22:19+00:00,2026-01-06 10:30:25.356446+00:00,439.0,3225.721,3225.52,3225.94,ETH
2026-01-06 10:22:20+00:00,2026-01-06 10:30:26.375023+00:00,440.0,3225.721,3225.48,3225.94,ETH
2026-01-06 10:22:21+00:00,2026-01-06 10:30:27.365982+00:00,441.0,3225.721,3225.45,3225.93,ETH
2026-01-06 10:22:22+00:00,2026-01-06 10:30:28.370157+00:00,442.0,3225.721,3225.45,3225.91,ETH
2026-01-06 10:22:23+00:00,2026-01-06 10:30:29.368880+00:00,443.0,3225.721,3225.45,3225.91,ETH
2026-01-06 10:22:24+00:00,2026-01-06 10:30:30.383002+00:00,444.0,3225.721,3225.45,3225.9,ETH
2026-01-06 10:22:25+00:00,2026-01-06 10:30:31.357887+00:00,445.0,3225.721,3225.45,3225.93,ETH
2026-01-06 10:22:26+00:00,2026-01-06 10:30:32.374590+00:00,446.0,3225.721,3225.45,3225.94,ETH
2026-01-06 10:22:27+00:00,2026-01-06 10:30:33.383004+00:00,447.0,3225.741,3225.48,3225.96,ETH
2026-01-06 10:22:28+00:00,2026-01-06 10:30:34.384150+00:00,448.0,3225.761,3225.51,3226.01,ETH
2026-01-06 10:22:29+00:00,2026-01-06 10:30:35.373799+00:00,449.0,3225.761,3225.5,3226.02,ETH
2026-01-06 10:22:30+00:00,2026-01-06 10:30:36.389268+00:00,450.0,3225.761,3225.5,3225.9,ETH
2026-01-06 10:22:31+00:00,2026-01-06 10:30:37.400713+00:00,451.0,3225.761,3225.5,3225.8,ETH
2026-01-06 10:22:32+00:00,2026-01-06 10:30:38.417400+00:00,452.0,3225.671,3225.49,3225.77,ETH
2026-01-06 10:22:33+00:00,2026-01-06 10:30:39.419040+00:00,453.0,3225.561,3225.38,3225.76,ETH
2026-01-06 10:22:34+00:00,2026-01-06 10:30:40.432770+00:00,454.0,3225.541,3225.29,3225.78,ETH
2026-01-06 10:22:35+00:00,2026-01-06 10:30:41.420248+00:00,455.0,3225.531,3225.29,3225.76,ETH
2026-01-06 10:22:36+00:00,2026-01-06 10:30:42.438677+00:00,456.0,3225.531,3225.29,3225.76,ETH
2026-01-06 10:22:37+00:00,2026-01-06 10:30:43.450739+00:00,457.0,3225.531,3225.29,3225.76,ETH
2026-01-06 10:22:38+00:00,2026-01-06 10:30:44.454073+00:00,458.0,3225.621,3225.38,3225.81,ETH
2026-01-06 10:22:39+00:00,2026-01-06 10:30:45.466680+00:00,459.0,3225.641,3225.4,3225.82,ETH
2026-01-06 10:22:40+00:00,2026-01-06 10:30:46.471540+00:00,460.0,3225.641,3225.39,3225.81,ETH
2026-01-06 10:22:41+00:00,2026-01-06 10:30:47.502809+00:00,461.0,3225.621,3225.38,3225.88,ETH
2026-01-06 10:22:42+00:00,2026-01-06 10:30:48.496506+00:00,462.0,3225.621,3225.38,3225.88,ETH
2026-01-06 10:22:43+00:00,2026-01-06 10:30:49.499031+00:00,463.0,3225.631,3225.38,3225.88,ETH
2026-01-06 10:22:44+00:00,2026-01-06 10:30:50.517743+00:00,464.0,3225.631,3225.38,3225.88,ETH
2026-01-06 10:22:45+00:00,2026-01-06 10:30:51.535740+00:00,465.0,3225.641,3225.48,3225.75,ETH
2026-01-06 10:22:46+00:00,2026-01-06 10:30:52.533979+00:00,466.0,3225.681,3225.48,3226.03,ETH
2026-01-06 10:22:47+00:00,2026-01-06 10:30:53.550227+00:00,467.0,3226.781,3226.51,3227.06,ETH
2026-01-06 10:22:48+00:00,2026-01-06 10:30:54.550899+00:00,468.0,3226.781,3226.5,3227.0,ETH
2026-01-06 10:22:49+00:00,2026-01-06 10:30:55.547868+00:00,469.0,3226.711,3226.42,3226.94,ETH
2026-01-06 10:22:50+00:00,2026-01-06 10:30:56.552784+00:00,470.0,3226.711,3226.43,3226.87,ETH
2026-01-06 10:22:51+00:00,2026-01-06 10:30:57.551355+00:00,471.0,3226.711,3226.43,3226.89,ETH
2026-01-06 10:22:52+00:00,2026-01-06 10:30:58.549240+00:00,472.0,3226.711,3226.43,3226.89,ETH
2026-01-06 10:22:53+00:00,2026-01-06 10:30:59.566097+00:00,473.0,3226.711,3226.43,3226.91,ETH
2026-01-06 10:22:54+00:00,2026-01-06 10:31:00.577051+00:00,474.0,3226.721,3226.44,3226.86,ETH
2026-01-06 10:22:55+00:00,2026-01-06 10:31:01.569310+00:00,475.0,3226.711,3226.43,3226.89,ETH
2026-01-06 10:22:56+00:00,2026-01-06 10:31:02.566084+00:00,476.0,3226.711,3226.43,3226.87,ETH
2026-01-06 10:22:57+00:00,2026-01-06 10:31:03.565051+00:00,477.0,3226.711,3226.44,3226.92,ETH
2026-01-06 10:22:58+00:00,2026-01-06 10:31:04.568720+00:00,478.0,3226.711,3226.44,3226.91,ETH
2026-01-06 10:22:59+00:00,2026-01-06 10:31:05.565943+00:00,479.0,3226.711,3226.44,3226.9,ETH
2026-01-06 10:23:00+00:00,2026-01-06 10:31:06.567211+00:00,480.0,3226.711,3226.44,3226.93,ETH
2026-01-06 10:23:01+00:00,2026-01-06 10:31:07.571789+00:00,481.0,3227.021,3226.78,3227.21,ETH
2026-01-06 10:23:02+00:00,2026-01-06 10:31:08.580576+00:00,482.0,3227.051,3226.79,3227.21,ETH
2026-01-06 10:23:03+00:00,2026-01-06 10:31:09.588128+00:00,483.0,3227.081,3226.81,3227.21,ETH
2026-01-06 10:23:04+00:00,2026-01-06 10:31:10.618444+00:00,484.0,3227.101,3226.82,3227.21,ETH
2026-01-06 10:23:05+00:00,2026-01-06 10:31:11.603608+00:00,485.0,3227.071,3226.82,3227.22,ETH
2026-01-06 10:23:06+00:00,2026-01-06 10:31:12.615979+00:00,486.0,3227.071,3226.82,3227.22,ETH
2026-01-06 10:23:07+00:00,2026-01-06 10:31:13.600246+00:00,487.0,3227.311,3227.06,3227.55,ETH
2026-01-06 10:23:08+00:00,2026-01-06 10:31:14.596832+00:00,488.0,3227.331,3227.07,3227.65,ETH
2026-01-06 10:23:09+00:00,2026-01-06 10:31:15.606901+00:00,489.0,3227.601,3227.41,3227.82,ETH
2026-01-06 10:23:10+00:00,2026-01-06 10:31:16.614069+00:00,490.0,3227.611,3227.41,3227.82,ETH
2026-01-06 10:23:11+00:00,2026-01-06 10:31:17.629113+00:00,491.0,3227.611,3227.44,3227.82,ETH
2026-01-06 10:23:12+00:00,2026-01-06 10:31:18.615544+00:00,492.0,3227.801,3227.54,3227.97,ETH
2026-01-06 10:23:13+00:00,2026-01-06 10:31:19.617769+00:00,493.0,3227.801,3227.56,3227.97,ETH
2026-01-06 10:23:14+00:00,2026-01-06 10:31:20.698614+00:00,494.0,3227.821,3227.56,3228.03,ETH
2026-01-06 10:23:15+00:00,2026-01-06 10:31:21.714541+00:00,495.0,3227.891,3227.65,3228.08,ETH
2026-01-06 10:23:16+00:00,2026-01-06 10:31:22.718649+00:00,496.0,3227.951,3227.7,3228.12,ETH
2026-01-06 10:23:17+00:00,2026-01-06 10:31:23.722975+00:00,497.0,3227.971,3227.72,3228.22,ETH
2026-01-06 10:23:18+00:00,2026-01-06 10:31:24.732146+00:00,498.0,3227.971,3227.73,3228.24,ETH
2026-01-06 10:23:19+00:00,2026-01-06 10:31:25.735887+00:00,499.0,3227.901,3227.73,3228.24,ETH
2026-01-06 10:23:20+00:00,2026-01-06 10:31:26.791513+00:00,500.0,3227.911,3227.73,3228.23,ETH
2026-01-06 10:23:21+00:00,2026-01-06 10:31:27.783894+00:00,501.0,3227.921,3227.73,3228.23,ETH
2026-01-06 10:23:22+00:00,2026-01-06 10:31:28.793235+00:00,502.0,3227.991,3227.74,3228.24,ETH
2026-01-06 10:23:23+00:00,2026-01-06 10:31:29.795509+00:00,503.0,3227.991,3227.74,3228.25,ETH
2026-01-06 10:23:24+00:00,2026-01-06 10:31:30.796811+00:00,504.0,3227.971,3227.78,3228.23,ETH
2026-01-06 10:23:25+00:00,2026-01-06 10:31:31.801835+00:00,505.0,3227.951,3227.81,3228.2,ETH
2026-01-06 10:23:26+00:00,2026-01-06 10:31:32.799998+00:00,506.0,3227.941,3227.81,3228.2,ETH
2026-01-06 10:23:27+00:00,2026-01-06 10:31:33.804508+00:00,507.0,3227.941,3227.82,3228.2,ETH
2026-01-06 10:23:28+00:00,2026-01-06 10:31:34.808072+00:00,508.0,3227.931,3227.78,3228.2,ETH
2026-01-06 10:23:29+00:00,2026-01-06 10:31:35.815263+00:00,509.0,3227.931,3227.78,3228.2,ETH
2026-01-06 10:23:30+00:00,2026-01-06 10:31:36.819924+00:00,510.0,3227.971,3227.78,3228.2,ETH
2026-01-06 10:23:31+00:00,2026-01-06 10:31:37.832059+00:00,511.0,3227.971,3227.8,3228.23,ETH
2026-01-06 10:23:32+00:00,2026-01-06 10:31:38.833375+00:00,512.0,3227.811,3227.71,3228.23,ETH
2026-01-06 10:23:33+00:00,2026-01-06 10:31:39.832936+00:00,513.0,3227.811,3227.71,3228.23,ETH
2026-01-06 10:23:34+00:00,2026-01-06 10:31:40.830147+00:00,514.0,3227.971,3227.8,3228.23,ETH
2026-01-06 10:23:35+00:00,2026-01-06 10:31:41.831043+00:00,515.0,3227.971,3227.77,3228.23,ETH
2026-01-06 10:23:36+00:00,2026-01-06 10:31:42.837222+00:00,516.0,3227.971,3227.78,3228.24,ETH
2026-01-06 10:23:37+00:00,2026-01-06 10:31:43.833955+00:00,517.0,3227.861,3227.73,3228.16,ETH
2026-01-06 10:23:38+00:00,2026-01-06 10:31:44.833274+00:00,518.0,3227.871,3227.59,3228.07,ETH
2026-01-06 10:23:39+00:00,2026-01-06 10:31:45.831991+00:00,519.0,3227.871,3227.6,3228.03,ETH
2026-01-06 10:23:40+00:00,2026-01-06 10:31:46.831727+00:00,520.0,3227.811,3227.57,3227.94,ETH
2026-01-06 10:23:41+00:00,2026-01-06 10:31:47.836698+00:00,521.0,3227.771,3227.58,3227.94,ETH
2026-01-06 10:23:42+00:00,2026-01-06 10:31:48.848549+00:00,522.0,3227.701,3227.58,3227.99,ETH
2026-01-06 10:23:43+00:00,2026-01-06 10:31:49.883277+00:00,523.0,3227.701,3227.58,3227.99,ETH
2026-01-06 10:23:44+00:00,2026-01-06 10:31:50.912275+00:00,524.0,3227.761,3227.57,3228.05,ETH
2026-01-06 10:23:45+00:00,2026-01-06 10:31:51.914572+00:00,525.0,3227.731,3227.56,3227.98,ETH
2026-01-06 10:23:46+00:00,2026-01-06 10:31:52.915691+00:00,526.0,3227.771,3227.56,3227.99,ETH
2026-01-06 10:23:47+00:00,2026-01-06 10:31:53.932781+00:00,527.0,3227.801,3227.56,3227.99,ETH
2026-01-06 10:23:48+00:00,2026-01-06 10:31:54.948711+00:00,528.0,3227.841,3227.56,3228.0,ETH
2026-01-06 10:23:49+00:00,2026-01-06 10:31:55.950375+00:00,529.0,3227.781,3227.57,3228.01,ETH
2026-01-06 10:23:50+00:00,2026-01-06 10:31:57.983417+00:00,530.0,3227.781,3227.56,3228.01,ETH
2026-01-06 10:23:51+00:00,2026-01-06 10:31:58.980527+00:00,531.0,3227.791,3227.55,3228.01,ETH
2026-01-06 10:23:52+00:00,2026-01-06 10:31:59.982456+00:00,532.0,3227.781,3227.53,3228.01,ETH
2026-01-06 10:23:53+00:00,2026-01-06 10:32:01.006360+00:00,533.0,3227.751,3227.54,3228.01,ETH
2026-01-06 10:23:54+00:00,2026-01-06 10:32:01.996622+00:00,534.0,3227.761,3227.54,3228.01,ETH
2026-01-06 10:23:55+00:00,2026-01-06 10:32:03.030415+00:00,535.0,3227.791,3227.56,3228.03,ETH
2026-01-06 10:23:56+00:00,2026-01-06 10:32:04.014227+00:00,536.0,3227.821,3227.57,3228.03,ETH
2026-01-06 10:23:57+00:00,2026-01-06 10:32:05.043164+00:00,537.0,3227.851,3227.57,3228.03,ETH
2026-01-06 10:23:58+00:00,2026-01-06 10:32:06.049231+00:00,538.0,3227.851,3227.58,3228.03,ETH
2026-01-06 10:23:59+00:00,2026-01-06 10:32:07.064117+00:00,539.0,3227.851,3227.59,3228.03,ETH
2026-01-06 10:24:00+00:00,2026-01-06 10:32:08.079862+00:00,540.0,3227.851,3227.58,3228.02,ETH
2026-01-06 10:24:01+00:00,2026-01-06 10:32:09.102094+00:00,541.0,3227.851,3227.58,3228.02,ETH
2026-01-06 10:24:02+00:00,2026-01-06 10:32:10.111939+00:00,542.0,3227.851,3227.59,3228.02,ETH
2026-01-06 10:24:03+00:00,2026-01-06 10:32:11.123585+00:00,543.0,3227.851,3227.58,3228.02,ETH
2026-01-06 10:24:04+00:00,2026-01-06 10:32:12.126296+00:00,544.0,3227.871,3227.65,3228.14,ETH
2026-01-06 10:24:05+00:00,2026-01-06 10:32:13.130851+00:00,545.0,3228.051,3227.85,3228.37,ETH
2026-01-06 10:24:06+00:00,2026-01-06 10:32:14.139767+00:00,546.0,3228.161,3227.97,3228.5,ETH
2026-01-06 10:24:07+00:00,2026-01-06 10:32:15.147069+00:00,547.0,3228.191,3227.98,3228.54,ETH
2026-01-06 10:24:08+00:00,2026-01-06 10:32:16.147839+00:00,548.0,3228.361,3228.06,3228.62,ETH
2026-01-06 10:24:09+00:00,2026-01-06 10:32:17.149055+00:00,549.0,3228.511,3228.22,3228.7,ETH
2026-01-06 10:24:11+00:00,2026-01-06 10:32:18.185097+00:00,551.0,3228.601,3228.34,3228.91,ETH
2026-01-06 10:24:12+00:00,2026-01-06 10:32:19.209089+00:00,552.0,3228.631,3228.34,3228.94,ETH
2026-01-06 10:24:13+00:00,2026-01-06 10:32:20.214034+00:00,553.0,3228.421,3228.34,3228.94,ETH
2026-01-06 10:24:14+00:00,2026-01-06 10:32:21.238584+00:00,554.0,3228.641,3228.34,3228.97,ETH
2026-01-06 10:24:15+00:00,2026-01-06 10:32:22.222136+00:00,555.0,3228.701,3228.66,3229.04,ETH
2026-01-06 10:24:16+00:00,2026-01-06 10:32:24.214062+00:00,556.0,3228.821,3228.67,3229.04,ETH
2026-01-06 10:24:17+00:00,2026-01-06 10:32:25.230689+00:00,557.0,3228.891,3228.69,3229.05,ETH
2026-01-06 10:24:18+00:00,2026-01-06 10:32:26.245267+00:00,558.0,3228.911,3228.84,3229.16,ETH
2026-01-06 10:24:19+00:00,2026-01-06 10:32:27.247520+00:00,559.0,3229.151,3229.04,3229.43,ETH
2026-01-06 10:24:20+00:00,2026-01-06 10:32:28.248283+00:00,560.0,3229.321,3229.1,3229.6,ETH
2026-01-06 10:24:21+00:00,2026-01-06 10:32:29.260798+00:00,561.0,3229.341,3229.12,3229.66,ETH
2026-01-06 10:24:22+00:00,2026-01-06 10:32:30.277943+00:00,562.0,3229.521,3229.26,3229.85,ETH
2026-01-06 10:24:23+00:00,2026-01-06 10:32:31.296449+00:00,563.0,3229.901,3229.68,3230.19,ETH
2026-01-06 10:24:24+00:00,2026-01-06 10:32:32.307834+00:00,564.0,3230.201,3230.06,3230.49,ETH
2026-01-06 10:24:26+00:00,2026-01-06 10:32:33.369703+00:00,566.0,3230.301,3230.16,3230.67,ETH
2026-01-06 10:24:27+00:00,2026-01-06 10:32:34.374021+00:00,567.0,3230.161,3230.12,3230.44,ETH
2026-01-06 10:24:28+00:00,2026-01-06 10:32:35.373903+00:00,568.0,3229.791,3229.56,3229.83,ETH
2026-01-06 10:24:29+00:00,2026-01-06 10:32:36.373420+00:00,569.0,3229.841,3229.65,3229.94,ETH
2026-01-06 10:24:30+00:00,2026-01-06 10:32:37.366563+00:00,570.0,3229.881,3229.65,3230.2,ETH
2026-01-06 10:24:31+00:00,2026-01-06 10:32:38.367469+00:00,571.0,3229.741,3229.62,3229.95,ETH
2026-01-06 10:24:32+00:00,2026-01-06 10:32:39.355421+00:00,572.0,3229.711,3229.61,3229.95,ETH
2026-01-06 10:24:33+00:00,2026-01-06 10:32:40.369897+00:00,573.0,3229.731,3229.61,3229.95,ETH
2026-01-06 10:24:34+00:00,2026-01-06 10:32:41.385208+00:00,574.0,3229.681,3229.61,3229.95,ETH
2026-01-06 10:24:35+00:00,2026-01-06 10:32:42.389169+00:00,575.0,3229.791,3229.57,3229.83,ETH
2026-01-06 10:24:36+00:00,2026-01-06 10:32:43.365605+00:00,576.0,3229.791,3229.56,3229.83,ETH
2026-01-06 10:24:37+00:00,2026-01-06 10:32:44.387735+00:00,577.0,3229.611,3229.53,3229.69,ETH
2026-01-06 10:24:38+00:00,2026-01-06 10:32:45.389580+00:00,578.0,3229.611,3229.47,3229.75,ETH
2026-01-06 10:24:39+00:00,2026-01-06 10:32:46.399315+00:00,579.0,3229.731,3229.49,3229.88,ETH
2026-01-06 10:24:40+00:00,2026-01-06 10:32:48.417870+00:00,580.0,3229.691,3229.5,3229.81,ETH
2026-01-06 10:24:41+00:00,2026-01-06 10:32:49.415320+00:00,581.0,3229.701,3229.53,3229.81,ETH
2026-01-06 10:24:42+00:00,2026-01-06 10:32:50.412917+00:00,582.0,3229.691,3229.55,3229.81,ETH
2026-01-06 10:24:43+00:00,2026-01-06 10:32:51.425971+00:00,583.0,3229.701,3229.55,3229.81,ETH
2026-01-06 10:24:44+00:00,2026-01-06 10:32:52.461922+00:00,584.0,3229.751,3229.58,3229.82,ETH
2026-01-06 10:24:45+00:00,2026-01-06 10:32:53.460566+00:00,585.0,3229.771,3229.62,3229.82,ETH
2026-01-06 10:24:46+00:00,2026-01-06 10:32:54.464338+00:00,586.0,3229.751,3229.62,3229.81,ETH
2026-01-06 10:24:47+00:00,2026-01-06 10:32:55.478378+00:00,587.0,3229.781,3229.64,3229.87,ETH
2026-01-06 10:24:48+00:00,2026-01-06 10:32:56.494067+00:00,588.0,3229.841,3229.66,3229.98,ETH
2026-01-06 10:24:49+00:00,2026-01-06 10:32:57.514375+00:00,589.0,3229.841,3229.7,3229.98,ETH
2026-01-06 10:24:50+00:00,2026-01-06 10:32:58.513685+00:00,590.0,3229.811,3229.73,3229.93,ETH
2026-01-06 10:24:51+00:00,2026-01-06 10:32:59.532833+00:00,591.0,3229.881,3229.72,3230.01,ETH
2026-01-06 10:24:52+00:00,2026-01-06 10:33:00.545749+00:00,592.0,3229.971,3229.78,3230.13,ETH
2026-01-06 10:24:53+00:00,2026-01-06 10:33:01.545996+00:00,593.0,3230.051,3229.88,3230.2,ETH
2026-01-06 10:24:54+00:00,2026-01-06 10:33:02.578495+00:00,594.0,3230.091,3229.93,3230.24,ETH
2026-01-06 10:24:55+00:00,2026-01-06 10:33:03.576233+00:00,595.0,3230.041,3229.89,3230.24,ETH
2026-01-06 10:24:56+00:00,2026-01-06 10:33:04.574932+00:00,596.0,3230.001,3229.84,3230.19,ETH
2026-01-06 10:24:57+00:00,2026-01-06 10:33:05.587053+00:00,597.0,3230.001,3229.83,3230.11,ETH
2026-01-06 10:24:58+00:00,2026-01-06 10:33:06.610059+00:00,598.0,3229.861,3229.68,3230.01,ETH
2026-01-06 10:24:59+00:00,2026-01-06 10:33:07.624331+00:00,599.0,3229.741,3229.54,3229.96,ETH
2026-01-06 10:25:00+00:00,2026-01-06 10:33:08.629693+00:00,600.0,3229.761,3229.55,3229.98,ETH
2026-01-06 10:25:01+00:00,2026-01-06 10:33:09.624724+00:00,601.0,3229.761,3229.55,3229.98,ETH
2026-01-06 10:25:02+00:00,2026-01-06 10:33:10.645559+00:00,602.0,3229.731,3229.49,3229.97,ETH
2026-01-06 10:25:03+00:00,2026-01-06 10:33:11.650371+00:00,603.0,3229.601,3229.38,3229.8,ETH
2026-01-06 10:25:04+00:00,2026-01-06 10:33:12.673072+00:00,604.0,3229.491,3229.32,3229.65,ETH
2026-01-06 10:25:05+00:00,2026-01-06 10:33:13.679641+00:00,605.0,3229.481,3229.21,3229.64,ETH
2026-01-06 10:25:06+00:00,2026-01-06 10:33:14.666709+00:00,606.0,3229.431,3229.17,3229.64,ETH
2026-01-06 10:25:07+00:00,2026-01-06 10:33:15.678669+00:00,607.0,3229.421,3229.17,3229.52,ETH
2026-01-06 10:25:08+00:00,2026-01-06 10:33:16.677533+00:00,608.0,3229.351,3229.13,3229.45,ETH
2026-01-06 10:25:09+00:00,2026-01-06 10:33:17.711479+00:00,609.0,3229.161,3229.04,3229.23,ETH
2026-01-06 10:25:10+00:00,2026-01-06 10:33:18.729180+00:00,610.0,3229.231,3229.02,3229.35,ETH
2026-01-06 10:25:11+00:00,2026-01-06 10:33:19.742527+00:00,611.0,3229.321,3229.09,3229.49,ETH
2026-01-06 10:25:12+00:00,2026-01-06 10:33:20.741493+00:00,612.0,3229.341,3229.11,3229.5,ETH
2026-01-06 10:25:13+00:00,2026-01-06 10:33:21.741382+00:00,613.0,3229.361,3229.12,3229.53,ETH
2026-01-06 10:25:14+00:00,2026-01-06 10:33:22.746600+00:00,614.0,3229.371,3229.13,3229.58,ETH
2026-01-06 10:25:15+00:00,2026-01-06 10:33:23.745221+00:00,615.0,3229.391,3229.14,3229.61,ETH
2026-01-06 10:25:16+00:00,2026-01-06 10:33:24.756539+00:00,616.0,3229.381,3229.14,3229.56,ETH
2026-01-06 10:25:17+00:00,2026-01-06 10:33:25.764344+00:00,617.0,3229.301,3229.11,3229.5,ETH
2026-01-06 10:25:18+00:00,2026-01-06 10:33:26.765846+00:00,618.0,3229.261,3229.08,3229.5,ETH
2026-01-06 10:25:19+00:00,2026-01-06 10:33:27.777490+00:00,619.0,3229.251,3229.06,3229.42,ETH
2026-01-06 10:25:20+00:00,2026-01-06 10:33:28.799330+00:00,620.0,3229.121,3228.96,3229.23,ETH
2026-01-06 10:25:21+00:00,2026-01-06 10:33:29.795271+00:00,621.0,3228.971,3228.76,3229.09,ETH
2026-01-06 10:25:22+00:00,2026-01-06 10:33:30.815825+00:00,622.0,3228.821,3228.66,3228.93,ETH
2026-01-06 10:25:23+00:00,2026-01-06 10:33:31.809175+00:00,623.0,3228.561,3228.5,3228.69,ETH
2026-01-06 10:25:24+00:00,2026-01-06 10:33:32.832615+00:00,624.0,3228.461,3228.34,3228.6,ETH
2026-01-06 10:25:25+00:00,2026-01-06 10:33:33.840650+00:00,625.0,3228.501,3228.37,3228.59,ETH
2026-01-06 10:25:26+00:00,2026-01-06 10:33:34.846526+00:00,626.0,3228.481,3228.4,3228.72,ETH
2026-01-06 10:25:27+00:00,2026-01-06 10:33:35.861666+00:00,627.0,3228.551,3228.45,3228.84,ETH
2026-01-06 10:25:28+00:00,2026-01-06 10:33:36.865550+00:00,628.0,3228.611,3228.48,3228.84,ETH
2026-01-06 10:25:29+00:00,2026-01-06 10:33:37.868330+00:00,629.0,3228.591,3228.48,3228.84,ETH
2026-01-06 10:25:30+00:00,2026-01-06 10:33:38.880578+00:00,630.0,3228.551,3228.48,3228.76,ETH
2026-01-06 10:25:31+00:00,2026-01-06 10:33:39.883249+00:00,631.0,3228.501,3228.45,3228.65,ETH
2026-01-06 10:25:32+00:00,2026-01-06 10:33:40.871138+00:00,632.0,3228.511,3228.42,3228.63,ETH
2026-01-06 10:25:33+00:00,2026-01-06 10:33:41.884338+00:00,633.0,3228.521,3228.42,3228.63,ETH
2026-01-06 10:25:34+00:00,2026-01-06 10:33:42.872821+00:00,634.0,3228.531,3228.42,3228.63,ETH
2026-01-06 10:25:35+00:00,2026-01-06 10:33:43.881777+00:00,635.0,3228.561,3228.43,3228.63,ETH
2026-01-06 10:25:36+00:00,2026-01-06 10:33:44.880110+00:00,636.0,3228.561,3228.43,3228.63,ETH
2026-01-06 10:25:37+00:00,2026-01-06 10:33:45.885414+00:00,637.0,3228.561,3228.44,3228.63,ETH
2026-01-06 10:25:38+00:00,2026-01-06 10:33:46.888245+00:00,638.0,3228.561,3228.44,3228.63,ETH
2026-01-06 10:25:39+00:00,2026-01-06 10:33:47.886957+00:00,639.0,3228.591,3228.44,3228.74,ETH
2026-01-06 10:25:40+00:00,2026-01-06 10:33:48.894429+00:00,640.0,3228.631,3228.51,3228.85,ETH
2026-01-06 10:25:41+00:00,2026-01-06 10:33:49.905863+00:00,641.0,3228.691,3228.58,3228.85,ETH
2026-01-06 10:25:42+00:00,2026-01-06 10:33:50.908329+00:00,642.0,3228.731,3228.58,3228.85,ETH
2026-01-06 10:25:43+00:00,2026-01-06 10:33:51.910965+00:00,643.0,3228.741,3228.58,3228.85,ETH
2026-01-06 10:25:44+00:00,2026-01-06 10:33:52.915763+00:00,644.0,3228.771,3228.58,3228.85,ETH
2026-01-06 10:25:45+00:00,2026-01-06 10:33:53.929227+00:00,645.0,3228.771,3228.58,3228.85,ETH
2026-01-06 10:25:46+00:00,2026-01-06 10:33:54.926233+00:00,646.0,3228.761,3228.58,3228.85,ETH
2026-01-06 10:25:47+00:00,2026-01-06 10:33:55.928294+00:00,647.0,3228.761,3228.59,3228.85,ETH
2026-01-06 10:25:48+00:00,2026-01-06 10:33:56.925773+00:00,648.0,3228.781,3228.59,3228.85,ETH
2026-01-06 10:25:49+00:00,2026-01-06 10:33:57.931388+00:00,649.0,3228.781,3228.59,3228.85,ETH
2026-01-06 10:25:50+00:00,2026-01-06 10:33:58.942845+00:00,650.0,3228.771,3228.59,3228.85,ETH
2026-01-06 10:25:51+00:00,2026-01-06 10:33:59.946845+00:00,651.0,3228.761,3228.59,3228.85,ETH
2026-01-06 10:25:52+00:00,2026-01-06 10:34:00.960130+00:00,652.0,3228.801,3228.61,3228.97,ETH
2026-01-06 10:25:53+00:00,2026-01-06 10:34:01.989393+00:00,653.0,3228.841,3228.64,3229.1,ETH
2026-01-06 10:25:54+00:00,2026-01-06 10:34:02.976720+00:00,654.0,3228.851,3228.71,3229.18,ETH
2026-01-06 10:25:55+00:00,2026-01-06 10:34:03.962382+00:00,655.0,3228.841,3228.73,3229.17,ETH
2026-01-06 10:25:56+00:00,2026-01-06 10:34:04.993026+00:00,656.0,3229.001,3228.73,3229.18,ETH
2026-01-06 10:25:57+00:00,2026-01-06 10:34:05.976384+00:00,657.0,3228.801,3228.72,3228.99,ETH
2026-01-06 10:25:58+00:00,2026-01-06 10:34:06.974884+00:00,658.0,3228.761,3228.72,3228.99,ETH
2026-01-06 10:25:59+00:00,2026-01-06 10:34:07.976107+00:00,659.0,3228.941,3228.77,3228.99,ETH
2026-01-06 10:26:00+00:00,2026-01-06 10:34:08.996571+00:00,660.0,3228.931,3228.77,3228.99,ETH
2026-01-06 10:26:01+00:00,2026-01-06 10:34:09.992904+00:00,661.0,3228.931,3228.77,3228.99,ETH
2026-01-06 10:26:02+00:00,2026-01-06 10:34:11.024880+00:00,662.0,3228.821,3228.72,3228.86,ETH
2026-01-06 10:26:03+00:00,2026-01-06 10:34:12.039860+00:00,663.0,3228.741,3228.69,3229.02,ETH
2026-01-06 10:26:04+00:00,2026-01-06 10:34:13.041341+00:00,664.0,3228.741,3228.53,3228.81,ETH
2026-01-06 10:26:05+00:00,2026-01-06 10:34:14.078939+00:00,665.0,3228.491,3228.45,3228.74,ETH
2026-01-06 10:26:06+00:00,2026-01-06 10:34:15.062192+00:00,666.0,3228.511,3228.47,3228.74,ETH
2026-01-06 10:26:07+00:00,2026-01-06 10:34:16.097821+00:00,667.0,3228.471,3228.43,3228.74,ETH
2026-01-06 10:26:08+00:00,2026-01-06 10:34:17.092329+00:00,668.0,3228.501,3228.46,3228.74,ETH
2026-01-06 10:26:09+00:00,2026-01-06 10:34:18.224652+00:00,669.0,3228.621,3228.54,3228.74,ETH
2026-01-06 10:26:10+00:00,2026-01-06 10:34:19.229255+00:00,670.0,3228.631,3228.54,3228.74,ETH
2026-01-06 10:26:11+00:00,2026-01-06 10:34:20.227464+00:00,671.0,3228.601,3228.54,3228.74,ETH
2026-01-06 10:26:12+00:00,2026-01-06 10:34:21.234053+00:00,672.0,3228.551,3228.51,3228.74,ETH
2026-01-06 10:26:13+00:00,2026-01-06 10:34:22.244738+00:00,673.0,3228.581,3228.53,3228.74,ETH
2026-01-06 10:26:14+00:00,2026-01-06 10:34:23.256947+00:00,674.0,3228.581,3228.53,3228.74,ETH
2026-01-06 10:26:15+00:00,2026-01-06 10:34:24.255242+00:00,675.0,3228.581,3228.53,3228.74,ETH
2026-01-06 10:26:16+00:00,2026-01-06 10:34:25.263979+00:00,676.0,3228.611,3228.54,3228.74,ETH
2026-01-06 10:26:17+00:00,2026-01-06 10:34:26.276273+00:00,677.0,3228.501,3228.45,3228.73,ETH
2026-01-06 10:26:18+00:00,2026-01-06 10:34:28.294862+00:00,678.0,3228.591,3228.54,3228.73,ETH
2026-01-06 10:26:19+00:00,2026-01-06 10:34:29.309031+00:00,679.0,3228.621,3228.54,3228.73,ETH
2026-01-06 10:26:21+00:00,2026-01-06 10:34:30.362756+00:00,681.0,3228.641,3228.53,3228.89,ETH
2026-01-06 10:26:22+00:00,2026-01-06 10:34:31.378856+00:00,682.0,3228.691,3228.54,3228.89,ETH
2026-01-06 10:26:23+00:00,2026-01-06 10:34:32.393063+00:00,683.0,3228.701,3228.54,3228.83,ETH
2026-01-06 10:26:24+00:00,2026-01-06 10:34:33.361672+00:00,684.0,3228.591,3228.53,3228.8,ETH
2026-01-06 10:26:25+00:00,2026-01-06 10:34:34.361288+00:00,685.0,3228.591,3228.48,3228.79,ETH
2026-01-06 10:26:26+00:00,2026-01-06 10:34:35.371535+00:00,686.0,3228.591,3228.5,3228.8,ETH
2026-01-06 10:26:27+00:00,2026-01-06 10:34:36.391211+00:00,687.0,3228.591,3228.5,3228.82,ETH
2026-01-06 10:26:28+00:00,2026-01-06 10:34:37.399263+00:00,688.0,3228.591,3228.5,3228.82,ETH
2026-01-06 10:26:29+00:00,2026-01-06 10:34:38.389941+00:00,689.0,3229.121,3228.85,3229.32,ETH
2026-01-06 10:26:30+00:00,2026-01-06 10:34:39.406159+00:00,690.0,3229.121,3228.85,3229.21,ETH
2026-01-06 10:26:31+00:00,2026-01-06 10:34:40.406347+00:00,691.0,3229.121,3228.85,3229.22,ETH
2026-01-06 10:26:32+00:00,2026-01-06 10:34:41.426278+00:00,692.0,3229.121,3228.85,3229.17,ETH
2026-01-06 10:26:33+00:00,2026-01-06 10:34:42.430743+00:00,693.0,3229.111,3228.85,3229.16,ETH
2026-01-06 10:26:34+00:00,2026-01-06 10:34:43.444787+00:00,694.0,3229.031,3228.85,3229.16,ETH
2026-01-06 10:26:35+00:00,2026-01-06 10:34:44.441283+00:00,695.0,3229.131,3228.89,3229.22,ETH
2026-01-06 10:26:36+00:00,2026-01-06 10:34:45.444838+00:00,696.0,3229.131,3228.89,3229.18,ETH
2026-01-06 10:26:37+00:00,2026-01-06 10:34:46.439404+00:00,697.0,3229.131,3228.95,3229.24,ETH
2026-01-06 10:26:38+00:00,2026-01-06 10:34:47.463737+00:00,698.0,3229.131,3228.88,3229.29,ETH
2026-01-06 10:26:39+00:00,2026-01-06 10:34:48.477082+00:00,699.0,3229.131,3228.88,3229.22,ETH
2026-01-06 10:26:40+00:00,2026-01-06 10:34:49.472464+00:00,700.0,3229.161,3228.93,3229.28,ETH
2026-01-06 10:26:41+00:00,2026-01-06 10:34:50.495826+00:00,701.0,3229.211,3228.97,3229.3,ETH
2026-01-06 10:26:42+00:00,2026-01-06 10:34:52.494260+00:00,702.0,3229.211,3228.97,3229.33,ETH
2026-01-06 10:26:43+00:00,2026-01-06 10:34:53.496759+00:00,703.0,3229.191,3228.95,3229.3,ETH
2026-01-06 10:26:44+00:00,2026-01-06 10:34:54.508797+00:00,704.0,3229.071,3228.9,3229.24,ETH
2026-01-06 10:26:45+00:00,2026-01-06 10:34:55.493862+00:00,705.0,3228.971,3228.87,3229.15,ETH
2026-01-06 10:26:46+00:00,2026-01-06 10:34:56.492365+00:00,706.0,3229.041,3228.87,3229.22,ETH
2026-01-06 10:26:47+00:00,2026-01-06 10:34:57.473376+00:00,707.0,3229.111,3228.89,3229.24,ETH
2026-01-06 10:26:48+00:00,2026-01-06 10:34:58.491959+00:00,708.0,3229.101,3228.91,3229.18,ETH
2026-01-06 10:26:49+00:00,2026-01-06 10:34:59.506810+00:00,709.0,3229.101,3228.9,3229.19,ETH
2026-01-06 10:26:50+00:00,2026-01-06 10:35:00.489523+00:00,710.0,3229.101,3228.91,3229.19,ETH
2026-01-06 10:26:51+00:00,2026-01-06 10:35:01.506817+00:00,711.0,3229.091,3228.91,3229.15,ETH
2026-01-06 10:26:52+00:00,2026-01-06 10:35:02.494810+00:00,712.0,3229.091,3228.91,3229.13,ETH
2026-01-06 10:26:53+00:00,2026-01-06 10:35:03.491320+00:00,713.0,3229.101,3228.91,3229.14,ETH
2026-01-06 10:26:54+00:00,2026-01-06 10:35:04.494530+00:00,714.0,3229.101,3228.91,3229.15,ETH
2026-01-06 10:26:55+00:00,2026-01-06 10:35:05.506145+00:00,715.0,3229.101,3228.91,3229.14,ETH
2026-01-06 10:26:56+00:00,2026-01-06 10:35:06.544284+00:00,716.0,3229.101,3228.91,3229.14,ETH
2026-01-06 10:26:57+00:00,2026-01-06 10:35:07.541175+00:00,717.0,3229.101,3228.91,3229.15,ETH
2026-01-06 10:26:58+00:00,2026-01-06 10:35:08.556784+00:00,718.0,3229.091,3228.91,3229.14,ETH
2026-01-06 10:26:59+00:00,2026-01-06 10:35:09.558235+00:00,719.0,3229.091,3228.89,3229.14,ETH
2026-01-06 10:27:00+00:00,2026-01-06 10:35:10.570580+00:00,720.0,3229.091,3228.88,3229.15,ETH
2026-01-06 10:27:01+00:00,2026-01-06 10:35:11.570700+00:00,721.0,3229.091,3228.88,3229.15,ETH
2026-01-06 10:27:03+00:00,2026-01-06 10:35:12.725621+00:00,723.0,3229.101,3228.86,3229.15,ETH
2026-01-06 10:27:04+00:00,2026-01-06 10:35:13.722562+00:00,724.0,3229.071,3228.86,3229.12,ETH
2026-01-06 10:27:05+00:00,2026-01-06 10:35:14.736945+00:00,725.0,3229.081,3228.86,3229.12,ETH
2026-01-06 10:27:06+00:00,2026-01-06 10:35:15.737630+00:00,726.0,3228.971,3228.84,3229.1,ETH
2026-01-06 10:27:07+00:00,2026-01-06 10:35:17.759422+00:00,727.0,3229.081,3228.83,3229.16,ETH
2026-01-06 10:27:08+00:00,2026-01-06 10:35:18.758559+00:00,728.0,3229.071,3228.83,3229.13,ETH
2026-01-06 10:27:09+00:00,2026-01-06 10:35:19.758524+00:00,729.0,3229.081,3228.83,3229.14,ETH
2026-01-06 10:27:10+00:00,2026-01-06 10:35:20.755853+00:00,730.0,3229.091,3228.86,3229.15,ETH
2026-01-06 10:27:11+00:00,2026-01-06 10:35:21.773279+00:00,731.0,3229.091,3228.9,3229.12,ETH
2026-01-06 10:27:12+00:00,2026-01-06 10:35:22.776285+00:00,732.0,3229.071,3228.9,3229.12,ETH
2026-01-06 10:27:13+00:00,2026-01-06 10:35:23.755229+00:00,733.0,3229.061,3228.9,3229.11,ETH
2026-01-06 10:27:14+00:00,2026-01-06 10:35:24.758976+00:00,734.0,3229.071,3228.9,3229.11,ETH
2026-01-06 10:27:15+00:00,2026-01-06 10:35:25.773347+00:00,735.0,3229.071,3228.9,3229.11,ETH
2026-01-06 10:27:16+00:00,2026-01-06 10:35:26.771946+00:00,736.0,3229.001,3228.87,3229.15,ETH
2026-01-06 10:27:17+00:00,2026-01-06 10:35:27.775787+00:00,737.0,3228.901,3228.83,3229.17,ETH
2026-01-06 10:27:18+00:00,2026-01-06 10:35:28.785055+00:00,738.0,3228.891,3228.84,3229.14,ETH
2026-01-06 10:27:19+00:00,2026-01-06 10:35:29.785194+00:00,739.0,3228.891,3228.85,3229.12,ETH
2026-01-06 10:27:20+00:00,2026-01-06 10:35:30.787559+00:00,740.0,3228.891,3228.85,3229.15,ETH
2026-01-06 10:27:21+00:00,2026-01-06 10:35:31.790229+00:00,741.0,3228.891,3228.86,3229.14,ETH
2026-01-06 10:27:22+00:00,2026-01-06 10:35:32.791561+00:00,742.0,3228.891,3228.86,3229.12,ETH
2026-01-06 10:27:23+00:00,2026-01-06 10:35:33.804080+00:00,743.0,3228.891,3228.86,3229.12,ETH
2026-01-06 10:27:24+00:00,2026-01-06 10:35:34.807695+00:00,744.0,3228.891,3228.86,3229.12,ETH
2026-01-06 10:27:25+00:00,2026-01-06 10:35:35.823744+00:00,745.0,3228.891,3228.86,3229.12,ETH
2026-01-06 10:27:26+00:00,2026-01-06 10:35:36.845602+00:00,746.0,3228.881,3228.86,3229.12,ETH
2026-01-06 10:27:27+00:00,2026-01-06 10:35:37.858281+00:00,747.0,3228.951,3228.88,3229.11,ETH
2026-01-06 10:27:28+00:00,2026-01-06 10:35:38.872021+00:00,748.0,3229.051,3228.89,3229.13,ETH
2026-01-06 10:27:29+00:00,2026-01-06 10:35:39.858273+00:00,749.0,3229.101,3228.89,3229.16,ETH
2026-01-06 10:27:30+00:00,2026-01-06 10:35:40.871170+00:00,750.0,3229.101,3228.89,3229.15,ETH
2026-01-06 10:27:31+00:00,2026-01-06 10:35:41.874182+00:00,751.0,3229.101,3228.89,3229.16,ETH
2026-01-06 10:27:32+00:00,2026-01-06 10:35:42.877265+00:00,752.0,3229.101,3228.89,3229.16,ETH
2026-01-06 10:27:33+00:00,2026-01-06 10:35:43.882234+00:00,753.0,3229.021,3228.89,3229.1,ETH
2026-01-06 10:27:34+00:00,2026-01-06 10:35:44.891877+00:00,754.0,3229.061,3228.89,3229.1,ETH
2026-01-06 10:27:35+00:00,2026-01-06 10:35:45.891816+00:00,755.0,3229.021,3228.9,3229.1,ETH
2026-01-06 10:27:36+00:00,2026-01-06 10:35:46.906091+00:00,756.0,3228.991,3228.9,3229.1,ETH
2026-01-06 10:27:37+00:00,2026-01-06 10:35:47.906352+00:00,757.0,3229.021,3228.89,3229.1,ETH
2026-01-06 10:27:38+00:00,2026-01-06 10:35:48.918699+00:00,758.0,3228.911,3228.8,3229.03,ETH
2026-01-06 10:27:39+00:00,2026-01-06 10:35:49.931148+00:00,759.0,3228.831,3228.8,3229.1,ETH
2026-01-06 10:27:40+00:00,2026-01-06 10:35:50.923601+00:00,760.0,3228.811,3228.78,3229.1,ETH
2026-01-06 10:27:41+00:00,2026-01-06 10:35:51.924535+00:00,761.0,3228.821,3228.79,3229.1,ETH
2026-01-06 10:27:42+00:00,2026-01-06 10:35:52.923846+00:00,762.0,3228.941,3228.81,3229.1,ETH
2026-01-06 10:27:43+00:00,2026-01-06 10:35:53.938878+00:00,763.0,3228.921,3228.81,3229.1,ETH
2026-01-06 10:27:44+00:00,2026-01-06 10:35:54.945755+00:00,764.0,3228.901,3228.81,3229.1,ETH
2026-01-06 10:27:45+00:00,2026-01-06 10:35:55.942981+00:00,765.0,3228.901,3228.81,3229.1,ETH
2026-01-06 10:27:46+00:00,2026-01-06 10:35:56.928889+00:00,766.0,3228.901,3228.82,3229.1,ETH
2026-01-06 10:27:47+00:00,2026-01-06 10:35:57.937222+00:00,767.0,3228.681,3228.6,3228.8,ETH
2026-01-06 10:27:48+00:00,2026-01-06 10:35:58.927062+00:00,768.0,3228.601,3228.59,3228.69,ETH
2026-01-06 10:27:49+00:00,2026-01-06 10:35:59.940441+00:00,769.0,3228.651,3228.52,3228.68,ETH
2026-01-06 10:27:50+00:00,2026-01-06 10:36:00.958747+00:00,770.0,3228.681,3228.53,3228.86,ETH
2026-01-06 10:27:51+00:00,2026-01-06 10:36:01.959912+00:00,771.0,3228.641,3228.53,3228.69,ETH
2026-01-06 10:27:52+00:00,2026-01-06 10:36:02.956106+00:00,772.0,3228.631,3228.53,3228.69,ETH
2026-01-06 10:27:53+00:00,2026-01-06 10:36:03.956161+00:00,773.0,3228.591,3228.53,3228.68,ETH
2026-01-06 10:27:54+00:00,2026-01-06 10:36:04.974352+00:00,774.0,3228.681,3228.52,3228.72,ETH
2026-01-06 10:27:55+00:00,2026-01-06 10:36:06.974518+00:00,775.0,3228.591,3228.51,3228.69,ETH
2026-01-06 10:27:56+00:00,2026-01-06 10:36:07.970785+00:00,776.0,3228.611,3228.52,3228.69,ETH
2026-01-06 10:27:57+00:00,2026-01-06 10:36:08.976754+00:00,777.0,3228.561,3228.52,3228.68,ETH
2026-01-06 10:27:58+00:00,2026-01-06 10:36:09.987885+00:00,778.0,3228.521,3228.48,3228.68,ETH
2026-01-06 10:27:59+00:00,2026-01-06 10:36:11.099032+00:00,779.0,3228.441,3228.4,3228.68,ETH
2026-01-06 10:28:00+00:00,2026-01-06 10:36:12.107540+00:00,780.0,3228.441,3228.4,3228.68,ETH
2026-01-06 10:28:01+00:00,2026-01-06 10:36:13.120895+00:00,781.0,3228.471,3228.43,3228.58,ETH
2026-01-06 10:28:02+00:00,2026-01-06 10:36:14.123520+00:00,782.0,3228.321,3228.28,3228.47,ETH
2026-01-06 10:28:03+00:00,2026-01-06 10:36:15.137893+00:00,783.0,3228.191,3228.15,3228.45,ETH
2026-01-06 10:28:04+00:00,2026-01-06 10:36:16.148685+00:00,784.0,3228.191,3228.16,3228.45,ETH
2026-01-06 10:28:05+00:00,2026-01-06 10:36:17.155664+00:00,785.0,3228.191,3228.15,3228.45,ETH
2026-01-06 10:28:07+00:00,2026-01-06 10:36:18.209807+00:00,787.0,3228.231,3228.19,3228.45,ETH
2026-01-06 10:28:08+00:00,2026-01-06 10:36:19.199130+00:00,788.0,3228.301,3228.24,3228.45,ETH
2026-01-06 10:28:09+00:00,2026-01-06 10:36:20.227488+00:00,789.0,3228.151,3228.11,3228.45,ETH
2026-01-06 10:28:10+00:00,2026-01-06 10:36:21.215519+00:00,790.0,3228.071,3228.06,3228.44,ETH
2026-01-06 10:28:11+00:00,2026-01-06 10:36:22.230082+00:00,791.0,3228.071,3228.06,3228.44,ETH
2026-01-06 10:28:12+00:00,2026-01-06 10:36:23.257255+00:00,792.0,3228.051,3228.04,3228.44,ETH
2026-01-06 10:28:13+00:00,2026-01-06 10:36:24.249527+00:00,793.0,3228.051,3228.04,3228.44,ETH
2026-01-06 10:28:14+00:00,2026-01-06 10:36:25.250797+00:00,794.0,3228.051,3228.04,3228.44,ETH
2026-01-06 10:28:15+00:00,2026-01-06 10:36:26.251732+00:00,795.0,3228.071,3228.04,3228.44,ETH
2026-01-06 10:28:16+00:00,2026-01-06 10:36:27.275562+00:00,796.0,3228.091,3228.06,3228.44,ETH
2026-01-06 10:28:17+00:00,2026-01-06 10:36:28.275603+00:00,797.0,3228.051,3228.04,3228.44,ETH
2026-01-06 10:28:18+00:00,2026-01-06 10:36:29.301787+00:00,798.0,3228.071,3228.04,3228.44,ETH
2026-01-06 10:28:19+00:00,2026-01-06 10:36:31.320157+00:00,799.0,3228.041,3228.02,3228.44,ETH
2026-01-06 10:28:20+00:00,2026-01-06 10:36:32.320618+00:00,800.0,3228.061,3228.03,3228.44,ETH
2026-01-06 10:28:21+00:00,2026-01-06 10:36:33.321378+00:00,801.0,3228.061,3228.03,3228.38,ETH
2026-01-06 10:28:22+00:00,2026-01-06 10:36:34.321408+00:00,802.0,3228.051,3228.02,3228.32,ETH
2026-01-06 10:28:23+00:00,2026-01-06 10:36:35.339652+00:00,803.0,3228.061,3228.01,3228.34,ETH
2026-01-06 10:28:24+00:00,2026-01-06 10:36:36.341912+00:00,804.0,3228.061,3228.01,3228.34,ETH
2026-01-06 10:28:25+00:00,2026-01-06 10:36:37.425040+00:00,805.0,3228.061,3228.03,3228.34,ETH
2026-01-06 10:28:26+00:00,2026-01-06 10:36:38.440620+00:00,806.0,3228.101,3228.08,3228.34,ETH
2026-01-06 10:28:27+00:00,2026-01-06 10:36:39.454662+00:00,807.0,3228.151,3228.13,3228.34,ETH
2026-01-06 10:28:28+00:00,2026-01-06 10:36:40.475283+00:00,808.0,3228.141,3228.11,3228.34,ETH
2026-01-06 10:28:29+00:00,2026-01-06 10:36:41.472854+00:00,809.0,3228.131,3228.1,3228.34,ETH
2026-01-06 10:28:30+00:00,2026-01-06 10:36:42.488738+00:00,810.0,3228.151,3228.12,3228.34,ETH
2026-01-06 10:28:31+00:00,2026-01-06 10:36:43.486810+00:00,811.0,3228.141,3228.12,3228.34,ETH
2026-01-06 10:28:32+00:00,2026-01-06 10:36:44.499871+00:00,812.0,3228.131,3228.11,3228.34,ETH
2026-01-06 10:28:33+00:00,2026-01-06 10:36:45.505874+00:00,813.0,3228.101,3228.08,3228.33,ETH
2026-01-06 10:28:34+00:00,2026-01-06 10:36:46.521159+00:00,814.0,3228.061,3228.04,3228.32,ETH
2026-01-06 10:28:35+00:00,2026-01-06 10:36:47.525855+00:00,815.0,3228.031,3228.03,3228.27,ETH
2026-01-06 10:28:36+00:00,2026-01-06 10:36:48.537224+00:00,816.0,3228.031,3228.02,3228.22,ETH
2026-01-06 10:28:37+00:00,2026-01-06 10:36:49.537027+00:00,817.0,3228.021,3228.02,3228.22,ETH
2026-01-06 10:28:38+00:00,2026-01-06 10:36:50.551573+00:00,818.0,3228.051,3228.02,3228.22,ETH
2026-01-06 10:28:39+00:00,2026-01-06 10:36:51.570446+00:00,819.0,3228.061,3228.02,3228.22,ETH
2026-01-06 10:28:40+00:00,2026-01-06 10:36:52.554596+00:00,820.0,3228.041,3228.0,3228.25,ETH
2026-01-06 10:28:41+00:00,2026-01-06 10:36:53.566387+00:00,821.0,3228.021,3228.0,3228.28,ETH
2026-01-06 10:28:42+00:00,2026-01-06 10:36:54.555926+00:00,822.0,3228.011,3228.0,3228.28,ETH
2026-01-06 10:28:43+00:00,2026-01-06 10:36:55.576431+00:00,823.0,3228.021,3228.0,3228.28,ETH
2026-01-06 10:28:44+00:00,2026-01-06 10:36:56.586683+00:00,824.0,3228.031,3228.0,3228.28,ETH
2026-01-06 10:28:45+00:00,2026-01-06 10:36:57.604485+00:00,825.0,3228.011,3227.99,3228.28,ETH
2026-01-06 10:28:46+00:00,2026-01-06 10:36:58.617982+00:00,826.0,3227.691,3227.59,3227.8,ETH
2026-01-06 10:28:47+00:00,2026-01-06 10:36:59.686493+00:00,827.0,3227.691,3227.58,3227.81,ETH
2026-01-06 10:28:48+00:00,2026-01-06 10:37:00.708762+00:00,828.0,3227.721,3227.58,3227.81,ETH
2026-01-06 10:28:49+00:00,2026-01-06 10:37:01.681813+00:00,829.0,3227.731,3227.61,3227.87,ETH
2026-01-06 10:28:50+00:00,2026-01-06 10:37:02.692118+00:00,830.0,3227.751,3227.63,3227.95,ETH
2026-01-06 10:28:51+00:00,2026-01-06 10:37:03.708170+00:00,831.0,3227.771,3227.61,3227.97,ETH
2026-01-06 10:28:52+00:00,2026-01-06 10:37:04.698936+00:00,832.0,3227.721,3227.62,3227.95,ETH
2026-01-06 10:28:53+00:00,2026-01-06 10:37:05.703437+00:00,833.0,3227.681,3227.65,3227.95,ETH
2026-01-06 10:28:54+00:00,2026-01-06 10:37:06.696637+00:00,834.0,3227.741,3227.64,3227.9,ETH
2026-01-06 10:28:55+00:00,2026-01-06 10:37:07.725196+00:00,835.0,3227.801,3227.62,3227.84,ETH
2026-01-06 10:28:56+00:00,2026-01-06 10:37:08.696693+00:00,836.0,3227.771,3227.62,3227.82,ETH
2026-01-06 10:28:57+00:00,2026-01-06 10:37:09.696118+00:00,837.0,3227.741,3227.63,3227.8,ETH
2026-01-06 10:28:58+00:00,2026-01-06 10:37:10.696841+00:00,838.0,3227.741,3227.63,3227.8,ETH
2026-01-06 10:28:59+00:00,2026-01-06 10:37:11.711009+00:00,839.0,3227.751,3227.62,3227.8,ETH
2026-01-06 10:29:00+00:00,2026-01-06 10:37:12.698021+00:00,840.0,3227.731,3227.61,3227.81,ETH
2026-01-06 10:29:01+00:00,2026-01-06 10:37:13.729918+00:00,841.0,3227.641,3227.58,3227.82,ETH
2026-01-06 10:29:02+00:00,2026-01-06 10:37:14.748000+00:00,842.0,3227.571,3227.57,3227.83,ETH
2026-01-06 10:29:03+00:00,2026-01-06 10:37:15.747050+00:00,843.0,3227.641,3227.58,3227.83,ETH
2026-01-06 10:29:04+00:00,2026-01-06 10:37:16.756963+00:00,844.0,3227.681,3227.57,3227.87,ETH
2026-01-06 10:29:05+00:00,2026-01-06 10:37:17.757393+00:00,845.0,3227.701,3227.52,3227.91,ETH
2026-01-06 10:29:06+00:00,2026-01-06 10:37:18.787898+00:00,846.0,3227.711,3227.49,3227.91,ETH
2026-01-06 10:29:07+00:00,2026-01-06 10:37:19.781989+00:00,847.0,3227.661,3227.49,3227.91,ETH
2026-01-06 10:29:08+00:00,2026-01-06 10:37:20.797443+00:00,848.0,3227.541,3227.51,3227.77,ETH
2026-01-06 10:29:09+00:00,2026-01-06 10:37:21.786034+00:00,849.0,3227.471,3227.42,3227.7,ETH
2026-01-06 10:29:10+00:00,2026-01-06 10:37:22.785955+00:00,850.0,3227.461,3227.42,3227.7,ETH
2026-01-06 10:29:11+00:00,2026-01-06 10:37:23.798270+00:00,851.0,3227.461,3227.42,3227.7,ETH
2026-01-06 10:29:12+00:00,2026-01-06 10:37:24.849992+00:00,852.0,3227.501,3227.45,3227.7,ETH
2026-01-06 10:29:13+00:00,2026-01-06 10:37:25.856110+00:00,853.0,3227.551,3227.48,3227.7,ETH
2026-01-06 10:29:14+00:00,2026-01-06 10:37:26.851482+00:00,854.0,3227.561,3227.48,3227.7,ETH
2026-01-06 10:29:15+00:00,2026-01-06 10:37:27.868781+00:00,855.0,3227.561,3227.46,3227.7,ETH
2026-01-06 10:29:16+00:00,2026-01-06 10:37:28.844430+00:00,856.0,3227.491,3227.41,3227.7,ETH
2026-01-06 10:29:17+00:00,2026-01-06 10:37:29.862096+00:00,857.0,3227.421,3227.39,3227.7,ETH
2026-01-06 10:29:18+00:00,2026-01-06 10:37:30.888561+00:00,858.0,3227.411,3227.38,3227.7,ETH
2026-01-06 10:29:19+00:00,2026-01-06 10:37:31.859119+00:00,859.0,3227.411,3227.38,3227.7,ETH
2026-01-06 10:29:20+00:00,2026-01-06 10:37:32.861109+00:00,860.0,3227.401,3227.36,3227.7,ETH
2026-01-06 10:29:21+00:00,2026-01-06 10:37:33.870926+00:00,861.0,3227.361,3227.33,3227.7,ETH
2026-01-06 10:29:22+00:00,2026-01-06 10:37:34.889752+00:00,862.0,3227.361,3227.33,3227.7,ETH
2026-01-06 10:29:23+00:00,2026-01-06 10:37:35.886404+00:00,863.0,3227.381,3227.35,3227.67,ETH
2026-01-06 10:29:24+00:00,2026-01-06 10:37:36.883973+00:00,864.0,3227.411,3227.38,3227.6,ETH
2026-01-06 10:29:25+00:00,2026-01-06 10:37:37.893960+00:00,865.0,3227.371,3227.34,3227.56,ETH
2026-01-06 10:29:26+00:00,2026-01-06 10:37:38.896668+00:00,866.0,3227.301,3227.27,3227.55,ETH
2026-01-06 10:29:27+00:00,2026-01-06 10:37:39.897483+00:00,867.0,3227.271,3227.25,3227.56,ETH
2026-01-06 10:29:28+00:00,2026-01-06 10:37:40.902512+00:00,868.0,3227.251,3227.24,3227.56,ETH
2026-01-06 10:29:29+00:00,2026-01-06 10:37:41.915853+00:00,869.0,3227.211,3227.2,3227.47,ETH
2026-01-06 10:29:30+00:00,2026-01-06 10:37:42.911444+00:00,870.0,3227.131,3227.12,3227.38,ETH
2026-01-06 10:29:31+00:00,2026-01-06 10:37:43.935944+00:00,871.0,3227.091,3227.06,3227.38,ETH
2026-01-06 10:29:32+00:00,2026-01-06 10:37:44.949653+00:00,872.0,3227.071,3227.07,3227.43,ETH
2026-01-06 10:29:33+00:00,2026-01-06 10:37:45.953099+00:00,873.0,3227.071,3227.07,3227.43,ETH
2026-01-06 10:29:34+00:00,2026-01-06 10:37:46.968007+00:00,874.0,3227.071,3227.07,3227.43,ETH
2026-01-06 10:29:35+00:00,2026-01-06 10:37:47.968652+00:00,875.0,3227.071,3227.07,3227.43,ETH
2026-01-06 10:29:36+00:00,2026-01-06 10:37:48.983129+00:00,876.0,3227.071,3227.07,3227.43,ETH
2026-01-06 10:29:37+00:00,2026-01-06 10:37:49.989737+00:00,877.0,3227.071,3227.05,3227.42,ETH
2026-01-06 10:29:38+00:00,2026-01-06 10:37:50.989098+00:00,878.0,3227.111,3227.08,3227.42,ETH
2026-01-06 10:29:39+00:00,2026-01-06 10:37:52.002442+00:00,879.0,3227.091,3227.05,3227.42,ETH
2026-01-06 10:29:40+00:00,2026-01-06 10:37:53.003787+00:00,880.0,3227.101,3227.07,3227.42,ETH
2026-01-06 10:29:41+00:00,2026-01-06 10:37:54.014548+00:00,881.0,3227.101,3227.07,3227.42,ETH
2026-01-06 10:29:42+00:00,2026-01-06 10:37:55.016336+00:00,882.0,3227.071,3227.04,3227.42,ETH
2026-01-06 10:29:43+00:00,2026-01-06 10:37:56.015426+00:00,883.0,3227.091,3227.05,3227.42,ETH
2026-01-06 10:29:44+00:00,2026-01-06 10:37:57.019713+00:00,884.0,3227.061,3227.04,3227.42,ETH
2026-01-06 10:29:45+00:00,2026-01-06 10:37:58.034346+00:00,885.0,3227.231,3227.19,3227.42,ETH
2026-01-06 10:29:46+00:00,2026-01-06 10:37:59.069979+00:00,886.0,3227.211,3227.18,3227.42,ETH
2026-01-06 10:29:47+00:00,2026-01-06 10:38:00.047759+00:00,887.0,3227.381,3227.24,3227.51,ETH
2026-01-06 10:29:48+00:00,2026-01-06 10:38:01.066047+00:00,888.0,3227.261,3227.22,3227.5,ETH
2026-01-06 10:29:49+00:00,2026-01-06 10:38:02.067860+00:00,889.0,3227.231,3227.19,3227.5,ETH
2026-01-06 10:29:50+00:00,2026-01-06 10:38:03.075258+00:00,890.0,3227.201,3227.16,3227.5,ETH
2026-01-06 10:29:51+00:00,2026-01-06 10:38:04.088574+00:00,891.0,3227.171,3227.13,3227.5,ETH
2026-01-06 10:29:52+00:00,2026-01-06 10:38:05.099079+00:00,892.0,3227.191,3227.16,3227.5,ETH
2026-01-06 10:29:53+00:00,2026-01-06 10:38:06.101784+00:00,893.0,3227.171,3227.13,3227.5,ETH
2026-01-06 10:29:54+00:00,2026-01-06 10:38:07.113808+00:00,894.0,3227.171,3227.14,3227.42,ETH
2026-01-06 10:29:55+00:00,2026-01-06 10:38:08.119295+00:00,895.0,3227.181,3227.14,3227.42,ETH
2026-01-06 10:29:56+00:00,2026-01-06 10:38:10.119297+00:00,896.0,3227.141,3227.1,3227.42,ETH
2026-01-06 10:29:57+00:00,2026-01-06 10:38:11.119703+00:00,897.0,3227.111,3227.08,3227.42,ETH
2026-01-06 10:29:58+00:00,2026-01-06 10:38:12.118650+00:00,898.0,3227.151,3227.12,3227.42,ETH
2026-01-06 10:29:59+00:00,2026-01-06 10:38:13.119203+00:00,899.0,3227.171,3227.13,3227.42,ETH
