timestamp,collected_at,seconds,up_mid,up_best_bid,up_best_ask,down_mid,down_best_bid,down_best_ask,up_best_bid_size,up_best_ask_size,down_best_bid_size,down_best_ask_size
2026-01-06 10:15:00.354000+00:00,2026-01-06 10:15:00.602339+00:00,0.354,0.425,0.41,0.44,0.575,0.56,0.59,,,,
2026-01-06 10:15:01.333000+00:00,2026-01-06 10:15:01.605741+00:00,1.333,0.425,0.41,0.44,0.575,0.56,0.59,,,,
2026-01-06 10:15:02.372000+00:00,2026-01-06 10:15:02.614587+00:00,2.372,0.435,0.43,0.44,0.565,0.56,0.57,,,,
2026-01-06 10:15:03.323000+00:00,2026-01-06 10:15:03.632785+00:00,3.323,0.435,0.43,0.44,0.565,0.56,0.57,,,,
2026-01-06 10:15:04.376000+00:00,2026-01-06 10:15:04.630338+00:00,4.376,0.435,0.43,0.44,0.565,0.56,0.57,,,,
2026-01-06 10:15:05.334000+00:00,2026-01-06 10:15:05.635040+00:00,5.334,0.445,0.44,0.45,0.555,0.55,0.56,,,,
2026-01-06 10:15:06.389000+00:00,2026-01-06 10:15:06.644058+00:00,6.389,0.445,0.44,0.45,0.555,0.55,0.56,,,,
2026-01-06 10:15:07.349000+00:00,2026-01-06 10:15:07.666305+00:00,7.349,0.435,0.42,0.45,0.565,0.55,0.58,,,,
2026-01-06 10:15:08.370000+00:00,2026-01-06 10:15:08.680350+00:00,8.37,0.435,0.42,0.45,0.565,0.55,0.58,,,,
2026-01-06 10:15:09.444000+00:00,2026-01-06 10:15:09.680433+00:00,9.444,0.435,0.42,0.45,0.565,0.55,0.58,,,,
2026-01-06 10:15:10.452000+00:00,2026-01-06 10:15:10.690377+00:00,10.452,0.385,0.37,0.4,0.625,0.62,0.63,,,,
2026-01-06 10:15:11.237000+00:00,2026-01-06 10:15:11.693880+00:00,11.237,0.365,0.35,0.38,0.64,0.63,0.65,,,,
2026-01-06 10:15:12.446000+00:00,2026-01-06 10:15:12.695294+00:00,12.446,0.38,0.37,0.39,0.62,0.61,0.63,,,,
2026-01-06 10:15:13.404000+00:00,2026-01-06 10:15:13.702090+00:00,13.404,0.385,0.38,0.39,0.615,0.61,0.62,,,,
2026-01-06 10:15:14.288000+00:00,2026-01-06 10:15:14.716913+00:00,14.288,0.395,0.39,0.4,0.605,0.6,0.61,,,,
2026-01-06 10:15:15.453000+00:00,2026-01-06 10:15:15.718314+00:00,15.453,0.395,0.39,0.4,0.605,0.6,0.61,,,,
2026-01-06 10:15:16.414000+00:00,2026-01-06 10:15:16.728403+00:00,16.414,0.395,0.39,0.4,0.605,0.6,0.61,,,,
2026-01-06 10:15:17.491000+00:00,2026-01-06 10:15:17.748849+00:00,17.491,0.385,0.38,0.39,0.615,0.61,0.62,,,,
2026-01-06 10:15:18.504000+00:00,2026-01-06 10:15:18.750189+00:00,18.504,0.395,0.39,0.4,0.605,0.6,0.61,,,,
2026-01-06 10:15:19.369000+00:00,2026-01-06 10:15:19.764015+00:00,19.369,0.395,0.39,0.4,0.605,0.6,0.61,,,,
2026-01-06 10:15:20.534000+00:00,2026-01-06 10:15:20.775680+00:00,20.534,0.405,0.4,0.41,0.595,0.59,0.6,,,,
2026-01-06 10:15:21.533000+00:00,2026-01-06 10:15:21.775910+00:00,21.533,0.405,0.4,0.41,0.595,0.59,0.6,,,,
2026-01-06 10:15:22.253000+00:00,2026-01-06 10:15:22.793417+00:00,22.253,0.405,0.4,0.41,0.595,0.59,0.6,,,,
2026-01-06 10:15:23.400000+00:00,2026-01-06 10:15:23.809794+00:00,23.4,0.405,0.4,0.41,0.595,0.59,0.6,,,,
2026-01-06 10:15:24.526000+00:00,2026-01-06 10:15:24.812452+00:00,24.526,0.405,0.4,0.41,0.595,0.59,0.6,,,,
2026-01-06 10:15:25.383000+00:00,2026-01-06 10:15:25.828613+00:00,25.383,0.405,0.4,0.41,0.595,0.59,0.6,,,,
2026-01-06 10:15:26.579000+00:00,2026-01-06 10:15:26.842138+00:00,26.579,0.405,0.4,0.41,0.595,0.59,0.6,,,,
2026-01-06 10:15:27.519000+00:00,2026-01-06 10:15:27.843035+00:00,27.519,0.405,0.4,0.41,0.595,0.59,0.6,,,,
2026-01-06 10:15:28.543000+00:00,2026-01-06 10:15:28.849005+00:00,28.543,0.415,0.41,0.42,0.585,0.58,0.59,,,,
2026-01-06 10:15:29.616000+00:00,2026-01-06 10:15:29.859311+00:00,29.616,0.405,0.4,0.41,0.595,0.59,0.6,,,,
2026-01-06 10:15:30.573000+00:00,2026-01-06 10:15:30.876214+00:00,30.573,0.425,0.42,0.43,0.575,0.57,0.58,,,,
2026-01-06 10:15:31.645000+00:00,2026-01-06 10:15:31.884081+00:00,31.645,0.425,0.42,0.43,0.575,0.57,0.58,,,,
2026-01-06 10:15:32.650000+00:00,2026-01-06 10:15:32.894589+00:00,32.65,0.425,0.42,0.43,0.575,0.57,0.58,,,,
2026-01-06 10:15:33.622000+00:00,2026-01-06 10:15:33.891829+00:00,33.622,0.425,0.42,0.43,0.575,0.57,0.58,,,,
2026-01-06 10:15:34.592000+00:00,2026-01-06 10:15:34.891704+00:00,34.592,0.425,0.42,0.43,0.575,0.57,0.58,,,,
2026-01-06 10:15:35.527000+00:00,2026-01-06 10:15:35.890882+00:00,35.527,0.425,0.42,0.43,0.575,0.57,0.58,,,,
2026-01-06 10:15:36.593000+00:00,2026-01-06 10:15:36.899358+00:00,36.593,0.425,0.42,0.43,0.575,0.57,0.58,,,,
2026-01-06 10:15:37.657000+00:00,2026-01-06 10:15:37.908199+00:00,37.657,0.425,0.42,0.43,0.565,0.55,0.58,,,,
2026-01-06 10:15:38.673000+00:00,2026-01-06 10:15:38.924430+00:00,38.673,0.445,0.44,0.45,0.555,0.55,0.56,,,,
2026-01-06 10:15:39.472000+00:00,2026-01-06 10:15:39.941180+00:00,39.472,0.445,0.44,0.45,0.555,0.55,0.56,,,,
2026-01-06 10:15:40.618000+00:00,2026-01-06 10:15:40.947576+00:00,40.618,0.445,0.44,0.45,0.555,0.55,0.56,,,,
2026-01-06 10:15:41.296000+00:00,2026-01-06 10:15:41.957263+00:00,41.296,0.445,0.44,0.45,0.555,0.55,0.56,,,,
2026-01-06 10:15:42.483000+00:00,2026-01-06 10:15:42.958328+00:00,42.483,0.445,0.44,0.45,0.555,0.55,0.56,,,,
2026-01-06 10:15:43.718000+00:00,2026-01-06 10:15:43.960788+00:00,43.718,0.445,0.44,0.45,0.555,0.55,0.56,,,,
2026-01-06 10:15:44.617000+00:00,2026-01-06 10:15:44.964345+00:00,44.617,0.455,0.45,0.46,0.545,0.54,0.55,,,,
2026-01-06 10:15:45.432000+00:00,2026-01-06 10:15:45.975034+00:00,45.432,0.4599999999999999,0.45,0.47,0.54,0.53,0.55,,,,
2026-01-06 10:15:46.717000+00:00,2026-01-06 10:15:46.979521+00:00,46.717,0.4599999999999999,0.45,0.47,0.54,0.53,0.55,,,,
2026-01-06 10:15:47.576000+00:00,2026-01-06 10:15:47.981843+00:00,47.576,0.45,0.44,0.46,0.55,0.54,0.56,,,,
2026-01-06 10:15:48.331000+00:00,2026-01-06 10:15:48.990808+00:00,48.331,0.45,0.44,0.46,0.545,0.54,0.55,,,,
2026-01-06 10:15:49.688000+00:00,2026-01-06 10:15:49.992019+00:00,49.688,0.4649999999999999,0.46,0.47,0.535,0.53,0.54,,,,
2026-01-06 10:15:50.429000+00:00,2026-01-06 10:15:50.993060+00:00,50.429,0.4599999999999999,0.45,0.47,0.54,0.53,0.55,,,,
2026-01-06 10:15:51.705000+00:00,2026-01-06 10:15:52.012861+00:00,51.705,0.4599999999999999,0.45,0.47,0.54,0.53,0.55,,,,
2026-01-06 10:15:52.774000+00:00,2026-01-06 10:15:53.016269+00:00,52.774,0.455,0.45,0.46,0.545,0.54,0.55,,,,
2026-01-06 10:15:53.717000+00:00,2026-01-06 10:15:54.038924+00:00,53.717,0.4649999999999999,0.46,0.47,0.535,0.53,0.54,,,,
2026-01-06 10:15:54.612000+00:00,2026-01-06 10:15:55.041393+00:00,54.612,0.4649999999999999,0.46,0.47,0.535,0.53,0.54,,,,
2026-01-06 10:15:55.822000+00:00,2026-01-06 10:15:56.066143+00:00,55.822,0.4649999999999999,0.46,0.47,0.535,0.53,0.54,,,,
2026-01-06 10:15:56.820000+00:00,2026-01-06 10:15:57.075364+00:00,56.82,0.475,0.47,0.48,0.525,0.52,0.53,,,,
2026-01-06 10:15:57.833000+00:00,2026-01-06 10:15:58.075159+00:00,57.833,0.475,0.47,0.48,0.525,0.52,0.53,,,,
2026-01-06 10:15:58.757000+00:00,2026-01-06 10:15:59.091711+00:00,58.757,0.475,0.47,0.48,0.525,0.52,0.53,,,,
2026-01-06 10:15:59.813000+00:00,2026-01-06 10:16:00.106060+00:00,59.813,0.475,0.47,0.48,0.525,0.52,0.53,,,,
2026-01-06 10:16:00.833000+00:00,2026-01-06 10:16:01.096964+00:00,60.833,0.4599999999999999,0.44,0.48,0.54,0.52,0.56,,,,
2026-01-06 10:16:01.780000+00:00,2026-01-06 10:16:02.091509+00:00,61.78,0.45,0.44,0.46,0.545,0.54,0.55,,,,
2026-01-06 10:16:02.844000+00:00,2026-01-06 10:16:03.100324+00:00,62.844,0.455,0.45,0.46,0.545,0.54,0.55,,,,
2026-01-06 10:16:03.832000+00:00,2026-01-06 10:16:04.104814+00:00,63.832,0.43,0.4,0.46,0.5549999999999999,0.54,0.57,,,,
2026-01-06 10:16:04.817000+00:00,2026-01-06 10:16:05.122519+00:00,64.817,0.42,0.41,0.43,0.575,0.56,0.59,,,,
2026-01-06 10:16:05.903000+00:00,2026-01-06 10:16:06.143010+00:00,65.903,0.41,0.4,0.42,0.59,0.58,0.6,,,,
2026-01-06 10:16:06.853000+00:00,2026-01-06 10:16:07.157217+00:00,66.853,0.43,0.42,0.44,0.5800000000000001,0.56,0.6,,,,
2026-01-06 10:16:07.856000+00:00,2026-01-06 10:16:08.158280+00:00,67.856,0.4499999999999999,0.42,0.48,0.55,0.52,0.58,,,,
2026-01-06 10:16:08.856000+00:00,2026-01-06 10:16:09.172589+00:00,68.856,0.475,0.47,0.48,0.525,0.52,0.53,,,,
2026-01-06 10:16:09.901000+00:00,2026-01-06 10:16:10.170402+00:00,69.901,0.475,0.47,0.48,0.525,0.52,0.53,,,,
2026-01-06 10:16:10.874000+00:00,2026-01-06 10:16:11.176603+00:00,70.874,0.45,0.44,0.46,0.56,0.55,0.57,,,,
2026-01-06 10:16:11.940000+00:00,2026-01-06 10:16:12.188706+00:00,71.94,0.44,0.43,0.45,0.56,0.55,0.57,,,,
2026-01-06 10:16:12.446000+00:00,2026-01-06 10:16:13.200968+00:00,72.446,0.44,0.43,0.45,0.56,0.55,0.57,,,,
2026-01-06 10:16:13.908000+00:00,2026-01-06 10:16:14.217179+00:00,73.908,0.445,0.43,0.46,0.5549999999999999,0.54,0.57,,,,
2026-01-06 10:16:14.821000+00:00,2026-01-06 10:16:15.228957+00:00,74.821,0.44,0.43,0.45,0.56,0.55,0.57,,,,
2026-01-06 10:16:15.973000+00:00,2026-01-06 10:16:16.246731+00:00,75.973,0.445,0.44,0.45,0.555,0.55,0.56,,,,
2026-01-06 10:16:16.802000+00:00,2026-01-06 10:16:17.252081+00:00,76.802,0.445,0.44,0.45,0.555,0.55,0.56,,,,
2026-01-06 10:16:17.930000+00:00,2026-01-06 10:16:18.244354+00:00,77.93,0.445,0.44,0.45,0.555,0.55,0.56,,,,
2026-01-06 10:16:18.866000+00:00,2026-01-06 10:16:19.246501+00:00,78.866,0.445,0.44,0.45,0.555,0.55,0.56,,,,
2026-01-06 10:16:19.759000+00:00,2026-01-06 10:16:20.259973+00:00,79.759,0.445,0.44,0.45,0.555,0.55,0.56,,,,
2026-01-06 10:16:21.019000+00:00,2026-01-06 10:16:21.264756+00:00,81.019,0.4599999999999999,0.45,0.47,0.535,0.53,0.54,,,,
2026-01-06 10:16:22.033000+00:00,2026-01-06 10:16:22.278990+00:00,82.033,0.4649999999999999,0.46,0.47,0.535,0.53,0.54,,,,
2026-01-06 10:16:23.963000+00:00,2026-01-06 10:16:24.289329+00:00,83.963,0.4549999999999999,0.44,0.47,0.555,0.55,0.56,,,,
2026-01-06 10:16:24.965000+00:00,2026-01-06 10:16:25.298952+00:00,84.965,0.445,0.44,0.45,0.555,0.55,0.56,,,,
2026-01-06 10:16:25.872000+00:00,2026-01-06 10:16:26.298094+00:00,85.872,0.45,0.44,0.46,0.55,0.54,0.56,,,,
2026-01-06 10:16:26.955000+00:00,2026-01-06 10:16:27.305665+00:00,86.955,0.445,0.44,0.45,0.555,0.55,0.56,,,,
2026-01-06 10:16:28.960000+00:00,2026-01-06 10:16:29.323291+00:00,88.96,0.475,0.47,0.48,0.53,0.52,0.54,,,,
2026-01-06 10:16:30.999000+00:00,2026-01-06 10:16:31.322529+00:00,90.999,0.47,0.46,0.48,0.53,0.52,0.54,,,,
2026-01-06 10:16:32+00:00,2026-01-06 10:16:32.329733+00:00,92.0,0.4599999999999999,0.45,0.47,0.535,0.52,0.55,,,,
2026-01-06 10:16:33.072000+00:00,2026-01-06 10:16:33.330919+00:00,93.072,0.445,0.44,0.45,0.555,0.55,0.56,,,,
2026-01-06 10:16:34.046000+00:00,2026-01-06 10:16:34.345410+00:00,94.046,0.42,0.41,0.43,0.575,0.57,0.58,,,,
2026-01-06 10:16:35.048000+00:00,2026-01-06 10:16:35.341981+00:00,95.048,0.43,0.42,0.44,0.5700000000000001,0.56,0.58,,,,
2026-01-06 10:16:36.082000+00:00,2026-01-06 10:16:36.356721+00:00,96.082,0.44,0.43,0.45,0.56,0.55,0.57,,,,
2026-01-06 10:16:37.054000+00:00,2026-01-06 10:16:37.373344+00:00,97.054,0.45,0.44,0.46,0.545,0.54,0.55,,,,
2026-01-06 10:16:38.120000+00:00,2026-01-06 10:16:38.372737+00:00,98.12,0.45,0.44,0.46,0.55,0.54,0.56,,,,
2026-01-06 10:16:39.117000+00:00,2026-01-06 10:16:39.378169+00:00,99.117,0.45,0.44,0.46,0.55,0.54,0.56,,,,
2026-01-06 10:16:40.138000+00:00,2026-01-06 10:16:40.383477+00:00,100.138,0.4549999999999999,0.44,0.47,0.54,0.53,0.55,,,,
2026-01-06 10:16:41.015000+00:00,2026-01-06 10:16:41.393091+00:00,101.015,0.4649999999999999,0.45,0.48,0.535,0.52,0.55,,,,
2026-01-06 10:16:42.560000+00:00,2026-01-06 10:16:43.398329+00:00,102.56,0.4599999999999999,0.45,0.47,0.54,0.53,0.55,,,,
2026-01-06 10:16:44.106000+00:00,2026-01-06 10:16:44.413854+00:00,104.106,0.48,0.47,0.49,0.52,0.51,0.53,,,,
2026-01-06 10:16:45.130000+00:00,2026-01-06 10:16:45.412164+00:00,105.13,0.4649999999999999,0.46,0.47,0.535,0.53,0.54,,,,
2026-01-06 10:16:46.145000+00:00,2026-01-06 10:16:46.418473+00:00,106.145,0.4649999999999999,0.46,0.47,0.535,0.53,0.54,,,,
2026-01-06 10:16:47.819000+00:00,2026-01-06 10:16:48.423412+00:00,107.819,0.47,0.46,0.48,0.53,0.52,0.54,,,,
2026-01-06 10:16:49.158000+00:00,2026-01-06 10:16:49.439254+00:00,109.158,0.47,0.46,0.48,0.53,0.52,0.54,,,,
2026-01-06 10:16:50.197000+00:00,2026-01-06 10:16:50.446133+00:00,110.197,0.4549999999999999,0.44,0.47,0.545,0.53,0.56,,,,
2026-01-06 10:16:51.169000+00:00,2026-01-06 10:16:51.452906+00:00,111.169,0.44,0.42,0.46,0.56,0.54,0.58,,,,
2026-01-06 10:16:52.145000+00:00,2026-01-06 10:16:52.465817+00:00,112.145,0.435,0.42,0.45,0.565,0.55,0.58,,,,
2026-01-06 10:16:53.104000+00:00,2026-01-06 10:16:53.484192+00:00,113.104,0.47,0.46,0.48,0.5449999999999999,0.52,0.57,,,,
2026-01-06 10:16:54.139000+00:00,2026-01-06 10:16:54.501409+00:00,114.139,0.4549999999999999,0.44,0.47,0.545,0.53,0.56,,,,
2026-01-06 10:16:55.225000+00:00,2026-01-06 10:16:55.506191+00:00,115.225,0.4549999999999999,0.44,0.47,0.55,0.54,0.56,,,,
2026-01-06 10:16:56.829000+00:00,2026-01-06 10:16:57.532483+00:00,116.829,0.43,0.41,0.45,0.5700000000000001,0.55,0.59,,,,
2026-01-06 10:16:58.218000+00:00,2026-01-06 10:16:58.528800+00:00,118.218,0.435,0.41,0.46,0.5549999999999999,0.54,0.57,,,,
2026-01-06 10:16:59.294000+00:00,2026-01-06 10:16:59.541537+00:00,119.294,0.45,0.44,0.46,0.55,0.54,0.56,,,,
2026-01-06 10:17:00.360000+00:00,2026-01-06 10:17:00.561983+00:00,120.36,0.455,0.45,0.46,0.545,0.54,0.55,,,,
2026-01-06 10:17:01.329000+00:00,2026-01-06 10:17:01.570039+00:00,121.329,0.48,0.47,0.49,0.525,0.51,0.54,,,,
2026-01-06 10:17:02.253000+00:00,2026-01-06 10:17:02.588458+00:00,122.253,0.475,0.46,0.49,0.525,0.51,0.54,,,,
2026-01-06 10:17:03.245000+00:00,2026-01-06 10:17:03.590409+00:00,123.245,0.475,0.47,0.48,0.525,0.52,0.53,,,,
2026-01-06 10:17:04.336000+00:00,2026-01-06 10:17:04.607972+00:00,124.336,0.4599999999999999,0.43,0.49,0.54,0.51,0.57,,,,
2026-01-06 10:17:05.315000+00:00,2026-01-06 10:17:05.621340+00:00,125.315,0.475,0.46,0.49,0.525,0.51,0.54,,,,
2026-01-06 10:17:06.359000+00:00,2026-01-06 10:17:06.620805+00:00,126.359,0.485,0.48,0.49,0.515,0.51,0.52,,,,
2026-01-06 10:17:07.330000+00:00,2026-01-06 10:17:07.620554+00:00,127.33,0.485,0.48,0.49,0.515,0.51,0.52,,,,
2026-01-06 10:17:08.393000+00:00,2026-01-06 10:17:08.636467+00:00,128.393,0.48,0.47,0.49,0.505,0.5,0.51,,,,
2026-01-06 10:17:09.395000+00:00,2026-01-06 10:17:09.653115+00:00,129.395,0.475,0.47,0.48,0.525,0.52,0.53,,,,
2026-01-06 10:17:10.416000+00:00,2026-01-06 10:17:10.659430+00:00,130.416,0.475,0.47,0.48,0.525,0.52,0.53,,,,
2026-01-06 10:17:11.421000+00:00,2026-01-06 10:17:11.671676+00:00,131.421,0.485,0.47,0.5,0.515,0.5,0.53,,,,
2026-01-06 10:17:12.436000+00:00,2026-01-06 10:17:12.680384+00:00,132.436,0.475,0.47,0.48,0.525,0.52,0.53,,,,
2026-01-06 10:17:13.404000+00:00,2026-01-06 10:17:13.688162+00:00,133.404,0.485,0.48,0.49,0.515,0.51,0.52,,,,
2026-01-06 10:17:14.333000+00:00,2026-01-06 10:17:14.709891+00:00,134.333,0.485,0.48,0.49,0.515,0.51,0.52,,,,
2026-01-06 10:17:15.467000+00:00,2026-01-06 10:17:15.714022+00:00,135.467,0.495,0.49,0.5,0.505,0.5,0.51,,,,
2026-01-06 10:17:16.489000+00:00,2026-01-06 10:17:16.723499+00:00,136.489,0.495,0.49,0.5,0.505,0.5,0.51,,,,
2026-01-06 10:17:17.472000+00:00,2026-01-06 10:17:17.737039+00:00,137.472,0.495,0.49,0.5,0.505,0.5,0.51,,,,
2026-01-06 10:17:18.494000+00:00,2026-01-06 10:17:18.737128+00:00,138.494,0.495,0.49,0.5,0.505,0.5,0.51,,,,
2026-01-06 10:17:19.488000+00:00,2026-01-06 10:17:19.737316+00:00,139.488,0.49,0.48,0.5,0.51,0.5,0.52,,,,
2026-01-06 10:17:20.494000+00:00,2026-01-06 10:17:20.728085+00:00,140.494,0.49,0.48,0.5,0.51,0.5,0.52,,,,
2026-01-06 10:17:21.479000+00:00,2026-01-06 10:17:21.737123+00:00,141.479,0.49,0.48,0.5,0.51,0.5,0.52,,,,
2026-01-06 10:17:22.488000+00:00,2026-01-06 10:17:22.743596+00:00,142.488,0.49,0.48,0.5,0.51,0.5,0.52,,,,
2026-01-06 10:17:23.463000+00:00,2026-01-06 10:17:23.754421+00:00,143.463,0.485,0.48,0.49,0.515,0.51,0.52,,,,
2026-01-06 10:17:24.498000+00:00,2026-01-06 10:17:24.773704+00:00,144.498,0.485,0.48,0.49,0.515,0.51,0.52,,,,
2026-01-06 10:17:25.531000+00:00,2026-01-06 10:17:25.773050+00:00,145.531,0.48,0.46,0.5,0.525,0.51,0.54,,,,
2026-01-06 10:17:26.524000+00:00,2026-01-06 10:17:26.777387+00:00,146.524,0.475,0.47,0.48,0.53,0.52,0.54,,,,
2026-01-06 10:17:27.533000+00:00,2026-01-06 10:17:27.776160+00:00,147.533,0.475,0.46,0.49,0.525,0.51,0.54,,,,
2026-01-06 10:17:28.080000+00:00,2026-01-06 10:17:28.793605+00:00,148.08,0.475,0.46,0.49,0.525,0.51,0.54,,,,
2026-01-06 10:17:29.544000+00:00,2026-01-06 10:17:29.805494+00:00,149.544,0.485,0.47,0.5,0.515,0.5,0.53,,,,
2026-01-06 10:17:30.564000+00:00,2026-01-06 10:17:30.814095+00:00,150.564,0.485,0.47,0.5,0.515,0.5,0.53,,,,
2026-01-06 10:17:31.551000+00:00,2026-01-06 10:17:31.824853+00:00,151.551,0.48,0.46,0.5,0.52,0.5,0.54,,,,
2026-01-06 10:17:32.577000+00:00,2026-01-06 10:17:32.829621+00:00,152.577,0.485,0.47,0.5,0.51,0.5,0.52,,,,
2026-01-06 10:17:33.559000+00:00,2026-01-06 10:17:33.834556+00:00,153.559,0.49,0.48,0.5,0.51,0.5,0.52,,,,
2026-01-06 10:17:34.501000+00:00,2026-01-06 10:17:34.841083+00:00,154.501,0.49,0.48,0.5,0.51,0.5,0.52,,,,
2026-01-06 10:17:35.144000+00:00,2026-01-06 10:17:35.842629+00:00,155.144,0.49,0.48,0.5,0.51,0.5,0.52,,,,
2026-01-06 10:17:36.588000+00:00,2026-01-06 10:17:36.839099+00:00,156.588,0.495,0.49,0.5,0.505,0.5,0.51,,,,
2026-01-06 10:17:37.594000+00:00,2026-01-06 10:17:37.837462+00:00,157.594,0.495,0.49,0.5,0.51,0.5,0.52,,,,
2026-01-06 10:17:38.596000+00:00,2026-01-06 10:17:38.837855+00:00,158.596,0.495,0.49,0.5,0.505,0.5,0.51,,,,
2026-01-06 10:17:39.579000+00:00,2026-01-06 10:17:39.830488+00:00,159.579,0.49,0.48,0.5,0.51,0.5,0.52,,,,
2026-01-06 10:17:40.516000+00:00,2026-01-06 10:17:40.831790+00:00,160.516,0.49,0.48,0.5,0.51,0.5,0.52,,,,
2026-01-06 10:17:41.577000+00:00,2026-01-06 10:17:41.839266+00:00,161.577,0.49,0.48,0.5,0.51,0.5,0.52,,,,
2026-01-06 10:17:42.613000+00:00,2026-01-06 10:17:42.856660+00:00,162.613,0.49,0.48,0.5,0.515,0.51,0.52,,,,
2026-01-06 10:17:43.531000+00:00,2026-01-06 10:17:43.870262+00:00,163.531,0.485,0.48,0.49,0.515,0.51,0.52,,,,
2026-01-06 10:17:44.416000+00:00,2026-01-06 10:17:44.886103+00:00,164.416,0.485,0.48,0.49,0.515,0.51,0.52,,,,
2026-01-06 10:17:45.654000+00:00,2026-01-06 10:17:45.903953+00:00,165.654,0.485,0.48,0.49,0.515,0.51,0.52,,,,
2026-01-06 10:17:46.549000+00:00,2026-01-06 10:17:46.907825+00:00,166.549,0.49,0.48,0.5,0.51,0.5,0.52,,,,
2026-01-06 10:17:47.594000+00:00,2026-01-06 10:17:47.904016+00:00,167.594,0.49,0.48,0.5,0.51,0.5,0.52,,,,
2026-01-06 10:17:48.624000+00:00,2026-01-06 10:17:48.907835+00:00,168.624,0.48,0.47,0.49,0.52,0.51,0.53,,,,
2026-01-06 10:17:49.575000+00:00,2026-01-06 10:17:49.913958+00:00,169.575,0.48,0.47,0.49,0.52,0.51,0.53,,,,
2026-01-06 10:17:50.669000+00:00,2026-01-06 10:17:50.930140+00:00,170.669,0.49,0.48,0.5,0.51,0.5,0.52,,,,
2026-01-06 10:17:51.345000+00:00,2026-01-06 10:17:51.924072+00:00,171.345,0.485,0.47,0.5,0.515,0.5,0.53,,,,
2026-01-06 10:17:52.640000+00:00,2026-01-06 10:17:52.920506+00:00,172.64,0.49,0.48,0.5,0.51,0.5,0.52,,,,
2026-01-06 10:17:53.573000+00:00,2026-01-06 10:17:53.937794+00:00,173.573,0.495,0.49,0.5,0.505,0.5,0.51,,,,
2026-01-06 10:17:54.670000+00:00,2026-01-06 10:17:54.955950+00:00,174.67,0.5,0.49,0.51,0.5,0.49,0.51,,,,
2026-01-06 10:17:55.676000+00:00,2026-01-06 10:17:55.972464+00:00,175.676,0.5,0.49,0.51,0.5,0.49,0.51,,,,
2026-01-06 10:17:56.663000+00:00,2026-01-06 10:17:56.972354+00:00,176.663,0.5,0.49,0.51,0.5,0.49,0.51,,,,
2026-01-06 10:17:57.749000+00:00,2026-01-06 10:17:57.988901+00:00,177.749,0.5,0.49,0.51,0.505,0.5,0.51,,,,
2026-01-06 10:17:58.728000+00:00,2026-01-06 10:17:58.991403+00:00,178.728,0.49,0.48,0.5,0.51,0.5,0.52,,,,
2026-01-06 10:17:59.709000+00:00,2026-01-06 10:18:00.004718+00:00,179.709,0.49,0.48,0.5,0.51,0.5,0.52,,,,
2026-01-06 10:18:00.772000+00:00,2026-01-06 10:18:01.019882+00:00,180.772,0.485,0.48,0.49,0.515,0.51,0.52,,,,
2026-01-06 10:18:01.779000+00:00,2026-01-06 10:18:02.022647+00:00,181.779,0.44,0.42,0.46,0.56,0.54,0.58,,,,
2026-01-06 10:18:02.785000+00:00,2026-01-06 10:18:03.036790+00:00,182.785,0.445,0.43,0.46,0.5549999999999999,0.54,0.57,,,,
2026-01-06 10:18:03.795000+00:00,2026-01-06 10:18:04.035588+00:00,183.795,0.4599999999999999,0.45,0.47,0.535,0.53,0.54,,,,
2026-01-06 10:18:04.802000+00:00,2026-01-06 10:18:05.052614+00:00,184.802,0.4649999999999999,0.46,0.47,0.545,0.53,0.56,,,,
2026-01-06 10:18:05.727000+00:00,2026-01-06 10:18:06.059620+00:00,185.727,0.4649999999999999,0.46,0.47,0.535,0.53,0.54,,,,
2026-01-06 10:18:06.793000+00:00,2026-01-06 10:18:07.069975+00:00,186.793,0.4649999999999999,0.46,0.47,0.535,0.53,0.54,,,,
2026-01-06 10:18:07.809000+00:00,2026-01-06 10:18:08.075037+00:00,187.809,0.475,0.47,0.48,0.525,0.52,0.53,,,,
2026-01-06 10:18:08.797000+00:00,2026-01-06 10:18:09.085850+00:00,188.797,0.505,0.5,0.51,0.495,0.49,0.5,,,,
2026-01-06 10:18:09.830000+00:00,2026-01-06 10:18:10.083479+00:00,189.83,0.505,0.5,0.51,0.495,0.49,0.5,,,,
2026-01-06 10:18:10.792000+00:00,2026-01-06 10:18:11.085667+00:00,190.792,0.505,0.5,0.51,0.5,0.49,0.51,,,,
2026-01-06 10:18:11.760000+00:00,2026-01-06 10:18:12.099758+00:00,191.76,0.5,0.49,0.51,0.5,0.49,0.51,,,,
2026-01-06 10:18:12.865000+00:00,2026-01-06 10:18:13.119797+00:00,192.865,0.5,0.49,0.51,0.5,0.49,0.51,,,,
2026-01-06 10:18:13.877000+00:00,2026-01-06 10:18:14.127518+00:00,193.877,0.505,0.5,0.51,0.495,0.49,0.5,,,,
2026-01-06 10:18:14.762000+00:00,2026-01-06 10:18:15.139301+00:00,194.762,0.505,0.5,0.51,0.49,0.48,0.5,,,,
2026-01-06 10:18:15.805000+00:00,2026-01-06 10:18:16.139571+00:00,195.805,0.51,0.5,0.52,0.49,0.48,0.5,,,,
2026-01-06 10:18:16.903000+00:00,2026-01-06 10:18:17.156415+00:00,196.903,0.51,0.5,0.52,0.49,0.48,0.5,,,,
2026-01-06 10:18:17.894000+00:00,2026-01-06 10:18:18.168925+00:00,197.894,0.51,0.5,0.52,0.49,0.48,0.5,,,,
2026-01-06 10:18:18.874000+00:00,2026-01-06 10:18:19.168841+00:00,198.874,0.5,0.49,0.51,0.5,0.49,0.51,,,,
2026-01-06 10:18:19.826000+00:00,2026-01-06 10:18:20.167355+00:00,199.826,0.5,0.49,0.51,0.5,0.49,0.51,,,,
2026-01-06 10:18:20.843000+00:00,2026-01-06 10:18:21.163263+00:00,200.843,0.5,0.49,0.51,0.5,0.49,0.51,,,,
2026-01-06 10:18:21.917000+00:00,2026-01-06 10:18:22.165492+00:00,201.917,0.5,0.49,0.51,0.5,0.49,0.51,,,,
2026-01-06 10:18:22.929000+00:00,2026-01-06 10:18:23.180152+00:00,202.929,0.51,0.5,0.52,0.49,0.48,0.5,,,,
2026-01-06 10:18:23.793000+00:00,2026-01-06 10:18:24.187669+00:00,203.793,0.51,0.5,0.52,0.49,0.48,0.5,,,,
2026-01-06 10:18:24.892000+00:00,2026-01-06 10:18:25.202188+00:00,204.892,0.51,0.5,0.52,0.495,0.49,0.5,,,,
2026-01-06 10:18:25.938000+00:00,2026-01-06 10:18:26.214415+00:00,205.938,0.5,0.49,0.51,0.5,0.49,0.51,,,,
2026-01-06 10:18:26.902000+00:00,2026-01-06 10:18:27.220543+00:00,206.902,0.5,0.49,0.51,0.5,0.49,0.51,,,,
2026-01-06 10:18:27.882000+00:00,2026-01-06 10:18:28.234406+00:00,207.882,0.5,0.49,0.51,0.5,0.49,0.51,,,,
2026-01-06 10:18:28.862000+00:00,2026-01-06 10:18:29.240989+00:00,208.862,0.5,0.49,0.51,0.5,0.49,0.51,,,,
2026-01-06 10:18:29.977000+00:00,2026-01-06 10:18:30.256669+00:00,209.977,0.51,0.5,0.52,0.49,0.48,0.5,,,,
2026-01-06 10:18:31.982000+00:00,2026-01-06 10:18:32.258994+00:00,211.982,0.535,0.53,0.54,0.4649999999999999,0.46,0.47,,,,
2026-01-06 10:18:32.958000+00:00,2026-01-06 10:18:33.264116+00:00,212.958,0.535,0.53,0.54,0.4649999999999999,0.46,0.47,,,,
2026-01-06 10:18:33.955000+00:00,2026-01-06 10:18:34.263874+00:00,213.955,0.53,0.52,0.54,0.47,0.46,0.48,,,,
2026-01-06 10:18:34.861000+00:00,2026-01-06 10:18:35.276802+00:00,214.861,0.535,0.53,0.54,0.4649999999999999,0.46,0.47,,,,
2026-01-06 10:18:36.617000+00:00,2026-01-06 10:18:37.285523+00:00,216.617,0.525,0.52,0.53,0.475,0.47,0.48,,,,
2026-01-06 10:18:38.903000+00:00,2026-01-06 10:18:39.300830+00:00,218.903,0.515,0.51,0.52,0.485,0.48,0.49,,,,
2026-01-06 10:18:40.044000+00:00,2026-01-06 10:18:40.307153+00:00,220.044,0.51,0.5,0.52,0.49,0.48,0.5,,,,
2026-01-06 10:18:41.077000+00:00,2026-01-06 10:18:41.322589+00:00,221.077,0.525,0.52,0.53,0.475,0.47,0.48,,,,
2026-01-06 10:18:42.956000+00:00,2026-01-06 10:18:43.319978+00:00,222.956,0.52,0.51,0.53,0.48,0.47,0.49,,,,
2026-01-06 10:18:44.033000+00:00,2026-01-06 10:18:44.319968+00:00,224.033,0.515,0.5,0.53,0.485,0.47,0.5,,,,
2026-01-06 10:18:45.738000+00:00,2026-01-06 10:18:46.335154+00:00,225.738,0.505,0.5,0.51,0.5,0.49,0.51,,,,
2026-01-06 10:18:46.477000+00:00,2026-01-06 10:18:47.334341+00:00,226.477,0.5,0.49,0.51,0.5,0.49,0.51,,,,
2026-01-06 10:18:48.727000+00:00,2026-01-06 10:18:49.365909+00:00,228.727,0.49,0.48,0.5,0.51,0.5,0.52,,,,
2026-01-06 10:18:50.117000+00:00,2026-01-06 10:18:50.379793+00:00,230.117,0.485,0.47,0.5,0.51,0.5,0.52,,,,
2026-01-06 10:18:51.861000+00:00,2026-01-06 10:18:52.384354+00:00,231.861,0.49,0.48,0.5,0.51,0.5,0.52,,,,
2026-01-06 10:18:53.147000+00:00,2026-01-06 10:18:53.398414+00:00,233.147,0.485,0.48,0.49,0.515,0.51,0.52,,,,
2026-01-06 10:18:54.166000+00:00,2026-01-06 10:18:54.408524+00:00,234.166,0.435,0.42,0.45,0.56,0.54,0.58,,,,
2026-01-06 10:18:55.154000+00:00,2026-01-06 10:18:55.417251+00:00,235.154,0.415,0.4,0.43,0.585,0.58,0.59,,,,
2026-01-06 10:18:56.167000+00:00,2026-01-06 10:18:56.421385+00:00,236.167,0.42,0.41,0.43,0.575,0.56,0.59,,,,
2026-01-06 10:18:57.168000+00:00,2026-01-06 10:18:57.423116+00:00,237.168,0.43,0.42,0.44,0.5700000000000001,0.56,0.58,,,,
2026-01-06 10:18:58.180000+00:00,2026-01-06 10:18:58.439777+00:00,238.18,0.43,0.42,0.44,0.5700000000000001,0.56,0.58,,,,
2026-01-06 10:18:59.096000+00:00,2026-01-06 10:18:59.438546+00:00,239.096,0.42,0.41,0.43,0.58,0.57,0.59,,,,
2026-01-06 10:19:00.201000+00:00,2026-01-06 10:19:00.449361+00:00,240.201,0.43,0.42,0.44,0.5700000000000001,0.56,0.58,,,,
2026-01-06 10:19:01.038000+00:00,2026-01-06 10:19:01.453314+00:00,241.038,0.435,0.42,0.45,0.555,0.55,0.56,,,,
2026-01-06 10:19:02.224000+00:00,2026-01-06 10:19:02.462108+00:00,242.224,0.47,0.45,0.49,0.52,0.51,0.53,,,,
2026-01-06 10:19:03.153000+00:00,2026-01-06 10:19:03.477392+00:00,243.153,0.48,0.47,0.49,0.52,0.51,0.53,,,,
2026-01-06 10:19:04.239000+00:00,2026-01-06 10:19:04.501292+00:00,244.239,0.48,0.47,0.49,0.52,0.51,0.53,,,,
2026-01-06 10:19:05.112000+00:00,2026-01-06 10:19:05.514477+00:00,245.112,0.48,0.47,0.49,0.52,0.51,0.53,,,,
2026-01-06 10:19:06.275000+00:00,2026-01-06 10:19:06.516631+00:00,246.275,0.475,0.46,0.49,0.535,0.52,0.55,,,,
2026-01-06 10:19:07.281000+00:00,2026-01-06 10:19:07.535101+00:00,247.281,0.4599999999999999,0.44,0.48,0.545,0.53,0.56,,,,
2026-01-06 10:19:08.299000+00:00,2026-01-06 10:19:08.550780+00:00,248.299,0.475,0.46,0.49,0.525,0.51,0.54,,,,
2026-01-06 10:19:09.318000+00:00,2026-01-06 10:19:09.566660+00:00,249.318,0.485,0.48,0.49,0.515,0.51,0.52,,,,
2026-01-06 10:19:10.344000+00:00,2026-01-06 10:19:10.591413+00:00,250.344,0.5,0.49,0.51,0.5,0.49,0.51,,,,
2026-01-06 10:19:11.434000+00:00,2026-01-06 10:19:11.600158+00:00,251.434,0.475,0.46,0.49,0.52,0.51,0.53,,,,
2026-01-06 10:19:12.365000+00:00,2026-01-06 10:19:12.598594+00:00,252.365,0.47,0.46,0.48,0.53,0.52,0.54,,,,
2026-01-06 10:19:13.368000+00:00,2026-01-06 10:19:13.616679+00:00,253.368,0.4649999999999999,0.46,0.47,0.535,0.53,0.54,,,,
2026-01-06 10:19:14.371000+00:00,2026-01-06 10:19:14.616554+00:00,254.371,0.4649999999999999,0.46,0.47,0.535,0.53,0.54,,,,
2026-01-06 10:19:15.338000+00:00,2026-01-06 10:19:15.637675+00:00,255.338,0.455,0.45,0.46,0.54,0.53,0.55,,,,
2026-01-06 10:19:16.320000+00:00,2026-01-06 10:19:16.643874+00:00,256.32,0.4649999999999999,0.45,0.48,0.525,0.51,0.54,,,,
2026-01-06 10:19:17.312000+00:00,2026-01-06 10:19:17.639877+00:00,257.312,0.48,0.47,0.49,0.515,0.51,0.52,,,,
2026-01-06 10:19:18.408000+00:00,2026-01-06 10:19:18.652488+00:00,258.408,0.48,0.47,0.49,0.52,0.51,0.53,,,,
2026-01-06 10:19:19.405000+00:00,2026-01-06 10:19:19.661113+00:00,259.405,0.495,0.49,0.5,0.505,0.5,0.51,,,,
2026-01-06 10:19:20.401000+00:00,2026-01-06 10:19:20.666859+00:00,260.401,0.49,0.48,0.5,0.505,0.49,0.52,,,,
2026-01-06 10:19:21.411000+00:00,2026-01-06 10:19:21.671457+00:00,261.411,0.495,0.48,0.51,0.505,0.49,0.52,,,,
2026-01-06 10:19:22.426000+00:00,2026-01-06 10:19:22.687791+00:00,262.426,0.475,0.46,0.49,0.525,0.51,0.54,,,,
2026-01-06 10:19:23.424000+00:00,2026-01-06 10:19:23.695998+00:00,263.424,0.475,0.46,0.49,0.525,0.51,0.54,,,,
2026-01-06 10:19:24.439000+00:00,2026-01-06 10:19:24.695647+00:00,264.439,0.47,0.46,0.48,0.53,0.52,0.54,,,,
2026-01-06 10:19:25.461000+00:00,2026-01-06 10:19:25.703713+00:00,265.461,0.4549999999999999,0.44,0.47,0.545,0.53,0.56,,,,
2026-01-06 10:19:26.475000+00:00,2026-01-06 10:19:26.717827+00:00,266.475,0.4599999999999999,0.45,0.47,0.545,0.53,0.56,,,,
2026-01-06 10:19:27.437000+00:00,2026-01-06 10:19:27.728858+00:00,267.437,0.45,0.44,0.46,0.545,0.53,0.56,,,,
2026-01-06 10:19:28.508000+00:00,2026-01-06 10:19:28.747490+00:00,268.508,0.45,0.44,0.46,0.55,0.54,0.56,,,,
2026-01-06 10:19:29.458000+00:00,2026-01-06 10:19:29.764051+00:00,269.458,0.445,0.44,0.45,0.55,0.54,0.56,,,,
2026-01-06 10:19:30.535000+00:00,2026-01-06 10:19:30.785378+00:00,270.535,0.4549999999999999,0.44,0.47,0.545,0.53,0.56,,,,
2026-01-06 10:19:31.544000+00:00,2026-01-06 10:19:31.786165+00:00,271.544,0.4599999999999999,0.45,0.47,0.545,0.53,0.56,,,,
2026-01-06 10:19:32.502000+00:00,2026-01-06 10:19:32.799967+00:00,272.502,0.45,0.44,0.46,0.55,0.54,0.56,,,,
2026-01-06 10:19:33.558000+00:00,2026-01-06 10:19:33.811832+00:00,273.558,0.45,0.44,0.46,0.55,0.54,0.56,,,,
2026-01-06 10:19:34.565000+00:00,2026-01-06 10:19:34.814878+00:00,274.565,0.415,0.4,0.43,0.59,0.58,0.6,,,,
2026-01-06 10:19:35.571000+00:00,2026-01-06 10:19:35.825279+00:00,275.571,0.4,0.39,0.41,0.595,0.58,0.61,,,,
2026-01-06 10:19:36.585000+00:00,2026-01-06 10:19:36.831868+00:00,276.585,0.385,0.38,0.39,0.625,0.61,0.64,,,,
2026-01-06 10:19:37.593000+00:00,2026-01-06 10:19:37.832329+00:00,277.593,0.355,0.34,0.37,0.645,0.64,0.65,,,,
2026-01-06 10:19:38.593000+00:00,2026-01-06 10:19:38.841896+00:00,278.593,0.355,0.33,0.38,0.64,0.62,0.66,,,,
2026-01-06 10:19:39.616000+00:00,2026-01-06 10:19:39.857313+00:00,279.616,0.355,0.35,0.36,0.645,0.64,0.65,,,,
2026-01-06 10:19:40.625000+00:00,2026-01-06 10:19:40.879403+00:00,280.625,0.3399999999999999,0.33,0.35,0.665,0.66,0.67,,,,
2026-01-06 10:19:41.605000+00:00,2026-01-06 10:19:41.891039+00:00,281.605,0.33,0.32,0.34,0.67,0.66,0.68,,,,
2026-01-06 10:19:42.613000+00:00,2026-01-06 10:19:42.891436+00:00,282.613,0.335,0.33,0.34,0.67,0.66,0.68,,,,
2026-01-06 10:19:43.589000+00:00,2026-01-06 10:19:43.912948+00:00,283.589,0.335,0.33,0.34,0.665,0.66,0.67,,,,
2026-01-06 10:19:44.530000+00:00,2026-01-06 10:19:44.914912+00:00,284.53,0.345,0.34,0.35,0.655,0.65,0.66,,,,
2026-01-06 10:19:45.494000+00:00,2026-01-06 10:19:45.922424+00:00,285.494,0.345,0.34,0.35,0.665,0.65,0.68,,,,
2026-01-06 10:19:46.639000+00:00,2026-01-06 10:19:46.921667+00:00,286.639,0.33,0.32,0.34,0.67,0.66,0.68,,,,
2026-01-06 10:19:47.667000+00:00,2026-01-06 10:19:47.923124+00:00,287.667,0.32,0.31,0.33,0.685,0.68,0.69,,,,
2026-01-06 10:19:48.497000+00:00,2026-01-06 10:19:48.930121+00:00,288.497,0.315,0.31,0.32,0.685,0.68,0.69,,,,
2026-01-06 10:19:49.537000+00:00,2026-01-06 10:19:49.929494+00:00,289.537,0.315,0.31,0.32,0.685,0.68,0.69,,,,
2026-01-06 10:19:50.425000+00:00,2026-01-06 10:19:50.943547+00:00,290.425,0.315,0.31,0.32,0.685,0.68,0.69,,,,
2026-01-06 10:19:51.550000+00:00,2026-01-06 10:19:51.945072+00:00,291.55,0.315,0.31,0.32,0.685,0.68,0.69,,,,
2026-01-06 10:19:52.705000+00:00,2026-01-06 10:19:52.946222+00:00,292.705,0.325,0.32,0.33,0.67,0.66,0.68,,,,
2026-01-06 10:19:53.701000+00:00,2026-01-06 10:19:53.949234+00:00,293.701,0.325,0.32,0.33,0.675,0.67,0.68,,,,
2026-01-06 10:19:54.551000+00:00,2026-01-06 10:19:54.957372+00:00,294.551,0.325,0.32,0.33,0.675,0.67,0.68,,,,
2026-01-06 10:19:55.725000+00:00,2026-01-06 10:19:55.960415+00:00,295.725,0.375,0.37,0.38,0.625,0.62,0.63,,,,
2026-01-06 10:19:56.734000+00:00,2026-01-06 10:19:56.982201+00:00,296.734,0.405,0.4,0.41,0.6,0.59,0.61,,,,
2026-01-06 10:19:57.743000+00:00,2026-01-06 10:19:57.988328+00:00,297.743,0.41,0.4,0.42,0.59,0.58,0.6,,,,
2026-01-06 10:19:58.752000+00:00,2026-01-06 10:19:58.997502+00:00,298.752,0.39,0.38,0.4,0.615,0.61,0.62,,,,
2026-01-06 10:19:59.739000+00:00,2026-01-06 10:20:00.004861+00:00,299.739,0.375,0.37,0.38,0.605,0.58,0.63,,,,
2026-01-06 10:20:00.762000+00:00,2026-01-06 10:20:01.015943+00:00,300.762,0.39,0.38,0.4,0.61,0.6,0.62,,,,
2026-01-06 10:20:01.856000+00:00,2026-01-06 10:20:02.025957+00:00,301.856,0.385,0.38,0.39,0.615,0.61,0.62,,,,
2026-01-06 10:20:02.687000+00:00,2026-01-06 10:20:03.032195+00:00,302.687,0.365,0.36,0.37,0.635,0.62,0.65,,,,
2026-01-06 10:20:03.781000+00:00,2026-01-06 10:20:04.043521+00:00,303.781,0.37,0.36,0.38,0.635,0.63,0.64,,,,
2026-01-06 10:20:04.794000+00:00,2026-01-06 10:20:05.048656+00:00,304.794,0.36,0.35,0.37,0.64,0.63,0.65,,,,
2026-01-06 10:20:05.797000+00:00,2026-01-06 10:20:06.054527+00:00,305.797,0.37,0.36,0.38,0.635,0.62,0.65,,,,
2026-01-06 10:20:06.826000+00:00,2026-01-06 10:20:07.060902+00:00,306.826,0.355,0.35,0.36,0.65,0.64,0.66,,,,
2026-01-06 10:20:07.811000+00:00,2026-01-06 10:20:08.065001+00:00,307.811,0.32,0.31,0.33,0.685,0.68,0.69,,,,
2026-01-06 10:20:08.819000+00:00,2026-01-06 10:20:09.067480+00:00,308.819,0.32,0.31,0.33,0.6799999999999999,0.67,0.69,,,,
2026-01-06 10:20:09.815000+00:00,2026-01-06 10:20:10.063327+00:00,309.815,0.31,0.3,0.32,0.69,0.68,0.7,,,,
2026-01-06 10:20:10.815000+00:00,2026-01-06 10:20:11.063185+00:00,310.815,0.315,0.31,0.32,0.6799999999999999,0.67,0.69,,,,
2026-01-06 10:20:11.825000+00:00,2026-01-06 10:20:12.071929+00:00,311.825,0.325,0.32,0.33,0.6799999999999999,0.67,0.69,,,,
2026-01-06 10:20:12.847000+00:00,2026-01-06 10:20:13.094062+00:00,312.847,0.31,0.3,0.32,0.685,0.67,0.7,,,,
2026-01-06 10:20:13.846000+00:00,2026-01-06 10:20:14.098465+00:00,313.846,0.31,0.3,0.32,0.6950000000000001,0.68,0.71,,,,
2026-01-06 10:20:14.864000+00:00,2026-01-06 10:20:15.105803+00:00,314.864,0.305,0.29,0.32,0.7,0.69,0.71,,,,
2026-01-06 10:20:15.880000+00:00,2026-01-06 10:20:16.119209+00:00,315.88,0.285,0.28,0.29,0.715,0.71,0.72,,,,
2026-01-06 10:20:16.869000+00:00,2026-01-06 10:20:17.120832+00:00,316.869,0.315,0.3,0.33,0.69,0.68,0.7,,,,
2026-01-06 10:20:17.866000+00:00,2026-01-06 10:20:18.124039+00:00,317.866,0.3,0.29,0.31,0.7,0.69,0.71,,,,
2026-01-06 10:20:18.855000+00:00,2026-01-06 10:20:19.135529+00:00,318.855,0.3,0.29,0.31,0.705,0.69,0.72,,,,
2026-01-06 10:20:19.796000+00:00,2026-01-06 10:20:20.136033+00:00,319.796,0.3,0.29,0.31,0.7,0.69,0.71,,,,
2026-01-06 10:20:20.867000+00:00,2026-01-06 10:20:21.134063+00:00,320.867,0.3,0.29,0.31,0.7,0.69,0.71,,,,
2026-01-06 10:20:21.906000+00:00,2026-01-06 10:20:22.150407+00:00,321.906,0.28,0.27,0.29,0.73,0.72,0.74,,,,
2026-01-06 10:20:22.929000+00:00,2026-01-06 10:20:23.166196+00:00,322.929,0.27,0.26,0.28,0.73,0.72,0.74,,,,
2026-01-06 10:20:23.930000+00:00,2026-01-06 10:20:24.183597+00:00,323.93,0.26,0.25,0.27,0.74,0.73,0.75,,,,
2026-01-06 10:20:24.941000+00:00,2026-01-06 10:20:25.194008+00:00,324.941,0.27,0.26,0.28,0.73,0.72,0.74,,,,
2026-01-06 10:20:25.800000+00:00,2026-01-06 10:20:26.191567+00:00,325.8,0.255,0.25,0.26,0.745,0.74,0.75,,,,
2026-01-06 10:20:26.846000+00:00,2026-01-06 10:20:27.204380+00:00,326.846,0.255,0.25,0.26,0.75,0.74,0.76,,,,
2026-01-06 10:20:27.945000+00:00,2026-01-06 10:20:28.211262+00:00,327.945,0.245,0.24,0.25,0.755,0.75,0.76,,,,
2026-01-06 10:20:28.937000+00:00,2026-01-06 10:20:29.229728+00:00,328.937,0.24,0.23,0.25,0.76,0.75,0.77,,,,
2026-01-06 10:20:29.863000+00:00,2026-01-06 10:20:30.231351+00:00,329.863,0.235,0.23,0.24,0.765,0.76,0.77,,,,
2026-01-06 10:20:30.910000+00:00,2026-01-06 10:20:31.244972+00:00,330.91,0.2299999999999999,0.22,0.24,0.77,0.76,0.78,,,,
2026-01-06 10:20:31.965000+00:00,2026-01-06 10:20:32.252383+00:00,331.965,0.245,0.24,0.25,0.755,0.75,0.76,,,,
2026-01-06 10:20:32.993000+00:00,2026-01-06 10:20:33.271752+00:00,332.993,0.2299999999999999,0.22,0.24,0.77,0.76,0.78,,,,
2026-01-06 10:20:34.029000+00:00,2026-01-06 10:20:34.271005+00:00,334.029,0.2299999999999999,0.22,0.24,0.77,0.76,0.78,,,,
2026-01-06 10:20:35.008000+00:00,2026-01-06 10:20:35.267270+00:00,335.008,0.24,0.23,0.25,0.765,0.76,0.77,,,,
2026-01-06 10:20:36.019000+00:00,2026-01-06 10:20:36.267952+00:00,336.019,0.2299999999999999,0.22,0.24,0.77,0.76,0.78,,,,
2026-01-06 10:20:37.026000+00:00,2026-01-06 10:20:37.271022+00:00,337.026,0.2299999999999999,0.22,0.24,0.77,0.76,0.78,,,,
2026-01-06 10:20:38.039000+00:00,2026-01-06 10:20:38.288966+00:00,338.039,0.205,0.2,0.21,0.795,0.79,0.8,,,,
2026-01-06 10:20:39.049000+00:00,2026-01-06 10:20:39.303121+00:00,339.049,0.22,0.21,0.23,0.79,0.78,0.8,,,,
2026-01-06 10:20:40.065000+00:00,2026-01-06 10:20:40.314912+00:00,340.065,0.205,0.2,0.21,0.795,0.79,0.8,,,,
2026-01-06 10:20:41.084000+00:00,2026-01-06 10:20:41.334862+00:00,341.084,0.205,0.2,0.21,0.795,0.79,0.8,,,,
2026-01-06 10:20:42.084000+00:00,2026-01-06 10:20:42.343945+00:00,342.084,0.21,0.2,0.22,0.79,0.78,0.8,,,,
2026-01-06 10:20:43.094000+00:00,2026-01-06 10:20:43.353756+00:00,343.094,0.21,0.2,0.22,0.79,0.78,0.8,,,,
2026-01-06 10:20:44.095000+00:00,2026-01-06 10:20:44.355725+00:00,344.095,0.21,0.2,0.22,0.79,0.78,0.8,,,,
2026-01-06 10:20:45.114000+00:00,2026-01-06 10:20:45.361836+00:00,345.114,0.24,0.23,0.25,0.755,0.75,0.76,,,,
2026-01-06 10:20:46.129000+00:00,2026-01-06 10:20:46.375100+00:00,346.129,0.22,0.2,0.24,0.785,0.77,0.8,,,,
2026-01-06 10:20:47.036000+00:00,2026-01-06 10:20:47.383562+00:00,347.036,0.21,0.2,0.22,0.79,0.78,0.8,,,,
2026-01-06 10:20:48.156000+00:00,2026-01-06 10:20:48.400864+00:00,348.156,0.215,0.21,0.22,0.775,0.76,0.79,,,,
2026-01-06 10:20:49.165000+00:00,2026-01-06 10:20:49.412985+00:00,349.165,0.235,0.23,0.24,0.765,0.76,0.77,,,,
2026-01-06 10:20:50.147000+00:00,2026-01-06 10:20:50.417623+00:00,350.147,0.2299999999999999,0.22,0.24,0.77,0.76,0.78,,,,
2026-01-06 10:20:51.165000+00:00,2026-01-06 10:20:51.417543+00:00,351.165,0.24,0.23,0.25,0.76,0.75,0.77,,,,
2026-01-06 10:20:52.186000+00:00,2026-01-06 10:20:52.428557+00:00,352.186,0.215,0.2,0.23,0.79,0.78,0.8,,,,
2026-01-06 10:20:53.179000+00:00,2026-01-06 10:20:53.430739+00:00,353.179,0.215,0.2,0.23,0.785,0.77,0.8,,,,
2026-01-06 10:20:54.076000+00:00,2026-01-06 10:20:54.432896+00:00,354.076,0.21,0.2,0.22,0.79,0.78,0.8,,,,
2026-01-06 10:20:55.051000+00:00,2026-01-06 10:20:55.435749+00:00,355.051,0.205,0.2,0.21,0.795,0.79,0.8,,,,
2026-01-06 10:20:56.198000+00:00,2026-01-06 10:20:56.443789+00:00,356.198,0.2299999999999999,0.22,0.24,0.765,0.76,0.77,,,,
2026-01-06 10:20:57.203000+00:00,2026-01-06 10:20:57.449508+00:00,357.203,0.24,0.23,0.25,0.76,0.75,0.77,,,,
2026-01-06 10:20:58.208000+00:00,2026-01-06 10:20:58.453280+00:00,358.208,0.255,0.25,0.26,0.745,0.74,0.75,,,,
2026-01-06 10:20:59.200000+00:00,2026-01-06 10:20:59.452081+00:00,359.2,0.295,0.29,0.3,0.705,0.7,0.71,,,,
2026-01-06 10:21:00.205000+00:00,2026-01-06 10:21:00.451926+00:00,360.205,0.3,0.29,0.31,0.7,0.69,0.71,,,,
2026-01-06 10:21:01.170000+00:00,2026-01-06 10:21:01.460909+00:00,361.17,0.295,0.29,0.3,0.705,0.7,0.71,,,,
2026-01-06 10:21:02.180000+00:00,2026-01-06 10:21:02.467668+00:00,362.18,0.29,0.28,0.3,0.71,0.7,0.72,,,,
2026-01-06 10:21:03.232000+00:00,2026-01-06 10:21:03.473735+00:00,363.232,0.305,0.3,0.31,0.695,0.69,0.7,,,,
2026-01-06 10:21:04.913000+00:00,2026-01-06 10:21:05.476775+00:00,364.913,0.305,0.3,0.31,0.695,0.69,0.7,,,,
2026-01-06 10:21:06.214000+00:00,2026-01-06 10:21:06.479941+00:00,366.214,0.315,0.3,0.33,0.685,0.67,0.7,,,,
2026-01-06 10:21:07.224000+00:00,2026-01-06 10:21:07.485127+00:00,367.224,0.315,0.31,0.32,0.685,0.68,0.69,,,,
2026-01-06 10:21:08.262000+00:00,2026-01-06 10:21:08.499821+00:00,368.262,0.32,0.31,0.33,0.6799999999999999,0.67,0.69,,,,
2026-01-06 10:21:09.248000+00:00,2026-01-06 10:21:09.502117+00:00,369.248,0.315,0.31,0.32,0.685,0.68,0.69,,,,
2026-01-06 10:21:10.221000+00:00,2026-01-06 10:21:10.502692+00:00,370.221,0.325,0.32,0.33,0.675,0.67,0.68,,,,
2026-01-06 10:21:11.251000+00:00,2026-01-06 10:21:11.500786+00:00,371.251,0.32,0.31,0.33,0.685,0.68,0.69,,,,
2026-01-06 10:21:12.241000+00:00,2026-01-06 10:21:12.499579+00:00,372.241,0.305,0.29,0.32,0.6950000000000001,0.68,0.71,,,,
2026-01-06 10:21:13.158000+00:00,2026-01-06 10:21:13.506803+00:00,373.158,0.295,0.29,0.3,0.705,0.7,0.71,,,,
2026-01-06 10:21:14.095000+00:00,2026-01-06 10:21:14.517138+00:00,374.095,0.295,0.29,0.3,0.705,0.7,0.71,,,,
2026-01-06 10:21:15.302000+00:00,2026-01-06 10:21:15.538557+00:00,375.302,0.265,0.25,0.28,0.745,0.74,0.75,,,,
2026-01-06 10:21:16.287000+00:00,2026-01-06 10:21:16.534943+00:00,376.287,0.255,0.25,0.26,0.745,0.74,0.75,,,,
2026-01-06 10:21:17.166000+00:00,2026-01-06 10:21:17.536706+00:00,377.166,0.25,0.24,0.26,0.75,0.74,0.76,,,,
2026-01-06 10:21:18.280000+00:00,2026-01-06 10:21:18.532851+00:00,378.28,0.25,0.24,0.26,0.75,0.74,0.76,,,,
2026-01-06 10:21:19.253000+00:00,2026-01-06 10:21:19.547753+00:00,379.253,0.25,0.24,0.26,0.75,0.74,0.76,,,,
2026-01-06 10:21:20.278000+00:00,2026-01-06 10:21:20.551064+00:00,380.278,0.25,0.24,0.26,0.75,0.74,0.76,,,,
2026-01-06 10:21:21.285000+00:00,2026-01-06 10:21:21.563340+00:00,381.285,0.25,0.24,0.26,0.745,0.74,0.75,,,,
2026-01-06 10:21:22.304000+00:00,2026-01-06 10:21:22.566288+00:00,382.304,0.275,0.27,0.28,0.725,0.72,0.73,,,,
2026-01-06 10:21:23.440000+00:00,2026-01-06 10:21:23.588087+00:00,383.44,0.29,0.28,0.3,0.705,0.7,0.71,,,,
2026-01-06 10:21:24.348000+00:00,2026-01-06 10:21:24.598160+00:00,384.348,0.245,0.24,0.25,0.755,0.75,0.76,,,,
2026-01-06 10:21:25.322000+00:00,2026-01-06 10:21:25.616285+00:00,385.322,0.275,0.26,0.29,0.725,0.71,0.74,,,,
2026-01-06 10:21:26.386000+00:00,2026-01-06 10:21:26.637004+00:00,386.386,0.295,0.29,0.3,0.705,0.7,0.71,,,,
2026-01-06 10:21:27.389000+00:00,2026-01-06 10:21:27.642635+00:00,387.389,0.285,0.28,0.29,0.715,0.71,0.72,,,,
2026-01-06 10:21:28.386000+00:00,2026-01-06 10:21:28.660345+00:00,388.386,0.31,0.3,0.32,0.69,0.68,0.7,,,,
2026-01-06 10:21:29.420000+00:00,2026-01-06 10:21:29.670257+00:00,389.42,0.31,0.3,0.32,0.685,0.68,0.69,,,,
2026-01-06 10:21:30.443000+00:00,2026-01-06 10:21:30.689300+00:00,390.443,0.315,0.31,0.32,0.685,0.68,0.69,,,,
2026-01-06 10:21:31.311000+00:00,2026-01-06 10:21:31.697496+00:00,391.311,0.305,0.3,0.31,0.695,0.69,0.7,,,,
2026-01-06 10:21:32.991000+00:00,2026-01-06 10:21:33.699673+00:00,392.991,0.325,0.32,0.33,0.675,0.67,0.68,,,,
2026-01-06 10:21:34.356000+00:00,2026-01-06 10:21:34.697260+00:00,394.356,0.335,0.33,0.34,0.665,0.66,0.67,,,,
2026-01-06 10:21:35.442000+00:00,2026-01-06 10:21:35.694237+00:00,395.442,0.33,0.32,0.34,0.675,0.67,0.68,,,,
2026-01-06 10:21:36.459000+00:00,2026-01-06 10:21:36.702623+00:00,396.459,0.31,0.3,0.32,0.695,0.69,0.7,,,,
2026-01-06 10:21:37.422000+00:00,2026-01-06 10:21:37.730562+00:00,397.422,0.3,0.29,0.31,0.7,0.69,0.71,,,,
2026-01-06 10:21:38.382000+00:00,2026-01-06 10:21:38.728430+00:00,398.382,0.305,0.3,0.31,0.695,0.69,0.7,,,,
2026-01-06 10:21:39.062000+00:00,2026-01-06 10:21:39.726606+00:00,399.062,0.305,0.3,0.31,0.695,0.69,0.7,,,,
2026-01-06 10:21:40.429000+00:00,2026-01-06 10:21:40.740219+00:00,400.429,0.3,0.29,0.31,0.69,0.68,0.7,,,,
2026-01-06 10:21:41.514000+00:00,2026-01-06 10:21:41.760245+00:00,401.514,0.325,0.32,0.33,0.675,0.67,0.68,,,,
2026-01-06 10:21:42.501000+00:00,2026-01-06 10:21:42.763935+00:00,402.501,0.315,0.31,0.32,0.685,0.68,0.69,,,,
2026-01-06 10:21:43.514000+00:00,2026-01-06 10:21:43.763084+00:00,403.514,0.32,0.31,0.33,0.6799999999999999,0.67,0.69,,,,
2026-01-06 10:21:44.498000+00:00,2026-01-06 10:21:44.761896+00:00,404.498,0.31,0.3,0.32,0.69,0.68,0.7,,,,
2026-01-06 10:21:45.444000+00:00,2026-01-06 10:21:45.767510+00:00,405.444,0.31,0.3,0.32,0.69,0.68,0.7,,,,
2026-01-06 10:21:46.507000+00:00,2026-01-06 10:21:46.776435+00:00,406.507,0.295,0.29,0.3,0.72,0.7,0.74,,,,
2026-01-06 10:21:47.528000+00:00,2026-01-06 10:21:47.789579+00:00,407.528,0.245,0.24,0.25,0.755,0.75,0.76,,,,
2026-01-06 10:21:48.468000+00:00,2026-01-06 10:21:48.803501+00:00,408.468,0.245,0.24,0.25,0.755,0.75,0.76,,,,
2026-01-06 10:21:49.544000+00:00,2026-01-06 10:21:49.808477+00:00,409.544,0.32,0.31,0.33,0.685,0.68,0.69,,,,
2026-01-06 10:21:50.561000+00:00,2026-01-06 10:21:50.826163+00:00,410.561,0.305,0.3,0.31,0.69,0.68,0.7,,,,
2026-01-06 10:21:51.558000+00:00,2026-01-06 10:21:51.827624+00:00,411.558,0.31,0.3,0.32,0.69,0.68,0.7,,,,
2026-01-06 10:21:52.576000+00:00,2026-01-06 10:21:52.841168+00:00,412.576,0.315,0.31,0.32,0.685,0.68,0.69,,,,
2026-01-06 10:21:53.589000+00:00,2026-01-06 10:21:53.842208+00:00,413.589,0.305,0.3,0.31,0.69,0.68,0.7,,,,
2026-01-06 10:21:54.480000+00:00,2026-01-06 10:21:54.846999+00:00,414.48,0.31,0.3,0.32,0.69,0.68,0.7,,,,
2026-01-06 10:21:55.557000+00:00,2026-01-06 10:21:55.843443+00:00,415.557,0.31,0.3,0.32,0.69,0.68,0.7,,,,
2026-01-06 10:21:56.606000+00:00,2026-01-06 10:21:56.857824+00:00,416.606,0.31,0.3,0.32,0.69,0.68,0.7,,,,
2026-01-06 10:21:57.457000+00:00,2026-01-06 10:21:57.881086+00:00,417.457,0.315,0.31,0.32,0.69,0.68,0.7,,,,
2026-01-06 10:21:58.641000+00:00,2026-01-06 10:21:58.884332+00:00,418.641,0.31,0.3,0.32,0.69,0.68,0.7,,,,
2026-01-06 10:21:59.445000+00:00,2026-01-06 10:21:59.882638+00:00,419.445,0.31,0.3,0.32,0.685,0.68,0.69,,,,
2026-01-06 10:22:00.280000+00:00,2026-01-06 10:22:00.882443+00:00,420.28,0.315,0.31,0.32,0.685,0.68,0.69,,,,
2026-01-06 10:22:01.613000+00:00,2026-01-06 10:22:01.902455+00:00,421.613,0.315,0.31,0.32,0.685,0.68,0.69,,,,
2026-01-06 10:22:02.670000+00:00,2026-01-06 10:22:02.915976+00:00,422.67,0.315,0.31,0.32,0.69,0.68,0.7,,,,
2026-01-06 10:22:03.674000+00:00,2026-01-06 10:22:03.928694+00:00,423.674,0.31,0.3,0.32,0.695,0.69,0.7,,,,
2026-01-06 10:22:04.679000+00:00,2026-01-06 10:22:04.920934+00:00,424.679,0.265,0.26,0.27,0.74,0.73,0.75,,,,
2026-01-06 10:22:05.675000+00:00,2026-01-06 10:22:05.930349+00:00,425.675,0.255,0.25,0.26,0.745,0.74,0.75,,,,
2026-01-06 10:22:06.591000+00:00,2026-01-06 10:22:06.941896+00:00,426.591,0.255,0.25,0.26,0.75,0.74,0.76,,,,
2026-01-06 10:22:07.665000+00:00,2026-01-06 10:22:07.936994+00:00,427.665,0.255,0.25,0.26,0.745,0.74,0.75,,,,
2026-01-06 10:22:08.649000+00:00,2026-01-06 10:22:08.950090+00:00,428.649,0.255,0.25,0.26,0.745,0.74,0.75,,,,
2026-01-06 10:22:09.706000+00:00,2026-01-06 10:22:09.962468+00:00,429.706,0.255,0.25,0.26,0.74,0.73,0.75,,,,
2026-01-06 10:22:10.709000+00:00,2026-01-06 10:22:10.959048+00:00,430.709,0.26,0.25,0.27,0.74,0.73,0.75,,,,
2026-01-06 10:22:11.724000+00:00,2026-01-06 10:22:11.969884+00:00,431.724,0.285,0.28,0.29,0.715,0.71,0.72,,,,
2026-01-06 10:22:12.733000+00:00,2026-01-06 10:22:12.978609+00:00,432.733,0.295,0.29,0.3,0.705,0.7,0.71,,,,
2026-01-06 10:22:13.743000+00:00,2026-01-06 10:22:13.991929+00:00,433.743,0.295,0.29,0.3,0.705,0.7,0.71,,,,
2026-01-06 10:22:14.462000+00:00,2026-01-06 10:22:14.998966+00:00,434.462,0.295,0.29,0.3,0.705,0.7,0.71,,,,
2026-01-06 10:22:15.773000+00:00,2026-01-06 10:22:16.017245+00:00,435.773,0.29,0.28,0.3,0.71,0.7,0.72,,,,
2026-01-06 10:22:16.768000+00:00,2026-01-06 10:22:17.026175+00:00,436.768,0.285,0.28,0.29,0.715,0.71,0.72,,,,
2026-01-06 10:22:17.750000+00:00,2026-01-06 10:22:18.043249+00:00,437.75,0.285,0.28,0.29,0.715,0.71,0.72,,,,
2026-01-06 10:22:18.691000+00:00,2026-01-06 10:22:19.057781+00:00,438.691,0.285,0.28,0.29,0.715,0.71,0.72,,,,
2026-01-06 10:22:19.806000+00:00,2026-01-06 10:22:20.057758+00:00,439.806,0.285,0.28,0.29,0.715,0.71,0.72,,,,
2026-01-06 10:22:20.825000+00:00,2026-01-06 10:22:21.075419+00:00,440.825,0.245,0.24,0.25,0.755,0.75,0.76,,,,
2026-01-06 10:22:21.836000+00:00,2026-01-06 10:22:22.082751+00:00,441.836,0.22,0.21,0.23,0.78,0.77,0.79,,,,
2026-01-06 10:22:22.864000+00:00,2026-01-06 10:22:23.097053+00:00,442.864,0.22,0.21,0.23,0.795,0.78,0.81,,,,
2026-01-06 10:22:23.823000+00:00,2026-01-06 10:22:24.105325+00:00,443.823,0.21,0.2,0.22,0.79,0.78,0.8,,,,
2026-01-06 10:22:24.859000+00:00,2026-01-06 10:22:25.112717+00:00,444.859,0.225,0.22,0.23,0.775,0.77,0.78,,,,
2026-01-06 10:22:25.709000+00:00,2026-01-06 10:22:26.124530+00:00,445.709,0.225,0.22,0.23,0.775,0.77,0.78,,,,
2026-01-06 10:22:26.857000+00:00,2026-01-06 10:22:27.124156+00:00,446.857,0.21,0.2,0.22,0.79,0.78,0.8,,,,
2026-01-06 10:22:27.816000+00:00,2026-01-06 10:22:28.141538+00:00,447.816,0.21,0.2,0.22,0.79,0.78,0.8,,,,
2026-01-06 10:22:28.903000+00:00,2026-01-06 10:22:29.148773+00:00,448.903,0.205,0.2,0.21,0.795,0.79,0.8,,,,
2026-01-06 10:22:29.903000+00:00,2026-01-06 10:22:30.148729+00:00,449.903,0.1649999999999999,0.15,0.18,0.825,0.82,0.83,,,,
2026-01-06 10:22:30.895000+00:00,2026-01-06 10:22:31.162702+00:00,450.895,0.175,0.17,0.18,0.825,0.82,0.83,,,,
2026-01-06 10:22:31.844000+00:00,2026-01-06 10:22:32.171608+00:00,451.844,0.1699999999999999,0.16,0.18,0.83,0.82,0.84,,,,
2026-01-06 10:22:32.903000+00:00,2026-01-06 10:22:33.173956+00:00,452.903,0.175,0.17,0.18,0.83,0.82,0.84,,,,
2026-01-06 10:22:33.932000+00:00,2026-01-06 10:22:34.178088+00:00,453.932,0.175,0.17,0.18,0.825,0.82,0.83,,,,
2026-01-06 10:22:34.887000+00:00,2026-01-06 10:22:35.188608+00:00,454.887,0.205,0.2,0.21,0.795,0.79,0.8,,,,
2026-01-06 10:22:35.936000+00:00,2026-01-06 10:22:36.187702+00:00,455.936,0.21,0.2,0.22,0.785,0.78,0.79,,,,
2026-01-06 10:22:36.941000+00:00,2026-01-06 10:22:37.196954+00:00,456.941,0.22,0.21,0.23,0.775,0.77,0.78,,,,
2026-01-06 10:22:37.946000+00:00,2026-01-06 10:22:38.200770+00:00,457.946,0.225,0.22,0.23,0.775,0.77,0.78,,,,
2026-01-06 10:22:38.910000+00:00,2026-01-06 10:22:39.204070+00:00,458.91,0.225,0.22,0.23,0.775,0.77,0.78,,,,
2026-01-06 10:22:39.969000+00:00,2026-01-06 10:22:40.215200+00:00,459.969,0.225,0.22,0.23,0.77,0.76,0.78,,,,
2026-01-06 10:22:40.948000+00:00,2026-01-06 10:22:41.224017+00:00,460.948,0.2299999999999999,0.22,0.24,0.77,0.76,0.78,,,,
2026-01-06 10:22:41.999000+00:00,2026-01-06 10:22:42.247028+00:00,461.999,0.2299999999999999,0.22,0.24,0.77,0.76,0.78,,,,
2026-01-06 10:22:43.706000+00:00,2026-01-06 10:22:44.276995+00:00,463.706,0.225,0.22,0.23,0.775,0.77,0.78,,,,
2026-01-06 10:22:44.673000+00:00,2026-01-06 10:22:45.282683+00:00,464.673,0.225,0.22,0.23,0.775,0.77,0.78,,,,
2026-01-06 10:22:45.608000+00:00,2026-01-06 10:22:46.290650+00:00,465.608,0.225,0.22,0.23,0.775,0.77,0.78,,,,
2026-01-06 10:22:47.053000+00:00,2026-01-06 10:22:47.303466+00:00,467.053,0.26,0.25,0.27,0.735,0.73,0.74,,,,
2026-01-06 10:22:48.045000+00:00,2026-01-06 10:22:48.307944+00:00,468.045,0.265,0.26,0.27,0.735,0.73,0.74,,,,
2026-01-06 10:22:49.979000+00:00,2026-01-06 10:22:50.323072+00:00,469.979,0.295,0.29,0.3,0.705,0.7,0.71,,,,
2026-01-06 10:22:50.898000+00:00,2026-01-06 10:22:51.311089+00:00,470.898,0.29,0.28,0.3,0.71,0.7,0.72,,,,
2026-01-06 10:22:51.864000+00:00,2026-01-06 10:22:52.307177+00:00,471.864,0.29,0.28,0.3,0.71,0.7,0.72,,,,
2026-01-06 10:22:52.965000+00:00,2026-01-06 10:22:53.315523+00:00,472.965,0.29,0.28,0.3,0.71,0.7,0.72,,,,
2026-01-06 10:22:54.060000+00:00,2026-01-06 10:22:54.324924+00:00,474.06,0.29,0.28,0.3,0.71,0.7,0.72,,,,
2026-01-06 10:22:55.038000+00:00,2026-01-06 10:22:55.327878+00:00,475.038,0.29,0.28,0.3,0.715,0.7,0.73,,,,
2026-01-06 10:22:56.949000+00:00,2026-01-06 10:22:57.344404+00:00,476.949,0.275,0.27,0.28,0.725,0.72,0.73,,,,
2026-01-06 10:22:57.787000+00:00,2026-01-06 10:22:58.348882+00:00,477.787,0.275,0.27,0.28,0.725,0.72,0.73,,,,
2026-01-06 10:22:58.840000+00:00,2026-01-06 10:22:59.366527+00:00,478.84,0.275,0.27,0.28,0.725,0.72,0.73,,,,
2026-01-06 10:23:00.024000+00:00,2026-01-06 10:23:00.385626+00:00,480.024,0.285,0.28,0.29,0.715,0.71,0.72,,,,
2026-01-06 10:23:01.001000+00:00,2026-01-06 10:23:01.399617+00:00,481.001,0.28,0.27,0.29,0.72,0.71,0.73,,,,
2026-01-06 10:23:02.091000+00:00,2026-01-06 10:23:02.399101+00:00,482.091,0.28,0.27,0.29,0.72,0.71,0.73,,,,
2026-01-06 10:23:03.127000+00:00,2026-01-06 10:23:03.407597+00:00,483.127,0.275,0.26,0.29,0.725,0.71,0.74,,,,
2026-01-06 10:23:04.153000+00:00,2026-01-06 10:23:04.401578+00:00,484.153,0.27,0.26,0.28,0.73,0.72,0.74,,,,
2026-01-06 10:23:05.159000+00:00,2026-01-06 10:23:05.407234+00:00,485.159,0.26,0.25,0.27,0.755,0.74,0.77,,,,
2026-01-06 10:23:06.159000+00:00,2026-01-06 10:23:06.412086+00:00,486.159,0.245,0.24,0.25,0.755,0.75,0.76,,,,
2026-01-06 10:23:07.172000+00:00,2026-01-06 10:23:07.414270+00:00,487.172,0.27,0.25,0.29,0.73,0.7,0.76,,,,
2026-01-06 10:23:08.180000+00:00,2026-01-06 10:23:08.429020+00:00,488.18,0.305,0.3,0.31,0.695,0.69,0.7,,,,
2026-01-06 10:23:09.189000+00:00,2026-01-06 10:23:09.437128+00:00,489.189,0.305,0.3,0.31,0.695,0.69,0.7,,,,
2026-01-06 10:23:10.173000+00:00,2026-01-06 10:23:10.428736+00:00,490.173,0.31,0.3,0.32,0.69,0.68,0.7,,,,
2026-01-06 10:23:11.153000+00:00,2026-01-06 10:23:11.445127+00:00,491.153,0.305,0.3,0.31,0.695,0.69,0.7,,,,
2026-01-06 10:23:12.053000+00:00,2026-01-06 10:23:12.462248+00:00,492.053,0.31,0.3,0.32,0.69,0.68,0.7,,,,
2026-01-06 10:23:13.233000+00:00,2026-01-06 10:23:13.482120+00:00,493.233,0.3399999999999999,0.33,0.35,0.645,0.64,0.65,,,,
2026-01-06 10:23:14.246000+00:00,2026-01-06 10:23:14.492955+00:00,494.246,0.375,0.36,0.39,0.63,0.62,0.64,,,,
2026-01-06 10:23:15.248000+00:00,2026-01-06 10:23:15.498370+00:00,495.248,0.355,0.35,0.36,0.645,0.64,0.65,,,,
2026-01-06 10:23:16.267000+00:00,2026-01-06 10:23:16.514957+00:00,496.267,0.355,0.35,0.36,0.645,0.64,0.65,,,,
2026-01-06 10:23:17.285000+00:00,2026-01-06 10:23:17.530355+00:00,497.285,0.335,0.33,0.34,0.665,0.66,0.67,,,,
2026-01-06 10:23:18.248000+00:00,2026-01-06 10:23:18.545305+00:00,498.248,0.3399999999999999,0.33,0.35,0.66,0.65,0.67,,,,
2026-01-06 10:23:19.267000+00:00,2026-01-06 10:23:19.539529+00:00,499.267,0.335,0.33,0.34,0.665,0.66,0.67,,,,
2026-01-06 10:23:20.247000+00:00,2026-01-06 10:23:20.562976+00:00,500.247,0.345,0.34,0.35,0.655,0.65,0.66,,,,
2026-01-06 10:23:21.225000+00:00,2026-01-06 10:23:21.577809+00:00,501.225,0.3399999999999999,0.33,0.35,0.66,0.65,0.67,,,,
2026-01-06 10:23:22.326000+00:00,2026-01-06 10:23:22.574783+00:00,502.326,0.3399999999999999,0.33,0.35,0.66,0.65,0.67,,,,
2026-01-06 10:23:23.303000+00:00,2026-01-06 10:23:23.577451+00:00,503.303,0.3399999999999999,0.33,0.35,0.66,0.65,0.67,,,,
2026-01-06 10:23:24.300000+00:00,2026-01-06 10:23:24.590660+00:00,504.3,0.3399999999999999,0.33,0.35,0.66,0.65,0.67,,,,
2026-01-06 10:23:25.357000+00:00,2026-01-06 10:23:25.607017+00:00,505.357,0.3399999999999999,0.33,0.35,0.66,0.65,0.67,,,,
2026-01-06 10:23:26.348000+00:00,2026-01-06 10:23:26.605872+00:00,506.348,0.3399999999999999,0.33,0.35,0.66,0.65,0.67,,,,
2026-01-06 10:23:27.359000+00:00,2026-01-06 10:23:27.605570+00:00,507.359,0.3399999999999999,0.33,0.35,0.66,0.65,0.67,,,,
2026-01-06 10:23:28.377000+00:00,2026-01-06 10:23:28.607300+00:00,508.377,0.3399999999999999,0.33,0.35,0.66,0.65,0.67,,,,
2026-01-06 10:23:29.368000+00:00,2026-01-06 10:23:29.612772+00:00,509.368,0.3399999999999999,0.33,0.35,0.66,0.65,0.67,,,,
2026-01-06 10:23:30.260000+00:00,2026-01-06 10:23:30.613188+00:00,510.26,0.3399999999999999,0.33,0.35,0.66,0.65,0.67,,,,
2026-01-06 10:23:31.375000+00:00,2026-01-06 10:23:31.627041+00:00,511.375,0.345,0.34,0.35,0.655,0.65,0.66,,,,
2026-01-06 10:23:32.379000+00:00,2026-01-06 10:23:32.627875+00:00,512.379,0.325,0.32,0.33,0.675,0.67,0.68,,,,
2026-01-06 10:23:33.408000+00:00,2026-01-06 10:23:33.645458+00:00,513.408,0.325,0.32,0.33,0.675,0.67,0.68,,,,
2026-01-06 10:23:34.361000+00:00,2026-01-06 10:23:34.661483+00:00,514.361,0.325,0.32,0.33,0.685,0.68,0.69,,,,
2026-01-06 10:23:35.415000+00:00,2026-01-06 10:23:35.670518+00:00,515.415,0.325,0.32,0.33,0.675,0.67,0.68,,,,
2026-01-06 10:23:36.364000+00:00,2026-01-06 10:23:36.676326+00:00,516.364,0.32,0.31,0.33,0.6799999999999999,0.67,0.69,,,,
2026-01-06 10:23:37.413000+00:00,2026-01-06 10:23:37.681800+00:00,517.413,0.325,0.32,0.33,0.675,0.67,0.68,,,,
2026-01-06 10:23:38.375000+00:00,2026-01-06 10:23:38.686825+00:00,518.375,0.345,0.34,0.35,0.655,0.65,0.66,,,,
2026-01-06 10:23:39.365000+00:00,2026-01-06 10:23:39.686436+00:00,519.365,0.3399999999999999,0.33,0.35,0.67,0.66,0.68,,,,
2026-01-06 10:23:40.401000+00:00,2026-01-06 10:23:40.705837+00:00,520.401,0.33,0.32,0.34,0.67,0.66,0.68,,,,
2026-01-06 10:23:41.454000+00:00,2026-01-06 10:23:41.713352+00:00,521.454,0.33,0.32,0.34,0.67,0.66,0.68,,,,
2026-01-06 10:23:42.427000+00:00,2026-01-06 10:23:42.735865+00:00,522.427,0.33,0.32,0.34,0.67,0.66,0.68,,,,
2026-01-06 10:23:43.495000+00:00,2026-01-06 10:23:43.756873+00:00,523.495,0.335,0.33,0.34,0.665,0.66,0.67,,,,
2026-01-06 10:23:44.524000+00:00,2026-01-06 10:23:44.767721+00:00,524.524,0.345,0.34,0.35,0.655,0.65,0.66,,,,
2026-01-06 10:23:45.526000+00:00,2026-01-06 10:23:45.778857+00:00,525.526,0.365,0.35,0.38,0.63,0.62,0.64,,,,
2026-01-06 10:23:46.504000+00:00,2026-01-06 10:23:46.774463+00:00,526.504,0.4649999999999999,0.46,0.47,0.535,0.53,0.54,,,,
2026-01-06 10:23:47.539000+00:00,2026-01-06 10:23:47.788246+00:00,527.539,0.4599999999999999,0.45,0.47,0.545,0.54,0.55,,,,
2026-01-06 10:23:48.538000+00:00,2026-01-06 10:23:48.790750+00:00,528.538,0.44,0.43,0.45,0.565,0.56,0.57,,,,
2026-01-06 10:23:49.553000+00:00,2026-01-06 10:23:49.799322+00:00,529.553,0.445,0.44,0.45,0.555,0.55,0.56,,,,
2026-01-06 10:23:50.499000+00:00,2026-01-06 10:23:50.813483+00:00,530.499,0.445,0.44,0.45,0.555,0.55,0.56,,,,
2026-01-06 10:23:51.367000+00:00,2026-01-06 10:23:51.822101+00:00,531.367,0.445,0.44,0.45,0.555,0.55,0.56,,,,
2026-01-06 10:23:52.504000+00:00,2026-01-06 10:23:52.829568+00:00,532.504,0.445,0.44,0.45,0.555,0.55,0.56,,,,
2026-01-06 10:23:53.458000+00:00,2026-01-06 10:23:53.843067+00:00,533.458,0.445,0.44,0.45,0.555,0.55,0.56,,,,
2026-01-06 10:23:54.600000+00:00,2026-01-06 10:23:54.843506+00:00,534.6,0.435,0.43,0.44,0.565,0.56,0.57,,,,
2026-01-06 10:23:55.606000+00:00,2026-01-06 10:23:55.855887+00:00,535.606,0.445,0.44,0.45,0.555,0.55,0.56,,,,
2026-01-06 10:23:56.600000+00:00,2026-01-06 10:23:56.858051+00:00,536.6,0.47,0.46,0.48,0.525,0.52,0.53,,,,
2026-01-06 10:23:57.611000+00:00,2026-01-06 10:23:57.866880+00:00,537.611,0.47,0.46,0.48,0.53,0.52,0.54,,,,
2026-01-06 10:23:58.622000+00:00,2026-01-06 10:23:58.895485+00:00,538.622,0.47,0.46,0.48,0.53,0.52,0.54,,,,
2026-01-06 10:23:59.657000+00:00,2026-01-06 10:23:59.909675+00:00,539.657,0.475,0.47,0.48,0.525,0.52,0.53,,,,
2026-01-06 10:24:00.639000+00:00,2026-01-06 10:24:00.926490+00:00,540.639,0.49,0.48,0.5,0.505,0.5,0.51,,,,
2026-01-06 10:24:01.671000+00:00,2026-01-06 10:24:01.924417+00:00,541.671,0.495,0.49,0.5,0.505,0.5,0.51,,,,
2026-01-06 10:24:02.669000+00:00,2026-01-06 10:24:02.929836+00:00,542.669,0.515,0.51,0.52,0.485,0.48,0.49,,,,
2026-01-06 10:24:03.648000+00:00,2026-01-06 10:24:03.929119+00:00,543.648,0.52,0.51,0.53,0.48,0.47,0.49,,,,
2026-01-06 10:24:04.665000+00:00,2026-01-06 10:24:04.924979+00:00,544.665,0.505,0.49,0.52,0.485,0.48,0.49,,,,
2026-01-06 10:24:05.631000+00:00,2026-01-06 10:24:05.924207+00:00,545.631,0.505,0.5,0.51,0.495,0.49,0.5,,,,
2026-01-06 10:24:06.631000+00:00,2026-01-06 10:24:06.917727+00:00,546.631,0.515,0.51,0.52,0.485,0.48,0.49,,,,
2026-01-06 10:24:07.665000+00:00,2026-01-06 10:24:07.940913+00:00,547.665,0.555,0.55,0.56,0.445,0.44,0.45,,,,
2026-01-06 10:24:08.701000+00:00,2026-01-06 10:24:08.957706+00:00,548.701,0.555,0.55,0.56,0.445,0.44,0.45,,,,
2026-01-06 10:24:09.718000+00:00,2026-01-06 10:24:09.979072+00:00,549.718,0.555,0.55,0.56,0.445,0.44,0.45,,,,
2026-01-06 10:24:10.704000+00:00,2026-01-06 10:24:10.991603+00:00,550.704,0.555,0.55,0.56,0.445,0.44,0.45,,,,
2026-01-06 10:24:11.767000+00:00,2026-01-06 10:24:12.002353+00:00,551.767,0.595,0.59,0.6,0.405,0.4,0.41,,,,
2026-01-06 10:24:12.749000+00:00,2026-01-06 10:24:13.005811+00:00,552.749,0.595,0.59,0.6,0.405,0.4,0.41,,,,
2026-01-06 10:24:13.728000+00:00,2026-01-06 10:24:13.993090+00:00,553.728,0.595,0.59,0.6,0.405,0.4,0.41,,,,
2026-01-06 10:24:14.672000+00:00,2026-01-06 10:24:14.992679+00:00,554.672,0.595,0.59,0.6,0.405,0.4,0.41,,,,
2026-01-06 10:24:15.742000+00:00,2026-01-06 10:24:16.010690+00:00,555.742,0.5800000000000001,0.56,0.6,0.42,0.4,0.44,,,,
2026-01-06 10:24:16.771000+00:00,2026-01-06 10:24:17.029382+00:00,556.771,0.595,0.59,0.6,0.405,0.4,0.41,,,,
2026-01-06 10:24:17.768000+00:00,2026-01-06 10:24:18.028622+00:00,557.768,0.595,0.59,0.6,0.395,0.39,0.4,,,,
2026-01-06 10:24:18.771000+00:00,2026-01-06 10:24:19.028983+00:00,558.771,0.605,0.6,0.61,0.395,0.39,0.4,,,,
2026-01-06 10:24:19.856000+00:00,2026-01-06 10:24:20.046864+00:00,559.856,0.6,0.59,0.61,0.41,0.4,0.42,,,,
2026-01-06 10:24:20.811000+00:00,2026-01-06 10:24:21.062596+00:00,560.811,0.59,0.58,0.6,0.415,0.4,0.43,,,,
2026-01-06 10:24:21.833000+00:00,2026-01-06 10:24:22.076934+00:00,561.833,0.575,0.56,0.59,0.41,0.39,0.43,,,,
2026-01-06 10:24:22.827000+00:00,2026-01-06 10:24:23.069984+00:00,562.827,0.6,0.59,0.61,0.405,0.39,0.42,,,,
2026-01-06 10:24:23.782000+00:00,2026-01-06 10:24:24.092461+00:00,563.782,0.6,0.59,0.61,0.4,0.39,0.41,,,,
2026-01-06 10:24:24.800000+00:00,2026-01-06 10:24:25.090213+00:00,564.8,0.595,0.59,0.6,0.405,0.4,0.41,,,,
2026-01-06 10:24:25.844000+00:00,2026-01-06 10:24:26.099235+00:00,565.844,0.585,0.57,0.6,0.41,0.4,0.42,,,,
2026-01-06 10:24:26.767000+00:00,2026-01-06 10:24:27.097219+00:00,566.767,0.595,0.59,0.6,0.425,0.42,0.43,,,,
2026-01-06 10:24:27.844000+00:00,2026-01-06 10:24:28.108402+00:00,567.844,0.59,0.58,0.6,0.41,0.4,0.42,,,,
2026-01-06 10:24:28.852000+00:00,2026-01-06 10:24:29.111565+00:00,568.852,0.59,0.58,0.6,0.41,0.4,0.42,,,,
2026-01-06 10:24:29.883000+00:00,2026-01-06 10:24:30.130802+00:00,569.883,0.61,0.6,0.62,0.39,0.38,0.4,,,,
2026-01-06 10:24:30.882000+00:00,2026-01-06 10:24:31.137991+00:00,570.882,0.61,0.6,0.62,0.395,0.39,0.4,,,,
2026-01-06 10:24:31.889000+00:00,2026-01-06 10:24:32.151402+00:00,571.889,0.61,0.6,0.62,0.39,0.38,0.4,,,,
2026-01-06 10:24:32.911000+00:00,2026-01-06 10:24:33.168187+00:00,572.911,0.61,0.6,0.62,0.39,0.38,0.4,,,,
2026-01-06 10:24:33.928000+00:00,2026-01-06 10:24:34.183871+00:00,573.928,0.61,0.6,0.62,0.39,0.38,0.4,,,,
2026-01-06 10:24:34.922000+00:00,2026-01-06 10:24:35.184778+00:00,574.922,0.61,0.6,0.62,0.39,0.38,0.4,,,,
2026-01-06 10:24:35.938000+00:00,2026-01-06 10:24:36.190016+00:00,575.938,0.605,0.6,0.61,0.395,0.39,0.4,,,,
2026-01-06 10:24:36.963000+00:00,2026-01-06 10:24:37.207648+00:00,576.963,0.5700000000000001,0.55,0.59,0.435,0.41,0.46,,,,
2026-01-06 10:24:37.952000+00:00,2026-01-06 10:24:38.201188+00:00,577.952,0.5700000000000001,0.56,0.58,0.43,0.42,0.44,,,,
2026-01-06 10:24:38.952000+00:00,2026-01-06 10:24:39.205433+00:00,578.952,0.565,0.56,0.57,0.435,0.43,0.44,,,,
2026-01-06 10:24:39.971000+00:00,2026-01-06 10:24:40.216006+00:00,579.971,0.56,0.55,0.57,0.44,0.43,0.45,,,,
2026-01-06 10:24:40.967000+00:00,2026-01-06 10:24:41.220142+00:00,580.967,0.56,0.55,0.57,0.44,0.43,0.45,,,,
2026-01-06 10:24:41.961000+00:00,2026-01-06 10:24:42.219723+00:00,581.961,0.56,0.55,0.57,0.44,0.43,0.45,,,,
2026-01-06 10:24:42.883000+00:00,2026-01-06 10:24:43.223199+00:00,582.883,0.565,0.56,0.57,0.43,0.42,0.44,,,,
2026-01-06 10:24:43.977000+00:00,2026-01-06 10:24:44.233636+00:00,583.977,0.5700000000000001,0.56,0.58,0.43,0.42,0.44,,,,
2026-01-06 10:24:44.928000+00:00,2026-01-06 10:24:45.234590+00:00,584.928,0.56,0.55,0.57,0.44,0.43,0.45,,,,
2026-01-06 10:24:45.891000+00:00,2026-01-06 10:24:46.243116+00:00,585.891,0.565,0.56,0.57,0.435,0.43,0.44,,,,
2026-01-06 10:24:46.826000+00:00,2026-01-06 10:24:47.253122+00:00,586.826,0.565,0.56,0.57,0.435,0.43,0.44,,,,
2026-01-06 10:24:48.014000+00:00,2026-01-06 10:24:48.270258+00:00,588.014,0.565,0.56,0.57,0.425,0.41,0.44,,,,
2026-01-06 10:24:49.942000+00:00,2026-01-06 10:24:50.294094+00:00,589.942,0.575,0.57,0.58,0.425,0.42,0.43,,,,
2026-01-06 10:24:51.049000+00:00,2026-01-06 10:24:51.301505+00:00,591.049,0.5700000000000001,0.56,0.58,0.435,0.43,0.44,,,,
2026-01-06 10:24:52.062000+00:00,2026-01-06 10:24:52.312668+00:00,592.062,0.565,0.56,0.57,0.435,0.43,0.44,,,,
2026-01-06 10:24:53.059000+00:00,2026-01-06 10:24:53.324539+00:00,593.059,0.565,0.56,0.57,0.435,0.43,0.44,,,,
2026-01-06 10:24:54.068000+00:00,2026-01-06 10:24:54.322290+00:00,594.068,0.565,0.56,0.57,0.435,0.43,0.44,,,,
2026-01-06 10:24:55.090000+00:00,2026-01-06 10:24:55.329794+00:00,595.09,0.58,0.57,0.59,0.42,0.41,0.43,,,,
2026-01-06 10:24:56.099000+00:00,2026-01-06 10:24:56.343146+00:00,596.099,0.565,0.56,0.57,0.435,0.43,0.44,,,,
2026-01-06 10:24:57.105000+00:00,2026-01-06 10:24:57.353938+00:00,597.105,0.58,0.57,0.59,0.42,0.41,0.43,,,,
2026-01-06 10:24:58.104000+00:00,2026-01-06 10:24:58.359751+00:00,598.104,0.585,0.57,0.6,0.415,0.4,0.43,,,,
2026-01-06 10:24:59.119000+00:00,2026-01-06 10:24:59.369321+00:00,599.119,0.585,0.58,0.59,0.415,0.41,0.42,,,,
2026-01-06 10:25:00.071000+00:00,2026-01-06 10:25:00.378653+00:00,600.071,0.565,0.56,0.57,0.435,0.43,0.44,,,,
2026-01-06 10:25:01.076000+00:00,2026-01-06 10:25:01.386621+00:00,601.076,0.58,0.57,0.59,0.42,0.41,0.43,,,,
2026-01-06 10:25:02.067000+00:00,2026-01-06 10:25:02.392410+00:00,602.067,0.59,0.58,0.6,0.41,0.4,0.42,,,,
2026-01-06 10:25:03.151000+00:00,2026-01-06 10:25:03.405020+00:00,603.151,0.585,0.58,0.59,0.415,0.41,0.42,,,,
2026-01-06 10:25:04.158000+00:00,2026-01-06 10:25:04.409558+00:00,604.158,0.585,0.58,0.59,0.415,0.41,0.42,,,,
2026-01-06 10:25:05.151000+00:00,2026-01-06 10:25:05.406743+00:00,605.151,0.605,0.6,0.61,0.365,0.34,0.39,,,,
2026-01-06 10:25:06.170000+00:00,2026-01-06 10:25:06.419090+00:00,606.17,0.655,0.65,0.66,0.345,0.34,0.35,,,,
2026-01-06 10:25:07.170000+00:00,2026-01-06 10:25:07.434436+00:00,607.17,0.655,0.65,0.66,0.345,0.34,0.35,,,,
2026-01-06 10:25:08.130000+00:00,2026-01-06 10:25:08.436513+00:00,608.13,0.675,0.67,0.68,0.325,0.32,0.33,,,,
2026-01-06 10:25:09.212000+00:00,2026-01-06 10:25:09.453158+00:00,609.212,0.705,0.7,0.71,0.295,0.29,0.3,,,,
2026-01-06 10:25:10.195000+00:00,2026-01-06 10:25:10.455278+00:00,610.195,0.715,0.71,0.72,0.285,0.28,0.29,,,,
2026-01-06 10:25:11.204000+00:00,2026-01-06 10:25:11.465995+00:00,611.204,0.715,0.71,0.72,0.285,0.28,0.29,,,,
2026-01-06 10:25:12.233000+00:00,2026-01-06 10:25:12.484100+00:00,612.233,0.715,0.71,0.72,0.285,0.28,0.29,,,,
2026-01-06 10:25:13.255000+00:00,2026-01-06 10:25:13.508931+00:00,613.255,0.715,0.71,0.72,0.285,0.28,0.29,,,,
2026-01-06 10:25:14.256000+00:00,2026-01-06 10:25:14.505045+00:00,614.256,0.755,0.74,0.77,0.25,0.24,0.26,,,,
2026-01-06 10:25:15.258000+00:00,2026-01-06 10:25:15.511027+00:00,615.258,0.77,0.76,0.78,0.235,0.22,0.25,,,,
2026-01-06 10:25:16.252000+00:00,2026-01-06 10:25:16.519541+00:00,616.252,0.765,0.75,0.78,0.235,0.22,0.25,,,,
2026-01-06 10:25:17.265000+00:00,2026-01-06 10:25:17.518556+00:00,617.265,0.78,0.77,0.79,0.2299999999999999,0.21,0.25,,,,
2026-01-06 10:25:18.263000+00:00,2026-01-06 10:25:18.518562+00:00,618.263,0.78,0.77,0.79,0.215,0.21,0.22,,,,
2026-01-06 10:25:19.250000+00:00,2026-01-06 10:25:19.509311+00:00,619.25,0.795,0.79,0.8,0.205,0.2,0.21,,,,
2026-01-06 10:25:20.225000+00:00,2026-01-06 10:25:20.506612+00:00,620.225,0.795,0.79,0.8,0.205,0.2,0.21,,,,
2026-01-06 10:25:21.253000+00:00,2026-01-06 10:25:21.502454+00:00,621.253,0.795,0.79,0.8,0.205,0.2,0.21,,,,
2026-01-06 10:25:22.230000+00:00,2026-01-06 10:25:22.505993+00:00,622.23,0.815,0.8,0.83,0.185,0.17,0.2,,,,
2026-01-06 10:25:23.266000+00:00,2026-01-06 10:25:23.519354+00:00,623.266,0.83,0.82,0.84,0.145,0.13,0.16,,,,
2026-01-06 10:25:24.262000+00:00,2026-01-06 10:25:24.535580+00:00,624.262,0.885,0.88,0.89,0.1149999999999999,0.11,0.12,,,,
2026-01-06 10:25:25.291000+00:00,2026-01-06 10:25:25.541476+00:00,625.291,0.89,0.88,0.9,0.105,0.1,0.11,,,,
2026-01-06 10:25:26.299000+00:00,2026-01-06 10:25:26.550172+00:00,626.299,0.88,0.87,0.89,0.125,0.12,0.13,,,,
2026-01-06 10:25:27.320000+00:00,2026-01-06 10:25:27.566438+00:00,627.32,0.845,0.83,0.86,0.155,0.15,0.16,,,,
2026-01-06 10:25:28.315000+00:00,2026-01-06 10:25:28.568283+00:00,628.315,0.8200000000000001,0.81,0.83,0.185,0.18,0.19,,,,
2026-01-06 10:25:29.332000+00:00,2026-01-06 10:25:29.581878+00:00,629.332,0.84,0.83,0.85,0.155,0.15,0.16,,,,
2026-01-06 10:25:30.342000+00:00,2026-01-06 10:25:30.590987+00:00,630.342,0.84,0.83,0.85,0.155,0.15,0.16,,,,
2026-01-06 10:25:31.349000+00:00,2026-01-06 10:25:31.585324+00:00,631.349,0.835,0.82,0.85,0.175,0.16,0.19,,,,
2026-01-06 10:25:32.329000+00:00,2026-01-06 10:25:32.583957+00:00,632.329,0.8200000000000001,0.81,0.83,0.18,0.17,0.19,,,,
2026-01-06 10:25:33.316000+00:00,2026-01-06 10:25:33.584813+00:00,633.316,0.8200000000000001,0.81,0.83,0.185,0.18,0.19,,,,
2026-01-06 10:25:34.323000+00:00,2026-01-06 10:25:34.588758+00:00,634.323,0.815,0.81,0.82,0.185,0.18,0.19,,,,
2026-01-06 10:25:35.333000+00:00,2026-01-06 10:25:35.594178+00:00,635.333,0.815,0.81,0.82,0.185,0.18,0.19,,,,
2026-01-06 10:25:36.375000+00:00,2026-01-06 10:25:36.607761+00:00,636.375,0.79,0.78,0.8,0.205,0.19,0.22,,,,
2026-01-06 10:25:37.355000+00:00,2026-01-06 10:25:37.617732+00:00,637.355,0.79,0.78,0.8,0.2,0.19,0.21,,,,
2026-01-06 10:25:38.242000+00:00,2026-01-06 10:25:38.635160+00:00,638.242,0.81,0.8,0.82,0.19,0.18,0.2,,,,
2026-01-06 10:25:39.379000+00:00,2026-01-06 10:25:39.651433+00:00,639.379,0.81,0.8,0.82,0.19,0.18,0.2,,,,
2026-01-06 10:25:40.408000+00:00,2026-01-06 10:25:40.668427+00:00,640.408,0.8049999999999999,0.79,0.82,0.19,0.18,0.2,,,,
2026-01-06 10:25:41.314000+00:00,2026-01-06 10:25:41.685012+00:00,641.314,0.81,0.8,0.82,0.19,0.18,0.2,,,,
2026-01-06 10:25:42.442000+00:00,2026-01-06 10:25:42.690924+00:00,642.442,0.825,0.82,0.83,0.18,0.17,0.19,,,,
2026-01-06 10:25:43.428000+00:00,2026-01-06 10:25:43.698321+00:00,643.428,0.8200000000000001,0.81,0.83,0.18,0.17,0.19,,,,
2026-01-06 10:25:44.357000+00:00,2026-01-06 10:25:44.718394+00:00,644.357,0.815,0.8,0.83,0.185,0.17,0.2,,,,
2026-01-06 10:25:45.387000+00:00,2026-01-06 10:25:45.730462+00:00,645.387,0.81,0.8,0.82,0.19,0.18,0.2,,,,
2026-01-06 10:25:46.497000+00:00,2026-01-06 10:25:46.751709+00:00,646.497,0.8200000000000001,0.81,0.83,0.18,0.17,0.19,,,,
2026-01-06 10:25:47.502000+00:00,2026-01-06 10:25:47.762650+00:00,647.502,0.825,0.82,0.83,0.1649999999999999,0.15,0.18,,,,
2026-01-06 10:25:48.517000+00:00,2026-01-06 10:25:48.789605+00:00,648.517,0.83,0.82,0.84,0.175,0.17,0.18,,,,
2026-01-06 10:25:49.440000+00:00,2026-01-06 10:25:49.802263+00:00,649.44,0.835,0.83,0.84,0.165,0.16,0.17,,,,
2026-01-06 10:25:50.562000+00:00,2026-01-06 10:25:50.818218+00:00,650.562,0.825,0.81,0.84,0.185,0.18,0.19,,,,
2026-01-06 10:25:51.491000+00:00,2026-01-06 10:25:51.821961+00:00,651.491,0.835,0.83,0.84,0.165,0.16,0.17,,,,
2026-01-06 10:25:52.409000+00:00,2026-01-06 10:25:52.834633+00:00,652.409,0.84,0.83,0.85,0.16,0.15,0.17,,,,
2026-01-06 10:25:53.496000+00:00,2026-01-06 10:25:53.836825+00:00,653.496,0.855,0.85,0.86,0.145,0.14,0.15,,,,
2026-01-06 10:25:54.524000+00:00,2026-01-06 10:25:54.834143+00:00,654.524,0.85,0.84,0.86,0.15,0.14,0.16,,,,
2026-01-06 10:25:55.587000+00:00,2026-01-06 10:25:55.836018+00:00,655.587,0.84,0.83,0.85,0.165,0.16,0.17,,,,
2026-01-06 10:25:56.554000+00:00,2026-01-06 10:25:56.849995+00:00,656.554,0.835,0.83,0.84,0.165,0.16,0.17,,,,
2026-01-06 10:25:57.589000+00:00,2026-01-06 10:25:57.855976+00:00,657.589,0.84,0.83,0.85,0.16,0.15,0.17,,,,
2026-01-06 10:25:58.541000+00:00,2026-01-06 10:25:58.855819+00:00,658.541,0.815,0.81,0.82,0.19,0.18,0.2,,,,
2026-01-06 10:25:59.625000+00:00,2026-01-06 10:25:59.871796+00:00,659.625,0.81,0.8,0.82,0.19,0.18,0.2,,,,
2026-01-06 10:26:00.632000+00:00,2026-01-06 10:26:00.884343+00:00,660.632,0.825,0.82,0.83,0.175,0.17,0.18,,,,
2026-01-06 10:26:01.649000+00:00,2026-01-06 10:26:01.908476+00:00,661.649,0.83,0.82,0.84,0.1699999999999999,0.16,0.18,,,,
2026-01-06 10:26:02.664000+00:00,2026-01-06 10:26:02.917155+00:00,662.664,0.825,0.82,0.83,0.175,0.17,0.18,,,,
2026-01-06 10:26:03.646000+00:00,2026-01-06 10:26:03.912745+00:00,663.646,0.815,0.8,0.83,0.21,0.2,0.22,,,,
2026-01-06 10:26:04.629000+00:00,2026-01-06 10:26:04.915440+00:00,664.629,0.795,0.79,0.8,0.205,0.2,0.21,,,,
2026-01-06 10:26:05.653000+00:00,2026-01-06 10:26:05.925158+00:00,665.653,0.79,0.78,0.8,0.21,0.2,0.22,,,,
2026-01-06 10:26:06.695000+00:00,2026-01-06 10:26:06.935870+00:00,666.695,0.78,0.77,0.79,0.22,0.21,0.23,,,,
2026-01-06 10:26:07.674000+00:00,2026-01-06 10:26:07.954381+00:00,667.674,0.77,0.76,0.78,0.235,0.23,0.24,,,,
2026-01-06 10:26:08.715000+00:00,2026-01-06 10:26:08.965710+00:00,668.715,0.755,0.75,0.76,0.245,0.24,0.25,,,,
2026-01-06 10:26:09.716000+00:00,2026-01-06 10:26:09.967492+00:00,669.716,0.775,0.77,0.78,0.225,0.22,0.23,,,,
2026-01-06 10:26:10.722000+00:00,2026-01-06 10:26:10.968922+00:00,670.722,0.775,0.77,0.78,0.205,0.19,0.22,,,,
2026-01-06 10:26:11.720000+00:00,2026-01-06 10:26:11.968885+00:00,671.72,0.8,0.79,0.81,0.2,0.19,0.21,,,,
2026-01-06 10:26:12.678000+00:00,2026-01-06 10:26:12.968735+00:00,672.678,0.805,0.8,0.81,0.195,0.19,0.2,,,,
2026-01-06 10:26:13.725000+00:00,2026-01-06 10:26:13.983908+00:00,673.725,0.8,0.79,0.81,0.2,0.19,0.21,,,,
2026-01-06 10:26:14.663000+00:00,2026-01-06 10:26:14.981580+00:00,674.663,0.8,0.79,0.81,0.2,0.19,0.21,,,,
2026-01-06 10:26:15.673000+00:00,2026-01-06 10:26:15.999421+00:00,675.673,0.8,0.79,0.81,0.2,0.19,0.21,,,,
2026-01-06 10:26:16.759000+00:00,2026-01-06 10:26:17.011478+00:00,676.759,0.795,0.79,0.8,0.205,0.2,0.21,,,,
2026-01-06 10:26:17.775000+00:00,2026-01-06 10:26:18.023787+00:00,677.775,0.795,0.79,0.8,0.205,0.2,0.21,,,,
2026-01-06 10:26:18.673000+00:00,2026-01-06 10:26:19.039670+00:00,678.673,0.775,0.77,0.78,0.225,0.22,0.23,,,,
2026-01-06 10:26:19.809000+00:00,2026-01-06 10:26:20.048000+00:00,679.809,0.755,0.75,0.76,0.245,0.24,0.25,,,,
2026-01-06 10:26:20.805000+00:00,2026-01-06 10:26:21.058119+00:00,680.805,0.74,0.73,0.75,0.26,0.25,0.27,,,,
2026-01-06 10:26:21.811000+00:00,2026-01-06 10:26:22.060227+00:00,681.811,0.725,0.72,0.73,0.275,0.27,0.28,,,,
2026-01-06 10:26:22.807000+00:00,2026-01-06 10:26:23.059088+00:00,682.807,0.695,0.69,0.7,0.305,0.3,0.31,,,,
2026-01-06 10:26:23.729000+00:00,2026-01-06 10:26:24.055888+00:00,683.729,0.6799999999999999,0.67,0.69,0.325,0.32,0.33,,,,
2026-01-06 10:26:24.812000+00:00,2026-01-06 10:26:25.059687+00:00,684.812,0.72,0.71,0.73,0.28,0.27,0.29,,,,
2026-01-06 10:26:25.839000+00:00,2026-01-06 10:26:26.082693+00:00,685.839,0.715,0.71,0.72,0.285,0.28,0.29,,,,
2026-01-06 10:26:26.842000+00:00,2026-01-06 10:26:27.086879+00:00,686.842,0.725,0.72,0.73,0.275,0.27,0.28,,,,
2026-01-06 10:26:27.854000+00:00,2026-01-06 10:26:28.100004+00:00,687.854,0.735,0.73,0.74,0.265,0.26,0.27,,,,
2026-01-06 10:26:28.848000+00:00,2026-01-06 10:26:29.102659+00:00,688.848,0.735,0.73,0.74,0.265,0.26,0.27,,,,
2026-01-06 10:26:29.869000+00:00,2026-01-06 10:26:30.115794+00:00,689.869,0.735,0.73,0.74,0.265,0.26,0.27,,,,
2026-01-06 10:26:30.866000+00:00,2026-01-06 10:26:31.135162+00:00,690.866,0.735,0.73,0.74,0.265,0.26,0.27,,,,
2026-01-06 10:26:31.880000+00:00,2026-01-06 10:26:32.133431+00:00,691.88,0.705,0.7,0.71,0.295,0.29,0.3,,,,
2026-01-06 10:26:32.861000+00:00,2026-01-06 10:26:33.137262+00:00,692.861,0.71,0.7,0.72,0.275,0.27,0.28,,,,
2026-01-06 10:26:33.885000+00:00,2026-01-06 10:26:34.135526+00:00,693.885,0.72,0.71,0.73,0.28,0.27,0.29,,,,
2026-01-06 10:26:34.882000+00:00,2026-01-06 10:26:35.132882+00:00,694.882,0.715,0.71,0.72,0.285,0.28,0.29,,,,
2026-01-06 10:26:35.870000+00:00,2026-01-06 10:26:36.139368+00:00,695.87,0.715,0.71,0.72,0.285,0.28,0.29,,,,
2026-01-06 10:26:36.897000+00:00,2026-01-06 10:26:37.136160+00:00,696.897,0.72,0.71,0.73,0.28,0.27,0.29,,,,
2026-01-06 10:26:37.896000+00:00,2026-01-06 10:26:38.149176+00:00,697.896,0.72,0.71,0.73,0.28,0.27,0.29,,,,
2026-01-06 10:26:38.886000+00:00,2026-01-06 10:26:39.165627+00:00,698.886,0.72,0.71,0.73,0.28,0.27,0.29,,,,
2026-01-06 10:26:39.927000+00:00,2026-01-06 10:26:40.176551+00:00,699.927,0.735,0.73,0.74,0.265,0.26,0.27,,,,
2026-01-06 10:26:40.938000+00:00,2026-01-06 10:26:41.189316+00:00,700.938,0.76,0.75,0.77,0.235,0.23,0.24,,,,
2026-01-06 10:26:41.917000+00:00,2026-01-06 10:26:42.188719+00:00,701.917,0.765,0.76,0.77,0.235,0.23,0.24,,,,
2026-01-06 10:26:42.861000+00:00,2026-01-06 10:26:43.184382+00:00,702.861,0.765,0.76,0.77,0.235,0.23,0.24,,,,
2026-01-06 10:26:43.870000+00:00,2026-01-06 10:26:44.182324+00:00,703.87,0.765,0.76,0.77,0.235,0.23,0.24,,,,
2026-01-06 10:26:44.931000+00:00,2026-01-06 10:26:45.196968+00:00,704.931,0.77,0.76,0.78,0.2299999999999999,0.22,0.24,,,,
2026-01-06 10:26:45.916000+00:00,2026-01-06 10:26:46.214409+00:00,705.916,0.765,0.76,0.77,0.235,0.23,0.24,,,,
2026-01-06 10:26:46.958000+00:00,2026-01-06 10:26:47.216123+00:00,706.958,0.765,0.76,0.77,0.235,0.23,0.24,,,,
2026-01-06 10:26:47.850000+00:00,2026-01-06 10:26:48.231507+00:00,707.85,0.765,0.76,0.77,0.235,0.23,0.24,,,,
2026-01-06 10:26:48.981000+00:00,2026-01-06 10:26:49.241134+00:00,708.981,0.78,0.77,0.79,0.22,0.21,0.23,,,,
2026-01-06 10:26:49.958000+00:00,2026-01-06 10:26:50.231761+00:00,709.958,0.785,0.78,0.79,0.215,0.21,0.22,,,,
2026-01-06 10:26:50.906000+00:00,2026-01-06 10:26:51.243209+00:00,710.906,0.795,0.79,0.8,0.205,0.2,0.21,,,,
2026-01-06 10:26:51.986000+00:00,2026-01-06 10:26:52.257859+00:00,711.986,0.795,0.79,0.8,0.205,0.2,0.21,,,,
2026-01-06 10:26:53.018000+00:00,2026-01-06 10:26:53.265560+00:00,713.018,0.8200000000000001,0.81,0.83,0.18,0.17,0.19,,,,
2026-01-06 10:26:54.013000+00:00,2026-01-06 10:26:54.262255+00:00,714.013,0.825,0.82,0.83,0.175,0.17,0.18,,,,
2026-01-06 10:26:55.027000+00:00,2026-01-06 10:26:55.279953+00:00,715.027,0.825,0.81,0.84,0.18,0.16,0.2,,,,
2026-01-06 10:26:56.022000+00:00,2026-01-06 10:26:56.281384+00:00,716.022,0.825,0.81,0.84,0.175,0.17,0.18,,,,
2026-01-06 10:26:57.045000+00:00,2026-01-06 10:26:57.298003+00:00,717.045,0.815,0.81,0.82,0.185,0.18,0.19,,,,
2026-01-06 10:26:58.027000+00:00,2026-01-06 10:26:58.312207+00:00,718.027,0.805,0.8,0.81,0.195,0.19,0.2,,,,
2026-01-06 10:26:59.060000+00:00,2026-01-06 10:26:59.319020+00:00,719.06,0.815,0.8,0.83,0.185,0.17,0.2,,,,
2026-01-06 10:27:00.090000+00:00,2026-01-06 10:27:00.343256+00:00,720.09,0.815,0.8,0.83,0.175,0.17,0.18,,,,
2026-01-06 10:27:01.077000+00:00,2026-01-06 10:27:01.348111+00:00,721.077,0.83,0.82,0.84,0.1699999999999999,0.16,0.18,,,,
2026-01-06 10:27:02.108000+00:00,2026-01-06 10:27:02.357920+00:00,722.108,0.795,0.79,0.8,0.205,0.2,0.21,,,,
2026-01-06 10:27:03.103000+00:00,2026-01-06 10:27:03.362818+00:00,723.103,0.79,0.78,0.8,0.21,0.2,0.22,,,,
2026-01-06 10:27:04.104000+00:00,2026-01-06 10:27:04.365759+00:00,724.104,0.77,0.76,0.78,0.2299999999999999,0.22,0.24,,,,
2026-01-06 10:27:05.122000+00:00,2026-01-06 10:27:05.380864+00:00,725.122,0.77,0.76,0.78,0.215,0.2,0.23,,,,
2026-01-06 10:27:06.142000+00:00,2026-01-06 10:27:06.398041+00:00,726.142,0.77,0.76,0.78,0.2249999999999999,0.21,0.24,,,,
2026-01-06 10:27:07.109000+00:00,2026-01-06 10:27:07.405000+00:00,727.109,0.765,0.76,0.77,0.235,0.23,0.24,,,,
2026-01-06 10:27:08.155000+00:00,2026-01-06 10:27:08.408808+00:00,728.155,0.765,0.76,0.77,0.235,0.23,0.24,,,,
2026-01-06 10:27:09.161000+00:00,2026-01-06 10:27:09.423231+00:00,729.161,0.765,0.76,0.77,0.235,0.23,0.24,,,,
2026-01-06 10:27:10.059000+00:00,2026-01-06 10:27:10.433094+00:00,730.059,0.765,0.76,0.77,0.235,0.23,0.24,,,,
2026-01-06 10:27:11.117000+00:00,2026-01-06 10:27:11.432145+00:00,731.117,0.765,0.76,0.77,0.235,0.23,0.24,,,,
2026-01-06 10:27:12.047000+00:00,2026-01-06 10:27:12.442596+00:00,732.047,0.765,0.76,0.77,0.235,0.23,0.24,,,,
2026-01-06 10:27:13.062000+00:00,2026-01-06 10:27:13.447564+00:00,733.062,0.765,0.76,0.77,0.235,0.23,0.24,,,,
2026-01-06 10:27:14.210000+00:00,2026-01-06 10:27:14.462546+00:00,734.21,0.775,0.77,0.78,0.225,0.22,0.23,,,,
2026-01-06 10:27:15.100000+00:00,2026-01-06 10:27:15.483311+00:00,735.1,0.775,0.77,0.78,0.225,0.22,0.23,,,,
2026-01-06 10:27:16.197000+00:00,2026-01-06 10:27:16.498032+00:00,736.197,0.775,0.77,0.78,0.215,0.21,0.22,,,,
2026-01-06 10:27:17.371000+00:00,2026-01-06 10:27:17.499618+00:00,737.371,0.785,0.78,0.79,0.215,0.21,0.22,,,,
2026-01-06 10:27:18.996000+00:00,2026-01-06 10:27:19.501109+00:00,738.996,0.785,0.78,0.79,0.215,0.21,0.22,,,,
2026-01-06 10:27:20.239000+00:00,2026-01-06 10:27:20.519111+00:00,740.239,0.79,0.78,0.8,0.21,0.2,0.22,,,,
2026-01-06 10:27:21.268000+00:00,2026-01-06 10:27:21.520744+00:00,741.268,0.795,0.79,0.8,0.205,0.2,0.21,,,,
2026-01-06 10:27:22.260000+00:00,2026-01-06 10:27:22.538445+00:00,742.26,0.795,0.79,0.8,0.205,0.2,0.21,,,,
2026-01-06 10:27:23.139000+00:00,2026-01-06 10:27:23.546110+00:00,743.139,0.795,0.79,0.8,0.205,0.2,0.21,,,,
2026-01-06 10:27:24.303000+00:00,2026-01-06 10:27:24.561007+00:00,744.303,0.795,0.79,0.8,0.205,0.2,0.21,,,,
2026-01-06 10:27:25.319000+00:00,2026-01-06 10:27:25.568991+00:00,745.319,0.805,0.8,0.81,0.195,0.19,0.2,,,,
2026-01-06 10:27:26.338000+00:00,2026-01-06 10:27:26.589583+00:00,746.338,0.805,0.8,0.81,0.195,0.19,0.2,,,,
2026-01-06 10:27:27.330000+00:00,2026-01-06 10:27:27.587281+00:00,747.33,0.81,0.8,0.82,0.19,0.18,0.2,,,,
2026-01-06 10:27:28.353000+00:00,2026-01-06 10:27:28.606559+00:00,748.353,0.84,0.83,0.85,0.155,0.15,0.16,,,,
2026-01-06 10:27:29.360000+00:00,2026-01-06 10:27:29.613944+00:00,749.36,0.86,0.85,0.87,0.14,0.13,0.15,,,,
2026-01-06 10:27:30.351000+00:00,2026-01-06 10:27:30.613556+00:00,750.351,0.865,0.86,0.87,0.14,0.13,0.15,,,,
2026-01-06 10:27:31.342000+00:00,2026-01-06 10:27:31.628208+00:00,751.342,0.875,0.87,0.88,0.115,0.1,0.13,,,,
2026-01-06 10:27:32.397000+00:00,2026-01-06 10:27:32.641717+00:00,752.397,0.885,0.86,0.91,0.11,0.09,0.13,,,,
2026-01-06 10:27:33.385000+00:00,2026-01-06 10:27:33.639625+00:00,753.385,0.885,0.87,0.9,0.12,0.11,0.13,,,,
2026-01-06 10:27:34.396000+00:00,2026-01-06 10:27:34.662079+00:00,754.396,0.895,0.88,0.91,0.105,0.09,0.12,,,,
2026-01-06 10:27:35.389000+00:00,2026-01-06 10:27:35.662611+00:00,755.389,0.89,0.88,0.9,0.11,0.1,0.12,,,,
2026-01-06 10:27:36.396000+00:00,2026-01-06 10:27:36.662064+00:00,756.396,0.915,0.91,0.92,0.0849999999999999,0.08,0.09,,,,
2026-01-06 10:27:37.407000+00:00,2026-01-06 10:27:37.660546+00:00,757.407,0.905,0.9,0.91,0.1,0.09,0.11,,,,
2026-01-06 10:27:38.425000+00:00,2026-01-06 10:27:38.678599+00:00,758.425,0.905,0.89,0.92,0.095,0.08,0.11,,,,
2026-01-06 10:27:39.375000+00:00,2026-01-06 10:27:39.678860+00:00,759.375,0.905,0.89,0.92,0.085,0.07,0.1,,,,
2026-01-06 10:27:40.432000+00:00,2026-01-06 10:27:40.693387+00:00,760.432,0.925,0.92,0.93,0.08,0.07,0.09,,,,
2026-01-06 10:27:41.453000+00:00,2026-01-06 10:27:41.705007+00:00,761.453,0.91,0.9,0.92,0.09,0.08,0.1,,,,
2026-01-06 10:27:42.445000+00:00,2026-01-06 10:27:42.711247+00:00,762.445,0.9,0.89,0.91,0.1,0.09,0.11,,,,
2026-01-06 10:27:43.583000+00:00,2026-01-06 10:27:43.726740+00:00,763.583,0.89,0.88,0.9,0.1149999999999999,0.11,0.12,,,,
2026-01-06 10:27:44.468000+00:00,2026-01-06 10:27:44.728192+00:00,764.468,0.895,0.88,0.91,0.105,0.1,0.11,,,,
2026-01-06 10:27:45.465000+00:00,2026-01-06 10:27:45.717584+00:00,765.465,0.895,0.89,0.9,0.11,0.1,0.12,,,,
2026-01-06 10:27:46.573000+00:00,2026-01-06 10:27:46.731645+00:00,766.573,0.905,0.9,0.91,0.1,0.09,0.11,,,,
2026-01-06 10:27:47.488000+00:00,2026-01-06 10:27:47.743048+00:00,767.488,0.9,0.89,0.91,0.1,0.09,0.11,,,,
2026-01-06 10:27:48.383000+00:00,2026-01-06 10:27:48.734844+00:00,768.383,0.89,0.88,0.9,0.11,0.1,0.12,,,,
2026-01-06 10:27:49.504000+00:00,2026-01-06 10:27:49.752907+00:00,769.504,0.9,0.89,0.91,0.1,0.09,0.11,,,,
2026-01-06 10:27:50.498000+00:00,2026-01-06 10:27:50.771949+00:00,770.498,0.905,0.9,0.91,0.1,0.09,0.11,,,,
2026-01-06 10:27:51.528000+00:00,2026-01-06 10:27:51.779557+00:00,771.528,0.89,0.88,0.9,0.105,0.1,0.11,,,,
2026-01-06 10:27:52.499000+00:00,2026-01-06 10:27:52.779261+00:00,772.499,0.89,0.88,0.9,0.11,0.1,0.12,,,,
2026-01-06 10:27:53.555000+00:00,2026-01-06 10:27:53.808520+00:00,773.555,0.89,0.88,0.9,0.11,0.1,0.12,,,,
2026-01-06 10:27:54.568000+00:00,2026-01-06 10:27:54.813148+00:00,774.568,0.89,0.88,0.9,0.11,0.1,0.12,,,,
2026-01-06 10:27:55.523000+00:00,2026-01-06 10:27:55.812003+00:00,775.523,0.88,0.87,0.89,0.115,0.1,0.13,,,,
2026-01-06 10:27:56.544000+00:00,2026-01-06 10:27:56.835993+00:00,776.544,0.88,0.87,0.89,0.125,0.11,0.14,,,,
2026-01-06 10:27:57.581000+00:00,2026-01-06 10:27:57.831200+00:00,777.581,0.895,0.89,0.9,0.105,0.1,0.11,,,,
2026-01-06 10:27:58.551000+00:00,2026-01-06 10:27:58.846788+00:00,778.551,0.885,0.88,0.89,0.1149999999999999,0.11,0.12,,,,
2026-01-06 10:27:59.576000+00:00,2026-01-06 10:27:59.847061+00:00,779.576,0.885,0.88,0.89,0.1149999999999999,0.11,0.12,,,,
2026-01-06 10:28:00.560000+00:00,2026-01-06 10:28:00.853073+00:00,780.56,0.885,0.88,0.89,0.1149999999999999,0.11,0.12,,,,
2026-01-06 10:28:01.616000+00:00,2026-01-06 10:28:01.862787+00:00,781.616,0.895,0.89,0.9,0.105,0.1,0.11,,,,
2026-01-06 10:28:02.528000+00:00,2026-01-06 10:28:02.868437+00:00,782.528,0.885,0.87,0.9,0.115,0.1,0.13,,,,
2026-01-06 10:28:03.593000+00:00,2026-01-06 10:28:03.865206+00:00,783.593,0.885,0.87,0.9,0.11,0.1,0.12,,,,
2026-01-06 10:28:04.553000+00:00,2026-01-06 10:28:04.881746+00:00,784.553,0.89,0.88,0.9,0.11,0.1,0.12,,,,
2026-01-06 10:28:05.476000+00:00,2026-01-06 10:28:05.896115+00:00,785.476,0.875,0.87,0.88,0.125,0.12,0.13,,,,
2026-01-06 10:28:06.648000+00:00,2026-01-06 10:28:06.909961+00:00,786.648,0.885,0.87,0.9,0.12,0.11,0.13,,,,
2026-01-06 10:28:07.571000+00:00,2026-01-06 10:28:07.911246+00:00,787.571,0.885,0.87,0.9,0.115,0.1,0.13,,,,
2026-01-06 10:28:08.666000+00:00,2026-01-06 10:28:08.917159+00:00,788.666,0.885,0.87,0.9,0.115,0.1,0.13,,,,
2026-01-06 10:28:09.563000+00:00,2026-01-06 10:28:09.925645+00:00,789.563,0.885,0.87,0.9,0.115,0.1,0.13,,,,
2026-01-06 10:28:10.669000+00:00,2026-01-06 10:28:10.934093+00:00,790.669,0.89,0.88,0.9,0.11,0.1,0.12,,,,
2026-01-06 10:28:11.690000+00:00,2026-01-06 10:28:11.942326+00:00,791.69,0.89,0.88,0.9,0.11,0.1,0.12,,,,
2026-01-06 10:28:12.692000+00:00,2026-01-06 10:28:12.945760+00:00,792.692,0.895,0.88,0.91,0.105,0.09,0.12,,,,
2026-01-06 10:28:13.686000+00:00,2026-01-06 10:28:13.952466+00:00,793.686,0.9,0.89,0.91,0.11,0.1,0.12,,,,
2026-01-06 10:28:14.714000+00:00,2026-01-06 10:28:14.961602+00:00,794.714,0.89,0.88,0.9,0.11,0.1,0.12,,,,
2026-01-06 10:28:15.540000+00:00,2026-01-06 10:28:15.972180+00:00,795.54,0.89,0.88,0.9,0.11,0.1,0.12,,,,
2026-01-06 10:28:16.736000+00:00,2026-01-06 10:28:16.987768+00:00,796.736,0.89,0.88,0.9,0.105,0.09,0.12,,,,
2026-01-06 10:28:17.629000+00:00,2026-01-06 10:28:17.995438+00:00,797.629,0.89,0.88,0.9,0.11,0.1,0.12,,,,
2026-01-06 10:28:18.746000+00:00,2026-01-06 10:28:18.998810+00:00,798.746,0.895,0.88,0.91,0.105,0.09,0.12,,,,
2026-01-06 10:28:19.698000+00:00,2026-01-06 10:28:19.998303+00:00,799.698,0.895,0.88,0.91,0.11,0.1,0.12,,,,
2026-01-06 10:28:20.728000+00:00,2026-01-06 10:28:20.995361+00:00,800.728,0.905,0.9,0.91,0.095,0.09,0.1,,,,
2026-01-06 10:28:21.748000+00:00,2026-01-06 10:28:21.997328+00:00,801.748,0.875,0.87,0.88,0.125,0.12,0.13,,,,
2026-01-06 10:28:22.732000+00:00,2026-01-06 10:28:22.994408+00:00,802.732,0.9,0.89,0.91,0.1,0.09,0.11,,,,
2026-01-06 10:28:23.743000+00:00,2026-01-06 10:28:24.000220+00:00,803.743,0.9,0.89,0.91,0.1,0.09,0.11,,,,
2026-01-06 10:28:24.699000+00:00,2026-01-06 10:28:25.011293+00:00,804.699,0.885,0.88,0.89,0.1149999999999999,0.11,0.12,,,,
2026-01-06 10:28:25.572000+00:00,2026-01-06 10:28:26.014477+00:00,805.572,0.885,0.88,0.89,0.1149999999999999,0.11,0.12,,,,
2026-01-06 10:28:26.768000+00:00,2026-01-06 10:28:27.023628+00:00,806.768,0.885,0.88,0.89,0.1149999999999999,0.11,0.12,,,,
2026-01-06 10:28:27.777000+00:00,2026-01-06 10:28:28.026968+00:00,807.777,0.91,0.9,0.92,0.0849999999999999,0.08,0.09,,,,
2026-01-06 10:28:28.742000+00:00,2026-01-06 10:28:29.039532+00:00,808.742,0.905,0.9,0.91,0.095,0.09,0.1,,,,
2026-01-06 10:28:29.739000+00:00,2026-01-06 10:28:30.045080+00:00,809.739,0.91,0.9,0.92,0.08,0.06,0.1,,,,
2026-01-06 10:28:30.719000+00:00,2026-01-06 10:28:31.060399+00:00,810.719,0.915,0.91,0.92,0.0849999999999999,0.08,0.09,,,,
2026-01-06 10:28:31.824000+00:00,2026-01-06 10:28:32.072952+00:00,811.824,0.92,0.91,0.93,0.08,0.07,0.09,,,,
2026-01-06 10:28:32.830000+00:00,2026-01-06 10:28:33.075951+00:00,812.83,0.925,0.91,0.94,0.08,0.07,0.09,,,,
2026-01-06 10:28:33.823000+00:00,2026-01-06 10:28:34.078298+00:00,813.823,0.92,0.91,0.93,0.08,0.07,0.09,,,,
2026-01-06 10:28:34.799000+00:00,2026-01-06 10:28:35.091333+00:00,814.799,0.93,0.92,0.94,0.07,0.06,0.08,,,,
2026-01-06 10:28:35.823000+00:00,2026-01-06 10:28:36.096985+00:00,815.823,0.925,0.91,0.94,0.075,0.06,0.09,,,,
2026-01-06 10:28:36.865000+00:00,2026-01-06 10:28:37.114485+00:00,816.865,0.915,0.91,0.92,0.0849999999999999,0.08,0.09,,,,
2026-01-06 10:28:37.841000+00:00,2026-01-06 10:28:38.126645+00:00,817.841,0.915,0.91,0.92,0.0849999999999999,0.08,0.09,,,,
2026-01-06 10:28:38.865000+00:00,2026-01-06 10:28:39.130265+00:00,818.865,0.91,0.9,0.92,0.09,0.08,0.1,,,,
2026-01-06 10:28:39.708000+00:00,2026-01-06 10:28:40.127937+00:00,819.708,0.915,0.91,0.92,0.09,0.08,0.1,,,,
2026-01-06 10:28:40.726000+00:00,2026-01-06 10:28:41.126449+00:00,820.726,0.915,0.91,0.92,0.0849999999999999,0.08,0.09,,,,
2026-01-06 10:28:41.885000+00:00,2026-01-06 10:28:42.136385+00:00,821.885,0.915,0.91,0.92,0.0849999999999999,0.08,0.09,,,,
2026-01-06 10:28:42.865000+00:00,2026-01-06 10:28:43.135924+00:00,822.865,0.915,0.91,0.92,0.0849999999999999,0.08,0.09,,,,
2026-01-06 10:28:43.812000+00:00,2026-01-06 10:28:44.132473+00:00,823.812,0.915,0.9,0.93,0.085,0.07,0.1,,,,
2026-01-06 10:28:44.833000+00:00,2026-01-06 10:28:45.126841+00:00,824.833,0.915,0.9,0.93,0.085,0.07,0.1,,,,
2026-01-06 10:28:45.878000+00:00,2026-01-06 10:28:46.128351+00:00,825.878,0.905,0.9,0.91,0.095,0.09,0.1,,,,
2026-01-06 10:28:46.892000+00:00,2026-01-06 10:28:47.140213+00:00,826.892,0.9,0.89,0.91,0.1,0.09,0.11,,,,
2026-01-06 10:28:47.892000+00:00,2026-01-06 10:28:48.142277+00:00,827.892,0.885,0.88,0.89,0.1149999999999999,0.11,0.12,,,,
2026-01-06 10:28:48.346000+00:00,2026-01-06 10:28:49.134898+00:00,828.346,0.885,0.88,0.89,0.1149999999999999,0.11,0.12,,,,
2026-01-06 10:28:49.895000+00:00,2026-01-06 10:28:50.147107+00:00,829.895,0.885,0.88,0.89,0.1149999999999999,0.11,0.12,,,,
2026-01-06 10:28:50.913000+00:00,2026-01-06 10:28:51.160659+00:00,830.913,0.89,0.88,0.9,0.11,0.1,0.12,,,,
2026-01-06 10:28:51.912000+00:00,2026-01-06 10:28:52.177373+00:00,831.912,0.89,0.88,0.9,0.11,0.1,0.12,,,,
2026-01-06 10:28:52.880000+00:00,2026-01-06 10:28:53.176879+00:00,832.88,0.89,0.88,0.9,0.11,0.1,0.12,,,,
2026-01-06 10:28:53.699000+00:00,2026-01-06 10:28:54.190408+00:00,833.699,0.89,0.88,0.9,0.11,0.1,0.12,,,,
2026-01-06 10:28:54.872000+00:00,2026-01-06 10:28:55.202618+00:00,834.872,0.895,0.89,0.9,0.105,0.1,0.11,,,,
2026-01-06 10:28:55.811000+00:00,2026-01-06 10:28:56.207284+00:00,835.811,0.905,0.9,0.91,0.095,0.09,0.1,,,,
2026-01-06 10:28:56.786000+00:00,2026-01-06 10:28:57.219566+00:00,836.786,0.905,0.9,0.91,0.095,0.09,0.1,,,,
2026-01-06 10:28:57.967000+00:00,2026-01-06 10:28:58.220912+00:00,837.967,0.905,0.9,0.91,0.095,0.09,0.1,,,,
2026-01-06 10:28:58.768000+00:00,2026-01-06 10:28:59.234039+00:00,838.768,0.905,0.9,0.91,0.095,0.09,0.1,,,,
2026-01-06 10:29:00.186000+00:00,2026-01-06 10:29:00.469208+00:00,840.186,0.905,0.9,0.91,0.095,0.09,0.1,,,,
2026-01-06 10:29:01.963000+00:00,2026-01-06 10:29:02.261550+00:00,841.963,0.905,0.9,0.91,0.095,0.09,0.1,,,,
2026-01-06 10:29:02.973000+00:00,2026-01-06 10:29:03.273864+00:00,842.973,0.905,0.9,0.91,0.095,0.09,0.1,,,,
2026-01-06 10:29:03.934000+00:00,2026-01-06 10:29:04.273573+00:00,843.934,0.905,0.9,0.91,0.095,0.09,0.1,,,,
2026-01-06 10:29:05.036000+00:00,2026-01-06 10:29:05.297592+00:00,845.036,0.91,0.9,0.92,0.095,0.09,0.1,,,,
2026-01-06 10:29:06.053000+00:00,2026-01-06 10:29:06.307374+00:00,846.053,0.92,0.91,0.93,0.085,0.07,0.1,,,,
2026-01-06 10:29:07.747000+00:00,2026-01-06 10:29:08.345136+00:00,847.747,0.92,0.91,0.93,0.08,0.07,0.09,,,,
2026-01-06 10:29:09.994000+00:00,2026-01-06 10:29:10.363597+00:00,849.994,0.905,0.89,0.92,0.095,0.08,0.11,,,,
2026-01-06 10:29:11.125000+00:00,2026-01-06 10:29:11.378733+00:00,851.125,0.91,0.9,0.92,0.09,0.08,0.1,,,,
2026-01-06 10:29:12.116000+00:00,2026-01-06 10:29:12.383741+00:00,852.116,0.915,0.9,0.93,0.085,0.07,0.1,,,,
2026-01-06 10:29:13.139000+00:00,2026-01-06 10:29:13.392804+00:00,853.139,0.915,0.9,0.93,0.085,0.07,0.1,,,,
2026-01-06 10:29:14.982000+00:00,2026-01-06 10:29:15.404392+00:00,854.982,0.915,0.9,0.93,0.085,0.07,0.1,,,,
2026-01-06 10:29:16.133000+00:00,2026-01-06 10:29:16.409608+00:00,856.133,0.915,0.9,0.93,0.085,0.07,0.1,,,,
2026-01-06 10:29:17.152000+00:00,2026-01-06 10:29:17.415449+00:00,857.152,0.925,0.91,0.94,0.075,0.06,0.09,,,,
2026-01-06 10:29:18.166000+00:00,2026-01-06 10:29:18.429000+00:00,858.166,0.92,0.91,0.93,0.08,0.07,0.09,,,,
2026-01-06 10:29:19.193000+00:00,2026-01-06 10:29:19.442930+00:00,859.193,0.925,0.91,0.94,0.08,0.07,0.09,,,,
2026-01-06 10:29:20.120000+00:00,2026-01-06 10:29:20.459317+00:00,860.12,0.92,0.91,0.93,0.08,0.07,0.09,,,,
2026-01-06 10:29:21.211000+00:00,2026-01-06 10:29:21.461205+00:00,861.211,0.925,0.91,0.94,0.075,0.06,0.09,,,,
2026-01-06 10:29:22.062000+00:00,2026-01-06 10:29:22.469590+00:00,862.062,0.935,0.92,0.95,0.065,0.05,0.08,,,,
2026-01-06 10:29:23.188000+00:00,2026-01-06 10:29:23.487177+00:00,863.188,0.945,0.94,0.95,0.06,0.04,0.08,,,,
2026-01-06 10:29:24.172000+00:00,2026-01-06 10:29:24.501197+00:00,864.172,0.955,0.95,0.96,0.045,0.04,0.05,,,,
2026-01-06 10:29:25.243000+00:00,2026-01-06 10:29:25.508704+00:00,865.243,0.965,0.96,0.97,0.035,0.03,0.04,,,,
2026-01-06 10:29:26.154000+00:00,2026-01-06 10:29:26.510821+00:00,866.154,0.965,0.96,0.97,0.035,0.03,0.04,,,,
2026-01-06 10:29:27.258000+00:00,2026-01-06 10:29:27.525844+00:00,867.258,0.965,0.96,0.97,0.035,0.03,0.04,,,,
2026-01-06 10:29:28.218000+00:00,2026-01-06 10:29:28.525107+00:00,868.218,0.96,0.95,0.97,0.04,0.03,0.05,,,,
2026-01-06 10:29:29.213000+00:00,2026-01-06 10:29:29.526500+00:00,869.213,0.975,0.97,0.98,0.025,0.02,0.03,,,,
2026-01-06 10:29:30.366000+00:00,2026-01-06 10:29:30.542171+00:00,870.366,0.975,0.97,0.98,0.025,0.02,0.03,,,,
2026-01-06 10:29:31.130000+00:00,2026-01-06 10:29:31.554028+00:00,871.13,0.975,0.97,0.98,0.025,0.02,0.03,,,,
2026-01-06 10:29:32.306000+00:00,2026-01-06 10:29:32.555964+00:00,872.306,0.975,0.97,0.98,0.025,0.02,0.03,,,,
2026-01-06 10:29:33.226000+00:00,2026-01-06 10:29:33.564103+00:00,873.226,0.98,0.97,0.99,0.02,0.01,0.03,,,,
2026-01-06 10:29:34.304000+00:00,2026-01-06 10:29:34.575186+00:00,874.304,0.98,0.97,0.99,0.02,0.01,0.03,,,,
2026-01-06 10:29:35.318000+00:00,2026-01-06 10:29:35.586832+00:00,875.318,0.98,0.97,0.99,0.015,0.01,0.02,,,,
2026-01-06 10:29:36.158000+00:00,2026-01-06 10:29:36.592351+00:00,876.158,0.985,0.98,0.99,0.015,0.01,0.02,,,,
2026-01-06 10:29:37.330000+00:00,2026-01-06 10:29:37.591358+00:00,877.33,0.98,0.97,0.99,0.02,0.01,0.03,,,,
2026-01-06 10:29:38.104000+00:00,2026-01-06 10:29:38.588981+00:00,878.104,0.98,0.97,0.99,0.02,0.01,0.03,,,,
2026-01-06 10:29:39.296000+00:00,2026-01-06 10:29:39.605772+00:00,879.296,0.985,0.98,0.99,0.015,0.01,0.02,,,,
2026-01-06 10:29:40.349000+00:00,2026-01-06 10:29:40.608294+00:00,880.349,0.99,0.99,,0.01,,0.01,,,,
2026-01-06 10:29:41.343000+00:00,2026-01-06 10:29:41.605983+00:00,881.343,0.99,0.99,,0.01,,0.01,,,,
2026-01-06 10:29:42.340000+00:00,2026-01-06 10:29:42.618540+00:00,882.34,0.99,0.99,,0.01,,0.01,,,,
2026-01-06 10:29:43.352000+00:00,2026-01-06 10:29:43.641955+00:00,883.352,0.99,0.99,,0.01,,0.01,,,,
2026-01-06 10:29:44.224000+00:00,2026-01-06 10:29:44.641880+00:00,884.224,0.99,0.99,,0.01,,0.01,,,,
2026-01-06 10:29:45.392000+00:00,2026-01-06 10:29:45.639316+00:00,885.392,0.93,0.93,,0.08,,0.08,,,,
2026-01-06 10:29:46.390000+00:00,2026-01-06 10:29:46.637038+00:00,886.39,0.925,0.89,0.96,0.06,0.01,0.11,,,,
2026-01-06 10:29:47.282000+00:00,2026-01-06 10:29:47.655070+00:00,887.282,0.985,0.98,0.99,0.015,0.01,0.02,,,,
2026-01-06 10:29:48.274000+00:00,2026-01-06 10:29:48.673242+00:00,888.274,0.99,0.99,,0.01,,0.01,,,,
2026-01-06 10:29:49.360000+00:00,2026-01-06 10:29:49.674106+00:00,889.36,0.99,0.99,,0.01,,0.01,,,,
2026-01-06 10:29:50.164000+00:00,2026-01-06 10:29:50.672735+00:00,890.164,0.99,0.99,,0.01,,0.01,,,,
2026-01-06 10:29:51.143000+00:00,2026-01-06 10:29:51.689598+00:00,891.143,0.99,0.99,,0.01,,0.01,,,,
2026-01-06 10:29:52.440000+00:00,2026-01-06 10:29:52.689295+00:00,892.44,0.99,0.99,,0.01,,0.01,,,,
2026-01-06 10:29:53.335000+00:00,2026-01-06 10:29:53.691532+00:00,893.335,0.99,0.99,,0.01,,0.01,,,,
2026-01-06 10:29:54.403000+00:00,2026-01-06 10:29:54.709110+00:00,894.403,0.99,0.99,,0.01,,0.01,,,,
2026-01-06 10:29:55.186000+00:00,2026-01-06 10:29:55.722581+00:00,895.186,0.99,0.99,,0.01,,0.01,,,,
2026-01-06 10:29:56.482000+00:00,2026-01-06 10:29:56.740373+00:00,896.482,0.99,0.99,,0.01,,0.01,,,,
2026-01-06 10:29:57.405000+00:00,2026-01-06 10:29:57.739375+00:00,897.405,0.99,0.99,,0.01,,0.01,,,,
2026-01-06 10:29:58.226000+00:00,2026-01-06 10:29:58.754515+00:00,898.226,0.99,0.99,,0.01,,0.01,,,,
2026-01-06 10:29:59.514000+00:00,2026-01-06 10:29:59.770469+00:00,899.514,0.99,0.99,,0.01,,0.01,,,,
