timestamp,collected_at,seconds,mid,bid,ask,asset
2026-01-06 07:00:00+00:00,2026-01-06 07:04:53.273345+00:00,0.0,3239.452,3239.39,3239.55,ETH
2026-01-06 07:00:01+00:00,2026-01-06 07:04:54.280539+00:00,1.0,3238.982,3238.86,3239.27,ETH
2026-01-06 07:00:02+00:00,2026-01-06 07:04:55.280359+00:00,2.0,3238.832,3238.73,3239.04,ETH
2026-01-06 07:00:03+00:00,2026-01-06 07:04:56.299614+00:00,3.0,3239.162,3238.99,3239.21,ETH
2026-01-06 07:00:04+00:00,2026-01-06 07:04:57.323038+00:00,4.0,3239.182,3239.01,3239.23,ETH
2026-01-06 07:00:05+00:00,2026-01-06 07:04:58.331778+00:00,5.0,3239.182,3238.96,3239.25,ETH
2026-01-06 07:00:06+00:00,2026-01-06 07:04:59.346874+00:00,6.0,3239.012,3238.77,3239.01,ETH
2026-01-06 07:00:07+00:00,2026-01-06 07:05:00.344080+00:00,7.0,3238.962,3238.74,3239.0,ETH
2026-01-06 07:00:08+00:00,2026-01-06 07:05:01.366495+00:00,8.0,3238.682,3238.67,3238.9,ETH
2026-01-06 07:00:09+00:00,2026-01-06 07:05:02.360471+00:00,9.0,3238.592,3238.28,3238.73,ETH
2026-01-06 07:00:10+00:00,2026-01-06 07:05:03.358112+00:00,10.0,3238.592,3238.35,3238.59,ETH
2026-01-06 07:00:11+00:00,2026-01-06 07:05:04.377539+00:00,11.0,3238.592,3238.35,3238.68,ETH
2026-01-06 07:00:12+00:00,2026-01-06 07:05:05.374461+00:00,12.0,3238.332,3238.31,3238.56,ETH
2026-01-06 07:00:13+00:00,2026-01-06 07:05:06.381893+00:00,13.0,3238.332,3238.05,3238.33,ETH
2026-01-06 07:00:14+00:00,2026-01-06 07:05:07.380511+00:00,14.0,3238.322,3238.13,3238.33,ETH
2026-01-06 07:00:15+00:00,2026-01-06 07:05:08.397205+00:00,15.0,3238.322,3238.05,3238.37,ETH
2026-01-06 07:00:16+00:00,2026-01-06 07:05:09.404453+00:00,16.0,3238.322,3238.04,3238.36,ETH
2026-01-06 07:00:17+00:00,2026-01-06 07:05:10.401439+00:00,17.0,3238.322,3238.07,3238.44,ETH
2026-01-06 07:00:18+00:00,2026-01-06 07:05:11.411429+00:00,18.0,3238.322,3238.07,3238.42,ETH
2026-01-06 07:00:19+00:00,2026-01-06 07:05:12.429445+00:00,19.0,3238.322,3238.08,3238.42,ETH
2026-01-06 07:00:20+00:00,2026-01-06 07:05:13.427326+00:00,20.0,3238.532,3238.3,3238.67,ETH
2026-01-06 07:00:21+00:00,2026-01-06 07:05:14.427399+00:00,21.0,3238.592,3238.3,3238.67,ETH
2026-01-06 07:00:22+00:00,2026-01-06 07:05:15.429467+00:00,22.0,3238.662,3238.34,3238.77,ETH
2026-01-06 07:00:23+00:00,2026-01-06 07:05:16.428570+00:00,23.0,3238.722,3238.42,3238.82,ETH
2026-01-06 07:00:24+00:00,2026-01-06 07:05:18.428861+00:00,24.0,3238.522,3238.37,3238.8,ETH
2026-01-06 07:00:25+00:00,2026-01-06 07:05:19.415687+00:00,25.0,3238.332,3238.25,3238.53,ETH
2026-01-06 07:00:26+00:00,2026-01-06 07:05:20.415767+00:00,26.0,3238.172,3238.08,3238.31,ETH
2026-01-06 07:00:27+00:00,2026-01-06 07:05:21.427235+00:00,27.0,3237.902,3237.81,3238.12,ETH
2026-01-06 07:00:28+00:00,2026-01-06 07:05:22.411251+00:00,28.0,3237.812,3237.62,3237.89,ETH
2026-01-06 07:00:29+00:00,2026-01-06 07:05:23.430695+00:00,29.0,3237.812,3237.61,3237.91,ETH
2026-01-06 07:00:30+00:00,2026-01-06 07:05:24.417308+00:00,30.0,3237.982,3237.78,3238.16,ETH
2026-01-06 07:00:31+00:00,2026-01-06 07:05:25.427613+00:00,31.0,3238.282,3238.11,3238.48,ETH
2026-01-06 07:00:32+00:00,2026-01-06 07:05:26.429264+00:00,32.0,3238.512,3238.35,3238.66,ETH
2026-01-06 07:00:33+00:00,2026-01-06 07:05:27.425660+00:00,33.0,3238.662,3238.46,3238.79,ETH
2026-01-06 07:00:34+00:00,2026-01-06 07:05:28.443280+00:00,34.0,3238.712,3238.5,3238.87,ETH
2026-01-06 07:00:35+00:00,2026-01-06 07:05:29.446143+00:00,35.0,3238.712,3238.47,3238.83,ETH
2026-01-06 07:00:36+00:00,2026-01-06 07:05:30.458744+00:00,36.0,3238.712,3238.46,3238.85,ETH
2026-01-06 07:00:37+00:00,2026-01-06 07:05:31.465187+00:00,37.0,3238.712,3238.46,3238.93,ETH
2026-01-06 07:00:38+00:00,2026-01-06 07:05:32.478907+00:00,38.0,3238.712,3238.45,3238.87,ETH
2026-01-06 07:00:39+00:00,2026-01-06 07:05:33.495863+00:00,39.0,3238.472,3238.24,3238.54,ETH
2026-01-06 07:00:40+00:00,2026-01-06 07:05:34.511708+00:00,40.0,3238.232,3238.13,3238.35,ETH
2026-01-06 07:00:41+00:00,2026-01-06 07:05:35.514288+00:00,41.0,3238.232,3238.21,3238.43,ETH
2026-01-06 07:00:42+00:00,2026-01-06 07:05:36.529868+00:00,42.0,3238.302,3238.24,3238.42,ETH
2026-01-06 07:00:43+00:00,2026-01-06 07:05:37.559258+00:00,43.0,3238.372,3238.26,3238.47,ETH
2026-01-06 07:00:44+00:00,2026-01-06 07:05:38.575605+00:00,44.0,3238.372,3238.24,3238.52,ETH
2026-01-06 07:00:45+00:00,2026-01-06 07:05:39.576422+00:00,45.0,3238.372,3238.22,3238.49,ETH
2026-01-06 07:00:46+00:00,2026-01-06 07:05:40.594375+00:00,46.0,3238.262,3238.18,3238.47,ETH
2026-01-06 07:00:47+00:00,2026-01-06 07:05:41.595904+00:00,47.0,3238.162,3238.15,3238.45,ETH
2026-01-06 07:00:48+00:00,2026-01-06 07:05:42.613040+00:00,48.0,3238.022,3238.02,3238.23,ETH
2026-01-06 07:00:49+00:00,2026-01-06 07:05:43.623899+00:00,49.0,3238.022,3237.96,3238.2,ETH
2026-01-06 07:00:50+00:00,2026-01-06 07:05:44.626712+00:00,50.0,3238.022,3237.96,3238.21,ETH
2026-01-06 07:00:51+00:00,2026-01-06 07:05:45.621831+00:00,51.0,3238.022,3237.95,3238.21,ETH
2026-01-06 07:00:52+00:00,2026-01-06 07:05:46.641853+00:00,52.0,3238.022,3237.96,3238.11,ETH
2026-01-06 07:00:53+00:00,2026-01-06 07:05:47.645854+00:00,53.0,3237.942,3237.9,3238.02,ETH
2026-01-06 07:00:54+00:00,2026-01-06 07:05:48.662403+00:00,54.0,3238.012,3237.91,3238.03,ETH
2026-01-06 07:00:55+00:00,2026-01-06 07:05:49.670477+00:00,55.0,3237.472,3237.46,3237.78,ETH
2026-01-06 07:00:56+00:00,2026-01-06 07:05:50.671127+00:00,56.0,3237.252,3237.19,3237.32,ETH
2026-01-06 07:00:57+00:00,2026-01-06 07:05:51.688510+00:00,57.0,3237.062,3236.99,3237.14,ETH
2026-01-06 07:00:58+00:00,2026-01-06 07:05:52.721736+00:00,58.0,3237.042,3236.89,3237.12,ETH
2026-01-06 07:00:59+00:00,2026-01-06 07:05:53.737887+00:00,59.0,3237.062,3236.91,3237.12,ETH
2026-01-06 07:01:00+00:00,2026-01-06 07:05:54.730045+00:00,60.0,3237.052,3236.95,3237.14,ETH
2026-01-06 07:01:01+00:00,2026-01-06 07:05:55.736354+00:00,61.0,3237.062,3236.98,3237.14,ETH
2026-01-06 07:01:02+00:00,2026-01-06 07:05:56.723813+00:00,62.0,3237.172,3237.01,3237.21,ETH
2026-01-06 07:01:03+00:00,2026-01-06 07:05:57.734316+00:00,63.0,3237.242,3237.06,3237.29,ETH
2026-01-06 07:01:04+00:00,2026-01-06 07:05:58.741163+00:00,64.0,3237.212,3237.07,3237.29,ETH
2026-01-06 07:01:05+00:00,2026-01-06 07:05:59.747419+00:00,65.0,3237.242,3237.09,3237.31,ETH
2026-01-06 07:01:06+00:00,2026-01-06 07:06:00.784588+00:00,66.0,3237.282,3237.13,3237.33,ETH
2026-01-06 07:01:07+00:00,2026-01-06 07:06:01.763718+00:00,67.0,3237.342,3237.16,3237.39,ETH
2026-01-06 07:01:08+00:00,2026-01-06 07:06:02.792108+00:00,68.0,3237.382,3237.19,3237.44,ETH
2026-01-06 07:01:09+00:00,2026-01-06 07:06:03.845023+00:00,69.0,3237.402,3237.19,3237.49,ETH
2026-01-06 07:01:10+00:00,2026-01-06 07:06:04.830364+00:00,70.0,3237.422,3237.19,3237.49,ETH
2026-01-06 07:01:11+00:00,2026-01-06 07:06:05.841202+00:00,71.0,3237.422,3237.18,3237.46,ETH
2026-01-06 07:01:12+00:00,2026-01-06 07:06:06.842742+00:00,72.0,3237.442,3237.18,3237.48,ETH
2026-01-06 07:01:13+00:00,2026-01-06 07:06:07.901356+00:00,73.0,3237.402,3237.21,3237.53,ETH
2026-01-06 07:01:14+00:00,2026-01-06 07:06:08.844742+00:00,74.0,3237.432,3237.25,3237.61,ETH
2026-01-06 07:01:15+00:00,2026-01-06 07:06:09.878133+00:00,75.0,3237.742,3237.5,3237.79,ETH
2026-01-06 07:01:16+00:00,2026-01-06 07:06:10.906208+00:00,76.0,3237.892,3237.66,3237.94,ETH
2026-01-06 07:01:17+00:00,2026-01-06 07:06:11.878105+00:00,77.0,3237.892,3237.68,3237.96,ETH
2026-01-06 07:01:18+00:00,2026-01-06 07:06:12.888102+00:00,78.0,3237.902,3237.7,3237.96,ETH
2026-01-06 07:01:19+00:00,2026-01-06 07:06:13.898877+00:00,79.0,3237.922,3237.7,3238.02,ETH
2026-01-06 07:01:20+00:00,2026-01-06 07:06:14.906450+00:00,80.0,3237.942,3237.7,3238.06,ETH
2026-01-06 07:01:21+00:00,2026-01-06 07:06:15.918283+00:00,81.0,3237.882,3237.73,3237.99,ETH
2026-01-06 07:01:22+00:00,2026-01-06 07:06:16.900387+00:00,82.0,3237.842,3237.76,3238.01,ETH
2026-01-06 07:01:23+00:00,2026-01-06 07:06:17.903963+00:00,83.0,3237.842,3237.75,3238.0,ETH
2026-01-06 07:01:24+00:00,2026-01-06 07:06:18.894326+00:00,84.0,3237.842,3237.75,3237.97,ETH
2026-01-06 07:01:25+00:00,2026-01-06 07:06:19.899686+00:00,85.0,3237.842,3237.75,3237.97,ETH
2026-01-06 07:01:26+00:00,2026-01-06 07:06:20.898956+00:00,86.0,3237.842,3237.75,3237.97,ETH
2026-01-06 07:01:27+00:00,2026-01-06 07:06:21.894764+00:00,87.0,3237.842,3237.75,3238.01,ETH
2026-01-06 07:01:28+00:00,2026-01-06 07:06:22.896315+00:00,88.0,3237.842,3237.74,3238.05,ETH
2026-01-06 07:01:29+00:00,2026-01-06 07:06:23.903997+00:00,89.0,3237.842,3237.72,3237.96,ETH
2026-01-06 07:01:30+00:00,2026-01-06 07:06:24.905165+00:00,90.0,3237.842,3237.67,3237.92,ETH
2026-01-06 07:01:31+00:00,2026-01-06 07:06:25.920225+00:00,91.0,3237.842,3237.61,3237.95,ETH
2026-01-06 07:01:32+00:00,2026-01-06 07:06:26.939123+00:00,92.0,3237.842,3237.61,3237.95,ETH
2026-01-06 07:01:33+00:00,2026-01-06 07:06:27.941457+00:00,93.0,3237.812,3237.63,3237.96,ETH
2026-01-06 07:01:34+00:00,2026-01-06 07:06:28.939193+00:00,94.0,3237.782,3237.66,3237.97,ETH
2026-01-06 07:01:35+00:00,2026-01-06 07:06:29.935854+00:00,95.0,3237.782,3237.66,3237.97,ETH
2026-01-06 07:01:36+00:00,2026-01-06 07:06:30.962233+00:00,96.0,3237.782,3237.66,3237.96,ETH
2026-01-06 07:01:37+00:00,2026-01-06 07:06:31.965013+00:00,97.0,3237.782,3237.66,3237.98,ETH
2026-01-06 07:01:38+00:00,2026-01-06 07:06:32.959183+00:00,98.0,3237.782,3237.66,3237.99,ETH
2026-01-06 07:01:39+00:00,2026-01-06 07:06:33.956120+00:00,99.0,3237.782,3237.66,3237.96,ETH
2026-01-06 07:01:40+00:00,2026-01-06 07:06:34.957813+00:00,100.0,3237.782,3237.66,3237.96,ETH
2026-01-06 07:01:41+00:00,2026-01-06 07:06:35.961459+00:00,101.0,3237.952,3237.85,3238.0,ETH
2026-01-06 07:01:42+00:00,2026-01-06 07:06:36.962770+00:00,102.0,3237.992,3237.86,3238.07,ETH
2026-01-06 07:01:43+00:00,2026-01-06 07:06:37.959977+00:00,103.0,3238.472,3238.29,3238.49,ETH
2026-01-06 07:01:44+00:00,2026-01-06 07:06:38.956619+00:00,104.0,3238.422,3238.29,3238.7,ETH
2026-01-06 07:01:45+00:00,2026-01-06 07:06:39.976472+00:00,105.0,3238.402,3238.24,3238.7,ETH
2026-01-06 07:01:46+00:00,2026-01-06 07:06:40.972708+00:00,106.0,3238.402,3238.24,3238.75,ETH
2026-01-06 07:01:47+00:00,2026-01-06 07:06:41.991531+00:00,107.0,3238.402,3238.24,3238.84,ETH
2026-01-06 07:01:48+00:00,2026-01-06 07:06:42.997816+00:00,108.0,3238.402,3238.24,3238.84,ETH
2026-01-06 07:01:49+00:00,2026-01-06 07:06:44.017415+00:00,109.0,3238.402,3238.24,3238.78,ETH
2026-01-06 07:01:50+00:00,2026-01-06 07:06:45.005556+00:00,110.0,3238.482,3238.24,3238.76,ETH
2026-01-06 07:01:51+00:00,2026-01-06 07:06:46.014124+00:00,111.0,3238.482,3238.3,3238.83,ETH
2026-01-06 07:01:52+00:00,2026-01-06 07:06:47.010090+00:00,112.0,3238.482,3238.3,3238.86,ETH
2026-01-06 07:01:53+00:00,2026-01-06 07:06:48.006909+00:00,113.0,3238.482,3238.32,3238.8,ETH
2026-01-06 07:01:54+00:00,2026-01-06 07:06:48.990014+00:00,114.0,3238.482,3238.32,3238.83,ETH
2026-01-06 07:01:55+00:00,2026-01-06 07:06:50.026148+00:00,115.0,3238.612,3238.43,3238.85,ETH
2026-01-06 07:01:56+00:00,2026-01-06 07:06:51.037697+00:00,116.0,3238.752,3238.54,3238.87,ETH
2026-01-06 07:01:57+00:00,2026-01-06 07:06:52.037873+00:00,117.0,3238.482,3238.47,3238.89,ETH
2026-01-06 07:01:58+00:00,2026-01-06 07:06:53.046227+00:00,118.0,3238.482,3238.3,3238.74,ETH
2026-01-06 07:01:59+00:00,2026-01-06 07:06:54.051790+00:00,119.0,3238.482,3238.3,3238.55,ETH
2026-01-06 07:02:00+00:00,2026-01-06 07:06:56.059223+00:00,120.0,3238.042,3237.98,3238.14,ETH
2026-01-06 07:02:01+00:00,2026-01-06 07:06:57.080378+00:00,121.0,3237.922,3237.86,3238.06,ETH
2026-01-06 07:02:02+00:00,2026-01-06 07:06:58.092858+00:00,122.0,3237.792,3237.71,3237.91,ETH
2026-01-06 07:02:03+00:00,2026-01-06 07:06:59.107398+00:00,123.0,3237.562,3237.51,3237.67,ETH
2026-01-06 07:02:04+00:00,2026-01-06 07:07:00.115555+00:00,124.0,3237.312,3237.26,3237.43,ETH
2026-01-06 07:02:05+00:00,2026-01-06 07:07:01.109614+00:00,125.0,3237.192,3237.1,3237.24,ETH
2026-01-06 07:02:06+00:00,2026-01-06 07:07:02.105161+00:00,126.0,3237.012,3236.97,3237.04,ETH
2026-01-06 07:02:07+00:00,2026-01-06 07:07:03.119014+00:00,127.0,3236.952,3236.92,3236.96,ETH
2026-01-06 07:02:08+00:00,2026-01-06 07:07:04.125235+00:00,128.0,3236.912,3236.85,3236.94,ETH
2026-01-06 07:02:09+00:00,2026-01-06 07:07:05.144908+00:00,129.0,3236.742,3236.68,3236.85,ETH
2026-01-06 07:02:10+00:00,2026-01-06 07:07:06.154566+00:00,130.0,3236.592,3236.54,3236.78,ETH
2026-01-06 07:02:11+00:00,2026-01-06 07:07:07.159288+00:00,131.0,3236.702,3236.6,3236.81,ETH
2026-01-06 07:02:13+00:00,2026-01-06 07:07:08.207355+00:00,133.0,3236.582,3236.54,3236.83,ETH
2026-01-06 07:02:14+00:00,2026-01-06 07:07:09.200508+00:00,134.0,3236.752,3236.65,3236.83,ETH
2026-01-06 07:02:15+00:00,2026-01-06 07:07:10.207735+00:00,135.0,3236.782,3236.66,3236.83,ETH
2026-01-06 07:02:16+00:00,2026-01-06 07:07:11.237487+00:00,136.0,3236.882,3236.73,3236.94,ETH
2026-01-06 07:02:17+00:00,2026-01-06 07:07:12.209366+00:00,137.0,3236.882,3236.73,3236.97,ETH
2026-01-06 07:02:18+00:00,2026-01-06 07:07:13.215669+00:00,138.0,3236.892,3236.71,3237.01,ETH
2026-01-06 07:02:19+00:00,2026-01-06 07:07:14.219964+00:00,139.0,3236.882,3236.71,3236.94,ETH
2026-01-06 07:02:20+00:00,2026-01-06 07:07:15.233120+00:00,140.0,3236.882,3236.71,3236.94,ETH
2026-01-06 07:02:21+00:00,2026-01-06 07:07:16.233562+00:00,141.0,3236.882,3236.71,3236.93,ETH
2026-01-06 07:02:22+00:00,2026-01-06 07:07:17.245823+00:00,142.0,3236.882,3236.73,3236.92,ETH
2026-01-06 07:02:23+00:00,2026-01-06 07:07:19.255047+00:00,143.0,3236.882,3236.72,3236.94,ETH
2026-01-06 07:02:24+00:00,2026-01-06 07:07:20.251148+00:00,144.0,3236.862,3236.72,3236.91,ETH
2026-01-06 07:02:25+00:00,2026-01-06 07:07:21.260651+00:00,145.0,3236.842,3236.72,3236.88,ETH
2026-01-06 07:02:26+00:00,2026-01-06 07:07:22.258705+00:00,146.0,3236.862,3236.71,3236.89,ETH
2026-01-06 07:02:27+00:00,2026-01-06 07:07:23.272952+00:00,147.0,3236.862,3236.72,3236.9,ETH
2026-01-06 07:02:28+00:00,2026-01-06 07:07:24.274829+00:00,148.0,3236.862,3236.73,3236.9,ETH
2026-01-06 07:02:29+00:00,2026-01-06 07:07:25.291491+00:00,149.0,3236.602,3236.47,3236.64,ETH
2026-01-06 07:02:30+00:00,2026-01-06 07:07:26.307371+00:00,150.0,3236.302,3236.17,3236.37,ETH
2026-01-06 07:02:31+00:00,2026-01-06 07:07:27.320544+00:00,151.0,3236.282,3236.15,3236.38,ETH
2026-01-06 07:02:32+00:00,2026-01-06 07:07:28.346521+00:00,152.0,3236.282,3236.16,3236.39,ETH
2026-01-06 07:02:33+00:00,2026-01-06 07:07:29.322358+00:00,153.0,3236.372,3236.16,3236.46,ETH
2026-01-06 07:02:34+00:00,2026-01-06 07:07:30.325410+00:00,154.0,3236.442,3236.24,3236.49,ETH
2026-01-06 07:02:35+00:00,2026-01-06 07:07:31.322097+00:00,155.0,3236.542,3236.34,3236.62,ETH
2026-01-06 07:02:36+00:00,2026-01-06 07:07:32.325859+00:00,156.0,3236.682,3236.44,3236.77,ETH
2026-01-06 07:02:37+00:00,2026-01-06 07:07:33.344177+00:00,157.0,3236.792,3236.56,3236.87,ETH
2026-01-06 07:02:38+00:00,2026-01-06 07:07:34.355483+00:00,158.0,3236.882,3236.59,3236.99,ETH
2026-01-06 07:02:39+00:00,2026-01-06 07:07:35.370307+00:00,159.0,3236.922,3236.59,3237.05,ETH
2026-01-06 07:02:40+00:00,2026-01-06 07:07:36.386093+00:00,160.0,3236.942,3236.65,3237.09,ETH
2026-01-06 07:02:41+00:00,2026-01-06 07:07:37.388756+00:00,161.0,3237.012,3236.74,3237.19,ETH
2026-01-06 07:02:42+00:00,2026-01-06 07:07:38.405520+00:00,162.0,3236.982,3236.79,3237.28,ETH
2026-01-06 07:02:43+00:00,2026-01-06 07:07:39.419836+00:00,163.0,3236.902,3236.81,3237.16,ETH
2026-01-06 07:02:44+00:00,2026-01-06 07:07:40.474845+00:00,164.0,3236.902,3236.79,3237.03,ETH
2026-01-06 07:02:45+00:00,2026-01-06 07:07:41.478071+00:00,165.0,3236.902,3236.78,3237.02,ETH
2026-01-06 07:02:46+00:00,2026-01-06 07:07:42.490981+00:00,166.0,3236.902,3236.77,3237.01,ETH
2026-01-06 07:02:47+00:00,2026-01-06 07:07:43.505410+00:00,167.0,3236.902,3236.75,3237.0,ETH
2026-01-06 07:02:48+00:00,2026-01-06 07:07:44.523658+00:00,168.0,3236.902,3236.75,3237.05,ETH
2026-01-06 07:02:49+00:00,2026-01-06 07:07:45.522279+00:00,169.0,3236.902,3236.75,3237.09,ETH
2026-01-06 07:02:50+00:00,2026-01-06 07:07:46.525347+00:00,170.0,3237.092,3236.88,3237.34,ETH
2026-01-06 07:02:51+00:00,2026-01-06 07:07:47.540485+00:00,171.0,3237.362,3237.12,3237.57,ETH
2026-01-06 07:02:52+00:00,2026-01-06 07:07:48.556981+00:00,172.0,3237.432,3237.22,3237.58,ETH
2026-01-06 07:02:53+00:00,2026-01-06 07:07:49.561445+00:00,173.0,3237.432,3237.2,3237.58,ETH
2026-01-06 07:02:54+00:00,2026-01-06 07:07:50.576492+00:00,174.0,3237.432,3237.18,3237.61,ETH
2026-01-06 07:02:55+00:00,2026-01-06 07:07:51.572601+00:00,175.0,3237.432,3237.17,3237.67,ETH
2026-01-06 07:02:56+00:00,2026-01-06 07:07:52.598518+00:00,176.0,3237.432,3237.17,3237.67,ETH
2026-01-06 07:02:57+00:00,2026-01-06 07:07:53.590792+00:00,177.0,3237.432,3237.18,3237.67,ETH
2026-01-06 07:02:58+00:00,2026-01-06 07:07:54.592038+00:00,178.0,3237.432,3237.18,3237.66,ETH
2026-01-06 07:02:59+00:00,2026-01-06 07:07:55.592604+00:00,179.0,3237.562,3237.26,3237.72,ETH
2026-01-06 07:03:00+00:00,2026-01-06 07:07:56.598724+00:00,180.0,3237.632,3237.38,3237.78,ETH
2026-01-06 07:03:01+00:00,2026-01-06 07:07:57.607022+00:00,181.0,3237.662,3237.41,3237.85,ETH
2026-01-06 07:03:02+00:00,2026-01-06 07:07:58.621719+00:00,182.0,3237.762,3237.41,3237.93,ETH
2026-01-06 07:03:03+00:00,2026-01-06 07:07:59.623342+00:00,183.0,3237.842,3237.49,3237.95,ETH
2026-01-06 07:03:04+00:00,2026-01-06 07:08:00.631872+00:00,184.0,3237.922,3237.55,3237.96,ETH
2026-01-06 07:03:05+00:00,2026-01-06 07:08:01.638555+00:00,185.0,3237.902,3237.54,3237.97,ETH
2026-01-06 07:03:06+00:00,2026-01-06 07:08:02.656896+00:00,186.0,3237.872,3237.52,3237.99,ETH
2026-01-06 07:03:07+00:00,2026-01-06 07:08:03.699595+00:00,187.0,3237.872,3237.5,3237.96,ETH
2026-01-06 07:03:08+00:00,2026-01-06 07:08:04.709561+00:00,188.0,3237.882,3237.52,3237.97,ETH
2026-01-06 07:03:09+00:00,2026-01-06 07:08:05.718027+00:00,189.0,3237.882,3237.54,3237.99,ETH
2026-01-06 07:03:10+00:00,2026-01-06 07:08:06.717968+00:00,190.0,3237.882,3237.57,3238.01,ETH
2026-01-06 07:03:11+00:00,2026-01-06 07:08:07.725448+00:00,191.0,3238.012,3237.72,3238.13,ETH
2026-01-06 07:03:12+00:00,2026-01-06 07:08:08.719794+00:00,192.0,3238.092,3237.85,3238.24,ETH
2026-01-06 07:03:13+00:00,2026-01-06 07:08:09.721234+00:00,193.0,3238.042,3237.83,3238.26,ETH
2026-01-06 07:03:14+00:00,2026-01-06 07:08:10.718947+00:00,194.0,3238.042,3237.79,3238.26,ETH
2026-01-06 07:03:15+00:00,2026-01-06 07:08:11.726141+00:00,195.0,3238.042,3237.77,3238.27,ETH
2026-01-06 07:03:16+00:00,2026-01-06 07:08:12.718212+00:00,196.0,3238.042,3237.75,3238.26,ETH
2026-01-06 07:03:17+00:00,2026-01-06 07:08:13.720400+00:00,197.0,3237.812,3237.44,3237.92,ETH
2026-01-06 07:03:18+00:00,2026-01-06 07:08:14.723133+00:00,198.0,3237.582,3237.12,3237.58,ETH
2026-01-06 07:03:19+00:00,2026-01-06 07:08:15.718852+00:00,199.0,3237.272,3236.97,3237.41,ETH
2026-01-06 07:03:20+00:00,2026-01-06 07:08:16.734677+00:00,200.0,3236.902,3236.8,3237.11,ETH
2026-01-06 07:03:21+00:00,2026-01-06 07:08:17.750317+00:00,201.0,3236.882,3236.76,3236.98,ETH
2026-01-06 07:03:22+00:00,2026-01-06 07:08:18.753218+00:00,202.0,3236.852,3236.72,3236.97,ETH
2026-01-06 07:03:23+00:00,2026-01-06 07:08:19.751750+00:00,203.0,3236.752,3236.7,3236.94,ETH
2026-01-06 07:03:24+00:00,2026-01-06 07:08:20.756097+00:00,204.0,3236.722,3236.68,3236.91,ETH
2026-01-06 07:03:25+00:00,2026-01-06 07:08:21.755921+00:00,205.0,3236.712,3236.67,3236.89,ETH
2026-01-06 07:03:26+00:00,2026-01-06 07:08:22.754673+00:00,206.0,3236.722,3236.66,3236.91,ETH
2026-01-06 07:03:27+00:00,2026-01-06 07:08:23.807807+00:00,207.0,3236.822,3236.69,3236.95,ETH
2026-01-06 07:03:28+00:00,2026-01-06 07:08:24.825438+00:00,208.0,3236.922,3236.7,3236.97,ETH
2026-01-06 07:03:30+00:00,2026-01-06 07:08:25.873526+00:00,210.0,3236.942,3236.7,3237.0,ETH
2026-01-06 07:03:31+00:00,2026-01-06 07:08:26.868708+00:00,211.0,3236.942,3236.7,3236.99,ETH
2026-01-06 07:03:32+00:00,2026-01-06 07:08:27.868697+00:00,212.0,3236.912,3236.68,3236.95,ETH
2026-01-06 07:03:33+00:00,2026-01-06 07:08:28.869241+00:00,213.0,3236.932,3236.66,3236.95,ETH
2026-01-06 07:03:34+00:00,2026-01-06 07:08:29.862260+00:00,214.0,3236.932,3236.67,3236.95,ETH
2026-01-06 07:03:35+00:00,2026-01-06 07:08:30.889228+00:00,215.0,3236.932,3236.67,3236.95,ETH
2026-01-06 07:03:36+00:00,2026-01-06 07:08:32.869889+00:00,216.0,3236.922,3236.67,3236.95,ETH
2026-01-06 07:03:37+00:00,2026-01-06 07:08:33.884099+00:00,217.0,3236.922,3236.67,3236.95,ETH
2026-01-06 07:03:38+00:00,2026-01-06 07:08:34.883445+00:00,218.0,3236.852,3236.65,3236.91,ETH
2026-01-06 07:03:39+00:00,2026-01-06 07:08:35.900966+00:00,219.0,3236.542,3236.46,3236.67,ETH
2026-01-06 07:03:40+00:00,2026-01-06 07:08:37.067618+00:00,220.0,3236.202,3236.16,3236.29,ETH
2026-01-06 07:03:41+00:00,2026-01-06 07:08:38.072161+00:00,221.0,3236.112,3236.02,3236.11,ETH
2026-01-06 07:03:42+00:00,2026-01-06 07:08:39.095838+00:00,222.0,3235.942,3235.88,3236.06,ETH
2026-01-06 07:03:43+00:00,2026-01-06 07:08:40.103311+00:00,223.0,3235.772,3235.73,3235.92,ETH
2026-01-06 07:03:44+00:00,2026-01-06 07:08:41.115440+00:00,224.0,3235.872,3235.7,3235.9,ETH
2026-01-06 07:03:45+00:00,2026-01-06 07:08:42.101807+00:00,225.0,3235.872,3235.71,3236.0,ETH
2026-01-06 07:03:46+00:00,2026-01-06 07:08:43.100710+00:00,226.0,3235.772,3235.72,3235.99,ETH
2026-01-06 07:03:47+00:00,2026-01-06 07:08:44.103229+00:00,227.0,3235.772,3235.71,3235.96,ETH
2026-01-06 07:03:48+00:00,2026-01-06 07:08:45.114578+00:00,228.0,3235.772,3235.7,3235.99,ETH
2026-01-06 07:03:49+00:00,2026-01-06 07:08:46.114441+00:00,229.0,3235.772,3235.7,3236.01,ETH
2026-01-06 07:03:50+00:00,2026-01-06 07:08:47.107520+00:00,230.0,3235.772,3235.71,3236.01,ETH
2026-01-06 07:03:51+00:00,2026-01-06 07:08:48.118752+00:00,231.0,3235.772,3235.73,3236.02,ETH
2026-01-06 07:03:52+00:00,2026-01-06 07:08:49.137465+00:00,232.0,3235.772,3235.73,3236.02,ETH
2026-01-06 07:03:53+00:00,2026-01-06 07:08:50.118459+00:00,233.0,3235.772,3235.75,3236.02,ETH
2026-01-06 07:03:54+00:00,2026-01-06 07:08:51.144813+00:00,234.0,3235.772,3235.76,3236.03,ETH
2026-01-06 07:03:55+00:00,2026-01-06 07:08:52.120523+00:00,235.0,3235.772,3235.76,3235.96,ETH
2026-01-06 07:03:56+00:00,2026-01-06 07:08:53.134265+00:00,236.0,3235.772,3235.76,3235.94,ETH
2026-01-06 07:03:57+00:00,2026-01-06 07:08:54.131558+00:00,237.0,3235.772,3235.76,3235.99,ETH
2026-01-06 07:03:58+00:00,2026-01-06 07:08:55.148188+00:00,238.0,3235.772,3235.76,3236.0,ETH
2026-01-06 07:03:59+00:00,2026-01-06 07:08:56.156140+00:00,239.0,3235.762,3235.74,3236.02,ETH
2026-01-06 07:04:00+00:00,2026-01-06 07:08:57.170052+00:00,240.0,3235.762,3235.72,3236.02,ETH
2026-01-06 07:04:01+00:00,2026-01-06 07:08:58.174321+00:00,241.0,3235.762,3235.72,3236.02,ETH
2026-01-06 07:04:02+00:00,2026-01-06 07:08:59.182259+00:00,242.0,3235.762,3235.72,3235.99,ETH
2026-01-06 07:04:03+00:00,2026-01-06 07:09:00.274231+00:00,243.0,3235.952,3235.78,3236.06,ETH
2026-01-06 07:04:04+00:00,2026-01-06 07:09:01.187603+00:00,244.0,3235.932,3235.84,3236.09,ETH
2026-01-06 07:04:05+00:00,2026-01-06 07:09:02.232653+00:00,245.0,3235.912,3235.85,3236.02,ETH
2026-01-06 07:04:06+00:00,2026-01-06 07:09:03.231759+00:00,246.0,3235.892,3235.85,3235.93,ETH
2026-01-06 07:04:07+00:00,2026-01-06 07:09:04.254683+00:00,247.0,3235.892,3235.84,3235.94,ETH
2026-01-06 07:04:08+00:00,2026-01-06 07:09:05.236890+00:00,248.0,3235.892,3235.85,3235.94,ETH
2026-01-06 07:04:09+00:00,2026-01-06 07:09:06.249592+00:00,249.0,3236.122,3236.0,3236.24,ETH
2026-01-06 07:04:10+00:00,2026-01-06 07:09:07.229670+00:00,250.0,3236.412,3236.25,3236.69,ETH
2026-01-06 07:04:11+00:00,2026-01-06 07:09:08.236150+00:00,251.0,3236.662,3236.47,3236.88,ETH
2026-01-06 07:04:12+00:00,2026-01-06 07:09:09.233920+00:00,252.0,3236.812,3236.62,3236.88,ETH
2026-01-06 07:04:13+00:00,2026-01-06 07:09:10.243427+00:00,253.0,3236.862,3236.62,3236.93,ETH
2026-01-06 07:04:14+00:00,2026-01-06 07:09:11.244456+00:00,254.0,3237.002,3236.72,3237.07,ETH
2026-01-06 07:04:15+00:00,2026-01-06 07:09:12.249456+00:00,255.0,3237.022,3236.81,3237.1,ETH
2026-01-06 07:04:16+00:00,2026-01-06 07:09:13.260359+00:00,256.0,3237.022,3236.81,3237.07,ETH
2026-01-06 07:04:17+00:00,2026-01-06 07:09:14.264893+00:00,257.0,3237.052,3236.8,3237.12,ETH
2026-01-06 07:04:18+00:00,2026-01-06 07:09:15.260524+00:00,258.0,3236.972,3236.78,3237.13,ETH
2026-01-06 07:04:19+00:00,2026-01-06 07:09:16.289139+00:00,259.0,3236.892,3236.73,3237.07,ETH
2026-01-06 07:04:20+00:00,2026-01-06 07:09:17.284129+00:00,260.0,3236.952,3236.77,3237.11,ETH
2026-01-06 07:04:21+00:00,2026-01-06 07:09:18.303898+00:00,261.0,3236.982,3236.82,3237.17,ETH
2026-01-06 07:04:22+00:00,2026-01-06 07:09:19.300698+00:00,262.0,3236.942,3236.81,3237.16,ETH
2026-01-06 07:04:23+00:00,2026-01-06 07:09:20.305620+00:00,263.0,3236.952,3236.79,3237.18,ETH
2026-01-06 07:04:24+00:00,2026-01-06 07:09:21.316637+00:00,264.0,3236.952,3236.8,3237.2,ETH
2026-01-06 07:04:25+00:00,2026-01-06 07:09:22.316619+00:00,265.0,3236.952,3236.8,3237.19,ETH
2026-01-06 07:04:26+00:00,2026-01-06 07:09:23.317981+00:00,266.0,3237.012,3236.83,3237.21,ETH
2026-01-06 07:04:27+00:00,2026-01-06 07:09:24.333893+00:00,267.0,3237.012,3236.84,3237.21,ETH
2026-01-06 07:04:28+00:00,2026-01-06 07:09:25.333238+00:00,268.0,3237.012,3236.84,3237.2,ETH
2026-01-06 07:04:29+00:00,2026-01-06 07:09:26.337978+00:00,269.0,3237.012,3236.84,3237.19,ETH
2026-01-06 07:04:30+00:00,2026-01-06 07:09:27.334865+00:00,270.0,3237.012,3236.84,3237.21,ETH
2026-01-06 07:04:31+00:00,2026-01-06 07:09:28.335697+00:00,271.0,3237.012,3236.84,3237.24,ETH
2026-01-06 07:04:32+00:00,2026-01-06 07:09:29.325024+00:00,272.0,3237.202,3236.95,3237.3,ETH
2026-01-06 07:04:33+00:00,2026-01-06 07:09:30.344843+00:00,273.0,3237.202,3236.96,3237.3,ETH
2026-01-06 07:04:34+00:00,2026-01-06 07:09:31.336590+00:00,274.0,3237.202,3237.0,3237.31,ETH
2026-01-06 07:04:35+00:00,2026-01-06 07:09:32.336913+00:00,275.0,3237.202,3237.0,3237.31,ETH
2026-01-06 07:04:36+00:00,2026-01-06 07:09:33.349456+00:00,276.0,3237.212,3237.0,3237.32,ETH
2026-01-06 07:04:37+00:00,2026-01-06 07:09:34.354365+00:00,277.0,3237.212,3237.0,3237.3,ETH
2026-01-06 07:04:38+00:00,2026-01-06 07:09:35.355048+00:00,278.0,3237.212,3237.0,3237.32,ETH
2026-01-06 07:04:39+00:00,2026-01-06 07:09:36.365920+00:00,279.0,3237.212,3237.0,3237.37,ETH
2026-01-06 07:04:40+00:00,2026-01-06 07:09:37.370723+00:00,280.0,3237.212,3237.0,3237.38,ETH
2026-01-06 07:04:41+00:00,2026-01-06 07:09:38.366447+00:00,281.0,3237.282,3237.0,3237.43,ETH
2026-01-06 07:04:42+00:00,2026-01-06 07:09:39.368132+00:00,282.0,3237.282,3237.01,3237.43,ETH
2026-01-06 07:04:43+00:00,2026-01-06 07:09:40.363605+00:00,283.0,3237.282,3237.02,3237.46,ETH
2026-01-06 07:04:44+00:00,2026-01-06 07:09:41.371963+00:00,284.0,3237.282,3237.03,3237.46,ETH
2026-01-06 07:04:45+00:00,2026-01-06 07:09:42.387517+00:00,285.0,3237.282,3237.03,3237.47,ETH
2026-01-06 07:04:46+00:00,2026-01-06 07:09:43.385643+00:00,286.0,3237.282,3237.03,3237.4,ETH
2026-01-06 07:04:47+00:00,2026-01-06 07:09:44.400230+00:00,287.0,3237.282,3237.02,3237.41,ETH
2026-01-06 07:04:48+00:00,2026-01-06 07:09:45.419472+00:00,288.0,3237.232,3237.02,3237.29,ETH
2026-01-06 07:04:49+00:00,2026-01-06 07:09:46.421429+00:00,289.0,3237.352,3237.15,3237.5,ETH
2026-01-06 07:04:50+00:00,2026-01-06 07:09:47.415869+00:00,290.0,3237.582,3237.33,3237.66,ETH
2026-01-06 07:04:51+00:00,2026-01-06 07:09:48.418174+00:00,291.0,3237.412,3237.13,3237.56,ETH
2026-01-06 07:04:52+00:00,2026-01-06 07:09:49.417074+00:00,292.0,3237.012,3237.0,3237.41,ETH
2026-01-06 07:04:53+00:00,2026-01-06 07:09:50.419934+00:00,293.0,3237.012,3237.0,3237.3,ETH
2026-01-06 07:04:54+00:00,2026-01-06 07:09:51.435621+00:00,294.0,3237.012,3237.0,3237.32,ETH
2026-01-06 07:04:55+00:00,2026-01-06 07:09:52.434082+00:00,295.0,3237.012,3236.99,3237.33,ETH
2026-01-06 07:04:56+00:00,2026-01-06 07:09:53.439475+00:00,296.0,3237.012,3237.01,3237.3,ETH
2026-01-06 07:04:57+00:00,2026-01-06 07:09:54.469209+00:00,297.0,3237.032,3237.01,3237.3,ETH
2026-01-06 07:04:58+00:00,2026-01-06 07:09:55.465153+00:00,298.0,3237.032,3237.02,3237.26,ETH
2026-01-06 07:04:59+00:00,2026-01-06 07:09:56.482473+00:00,299.0,3237.032,3237.02,3237.26,ETH
2026-01-06 07:05:00+00:00,2026-01-06 07:09:57.498724+00:00,300.0,3237.222,3237.02,3237.34,ETH
2026-01-06 07:05:01+00:00,2026-01-06 07:09:58.515916+00:00,301.0,3237.222,3237.08,3237.29,ETH
2026-01-06 07:05:02+00:00,2026-01-06 07:09:59.514965+00:00,302.0,3237.122,3237.1,3237.38,ETH
2026-01-06 07:05:03+00:00,2026-01-06 07:10:00.523475+00:00,303.0,3237.122,3237.05,3237.36,ETH
2026-01-06 07:05:04+00:00,2026-01-06 07:10:01.533347+00:00,304.0,3237.122,3237.05,3237.36,ETH
2026-01-06 07:05:05+00:00,2026-01-06 07:10:02.533292+00:00,305.0,3237.122,3237.05,3237.36,ETH
2026-01-06 07:05:06+00:00,2026-01-06 07:10:03.538800+00:00,306.0,3237.122,3237.05,3237.36,ETH
2026-01-06 07:05:07+00:00,2026-01-06 07:10:04.552476+00:00,307.0,3237.122,3237.05,3237.33,ETH
2026-01-06 07:05:08+00:00,2026-01-06 07:10:05.533874+00:00,308.0,3237.122,3237.05,3237.35,ETH
2026-01-06 07:05:09+00:00,2026-01-06 07:10:06.554986+00:00,309.0,3237.122,3237.05,3237.23,ETH
2026-01-06 07:05:10+00:00,2026-01-06 07:10:07.548513+00:00,310.0,3237.122,3237.05,3237.23,ETH
2026-01-06 07:05:11+00:00,2026-01-06 07:10:08.549966+00:00,311.0,3236.962,3236.82,3237.02,ETH
2026-01-06 07:05:12+00:00,2026-01-06 07:10:09.567613+00:00,312.0,3236.962,3236.82,3237.05,ETH
2026-01-06 07:05:13+00:00,2026-01-06 07:10:10.562736+00:00,313.0,3236.962,3236.82,3237.04,ETH
2026-01-06 07:05:14+00:00,2026-01-06 07:10:11.567971+00:00,314.0,3236.952,3236.79,3237.05,ETH
2026-01-06 07:05:15+00:00,2026-01-06 07:10:12.609155+00:00,315.0,3236.932,3236.79,3236.97,ETH
2026-01-06 07:05:16+00:00,2026-01-06 07:10:13.637184+00:00,316.0,3236.942,3236.79,3236.96,ETH
2026-01-06 07:05:17+00:00,2026-01-06 07:10:14.639642+00:00,317.0,3236.952,3236.79,3236.96,ETH
2026-01-06 07:05:18+00:00,2026-01-06 07:10:15.631233+00:00,318.0,3236.942,3236.79,3236.96,ETH
2026-01-06 07:05:19+00:00,2026-01-06 07:10:16.633763+00:00,319.0,3236.942,3236.79,3236.96,ETH
2026-01-06 07:05:20+00:00,2026-01-06 07:10:17.650235+00:00,320.0,3236.952,3236.79,3236.96,ETH
2026-01-06 07:05:21+00:00,2026-01-06 07:10:18.658681+00:00,321.0,3236.882,3236.77,3236.9,ETH
2026-01-06 07:05:22+00:00,2026-01-06 07:10:19.655535+00:00,322.0,3236.102,3235.95,3236.13,ETH
2026-01-06 07:05:23+00:00,2026-01-06 07:10:20.670108+00:00,323.0,3235.942,3235.94,3236.17,ETH
2026-01-06 07:05:24+00:00,2026-01-06 07:10:21.680493+00:00,324.0,3235.942,3235.86,3236.15,ETH
2026-01-06 07:05:25+00:00,2026-01-06 07:10:22.688716+00:00,325.0,3235.942,3235.86,3236.14,ETH
2026-01-06 07:05:26+00:00,2026-01-06 07:10:23.698869+00:00,326.0,3235.942,3235.86,3236.07,ETH
2026-01-06 07:05:27+00:00,2026-01-06 07:10:24.720164+00:00,327.0,3236.172,3235.88,3236.29,ETH
2026-01-06 07:05:28+00:00,2026-01-06 07:10:25.715775+00:00,328.0,3236.492,3236.33,3236.65,ETH
2026-01-06 07:05:29+00:00,2026-01-06 07:10:26.736444+00:00,329.0,3236.562,3236.34,3236.67,ETH
2026-01-06 07:05:30+00:00,2026-01-06 07:10:27.741302+00:00,330.0,3236.672,3236.48,3236.72,ETH
2026-01-06 07:05:31+00:00,2026-01-06 07:10:28.732764+00:00,331.0,3236.672,3236.48,3236.77,ETH
2026-01-06 07:05:32+00:00,2026-01-06 07:10:29.737822+00:00,332.0,3236.672,3236.48,3236.8,ETH
2026-01-06 07:05:33+00:00,2026-01-06 07:10:30.746833+00:00,333.0,3236.672,3236.48,3236.79,ETH
2026-01-06 07:05:34+00:00,2026-01-06 07:10:31.760574+00:00,334.0,3236.672,3236.48,3236.82,ETH
2026-01-06 07:05:35+00:00,2026-01-06 07:10:32.783870+00:00,335.0,3236.802,3236.48,3236.98,ETH
2026-01-06 07:05:36+00:00,2026-01-06 07:10:33.799094+00:00,336.0,3237.052,3236.81,3237.15,ETH
2026-01-06 07:05:37+00:00,2026-01-06 07:10:34.799030+00:00,337.0,3237.052,3236.81,3237.23,ETH
2026-01-06 07:05:38+00:00,2026-01-06 07:10:35.796404+00:00,338.0,3237.052,3236.8,3237.28,ETH
2026-01-06 07:05:39+00:00,2026-01-06 07:10:36.795174+00:00,339.0,3236.642,3236.64,3237.18,ETH
2026-01-06 07:05:40+00:00,2026-01-06 07:10:37.798731+00:00,340.0,3236.792,3236.57,3236.95,ETH
2026-01-06 07:05:41+00:00,2026-01-06 07:10:38.799741+00:00,341.0,3236.792,3236.62,3237.02,ETH
2026-01-06 07:05:42+00:00,2026-01-06 07:10:39.811007+00:00,342.0,3236.922,3236.68,3237.08,ETH
2026-01-06 07:05:43+00:00,2026-01-06 07:10:40.827778+00:00,343.0,3236.922,3236.68,3237.08,ETH
2026-01-06 07:05:44+00:00,2026-01-06 07:10:41.828073+00:00,344.0,3236.922,3236.68,3237.09,ETH
2026-01-06 07:05:45+00:00,2026-01-06 07:10:42.843980+00:00,345.0,3236.922,3236.68,3237.09,ETH
2026-01-06 07:05:46+00:00,2026-01-06 07:10:43.845722+00:00,346.0,3236.922,3236.69,3237.08,ETH
2026-01-06 07:05:47+00:00,2026-01-06 07:10:44.844310+00:00,347.0,3236.922,3236.7,3237.09,ETH
2026-01-06 07:05:48+00:00,2026-01-06 07:10:45.865654+00:00,348.0,3236.922,3236.69,3237.09,ETH
2026-01-06 07:05:49+00:00,2026-01-06 07:10:46.866524+00:00,349.0,3236.922,3236.69,3237.07,ETH
2026-01-06 07:05:50+00:00,2026-01-06 07:10:47.861952+00:00,350.0,3236.922,3236.68,3237.01,ETH
2026-01-06 07:05:51+00:00,2026-01-06 07:10:48.864376+00:00,351.0,3236.922,3236.68,3237.05,ETH
2026-01-06 07:05:52+00:00,2026-01-06 07:10:49.866674+00:00,352.0,3236.922,3236.69,3237.03,ETH
2026-01-06 07:05:53+00:00,2026-01-06 07:10:50.860786+00:00,353.0,3236.662,3236.62,3236.93,ETH
2026-01-06 07:05:54+00:00,2026-01-06 07:10:51.867186+00:00,354.0,3236.662,3236.55,3236.91,ETH
2026-01-06 07:05:55+00:00,2026-01-06 07:10:52.878398+00:00,355.0,3236.642,3236.41,3236.76,ETH
2026-01-06 07:05:56+00:00,2026-01-06 07:10:53.898694+00:00,356.0,3236.642,3236.4,3236.77,ETH
2026-01-06 07:05:57+00:00,2026-01-06 07:10:54.898172+00:00,357.0,3236.642,3236.39,3236.78,ETH
2026-01-06 07:05:58+00:00,2026-01-06 07:10:55.915604+00:00,358.0,3236.642,3236.39,3236.8,ETH
2026-01-06 07:05:59+00:00,2026-01-06 07:10:56.910888+00:00,359.0,3236.602,3236.41,3236.65,ETH
2026-01-06 07:06:00+00:00,2026-01-06 07:10:57.974266+00:00,360.0,3236.602,3236.41,3236.65,ETH
2026-01-06 07:06:01+00:00,2026-01-06 07:10:58.971135+00:00,361.0,3236.642,3236.42,3236.74,ETH
2026-01-06 07:06:02+00:00,2026-01-06 07:10:59.959695+00:00,362.0,3236.452,3236.42,3236.69,ETH
2026-01-06 07:06:03+00:00,2026-01-06 07:11:01.012699+00:00,363.0,3236.452,3236.32,3236.67,ETH
2026-01-06 07:06:04+00:00,2026-01-06 07:11:02.011556+00:00,364.0,3236.452,3236.31,3236.53,ETH
2026-01-06 07:06:05+00:00,2026-01-06 07:11:03.025143+00:00,365.0,3236.452,3236.31,3236.66,ETH
2026-01-06 07:06:06+00:00,2026-01-06 07:11:04.022795+00:00,366.0,3236.452,3236.32,3236.6,ETH
2026-01-06 07:06:07+00:00,2026-01-06 07:11:05.030991+00:00,367.0,3236.452,3236.31,3236.58,ETH
2026-01-06 07:06:08+00:00,2026-01-06 07:11:06.027084+00:00,368.0,3236.632,3236.5,3236.76,ETH
2026-01-06 07:06:09+00:00,2026-01-06 07:11:07.024688+00:00,369.0,3236.632,3236.5,3236.81,ETH
2026-01-06 07:06:10+00:00,2026-01-06 07:11:08.045152+00:00,370.0,3236.792,3236.59,3236.9,ETH
2026-01-06 07:06:11+00:00,2026-01-06 07:11:09.059497+00:00,371.0,3236.792,3236.59,3236.89,ETH
2026-01-06 07:06:12+00:00,2026-01-06 07:11:10.068197+00:00,372.0,3236.792,3236.59,3236.9,ETH
2026-01-06 07:06:13+00:00,2026-01-06 07:11:11.065789+00:00,373.0,3236.792,3236.6,3236.91,ETH
2026-01-06 07:06:14+00:00,2026-01-06 07:11:12.077416+00:00,374.0,3237.092,3236.87,3237.29,ETH
2026-01-06 07:06:15+00:00,2026-01-06 07:11:13.086611+00:00,375.0,3237.092,3236.87,3237.31,ETH
2026-01-06 07:06:16+00:00,2026-01-06 07:11:14.100418+00:00,376.0,3237.092,3236.88,3237.3,ETH
2026-01-06 07:06:17+00:00,2026-01-06 07:11:15.083023+00:00,377.0,3237.092,3236.88,3237.33,ETH
2026-01-06 07:06:18+00:00,2026-01-06 07:11:16.128948+00:00,378.0,3237.402,3236.99,3237.75,ETH
2026-01-06 07:06:19+00:00,2026-01-06 07:11:17.132672+00:00,379.0,3237.732,3237.55,3237.74,ETH
2026-01-06 07:06:20+00:00,2026-01-06 07:11:18.130684+00:00,380.0,3237.742,3237.56,3237.84,ETH
2026-01-06 07:06:21+00:00,2026-01-06 07:11:19.132842+00:00,381.0,3237.742,3237.46,3237.74,ETH
2026-01-06 07:06:22+00:00,2026-01-06 07:11:20.135188+00:00,382.0,3237.742,3237.47,3237.74,ETH
2026-01-06 07:06:23+00:00,2026-01-06 07:11:21.149643+00:00,383.0,3237.902,3237.62,3237.91,ETH
2026-01-06 07:06:24+00:00,2026-01-06 07:11:22.150019+00:00,384.0,3237.902,3237.64,3237.91,ETH
2026-01-06 07:06:25+00:00,2026-01-06 07:11:24.173923+00:00,385.0,3237.942,3237.68,3238.06,ETH
2026-01-06 07:06:26+00:00,2026-01-06 07:11:25.195655+00:00,386.0,3238.082,3237.79,3238.18,ETH
2026-01-06 07:06:27+00:00,2026-01-06 07:11:26.193727+00:00,387.0,3238.282,3237.92,3238.38,ETH
2026-01-06 07:06:29+00:00,2026-01-06 07:11:27.254963+00:00,389.0,3238.462,3238.06,3238.53,ETH
2026-01-06 07:06:30+00:00,2026-01-06 07:11:28.245241+00:00,390.0,3238.482,3238.13,3238.72,ETH
2026-01-06 07:06:31+00:00,2026-01-06 07:11:29.249006+00:00,391.0,3238.482,3238.13,3238.79,ETH
2026-01-06 07:06:32+00:00,2026-01-06 07:11:30.262405+00:00,392.0,3239.142,3238.79,3239.32,ETH
2026-01-06 07:06:33+00:00,2026-01-06 07:11:31.277671+00:00,393.0,3239.142,3238.81,3239.19,ETH
2026-01-06 07:06:34+00:00,2026-01-06 07:11:32.282398+00:00,394.0,3238.492,3238.21,3238.51,ETH
2026-01-06 07:06:35+00:00,2026-01-06 07:11:33.298899+00:00,395.0,3237.982,3237.87,3238.12,ETH
2026-01-06 07:06:36+00:00,2026-01-06 07:11:34.313398+00:00,396.0,3237.982,3237.85,3238.1,ETH
2026-01-06 07:06:37+00:00,2026-01-06 07:11:35.311920+00:00,397.0,3237.982,3237.82,3238.09,ETH
2026-01-06 07:06:38+00:00,2026-01-06 07:11:36.311337+00:00,398.0,3237.982,3237.85,3238.11,ETH
2026-01-06 07:06:39+00:00,2026-01-06 07:11:37.322217+00:00,399.0,3237.982,3237.86,3238.04,ETH
2026-01-06 07:06:40+00:00,2026-01-06 07:11:38.352284+00:00,400.0,3237.982,3237.86,3238.06,ETH
2026-01-06 07:06:41+00:00,2026-01-06 07:11:39.345782+00:00,401.0,3237.982,3237.88,3238.04,ETH
2026-01-06 07:06:42+00:00,2026-01-06 07:11:40.352916+00:00,402.0,3237.982,3237.88,3238.19,ETH
2026-01-06 07:06:43+00:00,2026-01-06 07:11:41.374526+00:00,403.0,3237.982,3237.85,3238.2,ETH
2026-01-06 07:06:44+00:00,2026-01-06 07:11:42.380718+00:00,404.0,3237.982,3237.88,3238.14,ETH
2026-01-06 07:06:45+00:00,2026-01-06 07:11:43.377841+00:00,405.0,3237.982,3237.77,3238.16,ETH
2026-01-06 07:06:46+00:00,2026-01-06 07:11:44.379708+00:00,406.0,3237.982,3237.81,3238.13,ETH
2026-01-06 07:06:47+00:00,2026-01-06 07:11:45.377400+00:00,407.0,3237.822,3237.82,3237.99,ETH
2026-01-06 07:06:48+00:00,2026-01-06 07:11:47.395015+00:00,408.0,3237.892,3237.73,3238.05,ETH
2026-01-06 07:06:49+00:00,2026-01-06 07:11:48.410511+00:00,409.0,3238.072,3237.85,3238.22,ETH
2026-01-06 07:06:50+00:00,2026-01-06 07:11:49.410203+00:00,410.0,3238.182,3237.94,3238.35,ETH
2026-01-06 07:06:51+00:00,2026-01-06 07:11:50.415558+00:00,411.0,3238.182,3237.93,3238.37,ETH
2026-01-06 07:06:52+00:00,2026-01-06 07:11:51.433152+00:00,412.0,3238.182,3237.92,3238.35,ETH
2026-01-06 07:06:53+00:00,2026-01-06 07:11:52.427293+00:00,413.0,3238.212,3237.89,3238.36,ETH
2026-01-06 07:06:54+00:00,2026-01-06 07:11:53.430548+00:00,414.0,3238.262,3237.87,3238.4,ETH
2026-01-06 07:06:55+00:00,2026-01-06 07:11:54.446862+00:00,415.0,3238.292,3237.95,3238.43,ETH
2026-01-06 07:06:56+00:00,2026-01-06 07:11:55.429988+00:00,416.0,3238.282,3238.02,3238.45,ETH
2026-01-06 07:06:57+00:00,2026-01-06 07:11:56.429180+00:00,417.0,3238.282,3238.01,3238.38,ETH
2026-01-06 07:06:58+00:00,2026-01-06 07:11:57.454495+00:00,418.0,3238.142,3238.0,3238.32,ETH
2026-01-06 07:06:59+00:00,2026-01-06 07:11:58.473215+00:00,419.0,3238.012,3237.92,3238.23,ETH
2026-01-06 07:07:00+00:00,2026-01-06 07:11:59.466232+00:00,420.0,3238.002,3237.83,3238.16,ETH
2026-01-06 07:07:01+00:00,2026-01-06 07:12:00.476506+00:00,421.0,3238.002,3237.82,3238.17,ETH
2026-01-06 07:07:02+00:00,2026-01-06 07:12:01.513959+00:00,422.0,3238.002,3237.81,3238.16,ETH
2026-01-06 07:07:03+00:00,2026-01-06 07:12:02.516679+00:00,423.0,3238.002,3237.81,3238.16,ETH
2026-01-06 07:07:04+00:00,2026-01-06 07:12:03.529769+00:00,424.0,3238.002,3237.81,3238.16,ETH
2026-01-06 07:07:05+00:00,2026-01-06 07:12:04.533245+00:00,425.0,3238.002,3237.82,3238.16,ETH
2026-01-06 07:07:06+00:00,2026-01-06 07:12:05.558848+00:00,426.0,3238.002,3237.82,3238.16,ETH
2026-01-06 07:07:07+00:00,2026-01-06 07:12:06.580782+00:00,427.0,3238.002,3237.83,3238.17,ETH
2026-01-06 07:07:08+00:00,2026-01-06 07:12:07.594801+00:00,428.0,3238.002,3237.84,3238.22,ETH
2026-01-06 07:07:09+00:00,2026-01-06 07:12:08.589917+00:00,429.0,3238.002,3237.85,3238.27,ETH
2026-01-06 07:07:10+00:00,2026-01-06 07:12:09.596385+00:00,430.0,3238.002,3237.85,3238.28,ETH
2026-01-06 07:07:11+00:00,2026-01-06 07:12:10.599758+00:00,431.0,3238.002,3237.85,3238.23,ETH
2026-01-06 07:07:12+00:00,2026-01-06 07:12:11.593878+00:00,432.0,3238.002,3237.85,3238.19,ETH
2026-01-06 07:07:13+00:00,2026-01-06 07:12:12.613334+00:00,433.0,3237.982,3237.85,3238.19,ETH
2026-01-06 07:07:14+00:00,2026-01-06 07:12:13.597118+00:00,434.0,3237.652,3237.58,3237.82,ETH
2026-01-06 07:07:15+00:00,2026-01-06 07:12:14.597344+00:00,435.0,3237.492,3237.43,3237.78,ETH
2026-01-06 07:07:16+00:00,2026-01-06 07:12:15.621346+00:00,436.0,3237.132,3237.07,3237.26,ETH
2026-01-06 07:07:17+00:00,2026-01-06 07:12:16.639909+00:00,437.0,3236.972,3236.96,3237.2,ETH
2026-01-06 07:07:18+00:00,2026-01-06 07:12:17.635570+00:00,438.0,3236.972,3236.9,3237.1,ETH
2026-01-06 07:07:19+00:00,2026-01-06 07:12:18.647144+00:00,439.0,3236.962,3236.9,3237.1,ETH
2026-01-06 07:07:20+00:00,2026-01-06 07:12:19.659365+00:00,440.0,3236.962,3236.9,3237.09,ETH
2026-01-06 07:07:21+00:00,2026-01-06 07:12:20.657458+00:00,441.0,3236.962,3236.9,3237.08,ETH
2026-01-06 07:07:22+00:00,2026-01-06 07:12:21.731561+00:00,442.0,3236.962,3236.9,3237.05,ETH
2026-01-06 07:07:23+00:00,2026-01-06 07:12:22.735039+00:00,443.0,3236.962,3236.9,3237.06,ETH
2026-01-06 07:07:24+00:00,2026-01-06 07:12:23.707982+00:00,444.0,3236.962,3236.9,3237.09,ETH
2026-01-06 07:07:25+00:00,2026-01-06 07:12:24.726389+00:00,445.0,3236.882,3236.85,3237.07,ETH
2026-01-06 07:07:26+00:00,2026-01-06 07:12:25.711155+00:00,446.0,3236.802,3236.8,3237.05,ETH
2026-01-06 07:07:27+00:00,2026-01-06 07:12:26.716703+00:00,447.0,3236.802,3236.79,3236.96,ETH
2026-01-06 07:07:28+00:00,2026-01-06 07:12:27.715130+00:00,448.0,3236.812,3236.79,3236.95,ETH
2026-01-06 07:07:29+00:00,2026-01-06 07:12:28.719806+00:00,449.0,3236.802,3236.78,3236.99,ETH
2026-01-06 07:07:30+00:00,2026-01-06 07:12:29.715256+00:00,450.0,3236.792,3236.73,3236.9,ETH
2026-01-06 07:07:31+00:00,2026-01-06 07:12:30.720731+00:00,451.0,3236.712,3236.66,3236.85,ETH
2026-01-06 07:07:32+00:00,2026-01-06 07:12:31.726761+00:00,452.0,3236.632,3236.62,3236.83,ETH
2026-01-06 07:07:33+00:00,2026-01-06 07:12:32.744114+00:00,453.0,3236.632,3236.61,3236.79,ETH
2026-01-06 07:07:34+00:00,2026-01-06 07:12:33.744511+00:00,454.0,3236.632,3236.57,3236.75,ETH
2026-01-06 07:07:35+00:00,2026-01-06 07:12:34.788412+00:00,455.0,3236.632,3236.49,3236.72,ETH
2026-01-06 07:07:36+00:00,2026-01-06 07:12:35.795559+00:00,456.0,3236.462,3236.37,3236.71,ETH
2026-01-06 07:07:37+00:00,2026-01-06 07:12:36.810612+00:00,457.0,3236.282,3236.17,3236.5,ETH
2026-01-06 07:07:38+00:00,2026-01-06 07:12:37.803728+00:00,458.0,3236.272,3236.05,3236.32,ETH
2026-01-06 07:07:39+00:00,2026-01-06 07:12:38.809525+00:00,459.0,3236.272,3236.02,3236.35,ETH
2026-01-06 07:07:40+00:00,2026-01-06 07:12:39.815347+00:00,460.0,3236.272,3236.0,3236.36,ETH
2026-01-06 07:07:41+00:00,2026-01-06 07:12:40.808132+00:00,461.0,3236.272,3236.0,3236.37,ETH
2026-01-06 07:07:42+00:00,2026-01-06 07:12:41.818371+00:00,462.0,3236.272,3236.0,3236.36,ETH
2026-01-06 07:07:43+00:00,2026-01-06 07:12:42.848726+00:00,463.0,3236.272,3236.0,3236.35,ETH
2026-01-06 07:07:44+00:00,2026-01-06 07:12:43.839169+00:00,464.0,3236.262,3235.99,3236.32,ETH
2026-01-06 07:07:45+00:00,2026-01-06 07:12:44.843620+00:00,465.0,3236.182,3235.99,3236.27,ETH
2026-01-06 07:07:46+00:00,2026-01-06 07:12:45.862344+00:00,466.0,3236.032,3235.97,3236.25,ETH
2026-01-06 07:07:47+00:00,2026-01-06 07:12:46.891052+00:00,467.0,3235.952,3235.93,3236.2,ETH
2026-01-06 07:07:48+00:00,2026-01-06 07:12:47.891477+00:00,468.0,3235.952,3235.93,3236.15,ETH
2026-01-06 07:07:49+00:00,2026-01-06 07:12:48.910826+00:00,469.0,3235.862,3235.85,3236.06,ETH
2026-01-06 07:07:50+00:00,2026-01-06 07:12:49.910224+00:00,470.0,3235.722,3235.7,3235.88,ETH
2026-01-06 07:07:51+00:00,2026-01-06 07:12:50.925022+00:00,471.0,3235.652,3235.59,3235.79,ETH
2026-01-06 07:07:52+00:00,2026-01-06 07:12:51.929197+00:00,472.0,3235.652,3235.54,3235.78,ETH
2026-01-06 07:07:53+00:00,2026-01-06 07:12:52.929468+00:00,473.0,3235.652,3235.53,3235.79,ETH
2026-01-06 07:07:54+00:00,2026-01-06 07:12:53.920540+00:00,474.0,3235.652,3235.53,3235.78,ETH
2026-01-06 07:07:55+00:00,2026-01-06 07:12:54.910524+00:00,475.0,3235.652,3235.55,3235.77,ETH
2026-01-06 07:07:56+00:00,2026-01-06 07:12:55.916785+00:00,476.0,3235.652,3235.56,3235.77,ETH
2026-01-06 07:07:57+00:00,2026-01-06 07:12:56.929950+00:00,477.0,3235.652,3235.54,3235.76,ETH
2026-01-06 07:07:58+00:00,2026-01-06 07:12:57.926062+00:00,478.0,3235.652,3235.54,3235.76,ETH
2026-01-06 07:07:59+00:00,2026-01-06 07:12:58.924574+00:00,479.0,3235.652,3235.55,3235.76,ETH
2026-01-06 07:08:00+00:00,2026-01-06 07:12:59.940558+00:00,480.0,3235.652,3235.55,3235.76,ETH
2026-01-06 07:08:01+00:00,2026-01-06 07:13:00.944938+00:00,481.0,3235.902,3235.66,3235.9,ETH
2026-01-06 07:08:02+00:00,2026-01-06 07:13:01.974401+00:00,482.0,3235.902,3235.66,3236.13,ETH
2026-01-06 07:08:03+00:00,2026-01-06 07:13:02.978693+00:00,483.0,3235.972,3235.72,3236.13,ETH
2026-01-06 07:08:04+00:00,2026-01-06 07:13:03.993360+00:00,484.0,3235.982,3235.72,3236.13,ETH
2026-01-06 07:08:05+00:00,2026-01-06 07:13:04.987701+00:00,485.0,3236.132,3235.73,3236.28,ETH
2026-01-06 07:08:06+00:00,2026-01-06 07:13:05.988464+00:00,486.0,3236.212,3235.96,3236.28,ETH
2026-01-06 07:08:07+00:00,2026-01-06 07:13:07.004370+00:00,487.0,3236.162,3235.97,3236.38,ETH
2026-01-06 07:08:08+00:00,2026-01-06 07:13:08.025540+00:00,488.0,3236.172,3236.02,3236.39,ETH
2026-01-06 07:08:09+00:00,2026-01-06 07:13:09.011393+00:00,489.0,3236.172,3236.02,3236.4,ETH
2026-01-06 07:08:10+00:00,2026-01-06 07:13:10.028972+00:00,490.0,3236.202,3236.0,3236.39,ETH
2026-01-06 07:08:11+00:00,2026-01-06 07:13:11.043495+00:00,491.0,3236.222,3236.03,3236.37,ETH
2026-01-06 07:08:12+00:00,2026-01-06 07:13:12.042840+00:00,492.0,3236.292,3236.04,3236.4,ETH
2026-01-06 07:08:13+00:00,2026-01-06 07:13:13.060237+00:00,493.0,3236.392,3236.04,3236.44,ETH
2026-01-06 07:08:14+00:00,2026-01-06 07:13:14.077908+00:00,494.0,3236.602,3236.34,3236.73,ETH
2026-01-06 07:08:15+00:00,2026-01-06 07:13:15.070036+00:00,495.0,3236.602,3236.34,3236.74,ETH
2026-01-06 07:08:16+00:00,2026-01-06 07:13:16.070333+00:00,496.0,3236.602,3236.35,3236.75,ETH
2026-01-06 07:08:17+00:00,2026-01-06 07:13:17.077890+00:00,497.0,3236.602,3236.35,3236.75,ETH
2026-01-06 07:08:18+00:00,2026-01-06 07:13:18.071319+00:00,498.0,3236.602,3236.34,3236.7,ETH
2026-01-06 07:08:19+00:00,2026-01-06 07:13:19.076104+00:00,499.0,3236.602,3236.34,3236.71,ETH
2026-01-06 07:08:20+00:00,2026-01-06 07:13:20.093409+00:00,500.0,3236.602,3236.36,3236.74,ETH
2026-01-06 07:08:21+00:00,2026-01-06 07:13:21.110229+00:00,501.0,3236.732,3236.36,3236.82,ETH
2026-01-06 07:08:22+00:00,2026-01-06 07:13:22.116071+00:00,502.0,3236.752,3236.47,3236.83,ETH
2026-01-06 07:08:23+00:00,2026-01-06 07:13:23.126032+00:00,503.0,3236.762,3236.47,3236.81,ETH
2026-01-06 07:08:24+00:00,2026-01-06 07:13:25.163560+00:00,504.0,3236.762,3236.47,3236.82,ETH
2026-01-06 07:08:26+00:00,2026-01-06 07:13:26.212120+00:00,506.0,3236.762,3236.48,3236.8,ETH
2026-01-06 07:08:27+00:00,2026-01-06 07:13:27.200938+00:00,507.0,3236.672,3236.47,3236.73,ETH
2026-01-06 07:08:28+00:00,2026-01-06 07:13:28.201212+00:00,508.0,3236.672,3236.42,3236.68,ETH
2026-01-06 07:08:29+00:00,2026-01-06 07:13:29.231394+00:00,509.0,3236.672,3236.42,3236.76,ETH
2026-01-06 07:08:30+00:00,2026-01-06 07:13:30.217456+00:00,510.0,3236.672,3236.41,3236.77,ETH
2026-01-06 07:08:31+00:00,2026-01-06 07:13:31.208179+00:00,511.0,3236.672,3236.41,3236.75,ETH
2026-01-06 07:08:32+00:00,2026-01-06 07:13:32.213456+00:00,512.0,3236.672,3236.41,3236.76,ETH
2026-01-06 07:08:33+00:00,2026-01-06 07:13:33.222049+00:00,513.0,3236.672,3236.41,3236.75,ETH
2026-01-06 07:08:34+00:00,2026-01-06 07:13:34.234250+00:00,514.0,3236.672,3236.41,3236.75,ETH
2026-01-06 07:08:35+00:00,2026-01-06 07:13:35.256884+00:00,515.0,3236.672,3236.41,3236.75,ETH
2026-01-06 07:08:36+00:00,2026-01-06 07:13:36.253732+00:00,516.0,3236.672,3236.43,3236.79,ETH
2026-01-06 07:08:37+00:00,2026-01-06 07:13:37.250427+00:00,517.0,3236.672,3236.43,3236.75,ETH
2026-01-06 07:08:38+00:00,2026-01-06 07:13:38.274883+00:00,518.0,3236.672,3236.41,3236.81,ETH
2026-01-06 07:08:39+00:00,2026-01-06 07:13:39.285290+00:00,519.0,3236.672,3236.41,3236.83,ETH
2026-01-06 07:08:40+00:00,2026-01-06 07:13:40.297681+00:00,520.0,3236.672,3236.41,3236.78,ETH
2026-01-06 07:08:41+00:00,2026-01-06 07:13:41.291538+00:00,521.0,3236.672,3236.45,3236.79,ETH
2026-01-06 07:08:42+00:00,2026-01-06 07:13:42.296113+00:00,522.0,3236.672,3236.45,3236.78,ETH
2026-01-06 07:08:43+00:00,2026-01-06 07:13:43.295066+00:00,523.0,3236.672,3236.45,3236.77,ETH
2026-01-06 07:08:44+00:00,2026-01-06 07:13:44.307333+00:00,524.0,3236.672,3236.45,3236.76,ETH
2026-01-06 07:08:45+00:00,2026-01-06 07:13:45.319872+00:00,525.0,3236.672,3236.44,3236.76,ETH
2026-01-06 07:08:46+00:00,2026-01-06 07:13:46.312554+00:00,526.0,3236.672,3236.45,3236.75,ETH
2026-01-06 07:08:47+00:00,2026-01-06 07:13:47.310986+00:00,527.0,3236.672,3236.46,3236.74,ETH
2026-01-06 07:08:48+00:00,2026-01-06 07:13:49.327407+00:00,528.0,3236.682,3236.45,3236.74,ETH
2026-01-06 07:08:49+00:00,2026-01-06 07:13:50.328465+00:00,529.0,3236.672,3236.45,3236.72,ETH
2026-01-06 07:08:50+00:00,2026-01-06 07:13:51.327566+00:00,530.0,3236.672,3236.45,3236.7,ETH
2026-01-06 07:08:51+00:00,2026-01-06 07:13:52.323512+00:00,531.0,3236.672,3236.46,3236.73,ETH
2026-01-06 07:08:52+00:00,2026-01-06 07:13:53.344818+00:00,532.0,3236.682,3236.46,3236.75,ETH
2026-01-06 07:08:53+00:00,2026-01-06 07:13:54.355793+00:00,533.0,3236.682,3236.46,3236.75,ETH
2026-01-06 07:08:54+00:00,2026-01-06 07:13:55.358589+00:00,534.0,3236.682,3236.45,3236.76,ETH
2026-01-06 07:08:55+00:00,2026-01-06 07:13:56.358525+00:00,535.0,3236.682,3236.45,3236.77,ETH
2026-01-06 07:08:56+00:00,2026-01-06 07:13:57.372812+00:00,536.0,3236.682,3236.45,3236.77,ETH
2026-01-06 07:08:57+00:00,2026-01-06 07:13:58.378572+00:00,537.0,3236.682,3236.45,3236.76,ETH
2026-01-06 07:08:58+00:00,2026-01-06 07:13:59.377292+00:00,538.0,3236.682,3236.47,3236.74,ETH
2026-01-06 07:08:59+00:00,2026-01-06 07:14:00.380918+00:00,539.0,3236.682,3236.46,3236.74,ETH
2026-01-06 07:09:00+00:00,2026-01-06 07:14:01.532672+00:00,540.0,3236.682,3236.45,3236.74,ETH
2026-01-06 07:09:01+00:00,2026-01-06 07:14:02.558478+00:00,541.0,3236.482,3236.36,3236.68,ETH
2026-01-06 07:09:02+00:00,2026-01-06 07:14:03.544507+00:00,542.0,3236.232,3236.2,3236.56,ETH
2026-01-06 07:09:03+00:00,2026-01-06 07:14:04.574052+00:00,543.0,3236.082,3236.05,3236.34,ETH
2026-01-06 07:09:04+00:00,2026-01-06 07:14:05.578479+00:00,544.0,3235.972,3235.97,3236.17,ETH
2026-01-06 07:09:05+00:00,2026-01-06 07:14:06.588423+00:00,545.0,3235.972,3235.97,3236.21,ETH
2026-01-06 07:09:06+00:00,2026-01-06 07:14:07.614525+00:00,546.0,3235.972,3235.97,3236.2,ETH
2026-01-06 07:09:07+00:00,2026-01-06 07:14:08.604486+00:00,547.0,3235.972,3235.97,3236.18,ETH
2026-01-06 07:09:08+00:00,2026-01-06 07:14:09.608287+00:00,548.0,3235.972,3235.97,3236.18,ETH
2026-01-06 07:09:09+00:00,2026-01-06 07:14:10.613926+00:00,549.0,3235.882,3235.87,3236.13,ETH
2026-01-06 07:09:10+00:00,2026-01-06 07:14:11.611116+00:00,550.0,3235.772,3235.69,3235.92,ETH
2026-01-06 07:09:11+00:00,2026-01-06 07:14:12.619740+00:00,551.0,3235.752,3235.6,3235.76,ETH
2026-01-06 07:09:12+00:00,2026-01-06 07:14:13.630594+00:00,552.0,3235.752,3235.57,3235.76,ETH
2026-01-06 07:09:13+00:00,2026-01-06 07:14:14.620456+00:00,553.0,3235.752,3235.57,3235.76,ETH
2026-01-06 07:09:14+00:00,2026-01-06 07:14:15.623917+00:00,554.0,3235.752,3235.57,3235.76,ETH
2026-01-06 07:09:15+00:00,2026-01-06 07:14:16.642146+00:00,555.0,3235.752,3235.57,3235.76,ETH
2026-01-06 07:09:16+00:00,2026-01-06 07:14:17.654970+00:00,556.0,3235.752,3235.57,3235.76,ETH
2026-01-06 07:09:17+00:00,2026-01-06 07:14:18.719808+00:00,557.0,3235.752,3235.55,3235.76,ETH
2026-01-06 07:09:18+00:00,2026-01-06 07:14:19.706751+00:00,558.0,3235.752,3235.53,3235.78,ETH
2026-01-06 07:09:19+00:00,2026-01-06 07:14:20.706893+00:00,559.0,3235.692,3235.53,3235.8,ETH
2026-01-06 07:09:20+00:00,2026-01-06 07:14:21.730250+00:00,560.0,3235.632,3235.52,3235.75,ETH
2026-01-06 07:09:21+00:00,2026-01-06 07:14:22.712016+00:00,561.0,3235.632,3235.49,3235.69,ETH
2026-01-06 07:09:22+00:00,2026-01-06 07:14:23.713457+00:00,562.0,3235.632,3235.47,3235.66,ETH
2026-01-06 07:09:23+00:00,2026-01-06 07:14:24.706083+00:00,563.0,3235.632,3235.46,3235.66,ETH
2026-01-06 07:09:24+00:00,2026-01-06 07:14:25.706506+00:00,564.0,3235.632,3235.46,3235.66,ETH
2026-01-06 07:09:25+00:00,2026-01-06 07:14:26.736051+00:00,565.0,3235.632,3235.46,3235.67,ETH
2026-01-06 07:09:26+00:00,2026-01-06 07:14:27.713136+00:00,566.0,3235.632,3235.46,3235.68,ETH
2026-01-06 07:09:27+00:00,2026-01-06 07:14:28.742680+00:00,567.0,3235.532,3235.45,3235.67,ETH
2026-01-06 07:09:28+00:00,2026-01-06 07:14:29.726861+00:00,568.0,3235.442,3235.42,3235.63,ETH
2026-01-06 07:09:29+00:00,2026-01-06 07:14:30.733237+00:00,569.0,3235.442,3235.4,3235.64,ETH
2026-01-06 07:09:30+00:00,2026-01-06 07:14:31.736443+00:00,570.0,3235.442,3235.4,3235.72,ETH
2026-01-06 07:09:31+00:00,2026-01-06 07:14:32.741510+00:00,571.0,3235.442,3235.39,3235.78,ETH
2026-01-06 07:09:32+00:00,2026-01-06 07:14:33.729283+00:00,572.0,3235.442,3235.38,3235.78,ETH
2026-01-06 07:09:33+00:00,2026-01-06 07:14:34.757503+00:00,573.0,3235.292,3235.26,3235.64,ETH
2026-01-06 07:09:34+00:00,2026-01-06 07:14:35.749188+00:00,574.0,3235.142,3235.08,3235.41,ETH
2026-01-06 07:09:35+00:00,2026-01-06 07:14:36.769310+00:00,575.0,3235.112,3234.96,3235.22,ETH
2026-01-06 07:09:36+00:00,2026-01-06 07:14:37.790800+00:00,576.0,3235.092,3234.91,3235.13,ETH
2026-01-06 07:09:37+00:00,2026-01-06 07:14:38.793286+00:00,577.0,3235.082,3234.93,3235.12,ETH
2026-01-06 07:09:38+00:00,2026-01-06 07:14:39.777936+00:00,578.0,3235.082,3234.93,3235.13,ETH
2026-01-06 07:09:39+00:00,2026-01-06 07:14:40.790786+00:00,579.0,3235.112,3234.93,3235.14,ETH
2026-01-06 07:09:40+00:00,2026-01-06 07:14:41.791052+00:00,580.0,3235.132,3234.93,3235.14,ETH
2026-01-06 07:09:41+00:00,2026-01-06 07:14:42.801863+00:00,581.0,3235.042,3234.88,3235.13,ETH
2026-01-06 07:09:42+00:00,2026-01-06 07:14:43.797820+00:00,582.0,3235.012,3234.8,3235.11,ETH
2026-01-06 07:09:43+00:00,2026-01-06 07:14:44.800506+00:00,583.0,3235.072,3234.75,3235.14,ETH
2026-01-06 07:09:44+00:00,2026-01-06 07:14:45.792949+00:00,584.0,3235.092,3234.74,3235.17,ETH
2026-01-06 07:09:45+00:00,2026-01-06 07:14:46.810945+00:00,585.0,3235.112,3234.74,3235.16,ETH
2026-01-06 07:09:46+00:00,2026-01-06 07:14:47.801502+00:00,586.0,3235.112,3234.74,3235.15,ETH
2026-01-06 07:09:47+00:00,2026-01-06 07:14:48.805211+00:00,587.0,3235.112,3234.81,3235.22,ETH
2026-01-06 07:09:48+00:00,2026-01-06 07:14:49.803338+00:00,588.0,3235.112,3234.88,3235.29,ETH
2026-01-06 07:09:49+00:00,2026-01-06 07:14:50.799475+00:00,589.0,3235.112,3234.88,3235.29,ETH
2026-01-06 07:09:50+00:00,2026-01-06 07:14:51.800139+00:00,590.0,3235.112,3234.87,3235.29,ETH
2026-01-06 07:09:51+00:00,2026-01-06 07:14:52.818909+00:00,591.0,3235.112,3234.87,3235.3,ETH
2026-01-06 07:09:52+00:00,2026-01-06 07:14:53.820308+00:00,592.0,3235.112,3234.87,3235.32,ETH
2026-01-06 07:09:53+00:00,2026-01-06 07:14:54.826580+00:00,593.0,3235.112,3234.87,3235.32,ETH
2026-01-06 07:09:54+00:00,2026-01-06 07:14:55.832777+00:00,594.0,3235.112,3234.87,3235.29,ETH
2026-01-06 07:09:55+00:00,2026-01-06 07:14:56.837025+00:00,595.0,3235.112,3234.87,3235.29,ETH
2026-01-06 07:09:56+00:00,2026-01-06 07:14:57.855507+00:00,596.0,3235.112,3234.87,3235.29,ETH
2026-01-06 07:09:57+00:00,2026-01-06 07:14:58.853297+00:00,597.0,3235.112,3234.87,3235.24,ETH
2026-01-06 07:09:58+00:00,2026-01-06 07:14:59.866199+00:00,598.0,3235.112,3234.86,3235.17,ETH
2026-01-06 07:09:59+00:00,2026-01-06 07:15:00.905513+00:00,599.0,3235.112,3234.84,3235.14,ETH
2026-01-06 07:10:00+00:00,2026-01-06 07:15:01.908328+00:00,600.0,3235.112,3234.84,3235.13,ETH
2026-01-06 07:10:01+00:00,2026-01-06 07:15:02.906055+00:00,601.0,3235.112,3234.83,3235.12,ETH
2026-01-06 07:10:02+00:00,2026-01-06 07:15:03.919123+00:00,602.0,3235.062,3234.83,3235.11,ETH
2026-01-06 07:10:03+00:00,2026-01-06 07:15:04.940509+00:00,603.0,3235.082,3234.83,3235.12,ETH
2026-01-06 07:10:04+00:00,2026-01-06 07:15:05.956955+00:00,604.0,3234.852,3234.81,3235.03,ETH
2026-01-06 07:10:05+00:00,2026-01-06 07:15:06.957490+00:00,605.0,3234.852,3234.81,3235.03,ETH
2026-01-06 07:10:06+00:00,2026-01-06 07:15:07.941826+00:00,606.0,3234.852,3234.82,3235.04,ETH
2026-01-06 07:10:07+00:00,2026-01-06 07:15:08.936003+00:00,607.0,3234.852,3234.83,3235.01,ETH
2026-01-06 07:10:08+00:00,2026-01-06 07:15:09.953368+00:00,608.0,3234.852,3234.81,3235.07,ETH
2026-01-06 07:10:09+00:00,2026-01-06 07:15:10.967196+00:00,609.0,3234.852,3234.84,3235.07,ETH
2026-01-06 07:10:10+00:00,2026-01-06 07:15:11.960544+00:00,610.0,3234.852,3234.84,3235.08,ETH
2026-01-06 07:10:11+00:00,2026-01-06 07:15:12.957506+00:00,611.0,3234.852,3234.81,3235.1,ETH
2026-01-06 07:10:12+00:00,2026-01-06 07:15:13.958290+00:00,612.0,3235.032,3234.79,3235.09,ETH
2026-01-06 07:10:13+00:00,2026-01-06 07:15:14.953655+00:00,613.0,3235.032,3234.81,3235.08,ETH
2026-01-06 07:10:14+00:00,2026-01-06 07:15:15.954498+00:00,614.0,3235.032,3234.81,3235.07,ETH
2026-01-06 07:10:15+00:00,2026-01-06 07:15:16.966519+00:00,615.0,3234.842,3234.79,3235.05,ETH
2026-01-06 07:10:16+00:00,2026-01-06 07:15:17.981969+00:00,616.0,3234.832,3234.59,3235.02,ETH
2026-01-06 07:10:17+00:00,2026-01-06 07:15:18.986257+00:00,617.0,3234.832,3234.55,3234.96,ETH
2026-01-06 07:10:18+00:00,2026-01-06 07:15:19.987329+00:00,618.0,3234.742,3234.5,3234.94,ETH
2026-01-06 07:10:19+00:00,2026-01-06 07:15:21.001243+00:00,619.0,3234.742,3234.48,3234.75,ETH
2026-01-06 07:10:20+00:00,2026-01-06 07:15:21.998864+00:00,620.0,3234.742,3234.48,3234.75,ETH
2026-01-06 07:10:21+00:00,2026-01-06 07:15:23.006145+00:00,621.0,3234.742,3234.48,3234.75,ETH
2026-01-06 07:10:22+00:00,2026-01-06 07:15:24.004071+00:00,622.0,3234.682,3234.48,3234.7,ETH
2026-01-06 07:10:23+00:00,2026-01-06 07:15:25.023040+00:00,623.0,3234.592,3234.48,3234.7,ETH
2026-01-06 07:10:24+00:00,2026-01-06 07:15:26.132738+00:00,624.0,3234.592,3234.44,3234.59,ETH
2026-01-06 07:10:25+00:00,2026-01-06 07:15:28.132627+00:00,625.0,3234.592,3234.4,3234.59,ETH
2026-01-06 07:10:26+00:00,2026-01-06 07:15:29.149432+00:00,626.0,3234.432,3234.33,3234.49,ETH
2026-01-06 07:10:27+00:00,2026-01-06 07:15:30.149833+00:00,627.0,3234.262,3234.23,3234.44,ETH
2026-01-06 07:10:28+00:00,2026-01-06 07:15:31.149826+00:00,628.0,3234.262,3234.19,3234.48,ETH
2026-01-06 07:10:29+00:00,2026-01-06 07:15:32.154417+00:00,629.0,3234.262,3234.22,3234.41,ETH
2026-01-06 07:10:30+00:00,2026-01-06 07:15:33.154408+00:00,630.0,3234.262,3234.25,3234.37,ETH
2026-01-06 07:10:31+00:00,2026-01-06 07:15:34.164996+00:00,631.0,3234.262,3234.25,3234.36,ETH
2026-01-06 07:10:32+00:00,2026-01-06 07:15:35.167323+00:00,632.0,3234.232,3234.2,3234.33,ETH
2026-01-06 07:10:34+00:00,2026-01-06 07:15:36.228769+00:00,634.0,3234.242,3234.06,3234.24,ETH
2026-01-06 07:10:35+00:00,2026-01-06 07:15:37.244739+00:00,635.0,3234.202,3234.06,3234.35,ETH
2026-01-06 07:10:36+00:00,2026-01-06 07:15:38.220483+00:00,636.0,3234.222,3234.12,3234.34,ETH
2026-01-06 07:10:37+00:00,2026-01-06 07:15:39.224282+00:00,637.0,3234.222,3234.12,3234.36,ETH
2026-01-06 07:10:38+00:00,2026-01-06 07:15:40.230322+00:00,638.0,3234.022,3234.02,3234.15,ETH
2026-01-06 07:10:39+00:00,2026-01-06 07:15:41.240733+00:00,639.0,3234.112,3233.91,3234.14,ETH
2026-01-06 07:10:40+00:00,2026-01-06 07:15:42.234177+00:00,640.0,3234.092,3233.97,3234.26,ETH
2026-01-06 07:10:41+00:00,2026-01-06 07:15:43.239432+00:00,641.0,3234.052,3233.96,3234.23,ETH
2026-01-06 07:10:42+00:00,2026-01-06 07:15:44.255421+00:00,642.0,3233.892,3233.65,3233.99,ETH
2026-01-06 07:10:43+00:00,2026-01-06 07:15:45.266246+00:00,643.0,3233.792,3233.65,3233.84,ETH
2026-01-06 07:10:44+00:00,2026-01-06 07:15:46.281309+00:00,644.0,3233.792,3233.59,3233.82,ETH
2026-01-06 07:10:45+00:00,2026-01-06 07:15:47.283022+00:00,645.0,3233.792,3233.59,3233.85,ETH
2026-01-06 07:10:46+00:00,2026-01-06 07:15:48.283579+00:00,646.0,3234.032,3233.68,3234.37,ETH
2026-01-06 07:10:47+00:00,2026-01-06 07:15:49.307459+00:00,647.0,3234.122,3233.94,3234.47,ETH
2026-01-06 07:10:48+00:00,2026-01-06 07:15:51.305100+00:00,648.0,3233.832,3233.82,3234.12,ETH
2026-01-06 07:10:49+00:00,2026-01-06 07:15:52.299675+00:00,649.0,3233.742,3233.66,3234.0,ETH
2026-01-06 07:10:50+00:00,2026-01-06 07:15:53.299064+00:00,650.0,3233.742,3233.54,3233.84,ETH
2026-01-06 07:10:51+00:00,2026-01-06 07:15:54.320032+00:00,651.0,3233.742,3233.51,3233.82,ETH
2026-01-06 07:10:52+00:00,2026-01-06 07:15:55.319741+00:00,652.0,3233.742,3233.55,3233.81,ETH
2026-01-06 07:10:53+00:00,2026-01-06 07:15:56.320340+00:00,653.0,3233.742,3233.6,3233.89,ETH
2026-01-06 07:10:54+00:00,2026-01-06 07:15:57.319276+00:00,654.0,3233.742,3233.6,3234.01,ETH
2026-01-06 07:10:55+00:00,2026-01-06 07:15:58.319368+00:00,655.0,3233.742,3233.59,3234.0,ETH
2026-01-06 07:10:56+00:00,2026-01-06 07:15:59.338181+00:00,656.0,3233.752,3233.59,3233.97,ETH
2026-01-06 07:10:57+00:00,2026-01-06 07:16:00.359970+00:00,657.0,3233.782,3233.6,3233.94,ETH
2026-01-06 07:10:58+00:00,2026-01-06 07:16:01.356597+00:00,658.0,3233.842,3233.61,3233.91,ETH
2026-01-06 07:10:59+00:00,2026-01-06 07:16:02.348649+00:00,659.0,3233.892,3233.62,3233.93,ETH
2026-01-06 07:11:00+00:00,2026-01-06 07:16:03.368875+00:00,660.0,3233.922,3233.71,3234.07,ETH
2026-01-06 07:11:01+00:00,2026-01-06 07:16:04.371510+00:00,661.0,3233.942,3233.77,3234.24,ETH
2026-01-06 07:11:02+00:00,2026-01-06 07:16:05.365815+00:00,662.0,3233.912,3233.75,3234.18,ETH
2026-01-06 07:11:03+00:00,2026-01-06 07:16:06.354635+00:00,663.0,3233.972,3233.76,3234.06,ETH
2026-01-06 07:11:04+00:00,2026-01-06 07:16:07.373361+00:00,664.0,3234.042,3233.76,3234.08,ETH
2026-01-06 07:11:05+00:00,2026-01-06 07:16:08.401731+00:00,665.0,3234.032,3233.77,3234.12,ETH
2026-01-06 07:11:06+00:00,2026-01-06 07:16:09.401058+00:00,666.0,3234.022,3233.79,3234.12,ETH
2026-01-06 07:11:07+00:00,2026-01-06 07:16:10.403100+00:00,667.0,3234.102,3233.86,3234.18,ETH
2026-01-06 07:11:08+00:00,2026-01-06 07:16:11.403959+00:00,668.0,3234.182,3233.94,3234.26,ETH
2026-01-06 07:11:09+00:00,2026-01-06 07:16:12.402500+00:00,669.0,3234.192,3233.94,3234.29,ETH
2026-01-06 07:11:10+00:00,2026-01-06 07:16:13.407367+00:00,670.0,3234.232,3233.94,3234.31,ETH
2026-01-06 07:11:11+00:00,2026-01-06 07:16:14.435297+00:00,671.0,3234.272,3233.95,3234.33,ETH
2026-01-06 07:11:12+00:00,2026-01-06 07:16:15.435458+00:00,672.0,3234.272,3233.95,3234.33,ETH
2026-01-06 07:11:13+00:00,2026-01-06 07:16:16.454333+00:00,673.0,3234.302,3234.03,3234.36,ETH
2026-01-06 07:11:14+00:00,2026-01-06 07:16:17.466455+00:00,674.0,3234.072,3233.98,3234.14,ETH
2026-01-06 07:11:15+00:00,2026-01-06 07:16:18.468127+00:00,675.0,3234.072,3233.83,3234.2,ETH
2026-01-06 07:11:16+00:00,2026-01-06 07:16:19.468371+00:00,676.0,3234.122,3233.87,3234.22,ETH
2026-01-06 07:11:17+00:00,2026-01-06 07:16:20.485288+00:00,677.0,3234.122,3233.89,3234.26,ETH
2026-01-06 07:11:18+00:00,2026-01-06 07:16:21.491257+00:00,678.0,3234.122,3233.89,3234.27,ETH
2026-01-06 07:11:19+00:00,2026-01-06 07:16:22.484204+00:00,679.0,3234.122,3233.89,3234.28,ETH
2026-01-06 07:11:20+00:00,2026-01-06 07:16:23.480004+00:00,680.0,3234.122,3233.9,3234.26,ETH
2026-01-06 07:11:21+00:00,2026-01-06 07:16:24.501638+00:00,681.0,3234.122,3233.91,3234.37,ETH
2026-01-06 07:11:22+00:00,2026-01-06 07:16:25.521989+00:00,682.0,3234.222,3233.91,3234.32,ETH
2026-01-06 07:11:23+00:00,2026-01-06 07:16:26.517428+00:00,683.0,3234.232,3233.91,3234.31,ETH
2026-01-06 07:11:24+00:00,2026-01-06 07:16:27.570108+00:00,684.0,3234.242,3233.91,3234.43,ETH
2026-01-06 07:11:25+00:00,2026-01-06 07:16:28.563723+00:00,685.0,3234.462,3234.13,3234.8,ETH
2026-01-06 07:11:26+00:00,2026-01-06 07:16:29.562968+00:00,686.0,3234.752,3234.45,3234.89,ETH
2026-01-06 07:11:27+00:00,2026-01-06 07:16:30.585558+00:00,687.0,3234.672,3234.47,3234.76,ETH
2026-01-06 07:11:28+00:00,2026-01-06 07:16:31.587138+00:00,688.0,3234.702,3234.37,3234.94,ETH
2026-01-06 07:11:29+00:00,2026-01-06 07:16:32.608691+00:00,689.0,3234.682,3234.34,3234.94,ETH
2026-01-06 07:11:30+00:00,2026-01-06 07:16:33.622499+00:00,690.0,3234.682,3234.35,3234.94,ETH
2026-01-06 07:11:31+00:00,2026-01-06 07:16:34.619716+00:00,691.0,3234.682,3234.35,3234.92,ETH
2026-01-06 07:11:32+00:00,2026-01-06 07:16:35.617668+00:00,692.0,3234.682,3234.35,3234.93,ETH
2026-01-06 07:11:33+00:00,2026-01-06 07:16:36.630462+00:00,693.0,3234.682,3234.34,3234.91,ETH
2026-01-06 07:11:34+00:00,2026-01-06 07:16:37.623817+00:00,694.0,3234.682,3234.34,3234.91,ETH
2026-01-06 07:11:35+00:00,2026-01-06 07:16:39.626933+00:00,695.0,3234.682,3234.35,3234.87,ETH
2026-01-06 07:11:36+00:00,2026-01-06 07:16:40.656697+00:00,696.0,3234.542,3234.33,3234.77,ETH
2026-01-06 07:11:38+00:00,2026-01-06 07:16:41.701334+00:00,698.0,3234.412,3234.12,3234.44,ETH
2026-01-06 07:11:39+00:00,2026-01-06 07:16:42.702090+00:00,699.0,3234.242,3234.12,3234.39,ETH
2026-01-06 07:11:40+00:00,2026-01-06 07:16:43.741975+00:00,700.0,3234.132,3233.96,3234.32,ETH
2026-01-06 07:11:41+00:00,2026-01-06 07:16:44.749989+00:00,701.0,3234.132,3233.97,3234.19,ETH
2026-01-06 07:11:42+00:00,2026-01-06 07:16:45.750820+00:00,702.0,3234.132,3233.97,3234.18,ETH
2026-01-06 07:11:43+00:00,2026-01-06 07:16:46.747241+00:00,703.0,3234.132,3233.97,3234.23,ETH
2026-01-06 07:11:44+00:00,2026-01-06 07:16:47.749941+00:00,704.0,3234.132,3233.97,3234.23,ETH
2026-01-06 07:11:45+00:00,2026-01-06 07:16:48.765702+00:00,705.0,3234.132,3233.97,3234.26,ETH
2026-01-06 07:11:46+00:00,2026-01-06 07:16:49.782331+00:00,706.0,3234.132,3233.97,3234.26,ETH
2026-01-06 07:11:47+00:00,2026-01-06 07:16:50.772450+00:00,707.0,3234.132,3233.97,3234.24,ETH
2026-01-06 07:11:48+00:00,2026-01-06 07:16:51.767614+00:00,708.0,3234.132,3233.98,3234.23,ETH
2026-01-06 07:11:49+00:00,2026-01-06 07:16:52.765137+00:00,709.0,3234.132,3233.98,3234.24,ETH
2026-01-06 07:11:50+00:00,2026-01-06 07:16:53.766974+00:00,710.0,3234.132,3233.98,3234.25,ETH
2026-01-06 07:11:51+00:00,2026-01-06 07:16:54.770710+00:00,711.0,3234.262,3233.99,3234.36,ETH
2026-01-06 07:11:52+00:00,2026-01-06 07:16:55.763922+00:00,712.0,3234.262,3234.06,3234.36,ETH
2026-01-06 07:11:53+00:00,2026-01-06 07:16:56.774278+00:00,713.0,3234.262,3234.06,3234.36,ETH
2026-01-06 07:11:54+00:00,2026-01-06 07:16:57.768766+00:00,714.0,3234.382,3234.1,3234.52,ETH
2026-01-06 07:11:55+00:00,2026-01-06 07:16:58.787089+00:00,715.0,3234.472,3234.14,3234.54,ETH
2026-01-06 07:11:56+00:00,2026-01-06 07:16:59.783578+00:00,716.0,3234.472,3234.14,3234.68,ETH
2026-01-06 07:11:57+00:00,2026-01-06 07:17:00.779854+00:00,717.0,3234.472,3234.14,3234.68,ETH
2026-01-06 07:11:58+00:00,2026-01-06 07:17:01.802921+00:00,718.0,3234.482,3234.15,3234.63,ETH
2026-01-06 07:11:59+00:00,2026-01-06 07:17:02.801862+00:00,719.0,3234.482,3234.17,3234.58,ETH
2026-01-06 07:12:00+00:00,2026-01-06 07:17:03.799951+00:00,720.0,3234.402,3234.17,3234.49,ETH
2026-01-06 07:12:01+00:00,2026-01-06 07:17:04.808540+00:00,721.0,3234.392,3234.15,3234.5,ETH
2026-01-06 07:12:02+00:00,2026-01-06 07:17:05.816011+00:00,722.0,3234.322,3234.14,3234.5,ETH
2026-01-06 07:12:03+00:00,2026-01-06 07:17:06.821331+00:00,723.0,3234.252,3234.1,3234.45,ETH
2026-01-06 07:12:04+00:00,2026-01-06 07:17:07.849612+00:00,724.0,3234.222,3234.04,3234.38,ETH
2026-01-06 07:12:05+00:00,2026-01-06 07:17:08.849846+00:00,725.0,3234.222,3234.04,3234.35,ETH
2026-01-06 07:12:06+00:00,2026-01-06 07:17:09.854115+00:00,726.0,3234.222,3234.03,3234.34,ETH
2026-01-06 07:12:07+00:00,2026-01-06 07:17:10.848694+00:00,727.0,3234.222,3234.03,3234.33,ETH
2026-01-06 07:12:08+00:00,2026-01-06 07:17:11.870474+00:00,728.0,3234.222,3234.03,3234.32,ETH
2026-01-06 07:12:09+00:00,2026-01-06 07:17:12.901110+00:00,729.0,3234.222,3234.03,3234.32,ETH
2026-01-06 07:12:10+00:00,2026-01-06 07:17:13.935847+00:00,730.0,3234.222,3234.03,3234.32,ETH
2026-01-06 07:12:11+00:00,2026-01-06 07:17:14.931330+00:00,731.0,3234.222,3234.03,3234.31,ETH
2026-01-06 07:12:12+00:00,2026-01-06 07:17:15.919127+00:00,732.0,3234.222,3234.03,3234.31,ETH
2026-01-06 07:12:13+00:00,2026-01-06 07:17:16.917979+00:00,733.0,3234.222,3234.03,3234.32,ETH
2026-01-06 07:12:14+00:00,2026-01-06 07:17:17.916358+00:00,734.0,3234.222,3234.03,3234.29,ETH
2026-01-06 07:12:15+00:00,2026-01-06 07:17:18.919615+00:00,735.0,3234.222,3234.03,3234.29,ETH
2026-01-06 07:12:16+00:00,2026-01-06 07:17:19.912905+00:00,736.0,3234.222,3234.03,3234.29,ETH
2026-01-06 07:12:17+00:00,2026-01-06 07:17:20.950048+00:00,737.0,3234.222,3234.02,3234.26,ETH
2026-01-06 07:12:18+00:00,2026-01-06 07:17:21.952893+00:00,738.0,3234.062,3233.87,3234.13,ETH
2026-01-06 07:12:19+00:00,2026-01-06 07:17:22.969378+00:00,739.0,3233.912,3233.72,3234.02,ETH
2026-01-06 07:12:20+00:00,2026-01-06 07:17:23.980807+00:00,740.0,3233.912,3233.71,3234.0,ETH
2026-01-06 07:12:21+00:00,2026-01-06 07:17:24.986308+00:00,741.0,3233.912,3233.71,3233.98,ETH
2026-01-06 07:12:22+00:00,2026-01-06 07:17:25.979818+00:00,742.0,3233.912,3233.72,3234.03,ETH
2026-01-06 07:12:23+00:00,2026-01-06 07:17:26.984960+00:00,743.0,3233.912,3233.72,3234.07,ETH
2026-01-06 07:12:24+00:00,2026-01-06 07:17:27.986422+00:00,744.0,3233.912,3233.72,3234.05,ETH
2026-01-06 07:12:25+00:00,2026-01-06 07:17:28.987297+00:00,745.0,3233.912,3233.72,3234.05,ETH
2026-01-06 07:12:26+00:00,2026-01-06 07:17:29.984516+00:00,746.0,3233.902,3233.72,3234.09,ETH
2026-01-06 07:12:27+00:00,2026-01-06 07:17:31.002677+00:00,747.0,3233.902,3233.73,3234.12,ETH
2026-01-06 07:12:28+00:00,2026-01-06 07:17:31.996421+00:00,748.0,3233.902,3233.73,3234.12,ETH
2026-01-06 07:12:29+00:00,2026-01-06 07:17:33.034299+00:00,749.0,3233.902,3233.73,3234.13,ETH
2026-01-06 07:12:30+00:00,2026-01-06 07:17:34.034152+00:00,750.0,3233.832,3233.64,3234.03,ETH
2026-01-06 07:12:31+00:00,2026-01-06 07:17:35.032390+00:00,751.0,3233.762,3233.55,3233.9,ETH
2026-01-06 07:12:32+00:00,2026-01-06 07:17:36.050120+00:00,752.0,3233.762,3233.54,3233.91,ETH
2026-01-06 07:12:33+00:00,2026-01-06 07:17:37.049807+00:00,753.0,3233.762,3233.54,3233.91,ETH
2026-01-06 07:12:34+00:00,2026-01-06 07:17:38.069443+00:00,754.0,3233.762,3233.54,3233.91,ETH
2026-01-06 07:12:35+00:00,2026-01-06 07:17:39.065428+00:00,755.0,3233.762,3233.54,3233.91,ETH
2026-01-06 07:12:36+00:00,2026-01-06 07:17:40.080867+00:00,756.0,3233.692,3233.54,3233.84,ETH
2026-01-06 07:12:37+00:00,2026-01-06 07:17:41.107914+00:00,757.0,3233.552,3233.44,3233.65,ETH
2026-01-06 07:12:38+00:00,2026-01-06 07:17:42.114474+00:00,758.0,3233.492,3233.34,3233.6,ETH
2026-01-06 07:12:39+00:00,2026-01-06 07:17:43.119201+00:00,759.0,3233.492,3233.33,3233.63,ETH
2026-01-06 07:12:40+00:00,2026-01-06 07:17:44.118837+00:00,760.0,3233.492,3233.33,3233.6,ETH
2026-01-06 07:12:41+00:00,2026-01-06 07:17:45.112863+00:00,761.0,3233.492,3233.33,3233.59,ETH
2026-01-06 07:12:42+00:00,2026-01-06 07:17:46.118166+00:00,762.0,3233.442,3233.33,3233.49,ETH
2026-01-06 07:12:43+00:00,2026-01-06 07:17:47.114240+00:00,763.0,3233.262,3233.18,3233.35,ETH
2026-01-06 07:12:44+00:00,2026-01-06 07:17:48.113608+00:00,764.0,3233.112,3233.01,3233.31,ETH
2026-01-06 07:12:45+00:00,2026-01-06 07:17:49.112014+00:00,765.0,3233.112,3232.99,3233.32,ETH
2026-01-06 07:12:46+00:00,2026-01-06 07:17:50.128190+00:00,766.0,3233.112,3233.0,3233.31,ETH
2026-01-06 07:12:47+00:00,2026-01-06 07:17:51.136426+00:00,767.0,3233.112,3233.02,3233.33,ETH
2026-01-06 07:12:48+00:00,2026-01-06 07:17:52.152583+00:00,768.0,3233.112,3233.01,3233.33,ETH
2026-01-06 07:12:49+00:00,2026-01-06 07:17:53.181126+00:00,769.0,3233.112,3233.03,3233.31,ETH
2026-01-06 07:12:50+00:00,2026-01-06 07:17:54.208972+00:00,770.0,3233.112,3233.05,3233.31,ETH
2026-01-06 07:12:51+00:00,2026-01-06 07:17:56.177315+00:00,771.0,3233.112,3233.05,3233.33,ETH
2026-01-06 07:12:52+00:00,2026-01-06 07:17:57.176023+00:00,772.0,3233.112,3233.05,3233.34,ETH
2026-01-06 07:12:54+00:00,2026-01-06 07:17:58.224898+00:00,774.0,3233.112,3233.05,3233.35,ETH
2026-01-06 07:12:55+00:00,2026-01-06 07:17:59.229732+00:00,775.0,3233.162,3233.07,3233.36,ETH
2026-01-06 07:12:56+00:00,2026-01-06 07:18:00.241557+00:00,776.0,3233.252,3233.1,3233.37,ETH
2026-01-06 07:12:57+00:00,2026-01-06 07:18:01.227642+00:00,777.0,3233.282,3233.11,3233.4,ETH
2026-01-06 07:12:58+00:00,2026-01-06 07:18:02.227608+00:00,778.0,3233.282,3233.12,3233.42,ETH
2026-01-06 07:12:59+00:00,2026-01-06 07:18:03.233339+00:00,779.0,3233.282,3233.09,3233.42,ETH
2026-01-06 07:13:00+00:00,2026-01-06 07:18:04.230566+00:00,780.0,3233.282,3233.08,3233.45,ETH
2026-01-06 07:13:01+00:00,2026-01-06 07:18:06.239598+00:00,781.0,3233.202,3233.08,3233.43,ETH
2026-01-06 07:13:02+00:00,2026-01-06 07:18:07.233168+00:00,782.0,3233.132,3233.06,3233.39,ETH
2026-01-06 07:13:03+00:00,2026-01-06 07:18:08.242954+00:00,783.0,3233.132,3233.04,3233.39,ETH
2026-01-06 07:13:04+00:00,2026-01-06 07:18:09.242355+00:00,784.0,3233.132,3233.04,3233.4,ETH
2026-01-06 07:13:05+00:00,2026-01-06 07:18:10.245154+00:00,785.0,3233.132,3233.04,3233.41,ETH
2026-01-06 07:13:06+00:00,2026-01-06 07:18:11.264065+00:00,786.0,3233.132,3233.05,3233.4,ETH
2026-01-06 07:13:07+00:00,2026-01-06 07:18:12.274200+00:00,787.0,3233.152,3233.06,3233.39,ETH
2026-01-06 07:13:08+00:00,2026-01-06 07:18:13.268091+00:00,788.0,3233.172,3233.06,3233.4,ETH
2026-01-06 07:13:09+00:00,2026-01-06 07:18:14.276453+00:00,789.0,3233.392,3233.19,3233.6,ETH
2026-01-06 07:13:10+00:00,2026-01-06 07:18:15.297901+00:00,790.0,3233.662,3233.36,3233.85,ETH
2026-01-06 07:13:11+00:00,2026-01-06 07:18:16.315931+00:00,791.0,3233.712,3233.4,3233.9,ETH
2026-01-06 07:13:12+00:00,2026-01-06 07:18:17.327604+00:00,792.0,3233.712,3233.41,3233.9,ETH
2026-01-06 07:13:13+00:00,2026-01-06 07:18:18.333011+00:00,793.0,3233.712,3233.41,3233.9,ETH
2026-01-06 07:13:14+00:00,2026-01-06 07:18:19.326933+00:00,794.0,3233.712,3233.41,3233.89,ETH
2026-01-06 07:13:15+00:00,2026-01-06 07:18:20.329779+00:00,795.0,3233.732,3233.41,3233.83,ETH
2026-01-06 07:13:16+00:00,2026-01-06 07:18:21.329267+00:00,796.0,3233.732,3233.41,3233.74,ETH
2026-01-06 07:13:17+00:00,2026-01-06 07:18:22.354190+00:00,797.0,3233.732,3233.41,3233.74,ETH
2026-01-06 07:13:18+00:00,2026-01-06 07:18:23.348519+00:00,798.0,3233.562,3233.3,3233.74,ETH
2026-01-06 07:13:19+00:00,2026-01-06 07:18:24.349449+00:00,799.0,3233.562,3233.19,3233.56,ETH
2026-01-06 07:13:20+00:00,2026-01-06 07:18:25.373631+00:00,800.0,3233.562,3233.19,3233.56,ETH
2026-01-06 07:13:21+00:00,2026-01-06 07:18:26.375133+00:00,801.0,3233.552,3233.2,3233.56,ETH
2026-01-06 07:13:22+00:00,2026-01-06 07:18:27.393696+00:00,802.0,3233.542,3233.2,3233.56,ETH
2026-01-06 07:13:23+00:00,2026-01-06 07:18:28.385740+00:00,803.0,3233.552,3233.21,3233.56,ETH
2026-01-06 07:13:24+00:00,2026-01-06 07:18:29.398731+00:00,804.0,3233.512,3233.18,3233.56,ETH
2026-01-06 07:13:25+00:00,2026-01-06 07:18:30.377050+00:00,805.0,3233.502,3233.16,3233.56,ETH
2026-01-06 07:13:26+00:00,2026-01-06 07:18:31.398624+00:00,806.0,3233.382,3233.16,3233.48,ETH
2026-01-06 07:13:27+00:00,2026-01-06 07:18:32.395071+00:00,807.0,3233.382,3233.12,3233.45,ETH
2026-01-06 07:13:28+00:00,2026-01-06 07:18:33.396334+00:00,808.0,3233.382,3233.12,3233.39,ETH
2026-01-06 07:13:29+00:00,2026-01-06 07:18:34.392101+00:00,809.0,3233.372,3233.02,3233.39,ETH
2026-01-06 07:13:30+00:00,2026-01-06 07:18:35.400226+00:00,810.0,3233.222,3233.0,3233.33,ETH
2026-01-06 07:13:31+00:00,2026-01-06 07:18:36.431293+00:00,811.0,3232.752,3232.74,3233.19,ETH
2026-01-06 07:13:32+00:00,2026-01-06 07:18:37.432005+00:00,812.0,3233.082,3232.72,3233.09,ETH
2026-01-06 07:13:33+00:00,2026-01-06 07:18:38.509736+00:00,813.0,3233.092,3232.85,3233.31,ETH
2026-01-06 07:13:34+00:00,2026-01-06 07:18:39.497560+00:00,814.0,3233.092,3232.85,3233.32,ETH
2026-01-06 07:13:35+00:00,2026-01-06 07:18:40.515383+00:00,815.0,3233.092,3232.89,3233.33,ETH
2026-01-06 07:13:36+00:00,2026-01-06 07:18:42.528642+00:00,816.0,3233.092,3232.91,3233.25,ETH
2026-01-06 07:13:37+00:00,2026-01-06 07:18:43.533157+00:00,817.0,3233.092,3232.91,3233.18,ETH
2026-01-06 07:13:38+00:00,2026-01-06 07:18:44.530793+00:00,818.0,3233.092,3232.9,3233.19,ETH
2026-01-06 07:13:39+00:00,2026-01-06 07:18:45.545615+00:00,819.0,3233.092,3232.91,3233.19,ETH
2026-01-06 07:13:40+00:00,2026-01-06 07:18:46.549951+00:00,820.0,3233.092,3232.91,3233.21,ETH
2026-01-06 07:13:41+00:00,2026-01-06 07:18:47.546548+00:00,821.0,3233.092,3232.91,3233.2,ETH
2026-01-06 07:13:42+00:00,2026-01-06 07:18:48.571180+00:00,822.0,3233.092,3232.9,3233.16,ETH
2026-01-06 07:13:43+00:00,2026-01-06 07:18:49.575208+00:00,823.0,3233.092,3232.9,3233.16,ETH
2026-01-06 07:13:44+00:00,2026-01-06 07:18:50.574272+00:00,824.0,3233.092,3232.89,3233.17,ETH
2026-01-06 07:13:45+00:00,2026-01-06 07:18:51.593946+00:00,825.0,3233.092,3232.89,3233.2,ETH
2026-01-06 07:13:46+00:00,2026-01-06 07:18:52.611456+00:00,826.0,3233.092,3232.87,3233.2,ETH
2026-01-06 07:13:47+00:00,2026-01-06 07:18:53.615029+00:00,827.0,3232.922,3232.8,3233.13,ETH
2026-01-06 07:13:48+00:00,2026-01-06 07:18:54.612700+00:00,828.0,3232.752,3232.71,3233.11,ETH
2026-01-06 07:13:49+00:00,2026-01-06 07:18:55.608133+00:00,829.0,3232.752,3232.68,3233.08,ETH
2026-01-06 07:13:50+00:00,2026-01-06 07:18:56.610210+00:00,830.0,3232.752,3232.65,3233.05,ETH
2026-01-06 07:13:51+00:00,2026-01-06 07:18:57.618052+00:00,831.0,3232.752,3232.62,3232.98,ETH
2026-01-06 07:13:53+00:00,2026-01-06 07:18:58.732560+00:00,833.0,3232.742,3232.6,3232.95,ETH
2026-01-06 07:13:54+00:00,2026-01-06 07:18:59.727452+00:00,834.0,3232.742,3232.6,3232.95,ETH
2026-01-06 07:13:55+00:00,2026-01-06 07:19:00.747758+00:00,835.0,3232.742,3232.59,3232.97,ETH
2026-01-06 07:13:56+00:00,2026-01-06 07:19:01.730743+00:00,836.0,3232.742,3232.58,3232.95,ETH
2026-01-06 07:13:57+00:00,2026-01-06 07:19:02.736622+00:00,837.0,3232.742,3232.58,3232.97,ETH
2026-01-06 07:13:58+00:00,2026-01-06 07:19:03.748583+00:00,838.0,3232.742,3232.57,3232.96,ETH
2026-01-06 07:13:59+00:00,2026-01-06 07:19:04.739137+00:00,839.0,3232.972,3232.58,3233.08,ETH
2026-01-06 07:14:00+00:00,2026-01-06 07:19:06.778761+00:00,840.0,3233.082,3232.86,3233.26,ETH
2026-01-06 07:14:01+00:00,2026-01-06 07:19:07.776315+00:00,841.0,3233.082,3232.87,3233.36,ETH
2026-01-06 07:14:02+00:00,2026-01-06 07:19:08.778462+00:00,842.0,3233.092,3232.86,3233.38,ETH
2026-01-06 07:14:03+00:00,2026-01-06 07:19:09.795903+00:00,843.0,3233.152,3232.89,3233.38,ETH
2026-01-06 07:14:04+00:00,2026-01-06 07:19:10.793696+00:00,844.0,3233.202,3232.93,3233.37,ETH
2026-01-06 07:14:05+00:00,2026-01-06 07:19:11.783914+00:00,845.0,3233.212,3232.93,3233.37,ETH
2026-01-06 07:14:06+00:00,2026-01-06 07:19:12.775598+00:00,846.0,3233.212,3232.93,3233.38,ETH
2026-01-06 07:14:07+00:00,2026-01-06 07:19:13.778582+00:00,847.0,3233.202,3232.92,3233.38,ETH
2026-01-06 07:14:08+00:00,2026-01-06 07:19:14.794498+00:00,848.0,3233.202,3232.92,3233.39,ETH
2026-01-06 07:14:09+00:00,2026-01-06 07:19:15.797435+00:00,849.0,3233.202,3232.92,3233.4,ETH
2026-01-06 07:14:10+00:00,2026-01-06 07:19:16.816348+00:00,850.0,3233.202,3232.92,3233.42,ETH
2026-01-06 07:14:11+00:00,2026-01-06 07:19:17.812193+00:00,851.0,3233.202,3232.92,3233.43,ETH
2026-01-06 07:14:12+00:00,2026-01-06 07:19:18.820011+00:00,852.0,3233.202,3232.92,3233.44,ETH
2026-01-06 07:14:13+00:00,2026-01-06 07:19:19.833207+00:00,853.0,3233.202,3232.93,3233.44,ETH
2026-01-06 07:14:14+00:00,2026-01-06 07:19:20.844515+00:00,854.0,3233.202,3232.93,3233.44,ETH
2026-01-06 07:14:15+00:00,2026-01-06 07:19:21.857092+00:00,855.0,3233.202,3232.93,3233.41,ETH
2026-01-06 07:14:16+00:00,2026-01-06 07:19:22.867000+00:00,856.0,3233.232,3232.92,3233.46,ETH
2026-01-06 07:14:17+00:00,2026-01-06 07:19:23.862523+00:00,857.0,3233.312,3232.95,3233.53,ETH
2026-01-06 07:14:18+00:00,2026-01-06 07:19:24.878480+00:00,858.0,3233.372,3232.99,3233.53,ETH
2026-01-06 07:14:19+00:00,2026-01-06 07:19:25.863328+00:00,859.0,3233.392,3233.01,3233.53,ETH
2026-01-06 07:14:20+00:00,2026-01-06 07:19:26.906029+00:00,860.0,3233.392,3233.01,3233.61,ETH
2026-01-06 07:14:21+00:00,2026-01-06 07:19:27.875482+00:00,861.0,3233.602,3233.22,3233.78,ETH
2026-01-06 07:14:22+00:00,2026-01-06 07:19:28.876634+00:00,862.0,3233.872,3233.51,3233.99,ETH
2026-01-06 07:14:23+00:00,2026-01-06 07:19:29.897778+00:00,863.0,3233.932,3233.58,3234.1,ETH
2026-01-06 07:14:24+00:00,2026-01-06 07:19:30.906355+00:00,864.0,3233.702,3233.51,3233.86,ETH
2026-01-06 07:14:25+00:00,2026-01-06 07:19:31.928576+00:00,865.0,3233.702,3233.43,3233.91,ETH
2026-01-06 07:14:26+00:00,2026-01-06 07:19:32.914515+00:00,866.0,3233.702,3233.44,3233.92,ETH
2026-01-06 07:14:27+00:00,2026-01-06 07:19:33.925865+00:00,867.0,3233.912,3233.55,3234.05,ETH
2026-01-06 07:14:28+00:00,2026-01-06 07:19:34.939898+00:00,868.0,3233.912,3233.57,3233.96,ETH
2026-01-06 07:14:29+00:00,2026-01-06 07:19:35.942580+00:00,869.0,3233.832,3233.56,3234.05,ETH
2026-01-06 07:14:30+00:00,2026-01-06 07:19:36.945498+00:00,870.0,3233.922,3233.55,3234.06,ETH
2026-01-06 07:14:31+00:00,2026-01-06 07:19:37.944319+00:00,871.0,3233.962,3233.6,3234.05,ETH
2026-01-06 07:14:32+00:00,2026-01-06 07:19:38.958119+00:00,872.0,3234.192,3233.93,3234.27,ETH
2026-01-06 07:14:33+00:00,2026-01-06 07:19:39.949319+00:00,873.0,3234.192,3233.95,3234.36,ETH
2026-01-06 07:14:34+00:00,2026-01-06 07:19:40.949520+00:00,874.0,3234.192,3233.95,3234.39,ETH
2026-01-06 07:14:35+00:00,2026-01-06 07:19:41.947964+00:00,875.0,3234.192,3233.94,3234.39,ETH
2026-01-06 07:14:36+00:00,2026-01-06 07:19:42.959848+00:00,876.0,3234.192,3233.94,3234.4,ETH
2026-01-06 07:14:37+00:00,2026-01-06 07:19:43.962692+00:00,877.0,3234.192,3233.94,3234.36,ETH
2026-01-06 07:14:38+00:00,2026-01-06 07:19:44.962378+00:00,878.0,3234.192,3233.94,3234.41,ETH
2026-01-06 07:14:39+00:00,2026-01-06 07:19:45.976294+00:00,879.0,3234.192,3233.95,3234.44,ETH
2026-01-06 07:14:40+00:00,2026-01-06 07:19:46.978194+00:00,880.0,3234.142,3233.95,3234.4,ETH
2026-01-06 07:14:41+00:00,2026-01-06 07:19:47.995728+00:00,881.0,3234.582,3234.41,3234.74,ETH
2026-01-06 07:14:42+00:00,2026-01-06 07:19:48.995660+00:00,882.0,3234.562,3234.41,3234.74,ETH
2026-01-06 07:14:43+00:00,2026-01-06 07:19:50.011357+00:00,883.0,3234.592,3234.46,3234.74,ETH
2026-01-06 07:14:44+00:00,2026-01-06 07:19:51.028659+00:00,884.0,3234.602,3234.46,3234.74,ETH
2026-01-06 07:14:45+00:00,2026-01-06 07:19:52.026037+00:00,885.0,3234.422,3234.42,3234.53,ETH
2026-01-06 07:14:46+00:00,2026-01-06 07:19:53.036290+00:00,886.0,3234.422,3234.2,3234.55,ETH
2026-01-06 07:14:47+00:00,2026-01-06 07:19:54.047663+00:00,887.0,3234.422,3234.22,3234.53,ETH
2026-01-06 07:14:48+00:00,2026-01-06 07:19:56.091701+00:00,888.0,3234.242,3234.11,3234.37,ETH
2026-01-06 07:14:49+00:00,2026-01-06 07:19:57.090278+00:00,889.0,3234.082,3233.97,3234.24,ETH
2026-01-06 07:14:50+00:00,2026-01-06 07:19:58.111981+00:00,890.0,3234.052,3233.92,3234.13,ETH
2026-01-06 07:14:51+00:00,2026-01-06 07:19:59.106891+00:00,891.0,3233.932,3233.84,3234.08,ETH
2026-01-06 07:14:52+00:00,2026-01-06 07:20:00.125270+00:00,892.0,3233.902,3233.77,3234.03,ETH
2026-01-06 07:14:53+00:00,2026-01-06 07:20:01.127803+00:00,893.0,3233.952,3233.74,3234.0,ETH
2026-01-06 07:14:54+00:00,2026-01-06 07:20:02.137355+00:00,894.0,3233.992,3233.75,3234.09,ETH
2026-01-06 07:14:56+00:00,2026-01-06 07:20:03.194314+00:00,896.0,3234.032,3233.76,3234.16,ETH
2026-01-06 07:14:57+00:00,2026-01-06 07:20:04.198132+00:00,897.0,3234.032,3233.76,3234.16,ETH
2026-01-06 07:14:58+00:00,2026-01-06 07:20:05.202647+00:00,898.0,3233.952,3233.74,3234.13,ETH
2026-01-06 07:14:59+00:00,2026-01-06 07:20:06.210451+00:00,899.0,3233.942,3233.66,3234.13,ETH
