timestamp,collected_at,seconds,up_mid,up_best_bid,up_best_ask,down_mid,down_best_bid,down_best_ask,up_best_bid_size,up_best_ask_size,down_best_bid_size,down_best_ask_size
2026-01-06 07:00:00.456000+00:00,2026-01-06 07:00:00.643227+00:00,0.456,0.475,0.47,0.48,0.525,0.52,0.53,,,,
2026-01-06 07:00:01.521000+00:00,2026-01-06 07:00:01.646834+00:00,1.521,0.485,0.48,0.49,0.515,0.51,0.52,,,,
2026-01-06 07:00:02.511000+00:00,2026-01-06 07:00:02.645755+00:00,2.511,0.485,0.48,0.49,0.515,0.51,0.52,,,,
2026-01-06 07:00:03.398000+00:00,2026-01-06 07:00:03.641060+00:00,3.398,0.485,0.48,0.49,0.515,0.51,0.52,,,,
2026-01-06 07:00:04.508000+00:00,2026-01-06 07:00:04.644069+00:00,4.508,0.475,0.47,0.48,0.525,0.52,0.53,,,,
2026-01-06 07:00:05.501000+00:00,2026-01-06 07:00:05.660905+00:00,5.501,0.485,0.48,0.49,0.515,0.51,0.52,,,,
2026-01-06 07:00:06.557000+00:00,2026-01-06 07:00:06.678812+00:00,6.557,0.485,0.48,0.49,0.515,0.51,0.52,,,,
2026-01-06 07:00:07.568000+00:00,2026-01-06 07:00:07.692529+00:00,7.568,0.485,0.48,0.49,0.515,0.51,0.52,,,,
2026-01-06 07:00:08.424000+00:00,2026-01-06 07:00:08.691845+00:00,8.424,0.505,0.5,0.51,0.495,0.49,0.5,,,,
2026-01-06 07:00:09.557000+00:00,2026-01-06 07:00:09.709570+00:00,9.557,0.525,0.52,0.53,0.475,0.47,0.48,,,,
2026-01-06 07:00:10.501000+00:00,2026-01-06 07:00:10.710062+00:00,10.501,0.52,0.51,0.53,0.48,0.47,0.49,,,,
2026-01-06 07:00:11.563000+00:00,2026-01-06 07:00:11.709892+00:00,11.563,0.525,0.52,0.53,0.475,0.47,0.48,,,,
2026-01-06 07:00:12.558000+00:00,2026-01-06 07:00:12.724412+00:00,12.558,0.545,0.54,0.55,0.455,0.45,0.46,,,,
2026-01-06 07:00:13.592000+00:00,2026-01-06 07:00:13.726228+00:00,13.592,0.535,0.53,0.54,0.4649999999999999,0.46,0.47,,,,
2026-01-06 07:00:14.593000+00:00,2026-01-06 07:00:14.727421+00:00,14.593,0.555,0.55,0.56,0.455,0.45,0.46,,,,
2026-01-06 07:00:15.592000+00:00,2026-01-06 07:00:15.740513+00:00,15.592,0.525,0.52,0.53,0.47,0.46,0.48,,,,
2026-01-06 07:00:16.415000+00:00,2026-01-06 07:00:16.742519+00:00,16.415,0.53,0.52,0.54,0.4649999999999999,0.46,0.47,,,,
2026-01-06 07:00:17.601000+00:00,2026-01-06 07:00:17.760635+00:00,17.601,0.525,0.52,0.53,0.47,0.46,0.48,,,,
2026-01-06 07:00:18.607000+00:00,2026-01-06 07:00:18.769861+00:00,18.607,0.53,0.52,0.54,0.47,0.46,0.48,,,,
2026-01-06 07:00:19.636000+00:00,2026-01-06 07:00:19.778029+00:00,19.636,0.535,0.53,0.54,0.4649999999999999,0.46,0.47,,,,
2026-01-06 07:00:20.619000+00:00,2026-01-06 07:00:20.776520+00:00,20.619,0.56,0.55,0.57,0.44,0.43,0.45,,,,
2026-01-06 07:00:21.664000+00:00,2026-01-06 07:00:21.785551+00:00,21.664,0.56,0.55,0.57,0.435,0.43,0.44,,,,
2026-01-06 07:00:22.665000+00:00,2026-01-06 07:00:22.799884+00:00,22.665,0.555,0.55,0.56,0.445,0.44,0.45,,,,
2026-01-06 07:00:23.670000+00:00,2026-01-06 07:00:23.812438+00:00,23.67,0.545,0.54,0.55,0.45,0.44,0.46,,,,
2026-01-06 07:00:24.679000+00:00,2026-01-06 07:00:24.813601+00:00,24.679,0.55,0.54,0.56,0.45,0.44,0.46,,,,
2026-01-06 07:00:25.629000+00:00,2026-01-06 07:00:25.821574+00:00,25.629,0.555,0.55,0.56,0.445,0.44,0.45,,,,
2026-01-06 07:00:26.684000+00:00,2026-01-06 07:00:26.831255+00:00,26.684,0.56,0.55,0.57,0.44,0.43,0.45,,,,
2026-01-06 07:00:27.561000+00:00,2026-01-06 07:00:27.843705+00:00,27.561,0.555,0.55,0.56,0.445,0.44,0.45,,,,
2026-01-06 07:00:28.718000+00:00,2026-01-06 07:00:28.847878+00:00,28.718,0.565,0.56,0.57,0.435,0.43,0.44,,,,
2026-01-06 07:00:29.694000+00:00,2026-01-06 07:00:29.863095+00:00,29.694,0.565,0.56,0.57,0.435,0.43,0.44,,,,
2026-01-06 07:00:30.738000+00:00,2026-01-06 07:00:30.877271+00:00,30.738,0.565,0.56,0.57,0.435,0.43,0.44,,,,
2026-01-06 07:00:31.712000+00:00,2026-01-06 07:00:31.876982+00:00,31.712,0.5700000000000001,0.56,0.58,0.44,0.43,0.45,,,,
2026-01-06 07:00:32.729000+00:00,2026-01-06 07:00:32.877369+00:00,32.729,0.555,0.55,0.56,0.455,0.45,0.46,,,,
2026-01-06 07:00:33.675000+00:00,2026-01-06 07:00:33.866034+00:00,33.675,0.535,0.53,0.54,0.4649999999999999,0.46,0.47,,,,
2026-01-06 07:00:34.723000+00:00,2026-01-06 07:00:34.867382+00:00,34.723,0.535,0.53,0.54,0.4649999999999999,0.46,0.47,,,,
2026-01-06 07:00:35.749000+00:00,2026-01-06 07:00:35.884706+00:00,35.749,0.535,0.53,0.54,0.4649999999999999,0.46,0.47,,,,
2026-01-06 07:00:36.754000+00:00,2026-01-06 07:00:36.898143+00:00,36.754,0.505,0.5,0.51,0.495,0.49,0.5,,,,
2026-01-06 07:00:37.743000+00:00,2026-01-06 07:00:37.893588+00:00,37.743,0.505,0.5,0.51,0.49,0.48,0.5,,,,
2026-01-06 07:00:38.772000+00:00,2026-01-06 07:00:38.910614+00:00,38.772,0.5,0.48,0.52,0.5,0.49,0.51,,,,
2026-01-06 07:00:39.741000+00:00,2026-01-06 07:00:39.926130+00:00,39.741,0.495,0.49,0.5,0.5,0.49,0.51,,,,
2026-01-06 07:00:40.786000+00:00,2026-01-06 07:00:40.926349+00:00,40.786,0.495,0.49,0.5,0.505,0.5,0.51,,,,
2026-01-06 07:00:41.781000+00:00,2026-01-06 07:00:41.943820+00:00,41.781,0.495,0.49,0.5,0.515,0.5,0.53,,,,
2026-01-06 07:00:42.795000+00:00,2026-01-06 07:00:42.947514+00:00,42.795,0.4649999999999999,0.46,0.47,0.535,0.53,0.54,,,,
2026-01-06 07:00:43.826000+00:00,2026-01-06 07:00:43.962448+00:00,43.826,0.485,0.48,0.49,0.515,0.51,0.52,,,,
2026-01-06 07:00:44.794000+00:00,2026-01-06 07:00:44.960588+00:00,44.794,0.475,0.47,0.48,0.53,0.52,0.54,,,,
2026-01-06 07:00:45.793000+00:00,2026-01-06 07:00:45.954092+00:00,45.793,0.475,0.47,0.48,0.525,0.52,0.53,,,,
2026-01-06 07:00:46.774000+00:00,2026-01-06 07:00:46.959869+00:00,46.774,0.475,0.47,0.48,0.525,0.52,0.53,,,,
2026-01-06 07:00:47.827000+00:00,2026-01-06 07:00:47.959522+00:00,47.827,0.4649999999999999,0.46,0.47,0.535,0.53,0.54,,,,
2026-01-06 07:00:48.824000+00:00,2026-01-06 07:00:48.962256+00:00,48.824,0.455,0.45,0.46,0.545,0.54,0.55,,,,
2026-01-06 07:00:49.814000+00:00,2026-01-06 07:00:49.955778+00:00,49.814,0.435,0.43,0.44,0.565,0.56,0.57,,,,
2026-01-06 07:00:50.804000+00:00,2026-01-06 07:00:50.959175+00:00,50.804,0.435,0.43,0.44,0.565,0.56,0.57,,,,
2026-01-06 07:00:51.837000+00:00,2026-01-06 07:00:51.976226+00:00,51.837,0.425,0.42,0.43,0.575,0.57,0.58,,,,
2026-01-06 07:00:52.789000+00:00,2026-01-06 07:00:52.995036+00:00,52.789,0.425,0.42,0.43,0.575,0.57,0.58,,,,
2026-01-06 07:00:53.757000+00:00,2026-01-06 07:00:54.008114+00:00,53.757,0.425,0.42,0.43,0.575,0.57,0.58,,,,
2026-01-06 07:00:54.721000+00:00,2026-01-06 07:00:55.008644+00:00,54.721,0.425,0.42,0.43,0.575,0.57,0.58,,,,
2026-01-06 07:00:55.895000+00:00,2026-01-06 07:00:56.025062+00:00,55.895,0.43,0.42,0.44,0.575,0.57,0.58,,,,
2026-01-06 07:00:56.853000+00:00,2026-01-06 07:00:57.040924+00:00,56.853,0.425,0.42,0.43,0.58,0.57,0.59,,,,
2026-01-06 07:00:57.897000+00:00,2026-01-06 07:00:58.033126+00:00,57.897,0.425,0.41,0.44,0.585,0.58,0.59,,,,
2026-01-06 07:00:58.755000+00:00,2026-01-06 07:00:59.032613+00:00,58.755,0.425,0.42,0.43,0.575,0.57,0.58,,,,
2026-01-06 07:00:59.891000+00:00,2026-01-06 07:01:00.029606+00:00,59.891,0.43,0.42,0.44,0.575,0.57,0.58,,,,
2026-01-06 07:01:00.894000+00:00,2026-01-06 07:01:01.041370+00:00,60.894,0.41,0.4,0.42,0.595,0.59,0.6,,,,
2026-01-06 07:01:01.910000+00:00,2026-01-06 07:01:02.048372+00:00,61.91,0.385,0.38,0.39,0.615,0.61,0.62,,,,
2026-01-06 07:01:02.920000+00:00,2026-01-06 07:01:03.058862+00:00,62.92,0.415,0.41,0.42,0.58,0.57,0.59,,,,
2026-01-06 07:01:03.804000+00:00,2026-01-06 07:01:04.059670+00:00,63.804,0.42,0.41,0.43,0.58,0.57,0.59,,,,
2026-01-06 07:01:04.934000+00:00,2026-01-06 07:01:05.076608+00:00,64.934,0.42,0.41,0.43,0.585,0.58,0.59,,,,
2026-01-06 07:01:05.968000+00:00,2026-01-06 07:01:06.076053+00:00,65.968,0.405,0.4,0.41,0.61,0.6,0.62,,,,
2026-01-06 07:01:06.955000+00:00,2026-01-06 07:01:07.093263+00:00,66.955,0.39,0.38,0.4,0.615,0.6,0.63,,,,
2026-01-06 07:01:07.965000+00:00,2026-01-06 07:01:08.105643+00:00,67.965,0.39,0.38,0.4,0.61,0.6,0.62,,,,
2026-01-06 07:01:08.955000+00:00,2026-01-06 07:01:09.105988+00:00,68.955,0.37,0.36,0.38,0.63,0.62,0.64,,,,
2026-01-06 07:01:09.950000+00:00,2026-01-06 07:01:10.108957+00:00,69.95,0.385,0.38,0.39,0.615,0.61,0.62,,,,
2026-01-06 07:01:10.973000+00:00,2026-01-06 07:01:11.121749+00:00,70.973,0.38,0.37,0.39,0.62,0.61,0.63,,,,
2026-01-06 07:01:11.988000+00:00,2026-01-06 07:01:12.129661+00:00,71.988,0.365,0.36,0.37,0.63,0.62,0.64,,,,
2026-01-06 07:01:12.979000+00:00,2026-01-06 07:01:13.140864+00:00,72.979,0.36,0.35,0.37,0.635,0.63,0.64,,,,
2026-01-06 07:01:13.993000+00:00,2026-01-06 07:01:14.147134+00:00,73.993,0.385,0.37,0.4,0.61,0.6,0.62,,,,
2026-01-06 07:01:15.007000+00:00,2026-01-06 07:01:15.143982+00:00,75.007,0.365,0.35,0.38,0.63,0.62,0.64,,,,
2026-01-06 07:01:16.917000+00:00,2026-01-06 07:01:17.173569+00:00,76.917,0.37,0.36,0.38,0.63,0.62,0.64,,,,
2026-01-06 07:01:17.953000+00:00,2026-01-06 07:01:18.190518+00:00,77.953,0.37,0.36,0.38,0.635,0.63,0.64,,,,
2026-01-06 07:01:19.049000+00:00,2026-01-06 07:01:19.190622+00:00,79.049,0.36,0.35,0.37,0.64,0.63,0.65,,,,
2026-01-06 07:01:20.047000+00:00,2026-01-06 07:01:20.189895+00:00,80.047,0.39,0.38,0.4,0.61,0.6,0.62,,,,
2026-01-06 07:01:21.059000+00:00,2026-01-06 07:01:21.192299+00:00,81.059,0.4,0.39,0.41,0.595,0.59,0.6,,,,
2026-01-06 07:01:22.052000+00:00,2026-01-06 07:01:22.209566+00:00,82.052,0.405,0.4,0.41,0.595,0.59,0.6,,,,
2026-01-06 07:01:23.068000+00:00,2026-01-06 07:01:23.224177+00:00,83.068,0.41,0.4,0.42,0.59,0.58,0.6,,,,
2026-01-06 07:01:24.084000+00:00,2026-01-06 07:01:24.223127+00:00,84.084,0.405,0.4,0.41,0.595,0.59,0.6,,,,
2026-01-06 07:01:25.102000+00:00,2026-01-06 07:01:25.239526+00:00,85.102,0.355,0.35,0.36,0.65,0.64,0.66,,,,
2026-01-06 07:01:26.114000+00:00,2026-01-06 07:01:26.256326+00:00,86.114,0.355,0.35,0.36,0.645,0.64,0.65,,,,
2026-01-06 07:01:27.048000+00:00,2026-01-06 07:01:27.263360+00:00,87.048,0.345,0.34,0.35,0.655,0.65,0.66,,,,
2026-01-06 07:01:28.128000+00:00,2026-01-06 07:01:28.264465+00:00,88.128,0.33,0.32,0.34,0.67,0.66,0.68,,,,
2026-01-06 07:01:29.076000+00:00,2026-01-06 07:01:29.261945+00:00,89.076,0.35,0.34,0.36,0.65,0.64,0.66,,,,
2026-01-06 07:01:30.075000+00:00,2026-01-06 07:01:30.258395+00:00,90.075,0.35,0.34,0.36,0.65,0.64,0.66,,,,
2026-01-06 07:01:31.121000+00:00,2026-01-06 07:01:31.256669+00:00,91.121,0.385,0.38,0.39,0.615,0.61,0.62,,,,
2026-01-06 07:01:32.130000+00:00,2026-01-06 07:01:32.272507+00:00,92.13,0.4,0.39,0.41,0.595,0.59,0.6,,,,
2026-01-06 07:01:33.138000+00:00,2026-01-06 07:01:33.289078+00:00,93.138,0.405,0.4,0.41,0.595,0.59,0.6,,,,
2026-01-06 07:01:34.147000+00:00,2026-01-06 07:01:34.296993+00:00,94.147,0.405,0.4,0.41,0.595,0.59,0.6,,,,
2026-01-06 07:01:35.092000+00:00,2026-01-06 07:01:35.289631+00:00,95.092,0.415,0.41,0.42,0.585,0.58,0.59,,,,
2026-01-06 07:01:36.140000+00:00,2026-01-06 07:01:36.290188+00:00,96.14,0.415,0.41,0.42,0.585,0.58,0.59,,,,
2026-01-06 07:01:37.150000+00:00,2026-01-06 07:01:37.289348+00:00,97.15,0.41,0.4,0.42,0.595,0.59,0.6,,,,
2026-01-06 07:01:38.185000+00:00,2026-01-06 07:01:38.309079+00:00,98.185,0.405,0.4,0.41,0.595,0.59,0.6,,,,
2026-01-06 07:01:39.187000+00:00,2026-01-06 07:01:39.324455+00:00,99.187,0.395,0.39,0.4,0.63,0.62,0.64,,,,
2026-01-06 07:01:40.192000+00:00,2026-01-06 07:01:40.329281+00:00,100.192,0.375,0.37,0.38,0.625,0.62,0.63,,,,
2026-01-06 07:01:41.153000+00:00,2026-01-06 07:01:41.329833+00:00,101.153,0.39,0.38,0.4,0.605,0.6,0.61,,,,
2026-01-06 07:01:42.153000+00:00,2026-01-06 07:01:42.330673+00:00,102.153,0.395,0.39,0.4,0.605,0.6,0.61,,,,
2026-01-06 07:01:43.189000+00:00,2026-01-06 07:01:43.331157+00:00,103.189,0.395,0.39,0.4,0.605,0.6,0.61,,,,
2026-01-06 07:01:44.208000+00:00,2026-01-06 07:01:44.345659+00:00,104.208,0.385,0.38,0.39,0.615,0.61,0.62,,,,
2026-01-06 07:01:45.038000+00:00,2026-01-06 07:01:45.357977+00:00,105.038,0.375,0.37,0.38,0.625,0.62,0.63,,,,
2026-01-06 07:01:46.131000+00:00,2026-01-06 07:01:46.361844+00:00,106.131,0.375,0.37,0.38,0.625,0.62,0.63,,,,
2026-01-06 07:01:47.249000+00:00,2026-01-06 07:01:47.378656+00:00,107.249,0.365,0.36,0.37,0.635,0.63,0.64,,,,
2026-01-06 07:01:48.242000+00:00,2026-01-06 07:01:48.386441+00:00,108.242,0.36,0.35,0.37,0.635,0.63,0.64,,,,
2026-01-06 07:01:49.174000+00:00,2026-01-06 07:01:49.390543+00:00,109.174,0.365,0.36,0.37,0.635,0.63,0.64,,,,
2026-01-06 07:01:50.259000+00:00,2026-01-06 07:01:50.406660+00:00,110.259,0.365,0.36,0.37,0.64,0.63,0.65,,,,
2026-01-06 07:01:51.197000+00:00,2026-01-06 07:01:51.421653+00:00,111.197,0.365,0.36,0.37,0.635,0.63,0.64,,,,
2026-01-06 07:01:52.268000+00:00,2026-01-06 07:01:52.434863+00:00,112.268,0.355,0.35,0.36,0.645,0.64,0.65,,,,
2026-01-06 07:01:53.302000+00:00,2026-01-06 07:01:53.450337+00:00,113.302,0.345,0.34,0.35,0.655,0.65,0.66,,,,
2026-01-06 07:01:54.257000+00:00,2026-01-06 07:01:54.458535+00:00,114.257,0.345,0.34,0.35,0.655,0.65,0.66,,,,
2026-01-06 07:01:55.330000+00:00,2026-01-06 07:01:55.474672+00:00,115.33,0.335,0.33,0.34,0.665,0.66,0.67,,,,
2026-01-06 07:01:56.333000+00:00,2026-01-06 07:01:56.473412+00:00,116.333,0.295,0.29,0.3,0.705,0.7,0.71,,,,
2026-01-06 07:01:57.327000+00:00,2026-01-06 07:01:57.488581+00:00,117.327,0.295,0.29,0.3,0.705,0.7,0.71,,,,
2026-01-06 07:01:58.374000+00:00,2026-01-06 07:01:58.505765+00:00,118.374,0.31,0.3,0.32,0.69,0.68,0.7,,,,
2026-01-06 07:01:59.370000+00:00,2026-01-06 07:01:59.522138+00:00,119.37,0.32,0.31,0.33,0.6799999999999999,0.67,0.69,,,,
2026-01-06 07:02:00.398000+00:00,2026-01-06 07:02:00.538241+00:00,120.398,0.315,0.31,0.32,0.685,0.68,0.69,,,,
2026-01-06 07:02:01.377000+00:00,2026-01-06 07:02:01.538157+00:00,121.377,0.305,0.3,0.31,0.695,0.69,0.7,,,,
2026-01-06 07:02:02.405000+00:00,2026-01-06 07:02:02.540314+00:00,122.405,0.315,0.31,0.32,0.675,0.67,0.68,,,,
2026-01-06 07:02:03.398000+00:00,2026-01-06 07:02:03.536844+00:00,123.398,0.325,0.32,0.33,0.675,0.67,0.68,,,,
2026-01-06 07:02:04.422000+00:00,2026-01-06 07:02:04.547513+00:00,124.422,0.31,0.3,0.32,0.69,0.68,0.7,,,,
2026-01-06 07:02:05.410000+00:00,2026-01-06 07:02:05.546043+00:00,125.41,0.315,0.31,0.32,0.685,0.68,0.69,,,,
2026-01-06 07:02:06.415000+00:00,2026-01-06 07:02:06.556120+00:00,126.415,0.325,0.32,0.33,0.675,0.67,0.68,,,,
2026-01-06 07:02:07.415000+00:00,2026-01-06 07:02:07.564708+00:00,127.415,0.325,0.32,0.33,0.675,0.67,0.68,,,,
2026-01-06 07:02:08.406000+00:00,2026-01-06 07:02:08.564536+00:00,128.406,0.325,0.32,0.33,0.675,0.67,0.68,,,,
2026-01-06 07:02:09.250000+00:00,2026-01-06 07:02:09.577168+00:00,129.25,0.335,0.33,0.34,0.665,0.66,0.67,,,,
2026-01-06 07:02:10.187000+00:00,2026-01-06 07:02:10.586215+00:00,130.187,0.335,0.33,0.34,0.665,0.66,0.67,,,,
2026-01-06 07:02:11.343000+00:00,2026-01-06 07:02:11.590176+00:00,131.343,0.335,0.33,0.34,0.665,0.66,0.67,,,,
2026-01-06 07:02:12.407000+00:00,2026-01-06 07:02:12.608975+00:00,132.407,0.335,0.33,0.34,0.665,0.66,0.67,,,,
2026-01-06 07:02:13.486000+00:00,2026-01-06 07:02:13.622864+00:00,133.486,0.335,0.33,0.34,0.665,0.66,0.67,,,,
2026-01-06 07:02:14.415000+00:00,2026-01-06 07:02:14.631123+00:00,134.415,0.345,0.34,0.35,0.655,0.65,0.66,,,,
2026-01-06 07:02:15.503000+00:00,2026-01-06 07:02:15.642184+00:00,135.503,0.35,0.34,0.36,0.635,0.63,0.64,,,,
2026-01-06 07:02:16.449000+00:00,2026-01-06 07:02:16.658792+00:00,136.449,0.365,0.36,0.37,0.635,0.63,0.64,,,,
2026-01-06 07:02:17.497000+00:00,2026-01-06 07:02:17.655894+00:00,137.497,0.365,0.36,0.37,0.635,0.63,0.64,,,,
2026-01-06 07:02:18.480000+00:00,2026-01-06 07:02:18.665959+00:00,138.48,0.365,0.36,0.37,0.635,0.63,0.64,,,,
2026-01-06 07:02:19.523000+00:00,2026-01-06 07:02:19.681482+00:00,139.523,0.365,0.36,0.37,0.635,0.63,0.64,,,,
2026-01-06 07:02:20.536000+00:00,2026-01-06 07:02:20.671383+00:00,140.536,0.355,0.35,0.36,0.655,0.65,0.66,,,,
2026-01-06 07:02:21.530000+00:00,2026-01-06 07:02:21.692675+00:00,141.53,0.35,0.34,0.36,0.65,0.64,0.66,,,,
2026-01-06 07:02:22.571000+00:00,2026-01-06 07:02:22.689813+00:00,142.571,0.355,0.35,0.36,0.645,0.64,0.65,,,,
2026-01-06 07:02:23.551000+00:00,2026-01-06 07:02:23.692479+00:00,143.551,0.355,0.35,0.36,0.645,0.64,0.65,,,,
2026-01-06 07:02:24.535000+00:00,2026-01-06 07:02:24.692683+00:00,144.535,0.355,0.35,0.36,0.645,0.64,0.65,,,,
2026-01-06 07:02:25.560000+00:00,2026-01-06 07:02:25.708541+00:00,145.56,0.355,0.35,0.36,0.645,0.64,0.65,,,,
2026-01-06 07:02:26.573000+00:00,2026-01-06 07:02:26.722819+00:00,146.573,0.355,0.35,0.36,0.645,0.64,0.65,,,,
2026-01-06 07:02:27.578000+00:00,2026-01-06 07:02:27.726387+00:00,147.578,0.355,0.35,0.36,0.645,0.64,0.65,,,,
2026-01-06 07:02:28.511000+00:00,2026-01-06 07:02:28.728698+00:00,148.511,0.345,0.34,0.35,0.655,0.65,0.66,,,,
2026-01-06 07:02:29.389000+00:00,2026-01-06 07:02:29.746178+00:00,149.389,0.345,0.34,0.35,0.655,0.65,0.66,,,,
2026-01-06 07:02:30.610000+00:00,2026-01-06 07:02:30.752113+00:00,150.61,0.345,0.34,0.35,0.655,0.65,0.66,,,,
2026-01-06 07:02:31.615000+00:00,2026-01-06 07:02:31.766883+00:00,151.615,0.345,0.34,0.35,0.655,0.65,0.66,,,,
2026-01-06 07:02:32.579000+00:00,2026-01-06 07:02:32.769090+00:00,152.579,0.345,0.34,0.35,0.655,0.65,0.66,,,,
2026-01-06 07:02:33.516000+00:00,2026-01-06 07:02:33.785658+00:00,153.516,0.345,0.34,0.35,0.655,0.65,0.66,,,,
2026-01-06 07:02:34.589000+00:00,2026-01-06 07:02:34.797222+00:00,154.589,0.345,0.34,0.35,0.655,0.65,0.66,,,,
2026-01-06 07:02:35.665000+00:00,2026-01-06 07:02:35.824203+00:00,155.665,0.345,0.34,0.35,0.655,0.65,0.66,,,,
2026-01-06 07:02:36.680000+00:00,2026-01-06 07:02:36.833554+00:00,156.68,0.345,0.34,0.35,0.655,0.65,0.66,,,,
2026-01-06 07:02:37.500000+00:00,2026-01-06 07:02:37.839023+00:00,157.5,0.345,0.34,0.35,0.655,0.65,0.66,,,,
2026-01-06 07:02:38.643000+00:00,2026-01-06 07:02:38.839394+00:00,158.643,0.345,0.34,0.35,0.655,0.65,0.66,,,,
2026-01-06 07:02:39.428000+00:00,2026-01-06 07:02:39.837799+00:00,159.428,0.345,0.34,0.35,0.655,0.65,0.66,,,,
2026-01-06 07:02:40.693000+00:00,2026-01-06 07:02:40.838152+00:00,160.693,0.345,0.34,0.35,0.655,0.65,0.66,,,,
2026-01-06 07:02:41.710000+00:00,2026-01-06 07:02:41.857967+00:00,161.71,0.355,0.35,0.36,0.645,0.64,0.65,,,,
2026-01-06 07:02:42.718000+00:00,2026-01-06 07:02:42.861207+00:00,162.718,0.395,0.39,0.4,0.605,0.6,0.61,,,,
2026-01-06 07:02:43.699000+00:00,2026-01-06 07:02:43.871616+00:00,163.699,0.405,0.4,0.41,0.595,0.59,0.6,,,,
2026-01-06 07:02:44.747000+00:00,2026-01-06 07:02:44.889788+00:00,164.747,0.395,0.39,0.4,0.605,0.6,0.61,,,,
2026-01-06 07:02:45.687000+00:00,2026-01-06 07:02:45.904117+00:00,165.687,0.395,0.39,0.4,0.595,0.59,0.6,,,,
2026-01-06 07:02:46.765000+00:00,2026-01-06 07:02:46.908821+00:00,166.765,0.405,0.4,0.41,0.595,0.59,0.6,,,,
2026-01-06 07:02:47.733000+00:00,2026-01-06 07:02:47.912613+00:00,167.733,0.405,0.4,0.41,0.595,0.59,0.6,,,,
2026-01-06 07:02:48.779000+00:00,2026-01-06 07:02:48.920220+00:00,168.779,0.4,0.39,0.41,0.6,0.59,0.61,,,,
2026-01-06 07:02:49.801000+00:00,2026-01-06 07:02:49.928192+00:00,169.801,0.405,0.4,0.41,0.595,0.59,0.6,,,,
2026-01-06 07:02:50.772000+00:00,2026-01-06 07:02:50.923020+00:00,170.772,0.405,0.4,0.41,0.595,0.59,0.6,,,,
2026-01-06 07:02:51.789000+00:00,2026-01-06 07:02:51.937207+00:00,171.789,0.405,0.4,0.41,0.595,0.59,0.6,,,,
2026-01-06 07:02:52.809000+00:00,2026-01-06 07:02:52.936191+00:00,172.809,0.405,0.4,0.41,0.595,0.59,0.6,,,,
2026-01-06 07:02:53.799000+00:00,2026-01-06 07:02:53.935917+00:00,173.799,0.405,0.4,0.41,0.595,0.59,0.6,,,,
2026-01-06 07:02:54.741000+00:00,2026-01-06 07:02:54.935733+00:00,174.741,0.405,0.4,0.41,0.595,0.59,0.6,,,,
2026-01-06 07:02:55.821000+00:00,2026-01-06 07:02:55.956519+00:00,175.821,0.41,0.4,0.42,0.595,0.59,0.6,,,,
2026-01-06 07:02:56.803000+00:00,2026-01-06 07:02:56.970044+00:00,176.803,0.405,0.4,0.41,0.615,0.61,0.62,,,,
2026-01-06 07:02:57.800000+00:00,2026-01-06 07:02:57.980713+00:00,177.8,0.385,0.38,0.39,0.615,0.61,0.62,,,,
2026-01-06 07:02:58.862000+00:00,2026-01-06 07:02:59.006683+00:00,178.862,0.385,0.38,0.39,0.615,0.61,0.62,,,,
2026-01-06 07:02:59.870000+00:00,2026-01-06 07:03:00.007095+00:00,179.87,0.345,0.34,0.35,0.655,0.65,0.66,,,,
2026-01-06 07:03:00.879000+00:00,2026-01-06 07:03:01.018922+00:00,180.879,0.335,0.33,0.34,0.665,0.66,0.67,,,,
2026-01-06 07:03:01.900000+00:00,2026-01-06 07:03:02.035554+00:00,181.9,0.325,0.32,0.33,0.675,0.67,0.68,,,,
2026-01-06 07:03:02.859000+00:00,2026-01-06 07:03:03.035129+00:00,182.859,0.325,0.32,0.33,0.6799999999999999,0.67,0.69,,,,
2026-01-06 07:03:03.903000+00:00,2026-01-06 07:03:04.051058+00:00,183.903,0.315,0.31,0.32,0.685,0.68,0.69,,,,
2026-01-06 07:03:04.922000+00:00,2026-01-06 07:03:05.065289+00:00,184.922,0.295,0.29,0.3,0.71,0.7,0.72,,,,
2026-01-06 07:03:05.895000+00:00,2026-01-06 07:03:06.071192+00:00,185.895,0.285,0.28,0.29,0.715,0.71,0.72,,,,
2026-01-06 07:03:06.931000+00:00,2026-01-06 07:03:07.067342+00:00,186.931,0.275,0.27,0.28,0.725,0.72,0.73,,,,
2026-01-06 07:03:07.936000+00:00,2026-01-06 07:03:08.079728+00:00,187.936,0.265,0.26,0.27,0.735,0.73,0.74,,,,
2026-01-06 07:03:08.911000+00:00,2026-01-06 07:03:09.078706+00:00,188.911,0.265,0.26,0.27,0.735,0.73,0.74,,,,
2026-01-06 07:03:09.946000+00:00,2026-01-06 07:03:10.086597+00:00,189.946,0.255,0.25,0.26,0.745,0.74,0.75,,,,
2026-01-06 07:03:10.949000+00:00,2026-01-06 07:03:11.088396+00:00,190.949,0.255,0.25,0.26,0.74,0.73,0.75,,,,
2026-01-06 07:03:11.960000+00:00,2026-01-06 07:03:12.109506+00:00,191.96,0.265,0.26,0.27,0.735,0.73,0.74,,,,
2026-01-06 07:03:12.940000+00:00,2026-01-06 07:03:13.118706+00:00,192.94,0.28,0.27,0.29,0.72,0.71,0.73,,,,
2026-01-06 07:03:13.980000+00:00,2026-01-06 07:03:14.127234+00:00,193.98,0.27,0.26,0.28,0.73,0.72,0.74,,,,
2026-01-06 07:03:14.959000+00:00,2026-01-06 07:03:15.139535+00:00,194.959,0.27,0.26,0.28,0.725,0.72,0.73,,,,
2026-01-06 07:03:16.016000+00:00,2026-01-06 07:03:16.154379+00:00,196.016,0.275,0.27,0.28,0.725,0.72,0.73,,,,
2026-01-06 07:03:17.005000+00:00,2026-01-06 07:03:17.155746+00:00,197.005,0.295,0.29,0.3,0.71,0.7,0.72,,,,
2026-01-06 07:03:18.901000+00:00,2026-01-06 07:03:19.169044+00:00,198.901,0.28,0.27,0.29,0.72,0.71,0.73,,,,
2026-01-06 07:03:19.832000+00:00,2026-01-06 07:03:20.181425+00:00,199.832,0.28,0.27,0.29,0.72,0.71,0.73,,,,
2026-01-06 07:03:21.047000+00:00,2026-01-06 07:03:21.192005+00:00,201.047,0.28,0.27,0.29,0.72,0.71,0.73,,,,
2026-01-06 07:03:22.020000+00:00,2026-01-06 07:03:22.205865+00:00,202.02,0.28,0.27,0.29,0.72,0.71,0.73,,,,
2026-01-06 07:03:23.044000+00:00,2026-01-06 07:03:23.219426+00:00,203.044,0.285,0.28,0.29,0.715,0.71,0.72,,,,
2026-01-06 07:03:24.037000+00:00,2026-01-06 07:03:24.226652+00:00,204.037,0.28,0.27,0.29,0.72,0.71,0.73,,,,
2026-01-06 07:03:25.882000+00:00,2026-01-06 07:03:26.241283+00:00,205.882,0.275,0.27,0.28,0.725,0.72,0.73,,,,
2026-01-06 07:03:27.002000+00:00,2026-01-06 07:03:27.253510+00:00,207.002,0.275,0.27,0.28,0.725,0.72,0.73,,,,
2026-01-06 07:03:28.016000+00:00,2026-01-06 07:03:28.251729+00:00,208.016,0.275,0.27,0.28,0.725,0.72,0.73,,,,
2026-01-06 07:03:29.121000+00:00,2026-01-06 07:03:29.269177+00:00,209.121,0.275,0.27,0.28,0.725,0.72,0.73,,,,
2026-01-06 07:03:30.099000+00:00,2026-01-06 07:03:30.269929+00:00,210.099,0.245,0.24,0.25,0.755,0.75,0.76,,,,
2026-01-06 07:03:31.149000+00:00,2026-01-06 07:03:31.283380+00:00,211.149,0.245,0.24,0.25,0.755,0.75,0.76,,,,
2026-01-06 07:03:32.146000+00:00,2026-01-06 07:03:32.284357+00:00,212.146,0.245,0.24,0.25,0.755,0.75,0.76,,,,
2026-01-06 07:03:33.091000+00:00,2026-01-06 07:03:33.297229+00:00,213.091,0.245,0.24,0.25,0.755,0.75,0.76,,,,
2026-01-06 07:03:34.174000+00:00,2026-01-06 07:03:34.308111+00:00,214.174,0.26,0.25,0.27,0.74,0.73,0.75,,,,
2026-01-06 07:03:35.181000+00:00,2026-01-06 07:03:35.314420+00:00,215.181,0.265,0.26,0.27,0.735,0.73,0.74,,,,
2026-01-06 07:03:36.087000+00:00,2026-01-06 07:03:36.327940+00:00,216.087,0.275,0.27,0.28,0.725,0.72,0.73,,,,
2026-01-06 07:03:37.058000+00:00,2026-01-06 07:03:37.337959+00:00,217.058,0.275,0.27,0.28,0.725,0.72,0.73,,,,
2026-01-06 07:03:38.205000+00:00,2026-01-06 07:03:38.351861+00:00,218.205,0.28,0.27,0.29,0.72,0.71,0.73,,,,
2026-01-06 07:03:39.067000+00:00,2026-01-06 07:03:39.366257+00:00,219.067,0.28,0.27,0.29,0.715,0.71,0.72,,,,
2026-01-06 07:03:40.211000+00:00,2026-01-06 07:03:40.384865+00:00,220.211,0.28,0.27,0.29,0.715,0.71,0.72,,,,
2026-01-06 07:03:41.235000+00:00,2026-01-06 07:03:41.376398+00:00,221.235,0.285,0.28,0.29,0.715,0.71,0.72,,,,
2026-01-06 07:03:42.228000+00:00,2026-01-06 07:03:42.368463+00:00,222.228,0.285,0.28,0.29,0.725,0.72,0.73,,,,
2026-01-06 07:03:43.125000+00:00,2026-01-06 07:03:43.359519+00:00,223.125,0.275,0.27,0.28,0.725,0.72,0.73,,,,
2026-01-06 07:03:44.212000+00:00,2026-01-06 07:03:44.352095+00:00,224.212,0.275,0.27,0.28,0.725,0.72,0.73,,,,
2026-01-06 07:03:45.190000+00:00,2026-01-06 07:03:45.352489+00:00,225.19,0.275,0.27,0.28,0.725,0.72,0.73,,,,
2026-01-06 07:03:46.216000+00:00,2026-01-06 07:03:46.352215+00:00,226.216,0.275,0.27,0.28,0.725,0.72,0.73,,,,
2026-01-06 07:03:47.222000+00:00,2026-01-06 07:03:47.361335+00:00,227.222,0.275,0.27,0.28,0.725,0.72,0.73,,,,
2026-01-06 07:03:48.229000+00:00,2026-01-06 07:03:48.362161+00:00,228.229,0.275,0.27,0.28,0.725,0.72,0.73,,,,
2026-01-06 07:03:49.241000+00:00,2026-01-06 07:03:49.377113+00:00,229.241,0.275,0.27,0.28,0.725,0.72,0.73,,,,
2026-01-06 07:03:50.241000+00:00,2026-01-06 07:03:50.385400+00:00,230.241,0.29,0.28,0.3,0.705,0.7,0.71,,,,
2026-01-06 07:03:51.262000+00:00,2026-01-06 07:03:51.400920+00:00,231.262,0.295,0.29,0.3,0.705,0.7,0.71,,,,
2026-01-06 07:03:52.259000+00:00,2026-01-06 07:03:52.404200+00:00,232.259,0.33,0.32,0.34,0.67,0.66,0.68,,,,
2026-01-06 07:03:53.251000+00:00,2026-01-06 07:03:53.411654+00:00,233.251,0.325,0.32,0.33,0.675,0.67,0.68,,,,
2026-01-06 07:03:54.262000+00:00,2026-01-06 07:03:54.421251+00:00,234.262,0.325,0.32,0.33,0.675,0.67,0.68,,,,
2026-01-06 07:03:55.254000+00:00,2026-01-06 07:03:55.430563+00:00,235.254,0.315,0.31,0.32,0.685,0.68,0.69,,,,
2026-01-06 07:03:56.236000+00:00,2026-01-06 07:03:56.443392+00:00,236.236,0.315,0.31,0.32,0.685,0.68,0.69,,,,
2026-01-06 07:03:57.333000+00:00,2026-01-06 07:03:57.451983+00:00,237.333,0.32,0.31,0.33,0.6799999999999999,0.67,0.69,,,,
2026-01-06 07:03:58.282000+00:00,2026-01-06 07:03:58.463664+00:00,238.282,0.32,0.31,0.33,0.6799999999999999,0.67,0.69,,,,
2026-01-06 07:03:59.284000+00:00,2026-01-06 07:03:59.468177+00:00,239.284,0.32,0.31,0.33,0.675,0.67,0.68,,,,
2026-01-06 07:04:00.330000+00:00,2026-01-06 07:04:00.482187+00:00,240.33,0.325,0.32,0.33,0.675,0.67,0.68,,,,
2026-01-06 07:04:01.210000+00:00,2026-01-06 07:04:01.487703+00:00,241.21,0.325,0.32,0.33,0.675,0.67,0.68,,,,
2026-01-06 07:04:02.361000+00:00,2026-01-06 07:04:02.499832+00:00,242.361,0.325,0.32,0.33,0.675,0.67,0.68,,,,
2026-01-06 07:04:03.363000+00:00,2026-01-06 07:04:03.507311+00:00,243.363,0.3399999999999999,0.33,0.35,0.66,0.65,0.67,,,,
2026-01-06 07:04:04.378000+00:00,2026-01-06 07:04:04.516397+00:00,244.378,0.345,0.34,0.35,0.66,0.65,0.67,,,,
2026-01-06 07:04:05.377000+00:00,2026-01-06 07:04:05.518151+00:00,245.377,0.335,0.33,0.34,0.675,0.67,0.68,,,,
2026-01-06 07:04:06.391000+00:00,2026-01-06 07:04:06.538507+00:00,246.391,0.33,0.32,0.34,0.67,0.66,0.68,,,,
2026-01-06 07:04:07.400000+00:00,2026-01-06 07:04:07.541104+00:00,247.4,0.33,0.32,0.34,0.665,0.66,0.67,,,,
2026-01-06 07:04:08.403000+00:00,2026-01-06 07:04:08.551269+00:00,248.403,0.3399999999999999,0.33,0.35,0.66,0.65,0.67,,,,
2026-01-06 07:04:09.422000+00:00,2026-01-06 07:04:09.576317+00:00,249.422,0.335,0.33,0.34,0.665,0.66,0.67,,,,
2026-01-06 07:04:10.431000+00:00,2026-01-06 07:04:10.584322+00:00,250.431,0.3399999999999999,0.33,0.35,0.66,0.65,0.67,,,,
2026-01-06 07:04:11.552000+00:00,2026-01-06 07:04:11.605339+00:00,251.552,0.345,0.34,0.35,0.655,0.65,0.66,,,,
2026-01-06 07:04:12.458000+00:00,2026-01-06 07:04:12.598421+00:00,252.458,0.365,0.36,0.37,0.635,0.63,0.64,,,,
2026-01-06 07:04:13.429000+00:00,2026-01-06 07:04:13.604842+00:00,253.429,0.35,0.34,0.36,0.65,0.64,0.66,,,,
2026-01-06 07:04:14.392000+00:00,2026-01-06 07:04:14.620767+00:00,254.392,0.35,0.34,0.36,0.65,0.64,0.66,,,,
2026-01-06 07:04:15.370000+00:00,2026-01-06 07:04:15.627352+00:00,255.37,0.35,0.34,0.36,0.65,0.64,0.66,,,,
2026-01-06 07:04:16.498000+00:00,2026-01-06 07:04:16.641907+00:00,256.498,0.35,0.34,0.36,0.65,0.64,0.66,,,,
2026-01-06 07:04:17.424000+00:00,2026-01-06 07:04:17.640613+00:00,257.424,0.355,0.35,0.36,0.645,0.64,0.65,,,,
2026-01-06 07:04:18.514000+00:00,2026-01-06 07:04:18.657069+00:00,258.514,0.335,0.33,0.34,0.71,0.7,0.72,,,,
2026-01-06 07:04:19.510000+00:00,2026-01-06 07:04:19.654892+00:00,259.51,0.285,0.28,0.29,0.72,0.71,0.73,,,,
2026-01-06 07:04:20.531000+00:00,2026-01-06 07:04:20.668387+00:00,260.531,0.285,0.28,0.29,0.715,0.71,0.72,,,,
2026-01-06 07:04:21.535000+00:00,2026-01-06 07:04:21.676459+00:00,261.535,0.275,0.27,0.28,0.725,0.72,0.73,,,,
2026-01-06 07:04:22.541000+00:00,2026-01-06 07:04:22.675596+00:00,262.541,0.27,0.26,0.28,0.73,0.72,0.74,,,,
2026-01-06 07:04:23.496000+00:00,2026-01-06 07:04:23.699107+00:00,263.496,0.27,0.26,0.28,0.73,0.72,0.74,,,,
2026-01-06 07:04:24.409000+00:00,2026-01-06 07:04:24.709591+00:00,264.409,0.27,0.26,0.28,0.73,0.72,0.74,,,,
2026-01-06 07:04:25.493000+00:00,2026-01-06 07:04:25.721456+00:00,265.493,0.27,0.26,0.28,0.73,0.72,0.74,,,,
2026-01-06 07:04:26.536000+00:00,2026-01-06 07:04:26.737540+00:00,266.536,0.27,0.26,0.28,0.73,0.72,0.74,,,,
2026-01-06 07:04:27.606000+00:00,2026-01-06 07:04:27.749033+00:00,267.606,0.28,0.27,0.29,0.72,0.71,0.73,,,,
2026-01-06 07:04:28.594000+00:00,2026-01-06 07:04:28.744820+00:00,268.594,0.275,0.27,0.28,0.72,0.71,0.73,,,,
2026-01-06 07:04:29.376000+00:00,2026-01-06 07:04:29.746220+00:00,269.376,0.275,0.27,0.28,0.725,0.72,0.73,,,,
2026-01-06 07:04:30.428000+00:00,2026-01-06 07:04:30.741079+00:00,270.428,0.275,0.27,0.28,0.725,0.72,0.73,,,,
2026-01-06 07:04:31.614000+00:00,2026-01-06 07:04:31.751822+00:00,271.614,0.275,0.27,0.28,0.725,0.72,0.73,,,,
2026-01-06 07:04:32.549000+00:00,2026-01-06 07:04:32.765286+00:00,272.549,0.275,0.27,0.28,0.725,0.72,0.73,,,,
2026-01-06 07:04:33.432000+00:00,2026-01-06 07:04:33.773438+00:00,273.432,0.275,0.27,0.28,0.725,0.72,0.73,,,,
2026-01-06 07:04:34.655000+00:00,2026-01-06 07:04:34.788422+00:00,274.655,0.335,0.27,0.4,0.6699999999999999,0.61,0.73,,,,
2026-01-06 07:04:35.582000+00:00,2026-01-06 07:04:35.798452+00:00,275.582,0.285,0.28,0.29,0.715,0.71,0.72,,,,
2026-01-06 07:04:36.657000+00:00,2026-01-06 07:04:36.800224+00:00,276.657,0.31,0.3,0.32,0.69,0.68,0.7,,,,
2026-01-06 07:04:37.670000+00:00,2026-01-06 07:04:37.799985+00:00,277.67,0.35,0.34,0.36,0.65,0.64,0.66,,,,
2026-01-06 07:04:38.657000+00:00,2026-01-06 07:04:38.800103+00:00,278.657,0.33,0.32,0.34,0.6799999999999999,0.67,0.69,,,,
2026-01-06 07:04:39.661000+00:00,2026-01-06 07:04:39.796028+00:00,279.661,0.275,0.27,0.28,0.725,0.72,0.73,,,,
2026-01-06 07:04:40.646000+00:00,2026-01-06 07:04:40.800741+00:00,280.646,0.26,0.25,0.27,0.745,0.74,0.75,,,,
2026-01-06 07:04:41.669000+00:00,2026-01-06 07:04:41.813459+00:00,281.669,0.265,0.26,0.27,0.735,0.73,0.74,,,,
2026-01-06 07:04:42.681000+00:00,2026-01-06 07:04:42.821570+00:00,282.681,0.26,0.25,0.27,0.74,0.73,0.75,,,,
2026-01-06 07:04:43.467000+00:00,2026-01-06 07:04:43.834292+00:00,283.467,0.26,0.25,0.27,0.74,0.73,0.75,,,,
2026-01-06 07:04:44.709000+00:00,2026-01-06 07:04:44.856471+00:00,284.709,0.275,0.27,0.28,0.725,0.72,0.73,,,,
2026-01-06 07:04:45.701000+00:00,2026-01-06 07:04:45.858034+00:00,285.701,0.27,0.26,0.28,0.73,0.72,0.74,,,,
2026-01-06 07:04:46.614000+00:00,2026-01-06 07:04:46.866418+00:00,286.614,0.265,0.26,0.27,0.735,0.73,0.74,,,,
2026-01-06 07:04:47.545000+00:00,2026-01-06 07:04:47.866802+00:00,287.545,0.265,0.26,0.27,0.735,0.73,0.74,,,,
2026-01-06 07:04:48.481000+00:00,2026-01-06 07:04:48.873455+00:00,288.481,0.265,0.26,0.27,0.735,0.73,0.74,,,,
2026-01-06 07:04:49.725000+00:00,2026-01-06 07:04:49.873809+00:00,289.725,0.265,0.26,0.27,0.735,0.73,0.74,,,,
2026-01-06 07:04:50.719000+00:00,2026-01-06 07:04:50.873084+00:00,290.719,0.26,0.25,0.27,0.74,0.73,0.75,,,,
2026-01-06 07:04:51.729000+00:00,2026-01-06 07:04:51.875732+00:00,291.729,0.265,0.26,0.27,0.735,0.73,0.74,,,,
2026-01-06 07:04:52.704000+00:00,2026-01-06 07:04:52.878080+00:00,292.704,0.26,0.25,0.27,0.74,0.73,0.75,,,,
2026-01-06 07:04:53.627000+00:00,2026-01-06 07:04:53.891203+00:00,293.627,0.26,0.25,0.27,0.74,0.73,0.75,,,,
2026-01-06 07:04:54.752000+00:00,2026-01-06 07:04:54.891654+00:00,294.752,0.265,0.26,0.27,0.73,0.72,0.74,,,,
2026-01-06 07:04:55.768000+00:00,2026-01-06 07:04:55.893517+00:00,295.768,0.265,0.25,0.28,0.74,0.73,0.75,,,,
2026-01-06 07:04:56.664000+00:00,2026-01-06 07:04:56.886552+00:00,296.664,0.265,0.26,0.27,0.735,0.73,0.74,,,,
2026-01-06 07:04:57.765000+00:00,2026-01-06 07:04:57.904148+00:00,297.765,0.26,0.25,0.27,0.74,0.73,0.75,,,,
2026-01-06 07:04:58.347000+00:00,2026-01-06 07:04:58.906122+00:00,298.347,0.26,0.25,0.27,0.74,0.73,0.75,,,,
2026-01-06 07:04:59.782000+00:00,2026-01-06 07:04:59.904909+00:00,299.782,0.26,0.25,0.27,0.74,0.73,0.75,,,,
2026-01-06 07:05:00.769000+00:00,2026-01-06 07:05:00.905518+00:00,300.769,0.26,0.25,0.27,0.74,0.73,0.75,,,,
2026-01-06 07:05:01.681000+00:00,2026-01-06 07:05:01.917972+00:00,301.681,0.26,0.25,0.27,0.74,0.73,0.75,,,,
2026-01-06 07:05:02.787000+00:00,2026-01-06 07:05:02.920545+00:00,302.787,0.265,0.26,0.27,0.735,0.73,0.74,,,,
2026-01-06 07:05:03.772000+00:00,2026-01-06 07:05:03.931393+00:00,303.772,0.295,0.29,0.3,0.725,0.72,0.73,,,,
2026-01-06 07:05:04.795000+00:00,2026-01-06 07:05:04.936370+00:00,304.795,0.275,0.27,0.28,0.725,0.72,0.73,,,,
2026-01-06 07:05:05.820000+00:00,2026-01-06 07:05:05.956599+00:00,305.82,0.275,0.27,0.28,0.72,0.71,0.73,,,,
2026-01-06 07:05:06.804000+00:00,2026-01-06 07:05:06.960027+00:00,306.804,0.27,0.26,0.28,0.73,0.72,0.74,,,,
2026-01-06 07:05:07.721000+00:00,2026-01-06 07:05:07.958997+00:00,307.721,0.27,0.26,0.28,0.725,0.71,0.74,,,,
2026-01-06 07:05:08.819000+00:00,2026-01-06 07:05:08.965014+00:00,308.819,0.29,0.28,0.3,0.705,0.7,0.71,,,,
2026-01-06 07:05:09.823000+00:00,2026-01-06 07:05:09.967096+00:00,309.823,0.305,0.3,0.31,0.695,0.69,0.7,,,,
2026-01-06 07:05:10.841000+00:00,2026-01-06 07:05:10.982912+00:00,310.841,0.335,0.33,0.34,0.67,0.66,0.68,,,,
2026-01-06 07:05:11.826000+00:00,2026-01-06 07:05:11.988526+00:00,311.826,0.325,0.32,0.33,0.675,0.67,0.68,,,,
2026-01-06 07:05:12.803000+00:00,2026-01-06 07:05:12.981204+00:00,312.803,0.325,0.32,0.33,0.675,0.67,0.68,,,,
2026-01-06 07:05:13.866000+00:00,2026-01-06 07:05:13.988224+00:00,313.866,0.335,0.33,0.34,0.665,0.66,0.67,,,,
2026-01-06 07:05:14.844000+00:00,2026-01-06 07:05:15.002729+00:00,314.844,0.335,0.33,0.34,0.665,0.66,0.67,,,,
2026-01-06 07:05:15.834000+00:00,2026-01-06 07:05:16.022315+00:00,315.834,0.335,0.33,0.34,0.665,0.66,0.67,,,,
2026-01-06 07:05:16.852000+00:00,2026-01-06 07:05:17.020569+00:00,316.852,0.335,0.33,0.34,0.665,0.66,0.67,,,,
2026-01-06 07:05:17.838000+00:00,2026-01-06 07:05:18.020168+00:00,317.838,0.335,0.33,0.34,0.665,0.66,0.67,,,,
2026-01-06 07:05:18.868000+00:00,2026-01-06 07:05:19.020081+00:00,318.868,0.325,0.32,0.33,0.675,0.67,0.68,,,,
2026-01-06 07:05:19.845000+00:00,2026-01-06 07:05:20.031480+00:00,319.845,0.33,0.32,0.34,0.665,0.66,0.67,,,,
2026-01-06 07:05:20.882000+00:00,2026-01-06 07:05:21.029122+00:00,320.882,0.3399999999999999,0.33,0.35,0.66,0.65,0.67,,,,
2026-01-06 07:05:21.901000+00:00,2026-01-06 07:05:22.039651+00:00,321.901,0.335,0.33,0.34,0.665,0.66,0.67,,,,
2026-01-06 07:05:22.933000+00:00,2026-01-06 07:05:23.037937+00:00,322.933,0.335,0.33,0.34,0.665,0.66,0.67,,,,
2026-01-06 07:05:23.703000+00:00,2026-01-06 07:05:24.038131+00:00,323.703,0.3399999999999999,0.33,0.35,0.66,0.65,0.67,,,,
2026-01-06 07:05:24.859000+00:00,2026-01-06 07:05:25.028248+00:00,324.859,0.33,0.32,0.34,0.67,0.66,0.68,,,,
2026-01-06 07:05:25.855000+00:00,2026-01-06 07:05:26.017221+00:00,325.855,0.33,0.32,0.34,0.67,0.66,0.68,,,,
2026-01-06 07:05:26.877000+00:00,2026-01-06 07:05:27.017063+00:00,326.877,0.33,0.32,0.34,0.67,0.66,0.68,,,,
2026-01-06 07:05:27.821000+00:00,2026-01-06 07:05:28.015485+00:00,327.821,0.33,0.32,0.34,0.67,0.66,0.68,,,,
2026-01-06 07:05:28.841000+00:00,2026-01-06 07:05:29.014597+00:00,328.841,0.33,0.32,0.34,0.675,0.67,0.68,,,,
2026-01-06 07:05:29.870000+00:00,2026-01-06 07:05:30.013589+00:00,329.87,0.3349999999999999,0.32,0.35,0.66,0.65,0.67,,,,
2026-01-06 07:05:30.612000+00:00,2026-01-06 07:05:31.021750+00:00,330.612,0.33,0.32,0.34,0.67,0.66,0.68,,,,
2026-01-06 07:05:31.866000+00:00,2026-01-06 07:05:32.015202+00:00,331.866,0.3399999999999999,0.33,0.35,0.66,0.65,0.67,,,,
2026-01-06 07:05:32.873000+00:00,2026-01-06 07:05:33.031363+00:00,332.873,0.3399999999999999,0.33,0.35,0.66,0.65,0.67,,,,
2026-01-06 07:05:33.455000+00:00,2026-01-06 07:05:34.035762+00:00,333.455,0.3399999999999999,0.33,0.35,0.66,0.65,0.67,,,,
2026-01-06 07:05:34.881000+00:00,2026-01-06 07:05:35.044731+00:00,334.881,0.3399999999999999,0.33,0.35,0.66,0.65,0.67,,,,
2026-01-06 07:05:35.848000+00:00,2026-01-06 07:05:36.047399+00:00,335.848,0.3399999999999999,0.33,0.35,0.66,0.65,0.67,,,,
2026-01-06 07:05:36.882000+00:00,2026-01-06 07:05:37.066036+00:00,336.882,0.3399999999999999,0.33,0.35,0.66,0.65,0.67,,,,
2026-01-06 07:05:37.946000+00:00,2026-01-06 07:05:38.084028+00:00,337.946,0.3399999999999999,0.33,0.35,0.66,0.65,0.67,,,,
2026-01-06 07:05:38.674000+00:00,2026-01-06 07:05:39.094735+00:00,338.674,0.3399999999999999,0.33,0.35,0.66,0.65,0.67,,,,
2026-01-06 07:05:39.951000+00:00,2026-01-06 07:05:40.103234+00:00,339.951,0.3399999999999999,0.33,0.35,0.66,0.65,0.67,,,,
2026-01-06 07:05:40.956000+00:00,2026-01-06 07:05:41.103056+00:00,340.956,0.345,0.34,0.35,0.655,0.65,0.66,,,,
2026-01-06 07:05:41.965000+00:00,2026-01-06 07:05:42.102109+00:00,341.965,0.35,0.34,0.36,0.65,0.64,0.66,,,,
2026-01-06 07:05:42.955000+00:00,2026-01-06 07:05:43.120302+00:00,342.955,0.345,0.34,0.35,0.655,0.65,0.66,,,,
2026-01-06 07:05:43.997000+00:00,2026-01-06 07:05:44.130525+00:00,343.997,0.35,0.34,0.36,0.65,0.64,0.66,,,,
2026-01-06 07:05:44.930000+00:00,2026-01-06 07:05:45.131262+00:00,344.93,0.355,0.35,0.36,0.65,0.64,0.66,,,,
2026-01-06 07:05:46.925000+00:00,2026-01-06 07:05:47.157743+00:00,346.925,0.345,0.34,0.35,0.655,0.65,0.66,,,,
2026-01-06 07:05:48.021000+00:00,2026-01-06 07:05:48.169088+00:00,348.021,0.35,0.34,0.36,0.65,0.64,0.66,,,,
2026-01-06 07:05:49.025000+00:00,2026-01-06 07:05:49.166242+00:00,349.025,0.365,0.36,0.37,0.635,0.63,0.64,,,,
2026-01-06 07:05:50.991000+00:00,2026-01-06 07:05:51.185128+00:00,350.991,0.335,0.33,0.34,0.665,0.66,0.67,,,,
2026-01-06 07:05:52.662000+00:00,2026-01-06 07:05:53.207390+00:00,352.662,0.335,0.33,0.34,0.665,0.66,0.67,,,,
2026-01-06 07:05:53.864000+00:00,2026-01-06 07:05:54.233269+00:00,353.864,0.335,0.33,0.34,0.665,0.66,0.67,,,,
2026-01-06 07:05:55.090000+00:00,2026-01-06 07:05:55.245285+00:00,355.09,0.335,0.33,0.34,0.665,0.66,0.67,,,,
2026-01-06 07:05:56.997000+00:00,2026-01-06 07:05:57.261115+00:00,356.997,0.335,0.33,0.34,0.665,0.66,0.67,,,,
2026-01-06 07:05:58.036000+00:00,2026-01-06 07:05:58.277940+00:00,358.036,0.33,0.32,0.34,0.67,0.66,0.68,,,,
2026-01-06 07:05:59.108000+00:00,2026-01-06 07:05:59.287074+00:00,359.108,0.335,0.33,0.34,0.665,0.66,0.67,,,,
2026-01-06 07:06:00.149000+00:00,2026-01-06 07:06:00.287403+00:00,360.149,0.335,0.33,0.34,0.665,0.66,0.67,,,,
2026-01-06 07:06:01.155000+00:00,2026-01-06 07:06:01.306873+00:00,361.155,0.335,0.33,0.34,0.675,0.67,0.68,,,,
2026-01-06 07:06:02.158000+00:00,2026-01-06 07:06:02.318640+00:00,362.158,0.325,0.32,0.33,0.675,0.67,0.68,,,,
2026-01-06 07:06:03.209000+00:00,2026-01-06 07:06:03.323295+00:00,363.209,0.325,0.32,0.33,0.675,0.67,0.68,,,,
2026-01-06 07:06:04.202000+00:00,2026-01-06 07:06:04.332849+00:00,364.202,0.325,0.32,0.33,0.675,0.67,0.68,,,,
2026-01-06 07:06:05.183000+00:00,2026-01-06 07:06:05.332573+00:00,365.183,0.315,0.31,0.32,0.685,0.68,0.69,,,,
2026-01-06 07:06:06.115000+00:00,2026-01-06 07:06:06.330098+00:00,366.115,0.315,0.31,0.32,0.685,0.68,0.69,,,,
2026-01-06 07:06:07.164000+00:00,2026-01-06 07:06:07.335033+00:00,367.164,0.315,0.31,0.32,0.685,0.68,0.69,,,,
2026-01-06 07:06:08.198000+00:00,2026-01-06 07:06:08.347041+00:00,368.198,0.315,0.31,0.32,0.685,0.68,0.69,,,,
2026-01-06 07:06:09.145000+00:00,2026-01-06 07:06:09.358528+00:00,369.145,0.315,0.31,0.32,0.685,0.68,0.69,,,,
2026-01-06 07:06:10.220000+00:00,2026-01-06 07:06:10.370175+00:00,370.22,0.3,0.29,0.31,0.7,0.69,0.71,,,,
2026-01-06 07:06:11.164000+00:00,2026-01-06 07:06:11.378587+00:00,371.164,0.29,0.28,0.3,0.71,0.7,0.72,,,,
2026-01-06 07:06:12.106000+00:00,2026-01-06 07:06:12.382209+00:00,372.106,0.285,0.28,0.29,0.715,0.71,0.72,,,,
2026-01-06 07:06:13.241000+00:00,2026-01-06 07:06:13.396470+00:00,373.241,0.29,0.28,0.3,0.71,0.7,0.72,,,,
2026-01-06 07:06:14.245000+00:00,2026-01-06 07:06:14.403940+00:00,374.245,0.29,0.28,0.3,0.71,0.7,0.72,,,,
2026-01-06 07:06:15.124000+00:00,2026-01-06 07:06:15.413805+00:00,375.124,0.29,0.28,0.3,0.71,0.7,0.72,,,,
2026-01-06 07:06:16.149000+00:00,2026-01-06 07:06:16.438320+00:00,376.149,0.29,0.28,0.3,0.71,0.7,0.72,,,,
2026-01-06 07:06:17.302000+00:00,2026-01-06 07:06:17.444496+00:00,377.302,0.295,0.29,0.3,0.705,0.7,0.71,,,,
2026-01-06 07:06:18.228000+00:00,2026-01-06 07:06:18.461617+00:00,378.228,0.295,0.29,0.3,0.705,0.7,0.71,,,,
2026-01-06 07:06:19.010000+00:00,2026-01-06 07:06:19.463460+00:00,379.01,0.295,0.29,0.3,0.705,0.7,0.71,,,,
2026-01-06 07:06:20.291000+00:00,2026-01-06 07:06:20.463931+00:00,380.291,0.295,0.29,0.3,0.705,0.7,0.71,,,,
2026-01-06 07:06:21.345000+00:00,2026-01-06 07:06:21.480406+00:00,381.345,0.265,0.26,0.27,0.735,0.73,0.74,,,,
2026-01-06 07:06:22.327000+00:00,2026-01-06 07:06:22.481248+00:00,382.327,0.245,0.24,0.25,0.755,0.75,0.76,,,,
2026-01-06 07:06:23.339000+00:00,2026-01-06 07:06:23.480272+00:00,383.339,0.2299999999999999,0.22,0.24,0.765,0.76,0.77,,,,
2026-01-06 07:06:24.341000+00:00,2026-01-06 07:06:24.489091+00:00,384.341,0.2299999999999999,0.22,0.24,0.755,0.75,0.76,,,,
2026-01-06 07:06:25.356000+00:00,2026-01-06 07:06:25.495493+00:00,385.356,0.245,0.24,0.25,0.755,0.75,0.76,,,,
2026-01-06 07:06:26.377000+00:00,2026-01-06 07:06:26.496036+00:00,386.377,0.235,0.23,0.24,0.765,0.76,0.77,,,,
2026-01-06 07:06:27.346000+00:00,2026-01-06 07:06:27.489020+00:00,387.346,0.275,0.27,0.28,0.725,0.72,0.73,,,,
2026-01-06 07:06:28.353000+00:00,2026-01-06 07:06:28.500511+00:00,388.353,0.275,0.27,0.28,0.725,0.72,0.73,,,,
2026-01-06 07:06:29.324000+00:00,2026-01-06 07:06:29.503081+00:00,389.324,0.275,0.27,0.28,0.725,0.72,0.73,,,,
2026-01-06 07:06:30.298000+00:00,2026-01-06 07:06:30.510594+00:00,390.298,0.285,0.28,0.29,0.715,0.71,0.72,,,,
2026-01-06 07:06:31.374000+00:00,2026-01-06 07:06:31.521634+00:00,391.374,0.28,0.27,0.29,0.725,0.72,0.73,,,,
2026-01-06 07:06:32.356000+00:00,2026-01-06 07:06:32.519265+00:00,392.356,0.275,0.27,0.28,0.725,0.72,0.73,,,,
2026-01-06 07:06:33.284000+00:00,2026-01-06 07:06:33.543353+00:00,393.284,0.275,0.27,0.28,0.725,0.72,0.73,,,,
2026-01-06 07:06:34.415000+00:00,2026-01-06 07:06:34.564984+00:00,394.415,0.28,0.27,0.29,0.715,0.71,0.72,,,,
2026-01-06 07:06:35.435000+00:00,2026-01-06 07:06:35.578854+00:00,395.435,0.285,0.28,0.29,0.695,0.69,0.7,,,,
2026-01-06 07:06:36.439000+00:00,2026-01-06 07:06:36.593296+00:00,396.439,0.325,0.32,0.33,0.675,0.67,0.68,,,,
2026-01-06 07:06:37.474000+00:00,2026-01-06 07:06:37.605869+00:00,397.474,0.315,0.31,0.32,0.695,0.69,0.7,,,,
2026-01-06 07:06:38.482000+00:00,2026-01-06 07:06:38.619544+00:00,398.482,0.285,0.28,0.29,0.715,0.71,0.72,,,,
2026-01-06 07:06:39.479000+00:00,2026-01-06 07:06:39.633352+00:00,399.479,0.285,0.28,0.29,0.715,0.71,0.72,,,,
2026-01-06 07:06:40.495000+00:00,2026-01-06 07:06:40.635588+00:00,400.495,0.285,0.28,0.29,0.715,0.71,0.72,,,,
2026-01-06 07:06:41.484000+00:00,2026-01-06 07:06:41.644002+00:00,401.484,0.295,0.29,0.3,0.705,0.7,0.71,,,,
2026-01-06 07:06:42.507000+00:00,2026-01-06 07:06:42.659480+00:00,402.507,0.295,0.29,0.3,0.705,0.7,0.71,,,,
2026-01-06 07:06:43.995000+00:00,2026-01-06 07:06:44.668393+00:00,403.995,0.285,0.28,0.29,0.715,0.71,0.72,,,,
2026-01-06 07:06:45.338000+00:00,2026-01-06 07:06:45.666829+00:00,405.338,0.285,0.28,0.29,0.715,0.71,0.72,,,,
2026-01-06 07:06:46.525000+00:00,2026-01-06 07:06:46.660812+00:00,406.525,0.295,0.29,0.3,0.705,0.7,0.71,,,,
2026-01-06 07:06:47.523000+00:00,2026-01-06 07:06:47.660060+00:00,407.523,0.3,0.29,0.31,0.7,0.69,0.71,,,,
2026-01-06 07:06:48.509000+00:00,2026-01-06 07:06:48.660071+00:00,408.509,0.295,0.29,0.3,0.705,0.7,0.71,,,,
2026-01-06 07:06:49.395000+00:00,2026-01-06 07:06:49.681208+00:00,409.395,0.285,0.28,0.29,0.715,0.71,0.72,,,,
2026-01-06 07:06:50.502000+00:00,2026-01-06 07:06:50.681383+00:00,410.502,0.28,0.27,0.29,0.72,0.71,0.73,,,,
2026-01-06 07:06:51.478000+00:00,2026-01-06 07:06:51.684179+00:00,411.478,0.28,0.27,0.29,0.725,0.72,0.73,,,,
2026-01-06 07:06:52.550000+00:00,2026-01-06 07:06:52.698837+00:00,412.55,0.275,0.27,0.28,0.725,0.72,0.73,,,,
2026-01-06 07:06:53.563000+00:00,2026-01-06 07:06:53.708551+00:00,413.563,0.275,0.27,0.28,0.725,0.72,0.73,,,,
2026-01-06 07:06:54.569000+00:00,2026-01-06 07:06:54.707940+00:00,414.569,0.265,0.26,0.27,0.735,0.73,0.74,,,,
2026-01-06 07:06:55.509000+00:00,2026-01-06 07:06:55.710265+00:00,415.509,0.26,0.25,0.27,0.74,0.73,0.75,,,,
2026-01-06 07:06:56.534000+00:00,2026-01-06 07:06:56.711910+00:00,416.534,0.255,0.25,0.26,0.745,0.74,0.75,,,,
2026-01-06 07:06:57.582000+00:00,2026-01-06 07:06:57.730500+00:00,417.582,0.26,0.25,0.27,0.74,0.73,0.75,,,,
2026-01-06 07:06:58.581000+00:00,2026-01-06 07:06:58.725888+00:00,418.581,0.26,0.25,0.27,0.74,0.73,0.75,,,,
2026-01-06 07:06:59.585000+00:00,2026-01-06 07:06:59.731002+00:00,419.585,0.26,0.25,0.27,0.74,0.73,0.75,,,,
2026-01-06 07:07:00.584000+00:00,2026-01-06 07:07:00.738033+00:00,420.584,0.26,0.25,0.27,0.74,0.73,0.75,,,,
2026-01-06 07:07:01.603000+00:00,2026-01-06 07:07:01.745050+00:00,421.603,0.255,0.25,0.26,0.745,0.74,0.75,,,,
2026-01-06 07:07:02.491000+00:00,2026-01-06 07:07:02.749921+00:00,422.491,0.255,0.25,0.26,0.745,0.74,0.75,,,,
2026-01-06 07:07:03.613000+00:00,2026-01-06 07:07:03.761675+00:00,423.613,0.25,0.24,0.26,0.75,0.74,0.76,,,,
2026-01-06 07:07:04.610000+00:00,2026-01-06 07:07:04.769033+00:00,424.61,0.255,0.25,0.26,0.745,0.74,0.75,,,,
2026-01-06 07:07:05.632000+00:00,2026-01-06 07:07:05.773424+00:00,425.632,0.255,0.25,0.26,0.745,0.74,0.75,,,,
2026-01-06 07:07:06.601000+00:00,2026-01-06 07:07:06.793131+00:00,426.601,0.25,0.24,0.26,0.75,0.74,0.76,,,,
2026-01-06 07:07:07.646000+00:00,2026-01-06 07:07:07.800337+00:00,427.646,0.265,0.26,0.27,0.725,0.72,0.73,,,,
2026-01-06 07:07:08.680000+00:00,2026-01-06 07:07:08.809682+00:00,428.68,0.28,0.27,0.29,0.72,0.71,0.73,,,,
2026-01-06 07:07:09.666000+00:00,2026-01-06 07:07:09.814791+00:00,429.666,0.28,0.27,0.29,0.72,0.71,0.73,,,,
2026-01-06 07:07:10.672000+00:00,2026-01-06 07:07:10.828832+00:00,430.672,0.28,0.27,0.29,0.72,0.71,0.73,,,,
2026-01-06 07:07:11.713000+00:00,2026-01-06 07:07:11.846745+00:00,431.713,0.265,0.26,0.27,0.735,0.73,0.74,,,,
2026-01-06 07:07:12.461000+00:00,2026-01-06 07:07:12.843728+00:00,432.461,0.265,0.26,0.27,0.735,0.73,0.74,,,,
2026-01-06 07:07:13.704000+00:00,2026-01-06 07:07:13.848322+00:00,433.704,0.305,0.3,0.31,0.695,0.69,0.7,,,,
2026-01-06 07:07:14.629000+00:00,2026-01-06 07:07:14.859887+00:00,434.629,0.305,0.3,0.31,0.695,0.69,0.7,,,,
2026-01-06 07:07:15.716000+00:00,2026-01-06 07:07:15.859559+00:00,435.716,0.295,0.29,0.3,0.705,0.7,0.71,,,,
2026-01-06 07:07:16.718000+00:00,2026-01-06 07:07:16.859910+00:00,436.718,0.305,0.3,0.31,0.695,0.69,0.7,,,,
2026-01-06 07:07:17.708000+00:00,2026-01-06 07:07:17.853869+00:00,437.708,0.315,0.31,0.32,0.685,0.68,0.69,,,,
2026-01-06 07:07:18.710000+00:00,2026-01-06 07:07:18.867342+00:00,438.71,0.345,0.34,0.35,0.655,0.65,0.66,,,,
2026-01-06 07:07:19.738000+00:00,2026-01-06 07:07:19.867724+00:00,439.738,0.32,0.31,0.33,0.685,0.68,0.69,,,,
2026-01-06 07:07:20.690000+00:00,2026-01-06 07:07:20.878099+00:00,440.69,0.315,0.31,0.32,0.685,0.68,0.69,,,,
2026-01-06 07:07:21.623000+00:00,2026-01-06 07:07:21.879067+00:00,441.623,0.315,0.31,0.32,0.685,0.68,0.69,,,,
2026-01-06 07:07:22.744000+00:00,2026-01-06 07:07:22.885043+00:00,442.744,0.335,0.33,0.34,0.665,0.66,0.67,,,,
2026-01-06 07:07:23.693000+00:00,2026-01-06 07:07:23.897990+00:00,443.693,0.335,0.33,0.34,0.665,0.66,0.67,,,,
2026-01-06 07:07:24.743000+00:00,2026-01-06 07:07:24.903277+00:00,444.743,0.345,0.34,0.35,0.655,0.65,0.66,,,,
2026-01-06 07:07:25.777000+00:00,2026-01-06 07:07:25.910395+00:00,445.777,0.345,0.34,0.35,0.655,0.65,0.66,,,,
2026-01-06 07:07:26.769000+00:00,2026-01-06 07:07:26.911154+00:00,446.769,0.37,0.36,0.38,0.63,0.62,0.64,,,,
2026-01-06 07:07:27.761000+00:00,2026-01-06 07:07:27.910275+00:00,447.761,0.385,0.38,0.39,0.615,0.61,0.62,,,,
2026-01-06 07:07:28.752000+00:00,2026-01-06 07:07:28.917003+00:00,448.752,0.405,0.4,0.41,0.595,0.59,0.6,,,,
2026-01-06 07:07:29.722000+00:00,2026-01-06 07:07:29.932087+00:00,449.722,0.405,0.4,0.41,0.595,0.59,0.6,,,,
2026-01-06 07:07:30.805000+00:00,2026-01-06 07:07:30.933857+00:00,450.805,0.41,0.4,0.42,0.585,0.58,0.59,,,,
2026-01-06 07:07:31.797000+00:00,2026-01-06 07:07:31.935510+00:00,451.797,0.445,0.44,0.45,0.555,0.55,0.56,,,,
2026-01-06 07:07:32.814000+00:00,2026-01-06 07:07:32.947046+00:00,452.814,0.455,0.45,0.46,0.55,0.54,0.56,,,,
2026-01-06 07:07:33.825000+00:00,2026-01-06 07:07:33.949655+00:00,453.825,0.375,0.37,0.38,0.655,0.65,0.66,,,,
2026-01-06 07:07:34.812000+00:00,2026-01-06 07:07:34.950930+00:00,454.812,0.335,0.33,0.34,0.665,0.66,0.67,,,,
2026-01-06 07:07:35.817000+00:00,2026-01-06 07:07:35.959789+00:00,455.817,0.36,0.35,0.37,0.635,0.63,0.64,,,,
2026-01-06 07:07:36.813000+00:00,2026-01-06 07:07:36.959741+00:00,456.813,0.3399999999999999,0.33,0.35,0.66,0.65,0.67,,,,
2026-01-06 07:07:37.754000+00:00,2026-01-06 07:07:37.978963+00:00,457.754,0.3399999999999999,0.33,0.35,0.66,0.65,0.67,,,,
2026-01-06 07:07:38.848000+00:00,2026-01-06 07:07:38.995114+00:00,458.848,0.345,0.34,0.35,0.655,0.65,0.66,,,,
2026-01-06 07:07:40.861000+00:00,2026-01-06 07:07:41.025823+00:00,460.861,0.35,0.34,0.36,0.65,0.64,0.66,,,,
2026-01-06 07:07:41.888000+00:00,2026-01-06 07:07:42.042255+00:00,461.888,0.345,0.34,0.35,0.655,0.65,0.66,,,,
2026-01-06 07:07:42.924000+00:00,2026-01-06 07:07:43.057561+00:00,462.924,0.345,0.34,0.35,0.655,0.65,0.66,,,,
2026-01-06 07:07:43.906000+00:00,2026-01-06 07:07:44.059948+00:00,463.906,0.345,0.34,0.35,0.655,0.65,0.66,,,,
2026-01-06 07:07:44.837000+00:00,2026-01-06 07:07:45.067749+00:00,464.837,0.3399999999999999,0.33,0.35,0.66,0.65,0.67,,,,
2026-01-06 07:07:45.909000+00:00,2026-01-06 07:07:46.085566+00:00,465.909,0.3399999999999999,0.33,0.35,0.66,0.65,0.67,,,,
2026-01-06 07:07:46.972000+00:00,2026-01-06 07:07:47.109802+00:00,466.972,0.335,0.33,0.34,0.665,0.66,0.67,,,,
2026-01-06 07:07:47.933000+00:00,2026-01-06 07:07:48.117899+00:00,467.933,0.335,0.33,0.34,0.665,0.66,0.67,,,,
2026-01-06 07:07:48.994000+00:00,2026-01-06 07:07:49.124857+00:00,468.994,0.335,0.33,0.34,0.665,0.66,0.67,,,,
2026-01-06 07:07:50.016000+00:00,2026-01-06 07:07:50.142355+00:00,470.016,0.355,0.35,0.36,0.645,0.64,0.65,,,,
2026-01-06 07:07:51.001000+00:00,2026-01-06 07:07:51.158527+00:00,471.001,0.355,0.35,0.36,0.645,0.64,0.65,,,,
2026-01-06 07:07:52.992000+00:00,2026-01-06 07:07:53.162893+00:00,472.992,0.335,0.33,0.34,0.665,0.66,0.67,,,,
2026-01-06 07:07:53.976000+00:00,2026-01-06 07:07:54.174541+00:00,473.976,0.345,0.34,0.35,0.655,0.65,0.66,,,,
2026-01-06 07:07:55.044000+00:00,2026-01-06 07:07:55.192348+00:00,475.044,0.335,0.33,0.34,0.665,0.66,0.67,,,,
2026-01-06 07:07:56.067000+00:00,2026-01-06 07:07:56.209910+00:00,476.067,0.315,0.31,0.32,0.6799999999999999,0.67,0.69,,,,
2026-01-06 07:07:57.079000+00:00,2026-01-06 07:07:57.229912+00:00,477.079,0.33,0.32,0.34,0.67,0.66,0.68,,,,
2026-01-06 07:07:58.107000+00:00,2026-01-06 07:07:58.251157+00:00,478.107,0.315,0.31,0.32,0.685,0.68,0.69,,,,
2026-01-06 07:07:59.111000+00:00,2026-01-06 07:07:59.258945+00:00,479.111,0.31,0.3,0.32,0.69,0.68,0.7,,,,
2026-01-06 07:08:00.097000+00:00,2026-01-06 07:08:00.257266+00:00,480.097,0.31,0.3,0.32,0.695,0.69,0.7,,,,
2026-01-06 07:08:01.107000+00:00,2026-01-06 07:08:01.257618+00:00,481.107,0.31,0.3,0.32,0.69,0.68,0.7,,,,
2026-01-06 07:08:02.099000+00:00,2026-01-06 07:08:02.280381+00:00,482.099,0.305,0.3,0.31,0.695,0.69,0.7,,,,
2026-01-06 07:08:03.102000+00:00,2026-01-06 07:08:03.288225+00:00,483.102,0.305,0.3,0.31,0.695,0.69,0.7,,,,
2026-01-06 07:08:04.139000+00:00,2026-01-06 07:08:04.291648+00:00,484.139,0.305,0.3,0.31,0.695,0.69,0.7,,,,
2026-01-06 07:08:05.089000+00:00,2026-01-06 07:08:05.306518+00:00,485.089,0.305,0.29,0.32,0.69,0.68,0.7,,,,
2026-01-06 07:08:06.145000+00:00,2026-01-06 07:08:06.307504+00:00,486.145,0.305,0.3,0.31,0.695,0.69,0.7,,,,
2026-01-06 07:08:07.076000+00:00,2026-01-06 07:08:07.323432+00:00,487.076,0.3,0.29,0.31,0.7,0.69,0.71,,,,
2026-01-06 07:08:08.059000+00:00,2026-01-06 07:08:08.314541+00:00,488.059,0.305,0.3,0.31,0.69,0.68,0.7,,,,
2026-01-06 07:08:09.083000+00:00,2026-01-06 07:08:09.331555+00:00,489.083,0.315,0.31,0.32,0.69,0.68,0.7,,,,
2026-01-06 07:08:10.191000+00:00,2026-01-06 07:08:10.341566+00:00,490.191,0.305,0.3,0.31,0.695,0.69,0.7,,,,
2026-01-06 07:08:11.197000+00:00,2026-01-06 07:08:11.356076+00:00,491.197,0.305,0.3,0.31,0.695,0.69,0.7,,,,
2026-01-06 07:08:12.202000+00:00,2026-01-06 07:08:12.357598+00:00,492.202,0.305,0.3,0.31,0.695,0.69,0.7,,,,
2026-01-06 07:08:13.216000+00:00,2026-01-06 07:08:13.357487+00:00,493.216,0.265,0.26,0.27,0.735,0.73,0.74,,,,
2026-01-06 07:08:14.228000+00:00,2026-01-06 07:08:14.365931+00:00,494.228,0.265,0.26,0.27,0.735,0.73,0.74,,,,
2026-01-06 07:08:15.231000+00:00,2026-01-06 07:08:15.373265+00:00,495.231,0.255,0.25,0.26,0.745,0.74,0.75,,,,
2026-01-06 07:08:16.224000+00:00,2026-01-06 07:08:16.377663+00:00,496.224,0.245,0.24,0.25,0.755,0.75,0.76,,,,
2026-01-06 07:08:17.215000+00:00,2026-01-06 07:08:17.381975+00:00,497.215,0.235,0.23,0.24,0.77,0.76,0.78,,,,
2026-01-06 07:08:18.246000+00:00,2026-01-06 07:08:18.397278+00:00,498.246,0.2299999999999999,0.22,0.24,0.77,0.76,0.78,,,,
2026-01-06 07:08:19.233000+00:00,2026-01-06 07:08:19.408983+00:00,499.233,0.215,0.21,0.22,0.785,0.78,0.79,,,,
2026-01-06 07:08:20.269000+00:00,2026-01-06 07:08:20.428483+00:00,500.269,0.225,0.22,0.23,0.775,0.77,0.78,,,,
2026-01-06 07:08:21.246000+00:00,2026-01-06 07:08:21.433308+00:00,501.246,0.22,0.21,0.23,0.78,0.77,0.79,,,,
2026-01-06 07:08:22.245000+00:00,2026-01-06 07:08:22.440656+00:00,502.245,0.22,0.21,0.23,0.78,0.77,0.79,,,,
2026-01-06 07:08:23.244000+00:00,2026-01-06 07:08:23.452200+00:00,503.244,0.22,0.21,0.23,0.78,0.77,0.79,,,,
2026-01-06 07:08:24.115000+00:00,2026-01-06 07:08:24.451921+00:00,504.115,0.22,0.21,0.23,0.78,0.77,0.79,,,,
2026-01-06 07:08:25.319000+00:00,2026-01-06 07:08:25.464993+00:00,505.319,0.21,0.2,0.22,0.79,0.78,0.8,,,,
2026-01-06 07:08:26.362000+00:00,2026-01-06 07:08:26.480712+00:00,506.362,0.225,0.22,0.23,0.775,0.77,0.78,,,,
2026-01-06 07:08:27.354000+00:00,2026-01-06 07:08:27.489599+00:00,507.354,0.22,0.21,0.23,0.785,0.78,0.79,,,,
2026-01-06 07:08:28.361000+00:00,2026-01-06 07:08:28.500557+00:00,508.361,0.22,0.21,0.23,0.78,0.77,0.79,,,,
2026-01-06 07:08:29.340000+00:00,2026-01-06 07:08:29.510423+00:00,509.34,0.225,0.22,0.23,0.775,0.77,0.78,,,,
2026-01-06 07:08:30.358000+00:00,2026-01-06 07:08:30.515707+00:00,510.358,0.21,0.2,0.22,0.79,0.78,0.8,,,,
2026-01-06 07:08:31.385000+00:00,2026-01-06 07:08:31.523445+00:00,511.385,0.205,0.2,0.21,0.795,0.79,0.8,,,,
2026-01-06 07:08:32.400000+00:00,2026-01-06 07:08:32.530937+00:00,512.4,0.205,0.2,0.21,0.795,0.79,0.8,,,,
2026-01-06 07:08:33.265000+00:00,2026-01-06 07:08:33.541039+00:00,513.265,0.2,0.19,0.21,0.805,0.8,0.81,,,,
2026-01-06 07:08:34.344000+00:00,2026-01-06 07:08:34.547284+00:00,514.344,0.195,0.19,0.2,0.805,0.8,0.81,,,,
2026-01-06 07:08:35.344000+00:00,2026-01-06 07:08:35.558928+00:00,515.344,0.195,0.19,0.2,0.805,0.8,0.81,,,,
2026-01-06 07:08:36.462000+00:00,2026-01-06 07:08:36.557473+00:00,516.462,0.195,0.19,0.2,0.805,0.8,0.81,,,,
2026-01-06 07:08:37.464000+00:00,2026-01-06 07:08:37.566753+00:00,517.464,0.175,0.17,0.18,0.825,0.82,0.83,,,,
2026-01-06 07:08:38.396000+00:00,2026-01-06 07:08:38.565518+00:00,518.396,0.175,0.17,0.18,0.8200000000000001,0.81,0.83,,,,
2026-01-06 07:08:39.421000+00:00,2026-01-06 07:08:39.557272+00:00,519.421,0.185,0.18,0.19,0.815,0.81,0.82,,,,
2026-01-06 07:08:40.176000+00:00,2026-01-06 07:08:40.574225+00:00,520.176,0.18,0.17,0.19,0.8200000000000001,0.81,0.83,,,,
2026-01-06 07:08:41.408000+00:00,2026-01-06 07:08:41.592618+00:00,521.408,0.185,0.18,0.19,0.815,0.81,0.82,,,,
2026-01-06 07:08:42.428000+00:00,2026-01-06 07:08:42.593040+00:00,522.428,0.18,0.17,0.19,0.8200000000000001,0.81,0.83,,,,
2026-01-06 07:08:43.938000+00:00,2026-01-06 07:08:44.597281+00:00,523.938,0.18,0.17,0.19,0.8200000000000001,0.81,0.83,,,,
2026-01-06 07:08:45.459000+00:00,2026-01-06 07:08:45.597359+00:00,525.459,0.175,0.17,0.18,0.825,0.82,0.83,,,,
2026-01-06 07:08:46.449000+00:00,2026-01-06 07:08:46.589898+00:00,526.449,0.16,0.15,0.17,0.84,0.83,0.85,,,,
2026-01-06 07:08:47.411000+00:00,2026-01-06 07:08:47.605194+00:00,527.411,0.155,0.15,0.16,0.845,0.84,0.85,,,,
2026-01-06 07:08:48.468000+00:00,2026-01-06 07:08:48.621329+00:00,528.468,0.16,0.15,0.17,0.84,0.83,0.85,,,,
2026-01-06 07:08:49.473000+00:00,2026-01-06 07:08:49.623054+00:00,529.473,0.145,0.14,0.15,0.855,0.85,0.86,,,,
2026-01-06 07:08:50.452000+00:00,2026-01-06 07:08:50.627828+00:00,530.452,0.135,0.13,0.14,0.865,0.86,0.87,,,,
2026-01-06 07:08:51.495000+00:00,2026-01-06 07:08:51.639469+00:00,531.495,0.135,0.13,0.14,0.865,0.86,0.87,,,,
2026-01-06 07:08:52.437000+00:00,2026-01-06 07:08:52.639342+00:00,532.437,0.135,0.13,0.14,0.865,0.86,0.87,,,,
2026-01-06 07:08:53.503000+00:00,2026-01-06 07:08:53.656369+00:00,533.503,0.14,0.13,0.15,0.865,0.86,0.87,,,,
2026-01-06 07:08:54.467000+00:00,2026-01-06 07:08:54.656095+00:00,534.467,0.135,0.13,0.14,0.86,0.85,0.87,,,,
2026-01-06 07:08:55.436000+00:00,2026-01-06 07:08:55.661773+00:00,535.436,0.14,0.13,0.15,0.86,0.85,0.87,,,,
2026-01-06 07:08:56.404000+00:00,2026-01-06 07:08:56.655599+00:00,536.404,0.135,0.13,0.14,0.865,0.86,0.87,,,,
2026-01-06 07:08:57.519000+00:00,2026-01-06 07:08:57.655834+00:00,537.519,0.135,0.13,0.14,0.865,0.86,0.87,,,,
2026-01-06 07:08:58.370000+00:00,2026-01-06 07:08:58.656870+00:00,538.37,0.135,0.13,0.14,0.865,0.86,0.87,,,,
2026-01-06 07:08:59.421000+00:00,2026-01-06 07:08:59.656776+00:00,539.421,0.135,0.13,0.14,0.865,0.86,0.87,,,,
2026-01-06 07:09:00.408000+00:00,2026-01-06 07:09:00.665397+00:00,540.408,0.14,0.13,0.15,0.855,0.85,0.86,,,,
2026-01-06 07:09:01.531000+00:00,2026-01-06 07:09:01.672912+00:00,541.531,0.16,0.15,0.17,0.85,0.84,0.86,,,,
2026-01-06 07:09:02.515000+00:00,2026-01-06 07:09:02.674113+00:00,542.515,0.16,0.15,0.17,0.84,0.83,0.85,,,,
2026-01-06 07:09:03.509000+00:00,2026-01-06 07:09:03.664260+00:00,543.509,0.16,0.15,0.17,0.84,0.83,0.85,,,,
2026-01-06 07:09:04.439000+00:00,2026-01-06 07:09:04.671901+00:00,544.439,0.16,0.15,0.17,0.84,0.83,0.85,,,,
2026-01-06 07:09:05.534000+00:00,2026-01-06 07:09:05.671496+00:00,545.534,0.1699999999999999,0.16,0.18,0.83,0.82,0.84,,,,
2026-01-06 07:09:06.498000+00:00,2026-01-06 07:09:06.664651+00:00,546.498,0.1699999999999999,0.16,0.18,0.83,0.82,0.84,,,,
2026-01-06 07:09:07.475000+00:00,2026-01-06 07:09:07.685161+00:00,547.475,0.1699999999999999,0.16,0.18,0.83,0.82,0.84,,,,
2026-01-06 07:09:08.248000+00:00,2026-01-06 07:09:08.694381+00:00,548.248,0.1699999999999999,0.16,0.18,0.835,0.83,0.84,,,,
2026-01-06 07:09:09.384000+00:00,2026-01-06 07:09:09.706449+00:00,549.384,0.1699999999999999,0.16,0.18,0.835,0.83,0.84,,,,
2026-01-06 07:09:10.545000+00:00,2026-01-06 07:09:10.711383+00:00,550.545,0.165,0.16,0.17,0.83,0.82,0.84,,,,
2026-01-06 07:09:11.555000+00:00,2026-01-06 07:09:11.730426+00:00,551.555,0.1699999999999999,0.16,0.18,0.825,0.82,0.83,,,,
2026-01-06 07:09:12.601000+00:00,2026-01-06 07:09:12.736676+00:00,552.601,0.175,0.17,0.18,0.825,0.82,0.83,,,,
2026-01-06 07:09:13.608000+00:00,2026-01-06 07:09:13.758788+00:00,553.608,0.185,0.18,0.19,0.815,0.81,0.82,,,,
2026-01-06 07:09:14.504000+00:00,2026-01-06 07:09:14.755950+00:00,554.504,0.19,0.18,0.2,0.81,0.8,0.82,,,,
2026-01-06 07:09:15.584000+00:00,2026-01-06 07:09:15.756208+00:00,555.584,0.195,0.19,0.2,0.805,0.8,0.81,,,,
2026-01-06 07:09:16.623000+00:00,2026-01-06 07:09:16.770030+00:00,556.623,0.19,0.18,0.2,0.815,0.81,0.82,,,,
2026-01-06 07:09:17.474000+00:00,2026-01-06 07:09:17.773910+00:00,557.474,0.185,0.18,0.19,0.815,0.81,0.82,,,,
2026-01-06 07:09:18.644000+00:00,2026-01-06 07:09:18.783282+00:00,558.644,0.18,0.17,0.19,0.8200000000000001,0.81,0.83,,,,
2026-01-06 07:09:19.615000+00:00,2026-01-06 07:09:19.796048+00:00,559.615,0.185,0.18,0.19,0.815,0.81,0.82,,,,
2026-01-06 07:09:20.664000+00:00,2026-01-06 07:09:20.805093+00:00,560.664,0.195,0.19,0.2,0.805,0.8,0.81,,,,
2026-01-06 07:09:21.665000+00:00,2026-01-06 07:09:21.812823+00:00,561.665,0.195,0.19,0.2,0.805,0.8,0.81,,,,
2026-01-06 07:09:22.672000+00:00,2026-01-06 07:09:22.813574+00:00,562.672,0.195,0.19,0.2,0.805,0.8,0.81,,,,
2026-01-06 07:09:23.679000+00:00,2026-01-06 07:09:23.824765+00:00,563.679,0.19,0.18,0.2,0.81,0.8,0.82,,,,
2026-01-06 07:09:24.425000+00:00,2026-01-06 07:09:24.829029+00:00,564.425,0.185,0.18,0.19,0.815,0.81,0.82,,,,
2026-01-06 07:09:25.653000+00:00,2026-01-06 07:09:25.838329+00:00,565.653,0.19,0.18,0.2,0.81,0.8,0.82,,,,
2026-01-06 07:09:26.672000+00:00,2026-01-06 07:09:26.837942+00:00,566.672,0.185,0.18,0.19,0.815,0.81,0.82,,,,
2026-01-06 07:09:27.696000+00:00,2026-01-06 07:09:27.847124+00:00,567.696,0.175,0.17,0.18,0.825,0.82,0.83,,,,
2026-01-06 07:09:28.708000+00:00,2026-01-06 07:09:28.865086+00:00,568.708,0.18,0.17,0.19,0.8200000000000001,0.81,0.83,,,,
2026-01-06 07:09:29.565000+00:00,2026-01-06 07:09:29.874578+00:00,569.565,0.18,0.17,0.19,0.8200000000000001,0.81,0.83,,,,
2026-01-06 07:09:30.695000+00:00,2026-01-06 07:09:30.871048+00:00,570.695,0.175,0.17,0.18,0.825,0.82,0.83,,,,
2026-01-06 07:09:31.716000+00:00,2026-01-06 07:09:31.876662+00:00,571.716,0.175,0.17,0.18,0.825,0.82,0.83,,,,
2026-01-06 07:09:32.368000+00:00,2026-01-06 07:09:32.889175+00:00,572.368,0.175,0.17,0.18,0.825,0.82,0.83,,,,
2026-01-06 07:09:33.710000+00:00,2026-01-06 07:09:33.887265+00:00,573.71,0.175,0.17,0.18,0.825,0.82,0.83,,,,
2026-01-06 07:09:34.737000+00:00,2026-01-06 07:09:34.899407+00:00,574.737,0.1699999999999999,0.16,0.18,0.83,0.82,0.84,,,,
2026-01-06 07:09:35.711000+00:00,2026-01-06 07:09:35.913037+00:00,575.711,0.1699999999999999,0.16,0.18,0.825,0.82,0.83,,,,
2026-01-06 07:09:36.625000+00:00,2026-01-06 07:09:36.913005+00:00,576.625,0.175,0.17,0.18,0.825,0.82,0.83,,,,
2026-01-06 07:09:37.740000+00:00,2026-01-06 07:09:37.924221+00:00,577.74,0.175,0.17,0.18,0.825,0.82,0.83,,,,
2026-01-06 07:09:38.404000+00:00,2026-01-06 07:09:38.919307+00:00,578.404,0.175,0.17,0.18,0.825,0.82,0.83,,,,
2026-01-06 07:09:39.786000+00:00,2026-01-06 07:09:39.936970+00:00,579.786,0.175,0.17,0.18,0.8200000000000001,0.81,0.83,,,,
2026-01-06 07:09:40.797000+00:00,2026-01-06 07:09:40.958756+00:00,580.797,0.185,0.18,0.19,0.815,0.81,0.82,,,,
2026-01-06 07:09:41.654000+00:00,2026-01-06 07:09:41.970411+00:00,581.654,0.185,0.18,0.19,0.815,0.81,0.82,,,,
2026-01-06 07:09:42.655000+00:00,2026-01-06 07:09:42.985650+00:00,582.655,0.18,0.17,0.19,0.8200000000000001,0.81,0.83,,,,
2026-01-06 07:09:43.863000+00:00,2026-01-06 07:09:45.007252+00:00,583.863,0.18,0.17,0.19,0.8200000000000001,0.81,0.83,,,,
2026-01-06 07:09:45.823000+00:00,2026-01-06 07:09:46.021902+00:00,585.823,0.18,0.17,0.19,0.8200000000000001,0.81,0.83,,,,
2026-01-06 07:09:46.814000+00:00,2026-01-06 07:09:47.037811+00:00,586.814,0.18,0.17,0.19,0.8200000000000001,0.81,0.83,,,,
2026-01-06 07:09:47.688000+00:00,2026-01-06 07:09:48.050905+00:00,587.688,0.18,0.17,0.19,0.8200000000000001,0.81,0.83,,,,
2026-01-06 07:09:48.770000+00:00,2026-01-06 07:09:49.054528+00:00,588.77,0.185,0.18,0.19,0.815,0.81,0.82,,,,
2026-01-06 07:09:49.891000+00:00,2026-01-06 07:09:50.057207+00:00,589.891,0.185,0.18,0.19,0.815,0.81,0.82,,,,
2026-01-06 07:09:50.907000+00:00,2026-01-06 07:09:51.062751+00:00,590.907,0.185,0.18,0.19,0.815,0.81,0.82,,,,
2026-01-06 07:09:51.891000+00:00,2026-01-06 07:09:52.070355+00:00,591.891,0.175,0.17,0.18,0.825,0.82,0.83,,,,
2026-01-06 07:09:52.580000+00:00,2026-01-06 07:09:53.071055+00:00,592.58,0.175,0.17,0.18,0.825,0.82,0.83,,,,
2026-01-06 07:09:53.924000+00:00,2026-01-06 07:09:54.070383+00:00,593.924,0.175,0.17,0.18,0.825,0.82,0.83,,,,
2026-01-06 07:09:54.831000+00:00,2026-01-06 07:09:55.075522+00:00,594.831,0.175,0.17,0.18,0.825,0.82,0.83,,,,
2026-01-06 07:09:55.891000+00:00,2026-01-06 07:09:56.076399+00:00,595.891,0.175,0.17,0.18,0.825,0.82,0.83,,,,
2026-01-06 07:09:56.946000+00:00,2026-01-06 07:09:57.088125+00:00,596.946,0.175,0.17,0.18,0.825,0.82,0.83,,,,
2026-01-06 07:09:57.943000+00:00,2026-01-06 07:09:58.104722+00:00,597.943,0.175,0.17,0.18,0.825,0.82,0.83,,,,
2026-01-06 07:09:58.967000+00:00,2026-01-06 07:09:59.114405+00:00,598.967,0.175,0.17,0.18,0.825,0.82,0.83,,,,
2026-01-06 07:09:59.979000+00:00,2026-01-06 07:10:00.127887+00:00,599.979,0.165,0.16,0.17,0.845,0.84,0.85,,,,
2026-01-06 07:10:00.703000+00:00,2026-01-06 07:10:01.119939+00:00,600.703,0.155,0.15,0.16,0.845,0.84,0.85,,,,
2026-01-06 07:10:01.980000+00:00,2026-01-06 07:10:02.120702+00:00,601.98,0.135,0.13,0.14,0.865,0.86,0.87,,,,
2026-01-06 07:10:02.997000+00:00,2026-01-06 07:10:03.136239+00:00,602.997,0.1149999999999999,0.11,0.12,0.885,0.88,0.89,,,,
2026-01-06 07:10:04.011000+00:00,2026-01-06 07:10:04.153396+00:00,604.011,0.1149999999999999,0.11,0.12,0.885,0.88,0.89,,,,
2026-01-06 07:10:05.017000+00:00,2026-01-06 07:10:05.155187+00:00,605.017,0.11,0.1,0.12,0.89,0.88,0.9,,,,
2026-01-06 07:10:06+00:00,2026-01-06 07:10:06.156545+00:00,606.0,0.1149999999999999,0.11,0.12,0.885,0.88,0.89,,,,
2026-01-06 07:10:07.893000+00:00,2026-01-06 07:10:08.180259+00:00,607.893,0.11,0.1,0.12,0.89,0.88,0.9,,,,
2026-01-06 07:10:08.990000+00:00,2026-01-06 07:10:09.183421+00:00,608.99,0.11,0.1,0.12,0.89,0.88,0.9,,,,
2026-01-06 07:10:10.985000+00:00,2026-01-06 07:10:11.201538+00:00,610.985,0.095,0.09,0.1,0.905,0.9,0.91,,,,
2026-01-06 07:10:11.768000+00:00,2026-01-06 07:10:12.201134+00:00,611.768,0.095,0.09,0.1,0.905,0.9,0.91,,,,
2026-01-06 07:10:13.028000+00:00,2026-01-06 07:10:13.219245+00:00,613.028,0.095,0.09,0.1,0.905,0.9,0.91,,,,
2026-01-06 07:10:14.064000+00:00,2026-01-06 07:10:14.226156+00:00,614.064,0.0849999999999999,0.08,0.09,0.915,0.91,0.92,,,,
2026-01-06 07:10:15.972000+00:00,2026-01-06 07:10:16.261581+00:00,615.972,0.09,0.08,0.1,0.91,0.9,0.92,,,,
2026-01-06 07:10:17.126000+00:00,2026-01-06 07:10:17.270926+00:00,617.126,0.0849999999999999,0.08,0.09,0.915,0.91,0.92,,,,
2026-01-06 07:10:18.112000+00:00,2026-01-06 07:10:18.262575+00:00,618.112,0.095,0.09,0.1,0.905,0.9,0.91,,,,
2026-01-06 07:10:19.081000+00:00,2026-01-06 07:10:19.263672+00:00,619.081,0.09,0.08,0.1,0.91,0.9,0.92,,,,
2026-01-06 07:10:20.121000+00:00,2026-01-06 07:10:20.270221+00:00,620.121,0.09,0.08,0.1,0.91,0.9,0.92,,,,
2026-01-06 07:10:21.009000+00:00,2026-01-06 07:10:21.287363+00:00,621.009,0.09,0.08,0.1,0.91,0.9,0.92,,,,
2026-01-06 07:10:22.124000+00:00,2026-01-06 07:10:22.301267+00:00,622.124,0.09,0.08,0.1,0.91,0.9,0.92,,,,
2026-01-06 07:10:23.168000+00:00,2026-01-06 07:10:23.319292+00:00,623.168,0.0849999999999999,0.08,0.09,0.915,0.91,0.92,,,,
2026-01-06 07:10:24.148000+00:00,2026-01-06 07:10:24.316942+00:00,624.148,0.0849999999999999,0.08,0.09,0.91,0.9,0.92,,,,
2026-01-06 07:10:25.164000+00:00,2026-01-06 07:10:25.317396+00:00,625.164,0.09,0.08,0.1,0.91,0.9,0.92,,,,
2026-01-06 07:10:26.007000+00:00,2026-01-06 07:10:26.324659+00:00,626.007,0.09,0.08,0.1,0.91,0.9,0.92,,,,
2026-01-06 07:10:27.191000+00:00,2026-01-06 07:10:27.334899+00:00,627.191,0.0849999999999999,0.08,0.09,0.915,0.91,0.92,,,,
2026-01-06 07:10:28.060000+00:00,2026-01-06 07:10:28.335496+00:00,628.06,0.0849999999999999,0.08,0.09,0.915,0.91,0.92,,,,
2026-01-06 07:10:29.194000+00:00,2026-01-06 07:10:29.349617+00:00,629.194,0.0849999999999999,0.08,0.09,0.91,0.9,0.92,,,,
2026-01-06 07:10:30.081000+00:00,2026-01-06 07:10:30.369156+00:00,630.081,0.0849999999999999,0.08,0.09,0.915,0.91,0.92,,,,
2026-01-06 07:10:31.923000+00:00,2026-01-06 07:10:32.388789+00:00,631.923,0.0849999999999999,0.08,0.09,0.915,0.91,0.92,,,,
2026-01-06 07:10:33.226000+00:00,2026-01-06 07:10:33.388595+00:00,633.226,0.075,0.07,0.08,0.925,0.92,0.93,,,,
2026-01-06 07:10:34.266000+00:00,2026-01-06 07:10:34.404937+00:00,634.266,0.07,0.06,0.08,0.935,0.93,0.94,,,,
2026-01-06 07:10:35.250000+00:00,2026-01-06 07:10:35.412956+00:00,635.25,0.055,0.05,0.06,0.945,0.94,0.95,,,,
2026-01-06 07:10:36.261000+00:00,2026-01-06 07:10:36.418768+00:00,636.261,0.065,0.06,0.07,0.945,0.94,0.95,,,,
2026-01-06 07:10:37.129000+00:00,2026-01-06 07:10:37.423646+00:00,637.129,0.055,0.05,0.06,0.945,0.94,0.95,,,,
2026-01-06 07:10:38.241000+00:00,2026-01-06 07:10:38.444083+00:00,638.241,0.055,0.05,0.06,0.945,0.94,0.95,,,,
2026-01-06 07:10:39.329000+00:00,2026-01-06 07:10:39.461179+00:00,639.329,0.06,0.05,0.07,0.945,0.94,0.95,,,,
2026-01-06 07:10:40.049000+00:00,2026-01-06 07:10:40.469799+00:00,640.049,0.055,0.05,0.06,0.945,0.94,0.95,,,,
2026-01-06 07:10:41.318000+00:00,2026-01-06 07:10:41.468028+00:00,641.318,0.055,0.05,0.06,0.945,0.94,0.95,,,,
2026-01-06 07:10:42.250000+00:00,2026-01-06 07:10:42.468429+00:00,642.25,0.065,0.06,0.07,0.935,0.93,0.94,,,,
2026-01-06 07:10:43.239000+00:00,2026-01-06 07:10:43.487132+00:00,643.239,0.065,0.06,0.07,0.935,0.93,0.94,,,,
2026-01-06 07:10:44.284000+00:00,2026-01-06 07:10:44.492738+00:00,644.284,0.065,0.06,0.07,0.94,0.93,0.95,,,,
2026-01-06 07:10:45.336000+00:00,2026-01-06 07:10:45.484720+00:00,645.336,0.06,0.05,0.07,0.935,0.93,0.94,,,,
2026-01-06 07:10:46.322000+00:00,2026-01-06 07:10:46.495725+00:00,646.322,0.065,0.06,0.07,0.955,0.95,0.96,,,,
2026-01-06 07:10:47.356000+00:00,2026-01-06 07:10:47.501006+00:00,647.356,0.045,0.04,0.05,0.955,0.95,0.96,,,,
2026-01-06 07:10:48.370000+00:00,2026-01-06 07:10:48.517592+00:00,648.37,0.045,0.04,0.05,0.955,0.95,0.96,,,,
2026-01-06 07:10:49.363000+00:00,2026-01-06 07:10:49.510543+00:00,649.363,0.045,0.04,0.05,0.955,0.95,0.96,,,,
2026-01-06 07:10:50.328000+00:00,2026-01-06 07:10:50.519044+00:00,650.328,0.045,0.04,0.05,0.955,0.95,0.96,,,,
2026-01-06 07:10:51.378000+00:00,2026-01-06 07:10:51.525078+00:00,651.378,0.045,0.04,0.05,0.955,0.95,0.96,,,,
2026-01-06 07:10:52.367000+00:00,2026-01-06 07:10:52.535458+00:00,652.367,0.045,0.04,0.05,0.955,0.95,0.96,,,,
2026-01-06 07:10:53.338000+00:00,2026-01-06 07:10:53.556877+00:00,653.338,0.045,0.04,0.05,0.955,0.95,0.96,,,,
2026-01-06 07:10:54.188000+00:00,2026-01-06 07:10:54.569493+00:00,654.188,0.045,0.04,0.05,0.955,0.95,0.96,,,,
2026-01-06 07:10:55.403000+00:00,2026-01-06 07:10:55.574816+00:00,655.403,0.045,0.04,0.05,0.955,0.95,0.96,,,,
2026-01-06 07:10:56.302000+00:00,2026-01-06 07:10:56.585031+00:00,656.302,0.045,0.04,0.05,0.955,0.95,0.96,,,,
2026-01-06 07:10:57.357000+00:00,2026-01-06 07:10:57.606770+00:00,657.357,0.045,0.04,0.05,0.955,0.95,0.96,,,,
2026-01-06 07:10:58.460000+00:00,2026-01-06 07:10:58.619399+00:00,658.46,0.045,0.04,0.05,0.955,0.95,0.96,,,,
2026-01-06 07:10:59.421000+00:00,2026-01-06 07:10:59.635107+00:00,659.421,0.045,0.04,0.05,0.955,0.95,0.96,,,,
2026-01-06 07:11:00.504000+00:00,2026-01-06 07:11:00.656564+00:00,660.504,0.045,0.04,0.05,0.955,0.95,0.96,,,,
2026-01-06 07:11:01.429000+00:00,2026-01-06 07:11:01.659875+00:00,661.429,0.045,0.04,0.05,0.955,0.95,0.96,,,,
2026-01-06 07:11:02.443000+00:00,2026-01-06 07:11:02.667668+00:00,662.443,0.045,0.04,0.05,0.955,0.95,0.96,,,,
2026-01-06 07:11:03.353000+00:00,2026-01-06 07:11:03.668233+00:00,663.353,0.045,0.04,0.05,0.955,0.95,0.96,,,,
2026-01-06 07:11:04.409000+00:00,2026-01-06 07:11:04.677746+00:00,664.409,0.045,0.04,0.05,0.965,0.96,0.97,,,,
2026-01-06 07:11:05.495000+00:00,2026-01-06 07:11:05.690537+00:00,665.495,0.05,0.04,0.06,0.95,0.94,0.96,,,,
2026-01-06 07:11:06.915000+00:00,2026-01-06 07:11:07.718588+00:00,666.915,0.045,0.04,0.05,0.955,0.95,0.96,,,,
2026-01-06 07:11:08.501000+00:00,2026-01-06 07:11:08.734594+00:00,668.501,0.05,0.04,0.06,0.95,0.94,0.96,,,,
2026-01-06 07:11:09.363000+00:00,2026-01-06 07:11:09.734111+00:00,669.363,0.05,0.04,0.06,0.95,0.94,0.96,,,,
2026-01-06 07:11:10.561000+00:00,2026-01-06 07:11:10.727383+00:00,670.561,0.055,0.05,0.06,0.945,0.94,0.95,,,,
2026-01-06 07:11:11.587000+00:00,2026-01-06 07:11:11.739190+00:00,671.587,0.045,0.03,0.06,0.96,0.95,0.97,,,,
2026-01-06 07:11:12.554000+00:00,2026-01-06 07:11:12.742905+00:00,672.554,0.04,0.03,0.05,0.96,0.95,0.97,,,,
2026-01-06 07:11:13.481000+00:00,2026-01-06 07:11:13.742846+00:00,673.481,0.04,0.03,0.05,0.96,0.95,0.97,,,,
2026-01-06 07:11:14.574000+00:00,2026-01-06 07:11:14.749895+00:00,674.574,0.04,0.03,0.05,0.96,0.95,0.97,,,,
2026-01-06 07:11:15.631000+00:00,2026-01-06 07:11:15.750788+00:00,675.631,0.035,0.03,0.04,0.965,0.96,0.97,,,,
2026-01-06 07:11:16.616000+00:00,2026-01-06 07:11:16.768578+00:00,676.616,0.04,0.03,0.05,0.96,0.95,0.97,,,,
2026-01-06 07:11:17.604000+00:00,2026-01-06 07:11:17.785017+00:00,677.604,0.01,,0.01,0.99,0.99,,,,,
2026-01-06 07:11:18.640000+00:00,2026-01-06 07:11:18.783716+00:00,678.64,0.025,0.01,0.04,0.975,0.96,0.99,,,,
2026-01-06 07:11:19.607000+00:00,2026-01-06 07:11:19.783028+00:00,679.607,0.015,0.01,0.02,0.985,0.98,0.99,,,,
2026-01-06 07:11:20.633000+00:00,2026-01-06 07:11:20.784666+00:00,680.633,0.02,0.01,0.03,0.98,0.97,0.99,,,,
2026-01-06 07:11:21.632000+00:00,2026-01-06 07:11:21.801791+00:00,681.632,0.01,,0.01,0.99,0.99,,,,,
2026-01-06 07:11:22.653000+00:00,2026-01-06 07:11:22.817734+00:00,682.653,0.03,,0.03,0.97,0.97,,,,,
2026-01-06 07:11:23.514000+00:00,2026-01-06 07:11:23.818050+00:00,683.514,0.015,0.01,0.02,0.985,0.98,0.99,,,,
2026-01-06 07:11:24.607000+00:00,2026-01-06 07:11:24.828296+00:00,684.607,0.015,0.01,0.02,0.985,0.98,0.99,,,,
2026-01-06 07:11:25.039000+00:00,2026-01-06 07:11:25.829600+00:00,685.039,0.015,0.01,0.02,0.985,0.98,0.99,,,,
2026-01-06 07:11:26.711000+00:00,2026-01-06 07:11:26.850953+00:00,686.711,0.015,0.01,0.02,0.985,0.98,0.99,,,,
2026-01-06 07:11:27.682000+00:00,2026-01-06 07:11:27.865946+00:00,687.682,0.015,0.01,0.02,0.985,0.98,0.99,,,,
2026-01-06 07:11:28.721000+00:00,2026-01-06 07:11:28.867653+00:00,688.721,0.02,,0.02,0.98,0.98,,,,,
2026-01-06 07:11:29.700000+00:00,2026-01-06 07:11:29.872042+00:00,689.7,0.015,0.01,0.02,0.985,0.98,0.99,,,,
2026-01-06 07:11:30.640000+00:00,2026-01-06 07:11:30.884406+00:00,690.64,0.015,0.01,0.02,0.985,0.98,0.99,,,,
2026-01-06 07:11:31.728000+00:00,2026-01-06 07:11:31.888960+00:00,691.728,0.015,0.01,0.02,0.985,0.98,0.99,,,,
2026-01-06 07:11:32.582000+00:00,2026-01-06 07:11:32.902873+00:00,692.582,0.015,0.01,0.02,0.985,0.98,0.99,,,,
2026-01-06 07:11:33.742000+00:00,2026-01-06 07:11:33.902901+00:00,693.742,0.015,0.01,0.02,0.985,0.98,0.99,,,,
2026-01-06 07:11:34.751000+00:00,2026-01-06 07:11:34.908902+00:00,694.751,0.015,0.01,0.02,0.985,0.98,0.99,,,,
2026-01-06 07:11:35.744000+00:00,2026-01-06 07:11:35.915970+00:00,695.744,0.015,0.01,0.02,0.985,0.98,0.99,,,,
2026-01-06 07:11:36.748000+00:00,2026-01-06 07:11:36.924594+00:00,696.748,0.015,0.01,0.02,0.985,0.98,0.99,,,,
2026-01-06 07:11:37.759000+00:00,2026-01-06 07:11:37.927116+00:00,697.759,0.015,0.01,0.02,0.985,0.98,0.99,,,,
2026-01-06 07:11:38.642000+00:00,2026-01-06 07:11:38.939901+00:00,698.642,0.015,0.01,0.02,0.985,0.98,0.99,,,,
2026-01-06 07:11:39.773000+00:00,2026-01-06 07:11:39.932741+00:00,699.773,0.015,0.01,0.02,0.985,0.98,0.99,,,,
2026-01-06 07:11:40.792000+00:00,2026-01-06 07:11:40.937225+00:00,700.792,0.015,0.01,0.02,0.985,0.98,0.99,,,,
2026-01-06 07:11:41.726000+00:00,2026-01-06 07:11:41.949515+00:00,701.726,0.015,0.01,0.02,0.985,0.98,0.99,,,,
2026-01-06 07:11:42.701000+00:00,2026-01-06 07:11:42.959883+00:00,702.701,0.015,0.01,0.02,0.985,0.98,0.99,,,,
2026-01-06 07:11:43.555000+00:00,2026-01-06 07:11:43.976755+00:00,703.555,0.015,0.01,0.02,0.985,0.98,0.99,,,,
2026-01-06 07:11:44.659000+00:00,2026-01-06 07:11:44.989454+00:00,704.659,0.015,0.01,0.02,0.985,0.98,0.99,,,,
2026-01-06 07:11:45.865000+00:00,2026-01-06 07:11:45.999848+00:00,705.865,0.015,0.01,0.02,0.985,0.98,0.99,,,,
2026-01-06 07:11:46.822000+00:00,2026-01-06 07:11:47.008622+00:00,706.822,0.015,0.01,0.02,0.985,0.98,0.99,,,,
2026-01-06 07:11:47.870000+00:00,2026-01-06 07:11:48.017844+00:00,707.87,0.015,0.01,0.02,0.985,0.98,0.99,,,,
2026-01-06 07:11:48.802000+00:00,2026-01-06 07:11:49.016572+00:00,708.802,0.01,,0.01,0.99,0.99,,,,,
2026-01-06 07:11:49.864000+00:00,2026-01-06 07:11:50.026223+00:00,709.864,0.01,,0.01,0.99,0.99,,,,,
2026-01-06 07:11:50.632000+00:00,2026-01-06 07:11:51.031920+00:00,710.632,0.01,,0.01,0.985,0.98,0.99,,,,
2026-01-06 07:11:51.888000+00:00,2026-01-06 07:11:52.042724+00:00,711.888,0.015,0.01,0.02,0.985,0.98,0.99,,,,
2026-01-06 07:11:52.916000+00:00,2026-01-06 07:11:53.061359+00:00,712.916,0.015,0.01,0.02,0.985,0.98,0.99,,,,
2026-01-06 07:11:53.818000+00:00,2026-01-06 07:11:54.087566+00:00,713.818,0.015,0.01,0.02,0.985,0.98,0.99,,,,
2026-01-06 07:11:54.578000+00:00,2026-01-06 07:11:55.098300+00:00,714.578,0.015,0.01,0.02,0.985,0.98,0.99,,,,
2026-01-06 07:11:55.340000+00:00,2026-01-06 07:11:56.108115+00:00,715.34,0.015,0.01,0.02,0.985,0.98,0.99,,,,
2026-01-06 07:11:56.729000+00:00,2026-01-06 07:11:57.133337+00:00,716.729,0.015,0.01,0.02,0.985,0.98,0.99,,,,
2026-01-06 07:11:57.679000+00:00,2026-01-06 07:11:58.150448+00:00,717.679,0.015,0.01,0.02,0.985,0.98,0.99,,,,
2026-01-06 07:11:58.952000+00:00,2026-01-06 07:11:59.149332+00:00,718.952,0.015,0.01,0.02,0.985,0.98,0.99,,,,
2026-01-06 07:11:59.700000+00:00,2026-01-06 07:12:00.147258+00:00,719.7,0.015,0.01,0.02,0.985,0.98,0.99,,,,
2026-01-06 07:12:01.926000+00:00,2026-01-06 07:12:02.180684+00:00,721.926,0.015,0.01,0.02,0.985,0.98,0.99,,,,
2026-01-06 07:12:03.856000+00:00,2026-01-06 07:12:04.180558+00:00,723.856,0.01,,0.01,0.99,0.99,,,,,
2026-01-06 07:12:05.011000+00:00,2026-01-06 07:12:05.180701+00:00,725.011,0.01,,0.01,0.99,0.99,,,,,
2026-01-06 07:12:06.825000+00:00,2026-01-06 07:12:07.211040+00:00,726.825,0.01,,0.01,0.99,0.99,,,,,
2026-01-06 07:12:07.954000+00:00,2026-01-06 07:12:08.212727+00:00,727.954,0.01,,0.01,0.99,0.99,,,,,
2026-01-06 07:12:08.728000+00:00,2026-01-06 07:12:09.213663+00:00,728.728,0.01,,0.01,0.99,0.99,,,,,
2026-01-06 07:12:09.710000+00:00,2026-01-06 07:12:10.215444+00:00,729.71,0.01,,0.01,0.99,0.99,,,,,
2026-01-06 07:12:10.372000+00:00,2026-01-06 07:12:11.230313+00:00,730.372,0.01,,0.01,0.99,0.99,,,,,
2026-01-06 07:12:11.911000+00:00,2026-01-06 07:12:12.233403+00:00,731.911,0.01,,0.01,0.99,0.99,,,,,
2026-01-06 07:12:13.964000+00:00,2026-01-06 07:12:14.270401+00:00,733.964,0.01,,0.01,0.99,0.99,,,,,
2026-01-06 07:12:15.002000+00:00,2026-01-06 07:12:15.286678+00:00,735.002,0.01,,0.01,0.99,0.99,,,,,
2026-01-06 07:12:16.570000+00:00,2026-01-06 07:12:17.283827+00:00,736.57,0.01,,0.01,0.99,0.99,,,,,
2026-01-06 07:12:18.042000+00:00,2026-01-06 07:12:18.295485+00:00,738.042,0.02,,0.02,0.98,0.98,,,,,
2026-01-06 07:12:19.566000+00:00,2026-01-06 07:12:20.308253+00:00,739.566,0.01,,0.01,0.99,0.99,,,,,
2026-01-06 07:12:21.111000+00:00,2026-01-06 07:12:23.325786+00:00,741.111,0.01,,0.01,0.99,0.99,,,,,
2026-01-06 07:12:24.935000+00:00,2026-01-06 07:12:25.357545+00:00,744.935,0.02,,0.02,0.98,0.98,,,,,
2026-01-06 07:12:26.226000+00:00,2026-01-06 07:12:26.370376+00:00,746.226,0.02,,0.02,0.98,0.98,,,,,
2026-01-06 07:12:27.196000+00:00,2026-01-06 07:12:27.363817+00:00,747.196,0.02,,0.02,0.98,0.98,,,,,
2026-01-06 07:12:28.152000+00:00,2026-01-06 07:12:28.382026+00:00,748.152,0.02,,0.02,0.98,0.98,,,,,
2026-01-06 07:12:29.213000+00:00,2026-01-06 07:12:29.398439+00:00,749.213,0.02,,0.02,0.98,0.98,,,,,
2026-01-06 07:12:30.997000+00:00,2026-01-06 07:12:31.403118+00:00,750.997,0.015,0.01,0.02,0.985,0.98,0.99,,,,
2026-01-06 07:12:32.258000+00:00,2026-01-06 07:12:32.414374+00:00,752.258,0.015,0.01,0.02,0.985,0.98,0.99,,,,
2026-01-06 07:12:33.900000+00:00,2026-01-06 07:12:34.404616+00:00,753.9,0.015,0.01,0.02,0.985,0.98,0.99,,,,
2026-01-06 07:12:35.004000+00:00,2026-01-06 07:12:35.406887+00:00,755.004,0.015,0.01,0.02,0.985,0.98,0.99,,,,
2026-01-06 07:12:36.165000+00:00,2026-01-06 07:12:36.424643+00:00,756.165,0.015,0.01,0.02,0.985,0.98,0.99,,,,
2026-01-06 07:12:37.268000+00:00,2026-01-06 07:12:37.421790+00:00,757.268,0.015,0.01,0.02,0.985,0.98,0.99,,,,
2026-01-06 07:12:38.084000+00:00,2026-01-06 07:12:38.430140+00:00,758.084,0.015,0.01,0.02,0.985,0.98,0.99,,,,
2026-01-06 07:12:39.268000+00:00,2026-01-06 07:12:39.447154+00:00,759.268,0.015,0.01,0.02,0.985,0.98,0.99,,,,
2026-01-06 07:12:40.277000+00:00,2026-01-06 07:12:40.456362+00:00,760.277,0.015,0.01,0.02,0.985,0.98,0.99,,,,
2026-01-06 07:12:41.288000+00:00,2026-01-06 07:12:41.457198+00:00,761.288,0.02,,0.02,0.98,0.98,,,,,
2026-01-06 07:12:42.265000+00:00,2026-01-06 07:12:42.470195+00:00,762.265,0.02,,0.02,0.98,0.98,,,,,
2026-01-06 07:12:43+00:00,2026-01-06 07:12:44.493769+00:00,763.0,0.01,,0.01,0.99,0.99,,,,,
2026-01-06 07:12:44.512000+00:00,2026-01-06 07:12:45.489816+00:00,764.512,0.01,,0.01,0.99,0.99,,,,,
2026-01-06 07:12:46.900000+00:00,2026-01-06 07:12:47.504788+00:00,766.9,0.01,,0.01,0.99,0.99,,,,,
2026-01-06 07:12:48.243000+00:00,2026-01-06 07:12:48.503399+00:00,768.243,0.01,,0.01,0.99,0.99,,,,,
2026-01-06 07:12:49.764000+00:00,2026-01-06 07:12:50.532324+00:00,769.764,0.01,,0.01,0.99,0.99,,,,,
2026-01-06 07:12:51.379000+00:00,2026-01-06 07:12:51.539191+00:00,771.379,0.015,0.01,0.02,0.985,0.98,0.99,,,,
2026-01-06 07:12:52.160000+00:00,2026-01-06 07:12:52.547001+00:00,772.16,0.015,0.01,0.02,0.985,0.98,0.99,,,,
2026-01-06 07:12:53.082000+00:00,2026-01-06 07:12:53.540585+00:00,773.082,0.015,0.01,0.02,0.985,0.98,0.99,,,,
2026-01-06 07:12:54.229000+00:00,2026-01-06 07:12:54.555665+00:00,774.229,0.015,0.01,0.02,0.985,0.98,0.99,,,,
2026-01-06 07:12:55.993000+00:00,2026-01-06 07:12:56.552556+00:00,775.993,0.015,0.01,0.02,0.985,0.98,0.99,,,,
2026-01-06 07:12:57.340000+00:00,2026-01-06 07:12:57.574201+00:00,777.34,0.015,0.01,0.02,0.985,0.98,0.99,,,,
2026-01-06 07:12:58.209000+00:00,2026-01-06 07:12:59.578504+00:00,778.209,0.015,0.01,0.02,0.985,0.98,0.99,,,,
2026-01-06 07:13:00.303000+00:00,2026-01-06 07:13:00.586456+00:00,780.303,0.015,0.01,0.02,0.985,0.98,0.99,,,,
2026-01-06 07:13:01.358000+00:00,2026-01-06 07:13:01.580232+00:00,781.358,0.015,0.01,0.02,0.985,0.98,0.99,,,,
2026-01-06 07:13:02.388000+00:00,2026-01-06 07:13:02.585932+00:00,782.388,0.015,0.01,0.02,0.985,0.98,0.99,,,,
2026-01-06 07:13:03.300000+00:00,2026-01-06 07:13:03.588706+00:00,783.3,0.015,0.01,0.02,0.985,0.98,0.99,,,,
2026-01-06 07:13:04.808000+00:00,2026-01-06 07:13:05.601394+00:00,784.808,0.015,0.01,0.02,0.985,0.98,0.99,,,,
2026-01-06 07:13:06.029000+00:00,2026-01-06 07:13:06.601803+00:00,786.029,0.015,0.01,0.02,0.985,0.98,0.99,,,,
2026-01-06 07:13:07.463000+00:00,2026-01-06 07:13:07.615069+00:00,787.463,0.015,0.01,0.02,0.985,0.98,0.99,,,,
2026-01-06 07:13:08.431000+00:00,2026-01-06 07:13:08.628273+00:00,788.431,0.015,0.01,0.02,0.985,0.98,0.99,,,,
2026-01-06 07:13:09.175000+00:00,2026-01-06 07:13:09.635856+00:00,789.175,0.015,0.01,0.02,0.985,0.98,0.99,,,,
2026-01-06 07:13:10.907000+00:00,2026-01-06 07:13:11.652092+00:00,790.907,0.015,0.01,0.02,0.985,0.98,0.99,,,,
2026-01-06 07:13:12.439000+00:00,2026-01-06 07:13:12.657799+00:00,792.439,0.015,0.01,0.02,0.985,0.98,0.99,,,,
2026-01-06 07:13:13.513000+00:00,2026-01-06 07:13:13.677807+00:00,793.513,0.015,0.01,0.02,0.985,0.98,0.99,,,,
2026-01-06 07:13:14.535000+00:00,2026-01-06 07:13:14.685959+00:00,794.535,0.015,0.01,0.02,0.985,0.98,0.99,,,,
2026-01-06 07:13:15.546000+00:00,2026-01-06 07:13:15.695973+00:00,795.546,0.015,0.01,0.02,0.985,0.98,0.99,,,,
2026-01-06 07:13:16.302000+00:00,2026-01-06 07:13:16.694718+00:00,796.302,0.015,0.01,0.02,0.985,0.98,0.99,,,,
2026-01-06 07:13:17.328000+00:00,2026-01-06 07:13:17.692858+00:00,797.328,0.015,0.01,0.02,0.985,0.98,0.99,,,,
2026-01-06 07:13:18.338000+00:00,2026-01-06 07:13:19.710133+00:00,798.338,0.015,0.01,0.02,0.985,0.98,0.99,,,,
2026-01-06 07:13:20.923000+00:00,2026-01-06 07:13:21.714709+00:00,800.923,0.015,0.01,0.02,0.985,0.98,0.99,,,,
2026-01-06 07:13:21.978000+00:00,2026-01-06 07:13:22.725678+00:00,801.978,0.015,0.01,0.02,0.985,0.98,0.99,,,,
2026-01-06 07:13:22.822000+00:00,2026-01-06 07:13:23.730521+00:00,802.822,0.015,0.01,0.02,0.985,0.98,0.99,,,,
2026-01-06 07:13:24.208000+00:00,2026-01-06 07:13:24.744186+00:00,804.208,0.015,0.01,0.02,0.985,0.98,0.99,,,,
2026-01-06 07:13:25.380000+00:00,2026-01-06 07:13:26.762213+00:00,805.38,0.015,0.01,0.02,0.985,0.98,0.99,,,,
2026-01-06 07:13:27.536000+00:00,2026-01-06 07:13:27.774765+00:00,807.536,0.015,0.01,0.02,0.985,0.98,0.99,,,,
2026-01-06 07:13:28.124000+00:00,2026-01-06 07:13:28.779576+00:00,808.124,0.015,0.01,0.02,0.985,0.98,0.99,,,,
2026-01-06 07:13:29.597000+00:00,2026-01-06 07:13:29.797039+00:00,809.597,0.015,0.01,0.02,0.985,0.98,0.99,,,,
2026-01-06 07:13:30.582000+00:00,2026-01-06 07:13:30.812559+00:00,810.582,0.015,0.01,0.02,0.985,0.98,0.99,,,,
2026-01-06 07:13:31.788000+00:00,2026-01-06 07:13:32.823143+00:00,811.788,0.015,0.01,0.02,0.985,0.98,0.99,,,,
2026-01-06 07:13:33.011000+00:00,2026-01-06 07:13:33.822339+00:00,813.011,0.015,0.01,0.02,0.985,0.98,0.99,,,,
2026-01-06 07:13:34.512000+00:00,2026-01-06 07:13:34.828037+00:00,814.512,0.01,,0.01,0.99,0.99,,,,,
2026-01-06 07:13:35.621000+00:00,2026-01-06 07:13:35.836648+00:00,815.621,0.01,,0.01,0.99,0.99,,,,,
2026-01-06 07:13:36.702000+00:00,2026-01-06 07:13:36.842105+00:00,816.702,0.01,,0.01,0.99,0.99,,,,,
2026-01-06 07:13:37.331000+00:00,2026-01-06 07:13:37.855149+00:00,817.331,0.01,,0.01,0.99,0.99,,,,,
2026-01-06 07:13:38.424000+00:00,2026-01-06 07:13:38.861813+00:00,818.424,0.01,,0.01,0.99,0.99,,,,,
2026-01-06 07:13:39.557000+00:00,2026-01-06 07:13:40.861113+00:00,819.557,0.01,,0.01,0.99,0.99,,,,,
2026-01-06 07:13:41.723000+00:00,2026-01-06 07:13:41.868751+00:00,821.723,0.01,,0.01,0.99,0.99,,,,,
2026-01-06 07:13:42.598000+00:00,2026-01-06 07:13:42.872345+00:00,822.598,0.01,,0.01,0.99,0.99,,,,,
2026-01-06 07:13:43.588000+00:00,2026-01-06 07:13:43.883862+00:00,823.588,0.01,,0.01,0.99,0.99,,,,,
2026-01-06 07:13:44.452000+00:00,2026-01-06 07:13:44.884652+00:00,824.452,0.01,,0.01,0.99,0.99,,,,,
2026-01-06 07:13:45.372000+00:00,2026-01-06 07:13:45.874309+00:00,825.372,0.01,,0.01,0.99,0.99,,,,,
2026-01-06 07:13:46.694000+00:00,2026-01-06 07:13:46.872264+00:00,826.694,0.01,,0.01,0.99,0.99,,,,,
2026-01-06 07:13:47.297000+00:00,2026-01-06 07:13:47.884801+00:00,827.297,0.01,,0.01,0.99,0.99,,,,,
2026-01-06 07:13:48.979000+00:00,2026-01-06 07:13:49.878463+00:00,828.979,0.01,,0.01,0.99,0.99,,,,,
2026-01-06 07:13:50.596000+00:00,2026-01-06 07:13:51.913643+00:00,830.596,0.01,,0.01,0.99,0.99,,,,,
2026-01-06 07:13:52.244000+00:00,2026-01-06 07:13:52.928367+00:00,832.244,0.01,,0.01,0.99,0.99,,,,,
2026-01-06 07:13:53.611000+00:00,2026-01-06 07:13:54.949619+00:00,833.611,0.01,,0.01,0.99,0.99,,,,,
2026-01-06 07:13:55.493000+00:00,2026-01-06 07:13:55.953336+00:00,835.493,0.01,,0.01,0.99,0.99,,,,,
2026-01-06 07:13:56.467000+00:00,2026-01-06 07:13:56.952939+00:00,836.467,0.01,,0.01,0.99,0.99,,,,,
2026-01-06 07:13:57.258000+00:00,2026-01-06 07:13:57.950396+00:00,837.258,0.01,,0.01,0.99,0.99,,,,,
2026-01-06 07:13:58.569000+00:00,2026-01-06 07:13:59.967745+00:00,838.569,0.01,,0.01,0.99,0.99,,,,,
2026-01-06 07:14:01.862000+00:00,2026-01-06 07:14:02.996514+00:00,841.862,0.01,,0.01,0.99,0.99,,,,,
2026-01-06 07:14:03.412000+00:00,2026-01-06 07:14:05.026173+00:00,843.412,0.01,,0.01,0.99,0.99,,,,,
2026-01-06 07:14:05.101000+00:00,2026-01-06 07:14:06.027098+00:00,845.101,0.01,,0.01,0.99,0.99,,,,,
2026-01-06 07:14:06.295000+00:00,2026-01-06 07:14:07.033199+00:00,846.295,0.01,,0.01,0.99,0.99,,,,,
2026-01-06 07:14:07.088000+00:00,2026-01-06 07:14:09.066726+00:00,847.088,0.01,,0.01,0.99,0.99,,,,,
2026-01-06 07:14:09.673000+00:00,2026-01-06 07:14:10.077310+00:00,849.673,0.01,,0.01,0.99,0.99,,,,,
2026-01-06 07:14:10.159000+00:00,2026-01-06 07:14:11.075983+00:00,850.159,0.01,,0.01,0.99,0.99,,,,,
2026-01-06 07:14:11.270000+00:00,2026-01-06 07:14:12.079950+00:00,851.27,0.01,,0.01,0.99,0.99,,,,,
2026-01-06 07:14:12.131000+00:00,2026-01-06 07:14:13.079491+00:00,852.131,0.01,,0.01,0.99,0.99,,,,,
2026-01-06 07:14:13.667000+00:00,2026-01-06 07:14:14.079365+00:00,853.667,0.01,,0.01,0.99,0.99,,,,,
2026-01-06 07:14:14.869000+00:00,2026-01-06 07:14:16.092479+00:00,854.869,0.01,,0.01,0.99,0.99,,,,,
2026-01-06 07:14:16.858000+00:00,2026-01-06 07:14:17.100327+00:00,856.858,0.01,,0.01,0.99,0.99,,,,,
2026-01-06 07:14:17.377000+00:00,2026-01-06 07:14:18.108927+00:00,857.377,0.01,,0.01,0.99,0.99,,,,,
2026-01-06 07:14:18.555000+00:00,2026-01-06 07:14:19.109627+00:00,858.555,0.01,,0.01,0.99,0.99,,,,,
2026-01-06 07:14:19.953000+00:00,2026-01-06 07:14:20.109811+00:00,859.953,0.01,,0.01,0.99,0.99,,,,,
2026-01-06 07:14:20.681000+00:00,2026-01-06 07:14:21.098177+00:00,860.681,0.01,,0.01,0.99,0.99,,,,,
2026-01-06 07:14:21.706000+00:00,2026-01-06 07:14:22.097109+00:00,861.706,0.01,,0.01,0.99,0.99,,,,,
2026-01-06 07:14:22.811000+00:00,2026-01-06 07:14:23.110577+00:00,862.811,0.01,,0.01,0.99,0.99,,,,,
2026-01-06 07:14:23.657000+00:00,2026-01-06 07:14:24.126491+00:00,863.657,0.01,,0.01,0.99,0.99,,,,,
2026-01-06 07:14:24.551000+00:00,2026-01-06 07:14:25.142685+00:00,864.551,0.01,,0.01,0.99,0.99,,,,,
2026-01-06 07:14:25.976000+00:00,2026-01-06 07:14:26.143185+00:00,865.976,0.01,,0.01,0.99,0.99,,,,,
2026-01-06 07:14:26.482000+00:00,2026-01-06 07:14:27.158264+00:00,866.482,0.01,,0.01,0.99,0.99,,,,,
2026-01-06 07:14:27.504000+00:00,2026-01-06 07:14:28.158001+00:00,867.504,0.01,,0.01,0.99,0.99,,,,,
2026-01-06 07:14:28.382000+00:00,2026-01-06 07:14:29.180540+00:00,868.382,0.01,,0.01,0.99,0.99,,,,,
2026-01-06 07:14:29.458000+00:00,2026-01-06 07:14:30.196190+00:00,869.458,0.01,,0.01,0.99,0.99,,,,,
2026-01-06 07:14:30.806000+00:00,2026-01-06 07:14:31.207323+00:00,870.806,0.01,,0.01,0.99,0.99,,,,,
2026-01-06 07:14:31.543000+00:00,2026-01-06 07:14:32.215974+00:00,871.543,0.01,,0.01,0.99,0.99,,,,,
2026-01-06 07:14:32.607000+00:00,2026-01-06 07:14:33.225543+00:00,872.607,0.01,,0.01,0.99,0.99,,,,,
2026-01-06 07:14:33.969000+00:00,2026-01-06 07:14:34.242819+00:00,873.969,0.01,,0.01,0.99,0.99,,,,,
2026-01-06 07:14:35.554000+00:00,2026-01-06 07:14:36.278248+00:00,875.554,0.01,,0.01,0.99,0.99,,,,,
2026-01-06 07:14:36.866000+00:00,2026-01-06 07:14:37.296710+00:00,876.866,0.01,,0.01,0.99,0.99,,,,,
2026-01-06 07:14:38.087000+00:00,2026-01-06 07:14:39.310151+00:00,878.087,0.01,,0.01,0.99,0.99,,,,,
2026-01-06 07:14:39.843000+00:00,2026-01-06 07:14:41.335831+00:00,879.843,0.01,,0.01,0.99,0.99,,,,,
2026-01-06 07:14:41.654000+00:00,2026-01-06 07:14:42.338073+00:00,881.654,0.01,,0.01,0.99,0.99,,,,,
2026-01-06 07:14:43.266000+00:00,2026-01-06 07:14:44.350966+00:00,883.266,0.01,,0.01,0.99,0.99,,,,,
2026-01-06 07:14:44.760000+00:00,2026-01-06 07:14:45.352213+00:00,884.76,0.01,,0.01,0.99,0.99,,,,,
2026-01-06 07:14:45.652000+00:00,2026-01-06 07:14:46.357804+00:00,885.652,0.01,,0.01,0.99,0.99,,,,,
2026-01-06 07:14:46.880000+00:00,2026-01-06 07:14:47.361078+00:00,886.88,0.01,,0.01,0.99,0.99,,,,,
2026-01-06 07:14:48.062000+00:00,2026-01-06 07:14:49.384898+00:00,888.062,0.01,,0.01,0.99,0.99,,,,,
2026-01-06 07:14:49.416000+00:00,2026-01-06 07:14:50.392142+00:00,889.416,0.01,,0.01,0.99,0.99,,,,,
2026-01-06 07:14:51.208000+00:00,2026-01-06 07:14:51.400254+00:00,891.208,0.01,,0.01,0.99,0.99,,,,,
2026-01-06 07:14:52.966000+00:00,2026-01-06 07:14:53.399405+00:00,892.966,0.01,,0.01,0.99,0.99,,,,,
2026-01-06 07:14:54.287000+00:00,2026-01-06 07:14:54.398476+00:00,894.287,0.01,,0.01,0.99,0.99,,,,,
2026-01-06 07:14:55.068000+00:00,2026-01-06 07:14:55.403007+00:00,895.068,0.01,,0.01,0.99,0.99,,,,,
2026-01-06 07:14:56.020000+00:00,2026-01-06 07:14:56.420265+00:00,896.02,0.01,,0.01,0.99,0.99,,,,,
2026-01-06 07:14:57.954000+00:00,2026-01-06 07:14:58.447331+00:00,897.954,0.01,,0.01,0.99,0.99,,,,,
2026-01-06 07:14:58.819000+00:00,2026-01-06 07:14:59.459054+00:00,898.819,0.01,,0.01,0.99,0.99,,,,,
