timestamp,collected_at,seconds,up_mid,up_best_bid,up_best_ask,down_mid,down_best_bid,down_best_ask,up_best_bid_size,up_best_ask_size,down_best_bid_size,down_best_ask_size,up_bid_2,up_bid_2_size,up_ask_2,up_ask_2_size,down_bid_2,down_bid_2_size,down_ask_2,down_ask_2_size
2026-01-06 16:30:00.472835+00:00,2026-01-06 16:30:00.472835+00:00,0.472835,0.01,,0.01,0.99,0.99,,,27910.84,27909.57,,,,0.02,1172.99,0.98,1172.99,,
2026-01-06 16:30:01.508911+00:00,2026-01-06 16:30:01.508911+00:00,1.508911,0.01,,0.01,0.99,0.99,,,27910.84,27909.57,,,,0.02,1172.99,0.98,1172.99,,
2026-01-06 16:30:02.510537+00:00,2026-01-06 16:30:02.510537+00:00,2.510537,0.01,,0.01,0.99,0.99,,,27910.84,27909.57,,,,0.02,1172.99,0.98,1172.99,,
2026-01-06 16:30:03.537772+00:00,2026-01-06 16:30:03.537772+00:00,3.537772,0.01,,0.01,0.99,0.99,,,27910.84,27909.57,,,,0.02,1172.99,0.98,1172.99,,
2026-01-06 16:30:04.523745+00:00,2026-01-06 16:30:04.523745+00:00,4.523745,0.01,,0.01,0.99,0.99,,,27910.84,27909.57,,,,0.02,1172.99,0.98,1172.99,,
2026-01-06 16:30:05.546910+00:00,2026-01-06 16:30:05.546910+00:00,5.54691,0.01,,0.01,0.99,0.99,,,27910.84,27909.57,,,,0.02,1172.99,0.98,1172.99,,
2026-01-06 16:30:06.627864+00:00,2026-01-06 16:30:06.627864+00:00,6.627864,0.01,,0.01,0.99,0.99,,,27910.84,27909.57,,,,0.02,1172.99,0.98,1172.99,,
2026-01-06 16:30:07.522585+00:00,2026-01-06 16:30:07.522585+00:00,7.522585,0.01,,0.01,0.99,0.99,,,27910.84,27909.57,,,,0.02,1172.99,0.98,1172.99,,
2026-01-06 16:30:08.495659+00:00,2026-01-06 16:30:08.495659+00:00,8.495659,0.01,,0.01,0.99,0.99,,,27910.84,27909.57,,,,0.02,1172.99,0.98,1172.99,,
2026-01-06 16:30:09.527190+00:00,2026-01-06 16:30:09.527190+00:00,9.52719,0.01,,0.01,0.99,0.99,,,27910.84,27909.57,,,,0.02,1172.99,0.98,1172.99,,
2026-01-06 16:30:10.558293+00:00,2026-01-06 16:30:10.558293+00:00,10.558293,0.01,,0.01,0.99,0.99,,,27910.84,27909.57,,,,0.02,1172.99,0.98,1172.99,,
2026-01-06 16:30:11.578687+00:00,2026-01-06 16:30:11.578687+00:00,11.578687,0.01,,0.01,0.99,0.99,,,27910.84,27909.57,,,,0.02,1172.99,0.98,1172.99,,
2026-01-06 16:30:12.604217+00:00,2026-01-06 16:30:12.604217+00:00,12.604217,0.01,,0.01,0.99,0.99,,,27910.84,27909.57,,,,0.02,1172.99,0.98,1172.99,,
2026-01-06 16:30:13.584355+00:00,2026-01-06 16:30:13.584355+00:00,13.584355,0.01,,0.01,0.99,0.99,,,27910.84,27909.57,,,,0.02,1172.99,0.98,1172.99,,
2026-01-06 16:30:14.574705+00:00,2026-01-06 16:30:14.574705+00:00,14.574705,0.01,,0.01,0.99,0.99,,,27910.84,27909.57,,,,0.02,1172.99,0.98,1172.99,,
2026-01-06 16:30:15.616094+00:00,2026-01-06 16:30:15.616094+00:00,15.616094,0.01,,0.01,0.99,0.99,,,27910.84,27909.57,,,,0.02,1172.99,0.98,1172.99,,
2026-01-06 16:30:16.620519+00:00,2026-01-06 16:30:16.620519+00:00,16.620519,0.01,,0.01,0.99,0.99,,,27910.84,27909.57,,,,0.02,1172.99,0.98,1172.99,,
2026-01-06 16:30:17.623773+00:00,2026-01-06 16:30:17.623773+00:00,17.623773,0.01,,0.01,0.99,0.99,,,27910.84,27909.57,,,,0.02,1172.99,0.98,1172.99,,
2026-01-06 16:30:18.670765+00:00,2026-01-06 16:30:18.670765+00:00,18.670765,0.01,,0.01,0.99,0.99,,,27910.84,27909.57,,,,0.02,1172.99,0.98,1172.99,,
2026-01-06 16:30:19.767104+00:00,2026-01-06 16:30:19.767104+00:00,19.767104,0.01,,0.01,0.99,0.99,,,27910.84,27909.57,,,,0.02,1172.99,0.98,1172.99,,
2026-01-06 16:30:20.687034+00:00,2026-01-06 16:30:20.687034+00:00,20.687034,0.01,,0.01,0.99,0.99,,,27910.84,27909.57,,,,0.02,1172.99,0.98,1172.99,,
2026-01-06 16:30:21.684617+00:00,2026-01-06 16:30:21.684617+00:00,21.684617,0.01,,0.01,0.99,0.99,,,27910.84,27909.57,,,,0.02,1172.99,0.98,1172.99,,
2026-01-06 16:30:22.737741+00:00,2026-01-06 16:30:22.737741+00:00,22.737741,0.01,,0.01,0.99,0.99,,,27910.84,27909.57,,,,0.02,1172.99,0.98,1172.99,,
2026-01-06 16:30:23.743038+00:00,2026-01-06 16:30:23.743038+00:00,23.743038,0.01,,0.01,0.99,0.99,,,27910.84,27909.57,,,,0.02,1172.99,0.98,1172.99,,
2026-01-06 16:30:24.755657+00:00,2026-01-06 16:30:24.755657+00:00,24.755657,0.01,,0.01,0.99,0.99,,,27910.84,27909.57,,,,0.02,1172.99,0.98,1172.99,,
2026-01-06 16:30:25.819585+00:00,2026-01-06 16:30:25.819585+00:00,25.819585,0.01,,0.01,0.99,0.99,,,27910.84,27909.57,,,,0.02,1172.99,0.98,1172.99,,
2026-01-06 16:30:26.791510+00:00,2026-01-06 16:30:26.791510+00:00,26.79151,0.01,,0.01,0.99,0.99,,,27910.84,27909.57,,,,0.02,1172.99,0.98,1172.99,,
2026-01-06 16:30:27.736392+00:00,2026-01-06 16:30:27.736392+00:00,27.736392,0.01,,0.01,0.99,0.99,,,27910.84,27909.57,,,,0.02,1172.99,0.98,1172.99,,
2026-01-06 16:30:28.722852+00:00,2026-01-06 16:30:28.722852+00:00,28.722852,0.01,,0.01,0.99,0.99,,,27910.84,27909.57,,,,0.02,1172.99,0.98,1172.99,,
2026-01-06 16:30:29.742154+00:00,2026-01-06 16:30:29.742154+00:00,29.742154,0.01,,0.01,0.99,0.99,,,27910.84,27909.57,,,,0.02,1172.99,0.98,1172.99,,
2026-01-06 16:30:30.770130+00:00,2026-01-06 16:30:30.770130+00:00,30.77013,0.01,,0.01,0.99,0.99,,,27910.84,27909.57,,,,0.02,1172.99,0.98,1172.99,,
2026-01-06 16:30:31.774457+00:00,2026-01-06 16:30:31.774457+00:00,31.774457,0.01,,0.01,0.99,0.99,,,27910.84,27909.57,,,,0.02,1172.99,0.98,1172.99,,
2026-01-06 16:30:32.870213+00:00,2026-01-06 16:30:32.870213+00:00,32.870213,0.01,,0.01,0.99,0.99,,,27910.84,27909.57,,,,0.02,1172.99,0.98,1172.99,,
2026-01-06 16:30:33.805795+00:00,2026-01-06 16:30:33.805795+00:00,33.805795,0.01,,0.01,0.99,0.99,,,27910.84,27909.57,,,,0.02,1172.99,0.98,1172.99,,
2026-01-06 16:30:34.747270+00:00,2026-01-06 16:30:34.747270+00:00,34.74727,0.01,,0.01,0.99,0.99,,,27910.84,27909.57,,,,0.02,1172.99,0.98,1172.99,,
2026-01-06 16:30:35.789092+00:00,2026-01-06 16:30:35.789092+00:00,35.789092,0.01,,0.01,0.99,0.99,,,27910.84,27909.57,,,,0.02,1172.99,0.98,1172.99,,
2026-01-06 16:30:36.750516+00:00,2026-01-06 16:30:36.750516+00:00,36.750516,0.01,,0.01,0.99,0.99,,,27910.84,27909.57,,,,0.02,1172.99,0.98,1172.99,,
2026-01-06 16:30:37.752334+00:00,2026-01-06 16:30:37.752334+00:00,37.752334,0.01,,0.01,0.99,0.99,,,27910.84,27909.57,,,,0.02,1172.99,0.98,1172.99,,
2026-01-06 16:30:38.744429+00:00,2026-01-06 16:30:38.744429+00:00,38.744429,0.01,,0.01,0.99,0.99,,,27910.84,27909.57,,,,0.02,1172.99,0.98,1172.99,,
2026-01-06 16:30:39.761087+00:00,2026-01-06 16:30:39.761087+00:00,39.761087,0.01,,0.01,0.99,0.99,,,27910.84,27909.57,,,,0.02,1172.99,0.98,1172.99,,
2026-01-06 16:30:40.762014+00:00,2026-01-06 16:30:40.762014+00:00,40.762014,0.01,,0.01,0.99,0.99,,,27910.84,27909.57,,,,0.02,1172.99,0.98,1172.99,,
2026-01-06 16:30:41.821570+00:00,2026-01-06 16:30:41.821570+00:00,41.82157,0.01,,0.01,0.99,0.99,,,27910.84,27909.57,,,,0.02,1172.99,0.98,1172.99,,
2026-01-06 16:30:42.786419+00:00,2026-01-06 16:30:42.786419+00:00,42.786419,0.01,,0.01,0.99,0.99,,,27910.84,27909.57,,,,0.02,1172.99,0.98,1172.99,,
2026-01-06 16:30:43.822415+00:00,2026-01-06 16:30:43.822415+00:00,43.822415,0.01,,0.01,0.99,0.99,,,27910.84,27909.57,,,,0.02,1172.99,0.98,1172.99,,
2026-01-06 16:30:44.822121+00:00,2026-01-06 16:30:44.822121+00:00,44.822121,0.01,,0.01,0.99,0.99,,,27910.84,27909.57,,,,0.02,1172.99,0.98,1172.99,,
2026-01-06 16:30:45.825024+00:00,2026-01-06 16:30:45.825024+00:00,45.825024,0.01,,0.01,0.99,0.99,,,27910.84,27909.57,,,,0.02,1172.99,0.98,1172.99,,
2026-01-06 16:30:46.850042+00:00,2026-01-06 16:30:46.850042+00:00,46.850042,0.01,,0.01,0.99,0.99,,,27910.84,27909.57,,,,0.02,1172.99,0.98,1172.99,,
2026-01-06 16:30:47.831025+00:00,2026-01-06 16:30:47.831025+00:00,47.831025,0.01,,0.01,0.99,0.99,,,27910.84,27909.57,,,,0.02,1172.99,0.98,1172.99,,
2026-01-06 16:30:48.858990+00:00,2026-01-06 16:30:48.858990+00:00,48.85899,0.01,,0.01,0.99,0.99,,,27910.84,27909.57,,,,0.02,1172.99,0.98,1172.99,,
2026-01-06 16:30:49.872868+00:00,2026-01-06 16:30:49.872868+00:00,49.872868,0.01,,0.01,0.99,0.99,,,27910.84,27909.57,,,,0.02,1172.99,0.98,1172.99,,
2026-01-06 16:30:50.869301+00:00,2026-01-06 16:30:50.869301+00:00,50.869301,0.01,,0.01,0.99,0.99,,,27910.84,27909.57,,,,0.02,1172.99,0.98,1172.99,,
2026-01-06 16:30:51.885573+00:00,2026-01-06 16:30:51.885573+00:00,51.885573,0.01,,0.01,0.99,0.99,,,27910.84,27909.57,,,,0.02,1172.99,0.98,1172.99,,
2026-01-06 16:30:52.890188+00:00,2026-01-06 16:30:52.890188+00:00,52.890188,0.01,,0.01,0.99,0.99,,,27910.84,27909.57,,,,0.02,1172.99,0.98,1172.99,,
2026-01-06 16:30:53.883667+00:00,2026-01-06 16:30:53.883667+00:00,53.883667,0.01,,0.01,0.99,0.99,,,27910.84,27909.57,,,,0.02,1172.99,0.98,1172.99,,
2026-01-06 16:30:54.885807+00:00,2026-01-06 16:30:54.885807+00:00,54.885807,0.01,,0.01,0.99,0.99,,,27910.84,27909.57,,,,0.02,1172.99,0.98,1172.99,,
2026-01-06 16:30:55.899318+00:00,2026-01-06 16:30:55.899318+00:00,55.899318,0.01,,0.01,0.99,0.99,,,27910.84,27909.57,,,,0.02,1172.99,0.98,1172.99,,
2026-01-06 16:30:56.892128+00:00,2026-01-06 16:30:56.892128+00:00,56.892128,0.01,,0.01,0.99,0.99,,,27910.84,27909.57,,,,0.02,1172.99,0.98,1172.99,,
2026-01-06 16:30:57.905011+00:00,2026-01-06 16:30:57.905011+00:00,57.905011,0.01,,0.01,0.99,0.99,,,27910.84,27909.57,,,,0.02,1172.99,0.98,1172.99,,
2026-01-06 16:30:58.928410+00:00,2026-01-06 16:30:58.928410+00:00,58.92841,0.01,,0.01,0.99,0.99,,,27910.84,27909.57,,,,0.02,1172.99,0.98,1172.99,,
2026-01-06 16:30:59.931535+00:00,2026-01-06 16:30:59.931535+00:00,59.931535,0.01,,0.01,0.99,0.99,,,27910.84,27909.57,,,,0.02,1172.99,0.98,1172.99,,
2026-01-06 16:31:00.912102+00:00,2026-01-06 16:31:00.912102+00:00,60.912102,0.01,,0.01,0.99,0.99,,,27910.84,27909.57,,,,0.02,1172.99,0.98,1172.99,,
2026-01-06 16:31:01.926693+00:00,2026-01-06 16:31:01.926693+00:00,61.926693,0.01,,0.01,0.99,0.99,,,27910.84,27909.57,,,,0.02,1172.99,0.98,1172.99,,
2026-01-06 16:31:03.015752+00:00,2026-01-06 16:31:03.015752+00:00,63.015752,0.01,,0.01,0.99,0.99,,,27910.84,27909.57,,,,0.02,1172.99,0.98,1172.99,,
2026-01-06 16:31:03.948136+00:00,2026-01-06 16:31:03.948136+00:00,63.948136,0.01,,0.01,0.99,0.99,,,27910.84,27909.57,,,,0.02,1172.99,0.98,1172.99,,
2026-01-06 16:31:04.970388+00:00,2026-01-06 16:31:04.970388+00:00,64.970388,0.01,,0.01,0.99,0.99,,,27910.84,27909.57,,,,0.02,1172.99,0.98,1172.99,,
2026-01-06 16:31:05.969014+00:00,2026-01-06 16:31:05.969014+00:00,65.969014,0.01,,0.01,0.99,0.99,,,27910.84,27909.57,,,,0.02,1172.99,0.98,1172.99,,
2026-01-06 16:31:06.986203+00:00,2026-01-06 16:31:06.986203+00:00,66.986203,0.01,,0.01,0.99,0.99,,,27910.84,27909.57,,,,0.02,1172.99,0.98,1172.99,,
2026-01-06 16:31:08.024188+00:00,2026-01-06 16:31:08.024188+00:00,68.024188,0.01,,0.01,0.99,0.99,,,27910.84,27909.57,,,,0.02,1172.99,0.98,1172.99,,
2026-01-06 16:31:09.000654+00:00,2026-01-06 16:31:09.000654+00:00,69.000654,0.01,,0.01,0.99,0.99,,,27910.84,27909.57,,,,0.02,1172.99,0.98,1172.99,,
2026-01-06 16:31:10.007903+00:00,2026-01-06 16:31:10.007903+00:00,70.007903,0.01,,0.01,0.99,0.99,,,27910.84,27909.57,,,,0.02,1172.99,0.98,1172.99,,
2026-01-06 16:31:11.033763+00:00,2026-01-06 16:31:11.033763+00:00,71.033763,0.01,,0.01,0.99,0.99,,,27910.84,27909.57,,,,0.02,1172.99,0.98,1172.99,,
2026-01-06 16:31:12.036024+00:00,2026-01-06 16:31:12.036024+00:00,72.036024,0.01,,0.01,0.99,0.99,,,27910.84,27909.57,,,,0.02,1172.99,0.98,1172.99,,
2026-01-06 16:31:13.067910+00:00,2026-01-06 16:31:13.067910+00:00,73.06791,0.01,,0.01,0.99,0.99,,,27910.84,27909.57,,,,0.02,1172.99,0.98,1172.99,,
2026-01-06 16:31:14.096193+00:00,2026-01-06 16:31:14.096193+00:00,74.096193,0.01,,0.01,0.99,0.99,,,27910.84,27909.57,,,,0.02,1172.99,0.98,1172.99,,
2026-01-06 16:31:15.075594+00:00,2026-01-06 16:31:15.075594+00:00,75.075594,0.01,,0.01,0.99,0.99,,,27910.84,27909.57,,,,0.02,1172.99,0.98,1172.99,,
2026-01-06 16:31:16.132699+00:00,2026-01-06 16:31:16.132699+00:00,76.132699,0.01,,0.01,0.99,0.99,,,27910.84,27909.57,,,,0.02,1172.99,0.98,1172.99,,
2026-01-06 16:31:17.095900+00:00,2026-01-06 16:31:17.095900+00:00,77.0959,0.01,,0.01,0.99,0.99,,,27910.84,27909.57,,,,0.02,1172.99,0.98,1172.99,,
2026-01-06 16:31:18.088163+00:00,2026-01-06 16:31:18.088163+00:00,78.088163,0.01,,0.01,0.99,0.99,,,27910.84,27909.57,,,,0.02,1172.99,0.98,1172.99,,
2026-01-06 16:31:19.111526+00:00,2026-01-06 16:31:19.111526+00:00,79.111526,0.01,,0.01,0.99,0.99,,,27910.84,27909.57,,,,0.02,1172.99,0.98,1172.99,,
2026-01-06 16:31:20.101262+00:00,2026-01-06 16:31:20.101262+00:00,80.101262,0.01,,0.01,0.99,0.99,,,27910.84,27909.57,,,,0.02,1172.99,0.98,1172.99,,
2026-01-06 16:31:21.108468+00:00,2026-01-06 16:31:21.108468+00:00,81.108468,0.01,,0.01,0.99,0.99,,,27910.84,27909.57,,,,0.02,1172.99,0.98,1172.99,,
2026-01-06 16:31:22.110488+00:00,2026-01-06 16:31:22.110488+00:00,82.110488,0.01,,0.01,0.99,0.99,,,27910.84,27909.57,,,,0.02,1172.99,0.98,1172.99,,
2026-01-06 16:31:23.131059+00:00,2026-01-06 16:31:23.131059+00:00,83.131059,0.01,,0.01,0.99,0.99,,,27910.84,27909.57,,,,0.02,1172.99,0.98,1172.99,,
2026-01-06 16:31:24.124932+00:00,2026-01-06 16:31:24.124932+00:00,84.124932,0.01,,0.01,0.99,0.99,,,27910.84,27909.57,,,,0.02,1172.99,0.98,1172.99,,
2026-01-06 16:31:25.119034+00:00,2026-01-06 16:31:25.119034+00:00,85.119034,0.01,,0.01,0.99,0.99,,,27910.84,27909.57,,,,0.02,1172.99,0.98,1172.99,,
2026-01-06 16:31:26.130047+00:00,2026-01-06 16:31:26.130047+00:00,86.130047,0.01,,0.01,0.99,0.99,,,27910.84,27909.57,,,,0.02,1172.99,0.98,1172.99,,
2026-01-06 16:31:27.152660+00:00,2026-01-06 16:31:27.152660+00:00,87.15266,0.01,,0.01,0.99,0.99,,,27910.84,27909.57,,,,0.02,1172.99,0.98,1172.99,,
2026-01-06 16:31:28.183450+00:00,2026-01-06 16:31:28.183450+00:00,88.18345,0.01,,0.01,0.99,0.99,,,27910.84,27909.57,,,,0.02,1172.99,0.98,1172.99,,
2026-01-06 16:31:29.150442+00:00,2026-01-06 16:31:29.150442+00:00,89.150442,0.01,,0.01,0.99,0.99,,,27910.84,27909.57,,,,0.02,1172.99,0.98,1172.99,,
2026-01-06 16:31:30.170959+00:00,2026-01-06 16:31:30.170959+00:00,90.170959,0.01,,0.01,0.99,0.99,,,27910.84,27909.57,,,,0.02,1172.99,0.98,1172.99,,
2026-01-06 16:31:31.171321+00:00,2026-01-06 16:31:31.171321+00:00,91.171321,0.01,,0.01,0.99,0.99,,,27910.84,27909.57,,,,0.02,1172.99,0.98,1172.99,,
2026-01-06 16:31:32.203973+00:00,2026-01-06 16:31:32.203973+00:00,92.203973,0.01,,0.01,0.99,0.99,,,27910.84,27909.57,,,,0.02,1172.99,0.98,1172.99,,
2026-01-06 16:31:33.217850+00:00,2026-01-06 16:31:33.217850+00:00,93.21785,0.01,,0.01,0.99,0.99,,,27910.84,27909.57,,,,0.02,1172.99,0.98,1172.99,,
2026-01-06 16:31:34.236086+00:00,2026-01-06 16:31:34.236086+00:00,94.236086,0.01,,0.01,0.99,0.99,,,27910.84,27909.57,,,,0.02,1172.99,0.98,1172.99,,
2026-01-06 16:31:35.254892+00:00,2026-01-06 16:31:35.254892+00:00,95.254892,0.01,,0.01,0.99,0.99,,,27910.84,27909.57,,,,0.02,1172.99,0.98,1172.99,,
2026-01-06 16:31:36.232260+00:00,2026-01-06 16:31:36.232260+00:00,96.23226,0.01,,0.01,0.99,0.99,,,27910.84,27909.57,,,,0.02,1172.99,0.98,1172.99,,
2026-01-06 16:31:37.223044+00:00,2026-01-06 16:31:37.223044+00:00,97.223044,0.01,,0.01,0.99,0.99,,,27910.84,27909.57,,,,0.02,1172.99,0.98,1172.99,,
2026-01-06 16:31:38.223230+00:00,2026-01-06 16:31:38.223230+00:00,98.22323,0.01,,0.01,0.99,0.99,,,27910.84,27909.57,,,,0.02,1172.99,0.98,1172.99,,
2026-01-06 16:31:39.234201+00:00,2026-01-06 16:31:39.234201+00:00,99.234201,0.01,,0.01,0.99,0.99,,,27910.84,27909.57,,,,0.02,1172.99,0.98,1172.99,,
2026-01-06 16:31:40.248884+00:00,2026-01-06 16:31:40.248884+00:00,100.248884,0.01,,0.01,0.99,0.99,,,27910.84,27909.57,,,,0.02,1172.99,0.98,1172.99,,
2026-01-06 16:31:41.269710+00:00,2026-01-06 16:31:41.269710+00:00,101.26971,0.01,,0.01,0.99,0.99,,,27910.84,27909.57,,,,0.02,1172.99,0.98,1172.99,,
2026-01-06 16:31:42.286344+00:00,2026-01-06 16:31:42.286344+00:00,102.286344,0.01,,0.01,0.99,0.99,,,27910.84,27909.57,,,,0.02,1172.99,0.98,1172.99,,
2026-01-06 16:31:43.269731+00:00,2026-01-06 16:31:43.269731+00:00,103.269731,0.01,,0.01,0.99,0.99,,,27910.84,27909.57,,,,0.02,1172.99,0.98,1172.99,,
2026-01-06 16:31:44.281187+00:00,2026-01-06 16:31:44.281187+00:00,104.281187,0.01,,0.01,0.99,0.99,,,27910.84,27909.57,,,,0.02,1172.99,0.98,1172.99,,
2026-01-06 16:31:45.272926+00:00,2026-01-06 16:31:45.272926+00:00,105.272926,0.01,,0.01,0.99,0.99,,,27910.84,27909.57,,,,0.02,1172.99,0.98,1172.99,,
2026-01-06 16:31:46.312503+00:00,2026-01-06 16:31:46.312503+00:00,106.312503,0.01,,0.01,0.99,0.99,,,27910.84,27909.57,,,,0.02,1172.99,0.98,1172.99,,
2026-01-06 16:31:47.324740+00:00,2026-01-06 16:31:47.324740+00:00,107.32474,0.01,,0.01,0.99,0.99,,,27910.84,27909.57,,,,0.02,1172.99,0.98,1172.99,,
2026-01-06 16:31:48.373335+00:00,2026-01-06 16:31:48.373335+00:00,108.373335,0.01,,0.01,0.99,0.99,,,27910.84,27909.57,,,,0.02,1172.99,0.98,1172.99,,
2026-01-06 16:31:49.360017+00:00,2026-01-06 16:31:49.360017+00:00,109.360017,0.01,,0.01,0.99,0.99,,,27910.84,27909.57,,,,0.02,1172.99,0.98,1172.99,,
2026-01-06 16:31:50.370769+00:00,2026-01-06 16:31:50.370769+00:00,110.370769,0.01,,0.01,0.99,0.99,,,27910.84,27909.57,,,,0.02,1172.99,0.98,1172.99,,
2026-01-06 16:31:51.334981+00:00,2026-01-06 16:31:51.334981+00:00,111.334981,0.01,,0.01,0.99,0.99,,,27910.84,27909.57,,,,0.02,1172.99,0.98,1172.99,,
2026-01-06 16:31:52.338051+00:00,2026-01-06 16:31:52.338051+00:00,112.338051,0.01,,0.01,0.99,0.99,,,27910.84,27909.57,,,,0.02,1172.99,0.98,1172.99,,
2026-01-06 16:31:53.335163+00:00,2026-01-06 16:31:53.335163+00:00,113.335163,0.01,,0.01,0.99,0.99,,,27910.84,27909.57,,,,0.02,1172.99,0.98,1172.99,,
2026-01-06 16:31:54.341225+00:00,2026-01-06 16:31:54.341225+00:00,114.341225,0.01,,0.01,0.99,0.99,,,27910.84,27909.57,,,,0.02,1172.99,0.98,1172.99,,
2026-01-06 16:31:55.395590+00:00,2026-01-06 16:31:55.395590+00:00,115.39559,0.01,,0.01,0.99,0.99,,,27910.84,27909.57,,,,0.02,1172.99,0.98,1172.99,,
2026-01-06 16:31:56.370708+00:00,2026-01-06 16:31:56.370708+00:00,116.370708,0.01,,0.01,0.99,0.99,,,27910.84,27909.57,,,,0.02,1172.99,0.98,1172.99,,
2026-01-06 16:31:57.376218+00:00,2026-01-06 16:31:57.376218+00:00,117.376218,0.01,,0.01,0.99,0.99,,,27910.84,27909.57,,,,0.02,1172.99,0.98,1172.99,,
2026-01-06 16:31:58.386049+00:00,2026-01-06 16:31:58.386049+00:00,118.386049,0.01,,0.01,0.99,0.99,,,27910.84,27909.57,,,,0.02,1172.99,0.98,1172.99,,
2026-01-06 16:31:59.404842+00:00,2026-01-06 16:31:59.404842+00:00,119.404842,0.01,,0.01,0.99,0.99,,,27910.84,27909.57,,,,0.02,1172.99,0.98,1172.99,,
2026-01-06 16:32:00.457859+00:00,2026-01-06 16:32:00.457859+00:00,120.457859,0.01,,0.01,0.99,0.99,,,27910.84,27909.57,,,,0.02,1172.99,0.98,1172.99,,
2026-01-06 16:32:01.466241+00:00,2026-01-06 16:32:01.466241+00:00,121.466241,0.01,,0.01,0.99,0.99,,,27910.84,27909.57,,,,0.02,1172.99,0.98,1172.99,,
2026-01-06 16:32:02.448429+00:00,2026-01-06 16:32:02.448429+00:00,122.448429,0.01,,0.01,0.99,0.99,,,27910.84,27909.57,,,,0.02,1172.99,0.98,1172.99,,
2026-01-06 16:32:03.481426+00:00,2026-01-06 16:32:03.481426+00:00,123.481426,0.01,,0.01,0.99,0.99,,,27910.84,27909.57,,,,0.02,1172.99,0.98,1172.99,,
2026-01-06 16:32:04.469884+00:00,2026-01-06 16:32:04.469884+00:00,124.469884,0.01,,0.01,0.99,0.99,,,27910.84,27909.57,,,,0.02,1172.99,0.98,1172.99,,
2026-01-06 16:32:05.463227+00:00,2026-01-06 16:32:05.463227+00:00,125.463227,0.01,,0.01,0.99,0.99,,,27910.84,27909.57,,,,0.02,1172.99,0.98,1172.99,,
2026-01-06 16:32:06.488374+00:00,2026-01-06 16:32:06.488374+00:00,126.488374,0.01,,0.01,0.99,0.99,,,27910.84,27909.57,,,,0.02,1172.99,0.98,1172.99,,
2026-01-06 16:32:07.480719+00:00,2026-01-06 16:32:07.480719+00:00,127.480719,0.01,,0.01,0.99,0.99,,,27910.84,27909.57,,,,0.02,1172.99,0.98,1172.99,,
2026-01-06 16:32:08.497380+00:00,2026-01-06 16:32:08.497380+00:00,128.49738,0.01,,0.01,0.99,0.99,,,27910.84,27909.57,,,,0.02,1172.99,0.98,1172.99,,
2026-01-06 16:32:09.540596+00:00,2026-01-06 16:32:09.540596+00:00,129.540596,0.01,,0.01,0.99,0.99,,,27910.84,27909.57,,,,0.02,1172.99,0.98,1172.99,,
2026-01-06 16:32:10.561077+00:00,2026-01-06 16:32:10.561077+00:00,130.561077,0.01,,0.01,0.99,0.99,,,27910.84,27909.57,,,,0.02,1172.99,0.98,1172.99,,
2026-01-06 16:32:11.550996+00:00,2026-01-06 16:32:11.550996+00:00,131.550996,0.01,,0.01,0.99,0.99,,,27910.84,27909.57,,,,0.02,1172.99,0.98,1172.99,,
2026-01-06 16:32:12.557901+00:00,2026-01-06 16:32:12.557901+00:00,132.557901,0.01,,0.01,0.99,0.99,,,27910.84,27909.57,,,,0.02,1172.99,0.98,1172.99,,
2026-01-06 16:32:13.597272+00:00,2026-01-06 16:32:13.597272+00:00,133.597272,0.01,,0.01,0.99,0.99,,,27910.84,27909.57,,,,0.02,1172.99,0.98,1172.99,,
2026-01-06 16:32:14.603927+00:00,2026-01-06 16:32:14.603927+00:00,134.603927,0.01,,0.01,0.99,0.99,,,27910.84,27909.57,,,,0.02,1172.99,0.98,1172.99,,
2026-01-06 16:32:15.617577+00:00,2026-01-06 16:32:15.617577+00:00,135.617577,0.01,,0.01,0.99,0.99,,,27910.84,27909.57,,,,0.02,1172.99,0.98,1172.99,,
2026-01-06 16:32:16.632800+00:00,2026-01-06 16:32:16.632800+00:00,136.6328,0.01,,0.01,0.99,0.99,,,27910.84,27909.57,,,,0.02,1172.99,0.98,1172.99,,
2026-01-06 16:32:17.616933+00:00,2026-01-06 16:32:17.616933+00:00,137.616933,0.01,,0.01,0.99,0.99,,,27910.84,27909.57,,,,0.02,1172.99,0.98,1172.99,,
2026-01-06 16:32:18.585336+00:00,2026-01-06 16:32:18.585336+00:00,138.585336,0.01,,0.01,0.99,0.99,,,27910.84,27909.57,,,,0.02,1172.99,0.98,1172.99,,
2026-01-06 16:32:19.617754+00:00,2026-01-06 16:32:19.617754+00:00,139.617754,0.01,,0.01,0.99,0.99,,,27910.84,27909.57,,,,0.02,1172.99,0.98,1172.99,,
2026-01-06 16:32:20.630304+00:00,2026-01-06 16:32:20.630304+00:00,140.630304,0.01,,0.01,0.99,0.99,,,27910.84,27909.57,,,,0.02,1172.99,0.98,1172.99,,
2026-01-06 16:32:21.651710+00:00,2026-01-06 16:32:21.651710+00:00,141.65171,0.01,,0.01,0.99,0.99,,,27910.84,27909.57,,,,0.02,1172.99,0.98,1172.99,,
2026-01-06 16:32:22.638477+00:00,2026-01-06 16:32:22.638477+00:00,142.638477,0.01,,0.01,0.99,0.99,,,27910.84,27909.57,,,,0.02,1172.99,0.98,1172.99,,
2026-01-06 16:32:23.641062+00:00,2026-01-06 16:32:23.641062+00:00,143.641062,0.01,,0.01,0.99,0.99,,,27910.84,27909.57,,,,0.02,1172.99,0.98,1172.99,,
2026-01-06 16:32:24.706616+00:00,2026-01-06 16:32:24.706616+00:00,144.706616,0.01,,0.01,0.99,0.99,,,27910.84,27909.57,,,,0.02,1172.99,0.98,1172.99,,
2026-01-06 16:32:25.682380+00:00,2026-01-06 16:32:25.682380+00:00,145.68238,0.01,,0.01,0.99,0.99,,,27910.84,27909.57,,,,0.02,1172.99,0.98,1172.99,,
2026-01-06 16:32:26.695172+00:00,2026-01-06 16:32:26.695172+00:00,146.695172,0.01,,0.01,0.99,0.99,,,27910.84,27909.57,,,,0.02,1172.99,0.98,1172.99,,
2026-01-06 16:32:27.700666+00:00,2026-01-06 16:32:27.700666+00:00,147.700666,0.01,,0.01,0.99,0.99,,,27910.84,27909.57,,,,0.02,1172.99,0.98,1172.99,,
2026-01-06 16:32:28.719056+00:00,2026-01-06 16:32:28.719056+00:00,148.719056,0.01,,0.01,0.99,0.99,,,27910.84,27909.57,,,,0.02,1172.99,0.98,1172.99,,
2026-01-06 16:32:29.756730+00:00,2026-01-06 16:32:29.756730+00:00,149.75673,0.01,,0.01,0.99,0.99,,,27910.84,27909.57,,,,0.02,1172.99,0.98,1172.99,,
2026-01-06 16:32:30.758111+00:00,2026-01-06 16:32:30.758111+00:00,150.758111,0.01,,0.01,0.99,0.99,,,27910.84,27909.57,,,,0.02,1172.99,0.98,1172.99,,
2026-01-06 16:32:31.748380+00:00,2026-01-06 16:32:31.748380+00:00,151.74838,0.01,,0.01,0.99,0.99,,,27910.84,27909.57,,,,0.02,1172.99,0.98,1172.99,,
2026-01-06 16:32:32.780431+00:00,2026-01-06 16:32:32.780431+00:00,152.780431,0.01,,0.01,0.99,0.99,,,27910.84,27909.57,,,,0.02,1172.99,0.98,1172.99,,
2026-01-06 16:32:33.832887+00:00,2026-01-06 16:32:33.832887+00:00,153.832887,0.01,,0.01,0.99,0.99,,,27910.84,27909.57,,,,0.02,1172.99,0.98,1172.99,,
2026-01-06 16:32:34.770704+00:00,2026-01-06 16:32:34.770704+00:00,154.770704,0.01,,0.01,0.99,0.99,,,27910.84,27909.57,,,,0.02,1172.99,0.98,1172.99,,
2026-01-06 16:32:35.800476+00:00,2026-01-06 16:32:35.800476+00:00,155.800476,0.01,,0.01,0.99,0.99,,,27910.84,27909.57,,,,0.02,1172.99,0.98,1172.99,,
2026-01-06 16:32:36.789463+00:00,2026-01-06 16:32:36.789463+00:00,156.789463,0.01,,0.01,0.99,0.99,,,27910.84,27909.57,,,,0.02,1172.99,0.98,1172.99,,
2026-01-06 16:32:37.776695+00:00,2026-01-06 16:32:37.776695+00:00,157.776695,0.01,,0.01,0.99,0.99,,,27910.84,27909.57,,,,0.02,1172.99,0.98,1172.99,,
2026-01-06 16:32:38.837950+00:00,2026-01-06 16:32:38.837950+00:00,158.83795,0.01,,0.01,0.99,0.99,,,27910.84,27909.57,,,,0.02,1172.99,0.98,1172.99,,
2026-01-06 16:32:39.824340+00:00,2026-01-06 16:32:39.824340+00:00,159.82434,0.01,,0.01,0.99,0.99,,,27910.84,27909.57,,,,0.02,1172.99,0.98,1172.99,,
2026-01-06 16:32:40.828430+00:00,2026-01-06 16:32:40.828430+00:00,160.82843,0.01,,0.01,0.99,0.99,,,27910.84,27909.57,,,,0.02,1172.99,0.98,1172.99,,
2026-01-06 16:32:41.824755+00:00,2026-01-06 16:32:41.824755+00:00,161.824755,0.01,,0.01,0.99,0.99,,,27910.84,27909.57,,,,0.02,1172.99,0.98,1172.99,,
2026-01-06 16:32:42.839482+00:00,2026-01-06 16:32:42.839482+00:00,162.839482,0.01,,0.01,0.99,0.99,,,27910.84,27909.57,,,,0.02,1172.99,0.98,1172.99,,
2026-01-06 16:32:43.851045+00:00,2026-01-06 16:32:43.851045+00:00,163.851045,0.01,,0.01,0.99,0.99,,,27910.84,27909.57,,,,0.02,1172.99,0.98,1172.99,,
2026-01-06 16:32:44.949757+00:00,2026-01-06 16:32:44.949757+00:00,164.949757,0.01,,0.01,0.99,0.99,,,27910.84,27909.57,,,,0.02,1172.99,0.98,1172.99,,
2026-01-06 16:32:45.913565+00:00,2026-01-06 16:32:45.913565+00:00,165.913565,0.01,,0.01,0.99,0.99,,,27910.84,27909.57,,,,0.02,1172.99,0.98,1172.99,,
2026-01-06 16:32:46.929651+00:00,2026-01-06 16:32:46.929651+00:00,166.929651,0.01,,0.01,0.99,0.99,,,27910.84,27909.57,,,,0.02,1172.99,0.98,1172.99,,
2026-01-06 16:32:47.934446+00:00,2026-01-06 16:32:47.934446+00:00,167.934446,0.01,,0.01,0.99,0.99,,,27910.84,27909.57,,,,0.02,1172.99,0.98,1172.99,,
2026-01-06 16:32:48.944860+00:00,2026-01-06 16:32:48.944860+00:00,168.94486,0.01,,0.01,0.99,0.99,,,27910.84,27909.57,,,,0.02,1172.99,0.98,1172.99,,
2026-01-06 16:32:50.084115+00:00,2026-01-06 16:32:50.084115+00:00,170.084115,0.01,,0.01,0.99,0.99,,,27910.84,27909.57,,,,0.02,1172.99,0.98,1172.99,,
2026-01-06 16:32:51.120032+00:00,2026-01-06 16:32:51.120032+00:00,171.120032,0.01,,0.01,0.99,0.99,,,27910.84,27909.57,,,,0.02,1172.99,0.98,1172.99,,
2026-01-06 16:32:51.970733+00:00,2026-01-06 16:32:51.970733+00:00,171.970733,0.01,,0.01,0.99,0.99,,,27910.84,27909.57,,,,0.02,1172.99,0.98,1172.99,,
2026-01-06 16:32:52.992675+00:00,2026-01-06 16:32:52.992675+00:00,172.992675,0.01,,0.01,0.99,0.99,,,27910.84,27909.57,,,,0.02,1172.99,0.98,1172.99,,
2026-01-06 16:32:53.976390+00:00,2026-01-06 16:32:53.976390+00:00,173.97639,0.01,,0.01,0.99,0.99,,,27910.84,27909.57,,,,0.02,1172.99,0.98,1172.99,,
2026-01-06 16:32:55.002800+00:00,2026-01-06 16:32:55.002800+00:00,175.0028,0.01,,0.01,0.99,0.99,,,27910.84,27909.57,,,,0.02,1172.99,0.98,1172.99,,
2026-01-06 16:32:56.025970+00:00,2026-01-06 16:32:56.025970+00:00,176.02597,0.01,,0.01,0.99,0.99,,,27910.84,27909.57,,,,0.02,1172.99,0.98,1172.99,,
2026-01-06 16:32:57.011448+00:00,2026-01-06 16:32:57.011448+00:00,177.011448,0.01,,0.01,0.99,0.99,,,27910.84,27909.57,,,,0.02,1172.99,0.98,1172.99,,
2026-01-06 16:32:58.073516+00:00,2026-01-06 16:32:58.073516+00:00,178.073516,0.01,,0.01,0.99,0.99,,,27910.84,27909.57,,,,0.02,1172.99,0.98,1172.99,,
2026-01-06 16:32:59.090459+00:00,2026-01-06 16:32:59.090459+00:00,179.090459,0.01,,0.01,0.99,0.99,,,27910.84,27909.57,,,,0.02,1172.99,0.98,1172.99,,
2026-01-06 16:33:00.078102+00:00,2026-01-06 16:33:00.078102+00:00,180.078102,0.01,,0.01,0.99,0.99,,,27910.84,27909.57,,,,0.02,1172.99,0.98,1172.99,,
2026-01-06 16:33:01.086740+00:00,2026-01-06 16:33:01.086740+00:00,181.08674,0.01,,0.01,0.99,0.99,,,27910.84,27909.57,,,,0.02,1172.99,0.98,1172.99,,
2026-01-06 16:33:02.117090+00:00,2026-01-06 16:33:02.117090+00:00,182.11709,0.01,,0.01,0.99,0.99,,,27910.84,27909.57,,,,0.02,1172.99,0.98,1172.99,,
2026-01-06 16:33:03.112279+00:00,2026-01-06 16:33:03.112279+00:00,183.112279,0.01,,0.01,0.99,0.99,,,27910.84,27909.57,,,,0.02,1172.99,0.98,1172.99,,
2026-01-06 16:33:04.100044+00:00,2026-01-06 16:33:04.100044+00:00,184.100044,0.01,,0.01,0.99,0.99,,,27910.84,27909.57,,,,0.02,1172.99,0.98,1172.99,,
2026-01-06 16:33:05.122308+00:00,2026-01-06 16:33:05.122308+00:00,185.122308,0.01,,0.01,0.99,0.99,,,27910.84,27909.57,,,,0.02,1172.99,0.98,1172.99,,
2026-01-06 16:33:06.184191+00:00,2026-01-06 16:33:06.184191+00:00,186.184191,0.01,,0.01,0.99,0.99,,,27910.84,27909.57,,,,0.02,1172.99,0.98,1172.99,,
2026-01-06 16:33:07.167054+00:00,2026-01-06 16:33:07.167054+00:00,187.167054,0.01,,0.01,0.99,0.99,,,27910.84,27909.57,,,,0.02,1172.99,0.98,1172.99,,
2026-01-06 16:33:08.175488+00:00,2026-01-06 16:33:08.175488+00:00,188.175488,0.01,,0.01,0.99,0.99,,,27910.84,27909.57,,,,0.02,1172.99,0.98,1172.99,,
2026-01-06 16:33:09.158973+00:00,2026-01-06 16:33:09.158973+00:00,189.158973,0.01,,0.01,0.99,0.99,,,27910.84,27909.57,,,,0.02,1172.99,0.98,1172.99,,
2026-01-06 16:33:10.238353+00:00,2026-01-06 16:33:10.238353+00:00,190.238353,0.01,,0.01,0.99,0.99,,,27910.84,27909.57,,,,0.02,1172.99,0.98,1172.99,,
2026-01-06 16:33:11.194213+00:00,2026-01-06 16:33:11.194213+00:00,191.194213,0.01,,0.01,0.99,0.99,,,27910.84,27909.57,,,,0.02,1172.99,0.98,1172.99,,
2026-01-06 16:33:12.187573+00:00,2026-01-06 16:33:12.187573+00:00,192.187573,0.01,,0.01,0.99,0.99,,,27910.84,27909.57,,,,0.02,1172.99,0.98,1172.99,,
2026-01-06 16:33:13.212925+00:00,2026-01-06 16:33:13.212925+00:00,193.212925,0.01,,0.01,0.99,0.99,,,27910.84,27909.57,,,,0.02,1172.99,0.98,1172.99,,
2026-01-06 16:33:14.232373+00:00,2026-01-06 16:33:14.232373+00:00,194.232373,0.01,,0.01,0.99,0.99,,,27910.84,27909.57,,,,0.02,1172.99,0.98,1172.99,,
2026-01-06 16:33:15.240075+00:00,2026-01-06 16:33:15.240075+00:00,195.240075,0.01,,0.01,0.99,0.99,,,27910.84,27909.57,,,,0.02,1172.99,0.98,1172.99,,
2026-01-06 16:33:16.214377+00:00,2026-01-06 16:33:16.214377+00:00,196.214377,0.01,,0.01,0.99,0.99,,,27910.84,27909.57,,,,0.02,1172.99,0.98,1172.99,,
2026-01-06 16:33:17.252478+00:00,2026-01-06 16:33:17.252478+00:00,197.252478,0.01,,0.01,0.99,0.99,,,27910.84,27909.57,,,,0.02,1172.99,0.98,1172.99,,
2026-01-06 16:33:18.275573+00:00,2026-01-06 16:33:18.275573+00:00,198.275573,0.01,,0.01,0.99,0.99,,,27910.84,27909.57,,,,0.02,1172.99,0.98,1172.99,,
2026-01-06 16:33:19.278971+00:00,2026-01-06 16:33:19.278971+00:00,199.278971,0.01,,0.01,0.99,0.99,,,27910.84,27909.57,,,,0.02,1172.99,0.98,1172.99,,
2026-01-06 16:33:20.312382+00:00,2026-01-06 16:33:20.312382+00:00,200.312382,0.01,,0.01,0.99,0.99,,,27910.84,27909.57,,,,0.02,1172.99,0.98,1172.99,,
2026-01-06 16:33:21.316032+00:00,2026-01-06 16:33:21.316032+00:00,201.316032,0.01,,0.01,0.99,0.99,,,27910.84,27909.57,,,,0.02,1172.99,0.98,1172.99,,
2026-01-06 16:33:22.338201+00:00,2026-01-06 16:33:22.338201+00:00,202.338201,0.01,,0.01,0.99,0.99,,,27910.84,27909.57,,,,0.02,1172.99,0.98,1172.99,,
2026-01-06 16:33:23.349234+00:00,2026-01-06 16:33:23.349234+00:00,203.349234,0.01,,0.01,0.99,0.99,,,27910.84,27909.57,,,,0.02,1172.99,0.98,1172.99,,
2026-01-06 16:33:24.313882+00:00,2026-01-06 16:33:24.313882+00:00,204.313882,0.01,,0.01,0.99,0.99,,,27910.84,27909.57,,,,0.02,1172.99,0.98,1172.99,,
2026-01-06 16:33:25.360216+00:00,2026-01-06 16:33:25.360216+00:00,205.360216,0.01,,0.01,0.99,0.99,,,27910.84,27909.57,,,,0.02,1172.99,0.98,1172.99,,
2026-01-06 16:33:26.352290+00:00,2026-01-06 16:33:26.352290+00:00,206.35229,0.01,,0.01,0.99,0.99,,,27910.84,27909.57,,,,0.02,1172.99,0.98,1172.99,,
2026-01-06 16:33:27.371367+00:00,2026-01-06 16:33:27.371367+00:00,207.371367,0.01,,0.01,0.99,0.99,,,27910.84,27909.57,,,,0.02,1172.99,0.98,1172.99,,
2026-01-06 16:33:28.365469+00:00,2026-01-06 16:33:28.365469+00:00,208.365469,0.01,,0.01,0.99,0.99,,,27910.84,27909.57,,,,0.02,1172.99,0.98,1172.99,,
2026-01-06 16:33:29.445179+00:00,2026-01-06 16:33:29.445179+00:00,209.445179,0.01,,0.01,0.99,0.99,,,27910.84,27909.57,,,,0.02,1172.99,0.98,1172.99,,
2026-01-06 16:33:30.378229+00:00,2026-01-06 16:33:30.378229+00:00,210.378229,0.01,,0.01,0.99,0.99,,,27910.84,27909.57,,,,0.02,1172.99,0.98,1172.99,,
2026-01-06 16:33:31.383551+00:00,2026-01-06 16:33:31.383551+00:00,211.383551,0.01,,0.01,0.99,0.99,,,27910.84,27909.57,,,,0.02,1172.99,0.98,1172.99,,
2026-01-06 16:33:32.393697+00:00,2026-01-06 16:33:32.393697+00:00,212.393697,0.01,,0.01,0.99,0.99,,,27910.84,27909.57,,,,0.02,1172.99,0.98,1172.99,,
2026-01-06 16:33:33.392351+00:00,2026-01-06 16:33:33.392351+00:00,213.392351,0.01,,0.01,0.99,0.99,,,27910.84,27909.57,,,,0.02,1172.99,0.98,1172.99,,
2026-01-06 16:33:34.391757+00:00,2026-01-06 16:33:34.391757+00:00,214.391757,0.01,,0.01,0.99,0.99,,,27910.84,27909.57,,,,0.02,1172.99,0.98,1172.99,,
2026-01-06 16:33:35.419366+00:00,2026-01-06 16:33:35.419366+00:00,215.419366,0.01,,0.01,0.99,0.99,,,27910.84,27909.57,,,,0.02,1172.99,0.98,1172.99,,
2026-01-06 16:33:36.432698+00:00,2026-01-06 16:33:36.432698+00:00,216.432698,0.01,,0.01,0.99,0.99,,,27910.84,27909.57,,,,0.02,1172.99,0.98,1172.99,,
2026-01-06 16:33:37.454697+00:00,2026-01-06 16:33:37.454697+00:00,217.454697,0.01,,0.01,0.99,0.99,,,27910.84,27909.57,,,,0.02,1172.99,0.98,1172.99,,
2026-01-06 16:33:38.483526+00:00,2026-01-06 16:33:38.483526+00:00,218.483526,0.01,,0.01,0.99,0.99,,,27910.84,27909.57,,,,0.02,1172.99,0.98,1172.99,,
2026-01-06 16:33:39.504329+00:00,2026-01-06 16:33:39.504329+00:00,219.504329,0.01,,0.01,0.99,0.99,,,27910.84,27909.57,,,,0.02,1172.99,0.98,1172.99,,
2026-01-06 16:33:40.536739+00:00,2026-01-06 16:33:40.536739+00:00,220.536739,0.01,,0.01,0.99,0.99,,,27910.84,27909.57,,,,0.02,1172.99,0.98,1172.99,,
2026-01-06 16:33:41.504946+00:00,2026-01-06 16:33:41.504946+00:00,221.504946,0.01,,0.01,0.99,0.99,,,27910.84,27909.57,,,,0.02,1172.99,0.98,1172.99,,
2026-01-06 16:33:42.495939+00:00,2026-01-06 16:33:42.495939+00:00,222.495939,0.01,,0.01,0.99,0.99,,,27910.84,27909.57,,,,0.02,1172.99,0.98,1172.99,,
2026-01-06 16:33:43.724882+00:00,2026-01-06 16:33:43.724882+00:00,223.724882,0.01,,0.01,0.99,0.99,,,27910.84,27909.57,,,,0.02,1172.99,0.98,1172.99,,
2026-01-06 16:33:44.505271+00:00,2026-01-06 16:33:44.505271+00:00,224.505271,0.01,,0.01,0.99,0.99,,,27910.84,27909.57,,,,0.02,1172.99,0.98,1172.99,,
2026-01-06 16:33:45.508876+00:00,2026-01-06 16:33:45.508876+00:00,225.508876,0.01,,0.01,0.99,0.99,,,27910.84,27909.57,,,,0.02,1172.99,0.98,1172.99,,
2026-01-06 16:33:46.520442+00:00,2026-01-06 16:33:46.520442+00:00,226.520442,0.01,,0.01,0.99,0.99,,,27910.84,27909.57,,,,0.02,1172.99,0.98,1172.99,,
2026-01-06 16:33:47.498743+00:00,2026-01-06 16:33:47.498743+00:00,227.498743,0.01,,0.01,0.99,0.99,,,27910.84,27909.57,,,,0.02,1172.99,0.98,1172.99,,
2026-01-06 16:33:48.544092+00:00,2026-01-06 16:33:48.544092+00:00,228.544092,0.01,,0.01,0.99,0.99,,,27910.84,27909.57,,,,0.02,1172.99,0.98,1172.99,,
2026-01-06 16:33:49.523382+00:00,2026-01-06 16:33:49.523382+00:00,229.523382,0.01,,0.01,0.99,0.99,,,27910.84,27909.57,,,,0.02,1172.99,0.98,1172.99,,
2026-01-06 16:33:50.628021+00:00,2026-01-06 16:33:50.628021+00:00,230.628021,0.01,,0.01,0.99,0.99,,,27910.84,27909.57,,,,0.02,1172.99,0.98,1172.99,,
2026-01-06 16:33:51.557263+00:00,2026-01-06 16:33:51.557263+00:00,231.557263,0.01,,0.01,0.99,0.99,,,27910.84,27909.57,,,,0.02,1172.99,0.98,1172.99,,
2026-01-06 16:33:52.546113+00:00,2026-01-06 16:33:52.546113+00:00,232.546113,0.01,,0.01,0.99,0.99,,,27910.84,27909.57,,,,0.02,1172.99,0.98,1172.99,,
2026-01-06 16:33:53.576502+00:00,2026-01-06 16:33:53.576502+00:00,233.576502,0.01,,0.01,0.99,0.99,,,27910.84,27909.57,,,,0.02,1172.99,0.98,1172.99,,
2026-01-06 16:33:54.578174+00:00,2026-01-06 16:33:54.578174+00:00,234.578174,0.01,,0.01,0.99,0.99,,,27910.84,27909.57,,,,0.02,1172.99,0.98,1172.99,,
2026-01-06 16:33:55.582039+00:00,2026-01-06 16:33:55.582039+00:00,235.582039,0.01,,0.01,0.99,0.99,,,27910.84,27909.57,,,,0.02,1172.99,0.98,1172.99,,
2026-01-06 16:33:56.596165+00:00,2026-01-06 16:33:56.596165+00:00,236.596165,0.01,,0.01,0.99,0.99,,,27910.84,27909.57,,,,0.02,1172.99,0.98,1172.99,,
2026-01-06 16:33:57.656782+00:00,2026-01-06 16:33:57.656782+00:00,237.656782,0.01,,0.01,0.99,0.99,,,27910.84,27909.57,,,,0.02,1172.99,0.98,1172.99,,
2026-01-06 16:33:58.610456+00:00,2026-01-06 16:33:58.610456+00:00,238.610456,0.01,,0.01,0.99,0.99,,,27910.84,27909.57,,,,0.02,1172.99,0.98,1172.99,,
2026-01-06 16:33:59.631654+00:00,2026-01-06 16:33:59.631654+00:00,239.631654,0.01,,0.01,0.99,0.99,,,27910.84,27909.57,,,,0.02,1172.99,0.98,1172.99,,
2026-01-06 16:34:00.655470+00:00,2026-01-06 16:34:00.655470+00:00,240.65547,0.01,,0.01,0.99,0.99,,,27910.84,27909.57,,,,0.02,1172.99,0.98,1172.99,,
2026-01-06 16:34:01.663674+00:00,2026-01-06 16:34:01.663674+00:00,241.663674,0.01,,0.01,0.99,0.99,,,27910.84,27909.57,,,,0.02,1172.99,0.98,1172.99,,
2026-01-06 16:34:02.669195+00:00,2026-01-06 16:34:02.669195+00:00,242.669195,0.01,,0.01,0.99,0.99,,,27910.84,27909.57,,,,0.02,1172.99,0.98,1172.99,,
2026-01-06 16:34:03.695349+00:00,2026-01-06 16:34:03.695349+00:00,243.695349,0.01,,0.01,0.99,0.99,,,27910.84,27909.57,,,,0.02,1172.99,0.98,1172.99,,
2026-01-06 16:34:04.732829+00:00,2026-01-06 16:34:04.732829+00:00,244.732829,0.01,,0.01,0.99,0.99,,,27910.84,27909.57,,,,0.02,1172.99,0.98,1172.99,,
2026-01-06 16:34:05.718673+00:00,2026-01-06 16:34:05.718673+00:00,245.718673,0.01,,0.01,0.99,0.99,,,27910.84,27909.57,,,,0.02,1172.99,0.98,1172.99,,
2026-01-06 16:34:06.694387+00:00,2026-01-06 16:34:06.694387+00:00,246.694387,0.01,,0.01,0.99,0.99,,,27910.84,27909.57,,,,0.02,1172.99,0.98,1172.99,,
2026-01-06 16:34:07.706421+00:00,2026-01-06 16:34:07.706421+00:00,247.706421,0.01,,0.01,0.99,0.99,,,27910.84,27909.57,,,,0.02,1172.99,0.98,1172.99,,
2026-01-06 16:34:08.739633+00:00,2026-01-06 16:34:08.739633+00:00,248.739633,0.01,,0.01,0.99,0.99,,,27910.84,27909.57,,,,0.02,1172.99,0.98,1172.99,,
2026-01-06 16:34:09.735328+00:00,2026-01-06 16:34:09.735328+00:00,249.735328,0.01,,0.01,0.99,0.99,,,27910.84,27909.57,,,,0.02,1172.99,0.98,1172.99,,
2026-01-06 16:34:10.754334+00:00,2026-01-06 16:34:10.754334+00:00,250.754334,0.01,,0.01,0.99,0.99,,,27910.84,27909.57,,,,0.02,1172.99,0.98,1172.99,,
2026-01-06 16:34:11.745869+00:00,2026-01-06 16:34:11.745869+00:00,251.745869,0.01,,0.01,0.99,0.99,,,27910.84,27909.57,,,,0.02,1172.99,0.98,1172.99,,
2026-01-06 16:34:12.764070+00:00,2026-01-06 16:34:12.764070+00:00,252.76407,0.01,,0.01,0.99,0.99,,,27910.84,27909.57,,,,0.02,1172.99,0.98,1172.99,,
2026-01-06 16:34:13.770530+00:00,2026-01-06 16:34:13.770530+00:00,253.77053,0.01,,0.01,0.99,0.99,,,27910.84,27909.57,,,,0.02,1172.99,0.98,1172.99,,
2026-01-06 16:34:14.770923+00:00,2026-01-06 16:34:14.770923+00:00,254.770923,0.01,,0.01,0.99,0.99,,,27910.84,27909.57,,,,0.02,1172.99,0.98,1172.99,,
2026-01-06 16:34:15.788359+00:00,2026-01-06 16:34:15.788359+00:00,255.788359,0.01,,0.01,0.99,0.99,,,27910.84,27909.57,,,,0.02,1172.99,0.98,1172.99,,
2026-01-06 16:34:16.826282+00:00,2026-01-06 16:34:16.826282+00:00,256.826282,0.01,,0.01,0.99,0.99,,,27910.84,27909.57,,,,0.02,1172.99,0.98,1172.99,,
2026-01-06 16:34:17.837409+00:00,2026-01-06 16:34:17.837409+00:00,257.837409,0.01,,0.01,0.99,0.99,,,27910.84,27909.57,,,,0.02,1172.99,0.98,1172.99,,
2026-01-06 16:34:18.790851+00:00,2026-01-06 16:34:18.790851+00:00,258.790851,0.01,,0.01,0.99,0.99,,,27910.84,27909.57,,,,0.02,1172.99,0.98,1172.99,,
2026-01-06 16:34:19.785079+00:00,2026-01-06 16:34:19.785079+00:00,259.785079,0.01,,0.01,0.99,0.99,,,27910.84,27909.57,,,,0.02,1172.99,0.98,1172.99,,
2026-01-06 16:34:20.834712+00:00,2026-01-06 16:34:20.834712+00:00,260.834712,0.01,,0.01,0.99,0.99,,,27910.84,27909.57,,,,0.02,1172.99,0.98,1172.99,,
2026-01-06 16:34:21.853794+00:00,2026-01-06 16:34:21.853794+00:00,261.853794,0.01,,0.01,0.99,0.99,,,27910.84,27909.57,,,,0.02,1172.99,0.98,1172.99,,
2026-01-06 16:34:22.854892+00:00,2026-01-06 16:34:22.854892+00:00,262.854892,0.01,,0.01,0.99,0.99,,,27910.84,27909.57,,,,0.02,1172.99,0.98,1172.99,,
2026-01-06 16:34:23.890030+00:00,2026-01-06 16:34:23.890030+00:00,263.89003,0.01,,0.01,0.99,0.99,,,27910.84,27909.57,,,,0.02,1172.99,0.98,1172.99,,
2026-01-06 16:34:24.871763+00:00,2026-01-06 16:34:24.871763+00:00,264.871763,0.01,,0.01,0.99,0.99,,,27910.84,27909.57,,,,0.02,1172.99,0.98,1172.99,,
2026-01-06 16:34:25.909979+00:00,2026-01-06 16:34:25.909979+00:00,265.909979,0.01,,0.01,0.99,0.99,,,27910.84,27909.57,,,,0.02,1172.99,0.98,1172.99,,
2026-01-06 16:34:26.881063+00:00,2026-01-06 16:34:26.881063+00:00,266.881063,0.01,,0.01,0.99,0.99,,,27910.84,27909.57,,,,0.02,1172.99,0.98,1172.99,,
2026-01-06 16:34:27.895687+00:00,2026-01-06 16:34:27.895687+00:00,267.895687,0.01,,0.01,0.99,0.99,,,27910.84,27909.57,,,,0.02,1172.99,0.98,1172.99,,
2026-01-06 16:34:28.906401+00:00,2026-01-06 16:34:28.906401+00:00,268.906401,0.01,,0.01,0.99,0.99,,,27910.84,27909.57,,,,0.02,1172.99,0.98,1172.99,,
2026-01-06 16:34:29.906748+00:00,2026-01-06 16:34:29.906748+00:00,269.906748,0.01,,0.01,0.99,0.99,,,27910.84,27909.57,,,,0.02,1172.99,0.98,1172.99,,
2026-01-06 16:34:30.955511+00:00,2026-01-06 16:34:30.955511+00:00,270.955511,0.01,,0.01,0.99,0.99,,,27910.84,27909.57,,,,0.02,1172.99,0.98,1172.99,,
2026-01-06 16:34:31.944337+00:00,2026-01-06 16:34:31.944337+00:00,271.944337,0.01,,0.01,0.99,0.99,,,27910.84,27909.57,,,,0.02,1172.99,0.98,1172.99,,
2026-01-06 16:34:32.960379+00:00,2026-01-06 16:34:32.960379+00:00,272.960379,0.01,,0.01,0.99,0.99,,,27910.84,27909.57,,,,0.02,1172.99,0.98,1172.99,,
2026-01-06 16:34:33.993508+00:00,2026-01-06 16:34:33.993508+00:00,273.993508,0.01,,0.01,0.99,0.99,,,27910.84,27909.57,,,,0.02,1172.99,0.98,1172.99,,
2026-01-06 16:34:34.963143+00:00,2026-01-06 16:34:34.963143+00:00,274.963143,0.01,,0.01,0.99,0.99,,,27910.84,27909.57,,,,0.02,1172.99,0.98,1172.99,,
2026-01-06 16:34:35.933759+00:00,2026-01-06 16:34:35.933759+00:00,275.933759,0.01,,0.01,0.99,0.99,,,27910.84,27909.57,,,,0.02,1172.99,0.98,1172.99,,
2026-01-06 16:34:36.968109+00:00,2026-01-06 16:34:36.968109+00:00,276.968109,0.01,,0.01,0.99,0.99,,,27910.84,27909.57,,,,0.02,1172.99,0.98,1172.99,,
2026-01-06 16:34:38.080189+00:00,2026-01-06 16:34:38.080189+00:00,278.080189,0.01,,0.01,0.99,0.99,,,27910.84,27909.57,,,,0.02,1172.99,0.98,1172.99,,
2026-01-06 16:34:39.019177+00:00,2026-01-06 16:34:39.019177+00:00,279.019177,0.01,,0.01,0.99,0.99,,,27910.84,27909.57,,,,0.02,1172.99,0.98,1172.99,,
2026-01-06 16:34:40.009624+00:00,2026-01-06 16:34:40.009624+00:00,280.009624,0.01,,0.01,0.99,0.99,,,27910.84,27909.57,,,,0.02,1172.99,0.98,1172.99,,
2026-01-06 16:34:41.138913+00:00,2026-01-06 16:34:41.138913+00:00,281.138913,0.01,,0.01,0.99,0.99,,,27910.84,27909.57,,,,0.02,1172.99,0.98,1172.99,,
2026-01-06 16:34:42.035032+00:00,2026-01-06 16:34:42.035032+00:00,282.035032,0.01,,0.01,0.99,0.99,,,27910.84,27909.57,,,,0.02,1172.99,0.98,1172.99,,
2026-01-06 16:34:43.036542+00:00,2026-01-06 16:34:43.036542+00:00,283.036542,0.01,,0.01,0.99,0.99,,,27910.84,27909.57,,,,0.02,1172.99,0.98,1172.99,,
2026-01-06 16:34:44.037574+00:00,2026-01-06 16:34:44.037574+00:00,284.037574,0.01,,0.01,0.99,0.99,,,27910.84,27909.57,,,,0.02,1172.99,0.98,1172.99,,
2026-01-06 16:34:45.033836+00:00,2026-01-06 16:34:45.033836+00:00,285.033836,0.01,,0.01,0.99,0.99,,,27910.84,27909.57,,,,0.02,1172.99,0.98,1172.99,,
2026-01-06 16:34:46.044318+00:00,2026-01-06 16:34:46.044318+00:00,286.044318,0.01,,0.01,0.99,0.99,,,27910.84,27909.57,,,,0.02,1172.99,0.98,1172.99,,
2026-01-06 16:34:47.101821+00:00,2026-01-06 16:34:47.101821+00:00,287.101821,0.01,,0.01,0.99,0.99,,,27910.84,27909.57,,,,0.02,1172.99,0.98,1172.99,,
2026-01-06 16:34:48.052351+00:00,2026-01-06 16:34:48.052351+00:00,288.052351,0.01,,0.01,0.99,0.99,,,27910.84,27909.57,,,,0.02,1172.99,0.98,1172.99,,
2026-01-06 16:34:49.068421+00:00,2026-01-06 16:34:49.068421+00:00,289.068421,0.01,,0.01,0.99,0.99,,,27910.84,27909.57,,,,0.02,1172.99,0.98,1172.99,,
2026-01-06 16:34:50.061241+00:00,2026-01-06 16:34:50.061241+00:00,290.061241,0.01,,0.01,0.99,0.99,,,27910.84,27909.57,,,,0.02,1172.99,0.98,1172.99,,
2026-01-06 16:34:51.082197+00:00,2026-01-06 16:34:51.082197+00:00,291.082197,0.01,,0.01,0.99,0.99,,,27910.84,27909.57,,,,0.02,1172.99,0.98,1172.99,,
2026-01-06 16:34:52.111666+00:00,2026-01-06 16:34:52.111666+00:00,292.111666,0.01,,0.01,0.99,0.99,,,27910.84,27909.57,,,,0.02,1172.99,0.98,1172.99,,
2026-01-06 16:34:53.100080+00:00,2026-01-06 16:34:53.100080+00:00,293.10008,0.01,,0.01,0.99,0.99,,,27910.84,27909.57,,,,0.02,1172.99,0.98,1172.99,,
2026-01-06 16:34:54.118980+00:00,2026-01-06 16:34:54.118980+00:00,294.11898,0.01,,0.01,0.99,0.99,,,27910.84,27909.57,,,,0.02,1172.99,0.98,1172.99,,
2026-01-06 16:34:55.111264+00:00,2026-01-06 16:34:55.111264+00:00,295.111264,0.01,,0.01,0.99,0.99,,,27910.84,27909.57,,,,0.02,1172.99,0.98,1172.99,,
2026-01-06 16:34:56.154524+00:00,2026-01-06 16:34:56.154524+00:00,296.154524,0.01,,0.01,0.99,0.99,,,27910.84,27909.57,,,,0.02,1172.99,0.98,1172.99,,
2026-01-06 16:34:57.178111+00:00,2026-01-06 16:34:57.178111+00:00,297.178111,0.01,,0.01,0.99,0.99,,,27910.84,27909.57,,,,0.02,1172.99,0.98,1172.99,,
2026-01-06 16:34:58.178903+00:00,2026-01-06 16:34:58.178903+00:00,298.178903,0.01,,0.01,0.99,0.99,,,27910.84,27909.57,,,,0.02,1172.99,0.98,1172.99,,
2026-01-06 16:34:59.142943+00:00,2026-01-06 16:34:59.142943+00:00,299.142943,0.01,,0.01,0.99,0.99,,,27910.84,27909.57,,,,0.02,1172.99,0.98,1172.99,,
2026-01-06 16:35:00.177920+00:00,2026-01-06 16:35:00.177920+00:00,300.17792,0.01,,0.01,0.99,0.99,,,27910.84,27909.57,,,,0.02,1172.99,0.98,1172.99,,
2026-01-06 16:35:01.183626+00:00,2026-01-06 16:35:01.183626+00:00,301.183626,0.01,,0.01,0.99,0.99,,,27910.84,27909.57,,,,0.02,1172.99,0.98,1172.99,,
2026-01-06 16:35:02.227541+00:00,2026-01-06 16:35:02.227541+00:00,302.227541,0.01,,0.01,0.99,0.99,,,27910.84,27909.57,,,,0.02,1172.99,0.98,1172.99,,
2026-01-06 16:35:03.174381+00:00,2026-01-06 16:35:03.174381+00:00,303.174381,0.01,,0.01,0.99,0.99,,,27910.84,27909.57,,,,0.02,1172.99,0.98,1172.99,,
2026-01-06 16:35:04.228942+00:00,2026-01-06 16:35:04.228942+00:00,304.228942,0.01,,0.01,0.99,0.99,,,27910.84,27909.57,,,,0.02,1172.99,0.98,1172.99,,
2026-01-06 16:35:05.209864+00:00,2026-01-06 16:35:05.209864+00:00,305.209864,0.01,,0.01,0.99,0.99,,,27910.84,27909.57,,,,0.02,1172.99,0.98,1172.99,,
2026-01-06 16:35:06.295966+00:00,2026-01-06 16:35:06.295966+00:00,306.295966,0.01,,0.01,0.99,0.99,,,27910.84,27909.57,,,,0.02,1172.99,0.98,1172.99,,
2026-01-06 16:35:07.257877+00:00,2026-01-06 16:35:07.257877+00:00,307.257877,0.01,,0.01,0.99,0.99,,,27910.84,27909.57,,,,0.02,1172.99,0.98,1172.99,,
2026-01-06 16:35:08.276496+00:00,2026-01-06 16:35:08.276496+00:00,308.276496,0.01,,0.01,0.99,0.99,,,27910.84,27909.57,,,,0.02,1172.99,0.98,1172.99,,
2026-01-06 16:35:09.262662+00:00,2026-01-06 16:35:09.262662+00:00,309.262662,0.01,,0.01,0.99,0.99,,,27910.84,27909.57,,,,0.02,1172.99,0.98,1172.99,,
2026-01-06 16:35:10.279565+00:00,2026-01-06 16:35:10.279565+00:00,310.279565,0.01,,0.01,0.99,0.99,,,27910.84,27909.57,,,,0.02,1172.99,0.98,1172.99,,
2026-01-06 16:35:11.332899+00:00,2026-01-06 16:35:11.332899+00:00,311.332899,0.01,,0.01,0.99,0.99,,,27910.84,27909.57,,,,0.02,1172.99,0.98,1172.99,,
2026-01-06 16:35:12.307828+00:00,2026-01-06 16:35:12.307828+00:00,312.307828,0.01,,0.01,0.99,0.99,,,27910.84,27909.57,,,,0.02,1172.99,0.98,1172.99,,
2026-01-06 16:35:13.324973+00:00,2026-01-06 16:35:13.324973+00:00,313.324973,0.01,,0.01,0.99,0.99,,,27910.84,27909.57,,,,0.02,1172.99,0.98,1172.99,,
2026-01-06 16:35:14.317919+00:00,2026-01-06 16:35:14.317919+00:00,314.317919,0.01,,0.01,0.99,0.99,,,27910.84,27909.57,,,,0.02,1172.99,0.98,1172.99,,
2026-01-06 16:35:15.347529+00:00,2026-01-06 16:35:15.347529+00:00,315.347529,0.01,,0.01,0.99,0.99,,,27910.84,27909.57,,,,0.02,1172.99,0.98,1172.99,,
2026-01-06 16:35:16.361287+00:00,2026-01-06 16:35:16.361287+00:00,316.361287,0.01,,0.01,0.99,0.99,,,27910.84,27909.57,,,,0.02,1172.99,0.98,1172.99,,
2026-01-06 16:35:17.426486+00:00,2026-01-06 16:35:17.426486+00:00,317.426486,0.01,,0.01,0.99,0.99,,,27910.84,27909.57,,,,0.02,1172.99,0.98,1172.99,,
2026-01-06 16:35:18.406444+00:00,2026-01-06 16:35:18.406444+00:00,318.406444,0.01,,0.01,0.99,0.99,,,27910.84,27909.57,,,,0.02,1172.99,0.98,1172.99,,
2026-01-06 16:35:19.349997+00:00,2026-01-06 16:35:19.349997+00:00,319.349997,0.01,,0.01,0.99,0.99,,,27910.84,27909.57,,,,0.02,1172.99,0.98,1172.99,,
2026-01-06 16:35:20.357792+00:00,2026-01-06 16:35:20.357792+00:00,320.357792,0.01,,0.01,0.99,0.99,,,27910.84,27909.57,,,,0.02,1172.99,0.98,1172.99,,
2026-01-06 16:35:21.359632+00:00,2026-01-06 16:35:21.359632+00:00,321.359632,0.01,,0.01,0.99,0.99,,,27910.84,27909.57,,,,0.02,1172.99,0.98,1172.99,,
2026-01-06 16:35:22.381703+00:00,2026-01-06 16:35:22.381703+00:00,322.381703,0.01,,0.01,0.99,0.99,,,27910.84,27909.57,,,,0.02,1172.99,0.98,1172.99,,
2026-01-06 16:35:23.416702+00:00,2026-01-06 16:35:23.416702+00:00,323.416702,0.01,,0.01,0.99,0.99,,,27910.84,27909.57,,,,0.02,1172.99,0.98,1172.99,,
2026-01-06 16:35:24.394934+00:00,2026-01-06 16:35:24.394934+00:00,324.394934,0.01,,0.01,0.99,0.99,,,27910.84,27909.57,,,,0.02,1172.99,0.98,1172.99,,
2026-01-06 16:35:25.433760+00:00,2026-01-06 16:35:25.433760+00:00,325.43376,0.01,,0.01,0.99,0.99,,,27910.84,27909.57,,,,0.02,1172.99,0.98,1172.99,,
2026-01-06 16:35:26.452057+00:00,2026-01-06 16:35:26.452057+00:00,326.452057,0.01,,0.01,0.99,0.99,,,27910.84,27909.57,,,,0.02,1172.99,0.98,1172.99,,
2026-01-06 16:35:27.466173+00:00,2026-01-06 16:35:27.466173+00:00,327.466173,0.01,,0.01,0.99,0.99,,,27910.84,27909.57,,,,0.02,1172.99,0.98,1172.99,,
2026-01-06 16:35:28.458479+00:00,2026-01-06 16:35:28.458479+00:00,328.458479,0.01,,0.01,0.99,0.99,,,27910.84,27909.57,,,,0.02,1172.99,0.98,1172.99,,
2026-01-06 16:35:29.454816+00:00,2026-01-06 16:35:29.454816+00:00,329.454816,0.01,,0.01,0.99,0.99,,,27910.84,27909.57,,,,0.02,1172.99,0.98,1172.99,,
2026-01-06 16:35:30.454364+00:00,2026-01-06 16:35:30.454364+00:00,330.454364,0.01,,0.01,0.99,0.99,,,27910.84,27909.57,,,,0.02,1172.99,0.98,1172.99,,
2026-01-06 16:35:31.480249+00:00,2026-01-06 16:35:31.480249+00:00,331.480249,0.01,,0.01,0.99,0.99,,,27910.84,27909.57,,,,0.02,1172.99,0.98,1172.99,,
2026-01-06 16:35:32.496614+00:00,2026-01-06 16:35:32.496614+00:00,332.496614,0.01,,0.01,0.99,0.99,,,27910.84,27909.57,,,,0.02,1172.99,0.98,1172.99,,
2026-01-06 16:35:33.511478+00:00,2026-01-06 16:35:33.511478+00:00,333.511478,0.01,,0.01,0.99,0.99,,,27910.84,27909.57,,,,0.02,1172.99,0.98,1172.99,,
2026-01-06 16:35:34.627022+00:00,2026-01-06 16:35:34.627022+00:00,334.627022,0.01,,0.01,0.99,0.99,,,27910.84,27909.57,,,,0.02,1172.99,0.98,1172.99,,
2026-01-06 16:35:35.564401+00:00,2026-01-06 16:35:35.564401+00:00,335.564401,0.01,,0.01,0.99,0.99,,,27910.84,27909.57,,,,0.02,1172.99,0.98,1172.99,,
2026-01-06 16:35:36.549897+00:00,2026-01-06 16:35:36.549897+00:00,336.549897,0.01,,0.01,0.99,0.99,,,27910.84,27909.57,,,,0.02,1172.99,0.98,1172.99,,
2026-01-06 16:35:37.557767+00:00,2026-01-06 16:35:37.557767+00:00,337.557767,0.01,,0.01,0.99,0.99,,,27910.84,27909.57,,,,0.02,1172.99,0.98,1172.99,,
2026-01-06 16:35:38.593082+00:00,2026-01-06 16:35:38.593082+00:00,338.593082,0.01,,0.01,0.99,0.99,,,27910.84,27909.57,,,,0.02,1172.99,0.98,1172.99,,
2026-01-06 16:35:39.544004+00:00,2026-01-06 16:35:39.544004+00:00,339.544004,0.01,,0.01,0.99,0.99,,,27910.84,27909.57,,,,0.02,1172.99,0.98,1172.99,,
2026-01-06 16:35:40.556894+00:00,2026-01-06 16:35:40.556894+00:00,340.556894,0.01,,0.01,0.99,0.99,,,27910.84,27909.57,,,,0.02,1172.99,0.98,1172.99,,
2026-01-06 16:35:41.661302+00:00,2026-01-06 16:35:41.661302+00:00,341.661302,0.01,,0.01,0.99,0.99,,,27910.84,27909.57,,,,0.02,1172.99,0.98,1172.99,,
2026-01-06 16:35:42.585491+00:00,2026-01-06 16:35:42.585491+00:00,342.585491,0.01,,0.01,0.99,0.99,,,27910.84,27909.57,,,,0.02,1172.99,0.98,1172.99,,
2026-01-06 16:35:43.579796+00:00,2026-01-06 16:35:43.579796+00:00,343.579796,0.01,,0.01,0.99,0.99,,,27910.84,27909.57,,,,0.02,1172.99,0.98,1172.99,,
2026-01-06 16:35:44.628689+00:00,2026-01-06 16:35:44.628689+00:00,344.628689,0.01,,0.01,0.99,0.99,,,27910.84,27909.57,,,,0.02,1172.99,0.98,1172.99,,
2026-01-06 16:35:45.681633+00:00,2026-01-06 16:35:45.681633+00:00,345.681633,0.01,,0.01,0.99,0.99,,,27910.84,27909.57,,,,0.02,1172.99,0.98,1172.99,,
2026-01-06 16:35:46.698935+00:00,2026-01-06 16:35:46.698935+00:00,346.698935,0.01,,0.01,0.99,0.99,,,27910.84,27909.57,,,,0.02,1172.99,0.98,1172.99,,
2026-01-06 16:35:47.606173+00:00,2026-01-06 16:35:47.606173+00:00,347.606173,0.01,,0.01,0.99,0.99,,,27910.84,27909.57,,,,0.02,1172.99,0.98,1172.99,,
2026-01-06 16:35:48.643517+00:00,2026-01-06 16:35:48.643517+00:00,348.643517,0.01,,0.01,0.99,0.99,,,27910.84,27909.57,,,,0.02,1172.99,0.98,1172.99,,
2026-01-06 16:35:49.594508+00:00,2026-01-06 16:35:49.594508+00:00,349.594508,0.01,,0.01,0.99,0.99,,,27910.84,27909.57,,,,0.02,1172.99,0.98,1172.99,,
2026-01-06 16:35:50.606877+00:00,2026-01-06 16:35:50.606877+00:00,350.606877,0.01,,0.01,0.99,0.99,,,27910.84,27909.57,,,,0.02,1172.99,0.98,1172.99,,
2026-01-06 16:35:51.818258+00:00,2026-01-06 16:35:51.818258+00:00,351.818258,0.01,,0.01,0.99,0.99,,,27910.84,27909.57,,,,0.02,1172.99,0.98,1172.99,,
2026-01-06 16:35:52.691470+00:00,2026-01-06 16:35:52.691470+00:00,352.69147,0.01,,0.01,0.99,0.99,,,27910.84,27909.57,,,,0.02,1172.99,0.98,1172.99,,
2026-01-06 16:35:53.636103+00:00,2026-01-06 16:35:53.636103+00:00,353.636103,0.01,,0.01,0.99,0.99,,,27910.84,27909.57,,,,0.02,1172.99,0.98,1172.99,,
2026-01-06 16:35:54.636681+00:00,2026-01-06 16:35:54.636681+00:00,354.636681,0.01,,0.01,0.99,0.99,,,27910.84,27909.57,,,,0.02,1172.99,0.98,1172.99,,
2026-01-06 16:35:55.664252+00:00,2026-01-06 16:35:55.664252+00:00,355.664252,0.01,,0.01,0.99,0.99,,,27910.84,27909.57,,,,0.02,1172.99,0.98,1172.99,,
2026-01-06 16:35:56.660308+00:00,2026-01-06 16:35:56.660308+00:00,356.660308,0.01,,0.01,0.99,0.99,,,27910.84,27909.57,,,,0.02,1172.99,0.98,1172.99,,
2026-01-06 16:35:57.687490+00:00,2026-01-06 16:35:57.687490+00:00,357.68749,0.01,,0.01,0.99,0.99,,,27910.84,27909.57,,,,0.02,1172.99,0.98,1172.99,,
2026-01-06 16:35:58.671617+00:00,2026-01-06 16:35:58.671617+00:00,358.671617,0.01,,0.01,0.99,0.99,,,27910.84,27909.57,,,,0.02,1172.99,0.98,1172.99,,
2026-01-06 16:35:59.676846+00:00,2026-01-06 16:35:59.676846+00:00,359.676846,0.01,,0.01,0.99,0.99,,,27910.84,27909.57,,,,0.02,1172.99,0.98,1172.99,,
2026-01-06 16:36:00.709781+00:00,2026-01-06 16:36:00.709781+00:00,360.709781,0.01,,0.01,0.99,0.99,,,27910.84,27909.57,,,,0.02,1172.99,0.98,1172.99,,
2026-01-06 16:36:01.683332+00:00,2026-01-06 16:36:01.683332+00:00,361.683332,0.01,,0.01,0.99,0.99,,,27910.84,27909.57,,,,0.02,1172.99,0.98,1172.99,,
2026-01-06 16:36:02.695790+00:00,2026-01-06 16:36:02.695790+00:00,362.69579,0.01,,0.01,0.99,0.99,,,27910.84,27909.57,,,,0.02,1172.99,0.98,1172.99,,
2026-01-06 16:36:03.684008+00:00,2026-01-06 16:36:03.684008+00:00,363.684008,0.01,,0.01,0.99,0.99,,,27910.84,27909.57,,,,0.02,1172.99,0.98,1172.99,,
2026-01-06 16:36:04.717218+00:00,2026-01-06 16:36:04.717218+00:00,364.717218,0.01,,0.01,0.99,0.99,,,27910.84,27909.57,,,,0.02,1172.99,0.98,1172.99,,
2026-01-06 16:36:05.689495+00:00,2026-01-06 16:36:05.689495+00:00,365.689495,0.01,,0.01,0.99,0.99,,,27910.84,27909.57,,,,0.02,1172.99,0.98,1172.99,,
2026-01-06 16:36:06.715003+00:00,2026-01-06 16:36:06.715003+00:00,366.715003,0.01,,0.01,0.99,0.99,,,27910.84,27909.57,,,,0.02,1172.99,0.98,1172.99,,
2026-01-06 16:36:07.716498+00:00,2026-01-06 16:36:07.716498+00:00,367.716498,0.01,,0.01,0.99,0.99,,,27910.84,27909.57,,,,0.02,1172.99,0.98,1172.99,,
2026-01-06 16:36:08.789312+00:00,2026-01-06 16:36:08.789312+00:00,368.789312,0.01,,0.01,0.99,0.99,,,27910.84,27909.57,,,,0.02,1172.99,0.98,1172.99,,
2026-01-06 16:36:09.745211+00:00,2026-01-06 16:36:09.745211+00:00,369.745211,0.01,,0.01,0.99,0.99,,,27910.84,27909.57,,,,0.02,1172.99,0.98,1172.99,,
2026-01-06 16:36:10.760466+00:00,2026-01-06 16:36:10.760466+00:00,370.760466,0.01,,0.01,0.99,0.99,,,27910.84,27909.57,,,,0.02,1172.99,0.98,1172.99,,
2026-01-06 16:36:11.754606+00:00,2026-01-06 16:36:11.754606+00:00,371.754606,0.01,,0.01,0.99,0.99,,,27910.84,27909.57,,,,0.02,1172.99,0.98,1172.99,,
2026-01-06 16:36:12.775514+00:00,2026-01-06 16:36:12.775514+00:00,372.775514,0.01,,0.01,0.99,0.99,,,27910.84,27909.57,,,,0.02,1172.99,0.98,1172.99,,
2026-01-06 16:36:13.772139+00:00,2026-01-06 16:36:13.772139+00:00,373.772139,0.01,,0.01,0.99,0.99,,,27910.84,27909.57,,,,0.02,1172.99,0.98,1172.99,,
2026-01-06 16:36:14.742437+00:00,2026-01-06 16:36:14.742437+00:00,374.742437,0.01,,0.01,0.99,0.99,,,27910.84,27909.57,,,,0.02,1172.99,0.98,1172.99,,
2026-01-06 16:36:15.776737+00:00,2026-01-06 16:36:15.776737+00:00,375.776737,0.01,,0.01,0.99,0.99,,,27910.84,27909.57,,,,0.02,1172.99,0.98,1172.99,,
2026-01-06 16:36:16.797307+00:00,2026-01-06 16:36:16.797307+00:00,376.797307,0.01,,0.01,0.99,0.99,,,27910.84,27909.57,,,,0.02,1172.99,0.98,1172.99,,
2026-01-06 16:36:17.803391+00:00,2026-01-06 16:36:17.803391+00:00,377.803391,0.01,,0.01,0.99,0.99,,,27910.84,27909.57,,,,0.02,1172.99,0.98,1172.99,,
2026-01-06 16:36:18.824831+00:00,2026-01-06 16:36:18.824831+00:00,378.824831,0.01,,0.01,0.99,0.99,,,27910.84,27909.57,,,,0.02,1172.99,0.98,1172.99,,
2026-01-06 16:36:19.813694+00:00,2026-01-06 16:36:19.813694+00:00,379.813694,0.01,,0.01,0.99,0.99,,,27910.84,27909.57,,,,0.02,1172.99,0.98,1172.99,,
2026-01-06 16:36:20.807692+00:00,2026-01-06 16:36:20.807692+00:00,380.807692,0.01,,0.01,0.99,0.99,,,27910.84,27909.57,,,,0.02,1172.99,0.98,1172.99,,
2026-01-06 16:36:21.799733+00:00,2026-01-06 16:36:21.799733+00:00,381.799733,0.01,,0.01,0.99,0.99,,,27910.84,27909.57,,,,0.02,1172.99,0.98,1172.99,,
2026-01-06 16:36:22.824534+00:00,2026-01-06 16:36:22.824534+00:00,382.824534,0.01,,0.01,0.99,0.99,,,27910.84,27909.57,,,,0.02,1172.99,0.98,1172.99,,
2026-01-06 16:36:23.880575+00:00,2026-01-06 16:36:23.880575+00:00,383.880575,0.01,,0.01,0.99,0.99,,,27910.84,27909.57,,,,0.02,1172.99,0.98,1172.99,,
2026-01-06 16:36:24.825953+00:00,2026-01-06 16:36:24.825953+00:00,384.825953,0.01,,0.01,0.99,0.99,,,27910.84,27909.57,,,,0.02,1172.99,0.98,1172.99,,
2026-01-06 16:36:25.875447+00:00,2026-01-06 16:36:25.875447+00:00,385.875447,0.01,,0.01,0.99,0.99,,,27910.84,27909.57,,,,0.02,1172.99,0.98,1172.99,,
2026-01-06 16:36:26.855075+00:00,2026-01-06 16:36:26.855075+00:00,386.855075,0.01,,0.01,0.99,0.99,,,27910.84,27909.57,,,,0.02,1172.99,0.98,1172.99,,
2026-01-06 16:36:27.858901+00:00,2026-01-06 16:36:27.858901+00:00,387.858901,0.01,,0.01,0.99,0.99,,,27910.84,27909.57,,,,0.02,1172.99,0.98,1172.99,,
2026-01-06 16:36:28.884415+00:00,2026-01-06 16:36:28.884415+00:00,388.884415,0.01,,0.01,0.99,0.99,,,27910.84,27909.57,,,,0.02,1172.99,0.98,1172.99,,
2026-01-06 16:36:29.867305+00:00,2026-01-06 16:36:29.867305+00:00,389.867305,0.01,,0.01,0.99,0.99,,,27910.84,27909.57,,,,0.02,1172.99,0.98,1172.99,,
2026-01-06 16:36:30.942451+00:00,2026-01-06 16:36:30.942451+00:00,390.942451,0.01,,0.01,0.99,0.99,,,27910.84,27909.57,,,,0.02,1172.99,0.98,1172.99,,
2026-01-06 16:36:31.899445+00:00,2026-01-06 16:36:31.899445+00:00,391.899445,0.01,,0.01,0.99,0.99,,,27910.84,27909.57,,,,0.02,1172.99,0.98,1172.99,,
2026-01-06 16:36:32.903923+00:00,2026-01-06 16:36:32.903923+00:00,392.903923,0.01,,0.01,0.99,0.99,,,27910.84,27909.57,,,,0.02,1172.99,0.98,1172.99,,
2026-01-06 16:36:33.925878+00:00,2026-01-06 16:36:33.925878+00:00,393.925878,0.01,,0.01,0.99,0.99,,,27910.84,27909.57,,,,0.02,1172.99,0.98,1172.99,,
2026-01-06 16:36:34.970154+00:00,2026-01-06 16:36:34.970154+00:00,394.970154,0.01,,0.01,0.99,0.99,,,27910.84,27909.57,,,,0.02,1172.99,0.98,1172.99,,
2026-01-06 16:36:35.963334+00:00,2026-01-06 16:36:35.963334+00:00,395.963334,0.01,,0.01,0.99,0.99,,,27910.84,27909.57,,,,0.02,1172.99,0.98,1172.99,,
2026-01-06 16:36:36.942715+00:00,2026-01-06 16:36:36.942715+00:00,396.942715,0.01,,0.01,0.99,0.99,,,27910.84,27909.57,,,,0.02,1172.99,0.98,1172.99,,
2026-01-06 16:36:37.950090+00:00,2026-01-06 16:36:37.950090+00:00,397.95009,0.01,,0.01,0.99,0.99,,,27910.84,27909.57,,,,0.02,1172.99,0.98,1172.99,,
2026-01-06 16:36:38.959082+00:00,2026-01-06 16:36:38.959082+00:00,398.959082,0.01,,0.01,0.99,0.99,,,27910.84,27909.57,,,,0.02,1172.99,0.98,1172.99,,
2026-01-06 16:36:39.953898+00:00,2026-01-06 16:36:39.953898+00:00,399.953898,0.01,,0.01,0.99,0.99,,,27910.84,27909.57,,,,0.02,1172.99,0.98,1172.99,,
2026-01-06 16:36:40.965598+00:00,2026-01-06 16:36:40.965598+00:00,400.965598,0.01,,0.01,0.99,0.99,,,27910.84,27909.57,,,,0.02,1172.99,0.98,1172.99,,
2026-01-06 16:36:41.995903+00:00,2026-01-06 16:36:41.995903+00:00,401.995903,0.01,,0.01,0.99,0.99,,,27910.84,27909.57,,,,0.02,1172.99,0.98,1172.99,,
2026-01-06 16:36:43.000146+00:00,2026-01-06 16:36:43.000146+00:00,403.000146,0.01,,0.01,0.99,0.99,,,27910.84,27909.57,,,,0.02,1172.99,0.98,1172.99,,
2026-01-06 16:36:44.008822+00:00,2026-01-06 16:36:44.008822+00:00,404.008822,0.01,,0.01,0.99,0.99,,,27910.84,27909.57,,,,0.02,1172.99,0.98,1172.99,,
2026-01-06 16:36:45.056963+00:00,2026-01-06 16:36:45.056963+00:00,405.056963,0.01,,0.01,0.99,0.99,,,27910.84,27909.57,,,,0.02,1172.99,0.98,1172.99,,
2026-01-06 16:36:46.141205+00:00,2026-01-06 16:36:46.141205+00:00,406.141205,0.01,,0.01,0.99,0.99,,,27910.84,27909.57,,,,0.02,1172.99,0.98,1172.99,,
2026-01-06 16:36:47.030954+00:00,2026-01-06 16:36:47.030954+00:00,407.030954,0.01,,0.01,0.99,0.99,,,27910.84,27909.57,,,,0.02,1172.99,0.98,1172.99,,
2026-01-06 16:36:48.058700+00:00,2026-01-06 16:36:48.058700+00:00,408.0587,0.01,,0.01,0.99,0.99,,,27910.84,27909.57,,,,0.02,1172.99,0.98,1172.99,,
2026-01-06 16:36:49.049606+00:00,2026-01-06 16:36:49.049606+00:00,409.049606,0.01,,0.01,0.99,0.99,,,27910.84,27909.57,,,,0.02,1172.99,0.98,1172.99,,
2026-01-06 16:36:50.093632+00:00,2026-01-06 16:36:50.093632+00:00,410.093632,0.01,,0.01,0.99,0.99,,,27910.84,27909.57,,,,0.02,1172.99,0.98,1172.99,,
2026-01-06 16:36:51.074774+00:00,2026-01-06 16:36:51.074774+00:00,411.074774,0.01,,0.01,0.99,0.99,,,27910.84,27909.57,,,,0.02,1172.99,0.98,1172.99,,
2026-01-06 16:36:52.132325+00:00,2026-01-06 16:36:52.132325+00:00,412.132325,0.01,,0.01,0.99,0.99,,,27910.84,27909.57,,,,0.02,1172.99,0.98,1172.99,,
2026-01-06 16:36:53.129005+00:00,2026-01-06 16:36:53.129005+00:00,413.129005,0.01,,0.01,0.99,0.99,,,27910.84,27909.57,,,,0.02,1172.99,0.98,1172.99,,
2026-01-06 16:36:54.145135+00:00,2026-01-06 16:36:54.145135+00:00,414.145135,0.01,,0.01,0.99,0.99,,,27910.84,27909.57,,,,0.02,1172.99,0.98,1172.99,,
2026-01-06 16:36:55.108307+00:00,2026-01-06 16:36:55.108307+00:00,415.108307,0.01,,0.01,0.99,0.99,,,27910.84,27909.57,,,,0.02,1172.99,0.98,1172.99,,
2026-01-06 16:36:56.134487+00:00,2026-01-06 16:36:56.134487+00:00,416.134487,0.01,,0.01,0.99,0.99,,,27910.84,27909.57,,,,0.02,1172.99,0.98,1172.99,,
2026-01-06 16:36:57.131448+00:00,2026-01-06 16:36:57.131448+00:00,417.131448,0.01,,0.01,0.99,0.99,,,27910.84,27909.57,,,,0.02,1172.99,0.98,1172.99,,
2026-01-06 16:36:58.109220+00:00,2026-01-06 16:36:58.109220+00:00,418.10922,0.01,,0.01,0.99,0.99,,,27910.84,27909.57,,,,0.02,1172.99,0.98,1172.99,,
2026-01-06 16:36:59.140344+00:00,2026-01-06 16:36:59.140344+00:00,419.140344,0.01,,0.01,0.99,0.99,,,27910.84,27909.57,,,,0.02,1172.99,0.98,1172.99,,
2026-01-06 16:37:00.093583+00:00,2026-01-06 16:37:00.093583+00:00,420.093583,0.01,,0.01,0.99,0.99,,,27910.84,27909.57,,,,0.02,1172.99,0.98,1172.99,,
2026-01-06 16:37:01.106615+00:00,2026-01-06 16:37:01.106615+00:00,421.106615,0.01,,0.01,0.99,0.99,,,27910.84,27909.57,,,,0.02,1172.99,0.98,1172.99,,
2026-01-06 16:37:02.126774+00:00,2026-01-06 16:37:02.126774+00:00,422.126774,0.01,,0.01,0.99,0.99,,,27910.84,27909.57,,,,0.02,1172.99,0.98,1172.99,,
2026-01-06 16:37:03.124176+00:00,2026-01-06 16:37:03.124176+00:00,423.124176,0.01,,0.01,0.99,0.99,,,27910.84,27909.57,,,,0.02,1172.99,0.98,1172.99,,
2026-01-06 16:37:04.157749+00:00,2026-01-06 16:37:04.157749+00:00,424.157749,0.01,,0.01,0.99,0.99,,,27910.84,27909.57,,,,0.02,1172.99,0.98,1172.99,,
2026-01-06 16:37:05.144649+00:00,2026-01-06 16:37:05.144649+00:00,425.144649,0.01,,0.01,0.99,0.99,,,27910.84,27909.57,,,,0.02,1172.99,0.98,1172.99,,
2026-01-06 16:37:06.144213+00:00,2026-01-06 16:37:06.144213+00:00,426.144213,0.01,,0.01,0.99,0.99,,,27910.84,27909.57,,,,0.02,1172.99,0.98,1172.99,,
2026-01-06 16:37:07.161206+00:00,2026-01-06 16:37:07.161206+00:00,427.161206,0.01,,0.01,0.99,0.99,,,27910.84,27909.57,,,,0.02,1172.99,0.98,1172.99,,
2026-01-06 16:37:08.172524+00:00,2026-01-06 16:37:08.172524+00:00,428.172524,0.01,,0.01,0.99,0.99,,,27910.84,27909.57,,,,0.02,1172.99,0.98,1172.99,,
2026-01-06 16:37:09.192837+00:00,2026-01-06 16:37:09.192837+00:00,429.192837,0.01,,0.01,0.99,0.99,,,27910.84,27909.57,,,,0.02,1172.99,0.98,1172.99,,
2026-01-06 16:37:10.183048+00:00,2026-01-06 16:37:10.183048+00:00,430.183048,0.01,,0.01,0.99,0.99,,,27910.84,27909.57,,,,0.02,1172.99,0.98,1172.99,,
2026-01-06 16:37:11.226142+00:00,2026-01-06 16:37:11.226142+00:00,431.226142,0.01,,0.01,0.99,0.99,,,27910.84,27909.57,,,,0.02,1172.99,0.98,1172.99,,
2026-01-06 16:37:12.247574+00:00,2026-01-06 16:37:12.247574+00:00,432.247574,0.01,,0.01,0.99,0.99,,,27910.84,27909.57,,,,0.02,1172.99,0.98,1172.99,,
2026-01-06 16:37:13.229052+00:00,2026-01-06 16:37:13.229052+00:00,433.229052,0.01,,0.01,0.99,0.99,,,27910.84,27909.57,,,,0.02,1172.99,0.98,1172.99,,
2026-01-06 16:37:14.228633+00:00,2026-01-06 16:37:14.228633+00:00,434.228633,0.01,,0.01,0.99,0.99,,,27910.84,27909.57,,,,0.02,1172.99,0.98,1172.99,,
2026-01-06 16:37:15.215376+00:00,2026-01-06 16:37:15.215376+00:00,435.215376,0.01,,0.01,0.99,0.99,,,27910.84,27909.57,,,,0.02,1172.99,0.98,1172.99,,
2026-01-06 16:37:16.308542+00:00,2026-01-06 16:37:16.308542+00:00,436.308542,0.01,,0.01,0.99,0.99,,,27910.84,27909.57,,,,0.02,1172.99,0.98,1172.99,,
2026-01-06 16:37:17.264364+00:00,2026-01-06 16:37:17.264364+00:00,437.264364,0.01,,0.01,0.99,0.99,,,27910.84,27909.57,,,,0.02,1172.99,0.98,1172.99,,
2026-01-06 16:37:18.257363+00:00,2026-01-06 16:37:18.257363+00:00,438.257363,0.01,,0.01,0.99,0.99,,,27910.84,27909.57,,,,0.02,1172.99,0.98,1172.99,,
2026-01-06 16:37:19.273712+00:00,2026-01-06 16:37:19.273712+00:00,439.273712,0.01,,0.01,0.99,0.99,,,27910.84,27909.57,,,,0.02,1172.99,0.98,1172.99,,
2026-01-06 16:37:20.276473+00:00,2026-01-06 16:37:20.276473+00:00,440.276473,0.01,,0.01,0.99,0.99,,,27910.84,27909.57,,,,0.02,1172.99,0.98,1172.99,,
2026-01-06 16:37:21.269083+00:00,2026-01-06 16:37:21.269083+00:00,441.269083,0.01,,0.01,0.99,0.99,,,27910.84,27909.57,,,,0.02,1172.99,0.98,1172.99,,
2026-01-06 16:37:22.259588+00:00,2026-01-06 16:37:22.259588+00:00,442.259588,0.01,,0.01,0.99,0.99,,,27910.84,27909.57,,,,0.02,1172.99,0.98,1172.99,,
2026-01-06 16:37:23.260197+00:00,2026-01-06 16:37:23.260197+00:00,443.260197,0.01,,0.01,0.99,0.99,,,27910.84,27909.57,,,,0.02,1172.99,0.98,1172.99,,
2026-01-06 16:37:24.274008+00:00,2026-01-06 16:37:24.274008+00:00,444.274008,0.01,,0.01,0.99,0.99,,,27910.84,27909.57,,,,0.02,1172.99,0.98,1172.99,,
2026-01-06 16:37:25.251895+00:00,2026-01-06 16:37:25.251895+00:00,445.251895,0.01,,0.01,0.99,0.99,,,27910.84,27909.57,,,,0.02,1172.99,0.98,1172.99,,
2026-01-06 16:37:26.281127+00:00,2026-01-06 16:37:26.281127+00:00,446.281127,0.01,,0.01,0.99,0.99,,,27910.84,27909.57,,,,0.02,1172.99,0.98,1172.99,,
2026-01-06 16:37:27.326311+00:00,2026-01-06 16:37:27.326311+00:00,447.326311,0.01,,0.01,0.99,0.99,,,27910.84,27909.57,,,,0.02,1172.99,0.98,1172.99,,
2026-01-06 16:37:28.331888+00:00,2026-01-06 16:37:28.331888+00:00,448.331888,0.01,,0.01,0.99,0.99,,,27910.84,27909.57,,,,0.02,1172.99,0.98,1172.99,,
2026-01-06 16:37:29.293849+00:00,2026-01-06 16:37:29.293849+00:00,449.293849,0.01,,0.01,0.99,0.99,,,27910.84,27909.57,,,,0.02,1172.99,0.98,1172.99,,
2026-01-06 16:37:30.291950+00:00,2026-01-06 16:37:30.291950+00:00,450.29195,0.01,,0.01,0.99,0.99,,,27910.84,27909.57,,,,0.02,1172.99,0.98,1172.99,,
2026-01-06 16:37:31.303889+00:00,2026-01-06 16:37:31.303889+00:00,451.303889,0.01,,0.01,0.99,0.99,,,27910.84,27909.57,,,,0.02,1172.99,0.98,1172.99,,
2026-01-06 16:37:32.293856+00:00,2026-01-06 16:37:32.293856+00:00,452.293856,0.01,,0.01,0.99,0.99,,,27910.84,27909.57,,,,0.02,1172.99,0.98,1172.99,,
2026-01-06 16:37:33.344654+00:00,2026-01-06 16:37:33.344654+00:00,453.344654,0.01,,0.01,0.99,0.99,,,27910.84,27909.57,,,,0.02,1172.99,0.98,1172.99,,
2026-01-06 16:37:34.375396+00:00,2026-01-06 16:37:34.375396+00:00,454.375396,0.01,,0.01,0.99,0.99,,,27910.84,27909.57,,,,0.02,1172.99,0.98,1172.99,,
2026-01-06 16:37:35.391484+00:00,2026-01-06 16:37:35.391484+00:00,455.391484,0.01,,0.01,0.99,0.99,,,27910.84,27909.57,,,,0.02,1172.99,0.98,1172.99,,
2026-01-06 16:37:36.359502+00:00,2026-01-06 16:37:36.359502+00:00,456.359502,0.01,,0.01,0.99,0.99,,,27910.84,27909.57,,,,0.02,1172.99,0.98,1172.99,,
2026-01-06 16:37:37.367620+00:00,2026-01-06 16:37:37.367620+00:00,457.36762,0.01,,0.01,0.99,0.99,,,27910.84,27909.57,,,,0.02,1172.99,0.98,1172.99,,
2026-01-06 16:37:38.372819+00:00,2026-01-06 16:37:38.372819+00:00,458.372819,0.01,,0.01,0.99,0.99,,,27910.84,27909.57,,,,0.02,1172.99,0.98,1172.99,,
2026-01-06 16:37:39.391394+00:00,2026-01-06 16:37:39.391394+00:00,459.391394,0.01,,0.01,0.99,0.99,,,27910.84,27909.57,,,,0.02,1172.99,0.98,1172.99,,
2026-01-06 16:37:40.440451+00:00,2026-01-06 16:37:40.440451+00:00,460.440451,0.01,,0.01,0.99,0.99,,,27910.84,27909.57,,,,0.02,1172.99,0.98,1172.99,,
2026-01-06 16:37:41.441956+00:00,2026-01-06 16:37:41.441956+00:00,461.441956,0.01,,0.01,0.99,0.99,,,27910.84,27909.57,,,,0.02,1172.99,0.98,1172.99,,
2026-01-06 16:37:42.435669+00:00,2026-01-06 16:37:42.435669+00:00,462.435669,0.01,,0.01,0.99,0.99,,,27910.84,27909.57,,,,0.02,1172.99,0.98,1172.99,,
2026-01-06 16:37:43.436500+00:00,2026-01-06 16:37:43.436500+00:00,463.4365,0.01,,0.01,0.99,0.99,,,27910.84,27909.57,,,,0.02,1172.99,0.98,1172.99,,
2026-01-06 16:37:44.474759+00:00,2026-01-06 16:37:44.474759+00:00,464.474759,0.01,,0.01,0.99,0.99,,,27910.84,27909.57,,,,0.02,1172.99,0.98,1172.99,,
2026-01-06 16:37:45.451304+00:00,2026-01-06 16:37:45.451304+00:00,465.451304,0.01,,0.01,0.99,0.99,,,27910.84,27909.57,,,,0.02,1172.99,0.98,1172.99,,
2026-01-06 16:37:46.477712+00:00,2026-01-06 16:37:46.477712+00:00,466.477712,0.01,,0.01,0.99,0.99,,,27910.84,27909.57,,,,0.02,1172.99,0.98,1172.99,,
2026-01-06 16:37:47.485385+00:00,2026-01-06 16:37:47.485385+00:00,467.485385,0.01,,0.01,0.99,0.99,,,27910.84,27909.57,,,,0.02,1172.99,0.98,1172.99,,
2026-01-06 16:37:48.502180+00:00,2026-01-06 16:37:48.502180+00:00,468.50218,0.01,,0.01,0.99,0.99,,,27910.84,27909.57,,,,0.02,1172.99,0.98,1172.99,,
2026-01-06 16:37:49.510278+00:00,2026-01-06 16:37:49.510278+00:00,469.510278,0.01,,0.01,0.99,0.99,,,27910.84,27909.57,,,,0.02,1172.99,0.98,1172.99,,
2026-01-06 16:37:50.528482+00:00,2026-01-06 16:37:50.528482+00:00,470.528482,0.01,,0.01,0.99,0.99,,,27910.84,27909.57,,,,0.02,1172.99,0.98,1172.99,,
2026-01-06 16:37:51.558481+00:00,2026-01-06 16:37:51.558481+00:00,471.558481,0.01,,0.01,0.99,0.99,,,27910.84,27909.57,,,,0.02,1172.99,0.98,1172.99,,
2026-01-06 16:37:52.558195+00:00,2026-01-06 16:37:52.558195+00:00,472.558195,0.01,,0.01,0.99,0.99,,,27910.84,27909.57,,,,0.02,1172.99,0.98,1172.99,,
2026-01-06 16:37:53.572870+00:00,2026-01-06 16:37:53.572870+00:00,473.57287,0.01,,0.01,0.99,0.99,,,27910.84,27909.57,,,,0.02,1172.99,0.98,1172.99,,
2026-01-06 16:37:54.586650+00:00,2026-01-06 16:37:54.586650+00:00,474.58665,0.01,,0.01,0.99,0.99,,,27910.84,27909.57,,,,0.02,1172.99,0.98,1172.99,,
2026-01-06 16:37:55.591610+00:00,2026-01-06 16:37:55.591610+00:00,475.59161,0.01,,0.01,0.99,0.99,,,27910.84,27909.57,,,,0.02,1172.99,0.98,1172.99,,
2026-01-06 16:37:56.592250+00:00,2026-01-06 16:37:56.592250+00:00,476.59225,0.01,,0.01,0.99,0.99,,,27910.84,27909.57,,,,0.02,1172.99,0.98,1172.99,,
2026-01-06 16:37:57.657930+00:00,2026-01-06 16:37:57.657930+00:00,477.65793,0.01,,0.01,0.99,0.99,,,27910.84,27909.57,,,,0.02,1172.99,0.98,1172.99,,
2026-01-06 16:37:58.645335+00:00,2026-01-06 16:37:58.645335+00:00,478.645335,0.01,,0.01,0.99,0.99,,,27910.84,27909.57,,,,0.02,1172.99,0.98,1172.99,,
2026-01-06 16:37:59.662446+00:00,2026-01-06 16:37:59.662446+00:00,479.662446,0.01,,0.01,0.99,0.99,,,27910.84,27909.57,,,,0.02,1172.99,0.98,1172.99,,
2026-01-06 16:38:00.690529+00:00,2026-01-06 16:38:00.690529+00:00,480.690529,0.01,,0.01,0.99,0.99,,,27910.84,27909.57,,,,0.02,1172.99,0.98,1172.99,,
2026-01-06 16:38:01.640896+00:00,2026-01-06 16:38:01.640896+00:00,481.640896,0.01,,0.01,0.99,0.99,,,27910.84,27909.57,,,,0.02,1172.99,0.98,1172.99,,
2026-01-06 16:38:02.634723+00:00,2026-01-06 16:38:02.634723+00:00,482.634723,0.01,,0.01,0.99,0.99,,,27910.84,27909.57,,,,0.02,1172.99,0.98,1172.99,,
2026-01-06 16:38:03.646998+00:00,2026-01-06 16:38:03.646998+00:00,483.646998,0.01,,0.01,0.99,0.99,,,27910.84,27909.57,,,,0.02,1172.99,0.98,1172.99,,
2026-01-06 16:38:04.671678+00:00,2026-01-06 16:38:04.671678+00:00,484.671678,0.01,,0.01,0.99,0.99,,,27910.84,27909.57,,,,0.02,1172.99,0.98,1172.99,,
2026-01-06 16:38:05.671008+00:00,2026-01-06 16:38:05.671008+00:00,485.671008,0.01,,0.01,0.99,0.99,,,27910.84,27909.57,,,,0.02,1172.99,0.98,1172.99,,
2026-01-06 16:38:06.676388+00:00,2026-01-06 16:38:06.676388+00:00,486.676388,0.01,,0.01,0.99,0.99,,,27910.84,27909.57,,,,0.02,1172.99,0.98,1172.99,,
2026-01-06 16:38:07.712828+00:00,2026-01-06 16:38:07.712828+00:00,487.712828,0.01,,0.01,0.99,0.99,,,27910.84,27909.57,,,,0.02,1172.99,0.98,1172.99,,
2026-01-06 16:38:08.718502+00:00,2026-01-06 16:38:08.718502+00:00,488.718502,0.01,,0.01,0.99,0.99,,,27910.84,27909.57,,,,0.02,1172.99,0.98,1172.99,,
2026-01-06 16:38:09.725544+00:00,2026-01-06 16:38:09.725544+00:00,489.725544,0.01,,0.01,0.99,0.99,,,27910.84,27909.57,,,,0.02,1172.99,0.98,1172.99,,
2026-01-06 16:38:10.732627+00:00,2026-01-06 16:38:10.732627+00:00,490.732627,0.01,,0.01,0.99,0.99,,,27910.84,27909.57,,,,0.02,1172.99,0.98,1172.99,,
2026-01-06 16:38:11.761559+00:00,2026-01-06 16:38:11.761559+00:00,491.761559,0.01,,0.01,0.99,0.99,,,27910.84,27909.57,,,,0.02,1172.99,0.98,1172.99,,
2026-01-06 16:38:12.777183+00:00,2026-01-06 16:38:12.777183+00:00,492.777183,0.01,,0.01,0.99,0.99,,,27910.84,27909.57,,,,0.02,1172.99,0.98,1172.99,,
2026-01-06 16:38:13.798089+00:00,2026-01-06 16:38:13.798089+00:00,493.798089,0.01,,0.01,0.99,0.99,,,27910.84,27909.57,,,,0.02,1172.99,0.98,1172.99,,
2026-01-06 16:38:14.794185+00:00,2026-01-06 16:38:14.794185+00:00,494.794185,0.01,,0.01,0.99,0.99,,,27910.84,27909.57,,,,0.02,1172.99,0.98,1172.99,,
2026-01-06 16:38:15.822101+00:00,2026-01-06 16:38:15.822101+00:00,495.822101,0.01,,0.01,0.99,0.99,,,27910.84,27909.57,,,,0.02,1172.99,0.98,1172.99,,
2026-01-06 16:38:16.834443+00:00,2026-01-06 16:38:16.834443+00:00,496.834443,0.01,,0.01,0.99,0.99,,,27910.84,27909.57,,,,0.02,1172.99,0.98,1172.99,,
2026-01-06 16:38:17.825631+00:00,2026-01-06 16:38:17.825631+00:00,497.825631,0.01,,0.01,0.99,0.99,,,27910.84,27909.57,,,,0.02,1172.99,0.98,1172.99,,
2026-01-06 16:38:18.885960+00:00,2026-01-06 16:38:18.885960+00:00,498.88596,0.01,,0.01,0.99,0.99,,,27910.84,27909.57,,,,0.02,1172.99,0.98,1172.99,,
2026-01-06 16:38:19.888233+00:00,2026-01-06 16:38:19.888233+00:00,499.888233,0.01,,0.01,0.99,0.99,,,27910.84,27909.57,,,,0.02,1172.99,0.98,1172.99,,
2026-01-06 16:38:20.886373+00:00,2026-01-06 16:38:20.886373+00:00,500.886373,0.01,,0.01,0.99,0.99,,,27910.84,27909.57,,,,0.02,1172.99,0.98,1172.99,,
2026-01-06 16:38:21.904383+00:00,2026-01-06 16:38:21.904383+00:00,501.904383,0.01,,0.01,0.99,0.99,,,27910.84,27909.57,,,,0.02,1172.99,0.98,1172.99,,
2026-01-06 16:38:22.932601+00:00,2026-01-06 16:38:22.932601+00:00,502.932601,0.01,,0.01,0.99,0.99,,,27910.84,27909.57,,,,0.02,1172.99,0.98,1172.99,,
2026-01-06 16:38:23.937842+00:00,2026-01-06 16:38:23.937842+00:00,503.937842,0.01,,0.01,0.99,0.99,,,27910.84,27909.57,,,,0.02,1172.99,0.98,1172.99,,
2026-01-06 16:38:24.939176+00:00,2026-01-06 16:38:24.939176+00:00,504.939176,0.01,,0.01,0.99,0.99,,,27910.84,27909.57,,,,0.02,1172.99,0.98,1172.99,,
2026-01-06 16:38:25.938312+00:00,2026-01-06 16:38:25.938312+00:00,505.938312,0.01,,0.01,0.99,0.99,,,27910.84,27909.57,,,,0.02,1172.99,0.98,1172.99,,
2026-01-06 16:38:26.948277+00:00,2026-01-06 16:38:26.948277+00:00,506.948277,0.01,,0.01,0.99,0.99,,,27910.84,27909.57,,,,0.02,1172.99,0.98,1172.99,,
2026-01-06 16:38:27.975616+00:00,2026-01-06 16:38:27.975616+00:00,507.975616,0.01,,0.01,0.99,0.99,,,27910.84,27909.57,,,,0.02,1172.99,0.98,1172.99,,
2026-01-06 16:38:28.945493+00:00,2026-01-06 16:38:28.945493+00:00,508.945493,0.01,,0.01,0.99,0.99,,,27910.84,27909.57,,,,0.02,1172.99,0.98,1172.99,,
2026-01-06 16:38:29.969353+00:00,2026-01-06 16:38:29.969353+00:00,509.969353,0.01,,0.01,0.99,0.99,,,27910.84,27909.57,,,,0.02,1172.99,0.98,1172.99,,
2026-01-06 16:38:30.990060+00:00,2026-01-06 16:38:30.990060+00:00,510.99006,0.01,,0.01,0.99,0.99,,,27910.84,27909.57,,,,0.02,1172.99,0.98,1172.99,,
2026-01-06 16:38:31.990027+00:00,2026-01-06 16:38:31.990027+00:00,511.990027,0.01,,0.01,0.99,0.99,,,27910.84,27909.57,,,,0.02,1172.99,0.98,1172.99,,
2026-01-06 16:38:33.006600+00:00,2026-01-06 16:38:33.006600+00:00,513.0066,0.01,,0.01,0.99,0.99,,,27910.84,27909.57,,,,0.02,1172.99,0.98,1172.99,,
2026-01-06 16:38:33.993457+00:00,2026-01-06 16:38:33.993457+00:00,513.993457,0.01,,0.01,0.99,0.99,,,27910.84,27909.57,,,,0.02,1172.99,0.98,1172.99,,
2026-01-06 16:38:34.988372+00:00,2026-01-06 16:38:34.988372+00:00,514.988372,0.01,,0.01,0.99,0.99,,,27910.84,27909.57,,,,0.02,1172.99,0.98,1172.99,,
2026-01-06 16:38:36.002375+00:00,2026-01-06 16:38:36.002375+00:00,516.002375,0.01,,0.01,0.99,0.99,,,27910.84,27909.57,,,,0.02,1172.99,0.98,1172.99,,
2026-01-06 16:38:36.992158+00:00,2026-01-06 16:38:36.992158+00:00,516.992158,0.01,,0.01,0.99,0.99,,,27910.84,27909.57,,,,0.02,1172.99,0.98,1172.99,,
2026-01-06 16:38:38.014131+00:00,2026-01-06 16:38:38.014131+00:00,518.014131,0.01,,0.01,0.99,0.99,,,27910.84,27909.57,,,,0.02,1172.99,0.98,1172.99,,
2026-01-06 16:38:39.020153+00:00,2026-01-06 16:38:39.020153+00:00,519.020153,0.01,,0.01,0.99,0.99,,,27910.84,27909.57,,,,0.02,1172.99,0.98,1172.99,,
2026-01-06 16:38:40.053391+00:00,2026-01-06 16:38:40.053391+00:00,520.053391,0.01,,0.01,0.99,0.99,,,27910.84,27909.57,,,,0.02,1172.99,0.98,1172.99,,
2026-01-06 16:38:41.008717+00:00,2026-01-06 16:38:41.008717+00:00,521.008717,0.01,,0.01,0.99,0.99,,,27910.84,27909.57,,,,0.02,1172.99,0.98,1172.99,,
2026-01-06 16:38:42.022252+00:00,2026-01-06 16:38:42.022252+00:00,522.022252,0.01,,0.01,0.99,0.99,,,27910.84,27909.57,,,,0.02,1172.99,0.98,1172.99,,
2026-01-06 16:38:43.048186+00:00,2026-01-06 16:38:43.048186+00:00,523.048186,0.01,,0.01,0.99,0.99,,,27910.84,27909.57,,,,0.02,1172.99,0.98,1172.99,,
2026-01-06 16:38:44.155134+00:00,2026-01-06 16:38:44.155134+00:00,524.155134,0.01,,0.01,0.99,0.99,,,27910.84,27909.57,,,,0.02,1172.99,0.98,1172.99,,
2026-01-06 16:38:45.083078+00:00,2026-01-06 16:38:45.083078+00:00,525.083078,0.01,,0.01,0.99,0.99,,,27910.84,27909.57,,,,0.02,1172.99,0.98,1172.99,,
2026-01-06 16:38:46.073796+00:00,2026-01-06 16:38:46.073796+00:00,526.073796,0.01,,0.01,0.99,0.99,,,27910.84,27909.57,,,,0.02,1172.99,0.98,1172.99,,
2026-01-06 16:38:47.086846+00:00,2026-01-06 16:38:47.086846+00:00,527.086846,0.01,,0.01,0.99,0.99,,,27910.84,27909.57,,,,0.02,1172.99,0.98,1172.99,,
2026-01-06 16:38:48.124144+00:00,2026-01-06 16:38:48.124144+00:00,528.124144,0.01,,0.01,0.99,0.99,,,27910.84,27909.57,,,,0.02,1172.99,0.98,1172.99,,
2026-01-06 16:38:49.112799+00:00,2026-01-06 16:38:49.112799+00:00,529.112799,0.01,,0.01,0.99,0.99,,,27910.84,27909.57,,,,0.02,1172.99,0.98,1172.99,,
2026-01-06 16:38:50.084515+00:00,2026-01-06 16:38:50.084515+00:00,530.084515,0.01,,0.01,0.99,0.99,,,27910.84,27909.57,,,,0.02,1172.99,0.98,1172.99,,
2026-01-06 16:38:51.109819+00:00,2026-01-06 16:38:51.109819+00:00,531.109819,0.01,,0.01,0.99,0.99,,,27910.84,27909.57,,,,0.02,1172.99,0.98,1172.99,,
2026-01-06 16:38:52.103378+00:00,2026-01-06 16:38:52.103378+00:00,532.103378,0.01,,0.01,0.99,0.99,,,27910.84,27909.57,,,,0.02,1172.99,0.98,1172.99,,
2026-01-06 16:38:53.119845+00:00,2026-01-06 16:38:53.119845+00:00,533.119845,0.01,,0.01,0.99,0.99,,,27910.84,27909.57,,,,0.02,1172.99,0.98,1172.99,,
2026-01-06 16:38:54.086972+00:00,2026-01-06 16:38:54.086972+00:00,534.086972,0.01,,0.01,0.99,0.99,,,27910.84,27909.57,,,,0.02,1172.99,0.98,1172.99,,
2026-01-06 16:38:55.094331+00:00,2026-01-06 16:38:55.094331+00:00,535.094331,0.01,,0.01,0.99,0.99,,,27910.84,27909.57,,,,0.02,1172.99,0.98,1172.99,,
2026-01-06 16:38:56.105173+00:00,2026-01-06 16:38:56.105173+00:00,536.105173,0.01,,0.01,0.99,0.99,,,27910.84,27909.57,,,,0.02,1172.99,0.98,1172.99,,
2026-01-06 16:38:57.127142+00:00,2026-01-06 16:38:57.127142+00:00,537.127142,0.01,,0.01,0.99,0.99,,,27910.84,27909.57,,,,0.02,1172.99,0.98,1172.99,,
2026-01-06 16:38:58.152111+00:00,2026-01-06 16:38:58.152111+00:00,538.152111,0.01,,0.01,0.99,0.99,,,27910.84,27909.57,,,,0.02,1172.99,0.98,1172.99,,
2026-01-06 16:38:59.198046+00:00,2026-01-06 16:38:59.198046+00:00,539.198046,0.01,,0.01,0.99,0.99,,,27910.84,27909.57,,,,0.02,1172.99,0.98,1172.99,,
2026-01-06 16:39:00.147830+00:00,2026-01-06 16:39:00.147830+00:00,540.14783,0.01,,0.01,0.99,0.99,,,27910.84,27909.57,,,,0.02,1172.99,0.98,1172.99,,
2026-01-06 16:39:01.148344+00:00,2026-01-06 16:39:01.148344+00:00,541.148344,0.01,,0.01,0.99,0.99,,,27910.84,27909.57,,,,0.02,1172.99,0.98,1172.99,,
2026-01-06 16:39:02.164395+00:00,2026-01-06 16:39:02.164395+00:00,542.164395,0.01,,0.01,0.99,0.99,,,27910.84,27909.57,,,,0.02,1172.99,0.98,1172.99,,
2026-01-06 16:39:03.156370+00:00,2026-01-06 16:39:03.156370+00:00,543.15637,0.01,,0.01,0.99,0.99,,,27910.84,27909.57,,,,0.02,1172.99,0.98,1172.99,,
2026-01-06 16:39:04.175567+00:00,2026-01-06 16:39:04.175567+00:00,544.175567,0.01,,0.01,0.99,0.99,,,27910.84,27909.57,,,,0.02,1172.99,0.98,1172.99,,
2026-01-06 16:39:05.187038+00:00,2026-01-06 16:39:05.187038+00:00,545.187038,0.01,,0.01,0.99,0.99,,,27910.84,27909.57,,,,0.02,1172.99,0.98,1172.99,,
2026-01-06 16:39:06.195190+00:00,2026-01-06 16:39:06.195190+00:00,546.19519,0.01,,0.01,0.99,0.99,,,27910.84,27909.57,,,,0.02,1172.99,0.98,1172.99,,
2026-01-06 16:39:07.194167+00:00,2026-01-06 16:39:07.194167+00:00,547.194167,0.01,,0.01,0.99,0.99,,,27910.84,27909.57,,,,0.02,1172.99,0.98,1172.99,,
2026-01-06 16:39:08.207196+00:00,2026-01-06 16:39:08.207196+00:00,548.207196,0.01,,0.01,0.99,0.99,,,27910.84,27909.57,,,,0.02,1172.99,0.98,1172.99,,
2026-01-06 16:39:09.226057+00:00,2026-01-06 16:39:09.226057+00:00,549.226057,0.01,,0.01,0.99,0.99,,,27910.84,27909.57,,,,0.02,1172.99,0.98,1172.99,,
2026-01-06 16:39:10.241550+00:00,2026-01-06 16:39:10.241550+00:00,550.24155,0.01,,0.01,0.99,0.99,,,27910.84,27909.57,,,,0.02,1172.99,0.98,1172.99,,
2026-01-06 16:39:11.239862+00:00,2026-01-06 16:39:11.239862+00:00,551.239862,0.01,,0.01,0.99,0.99,,,27910.84,27909.57,,,,0.02,1172.99,0.98,1172.99,,
2026-01-06 16:39:12.287762+00:00,2026-01-06 16:39:12.287762+00:00,552.287762,0.01,,0.01,0.99,0.99,,,27910.84,27909.57,,,,0.02,1172.99,0.98,1172.99,,
2026-01-06 16:39:13.247071+00:00,2026-01-06 16:39:13.247071+00:00,553.247071,0.01,,0.01,0.99,0.99,,,27910.84,27909.57,,,,0.02,1172.99,0.98,1172.99,,
2026-01-06 16:39:14.251629+00:00,2026-01-06 16:39:14.251629+00:00,554.251629,0.01,,0.01,0.99,0.99,,,27910.84,27909.57,,,,0.02,1172.99,0.98,1172.99,,
2026-01-06 16:39:15.281437+00:00,2026-01-06 16:39:15.281437+00:00,555.281437,0.01,,0.01,0.99,0.99,,,27910.84,27909.57,,,,0.02,1172.99,0.98,1172.99,,
2026-01-06 16:39:16.300318+00:00,2026-01-06 16:39:16.300318+00:00,556.300318,0.01,,0.01,0.99,0.99,,,27910.84,27909.57,,,,0.02,1172.99,0.98,1172.99,,
2026-01-06 16:39:17.275960+00:00,2026-01-06 16:39:17.275960+00:00,557.27596,0.01,,0.01,0.99,0.99,,,27910.84,27909.57,,,,0.02,1172.99,0.98,1172.99,,
2026-01-06 16:39:18.289760+00:00,2026-01-06 16:39:18.289760+00:00,558.28976,0.01,,0.01,0.99,0.99,,,27910.84,27909.57,,,,0.02,1172.99,0.98,1172.99,,
2026-01-06 16:39:19.292799+00:00,2026-01-06 16:39:19.292799+00:00,559.292799,0.01,,0.01,0.99,0.99,,,27910.84,27909.57,,,,0.02,1172.99,0.98,1172.99,,
2026-01-06 16:39:20.317773+00:00,2026-01-06 16:39:20.317773+00:00,560.317773,0.01,,0.01,0.99,0.99,,,27910.84,27909.57,,,,0.02,1172.99,0.98,1172.99,,
2026-01-06 16:39:21.293546+00:00,2026-01-06 16:39:21.293546+00:00,561.293546,0.01,,0.01,0.99,0.99,,,27910.84,27909.57,,,,0.02,1172.99,0.98,1172.99,,
2026-01-06 16:39:22.326172+00:00,2026-01-06 16:39:22.326172+00:00,562.326172,0.01,,0.01,0.99,0.99,,,27910.84,27909.57,,,,0.02,1172.99,0.98,1172.99,,
2026-01-06 16:39:23.371698+00:00,2026-01-06 16:39:23.371698+00:00,563.371698,0.01,,0.01,0.99,0.99,,,27910.84,27909.57,,,,0.02,1172.99,0.98,1172.99,,
2026-01-06 16:39:24.466626+00:00,2026-01-06 16:39:24.466626+00:00,564.466626,0.01,,0.01,0.99,0.99,,,27910.84,27909.57,,,,0.02,1172.99,0.98,1172.99,,
2026-01-06 16:39:25.419443+00:00,2026-01-06 16:39:25.419443+00:00,565.419443,0.01,,0.01,0.99,0.99,,,27910.84,27909.57,,,,0.02,1172.99,0.98,1172.99,,
2026-01-06 16:39:26.400090+00:00,2026-01-06 16:39:26.400090+00:00,566.40009,0.01,,0.01,0.99,0.99,,,27910.84,27909.57,,,,0.02,1172.99,0.98,1172.99,,
2026-01-06 16:39:27.420694+00:00,2026-01-06 16:39:27.420694+00:00,567.420694,0.01,,0.01,0.99,0.99,,,27910.84,27909.57,,,,0.02,1172.99,0.98,1172.99,,
2026-01-06 16:39:28.410505+00:00,2026-01-06 16:39:28.410505+00:00,568.410505,0.01,,0.01,0.99,0.99,,,27910.84,27909.57,,,,0.02,1172.99,0.98,1172.99,,
2026-01-06 16:39:29.434730+00:00,2026-01-06 16:39:29.434730+00:00,569.43473,0.01,,0.01,0.99,0.99,,,27910.84,27909.57,,,,0.02,1172.99,0.98,1172.99,,
2026-01-06 16:39:30.501213+00:00,2026-01-06 16:39:30.501213+00:00,570.501213,0.01,,0.01,0.99,0.99,,,27910.84,27909.57,,,,0.02,1172.99,0.98,1172.99,,
2026-01-06 16:39:31.472141+00:00,2026-01-06 16:39:31.472141+00:00,571.472141,0.01,,0.01,0.99,0.99,,,27910.84,27909.57,,,,0.02,1172.99,0.98,1172.99,,
2026-01-06 16:39:32.504497+00:00,2026-01-06 16:39:32.504497+00:00,572.504497,0.01,,0.01,0.99,0.99,,,27910.84,27909.57,,,,0.02,1172.99,0.98,1172.99,,
2026-01-06 16:39:33.488358+00:00,2026-01-06 16:39:33.488358+00:00,573.488358,0.01,,0.01,0.99,0.99,,,27910.84,27909.57,,,,0.02,1172.99,0.98,1172.99,,
2026-01-06 16:39:34.484109+00:00,2026-01-06 16:39:34.484109+00:00,574.484109,0.01,,0.01,0.99,0.99,,,27910.84,27909.57,,,,0.02,1172.99,0.98,1172.99,,
2026-01-06 16:39:35.524154+00:00,2026-01-06 16:39:35.524154+00:00,575.524154,0.01,,0.01,0.99,0.99,,,27910.84,27909.57,,,,0.02,1172.99,0.98,1172.99,,
2026-01-06 16:39:36.507084+00:00,2026-01-06 16:39:36.507084+00:00,576.507084,0.01,,0.01,0.99,0.99,,,27910.84,27909.57,,,,0.02,1172.99,0.98,1172.99,,
2026-01-06 16:39:37.497143+00:00,2026-01-06 16:39:37.497143+00:00,577.497143,0.01,,0.01,0.99,0.99,,,27910.84,27909.57,,,,0.02,1172.99,0.98,1172.99,,
2026-01-06 16:39:38.518765+00:00,2026-01-06 16:39:38.518765+00:00,578.518765,0.01,,0.01,0.99,0.99,,,27910.84,27909.57,,,,0.02,1172.99,0.98,1172.99,,
2026-01-06 16:39:39.521209+00:00,2026-01-06 16:39:39.521209+00:00,579.521209,0.01,,0.01,0.99,0.99,,,27910.84,27909.57,,,,0.02,1172.99,0.98,1172.99,,
2026-01-06 16:39:40.521258+00:00,2026-01-06 16:39:40.521258+00:00,580.521258,0.01,,0.01,0.99,0.99,,,27910.84,27909.57,,,,0.02,1172.99,0.98,1172.99,,
2026-01-06 16:39:41.534678+00:00,2026-01-06 16:39:41.534678+00:00,581.534678,0.01,,0.01,0.99,0.99,,,27910.84,27909.57,,,,0.02,1172.99,0.98,1172.99,,
2026-01-06 16:39:42.564884+00:00,2026-01-06 16:39:42.564884+00:00,582.564884,0.01,,0.01,0.99,0.99,,,27910.84,27909.57,,,,0.02,1172.99,0.98,1172.99,,
2026-01-06 16:39:43.551949+00:00,2026-01-06 16:39:43.551949+00:00,583.551949,0.01,,0.01,0.99,0.99,,,27910.84,27909.57,,,,0.02,1172.99,0.98,1172.99,,
2026-01-06 16:39:44.551609+00:00,2026-01-06 16:39:44.551609+00:00,584.551609,0.01,,0.01,0.99,0.99,,,27910.84,27909.57,,,,0.02,1172.99,0.98,1172.99,,
2026-01-06 16:39:45.624076+00:00,2026-01-06 16:39:45.624076+00:00,585.624076,0.01,,0.01,0.99,0.99,,,27910.84,27909.57,,,,0.02,1172.99,0.98,1172.99,,
2026-01-06 16:39:46.593587+00:00,2026-01-06 16:39:46.593587+00:00,586.593587,0.01,,0.01,0.99,0.99,,,27910.84,27909.57,,,,0.02,1172.99,0.98,1172.99,,
2026-01-06 16:39:47.637555+00:00,2026-01-06 16:39:47.637555+00:00,587.637555,0.01,,0.01,0.99,0.99,,,27910.84,27909.57,,,,0.02,1172.99,0.98,1172.99,,
2026-01-06 16:39:48.565926+00:00,2026-01-06 16:39:48.565926+00:00,588.565926,0.01,,0.01,0.99,0.99,,,27910.84,27909.57,,,,0.02,1172.99,0.98,1172.99,,
2026-01-06 16:39:49.572788+00:00,2026-01-06 16:39:49.572788+00:00,589.572788,0.01,,0.01,0.99,0.99,,,27910.84,27909.57,,,,0.02,1172.99,0.98,1172.99,,
2026-01-06 16:39:50.584187+00:00,2026-01-06 16:39:50.584187+00:00,590.584187,0.01,,0.01,0.99,0.99,,,27910.84,27909.57,,,,0.02,1172.99,0.98,1172.99,,
2026-01-06 16:39:51.588830+00:00,2026-01-06 16:39:51.588830+00:00,591.58883,0.01,,0.01,0.99,0.99,,,27910.84,27909.57,,,,0.02,1172.99,0.98,1172.99,,
2026-01-06 16:39:52.607354+00:00,2026-01-06 16:39:52.607354+00:00,592.607354,0.01,,0.01,0.99,0.99,,,27910.84,27909.57,,,,0.02,1172.99,0.98,1172.99,,
2026-01-06 16:39:53.609531+00:00,2026-01-06 16:39:53.609531+00:00,593.609531,0.01,,0.01,0.99,0.99,,,27910.84,27909.57,,,,0.02,1172.99,0.98,1172.99,,
2026-01-06 16:39:54.614330+00:00,2026-01-06 16:39:54.614330+00:00,594.61433,0.01,,0.01,0.99,0.99,,,27910.84,27909.57,,,,0.02,1172.99,0.98,1172.99,,
2026-01-06 16:39:55.614513+00:00,2026-01-06 16:39:55.614513+00:00,595.614513,0.01,,0.01,0.99,0.99,,,27910.84,27909.57,,,,0.02,1172.99,0.98,1172.99,,
2026-01-06 16:39:56.623768+00:00,2026-01-06 16:39:56.623768+00:00,596.623768,0.01,,0.01,0.99,0.99,,,27910.84,27909.57,,,,0.02,1172.99,0.98,1172.99,,
2026-01-06 16:39:57.611802+00:00,2026-01-06 16:39:57.611802+00:00,597.611802,0.01,,0.01,0.99,0.99,,,27910.84,27909.57,,,,0.02,1172.99,0.98,1172.99,,
2026-01-06 16:39:58.702295+00:00,2026-01-06 16:39:58.702295+00:00,598.702295,0.01,,0.01,0.99,0.99,,,27910.84,27909.57,,,,0.02,1172.99,0.98,1172.99,,
2026-01-06 16:39:59.667603+00:00,2026-01-06 16:39:59.667603+00:00,599.667603,0.01,,0.01,0.99,0.99,,,27910.84,27909.57,,,,0.02,1172.99,0.98,1172.99,,
2026-01-06 16:40:00.674791+00:00,2026-01-06 16:40:00.674791+00:00,600.674791,0.01,,0.01,0.99,0.99,,,27910.84,27909.57,,,,0.02,1172.99,0.98,1172.99,,
2026-01-06 16:40:01.690850+00:00,2026-01-06 16:40:01.690850+00:00,601.69085,0.01,,0.01,0.99,0.99,,,27910.84,27909.57,,,,0.02,1172.99,0.98,1172.99,,
2026-01-06 16:40:02.723840+00:00,2026-01-06 16:40:02.723840+00:00,602.72384,0.01,,0.01,0.99,0.99,,,27910.84,27909.57,,,,0.02,1172.99,0.98,1172.99,,
2026-01-06 16:40:03.704264+00:00,2026-01-06 16:40:03.704264+00:00,603.704264,0.01,,0.01,0.99,0.99,,,27910.84,27909.57,,,,0.02,1172.99,0.98,1172.99,,
2026-01-06 16:40:04.736443+00:00,2026-01-06 16:40:04.736443+00:00,604.736443,0.01,,0.01,0.99,0.99,,,27910.84,27909.57,,,,0.02,1172.99,0.98,1172.99,,
2026-01-06 16:40:05.746897+00:00,2026-01-06 16:40:05.746897+00:00,605.746897,0.01,,0.01,0.99,0.99,,,27910.84,27909.57,,,,0.02,1172.99,0.98,1172.99,,
2026-01-06 16:40:06.756216+00:00,2026-01-06 16:40:06.756216+00:00,606.756216,0.01,,0.01,0.99,0.99,,,27910.84,27909.57,,,,0.02,1172.99,0.98,1172.99,,
2026-01-06 16:40:07.752808+00:00,2026-01-06 16:40:07.752808+00:00,607.752808,0.01,,0.01,0.99,0.99,,,27910.84,27909.57,,,,0.02,1172.99,0.98,1172.99,,
2026-01-06 16:40:08.777668+00:00,2026-01-06 16:40:08.777668+00:00,608.777668,0.01,,0.01,0.99,0.99,,,27910.84,27909.57,,,,0.02,1172.99,0.98,1172.99,,
2026-01-06 16:40:09.779364+00:00,2026-01-06 16:40:09.779364+00:00,609.779364,0.01,,0.01,0.99,0.99,,,27910.84,27909.57,,,,0.02,1172.99,0.98,1172.99,,
2026-01-06 16:40:10.804220+00:00,2026-01-06 16:40:10.804220+00:00,610.80422,0.01,,0.01,0.99,0.99,,,27910.84,27909.57,,,,0.02,1172.99,0.98,1172.99,,
2026-01-06 16:40:11.806312+00:00,2026-01-06 16:40:11.806312+00:00,611.806312,0.01,,0.01,0.99,0.99,,,27910.84,27909.57,,,,0.02,1172.99,0.98,1172.99,,
2026-01-06 16:40:12.803841+00:00,2026-01-06 16:40:12.803841+00:00,612.803841,0.01,,0.01,0.99,0.99,,,27910.84,27909.57,,,,0.02,1172.99,0.98,1172.99,,
2026-01-06 16:40:13.869341+00:00,2026-01-06 16:40:13.869341+00:00,613.869341,0.01,,0.01,0.99,0.99,,,27910.84,27909.57,,,,0.02,1172.99,0.98,1172.99,,
2026-01-06 16:40:14.837582+00:00,2026-01-06 16:40:14.837582+00:00,614.837582,0.01,,0.01,0.99,0.99,,,27910.84,27909.57,,,,0.02,1172.99,0.98,1172.99,,
2026-01-06 16:40:15.824148+00:00,2026-01-06 16:40:15.824148+00:00,615.824148,0.01,,0.01,0.99,0.99,,,27910.84,27909.57,,,,0.02,1172.99,0.98,1172.99,,
2026-01-06 16:40:16.906818+00:00,2026-01-06 16:40:16.906818+00:00,616.906818,0.01,,0.01,0.99,0.99,,,27910.84,27909.57,,,,0.02,1172.99,0.98,1172.99,,
2026-01-06 16:40:17.868598+00:00,2026-01-06 16:40:17.868598+00:00,617.868598,0.01,,0.01,0.99,0.99,,,27910.84,27909.57,,,,0.02,1172.99,0.98,1172.99,,
2026-01-06 16:40:18.917400+00:00,2026-01-06 16:40:18.917400+00:00,618.9174,0.01,,0.01,0.99,0.99,,,27910.84,27909.57,,,,0.02,1172.99,0.98,1172.99,,
2026-01-06 16:40:19.952845+00:00,2026-01-06 16:40:19.952845+00:00,619.952845,0.01,,0.01,0.99,0.99,,,27910.84,27909.57,,,,0.02,1172.99,0.98,1172.99,,
2026-01-06 16:40:20.932931+00:00,2026-01-06 16:40:20.932931+00:00,620.932931,0.01,,0.01,0.99,0.99,,,27910.84,27909.57,,,,0.02,1172.99,0.98,1172.99,,
2026-01-06 16:40:21.958172+00:00,2026-01-06 16:40:21.958172+00:00,621.958172,0.01,,0.01,0.99,0.99,,,27910.84,27909.57,,,,0.02,1172.99,0.98,1172.99,,
2026-01-06 16:40:22.950723+00:00,2026-01-06 16:40:22.950723+00:00,622.950723,0.01,,0.01,0.99,0.99,,,27910.84,27909.57,,,,0.02,1172.99,0.98,1172.99,,
2026-01-06 16:40:23.984751+00:00,2026-01-06 16:40:23.984751+00:00,623.984751,0.01,,0.01,0.99,0.99,,,27910.84,27909.57,,,,0.02,1172.99,0.98,1172.99,,
2026-01-06 16:40:24.967669+00:00,2026-01-06 16:40:24.967669+00:00,624.967669,0.01,,0.01,0.99,0.99,,,27910.84,27909.57,,,,0.02,1172.99,0.98,1172.99,,
2026-01-06 16:40:25.997544+00:00,2026-01-06 16:40:25.997544+00:00,625.997544,0.01,,0.01,0.99,0.99,,,27910.84,27909.57,,,,0.02,1172.99,0.98,1172.99,,
2026-01-06 16:40:27.060626+00:00,2026-01-06 16:40:27.060626+00:00,627.060626,0.01,,0.01,0.99,0.99,,,27910.84,27909.57,,,,0.02,1172.99,0.98,1172.99,,
2026-01-06 16:40:28.006674+00:00,2026-01-06 16:40:28.006674+00:00,628.006674,0.01,,0.01,0.99,0.99,,,27910.84,27909.57,,,,0.02,1172.99,0.98,1172.99,,
2026-01-06 16:40:29.035583+00:00,2026-01-06 16:40:29.035583+00:00,629.035583,0.01,,0.01,0.99,0.99,,,27910.84,27909.57,,,,0.02,1172.99,0.98,1172.99,,
2026-01-06 16:40:30.020639+00:00,2026-01-06 16:40:30.020639+00:00,630.020639,0.01,,0.01,0.99,0.99,,,27910.84,27909.57,,,,0.02,1172.99,0.98,1172.99,,
2026-01-06 16:40:31.042917+00:00,2026-01-06 16:40:31.042917+00:00,631.042917,0.01,,0.01,0.99,0.99,,,27910.84,27909.57,,,,0.02,1172.99,0.98,1172.99,,
2026-01-06 16:40:32.119669+00:00,2026-01-06 16:40:32.119669+00:00,632.119669,0.01,,0.01,0.99,0.99,,,27910.84,27909.57,,,,0.02,1172.99,0.98,1172.99,,
2026-01-06 16:40:33.061674+00:00,2026-01-06 16:40:33.061674+00:00,633.061674,0.01,,0.01,0.99,0.99,,,27910.84,27909.57,,,,0.02,1172.99,0.98,1172.99,,
2026-01-06 16:40:34.086005+00:00,2026-01-06 16:40:34.086005+00:00,634.086005,0.01,,0.01,0.99,0.99,,,27910.84,27909.57,,,,0.02,1172.99,0.98,1172.99,,
2026-01-06 16:40:35.101264+00:00,2026-01-06 16:40:35.101264+00:00,635.101264,0.01,,0.01,0.99,0.99,,,27910.84,27909.57,,,,0.02,1172.99,0.98,1172.99,,
2026-01-06 16:40:36.076844+00:00,2026-01-06 16:40:36.076844+00:00,636.076844,0.01,,0.01,0.99,0.99,,,27910.84,27909.57,,,,0.02,1172.99,0.98,1172.99,,
2026-01-06 16:40:37.115230+00:00,2026-01-06 16:40:37.115230+00:00,637.11523,0.01,,0.01,0.99,0.99,,,27910.84,27909.57,,,,0.02,1172.99,0.98,1172.99,,
2026-01-06 16:40:38.101374+00:00,2026-01-06 16:40:38.101374+00:00,638.101374,0.01,,0.01,0.99,0.99,,,27910.84,27909.57,,,,0.02,1172.99,0.98,1172.99,,
2026-01-06 16:40:39.108724+00:00,2026-01-06 16:40:39.108724+00:00,639.108724,0.01,,0.01,0.99,0.99,,,27910.84,27909.57,,,,0.02,1172.99,0.98,1172.99,,
2026-01-06 16:40:40.114990+00:00,2026-01-06 16:40:40.114990+00:00,640.11499,0.01,,0.01,0.99,0.99,,,27910.84,27909.57,,,,0.02,1172.99,0.98,1172.99,,
2026-01-06 16:40:41.120114+00:00,2026-01-06 16:40:41.120114+00:00,641.120114,0.01,,0.01,0.99,0.99,,,27910.84,27909.57,,,,0.02,1172.99,0.98,1172.99,,
2026-01-06 16:40:42.135693+00:00,2026-01-06 16:40:42.135693+00:00,642.135693,0.01,,0.01,0.99,0.99,,,27910.84,27909.57,,,,0.02,1172.99,0.98,1172.99,,
2026-01-06 16:40:43.137973+00:00,2026-01-06 16:40:43.137973+00:00,643.137973,0.01,,0.01,0.99,0.99,,,27910.84,27909.57,,,,0.02,1172.99,0.98,1172.99,,
2026-01-06 16:40:44.195719+00:00,2026-01-06 16:40:44.195719+00:00,644.195719,0.01,,0.01,0.99,0.99,,,27910.84,27909.57,,,,0.02,1172.99,0.98,1172.99,,
2026-01-06 16:40:45.156491+00:00,2026-01-06 16:40:45.156491+00:00,645.156491,0.01,,0.01,0.99,0.99,,,27910.84,27909.57,,,,0.02,1172.99,0.98,1172.99,,
2026-01-06 16:40:46.196274+00:00,2026-01-06 16:40:46.196274+00:00,646.196274,0.01,,0.01,0.99,0.99,,,27910.84,27909.57,,,,0.02,1172.99,0.98,1172.99,,
2026-01-06 16:40:47.165351+00:00,2026-01-06 16:40:47.165351+00:00,647.165351,0.01,,0.01,0.99,0.99,,,27910.84,27909.57,,,,0.02,1172.99,0.98,1172.99,,
2026-01-06 16:40:48.190420+00:00,2026-01-06 16:40:48.190420+00:00,648.19042,0.01,,0.01,0.99,0.99,,,27910.84,27909.57,,,,0.02,1172.99,0.98,1172.99,,
2026-01-06 16:40:49.204934+00:00,2026-01-06 16:40:49.204934+00:00,649.204934,0.01,,0.01,0.99,0.99,,,27910.84,27909.57,,,,0.02,1172.99,0.98,1172.99,,
2026-01-06 16:40:50.259318+00:00,2026-01-06 16:40:50.259318+00:00,650.259318,0.01,,0.01,0.99,0.99,,,27910.84,27909.57,,,,0.02,1172.99,0.98,1172.99,,
2026-01-06 16:40:51.191397+00:00,2026-01-06 16:40:51.191397+00:00,651.191397,0.01,,0.01,0.99,0.99,,,27910.84,27909.57,,,,0.02,1172.99,0.98,1172.99,,
2026-01-06 16:40:52.204238+00:00,2026-01-06 16:40:52.204238+00:00,652.204238,0.01,,0.01,0.99,0.99,,,27910.84,27909.57,,,,0.02,1172.99,0.98,1172.99,,
2026-01-06 16:40:53.211032+00:00,2026-01-06 16:40:53.211032+00:00,653.211032,0.01,,0.01,0.99,0.99,,,27910.84,27909.57,,,,0.02,1172.99,0.98,1172.99,,
2026-01-06 16:40:54.262934+00:00,2026-01-06 16:40:54.262934+00:00,654.262934,0.01,,0.01,0.99,0.99,,,27910.84,27909.57,,,,0.02,1172.99,0.98,1172.99,,
2026-01-06 16:40:55.220374+00:00,2026-01-06 16:40:55.220374+00:00,655.220374,0.01,,0.01,0.99,0.99,,,27910.84,27909.57,,,,0.02,1172.99,0.98,1172.99,,
2026-01-06 16:40:56.223799+00:00,2026-01-06 16:40:56.223799+00:00,656.223799,0.01,,0.01,0.99,0.99,,,27910.84,27909.57,,,,0.02,1172.99,0.98,1172.99,,
2026-01-06 16:40:57.210124+00:00,2026-01-06 16:40:57.210124+00:00,657.210124,0.01,,0.01,0.99,0.99,,,27910.84,27909.57,,,,0.02,1172.99,0.98,1172.99,,
2026-01-06 16:40:58.259927+00:00,2026-01-06 16:40:58.259927+00:00,658.259927,0.01,,0.01,0.99,0.99,,,27910.84,27909.57,,,,0.02,1172.99,0.98,1172.99,,
2026-01-06 16:40:59.222909+00:00,2026-01-06 16:40:59.222909+00:00,659.222909,0.01,,0.01,0.99,0.99,,,27910.84,27909.57,,,,0.02,1172.99,0.98,1172.99,,
2026-01-06 16:41:00.222129+00:00,2026-01-06 16:41:00.222129+00:00,660.222129,0.01,,0.01,0.99,0.99,,,27910.84,27909.57,,,,0.02,1172.99,0.98,1172.99,,
2026-01-06 16:41:01.241573+00:00,2026-01-06 16:41:01.241573+00:00,661.241573,0.01,,0.01,0.99,0.99,,,27910.84,27909.57,,,,0.02,1172.99,0.98,1172.99,,
2026-01-06 16:41:02.256665+00:00,2026-01-06 16:41:02.256665+00:00,662.256665,0.01,,0.01,0.99,0.99,,,27910.84,27909.57,,,,0.02,1172.99,0.98,1172.99,,
2026-01-06 16:41:03.266091+00:00,2026-01-06 16:41:03.266091+00:00,663.266091,0.01,,0.01,0.99,0.99,,,27910.84,27909.57,,,,0.02,1172.99,0.98,1172.99,,
2026-01-06 16:41:04.273550+00:00,2026-01-06 16:41:04.273550+00:00,664.27355,0.01,,0.01,0.99,0.99,,,27910.84,27909.57,,,,0.02,1172.99,0.98,1172.99,,
2026-01-06 16:41:05.313325+00:00,2026-01-06 16:41:05.313325+00:00,665.313325,0.01,,0.01,0.99,0.99,,,27910.84,27909.57,,,,0.02,1172.99,0.98,1172.99,,
2026-01-06 16:41:06.302234+00:00,2026-01-06 16:41:06.302234+00:00,666.302234,0.01,,0.01,0.99,0.99,,,27910.84,27909.57,,,,0.02,1172.99,0.98,1172.99,,
2026-01-06 16:41:07.338225+00:00,2026-01-06 16:41:07.338225+00:00,667.338225,0.01,,0.01,0.99,0.99,,,27910.84,27909.57,,,,0.02,1172.99,0.98,1172.99,,
2026-01-06 16:41:08.468542+00:00,2026-01-06 16:41:08.468542+00:00,668.468542,0.01,,0.01,0.99,0.99,,,27910.84,27909.57,,,,0.02,1172.99,0.98,1172.99,,
2026-01-06 16:41:09.350131+00:00,2026-01-06 16:41:09.350131+00:00,669.350131,0.01,,0.01,0.99,0.99,,,27910.84,27909.57,,,,0.02,1172.99,0.98,1172.99,,
2026-01-06 16:41:10.363908+00:00,2026-01-06 16:41:10.363908+00:00,670.363908,0.01,,0.01,0.99,0.99,,,27910.84,27909.57,,,,0.02,1172.99,0.98,1172.99,,
2026-01-06 16:41:11.367307+00:00,2026-01-06 16:41:11.367307+00:00,671.367307,0.01,,0.01,0.99,0.99,,,27910.84,27909.57,,,,0.02,1172.99,0.98,1172.99,,
2026-01-06 16:41:12.359722+00:00,2026-01-06 16:41:12.359722+00:00,672.359722,0.01,,0.01,0.99,0.99,,,27910.84,27909.57,,,,0.02,1172.99,0.98,1172.99,,
2026-01-06 16:41:13.381577+00:00,2026-01-06 16:41:13.381577+00:00,673.381577,0.01,,0.01,0.99,0.99,,,27910.84,27909.57,,,,0.02,1172.99,0.98,1172.99,,
2026-01-06 16:41:14.444544+00:00,2026-01-06 16:41:14.444544+00:00,674.444544,0.01,,0.01,0.99,0.99,,,27910.84,27909.57,,,,0.02,1172.99,0.98,1172.99,,
2026-01-06 16:41:15.389834+00:00,2026-01-06 16:41:15.389834+00:00,675.389834,0.01,,0.01,0.99,0.99,,,27910.84,27909.57,,,,0.02,1172.99,0.98,1172.99,,
