timestamp,collected_at,seconds,mid,bid,ask,asset
2026-01-06 07:45:00+00:00,2026-01-06 07:50:38.573591+00:00,0.0,3215.981,3215.98,3216.38,ETH
2026-01-06 07:45:01+00:00,2026-01-06 07:50:39.588906+00:00,1.0,3215.731,3215.51,3215.96,ETH
2026-01-06 07:45:02+00:00,2026-01-06 07:50:40.590266+00:00,2.0,3215.381,3215.17,3215.57,ETH
2026-01-06 07:45:03+00:00,2026-01-06 07:50:41.605153+00:00,3.0,3215.221,3215.21,3215.53,ETH
2026-01-06 07:45:04+00:00,2026-01-06 07:50:42.601283+00:00,4.0,3215.181,3215.15,3215.52,ETH
2026-01-06 07:45:05+00:00,2026-01-06 07:50:43.619446+00:00,5.0,3215.171,3215.15,3215.49,ETH
2026-01-06 07:45:06+00:00,2026-01-06 07:50:44.631444+00:00,6.0,3215.191,3215.17,3215.46,ETH
2026-01-06 07:45:07+00:00,2026-01-06 07:50:45.636614+00:00,7.0,3215.191,3215.17,3215.51,ETH
2026-01-06 07:45:08+00:00,2026-01-06 07:50:46.650633+00:00,8.0,3215.211,3215.2,3215.44,ETH
2026-01-06 07:45:09+00:00,2026-01-06 07:50:47.715147+00:00,9.0,3215.211,3215.15,3215.34,ETH
2026-01-06 07:45:10+00:00,2026-01-06 07:50:48.732058+00:00,10.0,3215.211,3215.11,3215.34,ETH
2026-01-06 07:45:11+00:00,2026-01-06 07:50:49.711477+00:00,11.0,3215.211,3215.12,3215.39,ETH
2026-01-06 07:45:12+00:00,2026-01-06 07:50:50.698365+00:00,12.0,3215.211,3215.11,3215.46,ETH
2026-01-06 07:45:13+00:00,2026-01-06 07:50:51.710856+00:00,13.0,3215.211,3215.09,3215.44,ETH
2026-01-06 07:45:14+00:00,2026-01-06 07:50:52.712271+00:00,14.0,3215.141,3215.08,3215.43,ETH
2026-01-06 07:45:15+00:00,2026-01-06 07:50:53.728944+00:00,15.0,3215.071,3215.06,3215.45,ETH
2026-01-06 07:45:16+00:00,2026-01-06 07:50:54.730394+00:00,16.0,3215.071,3215.02,3215.44,ETH
2026-01-06 07:45:17+00:00,2026-01-06 07:50:55.751902+00:00,17.0,3215.071,3215.0,3215.44,ETH
2026-01-06 07:45:18+00:00,2026-01-06 07:50:56.749846+00:00,18.0,3215.181,3215.04,3215.49,ETH
2026-01-06 07:45:19+00:00,2026-01-06 07:50:57.765500+00:00,19.0,3215.371,3215.08,3215.66,ETH
2026-01-06 07:45:20+00:00,2026-01-06 07:50:58.763498+00:00,20.0,3215.711,3215.49,3215.93,ETH
2026-01-06 07:45:21+00:00,2026-01-06 07:50:59.767909+00:00,21.0,3215.991,3215.89,3216.06,ETH
2026-01-06 07:45:22+00:00,2026-01-06 07:51:00.766401+00:00,22.0,3215.961,3215.86,3216.04,ETH
2026-01-06 07:45:23+00:00,2026-01-06 07:51:01.765696+00:00,23.0,3215.911,3215.85,3216.04,ETH
2026-01-06 07:45:24+00:00,2026-01-06 07:51:02.779460+00:00,24.0,3215.931,3215.88,3216.06,ETH
2026-01-06 07:45:25+00:00,2026-01-06 07:51:03.793670+00:00,25.0,3215.941,3215.89,3216.05,ETH
2026-01-06 07:45:26+00:00,2026-01-06 07:51:04.820193+00:00,26.0,3216.171,3216.03,3216.29,ETH
2026-01-06 07:45:27+00:00,2026-01-06 07:51:05.822501+00:00,27.0,3216.561,3216.35,3216.65,ETH
2026-01-06 07:45:28+00:00,2026-01-06 07:51:06.833994+00:00,28.0,3216.721,3216.56,3216.87,ETH
2026-01-06 07:45:29+00:00,2026-01-06 07:51:07.837615+00:00,29.0,3216.741,3216.6,3216.94,ETH
2026-01-06 07:45:30+00:00,2026-01-06 07:51:08.856418+00:00,30.0,3216.741,3216.61,3216.88,ETH
2026-01-06 07:45:31+00:00,2026-01-06 07:51:09.839883+00:00,31.0,3216.741,3216.61,3216.86,ETH
2026-01-06 07:45:32+00:00,2026-01-06 07:51:10.837783+00:00,32.0,3216.741,3216.6,3216.88,ETH
2026-01-06 07:45:33+00:00,2026-01-06 07:51:11.851872+00:00,33.0,3216.741,3216.62,3216.92,ETH
2026-01-06 07:45:34+00:00,2026-01-06 07:51:12.847781+00:00,34.0,3216.741,3216.64,3216.94,ETH
2026-01-06 07:45:35+00:00,2026-01-06 07:51:13.848077+00:00,35.0,3216.741,3216.64,3216.94,ETH
2026-01-06 07:45:36+00:00,2026-01-06 07:51:14.865514+00:00,36.0,3216.741,3216.64,3216.95,ETH
2026-01-06 07:45:37+00:00,2026-01-06 07:51:15.865812+00:00,37.0,3216.821,3216.65,3217.0,ETH
2026-01-06 07:45:38+00:00,2026-01-06 07:51:16.870380+00:00,38.0,3216.891,3216.69,3216.99,ETH
2026-01-06 07:45:39+00:00,2026-01-06 07:51:17.865239+00:00,39.0,3216.971,3216.72,3217.02,ETH
2026-01-06 07:45:40+00:00,2026-01-06 07:51:18.872449+00:00,40.0,3217.051,3216.83,3217.19,ETH
2026-01-06 07:45:41+00:00,2026-01-06 07:51:19.890031+00:00,41.0,3217.051,3216.92,3217.18,ETH
2026-01-06 07:45:42+00:00,2026-01-06 07:51:20.899301+00:00,42.0,3217.051,3216.91,3217.1,ETH
2026-01-06 07:45:43+00:00,2026-01-06 07:51:21.885907+00:00,43.0,3216.961,3216.87,3217.15,ETH
2026-01-06 07:45:44+00:00,2026-01-06 07:51:22.883464+00:00,44.0,3216.871,3216.83,3217.13,ETH
2026-01-06 07:45:45+00:00,2026-01-06 07:51:23.902616+00:00,45.0,3216.871,3216.83,3217.07,ETH
2026-01-06 07:45:46+00:00,2026-01-06 07:51:24.904996+00:00,46.0,3216.871,3216.83,3217.07,ETH
2026-01-06 07:45:47+00:00,2026-01-06 07:51:25.918260+00:00,47.0,3216.871,3216.83,3217.07,ETH
2026-01-06 07:45:48+00:00,2026-01-06 07:51:26.920974+00:00,48.0,3216.871,3216.83,3217.09,ETH
2026-01-06 07:45:49+00:00,2026-01-06 07:51:27.936324+00:00,49.0,3216.871,3216.83,3217.16,ETH
2026-01-06 07:45:50+00:00,2026-01-06 07:51:28.934047+00:00,50.0,3216.871,3216.83,3217.2,ETH
2026-01-06 07:45:51+00:00,2026-01-06 07:51:29.951741+00:00,51.0,3216.871,3216.83,3217.19,ETH
2026-01-06 07:45:52+00:00,2026-01-06 07:51:30.968171+00:00,52.0,3216.871,3216.84,3217.14,ETH
2026-01-06 07:45:53+00:00,2026-01-06 07:51:31.965553+00:00,53.0,3216.811,3216.79,3216.98,ETH
2026-01-06 07:45:54+00:00,2026-01-06 07:51:32.969220+00:00,54.0,3216.751,3216.67,3216.91,ETH
2026-01-06 07:45:55+00:00,2026-01-06 07:51:33.983784+00:00,55.0,3216.601,3216.47,3216.8,ETH
2026-01-06 07:45:56+00:00,2026-01-06 07:51:35.004637+00:00,56.0,3216.431,3216.34,3216.67,ETH
2026-01-06 07:45:57+00:00,2026-01-06 07:51:36.017095+00:00,57.0,3216.391,3216.37,3216.7,ETH
2026-01-06 07:45:58+00:00,2026-01-06 07:51:37.006699+00:00,58.0,3216.391,3216.37,3216.75,ETH
2026-01-06 07:45:59+00:00,2026-01-06 07:51:38.021353+00:00,59.0,3216.331,3216.29,3216.39,ETH
2026-01-06 07:46:00+00:00,2026-01-06 07:51:39.019817+00:00,60.0,3216.211,3216.17,3216.38,ETH
2026-01-06 07:46:01+00:00,2026-01-06 07:51:40.016320+00:00,61.0,3215.861,3215.78,3215.92,ETH
2026-01-06 07:46:02+00:00,2026-01-06 07:51:41.017100+00:00,62.0,3215.171,3215.17,3215.51,ETH
2026-01-06 07:46:03+00:00,2026-01-06 07:51:42.021996+00:00,63.0,3215.171,3215.15,3215.21,ETH
2026-01-06 07:46:04+00:00,2026-01-06 07:51:43.017773+00:00,64.0,3215.031,3214.97,3215.17,ETH
2026-01-06 07:46:05+00:00,2026-01-06 07:51:44.019025+00:00,65.0,3215.161,3215.04,3215.36,ETH
2026-01-06 07:46:06+00:00,2026-01-06 07:51:45.031728+00:00,66.0,3215.161,3215.07,3215.36,ETH
2026-01-06 07:46:07+00:00,2026-01-06 07:51:46.033435+00:00,67.0,3215.161,3215.07,3215.31,ETH
2026-01-06 07:46:08+00:00,2026-01-06 07:51:47.034087+00:00,68.0,3215.121,3214.9,3215.18,ETH
2026-01-06 07:46:09+00:00,2026-01-06 07:51:48.034840+00:00,69.0,3214.651,3214.64,3215.18,ETH
2026-01-06 07:46:10+00:00,2026-01-06 07:51:49.037337+00:00,70.0,3214.641,3214.64,3215.26,ETH
2026-01-06 07:46:11+00:00,2026-01-06 07:51:50.037194+00:00,71.0,3214.761,3214.64,3215.22,ETH
2026-01-06 07:46:12+00:00,2026-01-06 07:51:51.050228+00:00,72.0,3214.641,3214.62,3214.91,ETH
2026-01-06 07:46:13+00:00,2026-01-06 07:51:52.066350+00:00,73.0,3214.381,3214.14,3214.73,ETH
2026-01-06 07:46:14+00:00,2026-01-06 07:51:53.063860+00:00,74.0,3214.631,3214.62,3214.81,ETH
2026-01-06 07:46:15+00:00,2026-01-06 07:51:54.080153+00:00,75.0,3214.721,3214.7,3214.88,ETH
2026-01-06 07:46:16+00:00,2026-01-06 07:51:55.088161+00:00,76.0,3215.321,3215.18,3215.55,ETH
2026-01-06 07:46:17+00:00,2026-01-06 07:51:56.084993+00:00,77.0,3215.691,3215.45,3215.87,ETH
2026-01-06 07:46:18+00:00,2026-01-06 07:51:57.095120+00:00,78.0,3216.281,3215.93,3216.38,ETH
2026-01-06 07:46:19+00:00,2026-01-06 07:51:58.115579+00:00,79.0,3216.271,3216.22,3216.38,ETH
2026-01-06 07:46:20+00:00,2026-01-06 07:51:59.114783+00:00,80.0,3216.251,3216.2,3216.38,ETH
2026-01-06 07:46:21+00:00,2026-01-06 07:52:01.145041+00:00,81.0,3215.921,3215.88,3216.05,ETH
2026-01-06 07:46:22+00:00,2026-01-06 07:52:02.146823+00:00,82.0,3215.901,3215.86,3215.99,ETH
2026-01-06 07:46:23+00:00,2026-01-06 07:52:03.151960+00:00,83.0,3215.801,3215.75,3215.92,ETH
2026-01-06 07:46:25+00:00,2026-01-06 07:52:04.195033+00:00,85.0,3215.771,3215.76,3215.88,ETH
2026-01-06 07:46:26+00:00,2026-01-06 07:52:05.213183+00:00,86.0,3215.841,3215.8,3215.9,ETH
2026-01-06 07:46:27+00:00,2026-01-06 07:52:06.214107+00:00,87.0,3216.191,3215.92,3216.29,ETH
2026-01-06 07:46:28+00:00,2026-01-06 07:52:07.212941+00:00,88.0,3216.191,3216.07,3216.28,ETH
2026-01-06 07:46:29+00:00,2026-01-06 07:52:08.212772+00:00,89.0,3216.191,3216.07,3216.28,ETH
2026-01-06 07:46:30+00:00,2026-01-06 07:52:09.211591+00:00,90.0,3216.191,3216.11,3216.3,ETH
2026-01-06 07:46:31+00:00,2026-01-06 07:52:10.204147+00:00,91.0,3216.191,3216.09,3216.35,ETH
2026-01-06 07:46:32+00:00,2026-01-06 07:52:11.216731+00:00,92.0,3216.191,3216.06,3216.29,ETH
2026-01-06 07:46:33+00:00,2026-01-06 07:52:12.211793+00:00,93.0,3216.191,3216.05,3216.3,ETH
2026-01-06 07:46:34+00:00,2026-01-06 07:52:13.205316+00:00,94.0,3216.191,3216.05,3216.31,ETH
2026-01-06 07:46:35+00:00,2026-01-06 07:52:14.209456+00:00,95.0,3216.191,3216.06,3216.3,ETH
2026-01-06 07:46:36+00:00,2026-01-06 07:52:15.208640+00:00,96.0,3216.191,3216.07,3216.32,ETH
2026-01-06 07:46:37+00:00,2026-01-06 07:52:16.213306+00:00,97.0,3216.191,3216.07,3216.28,ETH
2026-01-06 07:46:38+00:00,2026-01-06 07:52:17.211477+00:00,98.0,3216.191,3216.06,3216.3,ETH
2026-01-06 07:46:39+00:00,2026-01-06 07:52:18.218244+00:00,99.0,3216.191,3216.07,3216.31,ETH
2026-01-06 07:46:40+00:00,2026-01-06 07:52:19.208947+00:00,100.0,3216.191,3216.06,3216.27,ETH
2026-01-06 07:46:41+00:00,2026-01-06 07:52:20.238610+00:00,101.0,3216.191,3216.07,3216.32,ETH
2026-01-06 07:46:42+00:00,2026-01-06 07:52:21.247789+00:00,102.0,3216.191,3216.09,3216.35,ETH
2026-01-06 07:46:43+00:00,2026-01-06 07:52:22.266882+00:00,103.0,3216.151,3216.09,3216.19,ETH
2026-01-06 07:46:44+00:00,2026-01-06 07:52:24.283200+00:00,104.0,3216.191,3216.15,3216.42,ETH
2026-01-06 07:46:45+00:00,2026-01-06 07:52:25.296507+00:00,105.0,3216.191,3216.17,3216.38,ETH
2026-01-06 07:46:46+00:00,2026-01-06 07:52:26.300692+00:00,106.0,3216.181,3216.17,3216.27,ETH
2026-01-06 07:46:48+00:00,2026-01-06 07:52:27.362495+00:00,108.0,3214.551,3214.47,3214.81,ETH
2026-01-06 07:46:49+00:00,2026-01-06 07:52:28.369025+00:00,109.0,3214.551,3214.48,3214.82,ETH
2026-01-06 07:46:50+00:00,2026-01-06 07:52:29.359284+00:00,110.0,3214.621,3214.54,3215.13,ETH
2026-01-06 07:46:51+00:00,2026-01-06 07:52:30.335087+00:00,111.0,3214.921,3214.82,3215.02,ETH
2026-01-06 07:46:52+00:00,2026-01-06 07:52:31.354272+00:00,112.0,3214.861,3214.8,3214.93,ETH
2026-01-06 07:46:53+00:00,2026-01-06 07:52:32.364866+00:00,113.0,3214.921,3214.87,3215.29,ETH
2026-01-06 07:46:54+00:00,2026-01-06 07:52:33.367576+00:00,114.0,3214.921,3214.9,3215.08,ETH
2026-01-06 07:46:55+00:00,2026-01-06 07:52:34.350976+00:00,115.0,3214.921,3214.89,3215.04,ETH
2026-01-06 07:46:56+00:00,2026-01-06 07:52:35.365621+00:00,116.0,3214.931,3214.89,3215.08,ETH
2026-01-06 07:46:57+00:00,2026-01-06 07:52:36.367608+00:00,117.0,3215.031,3214.96,3215.27,ETH
2026-01-06 07:46:58+00:00,2026-01-06 07:52:37.364092+00:00,118.0,3215.131,3214.98,3215.27,ETH
2026-01-06 07:46:59+00:00,2026-01-06 07:52:38.365154+00:00,119.0,3215.281,3215.02,3215.32,ETH
2026-01-06 07:47:00+00:00,2026-01-06 07:52:39.357041+00:00,120.0,3215.541,3215.39,3215.76,ETH
2026-01-06 07:47:01+00:00,2026-01-06 07:52:40.361779+00:00,121.0,3215.541,3215.4,3215.66,ETH
2026-01-06 07:47:02+00:00,2026-01-06 07:52:41.364882+00:00,122.0,3215.541,3215.44,3215.83,ETH
2026-01-06 07:47:03+00:00,2026-01-06 07:52:42.360581+00:00,123.0,3215.541,3215.44,3215.8,ETH
2026-01-06 07:47:04+00:00,2026-01-06 07:52:43.359380+00:00,124.0,3215.541,3215.43,3215.75,ETH
2026-01-06 07:47:05+00:00,2026-01-06 07:52:44.360857+00:00,125.0,3215.541,3215.38,3215.64,ETH
2026-01-06 07:47:06+00:00,2026-01-06 07:52:45.366774+00:00,126.0,3215.481,3215.4,3215.55,ETH
2026-01-06 07:47:07+00:00,2026-01-06 07:52:46.366097+00:00,127.0,3215.541,3215.4,3215.6,ETH
2026-01-06 07:47:08+00:00,2026-01-06 07:52:47.373589+00:00,128.0,3215.491,3215.4,3215.55,ETH
2026-01-06 07:47:09+00:00,2026-01-06 07:52:49.382644+00:00,129.0,3215.531,3215.41,3215.58,ETH
2026-01-06 07:47:10+00:00,2026-01-06 07:52:50.379224+00:00,130.0,3215.591,3215.42,3215.73,ETH
2026-01-06 07:47:11+00:00,2026-01-06 07:52:51.382656+00:00,131.0,3215.611,3215.33,3215.85,ETH
2026-01-06 07:47:12+00:00,2026-01-06 07:52:52.399113+00:00,132.0,3215.441,3215.22,3215.6,ETH
2026-01-06 07:47:13+00:00,2026-01-06 07:52:53.395375+00:00,133.0,3215.111,3214.98,3215.17,ETH
2026-01-06 07:47:14+00:00,2026-01-06 07:52:54.397090+00:00,134.0,3214.801,3214.73,3214.96,ETH
2026-01-06 07:47:15+00:00,2026-01-06 07:52:55.396316+00:00,135.0,3214.711,3214.7,3214.95,ETH
2026-01-06 07:47:16+00:00,2026-01-06 07:52:56.463194+00:00,136.0,3214.621,3214.6,3214.9,ETH
2026-01-06 07:47:17+00:00,2026-01-06 07:52:57.480498+00:00,137.0,3214.531,3214.52,3214.86,ETH
2026-01-06 07:47:18+00:00,2026-01-06 07:52:58.494179+00:00,138.0,3214.531,3214.52,3214.72,ETH
2026-01-06 07:47:19+00:00,2026-01-06 07:52:59.511602+00:00,139.0,3214.541,3214.53,3214.64,ETH
2026-01-06 07:47:20+00:00,2026-01-06 07:53:00.532262+00:00,140.0,3214.551,3214.54,3214.74,ETH
2026-01-06 07:47:21+00:00,2026-01-06 07:53:01.529096+00:00,141.0,3214.711,3214.64,3214.88,ETH
2026-01-06 07:47:22+00:00,2026-01-06 07:53:02.545377+00:00,142.0,3214.861,3214.75,3214.92,ETH
2026-01-06 07:47:23+00:00,2026-01-06 07:53:03.547374+00:00,143.0,3214.891,3214.77,3214.94,ETH
2026-01-06 07:47:24+00:00,2026-01-06 07:53:04.565641+00:00,144.0,3215.021,3214.9,3215.07,ETH
2026-01-06 07:47:25+00:00,2026-01-06 07:53:05.571525+00:00,145.0,3215.091,3215.01,3215.16,ETH
2026-01-06 07:47:26+00:00,2026-01-06 07:53:06.574239+00:00,146.0,3215.071,3214.99,3215.18,ETH
2026-01-06 07:47:27+00:00,2026-01-06 07:53:07.580071+00:00,147.0,3215.061,3215.0,3215.19,ETH
2026-01-06 07:47:28+00:00,2026-01-06 07:53:08.581619+00:00,148.0,3215.071,3215.02,3215.2,ETH
2026-01-06 07:47:29+00:00,2026-01-06 07:53:09.581994+00:00,149.0,3215.081,3215.02,3215.2,ETH
2026-01-06 07:47:30+00:00,2026-01-06 07:53:10.579273+00:00,150.0,3215.091,3215.03,3215.2,ETH
2026-01-06 07:47:31+00:00,2026-01-06 07:53:11.595203+00:00,151.0,3215.091,3215.04,3215.2,ETH
2026-01-06 07:47:32+00:00,2026-01-06 07:53:12.638163+00:00,152.0,3215.561,3215.44,3215.75,ETH
2026-01-06 07:47:33+00:00,2026-01-06 07:53:13.644848+00:00,153.0,3215.721,3215.63,3215.79,ETH
2026-01-06 07:47:34+00:00,2026-01-06 07:53:14.650284+00:00,154.0,3215.711,3215.66,3215.75,ETH
2026-01-06 07:47:35+00:00,2026-01-06 07:53:15.649114+00:00,155.0,3215.721,3215.69,3215.81,ETH
2026-01-06 07:47:36+00:00,2026-01-06 07:53:16.657920+00:00,156.0,3215.891,3215.73,3215.93,ETH
2026-01-06 07:47:37+00:00,2026-01-06 07:53:17.669206+00:00,157.0,3215.901,3215.73,3215.97,ETH
2026-01-06 07:47:38+00:00,2026-01-06 07:53:18.717342+00:00,158.0,3215.951,3215.76,3216.03,ETH
2026-01-06 07:47:39+00:00,2026-01-06 07:53:19.710882+00:00,159.0,3215.981,3215.77,3216.04,ETH
2026-01-06 07:47:40+00:00,2026-01-06 07:53:20.720113+00:00,160.0,3216.001,3215.79,3216.05,ETH
2026-01-06 07:47:41+00:00,2026-01-06 07:53:21.723655+00:00,161.0,3216.071,3215.85,3216.12,ETH
2026-01-06 07:47:42+00:00,2026-01-06 07:53:22.758359+00:00,162.0,3216.151,3215.92,3216.25,ETH
2026-01-06 07:47:43+00:00,2026-01-06 07:53:23.721731+00:00,163.0,3216.151,3215.94,3216.31,ETH
2026-01-06 07:47:44+00:00,2026-01-06 07:53:24.713679+00:00,164.0,3216.251,3216.1,3216.41,ETH
2026-01-06 07:47:45+00:00,2026-01-06 07:53:25.733948+00:00,165.0,3216.311,3216.24,3216.51,ETH
2026-01-06 07:47:46+00:00,2026-01-06 07:53:26.735154+00:00,166.0,3216.231,3216.15,3216.41,ETH
2026-01-06 07:47:47+00:00,2026-01-06 07:53:27.739739+00:00,167.0,3216.201,3216.12,3216.29,ETH
2026-01-06 07:47:48+00:00,2026-01-06 07:53:28.742919+00:00,168.0,3216.141,3216.12,3216.27,ETH
2026-01-06 07:47:49+00:00,2026-01-06 07:53:29.748132+00:00,169.0,3216.121,3216.1,3216.27,ETH
2026-01-06 07:47:50+00:00,2026-01-06 07:53:30.759247+00:00,170.0,3216.131,3216.11,3216.22,ETH
2026-01-06 07:47:51+00:00,2026-01-06 07:53:31.775917+00:00,171.0,3216.091,3216.09,3216.18,ETH
2026-01-06 07:47:52+00:00,2026-01-06 07:53:32.783262+00:00,172.0,3216.001,3215.92,3216.22,ETH
2026-01-06 07:47:53+00:00,2026-01-06 07:53:33.785390+00:00,173.0,3215.861,3215.69,3216.07,ETH
2026-01-06 07:47:54+00:00,2026-01-06 07:53:34.796259+00:00,174.0,3215.691,3215.54,3215.82,ETH
2026-01-06 07:47:55+00:00,2026-01-06 07:53:35.796410+00:00,175.0,3215.551,3215.4,3215.72,ETH
2026-01-06 07:47:56+00:00,2026-01-06 07:53:36.808866+00:00,176.0,3215.301,3215.21,3215.56,ETH
2026-01-06 07:47:57+00:00,2026-01-06 07:53:37.813859+00:00,177.0,3215.051,3215.04,3215.45,ETH
2026-01-06 07:47:58+00:00,2026-01-06 07:53:38.809599+00:00,178.0,3215.041,3215.04,3215.23,ETH
2026-01-06 07:47:59+00:00,2026-01-06 07:53:39.828466+00:00,179.0,3215.041,3215.04,3215.2,ETH
2026-01-06 07:48:00+00:00,2026-01-06 07:53:40.828748+00:00,180.0,3215.051,3215.04,3215.21,ETH
2026-01-06 07:48:01+00:00,2026-01-06 07:53:41.841394+00:00,181.0,3215.051,3215.04,3215.19,ETH
2026-01-06 07:48:02+00:00,2026-01-06 07:53:42.860420+00:00,182.0,3215.041,3215.01,3215.11,ETH
2026-01-06 07:48:03+00:00,2026-01-06 07:53:43.868162+00:00,183.0,3215.041,3215.01,3215.15,ETH
2026-01-06 07:48:04+00:00,2026-01-06 07:53:44.858739+00:00,184.0,3214.561,3214.54,3214.71,ETH
2026-01-06 07:48:05+00:00,2026-01-06 07:53:45.895233+00:00,185.0,3214.541,3214.54,3214.74,ETH
2026-01-06 07:48:06+00:00,2026-01-06 07:53:46.898124+00:00,186.0,3214.811,3214.57,3214.97,ETH
2026-01-06 07:48:07+00:00,2026-01-06 07:53:47.915951+00:00,187.0,3214.821,3214.74,3214.91,ETH
2026-01-06 07:48:08+00:00,2026-01-06 07:53:48.926099+00:00,188.0,3214.821,3214.74,3214.95,ETH
2026-01-06 07:48:09+00:00,2026-01-06 07:53:49.945931+00:00,189.0,3214.931,3214.82,3215.18,ETH
2026-01-06 07:48:10+00:00,2026-01-06 07:53:50.934827+00:00,190.0,3215.211,3215.18,3215.51,ETH
2026-01-06 07:48:11+00:00,2026-01-06 07:53:51.943986+00:00,191.0,3215.291,3215.17,3215.48,ETH
2026-01-06 07:48:12+00:00,2026-01-06 07:53:52.941350+00:00,192.0,3215.231,3215.17,3215.47,ETH
2026-01-06 07:48:13+00:00,2026-01-06 07:53:53.942574+00:00,193.0,3215.221,3215.17,3215.52,ETH
2026-01-06 07:48:14+00:00,2026-01-06 07:53:54.946464+00:00,194.0,3215.541,3215.4,3215.7,ETH
2026-01-06 07:48:15+00:00,2026-01-06 07:53:55.961323+00:00,195.0,3215.541,3215.42,3215.84,ETH
2026-01-06 07:48:16+00:00,2026-01-06 07:53:56.975705+00:00,196.0,3215.351,3215.26,3215.4,ETH
2026-01-06 07:48:17+00:00,2026-01-06 07:53:57.980051+00:00,197.0,3215.251,3215.21,3215.41,ETH
2026-01-06 07:48:18+00:00,2026-01-06 07:53:58.994316+00:00,198.0,3215.251,3215.21,3215.55,ETH
2026-01-06 07:48:19+00:00,2026-01-06 07:54:00.015391+00:00,199.0,3215.271,3215.26,3215.67,ETH
2026-01-06 07:48:20+00:00,2026-01-06 07:54:01.029772+00:00,200.0,3215.291,3215.26,3215.57,ETH
2026-01-06 07:48:21+00:00,2026-01-06 07:54:03.052146+00:00,201.0,3215.151,3215.15,3215.31,ETH
2026-01-06 07:48:22+00:00,2026-01-06 07:54:04.057357+00:00,202.0,3215.031,3215.03,3215.22,ETH
2026-01-06 07:48:23+00:00,2026-01-06 07:54:05.075527+00:00,203.0,3215.031,3215.03,3215.19,ETH
2026-01-06 07:48:24+00:00,2026-01-06 07:54:06.092320+00:00,204.0,3215.031,3215.02,3215.2,ETH
2026-01-06 07:48:25+00:00,2026-01-06 07:54:07.109281+00:00,205.0,3215.021,3215.01,3215.19,ETH
2026-01-06 07:48:26+00:00,2026-01-06 07:54:08.109102+00:00,206.0,3215.011,3215.01,3215.19,ETH
2026-01-06 07:48:27+00:00,2026-01-06 07:54:09.124695+00:00,207.0,3215.011,3215.01,3215.17,ETH
2026-01-06 07:48:28+00:00,2026-01-06 07:54:10.137736+00:00,208.0,3215.011,3215.01,3215.16,ETH
2026-01-06 07:48:29+00:00,2026-01-06 07:54:11.140563+00:00,209.0,3215.011,3215.01,3215.17,ETH
2026-01-06 07:48:30+00:00,2026-01-06 07:54:12.150615+00:00,210.0,3215.011,3215.01,3215.14,ETH
2026-01-06 07:48:31+00:00,2026-01-06 07:54:13.148133+00:00,211.0,3215.011,3215.01,3215.14,ETH
2026-01-06 07:48:32+00:00,2026-01-06 07:54:14.132568+00:00,212.0,3215.011,3215.01,3215.14,ETH
2026-01-06 07:48:33+00:00,2026-01-06 07:54:15.126286+00:00,213.0,3215.011,3215.01,3215.14,ETH
2026-01-06 07:48:34+00:00,2026-01-06 07:54:16.128214+00:00,214.0,3215.011,3215.01,3215.15,ETH
2026-01-06 07:48:35+00:00,2026-01-06 07:54:17.119245+00:00,215.0,3215.011,3215.01,3215.15,ETH
2026-01-06 07:48:36+00:00,2026-01-06 07:54:18.126134+00:00,216.0,3215.011,3215.01,3215.14,ETH
2026-01-06 07:48:37+00:00,2026-01-06 07:54:19.138900+00:00,217.0,3215.011,3215.0,3215.12,ETH
2026-01-06 07:48:38+00:00,2026-01-06 07:54:20.156321+00:00,218.0,3215.011,3215.0,3215.11,ETH
2026-01-06 07:48:39+00:00,2026-01-06 07:54:21.158278+00:00,219.0,3215.011,3215.0,3215.12,ETH
2026-01-06 07:48:41+00:00,2026-01-06 07:54:22.199495+00:00,221.0,3215.011,3215.0,3215.14,ETH
2026-01-06 07:48:42+00:00,2026-01-06 07:54:23.207875+00:00,222.0,3214.591,3214.53,3214.64,ETH
2026-01-06 07:48:43+00:00,2026-01-06 07:54:24.206251+00:00,223.0,3214.291,3214.28,3214.47,ETH
2026-01-06 07:48:44+00:00,2026-01-06 07:54:25.226716+00:00,224.0,3214.291,3214.28,3214.5,ETH
2026-01-06 07:48:45+00:00,2026-01-06 07:54:26.216503+00:00,225.0,3214.291,3214.28,3214.5,ETH
2026-01-06 07:48:46+00:00,2026-01-06 07:54:28.193625+00:00,226.0,3214.891,3214.73,3215.11,ETH
2026-01-06 07:48:47+00:00,2026-01-06 07:54:29.178709+00:00,227.0,3215.001,3214.94,3215.14,ETH
2026-01-06 07:48:48+00:00,2026-01-06 07:54:30.180242+00:00,228.0,3215.001,3214.94,3215.11,ETH
2026-01-06 07:48:49+00:00,2026-01-06 07:54:31.189614+00:00,229.0,3215.001,3214.94,3215.1,ETH
2026-01-06 07:48:50+00:00,2026-01-06 07:54:32.234334+00:00,230.0,3215.001,3214.91,3215.11,ETH
2026-01-06 07:48:52+00:00,2026-01-06 07:54:33.301659+00:00,232.0,3214.951,3214.89,3215.11,ETH
2026-01-06 07:48:53+00:00,2026-01-06 07:54:34.245181+00:00,233.0,3214.941,3214.9,3215.11,ETH
2026-01-06 07:48:54+00:00,2026-01-06 07:54:35.313128+00:00,234.0,3214.671,3214.47,3214.84,ETH
2026-01-06 07:48:55+00:00,2026-01-06 07:54:36.313317+00:00,235.0,3214.471,3214.46,3214.69,ETH
2026-01-06 07:48:56+00:00,2026-01-06 07:54:37.283481+00:00,236.0,3214.281,3214.27,3214.47,ETH
2026-01-06 07:48:57+00:00,2026-01-06 07:54:38.284876+00:00,237.0,3214.281,3214.27,3214.4,ETH
2026-01-06 07:48:58+00:00,2026-01-06 07:54:39.289080+00:00,238.0,3213.871,3213.74,3214.24,ETH
2026-01-06 07:48:59+00:00,2026-01-06 07:54:40.315416+00:00,239.0,3213.751,3213.74,3214.2,ETH
2026-01-06 07:49:00+00:00,2026-01-06 07:54:41.312925+00:00,240.0,3213.851,3213.74,3214.19,ETH
2026-01-06 07:49:01+00:00,2026-01-06 07:54:42.323927+00:00,241.0,3213.741,3213.73,3214.2,ETH
2026-01-06 07:49:02+00:00,2026-01-06 07:54:43.317632+00:00,242.0,3214.031,3214.02,3214.14,ETH
2026-01-06 07:49:03+00:00,2026-01-06 07:54:44.317886+00:00,243.0,3213.831,3213.83,3214.13,ETH
2026-01-06 07:49:04+00:00,2026-01-06 07:54:45.320877+00:00,244.0,3213.831,3213.83,3214.21,ETH
2026-01-06 07:49:05+00:00,2026-01-06 07:54:46.327816+00:00,245.0,3214.031,3214.02,3214.19,ETH
2026-01-06 07:49:06+00:00,2026-01-06 07:54:47.339961+00:00,246.0,3213.891,3213.88,3214.18,ETH
2026-01-06 07:49:07+00:00,2026-01-06 07:54:48.353017+00:00,247.0,3213.891,3213.88,3214.2,ETH
2026-01-06 07:49:08+00:00,2026-01-06 07:54:49.345013+00:00,248.0,3214.091,3214.09,3214.26,ETH
2026-01-06 07:49:09+00:00,2026-01-06 07:54:51.342361+00:00,249.0,3214.191,3214.17,3214.41,ETH
2026-01-06 07:49:10+00:00,2026-01-06 07:54:52.377921+00:00,250.0,3214.351,3214.31,3214.44,ETH
2026-01-06 07:49:11+00:00,2026-01-06 07:54:53.397108+00:00,251.0,3214.401,3214.35,3214.47,ETH
2026-01-06 07:49:12+00:00,2026-01-06 07:54:54.394469+00:00,252.0,3214.361,3214.32,3214.45,ETH
2026-01-06 07:49:13+00:00,2026-01-06 07:54:55.459630+00:00,253.0,3214.301,3214.27,3214.43,ETH
2026-01-06 07:49:14+00:00,2026-01-06 07:54:56.460927+00:00,254.0,3214.301,3214.28,3214.43,ETH
2026-01-06 07:49:15+00:00,2026-01-06 07:54:57.458870+00:00,255.0,3214.311,3214.25,3214.41,ETH
2026-01-06 07:49:16+00:00,2026-01-06 07:54:58.463974+00:00,256.0,3214.231,3214.16,3214.32,ETH
2026-01-06 07:49:17+00:00,2026-01-06 07:54:59.486541+00:00,257.0,3214.221,3214.19,3214.31,ETH
2026-01-06 07:49:18+00:00,2026-01-06 07:55:00.478249+00:00,258.0,3214.281,3214.26,3214.41,ETH
2026-01-06 07:49:19+00:00,2026-01-06 07:55:01.476984+00:00,259.0,3214.311,3214.27,3214.43,ETH
2026-01-06 07:49:20+00:00,2026-01-06 07:55:02.477398+00:00,260.0,3214.221,3214.18,3214.33,ETH
2026-01-06 07:49:21+00:00,2026-01-06 07:55:03.486477+00:00,261.0,3214.191,3214.17,3214.3,ETH
2026-01-06 07:49:22+00:00,2026-01-06 07:55:04.491352+00:00,262.0,3214.021,3213.99,3214.26,ETH
2026-01-06 07:49:23+00:00,2026-01-06 07:55:05.479174+00:00,263.0,3213.821,3213.79,3214.19,ETH
2026-01-06 07:49:24+00:00,2026-01-06 07:55:06.517335+00:00,264.0,3213.851,3213.84,3214.24,ETH
2026-01-06 07:49:25+00:00,2026-01-06 07:55:07.524555+00:00,265.0,3213.791,3213.79,3214.18,ETH
2026-01-06 07:49:26+00:00,2026-01-06 07:55:08.538069+00:00,266.0,3213.561,3213.48,3213.81,ETH
2026-01-06 07:49:27+00:00,2026-01-06 07:55:09.530386+00:00,267.0,3213.321,3213.24,3213.61,ETH
2026-01-06 07:49:28+00:00,2026-01-06 07:55:10.538806+00:00,268.0,3213.241,3213.24,3213.62,ETH
2026-01-06 07:49:29+00:00,2026-01-06 07:55:11.540414+00:00,269.0,3213.241,3213.24,3213.54,ETH
2026-01-06 07:49:30+00:00,2026-01-06 07:55:12.537590+00:00,270.0,3213.161,3213.15,3213.47,ETH
2026-01-06 07:49:31+00:00,2026-01-06 07:55:13.551323+00:00,271.0,3213.071,3213.07,3213.39,ETH
2026-01-06 07:49:32+00:00,2026-01-06 07:55:14.556571+00:00,272.0,3213.071,3213.07,3213.42,ETH
2026-01-06 07:49:33+00:00,2026-01-06 07:55:15.554658+00:00,273.0,3213.071,3213.07,3213.48,ETH
2026-01-06 07:49:34+00:00,2026-01-06 07:55:16.559520+00:00,274.0,3213.071,3213.06,3213.15,ETH
2026-01-06 07:49:35+00:00,2026-01-06 07:55:17.573053+00:00,275.0,3213.071,3213.05,3213.12,ETH
2026-01-06 07:49:36+00:00,2026-01-06 07:55:18.580511+00:00,276.0,3213.071,3213.07,3213.24,ETH
2026-01-06 07:49:37+00:00,2026-01-06 07:55:19.569793+00:00,277.0,3213.071,3213.07,3213.19,ETH
2026-01-06 07:49:38+00:00,2026-01-06 07:55:20.585968+00:00,278.0,3212.821,3212.82,3213.25,ETH
2026-01-06 07:49:39+00:00,2026-01-06 07:55:21.595950+00:00,279.0,3212.731,3212.66,3213.22,ETH
2026-01-06 07:49:40+00:00,2026-01-06 07:55:22.605114+00:00,280.0,3212.731,3212.72,3213.22,ETH
2026-01-06 07:49:41+00:00,2026-01-06 07:55:23.708920+00:00,281.0,3212.961,3212.89,3213.21,ETH
2026-01-06 07:49:42+00:00,2026-01-06 07:55:24.740836+00:00,282.0,3213.071,3212.9,3213.19,ETH
2026-01-06 07:49:43+00:00,2026-01-06 07:55:25.742786+00:00,283.0,3212.871,3212.76,3213.06,ETH
2026-01-06 07:49:44+00:00,2026-01-06 07:55:26.745729+00:00,284.0,3212.731,3212.73,3213.11,ETH
2026-01-06 07:49:45+00:00,2026-01-06 07:55:27.757786+00:00,285.0,3212.681,3212.68,3213.16,ETH
2026-01-06 07:49:46+00:00,2026-01-06 07:55:28.754712+00:00,286.0,3212.671,3212.67,3213.03,ETH
2026-01-06 07:49:47+00:00,2026-01-06 07:55:29.773761+00:00,287.0,3212.661,3212.66,3212.88,ETH
2026-01-06 07:49:48+00:00,2026-01-06 07:55:30.771602+00:00,288.0,3212.661,3212.66,3212.84,ETH
2026-01-06 07:49:49+00:00,2026-01-06 07:55:31.772642+00:00,289.0,3212.661,3212.66,3212.84,ETH
2026-01-06 07:49:50+00:00,2026-01-06 07:55:32.772734+00:00,290.0,3212.451,3212.45,3212.79,ETH
2026-01-06 07:49:51+00:00,2026-01-06 07:55:33.776638+00:00,291.0,3212.251,3212.24,3212.7,ETH
2026-01-06 07:49:52+00:00,2026-01-06 07:55:34.793168+00:00,292.0,3212.251,3212.24,3212.63,ETH
2026-01-06 07:49:53+00:00,2026-01-06 07:55:35.811507+00:00,293.0,3212.241,3212.24,3212.58,ETH
2026-01-06 07:49:54+00:00,2026-01-06 07:55:36.824261+00:00,294.0,3212.231,3212.23,3212.59,ETH
2026-01-06 07:49:55+00:00,2026-01-06 07:55:37.843078+00:00,295.0,3212.301,3212.29,3212.57,ETH
2026-01-06 07:49:56+00:00,2026-01-06 07:55:38.842809+00:00,296.0,3212.321,3212.31,3212.57,ETH
2026-01-06 07:49:57+00:00,2026-01-06 07:55:39.842157+00:00,297.0,3212.251,3212.25,3212.59,ETH
2026-01-06 07:49:58+00:00,2026-01-06 07:55:40.858954+00:00,298.0,3212.121,3212.12,3212.7,ETH
2026-01-06 07:49:59+00:00,2026-01-06 07:55:41.865569+00:00,299.0,3212.121,3212.11,3212.54,ETH
2026-01-06 07:50:00+00:00,2026-01-06 07:55:42.872372+00:00,300.0,3212.421,3212.33,3212.5,ETH
2026-01-06 07:50:01+00:00,2026-01-06 07:55:43.876777+00:00,301.0,3212.211,3212.2,3212.36,ETH
2026-01-06 07:50:02+00:00,2026-01-06 07:55:44.890227+00:00,302.0,3212.201,3212.2,3212.41,ETH
2026-01-06 07:50:03+00:00,2026-01-06 07:55:45.890411+00:00,303.0,3212.201,3212.2,3212.41,ETH
2026-01-06 07:50:04+00:00,2026-01-06 07:55:46.890606+00:00,304.0,3212.201,3212.2,3212.59,ETH
2026-01-06 07:50:05+00:00,2026-01-06 07:55:47.890541+00:00,305.0,3212.191,3212.19,3212.47,ETH
2026-01-06 07:50:06+00:00,2026-01-06 07:55:48.892415+00:00,306.0,3212.191,3212.19,3212.43,ETH
2026-01-06 07:50:07+00:00,2026-01-06 07:55:49.885304+00:00,307.0,3212.211,3212.21,3212.41,ETH
2026-01-06 07:50:08+00:00,2026-01-06 07:55:50.893938+00:00,308.0,3212.261,3212.26,3212.42,ETH
2026-01-06 07:50:09+00:00,2026-01-06 07:55:51.887687+00:00,309.0,3212.141,3212.08,3212.5,ETH
2026-01-06 07:50:10+00:00,2026-01-06 07:55:52.906700+00:00,310.0,3212.191,3212.17,3212.46,ETH
2026-01-06 07:50:11+00:00,2026-01-06 07:55:53.927316+00:00,311.0,3212.121,3212.12,3212.39,ETH
2026-01-06 07:50:12+00:00,2026-01-06 07:55:54.905029+00:00,312.0,3211.831,3211.82,3212.17,ETH
2026-01-06 07:50:13+00:00,2026-01-06 07:55:55.909243+00:00,313.0,3211.901,3211.9,3212.18,ETH
2026-01-06 07:50:14+00:00,2026-01-06 07:55:56.918202+00:00,314.0,3211.721,3211.71,3212.1,ETH
2026-01-06 07:50:15+00:00,2026-01-06 07:55:57.921360+00:00,315.0,3211.301,3211.08,3211.36,ETH
2026-01-06 07:50:16+00:00,2026-01-06 07:55:58.935816+00:00,316.0,3211.081,3211.08,3211.5,ETH
2026-01-06 07:50:17+00:00,2026-01-06 07:55:59.944668+00:00,317.0,3211.081,3211.04,3211.3,ETH
2026-01-06 07:50:18+00:00,2026-01-06 07:56:00.973546+00:00,318.0,3211.081,3211.07,3211.33,ETH
2026-01-06 07:50:19+00:00,2026-01-06 07:56:01.975327+00:00,319.0,3211.071,3211.01,3211.27,ETH
2026-01-06 07:50:20+00:00,2026-01-06 07:56:03.009964+00:00,320.0,3211.071,3211.01,3211.17,ETH
2026-01-06 07:50:21+00:00,2026-01-06 07:56:05.041439+00:00,321.0,3211.011,3210.93,3211.15,ETH
2026-01-06 07:50:22+00:00,2026-01-06 07:56:06.076740+00:00,322.0,3210.741,3210.69,3211.12,ETH
2026-01-06 07:50:23+00:00,2026-01-06 07:56:07.070638+00:00,323.0,3210.461,3210.45,3210.93,ETH
2026-01-06 07:50:24+00:00,2026-01-06 07:56:08.084782+00:00,324.0,3210.351,3210.3,3210.81,ETH
2026-01-06 07:50:25+00:00,2026-01-06 07:56:09.083287+00:00,325.0,3210.501,3210.28,3210.84,ETH
2026-01-06 07:50:26+00:00,2026-01-06 07:56:10.085009+00:00,326.0,3211.491,3211.12,3211.59,ETH
2026-01-06 07:50:27+00:00,2026-01-06 07:56:11.097558+00:00,327.0,3212.061,3211.83,3212.14,ETH
2026-01-06 07:50:28+00:00,2026-01-06 07:56:12.100114+00:00,328.0,3211.821,3211.74,3211.96,ETH
2026-01-06 07:50:29+00:00,2026-01-06 07:56:13.139844+00:00,329.0,3211.791,3211.62,3211.93,ETH
2026-01-06 07:50:30+00:00,2026-01-06 07:56:14.126573+00:00,330.0,3211.831,3211.59,3211.92,ETH
2026-01-06 07:50:31+00:00,2026-01-06 07:56:15.134050+00:00,331.0,3211.811,3211.65,3211.93,ETH
2026-01-06 07:50:32+00:00,2026-01-06 07:56:16.158376+00:00,332.0,3211.961,3211.74,3212.11,ETH
2026-01-06 07:50:34+00:00,2026-01-06 07:56:17.211744+00:00,334.0,3212.361,3212.07,3212.43,ETH
2026-01-06 07:50:35+00:00,2026-01-06 07:56:18.154894+00:00,335.0,3212.671,3212.39,3212.72,ETH
2026-01-06 07:50:36+00:00,2026-01-06 07:56:19.198666+00:00,336.0,3212.991,3212.79,3213.1,ETH
2026-01-06 07:50:37+00:00,2026-01-06 07:56:20.215636+00:00,337.0,3212.741,3212.74,3212.88,ETH
2026-01-06 07:50:38+00:00,2026-01-06 07:56:21.206359+00:00,338.0,3212.581,3212.51,3212.91,ETH
2026-01-06 07:50:39+00:00,2026-01-06 07:56:22.207775+00:00,339.0,3212.541,3212.5,3212.74,ETH
2026-01-06 07:50:40+00:00,2026-01-06 07:56:23.231607+00:00,340.0,3212.971,3212.67,3213.13,ETH
2026-01-06 07:50:41+00:00,2026-01-06 07:56:24.243616+00:00,341.0,3213.821,3213.75,3213.87,ETH
2026-01-06 07:50:42+00:00,2026-01-06 07:56:25.231616+00:00,342.0,3213.911,3213.85,3214.35,ETH
2026-01-06 07:50:43+00:00,2026-01-06 07:56:26.231719+00:00,343.0,3213.911,3213.86,3214.35,ETH
2026-01-06 07:50:44+00:00,2026-01-06 07:56:27.252722+00:00,344.0,3214.131,3214.08,3214.5,ETH
2026-01-06 07:50:45+00:00,2026-01-06 07:56:29.352204+00:00,345.0,3213.951,3213.92,3214.28,ETH
2026-01-06 07:50:46+00:00,2026-01-06 07:56:30.356883+00:00,346.0,3214.021,3213.93,3214.32,ETH
2026-01-06 07:50:47+00:00,2026-01-06 07:56:31.369846+00:00,347.0,3214.121,3214.02,3214.38,ETH
2026-01-06 07:50:48+00:00,2026-01-06 07:56:32.390100+00:00,348.0,3214.281,3214.15,3214.58,ETH
2026-01-06 07:50:49+00:00,2026-01-06 07:56:33.388545+00:00,349.0,3214.461,3214.29,3214.64,ETH
2026-01-06 07:50:50+00:00,2026-01-06 07:56:34.404167+00:00,350.0,3214.501,3214.38,3214.55,ETH
2026-01-06 07:50:51+00:00,2026-01-06 07:56:35.420127+00:00,351.0,3214.501,3214.42,3214.57,ETH
2026-01-06 07:50:52+00:00,2026-01-06 07:56:36.421996+00:00,352.0,3215.191,3215.14,3215.26,ETH
2026-01-06 07:50:53+00:00,2026-01-06 07:56:37.440119+00:00,353.0,3215.871,3215.78,3215.96,ETH
2026-01-06 07:50:54+00:00,2026-01-06 07:56:38.440214+00:00,354.0,3215.841,3215.77,3216.01,ETH
2026-01-06 07:50:55+00:00,2026-01-06 07:56:39.453250+00:00,355.0,3215.821,3215.76,3216.07,ETH
2026-01-06 07:50:56+00:00,2026-01-06 07:56:40.455065+00:00,356.0,3215.871,3215.82,3216.14,ETH
2026-01-06 07:50:57+00:00,2026-01-06 07:56:41.450408+00:00,357.0,3215.921,3215.86,3216.07,ETH
2026-01-06 07:50:58+00:00,2026-01-06 07:56:42.453926+00:00,358.0,3215.881,3215.81,3215.97,ETH
2026-01-06 07:50:59+00:00,2026-01-06 07:56:43.449964+00:00,359.0,3216.011,3215.8,3216.19,ETH
2026-01-06 07:51:00+00:00,2026-01-06 07:56:44.460434+00:00,360.0,3215.901,3215.71,3216.05,ETH
2026-01-06 07:51:01+00:00,2026-01-06 07:56:45.472734+00:00,361.0,3215.641,3215.61,3215.76,ETH
2026-01-06 07:51:02+00:00,2026-01-06 07:56:46.470734+00:00,362.0,3215.601,3215.52,3215.75,ETH
2026-01-06 07:51:03+00:00,2026-01-06 07:56:47.475740+00:00,363.0,3215.351,3215.3,3215.51,ETH
2026-01-06 07:51:04+00:00,2026-01-06 07:56:48.473774+00:00,364.0,3215.171,3215.17,3215.44,ETH
2026-01-06 07:51:05+00:00,2026-01-06 07:56:49.475967+00:00,365.0,3215.391,3215.3,3215.64,ETH
2026-01-06 07:51:06+00:00,2026-01-06 07:56:50.472883+00:00,366.0,3215.501,3215.39,3215.6,ETH
2026-01-06 07:51:07+00:00,2026-01-06 07:56:51.475175+00:00,367.0,3215.261,3215.22,3215.49,ETH
2026-01-06 07:51:08+00:00,2026-01-06 07:56:52.473113+00:00,368.0,3215.231,3215.21,3215.51,ETH
2026-01-06 07:51:09+00:00,2026-01-06 07:56:53.489744+00:00,369.0,3215.371,3215.33,3215.46,ETH
2026-01-06 07:51:10+00:00,2026-01-06 07:56:54.487628+00:00,370.0,3215.391,3215.33,3215.44,ETH
2026-01-06 07:51:11+00:00,2026-01-06 07:56:55.508456+00:00,371.0,3215.391,3215.34,3215.44,ETH
2026-01-06 07:51:12+00:00,2026-01-06 07:56:56.507427+00:00,372.0,3215.391,3215.34,3215.44,ETH
2026-01-06 07:51:13+00:00,2026-01-06 07:56:57.502489+00:00,373.0,3215.641,3215.56,3215.67,ETH
2026-01-06 07:51:14+00:00,2026-01-06 07:56:58.506212+00:00,374.0,3215.901,3215.79,3215.94,ETH
2026-01-06 07:51:15+00:00,2026-01-06 07:56:59.515321+00:00,375.0,3215.721,3215.67,3215.96,ETH
2026-01-06 07:51:16+00:00,2026-01-06 07:57:00.535327+00:00,376.0,3215.551,3215.54,3215.8,ETH
2026-01-06 07:51:17+00:00,2026-01-06 07:57:01.530486+00:00,377.0,3215.611,3215.57,3215.68,ETH
2026-01-06 07:51:18+00:00,2026-01-06 07:57:02.535551+00:00,378.0,3215.651,3215.59,3215.71,ETH
2026-01-06 07:51:19+00:00,2026-01-06 07:57:03.536617+00:00,379.0,3215.661,3215.59,3215.71,ETH
2026-01-06 07:51:20+00:00,2026-01-06 07:57:04.536413+00:00,380.0,3215.661,3215.59,3215.72,ETH
2026-01-06 07:51:21+00:00,2026-01-06 07:57:05.537602+00:00,381.0,3215.671,3215.61,3215.72,ETH
2026-01-06 07:51:22+00:00,2026-01-06 07:57:06.572656+00:00,382.0,3215.691,3215.64,3215.76,ETH
2026-01-06 07:51:23+00:00,2026-01-06 07:57:07.566164+00:00,383.0,3215.711,3215.65,3215.79,ETH
2026-01-06 07:51:24+00:00,2026-01-06 07:57:08.570851+00:00,384.0,3215.571,3215.53,3215.64,ETH
2026-01-06 07:51:25+00:00,2026-01-06 07:57:09.589121+00:00,385.0,3215.451,3215.41,3215.51,ETH
2026-01-06 07:51:26+00:00,2026-01-06 07:57:10.605387+00:00,386.0,3215.481,3215.43,3215.55,ETH
2026-01-06 07:51:27+00:00,2026-01-06 07:57:11.666186+00:00,387.0,3215.541,3215.47,3215.62,ETH
2026-01-06 07:51:28+00:00,2026-01-06 07:57:12.674634+00:00,388.0,3215.591,3215.51,3215.64,ETH
2026-01-06 07:51:29+00:00,2026-01-06 07:57:13.680661+00:00,389.0,3215.681,3215.53,3215.72,ETH
2026-01-06 07:51:30+00:00,2026-01-06 07:57:14.672292+00:00,390.0,3216.001,3215.69,3216.09,ETH
2026-01-06 07:51:31+00:00,2026-01-06 07:57:15.671154+00:00,391.0,3216.311,3215.99,3216.57,ETH
2026-01-06 07:51:32+00:00,2026-01-06 07:57:16.690747+00:00,392.0,3216.411,3216.26,3216.74,ETH
2026-01-06 07:51:33+00:00,2026-01-06 07:57:17.759104+00:00,393.0,3216.391,3216.33,3216.56,ETH
2026-01-06 07:51:34+00:00,2026-01-06 07:57:18.733731+00:00,394.0,3216.201,3216.11,3216.26,ETH
2026-01-06 07:51:35+00:00,2026-01-06 07:57:19.731464+00:00,395.0,3216.061,3215.98,3216.17,ETH
2026-01-06 07:51:36+00:00,2026-01-06 07:57:20.744718+00:00,396.0,3216.061,3216.03,3216.21,ETH
2026-01-06 07:51:37+00:00,2026-01-06 07:57:21.749137+00:00,397.0,3216.061,3216.03,3216.16,ETH
2026-01-06 07:51:38+00:00,2026-01-06 07:57:22.751308+00:00,398.0,3216.341,3216.24,3216.45,ETH
2026-01-06 07:51:39+00:00,2026-01-06 07:57:23.768603+00:00,399.0,3217.021,3216.78,3217.17,ETH
2026-01-06 07:51:40+00:00,2026-01-06 07:57:24.762677+00:00,400.0,3217.471,3217.25,3217.59,ETH
2026-01-06 07:51:41+00:00,2026-01-06 07:57:25.757331+00:00,401.0,3217.481,3217.38,3217.64,ETH
2026-01-06 07:51:42+00:00,2026-01-06 07:57:26.763634+00:00,402.0,3217.401,3217.33,3217.68,ETH
2026-01-06 07:51:43+00:00,2026-01-06 07:57:27.761647+00:00,403.0,3217.181,3217.15,3217.35,ETH
2026-01-06 07:51:44+00:00,2026-01-06 07:57:28.784967+00:00,404.0,3216.861,3216.53,3216.88,ETH
2026-01-06 07:51:45+00:00,2026-01-06 07:57:29.787503+00:00,405.0,3216.331,3215.82,3216.52,ETH
2026-01-06 07:51:46+00:00,2026-01-06 07:57:30.803809+00:00,406.0,3216.171,3215.91,3216.48,ETH
2026-01-06 07:51:47+00:00,2026-01-06 07:57:31.818624+00:00,407.0,3216.631,3216.39,3216.78,ETH
2026-01-06 07:51:48+00:00,2026-01-06 07:57:32.854180+00:00,408.0,3216.951,3216.65,3217.0,ETH
2026-01-06 07:51:49+00:00,2026-01-06 07:57:33.853439+00:00,409.0,3217.151,3216.87,3217.21,ETH
2026-01-06 07:51:50+00:00,2026-01-06 07:57:34.854096+00:00,410.0,3217.291,3217.11,3217.44,ETH
2026-01-06 07:51:51+00:00,2026-01-06 07:57:35.923805+00:00,411.0,3217.381,3217.24,3217.57,ETH
2026-01-06 07:51:52+00:00,2026-01-06 07:57:36.921391+00:00,412.0,3217.441,3217.22,3217.58,ETH
2026-01-06 07:51:53+00:00,2026-01-06 07:57:37.956856+00:00,413.0,3217.431,3217.19,3217.58,ETH
2026-01-06 07:51:54+00:00,2026-01-06 07:57:38.952746+00:00,414.0,3217.321,3217.18,3217.58,ETH
2026-01-06 07:51:55+00:00,2026-01-06 07:57:39.954827+00:00,415.0,3217.291,3217.24,3217.58,ETH
2026-01-06 07:51:56+00:00,2026-01-06 07:57:40.954151+00:00,416.0,3217.371,3217.33,3217.58,ETH
2026-01-06 07:51:57+00:00,2026-01-06 07:57:41.953149+00:00,417.0,3217.391,3217.35,3217.55,ETH
2026-01-06 07:51:58+00:00,2026-01-06 07:57:42.982040+00:00,418.0,3217.391,3217.34,3217.52,ETH
2026-01-06 07:51:59+00:00,2026-01-06 07:57:43.980976+00:00,419.0,3217.411,3217.36,3217.52,ETH
2026-01-06 07:52:00+00:00,2026-01-06 07:57:45.017251+00:00,420.0,3217.431,3217.38,3217.52,ETH
2026-01-06 07:52:01+00:00,2026-01-06 07:57:46.014276+00:00,421.0,3217.421,3217.36,3217.52,ETH
2026-01-06 07:52:02+00:00,2026-01-06 07:57:47.036265+00:00,422.0,3217.591,3217.37,3217.85,ETH
2026-01-06 07:52:03+00:00,2026-01-06 07:57:48.079301+00:00,423.0,3218.191,3217.97,3218.47,ETH
2026-01-06 07:52:04+00:00,2026-01-06 07:57:49.069460+00:00,424.0,3218.671,3218.59,3218.82,ETH
2026-01-06 07:52:05+00:00,2026-01-06 07:57:50.070616+00:00,425.0,3218.751,3218.67,3218.89,ETH
2026-01-06 07:52:06+00:00,2026-01-06 07:57:51.071002+00:00,426.0,3218.801,3218.69,3218.91,ETH
2026-01-06 07:52:07+00:00,2026-01-06 07:57:52.087568+00:00,427.0,3218.851,3218.75,3218.93,ETH
2026-01-06 07:52:08+00:00,2026-01-06 07:57:53.113765+00:00,428.0,3218.871,3218.83,3218.93,ETH
2026-01-06 07:52:09+00:00,2026-01-06 07:57:54.123131+00:00,429.0,3218.911,3218.88,3218.98,ETH
2026-01-06 07:52:10+00:00,2026-01-06 07:57:55.118046+00:00,430.0,3218.921,3218.87,3218.98,ETH
2026-01-06 07:52:11+00:00,2026-01-06 07:57:56.115596+00:00,431.0,3218.941,3218.86,3219.12,ETH
2026-01-06 07:52:12+00:00,2026-01-06 07:57:57.136871+00:00,432.0,3219.141,3218.99,3219.49,ETH
2026-01-06 07:52:13+00:00,2026-01-06 07:57:58.137089+00:00,433.0,3219.361,3219.08,3219.67,ETH
2026-01-06 07:52:14+00:00,2026-01-06 07:57:59.153062+00:00,434.0,3219.401,3219.13,3219.67,ETH
2026-01-06 07:52:15+00:00,2026-01-06 07:58:00.153818+00:00,435.0,3219.201,3219.0,3219.34,ETH
2026-01-06 07:52:16+00:00,2026-01-06 07:58:01.170662+00:00,436.0,3218.931,3218.85,3219.02,ETH
2026-01-06 07:52:17+00:00,2026-01-06 07:58:02.172263+00:00,437.0,3218.931,3218.89,3219.06,ETH
2026-01-06 07:52:18+00:00,2026-01-06 07:58:03.180189+00:00,438.0,3219.001,3218.92,3219.07,ETH
2026-01-06 07:52:19+00:00,2026-01-06 07:58:04.203350+00:00,439.0,3218.831,3218.7,3218.89,ETH
2026-01-06 07:52:20+00:00,2026-01-06 07:58:05.238883+00:00,440.0,3218.541,3218.4,3218.59,ETH
2026-01-06 07:52:21+00:00,2026-01-06 07:58:06.226977+00:00,441.0,3218.421,3218.34,3218.5,ETH
2026-01-06 07:52:22+00:00,2026-01-06 07:58:07.251334+00:00,442.0,3218.551,3218.43,3218.77,ETH
2026-01-06 07:52:23+00:00,2026-01-06 07:58:08.269931+00:00,443.0,3218.961,3218.71,3219.27,ETH
2026-01-06 07:52:24+00:00,2026-01-06 07:58:09.252020+00:00,444.0,3219.772,3219.56,3220.01,ETH
2026-01-06 07:52:25+00:00,2026-01-06 07:58:10.285740+00:00,445.0,3220.272,3220.22,3220.45,ETH
2026-01-06 07:52:26+00:00,2026-01-06 07:58:11.285719+00:00,446.0,3220.212,3220.18,3220.42,ETH
2026-01-06 07:52:27+00:00,2026-01-06 07:58:12.290541+00:00,447.0,3220.182,3220.09,3220.37,ETH
2026-01-06 07:52:28+00:00,2026-01-06 07:58:13.329279+00:00,448.0,3220.192,3220.09,3220.4,ETH
2026-01-06 07:52:29+00:00,2026-01-06 07:58:14.336042+00:00,449.0,3220.232,3220.14,3220.51,ETH
2026-01-06 07:52:30+00:00,2026-01-06 07:58:15.347707+00:00,450.0,3220.232,3220.19,3220.51,ETH
2026-01-06 07:52:31+00:00,2026-01-06 07:58:16.350955+00:00,451.0,3220.142,3220.11,3220.36,ETH
2026-01-06 07:52:32+00:00,2026-01-06 07:58:17.332617+00:00,452.0,3220.052,3220.02,3220.28,ETH
2026-01-06 07:52:33+00:00,2026-01-06 07:58:18.405363+00:00,453.0,3220.002,3219.95,3220.17,ETH
2026-01-06 07:52:34+00:00,2026-01-06 07:58:19.405564+00:00,454.0,3219.912,3219.86,3220.07,ETH
2026-01-06 07:52:35+00:00,2026-01-06 07:58:20.419413+00:00,455.0,3219.872,3219.83,3220.06,ETH
2026-01-06 07:52:36+00:00,2026-01-06 07:58:21.434835+00:00,456.0,3220.102,3219.96,3220.22,ETH
2026-01-06 07:52:37+00:00,2026-01-06 07:58:22.453374+00:00,457.0,3220.472,3220.33,3220.53,ETH
2026-01-06 07:52:38+00:00,2026-01-06 07:58:23.452832+00:00,458.0,3220.552,3220.49,3220.73,ETH
2026-01-06 07:52:39+00:00,2026-01-06 07:58:24.464369+00:00,459.0,3220.502,3220.37,3220.8,ETH
2026-01-06 07:52:40+00:00,2026-01-06 07:58:25.484434+00:00,460.0,3220.492,3220.37,3220.81,ETH
2026-01-06 07:52:41+00:00,2026-01-06 07:58:26.498124+00:00,461.0,3220.492,3220.44,3220.78,ETH
2026-01-06 07:52:42+00:00,2026-01-06 07:58:27.500515+00:00,462.0,3220.502,3220.44,3220.73,ETH
2026-01-06 07:52:43+00:00,2026-01-06 07:58:28.514170+00:00,463.0,3220.502,3220.4,3220.76,ETH
2026-01-06 07:52:44+00:00,2026-01-06 07:58:29.528197+00:00,464.0,3220.492,3220.39,3220.72,ETH
2026-01-06 07:52:45+00:00,2026-01-06 07:58:30.533212+00:00,465.0,3220.512,3220.42,3220.67,ETH
2026-01-06 07:52:46+00:00,2026-01-06 07:58:31.531249+00:00,466.0,3220.612,3220.45,3220.81,ETH
2026-01-06 07:52:47+00:00,2026-01-06 07:58:32.550950+00:00,467.0,3220.722,3220.54,3220.98,ETH
2026-01-06 07:52:48+00:00,2026-01-06 07:58:33.550971+00:00,468.0,3220.772,3220.63,3220.99,ETH
2026-01-06 07:52:49+00:00,2026-01-06 07:58:34.551069+00:00,469.0,3220.912,3220.64,3221.11,ETH
2026-01-06 07:52:50+00:00,2026-01-06 07:58:35.564559+00:00,470.0,3221.082,3220.84,3221.3,ETH
2026-01-06 07:52:51+00:00,2026-01-06 07:58:36.568777+00:00,471.0,3221.062,3220.88,3221.35,ETH
2026-01-06 07:52:52+00:00,2026-01-06 07:58:37.562563+00:00,472.0,3221.242,3221.0,3221.44,ETH
2026-01-06 07:52:53+00:00,2026-01-06 07:58:38.584256+00:00,473.0,3221.382,3221.11,3221.43,ETH
2026-01-06 07:52:54+00:00,2026-01-06 07:58:39.589222+00:00,474.0,3221.342,3221.06,3221.39,ETH
2026-01-06 07:52:55+00:00,2026-01-06 07:58:40.598214+00:00,475.0,3221.542,3221.22,3221.67,ETH
2026-01-06 07:52:56+00:00,2026-01-06 07:58:41.596711+00:00,476.0,3221.602,3221.33,3221.82,ETH
2026-01-06 07:52:57+00:00,2026-01-06 07:58:42.597531+00:00,477.0,3221.522,3221.43,3221.8,ETH
2026-01-06 07:52:58+00:00,2026-01-06 07:58:43.597297+00:00,478.0,3221.522,3221.48,3221.89,ETH
2026-01-06 07:52:59+00:00,2026-01-06 07:58:44.602143+00:00,479.0,3221.522,3221.5,3221.87,ETH
2026-01-06 07:53:00+00:00,2026-01-06 07:58:45.602244+00:00,480.0,3221.482,3221.4,3221.69,ETH
2026-01-06 07:53:01+00:00,2026-01-06 07:58:46.642996+00:00,481.0,3221.222,3221.15,3221.51,ETH
2026-01-06 07:53:03+00:00,2026-01-06 07:58:47.765928+00:00,483.0,3220.952,3220.94,3221.13,ETH
2026-01-06 07:53:04+00:00,2026-01-06 07:58:48.751613+00:00,484.0,3220.632,3220.5,3220.67,ETH
2026-01-06 07:53:05+00:00,2026-01-06 07:58:49.760644+00:00,485.0,3220.502,3220.5,3220.73,ETH
2026-01-06 07:53:06+00:00,2026-01-06 07:58:50.755116+00:00,486.0,3220.502,3220.5,3220.72,ETH
2026-01-06 07:53:07+00:00,2026-01-06 07:58:51.775499+00:00,487.0,3220.502,3220.5,3220.74,ETH
2026-01-06 07:53:08+00:00,2026-01-06 07:58:52.762699+00:00,488.0,3220.242,3220.24,3220.66,ETH
2026-01-06 07:53:09+00:00,2026-01-06 07:58:53.773194+00:00,489.0,3220.402,3220.4,3220.66,ETH
2026-01-06 07:53:10+00:00,2026-01-06 07:58:54.757509+00:00,490.0,3220.402,3220.4,3220.6,ETH
2026-01-06 07:53:11+00:00,2026-01-06 07:58:56.775385+00:00,491.0,3220.422,3220.4,3220.62,ETH
2026-01-06 07:53:12+00:00,2026-01-06 07:58:57.783283+00:00,492.0,3220.462,3220.44,3220.58,ETH
2026-01-06 07:53:13+00:00,2026-01-06 07:58:58.793405+00:00,493.0,3220.502,3220.49,3220.61,ETH
2026-01-06 07:53:14+00:00,2026-01-06 07:58:59.802575+00:00,494.0,3220.502,3220.49,3220.72,ETH
2026-01-06 07:53:15+00:00,2026-01-06 07:59:00.931017+00:00,495.0,3220.592,3220.56,3220.83,ETH
2026-01-06 07:53:16+00:00,2026-01-06 07:59:01.933870+00:00,496.0,3220.682,3220.63,3220.85,ETH
2026-01-06 07:53:17+00:00,2026-01-06 07:59:02.933587+00:00,497.0,3220.782,3220.65,3220.9,ETH
2026-01-06 07:53:18+00:00,2026-01-06 07:59:03.934431+00:00,498.0,3220.872,3220.77,3221.04,ETH
2026-01-06 07:53:19+00:00,2026-01-06 07:59:04.950459+00:00,499.0,3220.942,3220.9,3221.14,ETH
2026-01-06 07:53:20+00:00,2026-01-06 07:59:05.951343+00:00,500.0,3220.992,3220.92,3221.17,ETH
2026-01-06 07:53:21+00:00,2026-01-06 07:59:06.966977+00:00,501.0,3220.972,3220.9,3221.16,ETH
2026-01-06 07:53:22+00:00,2026-01-06 07:59:07.982447+00:00,502.0,3220.852,3220.78,3220.99,ETH
2026-01-06 07:53:23+00:00,2026-01-06 07:59:08.986411+00:00,503.0,3220.692,3220.65,3220.83,ETH
2026-01-06 07:53:24+00:00,2026-01-06 07:59:09.980080+00:00,504.0,3220.652,3220.63,3220.77,ETH
2026-01-06 07:53:25+00:00,2026-01-06 07:59:10.981067+00:00,505.0,3220.582,3220.55,3220.7,ETH
2026-01-06 07:53:26+00:00,2026-01-06 07:59:11.980694+00:00,506.0,3220.342,3220.3,3220.56,ETH
2026-01-06 07:53:27+00:00,2026-01-06 07:59:12.981605+00:00,507.0,3220.142,3220.1,3220.43,ETH
2026-01-06 07:53:28+00:00,2026-01-06 07:59:13.986309+00:00,508.0,3220.112,3220.1,3220.39,ETH
2026-01-06 07:53:29+00:00,2026-01-06 07:59:14.981387+00:00,509.0,3220.232,3220.15,3220.38,ETH
2026-01-06 07:53:30+00:00,2026-01-06 07:59:15.986575+00:00,510.0,3220.282,3220.2,3220.4,ETH
2026-01-06 07:53:31+00:00,2026-01-06 07:59:16.982951+00:00,511.0,3220.212,3220.21,3220.4,ETH
2026-01-06 07:53:32+00:00,2026-01-06 07:59:17.996397+00:00,512.0,3220.212,3220.21,3220.39,ETH
2026-01-06 07:53:33+00:00,2026-01-06 07:59:18.983586+00:00,513.0,3220.262,3220.24,3220.4,ETH
2026-01-06 07:53:34+00:00,2026-01-06 07:59:19.996739+00:00,514.0,3220.312,3220.26,3220.42,ETH
2026-01-06 07:53:35+00:00,2026-01-06 07:59:21.002837+00:00,515.0,3220.232,3220.2,3220.29,ETH
2026-01-06 07:53:36+00:00,2026-01-06 07:59:22.012749+00:00,516.0,3220.242,3220.23,3220.34,ETH
2026-01-06 07:53:37+00:00,2026-01-06 07:59:23.019691+00:00,517.0,3220.402,3220.34,3220.73,ETH
2026-01-06 07:53:38+00:00,2026-01-06 07:59:24.017138+00:00,518.0,3220.242,3220.06,3220.25,ETH
2026-01-06 07:53:39+00:00,2026-01-06 07:59:25.016450+00:00,519.0,3220.222,3220.19,3220.28,ETH
2026-01-06 07:53:40+00:00,2026-01-06 07:59:26.032011+00:00,520.0,3220.242,3220.24,3220.31,ETH
2026-01-06 07:53:41+00:00,2026-01-06 07:59:27.044222+00:00,521.0,3220.232,3220.18,3220.28,ETH
2026-01-06 07:53:42+00:00,2026-01-06 07:59:28.046114+00:00,522.0,3219.752,3219.75,3219.96,ETH
2026-01-06 07:53:43+00:00,2026-01-06 07:59:29.044508+00:00,523.0,3219.752,3219.75,3220.19,ETH
2026-01-06 07:53:44+00:00,2026-01-06 07:59:30.060936+00:00,524.0,3219.752,3219.75,3219.97,ETH
2026-01-06 07:53:45+00:00,2026-01-06 07:59:31.077145+00:00,525.0,3219.972,3219.93,3220.08,ETH
2026-01-06 07:53:46+00:00,2026-01-06 07:59:32.079400+00:00,526.0,3219.892,3219.84,3220.07,ETH
2026-01-06 07:53:47+00:00,2026-01-06 07:59:33.076688+00:00,527.0,3219.832,3219.83,3220.09,ETH
2026-01-06 07:53:48+00:00,2026-01-06 07:59:34.088546+00:00,528.0,3219.832,3219.83,3220.14,ETH
2026-01-06 07:53:49+00:00,2026-01-06 07:59:35.102337+00:00,529.0,3219.822,3219.82,3220.11,ETH
2026-01-06 07:53:50+00:00,2026-01-06 07:59:36.098651+00:00,530.0,3219.812,3219.81,3219.94,ETH
2026-01-06 07:53:51+00:00,2026-01-06 07:59:37.110062+00:00,531.0,3219.832,3219.83,3220.0,ETH
2026-01-06 07:53:52+00:00,2026-01-06 07:59:38.116952+00:00,532.0,3220.012,3220.0,3220.14,ETH
2026-01-06 07:53:53+00:00,2026-01-06 07:59:39.126699+00:00,533.0,3219.992,3219.98,3220.09,ETH
2026-01-06 07:53:54+00:00,2026-01-06 07:59:40.128784+00:00,534.0,3219.972,3219.94,3220.0,ETH
2026-01-06 07:53:55+00:00,2026-01-06 07:59:41.142186+00:00,535.0,3219.872,3219.82,3219.98,ETH
2026-01-06 07:53:56+00:00,2026-01-06 07:59:42.149975+00:00,536.0,3219.552,3219.45,3219.83,ETH
2026-01-06 07:53:57+00:00,2026-01-06 07:59:43.160260+00:00,537.0,3219.241,3219.23,3219.69,ETH
2026-01-06 07:53:58+00:00,2026-01-06 07:59:44.178363+00:00,538.0,3219.211,3219.2,3219.6,ETH
2026-01-06 07:53:59+00:00,2026-01-06 07:59:45.185081+00:00,539.0,3219.211,3219.2,3219.53,ETH
2026-01-06 07:54:00+00:00,2026-01-06 07:59:46.200491+00:00,540.0,3219.211,3219.2,3219.49,ETH
2026-01-06 07:54:01+00:00,2026-01-06 07:59:47.211670+00:00,541.0,3218.921,3218.84,3218.97,ETH
2026-01-06 07:54:02+00:00,2026-01-06 07:59:48.226637+00:00,542.0,3218.901,3218.78,3218.95,ETH
2026-01-06 07:54:03+00:00,2026-01-06 07:59:49.234961+00:00,543.0,3218.841,3218.76,3218.92,ETH
2026-01-06 07:54:04+00:00,2026-01-06 07:59:50.249004+00:00,544.0,3218.731,3218.67,3218.89,ETH
2026-01-06 07:54:05+00:00,2026-01-06 07:59:51.244133+00:00,545.0,3218.381,3218.38,3218.62,ETH
2026-01-06 07:54:06+00:00,2026-01-06 07:59:52.247030+00:00,546.0,3218.381,3218.38,3218.66,ETH
2026-01-06 07:54:07+00:00,2026-01-06 07:59:53.247767+00:00,547.0,3219.171,3219.03,3219.18,ETH
2026-01-06 07:54:08+00:00,2026-01-06 07:59:54.251222+00:00,548.0,3219.181,3219.04,3219.22,ETH
2026-01-06 07:54:09+00:00,2026-01-06 07:59:55.258306+00:00,549.0,3219.181,3219.06,3219.49,ETH
2026-01-06 07:54:10+00:00,2026-01-06 07:59:56.265068+00:00,550.0,3219.572,3219.33,3219.6,ETH
2026-01-06 07:54:11+00:00,2026-01-06 07:59:57.281279+00:00,551.0,3219.752,3219.41,3219.84,ETH
2026-01-06 07:54:12+00:00,2026-01-06 07:59:58.284605+00:00,552.0,3219.802,3219.41,3220.0,ETH
2026-01-06 07:54:13+00:00,2026-01-06 07:59:59.292340+00:00,553.0,3220.032,3219.7,3220.18,ETH
2026-01-06 07:54:14+00:00,2026-01-06 08:00:00.310037+00:00,554.0,3219.602,3219.59,3219.92,ETH
2026-01-06 07:54:15+00:00,2026-01-06 08:00:01.317859+00:00,555.0,3219.592,3219.44,3219.6,ETH
2026-01-06 07:54:16+00:00,2026-01-06 08:00:02.358039+00:00,556.0,3219.031,3218.88,3219.18,ETH
2026-01-06 07:54:17+00:00,2026-01-06 08:00:03.378735+00:00,557.0,3218.791,3218.76,3218.94,ETH
2026-01-06 07:54:18+00:00,2026-01-06 08:00:04.376157+00:00,558.0,3218.761,3218.71,3218.88,ETH
2026-01-06 07:54:19+00:00,2026-01-06 08:00:05.379167+00:00,559.0,3218.941,3218.89,3219.04,ETH
2026-01-06 07:54:20+00:00,2026-01-06 08:00:06.370681+00:00,560.0,3219.021,3218.98,3219.2,ETH
2026-01-06 07:54:21+00:00,2026-01-06 08:00:07.402675+00:00,561.0,3219.011,3218.97,3219.2,ETH
2026-01-06 07:54:22+00:00,2026-01-06 08:00:08.420567+00:00,562.0,3219.041,3218.99,3219.19,ETH
2026-01-06 07:54:23+00:00,2026-01-06 08:00:09.450401+00:00,563.0,3219.051,3218.99,3219.19,ETH
2026-01-06 07:54:24+00:00,2026-01-06 08:00:10.464500+00:00,564.0,3219.091,3218.96,3219.2,ETH
2026-01-06 07:54:25+00:00,2026-01-06 08:00:11.477205+00:00,565.0,3219.061,3218.96,3219.2,ETH
2026-01-06 07:54:26+00:00,2026-01-06 08:00:12.479019+00:00,566.0,3218.901,3218.85,3219.2,ETH
2026-01-06 07:54:27+00:00,2026-01-06 08:00:13.481650+00:00,567.0,3218.981,3218.93,3219.18,ETH
2026-01-06 07:54:28+00:00,2026-01-06 08:00:14.483560+00:00,568.0,3219.011,3218.94,3219.18,ETH
2026-01-06 07:54:29+00:00,2026-01-06 08:00:15.477980+00:00,569.0,3219.071,3218.98,3219.18,ETH
2026-01-06 07:54:30+00:00,2026-01-06 08:00:16.476488+00:00,570.0,3219.031,3218.98,3219.18,ETH
2026-01-06 07:54:31+00:00,2026-01-06 08:00:17.487013+00:00,571.0,3219.051,3218.99,3219.18,ETH
2026-01-06 07:54:32+00:00,2026-01-06 08:00:18.576045+00:00,572.0,3219.181,3219.05,3219.24,ETH
2026-01-06 07:54:33+00:00,2026-01-06 08:00:19.593688+00:00,573.0,3219.101,3219.05,3219.19,ETH
2026-01-06 07:54:34+00:00,2026-01-06 08:00:20.597463+00:00,574.0,3219.041,3219.0,3219.19,ETH
2026-01-06 07:54:35+00:00,2026-01-06 08:00:21.594895+00:00,575.0,3219.051,3218.98,3219.15,ETH
2026-01-06 07:54:36+00:00,2026-01-06 08:00:22.603044+00:00,576.0,3218.881,3218.85,3219.02,ETH
2026-01-06 07:54:37+00:00,2026-01-06 08:00:23.593625+00:00,577.0,3218.861,3218.71,3218.95,ETH
2026-01-06 07:54:38+00:00,2026-01-06 08:00:24.608904+00:00,578.0,3218.861,3218.71,3218.93,ETH
2026-01-06 07:54:39+00:00,2026-01-06 08:00:25.615099+00:00,579.0,3218.921,3218.74,3219.14,ETH
2026-01-06 07:54:40+00:00,2026-01-06 08:00:26.616656+00:00,580.0,3219.091,3218.93,3219.19,ETH
2026-01-06 07:54:41+00:00,2026-01-06 08:00:27.629998+00:00,581.0,3219.081,3218.91,3219.13,ETH
2026-01-06 07:54:42+00:00,2026-01-06 08:00:28.629151+00:00,582.0,3219.091,3218.91,3219.15,ETH
2026-01-06 07:54:43+00:00,2026-01-06 08:00:29.640344+00:00,583.0,3218.951,3218.89,3219.08,ETH
2026-01-06 07:54:44+00:00,2026-01-06 08:00:30.647113+00:00,584.0,3218.791,3218.73,3218.88,ETH
2026-01-06 07:54:45+00:00,2026-01-06 08:00:32.649483+00:00,585.0,3218.761,3218.71,3218.87,ETH
2026-01-06 07:54:46+00:00,2026-01-06 08:00:33.658254+00:00,586.0,3218.791,3218.7,3218.94,ETH
2026-01-06 07:54:47+00:00,2026-01-06 08:00:34.663558+00:00,587.0,3218.861,3218.74,3218.96,ETH
2026-01-06 07:54:48+00:00,2026-01-06 08:00:35.660645+00:00,588.0,3218.861,3218.75,3218.9,ETH
2026-01-06 07:54:49+00:00,2026-01-06 08:00:36.662561+00:00,589.0,3218.861,3218.75,3218.91,ETH
2026-01-06 07:54:51+00:00,2026-01-06 08:00:37.715048+00:00,591.0,3218.861,3218.77,3218.92,ETH
2026-01-06 07:54:52+00:00,2026-01-06 08:00:38.733798+00:00,592.0,3218.861,3218.77,3218.92,ETH
2026-01-06 07:54:53+00:00,2026-01-06 08:00:39.728858+00:00,593.0,3218.861,3218.77,3218.92,ETH
2026-01-06 07:54:54+00:00,2026-01-06 08:00:40.738341+00:00,594.0,3218.381,3218.37,3218.53,ETH
2026-01-06 07:54:55+00:00,2026-01-06 08:00:41.746990+00:00,595.0,3218.121,3218.07,3218.38,ETH
2026-01-06 07:54:56+00:00,2026-01-06 08:00:42.760427+00:00,596.0,3218.121,3218.08,3218.38,ETH
2026-01-06 07:54:57+00:00,2026-01-06 08:00:43.740523+00:00,597.0,3218.121,3218.07,3218.38,ETH
2026-01-06 07:54:58+00:00,2026-01-06 08:00:44.758870+00:00,598.0,3218.131,3218.08,3218.38,ETH
2026-01-06 07:54:59+00:00,2026-01-06 08:00:45.750871+00:00,599.0,3218.541,3218.48,3218.72,ETH
2026-01-06 07:55:00+00:00,2026-01-06 08:00:46.749149+00:00,600.0,3218.731,3218.67,3218.86,ETH
2026-01-06 07:55:01+00:00,2026-01-06 08:00:47.774530+00:00,601.0,3218.701,3218.64,3218.84,ETH
2026-01-06 07:55:02+00:00,2026-01-06 08:00:48.766197+00:00,602.0,3218.721,3218.66,3218.84,ETH
2026-01-06 07:55:03+00:00,2026-01-06 08:00:49.780040+00:00,603.0,3218.711,3218.66,3218.84,ETH
2026-01-06 07:55:04+00:00,2026-01-06 08:00:50.780990+00:00,604.0,3218.691,3218.65,3218.84,ETH
2026-01-06 07:55:05+00:00,2026-01-06 08:00:51.795096+00:00,605.0,3218.681,3218.61,3218.82,ETH
2026-01-06 07:55:06+00:00,2026-01-06 08:00:52.810173+00:00,606.0,3218.501,3218.5,3218.62,ETH
2026-01-06 07:55:07+00:00,2026-01-06 08:00:53.830977+00:00,607.0,3218.501,3218.5,3218.6,ETH
2026-01-06 07:55:08+00:00,2026-01-06 08:00:54.832174+00:00,608.0,3218.521,3218.47,3218.57,ETH
2026-01-06 07:55:09+00:00,2026-01-06 08:00:55.827557+00:00,609.0,3218.471,3218.43,3218.53,ETH
2026-01-06 07:55:10+00:00,2026-01-06 08:00:57.860270+00:00,610.0,3218.521,3218.48,3218.58,ETH
2026-01-06 07:55:11+00:00,2026-01-06 08:00:58.854406+00:00,611.0,3218.501,3218.47,3218.58,ETH
2026-01-06 07:55:12+00:00,2026-01-06 08:00:59.866470+00:00,612.0,3218.501,3218.49,3218.62,ETH
2026-01-06 07:55:13+00:00,2026-01-06 08:01:00.863232+00:00,613.0,3218.541,3218.51,3218.65,ETH
2026-01-06 07:55:14+00:00,2026-01-06 08:01:01.863133+00:00,614.0,3218.501,3218.47,3218.62,ETH
2026-01-06 07:55:15+00:00,2026-01-06 08:01:02.864986+00:00,615.0,3218.401,3218.38,3218.5,ETH
2026-01-06 07:55:16+00:00,2026-01-06 08:01:03.859535+00:00,616.0,3218.341,3218.31,3218.41,ETH
2026-01-06 07:55:17+00:00,2026-01-06 08:01:04.882135+00:00,617.0,3218.311,3218.28,3218.38,ETH
2026-01-06 07:55:18+00:00,2026-01-06 08:01:05.907553+00:00,618.0,3218.041,3218.02,3218.18,ETH
2026-01-06 07:55:19+00:00,2026-01-06 08:01:06.897575+00:00,619.0,3217.761,3217.75,3217.98,ETH
2026-01-06 07:55:20+00:00,2026-01-06 08:01:07.916569+00:00,620.0,3217.751,3217.73,3217.88,ETH
2026-01-06 07:55:21+00:00,2026-01-06 08:01:08.929255+00:00,621.0,3217.731,3217.69,3217.77,ETH
2026-01-06 07:55:22+00:00,2026-01-06 08:01:09.945917+00:00,622.0,3217.701,3217.66,3217.79,ETH
2026-01-06 07:55:23+00:00,2026-01-06 08:01:10.940375+00:00,623.0,3217.691,3217.65,3217.86,ETH
2026-01-06 07:55:24+00:00,2026-01-06 08:01:11.960339+00:00,624.0,3217.701,3217.66,3217.91,ETH
2026-01-06 07:55:25+00:00,2026-01-06 08:01:12.974867+00:00,625.0,3217.701,3217.65,3217.85,ETH
2026-01-06 07:55:26+00:00,2026-01-06 08:01:13.981910+00:00,626.0,3217.691,3217.64,3217.82,ETH
2026-01-06 07:55:27+00:00,2026-01-06 08:01:14.994392+00:00,627.0,3217.681,3217.64,3217.82,ETH
2026-01-06 07:55:28+00:00,2026-01-06 08:01:16.006962+00:00,628.0,3217.691,3217.64,3217.82,ETH
2026-01-06 07:55:29+00:00,2026-01-06 08:01:17.007955+00:00,629.0,3217.681,3217.63,3217.81,ETH
2026-01-06 07:55:30+00:00,2026-01-06 08:01:17.994368+00:00,630.0,3218.011,3217.91,3218.08,ETH
2026-01-06 07:55:31+00:00,2026-01-06 08:01:19.012435+00:00,631.0,3218.291,3218.19,3218.44,ETH
2026-01-06 07:55:32+00:00,2026-01-06 08:01:20.015505+00:00,632.0,3218.251,3218.2,3218.57,ETH
2026-01-06 07:55:33+00:00,2026-01-06 08:01:21.022931+00:00,633.0,3218.301,3218.26,3218.61,ETH
2026-01-06 07:55:34+00:00,2026-01-06 08:01:22.031164+00:00,634.0,3218.341,3218.29,3218.62,ETH
2026-01-06 07:55:35+00:00,2026-01-06 08:01:23.048271+00:00,635.0,3218.371,3218.32,3218.85,ETH
2026-01-06 07:55:36+00:00,2026-01-06 08:01:24.062356+00:00,636.0,3218.391,3218.34,3218.77,ETH
2026-01-06 07:55:37+00:00,2026-01-06 08:01:25.078831+00:00,637.0,3218.651,3218.42,3218.77,ETH
2026-01-06 07:55:38+00:00,2026-01-06 08:01:26.099707+00:00,638.0,3218.381,3218.33,3218.78,ETH
2026-01-06 07:55:39+00:00,2026-01-06 08:01:27.086684+00:00,639.0,3218.371,3218.32,3218.77,ETH
2026-01-06 07:55:40+00:00,2026-01-06 08:01:28.093369+00:00,640.0,3218.361,3218.32,3218.78,ETH
2026-01-06 07:55:41+00:00,2026-01-06 08:01:29.095269+00:00,641.0,3218.351,3218.31,3218.78,ETH
2026-01-06 07:55:42+00:00,2026-01-06 08:01:30.112086+00:00,642.0,3218.351,3218.3,3218.7,ETH
2026-01-06 07:55:43+00:00,2026-01-06 08:01:31.109694+00:00,643.0,3218.381,3218.34,3218.7,ETH
2026-01-06 07:55:44+00:00,2026-01-06 08:01:32.122461+00:00,644.0,3218.381,3218.33,3218.7,ETH
2026-01-06 07:55:45+00:00,2026-01-06 08:01:33.125659+00:00,645.0,3218.381,3218.33,3218.7,ETH
2026-01-06 07:55:46+00:00,2026-01-06 08:01:34.128279+00:00,646.0,3218.451,3218.39,3218.7,ETH
2026-01-06 07:55:47+00:00,2026-01-06 08:01:35.134284+00:00,647.0,3218.441,3218.38,3218.71,ETH
2026-01-06 07:55:48+00:00,2026-01-06 08:01:36.143692+00:00,648.0,3218.681,3218.48,3218.73,ETH
2026-01-06 07:55:49+00:00,2026-01-06 08:01:37.149819+00:00,649.0,3218.621,3218.48,3218.71,ETH
2026-01-06 07:55:50+00:00,2026-01-06 08:01:38.155756+00:00,650.0,3218.631,3218.48,3218.71,ETH
2026-01-06 07:55:51+00:00,2026-01-06 08:01:39.172398+00:00,651.0,3218.591,3218.45,3218.7,ETH
2026-01-06 07:55:52+00:00,2026-01-06 08:01:40.160458+00:00,652.0,3218.621,3218.45,3218.7,ETH
2026-01-06 07:55:53+00:00,2026-01-06 08:01:41.176526+00:00,653.0,3218.831,3218.47,3218.91,ETH
2026-01-06 07:55:54+00:00,2026-01-06 08:01:42.232020+00:00,654.0,3218.861,3218.61,3218.91,ETH
2026-01-06 07:55:55+00:00,2026-01-06 08:01:43.218879+00:00,655.0,3218.841,3218.63,3218.89,ETH
2026-01-06 07:55:56+00:00,2026-01-06 08:01:44.224484+00:00,656.0,3218.841,3218.64,3218.88,ETH
2026-01-06 07:55:57+00:00,2026-01-06 08:01:45.226482+00:00,657.0,3218.811,3218.63,3218.88,ETH
2026-01-06 07:55:58+00:00,2026-01-06 08:01:46.213580+00:00,658.0,3218.831,3218.64,3218.95,ETH
2026-01-06 07:55:59+00:00,2026-01-06 08:01:47.211551+00:00,659.0,3218.871,3218.66,3219.02,ETH
2026-01-06 07:56:00+00:00,2026-01-06 08:01:48.218886+00:00,660.0,3218.761,3218.62,3218.88,ETH
2026-01-06 07:56:01+00:00,2026-01-06 08:01:49.222280+00:00,661.0,3218.021,3218.0,3218.13,ETH
2026-01-06 07:56:02+00:00,2026-01-06 08:01:50.206215+00:00,662.0,3217.941,3217.73,3218.08,ETH
2026-01-06 07:56:03+00:00,2026-01-06 08:01:51.209553+00:00,663.0,3216.921,3216.91,3217.29,ETH
2026-01-06 07:56:04+00:00,2026-01-06 08:01:52.206509+00:00,664.0,3217.161,3216.95,3217.31,ETH
2026-01-06 07:56:05+00:00,2026-01-06 08:01:53.213477+00:00,665.0,3216.991,3216.95,3217.2,ETH
2026-01-06 07:56:06+00:00,2026-01-06 08:01:54.222840+00:00,666.0,3217.051,3217.0,3217.11,ETH
2026-01-06 07:56:07+00:00,2026-01-06 08:01:55.243484+00:00,667.0,3217.541,3217.39,3217.58,ETH
2026-01-06 07:56:08+00:00,2026-01-06 08:01:56.240535+00:00,668.0,3217.621,3217.56,3217.72,ETH
2026-01-06 07:56:09+00:00,2026-01-06 08:01:57.248396+00:00,669.0,3217.871,3217.8,3218.19,ETH
2026-01-06 07:56:10+00:00,2026-01-06 08:01:58.257479+00:00,670.0,3217.871,3217.81,3218.19,ETH
2026-01-06 07:56:11+00:00,2026-01-06 08:01:59.247378+00:00,671.0,3217.871,3217.83,3218.19,ETH
2026-01-06 07:56:12+00:00,2026-01-06 08:02:00.256633+00:00,672.0,3217.851,3217.8,3218.19,ETH
2026-01-06 07:56:13+00:00,2026-01-06 08:02:01.260526+00:00,673.0,3218.191,3217.95,3218.24,ETH
2026-01-06 07:56:14+00:00,2026-01-06 08:02:02.260749+00:00,674.0,3218.171,3217.97,3218.21,ETH
2026-01-06 07:56:15+00:00,2026-01-06 08:02:03.276071+00:00,675.0,3217.921,3217.74,3218.19,ETH
2026-01-06 07:56:16+00:00,2026-01-06 08:02:04.289038+00:00,676.0,3218.181,3217.97,3218.22,ETH
2026-01-06 07:56:17+00:00,2026-01-06 08:02:05.272636+00:00,677.0,3217.971,3217.93,3218.2,ETH
2026-01-06 07:56:18+00:00,2026-01-06 08:02:06.281727+00:00,678.0,3217.971,3217.92,3218.2,ETH
2026-01-06 07:56:19+00:00,2026-01-06 08:02:07.285424+00:00,679.0,3218.041,3217.99,3218.2,ETH
2026-01-06 07:56:20+00:00,2026-01-06 08:02:08.357081+00:00,680.0,3218.261,3218.22,3218.57,ETH
2026-01-06 07:56:21+00:00,2026-01-06 08:02:09.357964+00:00,681.0,3218.331,3218.29,3218.58,ETH
2026-01-06 07:56:22+00:00,2026-01-06 08:02:10.373901+00:00,682.0,3218.291,3218.24,3218.58,ETH
2026-01-06 07:56:23+00:00,2026-01-06 08:02:11.379285+00:00,683.0,3218.221,3218.17,3218.48,ETH
2026-01-06 07:56:24+00:00,2026-01-06 08:02:12.375847+00:00,684.0,3218.221,3218.17,3218.48,ETH
2026-01-06 07:56:25+00:00,2026-01-06 08:02:13.397657+00:00,685.0,3218.231,3218.16,3218.3,ETH
2026-01-06 07:56:26+00:00,2026-01-06 08:02:14.393084+00:00,686.0,3218.291,3218.16,3218.44,ETH
2026-01-06 07:56:27+00:00,2026-01-06 08:02:15.410547+00:00,687.0,3218.291,3218.16,3218.33,ETH
2026-01-06 07:56:28+00:00,2026-01-06 08:02:16.426140+00:00,688.0,3218.301,3218.16,3218.37,ETH
2026-01-06 07:56:29+00:00,2026-01-06 08:02:17.428027+00:00,689.0,3218.301,3218.2,3218.39,ETH
2026-01-06 07:56:30+00:00,2026-01-06 08:02:18.461788+00:00,690.0,3218.321,3218.22,3218.48,ETH
2026-01-06 07:56:31+00:00,2026-01-06 08:02:19.475154+00:00,691.0,3218.381,3218.28,3218.48,ETH
2026-01-06 07:56:32+00:00,2026-01-06 08:02:20.502495+00:00,692.0,3218.401,3218.26,3218.59,ETH
2026-01-06 07:56:33+00:00,2026-01-06 08:02:21.509160+00:00,693.0,3218.381,3218.31,3218.47,ETH
2026-01-06 07:56:34+00:00,2026-01-06 08:02:22.516548+00:00,694.0,3218.431,3218.26,3218.48,ETH
2026-01-06 07:56:35+00:00,2026-01-06 08:02:23.529084+00:00,695.0,3218.211,3218.16,3218.33,ETH
2026-01-06 07:56:36+00:00,2026-01-06 08:02:24.535980+00:00,696.0,3218.211,3218.16,3218.33,ETH
2026-01-06 07:56:37+00:00,2026-01-06 08:02:25.539608+00:00,697.0,3218.321,3218.19,3218.39,ETH
2026-01-06 07:56:38+00:00,2026-01-06 08:02:26.566019+00:00,698.0,3218.341,3218.21,3218.41,ETH
2026-01-06 07:56:39+00:00,2026-01-06 08:02:27.577977+00:00,699.0,3218.311,3218.23,3218.4,ETH
2026-01-06 07:56:40+00:00,2026-01-06 08:02:28.589996+00:00,700.0,3218.321,3218.23,3218.4,ETH
2026-01-06 07:56:41+00:00,2026-01-06 08:02:29.606967+00:00,701.0,3218.311,3218.23,3218.4,ETH
2026-01-06 07:56:42+00:00,2026-01-06 08:02:30.630332+00:00,702.0,3218.241,3218.2,3218.46,ETH
2026-01-06 07:56:43+00:00,2026-01-06 08:02:31.622969+00:00,703.0,3218.201,3218.15,3218.36,ETH
2026-01-06 07:56:44+00:00,2026-01-06 08:02:32.635563+00:00,704.0,3218.221,3218.17,3218.36,ETH
2026-01-06 07:56:45+00:00,2026-01-06 08:02:33.642734+00:00,705.0,3218.061,3218.02,3218.36,ETH
2026-01-06 07:56:46+00:00,2026-01-06 08:02:34.644832+00:00,706.0,3218.091,3218.04,3218.36,ETH
2026-01-06 07:56:47+00:00,2026-01-06 08:02:35.663815+00:00,707.0,3218.151,3218.11,3218.36,ETH
2026-01-06 07:56:48+00:00,2026-01-06 08:02:36.671238+00:00,708.0,3218.301,3218.22,3218.36,ETH
2026-01-06 07:56:49+00:00,2026-01-06 08:02:37.685415+00:00,709.0,3218.341,3218.23,3218.39,ETH
2026-01-06 07:56:50+00:00,2026-01-06 08:02:38.689291+00:00,710.0,3218.371,3218.24,3218.43,ETH
2026-01-06 07:56:51+00:00,2026-01-06 08:02:39.711323+00:00,711.0,3218.411,3218.24,3218.46,ETH
2026-01-06 07:56:52+00:00,2026-01-06 08:02:40.694037+00:00,712.0,3218.391,3218.26,3218.46,ETH
2026-01-06 07:56:53+00:00,2026-01-06 08:02:41.703541+00:00,713.0,3218.361,3218.26,3218.46,ETH
2026-01-06 07:56:54+00:00,2026-01-06 08:02:42.720171+00:00,714.0,3218.361,3218.26,3218.46,ETH
2026-01-06 07:56:55+00:00,2026-01-06 08:02:43.737666+00:00,715.0,3218.371,3218.27,3218.46,ETH
2026-01-06 07:56:56+00:00,2026-01-06 08:02:44.754798+00:00,716.0,3218.361,3218.32,3218.47,ETH
2026-01-06 07:56:57+00:00,2026-01-06 08:02:45.769351+00:00,717.0,3218.371,3218.33,3218.47,ETH
2026-01-06 07:56:58+00:00,2026-01-06 08:02:46.769711+00:00,718.0,3218.371,3218.33,3218.48,ETH
2026-01-06 07:56:59+00:00,2026-01-06 08:02:47.770430+00:00,719.0,3218.381,3218.34,3218.45,ETH
2026-01-06 07:57:00+00:00,2026-01-06 08:02:48.777981+00:00,720.0,3218.371,3218.32,3218.41,ETH
2026-01-06 07:57:01+00:00,2026-01-06 08:02:49.777516+00:00,721.0,3218.381,3218.27,3218.41,ETH
2026-01-06 07:57:02+00:00,2026-01-06 08:02:50.785150+00:00,722.0,3218.401,3218.27,3218.48,ETH
2026-01-06 07:57:03+00:00,2026-01-06 08:02:51.806124+00:00,723.0,3218.421,3218.34,3218.54,ETH
2026-01-06 07:57:04+00:00,2026-01-06 08:02:52.850932+00:00,724.0,3218.231,3218.18,3218.4,ETH
2026-01-06 07:57:05+00:00,2026-01-06 08:02:53.864460+00:00,725.0,3218.101,3218.06,3218.36,ETH
2026-01-06 07:57:06+00:00,2026-01-06 08:02:54.859533+00:00,726.0,3218.091,3218.04,3218.36,ETH
2026-01-06 07:57:07+00:00,2026-01-06 08:02:55.848021+00:00,727.0,3218.071,3218.02,3218.36,ETH
2026-01-06 07:57:08+00:00,2026-01-06 08:02:56.847461+00:00,728.0,3218.111,3218.07,3218.36,ETH
2026-01-06 07:57:09+00:00,2026-01-06 08:02:57.867017+00:00,729.0,3218.171,3218.12,3218.36,ETH
2026-01-06 07:57:10+00:00,2026-01-06 08:02:58.851980+00:00,730.0,3218.191,3218.14,3218.36,ETH
2026-01-06 07:57:11+00:00,2026-01-06 08:02:59.904850+00:00,731.0,3218.211,3218.17,3218.36,ETH
2026-01-06 07:57:12+00:00,2026-01-06 08:03:00.923307+00:00,732.0,3218.211,3218.16,3218.36,ETH
2026-01-06 07:57:13+00:00,2026-01-06 08:03:01.903866+00:00,733.0,3218.191,3218.14,3218.36,ETH
2026-01-06 07:57:14+00:00,2026-01-06 08:03:02.902966+00:00,734.0,3218.201,3218.15,3218.36,ETH
2026-01-06 07:57:15+00:00,2026-01-06 08:03:03.917345+00:00,735.0,3218.281,3218.19,3218.4,ETH
2026-01-06 07:57:16+00:00,2026-01-06 08:03:04.916447+00:00,736.0,3218.311,3218.22,3218.4,ETH
2026-01-06 07:57:17+00:00,2026-01-06 08:03:05.915971+00:00,737.0,3218.221,3218.18,3218.36,ETH
2026-01-06 07:57:18+00:00,2026-01-06 08:03:06.930172+00:00,738.0,3218.211,3218.17,3218.37,ETH
2026-01-06 07:57:19+00:00,2026-01-06 08:03:07.937104+00:00,739.0,3218.291,3218.25,3218.42,ETH
2026-01-06 07:57:20+00:00,2026-01-06 08:03:08.955215+00:00,740.0,3218.351,3218.3,3218.46,ETH
2026-01-06 07:57:21+00:00,2026-01-06 08:03:09.948645+00:00,741.0,3218.361,3218.27,3218.44,ETH
2026-01-06 07:57:22+00:00,2026-01-06 08:03:11.036601+00:00,742.0,3218.351,3218.25,3218.44,ETH
2026-01-06 07:57:23+00:00,2026-01-06 08:03:12.039351+00:00,743.0,3218.351,3218.25,3218.44,ETH
2026-01-06 07:57:24+00:00,2026-01-06 08:03:13.023638+00:00,744.0,3218.351,3218.25,3218.45,ETH
2026-01-06 07:57:25+00:00,2026-01-06 08:03:14.021820+00:00,745.0,3218.401,3218.26,3218.49,ETH
2026-01-06 07:57:26+00:00,2026-01-06 08:03:15.018316+00:00,746.0,3218.421,3218.29,3218.52,ETH
2026-01-06 07:57:27+00:00,2026-01-06 08:03:16.029250+00:00,747.0,3218.401,3218.33,3218.51,ETH
2026-01-06 07:57:28+00:00,2026-01-06 08:03:17.039645+00:00,748.0,3218.451,3218.33,3218.54,ETH
2026-01-06 07:57:29+00:00,2026-01-06 08:03:18.057460+00:00,749.0,3218.491,3218.33,3218.56,ETH
2026-01-06 07:57:30+00:00,2026-01-06 08:03:19.076737+00:00,750.0,3218.441,3218.32,3218.5,ETH
2026-01-06 07:57:31+00:00,2026-01-06 08:03:20.086744+00:00,751.0,3218.391,3218.31,3218.46,ETH
2026-01-06 07:57:32+00:00,2026-01-06 08:03:21.083727+00:00,752.0,3218.391,3218.31,3218.46,ETH
2026-01-06 07:57:33+00:00,2026-01-06 08:03:22.085469+00:00,753.0,3218.391,3218.3,3218.46,ETH
2026-01-06 07:57:34+00:00,2026-01-06 08:03:23.088207+00:00,754.0,3218.381,3218.3,3218.46,ETH
2026-01-06 07:57:35+00:00,2026-01-06 08:03:24.097624+00:00,755.0,3218.371,3218.3,3218.46,ETH
2026-01-06 07:57:36+00:00,2026-01-06 08:03:25.105165+00:00,756.0,3218.381,3218.3,3218.46,ETH
2026-01-06 07:57:37+00:00,2026-01-06 08:03:26.119785+00:00,757.0,3218.381,3218.3,3218.51,ETH
2026-01-06 07:57:38+00:00,2026-01-06 08:03:27.140499+00:00,758.0,3218.231,3218.19,3218.51,ETH
2026-01-06 07:57:39+00:00,2026-01-06 08:03:28.206253+00:00,759.0,3218.411,3218.34,3218.52,ETH
2026-01-06 07:57:40+00:00,2026-01-06 08:03:29.206399+00:00,760.0,3218.411,3218.34,3218.52,ETH
2026-01-06 07:57:41+00:00,2026-01-06 08:03:30.197081+00:00,761.0,3218.421,3218.34,3218.51,ETH
2026-01-06 07:57:42+00:00,2026-01-06 08:03:31.190956+00:00,762.0,3218.411,3218.34,3218.51,ETH
2026-01-06 07:57:43+00:00,2026-01-06 08:03:32.233983+00:00,763.0,3218.421,3218.34,3218.51,ETH
2026-01-06 07:57:44+00:00,2026-01-06 08:03:33.231578+00:00,764.0,3218.421,3218.34,3218.5,ETH
2026-01-06 07:57:45+00:00,2026-01-06 08:03:34.236089+00:00,765.0,3218.411,3218.33,3218.5,ETH
2026-01-06 07:57:46+00:00,2026-01-06 08:03:35.240525+00:00,766.0,3218.401,3218.31,3218.5,ETH
2026-01-06 07:57:47+00:00,2026-01-06 08:03:36.236632+00:00,767.0,3218.411,3218.33,3218.5,ETH
2026-01-06 07:57:48+00:00,2026-01-06 08:03:37.254853+00:00,768.0,3218.421,3218.34,3218.51,ETH
2026-01-06 07:57:49+00:00,2026-01-06 08:03:38.253655+00:00,769.0,3218.421,3218.33,3218.5,ETH
2026-01-06 07:57:50+00:00,2026-01-06 08:03:39.273109+00:00,770.0,3218.441,3218.32,3218.5,ETH
2026-01-06 07:57:51+00:00,2026-01-06 08:03:40.275097+00:00,771.0,3218.451,3218.32,3218.5,ETH
2026-01-06 07:57:52+00:00,2026-01-06 08:03:41.297562+00:00,772.0,3218.441,3218.32,3218.5,ETH
2026-01-06 07:57:53+00:00,2026-01-06 08:03:42.289838+00:00,773.0,3218.441,3218.32,3218.5,ETH
2026-01-06 07:57:54+00:00,2026-01-06 08:03:43.288744+00:00,774.0,3218.431,3218.31,3218.48,ETH
2026-01-06 07:57:55+00:00,2026-01-06 08:03:44.306034+00:00,775.0,3218.401,3218.3,3218.46,ETH
2026-01-06 07:57:56+00:00,2026-01-06 08:03:45.301615+00:00,776.0,3218.391,3218.32,3218.46,ETH
2026-01-06 07:57:57+00:00,2026-01-06 08:03:46.316741+00:00,777.0,3218.391,3218.35,3218.46,ETH
2026-01-06 07:57:58+00:00,2026-01-06 08:03:47.322753+00:00,778.0,3218.361,3218.32,3218.46,ETH
2026-01-06 07:57:59+00:00,2026-01-06 08:03:48.321090+00:00,779.0,3218.341,3218.3,3218.46,ETH
2026-01-06 07:58:00+00:00,2026-01-06 08:03:49.318353+00:00,780.0,3218.341,3218.31,3218.46,ETH
2026-01-06 07:58:01+00:00,2026-01-06 08:03:50.325037+00:00,781.0,3218.391,3218.35,3218.49,ETH
2026-01-06 07:58:02+00:00,2026-01-06 08:03:51.335557+00:00,782.0,3218.391,3218.35,3218.49,ETH
2026-01-06 07:58:03+00:00,2026-01-06 08:03:52.340428+00:00,783.0,3218.391,3218.35,3218.49,ETH
2026-01-06 07:58:04+00:00,2026-01-06 08:03:53.336281+00:00,784.0,3218.361,3218.32,3218.45,ETH
2026-01-06 07:58:05+00:00,2026-01-06 08:03:54.335713+00:00,785.0,3218.351,3218.3,3218.45,ETH
2026-01-06 07:58:06+00:00,2026-01-06 08:03:55.356340+00:00,786.0,3218.341,3218.3,3218.45,ETH
2026-01-06 07:58:07+00:00,2026-01-06 08:03:56.357964+00:00,787.0,3218.331,3218.29,3218.45,ETH
2026-01-06 07:58:08+00:00,2026-01-06 08:03:57.405727+00:00,788.0,3218.331,3218.29,3218.45,ETH
2026-01-06 07:58:09+00:00,2026-01-06 08:03:58.418437+00:00,789.0,3218.381,3218.29,3218.45,ETH
2026-01-06 07:58:10+00:00,2026-01-06 08:03:59.425393+00:00,790.0,3218.451,3218.3,3218.5,ETH
2026-01-06 07:58:11+00:00,2026-01-06 08:04:00.439436+00:00,791.0,3218.451,3218.3,3218.5,ETH
2026-01-06 07:58:12+00:00,2026-01-06 08:04:01.437829+00:00,792.0,3218.461,3218.32,3218.72,ETH
2026-01-06 07:58:13+00:00,2026-01-06 08:04:02.449930+00:00,793.0,3218.471,3218.34,3218.58,ETH
2026-01-06 07:58:14+00:00,2026-01-06 08:04:03.483151+00:00,794.0,3218.491,3218.34,3218.54,ETH
2026-01-06 07:58:15+00:00,2026-01-06 08:04:04.487887+00:00,795.0,3218.491,3218.32,3218.8,ETH
2026-01-06 07:58:16+00:00,2026-01-06 08:04:05.472317+00:00,796.0,3218.481,3218.32,3218.54,ETH
2026-01-06 07:58:17+00:00,2026-01-06 08:04:06.474991+00:00,797.0,3218.481,3218.33,3218.57,ETH
2026-01-06 07:58:18+00:00,2026-01-06 08:04:07.483350+00:00,798.0,3218.621,3218.41,3218.73,ETH
2026-01-06 07:58:19+00:00,2026-01-06 08:04:08.489473+00:00,799.0,3218.571,3218.41,3218.73,ETH
2026-01-06 07:58:20+00:00,2026-01-06 08:04:09.488516+00:00,800.0,3218.621,3218.4,3218.67,ETH
2026-01-06 07:58:21+00:00,2026-01-06 08:04:10.517449+00:00,801.0,3218.611,3218.44,3218.65,ETH
2026-01-06 07:58:22+00:00,2026-01-06 08:04:11.606113+00:00,802.0,3218.591,3218.44,3218.63,ETH
2026-01-06 07:58:23+00:00,2026-01-06 08:04:13.602646+00:00,803.0,3218.591,3218.44,3218.68,ETH
2026-01-06 07:58:24+00:00,2026-01-06 08:04:14.622319+00:00,804.0,3218.651,3218.5,3218.83,ETH
2026-01-06 07:58:25+00:00,2026-01-06 08:04:15.630258+00:00,805.0,3218.761,3218.56,3218.96,ETH
2026-01-06 07:58:26+00:00,2026-01-06 08:04:16.635423+00:00,806.0,3218.761,3218.62,3218.92,ETH
2026-01-06 07:58:27+00:00,2026-01-06 08:04:17.647218+00:00,807.0,3218.711,3218.67,3218.87,ETH
2026-01-06 07:58:28+00:00,2026-01-06 08:04:18.644953+00:00,808.0,3218.681,3218.63,3218.86,ETH
2026-01-06 07:58:29+00:00,2026-01-06 08:04:19.640265+00:00,809.0,3218.671,3218.62,3218.87,ETH
2026-01-06 07:58:30+00:00,2026-01-06 08:04:20.638867+00:00,810.0,3218.571,3218.39,3218.68,ETH
2026-01-06 07:58:31+00:00,2026-01-06 08:04:21.648107+00:00,811.0,3218.321,3218.14,3218.49,ETH
2026-01-06 07:58:32+00:00,2026-01-06 08:04:22.638225+00:00,812.0,3218.191,3218.14,3218.49,ETH
2026-01-06 07:58:33+00:00,2026-01-06 08:04:23.655532+00:00,813.0,3218.181,3218.06,3218.48,ETH
2026-01-06 07:58:35+00:00,2026-01-06 08:04:24.720897+00:00,815.0,3218.161,3218.0,3218.46,ETH
2026-01-06 07:58:36+00:00,2026-01-06 08:04:25.722242+00:00,816.0,3217.981,3217.88,3218.46,ETH
2026-01-06 07:58:37+00:00,2026-01-06 08:04:26.721963+00:00,817.0,3217.991,3217.87,3218.46,ETH
2026-01-06 07:58:38+00:00,2026-01-06 08:04:27.735791+00:00,818.0,3217.991,3217.85,3218.46,ETH
2026-01-06 07:58:39+00:00,2026-01-06 08:04:28.729851+00:00,819.0,3217.961,3217.83,3218.46,ETH
2026-01-06 07:58:40+00:00,2026-01-06 08:04:29.733525+00:00,820.0,3217.971,3217.84,3218.46,ETH
2026-01-06 07:58:41+00:00,2026-01-06 08:04:30.746170+00:00,821.0,3217.961,3217.84,3218.46,ETH
2026-01-06 07:58:42+00:00,2026-01-06 08:04:31.769339+00:00,822.0,3217.961,3217.83,3218.46,ETH
2026-01-06 07:58:43+00:00,2026-01-06 08:04:32.776332+00:00,823.0,3217.981,3217.84,3218.46,ETH
2026-01-06 07:58:44+00:00,2026-01-06 08:04:33.769461+00:00,824.0,3217.971,3217.85,3218.46,ETH
2026-01-06 07:58:45+00:00,2026-01-06 08:04:34.782184+00:00,825.0,3217.961,3217.85,3218.46,ETH
2026-01-06 07:58:46+00:00,2026-01-06 08:04:35.787269+00:00,826.0,3217.961,3217.85,3218.46,ETH
2026-01-06 07:58:47+00:00,2026-01-06 08:04:36.788433+00:00,827.0,3218.341,3217.97,3218.5,ETH
2026-01-06 07:58:48+00:00,2026-01-06 08:04:38.794643+00:00,828.0,3217.981,3217.95,3218.46,ETH
2026-01-06 07:58:50+00:00,2026-01-06 08:04:39.849089+00:00,830.0,3217.931,3217.77,3218.12,ETH
2026-01-06 07:58:51+00:00,2026-01-06 08:04:40.861417+00:00,831.0,3217.931,3217.82,3218.12,ETH
2026-01-06 07:58:52+00:00,2026-01-06 08:04:41.862293+00:00,832.0,3218.071,3217.89,3218.12,ETH
2026-01-06 07:58:53+00:00,2026-01-06 08:04:42.850835+00:00,833.0,3218.071,3217.9,3218.12,ETH
2026-01-06 07:58:54+00:00,2026-01-06 08:04:43.884315+00:00,834.0,3218.091,3217.89,3218.13,ETH
2026-01-06 07:58:55+00:00,2026-01-06 08:04:44.887699+00:00,835.0,3217.951,3217.88,3218.11,ETH
2026-01-06 07:58:56+00:00,2026-01-06 08:04:45.894738+00:00,836.0,3217.961,3217.88,3218.11,ETH
2026-01-06 07:58:57+00:00,2026-01-06 08:04:46.899366+00:00,837.0,3217.951,3217.88,3218.11,ETH
2026-01-06 07:58:58+00:00,2026-01-06 08:04:47.913106+00:00,838.0,3217.971,3217.88,3218.11,ETH
2026-01-06 07:58:59+00:00,2026-01-06 08:04:48.914162+00:00,839.0,3217.941,3217.88,3218.11,ETH
2026-01-06 07:59:00+00:00,2026-01-06 08:04:49.916648+00:00,840.0,3217.941,3217.9,3218.11,ETH
2026-01-06 07:59:01+00:00,2026-01-06 08:04:50.957399+00:00,841.0,3217.951,3217.91,3218.11,ETH
2026-01-06 07:59:02+00:00,2026-01-06 08:04:51.953684+00:00,842.0,3217.901,3217.85,3218.1,ETH
2026-01-06 07:59:03+00:00,2026-01-06 08:04:52.987496+00:00,843.0,3218.061,3217.88,3218.28,ETH
2026-01-06 07:59:04+00:00,2026-01-06 08:04:54.001722+00:00,844.0,3218.021,3217.88,3218.1,ETH
2026-01-06 07:59:05+00:00,2026-01-06 08:04:55.022740+00:00,845.0,3218.101,3217.88,3218.21,ETH
2026-01-06 07:59:06+00:00,2026-01-06 08:04:56.005596+00:00,846.0,3218.101,3217.87,3218.19,ETH
2026-01-06 07:59:07+00:00,2026-01-06 08:04:57.003447+00:00,847.0,3218.101,3217.87,3218.25,ETH
2026-01-06 07:59:08+00:00,2026-01-06 08:04:58.003390+00:00,848.0,3217.921,3217.64,3218.05,ETH
2026-01-06 07:59:09+00:00,2026-01-06 08:04:59.048807+00:00,849.0,3217.981,3217.67,3218.23,ETH
2026-01-06 07:59:10+00:00,2026-01-06 08:05:00.050400+00:00,850.0,3218.061,3217.79,3218.28,ETH
2026-01-06 07:59:11+00:00,2026-01-06 08:05:02.048190+00:00,851.0,3218.091,3217.81,3218.28,ETH
2026-01-06 07:59:12+00:00,2026-01-06 08:05:03.047632+00:00,852.0,3218.141,3217.81,3218.28,ETH
2026-01-06 07:59:13+00:00,2026-01-06 08:05:04.051215+00:00,853.0,3218.781,3218.47,3218.93,ETH
2026-01-06 07:59:14+00:00,2026-01-06 08:05:05.047754+00:00,854.0,3219.591,3219.33,3219.8,ETH
2026-01-06 07:59:15+00:00,2026-01-06 08:05:06.071779+00:00,855.0,3219.811,3219.58,3220.09,ETH
2026-01-06 07:59:16+00:00,2026-01-06 08:05:07.085025+00:00,856.0,3219.641,3219.5,3219.82,ETH
2026-01-06 07:59:17+00:00,2026-01-06 08:05:08.086563+00:00,857.0,3219.411,3219.28,3219.47,ETH
2026-01-06 07:59:18+00:00,2026-01-06 08:05:09.083107+00:00,858.0,3219.411,3219.18,3219.47,ETH
2026-01-06 07:59:19+00:00,2026-01-06 08:05:10.103604+00:00,859.0,3219.421,3219.17,3219.47,ETH
2026-01-06 07:59:20+00:00,2026-01-06 08:05:11.116267+00:00,860.0,3219.381,3219.13,3219.44,ETH
2026-01-06 07:59:21+00:00,2026-01-06 08:05:12.118439+00:00,861.0,3219.351,3219.08,3219.42,ETH
2026-01-06 07:59:22+00:00,2026-01-06 08:05:13.130995+00:00,862.0,3219.361,3219.08,3219.42,ETH
2026-01-06 07:59:23+00:00,2026-01-06 08:05:14.136256+00:00,863.0,3219.361,3219.09,3219.42,ETH
2026-01-06 07:59:24+00:00,2026-01-06 08:05:15.152539+00:00,864.0,3219.351,3219.09,3219.42,ETH
2026-01-06 07:59:25+00:00,2026-01-06 08:05:16.174626+00:00,865.0,3219.371,3219.09,3219.42,ETH
2026-01-06 07:59:26+00:00,2026-01-06 08:05:17.166645+00:00,866.0,3219.381,3219.09,3219.42,ETH
2026-01-06 07:59:27+00:00,2026-01-06 08:05:18.168641+00:00,867.0,3219.371,3219.09,3219.42,ETH
2026-01-06 07:59:28+00:00,2026-01-06 08:05:19.163669+00:00,868.0,3219.431,3219.11,3219.59,ETH
2026-01-06 07:59:29+00:00,2026-01-06 08:05:20.165772+00:00,869.0,3219.621,3219.32,3219.82,ETH
2026-01-06 07:59:30+00:00,2026-01-06 08:05:21.168918+00:00,870.0,3219.861,3219.62,3220.03,ETH
2026-01-06 07:59:31+00:00,2026-01-06 08:05:22.185133+00:00,871.0,3220.001,3219.75,3220.15,ETH
2026-01-06 07:59:32+00:00,2026-01-06 08:05:23.198445+00:00,872.0,3220.051,3219.8,3220.21,ETH
2026-01-06 07:59:33+00:00,2026-01-06 08:05:24.216646+00:00,873.0,3220.071,3219.84,3220.32,ETH
2026-01-06 07:59:34+00:00,2026-01-06 08:05:25.218301+00:00,874.0,3220.111,3219.91,3220.39,ETH
2026-01-06 07:59:35+00:00,2026-01-06 08:05:26.229083+00:00,875.0,3220.461,3220.24,3220.77,ETH
2026-01-06 07:59:36+00:00,2026-01-06 08:05:27.236723+00:00,876.0,3220.551,3220.34,3220.73,ETH
2026-01-06 07:59:37+00:00,2026-01-06 08:05:28.243334+00:00,877.0,3220.251,3219.98,3220.4,ETH
2026-01-06 07:59:38+00:00,2026-01-06 08:05:29.246126+00:00,878.0,3220.051,3219.81,3220.22,ETH
2026-01-06 07:59:39+00:00,2026-01-06 08:05:30.260535+00:00,879.0,3220.001,3219.82,3220.17,ETH
2026-01-06 07:59:40+00:00,2026-01-06 08:05:31.287942+00:00,880.0,3220.151,3219.95,3220.32,ETH
2026-01-06 07:59:41+00:00,2026-01-06 08:05:32.286072+00:00,881.0,3220.131,3220.02,3220.2,ETH
2026-01-06 07:59:42+00:00,2026-01-06 08:05:33.285101+00:00,882.0,3219.891,3219.77,3219.96,ETH
2026-01-06 07:59:43+00:00,2026-01-06 08:05:34.284750+00:00,883.0,3219.761,3219.6,3219.85,ETH
2026-01-06 07:59:44+00:00,2026-01-06 08:05:35.285855+00:00,884.0,3219.841,3219.67,3219.92,ETH
2026-01-06 07:59:45+00:00,2026-01-06 08:05:36.302483+00:00,885.0,3219.961,3219.72,3220.09,ETH
2026-01-06 07:59:46+00:00,2026-01-06 08:05:37.302522+00:00,886.0,3220.021,3219.74,3220.19,ETH
2026-01-06 07:59:47+00:00,2026-01-06 08:05:38.305817+00:00,887.0,3219.991,3219.75,3220.19,ETH
2026-01-06 07:59:48+00:00,2026-01-06 08:05:39.316554+00:00,888.0,3219.971,3219.74,3220.19,ETH
2026-01-06 07:59:49+00:00,2026-01-06 08:05:40.333346+00:00,889.0,3219.971,3219.74,3220.19,ETH
2026-01-06 07:59:50+00:00,2026-01-06 08:05:41.430129+00:00,890.0,3219.921,3219.72,3220.07,ETH
2026-01-06 07:59:51+00:00,2026-01-06 08:05:42.485635+00:00,891.0,3219.821,3219.67,3219.87,ETH
2026-01-06 07:59:52+00:00,2026-01-06 08:05:43.494603+00:00,892.0,3219.711,3219.61,3219.78,ETH
2026-01-06 07:59:53+00:00,2026-01-06 08:05:44.512852+00:00,893.0,3219.621,3219.55,3219.76,ETH
2026-01-06 07:59:54+00:00,2026-01-06 08:05:45.503838+00:00,894.0,3219.581,3219.53,3219.76,ETH
2026-01-06 07:59:55+00:00,2026-01-06 08:05:46.512724+00:00,895.0,3219.571,3219.52,3219.76,ETH
2026-01-06 07:59:56+00:00,2026-01-06 08:05:47.535250+00:00,896.0,3219.551,3219.48,3219.68,ETH
2026-01-06 07:59:57+00:00,2026-01-06 08:05:48.526746+00:00,897.0,3219.511,3219.46,3219.59,ETH
2026-01-06 07:59:58+00:00,2026-01-06 08:05:49.535294+00:00,898.0,3219.551,3219.45,3219.68,ETH
2026-01-06 07:59:59+00:00,2026-01-06 08:05:50.551764+00:00,899.0,3219.641,3219.44,3219.76,ETH
