timestamp,collected_at,seconds,up_mid,up_best_bid,up_best_ask,down_mid,down_best_bid,down_best_ask,up_best_bid_size,up_best_ask_size,down_best_bid_size,down_best_ask_size
2026-01-06 07:45:00.849000+00:00,2026-01-06 07:45:01.020890+00:00,0.849,0.575,0.55,0.6,0.43,0.41,0.45,,,,
2026-01-06 07:45:01.854000+00:00,2026-01-06 07:45:02.017407+00:00,1.854,0.555,0.55,0.56,0.445,0.44,0.45,,,,
2026-01-06 07:45:02.857000+00:00,2026-01-06 07:45:03.029771+00:00,2.857,0.555,0.55,0.56,0.445,0.44,0.45,,,,
2026-01-06 07:45:03.877000+00:00,2026-01-06 07:45:04.036964+00:00,3.877,0.515,0.51,0.52,0.485,0.48,0.49,,,,
2026-01-06 07:45:04.903000+00:00,2026-01-06 07:45:05.050052+00:00,4.903,0.535,0.53,0.54,0.4649999999999999,0.46,0.47,,,,
2026-01-06 07:45:05.897000+00:00,2026-01-06 07:45:06.057719+00:00,5.897,0.555,0.55,0.56,0.445,0.44,0.45,,,,
2026-01-06 07:45:06.908000+00:00,2026-01-06 07:45:07.069958+00:00,6.908,0.545,0.54,0.55,0.455,0.45,0.46,,,,
2026-01-06 07:45:07.926000+00:00,2026-01-06 07:45:08.086557+00:00,7.926,0.545,0.54,0.55,0.455,0.45,0.46,,,,
2026-01-06 07:45:08.920000+00:00,2026-01-06 07:45:09.087071+00:00,8.92,0.535,0.53,0.54,0.4649999999999999,0.46,0.47,,,,
2026-01-06 07:45:09.917000+00:00,2026-01-06 07:45:10.098176+00:00,9.917,0.55,0.53,0.57,0.45,0.44,0.46,,,,
2026-01-06 07:45:10.953000+00:00,2026-01-06 07:45:11.107295+00:00,10.953,0.545,0.54,0.55,0.455,0.45,0.46,,,,
2026-01-06 07:45:11.962000+00:00,2026-01-06 07:45:12.120210+00:00,11.962,0.525,0.52,0.53,0.475,0.47,0.48,,,,
2026-01-06 07:45:12.937000+00:00,2026-01-06 07:45:13.138699+00:00,12.937,0.535,0.53,0.54,0.4649999999999999,0.46,0.47,,,,
2026-01-06 07:45:13.927000+00:00,2026-01-06 07:45:14.153168+00:00,13.927,0.515,0.51,0.52,0.485,0.48,0.49,,,,
2026-01-06 07:45:14.996000+00:00,2026-01-06 07:45:15.155528+00:00,14.996,0.515,0.51,0.52,0.485,0.48,0.49,,,,
2026-01-06 07:45:15.947000+00:00,2026-01-06 07:45:16.153550+00:00,15.947,0.515,0.51,0.52,0.485,0.48,0.49,,,,
2026-01-06 07:45:17.006000+00:00,2026-01-06 07:45:17.169267+00:00,17.006,0.525,0.52,0.53,0.475,0.47,0.48,,,,
2026-01-06 07:45:18.001000+00:00,2026-01-06 07:45:18.193282+00:00,18.001,0.535,0.53,0.54,0.4649999999999999,0.46,0.47,,,,
2026-01-06 07:45:19.961000+00:00,2026-01-06 07:45:20.208970+00:00,19.961,0.54,0.53,0.55,0.4399999999999999,0.41,0.47,,,,
2026-01-06 07:45:21.995000+00:00,2026-01-06 07:45:22.202638+00:00,21.995,0.545,0.54,0.55,0.445,0.44,0.45,,,,
2026-01-06 07:45:23.039000+00:00,2026-01-06 07:45:23.196085+00:00,23.039,0.555,0.55,0.56,0.445,0.44,0.45,,,,
2026-01-06 07:45:24.045000+00:00,2026-01-06 07:45:24.204306+00:00,24.045,0.555,0.55,0.56,0.4549999999999999,0.44,0.47,,,,
2026-01-06 07:45:25.025000+00:00,2026-01-06 07:45:25.200037+00:00,25.025,0.565,0.56,0.57,0.4649999999999999,0.46,0.47,,,,
2026-01-06 07:45:27.750000+00:00,2026-01-06 07:45:27.909511+00:00,27.75,0.535,0.53,0.54,0.4649999999999999,0.46,0.47,,,,
2026-01-06 07:45:28.726000+00:00,2026-01-06 07:45:28.919307+00:00,28.726,0.525,0.52,0.53,0.475,0.47,0.48,,,,
2026-01-06 07:45:29.754000+00:00,2026-01-06 07:45:29.937786+00:00,29.754,0.525,0.52,0.53,0.475,0.47,0.48,,,,
2026-01-06 07:45:30.776000+00:00,2026-01-06 07:45:30.959157+00:00,30.776,0.52,0.51,0.53,0.485,0.48,0.49,,,,
2026-01-06 07:45:31.803000+00:00,2026-01-06 07:45:31.967361+00:00,31.803,0.515,0.51,0.52,0.485,0.48,0.49,,,,
2026-01-06 07:45:32.745000+00:00,2026-01-06 07:45:32.977022+00:00,32.745,0.515,0.51,0.52,0.485,0.48,0.49,,,,
2026-01-06 07:45:33.808000+00:00,2026-01-06 07:45:33.985871+00:00,33.808,0.515,0.51,0.52,0.485,0.48,0.49,,,,
2026-01-06 07:45:34.812000+00:00,2026-01-06 07:45:34.993177+00:00,34.812,0.515,0.51,0.52,0.485,0.48,0.49,,,,
2026-01-06 07:45:35.836000+00:00,2026-01-06 07:45:36.008492+00:00,35.836,0.515,0.51,0.52,0.485,0.48,0.49,,,,
2026-01-06 07:45:36.854000+00:00,2026-01-06 07:45:37.018304+00:00,36.854,0.515,0.51,0.52,0.485,0.48,0.49,,,,
2026-01-06 07:45:37.855000+00:00,2026-01-06 07:45:38.019495+00:00,37.855,0.505,0.5,0.51,0.495,0.49,0.5,,,,
2026-01-06 07:45:38.853000+00:00,2026-01-06 07:45:39.017684+00:00,38.853,0.505,0.5,0.51,0.495,0.49,0.5,,,,
2026-01-06 07:45:39.796000+00:00,2026-01-06 07:45:40.013715+00:00,39.796,0.505,0.5,0.51,0.495,0.49,0.5,,,,
2026-01-06 07:45:40.855000+00:00,2026-01-06 07:45:41.018757+00:00,40.855,0.505,0.5,0.51,0.495,0.49,0.5,,,,
2026-01-06 07:45:41.869000+00:00,2026-01-06 07:45:42.037023+00:00,41.869,0.505,0.5,0.51,0.495,0.49,0.5,,,,
2026-01-06 07:45:42.770000+00:00,2026-01-06 07:45:43.043490+00:00,42.77,0.505,0.5,0.51,0.495,0.49,0.5,,,,
2026-01-06 07:45:43.884000+00:00,2026-01-06 07:45:44.054101+00:00,43.884,0.505,0.5,0.51,0.495,0.49,0.5,,,,
2026-01-06 07:45:44.790000+00:00,2026-01-06 07:45:45.061016+00:00,44.79,0.505,0.5,0.51,0.495,0.49,0.5,,,,
2026-01-06 07:45:45.881000+00:00,2026-01-06 07:45:46.069382+00:00,45.881,0.505,0.5,0.51,0.495,0.49,0.5,,,,
2026-01-06 07:45:46.870000+00:00,2026-01-06 07:45:47.067408+00:00,46.87,0.505,0.5,0.51,0.495,0.49,0.5,,,,
2026-01-06 07:45:47.879000+00:00,2026-01-06 07:45:48.060738+00:00,47.879,0.505,0.5,0.51,0.495,0.49,0.5,,,,
2026-01-06 07:45:48.831000+00:00,2026-01-06 07:45:49.078904+00:00,48.831,0.505,0.5,0.51,0.495,0.49,0.5,,,,
2026-01-06 07:45:49.942000+00:00,2026-01-06 07:45:50.085282+00:00,49.942,0.51,0.5,0.52,0.49,0.48,0.5,,,,
2026-01-06 07:45:50.935000+00:00,2026-01-06 07:45:51.101969+00:00,50.935,0.505,0.5,0.51,0.495,0.49,0.5,,,,
2026-01-06 07:45:51.938000+00:00,2026-01-06 07:45:52.103934+00:00,51.938,0.505,0.5,0.51,0.495,0.49,0.5,,,,
2026-01-06 07:45:52.897000+00:00,2026-01-06 07:45:53.106467+00:00,52.897,0.505,0.5,0.51,0.495,0.49,0.5,,,,
2026-01-06 07:45:53.810000+00:00,2026-01-06 07:45:54.110186+00:00,53.81,0.505,0.5,0.51,0.495,0.49,0.5,,,,
2026-01-06 07:45:54.885000+00:00,2026-01-06 07:45:55.116836+00:00,54.885,0.505,0.5,0.51,0.495,0.49,0.5,,,,
2026-01-06 07:45:55.844000+00:00,2026-01-06 07:45:56.130734+00:00,55.844,0.505,0.5,0.51,0.495,0.49,0.5,,,,
2026-01-06 07:45:56.894000+00:00,2026-01-06 07:45:57.132153+00:00,56.894,0.515,0.51,0.52,0.48,0.47,0.49,,,,
2026-01-06 07:45:57.997000+00:00,2026-01-06 07:45:58.156036+00:00,57.997,0.52,0.51,0.53,0.485,0.48,0.49,,,,
2026-01-06 07:45:59.001000+00:00,2026-01-06 07:45:59.168180+00:00,59.001,0.505,0.5,0.51,0.495,0.49,0.5,,,,
2026-01-06 07:46:00.005000+00:00,2026-01-06 07:46:00.181252+00:00,60.005,0.485,0.48,0.49,0.515,0.51,0.52,,,,
2026-01-06 07:46:01.032000+00:00,2026-01-06 07:46:01.195950+00:00,61.032,0.485,0.48,0.49,0.52,0.51,0.53,,,,
2026-01-06 07:46:02.034000+00:00,2026-01-06 07:46:02.218286+00:00,62.034,0.455,0.45,0.46,0.545,0.54,0.55,,,,
2026-01-06 07:46:03.033000+00:00,2026-01-06 07:46:03.232815+00:00,63.033,0.455,0.45,0.46,0.545,0.54,0.55,,,,
2026-01-06 07:46:04.033000+00:00,2026-01-06 07:46:04.256033+00:00,64.033,0.4649999999999999,0.46,0.47,0.545,0.54,0.55,,,,
2026-01-06 07:46:05.107000+00:00,2026-01-06 07:46:05.268033+00:00,65.107,0.455,0.45,0.46,0.545,0.54,0.55,,,,
2026-01-06 07:46:06.092000+00:00,2026-01-06 07:46:06.284517+00:00,66.092,0.455,0.45,0.46,0.545,0.54,0.55,,,,
2026-01-06 07:46:07.109000+00:00,2026-01-06 07:46:07.275687+00:00,67.109,0.4599999999999999,0.45,0.47,0.545,0.54,0.55,,,,
2026-01-06 07:46:08.915000+00:00,2026-01-06 07:46:09.293526+00:00,68.915,0.455,0.45,0.46,0.545,0.54,0.55,,,,
2026-01-06 07:46:10.082000+00:00,2026-01-06 07:46:10.298978+00:00,70.082,0.455,0.45,0.46,0.545,0.54,0.55,,,,
2026-01-06 07:46:11.024000+00:00,2026-01-06 07:46:11.301757+00:00,71.024,0.455,0.45,0.46,0.545,0.54,0.55,,,,
2026-01-06 07:46:12.119000+00:00,2026-01-06 07:46:12.293196+00:00,72.119,0.455,0.45,0.46,0.545,0.54,0.55,,,,
2026-01-06 07:46:13.114000+00:00,2026-01-06 07:46:13.288112+00:00,73.114,0.455,0.45,0.46,0.545,0.54,0.55,,,,
2026-01-06 07:46:14.802000+00:00,2026-01-06 07:46:15.304587+00:00,74.802,0.455,0.45,0.46,0.545,0.54,0.55,,,,
2026-01-06 07:46:16.115000+00:00,2026-01-06 07:46:16.315402+00:00,76.115,0.455,0.45,0.46,0.545,0.54,0.55,,,,
2026-01-06 07:46:17.133000+00:00,2026-01-06 07:46:17.314496+00:00,77.133,0.455,0.45,0.46,0.545,0.54,0.55,,,,
2026-01-06 07:46:18.113000+00:00,2026-01-06 07:46:18.334479+00:00,78.113,0.455,0.45,0.46,0.545,0.54,0.55,,,,
2026-01-06 07:46:19.187000+00:00,2026-01-06 07:46:19.349998+00:00,79.187,0.455,0.45,0.46,0.535,0.53,0.54,,,,
2026-01-06 07:46:20.184000+00:00,2026-01-06 07:46:20.350323+00:00,80.184,0.505,0.5,0.51,0.49,0.48,0.5,,,,
2026-01-06 07:46:21.163000+00:00,2026-01-06 07:46:21.350000+00:00,81.163,0.515,0.51,0.52,0.49,0.48,0.5,,,,
2026-01-06 07:46:22.202000+00:00,2026-01-06 07:46:22.356566+00:00,82.202,0.525,0.52,0.53,0.475,0.47,0.48,,,,
2026-01-06 07:46:23.164000+00:00,2026-01-06 07:46:23.354633+00:00,83.164,0.525,0.52,0.53,0.475,0.47,0.48,,,,
2026-01-06 07:46:24.203000+00:00,2026-01-06 07:46:24.373509+00:00,84.203,0.51,0.5,0.52,0.49,0.48,0.5,,,,
2026-01-06 07:46:25.156000+00:00,2026-01-06 07:46:25.374665+00:00,85.156,0.51,0.5,0.52,0.485,0.48,0.49,,,,
2026-01-06 07:46:26.198000+00:00,2026-01-06 07:46:26.394480+00:00,86.198,0.515,0.51,0.52,0.4649999999999999,0.46,0.47,,,,
2026-01-06 07:46:27.242000+00:00,2026-01-06 07:46:27.396103+00:00,87.242,0.555,0.55,0.56,0.44,0.43,0.45,,,,
2026-01-06 07:46:28.227000+00:00,2026-01-06 07:46:28.405098+00:00,88.227,0.5700000000000001,0.56,0.58,0.43,0.42,0.44,,,,
2026-01-06 07:46:29.231000+00:00,2026-01-06 07:46:29.403765+00:00,89.231,0.56,0.55,0.57,0.44,0.43,0.45,,,,
2026-01-06 07:46:30.236000+00:00,2026-01-06 07:46:30.399070+00:00,90.236,0.56,0.55,0.57,0.44,0.43,0.45,,,,
2026-01-06 07:46:31.172000+00:00,2026-01-06 07:46:31.399358+00:00,91.172,0.56,0.55,0.57,0.44,0.43,0.45,,,,
2026-01-06 07:46:32.160000+00:00,2026-01-06 07:46:32.399245+00:00,92.16,0.56,0.55,0.57,0.44,0.43,0.45,,,,
2026-01-06 07:46:33.233000+00:00,2026-01-06 07:46:33.417031+00:00,93.233,0.565,0.56,0.57,0.435,0.43,0.44,,,,
2026-01-06 07:46:34.226000+00:00,2026-01-06 07:46:34.420060+00:00,94.226,0.565,0.56,0.57,0.435,0.43,0.44,,,,
2026-01-06 07:46:35.265000+00:00,2026-01-06 07:46:35.433663+00:00,95.265,0.565,0.56,0.57,0.435,0.43,0.44,,,,
2026-01-06 07:46:36.157000+00:00,2026-01-06 07:46:36.425980+00:00,96.157,0.565,0.56,0.57,0.435,0.43,0.44,,,,
2026-01-06 07:46:37.196000+00:00,2026-01-06 07:46:37.435304+00:00,97.196,0.565,0.56,0.57,0.435,0.43,0.44,,,,
2026-01-06 07:46:38.273000+00:00,2026-01-06 07:46:38.450156+00:00,98.273,0.565,0.56,0.57,0.435,0.43,0.44,,,,
2026-01-06 07:46:39.296000+00:00,2026-01-06 07:46:39.461324+00:00,99.296,0.565,0.56,0.57,0.435,0.43,0.44,,,,
2026-01-06 07:46:40.164000+00:00,2026-01-06 07:46:40.475436+00:00,100.164,0.565,0.56,0.57,0.435,0.43,0.44,,,,
2026-01-06 07:46:41.326000+00:00,2026-01-06 07:46:41.499871+00:00,101.326,0.565,0.56,0.57,0.435,0.43,0.44,,,,
2026-01-06 07:46:42.271000+00:00,2026-01-06 07:46:42.511251+00:00,102.271,0.565,0.56,0.57,0.435,0.43,0.44,,,,
2026-01-06 07:46:43.313000+00:00,2026-01-06 07:46:43.520782+00:00,103.313,0.565,0.56,0.57,0.435,0.43,0.44,,,,
2026-01-06 07:46:44.361000+00:00,2026-01-06 07:46:44.533332+00:00,104.361,0.555,0.55,0.56,0.445,0.44,0.45,,,,
2026-01-06 07:46:45.320000+00:00,2026-01-06 07:46:45.532700+00:00,105.32,0.555,0.55,0.56,0.445,0.44,0.45,,,,
2026-01-06 07:46:46.302000+00:00,2026-01-06 07:46:46.551335+00:00,106.302,0.555,0.55,0.56,0.445,0.44,0.45,,,,
2026-01-06 07:46:47.318000+00:00,2026-01-06 07:46:47.568171+00:00,107.318,0.555,0.55,0.56,0.445,0.44,0.45,,,,
2026-01-06 07:46:48.422000+00:00,2026-01-06 07:46:48.582724+00:00,108.422,0.555,0.55,0.56,0.445,0.44,0.45,,,,
2026-01-06 07:46:49.394000+00:00,2026-01-06 07:46:49.583310+00:00,109.394,0.565,0.56,0.57,0.435,0.43,0.44,,,,
2026-01-06 07:46:50.426000+00:00,2026-01-06 07:46:50.587765+00:00,110.426,0.565,0.56,0.57,0.435,0.43,0.44,,,,
2026-01-06 07:46:51.354000+00:00,2026-01-06 07:46:51.599711+00:00,111.354,0.565,0.56,0.57,0.435,0.43,0.44,,,,
2026-01-06 07:46:52.419000+00:00,2026-01-06 07:46:52.616830+00:00,112.419,0.565,0.56,0.57,0.435,0.43,0.44,,,,
2026-01-06 07:46:53.392000+00:00,2026-01-06 07:46:53.613458+00:00,113.392,0.565,0.56,0.57,0.435,0.43,0.44,,,,
2026-01-06 07:46:54.418000+00:00,2026-01-06 07:46:54.614132+00:00,114.418,0.565,0.56,0.57,0.455,0.45,0.46,,,,
2026-01-06 07:46:55.459000+00:00,2026-01-06 07:46:55.620317+00:00,115.459,0.535,0.53,0.54,0.4649999999999999,0.46,0.47,,,,
2026-01-06 07:46:56.449000+00:00,2026-01-06 07:46:56.616330+00:00,116.449,0.515,0.51,0.52,0.485,0.48,0.49,,,,
2026-01-06 07:46:57.457000+00:00,2026-01-06 07:46:57.634182+00:00,117.457,0.525,0.52,0.53,0.475,0.47,0.48,,,,
2026-01-06 07:46:58.469000+00:00,2026-01-06 07:46:58.649075+00:00,118.469,0.525,0.52,0.53,0.48,0.47,0.49,,,,
2026-01-06 07:46:59.483000+00:00,2026-01-06 07:46:59.646952+00:00,119.483,0.51,0.5,0.52,0.49,0.48,0.5,,,,
2026-01-06 07:47:00.504000+00:00,2026-01-06 07:47:00.664577+00:00,120.504,0.505,0.5,0.51,0.495,0.49,0.5,,,,
2026-01-06 07:47:01.507000+00:00,2026-01-06 07:47:01.680545+00:00,121.507,0.455,0.45,0.46,0.545,0.54,0.55,,,,
2026-01-06 07:47:02.514000+00:00,2026-01-06 07:47:02.688306+00:00,122.514,0.455,0.45,0.46,0.545,0.54,0.55,,,,
2026-01-06 07:47:03.530000+00:00,2026-01-06 07:47:03.696826+00:00,123.53,0.455,0.45,0.46,0.545,0.54,0.55,,,,
2026-01-06 07:47:04.503000+00:00,2026-01-06 07:47:04.705332+00:00,124.503,0.445,0.44,0.45,0.565,0.56,0.57,,,,
2026-01-06 07:47:05.464000+00:00,2026-01-06 07:47:05.708845+00:00,125.464,0.435,0.43,0.44,0.565,0.56,0.57,,,,
2026-01-06 07:47:06.436000+00:00,2026-01-06 07:47:06.710397+00:00,126.436,0.435,0.43,0.44,0.565,0.56,0.57,,,,
2026-01-06 07:47:07.537000+00:00,2026-01-06 07:47:07.711308+00:00,127.537,0.435,0.43,0.44,0.565,0.56,0.57,,,,
2026-01-06 07:47:08.566000+00:00,2026-01-06 07:47:08.728910+00:00,128.566,0.425,0.42,0.43,0.575,0.57,0.58,,,,
2026-01-06 07:47:09.475000+00:00,2026-01-06 07:47:09.728604+00:00,129.475,0.425,0.42,0.43,0.575,0.57,0.58,,,,
2026-01-06 07:47:10.498000+00:00,2026-01-06 07:47:10.729004+00:00,130.498,0.425,0.42,0.43,0.575,0.57,0.58,,,,
2026-01-06 07:47:11.586000+00:00,2026-01-06 07:47:11.747555+00:00,131.586,0.415,0.41,0.42,0.585,0.58,0.59,,,,
2026-01-06 07:47:12.597000+00:00,2026-01-06 07:47:12.756262+00:00,132.597,0.405,0.4,0.41,0.595,0.59,0.6,,,,
2026-01-06 07:47:13.592000+00:00,2026-01-06 07:47:13.762782+00:00,133.592,0.425,0.42,0.43,0.575,0.57,0.58,,,,
2026-01-06 07:47:14.603000+00:00,2026-01-06 07:47:14.781493+00:00,134.603,0.435,0.43,0.44,0.565,0.56,0.57,,,,
2026-01-06 07:47:15.619000+00:00,2026-01-06 07:47:15.780565+00:00,135.619,0.435,0.43,0.44,0.565,0.56,0.57,,,,
2026-01-06 07:47:16.622000+00:00,2026-01-06 07:47:16.781943+00:00,136.622,0.485,0.48,0.49,0.495,0.49,0.5,,,,
2026-01-06 07:47:17.654000+00:00,2026-01-06 07:47:17.802821+00:00,137.654,0.525,0.52,0.53,0.4649999999999999,0.46,0.47,,,,
2026-01-06 07:47:18.663000+00:00,2026-01-06 07:47:18.824926+00:00,138.663,0.525,0.52,0.53,0.475,0.47,0.48,,,,
2026-01-06 07:47:19.671000+00:00,2026-01-06 07:47:19.825608+00:00,139.671,0.515,0.51,0.52,0.485,0.48,0.49,,,,
2026-01-06 07:47:20.650000+00:00,2026-01-06 07:47:20.830144+00:00,140.65,0.485,0.48,0.49,0.51,0.5,0.52,,,,
2026-01-06 07:47:21.643000+00:00,2026-01-06 07:47:21.839515+00:00,141.643,0.495,0.49,0.5,0.505,0.5,0.51,,,,
2026-01-06 07:47:22.672000+00:00,2026-01-06 07:47:22.849946+00:00,142.672,0.495,0.49,0.5,0.505,0.5,0.51,,,,
2026-01-06 07:47:23.673000+00:00,2026-01-06 07:47:23.864641+00:00,143.673,0.48,0.47,0.49,0.52,0.51,0.53,,,,
2026-01-06 07:47:24.669000+00:00,2026-01-06 07:47:24.866437+00:00,144.669,0.48,0.47,0.49,0.52,0.51,0.53,,,,
2026-01-06 07:47:25.617000+00:00,2026-01-06 07:47:25.864583+00:00,145.617,0.495,0.49,0.5,0.505,0.5,0.51,,,,
2026-01-06 07:47:26.703000+00:00,2026-01-06 07:47:26.864093+00:00,146.703,0.505,0.5,0.51,0.495,0.49,0.5,,,,
2026-01-06 07:47:27.611000+00:00,2026-01-06 07:47:27.880743+00:00,147.611,0.505,0.5,0.51,0.495,0.49,0.5,,,,
2026-01-06 07:47:28.500000+00:00,2026-01-06 07:47:28.887910+00:00,148.5,0.505,0.5,0.51,0.495,0.49,0.5,,,,
2026-01-06 07:47:29.681000+00:00,2026-01-06 07:47:29.891162+00:00,149.681,0.515,0.51,0.52,0.485,0.48,0.49,,,,
2026-01-06 07:47:30.715000+00:00,2026-01-06 07:47:30.891821+00:00,150.715,0.525,0.52,0.53,0.475,0.47,0.48,,,,
2026-01-06 07:47:31.735000+00:00,2026-01-06 07:47:31.898089+00:00,151.735,0.51,0.5,0.52,0.49,0.48,0.5,,,,
2026-01-06 07:47:32.754000+00:00,2026-01-06 07:47:32.916088+00:00,152.754,0.505,0.5,0.51,0.505,0.5,0.51,,,,
2026-01-06 07:47:33.756000+00:00,2026-01-06 07:47:33.924993+00:00,153.756,0.495,0.49,0.5,0.505,0.5,0.51,,,,
2026-01-06 07:47:34.758000+00:00,2026-01-06 07:47:34.932750+00:00,154.758,0.495,0.49,0.5,0.505,0.5,0.51,,,,
2026-01-06 07:47:35.740000+00:00,2026-01-06 07:47:35.930211+00:00,155.74,0.495,0.49,0.5,0.505,0.5,0.51,,,,
2026-01-06 07:47:36.728000+00:00,2026-01-06 07:47:36.934841+00:00,156.728,0.495,0.49,0.5,0.505,0.5,0.51,,,,
2026-01-06 07:47:37.757000+00:00,2026-01-06 07:47:37.944567+00:00,157.757,0.495,0.49,0.5,0.505,0.5,0.51,,,,
2026-01-06 07:47:38.684000+00:00,2026-01-06 07:47:38.947550+00:00,158.684,0.495,0.49,0.5,0.505,0.5,0.51,,,,
2026-01-06 07:47:39.711000+00:00,2026-01-06 07:47:39.964370+00:00,159.711,0.505,0.5,0.51,0.495,0.49,0.5,,,,
2026-01-06 07:47:40.793000+00:00,2026-01-06 07:47:40.964238+00:00,160.793,0.505,0.5,0.51,0.495,0.49,0.5,,,,
2026-01-06 07:47:41.804000+00:00,2026-01-06 07:47:41.981007+00:00,161.804,0.51,0.5,0.52,0.49,0.48,0.5,,,,
2026-01-06 07:47:42.819000+00:00,2026-01-06 07:47:42.980484+00:00,162.819,0.525,0.52,0.53,0.475,0.47,0.48,,,,
2026-01-06 07:47:43.836000+00:00,2026-01-06 07:47:43.997291+00:00,163.836,0.515,0.51,0.52,0.485,0.48,0.49,,,,
2026-01-06 07:47:44.839000+00:00,2026-01-06 07:47:45.019256+00:00,164.839,0.52,0.51,0.53,0.48,0.47,0.49,,,,
2026-01-06 07:47:45.734000+00:00,2026-01-06 07:47:46.037316+00:00,165.734,0.515,0.51,0.52,0.48,0.47,0.49,,,,
2026-01-06 07:47:46.777000+00:00,2026-01-06 07:47:47.045644+00:00,166.777,0.515,0.51,0.52,0.495,0.49,0.5,,,,
2026-01-06 07:47:47.891000+00:00,2026-01-06 07:47:48.057488+00:00,167.891,0.395,0.39,0.4,0.605,0.6,0.61,,,,
2026-01-06 07:47:48.889000+00:00,2026-01-06 07:47:49.062312+00:00,168.889,0.425,0.42,0.43,0.575,0.57,0.58,,,,
2026-01-06 07:47:49.891000+00:00,2026-01-06 07:47:50.060249+00:00,169.891,0.415,0.41,0.42,0.585,0.58,0.59,,,,
2026-01-06 07:47:50.881000+00:00,2026-01-06 07:47:51.062041+00:00,170.881,0.425,0.42,0.43,0.56,0.55,0.57,,,,
2026-01-06 07:47:51.914000+00:00,2026-01-06 07:47:52.080777+00:00,171.914,0.445,0.44,0.45,0.555,0.55,0.56,,,,
2026-01-06 07:47:52.905000+00:00,2026-01-06 07:47:53.085404+00:00,172.905,0.445,0.44,0.45,0.555,0.55,0.56,,,,
2026-01-06 07:47:53.913000+00:00,2026-01-06 07:47:54.091845+00:00,173.913,0.445,0.44,0.45,0.56,0.55,0.57,,,,
2026-01-06 07:47:54.945000+00:00,2026-01-06 07:47:55.107488+00:00,174.945,0.44,0.43,0.45,0.56,0.55,0.57,,,,
2026-01-06 07:47:55.942000+00:00,2026-01-06 07:47:56.128787+00:00,175.942,0.445,0.44,0.45,0.555,0.55,0.56,,,,
2026-01-06 07:47:56.761000+00:00,2026-01-06 07:47:57.133133+00:00,176.761,0.445,0.44,0.45,0.555,0.55,0.56,,,,
2026-01-06 07:47:57.967000+00:00,2026-01-06 07:47:58.130689+00:00,177.967,0.455,0.45,0.46,0.545,0.54,0.55,,,,
2026-01-06 07:47:58.905000+00:00,2026-01-06 07:47:59.134046+00:00,178.905,0.47,0.46,0.48,0.53,0.52,0.54,,,,
2026-01-06 07:47:59.967000+00:00,2026-01-06 07:48:00.143866+00:00,179.967,0.475,0.47,0.48,0.525,0.52,0.53,,,,
2026-01-06 07:48:00.982000+00:00,2026-01-06 07:48:01.153467+00:00,180.982,0.475,0.47,0.48,0.525,0.52,0.53,,,,
2026-01-06 07:48:01.967000+00:00,2026-01-06 07:48:02.172165+00:00,181.967,0.475,0.47,0.48,0.53,0.52,0.54,,,,
2026-01-06 07:48:02.958000+00:00,2026-01-06 07:48:03.177783+00:00,182.958,0.47,0.46,0.48,0.53,0.52,0.54,,,,
2026-01-06 07:48:04.956000+00:00,2026-01-06 07:48:05.177511+00:00,184.956,0.455,0.45,0.46,0.545,0.54,0.55,,,,
2026-01-06 07:48:06.922000+00:00,2026-01-06 07:48:07.195990+00:00,186.922,0.455,0.45,0.46,0.545,0.54,0.55,,,,
2026-01-06 07:48:08.023000+00:00,2026-01-06 07:48:08.199874+00:00,188.023,0.4599999999999999,0.45,0.47,0.535,0.53,0.54,,,,
2026-01-06 07:48:09.972000+00:00,2026-01-06 07:48:10.205169+00:00,189.972,0.4649999999999999,0.46,0.47,0.535,0.53,0.54,,,,
2026-01-06 07:48:11.028000+00:00,2026-01-06 07:48:11.206984+00:00,191.028,0.495,0.49,0.5,0.505,0.5,0.51,,,,
2026-01-06 07:48:12.073000+00:00,2026-01-06 07:48:12.227124+00:00,192.073,0.4649999999999999,0.45,0.48,0.56,0.55,0.57,,,,
2026-01-06 07:48:13.086000+00:00,2026-01-06 07:48:13.243604+00:00,193.086,0.42,0.41,0.43,0.59,0.58,0.6,,,,
2026-01-06 07:48:14.093000+00:00,2026-01-06 07:48:14.261199+00:00,194.093,0.415,0.41,0.42,0.58,0.57,0.59,,,,
2026-01-06 07:48:15.006000+00:00,2026-01-06 07:48:15.262612+00:00,195.006,0.41,0.4,0.42,0.59,0.58,0.6,,,,
2026-01-06 07:48:16.058000+00:00,2026-01-06 07:48:16.266844+00:00,196.058,0.41,0.4,0.42,0.59,0.58,0.6,,,,
2026-01-06 07:48:17.125000+00:00,2026-01-06 07:48:17.281655+00:00,197.125,0.41,0.4,0.42,0.59,0.58,0.6,,,,
2026-01-06 07:48:18.110000+00:00,2026-01-06 07:48:18.294745+00:00,198.11,0.415,0.41,0.42,0.585,0.58,0.59,,,,
2026-01-06 07:48:19.156000+00:00,2026-01-06 07:48:19.310306+00:00,199.156,0.41,0.4,0.42,0.59,0.58,0.6,,,,
2026-01-06 07:48:20.112000+00:00,2026-01-06 07:48:20.327168+00:00,200.112,0.415,0.41,0.42,0.59,0.58,0.6,,,,
2026-01-06 07:48:21.183000+00:00,2026-01-06 07:48:21.338467+00:00,201.183,0.415,0.41,0.42,0.585,0.58,0.59,,,,
2026-01-06 07:48:22.181000+00:00,2026-01-06 07:48:22.345676+00:00,202.181,0.43,0.42,0.44,0.5700000000000001,0.56,0.58,,,,
2026-01-06 07:48:23.192000+00:00,2026-01-06 07:48:23.360671+00:00,203.192,0.435,0.43,0.44,0.565,0.56,0.57,,,,
2026-01-06 07:48:24.185000+00:00,2026-01-06 07:48:24.349707+00:00,204.185,0.455,0.45,0.46,0.545,0.54,0.55,,,,
2026-01-06 07:48:25.148000+00:00,2026-01-06 07:48:25.369918+00:00,205.148,0.455,0.45,0.46,0.545,0.54,0.55,,,,
2026-01-06 07:48:26.143000+00:00,2026-01-06 07:48:26.370263+00:00,206.143,0.455,0.45,0.46,0.545,0.54,0.55,,,,
2026-01-06 07:48:27.161000+00:00,2026-01-06 07:48:27.371555+00:00,207.161,0.445,0.44,0.45,0.55,0.54,0.56,,,,
2026-01-06 07:48:28.168000+00:00,2026-01-06 07:48:28.370826+00:00,208.168,0.45,0.44,0.46,0.55,0.54,0.56,,,,
2026-01-06 07:48:29.002000+00:00,2026-01-06 07:48:29.378505+00:00,209.002,0.45,0.44,0.46,0.55,0.54,0.56,,,,
2026-01-06 07:48:30.205000+00:00,2026-01-06 07:48:30.380392+00:00,210.205,0.45,0.44,0.46,0.55,0.54,0.56,,,,
2026-01-06 07:48:31.138000+00:00,2026-01-06 07:48:31.385369+00:00,211.138,0.45,0.44,0.46,0.55,0.54,0.56,,,,
2026-01-06 07:48:32.233000+00:00,2026-01-06 07:48:32.388511+00:00,212.233,0.475,0.46,0.49,0.515,0.51,0.52,,,,
2026-01-06 07:48:33.194000+00:00,2026-01-06 07:48:33.404910+00:00,213.194,0.495,0.49,0.5,0.505,0.5,0.51,,,,
2026-01-06 07:48:34.257000+00:00,2026-01-06 07:48:34.412206+00:00,214.257,0.495,0.49,0.5,0.505,0.5,0.51,,,,
2026-01-06 07:48:35.241000+00:00,2026-01-06 07:48:35.413105+00:00,215.241,0.495,0.49,0.5,0.505,0.5,0.51,,,,
2026-01-06 07:48:36.235000+00:00,2026-01-06 07:48:36.428498+00:00,216.235,0.495,0.49,0.5,0.505,0.5,0.51,,,,
2026-01-06 07:48:37.261000+00:00,2026-01-06 07:48:37.433986+00:00,217.261,0.495,0.49,0.5,0.505,0.5,0.51,,,,
2026-01-06 07:48:38.104000+00:00,2026-01-06 07:48:38.433935+00:00,218.104,0.495,0.49,0.5,0.505,0.5,0.51,,,,
2026-01-06 07:48:39.234000+00:00,2026-01-06 07:48:39.461841+00:00,219.234,0.495,0.49,0.5,0.505,0.5,0.51,,,,
2026-01-06 07:48:40.315000+00:00,2026-01-06 07:48:40.477867+00:00,220.315,0.505,0.5,0.51,0.49,0.48,0.5,,,,
2026-01-06 07:48:41.267000+00:00,2026-01-06 07:48:41.478523+00:00,221.267,0.51,0.5,0.52,0.49,0.48,0.5,,,,
2026-01-06 07:48:42.283000+00:00,2026-01-06 07:48:42.484410+00:00,222.283,0.505,0.5,0.51,0.49,0.48,0.5,,,,
2026-01-06 07:48:43.303000+00:00,2026-01-06 07:48:43.478526+00:00,223.303,0.515,0.51,0.52,0.48,0.47,0.49,,,,
2026-01-06 07:48:44.312000+00:00,2026-01-06 07:48:44.482194+00:00,224.312,0.53,0.52,0.54,0.4649999999999999,0.46,0.47,,,,
2026-01-06 07:48:45.303000+00:00,2026-01-06 07:48:45.479758+00:00,225.303,0.535,0.53,0.54,0.4649999999999999,0.46,0.47,,,,
2026-01-06 07:48:46.326000+00:00,2026-01-06 07:48:46.501544+00:00,226.326,0.525,0.52,0.53,0.475,0.47,0.48,,,,
2026-01-06 07:48:47.353000+00:00,2026-01-06 07:48:47.510506+00:00,227.353,0.515,0.51,0.52,0.485,0.48,0.49,,,,
2026-01-06 07:48:48.349000+00:00,2026-01-06 07:48:48.516855+00:00,228.349,0.51,0.5,0.52,0.49,0.48,0.5,,,,
2026-01-06 07:48:49.353000+00:00,2026-01-06 07:48:49.529499+00:00,229.353,0.51,0.5,0.52,0.49,0.48,0.5,,,,
2026-01-06 07:48:50.208000+00:00,2026-01-06 07:48:50.543849+00:00,230.208,0.51,0.5,0.52,0.49,0.48,0.5,,,,
2026-01-06 07:48:51.188000+00:00,2026-01-06 07:48:51.542998+00:00,231.188,0.51,0.5,0.52,0.49,0.48,0.5,,,,
2026-01-06 07:48:52.303000+00:00,2026-01-06 07:48:52.543563+00:00,232.303,0.51,0.5,0.52,0.49,0.48,0.5,,,,
2026-01-06 07:48:53.403000+00:00,2026-01-06 07:48:53.558834+00:00,233.403,0.495,0.49,0.5,0.505,0.5,0.51,,,,
2026-01-06 07:48:54.393000+00:00,2026-01-06 07:48:54.555101+00:00,234.393,0.445,0.44,0.45,0.545,0.54,0.55,,,,
2026-01-06 07:48:55.396000+00:00,2026-01-06 07:48:55.565649+00:00,235.396,0.4599999999999999,0.45,0.47,0.54,0.53,0.55,,,,
2026-01-06 07:48:56.410000+00:00,2026-01-06 07:48:56.567804+00:00,236.41,0.435,0.43,0.44,0.575,0.57,0.58,,,,
2026-01-06 07:48:57.376000+00:00,2026-01-06 07:48:57.561368+00:00,237.376,0.425,0.42,0.43,0.575,0.57,0.58,,,,
2026-01-06 07:48:58.396000+00:00,2026-01-06 07:48:58.569481+00:00,238.396,0.425,0.42,0.43,0.575,0.57,0.58,,,,
2026-01-06 07:48:59.406000+00:00,2026-01-06 07:48:59.576212+00:00,239.406,0.425,0.42,0.43,0.575,0.57,0.58,,,,
2026-01-06 07:49:00.376000+00:00,2026-01-06 07:49:00.583644+00:00,240.376,0.435,0.43,0.44,0.5700000000000001,0.56,0.58,,,,
2026-01-06 07:49:01.426000+00:00,2026-01-06 07:49:01.599410+00:00,241.426,0.425,0.42,0.43,0.575,0.57,0.58,,,,
2026-01-06 07:49:02.416000+00:00,2026-01-06 07:49:02.609918+00:00,242.416,0.425,0.42,0.43,0.58,0.57,0.59,,,,
2026-01-06 07:49:03.454000+00:00,2026-01-06 07:49:03.624867+00:00,243.454,0.405,0.4,0.41,0.595,0.59,0.6,,,,
2026-01-06 07:49:04.434000+00:00,2026-01-06 07:49:04.642066+00:00,244.434,0.39,0.38,0.4,0.61,0.6,0.62,,,,
2026-01-06 07:49:05.496000+00:00,2026-01-06 07:49:05.654709+00:00,245.496,0.405,0.4,0.41,0.585,0.58,0.59,,,,
2026-01-06 07:49:06.472000+00:00,2026-01-06 07:49:06.661489+00:00,246.472,0.425,0.42,0.43,0.575,0.57,0.58,,,,
2026-01-06 07:49:07.491000+00:00,2026-01-06 07:49:07.661505+00:00,247.491,0.43,0.42,0.44,0.5700000000000001,0.56,0.58,,,,
2026-01-06 07:49:08.507000+00:00,2026-01-06 07:49:08.670613+00:00,248.507,0.415,0.41,0.42,0.5700000000000001,0.55,0.59,,,,
2026-01-06 07:49:09.538000+00:00,2026-01-06 07:49:09.676957+00:00,249.538,0.445,0.44,0.45,0.555,0.55,0.56,,,,
2026-01-06 07:49:10.514000+00:00,2026-01-06 07:49:10.675855+00:00,250.514,0.455,0.45,0.46,0.545,0.54,0.55,,,,
2026-01-06 07:49:11.519000+00:00,2026-01-06 07:49:11.692687+00:00,251.519,0.45,0.44,0.46,0.555,0.55,0.56,,,,
2026-01-06 07:49:12.518000+00:00,2026-01-06 07:49:12.680677+00:00,252.518,0.45,0.44,0.46,0.55,0.54,0.56,,,,
2026-01-06 07:49:13.494000+00:00,2026-01-06 07:49:13.676047+00:00,253.494,0.47,0.46,0.48,0.525,0.52,0.53,,,,
2026-01-06 07:49:14.506000+00:00,2026-01-06 07:49:14.674407+00:00,254.506,0.475,0.47,0.48,0.525,0.52,0.53,,,,
2026-01-06 07:49:15.512000+00:00,2026-01-06 07:49:15.685478+00:00,255.512,0.445,0.44,0.45,0.56,0.55,0.57,,,,
2026-01-06 07:49:16.559000+00:00,2026-01-06 07:49:16.699142+00:00,256.559,0.415,0.4,0.43,0.585,0.57,0.6,,,,
2026-01-06 07:49:17.518000+00:00,2026-01-06 07:49:17.707748+00:00,257.518,0.42,0.41,0.43,0.58,0.57,0.59,,,,
2026-01-06 07:49:18.562000+00:00,2026-01-06 07:49:18.724151+00:00,258.562,0.435,0.43,0.44,0.565,0.56,0.57,,,,
2026-01-06 07:49:19.559000+00:00,2026-01-06 07:49:19.726157+00:00,259.559,0.445,0.44,0.45,0.555,0.55,0.56,,,,
2026-01-06 07:49:20.360000+00:00,2026-01-06 07:49:20.736365+00:00,260.36,0.445,0.44,0.45,0.555,0.55,0.56,,,,
2026-01-06 07:49:21.607000+00:00,2026-01-06 07:49:21.753030+00:00,261.607,0.435,0.43,0.44,0.5700000000000001,0.56,0.58,,,,
2026-01-06 07:49:22.588000+00:00,2026-01-06 07:49:22.748456+00:00,262.588,0.415,0.41,0.42,0.585,0.58,0.59,,,,
2026-01-06 07:49:23.602000+00:00,2026-01-06 07:49:23.759662+00:00,263.602,0.405,0.4,0.41,0.595,0.59,0.6,,,,
2026-01-06 07:49:24.544000+00:00,2026-01-06 07:49:24.760122+00:00,264.544,0.405,0.4,0.41,0.595,0.59,0.6,,,,
2026-01-06 07:49:25.367000+00:00,2026-01-06 07:49:25.759656+00:00,265.367,0.405,0.4,0.41,0.595,0.59,0.6,,,,
2026-01-06 07:49:26.569000+00:00,2026-01-06 07:49:26.763542+00:00,266.569,0.405,0.4,0.41,0.595,0.59,0.6,,,,
2026-01-06 07:49:27.511000+00:00,2026-01-06 07:49:27.786247+00:00,267.511,0.415,0.41,0.42,0.585,0.58,0.59,,,,
2026-01-06 07:49:28.626000+00:00,2026-01-06 07:49:28.791644+00:00,268.626,0.415,0.41,0.42,0.585,0.58,0.59,,,,
2026-01-06 07:49:29.630000+00:00,2026-01-06 07:49:29.809540+00:00,269.63,0.415,0.41,0.42,0.585,0.58,0.59,,,,
2026-01-06 07:49:30.648000+00:00,2026-01-06 07:49:30.809019+00:00,270.648,0.415,0.41,0.42,0.585,0.58,0.59,,,,
2026-01-06 07:49:31.595000+00:00,2026-01-06 07:49:31.809509+00:00,271.595,0.415,0.41,0.42,0.585,0.58,0.59,,,,
2026-01-06 07:49:32.328000+00:00,2026-01-06 07:49:32.809363+00:00,272.328,0.415,0.41,0.42,0.585,0.58,0.59,,,,
2026-01-06 07:49:33.381000+00:00,2026-01-06 07:49:33.814964+00:00,273.381,0.415,0.41,0.42,0.585,0.58,0.59,,,,
2026-01-06 07:49:34.464000+00:00,2026-01-06 07:49:34.818924+00:00,274.464,0.415,0.41,0.42,0.585,0.58,0.59,,,,
2026-01-06 07:49:35.253000+00:00,2026-01-06 07:49:35.843036+00:00,275.253,0.415,0.41,0.42,0.585,0.58,0.59,,,,
2026-01-06 07:49:36.630000+00:00,2026-01-06 07:49:36.842001+00:00,276.63,0.415,0.41,0.42,0.585,0.58,0.59,,,,
2026-01-06 07:49:37.653000+00:00,2026-01-06 07:49:37.845696+00:00,277.653,0.415,0.41,0.42,0.585,0.58,0.59,,,,
2026-01-06 07:49:38.623000+00:00,2026-01-06 07:49:38.838115+00:00,278.623,0.415,0.41,0.42,0.585,0.58,0.59,,,,
2026-01-06 07:49:39.320000+00:00,2026-01-06 07:49:39.847183+00:00,279.32,0.415,0.41,0.42,0.585,0.58,0.59,,,,
2026-01-06 07:49:40.573000+00:00,2026-01-06 07:49:40.858010+00:00,280.573,0.415,0.41,0.42,0.585,0.58,0.59,,,,
2026-01-06 07:49:41.689000+00:00,2026-01-06 07:49:41.852619+00:00,281.689,0.395,0.39,0.4,0.615,0.61,0.62,,,,
2026-01-06 07:49:42.682000+00:00,2026-01-06 07:49:42.851012+00:00,282.682,0.355,0.35,0.36,0.645,0.64,0.65,,,,
2026-01-06 07:49:43.589000+00:00,2026-01-06 07:49:43.857527+00:00,283.589,0.355,0.35,0.36,0.645,0.64,0.65,,,,
2026-01-06 07:49:44.694000+00:00,2026-01-06 07:49:44.862232+00:00,284.694,0.36,0.35,0.37,0.635,0.62,0.65,,,,
2026-01-06 07:49:45.660000+00:00,2026-01-06 07:49:45.861410+00:00,285.66,0.375,0.37,0.38,0.595,0.58,0.61,,,,
2026-01-06 07:49:46.691000+00:00,2026-01-06 07:49:46.863995+00:00,286.691,0.415,0.41,0.42,0.585,0.58,0.59,,,,
2026-01-06 07:49:47.695000+00:00,2026-01-06 07:49:47.859803+00:00,287.695,0.415,0.41,0.42,0.585,0.58,0.59,,,,
2026-01-06 07:49:48.691000+00:00,2026-01-06 07:49:48.860795+00:00,288.691,0.415,0.41,0.42,0.585,0.58,0.59,,,,
2026-01-06 07:49:49.607000+00:00,2026-01-06 07:49:49.875581+00:00,289.607,0.415,0.41,0.42,0.585,0.58,0.59,,,,
2026-01-06 07:49:50.690000+00:00,2026-01-06 07:49:50.877144+00:00,290.69,0.405,0.4,0.41,0.595,0.59,0.6,,,,
2026-01-06 07:49:51.712000+00:00,2026-01-06 07:49:51.875063+00:00,291.712,0.405,0.4,0.41,0.595,0.59,0.6,,,,
2026-01-06 07:49:52.666000+00:00,2026-01-06 07:49:52.889645+00:00,292.666,0.405,0.4,0.41,0.595,0.59,0.6,,,,
2026-01-06 07:49:53.743000+00:00,2026-01-06 07:49:53.902050+00:00,293.743,0.375,0.37,0.38,0.625,0.62,0.63,,,,
2026-01-06 07:49:54.748000+00:00,2026-01-06 07:49:54.909060+00:00,294.748,0.375,0.37,0.38,0.625,0.62,0.63,,,,
2026-01-06 07:49:55.765000+00:00,2026-01-06 07:49:55.925722+00:00,295.765,0.355,0.35,0.36,0.645,0.64,0.65,,,,
2026-01-06 07:49:56.632000+00:00,2026-01-06 07:49:56.924806+00:00,296.632,0.35,0.34,0.36,0.65,0.64,0.66,,,,
2026-01-06 07:49:57.795000+00:00,2026-01-06 07:49:57.927745+00:00,297.795,0.335,0.33,0.34,0.675,0.67,0.68,,,,
2026-01-06 07:49:58.755000+00:00,2026-01-06 07:49:58.925382+00:00,298.755,0.335,0.33,0.34,0.665,0.66,0.67,,,,
2026-01-06 07:49:59.749000+00:00,2026-01-06 07:49:59.941648+00:00,299.749,0.335,0.33,0.34,0.665,0.66,0.67,,,,
2026-01-06 07:50:00.799000+00:00,2026-01-06 07:50:00.959894+00:00,300.799,0.33,0.32,0.34,0.665,0.66,0.67,,,,
2026-01-06 07:50:01.815000+00:00,2026-01-06 07:50:01.969269+00:00,301.815,0.335,0.33,0.34,0.665,0.66,0.67,,,,
2026-01-06 07:50:02.667000+00:00,2026-01-06 07:50:02.974871+00:00,302.667,0.33,0.32,0.34,0.675,0.67,0.68,,,,
2026-01-06 07:50:03.786000+00:00,2026-01-06 07:50:03.967380+00:00,303.786,0.33,0.32,0.34,0.67,0.66,0.68,,,,
2026-01-06 07:50:04.821000+00:00,2026-01-06 07:50:04.978630+00:00,304.821,0.33,0.32,0.34,0.67,0.66,0.68,,,,
2026-01-06 07:50:05.763000+00:00,2026-01-06 07:50:05.977236+00:00,305.763,0.33,0.32,0.34,0.67,0.66,0.68,,,,
2026-01-06 07:50:06.766000+00:00,2026-01-06 07:50:06.992315+00:00,306.766,0.33,0.32,0.34,0.67,0.66,0.68,,,,
2026-01-06 07:50:07.834000+00:00,2026-01-06 07:50:08.002732+00:00,307.834,0.335,0.33,0.34,0.66,0.65,0.67,,,,
2026-01-06 07:50:08.803000+00:00,2026-01-06 07:50:09.013689+00:00,308.803,0.35,0.34,0.36,0.65,0.64,0.66,,,,
2026-01-06 07:50:09.829000+00:00,2026-01-06 07:50:10.026940+00:00,309.829,0.365,0.36,0.37,0.635,0.63,0.64,,,,
2026-01-06 07:50:10.855000+00:00,2026-01-06 07:50:11.041525+00:00,310.855,0.36,0.35,0.37,0.64,0.63,0.65,,,,
2026-01-06 07:50:11.887000+00:00,2026-01-06 07:50:12.045808+00:00,311.887,0.365,0.36,0.37,0.635,0.63,0.64,,,,
2026-01-06 07:50:12.878000+00:00,2026-01-06 07:50:13.051504+00:00,312.878,0.365,0.36,0.37,0.635,0.63,0.64,,,,
2026-01-06 07:50:13.890000+00:00,2026-01-06 07:50:14.057331+00:00,313.89,0.355,0.35,0.36,0.645,0.64,0.65,,,,
2026-01-06 07:50:14.854000+00:00,2026-01-06 07:50:15.066074+00:00,314.854,0.355,0.35,0.36,0.645,0.64,0.65,,,,
2026-01-06 07:50:15.879000+00:00,2026-01-06 07:50:16.056833+00:00,315.879,0.355,0.35,0.36,0.655,0.65,0.66,,,,
2026-01-06 07:50:16.905000+00:00,2026-01-06 07:50:17.072911+00:00,316.905,0.3399999999999999,0.33,0.35,0.66,0.65,0.67,,,,
2026-01-06 07:50:17.919000+00:00,2026-01-06 07:50:18.074690+00:00,317.919,0.345,0.34,0.35,0.655,0.65,0.66,,,,
2026-01-06 07:50:18.918000+00:00,2026-01-06 07:50:19.073726+00:00,318.918,0.355,0.35,0.36,0.645,0.64,0.65,,,,
2026-01-06 07:50:19.884000+00:00,2026-01-06 07:50:20.074835+00:00,319.884,0.355,0.35,0.36,0.645,0.64,0.65,,,,
2026-01-06 07:50:20.907000+00:00,2026-01-06 07:50:21.072861+00:00,320.907,0.345,0.34,0.35,0.665,0.66,0.67,,,,
2026-01-06 07:50:21.923000+00:00,2026-01-06 07:50:22.089874+00:00,321.923,0.335,0.33,0.34,0.665,0.66,0.67,,,,
2026-01-06 07:50:22.928000+00:00,2026-01-06 07:50:23.092125+00:00,322.928,0.325,0.32,0.33,0.675,0.67,0.68,,,,
2026-01-06 07:50:23.939000+00:00,2026-01-06 07:50:24.107264+00:00,323.939,0.325,0.32,0.33,0.675,0.67,0.68,,,,
2026-01-06 07:50:24.857000+00:00,2026-01-06 07:50:25.123299+00:00,324.857,0.325,0.32,0.33,0.675,0.67,0.68,,,,
2026-01-06 07:50:25.962000+00:00,2026-01-06 07:50:26.122735+00:00,325.962,0.315,0.31,0.32,0.685,0.68,0.69,,,,
2026-01-06 07:50:26.971000+00:00,2026-01-06 07:50:27.139336+00:00,326.971,0.28,0.27,0.29,0.725,0.72,0.73,,,,
2026-01-06 07:50:27.975000+00:00,2026-01-06 07:50:28.155568+00:00,327.975,0.28,0.27,0.29,0.72,0.71,0.73,,,,
2026-01-06 07:50:28.923000+00:00,2026-01-06 07:50:29.155876+00:00,328.923,0.285,0.28,0.29,0.715,0.71,0.72,,,,
2026-01-06 07:50:29.996000+00:00,2026-01-06 07:50:30.155852+00:00,329.996,0.285,0.28,0.29,0.715,0.71,0.72,,,,
2026-01-06 07:50:30.977000+00:00,2026-01-06 07:50:31.155274+00:00,330.977,0.265,0.26,0.27,0.735,0.73,0.74,,,,
2026-01-06 07:50:32.968000+00:00,2026-01-06 07:50:33.159930+00:00,332.968,0.285,0.28,0.29,0.73,0.72,0.74,,,,
2026-01-06 07:50:34.008000+00:00,2026-01-06 07:50:34.173351+00:00,334.008,0.26,0.25,0.27,0.745,0.74,0.75,,,,
2026-01-06 07:50:35.021000+00:00,2026-01-06 07:50:35.188980+00:00,335.021,0.255,0.25,0.26,0.74,0.73,0.75,,,,
2026-01-06 07:50:36.997000+00:00,2026-01-06 07:50:37.186621+00:00,336.997,0.255,0.25,0.26,0.745,0.74,0.75,,,,
2026-01-06 07:50:38.041000+00:00,2026-01-06 07:50:38.204132+00:00,338.041,0.255,0.25,0.26,0.745,0.74,0.75,,,,
2026-01-06 07:50:39.053000+00:00,2026-01-06 07:50:39.210181+00:00,339.053,0.255,0.25,0.26,0.745,0.74,0.75,,,,
2026-01-06 07:50:40.063000+00:00,2026-01-06 07:50:40.229232+00:00,340.063,0.255,0.25,0.26,0.745,0.74,0.75,,,,
2026-01-06 07:50:41.062000+00:00,2026-01-06 07:50:41.244480+00:00,341.062,0.255,0.25,0.26,0.745,0.74,0.75,,,,
2026-01-06 07:50:42.100000+00:00,2026-01-06 07:50:42.261821+00:00,342.1,0.275,0.27,0.28,0.725,0.72,0.73,,,,
2026-01-06 07:50:43.109000+00:00,2026-01-06 07:50:43.261082+00:00,343.109,0.255,0.25,0.26,0.745,0.74,0.75,,,,
2026-01-06 07:50:44.094000+00:00,2026-01-06 07:50:44.274822+00:00,344.094,0.26,0.25,0.27,0.745,0.74,0.75,,,,
2026-01-06 07:50:45.790000+00:00,2026-01-06 07:50:46.283106+00:00,345.79,0.255,0.25,0.26,0.745,0.74,0.75,,,,
2026-01-06 07:50:47.116000+00:00,2026-01-06 07:50:47.287978+00:00,347.116,0.255,0.25,0.26,0.745,0.74,0.75,,,,
2026-01-06 07:50:48.957000+00:00,2026-01-06 07:50:49.295294+00:00,348.957,0.255,0.25,0.26,0.745,0.74,0.75,,,,
2026-01-06 07:50:50.039000+00:00,2026-01-06 07:50:50.302176+00:00,350.039,0.245,0.24,0.25,0.755,0.75,0.76,,,,
2026-01-06 07:50:51.089000+00:00,2026-01-06 07:50:51.297985+00:00,351.089,0.24,0.23,0.25,0.76,0.75,0.77,,,,
2026-01-06 07:50:52.139000+00:00,2026-01-06 07:50:52.305376+00:00,352.139,0.2299999999999999,0.22,0.24,0.77,0.76,0.78,,,,
2026-01-06 07:50:53.041000+00:00,2026-01-06 07:50:53.306588+00:00,353.041,0.225,0.22,0.23,0.78,0.77,0.79,,,,
2026-01-06 07:50:54.150000+00:00,2026-01-06 07:50:54.312076+00:00,354.15,0.215,0.21,0.22,0.785,0.78,0.79,,,,
2026-01-06 07:50:55.149000+00:00,2026-01-06 07:50:55.314605+00:00,355.149,0.22,0.21,0.23,0.78,0.77,0.79,,,,
2026-01-06 07:50:56.139000+00:00,2026-01-06 07:50:56.305390+00:00,356.139,0.225,0.22,0.23,0.775,0.77,0.78,,,,
2026-01-06 07:50:57.087000+00:00,2026-01-06 07:50:57.310412+00:00,357.087,0.225,0.22,0.23,0.775,0.77,0.78,,,,
2026-01-06 07:50:58.159000+00:00,2026-01-06 07:50:58.326860+00:00,358.159,0.22,0.21,0.23,0.78,0.77,0.79,,,,
2026-01-06 07:50:59.164000+00:00,2026-01-06 07:50:59.340218+00:00,359.164,0.225,0.22,0.23,0.775,0.77,0.78,,,,
2026-01-06 07:51:00.168000+00:00,2026-01-06 07:51:00.352432+00:00,360.168,0.225,0.22,0.23,0.78,0.77,0.79,,,,
2026-01-06 07:51:01.207000+00:00,2026-01-06 07:51:01.360352+00:00,361.207,0.21,0.2,0.22,0.795,0.79,0.8,,,,
2026-01-06 07:51:02.189000+00:00,2026-01-06 07:51:02.360259+00:00,362.189,0.21,0.2,0.22,0.79,0.78,0.8,,,,
2026-01-06 07:51:03.198000+00:00,2026-01-06 07:51:03.367554+00:00,363.198,0.22,0.21,0.23,0.785,0.78,0.79,,,,
2026-01-06 07:51:04.173000+00:00,2026-01-06 07:51:04.363005+00:00,364.173,0.22,0.21,0.23,0.78,0.77,0.79,,,,
2026-01-06 07:51:05.070000+00:00,2026-01-06 07:51:05.362737+00:00,365.07,0.22,0.21,0.23,0.785,0.78,0.79,,,,
2026-01-06 07:51:06.201000+00:00,2026-01-06 07:51:06.372443+00:00,366.201,0.215,0.21,0.22,0.765,0.76,0.77,,,,
2026-01-06 07:51:07.130000+00:00,2026-01-06 07:51:07.380194+00:00,367.13,0.235,0.23,0.24,0.765,0.76,0.77,,,,
2026-01-06 07:51:08.142000+00:00,2026-01-06 07:51:08.393294+00:00,368.142,0.215,0.21,0.22,0.785,0.78,0.79,,,,
2026-01-06 07:51:09.240000+00:00,2026-01-06 07:51:09.382178+00:00,369.24,0.21,0.2,0.22,0.795,0.79,0.8,,,,
2026-01-06 07:51:10.190000+00:00,2026-01-06 07:51:10.380007+00:00,370.19,0.21,0.2,0.22,0.79,0.78,0.8,,,,
2026-01-06 07:51:11.176000+00:00,2026-01-06 07:51:11.388026+00:00,371.176,0.215,0.21,0.22,0.785,0.78,0.79,,,,
2026-01-06 07:51:12.215000+00:00,2026-01-06 07:51:12.396914+00:00,372.215,0.205,0.2,0.21,0.795,0.79,0.8,,,,
2026-01-06 07:51:13.166000+00:00,2026-01-06 07:51:13.403979+00:00,373.166,0.205,0.2,0.21,0.795,0.79,0.8,,,,
2026-01-06 07:51:14.241000+00:00,2026-01-06 07:51:14.404340+00:00,374.241,0.205,0.2,0.21,0.795,0.79,0.8,,,,
2026-01-06 07:51:15.248000+00:00,2026-01-06 07:51:15.411843+00:00,375.248,0.18,0.17,0.19,0.8200000000000001,0.81,0.83,,,,
2026-01-06 07:51:16.243000+00:00,2026-01-06 07:51:16.407006+00:00,376.243,0.175,0.17,0.18,0.8200000000000001,0.81,0.83,,,,
2026-01-06 07:51:17.240000+00:00,2026-01-06 07:51:17.405352+00:00,377.24,0.175,0.17,0.18,0.825,0.82,0.83,,,,
2026-01-06 07:51:18.237000+00:00,2026-01-06 07:51:18.409992+00:00,378.237,0.175,0.17,0.18,0.825,0.82,0.83,,,,
2026-01-06 07:51:19.234000+00:00,2026-01-06 07:51:19.421675+00:00,379.234,0.175,0.17,0.18,0.825,0.82,0.83,,,,
2026-01-06 07:51:20.223000+00:00,2026-01-06 07:51:20.413803+00:00,380.223,0.165,0.16,0.17,0.835,0.83,0.84,,,,
2026-01-06 07:51:21.191000+00:00,2026-01-06 07:51:21.428484+00:00,381.191,0.1699999999999999,0.16,0.18,0.83,0.82,0.84,,,,
2026-01-06 07:51:22.210000+00:00,2026-01-06 07:51:22.438113+00:00,382.21,0.165,0.16,0.17,0.835,0.83,0.84,,,,
2026-01-06 07:51:23.229000+00:00,2026-01-06 07:51:23.437193+00:00,383.229,0.16,0.15,0.17,0.845,0.84,0.85,,,,
2026-01-06 07:51:24.214000+00:00,2026-01-06 07:51:24.429428+00:00,384.214,0.155,0.15,0.16,0.845,0.84,0.85,,,,
2026-01-06 07:51:25.223000+00:00,2026-01-06 07:51:25.429736+00:00,385.223,0.155,0.15,0.16,0.845,0.84,0.85,,,,
2026-01-06 07:51:26.283000+00:00,2026-01-06 07:51:26.441262+00:00,386.283,0.185,0.18,0.19,0.805,0.8,0.81,,,,
2026-01-06 07:51:27.265000+00:00,2026-01-06 07:51:27.438172+00:00,387.265,0.22,0.21,0.23,0.78,0.77,0.79,,,,
2026-01-06 07:51:28.291000+00:00,2026-01-06 07:51:28.453609+00:00,388.291,0.185,0.18,0.19,0.815,0.81,0.82,,,,
2026-01-06 07:51:29.297000+00:00,2026-01-06 07:51:29.463237+00:00,389.297,0.185,0.18,0.19,0.815,0.81,0.82,,,,
2026-01-06 07:51:30.305000+00:00,2026-01-06 07:51:30.471056+00:00,390.305,0.195,0.19,0.2,0.805,0.8,0.81,,,,
2026-01-06 07:51:31.180000+00:00,2026-01-06 07:51:31.479672+00:00,391.18,0.215,0.21,0.22,0.785,0.78,0.79,,,,
2026-01-06 07:51:32.334000+00:00,2026-01-06 07:51:32.497000+00:00,392.334,0.215,0.21,0.22,0.785,0.78,0.79,,,,
2026-01-06 07:51:33.332000+00:00,2026-01-06 07:51:33.498439+00:00,393.332,0.205,0.2,0.21,0.795,0.79,0.8,,,,
2026-01-06 07:51:34.258000+00:00,2026-01-06 07:51:34.512314+00:00,394.258,0.225,0.22,0.23,0.77,0.76,0.78,,,,
2026-01-06 07:51:35.359000+00:00,2026-01-06 07:51:35.518737+00:00,395.359,0.245,0.24,0.25,0.755,0.75,0.76,,,,
2026-01-06 07:51:36.363000+00:00,2026-01-06 07:51:36.526379+00:00,396.363,0.255,0.25,0.26,0.74,0.73,0.75,,,,
2026-01-06 07:51:37.337000+00:00,2026-01-06 07:51:37.527351+00:00,397.337,0.255,0.25,0.26,0.745,0.74,0.75,,,,
2026-01-06 07:51:38.359000+00:00,2026-01-06 07:51:38.520470+00:00,398.359,0.24,0.23,0.25,0.76,0.75,0.77,,,,
2026-01-06 07:51:39.358000+00:00,2026-01-06 07:51:39.520680+00:00,399.358,0.255,0.24,0.27,0.74,0.73,0.75,,,,
2026-01-06 07:51:40.372000+00:00,2026-01-06 07:51:40.527686+00:00,400.372,0.285,0.28,0.29,0.715,0.71,0.72,,,,
2026-01-06 07:51:41.365000+00:00,2026-01-06 07:51:41.537853+00:00,401.365,0.315,0.31,0.32,0.69,0.68,0.7,,,,
2026-01-06 07:51:42.358000+00:00,2026-01-06 07:51:42.537487+00:00,402.358,0.315,0.31,0.32,0.675,0.67,0.68,,,,
2026-01-06 07:51:43.375000+00:00,2026-01-06 07:51:43.537714+00:00,403.375,0.325,0.32,0.33,0.675,0.67,0.68,,,,
2026-01-06 07:51:44.360000+00:00,2026-01-06 07:51:44.545104+00:00,404.36,0.325,0.32,0.33,0.675,0.67,0.68,,,,
2026-01-06 07:51:45.195000+00:00,2026-01-06 07:51:45.553686+00:00,405.195,0.325,0.32,0.33,0.675,0.67,0.68,,,,
2026-01-06 07:51:46.386000+00:00,2026-01-06 07:51:46.554339+00:00,406.386,0.33,0.32,0.34,0.665,0.66,0.67,,,,
2026-01-06 07:51:47.393000+00:00,2026-01-06 07:51:47.554397+00:00,407.393,0.345,0.34,0.35,0.655,0.65,0.66,,,,
2026-01-06 07:51:48.387000+00:00,2026-01-06 07:51:48.554366+00:00,408.387,0.345,0.34,0.35,0.655,0.65,0.66,,,,
2026-01-06 07:51:49.390000+00:00,2026-01-06 07:51:49.553909+00:00,409.39,0.375,0.37,0.38,0.625,0.62,0.63,,,,
2026-01-06 07:51:50.307000+00:00,2026-01-06 07:51:50.557937+00:00,410.307,0.36,0.35,0.37,0.635,0.63,0.64,,,,
2026-01-06 07:51:51.373000+00:00,2026-01-06 07:51:51.560822+00:00,411.373,0.375,0.37,0.38,0.625,0.62,0.63,,,,
2026-01-06 07:51:52.401000+00:00,2026-01-06 07:51:52.570621+00:00,412.401,0.36,0.35,0.37,0.64,0.63,0.65,,,,
2026-01-06 07:51:53.392000+00:00,2026-01-06 07:51:53.573509+00:00,413.392,0.35,0.34,0.36,0.66,0.65,0.67,,,,
2026-01-06 07:51:54.427000+00:00,2026-01-06 07:51:54.588840+00:00,414.427,0.375,0.37,0.38,0.615,0.6,0.63,,,,
2026-01-06 07:51:55.440000+00:00,2026-01-06 07:51:55.611664+00:00,415.44,0.475,0.47,0.48,0.525,0.52,0.53,,,,
2026-01-06 07:51:56.439000+00:00,2026-01-06 07:51:56.610609+00:00,416.439,0.49,0.48,0.5,0.51,0.5,0.52,,,,
2026-01-06 07:51:57.436000+00:00,2026-01-06 07:51:57.620123+00:00,417.436,0.485,0.48,0.49,0.525,0.51,0.54,,,,
2026-01-06 07:51:58.466000+00:00,2026-01-06 07:51:58.633862+00:00,418.466,0.475,0.46,0.49,0.53,0.52,0.54,,,,
2026-01-06 07:51:59.493000+00:00,2026-01-06 07:51:59.653761+00:00,419.493,0.4649999999999999,0.46,0.47,0.535,0.53,0.54,,,,
2026-01-06 07:52:00.502000+00:00,2026-01-06 07:52:00.661634+00:00,420.502,0.525,0.52,0.53,0.415,0.41,0.42,,,,
2026-01-06 07:52:01.515000+00:00,2026-01-06 07:52:01.668335+00:00,421.515,0.445,0.44,0.45,0.56,0.55,0.57,,,,
2026-01-06 07:52:02.419000+00:00,2026-01-06 07:52:02.663431+00:00,422.419,0.455,0.45,0.46,0.545,0.54,0.55,,,,
2026-01-06 07:52:03.512000+00:00,2026-01-06 07:52:03.674649+00:00,423.512,0.435,0.43,0.44,0.565,0.56,0.57,,,,
2026-01-06 07:52:04.525000+00:00,2026-01-06 07:52:04.688732+00:00,424.525,0.425,0.42,0.43,0.575,0.57,0.58,,,,
2026-01-06 07:52:05.546000+00:00,2026-01-06 07:52:05.699865+00:00,425.546,0.4649999999999999,0.46,0.47,0.535,0.53,0.54,,,,
2026-01-06 07:52:06.532000+00:00,2026-01-06 07:52:06.700290+00:00,426.532,0.4649999999999999,0.46,0.47,0.535,0.53,0.54,,,,
2026-01-06 07:52:07.557000+00:00,2026-01-06 07:52:07.720024+00:00,427.557,0.455,0.45,0.46,0.55,0.54,0.56,,,,
2026-01-06 07:52:08.556000+00:00,2026-01-06 07:52:08.719116+00:00,428.556,0.43,0.42,0.44,0.575,0.57,0.58,,,,
2026-01-06 07:52:09.479000+00:00,2026-01-06 07:52:09.719215+00:00,429.479,0.43,0.42,0.44,0.5700000000000001,0.56,0.58,,,,
2026-01-06 07:52:10.563000+00:00,2026-01-06 07:52:10.736904+00:00,430.563,0.43,0.42,0.44,0.5700000000000001,0.56,0.58,,,,
2026-01-06 07:52:11.555000+00:00,2026-01-06 07:52:11.734279+00:00,431.555,0.42,0.41,0.43,0.5700000000000001,0.56,0.58,,,,
2026-01-06 07:52:12.599000+00:00,2026-01-06 07:52:12.752408+00:00,432.599,0.425,0.41,0.44,0.575,0.56,0.59,,,,
2026-01-06 07:52:13.581000+00:00,2026-01-06 07:52:13.754395+00:00,433.581,0.435,0.43,0.44,0.5549999999999999,0.54,0.57,,,,
2026-01-06 07:52:14.614000+00:00,2026-01-06 07:52:14.768522+00:00,434.614,0.475,0.47,0.48,0.525,0.52,0.53,,,,
2026-01-06 07:52:15.604000+00:00,2026-01-06 07:52:15.769346+00:00,435.604,0.4649999999999999,0.46,0.47,0.54,0.53,0.55,,,,
2026-01-06 07:52:16.605000+00:00,2026-01-06 07:52:16.771603+00:00,436.605,0.435,0.43,0.44,0.565,0.56,0.57,,,,
2026-01-06 07:52:17.622000+00:00,2026-01-06 07:52:17.785971+00:00,437.622,0.435,0.43,0.44,0.56,0.55,0.57,,,,
2026-01-06 07:52:18.626000+00:00,2026-01-06 07:52:18.787514+00:00,438.626,0.445,0.44,0.45,0.555,0.55,0.56,,,,
2026-01-06 07:52:19.588000+00:00,2026-01-06 07:52:19.793581+00:00,439.588,0.435,0.43,0.44,0.565,0.56,0.57,,,,
2026-01-06 07:52:20.624000+00:00,2026-01-06 07:52:20.790640+00:00,440.624,0.445,0.44,0.45,0.555,0.55,0.56,,,,
2026-01-06 07:52:21.620000+00:00,2026-01-06 07:52:21.784978+00:00,441.62,0.455,0.45,0.46,0.55,0.54,0.56,,,,
2026-01-06 07:52:22.639000+00:00,2026-01-06 07:52:22.804978+00:00,442.639,0.45,0.44,0.46,0.555,0.55,0.56,,,,
2026-01-06 07:52:23.654000+00:00,2026-01-06 07:52:23.819236+00:00,443.654,0.445,0.44,0.45,0.555,0.55,0.56,,,,
2026-01-06 07:52:24.667000+00:00,2026-01-06 07:52:24.832626+00:00,444.667,0.445,0.44,0.45,0.565,0.56,0.57,,,,
2026-01-06 07:52:25.639000+00:00,2026-01-06 07:52:25.848666+00:00,445.639,0.435,0.43,0.44,0.5700000000000001,0.56,0.58,,,,
2026-01-06 07:52:26.599000+00:00,2026-01-06 07:52:26.860876+00:00,446.599,0.435,0.43,0.44,0.5700000000000001,0.56,0.58,,,,
2026-01-06 07:52:27.696000+00:00,2026-01-06 07:52:27.875648+00:00,447.696,0.445,0.44,0.45,0.555,0.55,0.56,,,,
2026-01-06 07:52:28.705000+00:00,2026-01-06 07:52:28.884449+00:00,448.705,0.445,0.44,0.45,0.555,0.55,0.56,,,,
2026-01-06 07:52:29.630000+00:00,2026-01-06 07:52:29.902872+00:00,449.63,0.445,0.44,0.45,0.555,0.55,0.56,,,,
2026-01-06 07:52:30.695000+00:00,2026-01-06 07:52:30.911885+00:00,450.695,0.505,0.49,0.52,0.495,0.48,0.51,,,,
2026-01-06 07:52:31.759000+00:00,2026-01-06 07:52:31.929819+00:00,451.759,0.525,0.52,0.53,0.475,0.47,0.48,,,,
2026-01-06 07:52:32.801000+00:00,2026-01-06 07:52:32.946311+00:00,452.801,0.525,0.52,0.53,0.475,0.47,0.48,,,,
2026-01-06 07:52:33.740000+00:00,2026-01-06 07:52:33.944194+00:00,453.74,0.535,0.53,0.54,0.4649999999999999,0.46,0.47,,,,
2026-01-06 07:52:34.774000+00:00,2026-01-06 07:52:34.951266+00:00,454.774,0.515,0.51,0.52,0.485,0.48,0.49,,,,
2026-01-06 07:52:35.795000+00:00,2026-01-06 07:52:35.952279+00:00,455.795,0.485,0.48,0.49,0.515,0.51,0.52,,,,
2026-01-06 07:52:36.709000+00:00,2026-01-06 07:52:36.950305+00:00,456.709,0.475,0.47,0.48,0.525,0.52,0.53,,,,
2026-01-06 07:52:37.789000+00:00,2026-01-06 07:52:37.951818+00:00,457.789,0.475,0.47,0.48,0.525,0.52,0.53,,,,
2026-01-06 07:52:38.800000+00:00,2026-01-06 07:52:38.961732+00:00,458.8,0.505,0.5,0.51,0.495,0.49,0.5,,,,
2026-01-06 07:52:39.811000+00:00,2026-01-06 07:52:39.971063+00:00,459.811,0.555,0.55,0.56,0.445,0.44,0.45,,,,
2026-01-06 07:52:40.812000+00:00,2026-01-06 07:52:40.977259+00:00,460.812,0.595,0.59,0.6,0.38,0.37,0.39,,,,
2026-01-06 07:52:41.801000+00:00,2026-01-06 07:52:41.974900+00:00,461.801,0.585,0.58,0.59,0.415,0.41,0.42,,,,
2026-01-06 07:52:42.822000+00:00,2026-01-06 07:52:42.984902+00:00,462.822,0.595,0.59,0.6,0.405,0.4,0.41,,,,
2026-01-06 07:52:43.825000+00:00,2026-01-06 07:52:43.983055+00:00,463.825,0.55,0.54,0.56,0.4649999999999999,0.46,0.47,,,,
2026-01-06 07:52:44.822000+00:00,2026-01-06 07:52:44.991096+00:00,464.822,0.505,0.5,0.51,0.515,0.5,0.53,,,,
2026-01-06 07:52:45.828000+00:00,2026-01-06 07:52:45.990543+00:00,465.828,0.4549999999999999,0.44,0.47,0.54,0.52,0.56,,,,
2026-01-06 07:52:46.809000+00:00,2026-01-06 07:52:46.984789+00:00,466.809,0.495,0.49,0.5,0.485,0.48,0.49,,,,
2026-01-06 07:52:47.839000+00:00,2026-01-06 07:52:48.001504+00:00,467.839,0.53,0.52,0.54,0.47,0.46,0.48,,,,
2026-01-06 07:52:48.856000+00:00,2026-01-06 07:52:49.014990+00:00,468.856,0.545,0.54,0.55,0.455,0.45,0.46,,,,
2026-01-06 07:52:49.834000+00:00,2026-01-06 07:52:50.008042+00:00,469.834,0.605,0.59,0.62,0.385,0.38,0.39,,,,
2026-01-06 07:52:50.831000+00:00,2026-01-06 07:52:51.014656+00:00,470.831,0.625,0.62,0.63,0.385,0.38,0.39,,,,
2026-01-06 07:52:51.761000+00:00,2026-01-06 07:52:52.028546+00:00,471.761,0.615,0.61,0.62,0.385,0.38,0.39,,,,
2026-01-06 07:52:52.892000+00:00,2026-01-06 07:52:53.052325+00:00,472.892,0.595,0.59,0.6,0.405,0.4,0.41,,,,
2026-01-06 07:52:53.901000+00:00,2026-01-06 07:52:54.066905+00:00,473.901,0.58,0.57,0.59,0.42,0.41,0.43,,,,
2026-01-06 07:52:54.900000+00:00,2026-01-06 07:52:55.073605+00:00,474.9,0.585,0.58,0.59,0.415,0.41,0.42,,,,
2026-01-06 07:52:55.950000+00:00,2026-01-06 07:52:56.101657+00:00,475.95,0.585,0.58,0.59,0.41,0.4,0.42,,,,
2026-01-06 07:52:56.947000+00:00,2026-01-06 07:52:57.105423+00:00,476.947,0.595,0.59,0.6,0.405,0.4,0.41,,,,
2026-01-06 07:52:57.952000+00:00,2026-01-06 07:52:58.102296+00:00,477.952,0.595,0.59,0.6,0.405,0.4,0.41,,,,
2026-01-06 07:52:58.920000+00:00,2026-01-06 07:52:59.100515+00:00,478.92,0.59,0.58,0.6,0.41,0.4,0.42,,,,
2026-01-06 07:52:59.969000+00:00,2026-01-06 07:53:00.122274+00:00,479.969,0.6,0.59,0.61,0.4,0.39,0.41,,,,
2026-01-06 07:53:00.961000+00:00,2026-01-06 07:53:01.116660+00:00,480.961,0.58,0.57,0.59,0.425,0.41,0.44,,,,
2026-01-06 07:53:01.964000+00:00,2026-01-06 07:53:02.129640+00:00,481.964,0.585,0.58,0.59,0.415,0.41,0.42,,,,
2026-01-06 07:53:02.975000+00:00,2026-01-06 07:53:03.136768+00:00,482.975,0.72,0.71,0.73,0.255,0.25,0.26,,,,
2026-01-06 07:53:03.978000+00:00,2026-01-06 07:53:04.138660+00:00,483.978,0.665,0.66,0.67,0.335,0.33,0.34,,,,
2026-01-06 07:53:04.963000+00:00,2026-01-06 07:53:05.150887+00:00,484.963,0.675,0.67,0.68,0.33,0.32,0.34,,,,
2026-01-06 07:53:06.001000+00:00,2026-01-06 07:53:06.168045+00:00,486.001,0.665,0.66,0.67,0.335,0.33,0.34,,,,
2026-01-06 07:53:07.005000+00:00,2026-01-06 07:53:07.173079+00:00,487.005,0.685,0.68,0.69,0.315,0.31,0.32,,,,
2026-01-06 07:53:08.019000+00:00,2026-01-06 07:53:08.182018+00:00,488.019,0.69,0.68,0.7,0.31,0.3,0.32,,,,
2026-01-06 07:53:09.010000+00:00,2026-01-06 07:53:09.171388+00:00,489.01,0.705,0.7,0.71,0.295,0.29,0.3,,,,
2026-01-06 07:53:10.006000+00:00,2026-01-06 07:53:10.172976+00:00,490.006,0.695,0.69,0.7,0.305,0.3,0.31,,,,
2026-01-06 07:53:11.004000+00:00,2026-01-06 07:53:11.182278+00:00,491.004,0.695,0.69,0.7,0.305,0.3,0.31,,,,
2026-01-06 07:53:12.006000+00:00,2026-01-06 07:53:12.186477+00:00,492.006,0.715,0.71,0.72,0.285,0.28,0.29,,,,
2026-01-06 07:53:13.036000+00:00,2026-01-06 07:53:13.195912+00:00,493.036,0.74,0.73,0.75,0.255,0.25,0.26,,,,
2026-01-06 07:53:14.033000+00:00,2026-01-06 07:53:14.197019+00:00,494.033,0.74,0.73,0.75,0.26,0.25,0.27,,,,
2026-01-06 07:53:15.029000+00:00,2026-01-06 07:53:15.210009+00:00,495.029,0.745,0.74,0.75,0.255,0.25,0.26,,,,
2026-01-06 07:53:16.062000+00:00,2026-01-06 07:53:16.229042+00:00,496.062,0.6799999999999999,0.67,0.69,0.315,0.31,0.32,,,,
2026-01-06 07:53:17.043000+00:00,2026-01-06 07:53:17.224408+00:00,497.043,0.685,0.68,0.69,0.315,0.31,0.32,,,,
2026-01-06 07:53:18.072000+00:00,2026-01-06 07:53:18.247261+00:00,498.072,0.69,0.68,0.7,0.31,0.3,0.32,,,,
2026-01-06 07:53:19.054000+00:00,2026-01-06 07:53:19.246104+00:00,499.054,0.685,0.68,0.69,0.31,0.3,0.32,,,,
2026-01-06 07:53:20.084000+00:00,2026-01-06 07:53:20.248606+00:00,500.084,0.685,0.68,0.69,0.315,0.31,0.32,,,,
2026-01-06 07:53:21.087000+00:00,2026-01-06 07:53:21.255427+00:00,501.087,0.635,0.63,0.64,0.365,0.36,0.37,,,,
2026-01-06 07:53:22.101000+00:00,2026-01-06 07:53:22.263970+00:00,502.101,0.625,0.62,0.63,0.375,0.37,0.38,,,,
2026-01-06 07:53:23.110000+00:00,2026-01-06 07:53:23.273101+00:00,503.11,0.675,0.67,0.68,0.31,0.3,0.32,,,,
2026-01-06 07:53:24.117000+00:00,2026-01-06 07:53:24.283502+00:00,504.117,0.72,0.71,0.73,0.265,0.25,0.28,,,,
2026-01-06 07:53:25.149000+00:00,2026-01-06 07:53:25.310840+00:00,505.149,0.77,0.76,0.78,0.205,0.2,0.21,,,,
2026-01-06 07:53:26.150000+00:00,2026-01-06 07:53:26.320160+00:00,506.15,0.77,0.76,0.78,0.225,0.22,0.23,,,,
2026-01-06 07:53:27.170000+00:00,2026-01-06 07:53:27.328589+00:00,507.17,0.765,0.76,0.77,0.235,0.23,0.24,,,,
2026-01-06 07:53:28.160000+00:00,2026-01-06 07:53:28.327441+00:00,508.16,0.76,0.75,0.77,0.235,0.23,0.24,,,,
2026-01-06 07:53:29.151000+00:00,2026-01-06 07:53:29.333276+00:00,509.151,0.775,0.77,0.78,0.225,0.22,0.23,,,,
2026-01-06 07:53:30.178000+00:00,2026-01-06 07:53:30.350415+00:00,510.178,0.77,0.76,0.78,0.2299999999999999,0.22,0.24,,,,
2026-01-06 07:53:31.198000+00:00,2026-01-06 07:53:31.366583+00:00,511.198,0.74,0.73,0.75,0.26,0.25,0.27,,,,
2026-01-06 07:53:32.195000+00:00,2026-01-06 07:53:32.366436+00:00,512.195,0.755,0.75,0.76,0.245,0.24,0.25,,,,
2026-01-06 07:53:33.162000+00:00,2026-01-06 07:53:33.361527+00:00,513.162,0.765,0.76,0.77,0.235,0.23,0.24,,,,
2026-01-06 07:53:34.170000+00:00,2026-01-06 07:53:34.366770+00:00,514.17,0.755,0.75,0.76,0.255,0.25,0.26,,,,
2026-01-06 07:53:35.150000+00:00,2026-01-06 07:53:35.383151+00:00,515.15,0.73,0.72,0.74,0.27,0.26,0.28,,,,
2026-01-06 07:53:36.224000+00:00,2026-01-06 07:53:36.381789+00:00,516.224,0.745,0.74,0.75,0.255,0.25,0.26,,,,
2026-01-06 07:53:37.199000+00:00,2026-01-06 07:53:37.400493+00:00,517.199,0.785,0.78,0.79,0.205,0.2,0.21,,,,
2026-01-06 07:53:38.245000+00:00,2026-01-06 07:53:38.410552+00:00,518.245,0.785,0.78,0.79,0.215,0.21,0.22,,,,
2026-01-06 07:53:39.240000+00:00,2026-01-06 07:53:39.407437+00:00,519.24,0.78,0.77,0.79,0.22,0.21,0.23,,,,
2026-01-06 07:53:40.228000+00:00,2026-01-06 07:53:40.418694+00:00,520.228,0.785,0.78,0.79,0.215,0.21,0.22,,,,
2026-01-06 07:53:41.268000+00:00,2026-01-06 07:53:41.431503+00:00,521.268,0.775,0.77,0.78,0.225,0.22,0.23,,,,
2026-01-06 07:53:42.244000+00:00,2026-01-06 07:53:42.435114+00:00,522.244,0.785,0.78,0.79,0.215,0.21,0.22,,,,
2026-01-06 07:53:43.253000+00:00,2026-01-06 07:53:43.431921+00:00,523.253,0.785,0.78,0.79,0.215,0.21,0.22,,,,
2026-01-06 07:53:44.300000+00:00,2026-01-06 07:53:44.449751+00:00,524.3,0.77,0.76,0.78,0.2299999999999999,0.22,0.24,,,,
2026-01-06 07:53:45.289000+00:00,2026-01-06 07:53:45.464318+00:00,525.289,0.785,0.78,0.79,0.215,0.21,0.22,,,,
2026-01-06 07:53:46.299000+00:00,2026-01-06 07:53:46.465736+00:00,526.299,0.795,0.79,0.8,0.205,0.2,0.21,,,,
2026-01-06 07:53:47.313000+00:00,2026-01-06 07:53:47.482340+00:00,527.313,0.795,0.79,0.8,0.205,0.2,0.21,,,,
2026-01-06 07:53:48.284000+00:00,2026-01-06 07:53:48.481139+00:00,528.284,0.795,0.79,0.8,0.205,0.2,0.21,,,,
2026-01-06 07:53:49.323000+00:00,2026-01-06 07:53:49.496015+00:00,529.323,0.815,0.81,0.82,0.185,0.18,0.19,,,,
2026-01-06 07:53:50.328000+00:00,2026-01-06 07:53:50.508729+00:00,530.328,0.825,0.82,0.83,0.175,0.17,0.18,,,,
2026-01-06 07:53:51.356000+00:00,2026-01-06 07:53:51.520315+00:00,531.356,0.815,0.81,0.82,0.185,0.18,0.19,,,,
2026-01-06 07:53:52.361000+00:00,2026-01-06 07:53:52.532596+00:00,532.361,0.825,0.82,0.83,0.175,0.17,0.18,,,,
2026-01-06 07:53:53.380000+00:00,2026-01-06 07:53:53.548907+00:00,533.38,0.825,0.81,0.84,0.18,0.17,0.19,,,,
2026-01-06 07:53:54.404000+00:00,2026-01-06 07:53:54.566128+00:00,534.404,0.815,0.81,0.82,0.185,0.18,0.19,,,,
2026-01-06 07:53:55.418000+00:00,2026-01-06 07:53:55.582306+00:00,535.418,0.84,0.83,0.85,0.155,0.15,0.16,,,,
2026-01-06 07:53:56.424000+00:00,2026-01-06 07:53:56.589342+00:00,536.424,0.835,0.83,0.84,0.165,0.16,0.17,,,,
2026-01-06 07:53:57.430000+00:00,2026-01-06 07:53:57.599493+00:00,537.43,0.835,0.83,0.84,0.165,0.16,0.17,,,,
2026-01-06 07:53:58.416000+00:00,2026-01-06 07:53:58.617174+00:00,538.416,0.84,0.83,0.85,0.155,0.15,0.16,,,,
2026-01-06 07:53:59.445000+00:00,2026-01-06 07:53:59.626168+00:00,539.445,0.845,0.84,0.85,0.155,0.15,0.16,,,,
2026-01-06 07:54:00.479000+00:00,2026-01-06 07:54:00.644669+00:00,540.479,0.83,0.82,0.84,0.1699999999999999,0.16,0.18,,,,
2026-01-06 07:54:01.476000+00:00,2026-01-06 07:54:01.649156+00:00,541.476,0.805,0.8,0.81,0.195,0.19,0.2,,,,
2026-01-06 07:54:02.495000+00:00,2026-01-06 07:54:02.662955+00:00,542.495,0.815,0.81,0.82,0.185,0.18,0.19,,,,
2026-01-06 07:54:03.515000+00:00,2026-01-06 07:54:03.670649+00:00,543.515,0.805,0.8,0.81,0.215,0.21,0.22,,,,
2026-01-06 07:54:04.472000+00:00,2026-01-06 07:54:04.680066+00:00,544.472,0.77,0.76,0.78,0.2299999999999999,0.22,0.24,,,,
2026-01-06 07:54:05.523000+00:00,2026-01-06 07:54:05.696684+00:00,545.523,0.77,0.76,0.78,0.2299999999999999,0.22,0.24,,,,
2026-01-06 07:54:06.491000+00:00,2026-01-06 07:54:06.696861+00:00,546.491,0.77,0.76,0.78,0.2299999999999999,0.22,0.24,,,,
2026-01-06 07:54:07.555000+00:00,2026-01-06 07:54:07.716869+00:00,547.555,0.765,0.76,0.77,0.235,0.23,0.24,,,,
2026-01-06 07:54:08.546000+00:00,2026-01-06 07:54:08.713599+00:00,548.546,0.765,0.76,0.77,0.235,0.23,0.24,,,,
2026-01-06 07:54:09.544000+00:00,2026-01-06 07:54:09.728851+00:00,549.544,0.765,0.76,0.77,0.235,0.23,0.24,,,,
2026-01-06 07:54:10.562000+00:00,2026-01-06 07:54:10.730943+00:00,550.562,0.775,0.77,0.78,0.225,0.22,0.23,,,,
2026-01-06 07:54:11.504000+00:00,2026-01-06 07:54:11.731937+00:00,551.504,0.78,0.77,0.79,0.22,0.21,0.23,,,,
2026-01-06 07:54:12.559000+00:00,2026-01-06 07:54:12.747151+00:00,552.559,0.775,0.77,0.78,0.225,0.22,0.23,,,,
2026-01-06 07:54:13.643000+00:00,2026-01-06 07:54:13.746681+00:00,553.643,0.775,0.77,0.78,0.225,0.22,0.23,,,,
2026-01-06 07:54:14.507000+00:00,2026-01-06 07:54:14.745734+00:00,554.507,0.785,0.78,0.79,0.215,0.21,0.22,,,,
2026-01-06 07:54:15.585000+00:00,2026-01-06 07:54:15.764940+00:00,555.585,0.785,0.78,0.79,0.215,0.21,0.22,,,,
2026-01-06 07:54:16.605000+00:00,2026-01-06 07:54:16.764916+00:00,556.605,0.79,0.78,0.8,0.205,0.2,0.21,,,,
2026-01-06 07:54:17.600000+00:00,2026-01-06 07:54:17.765562+00:00,557.6,0.815,0.81,0.82,0.185,0.18,0.19,,,,
2026-01-06 07:54:18.601000+00:00,2026-01-06 07:54:18.764401+00:00,558.601,0.805,0.8,0.81,0.195,0.19,0.2,,,,
2026-01-06 07:54:19.598000+00:00,2026-01-06 07:54:19.764623+00:00,559.598,0.805,0.8,0.81,0.195,0.19,0.2,,,,
2026-01-06 07:54:20.453000+00:00,2026-01-06 07:54:20.780543+00:00,560.453,0.805,0.8,0.81,0.195,0.19,0.2,,,,
2026-01-06 07:54:21.615000+00:00,2026-01-06 07:54:21.783936+00:00,561.615,0.805,0.8,0.81,0.195,0.19,0.2,,,,
2026-01-06 07:54:22.584000+00:00,2026-01-06 07:54:22.780281+00:00,562.584,0.805,0.8,0.81,0.195,0.19,0.2,,,,
2026-01-06 07:54:23.632000+00:00,2026-01-06 07:54:23.801786+00:00,563.632,0.78,0.77,0.79,0.22,0.21,0.23,,,,
2026-01-06 07:54:24.633000+00:00,2026-01-06 07:54:24.801578+00:00,564.633,0.775,0.77,0.78,0.225,0.22,0.23,,,,
2026-01-06 07:54:25.641000+00:00,2026-01-06 07:54:25.806996+00:00,565.641,0.775,0.77,0.78,0.22,0.21,0.23,,,,
2026-01-06 07:54:26.637000+00:00,2026-01-06 07:54:26.814161+00:00,566.637,0.745,0.74,0.75,0.255,0.25,0.26,,,,
2026-01-06 07:54:27.663000+00:00,2026-01-06 07:54:27.834981+00:00,567.663,0.75,0.74,0.76,0.25,0.24,0.26,,,,
2026-01-06 07:54:28.657000+00:00,2026-01-06 07:54:28.848317+00:00,568.657,0.75,0.74,0.76,0.25,0.24,0.26,,,,
2026-01-06 07:54:29.698000+00:00,2026-01-06 07:54:29.864585+00:00,569.698,0.765,0.76,0.77,0.235,0.23,0.24,,,,
2026-01-06 07:54:30.659000+00:00,2026-01-06 07:54:30.881581+00:00,570.659,0.765,0.76,0.77,0.235,0.23,0.24,,,,
2026-01-06 07:54:31.717000+00:00,2026-01-06 07:54:31.881126+00:00,571.717,0.775,0.77,0.78,0.225,0.22,0.23,,,,
2026-01-06 07:54:32.708000+00:00,2026-01-06 07:54:32.893384+00:00,572.708,0.77,0.76,0.78,0.2299999999999999,0.22,0.24,,,,
2026-01-06 07:54:33.497000+00:00,2026-01-06 07:54:33.882858+00:00,573.497,0.765,0.76,0.77,0.2299999999999999,0.22,0.24,,,,
2026-01-06 07:54:34.729000+00:00,2026-01-06 07:54:34.898995+00:00,574.729,0.765,0.76,0.77,0.24,0.23,0.25,,,,
2026-01-06 07:54:35.727000+00:00,2026-01-06 07:54:35.899685+00:00,575.727,0.76,0.75,0.77,0.235,0.23,0.24,,,,
2026-01-06 07:54:36.753000+00:00,2026-01-06 07:54:36.915392+00:00,576.753,0.77,0.76,0.78,0.225,0.22,0.23,,,,
2026-01-06 07:54:37.756000+00:00,2026-01-06 07:54:37.930970+00:00,577.756,0.765,0.76,0.77,0.235,0.23,0.24,,,,
2026-01-06 07:54:38.745000+00:00,2026-01-06 07:54:38.932530+00:00,578.745,0.745,0.74,0.75,0.255,0.25,0.26,,,,
2026-01-06 07:54:39.719000+00:00,2026-01-06 07:54:39.947336+00:00,579.719,0.76,0.75,0.77,0.24,0.23,0.25,,,,
2026-01-06 07:54:40.633000+00:00,2026-01-06 07:54:40.949765+00:00,580.633,0.75,0.74,0.76,0.255,0.25,0.26,,,,
2026-01-06 07:54:41.770000+00:00,2026-01-06 07:54:41.965903+00:00,581.77,0.725,0.72,0.73,0.275,0.27,0.28,,,,
2026-01-06 07:54:42.814000+00:00,2026-01-06 07:54:42.980136+00:00,582.814,0.735,0.73,0.74,0.265,0.26,0.27,,,,
2026-01-06 07:54:43.771000+00:00,2026-01-06 07:54:43.999069+00:00,583.771,0.735,0.73,0.74,0.265,0.26,0.27,,,,
2026-01-06 07:54:44.839000+00:00,2026-01-06 07:54:44.996876+00:00,584.839,0.755,0.75,0.76,0.225,0.22,0.23,,,,
2026-01-06 07:54:45.833000+00:00,2026-01-06 07:54:45.996475+00:00,585.833,0.755,0.75,0.76,0.245,0.24,0.25,,,,
2026-01-06 07:54:46.825000+00:00,2026-01-06 07:54:46.997064+00:00,586.825,0.745,0.73,0.76,0.25,0.24,0.26,,,,
2026-01-06 07:54:47.857000+00:00,2026-01-06 07:54:48.017413+00:00,587.857,0.74,0.73,0.75,0.26,0.25,0.27,,,,
2026-01-06 07:54:48.736000+00:00,2026-01-06 07:54:49.012697+00:00,588.736,0.75,0.74,0.76,0.25,0.24,0.26,,,,
2026-01-06 07:54:49.816000+00:00,2026-01-06 07:54:50.017081+00:00,589.816,0.745,0.74,0.75,0.25,0.24,0.26,,,,
2026-01-06 07:54:50.854000+00:00,2026-01-06 07:54:51.044193+00:00,590.854,0.755,0.75,0.76,0.245,0.24,0.25,,,,
2026-01-06 07:54:51.826000+00:00,2026-01-06 07:54:52.046640+00:00,591.826,0.755,0.75,0.76,0.245,0.24,0.25,,,,
2026-01-06 07:54:52.880000+00:00,2026-01-06 07:54:53.050697+00:00,592.88,0.755,0.75,0.76,0.245,0.24,0.25,,,,
2026-01-06 07:54:53.900000+00:00,2026-01-06 07:54:54.067280+00:00,593.9,0.755,0.75,0.76,0.245,0.24,0.25,,,,
2026-01-06 07:54:54.798000+00:00,2026-01-06 07:54:55.063092+00:00,594.798,0.75,0.74,0.76,0.25,0.24,0.26,,,,
2026-01-06 07:54:55.914000+00:00,2026-01-06 07:54:56.080274+00:00,595.914,0.735,0.73,0.74,0.265,0.26,0.27,,,,
2026-01-06 07:54:56.917000+00:00,2026-01-06 07:54:57.084098+00:00,596.917,0.695,0.69,0.7,0.305,0.3,0.31,,,,
2026-01-06 07:54:57.897000+00:00,2026-01-06 07:54:58.085697+00:00,597.897,0.695,0.69,0.7,0.315,0.31,0.32,,,,
2026-01-06 07:54:58.874000+00:00,2026-01-06 07:54:59.100467+00:00,598.874,0.685,0.68,0.69,0.315,0.31,0.32,,,,
2026-01-06 07:54:59.954000+00:00,2026-01-06 07:55:00.119818+00:00,599.954,0.69,0.68,0.7,0.31,0.3,0.32,,,,
2026-01-06 07:55:00.954000+00:00,2026-01-06 07:55:01.129379+00:00,600.954,0.65,0.64,0.66,0.345,0.34,0.35,,,,
2026-01-06 07:55:01.969000+00:00,2026-01-06 07:55:02.129372+00:00,601.969,0.645,0.64,0.65,0.355,0.35,0.36,,,,
2026-01-06 07:55:02.973000+00:00,2026-01-06 07:55:03.137892+00:00,602.973,0.65,0.64,0.66,0.35,0.34,0.36,,,,
2026-01-06 07:55:03.975000+00:00,2026-01-06 07:55:04.143543+00:00,603.975,0.635,0.63,0.64,0.365,0.36,0.37,,,,
2026-01-06 07:55:04.951000+00:00,2026-01-06 07:55:05.132417+00:00,604.951,0.615,0.61,0.62,0.385,0.38,0.39,,,,
2026-01-06 07:55:06.026000+00:00,2026-01-06 07:55:06.146597+00:00,606.026,0.625,0.62,0.63,0.375,0.37,0.38,,,,
2026-01-06 07:55:07.009000+00:00,2026-01-06 07:55:07.160763+00:00,607.009,0.705,0.7,0.71,0.295,0.29,0.3,,,,
2026-01-06 07:55:08.014000+00:00,2026-01-06 07:55:08.179039+00:00,608.014,0.705,0.7,0.71,0.295,0.29,0.3,,,,
2026-01-06 07:55:09.014000+00:00,2026-01-06 07:55:09.180248+00:00,609.014,0.705,0.7,0.71,0.285,0.28,0.29,,,,
2026-01-06 07:55:10.025000+00:00,2026-01-06 07:55:10.192210+00:00,610.025,0.715,0.71,0.72,0.275,0.27,0.28,,,,
2026-01-06 07:55:11.005000+00:00,2026-01-06 07:55:11.193890+00:00,611.005,0.725,0.72,0.73,0.275,0.27,0.28,,,,
2026-01-06 07:55:12.026000+00:00,2026-01-06 07:55:12.195261+00:00,612.026,0.735,0.73,0.74,0.265,0.26,0.27,,,,
2026-01-06 07:55:13.031000+00:00,2026-01-06 07:55:13.208040+00:00,613.031,0.755,0.75,0.76,0.245,0.24,0.25,,,,
2026-01-06 07:55:14.034000+00:00,2026-01-06 07:55:14.211587+00:00,614.034,0.755,0.75,0.76,0.245,0.24,0.25,,,,
2026-01-06 07:55:15.036000+00:00,2026-01-06 07:55:15.210939+00:00,615.036,0.715,0.71,0.72,0.295,0.29,0.3,,,,
2026-01-06 07:55:16.041000+00:00,2026-01-06 07:55:16.209296+00:00,616.041,0.665,0.66,0.67,0.335,0.33,0.34,,,,
2026-01-06 07:55:17.076000+00:00,2026-01-06 07:55:17.222592+00:00,617.076,0.665,0.66,0.67,0.335,0.33,0.34,,,,
2026-01-06 07:55:18.054000+00:00,2026-01-06 07:55:18.228098+00:00,618.054,0.635,0.63,0.64,0.365,0.36,0.37,,,,
2026-01-06 07:55:19.079000+00:00,2026-01-06 07:55:19.244799+00:00,619.079,0.655,0.65,0.66,0.315,0.31,0.32,,,,
2026-01-06 07:55:20.878000+00:00,2026-01-06 07:55:21.269731+00:00,620.878,0.695,0.69,0.7,0.31,0.3,0.32,,,,
2026-01-06 07:55:22.037000+00:00,2026-01-06 07:55:22.277139+00:00,622.037,0.685,0.68,0.69,0.315,0.31,0.32,,,,
2026-01-06 07:55:23.898000+00:00,2026-01-06 07:55:24.315772+00:00,623.898,0.695,0.69,0.7,0.3,0.29,0.31,,,,
2026-01-06 07:55:25.139000+00:00,2026-01-06 07:55:25.316477+00:00,625.139,0.695,0.69,0.7,0.305,0.3,0.31,,,,
2026-01-06 07:55:26.169000+00:00,2026-01-06 07:55:26.328631+00:00,626.169,0.685,0.68,0.69,0.315,0.31,0.32,,,,
2026-01-06 07:55:27.113000+00:00,2026-01-06 07:55:27.334129+00:00,627.113,0.675,0.67,0.68,0.325,0.32,0.33,,,,
2026-01-06 07:55:28.164000+00:00,2026-01-06 07:55:28.343910+00:00,628.164,0.675,0.67,0.68,0.32,0.31,0.33,,,,
2026-01-06 07:55:29.185000+00:00,2026-01-06 07:55:29.349331+00:00,629.185,0.685,0.68,0.69,0.315,0.31,0.32,,,,
2026-01-06 07:55:30.174000+00:00,2026-01-06 07:55:30.344461+00:00,630.174,0.685,0.68,0.69,0.315,0.31,0.32,,,,
2026-01-06 07:55:31.170000+00:00,2026-01-06 07:55:31.334988+00:00,631.17,0.695,0.69,0.7,0.305,0.3,0.31,,,,
2026-01-06 07:55:32.189000+00:00,2026-01-06 07:55:32.356027+00:00,632.189,0.705,0.7,0.71,0.295,0.29,0.3,,,,
2026-01-06 07:55:33.126000+00:00,2026-01-06 07:55:33.378433+00:00,633.126,0.685,0.68,0.69,0.315,0.31,0.32,,,,
2026-01-06 07:55:34.214000+00:00,2026-01-06 07:55:34.389219+00:00,634.214,0.685,0.68,0.69,0.315,0.31,0.32,,,,
2026-01-06 07:55:35.214000+00:00,2026-01-06 07:55:35.402696+00:00,635.214,0.655,0.65,0.66,0.345,0.34,0.35,,,,
2026-01-06 07:55:36.221000+00:00,2026-01-06 07:55:36.416195+00:00,636.221,0.655,0.65,0.66,0.345,0.34,0.35,,,,
2026-01-06 07:55:37.236000+00:00,2026-01-06 07:55:37.421605+00:00,637.236,0.665,0.66,0.67,0.335,0.33,0.34,,,,
2026-01-06 07:55:38.244000+00:00,2026-01-06 07:55:38.432175+00:00,638.244,0.675,0.67,0.68,0.325,0.32,0.33,,,,
2026-01-06 07:55:39.270000+00:00,2026-01-06 07:55:39.448794+00:00,639.27,0.695,0.69,0.7,0.295,0.29,0.3,,,,
2026-01-06 07:55:40.275000+00:00,2026-01-06 07:55:40.455545+00:00,640.275,0.715,0.71,0.72,0.285,0.28,0.29,,,,
2026-01-06 07:55:41.240000+00:00,2026-01-06 07:55:41.461378+00:00,641.24,0.715,0.71,0.72,0.285,0.28,0.29,,,,
2026-01-06 07:55:42.308000+00:00,2026-01-06 07:55:42.473998+00:00,642.308,0.715,0.71,0.72,0.285,0.28,0.29,,,,
2026-01-06 07:55:43.341000+00:00,2026-01-06 07:55:43.477870+00:00,643.341,0.695,0.69,0.7,0.305,0.3,0.31,,,,
2026-01-06 07:55:44.320000+00:00,2026-01-06 07:55:44.491372+00:00,644.32,0.685,0.68,0.69,0.315,0.31,0.32,,,,
2026-01-06 07:55:45.340000+00:00,2026-01-06 07:55:45.517711+00:00,645.34,0.685,0.68,0.69,0.315,0.31,0.32,,,,
2026-01-06 07:55:46.355000+00:00,2026-01-06 07:55:46.521914+00:00,646.355,0.685,0.68,0.69,0.315,0.31,0.32,,,,
2026-01-06 07:55:47.347000+00:00,2026-01-06 07:55:47.527208+00:00,647.347,0.675,0.67,0.68,0.325,0.32,0.33,,,,
2026-01-06 07:55:48.355000+00:00,2026-01-06 07:55:48.527466+00:00,648.355,0.67,0.66,0.68,0.33,0.32,0.34,,,,
2026-01-06 07:55:49.359000+00:00,2026-01-06 07:55:49.531325+00:00,649.359,0.665,0.66,0.67,0.335,0.33,0.34,,,,
2026-01-06 07:55:50.346000+00:00,2026-01-06 07:55:50.548691+00:00,650.346,0.675,0.67,0.68,0.325,0.32,0.33,,,,
2026-01-06 07:55:51.383000+00:00,2026-01-06 07:55:51.551704+00:00,651.383,0.675,0.67,0.68,0.325,0.32,0.33,,,,
2026-01-06 07:55:52.280000+00:00,2026-01-06 07:55:52.573718+00:00,652.28,0.675,0.67,0.68,0.325,0.32,0.33,,,,
2026-01-06 07:55:53.403000+00:00,2026-01-06 07:55:53.575071+00:00,653.403,0.67,0.66,0.68,0.33,0.32,0.34,,,,
2026-01-06 07:55:54.416000+00:00,2026-01-06 07:55:54.580184+00:00,654.416,0.625,0.62,0.63,0.375,0.37,0.38,,,,
2026-01-06 07:55:55.432000+00:00,2026-01-06 07:55:55.591095+00:00,655.432,0.635,0.63,0.64,0.365,0.36,0.37,,,,
2026-01-06 07:55:56.442000+00:00,2026-01-06 07:55:56.606698+00:00,656.442,0.635,0.63,0.64,0.365,0.36,0.37,,,,
2026-01-06 07:55:57.415000+00:00,2026-01-06 07:55:57.615978+00:00,657.415,0.625,0.62,0.63,0.375,0.37,0.38,,,,
2026-01-06 07:55:58.467000+00:00,2026-01-06 07:55:58.629569+00:00,658.467,0.635,0.63,0.64,0.365,0.36,0.37,,,,
2026-01-06 07:55:59.479000+00:00,2026-01-06 07:55:59.643601+00:00,659.479,0.695,0.69,0.7,0.305,0.3,0.31,,,,
2026-01-06 07:56:00.492000+00:00,2026-01-06 07:56:00.659456+00:00,660.492,0.695,0.69,0.7,0.305,0.3,0.31,,,,
2026-01-06 07:56:01.486000+00:00,2026-01-06 07:56:01.675676+00:00,661.486,0.685,0.68,0.69,0.315,0.31,0.32,,,,
2026-01-06 07:56:02.465000+00:00,2026-01-06 07:56:02.681942+00:00,662.465,0.675,0.67,0.68,0.32,0.31,0.33,,,,
2026-01-06 07:56:03.503000+00:00,2026-01-06 07:56:03.707227+00:00,663.503,0.685,0.68,0.69,0.315,0.31,0.32,,,,
2026-01-06 07:56:04.541000+00:00,2026-01-06 07:56:04.708599+00:00,664.541,0.675,0.67,0.68,0.325,0.32,0.33,,,,
2026-01-06 07:56:05.571000+00:00,2026-01-06 07:56:05.721617+00:00,665.571,0.66,0.65,0.67,0.3399999999999999,0.33,0.35,,,,
2026-01-06 07:56:06.477000+00:00,2026-01-06 07:56:06.722253+00:00,666.477,0.66,0.65,0.67,0.3399999999999999,0.33,0.35,,,,
2026-01-06 07:56:07.504000+00:00,2026-01-06 07:56:07.729593+00:00,667.504,0.655,0.65,0.66,0.3399999999999999,0.33,0.35,,,,
2026-01-06 07:56:08.573000+00:00,2026-01-06 07:56:08.738544+00:00,668.573,0.665,0.66,0.67,0.345,0.34,0.35,,,,
2026-01-06 07:56:09.526000+00:00,2026-01-06 07:56:09.740313+00:00,669.526,0.66,0.65,0.67,0.3399999999999999,0.33,0.35,,,,
2026-01-06 07:56:10.501000+00:00,2026-01-06 07:56:10.758981+00:00,670.501,0.655,0.65,0.66,0.345,0.34,0.35,,,,
2026-01-06 07:56:11.610000+00:00,2026-01-06 07:56:11.763920+00:00,671.61,0.66,0.65,0.67,0.3399999999999999,0.33,0.35,,,,
2026-01-06 07:56:12.549000+00:00,2026-01-06 07:56:12.777609+00:00,672.549,0.66,0.65,0.67,0.3399999999999999,0.33,0.35,,,,
2026-01-06 07:56:13.595000+00:00,2026-01-06 07:56:13.797072+00:00,673.595,0.675,0.67,0.68,0.325,0.32,0.33,,,,
2026-01-06 07:56:14.625000+00:00,2026-01-06 07:56:14.790337+00:00,674.625,0.665,0.66,0.67,0.335,0.33,0.34,,,,
2026-01-06 07:56:15.614000+00:00,2026-01-06 07:56:15.797532+00:00,675.614,0.645,0.64,0.65,0.355,0.35,0.36,,,,
2026-01-06 07:56:16.641000+00:00,2026-01-06 07:56:16.808941+00:00,676.641,0.63,0.62,0.64,0.375,0.37,0.38,,,,
2026-01-06 07:56:17.452000+00:00,2026-01-06 07:56:17.815347+00:00,677.452,0.625,0.62,0.63,0.375,0.37,0.38,,,,
2026-01-06 07:56:18.642000+00:00,2026-01-06 07:56:18.813652+00:00,678.642,0.595,0.59,0.6,0.435,0.43,0.44,,,,
2026-01-06 07:56:19.560000+00:00,2026-01-06 07:56:19.833427+00:00,679.56,0.595,0.59,0.6,0.405,0.4,0.41,,,,
2026-01-06 07:56:20.621000+00:00,2026-01-06 07:56:20.843066+00:00,680.621,0.595,0.59,0.6,0.405,0.4,0.41,,,,
2026-01-06 07:56:21.680000+00:00,2026-01-06 07:56:21.845577+00:00,681.68,0.585,0.58,0.59,0.415,0.41,0.42,,,,
2026-01-06 07:56:22.658000+00:00,2026-01-06 07:56:22.863693+00:00,682.658,0.585,0.58,0.59,0.415,0.41,0.42,,,,
2026-01-06 07:56:23.698000+00:00,2026-01-06 07:56:23.873046+00:00,683.698,0.6,0.59,0.61,0.395,0.39,0.4,,,,
2026-01-06 07:56:24.717000+00:00,2026-01-06 07:56:24.876393+00:00,684.717,0.59,0.58,0.6,0.41,0.4,0.42,,,,
2026-01-06 07:56:25.742000+00:00,2026-01-06 07:56:25.893426+00:00,685.742,0.595,0.59,0.6,0.415,0.41,0.42,,,,
2026-01-06 07:56:26.720000+00:00,2026-01-06 07:56:26.892991+00:00,686.72,0.585,0.58,0.59,0.415,0.41,0.42,,,,
2026-01-06 07:56:27.857000+00:00,2026-01-06 07:56:27.910039+00:00,687.857,0.575,0.57,0.58,0.425,0.42,0.43,,,,
2026-01-06 07:56:28.746000+00:00,2026-01-06 07:56:28.915106+00:00,688.746,0.59,0.58,0.6,0.41,0.4,0.42,,,,
2026-01-06 07:56:29.733000+00:00,2026-01-06 07:56:29.925550+00:00,689.733,0.59,0.58,0.6,0.41,0.4,0.42,,,,
2026-01-06 07:56:30.788000+00:00,2026-01-06 07:56:30.943175+00:00,690.788,0.635,0.63,0.64,0.345,0.34,0.35,,,,
2026-01-06 07:56:31.778000+00:00,2026-01-06 07:56:31.942886+00:00,691.778,0.6799999999999999,0.67,0.69,0.32,0.31,0.33,,,,
2026-01-06 07:56:32.778000+00:00,2026-01-06 07:56:32.953901+00:00,692.778,0.6799999999999999,0.67,0.69,0.315,0.31,0.32,,,,
2026-01-06 07:56:33.801000+00:00,2026-01-06 07:56:33.959133+00:00,693.801,0.715,0.71,0.72,0.285,0.28,0.29,,,,
2026-01-06 07:56:34.803000+00:00,2026-01-06 07:56:34.968310+00:00,694.803,0.695,0.69,0.7,0.305,0.3,0.31,,,,
2026-01-06 07:56:35.814000+00:00,2026-01-06 07:56:35.987372+00:00,695.814,0.69,0.68,0.7,0.31,0.3,0.32,,,,
2026-01-06 07:56:36.824000+00:00,2026-01-06 07:56:36.993067+00:00,696.824,0.6950000000000001,0.68,0.71,0.305,0.29,0.32,,,,
2026-01-06 07:56:37.814000+00:00,2026-01-06 07:56:37.987656+00:00,697.814,0.7,0.69,0.71,0.3,0.29,0.31,,,,
2026-01-06 07:56:38.707000+00:00,2026-01-06 07:56:38.994858+00:00,698.707,0.7,0.69,0.71,0.3,0.29,0.31,,,,
2026-01-06 07:56:39.701000+00:00,2026-01-06 07:56:40.000012+00:00,699.701,0.685,0.68,0.69,0.315,0.31,0.32,,,,
2026-01-06 07:56:40.840000+00:00,2026-01-06 07:56:41.025523+00:00,700.84,0.685,0.68,0.69,0.315,0.31,0.32,,,,
2026-01-06 07:56:41.739000+00:00,2026-01-06 07:56:42.033485+00:00,701.739,0.695,0.69,0.7,0.305,0.3,0.31,,,,
2026-01-06 07:56:42.874000+00:00,2026-01-06 07:56:43.041826+00:00,702.874,0.695,0.69,0.7,0.305,0.3,0.31,,,,
2026-01-06 07:56:43.873000+00:00,2026-01-06 07:56:44.051881+00:00,703.873,0.695,0.69,0.7,0.305,0.3,0.31,,,,
2026-01-06 07:56:44.897000+00:00,2026-01-06 07:56:45.063759+00:00,704.897,0.695,0.69,0.7,0.305,0.3,0.31,,,,
2026-01-06 07:56:45.920000+00:00,2026-01-06 07:56:46.065884+00:00,705.92,0.735,0.73,0.74,0.27,0.26,0.28,,,,
2026-01-06 07:56:46.912000+00:00,2026-01-06 07:56:47.080517+00:00,706.912,0.71,0.7,0.72,0.285,0.28,0.29,,,,
2026-01-06 07:56:47.860000+00:00,2026-01-06 07:56:48.093598+00:00,707.86,0.695,0.69,0.7,0.305,0.3,0.31,,,,
2026-01-06 07:56:48.919000+00:00,2026-01-06 07:56:49.091149+00:00,708.919,0.695,0.69,0.7,0.305,0.3,0.31,,,,
2026-01-06 07:56:49.891000+00:00,2026-01-06 07:56:50.096734+00:00,709.891,0.685,0.68,0.69,0.315,0.31,0.32,,,,
2026-01-06 07:56:50.909000+00:00,2026-01-06 07:56:51.095678+00:00,710.909,0.685,0.68,0.69,0.315,0.31,0.32,,,,
2026-01-06 07:56:51.913000+00:00,2026-01-06 07:56:52.096334+00:00,711.913,0.685,0.68,0.69,0.315,0.31,0.32,,,,
2026-01-06 07:56:52.923000+00:00,2026-01-06 07:56:53.113624+00:00,712.923,0.685,0.68,0.69,0.29,0.28,0.3,,,,
2026-01-06 07:56:53.942000+00:00,2026-01-06 07:56:54.125253+00:00,713.942,0.745,0.74,0.75,0.255,0.25,0.26,,,,
2026-01-06 07:56:54.939000+00:00,2026-01-06 07:56:55.130107+00:00,714.939,0.755,0.75,0.76,0.245,0.24,0.25,,,,
2026-01-06 07:56:55.956000+00:00,2026-01-06 07:56:56.140444+00:00,715.956,0.755,0.75,0.76,0.245,0.24,0.25,,,,
2026-01-06 07:56:56.979000+00:00,2026-01-06 07:56:57.156977+00:00,716.979,0.745,0.74,0.75,0.255,0.24,0.27,,,,
2026-01-06 07:56:57.965000+00:00,2026-01-06 07:56:58.163071+00:00,717.965,0.755,0.75,0.76,0.245,0.24,0.25,,,,
2026-01-06 07:56:59.020000+00:00,2026-01-06 07:56:59.173548+00:00,719.02,0.73,0.71,0.75,0.29,0.28,0.3,,,,
2026-01-06 07:57:00.011000+00:00,2026-01-06 07:57:00.182913+00:00,720.011,0.705,0.7,0.71,0.285,0.28,0.29,,,,
2026-01-06 07:57:01.015000+00:00,2026-01-06 07:57:01.180968+00:00,721.015,0.745,0.74,0.75,0.255,0.25,0.26,,,,
2026-01-06 07:57:02.033000+00:00,2026-01-06 07:57:02.180623+00:00,722.033,0.575,0.57,0.58,0.455,0.45,0.46,,,,
2026-01-06 07:57:03.009000+00:00,2026-01-06 07:57:03.180453+00:00,723.009,0.485,0.48,0.49,0.53,0.52,0.54,,,,
2026-01-06 07:57:04.023000+00:00,2026-01-06 07:57:04.187738+00:00,724.023,0.555,0.55,0.56,0.445,0.44,0.45,,,,
2026-01-06 07:57:05.044000+00:00,2026-01-06 07:57:05.208720+00:00,725.044,0.535,0.53,0.54,0.4649999999999999,0.46,0.47,,,,
2026-01-06 07:57:06.049000+00:00,2026-01-06 07:57:06.232417+00:00,726.049,0.535,0.53,0.54,0.4649999999999999,0.46,0.47,,,,
2026-01-06 07:57:07.046000+00:00,2026-01-06 07:57:07.246527+00:00,727.046,0.605,0.58,0.63,0.395,0.37,0.42,,,,
2026-01-06 07:57:08.059000+00:00,2026-01-06 07:57:08.255800+00:00,728.059,0.655,0.65,0.66,0.335,0.33,0.34,,,,
2026-01-06 07:57:09.118000+00:00,2026-01-06 07:57:09.280818+00:00,729.118,0.67,0.66,0.68,0.305,0.3,0.31,,,,
2026-01-06 07:57:10.111000+00:00,2026-01-06 07:57:10.291123+00:00,730.111,0.66,0.65,0.67,0.3349999999999999,0.32,0.35,,,,
2026-01-06 07:57:11.112000+00:00,2026-01-06 07:57:11.293181+00:00,731.112,0.66,0.65,0.67,0.3399999999999999,0.33,0.35,,,,
2026-01-06 07:57:12.135000+00:00,2026-01-06 07:57:12.312950+00:00,732.135,0.66,0.65,0.67,0.3399999999999999,0.33,0.35,,,,
2026-01-06 07:57:13.158000+00:00,2026-01-06 07:57:13.330080+00:00,733.158,0.685,0.68,0.69,0.315,0.31,0.32,,,,
2026-01-06 07:57:14.167000+00:00,2026-01-06 07:57:14.343434+00:00,734.167,0.675,0.67,0.68,0.325,0.32,0.33,,,,
2026-01-06 07:57:15.155000+00:00,2026-01-06 07:57:15.351898+00:00,735.155,0.6799999999999999,0.67,0.69,0.325,0.32,0.33,,,,
2026-01-06 07:57:16.179000+00:00,2026-01-06 07:57:16.348059+00:00,736.179,0.6799999999999999,0.67,0.69,0.32,0.31,0.33,,,,
2026-01-06 07:57:17.196000+00:00,2026-01-06 07:57:17.362535+00:00,737.196,0.6699999999999999,0.65,0.69,0.3349999999999999,0.32,0.35,,,,
2026-01-06 07:57:18.186000+00:00,2026-01-06 07:57:18.362007+00:00,738.186,0.655,0.65,0.66,0.345,0.34,0.35,,,,
2026-01-06 07:57:19.215000+00:00,2026-01-06 07:57:19.379206+00:00,739.215,0.685,0.68,0.69,0.315,0.31,0.32,,,,
2026-01-06 07:57:20.228000+00:00,2026-01-06 07:57:20.394957+00:00,740.228,0.745,0.74,0.75,0.255,0.25,0.26,,,,
2026-01-06 07:57:21.209000+00:00,2026-01-06 07:57:21.399699+00:00,741.209,0.71,0.7,0.72,0.29,0.28,0.3,,,,
2026-01-06 07:57:22.244000+00:00,2026-01-06 07:57:22.409621+00:00,742.244,0.695,0.69,0.7,0.3,0.29,0.31,,,,
2026-01-06 07:57:23.256000+00:00,2026-01-06 07:57:23.427679+00:00,743.256,0.695,0.69,0.7,0.305,0.3,0.31,,,,
2026-01-06 07:57:24.271000+00:00,2026-01-06 07:57:24.446320+00:00,744.271,0.675,0.67,0.68,0.325,0.32,0.33,,,,
2026-01-06 07:57:25.208000+00:00,2026-01-06 07:57:25.446374+00:00,745.208,0.675,0.67,0.68,0.325,0.32,0.33,,,,
2026-01-06 07:57:26.230000+00:00,2026-01-06 07:57:26.444794+00:00,746.23,0.69,0.68,0.7,0.315,0.31,0.32,,,,
2026-01-06 07:57:27.209000+00:00,2026-01-06 07:57:27.447265+00:00,747.209,0.695,0.69,0.7,0.305,0.3,0.31,,,,
2026-01-06 07:57:28.298000+00:00,2026-01-06 07:57:28.465330+00:00,748.298,0.71,0.7,0.72,0.29,0.28,0.3,,,,
2026-01-06 07:57:29.290000+00:00,2026-01-06 07:57:29.465756+00:00,749.29,0.715,0.71,0.72,0.285,0.28,0.29,,,,
2026-01-06 07:57:30.303000+00:00,2026-01-06 07:57:30.480050+00:00,750.303,0.705,0.7,0.71,0.295,0.29,0.3,,,,
2026-01-06 07:57:31.264000+00:00,2026-01-06 07:57:31.493952+00:00,751.264,0.705,0.7,0.71,0.29,0.28,0.3,,,,
2026-01-06 07:57:32.328000+00:00,2026-01-06 07:57:32.510417+00:00,752.328,0.715,0.71,0.72,0.285,0.28,0.29,,,,
2026-01-06 07:57:33.300000+00:00,2026-01-06 07:57:33.523276+00:00,753.3,0.715,0.71,0.72,0.285,0.28,0.29,,,,
2026-01-06 07:57:34.307000+00:00,2026-01-06 07:57:34.527611+00:00,754.307,0.715,0.71,0.72,0.275,0.27,0.28,,,,
2026-01-06 07:57:35.365000+00:00,2026-01-06 07:57:35.545430+00:00,755.365,0.695,0.69,0.7,0.305,0.3,0.31,,,,
2026-01-06 07:57:36.359000+00:00,2026-01-06 07:57:36.565051+00:00,756.359,0.695,0.69,0.7,0.305,0.3,0.31,,,,
2026-01-06 07:57:37.420000+00:00,2026-01-06 07:57:37.586730+00:00,757.42,0.695,0.69,0.7,0.305,0.3,0.31,,,,
2026-01-06 07:57:38.410000+00:00,2026-01-06 07:57:38.595048+00:00,758.41,0.7,0.69,0.71,0.3,0.29,0.31,,,,
2026-01-06 07:57:39.437000+00:00,2026-01-06 07:57:39.610136+00:00,759.437,0.705,0.7,0.71,0.295,0.29,0.3,,,,
2026-01-06 07:57:40.434000+00:00,2026-01-06 07:57:40.626232+00:00,760.434,0.695,0.69,0.7,0.305,0.3,0.31,,,,
2026-01-06 07:57:41.459000+00:00,2026-01-06 07:57:41.627936+00:00,761.459,0.7,0.69,0.71,0.295,0.29,0.3,,,,
2026-01-06 07:57:42.437000+00:00,2026-01-06 07:57:42.651696+00:00,762.437,0.705,0.7,0.71,0.295,0.29,0.3,,,,
2026-01-06 07:57:43.473000+00:00,2026-01-06 07:57:43.663336+00:00,763.473,0.695,0.69,0.7,0.305,0.3,0.31,,,,
2026-01-06 07:57:44.518000+00:00,2026-01-06 07:57:44.680423+00:00,764.518,0.695,0.69,0.7,0.305,0.3,0.31,,,,
2026-01-06 07:57:45.534000+00:00,2026-01-06 07:57:45.697427+00:00,765.534,0.695,0.69,0.7,0.305,0.3,0.31,,,,
2026-01-06 07:57:46.523000+00:00,2026-01-06 07:57:46.694806+00:00,766.523,0.685,0.68,0.69,0.315,0.31,0.32,,,,
2026-01-06 07:57:47.537000+00:00,2026-01-06 07:57:47.710386+00:00,767.537,0.685,0.68,0.69,0.315,0.31,0.32,,,,
2026-01-06 07:57:48.509000+00:00,2026-01-06 07:57:48.710252+00:00,768.509,0.695,0.69,0.7,0.305,0.3,0.31,,,,
2026-01-06 07:57:49.499000+00:00,2026-01-06 07:57:49.722959+00:00,769.499,0.705,0.7,0.71,0.295,0.29,0.3,,,,
2026-01-06 07:57:50.567000+00:00,2026-01-06 07:57:50.737217+00:00,770.567,0.725,0.72,0.73,0.275,0.27,0.28,,,,
2026-01-06 07:57:51.569000+00:00,2026-01-06 07:57:51.745280+00:00,771.569,0.735,0.73,0.74,0.265,0.26,0.27,,,,
2026-01-06 07:57:52.543000+00:00,2026-01-06 07:57:52.758027+00:00,772.543,0.725,0.72,0.73,0.275,0.27,0.28,,,,
2026-01-06 07:57:53.579000+00:00,2026-01-06 07:57:53.768078+00:00,773.579,0.725,0.72,0.73,0.27,0.26,0.28,,,,
2026-01-06 07:57:54.602000+00:00,2026-01-06 07:57:54.779303+00:00,774.602,0.735,0.73,0.74,0.265,0.26,0.27,,,,
2026-01-06 07:57:55.615000+00:00,2026-01-06 07:57:55.788438+00:00,775.615,0.735,0.73,0.74,0.265,0.26,0.27,,,,
2026-01-06 07:57:56.579000+00:00,2026-01-06 07:57:56.794153+00:00,776.579,0.735,0.73,0.74,0.265,0.26,0.27,,,,
2026-01-06 07:57:57.630000+00:00,2026-01-06 07:57:57.808345+00:00,777.63,0.735,0.73,0.74,0.255,0.25,0.26,,,,
2026-01-06 07:57:58.515000+00:00,2026-01-06 07:57:58.822220+00:00,778.515,0.735,0.73,0.74,0.265,0.26,0.27,,,,
2026-01-06 07:57:59.658000+00:00,2026-01-06 07:57:59.838825+00:00,779.658,0.735,0.73,0.74,0.265,0.26,0.27,,,,
2026-01-06 07:58:00.662000+00:00,2026-01-06 07:58:00.842443+00:00,780.662,0.735,0.73,0.74,0.265,0.26,0.27,,,,
2026-01-06 07:58:01.580000+00:00,2026-01-06 07:58:01.845082+00:00,781.58,0.745,0.74,0.75,0.255,0.25,0.26,,,,
2026-01-06 07:58:02.640000+00:00,2026-01-06 07:58:02.861332+00:00,782.64,0.745,0.73,0.76,0.25,0.24,0.26,,,,
2026-01-06 07:58:03.704000+00:00,2026-01-06 07:58:03.870454+00:00,783.704,0.75,0.74,0.76,0.275,0.27,0.28,,,,
2026-01-06 07:58:04.708000+00:00,2026-01-06 07:58:04.875275+00:00,784.708,0.695,0.69,0.7,0.305,0.3,0.31,,,,
2026-01-06 07:58:05.725000+00:00,2026-01-06 07:58:05.894139+00:00,785.725,0.705,0.7,0.71,0.295,0.29,0.3,,,,
2026-01-06 07:58:06.680000+00:00,2026-01-06 07:58:06.905042+00:00,786.68,0.705,0.7,0.71,0.3,0.29,0.31,,,,
2026-01-06 07:58:07.668000+00:00,2026-01-06 07:58:07.909542+00:00,787.668,0.695,0.69,0.7,0.305,0.3,0.31,,,,
2026-01-06 07:58:08.737000+00:00,2026-01-06 07:58:08.921791+00:00,788.737,0.695,0.69,0.7,0.305,0.3,0.31,,,,
2026-01-06 07:58:09.764000+00:00,2026-01-06 07:58:09.939838+00:00,789.764,0.71,0.7,0.72,0.285,0.28,0.29,,,,
2026-01-06 07:58:10.774000+00:00,2026-01-06 07:58:10.943572+00:00,790.774,0.72,0.7,0.74,0.285,0.28,0.29,,,,
2026-01-06 07:58:11.764000+00:00,2026-01-06 07:58:11.965339+00:00,791.764,0.72,0.71,0.73,0.28,0.27,0.29,,,,
2026-01-06 07:58:12.801000+00:00,2026-01-06 07:58:12.980385+00:00,792.801,0.72,0.71,0.73,0.28,0.27,0.29,,,,
2026-01-06 07:58:13.645000+00:00,2026-01-06 07:58:13.987534+00:00,793.645,0.725,0.72,0.73,0.275,0.27,0.28,,,,
2026-01-06 07:58:14.829000+00:00,2026-01-06 07:58:14.993756+00:00,794.829,0.725,0.72,0.73,0.275,0.27,0.28,,,,
2026-01-06 07:58:15.809000+00:00,2026-01-06 07:58:16.006314+00:00,795.809,0.73,0.71,0.75,0.255,0.25,0.26,,,,
2026-01-06 07:58:16.867000+00:00,2026-01-06 07:58:17.033563+00:00,796.867,0.755,0.74,0.77,0.25,0.24,0.26,,,,
2026-01-06 07:58:17.732000+00:00,2026-01-06 07:58:18.043021+00:00,797.732,0.735,0.72,0.75,0.265,0.25,0.28,,,,
2026-01-06 07:58:18.866000+00:00,2026-01-06 07:58:19.055791+00:00,798.866,0.735,0.73,0.74,0.235,0.23,0.24,,,,
2026-01-06 07:58:19.897000+00:00,2026-01-06 07:58:20.071911+00:00,799.897,0.765,0.76,0.77,0.235,0.23,0.24,,,,
2026-01-06 07:58:20.896000+00:00,2026-01-06 07:58:21.087977+00:00,800.896,0.765,0.76,0.77,0.235,0.23,0.24,,,,
2026-01-06 07:58:21.841000+00:00,2026-01-06 07:58:22.091648+00:00,801.841,0.755,0.75,0.76,0.245,0.24,0.25,,,,
2026-01-06 07:58:22.856000+00:00,2026-01-06 07:58:23.099956+00:00,802.856,0.745,0.74,0.75,0.255,0.25,0.26,,,,
2026-01-06 07:58:23.882000+00:00,2026-01-06 07:58:24.122187+00:00,803.882,0.755,0.75,0.76,0.245,0.24,0.25,,,,
2026-01-06 07:58:24.922000+00:00,2026-01-06 07:58:25.126445+00:00,804.922,0.755,0.75,0.76,0.245,0.24,0.25,,,,
2026-01-06 07:58:25.954000+00:00,2026-01-06 07:58:26.120359+00:00,805.954,0.76,0.75,0.77,0.24,0.23,0.25,,,,
2026-01-06 07:58:26.970000+00:00,2026-01-06 07:58:27.137646+00:00,806.97,0.76,0.75,0.77,0.24,0.23,0.25,,,,
2026-01-06 07:58:27.968000+00:00,2026-01-06 07:58:28.139290+00:00,807.968,0.76,0.75,0.77,0.24,0.23,0.25,,,,
2026-01-06 07:58:28.974000+00:00,2026-01-06 07:58:29.136938+00:00,808.974,0.76,0.75,0.77,0.24,0.23,0.25,,,,
2026-01-06 07:58:29.976000+00:00,2026-01-06 07:58:30.155340+00:00,809.976,0.755,0.75,0.76,0.245,0.24,0.25,,,,
2026-01-06 07:58:30.968000+00:00,2026-01-06 07:58:31.165297+00:00,810.968,0.76,0.75,0.77,0.24,0.23,0.25,,,,
2026-01-06 07:58:32.845000+00:00,2026-01-06 07:58:33.193145+00:00,812.845,0.76,0.75,0.77,0.24,0.23,0.25,,,,
2026-01-06 07:58:33.881000+00:00,2026-01-06 07:58:34.200637+00:00,813.881,0.76,0.75,0.77,0.24,0.23,0.25,,,,
2026-01-06 07:58:34.680000+00:00,2026-01-06 07:58:35.210168+00:00,814.68,0.76,0.75,0.77,0.24,0.23,0.25,,,,
2026-01-06 07:58:36.046000+00:00,2026-01-06 07:58:36.222008+00:00,816.046,0.765,0.76,0.77,0.235,0.23,0.24,,,,
2026-01-06 07:58:37.869000+00:00,2026-01-06 07:58:38.244684+00:00,817.869,0.76,0.75,0.77,0.2299999999999999,0.22,0.24,,,,
2026-01-06 07:58:39.071000+00:00,2026-01-06 07:58:39.242017+00:00,819.071,0.775,0.77,0.78,0.225,0.22,0.23,,,,
2026-01-06 07:58:40.858000+00:00,2026-01-06 07:58:41.267344+00:00,820.858,0.775,0.77,0.78,0.225,0.22,0.23,,,,
2026-01-06 07:58:42.990000+00:00,2026-01-06 07:58:43.286357+00:00,822.99,0.77,0.76,0.78,0.2299999999999999,0.22,0.24,,,,
2026-01-06 07:58:43.892000+00:00,2026-01-06 07:58:44.277641+00:00,823.892,0.775,0.77,0.78,0.225,0.22,0.23,,,,
2026-01-06 07:58:44.909000+00:00,2026-01-06 07:58:45.288375+00:00,824.909,0.775,0.77,0.78,0.225,0.22,0.23,,,,
2026-01-06 07:58:45.903000+00:00,2026-01-06 07:58:46.309655+00:00,825.903,0.775,0.77,0.78,0.225,0.22,0.23,,,,
2026-01-06 07:58:47.144000+00:00,2026-01-06 07:58:47.321246+00:00,827.144,0.77,0.76,0.78,0.2299999999999999,0.22,0.24,,,,
2026-01-06 07:58:48.112000+00:00,2026-01-06 07:58:48.344879+00:00,828.112,0.77,0.76,0.78,0.2299999999999999,0.22,0.24,,,,
2026-01-06 07:58:49.147000+00:00,2026-01-06 07:58:49.346508+00:00,829.147,0.775,0.77,0.78,0.225,0.22,0.23,,,,
2026-01-06 07:58:50.200000+00:00,2026-01-06 07:58:50.364638+00:00,830.2,0.775,0.77,0.78,0.225,0.22,0.23,,,,
2026-01-06 07:58:51.184000+00:00,2026-01-06 07:58:51.361700+00:00,831.184,0.775,0.77,0.78,0.225,0.22,0.23,,,,
2026-01-06 07:58:52.157000+00:00,2026-01-06 07:58:52.368876+00:00,832.157,0.775,0.77,0.78,0.22,0.21,0.23,,,,
2026-01-06 07:58:53.211000+00:00,2026-01-06 07:58:53.377823+00:00,833.211,0.785,0.78,0.79,0.215,0.21,0.22,,,,
2026-01-06 07:58:54.211000+00:00,2026-01-06 07:58:54.382902+00:00,834.211,0.785,0.78,0.79,0.22,0.21,0.23,,,,
2026-01-06 07:58:55.106000+00:00,2026-01-06 07:58:55.385800+00:00,835.106,0.785,0.78,0.79,0.215,0.21,0.22,,,,
2026-01-06 07:58:56.206000+00:00,2026-01-06 07:58:56.393830+00:00,836.206,0.79,0.78,0.8,0.21,0.2,0.22,,,,
2026-01-06 07:58:57.114000+00:00,2026-01-06 07:58:57.400514+00:00,837.114,0.79,0.78,0.8,0.21,0.2,0.22,,,,
2026-01-06 07:58:58.202000+00:00,2026-01-06 07:58:58.407796+00:00,838.202,0.79,0.78,0.8,0.21,0.2,0.22,,,,
2026-01-06 07:58:59.235000+00:00,2026-01-06 07:58:59.409072+00:00,839.235,0.79,0.78,0.8,0.21,0.2,0.22,,,,
2026-01-06 07:59:00.423000+00:00,2026-01-06 07:59:00.623377+00:00,840.423,0.79,0.78,0.8,0.21,0.2,0.22,,,,
2026-01-06 07:59:01.167000+00:00,2026-01-06 07:59:01.436754+00:00,841.167,0.795,0.78,0.81,0.205,0.19,0.22,,,,
2026-01-06 07:59:02.180000+00:00,2026-01-06 07:59:02.436552+00:00,842.18,0.805,0.8,0.81,0.195,0.19,0.2,,,,
2026-01-06 07:59:03.179000+00:00,2026-01-06 07:59:03.457003+00:00,843.179,0.815,0.81,0.82,0.18,0.17,0.19,,,,
2026-01-06 07:59:04.286000+00:00,2026-01-06 07:59:04.452636+00:00,844.286,0.745,0.73,0.76,0.255,0.24,0.27,,,,
2026-01-06 07:59:05.283000+00:00,2026-01-06 07:59:05.461490+00:00,845.283,0.765,0.75,0.78,0.235,0.22,0.25,,,,
2026-01-06 07:59:06.297000+00:00,2026-01-06 07:59:06.469905+00:00,846.297,0.765,0.75,0.78,0.235,0.22,0.25,,,,
2026-01-06 07:59:07.297000+00:00,2026-01-06 07:59:07.469277+00:00,847.297,0.77,0.76,0.78,0.2299999999999999,0.22,0.24,,,,
2026-01-06 07:59:08.300000+00:00,2026-01-06 07:59:08.474215+00:00,848.3,0.79,0.78,0.8,0.21,0.2,0.22,,,,
2026-01-06 07:59:09.280000+00:00,2026-01-06 07:59:09.474616+00:00,849.28,0.795,0.79,0.8,0.205,0.2,0.21,,,,
2026-01-06 07:59:10.239000+00:00,2026-01-06 07:59:10.481441+00:00,850.239,0.795,0.79,0.8,0.205,0.2,0.21,,,,
2026-01-06 07:59:11.160000+00:00,2026-01-06 07:59:11.485637+00:00,851.16,0.81,0.8,0.82,0.19,0.18,0.2,,,,
2026-01-06 07:59:12.299000+00:00,2026-01-06 07:59:12.488362+00:00,852.299,0.8049999999999999,0.79,0.82,0.19,0.17,0.21,,,,
2026-01-06 07:59:13.338000+00:00,2026-01-06 07:59:13.503046+00:00,853.338,0.825,0.82,0.83,0.175,0.17,0.18,,,,
2026-01-06 07:59:14.328000+00:00,2026-01-06 07:59:14.502091+00:00,854.328,0.815,0.81,0.82,0.18,0.17,0.19,,,,
2026-01-06 07:59:15.354000+00:00,2026-01-06 07:59:15.520152+00:00,855.354,0.815,0.8,0.83,0.185,0.17,0.2,,,,
2026-01-06 07:59:16.327000+00:00,2026-01-06 07:59:16.519898+00:00,856.327,0.8200000000000001,0.81,0.83,0.18,0.17,0.19,,,,
2026-01-06 07:59:17.267000+00:00,2026-01-06 07:59:17.518369+00:00,857.267,0.83,0.82,0.84,0.165,0.16,0.17,,,,
2026-01-06 07:59:18.369000+00:00,2026-01-06 07:59:18.535483+00:00,858.369,0.845,0.84,0.85,0.155,0.15,0.16,,,,
2026-01-06 07:59:19.391000+00:00,2026-01-06 07:59:19.553037+00:00,859.391,0.845,0.84,0.85,0.155,0.15,0.16,,,,
2026-01-06 07:59:20.392000+00:00,2026-01-06 07:59:20.557924+00:00,860.392,0.845,0.84,0.85,0.155,0.15,0.16,,,,
2026-01-06 07:59:21.345000+00:00,2026-01-06 07:59:21.556943+00:00,861.345,0.845,0.84,0.85,0.155,0.15,0.16,,,,
2026-01-06 07:59:22.246000+00:00,2026-01-06 07:59:22.569536+00:00,862.246,0.845,0.84,0.85,0.155,0.15,0.16,,,,
2026-01-06 07:59:23.402000+00:00,2026-01-06 07:59:23.590329+00:00,863.402,0.845,0.84,0.85,0.155,0.15,0.16,,,,
2026-01-06 07:59:24.239000+00:00,2026-01-06 07:59:24.589449+00:00,864.239,0.845,0.84,0.85,0.155,0.15,0.16,,,,
2026-01-06 07:59:25.418000+00:00,2026-01-06 07:59:25.589617+00:00,865.418,0.845,0.84,0.85,0.155,0.15,0.16,,,,
2026-01-06 07:59:26.423000+00:00,2026-01-06 07:59:26.602964+00:00,866.423,0.845,0.84,0.85,0.155,0.15,0.16,,,,
2026-01-06 07:59:27.438000+00:00,2026-01-06 07:59:27.604845+00:00,867.438,0.845,0.84,0.85,0.155,0.15,0.16,,,,
2026-01-06 07:59:28.407000+00:00,2026-01-06 07:59:28.607459+00:00,868.407,0.845,0.84,0.85,0.155,0.15,0.16,,,,
2026-01-06 07:59:29.457000+00:00,2026-01-06 07:59:29.619399+00:00,869.457,0.845,0.84,0.85,0.155,0.15,0.16,,,,
2026-01-06 07:59:30.465000+00:00,2026-01-06 07:59:30.630844+00:00,870.465,0.845,0.84,0.85,0.155,0.15,0.16,,,,
2026-01-06 07:59:31.463000+00:00,2026-01-06 07:59:31.635304+00:00,871.463,0.755,0.72,0.79,0.22,0.21,0.23,,,,
2026-01-06 07:59:32.487000+00:00,2026-01-06 07:59:32.652257+00:00,872.487,0.785,0.76,0.81,0.205,0.17,0.24,,,,
2026-01-06 07:59:33.447000+00:00,2026-01-06 07:59:33.652390+00:00,873.447,0.845,0.84,0.85,0.155,0.15,0.16,,,,
2026-01-06 07:59:34.487000+00:00,2026-01-06 07:59:34.667286+00:00,874.487,0.8049999999999999,0.79,0.82,0.2,0.19,0.21,,,,
2026-01-06 07:59:35.505000+00:00,2026-01-06 07:59:35.675454+00:00,875.505,0.8049999999999999,0.78,0.83,0.19,0.17,0.21,,,,
2026-01-06 07:59:36.464000+00:00,2026-01-06 07:59:36.695523+00:00,876.464,0.81,0.79,0.83,0.195,0.18,0.21,,,,
2026-01-06 07:59:37.531000+00:00,2026-01-06 07:59:37.705782+00:00,877.531,0.8,0.79,0.81,0.2,0.19,0.21,,,,
2026-01-06 07:59:38.516000+00:00,2026-01-06 07:59:38.713999+00:00,878.516,0.795,0.78,0.81,0.205,0.19,0.22,,,,
2026-01-06 07:59:39.573000+00:00,2026-01-06 07:59:39.724392+00:00,879.573,0.795,0.78,0.81,0.2,0.19,0.21,,,,
2026-01-06 07:59:40.571000+00:00,2026-01-06 07:59:40.747983+00:00,880.571,0.815,0.8,0.83,0.195,0.19,0.2,,,,
2026-01-06 07:59:41.579000+00:00,2026-01-06 07:59:41.748194+00:00,881.579,0.855,0.85,0.86,0.145,0.14,0.15,,,,
2026-01-06 07:59:42.571000+00:00,2026-01-06 07:59:42.749842+00:00,882.571,0.845,0.84,0.85,0.155,0.15,0.16,,,,
2026-01-06 07:59:43.321000+00:00,2026-01-06 07:59:43.773506+00:00,883.321,0.8200000000000001,0.8,0.84,0.18,0.16,0.2,,,,
2026-01-06 07:59:44.602000+00:00,2026-01-06 07:59:44.775085+00:00,884.602,0.8200000000000001,0.8,0.84,0.18,0.16,0.2,,,,
2026-01-06 07:59:45.621000+00:00,2026-01-06 07:59:45.784194+00:00,885.621,0.86,0.82,0.9,0.14,0.1,0.18,,,,
2026-01-06 07:59:46.621000+00:00,2026-01-06 07:59:46.797638+00:00,886.621,0.895,0.89,0.9,0.15,0.1,0.2,,,,
2026-01-06 07:59:47.489000+00:00,2026-01-06 07:59:47.817954+00:00,887.489,0.91,0.9,0.92,0.09,0.08,0.1,,,,
2026-01-06 07:59:48.656000+00:00,2026-01-06 07:59:48.824030+00:00,888.656,0.905,0.9,0.91,0.09,0.08,0.1,,,,
2026-01-06 07:59:49.662000+00:00,2026-01-06 07:59:49.843258+00:00,889.662,0.915,0.9,0.93,0.085,0.07,0.1,,,,
2026-01-06 07:59:50.666000+00:00,2026-01-06 07:59:50.856436+00:00,890.666,0.855,0.8,0.91,0.195,0.19,0.2,,,,
2026-01-06 07:59:51.659000+00:00,2026-01-06 07:59:51.864692+00:00,891.659,0.885,0.83,0.94,0.06,0.05,0.07,,,,
2026-01-06 07:59:52.632000+00:00,2026-01-06 07:59:52.857554+00:00,892.632,0.795,0.79,0.8,0.125,0.04,0.21,,,,
2026-01-06 07:59:53.708000+00:00,2026-01-06 07:59:53.868982+00:00,893.708,0.955,0.94,0.97,0.045,0.03,0.06,,,,
2026-01-06 07:59:54.648000+00:00,2026-01-06 07:59:54.882410+00:00,894.648,0.955,0.94,0.97,0.045,0.03,0.06,,,,
2026-01-06 07:59:55.703000+00:00,2026-01-06 07:59:55.881809+00:00,895.703,0.945,0.92,0.97,0.055,0.03,0.08,,,,
2026-01-06 07:59:56.581000+00:00,2026-01-06 07:59:56.877320+00:00,896.581,0.955,0.94,0.97,0.04,0.03,0.05,,,,
2026-01-06 07:59:57.670000+00:00,2026-01-06 07:59:57.901293+00:00,897.67,0.985,0.98,0.99,0.015,0.01,0.02,,,,
2026-01-06 07:59:58.661000+00:00,2026-01-06 07:59:58.904648+00:00,898.661,0.985,0.98,0.99,0.015,0.01,0.02,,,,
2026-01-06 07:59:59.687000+00:00,2026-01-06 07:59:59.934193+00:00,899.687,0.985,0.98,0.99,0.015,0.01,0.02,,,,
