timestamp,collected_at,seconds,up_mid,up_best_bid,up_best_ask,down_mid,down_best_bid,down_best_ask,up_best_bid_size,up_best_ask_size,down_best_bid_size,down_best_ask_size,up_bid_2,up_bid_2_size,up_ask_2,up_ask_2_size,up_bid_3,up_bid_3_size,up_ask_3,up_ask_3_size,up_bid_4,up_bid_4_size,up_ask_4,up_ask_4_size,up_bid_5,up_bid_5_size,up_ask_5,up_ask_5_size,up_bid_6,up_bid_6_size,up_ask_6,up_ask_6_size,down_bid_2,down_bid_2_size,down_ask_2,down_ask_2_size,down_bid_3,down_bid_3_size,down_ask_3,down_ask_3_size,down_bid_4,down_bid_4_size,down_ask_4,down_ask_4_size,down_bid_5,down_bid_5_size,down_ask_5,down_ask_5_size,down_bid_6,down_bid_6_size,down_ask_6,down_ask_6_size
2026-01-07 04:30:00.314000+00:00,2026-01-07 04:29:57.687311+00:00,0.314,0.01,,0.01,0.99,0.99,,,4577.09,9577.09,,,,0.02,110.4,,,0.03,200.0,,,0.05,35.0,,,0.06,10.36,,,0.07,16.0,0.98,110.4,,,0.97,200.0,,,0.95,35.0,,,0.94,10.36,,,0.93,16.0,,
2026-01-07 04:30:01.713000+00:00,2026-01-07 04:29:59.686426+00:00,1.713,0.01,,0.01,0.99,0.99,,,91750.21,91750.21,,,,0.02,110.4,,,0.03,200.0,,,0.05,35.0,,,0.06,10.36,,,0.07,16.0,0.98,110.4,,,0.97,200.0,,,0.95,35.0,,,0.94,10.36,,,0.93,16.0,,
2026-01-07 04:30:03.362000+00:00,2026-01-07 04:30:00.694919+00:00,3.362,0.53,0.52,0.54,0.47,0.46,0.48,914.53,32.97,32.97,914.53,0.51,931.71,0.55,90.0,0.5,503.01,0.56,5.0,0.49,422.61,0.59,40.0,0.48,20.0,0.6,250.0,0.47,10.0,0.61,5.0,0.45,90.0,0.49,931.71,0.44,5.0,0.5,503.01,0.41,40.0,0.51,422.61,0.4,250.0,0.52,20.0,0.39,5.0,0.53,10.0
2026-01-07 04:30:04.345000+00:00,2026-01-07 04:30:01.718507+00:00,4.345,0.525,0.52,0.53,0.475,0.47,0.48,929.53,51.75,66.75,899.53,0.51,931.71,0.54,12.97,0.5,518.01,0.55,95.0,0.49,422.61,0.59,40.0,0.48,20.0,0.6,250.0,0.47,10.0,0.61,20.0,0.46,12.97,0.49,931.71,0.45,95.0,0.5,548.01,0.41,40.0,0.51,452.61,0.4,250.0,0.52,20.0,0.39,20.0,0.53,10.0
2026-01-07 04:30:05.218000+00:00,2026-01-07 04:30:02.739184+00:00,5.218,0.525,0.52,0.53,0.475,0.47,0.48,599.53,66.75,66.75,599.53,0.51,931.71,0.54,12.97,0.5,563.01,0.55,110.0,0.49,452.61,0.59,55.0,0.48,35.0,0.6,270.0,0.47,10.0,0.61,5.0,0.46,12.97,0.49,931.71,0.45,110.0,0.5,563.01,0.41,55.0,0.51,452.61,0.4,270.0,0.52,35.0,0.39,5.0,0.53,10.0
2026-01-07 04:30:06.365000+00:00,2026-01-07 04:30:03.739124+00:00,6.365,0.525,0.52,0.53,0.475,0.47,0.48,609.53,30.0,30.0,609.53,0.51,976.71,0.54,47.97,0.5,563.01,0.55,105.0,0.49,437.61,0.56,5.0,0.48,20.0,0.59,40.0,0.47,10.0,0.6,270.0,0.46,47.97,0.49,976.71,0.45,105.0,0.5,563.01,0.44,5.0,0.51,437.61,0.41,40.0,0.52,20.0,0.4,270.0,0.53,10.0
2026-01-07 04:30:07.402000+00:00,2026-01-07 04:30:04.746081+00:00,7.402,0.525,0.52,0.53,0.475,0.47,0.48,599.53,5.37,5.37,599.53,0.51,991.71,0.54,52.97,0.5,563.01,0.55,140.0,0.49,437.61,0.56,35.0,0.48,20.0,0.59,40.0,0.47,10.0,0.6,270.0,0.46,52.97,0.49,991.71,0.45,140.0,0.5,563.01,0.44,35.0,0.51,437.61,0.41,40.0,0.52,20.0,0.4,270.0,0.53,10.0
2026-01-07 04:30:08.307000+00:00,2026-01-07 04:30:05.754250+00:00,8.307,0.525,0.52,0.53,0.475,0.47,0.48,571.53,5.37,5.37,571.53,0.51,991.71,0.54,52.97,0.5,563.01,0.55,105.0,0.49,437.61,0.56,35.0,0.48,20.0,0.59,40.0,0.47,10.0,0.6,270.0,0.46,52.97,0.49,991.71,0.45,105.0,0.5,563.01,0.44,35.0,0.51,437.61,0.41,40.0,0.52,20.0,0.4,270.0,0.53,10.0
2026-01-07 04:30:09.372000+00:00,2026-01-07 04:30:06.777650+00:00,9.372,0.525,0.52,0.53,0.475,0.47,0.48,571.53,5.37,5.37,571.53,0.51,1148.71,0.54,87.97,0.5,695.01,0.55,115.0,0.49,594.61,0.56,157.0,0.48,177.0,0.57,157.0,0.47,45.0,0.58,157.0,0.46,87.97,0.49,1148.71,0.45,115.0,0.5,695.01,0.44,157.0,0.51,594.61,0.43,157.0,0.52,177.0,0.42,157.0,0.53,45.0
2026-01-07 04:30:10.461000+00:00,2026-01-07 04:30:07.784494+00:00,10.461,0.535,0.53,0.54,0.46499999999999997,0.46,0.47,183.0,60.97,75.97,198.0,0.52,995.53,0.55,127.0,0.51,1327.71,0.56,83.0,0.5,877.01,0.57,35.0,0.49,776.61,0.58,35.0,0.48,238.0,0.59,223.0,0.45,152.0,0.48,1004.53,0.44,94.0,0.49,1302.71,0.43,35.0,0.5,867.01,0.42,35.0,0.51,776.61,0.41,223.0,0.52,203.0
2026-01-07 04:30:11.288000+00:00,2026-01-07 04:30:08.792556+00:00,11.288,0.535,0.53,0.54,0.46499999999999997,0.46,0.47,188.0,59.97,59.97,183.0,0.52,1039.53,0.55,152.0,0.51,1302.71,0.56,94.0,0.5,902.01,0.57,35.0,0.49,776.61,0.58,35.0,0.48,238.0,0.59,258.0,0.45,152.0,0.48,1039.53,0.44,94.0,0.49,1302.71,0.43,35.0,0.5,902.01,0.42,35.0,0.51,776.61,0.41,258.0,0.52,238.0
2026-01-07 04:30:12.324000+00:00,2026-01-07 04:30:09.800504+00:00,12.324,0.535,0.53,0.54,0.46499999999999997,0.46,0.47,198.0,59.97,59.97,183.0,0.52,1032.53,0.55,152.0,0.51,1302.71,0.56,94.0,0.5,902.01,0.57,35.0,0.49,776.61,0.58,35.0,0.48,238.0,0.59,258.0,0.45,152.0,0.48,1032.53,0.44,94.0,0.49,1302.71,0.43,35.0,0.5,902.01,0.42,35.0,0.51,776.61,0.41,258.0,0.52,238.0
2026-01-07 04:30:13.291000+00:00,2026-01-07 04:30:10.822304+00:00,13.291,0.535,0.53,0.54,0.46499999999999997,0.46,0.47,198.0,59.97,59.97,183.0,0.52,1032.53,0.55,152.0,0.51,1302.71,0.56,94.0,0.5,902.01,0.57,35.0,0.49,776.61,0.58,35.0,0.48,238.0,0.59,258.0,0.45,152.0,0.48,1032.53,0.44,94.0,0.49,1302.71,0.43,35.0,0.5,902.01,0.42,35.0,0.51,776.61,0.41,258.0,0.52,238.0
2026-01-07 04:30:14.491000+00:00,2026-01-07 04:30:11.826776+00:00,14.491,0.545,0.54,0.55,0.455,0.45,0.46,82.52,95.0,100.0,77.52,0.53,326.0,0.56,224.0,0.52,1028.02,0.57,47.0,0.51,1432.71,0.58,10.0,0.5,887.01,0.59,258.0,0.49,651.61,0.6,609.0,0.44,219.0,0.47,331.0,0.43,47.0,0.48,1028.02,0.42,10.0,0.49,1432.71,0.41,258.0,0.5,887.01,0.4,609.0,0.51,651.61
2026-01-07 04:30:15.471000+00:00,2026-01-07 04:30:12.848262+00:00,15.471,0.535,0.53,0.54,0.46499999999999997,0.46,0.47,5.0,92.5,92.5,5.0,0.52,736.02,0.55,268.0,0.51,1286.71,0.56,427.0,0.5,887.01,0.57,351.0,0.49,674.61,0.58,339.0,0.48,359.0,0.59,379.0,0.45,268.0,0.48,736.02,0.44,427.0,0.49,1286.71,0.43,351.0,0.5,887.01,0.42,339.0,0.51,674.61,0.41,379.0,0.52,359.0
2026-01-07 04:30:16.510000+00:00,2026-01-07 04:30:13.855394+00:00,16.51,0.535,0.53,0.54,0.46499999999999997,0.46,0.47,80.0,40.6,45.6,80.0,0.52,703.53,0.55,303.0,0.51,1103.71,0.56,439.0,0.5,766.01,0.57,339.0,0.49,674.61,0.58,339.0,0.48,359.0,0.59,379.0,0.45,303.0,0.48,703.53,0.44,439.0,0.49,1103.71,0.43,339.0,0.5,766.01,0.42,339.0,0.51,674.61,0.41,379.0,0.52,359.0
2026-01-07 04:30:17.550000+00:00,2026-01-07 04:30:14.861243+00:00,17.55,0.535,0.53,0.54,0.46499999999999997,0.46,0.47,5.0,133.1,60.6,80.0,0.52,885.02,0.55,162.0,0.51,1158.71,0.56,184.0,0.5,887.01,0.57,218.0,0.49,674.61,0.58,339.0,0.48,359.0,0.59,379.0,0.45,161.0,0.48,877.53,0.44,172.0,0.49,1143.71,0.43,218.0,0.5,887.01,0.42,339.0,0.51,674.61,0.41,379.0,0.52,359.0
2026-01-07 04:30:18.507000+00:00,2026-01-07 04:30:15.867319+00:00,18.507,0.535,0.53,0.54,0.46499999999999997,0.46,0.47,99.0,41.89,41.89,99.0,0.52,874.53,0.55,215.0,0.51,1134.71,0.56,154.0,0.5,887.01,0.57,230.0,0.49,764.61,0.58,339.0,0.48,359.0,0.59,379.0,0.45,215.0,0.48,874.53,0.44,154.0,0.49,1134.71,0.43,230.0,0.5,887.01,0.42,339.0,0.51,764.61,0.41,379.0,0.52,359.0
2026-01-07 04:30:19.035000+00:00,2026-01-07 04:30:16.887230+00:00,19.035,0.535,0.53,0.54,0.46499999999999997,0.46,0.47,99.0,41.89,41.89,99.0,0.52,874.53,0.55,215.0,0.51,1134.71,0.56,154.0,0.5,887.01,0.57,230.0,0.49,764.61,0.58,339.0,0.48,359.0,0.59,379.0,0.45,215.0,0.48,874.53,0.44,154.0,0.49,1134.71,0.43,230.0,0.5,887.01,0.42,339.0,0.51,764.61,0.41,379.0,0.52,359.0
2026-01-07 04:30:20.573000+00:00,2026-01-07 04:30:17.895594+00:00,20.573,0.535,0.53,0.54,0.46499999999999997,0.46,0.47,104.0,36.89,36.89,104.0,0.52,889.53,0.55,130.0,0.51,1119.71,0.56,154.0,0.5,887.01,0.57,230.0,0.49,674.61,0.58,339.0,0.48,359.0,0.59,379.0,0.45,130.0,0.48,889.53,0.44,154.0,0.49,1119.71,0.43,230.0,0.5,887.01,0.42,339.0,0.51,674.61,0.41,379.0,0.52,359.0
2026-01-07 04:30:21.499000+00:00,2026-01-07 04:30:18.917355+00:00,21.499,0.535,0.53,0.54,0.46499999999999997,0.46,0.47,99.0,33.89,33.89,99.0,0.52,889.53,0.55,130.0,0.51,1119.71,0.56,154.0,0.5,887.01,0.57,230.0,0.49,674.61,0.58,339.0,0.48,359.0,0.59,379.0,0.45,130.0,0.48,889.53,0.44,154.0,0.49,1119.71,0.43,230.0,0.5,887.01,0.42,339.0,0.51,674.61,0.41,379.0,0.52,359.0
2026-01-07 04:30:22.556000+00:00,2026-01-07 04:30:19.919619+00:00,22.556,0.535,0.53,0.54,0.46499999999999997,0.46,0.47,84.1,22.55,22.55,84.1,0.52,889.53,0.55,130.0,0.51,1119.71,0.56,244.0,0.5,887.01,0.57,230.0,0.49,674.61,0.58,339.0,0.48,449.0,0.59,379.0,0.45,130.0,0.48,889.53,0.44,244.0,0.49,1119.71,0.43,230.0,0.5,887.01,0.42,339.0,0.51,674.61,0.41,379.0,0.52,449.0
2026-01-07 04:30:23.401000+00:00,2026-01-07 04:30:20.922847+00:00,23.401,0.535,0.53,0.54,0.46499999999999997,0.46,0.47,7.0,125.05,135.05,7.0,0.52,837.02,0.55,189.0,0.51,1194.71,0.56,157.0,0.5,899.01,0.57,218.0,0.49,674.61,0.58,339.0,0.48,359.0,0.59,379.0,0.45,189.0,0.48,837.02,0.44,157.0,0.49,1194.71,0.43,218.0,0.5,899.01,0.42,339.0,0.51,674.61,0.41,379.0,0.52,359.0
2026-01-07 04:30:24.597000+00:00,2026-01-07 04:30:21.945182+00:00,24.597,0.53,0.52,0.54,0.47,0.46,0.48,831.49,128.07,113.68,831.49,0.51,1194.71,0.55,279.0,0.5,899.01,0.56,67.0,0.49,674.61,0.57,218.0,0.48,359.0,0.58,339.0,0.47,404.0,0.59,379.0,0.45,267.0,0.49,1194.71,0.44,67.0,0.5,899.01,0.43,218.0,0.51,674.61,0.42,339.0,0.52,359.0,0.41,379.0,0.53,404.0
2026-01-07 04:30:25.590000+00:00,2026-01-07 04:30:22.964132+00:00,25.59,0.53,0.52,0.54,0.47,0.46,0.48,879.49,76.35,74.3,879.49,0.51,1158.71,0.55,389.0,0.5,887.01,0.56,322.0,0.49,674.61,0.57,339.0,0.48,359.0,0.58,339.0,0.47,404.0,0.59,440.0,0.45,384.0,0.49,1158.71,0.44,322.0,0.5,887.01,0.43,339.0,0.51,674.61,0.42,339.0,0.52,359.0,0.41,440.0,0.53,404.0
2026-01-07 04:30:26.541000+00:00,2026-01-07 04:30:23.982772+00:00,26.541,0.53,0.52,0.54,0.47,0.46,0.48,696.49,69.0,94.0,696.49,0.51,1037.71,0.55,445.0,0.5,766.01,0.56,383.0,0.49,674.61,0.57,339.0,0.48,359.0,0.58,339.0,0.47,404.0,0.59,440.0,0.45,445.0,0.49,1037.71,0.44,383.0,0.5,766.01,0.43,339.0,0.51,674.61,0.42,339.0,0.52,359.0,0.41,440.0,0.53,314.0
2026-01-07 04:30:27.064000+00:00,2026-01-07 04:30:25.002985+00:00,27.064,0.53,0.52,0.54,0.47,0.46,0.48,696.49,84.0,84.0,696.49,0.51,1037.71,0.55,445.0,0.5,766.01,0.56,383.0,0.49,764.61,0.57,339.0,0.48,359.0,0.58,339.0,0.47,314.0,0.59,440.0,0.45,445.0,0.49,1037.71,0.44,383.0,0.5,766.01,0.43,339.0,0.51,764.61,0.42,339.0,0.52,359.0,0.41,440.0,0.53,314.0
2026-01-07 04:30:28.549000+00:00,2026-01-07 04:30:26.026764+00:00,28.549,0.53,0.52,0.54,0.46499999999999997,0.46,0.47,696.49,32.5,1.35,75.0,0.51,1037.71,0.55,450.0,0.5,766.01,0.56,398.0,0.49,764.61,0.57,339.0,0.48,359.0,0.58,339.0,0.47,314.0,0.59,440.0,0.45,453.0,0.48,679.0,0.44,410.0,0.49,1037.71,0.43,339.0,0.5,766.01,0.42,339.0,0.51,764.61,0.41,379.0,0.52,359.0
2026-01-07 04:30:29.695000+00:00,2026-01-07 04:30:27.032713+00:00,29.695,0.535,0.53,0.54,0.46499999999999997,0.46,0.47,183.0,87.5,87.5,183.0,0.52,896.49,0.55,228.0,0.51,1329.71,0.56,118.0,0.5,856.01,0.57,218.0,0.49,674.61,0.58,339.0,0.48,359.0,0.59,379.0,0.45,243.0,0.48,896.49,0.44,103.0,0.49,1329.71,0.43,218.0,0.5,856.01,0.42,339.0,0.51,674.61,0.41,379.0,0.52,359.0
2026-01-07 04:30:30.685000+00:00,2026-01-07 04:30:28.039722+00:00,30.685,0.535,0.53,0.54,0.46499999999999997,0.46,0.47,247.36,15.0,72.5,177.36,0.52,886.0,0.55,222.0,0.51,1317.71,0.56,142.0,0.5,856.01,0.57,218.0,0.49,674.61,0.58,339.0,0.48,359.0,0.59,379.0,0.45,198.0,0.48,903.49,0.44,142.0,0.49,1317.71,0.43,230.0,0.5,856.01,0.42,339.0,0.51,674.61,0.41,379.0,0.52,359.0
2026-01-07 04:30:31.674000+00:00,2026-01-07 04:30:29.044690+00:00,31.674,0.535,0.53,0.54,0.475,0.47,0.48,172.36,396.5,220.0,534.0,0.52,717.0,0.55,393.0,0.51,1114.71,0.56,323.0,0.5,962.5,0.57,339.0,0.49,712.61,0.58,339.0,0.48,359.0,0.59,344.0,0.46,351.0,0.49,931.71,0.45,410.0,0.5,653.5,0.44,384.0,0.51,408.61,0.43,339.0,0.52,359.0,0.42,304.0,0.53,349.0
2026-01-07 04:30:32.716000+00:00,2026-01-07 04:30:30.053169+00:00,32.716,0.525,0.52,0.53,0.475,0.47,0.48,290.33,573.0,570.0,290.33,0.51,931.71,0.54,412.0,0.5,503.01,0.55,389.0,0.49,320.61,0.56,384.0,0.48,194.49,0.57,339.0,0.47,431.0,0.58,319.0,0.46,412.0,0.49,936.71,0.45,389.0,0.5,503.01,0.44,384.0,0.51,320.61,0.43,339.0,0.52,206.49,0.42,319.0,0.53,168.0
2026-01-07 04:30:33.683000+00:00,2026-01-07 04:30:31.074625+00:00,33.683,0.515,0.51,0.52,0.485,0.48,0.49,438.35,316.0,309.0,438.35,0.5,532.01,0.53,469.0,0.49,476.61,0.54,462.0,0.48,80.0,0.55,389.0,0.47,193.0,0.56,201.0,0.46,486.6,0.57,121.0,0.47,469.0,0.5,532.01,0.46,461.0,0.51,476.61,0.45,389.0,0.52,80.0,0.44,201.0,0.53,193.0,0.43,121.0,0.54,486.6
2026-01-07 04:30:34.559000+00:00,2026-01-07 04:30:32.077721+00:00,34.559,0.515,0.51,0.52,0.485,0.48,0.49,377.35,326.91,326.91,377.35,0.5,544.01,0.53,454.0,0.49,464.61,0.54,461.0,0.48,65.0,0.55,389.0,0.47,208.0,0.56,201.0,0.46,486.6,0.57,121.0,0.47,454.0,0.5,544.01,0.46,461.0,0.51,464.61,0.45,389.0,0.52,65.0,0.44,201.0,0.53,208.0,0.43,121.0,0.54,486.6
2026-01-07 04:30:35.623000+00:00,2026-01-07 04:30:33.085570+00:00,35.623,0.515,0.51,0.52,0.485,0.48,0.49,392.35,285.36,285.36,377.35,0.5,544.01,0.53,469.0,0.49,464.61,0.54,462.0,0.48,80.0,0.55,389.0,0.47,193.0,0.56,201.0,0.46,486.6,0.57,121.0,0.47,469.0,0.5,544.01,0.46,462.0,0.51,452.61,0.45,389.0,0.52,80.0,0.44,201.0,0.53,193.0,0.43,121.0,0.54,486.6
2026-01-07 04:30:36.655000+00:00,2026-01-07 04:30:34.107206+00:00,36.655,0.515,0.51,0.52,0.485,0.48,0.49,377.35,190.0,125.0,512.35,0.5,568.01,0.53,462.0,0.49,440.61,0.54,474.0,0.48,80.0,0.55,389.0,0.47,193.0,0.56,201.0,0.46,486.6,0.57,121.0,0.47,337.0,0.5,577.01,0.46,371.0,0.51,374.61,0.45,413.0,0.52,186.0,0.44,273.0,0.53,349.0,0.43,121.0,0.54,461.6
2026-01-07 04:30:37.781000+00:00,2026-01-07 04:30:35.114808+00:00,37.781,0.545,0.54,0.55,0.455,0.45,0.46,87.0,200.0,200.0,148.0,0.53,245.0,0.56,116.0,0.52,457.19,0.57,305.0,0.51,736.35,0.58,120.0,0.5,977.01,0.59,440.0,0.49,713.61,0.6,574.0,0.44,116.0,0.47,306.0,0.43,305.0,0.48,457.19,0.42,180.0,0.49,736.35,0.41,379.0,0.5,977.01,0.4,574.0,0.51,1213.61
2026-01-07 04:30:38.790000+00:00,2026-01-07 04:30:36.122039+00:00,38.79,0.545,0.54,0.55,0.455,0.45,0.46,154.0,105.0,102.81,154.0,0.53,212.0,0.56,245.0,0.52,491.0,0.57,411.0,0.51,751.35,0.58,217.0,0.5,977.01,0.59,379.0,0.49,1213.61,0.6,574.0,0.44,245.0,0.47,212.0,0.43,411.0,0.48,491.0,0.42,277.0,0.49,751.35,0.41,379.0,0.5,977.01,0.4,574.0,0.51,1213.61
2026-01-07 04:30:39.595000+00:00,2026-01-07 04:30:37.130538+00:00,39.595,0.545,0.54,0.55,0.455,0.45,0.46,6.0,95.45,95.45,6.0,0.53,104.0,0.56,208.0,0.52,340.0,0.57,71.0,0.51,630.35,0.58,277.0,0.5,977.01,0.59,379.0,0.49,1213.61,0.6,554.0,0.44,208.0,0.47,104.0,0.43,71.0,0.48,340.0,0.42,277.0,0.49,630.35,0.41,379.0,0.5,977.01,0.4,554.0,0.51,1213.61
2026-01-07 04:30:40.796000+00:00,2026-01-07 04:30:38.135851+00:00,40.796,0.545,0.54,0.55,0.455,0.45,0.46,6.0,90.54,90.54,6.0,0.53,89.0,0.56,220.0,0.52,355.0,0.57,375.0,0.51,630.35,0.58,277.0,0.5,977.01,0.59,379.0,0.49,1213.61,0.6,554.0,0.44,220.0,0.47,104.0,0.43,375.0,0.48,340.0,0.42,277.0,0.49,630.35,0.41,379.0,0.5,977.01,0.4,554.0,0.51,1213.61
2026-01-07 04:30:41.772000+00:00,2026-01-07 04:30:39.142723+00:00,41.772,0.54,0.53,0.55,0.45999999999999996,0.45,0.47,98.21,90.54,90.54,98.21,0.52,340.0,0.56,220.0,0.51,630.35,0.57,363.0,0.5,977.01,0.58,277.0,0.49,1213.61,0.59,379.0,0.48,404.0,0.6,554.0,0.44,232.0,0.48,340.0,0.43,363.0,0.49,630.35,0.42,277.0,0.5,977.01,0.41,379.0,0.51,1213.61,0.4,554.0,0.52,404.0
2026-01-07 04:30:42.742000+00:00,2026-01-07 04:30:40.171453+00:00,42.742,0.54,0.53,0.55,0.45999999999999996,0.45,0.47,98.21,87.75,87.75,98.21,0.52,340.0,0.56,232.0,0.51,630.35,0.57,363.0,0.5,977.01,0.58,277.0,0.49,1213.61,0.59,379.0,0.48,404.0,0.6,554.0,0.44,232.0,0.48,340.0,0.43,363.0,0.49,630.35,0.42,277.0,0.5,977.01,0.41,379.0,0.51,1213.61,0.4,554.0,0.52,404.0
2026-01-07 04:30:43.849000+00:00,2026-01-07 04:30:41.180060+00:00,43.849,0.54,0.53,0.55,0.45999999999999996,0.45,0.47,92.0,80.05,80.05,107.0,0.52,340.0,0.56,232.0,0.51,630.35,0.57,363.0,0.5,977.01,0.58,277.0,0.49,1213.61,0.59,379.0,0.48,404.0,0.6,554.0,0.44,217.0,0.48,367.0,0.43,436.0,0.49,615.35,0.42,217.0,0.5,977.01,0.41,379.0,0.51,1213.61,0.4,554.0,0.52,404.0
2026-01-07 04:30:44.587000+00:00,2026-01-07 04:30:42.188616+00:00,44.587,0.54,0.53,0.55,0.45999999999999996,0.45,0.47,107.0,80.05,80.05,107.0,0.52,367.0,0.56,217.0,0.51,615.35,0.57,436.0,0.5,977.01,0.58,217.0,0.49,1213.61,0.59,379.0,0.48,404.0,0.6,554.0,0.44,217.0,0.48,367.0,0.43,436.0,0.49,615.35,0.42,217.0,0.5,977.01,0.41,379.0,0.51,1213.61,0.4,554.0,0.52,404.0
2026-01-07 04:30:45.466000+00:00,2026-01-07 04:30:43.206955+00:00,45.466,0.54,0.53,0.55,0.45999999999999996,0.45,0.47,276.73,85.05,85.05,266.73,0.52,367.0,0.56,217.0,0.51,615.35,0.57,436.0,0.5,977.01,0.58,217.0,0.49,1213.61,0.59,379.0,0.48,404.0,0.6,554.0,0.44,217.0,0.48,367.0,0.43,436.0,0.49,615.35,0.42,217.0,0.5,977.01,0.41,379.0,0.51,1213.61,0.4,554.0,0.52,404.0
2026-01-07 04:30:46.853000+00:00,2026-01-07 04:30:44.213736+00:00,46.853,0.54,0.53,0.55,0.45999999999999996,0.45,0.47,280.7,80.05,85.05,305.7,0.52,367.0,0.56,222.0,0.51,615.35,0.57,378.0,0.5,977.01,0.58,217.0,0.49,1213.61,0.59,379.0,0.48,404.0,0.6,554.0,0.44,217.0,0.48,367.0,0.43,378.0,0.49,615.35,0.42,217.0,0.5,977.01,0.41,379.0,0.51,1213.61,0.4,554.0,0.52,404.0
2026-01-07 04:30:47.846000+00:00,2026-01-07 04:30:45.218192+00:00,47.846,0.575,0.57,0.58,0.425,0.42,0.43,149.0,125.0,125.0,189.0,0.56,404.0,0.59,115.0,0.55,253.0,0.6,633.0,0.54,263.0,0.61,416.0,0.53,384.0,0.62,339.0,0.52,479.0,0.63,304.0,0.41,115.0,0.44,364.0,0.4,633.0,0.45,253.0,0.39,416.0,0.46,263.0,0.38,339.0,0.47,384.0,0.37,304.0,0.48,479.0
2026-01-07 04:30:48.893000+00:00,2026-01-07 04:30:46.223254+00:00,48.893,0.585,0.58,0.59,0.415,0.41,0.42,210.0,130.0,130.0,267.16,0.57,252.16,0.6,285.0,0.56,238.0,0.61,97.0,0.55,384.0,0.62,240.0,0.54,474.0,0.63,354.0,0.53,384.0,0.64,339.0,0.4,285.0,0.43,252.16,0.39,97.0,0.44,238.0,0.38,240.0,0.45,384.0,0.37,354.0,0.46,474.0,0.36,339.0,0.47,384.0
2026-01-07 04:30:49.833000+00:00,2026-01-07 04:30:47.225917+00:00,49.833,0.585,0.58,0.59,0.415,0.41,0.42,331.4,120.0,120.0,351.4,0.57,274.16,0.6,285.0,0.56,238.0,0.61,97.0,0.55,384.0,0.62,255.0,0.54,474.0,0.63,339.0,0.53,384.0,0.64,339.0,0.4,250.0,0.43,224.16,0.39,22.0,0.44,228.0,0.38,305.0,0.45,349.0,0.37,319.0,0.46,439.0,0.36,339.0,0.47,349.0
2026-01-07 04:30:50.888000+00:00,2026-01-07 04:30:48.232152+00:00,50.888,0.595,0.59,0.6,0.405,0.4,0.41,258.0,157.0,157.0,258.0,0.58,286.4,0.61,129.0,0.57,380.16,0.62,103.0,0.56,384.0,0.63,50.0,0.55,384.0,0.64,156.0,0.54,439.0,0.65,349.0,0.39,141.0,0.42,286.4,0.38,115.0,0.43,380.16,0.37,50.0,0.44,384.0,0.36,156.0,0.45,384.0,0.35,349.0,0.46,439.0
2026-01-07 04:30:51.592000+00:00,2026-01-07 04:30:49.240013+00:00,51.592,0.595,0.59,0.6,0.405,0.4,0.41,252.67,157.0,157.0,252.67,0.58,286.4,0.61,141.0,0.57,380.16,0.62,115.0,0.56,384.0,0.63,50.0,0.55,384.0,0.64,339.0,0.54,439.0,0.65,349.0,0.39,141.0,0.42,298.4,0.38,115.0,0.43,368.16,0.37,50.0,0.44,384.0,0.36,339.0,0.45,384.0,0.35,349.0,0.46,439.0
2026-01-07 04:30:52.643000+00:00,2026-01-07 04:30:50.261557+00:00,52.643,0.595,0.59,0.6,0.405,0.4,0.41,191.51,199.0,199.0,191.51,0.58,323.4,0.61,131.0,0.57,343.16,0.62,140.0,0.56,384.0,0.63,50.0,0.55,384.0,0.64,339.0,0.54,474.0,0.65,314.0,0.39,131.0,0.42,323.4,0.38,140.0,0.43,343.16,0.37,50.0,0.44,384.0,0.36,339.0,0.45,384.0,0.35,314.0,0.46,474.0
2026-01-07 04:30:53.723000+00:00,2026-01-07 04:30:51.268711+00:00,53.723,0.595,0.59,0.6,0.405,0.4,0.41,191.51,199.0,251.0,191.51,0.58,323.4,0.61,131.0,0.57,343.16,0.62,140.0,0.56,384.0,0.63,50.0,0.55,384.0,0.64,339.0,0.54,474.0,0.65,314.0,0.39,155.0,0.42,248.4,0.38,95.0,0.43,406.16,0.37,35.0,0.44,396.0,0.36,339.0,0.45,384.0,0.35,314.0,0.46,474.0
2026-01-07 04:30:54.980000+00:00,2026-01-07 04:30:52.292152+00:00,54.98,0.595,0.59,0.6,0.405,0.4,0.41,191.51,225.0,225.0,191.51,0.58,248.4,0.61,155.0,0.57,382.16,0.62,95.0,0.56,420.0,0.63,35.0,0.55,384.0,0.64,408.0,0.54,474.0,0.65,314.0,0.39,155.0,0.42,248.4,0.38,95.0,0.43,382.16,0.37,35.0,0.44,420.0,0.36,408.0,0.45,384.0,0.35,314.0,0.46,474.0
2026-01-07 04:30:55.833000+00:00,2026-01-07 04:30:53.314551+00:00,55.833,0.585,0.58,0.59,0.415,0.41,0.42,181.14,122.0,122.0,181.14,0.57,307.16,0.6,236.0,0.56,452.0,0.61,90.0,0.55,432.0,0.62,146.0,0.54,384.0,0.63,35.0,0.53,558.0,0.64,339.0,0.4,236.0,0.43,307.16,0.39,90.0,0.44,452.0,0.38,146.0,0.45,432.0,0.37,35.0,0.46,384.0,0.36,339.0,0.47,558.0
2026-01-07 04:30:56.992000+00:00,2026-01-07 04:30:54.321443+00:00,56.992,0.585,0.58,0.59,0.415,0.41,0.42,35.0,452.0,462.0,35.0,0.57,86.16,0.6,375.0,0.56,107.0,0.61,394.0,0.55,347.0,0.62,323.0,0.54,384.0,0.63,407.0,0.53,558.0,0.64,339.0,0.4,375.0,0.43,86.16,0.39,394.0,0.44,107.0,0.38,384.0,0.45,347.0,0.37,407.0,0.46,384.0,0.36,339.0,0.47,558.0
2026-01-07 04:30:58.896000+00:00,2026-01-07 04:30:56.335236+00:00,58.896,0.585,0.58,0.59,0.415,0.41,0.42,35.0,438.0,438.0,35.0,0.57,81.16,0.6,204.0,0.56,355.0,0.61,285.0,0.55,287.0,0.62,450.0,0.54,384.0,0.63,339.0,0.53,558.0,0.64,339.0,0.4,204.0,0.43,81.16,0.39,285.0,0.44,355.0,0.38,450.0,0.45,287.0,0.37,339.0,0.46,384.0,0.36,339.0,0.47,558.0
2026-01-07 04:30:59.940000+00:00,2026-01-07 04:30:57.343982+00:00,59.94,0.585,0.58,0.59,0.415,0.41,0.42,109.99,314.0,314.0,114.99,0.57,114.16,0.6,200.0,0.56,311.0,0.61,318.0,0.55,263.0,0.62,399.0,0.54,384.0,0.63,407.0,0.53,558.0,0.64,339.0,0.4,123.0,0.43,99.16,0.39,338.0,0.44,311.0,0.38,384.0,0.45,263.0,0.37,354.0,0.46,384.0,0.36,339.0,0.47,558.0
2026-01-07 04:31:00.945000+00:00,2026-01-07 04:30:58.352387+00:00,60.945,0.585,0.58,0.59,0.415,0.41,0.42,114.99,299.88,314.88,109.99,0.57,99.16,0.6,123.0,0.56,311.0,0.61,350.0,0.55,263.0,0.62,384.0,0.54,384.0,0.63,339.0,0.53,558.0,0.64,408.0,0.4,188.0,0.43,114.16,0.39,330.0,0.44,311.0,0.38,399.0,0.45,263.0,0.37,339.0,0.46,384.0,0.36,339.0,0.47,558.0
2026-01-07 04:31:02.006000+00:00,2026-01-07 04:30:59.359826+00:00,62.006,0.565,0.56,0.57,0.435,0.43,0.44,109.99,304.0,304.0,133.99,0.55,75.0,0.58,367.0,0.54,128.0,0.59,376.0,0.53,296.0,0.6,463.0,0.52,369.0,0.61,468.0,0.51,935.35,0.62,384.0,0.42,367.0,0.45,75.0,0.41,376.0,0.46,128.0,0.4,463.0,0.47,296.0,0.39,468.0,0.48,369.0,0.38,384.0,0.49,935.35
2026-01-07 04:31:03.031000+00:00,2026-01-07 04:31:00.365105+00:00,63.031,0.525,0.52,0.53,0.475,0.47,0.48,5.0,65.0,65.0,5.0,0.51,499.35,0.54,157.0,0.5,941.01,0.55,281.0,0.49,1171.0,0.56,344.0,0.48,359.0,0.57,633.0,0.47,349.0,0.58,444.0,0.46,169.0,0.49,499.35,0.45,257.0,0.5,917.01,0.44,344.0,0.51,1171.0,0.43,633.0,0.52,359.0,0.42,444.0,0.53,349.0
2026-01-07 04:31:04.010000+00:00,2026-01-07 04:31:01.386419+00:00,64.01,0.535,0.53,0.54,0.46499999999999997,0.46,0.47,119.23,207.44,207.44,119.23,0.52,145.0,0.55,198.0,0.51,457.35,0.56,330.0,0.5,752.01,0.57,718.0,0.49,1166.0,0.58,471.0,0.48,359.0,0.59,378.0,0.45,198.0,0.48,145.0,0.44,330.0,0.49,457.35,0.43,718.0,0.5,752.01,0.42,471.0,0.51,1166.0,0.41,378.0,0.52,359.0
2026-01-07 04:31:05.995000+00:00,2026-01-07 04:31:03.401803+00:00,65.995,0.535,0.53,0.54,0.46499999999999997,0.46,0.47,75.0,219.44,219.44,75.0,0.52,180.0,0.55,332.77,0.51,483.35,0.56,380.59,0.5,813.01,0.57,474.0,0.49,1166.0,0.58,384.0,0.48,583.0,0.59,415.0,0.45,344.77,0.48,180.0,0.44,392.59,0.49,495.35,0.43,474.0,0.5,825.01,0.42,384.0,0.51,1166.0,0.41,354.0,0.52,583.0
2026-01-07 04:31:06.969000+00:00,2026-01-07 04:31:04.408187+00:00,66.969,0.535,0.53,0.54,0.46499999999999997,0.46,0.47,144.23,136.0,71.0,219.23,0.52,209.99,0.55,312.77,0.51,507.35,0.56,400.59,0.5,813.01,0.57,474.0,0.49,1166.0,0.58,384.0,0.48,583.0,0.59,349.0,0.45,332.77,0.48,194.99,0.44,400.59,0.49,507.35,0.43,474.0,0.5,813.01,0.42,384.0,0.51,1166.0,0.41,349.0,0.52,583.0
2026-01-07 04:31:08.948000+00:00,2026-01-07 04:31:06.437359+00:00,68.948,0.545,0.54,0.55,0.455,0.45,0.46,74.99,235.58,235.58,74.99,0.53,210.66,0.56,408.77,0.52,255.0,0.57,566.59,0.51,432.35,0.58,384.0,0.5,777.01,0.59,445.0,0.49,1166.0,0.6,391.0,0.44,408.77,0.47,230.66,0.43,566.59,0.48,255.0,0.42,384.0,0.49,432.35,0.41,445.0,0.5,777.01,0.4,391.0,0.51,1166.0
2026-01-07 04:31:10.090000+00:00,2026-01-07 04:31:07.439378+00:00,70.09,0.545,0.54,0.55,0.455,0.45,0.46,87.32,459.58,454.94,92.32,0.53,206.66,0.56,449.87,0.52,279.0,0.57,530.59,0.51,432.35,0.58,384.0,0.5,777.01,0.59,445.0,0.49,1166.0,0.6,391.0,0.44,449.87,0.47,206.66,0.43,530.59,0.48,279.0,0.42,384.0,0.49,432.35,0.41,445.0,0.5,777.01,0.4,391.0,0.51,1166.0
2026-01-07 04:31:11.129000+00:00,2026-01-07 04:31:08.449133+00:00,71.129,0.545,0.54,0.55,0.455,0.45,0.46,7.61,529.72,553.72,7.61,0.53,149.66,0.56,370.0,0.52,195.0,0.57,474.0,0.51,447.35,0.58,384.0,0.5,861.01,0.59,445.0,0.49,1178.0,0.6,391.0,0.44,362.58,0.47,209.66,0.43,483.77,0.48,180.0,0.42,389.59,0.49,447.35,0.41,445.0,0.5,861.01,0.4,391.0,0.51,1178.0
2026-01-07 04:31:12.092000+00:00,2026-01-07 04:31:09.454923+00:00,72.092,0.545,0.54,0.55,0.455,0.45,0.46,7.61,577.72,577.72,7.61,0.53,209.66,0.56,386.0,0.52,180.0,0.57,503.77,0.51,531.35,0.58,389.59,0.5,789.01,0.59,445.0,0.49,1166.0,0.6,391.0,0.44,386.0,0.47,209.66,0.43,494.0,0.48,180.0,0.42,389.59,0.49,531.35,0.41,445.0,0.5,789.01,0.4,391.0,0.51,1166.0
2026-01-07 04:31:13.926000+00:00,2026-01-07 04:31:11.471169+00:00,73.926,0.545,0.54,0.55,0.455,0.45,0.46,70.67,452.72,402.72,70.67,0.53,229.66,0.56,442.0,0.52,266.0,0.57,533.0,0.51,457.35,0.58,384.0,0.5,777.01,0.59,445.0,0.49,1166.0,0.6,391.0,0.44,352.0,0.47,209.66,0.43,553.0,0.48,256.0,0.42,364.0,0.49,457.35,0.41,445.0,0.5,777.01,0.4,391.0,0.51,1131.0
2026-01-07 04:31:15.130000+00:00,2026-01-07 04:31:12.478118+00:00,75.13,0.545,0.54,0.55,0.455,0.45,0.46,274.29,229.0,229.0,274.29,0.53,530.66,0.56,140.0,0.52,568.0,0.57,226.0,0.51,761.35,0.58,253.0,0.5,777.01,0.59,399.0,0.49,1131.0,0.6,426.0,0.44,140.0,0.47,530.66,0.43,226.0,0.48,568.0,0.42,253.0,0.49,761.35,0.41,399.0,0.5,777.01,0.4,426.0,0.51,1131.0
2026-01-07 04:31:16.986000+00:00,2026-01-07 04:31:14.490408+00:00,76.986,0.545,0.54,0.55,0.455,0.45,0.46,269.29,229.0,229.0,274.29,0.53,535.66,0.56,140.0,0.52,568.0,0.57,226.0,0.51,761.35,0.58,253.0,0.5,777.01,0.59,384.0,0.49,1131.0,0.6,426.0,0.44,140.0,0.47,530.66,0.43,226.0,0.48,568.0,0.42,253.0,0.49,761.35,0.41,384.0,0.5,777.01,0.4,426.0,0.51,1131.0
2026-01-07 04:31:17.329000+00:00,2026-01-07 04:31:15.501199+00:00,77.329,0.545,0.54,0.55,0.455,0.45,0.46,274.29,229.0,229.0,274.29,0.53,530.66,0.56,140.0,0.52,568.0,0.57,226.0,0.51,761.35,0.58,253.0,0.5,777.01,0.59,384.0,0.49,1131.0,0.6,426.0,0.44,140.0,0.47,530.66,0.43,226.0,0.48,568.0,0.42,253.0,0.49,761.35,0.41,384.0,0.5,1001.01,0.4,426.0,0.51,1131.0
2026-01-07 04:31:19.165000+00:00,2026-01-07 04:31:16.506715+00:00,79.165,0.545,0.54,0.55,0.455,0.45,0.46,314.29,229.0,229.0,269.08,0.53,590.66,0.57,219.0,0.52,508.0,0.58,355.0,0.51,761.35,0.59,384.0,0.5,1001.01,0.6,426.0,0.49,1131.0,0.61,374.0,0.44,65.0,0.47,680.66,0.43,184.0,0.48,418.0,0.42,355.0,0.49,761.35,0.41,384.0,0.5,1001.01,0.4,426.0,0.51,1131.0
2026-01-07 04:31:20.179000+00:00,2026-01-07 04:31:17.527565+00:00,80.179,0.545,0.54,0.55,0.455,0.45,0.46,292.44,237.0,237.0,277.44,0.53,680.66,0.56,104.0,0.52,418.0,0.57,160.0,0.51,761.35,0.58,355.0,0.5,1001.01,0.59,384.0,0.49,1131.0,0.6,426.0,0.44,104.0,0.47,680.66,0.43,160.0,0.48,418.0,0.42,355.0,0.49,761.35,0.41,384.0,0.5,1001.01,0.4,426.0,0.51,1131.0
2026-01-07 04:31:21.116000+00:00,2026-01-07 04:31:18.531873+00:00,81.116,0.545,0.54,0.55,0.455,0.45,0.46,278.05,237.0,237.0,278.05,0.53,668.66,0.56,24.0,0.52,430.0,0.57,195.0,0.51,761.35,0.58,355.0,0.5,1001.01,0.59,384.0,0.49,1131.0,0.6,426.0,0.44,24.0,0.47,668.66,0.43,195.0,0.48,430.0,0.42,355.0,0.49,761.35,0.41,384.0,0.5,1001.01,0.4,426.0,0.51,1131.0
2026-01-07 04:31:22.102000+00:00,2026-01-07 04:31:19.541277+00:00,82.102,0.545,0.54,0.55,0.455,0.45,0.46,261.97,237.0,237.0,251.97,0.53,656.66,0.56,104.0,0.52,442.0,0.57,160.0,0.51,761.35,0.58,355.0,0.5,1001.01,0.59,384.0,0.49,1131.0,0.6,426.0,0.44,104.0,0.47,656.66,0.43,282.0,0.48,442.0,0.42,355.0,0.49,761.35,0.41,384.0,0.5,1001.01,0.4,426.0,0.51,1131.0
2026-01-07 04:31:23.156000+00:00,2026-01-07 04:31:20.560742+00:00,83.156,0.545,0.54,0.55,0.455,0.45,0.46,68.97,237.0,237.0,68.97,0.53,523.66,0.56,116.0,0.52,454.0,0.57,343.0,0.51,761.35,0.58,343.0,0.5,1001.01,0.59,384.0,0.49,1131.0,0.6,426.0,0.44,116.0,0.47,523.66,0.43,343.0,0.48,454.0,0.42,343.0,0.49,761.35,0.41,384.0,0.5,1001.01,0.4,426.0,0.51,1131.0
2026-01-07 04:31:24.669000+00:00,2026-01-07 04:31:22.571138+00:00,84.669,0.545,0.54,0.55,0.455,0.45,0.46,58.76,237.0,237.0,58.76,0.53,528.66,0.56,128.58,0.52,454.0,0.57,317.77,0.51,761.35,0.58,373.59,0.5,1001.01,0.59,359.0,0.49,1131.0,0.6,426.0,0.44,128.58,0.47,528.66,0.43,317.77,0.48,454.0,0.42,373.59,0.49,761.35,0.41,359.0,0.5,1001.01,0.4,426.0,0.51,1131.0
2026-01-07 04:31:25.579000+00:00,2026-01-07 04:31:23.568462+00:00,85.579,0.545,0.54,0.55,0.455,0.45,0.46,53.55,237.0,317.0,38.55,0.53,528.66,0.56,128.58,0.52,454.0,0.57,317.77,0.51,761.35,0.58,373.59,0.5,1001.01,0.59,359.0,0.49,1131.0,0.6,426.0,0.44,93.58,0.47,528.66,0.43,332.77,0.48,454.0,0.42,358.59,0.49,776.35,0.41,359.0,0.5,1001.01,0.4,426.0,0.51,1131.0
2026-01-07 04:31:27.245000+00:00,2026-01-07 04:31:24.589188+00:00,87.245,0.515,0.51,0.52,0.485,0.48,0.49,143.35,202.0,202.0,143.35,0.5,503.01,0.53,320.34,0.49,912.0,0.54,411.21,0.48,196.0,0.55,621.0,0.47,45.0,0.56,404.0,0.46,396.6,0.57,442.0,0.47,410.34,0.5,508.01,0.46,321.21,0.51,912.0,0.45,621.0,0.52,196.0,0.44,404.0,0.53,45.0,0.43,442.0,0.54,396.6
2026-01-07 04:31:28.118000+00:00,2026-01-07 04:31:25.595533+00:00,88.118,0.515,0.51,0.52,0.485,0.48,0.49,26.35,278.0,264.95,26.35,0.5,503.01,0.53,471.34,0.49,912.0,0.54,394.79,0.48,196.0,0.55,630.77,0.47,45.0,0.56,466.59,0.46,396.6,0.57,384.0,0.47,471.34,0.5,503.01,0.46,394.79,0.51,912.0,0.45,630.77,0.52,196.0,0.44,466.59,0.53,45.0,0.43,384.0,0.54,396.6
2026-01-07 04:31:29.172000+00:00,2026-01-07 04:31:26.603124+00:00,89.172,0.515,0.51,0.52,0.485,0.48,0.49,34.35,249.95,249.95,34.35,0.5,527.01,0.53,456.34,0.49,939.0,0.54,404.58,0.48,145.0,0.55,630.77,0.47,45.0,0.56,466.59,0.46,396.6,0.57,384.0,0.47,456.34,0.5,527.01,0.46,404.58,0.51,939.0,0.45,630.77,0.52,145.0,0.44,466.59,0.53,45.0,0.43,384.0,0.54,396.6
2026-01-07 04:31:30.159000+00:00,2026-01-07 04:31:27.608598+00:00,90.159,0.515,0.51,0.52,0.485,0.48,0.49,34.35,249.95,249.95,34.35,0.5,527.01,0.53,471.34,0.49,924.0,0.54,382.0,0.48,160.0,0.55,616.0,0.47,45.0,0.56,461.0,0.46,396.6,0.57,384.0,0.47,471.34,0.5,527.01,0.46,382.0,0.51,924.0,0.45,616.0,0.52,160.0,0.44,461.0,0.53,45.0,0.43,384.0,0.54,396.6
2026-01-07 04:31:31.045000+00:00,2026-01-07 04:31:28.611911+00:00,91.045,0.515,0.51,0.52,0.485,0.48,0.49,34.35,249.95,249.95,34.35,0.5,527.01,0.53,471.34,0.49,1046.0,0.54,382.0,0.48,282.0,0.55,384.0,0.47,167.0,0.56,461.0,0.46,620.6,0.57,384.0,0.47,350.34,0.5,527.01,0.46,382.0,0.51,1107.0,0.45,384.0,0.52,343.0,0.44,461.0,0.53,167.0,0.43,384.0,0.54,620.6
2026-01-07 04:31:32.672000+00:00,2026-01-07 04:31:30.623280+00:00,92.672,0.515,0.51,0.52,0.485,0.48,0.49,49.35,249.95,249.95,49.35,0.5,532.01,0.53,350.34,0.49,1107.0,0.54,382.0,0.48,343.0,0.55,384.0,0.47,228.0,0.56,461.0,0.46,620.6,0.57,384.0,0.47,350.34,0.5,532.01,0.46,382.0,0.51,1107.0,0.45,384.0,0.52,343.0,0.44,461.0,0.53,228.0,0.43,384.0,0.54,620.6
2026-01-07 04:31:34.132000+00:00,2026-01-07 04:31:31.631010+00:00,94.132,0.515,0.51,0.52,0.485,0.48,0.49,54.35,246.95,246.95,54.35,0.5,527.01,0.53,350.34,0.49,1107.0,0.54,382.0,0.48,343.0,0.55,384.0,0.47,228.0,0.56,461.0,0.46,620.6,0.57,384.0,0.47,350.34,0.5,527.01,0.46,382.0,0.51,1107.0,0.45,384.0,0.52,343.0,0.44,461.0,0.53,228.0,0.43,384.0,0.54,620.6
2026-01-07 04:31:35.300000+00:00,2026-01-07 04:31:32.636421+00:00,95.3,0.515,0.51,0.52,0.485,0.48,0.49,49.35,470.95,470.95,49.35,0.5,527.01,0.53,367.92,0.49,1107.0,0.54,386.77,0.48,343.0,0.55,389.59,0.47,228.0,0.56,461.0,0.46,620.6,0.57,384.0,0.47,367.92,0.5,527.01,0.46,386.77,0.51,1107.0,0.45,389.59,0.52,343.0,0.44,461.0,0.53,228.0,0.43,384.0,0.54,620.6
2026-01-07 04:31:36.293000+00:00,2026-01-07 04:31:33.643492+00:00,96.293,0.515,0.51,0.52,0.475,0.47,0.48,495.1,166.95,17.58,45.0,0.5,706.01,0.53,110.92,0.49,1181.0,0.54,307.77,0.48,673.0,0.55,425.59,0.47,228.0,0.56,464.0,0.46,361.6,0.57,374.0,0.46,307.77,0.49,460.1,0.45,425.59,0.5,696.01,0.44,464.0,0.51,1181.0,0.43,464.0,0.52,638.0,0.42,369.0,0.53,193.0
2026-01-07 04:31:37.303000+00:00,2026-01-07 04:31:34.649991+00:00,97.303,0.545,0.54,0.55,0.455,0.45,0.46,139.12,169.59,169.59,139.12,0.53,283.0,0.56,115.0,0.52,250.0,0.57,157.0,0.51,471.1,0.58,369.0,0.5,840.01,0.59,430.0,0.49,1181.0,0.6,426.0,0.44,115.0,0.47,283.0,0.43,157.0,0.48,250.0,0.42,369.0,0.49,471.1,0.41,430.0,0.5,840.01,0.4,426.0,0.51,1181.0
2026-01-07 04:31:38.105000+00:00,2026-01-07 04:31:35.658175+00:00,98.105,0.545,0.54,0.55,0.455,0.45,0.46,144.12,75.59,65.59,144.12,0.53,326.0,0.56,139.0,0.52,286.0,0.57,217.0,0.51,435.1,0.58,369.0,0.5,792.01,0.59,430.0,0.49,1181.0,0.6,426.0,0.44,229.0,0.47,326.0,0.43,127.0,0.48,286.0,0.42,369.0,0.49,435.1,0.41,430.0,0.5,792.01,0.4,426.0,0.51,1181.0
2026-01-07 04:31:39.317000+00:00,2026-01-07 04:31:36.663861+00:00,99.317,0.535,0.53,0.54,0.46499999999999997,0.46,0.47,188.84,105.0,85.0,188.84,0.52,253.0,0.55,45.59,0.51,420.1,0.56,190.0,0.5,897.01,0.57,55.0,0.49,1181.0,0.58,369.0,0.48,548.0,0.59,369.0,0.45,117.59,0.48,258.0,0.44,214.0,0.49,508.1,0.43,55.0,0.5,897.01,0.42,429.0,0.51,1181.0,0.41,369.0,0.52,548.0
2026-01-07 04:31:40.985000+00:00,2026-01-07 04:31:38.679283+00:00,100.985,0.535,0.53,0.54,0.46499999999999997,0.46,0.47,212.84,309.0,309.0,212.84,0.52,330.0,0.55,45.36,0.51,427.1,0.56,258.59,0.5,882.01,0.57,103.0,0.49,1181.0,0.58,369.0,0.48,548.0,0.59,430.0,0.45,45.36,0.48,330.0,0.44,258.59,0.49,427.1,0.43,103.0,0.5,882.01,0.42,369.0,0.51,1181.0,0.41,430.0,0.52,548.0
2026-01-07 04:31:42.156000+00:00,2026-01-07 04:31:39.688798+00:00,102.156,0.535,0.53,0.54,0.46499999999999997,0.46,0.47,188.84,333.0,333.0,188.84,0.52,258.0,0.55,132.36,0.51,484.1,0.56,195.59,0.5,921.01,0.57,55.0,0.49,1181.0,0.58,369.0,0.48,548.0,0.59,430.0,0.45,132.36,0.48,258.0,0.44,195.59,0.49,484.1,0.43,55.0,0.5,921.01,0.42,369.0,0.51,1181.0,0.41,430.0,0.52,548.0
2026-01-07 04:31:43.562000+00:00,2026-01-07 04:31:41.704173+00:00,103.562,0.535,0.53,0.54,0.46499999999999997,0.46,0.47,188.84,309.0,309.0,188.84,0.52,282.0,0.55,122.59,0.51,484.1,0.56,214.0,0.5,897.01,0.57,55.0,0.49,1181.0,0.58,369.0,0.48,548.0,0.59,430.0,0.45,122.59,0.48,282.0,0.44,214.0,0.49,484.1,0.43,55.0,0.5,897.01,0.42,369.0,0.51,1181.0,0.41,430.0,0.52,548.0
2026-01-07 04:31:45.312000+00:00,2026-01-07 04:31:42.726683+00:00,105.312,0.535,0.53,0.54,0.46499999999999997,0.46,0.47,188.84,306.5,306.5,188.84,0.52,282.0,0.55,122.59,0.51,484.1,0.56,214.0,0.5,897.01,0.57,113.0,0.49,1181.0,0.58,369.0,0.48,548.0,0.59,369.0,0.45,122.59,0.48,282.0,0.44,214.0,0.49,484.1,0.43,113.0,0.5,897.01,0.42,369.0,0.51,1181.0,0.41,369.0,0.52,548.0
2026-01-07 04:31:46.385000+00:00,2026-01-07 04:31:43.732194+00:00,106.385,0.535,0.53,0.54,0.46499999999999997,0.46,0.47,188.84,306.5,321.5,188.84,0.52,222.0,0.55,132.36,0.51,499.1,0.56,219.59,0.5,897.01,0.57,113.0,0.49,1181.0,0.58,369.0,0.48,548.0,0.59,369.0,0.45,132.36,0.48,222.0,0.44,219.59,0.49,499.1,0.43,113.0,0.5,897.01,0.42,369.0,0.51,1181.0,0.41,369.0,0.52,548.0
2026-01-07 04:31:47.358000+00:00,2026-01-07 04:31:44.724871+00:00,107.358,0.535,0.53,0.54,0.46499999999999997,0.46,0.47,188.84,312.5,309.8,188.84,0.52,222.0,0.55,122.59,0.51,499.1,0.56,214.0,0.5,897.01,0.57,113.0,0.49,1181.0,0.58,369.0,0.48,548.0,0.59,369.0,0.45,122.59,0.48,222.0,0.44,214.0,0.49,499.1,0.43,138.0,0.5,897.01,0.42,369.0,0.51,1181.0,0.41,369.0,0.52,548.0
2026-01-07 04:31:48.350000+00:00,2026-01-07 04:31:45.747414+00:00,108.35,0.535,0.53,0.54,0.46499999999999997,0.46,0.47,212.84,303.8,303.8,212.84,0.52,330.0,0.55,35.59,0.51,427.1,0.56,253.0,0.5,882.01,0.57,250.0,0.49,1181.0,0.58,369.0,0.48,548.0,0.59,430.0,0.45,35.59,0.48,330.0,0.44,253.0,0.49,427.1,0.43,250.0,0.5,882.01,0.42,369.0,0.51,1181.0,0.41,430.0,0.52,548.0
2026-01-07 04:31:49.174000+00:00,2026-01-07 04:31:46.752433+00:00,109.174,0.535,0.53,0.54,0.46499999999999997,0.46,0.47,188.84,295.8,295.8,188.84,0.52,354.0,0.55,52.59,0.51,427.1,0.56,277.0,0.5,882.01,0.57,275.0,0.49,1181.0,0.58,369.0,0.48,548.0,0.59,369.0,0.45,52.59,0.48,354.0,0.44,277.0,0.49,427.1,0.43,275.0,0.5,882.01,0.42,369.0,0.51,1181.0,0.41,369.0,0.52,548.0
2026-01-07 04:31:50.281000+00:00,2026-01-07 04:31:47.758036+00:00,110.281,0.535,0.53,0.54,0.46499999999999997,0.46,0.47,188.84,300.8,300.8,188.84,0.52,330.0,0.55,193.59,0.51,451.1,0.56,387.0,0.5,882.01,0.57,263.0,0.49,1181.0,0.58,369.0,0.48,548.0,0.59,369.0,0.45,193.59,0.48,318.0,0.44,375.0,0.49,463.1,0.43,263.0,0.5,882.01,0.42,369.0,0.51,1181.0,0.41,369.0,0.52,548.0
2026-01-07 04:31:51.437000+00:00,2026-01-07 04:31:48.762845+00:00,111.437,0.535,0.53,0.54,0.46499999999999997,0.46,0.47,35.0,300.8,280.8,35.0,0.52,87.0,0.55,266.59,0.51,342.1,0.56,412.0,0.5,761.01,0.57,263.0,0.49,1060.0,0.58,248.0,0.48,427.0,0.59,248.0,0.45,286.59,0.48,87.0,0.44,412.0,0.49,342.1,0.43,263.0,0.5,761.01,0.42,248.0,0.51,1060.0,0.41,248.0,0.52,427.0
2026-01-07 04:31:52.933000+00:00,2026-01-07 04:31:50.791520+00:00,112.933,0.535,0.53,0.54,0.46499999999999997,0.46,0.47,35.0,297.8,297.8,35.0,0.52,85.0,0.55,320.36,0.51,407.1,0.56,405.59,0.5,761.01,0.57,263.0,0.49,1060.0,0.58,248.0,0.48,427.0,0.59,248.0,0.45,320.36,0.48,90.0,0.44,405.59,0.49,402.1,0.43,263.0,0.5,761.01,0.42,248.0,0.51,1060.0,0.41,369.0,0.52,427.0
2026-01-07 04:31:54.369000+00:00,2026-01-07 04:31:51.795450+00:00,114.369,0.535,0.53,0.54,0.46499999999999997,0.46,0.47,35.0,297.8,297.8,35.0,0.52,90.0,0.55,310.59,0.51,402.1,0.56,400.0,0.5,761.01,0.57,263.0,0.49,1060.0,0.58,369.0,0.48,427.0,0.59,369.0,0.45,310.59,0.48,90.0,0.44,400.0,0.49,402.1,0.43,263.0,0.5,761.01,0.42,369.0,0.51,1060.0,0.41,369.0,0.52,427.0
2026-01-07 04:31:55.445000+00:00,2026-01-07 04:31:52.805086+00:00,115.445,0.535,0.53,0.54,0.46499999999999997,0.46,0.47,95.0,241.0,241.0,95.0,0.52,70.0,0.55,142.57,0.51,219.1,0.56,217.0,0.5,578.01,0.57,80.0,0.49,998.0,0.58,186.0,0.48,365.0,0.59,186.0,0.45,142.57,0.48,75.0,0.44,217.0,0.49,219.1,0.43,80.0,0.5,578.01,0.42,186.0,0.51,998.0,0.41,186.0,0.52,365.0
2026-01-07 04:31:56.458000+00:00,2026-01-07 04:31:53.812986+00:00,116.458,0.535,0.53,0.54,0.45999999999999996,0.45,0.47,131.0,229.0,5.0,166.0,0.52,186.0,0.55,29.0,0.51,108.1,0.56,297.0,0.5,578.01,0.57,95.0,0.49,998.0,0.58,186.0,0.48,365.0,0.59,186.0,0.44,15.0,0.48,70.0,0.43,25.0,0.49,229.1,0.42,156.0,0.5,699.01,0.41,131.0,0.51,998.0,0.4,278.0,0.52,141.0
2026-01-07 04:31:57.484000+00:00,2026-01-07 04:31:54.820099+00:00,117.484,0.565,0.56,0.57,0.415,0.41,0.42,100.0,25.0,173.0,156.0,0.55,145.0,0.59,224.0,0.54,201.0,0.6,57.0,0.53,231.0,0.61,200.0,0.52,216.0,0.62,251.0,0.51,194.1,0.63,404.0,0.4,57.0,0.43,100.0,0.39,200.0,0.44,150.0,0.38,275.0,0.45,80.0,0.37,416.0,0.46,201.0,0.36,231.0,0.47,201.0
2026-01-07 04:31:58.477000+00:00,2026-01-07 04:31:55.827215+00:00,118.477,0.585,0.58,0.59,0.415,0.41,0.42,126.65,160.18,160.18,105.01,0.57,140.0,0.6,81.0,0.56,189.0,0.61,272.0,0.55,80.0,0.62,251.0,0.54,201.0,0.63,276.0,0.53,201.0,0.64,231.0,0.4,93.0,0.43,104.0,0.39,260.0,0.44,225.0,0.38,251.0,0.45,80.0,0.37,276.0,0.46,201.0,0.36,231.0,0.47,201.0
2026-01-07 04:31:59.495000+00:00,2026-01-07 04:31:56.832769+00:00,119.495,0.575,0.57,0.58,0.415,0.41,0.42,443.0,34.21,10.0,83.0,0.56,307.0,0.59,10.0,0.55,359.0,0.6,74.0,0.54,608.0,0.61,65.0,0.53,201.0,0.62,146.49,0.52,216.0,0.63,235.0,0.4,129.0,0.43,373.0,0.39,34.0,0.44,342.0,0.38,122.49,0.45,384.0,0.37,235.0,0.46,608.0,0.36,414.0,0.47,201.0
2026-01-07 04:32:00.514000+00:00,2026-01-07 04:31:57.855750+00:00,120.514,0.595,0.59,0.6,0.4,0.39,0.41,274.0,90.0,78.84,279.0,0.58,238.0,0.61,90.0,0.57,383.0,0.62,102.49,0.56,283.0,0.63,220.0,0.55,468.0,0.64,414.0,0.54,573.0,0.65,495.0,0.38,102.49,0.42,238.0,0.37,220.0,0.43,383.0,0.36,414.0,0.44,283.0,0.35,424.0,0.45,468.0,0.34,488.0,0.46,573.0
2026-01-07 04:32:01.446000+00:00,2026-01-07 04:31:58.858658+00:00,121.446,0.605,0.6,0.61,0.395,0.39,0.4,5.0,78.84,78.84,5.0,0.59,274.0,0.62,112.26,0.58,238.0,0.63,225.59,0.57,383.0,0.64,414.0,0.56,283.0,0.65,495.0,0.55,468.0,0.66,414.0,0.38,112.26,0.41,259.0,0.37,225.59,0.42,238.0,0.36,414.0,0.43,383.0,0.35,495.0,0.44,283.0,0.34,414.0,0.45,468.0
2026-01-07 04:32:02.538000+00:00,2026-01-07 04:31:59.864289+00:00,122.538,0.595,0.59,0.6,0.425,0.42,0.43,6.0,391.0,45.0,15.0,0.57,15.0,0.61,351.84,0.56,208.0,0.62,330.49,0.55,278.0,0.63,549.0,0.54,223.0,0.64,414.0,0.53,413.0,0.65,389.0,0.41,45.0,0.44,25.0,0.4,502.0,0.45,95.0,0.39,402.84,0.46,223.0,0.38,391.49,0.47,382.0,0.37,459.0,0.48,653.0
2026-01-07 04:32:03.455000+00:00,2026-01-07 04:32:00.870910+00:00,123.455,0.575,0.57,0.58,0.435,0.43,0.44,35.0,423.99,184.53,5.0,0.56,5.0,0.59,410.0,0.55,119.0,0.6,384.0,0.54,88.0,0.61,382.84,0.53,248.0,0.62,421.08,0.52,484.0,0.63,492.0,0.42,389.0,0.45,95.0,0.41,386.0,0.46,76.0,0.4,384.0,0.47,248.0,0.39,382.84,0.48,472.0,0.38,409.08,0.49,248.0
2026-01-07 04:32:04.459000+00:00,2026-01-07 04:32:01.877642+00:00,124.459,0.565,0.56,0.57,0.435,0.43,0.44,55.0,121.53,116.53,55.0,0.55,85.0,0.58,436.0,0.54,112.0,0.59,374.0,0.53,290.0,0.6,384.0,0.52,496.0,0.61,406.84,0.51,260.0,0.62,391.49,0.42,453.0,0.45,85.0,0.41,374.0,0.46,112.0,0.4,384.0,0.47,290.0,0.39,406.84,0.48,496.0,0.38,391.49,0.49,260.0
2026-01-07 04:32:05.579000+00:00,2026-01-07 04:32:02.900883+00:00,125.579,0.565,0.56,0.57,0.435,0.43,0.44,103.0,109.53,189.53,8.0,0.55,72.0,0.58,460.0,0.54,113.0,0.59,374.0,0.53,278.0,0.6,384.0,0.52,508.0,0.61,394.84,0.51,213.0,0.62,391.49,0.42,428.0,0.45,24.0,0.41,359.0,0.46,53.0,0.4,384.0,0.47,233.0,0.39,394.84,0.48,530.5,0.38,469.49,0.49,228.0
2026-01-07 04:32:06.591000+00:00,2026-01-07 04:32:03.922820+00:00,126.591,0.535,0.53,0.54,0.46499999999999997,0.46,0.47,172.0,99.99,84.99,130.0,0.52,159.0,0.55,108.0,0.51,110.0,0.56,292.0,0.5,895.01,0.57,463.53,0.49,1178.0,0.58,479.0,0.48,399.0,0.59,469.0,0.45,108.0,0.48,130.0,0.44,292.0,0.49,134.0,0.43,463.53,0.5,895.01,0.42,479.0,0.51,1166.0,0.41,469.0,0.52,399.0
2026-01-07 04:32:07.590000+00:00,2026-01-07 04:32:04.929680+00:00,127.59,0.535,0.53,0.54,0.46499999999999997,0.46,0.47,131.85,34.99,34.99,146.85,0.52,95.0,0.55,35.0,0.51,231.0,0.56,238.0,0.5,895.01,0.57,503.53,0.49,1172.0,0.58,479.0,0.48,359.0,0.59,396.0,0.45,35.0,0.48,80.0,0.44,193.0,0.49,231.0,0.43,488.53,0.5,895.01,0.42,530.0,0.51,1172.0,0.41,396.0,0.52,359.0
2026-01-07 04:32:08.608000+00:00,2026-01-07 04:32:05.940470+00:00,128.608,0.535,0.53,0.54,0.46499999999999997,0.46,0.47,450.0,19.99,19.99,499.0,0.52,313.0,0.56,183.0,0.51,207.0,0.57,408.53,0.5,792.01,0.58,309.0,0.49,1172.0,0.59,340.0,0.48,324.0,0.6,387.0,0.43,109.53,0.48,464.0,0.42,5.0,0.49,207.0,0.4,35.0,0.5,792.01,0.39,314.0,0.51,1223.0,0.38,439.49,0.52,324.0
2026-01-07 04:32:09.626000+00:00,2026-01-07 04:32:06.962883+00:00,129.626,0.59,0.58,0.6,0.41000000000000003,0.4,0.42,89.35,152.0,157.0,89.35,0.57,152.57,0.61,94.0,0.56,259.32,0.62,391.49,0.55,254.0,0.63,459.0,0.54,420.0,0.64,483.0,0.53,431.0,0.65,389.0,0.39,94.0,0.43,152.57,0.38,391.49,0.44,259.32,0.37,459.0,0.45,254.0,0.36,483.0,0.46,420.0,0.35,389.0,0.47,431.0
2026-01-07 04:32:10.555000+00:00,2026-01-07 04:32:07.967718+00:00,130.555,0.59,0.58,0.6,0.41000000000000003,0.4,0.42,89.35,255.0,183.0,89.35,0.57,152.57,0.61,94.0,0.56,259.32,0.62,391.49,0.55,254.0,0.63,459.0,0.54,420.0,0.64,483.0,0.53,461.72,0.65,389.0,0.39,55.0,0.43,167.57,0.38,406.49,0.44,237.31,0.37,459.0,0.45,254.0,0.36,483.0,0.46,408.0,0.35,389.0,0.47,461.72
2026-01-07 04:32:11.656000+00:00,2026-01-07 04:32:08.976295+00:00,131.656,0.585,0.58,0.59,0.415,0.41,0.42,5.0,204.0,204.0,5.0,0.57,202.57,0.6,95.0,0.56,237.31,0.61,55.0,0.55,233.0,0.62,391.49,0.54,432.0,0.63,459.0,0.53,419.0,0.64,483.0,0.4,100.0,0.43,202.57,0.39,55.0,0.44,237.31,0.38,391.49,0.45,233.0,0.37,459.0,0.46,432.0,0.36,483.0,0.47,419.0
2026-01-07 04:32:12.410000+00:00,2026-01-07 04:32:09.982860+00:00,132.41,0.56,0.55,0.57,0.44,0.43,0.45,135.0,187.0,187.0,135.0,0.54,287.56,0.58,127.0,0.53,387.88,0.59,107.0,0.52,659.36,0.6,268.0,0.51,387.0,0.61,384.0,0.5,742.01,0.62,422.49,0.42,127.0,0.46,253.0,0.41,107.0,0.47,387.88,0.4,268.0,0.48,659.36,0.39,384.0,0.49,387.0,0.38,422.49,0.5,742.01
2026-01-07 04:32:13.657000+00:00,2026-01-07 04:32:10.989277+00:00,133.657,0.565,0.56,0.57,0.435,0.43,0.44,20.0,195.0,191.86,20.0,0.55,100.0,0.58,127.0,0.54,278.0,0.59,95.0,0.53,316.0,0.6,268.0,0.52,678.56,0.61,384.0,0.51,413.88,0.62,422.49,0.42,127.0,0.45,135.0,0.41,95.0,0.46,253.0,0.4,268.0,0.47,317.0,0.39,384.0,0.48,678.56,0.38,422.49,0.49,413.88
2026-01-07 04:32:14.149000+00:00,2026-01-07 04:32:12.010461+00:00,134.149,0.565,0.56,0.57,0.435,0.43,0.44,20.0,191.86,191.86,20.0,0.55,135.0,0.58,127.0,0.54,277.0,0.59,95.0,0.53,317.0,0.6,268.0,0.52,678.56,0.61,384.0,0.51,413.88,0.62,422.49,0.42,127.0,0.45,135.0,0.41,95.0,0.46,277.0,0.4,268.0,0.47,317.0,0.39,384.0,0.48,678.56,0.38,422.49,0.49,413.88
2026-01-07 04:32:15.668000+00:00,2026-01-07 04:32:13.016619+00:00,135.668,0.565,0.56,0.57,0.435,0.43,0.44,20.0,164.0,164.0,20.0,0.55,135.0,0.58,117.0,0.54,289.0,0.59,60.0,0.53,305.0,0.6,238.0,0.52,690.56,0.61,349.0,0.51,401.88,0.62,422.49,0.42,152.0,0.45,135.0,0.41,70.0,0.46,289.0,0.4,273.0,0.47,305.0,0.39,384.0,0.48,690.56,0.38,457.49,0.49,401.88
2026-01-07 04:32:16.686000+00:00,2026-01-07 04:32:14.020728+00:00,136.686,0.565,0.56,0.57,0.415,0.41,0.42,327.0,95.0,5.0,60.0,0.55,172.0,0.6,193.0,0.54,361.0,0.61,304.0,0.53,399.0,0.62,406.49,0.52,384.0,0.63,429.0,0.51,340.0,0.64,379.0,0.4,228.0,0.43,74.0,0.39,314.0,0.44,368.0,0.38,451.49,0.45,288.0,0.37,476.0,0.46,384.0,0.36,498.0,0.47,623.0
2026-01-07 04:32:17.684000+00:00,2026-01-07 04:32:15.027030+00:00,137.684,0.59,0.58,0.6,0.385,0.38,0.39,148.63,45.9,17.0,45.0,0.57,275.0,0.61,35.0,0.56,384.0,0.62,29.49,0.55,474.0,0.63,220.0,0.54,349.0,0.64,498.0,0.53,383.56,0.65,424.0,0.37,265.0,0.4,57.51,0.36,483.0,0.41,30.0,0.35,404.0,0.42,138.63,0.34,379.0,0.43,275.0,0.33,389.0,0.44,344.0
2026-01-07 04:32:18.656000+00:00,2026-01-07 04:32:16.030756+00:00,138.656,0.615,0.61,0.62,0.385,0.38,0.39,56.92,90.0,90.0,56.92,0.6,37.0,0.63,131.0,0.59,45.0,0.64,498.0,0.58,90.63,0.65,389.0,0.57,330.0,0.66,379.0,0.56,278.0,0.67,389.0,0.37,131.0,0.4,37.0,0.36,498.0,0.41,45.0,0.35,389.0,0.42,90.63,0.34,379.0,0.43,330.0,0.33,389.0,0.44,278.0
2026-01-07 04:32:19.692000+00:00,2026-01-07 04:32:17.030853+00:00,139.692,0.615,0.61,0.62,0.385,0.38,0.39,25.02,346.37,74.99,153.02,0.59,85.0,0.63,550.0,0.58,101.56,0.64,426.0,0.57,318.88,0.65,483.99,0.56,552.36,0.66,429.0,0.55,278.0,0.67,389.0,0.37,538.0,0.41,133.0,0.36,474.0,0.42,89.56,0.35,529.0,0.43,318.88,0.34,465.0,0.44,517.36,0.33,389.0,0.45,278.0
2026-01-07 04:32:20.661000+00:00,2026-01-07 04:32:18.039317+00:00,140.661,0.615,0.61,0.62,0.385,0.38,0.39,90.0,49.99,49.99,90.0,0.6,56.0,0.63,628.0,0.59,80.0,0.64,527.02,0.58,259.56,0.65,520.0,0.57,379.88,0.66,426.0,0.56,638.36,0.67,389.0,0.37,445.0,0.4,56.0,0.36,527.02,0.41,80.0,0.35,520.0,0.42,259.56,0.34,426.0,0.43,379.88,0.33,389.0,0.44,638.36
2026-01-07 04:32:21.719000+00:00,2026-01-07 04:32:19.046855+00:00,141.719,0.615,0.61,0.62,0.385,0.38,0.39,90.0,39.99,39.99,90.0,0.6,32.0,0.63,360.0,0.59,104.0,0.64,394.02,0.58,250.0,0.65,508.0,0.57,389.0,0.66,414.0,0.56,623.0,0.67,465.0,0.37,360.0,0.4,32.0,0.36,394.02,0.41,104.0,0.35,508.0,0.42,250.0,0.34,414.0,0.43,389.0,0.33,465.0,0.44,623.0
2026-01-07 04:32:22.658000+00:00,2026-01-07 04:32:20.052814+00:00,142.658,0.615,0.61,0.62,0.385,0.38,0.39,75.0,84.65,84.65,75.0,0.6,5.0,0.63,415.99,0.59,95.0,0.64,353.0,0.58,262.0,0.65,469.0,0.57,365.0,0.66,414.0,0.56,659.0,0.67,465.0,0.37,415.99,0.4,20.0,0.36,338.0,0.41,95.0,0.35,484.0,0.42,262.0,0.34,414.0,0.43,365.0,0.33,465.0,0.44,659.0
2026-01-07 04:32:23.736000+00:00,2026-01-07 04:32:21.075230+00:00,143.736,0.615,0.61,0.62,0.385,0.38,0.39,141.0,27.0,15.0,151.0,0.6,176.56,0.63,114.0,0.59,205.88,0.64,270.0,0.58,243.36,0.65,503.99,0.57,486.0,0.66,429.0,0.56,364.0,0.67,389.0,0.37,209.0,0.4,186.56,0.36,280.0,0.41,264.88,0.35,469.0,0.42,278.36,0.34,429.0,0.43,522.0,0.33,424.0,0.44,376.0
2026-01-07 04:32:24.721000+00:00,2026-01-07 04:32:22.081090+00:00,144.721,0.615,0.61,0.62,0.385,0.38,0.39,136.0,11.92,11.92,136.0,0.6,247.56,0.63,197.0,0.59,325.88,0.64,177.0,0.58,278.36,0.65,286.0,0.57,522.0,0.66,449.0,0.56,376.0,0.67,424.0,0.37,137.0,0.4,247.56,0.36,189.0,0.41,313.88,0.35,286.0,0.42,278.36,0.34,449.0,0.43,486.0,0.33,424.0,0.44,364.0
2026-01-07 04:32:25.750000+00:00,2026-01-07 04:32:23.085224+00:00,145.75,0.615,0.61,0.62,0.385,0.38,0.39,46.0,11.92,166.92,46.0,0.6,320.0,0.63,226.01,0.59,287.0,0.64,190.0,0.58,314.36,0.65,301.0,0.57,498.0,0.66,434.0,0.56,364.0,0.67,424.0,0.37,206.0,0.4,293.0,0.36,145.0,0.41,275.51,0.35,286.0,0.42,287.0,0.34,434.0,0.43,486.0,0.33,424.0,0.44,400.0
2026-01-07 04:32:26.663000+00:00,2026-01-07 04:32:24.093830+00:00,146.663,0.615,0.61,0.62,0.385,0.38,0.39,6.0,125.3,125.3,6.0,0.6,40.0,0.63,170.0,0.59,10.0,0.64,313.0,0.58,297.99,0.65,540.0,0.57,592.0,0.66,434.0,0.56,411.0,0.67,424.0,0.37,170.0,0.4,40.0,0.36,313.0,0.41,10.0,0.35,540.0,0.42,297.99,0.34,434.0,0.43,592.0,0.33,424.0,0.44,411.0
2026-01-07 04:32:27.753000+00:00,2026-01-07 04:32:25.096327+00:00,147.753,0.615,0.61,0.62,0.385,0.38,0.39,6.0,120.3,177.3,6.0,0.6,40.0,0.63,170.0,0.59,10.0,0.64,313.0,0.58,297.99,0.65,540.0,0.57,592.0,0.66,434.0,0.56,399.0,0.67,424.0,0.37,491.0,0.4,5.0,0.36,459.0,0.41,35.0,0.35,469.0,0.42,273.0,0.34,508.0,0.43,628.0,0.33,389.0,0.44,399.0
2026-01-07 04:32:28.765000+00:00,2026-01-07 04:32:26.104870+00:00,148.765,0.615,0.61,0.62,0.385,0.38,0.39,6.0,347.3,347.3,6.0,0.6,5.0,0.63,685.0,0.59,35.0,0.64,459.0,0.58,102.0,0.65,469.0,0.57,433.0,0.66,434.0,0.56,278.0,0.67,389.0,0.37,685.0,0.4,5.0,0.36,459.0,0.41,35.0,0.35,540.0,0.42,102.0,0.34,434.0,0.43,433.0,0.33,389.0,0.44,314.0
2026-01-07 04:32:29.758000+00:00,2026-01-07 04:32:27.099341+00:00,149.758,0.615,0.61,0.62,0.385,0.38,0.39,6.0,383.3,380.27,6.0,0.6,5.0,0.63,685.0,0.59,47.0,0.64,459.0,0.58,114.0,0.65,540.0,0.57,409.0,0.66,414.0,0.56,314.0,0.67,389.0,0.37,697.0,0.4,5.0,0.36,471.0,0.41,47.0,0.35,540.0,0.42,114.0,0.34,414.0,0.43,421.0,0.33,389.0,0.44,314.0
2026-01-07 04:32:30.786000+00:00,2026-01-07 04:32:28.121976+00:00,150.786,0.615,0.61,0.62,0.385,0.38,0.39,6.0,327.49,315.49,6.0,0.6,39.56,0.63,697.0,0.59,165.88,0.64,471.0,0.58,70.36,0.65,560.0,0.57,409.0,0.66,414.0,0.56,290.0,0.67,389.0,0.37,733.0,0.4,54.56,0.36,471.0,0.41,153.88,0.35,489.0,0.42,82.36,0.34,488.0,0.43,445.0,0.33,389.0,0.44,290.0
2026-01-07 04:32:31.783000+00:00,2026-01-07 04:32:29.128994+00:00,151.783,0.615,0.61,0.62,0.385,0.38,0.39,66.0,300.49,300.49,71.0,0.6,143.56,0.63,685.0,0.59,243.88,0.64,498.0,0.58,204.36,0.65,501.0,0.57,516.0,0.66,414.0,0.56,399.0,0.67,389.0,0.37,673.0,0.4,155.56,0.36,534.0,0.41,243.88,0.35,501.0,0.42,240.36,0.34,414.0,0.43,528.0,0.33,465.0,0.44,399.0
2026-01-07 04:32:32.807000+00:00,2026-01-07 04:32:30.136343+00:00,152.807,0.615,0.61,0.62,0.385,0.38,0.39,26.0,465.32,450.32,26.0,0.6,5.0,0.63,400.0,0.59,183.0,0.64,528.0,0.58,269.36,0.65,489.0,0.57,273.0,0.66,414.0,0.56,462.0,0.67,389.0,0.37,400.0,0.4,5.0,0.36,459.0,0.41,183.0,0.35,560.0,0.42,242.0,0.34,414.0,0.43,285.0,0.33,389.0,0.44,438.0
2026-01-07 04:32:33.773000+00:00,2026-01-07 04:32:31.143828+00:00,153.773,0.59,0.58,0.6,0.41000000000000003,0.4,0.42,147.99,135.0,135.0,147.99,0.57,67.0,0.61,278.0,0.56,143.0,0.62,478.32,0.55,263.0,0.63,396.0,0.54,350.0,0.64,459.0,0.53,349.0,0.65,560.0,0.39,278.0,0.43,67.0,0.38,478.32,0.44,143.0,0.37,396.0,0.45,263.0,0.36,459.0,0.46,350.0,0.35,560.0,0.47,349.0
2026-01-07 04:32:34.758000+00:00,2026-01-07 04:32:32.148633+00:00,154.758,0.59,0.58,0.6,0.41000000000000003,0.4,0.42,159.99,130.06,130.06,159.99,0.57,55.0,0.61,278.0,0.56,143.0,0.62,478.32,0.55,275.0,0.63,396.0,0.54,338.0,0.64,459.0,0.53,349.0,0.65,560.0,0.39,278.0,0.43,89.56,0.38,478.32,0.44,169.88,0.37,396.0,0.45,290.36,0.36,459.0,0.46,338.0,0.35,560.0,0.47,349.0
2026-01-07 04:32:35.830000+00:00,2026-01-07 04:32:33.159362+00:00,155.83,0.585,0.58,0.59,0.415,0.41,0.42,10.0,335.0,269.0,10.0,0.55,267.0,0.6,597.06,0.54,347.98,0.61,349.0,0.53,412.0,0.62,419.32,0.52,358.0,0.63,384.0,0.51,375.0,0.64,493.0,0.4,607.06,0.45,238.0,0.39,448.0,0.46,193.0,0.38,419.32,0.47,374.0,0.37,384.0,0.48,414.0,0.36,424.0,0.49,375.0
2026-01-07 04:32:36.810000+00:00,2026-01-07 04:32:34.162582+00:00,156.81,0.555,0.55,0.56,0.445,0.44,0.45,35.0,210.0,210.0,35.0,0.54,10.0,0.57,36.0,0.53,55.0,0.58,263.0,0.52,325.0,0.59,238.0,0.51,492.0,0.6,603.06,0.5,790.01,0.61,448.0,0.43,36.0,0.46,10.0,0.42,263.0,0.47,55.0,0.41,238.0,0.48,325.0,0.4,603.06,0.49,492.0,0.39,448.0,0.5,790.01
2026-01-07 04:32:37.758000+00:00,2026-01-07 04:32:35.155513+00:00,157.758,0.535,0.53,0.54,0.46499999999999997,0.46,0.47,14.29,40.0,40.0,14.29,0.52,312.56,0.55,105.0,0.51,495.88,0.56,174.0,0.5,816.37,0.58,228.0,0.49,628.0,0.59,228.0,0.48,411.0,0.6,568.06,0.45,117.0,0.48,312.56,0.44,174.0,0.49,495.88,0.42,228.0,0.5,816.37,0.41,228.0,0.51,628.0,0.4,568.06,0.52,411.0
2026-01-07 04:32:38.771000+00:00,2026-01-07 04:32:36.157901+00:00,158.771,0.535,0.53,0.54,0.46499999999999997,0.46,0.47,14.29,40.0,40.0,14.29,0.52,347.56,0.55,152.0,0.51,505.88,0.56,184.0,0.5,816.37,0.57,35.0,0.49,663.0,0.58,263.0,0.48,446.0,0.59,263.0,0.45,152.0,0.48,313.0,0.44,184.0,0.49,505.88,0.43,35.0,0.5,816.37,0.42,263.0,0.51,663.0,0.41,263.0,0.52,446.0
2026-01-07 04:32:39.815000+00:00,2026-01-07 04:32:37.165298+00:00,159.815,0.535,0.53,0.54,0.46499999999999997,0.46,0.47,9.29,211.0,211.0,9.29,0.52,298.12,0.55,192.0,0.51,149.76,0.56,292.0,0.5,592.72,0.57,502.0,0.49,526.0,0.58,384.0,0.48,422.0,0.59,349.0,0.45,253.0,0.48,298.12,0.44,353.0,0.49,149.76,0.43,563.0,0.5,592.72,0.42,384.0,0.51,526.0,0.41,349.0,0.52,422.0
2026-01-07 04:32:40.816000+00:00,2026-01-07 04:32:38.155557+00:00,160.816,0.525,0.52,0.53,0.475,0.47,0.48,298.12,130.0,259.0,69.12,0.51,149.76,0.54,146.0,0.5,497.73,0.55,263.0,0.49,576.0,0.56,353.0,0.48,422.0,0.57,583.0,0.47,448.0,0.58,349.0,0.46,172.0,0.49,59.76,0.45,263.0,0.5,473.72,0.44,474.0,0.51,495.0,0.43,359.0,0.52,324.0,0.42,364.0,0.53,481.99
2026-01-07 04:32:41.802000+00:00,2026-01-07 04:32:39.163822+00:00,161.802,0.505,0.5,0.51,0.495,0.49,0.5,443.73,157.55,233.55,410.68,0.49,300.0,0.52,189.0,0.48,256.0,0.53,573.0,0.47,140.99,0.54,603.0,0.46,570.6,0.55,384.0,0.45,407.0,0.56,364.0,0.48,250.0,0.51,288.0,0.47,498.0,0.52,268.0,0.46,603.0,0.53,104.99,0.45,384.0,0.54,543.6,0.44,364.0,0.55,422.0
2026-01-07 04:32:42.837000+00:00,2026-01-07 04:32:40.173442+00:00,162.837,0.505,0.5,0.51,0.495,0.49,0.5,361.96,208.55,208.55,361.96,0.49,357.12,0.52,324.0,0.48,411.76,0.53,474.0,0.47,135.71,0.54,603.0,0.46,454.6,0.55,349.0,0.45,424.0,0.56,364.0,0.48,439.08,0.51,357.12,0.47,539.76,0.52,411.76,0.46,603.0,0.53,135.71,0.45,349.0,0.54,454.6,0.44,364.0,0.55,424.0
2026-01-07 04:32:43.713000+00:00,2026-01-07 04:32:41.178927+00:00,163.713,0.505,0.5,0.51,0.495,0.49,0.5,361.96,233.55,233.55,361.96,0.49,288.0,0.52,449.08,0.48,358.0,0.53,539.76,0.47,139.99,0.54,603.0,0.46,464.6,0.55,384.0,0.45,459.0,0.56,421.0,0.48,449.08,0.51,288.0,0.47,539.76,0.52,358.0,0.46,603.0,0.53,139.99,0.45,384.0,0.54,464.6,0.44,421.0,0.55,459.0
2026-01-07 04:32:44.598000+00:00,2026-01-07 04:32:42.185093+00:00,164.598,0.505,0.5,0.51,0.495,0.49,0.5,361.96,233.55,233.55,361.96,0.49,288.0,0.52,449.08,0.48,358.0,0.53,539.76,0.47,139.99,0.54,603.0,0.46,479.6,0.55,384.0,0.45,444.0,0.56,349.0,0.48,449.08,0.51,288.0,0.47,539.76,0.52,358.0,0.46,603.0,0.53,139.99,0.45,384.0,0.54,479.6,0.44,349.0,0.55,444.0
2026-01-07 04:32:45.623000+00:00,2026-01-07 04:32:43.189554+00:00,165.623,0.505,0.5,0.51,0.495,0.49,0.5,361.96,233.55,233.55,361.96,0.49,288.0,0.52,449.08,0.48,853.0,0.53,539.76,0.47,102.0,0.54,603.0,0.46,467.6,0.55,384.0,0.45,444.0,0.56,349.0,0.48,449.08,0.51,288.0,0.47,539.76,0.52,758.0,0.46,603.0,0.53,151.99,0.45,404.0,0.54,467.6,0.44,349.0,0.55,444.0
2026-01-07 04:32:46.802000+00:00,2026-01-07 04:32:44.195506+00:00,166.802,0.505,0.5,0.51,0.495,0.49,0.5,381.96,233.55,233.55,381.96,0.49,288.0,0.52,334.0,0.48,758.0,0.53,474.0,0.47,151.99,0.54,603.0,0.46,467.6,0.55,404.0,0.45,444.0,0.56,406.0,0.48,334.0,0.51,288.0,0.47,474.0,0.52,758.0,0.46,603.0,0.53,151.99,0.45,404.0,0.54,467.6,0.44,406.0,0.55,444.0
2026-01-07 04:32:47.829000+00:00,2026-01-07 04:32:45.200910+00:00,167.829,0.505,0.5,0.51,0.495,0.49,0.5,381.96,233.55,233.55,376.56,0.49,288.0,0.52,334.0,0.48,853.0,0.53,474.0,0.47,102.0,0.54,603.0,0.46,467.6,0.55,404.0,0.45,444.0,0.56,406.0,0.48,334.0,0.51,288.0,0.47,474.0,0.52,853.0,0.46,603.0,0.53,126.0,0.45,404.0,0.54,455.6,0.44,349.0,0.55,432.0
2026-01-07 04:32:48.847000+00:00,2026-01-07 04:32:46.207015+00:00,168.847,0.505,0.5,0.51,0.495,0.49,0.5,490.56,35.0,80.0,361.56,0.49,606.56,0.52,112.54,0.48,957.88,0.53,112.88,0.47,396.36,0.54,542.0,0.46,441.6,0.55,319.0,0.45,420.0,0.56,349.0,0.48,127.54,0.51,600.55,0.47,160.88,0.52,933.88,0.46,482.0,0.53,432.87,0.45,283.0,0.54,441.6,0.44,349.0,0.55,420.0
2026-01-07 04:32:49.869000+00:00,2026-01-07 04:32:47.214571+00:00,169.869,0.505,0.5,0.51,0.495,0.49,0.5,361.56,80.0,80.0,361.56,0.49,312.0,0.52,139.54,0.48,774.0,0.53,355.88,0.47,417.51,0.54,482.0,0.46,567.6,0.55,494.0,0.45,420.0,0.56,349.0,0.48,163.54,0.51,312.0,0.47,355.88,0.52,774.0,0.46,482.0,0.53,417.51,0.45,494.0,0.54,567.6,0.44,349.0,0.55,420.0
2026-01-07 04:32:50.826000+00:00,2026-01-07 04:32:48.220124+00:00,170.826,0.505,0.5,0.51,0.495,0.49,0.5,361.56,80.0,80.0,361.56,0.49,679.99,0.52,112.54,0.48,922.0,0.53,223.88,0.47,417.0,0.54,314.0,0.46,465.6,0.55,373.0,0.45,420.0,0.56,349.0,0.48,112.54,0.51,679.99,0.47,223.88,0.52,922.0,0.46,314.0,0.53,417.0,0.45,373.0,0.54,465.6,0.44,349.0,0.55,420.0
2026-01-07 04:32:51.885000+00:00,2026-01-07 04:32:49.227582+00:00,171.885,0.505,0.5,0.51,0.495,0.49,0.5,361.56,112.0,112.0,361.56,0.49,561.0,0.52,261.0,0.48,851.0,0.53,234.88,0.47,443.99,0.54,542.0,0.46,467.6,0.55,494.0,0.45,456.0,0.56,406.0,0.48,261.0,0.51,378.0,0.47,263.0,0.52,668.0,0.46,603.0,0.53,443.99,0.45,494.0,0.54,467.6,0.44,406.0,0.55,456.0
2026-01-07 04:32:52.894000+00:00,2026-01-07 04:32:50.231829+00:00,172.894,0.505,0.5,0.51,0.495,0.49,0.5,356.56,107.0,107.0,356.56,0.49,378.0,0.52,340.89,0.48,668.0,0.53,273.8,0.47,322.99,0.54,603.0,0.46,467.6,0.55,494.0,0.45,456.0,0.56,349.0,0.48,340.89,0.51,378.0,0.47,273.8,0.52,668.0,0.46,603.0,0.53,308.0,0.45,494.0,0.54,467.6,0.44,349.0,0.55,456.0
2026-01-07 04:32:53.787000+00:00,2026-01-07 04:32:51.237779+00:00,173.787,0.505,0.5,0.51,0.495,0.49,0.5,339.56,95.0,95.0,439.56,0.49,378.0,0.52,340.89,0.48,763.0,0.53,285.8,0.47,273.0,0.54,603.0,0.46,479.6,0.55,494.0,0.45,444.0,0.56,349.0,0.48,340.89,0.51,378.0,0.47,285.8,0.52,763.0,0.46,603.0,0.53,273.0,0.45,494.0,0.54,479.6,0.44,349.0,0.55,444.0
2026-01-07 04:32:54.673000+00:00,2026-01-07 04:32:52.245105+00:00,174.673,0.505,0.5,0.51,0.495,0.49,0.5,439.56,95.0,95.0,439.56,0.49,378.0,0.52,328.89,0.48,763.0,0.53,297.8,0.47,273.0,0.54,603.0,0.46,479.6,0.55,494.0,0.45,444.0,0.56,349.0,0.48,328.89,0.51,378.0,0.47,297.8,0.52,763.0,0.46,603.0,0.53,273.0,0.45,494.0,0.54,479.6,0.44,349.0,0.55,444.0
2026-01-07 04:32:55.911000+00:00,2026-01-07 04:32:53.249608+00:00,175.911,0.505,0.5,0.51,0.495,0.49,0.5,410.56,95.0,95.0,410.56,0.49,383.0,0.52,310.0,0.48,763.0,0.53,287.0,0.47,273.0,0.54,603.0,0.46,479.6,0.55,494.0,0.45,444.0,0.56,349.0,0.48,310.0,0.51,383.0,0.47,287.0,0.52,763.0,0.46,603.0,0.53,273.0,0.45,494.0,0.54,479.6,0.44,349.0,0.55,444.0
2026-01-07 04:32:56.924000+00:00,2026-01-07 04:32:54.258382+00:00,176.924,0.505,0.5,0.51,0.495,0.49,0.5,415.56,95.0,95.0,415.56,0.49,378.0,0.52,274.0,0.48,698.0,0.53,299.0,0.47,114.0,0.54,603.0,0.46,455.6,0.55,494.0,0.45,444.0,0.56,349.0,0.48,298.0,0.51,378.0,0.47,299.0,0.52,668.0,0.46,603.0,0.53,163.99,0.45,494.0,0.54,455.6,0.44,406.0,0.55,444.0
2026-01-07 04:32:57.929000+00:00,2026-01-07 04:32:55.263829+00:00,177.929,0.505,0.5,0.51,0.495,0.49,0.5,410.56,262.0,383.0,427.56,0.49,378.0,0.52,262.0,0.48,420.0,0.53,420.0,0.47,42.0,0.54,433.0,0.46,361.6,0.55,494.0,0.45,412.0,0.56,349.0,0.48,359.0,0.51,288.0,0.47,384.0,0.52,420.0,0.46,433.0,0.53,35.0,0.45,494.0,0.54,361.6,0.44,349.0,0.55,624.0
2026-01-07 04:32:58.922000+00:00,2026-01-07 04:32:56.269824+00:00,178.922,0.485,0.48,0.49,0.515,0.51,0.52,393.46,164.0,88.0,369.34,0.47,30.0,0.5,372.0,0.46,57.6,0.51,399.0,0.45,245.0,0.52,384.0,0.44,149.0,0.53,384.0,0.43,205.98,0.54,398.0,0.5,364.0,0.53,30.0,0.49,417.89,0.54,57.6,0.48,394.8,0.55,245.0,0.47,384.0,0.56,140.0,0.46,398.0,0.57,217.98
2026-01-07 04:32:59.910000+00:00,2026-01-07 04:32:57.272389+00:00,179.91,0.485,0.48,0.49,0.515,0.51,0.52,359.34,80.0,80.0,359.34,0.47,30.0,0.5,436.0,0.46,69.6,0.51,429.89,0.45,257.0,0.52,394.8,0.44,236.0,0.53,384.0,0.43,200.0,0.54,398.0,0.5,436.0,0.53,30.0,0.49,429.89,0.54,81.6,0.48,394.8,0.55,245.0,0.47,384.0,0.56,248.0,0.46,398.0,0.57,215.0
2026-01-07 04:33:00.931000+00:00,2026-01-07 04:32:58.278658+00:00,180.931,0.485,0.48,0.49,0.515,0.51,0.52,359.34,90.0,90.0,359.34,0.47,30.0,0.5,436.0,0.46,81.6,0.51,429.89,0.45,245.0,0.52,394.8,0.44,248.0,0.53,384.0,0.43,200.0,0.54,398.0,0.5,436.0,0.53,30.0,0.49,429.89,0.54,81.6,0.48,394.8,0.55,245.0,0.47,384.0,0.56,248.0,0.46,398.0,0.57,322.0
2026-01-07 04:33:01.853000+00:00,2026-01-07 04:32:59.285482+00:00,181.853,0.485,0.48,0.49,0.515,0.51,0.52,320.87,115.9,75.9,320.87,0.47,30.0,0.5,436.0,0.46,81.6,0.51,411.0,0.45,245.0,0.52,384.0,0.44,248.0,0.53,384.0,0.43,383.0,0.54,398.0,0.5,436.0,0.53,30.0,0.49,411.0,0.54,81.6,0.48,608.0,0.55,245.0,0.47,384.0,0.56,248.0,0.46,398.0,0.57,383.0
2026-01-07 04:33:02.953000+00:00,2026-01-07 04:33:00.306822+00:00,182.953,0.485,0.48,0.49,0.515,0.51,0.52,329.87,75.9,75.9,329.87,0.47,30.0,0.5,454.89,0.46,81.6,0.51,421.8,0.45,245.0,0.52,608.0,0.44,248.0,0.53,384.0,0.43,398.0,0.54,398.0,0.5,454.89,0.53,50.0,0.49,421.8,0.54,81.6,0.48,608.0,0.55,245.0,0.47,384.0,0.56,248.0,0.46,398.0,0.57,398.0
2026-01-07 04:33:03.853000+00:00,2026-01-07 04:33:01.312112+00:00,183.853,0.485,0.48,0.49,0.515,0.51,0.52,329.87,90.9,90.9,329.87,0.47,50.0,0.5,454.89,0.46,81.6,0.51,421.8,0.45,306.0,0.52,608.0,0.44,431.0,0.53,384.0,0.43,277.0,0.54,398.0,0.5,454.89,0.53,50.0,0.49,421.8,0.54,81.6,0.48,608.0,0.55,306.0,0.47,384.0,0.56,431.0,0.46,398.0,0.57,277.0
2026-01-07 04:33:04.954000+00:00,2026-01-07 04:33:02.317189+00:00,184.954,0.485,0.48,0.49,0.515,0.51,0.52,329.87,73.85,58.85,391.48,0.47,54.0,0.5,352.0,0.46,72.6,0.51,495.0,0.45,419.0,0.52,608.0,0.44,404.51,0.53,384.0,0.43,238.0,0.54,398.0,0.5,352.0,0.53,231.99,0.49,399.0,0.54,293.6,0.48,644.0,0.55,336.0,0.47,396.0,0.56,353.0,0.46,344.0,0.57,359.0
2026-01-07 04:33:05.967000+00:00,2026-01-07 04:33:03.322646+00:00,185.967,0.485,0.48,0.49,0.515,0.51,0.52,570.23,25.36,25.36,582.23,0.47,291.0,0.5,80.0,0.46,350.6,0.51,95.0,0.45,243.0,0.52,304.0,0.44,384.0,0.53,474.0,0.43,384.0,0.54,440.0,0.5,80.0,0.53,279.0,0.49,95.0,0.54,350.6,0.48,304.0,0.55,243.0,0.47,474.0,0.56,384.0,0.46,440.0,0.57,384.0
2026-01-07 04:33:07.008000+00:00,2026-01-07 04:33:04.347417+00:00,187.008,0.485,0.48,0.49,0.515,0.51,0.52,659.23,25.36,15.72,720.23,0.47,297.0,0.5,80.0,0.46,320.6,0.51,179.0,0.45,279.0,0.52,316.0,0.44,420.0,0.53,474.0,0.43,384.0,0.54,344.0,0.5,92.0,0.53,297.0,0.49,179.0,0.54,320.6,0.48,304.0,0.55,279.0,0.47,170.0,0.56,420.0,0.46,344.0,0.57,384.0
2026-01-07 04:33:08.018000+00:00,2026-01-07 04:33:05.370804+00:00,188.018,0.495,0.49,0.5,0.505,0.5,0.51,256.99,38.89,38.89,398.9,0.48,587.23,0.51,194.8,0.47,514.0,0.52,67.0,0.46,356.6,0.53,80.0,0.45,304.0,0.54,379.0,0.44,349.0,0.55,459.0,0.49,194.8,0.52,587.23,0.48,67.0,0.53,514.0,0.47,80.0,0.54,356.6,0.46,196.0,0.55,304.0,0.45,459.0,0.56,349.0
2026-01-07 04:33:09.799000+00:00,2026-01-07 04:33:07.377053+00:00,189.799,0.495,0.49,0.5,0.505,0.5,0.51,35.0,45.94,50.94,35.0,0.48,412.23,0.51,184.0,0.47,646.0,0.52,157.0,0.46,344.6,0.53,80.0,0.45,292.0,0.54,379.0,0.44,373.0,0.55,369.0,0.49,162.89,0.52,412.23,0.48,157.8,0.53,646.0,0.47,45.0,0.54,344.6,0.46,379.0,0.55,292.0,0.45,369.0,0.56,373.0
2026-01-07 04:33:10.886000+00:00,2026-01-07 04:33:08.368107+00:00,190.886,0.495,0.49,0.5,0.505,0.5,0.51,35.0,35.82,35.82,35.0,0.48,412.23,0.51,149.0,0.47,646.0,0.52,182.0,0.46,344.6,0.53,55.0,0.45,292.0,0.54,379.0,0.44,373.0,0.55,369.0,0.49,149.0,0.52,412.23,0.48,182.0,0.53,646.0,0.47,55.0,0.54,344.6,0.46,379.0,0.55,292.0,0.45,369.0,0.56,373.0
2026-01-07 04:33:12.983000+00:00,2026-01-07 04:33:10.380412+00:00,192.983,0.485,0.48,0.49,0.515,0.51,0.52,428.23,5.07,5.07,428.23,0.47,397.0,0.5,72.78,0.46,356.6,0.51,167.0,0.45,280.0,0.52,169.0,0.44,408.0,0.53,80.0,0.43,334.0,0.54,603.0,0.5,72.78,0.53,397.0,0.49,179.0,0.54,356.6,0.48,157.0,0.55,280.0,0.47,80.0,0.56,408.0,0.46,603.0,0.57,334.0
2026-01-07 04:33:13.883000+00:00,2026-01-07 04:33:11.387050+00:00,193.883,0.49,0.48,0.5,0.51,0.5,0.52,433.23,181.46,176.46,652.23,0.47,343.0,0.51,107.0,0.46,374.6,0.52,145.0,0.45,304.0,0.53,80.0,0.44,396.0,0.54,603.0,0.43,358.0,0.55,374.3,0.49,107.0,0.53,343.0,0.48,145.0,0.54,374.6,0.47,80.0,0.55,304.0,0.46,603.0,0.56,396.0,0.45,374.3,0.57,358.0
2026-01-07 04:33:14.862000+00:00,2026-01-07 04:33:12.392580+00:00,194.862,0.495,0.49,0.5,0.505,0.5,0.51,5.0,82.22,90.0,5.0,0.48,657.23,0.51,184.0,0.47,402.0,0.52,157.0,0.46,354.6,0.53,80.0,0.45,304.0,0.54,603.0,0.44,396.0,0.55,430.3,0.49,184.0,0.52,657.23,0.48,157.0,0.53,402.0,0.47,80.0,0.54,354.6,0.46,603.0,0.55,304.0,0.45,430.3,0.56,396.0
2026-01-07 04:33:15.813000+00:00,2026-01-07 04:33:13.397792+00:00,195.813,0.495,0.49,0.5,0.505,0.5,0.51,5.0,79.76,79.76,5.0,0.48,652.23,0.51,184.0,0.47,402.0,0.52,157.0,0.46,359.6,0.53,80.0,0.45,304.0,0.54,603.0,0.44,396.0,0.55,430.3,0.49,184.0,0.52,652.23,0.48,157.0,0.53,402.0,0.47,80.0,0.54,359.6,0.46,603.0,0.55,304.0,0.45,430.3,0.56,396.0
2026-01-07 04:33:16.951000+00:00,2026-01-07 04:33:14.420415+00:00,196.951,0.495,0.49,0.5,0.505,0.5,0.51,5.0,94.76,84.52,5.0,0.48,664.23,0.51,179.0,0.47,390.0,0.52,72.0,0.46,376.6,0.53,170.0,0.45,304.0,0.54,603.0,0.44,384.0,0.55,430.3,0.49,179.0,0.52,664.23,0.48,67.0,0.53,390.0,0.47,170.0,0.54,376.6,0.46,603.0,0.55,304.0,0.45,430.3,0.56,384.0
2026-01-07 04:33:18.095000+00:00,2026-01-07 04:33:15.429555+00:00,198.095,0.495,0.49,0.5,0.505,0.5,0.51,5.0,129.28,129.28,5.0,0.48,643.23,0.51,159.0,0.47,380.0,0.52,92.0,0.46,331.6,0.53,170.0,0.45,269.0,0.54,603.0,0.44,384.0,0.55,395.3,0.49,159.0,0.52,643.23,0.48,92.0,0.53,415.0,0.47,170.0,0.54,331.6,0.46,603.0,0.55,304.0,0.45,395.3,0.56,384.0
2026-01-07 04:33:19.044000+00:00,2026-01-07 04:33:16.421011+00:00,199.044,0.495,0.49,0.5,0.505,0.5,0.51,5.0,202.0,202.0,5.0,0.48,307.23,0.51,75.0,0.47,402.99,0.52,80.0,0.46,352.6,0.53,170.0,0.45,270.0,0.54,433.0,0.44,420.0,0.55,334.0,0.49,75.0,0.52,307.23,0.48,80.0,0.53,402.99,0.47,170.0,0.54,367.6,0.46,433.0,0.55,255.0,0.45,334.0,0.56,420.0
2026-01-07 04:33:20.065000+00:00,2026-01-07 04:33:17.427507+00:00,200.065,0.495,0.49,0.5,0.505,0.5,0.51,5.0,126.88,126.88,5.0,0.48,307.23,0.51,75.0,0.47,397.99,0.52,80.0,0.46,360.6,0.53,170.0,0.45,243.0,0.54,433.0,0.44,384.0,0.55,334.0,0.49,87.0,0.52,307.23,0.48,80.0,0.53,409.99,0.47,170.0,0.54,360.6,0.46,433.0,0.55,255.0,0.45,334.0,0.56,396.0
2026-01-07 04:33:21.106000+00:00,2026-01-07 04:33:18.430347+00:00,201.106,0.495,0.49,0.5,0.505,0.5,0.51,5.0,91.76,91.76,5.0,0.48,307.23,0.51,177.89,0.47,421.99,0.52,90.8,0.46,389.6,0.53,170.0,0.45,279.0,0.54,379.0,0.44,396.0,0.55,390.0,0.49,177.89,0.52,307.23,0.48,90.8,0.53,421.99,0.47,170.0,0.54,389.6,0.46,379.0,0.55,279.0,0.45,390.0,0.56,396.0
2026-01-07 04:33:22.077000+00:00,2026-01-07 04:33:19.438223+00:00,202.077,0.495,0.49,0.5,0.505,0.5,0.51,5.0,96.9,96.9,5.0,0.48,307.23,0.51,177.89,0.47,421.99,0.52,90.8,0.46,359.6,0.53,170.0,0.45,269.0,0.54,433.0,0.44,361.0,0.55,334.0,0.49,159.0,0.52,307.23,0.48,90.8,0.53,456.99,0.47,170.0,0.54,339.6,0.46,433.0,0.55,334.0,0.45,334.0,0.56,396.0
2026-01-07 04:33:23.100000+00:00,2026-01-07 04:33:20.444346+00:00,203.1,0.485,0.48,0.49,0.515,0.51,0.52,302.13,113.0,113.0,302.13,0.47,456.99,0.5,129.89,0.46,569.6,0.51,165.8,0.45,304.0,0.52,80.0,0.44,420.0,0.53,170.0,0.43,369.0,0.54,398.0,0.5,129.89,0.53,456.99,0.49,165.8,0.54,569.6,0.48,80.0,0.55,304.0,0.47,170.0,0.56,420.0,0.46,398.0,0.57,369.0
2026-01-07 04:33:24.125000+00:00,2026-01-07 04:33:21.466226+00:00,204.125,0.485,0.48,0.49,0.515,0.51,0.52,302.13,102.22,102.22,302.13,0.47,238.99,0.5,165.89,0.46,376.6,0.51,129.8,0.45,218.0,0.52,80.0,0.44,202.0,0.53,170.0,0.43,186.0,0.54,215.0,0.5,165.89,0.53,238.99,0.49,129.8,0.54,406.6,0.48,80.0,0.55,218.0,0.47,170.0,0.56,237.0,0.46,215.0,0.57,186.0
2026-01-07 04:33:25.096000+00:00,2026-01-07 04:33:22.475893+00:00,205.096,0.485,0.48,0.49,0.515,0.51,0.52,302.13,92.22,92.22,302.13,0.47,214.99,0.5,171.0,0.46,430.6,0.51,95.0,0.45,194.0,0.52,80.0,0.44,237.0,0.53,170.0,0.43,210.0,0.54,215.0,0.5,171.0,0.53,214.99,0.49,95.0,0.54,425.6,0.48,80.0,0.55,194.0,0.47,170.0,0.56,237.0,0.46,215.0,0.57,210.0
2026-01-07 04:33:26.163000+00:00,2026-01-07 04:33:23.494193+00:00,206.163,0.485,0.48,0.49,0.505,0.5,0.51,302.13,82.22,224.0,122.78,0.47,214.99,0.5,171.0,0.46,415.6,0.51,95.0,0.45,194.0,0.52,80.0,0.44,237.0,0.53,170.0,0.43,210.0,0.54,215.0,0.49,65.0,0.52,337.13,0.48,80.0,0.53,224.99,0.47,394.0,0.54,380.6,0.46,215.0,0.55,219.0,0.45,151.0,0.56,237.0
2026-01-07 04:33:27.930000+00:00,2026-01-07 04:33:25.506110+00:00,207.93,0.495,0.49,0.5,0.505,0.5,0.51,122.78,135.14,135.14,122.78,0.48,337.13,0.51,165.89,0.47,248.99,0.52,192.8,0.46,391.6,0.53,304.0,0.45,255.0,0.54,250.0,0.44,225.0,0.55,151.0,0.49,147.0,0.52,337.13,0.48,192.8,0.53,248.99,0.47,304.0,0.54,391.6,0.46,250.0,0.55,255.0,0.45,151.0,0.56,225.0
2026-01-07 04:33:29.165000+00:00,2026-01-07 04:33:26.513067+00:00,209.165,0.495,0.49,0.5,0.505,0.5,0.51,102.38,246.28,348.28,102.38,0.48,293.13,0.51,318.0,0.47,50.0,0.52,413.0,0.46,72.6,0.53,323.0,0.45,225.99,0.54,371.0,0.44,288.0,0.55,273.0,0.49,318.0,0.52,293.13,0.48,436.0,0.53,50.0,0.47,323.0,0.54,72.6,0.46,318.0,0.55,104.99,0.45,273.0,0.56,167.0
2026-01-07 04:33:30.164000+00:00,2026-01-07 04:33:27.520251+00:00,210.164,0.495,0.49,0.5,0.505,0.5,0.51,81.98,394.42,370.42,81.98,0.48,293.13,0.51,379.0,0.47,50.0,0.52,436.0,0.46,84.6,0.53,384.0,0.45,92.99,0.54,379.0,0.44,240.0,0.55,334.0,0.49,463.0,0.52,293.13,0.48,436.0,0.53,62.0,0.47,384.0,0.54,84.6,0.46,379.0,0.55,116.99,0.45,334.0,0.56,264.0
2026-01-07 04:33:31.158000+00:00,2026-01-07 04:33:28.528168+00:00,211.158,0.495,0.49,0.5,0.505,0.5,0.51,78.98,205.56,210.56,78.98,0.48,293.13,0.51,463.0,0.47,74.0,0.52,436.0,0.46,72.6,0.53,384.0,0.45,116.99,0.54,379.0,0.44,299.0,0.55,334.0,0.49,463.0,0.52,293.13,0.48,436.0,0.53,74.0,0.47,384.0,0.54,72.6,0.46,379.0,0.55,116.99,0.45,334.0,0.56,116.0
2026-01-07 04:33:32.227000+00:00,2026-01-07 04:33:29.536565+00:00,212.227,0.495,0.49,0.5,0.505,0.5,0.51,113.98,113.7,113.7,118.98,0.48,322.13,0.51,409.89,0.47,124.99,0.52,478.8,0.46,138.6,0.53,384.0,0.45,114.51,0.54,379.0,0.44,95.0,0.55,334.0,0.49,499.89,0.52,317.13,0.48,478.8,0.53,124.99,0.47,384.0,0.54,138.6,0.46,433.0,0.55,204.51,0.45,334.0,0.56,95.0
2026-01-07 04:33:33.483000+00:00,2026-01-07 04:33:30.565305+00:00,213.483,0.505,0.5,0.51,0.495,0.49,0.5,89.8,15.0,15.0,113.8,0.49,400.49,0.52,309.0,0.48,657.13,0.53,145.0,0.47,293.0,0.54,196.0,0.46,320.6,0.55,465.0,0.45,390.0,0.56,374.3,0.48,309.0,0.51,409.49,0.47,145.0,0.52,657.13,0.46,196.0,0.53,293.0,0.45,465.0,0.54,320.6,0.44,431.3,0.55,390.0
2026-01-07 04:33:34.355000+00:00,2026-01-07 04:33:31.575452+00:00,214.355,0.505,0.5,0.51,0.49,0.48,0.5,86.8,5.33,419.65,86.8,0.49,385.49,0.52,351.89,0.48,633.13,0.53,227.8,0.47,329.0,0.54,196.0,0.46,344.6,0.55,369.0,0.45,402.0,0.56,374.3,0.47,145.0,0.51,345.98,0.46,201.0,0.52,675.13,0.45,369.0,0.53,293.0,0.44,431.3,0.54,368.6,0.43,324.3,0.55,414.0
2026-01-07 04:33:35.249000+00:00,2026-01-07 04:33:32.633376+00:00,215.249,0.51,0.5,0.52,0.49,0.48,0.5,86.8,439.65,432.65,51.8,0.49,345.98,0.53,145.0,0.48,675.13,0.54,196.0,0.47,293.0,0.55,369.0,0.46,368.6,0.56,431.3,0.45,414.0,0.57,324.3,0.47,145.0,0.51,380.98,0.46,196.0,0.52,675.13,0.45,369.0,0.53,293.0,0.44,431.3,0.54,368.6,0.43,324.3,0.55,414.0
2026-01-07 04:33:36.758000+00:00,2026-01-07 04:33:33.636819+00:00,216.758,0.51,0.5,0.52,0.495,0.49,0.5,100.0,399.65,9.62,108.0,0.49,375.98,0.53,145.0,0.48,645.13,0.54,196.0,0.47,293.0,0.55,369.0,0.46,368.6,0.56,374.3,0.45,414.0,0.57,382.3,0.48,399.65,0.51,375.98,0.47,145.0,0.52,645.13,0.46,196.0,0.53,293.0,0.45,369.0,0.54,592.6,0.44,374.3,0.55,414.0
2026-01-07 04:33:37.298000+00:00,2026-01-07 04:33:34.641913+00:00,217.298,0.505,0.5,0.51,0.495,0.49,0.5,100.0,9.62,9.62,100.0,0.49,345.98,0.52,399.65,0.48,675.13,0.53,145.0,0.47,293.0,0.54,196.0,0.46,592.6,0.55,369.0,0.45,414.0,0.56,431.3,0.48,399.65,0.51,345.98,0.47,145.0,0.52,675.13,0.46,196.0,0.53,293.0,0.45,369.0,0.54,592.6,0.44,431.3,0.55,414.0
2026-01-07 04:33:38.247000+00:00,2026-01-07 04:33:35.664935+00:00,218.247,0.5,0.49,0.51,0.495,0.49,0.5,217.97,49.24,30.0,50.0,0.48,492.13,0.52,394.65,0.47,110.0,0.53,145.0,0.46,592.6,0.54,379.0,0.45,414.0,0.55,369.0,0.44,334.0,0.56,431.3,0.48,399.65,0.51,182.98,0.47,267.0,0.52,492.13,0.46,379.0,0.53,110.0,0.45,369.0,0.54,592.6,0.44,431.3,0.55,414.0
2026-01-07 04:33:39.227000+00:00,2026-01-07 04:33:36.688499+00:00,219.227,0.505,0.5,0.51,0.495,0.49,0.5,50.0,19.62,24.62,50.0,0.49,182.98,0.52,399.65,0.48,492.13,0.53,328.0,0.47,110.0,0.54,379.0,0.46,592.6,0.55,369.0,0.45,414.0,0.56,431.3,0.48,413.54,0.51,182.98,0.47,338.8,0.52,492.13,0.46,379.0,0.53,110.0,0.45,369.0,0.54,592.6,0.44,431.3,0.55,414.0
2026-01-07 04:33:40.361000+00:00,2026-01-07 04:33:37.712761+00:00,220.361,0.505,0.5,0.51,0.49,0.48,0.5,88.95,5.0,406.06,88.95,0.49,162.98,0.52,411.33,0.48,492.13,0.53,328.0,0.47,110.0,0.54,379.0,0.46,592.6,0.55,369.0,0.45,414.0,0.56,374.3,0.47,328.0,0.51,162.98,0.46,379.0,0.52,492.13,0.45,369.0,0.53,110.0,0.44,374.3,0.54,592.6,0.43,382.3,0.55,414.0
2026-01-07 04:33:41.349000+00:00,2026-01-07 04:33:38.717574+00:00,221.349,0.51,0.5,0.52,0.49,0.48,0.5,88.95,406.06,406.06,88.95,0.49,162.98,0.53,346.89,0.48,492.13,0.54,389.8,0.47,110.0,0.55,369.0,0.46,592.6,0.56,374.3,0.45,414.0,0.57,382.3,0.47,346.89,0.51,162.98,0.46,389.8,0.52,492.13,0.45,369.0,0.53,110.0,0.44,374.3,0.54,592.6,0.43,382.3,0.55,414.0
2026-01-07 04:33:42.144000+00:00,2026-01-07 04:33:39.721689+00:00,222.144,0.51,0.5,0.52,0.495,0.49,0.5,123.95,381.68,45.0,69.99,0.49,137.98,0.53,353.0,0.48,427.13,0.54,354.0,0.47,110.0,0.55,369.0,0.46,592.6,0.56,374.3,0.45,379.0,0.57,417.3,0.48,376.04,0.51,172.98,0.47,353.0,0.52,427.13,0.46,354.0,0.53,110.0,0.45,369.0,0.54,592.6,0.44,374.3,0.55,379.0
2026-01-07 04:33:43.397000+00:00,2026-01-07 04:33:40.730907+00:00,223.397,0.505,0.5,0.51,0.495,0.49,0.5,54.99,112.0,101.54,50.99,0.49,172.98,0.52,364.04,0.48,427.13,0.53,353.0,0.47,110.0,0.54,354.0,0.46,592.6,0.55,425.0,0.45,379.0,0.56,374.3,0.48,364.04,0.51,172.98,0.47,353.0,0.52,427.13,0.46,354.0,0.53,110.0,0.45,425.0,0.54,592.6,0.44,374.3,0.55,379.0
2026-01-07 04:33:44.279000+00:00,2026-01-07 04:33:41.740024+00:00,224.279,0.505,0.5,0.51,0.495,0.49,0.5,50.99,51.54,51.54,50.99,0.49,172.98,0.52,364.04,0.48,427.13,0.53,353.0,0.47,110.0,0.54,354.0,0.46,592.6,0.55,425.0,0.45,379.0,0.56,374.3,0.48,364.04,0.51,163.98,0.47,353.0,0.52,427.13,0.46,354.0,0.53,110.0,0.45,425.0,0.54,592.6,0.44,374.3,0.55,379.0
2026-01-07 04:33:45.392000+00:00,2026-01-07 04:33:42.748222+00:00,225.392,0.495,0.49,0.5,0.505,0.5,0.51,73.98,262.0,250.0,73.98,0.48,333.13,0.51,65.0,0.47,120.0,0.52,66.04,0.46,191.6,0.53,80.0,0.45,297.0,0.54,196.0,0.44,238.0,0.55,242.0,0.49,65.0,0.52,333.13,0.48,66.04,0.53,120.0,0.47,80.0,0.54,167.6,0.46,196.0,0.55,297.0,0.45,242.0,0.56,202.0
2026-01-07 04:33:46.404000+00:00,2026-01-07 04:33:43.755027+00:00,226.404,0.495,0.49,0.5,0.505,0.5,0.51,93.98,251.76,251.76,93.98,0.48,408.13,0.51,65.0,0.47,115.0,0.52,84.93,0.46,161.6,0.53,90.8,0.45,297.0,0.54,196.0,0.44,250.0,0.55,242.0,0.49,65.0,0.52,408.13,0.48,84.93,0.53,115.0,0.47,90.8,0.54,161.6,0.46,196.0,0.55,297.0,0.45,242.0,0.56,250.0
2026-01-07 04:33:47.006000+00:00,2026-01-07 04:33:44.762406+00:00,227.006,0.495,0.49,0.5,0.505,0.5,0.51,68.38,178.0,167.76,68.38,0.48,408.13,0.51,248.0,0.47,115.0,0.52,267.93,0.46,137.6,0.53,273.8,0.45,297.0,0.54,379.0,0.44,214.0,0.55,186.0,0.49,248.0,0.52,408.13,0.48,267.93,0.53,115.0,0.47,273.8,0.54,137.6,0.46,379.0,0.55,297.0,0.45,186.0,0.56,214.0
2026-01-07 04:33:48.395000+00:00,2026-01-07 04:33:45.768090+00:00,228.395,0.495,0.49,0.5,0.505,0.5,0.51,53.38,155.76,155.76,53.38,0.48,408.13,0.51,344.0,0.47,139.0,0.52,249.04,0.46,137.6,0.53,273.8,0.45,345.0,0.54,379.0,0.44,409.0,0.55,369.0,0.49,344.0,0.52,408.13,0.48,249.04,0.53,139.0,0.47,263.0,0.54,137.6,0.46,379.0,0.55,345.0,0.45,369.0,0.56,409.0
2026-01-07 04:33:49.307000+00:00,2026-01-07 04:33:46.773671+00:00,229.307,0.495,0.49,0.5,0.505,0.5,0.51,62.38,160.91,106.0,142.38,0.48,408.13,0.51,344.0,0.47,139.0,0.52,249.04,0.46,137.6,0.53,263.0,0.45,345.0,0.54,379.0,0.44,633.0,0.55,369.0,0.49,332.89,0.52,403.13,0.48,214.84,0.53,109.0,0.47,277.16,0.54,137.6,0.46,379.0,0.55,345.0,0.45,369.0,0.56,605.0
2026-01-07 04:33:50.557000+00:00,2026-01-07 04:33:47.815798+00:00,230.557,0.505,0.5,0.51,0.495,0.49,0.5,85.0,34.89,34.89,140.0,0.49,188.38,0.52,340.84,0.48,531.13,0.53,229.0,0.47,419.0,0.54,270.0,0.46,348.6,0.55,248.0,0.45,269.0,0.56,253.3,0.48,305.84,0.51,300.38,0.47,254.0,0.52,556.13,0.46,245.0,0.53,419.0,0.45,248.0,0.54,584.6,0.44,253.3,0.55,234.0
2026-01-07 04:33:51.490000+00:00,2026-01-07 04:33:48.835320+00:00,231.49,0.505,0.5,0.51,0.495,0.49,0.5,135.0,14.77,14.77,135.0,0.49,361.38,0.52,245.84,0.48,556.13,0.53,281.0,0.47,419.0,0.54,233.0,0.46,584.6,0.55,248.0,0.45,234.0,0.56,253.3,0.48,245.84,0.51,361.38,0.47,281.0,0.52,556.13,0.46,233.0,0.53,419.0,0.45,248.0,0.54,584.6,0.44,253.3,0.55,234.0
2026-01-07 04:33:52.459000+00:00,2026-01-07 04:33:49.842165+00:00,232.459,0.505,0.5,0.51,0.495,0.49,0.5,40.0,59.16,59.16,40.0,0.49,330.38,0.52,350.84,0.48,622.13,0.53,194.0,0.47,395.0,0.54,233.0,0.46,592.6,0.55,304.0,0.45,371.0,0.56,374.3,0.48,362.84,0.51,330.38,0.47,194.0,0.52,622.13,0.46,233.0,0.53,383.0,0.45,304.0,0.54,604.6,0.44,374.3,0.55,371.0
2026-01-07 04:33:53.467000+00:00,2026-01-07 04:33:50.848514+00:00,233.467,0.505,0.5,0.51,0.495,0.49,0.5,14.6,173.04,162.92,14.6,0.49,266.33,0.52,345.93,0.48,591.13,0.53,155.8,0.47,407.0,0.54,311.0,0.46,584.11,0.55,248.0,0.45,407.0,0.56,374.3,0.48,345.93,0.51,266.33,0.47,155.8,0.52,591.13,0.46,128.0,0.53,407.0,0.45,248.0,0.54,584.11,0.44,374.3,0.55,407.0
2026-01-07 04:33:54.504000+00:00,2026-01-07 04:33:51.860757+00:00,234.504,0.495,0.49,0.5,0.505,0.5,0.51,291.33,111.0,100.76,291.33,0.48,566.13,0.51,133.92,0.47,449.0,0.52,344.93,0.46,556.6,0.53,180.8,0.45,426.0,0.54,129.0,0.44,346.0,0.55,248.0,0.49,133.92,0.52,566.13,0.48,344.93,0.53,449.0,0.47,180.8,0.54,556.6,0.46,129.0,0.55,426.0,0.45,248.0,0.56,346.0
2026-01-07 04:33:55.492000+00:00,2026-01-07 04:33:52.868446+00:00,235.492,0.495,0.49,0.5,0.505,0.5,0.51,291.33,100.76,100.76,291.33,0.48,566.13,0.51,117.81,0.47,449.0,0.52,361.84,0.46,568.6,0.53,145.0,0.45,414.0,0.54,129.0,0.44,346.0,0.55,248.0,0.49,117.81,0.52,566.13,0.48,361.84,0.53,449.0,0.47,145.0,0.54,568.6,0.46,129.0,0.55,414.0,0.45,248.0,0.56,346.0
2026-01-07 04:33:56.420000+00:00,2026-01-07 04:33:53.874412+00:00,236.42,0.495,0.49,0.5,0.505,0.5,0.51,277.38,105.52,105.52,277.38,0.48,575.65,0.51,117.81,0.47,449.0,0.52,361.84,0.46,568.6,0.53,145.0,0.45,414.0,0.54,129.0,0.44,346.0,0.55,248.0,0.49,117.81,0.52,575.65,0.48,361.84,0.53,449.0,0.47,145.0,0.54,568.6,0.46,129.0,0.55,414.0,0.45,248.0,0.56,346.0
2026-01-07 04:33:57.330000+00:00,2026-01-07 04:33:54.882117+00:00,237.33,0.495,0.49,0.5,0.505,0.5,0.51,272.38,83.28,83.28,272.38,0.48,580.65,0.51,117.81,0.47,449.0,0.52,361.84,0.46,568.6,0.53,145.0,0.45,414.0,0.54,129.0,0.44,346.0,0.55,248.0,0.49,98.92,0.52,580.65,0.48,361.84,0.53,449.0,0.47,145.0,0.54,568.6,0.46,129.0,0.55,414.0,0.45,248.0,0.56,346.0
2026-01-07 04:33:58.520000+00:00,2026-01-07 04:33:55.889155+00:00,238.52,0.495,0.49,0.5,0.505,0.5,0.51,272.0,75.28,85.28,272.0,0.48,575.65,0.51,133.92,0.47,449.0,0.52,326.04,0.46,568.6,0.53,170.0,0.45,414.0,0.54,129.0,0.44,346.0,0.55,248.0,0.49,133.92,0.52,575.65,0.48,326.04,0.53,449.0,0.47,170.0,0.54,568.6,0.46,129.0,0.55,414.0,0.45,248.0,0.56,346.0
2026-01-07 04:33:59.561000+00:00,2026-01-07 04:33:56.907521+00:00,239.561,0.495,0.49,0.5,0.505,0.5,0.51,272.0,85.28,75.04,272.0,0.48,599.65,0.51,85.92,0.47,335.0,0.52,362.04,0.46,580.6,0.53,80.0,0.45,414.0,0.54,75.0,0.44,334.0,0.55,304.0,0.49,85.92,0.52,599.65,0.48,374.04,0.53,335.0,0.47,80.0,0.54,580.6,0.46,75.0,0.55,414.0,0.45,304.0,0.56,334.0
2026-01-07 04:34:00.468000+00:00,2026-01-07 04:33:57.915680+00:00,240.468,0.495,0.49,0.5,0.505,0.5,0.51,242.6,73.04,73.04,242.6,0.48,599.65,0.51,50.92,0.47,335.0,0.52,399.04,0.46,580.6,0.53,55.0,0.45,414.0,0.54,75.0,0.44,334.0,0.55,304.0,0.49,50.92,0.52,599.65,0.48,399.04,0.53,335.0,0.47,55.0,0.54,580.6,0.46,75.0,0.55,414.0,0.45,304.0,0.56,334.0
2026-01-07 04:34:01.347000+00:00,2026-01-07 04:33:58.921151+00:00,241.347,0.495,0.49,0.5,0.505,0.5,0.51,235.44,191.8,183.8,235.44,0.48,575.65,0.51,69.81,0.47,293.0,0.52,325.84,0.46,598.6,0.53,55.0,0.45,402.0,0.54,129.0,0.44,382.0,0.55,248.0,0.49,69.81,0.52,575.65,0.48,325.84,0.53,293.0,0.47,55.0,0.54,598.6,0.46,129.0,0.55,402.0,0.45,248.0,0.56,382.0
2026-01-07 04:34:02.586000+00:00,2026-01-07 04:33:59.927389+00:00,242.586,0.495,0.49,0.5,0.505,0.5,0.51,230.44,99.56,99.56,230.44,0.48,580.65,0.51,57.81,0.47,293.0,0.52,325.84,0.46,574.6,0.53,55.0,0.45,390.0,0.54,129.0,0.44,346.0,0.55,248.0,0.49,57.81,0.52,580.65,0.48,325.84,0.53,293.0,0.47,55.0,0.54,574.6,0.46,129.0,0.55,390.0,0.45,248.0,0.56,346.0
2026-01-07 04:34:03.683000+00:00,2026-01-07 04:34:00.946827+00:00,243.683,0.495,0.49,0.5,0.505,0.5,0.51,55.3,104.44,104.44,50.3,0.48,575.65,0.51,110.92,0.47,329.0,0.52,349.84,0.46,574.6,0.53,55.0,0.45,438.0,0.54,129.0,0.44,346.0,0.55,248.0,0.49,110.92,0.52,575.65,0.48,339.04,0.53,329.0,0.47,55.0,0.54,574.6,0.46,129.0,0.55,438.0,0.45,248.0,0.56,346.0
2026-01-07 04:34:04.593000+00:00,2026-01-07 04:34:01.954018+00:00,244.593,0.495,0.49,0.5,0.505,0.5,0.51,62.33,59.88,49.88,74.33,0.48,599.65,0.51,51.21,0.47,335.0,0.52,394.06,0.46,608.6,0.53,79.0,0.45,402.0,0.54,75.0,0.44,334.0,0.55,304.0,0.49,51.21,0.52,599.65,0.48,358.06,0.53,347.0,0.47,79.0,0.54,572.6,0.46,75.0,0.55,390.0,0.45,304.0,0.56,334.0
2026-01-07 04:34:05.574000+00:00,2026-01-07 04:34:02.956549+00:00,245.574,0.495,0.49,0.5,0.505,0.5,0.51,62.33,85.76,85.76,57.33,0.48,575.65,0.51,123.21,0.47,329.0,0.52,346.06,0.46,614.6,0.53,55.0,0.45,426.0,0.54,129.0,0.44,334.0,0.55,248.0,0.49,123.21,0.52,580.65,0.48,346.06,0.53,329.0,0.47,55.0,0.54,614.6,0.46,75.0,0.55,426.0,0.45,304.0,0.56,334.0
2026-01-07 04:34:06.600000+00:00,2026-01-07 04:34:03.961028+00:00,246.6,0.495,0.49,0.5,0.505,0.5,0.51,9.0,54.76,85.76,9.0,0.48,605.65,0.51,158.21,0.47,304.0,0.52,321.06,0.46,614.6,0.53,80.0,0.45,426.0,0.54,75.0,0.44,369.0,0.55,304.0,0.49,145.92,0.52,605.65,0.48,321.06,0.53,304.0,0.47,80.0,0.54,614.6,0.46,75.0,0.55,426.0,0.45,304.0,0.56,369.0
2026-01-07 04:34:07.615000+00:00,2026-01-07 04:34:04.966972+00:00,247.615,0.495,0.49,0.5,0.505,0.5,0.51,14.0,65.0,65.0,14.0,0.48,600.65,0.51,145.92,0.47,304.0,0.52,314.04,0.46,614.6,0.53,80.0,0.45,426.0,0.54,129.0,0.44,369.0,0.55,248.0,0.49,145.92,0.52,600.65,0.48,314.04,0.53,319.0,0.47,80.0,0.54,584.6,0.46,129.0,0.55,426.0,0.45,248.0,0.56,369.0
2026-01-07 04:34:08.659000+00:00,2026-01-07 04:34:05.973882+00:00,248.659,0.495,0.49,0.5,0.505,0.5,0.51,9.0,60.0,60.0,9.0,0.48,605.65,0.51,145.92,0.47,334.0,0.52,314.04,0.46,584.6,0.53,80.0,0.45,426.0,0.54,75.0,0.44,369.0,0.55,304.0,0.49,145.92,0.52,605.65,0.48,314.04,0.53,334.0,0.47,80.0,0.54,584.6,0.46,75.0,0.55,426.0,0.45,304.0,0.56,369.0
2026-01-07 04:34:09.639000+00:00,2026-01-07 04:34:06.980107+00:00,249.639,0.495,0.49,0.5,0.505,0.5,0.51,9.0,61.0,86.0,14.0,0.48,605.65,0.51,145.92,0.47,322.0,0.52,314.04,0.46,572.6,0.53,80.0,0.45,402.0,0.54,75.0,0.44,369.0,0.55,248.0,0.49,145.92,0.52,600.65,0.48,314.04,0.53,322.0,0.47,80.0,0.54,572.6,0.46,129.0,0.55,402.0,0.45,248.0,0.56,369.0
2026-01-07 04:34:10.499000+00:00,2026-01-07 04:34:07.986477+00:00,250.499,0.485,0.48,0.49,0.515,0.51,0.52,286.85,254.0,254.0,286.85,0.47,30.0,0.5,284.0,0.46,202.6,0.51,390.21,0.45,143.0,0.52,402.06,0.44,260.0,0.53,384.0,0.43,405.0,0.54,214.0,0.5,284.0,0.53,30.0,0.49,390.21,0.54,202.6,0.48,402.06,0.55,143.0,0.47,384.0,0.56,260.0,0.46,215.0,0.57,405.0
2026-01-07 04:34:11.555000+00:00,2026-01-07 04:34:08.975434+00:00,251.555,0.485,0.48,0.49,0.515,0.51,0.52,299.85,297.0,297.0,299.85,0.47,30.0,0.5,308.0,0.46,226.6,0.51,390.21,0.45,131.0,0.52,402.06,0.44,284.0,0.53,384.0,0.43,381.0,0.54,215.0,0.5,308.0,0.53,30.0,0.49,390.21,0.54,226.6,0.48,402.06,0.55,119.0,0.47,384.0,0.56,284.0,0.46,215.0,0.57,381.0
2026-01-07 04:34:12.582000+00:00,2026-01-07 04:34:09.983177+00:00,252.582,0.485,0.48,0.49,0.515,0.51,0.52,286.73,285.0,285.0,286.73,0.47,30.0,0.5,320.0,0.46,250.6,0.51,377.92,0.45,91.0,0.52,402.06,0.44,284.0,0.53,384.0,0.43,381.0,0.54,215.0,0.5,320.0,0.53,30.0,0.49,377.92,0.54,155.6,0.48,395.04,0.55,111.0,0.47,384.0,0.56,314.0,0.46,215.0,0.57,381.0
2026-01-07 04:34:13.626000+00:00,2026-01-07 04:34:10.972647+00:00,253.626,0.485,0.48,0.49,0.515,0.51,0.52,260.12,281.07,281.07,260.12,0.47,42.0,0.5,332.29,0.46,238.6,0.51,384.94,0.45,91.0,0.52,395.04,0.44,284.0,0.53,384.0,0.43,381.0,0.54,227.0,0.5,332.29,0.53,42.0,0.49,384.94,0.54,238.6,0.48,395.04,0.55,91.0,0.47,384.0,0.56,284.0,0.46,227.0,0.57,381.0
2026-01-07 04:34:14.626000+00:00,2026-01-07 04:34:11.962558+00:00,254.626,0.485,0.48,0.49,0.515,0.51,0.52,242.37,281.07,281.07,242.37,0.47,172.0,0.5,332.29,0.46,163.6,0.51,384.94,0.45,116.0,0.52,395.04,0.44,284.0,0.53,396.0,0.43,605.0,0.54,215.0,0.5,332.29,0.53,172.0,0.49,384.94,0.54,163.6,0.48,395.04,0.55,116.0,0.47,396.0,0.56,284.0,0.46,215.0,0.57,605.0
2026-01-07 04:34:15.286000+00:00,2026-01-07 04:34:12.970114+00:00,255.286,0.485,0.48,0.49,0.515,0.51,0.52,242.37,281.07,281.07,242.37,0.47,77.0,0.5,332.29,0.46,213.6,0.51,384.94,0.45,116.0,0.52,395.04,0.44,284.0,0.53,396.0,0.43,605.0,0.54,215.0,0.5,320.0,0.53,77.0,0.49,384.94,0.54,213.6,0.48,395.04,0.55,116.0,0.47,396.0,0.56,284.0,0.46,215.0,0.57,605.0
2026-01-07 04:34:16.649000+00:00,2026-01-07 04:34:13.983789+00:00,256.649,0.485,0.48,0.49,0.515,0.51,0.52,240.44,281.07,281.07,240.44,0.47,196.0,0.5,279.0,0.46,169.6,0.51,413.92,0.45,98.0,0.52,395.04,0.44,272.0,0.53,384.0,0.43,593.0,0.54,227.0,0.5,279.0,0.53,196.0,0.49,425.92,0.54,169.6,0.48,395.04,0.55,110.0,0.47,384.0,0.56,272.0,0.46,227.0,0.57,593.0
2026-01-07 04:34:17.658000+00:00,2026-01-07 04:34:14.987391+00:00,257.658,0.485,0.48,0.49,0.515,0.51,0.52,423.44,6.0,6.0,423.44,0.47,115.0,0.5,16.0,0.46,387.6,0.51,309.0,0.45,281.0,0.52,430.04,0.44,369.0,0.53,408.0,0.43,334.0,0.54,379.0,0.5,31.0,0.53,115.0,0.49,309.0,0.54,387.6,0.48,430.04,0.55,281.0,0.47,408.0,0.56,369.0,0.46,379.0,0.57,334.0
2026-01-07 04:34:18.471000+00:00,2026-01-07 04:34:16.008685+00:00,258.471,0.485,0.48,0.49,0.515,0.51,0.52,370.44,6.0,6.0,365.44,0.47,163.0,0.5,51.0,0.46,351.6,0.51,376.0,0.45,293.0,0.52,382.04,0.44,393.0,0.53,384.0,0.43,334.0,0.54,391.0,0.5,66.0,0.53,168.0,0.49,376.0,0.54,351.6,0.48,382.04,0.55,293.0,0.47,384.0,0.56,393.0,0.46,391.0,0.57,334.0
2026-01-07 04:34:19.650000+00:00,2026-01-07 04:34:17.012421+00:00,259.65,0.495,0.49,0.5,0.51,0.5,0.52,19.6,61.0,66.0,359.89,0.48,334.89,0.51,393.29,0.47,188.0,0.52,389.06,0.46,351.6,0.53,384.0,0.45,293.0,0.54,445.0,0.44,358.0,0.55,369.0,0.49,388.29,0.53,163.0,0.48,389.06,0.54,351.6,0.47,384.0,0.55,293.0,0.46,445.0,0.56,393.0,0.45,369.0,0.57,334.0
2026-01-07 04:34:20.668000+00:00,2026-01-07 04:34:18.018225+00:00,260.668,0.485,0.48,0.49,0.515,0.51,0.52,359.89,16.0,16.0,359.89,0.47,163.0,0.5,98.0,0.46,351.6,0.51,352.29,0.45,293.0,0.52,377.06,0.44,393.0,0.53,384.0,0.43,334.0,0.54,391.0,0.5,98.0,0.53,163.0,0.49,352.29,0.54,351.6,0.48,377.06,0.55,293.0,0.47,384.0,0.56,393.0,0.46,391.0,0.57,334.0
2026-01-07 04:34:21.657000+00:00,2026-01-07 04:34:19.023183+00:00,261.657,0.485,0.48,0.49,0.515,0.51,0.52,264.89,130.0,130.0,264.89,0.47,40.0,0.5,45.0,0.46,385.6,0.51,316.0,0.45,520.51,0.52,370.04,0.44,417.0,0.53,384.0,0.43,334.0,0.54,432.0,0.5,45.0,0.53,40.0,0.49,316.0,0.54,385.6,0.48,370.04,0.55,520.51,0.47,384.0,0.56,417.0,0.46,432.0,0.57,334.0
2026-01-07 04:34:22.699000+00:00,2026-01-07 04:34:20.046138+00:00,262.699,0.485,0.48,0.49,0.515,0.51,0.52,256.89,145.0,145.0,256.89,0.47,40.0,0.5,203.0,0.46,397.6,0.51,426.0,0.45,556.51,0.52,382.04,0.44,381.0,0.53,384.0,0.43,358.0,0.54,432.0,0.5,203.0,0.53,40.0,0.49,487.0,0.54,214.6,0.48,382.04,0.55,373.51,0.47,384.0,0.56,260.0,0.46,432.0,0.57,358.0
2026-01-07 04:34:23.441000+00:00,2026-01-07 04:34:21.050321+00:00,263.441,0.485,0.48,0.49,0.515,0.51,0.52,221.89,145.0,133.0,221.89,0.47,65.0,0.5,299.0,0.46,189.6,0.51,462.0,0.45,388.0,0.52,459.04,0.44,260.0,0.53,384.0,0.43,381.0,0.54,379.0,0.5,299.0,0.53,65.0,0.49,462.0,0.54,189.6,0.48,459.04,0.55,388.0,0.47,384.0,0.56,260.0,0.46,379.0,0.57,381.0
2026-01-07 04:34:24.696000+00:00,2026-01-07 04:34:22.074582+00:00,264.696,0.485,0.48,0.49,0.515,0.51,0.52,221.89,223.0,223.0,221.89,0.47,77.0,0.5,323.0,0.46,213.6,0.51,595.0,0.45,352.0,0.52,447.04,0.44,272.0,0.53,384.0,0.43,381.0,0.54,391.0,0.5,323.0,0.53,77.0,0.49,607.0,0.54,213.6,0.48,447.04,0.55,352.0,0.47,384.0,0.56,272.0,0.46,391.0,0.57,381.0
2026-01-07 04:34:25.711000+00:00,2026-01-07 04:34:23.078753+00:00,265.711,0.485,0.48,0.49,0.515,0.51,0.52,216.89,274.0,274.0,216.89,0.47,77.0,0.5,323.0,0.46,213.6,0.51,583.0,0.45,352.0,0.52,447.04,0.44,89.0,0.53,384.0,0.43,260.0,0.54,379.0,0.5,347.0,0.53,77.0,0.49,583.0,0.54,213.6,0.48,447.04,0.55,352.0,0.47,396.0,0.56,89.0,0.46,379.0,0.57,260.0
2026-01-07 04:34:26.764000+00:00,2026-01-07 04:34:24.069732+00:00,266.764,0.485,0.48,0.49,0.515,0.51,0.52,196.5,304.0,349.0,196.5,0.47,42.0,0.5,334.29,0.46,163.6,0.51,391.02,0.45,31.0,0.52,447.04,0.44,145.99,0.53,396.0,0.43,275.0,0.54,344.0,0.5,255.29,0.53,30.0,0.49,454.02,0.54,92.6,0.48,395.04,0.55,6.0,0.47,384.0,0.56,27.0,0.46,344.0,0.57,453.0
2026-01-07 04:34:27.751000+00:00,2026-01-07 04:34:25.090189+00:00,267.751,0.455,0.45,0.46,0.545,0.54,0.55,6.0,183.4,239.4,6.0,0.43,142.0,0.47,209.7,0.42,91.0,0.48,156.0,0.41,248.0,0.49,657.0,0.4,473.0,0.5,408.29,0.39,351.0,0.51,356.02,0.53,270.7,0.57,112.0,0.52,217.0,0.58,106.0,0.51,433.0,0.59,248.0,0.5,408.29,0.6,697.0,0.49,356.02,0.61,351.0
2026-01-07 04:34:28.743000+00:00,2026-01-07 04:34:26.083699+00:00,268.743,0.44,0.43,0.45,0.56,0.55,0.57,144.89,257.0,257.0,144.89,0.42,91.0,0.46,176.18,0.41,89.0,0.47,391.7,0.4,552.0,0.48,217.0,0.39,230.0,0.49,433.0,0.38,379.0,0.5,396.0,0.54,176.18,0.58,107.0,0.53,391.7,0.59,89.0,0.52,217.0,0.6,552.0,0.51,433.0,0.61,230.0,0.5,396.0,0.62,379.0
2026-01-07 04:34:29.689000+00:00,2026-01-07 04:34:27.089454+00:00,269.689,0.44,0.43,0.45,0.56,0.55,0.57,147.0,98.0,98.0,120.0,0.42,110.0,0.46,236.47,0.41,89.0,0.47,338.72,0.4,564.0,0.48,217.0,0.39,230.0,0.49,445.0,0.38,379.0,0.5,384.0,0.54,200.47,0.58,122.0,0.53,338.72,0.59,89.0,0.52,217.0,0.6,564.0,0.51,433.0,0.61,230.0,0.5,384.0,0.62,379.0
2026-01-07 04:34:30.693000+00:00,2026-01-07 04:34:28.080659+00:00,270.693,0.44,0.43,0.45,0.56,0.55,0.57,120.0,152.63,152.63,120.0,0.42,122.0,0.46,200.47,0.41,89.0,0.47,338.72,0.4,564.0,0.48,229.0,0.39,230.0,0.49,433.0,0.38,379.0,0.5,389.2,0.54,224.47,0.58,110.0,0.53,314.72,0.59,77.0,0.52,229.0,0.6,552.0,0.51,433.0,0.61,230.0,0.5,389.2,0.62,379.0
2026-01-07 04:34:31.773000+00:00,2026-01-07 04:34:29.105785+00:00,271.773,0.435,0.43,0.44,0.565,0.56,0.57,15.0,358.0,419.0,15.0,0.4,98.0,0.45,358.63,0.39,223.0,0.46,293.47,0.38,298.87,0.47,386.72,0.37,366.0,0.48,217.0,0.36,426.0,0.49,354.2,0.55,370.63,0.6,98.0,0.54,281.18,0.61,40.0,0.53,386.72,0.62,127.87,0.52,222.2,0.63,281.0,0.51,354.2,0.64,305.0
2026-01-07 04:34:32.747000+00:00,2026-01-07 04:34:30.111977+00:00,272.747,0.405,0.4,0.41,0.595,0.59,0.6,98.0,247.0,247.0,95.83,0.39,5.0,0.42,431.0,0.38,106.99,0.43,412.0,0.37,143.0,0.44,384.0,0.36,351.0,0.45,407.92,0.35,399.0,0.46,253.2,0.58,431.0,0.61,5.0,0.57,412.0,0.62,106.99,0.56,384.0,0.63,143.0,0.55,407.92,0.64,351.0,0.54,253.2,0.65,399.0
2026-01-07 04:34:33.780000+00:00,2026-01-07 04:34:31.118718+00:00,273.78,0.395,0.39,0.4,0.605,0.6,0.61,16.0,210.28,210.28,14.0,0.38,114.99,0.41,298.0,0.37,137.0,0.42,384.0,0.36,321.0,0.43,412.0,0.35,228.0,0.44,384.0,0.34,305.0,0.45,360.92,0.59,298.0,0.62,99.99,0.58,384.0,0.63,161.0,0.57,412.0,0.64,321.0,0.56,384.0,0.65,240.0,0.55,360.92,0.66,305.0
2026-01-07 04:34:34.669000+00:00,2026-01-07 04:34:32.125300+00:00,274.669,0.395,0.39,0.4,0.605,0.6,0.61,134.0,124.42,124.42,119.0,0.38,116.0,0.41,217.0,0.37,92.0,0.42,453.11,0.36,333.0,0.43,384.0,0.35,228.0,0.44,396.0,0.34,293.0,0.45,348.63,0.59,217.0,0.62,116.0,0.58,453.11,0.63,92.0,0.57,384.0,0.64,333.0,0.56,396.0,0.65,228.0,0.55,348.63,0.66,293.0
2026-01-07 04:34:35.789000+00:00,2026-01-07 04:34:33.132421+00:00,275.789,0.395,0.39,0.4,0.605,0.6,0.61,130.83,121.92,121.92,130.83,0.38,80.0,0.41,289.29,0.37,128.0,0.42,624.13,0.36,309.0,0.43,384.0,0.35,240.0,0.44,396.0,0.34,305.0,0.45,348.63,0.59,289.29,0.62,80.0,0.58,624.13,0.63,128.0,0.57,384.0,0.64,309.0,0.56,396.0,0.65,240.0,0.55,348.63,0.66,305.0
2026-01-07 04:34:36.742000+00:00,2026-01-07 04:34:34.144412+00:00,276.742,0.395,0.39,0.4,0.605,0.6,0.61,128.83,5.0,5.0,128.83,0.38,115.0,0.41,314.29,0.37,91.0,0.42,599.13,0.36,346.0,0.43,400.0,0.35,240.0,0.44,396.0,0.34,305.0,0.45,383.63,0.59,314.29,0.62,115.0,0.58,599.13,0.63,91.0,0.57,400.0,0.64,346.0,0.56,396.0,0.65,240.0,0.55,383.63,0.66,305.0
2026-01-07 04:34:37.757000+00:00,2026-01-07 04:34:35.150352+00:00,277.757,0.405,0.4,0.41,0.595,0.59,0.6,110.0,248.41,236.41,110.0,0.39,73.66,0.42,592.11,0.38,122.0,0.43,400.0,0.37,67.0,0.44,396.0,0.36,334.0,0.45,383.63,0.35,236.0,0.46,231.18,0.58,652.11,0.61,73.66,0.57,400.0,0.62,146.0,0.56,396.0,0.63,67.0,0.55,383.63,0.64,358.0,0.54,231.18,0.65,248.0
2026-01-07 04:34:38.798000+00:00,2026-01-07 04:34:36.157615+00:00,278.798,0.405,0.4,0.41,0.595,0.59,0.6,110.0,230.03,230.03,110.0,0.39,108.66,0.42,664.4,0.38,121.0,0.43,407.02,0.37,92.0,0.44,396.0,0.36,358.0,0.45,383.63,0.35,248.0,0.46,231.18,0.58,664.4,0.61,108.66,0.57,407.02,0.62,121.0,0.56,396.0,0.63,92.0,0.55,383.63,0.64,358.0,0.54,231.18,0.65,248.0
2026-01-07 04:34:39.631000+00:00,2026-01-07 04:34:37.180464+00:00,279.631,0.405,0.4,0.41,0.595,0.59,0.6,99.54,195.03,195.03,99.54,0.39,108.66,0.42,699.86,0.38,121.0,0.43,382.02,0.37,92.0,0.44,396.0,0.36,358.0,0.45,383.63,0.35,248.0,0.46,266.18,0.58,699.86,0.61,108.66,0.57,382.02,0.62,121.0,0.56,396.0,0.63,92.0,0.55,383.63,0.64,358.0,0.54,266.18,0.65,248.0
2026-01-07 04:34:40.847000+00:00,2026-01-07 04:34:38.185268+00:00,280.847,0.385,0.38,0.39,0.615,0.61,0.62,130.0,87.0,87.0,130.0,0.37,91.0,0.4,398.11,0.36,152.0,0.41,436.03,0.35,260.0,0.42,394.46,0.34,122.0,0.43,400.0,0.33,273.0,0.44,396.0,0.6,398.11,0.63,91.0,0.59,436.03,0.64,152.0,0.58,394.46,0.65,260.0,0.57,384.0,0.66,122.0,0.56,396.0,0.67,273.0
2026-01-07 04:34:41.801000+00:00,2026-01-07 04:34:39.190191+00:00,281.801,0.385,0.38,0.39,0.615,0.61,0.62,130.0,138.0,138.0,130.0,0.37,60.0,0.4,494.4,0.36,176.0,0.41,354.05,0.35,216.0,0.42,394.46,0.34,146.0,0.43,396.0,0.33,285.0,0.44,384.0,0.6,494.4,0.63,60.0,0.59,354.05,0.64,176.0,0.58,394.46,0.65,216.0,0.57,396.0,0.66,268.0,0.56,384.0,0.67,285.0
2026-01-07 04:34:42.714000+00:00,2026-01-07 04:34:40.195452+00:00,282.714,0.385,0.38,0.39,0.615,0.61,0.62,146.0,5.0,5.0,146.0,0.37,60.0,0.4,190.4,0.36,196.0,0.41,354.05,0.35,452.0,0.42,410.46,0.34,317.0,0.43,396.0,0.33,285.0,0.44,384.0,0.6,190.4,0.63,60.0,0.59,354.05,0.64,196.0,0.58,410.46,0.65,440.0,0.57,396.0,0.66,317.0,0.56,384.0,0.67,285.0
2026-01-07 04:34:43.760000+00:00,2026-01-07 04:34:41.203481+00:00,283.76,0.39,0.38,0.4,0.61,0.6,0.62,151.0,154.11,154.11,151.0,0.37,67.0,0.41,371.03,0.36,196.0,0.42,410.46,0.35,440.0,0.43,396.0,0.34,317.0,0.44,384.0,0.33,285.0,0.45,342.63,0.59,371.03,0.63,67.0,0.58,410.46,0.64,196.0,0.57,396.0,0.65,440.0,0.56,384.0,0.66,317.0,0.55,342.63,0.67,285.0
2026-01-07 04:34:44.471000+00:00,2026-01-07 04:34:42.206773+00:00,284.471,0.39,0.38,0.4,0.61,0.6,0.62,151.0,119.11,119.11,141.0,0.37,67.0,0.41,408.32,0.36,196.0,0.42,392.48,0.35,440.0,0.43,396.0,0.34,317.0,0.44,384.0,0.33,285.0,0.45,377.63,0.59,408.32,0.63,67.0,0.58,392.48,0.64,196.0,0.57,396.0,0.65,440.0,0.56,384.0,0.66,317.0,0.55,377.63,0.67,285.0
2026-01-07 04:34:45.798000+00:00,2026-01-07 04:34:43.228273+00:00,285.798,0.385,0.38,0.39,0.615,0.61,0.62,45.0,157.0,157.0,45.0,0.37,126.0,0.4,184.0,0.36,47.0,0.41,365.32,0.35,494.0,0.42,637.48,0.34,305.0,0.43,359.0,0.33,297.0,0.44,384.0,0.6,245.0,0.63,126.0,0.59,365.32,0.64,47.0,0.58,637.48,0.65,494.0,0.57,359.0,0.66,305.0,0.56,384.0,0.67,297.0
2026-01-07 04:34:46.890000+00:00,2026-01-07 04:34:44.233001+00:00,286.89,0.385,0.38,0.39,0.615,0.61,0.62,35.0,240.0,235.0,35.0,0.37,10.0,0.4,284.0,0.36,35.0,0.41,359.03,0.35,448.0,0.42,394.46,0.34,376.0,0.43,427.0,0.33,273.0,0.44,384.0,0.6,284.0,0.63,10.0,0.59,359.03,0.64,35.0,0.58,394.46,0.65,448.0,0.57,384.0,0.66,376.0,0.56,384.0,0.67,273.0
2026-01-07 04:34:47.884000+00:00,2026-01-07 04:34:45.246956+00:00,287.884,0.385,0.38,0.39,0.625,0.62,0.63,35.0,445.0,132.0,35.0,0.37,15.0,0.4,441.29,0.36,63.0,0.41,354.05,0.35,484.0,0.42,406.46,0.34,152.0,0.43,384.0,0.33,109.0,0.44,428.0,0.61,425.0,0.64,31.0,0.6,394.29,0.65,484.0,0.59,344.05,0.66,140.0,0.58,406.46,0.67,132.0,0.57,334.0,0.68,275.0
2026-01-07 04:34:48.912000+00:00,2026-01-07 04:34:46.253092+00:00,288.912,0.375,0.37,0.38,0.625,0.62,0.63,211.0,148.0,148.0,223.0,0.36,204.51,0.39,339.0,0.35,559.0,0.4,396.29,0.34,365.0,0.41,439.05,0.33,363.0,0.42,418.46,0.32,384.0,0.43,369.0,0.61,339.0,0.64,204.51,0.6,396.29,0.65,571.0,0.59,439.05,0.66,365.0,0.58,418.46,0.67,363.0,0.57,369.0,0.68,384.0
2026-01-07 04:34:49.921000+00:00,2026-01-07 04:34:47.261440+00:00,289.921,0.39,0.38,0.4,0.61,0.6,0.62,115.97,70.0,134.0,150.97,0.37,167.0,0.41,57.0,0.36,283.51,0.42,583.46,0.35,702.0,0.43,334.0,0.34,379.0,0.44,339.3,0.33,389.0,0.45,332.93,0.59,116.0,0.63,177.0,0.58,593.46,0.64,354.51,0.57,381.0,0.65,702.0,0.56,419.3,0.66,450.0,0.55,367.93,0.67,401.0
2026-01-07 04:34:50.911000+00:00,2026-01-07 04:34:48.266666+00:00,290.911,0.39,0.38,0.4,0.61,0.6,0.62,140.97,170.0,158.0,137.75,0.37,238.0,0.41,92.29,0.36,354.51,0.42,612.48,0.35,702.0,0.43,369.0,0.34,450.0,0.44,414.0,0.33,401.0,0.45,367.93,0.59,104.29,0.63,238.0,0.58,612.48,0.64,354.51,0.57,369.0,0.65,702.0,0.56,414.0,0.66,450.0,0.55,367.93,0.67,401.0
2026-01-07 04:34:51.860000+00:00,2026-01-07 04:34:49.257184+00:00,291.86,0.39,0.38,0.4,0.61,0.6,0.62,137.42,181.0,164.0,137.42,0.37,238.0,0.41,67.0,0.36,342.51,0.42,618.46,0.35,702.0,0.43,369.0,0.34,450.0,0.44,414.0,0.33,401.0,0.45,332.93,0.59,79.0,0.63,250.0,0.58,618.46,0.64,342.51,0.57,381.0,0.65,702.0,0.56,414.0,0.66,438.0,0.55,332.93,0.67,401.0
2026-01-07 04:34:52.651000+00:00,2026-01-07 04:34:50.264919+00:00,292.651,0.39,0.38,0.4,0.61,0.6,0.62,137.42,128.0,128.0,137.42,0.37,274.0,0.41,127.0,0.36,318.51,0.42,618.46,0.35,738.0,0.43,381.0,0.34,426.0,0.44,374.3,0.33,389.0,0.45,377.93,0.59,127.0,0.63,274.0,0.58,618.46,0.64,318.51,0.57,381.0,0.65,738.0,0.56,374.3,0.66,426.0,0.55,377.93,0.67,389.0
2026-01-07 04:34:53.819000+00:00,2026-01-07 04:34:51.267070+00:00,293.819,0.39,0.38,0.4,0.61,0.6,0.62,137.42,128.0,128.0,137.42,0.37,274.0,0.41,127.0,0.36,318.51,0.42,618.46,0.35,738.0,0.43,381.0,0.34,426.0,0.44,419.3,0.33,389.0,0.45,332.93,0.59,127.0,0.63,274.0,0.58,618.46,0.64,318.51,0.57,381.0,0.65,738.0,0.56,419.3,0.66,426.0,0.55,332.93,0.67,389.0
2026-01-07 04:34:54.828000+00:00,2026-01-07 04:34:52.286075+00:00,294.828,0.39,0.38,0.4,0.61,0.6,0.62,137.42,128.0,128.0,137.42,0.37,274.0,0.41,147.0,0.36,318.51,0.42,618.46,0.35,738.0,0.43,381.0,0.34,426.0,0.44,374.3,0.33,389.0,0.45,377.93,0.59,147.0,0.63,290.0,0.58,618.46,0.64,302.51,0.57,381.0,0.65,738.0,0.56,374.3,0.66,426.0,0.55,377.93,0.67,389.0
2026-01-07 04:34:55.941000+00:00,2026-01-07 04:34:53.305864+00:00,295.941,0.385,0.38,0.39,0.615,0.61,0.62,37.42,92.0,77.0,37.42,0.37,293.0,0.4,168.0,0.36,327.0,0.41,80.0,0.35,732.0,0.42,630.46,0.34,450.0,0.43,369.0,0.33,401.0,0.44,413.0,0.6,168.0,0.63,293.0,0.59,80.0,0.64,327.0,0.58,630.46,0.65,732.0,0.57,369.0,0.66,450.0,0.56,414.0,0.67,401.0
2026-01-07 04:34:57.830000+00:00,2026-01-07 04:34:55.308481+00:00,297.83,0.385,0.38,0.39,0.615,0.61,0.62,15.0,72.0,72.0,15.0,0.37,130.0,0.4,185.29,0.36,302.0,0.41,87.02,0.35,732.0,0.42,630.46,0.34,450.0,0.43,369.0,0.33,436.0,0.44,414.0,0.6,190.29,0.63,130.0,0.59,87.02,0.64,302.0,0.58,630.46,0.65,732.0,0.57,369.0,0.66,450.0,0.56,414.0,0.67,436.0
