timestamp,collected_at,seconds,mid,bid,ask,asset
2026-01-06 07:15:00+00:00,2026-01-06 07:20:07.212792+00:00,0.0,3233.942,3233.66,3233.98,ETH
2026-01-06 07:15:01+00:00,2026-01-06 07:20:08.202106+00:00,1.0,3233.942,3233.7,3234.08,ETH
2026-01-06 07:15:02+00:00,2026-01-06 07:20:09.201179+00:00,2.0,3233.582,3233.54,3233.99,ETH
2026-01-06 07:15:03+00:00,2026-01-06 07:20:10.202688+00:00,3.0,3233.582,3233.5,3233.99,ETH
2026-01-06 07:15:04+00:00,2026-01-06 07:20:11.216272+00:00,4.0,3233.582,3233.49,3234.01,ETH
2026-01-06 07:15:05+00:00,2026-01-06 07:20:12.224191+00:00,5.0,3233.582,3233.49,3233.96,ETH
2026-01-06 07:15:06+00:00,2026-01-06 07:20:13.229610+00:00,6.0,3233.572,3233.48,3233.79,ETH
2026-01-06 07:15:07+00:00,2026-01-06 07:20:14.238606+00:00,7.0,3233.572,3233.47,3233.8,ETH
2026-01-06 07:15:08+00:00,2026-01-06 07:20:15.252265+00:00,8.0,3233.582,3233.48,3233.81,ETH
2026-01-06 07:15:09+00:00,2026-01-06 07:20:16.261474+00:00,9.0,3233.872,3233.65,3233.92,ETH
2026-01-06 07:15:10+00:00,2026-01-06 07:20:17.277506+00:00,10.0,3233.882,3233.65,3233.92,ETH
2026-01-06 07:15:11+00:00,2026-01-06 07:20:18.287713+00:00,11.0,3233.892,3233.67,3233.93,ETH
2026-01-06 07:15:12+00:00,2026-01-06 07:20:19.280793+00:00,12.0,3233.892,3233.66,3233.92,ETH
2026-01-06 07:15:13+00:00,2026-01-06 07:20:20.285025+00:00,13.0,3233.892,3233.66,3233.98,ETH
2026-01-06 07:15:14+00:00,2026-01-06 07:20:21.296595+00:00,14.0,3233.902,3233.66,3233.98,ETH
2026-01-06 07:15:15+00:00,2026-01-06 07:20:22.308737+00:00,15.0,3233.902,3233.67,3234.0,ETH
2026-01-06 07:15:16+00:00,2026-01-06 07:20:23.325605+00:00,16.0,3234.032,3233.79,3234.06,ETH
2026-01-06 07:15:17+00:00,2026-01-06 07:20:24.318036+00:00,17.0,3233.992,3233.75,3234.06,ETH
2026-01-06 07:15:18+00:00,2026-01-06 07:20:25.323151+00:00,18.0,3234.022,3233.75,3234.06,ETH
2026-01-06 07:15:19+00:00,2026-01-06 07:20:26.344263+00:00,19.0,3234.062,3233.77,3234.25,ETH
2026-01-06 07:15:20+00:00,2026-01-06 07:20:27.346830+00:00,20.0,3234.062,3233.77,3234.25,ETH
2026-01-06 07:15:21+00:00,2026-01-06 07:20:28.357823+00:00,21.0,3234.062,3233.77,3234.24,ETH
2026-01-06 07:15:22+00:00,2026-01-06 07:20:29.356681+00:00,22.0,3234.062,3233.77,3234.23,ETH
2026-01-06 07:15:23+00:00,2026-01-06 07:20:30.360121+00:00,23.0,3234.192,3233.84,3234.23,ETH
2026-01-06 07:15:24+00:00,2026-01-06 07:20:31.374492+00:00,24.0,3234.192,3233.83,3234.24,ETH
2026-01-06 07:15:25+00:00,2026-01-06 07:20:32.376988+00:00,25.0,3234.132,3233.82,3234.21,ETH
2026-01-06 07:15:26+00:00,2026-01-06 07:20:33.393656+00:00,26.0,3233.922,3233.67,3234.19,ETH
2026-01-06 07:15:27+00:00,2026-01-06 07:20:34.406567+00:00,27.0,3233.922,3233.68,3234.09,ETH
2026-01-06 07:15:28+00:00,2026-01-06 07:20:35.410822+00:00,28.0,3233.932,3233.68,3234.03,ETH
2026-01-06 07:15:29+00:00,2026-01-06 07:20:36.409203+00:00,29.0,3233.922,3233.68,3234.02,ETH
2026-01-06 07:15:30+00:00,2026-01-06 07:20:37.409441+00:00,30.0,3233.922,3233.68,3234.01,ETH
2026-01-06 07:15:31+00:00,2026-01-06 07:20:38.421555+00:00,31.0,3233.842,3233.59,3233.93,ETH
2026-01-06 07:15:32+00:00,2026-01-06 07:20:39.429614+00:00,32.0,3233.842,3233.59,3233.93,ETH
2026-01-06 07:15:33+00:00,2026-01-06 07:20:40.424281+00:00,33.0,3233.792,3233.59,3233.93,ETH
2026-01-06 07:15:34+00:00,2026-01-06 07:20:41.426995+00:00,34.0,3233.902,3233.61,3233.95,ETH
2026-01-06 07:15:35+00:00,2026-01-06 07:20:43.440384+00:00,35.0,3233.902,3233.61,3233.94,ETH
2026-01-06 07:15:36+00:00,2026-01-06 07:20:44.441544+00:00,36.0,3233.912,3233.62,3233.96,ETH
2026-01-06 07:15:37+00:00,2026-01-06 07:20:45.444362+00:00,37.0,3233.912,3233.62,3233.95,ETH
2026-01-06 07:15:38+00:00,2026-01-06 07:20:46.456493+00:00,38.0,3233.912,3233.61,3233.94,ETH
2026-01-06 07:15:39+00:00,2026-01-06 07:20:47.462886+00:00,39.0,3233.912,3233.59,3233.98,ETH
2026-01-06 07:15:40+00:00,2026-01-06 07:20:48.476660+00:00,40.0,3233.922,3233.64,3233.99,ETH
2026-01-06 07:15:41+00:00,2026-01-06 07:20:49.474124+00:00,41.0,3233.932,3233.68,3233.98,ETH
2026-01-06 07:15:42+00:00,2026-01-06 07:20:50.471966+00:00,42.0,3233.932,3233.68,3233.99,ETH
2026-01-06 07:15:43+00:00,2026-01-06 07:20:51.486083+00:00,43.0,3233.932,3233.68,3234.04,ETH
2026-01-06 07:15:44+00:00,2026-01-06 07:20:52.490889+00:00,44.0,3233.932,3233.69,3234.03,ETH
2026-01-06 07:15:45+00:00,2026-01-06 07:20:53.502348+00:00,45.0,3233.912,3233.67,3233.96,ETH
2026-01-06 07:15:46+00:00,2026-01-06 07:20:54.487885+00:00,46.0,3233.902,3233.65,3233.95,ETH
2026-01-06 07:15:47+00:00,2026-01-06 07:20:55.477583+00:00,47.0,3233.902,3233.64,3233.94,ETH
2026-01-06 07:15:48+00:00,2026-01-06 07:20:56.491216+00:00,48.0,3233.912,3233.64,3234.01,ETH
2026-01-06 07:15:49+00:00,2026-01-06 07:20:57.491161+00:00,49.0,3233.922,3233.66,3234.09,ETH
2026-01-06 07:15:50+00:00,2026-01-06 07:20:58.493356+00:00,50.0,3233.962,3233.7,3234.11,ETH
2026-01-06 07:15:51+00:00,2026-01-06 07:20:59.504012+00:00,51.0,3234.072,3233.81,3234.16,ETH
2026-01-06 07:15:52+00:00,2026-01-06 07:21:00.522562+00:00,52.0,3234.122,3233.89,3234.18,ETH
2026-01-06 07:15:53+00:00,2026-01-06 07:21:01.509299+00:00,53.0,3234.122,3233.9,3234.18,ETH
2026-01-06 07:15:54+00:00,2026-01-06 07:21:02.529270+00:00,54.0,3234.102,3233.9,3234.17,ETH
2026-01-06 07:15:55+00:00,2026-01-06 07:21:03.527970+00:00,55.0,3234.082,3233.89,3234.15,ETH
2026-01-06 07:15:56+00:00,2026-01-06 07:21:04.541647+00:00,56.0,3234.102,3233.89,3234.16,ETH
2026-01-06 07:15:57+00:00,2026-01-06 07:21:05.557150+00:00,57.0,3234.112,3233.89,3234.17,ETH
2026-01-06 07:15:58+00:00,2026-01-06 07:21:06.568373+00:00,58.0,3234.122,3233.89,3234.17,ETH
2026-01-06 07:15:59+00:00,2026-01-06 07:21:07.574764+00:00,59.0,3234.132,3233.89,3234.17,ETH
2026-01-06 07:16:00+00:00,2026-01-06 07:21:08.578634+00:00,60.0,3234.132,3233.85,3234.15,ETH
2026-01-06 07:16:01+00:00,2026-01-06 07:21:09.579318+00:00,61.0,3234.132,3233.85,3234.18,ETH
2026-01-06 07:16:02+00:00,2026-01-06 07:21:10.572129+00:00,62.0,3234.012,3233.89,3234.13,ETH
2026-01-06 07:16:03+00:00,2026-01-06 07:21:11.585085+00:00,63.0,3234.062,3233.83,3234.11,ETH
2026-01-06 07:16:04+00:00,2026-01-06 07:21:12.588851+00:00,64.0,3233.832,3233.72,3233.95,ETH
2026-01-06 07:16:05+00:00,2026-01-06 07:21:13.599591+00:00,65.0,3233.822,3233.68,3233.98,ETH
2026-01-06 07:16:06+00:00,2026-01-06 07:21:14.598070+00:00,66.0,3233.822,3233.63,3233.92,ETH
2026-01-06 07:16:07+00:00,2026-01-06 07:21:15.603947+00:00,67.0,3233.822,3233.63,3233.93,ETH
2026-01-06 07:16:08+00:00,2026-01-06 07:21:16.602548+00:00,68.0,3233.832,3233.64,3233.91,ETH
2026-01-06 07:16:09+00:00,2026-01-06 07:21:17.606208+00:00,69.0,3233.832,3233.64,3233.87,ETH
2026-01-06 07:16:10+00:00,2026-01-06 07:21:18.619701+00:00,70.0,3233.832,3233.64,3234.04,ETH
2026-01-06 07:16:11+00:00,2026-01-06 07:21:19.634310+00:00,71.0,3233.832,3233.64,3234.04,ETH
2026-01-06 07:16:12+00:00,2026-01-06 07:21:20.639363+00:00,72.0,3233.832,3233.63,3233.99,ETH
2026-01-06 07:16:13+00:00,2026-01-06 07:21:21.648305+00:00,73.0,3233.822,3233.65,3233.99,ETH
2026-01-06 07:16:14+00:00,2026-01-06 07:21:22.690999+00:00,74.0,3233.832,3233.62,3233.92,ETH
2026-01-06 07:16:15+00:00,2026-01-06 07:21:23.705293+00:00,75.0,3233.832,3233.63,3233.98,ETH
2026-01-06 07:16:16+00:00,2026-01-06 07:21:24.705586+00:00,76.0,3233.832,3233.63,3234.05,ETH
2026-01-06 07:16:17+00:00,2026-01-06 07:21:25.698334+00:00,77.0,3233.832,3233.62,3234.08,ETH
2026-01-06 07:16:18+00:00,2026-01-06 07:21:26.688651+00:00,78.0,3233.832,3233.62,3234.08,ETH
2026-01-06 07:16:19+00:00,2026-01-06 07:21:27.702772+00:00,79.0,3233.622,3233.51,3233.92,ETH
2026-01-06 07:16:20+00:00,2026-01-06 07:21:28.706075+00:00,80.0,3233.412,3233.4,3233.75,ETH
2026-01-06 07:16:21+00:00,2026-01-06 07:21:29.691725+00:00,81.0,3233.412,3233.4,3233.73,ETH
2026-01-06 07:16:22+00:00,2026-01-06 07:21:30.700460+00:00,82.0,3233.412,3233.38,3233.72,ETH
2026-01-06 07:16:23+00:00,2026-01-06 07:21:31.716813+00:00,83.0,3233.412,3233.36,3233.74,ETH
2026-01-06 07:16:24+00:00,2026-01-06 07:21:32.715932+00:00,84.0,3233.402,3233.3,3233.74,ETH
2026-01-06 07:16:25+00:00,2026-01-06 07:21:33.733294+00:00,85.0,3233.412,3233.3,3233.65,ETH
2026-01-06 07:16:26+00:00,2026-01-06 07:21:34.737038+00:00,86.0,3233.552,3233.39,3233.77,ETH
2026-01-06 07:16:27+00:00,2026-01-06 07:21:35.738493+00:00,87.0,3233.552,3233.36,3233.77,ETH
2026-01-06 07:16:28+00:00,2026-01-06 07:21:36.749665+00:00,88.0,3233.542,3233.4,3233.75,ETH
2026-01-06 07:16:29+00:00,2026-01-06 07:21:37.749135+00:00,89.0,3233.542,3233.4,3233.67,ETH
2026-01-06 07:16:30+00:00,2026-01-06 07:21:38.776848+00:00,90.0,3233.542,3233.36,3233.66,ETH
2026-01-06 07:16:31+00:00,2026-01-06 07:21:39.771902+00:00,91.0,3233.542,3233.36,3233.66,ETH
2026-01-06 07:16:32+00:00,2026-01-06 07:21:40.777736+00:00,92.0,3233.542,3233.36,3233.66,ETH
2026-01-06 07:16:33+00:00,2026-01-06 07:21:41.771232+00:00,93.0,3233.542,3233.32,3233.79,ETH
2026-01-06 07:16:34+00:00,2026-01-06 07:21:42.774527+00:00,94.0,3233.542,3233.32,3233.78,ETH
2026-01-06 07:16:35+00:00,2026-01-06 07:21:43.770360+00:00,95.0,3233.542,3233.32,3233.78,ETH
2026-01-06 07:16:36+00:00,2026-01-06 07:21:44.777114+00:00,96.0,3233.542,3233.32,3233.75,ETH
2026-01-06 07:16:37+00:00,2026-01-06 07:21:45.787488+00:00,97.0,3233.122,3232.9,3233.41,ETH
2026-01-06 07:16:38+00:00,2026-01-06 07:21:46.801879+00:00,98.0,3232.902,3232.88,3233.13,ETH
2026-01-06 07:16:39+00:00,2026-01-06 07:21:47.823552+00:00,99.0,3232.902,3232.89,3233.13,ETH
2026-01-06 07:16:40+00:00,2026-01-06 07:21:48.824911+00:00,100.0,3232.902,3232.86,3233.09,ETH
2026-01-06 07:16:41+00:00,2026-01-06 07:21:49.837140+00:00,101.0,3232.902,3232.86,3233.04,ETH
2026-01-06 07:16:42+00:00,2026-01-06 07:21:50.848802+00:00,102.0,3232.902,3232.8,3233.11,ETH
2026-01-06 07:16:43+00:00,2026-01-06 07:21:51.859663+00:00,103.0,3232.892,3232.78,3233.07,ETH
2026-01-06 07:16:44+00:00,2026-01-06 07:21:52.870282+00:00,104.0,3232.892,3232.78,3232.97,ETH
2026-01-06 07:16:45+00:00,2026-01-06 07:21:53.887613+00:00,105.0,3232.882,3232.6,3232.99,ETH
2026-01-06 07:16:46+00:00,2026-01-06 07:21:54.892856+00:00,106.0,3232.882,3232.58,3232.89,ETH
2026-01-06 07:16:47+00:00,2026-01-06 07:21:55.892641+00:00,107.0,3232.882,3232.58,3232.89,ETH
2026-01-06 07:16:48+00:00,2026-01-06 07:21:57.903097+00:00,108.0,3232.572,3232.51,3232.74,ETH
2026-01-06 07:16:49+00:00,2026-01-06 07:21:58.923379+00:00,109.0,3232.562,3232.48,3232.73,ETH
2026-01-06 07:16:50+00:00,2026-01-06 07:21:59.923301+00:00,110.0,3232.562,3232.48,3232.76,ETH
2026-01-06 07:16:51+00:00,2026-01-06 07:22:00.926469+00:00,111.0,3232.562,3232.48,3232.82,ETH
2026-01-06 07:16:52+00:00,2026-01-06 07:22:01.925668+00:00,112.0,3232.562,3232.48,3232.78,ETH
2026-01-06 07:16:53+00:00,2026-01-06 07:22:02.923176+00:00,113.0,3232.562,3232.45,3232.7,ETH
2026-01-06 07:16:54+00:00,2026-01-06 07:22:03.926739+00:00,114.0,3232.562,3232.43,3232.7,ETH
2026-01-06 07:16:55+00:00,2026-01-06 07:22:04.922739+00:00,115.0,3232.562,3232.42,3232.7,ETH
2026-01-06 07:16:56+00:00,2026-01-06 07:22:05.933481+00:00,116.0,3232.562,3232.42,3232.69,ETH
2026-01-06 07:16:57+00:00,2026-01-06 07:22:06.942298+00:00,117.0,3232.562,3232.45,3232.7,ETH
2026-01-06 07:16:58+00:00,2026-01-06 07:22:07.937498+00:00,118.0,3232.562,3232.47,3232.72,ETH
2026-01-06 07:16:59+00:00,2026-01-06 07:22:08.936502+00:00,119.0,3232.562,3232.47,3232.71,ETH
2026-01-06 07:17:00+00:00,2026-01-06 07:22:09.951705+00:00,120.0,3232.562,3232.47,3232.71,ETH
2026-01-06 07:17:01+00:00,2026-01-06 07:22:10.957271+00:00,121.0,3232.562,3232.47,3232.71,ETH
2026-01-06 07:17:02+00:00,2026-01-06 07:22:11.960010+00:00,122.0,3232.562,3232.47,3232.76,ETH
2026-01-06 07:17:03+00:00,2026-01-06 07:22:12.952887+00:00,123.0,3232.562,3232.47,3232.82,ETH
2026-01-06 07:17:04+00:00,2026-01-06 07:22:13.954796+00:00,124.0,3232.562,3232.48,3232.82,ETH
2026-01-06 07:17:05+00:00,2026-01-06 07:22:14.953995+00:00,125.0,3232.562,3232.47,3232.83,ETH
2026-01-06 07:17:06+00:00,2026-01-06 07:22:15.957826+00:00,126.0,3232.552,3232.47,3232.84,ETH
2026-01-06 07:17:07+00:00,2026-01-06 07:22:16.955733+00:00,127.0,3232.552,3232.49,3232.85,ETH
2026-01-06 07:17:08+00:00,2026-01-06 07:22:17.954037+00:00,128.0,3232.552,3232.52,3232.86,ETH
2026-01-06 07:17:09+00:00,2026-01-06 07:22:18.969691+00:00,129.0,3232.552,3232.52,3232.86,ETH
2026-01-06 07:17:10+00:00,2026-01-06 07:22:19.969691+00:00,130.0,3232.552,3232.51,3232.86,ETH
2026-01-06 07:17:11+00:00,2026-01-06 07:22:20.967430+00:00,131.0,3232.552,3232.51,3232.86,ETH
2026-01-06 07:17:12+00:00,2026-01-06 07:22:21.972393+00:00,132.0,3232.552,3232.51,3232.86,ETH
2026-01-06 07:17:13+00:00,2026-01-06 07:22:22.967798+00:00,133.0,3232.552,3232.47,3232.84,ETH
2026-01-06 07:17:14+00:00,2026-01-06 07:22:23.980571+00:00,134.0,3232.552,3232.42,3232.85,ETH
2026-01-06 07:17:15+00:00,2026-01-06 07:22:24.988676+00:00,135.0,3232.552,3232.38,3232.7,ETH
2026-01-06 07:17:16+00:00,2026-01-06 07:22:25.985844+00:00,136.0,3232.202,3232.2,3232.64,ETH
2026-01-06 07:17:17+00:00,2026-01-06 07:22:26.984856+00:00,137.0,3232.202,3232.1,3232.53,ETH
2026-01-06 07:17:18+00:00,2026-01-06 07:22:28.009730+00:00,138.0,3232.202,3232.1,3232.55,ETH
2026-01-06 07:17:19+00:00,2026-01-06 07:22:29.030311+00:00,139.0,3232.202,3232.09,3232.58,ETH
2026-01-06 07:17:20+00:00,2026-01-06 07:22:30.038790+00:00,140.0,3232.202,3232.09,3232.61,ETH
2026-01-06 07:17:21+00:00,2026-01-06 07:22:31.038187+00:00,141.0,3232.202,3232.06,3232.64,ETH
2026-01-06 07:17:22+00:00,2026-01-06 07:22:32.036492+00:00,142.0,3232.202,3232.06,3232.3,ETH
2026-01-06 07:17:23+00:00,2026-01-06 07:22:33.047169+00:00,143.0,3232.462,3232.22,3232.67,ETH
2026-01-06 07:17:24+00:00,2026-01-06 07:22:34.069402+00:00,144.0,3232.432,3232.22,3232.65,ETH
2026-01-06 07:17:25+00:00,2026-01-06 07:22:35.077163+00:00,145.0,3232.432,3232.16,3232.65,ETH
2026-01-06 07:17:26+00:00,2026-01-06 07:22:36.084675+00:00,146.0,3232.432,3232.16,3232.64,ETH
2026-01-06 07:17:27+00:00,2026-01-06 07:22:37.092900+00:00,147.0,3232.432,3232.16,3232.64,ETH
2026-01-06 07:17:28+00:00,2026-01-06 07:22:38.085064+00:00,148.0,3232.432,3232.16,3232.64,ETH
2026-01-06 07:17:29+00:00,2026-01-06 07:22:39.091617+00:00,149.0,3232.432,3232.24,3232.69,ETH
2026-01-06 07:17:30+00:00,2026-01-06 07:22:40.115533+00:00,150.0,3232.432,3232.24,3232.68,ETH
2026-01-06 07:17:31+00:00,2026-01-06 07:22:41.135056+00:00,151.0,3232.432,3232.24,3232.67,ETH
2026-01-06 07:17:32+00:00,2026-01-06 07:22:42.146664+00:00,152.0,3232.432,3232.24,3232.52,ETH
2026-01-06 07:17:33+00:00,2026-01-06 07:22:43.164774+00:00,153.0,3232.432,3232.24,3232.68,ETH
2026-01-06 07:17:34+00:00,2026-01-06 07:22:44.171568+00:00,154.0,3232.432,3232.24,3232.68,ETH
2026-01-06 07:17:35+00:00,2026-01-06 07:22:45.234199+00:00,155.0,3232.432,3232.23,3232.68,ETH
2026-01-06 07:17:36+00:00,2026-01-06 07:22:46.224623+00:00,156.0,3232.432,3232.23,3232.69,ETH
2026-01-06 07:17:37+00:00,2026-01-06 07:22:47.211411+00:00,157.0,3232.432,3232.22,3232.7,ETH
2026-01-06 07:17:38+00:00,2026-01-06 07:22:48.217905+00:00,158.0,3232.432,3232.22,3232.71,ETH
2026-01-06 07:17:39+00:00,2026-01-06 07:22:49.225558+00:00,159.0,3232.432,3232.22,3232.7,ETH
2026-01-06 07:17:40+00:00,2026-01-06 07:22:50.225820+00:00,160.0,3232.432,3232.22,3232.5,ETH
2026-01-06 07:17:41+00:00,2026-01-06 07:22:51.243786+00:00,161.0,3232.432,3232.24,3232.64,ETH
2026-01-06 07:17:42+00:00,2026-01-06 07:22:52.249972+00:00,162.0,3232.432,3232.24,3232.6,ETH
2026-01-06 07:17:43+00:00,2026-01-06 07:22:53.250019+00:00,163.0,3232.432,3232.24,3232.59,ETH
2026-01-06 07:17:44+00:00,2026-01-06 07:22:54.265066+00:00,164.0,3232.422,3232.22,3232.58,ETH
2026-01-06 07:17:45+00:00,2026-01-06 07:22:55.273087+00:00,165.0,3232.212,3232.08,3232.52,ETH
2026-01-06 07:17:46+00:00,2026-01-06 07:22:56.282646+00:00,166.0,3232.212,3232.08,3232.51,ETH
2026-01-06 07:17:47+00:00,2026-01-06 07:22:57.292163+00:00,167.0,3232.212,3232.08,3232.49,ETH
2026-01-06 07:17:48+00:00,2026-01-06 07:22:58.298930+00:00,168.0,3232.052,3232.05,3232.38,ETH
2026-01-06 07:17:49+00:00,2026-01-06 07:22:59.304916+00:00,169.0,3232.052,3232.03,3232.21,ETH
2026-01-06 07:17:50+00:00,2026-01-06 07:23:00.307149+00:00,170.0,3232.052,3232.02,3232.31,ETH
2026-01-06 07:17:51+00:00,2026-01-06 07:23:01.336593+00:00,171.0,3232.052,3232.02,3232.31,ETH
2026-01-06 07:17:52+00:00,2026-01-06 07:23:02.319806+00:00,172.0,3232.052,3231.98,3232.31,ETH
2026-01-06 07:17:53+00:00,2026-01-06 07:23:03.323439+00:00,173.0,3231.982,3231.93,3232.05,ETH
2026-01-06 07:17:54+00:00,2026-01-06 07:23:04.339620+00:00,174.0,3231.952,3231.94,3232.18,ETH
2026-01-06 07:17:55+00:00,2026-01-06 07:23:05.348642+00:00,175.0,3230.892,3230.88,3231.23,ETH
2026-01-06 07:17:56+00:00,2026-01-06 07:23:06.367001+00:00,176.0,3230.792,3230.76,3231.36,ETH
2026-01-06 07:17:57+00:00,2026-01-06 07:23:07.369978+00:00,177.0,3230.272,3229.86,3230.56,ETH
2026-01-06 07:17:58+00:00,2026-01-06 07:23:09.384766+00:00,178.0,3229.832,3229.71,3230.12,ETH
2026-01-06 07:17:59+00:00,2026-01-06 07:23:10.389280+00:00,179.0,3229.622,3229.53,3229.99,ETH
2026-01-06 07:18:00+00:00,2026-01-06 07:23:11.390185+00:00,180.0,3229.432,3229.42,3229.78,ETH
2026-01-06 07:18:01+00:00,2026-01-06 07:23:12.399698+00:00,181.0,3229.422,3229.39,3229.56,ETH
2026-01-06 07:18:02+00:00,2026-01-06 07:23:13.402045+00:00,182.0,3229.522,3229.35,3229.64,ETH
2026-01-06 07:18:03+00:00,2026-01-06 07:23:14.403808+00:00,183.0,3229.712,3229.43,3229.88,ETH
2026-01-06 07:18:04+00:00,2026-01-06 07:23:15.418673+00:00,184.0,3229.802,3229.54,3230.01,ETH
2026-01-06 07:18:05+00:00,2026-01-06 07:23:16.436839+00:00,185.0,3229.982,3229.72,3230.11,ETH
2026-01-06 07:18:06+00:00,2026-01-06 07:23:17.449565+00:00,186.0,3230.192,3229.88,3230.27,ETH
2026-01-06 07:18:07+00:00,2026-01-06 07:23:18.467594+00:00,187.0,3230.242,3229.89,3230.38,ETH
2026-01-06 07:18:08+00:00,2026-01-06 07:23:19.465350+00:00,188.0,3230.242,3229.89,3230.41,ETH
2026-01-06 07:18:09+00:00,2026-01-06 07:23:20.546206+00:00,189.0,3230.242,3229.89,3230.42,ETH
2026-01-06 07:18:10+00:00,2026-01-06 07:23:21.544491+00:00,190.0,3230.252,3229.89,3230.4,ETH
2026-01-06 07:18:11+00:00,2026-01-06 07:23:22.555935+00:00,191.0,3230.252,3229.9,3230.43,ETH
2026-01-06 07:18:12+00:00,2026-01-06 07:23:23.572048+00:00,192.0,3230.462,3230.11,3230.62,ETH
2026-01-06 07:18:13+00:00,2026-01-06 07:23:24.582092+00:00,193.0,3230.672,3230.31,3230.77,ETH
2026-01-06 07:18:14+00:00,2026-01-06 07:23:25.586103+00:00,194.0,3230.672,3230.32,3230.79,ETH
2026-01-06 07:18:15+00:00,2026-01-06 07:23:26.586912+00:00,195.0,3230.672,3230.33,3230.8,ETH
2026-01-06 07:18:16+00:00,2026-01-06 07:23:27.581752+00:00,196.0,3230.672,3230.33,3230.8,ETH
2026-01-06 07:18:17+00:00,2026-01-06 07:23:28.599857+00:00,197.0,3230.672,3230.33,3230.81,ETH
2026-01-06 07:18:18+00:00,2026-01-06 07:23:29.598714+00:00,198.0,3230.672,3230.34,3230.81,ETH
2026-01-06 07:18:19+00:00,2026-01-06 07:23:30.600232+00:00,199.0,3230.672,3230.35,3230.8,ETH
2026-01-06 07:18:20+00:00,2026-01-06 07:23:31.598361+00:00,200.0,3230.672,3230.35,3230.8,ETH
2026-01-06 07:18:21+00:00,2026-01-06 07:23:32.600149+00:00,201.0,3230.672,3230.35,3230.81,ETH
2026-01-06 07:18:22+00:00,2026-01-06 07:23:33.605320+00:00,202.0,3230.672,3230.34,3230.8,ETH
2026-01-06 07:18:23+00:00,2026-01-06 07:23:34.602592+00:00,203.0,3230.602,3230.33,3230.67,ETH
2026-01-06 07:18:24+00:00,2026-01-06 07:23:35.594589+00:00,204.0,3230.612,3230.33,3230.67,ETH
2026-01-06 07:18:25+00:00,2026-01-06 07:23:36.624154+00:00,205.0,3230.592,3230.39,3230.67,ETH
2026-01-06 07:18:26+00:00,2026-01-06 07:23:37.620740+00:00,206.0,3230.592,3230.38,3230.67,ETH
2026-01-06 07:18:27+00:00,2026-01-06 07:23:38.634745+00:00,207.0,3230.592,3230.38,3230.67,ETH
2026-01-06 07:18:28+00:00,2026-01-06 07:23:39.649865+00:00,208.0,3230.572,3230.37,3230.67,ETH
2026-01-06 07:18:29+00:00,2026-01-06 07:23:40.664686+00:00,209.0,3230.572,3230.37,3230.67,ETH
2026-01-06 07:18:30+00:00,2026-01-06 07:23:41.667750+00:00,210.0,3230.552,3230.37,3230.67,ETH
2026-01-06 07:18:31+00:00,2026-01-06 07:23:42.719949+00:00,211.0,3230.562,3230.37,3230.67,ETH
2026-01-06 07:18:32+00:00,2026-01-06 07:23:43.669679+00:00,212.0,3230.552,3230.37,3230.67,ETH
2026-01-06 07:18:33+00:00,2026-01-06 07:23:44.757516+00:00,213.0,3230.662,3230.38,3230.71,ETH
2026-01-06 07:18:34+00:00,2026-01-06 07:23:45.671217+00:00,214.0,3230.652,3230.38,3230.7,ETH
2026-01-06 07:18:35+00:00,2026-01-06 07:23:46.724056+00:00,215.0,3230.652,3230.38,3230.69,ETH
2026-01-06 07:18:36+00:00,2026-01-06 07:23:47.710622+00:00,216.0,3230.622,3230.37,3230.67,ETH
2026-01-06 07:18:37+00:00,2026-01-06 07:23:48.709148+00:00,217.0,3230.562,3230.37,3230.67,ETH
2026-01-06 07:18:38+00:00,2026-01-06 07:23:49.706296+00:00,218.0,3230.582,3230.38,3230.68,ETH
2026-01-06 07:18:39+00:00,2026-01-06 07:23:50.728525+00:00,219.0,3230.632,3230.39,3230.69,ETH
2026-01-06 07:18:40+00:00,2026-01-06 07:23:51.713254+00:00,220.0,3230.642,3230.4,3230.68,ETH
2026-01-06 07:18:41+00:00,2026-01-06 07:23:52.726952+00:00,221.0,3230.652,3230.4,3230.74,ETH
2026-01-06 07:18:42+00:00,2026-01-06 07:23:53.728926+00:00,222.0,3230.672,3230.43,3230.82,ETH
2026-01-06 07:18:43+00:00,2026-01-06 07:23:54.753490+00:00,223.0,3230.732,3230.46,3230.85,ETH
2026-01-06 07:18:44+00:00,2026-01-06 07:23:55.765034+00:00,224.0,3230.802,3230.46,3230.86,ETH
2026-01-06 07:18:45+00:00,2026-01-06 07:23:56.764636+00:00,225.0,3230.722,3230.46,3230.85,ETH
2026-01-06 07:18:46+00:00,2026-01-06 07:23:57.779852+00:00,226.0,3230.642,3230.46,3230.84,ETH
2026-01-06 07:18:47+00:00,2026-01-06 07:23:58.796383+00:00,227.0,3230.652,3230.45,3230.84,ETH
2026-01-06 07:18:48+00:00,2026-01-06 07:23:59.806611+00:00,228.0,3230.602,3230.4,3230.67,ETH
2026-01-06 07:18:49+00:00,2026-01-06 07:24:00.818340+00:00,229.0,3230.672,3230.4,3230.82,ETH
2026-01-06 07:18:50+00:00,2026-01-06 07:24:01.821826+00:00,230.0,3230.672,3230.42,3230.83,ETH
2026-01-06 07:18:51+00:00,2026-01-06 07:24:02.833612+00:00,231.0,3230.722,3230.44,3230.84,ETH
2026-01-06 07:18:52+00:00,2026-01-06 07:24:03.852139+00:00,232.0,3230.722,3230.44,3230.84,ETH
2026-01-06 07:18:53+00:00,2026-01-06 07:24:04.853792+00:00,233.0,3230.692,3230.44,3230.84,ETH
2026-01-06 07:18:54+00:00,2026-01-06 07:24:05.862560+00:00,234.0,3230.532,3230.44,3230.84,ETH
2026-01-06 07:18:55+00:00,2026-01-06 07:24:06.864625+00:00,235.0,3230.742,3230.45,3230.84,ETH
2026-01-06 07:18:56+00:00,2026-01-06 07:24:07.882595+00:00,236.0,3230.722,3230.45,3230.84,ETH
2026-01-06 07:18:57+00:00,2026-01-06 07:24:08.895196+00:00,237.0,3230.722,3230.45,3230.84,ETH
2026-01-06 07:18:58+00:00,2026-01-06 07:24:09.898827+00:00,238.0,3230.722,3230.45,3230.84,ETH
2026-01-06 07:18:59+00:00,2026-01-06 07:24:10.880979+00:00,239.0,3230.712,3230.45,3230.84,ETH
2026-01-06 07:19:00+00:00,2026-01-06 07:24:11.881272+00:00,240.0,3230.712,3230.46,3230.84,ETH
2026-01-06 07:19:01+00:00,2026-01-06 07:24:12.898176+00:00,241.0,3230.812,3230.46,3231.17,ETH
2026-01-06 07:19:02+00:00,2026-01-06 07:24:13.899903+00:00,242.0,3231.102,3231.03,3231.35,ETH
2026-01-06 07:19:03+00:00,2026-01-06 07:24:14.920326+00:00,243.0,3230.942,3230.94,3231.29,ETH
2026-01-06 07:19:04+00:00,2026-01-06 07:24:15.917054+00:00,244.0,3230.942,3230.74,3231.11,ETH
2026-01-06 07:19:05+00:00,2026-01-06 07:24:16.936662+00:00,245.0,3230.942,3230.75,3231.13,ETH
2026-01-06 07:19:06+00:00,2026-01-06 07:24:17.929791+00:00,246.0,3231.032,3230.79,3231.16,ETH
2026-01-06 07:19:07+00:00,2026-01-06 07:24:18.931386+00:00,247.0,3231.212,3231.06,3231.36,ETH
2026-01-06 07:19:08+00:00,2026-01-06 07:24:19.918875+00:00,248.0,3231.212,3231.06,3231.39,ETH
2026-01-06 07:19:09+00:00,2026-01-06 07:24:20.917443+00:00,249.0,3231.322,3231.07,3231.39,ETH
2026-01-06 07:19:10+00:00,2026-01-06 07:24:22.948272+00:00,250.0,3231.392,3231.11,3231.47,ETH
2026-01-06 07:19:11+00:00,2026-01-06 07:24:23.962302+00:00,251.0,3231.452,3231.18,3231.55,ETH
2026-01-06 07:19:12+00:00,2026-01-06 07:24:24.967897+00:00,252.0,3231.422,3231.24,3231.51,ETH
2026-01-06 07:19:13+00:00,2026-01-06 07:24:25.967924+00:00,253.0,3231.162,3231.0,3231.23,ETH
2026-01-06 07:19:14+00:00,2026-01-06 07:24:26.962258+00:00,254.0,3231.002,3230.75,3231.05,ETH
2026-01-06 07:19:15+00:00,2026-01-06 07:24:27.969730+00:00,255.0,3231.012,3230.71,3231.08,ETH
2026-01-06 07:19:16+00:00,2026-01-06 07:24:28.981503+00:00,256.0,3231.012,3230.73,3231.1,ETH
2026-01-06 07:19:17+00:00,2026-01-06 07:24:29.984578+00:00,257.0,3231.012,3230.75,3231.1,ETH
2026-01-06 07:19:18+00:00,2026-01-06 07:24:30.991739+00:00,258.0,3231.012,3230.75,3231.1,ETH
2026-01-06 07:19:19+00:00,2026-01-06 07:24:31.993032+00:00,259.0,3230.932,3230.73,3231.08,ETH
2026-01-06 07:19:20+00:00,2026-01-06 07:24:32.996807+00:00,260.0,3230.852,3230.7,3231.03,ETH
2026-01-06 07:19:21+00:00,2026-01-06 07:24:34.010531+00:00,261.0,3230.852,3230.68,3230.98,ETH
2026-01-06 07:19:22+00:00,2026-01-06 07:24:35.029820+00:00,262.0,3230.902,3230.68,3230.99,ETH
2026-01-06 07:19:23+00:00,2026-01-06 07:24:36.036483+00:00,263.0,3230.942,3230.68,3231.03,ETH
2026-01-06 07:19:24+00:00,2026-01-06 07:24:37.031312+00:00,264.0,3230.902,3230.68,3231.08,ETH
2026-01-06 07:19:25+00:00,2026-01-06 07:24:38.029556+00:00,265.0,3230.872,3230.67,3231.08,ETH
2026-01-06 07:19:26+00:00,2026-01-06 07:24:39.034215+00:00,266.0,3230.782,3230.63,3231.02,ETH
2026-01-06 07:19:27+00:00,2026-01-06 07:24:40.043250+00:00,267.0,3230.692,3230.58,3230.93,ETH
2026-01-06 07:19:28+00:00,2026-01-06 07:24:41.042634+00:00,268.0,3230.612,3230.51,3230.78,ETH
2026-01-06 07:19:29+00:00,2026-01-06 07:24:42.065450+00:00,269.0,3230.532,3230.47,3230.69,ETH
2026-01-06 07:19:30+00:00,2026-01-06 07:24:43.068367+00:00,270.0,3230.532,3230.48,3230.69,ETH
2026-01-06 07:19:31+00:00,2026-01-06 07:24:44.074590+00:00,271.0,3230.532,3230.49,3230.7,ETH
2026-01-06 07:19:32+00:00,2026-01-06 07:24:45.063512+00:00,272.0,3230.532,3230.47,3230.68,ETH
2026-01-06 07:19:33+00:00,2026-01-06 07:24:46.081161+00:00,273.0,3230.352,3230.28,3230.45,ETH
2026-01-06 07:19:34+00:00,2026-01-06 07:24:47.077843+00:00,274.0,3230.152,3230.0,3230.21,ETH
2026-01-06 07:19:35+00:00,2026-01-06 07:24:48.081485+00:00,275.0,3230.092,3229.85,3230.17,ETH
2026-01-06 07:19:36+00:00,2026-01-06 07:24:49.102807+00:00,276.0,3230.182,3229.92,3230.25,ETH
2026-01-06 07:19:37+00:00,2026-01-06 07:24:50.102189+00:00,277.0,3230.262,3230.06,3230.32,ETH
2026-01-06 07:19:38+00:00,2026-01-06 07:24:51.115308+00:00,278.0,3230.272,3230.12,3230.41,ETH
2026-01-06 07:19:39+00:00,2026-01-06 07:24:52.115189+00:00,279.0,3230.332,3230.15,3230.52,ETH
2026-01-06 07:19:40+00:00,2026-01-06 07:24:53.147652+00:00,280.0,3230.372,3230.18,3230.53,ETH
2026-01-06 07:19:41+00:00,2026-01-06 07:24:54.146875+00:00,281.0,3230.312,3230.16,3230.43,ETH
2026-01-06 07:19:42+00:00,2026-01-06 07:24:55.147056+00:00,282.0,3230.152,3230.07,3230.25,ETH
2026-01-06 07:19:43+00:00,2026-01-06 07:24:56.151635+00:00,283.0,3230.092,3229.98,3230.17,ETH
2026-01-06 07:19:44+00:00,2026-01-06 07:24:57.169523+00:00,284.0,3230.112,3229.94,3230.17,ETH
2026-01-06 07:19:45+00:00,2026-01-06 07:24:58.169194+00:00,285.0,3230.132,3229.93,3230.17,ETH
2026-01-06 07:19:46+00:00,2026-01-06 07:24:59.167629+00:00,286.0,3230.062,3229.87,3230.13,ETH
2026-01-06 07:19:47+00:00,2026-01-06 07:25:00.172642+00:00,287.0,3229.982,3229.82,3230.06,ETH
2026-01-06 07:19:48+00:00,2026-01-06 07:25:01.201953+00:00,288.0,3230.072,3229.9,3230.12,ETH
2026-01-06 07:19:49+00:00,2026-01-06 07:25:02.197790+00:00,289.0,3230.072,3229.96,3230.19,ETH
2026-01-06 07:19:50+00:00,2026-01-06 07:25:03.196978+00:00,290.0,3230.102,3229.99,3230.33,ETH
2026-01-06 07:19:51+00:00,2026-01-06 07:25:04.208427+00:00,291.0,3230.322,3230.13,3230.51,ETH
2026-01-06 07:19:52+00:00,2026-01-06 07:25:05.208692+00:00,292.0,3230.472,3230.25,3230.54,ETH
2026-01-06 07:19:53+00:00,2026-01-06 07:25:06.209080+00:00,293.0,3230.632,3230.34,3230.68,ETH
2026-01-06 07:19:54+00:00,2026-01-06 07:25:07.213620+00:00,294.0,3230.742,3230.42,3230.9,ETH
2026-01-06 07:19:55+00:00,2026-01-06 07:25:08.218466+00:00,295.0,3230.732,3230.41,3230.97,ETH
2026-01-06 07:19:56+00:00,2026-01-06 07:25:09.226507+00:00,296.0,3230.702,3230.4,3230.91,ETH
2026-01-06 07:19:57+00:00,2026-01-06 07:25:10.230132+00:00,297.0,3230.682,3230.41,3230.87,ETH
2026-01-06 07:19:58+00:00,2026-01-06 07:25:11.248321+00:00,298.0,3230.682,3230.43,3230.87,ETH
2026-01-06 07:19:59+00:00,2026-01-06 07:25:12.273653+00:00,299.0,3230.672,3230.43,3230.87,ETH
2026-01-06 07:20:00+00:00,2026-01-06 07:25:13.259562+00:00,300.0,3230.672,3230.44,3230.87,ETH
2026-01-06 07:20:01+00:00,2026-01-06 07:25:14.258573+00:00,301.0,3230.672,3230.44,3230.87,ETH
2026-01-06 07:20:02+00:00,2026-01-06 07:25:15.263576+00:00,302.0,3230.682,3230.44,3230.87,ETH
2026-01-06 07:20:03+00:00,2026-01-06 07:25:16.281069+00:00,303.0,3230.722,3230.44,3230.87,ETH
2026-01-06 07:20:04+00:00,2026-01-06 07:25:17.283148+00:00,304.0,3230.752,3230.47,3230.91,ETH
2026-01-06 07:20:05+00:00,2026-01-06 07:25:18.280509+00:00,305.0,3230.752,3230.49,3230.94,ETH
2026-01-06 07:20:06+00:00,2026-01-06 07:25:19.282239+00:00,306.0,3230.742,3230.49,3230.94,ETH
2026-01-06 07:20:07+00:00,2026-01-06 07:25:20.298733+00:00,307.0,3230.752,3230.49,3230.94,ETH
2026-01-06 07:20:08+00:00,2026-01-06 07:25:21.297124+00:00,308.0,3230.772,3230.48,3230.94,ETH
2026-01-06 07:20:09+00:00,2026-01-06 07:25:22.309667+00:00,309.0,3230.772,3230.48,3230.94,ETH
2026-01-06 07:20:10+00:00,2026-01-06 07:25:23.315566+00:00,310.0,3230.762,3230.48,3230.94,ETH
2026-01-06 07:20:11+00:00,2026-01-06 07:25:24.314919+00:00,311.0,3230.742,3230.48,3230.94,ETH
2026-01-06 07:20:12+00:00,2026-01-06 07:25:25.329111+00:00,312.0,3230.742,3230.49,3230.94,ETH
2026-01-06 07:20:13+00:00,2026-01-06 07:25:26.331881+00:00,313.0,3230.772,3230.49,3230.95,ETH
2026-01-06 07:20:14+00:00,2026-01-06 07:25:27.347452+00:00,314.0,3230.792,3230.5,3230.95,ETH
2026-01-06 07:20:15+00:00,2026-01-06 07:25:28.362111+00:00,315.0,3230.812,3230.51,3230.95,ETH
2026-01-06 07:20:16+00:00,2026-01-06 07:25:29.380180+00:00,316.0,3230.792,3230.53,3230.96,ETH
2026-01-06 07:20:17+00:00,2026-01-06 07:25:30.384041+00:00,317.0,3230.762,3230.55,3230.95,ETH
2026-01-06 07:20:18+00:00,2026-01-06 07:25:31.394872+00:00,318.0,3230.752,3230.55,3230.95,ETH
2026-01-06 07:20:19+00:00,2026-01-06 07:25:32.415081+00:00,319.0,3230.782,3230.55,3230.96,ETH
2026-01-06 07:20:20+00:00,2026-01-06 07:25:33.428024+00:00,320.0,3230.812,3230.55,3230.96,ETH
2026-01-06 07:20:21+00:00,2026-01-06 07:25:34.430399+00:00,321.0,3230.812,3230.55,3230.96,ETH
2026-01-06 07:20:22+00:00,2026-01-06 07:25:35.429545+00:00,322.0,3230.812,3230.54,3230.96,ETH
2026-01-06 07:20:23+00:00,2026-01-06 07:25:36.427381+00:00,323.0,3230.752,3230.55,3230.96,ETH
2026-01-06 07:20:24+00:00,2026-01-06 07:25:37.427931+00:00,324.0,3230.812,3230.55,3230.95,ETH
2026-01-06 07:20:25+00:00,2026-01-06 07:25:38.429585+00:00,325.0,3230.822,3230.55,3230.95,ETH
2026-01-06 07:20:26+00:00,2026-01-06 07:25:39.426904+00:00,326.0,3230.782,3230.56,3230.99,ETH
2026-01-06 07:20:27+00:00,2026-01-06 07:25:40.428045+00:00,327.0,3230.962,3230.73,3231.07,ETH
2026-01-06 07:20:28+00:00,2026-01-06 07:25:41.429471+00:00,328.0,3230.992,3230.73,3231.15,ETH
2026-01-06 07:20:29+00:00,2026-01-06 07:25:42.428199+00:00,329.0,3230.992,3230.72,3231.25,ETH
2026-01-06 07:20:30+00:00,2026-01-06 07:25:43.429957+00:00,330.0,3231.002,3230.72,3231.26,ETH
2026-01-06 07:20:31+00:00,2026-01-06 07:25:44.443909+00:00,331.0,3231.032,3230.74,3231.29,ETH
2026-01-06 07:20:32+00:00,2026-01-06 07:25:45.443459+00:00,332.0,3231.082,3230.74,3231.31,ETH
2026-01-06 07:20:33+00:00,2026-01-06 07:25:46.445578+00:00,333.0,3231.112,3230.91,3231.44,ETH
2026-01-06 07:20:34+00:00,2026-01-06 07:25:47.465101+00:00,334.0,3231.112,3230.91,3231.35,ETH
2026-01-06 07:20:35+00:00,2026-01-06 07:25:48.465471+00:00,335.0,3231.112,3230.91,3231.35,ETH
2026-01-06 07:20:36+00:00,2026-01-06 07:25:49.464664+00:00,336.0,3231.212,3230.94,3231.5,ETH
2026-01-06 07:20:37+00:00,2026-01-06 07:25:50.484965+00:00,337.0,3231.202,3230.94,3231.5,ETH
2026-01-06 07:20:38+00:00,2026-01-06 07:25:51.481065+00:00,338.0,3231.262,3230.93,3231.48,ETH
2026-01-06 07:20:39+00:00,2026-01-06 07:25:52.483379+00:00,339.0,3231.222,3230.9,3231.47,ETH
2026-01-06 07:20:40+00:00,2026-01-06 07:25:53.491098+00:00,340.0,3231.262,3230.87,3231.47,ETH
2026-01-06 07:20:41+00:00,2026-01-06 07:25:54.513270+00:00,341.0,3231.092,3230.87,3231.47,ETH
2026-01-06 07:20:42+00:00,2026-01-06 07:25:55.526941+00:00,342.0,3231.332,3230.97,3231.5,ETH
2026-01-06 07:20:43+00:00,2026-01-06 07:25:56.531506+00:00,343.0,3231.112,3230.97,3231.6,ETH
2026-01-06 07:20:44+00:00,2026-01-06 07:25:57.546771+00:00,344.0,3231.322,3231.01,3231.56,ETH
2026-01-06 07:20:45+00:00,2026-01-06 07:25:59.557187+00:00,345.0,3231.342,3231.0,3231.5,ETH
2026-01-06 07:20:46+00:00,2026-01-06 07:26:00.590765+00:00,346.0,3231.372,3231.0,3231.49,ETH
2026-01-06 07:20:47+00:00,2026-01-06 07:26:01.597169+00:00,347.0,3231.402,3231.0,3231.52,ETH
2026-01-06 07:20:48+00:00,2026-01-06 07:26:02.611233+00:00,348.0,3231.402,3231.0,3231.52,ETH
2026-01-06 07:20:49+00:00,2026-01-06 07:26:03.612088+00:00,349.0,3231.392,3231.01,3231.51,ETH
2026-01-06 07:20:50+00:00,2026-01-06 07:26:04.610647+00:00,350.0,3231.382,3231.0,3231.51,ETH
2026-01-06 07:20:51+00:00,2026-01-06 07:26:05.605708+00:00,351.0,3231.142,3230.93,3231.29,ETH
2026-01-06 07:20:52+00:00,2026-01-06 07:26:06.639947+00:00,352.0,3230.862,3230.73,3230.97,ETH
2026-01-06 07:20:53+00:00,2026-01-06 07:26:07.647367+00:00,353.0,3230.812,3230.61,3230.85,ETH
2026-01-06 07:20:54+00:00,2026-01-06 07:26:08.645132+00:00,354.0,3230.742,3230.61,3230.81,ETH
2026-01-06 07:20:55+00:00,2026-01-06 07:26:09.648416+00:00,355.0,3230.692,3230.59,3230.78,ETH
2026-01-06 07:20:57+00:00,2026-01-06 07:26:10.691744+00:00,357.0,3230.672,3230.48,3230.71,ETH
2026-01-06 07:20:58+00:00,2026-01-06 07:26:11.695820+00:00,358.0,3230.682,3230.48,3230.73,ETH
2026-01-06 07:20:59+00:00,2026-01-06 07:26:12.715593+00:00,359.0,3230.672,3230.48,3230.71,ETH
2026-01-06 07:21:00+00:00,2026-01-06 07:26:13.732610+00:00,360.0,3230.682,3230.48,3230.72,ETH
2026-01-06 07:21:01+00:00,2026-01-06 07:26:14.738211+00:00,361.0,3230.672,3230.48,3230.72,ETH
2026-01-06 07:21:02+00:00,2026-01-06 07:26:15.739958+00:00,362.0,3230.642,3230.56,3230.7,ETH
2026-01-06 07:21:03+00:00,2026-01-06 07:26:16.759082+00:00,363.0,3230.522,3230.36,3230.56,ETH
2026-01-06 07:21:04+00:00,2026-01-06 07:26:17.762052+00:00,364.0,3230.502,3230.37,3230.55,ETH
2026-01-06 07:21:05+00:00,2026-01-06 07:26:18.779459+00:00,365.0,3230.482,3230.3,3230.55,ETH
2026-01-06 07:21:06+00:00,2026-01-06 07:26:19.779720+00:00,366.0,3230.492,3230.3,3230.55,ETH
2026-01-06 07:21:07+00:00,2026-01-06 07:26:20.764764+00:00,367.0,3230.502,3230.3,3230.55,ETH
2026-01-06 07:21:08+00:00,2026-01-06 07:26:21.771026+00:00,368.0,3230.462,3230.3,3230.52,ETH
2026-01-06 07:21:09+00:00,2026-01-06 07:26:22.770401+00:00,369.0,3230.492,3230.31,3230.54,ETH
2026-01-06 07:21:10+00:00,2026-01-06 07:26:24.765293+00:00,370.0,3230.462,3230.28,3230.52,ETH
2026-01-06 07:21:11+00:00,2026-01-06 07:26:25.776992+00:00,371.0,3230.462,3230.26,3230.52,ETH
2026-01-06 07:21:12+00:00,2026-01-06 07:26:26.774565+00:00,372.0,3230.482,3230.27,3230.53,ETH
2026-01-06 07:21:13+00:00,2026-01-06 07:26:27.794968+00:00,373.0,3230.492,3230.27,3230.54,ETH
2026-01-06 07:21:14+00:00,2026-01-06 07:26:28.817325+00:00,374.0,3230.482,3230.27,3230.54,ETH
2026-01-06 07:21:15+00:00,2026-01-06 07:26:29.808198+00:00,375.0,3230.482,3230.26,3230.54,ETH
2026-01-06 07:21:16+00:00,2026-01-06 07:26:30.813917+00:00,376.0,3230.482,3230.26,3230.54,ETH
2026-01-06 07:21:17+00:00,2026-01-06 07:26:31.812476+00:00,377.0,3230.482,3230.26,3230.54,ETH
2026-01-06 07:21:18+00:00,2026-01-06 07:26:32.826233+00:00,378.0,3230.492,3230.24,3230.54,ETH
2026-01-06 07:21:19+00:00,2026-01-06 07:26:33.842817+00:00,379.0,3230.472,3230.23,3230.54,ETH
2026-01-06 07:21:20+00:00,2026-01-06 07:26:34.841046+00:00,380.0,3230.502,3230.3,3230.6,ETH
2026-01-06 07:21:21+00:00,2026-01-06 07:26:35.841379+00:00,381.0,3230.532,3230.4,3230.68,ETH
2026-01-06 07:21:22+00:00,2026-01-06 07:26:36.842438+00:00,382.0,3230.262,3230.18,3230.45,ETH
2026-01-06 07:21:23+00:00,2026-01-06 07:26:37.839921+00:00,383.0,3229.872,3229.82,3230.09,ETH
2026-01-06 07:21:24+00:00,2026-01-06 07:26:38.847552+00:00,384.0,3229.792,3229.69,3229.94,ETH
2026-01-06 07:21:25+00:00,2026-01-06 07:26:39.860313+00:00,385.0,3229.842,3229.69,3229.88,ETH
2026-01-06 07:21:26+00:00,2026-01-06 07:26:40.876813+00:00,386.0,3229.842,3229.7,3229.88,ETH
2026-01-06 07:21:27+00:00,2026-01-06 07:26:41.888780+00:00,387.0,3229.852,3229.7,3229.89,ETH
2026-01-06 07:21:28+00:00,2026-01-06 07:26:42.895848+00:00,388.0,3229.862,3229.7,3229.91,ETH
2026-01-06 07:21:29+00:00,2026-01-06 07:26:43.908455+00:00,389.0,3229.812,3229.69,3229.91,ETH
2026-01-06 07:21:30+00:00,2026-01-06 07:26:44.932536+00:00,390.0,3229.812,3229.68,3229.91,ETH
2026-01-06 07:21:31+00:00,2026-01-06 07:26:45.939784+00:00,391.0,3229.832,3229.72,3229.95,ETH
2026-01-06 07:21:32+00:00,2026-01-06 07:26:46.944603+00:00,392.0,3229.862,3229.76,3230.0,ETH
2026-01-06 07:21:33+00:00,2026-01-06 07:26:47.957072+00:00,393.0,3229.912,3229.77,3230.0,ETH
2026-01-06 07:21:34+00:00,2026-01-06 07:26:48.956142+00:00,394.0,3229.612,3229.61,3229.74,ETH
2026-01-06 07:21:35+00:00,2026-01-06 07:26:49.956843+00:00,395.0,3229.612,3229.55,3229.73,ETH
2026-01-06 07:21:36+00:00,2026-01-06 07:26:50.973141+00:00,396.0,3229.612,3229.55,3229.73,ETH
2026-01-06 07:21:37+00:00,2026-01-06 07:26:51.975661+00:00,397.0,3229.612,3229.55,3229.67,ETH
2026-01-06 07:21:38+00:00,2026-01-06 07:26:52.964657+00:00,398.0,3229.612,3229.57,3229.68,ETH
2026-01-06 07:21:39+00:00,2026-01-06 07:26:53.976699+00:00,399.0,3229.602,3229.55,3229.64,ETH
2026-01-06 07:21:40+00:00,2026-01-06 07:26:54.973863+00:00,400.0,3229.612,3229.56,3229.69,ETH
2026-01-06 07:21:41+00:00,2026-01-06 07:26:55.988503+00:00,401.0,3229.662,3229.62,3229.83,ETH
2026-01-06 07:21:42+00:00,2026-01-06 07:26:56.991213+00:00,402.0,3229.652,3229.61,3229.83,ETH
2026-01-06 07:21:43+00:00,2026-01-06 07:26:57.990760+00:00,403.0,3229.652,3229.61,3229.83,ETH
2026-01-06 07:21:44+00:00,2026-01-06 07:26:58.994667+00:00,404.0,3229.672,3229.63,3229.83,ETH
2026-01-06 07:21:45+00:00,2026-01-06 07:27:00.007253+00:00,405.0,3229.652,3229.61,3229.83,ETH
2026-01-06 07:21:46+00:00,2026-01-06 07:27:01.013312+00:00,406.0,3228.962,3228.84,3228.97,ETH
2026-01-06 07:21:47+00:00,2026-01-06 07:27:02.024741+00:00,407.0,3228.472,3228.11,3228.76,ETH
2026-01-06 07:21:48+00:00,2026-01-06 07:27:03.041757+00:00,408.0,3228.152,3227.96,3228.34,ETH
2026-01-06 07:21:49+00:00,2026-01-06 07:27:04.049926+00:00,409.0,3227.792,3227.62,3227.92,ETH
2026-01-06 07:21:50+00:00,2026-01-06 07:27:05.051006+00:00,410.0,3227.722,3227.56,3227.92,ETH
2026-01-06 07:21:51+00:00,2026-01-06 07:27:06.047517+00:00,411.0,3227.622,3227.51,3227.72,ETH
2026-01-06 07:21:52+00:00,2026-01-06 07:27:07.060162+00:00,412.0,3227.722,3227.52,3227.91,ETH
2026-01-06 07:21:53+00:00,2026-01-06 07:27:08.056801+00:00,413.0,3227.762,3227.54,3227.82,ETH
2026-01-06 07:21:54+00:00,2026-01-06 07:27:09.051049+00:00,414.0,3227.732,3227.58,3227.82,ETH
2026-01-06 07:21:55+00:00,2026-01-06 07:27:10.084715+00:00,415.0,3227.792,3227.58,3227.84,ETH
2026-01-06 07:21:56+00:00,2026-01-06 07:27:11.084829+00:00,416.0,3227.722,3227.58,3227.82,ETH
2026-01-06 07:21:57+00:00,2026-01-06 07:27:12.086349+00:00,417.0,3227.782,3227.59,3227.82,ETH
2026-01-06 07:21:58+00:00,2026-01-06 07:27:13.109196+00:00,418.0,3227.802,3227.59,3227.84,ETH
2026-01-06 07:21:59+00:00,2026-01-06 07:27:14.103438+00:00,419.0,3227.822,3227.57,3227.92,ETH
2026-01-06 07:22:00+00:00,2026-01-06 07:27:15.112576+00:00,420.0,3227.452,3227.45,3227.92,ETH
2026-01-06 07:22:01+00:00,2026-01-06 07:27:16.117755+00:00,421.0,3227.222,3227.17,3227.35,ETH
2026-01-06 07:22:02+00:00,2026-01-06 07:27:17.123104+00:00,422.0,3226.842,3226.52,3227.12,ETH
2026-01-06 07:22:03+00:00,2026-01-06 07:27:18.194050+00:00,423.0,3226.522,3226.49,3226.98,ETH
2026-01-06 07:22:04+00:00,2026-01-06 07:27:19.192133+00:00,424.0,3225.732,3225.66,3225.8,ETH
2026-01-06 07:22:05+00:00,2026-01-06 07:27:20.191198+00:00,425.0,3225.202,3225.02,3225.56,ETH
2026-01-06 07:22:06+00:00,2026-01-06 07:27:21.179296+00:00,426.0,3225.202,3224.99,3225.37,ETH
2026-01-06 07:22:07+00:00,2026-01-06 07:27:22.200721+00:00,427.0,3224.992,3224.99,3225.15,ETH
2026-01-06 07:22:08+00:00,2026-01-06 07:27:23.196238+00:00,428.0,3224.642,3224.47,3225.03,ETH
2026-01-06 07:22:09+00:00,2026-01-06 07:27:24.244605+00:00,429.0,3224.422,3224.31,3224.62,ETH
2026-01-06 07:22:10+00:00,2026-01-06 07:27:25.257433+00:00,430.0,3224.422,3224.33,3224.6,ETH
2026-01-06 07:22:11+00:00,2026-01-06 07:27:26.256149+00:00,431.0,3224.422,3224.39,3224.91,ETH
2026-01-06 07:22:12+00:00,2026-01-06 07:27:27.275663+00:00,432.0,3224.152,3224.06,3224.43,ETH
2026-01-06 07:22:13+00:00,2026-01-06 07:27:28.288044+00:00,433.0,3224.422,3224.29,3224.5,ETH
2026-01-06 07:22:14+00:00,2026-01-06 07:27:29.277016+00:00,434.0,3224.722,3224.42,3224.87,ETH
2026-01-06 07:22:15+00:00,2026-01-06 07:27:30.293244+00:00,435.0,3225.312,3225.16,3225.37,ETH
2026-01-06 07:22:16+00:00,2026-01-06 07:27:31.310415+00:00,436.0,3225.442,3225.27,3225.5,ETH
2026-01-06 07:22:17+00:00,2026-01-06 07:27:32.328577+00:00,437.0,3225.092,3225.0,3225.5,ETH
2026-01-06 07:22:18+00:00,2026-01-06 07:27:33.373607+00:00,438.0,3225.282,3225.07,3225.52,ETH
2026-01-06 07:22:19+00:00,2026-01-06 07:27:34.375392+00:00,439.0,3225.212,3225.13,3225.47,ETH
2026-01-06 07:22:20+00:00,2026-01-06 07:27:35.373651+00:00,440.0,3225.212,3225.14,3225.5,ETH
2026-01-06 07:22:21+00:00,2026-01-06 07:27:36.372668+00:00,441.0,3225.212,3225.14,3225.54,ETH
2026-01-06 07:22:22+00:00,2026-01-06 07:27:37.388063+00:00,442.0,3225.392,3225.28,3225.71,ETH
2026-01-06 07:22:23+00:00,2026-01-06 07:27:38.392208+00:00,443.0,3225.392,3225.22,3225.59,ETH
2026-01-06 07:22:24+00:00,2026-01-06 07:27:39.408957+00:00,444.0,3224.852,3224.84,3225.28,ETH
2026-01-06 07:22:25+00:00,2026-01-06 07:27:40.410255+00:00,445.0,3224.852,3224.84,3225.17,ETH
2026-01-06 07:22:26+00:00,2026-01-06 07:27:41.439349+00:00,446.0,3224.562,3224.56,3224.72,ETH
2026-01-06 07:22:27+00:00,2026-01-06 07:27:42.444036+00:00,447.0,3224.842,3224.61,3224.84,ETH
2026-01-06 07:22:28+00:00,2026-01-06 07:27:43.438429+00:00,448.0,3224.642,3224.64,3224.92,ETH
2026-01-06 07:22:29+00:00,2026-01-06 07:27:44.450780+00:00,449.0,3224.822,3224.68,3224.96,ETH
2026-01-06 07:22:30+00:00,2026-01-06 07:27:45.441987+00:00,450.0,3224.792,3224.69,3224.95,ETH
2026-01-06 07:22:31+00:00,2026-01-06 07:27:46.455377+00:00,451.0,3225.002,3224.81,3225.06,ETH
2026-01-06 07:22:32+00:00,2026-01-06 07:27:47.457794+00:00,452.0,3225.172,3224.98,3225.22,ETH
2026-01-06 07:22:33+00:00,2026-01-06 07:27:48.469214+00:00,453.0,3225.772,3225.58,3225.78,ETH
2026-01-06 07:22:34+00:00,2026-01-06 07:27:49.475941+00:00,454.0,3225.422,3225.41,3225.96,ETH
2026-01-06 07:22:35+00:00,2026-01-06 07:27:50.476461+00:00,455.0,3225.462,3225.41,3225.74,ETH
2026-01-06 07:22:36+00:00,2026-01-06 07:27:51.470129+00:00,456.0,3225.412,3225.41,3225.66,ETH
2026-01-06 07:22:37+00:00,2026-01-06 07:27:52.489542+00:00,457.0,3225.412,3225.37,3225.57,ETH
2026-01-06 07:22:38+00:00,2026-01-06 07:27:53.491450+00:00,458.0,3225.402,3225.29,3225.52,ETH
2026-01-06 07:22:39+00:00,2026-01-06 07:27:54.486925+00:00,459.0,3225.402,3225.28,3225.49,ETH
2026-01-06 07:22:40+00:00,2026-01-06 07:27:55.493038+00:00,460.0,3225.232,3225.14,3225.3,ETH
2026-01-06 07:22:41+00:00,2026-01-06 07:27:56.488196+00:00,461.0,3225.022,3225.02,3225.27,ETH
2026-01-06 07:22:42+00:00,2026-01-06 07:27:57.491679+00:00,462.0,3225.022,3225.02,3225.19,ETH
2026-01-06 07:22:43+00:00,2026-01-06 07:27:58.491988+00:00,463.0,3225.022,3225.02,3225.16,ETH
2026-01-06 07:22:44+00:00,2026-01-06 07:27:59.488272+00:00,464.0,3224.232,3223.87,3224.29,ETH
2026-01-06 07:22:45+00:00,2026-01-06 07:28:00.505389+00:00,465.0,3223.542,3223.53,3224.02,ETH
2026-01-06 07:22:46+00:00,2026-01-06 07:28:01.505741+00:00,466.0,3223.472,3223.47,3223.95,ETH
2026-01-06 07:22:47+00:00,2026-01-06 07:28:02.544820+00:00,467.0,3223.612,3223.51,3223.99,ETH
2026-01-06 07:22:48+00:00,2026-01-06 07:28:03.555455+00:00,468.0,3223.592,3223.58,3224.06,ETH
2026-01-06 07:22:49+00:00,2026-01-06 07:28:04.560534+00:00,469.0,3223.592,3223.5,3223.96,ETH
2026-01-06 07:22:50+00:00,2026-01-06 07:28:05.579559+00:00,470.0,3223.762,3223.55,3223.91,ETH
2026-01-06 07:22:51+00:00,2026-01-06 07:28:06.596644+00:00,471.0,3223.292,3223.2,3223.39,ETH
2026-01-06 07:22:52+00:00,2026-01-06 07:28:07.587887+00:00,472.0,3223.202,3223.13,3223.27,ETH
2026-01-06 07:22:53+00:00,2026-01-06 07:28:08.592457+00:00,473.0,3223.202,3223.11,3223.26,ETH
2026-01-06 07:22:54+00:00,2026-01-06 07:28:09.624017+00:00,474.0,3223.462,3223.11,3223.52,ETH
2026-01-06 07:22:55+00:00,2026-01-06 07:28:10.669760+00:00,475.0,3223.822,3223.62,3223.96,ETH
2026-01-06 07:22:56+00:00,2026-01-06 07:28:11.687672+00:00,476.0,3223.822,3223.59,3223.96,ETH
2026-01-06 07:22:57+00:00,2026-01-06 07:28:12.688778+00:00,477.0,3223.902,3223.6,3224.0,ETH
2026-01-06 07:22:58+00:00,2026-01-06 07:28:13.703948+00:00,478.0,3223.952,3223.6,3224.04,ETH
2026-01-06 07:22:59+00:00,2026-01-06 07:28:14.721158+00:00,479.0,3223.972,3223.82,3224.1,ETH
2026-01-06 07:23:00+00:00,2026-01-06 07:28:15.726660+00:00,480.0,3223.972,3223.81,3224.04,ETH
2026-01-06 07:23:01+00:00,2026-01-06 07:28:16.721611+00:00,481.0,3223.952,3223.78,3224.06,ETH
2026-01-06 07:23:02+00:00,2026-01-06 07:28:17.735522+00:00,482.0,3223.952,3223.77,3224.08,ETH
2026-01-06 07:23:03+00:00,2026-01-06 07:28:18.743369+00:00,483.0,3224.172,3223.78,3224.29,ETH
2026-01-06 07:23:04+00:00,2026-01-06 07:28:19.741954+00:00,484.0,3223.802,3223.68,3223.94,ETH
2026-01-06 07:23:05+00:00,2026-01-06 07:28:20.755936+00:00,485.0,3223.722,3223.64,3223.91,ETH
2026-01-06 07:23:06+00:00,2026-01-06 07:28:21.753874+00:00,486.0,3223.662,3223.61,3223.72,ETH
2026-01-06 07:23:07+00:00,2026-01-06 07:28:22.768933+00:00,487.0,3223.732,3223.67,3223.83,ETH
2026-01-06 07:23:08+00:00,2026-01-06 07:28:23.797884+00:00,488.0,3223.732,3223.67,3223.91,ETH
2026-01-06 07:23:09+00:00,2026-01-06 07:28:24.804181+00:00,489.0,3223.732,3223.69,3223.92,ETH
2026-01-06 07:23:10+00:00,2026-01-06 07:28:25.804218+00:00,490.0,3224.052,3223.75,3224.35,ETH
2026-01-06 07:23:11+00:00,2026-01-06 07:28:26.807301+00:00,491.0,3224.152,3223.99,3224.25,ETH
2026-01-06 07:23:12+00:00,2026-01-06 07:28:27.823189+00:00,492.0,3224.272,3224.04,3224.38,ETH
2026-01-06 07:23:13+00:00,2026-01-06 07:28:28.833910+00:00,493.0,3224.272,3224.13,3224.44,ETH
2026-01-06 07:23:14+00:00,2026-01-06 07:28:29.837794+00:00,494.0,3224.272,3224.11,3224.54,ETH
2026-01-06 07:23:15+00:00,2026-01-06 07:28:30.847095+00:00,495.0,3224.272,3224.1,3224.42,ETH
2026-01-06 07:23:16+00:00,2026-01-06 07:28:31.863546+00:00,496.0,3223.322,3223.31,3223.51,ETH
2026-01-06 07:23:17+00:00,2026-01-06 07:28:32.854331+00:00,497.0,3222.942,3222.73,3223.01,ETH
2026-01-06 07:23:18+00:00,2026-01-06 07:28:33.859852+00:00,498.0,3222.722,3222.45,3222.87,ETH
2026-01-06 07:23:19+00:00,2026-01-06 07:28:34.891525+00:00,499.0,3222.092,3222.01,3222.16,ETH
2026-01-06 07:23:20+00:00,2026-01-06 07:28:35.885183+00:00,500.0,3222.062,3222.05,3222.35,ETH
2026-01-06 07:23:21+00:00,2026-01-06 07:28:36.893629+00:00,501.0,3222.052,3222.04,3222.53,ETH
2026-01-06 07:23:22+00:00,2026-01-06 07:28:37.907977+00:00,502.0,3222.342,3222.11,3222.4,ETH
2026-01-06 07:23:23+00:00,2026-01-06 07:28:38.918766+00:00,503.0,3222.312,3222.22,3222.4,ETH
2026-01-06 07:23:24+00:00,2026-01-06 07:28:39.986097+00:00,504.0,3222.272,3222.21,3222.4,ETH
2026-01-06 07:23:25+00:00,2026-01-06 07:28:40.988056+00:00,505.0,3222.362,3222.2,3222.42,ETH
2026-01-06 07:23:26+00:00,2026-01-06 07:28:42.004807+00:00,506.0,3222.042,3222.02,3222.22,ETH
2026-01-06 07:23:27+00:00,2026-01-06 07:28:43.021139+00:00,507.0,3222.352,3222.13,3222.39,ETH
2026-01-06 07:23:28+00:00,2026-01-06 07:28:44.024219+00:00,508.0,3222.472,3222.19,3222.61,ETH
2026-01-06 07:23:29+00:00,2026-01-06 07:28:45.019337+00:00,509.0,3222.602,3222.24,3222.82,ETH
2026-01-06 07:23:30+00:00,2026-01-06 07:28:46.019465+00:00,510.0,3222.312,3222.26,3222.35,ETH
2026-01-06 07:23:31+00:00,2026-01-06 07:28:47.020441+00:00,511.0,3222.182,3222.12,3222.34,ETH
2026-01-06 07:23:32+00:00,2026-01-06 07:28:48.017740+00:00,512.0,3222.172,3222.11,3222.34,ETH
2026-01-06 07:23:33+00:00,2026-01-06 07:28:49.019452+00:00,513.0,3222.212,3222.13,3222.45,ETH
2026-01-06 07:23:34+00:00,2026-01-06 07:28:51.037558+00:00,514.0,3221.892,3221.86,3222.0,ETH
2026-01-06 07:23:35+00:00,2026-01-06 07:28:52.038710+00:00,515.0,3221.872,3221.87,3222.07,ETH
2026-01-06 07:23:36+00:00,2026-01-06 07:28:53.033654+00:00,516.0,3222.112,3222.03,3222.32,ETH
2026-01-06 07:23:37+00:00,2026-01-06 07:28:54.034122+00:00,517.0,3222.402,3222.2,3222.56,ETH
2026-01-06 07:23:38+00:00,2026-01-06 07:28:55.036777+00:00,518.0,3222.482,3222.24,3222.76,ETH
2026-01-06 07:23:39+00:00,2026-01-06 07:28:56.040537+00:00,519.0,3222.592,3222.29,3222.94,ETH
2026-01-06 07:23:40+00:00,2026-01-06 07:28:57.041869+00:00,520.0,3222.692,3222.42,3223.01,ETH
2026-01-06 07:23:41+00:00,2026-01-06 07:28:58.056623+00:00,521.0,3222.762,3222.54,3223.07,ETH
2026-01-06 07:23:42+00:00,2026-01-06 07:28:59.075076+00:00,522.0,3222.882,3222.69,3223.13,ETH
2026-01-06 07:23:43+00:00,2026-01-06 07:29:00.092448+00:00,523.0,3222.972,3222.83,3223.11,ETH
2026-01-06 07:23:45+00:00,2026-01-06 07:29:01.289479+00:00,525.0,3223.022,3222.83,3223.34,ETH
2026-01-06 07:23:46+00:00,2026-01-06 07:29:02.299557+00:00,526.0,3223.242,3223.17,3223.37,ETH
2026-01-06 07:23:47+00:00,2026-01-06 07:29:03.306699+00:00,527.0,3223.952,3223.77,3224.14,ETH
2026-01-06 07:23:48+00:00,2026-01-06 07:29:04.301792+00:00,528.0,3224.222,3224.12,3224.49,ETH
2026-01-06 07:23:49+00:00,2026-01-06 07:29:05.304284+00:00,529.0,3224.552,3224.21,3224.68,ETH
2026-01-06 07:23:50+00:00,2026-01-06 07:29:06.304517+00:00,530.0,3224.212,3224.08,3224.28,ETH
2026-01-06 07:23:51+00:00,2026-01-06 07:29:07.322873+00:00,531.0,3224.192,3224.07,3224.31,ETH
2026-01-06 07:23:52+00:00,2026-01-06 07:29:08.339710+00:00,532.0,3224.192,3224.07,3224.36,ETH
2026-01-06 07:23:53+00:00,2026-01-06 07:29:09.341406+00:00,533.0,3224.282,3224.09,3224.34,ETH
2026-01-06 07:23:54+00:00,2026-01-06 07:29:10.351083+00:00,534.0,3224.252,3224.05,3224.3,ETH
2026-01-06 07:23:55+00:00,2026-01-06 07:29:11.352286+00:00,535.0,3224.282,3224.07,3224.37,ETH
2026-01-06 07:23:56+00:00,2026-01-06 07:29:12.358358+00:00,536.0,3224.282,3224.07,3224.45,ETH
2026-01-06 07:23:57+00:00,2026-01-06 07:29:13.357458+00:00,537.0,3224.282,3224.07,3224.56,ETH
2026-01-06 07:23:58+00:00,2026-01-06 07:29:14.358246+00:00,538.0,3223.592,3223.4,3224.02,ETH
2026-01-06 07:23:59+00:00,2026-01-06 07:29:15.358573+00:00,539.0,3223.652,3223.44,3223.97,ETH
2026-01-06 07:24:00+00:00,2026-01-06 07:29:16.369814+00:00,540.0,3223.682,3223.54,3223.92,ETH
2026-01-06 07:24:01+00:00,2026-01-06 07:29:17.384991+00:00,541.0,3223.682,3223.54,3223.8,ETH
2026-01-06 07:24:02+00:00,2026-01-06 07:29:18.407809+00:00,542.0,3223.682,3223.54,3223.81,ETH
2026-01-06 07:24:03+00:00,2026-01-06 07:29:19.401319+00:00,543.0,3223.872,3223.51,3224.02,ETH
2026-01-06 07:24:04+00:00,2026-01-06 07:29:20.418952+00:00,544.0,3223.802,3223.74,3224.1,ETH
2026-01-06 07:24:05+00:00,2026-01-06 07:29:21.416215+00:00,545.0,3224.012,3223.89,3224.09,ETH
2026-01-06 07:24:06+00:00,2026-01-06 07:29:22.420198+00:00,546.0,3223.512,3223.32,3223.56,ETH
2026-01-06 07:24:07+00:00,2026-01-06 07:29:23.418535+00:00,547.0,3223.242,3223.13,3223.29,ETH
2026-01-06 07:24:08+00:00,2026-01-06 07:29:24.435739+00:00,548.0,3223.252,3223.13,3223.42,ETH
2026-01-06 07:24:09+00:00,2026-01-06 07:29:25.435780+00:00,549.0,3223.252,3223.13,3223.41,ETH
2026-01-06 07:24:10+00:00,2026-01-06 07:29:26.454676+00:00,550.0,3223.292,3223.17,3223.43,ETH
2026-01-06 07:24:11+00:00,2026-01-06 07:29:27.452185+00:00,551.0,3223.202,3223.1,3223.34,ETH
2026-01-06 07:24:12+00:00,2026-01-06 07:29:28.456699+00:00,552.0,3223.202,3223.09,3223.35,ETH
2026-01-06 07:24:13+00:00,2026-01-06 07:29:29.467703+00:00,553.0,3223.252,3223.11,3223.39,ETH
2026-01-06 07:24:14+00:00,2026-01-06 07:29:30.491500+00:00,554.0,3223.252,3223.13,3223.41,ETH
2026-01-06 07:24:15+00:00,2026-01-06 07:29:31.483061+00:00,555.0,3223.252,3223.15,3223.44,ETH
2026-01-06 07:24:16+00:00,2026-01-06 07:29:32.485277+00:00,556.0,3223.252,3223.17,3223.47,ETH
2026-01-06 07:24:17+00:00,2026-01-06 07:29:33.502114+00:00,557.0,3222.982,3222.87,3223.31,ETH
2026-01-06 07:24:18+00:00,2026-01-06 07:29:34.501843+00:00,558.0,3222.642,3222.56,3222.71,ETH
2026-01-06 07:24:19+00:00,2026-01-06 07:29:35.500743+00:00,559.0,3222.512,3222.41,3222.74,ETH
2026-01-06 07:24:20+00:00,2026-01-06 07:29:36.505614+00:00,560.0,3222.512,3222.41,3222.63,ETH
2026-01-06 07:24:21+00:00,2026-01-06 07:29:37.517152+00:00,561.0,3222.802,3222.68,3222.86,ETH
2026-01-06 07:24:22+00:00,2026-01-06 07:29:39.538704+00:00,562.0,3222.852,3222.68,3223.02,ETH
2026-01-06 07:24:23+00:00,2026-01-06 07:29:40.535700+00:00,563.0,3222.952,3222.72,3223.06,ETH
2026-01-06 07:24:24+00:00,2026-01-06 07:29:41.551878+00:00,564.0,3223.082,3222.77,3223.19,ETH
2026-01-06 07:24:25+00:00,2026-01-06 07:29:42.545120+00:00,565.0,3223.142,3222.85,3223.33,ETH
2026-01-06 07:24:26+00:00,2026-01-06 07:29:43.557156+00:00,566.0,3223.162,3222.97,3223.3,ETH
2026-01-06 07:24:27+00:00,2026-01-06 07:29:44.570948+00:00,567.0,3223.162,3223.03,3223.24,ETH
2026-01-06 07:24:28+00:00,2026-01-06 07:29:45.563948+00:00,568.0,3223.162,3223.01,3223.26,ETH
2026-01-06 07:24:29+00:00,2026-01-06 07:29:46.565739+00:00,569.0,3223.162,3223.01,3223.29,ETH
2026-01-06 07:24:30+00:00,2026-01-06 07:29:47.562139+00:00,570.0,3223.162,3223.0,3223.26,ETH
2026-01-06 07:24:31+00:00,2026-01-06 07:29:48.573480+00:00,571.0,3223.172,3223.0,3223.23,ETH
2026-01-06 07:24:32+00:00,2026-01-06 07:29:49.582230+00:00,572.0,3223.172,3223.0,3223.24,ETH
2026-01-06 07:24:33+00:00,2026-01-06 07:29:50.586422+00:00,573.0,3223.192,3223.01,3223.34,ETH
2026-01-06 07:24:34+00:00,2026-01-06 07:29:51.583887+00:00,574.0,3223.372,3223.11,3223.48,ETH
2026-01-06 07:24:35+00:00,2026-01-06 07:29:52.595745+00:00,575.0,3223.482,3223.21,3223.54,ETH
2026-01-06 07:24:36+00:00,2026-01-06 07:29:53.611405+00:00,576.0,3223.462,3223.21,3223.6,ETH
2026-01-06 07:24:37+00:00,2026-01-06 07:29:54.621054+00:00,577.0,3223.472,3223.22,3223.63,ETH
2026-01-06 07:24:38+00:00,2026-01-06 07:29:55.630998+00:00,578.0,3223.472,3223.24,3223.7,ETH
2026-01-06 07:24:39+00:00,2026-01-06 07:29:56.631613+00:00,579.0,3223.472,3223.26,3223.75,ETH
2026-01-06 07:24:40+00:00,2026-01-06 07:29:57.633214+00:00,580.0,3223.442,3223.26,3223.61,ETH
2026-01-06 07:24:41+00:00,2026-01-06 07:29:58.636658+00:00,581.0,3223.432,3223.27,3223.49,ETH
2026-01-06 07:24:42+00:00,2026-01-06 07:29:59.636672+00:00,582.0,3223.512,3223.27,3223.68,ETH
2026-01-06 07:24:43+00:00,2026-01-06 07:30:00.646653+00:00,583.0,3223.792,3223.54,3223.95,ETH
2026-01-06 07:24:44+00:00,2026-01-06 07:30:01.640573+00:00,584.0,3224.082,3223.87,3224.13,ETH
2026-01-06 07:24:45+00:00,2026-01-06 07:30:02.637487+00:00,585.0,3224.112,3223.96,3224.2,ETH
2026-01-06 07:24:46+00:00,2026-01-06 07:30:03.644432+00:00,586.0,3224.072,3223.98,3224.2,ETH
2026-01-06 07:24:47+00:00,2026-01-06 07:30:04.651107+00:00,587.0,3224.112,3223.99,3224.32,ETH
2026-01-06 07:24:48+00:00,2026-01-06 07:30:05.653107+00:00,588.0,3224.192,3224.0,3224.24,ETH
2026-01-06 07:24:49+00:00,2026-01-06 07:30:06.670567+00:00,589.0,3224.182,3223.99,3224.3,ETH
2026-01-06 07:24:50+00:00,2026-01-06 07:30:07.666592+00:00,590.0,3224.242,3224.03,3224.29,ETH
2026-01-06 07:24:51+00:00,2026-01-06 07:30:08.721961+00:00,591.0,3223.802,3223.73,3223.95,ETH
2026-01-06 07:24:52+00:00,2026-01-06 07:30:09.719859+00:00,592.0,3223.702,3223.64,3223.9,ETH
2026-01-06 07:24:53+00:00,2026-01-06 07:30:10.732635+00:00,593.0,3223.672,3223.61,3223.87,ETH
2026-01-06 07:24:54+00:00,2026-01-06 07:30:11.740691+00:00,594.0,3223.702,3223.61,3223.87,ETH
2026-01-06 07:24:55+00:00,2026-01-06 07:30:12.735237+00:00,595.0,3223.732,3223.58,3223.86,ETH
2026-01-06 07:24:56+00:00,2026-01-06 07:30:13.725503+00:00,596.0,3223.692,3223.52,3223.76,ETH
2026-01-06 07:24:57+00:00,2026-01-06 07:30:14.734529+00:00,597.0,3223.612,3223.48,3223.67,ETH
2026-01-06 07:24:58+00:00,2026-01-06 07:30:15.730757+00:00,598.0,3223.552,3223.46,3223.64,ETH
2026-01-06 07:24:59+00:00,2026-01-06 07:30:16.746268+00:00,599.0,3223.512,3223.44,3223.62,ETH
2026-01-06 07:25:00+00:00,2026-01-06 07:30:17.729761+00:00,600.0,3223.572,3223.43,3223.68,ETH
2026-01-06 07:25:01+00:00,2026-01-06 07:30:18.738487+00:00,601.0,3223.462,3223.37,3223.72,ETH
2026-01-06 07:25:02+00:00,2026-01-06 07:30:19.752222+00:00,602.0,3223.312,3223.31,3223.6,ETH
2026-01-06 07:25:03+00:00,2026-01-06 07:30:20.763763+00:00,603.0,3223.312,3223.3,3223.5,ETH
2026-01-06 07:25:04+00:00,2026-01-06 07:30:21.785674+00:00,604.0,3223.402,3223.33,3223.59,ETH
2026-01-06 07:25:05+00:00,2026-01-06 07:30:22.788644+00:00,605.0,3223.502,3223.37,3223.68,ETH
2026-01-06 07:25:06+00:00,2026-01-06 07:30:23.798263+00:00,606.0,3223.512,3223.39,3223.68,ETH
2026-01-06 07:25:07+00:00,2026-01-06 07:30:24.804890+00:00,607.0,3223.552,3223.4,3223.65,ETH
2026-01-06 07:25:08+00:00,2026-01-06 07:30:25.822437+00:00,608.0,3223.592,3223.39,3223.65,ETH
2026-01-06 07:25:09+00:00,2026-01-06 07:30:26.836587+00:00,609.0,3223.582,3223.41,3223.65,ETH
2026-01-06 07:25:10+00:00,2026-01-06 07:30:27.834604+00:00,610.0,3223.572,3223.43,3223.63,ETH
2026-01-06 07:25:11+00:00,2026-01-06 07:30:28.852500+00:00,611.0,3223.572,3223.43,3223.63,ETH
2026-01-06 07:25:12+00:00,2026-01-06 07:30:29.853945+00:00,612.0,3223.572,3223.43,3223.63,ETH
2026-01-06 07:25:13+00:00,2026-01-06 07:30:30.847323+00:00,613.0,3223.632,3223.43,3223.73,ETH
2026-01-06 07:25:14+00:00,2026-01-06 07:30:31.848424+00:00,614.0,3223.682,3223.41,3223.73,ETH
2026-01-06 07:25:15+00:00,2026-01-06 07:30:32.851373+00:00,615.0,3223.622,3223.44,3223.85,ETH
2026-01-06 07:25:16+00:00,2026-01-06 07:30:33.850655+00:00,616.0,3223.652,3223.45,3223.85,ETH
2026-01-06 07:25:17+00:00,2026-01-06 07:30:34.851636+00:00,617.0,3223.462,3223.26,3223.62,ETH
2026-01-06 07:25:18+00:00,2026-01-06 07:30:35.847671+00:00,618.0,3223.342,3223.34,3223.47,ETH
2026-01-06 07:25:19+00:00,2026-01-06 07:30:36.853000+00:00,619.0,3223.342,3223.34,3223.44,ETH
2026-01-06 07:25:20+00:00,2026-01-06 07:30:37.848289+00:00,620.0,3223.342,3223.3,3223.4,ETH
2026-01-06 07:25:21+00:00,2026-01-06 07:30:38.860241+00:00,621.0,3223.342,3223.34,3223.46,ETH
2026-01-06 07:25:22+00:00,2026-01-06 07:30:39.852804+00:00,622.0,3223.342,3223.34,3223.47,ETH
2026-01-06 07:25:23+00:00,2026-01-06 07:30:40.865156+00:00,623.0,3223.452,3223.4,3223.62,ETH
2026-01-06 07:25:24+00:00,2026-01-06 07:30:41.871757+00:00,624.0,3223.482,3223.43,3223.62,ETH
2026-01-06 07:25:25+00:00,2026-01-06 07:30:42.865052+00:00,625.0,3223.472,3223.42,3223.62,ETH
2026-01-06 07:25:26+00:00,2026-01-06 07:30:43.865289+00:00,626.0,3223.462,3223.41,3223.62,ETH
2026-01-06 07:25:27+00:00,2026-01-06 07:30:44.854156+00:00,627.0,3223.222,3223.16,3223.29,ETH
2026-01-06 07:25:28+00:00,2026-01-06 07:30:45.856821+00:00,628.0,3223.222,3223.21,3223.33,ETH
2026-01-06 07:25:29+00:00,2026-01-06 07:30:46.853501+00:00,629.0,3223.222,3223.21,3223.34,ETH
2026-01-06 07:25:30+00:00,2026-01-06 07:30:47.862878+00:00,630.0,3223.262,3223.23,3223.32,ETH
2026-01-06 07:25:31+00:00,2026-01-06 07:30:48.865406+00:00,631.0,3223.262,3223.24,3223.34,ETH
2026-01-06 07:25:32+00:00,2026-01-06 07:30:49.866468+00:00,632.0,3223.262,3223.24,3223.33,ETH
2026-01-06 07:25:33+00:00,2026-01-06 07:30:50.885455+00:00,633.0,3223.282,3223.23,3223.33,ETH
2026-01-06 07:25:34+00:00,2026-01-06 07:30:51.899766+00:00,634.0,3223.272,3223.22,3223.32,ETH
2026-01-06 07:25:35+00:00,2026-01-06 07:30:53.931790+00:00,635.0,3223.112,3223.06,3223.27,ETH
2026-01-06 07:25:36+00:00,2026-01-06 07:30:54.946642+00:00,636.0,3222.912,3222.79,3223.06,ETH
2026-01-06 07:25:37+00:00,2026-01-06 07:30:55.964677+00:00,637.0,3222.862,3222.7,3222.9,ETH
2026-01-06 07:25:38+00:00,2026-01-06 07:30:56.970923+00:00,638.0,3222.762,3222.66,3222.84,ETH
2026-01-06 07:25:39+00:00,2026-01-06 07:30:57.984193+00:00,639.0,3222.672,3222.54,3222.75,ETH
2026-01-06 07:25:40+00:00,2026-01-06 07:30:58.980822+00:00,640.0,3222.662,3222.44,3222.73,ETH
2026-01-06 07:25:41+00:00,2026-01-06 07:30:59.985474+00:00,641.0,3222.642,3222.43,3222.74,ETH
2026-01-06 07:25:42+00:00,2026-01-06 07:31:00.998384+00:00,642.0,3222.652,3222.45,3222.73,ETH
2026-01-06 07:25:43+00:00,2026-01-06 07:31:01.980549+00:00,643.0,3222.662,3222.46,3222.73,ETH
2026-01-06 07:25:44+00:00,2026-01-06 07:31:02.989118+00:00,644.0,3222.652,3222.45,3222.76,ETH
2026-01-06 07:25:45+00:00,2026-01-06 07:31:03.989600+00:00,645.0,3222.642,3222.46,3222.78,ETH
2026-01-06 07:25:46+00:00,2026-01-06 07:31:04.996473+00:00,646.0,3222.652,3222.46,3222.78,ETH
2026-01-06 07:25:47+00:00,2026-01-06 07:31:06.004651+00:00,647.0,3222.652,3222.46,3222.78,ETH
2026-01-06 07:25:48+00:00,2026-01-06 07:31:06.994686+00:00,648.0,3222.652,3222.46,3222.78,ETH
2026-01-06 07:25:49+00:00,2026-01-06 07:31:08.000263+00:00,649.0,3222.682,3222.48,3222.78,ETH
2026-01-06 07:25:50+00:00,2026-01-06 07:31:09.011831+00:00,650.0,3222.712,3222.48,3222.78,ETH
2026-01-06 07:25:51+00:00,2026-01-06 07:31:10.015513+00:00,651.0,3222.712,3222.51,3222.78,ETH
2026-01-06 07:25:52+00:00,2026-01-06 07:31:11.040790+00:00,652.0,3222.702,3222.54,3222.78,ETH
2026-01-06 07:25:54+00:00,2026-01-06 07:31:12.231998+00:00,654.0,3222.462,3222.41,3222.78,ETH
2026-01-06 07:25:55+00:00,2026-01-06 07:31:13.250336+00:00,655.0,3222.432,3222.38,3222.78,ETH
2026-01-06 07:25:56+00:00,2026-01-06 07:31:14.268518+00:00,656.0,3222.422,3222.38,3222.78,ETH
2026-01-06 07:25:57+00:00,2026-01-06 07:31:15.267568+00:00,657.0,3222.452,3222.4,3222.78,ETH
2026-01-06 07:25:58+00:00,2026-01-06 07:31:16.254755+00:00,658.0,3222.442,3222.4,3222.78,ETH
2026-01-06 07:25:59+00:00,2026-01-06 07:31:18.283325+00:00,659.0,3222.482,3222.44,3222.8,ETH
2026-01-06 07:26:00+00:00,2026-01-06 07:31:19.288217+00:00,660.0,3222.512,3222.46,3222.78,ETH
2026-01-06 07:26:01+00:00,2026-01-06 07:31:20.294683+00:00,661.0,3222.452,3222.4,3222.63,ETH
2026-01-06 07:26:02+00:00,2026-01-06 07:31:21.305143+00:00,662.0,3222.382,3222.21,3222.46,ETH
2026-01-06 07:26:03+00:00,2026-01-06 07:31:22.323364+00:00,663.0,3222.352,3222.08,3222.42,ETH
2026-01-06 07:26:04+00:00,2026-01-06 07:31:23.318656+00:00,664.0,3222.352,3222.1,3222.42,ETH
2026-01-06 07:26:05+00:00,2026-01-06 07:31:24.317563+00:00,665.0,3222.352,3222.1,3222.45,ETH
2026-01-06 07:26:06+00:00,2026-01-06 07:31:25.321375+00:00,666.0,3222.352,3222.1,3222.44,ETH
2026-01-06 07:26:07+00:00,2026-01-06 07:31:26.329786+00:00,667.0,3222.352,3222.11,3222.43,ETH
2026-01-06 07:26:08+00:00,2026-01-06 07:31:27.332883+00:00,668.0,3222.352,3222.11,3222.46,ETH
2026-01-06 07:26:09+00:00,2026-01-06 07:31:28.348704+00:00,669.0,3222.352,3222.1,3222.5,ETH
2026-01-06 07:26:10+00:00,2026-01-06 07:31:29.334591+00:00,670.0,3222.282,3222.1,3222.43,ETH
2026-01-06 07:26:11+00:00,2026-01-06 07:31:30.331792+00:00,671.0,3222.172,3222.1,3222.35,ETH
2026-01-06 07:26:12+00:00,2026-01-06 07:31:31.333478+00:00,672.0,3222.232,3222.09,3222.37,ETH
2026-01-06 07:26:13+00:00,2026-01-06 07:31:32.332424+00:00,673.0,3222.332,3222.1,3222.38,ETH
2026-01-06 07:26:14+00:00,2026-01-06 07:31:33.348375+00:00,674.0,3222.332,3222.1,3222.37,ETH
2026-01-06 07:26:15+00:00,2026-01-06 07:31:34.346534+00:00,675.0,3222.222,3222.08,3222.36,ETH
2026-01-06 07:26:16+00:00,2026-01-06 07:31:35.348143+00:00,676.0,3222.102,3222.06,3222.35,ETH
2026-01-06 07:26:17+00:00,2026-01-06 07:31:36.347579+00:00,677.0,3222.222,3222.07,3222.37,ETH
2026-01-06 07:26:18+00:00,2026-01-06 07:31:37.347359+00:00,678.0,3222.332,3222.1,3222.38,ETH
2026-01-06 07:26:19+00:00,2026-01-06 07:31:38.349280+00:00,679.0,3222.322,3222.1,3222.37,ETH
2026-01-06 07:26:20+00:00,2026-01-06 07:31:39.349307+00:00,680.0,3221.972,3221.84,3222.09,ETH
2026-01-06 07:26:21+00:00,2026-01-06 07:31:40.350360+00:00,681.0,3221.602,3221.55,3221.82,ETH
2026-01-06 07:26:22+00:00,2026-01-06 07:31:41.358406+00:00,682.0,3221.582,3221.53,3221.82,ETH
2026-01-06 07:26:23+00:00,2026-01-06 07:31:42.365343+00:00,683.0,3221.622,3221.57,3221.94,ETH
2026-01-06 07:26:24+00:00,2026-01-06 07:31:43.384120+00:00,684.0,3222.082,3221.83,3222.35,ETH
2026-01-06 07:26:25+00:00,2026-01-06 07:31:44.387720+00:00,685.0,3222.082,3221.85,3222.35,ETH
2026-01-06 07:26:26+00:00,2026-01-06 07:31:45.382504+00:00,686.0,3222.082,3221.9,3222.35,ETH
2026-01-06 07:26:27+00:00,2026-01-06 07:31:46.382176+00:00,687.0,3222.102,3221.83,3222.35,ETH
2026-01-06 07:26:28+00:00,2026-01-06 07:31:47.394922+00:00,688.0,3222.042,3221.9,3222.35,ETH
2026-01-06 07:26:29+00:00,2026-01-06 07:31:48.394933+00:00,689.0,3222.042,3221.89,3222.35,ETH
2026-01-06 07:26:30+00:00,2026-01-06 07:31:49.397971+00:00,690.0,3222.142,3222.1,3222.56,ETH
2026-01-06 07:26:31+00:00,2026-01-06 07:31:50.412783+00:00,691.0,3222.432,3222.1,3222.56,ETH
2026-01-06 07:26:32+00:00,2026-01-06 07:31:51.409773+00:00,692.0,3222.422,3222.26,3222.56,ETH
2026-01-06 07:26:33+00:00,2026-01-06 07:31:52.411359+00:00,693.0,3222.612,3222.42,3222.82,ETH
2026-01-06 07:26:34+00:00,2026-01-06 07:31:53.414916+00:00,694.0,3222.582,3222.54,3222.78,ETH
2026-01-06 07:26:35+00:00,2026-01-06 07:31:54.411385+00:00,695.0,3222.882,3222.58,3222.94,ETH
2026-01-06 07:26:36+00:00,2026-01-06 07:31:55.434898+00:00,696.0,3222.812,3222.68,3222.97,ETH
2026-01-06 07:26:37+00:00,2026-01-06 07:31:56.430983+00:00,697.0,3222.792,3222.68,3222.85,ETH
2026-01-06 07:26:38+00:00,2026-01-06 07:31:57.449995+00:00,698.0,3222.782,3222.65,3222.82,ETH
2026-01-06 07:26:39+00:00,2026-01-06 07:31:58.465391+00:00,699.0,3222.782,3222.65,3222.83,ETH
2026-01-06 07:26:40+00:00,2026-01-06 07:31:59.462889+00:00,700.0,3222.792,3222.65,3222.83,ETH
2026-01-06 07:26:41+00:00,2026-01-06 07:32:00.473358+00:00,701.0,3222.792,3222.64,3222.93,ETH
2026-01-06 07:26:42+00:00,2026-01-06 07:32:01.480059+00:00,702.0,3222.792,3222.63,3222.96,ETH
2026-01-06 07:26:43+00:00,2026-01-06 07:32:02.494636+00:00,703.0,3222.792,3222.63,3222.93,ETH
2026-01-06 07:26:44+00:00,2026-01-06 07:32:03.496154+00:00,704.0,3222.792,3222.63,3222.94,ETH
2026-01-06 07:26:45+00:00,2026-01-06 07:32:04.515674+00:00,705.0,3222.792,3222.63,3222.94,ETH
2026-01-06 07:26:46+00:00,2026-01-06 07:32:06.532309+00:00,706.0,3222.362,3222.23,3222.53,ETH
2026-01-06 07:26:47+00:00,2026-01-06 07:32:07.533722+00:00,707.0,3222.362,3222.23,3222.52,ETH
2026-01-06 07:26:48+00:00,2026-01-06 07:32:08.527878+00:00,708.0,3222.362,3222.23,3222.5,ETH
2026-01-06 07:26:49+00:00,2026-01-06 07:32:09.533300+00:00,709.0,3222.362,3222.22,3222.44,ETH
2026-01-06 07:26:50+00:00,2026-01-06 07:32:10.541515+00:00,710.0,3222.352,3222.21,3222.44,ETH
2026-01-06 07:26:51+00:00,2026-01-06 07:32:11.538728+00:00,711.0,3222.352,3222.21,3222.48,ETH
2026-01-06 07:26:52+00:00,2026-01-06 07:32:12.516649+00:00,712.0,3222.352,3222.21,3222.46,ETH
2026-01-06 07:26:53+00:00,2026-01-06 07:32:13.532078+00:00,713.0,3222.352,3222.21,3222.47,ETH
2026-01-06 07:26:54+00:00,2026-01-06 07:32:14.533229+00:00,714.0,3222.352,3222.22,3222.48,ETH
2026-01-06 07:26:55+00:00,2026-01-06 07:32:15.531820+00:00,715.0,3222.352,3222.22,3222.46,ETH
2026-01-06 07:26:56+00:00,2026-01-06 07:32:16.535097+00:00,716.0,3222.352,3222.21,3222.45,ETH
2026-01-06 07:26:57+00:00,2026-01-06 07:32:17.536233+00:00,717.0,3222.352,3222.21,3222.45,ETH
2026-01-06 07:26:58+00:00,2026-01-06 07:32:18.548776+00:00,718.0,3222.352,3222.21,3222.46,ETH
2026-01-06 07:26:59+00:00,2026-01-06 07:32:19.535283+00:00,719.0,3222.352,3222.17,3222.55,ETH
2026-01-06 07:27:00+00:00,2026-01-06 07:32:20.532062+00:00,720.0,3222.352,3222.14,3222.55,ETH
2026-01-06 07:27:01+00:00,2026-01-06 07:32:21.546881+00:00,721.0,3222.352,3222.15,3222.48,ETH
2026-01-06 07:27:02+00:00,2026-01-06 07:32:22.552869+00:00,722.0,3222.352,3222.15,3222.51,ETH
2026-01-06 07:27:03+00:00,2026-01-06 07:32:23.543831+00:00,723.0,3222.352,3222.15,3222.52,ETH
2026-01-06 07:27:04+00:00,2026-01-06 07:32:24.549699+00:00,724.0,3222.352,3222.15,3222.52,ETH
2026-01-06 07:27:05+00:00,2026-01-06 07:32:25.550294+00:00,725.0,3222.352,3222.16,3222.53,ETH
2026-01-06 07:27:06+00:00,2026-01-06 07:32:26.534720+00:00,726.0,3222.352,3222.16,3222.53,ETH
2026-01-06 07:27:07+00:00,2026-01-06 07:32:27.542583+00:00,727.0,3222.352,3222.15,3222.52,ETH
2026-01-06 07:27:08+00:00,2026-01-06 07:32:28.565170+00:00,728.0,3222.352,3222.15,3222.5,ETH
2026-01-06 07:27:09+00:00,2026-01-06 07:32:29.542275+00:00,729.0,3222.352,3222.15,3222.5,ETH
2026-01-06 07:27:10+00:00,2026-01-06 07:32:30.540981+00:00,730.0,3222.352,3222.14,3222.5,ETH
2026-01-06 07:27:11+00:00,2026-01-06 07:32:31.539668+00:00,731.0,3221.862,3221.6,3221.94,ETH
2026-01-06 07:27:12+00:00,2026-01-06 07:32:32.583619+00:00,732.0,3221.572,3221.34,3221.69,ETH
2026-01-06 07:27:13+00:00,2026-01-06 07:32:33.600827+00:00,733.0,3221.562,3221.29,3221.74,ETH
2026-01-06 07:27:14+00:00,2026-01-06 07:32:34.597214+00:00,734.0,3221.352,3221.29,3221.68,ETH
2026-01-06 07:27:15+00:00,2026-01-06 07:32:35.597679+00:00,735.0,3221.232,3221.19,3221.35,ETH
2026-01-06 07:27:16+00:00,2026-01-06 07:32:36.594391+00:00,736.0,3221.352,3221.29,3221.54,ETH
2026-01-06 07:27:17+00:00,2026-01-06 07:32:37.732331+00:00,737.0,3221.352,3221.29,3221.55,ETH
2026-01-06 07:27:18+00:00,2026-01-06 07:32:38.727435+00:00,738.0,3221.352,3221.29,3221.53,ETH
2026-01-06 07:27:19+00:00,2026-01-06 07:32:39.729887+00:00,739.0,3221.352,3221.29,3221.52,ETH
2026-01-06 07:27:20+00:00,2026-01-06 07:32:40.738375+00:00,740.0,3221.432,3221.29,3221.55,ETH
2026-01-06 07:27:21+00:00,2026-01-06 07:32:41.725524+00:00,741.0,3221.522,3221.29,3221.61,ETH
2026-01-06 07:27:22+00:00,2026-01-06 07:32:42.721582+00:00,742.0,3221.522,3221.29,3221.65,ETH
2026-01-06 07:27:23+00:00,2026-01-06 07:32:43.759502+00:00,743.0,3221.452,3221.29,3221.59,ETH
2026-01-06 07:27:24+00:00,2026-01-06 07:32:44.723181+00:00,744.0,3221.392,3221.31,3221.52,ETH
2026-01-06 07:27:25+00:00,2026-01-06 07:32:45.724040+00:00,745.0,3221.462,3221.33,3221.6,ETH
2026-01-06 07:27:26+00:00,2026-01-06 07:32:46.724821+00:00,746.0,3221.522,3221.33,3221.67,ETH
2026-01-06 07:27:27+00:00,2026-01-06 07:32:47.732028+00:00,747.0,3221.522,3221.33,3221.66,ETH
2026-01-06 07:27:28+00:00,2026-01-06 07:32:48.737068+00:00,748.0,3221.522,3221.33,3221.63,ETH
2026-01-06 07:27:29+00:00,2026-01-06 07:32:49.738594+00:00,749.0,3221.522,3221.33,3221.59,ETH
2026-01-06 07:27:30+00:00,2026-01-06 07:32:50.730275+00:00,750.0,3221.522,3221.32,3221.63,ETH
2026-01-06 07:27:31+00:00,2026-01-06 07:32:51.753632+00:00,751.0,3221.492,3221.32,3221.63,ETH
2026-01-06 07:27:32+00:00,2026-01-06 07:32:52.736462+00:00,752.0,3221.492,3221.32,3221.63,ETH
2026-01-06 07:27:33+00:00,2026-01-06 07:32:53.762227+00:00,753.0,3221.462,3221.31,3221.6,ETH
2026-01-06 07:27:34+00:00,2026-01-06 07:32:54.763741+00:00,754.0,3221.402,3221.31,3221.52,ETH
2026-01-06 07:27:35+00:00,2026-01-06 07:32:55.767050+00:00,755.0,3221.522,3221.3,3221.66,ETH
2026-01-06 07:27:36+00:00,2026-01-06 07:32:56.756741+00:00,756.0,3221.612,3221.32,3221.68,ETH
2026-01-06 07:27:37+00:00,2026-01-06 07:32:57.793704+00:00,757.0,3221.572,3221.48,3221.68,ETH
2026-01-06 07:27:38+00:00,2026-01-06 07:32:58.832433+00:00,758.0,3221.502,3221.41,3221.64,ETH
2026-01-06 07:27:39+00:00,2026-01-06 07:32:59.876885+00:00,759.0,3221.502,3221.41,3221.76,ETH
2026-01-06 07:27:40+00:00,2026-01-06 07:33:00.893002+00:00,760.0,3221.412,3221.41,3221.67,ETH
2026-01-06 07:27:41+00:00,2026-01-06 07:33:01.893212+00:00,761.0,3221.422,3221.39,3221.53,ETH
2026-01-06 07:27:42+00:00,2026-01-06 07:33:02.905673+00:00,762.0,3221.422,3221.39,3221.51,ETH
2026-01-06 07:27:43+00:00,2026-01-06 07:33:03.906056+00:00,763.0,3221.422,3221.38,3221.48,ETH
2026-01-06 07:27:44+00:00,2026-01-06 07:33:04.932902+00:00,764.0,3221.422,3221.38,3221.49,ETH
2026-01-06 07:27:45+00:00,2026-01-06 07:33:05.930548+00:00,765.0,3221.422,3221.38,3221.5,ETH
2026-01-06 07:27:46+00:00,2026-01-06 07:33:06.949260+00:00,766.0,3221.422,3221.39,3221.47,ETH
2026-01-06 07:27:47+00:00,2026-01-06 07:33:07.945844+00:00,767.0,3220.942,3220.79,3221.0,ETH
2026-01-06 07:27:48+00:00,2026-01-06 07:33:08.944235+00:00,768.0,3220.622,3220.47,3220.8,ETH
2026-01-06 07:27:49+00:00,2026-01-06 07:33:09.945487+00:00,769.0,3220.302,3220.15,3220.6,ETH
2026-01-06 07:27:50+00:00,2026-01-06 07:33:10.931561+00:00,770.0,3220.172,3220.16,3220.44,ETH
2026-01-06 07:27:51+00:00,2026-01-06 07:33:11.942899+00:00,771.0,3220.222,3220.19,3220.37,ETH
2026-01-06 07:27:52+00:00,2026-01-06 07:33:12.945537+00:00,772.0,3220.272,3220.21,3220.31,ETH
2026-01-06 07:27:53+00:00,2026-01-06 07:33:13.943174+00:00,773.0,3220.292,3220.2,3220.33,ETH
2026-01-06 07:27:54+00:00,2026-01-06 07:33:14.990699+00:00,774.0,3220.282,3220.21,3220.32,ETH
2026-01-06 07:27:55+00:00,2026-01-06 07:33:15.980113+00:00,775.0,3220.192,3220.18,3220.35,ETH
2026-01-06 07:27:56+00:00,2026-01-06 07:33:16.995938+00:00,776.0,3220.432,3220.26,3220.5,ETH
2026-01-06 07:27:57+00:00,2026-01-06 07:33:18.010426+00:00,777.0,3220.462,3220.3,3220.55,ETH
2026-01-06 07:27:58+00:00,2026-01-06 07:33:19.024749+00:00,778.0,3220.502,3220.35,3220.59,ETH
2026-01-06 07:27:59+00:00,2026-01-06 07:33:21.008608+00:00,779.0,3220.502,3220.35,3220.58,ETH
2026-01-06 07:28:00+00:00,2026-01-06 07:33:22.012190+00:00,780.0,3220.482,3220.37,3220.54,ETH
2026-01-06 07:28:01+00:00,2026-01-06 07:33:23.025495+00:00,781.0,3220.552,3220.42,3220.6,ETH
2026-01-06 07:28:02+00:00,2026-01-06 07:33:24.029038+00:00,782.0,3220.622,3220.49,3220.69,ETH
2026-01-06 07:28:03+00:00,2026-01-06 07:33:25.037823+00:00,783.0,3220.492,3220.43,3220.71,ETH
2026-01-06 07:28:04+00:00,2026-01-06 07:33:26.041403+00:00,784.0,3220.392,3220.36,3220.74,ETH
2026-01-06 07:28:05+00:00,2026-01-06 07:33:27.060344+00:00,785.0,3220.392,3220.34,3220.75,ETH
2026-01-06 07:28:06+00:00,2026-01-06 07:33:28.071113+00:00,786.0,3220.392,3220.32,3220.73,ETH
2026-01-06 07:28:07+00:00,2026-01-06 07:33:29.063173+00:00,787.0,3220.392,3220.32,3220.68,ETH
2026-01-06 07:28:08+00:00,2026-01-06 07:33:30.074451+00:00,788.0,3220.392,3220.33,3220.71,ETH
2026-01-06 07:28:09+00:00,2026-01-06 07:33:31.074497+00:00,789.0,3220.392,3220.32,3220.74,ETH
2026-01-06 07:28:10+00:00,2026-01-06 07:33:32.090443+00:00,790.0,3220.392,3220.33,3220.76,ETH
2026-01-06 07:28:11+00:00,2026-01-06 07:33:33.090376+00:00,791.0,3220.392,3220.33,3220.86,ETH
2026-01-06 07:28:12+00:00,2026-01-06 07:33:34.111631+00:00,792.0,3220.392,3220.33,3220.78,ETH
2026-01-06 07:28:13+00:00,2026-01-06 07:33:35.121410+00:00,793.0,3220.392,3220.32,3220.64,ETH
2026-01-06 07:28:14+00:00,2026-01-06 07:33:36.129492+00:00,794.0,3220.392,3220.31,3220.59,ETH
2026-01-06 07:28:15+00:00,2026-01-06 07:33:37.123438+00:00,795.0,3220.392,3220.29,3220.59,ETH
2026-01-06 07:28:16+00:00,2026-01-06 07:33:38.137692+00:00,796.0,3220.392,3220.27,3220.63,ETH
2026-01-06 07:28:17+00:00,2026-01-06 07:33:39.140454+00:00,797.0,3220.392,3220.27,3220.6,ETH
2026-01-06 07:28:18+00:00,2026-01-06 07:33:40.157126+00:00,798.0,3220.392,3220.26,3220.57,ETH
2026-01-06 07:28:20+00:00,2026-01-06 07:33:41.232965+00:00,800.0,3220.392,3220.29,3220.5,ETH
2026-01-06 07:28:21+00:00,2026-01-06 07:33:42.221823+00:00,801.0,3219.902,3219.72,3219.98,ETH
2026-01-06 07:28:22+00:00,2026-01-06 07:33:43.223693+00:00,802.0,3219.521,3219.52,3219.99,ETH
2026-01-06 07:28:23+00:00,2026-01-06 07:33:45.195590+00:00,803.0,3219.521,3219.52,3219.89,ETH
2026-01-06 07:28:24+00:00,2026-01-06 07:33:46.206852+00:00,804.0,3219.521,3219.52,3219.7,ETH
2026-01-06 07:28:25+00:00,2026-01-06 07:33:47.206027+00:00,805.0,3219.521,3219.52,3219.7,ETH
2026-01-06 07:28:26+00:00,2026-01-06 07:33:48.232731+00:00,806.0,3219.521,3219.52,3219.74,ETH
2026-01-06 07:28:27+00:00,2026-01-06 07:33:49.240721+00:00,807.0,3219.521,3219.51,3219.67,ETH
2026-01-06 07:28:28+00:00,2026-01-06 07:33:50.240140+00:00,808.0,3219.521,3219.51,3219.66,ETH
2026-01-06 07:28:29+00:00,2026-01-06 07:33:51.240618+00:00,809.0,3219.521,3219.52,3219.68,ETH
2026-01-06 07:28:31+00:00,2026-01-06 07:33:52.302902+00:00,811.0,3219.801,3219.65,3219.84,ETH
2026-01-06 07:28:32+00:00,2026-01-06 07:33:53.247849+00:00,812.0,3219.821,3219.67,3219.86,ETH
2026-01-06 07:28:33+00:00,2026-01-06 07:33:54.282567+00:00,813.0,3219.831,3219.7,3219.9,ETH
2026-01-06 07:28:34+00:00,2026-01-06 07:33:55.305092+00:00,814.0,3219.821,3219.66,3219.86,ETH
2026-01-06 07:28:35+00:00,2026-01-06 07:33:56.294174+00:00,815.0,3218.681,3218.38,3218.89,ETH
2026-01-06 07:28:36+00:00,2026-01-06 07:33:57.300468+00:00,816.0,3218.401,3218.23,3218.66,ETH
2026-01-06 07:28:37+00:00,2026-01-06 07:33:58.296266+00:00,817.0,3218.401,3218.23,3218.66,ETH
2026-01-06 07:28:38+00:00,2026-01-06 07:33:59.300159+00:00,818.0,3218.401,3218.24,3218.67,ETH
2026-01-06 07:28:39+00:00,2026-01-06 07:34:00.302677+00:00,819.0,3218.541,3218.24,3218.75,ETH
2026-01-06 07:28:40+00:00,2026-01-06 07:34:01.325546+00:00,820.0,3218.691,3218.49,3218.7,ETH
2026-01-06 07:28:41+00:00,2026-01-06 07:34:02.328119+00:00,821.0,3218.691,3218.69,3218.99,ETH
2026-01-06 07:28:42+00:00,2026-01-06 07:34:03.329608+00:00,822.0,3219.351,3219.18,3219.4,ETH
2026-01-06 07:28:43+00:00,2026-01-06 07:34:04.341280+00:00,823.0,3219.791,3219.51,3220.05,ETH
2026-01-06 07:28:44+00:00,2026-01-06 07:34:05.344829+00:00,824.0,3219.791,3219.59,3220.08,ETH
2026-01-06 07:28:45+00:00,2026-01-06 07:34:06.344381+00:00,825.0,3219.771,3219.73,3219.97,ETH
2026-01-06 07:28:46+00:00,2026-01-06 07:34:08.379594+00:00,826.0,3220.052,3219.84,3220.2,ETH
2026-01-06 07:28:47+00:00,2026-01-06 07:34:09.377139+00:00,827.0,3220.142,3219.95,3220.42,ETH
2026-01-06 07:28:48+00:00,2026-01-06 07:34:10.388526+00:00,828.0,3220.182,3220.03,3220.38,ETH
2026-01-06 07:28:49+00:00,2026-01-06 07:34:11.413359+00:00,829.0,3220.242,3220.11,3220.31,ETH
2026-01-06 07:28:50+00:00,2026-01-06 07:34:12.424674+00:00,830.0,3220.152,3220.07,3220.22,ETH
2026-01-06 07:28:51+00:00,2026-01-06 07:34:13.411340+00:00,831.0,3219.982,3219.96,3220.16,ETH
2026-01-06 07:28:52+00:00,2026-01-06 07:34:14.413257+00:00,832.0,3219.902,3219.89,3220.2,ETH
2026-01-06 07:28:53+00:00,2026-01-06 07:34:15.425201+00:00,833.0,3220.102,3219.96,3220.35,ETH
2026-01-06 07:28:54+00:00,2026-01-06 07:34:16.427947+00:00,834.0,3220.302,3220.02,3220.48,ETH
2026-01-06 07:28:55+00:00,2026-01-06 07:34:17.408147+00:00,835.0,3220.302,3220.03,3220.48,ETH
2026-01-06 07:28:56+00:00,2026-01-06 07:34:18.412904+00:00,836.0,3220.302,3220.07,3220.49,ETH
2026-01-06 07:28:57+00:00,2026-01-06 07:34:19.413863+00:00,837.0,3220.302,3220.11,3220.47,ETH
2026-01-06 07:28:58+00:00,2026-01-06 07:34:20.447105+00:00,838.0,3220.302,3220.06,3220.47,ETH
2026-01-06 07:28:59+00:00,2026-01-06 07:34:21.493305+00:00,839.0,3220.302,3220.02,3220.49,ETH
2026-01-06 07:29:00+00:00,2026-01-06 07:34:22.492485+00:00,840.0,3220.461,3220.16,3220.6,ETH
2026-01-06 07:29:01+00:00,2026-01-06 07:34:23.499706+00:00,841.0,3220.561,3220.31,3220.66,ETH
2026-01-06 07:29:02+00:00,2026-01-06 07:34:24.496312+00:00,842.0,3220.421,3220.31,3220.52,ETH
2026-01-06 07:29:03+00:00,2026-01-06 07:34:25.510041+00:00,843.0,3220.321,3220.18,3220.37,ETH
2026-01-06 07:29:04+00:00,2026-01-06 07:34:26.541788+00:00,844.0,3220.251,3220.07,3220.42,ETH
2026-01-06 07:29:05+00:00,2026-01-06 07:34:27.537047+00:00,845.0,3220.201,3220.06,3220.5,ETH
2026-01-06 07:29:06+00:00,2026-01-06 07:34:28.557628+00:00,846.0,3220.201,3220.05,3220.52,ETH
2026-01-06 07:29:07+00:00,2026-01-06 07:34:29.568781+00:00,847.0,3220.201,3220.06,3220.52,ETH
2026-01-06 07:29:08+00:00,2026-01-06 07:34:30.576731+00:00,848.0,3220.201,3220.06,3220.49,ETH
2026-01-06 07:29:09+00:00,2026-01-06 07:34:31.576003+00:00,849.0,3220.051,3219.81,3220.23,ETH
2026-01-06 07:29:10+00:00,2026-01-06 07:34:32.583617+00:00,850.0,3219.691,3219.51,3219.97,ETH
2026-01-06 07:29:11+00:00,2026-01-06 07:34:33.592059+00:00,851.0,3219.471,3219.47,3219.9,ETH
2026-01-06 07:29:12+00:00,2026-01-06 07:34:34.612549+00:00,852.0,3219.421,3219.42,3219.68,ETH
2026-01-06 07:29:13+00:00,2026-01-06 07:34:35.625098+00:00,853.0,3219.341,3219.33,3219.45,ETH
2026-01-06 07:29:14+00:00,2026-01-06 07:34:36.626631+00:00,854.0,3219.381,3219.33,3219.61,ETH
2026-01-06 07:29:15+00:00,2026-01-06 07:34:37.626462+00:00,855.0,3219.461,3219.38,3219.79,ETH
2026-01-06 07:29:16+00:00,2026-01-06 07:34:38.625454+00:00,856.0,3219.461,3219.4,3219.64,ETH
2026-01-06 07:29:17+00:00,2026-01-06 07:34:39.621114+00:00,857.0,3219.721,3219.62,3219.83,ETH
2026-01-06 07:29:18+00:00,2026-01-06 07:34:40.622238+00:00,858.0,3220.121,3219.95,3220.36,ETH
2026-01-06 07:29:19+00:00,2026-01-06 07:34:41.626223+00:00,859.0,3220.401,3220.21,3220.61,ETH
2026-01-06 07:29:20+00:00,2026-01-06 07:34:42.650926+00:00,860.0,3220.571,3220.36,3220.65,ETH
2026-01-06 07:29:21+00:00,2026-01-06 07:34:43.659128+00:00,861.0,3220.591,3220.32,3220.66,ETH
2026-01-06 07:29:22+00:00,2026-01-06 07:34:44.659819+00:00,862.0,3220.351,3220.19,3220.56,ETH
2026-01-06 07:29:23+00:00,2026-01-06 07:34:45.676283+00:00,863.0,3220.151,3220.08,3220.45,ETH
2026-01-06 07:29:24+00:00,2026-01-06 07:34:46.689506+00:00,864.0,3220.221,3220.04,3220.43,ETH
2026-01-06 07:29:25+00:00,2026-01-06 07:34:47.674199+00:00,865.0,3220.301,3220.06,3220.45,ETH
2026-01-06 07:29:26+00:00,2026-01-06 07:34:48.687227+00:00,866.0,3220.301,3220.09,3220.44,ETH
2026-01-06 07:29:27+00:00,2026-01-06 07:34:49.688351+00:00,867.0,3220.301,3220.09,3220.41,ETH
2026-01-06 07:29:28+00:00,2026-01-06 07:34:50.688247+00:00,868.0,3220.301,3220.09,3220.43,ETH
2026-01-06 07:29:29+00:00,2026-01-06 07:34:51.695064+00:00,869.0,3220.231,3220.07,3220.41,ETH
2026-01-06 07:29:30+00:00,2026-01-06 07:34:52.708848+00:00,870.0,3219.981,3219.91,3220.33,ETH
2026-01-06 07:29:31+00:00,2026-01-06 07:34:53.724444+00:00,871.0,3219.791,3219.73,3220.28,ETH
2026-01-06 07:29:32+00:00,2026-01-06 07:34:54.726314+00:00,872.0,3219.771,3219.67,3220.26,ETH
2026-01-06 07:29:34+00:00,2026-01-06 07:34:55.764184+00:00,874.0,3219.741,3219.58,3220.23,ETH
2026-01-06 07:29:35+00:00,2026-01-06 07:34:57.735228+00:00,875.0,3219.401,3219.04,3219.66,ETH
2026-01-06 07:29:36+00:00,2026-01-06 07:34:58.741389+00:00,876.0,3218.921,3218.7,3219.34,ETH
2026-01-06 07:29:37+00:00,2026-01-06 07:34:59.739131+00:00,877.0,3218.551,3218.53,3219.11,ETH
2026-01-06 07:29:38+00:00,2026-01-06 07:35:00.746226+00:00,878.0,3218.331,3218.33,3218.85,ETH
2026-01-06 07:29:39+00:00,2026-01-06 07:35:01.739158+00:00,879.0,3218.211,3218.21,3218.66,ETH
2026-01-06 07:29:40+00:00,2026-01-06 07:35:02.755455+00:00,880.0,3218.211,3218.21,3218.63,ETH
2026-01-06 07:29:41+00:00,2026-01-06 07:35:03.802149+00:00,881.0,3218.211,3218.2,3218.58,ETH
2026-01-06 07:29:42+00:00,2026-01-06 07:35:04.808967+00:00,882.0,3218.071,3218.07,3218.44,ETH
2026-01-06 07:29:43+00:00,2026-01-06 07:35:05.825480+00:00,883.0,3217.751,3217.62,3218.24,ETH
2026-01-06 07:29:44+00:00,2026-01-06 07:35:06.841215+00:00,884.0,3217.331,3217.2,3217.87,ETH
2026-01-06 07:29:45+00:00,2026-01-06 07:35:07.858723+00:00,885.0,3217.091,3217.09,3217.59,ETH
2026-01-06 07:29:46+00:00,2026-01-06 07:35:08.874941+00:00,886.0,3217.191,3217.13,3217.58,ETH
2026-01-06 07:29:47+00:00,2026-01-06 07:35:09.887938+00:00,887.0,3217.301,3217.18,3217.66,ETH
2026-01-06 07:29:48+00:00,2026-01-06 07:35:10.903202+00:00,888.0,3216.841,3216.75,3217.22,ETH
2026-01-06 07:29:49+00:00,2026-01-06 07:35:11.914886+00:00,889.0,3216.241,3216.21,3216.73,ETH
2026-01-06 07:29:50+00:00,2026-01-06 07:35:12.903472+00:00,890.0,3216.211,3216.21,3216.76,ETH
2026-01-06 07:29:51+00:00,2026-01-06 07:35:13.911480+00:00,891.0,3216.331,3216.31,3216.75,ETH
2026-01-06 07:29:52+00:00,2026-01-06 07:35:14.920469+00:00,892.0,3216.591,3216.37,3216.91,ETH
2026-01-06 07:29:53+00:00,2026-01-06 07:35:15.921457+00:00,893.0,3217.061,3216.84,3217.23,ETH
2026-01-06 07:29:54+00:00,2026-01-06 07:35:16.927281+00:00,894.0,3217.311,3217.25,3217.38,ETH
2026-01-06 07:29:55+00:00,2026-01-06 07:35:17.935542+00:00,895.0,3217.311,3217.23,3217.38,ETH
2026-01-06 07:29:56+00:00,2026-01-06 07:35:18.943796+00:00,896.0,3217.301,3217.21,3217.41,ETH
2026-01-06 07:29:57+00:00,2026-01-06 07:35:19.922291+00:00,897.0,3217.521,3217.38,3217.68,ETH
2026-01-06 07:29:58+00:00,2026-01-06 07:35:20.943960+00:00,898.0,3217.751,3217.54,3217.93,ETH
2026-01-06 07:29:59+00:00,2026-01-06 07:35:21.957888+00:00,899.0,3217.801,3217.75,3217.92,ETH
