timestamp,collected_at,seconds,up_mid,up_best_bid,up_best_ask,down_mid,down_best_bid,down_best_ask,up_best_bid_size,up_best_ask_size,down_best_bid_size,down_best_ask_size
2026-01-06 07:15:00.004000+00:00,2026-01-06 07:15:00.467060+00:00,0.004,0.495,0.49,0.5,0.505,0.5,0.51,,,,
2026-01-06 07:15:01.330000+00:00,2026-01-06 07:15:01.490329+00:00,1.33,0.5,0.49,0.51,0.49,0.48,0.5,,,,
2026-01-06 07:15:02.254000+00:00,2026-01-06 07:15:02.491286+00:00,2.254,0.51,0.5,0.52,0.49,0.48,0.5,,,,
2026-01-06 07:15:03.353000+00:00,2026-01-06 07:15:03.513692+00:00,3.353,0.515,0.51,0.52,0.485,0.48,0.49,,,,
2026-01-06 07:15:04.365000+00:00,2026-01-06 07:15:04.512909+00:00,4.365,0.515,0.51,0.52,0.485,0.48,0.49,,,,
2026-01-06 07:15:05.377000+00:00,2026-01-06 07:15:05.515589+00:00,5.377,0.515,0.51,0.52,0.485,0.48,0.49,,,,
2026-01-06 07:15:06.303000+00:00,2026-01-06 07:15:06.529802+00:00,6.303,0.515,0.51,0.52,0.485,0.48,0.49,,,,
2026-01-06 07:15:07.370000+00:00,2026-01-06 07:15:07.541101+00:00,7.37,0.515,0.51,0.52,0.485,0.48,0.49,,,,
2026-01-06 07:15:08.371000+00:00,2026-01-06 07:15:08.557584+00:00,8.371,0.515,0.51,0.52,0.485,0.48,0.49,,,,
2026-01-06 07:15:09.226000+00:00,2026-01-06 07:15:09.549572+00:00,9.226,0.515,0.51,0.52,0.485,0.48,0.49,,,,
2026-01-06 07:15:10.372000+00:00,2026-01-06 07:15:10.558413+00:00,10.372,0.515,0.51,0.52,0.485,0.48,0.49,,,,
2026-01-06 07:15:11.411000+00:00,2026-01-06 07:15:11.567725+00:00,11.411,0.515,0.51,0.52,0.485,0.48,0.49,,,,
2026-01-06 07:15:12.287000+00:00,2026-01-06 07:15:12.583735+00:00,12.287,0.51,0.5,0.52,0.49,0.48,0.5,,,,
2026-01-06 07:15:13.410000+00:00,2026-01-06 07:15:13.579465+00:00,13.41,0.51,0.5,0.52,0.49,0.48,0.5,,,,
2026-01-06 07:15:14.362000+00:00,2026-01-06 07:15:14.583742+00:00,14.362,0.51,0.5,0.52,0.49,0.48,0.5,,,,
2026-01-06 07:15:15.416000+00:00,2026-01-06 07:15:15.584973+00:00,15.416,0.51,0.5,0.52,0.49,0.48,0.5,,,,
2026-01-06 07:15:16.429000+00:00,2026-01-06 07:15:16.579205+00:00,16.429,0.515,0.51,0.52,0.485,0.48,0.49,,,,
2026-01-06 07:15:17.382000+00:00,2026-01-06 07:15:17.583547+00:00,17.382,0.525,0.52,0.53,0.475,0.47,0.48,,,,
2026-01-06 07:15:18.465000+00:00,2026-01-06 07:15:18.608600+00:00,18.465,0.525,0.52,0.53,0.475,0.47,0.48,,,,
2026-01-06 07:15:19.416000+00:00,2026-01-06 07:15:19.612676+00:00,19.416,0.525,0.52,0.53,0.475,0.47,0.48,,,,
2026-01-06 07:15:20.483000+00:00,2026-01-06 07:15:20.628234+00:00,20.483,0.525,0.52,0.53,0.475,0.47,0.48,,,,
2026-01-06 07:15:21.499000+00:00,2026-01-06 07:15:21.646379+00:00,21.499,0.535,0.53,0.54,0.455,0.45,0.46,,,,
2026-01-06 07:15:22.512000+00:00,2026-01-06 07:15:22.658251+00:00,22.512,0.545,0.54,0.55,0.455,0.45,0.46,,,,
2026-01-06 07:15:23.513000+00:00,2026-01-06 07:15:23.657781+00:00,23.513,0.545,0.54,0.55,0.455,0.45,0.46,,,,
2026-01-06 07:15:24.512000+00:00,2026-01-06 07:15:24.662314+00:00,24.512,0.535,0.53,0.54,0.4649999999999999,0.46,0.47,,,,
2026-01-06 07:15:25.475000+00:00,2026-01-06 07:15:25.675519+00:00,25.475,0.535,0.53,0.54,0.4649999999999999,0.46,0.47,,,,
2026-01-06 07:15:26.501000+00:00,2026-01-06 07:15:26.690472+00:00,26.501,0.535,0.53,0.54,0.4649999999999999,0.46,0.47,,,,
2026-01-06 07:15:27.564000+00:00,2026-01-06 07:15:27.705761+00:00,27.564,0.545,0.54,0.55,0.455,0.45,0.46,,,,
2026-01-06 07:15:28.547000+00:00,2026-01-06 07:15:28.706294+00:00,28.547,0.545,0.54,0.55,0.455,0.45,0.46,,,,
2026-01-06 07:15:29.574000+00:00,2026-01-06 07:15:29.722845+00:00,29.574,0.535,0.53,0.54,0.4649999999999999,0.46,0.47,,,,
2026-01-06 07:15:30.570000+00:00,2026-01-06 07:15:30.719352+00:00,30.57,0.545,0.54,0.55,0.455,0.45,0.46,,,,
2026-01-06 07:15:31.531000+00:00,2026-01-06 07:15:31.722343+00:00,31.531,0.545,0.54,0.55,0.455,0.45,0.46,,,,
2026-01-06 07:15:32.584000+00:00,2026-01-06 07:15:32.729821+00:00,32.584,0.575,0.57,0.58,0.425,0.42,0.43,,,,
2026-01-06 07:15:33.480000+00:00,2026-01-06 07:15:33.730344+00:00,33.48,0.575,0.57,0.58,0.425,0.42,0.43,,,,
2026-01-06 07:15:34.563000+00:00,2026-01-06 07:15:34.719894+00:00,34.563,0.575,0.57,0.58,0.425,0.42,0.43,,,,
2026-01-06 07:15:35.522000+00:00,2026-01-06 07:15:35.728558+00:00,35.522,0.575,0.57,0.58,0.425,0.42,0.43,,,,
2026-01-06 07:15:36.575000+00:00,2026-01-06 07:15:36.726900+00:00,36.575,0.585,0.58,0.59,0.41,0.4,0.42,,,,
2026-01-06 07:15:37.543000+00:00,2026-01-06 07:15:37.736903+00:00,37.543,0.58,0.57,0.59,0.415,0.41,0.42,,,,
2026-01-06 07:15:38.423000+00:00,2026-01-06 07:15:38.758451+00:00,38.423,0.585,0.58,0.59,0.42,0.41,0.43,,,,
2026-01-06 07:15:39.608000+00:00,2026-01-06 07:15:39.763455+00:00,39.608,0.59,0.58,0.6,0.405,0.4,0.41,,,,
2026-01-06 07:15:40.574000+00:00,2026-01-06 07:15:40.764516+00:00,40.574,0.61,0.6,0.62,0.39,0.38,0.4,,,,
2026-01-06 07:15:41.536000+00:00,2026-01-06 07:15:41.767117+00:00,41.536,0.6,0.59,0.61,0.4,0.39,0.41,,,,
2026-01-06 07:15:42.610000+00:00,2026-01-06 07:15:42.760217+00:00,42.61,0.605,0.6,0.61,0.39,0.38,0.4,,,,
2026-01-06 07:15:43.558000+00:00,2026-01-06 07:15:43.770755+00:00,43.558,0.61,0.6,0.62,0.39,0.38,0.4,,,,
2026-01-06 07:15:44.618000+00:00,2026-01-06 07:15:44.777808+00:00,44.618,0.6,0.59,0.61,0.4,0.39,0.41,,,,
2026-01-06 07:15:45.612000+00:00,2026-01-06 07:15:45.786367+00:00,45.612,0.585,0.58,0.59,0.415,0.41,0.42,,,,
2026-01-06 07:15:46.636000+00:00,2026-01-06 07:15:46.806738+00:00,46.636,0.585,0.58,0.59,0.415,0.41,0.42,,,,
2026-01-06 07:15:47.585000+00:00,2026-01-06 07:15:47.823530+00:00,47.585,0.585,0.58,0.59,0.415,0.41,0.42,,,,
2026-01-06 07:15:48.678000+00:00,2026-01-06 07:15:48.844585+00:00,48.678,0.575,0.57,0.58,0.435,0.43,0.44,,,,
2026-01-06 07:15:49.704000+00:00,2026-01-06 07:15:49.857456+00:00,49.704,0.565,0.56,0.57,0.43,0.42,0.44,,,,
2026-01-06 07:15:50.733000+00:00,2026-01-06 07:15:50.880718+00:00,50.733,0.575,0.57,0.58,0.425,0.42,0.43,,,,
2026-01-06 07:15:51.768000+00:00,2026-01-06 07:15:51.895936+00:00,51.768,0.535,0.53,0.54,0.4649999999999999,0.46,0.47,,,,
2026-01-06 07:15:52.754000+00:00,2026-01-06 07:15:52.916537+00:00,52.754,0.54,0.53,0.55,0.4599999999999999,0.45,0.47,,,,
2026-01-06 07:15:53.720000+00:00,2026-01-06 07:15:53.922768+00:00,53.72,0.545,0.54,0.55,0.455,0.45,0.46,,,,
2026-01-06 07:15:54.459000+00:00,2026-01-06 07:15:54.930483+00:00,54.459,0.545,0.54,0.55,0.455,0.45,0.46,,,,
2026-01-06 07:15:55.761000+00:00,2026-01-06 07:15:55.940021+00:00,55.761,0.545,0.54,0.55,0.455,0.45,0.46,,,,
2026-01-06 07:15:56.717000+00:00,2026-01-06 07:15:56.943521+00:00,56.717,0.555,0.55,0.56,0.445,0.44,0.45,,,,
2026-01-06 07:15:57.499000+00:00,2026-01-06 07:15:57.938625+00:00,57.499,0.555,0.55,0.56,0.445,0.44,0.45,,,,
2026-01-06 07:15:58.777000+00:00,2026-01-06 07:15:58.942031+00:00,58.777,0.535,0.53,0.54,0.4649999999999999,0.46,0.47,,,,
2026-01-06 07:15:59.607000+00:00,2026-01-06 07:15:59.948829+00:00,59.607,0.535,0.53,0.54,0.4649999999999999,0.46,0.47,,,,
2026-01-06 07:16:00.727000+00:00,2026-01-06 07:16:00.951355+00:00,60.727,0.545,0.54,0.55,0.455,0.45,0.46,,,,
2026-01-06 07:16:01.813000+00:00,2026-01-06 07:16:01.956546+00:00,61.813,0.54,0.53,0.55,0.4649999999999999,0.46,0.47,,,,
2026-01-06 07:16:02.762000+00:00,2026-01-06 07:16:02.977092+00:00,62.762,0.545,0.54,0.55,0.455,0.45,0.46,,,,
2026-01-06 07:16:03.721000+00:00,2026-01-06 07:16:03.975498+00:00,63.721,0.545,0.54,0.55,0.455,0.45,0.46,,,,
2026-01-06 07:16:04.834000+00:00,2026-01-06 07:16:04.977619+00:00,64.834,0.535,0.53,0.54,0.4649999999999999,0.46,0.47,,,,
2026-01-06 07:16:05.783000+00:00,2026-01-06 07:16:05.977504+00:00,65.783,0.535,0.53,0.54,0.4649999999999999,0.46,0.47,,,,
2026-01-06 07:16:06.837000+00:00,2026-01-06 07:16:06.992124+00:00,66.837,0.525,0.52,0.53,0.475,0.47,0.48,,,,
2026-01-06 07:16:07.864000+00:00,2026-01-06 07:16:08.007028+00:00,67.864,0.535,0.53,0.54,0.4649999999999999,0.46,0.47,,,,
2026-01-06 07:16:08.794000+00:00,2026-01-06 07:16:09.007451+00:00,68.794,0.545,0.54,0.55,0.455,0.45,0.46,,,,
2026-01-06 07:16:09.788000+00:00,2026-01-06 07:16:10.022018+00:00,69.788,0.545,0.54,0.55,0.455,0.45,0.46,,,,
2026-01-06 07:16:10.862000+00:00,2026-01-06 07:16:11.039890+00:00,70.862,0.555,0.55,0.56,0.445,0.44,0.45,,,,
2026-01-06 07:16:11.886000+00:00,2026-01-06 07:16:12.056621+00:00,71.886,0.555,0.55,0.56,0.445,0.44,0.45,,,,
2026-01-06 07:16:12.908000+00:00,2026-01-06 07:16:13.055265+00:00,72.908,0.555,0.55,0.56,0.445,0.44,0.45,,,,
2026-01-06 07:16:13.497000+00:00,2026-01-06 07:16:14.077508+00:00,73.497,0.555,0.55,0.56,0.445,0.44,0.45,,,,
2026-01-06 07:16:14.925000+00:00,2026-01-06 07:16:15.088800+00:00,74.925,0.555,0.55,0.56,0.445,0.44,0.45,,,,
2026-01-06 07:16:15.937000+00:00,2026-01-06 07:16:16.088924+00:00,75.937,0.575,0.57,0.58,0.425,0.42,0.43,,,,
2026-01-06 07:16:16.949000+00:00,2026-01-06 07:16:17.090789+00:00,76.949,0.575,0.57,0.58,0.425,0.42,0.43,,,,
2026-01-06 07:16:17.960000+00:00,2026-01-06 07:16:18.107732+00:00,77.96,0.565,0.56,0.57,0.435,0.43,0.44,,,,
2026-01-06 07:16:18.957000+00:00,2026-01-06 07:16:19.126346+00:00,78.957,0.565,0.56,0.57,0.435,0.43,0.44,,,,
2026-01-06 07:16:19.942000+00:00,2026-01-06 07:16:20.127422+00:00,79.942,0.565,0.56,0.57,0.435,0.43,0.44,,,,
2026-01-06 07:16:20.992000+00:00,2026-01-06 07:16:21.139521+00:00,80.992,0.565,0.56,0.57,0.435,0.43,0.44,,,,
2026-01-06 07:16:21.920000+00:00,2026-01-06 07:16:22.153564+00:00,81.92,0.565,0.56,0.57,0.435,0.43,0.44,,,,
2026-01-06 07:16:22.902000+00:00,2026-01-06 07:16:23.169917+00:00,82.902,0.575,0.57,0.58,0.425,0.42,0.43,,,,
2026-01-06 07:16:24.042000+00:00,2026-01-06 07:16:24.187570+00:00,84.042,0.575,0.57,0.58,0.425,0.42,0.43,,,,
2026-01-06 07:16:25.062000+00:00,2026-01-06 07:16:25.210274+00:00,85.062,0.575,0.57,0.58,0.425,0.42,0.43,,,,
2026-01-06 07:16:26.999000+00:00,2026-01-06 07:16:27.218922+00:00,86.999,0.545,0.54,0.55,0.455,0.45,0.46,,,,
2026-01-06 07:16:27.957000+00:00,2026-01-06 07:16:28.228300+00:00,87.957,0.545,0.54,0.55,0.455,0.45,0.46,,,,
2026-01-06 07:16:28.965000+00:00,2026-01-06 07:16:29.238820+00:00,88.965,0.545,0.54,0.55,0.455,0.45,0.46,,,,
2026-01-06 07:16:30.995000+00:00,2026-01-06 07:16:31.247482+00:00,90.995,0.545,0.54,0.55,0.455,0.45,0.46,,,,
2026-01-06 07:16:32.082000+00:00,2026-01-06 07:16:32.263374+00:00,92.082,0.545,0.54,0.55,0.455,0.45,0.46,,,,
2026-01-06 07:16:33.096000+00:00,2026-01-06 07:16:33.269555+00:00,93.096,0.545,0.54,0.55,0.455,0.45,0.46,,,,
2026-01-06 07:16:34.095000+00:00,2026-01-06 07:16:34.269155+00:00,94.095,0.55,0.54,0.56,0.45,0.44,0.46,,,,
2026-01-06 07:16:35.053000+00:00,2026-01-06 07:16:35.271455+00:00,95.053,0.55,0.54,0.56,0.45,0.44,0.46,,,,
2026-01-06 07:16:36.122000+00:00,2026-01-06 07:16:36.270958+00:00,96.122,0.545,0.54,0.55,0.455,0.45,0.46,,,,
2026-01-06 07:16:37.051000+00:00,2026-01-06 07:16:37.289560+00:00,97.051,0.545,0.54,0.55,0.455,0.45,0.46,,,,
2026-01-06 07:16:38.151000+00:00,2026-01-06 07:16:38.302891+00:00,98.151,0.545,0.54,0.55,0.455,0.45,0.46,,,,
2026-01-06 07:16:39.151000+00:00,2026-01-06 07:16:39.309294+00:00,99.151,0.555,0.55,0.56,0.445,0.44,0.45,,,,
2026-01-06 07:16:40.063000+00:00,2026-01-06 07:16:40.309809+00:00,100.063,0.555,0.55,0.56,0.445,0.44,0.45,,,,
2026-01-06 07:16:41.138000+00:00,2026-01-06 07:16:41.326485+00:00,101.138,0.56,0.55,0.57,0.44,0.43,0.45,,,,
2026-01-06 07:16:42.121000+00:00,2026-01-06 07:16:42.340266+00:00,102.121,0.56,0.55,0.57,0.44,0.43,0.45,,,,
2026-01-06 07:16:43.175000+00:00,2026-01-06 07:16:43.331796+00:00,103.175,0.565,0.56,0.57,0.435,0.43,0.44,,,,
2026-01-06 07:16:44.945000+00:00,2026-01-06 07:16:45.335391+00:00,104.945,0.565,0.56,0.57,0.435,0.43,0.44,,,,
2026-01-06 07:16:46.861000+00:00,2026-01-06 07:16:47.336723+00:00,106.861,0.565,0.56,0.57,0.435,0.43,0.44,,,,
2026-01-06 07:16:48.075000+00:00,2026-01-06 07:16:48.328707+00:00,108.075,0.56,0.55,0.57,0.44,0.43,0.45,,,,
2026-01-06 07:16:49.176000+00:00,2026-01-06 07:16:49.320866+00:00,109.176,0.565,0.56,0.57,0.435,0.43,0.44,,,,
2026-01-06 07:16:50.166000+00:00,2026-01-06 07:16:50.321249+00:00,110.166,0.565,0.56,0.57,0.435,0.43,0.44,,,,
2026-01-06 07:16:51.174000+00:00,2026-01-06 07:16:51.327341+00:00,111.174,0.575,0.57,0.58,0.425,0.42,0.43,,,,
2026-01-06 07:16:52.084000+00:00,2026-01-06 07:16:52.337829+00:00,112.084,0.585,0.58,0.59,0.415,0.41,0.42,,,,
2026-01-06 07:16:53.105000+00:00,2026-01-06 07:16:53.344267+00:00,113.105,0.585,0.58,0.59,0.415,0.41,0.42,,,,
2026-01-06 07:16:54.100000+00:00,2026-01-06 07:16:54.358101+00:00,114.1,0.58,0.57,0.59,0.42,0.41,0.43,,,,
2026-01-06 07:16:55.997000+00:00,2026-01-06 07:16:56.383353+00:00,115.997,0.58,0.57,0.59,0.42,0.41,0.43,,,,
2026-01-06 07:16:57.251000+00:00,2026-01-06 07:16:57.399523+00:00,117.251,0.575,0.57,0.58,0.425,0.42,0.43,,,,
2026-01-06 07:16:58.263000+00:00,2026-01-06 07:16:58.409094+00:00,118.263,0.575,0.57,0.58,0.425,0.42,0.43,,,,
2026-01-06 07:16:59.236000+00:00,2026-01-06 07:16:59.424474+00:00,119.236,0.565,0.56,0.57,0.435,0.43,0.44,,,,
2026-01-06 07:17:00.288000+00:00,2026-01-06 07:17:00.431805+00:00,120.288,0.565,0.56,0.57,0.435,0.43,0.44,,,,
2026-01-06 07:17:01.273000+00:00,2026-01-06 07:17:01.445054+00:00,121.273,0.565,0.56,0.57,0.435,0.43,0.44,,,,
2026-01-06 07:17:02.317000+00:00,2026-01-06 07:17:02.452564+00:00,122.317,0.565,0.56,0.57,0.435,0.43,0.44,,,,
2026-01-06 07:17:03.175000+00:00,2026-01-06 07:17:03.462717+00:00,123.175,0.55,0.54,0.56,0.455,0.45,0.46,,,,
2026-01-06 07:17:04.319000+00:00,2026-01-06 07:17:04.465707+00:00,124.319,0.545,0.54,0.55,0.455,0.45,0.46,,,,
2026-01-06 07:17:05.332000+00:00,2026-01-06 07:17:05.492240+00:00,125.332,0.545,0.54,0.55,0.455,0.45,0.46,,,,
2026-01-06 07:17:06.292000+00:00,2026-01-06 07:17:06.492007+00:00,126.292,0.545,0.54,0.55,0.45,0.44,0.46,,,,
2026-01-06 07:17:07.194000+00:00,2026-01-06 07:17:07.509702+00:00,127.194,0.545,0.54,0.55,0.455,0.45,0.46,,,,
2026-01-06 07:17:08.236000+00:00,2026-01-06 07:17:08.509036+00:00,128.236,0.55,0.54,0.56,0.45,0.44,0.46,,,,
2026-01-06 07:17:09.360000+00:00,2026-01-06 07:17:09.525300+00:00,129.36,0.555,0.55,0.56,0.445,0.44,0.45,,,,
2026-01-06 07:17:10.383000+00:00,2026-01-06 07:17:10.544182+00:00,130.383,0.555,0.55,0.56,0.445,0.44,0.45,,,,
2026-01-06 07:17:11.403000+00:00,2026-01-06 07:17:11.553324+00:00,131.403,0.555,0.55,0.56,0.445,0.44,0.45,,,,
2026-01-06 07:17:12.300000+00:00,2026-01-06 07:17:12.549048+00:00,132.3,0.555,0.55,0.56,0.445,0.44,0.45,,,,
2026-01-06 07:17:13.362000+00:00,2026-01-06 07:17:13.563918+00:00,133.362,0.555,0.55,0.56,0.445,0.44,0.45,,,,
2026-01-06 07:17:14.418000+00:00,2026-01-06 07:17:14.569334+00:00,134.418,0.535,0.53,0.54,0.4649999999999999,0.46,0.47,,,,
2026-01-06 07:17:15.388000+00:00,2026-01-06 07:17:15.569369+00:00,135.388,0.535,0.53,0.54,0.4649999999999999,0.46,0.47,,,,
2026-01-06 07:17:16.241000+00:00,2026-01-06 07:17:16.585468+00:00,136.241,0.545,0.54,0.55,0.455,0.45,0.46,,,,
2026-01-06 07:17:17.428000+00:00,2026-01-06 07:17:17.590513+00:00,137.428,0.545,0.54,0.55,0.455,0.45,0.46,,,,
2026-01-06 07:17:18.440000+00:00,2026-01-06 07:17:18.584951+00:00,138.44,0.55,0.54,0.56,0.45,0.44,0.46,,,,
2026-01-06 07:17:19.440000+00:00,2026-01-06 07:17:19.593117+00:00,139.44,0.535,0.53,0.54,0.47,0.46,0.48,,,,
2026-01-06 07:17:20.444000+00:00,2026-01-06 07:17:20.602208+00:00,140.444,0.515,0.51,0.52,0.485,0.48,0.49,,,,
2026-01-06 07:17:21.419000+00:00,2026-01-06 07:17:21.594631+00:00,141.419,0.515,0.51,0.52,0.485,0.48,0.49,,,,
2026-01-06 07:17:22.388000+00:00,2026-01-06 07:17:22.596097+00:00,142.388,0.515,0.51,0.52,0.485,0.48,0.49,,,,
2026-01-06 07:17:23.443000+00:00,2026-01-06 07:17:23.602252+00:00,143.443,0.515,0.51,0.52,0.485,0.48,0.49,,,,
2026-01-06 07:17:24.452000+00:00,2026-01-06 07:17:24.602993+00:00,144.452,0.505,0.5,0.51,0.495,0.49,0.5,,,,
2026-01-06 07:17:25.462000+00:00,2026-01-06 07:17:25.610401+00:00,145.462,0.505,0.5,0.51,0.505,0.5,0.51,,,,
2026-01-06 07:17:26.289000+00:00,2026-01-06 07:17:26.617837+00:00,146.289,0.505,0.5,0.51,0.495,0.49,0.5,,,,
2026-01-06 07:17:27.462000+00:00,2026-01-06 07:17:27.611934+00:00,147.462,0.515,0.51,0.52,0.485,0.48,0.49,,,,
2026-01-06 07:17:28.478000+00:00,2026-01-06 07:17:28.617673+00:00,148.478,0.515,0.51,0.52,0.485,0.48,0.49,,,,
2026-01-06 07:17:29.449000+00:00,2026-01-06 07:17:29.608227+00:00,149.449,0.515,0.51,0.52,0.485,0.48,0.49,,,,
2026-01-06 07:17:30.477000+00:00,2026-01-06 07:17:30.629878+00:00,150.477,0.515,0.51,0.52,0.485,0.48,0.49,,,,
2026-01-06 07:17:31.494000+00:00,2026-01-06 07:17:31.636445+00:00,151.494,0.515,0.51,0.52,0.485,0.48,0.49,,,,
2026-01-06 07:17:32.472000+00:00,2026-01-06 07:17:32.642564+00:00,152.472,0.515,0.51,0.52,0.485,0.48,0.49,,,,
2026-01-06 07:17:33.476000+00:00,2026-01-06 07:17:33.647178+00:00,153.476,0.515,0.51,0.52,0.485,0.48,0.49,,,,
2026-01-06 07:17:34.513000+00:00,2026-01-06 07:17:34.657427+00:00,154.513,0.515,0.51,0.52,0.49,0.48,0.5,,,,
2026-01-06 07:17:35.498000+00:00,2026-01-06 07:17:35.660307+00:00,155.498,0.505,0.5,0.51,0.495,0.49,0.5,,,,
2026-01-06 07:17:36.523000+00:00,2026-01-06 07:17:36.668330+00:00,156.523,0.495,0.49,0.5,0.505,0.5,0.51,,,,
2026-01-06 07:17:37.450000+00:00,2026-01-06 07:17:37.665562+00:00,157.45,0.4649999999999999,0.46,0.47,0.535,0.53,0.54,,,,
2026-01-06 07:17:38.513000+00:00,2026-01-06 07:17:38.663448+00:00,158.513,0.4649999999999999,0.46,0.47,0.535,0.53,0.54,,,,
2026-01-06 07:17:39.516000+00:00,2026-01-06 07:17:39.675866+00:00,159.516,0.4649999999999999,0.46,0.47,0.535,0.53,0.54,,,,
2026-01-06 07:17:40.522000+00:00,2026-01-06 07:17:40.667614+00:00,160.522,0.4649999999999999,0.46,0.47,0.535,0.53,0.54,,,,
2026-01-06 07:17:41.516000+00:00,2026-01-06 07:17:41.677391+00:00,161.516,0.4649999999999999,0.46,0.47,0.53,0.52,0.54,,,,
2026-01-06 07:17:42.525000+00:00,2026-01-06 07:17:42.684839+00:00,162.525,0.4649999999999999,0.46,0.47,0.535,0.53,0.54,,,,
2026-01-06 07:17:43.510000+00:00,2026-01-06 07:17:43.692310+00:00,163.51,0.455,0.45,0.46,0.545,0.54,0.55,,,,
2026-01-06 07:17:44.555000+00:00,2026-01-06 07:17:44.701786+00:00,164.555,0.455,0.45,0.46,0.545,0.54,0.55,,,,
2026-01-06 07:17:45.563000+00:00,2026-01-06 07:17:45.702208+00:00,165.563,0.455,0.45,0.46,0.545,0.54,0.55,,,,
2026-01-06 07:17:46.529000+00:00,2026-01-06 07:17:46.714172+00:00,166.529,0.455,0.45,0.46,0.545,0.54,0.55,,,,
2026-01-06 07:17:47.588000+00:00,2026-01-06 07:17:47.729122+00:00,167.588,0.455,0.45,0.46,0.545,0.54,0.55,,,,
2026-01-06 07:17:48.564000+00:00,2026-01-06 07:17:48.724189+00:00,168.564,0.455,0.45,0.46,0.545,0.54,0.55,,,,
2026-01-06 07:17:49.460000+00:00,2026-01-06 07:17:49.718650+00:00,169.46,0.455,0.45,0.46,0.545,0.54,0.55,,,,
2026-01-06 07:17:50.455000+00:00,2026-01-06 07:17:50.715877+00:00,170.455,0.455,0.45,0.46,0.545,0.54,0.55,,,,
2026-01-06 07:17:51.516000+00:00,2026-01-06 07:17:51.717874+00:00,171.516,0.455,0.45,0.46,0.545,0.54,0.55,,,,
2026-01-06 07:17:52.524000+00:00,2026-01-06 07:17:52.717689+00:00,172.524,0.455,0.45,0.46,0.545,0.54,0.55,,,,
2026-01-06 07:17:53.516000+00:00,2026-01-06 07:17:53.731286+00:00,173.516,0.455,0.45,0.46,0.545,0.54,0.55,,,,
2026-01-06 07:17:54.501000+00:00,2026-01-06 07:17:54.733625+00:00,174.501,0.455,0.45,0.46,0.545,0.54,0.55,,,,
2026-01-06 07:17:55.557000+00:00,2026-01-06 07:17:55.733960+00:00,175.557,0.455,0.45,0.46,0.545,0.54,0.55,,,,
2026-01-06 07:17:56.566000+00:00,2026-01-06 07:17:56.733887+00:00,176.566,0.455,0.45,0.46,0.545,0.54,0.55,,,,
2026-01-06 07:17:57.566000+00:00,2026-01-06 07:17:57.734440+00:00,177.566,0.455,0.45,0.46,0.545,0.54,0.55,,,,
2026-01-06 07:17:58.579000+00:00,2026-01-06 07:17:58.750185+00:00,178.579,0.4599999999999999,0.45,0.47,0.54,0.53,0.55,,,,
2026-01-06 07:17:59.543000+00:00,2026-01-06 07:17:59.774076+00:00,179.543,0.455,0.45,0.46,0.545,0.54,0.55,,,,
2026-01-06 07:18:00.646000+00:00,2026-01-06 07:18:00.779980+00:00,180.646,0.455,0.45,0.46,0.545,0.54,0.55,,,,
2026-01-06 07:18:01.472000+00:00,2026-01-06 07:18:01.801897+00:00,181.472,0.455,0.45,0.46,0.545,0.54,0.55,,,,
2026-01-06 07:18:02.475000+00:00,2026-01-06 07:18:02.801683+00:00,182.475,0.455,0.45,0.46,0.545,0.54,0.55,,,,
2026-01-06 07:18:03.385000+00:00,2026-01-06 07:18:03.818594+00:00,183.385,0.455,0.45,0.46,0.545,0.54,0.55,,,,
2026-01-06 07:18:04.693000+00:00,2026-01-06 07:18:04.835046+00:00,184.693,0.455,0.45,0.46,0.545,0.54,0.55,,,,
2026-01-06 07:18:05.598000+00:00,2026-01-06 07:18:05.834146+00:00,185.598,0.4649999999999999,0.46,0.47,0.535,0.53,0.54,,,,
2026-01-06 07:18:06.674000+00:00,2026-01-06 07:18:06.833952+00:00,186.674,0.4649999999999999,0.46,0.47,0.535,0.53,0.54,,,,
2026-01-06 07:18:07.705000+00:00,2026-01-06 07:18:07.848824+00:00,187.705,0.4649999999999999,0.46,0.47,0.535,0.53,0.54,,,,
2026-01-06 07:18:08.647000+00:00,2026-01-06 07:18:08.846870+00:00,188.647,0.4649999999999999,0.46,0.47,0.535,0.53,0.54,,,,
2026-01-06 07:18:09.497000+00:00,2026-01-06 07:18:09.846546+00:00,189.497,0.4649999999999999,0.46,0.47,0.535,0.53,0.54,,,,
2026-01-06 07:18:10.705000+00:00,2026-01-06 07:18:10.850846+00:00,190.705,0.4649999999999999,0.46,0.47,0.535,0.53,0.54,,,,
2026-01-06 07:18:11.674000+00:00,2026-01-06 07:18:11.855611+00:00,191.674,0.4649999999999999,0.46,0.47,0.535,0.53,0.54,,,,
2026-01-06 07:18:12.695000+00:00,2026-01-06 07:18:12.873779+00:00,192.695,0.4599999999999999,0.45,0.47,0.545,0.54,0.55,,,,
2026-01-06 07:18:13.725000+00:00,2026-01-06 07:18:13.874223+00:00,193.725,0.435,0.43,0.44,0.565,0.56,0.57,,,,
2026-01-06 07:18:14.598000+00:00,2026-01-06 07:18:14.886600+00:00,194.598,0.43,0.42,0.44,0.575,0.57,0.58,,,,
2026-01-06 07:18:15.735000+00:00,2026-01-06 07:18:15.891965+00:00,195.735,0.41,0.4,0.42,0.59,0.58,0.6,,,,
2026-01-06 07:18:16.760000+00:00,2026-01-06 07:18:16.909305+00:00,196.76,0.42,0.41,0.43,0.58,0.57,0.59,,,,
2026-01-06 07:18:17.702000+00:00,2026-01-06 07:18:17.931348+00:00,197.702,0.42,0.41,0.43,0.58,0.57,0.59,,,,
2026-01-06 07:18:18.788000+00:00,2026-01-06 07:18:18.933767+00:00,198.788,0.425,0.42,0.43,0.575,0.57,0.58,,,,
2026-01-06 07:18:19.748000+00:00,2026-01-06 07:18:19.937579+00:00,199.748,0.435,0.43,0.44,0.56,0.55,0.57,,,,
2026-01-06 07:18:20.810000+00:00,2026-01-06 07:18:20.955189+00:00,200.81,0.435,0.43,0.44,0.5700000000000001,0.56,0.58,,,,
2026-01-06 07:18:21.785000+00:00,2026-01-06 07:18:21.960439+00:00,201.785,0.43,0.42,0.44,0.565,0.56,0.57,,,,
2026-01-06 07:18:22.667000+00:00,2026-01-06 07:18:22.958940+00:00,202.667,0.435,0.43,0.44,0.565,0.56,0.57,,,,
2026-01-06 07:18:23.824000+00:00,2026-01-06 07:18:23.975339+00:00,203.824,0.435,0.43,0.44,0.565,0.56,0.57,,,,
2026-01-06 07:18:24.643000+00:00,2026-01-06 07:18:24.982861+00:00,204.643,0.425,0.42,0.43,0.575,0.57,0.58,,,,
2026-01-06 07:18:25.831000+00:00,2026-01-06 07:18:25.989716+00:00,205.831,0.425,0.42,0.43,0.575,0.57,0.58,,,,
2026-01-06 07:18:26.763000+00:00,2026-01-06 07:18:26.985796+00:00,206.763,0.425,0.42,0.43,0.575,0.57,0.58,,,,
2026-01-06 07:18:27.494000+00:00,2026-01-06 07:18:27.982645+00:00,207.494,0.43,0.42,0.44,0.5700000000000001,0.56,0.58,,,,
2026-01-06 07:18:28.736000+00:00,2026-01-06 07:18:29.004428+00:00,208.736,0.435,0.43,0.44,0.565,0.56,0.57,,,,
2026-01-06 07:18:29.767000+00:00,2026-01-06 07:18:30.021478+00:00,209.767,0.43,0.42,0.44,0.5700000000000001,0.56,0.58,,,,
2026-01-06 07:18:30.522000+00:00,2026-01-06 07:18:31.021946+00:00,210.522,0.44,0.43,0.45,0.56,0.55,0.57,,,,
2026-01-06 07:18:31.855000+00:00,2026-01-06 07:18:32.023893+00:00,211.855,0.445,0.44,0.45,0.555,0.55,0.56,,,,
2026-01-06 07:18:32.807000+00:00,2026-01-06 07:18:33.033844+00:00,212.807,0.445,0.44,0.45,0.555,0.55,0.56,,,,
2026-01-06 07:18:33.711000+00:00,2026-01-06 07:18:34.049613+00:00,213.711,0.445,0.44,0.45,0.555,0.55,0.56,,,,
2026-01-06 07:18:34.894000+00:00,2026-01-06 07:18:35.055543+00:00,214.894,0.445,0.44,0.45,0.555,0.55,0.56,,,,
2026-01-06 07:18:35.873000+00:00,2026-01-06 07:18:36.066198+00:00,215.873,0.445,0.44,0.45,0.555,0.55,0.56,,,,
2026-01-06 07:18:36.921000+00:00,2026-01-06 07:18:37.086287+00:00,216.921,0.44,0.43,0.45,0.555,0.55,0.56,,,,
2026-01-06 07:18:37.956000+00:00,2026-01-06 07:18:38.103937+00:00,217.956,0.445,0.44,0.45,0.545,0.54,0.55,,,,
2026-01-06 07:18:38.949000+00:00,2026-01-06 07:18:39.100299+00:00,218.949,0.455,0.45,0.46,0.545,0.54,0.55,,,,
2026-01-06 07:18:39.973000+00:00,2026-01-06 07:18:40.116377+00:00,219.973,0.45,0.44,0.46,0.55,0.54,0.56,,,,
2026-01-06 07:18:40.966000+00:00,2026-01-06 07:18:41.118406+00:00,220.966,0.445,0.44,0.45,0.555,0.55,0.56,,,,
2026-01-06 07:18:41.975000+00:00,2026-01-06 07:18:42.133055+00:00,221.975,0.43,0.42,0.44,0.5700000000000001,0.56,0.58,,,,
2026-01-06 07:18:42.894000+00:00,2026-01-06 07:18:43.148021+00:00,222.894,0.425,0.42,0.43,0.575,0.57,0.58,,,,
2026-01-06 07:18:43.994000+00:00,2026-01-06 07:18:44.149862+00:00,223.994,0.425,0.42,0.43,0.575,0.57,0.58,,,,
2026-01-06 07:18:45.982000+00:00,2026-01-06 07:18:46.182516+00:00,225.982,0.415,0.41,0.42,0.585,0.58,0.59,,,,
2026-01-06 07:18:46.976000+00:00,2026-01-06 07:18:47.197932+00:00,226.976,0.415,0.41,0.42,0.585,0.58,0.59,,,,
2026-01-06 07:18:48.051000+00:00,2026-01-06 07:18:48.216048+00:00,228.051,0.415,0.41,0.42,0.585,0.58,0.59,,,,
2026-01-06 07:18:49.863000+00:00,2026-01-06 07:18:50.232141+00:00,229.863,0.405,0.4,0.41,0.595,0.59,0.6,,,,
2026-01-06 07:18:50.872000+00:00,2026-01-06 07:18:51.246810+00:00,230.872,0.405,0.4,0.41,0.595,0.59,0.6,,,,
2026-01-06 07:18:52.067000+00:00,2026-01-06 07:18:52.247260+00:00,232.067,0.405,0.4,0.41,0.595,0.59,0.6,,,,
2026-01-06 07:18:53.101000+00:00,2026-01-06 07:18:53.248963+00:00,233.101,0.405,0.4,0.41,0.595,0.59,0.6,,,,
2026-01-06 07:18:54.097000+00:00,2026-01-06 07:18:54.246151+00:00,234.097,0.405,0.4,0.41,0.615,0.61,0.62,,,,
2026-01-06 07:18:55.104000+00:00,2026-01-06 07:18:55.250880+00:00,235.104,0.335,0.33,0.34,0.665,0.66,0.67,,,,
2026-01-06 07:18:56.111000+00:00,2026-01-06 07:18:56.262595+00:00,236.111,0.31,0.3,0.32,0.695,0.69,0.7,,,,
2026-01-06 07:18:57.111000+00:00,2026-01-06 07:18:57.265506+00:00,237.111,0.255,0.25,0.26,0.745,0.74,0.75,,,,
2026-01-06 07:18:58.072000+00:00,2026-01-06 07:18:58.266152+00:00,238.072,0.255,0.25,0.26,0.745,0.74,0.75,,,,
2026-01-06 07:18:59.044000+00:00,2026-01-06 07:18:59.283429+00:00,239.044,0.24,0.23,0.25,0.76,0.75,0.77,,,,
2026-01-06 07:19:00.141000+00:00,2026-01-06 07:19:00.297927+00:00,240.141,0.235,0.22,0.25,0.765,0.75,0.78,,,,
2026-01-06 07:19:01.158000+00:00,2026-01-06 07:19:01.300195+00:00,241.158,0.225,0.22,0.23,0.775,0.77,0.78,,,,
2026-01-06 07:19:02.153000+00:00,2026-01-06 07:19:02.316376+00:00,242.153,0.21,0.2,0.22,0.79,0.78,0.8,,,,
2026-01-06 07:19:03.164000+00:00,2026-01-06 07:19:03.315722+00:00,243.164,0.235,0.23,0.24,0.765,0.76,0.77,,,,
2026-01-06 07:19:04.136000+00:00,2026-01-06 07:19:04.319243+00:00,244.136,0.255,0.25,0.26,0.74,0.73,0.75,,,,
2026-01-06 07:19:05.171000+00:00,2026-01-06 07:19:05.317939+00:00,245.171,0.265,0.26,0.27,0.735,0.73,0.74,,,,
2026-01-06 07:19:06.180000+00:00,2026-01-06 07:19:06.324486+00:00,246.18,0.285,0.27,0.3,0.71,0.7,0.72,,,,
2026-01-06 07:19:07.104000+00:00,2026-01-06 07:19:07.322794+00:00,247.104,0.285,0.28,0.29,0.715,0.71,0.72,,,,
2026-01-06 07:19:08.128000+00:00,2026-01-06 07:19:08.315293+00:00,248.128,0.285,0.27,0.3,0.72,0.71,0.73,,,,
2026-01-06 07:19:09.180000+00:00,2026-01-06 07:19:09.322154+00:00,249.18,0.29,0.28,0.3,0.715,0.71,0.72,,,,
2026-01-06 07:19:10.155000+00:00,2026-01-06 07:19:10.332473+00:00,250.155,0.28,0.27,0.29,0.72,0.71,0.73,,,,
2026-01-06 07:19:11.117000+00:00,2026-01-06 07:19:11.337729+00:00,251.117,0.29,0.28,0.3,0.715,0.7,0.73,,,,
2026-01-06 07:19:12.195000+00:00,2026-01-06 07:19:12.348435+00:00,252.195,0.3,0.29,0.31,0.695,0.69,0.7,,,,
2026-01-06 07:19:13.193000+00:00,2026-01-06 07:19:13.340256+00:00,253.193,0.31,0.3,0.32,0.695,0.69,0.7,,,,
2026-01-06 07:19:14.200000+00:00,2026-01-06 07:19:14.348612+00:00,254.2,0.29,0.28,0.3,0.71,0.7,0.72,,,,
2026-01-06 07:19:15.194000+00:00,2026-01-06 07:19:15.356129+00:00,255.194,0.29,0.28,0.3,0.71,0.7,0.72,,,,
2026-01-06 07:19:16.233000+00:00,2026-01-06 07:19:16.363644+00:00,256.233,0.295,0.29,0.3,0.6950000000000001,0.68,0.71,,,,
2026-01-06 07:19:17.221000+00:00,2026-01-06 07:19:17.372345+00:00,257.221,0.3,0.29,0.31,0.7,0.69,0.71,,,,
2026-01-06 07:19:18.192000+00:00,2026-01-06 07:19:18.380953+00:00,258.192,0.3,0.29,0.31,0.7,0.69,0.71,,,,
2026-01-06 07:19:19.221000+00:00,2026-01-06 07:19:19.395479+00:00,259.221,0.305,0.3,0.31,0.695,0.69,0.7,,,,
2026-01-06 07:19:20.215000+00:00,2026-01-06 07:19:20.393059+00:00,260.215,0.305,0.3,0.31,0.695,0.69,0.7,,,,
2026-01-06 07:19:21.218000+00:00,2026-01-06 07:19:21.385988+00:00,261.218,0.31,0.3,0.32,0.69,0.68,0.7,,,,
2026-01-06 07:19:22.236000+00:00,2026-01-06 07:19:22.387276+00:00,262.236,0.3,0.29,0.31,0.705,0.7,0.71,,,,
2026-01-06 07:19:23.251000+00:00,2026-01-06 07:19:23.401880+00:00,263.251,0.29,0.28,0.3,0.705,0.7,0.71,,,,
2026-01-06 07:19:24.212000+00:00,2026-01-06 07:19:24.402898+00:00,264.212,0.305,0.3,0.31,0.695,0.69,0.7,,,,
2026-01-06 07:19:25.278000+00:00,2026-01-06 07:19:25.420107+00:00,265.278,0.305,0.3,0.31,0.695,0.69,0.7,,,,
2026-01-06 07:19:26.320000+00:00,2026-01-06 07:19:26.430653+00:00,266.32,0.3,0.29,0.31,0.71,0.7,0.72,,,,
2026-01-06 07:19:27.319000+00:00,2026-01-06 07:19:27.425863+00:00,267.319,0.285,0.28,0.29,0.715,0.71,0.72,,,,
2026-01-06 07:19:28.253000+00:00,2026-01-06 07:19:28.438754+00:00,268.253,0.28,0.27,0.29,0.72,0.71,0.73,,,,
2026-01-06 07:19:29.293000+00:00,2026-01-06 07:19:29.448162+00:00,269.293,0.295,0.29,0.3,0.7,0.69,0.71,,,,
2026-01-06 07:19:30.108000+00:00,2026-01-06 07:19:30.450478+00:00,270.108,0.3,0.29,0.31,0.7,0.69,0.71,,,,
2026-01-06 07:19:31.291000+00:00,2026-01-06 07:19:31.448311+00:00,271.291,0.3,0.29,0.31,0.7,0.69,0.71,,,,
2026-01-06 07:19:32.127000+00:00,2026-01-06 07:19:32.447334+00:00,272.127,0.3,0.29,0.31,0.7,0.69,0.71,,,,
2026-01-06 07:19:33.209000+00:00,2026-01-06 07:19:33.464819+00:00,273.209,0.305,0.3,0.31,0.695,0.69,0.7,,,,
2026-01-06 07:19:34.300000+00:00,2026-01-06 07:19:34.464977+00:00,274.3,0.31,0.3,0.32,0.69,0.68,0.7,,,,
2026-01-06 07:19:35.325000+00:00,2026-01-06 07:19:35.483923+00:00,275.325,0.305,0.3,0.31,0.695,0.69,0.7,,,,
2026-01-06 07:19:36.217000+00:00,2026-01-06 07:19:36.481432+00:00,276.217,0.31,0.3,0.32,0.695,0.69,0.7,,,,
2026-01-06 07:19:37.252000+00:00,2026-01-06 07:19:37.482562+00:00,277.252,0.295,0.29,0.3,0.705,0.7,0.71,,,,
2026-01-06 07:19:38.349000+00:00,2026-01-06 07:19:38.502147+00:00,278.349,0.295,0.29,0.3,0.7,0.69,0.71,,,,
2026-01-06 07:19:39.334000+00:00,2026-01-06 07:19:39.511445+00:00,279.334,0.3,0.29,0.31,0.7,0.69,0.71,,,,
2026-01-06 07:19:40.248000+00:00,2026-01-06 07:19:40.504707+00:00,280.248,0.3,0.29,0.31,0.7,0.69,0.71,,,,
2026-01-06 07:19:41.300000+00:00,2026-01-06 07:19:41.497504+00:00,281.3,0.285,0.28,0.29,0.715,0.71,0.72,,,,
2026-01-06 07:19:42.366000+00:00,2026-01-06 07:19:42.513286+00:00,282.366,0.31,0.3,0.32,0.685,0.68,0.69,,,,
2026-01-06 07:19:43.368000+00:00,2026-01-06 07:19:43.521227+00:00,283.368,0.325,0.32,0.33,0.675,0.67,0.68,,,,
2026-01-06 07:19:44.339000+00:00,2026-01-06 07:19:44.530241+00:00,284.339,0.325,0.32,0.33,0.675,0.67,0.68,,,,
2026-01-06 07:19:45.391000+00:00,2026-01-06 07:19:45.537124+00:00,285.391,0.325,0.32,0.33,0.675,0.67,0.68,,,,
2026-01-06 07:19:46.370000+00:00,2026-01-06 07:19:46.550195+00:00,286.37,0.325,0.32,0.33,0.675,0.67,0.68,,,,
2026-01-06 07:19:47.298000+00:00,2026-01-06 07:19:47.559493+00:00,287.298,0.305,0.3,0.31,0.695,0.69,0.7,,,,
2026-01-06 07:19:48.124000+00:00,2026-01-06 07:19:48.560427+00:00,288.124,0.305,0.3,0.31,0.695,0.69,0.7,,,,
2026-01-06 07:19:49.383000+00:00,2026-01-06 07:19:49.581097+00:00,289.383,0.295,0.29,0.3,0.695,0.69,0.7,,,,
2026-01-06 07:19:50.433000+00:00,2026-01-06 07:19:50.603165+00:00,290.433,0.33,0.32,0.34,0.67,0.66,0.68,,,,
2026-01-06 07:19:51.421000+00:00,2026-01-06 07:19:51.611230+00:00,291.421,0.33,0.32,0.34,0.67,0.66,0.68,,,,
2026-01-06 07:19:52.304000+00:00,2026-01-06 07:19:52.614577+00:00,292.304,0.33,0.32,0.34,0.67,0.66,0.68,,,,
2026-01-06 07:19:53.394000+00:00,2026-01-06 07:19:53.613435+00:00,293.394,0.33,0.32,0.34,0.67,0.66,0.68,,,,
2026-01-06 07:19:54.447000+00:00,2026-01-06 07:19:54.612893+00:00,294.447,0.3349999999999999,0.32,0.35,0.665,0.65,0.68,,,,
2026-01-06 07:19:55.479000+00:00,2026-01-06 07:19:55.630300+00:00,295.479,0.3349999999999999,0.32,0.35,0.665,0.65,0.68,,,,
2026-01-06 07:19:56.436000+00:00,2026-01-06 07:19:56.641119+00:00,296.436,0.3349999999999999,0.32,0.35,0.665,0.65,0.68,,,,
2026-01-06 07:19:57.423000+00:00,2026-01-06 07:19:57.645931+00:00,297.423,0.33,0.32,0.34,0.67,0.66,0.68,,,,
2026-01-06 07:19:58.373000+00:00,2026-01-06 07:19:58.665329+00:00,298.373,0.33,0.32,0.34,0.67,0.66,0.68,,,,
2026-01-06 07:19:59.523000+00:00,2026-01-06 07:19:59.672472+00:00,299.523,0.33,0.32,0.34,0.67,0.66,0.68,,,,
2026-01-06 07:20:00.534000+00:00,2026-01-06 07:20:00.677954+00:00,300.534,0.345,0.34,0.35,0.655,0.65,0.66,,,,
2026-01-06 07:20:01.528000+00:00,2026-01-06 07:20:01.686453+00:00,301.528,0.37,0.36,0.38,0.635,0.63,0.64,,,,
2026-01-06 07:20:02.441000+00:00,2026-01-06 07:20:02.693010+00:00,302.441,0.355,0.35,0.36,0.645,0.64,0.65,,,,
2026-01-06 07:20:03.499000+00:00,2026-01-06 07:20:03.695363+00:00,303.499,0.33,0.32,0.34,0.67,0.66,0.68,,,,
2026-01-06 07:20:04.570000+00:00,2026-01-06 07:20:04.694716+00:00,304.57,0.3349999999999999,0.32,0.35,0.675,0.67,0.68,,,,
2026-01-06 07:20:05.519000+00:00,2026-01-06 07:20:05.694825+00:00,305.519,0.335,0.33,0.34,0.665,0.66,0.67,,,,
2026-01-06 07:20:06.558000+00:00,2026-01-06 07:20:06.706237+00:00,306.558,0.345,0.34,0.35,0.655,0.65,0.66,,,,
2026-01-06 07:20:07.562000+00:00,2026-01-06 07:20:07.711885+00:00,307.562,0.375,0.37,0.38,0.625,0.62,0.63,,,,
2026-01-06 07:20:08.567000+00:00,2026-01-06 07:20:08.728066+00:00,308.567,0.375,0.37,0.38,0.625,0.62,0.63,,,,
2026-01-06 07:20:09.591000+00:00,2026-01-06 07:20:09.746983+00:00,309.591,0.365,0.36,0.37,0.635,0.63,0.64,,,,
2026-01-06 07:20:10.595000+00:00,2026-01-06 07:20:10.748572+00:00,310.595,0.375,0.37,0.38,0.625,0.62,0.63,,,,
2026-01-06 07:20:11.613000+00:00,2026-01-06 07:20:11.763736+00:00,311.613,0.395,0.39,0.4,0.595,0.59,0.6,,,,
2026-01-06 07:20:12.620000+00:00,2026-01-06 07:20:12.763925+00:00,312.62,0.395,0.39,0.4,0.61,0.6,0.62,,,,
2026-01-06 07:20:13.612000+00:00,2026-01-06 07:20:13.768998+00:00,313.612,0.315,0.31,0.32,0.6799999999999999,0.67,0.69,,,,
2026-01-06 07:20:14.609000+00:00,2026-01-06 07:20:14.784840+00:00,314.609,0.335,0.33,0.34,0.665,0.66,0.67,,,,
2026-01-06 07:20:15.534000+00:00,2026-01-06 07:20:15.799850+00:00,315.534,0.335,0.33,0.34,0.665,0.66,0.67,,,,
2026-01-06 07:20:16.606000+00:00,2026-01-06 07:20:16.803347+00:00,316.606,0.3399999999999999,0.33,0.35,0.66,0.65,0.67,,,,
2026-01-06 07:20:17.633000+00:00,2026-01-06 07:20:17.817955+00:00,317.633,0.3399999999999999,0.33,0.35,0.66,0.65,0.67,,,,
2026-01-06 07:20:18.640000+00:00,2026-01-06 07:20:18.829543+00:00,318.64,0.3399999999999999,0.33,0.35,0.66,0.65,0.67,,,,
2026-01-06 07:20:19.679000+00:00,2026-01-06 07:20:19.828954+00:00,319.679,0.335,0.33,0.34,0.665,0.66,0.67,,,,
2026-01-06 07:20:20.680000+00:00,2026-01-06 07:20:20.829628+00:00,320.68,0.335,0.33,0.34,0.665,0.66,0.67,,,,
2026-01-06 07:20:21.684000+00:00,2026-01-06 07:20:21.830231+00:00,321.684,0.335,0.33,0.34,0.665,0.66,0.67,,,,
2026-01-06 07:20:22.679000+00:00,2026-01-06 07:20:22.839791+00:00,322.679,0.325,0.32,0.33,0.675,0.67,0.68,,,,
2026-01-06 07:20:23.691000+00:00,2026-01-06 07:20:23.850905+00:00,323.691,0.325,0.32,0.33,0.675,0.67,0.68,,,,
2026-01-06 07:20:24.461000+00:00,2026-01-06 07:20:24.865178+00:00,324.461,0.325,0.32,0.33,0.67,0.66,0.68,,,,
2026-01-06 07:20:25.464000+00:00,2026-01-06 07:20:25.863131+00:00,325.464,0.325,0.32,0.33,0.675,0.67,0.68,,,,
2026-01-06 07:20:26.722000+00:00,2026-01-06 07:20:26.879178+00:00,326.722,0.305,0.3,0.31,0.695,0.69,0.7,,,,
2026-01-06 07:20:27.609000+00:00,2026-01-06 07:20:27.870615+00:00,327.609,0.305,0.3,0.31,0.695,0.69,0.7,,,,
2026-01-06 07:20:28.727000+00:00,2026-01-06 07:20:28.878219+00:00,328.727,0.295,0.29,0.3,0.705,0.7,0.71,,,,
2026-01-06 07:20:29.694000+00:00,2026-01-06 07:20:29.885382+00:00,329.694,0.29,0.28,0.3,0.71,0.7,0.72,,,,
2026-01-06 07:20:30.714000+00:00,2026-01-06 07:20:30.886837+00:00,330.714,0.29,0.28,0.3,0.71,0.7,0.72,,,,
2026-01-06 07:20:31.682000+00:00,2026-01-06 07:20:31.889914+00:00,331.682,0.285,0.28,0.29,0.715,0.71,0.72,,,,
2026-01-06 07:20:32.748000+00:00,2026-01-06 07:20:32.895771+00:00,332.748,0.285,0.28,0.29,0.715,0.71,0.72,,,,
2026-01-06 07:20:33.779000+00:00,2026-01-06 07:20:33.915503+00:00,333.779,0.275,0.27,0.28,0.725,0.72,0.73,,,,
2026-01-06 07:20:34.740000+00:00,2026-01-06 07:20:34.919664+00:00,334.74,0.26,0.25,0.27,0.74,0.73,0.75,,,,
2026-01-06 07:20:35.736000+00:00,2026-01-06 07:20:35.912523+00:00,335.736,0.26,0.25,0.27,0.74,0.73,0.75,,,,
2026-01-06 07:20:36.769000+00:00,2026-01-06 07:20:36.911706+00:00,336.769,0.265,0.26,0.27,0.735,0.73,0.74,,,,
2026-01-06 07:20:37.723000+00:00,2026-01-06 07:20:37.911051+00:00,337.723,0.29,0.28,0.3,0.71,0.7,0.72,,,,
2026-01-06 07:20:38.762000+00:00,2026-01-06 07:20:38.912535+00:00,338.762,0.285,0.28,0.29,0.72,0.71,0.73,,,,
2026-01-06 07:20:39.771000+00:00,2026-01-06 07:20:39.917631+00:00,339.771,0.29,0.28,0.3,0.71,0.7,0.72,,,,
2026-01-06 07:20:40.755000+00:00,2026-01-06 07:20:40.912262+00:00,340.755,0.295,0.29,0.3,0.71,0.7,0.72,,,,
2026-01-06 07:20:41.779000+00:00,2026-01-06 07:20:41.929212+00:00,341.779,0.29,0.28,0.3,0.715,0.71,0.72,,,,
2026-01-06 07:20:42.793000+00:00,2026-01-06 07:20:42.942087+00:00,342.793,0.26,0.24,0.28,0.74,0.72,0.76,,,,
2026-01-06 07:20:43.771000+00:00,2026-01-06 07:20:43.939677+00:00,343.771,0.255,0.25,0.26,0.745,0.74,0.75,,,,
2026-01-06 07:20:44.777000+00:00,2026-01-06 07:20:44.932231+00:00,344.777,0.25,0.24,0.26,0.75,0.74,0.76,,,,
2026-01-06 07:20:45.792000+00:00,2026-01-06 07:20:45.944708+00:00,345.792,0.245,0.24,0.25,0.755,0.75,0.76,,,,
2026-01-06 07:20:46.806000+00:00,2026-01-06 07:20:46.954221+00:00,346.806,0.245,0.23,0.26,0.76,0.75,0.77,,,,
2026-01-06 07:20:47.808000+00:00,2026-01-06 07:20:47.961694+00:00,347.808,0.24,0.23,0.25,0.74,0.73,0.75,,,,
2026-01-06 07:20:48.741000+00:00,2026-01-06 07:20:48.962364+00:00,348.741,0.275,0.27,0.28,0.71,0.7,0.72,,,,
2026-01-06 07:20:49.765000+00:00,2026-01-06 07:20:49.960537+00:00,349.765,0.285,0.28,0.29,0.71,0.7,0.72,,,,
2026-01-06 07:20:50.814000+00:00,2026-01-06 07:20:50.966142+00:00,350.814,0.305,0.3,0.31,0.7,0.69,0.71,,,,
2026-01-06 07:20:51.808000+00:00,2026-01-06 07:20:51.976386+00:00,351.808,0.31,0.3,0.32,0.69,0.68,0.7,,,,
2026-01-06 07:20:52.781000+00:00,2026-01-06 07:20:52.977360+00:00,352.781,0.32,0.31,0.33,0.675,0.67,0.68,,,,
2026-01-06 07:20:53.811000+00:00,2026-01-06 07:20:53.968536+00:00,353.811,0.335,0.33,0.34,0.665,0.66,0.67,,,,
2026-01-06 07:20:54.826000+00:00,2026-01-06 07:20:54.983589+00:00,354.826,0.3399999999999999,0.33,0.35,0.665,0.66,0.67,,,,
2026-01-06 07:20:55.819000+00:00,2026-01-06 07:20:55.986130+00:00,355.819,0.335,0.33,0.34,0.675,0.67,0.68,,,,
2026-01-06 07:20:56.845000+00:00,2026-01-06 07:20:56.997323+00:00,356.845,0.325,0.32,0.33,0.675,0.67,0.68,,,,
2026-01-06 07:20:57.835000+00:00,2026-01-06 07:20:58.014376+00:00,357.835,0.325,0.32,0.33,0.675,0.67,0.68,,,,
2026-01-06 07:20:58.863000+00:00,2026-01-06 07:20:59.027925+00:00,358.863,0.325,0.32,0.33,0.675,0.67,0.68,,,,
2026-01-06 07:20:59.817000+00:00,2026-01-06 07:21:00.044409+00:00,359.817,0.325,0.32,0.33,0.675,0.67,0.68,,,,
2026-01-06 07:21:00.588000+00:00,2026-01-06 07:21:01.059604+00:00,360.588,0.32,0.31,0.33,0.6799999999999999,0.67,0.69,,,,
2026-01-06 07:21:01.914000+00:00,2026-01-06 07:21:02.061169+00:00,361.914,0.32,0.31,0.33,0.6799999999999999,0.67,0.69,,,,
2026-01-06 07:21:02.816000+00:00,2026-01-06 07:21:03.068482+00:00,362.816,0.315,0.31,0.32,0.685,0.68,0.69,,,,
2026-01-06 07:21:03.728000+00:00,2026-01-06 07:21:04.076734+00:00,363.728,0.32,0.31,0.33,0.675,0.67,0.68,,,,
2026-01-06 07:21:04.706000+00:00,2026-01-06 07:21:05.082733+00:00,364.706,0.32,0.31,0.33,0.6799999999999999,0.67,0.69,,,,
2026-01-06 07:21:05.934000+00:00,2026-01-06 07:21:06.081791+00:00,365.934,0.325,0.32,0.33,0.675,0.67,0.68,,,,
2026-01-06 07:21:06.531000+00:00,2026-01-06 07:21:07.101403+00:00,366.531,0.32,0.31,0.33,0.6799999999999999,0.67,0.69,,,,
2026-01-06 07:21:07.372000+00:00,2026-01-06 07:21:08.109054+00:00,367.372,0.32,0.31,0.33,0.6799999999999999,0.67,0.69,,,,
2026-01-06 07:21:08.963000+00:00,2026-01-06 07:21:09.110142+00:00,368.963,0.32,0.31,0.33,0.6799999999999999,0.67,0.69,,,,
2026-01-06 07:21:09.724000+00:00,2026-01-06 07:21:10.125087+00:00,369.724,0.32,0.31,0.33,0.6799999999999999,0.67,0.69,,,,
2026-01-06 07:21:10.850000+00:00,2026-01-06 07:21:11.134235+00:00,370.85,0.32,0.31,0.33,0.6799999999999999,0.67,0.69,,,,
2026-01-06 07:21:11.864000+00:00,2026-01-06 07:21:12.144699+00:00,371.864,0.32,0.31,0.33,0.6799999999999999,0.67,0.69,,,,
2026-01-06 07:21:12.998000+00:00,2026-01-06 07:21:13.166175+00:00,372.998,0.325,0.32,0.33,0.675,0.67,0.68,,,,
2026-01-06 07:21:13.916000+00:00,2026-01-06 07:21:14.175637+00:00,373.916,0.32,0.31,0.33,0.6799999999999999,0.67,0.69,,,,
2026-01-06 07:21:15.928000+00:00,2026-01-06 07:21:16.206410+00:00,375.928,0.32,0.31,0.33,0.6799999999999999,0.67,0.69,,,,
2026-01-06 07:21:16.954000+00:00,2026-01-06 07:21:17.204708+00:00,376.954,0.32,0.31,0.33,0.6799999999999999,0.67,0.69,,,,
2026-01-06 07:21:17.867000+00:00,2026-01-06 07:21:18.210344+00:00,377.867,0.315,0.31,0.32,0.685,0.68,0.69,,,,
2026-01-06 07:21:18.866000+00:00,2026-01-06 07:21:19.224512+00:00,378.866,0.315,0.31,0.32,0.6799999999999999,0.67,0.69,,,,
2026-01-06 07:21:19.756000+00:00,2026-01-06 07:21:20.242755+00:00,379.756,0.32,0.31,0.33,0.6799999999999999,0.67,0.69,,,,
2026-01-06 07:21:20.973000+00:00,2026-01-06 07:21:21.248349+00:00,380.973,0.32,0.31,0.33,0.6799999999999999,0.67,0.69,,,,
2026-01-06 07:21:21.837000+00:00,2026-01-06 07:21:22.250964+00:00,381.837,0.315,0.31,0.32,0.685,0.68,0.69,,,,
2026-01-06 07:21:23.121000+00:00,2026-01-06 07:21:23.259943+00:00,383.121,0.315,0.31,0.32,0.685,0.68,0.69,,,,
2026-01-06 07:21:24+00:00,2026-01-06 07:21:24.278150+00:00,384.0,0.315,0.31,0.32,0.685,0.68,0.69,,,,
2026-01-06 07:21:25.070000+00:00,2026-01-06 07:21:25.277854+00:00,385.07,0.315,0.31,0.32,0.6799999999999999,0.67,0.69,,,,
2026-01-06 07:21:26.131000+00:00,2026-01-06 07:21:26.292461+00:00,386.131,0.32,0.31,0.33,0.675,0.67,0.68,,,,
2026-01-06 07:21:27.148000+00:00,2026-01-06 07:21:27.299628+00:00,387.148,0.3399999999999999,0.33,0.35,0.65,0.64,0.66,,,,
2026-01-06 07:21:28.160000+00:00,2026-01-06 07:21:28.308994+00:00,388.16,0.3399999999999999,0.33,0.35,0.66,0.65,0.67,,,,
2026-01-06 07:21:29.150000+00:00,2026-01-06 07:21:29.309441+00:00,389.15,0.3399999999999999,0.33,0.35,0.66,0.65,0.67,,,,
2026-01-06 07:21:30.162000+00:00,2026-01-06 07:21:30.319598+00:00,390.162,0.345,0.34,0.35,0.655,0.65,0.66,,,,
2026-01-06 07:21:31.172000+00:00,2026-01-06 07:21:31.324216+00:00,391.172,0.35,0.34,0.36,0.65,0.64,0.66,,,,
2026-01-06 07:21:32.923000+00:00,2026-01-06 07:21:33.327868+00:00,392.923,0.355,0.35,0.36,0.645,0.64,0.65,,,,
2026-01-06 07:21:34.144000+00:00,2026-01-06 07:21:34.328441+00:00,394.144,0.355,0.35,0.36,0.645,0.64,0.65,,,,
2026-01-06 07:21:35.998000+00:00,2026-01-06 07:21:36.336851+00:00,395.998,0.36,0.35,0.37,0.64,0.63,0.65,,,,
2026-01-06 07:21:37.108000+00:00,2026-01-06 07:21:37.350059+00:00,397.108,0.35,0.34,0.36,0.65,0.64,0.66,,,,
2026-01-06 07:21:38.076000+00:00,2026-01-06 07:21:38.351207+00:00,398.076,0.35,0.34,0.36,0.65,0.64,0.66,,,,
2026-01-06 07:21:39.207000+00:00,2026-01-06 07:21:39.368547+00:00,399.207,0.345,0.34,0.35,0.655,0.65,0.66,,,,
2026-01-06 07:21:40.206000+00:00,2026-01-06 07:21:40.375404+00:00,400.206,0.345,0.34,0.35,0.655,0.65,0.66,,,,
2026-01-06 07:21:41.130000+00:00,2026-01-06 07:21:41.381747+00:00,401.13,0.355,0.35,0.36,0.64,0.63,0.65,,,,
2026-01-06 07:21:42.216000+00:00,2026-01-06 07:21:42.387020+00:00,402.216,0.355,0.35,0.36,0.645,0.64,0.65,,,,
2026-01-06 07:21:43.267000+00:00,2026-01-06 07:21:43.399681+00:00,403.267,0.36,0.35,0.37,0.64,0.63,0.65,,,,
2026-01-06 07:21:44.237000+00:00,2026-01-06 07:21:44.400089+00:00,404.237,0.36,0.35,0.37,0.64,0.63,0.65,,,,
2026-01-06 07:21:45.195000+00:00,2026-01-06 07:21:45.405585+00:00,405.195,0.345,0.34,0.35,0.655,0.65,0.66,,,,
2026-01-06 07:21:46.261000+00:00,2026-01-06 07:21:46.412970+00:00,406.261,0.345,0.34,0.35,0.655,0.65,0.66,,,,
2026-01-06 07:21:47.252000+00:00,2026-01-06 07:21:47.429469+00:00,407.252,0.35,0.34,0.36,0.65,0.64,0.66,,,,
2026-01-06 07:21:48.290000+00:00,2026-01-06 07:21:48.442731+00:00,408.29,0.35,0.34,0.36,0.65,0.64,0.66,,,,
2026-01-06 07:21:49.242000+00:00,2026-01-06 07:21:49.452488+00:00,409.242,0.35,0.34,0.36,0.65,0.64,0.66,,,,
2026-01-06 07:21:50.227000+00:00,2026-01-06 07:21:50.464246+00:00,410.227,0.35,0.34,0.36,0.65,0.64,0.66,,,,
2026-01-06 07:21:51.334000+00:00,2026-01-06 07:21:51.480762+00:00,411.334,0.345,0.34,0.35,0.655,0.65,0.66,,,,
2026-01-06 07:21:52.331000+00:00,2026-01-06 07:21:52.478854+00:00,412.331,0.275,0.27,0.28,0.725,0.72,0.73,,,,
2026-01-06 07:21:53.248000+00:00,2026-01-06 07:21:53.495544+00:00,413.248,0.275,0.27,0.28,0.725,0.72,0.73,,,,
2026-01-06 07:21:54.316000+00:00,2026-01-06 07:21:54.507895+00:00,414.316,0.275,0.27,0.28,0.725,0.72,0.73,,,,
2026-01-06 07:21:55.318000+00:00,2026-01-06 07:21:55.500860+00:00,415.318,0.27,0.26,0.28,0.73,0.72,0.74,,,,
2026-01-06 07:21:56.224000+00:00,2026-01-06 07:21:56.506749+00:00,416.224,0.27,0.26,0.28,0.73,0.72,0.74,,,,
2026-01-06 07:21:57.332000+00:00,2026-01-06 07:21:57.513875+00:00,417.332,0.28,0.27,0.29,0.72,0.71,0.73,,,,
2026-01-06 07:21:58.353000+00:00,2026-01-06 07:21:58.515489+00:00,418.353,0.28,0.27,0.29,0.72,0.71,0.73,,,,
2026-01-06 07:21:59.362000+00:00,2026-01-06 07:21:59.525482+00:00,419.362,0.28,0.27,0.29,0.72,0.71,0.73,,,,
2026-01-06 07:22:00.381000+00:00,2026-01-06 07:22:00.536396+00:00,420.381,0.28,0.27,0.29,0.72,0.71,0.73,,,,
2026-01-06 07:22:01.393000+00:00,2026-01-06 07:22:01.541776+00:00,421.393,0.275,0.27,0.28,0.725,0.72,0.73,,,,
2026-01-06 07:22:02.379000+00:00,2026-01-06 07:22:02.542875+00:00,422.379,0.25,0.24,0.26,0.75,0.74,0.76,,,,
2026-01-06 07:22:03.352000+00:00,2026-01-06 07:22:03.541407+00:00,423.352,0.25,0.24,0.26,0.75,0.74,0.76,,,,
2026-01-06 07:22:04.234000+00:00,2026-01-06 07:22:04.555650+00:00,424.234,0.25,0.24,0.26,0.75,0.74,0.76,,,,
2026-01-06 07:22:05.370000+00:00,2026-01-06 07:22:05.555995+00:00,425.37,0.25,0.24,0.26,0.75,0.74,0.76,,,,
2026-01-06 07:22:06.371000+00:00,2026-01-06 07:22:06.563333+00:00,426.371,0.265,0.26,0.27,0.75,0.74,0.76,,,,
2026-01-06 07:22:07.244000+00:00,2026-01-06 07:22:07.556010+00:00,427.244,0.25,0.24,0.26,0.75,0.74,0.76,,,,
2026-01-06 07:22:08.414000+00:00,2026-01-06 07:22:08.563627+00:00,428.414,0.25,0.24,0.26,0.75,0.74,0.76,,,,
2026-01-06 07:22:09.414000+00:00,2026-01-06 07:22:09.575958+00:00,429.414,0.245,0.24,0.25,0.755,0.75,0.76,,,,
2026-01-06 07:22:10.411000+00:00,2026-01-06 07:22:10.574898+00:00,430.411,0.245,0.24,0.25,0.755,0.75,0.76,,,,
2026-01-06 07:22:11.377000+00:00,2026-01-06 07:22:11.591652+00:00,431.377,0.245,0.24,0.25,0.755,0.75,0.76,,,,
2026-01-06 07:22:12.443000+00:00,2026-01-06 07:22:12.607197+00:00,432.443,0.25,0.24,0.26,0.75,0.74,0.76,,,,
2026-01-06 07:22:13.264000+00:00,2026-01-06 07:22:13.607345+00:00,433.264,0.25,0.24,0.26,0.75,0.74,0.76,,,,
2026-01-06 07:22:14.409000+00:00,2026-01-06 07:22:14.607097+00:00,434.409,0.25,0.24,0.26,0.75,0.74,0.76,,,,
2026-01-06 07:22:15.454000+00:00,2026-01-06 07:22:15.615675+00:00,435.454,0.25,0.24,0.26,0.75,0.74,0.76,,,,
2026-01-06 07:22:16.438000+00:00,2026-01-06 07:22:16.624174+00:00,436.438,0.25,0.24,0.26,0.75,0.74,0.76,,,,
2026-01-06 07:22:17.415000+00:00,2026-01-06 07:22:17.622273+00:00,437.415,0.25,0.24,0.26,0.75,0.74,0.76,,,,
2026-01-06 07:22:18.470000+00:00,2026-01-06 07:22:18.623095+00:00,438.47,0.26,0.25,0.27,0.74,0.73,0.75,,,,
2026-01-06 07:22:19.447000+00:00,2026-01-06 07:22:19.623947+00:00,439.447,0.26,0.25,0.27,0.74,0.73,0.75,,,,
2026-01-06 07:22:20.418000+00:00,2026-01-06 07:22:20.623244+00:00,440.418,0.26,0.25,0.27,0.735,0.73,0.74,,,,
2026-01-06 07:22:21.414000+00:00,2026-01-06 07:22:21.622859+00:00,441.414,0.28,0.27,0.29,0.72,0.71,0.73,,,,
2026-01-06 07:22:22.417000+00:00,2026-01-06 07:22:22.639378+00:00,442.417,0.28,0.27,0.29,0.74,0.72,0.76,,,,
2026-01-06 07:22:23.512000+00:00,2026-01-06 07:22:23.655509+00:00,443.512,0.215,0.21,0.22,0.785,0.78,0.79,,,,
2026-01-06 07:22:24.478000+00:00,2026-01-06 07:22:24.655485+00:00,444.478,0.195,0.19,0.2,0.805,0.8,0.81,,,,
2026-01-06 07:22:25.463000+00:00,2026-01-06 07:22:25.660271+00:00,445.463,0.195,0.19,0.2,0.805,0.8,0.81,,,,
2026-01-06 07:22:26.525000+00:00,2026-01-06 07:22:26.675025+00:00,446.525,0.19,0.18,0.2,0.8,0.79,0.81,,,,
2026-01-06 07:22:27.475000+00:00,2026-01-06 07:22:27.688145+00:00,447.475,0.195,0.19,0.2,0.805,0.8,0.81,,,,
2026-01-06 07:22:28.404000+00:00,2026-01-06 07:22:28.690232+00:00,448.404,0.195,0.19,0.2,0.805,0.8,0.81,,,,
2026-01-06 07:22:29.540000+00:00,2026-01-06 07:22:29.705704+00:00,449.54,0.195,0.19,0.2,0.805,0.8,0.81,,,,
2026-01-06 07:22:30.559000+00:00,2026-01-06 07:22:30.704911+00:00,450.559,0.195,0.19,0.2,0.8,0.79,0.81,,,,
2026-01-06 07:22:31.512000+00:00,2026-01-06 07:22:31.722075+00:00,451.512,0.22,0.21,0.23,0.78,0.77,0.79,,,,
2026-01-06 07:22:32.434000+00:00,2026-01-06 07:22:32.741580+00:00,452.434,0.22,0.21,0.23,0.78,0.77,0.79,,,,
2026-01-06 07:22:33.594000+00:00,2026-01-06 07:22:33.753832+00:00,453.594,0.19,0.18,0.2,0.81,0.8,0.82,,,,
2026-01-06 07:22:34.589000+00:00,2026-01-06 07:22:34.760175+00:00,454.589,0.19,0.18,0.2,0.81,0.8,0.82,,,,
2026-01-06 07:22:35.571000+00:00,2026-01-06 07:22:35.759120+00:00,455.571,0.19,0.18,0.2,0.81,0.8,0.82,,,,
2026-01-06 07:22:36.612000+00:00,2026-01-06 07:22:36.758170+00:00,456.612,0.185,0.18,0.19,0.815,0.81,0.82,,,,
2026-01-06 07:22:37.586000+00:00,2026-01-06 07:22:37.755202+00:00,457.586,0.19,0.18,0.2,0.81,0.8,0.82,,,,
2026-01-06 07:22:38.547000+00:00,2026-01-06 07:22:38.756298+00:00,458.547,0.19,0.18,0.2,0.81,0.8,0.82,,,,
2026-01-06 07:22:39.624000+00:00,2026-01-06 07:22:39.773501+00:00,459.624,0.195,0.19,0.2,0.805,0.8,0.81,,,,
2026-01-06 07:22:40.636000+00:00,2026-01-06 07:22:40.776336+00:00,460.636,0.195,0.19,0.2,0.805,0.8,0.81,,,,
2026-01-06 07:22:41.553000+00:00,2026-01-06 07:22:41.791328+00:00,461.553,0.195,0.19,0.2,0.805,0.8,0.81,,,,
2026-01-06 07:22:42.598000+00:00,2026-01-06 07:22:42.791402+00:00,462.598,0.195,0.19,0.2,0.805,0.8,0.81,,,,
2026-01-06 07:22:43.481000+00:00,2026-01-06 07:22:43.806751+00:00,463.481,0.2,0.19,0.21,0.8,0.79,0.81,,,,
2026-01-06 07:22:44.240000+00:00,2026-01-06 07:22:44.808252+00:00,464.24,0.2,0.19,0.21,0.8,0.79,0.81,,,,
2026-01-06 07:22:45.321000+00:00,2026-01-06 07:22:45.807542+00:00,465.321,0.185,0.17,0.2,0.8200000000000001,0.81,0.83,,,,
2026-01-06 07:22:46.644000+00:00,2026-01-06 07:22:46.806307+00:00,466.644,0.145,0.13,0.16,0.865,0.86,0.87,,,,
2026-01-06 07:22:47.636000+00:00,2026-01-06 07:22:47.805724+00:00,467.636,0.13,0.12,0.14,0.87,0.86,0.88,,,,
2026-01-06 07:22:48.658000+00:00,2026-01-06 07:22:48.807526+00:00,468.658,0.11,0.1,0.12,0.89,0.88,0.9,,,,
2026-01-06 07:22:49.658000+00:00,2026-01-06 07:22:49.807512+00:00,469.658,0.105,0.1,0.11,0.895,0.89,0.9,,,,
2026-01-06 07:22:50.756000+00:00,2026-01-06 07:22:50.822946+00:00,470.756,0.1149999999999999,0.11,0.12,0.885,0.88,0.89,,,,
2026-01-06 07:22:51.695000+00:00,2026-01-06 07:22:51.839640+00:00,471.695,0.105,0.1,0.11,0.88,0.86,0.9,,,,
2026-01-06 07:22:52.656000+00:00,2026-01-06 07:22:52.839659+00:00,472.656,0.12,0.11,0.13,0.88,0.87,0.89,,,,
2026-01-06 07:22:53.424000+00:00,2026-01-06 07:22:53.838276+00:00,473.424,0.12,0.11,0.13,0.88,0.87,0.89,,,,
2026-01-06 07:22:54.657000+00:00,2026-01-06 07:22:54.838926+00:00,474.657,0.12,0.11,0.13,0.88,0.87,0.89,,,,
2026-01-06 07:22:55.831000+00:00,2026-01-06 07:22:56.846397+00:00,475.831,0.12,0.11,0.13,0.88,0.87,0.89,,,,
2026-01-06 07:22:57.638000+00:00,2026-01-06 07:22:57.848127+00:00,477.638,0.12,0.11,0.13,0.88,0.87,0.89,,,,
2026-01-06 07:22:58.704000+00:00,2026-01-06 07:22:58.857154+00:00,478.704,0.11,0.1,0.12,0.89,0.88,0.9,,,,
2026-01-06 07:22:59.712000+00:00,2026-01-06 07:22:59.864590+00:00,479.712,0.105,0.1,0.11,0.895,0.89,0.9,,,,
2026-01-06 07:23:00.680000+00:00,2026-01-06 07:23:00.871707+00:00,480.68,0.105,0.1,0.11,0.895,0.89,0.9,,,,
2026-01-06 07:23:01.724000+00:00,2026-01-06 07:23:01.872578+00:00,481.724,0.095,0.09,0.1,0.905,0.9,0.91,,,,
2026-01-06 07:23:02.715000+00:00,2026-01-06 07:23:02.884912+00:00,482.715,0.095,0.09,0.1,0.905,0.9,0.91,,,,
2026-01-06 07:23:03.752000+00:00,2026-01-06 07:23:03.907075+00:00,483.752,0.0849999999999999,0.08,0.09,0.925,0.92,0.93,,,,
2026-01-06 07:23:04.756000+00:00,2026-01-06 07:23:04.906795+00:00,484.756,0.075,0.07,0.08,0.925,0.92,0.93,,,,
2026-01-06 07:23:05.748000+00:00,2026-01-06 07:23:05.915231+00:00,485.748,0.065,0.06,0.07,0.935,0.93,0.94,,,,
2026-01-06 07:23:06.786000+00:00,2026-01-06 07:23:06.929827+00:00,486.786,0.075,0.07,0.08,0.925,0.92,0.93,,,,
2026-01-06 07:23:07.785000+00:00,2026-01-06 07:23:07.936743+00:00,487.785,0.055,0.05,0.06,0.945,0.94,0.95,,,,
2026-01-06 07:23:08.750000+00:00,2026-01-06 07:23:08.950010+00:00,488.75,0.065,0.06,0.07,0.945,0.94,0.95,,,,
2026-01-06 07:23:09.807000+00:00,2026-01-06 07:23:09.959294+00:00,489.807,0.065,0.06,0.07,0.935,0.93,0.94,,,,
2026-01-06 07:23:10.837000+00:00,2026-01-06 07:23:10.979032+00:00,490.837,0.055,0.05,0.06,0.945,0.94,0.95,,,,
2026-01-06 07:23:11.835000+00:00,2026-01-06 07:23:11.979687+00:00,491.835,0.055,0.05,0.06,0.945,0.94,0.95,,,,
2026-01-06 07:23:12.839000+00:00,2026-01-06 07:23:12.989112+00:00,492.839,0.055,0.05,0.06,0.945,0.94,0.95,,,,
2026-01-06 07:23:13.849000+00:00,2026-01-06 07:23:13.990079+00:00,493.849,0.055,0.05,0.06,0.945,0.94,0.95,,,,
2026-01-06 07:23:14.859000+00:00,2026-01-06 07:23:14.995980+00:00,494.859,0.075,0.06,0.09,0.92,0.91,0.93,,,,
2026-01-06 07:23:15.699000+00:00,2026-01-06 07:23:16.008002+00:00,495.699,0.08,0.07,0.09,0.92,0.91,0.93,,,,
2026-01-06 07:23:16.867000+00:00,2026-01-06 07:23:17.016108+00:00,496.867,0.075,0.07,0.08,0.925,0.92,0.93,,,,
2026-01-06 07:23:17.878000+00:00,2026-01-06 07:23:18.024625+00:00,497.878,0.0849999999999999,0.08,0.09,0.915,0.91,0.92,,,,
2026-01-06 07:23:18.888000+00:00,2026-01-06 07:23:19.038263+00:00,498.888,0.075,0.07,0.08,0.925,0.92,0.93,,,,
2026-01-06 07:23:19.901000+00:00,2026-01-06 07:23:20.054820+00:00,499.901,0.075,0.07,0.08,0.925,0.92,0.93,,,,
2026-01-06 07:23:20.882000+00:00,2026-01-06 07:23:21.055832+00:00,500.882,0.06,0.05,0.07,0.935,0.93,0.94,,,,
2026-01-06 07:23:21.912000+00:00,2026-01-06 07:23:22.072400+00:00,501.912,0.055,0.05,0.06,0.945,0.94,0.95,,,,
2026-01-06 07:23:22.920000+00:00,2026-01-06 07:23:23.074025+00:00,502.92,0.055,0.05,0.06,0.945,0.94,0.95,,,,
2026-01-06 07:23:23.926000+00:00,2026-01-06 07:23:24.080634+00:00,503.926,0.055,0.05,0.06,0.945,0.94,0.95,,,,
2026-01-06 07:23:24.861000+00:00,2026-01-06 07:23:25.073988+00:00,504.861,0.055,0.05,0.06,0.945,0.94,0.95,,,,
2026-01-06 07:23:25.906000+00:00,2026-01-06 07:23:26.073444+00:00,505.906,0.05,0.04,0.06,0.955,0.95,0.96,,,,
2026-01-06 07:23:26.860000+00:00,2026-01-06 07:23:27.072428+00:00,506.86,0.045,0.04,0.05,0.955,0.95,0.96,,,,
2026-01-06 07:23:27.912000+00:00,2026-01-06 07:23:28.070801+00:00,507.912,0.045,0.04,0.05,0.955,0.95,0.96,,,,
2026-01-06 07:23:28.875000+00:00,2026-01-06 07:23:29.073338+00:00,508.875,0.055,0.05,0.06,0.945,0.94,0.95,,,,
2026-01-06 07:23:29.888000+00:00,2026-01-06 07:23:30.071132+00:00,509.888,0.05,0.04,0.06,0.95,0.94,0.96,,,,
2026-01-06 07:23:30.895000+00:00,2026-01-06 07:23:31.065561+00:00,510.895,0.035,0.02,0.05,0.965,0.95,0.98,,,,
2026-01-06 07:23:31.932000+00:00,2026-01-06 07:23:32.086929+00:00,511.932,0.04,0.03,0.05,0.96,0.95,0.97,,,,
2026-01-06 07:23:32.919000+00:00,2026-01-06 07:23:33.089301+00:00,512.919,0.05,0.04,0.06,0.95,0.94,0.96,,,,
2026-01-06 07:23:33.955000+00:00,2026-01-06 07:23:34.103849+00:00,513.955,0.05,0.04,0.06,0.955,0.95,0.96,,,,
2026-01-06 07:23:34.832000+00:00,2026-01-06 07:23:35.122760+00:00,514.832,0.065,0.06,0.07,0.935,0.93,0.94,,,,
2026-01-06 07:23:35.857000+00:00,2026-01-06 07:23:36.122480+00:00,515.857,0.05,0.04,0.06,0.95,0.94,0.96,,,,
2026-01-06 07:23:36.975000+00:00,2026-01-06 07:23:37.121956+00:00,516.975,0.045,0.04,0.05,0.955,0.95,0.96,,,,
2026-01-06 07:23:37.964000+00:00,2026-01-06 07:23:38.120538+00:00,517.964,0.05,0.04,0.06,0.95,0.94,0.96,,,,
2026-01-06 07:23:38.961000+00:00,2026-01-06 07:23:39.124939+00:00,518.961,0.045,0.04,0.05,0.955,0.95,0.96,,,,
2026-01-06 07:23:39.844000+00:00,2026-01-06 07:23:40.140739+00:00,519.844,0.045,0.04,0.05,0.955,0.95,0.96,,,,
2026-01-06 07:23:40.961000+00:00,2026-01-06 07:23:41.140412+00:00,520.961,0.045,0.04,0.05,0.955,0.95,0.96,,,,
2026-01-06 07:23:41.862000+00:00,2026-01-06 07:23:42.143098+00:00,521.862,0.045,0.04,0.05,0.955,0.95,0.96,,,,
2026-01-06 07:23:42.992000+00:00,2026-01-06 07:23:43.153302+00:00,522.992,0.045,0.04,0.05,0.955,0.95,0.96,,,,
2026-01-06 07:23:44.001000+00:00,2026-01-06 07:23:44.154951+00:00,524.001,0.03,0.02,0.04,0.975,0.97,0.98,,,,
2026-01-06 07:23:45.021000+00:00,2026-01-06 07:23:45.175711+00:00,525.021,0.025,0.02,0.03,0.975,0.97,0.98,,,,
2026-01-06 07:23:46.012000+00:00,2026-01-06 07:23:46.173611+00:00,526.012,0.02,0.01,0.03,0.975,0.96,0.99,,,,
2026-01-06 07:23:47.015000+00:00,2026-01-06 07:23:47.191482+00:00,527.015,0.025,0.02,0.03,0.975,0.97,0.98,,,,
2026-01-06 07:23:48.034000+00:00,2026-01-06 07:23:48.205596+00:00,528.034,0.03,0.02,0.04,0.97,0.96,0.98,,,,
2026-01-06 07:23:49.851000+00:00,2026-01-06 07:23:50.217631+00:00,529.851,0.03,0.02,0.04,0.97,0.96,0.98,,,,
2026-01-06 07:23:51.802000+00:00,2026-01-06 07:23:52.237343+00:00,531.802,0.025,0.01,0.04,0.975,0.96,0.99,,,,
2026-01-06 07:23:52.950000+00:00,2026-01-06 07:23:53.246702+00:00,532.95,0.015,0.01,0.02,0.985,0.98,0.99,,,,
2026-01-06 07:23:54.079000+00:00,2026-01-06 07:23:54.252102+00:00,534.079,0.015,0.01,0.02,0.985,0.98,0.99,,,,
2026-01-06 07:23:55.713000+00:00,2026-01-06 07:23:56.253392+00:00,535.713,0.025,0.02,0.03,0.975,0.97,0.98,,,,
2026-01-06 07:23:57.036000+00:00,2026-01-06 07:23:57.252624+00:00,537.036,0.025,0.02,0.03,0.965,0.95,0.98,,,,
2026-01-06 07:23:58.104000+00:00,2026-01-06 07:23:58.265945+00:00,538.104,0.045,0.04,0.05,0.955,0.95,0.96,,,,
2026-01-06 07:23:59.101000+00:00,2026-01-06 07:23:59.281757+00:00,539.101,0.045,0.04,0.05,0.955,0.95,0.96,,,,
2026-01-06 07:24:00.140000+00:00,2026-01-06 07:24:00.292736+00:00,540.14,0.035,0.03,0.04,0.965,0.96,0.97,,,,
2026-01-06 07:24:01.239000+00:00,2026-01-06 07:24:01.303880+00:00,541.239,0.04,0.03,0.05,0.96,0.95,0.97,,,,
2026-01-06 07:24:02.164000+00:00,2026-01-06 07:24:02.317650+00:00,542.164,0.035,0.03,0.04,0.965,0.96,0.97,,,,
2026-01-06 07:24:03.185000+00:00,2026-01-06 07:24:03.315033+00:00,543.185,0.04,0.03,0.05,0.965,0.96,0.97,,,,
2026-01-06 07:24:04.168000+00:00,2026-01-06 07:24:04.317176+00:00,544.168,0.035,0.03,0.04,0.965,0.96,0.97,,,,
2026-01-06 07:24:05.147000+00:00,2026-01-06 07:24:05.320993+00:00,545.147,0.045,0.04,0.05,0.955,0.95,0.96,,,,
2026-01-06 07:24:06.116000+00:00,2026-01-06 07:24:06.339094+00:00,546.116,0.045,0.04,0.05,0.955,0.95,0.96,,,,
2026-01-06 07:24:07.126000+00:00,2026-01-06 07:24:07.354104+00:00,547.126,0.045,0.04,0.05,0.955,0.95,0.96,,,,
2026-01-06 07:24:08.082000+00:00,2026-01-06 07:24:08.353854+00:00,548.082,0.045,0.04,0.05,0.955,0.95,0.96,,,,
2026-01-06 07:24:09.184000+00:00,2026-01-06 07:24:09.353034+00:00,549.184,0.045,0.04,0.05,0.955,0.95,0.96,,,,
2026-01-06 07:24:10.883000+00:00,2026-01-06 07:24:11.353451+00:00,550.883,0.045,0.04,0.05,0.955,0.95,0.96,,,,
2026-01-06 07:24:12.161000+00:00,2026-01-06 07:24:12.369675+00:00,552.161,0.045,0.04,0.05,0.955,0.95,0.96,,,,
2026-01-06 07:24:13.196000+00:00,2026-01-06 07:24:13.387324+00:00,553.196,0.045,0.04,0.05,0.955,0.95,0.96,,,,
2026-01-06 07:24:14.077000+00:00,2026-01-06 07:24:14.403566+00:00,554.077,0.045,0.04,0.05,0.955,0.95,0.96,,,,
2026-01-06 07:24:15.199000+00:00,2026-01-06 07:24:15.408143+00:00,555.199,0.045,0.04,0.05,0.96,0.95,0.97,,,,
2026-01-06 07:24:16.278000+00:00,2026-01-06 07:24:16.425313+00:00,556.278,0.035,0.03,0.04,0.965,0.96,0.97,,,,
2026-01-06 07:24:17.303000+00:00,2026-01-06 07:24:17.445285+00:00,557.303,0.025,0.02,0.03,0.975,0.97,0.98,,,,
2026-01-06 07:24:18.261000+00:00,2026-01-06 07:24:18.444167+00:00,558.261,0.025,0.02,0.03,0.975,0.97,0.98,,,,
2026-01-06 07:24:19.241000+00:00,2026-01-06 07:24:19.453648+00:00,559.241,0.025,0.02,0.03,0.975,0.97,0.98,,,,
2026-01-06 07:24:20.276000+00:00,2026-01-06 07:24:20.452293+00:00,560.276,0.025,0.02,0.03,0.975,0.97,0.98,,,,
2026-01-06 07:24:21.118000+00:00,2026-01-06 07:24:21.453099+00:00,561.118,0.025,0.02,0.03,0.975,0.97,0.98,,,,
2026-01-06 07:24:22.201000+00:00,2026-01-06 07:24:22.453162+00:00,562.201,0.015,0.01,0.02,0.985,0.98,0.99,,,,
2026-01-06 07:24:23.275000+00:00,2026-01-06 07:24:23.445023+00:00,563.275,0.025,0.02,0.03,0.975,0.97,0.98,,,,
2026-01-06 07:24:24.238000+00:00,2026-01-06 07:24:24.460279+00:00,564.238,0.025,0.02,0.03,0.975,0.97,0.98,,,,
2026-01-06 07:24:25.190000+00:00,2026-01-06 07:24:25.456006+00:00,565.19,0.025,0.02,0.03,0.975,0.97,0.98,,,,
2026-01-06 07:24:26.915000+00:00,2026-01-06 07:24:27.471570+00:00,566.915,0.025,0.02,0.03,0.975,0.97,0.98,,,,
2026-01-06 07:24:28.199000+00:00,2026-01-06 07:24:28.476887+00:00,568.199,0.02,0.01,0.03,0.975,0.96,0.99,,,,
2026-01-06 07:24:29.326000+00:00,2026-01-06 07:24:29.484826+00:00,569.326,0.03,0.02,0.04,0.97,0.96,0.98,,,,
2026-01-06 07:24:30.309000+00:00,2026-01-06 07:24:30.490454+00:00,570.309,0.02,0.01,0.03,0.98,0.97,0.99,,,,
2026-01-06 07:24:31.176000+00:00,2026-01-06 07:24:31.504477+00:00,571.176,0.025,0.02,0.03,0.975,0.97,0.98,,,,
2026-01-06 07:24:32.271000+00:00,2026-01-06 07:24:32.516347+00:00,572.271,0.035,0.03,0.04,0.965,0.96,0.97,,,,
2026-01-06 07:24:33.363000+00:00,2026-01-06 07:24:33.518766+00:00,573.363,0.03,0.02,0.04,0.97,0.96,0.98,,,,
2026-01-06 07:24:34.342000+00:00,2026-01-06 07:24:34.524018+00:00,574.342,0.03,0.02,0.04,0.97,0.96,0.98,,,,
2026-01-06 07:24:35.366000+00:00,2026-01-06 07:24:35.535701+00:00,575.366,0.025,0.02,0.03,0.975,0.97,0.98,,,,
2026-01-06 07:24:36.336000+00:00,2026-01-06 07:24:36.531239+00:00,576.336,0.025,0.02,0.03,0.975,0.97,0.98,,,,
2026-01-06 07:24:37.380000+00:00,2026-01-06 07:24:37.541546+00:00,577.38,0.03,0.02,0.04,0.97,0.96,0.98,,,,
2026-01-06 07:24:38.353000+00:00,2026-01-06 07:24:38.543816+00:00,578.353,0.035,0.03,0.04,0.965,0.96,0.97,,,,
2026-01-06 07:24:39.367000+00:00,2026-01-06 07:24:39.557041+00:00,579.367,0.035,0.03,0.04,0.985,0.98,0.99,,,,
2026-01-06 07:24:40.404000+00:00,2026-01-06 07:24:40.569190+00:00,580.404,0.025,0.02,0.03,0.975,0.97,0.98,,,,
2026-01-06 07:24:41.413000+00:00,2026-01-06 07:24:41.584078+00:00,581.413,0.025,0.02,0.03,0.97,0.96,0.98,,,,
2026-01-06 07:24:42.400000+00:00,2026-01-06 07:24:42.600664+00:00,582.4,0.035,0.03,0.04,0.97,0.96,0.98,,,,
2026-01-06 07:24:43.357000+00:00,2026-01-06 07:24:43.616819+00:00,583.357,0.035,0.03,0.04,0.97,0.96,0.98,,,,
2026-01-06 07:24:44.408000+00:00,2026-01-06 07:24:44.617609+00:00,584.408,0.035,0.03,0.04,0.97,0.96,0.98,,,,
2026-01-06 07:24:45.456000+00:00,2026-01-06 07:24:45.635200+00:00,585.456,0.035,0.03,0.04,0.97,0.96,0.98,,,,
2026-01-06 07:24:46.371000+00:00,2026-01-06 07:24:46.641200+00:00,586.371,0.035,0.03,0.04,0.97,0.96,0.98,,,,
2026-01-06 07:24:47.459000+00:00,2026-01-06 07:24:47.643255+00:00,587.459,0.035,0.03,0.04,0.965,0.96,0.97,,,,
2026-01-06 07:24:48.482000+00:00,2026-01-06 07:24:48.656481+00:00,588.482,0.035,0.03,0.04,0.965,0.96,0.97,,,,
2026-01-06 07:24:49.518000+00:00,2026-01-06 07:24:49.672559+00:00,589.518,0.035,0.03,0.04,0.965,0.96,0.97,,,,
2026-01-06 07:24:50.518000+00:00,2026-01-06 07:24:50.685282+00:00,590.518,0.035,0.03,0.04,0.965,0.96,0.97,,,,
2026-01-06 07:24:51.517000+00:00,2026-01-06 07:24:51.685259+00:00,591.517,0.04,0.03,0.05,0.96,0.95,0.97,,,,
2026-01-06 07:24:52.515000+00:00,2026-01-06 07:24:52.690377+00:00,592.515,0.045,0.04,0.05,0.955,0.95,0.96,,,,
2026-01-06 07:24:53.391000+00:00,2026-01-06 07:24:53.704767+00:00,593.391,0.03,0.02,0.04,0.97,0.96,0.98,,,,
2026-01-06 07:24:54.397000+00:00,2026-01-06 07:24:54.722188+00:00,594.397,0.035,0.02,0.05,0.965,0.95,0.98,,,,
2026-01-06 07:24:55.481000+00:00,2026-01-06 07:24:55.724735+00:00,595.481,0.035,0.02,0.05,0.965,0.95,0.98,,,,
2026-01-06 07:24:56.358000+00:00,2026-01-06 07:24:56.718634+00:00,596.358,0.035,0.02,0.05,0.965,0.95,0.98,,,,
2026-01-06 07:24:57.550000+00:00,2026-01-06 07:24:57.725479+00:00,597.55,0.025,0.02,0.03,0.98,0.97,0.99,,,,
2026-01-06 07:24:58.593000+00:00,2026-01-06 07:24:58.735339+00:00,598.593,0.02,0.01,0.03,0.98,0.97,0.99,,,,
2026-01-06 07:24:59.246000+00:00,2026-01-06 07:24:59.743057+00:00,599.246,0.03,0.02,0.04,0.97,0.96,0.98,,,,
2026-01-06 07:25:00.520000+00:00,2026-01-06 07:25:00.752115+00:00,600.52,0.045,0.04,0.05,0.965,0.95,0.98,,,,
2026-01-06 07:25:01.596000+00:00,2026-01-06 07:25:01.751619+00:00,601.596,0.025,0.02,0.03,0.975,0.97,0.98,,,,
2026-01-06 07:25:02.524000+00:00,2026-01-06 07:25:02.755571+00:00,602.524,0.02,0.01,0.03,0.98,0.97,0.99,,,,
2026-01-06 07:25:03.587000+00:00,2026-01-06 07:25:03.770408+00:00,603.587,0.015,0.01,0.02,0.985,0.98,0.99,,,,
2026-01-06 07:25:04.630000+00:00,2026-01-06 07:25:04.785356+00:00,604.63,0.025,0.02,0.03,0.98,0.97,0.99,,,,
2026-01-06 07:25:05.555000+00:00,2026-01-06 07:25:05.801114+00:00,605.555,0.015,0.01,0.02,0.985,0.98,0.99,,,,
2026-01-06 07:25:06.640000+00:00,2026-01-06 07:25:06.801398+00:00,606.64,0.02,0.01,0.03,0.98,0.97,0.99,,,,
2026-01-06 07:25:07.446000+00:00,2026-01-06 07:25:07.818373+00:00,607.446,0.02,0.01,0.03,0.98,0.97,0.99,,,,
2026-01-06 07:25:08.319000+00:00,2026-01-06 07:25:08.824561+00:00,608.319,0.025,0.02,0.03,0.98,0.97,0.99,,,,
2026-01-06 07:25:09.588000+00:00,2026-01-06 07:25:09.824947+00:00,609.588,0.025,0.01,0.04,0.975,0.96,0.99,,,,
2026-01-06 07:25:10.641000+00:00,2026-01-06 07:25:10.826358+00:00,610.641,0.02,0.01,0.03,0.98,0.97,0.99,,,,
2026-01-06 07:25:11.644000+00:00,2026-01-06 07:25:11.851634+00:00,611.644,0.02,0.01,0.03,0.98,0.97,0.99,,,,
2026-01-06 07:25:12.131000+00:00,2026-01-06 07:25:12.860891+00:00,612.131,0.02,0.01,0.03,0.98,0.97,0.99,,,,
2026-01-06 07:25:13.713000+00:00,2026-01-06 07:25:13.856923+00:00,613.713,0.02,0.01,0.03,0.985,0.98,0.99,,,,
2026-01-06 07:25:14.383000+00:00,2026-01-06 07:25:14.857439+00:00,614.383,0.015,0.01,0.02,0.985,0.98,0.99,,,,
2026-01-06 07:25:15.569000+00:00,2026-01-06 07:25:15.852645+00:00,615.569,0.015,0.01,0.02,0.985,0.98,0.99,,,,
2026-01-06 07:25:16.657000+00:00,2026-01-06 07:25:16.869132+00:00,616.657,0.015,0.01,0.02,0.985,0.98,0.99,,,,
2026-01-06 07:25:17.666000+00:00,2026-01-06 07:25:17.884726+00:00,617.666,0.015,0.01,0.02,0.985,0.98,0.99,,,,
2026-01-06 07:25:18.436000+00:00,2026-01-06 07:25:18.883594+00:00,618.436,0.015,0.01,0.02,0.985,0.98,0.99,,,,
2026-01-06 07:25:19.742000+00:00,2026-01-06 07:25:19.891468+00:00,619.742,0.015,0.01,0.02,0.985,0.98,0.99,,,,
2026-01-06 07:25:20.519000+00:00,2026-01-06 07:25:20.901337+00:00,620.519,0.015,0.01,0.02,0.985,0.98,0.99,,,,
2026-01-06 07:25:21.684000+00:00,2026-01-06 07:25:21.899326+00:00,621.684,0.015,0.01,0.02,0.985,0.98,0.99,,,,
2026-01-06 07:25:22.358000+00:00,2026-01-06 07:25:22.920279+00:00,622.358,0.015,0.01,0.02,0.985,0.98,0.99,,,,
2026-01-06 07:25:23.424000+00:00,2026-01-06 07:25:23.933892+00:00,623.424,0.015,0.01,0.02,0.985,0.98,0.99,,,,
2026-01-06 07:25:24.453000+00:00,2026-01-06 07:25:24.937652+00:00,624.453,0.015,0.01,0.02,0.985,0.98,0.99,,,,
2026-01-06 07:25:25.667000+00:00,2026-01-06 07:25:25.947763+00:00,625.667,0.025,0.02,0.03,0.975,0.97,0.98,,,,
2026-01-06 07:25:26.774000+00:00,2026-01-06 07:25:26.951603+00:00,626.774,0.02,0.01,0.03,0.98,0.97,0.99,,,,
2026-01-06 07:25:27.135000+00:00,2026-01-06 07:25:27.963193+00:00,627.135,0.015,0.01,0.02,0.985,0.98,0.99,,,,
2026-01-06 07:25:28.751000+00:00,2026-01-06 07:25:28.983724+00:00,628.751,0.015,0.01,0.02,0.985,0.98,0.99,,,,
2026-01-06 07:25:29.656000+00:00,2026-01-06 07:25:30.000920+00:00,629.656,0.015,0.01,0.02,0.985,0.98,0.99,,,,
2026-01-06 07:25:30.707000+00:00,2026-01-06 07:25:31.001011+00:00,630.707,0.02,0.01,0.03,0.98,0.97,0.99,,,,
2026-01-06 07:25:31.607000+00:00,2026-01-06 07:25:32.012390+00:00,631.607,0.02,0.01,0.03,0.98,0.97,0.99,,,,
2026-01-06 07:25:32.632000+00:00,2026-01-06 07:25:33.016928+00:00,632.632,0.02,0.01,0.03,0.98,0.97,0.99,,,,
2026-01-06 07:25:33.796000+00:00,2026-01-06 07:25:34.021752+00:00,633.796,0.02,0.01,0.03,0.98,0.97,0.99,,,,
2026-01-06 07:25:34.821000+00:00,2026-01-06 07:25:35.032852+00:00,634.821,0.02,0.01,0.03,0.98,0.97,0.99,,,,
2026-01-06 07:25:35.849000+00:00,2026-01-06 07:25:36.025620+00:00,635.849,0.02,0.01,0.03,0.98,0.97,0.99,,,,
2026-01-06 07:25:36.507000+00:00,2026-01-06 07:25:37.035876+00:00,636.507,0.02,0.01,0.03,0.98,0.97,0.99,,,,
2026-01-06 07:25:37.745000+00:00,2026-01-06 07:25:38.043980+00:00,637.745,0.02,0.01,0.03,0.98,0.97,0.99,,,,
2026-01-06 07:25:38.878000+00:00,2026-01-06 07:25:39.049855+00:00,638.878,0.02,0.01,0.03,0.98,0.97,0.99,,,,
2026-01-06 07:25:39.797000+00:00,2026-01-06 07:25:40.060431+00:00,639.797,0.02,0.01,0.03,0.98,0.97,0.99,,,,
2026-01-06 07:25:40.510000+00:00,2026-01-06 07:25:41.074091+00:00,640.51,0.02,0.01,0.03,0.98,0.97,0.99,,,,
2026-01-06 07:25:41.689000+00:00,2026-01-06 07:25:42.084123+00:00,641.689,0.02,0.01,0.03,0.98,0.97,0.99,,,,
2026-01-06 07:25:42.910000+00:00,2026-01-06 07:25:43.078671+00:00,642.91,0.025,0.02,0.03,0.975,0.97,0.98,,,,
2026-01-06 07:25:43.741000+00:00,2026-01-06 07:25:44.083866+00:00,643.741,0.02,0.01,0.03,0.985,0.98,0.99,,,,
2026-01-06 07:25:44.771000+00:00,2026-01-06 07:25:45.097873+00:00,644.771,0.015,0.01,0.02,0.985,0.98,0.99,,,,
2026-01-06 07:25:45.920000+00:00,2026-01-06 07:25:46.100432+00:00,645.92,0.015,0.01,0.02,0.985,0.98,0.99,,,,
2026-01-06 07:25:46.957000+00:00,2026-01-06 07:25:47.116934+00:00,646.957,0.015,0.01,0.02,0.985,0.98,0.99,,,,
2026-01-06 07:25:47.861000+00:00,2026-01-06 07:25:48.132334+00:00,647.861,0.02,0.01,0.03,0.98,0.97,0.99,,,,
2026-01-06 07:25:48.909000+00:00,2026-01-06 07:25:49.128789+00:00,648.909,0.02,0.01,0.03,0.985,0.98,0.99,,,,
2026-01-06 07:25:49.987000+00:00,2026-01-06 07:25:50.155088+00:00,649.987,0.02,0.01,0.03,0.98,0.97,0.99,,,,
2026-01-06 07:25:50.910000+00:00,2026-01-06 07:25:51.155283+00:00,650.91,0.02,0.01,0.03,0.98,0.97,0.99,,,,
2026-01-06 07:25:51.952000+00:00,2026-01-06 07:25:52.149624+00:00,651.952,0.02,0.01,0.03,0.98,0.97,0.99,,,,
2026-01-06 07:25:52.869000+00:00,2026-01-06 07:25:53.150166+00:00,652.869,0.02,0.01,0.03,0.975,0.97,0.98,,,,
2026-01-06 07:25:53.970000+00:00,2026-01-06 07:25:55.186805+00:00,653.97,0.02,0.01,0.03,0.98,0.97,0.99,,,,
2026-01-06 07:25:55.835000+00:00,2026-01-06 07:25:56.198553+00:00,655.835,0.02,0.01,0.03,0.98,0.97,0.99,,,,
2026-01-06 07:25:56.998000+00:00,2026-01-06 07:25:57.201566+00:00,656.998,0.02,0.01,0.03,0.98,0.97,0.99,,,,
2026-01-06 07:25:57.253000+00:00,2026-01-06 07:25:59.223141+00:00,657.253,0.02,0.01,0.03,0.98,0.97,0.99,,,,
2026-01-06 07:25:59.925000+00:00,2026-01-06 07:26:00.238696+00:00,659.925,0.02,0.01,0.03,0.98,0.97,0.99,,,,
2026-01-06 07:26:01.996000+00:00,2026-01-06 07:26:02.252454+00:00,661.996,0.015,0.01,0.02,0.985,0.98,0.99,,,,
2026-01-06 07:26:03.918000+00:00,2026-01-06 07:26:04.266915+00:00,663.918,0.015,0.01,0.02,0.985,0.98,0.99,,,,
2026-01-06 07:26:04.825000+00:00,2026-01-06 07:26:05.281842+00:00,664.825,0.015,0.01,0.02,0.98,0.97,0.99,,,,
2026-01-06 07:26:05.901000+00:00,2026-01-06 07:26:06.299509+00:00,665.901,0.02,0.01,0.03,0.98,0.97,0.99,,,,
2026-01-06 07:26:07.901000+00:00,2026-01-06 07:26:08.319237+00:00,667.901,0.02,0.01,0.03,0.98,0.97,0.99,,,,
2026-01-06 07:26:08.913000+00:00,2026-01-06 07:26:09.336048+00:00,668.913,0.02,0.01,0.03,0.98,0.97,0.99,,,,
2026-01-06 07:26:10.123000+00:00,2026-01-06 07:26:10.339952+00:00,670.123,0.015,0.01,0.02,0.985,0.98,0.99,,,,
2026-01-06 07:26:11.445000+00:00,2026-01-06 07:26:12.364136+00:00,671.445,0.015,0.01,0.02,0.985,0.98,0.99,,,,
2026-01-06 07:26:12.896000+00:00,2026-01-06 07:26:13.369191+00:00,672.896,0.015,0.01,0.02,0.985,0.98,0.99,,,,
2026-01-06 07:26:14.015000+00:00,2026-01-06 07:26:14.365298+00:00,674.015,0.015,0.01,0.02,0.985,0.98,0.99,,,,
2026-01-06 07:26:15.107000+00:00,2026-01-06 07:26:15.381765+00:00,675.107,0.015,0.01,0.02,0.985,0.98,0.99,,,,
2026-01-06 07:26:16.240000+00:00,2026-01-06 07:26:16.390306+00:00,676.24,0.015,0.01,0.02,0.985,0.98,0.99,,,,
2026-01-06 07:26:17.902000+00:00,2026-01-06 07:26:18.399076+00:00,677.902,0.015,0.01,0.02,0.985,0.98,0.99,,,,
2026-01-06 07:26:19.763000+00:00,2026-01-06 07:26:20.426752+00:00,679.763,0.015,0.01,0.02,0.985,0.98,0.99,,,,
2026-01-06 07:26:20.473000+00:00,2026-01-06 07:26:21.431782+00:00,680.473,0.015,0.01,0.02,0.985,0.98,0.99,,,,
2026-01-06 07:26:21.647000+00:00,2026-01-06 07:26:22.425721+00:00,681.647,0.015,0.01,0.02,0.985,0.98,0.99,,,,
2026-01-06 07:26:23.177000+00:00,2026-01-06 07:26:23.440483+00:00,683.177,0.015,0.01,0.02,0.985,0.98,0.99,,,,
2026-01-06 07:26:24.806000+00:00,2026-01-06 07:26:25.448438+00:00,684.806,0.015,0.01,0.02,0.985,0.98,0.99,,,,
2026-01-06 07:26:26.241000+00:00,2026-01-06 07:26:26.439500+00:00,686.241,0.015,0.01,0.02,0.985,0.98,0.99,,,,
2026-01-06 07:26:27.229000+00:00,2026-01-06 07:26:27.433356+00:00,687.229,0.015,0.01,0.02,0.985,0.98,0.99,,,,
2026-01-06 07:26:28.739000+00:00,2026-01-06 07:26:29.451941+00:00,688.739,0.015,0.01,0.02,0.985,0.98,0.99,,,,
2026-01-06 07:26:29.867000+00:00,2026-01-06 07:26:30.454670+00:00,689.867,0.015,0.01,0.02,0.985,0.98,0.99,,,,
2026-01-06 07:26:31.297000+00:00,2026-01-06 07:26:31.465975+00:00,691.297,0.015,0.01,0.02,0.985,0.98,0.99,,,,
2026-01-06 07:26:32.497000+00:00,2026-01-06 07:26:33.481747+00:00,692.497,0.015,0.01,0.02,0.985,0.98,0.99,,,,
2026-01-06 07:26:34.050000+00:00,2026-01-06 07:26:34.479645+00:00,694.05,0.015,0.01,0.02,0.985,0.98,0.99,,,,
2026-01-06 07:26:35.340000+00:00,2026-01-06 07:26:35.485107+00:00,695.34,0.015,0.01,0.02,0.985,0.98,0.99,,,,
2026-01-06 07:26:36.324000+00:00,2026-01-06 07:26:36.497779+00:00,696.324,0.015,0.01,0.02,0.985,0.98,0.99,,,,
2026-01-06 07:26:37.291000+00:00,2026-01-06 07:26:37.500204+00:00,697.291,0.015,0.01,0.02,0.985,0.98,0.99,,,,
2026-01-06 07:26:38.185000+00:00,2026-01-06 07:26:38.491254+00:00,698.185,0.015,0.01,0.02,0.985,0.98,0.99,,,,
2026-01-06 07:26:39.329000+00:00,2026-01-06 07:26:39.492932+00:00,699.329,0.015,0.01,0.02,0.985,0.98,0.99,,,,
2026-01-06 07:26:40.289000+00:00,2026-01-06 07:26:40.496958+00:00,700.289,0.015,0.01,0.02,0.985,0.98,0.99,,,,
2026-01-06 07:26:41.317000+00:00,2026-01-06 07:26:41.513115+00:00,701.317,0.015,0.01,0.02,0.985,0.98,0.99,,,,
2026-01-06 07:26:42.275000+00:00,2026-01-06 07:26:42.514881+00:00,702.275,0.015,0.01,0.02,0.985,0.98,0.99,,,,
2026-01-06 07:26:43.392000+00:00,2026-01-06 07:26:44.524657+00:00,703.392,0.015,0.01,0.02,0.985,0.98,0.99,,,,
2026-01-06 07:26:45.171000+00:00,2026-01-06 07:26:46.550780+00:00,705.171,0.015,0.01,0.02,0.985,0.98,0.99,,,,
2026-01-06 07:26:46.732000+00:00,2026-01-06 07:26:47.547079+00:00,706.732,0.015,0.01,0.02,0.985,0.98,0.99,,,,
2026-01-06 07:26:48.368000+00:00,2026-01-06 07:26:48.562840+00:00,708.368,0.015,0.01,0.02,0.985,0.98,0.99,,,,
2026-01-06 07:26:49.367000+00:00,2026-01-06 07:26:49.586019+00:00,709.367,0.015,0.01,0.02,0.985,0.98,0.99,,,,
2026-01-06 07:26:50.087000+00:00,2026-01-06 07:26:50.580185+00:00,710.087,0.015,0.01,0.02,0.985,0.98,0.99,,,,
2026-01-06 07:26:51.410000+00:00,2026-01-06 07:26:51.579784+00:00,711.41,0.015,0.01,0.02,0.985,0.98,0.99,,,,
2026-01-06 07:26:52.423000+00:00,2026-01-06 07:26:52.578992+00:00,712.423,0.015,0.01,0.02,0.985,0.98,0.99,,,,
2026-01-06 07:26:53.568000+00:00,2026-01-06 07:26:56.613477+00:00,713.568,0.015,0.01,0.02,0.985,0.98,0.99,,,,
2026-01-06 07:26:57.051000+00:00,2026-01-06 07:26:58.614772+00:00,717.051,0.015,0.01,0.02,0.985,0.98,0.99,,,,
2026-01-06 07:26:59.025000+00:00,2026-01-06 07:26:59.632641+00:00,719.025,0.015,0.01,0.02,0.985,0.98,0.99,,,,
2026-01-06 07:27:00.393000+00:00,2026-01-06 07:27:00.640209+00:00,720.393,0.015,0.01,0.02,0.985,0.98,0.99,,,,
2026-01-06 07:27:01.174000+00:00,2026-01-06 07:27:01.647061+00:00,721.174,0.015,0.01,0.02,0.985,0.98,0.99,,,,
2026-01-06 07:27:02.365000+00:00,2026-01-06 07:27:02.657411+00:00,722.365,0.015,0.01,0.02,0.985,0.98,0.99,,,,
2026-01-06 07:27:03.431000+00:00,2026-01-06 07:27:03.683521+00:00,723.431,0.02,0.01,0.03,0.98,0.97,0.99,,,,
2026-01-06 07:27:04.075000+00:00,2026-01-06 07:27:04.693818+00:00,724.075,0.02,0.01,0.03,0.98,0.97,0.99,,,,
2026-01-06 07:27:05.494000+00:00,2026-01-06 07:27:05.706532+00:00,725.494,0.02,0.01,0.03,0.98,0.97,0.99,,,,
2026-01-06 07:27:06.082000+00:00,2026-01-06 07:27:06.719443+00:00,726.082,0.02,0.01,0.03,0.98,0.97,0.99,,,,
2026-01-06 07:27:07.575000+00:00,2026-01-06 07:27:07.727498+00:00,727.575,0.02,0.01,0.03,0.98,0.97,0.99,,,,
2026-01-06 07:27:08.590000+00:00,2026-01-06 07:27:08.739820+00:00,728.59,0.01,,0.01,0.99,0.99,,,,,
2026-01-06 07:27:09.555000+00:00,2026-01-06 07:27:09.744339+00:00,729.555,0.01,,0.01,0.99,0.99,,,,,
2026-01-06 07:27:10.526000+00:00,2026-01-06 07:27:11.779246+00:00,730.526,0.01,,0.01,0.99,0.99,,,,,
2026-01-06 07:27:12.483000+00:00,2026-01-06 07:27:12.779976+00:00,732.483,0.01,,0.01,0.99,0.99,,,,,
2026-01-06 07:27:13.241000+00:00,2026-01-06 07:27:15.808323+00:00,733.241,0.01,,0.01,0.99,0.99,,,,,
2026-01-06 07:27:15.723000+00:00,2026-01-06 07:27:16.830485+00:00,735.723,0.01,,0.01,0.99,0.99,,,,,
2026-01-06 07:27:17.395000+00:00,2026-01-06 07:27:17.844438+00:00,737.395,0.01,,0.01,0.99,0.99,,,,,
2026-01-06 07:27:18.788000+00:00,2026-01-06 07:27:19.866140+00:00,738.788,0.01,,0.01,0.99,0.99,,,,,
2026-01-06 07:27:20.248000+00:00,2026-01-06 07:27:20.879892+00:00,740.248,0.01,,0.01,0.99,0.99,,,,,
2026-01-06 07:27:21.095000+00:00,2026-01-06 07:27:22.896589+00:00,741.095,0.01,,0.01,0.99,0.99,,,,,
2026-01-06 07:27:23.100000+00:00,2026-01-06 07:27:23.905913+00:00,743.1,0.01,,0.01,0.99,0.99,,,,,
2026-01-06 07:27:24.556000+00:00,2026-01-06 07:27:24.911673+00:00,744.556,0.01,,0.01,0.99,0.99,,,,,
2026-01-06 07:27:25.168000+00:00,2026-01-06 07:27:25.910523+00:00,745.168,0.01,,0.01,0.99,0.99,,,,,
2026-01-06 07:27:26.371000+00:00,2026-01-06 07:27:26.909358+00:00,746.371,0.01,,0.01,0.99,0.99,,,,,
2026-01-06 07:27:27.610000+00:00,2026-01-06 07:27:27.914815+00:00,747.61,0.01,,0.01,0.99,0.99,,,,,
2026-01-06 07:27:28.430000+00:00,2026-01-06 07:27:28.933732+00:00,748.43,0.01,,0.01,0.99,0.99,,,,,
2026-01-06 07:27:29.010000+00:00,2026-01-06 07:27:29.929225+00:00,749.01,0.01,,0.01,0.99,0.99,,,,,
2026-01-06 07:27:30.748000+00:00,2026-01-06 07:27:30.948178+00:00,750.748,0.01,,0.01,0.99,0.99,,,,,
2026-01-06 07:27:31.689000+00:00,2026-01-06 07:27:31.966452+00:00,751.689,0.01,,0.01,0.99,0.99,,,,,
2026-01-06 07:27:32.656000+00:00,2026-01-06 07:27:32.971037+00:00,752.656,0.01,,0.01,0.99,0.99,,,,,
2026-01-06 07:27:33.715000+00:00,2026-01-06 07:27:33.973825+00:00,753.715,0.01,,0.01,0.99,0.99,,,,,
2026-01-06 07:27:34.549000+00:00,2026-01-06 07:27:34.978523+00:00,754.549,0.01,,0.01,0.99,0.99,,,,,
2026-01-06 07:27:35.165000+00:00,2026-01-06 07:27:35.986862+00:00,755.165,0.01,,0.01,0.99,0.99,,,,,
2026-01-06 07:27:36.649000+00:00,2026-01-06 07:27:38.004579+00:00,756.649,0.01,,0.01,0.99,0.99,,,,,
2026-01-06 07:27:38.163000+00:00,2026-01-06 07:27:39.016090+00:00,758.163,0.01,,0.01,0.99,0.99,,,,,
2026-01-06 07:27:39.654000+00:00,2026-01-06 07:27:41.027413+00:00,759.654,0.01,,0.01,0.99,0.99,,,,,
2026-01-06 07:27:41.633000+00:00,2026-01-06 07:27:42.045754+00:00,761.633,0.01,,0.01,0.99,0.99,,,,,
2026-01-06 07:27:42.494000+00:00,2026-01-06 07:27:43.044785+00:00,762.494,0.01,,0.01,0.99,0.99,,,,,
2026-01-06 07:27:43.809000+00:00,2026-01-06 07:27:45.061539+00:00,763.809,0.01,,0.01,0.99,0.99,,,,,
2026-01-06 07:27:45.491000+00:00,2026-01-06 07:27:46.080768+00:00,765.491,0.01,,0.01,0.99,0.99,,,,,
2026-01-06 07:27:46.289000+00:00,2026-01-06 07:27:47.091814+00:00,766.289,0.01,,0.01,0.99,0.99,,,,,
2026-01-06 07:27:47.102000+00:00,2026-01-06 07:27:49.095169+00:00,767.102,0.01,,0.01,0.99,0.99,,,,,
2026-01-06 07:27:49.058000+00:00,2026-01-06 07:27:50.089254+00:00,769.058,0.01,,0.01,0.99,0.99,,,,,
2026-01-06 07:27:50.205000+00:00,2026-01-06 07:27:52.106121+00:00,770.205,0.01,,0.01,0.99,0.99,,,,,
2026-01-06 07:27:52.428000+00:00,2026-01-06 07:27:53.127556+00:00,772.428,0.01,,0.01,0.99,0.99,,,,,
2026-01-06 07:27:53.530000+00:00,2026-01-06 07:27:57.148249+00:00,773.53,0.01,,0.01,0.99,0.99,,,,,
2026-01-06 07:27:57.657000+00:00,2026-01-06 07:27:58.159638+00:00,777.657,0.01,,0.01,0.99,0.99,,,,,
2026-01-06 07:27:58.605000+00:00,2026-01-06 07:27:59.183253+00:00,778.605,0.01,,0.01,0.99,0.99,,,,,
2026-01-06 07:27:59.984000+00:00,2026-01-06 07:28:00.183955+00:00,779.984,0.01,,0.01,0.99,0.99,,,,,
2026-01-06 07:28:00.252000+00:00,2026-01-06 07:28:01.194343+00:00,780.252,0.01,,0.01,0.99,0.99,,,,,
2026-01-06 07:28:01.906000+00:00,2026-01-06 07:28:02.216339+00:00,781.906,0.01,,0.01,0.99,0.99,,,,,
2026-01-06 07:28:02.881000+00:00,2026-01-06 07:28:03.228088+00:00,782.881,0.01,,0.01,0.99,0.99,,,,,
2026-01-06 07:28:04.001000+00:00,2026-01-06 07:28:04.244894+00:00,784.001,0.01,,0.01,0.99,0.99,,,,,
2026-01-06 07:28:05.038000+00:00,2026-01-06 07:28:08.276992+00:00,785.038,0.01,,0.01,0.99,0.99,,,,,
2026-01-06 07:28:08.568000+00:00,2026-01-06 07:28:09.295864+00:00,788.568,0.01,,0.01,0.99,0.99,,,,,
2026-01-06 07:28:09.459000+00:00,2026-01-06 07:28:11.316910+00:00,789.459,0.01,,0.01,0.99,0.99,,,,,
2026-01-06 07:28:11.545000+00:00,2026-01-06 07:28:12.332058+00:00,791.545,0.01,,0.01,0.99,0.99,,,,,
2026-01-06 07:28:12.536000+00:00,2026-01-06 07:28:13.326765+00:00,792.536,0.01,,0.01,0.99,0.99,,,,,
2026-01-06 07:28:13.541000+00:00,2026-01-06 07:28:15.346716+00:00,793.541,0.01,,0.01,0.99,0.99,,,,,
2026-01-06 07:28:15.888000+00:00,2026-01-06 07:28:16.344924+00:00,795.888,0.01,,0.01,0.99,0.99,,,,,
2026-01-06 07:28:16.794000+00:00,2026-01-06 07:28:17.356047+00:00,796.794,0.01,,0.01,0.99,0.99,,,,,
2026-01-06 07:28:17.868000+00:00,2026-01-06 07:28:19.375861+00:00,797.868,0.01,,0.01,0.99,0.99,,,,,
2026-01-06 07:28:19.587000+00:00,2026-01-06 07:28:20.382348+00:00,799.587,0.01,,0.01,0.99,0.99,,,,,
2026-01-06 07:28:21.864000+00:00,2026-01-06 07:28:22.389810+00:00,801.864,0.01,,0.01,0.99,0.99,,,,,
2026-01-06 07:28:22.795000+00:00,2026-01-06 07:28:24.410252+00:00,802.795,0.01,,0.01,0.99,0.99,,,,,
2026-01-06 07:28:25.180000+00:00,2026-01-06 07:28:25.435880+00:00,805.18,0.01,,0.01,0.99,0.99,,,,,
2026-01-06 07:28:26.002000+00:00,2026-01-06 07:28:26.440536+00:00,806.002,0.01,,0.01,0.99,0.99,,,,,
2026-01-06 07:28:27.871000+00:00,2026-01-06 07:28:30.492326+00:00,807.871,0.01,,0.01,0.99,0.99,,,,,
2026-01-06 07:28:31.187000+00:00,2026-01-06 07:28:36.517826+00:00,811.187,0.01,,0.01,0.99,0.99,,,,,
2026-01-06 07:28:36.752000+00:00,2026-01-06 07:28:38.544742+00:00,816.752,0.01,,0.01,0.99,0.99,,,,,
2026-01-06 07:28:38.978000+00:00,2026-01-06 07:28:39.559616+00:00,818.978,0.01,,0.01,0.99,0.99,,,,,
2026-01-06 07:28:40.199000+00:00,2026-01-06 07:28:40.573514+00:00,820.199,0.01,,0.01,0.99,0.99,,,,,
2026-01-06 07:28:41.020000+00:00,2026-01-06 07:28:41.578726+00:00,821.02,0.01,,0.01,0.99,0.99,,,,,
2026-01-06 07:28:42.365000+00:00,2026-01-06 07:28:42.592651+00:00,822.365,0.01,,0.01,0.99,0.99,,,,,
2026-01-06 07:28:43.205000+00:00,2026-01-06 07:28:43.600518+00:00,823.205,0.01,,0.01,0.99,0.99,,,,,
2026-01-06 07:28:44.207000+00:00,2026-01-06 07:28:44.609027+00:00,824.207,0.01,,0.01,0.99,0.99,,,,,
2026-01-06 07:28:45.719000+00:00,2026-01-06 07:28:46.628667+00:00,825.719,0.01,,0.01,0.99,0.99,,,,,
2026-01-06 07:28:47.410000+00:00,2026-01-06 07:28:48.642851+00:00,827.41,0.01,,0.01,0.99,0.99,,,,,
2026-01-06 07:28:49.089000+00:00,2026-01-06 07:28:49.659754+00:00,829.089,0.01,,0.01,0.99,0.99,,,,,
2026-01-06 07:28:50.441000+00:00,2026-01-06 07:28:50.672578+00:00,830.441,0.01,,0.01,0.99,0.99,,,,,
2026-01-06 07:28:51.424000+00:00,2026-01-06 07:28:52.689260+00:00,831.424,0.01,,0.01,0.99,0.99,,,,,
2026-01-06 07:28:53.409000+00:00,2026-01-06 07:28:53.690385+00:00,833.409,0.01,,0.01,0.99,0.99,,,,,
2026-01-06 07:28:54.211000+00:00,2026-01-06 07:28:54.691151+00:00,834.211,0.01,,0.01,0.99,0.99,,,,,
2026-01-06 07:28:55.219000+00:00,2026-01-06 07:28:55.689390+00:00,835.219,0.01,,0.01,0.99,0.99,,,,,
2026-01-06 07:28:56.225000+00:00,2026-01-06 07:28:56.706800+00:00,836.225,0.01,,0.01,0.99,0.99,,,,,
2026-01-06 07:28:57.232000+00:00,2026-01-06 07:28:57.722094+00:00,837.232,0.01,,0.01,0.99,0.99,,,,,
2026-01-06 07:28:58.231000+00:00,2026-01-06 07:28:58.737992+00:00,838.231,0.01,,0.01,0.99,0.99,,,,,
2026-01-06 07:28:59.237000+00:00,2026-01-06 07:28:59.761957+00:00,839.237,0.01,,0.01,0.99,0.99,,,,,
2026-01-06 07:29:00.763000+00:00,2026-01-06 07:29:00.983551+00:00,840.763,0.01,,0.01,0.99,0.99,,,,,
2026-01-06 07:29:01.349000+00:00,2026-01-06 07:29:01.770874+00:00,841.349,0.01,,0.01,0.99,0.99,,,,,
2026-01-06 07:29:02.473000+00:00,2026-01-06 07:29:03.773533+00:00,842.473,0.01,,0.01,0.99,0.99,,,,,
2026-01-06 07:29:04.169000+00:00,2026-01-06 07:29:05.773978+00:00,844.169,0.01,,0.01,0.99,0.99,,,,,
2026-01-06 07:29:05.895000+00:00,2026-01-06 07:29:06.791132+00:00,845.895,0.01,,0.01,0.99,0.99,,,,,
2026-01-06 07:29:07.414000+00:00,2026-01-06 07:29:08.801286+00:00,847.414,0.01,,0.01,0.99,0.99,,,,,
2026-01-06 07:29:09.334000+00:00,2026-01-06 07:29:09.808450+00:00,849.334,0.01,,0.01,0.99,0.99,,,,,
2026-01-06 07:29:10.338000+00:00,2026-01-06 07:29:11.841900+00:00,850.338,0.01,,0.01,0.99,0.99,,,,,
2026-01-06 07:29:12.265000+00:00,2026-01-06 07:29:13.841467+00:00,852.265,0.01,,0.01,0.99,0.99,,,,,
2026-01-06 07:29:14.423000+00:00,2026-01-06 07:29:16.859820+00:00,854.423,0.01,,0.01,0.99,0.99,,,,,
2026-01-06 07:29:17.466000+00:00,2026-01-06 07:29:18.861475+00:00,857.466,0.01,,0.01,0.99,0.99,,,,,
2026-01-06 07:29:19.097000+00:00,2026-01-06 07:29:20.891418+00:00,859.097,0.01,,0.01,0.99,0.99,,,,,
2026-01-06 07:29:21.594000+00:00,2026-01-06 07:29:22.907678+00:00,861.594,0.01,,0.01,0.99,0.99,,,,,
2026-01-06 07:29:23.473000+00:00,2026-01-06 07:29:25.922722+00:00,863.473,0.01,,0.01,0.99,0.99,,,,,
2026-01-06 07:29:26.473000+00:00,2026-01-06 07:29:26.916226+00:00,866.473,0.01,,0.01,0.99,0.99,,,,,
2026-01-06 07:29:27.423000+00:00,2026-01-06 07:29:27.941178+00:00,867.423,0.01,,0.01,0.99,0.99,,,,,
2026-01-06 07:29:28.665000+00:00,2026-01-06 07:29:28.956531+00:00,868.665,0.01,,0.01,0.99,0.99,,,,,
2026-01-06 07:29:29.551000+00:00,2026-01-06 07:29:29.961540+00:00,869.551,0.01,,0.01,0.99,0.99,,,,,
2026-01-06 07:29:30.188000+00:00,2026-01-06 07:29:30.973421+00:00,870.188,0.01,,0.01,0.99,0.99,,,,,
2026-01-06 07:29:31.831000+00:00,2026-01-06 07:29:31.972941+00:00,871.831,0.01,,0.01,0.99,0.99,,,,,
2026-01-06 07:29:32.581000+00:00,2026-01-06 07:29:32.964032+00:00,872.581,0.01,,0.01,0.99,0.99,,,,,
2026-01-06 07:29:33.766000+00:00,2026-01-06 07:29:33.958054+00:00,873.766,0.01,,0.01,0.99,0.99,,,,,
2026-01-06 07:29:34.654000+00:00,2026-01-06 07:29:35.970770+00:00,874.654,0.01,,0.01,0.99,0.99,,,,,
2026-01-06 07:29:36.079000+00:00,2026-01-06 07:29:36.973025+00:00,876.079,0.01,,0.01,0.99,0.99,,,,,
2026-01-06 07:29:37.663000+00:00,2026-01-06 07:29:37.977149+00:00,877.663,0.01,,0.01,0.99,0.99,,,,,
2026-01-06 07:29:38.716000+00:00,2026-01-06 07:29:38.989159+00:00,878.716,0.01,,0.01,0.99,0.99,,,,,
2026-01-06 07:29:39.839000+00:00,2026-01-06 07:29:40.003759+00:00,879.839,0.01,,0.01,0.99,0.99,,,,,
2026-01-06 07:29:40.476000+00:00,2026-01-06 07:29:41.023595+00:00,880.476,0.01,,0.01,0.99,0.99,,,,,
2026-01-06 07:29:41.264000+00:00,2026-01-06 07:29:42.022116+00:00,881.264,0.01,,0.01,0.99,0.99,,,,,
2026-01-06 07:29:42.643000+00:00,2026-01-06 07:29:44.056153+00:00,882.643,0.01,,0.01,0.99,0.99,,,,,
2026-01-06 07:29:44.364000+00:00,2026-01-06 07:29:45.055699+00:00,884.364,0.01,,0.01,0.99,0.99,,,,,
2026-01-06 07:29:45.835000+00:00,2026-01-06 07:29:46.062897+00:00,885.835,0.01,,0.01,0.99,0.99,,,,,
2026-01-06 07:29:46.159000+00:00,2026-01-06 07:29:47.071820+00:00,886.159,0.01,,0.01,0.99,0.99,,,,,
2026-01-06 07:29:47.144000+00:00,2026-01-06 07:29:49.090771+00:00,887.144,0.01,,0.01,0.99,0.99,,,,,
2026-01-06 07:29:49.640000+00:00,2026-01-06 07:29:50.090090+00:00,889.64,0.01,,0.01,0.99,0.99,,,,,
2026-01-06 07:29:50.827000+00:00,2026-01-06 07:29:51.114163+00:00,890.827,0.01,,0.01,0.99,0.99,,,,,
2026-01-06 07:29:51.366000+00:00,2026-01-06 07:29:52.129042+00:00,891.366,0.01,,0.01,0.99,0.99,,,,,
2026-01-06 07:29:52.979000+00:00,2026-01-06 07:29:53.129857+00:00,892.979,0.01,,0.01,0.99,0.99,,,,,
2026-01-06 07:29:53.467000+00:00,2026-01-06 07:29:54.139866+00:00,893.467,0.01,,0.01,0.999,0.999,,,,,
2026-01-06 07:29:54.663000+00:00,2026-01-06 07:29:55.138542+00:00,894.663,0.001,,0.001,0.999,0.999,,,,,
2026-01-06 07:29:55.622000+00:00,2026-01-06 07:29:56.139384+00:00,895.622,0.001,,0.001,0.999,0.999,,,,,
2026-01-06 07:29:56.016000+00:00,2026-01-06 07:29:57.155603+00:00,896.016,0.001,,0.001,0.999,0.999,,,,,
2026-01-06 07:29:57.424000+00:00,2026-01-06 07:29:58.162157+00:00,897.424,0.001,,0.001,0.999,0.999,,,,,
2026-01-06 07:29:58.940000+00:00,2026-01-06 07:29:59.174908+00:00,898.94,0.001,,0.001,0.999,0.999,,,,,
