timestamp,collected_at,seconds,up_mid,up_best_bid,up_best_ask,down_mid,down_best_bid,down_best_ask,up_best_bid_size,up_best_ask_size,down_best_bid_size,down_best_ask_size
2026-01-06 03:11:23.808000+00:00,2026-01-06 03:11:23.790073+00:00,683.808,0.985,0.98,0.99,0.015,0.01,0.02,,,,
2026-01-06 03:11:24.747000+00:00,2026-01-06 03:11:24.787210+00:00,684.747,0.985,0.98,0.99,0.015,0.01,0.02,,,,
2026-01-06 03:11:25.405000+00:00,2026-01-06 03:11:25.789120+00:00,685.405,0.985,0.98,0.99,0.015,0.01,0.02,,,,
2026-01-06 03:11:26.715000+00:00,2026-01-06 03:11:26.795774+00:00,686.715,0.985,0.98,0.99,0.015,0.01,0.02,,,,
2026-01-06 03:11:27.772000+00:00,2026-01-06 03:11:27.809921+00:00,687.772,0.985,0.98,0.99,0.015,0.01,0.02,,,,
2026-01-06 03:11:28.803000+00:00,2026-01-06 03:11:28.814500+00:00,688.803,0.985,0.98,0.99,0.015,0.01,0.02,,,,
2026-01-06 03:11:29.800000+00:00,2026-01-06 03:11:29.810810+00:00,689.8,0.985,0.98,0.99,0.015,0.01,0.02,,,,
2026-01-06 03:11:30.750000+00:00,2026-01-06 03:11:30.813161+00:00,690.75,0.985,0.98,0.99,0.015,0.01,0.02,,,,
2026-01-06 03:11:31.780000+00:00,2026-01-06 03:11:31.839274+00:00,691.78,0.985,0.98,0.99,0.015,0.01,0.02,,,,
2026-01-06 03:11:32.698000+00:00,2026-01-06 03:11:32.853797+00:00,692.698,0.985,0.98,0.99,0.015,0.01,0.02,,,,
2026-01-06 03:11:33.862000+00:00,2026-01-06 03:11:33.860780+00:00,693.862,0.985,0.98,0.99,0.015,0.01,0.02,,,,
2026-01-06 03:11:34.826000+00:00,2026-01-06 03:11:34.873534+00:00,694.826,0.985,0.98,0.99,0.015,0.01,0.02,,,,
2026-01-06 03:11:35.866000+00:00,2026-01-06 03:11:35.890965+00:00,695.866,0.985,0.98,0.99,0.015,0.01,0.02,,,,
2026-01-06 03:11:36.794000+00:00,2026-01-06 03:11:36.899018+00:00,696.794,0.985,0.98,0.99,0.01,,0.01,,,,
2026-01-06 03:11:37.824000+00:00,2026-01-06 03:11:37.908553+00:00,697.824,0.99,0.99,,0.01,,0.01,,,,
2026-01-06 03:11:38.894000+00:00,2026-01-06 03:11:38.915663+00:00,698.894,0.99,0.99,,0.01,,0.01,,,,
2026-01-06 03:11:39.737000+00:00,2026-01-06 03:11:39.924798+00:00,699.737,0.985,0.98,0.99,0.01,,0.01,,,,
2026-01-06 03:11:40.919000+00:00,2026-01-06 03:11:40.933683+00:00,700.919,0.99,0.99,,0.01,,0.01,,,,
2026-01-06 03:11:41.908000+00:00,2026-01-06 03:11:41.946022+00:00,701.908,0.99,0.99,,0.01,,0.01,,,,
2026-01-06 03:11:42.710000+00:00,2026-01-06 03:11:42.959107+00:00,702.71,0.99,0.99,,0.01,,0.01,,,,
2026-01-06 03:11:43.694000+00:00,2026-01-06 03:11:43.983358+00:00,703.694,0.99,0.99,,0.01,,0.01,,,,
2026-01-06 03:11:44.894000+00:00,2026-01-06 03:11:44.989944+00:00,704.894,0.99,0.99,,0.01,,0.01,,,,
2026-01-06 03:11:45.690000+00:00,2026-01-06 03:11:45.999917+00:00,705.69,0.99,0.99,,0.01,,0.01,,,,
2026-01-06 03:11:46.791000+00:00,2026-01-06 03:11:46.997665+00:00,706.791,0.99,0.99,,0.01,,0.01,,,,
2026-01-06 03:11:47.982000+00:00,2026-01-06 03:11:47.999303+00:00,707.982,0.99,0.99,,0.01,,0.01,,,,
2026-01-06 03:11:49.791000+00:00,2026-01-06 03:11:50.023231+00:00,709.791,0.99,0.99,,0.01,,0.01,,,,
2026-01-06 03:11:51.039000+00:00,2026-01-06 03:11:51.025402+00:00,711.039,0.99,0.99,,0.01,,0.01,,,,
2026-01-06 03:11:52.629000+00:00,2026-01-06 03:11:53.052337+00:00,712.629,0.99,0.99,,0.01,,0.01,,,,
2026-01-06 03:11:53.800000+00:00,2026-01-06 03:11:54.073545+00:00,713.8,0.99,0.99,,0.01,,0.01,,,,
2026-01-06 03:11:55.004000+00:00,2026-01-06 03:11:55.088106+00:00,715.004,0.99,0.99,,0.01,,0.01,,,,
2026-01-06 03:11:56.028000+00:00,2026-01-06 03:11:56.097438+00:00,716.028,0.99,0.99,,0.01,,0.01,,,,
2026-01-06 03:11:57.052000+00:00,2026-01-06 03:11:57.111078+00:00,717.052,0.99,0.99,,0.01,,0.01,,,,
2026-01-06 03:11:58.080000+00:00,2026-01-06 03:11:58.109966+00:00,718.08,0.99,0.99,,0.01,,0.01,,,,
2026-01-06 03:11:59.118000+00:00,2026-01-06 03:11:59.137065+00:00,719.118,0.99,0.99,,0.01,,0.01,,,,
2026-01-06 03:12:00.127000+00:00,2026-01-06 03:12:00.147641+00:00,720.127,0.99,0.99,,0.01,,0.01,,,,
2026-01-06 03:12:01.004000+00:00,2026-01-06 03:12:01.140474+00:00,721.004,0.99,0.99,,0.01,,0.01,,,,
2026-01-06 03:12:02.083000+00:00,2026-01-06 03:12:02.139111+00:00,722.083,0.99,0.99,,0.01,,0.01,,,,
2026-01-06 03:12:03.019000+00:00,2026-01-06 03:12:03.140364+00:00,723.019,0.99,0.99,,0.01,,0.01,,,,
2026-01-06 03:12:04.811000+00:00,2026-01-06 03:12:05.160918+00:00,724.811,0.99,0.99,,0.01,,0.01,,,,
2026-01-06 03:12:06.105000+00:00,2026-01-06 03:12:06.178300+00:00,726.105,0.99,0.99,,0.01,,0.01,,,,
2026-01-06 03:12:07.089000+00:00,2026-01-06 03:12:07.195702+00:00,727.089,0.99,0.99,,0.01,,0.01,,,,
2026-01-06 03:12:08.196000+00:00,2026-01-06 03:12:08.209121+00:00,728.196,0.99,0.99,,0.01,,0.01,,,,
2026-01-06 03:12:09.127000+00:00,2026-01-06 03:12:09.222289+00:00,729.127,0.99,0.99,,0.01,,0.01,,,,
2026-01-06 03:12:10.227000+00:00,2026-01-06 03:12:10.239487+00:00,730.227,0.99,0.99,,0.01,,0.01,,,,
2026-01-06 03:12:11.203000+00:00,2026-01-06 03:12:11.237094+00:00,731.203,0.99,0.99,,0.01,,0.01,,,,
2026-01-06 03:12:12.006000+00:00,2026-01-06 03:12:12.240406+00:00,732.006,0.99,0.99,,0.01,,0.01,,,,
2026-01-06 03:12:13.164000+00:00,2026-01-06 03:12:13.248073+00:00,733.164,0.99,0.99,,0.01,,0.01,,,,
2026-01-06 03:12:14.244000+00:00,2026-01-06 03:12:14.253278+00:00,734.244,0.99,0.99,,0.01,,0.01,,,,
2026-01-06 03:12:15.249000+00:00,2026-01-06 03:12:15.267896+00:00,735.249,0.99,0.99,,0.01,,0.01,,,,
2026-01-06 03:12:17.604000+00:00,2026-01-06 03:12:17.603790+00:00,737.604,0.99,0.99,,0.01,,0.01,,,,
2026-01-06 03:12:18.338000+00:00,2026-01-06 03:12:18.623403+00:00,738.338,0.99,0.99,,0.01,,0.01,,,,
2026-01-06 03:12:23.063000+00:00,2026-01-06 03:12:23.668879+00:00,743.063,0.99,0.99,,0.01,,0.01,,,,
2026-01-06 03:12:29.209000+00:00,2026-01-06 03:12:29.277544+00:00,749.209,0.99,0.99,,0.01,,0.01,,,,
2026-01-06 03:12:32.812000+00:00,2026-01-06 03:12:32.944938+00:00,752.812,0.99,0.99,,0.01,,0.01,,,,
2026-01-06 03:12:35.281000+00:00,2026-01-06 03:12:35.592109+00:00,755.281,0.99,0.99,,0.01,,0.01,,,,
2026-01-06 03:12:38.483000+00:00,2026-01-06 03:12:38.571796+00:00,758.483,0.99,0.99,,0.01,,0.01,,,,
2026-01-06 03:12:39.479000+00:00,2026-01-06 03:12:39.867122+00:00,759.479,0.99,0.99,,0.01,,0.01,,,,
2026-01-06 03:12:41.810000+00:00,2026-01-06 03:12:41.850671+00:00,761.81,0.99,0.99,,0.01,,0.01,,,,
2026-01-06 03:12:43.643000+00:00,2026-01-06 03:12:43.644224+00:00,763.643,0.99,0.99,,0.01,,0.01,,,,
2026-01-06 03:12:45.641000+00:00,2026-01-06 03:12:45.818724+00:00,765.641,0.99,0.99,,0.01,,0.01,,,,
2026-01-06 03:12:46.504000+00:00,2026-01-06 03:12:46.823286+00:00,766.504,0.99,0.99,,0.01,,0.01,,,,
2026-01-06 03:12:47.383000+00:00,2026-01-06 03:12:47.840735+00:00,767.383,0.99,0.99,,0.01,,0.01,,,,
2026-01-06 03:12:49.127000+00:00,2026-01-06 03:12:49.184138+00:00,769.127,0.99,0.99,,0.01,,0.01,,,,
2026-01-06 03:12:51.689000+00:00,2026-01-06 03:12:51.721168+00:00,771.689,0.99,0.99,,0.01,,0.01,,,,
2026-01-06 03:12:52.726000+00:00,2026-01-06 03:12:52.746212+00:00,772.726,0.99,0.99,,0.01,,0.01,,,,
2026-01-06 03:12:54.005000+00:00,2026-01-06 03:12:54.008608+00:00,774.005,0.99,0.99,,0.01,,0.01,,,,
2026-01-06 03:12:55.341000+00:00,2026-01-06 03:12:55.378916+00:00,775.341,0.99,0.99,,0.01,,0.01,,,,
2026-01-06 03:12:56.376000+00:00,2026-01-06 03:12:56.384858+00:00,776.376,0.99,0.99,,0.01,,0.01,,,,
2026-01-06 03:12:57.162000+00:00,2026-01-06 03:12:57.704690+00:00,777.162,0.99,0.99,,0.01,,0.01,,,,
2026-01-06 03:12:59.174000+00:00,2026-01-06 03:12:59.187180+00:00,779.174,0.99,0.99,,0.01,,0.01,,,,
2026-01-06 03:13:00.242000+00:00,2026-01-06 03:13:00.236610+00:00,780.242,0.99,0.99,,0.01,,0.01,,,,
2026-01-06 03:13:01.194000+00:00,2026-01-06 03:13:01.248977+00:00,781.194,0.99,0.99,,0.01,,0.01,,,,
2026-01-06 03:13:02.520000+00:00,2026-01-06 03:13:02.902400+00:00,782.52,0.99,0.99,,0.01,,0.01,,,,
2026-01-06 03:13:03.346000+00:00,2026-01-06 03:13:03.940824+00:00,783.346,0.99,0.99,,0.01,,0.01,,,,
2026-01-06 03:13:05.101000+00:00,2026-01-06 03:13:05.235667+00:00,785.101,0.99,0.99,,0.01,,0.01,,,,
2026-01-06 03:13:06.201000+00:00,2026-01-06 03:13:06.223670+00:00,786.201,0.99,0.99,,0.01,,0.01,,,,
2026-01-06 03:13:08.457000+00:00,2026-01-06 03:13:08.478493+00:00,788.457,0.99,0.99,,0.01,,0.01,,,,
2026-01-06 03:13:09.314000+00:00,2026-01-06 03:13:09.519018+00:00,789.314,0.99,0.99,,0.01,,0.01,,,,
2026-01-06 03:13:10.679000+00:00,2026-01-06 03:13:10.692297+00:00,790.679,0.99,0.99,,0.01,,0.01,,,,
2026-01-06 03:13:11.556000+00:00,2026-01-06 03:13:11.694354+00:00,791.556,0.99,0.99,,0.01,,0.01,,,,
2026-01-06 03:13:12.741000+00:00,2026-01-06 03:13:12.765788+00:00,792.741,0.99,0.99,,0.01,,0.01,,,,
2026-01-06 03:13:13.783000+00:00,2026-01-06 03:13:13.873806+00:00,793.783,0.99,0.99,,0.01,,0.01,,,,
2026-01-06 03:13:14.838000+00:00,2026-01-06 03:13:14.881904+00:00,794.838,0.99,0.99,,0.01,,0.01,,,,
2026-01-06 03:13:15.852000+00:00,2026-01-06 03:13:15.885962+00:00,795.852,0.99,0.99,,0.01,,0.01,,,,
2026-01-06 03:13:16.164000+00:00,2026-01-06 03:13:17.033051+00:00,796.164,0.99,0.99,,0.01,,0.01,,,,
2026-01-06 03:13:18.032000+00:00,2026-01-06 03:13:18.144054+00:00,798.032,0.99,0.99,,0.01,,0.01,,,,
2026-01-06 03:13:19.099000+00:00,2026-01-06 03:13:19.202574+00:00,799.099,0.99,0.99,,0.01,,0.01,,,,
2026-01-06 03:13:20.002000+00:00,2026-01-06 03:13:20.197245+00:00,800.002,0.99,0.99,,0.01,,0.01,,,,
2026-01-06 03:13:21.164000+00:00,2026-01-06 03:13:21.222984+00:00,801.164,0.99,0.99,,0.01,,0.01,,,,
2026-01-06 03:13:22.611000+00:00,2026-01-06 03:13:22.678390+00:00,802.611,0.99,0.99,,0.01,,0.01,,,,
2026-01-06 03:13:23.467000+00:00,2026-01-06 03:13:24.053671+00:00,803.467,0.99,0.99,,0.01,,0.01,,,,
2026-01-06 03:13:25.098000+00:00,2026-01-06 03:13:25.303704+00:00,805.098,0.99,0.99,,0.01,,0.01,,,,
2026-01-06 03:13:26.861000+00:00,2026-01-06 03:13:27.326433+00:00,806.861,0.99,0.99,,0.01,,0.01,,,,
2026-01-06 03:13:28.370000+00:00,2026-01-06 03:13:28.424133+00:00,808.37,0.99,0.99,,0.01,,0.01,,,,
2026-01-06 03:13:29.775000+00:00,2026-01-06 03:13:29.885562+00:00,809.775,0.99,0.99,,0.01,,0.01,,,,
2026-01-06 03:13:31.365000+00:00,2026-01-06 03:13:31.485065+00:00,811.365,0.99,0.99,,0.01,,0.01,,,,
2026-01-06 03:13:32.251000+00:00,2026-01-06 03:13:32.500575+00:00,812.251,0.99,0.99,,0.01,,0.01,,,,
2026-01-06 03:13:33.636000+00:00,2026-01-06 03:13:33.910038+00:00,813.636,0.99,0.99,,0.01,,0.01,,,,
2026-01-06 03:13:36.111000+00:00,2026-01-06 03:13:36.361011+00:00,816.111,0.99,0.99,,0.01,,0.01,,,,
2026-01-06 03:13:37.356000+00:00,2026-01-06 03:13:37.377276+00:00,817.356,0.99,0.99,,0.01,,0.01,,,,
2026-01-06 03:13:38.300000+00:00,2026-01-06 03:13:38.395895+00:00,818.3,0.99,0.99,,0.01,,0.01,,,,
2026-01-06 03:13:39.298000+00:00,2026-01-06 03:13:39.418905+00:00,819.298,0.99,0.99,,0.01,,0.01,,,,
2026-01-06 03:13:40.191000+00:00,2026-01-06 03:13:40.440372+00:00,820.191,0.99,0.99,,0.01,,0.01,,,,
2026-01-06 03:13:41.417000+00:00,2026-01-06 03:13:41.450578+00:00,821.417,0.99,0.99,,0.01,,0.01,,,,
2026-01-06 03:13:42.345000+00:00,2026-01-06 03:13:42.456627+00:00,822.345,0.99,0.99,,0.01,,0.01,,,,
2026-01-06 03:13:43.466000+00:00,2026-01-06 03:13:43.460071+00:00,823.466,0.99,0.99,,0.01,,0.01,,,,
2026-01-06 03:13:44.151000+00:00,2026-01-06 03:13:44.564867+00:00,824.151,0.99,0.99,,0.01,,0.01,,,,
2026-01-06 03:13:45.531000+00:00,2026-01-06 03:13:45.569242+00:00,825.531,0.99,0.99,,0.01,,0.01,,,,
2026-01-06 03:13:46.607000+00:00,2026-01-06 03:13:46.624476+00:00,826.607,0.99,0.99,,0.01,,0.01,,,,
2026-01-06 03:13:47.427000+00:00,2026-01-06 03:13:47.613498+00:00,827.427,0.99,0.99,,0.01,,0.01,,,,
2026-01-06 03:13:48.551000+00:00,2026-01-06 03:13:48.649705+00:00,828.551,0.99,0.99,,0.01,,0.01,,,,
2026-01-06 03:13:49.623000+00:00,2026-01-06 03:13:49.690144+00:00,829.623,0.99,0.99,,0.01,,0.01,,,,
2026-01-06 03:13:50.003000+00:00,2026-01-06 03:13:50.723600+00:00,830.003,0.99,0.99,,0.01,,0.01,,,,
2026-01-06 03:13:51.544000+00:00,2026-01-06 03:13:51.721837+00:00,831.544,0.99,0.99,,0.01,,0.01,,,,
2026-01-06 03:13:52.350000+00:00,2026-01-06 03:13:52.770759+00:00,832.35,0.99,0.99,,0.01,,0.01,,,,
2026-01-06 03:13:53.591000+00:00,2026-01-06 03:13:53.780970+00:00,833.591,0.99,0.99,,0.01,,0.01,,,,
2026-01-06 03:13:54.653000+00:00,2026-01-06 03:13:54.790725+00:00,834.653,0.99,0.99,,0.01,,0.01,,,,
2026-01-06 03:13:55.793000+00:00,2026-01-06 03:13:55.810293+00:00,835.793,0.99,0.99,,0.01,,0.01,,,,
2026-01-06 03:13:56.176000+00:00,2026-01-06 03:13:56.818021+00:00,836.176,0.99,0.99,,0.01,,0.01,,,,
2026-01-06 03:13:57.111000+00:00,2026-01-06 03:13:57.883494+00:00,837.111,0.99,0.99,,0.01,,0.01,,,,
2026-01-06 03:13:58.462000+00:00,2026-01-06 03:13:58.878676+00:00,838.462,0.99,0.99,,0.01,,0.01,,,,
2026-01-06 03:14:00.374000+00:00,2026-01-06 03:14:00.467351+00:00,840.374,0.99,0.99,,0.01,,0.01,,,,
2026-01-06 03:14:01.161000+00:00,2026-01-06 03:14:01.333951+00:00,841.161,0.99,0.99,,0.01,,0.01,,,,
2026-01-06 03:14:02.295000+00:00,2026-01-06 03:14:02.335812+00:00,842.295,0.99,0.99,,0.01,,0.01,,,,
2026-01-06 03:14:03.170000+00:00,2026-01-06 03:14:03.343811+00:00,843.17,0.99,0.99,,0.01,,0.01,,,,
2026-01-06 03:14:04.849000+00:00,2026-01-06 03:14:04.889775+00:00,844.849,0.99,0.99,,0.01,,0.01,,,,
2026-01-06 03:14:05.983000+00:00,2026-01-06 03:14:06.922601+00:00,845.983,0.99,0.99,,0.01,,0.01,,,,
2026-01-06 03:14:08.369000+00:00,2026-01-06 03:14:08.515549+00:00,848.369,0.99,0.99,,0.01,,0.01,,,,
2026-01-06 03:14:09.469000+00:00,2026-01-06 03:14:09.531936+00:00,849.469,0.99,0.99,,0.01,,0.01,,,,
2026-01-06 03:14:10.153000+00:00,2026-01-06 03:14:10.531856+00:00,850.153,0.99,0.99,,0.01,,0.01,,,,
2026-01-06 03:14:11.085000+00:00,2026-01-06 03:14:11.549944+00:00,851.085,0.99,0.99,,0.01,,0.01,,,,
2026-01-06 03:14:12.446000+00:00,2026-01-06 03:14:12.691303+00:00,852.446,0.99,0.99,,0.01,,0.01,,,,
2026-01-06 03:14:13.079000+00:00,2026-01-06 03:14:13.704024+00:00,853.079,0.99,0.99,,0.01,,0.01,,,,
2026-01-06 03:14:14.638000+00:00,2026-01-06 03:14:14.763870+00:00,854.638,0.99,0.99,,0.01,,0.01,,,,
2026-01-06 03:14:15.986000+00:00,2026-01-06 03:14:16.780845+00:00,855.986,0.99,0.99,,0.01,,0.01,,,,
2026-01-06 03:14:17.172000+00:00,2026-01-06 03:14:17.794481+00:00,857.172,0.99,0.99,,0.01,,0.01,,,,
2026-01-06 03:14:18.166000+00:00,2026-01-06 03:14:18.791295+00:00,858.166,0.99,0.99,,0.01,,0.01,,,,
2026-01-06 03:14:20.222000+00:00,2026-01-06 03:14:20.383853+00:00,860.222,0.99,0.99,,0.01,,0.01,,,,
2026-01-06 03:14:21.169000+00:00,2026-01-06 03:14:21.395438+00:00,861.169,0.99,0.99,,0.01,,0.01,,,,
2026-01-06 03:14:22.394000+00:00,2026-01-06 03:14:23.518687+00:00,862.394,0.99,0.99,,0.01,,0.01,,,,
2026-01-06 03:14:24.177000+00:00,2026-01-06 03:14:24.530426+00:00,864.177,0.99,0.99,,0.01,,0.01,,,,
2026-01-06 03:14:25.143000+00:00,2026-01-06 03:14:25.560251+00:00,865.143,0.99,0.99,,0.01,,0.01,,,,
2026-01-06 03:14:26.290000+00:00,2026-01-06 03:14:26.574165+00:00,866.29,0.99,0.99,,0.01,,0.01,,,,
2026-01-06 03:14:27.897000+00:00,2026-01-06 03:14:28.875666+00:00,867.897,0.99,0.99,,0.01,,0.01,,,,
2026-01-06 03:14:29.003000+00:00,2026-01-06 03:14:29.879343+00:00,869.003,0.99,0.99,,0.01,,0.01,,,,
2026-01-06 03:14:30.827000+00:00,2026-01-06 03:14:30.881171+00:00,870.827,0.99,0.99,,0.01,,0.01,,,,
2026-01-06 03:14:31.145000+00:00,2026-01-06 03:14:31.895359+00:00,871.145,0.99,0.99,,0.01,,0.01,,,,
2026-01-06 03:14:32.164000+00:00,2026-01-06 03:14:32.899030+00:00,872.164,0.99,0.99,,0.01,,0.01,,,,
2026-01-06 03:14:33.729000+00:00,2026-01-06 03:14:33.937929+00:00,873.729,0.99,0.99,,0.01,,0.01,,,,
2026-01-06 03:14:35.178000+00:00,2026-01-06 03:14:36.270153+00:00,875.178,0.99,0.99,,0.01,,0.01,,,,
2026-01-06 03:14:37.167000+00:00,2026-01-06 03:14:38.476939+00:00,877.167,0.99,0.99,,0.01,,0.01,,,,
2026-01-06 03:14:39.612000+00:00,2026-01-06 03:14:40.499007+00:00,879.612,0.99,0.99,,0.01,,0.01,,,,
2026-01-06 03:14:41.002000+00:00,2026-01-06 03:14:41.520414+00:00,881.002,0.99,0.99,,0.01,,0.01,,,,
2026-01-06 03:14:42.538000+00:00,2026-01-06 03:14:43.824134+00:00,882.538,0.99,0.99,,0.01,,0.01,,,,
2026-01-06 03:14:44.092000+00:00,2026-01-06 03:14:44.870024+00:00,884.092,0.99,0.99,,0.01,,0.01,,,,
2026-01-06 03:14:45.574000+00:00,2026-01-06 03:14:45.878944+00:00,885.574,0.99,0.99,,0.01,,0.01,,,,
2026-01-06 03:14:46.460000+00:00,2026-01-06 03:14:46.887581+00:00,886.46,0.99,0.99,,0.01,,0.01,,,,
2026-01-06 03:14:47.842000+00:00,2026-01-06 03:14:47.901831+00:00,887.842,0.99,0.99,,0.01,,0.01,,,,
2026-01-06 03:14:48.557000+00:00,2026-01-06 03:14:48.893409+00:00,888.557,0.99,0.99,,0.01,,0.01,,,,
2026-01-06 03:14:49.343000+00:00,2026-01-06 03:14:50.046896+00:00,889.343,0.99,0.99,,0.01,,0.01,,,,
2026-01-06 03:14:51.026000+00:00,2026-01-06 03:14:51.054349+00:00,891.026,0.99,0.99,,0.01,,0.01,,,,
2026-01-06 03:14:52.166000+00:00,2026-01-06 03:14:53.347493+00:00,892.166,0.99,0.99,,0.001,,0.001,,,,
2026-01-06 03:14:54.125000+00:00,2026-01-06 03:14:54.346337+00:00,894.125,0.999,0.999,,0.001,,0.001,,,,
2026-01-06 03:14:55.507000+00:00,2026-01-06 03:14:56.345856+00:00,895.507,0.999,0.999,,0.001,,0.001,,,,
2026-01-06 03:14:57.675000+00:00,2026-01-06 03:14:58.462442+00:00,897.675,0.999,0.999,,0.001,,0.001,,,,
2026-01-06 03:14:59.286000+00:00,2026-01-06 03:14:59.462422+00:00,899.286,0.999,0.999,,0.001,,0.001,,,,
