timestamp,collected_at,seconds,mid,bid,ask,asset
2026-01-06 07:30:00+00:00,2026-01-06 07:35:22.957819+00:00,0.0,3217.811,3217.75,3218.12,ETH
2026-01-06 07:30:01+00:00,2026-01-06 07:35:23.988413+00:00,1.0,3217.611,3217.61,3217.92,ETH
2026-01-06 07:30:02+00:00,2026-01-06 07:35:24.992741+00:00,2.0,3217.611,3217.6,3217.83,ETH
2026-01-06 07:30:03+00:00,2026-01-06 07:35:26.002971+00:00,3.0,3216.831,3216.77,3217.07,ETH
2026-01-06 07:30:04+00:00,2026-01-06 07:35:27.020579+00:00,4.0,3216.541,3216.41,3216.6,ETH
2026-01-06 07:30:05+00:00,2026-01-06 07:35:28.008251+00:00,5.0,3216.321,3216.32,3216.65,ETH
2026-01-06 07:30:06+00:00,2026-01-06 07:35:29.016577+00:00,6.0,3216.251,3216.24,3216.65,ETH
2026-01-06 07:30:07+00:00,2026-01-06 07:35:30.022647+00:00,7.0,3216.241,3216.24,3216.49,ETH
2026-01-06 07:30:08+00:00,2026-01-06 07:35:31.026953+00:00,8.0,3216.631,3216.55,3216.89,ETH
2026-01-06 07:30:09+00:00,2026-01-06 07:35:32.038391+00:00,9.0,3216.631,3216.58,3216.86,ETH
2026-01-06 07:30:10+00:00,2026-01-06 07:35:33.034423+00:00,10.0,3216.591,3216.59,3216.93,ETH
2026-01-06 07:30:11+00:00,2026-01-06 07:35:34.039715+00:00,11.0,3216.601,3216.59,3216.96,ETH
2026-01-06 07:30:12+00:00,2026-01-06 07:35:35.053791+00:00,12.0,3216.691,3216.59,3216.78,ETH
2026-01-06 07:30:13+00:00,2026-01-06 07:35:36.058505+00:00,13.0,3216.591,3216.59,3216.97,ETH
2026-01-06 07:30:14+00:00,2026-01-06 07:35:37.073421+00:00,14.0,3216.741,3216.67,3217.21,ETH
2026-01-06 07:30:15+00:00,2026-01-06 07:35:38.074241+00:00,15.0,3217.241,3216.93,3217.42,ETH
2026-01-06 07:30:16+00:00,2026-01-06 07:35:39.071262+00:00,16.0,3217.411,3217.23,3217.73,ETH
2026-01-06 07:30:17+00:00,2026-01-06 07:35:40.088466+00:00,17.0,3217.571,3217.55,3217.93,ETH
2026-01-06 07:30:18+00:00,2026-01-06 07:35:41.099014+00:00,18.0,3217.661,3217.55,3218.38,ETH
2026-01-06 07:30:19+00:00,2026-01-06 07:35:42.102653+00:00,19.0,3218.441,3218.34,3218.67,ETH
2026-01-06 07:30:20+00:00,2026-01-06 07:35:43.124301+00:00,20.0,3218.451,3218.34,3218.63,ETH
2026-01-06 07:30:21+00:00,2026-01-06 07:35:44.139678+00:00,21.0,3218.451,3218.34,3218.5,ETH
2026-01-06 07:30:22+00:00,2026-01-06 07:35:45.140826+00:00,22.0,3218.441,3218.34,3218.79,ETH
2026-01-06 07:30:23+00:00,2026-01-06 07:35:46.141410+00:00,23.0,3218.441,3218.33,3218.94,ETH
2026-01-06 07:30:24+00:00,2026-01-06 07:35:47.159040+00:00,24.0,3218.441,3218.33,3218.78,ETH
2026-01-06 07:30:25+00:00,2026-01-06 07:35:48.156002+00:00,25.0,3218.431,3218.3,3218.73,ETH
2026-01-06 07:30:26+00:00,2026-01-06 07:35:49.163217+00:00,26.0,3218.161,3218.02,3218.5,ETH
2026-01-06 07:30:27+00:00,2026-01-06 07:35:50.173964+00:00,27.0,3217.611,3217.6,3218.12,ETH
2026-01-06 07:30:28+00:00,2026-01-06 07:35:51.185007+00:00,28.0,3217.611,3217.6,3217.99,ETH
2026-01-06 07:30:29+00:00,2026-01-06 07:35:52.226675+00:00,29.0,3217.661,3217.61,3217.82,ETH
2026-01-06 07:30:30+00:00,2026-01-06 07:35:53.234533+00:00,30.0,3217.731,3217.62,3217.9,ETH
2026-01-06 07:30:31+00:00,2026-01-06 07:35:54.237379+00:00,31.0,3217.781,3217.62,3218.01,ETH
2026-01-06 07:30:32+00:00,2026-01-06 07:35:55.256791+00:00,32.0,3217.801,3217.62,3217.98,ETH
2026-01-06 07:30:33+00:00,2026-01-06 07:35:56.250616+00:00,33.0,3217.741,3217.62,3217.97,ETH
2026-01-06 07:30:34+00:00,2026-01-06 07:35:57.235022+00:00,34.0,3217.651,3217.62,3218.02,ETH
2026-01-06 07:30:35+00:00,2026-01-06 07:35:58.264251+00:00,35.0,3217.621,3217.62,3217.98,ETH
2026-01-06 07:30:36+00:00,2026-01-06 07:35:59.243243+00:00,36.0,3217.511,3217.35,3217.7,ETH
2026-01-06 07:30:37+00:00,2026-01-06 07:36:00.228787+00:00,37.0,3217.251,3217.09,3217.49,ETH
2026-01-06 07:30:38+00:00,2026-01-06 07:36:01.272706+00:00,38.0,3217.091,3217.09,3217.47,ETH
2026-01-06 07:30:39+00:00,2026-01-06 07:36:02.259160+00:00,39.0,3217.091,3217.09,3217.45,ETH
2026-01-06 07:30:40+00:00,2026-01-06 07:36:03.267716+00:00,40.0,3217.091,3217.09,3217.46,ETH
2026-01-06 07:30:41+00:00,2026-01-06 07:36:04.354469+00:00,41.0,3217.311,3217.31,3217.56,ETH
2026-01-06 07:30:42+00:00,2026-01-06 07:36:05.362642+00:00,42.0,3217.531,3217.52,3217.71,ETH
2026-01-06 07:30:43+00:00,2026-01-06 07:36:06.355530+00:00,43.0,3217.561,3217.56,3217.82,ETH
2026-01-06 07:30:44+00:00,2026-01-06 07:36:07.375417+00:00,44.0,3217.591,3217.59,3217.89,ETH
2026-01-06 07:30:45+00:00,2026-01-06 07:36:08.397809+00:00,45.0,3217.591,3217.59,3217.95,ETH
2026-01-06 07:30:46+00:00,2026-01-06 07:36:09.384608+00:00,46.0,3217.591,3217.59,3218.0,ETH
2026-01-06 07:30:47+00:00,2026-01-06 07:36:10.389326+00:00,47.0,3217.611,3217.6,3217.98,ETH
2026-01-06 07:30:48+00:00,2026-01-06 07:36:11.409963+00:00,48.0,3217.891,3217.78,3218.15,ETH
2026-01-06 07:30:49+00:00,2026-01-06 07:36:12.421108+00:00,49.0,3217.871,3217.69,3218.15,ETH
2026-01-06 07:30:50+00:00,2026-01-06 07:36:13.425617+00:00,50.0,3217.901,3217.53,3218.1,ETH
2026-01-06 07:30:51+00:00,2026-01-06 07:36:14.438748+00:00,51.0,3217.651,3217.53,3218.12,ETH
2026-01-06 07:30:52+00:00,2026-01-06 07:36:15.436289+00:00,52.0,3217.651,3217.64,3218.12,ETH
2026-01-06 07:30:53+00:00,2026-01-06 07:36:16.456153+00:00,53.0,3217.651,3217.64,3218.1,ETH
2026-01-06 07:30:54+00:00,2026-01-06 07:36:17.472550+00:00,54.0,3217.611,3217.48,3217.92,ETH
2026-01-06 07:30:55+00:00,2026-01-06 07:36:18.483545+00:00,55.0,3217.361,3217.19,3217.68,ETH
2026-01-06 07:30:56+00:00,2026-01-06 07:36:19.489144+00:00,56.0,3217.121,3217.11,3217.68,ETH
2026-01-06 07:30:57+00:00,2026-01-06 07:36:20.522320+00:00,57.0,3217.131,3217.11,3217.58,ETH
2026-01-06 07:30:58+00:00,2026-01-06 07:36:21.539363+00:00,58.0,3217.101,3217.1,3217.52,ETH
2026-01-06 07:30:59+00:00,2026-01-06 07:36:22.536108+00:00,59.0,3217.291,3217.24,3217.56,ETH
2026-01-06 07:31:00+00:00,2026-01-06 07:36:23.550834+00:00,60.0,3217.411,3217.33,3217.57,ETH
2026-01-06 07:31:01+00:00,2026-01-06 07:36:24.575784+00:00,61.0,3217.411,3217.34,3217.6,ETH
2026-01-06 07:31:02+00:00,2026-01-06 07:36:25.569368+00:00,62.0,3217.451,3217.45,3217.6,ETH
2026-01-06 07:31:03+00:00,2026-01-06 07:36:26.549011+00:00,63.0,3217.321,3216.9,3217.46,ETH
2026-01-06 07:31:04+00:00,2026-01-06 07:36:27.557461+00:00,64.0,3216.951,3216.9,3217.48,ETH
2026-01-06 07:31:05+00:00,2026-01-06 07:36:28.569116+00:00,65.0,3217.041,3216.9,3217.51,ETH
2026-01-06 07:31:06+00:00,2026-01-06 07:36:29.575180+00:00,66.0,3217.041,3216.9,3217.49,ETH
2026-01-06 07:31:07+00:00,2026-01-06 07:36:30.583591+00:00,67.0,3217.041,3216.9,3217.43,ETH
2026-01-06 07:31:08+00:00,2026-01-06 07:36:31.602816+00:00,68.0,3216.991,3216.77,3217.37,ETH
2026-01-06 07:31:09+00:00,2026-01-06 07:36:32.605608+00:00,69.0,3216.821,3216.76,3217.37,ETH
2026-01-06 07:31:10+00:00,2026-01-06 07:36:34.638378+00:00,70.0,3217.191,3217.04,3217.49,ETH
2026-01-06 07:31:12+00:00,2026-01-06 07:36:35.696169+00:00,72.0,3217.571,3217.49,3217.9,ETH
2026-01-06 07:31:13+00:00,2026-01-06 07:36:36.707540+00:00,73.0,3217.741,3217.7,3218.03,ETH
2026-01-06 07:31:14+00:00,2026-01-06 07:36:37.699140+00:00,74.0,3217.751,3217.69,3218.09,ETH
2026-01-06 07:31:15+00:00,2026-01-06 07:36:38.701211+00:00,75.0,3217.801,3217.7,3218.09,ETH
2026-01-06 07:31:16+00:00,2026-01-06 07:36:39.681814+00:00,76.0,3217.851,3217.71,3218.1,ETH
2026-01-06 07:31:17+00:00,2026-01-06 07:36:40.708443+00:00,77.0,3217.911,3217.72,3218.1,ETH
2026-01-06 07:31:18+00:00,2026-01-06 07:36:41.700090+00:00,78.0,3217.911,3217.77,3218.12,ETH
2026-01-06 07:31:19+00:00,2026-01-06 07:36:42.712342+00:00,79.0,3218.211,3217.99,3218.7,ETH
2026-01-06 07:31:20+00:00,2026-01-06 07:36:43.711540+00:00,80.0,3218.241,3217.99,3218.72,ETH
2026-01-06 07:31:21+00:00,2026-01-06 07:36:44.730848+00:00,81.0,3218.281,3218.08,3218.7,ETH
2026-01-06 07:31:22+00:00,2026-01-06 07:36:45.727622+00:00,82.0,3218.281,3218.08,3218.6,ETH
2026-01-06 07:31:23+00:00,2026-01-06 07:36:46.734900+00:00,83.0,3218.081,3218.08,3218.46,ETH
2026-01-06 07:31:24+00:00,2026-01-06 07:36:47.753034+00:00,84.0,3217.941,3217.77,3218.13,ETH
2026-01-06 07:31:25+00:00,2026-01-06 07:36:48.751332+00:00,85.0,3217.681,3217.68,3217.98,ETH
2026-01-06 07:31:26+00:00,2026-01-06 07:36:49.751423+00:00,86.0,3217.681,3217.68,3217.86,ETH
2026-01-06 07:31:27+00:00,2026-01-06 07:36:50.771871+00:00,87.0,3217.681,3217.68,3217.84,ETH
2026-01-06 07:31:28+00:00,2026-01-06 07:36:51.771292+00:00,88.0,3217.911,3217.85,3218.04,ETH
2026-01-06 07:31:29+00:00,2026-01-06 07:36:52.785196+00:00,89.0,3217.931,3217.85,3218.37,ETH
2026-01-06 07:31:30+00:00,2026-01-06 07:36:53.802556+00:00,90.0,3218.241,3218.12,3218.71,ETH
2026-01-06 07:31:31+00:00,2026-01-06 07:36:54.810601+00:00,91.0,3218.391,3218.29,3218.79,ETH
2026-01-06 07:31:32+00:00,2026-01-06 07:36:55.815109+00:00,92.0,3218.401,3218.29,3218.75,ETH
2026-01-06 07:31:33+00:00,2026-01-06 07:36:56.826575+00:00,93.0,3218.401,3218.28,3218.76,ETH
2026-01-06 07:31:34+00:00,2026-01-06 07:36:57.829252+00:00,94.0,3218.401,3218.25,3218.79,ETH
2026-01-06 07:31:35+00:00,2026-01-06 07:36:59.817383+00:00,95.0,3218.441,3218.27,3218.68,ETH
2026-01-06 07:31:36+00:00,2026-01-06 07:37:00.820522+00:00,96.0,3218.121,3217.79,3218.31,ETH
2026-01-06 07:31:37+00:00,2026-01-06 07:37:01.849152+00:00,97.0,3217.341,3217.08,3217.71,ETH
2026-01-06 07:31:38+00:00,2026-01-06 07:37:02.850731+00:00,98.0,3216.921,3216.86,3217.57,ETH
2026-01-06 07:31:39+00:00,2026-01-06 07:37:03.852397+00:00,99.0,3216.911,3216.86,3217.52,ETH
2026-01-06 07:31:40+00:00,2026-01-06 07:37:04.854115+00:00,100.0,3216.941,3216.86,3217.54,ETH
2026-01-06 07:31:41+00:00,2026-01-06 07:37:05.853133+00:00,101.0,3216.961,3216.86,3217.51,ETH
2026-01-06 07:31:42+00:00,2026-01-06 07:37:06.850616+00:00,102.0,3216.961,3216.86,3217.5,ETH
2026-01-06 07:31:43+00:00,2026-01-06 07:37:07.848249+00:00,103.0,3216.941,3216.86,3217.5,ETH
2026-01-06 07:31:44+00:00,2026-01-06 07:37:08.839017+00:00,104.0,3216.931,3216.86,3217.48,ETH
2026-01-06 07:31:45+00:00,2026-01-06 07:37:09.835286+00:00,105.0,3216.901,3216.86,3217.5,ETH
2026-01-06 07:31:46+00:00,2026-01-06 07:37:10.835540+00:00,106.0,3216.881,3216.86,3217.49,ETH
2026-01-06 07:31:47+00:00,2026-01-06 07:37:11.837032+00:00,107.0,3216.881,3216.72,3217.24,ETH
2026-01-06 07:31:48+00:00,2026-01-06 07:37:12.836797+00:00,108.0,3216.891,3216.6,3217.0,ETH
2026-01-06 07:31:49+00:00,2026-01-06 07:37:13.854085+00:00,109.0,3216.741,3216.59,3217.0,ETH
2026-01-06 07:31:50+00:00,2026-01-06 07:37:14.852336+00:00,110.0,3216.591,3216.58,3217.01,ETH
2026-01-06 07:31:51+00:00,2026-01-06 07:37:15.868616+00:00,111.0,3216.591,3216.59,3217.02,ETH
2026-01-06 07:31:52+00:00,2026-01-06 07:37:16.865864+00:00,112.0,3216.591,3216.59,3216.98,ETH
2026-01-06 07:31:53+00:00,2026-01-06 07:37:17.849991+00:00,113.0,3216.591,3216.59,3216.91,ETH
2026-01-06 07:31:54+00:00,2026-01-06 07:37:18.852640+00:00,114.0,3216.591,3216.59,3216.89,ETH
2026-01-06 07:31:55+00:00,2026-01-06 07:37:19.857552+00:00,115.0,3216.521,3216.51,3216.8,ETH
2026-01-06 07:31:56+00:00,2026-01-06 07:37:20.870394+00:00,116.0,3216.481,3216.47,3216.74,ETH
2026-01-06 07:31:57+00:00,2026-01-06 07:37:21.881674+00:00,117.0,3216.561,3216.47,3216.76,ETH
2026-01-06 07:31:58+00:00,2026-01-06 07:37:22.882941+00:00,118.0,3216.621,3216.45,3216.77,ETH
2026-01-06 07:31:59+00:00,2026-01-06 07:37:23.903522+00:00,119.0,3216.691,3216.57,3216.81,ETH
2026-01-06 07:32:00+00:00,2026-01-06 07:37:24.916481+00:00,120.0,3216.761,3216.69,3216.85,ETH
2026-01-06 07:32:01+00:00,2026-01-06 07:37:25.922306+00:00,121.0,3216.801,3216.7,3216.88,ETH
2026-01-06 07:32:02+00:00,2026-01-06 07:37:26.932323+00:00,122.0,3216.831,3216.72,3216.88,ETH
2026-01-06 07:32:03+00:00,2026-01-06 07:37:27.953418+00:00,123.0,3216.801,3216.72,3216.88,ETH
2026-01-06 07:32:04+00:00,2026-01-06 07:37:28.950382+00:00,124.0,3216.791,3216.72,3216.9,ETH
2026-01-06 07:32:05+00:00,2026-01-06 07:37:29.969193+00:00,125.0,3216.861,3216.81,3217.06,ETH
2026-01-06 07:32:06+00:00,2026-01-06 07:37:30.992836+00:00,126.0,3216.971,3216.9,3217.2,ETH
2026-01-06 07:32:07+00:00,2026-01-06 07:37:31.998489+00:00,127.0,3216.951,3216.77,3217.2,ETH
2026-01-06 07:32:08+00:00,2026-01-06 07:37:33.017109+00:00,128.0,3216.881,3216.75,3217.2,ETH
2026-01-06 07:32:09+00:00,2026-01-06 07:37:34.017569+00:00,129.0,3216.901,3216.87,3217.12,ETH
2026-01-06 07:32:10+00:00,2026-01-06 07:37:35.017305+00:00,130.0,3216.911,3216.9,3217.05,ETH
2026-01-06 07:32:11+00:00,2026-01-06 07:37:36.035911+00:00,131.0,3216.911,3216.89,3217.07,ETH
2026-01-06 07:32:12+00:00,2026-01-06 07:37:37.033898+00:00,132.0,3216.911,3216.89,3217.05,ETH
2026-01-06 07:32:13+00:00,2026-01-06 07:37:38.033945+00:00,133.0,3216.911,3216.89,3217.04,ETH
2026-01-06 07:32:14+00:00,2026-01-06 07:37:39.041092+00:00,134.0,3216.911,3216.89,3217.04,ETH
2026-01-06 07:32:15+00:00,2026-01-06 07:37:40.048212+00:00,135.0,3216.971,3216.9,3217.05,ETH
2026-01-06 07:32:16+00:00,2026-01-06 07:37:41.068342+00:00,136.0,3216.961,3216.82,3217.11,ETH
2026-01-06 07:32:17+00:00,2026-01-06 07:37:42.068633+00:00,137.0,3216.741,3216.52,3216.96,ETH
2026-01-06 07:32:18+00:00,2026-01-06 07:37:43.087629+00:00,138.0,3216.451,3216.31,3216.71,ETH
2026-01-06 07:32:19+00:00,2026-01-06 07:37:44.085325+00:00,139.0,3216.411,3216.35,3216.62,ETH
2026-01-06 07:32:20+00:00,2026-01-06 07:37:45.087743+00:00,140.0,3216.521,3216.45,3216.62,ETH
2026-01-06 07:32:21+00:00,2026-01-06 07:37:46.097792+00:00,141.0,3216.521,3216.49,3216.61,ETH
2026-01-06 07:32:22+00:00,2026-01-06 07:37:47.090449+00:00,142.0,3216.491,3216.44,3216.56,ETH
2026-01-06 07:32:23+00:00,2026-01-06 07:37:48.081665+00:00,143.0,3216.451,3216.4,3216.53,ETH
2026-01-06 07:32:24+00:00,2026-01-06 07:37:49.085543+00:00,144.0,3216.521,3216.47,3216.61,ETH
2026-01-06 07:32:25+00:00,2026-01-06 07:37:50.085155+00:00,145.0,3215.921,3215.73,3215.98,ETH
2026-01-06 07:32:26+00:00,2026-01-06 07:37:51.085322+00:00,146.0,3215.711,3215.7,3216.01,ETH
2026-01-06 07:32:27+00:00,2026-01-06 07:37:52.088290+00:00,147.0,3215.411,3215.36,3215.64,ETH
2026-01-06 07:32:28+00:00,2026-01-06 07:37:53.097704+00:00,148.0,3214.991,3214.88,3215.47,ETH
2026-01-06 07:32:29+00:00,2026-01-06 07:37:54.101435+00:00,149.0,3214.751,3214.55,3214.87,ETH
2026-01-06 07:32:30+00:00,2026-01-06 07:37:55.098312+00:00,150.0,3214.491,3214.49,3214.76,ETH
2026-01-06 07:32:31+00:00,2026-01-06 07:37:56.100155+00:00,151.0,3214.491,3214.48,3214.72,ETH
2026-01-06 07:32:32+00:00,2026-01-06 07:37:57.098053+00:00,152.0,3214.491,3214.48,3214.73,ETH
2026-01-06 07:32:33+00:00,2026-01-06 07:37:58.100702+00:00,153.0,3214.801,3214.62,3214.92,ETH
2026-01-06 07:32:34+00:00,2026-01-06 07:37:59.152632+00:00,154.0,3214.021,3213.96,3214.08,ETH
2026-01-06 07:32:35+00:00,2026-01-06 07:38:00.207806+00:00,155.0,3213.871,3213.59,3214.07,ETH
2026-01-06 07:32:36+00:00,2026-01-06 07:38:01.198941+00:00,156.0,3214.141,3213.76,3214.38,ETH
2026-01-06 07:32:37+00:00,2026-01-06 07:38:02.198322+00:00,157.0,3214.371,3214.08,3214.7,ETH
2026-01-06 07:32:38+00:00,2026-01-06 07:38:03.220960+00:00,158.0,3214.651,3214.39,3214.89,ETH
2026-01-06 07:32:39+00:00,2026-01-06 07:38:04.192801+00:00,159.0,3214.871,3214.61,3214.97,ETH
2026-01-06 07:32:40+00:00,2026-01-06 07:38:05.211459+00:00,160.0,3214.971,3214.83,3215.03,ETH
2026-01-06 07:32:41+00:00,2026-01-06 07:38:06.214439+00:00,161.0,3214.911,3214.85,3214.99,ETH
2026-01-06 07:32:42+00:00,2026-01-06 07:38:07.216973+00:00,162.0,3214.931,3214.86,3215.07,ETH
2026-01-06 07:32:43+00:00,2026-01-06 07:38:08.232000+00:00,163.0,3215.031,3214.88,3215.2,ETH
2026-01-06 07:32:44+00:00,2026-01-06 07:38:09.230742+00:00,164.0,3215.031,3214.89,3215.24,ETH
2026-01-06 07:32:45+00:00,2026-01-06 07:38:10.244668+00:00,165.0,3215.031,3214.9,3215.26,ETH
2026-01-06 07:32:46+00:00,2026-01-06 07:38:11.267772+00:00,166.0,3215.031,3214.9,3215.27,ETH
2026-01-06 07:32:47+00:00,2026-01-06 07:38:12.280457+00:00,167.0,3215.031,3214.9,3215.26,ETH
2026-01-06 07:32:48+00:00,2026-01-06 07:38:13.296276+00:00,168.0,3215.201,3214.97,3215.37,ETH
2026-01-06 07:32:49+00:00,2026-01-06 07:38:14.297449+00:00,169.0,3215.201,3214.98,3215.28,ETH
2026-01-06 07:32:50+00:00,2026-01-06 07:38:15.302895+00:00,170.0,3215.171,3215.12,3215.22,ETH
2026-01-06 07:32:51+00:00,2026-01-06 07:38:16.300817+00:00,171.0,3215.131,3215.09,3215.19,ETH
2026-01-06 07:32:52+00:00,2026-01-06 07:38:17.313562+00:00,172.0,3215.111,3215.09,3215.19,ETH
2026-01-06 07:32:53+00:00,2026-01-06 07:38:18.333831+00:00,173.0,3214.631,3214.57,3214.69,ETH
2026-01-06 07:32:54+00:00,2026-01-06 07:38:19.331993+00:00,174.0,3214.621,3214.62,3214.9,ETH
2026-01-06 07:32:55+00:00,2026-01-06 07:38:20.347591+00:00,175.0,3214.621,3214.62,3214.73,ETH
2026-01-06 07:32:56+00:00,2026-01-06 07:38:21.364734+00:00,176.0,3214.621,3214.62,3214.73,ETH
2026-01-06 07:32:57+00:00,2026-01-06 07:38:22.362701+00:00,177.0,3214.461,3214.45,3214.76,ETH
2026-01-06 07:32:58+00:00,2026-01-06 07:38:23.380177+00:00,178.0,3214.471,3214.46,3214.79,ETH
2026-01-06 07:32:59+00:00,2026-01-06 07:38:24.383491+00:00,179.0,3214.871,3214.83,3215.03,ETH
2026-01-06 07:33:00+00:00,2026-01-06 07:38:25.381144+00:00,180.0,3215.011,3214.95,3215.07,ETH
2026-01-06 07:33:01+00:00,2026-01-06 07:38:26.398574+00:00,181.0,3215.031,3215.02,3215.18,ETH
2026-01-06 07:33:02+00:00,2026-01-06 07:38:27.397995+00:00,182.0,3215.031,3215.02,3215.24,ETH
2026-01-06 07:33:03+00:00,2026-01-06 07:38:28.409041+00:00,183.0,3214.881,3214.88,3215.28,ETH
2026-01-06 07:33:04+00:00,2026-01-06 07:38:29.415317+00:00,184.0,3214.881,3214.88,3215.28,ETH
2026-01-06 07:33:05+00:00,2026-01-06 07:38:30.429517+00:00,185.0,3214.881,3214.88,3215.29,ETH
2026-01-06 07:33:06+00:00,2026-01-06 07:38:31.431091+00:00,186.0,3214.881,3214.88,3215.3,ETH
2026-01-06 07:33:07+00:00,2026-01-06 07:38:32.430161+00:00,187.0,3215.181,3215.03,3215.42,ETH
2026-01-06 07:33:08+00:00,2026-01-06 07:38:33.446651+00:00,188.0,3215.431,3215.42,3215.72,ETH
2026-01-06 07:33:09+00:00,2026-01-06 07:38:34.447141+00:00,189.0,3215.891,3215.89,3216.05,ETH
2026-01-06 07:33:10+00:00,2026-01-06 07:38:35.433306+00:00,190.0,3216.051,3216.05,3216.14,ETH
2026-01-06 07:33:11+00:00,2026-01-06 07:38:36.445910+00:00,191.0,3216.051,3216.05,3216.16,ETH
2026-01-06 07:33:12+00:00,2026-01-06 07:38:37.433769+00:00,192.0,3215.901,3215.9,3216.16,ETH
2026-01-06 07:33:13+00:00,2026-01-06 07:38:38.436691+00:00,193.0,3215.901,3215.9,3216.23,ETH
2026-01-06 07:33:14+00:00,2026-01-06 07:38:39.447375+00:00,194.0,3215.901,3215.9,3216.27,ETH
2026-01-06 07:33:15+00:00,2026-01-06 07:38:40.445205+00:00,195.0,3215.951,3215.9,3216.24,ETH
2026-01-06 07:33:16+00:00,2026-01-06 07:38:41.642081+00:00,196.0,3215.941,3215.9,3216.25,ETH
2026-01-06 07:33:17+00:00,2026-01-06 07:38:42.644489+00:00,197.0,3216.111,3215.85,3216.28,ETH
2026-01-06 07:33:18+00:00,2026-01-06 07:38:43.644254+00:00,198.0,3216.111,3215.84,3216.29,ETH
2026-01-06 07:33:19+00:00,2026-01-06 07:38:44.652822+00:00,199.0,3216.111,3215.88,3216.35,ETH
2026-01-06 07:33:20+00:00,2026-01-06 07:38:45.661098+00:00,200.0,3216.111,3215.89,3216.33,ETH
2026-01-06 07:33:21+00:00,2026-01-06 07:38:46.664753+00:00,201.0,3216.111,3215.9,3216.35,ETH
2026-01-06 07:33:22+00:00,2026-01-06 07:38:47.682248+00:00,202.0,3216.111,3215.9,3216.34,ETH
2026-01-06 07:33:23+00:00,2026-01-06 07:38:48.698427+00:00,203.0,3216.111,3215.96,3216.43,ETH
2026-01-06 07:33:24+00:00,2026-01-06 07:38:49.696720+00:00,204.0,3216.251,3216.15,3216.54,ETH
2026-01-06 07:33:25+00:00,2026-01-06 07:38:50.704542+00:00,205.0,3216.381,3216.33,3216.65,ETH
2026-01-06 07:33:26+00:00,2026-01-06 07:38:51.709867+00:00,206.0,3216.381,3216.34,3216.65,ETH
2026-01-06 07:33:27+00:00,2026-01-06 07:38:52.725975+00:00,207.0,3216.381,3216.33,3216.59,ETH
2026-01-06 07:33:28+00:00,2026-01-06 07:38:53.725344+00:00,208.0,3216.261,3216.21,3216.63,ETH
2026-01-06 07:33:29+00:00,2026-01-06 07:38:54.730118+00:00,209.0,3216.261,3216.25,3216.62,ETH
2026-01-06 07:33:30+00:00,2026-01-06 07:38:55.732300+00:00,210.0,3216.261,3216.25,3216.62,ETH
2026-01-06 07:33:31+00:00,2026-01-06 07:38:56.783071+00:00,211.0,3216.241,3216.21,3216.58,ETH
2026-01-06 07:33:32+00:00,2026-01-06 07:38:57.790410+00:00,212.0,3216.221,3216.18,3216.58,ETH
2026-01-06 07:33:33+00:00,2026-01-06 07:38:58.784458+00:00,213.0,3216.221,3216.19,3216.6,ETH
2026-01-06 07:33:34+00:00,2026-01-06 07:38:59.760519+00:00,214.0,3216.211,3216.19,3216.6,ETH
2026-01-06 07:33:35+00:00,2026-01-06 07:39:00.776329+00:00,215.0,3216.251,3216.18,3216.61,ETH
2026-01-06 07:33:36+00:00,2026-01-06 07:39:01.778029+00:00,216.0,3216.311,3216.2,3216.61,ETH
2026-01-06 07:33:37+00:00,2026-01-06 07:39:02.795021+00:00,217.0,3216.311,3216.23,3216.65,ETH
2026-01-06 07:33:38+00:00,2026-01-06 07:39:03.801073+00:00,218.0,3216.401,3216.37,3216.68,ETH
2026-01-06 07:33:39+00:00,2026-01-06 07:39:04.814993+00:00,219.0,3216.571,3216.5,3217.03,ETH
2026-01-06 07:33:40+00:00,2026-01-06 07:39:05.832752+00:00,220.0,3216.731,3216.62,3217.16,ETH
2026-01-06 07:33:41+00:00,2026-01-06 07:39:06.816244+00:00,221.0,3216.891,3216.83,3216.93,ETH
2026-01-06 07:33:42+00:00,2026-01-06 07:39:07.831276+00:00,222.0,3217.051,3216.83,3217.11,ETH
2026-01-06 07:33:43+00:00,2026-01-06 07:39:08.847359+00:00,223.0,3217.241,3217.14,3217.6,ETH
2026-01-06 07:33:44+00:00,2026-01-06 07:39:09.865358+00:00,224.0,3217.251,3217.25,3217.55,ETH
2026-01-06 07:33:45+00:00,2026-01-06 07:39:10.859695+00:00,225.0,3217.371,3217.25,3217.7,ETH
2026-01-06 07:33:46+00:00,2026-01-06 07:39:11.883915+00:00,226.0,3217.311,3217.24,3217.68,ETH
2026-01-06 07:33:47+00:00,2026-01-06 07:39:12.867062+00:00,227.0,3217.381,3217.25,3217.72,ETH
2026-01-06 07:33:48+00:00,2026-01-06 07:39:13.861223+00:00,228.0,3217.381,3217.24,3217.74,ETH
2026-01-06 07:33:49+00:00,2026-01-06 07:39:14.879141+00:00,229.0,3217.321,3217.25,3217.7,ETH
2026-01-06 07:33:50+00:00,2026-01-06 07:39:15.883392+00:00,230.0,3217.411,3217.33,3217.89,ETH
2026-01-06 07:33:51+00:00,2026-01-06 07:39:16.891880+00:00,231.0,3217.411,3217.37,3217.89,ETH
2026-01-06 07:33:52+00:00,2026-01-06 07:39:17.903601+00:00,232.0,3217.411,3217.37,3217.67,ETH
2026-01-06 07:33:53+00:00,2026-01-06 07:39:18.902086+00:00,233.0,3217.411,3217.41,3217.72,ETH
2026-01-06 07:33:54+00:00,2026-01-06 07:39:19.934103+00:00,234.0,3217.561,3217.41,3217.84,ETH
2026-01-06 07:33:55+00:00,2026-01-06 07:39:20.936211+00:00,235.0,3217.961,3217.8,3218.13,ETH
2026-01-06 07:33:56+00:00,2026-01-06 07:39:21.991232+00:00,236.0,3217.951,3217.86,3218.01,ETH
2026-01-06 07:33:57+00:00,2026-01-06 07:39:22.992077+00:00,237.0,3218.001,3217.72,3218.06,ETH
2026-01-06 07:33:58+00:00,2026-01-06 07:39:23.994896+00:00,238.0,3217.921,3217.58,3217.96,ETH
2026-01-06 07:33:59+00:00,2026-01-06 07:39:26.016468+00:00,239.0,3217.571,3217.54,3217.65,ETH
2026-01-06 07:34:00+00:00,2026-01-06 07:39:27.028475+00:00,240.0,3217.511,3217.44,3217.61,ETH
2026-01-06 07:34:01+00:00,2026-01-06 07:39:28.033567+00:00,241.0,3217.261,3217.17,3217.35,ETH
2026-01-06 07:34:02+00:00,2026-01-06 07:39:29.044573+00:00,242.0,3216.951,3216.87,3217.12,ETH
2026-01-06 07:34:03+00:00,2026-01-06 07:39:30.060779+00:00,243.0,3216.811,3216.75,3217.11,ETH
2026-01-06 07:34:04+00:00,2026-01-06 07:39:31.076330+00:00,244.0,3216.751,3216.66,3216.93,ETH
2026-01-06 07:34:05+00:00,2026-01-06 07:39:32.077917+00:00,245.0,3216.491,3216.41,3216.66,ETH
2026-01-06 07:34:06+00:00,2026-01-06 07:39:33.093999+00:00,246.0,3216.241,3216.23,3216.58,ETH
2026-01-06 07:34:07+00:00,2026-01-06 07:39:34.091551+00:00,247.0,3216.281,3216.28,3216.64,ETH
2026-01-06 07:34:08+00:00,2026-01-06 07:39:35.109829+00:00,248.0,3216.351,3216.34,3216.64,ETH
2026-01-06 07:34:09+00:00,2026-01-06 07:39:36.124093+00:00,249.0,3216.351,3216.34,3216.52,ETH
2026-01-06 07:34:10+00:00,2026-01-06 07:39:37.124116+00:00,250.0,3216.351,3216.34,3216.53,ETH
2026-01-06 07:34:11+00:00,2026-01-06 07:39:38.125009+00:00,251.0,3216.351,3216.34,3216.59,ETH
2026-01-06 07:34:12+00:00,2026-01-06 07:39:39.129509+00:00,252.0,3216.281,3216.27,3216.54,ETH
2026-01-06 07:34:13+00:00,2026-01-06 07:39:40.129616+00:00,253.0,3216.211,3216.21,3216.5,ETH
2026-01-06 07:34:14+00:00,2026-01-06 07:39:41.120722+00:00,254.0,3216.101,3216.09,3216.42,ETH
2026-01-06 07:34:15+00:00,2026-01-06 07:39:42.129493+00:00,255.0,3215.991,3215.97,3216.34,ETH
2026-01-06 07:34:16+00:00,2026-01-06 07:39:43.136886+00:00,256.0,3215.181,3215.06,3215.57,ETH
2026-01-06 07:34:17+00:00,2026-01-06 07:39:44.149034+00:00,257.0,3214.351,3214.14,3214.91,ETH
2026-01-06 07:34:18+00:00,2026-01-06 07:39:45.146918+00:00,258.0,3214.481,3214.31,3214.85,ETH
2026-01-06 07:34:19+00:00,2026-01-06 07:39:46.162512+00:00,259.0,3214.601,3214.55,3214.73,ETH
2026-01-06 07:34:20+00:00,2026-01-06 07:39:47.179258+00:00,260.0,3214.601,3214.59,3214.76,ETH
2026-01-06 07:34:21+00:00,2026-01-06 07:39:48.177934+00:00,261.0,3214.741,3214.59,3214.93,ETH
2026-01-06 07:34:22+00:00,2026-01-06 07:39:49.211480+00:00,262.0,3215.101,3214.89,3215.3,ETH
2026-01-06 07:34:23+00:00,2026-01-06 07:39:50.222994+00:00,263.0,3215.231,3215.07,3215.35,ETH
2026-01-06 07:34:24+00:00,2026-01-06 07:39:51.213959+00:00,264.0,3215.021,3214.93,3215.27,ETH
2026-01-06 07:34:25+00:00,2026-01-06 07:39:52.225506+00:00,265.0,3214.971,3214.88,3215.33,ETH
2026-01-06 07:34:26+00:00,2026-01-06 07:39:53.214039+00:00,266.0,3214.961,3214.88,3215.33,ETH
2026-01-06 07:34:27+00:00,2026-01-06 07:39:54.226673+00:00,267.0,3214.921,3214.88,3215.33,ETH
2026-01-06 07:34:28+00:00,2026-01-06 07:39:55.222525+00:00,268.0,3214.921,3214.88,3215.33,ETH
2026-01-06 07:34:29+00:00,2026-01-06 07:39:56.232107+00:00,269.0,3214.891,3214.88,3215.34,ETH
2026-01-06 07:34:30+00:00,2026-01-06 07:39:57.232719+00:00,270.0,3214.891,3214.88,3215.37,ETH
2026-01-06 07:34:31+00:00,2026-01-06 07:39:58.245987+00:00,271.0,3214.901,3214.88,3215.36,ETH
2026-01-06 07:34:32+00:00,2026-01-06 07:39:59.253038+00:00,272.0,3214.921,3214.88,3215.33,ETH
2026-01-06 07:34:33+00:00,2026-01-06 07:40:00.268697+00:00,273.0,3215.081,3214.99,3215.37,ETH
2026-01-06 07:34:34+00:00,2026-01-06 07:40:01.266067+00:00,274.0,3215.241,3215.13,3215.34,ETH
2026-01-06 07:34:35+00:00,2026-01-06 07:40:02.275123+00:00,275.0,3215.241,3215.15,3215.31,ETH
2026-01-06 07:34:36+00:00,2026-01-06 07:40:03.276115+00:00,276.0,3215.091,3215.04,3215.28,ETH
2026-01-06 07:34:37+00:00,2026-01-06 07:40:04.276528+00:00,277.0,3214.941,3214.93,3215.27,ETH
2026-01-06 07:34:38+00:00,2026-01-06 07:40:05.277918+00:00,278.0,3214.941,3214.93,3215.27,ETH
2026-01-06 07:34:39+00:00,2026-01-06 07:40:06.275704+00:00,279.0,3214.941,3214.93,3215.27,ETH
2026-01-06 07:34:40+00:00,2026-01-06 07:40:07.294642+00:00,280.0,3215.031,3214.97,3215.3,ETH
2026-01-06 07:34:41+00:00,2026-01-06 07:40:08.309335+00:00,281.0,3215.221,3215.04,3215.5,ETH
2026-01-06 07:34:42+00:00,2026-01-06 07:40:09.302573+00:00,282.0,3215.511,3215.37,3215.76,ETH
2026-01-06 07:34:43+00:00,2026-01-06 07:40:10.308702+00:00,283.0,3215.711,3215.7,3215.94,ETH
2026-01-06 07:34:44+00:00,2026-01-06 07:40:11.313123+00:00,284.0,3215.881,3215.8,3216.15,ETH
2026-01-06 07:34:45+00:00,2026-01-06 07:40:12.322558+00:00,285.0,3216.041,3215.9,3216.27,ETH
2026-01-06 07:34:46+00:00,2026-01-06 07:40:13.327765+00:00,286.0,3216.041,3216.04,3216.29,ETH
2026-01-06 07:34:47+00:00,2026-01-06 07:40:14.337789+00:00,287.0,3216.041,3216.04,3216.33,ETH
2026-01-06 07:34:48+00:00,2026-01-06 07:40:15.346912+00:00,288.0,3216.121,3216.05,3216.21,ETH
2026-01-06 07:34:49+00:00,2026-01-06 07:40:16.344096+00:00,289.0,3216.061,3216.05,3216.14,ETH
2026-01-06 07:34:50+00:00,2026-01-06 07:40:17.348399+00:00,290.0,3216.161,3216.05,3216.23,ETH
2026-01-06 07:34:51+00:00,2026-01-06 07:40:18.358102+00:00,291.0,3216.171,3216.05,3216.22,ETH
2026-01-06 07:34:52+00:00,2026-01-06 07:40:19.363328+00:00,292.0,3215.981,3215.73,3216.2,ETH
2026-01-06 07:34:53+00:00,2026-01-06 07:40:20.374375+00:00,293.0,3216.001,3215.99,3216.37,ETH
2026-01-06 07:34:54+00:00,2026-01-06 07:40:21.391084+00:00,294.0,3216.001,3215.99,3216.18,ETH
2026-01-06 07:34:55+00:00,2026-01-06 07:40:22.393413+00:00,295.0,3216.001,3215.99,3216.19,ETH
2026-01-06 07:34:56+00:00,2026-01-06 07:40:23.394533+00:00,296.0,3216.001,3216.0,3216.25,ETH
2026-01-06 07:34:57+00:00,2026-01-06 07:40:24.393290+00:00,297.0,3216.001,3216.0,3216.22,ETH
2026-01-06 07:34:58+00:00,2026-01-06 07:40:25.393749+00:00,298.0,3216.001,3216.0,3216.2,ETH
2026-01-06 07:34:59+00:00,2026-01-06 07:40:26.393933+00:00,299.0,3216.041,3216.01,3216.22,ETH
2026-01-06 07:35:00+00:00,2026-01-06 07:40:27.394351+00:00,300.0,3216.011,3216.01,3216.19,ETH
2026-01-06 07:35:01+00:00,2026-01-06 07:40:28.409525+00:00,301.0,3216.001,3215.99,3216.09,ETH
2026-01-06 07:35:02+00:00,2026-01-06 07:40:29.410833+00:00,302.0,3216.001,3215.95,3216.05,ETH
2026-01-06 07:35:03+00:00,2026-01-06 07:40:30.411778+00:00,303.0,3215.551,3215.39,3215.6,ETH
2026-01-06 07:35:04+00:00,2026-01-06 07:40:31.426705+00:00,304.0,3215.401,3215.32,3215.8,ETH
2026-01-06 07:35:05+00:00,2026-01-06 07:40:32.442784+00:00,305.0,3215.431,3215.34,3215.97,ETH
2026-01-06 07:35:06+00:00,2026-01-06 07:40:33.428962+00:00,306.0,3215.491,3215.46,3215.97,ETH
2026-01-06 07:35:07+00:00,2026-01-06 07:40:34.445303+00:00,307.0,3216.241,3216.17,3216.45,ETH
2026-01-06 07:35:08+00:00,2026-01-06 07:40:35.445904+00:00,308.0,3216.291,3216.21,3216.4,ETH
2026-01-06 07:35:09+00:00,2026-01-06 07:40:36.443679+00:00,309.0,3216.291,3216.19,3216.52,ETH
2026-01-06 07:35:10+00:00,2026-01-06 07:40:38.447800+00:00,310.0,3216.431,3216.33,3216.65,ETH
2026-01-06 07:35:11+00:00,2026-01-06 07:40:39.457873+00:00,311.0,3216.541,3216.45,3216.74,ETH
2026-01-06 07:35:12+00:00,2026-01-06 07:40:40.465491+00:00,312.0,3216.551,3216.46,3216.84,ETH
2026-01-06 07:35:13+00:00,2026-01-06 07:40:41.476837+00:00,313.0,3216.561,3216.51,3216.99,ETH
2026-01-06 07:35:14+00:00,2026-01-06 07:40:42.476855+00:00,314.0,3216.731,3216.67,3217.23,ETH
2026-01-06 07:35:15+00:00,2026-01-06 07:40:43.472663+00:00,315.0,3216.941,3216.84,3217.45,ETH
2026-01-06 07:35:16+00:00,2026-01-06 07:40:44.480165+00:00,316.0,3217.111,3217.06,3217.57,ETH
2026-01-06 07:35:17+00:00,2026-01-06 07:40:45.490328+00:00,317.0,3217.281,3217.23,3217.68,ETH
2026-01-06 07:35:18+00:00,2026-01-06 07:40:46.490822+00:00,318.0,3217.351,3217.23,3217.72,ETH
2026-01-06 07:35:19+00:00,2026-01-06 07:40:47.492356+00:00,319.0,3217.421,3217.24,3217.76,ETH
2026-01-06 07:35:20+00:00,2026-01-06 07:40:48.510070+00:00,320.0,3217.451,3217.32,3217.85,ETH
2026-01-06 07:35:21+00:00,2026-01-06 07:40:49.518917+00:00,321.0,3217.521,3217.48,3218.07,ETH
2026-01-06 07:35:22+00:00,2026-01-06 07:40:50.506786+00:00,322.0,3217.761,3217.65,3218.15,ETH
2026-01-06 07:35:23+00:00,2026-01-06 07:40:51.524621+00:00,323.0,3217.931,3217.64,3218.07,ETH
2026-01-06 07:35:24+00:00,2026-01-06 07:40:52.561409+00:00,324.0,3217.621,3217.26,3217.72,ETH
2026-01-06 07:35:25+00:00,2026-01-06 07:40:53.578769+00:00,325.0,3217.281,3217.12,3217.44,ETH
2026-01-06 07:35:26+00:00,2026-01-06 07:40:54.593429+00:00,326.0,3217.251,3217.24,3217.6,ETH
2026-01-06 07:35:27+00:00,2026-01-06 07:40:55.595537+00:00,327.0,3217.251,3217.24,3217.69,ETH
2026-01-06 07:35:28+00:00,2026-01-06 07:40:56.646872+00:00,328.0,3217.281,3217.25,3217.79,ETH
2026-01-06 07:35:29+00:00,2026-01-06 07:40:57.644308+00:00,329.0,3217.401,3217.29,3217.71,ETH
2026-01-06 07:35:30+00:00,2026-01-06 07:40:58.641458+00:00,330.0,3217.401,3217.29,3217.46,ETH
2026-01-06 07:35:31+00:00,2026-01-06 07:40:59.659586+00:00,331.0,3217.401,3217.37,3217.55,ETH
2026-01-06 07:35:32+00:00,2026-01-06 07:41:00.705130+00:00,332.0,3217.551,3217.5,3217.71,ETH
2026-01-06 07:35:33+00:00,2026-01-06 07:41:01.720901+00:00,333.0,3217.691,3217.62,3217.82,ETH
2026-01-06 07:35:34+00:00,2026-01-06 07:41:02.733890+00:00,334.0,3217.771,3217.69,3217.86,ETH
2026-01-06 07:35:35+00:00,2026-01-06 07:41:03.739478+00:00,335.0,3217.711,3217.65,3217.8,ETH
2026-01-06 07:35:36+00:00,2026-01-06 07:41:04.739330+00:00,336.0,3217.671,3217.65,3217.94,ETH
2026-01-06 07:35:37+00:00,2026-01-06 07:41:05.740861+00:00,337.0,3217.791,3217.75,3218.13,ETH
2026-01-06 07:35:38+00:00,2026-01-06 07:41:06.740027+00:00,338.0,3217.711,3217.56,3217.87,ETH
2026-01-06 07:35:39+00:00,2026-01-06 07:41:07.728231+00:00,339.0,3217.391,3217.26,3217.57,ETH
2026-01-06 07:35:40+00:00,2026-01-06 07:41:08.761028+00:00,340.0,3217.271,3217.26,3217.68,ETH
2026-01-06 07:35:41+00:00,2026-01-06 07:41:09.761125+00:00,341.0,3217.461,3217.4,3217.86,ETH
2026-01-06 07:35:42+00:00,2026-01-06 07:41:10.758152+00:00,342.0,3217.661,3217.59,3217.95,ETH
2026-01-06 07:35:43+00:00,2026-01-06 07:41:11.754824+00:00,343.0,3217.671,3217.65,3218.0,ETH
2026-01-06 07:35:44+00:00,2026-01-06 07:41:12.777497+00:00,344.0,3217.671,3217.65,3217.88,ETH
2026-01-06 07:35:45+00:00,2026-01-06 07:41:13.760794+00:00,345.0,3217.611,3217.59,3217.75,ETH
2026-01-06 07:35:46+00:00,2026-01-06 07:41:14.789467+00:00,346.0,3217.561,3217.55,3217.77,ETH
2026-01-06 07:35:47+00:00,2026-01-06 07:41:15.780788+00:00,347.0,3217.881,3217.87,3218.0,ETH
2026-01-06 07:35:48+00:00,2026-01-06 07:41:16.806820+00:00,348.0,3218.361,3218.32,3218.43,ETH
2026-01-06 07:35:49+00:00,2026-01-06 07:41:17.818672+00:00,349.0,3218.521,3218.48,3218.66,ETH
2026-01-06 07:35:50+00:00,2026-01-06 07:41:18.808957+00:00,350.0,3218.521,3218.51,3218.66,ETH
2026-01-06 07:35:51+00:00,2026-01-06 07:41:19.812162+00:00,351.0,3218.521,3218.51,3218.71,ETH
2026-01-06 07:35:52+00:00,2026-01-06 07:41:20.838760+00:00,352.0,3218.521,3218.51,3218.71,ETH
2026-01-06 07:35:53+00:00,2026-01-06 07:41:21.840102+00:00,353.0,3218.511,3218.51,3218.63,ETH
2026-01-06 07:35:54+00:00,2026-01-06 07:41:22.846511+00:00,354.0,3218.511,3218.5,3218.68,ETH
2026-01-06 07:35:55+00:00,2026-01-06 07:41:23.844114+00:00,355.0,3218.511,3218.5,3218.7,ETH
2026-01-06 07:35:56+00:00,2026-01-06 07:41:24.845248+00:00,356.0,3218.511,3218.5,3218.66,ETH
2026-01-06 07:35:57+00:00,2026-01-06 07:41:25.860341+00:00,357.0,3218.431,3218.43,3218.63,ETH
2026-01-06 07:35:58+00:00,2026-01-06 07:41:26.891531+00:00,358.0,3218.361,3218.34,3218.51,ETH
2026-01-06 07:35:59+00:00,2026-01-06 07:41:27.888985+00:00,359.0,3218.351,3218.33,3218.44,ETH
2026-01-06 07:36:00+00:00,2026-01-06 07:41:28.895929+00:00,360.0,3218.411,3218.38,3218.49,ETH
2026-01-06 07:36:01+00:00,2026-01-06 07:41:29.909071+00:00,361.0,3218.471,3218.42,3218.53,ETH
2026-01-06 07:36:02+00:00,2026-01-06 07:41:30.912410+00:00,362.0,3218.241,3218.17,3218.33,ETH
2026-01-06 07:36:03+00:00,2026-01-06 07:41:31.927004+00:00,363.0,3218.011,3217.9,3218.13,ETH
2026-01-06 07:36:04+00:00,2026-01-06 07:41:32.907351+00:00,364.0,3217.891,3217.82,3218.03,ETH
2026-01-06 07:36:05+00:00,2026-01-06 07:41:33.926676+00:00,365.0,3217.771,3217.77,3217.96,ETH
2026-01-06 07:36:06+00:00,2026-01-06 07:41:34.935091+00:00,366.0,3217.771,3217.76,3217.95,ETH
2026-01-06 07:36:07+00:00,2026-01-06 07:41:35.953261+00:00,367.0,3217.771,3217.75,3217.94,ETH
2026-01-06 07:36:08+00:00,2026-01-06 07:41:36.943736+00:00,368.0,3217.771,3217.73,3217.94,ETH
2026-01-06 07:36:09+00:00,2026-01-06 07:41:37.942832+00:00,369.0,3217.731,3217.71,3217.95,ETH
2026-01-06 07:36:10+00:00,2026-01-06 07:41:38.956431+00:00,370.0,3217.731,3217.7,3217.96,ETH
2026-01-06 07:36:11+00:00,2026-01-06 07:41:39.976871+00:00,371.0,3217.621,3217.57,3217.78,ETH
2026-01-06 07:36:12+00:00,2026-01-06 07:41:40.978619+00:00,372.0,3217.451,3217.43,3217.59,ETH
2026-01-06 07:36:13+00:00,2026-01-06 07:41:41.992511+00:00,373.0,3217.271,3217.26,3217.55,ETH
2026-01-06 07:36:14+00:00,2026-01-06 07:41:42.988796+00:00,374.0,3217.091,3217.01,3217.45,ETH
2026-01-06 07:36:15+00:00,2026-01-06 07:41:44.007126+00:00,375.0,3217.011,3216.92,3217.38,ETH
2026-01-06 07:36:16+00:00,2026-01-06 07:41:44.999670+00:00,376.0,3216.971,3216.96,3217.37,ETH
2026-01-06 07:36:17+00:00,2026-01-06 07:41:46.011616+00:00,377.0,3217.011,3217.0,3217.36,ETH
2026-01-06 07:36:18+00:00,2026-01-06 07:41:47.012646+00:00,378.0,3217.011,3217.0,3217.42,ETH
2026-01-06 07:36:19+00:00,2026-01-06 07:41:47.995656+00:00,379.0,3217.011,3217.0,3217.42,ETH
2026-01-06 07:36:20+00:00,2026-01-06 07:41:49.004177+00:00,380.0,3217.011,3217.0,3217.37,ETH
2026-01-06 07:36:21+00:00,2026-01-06 07:41:50.010004+00:00,381.0,3217.011,3217.0,3217.35,ETH
2026-01-06 07:36:22+00:00,2026-01-06 07:41:50.992184+00:00,382.0,3217.011,3217.0,3217.33,ETH
2026-01-06 07:36:23+00:00,2026-01-06 07:41:51.990966+00:00,383.0,3217.011,3217.0,3217.49,ETH
2026-01-06 07:36:24+00:00,2026-01-06 07:41:52.989824+00:00,384.0,3217.001,3217.0,3217.34,ETH
2026-01-06 07:36:25+00:00,2026-01-06 07:41:54.008889+00:00,385.0,3217.011,3217.0,3217.37,ETH
2026-01-06 07:36:26+00:00,2026-01-06 07:41:55.008625+00:00,386.0,3216.691,3216.6,3217.14,ETH
2026-01-06 07:36:27+00:00,2026-01-06 07:41:56.019631+00:00,387.0,3216.461,3216.46,3216.93,ETH
2026-01-06 07:36:28+00:00,2026-01-06 07:41:57.027349+00:00,388.0,3216.461,3216.46,3216.8,ETH
2026-01-06 07:36:29+00:00,2026-01-06 07:41:58.041309+00:00,389.0,3216.461,3216.46,3216.81,ETH
2026-01-06 07:36:30+00:00,2026-01-06 07:41:59.043232+00:00,390.0,3216.461,3216.46,3216.82,ETH
2026-01-06 07:36:31+00:00,2026-01-06 07:42:00.039958+00:00,391.0,3216.461,3216.46,3216.78,ETH
2026-01-06 07:36:32+00:00,2026-01-06 07:42:01.023685+00:00,392.0,3216.101,3215.96,3216.16,ETH
2026-01-06 07:36:33+00:00,2026-01-06 07:42:02.025111+00:00,393.0,3215.901,3215.89,3216.29,ETH
2026-01-06 07:36:34+00:00,2026-01-06 07:42:03.034948+00:00,394.0,3215.901,3215.87,3216.2,ETH
2026-01-06 07:36:35+00:00,2026-01-06 07:42:04.042835+00:00,395.0,3215.901,3215.83,3216.18,ETH
2026-01-06 07:36:36+00:00,2026-01-06 07:42:05.058739+00:00,396.0,3215.901,3215.84,3216.15,ETH
2026-01-06 07:36:37+00:00,2026-01-06 07:42:06.058403+00:00,397.0,3215.901,3215.82,3216.13,ETH
2026-01-06 07:36:38+00:00,2026-01-06 07:42:07.062103+00:00,398.0,3215.901,3215.82,3216.12,ETH
2026-01-06 07:36:39+00:00,2026-01-06 07:42:08.059144+00:00,399.0,3215.901,3215.82,3216.11,ETH
2026-01-06 07:36:40+00:00,2026-01-06 07:42:09.060915+00:00,400.0,3215.901,3215.82,3216.1,ETH
2026-01-06 07:36:41+00:00,2026-01-06 07:42:10.069395+00:00,401.0,3215.901,3215.84,3216.23,ETH
2026-01-06 07:36:42+00:00,2026-01-06 07:42:11.076718+00:00,402.0,3215.901,3215.84,3216.13,ETH
2026-01-06 07:36:43+00:00,2026-01-06 07:42:12.144491+00:00,403.0,3215.901,3215.84,3216.17,ETH
2026-01-06 07:36:44+00:00,2026-01-06 07:42:13.137660+00:00,404.0,3215.891,3215.79,3216.26,ETH
2026-01-06 07:36:45+00:00,2026-01-06 07:42:14.137523+00:00,405.0,3215.891,3215.79,3216.22,ETH
2026-01-06 07:36:46+00:00,2026-01-06 07:42:15.152426+00:00,406.0,3215.891,3215.78,3216.11,ETH
2026-01-06 07:36:47+00:00,2026-01-06 07:42:16.173950+00:00,407.0,3215.891,3215.78,3216.11,ETH
2026-01-06 07:36:48+00:00,2026-01-06 07:42:17.171370+00:00,408.0,3215.891,3215.79,3216.11,ETH
2026-01-06 07:36:49+00:00,2026-01-06 07:42:18.178286+00:00,409.0,3215.891,3215.79,3216.09,ETH
2026-01-06 07:36:50+00:00,2026-01-06 07:42:19.188190+00:00,410.0,3215.891,3215.79,3216.1,ETH
2026-01-06 07:36:51+00:00,2026-01-06 07:42:20.202124+00:00,411.0,3215.891,3215.79,3216.1,ETH
2026-01-06 07:36:52+00:00,2026-01-06 07:42:21.221138+00:00,412.0,3215.891,3215.79,3216.03,ETH
2026-01-06 07:36:53+00:00,2026-01-06 07:42:22.207065+00:00,413.0,3215.891,3215.8,3216.13,ETH
2026-01-06 07:36:54+00:00,2026-01-06 07:42:23.208420+00:00,414.0,3215.891,3215.79,3216.06,ETH
2026-01-06 07:36:55+00:00,2026-01-06 07:42:24.207795+00:00,415.0,3215.891,3215.79,3216.06,ETH
2026-01-06 07:36:56+00:00,2026-01-06 07:42:25.207963+00:00,416.0,3215.741,3215.73,3215.94,ETH
2026-01-06 07:36:57+00:00,2026-01-06 07:42:26.201287+00:00,417.0,3215.741,3215.67,3216.04,ETH
2026-01-06 07:36:58+00:00,2026-01-06 07:42:27.225051+00:00,418.0,3215.741,3215.67,3215.94,ETH
2026-01-06 07:36:59+00:00,2026-01-06 07:42:28.218043+00:00,419.0,3215.741,3215.67,3215.95,ETH
2026-01-06 07:37:00+00:00,2026-01-06 07:42:29.224376+00:00,420.0,3215.741,3215.68,3216.06,ETH
2026-01-06 07:37:01+00:00,2026-01-06 07:42:30.220970+00:00,421.0,3215.741,3215.68,3215.94,ETH
2026-01-06 07:37:02+00:00,2026-01-06 07:42:31.221712+00:00,422.0,3215.741,3215.68,3215.91,ETH
2026-01-06 07:37:03+00:00,2026-01-06 07:42:32.237198+00:00,423.0,3215.741,3215.68,3216.02,ETH
2026-01-06 07:37:04+00:00,2026-01-06 07:42:33.241027+00:00,424.0,3215.721,3215.68,3215.95,ETH
2026-01-06 07:37:05+00:00,2026-01-06 07:42:34.252480+00:00,425.0,3215.741,3215.68,3216.04,ETH
2026-01-06 07:37:06+00:00,2026-01-06 07:42:35.287236+00:00,426.0,3215.741,3215.68,3215.9,ETH
2026-01-06 07:37:07+00:00,2026-01-06 07:42:36.343372+00:00,427.0,3215.741,3215.71,3216.03,ETH
2026-01-06 07:37:08+00:00,2026-01-06 07:42:37.363122+00:00,428.0,3215.741,3215.7,3216.04,ETH
2026-01-06 07:37:09+00:00,2026-01-06 07:42:38.336050+00:00,429.0,3215.741,3215.7,3216.04,ETH
2026-01-06 07:37:10+00:00,2026-01-06 07:42:39.317617+00:00,430.0,3215.741,3215.7,3216.03,ETH
2026-01-06 07:37:11+00:00,2026-01-06 07:42:40.323438+00:00,431.0,3215.541,3215.21,3216.02,ETH
2026-01-06 07:37:12+00:00,2026-01-06 07:42:41.337778+00:00,432.0,3215.341,3214.91,3215.4,ETH
2026-01-06 07:37:13+00:00,2026-01-06 07:42:42.347882+00:00,433.0,3214.891,3214.89,3215.21,ETH
2026-01-06 07:37:14+00:00,2026-01-06 07:42:43.343625+00:00,434.0,3214.891,3214.88,3215.25,ETH
2026-01-06 07:37:15+00:00,2026-01-06 07:42:44.340671+00:00,435.0,3214.891,3214.81,3215.2,ETH
2026-01-06 07:37:16+00:00,2026-01-06 07:42:45.341707+00:00,436.0,3214.891,3214.82,3215.25,ETH
2026-01-06 07:37:17+00:00,2026-01-06 07:42:46.336547+00:00,437.0,3214.891,3214.82,3215.2,ETH
2026-01-06 07:37:18+00:00,2026-01-06 07:42:47.357912+00:00,438.0,3214.891,3214.82,3215.23,ETH
2026-01-06 07:37:19+00:00,2026-01-06 07:42:48.350548+00:00,439.0,3214.891,3214.81,3215.47,ETH
2026-01-06 07:37:20+00:00,2026-01-06 07:42:49.351506+00:00,440.0,3214.891,3214.81,3215.39,ETH
2026-01-06 07:37:21+00:00,2026-01-06 07:42:50.335747+00:00,441.0,3214.891,3214.81,3215.42,ETH
2026-01-06 07:37:22+00:00,2026-01-06 07:42:51.339165+00:00,442.0,3214.891,3214.83,3215.29,ETH
2026-01-06 07:37:23+00:00,2026-01-06 07:42:52.335762+00:00,443.0,3214.891,3214.83,3215.32,ETH
2026-01-06 07:37:24+00:00,2026-01-06 07:42:53.339721+00:00,444.0,3214.891,3214.84,3215.22,ETH
2026-01-06 07:37:25+00:00,2026-01-06 07:42:54.340167+00:00,445.0,3214.831,3214.29,3214.95,ETH
2026-01-06 07:37:26+00:00,2026-01-06 07:42:55.355357+00:00,446.0,3214.591,3214.17,3214.64,ETH
2026-01-06 07:37:27+00:00,2026-01-06 07:42:56.386734+00:00,447.0,3213.951,3213.86,3214.08,ETH
2026-01-06 07:37:28+00:00,2026-01-06 07:42:57.371148+00:00,448.0,3213.721,3213.53,3214.0,ETH
2026-01-06 07:37:29+00:00,2026-01-06 07:42:58.370165+00:00,449.0,3213.711,3213.53,3213.93,ETH
2026-01-06 07:37:30+00:00,2026-01-06 07:42:59.405908+00:00,450.0,3213.541,3213.53,3213.93,ETH
2026-01-06 07:37:31+00:00,2026-01-06 07:43:00.410365+00:00,451.0,3213.541,3213.54,3213.93,ETH
2026-01-06 07:37:32+00:00,2026-01-06 07:43:01.406405+00:00,452.0,3213.781,3213.63,3214.1,ETH
2026-01-06 07:37:33+00:00,2026-01-06 07:43:02.418596+00:00,453.0,3213.631,3213.39,3213.69,ETH
2026-01-06 07:37:34+00:00,2026-01-06 07:43:03.421071+00:00,454.0,3213.621,3213.27,3213.66,ETH
2026-01-06 07:37:35+00:00,2026-01-06 07:43:05.435623+00:00,455.0,3213.111,3213.11,3213.48,ETH
2026-01-06 07:37:36+00:00,2026-01-06 07:43:06.435207+00:00,456.0,3213.061,3213.03,3213.55,ETH
2026-01-06 07:37:37+00:00,2026-01-06 07:43:07.456315+00:00,457.0,3212.951,3212.84,3213.24,ETH
2026-01-06 07:37:38+00:00,2026-01-06 07:43:08.470323+00:00,458.0,3212.951,3212.73,3213.07,ETH
2026-01-06 07:37:39+00:00,2026-01-06 07:43:09.491874+00:00,459.0,3213.181,3213.03,3213.27,ETH
2026-01-06 07:37:40+00:00,2026-01-06 07:43:10.490816+00:00,460.0,3213.261,3213.25,3213.35,ETH
2026-01-06 07:37:41+00:00,2026-01-06 07:43:11.534855+00:00,461.0,3213.531,3213.52,3213.64,ETH
2026-01-06 07:37:42+00:00,2026-01-06 07:43:12.521190+00:00,462.0,3213.831,3213.8,3214.05,ETH
2026-01-06 07:37:43+00:00,2026-01-06 07:43:13.521063+00:00,463.0,3214.171,3214.15,3214.37,ETH
2026-01-06 07:37:44+00:00,2026-01-06 07:43:14.530643+00:00,464.0,3214.481,3214.48,3214.64,ETH
2026-01-06 07:37:45+00:00,2026-01-06 07:43:15.604982+00:00,465.0,3214.481,3214.48,3214.71,ETH
2026-01-06 07:37:46+00:00,2026-01-06 07:43:16.624963+00:00,466.0,3214.021,3213.98,3214.13,ETH
2026-01-06 07:37:47+00:00,2026-01-06 07:43:17.622252+00:00,467.0,3213.461,3213.42,3213.62,ETH
2026-01-06 07:37:48+00:00,2026-01-06 07:43:18.639320+00:00,468.0,3213.351,3213.34,3213.56,ETH
2026-01-06 07:37:49+00:00,2026-01-06 07:43:19.652794+00:00,469.0,3213.351,3213.34,3213.52,ETH
2026-01-06 07:37:51+00:00,2026-01-06 07:43:20.707035+00:00,471.0,3213.351,3213.34,3213.54,ETH
2026-01-06 07:37:52+00:00,2026-01-06 07:43:21.730548+00:00,472.0,3213.351,3213.34,3213.56,ETH
2026-01-06 07:37:53+00:00,2026-01-06 07:43:22.706913+00:00,473.0,3213.351,3213.34,3213.59,ETH
2026-01-06 07:37:54+00:00,2026-01-06 07:43:23.702196+00:00,474.0,3213.351,3213.34,3213.58,ETH
2026-01-06 07:37:55+00:00,2026-01-06 07:43:24.722169+00:00,475.0,3213.301,3213.3,3213.59,ETH
2026-01-06 07:37:56+00:00,2026-01-06 07:43:25.721850+00:00,476.0,3213.301,3213.3,3213.58,ETH
2026-01-06 07:37:57+00:00,2026-01-06 07:43:26.713317+00:00,477.0,3213.071,3212.84,3213.38,ETH
2026-01-06 07:37:58+00:00,2026-01-06 07:43:27.736046+00:00,478.0,3212.981,3212.98,3213.37,ETH
2026-01-06 07:37:59+00:00,2026-01-06 07:43:28.734252+00:00,479.0,3213.031,3213.02,3213.33,ETH
2026-01-06 07:38:00+00:00,2026-01-06 07:43:29.779867+00:00,480.0,3213.061,3213.06,3213.35,ETH
2026-01-06 07:38:01+00:00,2026-01-06 07:43:30.790590+00:00,481.0,3213.061,3213.06,3213.34,ETH
2026-01-06 07:38:02+00:00,2026-01-06 07:43:31.787508+00:00,482.0,3212.961,3212.96,3213.26,ETH
2026-01-06 07:38:03+00:00,2026-01-06 07:43:32.783336+00:00,483.0,3212.981,3212.98,3213.45,ETH
2026-01-06 07:38:04+00:00,2026-01-06 07:43:33.783934+00:00,484.0,3213.181,3213.17,3213.38,ETH
2026-01-06 07:38:05+00:00,2026-01-06 07:43:34.788516+00:00,485.0,3213.181,3213.18,3213.4,ETH
2026-01-06 07:38:06+00:00,2026-01-06 07:43:35.782600+00:00,486.0,3213.201,3213.18,3213.4,ETH
2026-01-06 07:38:07+00:00,2026-01-06 07:43:36.780029+00:00,487.0,3213.431,3213.37,3213.61,ETH
2026-01-06 07:38:08+00:00,2026-01-06 07:43:37.790338+00:00,488.0,3213.591,3213.39,3213.79,ETH
2026-01-06 07:38:09+00:00,2026-01-06 07:43:38.805263+00:00,489.0,3214.011,3213.94,3214.09,ETH
2026-01-06 07:38:10+00:00,2026-01-06 07:43:39.787851+00:00,490.0,3214.011,3213.95,3214.09,ETH
2026-01-06 07:38:11+00:00,2026-01-06 07:43:40.796482+00:00,491.0,3214.011,3214.01,3214.23,ETH
2026-01-06 07:38:12+00:00,2026-01-06 07:43:41.809445+00:00,492.0,3214.121,3214.03,3214.26,ETH
2026-01-06 07:38:13+00:00,2026-01-06 07:43:42.821622+00:00,493.0,3214.361,3214.36,3214.64,ETH
2026-01-06 07:38:14+00:00,2026-01-06 07:43:43.837799+00:00,494.0,3214.531,3214.51,3214.65,ETH
2026-01-06 07:38:15+00:00,2026-01-06 07:43:44.853725+00:00,495.0,3214.461,3214.42,3214.63,ETH
2026-01-06 07:38:16+00:00,2026-01-06 07:43:45.882062+00:00,496.0,3214.391,3214.34,3214.61,ETH
2026-01-06 07:38:17+00:00,2026-01-06 07:43:46.884522+00:00,497.0,3214.321,3214.25,3214.58,ETH
2026-01-06 07:38:18+00:00,2026-01-06 07:43:47.901670+00:00,498.0,3214.211,3214.03,3214.42,ETH
2026-01-06 07:38:19+00:00,2026-01-06 07:43:48.917643+00:00,499.0,3214.041,3214.03,3214.29,ETH
2026-01-06 07:38:20+00:00,2026-01-06 07:43:49.919339+00:00,500.0,3214.041,3214.03,3214.35,ETH
2026-01-06 07:38:21+00:00,2026-01-06 07:43:50.931193+00:00,501.0,3213.841,3213.84,3214.15,ETH
2026-01-06 07:38:22+00:00,2026-01-06 07:43:51.923537+00:00,502.0,3213.841,3213.84,3214.1,ETH
2026-01-06 07:38:23+00:00,2026-01-06 07:43:52.936182+00:00,503.0,3213.841,3213.84,3214.11,ETH
2026-01-06 07:38:24+00:00,2026-01-06 07:43:54.970620+00:00,504.0,3213.571,3213.43,3213.72,ETH
2026-01-06 07:38:25+00:00,2026-01-06 07:43:55.967768+00:00,505.0,3213.311,3213.26,3213.57,ETH
2026-01-06 07:38:26+00:00,2026-01-06 07:43:56.972786+00:00,506.0,3213.251,3213.23,3213.5,ETH
2026-01-06 07:38:27+00:00,2026-01-06 07:43:57.986186+00:00,507.0,3213.251,3213.23,3213.5,ETH
2026-01-06 07:38:28+00:00,2026-01-06 07:43:58.982959+00:00,508.0,3213.191,3213.19,3213.52,ETH
2026-01-06 07:38:29+00:00,2026-01-06 07:44:00.003360+00:00,509.0,3213.191,3213.19,3213.51,ETH
2026-01-06 07:38:31+00:00,2026-01-06 07:44:01.210044+00:00,511.0,3213.071,3213.06,3213.36,ETH
2026-01-06 07:38:32+00:00,2026-01-06 07:44:02.202299+00:00,512.0,3213.071,3213.06,3213.42,ETH
2026-01-06 07:38:33+00:00,2026-01-06 07:44:03.214047+00:00,513.0,3213.071,3213.06,3213.33,ETH
2026-01-06 07:38:34+00:00,2026-01-06 07:44:04.203467+00:00,514.0,3213.071,3213.06,3213.43,ETH
2026-01-06 07:38:35+00:00,2026-01-06 07:44:05.202866+00:00,515.0,3213.101,3213.1,3213.43,ETH
2026-01-06 07:38:36+00:00,2026-01-06 07:44:06.201843+00:00,516.0,3213.101,3213.1,3213.36,ETH
2026-01-06 07:38:37+00:00,2026-01-06 07:44:07.203615+00:00,517.0,3213.101,3213.1,3213.34,ETH
2026-01-06 07:38:38+00:00,2026-01-06 07:44:08.216375+00:00,518.0,3213.101,3213.1,3213.28,ETH
2026-01-06 07:38:39+00:00,2026-01-06 07:44:09.231454+00:00,519.0,3212.951,3212.95,3213.24,ETH
2026-01-06 07:38:40+00:00,2026-01-06 07:44:10.231368+00:00,520.0,3212.951,3212.94,3213.16,ETH
2026-01-06 07:38:41+00:00,2026-01-06 07:44:11.247253+00:00,521.0,3212.911,3212.81,3213.11,ETH
2026-01-06 07:38:42+00:00,2026-01-06 07:44:12.264636+00:00,522.0,3212.621,3212.51,3213.26,ETH
2026-01-06 07:38:43+00:00,2026-01-06 07:44:13.272623+00:00,523.0,3212.211,3212.2,3212.5,ETH
2026-01-06 07:38:44+00:00,2026-01-06 07:44:14.271535+00:00,524.0,3212.211,3212.2,3212.71,ETH
2026-01-06 07:38:45+00:00,2026-01-06 07:44:15.270136+00:00,525.0,3212.111,3212.04,3212.8,ETH
2026-01-06 07:38:46+00:00,2026-01-06 07:44:16.272610+00:00,526.0,3212.041,3212.04,3212.69,ETH
2026-01-06 07:38:47+00:00,2026-01-06 07:44:18.278656+00:00,527.0,3212.001,3211.96,3212.56,ETH
2026-01-06 07:38:48+00:00,2026-01-06 07:44:19.300912+00:00,528.0,3211.981,3211.94,3212.57,ETH
2026-01-06 07:38:49+00:00,2026-01-06 07:44:20.300360+00:00,529.0,3212.011,3212.0,3212.54,ETH
2026-01-06 07:38:50+00:00,2026-01-06 07:44:21.305488+00:00,530.0,3212.001,3212.0,3212.36,ETH
2026-01-06 07:38:51+00:00,2026-01-06 07:44:22.318096+00:00,531.0,3211.781,3211.74,3212.08,ETH
2026-01-06 07:38:52+00:00,2026-01-06 07:44:23.320028+00:00,532.0,3211.521,3211.48,3211.87,ETH
2026-01-06 07:38:53+00:00,2026-01-06 07:44:24.313359+00:00,533.0,3211.441,3211.43,3211.78,ETH
2026-01-06 07:38:54+00:00,2026-01-06 07:44:25.334079+00:00,534.0,3211.401,3211.4,3211.77,ETH
2026-01-06 07:38:55+00:00,2026-01-06 07:44:26.331202+00:00,535.0,3211.411,3211.4,3211.8,ETH
2026-01-06 07:38:56+00:00,2026-01-06 07:44:27.333915+00:00,536.0,3211.411,3211.41,3211.77,ETH
2026-01-06 07:38:57+00:00,2026-01-06 07:44:28.335139+00:00,537.0,3211.261,3211.13,3211.43,ETH
2026-01-06 07:38:58+00:00,2026-01-06 07:44:29.353163+00:00,538.0,3211.291,3211.07,3211.39,ETH
2026-01-06 07:38:59+00:00,2026-01-06 07:44:30.355337+00:00,539.0,3211.571,3211.29,3211.78,ETH
2026-01-06 07:39:00+00:00,2026-01-06 07:44:31.364468+00:00,540.0,3211.661,3211.48,3211.98,ETH
2026-01-06 07:39:01+00:00,2026-01-06 07:44:32.373218+00:00,541.0,3211.671,3211.66,3212.03,ETH
2026-01-06 07:39:02+00:00,2026-01-06 07:44:33.368806+00:00,542.0,3211.781,3211.7,3212.12,ETH
2026-01-06 07:39:03+00:00,2026-01-06 07:44:34.361855+00:00,543.0,3211.841,3211.75,3212.17,ETH
2026-01-06 07:39:04+00:00,2026-01-06 07:44:35.367985+00:00,544.0,3211.801,3211.77,3212.21,ETH
2026-01-06 07:39:05+00:00,2026-01-06 07:44:36.369300+00:00,545.0,3211.791,3211.66,3212.23,ETH
2026-01-06 07:39:06+00:00,2026-01-06 07:44:37.387040+00:00,546.0,3211.671,3211.52,3212.23,ETH
2026-01-06 07:39:07+00:00,2026-01-06 07:44:38.384151+00:00,547.0,3211.611,3211.55,3212.25,ETH
2026-01-06 07:39:08+00:00,2026-01-06 07:44:39.383802+00:00,548.0,3211.621,3211.62,3212.14,ETH
2026-01-06 07:39:09+00:00,2026-01-06 07:44:40.381779+00:00,549.0,3211.631,3211.63,3212.09,ETH
2026-01-06 07:39:10+00:00,2026-01-06 07:44:41.395215+00:00,550.0,3211.631,3211.63,3212.14,ETH
2026-01-06 07:39:11+00:00,2026-01-06 07:44:42.396835+00:00,551.0,3211.631,3211.63,3212.13,ETH
2026-01-06 07:39:12+00:00,2026-01-06 07:44:43.384945+00:00,552.0,3211.801,3211.79,3212.08,ETH
2026-01-06 07:39:13+00:00,2026-01-06 07:44:44.386470+00:00,553.0,3211.801,3211.79,3212.36,ETH
2026-01-06 07:39:14+00:00,2026-01-06 07:44:45.398238+00:00,554.0,3212.321,3211.98,3212.44,ETH
2026-01-06 07:39:15+00:00,2026-01-06 07:44:46.385434+00:00,555.0,3212.611,3212.49,3212.76,ETH
2026-01-06 07:39:16+00:00,2026-01-06 07:44:47.397513+00:00,556.0,3212.611,3212.48,3212.91,ETH
2026-01-06 07:39:17+00:00,2026-01-06 07:44:48.385226+00:00,557.0,3212.491,3212.49,3212.79,ETH
2026-01-06 07:39:18+00:00,2026-01-06 07:44:49.383852+00:00,558.0,3212.661,3212.61,3212.98,ETH
2026-01-06 07:39:19+00:00,2026-01-06 07:44:50.379634+00:00,559.0,3212.661,3212.65,3212.96,ETH
2026-01-06 07:39:20+00:00,2026-01-06 07:44:51.383739+00:00,560.0,3212.571,3212.49,3212.82,ETH
2026-01-06 07:39:21+00:00,2026-01-06 07:44:52.384715+00:00,561.0,3212.521,3212.49,3212.86,ETH
2026-01-06 07:39:22+00:00,2026-01-06 07:44:53.413860+00:00,562.0,3212.511,3212.51,3212.89,ETH
2026-01-06 07:39:23+00:00,2026-01-06 07:44:54.396522+00:00,563.0,3212.511,3212.51,3212.91,ETH
2026-01-06 07:39:24+00:00,2026-01-06 07:44:55.403708+00:00,564.0,3212.511,3212.51,3212.91,ETH
2026-01-06 07:39:25+00:00,2026-01-06 07:44:56.412446+00:00,565.0,3212.511,3212.51,3212.96,ETH
2026-01-06 07:39:26+00:00,2026-01-06 07:44:57.412597+00:00,566.0,3212.511,3212.51,3212.96,ETH
2026-01-06 07:39:27+00:00,2026-01-06 07:44:58.416773+00:00,567.0,3212.581,3212.51,3212.98,ETH
2026-01-06 07:39:28+00:00,2026-01-06 07:44:59.415764+00:00,568.0,3212.511,3212.51,3212.96,ETH
2026-01-06 07:39:29+00:00,2026-01-06 07:45:00.429155+00:00,569.0,3213.131,3212.86,3213.33,ETH
2026-01-06 07:39:30+00:00,2026-01-06 07:45:01.433536+00:00,570.0,3212.971,3212.91,3213.35,ETH
2026-01-06 07:39:31+00:00,2026-01-06 07:45:02.443501+00:00,571.0,3212.971,3212.89,3213.33,ETH
2026-01-06 07:39:32+00:00,2026-01-06 07:45:03.448231+00:00,572.0,3212.831,3212.83,3213.32,ETH
2026-01-06 07:39:33+00:00,2026-01-06 07:45:04.481510+00:00,573.0,3212.831,3212.83,3213.35,ETH
2026-01-06 07:39:34+00:00,2026-01-06 07:45:06.489438+00:00,574.0,3212.741,3212.69,3213.14,ETH
2026-01-06 07:39:35+00:00,2026-01-06 07:45:07.486421+00:00,575.0,3212.501,3212.45,3212.94,ETH
2026-01-06 07:39:36+00:00,2026-01-06 07:45:08.484734+00:00,576.0,3212.361,3212.36,3212.91,ETH
2026-01-06 07:39:37+00:00,2026-01-06 07:45:09.493026+00:00,577.0,3212.351,3212.32,3212.9,ETH
2026-01-06 07:39:38+00:00,2026-01-06 07:45:10.477746+00:00,578.0,3212.341,3212.31,3212.85,ETH
2026-01-06 07:39:39+00:00,2026-01-06 07:45:11.467134+00:00,579.0,3212.351,3212.34,3212.83,ETH
2026-01-06 07:39:40+00:00,2026-01-06 07:45:12.482972+00:00,580.0,3212.381,3212.34,3212.86,ETH
2026-01-06 07:39:41+00:00,2026-01-06 07:45:13.498284+00:00,581.0,3212.491,3212.42,3212.93,ETH
2026-01-06 07:39:42+00:00,2026-01-06 07:45:14.510828+00:00,582.0,3212.761,3212.49,3213.03,ETH
2026-01-06 07:39:43+00:00,2026-01-06 07:45:15.532637+00:00,583.0,3212.961,3212.72,3213.13,ETH
2026-01-06 07:39:44+00:00,2026-01-06 07:45:16.533361+00:00,584.0,3212.971,3212.96,3213.3,ETH
2026-01-06 07:39:45+00:00,2026-01-06 07:45:17.533871+00:00,585.0,3212.981,3212.96,3213.43,ETH
2026-01-06 07:39:46+00:00,2026-01-06 07:45:18.536096+00:00,586.0,3213.081,3212.97,3213.46,ETH
2026-01-06 07:39:47+00:00,2026-01-06 07:45:19.523327+00:00,587.0,3213.161,3212.97,3213.46,ETH
2026-01-06 07:39:48+00:00,2026-01-06 07:45:20.562872+00:00,588.0,3213.091,3212.83,3213.27,ETH
2026-01-06 07:39:49+00:00,2026-01-06 07:45:21.581356+00:00,589.0,3212.891,3212.61,3213.04,ETH
2026-01-06 07:39:50+00:00,2026-01-06 07:45:22.580238+00:00,590.0,3212.601,3212.43,3212.95,ETH
2026-01-06 07:39:51+00:00,2026-01-06 07:45:23.578926+00:00,591.0,3212.461,3212.34,3212.84,ETH
2026-01-06 07:39:52+00:00,2026-01-06 07:45:24.587675+00:00,592.0,3212.401,3212.34,3212.72,ETH
2026-01-06 07:39:56+00:00,2026-01-06 07:45:28.237365+00:00,596.0,3212.611,3212.55,3212.72,ETH
2026-01-06 07:39:57+00:00,2026-01-06 07:45:29.229407+00:00,597.0,3212.571,3212.45,3212.64,ETH
2026-01-06 07:39:58+00:00,2026-01-06 07:45:30.260402+00:00,598.0,3212.521,3212.36,3212.58,ETH
2026-01-06 07:39:59+00:00,2026-01-06 07:45:31.266955+00:00,599.0,3212.311,3212.31,3212.56,ETH
2026-01-06 07:40:00+00:00,2026-01-06 07:45:32.299537+00:00,600.0,3212.491,3212.47,3212.82,ETH
2026-01-06 07:40:01+00:00,2026-01-06 07:45:33.330418+00:00,601.0,3212.491,3212.47,3212.9,ETH
2026-01-06 07:40:02+00:00,2026-01-06 07:45:34.330526+00:00,602.0,3212.401,3212.39,3212.86,ETH
2026-01-06 07:40:03+00:00,2026-01-06 07:45:35.361379+00:00,603.0,3212.261,3212.11,3212.64,ETH
2026-01-06 07:40:04+00:00,2026-01-06 07:45:36.358149+00:00,604.0,3212.131,3211.82,3212.43,ETH
2026-01-06 07:40:05+00:00,2026-01-06 07:45:37.364986+00:00,605.0,3211.511,3211.5,3212.07,ETH
2026-01-06 07:40:06+00:00,2026-01-06 07:45:38.383276+00:00,606.0,3211.721,3211.72,3212.08,ETH
2026-01-06 07:40:07+00:00,2026-01-06 07:45:39.380585+00:00,607.0,3212.331,3212.12,3212.33,ETH
2026-01-06 07:40:08+00:00,2026-01-06 07:45:40.380195+00:00,608.0,3212.351,3212.24,3212.52,ETH
2026-01-06 07:40:09+00:00,2026-01-06 07:45:41.382455+00:00,609.0,3213.031,3212.6,3213.22,ETH
2026-01-06 07:40:10+00:00,2026-01-06 07:45:42.392166+00:00,610.0,3213.571,3213.51,3213.67,ETH
2026-01-06 07:40:11+00:00,2026-01-06 07:45:43.393220+00:00,611.0,3213.911,3213.86,3214.18,ETH
2026-01-06 07:40:12+00:00,2026-01-06 07:45:44.399602+00:00,612.0,3214.181,3214.05,3214.19,ETH
2026-01-06 07:40:13+00:00,2026-01-06 07:45:45.416228+00:00,613.0,3213.551,3213.43,3213.61,ETH
2026-01-06 07:40:14+00:00,2026-01-06 07:45:46.446202+00:00,614.0,3213.371,3213.37,3213.59,ETH
2026-01-06 07:40:15+00:00,2026-01-06 07:45:47.433545+00:00,615.0,3213.371,3213.36,3213.7,ETH
2026-01-06 07:40:16+00:00,2026-01-06 07:45:48.446952+00:00,616.0,3213.371,3213.36,3213.77,ETH
2026-01-06 07:40:17+00:00,2026-01-06 07:45:49.455748+00:00,617.0,3214.021,3213.85,3214.18,ETH
2026-01-06 07:40:18+00:00,2026-01-06 07:45:50.451492+00:00,618.0,3214.191,3214.16,3214.52,ETH
2026-01-06 07:40:19+00:00,2026-01-06 07:45:51.464236+00:00,619.0,3215.161,3214.86,3215.3,ETH
2026-01-06 07:40:20+00:00,2026-01-06 07:45:52.486857+00:00,620.0,3215.161,3214.93,3215.57,ETH
2026-01-06 07:40:21+00:00,2026-01-06 07:45:53.485079+00:00,621.0,3215.221,3214.98,3215.4,ETH
2026-01-06 07:40:22+00:00,2026-01-06 07:45:54.497202+00:00,622.0,3215.231,3214.98,3215.55,ETH
2026-01-06 07:40:23+00:00,2026-01-06 07:45:55.497697+00:00,623.0,3215.111,3214.89,3215.16,ETH
2026-01-06 07:40:24+00:00,2026-01-06 07:45:56.511770+00:00,624.0,3214.731,3214.72,3215.17,ETH
2026-01-06 07:40:25+00:00,2026-01-06 07:45:57.518290+00:00,625.0,3214.921,3214.72,3215.38,ETH
2026-01-06 07:40:26+00:00,2026-01-06 07:45:58.517653+00:00,626.0,3214.921,3214.72,3215.36,ETH
2026-01-06 07:40:27+00:00,2026-01-06 07:45:59.531877+00:00,627.0,3214.891,3214.72,3215.34,ETH
2026-01-06 07:40:28+00:00,2026-01-06 07:46:00.549465+00:00,628.0,3214.821,3214.72,3215.37,ETH
2026-01-06 07:40:29+00:00,2026-01-06 07:46:01.567585+00:00,629.0,3214.881,3214.72,3215.15,ETH
2026-01-06 07:40:30+00:00,2026-01-06 07:46:02.562893+00:00,630.0,3214.761,3214.72,3215.25,ETH
2026-01-06 07:40:31+00:00,2026-01-06 07:46:03.564745+00:00,631.0,3214.581,3214.52,3214.64,ETH
2026-01-06 07:40:32+00:00,2026-01-06 07:46:04.564028+00:00,632.0,3214.561,3214.53,3214.64,ETH
2026-01-06 07:40:33+00:00,2026-01-06 07:46:05.590779+00:00,633.0,3214.541,3214.54,3214.72,ETH
2026-01-06 07:40:34+00:00,2026-01-06 07:46:06.610672+00:00,634.0,3214.571,3214.54,3214.64,ETH
2026-01-06 07:40:35+00:00,2026-01-06 07:46:07.624340+00:00,635.0,3214.521,3214.39,3214.57,ETH
2026-01-06 07:40:36+00:00,2026-01-06 07:46:08.647350+00:00,636.0,3214.361,3214.13,3214.41,ETH
2026-01-06 07:40:37+00:00,2026-01-06 07:46:09.648978+00:00,637.0,3214.371,3214.13,3214.43,ETH
2026-01-06 07:40:38+00:00,2026-01-06 07:46:10.661778+00:00,638.0,3214.371,3214.18,3214.49,ETH
2026-01-06 07:40:39+00:00,2026-01-06 07:46:11.664300+00:00,639.0,3214.371,3214.35,3214.59,ETH
2026-01-06 07:40:40+00:00,2026-01-06 07:46:12.660059+00:00,640.0,3214.481,3214.37,3214.55,ETH
2026-01-06 07:40:41+00:00,2026-01-06 07:46:13.677775+00:00,641.0,3214.541,3214.43,3214.85,ETH
2026-01-06 07:40:42+00:00,2026-01-06 07:46:14.679565+00:00,642.0,3214.601,3214.49,3214.84,ETH
2026-01-06 07:40:43+00:00,2026-01-06 07:46:15.677719+00:00,643.0,3214.661,3214.46,3214.76,ETH
2026-01-06 07:40:44+00:00,2026-01-06 07:46:16.679699+00:00,644.0,3214.571,3214.46,3214.62,ETH
2026-01-06 07:40:45+00:00,2026-01-06 07:46:17.686511+00:00,645.0,3214.621,3214.46,3214.72,ETH
2026-01-06 07:40:46+00:00,2026-01-06 07:46:18.681818+00:00,646.0,3214.541,3214.46,3214.59,ETH
2026-01-06 07:40:47+00:00,2026-01-06 07:46:19.723155+00:00,647.0,3214.541,3214.41,3214.59,ETH
2026-01-06 07:40:48+00:00,2026-01-06 07:46:20.738945+00:00,648.0,3214.541,3214.42,3214.66,ETH
2026-01-06 07:40:49+00:00,2026-01-06 07:46:21.746673+00:00,649.0,3214.541,3214.42,3214.88,ETH
2026-01-06 07:40:50+00:00,2026-01-06 07:46:22.722995+00:00,650.0,3214.281,3214.21,3214.77,ETH
2026-01-06 07:40:51+00:00,2026-01-06 07:46:23.725806+00:00,651.0,3214.541,3214.39,3214.77,ETH
2026-01-06 07:40:52+00:00,2026-01-06 07:46:24.729597+00:00,652.0,3214.581,3214.42,3214.93,ETH
2026-01-06 07:40:53+00:00,2026-01-06 07:46:25.740973+00:00,653.0,3214.831,3214.6,3214.95,ETH
2026-01-06 07:40:54+00:00,2026-01-06 07:46:26.738988+00:00,654.0,3214.701,3214.53,3214.74,ETH
2026-01-06 07:40:55+00:00,2026-01-06 07:46:27.748262+00:00,655.0,3214.691,3214.49,3214.79,ETH
2026-01-06 07:40:56+00:00,2026-01-06 07:46:28.758072+00:00,656.0,3214.501,3214.42,3214.7,ETH
2026-01-06 07:40:57+00:00,2026-01-06 07:46:29.761581+00:00,657.0,3214.501,3214.37,3214.76,ETH
2026-01-06 07:40:58+00:00,2026-01-06 07:46:30.762790+00:00,658.0,3214.501,3214.37,3214.7,ETH
2026-01-06 07:40:59+00:00,2026-01-06 07:46:31.761605+00:00,659.0,3214.511,3214.44,3214.79,ETH
2026-01-06 07:41:00+00:00,2026-01-06 07:46:32.777132+00:00,660.0,3214.881,3214.68,3215.05,ETH
2026-01-06 07:41:01+00:00,2026-01-06 07:46:33.774166+00:00,661.0,3215.351,3215.02,3215.41,ETH
2026-01-06 07:41:02+00:00,2026-01-06 07:46:34.773541+00:00,662.0,3214.681,3214.67,3215.16,ETH
2026-01-06 07:41:03+00:00,2026-01-06 07:46:35.780415+00:00,663.0,3214.791,3214.7,3214.95,ETH
2026-01-06 07:41:04+00:00,2026-01-06 07:46:36.778323+00:00,664.0,3214.891,3214.85,3214.97,ETH
2026-01-06 07:41:05+00:00,2026-01-06 07:46:37.796823+00:00,665.0,3215.221,3215.09,3215.29,ETH
2026-01-06 07:41:06+00:00,2026-01-06 07:46:38.813567+00:00,666.0,3215.291,3215.16,3215.5,ETH
2026-01-06 07:41:07+00:00,2026-01-06 07:46:39.829796+00:00,667.0,3215.671,3215.54,3215.72,ETH
2026-01-06 07:41:08+00:00,2026-01-06 07:46:40.847970+00:00,668.0,3215.681,3215.54,3216.11,ETH
2026-01-06 07:41:09+00:00,2026-01-06 07:46:41.843331+00:00,669.0,3215.791,3215.54,3216.04,ETH
2026-01-06 07:41:10+00:00,2026-01-06 07:46:42.847101+00:00,670.0,3215.641,3215.54,3216.05,ETH
2026-01-06 07:41:11+00:00,2026-01-06 07:46:44.843460+00:00,671.0,3216.661,3216.4,3216.89,ETH
2026-01-06 07:41:12+00:00,2026-01-06 07:46:45.855976+00:00,672.0,3217.231,3217.19,3217.5,ETH
2026-01-06 07:41:13+00:00,2026-01-06 07:46:46.857440+00:00,673.0,3217.261,3217.21,3217.54,ETH
2026-01-06 07:41:14+00:00,2026-01-06 07:46:47.877448+00:00,674.0,3217.301,3217.25,3217.62,ETH
2026-01-06 07:41:15+00:00,2026-01-06 07:46:48.911714+00:00,675.0,3217.381,3217.29,3217.67,ETH
2026-01-06 07:41:16+00:00,2026-01-06 07:46:49.944901+00:00,676.0,3217.391,3217.29,3217.64,ETH
2026-01-06 07:41:17+00:00,2026-01-06 07:46:50.928761+00:00,677.0,3217.371,3217.29,3217.59,ETH
2026-01-06 07:41:18+00:00,2026-01-06 07:46:51.945399+00:00,678.0,3217.491,3217.39,3217.59,ETH
2026-01-06 07:41:19+00:00,2026-01-06 07:46:52.951072+00:00,679.0,3217.561,3217.51,3217.69,ETH
2026-01-06 07:41:20+00:00,2026-01-06 07:46:53.963401+00:00,680.0,3217.561,3217.53,3217.73,ETH
2026-01-06 07:41:21+00:00,2026-01-06 07:46:55.001445+00:00,681.0,3217.581,3217.54,3217.71,ETH
2026-01-06 07:41:22+00:00,2026-01-06 07:46:55.982753+00:00,682.0,3217.421,3217.32,3217.66,ETH
2026-01-06 07:41:23+00:00,2026-01-06 07:46:56.999019+00:00,683.0,3217.181,3217.06,3217.47,ETH
2026-01-06 07:41:24+00:00,2026-01-06 07:46:58.020059+00:00,684.0,3217.061,3216.98,3217.27,ETH
2026-01-06 07:41:25+00:00,2026-01-06 07:46:59.013203+00:00,685.0,3217.001,3216.97,3217.23,ETH
2026-01-06 07:41:26+00:00,2026-01-06 07:47:00.032638+00:00,686.0,3217.021,3217.02,3217.23,ETH
2026-01-06 07:41:27+00:00,2026-01-06 07:47:01.042840+00:00,687.0,3217.041,3217.03,3217.24,ETH
2026-01-06 07:41:28+00:00,2026-01-06 07:47:02.041460+00:00,688.0,3217.071,3217.07,3217.33,ETH
2026-01-06 07:41:29+00:00,2026-01-06 07:47:03.049031+00:00,689.0,3217.111,3217.11,3217.36,ETH
2026-01-06 07:41:30+00:00,2026-01-06 07:47:04.079141+00:00,690.0,3217.061,3217.03,3217.28,ETH
2026-01-06 07:41:31+00:00,2026-01-06 07:47:05.080098+00:00,691.0,3216.931,3216.85,3217.09,ETH
2026-01-06 07:41:32+00:00,2026-01-06 07:47:06.092595+00:00,692.0,3216.731,3216.67,3216.91,ETH
2026-01-06 07:41:33+00:00,2026-01-06 07:47:07.092726+00:00,693.0,3216.591,3216.59,3216.97,ETH
2026-01-06 07:41:34+00:00,2026-01-06 07:47:08.092167+00:00,694.0,3216.591,3216.58,3217.04,ETH
2026-01-06 07:41:35+00:00,2026-01-06 07:47:09.098682+00:00,695.0,3216.581,3216.58,3217.08,ETH
2026-01-06 07:41:36+00:00,2026-01-06 07:47:10.104677+00:00,696.0,3216.581,3216.58,3217.04,ETH
2026-01-06 07:41:37+00:00,2026-01-06 07:47:11.113314+00:00,697.0,3216.581,3216.58,3216.81,ETH
2026-01-06 07:41:38+00:00,2026-01-06 07:47:12.130039+00:00,698.0,3216.581,3216.58,3217.0,ETH
2026-01-06 07:41:39+00:00,2026-01-06 07:47:13.128265+00:00,699.0,3216.331,3216.16,3216.84,ETH
2026-01-06 07:41:40+00:00,2026-01-06 07:47:14.122603+00:00,700.0,3216.331,3216.07,3216.83,ETH
2026-01-06 07:41:41+00:00,2026-01-06 07:47:15.139071+00:00,701.0,3216.081,3216.07,3216.56,ETH
2026-01-06 07:41:42+00:00,2026-01-06 07:47:16.140834+00:00,702.0,3216.081,3216.07,3216.5,ETH
2026-01-06 07:41:43+00:00,2026-01-06 07:47:17.142335+00:00,703.0,3216.081,3216.07,3216.5,ETH
2026-01-06 07:41:44+00:00,2026-01-06 07:47:18.151658+00:00,704.0,3216.091,3216.08,3216.51,ETH
2026-01-06 07:41:45+00:00,2026-01-06 07:47:19.161795+00:00,705.0,3216.081,3216.07,3216.45,ETH
2026-01-06 07:41:46+00:00,2026-01-06 07:47:20.156675+00:00,706.0,3216.081,3216.07,3216.44,ETH
2026-01-06 07:41:47+00:00,2026-01-06 07:47:21.157649+00:00,707.0,3216.081,3216.07,3216.53,ETH
2026-01-06 07:41:48+00:00,2026-01-06 07:47:22.227273+00:00,708.0,3216.331,3216.2,3216.58,ETH
2026-01-06 07:41:49+00:00,2026-01-06 07:47:23.222424+00:00,709.0,3216.601,3216.39,3216.73,ETH
2026-01-06 07:41:50+00:00,2026-01-06 07:47:24.231483+00:00,710.0,3216.351,3216.24,3216.8,ETH
2026-01-06 07:41:51+00:00,2026-01-06 07:47:25.225779+00:00,711.0,3216.171,3216.13,3216.72,ETH
2026-01-06 07:41:52+00:00,2026-01-06 07:47:26.232590+00:00,712.0,3216.211,3216.2,3216.63,ETH
2026-01-06 07:41:53+00:00,2026-01-06 07:47:27.239284+00:00,713.0,3216.181,3216.18,3216.59,ETH
2026-01-06 07:41:54+00:00,2026-01-06 07:47:28.231342+00:00,714.0,3216.181,3216.18,3216.57,ETH
2026-01-06 07:41:55+00:00,2026-01-06 07:47:29.249625+00:00,715.0,3216.181,3216.18,3216.45,ETH
2026-01-06 07:41:56+00:00,2026-01-06 07:47:30.236607+00:00,716.0,3216.311,3216.24,3216.39,ETH
2026-01-06 07:41:57+00:00,2026-01-06 07:47:31.243931+00:00,717.0,3216.431,3216.31,3216.45,ETH
2026-01-06 07:41:58+00:00,2026-01-06 07:47:32.247392+00:00,718.0,3216.401,3216.39,3216.59,ETH
2026-01-06 07:41:59+00:00,2026-01-06 07:47:33.266582+00:00,719.0,3216.571,3216.52,3216.7,ETH
2026-01-06 07:42:00+00:00,2026-01-06 07:47:34.260209+00:00,720.0,3216.671,3216.64,3216.8,ETH
2026-01-06 07:42:01+00:00,2026-01-06 07:47:35.258318+00:00,721.0,3216.681,3216.66,3216.79,ETH
2026-01-06 07:42:02+00:00,2026-01-06 07:47:36.244860+00:00,722.0,3216.031,3215.84,3216.09,ETH
2026-01-06 07:42:03+00:00,2026-01-06 07:47:37.276004+00:00,723.0,3215.741,3215.74,3216.26,ETH
2026-01-06 07:42:04+00:00,2026-01-06 07:47:38.288115+00:00,724.0,3215.781,3215.74,3216.16,ETH
2026-01-06 07:42:05+00:00,2026-01-06 07:47:39.290176+00:00,725.0,3215.831,3215.74,3216.11,ETH
2026-01-06 07:42:06+00:00,2026-01-06 07:47:40.291017+00:00,726.0,3215.831,3215.74,3216.39,ETH
2026-01-06 07:42:07+00:00,2026-01-06 07:47:41.290792+00:00,727.0,3215.891,3215.74,3216.52,ETH
2026-01-06 07:42:08+00:00,2026-01-06 07:47:42.309873+00:00,728.0,3216.591,3216.32,3216.75,ETH
2026-01-06 07:42:09+00:00,2026-01-06 07:47:43.314025+00:00,729.0,3216.631,3216.49,3216.74,ETH
2026-01-06 07:42:10+00:00,2026-01-06 07:47:44.312009+00:00,730.0,3216.501,3216.49,3216.69,ETH
2026-01-06 07:42:11+00:00,2026-01-06 07:47:45.343187+00:00,731.0,3216.501,3216.49,3216.69,ETH
2026-01-06 07:42:12+00:00,2026-01-06 07:47:46.358658+00:00,732.0,3216.641,3216.59,3216.73,ETH
2026-01-06 07:42:13+00:00,2026-01-06 07:47:47.357373+00:00,733.0,3216.651,3216.59,3216.72,ETH
2026-01-06 07:42:14+00:00,2026-01-06 07:47:48.375886+00:00,734.0,3216.651,3216.6,3216.71,ETH
2026-01-06 07:42:15+00:00,2026-01-06 07:47:49.373370+00:00,735.0,3217.051,3216.87,3217.16,ETH
2026-01-06 07:42:16+00:00,2026-01-06 07:47:50.378097+00:00,736.0,3217.051,3216.98,3217.17,ETH
2026-01-06 07:42:17+00:00,2026-01-06 07:47:51.392727+00:00,737.0,3217.231,3217.18,3217.37,ETH
2026-01-06 07:42:18+00:00,2026-01-06 07:47:52.408014+00:00,738.0,3217.401,3217.27,3217.5,ETH
2026-01-06 07:42:19+00:00,2026-01-06 07:47:53.409557+00:00,739.0,3217.561,3217.35,3217.63,ETH
2026-01-06 07:42:20+00:00,2026-01-06 07:47:54.411775+00:00,740.0,3217.891,3217.82,3218.21,ETH
2026-01-06 07:42:21+00:00,2026-01-06 07:47:55.413585+00:00,741.0,3218.131,3218.09,3218.22,ETH
2026-01-06 07:42:22+00:00,2026-01-06 07:47:57.459463+00:00,742.0,3217.751,3217.67,3217.78,ETH
2026-01-06 07:42:23+00:00,2026-01-06 07:47:58.476969+00:00,743.0,3217.891,3217.76,3217.95,ETH
2026-01-06 07:42:24+00:00,2026-01-06 07:47:59.481560+00:00,744.0,3218.151,3218.02,3218.2,ETH
2026-01-06 07:42:25+00:00,2026-01-06 07:48:00.490427+00:00,745.0,3218.321,3218.26,3218.39,ETH
2026-01-06 07:42:26+00:00,2026-01-06 07:48:01.491040+00:00,746.0,3218.401,3218.34,3218.5,ETH
2026-01-06 07:42:27+00:00,2026-01-06 07:48:02.497979+00:00,747.0,3218.421,3218.37,3218.53,ETH
2026-01-06 07:42:28+00:00,2026-01-06 07:48:03.492598+00:00,748.0,3218.391,3218.34,3218.48,ETH
2026-01-06 07:42:29+00:00,2026-01-06 07:48:04.591018+00:00,749.0,3218.351,3218.3,3218.43,ETH
2026-01-06 07:42:30+00:00,2026-01-06 07:48:05.605405+00:00,750.0,3218.361,3218.3,3218.43,ETH
2026-01-06 07:42:31+00:00,2026-01-06 07:48:06.620078+00:00,751.0,3218.331,3218.3,3218.57,ETH
2026-01-06 07:42:32+00:00,2026-01-06 07:48:07.623778+00:00,752.0,3218.031,3218.03,3218.46,ETH
2026-01-06 07:42:33+00:00,2026-01-06 07:48:08.627593+00:00,753.0,3217.791,3217.79,3218.15,ETH
2026-01-06 07:42:34+00:00,2026-01-06 07:48:09.637324+00:00,754.0,3217.811,3217.8,3218.09,ETH
2026-01-06 07:42:35+00:00,2026-01-06 07:48:10.663157+00:00,755.0,3217.711,3217.71,3217.89,ETH
2026-01-06 07:42:36+00:00,2026-01-06 07:48:11.674392+00:00,756.0,3217.611,3217.58,3217.7,ETH
2026-01-06 07:42:37+00:00,2026-01-06 07:48:12.686644+00:00,757.0,3217.611,3217.56,3217.77,ETH
2026-01-06 07:42:38+00:00,2026-01-06 07:48:13.686477+00:00,758.0,3217.731,3217.58,3217.92,ETH
2026-01-06 07:42:39+00:00,2026-01-06 07:48:14.689532+00:00,759.0,3217.871,3217.67,3218.01,ETH
2026-01-06 07:42:40+00:00,2026-01-06 07:48:15.689751+00:00,760.0,3217.911,3217.78,3218.08,ETH
2026-01-06 07:42:41+00:00,2026-01-06 07:48:16.692488+00:00,761.0,3217.841,3217.79,3218.08,ETH
2026-01-06 07:42:43+00:00,2026-01-06 07:48:17.755075+00:00,763.0,3217.751,3217.74,3218.05,ETH
2026-01-06 07:42:44+00:00,2026-01-06 07:48:19.708563+00:00,764.0,3217.751,3217.74,3218.07,ETH
2026-01-06 07:42:45+00:00,2026-01-06 07:48:20.729646+00:00,765.0,3217.751,3217.74,3218.02,ETH
2026-01-06 07:42:46+00:00,2026-01-06 07:48:21.733083+00:00,766.0,3217.751,3217.74,3217.98,ETH
2026-01-06 07:42:47+00:00,2026-01-06 07:48:22.724243+00:00,767.0,3217.741,3217.72,3217.89,ETH
2026-01-06 07:42:48+00:00,2026-01-06 07:48:23.732079+00:00,768.0,3217.691,3217.67,3217.81,ETH
2026-01-06 07:42:49+00:00,2026-01-06 07:48:24.733532+00:00,769.0,3217.641,3217.64,3217.79,ETH
2026-01-06 07:42:50+00:00,2026-01-06 07:48:25.736566+00:00,770.0,3217.631,3217.62,3217.84,ETH
2026-01-06 07:42:51+00:00,2026-01-06 07:48:26.759266+00:00,771.0,3217.621,3217.61,3217.88,ETH
2026-01-06 07:42:52+00:00,2026-01-06 07:48:27.743528+00:00,772.0,3217.621,3217.61,3217.88,ETH
2026-01-06 07:42:53+00:00,2026-01-06 07:48:28.742829+00:00,773.0,3217.601,3217.56,3217.9,ETH
2026-01-06 07:42:54+00:00,2026-01-06 07:48:29.750663+00:00,774.0,3217.591,3217.55,3217.89,ETH
2026-01-06 07:42:55+00:00,2026-01-06 07:48:30.761871+00:00,775.0,3217.611,3217.6,3217.8,ETH
2026-01-06 07:42:56+00:00,2026-01-06 07:48:31.770089+00:00,776.0,3217.611,3217.6,3217.73,ETH
2026-01-06 07:42:57+00:00,2026-01-06 07:48:32.779330+00:00,777.0,3217.601,3217.57,3217.71,ETH
2026-01-06 07:42:58+00:00,2026-01-06 07:48:33.794559+00:00,778.0,3217.601,3217.57,3217.73,ETH
2026-01-06 07:42:59+00:00,2026-01-06 07:48:34.802775+00:00,779.0,3217.651,3217.62,3217.83,ETH
2026-01-06 07:43:00+00:00,2026-01-06 07:48:35.794740+00:00,780.0,3217.671,3217.61,3217.77,ETH
2026-01-06 07:43:01+00:00,2026-01-06 07:48:36.807007+00:00,781.0,3217.631,3217.59,3217.68,ETH
2026-01-06 07:43:02+00:00,2026-01-06 07:48:37.811217+00:00,782.0,3217.611,3217.59,3217.77,ETH
2026-01-06 07:43:03+00:00,2026-01-06 07:48:38.824998+00:00,783.0,3217.631,3217.61,3217.8,ETH
2026-01-06 07:43:04+00:00,2026-01-06 07:48:39.828180+00:00,784.0,3217.701,3217.68,3217.82,ETH
2026-01-06 07:43:05+00:00,2026-01-06 07:48:40.824367+00:00,785.0,3217.751,3217.74,3217.89,ETH
2026-01-06 07:43:06+00:00,2026-01-06 07:48:41.850350+00:00,786.0,3217.771,3217.74,3217.88,ETH
2026-01-06 07:43:07+00:00,2026-01-06 07:48:42.845307+00:00,787.0,3217.751,3217.68,3217.84,ETH
2026-01-06 07:43:08+00:00,2026-01-06 07:48:43.856129+00:00,788.0,3217.651,3217.61,3217.78,ETH
2026-01-06 07:43:09+00:00,2026-01-06 07:48:44.875991+00:00,789.0,3217.611,3217.6,3217.72,ETH
2026-01-06 07:43:10+00:00,2026-01-06 07:48:45.892853+00:00,790.0,3217.461,3217.45,3217.6,ETH
2026-01-06 07:43:11+00:00,2026-01-06 07:48:46.906481+00:00,791.0,3217.451,3217.44,3217.88,ETH
2026-01-06 07:43:12+00:00,2026-01-06 07:48:47.913608+00:00,792.0,3217.451,3217.44,3217.74,ETH
2026-01-06 07:43:13+00:00,2026-01-06 07:48:48.926757+00:00,793.0,3217.451,3217.44,3217.88,ETH
2026-01-06 07:43:14+00:00,2026-01-06 07:48:49.921301+00:00,794.0,3217.451,3217.44,3217.88,ETH
2026-01-06 07:43:15+00:00,2026-01-06 07:48:50.925835+00:00,795.0,3217.451,3217.44,3217.85,ETH
2026-01-06 07:43:16+00:00,2026-01-06 07:48:51.917204+00:00,796.0,3217.451,3217.44,3217.87,ETH
2026-01-06 07:43:17+00:00,2026-01-06 07:48:52.943928+00:00,797.0,3217.451,3217.44,3217.85,ETH
2026-01-06 07:43:18+00:00,2026-01-06 07:48:53.940967+00:00,798.0,3217.451,3217.44,3217.73,ETH
2026-01-06 07:43:19+00:00,2026-01-06 07:48:54.971269+00:00,799.0,3217.451,3217.45,3217.86,ETH
2026-01-06 07:43:20+00:00,2026-01-06 07:48:55.970485+00:00,800.0,3217.431,3217.43,3217.73,ETH
2026-01-06 07:43:21+00:00,2026-01-06 07:48:56.975054+00:00,801.0,3217.181,3217.09,3217.24,ETH
2026-01-06 07:43:22+00:00,2026-01-06 07:48:57.973844+00:00,802.0,3217.091,3217.09,3217.19,ETH
2026-01-06 07:43:23+00:00,2026-01-06 07:48:58.975646+00:00,803.0,3216.941,3216.93,3217.2,ETH
2026-01-06 07:43:24+00:00,2026-01-06 07:48:59.975435+00:00,804.0,3216.941,3216.93,3217.22,ETH
2026-01-06 07:43:25+00:00,2026-01-06 07:49:00.973323+00:00,805.0,3216.941,3216.93,3217.29,ETH
2026-01-06 07:43:26+00:00,2026-01-06 07:49:01.981853+00:00,806.0,3216.941,3216.93,3217.14,ETH
2026-01-06 07:43:27+00:00,2026-01-06 07:49:02.974862+00:00,807.0,3216.941,3216.93,3217.13,ETH
2026-01-06 07:43:28+00:00,2026-01-06 07:49:03.989691+00:00,808.0,3216.941,3216.93,3217.22,ETH
2026-01-06 07:43:29+00:00,2026-01-06 07:49:04.989146+00:00,809.0,3216.931,3216.93,3217.07,ETH
2026-01-06 07:43:30+00:00,2026-01-06 07:49:06.006410+00:00,810.0,3216.671,3216.57,3216.72,ETH
2026-01-06 07:43:31+00:00,2026-01-06 07:49:07.007732+00:00,811.0,3216.371,3216.32,3216.42,ETH
2026-01-06 07:43:32+00:00,2026-01-06 07:49:08.021791+00:00,812.0,3216.391,3216.36,3216.43,ETH
2026-01-06 07:43:33+00:00,2026-01-06 07:49:09.035384+00:00,813.0,3216.421,3216.41,3216.48,ETH
2026-01-06 07:43:34+00:00,2026-01-06 07:49:11.041426+00:00,814.0,3216.421,3216.41,3216.5,ETH
2026-01-06 07:43:35+00:00,2026-01-06 07:49:12.062211+00:00,815.0,3216.421,3216.41,3216.5,ETH
2026-01-06 07:43:36+00:00,2026-01-06 07:49:13.062492+00:00,816.0,3216.411,3216.4,3216.48,ETH
2026-01-06 07:43:37+00:00,2026-01-06 07:49:14.066594+00:00,817.0,3216.411,3216.4,3216.47,ETH
2026-01-06 07:43:38+00:00,2026-01-06 07:49:15.058850+00:00,818.0,3216.421,3216.4,3216.48,ETH
2026-01-06 07:43:39+00:00,2026-01-06 07:49:16.068754+00:00,819.0,3216.421,3216.4,3216.49,ETH
2026-01-06 07:43:40+00:00,2026-01-06 07:49:17.072471+00:00,820.0,3216.361,3216.34,3216.47,ETH
2026-01-06 07:43:41+00:00,2026-01-06 07:49:18.098710+00:00,821.0,3216.301,3216.26,3216.49,ETH
2026-01-06 07:43:42+00:00,2026-01-06 07:49:19.113083+00:00,822.0,3216.291,3216.25,3216.49,ETH
2026-01-06 07:43:43+00:00,2026-01-06 07:49:20.112245+00:00,823.0,3216.271,3216.24,3216.51,ETH
2026-01-06 07:43:44+00:00,2026-01-06 07:49:21.120293+00:00,824.0,3216.301,3216.28,3216.59,ETH
2026-01-06 07:43:45+00:00,2026-01-06 07:49:22.124432+00:00,825.0,3216.311,3216.29,3216.57,ETH
2026-01-06 07:43:46+00:00,2026-01-06 07:49:23.141375+00:00,826.0,3216.271,3216.24,3216.5,ETH
2026-01-06 07:43:47+00:00,2026-01-06 07:49:24.151894+00:00,827.0,3216.281,3216.24,3216.42,ETH
2026-01-06 07:43:49+00:00,2026-01-06 07:49:25.209264+00:00,829.0,3216.281,3216.24,3216.54,ETH
2026-01-06 07:43:50+00:00,2026-01-06 07:49:26.215877+00:00,830.0,3216.301,3216.29,3216.41,ETH
2026-01-06 07:43:51+00:00,2026-01-06 07:49:27.224271+00:00,831.0,3216.371,3216.35,3216.49,ETH
2026-01-06 07:43:52+00:00,2026-01-06 07:49:28.211669+00:00,832.0,3216.371,3216.34,3216.54,ETH
2026-01-06 07:43:53+00:00,2026-01-06 07:49:29.238627+00:00,833.0,3216.371,3216.34,3216.44,ETH
2026-01-06 07:43:54+00:00,2026-01-06 07:49:30.213037+00:00,834.0,3216.341,3216.3,3216.4,ETH
2026-01-06 07:43:55+00:00,2026-01-06 07:49:31.207311+00:00,835.0,3216.571,3216.56,3216.74,ETH
2026-01-06 07:43:56+00:00,2026-01-06 07:49:32.212485+00:00,836.0,3216.791,3216.66,3217.11,ETH
2026-01-06 07:43:57+00:00,2026-01-06 07:49:34.220245+00:00,837.0,3217.241,3217.15,3217.32,ETH
2026-01-06 07:43:58+00:00,2026-01-06 07:49:35.231882+00:00,838.0,3217.321,3217.21,3217.44,ETH
2026-01-06 07:43:59+00:00,2026-01-06 07:49:36.240283+00:00,839.0,3217.401,3217.32,3217.48,ETH
2026-01-06 07:44:00+00:00,2026-01-06 07:49:37.240870+00:00,840.0,3217.431,3217.36,3217.53,ETH
2026-01-06 07:44:01+00:00,2026-01-06 07:49:38.239386+00:00,841.0,3217.351,3217.26,3217.43,ETH
2026-01-06 07:44:02+00:00,2026-01-06 07:49:39.239821+00:00,842.0,3217.121,3217.09,3217.26,ETH
2026-01-06 07:44:03+00:00,2026-01-06 07:49:40.242327+00:00,843.0,3217.001,3217.0,3217.27,ETH
2026-01-06 07:44:04+00:00,2026-01-06 07:49:41.240524+00:00,844.0,3217.281,3217.28,3217.5,ETH
2026-01-06 07:44:05+00:00,2026-01-06 07:49:42.228955+00:00,845.0,3217.571,3217.56,3217.67,ETH
2026-01-06 07:44:06+00:00,2026-01-06 07:49:43.250005+00:00,846.0,3217.571,3217.56,3217.7,ETH
2026-01-06 07:44:07+00:00,2026-01-06 07:49:44.252356+00:00,847.0,3217.551,3217.49,3217.72,ETH
2026-01-06 07:44:08+00:00,2026-01-06 07:49:45.252145+00:00,848.0,3217.561,3217.43,3217.73,ETH
2026-01-06 07:44:09+00:00,2026-01-06 07:49:46.259046+00:00,849.0,3217.661,3217.55,3217.81,ETH
2026-01-06 07:44:10+00:00,2026-01-06 07:49:47.273403+00:00,850.0,3217.631,3217.53,3217.75,ETH
2026-01-06 07:44:11+00:00,2026-01-06 07:49:48.288654+00:00,851.0,3217.351,3217.26,3217.67,ETH
2026-01-06 07:44:12+00:00,2026-01-06 07:49:49.306312+00:00,852.0,3217.231,3217.18,3217.54,ETH
2026-01-06 07:44:13+00:00,2026-01-06 07:49:50.336704+00:00,853.0,3217.281,3217.14,3217.34,ETH
2026-01-06 07:44:14+00:00,2026-01-06 07:49:51.338864+00:00,854.0,3217.161,3217.07,3217.29,ETH
2026-01-06 07:44:15+00:00,2026-01-06 07:49:52.355417+00:00,855.0,3217.081,3217.07,3217.33,ETH
2026-01-06 07:44:16+00:00,2026-01-06 07:49:53.356095+00:00,856.0,3217.081,3217.07,3217.42,ETH
2026-01-06 07:44:17+00:00,2026-01-06 07:49:54.368164+00:00,857.0,3217.101,3217.08,3217.37,ETH
2026-01-06 07:44:18+00:00,2026-01-06 07:49:55.355098+00:00,858.0,3217.151,3217.07,3217.31,ETH
2026-01-06 07:44:19+00:00,2026-01-06 07:49:56.369850+00:00,859.0,3217.191,3217.1,3217.31,ETH
2026-01-06 07:44:20+00:00,2026-01-06 07:49:57.389669+00:00,860.0,3217.151,3217.1,3217.29,ETH
2026-01-06 07:44:21+00:00,2026-01-06 07:49:58.386367+00:00,861.0,3217.101,3217.08,3217.28,ETH
2026-01-06 07:44:22+00:00,2026-01-06 07:49:59.406367+00:00,862.0,3217.151,3217.14,3217.28,ETH
2026-01-06 07:44:23+00:00,2026-01-06 07:50:00.411627+00:00,863.0,3217.211,3217.12,3217.39,ETH
2026-01-06 07:44:24+00:00,2026-01-06 07:50:01.405769+00:00,864.0,3217.121,3217.08,3217.32,ETH
2026-01-06 07:44:25+00:00,2026-01-06 07:50:02.426984+00:00,865.0,3217.211,3217.15,3217.28,ETH
2026-01-06 07:44:26+00:00,2026-01-06 07:50:03.443692+00:00,866.0,3217.191,3217.15,3217.28,ETH
2026-01-06 07:44:27+00:00,2026-01-06 07:50:04.437554+00:00,867.0,3217.151,3217.15,3217.41,ETH
2026-01-06 07:44:28+00:00,2026-01-06 07:50:05.437088+00:00,868.0,3217.031,3217.02,3217.46,ETH
2026-01-06 07:44:29+00:00,2026-01-06 07:50:06.438434+00:00,869.0,3217.151,3217.13,3217.47,ETH
2026-01-06 07:44:30+00:00,2026-01-06 07:50:07.453362+00:00,870.0,3217.141,3217.13,3217.43,ETH
2026-01-06 07:44:31+00:00,2026-01-06 07:50:08.468469+00:00,871.0,3216.941,3216.87,3217.11,ETH
2026-01-06 07:44:32+00:00,2026-01-06 07:50:09.470615+00:00,872.0,3216.431,3216.42,3216.66,ETH
2026-01-06 07:44:33+00:00,2026-01-06 07:50:10.484040+00:00,873.0,3216.421,3216.42,3216.66,ETH
2026-01-06 07:44:34+00:00,2026-01-06 07:50:11.483898+00:00,874.0,3216.421,3216.42,3216.77,ETH
2026-01-06 07:44:35+00:00,2026-01-06 07:50:12.503518+00:00,875.0,3216.271,3216.26,3216.69,ETH
2026-01-06 07:44:36+00:00,2026-01-06 07:50:13.516678+00:00,876.0,3216.271,3216.26,3216.67,ETH
2026-01-06 07:44:37+00:00,2026-01-06 07:50:14.518115+00:00,877.0,3216.261,3216.26,3216.64,ETH
2026-01-06 07:44:38+00:00,2026-01-06 07:50:15.519625+00:00,878.0,3216.261,3216.26,3216.64,ETH
2026-01-06 07:44:39+00:00,2026-01-06 07:50:16.516638+00:00,879.0,3216.261,3216.26,3216.63,ETH
2026-01-06 07:44:40+00:00,2026-01-06 07:50:17.520534+00:00,880.0,3216.271,3216.26,3216.7,ETH
2026-01-06 07:44:41+00:00,2026-01-06 07:50:18.520730+00:00,881.0,3216.271,3216.26,3216.63,ETH
2026-01-06 07:44:42+00:00,2026-01-06 07:50:19.521149+00:00,882.0,3216.271,3216.26,3216.54,ETH
2026-01-06 07:44:43+00:00,2026-01-06 07:50:20.521429+00:00,883.0,3216.271,3216.26,3216.56,ETH
2026-01-06 07:44:44+00:00,2026-01-06 07:50:21.520244+00:00,884.0,3216.271,3216.26,3216.56,ETH
2026-01-06 07:44:45+00:00,2026-01-06 07:50:23.523088+00:00,885.0,3216.271,3216.26,3216.65,ETH
2026-01-06 07:44:46+00:00,2026-01-06 07:50:24.518185+00:00,886.0,3216.271,3216.26,3216.7,ETH
2026-01-06 07:44:47+00:00,2026-01-06 07:50:25.523367+00:00,887.0,3216.271,3216.26,3216.68,ETH
2026-01-06 07:44:48+00:00,2026-01-06 07:50:26.523171+00:00,888.0,3216.271,3216.26,3216.6,ETH
2026-01-06 07:44:49+00:00,2026-01-06 07:50:27.534168+00:00,889.0,3216.271,3216.26,3216.45,ETH
2026-01-06 07:44:50+00:00,2026-01-06 07:50:28.529997+00:00,890.0,3216.271,3216.26,3216.35,ETH
2026-01-06 07:44:51+00:00,2026-01-06 07:50:29.529654+00:00,891.0,3216.271,3216.26,3216.47,ETH
2026-01-06 07:44:52+00:00,2026-01-06 07:50:30.535989+00:00,892.0,3216.271,3216.26,3216.51,ETH
2026-01-06 07:44:53+00:00,2026-01-06 07:50:31.537599+00:00,893.0,3216.251,3216.22,3216.48,ETH
2026-01-06 07:44:54+00:00,2026-01-06 07:50:32.546124+00:00,894.0,3216.161,3216.12,3216.44,ETH
2026-01-06 07:44:55+00:00,2026-01-06 07:50:33.535939+00:00,895.0,3216.101,3216.07,3216.34,ETH
2026-01-06 07:44:56+00:00,2026-01-06 07:50:34.550758+00:00,896.0,3216.121,3216.08,3216.46,ETH
2026-01-06 07:44:57+00:00,2026-01-06 07:50:35.553538+00:00,897.0,3216.151,3216.1,3216.45,ETH
2026-01-06 07:44:58+00:00,2026-01-06 07:50:36.573396+00:00,898.0,3216.131,3216.09,3216.35,ETH
2026-01-06 07:44:59+00:00,2026-01-06 07:50:37.572028+00:00,899.0,3216.061,3216.06,3216.4,ETH
