timestamp,collected_at,seconds,up_mid,up_best_bid,up_best_ask,down_mid,down_best_bid,down_best_ask,up_best_bid_size,up_best_ask_size,down_best_bid_size,down_best_ask_size
2026-01-06 07:30:00.005000+00:00,2026-01-06 07:30:00.196372+00:00,0.005,0.585,0.57,0.6,0.415,0.4,0.43,,,,
2026-01-06 07:30:01.038000+00:00,2026-01-06 07:30:01.208796+00:00,1.038,0.585,0.57,0.6,0.42,0.41,0.43,,,,
2026-01-06 07:30:02.054000+00:00,2026-01-06 07:30:02.211938+00:00,2.054,0.575,0.57,0.58,0.425,0.42,0.43,,,,
2026-01-06 07:30:03.061000+00:00,2026-01-06 07:30:03.211524+00:00,3.061,0.585,0.57,0.6,0.425,0.42,0.43,,,,
2026-01-06 07:30:04.096000+00:00,2026-01-06 07:30:04.220497+00:00,4.096,0.53,0.52,0.54,0.47,0.46,0.48,,,,
2026-01-06 07:30:05.064000+00:00,2026-01-06 07:30:05.226140+00:00,5.064,0.525,0.52,0.53,0.475,0.47,0.48,,,,
2026-01-06 07:30:06.081000+00:00,2026-01-06 07:30:06.235975+00:00,6.081,0.535,0.53,0.54,0.4649999999999999,0.46,0.47,,,,
2026-01-06 07:30:07.067000+00:00,2026-01-06 07:30:07.234797+00:00,7.067,0.53,0.52,0.54,0.47,0.46,0.48,,,,
2026-01-06 07:30:08.102000+00:00,2026-01-06 07:30:08.243983+00:00,8.102,0.525,0.52,0.53,0.475,0.47,0.48,,,,
2026-01-06 07:30:09.087000+00:00,2026-01-06 07:30:09.244653+00:00,9.087,0.525,0.52,0.53,0.475,0.47,0.48,,,,
2026-01-06 07:30:10.103000+00:00,2026-01-06 07:30:10.261308+00:00,10.103,0.51,0.5,0.52,0.495,0.49,0.5,,,,
2026-01-06 07:30:11.122000+00:00,2026-01-06 07:30:11.276862+00:00,11.122,0.505,0.5,0.51,0.495,0.49,0.5,,,,
2026-01-06 07:30:12.166000+00:00,2026-01-06 07:30:12.297448+00:00,12.166,0.505,0.5,0.51,0.5,0.49,0.51,,,,
2026-01-06 07:30:13.222000+00:00,2026-01-06 07:30:13.306826+00:00,13.222,0.495,0.49,0.5,0.505,0.5,0.51,,,,
2026-01-06 07:30:14.151000+00:00,2026-01-06 07:30:14.312457+00:00,14.151,0.49,0.48,0.5,0.51,0.5,0.52,,,,
2026-01-06 07:30:15.144000+00:00,2026-01-06 07:30:15.305530+00:00,15.144,0.495,0.49,0.5,0.505,0.5,0.51,,,,
2026-01-06 07:30:16.157000+00:00,2026-01-06 07:30:16.310791+00:00,16.157,0.485,0.48,0.49,0.515,0.51,0.52,,,,
2026-01-06 07:30:17.171000+00:00,2026-01-06 07:30:17.326902+00:00,17.171,0.515,0.51,0.52,0.485,0.48,0.49,,,,
2026-01-06 07:30:18.141000+00:00,2026-01-06 07:30:18.340026+00:00,18.141,0.54,0.53,0.55,0.4599999999999999,0.45,0.47,,,,
2026-01-06 07:30:19.190000+00:00,2026-01-06 07:30:19.342451+00:00,19.19,0.5700000000000001,0.56,0.58,0.43,0.42,0.44,,,,
2026-01-06 07:30:20.182000+00:00,2026-01-06 07:30:20.338095+00:00,20.182,0.585,0.58,0.59,0.415,0.41,0.42,,,,
2026-01-06 07:30:21.105000+00:00,2026-01-06 07:30:21.338216+00:00,21.105,0.565,0.56,0.57,0.435,0.43,0.44,,,,
2026-01-06 07:30:22.171000+00:00,2026-01-06 07:30:22.346017+00:00,22.171,0.525,0.52,0.53,0.475,0.47,0.48,,,,
2026-01-06 07:30:23.148000+00:00,2026-01-06 07:30:23.338167+00:00,23.148,0.53,0.52,0.54,0.47,0.46,0.48,,,,
2026-01-06 07:30:24.190000+00:00,2026-01-06 07:30:24.332233+00:00,24.19,0.545,0.54,0.55,0.455,0.45,0.46,,,,
2026-01-06 07:30:25.168000+00:00,2026-01-06 07:30:25.336846+00:00,25.168,0.545,0.54,0.55,0.455,0.45,0.46,,,,
2026-01-06 07:30:26.106000+00:00,2026-01-06 07:30:26.338710+00:00,26.106,0.545,0.54,0.55,0.455,0.45,0.46,,,,
2026-01-06 07:30:27.136000+00:00,2026-01-06 07:30:27.342094+00:00,27.136,0.545,0.54,0.55,0.455,0.45,0.46,,,,
2026-01-06 07:30:28.159000+00:00,2026-01-06 07:30:28.338899+00:00,28.159,0.545,0.54,0.55,0.45,0.44,0.46,,,,
2026-01-06 07:30:29.203000+00:00,2026-01-06 07:30:29.354282+00:00,29.203,0.545,0.54,0.55,0.455,0.45,0.46,,,,
2026-01-06 07:30:30.197000+00:00,2026-01-06 07:30:30.354648+00:00,30.197,0.545,0.54,0.55,0.455,0.45,0.46,,,,
2026-01-06 07:30:31.194000+00:00,2026-01-06 07:30:31.355188+00:00,31.194,0.51,0.5,0.52,0.49,0.48,0.5,,,,
2026-01-06 07:30:32.218000+00:00,2026-01-06 07:30:32.378156+00:00,32.218,0.525,0.52,0.53,0.475,0.47,0.48,,,,
2026-01-06 07:30:33.235000+00:00,2026-01-06 07:30:33.389685+00:00,33.235,0.525,0.52,0.53,0.475,0.47,0.48,,,,
2026-01-06 07:30:34.256000+00:00,2026-01-06 07:30:34.408597+00:00,34.256,0.515,0.51,0.52,0.495,0.49,0.5,,,,
2026-01-06 07:30:35.240000+00:00,2026-01-06 07:30:35.406560+00:00,35.24,0.485,0.48,0.49,0.515,0.51,0.52,,,,
2026-01-06 07:30:36.275000+00:00,2026-01-06 07:30:36.422064+00:00,36.275,0.4649999999999999,0.46,0.47,0.545,0.54,0.55,,,,
2026-01-06 07:30:37.274000+00:00,2026-01-06 07:30:37.427901+00:00,37.274,0.455,0.45,0.46,0.545,0.54,0.55,,,,
2026-01-06 07:30:38.266000+00:00,2026-01-06 07:30:38.421047+00:00,38.266,0.455,0.45,0.46,0.545,0.54,0.55,,,,
2026-01-06 07:30:39.220000+00:00,2026-01-06 07:30:39.428228+00:00,39.22,0.435,0.43,0.44,0.565,0.56,0.57,,,,
2026-01-06 07:30:40.240000+00:00,2026-01-06 07:30:40.420704+00:00,40.24,0.435,0.43,0.44,0.565,0.56,0.57,,,,
2026-01-06 07:30:41.279000+00:00,2026-01-06 07:30:41.434686+00:00,41.279,0.425,0.42,0.43,0.575,0.57,0.58,,,,
2026-01-06 07:30:42.302000+00:00,2026-01-06 07:30:42.454391+00:00,42.302,0.415,0.41,0.42,0.59,0.58,0.6,,,,
2026-01-06 07:30:43.321000+00:00,2026-01-06 07:30:43.471229+00:00,43.321,0.405,0.4,0.41,0.595,0.59,0.6,,,,
2026-01-06 07:30:44.320000+00:00,2026-01-06 07:30:44.489591+00:00,44.32,0.375,0.37,0.38,0.625,0.62,0.63,,,,
2026-01-06 07:30:45.299000+00:00,2026-01-06 07:30:45.506167+00:00,45.299,0.37,0.36,0.38,0.63,0.62,0.64,,,,
2026-01-06 07:30:46.339000+00:00,2026-01-06 07:30:46.511482+00:00,46.339,0.375,0.37,0.38,0.625,0.62,0.63,,,,
2026-01-06 07:30:47.366000+00:00,2026-01-06 07:30:47.515626+00:00,47.366,0.39,0.38,0.4,0.615,0.61,0.62,,,,
2026-01-06 07:30:48.386000+00:00,2026-01-06 07:30:48.530895+00:00,48.386,0.385,0.38,0.39,0.625,0.62,0.63,,,,
2026-01-06 07:30:49.382000+00:00,2026-01-06 07:30:49.527558+00:00,49.382,0.325,0.32,0.33,0.675,0.67,0.68,,,,
2026-01-06 07:30:50.376000+00:00,2026-01-06 07:30:50.530352+00:00,50.376,0.325,0.32,0.33,0.66,0.65,0.67,,,,
2026-01-06 07:30:51.386000+00:00,2026-01-06 07:30:51.537924+00:00,51.386,0.335,0.33,0.34,0.665,0.66,0.67,,,,
2026-01-06 07:30:52.370000+00:00,2026-01-06 07:30:52.538243+00:00,52.37,0.335,0.33,0.34,0.665,0.66,0.67,,,,
2026-01-06 07:30:53.333000+00:00,2026-01-06 07:30:53.536326+00:00,53.333,0.395,0.39,0.4,0.605,0.6,0.61,,,,
2026-01-06 07:30:54.400000+00:00,2026-01-06 07:30:54.554439+00:00,54.4,0.395,0.39,0.4,0.61,0.6,0.62,,,,
2026-01-06 07:30:55.365000+00:00,2026-01-06 07:30:55.573253+00:00,55.365,0.385,0.38,0.39,0.615,0.61,0.62,,,,
2026-01-06 07:30:56.417000+00:00,2026-01-06 07:30:56.582128+00:00,56.417,0.385,0.38,0.39,0.6,0.59,0.61,,,,
2026-01-06 07:30:57.457000+00:00,2026-01-06 07:30:57.599810+00:00,57.457,0.405,0.4,0.41,0.595,0.59,0.6,,,,
2026-01-06 07:30:58.443000+00:00,2026-01-06 07:30:58.593624+00:00,58.443,0.425,0.42,0.43,0.575,0.57,0.58,,,,
2026-01-06 07:30:59.437000+00:00,2026-01-06 07:30:59.589305+00:00,59.437,0.415,0.41,0.42,0.585,0.58,0.59,,,,
2026-01-06 07:31:00.407000+00:00,2026-01-06 07:31:00.604831+00:00,60.407,0.405,0.4,0.41,0.6,0.59,0.61,,,,
2026-01-06 07:31:01.463000+00:00,2026-01-06 07:31:01.616953+00:00,61.463,0.395,0.39,0.4,0.595,0.59,0.6,,,,
2026-01-06 07:31:02.461000+00:00,2026-01-06 07:31:02.624721+00:00,62.461,0.365,0.36,0.37,0.635,0.63,0.64,,,,
2026-01-06 07:31:03.400000+00:00,2026-01-06 07:31:03.623076+00:00,63.4,0.355,0.35,0.36,0.645,0.64,0.65,,,,
2026-01-06 07:31:04.468000+00:00,2026-01-06 07:31:04.620141+00:00,64.468,0.335,0.33,0.34,0.66,0.65,0.67,,,,
2026-01-06 07:31:05.476000+00:00,2026-01-06 07:31:05.636223+00:00,65.476,0.345,0.34,0.35,0.665,0.66,0.67,,,,
2026-01-06 07:31:06.402000+00:00,2026-01-06 07:31:06.639525+00:00,66.402,0.345,0.34,0.35,0.65,0.64,0.66,,,,
2026-01-06 07:31:07.454000+00:00,2026-01-06 07:31:07.634481+00:00,67.454,0.37,0.36,0.38,0.63,0.62,0.64,,,,
2026-01-06 07:31:08.393000+00:00,2026-01-06 07:31:08.646736+00:00,68.393,0.375,0.37,0.38,0.625,0.62,0.63,,,,
2026-01-06 07:31:09.491000+00:00,2026-01-06 07:31:09.646342+00:00,69.491,0.355,0.35,0.36,0.645,0.64,0.65,,,,
2026-01-06 07:31:10.499000+00:00,2026-01-06 07:31:10.668525+00:00,70.499,0.36,0.35,0.37,0.63,0.62,0.64,,,,
2026-01-06 07:31:11.411000+00:00,2026-01-06 07:31:11.685036+00:00,71.411,0.365,0.36,0.37,0.635,0.63,0.64,,,,
2026-01-06 07:31:12.512000+00:00,2026-01-06 07:31:12.684433+00:00,72.512,0.365,0.36,0.37,0.635,0.63,0.64,,,,
2026-01-06 07:31:13.545000+00:00,2026-01-06 07:31:13.692410+00:00,73.545,0.37,0.36,0.38,0.63,0.62,0.64,,,,
2026-01-06 07:31:14.646000+00:00,2026-01-06 07:31:14.702266+00:00,74.646,0.405,0.4,0.41,0.595,0.59,0.6,,,,
2026-01-06 07:31:15.542000+00:00,2026-01-06 07:31:15.700162+00:00,75.542,0.405,0.4,0.41,0.595,0.59,0.6,,,,
2026-01-06 07:31:16.541000+00:00,2026-01-06 07:31:16.704876+00:00,76.541,0.415,0.41,0.42,0.58,0.57,0.59,,,,
2026-01-06 07:31:17.520000+00:00,2026-01-06 07:31:17.702870+00:00,77.52,0.425,0.42,0.43,0.575,0.57,0.58,,,,
2026-01-06 07:31:18.566000+00:00,2026-01-06 07:31:18.714965+00:00,78.566,0.4649999999999999,0.46,0.47,0.525,0.52,0.53,,,,
2026-01-06 07:31:19.495000+00:00,2026-01-06 07:31:19.706967+00:00,79.495,0.47,0.46,0.48,0.53,0.52,0.54,,,,
2026-01-06 07:31:20.573000+00:00,2026-01-06 07:31:20.722612+00:00,80.573,0.4649999999999999,0.46,0.47,0.535,0.53,0.54,,,,
2026-01-06 07:31:21.587000+00:00,2026-01-06 07:31:21.732964+00:00,81.587,0.455,0.45,0.46,0.545,0.54,0.55,,,,
2026-01-06 07:31:22.581000+00:00,2026-01-06 07:31:22.735964+00:00,82.581,0.4599999999999999,0.45,0.47,0.535,0.53,0.54,,,,
2026-01-06 07:31:23.572000+00:00,2026-01-06 07:31:23.735849+00:00,83.572,0.4599999999999999,0.45,0.47,0.54,0.53,0.55,,,,
2026-01-06 07:31:24.588000+00:00,2026-01-06 07:31:24.750694+00:00,84.588,0.455,0.45,0.46,0.555,0.55,0.56,,,,
2026-01-06 07:31:25.593000+00:00,2026-01-06 07:31:25.769509+00:00,85.593,0.435,0.43,0.44,0.565,0.56,0.57,,,,
2026-01-06 07:31:26.624000+00:00,2026-01-06 07:31:26.767945+00:00,86.624,0.415,0.41,0.42,0.595,0.59,0.6,,,,
2026-01-06 07:31:27.602000+00:00,2026-01-06 07:31:27.768925+00:00,87.602,0.405,0.4,0.41,0.595,0.59,0.6,,,,
2026-01-06 07:31:28.554000+00:00,2026-01-06 07:31:28.769085+00:00,88.554,0.405,0.4,0.41,0.595,0.59,0.6,,,,
2026-01-06 07:31:29.613000+00:00,2026-01-06 07:31:29.784590+00:00,89.613,0.405,0.4,0.41,0.585,0.58,0.59,,,,
2026-01-06 07:31:30.643000+00:00,2026-01-06 07:31:30.806974+00:00,90.643,0.425,0.42,0.43,0.575,0.57,0.58,,,,
2026-01-06 07:31:31.571000+00:00,2026-01-06 07:31:31.804445+00:00,91.571,0.43,0.42,0.44,0.5700000000000001,0.56,0.58,,,,
2026-01-06 07:31:32.649000+00:00,2026-01-06 07:31:32.801597+00:00,92.649,0.43,0.42,0.44,0.5700000000000001,0.56,0.58,,,,
2026-01-06 07:31:33.643000+00:00,2026-01-06 07:31:33.802153+00:00,93.643,0.425,0.42,0.43,0.5700000000000001,0.56,0.58,,,,
2026-01-06 07:31:34.656000+00:00,2026-01-06 07:31:34.819606+00:00,94.656,0.425,0.42,0.43,0.575,0.57,0.58,,,,
2026-01-06 07:31:35.674000+00:00,2026-01-06 07:31:35.825699+00:00,95.674,0.415,0.41,0.42,0.59,0.58,0.6,,,,
2026-01-06 07:31:36.666000+00:00,2026-01-06 07:31:36.825708+00:00,96.666,0.39,0.38,0.4,0.615,0.61,0.62,,,,
2026-01-06 07:31:37.647000+00:00,2026-01-06 07:31:37.840767+00:00,97.647,0.385,0.38,0.39,0.615,0.61,0.62,,,,
2026-01-06 07:31:38.684000+00:00,2026-01-06 07:31:38.861165+00:00,98.684,0.38,0.37,0.39,0.62,0.61,0.63,,,,
2026-01-06 07:31:39.693000+00:00,2026-01-06 07:31:39.854054+00:00,99.693,0.38,0.37,0.39,0.62,0.61,0.63,,,,
2026-01-06 07:31:40.564000+00:00,2026-01-06 07:31:40.859555+00:00,100.564,0.38,0.37,0.39,0.62,0.61,0.63,,,,
2026-01-06 07:31:41.710000+00:00,2026-01-06 07:31:41.866598+00:00,101.71,0.385,0.38,0.39,0.615,0.61,0.62,,,,
2026-01-06 07:31:42.712000+00:00,2026-01-06 07:31:42.868956+00:00,102.712,0.405,0.4,0.41,0.595,0.59,0.6,,,,
2026-01-06 07:31:43.730000+00:00,2026-01-06 07:31:43.880905+00:00,103.73,0.395,0.39,0.4,0.605,0.6,0.61,,,,
2026-01-06 07:31:44.638000+00:00,2026-01-06 07:31:44.890951+00:00,104.638,0.415,0.41,0.42,0.585,0.58,0.59,,,,
2026-01-06 07:31:45.709000+00:00,2026-01-06 07:31:45.890336+00:00,105.709,0.415,0.41,0.42,0.585,0.58,0.59,,,,
2026-01-06 07:31:46.724000+00:00,2026-01-06 07:31:46.904974+00:00,106.724,0.415,0.41,0.42,0.585,0.58,0.59,,,,
2026-01-06 07:31:47.755000+00:00,2026-01-06 07:31:47.918278+00:00,107.755,0.425,0.42,0.43,0.5700000000000001,0.56,0.58,,,,
2026-01-06 07:31:48.772000+00:00,2026-01-06 07:31:48.923438+00:00,108.772,0.43,0.42,0.44,0.5700000000000001,0.56,0.58,,,,
2026-01-06 07:31:49.786000+00:00,2026-01-06 07:31:49.946743+00:00,109.786,0.405,0.4,0.41,0.59,0.58,0.6,,,,
2026-01-06 07:31:50.773000+00:00,2026-01-06 07:31:50.969149+00:00,110.773,0.405,0.4,0.41,0.595,0.59,0.6,,,,
2026-01-06 07:31:51.820000+00:00,2026-01-06 07:31:51.985375+00:00,111.82,0.405,0.4,0.41,0.59,0.58,0.6,,,,
2026-01-06 07:31:52.832000+00:00,2026-01-06 07:31:52.985039+00:00,112.832,0.41,0.4,0.42,0.59,0.58,0.6,,,,
2026-01-06 07:31:53.792000+00:00,2026-01-06 07:31:53.984820+00:00,113.792,0.395,0.39,0.4,0.605,0.6,0.61,,,,
2026-01-06 07:31:54.851000+00:00,2026-01-06 07:31:55.002386+00:00,114.851,0.375,0.37,0.38,0.625,0.62,0.63,,,,
2026-01-06 07:31:55.854000+00:00,2026-01-06 07:31:56.018865+00:00,115.854,0.365,0.36,0.37,0.63,0.62,0.64,,,,
2026-01-06 07:31:56.875000+00:00,2026-01-06 07:31:57.035758+00:00,116.875,0.375,0.37,0.38,0.63,0.62,0.64,,,,
2026-01-06 07:31:57.855000+00:00,2026-01-06 07:31:58.040568+00:00,117.855,0.37,0.36,0.38,0.63,0.62,0.64,,,,
2026-01-06 07:31:58.881000+00:00,2026-01-06 07:31:59.033180+00:00,118.881,0.375,0.37,0.38,0.625,0.62,0.63,,,,
2026-01-06 07:31:59.865000+00:00,2026-01-06 07:32:00.044543+00:00,119.865,0.395,0.39,0.4,0.605,0.6,0.61,,,,
2026-01-06 07:32:00.809000+00:00,2026-01-06 07:32:01.054173+00:00,120.809,0.395,0.39,0.4,0.605,0.6,0.61,,,,
2026-01-06 07:32:01.943000+00:00,2026-01-06 07:32:02.059297+00:00,121.943,0.385,0.38,0.39,0.615,0.61,0.62,,,,
2026-01-06 07:32:02.911000+00:00,2026-01-06 07:32:03.056433+00:00,122.911,0.365,0.36,0.37,0.635,0.63,0.64,,,,
2026-01-06 07:32:03.906000+00:00,2026-01-06 07:32:04.067898+00:00,123.906,0.365,0.36,0.37,0.635,0.63,0.64,,,,
2026-01-06 07:32:04.897000+00:00,2026-01-06 07:32:05.072831+00:00,124.897,0.365,0.36,0.37,0.635,0.63,0.64,,,,
2026-01-06 07:32:05.844000+00:00,2026-01-06 07:32:06.073099+00:00,125.844,0.365,0.36,0.37,0.635,0.63,0.64,,,,
2026-01-06 07:32:06.923000+00:00,2026-01-06 07:32:07.076713+00:00,126.923,0.365,0.36,0.37,0.635,0.63,0.64,,,,
2026-01-06 07:32:07.861000+00:00,2026-01-06 07:32:08.084697+00:00,127.861,0.355,0.35,0.36,0.645,0.64,0.65,,,,
2026-01-06 07:32:08.931000+00:00,2026-01-06 07:32:09.082264+00:00,128.931,0.355,0.35,0.36,0.645,0.64,0.65,,,,
2026-01-06 07:32:09.854000+00:00,2026-01-06 07:32:10.094055+00:00,129.854,0.365,0.36,0.37,0.635,0.63,0.64,,,,
2026-01-06 07:32:10.920000+00:00,2026-01-06 07:32:11.092193+00:00,130.92,0.375,0.37,0.38,0.625,0.62,0.63,,,,
2026-01-06 07:32:11.945000+00:00,2026-01-06 07:32:12.100434+00:00,131.945,0.395,0.39,0.4,0.605,0.6,0.61,,,,
2026-01-06 07:32:12.933000+00:00,2026-01-06 07:32:13.098955+00:00,132.933,0.41,0.4,0.42,0.585,0.58,0.59,,,,
2026-01-06 07:32:13.917000+00:00,2026-01-06 07:32:14.099032+00:00,133.917,0.41,0.4,0.42,0.59,0.58,0.6,,,,
2026-01-06 07:32:14.963000+00:00,2026-01-06 07:32:15.118240+00:00,134.963,0.415,0.41,0.42,0.585,0.58,0.59,,,,
2026-01-06 07:32:15.859000+00:00,2026-01-06 07:32:16.118105+00:00,135.859,0.415,0.41,0.42,0.585,0.58,0.59,,,,
2026-01-06 07:32:17.005000+00:00,2026-01-06 07:32:17.133320+00:00,137.005,0.425,0.42,0.43,0.575,0.57,0.58,,,,
2026-01-06 07:32:18.009000+00:00,2026-01-06 07:32:18.149056+00:00,138.009,0.445,0.44,0.45,0.555,0.55,0.56,,,,
2026-01-06 07:32:19.994000+00:00,2026-01-06 07:32:20.181879+00:00,139.994,0.475,0.47,0.48,0.535,0.52,0.55,,,,
2026-01-06 07:32:21.026000+00:00,2026-01-06 07:32:21.181862+00:00,141.026,0.4649999999999999,0.46,0.47,0.535,0.53,0.54,,,,
2026-01-06 07:32:22.024000+00:00,2026-01-06 07:32:22.183217+00:00,142.024,0.445,0.44,0.45,0.555,0.55,0.56,,,,
2026-01-06 07:32:23.022000+00:00,2026-01-06 07:32:23.199756+00:00,143.022,0.445,0.44,0.45,0.555,0.55,0.56,,,,
2026-01-06 07:32:24.053000+00:00,2026-01-06 07:32:24.198582+00:00,144.053,0.41,0.4,0.42,0.59,0.58,0.6,,,,
2026-01-06 07:32:25.043000+00:00,2026-01-06 07:32:25.198557+00:00,145.043,0.405,0.4,0.41,0.595,0.59,0.6,,,,
2026-01-06 07:32:26.042000+00:00,2026-01-06 07:32:26.197635+00:00,146.042,0.4,0.39,0.41,0.6,0.59,0.61,,,,
2026-01-06 07:32:27.058000+00:00,2026-01-06 07:32:27.215624+00:00,147.058,0.415,0.41,0.42,0.585,0.58,0.59,,,,
2026-01-06 07:32:28.035000+00:00,2026-01-06 07:32:28.215414+00:00,148.035,0.44,0.43,0.45,0.565,0.55,0.58,,,,
2026-01-06 07:32:29.061000+00:00,2026-01-06 07:32:29.217114+00:00,149.061,0.445,0.44,0.45,0.555,0.55,0.56,,,,
2026-01-06 07:32:30.057000+00:00,2026-01-06 07:32:30.218055+00:00,150.057,0.45,0.44,0.46,0.55,0.54,0.56,,,,
2026-01-06 07:32:31.044000+00:00,2026-01-06 07:32:31.224605+00:00,151.044,0.4599999999999999,0.45,0.47,0.54,0.53,0.55,,,,
2026-01-06 07:32:32.017000+00:00,2026-01-06 07:32:32.254515+00:00,152.017,0.4599999999999999,0.45,0.47,0.54,0.53,0.55,,,,
2026-01-06 07:32:33.111000+00:00,2026-01-06 07:32:33.249832+00:00,153.111,0.455,0.45,0.46,0.55,0.54,0.56,,,,
2026-01-06 07:32:34.121000+00:00,2026-01-06 07:32:34.274077+00:00,154.121,0.45,0.44,0.46,0.55,0.54,0.56,,,,
2026-01-06 07:32:35.119000+00:00,2026-01-06 07:32:35.275966+00:00,155.119,0.455,0.45,0.46,0.515,0.51,0.52,,,,
2026-01-06 07:32:36.099000+00:00,2026-01-06 07:32:36.272197+00:00,156.099,0.485,0.48,0.49,0.515,0.51,0.52,,,,
2026-01-06 07:32:37.122000+00:00,2026-01-06 07:32:37.284628+00:00,157.122,0.385,0.38,0.39,0.625,0.62,0.63,,,,
2026-01-06 07:32:38.123000+00:00,2026-01-06 07:32:38.298616+00:00,158.123,0.375,0.37,0.38,0.625,0.62,0.63,,,,
2026-01-06 07:32:39.142000+00:00,2026-01-06 07:32:39.316351+00:00,159.142,0.385,0.38,0.39,0.62,0.61,0.63,,,,
2026-01-06 07:32:40.145000+00:00,2026-01-06 07:32:40.317730+00:00,160.145,0.38,0.37,0.39,0.62,0.61,0.63,,,,
2026-01-06 07:32:41.180000+00:00,2026-01-06 07:32:41.333519+00:00,161.18,0.375,0.37,0.38,0.625,0.62,0.63,,,,
2026-01-06 07:32:42.189000+00:00,2026-01-06 07:32:42.348854+00:00,162.189,0.375,0.37,0.38,0.625,0.62,0.63,,,,
2026-01-06 07:32:43.057000+00:00,2026-01-06 07:32:43.341277+00:00,163.057,0.375,0.37,0.38,0.625,0.62,0.63,,,,
2026-01-06 07:32:44.194000+00:00,2026-01-06 07:32:44.363893+00:00,164.194,0.375,0.37,0.38,0.625,0.62,0.63,,,,
2026-01-06 07:32:45.099000+00:00,2026-01-06 07:32:45.375233+00:00,165.099,0.375,0.37,0.38,0.62,0.61,0.63,,,,
2026-01-06 07:32:46.210000+00:00,2026-01-06 07:32:46.392852+00:00,166.21,0.375,0.37,0.38,0.625,0.62,0.63,,,,
2026-01-06 07:32:47.199000+00:00,2026-01-06 07:32:47.399120+00:00,167.199,0.37,0.36,0.38,0.635,0.63,0.64,,,,
2026-01-06 07:32:48.164000+00:00,2026-01-06 07:32:48.395898+00:00,168.164,0.345,0.34,0.35,0.655,0.65,0.66,,,,
2026-01-06 07:32:49.175000+00:00,2026-01-06 07:32:49.398627+00:00,169.175,0.345,0.34,0.35,0.655,0.65,0.66,,,,
2026-01-06 07:32:50.118000+00:00,2026-01-06 07:32:50.398683+00:00,170.118,0.345,0.34,0.35,0.655,0.65,0.66,,,,
2026-01-06 07:32:51.108000+00:00,2026-01-06 07:32:51.398829+00:00,171.108,0.345,0.34,0.35,0.655,0.65,0.66,,,,
2026-01-06 07:32:52.269000+00:00,2026-01-06 07:32:52.416342+00:00,172.269,0.3399999999999999,0.33,0.35,0.655,0.65,0.66,,,,
2026-01-06 07:32:53.164000+00:00,2026-01-06 07:32:53.421174+00:00,173.164,0.345,0.34,0.35,0.655,0.65,0.66,,,,
2026-01-06 07:32:54.223000+00:00,2026-01-06 07:32:54.439372+00:00,174.223,0.3399999999999999,0.33,0.35,0.66,0.65,0.67,,,,
2026-01-06 07:32:55.179000+00:00,2026-01-06 07:32:55.451081+00:00,175.179,0.335,0.33,0.34,0.665,0.66,0.67,,,,
2026-01-06 07:32:56.302000+00:00,2026-01-06 07:32:56.466066+00:00,176.302,0.325,0.32,0.33,0.675,0.67,0.68,,,,
2026-01-06 07:32:57.231000+00:00,2026-01-06 07:32:57.482688+00:00,177.231,0.355,0.35,0.36,0.645,0.64,0.65,,,,
2026-01-06 07:32:58.301000+00:00,2026-01-06 07:32:58.482479+00:00,178.301,0.355,0.35,0.36,0.645,0.64,0.65,,,,
2026-01-06 07:32:59.287000+00:00,2026-01-06 07:32:59.482367+00:00,179.287,0.36,0.35,0.37,0.635,0.63,0.64,,,,
2026-01-06 07:33:00.314000+00:00,2026-01-06 07:33:00.499552+00:00,180.314,0.365,0.36,0.37,0.64,0.63,0.65,,,,
2026-01-06 07:33:01.339000+00:00,2026-01-06 07:33:01.498358+00:00,181.339,0.36,0.35,0.37,0.64,0.63,0.65,,,,
2026-01-06 07:33:02.364000+00:00,2026-01-06 07:33:02.515141+00:00,182.364,0.355,0.35,0.36,0.645,0.64,0.65,,,,
2026-01-06 07:33:03.343000+00:00,2026-01-06 07:33:03.521247+00:00,183.343,0.35,0.34,0.36,0.65,0.64,0.66,,,,
2026-01-06 07:33:04.259000+00:00,2026-01-06 07:33:04.530900+00:00,184.259,0.36,0.35,0.37,0.64,0.63,0.65,,,,
2026-01-06 07:33:05.344000+00:00,2026-01-06 07:33:05.521301+00:00,185.344,0.37,0.36,0.38,0.625,0.62,0.63,,,,
2026-01-06 07:33:06.372000+00:00,2026-01-06 07:33:06.537622+00:00,186.372,0.38,0.37,0.39,0.62,0.61,0.63,,,,
2026-01-06 07:33:07.385000+00:00,2026-01-06 07:33:07.538052+00:00,187.385,0.35,0.34,0.36,0.655,0.65,0.66,,,,
2026-01-06 07:33:08.288000+00:00,2026-01-06 07:33:08.542577+00:00,188.288,0.355,0.35,0.36,0.645,0.64,0.65,,,,
2026-01-06 07:33:09.349000+00:00,2026-01-06 07:33:09.548723+00:00,189.349,0.355,0.35,0.36,0.645,0.64,0.65,,,,
2026-01-06 07:33:10.320000+00:00,2026-01-06 07:33:10.536634+00:00,190.32,0.365,0.36,0.37,0.635,0.63,0.64,,,,
2026-01-06 07:33:11.392000+00:00,2026-01-06 07:33:11.555628+00:00,191.392,0.355,0.35,0.36,0.645,0.64,0.65,,,,
2026-01-06 07:33:12.378000+00:00,2026-01-06 07:33:12.555595+00:00,192.378,0.355,0.35,0.36,0.645,0.64,0.65,,,,
2026-01-06 07:33:13.366000+00:00,2026-01-06 07:33:13.567019+00:00,193.366,0.355,0.35,0.36,0.645,0.64,0.65,,,,
2026-01-06 07:33:14.437000+00:00,2026-01-06 07:33:14.584798+00:00,194.437,0.36,0.35,0.37,0.635,0.63,0.64,,,,
2026-01-06 07:33:15.447000+00:00,2026-01-06 07:33:15.595031+00:00,195.447,0.365,0.36,0.37,0.635,0.63,0.64,,,,
2026-01-06 07:33:16.431000+00:00,2026-01-06 07:33:16.604591+00:00,196.431,0.35,0.34,0.36,0.66,0.65,0.67,,,,
2026-01-06 07:33:17.467000+00:00,2026-01-06 07:33:17.621849+00:00,197.467,0.335,0.33,0.34,0.665,0.66,0.67,,,,
2026-01-06 07:33:18.454000+00:00,2026-01-06 07:33:18.619990+00:00,198.454,0.315,0.31,0.32,0.685,0.68,0.69,,,,
2026-01-06 07:33:19.464000+00:00,2026-01-06 07:33:19.637417+00:00,199.464,0.33,0.32,0.34,0.67,0.66,0.68,,,,
2026-01-06 07:33:20.471000+00:00,2026-01-06 07:33:20.631316+00:00,200.471,0.335,0.33,0.34,0.665,0.66,0.67,,,,
2026-01-06 07:33:21.483000+00:00,2026-01-06 07:33:21.645227+00:00,201.483,0.335,0.33,0.34,0.665,0.66,0.67,,,,
2026-01-06 07:33:22.499000+00:00,2026-01-06 07:33:22.653693+00:00,202.499,0.33,0.32,0.34,0.67,0.66,0.68,,,,
2026-01-06 07:33:23.504000+00:00,2026-01-06 07:33:23.665954+00:00,203.504,0.325,0.32,0.33,0.675,0.67,0.68,,,,
2026-01-06 07:33:24.530000+00:00,2026-01-06 07:33:24.685491+00:00,204.53,0.325,0.32,0.33,0.675,0.67,0.68,,,,
2026-01-06 07:33:25.523000+00:00,2026-01-06 07:33:25.680634+00:00,205.523,0.285,0.28,0.29,0.715,0.71,0.72,,,,
2026-01-06 07:33:26.527000+00:00,2026-01-06 07:33:26.679851+00:00,206.527,0.275,0.27,0.28,0.725,0.72,0.73,,,,
2026-01-06 07:33:27.544000+00:00,2026-01-06 07:33:27.696561+00:00,207.544,0.265,0.26,0.27,0.735,0.73,0.74,,,,
2026-01-06 07:33:28.522000+00:00,2026-01-06 07:33:28.696392+00:00,208.522,0.26,0.25,0.27,0.745,0.74,0.75,,,,
2026-01-06 07:33:29.530000+00:00,2026-01-06 07:33:29.696918+00:00,209.53,0.255,0.25,0.26,0.745,0.74,0.75,,,,
2026-01-06 07:33:30.559000+00:00,2026-01-06 07:33:30.703415+00:00,210.559,0.255,0.25,0.26,0.745,0.74,0.75,,,,
2026-01-06 07:33:31.539000+00:00,2026-01-06 07:33:31.711659+00:00,211.539,0.25,0.24,0.26,0.75,0.74,0.76,,,,
2026-01-06 07:33:32.531000+00:00,2026-01-06 07:33:32.710425+00:00,212.531,0.25,0.24,0.26,0.75,0.74,0.76,,,,
2026-01-06 07:33:33.565000+00:00,2026-01-06 07:33:33.711135+00:00,213.565,0.245,0.24,0.25,0.755,0.75,0.76,,,,
2026-01-06 07:33:34.574000+00:00,2026-01-06 07:33:34.728400+00:00,214.574,0.205,0.2,0.21,0.795,0.79,0.8,,,,
2026-01-06 07:33:35.577000+00:00,2026-01-06 07:33:35.730759+00:00,215.577,0.225,0.22,0.23,0.775,0.77,0.78,,,,
2026-01-06 07:33:36.595000+00:00,2026-01-06 07:33:36.747428+00:00,216.595,0.245,0.24,0.25,0.755,0.75,0.76,,,,
2026-01-06 07:33:37.592000+00:00,2026-01-06 07:33:37.746614+00:00,217.592,0.245,0.24,0.25,0.755,0.75,0.76,,,,
2026-01-06 07:33:38.610000+00:00,2026-01-06 07:33:38.744954+00:00,218.61,0.245,0.24,0.25,0.755,0.75,0.76,,,,
2026-01-06 07:33:39.559000+00:00,2026-01-06 07:33:39.762095+00:00,219.559,0.265,0.26,0.27,0.735,0.73,0.74,,,,
2026-01-06 07:33:40.644000+00:00,2026-01-06 07:33:40.778821+00:00,220.644,0.26,0.25,0.27,0.745,0.74,0.75,,,,
2026-01-06 07:33:41.621000+00:00,2026-01-06 07:33:41.778687+00:00,221.621,0.255,0.25,0.26,0.745,0.74,0.75,,,,
2026-01-06 07:33:42.632000+00:00,2026-01-06 07:33:42.791076+00:00,222.632,0.265,0.26,0.27,0.735,0.73,0.74,,,,
2026-01-06 07:33:43.605000+00:00,2026-01-06 07:33:43.799455+00:00,223.605,0.26,0.25,0.27,0.745,0.74,0.75,,,,
2026-01-06 07:33:44.551000+00:00,2026-01-06 07:33:44.806205+00:00,224.551,0.255,0.25,0.26,0.745,0.74,0.75,,,,
2026-01-06 07:33:45.570000+00:00,2026-01-06 07:33:45.813107+00:00,225.57,0.255,0.25,0.26,0.745,0.74,0.75,,,,
2026-01-06 07:33:46.637000+00:00,2026-01-06 07:33:46.812707+00:00,226.637,0.255,0.25,0.26,0.735,0.72,0.75,,,,
2026-01-06 07:33:47.637000+00:00,2026-01-06 07:33:47.814362+00:00,227.637,0.27,0.26,0.28,0.73,0.72,0.74,,,,
2026-01-06 07:33:48.662000+00:00,2026-01-06 07:33:48.812658+00:00,228.662,0.265,0.25,0.28,0.735,0.73,0.74,,,,
2026-01-06 07:33:49.575000+00:00,2026-01-06 07:33:49.828590+00:00,229.575,0.265,0.26,0.27,0.735,0.73,0.74,,,,
2026-01-06 07:33:50.681000+00:00,2026-01-06 07:33:50.845984+00:00,230.681,0.265,0.26,0.27,0.74,0.73,0.75,,,,
2026-01-06 07:33:51.669000+00:00,2026-01-06 07:33:51.845712+00:00,231.669,0.26,0.25,0.27,0.74,0.73,0.75,,,,
2026-01-06 07:33:52.754000+00:00,2026-01-06 07:33:52.848690+00:00,232.754,0.255,0.25,0.26,0.745,0.74,0.75,,,,
2026-01-06 07:33:53.669000+00:00,2026-01-06 07:33:53.868066+00:00,233.669,0.2299999999999999,0.22,0.24,0.77,0.76,0.78,,,,
2026-01-06 07:33:54.682000+00:00,2026-01-06 07:33:54.881305+00:00,234.682,0.235,0.23,0.24,0.765,0.76,0.77,,,,
2026-01-06 07:33:55.659000+00:00,2026-01-06 07:33:55.886257+00:00,235.659,0.2299999999999999,0.22,0.24,0.77,0.76,0.78,,,,
2026-01-06 07:33:56.700000+00:00,2026-01-06 07:33:56.886766+00:00,236.7,0.2299999999999999,0.22,0.24,0.77,0.76,0.78,,,,
2026-01-06 07:33:57.639000+00:00,2026-01-06 07:33:57.899830+00:00,237.639,0.2299999999999999,0.22,0.24,0.77,0.76,0.78,,,,
2026-01-06 07:33:58.739000+00:00,2026-01-06 07:33:58.904414+00:00,238.739,0.255,0.25,0.26,0.745,0.74,0.75,,,,
2026-01-06 07:33:59.752000+00:00,2026-01-06 07:33:59.906779+00:00,239.752,0.27,0.26,0.28,0.73,0.72,0.74,,,,
2026-01-06 07:34:00.759000+00:00,2026-01-06 07:34:00.918506+00:00,240.759,0.27,0.26,0.28,0.73,0.72,0.74,,,,
2026-01-06 07:34:01.755000+00:00,2026-01-06 07:34:01.921421+00:00,241.755,0.265,0.26,0.27,0.735,0.73,0.74,,,,
2026-01-06 07:34:02.709000+00:00,2026-01-06 07:34:02.921804+00:00,242.709,0.25,0.24,0.26,0.75,0.74,0.76,,,,
2026-01-06 07:34:03.641000+00:00,2026-01-06 07:34:03.920800+00:00,243.641,0.25,0.24,0.26,0.745,0.74,0.75,,,,
2026-01-06 07:34:04.774000+00:00,2026-01-06 07:34:04.934350+00:00,244.774,0.25,0.24,0.26,0.75,0.74,0.76,,,,
2026-01-06 07:34:05.778000+00:00,2026-01-06 07:34:05.942153+00:00,245.778,0.25,0.24,0.26,0.745,0.74,0.75,,,,
2026-01-06 07:34:06.740000+00:00,2026-01-06 07:34:06.935480+00:00,246.74,0.27,0.26,0.28,0.73,0.72,0.74,,,,
2026-01-06 07:34:07.795000+00:00,2026-01-06 07:34:07.952345+00:00,247.795,0.29,0.28,0.3,0.705,0.69,0.72,,,,
2026-01-06 07:34:08.830000+00:00,2026-01-06 07:34:08.968372+00:00,248.83,0.305,0.3,0.31,0.695,0.69,0.7,,,,
2026-01-06 07:34:09.818000+00:00,2026-01-06 07:34:09.979375+00:00,249.818,0.325,0.32,0.33,0.675,0.67,0.68,,,,
2026-01-06 07:34:10.836000+00:00,2026-01-06 07:34:10.992531+00:00,250.836,0.305,0.3,0.31,0.695,0.69,0.7,,,,
2026-01-06 07:34:11.746000+00:00,2026-01-06 07:34:12.000934+00:00,251.746,0.295,0.29,0.3,0.705,0.7,0.71,,,,
2026-01-06 07:34:12.824000+00:00,2026-01-06 07:34:13.001364+00:00,252.824,0.295,0.29,0.3,0.705,0.7,0.71,,,,
2026-01-06 07:34:13.809000+00:00,2026-01-06 07:34:14.017404+00:00,253.809,0.3,0.29,0.31,0.7,0.69,0.71,,,,
2026-01-06 07:34:14.871000+00:00,2026-01-06 07:34:15.021526+00:00,254.871,0.3,0.29,0.31,0.7,0.69,0.71,,,,
2026-01-06 07:34:15.877000+00:00,2026-01-06 07:34:16.036478+00:00,255.877,0.3,0.29,0.31,0.7,0.69,0.71,,,,
2026-01-06 07:34:16.892000+00:00,2026-01-06 07:34:17.045642+00:00,256.892,0.295,0.29,0.3,0.705,0.7,0.71,,,,
2026-01-06 07:34:17.899000+00:00,2026-01-06 07:34:18.060821+00:00,257.899,0.305,0.3,0.31,0.695,0.69,0.7,,,,
2026-01-06 07:34:18.845000+00:00,2026-01-06 07:34:19.061956+00:00,258.845,0.305,0.3,0.31,0.695,0.69,0.7,,,,
2026-01-06 07:34:19.902000+00:00,2026-01-06 07:34:20.080105+00:00,259.902,0.305,0.3,0.31,0.695,0.69,0.7,,,,
2026-01-06 07:34:21.948000+00:00,2026-01-06 07:34:22.096728+00:00,261.948,0.315,0.31,0.32,0.685,0.68,0.69,,,,
2026-01-06 07:34:22.900000+00:00,2026-01-06 07:34:23.116262+00:00,262.9,0.315,0.31,0.32,0.685,0.68,0.69,,,,
2026-01-06 07:34:23.592000+00:00,2026-01-06 07:34:24.133319+00:00,263.592,0.31,0.3,0.32,0.69,0.68,0.7,,,,
2026-01-06 07:34:24.975000+00:00,2026-01-06 07:34:25.134142+00:00,264.975,0.325,0.32,0.33,0.675,0.67,0.68,,,,
2026-01-06 07:34:25.977000+00:00,2026-01-06 07:34:26.151666+00:00,265.977,0.325,0.32,0.33,0.67,0.66,0.68,,,,
2026-01-06 07:34:26.997000+00:00,2026-01-06 07:34:27.150979+00:00,266.997,0.32,0.31,0.33,0.69,0.68,0.7,,,,
2026-01-06 07:34:27.778000+00:00,2026-01-06 07:34:28.161003+00:00,267.778,0.31,0.3,0.32,0.69,0.68,0.7,,,,
2026-01-06 07:34:28.987000+00:00,2026-01-06 07:34:29.177135+00:00,268.987,0.315,0.3,0.33,0.6799999999999999,0.67,0.69,,,,
2026-01-06 07:34:30.032000+00:00,2026-01-06 07:34:30.191794+00:00,270.032,0.32,0.31,0.33,0.6799999999999999,0.67,0.69,,,,
2026-01-06 07:34:31.002000+00:00,2026-01-06 07:34:31.194023+00:00,271.002,0.32,0.31,0.33,0.69,0.68,0.7,,,,
2026-01-06 07:34:32.961000+00:00,2026-01-06 07:34:33.206270+00:00,272.961,0.305,0.3,0.31,0.695,0.69,0.7,,,,
2026-01-06 07:34:34.045000+00:00,2026-01-06 07:34:34.210551+00:00,274.045,0.31,0.3,0.32,0.685,0.68,0.69,,,,
2026-01-06 07:34:35.070000+00:00,2026-01-06 07:34:35.217346+00:00,275.07,0.315,0.31,0.32,0.685,0.68,0.69,,,,
2026-01-06 07:34:36.040000+00:00,2026-01-06 07:34:36.218929+00:00,276.04,0.315,0.31,0.32,0.685,0.68,0.69,,,,
2026-01-06 07:34:37.076000+00:00,2026-01-06 07:34:37.235104+00:00,277.076,0.315,0.31,0.32,0.685,0.68,0.69,,,,
2026-01-06 07:34:38.087000+00:00,2026-01-06 07:34:38.242842+00:00,278.087,0.325,0.32,0.33,0.675,0.67,0.68,,,,
2026-01-06 07:34:39.085000+00:00,2026-01-06 07:34:39.243991+00:00,279.085,0.335,0.33,0.34,0.665,0.66,0.67,,,,
2026-01-06 07:34:40.087000+00:00,2026-01-06 07:34:40.240996+00:00,280.087,0.345,0.34,0.35,0.655,0.65,0.66,,,,
2026-01-06 07:34:41.062000+00:00,2026-01-06 07:34:41.246948+00:00,281.062,0.345,0.34,0.35,0.655,0.65,0.66,,,,
2026-01-06 07:34:42.101000+00:00,2026-01-06 07:34:42.252296+00:00,282.101,0.355,0.35,0.36,0.645,0.64,0.65,,,,
2026-01-06 07:34:43.076000+00:00,2026-01-06 07:34:43.252134+00:00,283.076,0.375,0.37,0.38,0.625,0.62,0.63,,,,
2026-01-06 07:34:44.088000+00:00,2026-01-06 07:34:44.250437+00:00,284.088,0.375,0.37,0.38,0.625,0.62,0.63,,,,
2026-01-06 07:34:45.060000+00:00,2026-01-06 07:34:45.258560+00:00,285.06,0.375,0.37,0.38,0.62,0.61,0.63,,,,
2026-01-06 07:34:46.157000+00:00,2026-01-06 07:34:46.275664+00:00,286.157,0.375,0.37,0.38,0.625,0.62,0.63,,,,
2026-01-06 07:34:47.121000+00:00,2026-01-06 07:34:47.277353+00:00,287.121,0.38,0.37,0.39,0.625,0.62,0.63,,,,
2026-01-06 07:34:48.112000+00:00,2026-01-06 07:34:48.274315+00:00,288.112,0.375,0.37,0.38,0.625,0.62,0.63,,,,
2026-01-06 07:34:49.109000+00:00,2026-01-06 07:34:49.285056+00:00,289.109,0.375,0.37,0.38,0.625,0.62,0.63,,,,
2026-01-06 07:34:50.148000+00:00,2026-01-06 07:34:50.292337+00:00,290.148,0.395,0.39,0.4,0.605,0.6,0.61,,,,
2026-01-06 07:34:51.084000+00:00,2026-01-06 07:34:51.294184+00:00,291.084,0.375,0.37,0.38,0.625,0.62,0.63,,,,
2026-01-06 07:34:52.037000+00:00,2026-01-06 07:34:52.301035+00:00,292.037,0.38,0.37,0.39,0.62,0.61,0.63,,,,
2026-01-06 07:34:53.113000+00:00,2026-01-06 07:34:53.317105+00:00,293.113,0.385,0.38,0.39,0.615,0.61,0.62,,,,
2026-01-06 07:34:54.166000+00:00,2026-01-06 07:34:54.332273+00:00,294.166,0.41,0.4,0.42,0.585,0.58,0.59,,,,
2026-01-06 07:34:55.178000+00:00,2026-01-06 07:34:55.334988+00:00,295.178,0.415,0.41,0.42,0.585,0.58,0.59,,,,
2026-01-06 07:34:56.171000+00:00,2026-01-06 07:34:56.339715+00:00,296.171,0.425,0.42,0.43,0.575,0.57,0.58,,,,
2026-01-06 07:34:57.193000+00:00,2026-01-06 07:34:57.352820+00:00,297.193,0.445,0.44,0.45,0.555,0.55,0.56,,,,
2026-01-06 07:34:58.218000+00:00,2026-01-06 07:34:58.382087+00:00,298.218,0.395,0.39,0.4,0.605,0.6,0.61,,,,
2026-01-06 07:34:59.236000+00:00,2026-01-06 07:34:59.389745+00:00,299.236,0.375,0.37,0.38,0.625,0.62,0.63,,,,
2026-01-06 07:35:00.229000+00:00,2026-01-06 07:35:00.403319+00:00,300.229,0.375,0.37,0.38,0.625,0.62,0.63,,,,
2026-01-06 07:35:01.244000+00:00,2026-01-06 07:35:01.413883+00:00,301.244,0.365,0.36,0.37,0.635,0.63,0.64,,,,
2026-01-06 07:35:02.248000+00:00,2026-01-06 07:35:02.409303+00:00,302.248,0.345,0.34,0.35,0.65,0.64,0.66,,,,
2026-01-06 07:35:03.261000+00:00,2026-01-06 07:35:03.410095+00:00,303.261,0.365,0.36,0.37,0.625,0.62,0.63,,,,
2026-01-06 07:35:04.255000+00:00,2026-01-06 07:35:04.418749+00:00,304.255,0.37,0.36,0.38,0.65,0.64,0.66,,,,
2026-01-06 07:35:05.266000+00:00,2026-01-06 07:35:05.427970+00:00,305.266,0.325,0.32,0.33,0.675,0.67,0.68,,,,
2026-01-06 07:35:06.204000+00:00,2026-01-06 07:35:06.436771+00:00,306.204,0.325,0.32,0.33,0.675,0.67,0.68,,,,
2026-01-06 07:35:07.272000+00:00,2026-01-06 07:35:07.436678+00:00,307.272,0.33,0.32,0.34,0.67,0.66,0.68,,,,
2026-01-06 07:35:08.268000+00:00,2026-01-06 07:35:08.442508+00:00,308.268,0.33,0.32,0.34,0.67,0.66,0.68,,,,
2026-01-06 07:35:09.276000+00:00,2026-01-06 07:35:09.437455+00:00,309.276,0.335,0.33,0.34,0.665,0.66,0.67,,,,
2026-01-06 07:35:10.221000+00:00,2026-01-06 07:35:10.433935+00:00,310.221,0.325,0.32,0.33,0.675,0.67,0.68,,,,
2026-01-06 07:35:11.273000+00:00,2026-01-06 07:35:11.440043+00:00,311.273,0.325,0.32,0.33,0.675,0.67,0.68,,,,
2026-01-06 07:35:12.258000+00:00,2026-01-06 07:35:12.449462+00:00,312.258,0.325,0.32,0.33,0.675,0.67,0.68,,,,
2026-01-06 07:35:13.257000+00:00,2026-01-06 07:35:13.454273+00:00,313.257,0.315,0.31,0.32,0.685,0.68,0.69,,,,
2026-01-06 07:35:14.284000+00:00,2026-01-06 07:35:14.460755+00:00,314.284,0.315,0.31,0.32,0.685,0.68,0.69,,,,
2026-01-06 07:35:15.321000+00:00,2026-01-06 07:35:15.468346+00:00,315.321,0.315,0.31,0.32,0.685,0.68,0.69,,,,
2026-01-06 07:35:16.333000+00:00,2026-01-06 07:35:16.482624+00:00,316.333,0.305,0.3,0.31,0.695,0.69,0.7,,,,
2026-01-06 07:35:17.342000+00:00,2026-01-06 07:35:17.501025+00:00,317.342,0.225,0.22,0.23,0.775,0.77,0.78,,,,
2026-01-06 07:35:18.341000+00:00,2026-01-06 07:35:18.492740+00:00,318.341,0.245,0.24,0.25,0.755,0.75,0.76,,,,
2026-01-06 07:35:19.268000+00:00,2026-01-06 07:35:19.492596+00:00,319.268,0.255,0.25,0.26,0.745,0.74,0.75,,,,
2026-01-06 07:35:20.304000+00:00,2026-01-06 07:35:20.502879+00:00,320.304,0.255,0.25,0.26,0.745,0.74,0.75,,,,
2026-01-06 07:35:21.369000+00:00,2026-01-06 07:35:21.524552+00:00,321.369,0.26,0.25,0.27,0.745,0.73,0.76,,,,
2026-01-06 07:35:22.374000+00:00,2026-01-06 07:35:22.538308+00:00,322.374,0.295,0.29,0.3,0.705,0.7,0.71,,,,
2026-01-06 07:35:23.382000+00:00,2026-01-06 07:35:23.550432+00:00,323.382,0.29,0.28,0.3,0.715,0.71,0.72,,,,
2026-01-06 07:35:24.393000+00:00,2026-01-06 07:35:24.564822+00:00,324.393,0.275,0.27,0.28,0.725,0.72,0.73,,,,
2026-01-06 07:35:25.399000+00:00,2026-01-06 07:35:25.575695+00:00,325.399,0.275,0.27,0.28,0.725,0.72,0.73,,,,
2026-01-06 07:35:26.410000+00:00,2026-01-06 07:35:26.582981+00:00,326.41,0.275,0.27,0.28,0.725,0.72,0.73,,,,
2026-01-06 07:35:27.435000+00:00,2026-01-06 07:35:27.597055+00:00,327.435,0.27,0.26,0.28,0.73,0.72,0.74,,,,
2026-01-06 07:35:28.352000+00:00,2026-01-06 07:35:28.599047+00:00,328.352,0.27,0.26,0.28,0.73,0.72,0.74,,,,
2026-01-06 07:35:29.452000+00:00,2026-01-06 07:35:29.616982+00:00,329.452,0.26,0.25,0.27,0.74,0.73,0.75,,,,
2026-01-06 07:35:30.392000+00:00,2026-01-06 07:35:30.630373+00:00,330.392,0.26,0.25,0.27,0.74,0.73,0.75,,,,
2026-01-06 07:35:31.480000+00:00,2026-01-06 07:35:31.636878+00:00,331.48,0.26,0.25,0.27,0.74,0.73,0.75,,,,
2026-01-06 07:35:32.448000+00:00,2026-01-06 07:35:32.647986+00:00,332.448,0.26,0.25,0.27,0.74,0.73,0.75,,,,
2026-01-06 07:35:33.493000+00:00,2026-01-06 07:35:33.645407+00:00,333.493,0.265,0.26,0.27,0.735,0.73,0.74,,,,
2026-01-06 07:35:34.485000+00:00,2026-01-06 07:35:34.648283+00:00,334.485,0.265,0.26,0.27,0.735,0.73,0.74,,,,
2026-01-06 07:35:35.166000+00:00,2026-01-06 07:35:35.649892+00:00,335.166,0.27,0.26,0.28,0.735,0.73,0.74,,,,
2026-01-06 07:35:36.514000+00:00,2026-01-06 07:35:36.664263+00:00,336.514,0.26,0.25,0.27,0.745,0.74,0.75,,,,
2026-01-06 07:35:37.451000+00:00,2026-01-06 07:35:37.665250+00:00,337.451,0.255,0.25,0.26,0.745,0.74,0.75,,,,
2026-01-06 07:35:38.502000+00:00,2026-01-06 07:35:38.666147+00:00,338.502,0.26,0.25,0.27,0.74,0.73,0.75,,,,
2026-01-06 07:35:39.511000+00:00,2026-01-06 07:35:39.679345+00:00,339.511,0.26,0.25,0.27,0.74,0.73,0.75,,,,
2026-01-06 07:35:40.537000+00:00,2026-01-06 07:35:40.692284+00:00,340.537,0.26,0.25,0.27,0.74,0.73,0.75,,,,
2026-01-06 07:35:41.547000+00:00,2026-01-06 07:35:41.706391+00:00,341.547,0.265,0.26,0.27,0.735,0.73,0.74,,,,
2026-01-06 07:35:42.551000+00:00,2026-01-06 07:35:42.713054+00:00,342.551,0.3,0.29,0.31,0.7,0.69,0.71,,,,
2026-01-06 07:35:43.571000+00:00,2026-01-06 07:35:43.724929+00:00,343.571,0.305,0.3,0.31,0.695,0.69,0.7,,,,
2026-01-06 07:35:44.568000+00:00,2026-01-06 07:35:44.737945+00:00,344.568,0.32,0.31,0.33,0.6799999999999999,0.67,0.69,,,,
2026-01-06 07:35:45.616000+00:00,2026-01-06 07:35:45.755258+00:00,345.616,0.315,0.31,0.32,0.685,0.68,0.69,,,,
2026-01-06 07:35:46.495000+00:00,2026-01-06 07:35:46.757073+00:00,346.495,0.315,0.31,0.32,0.685,0.68,0.69,,,,
2026-01-06 07:35:47.602000+00:00,2026-01-06 07:35:47.765263+00:00,347.602,0.315,0.31,0.32,0.685,0.68,0.69,,,,
2026-01-06 07:35:48.605000+00:00,2026-01-06 07:35:48.780527+00:00,348.605,0.325,0.32,0.33,0.675,0.67,0.68,,,,
2026-01-06 07:35:49.614000+00:00,2026-01-06 07:35:49.798428+00:00,349.614,0.325,0.32,0.33,0.675,0.67,0.68,,,,
2026-01-06 07:35:50.669000+00:00,2026-01-06 07:35:50.824817+00:00,350.669,0.325,0.32,0.33,0.675,0.67,0.68,,,,
2026-01-06 07:35:51.655000+00:00,2026-01-06 07:35:51.832947+00:00,351.655,0.31,0.3,0.32,0.7,0.69,0.71,,,,
2026-01-06 07:35:52.695000+00:00,2026-01-06 07:35:52.851748+00:00,352.695,0.3,0.29,0.31,0.7,0.69,0.71,,,,
2026-01-06 07:35:53.485000+00:00,2026-01-06 07:35:53.859384+00:00,353.485,0.3,0.29,0.31,0.7,0.69,0.71,,,,
2026-01-06 07:35:54.661000+00:00,2026-01-06 07:35:54.873548+00:00,354.661,0.3,0.29,0.31,0.7,0.69,0.71,,,,
2026-01-06 07:35:55.671000+00:00,2026-01-06 07:35:55.869005+00:00,355.671,0.3,0.29,0.31,0.7,0.69,0.71,,,,
2026-01-06 07:35:56.555000+00:00,2026-01-06 07:35:56.882846+00:00,356.555,0.3,0.29,0.31,0.7,0.69,0.71,,,,
2026-01-06 07:35:57.716000+00:00,2026-01-06 07:35:57.899144+00:00,357.716,0.3,0.29,0.31,0.7,0.69,0.71,,,,
2026-01-06 07:35:58.756000+00:00,2026-01-06 07:35:58.912467+00:00,358.756,0.305,0.3,0.31,0.695,0.69,0.7,,,,
2026-01-06 07:35:59.731000+00:00,2026-01-06 07:35:59.915386+00:00,359.731,0.3,0.29,0.31,0.7,0.69,0.71,,,,
2026-01-06 07:36:00.769000+00:00,2026-01-06 07:36:00.932298+00:00,360.769,0.295,0.29,0.3,0.705,0.7,0.71,,,,
2026-01-06 07:36:01.788000+00:00,2026-01-06 07:36:01.941786+00:00,361.788,0.295,0.29,0.3,0.705,0.7,0.71,,,,
2026-01-06 07:36:02.772000+00:00,2026-01-06 07:36:02.940404+00:00,362.772,0.255,0.25,0.26,0.745,0.74,0.75,,,,
2026-01-06 07:36:03.837000+00:00,2026-01-06 07:36:03.951540+00:00,363.837,0.265,0.26,0.27,0.735,0.73,0.74,,,,
2026-01-06 07:36:04.817000+00:00,2026-01-06 07:36:04.969143+00:00,364.817,0.265,0.26,0.27,0.735,0.73,0.74,,,,
2026-01-06 07:36:05.723000+00:00,2026-01-06 07:36:05.981979+00:00,365.723,0.275,0.27,0.28,0.725,0.72,0.73,,,,
2026-01-06 07:36:06.819000+00:00,2026-01-06 07:36:06.982264+00:00,366.819,0.32,0.31,0.33,0.685,0.68,0.69,,,,
2026-01-06 07:36:07.833000+00:00,2026-01-06 07:36:07.990931+00:00,367.833,0.315,0.31,0.32,0.685,0.68,0.69,,,,
2026-01-06 07:36:08.830000+00:00,2026-01-06 07:36:08.984622+00:00,368.83,0.315,0.31,0.32,0.685,0.68,0.69,,,,
2026-01-06 07:36:09.783000+00:00,2026-01-06 07:36:09.995092+00:00,369.783,0.315,0.31,0.32,0.685,0.68,0.69,,,,
2026-01-06 07:36:10.853000+00:00,2026-01-06 07:36:11.010206+00:00,370.853,0.325,0.32,0.33,0.675,0.67,0.68,,,,
2026-01-06 07:36:11.858000+00:00,2026-01-06 07:36:12.014552+00:00,371.858,0.325,0.32,0.33,0.675,0.67,0.68,,,,
2026-01-06 07:36:12.854000+00:00,2026-01-06 07:36:13.009874+00:00,372.854,0.325,0.32,0.33,0.675,0.67,0.68,,,,
2026-01-06 07:36:13.824000+00:00,2026-01-06 07:36:14.030901+00:00,373.824,0.35,0.34,0.36,0.65,0.64,0.66,,,,
2026-01-06 07:36:14.875000+00:00,2026-01-06 07:36:15.029823+00:00,374.875,0.355,0.35,0.36,0.645,0.64,0.65,,,,
2026-01-06 07:36:15.871000+00:00,2026-01-06 07:36:16.040521+00:00,375.871,0.355,0.35,0.36,0.64,0.63,0.65,,,,
2026-01-06 07:36:16.908000+00:00,2026-01-06 07:36:17.062804+00:00,376.908,0.355,0.35,0.36,0.645,0.64,0.65,,,,
2026-01-06 07:36:17.909000+00:00,2026-01-06 07:36:18.079074+00:00,377.909,0.365,0.36,0.37,0.635,0.63,0.64,,,,
2026-01-06 07:36:18.912000+00:00,2026-01-06 07:36:19.098000+00:00,378.912,0.365,0.36,0.37,0.635,0.63,0.64,,,,
2026-01-06 07:36:20.945000+00:00,2026-01-06 07:36:21.116827+00:00,380.945,0.395,0.39,0.4,0.605,0.6,0.61,,,,
2026-01-06 07:36:21.927000+00:00,2026-01-06 07:36:22.115989+00:00,381.927,0.395,0.39,0.4,0.59,0.58,0.6,,,,
2026-01-06 07:36:22.977000+00:00,2026-01-06 07:36:23.130153+00:00,382.977,0.41,0.4,0.42,0.59,0.58,0.6,,,,
2026-01-06 07:36:23.971000+00:00,2026-01-06 07:36:24.129742+00:00,383.971,0.415,0.41,0.42,0.605,0.6,0.61,,,,
2026-01-06 07:36:24.990000+00:00,2026-01-06 07:36:25.142589+00:00,384.99,0.335,0.33,0.34,0.665,0.66,0.67,,,,
2026-01-06 07:36:25.968000+00:00,2026-01-06 07:36:26.144935+00:00,385.968,0.365,0.36,0.37,0.635,0.63,0.64,,,,
2026-01-06 07:36:26.980000+00:00,2026-01-06 07:36:27.158306+00:00,386.98,0.375,0.37,0.38,0.625,0.62,0.63,,,,
2026-01-06 07:36:27.959000+00:00,2026-01-06 07:36:28.179477+00:00,387.959,0.375,0.37,0.38,0.625,0.62,0.63,,,,
2026-01-06 07:36:29.027000+00:00,2026-01-06 07:36:29.188808+00:00,389.027,0.4,0.39,0.41,0.595,0.59,0.6,,,,
2026-01-06 07:36:30.044000+00:00,2026-01-06 07:36:30.204033+00:00,390.044,0.405,0.4,0.41,0.6,0.59,0.61,,,,
2026-01-06 07:36:31.047000+00:00,2026-01-06 07:36:31.216778+00:00,391.047,0.36,0.35,0.37,0.635,0.63,0.64,,,,
2026-01-06 07:36:32.058000+00:00,2026-01-06 07:36:32.216716+00:00,392.058,0.385,0.38,0.39,0.6,0.59,0.61,,,,
2026-01-06 07:36:33.044000+00:00,2026-01-06 07:36:33.229982+00:00,393.044,0.395,0.39,0.4,0.605,0.6,0.61,,,,
2026-01-06 07:36:34.065000+00:00,2026-01-06 07:36:34.220690+00:00,394.065,0.41,0.4,0.42,0.585,0.58,0.59,,,,
2026-01-06 07:36:35.078000+00:00,2026-01-06 07:36:35.232067+00:00,395.078,0.395,0.39,0.4,0.605,0.6,0.61,,,,
2026-01-06 07:36:36.058000+00:00,2026-01-06 07:36:36.239792+00:00,396.058,0.385,0.38,0.39,0.615,0.61,0.62,,,,
2026-01-06 07:36:37.087000+00:00,2026-01-06 07:36:37.244575+00:00,397.087,0.385,0.38,0.39,0.615,0.61,0.62,,,,
2026-01-06 07:36:38.097000+00:00,2026-01-06 07:36:38.252458+00:00,398.097,0.4,0.39,0.41,0.605,0.6,0.61,,,,
2026-01-06 07:36:39.093000+00:00,2026-01-06 07:36:39.252269+00:00,399.093,0.3349999999999999,0.32,0.35,0.655,0.65,0.66,,,,
2026-01-06 07:36:40.152000+00:00,2026-01-06 07:36:40.268810+00:00,400.152,0.345,0.34,0.35,0.655,0.65,0.66,,,,
2026-01-06 07:36:41.118000+00:00,2026-01-06 07:36:41.277383+00:00,401.118,0.365,0.36,0.37,0.635,0.63,0.64,,,,
2026-01-06 07:36:42.096000+00:00,2026-01-06 07:36:42.277560+00:00,402.096,0.385,0.38,0.39,0.615,0.61,0.62,,,,
2026-01-06 07:36:43.129000+00:00,2026-01-06 07:36:43.292494+00:00,403.129,0.375,0.37,0.38,0.625,0.62,0.63,,,,
2026-01-06 07:36:44.138000+00:00,2026-01-06 07:36:44.297449+00:00,404.138,0.375,0.37,0.38,0.625,0.62,0.63,,,,
2026-01-06 07:36:45.151000+00:00,2026-01-06 07:36:45.306082+00:00,405.151,0.365,0.36,0.37,0.635,0.63,0.64,,,,
2026-01-06 07:36:46.009000+00:00,2026-01-06 07:36:46.322648+00:00,406.009,0.355,0.35,0.36,0.645,0.64,0.65,,,,
2026-01-06 07:36:47.153000+00:00,2026-01-06 07:36:47.320682+00:00,407.153,0.355,0.35,0.36,0.645,0.64,0.65,,,,
2026-01-06 07:36:48.170000+00:00,2026-01-06 07:36:48.329483+00:00,408.17,0.415,0.41,0.42,0.585,0.58,0.59,,,,
2026-01-06 07:36:49.133000+00:00,2026-01-06 07:36:49.318301+00:00,409.133,0.42,0.41,0.43,0.58,0.57,0.59,,,,
2026-01-06 07:36:50.153000+00:00,2026-01-06 07:36:50.321741+00:00,410.153,0.42,0.41,0.43,0.58,0.57,0.59,,,,
2026-01-06 07:36:51.182000+00:00,2026-01-06 07:36:51.344500+00:00,411.182,0.425,0.42,0.43,0.575,0.57,0.58,,,,
2026-01-06 07:36:52.073000+00:00,2026-01-06 07:36:52.335733+00:00,412.073,0.425,0.42,0.43,0.575,0.57,0.58,,,,
2026-01-06 07:36:53.136000+00:00,2026-01-06 07:36:53.339495+00:00,413.136,0.425,0.42,0.43,0.575,0.57,0.58,,,,
2026-01-06 07:36:54.185000+00:00,2026-01-06 07:36:54.339390+00:00,414.185,0.425,0.42,0.43,0.575,0.57,0.58,,,,
2026-01-06 07:36:55.001000+00:00,2026-01-06 07:36:55.338099+00:00,415.001,0.425,0.42,0.43,0.575,0.57,0.58,,,,
2026-01-06 07:36:56.075000+00:00,2026-01-06 07:36:56.328213+00:00,416.075,0.425,0.42,0.43,0.575,0.57,0.58,,,,
2026-01-06 07:36:57.153000+00:00,2026-01-06 07:36:57.338775+00:00,417.153,0.425,0.42,0.43,0.575,0.57,0.58,,,,
2026-01-06 07:36:58.163000+00:00,2026-01-06 07:36:58.339351+00:00,418.163,0.415,0.41,0.42,0.585,0.58,0.59,,,,
2026-01-06 07:36:59.196000+00:00,2026-01-06 07:36:59.350422+00:00,419.196,0.415,0.41,0.42,0.595,0.59,0.6,,,,
2026-01-06 07:37:00.202000+00:00,2026-01-06 07:37:00.358068+00:00,420.202,0.415,0.41,0.42,0.585,0.58,0.59,,,,
2026-01-06 07:37:01.941000+00:00,2026-01-06 07:37:02.351440+00:00,421.941,0.425,0.42,0.43,0.575,0.57,0.58,,,,
2026-01-06 07:37:03.198000+00:00,2026-01-06 07:37:03.358620+00:00,423.198,0.405,0.4,0.41,0.615,0.6,0.63,,,,
2026-01-06 07:37:04.199000+00:00,2026-01-06 07:37:04.358018+00:00,424.199,0.375,0.37,0.38,0.625,0.62,0.63,,,,
2026-01-06 07:37:05.212000+00:00,2026-01-06 07:37:05.373539+00:00,425.212,0.37,0.36,0.38,0.63,0.62,0.64,,,,
2026-01-06 07:37:06.125000+00:00,2026-01-06 07:37:06.372062+00:00,426.125,0.37,0.36,0.38,0.63,0.62,0.64,,,,
2026-01-06 07:37:07.210000+00:00,2026-01-06 07:37:07.378531+00:00,427.21,0.37,0.36,0.38,0.63,0.62,0.64,,,,
2026-01-06 07:37:08.191000+00:00,2026-01-06 07:37:08.394126+00:00,428.191,0.365,0.36,0.37,0.635,0.63,0.64,,,,
2026-01-06 07:37:09.242000+00:00,2026-01-06 07:37:09.408175+00:00,429.242,0.365,0.36,0.37,0.635,0.63,0.64,,,,
2026-01-06 07:37:10.251000+00:00,2026-01-06 07:37:10.418758+00:00,430.251,0.365,0.36,0.37,0.635,0.63,0.64,,,,
2026-01-06 07:37:11.245000+00:00,2026-01-06 07:37:11.422699+00:00,431.245,0.365,0.36,0.37,0.645,0.64,0.65,,,,
2026-01-06 07:37:12.267000+00:00,2026-01-06 07:37:12.429074+00:00,432.267,0.3399999999999999,0.33,0.35,0.665,0.66,0.67,,,,
2026-01-06 07:37:13.222000+00:00,2026-01-06 07:37:13.438162+00:00,433.222,0.335,0.33,0.34,0.665,0.66,0.67,,,,
2026-01-06 07:37:14.297000+00:00,2026-01-06 07:37:14.444783+00:00,434.297,0.335,0.33,0.34,0.665,0.66,0.67,,,,
2026-01-06 07:37:15.296000+00:00,2026-01-06 07:37:15.462062+00:00,435.296,0.325,0.32,0.33,0.675,0.67,0.68,,,,
2026-01-06 07:37:16.304000+00:00,2026-01-06 07:37:16.463709+00:00,436.304,0.32,0.31,0.33,0.6799999999999999,0.67,0.69,,,,
2026-01-06 07:37:17.851000+00:00,2026-01-06 07:37:18.470898+00:00,437.851,0.33,0.32,0.34,0.67,0.66,0.68,,,,
2026-01-06 07:37:19.217000+00:00,2026-01-06 07:37:19.480962+00:00,439.217,0.33,0.32,0.34,0.675,0.67,0.68,,,,
2026-01-06 07:37:20.162000+00:00,2026-01-06 07:37:20.481124+00:00,440.162,0.32,0.31,0.33,0.6799999999999999,0.67,0.69,,,,
2026-01-06 07:37:21.336000+00:00,2026-01-06 07:37:21.493960+00:00,441.336,0.32,0.31,0.33,0.6799999999999999,0.67,0.69,,,,
2026-01-06 07:37:22.308000+00:00,2026-01-06 07:37:22.496992+00:00,442.308,0.32,0.31,0.33,0.6799999999999999,0.67,0.69,,,,
2026-01-06 07:37:23.245000+00:00,2026-01-06 07:37:23.500374+00:00,443.245,0.32,0.31,0.33,0.6799999999999999,0.67,0.69,,,,
2026-01-06 07:37:24.343000+00:00,2026-01-06 07:37:24.494649+00:00,444.343,0.315,0.31,0.32,0.685,0.68,0.69,,,,
2026-01-06 07:37:25.217000+00:00,2026-01-06 07:37:25.511240+00:00,445.217,0.305,0.3,0.31,0.695,0.69,0.7,,,,
2026-01-06 07:37:26.367000+00:00,2026-01-06 07:37:26.526185+00:00,446.367,0.29,0.28,0.3,0.71,0.7,0.72,,,,
2026-01-06 07:37:27.359000+00:00,2026-01-06 07:37:27.540211+00:00,447.359,0.28,0.27,0.29,0.72,0.71,0.73,,,,
2026-01-06 07:37:28.404000+00:00,2026-01-06 07:37:28.558613+00:00,448.404,0.285,0.28,0.29,0.715,0.71,0.72,,,,
2026-01-06 07:37:29.356000+00:00,2026-01-06 07:37:29.561932+00:00,449.356,0.285,0.28,0.29,0.725,0.72,0.73,,,,
2026-01-06 07:37:30.417000+00:00,2026-01-06 07:37:30.578235+00:00,450.417,0.275,0.27,0.28,0.725,0.72,0.73,,,,
2026-01-06 07:37:31.425000+00:00,2026-01-06 07:37:31.574777+00:00,451.425,0.275,0.27,0.28,0.725,0.72,0.73,,,,
2026-01-06 07:37:32.279000+00:00,2026-01-06 07:37:32.572885+00:00,452.279,0.245,0.23,0.26,0.76,0.75,0.77,,,,
2026-01-06 07:37:33.395000+00:00,2026-01-06 07:37:33.581167+00:00,453.395,0.245,0.24,0.25,0.755,0.75,0.76,,,,
2026-01-06 07:37:34.384000+00:00,2026-01-06 07:37:34.581855+00:00,454.384,0.235,0.23,0.24,0.765,0.76,0.77,,,,
2026-01-06 07:37:35.329000+00:00,2026-01-06 07:37:35.592743+00:00,455.329,0.25,0.24,0.26,0.75,0.74,0.76,,,,
2026-01-06 07:37:36.424000+00:00,2026-01-06 07:37:36.586957+00:00,456.424,0.245,0.24,0.25,0.755,0.75,0.76,,,,
2026-01-06 07:37:37.383000+00:00,2026-01-06 07:37:37.604028+00:00,457.383,0.245,0.24,0.25,0.755,0.75,0.76,,,,
2026-01-06 07:37:38.428000+00:00,2026-01-06 07:37:39.620438+00:00,458.428,0.245,0.24,0.25,0.755,0.75,0.76,,,,
2026-01-06 07:37:40.436000+00:00,2026-01-06 07:37:40.627651+00:00,460.436,0.245,0.24,0.25,0.755,0.75,0.76,,,,
2026-01-06 07:37:41.464000+00:00,2026-01-06 07:37:41.644101+00:00,461.464,0.245,0.24,0.25,0.755,0.75,0.76,,,,
2026-01-06 07:37:42.483000+00:00,2026-01-06 07:37:42.646991+00:00,462.483,0.24,0.23,0.25,0.765,0.76,0.77,,,,
2026-01-06 07:37:43.116000+00:00,2026-01-06 07:37:43.654916+00:00,463.116,0.235,0.23,0.24,0.765,0.76,0.77,,,,
2026-01-06 07:37:44.525000+00:00,2026-01-06 07:37:44.676617+00:00,464.525,0.235,0.23,0.24,0.765,0.76,0.77,,,,
2026-01-06 07:37:45.277000+00:00,2026-01-06 07:37:45.687997+00:00,465.277,0.235,0.23,0.24,0.765,0.76,0.77,,,,
2026-01-06 07:37:46.795000+00:00,2026-01-06 07:37:47.703632+00:00,466.795,0.24,0.23,0.25,0.76,0.75,0.77,,,,
2026-01-06 07:37:48.427000+00:00,2026-01-06 07:37:48.720568+00:00,468.427,0.24,0.23,0.25,0.76,0.75,0.77,,,,
2026-01-06 07:37:49.394000+00:00,2026-01-06 07:37:49.728612+00:00,469.394,0.24,0.23,0.25,0.76,0.75,0.77,,,,
2026-01-06 07:37:50.545000+00:00,2026-01-06 07:37:50.742544+00:00,470.545,0.24,0.23,0.25,0.76,0.75,0.77,,,,
2026-01-06 07:37:51.523000+00:00,2026-01-06 07:37:51.761151+00:00,471.523,0.24,0.23,0.25,0.76,0.75,0.77,,,,
2026-01-06 07:37:52.620000+00:00,2026-01-06 07:37:52.771277+00:00,472.62,0.245,0.24,0.25,0.755,0.75,0.76,,,,
2026-01-06 07:37:53.609000+00:00,2026-01-06 07:37:53.773421+00:00,473.609,0.245,0.24,0.25,0.765,0.75,0.78,,,,
2026-01-06 07:37:54.538000+00:00,2026-01-06 07:37:54.770865+00:00,474.538,0.235,0.23,0.24,0.765,0.76,0.77,,,,
2026-01-06 07:37:55.604000+00:00,2026-01-06 07:37:55.773497+00:00,475.604,0.2299999999999999,0.22,0.24,0.77,0.76,0.78,,,,
2026-01-06 07:37:56.613000+00:00,2026-01-06 07:37:56.789406+00:00,476.613,0.22,0.21,0.23,0.78,0.77,0.79,,,,
2026-01-06 07:37:57.290000+00:00,2026-01-06 07:37:57.789753+00:00,477.29,0.22,0.21,0.23,0.78,0.77,0.79,,,,
2026-01-06 07:37:58.610000+00:00,2026-01-06 07:37:58.791503+00:00,478.61,0.22,0.21,0.23,0.78,0.77,0.79,,,,
2026-01-06 07:37:59.529000+00:00,2026-01-06 07:37:59.792696+00:00,479.529,0.22,0.21,0.23,0.78,0.77,0.79,,,,
2026-01-06 07:38:00.646000+00:00,2026-01-06 07:38:00.804343+00:00,480.646,0.22,0.21,0.23,0.78,0.77,0.79,,,,
2026-01-06 07:38:01.624000+00:00,2026-01-06 07:38:01.808609+00:00,481.624,0.225,0.22,0.23,0.775,0.77,0.78,,,,
2026-01-06 07:38:02.656000+00:00,2026-01-06 07:38:02.822946+00:00,482.656,0.22,0.21,0.23,0.785,0.78,0.79,,,,
2026-01-06 07:38:03.651000+00:00,2026-01-06 07:38:03.822813+00:00,483.651,0.22,0.21,0.23,0.78,0.77,0.79,,,,
2026-01-06 07:38:04.657000+00:00,2026-01-06 07:38:04.813496+00:00,484.657,0.21,0.2,0.22,0.79,0.78,0.8,,,,
2026-01-06 07:38:05.631000+00:00,2026-01-06 07:38:05.813147+00:00,485.631,0.225,0.22,0.23,0.78,0.77,0.79,,,,
2026-01-06 07:38:06.605000+00:00,2026-01-06 07:38:06.824491+00:00,486.605,0.22,0.21,0.23,0.78,0.77,0.79,,,,
2026-01-06 07:38:07.661000+00:00,2026-01-06 07:38:07.841251+00:00,487.661,0.22,0.21,0.23,0.78,0.77,0.79,,,,
2026-01-06 07:38:08.567000+00:00,2026-01-06 07:38:08.843261+00:00,488.567,0.22,0.21,0.23,0.78,0.77,0.79,,,,
2026-01-06 07:38:09.672000+00:00,2026-01-06 07:38:09.851591+00:00,489.672,0.225,0.22,0.23,0.775,0.77,0.78,,,,
2026-01-06 07:38:10.671000+00:00,2026-01-06 07:38:10.853356+00:00,490.671,0.225,0.22,0.23,0.775,0.77,0.78,,,,
2026-01-06 07:38:11.696000+00:00,2026-01-06 07:38:11.860645+00:00,491.696,0.185,0.18,0.19,0.8200000000000001,0.81,0.83,,,,
2026-01-06 07:38:12.669000+00:00,2026-01-06 07:38:12.870069+00:00,492.669,0.19,0.18,0.2,0.81,0.8,0.82,,,,
2026-01-06 07:38:13.679000+00:00,2026-01-06 07:38:13.870519+00:00,493.679,0.19,0.18,0.2,0.81,0.8,0.82,,,,
2026-01-06 07:38:14.618000+00:00,2026-01-06 07:38:14.872719+00:00,494.618,0.19,0.18,0.2,0.81,0.8,0.82,,,,
2026-01-06 07:38:15.624000+00:00,2026-01-06 07:38:15.890691+00:00,495.624,0.19,0.18,0.2,0.81,0.8,0.82,,,,
2026-01-06 07:38:16.685000+00:00,2026-01-06 07:38:16.907441+00:00,496.685,0.19,0.18,0.2,0.81,0.8,0.82,,,,
2026-01-06 07:38:17.705000+00:00,2026-01-06 07:38:17.915437+00:00,497.705,0.19,0.18,0.2,0.81,0.8,0.82,,,,
2026-01-06 07:38:18.769000+00:00,2026-01-06 07:38:18.921721+00:00,498.769,0.185,0.18,0.19,0.8200000000000001,0.81,0.83,,,,
2026-01-06 07:38:19.769000+00:00,2026-01-06 07:38:19.936076+00:00,499.769,0.18,0.17,0.19,0.8200000000000001,0.81,0.83,,,,
2026-01-06 07:38:20.782000+00:00,2026-01-06 07:38:20.951809+00:00,500.782,0.18,0.17,0.19,0.8200000000000001,0.81,0.83,,,,
2026-01-06 07:38:21.517000+00:00,2026-01-06 07:38:21.957843+00:00,501.517,0.175,0.17,0.18,0.825,0.82,0.83,,,,
2026-01-06 07:38:22.807000+00:00,2026-01-06 07:38:22.971188+00:00,502.807,0.18,0.17,0.19,0.8200000000000001,0.81,0.83,,,,
2026-01-06 07:38:23.757000+00:00,2026-01-06 07:38:23.965549+00:00,503.757,0.185,0.18,0.19,0.81,0.8,0.82,,,,
2026-01-06 07:38:24.808000+00:00,2026-01-06 07:38:24.969523+00:00,504.808,0.175,0.17,0.18,0.835,0.83,0.84,,,,
2026-01-06 07:38:25.786000+00:00,2026-01-06 07:38:25.970106+00:00,505.786,0.135,0.13,0.14,0.865,0.86,0.87,,,,
2026-01-06 07:38:26.829000+00:00,2026-01-06 07:38:26.991237+00:00,506.829,0.135,0.13,0.14,0.865,0.86,0.87,,,,
2026-01-06 07:38:27.838000+00:00,2026-01-06 07:38:27.993599+00:00,507.838,0.13,0.12,0.14,0.865,0.86,0.87,,,,
2026-01-06 07:38:28.839000+00:00,2026-01-06 07:38:29.009031+00:00,508.839,0.135,0.13,0.14,0.865,0.86,0.87,,,,
2026-01-06 07:38:29.856000+00:00,2026-01-06 07:38:30.018833+00:00,509.856,0.135,0.13,0.14,0.86,0.85,0.87,,,,
2026-01-06 07:38:30.865000+00:00,2026-01-06 07:38:31.035175+00:00,510.865,0.135,0.13,0.14,0.87,0.86,0.88,,,,
2026-01-06 07:38:31.831000+00:00,2026-01-06 07:38:32.025872+00:00,511.831,0.135,0.13,0.14,0.86,0.85,0.87,,,,
2026-01-06 07:38:32.869000+00:00,2026-01-06 07:38:33.023118+00:00,512.869,0.135,0.13,0.14,0.865,0.86,0.87,,,,
2026-01-06 07:38:33.888000+00:00,2026-01-06 07:38:34.036143+00:00,513.888,0.1149999999999999,0.11,0.12,0.885,0.88,0.89,,,,
2026-01-06 07:38:34.890000+00:00,2026-01-06 07:38:35.053014+00:00,514.89,0.11,0.1,0.12,0.885,0.88,0.89,,,,
2026-01-06 07:38:35.861000+00:00,2026-01-06 07:38:36.043640+00:00,515.861,0.1149999999999999,0.11,0.12,0.885,0.88,0.89,,,,
2026-01-06 07:38:36.872000+00:00,2026-01-06 07:38:37.051418+00:00,516.872,0.1149999999999999,0.11,0.12,0.885,0.88,0.89,,,,
2026-01-06 07:38:37.914000+00:00,2026-01-06 07:38:38.073758+00:00,517.914,0.105,0.1,0.11,0.895,0.89,0.9,,,,
2026-01-06 07:38:38.907000+00:00,2026-01-06 07:38:39.068663+00:00,518.907,0.105,0.1,0.11,0.895,0.89,0.9,,,,
2026-01-06 07:38:39.927000+00:00,2026-01-06 07:38:40.069274+00:00,519.927,0.1149999999999999,0.11,0.12,0.885,0.88,0.89,,,,
2026-01-06 07:38:41.910000+00:00,2026-01-06 07:38:42.090711+00:00,521.91,0.13,0.12,0.14,0.865,0.86,0.87,,,,
2026-01-06 07:38:42.957000+00:00,2026-01-06 07:38:43.100097+00:00,522.957,0.135,0.13,0.14,0.865,0.86,0.87,,,,
2026-01-06 07:38:43.927000+00:00,2026-01-06 07:38:44.098317+00:00,523.927,0.155,0.15,0.16,0.845,0.84,0.85,,,,
2026-01-06 07:38:44.894000+00:00,2026-01-06 07:38:45.101465+00:00,524.894,0.155,0.15,0.16,0.845,0.84,0.85,,,,
2026-01-06 07:38:45.949000+00:00,2026-01-06 07:38:46.102255+00:00,525.949,0.155,0.15,0.16,0.845,0.84,0.85,,,,
2026-01-06 07:38:46.951000+00:00,2026-01-06 07:38:47.105803+00:00,526.951,0.135,0.13,0.14,0.875,0.86,0.89,,,,
2026-01-06 07:38:47.945000+00:00,2026-01-06 07:38:48.117877+00:00,527.945,0.1149999999999999,0.11,0.12,0.88,0.87,0.89,,,,
2026-01-06 07:38:48.971000+00:00,2026-01-06 07:38:49.139555+00:00,528.971,0.12,0.11,0.13,0.88,0.87,0.89,,,,
2026-01-06 07:38:49.985000+00:00,2026-01-06 07:38:50.153393+00:00,529.985,0.1149999999999999,0.11,0.12,0.885,0.88,0.89,,,,
2026-01-06 07:38:50.940000+00:00,2026-01-06 07:38:51.151410+00:00,530.94,0.1149999999999999,0.11,0.12,0.885,0.88,0.89,,,,
2026-01-06 07:38:51.837000+00:00,2026-01-06 07:38:52.167673+00:00,531.837,0.1149999999999999,0.11,0.12,0.885,0.88,0.89,,,,
2026-01-06 07:38:52.779000+00:00,2026-01-06 07:38:53.174306+00:00,532.779,0.1149999999999999,0.11,0.12,0.885,0.88,0.89,,,,
2026-01-06 07:38:54.999000+00:00,2026-01-06 07:38:55.200777+00:00,534.999,0.1149999999999999,0.11,0.12,0.885,0.88,0.89,,,,
2026-01-06 07:38:55.257000+00:00,2026-01-06 07:38:56.198881+00:00,535.257,0.1149999999999999,0.11,0.12,0.89,0.88,0.9,,,,
2026-01-06 07:38:56.975000+00:00,2026-01-06 07:38:57.204740+00:00,536.975,0.105,0.1,0.11,0.895,0.89,0.9,,,,
2026-01-06 07:38:57.991000+00:00,2026-01-06 07:38:58.217961+00:00,537.991,0.11,0.1,0.12,0.895,0.89,0.9,,,,
2026-01-06 07:38:59.035000+00:00,2026-01-06 07:38:59.232935+00:00,539.035,0.105,0.1,0.11,0.895,0.89,0.9,,,,
2026-01-06 07:39:00.032000+00:00,2026-01-06 07:39:00.232329+00:00,540.032,0.105,0.1,0.11,0.895,0.89,0.9,,,,
2026-01-06 07:39:01.975000+00:00,2026-01-06 07:39:02.247548+00:00,541.975,0.105,0.1,0.11,0.895,0.89,0.9,,,,
2026-01-06 07:39:03.944000+00:00,2026-01-06 07:39:04.284751+00:00,543.944,0.105,0.1,0.11,0.895,0.89,0.9,,,,
2026-01-06 07:39:05.144000+00:00,2026-01-06 07:39:05.297115+00:00,545.144,0.105,0.1,0.11,0.895,0.89,0.9,,,,
2026-01-06 07:39:06.144000+00:00,2026-01-06 07:39:06.306607+00:00,546.144,0.1149999999999999,0.11,0.12,0.88,0.87,0.89,,,,
2026-01-06 07:39:07.152000+00:00,2026-01-06 07:39:07.315850+00:00,547.152,0.125,0.12,0.13,0.875,0.87,0.88,,,,
2026-01-06 07:39:08.150000+00:00,2026-01-06 07:39:08.318383+00:00,548.15,0.13,0.12,0.14,0.865,0.86,0.87,,,,
2026-01-06 07:39:09.138000+00:00,2026-01-06 07:39:09.322293+00:00,549.138,0.135,0.13,0.14,0.865,0.86,0.87,,,,
2026-01-06 07:39:10.147000+00:00,2026-01-06 07:39:10.334036+00:00,550.147,0.135,0.13,0.14,0.865,0.86,0.87,,,,
2026-01-06 07:39:11.201000+00:00,2026-01-06 07:39:11.354048+00:00,551.201,0.145,0.14,0.15,0.855,0.85,0.86,,,,
2026-01-06 07:39:12.204000+00:00,2026-01-06 07:39:12.368091+00:00,552.204,0.135,0.13,0.14,0.865,0.86,0.87,,,,
2026-01-06 07:39:13.239000+00:00,2026-01-06 07:39:13.386283+00:00,553.239,0.155,0.15,0.16,0.845,0.84,0.85,,,,
2026-01-06 07:39:14.245000+00:00,2026-01-06 07:39:14.399656+00:00,554.245,0.155,0.15,0.16,0.845,0.84,0.85,,,,
2026-01-06 07:39:15.255000+00:00,2026-01-06 07:39:15.417213+00:00,555.255,0.145,0.14,0.15,0.855,0.85,0.86,,,,
2026-01-06 07:39:16.090000+00:00,2026-01-06 07:39:16.436422+00:00,556.09,0.145,0.14,0.15,0.855,0.85,0.86,,,,
2026-01-06 07:39:17.280000+00:00,2026-01-06 07:39:17.449764+00:00,557.28,0.145,0.14,0.15,0.855,0.85,0.86,,,,
2026-01-06 07:39:18.256000+00:00,2026-01-06 07:39:18.442532+00:00,558.256,0.13,0.12,0.14,0.87,0.86,0.88,,,,
2026-01-06 07:39:19.237000+00:00,2026-01-06 07:39:19.449769+00:00,559.237,0.13,0.12,0.14,0.87,0.86,0.88,,,,
2026-01-06 07:39:20.302000+00:00,2026-01-06 07:39:20.459843+00:00,560.302,0.125,0.12,0.13,0.88,0.87,0.89,,,,
2026-01-06 07:39:21.286000+00:00,2026-01-06 07:39:21.467775+00:00,561.286,0.125,0.12,0.13,0.875,0.87,0.88,,,,
2026-01-06 07:39:22.205000+00:00,2026-01-06 07:39:22.471398+00:00,562.205,0.125,0.12,0.13,0.875,0.87,0.88,,,,
2026-01-06 07:39:23.313000+00:00,2026-01-06 07:39:23.482071+00:00,563.313,0.125,0.12,0.13,0.885,0.88,0.89,,,,
2026-01-06 07:39:24.320000+00:00,2026-01-06 07:39:24.479390+00:00,564.32,0.11,0.1,0.12,0.89,0.88,0.9,,,,
2026-01-06 07:39:25.307000+00:00,2026-01-06 07:39:25.484270+00:00,565.307,0.105,0.1,0.11,0.895,0.89,0.9,,,,
2026-01-06 07:39:26.282000+00:00,2026-01-06 07:39:26.494748+00:00,566.282,0.095,0.09,0.1,0.905,0.9,0.91,,,,
2026-01-06 07:39:27.233000+00:00,2026-01-06 07:39:27.510013+00:00,567.233,0.1,0.09,0.11,0.9,0.89,0.91,,,,
2026-01-06 07:39:28.345000+00:00,2026-01-06 07:39:28.505564+00:00,568.345,0.09,0.08,0.1,0.905,0.9,0.91,,,,
2026-01-06 07:39:29.358000+00:00,2026-01-06 07:39:29.516132+00:00,569.358,0.095,0.09,0.1,0.9,0.89,0.91,,,,
2026-01-06 07:39:30.354000+00:00,2026-01-06 07:39:30.534162+00:00,570.354,0.095,0.09,0.1,0.905,0.9,0.91,,,,
2026-01-06 07:39:31.371000+00:00,2026-01-06 07:39:31.552289+00:00,571.371,0.095,0.09,0.1,0.905,0.9,0.91,,,,
2026-01-06 07:39:32.127000+00:00,2026-01-06 07:39:32.571050+00:00,572.127,0.0849999999999999,0.08,0.09,0.915,0.91,0.92,,,,
2026-01-06 07:39:33.377000+00:00,2026-01-06 07:39:33.569302+00:00,573.377,0.0849999999999999,0.08,0.09,0.915,0.91,0.92,,,,
2026-01-06 07:39:34.892000+00:00,2026-01-06 07:39:35.565285+00:00,574.892,0.09,0.08,0.1,0.91,0.9,0.92,,,,
2026-01-06 07:39:36.404000+00:00,2026-01-06 07:39:36.566338+00:00,576.404,0.09,0.08,0.1,0.91,0.9,0.92,,,,
2026-01-06 07:39:37.252000+00:00,2026-01-06 07:39:37.566044+00:00,577.252,0.09,0.08,0.1,0.91,0.9,0.92,,,,
2026-01-06 07:39:38.332000+00:00,2026-01-06 07:39:38.564949+00:00,578.332,0.09,0.08,0.1,0.91,0.9,0.92,,,,
2026-01-06 07:39:39.445000+00:00,2026-01-06 07:39:39.586794+00:00,579.445,0.0849999999999999,0.08,0.09,0.915,0.91,0.92,,,,
2026-01-06 07:39:40.474000+00:00,2026-01-06 07:39:40.601098+00:00,580.474,0.0849999999999999,0.08,0.09,0.915,0.91,0.92,,,,
2026-01-06 07:39:41.463000+00:00,2026-01-06 07:39:41.620441+00:00,581.463,0.0849999999999999,0.08,0.09,0.915,0.91,0.92,,,,
2026-01-06 07:39:42.471000+00:00,2026-01-06 07:39:42.633490+00:00,582.471,0.075,0.07,0.08,0.925,0.92,0.93,,,,
2026-01-06 07:39:43.463000+00:00,2026-01-06 07:39:43.650292+00:00,583.463,0.075,0.07,0.08,0.925,0.92,0.93,,,,
2026-01-06 07:39:44.500000+00:00,2026-01-06 07:39:44.663413+00:00,584.5,0.07,0.06,0.08,0.935,0.93,0.94,,,,
2026-01-06 07:39:45.493000+00:00,2026-01-06 07:39:45.672489+00:00,585.493,0.065,0.06,0.07,0.935,0.93,0.94,,,,
2026-01-06 07:39:46.406000+00:00,2026-01-06 07:39:46.665236+00:00,586.406,0.055,0.05,0.06,0.945,0.94,0.95,,,,
2026-01-06 07:39:47.519000+00:00,2026-01-06 07:39:47.681139+00:00,587.519,0.055,0.05,0.06,0.945,0.94,0.95,,,,
2026-01-06 07:39:48.538000+00:00,2026-01-06 07:39:48.693646+00:00,588.538,0.065,0.06,0.07,0.935,0.92,0.95,,,,
2026-01-06 07:39:49.394000+00:00,2026-01-06 07:39:49.699193+00:00,589.394,0.055,0.05,0.06,0.925,0.92,0.93,,,,
2026-01-06 07:39:50.498000+00:00,2026-01-06 07:39:50.705184+00:00,590.498,0.055,0.05,0.06,0.94,0.93,0.95,,,,
2026-01-06 07:39:51.547000+00:00,2026-01-06 07:39:51.725515+00:00,591.547,0.055,0.05,0.06,0.945,0.94,0.95,,,,
2026-01-06 07:39:52.500000+00:00,2026-01-06 07:39:52.725914+00:00,592.5,0.055,0.05,0.06,0.945,0.94,0.95,,,,
2026-01-06 07:39:53.582000+00:00,2026-01-06 07:39:53.745392+00:00,593.582,0.055,0.05,0.06,0.945,0.94,0.95,,,,
2026-01-06 07:39:54.620000+00:00,2026-01-06 07:39:54.773284+00:00,594.62,0.055,0.05,0.06,0.945,0.94,0.95,,,,
2026-01-06 07:39:55.498000+00:00,2026-01-06 07:39:55.778979+00:00,595.498,0.055,0.05,0.06,0.945,0.94,0.95,,,,
2026-01-06 07:39:56.544000+00:00,2026-01-06 07:39:56.789584+00:00,596.544,0.05,0.04,0.06,0.955,0.95,0.96,,,,
2026-01-06 07:39:57.624000+00:00,2026-01-06 07:39:57.783791+00:00,597.624,0.045,0.04,0.05,0.955,0.95,0.96,,,,
2026-01-06 07:39:58.636000+00:00,2026-01-06 07:39:58.787685+00:00,598.636,0.035,0.03,0.04,0.965,0.96,0.97,,,,
2026-01-06 07:39:59.605000+00:00,2026-01-06 07:39:59.782076+00:00,599.605,0.055,0.05,0.06,0.945,0.94,0.95,,,,
2026-01-06 07:40:00.638000+00:00,2026-01-06 07:40:00.795881+00:00,600.638,0.055,0.05,0.06,0.94,0.93,0.95,,,,
2026-01-06 07:40:01.649000+00:00,2026-01-06 07:40:01.800920+00:00,601.649,0.05,0.04,0.06,0.95,0.94,0.96,,,,
2026-01-06 07:40:02.551000+00:00,2026-01-06 07:40:02.799257+00:00,602.551,0.055,0.05,0.06,0.945,0.94,0.95,,,,
2026-01-06 07:40:03.652000+00:00,2026-01-06 07:40:03.821132+00:00,603.652,0.065,0.06,0.07,0.935,0.93,0.94,,,,
2026-01-06 07:40:04.625000+00:00,2026-01-06 07:40:04.826805+00:00,604.625,0.065,0.06,0.07,0.94,0.93,0.95,,,,
2026-01-06 07:40:05.670000+00:00,2026-01-06 07:40:05.831343+00:00,605.67,0.055,0.05,0.06,0.945,0.94,0.95,,,,
2026-01-06 07:40:06.639000+00:00,2026-01-06 07:40:06.830849+00:00,606.639,0.065,0.06,0.07,0.935,0.93,0.94,,,,
2026-01-06 07:40:07.684000+00:00,2026-01-06 07:40:07.832092+00:00,607.684,0.055,0.05,0.06,0.945,0.94,0.95,,,,
2026-01-06 07:40:08.559000+00:00,2026-01-06 07:40:08.850721+00:00,608.559,0.055,0.05,0.06,0.945,0.94,0.95,,,,
2026-01-06 07:40:09.644000+00:00,2026-01-06 07:40:09.848157+00:00,609.644,0.065,0.06,0.07,0.935,0.93,0.94,,,,
2026-01-06 07:40:10.547000+00:00,2026-01-06 07:40:10.865343+00:00,610.547,0.055,0.05,0.06,0.945,0.94,0.95,,,,
2026-01-06 07:40:11.671000+00:00,2026-01-06 07:40:11.874555+00:00,611.671,0.055,0.05,0.06,0.945,0.94,0.95,,,,
2026-01-06 07:40:12.713000+00:00,2026-01-06 07:40:12.882248+00:00,612.713,0.06,0.05,0.07,0.94,0.93,0.95,,,,
2026-01-06 07:40:13.695000+00:00,2026-01-06 07:40:13.880466+00:00,613.695,0.065,0.06,0.07,0.935,0.93,0.94,,,,
2026-01-06 07:40:14.709000+00:00,2026-01-06 07:40:14.889736+00:00,614.709,0.075,0.07,0.08,0.925,0.92,0.93,,,,
2026-01-06 07:40:15.660000+00:00,2026-01-06 07:40:15.884149+00:00,615.66,0.075,0.07,0.08,0.925,0.92,0.93,,,,
2026-01-06 07:40:16.709000+00:00,2026-01-06 07:40:16.898292+00:00,616.709,0.075,0.07,0.08,0.925,0.92,0.93,,,,
2026-01-06 07:40:17.706000+00:00,2026-01-06 07:40:17.894520+00:00,617.706,0.075,0.07,0.08,0.925,0.92,0.93,,,,
2026-01-06 07:40:18.453000+00:00,2026-01-06 07:40:18.902432+00:00,618.453,0.07,0.06,0.08,0.93,0.92,0.94,,,,
2026-01-06 07:40:19.563000+00:00,2026-01-06 07:40:19.909403+00:00,619.563,0.07,0.06,0.08,0.935,0.93,0.94,,,,
2026-01-06 07:40:20.689000+00:00,2026-01-06 07:40:20.905304+00:00,620.689,0.065,0.06,0.07,0.935,0.93,0.94,,,,
2026-01-06 07:40:21.468000+00:00,2026-01-06 07:40:21.909060+00:00,621.468,0.065,0.06,0.07,0.935,0.93,0.94,,,,
2026-01-06 07:40:22.561000+00:00,2026-01-06 07:40:22.901758+00:00,622.561,0.07,0.06,0.08,0.93,0.92,0.94,,,,
2026-01-06 07:40:23.737000+00:00,2026-01-06 07:40:23.913460+00:00,623.737,0.07,0.06,0.08,0.93,0.92,0.94,,,,
2026-01-06 07:40:24.753000+00:00,2026-01-06 07:40:24.913572+00:00,624.753,0.065,0.06,0.07,0.935,0.93,0.94,,,,
2026-01-06 07:40:25.730000+00:00,2026-01-06 07:40:25.938848+00:00,625.73,0.07,0.06,0.08,0.93,0.92,0.94,,,,
2026-01-06 07:40:26.806000+00:00,2026-01-06 07:40:26.952687+00:00,626.806,0.065,0.06,0.07,0.94,0.93,0.95,,,,
2026-01-06 07:40:27.812000+00:00,2026-01-06 07:40:27.964237+00:00,627.812,0.065,0.06,0.07,0.93,0.92,0.94,,,,
2026-01-06 07:40:28.806000+00:00,2026-01-06 07:40:28.984452+00:00,628.806,0.075,0.07,0.08,0.915,0.91,0.92,,,,
2026-01-06 07:40:29.808000+00:00,2026-01-06 07:40:29.997854+00:00,629.808,0.07,0.06,0.08,0.93,0.92,0.94,,,,
2026-01-06 07:40:30.788000+00:00,2026-01-06 07:40:30.998177+00:00,630.788,0.065,0.06,0.07,0.935,0.93,0.94,,,,
2026-01-06 07:40:31.814000+00:00,2026-01-06 07:40:31.997517+00:00,631.814,0.065,0.06,0.07,0.935,0.93,0.94,,,,
2026-01-06 07:40:32.855000+00:00,2026-01-06 07:40:33.013880+00:00,632.855,0.065,0.06,0.07,0.935,0.93,0.94,,,,
2026-01-06 07:40:33.866000+00:00,2026-01-06 07:40:34.026816+00:00,633.866,0.065,0.06,0.07,0.935,0.93,0.94,,,,
2026-01-06 07:40:34.851000+00:00,2026-01-06 07:40:35.028545+00:00,634.851,0.065,0.06,0.07,0.935,0.93,0.94,,,,
2026-01-06 07:40:35.882000+00:00,2026-01-06 07:40:36.047747+00:00,635.882,0.065,0.06,0.07,0.935,0.93,0.94,,,,
2026-01-06 07:40:36.888000+00:00,2026-01-06 07:40:37.051399+00:00,636.888,0.065,0.06,0.07,0.935,0.93,0.94,,,,
2026-01-06 07:40:37.887000+00:00,2026-01-06 07:40:38.052373+00:00,637.887,0.055,0.05,0.06,0.945,0.94,0.95,,,,
2026-01-06 07:40:38.836000+00:00,2026-01-06 07:40:39.059998+00:00,638.836,0.055,0.05,0.06,0.945,0.94,0.95,,,,
2026-01-06 07:40:39.906000+00:00,2026-01-06 07:40:40.064823+00:00,639.906,0.055,0.05,0.06,0.94,0.93,0.95,,,,
2026-01-06 07:40:40.853000+00:00,2026-01-06 07:40:41.080962+00:00,640.853,0.055,0.05,0.06,0.945,0.94,0.95,,,,
2026-01-06 07:40:41.933000+00:00,2026-01-06 07:40:42.093176+00:00,641.933,0.065,0.06,0.07,0.94,0.93,0.95,,,,
2026-01-06 07:40:42.955000+00:00,2026-01-06 07:40:43.109126+00:00,642.955,0.06,0.05,0.07,0.945,0.94,0.95,,,,
2026-01-06 07:40:43.927000+00:00,2026-01-06 07:40:44.120493+00:00,643.927,0.065,0.06,0.07,0.935,0.93,0.94,,,,
2026-01-06 07:40:44.894000+00:00,2026-01-06 07:40:45.139298+00:00,644.894,0.06,0.05,0.07,0.945,0.94,0.95,,,,
2026-01-06 07:40:45.703000+00:00,2026-01-06 07:40:46.158893+00:00,645.703,0.075,0.07,0.08,0.925,0.92,0.93,,,,
2026-01-06 07:40:46.963000+00:00,2026-01-06 07:40:47.172684+00:00,646.963,0.075,0.07,0.08,0.925,0.92,0.93,,,,
2026-01-06 07:40:47.948000+00:00,2026-01-06 07:40:48.187320+00:00,647.948,0.075,0.07,0.08,0.925,0.92,0.93,,,,
2026-01-06 07:40:49.980000+00:00,2026-01-06 07:40:50.208551+00:00,649.98,0.05,0.04,0.06,0.95,0.94,0.96,,,,
2026-01-06 07:40:51.977000+00:00,2026-01-06 07:40:52.229391+00:00,651.977,0.05,0.04,0.06,0.95,0.94,0.96,,,,
2026-01-06 07:40:52.906000+00:00,2026-01-06 07:40:53.235947+00:00,652.906,0.045,0.04,0.05,0.955,0.95,0.96,,,,
2026-01-06 07:40:53.872000+00:00,2026-01-06 07:40:54.247436+00:00,653.872,0.045,0.04,0.05,0.955,0.95,0.96,,,,
2026-01-06 07:40:55.965000+00:00,2026-01-06 07:40:56.287832+00:00,655.965,0.05,0.04,0.06,0.955,0.95,0.96,,,,
2026-01-06 07:40:57.139000+00:00,2026-01-06 07:40:57.301346+00:00,657.139,0.05,0.04,0.06,0.95,0.94,0.96,,,,
2026-01-06 07:40:58.961000+00:00,2026-01-06 07:40:59.318011+00:00,658.961,0.05,0.04,0.06,0.95,0.94,0.96,,,,
2026-01-06 07:41:00.098000+00:00,2026-01-06 07:41:00.317511+00:00,660.098,0.05,0.04,0.06,0.95,0.94,0.96,,,,
2026-01-06 07:41:01.146000+00:00,2026-01-06 07:41:01.335336+00:00,661.146,0.045,0.04,0.05,0.955,0.95,0.96,,,,
2026-01-06 07:41:02.144000+00:00,2026-01-06 07:41:02.334893+00:00,662.144,0.05,0.04,0.06,0.945,0.94,0.95,,,,
2026-01-06 07:41:03.067000+00:00,2026-01-06 07:41:03.334133+00:00,663.067,0.055,0.05,0.06,0.945,0.94,0.95,,,,
2026-01-06 07:41:04.169000+00:00,2026-01-06 07:41:04.334879+00:00,664.169,0.035,0.03,0.04,0.965,0.96,0.97,,,,
2026-01-06 07:41:05.187000+00:00,2026-01-06 07:41:05.345478+00:00,665.187,0.035,0.03,0.04,0.965,0.96,0.97,,,,
2026-01-06 07:41:06.186000+00:00,2026-01-06 07:41:06.351200+00:00,666.186,0.035,0.03,0.04,0.965,0.96,0.97,,,,
2026-01-06 07:41:07.179000+00:00,2026-01-06 07:41:07.367541+00:00,667.179,0.035,0.03,0.04,0.965,0.96,0.97,,,,
2026-01-06 07:41:08.222000+00:00,2026-01-06 07:41:08.380558+00:00,668.222,0.045,0.04,0.05,0.955,0.95,0.96,,,,
2026-01-06 07:41:09.274000+00:00,2026-01-06 07:41:09.408687+00:00,669.274,0.055,0.05,0.06,0.945,0.94,0.95,,,,
2026-01-06 07:41:10.255000+00:00,2026-01-06 07:41:10.415211+00:00,670.255,0.065,0.06,0.07,0.935,0.93,0.94,,,,
2026-01-06 07:41:11.222000+00:00,2026-01-06 07:41:11.420366+00:00,671.222,0.08,0.07,0.09,0.92,0.91,0.93,,,,
2026-01-06 07:41:12.252000+00:00,2026-01-06 07:41:12.417124+00:00,672.252,0.075,0.07,0.08,0.925,0.92,0.93,,,,
2026-01-06 07:41:13.264000+00:00,2026-01-06 07:41:13.423849+00:00,673.264,0.055,0.05,0.06,0.945,0.94,0.95,,,,
2026-01-06 07:41:14.148000+00:00,2026-01-06 07:41:14.429768+00:00,674.148,0.055,0.05,0.06,0.945,0.94,0.95,,,,
2026-01-06 07:41:15.267000+00:00,2026-01-06 07:41:15.435124+00:00,675.267,0.07,0.06,0.08,0.93,0.92,0.94,,,,
2026-01-06 07:41:16.070000+00:00,2026-01-06 07:41:16.435887+00:00,676.07,0.065,0.06,0.07,0.935,0.93,0.94,,,,
2026-01-06 07:41:17.262000+00:00,2026-01-06 07:41:17.449015+00:00,677.262,0.075,0.07,0.08,0.925,0.92,0.93,,,,
2026-01-06 07:41:18.304000+00:00,2026-01-06 07:41:18.465933+00:00,678.304,0.1,0.09,0.11,0.885,0.88,0.89,,,,
2026-01-06 07:41:19.316000+00:00,2026-01-06 07:41:19.473701+00:00,679.316,0.11,0.1,0.12,0.895,0.89,0.9,,,,
2026-01-06 07:41:20.251000+00:00,2026-01-06 07:41:20.478471+00:00,680.251,0.105,0.1,0.11,0.895,0.89,0.9,,,,
2026-01-06 07:41:21.291000+00:00,2026-01-06 07:41:21.478085+00:00,681.291,0.105,0.1,0.11,0.895,0.89,0.9,,,,
2026-01-06 07:41:22.322000+00:00,2026-01-06 07:41:22.487339+00:00,682.322,0.095,0.09,0.1,0.91,0.9,0.92,,,,
2026-01-06 07:41:23.327000+00:00,2026-01-06 07:41:23.488328+00:00,683.327,0.09,0.08,0.1,0.915,0.91,0.92,,,,
2026-01-06 07:41:24.321000+00:00,2026-01-06 07:41:24.495301+00:00,684.321,0.095,0.09,0.1,0.905,0.9,0.91,,,,
2026-01-06 07:41:25.300000+00:00,2026-01-06 07:41:25.501586+00:00,685.3,0.095,0.09,0.1,0.905,0.9,0.91,,,,
2026-01-06 07:41:26.223000+00:00,2026-01-06 07:41:26.495307+00:00,686.223,0.095,0.09,0.1,0.905,0.9,0.91,,,,
2026-01-06 07:41:27.306000+00:00,2026-01-06 07:41:27.491987+00:00,687.306,0.095,0.09,0.1,0.905,0.9,0.91,,,,
2026-01-06 07:41:28.333000+00:00,2026-01-06 07:41:28.500414+00:00,688.333,0.095,0.09,0.1,0.905,0.9,0.91,,,,
2026-01-06 07:41:29.355000+00:00,2026-01-06 07:41:29.503421+00:00,689.355,0.09,0.08,0.1,0.91,0.9,0.92,,,,
2026-01-06 07:41:30.355000+00:00,2026-01-06 07:41:30.514376+00:00,690.355,0.0849999999999999,0.08,0.09,0.915,0.91,0.92,,,,
2026-01-06 07:41:31.327000+00:00,2026-01-06 07:41:31.515379+00:00,691.327,0.08,0.07,0.09,0.915,0.91,0.92,,,,
2026-01-06 07:41:32.355000+00:00,2026-01-06 07:41:32.520172+00:00,692.355,0.0849999999999999,0.08,0.09,0.92,0.91,0.93,,,,
2026-01-06 07:41:33.268000+00:00,2026-01-06 07:41:33.516527+00:00,693.268,0.08,0.07,0.09,0.915,0.91,0.92,,,,
2026-01-06 07:41:34.360000+00:00,2026-01-06 07:41:34.527544+00:00,694.36,0.0849999999999999,0.08,0.09,0.925,0.92,0.93,,,,
2026-01-06 07:41:35.357000+00:00,2026-01-06 07:41:35.528015+00:00,695.357,0.07,0.06,0.08,0.93,0.92,0.94,,,,
2026-01-06 07:41:36.370000+00:00,2026-01-06 07:41:36.522218+00:00,696.37,0.075,0.07,0.08,0.925,0.92,0.93,,,,
2026-01-06 07:41:37.357000+00:00,2026-01-06 07:41:37.527437+00:00,697.357,0.075,0.07,0.08,0.925,0.92,0.93,,,,
2026-01-06 07:41:38.361000+00:00,2026-01-06 07:41:38.531409+00:00,698.361,0.0849999999999999,0.08,0.09,0.915,0.91,0.92,,,,
2026-01-06 07:41:39.393000+00:00,2026-01-06 07:41:39.551305+00:00,699.393,0.0849999999999999,0.08,0.09,0.915,0.91,0.92,,,,
2026-01-06 07:41:40.363000+00:00,2026-01-06 07:41:40.553492+00:00,700.363,0.075,0.07,0.08,0.925,0.92,0.93,,,,
2026-01-06 07:41:41.386000+00:00,2026-01-06 07:41:41.565919+00:00,701.386,0.0849999999999999,0.08,0.09,0.915,0.91,0.92,,,,
2026-01-06 07:41:42.416000+00:00,2026-01-06 07:41:42.567048+00:00,702.416,0.08,0.07,0.09,0.925,0.92,0.93,,,,
2026-01-06 07:41:43.347000+00:00,2026-01-06 07:41:43.587404+00:00,703.347,0.075,0.07,0.08,0.925,0.92,0.93,,,,
2026-01-06 07:41:44.067000+00:00,2026-01-06 07:41:44.596609+00:00,704.067,0.075,0.07,0.08,0.915,0.91,0.92,,,,
2026-01-06 07:41:45.390000+00:00,2026-01-06 07:41:45.592002+00:00,705.39,0.075,0.07,0.08,0.925,0.92,0.93,,,,
2026-01-06 07:41:46.433000+00:00,2026-01-06 07:41:46.594074+00:00,706.433,0.075,0.07,0.08,0.93,0.92,0.94,,,,
2026-01-06 07:41:47.424000+00:00,2026-01-06 07:41:47.610377+00:00,707.424,0.07,0.06,0.08,0.93,0.92,0.94,,,,
2026-01-06 07:41:48.313000+00:00,2026-01-06 07:41:48.610798+00:00,708.313,0.075,0.07,0.08,0.925,0.92,0.93,,,,
2026-01-06 07:41:49.451000+00:00,2026-01-06 07:41:49.610470+00:00,709.451,0.065,0.06,0.07,0.935,0.93,0.94,,,,
2026-01-06 07:41:50.450000+00:00,2026-01-06 07:41:50.609428+00:00,710.45,0.07,0.06,0.08,0.925,0.92,0.93,,,,
2026-01-06 07:41:51.452000+00:00,2026-01-06 07:41:51.611081+00:00,711.452,0.07,0.06,0.08,0.93,0.92,0.94,,,,
2026-01-06 07:41:52.471000+00:00,2026-01-06 07:41:52.626648+00:00,712.471,0.08,0.07,0.09,0.925,0.92,0.93,,,,
2026-01-06 07:41:53.473000+00:00,2026-01-06 07:41:53.633811+00:00,713.473,0.065,0.06,0.07,0.935,0.93,0.94,,,,
2026-01-06 07:41:54.458000+00:00,2026-01-06 07:41:54.647215+00:00,714.458,0.07,0.06,0.08,0.93,0.92,0.94,,,,
2026-01-06 07:41:55.424000+00:00,2026-01-06 07:41:55.648616+00:00,715.424,0.07,0.06,0.08,0.935,0.93,0.94,,,,
2026-01-06 07:41:56.503000+00:00,2026-01-06 07:41:56.649847+00:00,716.503,0.07,0.06,0.08,0.93,0.92,0.94,,,,
2026-01-06 07:41:57.494000+00:00,2026-01-06 07:41:57.660845+00:00,717.494,0.07,0.06,0.08,0.93,0.92,0.94,,,,
2026-01-06 07:41:58.399000+00:00,2026-01-06 07:41:58.676352+00:00,718.399,0.07,0.06,0.08,0.935,0.93,0.94,,,,
2026-01-06 07:41:59.516000+00:00,2026-01-06 07:41:59.675399+00:00,719.516,0.065,0.06,0.07,0.935,0.93,0.94,,,,
2026-01-06 07:42:00.497000+00:00,2026-01-06 07:42:00.668726+00:00,720.497,0.0849999999999999,0.08,0.09,0.91,0.9,0.92,,,,
2026-01-06 07:42:01.403000+00:00,2026-01-06 07:42:01.683938+00:00,721.403,0.065,0.06,0.07,0.925,0.92,0.93,,,,
2026-01-06 07:42:02.401000+00:00,2026-01-06 07:42:02.682454+00:00,722.401,0.075,0.07,0.08,0.925,0.92,0.93,,,,
2026-01-06 07:42:03.486000+00:00,2026-01-06 07:42:03.693435+00:00,723.486,0.065,0.06,0.07,0.94,0.93,0.95,,,,
2026-01-06 07:42:04.530000+00:00,2026-01-06 07:42:04.693607+00:00,724.53,0.065,0.06,0.07,0.935,0.93,0.94,,,,
2026-01-06 07:42:05.567000+00:00,2026-01-06 07:42:05.707872+00:00,725.567,0.08,0.07,0.09,0.915,0.91,0.92,,,,
2026-01-06 07:42:06.554000+00:00,2026-01-06 07:42:06.709473+00:00,726.554,0.1,0.09,0.11,0.9,0.89,0.91,,,,
2026-01-06 07:42:07.535000+00:00,2026-01-06 07:42:07.709106+00:00,727.535,0.105,0.1,0.11,0.895,0.89,0.9,,,,
2026-01-06 07:42:08.529000+00:00,2026-01-06 07:42:08.724653+00:00,728.529,0.105,0.1,0.11,0.905,0.9,0.91,,,,
2026-01-06 07:42:09.576000+00:00,2026-01-06 07:42:09.742979+00:00,729.576,0.095,0.09,0.1,0.905,0.9,0.91,,,,
2026-01-06 07:42:10.582000+00:00,2026-01-06 07:42:10.759481+00:00,730.582,0.095,0.09,0.1,0.9,0.89,0.91,,,,
2026-01-06 07:42:11.595000+00:00,2026-01-06 07:42:11.759565+00:00,731.595,0.265,0.26,0.27,0.735,0.73,0.74,,,,
2026-01-06 07:42:12.592000+00:00,2026-01-06 07:42:12.769874+00:00,732.592,0.185,0.18,0.19,0.815,0.81,0.82,,,,
2026-01-06 07:42:13.621000+00:00,2026-01-06 07:42:13.778165+00:00,733.621,0.175,0.17,0.18,0.825,0.82,0.83,,,,
2026-01-06 07:42:14.547000+00:00,2026-01-06 07:42:14.776513+00:00,734.547,0.195,0.19,0.2,0.805,0.8,0.81,,,,
2026-01-06 07:42:15.621000+00:00,2026-01-06 07:42:15.793113+00:00,735.621,0.195,0.18,0.21,0.81,0.8,0.82,,,,
2026-01-06 07:42:16.624000+00:00,2026-01-06 07:42:16.791231+00:00,736.624,0.19,0.18,0.2,0.815,0.81,0.82,,,,
2026-01-06 07:42:17.606000+00:00,2026-01-06 07:42:17.791549+00:00,737.606,0.19,0.18,0.2,0.815,0.8,0.83,,,,
2026-01-06 07:42:18.583000+00:00,2026-01-06 07:42:18.792669+00:00,738.583,0.19,0.18,0.2,0.81,0.8,0.82,,,,
2026-01-06 07:42:19.621000+00:00,2026-01-06 07:42:19.792112+00:00,739.621,0.19,0.18,0.2,0.81,0.8,0.82,,,,
2026-01-06 07:42:20.645000+00:00,2026-01-06 07:42:20.807709+00:00,740.645,0.195,0.19,0.2,0.805,0.8,0.81,,,,
2026-01-06 07:42:21.648000+00:00,2026-01-06 07:42:21.810402+00:00,741.648,0.2,0.19,0.21,0.8,0.79,0.81,,,,
2026-01-06 07:42:22.640000+00:00,2026-01-06 07:42:22.825274+00:00,742.64,0.19,0.18,0.2,0.815,0.81,0.82,,,,
2026-01-06 07:42:23.682000+00:00,2026-01-06 07:42:23.841946+00:00,743.682,0.14,0.13,0.15,0.85,0.84,0.86,,,,
2026-01-06 07:42:24.650000+00:00,2026-01-06 07:42:24.846806+00:00,744.65,0.145,0.14,0.15,0.855,0.85,0.86,,,,
2026-01-06 07:42:25.694000+00:00,2026-01-06 07:42:25.857661+00:00,745.694,0.15,0.14,0.16,0.85,0.84,0.86,,,,
2026-01-06 07:42:26.609000+00:00,2026-01-06 07:42:26.860431+00:00,746.609,0.145,0.14,0.15,0.855,0.85,0.86,,,,
2026-01-06 07:42:27.689000+00:00,2026-01-06 07:42:27.856077+00:00,747.689,0.15,0.14,0.16,0.85,0.84,0.86,,,,
2026-01-06 07:42:28.707000+00:00,2026-01-06 07:42:28.876236+00:00,748.707,0.15,0.14,0.16,0.85,0.84,0.86,,,,
2026-01-06 07:42:29.716000+00:00,2026-01-06 07:42:29.876977+00:00,749.716,0.145,0.14,0.15,0.855,0.85,0.86,,,,
2026-01-06 07:42:30.731000+00:00,2026-01-06 07:42:30.893643+00:00,750.731,0.145,0.14,0.15,0.865,0.86,0.87,,,,
2026-01-06 07:42:31.748000+00:00,2026-01-06 07:42:31.909109+00:00,751.748,0.12,0.11,0.13,0.88,0.87,0.89,,,,
2026-01-06 07:42:32.665000+00:00,2026-01-06 07:42:32.909955+00:00,752.665,0.12,0.11,0.13,0.88,0.87,0.89,,,,
2026-01-06 07:42:33.707000+00:00,2026-01-06 07:42:33.911512+00:00,753.707,0.12,0.11,0.13,0.88,0.87,0.89,,,,
2026-01-06 07:42:34.763000+00:00,2026-01-06 07:42:34.926375+00:00,754.763,0.1149999999999999,0.11,0.12,0.885,0.88,0.89,,,,
2026-01-06 07:42:35.721000+00:00,2026-01-06 07:42:35.934113+00:00,755.721,0.11,0.1,0.12,0.89,0.88,0.9,,,,
2026-01-06 07:42:36.742000+00:00,2026-01-06 07:42:36.933387+00:00,756.742,0.11,0.1,0.12,0.89,0.88,0.9,,,,
2026-01-06 07:42:37.746000+00:00,2026-01-06 07:42:37.931627+00:00,757.746,0.11,0.1,0.12,0.89,0.88,0.9,,,,
2026-01-06 07:42:38.742000+00:00,2026-01-06 07:42:38.934367+00:00,758.742,0.105,0.1,0.11,0.895,0.89,0.9,,,,
2026-01-06 07:42:39.800000+00:00,2026-01-06 07:42:39.945329+00:00,759.8,0.0849999999999999,0.08,0.09,0.91,0.9,0.92,,,,
2026-01-06 07:42:40.725000+00:00,2026-01-06 07:42:40.942740+00:00,760.725,0.0849999999999999,0.08,0.09,0.915,0.91,0.92,,,,
2026-01-06 07:42:41.769000+00:00,2026-01-06 07:42:41.961196+00:00,761.769,0.08,0.07,0.09,0.92,0.91,0.93,,,,
2026-01-06 07:42:42.669000+00:00,2026-01-06 07:42:42.960903+00:00,762.669,0.0849999999999999,0.08,0.09,0.915,0.91,0.92,,,,
2026-01-06 07:42:43.741000+00:00,2026-01-06 07:42:43.970572+00:00,763.741,0.08,0.07,0.09,0.92,0.91,0.93,,,,
2026-01-06 07:42:44.807000+00:00,2026-01-06 07:42:44.975534+00:00,764.807,0.08,0.07,0.09,0.92,0.91,0.93,,,,
2026-01-06 07:42:45.819000+00:00,2026-01-06 07:42:45.986272+00:00,765.819,0.08,0.07,0.09,0.92,0.91,0.93,,,,
2026-01-06 07:42:46.569000+00:00,2026-01-06 07:42:46.984056+00:00,766.569,0.08,0.07,0.09,0.92,0.91,0.93,,,,
2026-01-06 07:42:47.813000+00:00,2026-01-06 07:42:47.991461+00:00,767.813,0.08,0.07,0.09,0.92,0.91,0.93,,,,
2026-01-06 07:42:48.834000+00:00,2026-01-06 07:42:48.990698+00:00,768.834,0.0849999999999999,0.08,0.09,0.915,0.91,0.92,,,,
2026-01-06 07:42:49.823000+00:00,2026-01-06 07:42:49.985684+00:00,769.823,0.1149999999999999,0.11,0.12,0.885,0.88,0.89,,,,
2026-01-06 07:42:50.803000+00:00,2026-01-06 07:42:50.984310+00:00,770.803,0.095,0.08,0.11,0.905,0.89,0.92,,,,
2026-01-06 07:42:51.829000+00:00,2026-01-06 07:42:51.990735+00:00,771.829,0.09,0.08,0.1,0.91,0.9,0.92,,,,
2026-01-06 07:42:52.830000+00:00,2026-01-06 07:42:52.991410+00:00,772.83,0.09,0.08,0.1,0.91,0.9,0.92,,,,
2026-01-06 07:42:53.830000+00:00,2026-01-06 07:42:53.995103+00:00,773.83,0.08,0.07,0.09,0.92,0.91,0.93,,,,
2026-01-06 07:42:54.834000+00:00,2026-01-06 07:42:55.013637+00:00,774.834,0.08,0.07,0.09,0.92,0.91,0.93,,,,
2026-01-06 07:42:55.715000+00:00,2026-01-06 07:42:56.030904+00:00,775.715,0.08,0.07,0.09,0.915,0.91,0.92,,,,
2026-01-06 07:42:56.866000+00:00,2026-01-06 07:42:57.035725+00:00,776.866,0.105,0.1,0.11,0.895,0.89,0.9,,,,
2026-01-06 07:42:57.873000+00:00,2026-01-06 07:42:58.045807+00:00,777.873,0.09,0.08,0.1,0.91,0.9,0.92,,,,
2026-01-06 07:42:58.892000+00:00,2026-01-06 07:42:59.054493+00:00,778.892,0.105,0.1,0.11,0.895,0.89,0.9,,,,
2026-01-06 07:42:59.896000+00:00,2026-01-06 07:43:00.058480+00:00,779.896,0.115,0.1,0.13,0.88,0.87,0.89,,,,
2026-01-06 07:43:00.904000+00:00,2026-01-06 07:43:01.075654+00:00,780.904,0.12,0.11,0.13,0.895,0.89,0.9,,,,
2026-01-06 07:43:01.917000+00:00,2026-01-06 07:43:02.097755+00:00,781.917,0.06,0.05,0.07,0.94,0.93,0.95,,,,
2026-01-06 07:43:02.909000+00:00,2026-01-06 07:43:03.100561+00:00,782.909,0.075,0.07,0.08,0.925,0.92,0.93,,,,
2026-01-06 07:43:03.909000+00:00,2026-01-06 07:43:04.112501+00:00,783.909,0.07,0.06,0.08,0.935,0.93,0.94,,,,
2026-01-06 07:43:04.943000+00:00,2026-01-06 07:43:05.113750+00:00,784.943,0.075,0.07,0.08,0.93,0.92,0.94,,,,
2026-01-06 07:43:05.967000+00:00,2026-01-06 07:43:06.129630+00:00,785.967,0.075,0.07,0.08,0.93,0.92,0.94,,,,
2026-01-06 07:43:06.961000+00:00,2026-01-06 07:43:07.131197+00:00,786.961,0.08,0.07,0.09,0.915,0.91,0.92,,,,
2026-01-06 07:43:07.980000+00:00,2026-01-06 07:43:08.141741+00:00,787.98,0.1149999999999999,0.11,0.12,0.885,0.88,0.89,,,,
2026-01-06 07:43:09.004000+00:00,2026-01-06 07:43:09.162313+00:00,789.004,0.0849999999999999,0.08,0.09,0.915,0.91,0.92,,,,
2026-01-06 07:43:10.009000+00:00,2026-01-06 07:43:10.164542+00:00,790.009,0.0849999999999999,0.08,0.09,0.915,0.91,0.92,,,,
2026-01-06 07:43:11.012000+00:00,2026-01-06 07:43:11.172784+00:00,791.012,0.095,0.09,0.1,0.905,0.9,0.91,,,,
2026-01-06 07:43:12.850000+00:00,2026-01-06 07:43:13.192003+00:00,792.85,0.09,0.08,0.1,0.91,0.9,0.92,,,,
2026-01-06 07:43:14.036000+00:00,2026-01-06 07:43:14.194868+00:00,794.036,0.0849999999999999,0.08,0.09,0.915,0.91,0.92,,,,
2026-01-06 07:43:15.047000+00:00,2026-01-06 07:43:15.206915+00:00,795.047,0.1149999999999999,0.11,0.12,0.885,0.88,0.89,,,,
2026-01-06 07:43:16.054000+00:00,2026-01-06 07:43:16.222369+00:00,796.054,0.12,0.11,0.13,0.88,0.87,0.89,,,,
2026-01-06 07:43:17.083000+00:00,2026-01-06 07:43:17.243700+00:00,797.083,0.135,0.13,0.14,0.865,0.86,0.87,,,,
2026-01-06 07:43:18.102000+00:00,2026-01-06 07:43:18.265394+00:00,798.102,0.135,0.13,0.14,0.87,0.86,0.88,,,,
2026-01-06 07:43:19.037000+00:00,2026-01-06 07:43:19.275524+00:00,799.037,0.175,0.17,0.18,0.825,0.82,0.83,,,,
2026-01-06 07:43:20.007000+00:00,2026-01-06 07:43:20.274292+00:00,800.007,0.195,0.19,0.2,0.805,0.8,0.81,,,,
2026-01-06 07:43:21.116000+00:00,2026-01-06 07:43:21.274775+00:00,801.116,0.215,0.21,0.22,0.785,0.78,0.79,,,,
2026-01-06 07:43:22.131000+00:00,2026-01-06 07:43:22.291245+00:00,802.131,0.155,0.15,0.16,0.845,0.84,0.85,,,,
2026-01-06 07:43:23.137000+00:00,2026-01-06 07:43:23.291684+00:00,803.137,0.155,0.15,0.16,0.835,0.83,0.84,,,,
2026-01-06 07:43:24.153000+00:00,2026-01-06 07:43:24.306519+00:00,804.153,0.195,0.19,0.2,0.805,0.8,0.81,,,,
2026-01-06 07:43:25.169000+00:00,2026-01-06 07:43:25.329500+00:00,805.169,0.205,0.18,0.23,0.78,0.77,0.79,,,,
2026-01-06 07:43:26.153000+00:00,2026-01-06 07:43:26.339933+00:00,806.153,0.22,0.21,0.23,0.775,0.77,0.78,,,,
2026-01-06 07:43:27.169000+00:00,2026-01-06 07:43:27.329131+00:00,807.169,0.19,0.18,0.2,0.81,0.8,0.82,,,,
2026-01-06 07:43:28.143000+00:00,2026-01-06 07:43:28.333515+00:00,808.143,0.19,0.18,0.2,0.81,0.8,0.82,,,,
2026-01-06 07:43:29.160000+00:00,2026-01-06 07:43:29.334804+00:00,809.16,0.19,0.18,0.2,0.805,0.8,0.81,,,,
2026-01-06 07:43:30.176000+00:00,2026-01-06 07:43:30.345152+00:00,810.176,0.19,0.18,0.2,0.81,0.8,0.82,,,,
2026-01-06 07:43:31.160000+00:00,2026-01-06 07:43:31.353949+00:00,811.16,0.185,0.18,0.19,0.815,0.81,0.82,,,,
2026-01-06 07:43:32.197000+00:00,2026-01-06 07:43:32.362675+00:00,812.197,0.185,0.18,0.19,0.815,0.81,0.82,,,,
2026-01-06 07:43:33.225000+00:00,2026-01-06 07:43:33.391519+00:00,813.225,0.12,0.11,0.13,0.875,0.87,0.88,,,,
2026-01-06 07:43:34.231000+00:00,2026-01-06 07:43:34.393226+00:00,814.231,0.135,0.13,0.14,0.865,0.86,0.87,,,,
2026-01-06 07:43:35.241000+00:00,2026-01-06 07:43:35.406924+00:00,815.241,0.1149999999999999,0.11,0.12,0.885,0.88,0.89,,,,
2026-01-06 07:43:36.256000+00:00,2026-01-06 07:43:36.424827+00:00,816.256,0.105,0.1,0.11,0.9,0.89,0.91,,,,
2026-01-06 07:43:37.267000+00:00,2026-01-06 07:43:37.437777+00:00,817.267,0.1,0.09,0.11,0.9,0.89,0.91,,,,
2026-01-06 07:43:38.279000+00:00,2026-01-06 07:43:38.442812+00:00,818.279,0.1,0.09,0.11,0.9,0.89,0.91,,,,
2026-01-06 07:43:39.263000+00:00,2026-01-06 07:43:39.448655+00:00,819.263,0.12,0.11,0.13,0.88,0.87,0.89,,,,
2026-01-06 07:43:40.280000+00:00,2026-01-06 07:43:40.448864+00:00,820.28,0.13,0.12,0.14,0.875,0.87,0.88,,,,
2026-01-06 07:43:41.296000+00:00,2026-01-06 07:43:41.457332+00:00,821.296,0.135,0.13,0.14,0.865,0.86,0.87,,,,
2026-01-06 07:43:42.310000+00:00,2026-01-06 07:43:42.473064+00:00,822.31,0.1149999999999999,0.11,0.12,0.9,0.89,0.91,,,,
2026-01-06 07:43:43.307000+00:00,2026-01-06 07:43:43.480783+00:00,823.307,0.1,0.09,0.11,0.9,0.89,0.91,,,,
2026-01-06 07:43:44.157000+00:00,2026-01-06 07:43:44.482092+00:00,824.157,0.095,0.09,0.1,0.905,0.9,0.91,,,,
2026-01-06 07:43:45.313000+00:00,2026-01-06 07:43:45.496254+00:00,825.313,0.095,0.09,0.1,0.905,0.9,0.91,,,,
2026-01-06 07:43:46.055000+00:00,2026-01-06 07:43:46.513852+00:00,826.055,0.09,0.08,0.1,0.91,0.9,0.92,,,,
2026-01-06 07:43:47.338000+00:00,2026-01-06 07:43:47.504208+00:00,827.338,0.09,0.08,0.1,0.905,0.9,0.91,,,,
2026-01-06 07:43:48.314000+00:00,2026-01-06 07:43:48.506753+00:00,828.314,0.09,0.08,0.1,0.915,0.9,0.93,,,,
2026-01-06 07:43:49.364000+00:00,2026-01-06 07:43:49.525816+00:00,829.364,0.045,0.01,0.08,0.935,0.93,0.94,,,,
2026-01-06 07:43:50.370000+00:00,2026-01-06 07:43:50.538745+00:00,830.37,0.045,0.01,0.08,0.95,0.92,0.98,,,,
2026-01-06 07:43:51.366000+00:00,2026-01-06 07:43:51.536044+00:00,831.366,0.075,0.06,0.09,0.925,0.91,0.94,,,,
2026-01-06 07:43:52.385000+00:00,2026-01-06 07:43:52.539054+00:00,832.385,0.08,0.07,0.09,0.92,0.91,0.93,,,,
2026-01-06 07:43:53.369000+00:00,2026-01-06 07:43:53.537836+00:00,833.369,0.075,0.07,0.08,0.925,0.92,0.93,,,,
2026-01-06 07:43:54.346000+00:00,2026-01-06 07:43:54.546757+00:00,834.346,0.075,0.07,0.08,0.93,0.92,0.94,,,,
2026-01-06 07:43:55.365000+00:00,2026-01-06 07:43:55.556175+00:00,835.365,0.075,0.07,0.08,0.925,0.92,0.93,,,,
2026-01-06 07:43:56.098000+00:00,2026-01-06 07:43:56.556343+00:00,836.098,0.075,0.07,0.08,0.925,0.92,0.93,,,,
2026-01-06 07:43:57.389000+00:00,2026-01-06 07:43:57.565635+00:00,837.389,0.065,0.06,0.07,0.935,0.93,0.94,,,,
2026-01-06 07:43:58.426000+00:00,2026-01-06 07:43:58.585611+00:00,838.426,0.07,0.06,0.08,0.93,0.92,0.94,,,,
2026-01-06 07:43:59.419000+00:00,2026-01-06 07:43:59.588653+00:00,839.419,0.07,0.06,0.08,0.93,0.92,0.94,,,,
2026-01-06 07:44:00.651000+00:00,2026-01-06 07:44:00.858693+00:00,840.651,0.07,0.06,0.08,0.93,0.92,0.94,,,,
2026-01-06 07:44:01.335000+00:00,2026-01-06 07:44:01.625969+00:00,841.335,0.075,0.07,0.08,0.925,0.92,0.93,,,,
2026-01-06 07:44:02.467000+00:00,2026-01-06 07:44:02.638831+00:00,842.467,0.075,0.07,0.08,0.925,0.92,0.93,,,,
2026-01-06 07:44:03.446000+00:00,2026-01-06 07:44:03.636908+00:00,843.446,0.065,0.06,0.07,0.935,0.93,0.94,,,,
2026-01-06 07:44:04.450000+00:00,2026-01-06 07:44:04.638151+00:00,844.45,0.08,0.07,0.09,0.925,0.91,0.94,,,,
2026-01-06 07:44:05.461000+00:00,2026-01-06 07:44:05.643523+00:00,845.461,0.065,0.06,0.07,0.935,0.93,0.94,,,,
2026-01-06 07:44:06.315000+00:00,2026-01-06 07:44:06.654790+00:00,846.315,0.075,0.06,0.09,0.925,0.91,0.94,,,,
2026-01-06 07:44:07.459000+00:00,2026-01-06 07:44:07.655297+00:00,847.459,0.07,0.06,0.08,0.93,0.92,0.94,,,,
2026-01-06 07:44:08.450000+00:00,2026-01-06 07:44:08.670684+00:00,848.45,0.055,0.05,0.06,0.945,0.94,0.95,,,,
2026-01-06 07:44:09.502000+00:00,2026-01-06 07:44:09.663649+00:00,849.502,0.045,0.03,0.06,0.955,0.94,0.97,,,,
2026-01-06 07:44:10.507000+00:00,2026-01-06 07:44:10.669686+00:00,850.507,0.04,0.03,0.05,0.96,0.95,0.97,,,,
2026-01-06 07:44:11.372000+00:00,2026-01-06 07:44:11.677008+00:00,851.372,0.04,0.03,0.05,0.96,0.95,0.97,,,,
2026-01-06 07:44:12.515000+00:00,2026-01-06 07:44:12.682697+00:00,852.515,0.04,0.03,0.05,0.965,0.95,0.98,,,,
2026-01-06 07:44:13.511000+00:00,2026-01-06 07:44:13.691520+00:00,853.511,0.035,0.02,0.05,0.965,0.95,0.98,,,,
2026-01-06 07:44:14.508000+00:00,2026-01-06 07:44:14.686598+00:00,854.508,0.03,0.02,0.04,0.97,0.96,0.98,,,,
2026-01-06 07:44:15.461000+00:00,2026-01-06 07:44:15.688798+00:00,855.461,0.03,0.02,0.04,0.97,0.96,0.98,,,,
2026-01-06 07:44:16.507000+00:00,2026-01-06 07:44:16.687181+00:00,856.507,0.03,0.02,0.04,0.97,0.96,0.98,,,,
2026-01-06 07:44:17.280000+00:00,2026-01-06 07:44:17.704326+00:00,857.28,0.03,0.02,0.04,0.97,0.96,0.98,,,,
2026-01-06 07:44:18.460000+00:00,2026-01-06 07:44:18.704485+00:00,858.46,0.025,0.02,0.03,0.98,0.97,0.99,,,,
2026-01-06 07:44:19.522000+00:00,2026-01-06 07:44:19.708591+00:00,859.522,0.015,0.01,0.02,0.985,0.98,0.99,,,,
2026-01-06 07:44:20.556000+00:00,2026-01-06 07:44:20.719194+00:00,860.556,0.015,0.01,0.02,0.985,0.98,0.99,,,,
2026-01-06 07:44:21.645000+00:00,2026-01-06 07:44:21.721385+00:00,861.645,0.02,0.01,0.03,0.985,0.98,0.99,,,,
2026-01-06 07:44:22.470000+00:00,2026-01-06 07:44:22.731970+00:00,862.47,0.02,0.01,0.03,0.98,0.97,0.99,,,,
2026-01-06 07:44:23.502000+00:00,2026-01-06 07:44:23.757527+00:00,863.502,0.02,0.01,0.03,0.98,0.97,0.99,,,,
2026-01-06 07:44:24.550000+00:00,2026-01-06 07:44:24.776705+00:00,864.55,0.02,0.01,0.03,0.98,0.97,0.99,,,,
2026-01-06 07:44:25.572000+00:00,2026-01-06 07:44:25.798184+00:00,865.572,0.02,0.01,0.03,0.985,0.98,0.99,,,,
2026-01-06 07:44:26.622000+00:00,2026-01-06 07:44:26.806851+00:00,866.622,0.015,0.01,0.02,0.985,0.98,0.99,,,,
2026-01-06 07:44:27.604000+00:00,2026-01-06 07:44:27.807494+00:00,867.604,0.015,0.01,0.02,0.985,0.98,0.99,,,,
2026-01-06 07:44:28.573000+00:00,2026-01-06 07:44:28.809637+00:00,868.573,0.01,,0.01,0.99,0.99,,,,,
2026-01-06 07:44:29.640000+00:00,2026-01-06 07:44:29.818627+00:00,869.64,0.01,,0.01,0.99,0.99,,,,,
2026-01-06 07:44:30.534000+00:00,2026-01-06 07:44:30.822173+00:00,870.534,0.01,,0.01,0.99,0.99,,,,,
2026-01-06 07:44:31.630000+00:00,2026-01-06 07:44:31.828581+00:00,871.63,0.01,,0.01,0.99,0.99,,,,,
2026-01-06 07:44:32.624000+00:00,2026-01-06 07:44:32.837571+00:00,872.624,0.01,,0.01,0.99,0.99,,,,,
2026-01-06 07:44:33.463000+00:00,2026-01-06 07:44:33.840157+00:00,873.463,0.01,,0.01,0.99,0.99,,,,,
2026-01-06 07:44:34.676000+00:00,2026-01-06 07:44:34.845898+00:00,874.676,0.01,,0.01,0.99,0.99,,,,,
2026-01-06 07:44:35.513000+00:00,2026-01-06 07:44:35.854592+00:00,875.513,0.01,,0.01,0.99,0.99,,,,,
2026-01-06 07:44:36.834000+00:00,2026-01-06 07:44:37.873558+00:00,876.834,0.01,,0.01,0.99,0.99,,,,,
2026-01-06 07:44:38.572000+00:00,2026-01-06 07:44:38.888197+00:00,878.572,0.01,,0.01,0.99,0.99,,,,,
2026-01-06 07:44:39.445000+00:00,2026-01-06 07:44:39.906580+00:00,879.445,0.01,,0.01,0.99,0.99,,,,,
2026-01-06 07:44:40.230000+00:00,2026-01-06 07:44:40.920238+00:00,880.23,0.01,,0.01,0.99,0.99,,,,,
2026-01-06 07:44:41.383000+00:00,2026-01-06 07:44:41.919400+00:00,881.383,0.01,,0.01,0.99,0.99,,,,,
2026-01-06 07:44:42.703000+00:00,2026-01-06 07:44:42.919969+00:00,882.703,0.01,,0.01,0.99,0.99,,,,,
2026-01-06 07:44:43.500000+00:00,2026-01-06 07:44:43.922549+00:00,883.5,0.01,,0.01,0.99,0.99,,,,,
2026-01-06 07:44:44.739000+00:00,2026-01-06 07:44:44.919874+00:00,884.739,0.01,,0.01,0.99,0.99,,,,,
2026-01-06 07:44:45.866000+00:00,2026-01-06 07:44:46.937601+00:00,885.866,0.01,,0.01,0.99,0.99,,,,,
2026-01-06 07:44:47.750000+00:00,2026-01-06 07:44:47.937928+00:00,887.75,0.01,,0.01,0.99,0.99,,,,,
2026-01-06 07:44:48.620000+00:00,2026-01-06 07:44:48.956321+00:00,888.62,0.01,,0.01,0.99,0.99,,,,,
2026-01-06 07:44:49.355000+00:00,2026-01-06 07:44:49.954684+00:00,889.355,0.01,,0.01,0.99,0.99,,,,,
2026-01-06 07:44:50.518000+00:00,2026-01-06 07:44:50.953375+00:00,890.518,0.01,,0.01,0.99,0.99,,,,,
2026-01-06 07:44:51.486000+00:00,2026-01-06 07:44:52.953631+00:00,891.486,0.01,,0.01,0.99,0.99,,,,,
2026-01-06 07:44:53.597000+00:00,2026-01-06 07:44:53.954469+00:00,893.597,0.01,,0.01,0.99,0.99,,,,,
2026-01-06 07:44:54.670000+00:00,2026-01-06 07:44:54.953744+00:00,894.67,0.01,,0.01,0.99,0.99,,,,,
2026-01-06 07:44:55.063000+00:00,2026-01-06 07:44:55.975333+00:00,895.063,0.01,,0.01,0.99,0.99,,,,,
2026-01-06 07:44:56.143000+00:00,2026-01-06 07:44:56.978953+00:00,896.143,0.01,,0.01,0.99,0.99,,,,,
2026-01-06 07:44:57.710000+00:00,2026-01-06 07:44:57.987066+00:00,897.71,0.01,,0.01,0.99,0.99,,,,,
2026-01-06 07:44:58.748000+00:00,2026-01-06 07:44:59.004100+00:00,898.748,0.01,,0.01,0.99,0.99,,,,,
2026-01-06 07:44:59.809000+00:00,2026-01-06 07:45:00.011435+00:00,899.809,0.575,0.55,0.6,0.425,0.4,0.45,,,,
