timestamp,seconds,mid,bid,ask,asset
2026-01-07 07:45:00+00:00,0.0,3252.881,3252.85,3253.06,ETH
2026-01-07 07:45:01+00:00,1.0,3252.931,3252.88,3253.08,ETH
2026-01-07 07:45:02+00:00,2.0,3252.951,3252.9,3252.99,ETH
2026-01-07 07:45:03+00:00,3.0,3252.921,3252.87,3252.98,ETH
2026-01-07 07:45:04+00:00,4.0,3252.891,3252.84,3252.97,ETH
2026-01-07 07:45:05+00:00,5.0,3252.881,3252.83,3252.97,ETH
2026-01-07 07:45:06+00:00,6.0,3252.871,3252.83,3252.97,ETH
2026-01-07 07:45:07+00:00,7.0,3253.031,3252.94,3253.11,ETH
2026-01-07 07:45:08+00:00,8.0,3253.261,3253.13,3253.34,ETH
2026-01-07 07:45:09+00:00,9.0,3253.341,3253.22,3253.43,ETH
2026-01-07 07:45:10+00:00,10.0,3253.341,3253.22,3253.41,ETH
2026-01-07 07:45:11+00:00,11.0,3253.341,3253.21,3253.41,ETH
2026-01-07 07:45:12+00:00,12.0,3253.431,3253.22,3253.49,ETH
2026-01-07 07:45:13+00:00,13.0,3253.451,3253.28,3253.52,ETH
2026-01-07 07:45:14+00:00,14.0,3253.341,3253.29,3253.51,ETH
2026-01-07 07:45:15+00:00,15.0,3253.291,3253.27,3253.47,ETH
2026-01-07 07:45:16+00:00,16.0,3253.231,3253.2,3253.4,ETH
2026-01-07 07:45:17+00:00,17.0,3253.181,3253.15,3253.39,ETH
2026-01-07 07:45:18+00:00,18.0,3253.221,3253.21,3253.39,ETH
2026-01-07 07:45:19+00:00,19.0,3253.281,3253.25,3253.37,ETH
2026-01-07 07:45:20+00:00,20.0,3253.281,3253.24,3253.32,ETH
2026-01-07 07:45:21+00:00,21.0,3253.281,3253.24,3253.32,ETH
2026-01-07 07:45:22+00:00,22.0,3253.281,3253.24,3253.34,ETH
2026-01-07 07:45:23+00:00,23.0,3253.251,3253.2,3253.29,ETH
2026-01-07 07:45:24+00:00,24.0,3253.241,3253.2,3253.29,ETH
2026-01-07 07:45:25+00:00,25.0,3253.241,3253.2,3253.29,ETH
2026-01-07 07:45:26+00:00,26.0,3253.241,3253.2,3253.28,ETH
2026-01-07 07:45:27+00:00,27.0,3253.231,3253.19,3253.29,ETH
2026-01-07 07:45:28+00:00,28.0,3253.241,3253.2,3253.29,ETH
2026-01-07 07:45:29+00:00,29.0,3253.221,3253.18,3253.29,ETH
2026-01-07 07:45:30+00:00,30.0,3253.181,3253.13,3253.28,ETH
2026-01-07 07:45:31+00:00,31.0,3253.111,3253.09,3253.26,ETH
2026-01-07 07:45:32+00:00,32.0,3253.051,3253.05,3253.24,ETH
2026-01-07 07:45:33+00:00,33.0,3253.051,3253.05,3253.24,ETH
2026-01-07 07:45:34+00:00,34.0,3252.881,3252.83,3252.99,ETH
2026-01-07 07:45:35+00:00,35.0,3252.651,3252.6,3252.71,ETH
2026-01-07 07:45:36+00:00,36.0,3252.581,3252.57,3252.62,ETH
2026-01-07 07:45:37+00:00,37.0,3252.481,3252.48,3252.55,ETH
2026-01-07 07:45:38+00:00,38.0,3252.161,3252.15,3252.56,ETH
2026-01-07 07:45:39+00:00,39.0,3252.031,3251.99,3252.39,ETH
2026-01-07 07:45:40+00:00,40.0,3252.051,3252.01,3252.19,ETH
2026-01-07 07:45:41+00:00,41.0,3251.931,3251.92,3252.06,ETH
2026-01-07 07:45:42+00:00,42.0,3251.921,3251.89,3251.96,ETH
2026-01-07 07:45:43+00:00,43.0,3251.911,3251.88,3252.03,ETH
2026-01-07 07:45:44+00:00,44.0,3251.921,3251.9,3252.1,ETH
2026-01-07 07:45:45+00:00,45.0,3251.941,3251.93,3252.07,ETH
2026-01-07 07:45:46+00:00,46.0,3251.941,3251.93,3252.05,ETH
2026-01-07 07:45:47+00:00,47.0,3251.571,3251.56,3252.07,ETH
2026-01-07 07:45:48+00:00,48.0,3251.561,3251.56,3251.94,ETH
2026-01-07 07:45:49+00:00,49.0,3251.561,3251.56,3251.95,ETH
2026-01-07 07:45:50+00:00,50.0,3251.561,3251.56,3251.93,ETH
2026-01-07 07:45:51+00:00,51.0,3251.561,3251.56,3251.95,ETH
2026-01-07 07:45:52+00:00,52.0,3251.561,3251.56,3252.0,ETH
2026-01-07 07:45:53+00:00,53.0,3251.561,3251.56,3252.0,ETH
2026-01-07 07:45:54+00:00,54.0,3251.561,3251.56,3252.0,ETH
2026-01-07 07:45:55+00:00,55.0,3251.761,3251.75,3251.99,ETH
2026-01-07 07:45:56+00:00,56.0,3251.761,3251.75,3251.97,ETH
2026-01-07 07:45:57+00:00,57.0,3251.761,3251.75,3251.97,ETH
2026-01-07 07:45:58+00:00,58.0,3251.761,3251.75,3251.94,ETH
2026-01-07 07:45:59+00:00,59.0,3251.761,3251.75,3251.92,ETH
2026-01-07 07:46:00+00:00,60.0,3251.761,3251.76,3251.91,ETH
2026-01-07 07:46:01+00:00,61.0,3251.761,3251.75,3251.94,ETH
2026-01-07 07:46:02+00:00,62.0,3251.761,3251.75,3251.89,ETH
2026-01-07 07:46:03+00:00,63.0,3251.761,3251.75,3251.89,ETH
2026-01-07 07:46:04+00:00,64.0,3251.761,3251.75,3251.88,ETH
2026-01-07 07:46:05+00:00,65.0,3251.861,3251.83,3251.98,ETH
2026-01-07 07:46:06+00:00,66.0,3252.191,3252.09,3252.26,ETH
2026-01-07 07:46:07+00:00,67.0,3252.431,3252.34,3252.47,ETH
2026-01-07 07:46:08+00:00,68.0,3252.431,3252.39,3252.49,ETH
2026-01-07 07:46:09+00:00,69.0,3252.231,3252.2,3252.4,ETH
2026-01-07 07:46:10+00:00,70.0,3252.031,3252.03,3252.29,ETH
2026-01-07 07:46:11+00:00,71.0,3252.161,3252.11,3252.31,ETH
2026-01-07 07:46:12+00:00,72.0,3252.311,3252.24,3252.37,ETH
2026-01-07 07:46:13+00:00,73.0,3252.351,3252.29,3252.38,ETH
2026-01-07 07:46:14+00:00,74.0,3252.351,3252.29,3252.38,ETH
2026-01-07 07:46:15+00:00,75.0,3252.351,3252.29,3252.39,ETH
2026-01-07 07:46:16+00:00,76.0,3252.331,3252.28,3252.39,ETH
2026-01-07 07:46:17+00:00,77.0,3252.201,3252.17,3252.41,ETH
2026-01-07 07:46:18+00:00,78.0,3252.091,3252.08,3252.39,ETH
2026-01-07 07:46:19+00:00,79.0,3252.091,3252.08,3252.35,ETH
2026-01-07 07:46:20+00:00,80.0,3252.091,3252.08,3252.37,ETH
2026-01-07 07:46:21+00:00,81.0,3252.091,3252.08,3252.39,ETH
2026-01-07 07:46:22+00:00,82.0,3252.091,3252.08,3252.42,ETH
2026-01-07 07:46:23+00:00,83.0,3252.091,3252.08,3252.42,ETH
2026-01-07 07:46:24+00:00,84.0,3252.091,3252.08,3252.42,ETH
2026-01-07 07:46:25+00:00,85.0,3252.231,3252.17,3252.42,ETH
2026-01-07 07:46:26+00:00,86.0,3252.311,3252.23,3252.4,ETH
2026-01-07 07:46:27+00:00,87.0,3252.241,3252.2,3252.38,ETH
2026-01-07 07:46:28+00:00,88.0,3252.161,3252.12,3252.25,ETH
2026-01-07 07:46:29+00:00,89.0,3251.971,3251.95,3252.07,ETH
2026-01-07 07:46:30+00:00,90.0,3251.861,3251.85,3252.0,ETH
2026-01-07 07:46:31+00:00,91.0,3251.821,3251.79,3251.91,ETH
2026-01-07 07:46:32+00:00,92.0,3251.781,3251.73,3251.86,ETH
2026-01-07 07:46:33+00:00,93.0,3251.731,3251.68,3251.86,ETH
2026-01-07 07:46:34+00:00,94.0,3251.681,3251.63,3251.79,ETH
2026-01-07 07:46:35+00:00,95.0,3251.671,3251.62,3251.71,ETH
2026-01-07 07:46:36+00:00,96.0,3251.561,3251.56,3251.72,ETH
2026-01-07 07:46:37+00:00,97.0,3251.561,3251.56,3251.97,ETH
2026-01-07 07:46:38+00:00,98.0,3251.561,3251.56,3252.01,ETH
2026-01-07 07:46:39+00:00,99.0,3251.561,3251.56,3251.93,ETH
2026-01-07 07:46:40+00:00,100.0,3251.561,3251.56,3251.95,ETH
2026-01-07 07:46:41+00:00,101.0,3251.561,3251.56,3251.95,ETH
2026-01-07 07:46:42+00:00,102.0,3251.561,3251.56,3251.93,ETH
2026-01-07 07:46:43+00:00,103.0,3251.571,3251.56,3251.9,ETH
2026-01-07 07:46:44+00:00,104.0,3251.571,3251.56,3251.9,ETH
2026-01-07 07:46:45+00:00,105.0,3251.741,3251.74,3251.91,ETH
2026-01-07 07:46:46+00:00,106.0,3251.921,3251.91,3251.98,ETH
2026-01-07 07:46:47+00:00,107.0,3251.931,3251.92,3252.12,ETH
2026-01-07 07:46:48+00:00,108.0,3252.041,3252.03,3252.27,ETH
2026-01-07 07:46:49+00:00,109.0,3252.141,3252.13,3252.31,ETH
2026-01-07 07:46:50+00:00,110.0,3252.141,3252.13,3252.29,ETH
2026-01-07 07:46:51+00:00,111.0,3252.141,3252.13,3252.28,ETH
2026-01-07 07:46:52+00:00,112.0,3252.141,3252.13,3252.3,ETH
2026-01-07 07:46:53+00:00,113.0,3252.181,3252.13,3252.34,ETH
2026-01-07 07:46:54+00:00,114.0,3252.281,3252.2,3252.39,ETH
2026-01-07 07:46:55+00:00,115.0,3252.351,3252.32,3252.49,ETH
2026-01-07 07:46:56+00:00,116.0,3252.381,3252.37,3252.48,ETH
2026-01-07 07:46:57+00:00,117.0,3252.401,3252.37,3252.45,ETH
2026-01-07 07:46:58+00:00,118.0,3252.421,3252.38,3252.46,ETH
2026-01-07 07:46:59+00:00,119.0,3252.351,3252.31,3252.52,ETH
2026-01-07 07:47:00+00:00,120.0,3252.441,3252.4,3252.52,ETH
2026-01-07 07:47:01+00:00,121.0,3252.211,3252.15,3252.37,ETH
2026-01-07 07:47:02+00:00,122.0,3252.261,3252.21,3252.4,ETH
2026-01-07 07:47:03+00:00,123.0,3252.151,3252.11,3252.18,ETH
2026-01-07 07:47:04+00:00,124.0,3252.151,3252.12,3252.2,ETH
2026-01-07 07:47:05+00:00,125.0,3252.131,3252.09,3252.15,ETH
2026-01-07 07:47:06+00:00,126.0,3251.841,3251.8,3252.0,ETH
2026-01-07 07:47:07+00:00,127.0,3251.941,3251.94,3251.95,ETH
2026-01-07 07:47:08+00:00,128.0,3251.941,3251.94,3251.95,ETH
2026-01-07 07:47:09+00:00,129.0,3251.881,3251.85,3251.95,ETH
2026-01-07 07:47:10+00:00,130.0,3251.881,3251.82,3251.94,ETH
2026-01-07 07:47:11+00:00,131.0,3251.951,3251.94,3252.14,ETH
2026-01-07 07:47:12+00:00,132.0,3252.071,3252.03,3252.46,ETH
2026-01-07 07:47:13+00:00,133.0,3252.071,3252.03,3252.33,ETH
2026-01-07 07:47:14+00:00,134.0,3252.071,3252.03,3252.33,ETH
2026-01-07 07:47:15+00:00,135.0,3252.081,3252.05,3252.33,ETH
2026-01-07 07:47:16+00:00,136.0,3252.221,3252.13,3252.3,ETH
2026-01-07 07:47:17+00:00,137.0,3252.241,3252.19,3252.38,ETH
2026-01-07 07:47:18+00:00,138.0,3252.241,3252.2,3252.38,ETH
2026-01-07 07:47:19+00:00,139.0,3252.261,3252.22,3252.38,ETH
2026-01-07 07:47:20+00:00,140.0,3252.281,3252.23,3252.38,ETH
2026-01-07 07:47:21+00:00,141.0,3252.281,3252.23,3252.38,ETH
2026-01-07 07:47:22+00:00,142.0,3252.331,3252.29,3252.38,ETH
2026-01-07 07:47:23+00:00,143.0,3252.321,3252.27,3252.38,ETH
2026-01-07 07:47:24+00:00,144.0,3252.531,3252.49,3252.56,ETH
2026-01-07 07:47:25+00:00,145.0,3252.721,3252.69,3252.75,ETH
2026-01-07 07:47:26+00:00,146.0,3252.711,3252.66,3252.76,ETH
2026-01-07 07:47:27+00:00,147.0,3252.551,3252.5,3252.6,ETH
2026-01-07 07:47:28+00:00,148.0,3252.391,3252.34,3252.43,ETH
2026-01-07 07:47:29+00:00,149.0,3252.271,3252.24,3252.38,ETH
2026-01-07 07:47:30+00:00,150.0,3252.031,3252.02,3252.2,ETH
2026-01-07 07:47:31+00:00,151.0,3251.901,3251.89,3252.04,ETH
2026-01-07 07:47:32+00:00,152.0,3251.901,3251.89,3252.04,ETH
2026-01-07 07:47:33+00:00,153.0,3252.031,3252.0,3252.17,ETH
2026-01-07 07:47:34+00:00,154.0,3252.151,3252.11,3252.29,ETH
2026-01-07 07:47:35+00:00,155.0,3252.211,3252.19,3252.33,ETH
2026-01-07 07:47:36+00:00,156.0,3252.281,3252.26,3252.35,ETH
2026-01-07 07:47:37+00:00,157.0,3252.291,3252.24,3252.33,ETH
2026-01-07 07:47:38+00:00,158.0,3252.291,3252.26,3252.34,ETH
2026-01-07 07:47:39+00:00,159.0,3252.291,3252.27,3252.35,ETH
2026-01-07 07:47:40+00:00,160.0,3252.291,3252.28,3252.35,ETH
2026-01-07 07:47:42+00:00,162.0,3252.311,3252.28,3252.6,ETH
2026-01-07 07:47:43+00:00,163.0,3252.591,3252.57,3252.68,ETH
2026-01-07 07:47:44+00:00,164.0,3252.591,3252.58,3252.68,ETH
2026-01-07 07:47:45+00:00,165.0,3252.591,3252.58,3252.68,ETH
2026-01-07 07:47:46+00:00,166.0,3252.591,3252.59,3252.7,ETH
2026-01-07 07:47:47+00:00,167.0,3253.001,3252.94,3253.06,ETH
2026-01-07 07:47:48+00:00,168.0,3253.001,3252.96,3253.05,ETH
2026-01-07 07:47:49+00:00,169.0,3253.001,3252.96,3253.05,ETH
2026-01-07 07:47:50+00:00,170.0,3253.021,3252.98,3253.12,ETH
2026-01-07 07:47:51+00:00,171.0,3253.051,3253.02,3253.19,ETH
2026-01-07 07:47:52+00:00,172.0,3253.071,3253.04,3253.26,ETH
2026-01-07 07:47:53+00:00,173.0,3253.101,3253.06,3253.33,ETH
2026-01-07 07:47:54+00:00,174.0,3253.231,3253.18,3253.37,ETH
2026-01-07 07:47:55+00:00,175.0,3253.331,3253.29,3253.4,ETH
2026-01-07 07:47:56+00:00,176.0,3253.311,3253.29,3253.37,ETH
2026-01-07 07:47:57+00:00,177.0,3253.281,3253.24,3253.34,ETH
2026-01-07 07:47:58+00:00,178.0,3253.301,3253.26,3253.36,ETH
2026-01-07 07:47:59+00:00,179.0,3253.331,3253.3,3253.38,ETH
2026-01-07 07:48:00+00:00,180.0,3253.331,3253.3,3253.39,ETH
2026-01-07 07:48:01+00:00,181.0,3253.331,3253.31,3253.41,ETH
2026-01-07 07:48:02+00:00,182.0,3253.331,3253.31,3253.41,ETH
2026-01-07 07:48:03+00:00,183.0,3253.321,3253.28,3253.37,ETH
2026-01-07 07:48:04+00:00,184.0,3253.321,3253.29,3253.38,ETH
2026-01-07 07:48:05+00:00,185.0,3253.331,3253.3,3253.39,ETH
2026-01-07 07:48:06+00:00,186.0,3253.331,3253.3,3253.39,ETH
2026-01-07 07:48:07+00:00,187.0,3253.331,3253.32,3253.41,ETH
2026-01-07 07:48:08+00:00,188.0,3253.281,3253.25,3253.38,ETH
2026-01-07 07:48:09+00:00,189.0,3253.261,3253.21,3253.33,ETH
2026-01-07 07:48:10+00:00,190.0,3253.301,3253.25,3253.34,ETH
2026-01-07 07:48:11+00:00,191.0,3253.311,3253.26,3253.36,ETH
2026-01-07 07:48:12+00:00,192.0,3253.061,3253.03,3253.12,ETH
2026-01-07 07:48:13+00:00,193.0,3253.061,3253.02,3253.17,ETH
2026-01-07 07:48:14+00:00,194.0,3253.061,3253.03,3253.12,ETH
2026-01-07 07:48:15+00:00,195.0,3253.061,3253.02,3253.17,ETH
2026-01-07 07:48:16+00:00,196.0,3252.611,3252.61,3252.92,ETH
2026-01-07 07:48:17+00:00,197.0,3252.611,3252.61,3252.94,ETH
2026-01-07 07:48:18+00:00,198.0,3252.611,3252.61,3252.92,ETH
2026-01-07 07:48:19+00:00,199.0,3252.651,3252.65,3252.89,ETH
2026-01-07 07:48:20+00:00,200.0,3252.651,3252.65,3252.87,ETH
2026-01-07 07:48:21+00:00,201.0,3252.651,3252.65,3252.86,ETH
2026-01-07 07:48:22+00:00,202.0,3252.651,3252.65,3252.86,ETH
2026-01-07 07:48:23+00:00,203.0,3252.651,3252.65,3252.86,ETH
2026-01-07 07:48:24+00:00,204.0,3252.651,3252.65,3252.86,ETH
2026-01-07 07:48:25+00:00,205.0,3252.651,3252.65,3252.72,ETH
2026-01-07 07:48:26+00:00,206.0,3252.651,3252.64,3252.74,ETH
2026-01-07 07:48:27+00:00,207.0,3252.551,3252.5,3252.65,ETH
2026-01-07 07:48:28+00:00,208.0,3252.551,3252.5,3252.65,ETH
2026-01-07 07:48:29+00:00,209.0,3252.571,3252.52,3252.65,ETH
2026-01-07 07:48:30+00:00,210.0,3252.571,3252.52,3252.65,ETH
2026-01-07 07:48:31+00:00,211.0,3252.541,3252.49,3252.65,ETH
2026-01-07 07:48:32+00:00,212.0,3252.541,3252.49,3252.65,ETH
2026-01-07 07:48:33+00:00,213.0,3252.511,3252.47,3252.65,ETH
2026-01-07 07:48:34+00:00,214.0,3252.421,3252.39,3252.53,ETH
2026-01-07 07:48:35+00:00,215.0,3252.461,3252.45,3252.6,ETH
2026-01-07 07:48:36+00:00,216.0,3252.461,3252.45,3252.57,ETH
2026-01-07 07:48:37+00:00,217.0,3252.461,3252.45,3252.55,ETH
2026-01-07 07:48:38+00:00,218.0,3252.461,3252.45,3252.57,ETH
2026-01-07 07:48:39+00:00,219.0,3252.461,3252.45,3252.59,ETH
2026-01-07 07:48:40+00:00,220.0,3252.461,3252.45,3252.56,ETH
2026-01-07 07:48:41+00:00,221.0,3252.461,3252.45,3252.54,ETH
2026-01-07 07:48:42+00:00,222.0,3252.461,3252.45,3252.54,ETH
2026-01-07 07:48:43+00:00,223.0,3252.461,3252.45,3252.55,ETH
2026-01-07 07:48:45+00:00,225.0,3252.461,3252.45,3252.54,ETH
2026-01-07 07:48:46+00:00,226.0,3252.461,3252.46,3252.55,ETH
2026-01-07 07:48:47+00:00,227.0,3252.461,3252.46,3252.55,ETH
2026-01-07 07:48:48+00:00,228.0,3252.461,3252.46,3252.56,ETH
2026-01-07 07:48:49+00:00,229.0,3252.371,3252.33,3252.46,ETH
2026-01-07 07:48:50+00:00,230.0,3252.411,3252.39,3252.48,ETH
2026-01-07 07:48:51+00:00,231.0,3252.451,3252.44,3252.51,ETH
2026-01-07 07:48:52+00:00,232.0,3252.451,3252.44,3252.59,ETH
2026-01-07 07:48:53+00:00,233.0,3252.451,3252.44,3252.64,ETH
2026-01-07 07:48:54+00:00,234.0,3252.451,3252.44,3252.58,ETH
2026-01-07 07:48:55+00:00,235.0,3252.451,3252.44,3252.56,ETH
2026-01-07 07:48:56+00:00,236.0,3252.451,3252.44,3252.56,ETH
2026-01-07 07:48:57+00:00,237.0,3252.451,3252.44,3252.61,ETH
2026-01-07 07:48:58+00:00,238.0,3252.351,3252.35,3252.54,ETH
2026-01-07 07:48:59+00:00,239.0,3252.351,3252.35,3252.54,ETH
2026-01-07 07:49:00+00:00,240.0,3252.351,3252.35,3252.52,ETH
2026-01-07 07:49:01+00:00,241.0,3252.501,3252.47,3252.65,ETH
2026-01-07 07:49:02+00:00,242.0,3252.801,3252.66,3252.89,ETH
2026-01-07 07:49:03+00:00,243.0,3253.031,3252.9,3253.06,ETH
2026-01-07 07:49:04+00:00,244.0,3253.111,3253.09,3253.17,ETH
2026-01-07 07:49:05+00:00,245.0,3253.111,3253.11,3253.24,ETH
2026-01-07 07:49:06+00:00,246.0,3253.111,3253.11,3253.25,ETH
2026-01-07 07:49:07+00:00,247.0,3253.141,3253.12,3253.26,ETH
2026-01-07 07:49:08+00:00,248.0,3253.251,3253.19,3253.38,ETH
2026-01-07 07:49:09+00:00,249.0,3253.371,3253.29,3253.61,ETH
2026-01-07 07:49:10+00:00,250.0,3253.471,3253.41,3253.7,ETH
2026-01-07 07:49:11+00:00,251.0,3253.591,3253.55,3253.69,ETH
2026-01-07 07:49:12+00:00,252.0,3253.671,3253.64,3253.75,ETH
2026-01-07 07:49:13+00:00,253.0,3253.691,3253.68,3253.83,ETH
2026-01-07 07:49:14+00:00,254.0,3253.691,3253.68,3253.81,ETH
2026-01-07 07:49:15+00:00,255.0,3253.531,3253.52,3253.65,ETH
2026-01-07 07:49:16+00:00,256.0,3253.361,3253.36,3253.52,ETH
2026-01-07 07:49:17+00:00,257.0,3253.361,3253.36,3253.53,ETH
2026-01-07 07:49:18+00:00,258.0,3253.361,3253.36,3253.55,ETH
2026-01-07 07:49:19+00:00,259.0,3253.361,3253.36,3253.52,ETH
2026-01-07 07:49:20+00:00,260.0,3253.361,3253.36,3253.51,ETH
2026-01-07 07:49:21+00:00,261.0,3253.361,3253.36,3253.52,ETH
2026-01-07 07:49:22+00:00,262.0,3253.361,3253.36,3253.52,ETH
2026-01-07 07:49:23+00:00,263.0,3253.361,3253.36,3253.49,ETH
2026-01-07 07:49:24+00:00,264.0,3253.361,3253.36,3253.53,ETH
2026-01-07 07:49:25+00:00,265.0,3253.361,3253.36,3253.53,ETH
2026-01-07 07:49:26+00:00,266.0,3253.361,3253.36,3253.52,ETH
2026-01-07 07:49:27+00:00,267.0,3253.361,3253.36,3253.49,ETH
2026-01-07 07:49:28+00:00,268.0,3253.361,3253.36,3253.46,ETH
2026-01-07 07:49:29+00:00,269.0,3253.361,3253.36,3253.47,ETH
2026-01-07 07:49:30+00:00,270.0,3253.361,3253.36,3253.47,ETH
2026-01-07 07:49:31+00:00,271.0,3253.361,3253.36,3253.46,ETH
2026-01-07 07:49:32+00:00,272.0,3253.361,3253.34,3253.42,ETH
2026-01-07 07:49:33+00:00,273.0,3253.351,3253.31,3253.4,ETH
2026-01-07 07:49:34+00:00,274.0,3253.331,3253.29,3253.38,ETH
2026-01-07 07:49:35+00:00,275.0,3253.331,3253.29,3253.37,ETH
2026-01-07 07:49:36+00:00,276.0,3253.321,3253.27,3253.37,ETH
2026-01-07 07:49:37+00:00,277.0,3253.331,3253.29,3253.37,ETH
2026-01-07 07:49:38+00:00,278.0,3253.321,3253.28,3253.37,ETH
2026-01-07 07:49:39+00:00,279.0,3253.321,3253.28,3253.37,ETH
2026-01-07 07:49:40+00:00,280.0,3253.311,3253.27,3253.37,ETH
2026-01-07 07:49:41+00:00,281.0,3253.351,3253.31,3253.39,ETH
2026-01-07 07:49:42+00:00,282.0,3253.271,3253.23,3253.37,ETH
2026-01-07 07:49:43+00:00,283.0,3253.211,3253.16,3253.36,ETH
2026-01-07 07:49:44+00:00,284.0,3253.231,3253.19,3253.36,ETH
2026-01-07 07:49:45+00:00,285.0,3253.271,3253.22,3253.36,ETH
2026-01-07 07:49:46+00:00,286.0,3253.261,3253.22,3253.36,ETH
2026-01-07 07:49:47+00:00,287.0,3253.301,3253.26,3253.36,ETH
2026-01-07 07:49:48+00:00,288.0,3253.301,3253.26,3253.36,ETH
2026-01-07 07:49:49+00:00,289.0,3253.281,3253.24,3253.36,ETH
2026-01-07 07:49:50+00:00,290.0,3253.301,3253.25,3253.36,ETH
2026-01-07 07:49:51+00:00,291.0,3253.291,3253.25,3253.36,ETH
2026-01-07 07:49:52+00:00,292.0,3252.951,3252.77,3253.34,ETH
2026-01-07 07:49:53+00:00,293.0,3252.851,3252.65,3252.9,ETH
2026-01-07 07:49:54+00:00,294.0,3252.621,3252.62,3252.93,ETH
2026-01-07 07:49:55+00:00,295.0,3252.621,3252.62,3252.82,ETH
2026-01-07 07:49:56+00:00,296.0,3252.621,3252.62,3252.82,ETH
2026-01-07 07:49:57+00:00,297.0,3252.621,3252.62,3252.78,ETH
2026-01-07 07:49:58+00:00,298.0,3252.621,3252.62,3252.8,ETH
2026-01-07 07:49:59+00:00,299.0,3252.621,3252.62,3252.79,ETH
2026-01-07 07:50:00+00:00,300.0,3252.621,3252.62,3252.79,ETH
2026-01-07 07:50:01+00:00,301.0,3252.621,3252.62,3252.85,ETH
2026-01-07 07:50:02+00:00,302.0,3252.621,3252.62,3253.02,ETH
2026-01-07 07:50:03+00:00,303.0,3252.621,3252.62,3253.15,ETH
2026-01-07 07:50:04+00:00,304.0,3252.621,3252.62,3253.14,ETH
2026-01-07 07:50:05+00:00,305.0,3252.641,3252.63,3253.14,ETH
2026-01-07 07:50:06+00:00,306.0,3252.651,3252.65,3253.13,ETH
2026-01-07 07:50:07+00:00,307.0,3252.661,3252.66,3253.13,ETH
2026-01-07 07:50:08+00:00,308.0,3252.681,3252.67,3253.13,ETH
2026-01-07 07:50:09+00:00,309.0,3252.691,3252.69,3253.12,ETH
2026-01-07 07:50:10+00:00,310.0,3252.711,3252.7,3253.03,ETH
2026-01-07 07:50:11+00:00,311.0,3252.711,3252.7,3252.92,ETH
2026-01-07 07:50:12+00:00,312.0,3252.711,3252.7,3252.93,ETH
2026-01-07 07:50:13+00:00,313.0,3252.711,3252.7,3252.97,ETH
2026-01-07 07:50:14+00:00,314.0,3252.711,3252.7,3252.97,ETH
2026-01-07 07:50:15+00:00,315.0,3252.711,3252.7,3252.95,ETH
2026-01-07 07:50:16+00:00,316.0,3252.711,3252.7,3252.87,ETH
2026-01-07 07:50:17+00:00,317.0,3252.711,3252.7,3252.8,ETH
2026-01-07 07:50:18+00:00,318.0,3252.711,3252.7,3252.81,ETH
2026-01-07 07:50:19+00:00,319.0,3252.711,3252.7,3252.82,ETH
2026-01-07 07:50:20+00:00,320.0,3252.711,3252.7,3252.81,ETH
2026-01-07 07:50:21+00:00,321.0,3252.711,3252.69,3252.78,ETH
2026-01-07 07:50:22+00:00,322.0,3252.711,3252.69,3252.8,ETH
2026-01-07 07:50:23+00:00,323.0,3252.711,3252.7,3252.84,ETH
2026-01-07 07:50:24+00:00,324.0,3252.711,3252.7,3252.84,ETH
2026-01-07 07:50:26+00:00,326.0,3252.711,3252.7,3252.82,ETH
2026-01-07 07:50:27+00:00,327.0,3252.711,3252.7,3252.8,ETH
2026-01-07 07:50:29+00:00,329.0,3252.711,3252.7,3252.8,ETH
2026-01-07 07:50:30+00:00,330.0,3252.761,3252.72,3252.87,ETH
2026-01-07 07:50:31+00:00,331.0,3252.761,3252.76,3252.88,ETH
2026-01-07 07:50:32+00:00,332.0,3252.761,3252.76,3252.88,ETH
2026-01-07 07:50:33+00:00,333.0,3252.761,3252.76,3252.89,ETH
2026-01-07 07:50:34+00:00,334.0,3252.761,3252.76,3252.89,ETH
2026-01-07 07:50:35+00:00,335.0,3252.761,3252.76,3252.91,ETH
2026-01-07 07:50:36+00:00,336.0,3252.761,3252.76,3252.92,ETH
2026-01-07 07:50:37+00:00,337.0,3252.761,3252.76,3252.9,ETH
2026-01-07 07:50:38+00:00,338.0,3252.761,3252.76,3252.9,ETH
2026-01-07 07:50:39+00:00,339.0,3252.761,3252.76,3252.9,ETH
2026-01-07 07:50:40+00:00,340.0,3252.761,3252.76,3252.91,ETH
2026-01-07 07:50:41+00:00,341.0,3252.761,3252.76,3252.92,ETH
2026-01-07 07:50:42+00:00,342.0,3252.761,3252.76,3252.93,ETH
2026-01-07 07:50:43+00:00,343.0,3252.761,3252.76,3252.91,ETH
2026-01-07 07:50:44+00:00,344.0,3252.901,3252.87,3252.99,ETH
2026-01-07 07:50:45+00:00,345.0,3253.041,3252.99,3253.1,ETH
2026-01-07 07:50:46+00:00,346.0,3252.971,3252.92,3253.08,ETH
2026-01-07 07:50:47+00:00,347.0,3252.961,3252.92,3253.05,ETH
2026-01-07 07:50:48+00:00,348.0,3253.021,3252.98,3253.06,ETH
2026-01-07 07:50:49+00:00,349.0,3253.011,3252.98,3253.06,ETH
2026-01-07 07:50:50+00:00,350.0,3253.001,3252.96,3253.04,ETH
2026-01-07 07:50:51+00:00,351.0,3253.021,3252.97,3253.06,ETH
2026-01-07 07:50:52+00:00,352.0,3253.031,3252.98,3253.07,ETH
2026-01-07 07:50:53+00:00,353.0,3252.961,3252.93,3253.04,ETH
2026-01-07 07:50:54+00:00,354.0,3252.901,3252.9,3253.03,ETH
2026-01-07 07:50:55+00:00,355.0,3252.911,3252.91,3253.03,ETH
2026-01-07 07:50:56+00:00,356.0,3252.911,3252.91,3253.02,ETH
2026-01-07 07:50:57+00:00,357.0,3252.911,3252.91,3253.01,ETH
2026-01-07 07:50:58+00:00,358.0,3252.911,3252.9,3252.98,ETH
2026-01-07 07:50:59+00:00,359.0,3252.911,3252.91,3253.01,ETH
2026-01-07 07:51:00+00:00,360.0,3252.911,3252.9,3252.99,ETH
2026-01-07 07:51:01+00:00,361.0,3252.841,3252.82,3252.97,ETH
2026-01-07 07:51:02+00:00,362.0,3252.931,3252.91,3253.05,ETH
2026-01-07 07:51:03+00:00,363.0,3253.101,3253.06,3253.13,ETH
2026-01-07 07:51:04+00:00,364.0,3253.091,3253.04,3253.13,ETH
2026-01-07 07:51:05+00:00,365.0,3253.081,3253.04,3253.13,ETH
2026-01-07 07:51:06+00:00,366.0,3253.091,3253.05,3253.13,ETH
2026-01-07 07:51:07+00:00,367.0,3253.101,3253.06,3253.14,ETH
2026-01-07 07:51:08+00:00,368.0,3253.101,3253.06,3253.14,ETH
2026-01-07 07:51:09+00:00,369.0,3252.921,3252.9,3253.03,ETH
2026-01-07 07:51:10+00:00,370.0,3252.851,3252.82,3252.98,ETH
2026-01-07 07:51:11+00:00,371.0,3252.931,3252.88,3253.0,ETH
2026-01-07 07:51:12+00:00,372.0,3252.901,3252.85,3252.97,ETH
2026-01-07 07:51:13+00:00,373.0,3252.891,3252.84,3252.97,ETH
2026-01-07 07:51:14+00:00,374.0,3252.901,3252.86,3252.97,ETH
2026-01-07 07:51:15+00:00,375.0,3252.921,3252.88,3253.03,ETH
2026-01-07 07:51:16+00:00,376.0,3252.981,3252.96,3253.13,ETH
2026-01-07 07:51:17+00:00,377.0,3253.081,3253.07,3253.2,ETH
2026-01-07 07:51:18+00:00,378.0,3253.291,3253.18,3253.38,ETH
2026-01-07 07:51:19+00:00,379.0,3253.471,3253.33,3253.53,ETH
2026-01-07 07:51:20+00:00,380.0,3253.531,3253.5,3253.6,ETH
2026-01-07 07:51:21+00:00,381.0,3253.581,3253.58,3253.66,ETH
2026-01-07 07:51:22+00:00,382.0,3253.581,3253.58,3253.7,ETH
2026-01-07 07:51:23+00:00,383.0,3253.581,3253.58,3253.69,ETH
2026-01-07 07:51:24+00:00,384.0,3253.581,3253.58,3253.68,ETH
2026-01-07 07:51:25+00:00,385.0,3253.581,3253.58,3253.7,ETH
2026-01-07 07:51:26+00:00,386.0,3253.581,3253.58,3253.71,ETH
2026-01-07 07:51:27+00:00,387.0,3253.581,3253.58,3253.69,ETH
2026-01-07 07:51:28+00:00,388.0,3253.581,3253.58,3253.65,ETH
2026-01-07 07:51:29+00:00,389.0,3253.581,3253.58,3253.66,ETH
2026-01-07 07:51:30+00:00,390.0,3253.581,3253.58,3253.73,ETH
2026-01-07 07:51:31+00:00,391.0,3253.581,3253.58,3253.7,ETH
2026-01-07 07:51:32+00:00,392.0,3253.581,3253.58,3253.69,ETH
2026-01-07 07:51:33+00:00,393.0,3253.581,3253.56,3253.64,ETH
2026-01-07 07:51:34+00:00,394.0,3253.581,3253.58,3253.69,ETH
2026-01-07 07:51:35+00:00,395.0,3253.581,3253.58,3253.65,ETH
2026-01-07 07:51:36+00:00,396.0,3253.581,3253.58,3253.66,ETH
2026-01-07 07:51:37+00:00,397.0,3253.581,3253.58,3253.67,ETH
2026-01-07 07:51:38+00:00,398.0,3253.581,3253.57,3253.65,ETH
2026-01-07 07:51:39+00:00,399.0,3253.581,3253.58,3253.65,ETH
2026-01-07 07:51:40+00:00,400.0,3253.581,3253.58,3253.64,ETH
2026-01-07 07:51:41+00:00,401.0,3253.251,3253.24,3253.32,ETH
2026-01-07 07:51:42+00:00,402.0,3253.241,3253.24,3253.39,ETH
2026-01-07 07:51:43+00:00,403.0,3253.241,3253.24,3253.37,ETH
2026-01-07 07:51:44+00:00,404.0,3253.241,3253.24,3253.33,ETH
2026-01-07 07:51:45+00:00,405.0,3253.241,3253.21,3253.28,ETH
2026-01-07 07:51:46+00:00,406.0,3253.061,3253.06,3253.29,ETH
2026-01-07 07:51:47+00:00,407.0,3252.941,3252.87,3253.29,ETH
2026-01-07 07:51:48+00:00,408.0,3252.721,3252.65,3252.97,ETH
2026-01-07 07:51:49+00:00,409.0,3252.621,3252.61,3252.66,ETH
2026-01-07 07:51:50+00:00,410.0,3252.621,3252.61,3252.65,ETH
2026-01-07 07:51:51+00:00,411.0,3252.521,3252.49,3252.64,ETH
2026-01-07 07:51:52+00:00,412.0,3252.451,3252.41,3252.6,ETH
2026-01-07 07:51:53+00:00,413.0,3252.401,3252.38,3252.54,ETH
2026-01-07 07:51:54+00:00,414.0,3252.321,3252.31,3252.5,ETH
2026-01-07 07:51:55+00:00,415.0,3252.321,3252.31,3252.49,ETH
2026-01-07 07:51:56+00:00,416.0,3252.321,3252.31,3252.46,ETH
2026-01-07 07:51:57+00:00,417.0,3252.321,3252.31,3252.41,ETH
2026-01-07 07:51:58+00:00,418.0,3252.251,3252.24,3252.37,ETH
2026-01-07 07:51:59+00:00,419.0,3252.171,3252.16,3252.36,ETH
2026-01-07 07:52:01+00:00,421.0,3252.161,3252.16,3252.39,ETH
2026-01-07 07:52:02+00:00,422.0,3252.241,3252.24,3252.39,ETH
2026-01-07 07:52:03+00:00,423.0,3252.371,3252.33,3252.58,ETH
2026-01-07 07:52:04+00:00,424.0,3252.581,3252.57,3252.64,ETH
2026-01-07 07:52:05+00:00,425.0,3252.581,3252.57,3252.66,ETH
2026-01-07 07:52:06+00:00,426.0,3252.581,3252.57,3252.67,ETH
2026-01-07 07:52:07+00:00,427.0,3252.581,3252.57,3252.66,ETH
2026-01-07 07:52:08+00:00,428.0,3252.581,3252.57,3252.64,ETH
2026-01-07 07:52:09+00:00,429.0,3252.581,3252.57,3252.68,ETH
2026-01-07 07:52:10+00:00,430.0,3252.581,3252.57,3252.69,ETH
2026-01-07 07:52:11+00:00,431.0,3252.581,3252.57,3252.69,ETH
2026-01-07 07:52:12+00:00,432.0,3252.581,3252.57,3252.71,ETH
2026-01-07 07:52:13+00:00,433.0,3252.481,3252.48,3252.63,ETH
2026-01-07 07:52:14+00:00,434.0,3252.381,3252.38,3252.52,ETH
2026-01-07 07:52:15+00:00,435.0,3252.401,3252.38,3252.58,ETH
2026-01-07 07:52:16+00:00,436.0,3252.461,3252.42,3252.65,ETH
2026-01-07 07:52:17+00:00,437.0,3252.521,3252.48,3252.65,ETH
2026-01-07 07:52:18+00:00,438.0,3252.541,3252.51,3252.65,ETH
2026-01-07 07:52:19+00:00,439.0,3252.541,3252.5,3252.65,ETH
2026-01-07 07:52:20+00:00,440.0,3252.551,3252.53,3252.69,ETH
2026-01-07 07:52:21+00:00,441.0,3252.581,3252.58,3252.72,ETH
2026-01-07 07:52:22+00:00,442.0,3252.581,3252.58,3252.71,ETH
2026-01-07 07:52:23+00:00,443.0,3252.581,3252.58,3252.71,ETH
2026-01-07 07:52:24+00:00,444.0,3252.581,3252.58,3252.71,ETH
2026-01-07 07:52:26+00:00,446.0,3252.581,3252.58,3252.67,ETH
2026-01-07 07:52:27+00:00,447.0,3252.581,3252.58,3252.69,ETH
2026-01-07 07:52:28+00:00,448.0,3252.581,3252.58,3252.64,ETH
2026-01-07 07:52:29+00:00,449.0,3252.581,3252.58,3252.65,ETH
2026-01-07 07:52:30+00:00,450.0,3252.581,3252.58,3252.69,ETH
2026-01-07 07:52:31+00:00,451.0,3252.581,3252.58,3252.66,ETH
2026-01-07 07:52:32+00:00,452.0,3252.581,3252.58,3252.66,ETH
2026-01-07 07:52:33+00:00,453.0,3252.581,3252.58,3252.66,ETH
2026-01-07 07:52:34+00:00,454.0,3252.581,3252.58,3252.66,ETH
2026-01-07 07:52:35+00:00,455.0,3252.451,3252.44,3252.62,ETH
2026-01-07 07:52:36+00:00,456.0,3252.231,3252.23,3252.46,ETH
2026-01-07 07:52:37+00:00,457.0,3252.161,3252.15,3252.33,ETH
2026-01-07 07:52:38+00:00,458.0,3252.151,3252.14,3252.33,ETH
2026-01-07 07:52:39+00:00,459.0,3252.081,3252.07,3252.26,ETH
2026-01-07 07:52:40+00:00,460.0,3252.001,3252.0,3252.17,ETH
2026-01-07 07:52:41+00:00,461.0,3252.001,3252.0,3252.15,ETH
2026-01-07 07:52:42+00:00,462.0,3252.001,3252.0,3252.16,ETH
2026-01-07 07:52:43+00:00,463.0,3252.001,3252.0,3252.13,ETH
2026-01-07 07:52:44+00:00,464.0,3252.001,3252.0,3252.1,ETH
2026-01-07 07:52:45+00:00,465.0,3252.001,3252.0,3252.11,ETH
2026-01-07 07:52:46+00:00,466.0,3252.001,3252.0,3252.11,ETH
2026-01-07 07:52:47+00:00,467.0,3252.001,3252.0,3252.08,ETH
2026-01-07 07:52:48+00:00,468.0,3252.001,3252.0,3252.08,ETH
2026-01-07 07:52:49+00:00,469.0,3251.731,3251.71,3251.99,ETH
2026-01-07 07:52:50+00:00,470.0,3251.33,3251.31,3251.79,ETH
2026-01-07 07:52:51+00:00,471.0,3251.2,3251.17,3251.69,ETH
2026-01-07 07:52:52+00:00,472.0,3251.19,3251.15,3251.68,ETH
2026-01-07 07:52:53+00:00,473.0,3251.2,3251.17,3251.68,ETH
2026-01-07 07:52:54+00:00,474.0,3251.21,3251.21,3251.68,ETH
2026-01-07 07:52:55+00:00,475.0,3251.21,3251.21,3251.67,ETH
2026-01-07 07:52:56+00:00,476.0,3251.21,3251.21,3251.68,ETH
2026-01-07 07:52:57+00:00,477.0,3251.21,3251.21,3251.67,ETH
2026-01-07 07:52:58+00:00,478.0,3251.21,3251.21,3251.67,ETH
2026-01-07 07:52:59+00:00,479.0,3251.491,3251.48,3251.74,ETH
2026-01-07 07:53:00+00:00,480.0,3251.491,3251.48,3251.66,ETH
2026-01-07 07:53:01+00:00,481.0,3251.491,3251.48,3251.67,ETH
2026-01-07 07:53:02+00:00,482.0,3251.491,3251.48,3251.68,ETH
2026-01-07 07:53:03+00:00,483.0,3251.491,3251.48,3251.7,ETH
2026-01-07 07:53:04+00:00,484.0,3251.491,3251.48,3251.67,ETH
2026-01-07 07:53:05+00:00,485.0,3251.491,3251.48,3251.62,ETH
2026-01-07 07:53:06+00:00,486.0,3251.491,3251.48,3251.61,ETH
2026-01-07 07:53:07+00:00,487.0,3251.481,3251.48,3251.73,ETH
2026-01-07 07:53:08+00:00,488.0,3251.481,3251.48,3251.76,ETH
2026-01-07 07:53:09+00:00,489.0,3251.481,3251.48,3251.76,ETH
2026-01-07 07:53:10+00:00,490.0,3251.481,3251.48,3251.69,ETH
2026-01-07 07:53:11+00:00,491.0,3251.481,3251.48,3251.7,ETH
2026-01-07 07:53:12+00:00,492.0,3251.481,3251.48,3251.68,ETH
2026-01-07 07:53:13+00:00,493.0,3250.96,3250.95,3251.26,ETH
2026-01-07 07:53:14+00:00,494.0,3250.93,3250.92,3251.26,ETH
2026-01-07 07:53:15+00:00,495.0,3250.93,3250.92,3251.31,ETH
2026-01-07 07:53:16+00:00,496.0,3250.92,3250.92,3251.04,ETH
2026-01-07 07:53:17+00:00,497.0,3250.9,3250.87,3250.94,ETH
2026-01-07 07:53:18+00:00,498.0,3250.92,3250.92,3251.03,ETH
2026-01-07 07:53:19+00:00,499.0,3250.92,3250.89,3250.99,ETH
2026-01-07 07:53:20+00:00,500.0,3250.92,3250.9,3250.98,ETH
2026-01-07 07:53:21+00:00,501.0,3250.92,3250.91,3250.99,ETH
2026-01-07 07:53:22+00:00,502.0,3250.92,3250.87,3250.96,ETH
2026-01-07 07:53:23+00:00,503.0,3250.89,3250.86,3250.93,ETH
2026-01-07 07:53:24+00:00,504.0,3250.92,3250.92,3251.04,ETH
2026-01-07 07:53:25+00:00,505.0,3250.92,3250.92,3251.0,ETH
2026-01-07 07:53:26+00:00,506.0,3250.92,3250.91,3250.98,ETH
2026-01-07 07:53:27+00:00,507.0,3250.92,3250.92,3251.0,ETH
2026-01-07 07:53:28+00:00,508.0,3250.92,3250.9,3250.97,ETH
2026-01-07 07:53:29+00:00,509.0,3250.92,3250.9,3250.98,ETH
2026-01-07 07:53:30+00:00,510.0,3250.91,3250.86,3250.97,ETH
2026-01-07 07:53:31+00:00,511.0,3250.92,3250.89,3250.96,ETH
2026-01-07 07:53:32+00:00,512.0,3251.08,3251.04,3251.13,ETH
2026-01-07 07:53:33+00:00,513.0,3251.24,3251.19,3251.3,ETH
2026-01-07 07:53:34+00:00,514.0,3251.401,3251.34,3251.47,ETH
2026-01-07 07:53:35+00:00,515.0,3251.571,3251.49,3251.64,ETH
2026-01-07 07:53:36+00:00,516.0,3251.691,3251.68,3251.82,ETH
2026-01-07 07:53:37+00:00,517.0,3251.691,3251.68,3251.83,ETH
2026-01-07 07:53:38+00:00,518.0,3251.691,3251.68,3251.76,ETH
2026-01-07 07:53:39+00:00,519.0,3251.691,3251.68,3251.98,ETH
2026-01-07 07:53:40+00:00,520.0,3251.691,3251.68,3251.98,ETH
2026-01-07 07:53:41+00:00,521.0,3251.691,3251.68,3252.02,ETH
2026-01-07 07:53:42+00:00,522.0,3251.691,3251.68,3252.06,ETH
2026-01-07 07:53:43+00:00,523.0,3251.691,3251.68,3252.12,ETH
2026-01-07 07:53:44+00:00,524.0,3251.691,3251.68,3252.16,ETH
2026-01-07 07:53:45+00:00,525.0,3251.691,3251.68,3252.07,ETH
2026-01-07 07:53:46+00:00,526.0,3251.691,3251.68,3252.12,ETH
2026-01-07 07:53:47+00:00,527.0,3251.691,3251.68,3252.08,ETH
2026-01-07 07:53:48+00:00,528.0,3252.151,3252.14,3252.45,ETH
2026-01-07 07:53:49+00:00,529.0,3252.151,3252.14,3252.46,ETH
2026-01-07 07:53:50+00:00,530.0,3252.151,3252.14,3252.56,ETH
2026-01-07 07:53:51+00:00,531.0,3252.151,3252.14,3252.52,ETH
2026-01-07 07:53:52+00:00,532.0,3252.151,3252.14,3252.51,ETH
2026-01-07 07:53:53+00:00,533.0,3252.151,3252.14,3252.5,ETH
2026-01-07 07:53:54+00:00,534.0,3252.151,3252.14,3252.51,ETH
2026-01-07 07:53:55+00:00,535.0,3252.151,3252.14,3252.54,ETH
2026-01-07 07:53:56+00:00,536.0,3252.151,3252.14,3252.54,ETH
2026-01-07 07:53:57+00:00,537.0,3252.151,3252.14,3252.54,ETH
2026-01-07 07:53:58+00:00,538.0,3252.161,3252.15,3252.55,ETH
2026-01-07 07:53:59+00:00,539.0,3252.161,3252.15,3252.57,ETH
2026-01-07 07:54:00+00:00,540.0,3252.161,3252.15,3252.5,ETH
2026-01-07 07:54:01+00:00,541.0,3252.321,3252.31,3252.57,ETH
2026-01-07 07:54:02+00:00,542.0,3252.431,3252.43,3252.66,ETH
2026-01-07 07:54:03+00:00,543.0,3252.431,3252.43,3252.69,ETH
2026-01-07 07:54:04+00:00,544.0,3252.431,3252.43,3252.7,ETH
2026-01-07 07:54:05+00:00,545.0,3252.431,3252.43,3252.7,ETH
2026-01-07 07:54:06+00:00,546.0,3252.431,3252.43,3252.71,ETH
2026-01-07 07:54:07+00:00,547.0,3252.441,3252.43,3252.68,ETH
2026-01-07 07:54:08+00:00,548.0,3252.441,3252.43,3252.71,ETH
2026-01-07 07:54:09+00:00,549.0,3252.441,3252.43,3252.7,ETH
2026-01-07 07:54:10+00:00,550.0,3252.441,3252.43,3252.73,ETH
2026-01-07 07:54:11+00:00,551.0,3252.441,3252.43,3252.72,ETH
2026-01-07 07:54:12+00:00,552.0,3252.441,3252.43,3252.72,ETH
2026-01-07 07:54:13+00:00,553.0,3252.441,3252.43,3252.72,ETH
2026-01-07 07:54:14+00:00,554.0,3252.441,3252.43,3252.73,ETH
2026-01-07 07:54:15+00:00,555.0,3252.591,3252.57,3252.81,ETH
2026-01-07 07:54:16+00:00,556.0,3252.741,3252.72,3252.96,ETH
2026-01-07 07:54:17+00:00,557.0,3252.741,3252.74,3253.04,ETH
2026-01-07 07:54:18+00:00,558.0,3252.741,3252.74,3253.05,ETH
2026-01-07 07:54:19+00:00,559.0,3252.741,3252.74,3253.04,ETH
2026-01-07 07:54:20+00:00,560.0,3252.741,3252.74,3253.03,ETH
2026-01-07 07:54:21+00:00,561.0,3252.741,3252.74,3253.04,ETH
2026-01-07 07:54:22+00:00,562.0,3252.741,3252.74,3253.04,ETH
2026-01-07 07:54:23+00:00,563.0,3252.741,3252.74,3253.04,ETH
2026-01-07 07:54:24+00:00,564.0,3252.741,3252.74,3253.04,ETH
2026-01-07 07:54:25+00:00,565.0,3252.741,3252.73,3253.01,ETH
2026-01-07 07:54:26+00:00,566.0,3252.741,3252.73,3253.01,ETH
2026-01-07 07:54:27+00:00,567.0,3252.741,3252.73,3253.04,ETH
2026-01-07 07:54:28+00:00,568.0,3252.741,3252.73,3253.02,ETH
2026-01-07 07:54:29+00:00,569.0,3252.741,3252.57,3253.01,ETH
2026-01-07 07:54:30+00:00,570.0,3252.741,3252.41,3253.0,ETH
2026-01-07 07:54:31+00:00,571.0,3252.741,3252.41,3252.99,ETH
2026-01-07 07:54:32+00:00,572.0,3252.741,3252.41,3253.0,ETH
2026-01-07 07:54:33+00:00,573.0,3252.741,3252.41,3253.01,ETH
2026-01-07 07:54:34+00:00,574.0,3252.741,3252.41,3252.99,ETH
2026-01-07 07:54:35+00:00,575.0,3252.741,3252.41,3252.99,ETH
2026-01-07 07:54:36+00:00,576.0,3252.741,3252.41,3252.99,ETH
2026-01-07 07:54:37+00:00,577.0,3252.741,3252.41,3253.03,ETH
2026-01-07 07:54:38+00:00,578.0,3252.741,3252.41,3253.05,ETH
2026-01-07 07:54:39+00:00,579.0,3252.741,3252.41,3253.04,ETH
2026-01-07 07:54:40+00:00,580.0,3252.741,3252.42,3253.01,ETH
2026-01-07 07:54:41+00:00,581.0,3252.741,3252.42,3253.0,ETH
2026-01-07 07:54:42+00:00,582.0,3252.741,3252.41,3253.02,ETH
2026-01-07 07:54:43+00:00,583.0,3252.741,3252.41,3253.04,ETH
2026-01-07 07:54:44+00:00,584.0,3252.741,3252.73,3253.04,ETH
2026-01-07 07:54:45+00:00,585.0,3252.741,3252.73,3253.04,ETH
2026-01-07 07:54:46+00:00,586.0,3252.741,3252.73,3253.07,ETH
2026-01-07 07:54:47+00:00,587.0,3252.741,3252.73,3253.09,ETH
2026-01-07 07:54:48+00:00,588.0,3252.871,3252.67,3253.17,ETH
2026-01-07 07:54:49+00:00,589.0,3253.011,3252.6,3253.26,ETH
2026-01-07 07:54:50+00:00,590.0,3253.021,3252.6,3253.25,ETH
2026-01-07 07:54:51+00:00,591.0,3253.021,3252.58,3253.22,ETH
2026-01-07 07:54:52+00:00,592.0,3253.031,3252.58,3253.21,ETH
2026-01-07 07:54:53+00:00,593.0,3252.951,3252.58,3253.15,ETH
2026-01-07 07:54:54+00:00,594.0,3252.851,3252.56,3253.12,ETH
2026-01-07 07:54:55+00:00,595.0,3252.851,3252.54,3253.13,ETH
2026-01-07 07:54:56+00:00,596.0,3252.851,3252.54,3253.12,ETH
2026-01-07 07:54:57+00:00,597.0,3252.851,3252.54,3253.11,ETH
2026-01-07 07:54:58+00:00,598.0,3252.851,3252.54,3253.1,ETH
2026-01-07 07:54:59+00:00,599.0,3252.851,3252.85,3253.07,ETH
2026-01-07 07:55:00+00:00,600.0,3252.851,3252.85,3253.06,ETH
2026-01-07 07:55:01+00:00,601.0,3252.851,3252.85,3253.12,ETH
2026-01-07 07:55:02+00:00,602.0,3252.851,3252.85,3253.12,ETH
2026-01-07 07:55:03+00:00,603.0,3252.851,3252.85,3253.14,ETH
2026-01-07 07:55:04+00:00,604.0,3252.851,3252.85,3253.13,ETH
2026-01-07 07:55:05+00:00,605.0,3252.851,3252.85,3253.14,ETH
2026-01-07 07:55:06+00:00,606.0,3252.851,3252.85,3253.12,ETH
2026-01-07 07:55:07+00:00,607.0,3252.851,3252.85,3253.12,ETH
2026-01-07 07:55:08+00:00,608.0,3252.801,3252.8,3253.13,ETH
2026-01-07 07:55:09+00:00,609.0,3252.751,3252.74,3253.14,ETH
2026-01-07 07:55:10+00:00,610.0,3252.771,3252.74,3253.15,ETH
2026-01-07 07:55:11+00:00,611.0,3252.781,3252.77,3253.15,ETH
2026-01-07 07:55:12+00:00,612.0,3252.781,3252.77,3253.14,ETH
2026-01-07 07:55:13+00:00,613.0,3252.491,3252.45,3253.1,ETH
2026-01-07 07:55:14+00:00,614.0,3252.161,3252.16,3252.5,ETH
2026-01-07 07:55:15+00:00,615.0,3252.161,3252.16,3252.37,ETH
2026-01-07 07:55:16+00:00,616.0,3252.161,3252.16,3252.37,ETH
2026-01-07 07:55:17+00:00,617.0,3252.161,3252.16,3252.34,ETH
2026-01-07 07:55:18+00:00,618.0,3252.161,3252.16,3252.36,ETH
2026-01-07 07:55:19+00:00,619.0,3252.161,3252.16,3252.38,ETH
2026-01-07 07:55:20+00:00,620.0,3252.161,3252.16,3252.35,ETH
2026-01-07 07:55:21+00:00,621.0,3252.161,3252.16,3252.31,ETH
2026-01-07 07:55:22+00:00,622.0,3252.161,3252.16,3252.3,ETH
2026-01-07 07:55:23+00:00,623.0,3252.161,3252.16,3252.3,ETH
2026-01-07 07:55:24+00:00,624.0,3252.161,3252.16,3252.31,ETH
2026-01-07 07:55:25+00:00,625.0,3252.161,3252.16,3252.32,ETH
2026-01-07 07:55:26+00:00,626.0,3252.161,3252.16,3252.33,ETH
2026-01-07 07:55:27+00:00,627.0,3252.161,3252.16,3252.32,ETH
2026-01-07 07:55:28+00:00,628.0,3252.161,3252.16,3252.37,ETH
2026-01-07 07:55:29+00:00,629.0,3252.161,3252.16,3252.4,ETH
2026-01-07 07:55:30+00:00,630.0,3252.161,3252.16,3252.38,ETH
2026-01-07 07:55:31+00:00,631.0,3252.161,3252.16,3252.38,ETH
2026-01-07 07:55:32+00:00,632.0,3252.161,3252.16,3252.37,ETH
2026-01-07 07:55:33+00:00,633.0,3252.161,3252.16,3252.39,ETH
2026-01-07 07:55:34+00:00,634.0,3252.161,3252.16,3252.41,ETH
2026-01-07 07:55:36+00:00,636.0,3252.161,3252.16,3252.4,ETH
2026-01-07 07:55:37+00:00,637.0,3252.161,3252.16,3252.39,ETH
2026-01-07 07:55:38+00:00,638.0,3252.171,3252.16,3252.42,ETH
2026-01-07 07:55:39+00:00,639.0,3252.161,3252.16,3252.33,ETH
2026-01-07 07:55:40+00:00,640.0,3252.161,3252.16,3252.35,ETH
2026-01-07 07:55:41+00:00,641.0,3252.161,3252.16,3252.35,ETH
2026-01-07 07:55:42+00:00,642.0,3252.161,3252.16,3252.37,ETH
2026-01-07 07:55:43+00:00,643.0,3252.161,3252.16,3252.39,ETH
2026-01-07 07:55:44+00:00,644.0,3252.161,3252.16,3252.41,ETH
2026-01-07 07:55:45+00:00,645.0,3252.161,3252.16,3252.36,ETH
2026-01-07 07:55:46+00:00,646.0,3252.161,3252.16,3252.35,ETH
2026-01-07 07:55:47+00:00,647.0,3252.161,3252.16,3252.34,ETH
2026-01-07 07:55:48+00:00,648.0,3252.161,3252.16,3252.31,ETH
2026-01-07 07:55:49+00:00,649.0,3252.161,3252.16,3252.3,ETH
2026-01-07 07:55:50+00:00,650.0,3252.161,3252.16,3252.29,ETH
2026-01-07 07:55:51+00:00,651.0,3252.161,3252.16,3252.3,ETH
2026-01-07 07:55:52+00:00,652.0,3252.161,3252.16,3252.32,ETH
2026-01-07 07:55:53+00:00,653.0,3252.161,3252.16,3252.32,ETH
2026-01-07 07:55:54+00:00,654.0,3252.161,3252.14,3252.26,ETH
2026-01-07 07:55:55+00:00,655.0,3252.151,3252.11,3252.19,ETH
2026-01-07 07:55:56+00:00,656.0,3252.141,3252.1,3252.18,ETH
2026-01-07 07:55:57+00:00,657.0,3252.141,3252.1,3252.17,ETH
2026-01-07 07:55:58+00:00,658.0,3252.151,3252.11,3252.18,ETH
2026-01-07 07:55:59+00:00,659.0,3252.151,3252.12,3252.22,ETH
2026-01-07 07:56:00+00:00,660.0,3252.151,3252.14,3252.31,ETH
2026-01-07 07:56:01+00:00,661.0,3252.531,3252.51,3252.7,ETH
2026-01-07 07:56:02+00:00,662.0,3252.971,3252.94,3253.27,ETH
2026-01-07 07:56:03+00:00,663.0,3253.031,3253.03,3253.5,ETH
2026-01-07 07:56:04+00:00,664.0,3253.041,3253.03,3253.41,ETH
2026-01-07 07:56:05+00:00,665.0,3252.951,3252.83,3253.16,ETH
2026-01-07 07:56:06+00:00,666.0,3252.751,3252.61,3253.02,ETH
2026-01-07 07:56:07+00:00,667.0,3252.631,3252.61,3253.04,ETH
2026-01-07 07:56:08+00:00,668.0,3252.621,3252.61,3253.02,ETH
2026-01-07 07:56:09+00:00,669.0,3252.621,3252.61,3253.01,ETH
2026-01-07 07:56:10+00:00,670.0,3252.621,3252.61,3253.03,ETH
2026-01-07 07:56:11+00:00,671.0,3252.821,3252.82,3253.12,ETH
2026-01-07 07:56:12+00:00,672.0,3253.031,3253.03,3253.34,ETH
2026-01-07 07:56:13+00:00,673.0,3253.031,3253.03,3253.42,ETH
2026-01-07 07:56:14+00:00,674.0,3253.031,3253.03,3253.34,ETH
2026-01-07 07:56:15+00:00,675.0,3253.031,3253.03,3253.3,ETH
2026-01-07 07:56:16+00:00,676.0,3253.031,3253.03,3253.3,ETH
2026-01-07 07:56:17+00:00,677.0,3253.031,3253.03,3253.3,ETH
2026-01-07 07:56:18+00:00,678.0,3253.031,3253.03,3253.23,ETH
2026-01-07 07:56:19+00:00,679.0,3253.031,3253.03,3253.19,ETH
2026-01-07 07:56:20+00:00,680.0,3252.841,3252.75,3253.08,ETH
2026-01-07 07:56:21+00:00,681.0,3252.641,3252.4,3252.81,ETH
2026-01-07 07:56:22+00:00,682.0,3252.481,3252.32,3252.72,ETH
2026-01-07 07:56:23+00:00,683.0,3252.331,3252.32,3252.69,ETH
2026-01-07 07:56:24+00:00,684.0,3252.331,3252.32,3252.65,ETH
2026-01-07 07:56:25+00:00,685.0,3252.331,3252.32,3252.68,ETH
2026-01-07 07:56:26+00:00,686.0,3252.171,3252.17,3252.48,ETH
2026-01-07 07:56:27+00:00,687.0,3252.021,3252.01,3252.28,ETH
2026-01-07 07:56:28+00:00,688.0,3252.021,3252.01,3252.28,ETH
2026-01-07 07:56:29+00:00,689.0,3252.021,3252.01,3252.21,ETH
2026-01-07 07:56:30+00:00,690.0,3252.021,3252.01,3252.19,ETH
2026-01-07 07:56:31+00:00,691.0,3252.021,3252.01,3252.18,ETH
2026-01-07 07:56:32+00:00,692.0,3252.161,3252.15,3252.29,ETH
2026-01-07 07:56:33+00:00,693.0,3252.301,3252.29,3252.44,ETH
2026-01-07 07:56:34+00:00,694.0,3252.301,3252.29,3252.46,ETH
2026-01-07 07:56:35+00:00,695.0,3252.301,3252.29,3252.54,ETH
2026-01-07 07:56:36+00:00,696.0,3252.301,3252.29,3252.61,ETH
2026-01-07 07:56:37+00:00,697.0,3252.371,3252.37,3252.63,ETH
2026-01-07 07:56:38+00:00,698.0,3252.451,3252.45,3252.81,ETH
2026-01-07 07:56:39+00:00,699.0,3252.451,3252.45,3252.98,ETH
2026-01-07 07:56:40+00:00,700.0,3252.451,3252.45,3252.98,ETH
2026-01-07 07:56:41+00:00,701.0,3252.451,3252.45,3253.0,ETH
2026-01-07 07:56:42+00:00,702.0,3252.451,3252.45,3253.03,ETH
2026-01-07 07:56:43+00:00,703.0,3252.451,3252.45,3253.03,ETH
2026-01-07 07:56:44+00:00,704.0,3252.451,3252.45,3253.02,ETH
2026-01-07 07:56:45+00:00,705.0,3252.451,3252.45,3253.01,ETH
2026-01-07 07:56:46+00:00,706.0,3252.451,3252.45,3252.97,ETH
2026-01-07 07:56:47+00:00,707.0,3252.451,3252.45,3252.88,ETH
2026-01-07 07:56:48+00:00,708.0,3252.451,3252.45,3252.83,ETH
2026-01-07 07:56:49+00:00,709.0,3252.451,3252.45,3252.83,ETH
2026-01-07 07:56:50+00:00,710.0,3252.451,3252.45,3252.83,ETH
2026-01-07 07:56:51+00:00,711.0,3252.451,3252.45,3252.83,ETH
2026-01-07 07:56:52+00:00,712.0,3252.451,3252.45,3252.83,ETH
2026-01-07 07:56:53+00:00,713.0,3252.451,3252.45,3252.83,ETH
2026-01-07 07:56:54+00:00,714.0,3252.441,3252.44,3252.83,ETH
2026-01-07 07:56:55+00:00,715.0,3252.431,3252.43,3252.82,ETH
2026-01-07 07:56:56+00:00,716.0,3252.431,3252.42,3252.82,ETH
2026-01-07 07:56:57+00:00,717.0,3252.321,3252.31,3252.74,ETH
2026-01-07 07:56:58+00:00,718.0,3252.211,3252.2,3252.66,ETH
2026-01-07 07:56:59+00:00,719.0,3252.211,3252.2,3252.65,ETH
2026-01-07 07:57:00+00:00,720.0,3252.211,3252.2,3252.65,ETH
2026-01-07 07:57:01+00:00,721.0,3252.321,3252.32,3252.65,ETH
2026-01-07 07:57:02+00:00,722.0,3252.441,3252.44,3252.64,ETH
2026-01-07 07:57:03+00:00,723.0,3252.441,3252.44,3252.72,ETH
2026-01-07 07:57:04+00:00,724.0,3252.441,3252.44,3252.76,ETH
2026-01-07 07:57:05+00:00,725.0,3252.581,3252.58,3252.76,ETH
2026-01-07 07:57:06+00:00,726.0,3252.581,3252.58,3252.78,ETH
2026-01-07 07:57:07+00:00,727.0,3252.581,3252.58,3252.8,ETH
2026-01-07 07:57:08+00:00,728.0,3252.581,3252.58,3252.9,ETH
2026-01-07 07:57:09+00:00,729.0,3252.581,3252.58,3252.81,ETH
2026-01-07 07:57:10+00:00,730.0,3252.581,3252.58,3252.78,ETH
2026-01-07 07:57:11+00:00,731.0,3252.581,3252.58,3252.79,ETH
2026-01-07 07:57:12+00:00,732.0,3252.511,3252.45,3252.79,ETH
2026-01-07 07:57:13+00:00,733.0,3252.581,3252.58,3252.81,ETH
2026-01-07 07:57:14+00:00,734.0,3252.581,3252.58,3252.82,ETH
2026-01-07 07:57:15+00:00,735.0,3252.581,3252.58,3252.94,ETH
2026-01-07 07:57:16+00:00,736.0,3252.581,3252.58,3252.9,ETH
2026-01-07 07:57:17+00:00,737.0,3252.581,3252.57,3252.78,ETH
2026-01-07 07:57:18+00:00,738.0,3252.581,3252.57,3252.77,ETH
2026-01-07 07:57:19+00:00,739.0,3252.581,3252.57,3252.7,ETH
2026-01-07 07:57:20+00:00,740.0,3252.581,3252.56,3252.63,ETH
2026-01-07 07:57:21+00:00,741.0,3252.571,3252.55,3252.61,ETH
2026-01-07 07:57:22+00:00,742.0,3252.561,3252.53,3252.59,ETH
2026-01-07 07:57:23+00:00,743.0,3252.581,3252.56,3252.61,ETH
2026-01-07 07:57:24+00:00,744.0,3252.581,3252.56,3252.62,ETH
2026-01-07 07:57:25+00:00,745.0,3252.581,3252.56,3252.63,ETH
2026-01-07 07:57:26+00:00,746.0,3252.581,3252.57,3252.72,ETH
2026-01-07 07:57:27+00:00,747.0,3252.581,3252.57,3252.71,ETH
2026-01-07 07:57:28+00:00,748.0,3252.581,3252.58,3252.69,ETH
2026-01-07 07:57:29+00:00,749.0,3252.581,3252.58,3252.81,ETH
2026-01-07 07:57:30+00:00,750.0,3252.591,3252.59,3252.85,ETH
2026-01-07 07:57:31+00:00,751.0,3252.591,3252.59,3252.7,ETH
2026-01-07 07:57:32+00:00,752.0,3252.591,3252.59,3252.69,ETH
2026-01-07 07:57:33+00:00,753.0,3252.591,3252.59,3252.69,ETH
2026-01-07 07:57:34+00:00,754.0,3252.591,3252.59,3252.67,ETH
2026-01-07 07:57:35+00:00,755.0,3252.591,3252.59,3252.68,ETH
2026-01-07 07:57:36+00:00,756.0,3252.591,3252.59,3252.72,ETH
2026-01-07 07:57:37+00:00,757.0,3252.591,3252.59,3252.72,ETH
2026-01-07 07:57:38+00:00,758.0,3252.591,3252.59,3252.67,ETH
2026-01-07 07:57:39+00:00,759.0,3252.591,3252.58,3252.66,ETH
2026-01-07 07:57:40+00:00,760.0,3252.591,3252.57,3252.65,ETH
2026-01-07 07:57:41+00:00,761.0,3252.591,3252.59,3252.67,ETH
2026-01-07 07:57:42+00:00,762.0,3252.591,3252.58,3252.67,ETH
2026-01-07 07:57:43+00:00,763.0,3252.591,3252.58,3252.66,ETH
2026-01-07 07:57:44+00:00,764.0,3252.211,3252.21,3252.53,ETH
2026-01-07 07:57:45+00:00,765.0,3252.211,3252.21,3252.52,ETH
2026-01-07 07:57:46+00:00,766.0,3252.211,3252.21,3252.54,ETH
2026-01-07 07:57:47+00:00,767.0,3252.211,3252.21,3252.55,ETH
2026-01-07 07:57:48+00:00,768.0,3252.211,3252.21,3252.55,ETH
2026-01-07 07:57:49+00:00,769.0,3252.241,3252.23,3252.52,ETH
2026-01-07 07:57:50+00:00,770.0,3252.241,3252.21,3252.38,ETH
2026-01-07 07:57:51+00:00,771.0,3252.231,3252.19,3252.3,ETH
2026-01-07 07:57:52+00:00,772.0,3252.251,3252.24,3252.34,ETH
2026-01-07 07:57:53+00:00,773.0,3252.211,3252.21,3252.33,ETH
2026-01-07 07:57:54+00:00,774.0,3252.171,3252.16,3252.3,ETH
2026-01-07 07:57:55+00:00,775.0,3252.171,3252.16,3252.33,ETH
2026-01-07 07:57:56+00:00,776.0,3252.171,3252.16,3252.3,ETH
2026-01-07 07:57:57+00:00,777.0,3252.171,3252.16,3252.25,ETH
2026-01-07 07:57:58+00:00,778.0,3252.171,3252.16,3252.25,ETH
2026-01-07 07:57:59+00:00,779.0,3252.041,3252.02,3252.12,ETH
2026-01-07 07:58:00+00:00,780.0,3251.891,3251.87,3252.1,ETH
2026-01-07 07:58:01+00:00,781.0,3251.881,3251.87,3252.15,ETH
2026-01-07 07:58:02+00:00,782.0,3251.881,3251.87,3252.05,ETH
2026-01-07 07:58:03+00:00,783.0,3251.881,3251.87,3252.01,ETH
2026-01-07 07:58:04+00:00,784.0,3251.881,3251.87,3252.01,ETH
2026-01-07 07:58:05+00:00,785.0,3251.881,3251.87,3251.98,ETH
2026-01-07 07:58:06+00:00,786.0,3251.881,3251.87,3251.95,ETH
2026-01-07 07:58:07+00:00,787.0,3251.831,3251.83,3251.94,ETH
2026-01-07 07:58:08+00:00,788.0,3251.781,3251.76,3251.88,ETH
2026-01-07 07:58:09+00:00,789.0,3251.771,3251.73,3251.82,ETH
2026-01-07 07:58:10+00:00,790.0,3251.791,3251.78,3251.86,ETH
2026-01-07 07:58:11+00:00,791.0,3251.791,3251.78,3251.86,ETH
2026-01-07 07:58:12+00:00,792.0,3251.791,3251.78,3251.91,ETH
2026-01-07 07:58:13+00:00,793.0,3251.791,3251.78,3251.9,ETH
2026-01-07 07:58:14+00:00,794.0,3251.791,3251.78,3251.92,ETH
2026-01-07 07:58:15+00:00,795.0,3251.791,3251.78,3251.92,ETH
2026-01-07 07:58:16+00:00,796.0,3251.791,3251.78,3251.92,ETH
2026-01-07 07:58:17+00:00,797.0,3251.791,3251.78,3251.92,ETH
2026-01-07 07:58:18+00:00,798.0,3251.791,3251.78,3251.92,ETH
2026-01-07 07:58:19+00:00,799.0,3251.791,3251.78,3252.01,ETH
2026-01-07 07:58:20+00:00,800.0,3251.791,3251.78,3251.99,ETH
2026-01-07 07:58:21+00:00,801.0,3251.791,3251.78,3251.99,ETH
2026-01-07 07:58:22+00:00,802.0,3251.791,3251.78,3251.99,ETH
2026-01-07 07:58:23+00:00,803.0,3251.791,3251.78,3251.99,ETH
2026-01-07 07:58:24+00:00,804.0,3251.791,3251.78,3252.0,ETH
2026-01-07 07:58:25+00:00,805.0,3251.791,3251.78,3251.99,ETH
2026-01-07 07:58:26+00:00,806.0,3251.791,3251.78,3252.02,ETH
2026-01-07 07:58:27+00:00,807.0,3251.791,3251.79,3251.98,ETH
2026-01-07 07:58:28+00:00,808.0,3251.791,3251.79,3251.94,ETH
2026-01-07 07:58:29+00:00,809.0,3251.791,3251.79,3252.0,ETH
2026-01-07 07:58:30+00:00,810.0,3252.021,3251.91,3252.18,ETH
2026-01-07 07:58:31+00:00,811.0,3252.241,3252.11,3252.31,ETH
2026-01-07 07:58:32+00:00,812.0,3252.271,3252.25,3252.4,ETH
2026-01-07 07:58:33+00:00,813.0,3252.301,3252.29,3252.5,ETH
2026-01-07 07:58:34+00:00,814.0,3252.291,3252.28,3252.53,ETH
2026-01-07 07:58:35+00:00,815.0,3252.291,3252.28,3252.56,ETH
2026-01-07 07:58:36+00:00,816.0,3252.291,3252.28,3252.56,ETH
2026-01-07 07:58:37+00:00,817.0,3252.291,3252.28,3252.55,ETH
2026-01-07 07:58:38+00:00,818.0,3252.361,3252.36,3252.6,ETH
2026-01-07 07:58:39+00:00,819.0,3252.471,3252.46,3252.7,ETH
2026-01-07 07:58:40+00:00,820.0,3252.441,3252.43,3252.7,ETH
2026-01-07 07:58:41+00:00,821.0,3252.391,3252.36,3252.69,ETH
2026-01-07 07:58:42+00:00,822.0,3252.401,3252.36,3252.68,ETH
2026-01-07 07:58:43+00:00,823.0,3252.401,3252.39,3252.63,ETH
2026-01-07 07:58:44+00:00,824.0,3252.401,3252.39,3252.62,ETH
2026-01-07 07:58:45+00:00,825.0,3252.401,3252.39,3252.61,ETH
2026-01-07 07:58:46+00:00,826.0,3252.401,3252.39,3252.62,ETH
2026-01-07 07:58:47+00:00,827.0,3252.401,3252.39,3252.62,ETH
2026-01-07 07:58:48+00:00,828.0,3252.401,3252.39,3252.63,ETH
2026-01-07 07:58:49+00:00,829.0,3252.301,3252.29,3252.65,ETH
2026-01-07 07:58:50+00:00,830.0,3252.201,3252.08,3252.65,ETH
2026-01-07 07:58:51+00:00,831.0,3252.241,3251.96,3252.62,ETH
2026-01-07 07:58:52+00:00,832.0,3252.341,3251.97,3252.61,ETH
2026-01-07 07:58:53+00:00,833.0,3252.391,3251.97,3252.62,ETH
2026-01-07 07:58:54+00:00,834.0,3252.391,3251.98,3252.64,ETH
2026-01-07 07:58:55+00:00,835.0,3252.391,3251.98,3252.64,ETH
2026-01-07 07:58:56+00:00,836.0,3252.391,3251.98,3252.64,ETH
2026-01-07 07:58:57+00:00,837.0,3252.391,3251.99,3252.64,ETH
2026-01-07 07:58:58+00:00,838.0,3252.581,3252.15,3252.83,ETH
2026-01-07 07:58:59+00:00,839.0,3252.591,3252.17,3253.03,ETH
2026-01-07 07:59:00+00:00,840.0,3252.59,3252.35,3253.15,ETH
2026-01-07 07:59:01+00:00,841.0,3252.59,3252.33,3253.07,ETH
2026-01-07 07:59:02+00:00,842.0,3252.59,3252.33,3253.11,ETH
2026-01-07 07:59:03+00:00,843.0,3252.59,3252.28,3252.98,ETH
2026-01-07 07:59:04+00:00,844.0,3252.59,3252.21,3252.8,ETH
2026-01-07 07:59:05+00:00,845.0,3252.02,3251.98,3252.35,ETH
2026-01-07 07:59:06+00:00,846.0,3252.02,3251.81,3252.44,ETH
2026-01-07 07:59:07+00:00,847.0,3252.59,3252.59,3252.7,ETH
2026-01-07 07:59:08+00:00,848.0,3253.101,3252.65,3253.34,ETH
2026-01-07 07:59:09+00:00,849.0,3253.301,3253.25,3253.52,ETH
2026-01-07 07:59:10+00:00,850.0,3252.17,3252.17,3252.65,ETH
2026-01-07 07:59:11+00:00,851.0,3251.85,3251.8,3252.08,ETH
2026-01-07 07:59:12+00:00,852.0,3251.71,3251.7,3252.01,ETH
2026-01-07 07:59:13+00:00,853.0,3251.7,3251.69,3251.94,ETH
2026-01-07 07:59:14+00:00,854.0,3251.7,3251.69,3252.04,ETH
2026-01-07 07:59:15+00:00,855.0,3251.7,3251.69,3252.01,ETH
2026-01-07 07:59:16+00:00,856.0,3251.75,3251.74,3252.01,ETH
2026-01-07 07:59:17+00:00,857.0,3251.92,3251.91,3252.12,ETH
2026-01-07 07:59:18+00:00,858.0,3252.07,3252.04,3252.2,ETH
2026-01-07 07:59:19+00:00,859.0,3252.1,3252.06,3252.17,ETH
2026-01-07 07:59:20+00:00,860.0,3252.13,3252.1,3252.2,ETH
2026-01-07 07:59:21+00:00,861.0,3252.19,3252.16,3252.31,ETH
2026-01-07 07:59:22+00:00,862.0,3252.25,3252.2,3252.38,ETH
2026-01-07 07:59:23+00:00,863.0,3252.51,3252.33,3252.57,ETH
2026-01-07 07:59:24+00:00,864.0,3252.711,3252.65,3252.86,ETH
2026-01-07 07:59:25+00:00,865.0,3252.66,3252.62,3252.71,ETH
2026-01-07 07:59:26+00:00,866.0,3252.57,3252.45,3252.69,ETH
2026-01-07 07:59:27+00:00,867.0,3252.751,3252.68,3252.86,ETH
2026-01-07 07:59:28+00:00,868.0,3253.331,3253.11,3253.37,ETH
2026-01-07 07:59:29+00:00,869.0,3253.481,3253.31,3253.65,ETH
2026-01-07 07:59:30+00:00,870.0,3253.681,3253.38,3253.83,ETH
2026-01-07 07:59:31+00:00,871.0,3254.121,3254.08,3254.4,ETH
2026-01-07 07:59:32+00:00,872.0,3254.411,3254.38,3254.65,ETH
2026-01-07 07:59:33+00:00,873.0,3254.491,3254.49,3254.81,ETH
2026-01-07 07:59:34+00:00,874.0,3254.481,3254.47,3254.79,ETH
2026-01-07 07:59:35+00:00,875.0,3254.481,3254.47,3254.76,ETH
2026-01-07 07:59:36+00:00,876.0,3254.391,3254.24,3254.65,ETH
2026-01-07 07:59:37+00:00,877.0,3254.291,3254.0,3254.52,ETH
2026-01-07 07:59:38+00:00,878.0,3254.341,3254.03,3254.54,ETH
2026-01-07 07:59:39+00:00,879.0,3254.441,3254.11,3254.61,ETH
2026-01-07 07:59:40+00:00,880.0,3254.591,3254.25,3254.8,ETH
2026-01-07 07:59:41+00:00,881.0,3254.831,3254.43,3255.01,ETH
2026-01-07 07:59:42+00:00,882.0,3254.971,3254.5,3255.06,ETH
2026-01-07 07:59:43+00:00,883.0,3254.981,3254.5,3255.07,ETH
2026-01-07 07:59:44+00:00,884.0,3254.971,3254.49,3255.07,ETH
2026-01-07 07:59:45+00:00,885.0,3254.961,3254.49,3255.06,ETH
2026-01-07 07:59:46+00:00,886.0,3254.961,3254.49,3255.07,ETH
2026-01-07 07:59:47+00:00,887.0,3254.931,3254.49,3255.03,ETH
2026-01-07 07:59:48+00:00,888.0,3254.931,3254.48,3255.08,ETH
2026-01-07 07:59:49+00:00,889.0,3254.931,3254.48,3255.03,ETH
2026-01-07 07:59:50+00:00,890.0,3254.931,3254.47,3255.02,ETH
2026-01-07 07:59:51+00:00,891.0,3254.931,3254.47,3255.01,ETH
2026-01-07 07:59:52+00:00,892.0,3254.931,3254.47,3255.01,ETH
2026-01-07 07:59:53+00:00,893.0,3254.931,3254.46,3255.05,ETH
2026-01-07 07:59:54+00:00,894.0,3254.931,3254.45,3255.06,ETH
2026-01-07 07:59:55+00:00,895.0,3254.931,3254.43,3255.07,ETH
2026-01-07 07:59:56+00:00,896.0,3254.931,3254.45,3255.09,ETH
2026-01-07 07:59:57+00:00,897.0,3254.931,3254.45,3255.07,ETH
2026-01-07 07:59:58+00:00,898.0,3254.931,3254.44,3255.06,ETH
2026-01-07 07:59:59+00:00,899.0,3254.921,3254.44,3255.04,ETH
