timestamp,collected_at,seconds,up_mid,up_best_bid,up_best_ask,down_mid,down_best_bid,down_best_ask,up_best_bid_size,up_best_ask_size,down_best_bid_size,down_best_ask_size,up_bid_2,up_bid_2_size,up_ask_2,up_ask_2_size,up_bid_3,up_bid_3_size,up_ask_3,up_ask_3_size,up_bid_4,up_bid_4_size,up_ask_4,up_ask_4_size,up_bid_5,up_bid_5_size,up_ask_5,up_ask_5_size,up_bid_6,up_bid_6_size,up_ask_6,up_ask_6_size,down_bid_2,down_bid_2_size,down_ask_2,down_ask_2_size,down_bid_3,down_bid_3_size,down_ask_3,down_ask_3_size,down_bid_4,down_bid_4_size,down_ask_4,down_ask_4_size,down_bid_5,down_bid_5_size,down_ask_5,down_ask_5_size,down_bid_6,down_bid_6_size,down_ask_6,down_ask_6_size
2026-01-07 07:45:00.602000+00:00,2026-01-07 07:44:58.090964+00:00,0.602,0.01,,0.01,0.99,0.99,,,15663.33,15663.33,,,,0.02,165.08,,,0.03,118.55,,,0.04,234.43,,,0.05,169.2,,,0.06,17.34,0.98,165.08,,,0.97,118.55,,,0.96,234.43,,,0.95,169.2,,,0.94,17.34,,
2026-01-07 07:45:01.571000+00:00,2026-01-07 07:44:59.112053+00:00,1.571,0.01,,0.01,0.99,0.99,,,212347.04,212347.04,,,,0.02,190.08,,,0.03,118.55,,,0.04,234.43,,,0.05,169.2,,,0.06,17.34,0.98,190.08,,,0.97,118.55,,,0.96,234.43,,,0.95,169.2,,,0.94,17.34,,
2026-01-07 07:45:02.768000+00:00,2026-01-07 07:45:00.119275+00:00,2.768,0.535,0.53,0.54,0.46499999999999997,0.46,0.47,676.64,243.0,243.0,691.64,0.52,20.0,0.55,157.0,0.51,5.0,0.56,243.0,0.49,11.64,0.57,243.0,0.48,122.0,0.58,243.0,0.47,243.0,0.59,243.0,0.45,152.0,0.48,20.0,0.44,243.0,0.49,5.0,0.43,306.0,0.51,11.64,0.42,243.0,0.52,122.0,0.41,243.0,0.53,243.0
2026-01-07 07:45:03.672000+00:00,2026-01-07 07:45:01.126542+00:00,3.672,0.535,0.53,0.54,0.455,0.45,0.46,264.64,61.0,30.0,15.0,0.52,142.0,0.55,213.0,0.51,127.0,0.56,273.0,0.5,212.0,0.57,304.0,0.49,254.64,0.58,304.0,0.48,304.0,0.59,304.0,0.42,183.0,0.47,264.64,0.41,304.0,0.48,142.0,0.4,364.0,0.49,127.0,0.39,304.0,0.5,273.0,0.38,243.0,0.51,315.64
2026-01-07 07:45:04.687000+00:00,2026-01-07 07:45:02.130686+00:00,4.687,0.545,0.54,0.55,0.455,0.45,0.46,257.34,105.0,105.0,257.34,0.53,412.64,0.57,5.0,0.52,293.0,0.58,90.0,0.51,188.0,0.59,121.0,0.5,198.0,0.6,181.0,0.49,315.64,0.61,304.0,0.42,90.0,0.47,412.64,0.41,121.0,0.48,293.0,0.4,181.0,0.49,309.0,0.39,304.0,0.5,319.0,0.38,370.0,0.51,330.64
2026-01-07 07:45:05.628000+00:00,2026-01-07 07:45:03.135152+00:00,5.628,0.535,0.53,0.54,0.46499999999999997,0.46,0.47,459.64,85.0,85.0,459.64,0.52,293.0,0.55,70.0,0.51,324.0,0.57,15.0,0.5,334.0,0.58,90.0,0.49,360.64,0.6,85.0,0.48,304.0,0.61,304.0,0.45,70.0,0.48,293.0,0.43,15.0,0.49,324.0,0.42,90.0,0.5,334.0,0.4,85.0,0.51,360.64,0.39,304.0,0.52,304.0
2026-01-07 07:45:06.697000+00:00,2026-01-07 07:45:04.158678+00:00,6.697,0.535,0.53,0.54,0.46499999999999997,0.46,0.47,413.38,100.0,70.0,438.38,0.52,293.0,0.55,75.0,0.51,339.0,0.58,90.0,0.5,334.0,0.6,253.0,0.49,395.64,0.61,319.0,0.48,304.0,0.62,370.0,0.45,100.0,0.48,323.0,0.43,5.0,0.49,374.0,0.42,90.0,0.5,364.0,0.4,253.0,0.51,360.64,0.39,304.0,0.52,304.0
2026-01-07 07:45:07.709000+00:00,2026-01-07 07:45:05.166258+00:00,7.709,0.535,0.53,0.54,0.46499999999999997,0.46,0.47,160.65,60.0,60.0,230.65,0.52,323.0,0.55,90.0,0.51,374.0,0.58,90.0,0.5,419.0,0.6,70.0,0.49,360.64,0.61,383.0,0.48,304.0,0.62,304.0,0.45,90.0,0.48,393.0,0.42,90.0,0.49,444.0,0.41,70.0,0.5,489.0,0.4,140.0,0.51,430.64,0.39,453.0,0.52,374.0
2026-01-07 07:45:08.631000+00:00,2026-01-07 07:45:06.158766+00:00,8.631,0.535,0.53,0.54,0.46499999999999997,0.46,0.47,151.14,95.0,95.0,146.14,0.52,393.0,0.55,95.0,0.51,444.0,0.56,40.0,0.5,480.0,0.57,35.0,0.49,489.64,0.58,195.0,0.48,409.0,0.59,70.0,0.45,95.0,0.48,408.0,0.44,40.0,0.49,444.0,0.43,35.0,0.5,480.0,0.42,195.0,0.51,440.64,0.41,70.0,0.52,409.0
2026-01-07 07:45:09.508000+00:00,2026-01-07 07:45:07.163101+00:00,9.508,0.535,0.53,0.54,0.46499999999999997,0.46,0.47,140.49,100.0,100.0,140.49,0.52,423.0,0.55,165.0,0.51,459.0,0.56,110.0,0.5,515.0,0.57,105.0,0.49,440.64,0.58,195.0,0.48,409.0,0.59,70.0,0.45,165.0,0.48,423.0,0.44,110.0,0.49,459.0,0.43,105.0,0.5,515.0,0.42,195.0,0.51,440.64,0.41,70.0,0.52,409.0
2026-01-07 07:45:10.740000+00:00,2026-01-07 07:45:08.183927+00:00,10.74,0.535,0.53,0.54,0.475,0.47,0.48,135.49,100.0,30.0,15.0,0.52,470.0,0.55,189.0,0.51,468.0,0.56,177.0,0.5,480.0,0.57,105.0,0.49,440.64,0.58,195.0,0.48,409.0,0.59,192.0,0.46,135.0,0.49,348.51,0.45,179.0,0.5,504.0,0.44,105.0,0.51,489.64,0.43,105.0,0.52,409.0,0.42,160.0,0.53,409.0
2026-01-07 07:45:11.741000+00:00,2026-01-07 07:45:09.188270+00:00,11.741,0.525,0.52,0.53,0.475,0.47,0.48,152.0,120.0,120.0,152.0,0.51,259.05,0.54,212.0,0.5,434.0,0.55,304.0,0.49,509.64,0.56,105.0,0.48,339.0,0.57,105.0,0.47,339.0,0.58,70.0,0.46,212.0,0.49,259.05,0.45,304.0,0.5,434.0,0.44,105.0,0.51,509.64,0.43,105.0,0.52,339.0,0.42,70.0,0.53,339.0
2026-01-07 07:45:12.746000+00:00,2026-01-07 07:45:10.193944+00:00,12.746,0.525,0.52,0.53,0.475,0.47,0.48,278.0,105.0,105.0,398.0,0.51,254.05,0.54,95.0,0.5,445.0,0.55,265.0,0.49,460.64,0.56,156.0,0.48,339.0,0.57,117.0,0.47,339.0,0.58,70.0,0.46,95.0,0.49,282.05,0.45,270.0,0.5,395.0,0.44,105.0,0.51,460.64,0.43,180.0,0.52,339.0,0.42,82.0,0.53,339.0
2026-01-07 07:45:13.753000+00:00,2026-01-07 07:45:11.205122+00:00,13.753,0.535,0.53,0.54,0.46499999999999997,0.46,0.47,224.93,140.0,140.0,214.86,0.52,472.28,0.55,150.0,0.51,397.05,0.56,120.0,0.5,395.0,0.57,267.0,0.49,395.64,0.58,129.0,0.48,344.0,0.59,253.0,0.45,150.0,0.48,420.28,0.44,120.0,0.49,448.05,0.43,267.0,0.5,395.0,0.42,129.0,0.51,395.64,0.41,253.0,0.52,344.0
2026-01-07 07:45:14.745000+00:00,2026-01-07 07:45:12.211062+00:00,14.745,0.535,0.53,0.54,0.46499999999999997,0.46,0.47,276.52,125.0,125.0,276.52,0.52,428.28,0.55,174.0,0.51,373.05,0.56,180.0,0.5,455.0,0.57,207.0,0.49,395.64,0.58,105.0,0.48,409.0,0.59,253.0,0.45,174.0,0.48,428.28,0.44,180.0,0.49,373.05,0.43,207.0,0.5,455.0,0.42,105.0,0.51,395.64,0.41,253.0,0.52,409.0
2026-01-07 07:45:15.679000+00:00,2026-01-07 07:45:13.218639+00:00,15.679,0.535,0.53,0.54,0.46499999999999997,0.46,0.47,288.71,15.0,15.0,288.71,0.52,403.28,0.55,135.0,0.51,491.05,0.56,197.0,0.5,501.0,0.57,234.0,0.49,465.64,0.58,105.0,0.48,409.0,0.59,288.0,0.45,135.0,0.48,403.28,0.44,197.0,0.49,491.05,0.43,234.0,0.5,501.0,0.42,105.0,0.51,465.64,0.41,288.0,0.52,409.0
2026-01-07 07:45:16.766000+00:00,2026-01-07 07:45:14.225223+00:00,16.766,0.545,0.54,0.55,0.455,0.45,0.46,167.0,25.0,106.0,112.0,0.53,275.71,0.56,110.0,0.52,353.28,0.57,191.0,0.51,465.05,0.58,95.0,0.5,501.0,0.59,105.0,0.49,430.64,0.6,358.0,0.44,77.0,0.47,350.71,0.43,155.0,0.48,451.28,0.42,80.0,0.49,444.05,0.41,105.0,0.5,477.0,0.4,358.0,0.51,430.64
2026-01-07 07:45:17.781000+00:00,2026-01-07 07:45:15.232868+00:00,17.781,0.555,0.55,0.56,0.445,0.44,0.45,66.0,287.0,287.0,66.0,0.54,212.0,0.57,398.0,0.53,227.0,0.58,288.0,0.52,192.0,0.59,288.0,0.51,413.0,0.6,479.0,0.5,445.0,0.61,438.0,0.43,398.0,0.46,212.0,0.42,288.0,0.47,288.0,0.41,288.0,0.48,253.0,0.4,479.0,0.49,498.0,0.39,438.0,0.5,457.0
2026-01-07 07:45:18.813000+00:00,2026-01-07 07:45:16.239014+00:00,18.813,0.545,0.54,0.55,0.455,0.45,0.46,140.0,72.0,72.0,145.0,0.53,242.0,0.56,69.0,0.52,277.0,0.57,240.0,0.51,498.0,0.58,80.0,0.5,517.0,0.59,288.0,0.49,360.64,0.6,363.0,0.44,69.0,0.47,237.0,0.43,240.0,0.48,277.0,0.42,80.0,0.49,498.0,0.41,288.0,0.5,517.0,0.4,363.0,0.51,360.64
2026-01-07 07:45:19.793000+00:00,2026-01-07 07:45:17.244341+00:00,19.793,0.55,0.54,0.56,0.45999999999999996,0.45,0.47,115.0,98.0,60.0,199.0,0.53,254.0,0.57,288.0,0.52,301.0,0.58,80.0,0.51,510.0,0.59,288.0,0.5,445.0,0.6,358.0,0.49,360.64,0.61,352.0,0.44,113.0,0.48,206.0,0.43,238.0,0.49,540.0,0.42,70.0,0.5,395.0,0.41,349.0,0.51,360.64,0.4,358.0,0.52,422.0
2026-01-07 07:45:20.606000+00:00,2026-01-07 07:45:18.252096+00:00,20.606,0.525,0.52,0.53,0.475,0.47,0.48,35.0,95.0,107.0,35.0,0.51,10.0,0.54,318.0,0.5,167.0,0.55,333.0,0.49,247.64,0.56,308.0,0.48,489.0,0.57,318.0,0.47,375.0,0.58,348.0,0.46,318.0,0.49,10.0,0.45,333.0,0.5,167.0,0.44,308.0,0.51,252.64,0.43,376.0,0.52,489.0,0.42,288.0,0.53,328.0
2026-01-07 07:45:21.856000+00:00,2026-01-07 07:45:19.273347+00:00,21.856,0.505,0.5,0.51,0.475,0.46,0.49,187.0,25.0,12.0,15.0,0.49,182.64,0.52,45.0,0.48,513.0,0.53,215.0,0.47,351.0,0.54,357.0,0.46,304.0,0.55,308.0,0.45,379.0,0.56,333.0,0.45,27.0,0.5,216.0,0.44,296.94,0.51,216.64,0.43,303.0,0.52,522.0,0.42,313.0,0.53,351.0,0.41,374.0,0.54,304.0
2026-01-07 07:45:22.825000+00:00,2026-01-07 07:45:20.282779+00:00,22.825,0.535,0.53,0.54,0.475,0.47,0.48,5.0,45.0,45.0,132.0,0.51,87.0,0.55,51.83,0.5,204.0,0.56,226.94,0.49,212.14,0.57,323.0,0.48,466.0,0.58,243.0,0.47,421.0,0.59,304.0,0.46,45.0,0.49,118.67,0.45,51.83,0.5,199.0,0.44,226.94,0.51,299.64,0.43,323.0,0.52,454.0,0.42,243.0,0.53,421.0
2026-01-07 07:45:23.825000+00:00,2026-01-07 07:45:21.287562+00:00,23.825,0.525,0.52,0.53,0.475,0.47,0.48,179.0,35.34,35.34,151.72,0.51,170.67,0.54,122.0,0.5,228.0,0.55,85.83,0.49,465.64,0.56,261.94,0.48,454.0,0.57,323.0,0.47,456.0,0.58,278.0,0.46,122.0,0.49,170.67,0.45,85.83,0.5,228.0,0.44,261.94,0.51,465.64,0.43,323.0,0.52,454.0,0.42,278.0,0.53,456.0
2026-01-07 07:45:24.848000+00:00,2026-01-07 07:45:22.308457+00:00,24.848,0.535,0.53,0.54,0.46499999999999997,0.46,0.47,89.0,122.0,122.0,5.0,0.52,150.0,0.55,133.03,0.51,310.67,0.56,273.94,0.5,271.0,0.57,383.0,0.49,465.64,0.58,218.0,0.48,502.0,0.59,365.0,0.45,133.03,0.48,85.0,0.44,261.94,0.49,273.67,0.43,323.0,0.5,262.0,0.42,218.0,0.51,465.64,0.41,365.0,0.52,502.0
2026-01-07 07:45:25.859000+00:00,2026-01-07 07:45:23.314850+00:00,25.859,0.535,0.53,0.54,0.46499999999999997,0.46,0.47,75.0,116.0,116.0,75.0,0.52,112.0,0.55,187.03,0.51,388.0,0.56,285.94,0.5,262.0,0.57,323.0,0.49,465.64,0.58,242.0,0.48,454.0,0.59,304.0,0.45,187.03,0.48,112.0,0.44,285.94,0.49,388.0,0.43,323.0,0.5,262.0,0.42,302.0,0.51,465.64,0.41,304.0,0.52,454.0
2026-01-07 07:45:26.872000+00:00,2026-01-07 07:45:24.334831+00:00,26.872,0.525,0.52,0.53,0.475,0.47,0.48,42.0,326.1,373.12,42.0,0.51,29.0,0.54,247.0,0.5,112.0,0.55,368.03,0.49,315.64,0.56,355.94,0.48,414.0,0.57,572.0,0.47,464.0,0.58,374.0,0.46,177.0,0.49,29.0,0.45,298.03,0.5,16.0,0.44,412.94,0.51,11.64,0.43,424.0,0.52,110.0,0.42,374.0,0.53,464.0
2026-01-07 07:45:27.906000+00:00,2026-01-07 07:45:25.356166+00:00,27.906,0.495,0.49,0.5,0.505,0.5,0.51,11.64,156.0,208.0,11.64,0.47,90.0,0.51,238.0,0.46,80.0,0.52,240.0,0.45,154.0,0.53,501.45,0.44,131.0,0.54,384.0,0.43,396.0,0.55,411.83,0.49,238.0,0.53,90.0,0.48,275.0,0.54,80.0,0.47,501.45,0.55,154.0,0.46,384.0,0.56,131.0,0.45,355.83,0.57,351.0
2026-01-07 07:45:28.908000+00:00,2026-01-07 07:45:26.358430+00:00,28.908,0.525,0.52,0.53,0.475,0.47,0.48,9023.77,449.45,449.45,9021.15,0.51,72.0,0.54,412.0,0.49,30.0,0.55,340.83,0.47,95.0,0.56,402.94,0.46,80.0,0.57,389.0,0.45,35.0,0.58,374.0,0.46,412.0,0.49,72.0,0.45,340.83,0.51,30.0,0.44,332.94,0.53,125.0,0.43,389.0,0.54,100.0,0.42,374.0,0.55,45.0
2026-01-07 07:45:29.904000+00:00,2026-01-07 07:45:27.362454+00:00,29.904,0.525,0.52,0.53,0.475,0.47,0.48,8963.15,540.45,530.45,8963.15,0.5,24.0,0.54,449.0,0.49,30.0,0.55,364.83,0.47,170.0,0.56,332.94,0.46,110.0,0.57,389.0,0.45,15.0,0.58,374.0,0.46,449.0,0.5,24.0,0.45,364.83,0.51,30.0,0.44,332.94,0.53,170.0,0.43,389.0,0.54,75.0,0.42,374.0,0.55,5.0
2026-01-07 07:45:30.927000+00:00,2026-01-07 07:45:28.367764+00:00,30.927,0.525,0.52,0.53,0.475,0.47,0.48,8822.08,530.45,530.45,8829.08,0.51,24.0,0.54,407.0,0.49,30.0,0.55,364.83,0.48,70.0,0.56,344.94,0.47,240.0,0.57,425.0,0.46,145.0,0.58,374.0,0.46,407.0,0.49,29.0,0.45,364.83,0.51,30.0,0.44,344.94,0.52,105.0,0.43,425.0,0.53,250.0,0.42,386.0,0.54,185.0
2026-01-07 07:45:31.868000+00:00,2026-01-07 07:45:29.374245+00:00,31.868,0.525,0.52,0.53,0.475,0.47,0.48,8532.5,520.89,520.89,8557.5,0.51,78.0,0.54,419.0,0.5,60.0,0.55,352.83,0.49,30.0,0.56,450.94,0.47,115.0,0.57,401.0,0.46,230.0,0.58,379.0,0.46,407.0,0.49,138.0,0.45,352.83,0.51,30.0,0.44,426.94,0.52,80.0,0.43,425.0,0.53,80.0,0.42,391.0,0.54,230.0
2026-01-07 07:45:32.913000+00:00,2026-01-07 07:45:30.380609+00:00,32.913,0.525,0.52,0.53,0.475,0.47,0.48,8358.81,128.3,128.3,8358.81,0.51,70.0,0.54,228.0,0.5,150.0,0.55,435.83,0.49,175.0,0.56,389.94,0.48,333.0,0.57,319.0,0.47,398.0,0.58,309.0,0.46,228.0,0.49,70.0,0.45,435.83,0.5,150.0,0.44,389.94,0.51,175.0,0.43,319.0,0.52,333.0,0.42,309.0,0.53,398.0
2026-01-07 07:45:33.870000+00:00,2026-01-07 07:45:31.388053+00:00,33.87,0.525,0.52,0.53,0.475,0.47,0.48,8358.81,128.3,128.3,8333.81,0.51,70.0,0.54,323.0,0.5,150.0,0.55,396.83,0.49,175.0,0.56,332.94,0.48,298.0,0.57,331.0,0.47,333.0,0.58,304.0,0.46,323.0,0.49,70.0,0.45,396.83,0.5,150.0,0.44,332.94,0.51,175.0,0.43,331.0,0.52,298.0,0.42,304.0,0.53,333.0
2026-01-07 07:45:34.935000+00:00,2026-01-07 07:45:32.393744+00:00,34.935,0.525,0.52,0.53,0.475,0.47,0.48,8241.18,128.3,128.3,8253.18,0.51,70.0,0.54,323.0,0.5,150.0,0.55,340.83,0.49,265.0,0.56,401.94,0.48,333.0,0.57,319.0,0.47,308.0,0.58,328.0,0.46,323.0,0.49,70.0,0.45,340.83,0.5,150.0,0.44,401.94,0.51,265.0,0.43,331.0,0.52,333.0,0.42,328.0,0.53,308.0
2026-01-07 07:45:35.939000+00:00,2026-01-07 07:45:33.398545+00:00,35.939,0.525,0.52,0.53,0.475,0.47,0.48,8246.8,123.3,123.3,8258.8,0.51,70.0,0.54,365.0,0.5,174.0,0.55,420.83,0.49,235.0,0.56,332.94,0.48,348.0,0.57,343.0,0.47,308.0,0.58,398.0,0.46,365.0,0.49,94.0,0.45,432.83,0.5,174.0,0.44,332.94,0.51,235.0,0.43,355.0,0.52,363.0,0.42,410.0,0.53,308.0
2026-01-07 07:45:36.922000+00:00,2026-01-07 07:45:34.418612+00:00,36.922,0.525,0.52,0.53,0.475,0.47,0.48,8170.91,347.3,347.3,8170.91,0.51,142.0,0.54,377.0,0.5,198.0,0.55,420.83,0.49,235.0,0.56,368.94,0.48,328.0,0.57,343.0,0.47,333.0,0.58,391.0,0.46,377.0,0.49,142.0,0.45,420.83,0.5,198.0,0.44,368.94,0.51,265.0,0.43,343.0,0.52,298.0,0.42,391.0,0.53,333.0
2026-01-07 07:45:37.984000+00:00,2026-01-07 07:45:35.427463+00:00,37.984,0.525,0.52,0.53,0.475,0.47,0.48,8230.91,334.1,334.1,8230.91,0.51,106.0,0.54,323.0,0.5,166.0,0.55,352.83,0.49,265.0,0.56,401.94,0.48,298.0,0.57,355.0,0.47,333.0,0.58,403.0,0.46,323.0,0.49,106.0,0.45,352.83,0.5,166.0,0.44,401.94,0.51,265.0,0.43,355.0,0.52,298.0,0.42,403.0,0.53,333.0
2026-01-07 07:45:38.957000+00:00,2026-01-07 07:45:36.436290+00:00,38.957,0.525,0.52,0.53,0.475,0.47,0.48,8310.91,305.6,305.6,8270.91,0.51,115.0,0.55,324.83,0.5,288.0,0.56,389.94,0.49,428.0,0.57,324.0,0.48,333.0,0.58,321.0,0.47,454.0,0.59,319.0,0.45,141.83,0.49,130.0,0.44,268.94,0.5,349.0,0.43,324.0,0.51,338.0,0.42,321.0,0.52,333.0,0.41,319.0,0.53,454.0
2026-01-07 07:45:39.699000+00:00,2026-01-07 07:45:37.439571+00:00,39.699,0.525,0.52,0.53,0.475,0.47,0.48,8250.91,259.73,259.73,8275.91,0.51,130.0,0.54,5.0,0.5,439.0,0.55,153.13,0.49,338.0,0.56,268.94,0.48,333.0,0.57,319.0,0.47,454.0,0.58,321.0,0.46,5.0,0.49,130.0,0.45,153.13,0.5,439.0,0.44,268.94,0.51,338.0,0.43,319.0,0.52,333.0,0.42,321.0,0.53,454.0
2026-01-07 07:45:41.983000+00:00,2026-01-07 07:45:39.466786+00:00,41.983,0.525,0.52,0.53,0.475,0.47,0.48,8215.91,225.02,192.63,8215.91,0.51,495.0,0.54,40.82,0.5,348.0,0.55,63.13,0.49,363.0,0.56,64.94,0.48,454.0,0.57,370.0,0.47,454.0,0.58,316.0,0.46,40.82,0.49,495.0,0.45,63.13,0.5,348.0,0.44,64.94,0.51,363.0,0.43,370.0,0.52,454.0,0.42,316.0,0.53,454.0
2026-01-07 07:45:43.009000+00:00,2026-01-07 07:45:40.475709+00:00,43.009,0.525,0.52,0.53,0.475,0.47,0.48,8315.91,188.89,188.89,8330.91,0.51,495.0,0.54,88.46,0.5,348.0,0.55,63.13,0.49,363.0,0.56,64.94,0.48,454.0,0.57,370.0,0.47,454.0,0.58,316.0,0.46,88.46,0.49,480.0,0.45,63.13,0.5,348.0,0.44,64.94,0.51,363.0,0.43,370.0,0.52,454.0,0.42,316.0,0.53,454.0
2026-01-07 07:45:44.035000+00:00,2026-01-07 07:45:41.496268+00:00,44.035,0.525,0.52,0.53,0.475,0.47,0.48,7771.41,439.0,439.0,6911.41,0.5,16.0,0.54,539.1,0.49,110.0,0.55,355.83,0.48,45.0,0.56,332.94,0.47,125.0,0.57,319.0,0.46,337.0,0.58,309.0,0.46,539.1,0.5,16.0,0.45,355.83,0.51,45.0,0.44,332.94,0.52,80.0,0.43,319.0,0.53,110.0,0.42,309.0,0.54,337.0
2026-01-07 07:45:45.054000+00:00,2026-01-07 07:45:42.503060+00:00,45.054,0.525,0.52,0.53,0.475,0.47,0.48,6518.6,487.0,487.0,6508.3,0.51,5.0,0.54,549.92,0.5,16.0,0.55,367.83,0.49,30.0,0.56,332.94,0.48,80.0,0.57,319.0,0.47,84.0,0.58,304.0,0.46,561.92,0.49,5.0,0.45,367.83,0.5,16.0,0.44,332.94,0.51,30.0,0.43,319.0,0.52,80.0,0.42,304.0,0.53,60.0
2026-01-07 07:45:46.059000+00:00,2026-01-07 07:45:43.510625+00:00,46.059,0.525,0.52,0.53,0.475,0.47,0.48,6445.45,439.0,439.0,6470.45,0.51,5.0,0.54,595.92,0.5,16.0,0.55,367.83,0.49,163.0,0.56,332.94,0.48,81.0,0.57,331.0,0.47,30.0,0.58,304.0,0.46,584.92,0.5,16.0,0.45,355.83,0.51,163.0,0.44,344.94,0.52,72.0,0.43,319.0,0.54,248.0,0.42,304.0,0.55,333.0
2026-01-07 07:45:47.041000+00:00,2026-01-07 07:45:44.517682+00:00,47.041,0.535,0.53,0.54,0.46499999999999997,0.46,0.47,274.0,142.74,142.74,274.0,0.52,6741.65,0.56,135.0,0.51,353.0,0.57,65.16,0.5,375.0,0.58,60.0,0.49,419.0,0.59,63.0,0.48,384.0,0.6,191.0,0.44,135.0,0.48,6741.65,0.43,65.16,0.49,353.0,0.41,63.0,0.5,375.0,0.4,191.0,0.51,419.0,0.39,316.0,0.52,384.0
2026-01-07 07:45:48.061000+00:00,2026-01-07 07:45:45.506108+00:00,48.061,0.535,0.53,0.54,0.46499999999999997,0.46,0.47,275.0,157.33,202.33,183.0,0.52,6711.65,0.55,30.0,0.51,383.0,0.56,135.0,0.5,375.0,0.57,103.0,0.49,419.0,0.58,36.0,0.48,384.0,0.59,15.0,0.45,57.0,0.48,6690.65,0.44,149.99,0.49,275.0,0.43,103.0,0.5,380.0,0.42,12.0,0.51,434.0,0.41,27.0,0.52,349.0
2026-01-07 07:45:49.066000+00:00,2026-01-07 07:45:46.522643+00:00,49.066,0.525,0.52,0.53,0.475,0.47,0.48,6342.65,184.0,184.0,6347.65,0.5,199.0,0.54,225.11,0.49,218.0,0.55,288.0,0.48,263.0,0.56,302.99,0.47,395.0,0.57,349.0,0.46,492.0,0.58,309.0,0.46,237.11,0.5,199.0,0.45,288.0,0.51,218.0,0.44,302.99,0.52,263.0,0.43,349.0,0.53,407.0,0.42,309.0,0.54,492.0
2026-01-07 07:45:50.053000+00:00,2026-01-07 07:45:47.544472+00:00,50.053,0.525,0.52,0.53,0.475,0.47,0.48,6294.65,57.0,57.0,6261.33,0.5,223.0,0.54,311.11,0.49,370.0,0.55,166.0,0.48,258.0,0.56,71.99,0.47,218.0,0.57,349.0,0.46,293.0,0.58,374.0,0.46,172.11,0.5,238.0,0.45,93.0,0.51,299.0,0.44,371.99,0.52,258.0,0.43,349.0,0.53,308.0,0.42,374.0,0.54,293.0
2026-01-07 07:45:51.101000+00:00,2026-01-07 07:45:48.551391+00:00,51.101,0.525,0.52,0.53,0.475,0.47,0.48,6242.31,78.39,143.39,6262.31,0.51,41.0,0.54,184.11,0.5,161.0,0.55,113.0,0.49,80.0,0.56,411.99,0.48,258.0,0.57,361.0,0.47,357.0,0.58,374.0,0.46,184.11,0.49,41.0,0.45,113.0,0.5,161.0,0.44,411.99,0.51,80.0,0.43,361.0,0.52,258.0,0.42,374.0,0.53,357.0
2026-01-07 07:45:52.052000+00:00,2026-01-07 07:45:49.556208+00:00,52.052,0.525,0.52,0.53,0.475,0.47,0.48,6249.31,244.86,244.86,6137.62,0.51,111.0,0.54,172.11,0.5,115.0,0.55,113.0,0.49,185.0,0.56,399.99,0.48,303.0,0.57,349.0,0.47,457.0,0.58,374.0,0.46,238.11,0.49,75.0,0.45,288.0,0.5,127.0,0.44,387.99,0.51,197.0,0.43,361.0,0.52,303.0,0.42,374.0,0.53,367.0
2026-01-07 07:45:53.130000+00:00,2026-01-07 07:45:50.579298+00:00,53.13,0.525,0.52,0.53,0.475,0.47,0.48,5675.31,239.86,239.86,5663.34,0.51,70.0,0.54,208.11,0.5,146.0,0.55,361.0,0.49,221.0,0.56,387.99,0.48,303.0,0.57,361.0,0.47,318.0,0.58,374.0,0.46,208.11,0.49,70.0,0.45,429.0,0.5,134.0,0.44,375.99,0.51,233.0,0.43,361.0,0.52,303.0,0.42,374.0,0.53,318.0
2026-01-07 07:45:54.151000+00:00,2026-01-07 07:45:51.588695+00:00,54.151,0.525,0.52,0.53,0.475,0.47,0.48,5588.16,646.64,646.64,5368.16,0.51,5.0,0.54,570.11,0.5,40.0,0.55,499.0,0.49,247.0,0.56,433.99,0.48,150.0,0.57,431.0,0.47,298.0,0.58,374.0,0.46,500.11,0.49,5.0,0.45,429.0,0.5,40.0,0.44,375.99,0.51,107.0,0.43,431.0,0.52,150.0,0.42,374.0,0.53,298.0
2026-01-07 07:45:55.084000+00:00,2026-01-07 07:45:52.597887+00:00,55.084,0.525,0.52,0.53,0.475,0.47,0.48,5318.99,629.64,629.64,5318.99,0.51,17.0,0.54,488.11,0.5,88.0,0.55,429.0,0.49,115.0,0.56,375.99,0.48,205.0,0.57,431.0,0.47,328.0,0.58,374.0,0.46,488.11,0.49,17.0,0.45,429.0,0.5,64.0,0.44,375.99,0.51,115.0,0.43,443.0,0.52,205.0,0.42,374.0,0.53,328.0
2026-01-07 07:45:56.022000+00:00,2026-01-07 07:45:53.620559+00:00,56.022,0.525,0.52,0.53,0.475,0.47,0.48,5341.63,629.64,629.64,5411.63,0.51,58.0,0.54,542.11,0.5,57.0,0.55,361.0,0.49,115.0,0.56,387.99,0.48,205.0,0.57,443.0,0.47,328.0,0.58,386.0,0.46,488.11,0.49,128.0,0.45,417.0,0.5,127.0,0.44,387.99,0.51,185.0,0.43,443.0,0.52,135.0,0.42,386.0,0.53,328.0
2026-01-07 07:45:57.181000+00:00,2026-01-07 07:45:54.626648+00:00,57.181,0.525,0.52,0.53,0.475,0.47,0.48,5456.27,629.64,629.64,5456.27,0.51,87.0,0.54,476.11,0.5,166.0,0.55,417.0,0.49,170.0,0.56,363.99,0.48,145.0,0.57,467.0,0.47,313.0,0.58,391.0,0.46,476.11,0.49,87.0,0.45,417.0,0.5,166.0,0.44,363.99,0.51,170.0,0.43,467.0,0.52,145.0,0.42,391.0,0.53,313.0
2026-01-07 07:45:58.142000+00:00,2026-01-07 07:45:55.632853+00:00,58.142,0.525,0.52,0.53,0.475,0.47,0.48,5452.72,629.64,629.64,5452.72,0.51,87.0,0.54,530.11,0.5,131.0,0.55,361.0,0.49,205.0,0.56,363.99,0.48,145.0,0.57,467.0,0.47,313.0,0.58,391.0,0.46,530.11,0.49,87.0,0.45,361.0,0.5,131.0,0.44,363.99,0.51,205.0,0.43,467.0,0.52,145.0,0.42,391.0,0.53,313.0
2026-01-07 07:45:59.244000+00:00,2026-01-07 07:45:56.638432+00:00,59.244,0.525,0.52,0.53,0.475,0.47,0.48,5422.9,629.64,629.64,5452.9,0.51,191.0,0.54,530.11,0.5,176.0,0.55,361.0,0.49,180.0,0.56,363.99,0.48,130.0,0.57,409.0,0.47,298.0,0.58,304.0,0.46,476.11,0.49,187.0,0.45,417.0,0.5,131.0,0.44,363.99,0.51,317.0,0.43,397.0,0.52,237.0,0.42,316.0,0.53,333.0
2026-01-07 07:46:00.188000+00:00,2026-01-07 07:45:57.644994+00:00,60.188,0.525,0.52,0.53,0.475,0.47,0.48,5422.9,446.64,446.64,5443.35,0.51,167.0,0.54,226.11,0.5,151.0,0.55,57.0,0.49,378.0,0.56,363.99,0.48,298.0,0.57,397.0,0.47,423.0,0.58,316.0,0.46,226.11,0.49,167.0,0.45,57.0,0.5,151.0,0.44,363.99,0.51,378.0,0.43,397.0,0.52,298.0,0.42,316.0,0.53,423.0
2026-01-07 07:46:01.222000+00:00,2026-01-07 07:45:58.636971+00:00,61.222,0.525,0.52,0.53,0.475,0.47,0.48,5431.35,458.25,488.25,5299.3,0.51,179.0,0.54,167.11,0.5,334.0,0.55,113.0,0.49,378.0,0.56,64.99,0.48,347.0,0.57,409.0,0.47,333.0,0.58,304.0,0.46,179.11,0.49,135.0,0.45,57.0,0.5,405.0,0.44,107.99,0.51,363.0,0.43,361.0,0.52,347.0,0.42,304.0,0.53,333.0
2026-01-07 07:46:02.124000+00:00,2026-01-07 07:45:59.646108+00:00,62.124,0.525,0.52,0.53,0.475,0.47,0.48,5265.34,458.25,458.25,5265.34,0.51,259.0,0.54,172.11,0.5,314.0,0.55,113.0,0.49,378.0,0.56,95.99,0.48,347.0,0.57,373.0,0.47,333.0,0.58,321.0,0.46,172.11,0.49,259.0,0.45,113.0,0.5,314.0,0.44,95.99,0.51,378.0,0.43,373.0,0.52,347.0,0.42,321.0,0.53,333.0
2026-01-07 07:46:03.111000+00:00,2026-01-07 07:46:00.669248+00:00,63.111,0.525,0.52,0.53,0.475,0.47,0.48,5149.08,458.25,458.25,5149.08,0.51,222.0,0.54,172.11,0.5,339.0,0.55,113.0,0.49,378.0,0.56,83.99,0.48,298.0,0.57,385.0,0.47,333.0,0.58,316.0,0.46,172.11,0.49,222.0,0.45,113.0,0.5,339.0,0.44,83.99,0.51,378.0,0.43,385.0,0.52,298.0,0.42,316.0,0.53,333.0
2026-01-07 07:46:04.186000+00:00,2026-01-07 07:46:01.675493+00:00,64.186,0.525,0.52,0.53,0.475,0.47,0.48,5149.08,458.25,458.25,5137.08,0.51,152.0,0.54,172.11,0.5,374.0,0.55,113.0,0.49,378.0,0.56,83.99,0.48,298.0,0.57,385.0,0.47,333.0,0.58,386.0,0.46,226.11,0.49,152.0,0.45,57.0,0.5,374.0,0.44,83.99,0.51,378.0,0.43,385.0,0.52,298.0,0.42,386.0,0.53,333.0
2026-01-07 07:46:05.197000+00:00,2026-01-07 07:46:02.698509+00:00,65.197,0.525,0.52,0.53,0.475,0.47,0.48,5122.83,458.25,458.25,5122.83,0.51,116.0,0.54,238.11,0.5,434.0,0.55,167.0,0.49,378.0,0.56,362.99,0.48,298.0,0.57,361.0,0.47,382.0,0.58,374.0,0.46,184.11,0.49,116.0,0.45,167.0,0.5,434.0,0.44,362.99,0.51,378.0,0.43,361.0,0.52,298.0,0.42,374.0,0.53,382.0
2026-01-07 07:46:06.254000+00:00,2026-01-07 07:46:03.705299+00:00,66.254,0.525,0.52,0.53,0.475,0.47,0.48,5199.83,458.25,458.25,5194.83,0.51,194.0,0.54,172.11,0.5,146.0,0.55,296.0,0.49,180.0,0.56,375.99,0.48,298.0,0.57,397.0,0.47,382.0,0.58,391.0,0.46,172.11,0.49,174.0,0.45,296.0,0.5,166.0,0.44,375.99,0.51,180.0,0.43,397.0,0.52,298.0,0.42,391.0,0.53,382.0
2026-01-07 07:46:07.257000+00:00,2026-01-07 07:46:04.713034+00:00,67.257,0.525,0.52,0.53,0.475,0.47,0.48,5168.72,458.25,323.25,5281.59,0.51,194.0,0.54,172.11,0.5,146.0,0.55,296.0,0.49,180.0,0.56,375.99,0.48,298.0,0.57,397.0,0.47,382.0,0.58,391.0,0.46,122.11,0.49,237.0,0.45,284.0,0.5,268.0,0.44,363.99,0.51,272.0,0.43,349.0,0.52,347.0,0.42,374.0,0.53,333.0
2026-01-07 07:46:08.259000+00:00,2026-01-07 07:46:05.719585+00:00,68.259,0.525,0.52,0.53,0.475,0.47,0.48,5430.13,83.96,83.96,5430.13,0.51,303.0,0.54,122.11,0.5,314.0,0.55,364.0,0.49,417.0,0.56,59.99,0.48,429.0,0.57,103.0,0.47,454.0,0.59,319.0,0.46,127.11,0.49,303.0,0.45,359.0,0.5,314.0,0.44,59.99,0.51,417.0,0.43,225.0,0.52,429.0,0.42,255.0,0.53,454.0
2026-01-07 07:46:09.262000+00:00,2026-01-07 07:46:06.726634+00:00,69.262,0.525,0.52,0.53,0.475,0.47,0.48,5240.92,173.96,171.84,5216.92,0.51,150.0,0.54,172.11,0.5,314.0,0.55,269.0,0.49,417.0,0.56,128.99,0.48,429.0,0.57,240.0,0.47,454.0,0.58,352.0,0.46,127.11,0.49,150.0,0.45,269.0,0.5,314.0,0.44,116.99,0.51,417.0,0.43,228.0,0.52,429.0,0.42,410.0,0.53,454.0
2026-01-07 07:46:10.177000+00:00,2026-01-07 07:46:07.733516+00:00,70.177,0.525,0.52,0.53,0.475,0.47,0.48,5225.96,171.84,171.84,5225.96,0.51,150.0,0.54,127.11,0.5,314.0,0.55,269.0,0.49,417.0,0.56,59.99,0.48,429.0,0.57,240.0,0.47,501.0,0.58,458.0,0.46,127.11,0.49,150.0,0.45,269.0,0.5,314.0,0.44,59.99,0.51,417.0,0.43,240.0,0.52,429.0,0.42,458.0,0.53,501.0
2026-01-07 07:46:11.296000+00:00,2026-01-07 07:46:08.736829+00:00,71.296,0.525,0.52,0.53,0.475,0.47,0.48,5101.96,171.84,171.84,5101.96,0.51,179.0,0.54,184.11,0.5,379.0,0.55,305.0,0.49,429.0,0.56,83.99,0.48,519.0,0.57,298.0,0.47,454.0,0.58,379.0,0.46,184.11,0.49,227.0,0.45,281.0,0.5,343.0,0.44,95.99,0.51,417.0,0.43,310.0,0.52,519.0,0.42,379.0,0.53,454.0
2026-01-07 07:46:12.288000+00:00,2026-01-07 07:46:09.758391+00:00,72.288,0.525,0.52,0.53,0.475,0.47,0.48,5288.96,81.84,81.84,5263.96,0.51,291.0,0.54,122.11,0.5,354.0,0.56,19.99,0.49,464.0,0.57,452.0,0.48,592.0,0.58,321.0,0.47,469.0,0.59,392.0,0.46,122.11,0.49,291.0,0.44,19.99,0.5,354.0,0.43,269.0,0.51,513.0,0.42,321.0,0.52,454.0,0.41,331.0,0.53,469.0
2026-01-07 07:46:13.297000+00:00,2026-01-07 07:46:10.779418+00:00,73.297,0.535,0.53,0.54,0.46499999999999997,0.46,0.47,441.58,122.11,122.11,436.58,0.52,5214.96,0.55,5.0,0.51,347.0,0.56,114.24,0.5,439.0,0.57,281.0,0.49,513.0,0.58,5.0,0.48,454.0,0.59,367.0,0.45,5.0,0.48,5214.96,0.44,114.24,0.49,347.0,0.43,281.0,0.5,439.0,0.42,5.0,0.51,513.0,0.41,367.0,0.52,454.0
2026-01-07 07:46:14.321000+00:00,2026-01-07 07:46:11.783038+00:00,74.321,0.535,0.53,0.54,0.46499999999999997,0.46,0.47,406.76,122.11,122.11,406.76,0.52,5273.96,0.55,5.0,0.51,347.0,0.56,171.24,0.5,404.0,0.57,269.0,0.49,454.0,0.58,108.0,0.48,454.0,0.59,343.0,0.45,5.0,0.48,5273.96,0.44,171.24,0.49,382.0,0.43,269.0,0.5,414.0,0.42,108.0,0.51,489.0,0.41,343.0,0.52,454.0
2026-01-07 07:46:15.156000+00:00,2026-01-07 07:46:12.791783+00:00,75.156,0.535,0.53,0.54,0.46499999999999997,0.46,0.47,346.94,122.11,122.11,346.94,0.52,5314.96,0.55,5.0,0.51,382.0,0.56,171.24,0.5,414.0,0.57,293.0,0.49,489.0,0.58,96.0,0.48,454.0,0.59,331.0,0.45,5.0,0.48,5314.96,0.44,171.24,0.49,382.0,0.43,293.0,0.5,414.0,0.42,96.0,0.51,489.0,0.41,401.0,0.52,454.0
2026-01-07 07:46:16.348000+00:00,2026-01-07 07:46:13.801140+00:00,76.348,0.535,0.53,0.54,0.46499999999999997,0.46,0.47,241.32,134.11,224.11,236.32,0.52,5249.96,0.55,62.0,0.51,465.0,0.56,207.24,0.5,372.0,0.57,339.0,0.49,489.0,0.59,389.0,0.48,768.0,0.6,444.0,0.45,62.0,0.48,5254.96,0.44,117.24,0.49,465.0,0.43,339.0,0.5,372.0,0.41,389.0,0.51,489.0,0.4,444.0,0.52,768.0
2026-01-07 07:46:17.313000+00:00,2026-01-07 07:46:14.808445+00:00,77.313,0.535,0.53,0.54,0.46499999999999997,0.46,0.47,236.32,274.11,274.11,236.32,0.52,5254.96,0.55,57.0,0.51,465.0,0.56,117.24,0.5,372.0,0.57,339.0,0.49,489.0,0.58,5.0,0.48,768.0,0.59,389.0,0.45,57.0,0.48,5254.96,0.44,117.24,0.49,465.0,0.43,339.0,0.5,372.0,0.42,5.0,0.51,489.0,0.41,389.0,0.52,768.0
2026-01-07 07:46:18.189000+00:00,2026-01-07 07:46:15.812893+00:00,78.189,0.535,0.53,0.54,0.46499999999999997,0.46,0.47,221.32,192.0,192.0,221.32,0.52,5249.96,0.55,57.0,0.51,376.0,0.56,117.24,0.5,402.0,0.57,281.0,0.49,464.0,0.58,65.0,0.48,768.0,0.59,389.0,0.45,57.0,0.48,5249.96,0.44,117.24,0.49,376.0,0.43,281.0,0.5,402.0,0.42,60.0,0.51,464.0,0.41,389.0,0.52,768.0
2026-01-07 07:46:19.338000+00:00,2026-01-07 07:46:16.817005+00:00,79.338,0.525,0.52,0.53,0.475,0.47,0.48,5048.96,30.0,165.0,5023.96,0.51,398.0,0.54,110.0,0.5,314.0,0.55,45.0,0.49,489.0,0.56,252.24,0.48,519.0,0.57,361.0,0.47,486.0,0.58,446.0,0.46,105.0,0.49,418.0,0.45,45.0,0.5,344.0,0.44,252.24,0.51,489.0,0.43,431.0,0.52,519.0,0.42,386.0,0.53,439.0
2026-01-07 07:46:20.259000+00:00,2026-01-07 07:46:17.825311+00:00,80.259,0.525,0.52,0.53,0.475,0.47,0.48,5043.96,120.0,127.78,5058.96,0.51,457.0,0.54,110.0,0.5,344.0,0.55,57.0,0.49,489.0,0.56,154.24,0.48,568.0,0.57,443.0,0.47,439.0,0.58,386.0,0.46,110.0,0.49,452.0,0.45,57.0,0.5,344.0,0.44,154.24,0.51,489.0,0.43,443.0,0.52,568.0,0.42,386.0,0.53,439.0
2026-01-07 07:46:21.272000+00:00,2026-01-07 07:46:18.833214+00:00,81.272,0.525,0.52,0.53,0.475,0.47,0.48,5108.96,127.78,127.78,5178.96,0.51,422.0,0.54,110.0,0.5,314.0,0.55,57.0,0.49,489.0,0.56,130.24,0.48,573.0,0.57,455.0,0.47,439.0,0.58,386.0,0.46,110.0,0.49,352.0,0.45,57.0,0.5,314.0,0.44,130.24,0.51,489.0,0.43,455.0,0.52,573.0,0.42,386.0,0.53,439.0
2026-01-07 07:46:22.322000+00:00,2026-01-07 07:46:19.857685+00:00,82.322,0.525,0.52,0.53,0.475,0.47,0.48,5172.37,127.78,127.78,5160.37,0.51,352.0,0.54,90.0,0.5,314.0,0.55,57.0,0.49,489.0,0.56,130.24,0.48,568.0,0.57,455.0,0.47,439.0,0.58,386.0,0.46,90.0,0.49,364.0,0.45,57.0,0.5,314.0,0.44,130.24,0.51,489.0,0.43,455.0,0.52,568.0,0.42,386.0,0.53,439.0
2026-01-07 07:46:23.405000+00:00,2026-01-07 07:46:20.864648+00:00,83.405,0.525,0.52,0.53,0.475,0.47,0.48,4933.3,208.34,208.34,4933.3,0.51,440.0,0.54,102.0,0.5,368.0,0.55,45.0,0.49,489.0,0.56,166.24,0.48,568.0,0.57,431.0,0.47,439.0,0.58,386.0,0.46,102.0,0.49,440.0,0.45,45.0,0.5,368.0,0.44,178.24,0.51,489.0,0.43,419.0,0.52,568.0,0.42,386.0,0.53,439.0
2026-01-07 07:46:24.349000+00:00,2026-01-07 07:46:21.869294+00:00,84.349,0.525,0.52,0.53,0.475,0.47,0.48,5045.88,138.34,138.34,5045.88,0.51,405.0,0.54,102.0,0.5,343.0,0.55,45.0,0.49,489.0,0.56,178.24,0.48,568.0,0.57,361.0,0.47,501.0,0.58,446.0,0.46,102.0,0.49,405.0,0.45,45.0,0.5,343.0,0.44,178.24,0.51,489.0,0.43,361.0,0.52,568.0,0.42,446.0,0.53,501.0
2026-01-07 07:46:25.334000+00:00,2026-01-07 07:46:22.877575+00:00,85.334,0.525,0.52,0.53,0.475,0.47,0.48,5037.2,138.34,138.34,5034.78,0.51,375.0,0.54,102.0,0.5,373.0,0.55,45.0,0.49,489.0,0.56,178.24,0.48,573.0,0.57,419.0,0.47,454.0,0.58,386.0,0.46,102.0,0.49,375.0,0.45,45.0,0.5,373.0,0.44,178.24,0.51,489.0,0.43,419.0,0.52,573.0,0.42,386.0,0.53,454.0
2026-01-07 07:46:26.270000+00:00,2026-01-07 07:46:23.885687+00:00,86.27,0.525,0.52,0.53,0.475,0.47,0.48,5094.78,143.34,143.34,5094.78,0.51,334.0,0.54,90.0,0.5,344.0,0.55,57.0,0.49,489.0,0.56,142.24,0.48,573.0,0.57,455.0,0.47,454.0,0.58,386.0,0.46,90.0,0.49,334.0,0.45,57.0,0.5,344.0,0.44,142.24,0.51,489.0,0.43,455.0,0.52,568.0,0.42,386.0,0.53,454.0
2026-01-07 07:46:27.168000+00:00,2026-01-07 07:46:24.896344+00:00,87.168,0.525,0.52,0.53,0.475,0.47,0.48,5092.36,123.77,123.77,5092.36,0.51,334.0,0.54,90.0,0.5,344.0,0.55,57.0,0.49,489.0,0.56,366.24,0.48,568.0,0.57,455.0,0.47,454.0,0.58,386.0,0.46,90.0,0.49,334.0,0.45,57.0,0.5,344.0,0.44,366.24,0.51,489.0,0.43,455.0,0.52,568.0,0.42,386.0,0.53,454.0
2026-01-07 07:46:28.454000+00:00,2026-01-07 07:46:25.916024+00:00,88.454,0.525,0.52,0.53,0.475,0.47,0.48,5108.73,123.77,123.77,5108.73,0.51,334.0,0.54,90.0,0.5,344.0,0.55,57.0,0.49,489.0,0.56,366.24,0.48,583.0,0.57,455.0,0.47,439.0,0.58,386.0,0.46,90.0,0.49,334.0,0.45,57.0,0.5,344.0,0.44,366.24,0.51,489.0,0.43,455.0,0.52,583.0,0.42,386.0,0.53,439.0
2026-01-07 07:46:29.438000+00:00,2026-01-07 07:46:26.923641+00:00,89.438,0.525,0.52,0.53,0.475,0.47,0.48,5086.64,112.44,112.44,5086.64,0.51,334.0,0.54,90.0,0.5,344.0,0.55,57.0,0.49,509.0,0.56,366.24,0.48,583.0,0.57,455.0,0.47,439.0,0.58,386.0,0.46,90.0,0.49,334.0,0.45,57.0,0.5,344.0,0.44,366.24,0.51,509.0,0.43,455.0,0.52,583.0,0.42,386.0,0.53,439.0
2026-01-07 07:46:30.476000+00:00,2026-01-07 07:46:27.927749+00:00,90.476,0.525,0.52,0.53,0.475,0.47,0.48,5074.64,127.44,127.44,5069.64,0.51,346.0,0.54,90.0,0.5,344.0,0.55,57.0,0.49,509.0,0.56,378.24,0.48,583.0,0.57,443.0,0.47,439.0,0.58,391.0,0.46,90.0,0.49,351.0,0.45,57.0,0.5,364.0,0.44,378.24,0.51,489.0,0.43,443.0,0.52,583.0,0.42,391.0,0.53,439.0
2026-01-07 07:46:31.409000+00:00,2026-01-07 07:46:28.951787+00:00,91.409,0.525,0.52,0.53,0.475,0.47,0.48,4911.64,202.44,202.44,4911.64,0.51,257.0,0.54,102.0,0.5,388.0,0.55,45.0,0.49,368.0,0.56,459.24,0.48,583.0,0.57,361.0,0.47,439.0,0.58,391.0,0.46,102.0,0.49,257.0,0.45,45.0,0.5,388.0,0.44,459.24,0.51,368.0,0.43,361.0,0.52,583.0,0.42,386.0,0.53,439.0
2026-01-07 07:46:32.477000+00:00,2026-01-07 07:46:29.960061+00:00,92.477,0.525,0.52,0.53,0.475,0.47,0.48,4888.0,197.44,197.44,4888.0,0.51,274.0,0.54,90.0,0.5,191.0,0.55,57.0,0.49,185.0,0.56,568.24,0.48,413.0,0.57,373.0,0.47,367.0,0.58,386.0,0.46,90.0,0.49,274.0,0.45,57.0,0.5,191.0,0.44,568.24,0.51,185.0,0.43,373.0,0.52,413.0,0.42,386.0,0.53,367.0
2026-01-07 07:46:33.341000+00:00,2026-01-07 07:46:30.979777+00:00,93.341,0.525,0.52,0.53,0.475,0.47,0.48,4905.0,197.44,197.44,4884.16,0.51,262.0,0.54,90.0,0.5,186.0,0.55,57.0,0.49,185.0,0.56,568.24,0.48,413.0,0.57,373.0,0.47,367.0,0.58,386.0,0.46,90.0,0.49,282.0,0.45,57.0,0.5,166.0,0.44,568.24,0.51,185.0,0.43,373.0,0.52,413.0,0.42,386.0,0.53,367.0
2026-01-07 07:46:34.373000+00:00,2026-01-07 07:46:31.971170+00:00,94.373,0.525,0.52,0.53,0.475,0.47,0.48,4884.16,197.44,197.44,4797.16,0.51,277.0,0.54,90.0,0.5,161.0,0.55,57.0,0.49,185.0,0.56,568.24,0.48,413.0,0.57,373.0,0.47,367.0,0.58,386.0,0.46,90.0,0.49,53.0,0.45,101.0,0.5,221.0,0.44,287.24,0.51,180.0,0.43,361.0,0.52,403.0,0.42,386.0,0.53,283.0
2026-01-07 07:46:35.527000+00:00,2026-01-07 07:46:32.973999+00:00,95.527,0.525,0.52,0.53,0.475,0.47,0.48,4014.88,766.44,508.44,3892.88,0.5,16.0,0.54,447.0,0.49,35.0,0.55,361.0,0.47,60.0,0.56,321.24,0.46,139.99,0.57,419.0,0.45,57.21,0.58,379.0,0.46,447.0,0.5,16.0,0.45,349.0,0.51,40.0,0.44,321.24,0.54,154.99,0.43,419.0,0.55,125.0,0.42,391.0,0.56,12.0
2026-01-07 07:46:36.518000+00:00,2026-01-07 07:46:33.980262+00:00,96.518,0.525,0.52,0.53,0.475,0.47,0.48,3372.47,493.44,505.44,3362.72,0.5,36.0,0.54,459.0,0.49,35.0,0.55,364.0,0.47,97.0,0.56,251.24,0.46,133.0,0.57,419.0,0.45,65.0,0.58,379.0,0.46,459.0,0.5,36.0,0.45,364.0,0.51,35.0,0.44,251.24,0.53,133.0,0.43,419.0,0.54,133.0,0.42,379.0,0.55,65.0
2026-01-07 07:46:37.519000+00:00,2026-01-07 07:46:34.984287+00:00,97.519,0.525,0.52,0.53,0.475,0.47,0.48,3142.97,524.44,524.44,3088.86,0.51,5.0,0.54,447.0,0.5,31.0,0.55,364.0,0.49,35.0,0.56,251.24,0.48,12.0,0.57,419.0,0.47,24.0,0.58,379.0,0.46,394.0,0.49,5.0,0.45,364.0,0.5,31.0,0.44,251.24,0.51,35.0,0.43,419.0,0.52,12.0,0.42,379.0,0.53,24.0
2026-01-07 07:46:38.540000+00:00,2026-01-07 07:46:35.992043+00:00,98.54,0.525,0.52,0.53,0.475,0.47,0.48,3175.86,476.44,476.44,3122.86,0.51,164.0,0.54,447.0,0.5,90.0,0.55,376.0,0.49,105.0,0.56,287.24,0.48,70.0,0.57,443.0,0.47,70.0,0.58,386.0,0.46,447.0,0.49,164.0,0.45,376.0,0.5,90.0,0.44,287.24,0.51,105.0,0.43,443.0,0.52,70.0,0.42,386.0,0.53,70.0
2026-01-07 07:46:39.580000+00:00,2026-01-07 07:46:37.013412+00:00,99.58,0.525,0.52,0.53,0.475,0.47,0.48,2976.73,523.44,518.44,2659.26,0.5,15.0,0.54,442.0,0.49,105.0,0.55,376.0,0.48,12.0,0.56,251.24,0.46,70.0,0.57,349.0,0.45,99.0,0.58,374.0,0.46,394.0,0.5,51.0,0.45,376.0,0.51,59.0,0.44,263.24,0.54,70.0,0.43,361.0,0.55,75.0,0.42,374.0,0.56,212.2
2026-01-07 07:46:40.558000+00:00,2026-01-07 07:46:38.017557+00:00,100.558,0.525,0.52,0.53,0.475,0.47,0.48,1836.14,461.44,461.44,1836.14,0.51,53.0,0.54,401.0,0.5,51.0,0.55,369.0,0.49,35.0,0.56,299.24,0.46,220.0,0.57,431.0,0.45,75.0,0.58,386.0,0.46,406.0,0.49,77.0,0.45,364.0,0.5,39.0,0.44,299.24,0.51,35.0,0.43,431.0,0.54,220.0,0.42,386.0,0.55,75.0
2026-01-07 07:46:41.565000+00:00,2026-01-07 07:46:39.024507+00:00,101.565,0.525,0.52,0.53,0.475,0.47,0.48,1841.14,478.44,478.44,1841.14,0.51,5.0,0.54,394.0,0.5,87.0,0.55,460.0,0.49,59.0,0.56,275.24,0.46,5.0,0.57,431.0,0.45,225.0,0.58,379.0,0.46,394.0,0.49,5.0,0.45,460.0,0.5,87.0,0.44,275.24,0.51,59.0,0.43,431.0,0.54,5.0,0.42,379.0,0.55,225.0
2026-01-07 07:46:42.553000+00:00,2026-01-07 07:46:40.032841+00:00,102.553,0.525,0.52,0.53,0.475,0.47,0.48,1159.89,478.44,478.44,707.51,0.51,75.0,0.54,454.0,0.5,225.0,0.55,412.0,0.49,141.0,0.56,333.24,0.48,70.0,0.57,431.0,0.47,70.0,0.58,379.0,0.46,454.0,0.49,75.0,0.45,412.0,0.5,225.0,0.44,333.24,0.51,141.0,0.43,431.0,0.52,70.0,0.42,379.0,0.53,70.0
2026-01-07 07:46:43.364000+00:00,2026-01-07 07:46:41.041570+00:00,103.364,0.525,0.52,0.53,0.475,0.47,0.48,639.42,441.44,441.44,637.33,0.51,251.0,0.54,466.0,0.5,85.0,0.55,364.0,0.49,105.0,0.56,287.24,0.48,70.0,0.57,443.0,0.47,70.0,0.58,391.0,0.46,466.0,0.49,251.0,0.45,364.0,0.5,85.0,0.44,287.24,0.51,105.0,0.43,443.0,0.52,70.0,0.42,386.0,0.53,70.0
2026-01-07 07:46:44.537000+00:00,2026-01-07 07:46:42.047654+00:00,104.537,0.525,0.52,0.53,0.475,0.47,0.48,616.49,416.44,416.44,616.49,0.51,251.0,0.54,466.0,0.5,85.0,0.55,364.0,0.49,105.0,0.56,287.24,0.48,70.0,0.57,443.0,0.47,70.0,0.58,386.0,0.46,466.0,0.49,251.0,0.45,364.0,0.5,85.0,0.44,287.24,0.51,105.0,0.43,443.0,0.52,70.0,0.42,386.0,0.53,70.0
2026-01-07 07:46:45.568000+00:00,2026-01-07 07:46:43.055889+00:00,105.568,0.525,0.52,0.53,0.475,0.47,0.48,523.15,444.55,444.55,523.15,0.51,75.0,0.54,466.0,0.5,157.0,0.55,400.0,0.49,129.0,0.56,275.24,0.48,70.0,0.57,431.0,0.47,70.0,0.58,374.0,0.46,466.0,0.49,80.0,0.45,400.0,0.5,162.0,0.44,275.24,0.51,129.0,0.43,431.0,0.52,70.0,0.42,374.0,0.53,70.0
2026-01-07 07:46:46.527000+00:00,2026-01-07 07:46:44.060880+00:00,106.527,0.525,0.52,0.53,0.475,0.47,0.48,148.63,431.55,436.55,148.63,0.51,225.0,0.54,425.0,0.5,95.0,0.55,388.0,0.49,189.0,0.56,263.24,0.48,82.0,0.57,419.0,0.47,70.0,0.58,374.0,0.46,401.0,0.49,85.0,0.45,412.0,0.5,32.0,0.44,263.24,0.51,170.0,0.43,419.0,0.52,70.0,0.42,374.0,0.53,70.0
2026-01-07 07:46:47.568000+00:00,2026-01-07 07:46:45.066251+00:00,107.568,0.485,0.48,0.49,0.515,0.51,0.52,9.0,77.54,77.54,9.0,0.47,70.0,0.5,211.0,0.46,80.0,0.51,90.0,0.45,75.0,0.52,190.0,0.44,70.0,0.53,394.55,0.43,70.0,0.54,413.0,0.5,231.0,0.53,70.0,0.49,90.0,0.54,80.0,0.48,190.0,0.55,75.0,0.47,386.78,0.56,70.0,0.46,401.0,0.57,70.0
2026-01-07 07:46:48.617000+00:00,2026-01-07 07:46:46.089084+00:00,108.617,0.445,0.44,0.45,0.565,0.55,0.58,70.0,90.0,95.0,75.0,0.43,70.0,0.46,90.0,0.42,75.0,0.47,175.0,0.41,220.0,0.48,90.0,0.4,502.07,0.49,72.54,0.39,253.0,0.5,231.0,0.54,90.0,0.59,220.0,0.53,175.0,0.6,502.07,0.52,90.0,0.61,253.0,0.51,72.54,0.62,293.0,0.5,231.0,0.63,379.0
2026-01-07 07:46:49.645000+00:00,2026-01-07 07:46:47.098267+00:00,109.645,0.415,0.41,0.42,0.585,0.58,0.59,150.0,5.0,5.0,150.0,0.4,437.07,0.43,90.0,0.39,304.0,0.44,162.0,0.38,414.0,0.45,192.0,0.37,379.0,0.46,100.0,0.36,423.0,0.47,85.0,0.57,90.0,0.6,437.07,0.56,138.0,0.61,304.0,0.55,192.0,0.62,414.0,0.54,100.0,0.63,379.0,0.53,85.0,0.64,423.0
2026-01-07 07:46:50.650000+00:00,2026-01-07 07:46:48.120959+00:00,110.65,0.425,0.42,0.43,0.575,0.57,0.58,150.0,5.0,50.0,40.0,0.41,228.13,0.44,114.0,0.4,456.07,0.45,240.0,0.39,316.0,0.46,100.0,0.38,414.0,0.47,85.0,0.37,379.0,0.48,102.0,0.56,114.0,0.59,298.13,0.55,240.0,0.6,456.07,0.54,100.0,0.61,316.0,0.53,85.0,0.62,414.0,0.52,102.0,0.63,379.0
2026-01-07 07:46:51.615000+00:00,2026-01-07 07:46:49.125403+00:00,111.615,0.425,0.42,0.43,0.575,0.57,0.58,3.27,90.0,90.0,3.27,0.41,389.13,0.44,116.0,0.4,456.07,0.45,245.0,0.39,316.0,0.46,170.0,0.38,414.0,0.47,155.0,0.37,379.0,0.48,172.0,0.56,116.0,0.59,389.13,0.55,245.0,0.6,456.07,0.54,170.0,0.61,316.0,0.53,155.0,0.62,414.0,0.52,172.0,0.63,379.0
2026-01-07 07:46:52.668000+00:00,2026-01-07 07:46:50.134722+00:00,112.668,0.42,0.41,0.43,0.58,0.57,0.59,389.04,95.0,90.0,389.04,0.4,456.07,0.44,181.0,0.39,316.0,0.45,315.0,0.38,414.0,0.46,170.0,0.37,379.0,0.47,155.0,0.36,423.0,0.48,172.0,0.56,181.0,0.6,456.07,0.55,279.0,0.61,316.0,0.54,170.0,0.62,414.0,0.53,155.0,0.63,379.0,0.52,172.0,0.64,423.0
2026-01-07 07:46:53.607000+00:00,2026-01-07 07:46:51.142437+00:00,113.607,0.415,0.41,0.42,0.585,0.58,0.59,320.08,9.13,9.13,320.08,0.4,492.07,0.43,196.0,0.39,328.0,0.44,205.0,0.38,426.0,0.45,255.0,0.37,374.0,0.46,170.0,0.36,423.0,0.47,167.0,0.57,196.0,0.6,497.07,0.56,205.0,0.61,333.0,0.55,255.0,0.62,426.0,0.54,170.0,0.63,374.0,0.53,167.0,0.64,423.0
2026-01-07 07:46:54.688000+00:00,2026-01-07 07:46:52.150222+00:00,114.688,0.415,0.41,0.42,0.585,0.58,0.59,304.57,4.13,4.13,304.57,0.4,461.07,0.43,102.0,0.39,321.0,0.44,217.0,0.38,386.0,0.45,267.0,0.37,374.0,0.46,170.0,0.36,423.0,0.47,155.0,0.57,90.0,0.6,419.07,0.56,229.0,0.61,452.0,0.55,267.0,0.62,386.0,0.54,170.0,0.63,374.0,0.53,155.0,0.64,423.0
2026-01-07 07:46:55.572000+00:00,2026-01-07 07:46:53.158533+00:00,115.572,0.415,0.41,0.42,0.585,0.58,0.59,283.48,74.13,74.13,283.48,0.4,402.07,0.43,105.0,0.39,459.0,0.44,229.0,0.38,386.0,0.45,267.0,0.37,374.0,0.46,170.0,0.36,423.0,0.47,155.0,0.57,105.0,0.6,402.07,0.56,229.0,0.61,459.0,0.55,267.0,0.62,386.0,0.54,170.0,0.63,374.0,0.53,155.0,0.64,423.0
2026-01-07 07:46:56.485000+00:00,2026-01-07 07:46:54.163621+00:00,116.485,0.415,0.41,0.42,0.585,0.58,0.59,274.8,79.13,79.13,274.8,0.4,402.07,0.43,139.0,0.39,459.0,0.44,193.0,0.38,386.0,0.45,255.0,0.37,374.0,0.46,170.0,0.36,423.0,0.47,167.0,0.57,139.0,0.6,402.07,0.56,193.0,0.61,459.0,0.55,255.0,0.62,386.0,0.54,170.0,0.63,374.0,0.53,167.0,0.64,423.0
2026-01-07 07:46:57.734000+00:00,2026-01-07 07:46:55.184324+00:00,117.734,0.415,0.41,0.42,0.585,0.58,0.59,268.1,79.13,127.13,268.1,0.4,303.0,0.43,208.0,0.39,528.0,0.44,157.0,0.38,386.0,0.45,255.0,0.37,386.0,0.46,182.0,0.36,428.0,0.47,155.0,0.57,196.0,0.6,303.0,0.56,157.0,0.61,528.0,0.55,255.0,0.62,398.0,0.54,182.0,0.63,374.0,0.53,155.0,0.64,440.0
2026-01-07 07:46:58.587000+00:00,2026-01-07 07:46:56.188541+00:00,118.587,0.415,0.41,0.42,0.585,0.58,0.59,261.63,127.13,127.13,259.93,0.4,303.0,0.43,196.0,0.39,528.0,0.44,157.0,0.38,410.0,0.45,255.0,0.37,374.0,0.46,182.0,0.36,435.0,0.47,155.0,0.57,196.0,0.6,303.0,0.56,157.0,0.61,528.0,0.55,255.0,0.62,410.0,0.54,182.0,0.63,374.0,0.53,155.0,0.64,435.0
2026-01-07 07:46:59.722000+00:00,2026-01-07 07:46:57.193195+00:00,119.722,0.415,0.41,0.42,0.585,0.58,0.59,306.93,72.04,77.04,311.93,0.4,389.0,0.43,237.0,0.39,435.0,0.44,169.0,0.38,423.0,0.45,255.0,0.37,386.0,0.46,170.0,0.36,374.0,0.47,167.0,0.57,232.0,0.6,381.0,0.56,169.0,0.61,450.0,0.55,255.0,0.62,423.0,0.54,170.0,0.63,386.0,0.53,167.0,0.64,374.0
2026-01-07 07:47:00.672000+00:00,2026-01-07 07:46:58.216195+00:00,120.672,0.415,0.41,0.42,0.585,0.58,0.59,282.42,77.04,77.04,282.42,0.4,426.0,0.43,160.0,0.39,399.0,0.44,229.0,0.38,435.0,0.45,267.0,0.37,374.0,0.46,170.0,0.36,374.0,0.47,155.0,0.57,70.0,0.6,426.0,0.56,229.0,0.61,399.0,0.55,276.09,0.62,435.0,0.54,170.0,0.63,374.0,0.53,155.0,0.64,374.0
2026-01-07 07:47:01.703000+00:00,2026-01-07 07:46:59.221987+00:00,121.703,0.415,0.41,0.42,0.585,0.58,0.59,282.42,77.04,77.04,280.72,0.4,379.0,0.43,145.0,0.39,435.0,0.44,229.0,0.38,435.0,0.45,303.36,0.37,374.0,0.46,170.0,0.36,374.0,0.47,155.0,0.57,145.0,0.6,379.0,0.56,229.0,0.61,435.0,0.55,308.96,0.62,435.0,0.54,170.0,0.63,374.0,0.53,155.0,0.64,379.0
2026-01-07 07:47:02.439000+00:00,2026-01-07 07:47:00.228333+00:00,122.439,0.415,0.41,0.42,0.585,0.58,0.59,275.95,77.04,77.04,275.95,0.4,379.0,0.43,145.0,0.39,435.0,0.44,229.0,0.38,435.0,0.45,308.96,0.37,374.0,0.46,170.0,0.36,379.0,0.47,155.0,0.57,145.0,0.6,379.0,0.56,229.0,0.61,435.0,0.55,308.96,0.62,435.0,0.54,170.0,0.63,374.0,0.53,155.0,0.64,379.0
2026-01-07 07:47:03.667000+00:00,2026-01-07 07:47:01.224996+00:00,123.667,0.415,0.41,0.42,0.585,0.58,0.59,251.95,77.04,77.04,251.95,0.4,445.0,0.43,169.0,0.39,394.0,0.44,217.0,0.38,435.0,0.45,296.96,0.37,374.0,0.46,170.0,0.36,374.0,0.47,167.0,0.57,169.0,0.6,445.0,0.56,217.0,0.61,394.0,0.55,296.96,0.62,435.0,0.54,170.0,0.63,374.0,0.53,167.0,0.64,374.0
2026-01-07 07:47:04.737000+00:00,2026-01-07 07:47:02.231308+00:00,124.737,0.415,0.41,0.42,0.585,0.58,0.59,256.95,77.04,2.04,453.95,0.4,445.0,0.43,124.0,0.39,394.0,0.44,217.0,0.38,435.0,0.45,296.96,0.37,374.0,0.46,170.0,0.36,374.0,0.47,167.0,0.57,35.0,0.6,446.0,0.56,115.0,0.61,406.0,0.55,308.96,0.62,423.0,0.54,170.0,0.63,374.0,0.53,155.0,0.64,404.0
2026-01-07 07:47:05.826000+00:00,2026-01-07 07:47:03.240796+00:00,125.826,0.435,0.43,0.44,0.565,0.56,0.57,274.06,45.0,45.0,578.06,0.42,479.0,0.45,181.96,0.41,285.95,0.46,60.0,0.4,483.0,0.47,64.0,0.39,464.0,0.48,105.0,0.38,389.0,0.49,27.54,0.55,181.96,0.58,574.0,0.54,55.0,0.59,433.95,0.53,40.0,0.6,539.0,0.52,50.0,0.61,499.0,0.51,42.54,0.62,424.0
2026-01-07 07:47:06.793000+00:00,2026-01-07 07:47:04.260744+00:00,126.793,0.495,0.49,0.5,0.505,0.5,0.51,78.62,156.25,156.25,40.4,0.48,138.0,0.51,239.99,0.47,272.67,0.52,135.0,0.46,355.0,0.53,164.78,0.45,430.0,0.54,155.0,0.44,361.0,0.55,160.0,0.49,239.99,0.52,138.0,0.48,135.0,0.53,322.67,0.47,164.78,0.54,355.0,0.46,155.0,0.55,430.0,0.45,160.0,0.56,361.0
2026-01-07 07:47:07.885000+00:00,2026-01-07 07:47:05.266860+00:00,127.885,0.47,0.46,0.48,0.535,0.53,0.54,298.0,81.0,12.0,298.0,0.45,331.0,0.49,162.85,0.44,385.0,0.5,99.25,0.43,504.07,0.51,135.0,0.42,384.0,0.52,147.0,0.41,370.95,0.53,152.78,0.52,201.0,0.55,355.0,0.51,67.85,0.56,385.0,0.5,99.25,0.57,504.07,0.49,135.0,0.58,384.0,0.48,147.0,0.59,370.95
2026-01-07 07:47:08.805000+00:00,2026-01-07 07:47:06.275432+00:00,128.805,0.46499999999999997,0.46,0.47,0.535,0.53,0.54,79.2,87.0,177.0,79.2,0.45,304.0,0.48,60.0,0.44,423.99,0.49,113.85,0.43,385.07,0.5,166.25,0.42,518.0,0.51,205.0,0.41,337.95,0.52,205.0,0.52,60.0,0.55,304.0,0.51,113.85,0.56,423.99,0.5,166.25,0.57,385.07,0.49,205.0,0.58,518.0,0.48,205.0,0.59,337.95
2026-01-07 07:47:09.760000+00:00,2026-01-07 07:47:07.280806+00:00,129.76,0.455,0.45,0.46,0.545,0.54,0.55,284.76,123.0,123.0,284.76,0.44,423.99,0.47,142.0,0.43,421.07,0.48,84.0,0.42,506.0,0.49,113.85,0.41,320.95,0.5,166.25,0.4,668.0,0.51,205.0,0.53,142.0,0.56,423.99,0.52,84.0,0.57,421.07,0.51,113.85,0.58,506.0,0.5,166.25,0.59,320.95,0.49,205.0,0.6,680.0
2026-01-07 07:47:10.828000+00:00,2026-01-07 07:47:08.283181+00:00,130.828,0.455,0.45,0.46,0.545,0.54,0.55,182.85,75.0,100.0,12.0,0.44,471.99,0.47,236.0,0.43,397.07,0.48,166.0,0.42,439.0,0.49,125.85,0.41,362.95,0.5,154.25,0.4,668.0,0.51,217.0,0.53,224.0,0.56,288.99,0.52,178.0,0.57,397.07,0.51,125.85,0.58,439.0,0.5,154.25,0.59,362.95,0.49,217.0,0.6,668.0
2026-01-07 07:47:11.841000+00:00,2026-01-07 07:47:09.300640+00:00,131.841,0.455,0.45,0.46,0.545,0.54,0.55,217.09,70.0,70.0,192.09,0.44,57.0,0.47,75.0,0.43,186.0,0.48,152.92,0.42,349.0,0.49,113.85,0.41,273.95,0.5,403.0,0.4,544.0,0.51,412.0,0.53,75.0,0.56,147.0,0.52,152.92,0.57,186.0,0.51,113.85,0.58,349.0,0.5,403.0,0.59,273.95,0.49,412.0,0.6,544.0
2026-01-07 07:47:12.498000+00:00,2026-01-07 07:47:10.300200+00:00,132.498,0.455,0.45,0.46,0.545,0.54,0.55,197.09,70.0,70.0,197.09,0.44,147.0,0.47,75.0,0.43,364.0,0.48,152.92,0.42,349.0,0.49,203.85,0.41,273.95,0.5,220.0,0.4,544.0,0.51,412.0,0.53,75.0,0.56,147.0,0.52,152.92,0.57,364.0,0.51,215.85,0.58,349.0,0.5,220.0,0.59,273.95,0.49,388.0,0.6,544.0
2026-01-07 07:47:13.839000+00:00,2026-01-07 07:47:11.320717+00:00,133.839,0.455,0.45,0.46,0.545,0.54,0.55,172.45,95.0,95.0,172.45,0.44,135.0,0.47,82.0,0.43,420.0,0.48,152.92,0.42,349.0,0.49,263.85,0.41,273.95,0.5,172.0,0.4,588.0,0.51,388.0,0.53,82.0,0.56,135.0,0.52,152.92,0.57,420.0,0.51,263.85,0.58,349.0,0.5,172.0,0.59,308.95,0.49,388.0,0.6,563.0
2026-01-07 07:47:14.763000+00:00,2026-01-07 07:47:12.320006+00:00,134.763,0.455,0.45,0.46,0.545,0.54,0.55,126.63,25.0,25.0,126.63,0.44,200.0,0.47,118.0,0.43,420.0,0.48,188.92,0.42,361.0,0.49,203.85,0.41,378.95,0.5,160.0,0.4,563.0,0.51,400.0,0.53,118.0,0.56,200.0,0.52,188.92,0.57,420.0,0.51,203.85,0.58,431.0,0.5,160.0,0.59,378.95,0.49,400.0,0.6,563.0
2026-01-07 07:47:15.866000+00:00,2026-01-07 07:47:13.341750+00:00,135.866,0.455,0.45,0.46,0.545,0.54,0.55,123.03,90.0,95.0,108.03,0.44,200.0,0.47,118.0,0.43,408.0,0.48,176.92,0.42,480.0,0.49,203.85,0.41,390.95,0.5,160.0,0.4,526.0,0.51,400.0,0.53,130.0,0.56,215.0,0.52,176.92,0.57,408.0,0.51,218.84,0.58,480.0,0.5,145.0,0.59,390.95,0.49,400.0,0.6,526.0
2026-01-07 07:47:16.866000+00:00,2026-01-07 07:47:14.349579+00:00,136.866,0.46499999999999997,0.46,0.47,0.535,0.53,0.54,114.8,154.0,209.18,5.0,0.45,38.03,0.48,152.92,0.44,162.0,0.49,218.84,0.43,456.0,0.5,157.0,0.42,468.0,0.51,388.0,0.41,390.95,0.52,388.0,0.52,115.0,0.55,108.03,0.51,218.84,0.56,162.0,0.5,145.0,0.57,408.0,0.49,388.0,0.58,468.0,0.48,388.0,0.59,378.95
2026-01-07 07:47:17.815000+00:00,2026-01-07 07:47:15.372736+00:00,137.815,0.46499999999999997,0.46,0.47,0.535,0.53,0.54,5.0,231.18,231.18,15.0,0.45,70.0,0.48,220.0,0.44,170.55,0.49,113.85,0.43,290.0,0.5,340.0,0.42,594.0,0.51,388.0,0.41,420.95,0.52,388.0,0.52,220.0,0.55,70.0,0.51,113.85,0.56,170.55,0.5,340.0,0.57,290.0,0.49,388.0,0.58,594.0,0.48,388.0,0.59,420.95
2026-01-07 07:47:18.897000+00:00,2026-01-07 07:47:16.378268+00:00,138.897,0.46499999999999997,0.46,0.47,0.535,0.53,0.54,15.0,197.18,192.18,15.0,0.45,100.0,0.48,292.0,0.44,224.81,0.49,113.85,0.43,266.0,0.5,328.0,0.42,570.0,0.51,400.0,0.41,397.95,0.52,388.0,0.52,292.0,0.55,185.0,0.51,113.85,0.56,175.0,0.5,328.0,0.57,266.0,0.49,400.0,0.58,570.0,0.48,388.0,0.59,397.95
2026-01-07 07:47:19.855000+00:00,2026-01-07 07:47:17.386269+00:00,139.855,0.45,0.44,0.46,0.55,0.54,0.56,244.81,98.68,98.68,244.81,0.43,266.0,0.47,147.0,0.42,570.0,0.48,292.0,0.41,397.95,0.49,113.85,0.4,536.0,0.5,328.0,0.39,384.0,0.51,400.0,0.53,147.0,0.57,266.0,0.52,292.0,0.58,570.0,0.51,113.85,0.59,397.95,0.5,328.0,0.6,536.0,0.49,400.0,0.61,384.0
2026-01-07 07:47:20.909000+00:00,2026-01-07 07:47:18.393930+00:00,140.909,0.455,0.45,0.46,0.545,0.54,0.55,151.0,5.0,5.0,148.76,0.44,144.0,0.47,192.18,0.43,266.0,0.48,202.0,0.42,570.0,0.49,113.85,0.41,397.95,0.5,351.82,0.4,536.0,0.51,400.0,0.53,192.18,0.56,139.0,0.52,202.0,0.57,266.0,0.51,113.85,0.58,480.0,0.5,168.82,0.59,397.95,0.49,400.0,0.6,536.0
2026-01-07 07:47:21.853000+00:00,2026-01-07 07:47:19.400267+00:00,141.853,0.46499999999999997,0.46,0.47,0.535,0.53,0.54,5.0,192.18,192.18,5.0,0.45,148.76,0.48,292.0,0.44,139.0,0.49,113.85,0.43,266.0,0.5,168.82,0.42,480.0,0.51,400.0,0.41,355.95,0.52,495.2,0.52,277.0,0.55,148.76,0.51,128.84,0.56,154.0,0.5,168.82,0.57,251.0,0.49,400.0,0.58,480.0,0.48,495.2,0.59,355.95
2026-01-07 07:47:22.953000+00:00,2026-01-07 07:47:20.407389+00:00,142.953,0.46499999999999997,0.46,0.47,0.535,0.53,0.54,5.0,185.18,185.18,5.0,0.45,172.76,0.48,241.0,0.44,130.0,0.49,176.84,0.43,263.0,0.5,168.82,0.42,480.0,0.51,388.0,0.41,355.95,0.52,507.2,0.52,241.0,0.55,148.76,0.51,128.84,0.56,115.0,0.5,168.82,0.57,266.0,0.49,388.0,0.58,468.0,0.48,495.2,0.59,343.95
2026-01-07 07:47:23.613000+00:00,2026-01-07 07:47:21.413725+00:00,143.613,0.46499999999999997,0.46,0.47,0.535,0.53,0.54,5.0,185.18,221.18,5.0,0.45,245.0,0.48,277.0,0.44,130.0,0.49,140.84,0.43,263.0,0.5,168.82,0.42,523.0,0.51,400.0,0.41,355.95,0.52,495.2,0.52,268.0,0.55,185.0,0.51,113.85,0.56,139.0,0.5,168.82,0.57,266.0,0.49,400.0,0.58,511.0,0.48,495.2,0.59,355.95
2026-01-07 07:47:24.894000+00:00,2026-01-07 07:47:22.422911+00:00,144.894,0.45999999999999996,0.45,0.47,0.535,0.53,0.54,185.0,216.18,196.18,5.0,0.44,180.0,0.48,268.0,0.43,266.0,0.49,113.85,0.42,564.0,0.5,168.82,0.41,355.95,0.51,400.0,0.4,536.0,0.52,495.2,0.52,253.0,0.55,185.0,0.51,128.84,0.56,190.0,0.5,168.82,0.57,251.0,0.49,400.0,0.58,564.0,0.48,495.2,0.59,355.95
2026-01-07 07:47:25.898000+00:00,2026-01-07 07:47:23.427935+00:00,145.898,0.46499999999999997,0.46,0.47,0.535,0.53,0.54,114.81,55.0,55.0,114.81,0.45,175.0,0.48,199.68,0.44,341.0,0.49,266.84,0.43,491.0,0.5,168.82,0.42,431.0,0.51,388.0,0.41,355.95,0.52,507.2,0.52,199.68,0.55,175.0,0.51,266.84,0.56,341.0,0.5,168.82,0.57,491.0,0.49,388.0,0.58,431.0,0.48,507.2,0.59,355.95
2026-01-07 07:47:26.965000+00:00,2026-01-07 07:47:24.438331+00:00,146.965,0.475,0.47,0.48,0.525,0.52,0.53,5.0,214.68,268.68,5.0,0.45,70.0,0.49,203.85,0.44,348.81,0.5,168.82,0.43,461.0,0.51,400.0,0.42,462.0,0.52,495.2,0.41,367.95,0.53,596.34,0.51,113.85,0.55,70.0,0.5,180.82,0.56,312.81,0.49,388.0,0.57,461.0,0.48,495.2,0.58,462.0,0.47,596.34,0.59,355.95
2026-01-07 07:47:27.947000+00:00,2026-01-07 07:47:25.443099+00:00,147.947,0.455,0.45,0.46,0.545,0.54,0.55,70.0,198.25,198.25,70.0,0.44,179.81,0.47,85.17,0.43,251.0,0.48,205.0,0.42,584.0,0.49,125.85,0.41,385.95,0.5,351.82,0.4,536.0,0.51,388.0,0.53,90.17,0.56,179.81,0.52,205.0,0.57,251.0,0.51,125.85,0.58,584.0,0.5,351.82,0.59,385.95,0.49,388.0,0.6,536.0
2026-01-07 07:47:29.969000+00:00,2026-01-07 07:47:27.472595+00:00,149.969,0.43,0.42,0.44,0.5700000000000001,0.56,0.58,133.55,90.0,115.0,133.55,0.41,191.0,0.45,117.0,0.4,306.0,0.46,177.0,0.39,391.0,0.47,303.18,0.38,438.0,0.48,298.0,0.37,424.0,0.49,308.85,0.55,132.0,0.59,176.0,0.54,162.0,0.6,251.0,0.53,303.18,0.61,391.0,0.52,298.0,0.62,438.0,0.51,308.85,0.63,424.0
2026-01-07 07:47:31.009000+00:00,2026-01-07 07:47:28.494194+00:00,151.009,0.425,0.42,0.43,0.575,0.57,0.58,114.55,14.76,14.76,114.55,0.41,188.0,0.44,158.0,0.4,263.0,0.45,166.0,0.39,415.0,0.46,220.0,0.38,398.0,0.47,303.18,0.37,436.0,0.48,310.0,0.56,158.0,0.59,188.0,0.55,166.0,0.6,263.0,0.54,220.0,0.61,374.0,0.53,303.18,0.62,438.0,0.52,310.0,0.63,436.0
2026-01-07 07:47:32.988000+00:00,2026-01-07 07:47:30.505117+00:00,152.988,0.415,0.41,0.42,0.585,0.58,0.59,79.81,5.0,5.0,79.81,0.4,332.86,0.43,256.76,0.39,332.0,0.44,232.0,0.38,384.0,0.45,115.0,0.37,525.0,0.46,298.0,0.36,408.0,0.47,310.0,0.57,256.76,0.6,332.86,0.56,232.0,0.61,332.0,0.55,115.0,0.62,384.0,0.54,298.0,0.63,525.0,0.53,310.0,0.64,408.0
2026-01-07 07:47:34.068000+00:00,2026-01-07 07:47:31.527822+00:00,154.068,0.415,0.41,0.42,0.585,0.58,0.59,79.81,5.0,10.0,79.81,0.4,332.86,0.43,256.76,0.39,332.0,0.44,232.0,0.38,379.0,0.45,115.0,0.37,525.0,0.46,298.0,0.36,408.0,0.47,310.0,0.57,256.76,0.6,332.86,0.56,142.0,0.61,332.0,0.55,115.0,0.62,379.0,0.54,298.0,0.63,525.0,0.53,310.0,0.64,408.0
2026-01-07 07:47:35.056000+00:00,2026-01-07 07:47:32.531802+00:00,155.056,0.415,0.41,0.42,0.585,0.58,0.59,9.81,193.0,193.0,9.81,0.4,374.91,0.43,216.76,0.39,247.0,0.44,127.0,0.38,324.0,0.45,327.0,0.37,450.0,0.46,298.0,0.36,437.0,0.47,310.0,0.57,216.76,0.6,374.91,0.56,127.0,0.61,252.0,0.55,327.0,0.62,324.0,0.54,298.0,0.63,401.0,0.53,310.0,0.64,437.0
2026-01-07 07:47:36.093000+00:00,2026-01-07 07:47:33.540427+00:00,156.093,0.415,0.41,0.42,0.59,0.58,0.6,79.81,104.76,189.76,224.91,0.4,192.86,0.43,206.0,0.39,226.0,0.44,178.0,0.38,321.0,0.45,388.0,0.37,441.0,0.46,298.0,0.36,386.0,0.47,310.0,0.57,151.0,0.61,226.0,0.56,178.0,0.62,321.0,0.55,388.0,0.63,441.0,0.54,298.0,0.64,386.0,0.53,310.0,0.65,419.9
2026-01-07 07:47:37.975000+00:00,2026-01-07 07:47:35.554902+00:00,157.975,0.415,0.41,0.42,0.585,0.58,0.59,101.55,89.76,89.76,101.55,0.4,250.86,0.43,182.0,0.39,296.0,0.44,202.0,0.38,391.0,0.45,393.0,0.37,453.0,0.46,298.0,0.36,374.0,0.47,310.0,0.57,182.0,0.6,271.53,0.56,202.0,0.61,296.0,0.55,393.0,0.62,391.0,0.54,298.0,0.63,453.0,0.53,310.0,0.64,374.0
2026-01-07 07:47:39.046000+00:00,2026-01-07 07:47:36.564118+00:00,159.046,0.415,0.41,0.42,0.585,0.58,0.59,89.55,89.76,89.76,89.55,0.4,247.53,0.43,242.0,0.39,332.0,0.44,142.0,0.38,379.0,0.45,388.0,0.37,441.0,0.46,298.0,0.36,398.0,0.47,310.0,0.57,242.0,0.6,247.53,0.56,142.0,0.61,332.0,0.55,388.0,0.62,379.0,0.54,298.0,0.63,441.0,0.53,310.0,0.64,398.0
2026-01-07 07:47:40.057000+00:00,2026-01-07 07:47:37.570893+00:00,160.057,0.415,0.41,0.42,0.585,0.58,0.59,89.55,89.76,89.76,89.55,0.4,247.53,0.43,230.0,0.39,332.0,0.44,142.0,0.38,379.0,0.45,388.0,0.37,441.0,0.46,298.0,0.36,398.0,0.47,310.0,0.57,218.0,0.6,247.53,0.56,154.0,0.61,332.0,0.55,388.0,0.62,379.0,0.54,298.0,0.63,441.0,0.53,310.0,0.64,398.0
2026-01-07 07:47:41.079000+00:00,2026-01-07 07:47:38.577695+00:00,161.079,0.415,0.41,0.42,0.585,0.58,0.59,159.55,87.18,84.76,164.55,0.4,247.53,0.43,218.0,0.39,332.0,0.44,166.0,0.38,379.0,0.45,388.0,0.37,441.0,0.46,298.0,0.36,398.0,0.47,310.0,0.57,218.0,0.6,242.53,0.56,261.0,0.61,332.0,0.55,298.0,0.62,379.0,0.54,298.0,0.63,441.0,0.53,310.0,0.64,398.0
2026-01-07 07:47:42.018000+00:00,2026-01-07 07:47:39.582227+00:00,162.018,0.415,0.41,0.42,0.585,0.58,0.59,164.55,14.76,14.76,164.55,0.4,242.53,0.43,218.0,0.39,332.0,0.44,261.0,0.38,196.0,0.45,298.0,0.37,441.0,0.46,298.0,0.36,398.0,0.47,310.0,0.57,218.0,0.6,242.53,0.56,261.0,0.61,332.0,0.55,298.0,0.62,196.0,0.54,298.0,0.63,441.0,0.53,310.0,0.64,398.0
2026-01-07 07:47:43.057000+00:00,2026-01-07 07:47:40.588060+00:00,163.057,0.415,0.41,0.42,0.585,0.58,0.59,85.74,114.76,114.76,85.74,0.4,263.84,0.43,151.0,0.39,332.0,0.44,273.0,0.38,196.0,0.45,298.0,0.37,441.0,0.46,303.0,0.36,398.0,0.47,310.0,0.57,151.0,0.6,263.84,0.56,273.0,0.61,332.0,0.55,298.0,0.62,196.0,0.54,303.0,0.63,441.0,0.53,310.0,0.64,398.0
2026-01-07 07:47:44.132000+00:00,2026-01-07 07:47:41.593929+00:00,164.132,0.415,0.41,0.42,0.59,0.58,0.6,3.3,109.99,114.99,232.08,0.4,263.84,0.43,156.0,0.39,332.0,0.44,244.0,0.38,196.0,0.45,298.0,0.37,441.0,0.46,303.0,0.36,398.0,0.47,310.0,0.57,202.0,0.61,317.0,0.56,217.0,0.62,211.0,0.55,298.0,0.63,441.0,0.54,303.0,0.64,398.0,0.53,310.0,0.65,433.9
2026-01-07 07:47:45.111000+00:00,2026-01-07 07:47:42.602118+00:00,165.111,0.405,0.4,0.41,0.595,0.59,0.6,232.08,14.99,14.99,232.08,0.39,332.0,0.42,170.0,0.38,196.0,0.43,187.0,0.37,441.0,0.44,232.0,0.36,398.0,0.45,298.0,0.35,433.9,0.46,298.0,0.58,170.0,0.61,332.0,0.57,187.0,0.62,196.0,0.56,232.0,0.63,441.0,0.55,298.0,0.64,398.0,0.54,298.0,0.65,433.9
2026-01-07 07:47:46.173000+00:00,2026-01-07 07:47:43.608723+00:00,166.173,0.415,0.41,0.42,0.565,0.56,0.57,95.0,70.0,170.0,12.0,0.4,409.77,0.43,5.0,0.39,439.0,0.44,170.0,0.38,379.0,0.45,205.0,0.37,389.0,0.46,385.0,0.36,409.0,0.47,310.0,0.55,205.0,0.58,114.31,0.54,385.0,0.59,85.0,0.53,310.0,0.6,409.77,0.52,283.0,0.61,439.0,0.51,356.85,0.62,379.0
2026-01-07 07:47:47.162000+00:00,2026-01-07 07:47:44.631181+00:00,167.162,0.445,0.44,0.45,0.555,0.55,0.56,15.0,190.0,90.0,99.31,0.43,112.0,0.46,117.0,0.42,133.0,0.47,325.0,0.41,236.0,0.48,283.0,0.4,531.77,0.49,356.85,0.39,439.0,0.5,423.82,0.54,100.0,0.57,45.0,0.53,142.0,0.58,60.0,0.52,283.0,0.59,358.0,0.51,356.85,0.6,592.77,0.5,411.82,0.61,374.0
2026-01-07 07:47:48.164000+00:00,2026-01-07 07:47:45.620423+00:00,168.164,0.455,0.45,0.46,0.545,0.54,0.55,20.0,95.0,95.0,122.0,0.44,148.31,0.47,120.0,0.43,72.0,0.48,69.0,0.42,115.0,0.49,356.85,0.41,473.0,0.5,411.82,0.4,604.77,0.51,400.0,0.52,104.99,0.56,64.0,0.51,313.84,0.57,288.0,0.5,353.82,0.58,358.0,0.49,388.0,0.59,419.0,0.48,495.2,0.6,629.77
2026-01-07 07:47:49.204000+00:00,2026-01-07 07:47:46.629235+00:00,169.204,0.46499999999999997,0.46,0.47,0.535,0.53,0.54,72.0,5.0,5.0,72.0,0.45,75.31,0.48,106.34,0.44,64.0,0.49,178.84,0.43,476.0,0.5,272.82,0.42,431.0,0.51,388.0,0.41,431.0,0.52,495.2,0.52,106.34,0.55,75.31,0.51,178.84,0.56,64.0,0.5,272.82,0.57,566.0,0.49,318.0,0.58,431.0,0.48,495.2,0.59,431.0
2026-01-07 07:47:50.178000+00:00,2026-01-07 07:47:47.649300+00:00,170.178,0.455,0.45,0.46,0.545,0.54,0.55,226.31,42.0,47.0,226.31,0.44,155.0,0.47,184.0,0.43,434.0,0.48,78.35,0.42,419.0,0.49,103.85,0.41,443.0,0.5,248.82,0.4,571.77,0.51,330.0,0.53,196.0,0.56,155.0,0.52,78.35,0.57,479.0,0.51,103.85,0.58,419.0,0.5,248.82,0.59,443.0,0.49,330.0,0.6,571.77
2026-01-07 07:47:51.012000+00:00,2026-01-07 07:47:48.657638+00:00,171.012,0.455,0.45,0.46,0.545,0.54,0.55,211.51,47.0,47.0,211.51,0.44,155.0,0.47,196.0,0.43,251.0,0.48,78.35,0.42,462.0,0.49,103.85,0.41,443.0,0.5,431.82,0.4,571.77,0.51,400.0,0.53,196.0,0.56,155.0,0.52,78.35,0.57,251.0,0.51,103.85,0.58,462.0,0.5,431.82,0.59,443.0,0.49,400.0,0.6,536.77
2026-01-07 07:47:52.157000+00:00,2026-01-07 07:47:49.663000+00:00,172.157,0.455,0.45,0.46,0.545,0.54,0.55,211.51,47.0,47.0,211.51,0.44,155.0,0.47,196.0,0.43,251.0,0.48,78.35,0.42,419.0,0.49,103.85,0.41,443.0,0.5,431.82,0.4,536.77,0.51,400.0,0.53,196.0,0.56,155.0,0.52,83.35,0.57,295.0,0.51,103.85,0.58,431.0,0.5,431.82,0.59,455.0,0.49,400.0,0.6,536.77
2026-01-07 07:47:53.168000+00:00,2026-01-07 07:47:50.671312+00:00,173.168,0.47,0.46,0.48,0.535,0.53,0.54,534.14,123.35,130.0,464.0,0.45,434.51,0.49,205.85,0.44,438.0,0.5,228.82,0.43,487.0,0.51,205.0,0.42,443.0,0.52,585.2,0.41,466.0,0.53,578.34,0.52,68.35,0.55,449.51,0.51,169.85,0.56,438.0,0.5,228.82,0.57,475.0,0.49,205.0,0.58,455.0,0.48,585.2,0.59,466.0
2026-01-07 07:47:54.224000+00:00,2026-01-07 07:47:51.691657+00:00,174.224,0.46499999999999997,0.46,0.47,0.535,0.53,0.54,464.0,125.0,100.0,464.0,0.45,461.51,0.48,104.35,0.44,438.0,0.49,215.85,0.43,431.0,0.5,228.82,0.42,547.0,0.51,205.0,0.41,466.0,0.52,597.2,0.52,128.35,0.55,461.51,0.51,215.85,0.56,438.0,0.5,228.82,0.57,431.0,0.49,205.0,0.58,535.0,0.48,597.2,0.59,466.0
2026-01-07 07:47:55.247000+00:00,2026-01-07 07:47:52.699393+00:00,175.247,0.46499999999999997,0.46,0.47,0.535,0.53,0.54,524.0,5.0,5.0,561.0,0.45,449.51,0.48,166.35,0.44,423.0,0.49,200.85,0.43,475.0,0.5,243.82,0.42,492.0,0.51,205.0,0.41,466.0,0.52,597.2,0.52,142.35,0.55,449.51,0.51,236.85,0.56,423.0,0.5,243.82,0.57,475.0,0.49,205.0,0.58,504.0,0.48,585.2,0.59,466.0
2026-01-07 07:47:56.253000+00:00,2026-01-07 07:47:53.708804+00:00,176.253,0.475,0.47,0.48,0.525,0.52,0.53,5.0,188.35,188.35,5.0,0.46,573.0,0.49,248.85,0.45,425.51,0.5,248.82,0.44,423.0,0.51,205.0,0.43,443.0,0.52,585.2,0.42,535.0,0.53,578.34,0.51,236.85,0.54,585.0,0.5,260.82,0.55,425.51,0.49,205.0,0.56,423.0,0.48,585.2,0.57,455.0,0.47,578.34,0.58,523.0
2026-01-07 07:47:57.182000+00:00,2026-01-07 07:47:54.712690+00:00,177.182,0.47,0.46,0.48,0.53,0.52,0.54,541.38,193.35,193.35,541.38,0.45,425.51,0.49,241.85,0.44,423.0,0.5,267.82,0.43,455.0,0.51,205.0,0.42,523.0,0.52,585.2,0.41,466.0,0.53,578.34,0.51,241.85,0.55,425.51,0.5,267.82,0.56,423.0,0.49,205.0,0.57,455.0,0.48,585.2,0.58,523.0,0.47,578.34,0.59,466.0
2026-01-07 07:47:58.254000+00:00,2026-01-07 07:47:55.721208+00:00,178.254,0.475,0.47,0.48,0.525,0.52,0.53,96.0,76.35,76.35,201.0,0.46,505.38,0.49,248.85,0.45,467.51,0.5,281.82,0.44,459.0,0.51,256.0,0.43,480.0,0.52,402.2,0.42,419.0,0.53,566.34,0.51,248.85,0.54,490.38,0.5,296.82,0.55,482.51,0.49,241.0,0.56,447.0,0.48,402.2,0.57,480.0,0.47,566.34,0.58,419.0
2026-01-07 07:47:59.267000+00:00,2026-01-07 07:47:56.724490+00:00,179.267,0.475,0.47,0.48,0.525,0.52,0.53,63.0,277.35,242.35,63.0,0.46,505.38,0.49,203.85,0.45,422.51,0.5,228.82,0.44,492.0,0.51,205.0,0.43,549.0,0.52,414.2,0.42,431.0,0.53,566.34,0.51,203.85,0.54,445.38,0.5,228.82,0.55,425.51,0.49,205.0,0.56,480.0,0.48,524.2,0.57,537.0,0.47,566.34,0.58,419.0
2026-01-07 07:48:00.040000+00:00,2026-01-07 07:47:57.743482+00:00,180.04,0.475,0.47,0.48,0.525,0.52,0.53,63.0,229.35,257.35,63.0,0.46,160.0,0.49,203.85,0.45,242.51,0.5,228.82,0.44,297.0,0.51,217.0,0.43,572.0,0.52,585.2,0.42,419.0,0.53,566.34,0.51,188.85,0.54,160.0,0.5,228.82,0.55,191.0,0.49,327.0,0.56,244.0,0.48,585.2,0.57,556.64,0.47,581.33,0.58,434.0
2026-01-07 07:48:01.286000+00:00,2026-01-07 07:47:58.749773+00:00,181.286,0.455,0.45,0.46,0.555,0.55,0.56,70.0,50.0,134.0,202.0,0.44,244.0,0.47,115.0,0.43,383.0,0.48,317.35,0.42,509.0,0.49,188.85,0.41,470.0,0.5,350.82,0.4,475.77,0.51,388.0,0.54,45.0,0.57,383.0,0.53,115.0,0.58,509.0,0.52,317.35,0.59,470.0,0.51,188.85,0.6,475.77,0.5,411.82,0.61,421.0
2026-01-07 07:48:02.282000+00:00,2026-01-07 07:47:59.755666+00:00,182.282,0.445,0.44,0.45,0.555,0.55,0.56,101.0,138.0,138.0,101.0,0.43,189.0,0.46,81.0,0.42,350.98,0.47,115.0,0.41,221.0,0.48,151.35,0.4,487.77,0.49,473.85,0.39,445.0,0.5,411.82,0.54,81.0,0.57,189.0,0.53,115.0,0.58,350.98,0.52,151.35,0.59,221.0,0.51,473.85,0.6,477.77,0.5,416.82,0.61,445.0
2026-01-07 07:48:03.363000+00:00,2026-01-07 07:48:00.761286+00:00,183.363,0.425,0.42,0.43,0.575,0.57,0.58,123.98,5.0,5.0,213.98,0.41,210.64,0.44,97.0,0.4,284.75,0.45,300.0,0.39,328.0,0.46,298.0,0.38,333.0,0.47,388.0,0.37,401.0,0.48,346.35,0.56,97.0,0.59,210.64,0.55,300.0,0.6,284.75,0.54,298.0,0.61,316.0,0.53,388.0,0.62,333.0,0.52,346.35,0.63,401.0
2026-01-07 07:48:04.315000+00:00,2026-01-07 07:48:01.765356+00:00,184.315,0.43,0.42,0.44,0.5700000000000001,0.56,0.58,170.31,108.65,108.65,170.31,0.41,210.64,0.45,288.0,0.4,289.75,0.46,298.0,0.39,328.0,0.47,388.0,0.38,333.0,0.48,346.35,0.37,401.0,0.49,371.85,0.55,358.0,0.59,210.64,0.54,298.0,0.6,289.75,0.53,388.0,0.61,328.0,0.52,346.35,0.62,333.0,0.51,371.85,0.63,401.0
2026-01-07 07:48:05.334000+00:00,2026-01-07 07:48:02.772211+00:00,185.334,0.425,0.42,0.43,0.575,0.57,0.58,175.31,5.0,125.0,95.33,0.41,210.64,0.44,133.65,0.4,242.75,0.45,358.0,0.39,369.0,0.46,298.0,0.38,333.0,0.47,388.0,0.37,401.0,0.48,346.35,0.56,69.65,0.59,121.0,0.55,298.0,0.6,239.77,0.54,298.0,0.61,364.0,0.53,388.0,0.62,336.0,0.52,334.35,0.63,389.0
2026-01-07 07:48:06.290000+00:00,2026-01-07 07:48:03.792553+00:00,186.29,0.41000000000000003,0.4,0.42,0.59,0.58,0.6,136.75,138.0,138.0,136.75,0.39,297.0,0.43,81.0,0.38,200.98,0.44,231.65,0.37,413.0,0.45,388.0,0.36,398.0,0.46,310.0,0.35,396.9,0.47,298.0,0.57,81.0,0.61,297.0,0.56,231.65,0.62,200.98,0.55,388.0,0.63,413.0,0.54,310.0,0.64,398.0,0.53,298.0,0.65,396.9
2026-01-07 07:48:07.333000+00:00,2026-01-07 07:48:04.801406+00:00,187.333,0.41000000000000003,0.4,0.42,0.575,0.57,0.58,172.75,90.0,75.0,68.62,0.39,170.0,0.43,175.0,0.38,183.0,0.44,304.65,0.37,230.0,0.45,388.0,0.36,386.0,0.46,298.0,0.35,384.9,0.47,310.0,0.56,392.65,0.59,80.0,0.55,388.0,0.6,148.75,0.54,298.0,0.61,147.0,0.53,298.0,0.62,183.0,0.52,319.35,0.63,206.0
2026-01-07 07:48:08.354000+00:00,2026-01-07 07:48:05.808051+00:00,188.354,0.43,0.42,0.44,0.5700000000000001,0.56,0.58,205.98,90.0,90.0,205.98,0.41,117.0,0.45,45.0,0.4,321.77,0.46,187.0,0.39,443.0,0.47,298.0,0.38,391.0,0.48,319.35,0.37,389.0,0.49,446.85,0.55,45.0,0.59,117.0,0.54,199.0,0.6,321.77,0.53,298.0,0.61,443.0,0.52,319.35,0.62,391.0,0.51,446.85,0.63,389.0
2026-01-07 07:48:09.304000+00:00,2026-01-07 07:48:06.813013+00:00,189.304,0.43,0.42,0.44,0.5700000000000001,0.56,0.58,205.98,90.0,90.0,193.98,0.41,102.0,0.45,57.0,0.4,336.77,0.46,81.0,0.39,443.0,0.47,298.0,0.38,391.0,0.48,409.35,0.37,389.0,0.49,368.85,0.55,57.0,0.59,102.0,0.54,81.0,0.6,324.77,0.53,298.0,0.61,431.0,0.52,409.35,0.62,391.0,0.51,368.85,0.63,389.0
2026-01-07 07:48:10.338000+00:00,2026-01-07 07:48:07.817518+00:00,190.338,0.43,0.42,0.44,0.5700000000000001,0.56,0.58,181.98,94.72,94.72,181.98,0.41,196.0,0.45,122.0,0.4,324.77,0.46,45.0,0.39,431.0,0.47,298.0,0.38,464.0,0.48,409.35,0.37,389.0,0.49,368.85,0.55,122.0,0.59,196.0,0.54,45.0,0.6,324.77,0.53,298.0,0.61,431.0,0.52,409.35,0.62,464.0,0.51,368.85,0.63,389.0
2026-01-07 07:48:11.363000+00:00,2026-01-07 07:48:08.840415+00:00,191.363,0.45,0.44,0.46,0.545,0.54,0.55,205.19,155.0,105.0,60.0,0.43,114.0,0.47,199.0,0.42,100.0,0.48,319.35,0.41,248.0,0.49,356.85,0.4,504.77,0.5,501.82,0.39,431.0,0.51,400.0,0.53,200.0,0.56,175.19,0.52,331.35,0.57,114.0,0.51,356.85,0.58,57.0,0.5,501.82,0.59,290.0,0.49,400.0,0.6,480.77
2026-01-07 07:48:12.386000+00:00,2026-01-07 07:48:09.847240+00:00,192.386,0.47,0.46,0.48,0.53,0.52,0.54,88.89,121.35,121.35,178.89,0.45,94.0,0.49,192.85,0.44,236.0,0.5,158.82,0.43,488.0,0.51,318.0,0.42,443.0,0.52,585.2,0.41,431.0,0.53,578.34,0.51,192.85,0.55,94.0,0.5,158.82,0.56,236.0,0.49,318.0,0.57,488.0,0.48,585.2,0.58,443.0,0.47,578.34,0.59,431.0
2026-01-07 07:48:13.455000+00:00,2026-01-07 07:48:10.837130+00:00,193.455,0.47,0.46,0.48,0.53,0.52,0.54,173.89,126.35,150.35,173.89,0.45,94.0,0.49,163.85,0.44,242.33,0.5,158.82,0.43,492.0,0.51,318.0,0.42,443.0,0.52,585.2,0.41,431.0,0.53,566.34,0.51,151.85,0.55,94.0,0.5,158.82,0.56,242.33,0.49,318.0,0.57,492.0,0.48,597.2,0.58,443.0,0.47,566.34,0.59,431.0
2026-01-07 07:48:14.300000+00:00,2026-01-07 07:48:11.841581+00:00,194.3,0.47,0.46,0.48,0.53,0.52,0.54,198.89,162.35,162.35,198.89,0.45,94.0,0.49,151.85,0.44,242.33,0.5,158.82,0.43,493.0,0.51,318.0,0.42,443.0,0.52,597.2,0.41,431.0,0.53,566.34,0.51,151.85,0.55,94.0,0.5,158.82,0.56,242.33,0.49,318.0,0.57,493.0,0.48,597.2,0.58,443.0,0.47,566.34,0.59,431.0
2026-01-07 07:48:15.277000+00:00,2026-01-07 07:48:12.846124+00:00,195.277,0.47,0.46,0.48,0.53,0.52,0.54,197.03,162.35,157.35,197.03,0.45,94.0,0.49,151.85,0.44,236.0,0.5,158.82,0.43,488.0,0.51,318.0,0.42,443.0,0.52,597.2,0.41,431.0,0.53,571.54,0.51,151.85,0.55,94.0,0.5,163.82,0.56,236.0,0.49,318.0,0.57,488.0,0.48,597.2,0.58,443.0,0.47,571.54,0.59,480.0
2026-01-07 07:48:16.394000+00:00,2026-01-07 07:48:13.870771+00:00,196.394,0.46499999999999997,0.46,0.47,0.535,0.53,0.54,108.19,100.0,187.0,108.19,0.45,55.0,0.48,126.35,0.44,289.98,0.49,108.85,0.43,463.0,0.5,163.82,0.42,443.0,0.51,335.2,0.41,480.0,0.52,590.4,0.52,196.35,0.55,55.0,0.51,173.85,0.56,301.98,0.5,233.82,0.57,419.0,0.49,405.2,0.58,443.0,0.48,590.4,0.59,480.0
2026-01-07 07:48:17.158000+00:00,2026-01-07 07:48:14.876251+00:00,197.158,0.46499999999999997,0.46,0.47,0.535,0.53,0.54,103.19,199.0,199.0,103.19,0.45,60.0,0.48,196.35,0.44,301.98,0.49,178.85,0.43,464.0,0.5,239.02,0.42,443.0,0.51,405.2,0.41,492.0,0.52,590.4,0.52,196.35,0.55,60.0,0.51,178.85,0.56,301.98,0.5,239.02,0.57,464.0,0.49,405.2,0.58,443.0,0.48,590.4,0.59,492.0
2026-01-07 07:48:18.357000+00:00,2026-01-07 07:48:15.899901+00:00,198.357,0.46499999999999997,0.46,0.47,0.535,0.53,0.54,103.19,199.0,99.0,148.19,0.45,60.0,0.48,196.35,0.44,301.98,0.49,184.05,0.43,464.0,0.5,239.02,0.42,455.0,0.51,405.2,0.41,480.0,0.52,590.4,0.52,236.35,0.55,45.0,0.51,184.05,0.56,301.98,0.5,239.02,0.57,464.0,0.49,405.2,0.58,455.0,0.48,590.4,0.59,480.0
2026-01-07 07:48:19.438000+00:00,2026-01-07 07:48:16.909910+00:00,199.438,0.46499999999999997,0.46,0.47,0.535,0.53,0.54,10.0,211.0,211.0,10.0,0.45,60.0,0.48,189.55,0.44,301.98,0.49,184.05,0.43,464.0,0.5,234.02,0.42,455.0,0.51,405.2,0.41,480.0,0.52,590.4,0.52,177.55,0.55,60.0,0.51,184.05,0.56,301.98,0.5,234.02,0.57,464.0,0.49,405.2,0.58,533.0,0.48,500.4,0.59,480.0
2026-01-07 07:48:20.248000+00:00,2026-01-07 07:48:17.918221+00:00,200.248,0.46499999999999997,0.46,0.47,0.535,0.53,0.54,10.0,223.0,123.0,70.0,0.45,66.33,0.48,177.55,0.44,396.98,0.49,274.05,0.43,464.0,0.5,234.02,0.42,443.0,0.51,405.2,0.41,492.0,0.52,500.4,0.52,232.55,0.55,51.33,0.51,274.05,0.56,396.98,0.5,234.02,0.57,464.0,0.49,405.2,0.58,443.0,0.48,500.4,0.59,492.0
2026-01-07 07:48:21.474000+00:00,2026-01-07 07:48:18.927211+00:00,201.474,0.455,0.45,0.46,0.545,0.54,0.55,60.0,14.0,19.0,60.0,0.44,346.71,0.47,197.0,0.43,464.0,0.48,207.2,0.42,455.0,0.49,184.05,0.41,480.0,0.5,234.02,0.4,477.77,0.51,405.2,0.53,82.0,0.56,346.71,0.52,268.55,0.57,464.0,0.51,274.05,0.58,455.0,0.5,234.02,0.59,480.0,0.49,405.2,0.6,477.77
2026-01-07 07:48:22.465000+00:00,2026-01-07 07:48:19.948438+00:00,202.465,0.455,0.45,0.46,0.545,0.54,0.55,27.57,19.0,19.0,117.57,0.44,353.04,0.47,106.0,0.43,468.0,0.48,232.55,0.42,457.0,0.49,184.05,0.41,492.0,0.5,234.02,0.4,512.77,0.51,405.2,0.53,118.0,0.56,385.04,0.52,232.55,0.57,468.0,0.51,184.05,0.58,457.0,0.5,234.02,0.59,492.0,0.49,495.2,0.6,512.77
2026-01-07 07:48:23.477000+00:00,2026-01-07 07:48:20.957264+00:00,203.477,0.455,0.45,0.46,0.545,0.54,0.55,117.57,19.0,19.0,117.57,0.44,446.04,0.47,118.0,0.43,469.0,0.48,232.55,0.42,457.0,0.49,184.05,0.41,492.0,0.5,239.02,0.4,512.77,0.51,312.2,0.53,118.0,0.56,446.04,0.52,232.55,0.57,469.0,0.51,184.05,0.58,457.0,0.5,239.02,0.59,492.0,0.49,312.2,0.6,512.77
2026-01-07 07:48:24.507000+00:00,2026-01-07 07:48:21.979234+00:00,204.507,0.485,0.48,0.49,0.515,0.51,0.52,301.0,80.0,80.0,391.0,0.47,498.0,0.5,128.82,0.46,361.0,0.51,220.0,0.45,517.57,0.52,341.2,0.44,495.73,0.53,388.34,0.43,462.0,0.54,155.0,0.5,128.82,0.53,390.0,0.49,225.0,0.54,361.0,0.48,341.2,0.55,437.57,0.47,383.34,0.56,481.73,0.46,155.0,0.57,434.0
2026-01-07 07:48:25.528000+00:00,2026-01-07 07:48:22.986893+00:00,205.528,0.485,0.48,0.49,0.515,0.51,0.52,238.65,190.0,75.0,283.65,0.47,411.0,0.5,197.82,0.46,403.0,0.51,150.0,0.45,413.57,0.52,257.2,0.44,481.73,0.53,395.34,0.43,465.0,0.54,155.0,0.5,267.82,0.53,501.0,0.49,150.0,0.54,417.0,0.48,257.2,0.55,413.57,0.47,485.34,0.56,481.73,0.46,155.0,0.57,465.0
2026-01-07 07:48:26.486000+00:00,2026-01-07 07:48:24.008483+00:00,206.486,0.485,0.48,0.49,0.515,0.51,0.52,283.65,34.0,34.0,283.65,0.47,454.0,0.5,303.82,0.46,463.0,0.51,150.0,0.45,413.57,0.52,257.2,0.44,481.73,0.53,485.34,0.43,453.0,0.54,155.0,0.5,303.82,0.53,454.0,0.49,150.0,0.54,463.0,0.48,257.2,0.55,413.57,0.47,485.34,0.56,481.73,0.46,155.0,0.57,453.0
2026-01-07 07:48:27.557000+00:00,2026-01-07 07:48:25.012812+00:00,207.557,0.485,0.48,0.49,0.515,0.51,0.52,209.06,220.0,237.0,181.61,0.47,409.0,0.5,255.82,0.46,319.0,0.51,342.0,0.45,401.57,0.52,449.2,0.44,464.71,0.53,595.34,0.43,466.0,0.54,277.0,0.5,365.82,0.53,409.0,0.49,342.0,0.54,304.0,0.48,449.2,0.55,304.0,0.47,595.34,0.56,383.0,0.46,282.2,0.57,409.0
2026-01-07 07:48:28.477000+00:00,2026-01-07 07:48:26.019287+00:00,208.477,0.455,0.45,0.46,0.545,0.54,0.55,77.78,144.0,144.0,75.96,0.44,94.0,0.47,163.0,0.43,265.0,0.48,127.0,0.42,361.0,0.49,125.0,0.41,471.0,0.5,438.82,0.4,511.77,0.51,493.0,0.53,163.0,0.56,94.0,0.52,127.0,0.57,264.0,0.51,125.0,0.58,361.0,0.5,438.82,0.59,471.0,0.49,493.0,0.6,511.77
2026-01-07 07:48:29.581000+00:00,2026-01-07 07:48:27.041137+00:00,209.581,0.45,0.44,0.46,0.555,0.55,0.56,94.0,146.0,10.0,94.0,0.43,235.0,0.47,163.0,0.42,403.0,0.48,120.0,0.41,346.0,0.49,120.0,0.4,501.77,0.5,438.82,0.39,404.0,0.51,498.2,0.54,210.0,0.57,190.0,0.53,127.0,0.58,434.0,0.52,120.0,0.59,346.0,0.51,120.0,0.6,536.77,0.5,438.82,0.61,426.0
2026-01-07 07:48:30.591000+00:00,2026-01-07 07:48:28.047576+00:00,210.591,0.445,0.44,0.45,0.56,0.55,0.57,6.33,195.0,158.0,5.0,0.43,5.0,0.46,242.0,0.42,15.0,0.47,237.0,0.41,136.0,0.48,303.0,0.4,472.77,0.49,398.2,0.39,334.0,0.5,432.02,0.54,254.0,0.58,15.0,0.53,298.0,0.59,15.0,0.52,393.0,0.6,247.77,0.51,308.2,0.61,390.0,0.5,432.02,0.62,423.0
2026-01-07 07:48:31.596000+00:00,2026-01-07 07:48:29.053589+00:00,211.596,0.425,0.42,0.43,0.575,0.57,0.58,15.0,192.0,144.0,15.0,0.41,20.0,0.44,115.0,0.4,106.77,0.45,115.0,0.39,193.0,0.46,320.0,0.38,349.0,0.47,303.2,0.37,468.0,0.48,308.2,0.56,115.0,0.59,50.0,0.55,115.0,0.6,136.77,0.54,308.0,0.61,151.0,0.53,303.2,0.62,349.0,0.52,308.2,0.63,444.0
2026-01-07 07:48:32.592000+00:00,2026-01-07 07:48:30.059097+00:00,212.592,0.42,0.41,0.43,0.575,0.57,0.58,80.97,113.02,5.0,35.0,0.4,153.77,0.44,115.0,0.39,216.0,0.45,294.3,0.38,423.0,0.46,313.2,0.37,366.0,0.47,303.2,0.36,363.0,0.48,308.2,0.56,197.0,0.59,68.97,0.55,258.3,0.6,141.77,0.54,313.2,0.61,204.0,0.53,303.2,0.62,423.0,0.52,308.2,0.63,354.0
2026-01-07 07:48:33.589000+00:00,2026-01-07 07:48:31.066399+00:00,213.589,0.435,0.43,0.44,0.565,0.56,0.57,155.75,70.0,70.0,155.75,0.42,54.0,0.45,70.0,0.41,356.97,0.46,195.0,0.4,497.77,0.47,375.0,0.39,416.0,0.48,320.2,0.38,379.0,0.49,293.2,0.55,70.0,0.58,54.0,0.54,195.0,0.59,356.97,0.53,370.0,0.6,497.77,0.52,320.2,0.61,416.0,0.51,293.2,0.62,379.0
2026-01-07 07:48:34.624000+00:00,2026-01-07 07:48:32.073712+00:00,214.624,0.435,0.43,0.44,0.565,0.56,0.57,155.75,70.0,70.0,155.75,0.42,54.0,0.45,70.0,0.41,266.97,0.46,200.0,0.4,497.77,0.47,346.0,0.39,555.0,0.48,308.2,0.38,379.0,0.49,383.2,0.55,70.0,0.58,54.0,0.54,236.0,0.59,254.97,0.53,346.0,0.6,509.77,0.52,308.2,0.61,555.0,0.51,383.2,0.62,379.0
2026-01-07 07:48:35.625000+00:00,2026-01-07 07:48:33.080044+00:00,215.625,0.435,0.43,0.44,0.565,0.56,0.57,131.75,70.0,70.0,126.75,0.42,175.0,0.45,99.0,0.41,376.97,0.46,255.0,0.4,516.77,0.47,303.2,0.39,567.0,0.48,308.2,0.38,379.0,0.49,383.2,0.55,99.0,0.58,175.0,0.54,255.0,0.59,437.97,0.53,120.2,0.6,516.77,0.52,125.2,0.61,567.0,0.51,383.2,0.62,379.0
2026-01-07 07:48:36.626000+00:00,2026-01-07 07:48:34.071521+00:00,216.626,0.445,0.44,0.45,0.555,0.55,0.56,47.0,73.81,24.0,47.0,0.43,101.75,0.46,255.0,0.42,175.0,0.47,120.2,0.41,437.97,0.48,125.2,0.4,565.77,0.49,383.2,0.39,518.0,0.5,429.02,0.54,255.0,0.57,101.75,0.53,120.2,0.58,175.0,0.52,125.2,0.59,437.97,0.51,383.2,0.6,565.77,0.5,429.02,0.61,518.0
2026-01-07 07:48:37.564000+00:00,2026-01-07 07:48:35.075082+00:00,217.564,0.455,0.45,0.46,0.545,0.54,0.55,5.0,194.6,182.6,5.0,0.44,38.0,0.47,62.2,0.43,141.75,0.48,55.2,0.42,287.0,0.49,383.2,0.41,449.97,0.5,429.02,0.4,553.77,0.51,393.2,0.53,74.2,0.56,108.0,0.52,55.2,0.57,165.75,0.51,383.2,0.58,275.0,0.5,429.02,0.59,437.97,0.49,393.2,0.6,553.77
2026-01-07 07:48:38.583000+00:00,2026-01-07 07:48:36.097032+00:00,218.583,0.455,0.45,0.46,0.545,0.54,0.55,50.98,139.22,139.22,50.98,0.44,100.0,0.47,98.2,0.43,282.75,0.48,55.2,0.42,262.0,0.49,383.2,0.41,449.97,0.5,417.02,0.4,553.77,0.51,405.2,0.53,98.2,0.56,100.0,0.52,55.2,0.57,282.75,0.51,383.2,0.58,262.0,0.5,417.02,0.59,449.97,0.49,405.2,0.6,553.77
2026-01-07 07:48:39.653000+00:00,2026-01-07 07:48:37.102963+00:00,219.653,0.455,0.45,0.46,0.545,0.54,0.55,133.98,24.0,24.0,153.98,0.44,100.0,0.47,180.2,0.43,298.75,0.48,72.2,0.42,369.0,0.49,313.2,0.41,461.97,0.5,347.02,0.4,541.77,0.51,335.2,0.53,180.2,0.56,124.0,0.52,84.2,0.57,274.75,0.51,313.2,0.58,369.0,0.5,347.02,0.59,449.97,0.49,335.2,0.6,541.77
2026-01-07 07:48:40.658000+00:00,2026-01-07 07:48:38.109159+00:00,220.658,0.46499999999999997,0.46,0.47,0.535,0.53,0.54,95.0,122.17,110.17,100.0,0.45,152.19,0.48,79.2,0.44,124.0,0.49,130.2,0.43,287.75,0.5,347.02,0.42,410.33,0.51,335.2,0.41,448.0,0.52,430.4,0.52,91.2,0.55,164.19,0.51,40.2,0.56,112.0,0.5,347.02,0.57,287.75,0.49,323.2,0.58,434.33,0.48,442.4,0.59,436.0
2026-01-07 07:48:41.684000+00:00,2026-01-07 07:48:39.133442+00:00,221.684,0.46499999999999997,0.46,0.47,0.53,0.52,0.54,130.0,54.17,10.2,508.91,0.45,259.13,0.48,141.2,0.44,127.0,0.49,64.2,0.43,167.75,0.5,437.02,0.42,434.33,0.51,323.2,0.41,436.0,0.52,442.4,0.51,34.2,0.55,560.13,0.5,553.19,0.56,355.0,0.49,323.2,0.57,340.75,0.48,430.4,0.58,459.33,0.47,513.54,0.59,436.0
2026-01-07 07:48:42.682000+00:00,2026-01-07 07:48:40.139947+00:00,222.682,0.485,0.48,0.49,0.515,0.51,0.52,356.91,5.0,5.0,356.91,0.47,463.0,0.5,128.82,0.46,428.0,0.51,220.0,0.45,484.13,0.52,266.2,0.44,414.0,0.53,373.34,0.43,436.75,0.54,175.0,0.5,128.82,0.53,463.0,0.49,220.0,0.54,428.0,0.48,266.2,0.55,484.13,0.47,373.34,0.56,414.0,0.46,175.0,0.57,436.75
2026-01-07 07:48:43.658000+00:00,2026-01-07 07:48:41.132323+00:00,223.658,0.495,0.49,0.5,0.505,0.5,0.51,131.76,58.82,58.82,131.76,0.48,375.0,0.51,220.0,0.47,404.0,0.52,314.2,0.46,450.0,0.53,313.34,0.45,461.13,0.54,175.0,0.44,451.0,0.55,283.3,0.49,220.0,0.52,375.0,0.48,326.2,0.53,404.0,0.47,313.34,0.54,462.0,0.46,175.0,0.55,461.13,0.45,283.3,0.56,451.0
2026-01-07 07:48:44.574000+00:00,2026-01-07 07:48:42.153321+00:00,224.574,0.495,0.49,0.5,0.505,0.5,0.51,131.76,58.82,58.82,131.76,0.48,333.0,0.51,304.0,0.47,446.0,0.52,247.2,0.46,416.0,0.53,313.34,0.45,482.13,0.54,175.0,0.44,475.0,0.55,295.3,0.49,304.0,0.52,333.0,0.48,247.2,0.53,446.0,0.47,313.34,0.54,416.0,0.46,175.0,0.55,482.13,0.45,295.3,0.56,475.0
2026-01-07 07:48:45.654000+00:00,2026-01-07 07:48:43.159102+00:00,225.654,0.495,0.49,0.5,0.505,0.5,0.51,196.76,58.82,58.82,191.76,0.48,333.0,0.51,304.0,0.47,446.0,0.52,242.2,0.46,462.0,0.53,313.34,0.45,437.13,0.54,175.0,0.44,475.0,0.55,365.3,0.49,304.0,0.52,333.0,0.48,242.2,0.53,446.0,0.47,313.34,0.54,462.0,0.46,175.0,0.55,437.13,0.45,365.3,0.56,475.0
2026-01-07 07:48:46.711000+00:00,2026-01-07 07:48:44.161233+00:00,226.711,0.505,0.5,0.51,0.495,0.49,0.5,235.08,105.0,30.0,301.99,0.49,560.76,0.52,212.2,0.48,428.0,0.53,408.5,0.47,431.0,0.54,186.0,0.46,534.0,0.55,233.0,0.45,447.13,0.56,75.0,0.48,212.2,0.51,602.76,0.47,313.34,0.52,428.0,0.46,216.0,0.53,431.0,0.45,233.0,0.54,499.0,0.44,75.0,0.55,661.13
2026-01-07 07:48:47.698000+00:00,2026-01-07 07:48:45.179758+00:00,227.698,0.525,0.52,0.53,0.475,0.47,0.48,266.8,238.34,238.34,266.8,0.51,497.65,0.54,236.0,0.5,437.99,0.55,143.0,0.49,451.0,0.56,165.0,0.48,438.0,0.57,75.0,0.47,451.0,0.58,92.3,0.46,236.0,0.49,497.65,0.45,143.0,0.5,422.99,0.44,165.0,0.51,451.0,0.43,75.0,0.52,438.0,0.42,92.3,0.53,451.0
2026-01-07 07:48:48.760000+00:00,2026-01-07 07:48:46.190791+00:00,228.76,0.525,0.52,0.53,0.475,0.47,0.48,266.8,248.34,248.34,266.8,0.51,497.67,0.54,260.0,0.5,422.99,0.55,107.0,0.49,451.0,0.56,80.0,0.48,438.0,0.57,165.0,0.47,451.0,0.58,92.3,0.46,272.0,0.49,497.67,0.45,107.0,0.5,422.99,0.44,80.0,0.51,451.0,0.43,165.0,0.52,438.0,0.42,92.3,0.53,451.0
2026-01-07 07:48:49.684000+00:00,2026-01-07 07:48:47.193282+00:00,229.684,0.525,0.52,0.53,0.475,0.47,0.48,266.8,248.34,248.34,280.8,0.51,497.67,0.54,272.0,0.5,422.99,0.55,121.0,0.49,451.0,0.56,80.0,0.48,438.0,0.57,165.0,0.47,451.0,0.58,92.3,0.46,272.0,0.49,497.67,0.45,121.0,0.5,422.99,0.44,80.0,0.51,451.0,0.43,165.0,0.52,438.0,0.42,92.3,0.53,451.0
2026-01-07 07:48:50.635000+00:00,2026-01-07 07:48:48.198677+00:00,230.635,0.525,0.52,0.53,0.475,0.47,0.48,260.8,244.6,1.6,250.8,0.51,483.67,0.54,272.0,0.5,422.99,0.55,121.0,0.49,451.0,0.56,75.0,0.48,438.0,0.57,170.3,0.47,451.0,0.58,162.3,0.46,272.0,0.49,483.67,0.45,121.0,0.5,422.99,0.44,75.0,0.51,451.0,0.43,170.3,0.52,438.0,0.42,162.3,0.53,451.0
2026-01-07 07:48:51.762000+00:00,2026-01-07 07:48:49.205777+00:00,231.762,0.535,0.53,0.54,0.46499999999999997,0.46,0.47,136.0,125.0,125.0,124.0,0.52,255.8,0.55,133.0,0.51,461.67,0.56,87.0,0.5,410.99,0.57,170.3,0.49,439.0,0.58,150.3,0.48,426.0,0.59,162.4,0.45,169.0,0.48,279.8,0.44,99.0,0.49,461.67,0.43,170.3,0.5,422.99,0.42,150.3,0.51,463.0,0.41,162.4,0.52,426.0
2026-01-07 07:48:52.752000+00:00,2026-01-07 07:48:50.226193+00:00,232.752,0.535,0.53,0.54,0.46499999999999997,0.46,0.47,269.0,4.44,4.44,269.0,0.52,250.13,0.55,210.0,0.51,401.67,0.56,87.0,0.5,434.99,0.57,237.0,0.49,451.0,0.58,145.0,0.48,414.0,0.59,150.4,0.45,210.0,0.48,250.13,0.44,87.0,0.49,401.67,0.43,237.0,0.5,434.99,0.42,145.0,0.51,451.0,0.41,150.4,0.52,414.0
2026-01-07 07:48:53.740000+00:00,2026-01-07 07:48:51.233523+00:00,233.74,0.535,0.53,0.54,0.46499999999999997,0.46,0.47,168.0,4.44,4.44,168.0,0.52,307.8,0.55,210.0,0.51,413.67,0.56,161.0,0.5,410.99,0.57,165.0,0.49,463.0,0.58,145.0,0.48,414.0,0.59,150.4,0.45,222.0,0.48,331.8,0.44,161.0,0.49,408.67,0.43,165.0,0.5,410.99,0.42,150.0,0.51,463.0,0.41,162.4,0.52,426.0
2026-01-07 07:48:54.802000+00:00,2026-01-07 07:48:52.241189+00:00,234.802,0.545,0.54,0.55,0.455,0.45,0.46,227.0,10.17,10.17,239.0,0.53,214.98,0.56,202.0,0.52,313.8,0.57,168.0,0.51,378.67,0.58,80.0,0.5,434.99,0.59,80.4,0.49,416.0,0.6,152.4,0.44,190.0,0.47,214.98,0.43,204.0,0.48,325.8,0.42,80.0,0.49,401.67,0.41,75.0,0.5,444.99,0.4,135.0,0.51,451.0
2026-01-07 07:48:55.786000+00:00,2026-01-07 07:48:53.249442+00:00,235.786,0.545,0.54,0.55,0.455,0.45,0.46,314.0,10.17,10.17,309.0,0.53,214.98,0.56,190.0,0.52,325.8,0.57,204.0,0.51,311.67,0.58,75.0,0.5,444.99,0.59,165.0,0.49,451.0,0.6,135.0,0.44,190.0,0.47,214.98,0.43,204.0,0.48,325.8,0.42,75.0,0.49,311.67,0.41,165.0,0.5,444.99,0.4,135.0,0.51,451.0
2026-01-07 07:48:56.802000+00:00,2026-01-07 07:48:54.257288+00:00,236.802,0.555,0.55,0.56,0.445,0.44,0.45,75.0,163.0,151.0,75.0,0.54,304.0,0.57,156.0,0.53,173.0,0.58,75.0,0.52,325.8,0.59,165.0,0.51,323.67,0.6,147.0,0.5,444.99,0.61,95.5,0.43,156.0,0.46,260.0,0.42,75.0,0.47,175.0,0.41,177.0,0.48,325.8,0.4,135.0,0.49,323.67,0.39,95.5,0.5,432.99
2026-01-07 07:48:57.714000+00:00,2026-01-07 07:48:55.264132+00:00,237.714,0.555,0.55,0.56,0.445,0.44,0.45,75.0,175.0,175.0,75.0,0.54,170.0,0.57,120.0,0.53,163.0,0.58,75.0,0.52,337.8,0.59,177.0,0.51,323.67,0.6,135.0,0.5,420.99,0.61,95.5,0.43,132.0,0.46,170.0,0.42,75.0,0.47,175.0,0.41,177.0,0.48,349.8,0.4,135.0,0.49,323.67,0.39,95.5,0.5,420.99
2026-01-07 07:48:58.755000+00:00,2026-01-07 07:48:56.289647+00:00,238.755,0.555,0.55,0.56,0.445,0.44,0.45,75.0,97.57,97.57,75.0,0.54,214.92,0.57,218.0,0.53,211.0,0.58,75.0,0.52,325.8,0.59,165.0,0.51,311.67,0.6,140.0,0.5,430.08,0.61,177.5,0.43,218.0,0.46,170.0,0.42,75.0,0.47,226.0,0.41,165.0,0.48,325.8,0.4,140.0,0.49,311.67,0.39,177.5,0.5,430.08
2026-01-07 07:48:59.597000+00:00,2026-01-07 07:48:57.292958+00:00,239.597,0.555,0.55,0.56,0.445,0.44,0.45,75.0,97.57,95.78,75.0,0.54,250.92,0.57,206.0,0.53,175.0,0.58,87.0,0.52,349.83,0.59,165.0,0.51,300.67,0.6,135.0,0.5,443.08,0.61,177.5,0.43,206.0,0.46,250.92,0.42,87.0,0.47,175.0,0.41,165.0,0.48,349.83,0.4,135.0,0.49,300.67,0.39,177.5,0.5,443.08
2026-01-07 07:49:00.841000+00:00,2026-01-07 07:48:58.308294+00:00,240.841,0.555,0.55,0.56,0.445,0.44,0.45,75.0,154.84,153.84,75.0,0.54,70.0,0.57,120.0,0.53,225.0,0.58,258.0,0.52,213.7,0.59,360.0,0.51,354.67,0.6,318.0,0.5,443.08,0.61,348.5,0.43,120.0,0.46,123.06,0.42,258.0,0.47,205.0,0.41,360.0,0.48,205.64,0.4,318.0,0.49,276.67,0.39,348.5,0.5,443.08
2026-01-07 07:49:01.862000+00:00,2026-01-07 07:48:59.315023+00:00,241.862,0.555,0.55,0.56,0.445,0.44,0.45,70.0,113.03,33.03,70.0,0.54,184.89,0.57,186.07,0.53,232.0,0.58,111.0,0.52,241.47,0.59,348.0,0.51,300.67,0.6,318.0,0.5,443.08,0.61,360.5,0.43,236.07,0.46,169.97,0.42,111.0,0.47,232.0,0.41,348.0,0.48,241.47,0.4,318.0,0.49,300.67,0.39,360.5,0.5,443.08
2026-01-07 07:49:02.897000+00:00,2026-01-07 07:49:00.338669+00:00,242.897,0.555,0.55,0.56,0.445,0.44,0.45,75.0,130.52,130.52,75.0,0.54,70.0,0.57,138.07,0.53,255.97,0.58,165.0,0.52,233.47,0.59,270.0,0.51,330.67,0.6,318.0,0.5,431.08,0.61,353.5,0.43,138.07,0.46,70.0,0.42,165.0,0.47,180.12,0.41,270.0,0.48,221.47,0.4,318.0,0.49,369.67,0.39,353.5,0.5,443.08
2026-01-07 07:49:03.892000+00:00,2026-01-07 07:49:01.346027+00:00,243.892,0.545,0.54,0.55,0.455,0.45,0.46,70.0,164.18,154.85,70.0,0.53,185.12,0.56,188.0,0.52,253.47,0.57,118.07,0.51,429.67,0.58,75.0,0.5,443.08,0.59,270.0,0.49,472.0,0.6,318.0,0.44,183.0,0.47,185.12,0.43,118.07,0.48,329.47,0.42,75.0,0.49,378.67,0.41,270.0,0.5,431.08,0.4,318.0,0.51,472.0
2026-01-07 07:49:04.916000+00:00,2026-01-07 07:49:02.371621+00:00,244.916,0.545,0.54,0.55,0.455,0.45,0.46,102.47,79.45,114.45,70.0,0.53,198.04,0.56,225.18,0.52,317.47,0.57,130.07,0.51,378.67,0.58,75.0,0.5,455.08,0.59,258.0,0.49,460.0,0.6,405.4,0.44,207.0,0.47,209.12,0.43,130.07,0.48,287.47,0.42,75.0,0.49,408.67,0.41,258.0,0.5,455.08,0.4,405.4,0.51,460.0
2026-01-07 07:49:05.919000+00:00,2026-01-07 07:49:03.377912+00:00,245.919,0.545,0.54,0.55,0.455,0.45,0.46,70.0,17.29,82.47,75.0,0.53,178.79,0.56,183.0,0.52,306.47,0.57,118.07,0.51,408.67,0.58,75.0,0.5,431.08,0.59,328.0,0.49,472.0,0.6,400.0,0.44,202.0,0.47,187.79,0.43,118.07,0.48,292.47,0.42,75.0,0.49,408.67,0.41,328.0,0.5,431.08,0.4,400.0,0.51,472.0
2026-01-07 07:49:06.913000+00:00,2026-01-07 07:49:04.385188+00:00,246.913,0.545,0.54,0.55,0.455,0.45,0.46,70.0,33.61,24.84,70.0,0.53,187.79,0.56,167.48,0.52,358.47,0.57,118.07,0.51,366.67,0.58,75.0,0.5,436.08,0.59,328.0,0.49,460.0,0.6,400.0,0.44,167.48,0.47,187.79,0.43,118.07,0.48,358.47,0.42,75.0,0.49,366.67,0.41,328.0,0.5,436.08,0.4,400.0,0.51,460.0
2026-01-07 07:49:07.854000+00:00,2026-01-07 07:49:05.391732+00:00,247.854,0.545,0.54,0.55,0.455,0.45,0.46,75.0,40.45,40.45,75.0,0.53,273.15,0.56,182.48,0.52,246.47,0.57,154.07,0.51,417.67,0.58,75.0,0.5,448.08,0.59,328.0,0.49,448.0,0.6,405.4,0.44,182.48,0.47,273.15,0.43,154.07,0.48,246.47,0.42,75.0,0.49,417.67,0.41,328.0,0.5,448.08,0.4,405.4,0.51,448.0
2026-01-07 07:49:08.916000+00:00,2026-01-07 07:49:06.398463+00:00,248.916,0.545,0.54,0.55,0.455,0.45,0.46,70.0,108.05,120.05,17.34,0.53,84.15,0.56,151.48,0.52,277.47,0.57,118.07,0.51,482.67,0.58,87.0,0.5,490.08,0.59,333.4,0.49,448.0,0.6,393.4,0.44,151.48,0.47,84.15,0.43,118.07,0.48,277.47,0.42,87.0,0.49,482.67,0.41,333.4,0.5,490.08,0.4,393.4,0.51,448.0
2026-01-07 07:49:09.839000+00:00,2026-01-07 07:49:07.406118+00:00,249.839,0.535,0.53,0.54,0.46499999999999997,0.46,0.47,84.15,50.0,50.0,84.15,0.52,334.47,0.55,74.5,0.51,408.67,0.56,199.48,0.5,431.08,0.57,123.37,0.49,448.0,0.58,80.3,0.48,436.0,0.59,345.4,0.45,74.5,0.48,334.47,0.44,199.48,0.49,408.67,0.43,123.37,0.5,431.08,0.42,80.3,0.51,448.0,0.41,345.4,0.52,436.0
2026-01-07 07:49:10.923000+00:00,2026-01-07 07:49:08.415347+00:00,250.923,0.525,0.52,0.53,0.475,0.47,0.48,317.17,5.0,5.0,317.17,0.51,422.67,0.54,57.0,0.5,431.08,0.55,98.5,0.49,448.0,0.56,233.48,0.48,424.0,0.57,193.37,0.47,648.0,0.58,333.3,0.46,57.0,0.49,422.67,0.45,98.5,0.5,431.08,0.44,233.48,0.51,448.0,0.43,193.37,0.52,424.0,0.42,333.3,0.53,648.0
2026-01-07 07:49:11.970000+00:00,2026-01-07 07:49:09.421429+00:00,251.97,0.525,0.52,0.53,0.475,0.47,0.48,92.47,206.0,198.81,31.19,0.5,15.0,0.54,205.0,0.49,321.0,0.55,357.5,0.48,190.0,0.56,319.78,0.47,366.0,0.57,376.37,0.46,354.0,0.58,333.3,0.46,217.0,0.5,15.0,0.45,277.5,0.51,357.0,0.44,319.78,0.52,178.0,0.43,388.37,0.53,366.0,0.42,333.3,0.54,366.0
2026-01-07 07:49:12.952000+00:00,2026-01-07 07:49:10.428012+00:00,252.952,0.525,0.52,0.53,0.475,0.47,0.48,10.87,198.81,198.81,15.87,0.51,11.33,0.54,217.0,0.5,20.0,0.55,282.8,0.49,357.0,0.56,319.78,0.48,166.0,0.57,388.37,0.47,366.0,0.58,333.3,0.46,217.0,0.49,6.33,0.45,282.8,0.5,20.0,0.44,319.78,0.51,357.0,0.43,388.37,0.52,166.0,0.42,333.3,0.53,366.0
2026-01-07 07:49:13.786000+00:00,2026-01-07 07:49:11.450435+00:00,253.786,0.525,0.52,0.53,0.475,0.47,0.48,10.87,198.81,198.81,10.87,0.51,6.33,0.54,227.2,0.5,34.0,0.55,287.8,0.49,296.0,0.56,319.78,0.48,256.0,0.57,388.37,0.47,366.0,0.58,333.3,0.46,227.2,0.49,6.33,0.45,287.8,0.5,34.0,0.44,319.78,0.51,296.0,0.43,388.37,0.52,261.0,0.42,333.3,0.53,366.0
2026-01-07 07:49:14.704000+00:00,2026-01-07 07:49:12.458771+00:00,254.704,0.525,0.52,0.53,0.475,0.47,0.48,2.13,198.81,198.81,2.13,0.51,5.0,0.54,227.2,0.5,24.0,0.55,287.8,0.49,272.0,0.56,319.78,0.48,261.0,0.57,388.37,0.47,436.0,0.58,333.3,0.46,227.2,0.49,5.0,0.45,287.8,0.5,24.0,0.44,319.78,0.51,272.0,0.43,388.37,0.52,261.0,0.42,333.3,0.53,436.0
2026-01-07 07:49:16.963000+00:00,2026-01-07 07:49:14.474595+00:00,256.963,0.495,0.49,0.5,0.505,0.5,0.51,65.0,45.0,45.0,65.0,0.48,115.0,0.51,30.0,0.47,329.71,0.52,412.2,0.46,185.0,0.53,347.12,0.45,360.66,0.54,331.52,0.44,339.0,0.55,287.8,0.49,30.0,0.52,115.0,0.48,412.2,0.53,329.71,0.47,347.12,0.54,185.0,0.46,331.52,0.55,360.66,0.45,287.8,0.56,339.0
2026-01-07 07:49:17.868000+00:00,2026-01-07 07:49:15.498426+00:00,257.868,0.495,0.49,0.5,0.505,0.5,0.51,63.97,50.2,50.2,68.97,0.48,115.0,0.51,35.2,0.47,334.71,0.52,412.2,0.46,136.0,0.53,347.12,0.45,360.66,0.54,331.52,0.44,339.0,0.55,287.8,0.49,35.2,0.52,115.0,0.48,412.2,0.53,282.71,0.47,347.12,0.54,182.0,0.46,331.52,0.55,360.66,0.45,287.8,0.56,339.0
2026-01-07 07:49:18.956000+00:00,2026-01-07 07:49:16.502114+00:00,258.956,0.495,0.49,0.5,0.505,0.5,0.51,53.0,50.2,50.2,53.0,0.48,127.0,0.51,124.2,0.47,252.71,0.52,429.2,0.46,229.0,0.53,347.12,0.45,360.66,0.54,295.52,0.44,339.0,0.55,287.8,0.49,124.2,0.52,127.0,0.48,441.2,0.53,252.71,0.47,335.12,0.54,229.0,0.46,295.52,0.55,360.66,0.45,287.8,0.56,339.0
2026-01-07 07:49:19.736000+00:00,2026-01-07 07:49:17.505813+00:00,259.736,0.495,0.49,0.5,0.505,0.5,0.51,39.0,50.2,50.2,27.0,0.48,151.0,0.51,124.2,0.47,252.71,0.52,453.2,0.46,183.0,0.53,323.12,0.45,405.66,0.54,295.52,0.44,304.0,0.55,287.8,0.49,160.2,0.52,139.0,0.48,417.2,0.53,276.71,0.47,323.12,0.54,183.0,0.46,295.52,0.55,417.66,0.45,299.8,0.56,304.0
2026-01-07 07:49:21.853000+00:00,2026-01-07 07:49:19.521167+00:00,261.853,0.495,0.49,0.5,0.505,0.5,0.51,15.0,142.84,142.84,15.0,0.48,141.0,0.51,203.2,0.47,291.71,0.52,398.2,0.46,221.0,0.53,299.12,0.45,372.66,0.54,295.52,0.44,398.85,0.55,299.8,0.49,203.2,0.52,141.0,0.48,398.2,0.53,291.71,0.47,299.12,0.54,221.0,0.46,295.52,0.55,372.66,0.45,299.8,0.56,398.85
2026-01-07 07:49:23.042000+00:00,2026-01-07 07:49:20.528218+00:00,263.042,0.495,0.49,0.5,0.505,0.5,0.51,15.0,268.82,268.82,15.0,0.48,115.0,0.51,158.2,0.47,212.71,0.52,303.2,0.46,166.0,0.53,299.12,0.45,507.66,0.54,307.52,0.44,398.85,0.55,287.8,0.49,158.2,0.52,115.0,0.48,303.2,0.53,212.71,0.47,299.12,0.54,166.0,0.46,307.52,0.55,507.66,0.45,287.8,0.56,398.85
2026-01-07 07:49:24.083000+00:00,2026-01-07 07:49:21.534264+00:00,264.083,0.495,0.49,0.5,0.505,0.5,0.51,10.0,318.52,312.12,10.0,0.48,120.0,0.51,110.2,0.47,150.71,0.52,303.2,0.46,202.0,0.53,311.12,0.45,462.66,0.54,295.52,0.44,422.85,0.55,287.8,0.49,110.2,0.52,120.0,0.48,303.2,0.53,150.71,0.47,311.12,0.54,202.0,0.46,295.52,0.55,507.66,0.45,287.8,0.56,427.85
2026-01-07 07:49:25.087000+00:00,2026-01-07 07:49:22.558224+00:00,265.087,0.495,0.49,0.5,0.505,0.5,0.51,10.0,290.85,184.0,10.0,0.48,115.0,0.51,110.2,0.47,165.99,0.52,303.2,0.46,180.0,0.53,299.12,0.45,495.66,0.54,295.52,0.44,415.85,0.55,287.8,0.49,146.2,0.52,115.0,0.48,303.2,0.53,201.99,0.47,299.12,0.54,192.0,0.46,307.52,0.55,507.66,0.45,287.8,0.56,415.85
2026-01-07 07:49:26.982000+00:00,2026-01-07 07:49:24.572295+00:00,266.982,0.495,0.49,0.5,0.505,0.5,0.51,15.0,242.86,228.79,15.0,0.48,127.0,0.51,194.2,0.47,203.99,0.52,303.2,0.46,202.0,0.53,284.12,0.45,474.66,0.54,295.52,0.44,386.85,0.55,299.8,0.49,194.2,0.52,127.0,0.48,303.2,0.53,203.99,0.47,284.12,0.54,202.0,0.46,295.52,0.55,474.66,0.45,299.8,0.56,386.85
2026-01-07 07:49:28.121000+00:00,2026-01-07 07:49:25.577265+00:00,268.121,0.495,0.49,0.5,0.505,0.5,0.51,15.0,211.93,211.93,15.0,0.48,115.0,0.51,122.2,0.47,191.99,0.52,303.2,0.46,202.0,0.53,284.12,0.45,474.66,0.54,307.52,0.44,410.85,0.55,287.8,0.49,122.2,0.52,115.0,0.48,303.2,0.53,177.99,0.47,284.12,0.54,216.0,0.46,307.52,0.55,474.66,0.45,287.8,0.56,410.85
2026-01-07 07:49:29.068000+00:00,2026-01-07 07:49:26.584022+00:00,269.068,0.495,0.49,0.5,0.505,0.5,0.51,15.0,151.93,151.93,15.0,0.48,115.0,0.51,182.2,0.47,215.99,0.52,303.2,0.46,178.0,0.53,284.12,0.45,531.66,0.54,307.52,0.44,403.85,0.55,287.8,0.49,182.2,0.52,115.0,0.48,303.2,0.53,215.99,0.47,284.12,0.54,178.0,0.46,307.52,0.55,531.66,0.45,287.8,0.56,403.85
2026-01-07 07:49:30.955000+00:00,2026-01-07 07:49:28.614182+00:00,270.955,0.495,0.49,0.5,0.505,0.5,0.51,15.0,114.93,114.93,15.0,0.48,127.0,0.51,365.2,0.47,96.28,0.52,405.2,0.46,159.0,0.53,284.12,0.45,246.66,0.54,295.52,0.44,203.85,0.55,299.8,0.49,365.2,0.52,127.0,0.48,405.2,0.53,96.28,0.47,284.12,0.54,159.0,0.46,295.52,0.55,246.66,0.45,299.8,0.56,203.85
2026-01-07 07:49:31.681000+00:00,2026-01-07 07:49:29.642349+00:00,271.681,0.495,0.49,0.5,0.505,0.5,0.51,15.0,126.93,112.93,15.0,0.48,115.0,0.51,365.2,0.47,108.28,0.52,393.2,0.46,135.0,0.53,284.12,0.45,258.66,0.54,307.52,0.44,215.85,0.55,287.8,0.49,365.2,0.52,115.0,0.48,393.2,0.53,96.28,0.47,284.12,0.54,147.0,0.46,307.52,0.55,201.66,0.45,287.8,0.56,215.85
2026-01-07 07:49:32.961000+00:00,2026-01-07 07:49:30.648378+00:00,272.961,0.495,0.49,0.5,0.505,0.5,0.51,15.0,112.93,112.93,15.0,0.48,115.0,0.51,365.2,0.47,96.28,0.52,393.2,0.46,161.0,0.53,284.12,0.45,213.66,0.54,307.52,0.44,215.85,0.55,287.8,0.49,365.2,0.52,115.0,0.48,393.2,0.53,96.28,0.47,284.12,0.54,161.0,0.46,307.52,0.55,213.66,0.45,287.8,0.56,215.85
2026-01-07 07:49:34.214000+00:00,2026-01-07 07:49:31.668963+00:00,274.214,0.495,0.49,0.5,0.52,0.51,0.53,6.44,435.93,115.56,20.28,0.47,20.28,0.51,300.2,0.46,163.0,0.52,303.2,0.45,130.66,0.53,417.12,0.44,149.83,0.54,416.52,0.43,12.0,0.55,418.64,0.5,525.93,0.54,163.0,0.49,305.2,0.55,130.66,0.48,303.2,0.56,149.83,0.47,417.12,0.57,12.0,0.46,416.52,0.58,213.0
2026-01-07 07:49:35.216000+00:00,2026-01-07 07:49:32.676106+00:00,275.216,0.46499999999999997,0.46,0.47,0.535,0.53,0.54,135.0,5.0,17.0,110.0,0.45,116.66,0.48,325.73,0.44,24.85,0.49,352.55,0.43,68.0,0.5,307.93,0.42,170.0,0.51,378.2,0.41,136.0,0.52,288.2,0.52,327.73,0.55,206.66,0.51,374.55,0.56,36.85,0.5,295.93,0.57,68.0,0.49,378.2,0.58,170.0,0.48,288.2,0.59,136.0
2026-01-07 07:49:36.865000+00:00,2026-01-07 07:49:34.679022+00:00,276.865,0.46499999999999997,0.46,0.47,0.535,0.53,0.54,105.9,5.0,5.0,105.9,0.45,206.66,0.48,139.73,0.44,60.85,0.49,413.65,0.43,56.0,0.5,283.93,0.42,145.0,0.51,378.2,0.41,401.0,0.52,288.2,0.52,139.73,0.55,206.66,0.51,413.65,0.56,60.85,0.5,283.93,0.57,56.0,0.49,378.2,0.58,145.0,0.48,288.2,0.59,401.0
2026-01-07 07:49:38.150000+00:00,2026-01-07 07:49:35.701502+00:00,278.15,0.46499999999999997,0.46,0.47,0.535,0.53,0.54,105.9,75.0,75.0,145.9,0.45,203.53,0.48,245.73,0.44,24.85,0.49,377.65,0.43,80.0,0.5,283.93,0.42,157.0,0.51,378.2,0.41,450.0,0.52,288.2,0.52,115.73,0.55,173.53,0.51,339.65,0.56,12.85,0.5,311.93,0.57,44.0,0.49,288.2,0.58,121.0,0.48,288.2,0.59,438.0
2026-01-07 07:49:39.216000+00:00,2026-01-07 07:49:36.725053+00:00,279.216,0.46499999999999997,0.46,0.47,0.535,0.53,0.54,235.9,75.0,68.61,235.9,0.45,95.53,0.48,103.73,0.44,48.85,0.49,418.09,0.43,202.0,0.5,321.93,0.42,133.0,0.51,288.2,0.41,438.0,0.52,378.2,0.52,103.73,0.55,95.53,0.51,418.09,0.56,48.85,0.5,321.93,0.57,202.0,0.49,288.2,0.58,133.0,0.48,378.2,0.59,438.0
2026-01-07 07:49:40.261000+00:00,2026-01-07 07:49:37.744322+00:00,280.261,0.48,0.47,0.49,0.52,0.51,0.53,184.98,303.34,303.34,184.98,0.46,276.0,0.5,225.93,0.45,177.53,0.51,218.2,0.44,106.85,0.52,313.2,0.43,259.0,0.53,214.12,0.42,218.0,0.54,225.52,0.5,225.93,0.54,276.0,0.49,218.2,0.55,177.53,0.48,313.2,0.56,94.85,0.47,214.12,0.57,259.0,0.46,225.52,0.58,218.0
2026-01-07 07:49:41.256000+00:00,2026-01-07 07:49:38.751606+00:00,281.256,0.485,0.48,0.49,0.515,0.51,0.52,275.0,35.0,35.0,250.0,0.47,183.0,0.5,235.18,0.46,215.0,0.51,230.2,0.45,168.53,0.52,349.2,0.44,109.85,0.53,214.12,0.43,251.0,0.54,225.52,0.5,235.18,0.53,188.0,0.49,230.2,0.54,215.0,0.48,349.2,0.55,168.53,0.47,214.12,0.56,109.85,0.46,225.52,0.57,251.0
2026-01-07 07:49:42.222000+00:00,2026-01-07 07:49:39.756309+00:00,282.222,0.485,0.48,0.49,0.515,0.51,0.52,190.0,20.0,20.0,190.0,0.47,171.0,0.5,244.18,0.46,215.0,0.51,259.2,0.45,168.53,0.52,349.2,0.44,109.85,0.53,214.12,0.43,250.0,0.54,225.52,0.5,244.18,0.53,219.0,0.49,271.2,0.54,239.0,0.48,308.2,0.55,168.53,0.47,214.12,0.56,109.85,0.46,225.52,0.57,250.0
2026-01-07 07:49:43.317000+00:00,2026-01-07 07:49:40.771505+00:00,283.317,0.485,0.48,0.49,0.515,0.51,0.52,186.5,20.0,20.0,186.5,0.47,153.0,0.5,304.18,0.46,293.0,0.51,247.2,0.45,173.53,0.52,308.2,0.44,102.85,0.53,214.12,0.43,262.0,0.54,225.52,0.5,316.18,0.53,153.0,0.49,247.2,0.54,305.0,0.48,308.2,0.55,173.53,0.47,214.12,0.56,102.85,0.46,225.52,0.57,262.0
2026-01-07 07:49:44.228000+00:00,2026-01-07 07:49:41.779281+00:00,284.228,0.485,0.48,0.49,0.515,0.51,0.52,184.46,20.0,20.0,184.46,0.47,219.0,0.5,249.72,0.46,239.0,0.51,319.2,0.45,173.53,0.52,308.2,0.44,114.85,0.53,214.12,0.43,250.0,0.54,225.52,0.5,249.72,0.53,219.0,0.49,319.2,0.54,239.0,0.48,308.2,0.55,173.53,0.47,214.12,0.56,114.85,0.46,225.52,0.57,250.0
2026-01-07 07:49:45.345000+00:00,2026-01-07 07:49:42.787543+00:00,285.345,0.485,0.48,0.49,0.515,0.51,0.52,184.46,20.0,20.0,184.46,0.47,165.0,0.5,309.72,0.46,293.0,0.51,259.2,0.45,168.53,0.52,218.2,0.44,109.85,0.53,304.12,0.43,250.0,0.54,225.52,0.5,309.72,0.53,153.0,0.49,259.2,0.54,293.0,0.48,218.2,0.55,168.53,0.47,304.12,0.56,97.85,0.46,225.52,0.57,250.0
2026-01-07 07:49:46.333000+00:00,2026-01-07 07:49:43.788736+00:00,286.333,0.485,0.48,0.49,0.515,0.51,0.52,184.46,20.0,20.0,184.46,0.47,153.0,0.5,321.72,0.46,305.0,0.51,247.2,0.45,168.53,0.52,218.2,0.44,97.85,0.53,304.12,0.43,262.0,0.54,230.52,0.5,321.72,0.53,153.0,0.49,247.2,0.54,305.0,0.48,218.2,0.55,168.53,0.47,304.12,0.56,97.85,0.46,230.52,0.57,262.0
2026-01-07 07:49:47.016000+00:00,2026-01-07 07:49:44.794582+00:00,287.016,0.485,0.48,0.49,0.515,0.51,0.52,184.46,20.0,34.0,184.46,0.47,153.0,0.5,321.72,0.46,305.0,0.51,247.2,0.45,168.53,0.52,218.2,0.44,97.85,0.53,304.12,0.43,262.0,0.54,225.52,0.5,307.72,0.53,139.0,0.49,235.2,0.54,319.0,0.48,218.2,0.55,168.53,0.47,304.12,0.56,97.85,0.46,225.52,0.57,262.0
2026-01-07 07:49:48.307000+00:00,2026-01-07 07:49:45.801324+00:00,288.307,0.485,0.48,0.49,0.515,0.51,0.52,184.46,20.0,34.0,184.46,0.47,139.0,0.5,321.72,0.46,319.0,0.51,247.2,0.45,168.53,0.52,218.2,0.44,97.85,0.53,304.12,0.43,262.0,0.54,225.52,0.5,307.72,0.53,139.0,0.49,247.2,0.54,319.0,0.48,218.2,0.55,168.53,0.47,304.12,0.56,97.85,0.46,225.52,0.57,262.0
2026-01-07 07:49:49.359000+00:00,2026-01-07 07:49:46.823058+00:00,289.359,0.46499999999999997,0.46,0.47,0.535,0.53,0.54,20.0,95.0,231.0,25.0,0.45,203.52,0.48,242.0,0.44,105.85,0.49,310.0,0.43,85.0,0.5,318.47,0.42,218.0,0.51,218.2,0.41,312.0,0.52,218.2,0.52,233.0,0.55,38.53,0.51,233.0,0.56,217.85,0.5,294.47,0.57,70.0,0.49,218.2,0.58,235.98,0.48,339.2,0.59,312.0
2026-01-07 07:49:50.342000+00:00,2026-01-07 07:49:47.829777+00:00,290.342,0.455,0.45,0.46,0.545,0.54,0.55,8.07,244.25,244.25,8.07,0.44,127.85,0.47,277.59,0.43,335.0,0.48,351.0,0.42,114.0,0.49,233.0,0.41,191.0,0.5,209.67,0.4,289.77,0.51,218.2,0.53,301.59,0.56,127.85,0.52,327.0,0.57,305.0,0.51,233.0,0.58,144.0,0.5,209.67,0.59,191.0,0.49,218.2,0.6,289.77
2026-01-07 07:49:51.188000+00:00,2026-01-07 07:49:48.835337+00:00,291.188,0.455,0.45,0.46,0.545,0.54,0.55,8.07,224.77,212.77,5.88,0.44,127.85,0.47,301.59,0.43,293.0,0.48,303.0,0.42,187.0,0.49,238.2,0.41,149.0,0.5,209.67,0.4,289.77,0.51,218.2,0.53,289.59,0.56,127.85,0.52,320.2,0.57,305.0,0.51,238.2,0.58,175.0,0.5,209.67,0.59,149.0,0.49,218.2,0.6,289.77
2026-01-07 07:49:52.437000+00:00,2026-01-07 07:49:49.855837+00:00,292.437,0.455,0.45,0.46,0.545,0.54,0.55,132.87,14.0,19.2,177.85,0.44,144.85,0.47,254.79,0.43,275.0,0.48,266.2,0.42,128.0,0.49,340.2,0.41,282.0,0.5,209.67,0.4,277.77,0.51,218.2,0.53,208.2,0.56,174.85,0.52,271.2,0.57,245.0,0.51,340.2,0.58,128.0,0.5,209.67,0.59,282.0,0.49,218.2,0.6,277.77
