timestamp,collected_at,seconds,mid,bid,ask,asset
2026-01-06 05:45:00+00:00,2026-01-06 05:48:42.832580+00:00,0.0,3217.382,3217.28,3217.99,ETH
2026-01-06 05:45:01+00:00,2026-01-06 05:48:43.837130+00:00,1.0,3217.372,3217.33,3217.97,ETH
2026-01-06 05:45:02+00:00,2026-01-06 05:48:44.832362+00:00,2.0,3217.372,3217.33,3217.97,ETH
2026-01-06 05:45:03+00:00,2026-01-06 05:48:45.834721+00:00,3.0,3217.372,3217.33,3217.96,ETH
2026-01-06 05:45:04+00:00,2026-01-06 05:48:46.863151+00:00,4.0,3217.362,3217.33,3217.94,ETH
2026-01-06 05:45:05+00:00,2026-01-06 05:48:47.864376+00:00,5.0,3217.362,3217.33,3217.94,ETH
2026-01-06 05:45:06+00:00,2026-01-06 05:48:48.878003+00:00,6.0,3217.512,3217.41,3217.94,ETH
2026-01-06 05:45:07+00:00,2026-01-06 05:48:49.892195+00:00,7.0,3217.512,3217.41,3217.98,ETH
2026-01-06 05:45:08+00:00,2026-01-06 05:48:50.897603+00:00,8.0,3217.502,3217.4,3218.05,ETH
2026-01-06 05:45:09+00:00,2026-01-06 05:48:51.907625+00:00,9.0,3217.502,3217.37,3218.0,ETH
2026-01-06 05:45:10+00:00,2026-01-06 05:48:52.914029+00:00,10.0,3217.482,3217.31,3218.0,ETH
2026-01-06 05:45:11+00:00,2026-01-06 05:48:53.908265+00:00,11.0,3217.342,3217.32,3217.95,ETH
2026-01-06 05:45:12+00:00,2026-01-06 05:48:54.927422+00:00,12.0,3217.492,3217.4,3218.04,ETH
2026-01-06 05:45:13+00:00,2026-01-06 05:48:55.945080+00:00,13.0,3217.492,3217.41,3218.02,ETH
2026-01-06 05:45:14+00:00,2026-01-06 05:48:56.943150+00:00,14.0,3217.492,3217.41,3218.02,ETH
2026-01-06 05:45:15+00:00,2026-01-06 05:48:57.943885+00:00,15.0,3217.492,3217.4,3218.01,ETH
2026-01-06 05:45:16+00:00,2026-01-06 05:48:58.942601+00:00,16.0,3217.492,3217.4,3218.01,ETH
2026-01-06 05:45:17+00:00,2026-01-06 05:48:59.941896+00:00,17.0,3217.492,3217.4,3218.02,ETH
2026-01-06 05:45:18+00:00,2026-01-06 05:49:00.944350+00:00,18.0,3217.392,3217.24,3218.0,ETH
2026-01-06 05:45:19+00:00,2026-01-06 05:49:01.946563+00:00,19.0,3217.272,3217.23,3217.88,ETH
2026-01-06 05:45:20+00:00,2026-01-06 05:49:02.961427+00:00,20.0,3217.252,3217.23,3217.85,ETH
2026-01-06 05:45:21+00:00,2026-01-06 05:49:03.962458+00:00,21.0,3217.272,3217.23,3217.85,ETH
2026-01-06 05:45:22+00:00,2026-01-06 05:49:04.950399+00:00,22.0,3217.272,3217.23,3217.86,ETH
2026-01-06 05:45:23+00:00,2026-01-06 05:49:05.978538+00:00,23.0,3217.352,3217.23,3217.91,ETH
2026-01-06 05:45:24+00:00,2026-01-06 05:49:06.978383+00:00,24.0,3217.332,3217.23,3217.94,ETH
2026-01-06 05:45:25+00:00,2026-01-06 05:49:07.976461+00:00,25.0,3217.412,3217.4,3217.94,ETH
2026-01-06 05:45:26+00:00,2026-01-06 05:49:08.964725+00:00,26.0,3217.262,3217.25,3217.82,ETH
2026-01-06 05:45:27+00:00,2026-01-06 05:49:09.965396+00:00,27.0,3217.302,3217.28,3217.84,ETH
2026-01-06 05:45:28+00:00,2026-01-06 05:49:10.989483+00:00,28.0,3217.332,3217.3,3217.87,ETH
2026-01-06 05:45:29+00:00,2026-01-06 05:49:12.012998+00:00,29.0,3217.372,3217.32,3217.89,ETH
2026-01-06 05:45:30+00:00,2026-01-06 05:49:13.008681+00:00,30.0,3217.412,3217.34,3217.91,ETH
2026-01-06 05:45:31+00:00,2026-01-06 05:49:14.008651+00:00,31.0,3217.412,3217.34,3217.91,ETH
2026-01-06 05:45:32+00:00,2026-01-06 05:49:15.007574+00:00,32.0,3217.412,3217.34,3217.9,ETH
2026-01-06 05:45:33+00:00,2026-01-06 05:49:16.021619+00:00,33.0,3217.412,3217.34,3217.91,ETH
2026-01-06 05:45:34+00:00,2026-01-06 05:49:17.037017+00:00,34.0,3217.412,3217.36,3217.83,ETH
2026-01-06 05:45:35+00:00,2026-01-06 05:49:18.041953+00:00,35.0,3217.412,3217.36,3217.84,ETH
2026-01-06 05:45:36+00:00,2026-01-06 05:49:19.068567+00:00,36.0,3217.332,3217.3,3217.84,ETH
2026-01-06 05:45:37+00:00,2026-01-06 05:49:20.208477+00:00,37.0,3217.262,3217.25,3217.83,ETH
2026-01-06 05:45:38+00:00,2026-01-06 05:49:21.314787+00:00,38.0,3217.242,3217.23,3217.83,ETH
2026-01-06 05:45:39+00:00,2026-01-06 05:49:22.294181+00:00,39.0,3217.242,3217.24,3217.85,ETH
2026-01-06 05:45:40+00:00,2026-01-06 05:49:23.312076+00:00,40.0,3217.372,3217.32,3217.84,ETH
2026-01-06 05:45:41+00:00,2026-01-06 05:49:24.307917+00:00,41.0,3217.322,3217.31,3217.94,ETH
2026-01-06 05:45:42+00:00,2026-01-06 05:49:25.323655+00:00,42.0,3217.322,3217.31,3217.94,ETH
2026-01-06 05:45:43+00:00,2026-01-06 05:49:26.347964+00:00,43.0,3217.312,3217.31,3217.92,ETH
2026-01-06 05:45:44+00:00,2026-01-06 05:49:27.324884+00:00,44.0,3217.312,3217.31,3217.91,ETH
2026-01-06 05:45:45+00:00,2026-01-06 05:49:28.329009+00:00,45.0,3217.272,3217.25,3217.9,ETH
2026-01-06 05:45:46+00:00,2026-01-06 05:49:29.343912+00:00,46.0,3217.282,3217.25,3217.84,ETH
2026-01-06 05:45:47+00:00,2026-01-06 05:49:30.356337+00:00,47.0,3217.382,3217.31,3217.84,ETH
2026-01-06 05:45:48+00:00,2026-01-06 05:49:31.371456+00:00,48.0,3217.412,3217.33,3217.95,ETH
2026-01-06 05:45:49+00:00,2026-01-06 05:49:32.371586+00:00,49.0,3217.412,3217.32,3217.94,ETH
2026-01-06 05:45:50+00:00,2026-01-06 05:49:33.374692+00:00,50.0,3217.412,3217.28,3217.96,ETH
2026-01-06 05:45:51+00:00,2026-01-06 05:49:34.391548+00:00,51.0,3217.412,3217.29,3218.02,ETH
2026-01-06 05:45:52+00:00,2026-01-06 05:49:35.397807+00:00,52.0,3217.412,3217.29,3218.03,ETH
2026-01-06 05:45:53+00:00,2026-01-06 05:49:36.397272+00:00,53.0,3217.422,3217.29,3218.04,ETH
2026-01-06 05:45:54+00:00,2026-01-06 05:49:37.409740+00:00,54.0,3217.432,3217.28,3217.93,ETH
2026-01-06 05:45:55+00:00,2026-01-06 05:49:38.407793+00:00,55.0,3217.432,3217.28,3217.92,ETH
2026-01-06 05:45:56+00:00,2026-01-06 05:49:39.426416+00:00,56.0,3217.412,3217.28,3218.0,ETH
2026-01-06 05:45:57+00:00,2026-01-06 05:49:40.431096+00:00,57.0,3217.412,3217.3,3218.04,ETH
2026-01-06 05:45:58+00:00,2026-01-06 05:49:41.443835+00:00,58.0,3217.412,3217.3,3217.7,ETH
2026-01-06 05:45:59+00:00,2026-01-06 05:49:42.427620+00:00,59.0,3217.432,3217.3,3218.06,ETH
2026-01-06 05:46:00+00:00,2026-01-06 05:49:44.463871+00:00,60.0,3217.512,3217.42,3218.06,ETH
2026-01-06 05:46:01+00:00,2026-01-06 05:49:45.441270+00:00,61.0,3217.712,3217.63,3218.16,ETH
2026-01-06 05:46:02+00:00,2026-01-06 05:49:46.440519+00:00,62.0,3217.842,3217.74,3218.09,ETH
2026-01-06 05:46:03+00:00,2026-01-06 05:49:47.456681+00:00,63.0,3217.302,3217.21,3217.6,ETH
2026-01-06 05:46:04+00:00,2026-01-06 05:49:48.475066+00:00,64.0,3216.762,3216.66,3217.31,ETH
2026-01-06 05:46:05+00:00,2026-01-06 05:49:49.472957+00:00,65.0,3216.742,3216.66,3217.33,ETH
2026-01-06 05:46:06+00:00,2026-01-06 05:49:50.480288+00:00,66.0,3216.742,3216.66,3217.35,ETH
2026-01-06 05:46:07+00:00,2026-01-06 05:49:51.492006+00:00,67.0,3216.782,3216.66,3217.37,ETH
2026-01-06 05:46:08+00:00,2026-01-06 05:49:52.488366+00:00,68.0,3216.812,3216.66,3217.38,ETH
2026-01-06 05:46:09+00:00,2026-01-06 05:49:53.506022+00:00,69.0,3216.822,3216.66,3217.34,ETH
2026-01-06 05:46:10+00:00,2026-01-06 05:49:54.497101+00:00,70.0,3216.822,3216.66,3217.21,ETH
2026-01-06 05:46:11+00:00,2026-01-06 05:49:55.507433+00:00,71.0,3216.822,3216.66,3217.18,ETH
2026-01-06 05:46:12+00:00,2026-01-06 05:49:56.509988+00:00,72.0,3216.862,3216.67,3217.14,ETH
2026-01-06 05:46:13+00:00,2026-01-06 05:49:57.530157+00:00,73.0,3216.882,3216.69,3217.16,ETH
2026-01-06 05:46:14+00:00,2026-01-06 05:49:58.543388+00:00,74.0,3216.862,3216.68,3217.23,ETH
2026-01-06 05:46:15+00:00,2026-01-06 05:49:59.551911+00:00,75.0,3216.842,3216.67,3217.24,ETH
2026-01-06 05:46:16+00:00,2026-01-06 05:50:00.546385+00:00,76.0,3216.782,3216.66,3217.24,ETH
2026-01-06 05:46:17+00:00,2026-01-06 05:50:01.570816+00:00,77.0,3216.722,3216.65,3217.26,ETH
2026-01-06 05:46:18+00:00,2026-01-06 05:50:02.574617+00:00,78.0,3216.692,3216.65,3217.28,ETH
2026-01-06 05:46:19+00:00,2026-01-06 05:50:03.577338+00:00,79.0,3216.682,3216.65,3217.26,ETH
2026-01-06 05:46:20+00:00,2026-01-06 05:50:04.592286+00:00,80.0,3216.662,3216.62,3217.12,ETH
2026-01-06 05:46:21+00:00,2026-01-06 05:50:05.605915+00:00,81.0,3216.592,3216.58,3217.04,ETH
2026-01-06 05:46:22+00:00,2026-01-06 05:50:06.620327+00:00,82.0,3216.572,3216.56,3217.08,ETH
2026-01-06 05:46:23+00:00,2026-01-06 05:50:07.630054+00:00,83.0,3216.572,3216.56,3217.08,ETH
2026-01-06 05:46:24+00:00,2026-01-06 05:50:08.619791+00:00,84.0,3216.572,3216.56,3217.11,ETH
2026-01-06 05:46:25+00:00,2026-01-06 05:50:09.626940+00:00,85.0,3216.582,3216.56,3217.03,ETH
2026-01-06 05:46:26+00:00,2026-01-06 05:50:10.639982+00:00,86.0,3216.582,3216.56,3217.09,ETH
2026-01-06 05:46:27+00:00,2026-01-06 05:50:11.637632+00:00,87.0,3216.582,3216.55,3217.03,ETH
2026-01-06 05:46:28+00:00,2026-01-06 05:50:12.656240+00:00,88.0,3216.582,3216.55,3217.02,ETH
2026-01-06 05:46:29+00:00,2026-01-06 05:50:13.643454+00:00,89.0,3216.522,3216.41,3216.91,ETH
2026-01-06 05:46:30+00:00,2026-01-06 05:50:14.657685+00:00,90.0,3216.462,3216.27,3216.81,ETH
2026-01-06 05:46:31+00:00,2026-01-06 05:50:15.663008+00:00,91.0,3216.252,3216.18,3216.74,ETH
2026-01-06 05:46:32+00:00,2026-01-06 05:50:16.714132+00:00,92.0,3216.312,3216.17,3216.84,ETH
2026-01-06 05:46:33+00:00,2026-01-06 05:50:17.696993+00:00,93.0,3216.372,3216.18,3216.89,ETH
2026-01-06 05:46:34+00:00,2026-01-06 05:50:18.712683+00:00,94.0,3216.362,3216.18,3216.9,ETH
2026-01-06 05:46:35+00:00,2026-01-06 05:50:19.726148+00:00,95.0,3216.262,3216.16,3216.74,ETH
2026-01-06 05:46:36+00:00,2026-01-06 05:50:20.717965+00:00,96.0,3216.062,3216.03,3216.58,ETH
2026-01-06 05:46:37+00:00,2026-01-06 05:50:21.727045+00:00,97.0,3215.922,3215.91,3216.5,ETH
2026-01-06 05:46:38+00:00,2026-01-06 05:50:22.724364+00:00,98.0,3215.912,3215.91,3216.47,ETH
2026-01-06 05:46:39+00:00,2026-01-06 05:50:23.736577+00:00,99.0,3215.962,3215.91,3216.55,ETH
2026-01-06 05:46:40+00:00,2026-01-06 05:50:24.723909+00:00,100.0,3216.022,3215.91,3216.6,ETH
2026-01-06 05:46:41+00:00,2026-01-06 05:50:25.720780+00:00,101.0,3216.022,3215.91,3216.61,ETH
2026-01-06 05:46:42+00:00,2026-01-06 05:50:26.728941+00:00,102.0,3216.012,3215.91,3216.6,ETH
2026-01-06 05:46:43+00:00,2026-01-06 05:50:27.740536+00:00,103.0,3216.012,3215.91,3216.57,ETH
2026-01-06 05:46:44+00:00,2026-01-06 05:50:28.739457+00:00,104.0,3216.152,3215.99,3216.67,ETH
2026-01-06 05:46:45+00:00,2026-01-06 05:50:29.740493+00:00,105.0,3216.282,3216.07,3216.79,ETH
2026-01-06 05:46:46+00:00,2026-01-06 05:50:30.738213+00:00,106.0,3216.302,3216.09,3216.76,ETH
2026-01-06 05:46:47+00:00,2026-01-06 05:50:31.739575+00:00,107.0,3216.392,3216.19,3216.87,ETH
2026-01-06 05:46:48+00:00,2026-01-06 05:50:32.725906+00:00,108.0,3216.482,3216.27,3217.02,ETH
2026-01-06 05:46:49+00:00,2026-01-06 05:50:33.740695+00:00,109.0,3217.482,3217.37,3218.13,ETH
2026-01-06 05:46:50+00:00,2026-01-06 05:50:34.741477+00:00,110.0,3217.642,3217.43,3218.18,ETH
2026-01-06 05:46:51+00:00,2026-01-06 05:50:35.757570+00:00,111.0,3217.802,3217.43,3218.2,ETH
2026-01-06 05:46:52+00:00,2026-01-06 05:50:36.778689+00:00,112.0,3217.782,3217.51,3218.27,ETH
2026-01-06 05:46:53+00:00,2026-01-06 05:50:37.790239+00:00,113.0,3217.842,3217.75,3218.42,ETH
2026-01-06 05:46:54+00:00,2026-01-06 05:50:38.794503+00:00,114.0,3218.022,3217.81,3218.45,ETH
2026-01-06 05:46:55+00:00,2026-01-06 05:50:39.805370+00:00,115.0,3218.412,3218.09,3218.74,ETH
2026-01-06 05:46:56+00:00,2026-01-06 05:50:40.809962+00:00,116.0,3218.412,3218.18,3218.74,ETH
2026-01-06 05:46:57+00:00,2026-01-06 05:50:41.827973+00:00,117.0,3218.592,3218.38,3218.93,ETH
2026-01-06 05:46:58+00:00,2026-01-06 05:50:42.844257+00:00,118.0,3218.622,3218.38,3218.9,ETH
2026-01-06 05:46:59+00:00,2026-01-06 05:50:43.840910+00:00,119.0,3218.572,3218.43,3219.09,ETH
2026-01-06 05:47:00+00:00,2026-01-06 05:50:44.857959+00:00,120.0,3218.712,3218.44,3218.89,ETH
2026-01-06 05:47:01+00:00,2026-01-06 05:50:45.876143+00:00,121.0,3218.702,3218.45,3218.81,ETH
2026-01-06 05:47:02+00:00,2026-01-06 05:50:46.889972+00:00,122.0,3218.692,3218.45,3219.07,ETH
2026-01-06 05:47:03+00:00,2026-01-06 05:50:47.888383+00:00,123.0,3218.702,3218.45,3219.07,ETH
2026-01-06 05:47:04+00:00,2026-01-06 05:50:48.895560+00:00,124.0,3218.702,3218.45,3219.1,ETH
2026-01-06 05:47:05+00:00,2026-01-06 05:50:49.892642+00:00,125.0,3218.702,3218.46,3219.11,ETH
2026-01-06 05:47:06+00:00,2026-01-06 05:50:50.889794+00:00,126.0,3218.672,3218.45,3219.09,ETH
2026-01-06 05:47:07+00:00,2026-01-06 05:50:51.902694+00:00,127.0,3218.632,3218.45,3219.08,ETH
2026-01-06 05:47:08+00:00,2026-01-06 05:50:52.909749+00:00,128.0,3218.632,3218.43,3219.09,ETH
2026-01-06 05:47:09+00:00,2026-01-06 05:50:53.927045+00:00,129.0,3218.632,3218.43,3219.05,ETH
2026-01-06 05:47:10+00:00,2026-01-06 05:50:54.923941+00:00,130.0,3218.622,3218.43,3218.66,ETH
2026-01-06 05:47:11+00:00,2026-01-06 05:50:55.925634+00:00,131.0,3218.642,3218.43,3218.72,ETH
2026-01-06 05:47:12+00:00,2026-01-06 05:50:56.928046+00:00,132.0,3218.652,3218.43,3218.78,ETH
2026-01-06 05:47:13+00:00,2026-01-06 05:50:57.939553+00:00,133.0,3218.662,3218.43,3218.84,ETH
2026-01-06 05:47:14+00:00,2026-01-06 05:50:58.941459+00:00,134.0,3218.452,3218.2,3218.69,ETH
2026-01-06 05:47:15+00:00,2026-01-06 05:50:59.939396+00:00,135.0,3218.202,3218.18,3218.72,ETH
2026-01-06 05:47:16+00:00,2026-01-06 05:51:00.939421+00:00,136.0,3218.222,3218.15,3218.45,ETH
2026-01-06 05:47:17+00:00,2026-01-06 05:51:01.954382+00:00,137.0,3218.242,3218.15,3218.4,ETH
2026-01-06 05:47:18+00:00,2026-01-06 05:51:02.958785+00:00,138.0,3218.252,3218.22,3218.61,ETH
2026-01-06 05:47:19+00:00,2026-01-06 05:51:03.961213+00:00,139.0,3218.592,3218.35,3218.88,ETH
2026-01-06 05:47:20+00:00,2026-01-06 05:51:04.968382+00:00,140.0,3218.922,3218.56,3219.36,ETH
2026-01-06 05:47:21+00:00,2026-01-06 05:51:05.972408+00:00,141.0,3218.922,3218.6,3219.36,ETH
2026-01-06 05:47:22+00:00,2026-01-06 05:51:06.975665+00:00,142.0,3218.922,3218.6,3219.37,ETH
2026-01-06 05:47:23+00:00,2026-01-06 05:51:07.993503+00:00,143.0,3218.942,3218.6,3219.39,ETH
2026-01-06 05:47:24+00:00,2026-01-06 05:51:08.972743+00:00,144.0,3218.942,3218.6,3219.4,ETH
2026-01-06 05:47:25+00:00,2026-01-06 05:51:09.988512+00:00,145.0,3218.932,3218.61,3219.39,ETH
2026-01-06 05:47:26+00:00,2026-01-06 05:51:10.992701+00:00,146.0,3218.932,3218.72,3219.37,ETH
2026-01-06 05:47:27+00:00,2026-01-06 05:51:11.987043+00:00,147.0,3218.922,3218.77,3219.41,ETH
2026-01-06 05:47:28+00:00,2026-01-06 05:51:12.988419+00:00,148.0,3218.922,3218.77,3219.41,ETH
2026-01-06 05:47:29+00:00,2026-01-06 05:51:13.989494+00:00,149.0,3218.962,3218.77,3219.41,ETH
2026-01-06 05:47:30+00:00,2026-01-06 05:51:15.023041+00:00,150.0,3218.952,3218.71,3219.32,ETH
2026-01-06 05:47:31+00:00,2026-01-06 05:51:16.024082+00:00,151.0,3218.792,3218.69,3219.18,ETH
2026-01-06 05:47:32+00:00,2026-01-06 05:51:17.022753+00:00,152.0,3218.792,3218.69,3219.28,ETH
2026-01-06 05:47:33+00:00,2026-01-06 05:51:18.020125+00:00,153.0,3218.792,3218.7,3219.29,ETH
2026-01-06 05:47:34+00:00,2026-01-06 05:51:19.043179+00:00,154.0,3218.792,3218.7,3219.29,ETH
2026-01-06 05:47:35+00:00,2026-01-06 05:51:20.057227+00:00,155.0,3218.792,3218.7,3219.22,ETH
2026-01-06 05:47:36+00:00,2026-01-06 05:51:21.091335+00:00,156.0,3218.792,3218.69,3219.3,ETH
2026-01-06 05:47:37+00:00,2026-01-06 05:51:23.123067+00:00,157.0,3218.782,3218.59,3219.2,ETH
2026-01-06 05:47:38+00:00,2026-01-06 05:51:24.133017+00:00,158.0,3218.582,3218.39,3218.89,ETH
2026-01-06 05:47:39+00:00,2026-01-06 05:51:25.133779+00:00,159.0,3218.242,3218.14,3218.61,ETH
2026-01-06 05:47:40+00:00,2026-01-06 05:51:26.122743+00:00,160.0,3217.772,3217.72,3218.17,ETH
2026-01-06 05:47:41+00:00,2026-01-06 05:51:27.129081+00:00,161.0,3217.442,3217.43,3217.81,ETH
2026-01-06 05:47:42+00:00,2026-01-06 05:51:28.135227+00:00,162.0,3217.362,3217.3,3217.74,ETH
2026-01-06 05:47:43+00:00,2026-01-06 05:51:29.156150+00:00,163.0,3217.262,3217.2,3217.61,ETH
2026-01-06 05:47:44+00:00,2026-01-06 05:51:30.157288+00:00,164.0,3217.232,3217.22,3217.62,ETH
2026-01-06 05:47:45+00:00,2026-01-06 05:51:31.156596+00:00,165.0,3217.282,3217.28,3217.68,ETH
2026-01-06 05:47:46+00:00,2026-01-06 05:51:32.172939+00:00,166.0,3217.372,3217.34,3217.78,ETH
2026-01-06 05:47:47+00:00,2026-01-06 05:51:33.183717+00:00,167.0,3217.462,3217.35,3217.89,ETH
2026-01-06 05:47:48+00:00,2026-01-06 05:51:34.188818+00:00,168.0,3217.462,3217.35,3217.94,ETH
2026-01-06 05:47:50+00:00,2026-01-06 05:51:35.234564+00:00,170.0,3217.402,3217.35,3217.94,ETH
2026-01-06 05:47:51+00:00,2026-01-06 05:51:36.240895+00:00,171.0,3217.402,3217.35,3217.91,ETH
2026-01-06 05:47:52+00:00,2026-01-06 05:51:37.247260+00:00,172.0,3217.402,3217.35,3217.93,ETH
2026-01-06 05:47:53+00:00,2026-01-06 05:51:38.238479+00:00,173.0,3217.552,3217.35,3217.93,ETH
2026-01-06 05:47:54+00:00,2026-01-06 05:51:39.239508+00:00,174.0,3217.432,3217.35,3217.95,ETH
2026-01-06 05:47:55+00:00,2026-01-06 05:51:40.250203+00:00,175.0,3217.622,3217.37,3218.09,ETH
2026-01-06 05:47:56+00:00,2026-01-06 05:51:41.255145+00:00,176.0,3217.622,3217.37,3218.09,ETH
2026-01-06 05:47:57+00:00,2026-01-06 05:51:42.259805+00:00,177.0,3217.562,3217.41,3218.09,ETH
2026-01-06 05:47:58+00:00,2026-01-06 05:51:43.264456+00:00,178.0,3217.562,3217.39,3218.14,ETH
2026-01-06 05:47:59+00:00,2026-01-06 05:51:44.283856+00:00,179.0,3217.552,3217.39,3218.05,ETH
2026-01-06 05:48:00+00:00,2026-01-06 05:51:46.302202+00:00,180.0,3217.592,3217.41,3218.1,ETH
2026-01-06 05:48:01+00:00,2026-01-06 05:51:47.305112+00:00,181.0,3217.702,3217.44,3218.15,ETH
2026-01-06 05:48:02+00:00,2026-01-06 05:51:48.307822+00:00,182.0,3217.762,3217.47,3218.19,ETH
2026-01-06 05:48:03+00:00,2026-01-06 05:51:49.321145+00:00,183.0,3217.752,3217.51,3218.19,ETH
2026-01-06 05:48:04+00:00,2026-01-06 05:51:50.318607+00:00,184.0,3217.732,3217.55,3218.17,ETH
2026-01-06 05:48:05+00:00,2026-01-06 05:51:51.320086+00:00,185.0,3217.812,3217.57,3218.21,ETH
2026-01-06 05:48:06+00:00,2026-01-06 05:51:52.319885+00:00,186.0,3218.112,3217.85,3218.5,ETH
2026-01-06 05:48:07+00:00,2026-01-06 05:51:53.317822+00:00,187.0,3218.392,3218.23,3218.83,ETH
2026-01-06 05:48:08+00:00,2026-01-06 05:51:54.304515+00:00,188.0,3218.652,3218.55,3219.07,ETH
2026-01-06 05:48:09+00:00,2026-01-06 05:51:55.304291+00:00,189.0,3218.972,3218.84,3219.3,ETH
2026-01-06 05:48:10+00:00,2026-01-06 05:51:56.304027+00:00,190.0,3219.212,3219.02,3219.47,ETH
2026-01-06 05:48:11+00:00,2026-01-06 05:51:57.318120+00:00,191.0,3219.292,3219.09,3219.53,ETH
2026-01-06 05:48:12+00:00,2026-01-06 05:51:58.321370+00:00,192.0,3219.282,3219.09,3219.64,ETH
2026-01-06 05:48:13+00:00,2026-01-06 05:51:59.317744+00:00,193.0,3219.282,3219.09,3219.73,ETH
2026-01-06 05:48:14+00:00,2026-01-06 05:52:00.317418+00:00,194.0,3219.282,3219.09,3219.73,ETH
2026-01-06 05:48:15+00:00,2026-01-06 05:52:01.337921+00:00,195.0,3219.282,3219.09,3219.73,ETH
2026-01-06 05:48:16+00:00,2026-01-06 05:52:02.350942+00:00,196.0,3219.292,3219.16,3219.73,ETH
2026-01-06 05:48:17+00:00,2026-01-06 05:52:03.357771+00:00,197.0,3219.412,3219.25,3219.65,ETH
2026-01-06 05:48:18+00:00,2026-01-06 05:52:04.371659+00:00,198.0,3219.532,3219.33,3219.8,ETH
2026-01-06 05:48:19+00:00,2026-01-06 05:52:05.390166+00:00,199.0,3219.662,3219.47,3220.07,ETH
2026-01-06 05:48:20+00:00,2026-01-06 05:52:06.404363+00:00,200.0,3219.822,3219.57,3220.03,ETH
2026-01-06 05:48:21+00:00,2026-01-06 05:52:07.403269+00:00,201.0,3219.892,3219.67,3219.97,ETH
2026-01-06 05:48:22+00:00,2026-01-06 05:52:08.422986+00:00,202.0,3219.942,3219.76,3219.99,ETH
2026-01-06 05:48:23+00:00,2026-01-06 05:52:09.453146+00:00,203.0,3220.022,3219.76,3220.11,ETH
2026-01-06 05:48:24+00:00,2026-01-06 05:52:10.441500+00:00,204.0,3220.082,3219.76,3220.23,ETH
2026-01-06 05:48:25+00:00,2026-01-06 05:52:11.449496+00:00,205.0,3220.082,3219.76,3220.28,ETH
2026-01-06 05:48:26+00:00,2026-01-06 05:52:12.474118+00:00,206.0,3220.022,3219.76,3220.28,ETH
2026-01-06 05:48:27+00:00,2026-01-06 05:52:13.469622+00:00,207.0,3220.032,3219.76,3220.46,ETH
2026-01-06 05:48:28+00:00,2026-01-06 05:52:14.484331+00:00,208.0,3220.002,3219.9,3220.52,ETH
2026-01-06 05:48:29+00:00,2026-01-06 05:52:15.485717+00:00,209.0,3220.042,3219.91,3220.52,ETH
2026-01-06 05:48:30+00:00,2026-01-06 05:52:16.503373+00:00,210.0,3220.122,3219.91,3220.52,ETH
2026-01-06 05:48:31+00:00,2026-01-06 05:52:17.500908+00:00,211.0,3220.122,3219.91,3220.52,ETH
2026-01-06 05:48:32+00:00,2026-01-06 05:52:18.505033+00:00,212.0,3220.122,3219.91,3220.33,ETH
2026-01-06 05:48:33+00:00,2026-01-06 05:52:19.501930+00:00,213.0,3220.072,3219.79,3220.12,ETH
2026-01-06 05:48:34+00:00,2026-01-06 05:52:20.505478+00:00,214.0,3219.792,3219.67,3220.11,ETH
2026-01-06 05:48:35+00:00,2026-01-06 05:52:21.502198+00:00,215.0,3219.792,3219.66,3220.24,ETH
2026-01-06 05:48:36+00:00,2026-01-06 05:52:22.503190+00:00,216.0,3219.792,3219.66,3220.35,ETH
2026-01-06 05:48:37+00:00,2026-01-06 05:52:23.521065+00:00,217.0,3220.062,3219.77,3220.18,ETH
2026-01-06 05:48:38+00:00,2026-01-06 05:52:24.534579+00:00,218.0,3220.052,3219.79,3220.11,ETH
2026-01-06 05:48:39+00:00,2026-01-06 05:52:25.537679+00:00,219.0,3219.922,3219.79,3220.2,ETH
2026-01-06 05:48:40+00:00,2026-01-06 05:52:26.550132+00:00,220.0,3219.972,3219.79,3220.22,ETH
2026-01-06 05:48:41+00:00,2026-01-06 05:52:27.646980+00:00,221.0,3219.982,3219.79,3220.22,ETH
2026-01-06 05:48:42+00:00,2026-01-06 05:52:28.716880+00:00,222.0,3219.942,3219.82,3220.12,ETH
2026-01-06 05:48:43+00:00,2026-01-06 05:52:29.699598+00:00,223.0,3220.032,3219.86,3220.17,ETH
2026-01-06 05:48:44+00:00,2026-01-06 05:52:30.703358+00:00,224.0,3220.112,3219.89,3220.32,ETH
2026-01-06 05:48:45+00:00,2026-01-06 05:52:31.703862+00:00,225.0,3220.062,3219.89,3220.24,ETH
2026-01-06 05:48:46+00:00,2026-01-06 05:52:32.707192+00:00,226.0,3220.082,3219.89,3220.2,ETH
2026-01-06 05:48:47+00:00,2026-01-06 05:52:33.700613+00:00,227.0,3220.102,3219.89,3220.14,ETH
2026-01-06 05:48:48+00:00,2026-01-06 05:52:34.696185+00:00,228.0,3220.152,3219.96,3220.32,ETH
2026-01-06 05:48:49+00:00,2026-01-06 05:52:35.701047+00:00,229.0,3220.242,3219.96,3220.62,ETH
2026-01-06 05:48:50+00:00,2026-01-06 05:52:36.709044+00:00,230.0,3220.222,3219.96,3220.63,ETH
2026-01-06 05:48:51+00:00,2026-01-06 05:52:37.709632+00:00,231.0,3220.282,3219.97,3220.64,ETH
2026-01-06 05:48:52+00:00,2026-01-06 05:52:38.709498+00:00,232.0,3220.822,3220.63,3220.89,ETH
2026-01-06 05:48:53+00:00,2026-01-06 05:52:39.715704+00:00,233.0,3220.892,3220.73,3221.0,ETH
2026-01-06 05:48:54+00:00,2026-01-06 05:52:40.718138+00:00,234.0,3221.062,3220.95,3221.19,ETH
2026-01-06 05:48:55+00:00,2026-01-06 05:52:41.726820+00:00,235.0,3221.062,3220.95,3221.17,ETH
2026-01-06 05:48:56+00:00,2026-01-06 05:52:42.716244+00:00,236.0,3221.072,3220.96,3221.23,ETH
2026-01-06 05:48:57+00:00,2026-01-06 05:52:43.713505+00:00,237.0,3221.212,3221.08,3221.39,ETH
2026-01-06 05:48:58+00:00,2026-01-06 05:52:44.702697+00:00,238.0,3221.262,3221.08,3221.48,ETH
2026-01-06 05:48:59+00:00,2026-01-06 05:52:45.739310+00:00,239.0,3221.302,3221.08,3221.49,ETH
2026-01-06 05:49:00+00:00,2026-01-06 05:52:46.708066+00:00,240.0,3221.292,3221.08,3221.38,ETH
2026-01-06 05:49:01+00:00,2026-01-06 05:52:47.714569+00:00,241.0,3221.292,3221.11,3221.38,ETH
2026-01-06 05:49:02+00:00,2026-01-06 05:52:48.735954+00:00,242.0,3221.282,3220.99,3221.41,ETH
2026-01-06 05:49:03+00:00,2026-01-06 05:52:49.744182+00:00,243.0,3220.732,3220.57,3220.9,ETH
2026-01-06 05:49:04+00:00,2026-01-06 05:52:50.748524+00:00,244.0,3220.542,3220.51,3220.85,ETH
2026-01-06 05:49:05+00:00,2026-01-06 05:52:51.747065+00:00,245.0,3220.542,3220.51,3220.87,ETH
2026-01-06 05:49:06+00:00,2026-01-06 05:52:52.796095+00:00,246.0,3220.522,3220.51,3220.8,ETH
2026-01-06 05:49:07+00:00,2026-01-06 05:52:53.802683+00:00,247.0,3220.522,3220.51,3220.86,ETH
2026-01-06 05:49:08+00:00,2026-01-06 05:52:54.807165+00:00,248.0,3220.522,3220.51,3220.87,ETH
2026-01-06 05:49:09+00:00,2026-01-06 05:52:55.821068+00:00,249.0,3220.522,3220.51,3220.86,ETH
2026-01-06 05:49:10+00:00,2026-01-06 05:52:56.834084+00:00,250.0,3220.482,3220.31,3220.65,ETH
2026-01-06 05:49:11+00:00,2026-01-06 05:52:57.834188+00:00,251.0,3220.442,3220.31,3220.56,ETH
2026-01-06 05:49:12+00:00,2026-01-06 05:52:59.836514+00:00,252.0,3220.232,3220.17,3220.5,ETH
2026-01-06 05:49:13+00:00,2026-01-06 05:53:00.852741+00:00,253.0,3220.222,3220.12,3220.49,ETH
2026-01-06 05:49:14+00:00,2026-01-06 05:53:01.839163+00:00,254.0,3220.102,3220.03,3220.4,ETH
2026-01-06 05:49:15+00:00,2026-01-06 05:53:02.868043+00:00,255.0,3219.992,3219.97,3220.21,ETH
2026-01-06 05:49:16+00:00,2026-01-06 05:53:03.852621+00:00,256.0,3219.832,3219.8,3220.01,ETH
2026-01-06 05:49:17+00:00,2026-01-06 05:53:04.853078+00:00,257.0,3219.662,3219.66,3219.87,ETH
2026-01-06 05:49:18+00:00,2026-01-06 05:53:05.867562+00:00,258.0,3219.662,3219.66,3219.85,ETH
2026-01-06 05:49:19+00:00,2026-01-06 05:53:06.869213+00:00,259.0,3219.662,3219.66,3219.87,ETH
2026-01-06 05:49:20+00:00,2026-01-06 05:53:07.876610+00:00,260.0,3219.612,3219.6,3219.86,ETH
2026-01-06 05:49:21+00:00,2026-01-06 05:53:08.903017+00:00,261.0,3219.552,3219.54,3219.86,ETH
2026-01-06 05:49:22+00:00,2026-01-06 05:53:09.906308+00:00,262.0,3219.552,3219.54,3219.85,ETH
2026-01-06 05:49:23+00:00,2026-01-06 05:53:10.899833+00:00,263.0,3219.552,3219.54,3219.85,ETH
2026-01-06 05:49:24+00:00,2026-01-06 05:53:11.913302+00:00,264.0,3219.552,3219.54,3219.86,ETH
2026-01-06 05:49:25+00:00,2026-01-06 05:53:12.914850+00:00,265.0,3219.552,3219.54,3219.88,ETH
2026-01-06 05:49:26+00:00,2026-01-06 05:53:13.918268+00:00,266.0,3219.612,3219.6,3219.85,ETH
2026-01-06 05:49:27+00:00,2026-01-06 05:53:14.922213+00:00,267.0,3219.672,3219.66,3219.82,ETH
2026-01-06 05:49:28+00:00,2026-01-06 05:53:15.932611+00:00,268.0,3219.642,3219.63,3219.85,ETH
2026-01-06 05:49:29+00:00,2026-01-06 05:53:16.949003+00:00,269.0,3219.652,3219.62,3219.89,ETH
2026-01-06 05:49:30+00:00,2026-01-06 05:53:17.965725+00:00,270.0,3219.652,3219.61,3219.89,ETH
2026-01-06 05:49:31+00:00,2026-01-06 05:53:19.000275+00:00,271.0,3219.582,3219.56,3219.87,ETH
2026-01-06 05:49:32+00:00,2026-01-06 05:53:19.999349+00:00,272.0,3219.552,3219.54,3219.77,ETH
2026-01-06 05:49:33+00:00,2026-01-06 05:53:21.005409+00:00,273.0,3219.542,3219.5,3219.7,ETH
2026-01-06 05:49:34+00:00,2026-01-06 05:53:22.002937+00:00,274.0,3219.542,3219.46,3219.71,ETH
2026-01-06 05:49:35+00:00,2026-01-06 05:53:23.003158+00:00,275.0,3219.542,3219.46,3219.71,ETH
2026-01-06 05:49:36+00:00,2026-01-06 05:53:24.013903+00:00,276.0,3219.542,3219.46,3219.7,ETH
2026-01-06 05:49:37+00:00,2026-01-06 05:53:25.026851+00:00,277.0,3219.542,3219.41,3219.66,ETH
2026-01-06 05:49:38+00:00,2026-01-06 05:53:26.032132+00:00,278.0,3219.542,3219.38,3219.63,ETH
2026-01-06 05:49:39+00:00,2026-01-06 05:53:27.021264+00:00,279.0,3219.432,3219.36,3219.53,ETH
2026-01-06 05:49:40+00:00,2026-01-06 05:53:28.035980+00:00,280.0,3219.232,3219.21,3219.3,ETH
2026-01-06 05:49:41+00:00,2026-01-06 05:53:29.033924+00:00,281.0,3219.142,3219.11,3219.26,ETH
2026-01-06 05:49:42+00:00,2026-01-06 05:53:30.031607+00:00,282.0,3219.252,3219.17,3219.45,ETH
2026-01-06 05:49:43+00:00,2026-01-06 05:53:31.064346+00:00,283.0,3219.352,3219.21,3219.55,ETH
2026-01-06 05:49:44+00:00,2026-01-06 05:53:32.082215+00:00,284.0,3219.442,3219.27,3219.56,ETH
2026-01-06 05:49:45+00:00,2026-01-06 05:53:33.087903+00:00,285.0,3219.532,3219.33,3219.57,ETH
2026-01-06 05:49:46+00:00,2026-01-06 05:53:34.108924+00:00,286.0,3219.532,3219.33,3219.6,ETH
2026-01-06 05:49:47+00:00,2026-01-06 05:53:35.113018+00:00,287.0,3219.532,3219.33,3219.63,ETH
2026-01-06 05:49:48+00:00,2026-01-06 05:53:36.122775+00:00,288.0,3219.672,3219.47,3219.82,ETH
2026-01-06 05:49:49+00:00,2026-01-06 05:53:37.130937+00:00,289.0,3219.902,3219.66,3220.02,ETH
2026-01-06 05:49:50+00:00,2026-01-06 05:53:38.143041+00:00,290.0,3219.982,3219.76,3220.13,ETH
2026-01-06 05:49:51+00:00,2026-01-06 05:53:39.137319+00:00,291.0,3219.972,3219.87,3220.25,ETH
2026-01-06 05:49:52+00:00,2026-01-06 05:53:40.154372+00:00,292.0,3219.982,3219.95,3220.25,ETH
2026-01-06 05:49:53+00:00,2026-01-06 05:53:41.163097+00:00,293.0,3219.982,3219.93,3220.25,ETH
2026-01-06 05:49:54+00:00,2026-01-06 05:53:42.166958+00:00,294.0,3219.972,3219.92,3220.26,ETH
2026-01-06 05:49:55+00:00,2026-01-06 05:53:43.192062+00:00,295.0,3219.972,3219.87,3220.24,ETH
2026-01-06 05:49:56+00:00,2026-01-06 05:53:44.214511+00:00,296.0,3219.972,3219.76,3220.25,ETH
2026-01-06 05:49:58+00:00,2026-01-06 05:53:45.253316+00:00,298.0,3219.972,3219.7,3220.26,ETH
2026-01-06 05:49:59+00:00,2026-01-06 05:53:46.285292+00:00,299.0,3219.972,3219.7,3220.25,ETH
2026-01-06 05:50:00+00:00,2026-01-06 05:53:48.245673+00:00,300.0,3219.972,3219.7,3220.19,ETH
2026-01-06 05:50:01+00:00,2026-01-06 05:53:49.267786+00:00,301.0,3220.032,3219.7,3220.24,ETH
2026-01-06 05:50:02+00:00,2026-01-06 05:53:50.292787+00:00,302.0,3220.102,3219.78,3220.33,ETH
2026-01-06 05:50:03+00:00,2026-01-06 05:53:51.280265+00:00,303.0,3220.112,3219.87,3220.43,ETH
2026-01-06 05:50:04+00:00,2026-01-06 05:53:52.284988+00:00,304.0,3220.152,3219.96,3220.53,ETH
2026-01-06 05:50:05+00:00,2026-01-06 05:53:53.316520+00:00,305.0,3220.192,3220.06,3220.55,ETH
2026-01-06 05:50:06+00:00,2026-01-06 05:53:54.316172+00:00,306.0,3220.272,3220.07,3220.64,ETH
2026-01-06 05:50:07+00:00,2026-01-06 05:53:55.331357+00:00,307.0,3220.412,3220.23,3220.74,ETH
2026-01-06 05:50:08+00:00,2026-01-06 05:53:56.353152+00:00,308.0,3220.672,3220.47,3220.86,ETH
2026-01-06 05:50:09+00:00,2026-01-06 05:53:57.370751+00:00,309.0,3220.762,3220.57,3221.0,ETH
2026-01-06 05:50:10+00:00,2026-01-06 05:53:58.368482+00:00,310.0,3220.652,3220.58,3221.05,ETH
2026-01-06 05:50:11+00:00,2026-01-06 05:53:59.380644+00:00,311.0,3220.652,3220.57,3220.98,ETH
2026-01-06 05:50:12+00:00,2026-01-06 05:54:00.376971+00:00,312.0,3220.652,3220.57,3220.91,ETH
2026-01-06 05:50:13+00:00,2026-01-06 05:54:01.382487+00:00,313.0,3220.522,3220.48,3220.79,ETH
2026-01-06 05:50:14+00:00,2026-01-06 05:54:02.381667+00:00,314.0,3220.322,3220.24,3220.66,ETH
2026-01-06 05:50:15+00:00,2026-01-06 05:54:03.397308+00:00,315.0,3220.252,3220.09,3220.67,ETH
2026-01-06 05:50:16+00:00,2026-01-06 05:54:04.394663+00:00,316.0,3220.262,3220.09,3220.68,ETH
2026-01-06 05:50:17+00:00,2026-01-06 05:54:05.401525+00:00,317.0,3220.032,3219.93,3220.48,ETH
2026-01-06 05:50:18+00:00,2026-01-06 05:54:06.414693+00:00,318.0,3219.812,3219.75,3220.23,ETH
2026-01-06 05:50:19+00:00,2026-01-06 05:54:07.449646+00:00,319.0,3219.812,3219.75,3220.18,ETH
2026-01-06 05:50:20+00:00,2026-01-06 05:54:08.435080+00:00,320.0,3219.812,3219.77,3220.17,ETH
2026-01-06 05:50:21+00:00,2026-01-06 05:54:09.429128+00:00,321.0,3219.812,3219.77,3220.17,ETH
2026-01-06 05:50:22+00:00,2026-01-06 05:54:10.428953+00:00,322.0,3219.832,3219.77,3220.18,ETH
2026-01-06 05:50:23+00:00,2026-01-06 05:54:11.433982+00:00,323.0,3219.852,3219.77,3220.19,ETH
2026-01-06 05:50:24+00:00,2026-01-06 05:54:12.444415+00:00,324.0,3219.922,3219.77,3220.15,ETH
2026-01-06 05:50:25+00:00,2026-01-06 05:54:13.447092+00:00,325.0,3219.922,3219.77,3220.2,ETH
2026-01-06 05:50:26+00:00,2026-01-06 05:54:14.465015+00:00,326.0,3219.922,3219.77,3220.16,ETH
2026-01-06 05:50:27+00:00,2026-01-06 05:54:15.478628+00:00,327.0,3219.922,3219.77,3220.17,ETH
2026-01-06 05:50:28+00:00,2026-01-06 05:54:16.480437+00:00,328.0,3219.922,3219.78,3220.18,ETH
2026-01-06 05:50:29+00:00,2026-01-06 05:54:17.499823+00:00,329.0,3219.922,3219.78,3220.17,ETH
2026-01-06 05:50:30+00:00,2026-01-06 05:54:18.515415+00:00,330.0,3219.952,3219.77,3220.2,ETH
2026-01-06 05:50:31+00:00,2026-01-06 05:54:19.524789+00:00,331.0,3220.082,3219.78,3220.18,ETH
2026-01-06 05:50:32+00:00,2026-01-06 05:54:20.526143+00:00,332.0,3220.072,3219.88,3220.44,ETH
2026-01-06 05:50:33+00:00,2026-01-06 05:54:21.527788+00:00,333.0,3220.072,3219.88,3220.43,ETH
2026-01-06 05:50:34+00:00,2026-01-06 05:54:22.525884+00:00,334.0,3220.072,3219.88,3220.42,ETH
2026-01-06 05:50:35+00:00,2026-01-06 05:54:23.532019+00:00,335.0,3220.072,3219.85,3220.44,ETH
2026-01-06 05:50:36+00:00,2026-01-06 05:54:24.534112+00:00,336.0,3220.142,3219.85,3220.49,ETH
2026-01-06 05:50:37+00:00,2026-01-06 05:54:25.533430+00:00,337.0,3220.132,3219.89,3220.49,ETH
2026-01-06 05:50:38+00:00,2026-01-06 05:54:26.542454+00:00,338.0,3220.002,3219.88,3220.14,ETH
2026-01-06 05:50:39+00:00,2026-01-06 05:54:27.543679+00:00,339.0,3220.042,3219.88,3220.14,ETH
2026-01-06 05:50:40+00:00,2026-01-06 05:54:28.558587+00:00,340.0,3220.032,3219.88,3220.14,ETH
2026-01-06 05:50:41+00:00,2026-01-06 05:54:29.575631+00:00,341.0,3220.072,3219.85,3220.28,ETH
2026-01-06 05:50:42+00:00,2026-01-06 05:54:30.564823+00:00,342.0,3220.012,3219.87,3220.3,ETH
2026-01-06 05:50:43+00:00,2026-01-06 05:54:31.577011+00:00,343.0,3220.012,3219.87,3220.22,ETH
2026-01-06 05:50:44+00:00,2026-01-06 05:54:32.597504+00:00,344.0,3220.012,3219.83,3220.36,ETH
2026-01-06 05:50:45+00:00,2026-01-06 05:54:33.599572+00:00,345.0,3219.852,3219.78,3220.28,ETH
2026-01-06 05:50:46+00:00,2026-01-06 05:54:34.616731+00:00,346.0,3219.812,3219.72,3220.3,ETH
2026-01-06 05:50:47+00:00,2026-01-06 05:54:35.630881+00:00,347.0,3219.812,3219.7,3220.15,ETH
2026-01-06 05:50:48+00:00,2026-01-06 05:54:36.632077+00:00,348.0,3219.802,3219.56,3220.23,ETH
2026-01-06 05:50:49+00:00,2026-01-06 05:54:37.624691+00:00,349.0,3219.742,3219.51,3220.1,ETH
2026-01-06 05:50:50+00:00,2026-01-06 05:54:38.631877+00:00,350.0,3219.742,3219.51,3220.03,ETH
2026-01-06 05:50:51+00:00,2026-01-06 05:54:39.632419+00:00,351.0,3219.742,3219.52,3219.85,ETH
2026-01-06 05:50:52+00:00,2026-01-06 05:54:40.631743+00:00,352.0,3219.742,3219.53,3219.96,ETH
2026-01-06 05:50:53+00:00,2026-01-06 05:54:41.622443+00:00,353.0,3219.742,3219.53,3219.96,ETH
2026-01-06 05:50:54+00:00,2026-01-06 05:54:42.651836+00:00,354.0,3219.742,3219.53,3219.97,ETH
2026-01-06 05:50:55+00:00,2026-01-06 05:54:43.656189+00:00,355.0,3219.742,3219.52,3219.97,ETH
2026-01-06 05:50:56+00:00,2026-01-06 05:54:44.661354+00:00,356.0,3219.742,3219.52,3219.96,ETH
2026-01-06 05:50:57+00:00,2026-01-06 05:54:45.678458+00:00,357.0,3219.742,3219.49,3219.96,ETH
2026-01-06 05:50:58+00:00,2026-01-06 05:54:46.689397+00:00,358.0,3219.742,3219.46,3219.96,ETH
2026-01-06 05:50:59+00:00,2026-01-06 05:54:47.700522+00:00,359.0,3219.422,3219.4,3219.85,ETH
2026-01-06 05:51:00+00:00,2026-01-06 05:54:48.699882+00:00,360.0,3219.542,3219.4,3219.9,ETH
2026-01-06 05:51:01+00:00,2026-01-06 05:54:49.701102+00:00,361.0,3219.802,3219.5,3219.99,ETH
2026-01-06 05:51:02+00:00,2026-01-06 05:54:50.718071+00:00,362.0,3219.812,3219.53,3220.17,ETH
2026-01-06 05:51:03+00:00,2026-01-06 05:54:51.759335+00:00,363.0,3219.982,3219.74,3220.24,ETH
2026-01-06 05:51:04+00:00,2026-01-06 05:54:52.759167+00:00,364.0,3219.982,3219.78,3220.1,ETH
2026-01-06 05:51:05+00:00,2026-01-06 05:54:53.754786+00:00,365.0,3219.952,3219.79,3220.1,ETH
2026-01-06 05:51:06+00:00,2026-01-06 05:54:54.763142+00:00,366.0,3219.952,3219.79,3220.21,ETH
2026-01-06 05:51:07+00:00,2026-01-06 05:54:55.787969+00:00,367.0,3219.972,3219.78,3220.19,ETH
2026-01-06 05:51:08+00:00,2026-01-06 05:54:56.779877+00:00,368.0,3220.012,3219.78,3220.28,ETH
2026-01-06 05:51:09+00:00,2026-01-06 05:54:57.753904+00:00,369.0,3220.042,3219.8,3220.36,ETH
2026-01-06 05:51:10+00:00,2026-01-06 05:54:58.761241+00:00,370.0,3220.042,3219.8,3220.35,ETH
2026-01-06 05:51:11+00:00,2026-01-06 05:54:59.771543+00:00,371.0,3220.042,3219.8,3220.35,ETH
2026-01-06 05:51:12+00:00,2026-01-06 05:55:00.782989+00:00,372.0,3220.042,3219.8,3220.35,ETH
2026-01-06 05:51:13+00:00,2026-01-06 05:55:01.795712+00:00,373.0,3220.012,3219.8,3220.31,ETH
2026-01-06 05:51:14+00:00,2026-01-06 05:55:02.798335+00:00,374.0,3220.042,3219.79,3220.36,ETH
2026-01-06 05:51:15+00:00,2026-01-06 05:55:03.836237+00:00,375.0,3220.042,3219.79,3220.33,ETH
2026-01-06 05:51:16+00:00,2026-01-06 05:55:04.817886+00:00,376.0,3219.932,3219.79,3220.28,ETH
2026-01-06 05:51:17+00:00,2026-01-06 05:55:05.828169+00:00,377.0,3219.932,3219.76,3220.32,ETH
2026-01-06 05:51:18+00:00,2026-01-06 05:55:06.829440+00:00,378.0,3219.942,3219.76,3220.23,ETH
2026-01-06 05:51:19+00:00,2026-01-06 05:55:07.828057+00:00,379.0,3219.582,3219.4,3219.86,ETH
2026-01-06 05:51:20+00:00,2026-01-06 05:55:08.853185+00:00,380.0,3219.412,3219.3,3219.82,ETH
2026-01-06 05:51:21+00:00,2026-01-06 05:55:09.861227+00:00,381.0,3219.422,3219.27,3219.86,ETH
2026-01-06 05:51:22+00:00,2026-01-06 05:55:10.851089+00:00,382.0,3219.422,3219.27,3219.88,ETH
2026-01-06 05:51:23+00:00,2026-01-06 05:55:11.877951+00:00,383.0,3219.592,3219.3,3219.9,ETH
2026-01-06 05:51:24+00:00,2026-01-06 05:55:12.879342+00:00,384.0,3219.632,3219.3,3219.9,ETH
2026-01-06 05:51:25+00:00,2026-01-06 05:55:13.891946+00:00,385.0,3219.782,3219.59,3220.1,ETH
2026-01-06 05:51:26+00:00,2026-01-06 05:55:14.906417+00:00,386.0,3219.782,3219.63,3220.12,ETH
2026-01-06 05:51:27+00:00,2026-01-06 05:55:15.896867+00:00,387.0,3219.822,3219.67,3220.09,ETH
2026-01-06 05:51:28+00:00,2026-01-06 05:55:16.929350+00:00,388.0,3219.802,3219.67,3220.1,ETH
2026-01-06 05:51:29+00:00,2026-01-06 05:55:17.914697+00:00,389.0,3219.802,3219.67,3220.15,ETH
2026-01-06 05:51:30+00:00,2026-01-06 05:55:18.950248+00:00,390.0,3219.832,3219.68,3220.15,ETH
2026-01-06 05:51:31+00:00,2026-01-06 05:55:19.960027+00:00,391.0,3220.042,3219.74,3220.27,ETH
2026-01-06 05:51:32+00:00,2026-01-06 05:55:21.011698+00:00,392.0,3220.202,3219.89,3220.39,ETH
2026-01-06 05:51:33+00:00,2026-01-06 05:55:22.012564+00:00,393.0,3220.202,3219.89,3220.33,ETH
2026-01-06 05:51:34+00:00,2026-01-06 05:55:23.026066+00:00,394.0,3220.242,3219.99,3220.41,ETH
2026-01-06 05:51:35+00:00,2026-01-06 05:55:24.031180+00:00,395.0,3220.252,3220.18,3220.28,ETH
2026-01-06 05:51:36+00:00,2026-01-06 05:55:26.056037+00:00,396.0,3220.342,3220.18,3220.49,ETH
2026-01-06 05:51:37+00:00,2026-01-06 05:55:27.064996+00:00,397.0,3220.272,3220.15,3220.34,ETH
2026-01-06 05:51:38+00:00,2026-01-06 05:55:28.075740+00:00,398.0,3220.182,3220.04,3220.24,ETH
2026-01-06 05:51:39+00:00,2026-01-06 05:55:29.076737+00:00,399.0,3220.182,3219.93,3220.34,ETH
2026-01-06 05:51:40+00:00,2026-01-06 05:55:30.097674+00:00,400.0,3220.182,3219.9,3220.41,ETH
2026-01-06 05:51:41+00:00,2026-01-06 05:55:31.109391+00:00,401.0,3220.182,3219.9,3220.42,ETH
2026-01-06 05:51:42+00:00,2026-01-06 05:55:32.123722+00:00,402.0,3220.182,3219.9,3220.35,ETH
2026-01-06 05:51:43+00:00,2026-01-06 05:55:33.120492+00:00,403.0,3220.182,3219.9,3220.36,ETH
2026-01-06 05:51:44+00:00,2026-01-06 05:55:34.133198+00:00,404.0,3220.092,3219.87,3220.47,ETH
2026-01-06 05:51:45+00:00,2026-01-06 05:55:35.133450+00:00,405.0,3220.012,3219.85,3220.48,ETH
2026-01-06 05:51:46+00:00,2026-01-06 05:55:36.141627+00:00,406.0,3220.012,3219.85,3220.5,ETH
2026-01-06 05:51:47+00:00,2026-01-06 05:55:37.149763+00:00,407.0,3220.132,3219.89,3220.48,ETH
2026-01-06 05:51:48+00:00,2026-01-06 05:55:38.158164+00:00,408.0,3220.242,3219.94,3220.51,ETH
2026-01-06 05:51:50+00:00,2026-01-06 05:55:39.209333+00:00,410.0,3220.242,3219.94,3220.58,ETH
2026-01-06 05:51:51+00:00,2026-01-06 05:55:40.208225+00:00,411.0,3220.242,3219.93,3220.53,ETH
2026-01-06 05:51:52+00:00,2026-01-06 05:55:41.211289+00:00,412.0,3220.342,3220.04,3220.67,ETH
2026-01-06 05:51:53+00:00,2026-01-06 05:55:42.208695+00:00,413.0,3220.342,3220.09,3220.64,ETH
2026-01-06 05:51:54+00:00,2026-01-06 05:55:43.224854+00:00,414.0,3220.342,3220.09,3220.65,ETH
2026-01-06 05:51:55+00:00,2026-01-06 05:55:44.222600+00:00,415.0,3220.312,3220.2,3220.76,ETH
2026-01-06 05:51:56+00:00,2026-01-06 05:55:45.209895+00:00,416.0,3220.412,3220.2,3220.74,ETH
2026-01-06 05:51:57+00:00,2026-01-06 05:55:46.211319+00:00,417.0,3220.312,3220.12,3220.82,ETH
2026-01-06 05:51:58+00:00,2026-01-06 05:55:47.210022+00:00,418.0,3220.312,3220.12,3220.82,ETH
2026-01-06 05:51:59+00:00,2026-01-06 05:55:48.215655+00:00,419.0,3220.382,3220.15,3220.6,ETH
2026-01-06 05:52:00+00:00,2026-01-06 05:55:50.240113+00:00,420.0,3220.492,3220.27,3220.78,ETH
2026-01-06 05:52:01+00:00,2026-01-06 05:55:51.260791+00:00,421.0,3220.612,3220.38,3220.98,ETH
2026-01-06 05:52:02+00:00,2026-01-06 05:55:52.279978+00:00,422.0,3220.612,3220.37,3220.96,ETH
2026-01-06 05:52:03+00:00,2026-01-06 05:55:53.277127+00:00,423.0,3220.542,3220.35,3220.89,ETH
2026-01-06 05:52:04+00:00,2026-01-06 05:55:54.296866+00:00,424.0,3220.542,3220.35,3220.86,ETH
2026-01-06 05:52:05+00:00,2026-01-06 05:55:55.315726+00:00,425.0,3220.602,3220.37,3220.93,ETH
2026-01-06 05:52:06+00:00,2026-01-06 05:55:56.330063+00:00,426.0,3220.602,3220.39,3220.92,ETH
2026-01-06 05:52:07+00:00,2026-01-06 05:55:57.314372+00:00,427.0,3220.682,3220.5,3220.99,ETH
2026-01-06 05:52:08+00:00,2026-01-06 05:55:58.326163+00:00,428.0,3220.832,3220.61,3221.16,ETH
2026-01-06 05:52:09+00:00,2026-01-06 05:55:59.346584+00:00,429.0,3221.062,3220.84,3221.22,ETH
2026-01-06 05:52:10+00:00,2026-01-06 05:56:00.342004+00:00,430.0,3221.202,3221.05,3221.24,ETH
2026-01-06 05:52:11+00:00,2026-01-06 05:56:01.350738+00:00,431.0,3221.182,3221.06,3221.22,ETH
2026-01-06 05:52:12+00:00,2026-01-06 05:56:02.344139+00:00,432.0,3221.242,3221.07,3221.26,ETH
2026-01-06 05:52:13+00:00,2026-01-06 05:56:03.357220+00:00,433.0,3221.312,3221.07,3221.33,ETH
2026-01-06 05:52:14+00:00,2026-01-06 05:56:04.358289+00:00,434.0,3221.312,3221.1,3221.33,ETH
2026-01-06 05:52:15+00:00,2026-01-06 05:56:05.366005+00:00,435.0,3221.302,3221.11,3221.32,ETH
2026-01-06 05:52:16+00:00,2026-01-06 05:56:06.382212+00:00,436.0,3221.222,3221.08,3221.32,ETH
2026-01-06 05:52:17+00:00,2026-01-06 05:56:07.389882+00:00,437.0,3221.102,3220.98,3221.21,ETH
2026-01-06 05:52:18+00:00,2026-01-06 05:56:08.396202+00:00,438.0,3221.022,3220.69,3221.08,ETH
2026-01-06 05:52:19+00:00,2026-01-06 05:56:09.412397+00:00,439.0,3220.572,3220.22,3220.68,ETH
2026-01-06 05:52:20+00:00,2026-01-06 05:56:10.413324+00:00,440.0,3220.142,3219.95,3220.25,ETH
2026-01-06 05:52:21+00:00,2026-01-06 05:56:11.414449+00:00,441.0,3219.952,3219.84,3220.14,ETH
2026-01-06 05:52:22+00:00,2026-01-06 05:56:12.427771+00:00,442.0,3219.712,3219.68,3219.9,ETH
2026-01-06 05:52:23+00:00,2026-01-06 05:56:13.424342+00:00,443.0,3219.342,3219.32,3219.59,ETH
2026-01-06 05:52:24+00:00,2026-01-06 05:56:14.443917+00:00,444.0,3219.002,3218.99,3219.43,ETH
2026-01-06 05:52:25+00:00,2026-01-06 05:56:15.442113+00:00,445.0,3218.872,3218.82,3219.14,ETH
2026-01-06 05:52:26+00:00,2026-01-06 05:56:16.445883+00:00,446.0,3218.602,3218.46,3218.75,ETH
2026-01-06 05:52:27+00:00,2026-01-06 05:56:17.455108+00:00,447.0,3218.442,3218.26,3218.64,ETH
2026-01-06 05:52:28+00:00,2026-01-06 05:56:18.460674+00:00,448.0,3218.442,3218.26,3218.66,ETH
2026-01-06 05:52:29+00:00,2026-01-06 05:56:19.481554+00:00,449.0,3218.512,3218.3,3218.74,ETH
2026-01-06 05:52:30+00:00,2026-01-06 05:56:20.481416+00:00,450.0,3218.692,3218.45,3219.03,ETH
2026-01-06 05:52:31+00:00,2026-01-06 05:56:21.493396+00:00,451.0,3218.802,3218.56,3219.27,ETH
2026-01-06 05:52:32+00:00,2026-01-06 05:56:22.512413+00:00,452.0,3218.802,3218.56,3219.25,ETH
2026-01-06 05:52:33+00:00,2026-01-06 05:56:23.512972+00:00,453.0,3218.802,3218.55,3219.21,ETH
2026-01-06 05:52:34+00:00,2026-01-06 05:56:24.521978+00:00,454.0,3218.802,3218.53,3219.19,ETH
2026-01-06 05:52:35+00:00,2026-01-06 05:56:25.513577+00:00,455.0,3218.802,3218.55,3219.18,ETH
2026-01-06 05:52:36+00:00,2026-01-06 05:56:26.518437+00:00,456.0,3218.802,3218.56,3219.26,ETH
2026-01-06 05:52:37+00:00,2026-01-06 05:56:27.513129+00:00,457.0,3218.802,3218.56,3219.19,ETH
2026-01-06 05:52:38+00:00,2026-01-06 05:56:28.525129+00:00,458.0,3218.802,3218.55,3219.04,ETH
2026-01-06 05:52:39+00:00,2026-01-06 05:56:29.528492+00:00,459.0,3218.782,3218.54,3219.1,ETH
2026-01-06 05:52:40+00:00,2026-01-06 05:56:30.527183+00:00,460.0,3218.772,3218.54,3219.16,ETH
2026-01-06 05:52:41+00:00,2026-01-06 05:56:31.528958+00:00,461.0,3218.772,3218.55,3219.12,ETH
2026-01-06 05:52:42+00:00,2026-01-06 05:56:32.526809+00:00,462.0,3218.662,3218.55,3219.09,ETH
2026-01-06 05:52:43+00:00,2026-01-06 05:56:33.542175+00:00,463.0,3218.602,3218.59,3219.1,ETH
2026-01-06 05:52:44+00:00,2026-01-06 05:56:34.554724+00:00,464.0,3218.642,3218.63,3219.02,ETH
2026-01-06 05:52:45+00:00,2026-01-06 05:56:35.546506+00:00,465.0,3218.642,3218.62,3218.83,ETH
2026-01-06 05:52:46+00:00,2026-01-06 05:56:36.554950+00:00,466.0,3218.642,3218.61,3218.72,ETH
2026-01-06 05:52:47+00:00,2026-01-06 05:56:37.578187+00:00,467.0,3218.552,3218.53,3218.62,ETH
2026-01-06 05:52:48+00:00,2026-01-06 05:56:38.586784+00:00,468.0,3218.452,3218.26,3218.62,ETH
2026-01-06 05:52:49+00:00,2026-01-06 05:56:39.577259+00:00,469.0,3218.682,3218.67,3219.0,ETH
2026-01-06 05:52:50+00:00,2026-01-06 05:56:40.586975+00:00,470.0,3219.222,3219.12,3219.42,ETH
2026-01-06 05:52:51+00:00,2026-01-06 05:56:41.585544+00:00,471.0,3219.282,3219.13,3219.55,ETH
2026-01-06 05:52:52+00:00,2026-01-06 05:56:42.587849+00:00,472.0,3219.352,3219.23,3219.49,ETH
2026-01-06 05:52:53+00:00,2026-01-06 05:56:43.587560+00:00,473.0,3219.352,3219.24,3219.49,ETH
2026-01-06 05:52:54+00:00,2026-01-06 05:56:44.607433+00:00,474.0,3219.282,3219.17,3219.44,ETH
2026-01-06 05:52:55+00:00,2026-01-06 05:56:45.613085+00:00,475.0,3219.282,3219.17,3219.45,ETH
2026-01-06 05:52:56+00:00,2026-01-06 05:56:46.607759+00:00,476.0,3219.282,3219.2,3219.51,ETH
2026-01-06 05:52:57+00:00,2026-01-06 05:56:47.603632+00:00,477.0,3219.582,3219.51,3219.8,ETH
2026-01-06 05:52:58+00:00,2026-01-06 05:56:48.593689+00:00,478.0,3219.812,3219.64,3220.05,ETH
2026-01-06 05:52:59+00:00,2026-01-06 05:56:49.604823+00:00,479.0,3219.812,3219.64,3220.08,ETH
2026-01-06 05:53:00+00:00,2026-01-06 05:56:50.621715+00:00,480.0,3219.662,3219.56,3220.08,ETH
2026-01-06 05:53:01+00:00,2026-01-06 05:56:51.636088+00:00,481.0,3219.542,3219.42,3219.68,ETH
2026-01-06 05:53:02+00:00,2026-01-06 05:56:52.653849+00:00,482.0,3219.002,3218.88,3219.01,ETH
2026-01-06 05:53:03+00:00,2026-01-06 05:56:53.722400+00:00,483.0,3218.672,3218.62,3219.03,ETH
2026-01-06 05:53:04+00:00,2026-01-06 05:56:54.712642+00:00,484.0,3218.662,3218.66,3219.11,ETH
2026-01-06 05:53:05+00:00,2026-01-06 05:56:55.807700+00:00,485.0,3218.962,3218.79,3219.34,ETH
2026-01-06 05:53:06+00:00,2026-01-06 05:56:56.840398+00:00,486.0,3219.132,3218.95,3219.56,ETH
2026-01-06 05:53:07+00:00,2026-01-06 05:56:57.863657+00:00,487.0,3219.162,3219.04,3219.57,ETH
2026-01-06 05:53:08+00:00,2026-01-06 05:56:58.877782+00:00,488.0,3219.282,3219.07,3219.59,ETH
2026-01-06 05:53:09+00:00,2026-01-06 05:56:59.889063+00:00,489.0,3219.482,3219.32,3219.84,ETH
2026-01-06 05:53:10+00:00,2026-01-06 05:57:00.914498+00:00,490.0,3219.612,3219.53,3220.04,ETH
2026-01-06 05:53:11+00:00,2026-01-06 05:57:01.909855+00:00,491.0,3219.702,3219.6,3220.13,ETH
2026-01-06 05:53:12+00:00,2026-01-06 05:57:02.923576+00:00,492.0,3219.782,3219.64,3220.18,ETH
2026-01-06 05:53:13+00:00,2026-01-06 05:57:03.924924+00:00,493.0,3219.782,3219.77,3220.25,ETH
2026-01-06 05:53:14+00:00,2026-01-06 05:57:04.938180+00:00,494.0,3220.072,3219.83,3220.36,ETH
2026-01-06 05:53:15+00:00,2026-01-06 05:57:05.956022+00:00,495.0,3220.312,3220.03,3220.44,ETH
2026-01-06 05:53:16+00:00,2026-01-06 05:57:06.947267+00:00,496.0,3220.312,3220.03,3220.49,ETH
2026-01-06 05:53:17+00:00,2026-01-06 05:57:07.941753+00:00,497.0,3220.272,3220.05,3220.37,ETH
2026-01-06 05:53:18+00:00,2026-01-06 05:57:08.958490+00:00,498.0,3220.152,3220.01,3220.29,ETH
2026-01-06 05:53:19+00:00,2026-01-06 05:57:09.961662+00:00,499.0,3220.152,3220.01,3220.3,ETH
2026-01-06 05:53:20+00:00,2026-01-06 05:57:10.977483+00:00,500.0,3220.162,3220.01,3220.31,ETH
2026-01-06 05:53:21+00:00,2026-01-06 05:57:11.979336+00:00,501.0,3220.172,3220.01,3220.32,ETH
2026-01-06 05:53:22+00:00,2026-01-06 05:57:12.972235+00:00,502.0,3220.152,3220.01,3220.27,ETH
2026-01-06 05:53:23+00:00,2026-01-06 05:57:13.988048+00:00,503.0,3219.902,3219.81,3220.03,ETH
2026-01-06 05:53:24+00:00,2026-01-06 05:57:14.989204+00:00,504.0,3219.832,3219.65,3219.96,ETH
2026-01-06 05:53:25+00:00,2026-01-06 05:57:15.993658+00:00,505.0,3219.952,3219.65,3220.33,ETH
2026-01-06 05:53:26+00:00,2026-01-06 05:57:17.008462+00:00,506.0,3220.232,3220.14,3220.38,ETH
2026-01-06 05:53:27+00:00,2026-01-06 05:57:18.021994+00:00,507.0,3220.282,3220.14,3220.38,ETH
2026-01-06 05:53:28+00:00,2026-01-06 05:57:19.042315+00:00,508.0,3220.312,3220.19,3220.38,ETH
2026-01-06 05:53:29+00:00,2026-01-06 05:57:20.043791+00:00,509.0,3220.372,3220.19,3220.53,ETH
2026-01-06 05:53:30+00:00,2026-01-06 05:57:21.054239+00:00,510.0,3220.382,3220.33,3220.38,ETH
2026-01-06 05:53:31+00:00,2026-01-06 05:57:22.056017+00:00,511.0,3220.382,3220.33,3220.38,ETH
2026-01-06 05:53:32+00:00,2026-01-06 05:57:23.075210+00:00,512.0,3220.422,3220.37,3220.47,ETH
2026-01-06 05:53:33+00:00,2026-01-06 05:57:24.088129+00:00,513.0,3220.462,3220.4,3220.47,ETH
2026-01-06 05:53:34+00:00,2026-01-06 05:57:25.093489+00:00,514.0,3220.552,3220.49,3220.67,ETH
2026-01-06 05:53:35+00:00,2026-01-06 05:57:26.106531+00:00,515.0,3220.662,3220.48,3220.71,ETH
2026-01-06 05:53:36+00:00,2026-01-06 05:57:28.115669+00:00,516.0,3220.622,3220.48,3220.67,ETH
2026-01-06 05:53:37+00:00,2026-01-06 05:57:29.121678+00:00,517.0,3220.602,3220.47,3220.65,ETH
2026-01-06 05:53:38+00:00,2026-01-06 05:57:30.139138+00:00,518.0,3220.602,3220.43,3220.67,ETH
2026-01-06 05:53:39+00:00,2026-01-06 05:57:31.144573+00:00,519.0,3220.592,3220.38,3220.67,ETH
2026-01-06 05:53:41+00:00,2026-01-06 05:57:32.190559+00:00,521.0,3220.632,3220.31,3220.85,ETH
2026-01-06 05:53:42+00:00,2026-01-06 05:57:33.167632+00:00,522.0,3220.632,3220.31,3220.75,ETH
2026-01-06 05:53:43+00:00,2026-01-06 05:57:34.185847+00:00,523.0,3220.232,3220.18,3220.42,ETH
2026-01-06 05:53:44+00:00,2026-01-06 05:57:35.178922+00:00,524.0,3220.232,3220.09,3220.42,ETH
2026-01-06 05:53:45+00:00,2026-01-06 05:57:36.195040+00:00,525.0,3220.232,3220.07,3220.54,ETH
2026-01-06 05:53:46+00:00,2026-01-06 05:57:37.173739+00:00,526.0,3220.232,3220.07,3220.55,ETH
2026-01-06 05:53:47+00:00,2026-01-06 05:57:38.216210+00:00,527.0,3220.062,3219.99,3220.26,ETH
2026-01-06 05:53:48+00:00,2026-01-06 05:57:39.188056+00:00,528.0,3219.952,3219.87,3220.13,ETH
2026-01-06 05:53:49+00:00,2026-01-06 05:57:40.191812+00:00,529.0,3219.672,3219.61,3220.01,ETH
2026-01-06 05:53:50+00:00,2026-01-06 05:57:41.198728+00:00,530.0,3219.582,3219.58,3219.94,ETH
2026-01-06 05:53:51+00:00,2026-01-06 05:57:42.182477+00:00,531.0,3219.582,3219.58,3219.97,ETH
2026-01-06 05:53:52+00:00,2026-01-06 05:57:43.203557+00:00,532.0,3219.582,3219.58,3219.97,ETH
2026-01-06 05:53:53+00:00,2026-01-06 05:57:44.196095+00:00,533.0,3219.582,3219.58,3220.0,ETH
2026-01-06 05:53:54+00:00,2026-01-06 05:57:45.199085+00:00,534.0,3219.652,3219.6,3219.95,ETH
2026-01-06 05:53:55+00:00,2026-01-06 05:57:46.204546+00:00,535.0,3219.652,3219.62,3220.1,ETH
2026-01-06 05:53:56+00:00,2026-01-06 05:57:47.211158+00:00,536.0,3219.582,3219.57,3220.05,ETH
2026-01-06 05:53:57+00:00,2026-01-06 05:57:48.221949+00:00,537.0,3219.572,3219.57,3220.0,ETH
2026-01-06 05:53:58+00:00,2026-01-06 05:57:49.219320+00:00,538.0,3219.572,3219.57,3219.99,ETH
2026-01-06 05:53:59+00:00,2026-01-06 05:57:51.228221+00:00,539.0,3219.572,3219.57,3219.98,ETH
2026-01-06 05:54:00+00:00,2026-01-06 05:57:52.242389+00:00,540.0,3219.772,3219.65,3220.05,ETH
2026-01-06 05:54:01+00:00,2026-01-06 05:57:53.257775+00:00,541.0,3219.982,3219.73,3220.12,ETH
2026-01-06 05:54:02+00:00,2026-01-06 05:57:54.275178+00:00,542.0,3220.032,3219.81,3220.26,ETH
2026-01-06 05:54:03+00:00,2026-01-06 05:57:55.274839+00:00,543.0,3220.142,3220.0,3220.46,ETH
2026-01-06 05:54:04+00:00,2026-01-06 05:57:56.291624+00:00,544.0,3220.222,3220.11,3220.58,ETH
2026-01-06 05:54:05+00:00,2026-01-06 05:57:57.283118+00:00,545.0,3220.332,3220.17,3220.66,ETH
2026-01-06 05:54:06+00:00,2026-01-06 05:57:58.291489+00:00,546.0,3220.532,3220.24,3220.74,ETH
2026-01-06 05:54:07+00:00,2026-01-06 05:57:59.294188+00:00,547.0,3220.682,3220.31,3220.8,ETH
2026-01-06 05:54:08+00:00,2026-01-06 05:58:00.309014+00:00,548.0,3220.732,3220.38,3220.8,ETH
2026-01-06 05:54:09+00:00,2026-01-06 05:58:01.331308+00:00,549.0,3220.732,3220.39,3220.8,ETH
2026-01-06 05:54:10+00:00,2026-01-06 05:58:02.338419+00:00,550.0,3220.742,3220.39,3220.81,ETH
2026-01-06 05:54:11+00:00,2026-01-06 05:58:03.357272+00:00,551.0,3220.542,3220.22,3220.58,ETH
2026-01-06 05:54:12+00:00,2026-01-06 05:58:04.371903+00:00,552.0,3219.982,3219.84,3220.15,ETH
2026-01-06 05:54:13+00:00,2026-01-06 05:58:05.387110+00:00,553.0,3219.612,3219.43,3219.8,ETH
2026-01-06 05:54:14+00:00,2026-01-06 05:58:06.409303+00:00,554.0,3219.552,3219.32,3219.75,ETH
2026-01-06 05:54:15+00:00,2026-01-06 05:58:07.409061+00:00,555.0,3219.502,3219.38,3219.81,ETH
2026-01-06 05:54:16+00:00,2026-01-06 05:58:08.408612+00:00,556.0,3219.502,3219.35,3219.75,ETH
2026-01-06 05:54:17+00:00,2026-01-06 05:58:09.421000+00:00,557.0,3219.422,3219.28,3219.71,ETH
2026-01-06 05:54:18+00:00,2026-01-06 05:58:10.424371+00:00,558.0,3219.342,3219.23,3219.67,ETH
2026-01-06 05:54:19+00:00,2026-01-06 05:58:11.441378+00:00,559.0,3219.342,3219.23,3219.6,ETH
2026-01-06 05:54:20+00:00,2026-01-06 05:58:12.440267+00:00,560.0,3219.482,3219.27,3219.71,ETH
2026-01-06 05:54:21+00:00,2026-01-06 05:58:13.438319+00:00,561.0,3219.702,3219.4,3220.02,ETH
2026-01-06 05:54:22+00:00,2026-01-06 05:58:14.443062+00:00,562.0,3219.782,3219.56,3220.15,ETH
2026-01-06 05:54:23+00:00,2026-01-06 05:58:15.435613+00:00,563.0,3219.782,3219.62,3220.13,ETH
2026-01-06 05:54:24+00:00,2026-01-06 05:58:16.440042+00:00,564.0,3220.002,3219.66,3220.36,ETH
2026-01-06 05:54:25+00:00,2026-01-06 05:58:17.454441+00:00,565.0,3219.942,3219.6,3220.06,ETH
2026-01-06 05:54:26+00:00,2026-01-06 05:58:18.452170+00:00,566.0,3219.472,3219.26,3219.97,ETH
2026-01-06 05:54:27+00:00,2026-01-06 05:58:19.471467+00:00,567.0,3219.452,3219.26,3219.92,ETH
2026-01-06 05:54:28+00:00,2026-01-06 05:58:20.468055+00:00,568.0,3219.232,3219.23,3219.88,ETH
2026-01-06 05:54:29+00:00,2026-01-06 05:58:21.459536+00:00,569.0,3219.702,3219.33,3219.88,ETH
2026-01-06 05:54:30+00:00,2026-01-06 05:58:22.476601+00:00,570.0,3219.622,3219.56,3220.1,ETH
2026-01-06 05:54:31+00:00,2026-01-06 05:58:23.474449+00:00,571.0,3219.622,3219.46,3220.13,ETH
2026-01-06 05:54:32+00:00,2026-01-06 05:58:24.475248+00:00,572.0,3219.622,3219.48,3220.11,ETH
2026-01-06 05:54:33+00:00,2026-01-06 05:58:25.476842+00:00,573.0,3219.502,3219.43,3220.13,ETH
2026-01-06 05:54:34+00:00,2026-01-06 05:58:26.502120+00:00,574.0,3219.412,3219.41,3219.86,ETH
2026-01-06 05:54:35+00:00,2026-01-06 05:58:27.501824+00:00,575.0,3219.412,3219.4,3219.89,ETH
2026-01-06 05:54:36+00:00,2026-01-06 05:58:28.519382+00:00,576.0,3219.352,3219.34,3219.7,ETH
2026-01-06 05:54:37+00:00,2026-01-06 05:58:29.520108+00:00,577.0,3219.312,3219.31,3219.81,ETH
2026-01-06 05:54:38+00:00,2026-01-06 05:58:30.519893+00:00,578.0,3219.312,3219.31,3219.81,ETH
2026-01-06 05:54:39+00:00,2026-01-06 05:58:31.527097+00:00,579.0,3219.312,3219.31,3219.82,ETH
2026-01-06 05:54:40+00:00,2026-01-06 05:58:32.530302+00:00,580.0,3219.322,3219.29,3219.44,ETH
2026-01-06 05:54:41+00:00,2026-01-06 05:58:33.542349+00:00,581.0,3219.112,3219.0,3219.62,ETH
2026-01-06 05:54:42+00:00,2026-01-06 05:58:34.553221+00:00,582.0,3219.112,3218.98,3219.26,ETH
2026-01-06 05:54:43+00:00,2026-01-06 05:58:35.559071+00:00,583.0,3218.632,3218.62,3219.07,ETH
2026-01-06 05:54:44+00:00,2026-01-06 05:58:36.571776+00:00,584.0,3218.632,3218.62,3219.07,ETH
2026-01-06 05:54:45+00:00,2026-01-06 05:58:37.571160+00:00,585.0,3218.632,3218.62,3219.06,ETH
2026-01-06 05:54:46+00:00,2026-01-06 05:58:38.586720+00:00,586.0,3218.622,3218.61,3219.06,ETH
2026-01-06 05:54:47+00:00,2026-01-06 05:58:39.593339+00:00,587.0,3218.622,3218.61,3219.06,ETH
2026-01-06 05:54:48+00:00,2026-01-06 05:58:40.614129+00:00,588.0,3218.622,3218.61,3219.07,ETH
2026-01-06 05:54:49+00:00,2026-01-06 05:58:41.607825+00:00,589.0,3218.622,3218.6,3219.24,ETH
2026-01-06 05:54:50+00:00,2026-01-06 05:58:42.602330+00:00,590.0,3218.622,3218.6,3219.24,ETH
2026-01-06 05:54:51+00:00,2026-01-06 05:58:43.593387+00:00,591.0,3218.622,3218.61,3219.24,ETH
2026-01-06 05:54:52+00:00,2026-01-06 05:58:44.590282+00:00,592.0,3218.622,3218.61,3219.23,ETH
2026-01-06 05:54:53+00:00,2026-01-06 05:58:45.588349+00:00,593.0,3218.622,3218.61,3219.23,ETH
2026-01-06 05:54:54+00:00,2026-01-06 05:58:46.605191+00:00,594.0,3218.622,3218.61,3219.22,ETH
2026-01-06 05:54:55+00:00,2026-01-06 05:58:47.621017+00:00,595.0,3218.622,3218.61,3219.22,ETH
2026-01-06 05:54:56+00:00,2026-01-06 05:58:48.608975+00:00,596.0,3218.622,3218.61,3219.22,ETH
2026-01-06 05:54:57+00:00,2026-01-06 05:58:49.608864+00:00,597.0,3218.622,3218.61,3219.22,ETH
2026-01-06 05:54:58+00:00,2026-01-06 05:58:50.617879+00:00,598.0,3218.622,3218.61,3219.21,ETH
2026-01-06 05:54:59+00:00,2026-01-06 05:58:51.615303+00:00,599.0,3218.622,3218.6,3219.21,ETH
2026-01-06 05:55:00+00:00,2026-01-06 05:58:52.619615+00:00,600.0,3218.532,3218.46,3219.15,ETH
2026-01-06 05:55:01+00:00,2026-01-06 05:58:53.636123+00:00,601.0,3218.522,3218.51,3219.06,ETH
2026-01-06 05:55:02+00:00,2026-01-06 05:58:54.663365+00:00,602.0,3218.632,3218.58,3219.12,ETH
2026-01-06 05:55:03+00:00,2026-01-06 05:58:55.671711+00:00,603.0,3218.632,3218.62,3219.18,ETH
2026-01-06 05:55:04+00:00,2026-01-06 05:58:56.668508+00:00,604.0,3218.632,3218.62,3219.14,ETH
2026-01-06 05:55:05+00:00,2026-01-06 05:58:57.682733+00:00,605.0,3218.622,3218.61,3219.18,ETH
2026-01-06 05:55:06+00:00,2026-01-06 05:58:58.684661+00:00,606.0,3218.622,3218.61,3219.12,ETH
2026-01-06 05:55:07+00:00,2026-01-06 05:58:59.684020+00:00,607.0,3218.632,3218.61,3219.12,ETH
2026-01-06 05:55:08+00:00,2026-01-06 05:59:00.713858+00:00,608.0,3218.632,3218.61,3219.12,ETH
2026-01-06 05:55:09+00:00,2026-01-06 05:59:01.701807+00:00,609.0,3218.632,3218.61,3219.12,ETH
2026-01-06 05:55:10+00:00,2026-01-06 05:59:02.715611+00:00,610.0,3218.632,3218.61,3219.12,ETH
2026-01-06 05:55:11+00:00,2026-01-06 05:59:03.719370+00:00,611.0,3218.632,3218.61,3219.12,ETH
2026-01-06 05:55:12+00:00,2026-01-06 05:59:04.730324+00:00,612.0,3218.632,3218.62,3219.12,ETH
2026-01-06 05:55:13+00:00,2026-01-06 05:59:05.749719+00:00,613.0,3218.632,3218.62,3219.08,ETH
2026-01-06 05:55:14+00:00,2026-01-06 05:59:06.760373+00:00,614.0,3218.402,3218.4,3218.99,ETH
2026-01-06 05:55:15+00:00,2026-01-06 05:59:07.787620+00:00,615.0,3218.302,3218.3,3218.57,ETH
2026-01-06 05:55:16+00:00,2026-01-06 05:59:08.769423+00:00,616.0,3217.992,3217.98,3218.42,ETH
2026-01-06 05:55:17+00:00,2026-01-06 05:59:09.792252+00:00,617.0,3217.992,3217.98,3218.43,ETH
2026-01-06 05:55:18+00:00,2026-01-06 05:59:10.804255+00:00,618.0,3217.992,3217.98,3218.46,ETH
2026-01-06 05:55:19+00:00,2026-01-06 05:59:11.808410+00:00,619.0,3217.992,3217.98,3218.46,ETH
2026-01-06 05:55:20+00:00,2026-01-06 05:59:12.827749+00:00,620.0,3217.992,3217.98,3218.59,ETH
2026-01-06 05:55:21+00:00,2026-01-06 05:59:13.829717+00:00,621.0,3217.992,3217.98,3218.41,ETH
2026-01-06 05:55:22+00:00,2026-01-06 05:59:14.841189+00:00,622.0,3218.152,3218.06,3218.44,ETH
2026-01-06 05:55:23+00:00,2026-01-06 05:59:15.838662+00:00,623.0,3218.072,3218.06,3218.22,ETH
2026-01-06 05:55:24+00:00,2026-01-06 05:59:16.844360+00:00,624.0,3218.072,3218.06,3218.53,ETH
2026-01-06 05:55:25+00:00,2026-01-06 05:59:17.837534+00:00,625.0,3218.072,3218.06,3218.51,ETH
2026-01-06 05:55:26+00:00,2026-01-06 05:59:18.849905+00:00,626.0,3218.072,3218.06,3218.41,ETH
2026-01-06 05:55:27+00:00,2026-01-06 05:59:19.859001+00:00,627.0,3218.072,3218.04,3218.52,ETH
2026-01-06 05:55:28+00:00,2026-01-06 05:59:20.853578+00:00,628.0,3218.072,3218.04,3218.52,ETH
2026-01-06 05:55:29+00:00,2026-01-06 05:59:21.876588+00:00,629.0,3218.072,3218.03,3218.52,ETH
2026-01-06 05:55:30+00:00,2026-01-06 05:59:22.873944+00:00,630.0,3218.072,3218.05,3218.5,ETH
2026-01-06 05:55:31+00:00,2026-01-06 05:59:23.869608+00:00,631.0,3217.942,3217.94,3218.42,ETH
2026-01-06 05:55:32+00:00,2026-01-06 05:59:24.884581+00:00,632.0,3217.942,3217.93,3218.36,ETH
2026-01-06 05:55:33+00:00,2026-01-06 05:59:25.883188+00:00,633.0,3217.942,3217.93,3218.3,ETH
2026-01-06 05:55:34+00:00,2026-01-06 05:59:26.871510+00:00,634.0,3217.942,3217.94,3218.3,ETH
2026-01-06 05:55:35+00:00,2026-01-06 05:59:28.886887+00:00,635.0,3217.872,3217.87,3218.32,ETH
2026-01-06 05:55:36+00:00,2026-01-06 05:59:29.902065+00:00,636.0,3217.872,3217.87,3218.21,ETH
2026-01-06 05:55:37+00:00,2026-01-06 05:59:30.909582+00:00,637.0,3217.872,3217.87,3218.17,ETH
2026-01-06 05:55:38+00:00,2026-01-06 05:59:31.904906+00:00,638.0,3217.782,3217.77,3218.14,ETH
2026-01-06 05:55:39+00:00,2026-01-06 05:59:32.923407+00:00,639.0,3217.672,3217.66,3218.11,ETH
2026-01-06 05:55:40+00:00,2026-01-06 05:59:33.918672+00:00,640.0,3217.632,3217.63,3218.1,ETH
2026-01-06 05:55:41+00:00,2026-01-06 05:59:34.935058+00:00,641.0,3217.622,3217.6,3218.12,ETH
2026-01-06 05:55:42+00:00,2026-01-06 05:59:35.950761+00:00,642.0,3217.672,3217.65,3218.07,ETH
2026-01-06 05:55:43+00:00,2026-01-06 05:59:36.949055+00:00,643.0,3217.702,3217.7,3217.99,ETH
2026-01-06 05:55:44+00:00,2026-01-06 05:59:37.957097+00:00,644.0,3217.702,3217.7,3218.05,ETH
2026-01-06 05:55:45+00:00,2026-01-06 05:59:38.951130+00:00,645.0,3217.702,3217.7,3218.1,ETH
2026-01-06 05:55:46+00:00,2026-01-06 05:59:39.977474+00:00,646.0,3217.702,3217.7,3218.1,ETH
2026-01-06 05:55:47+00:00,2026-01-06 05:59:40.979599+00:00,647.0,3217.702,3217.7,3218.05,ETH
2026-01-06 05:55:48+00:00,2026-01-06 05:59:41.970657+00:00,648.0,3217.702,3217.7,3218.01,ETH
2026-01-06 05:55:49+00:00,2026-01-06 05:59:42.972297+00:00,649.0,3217.702,3217.7,3218.07,ETH
2026-01-06 05:55:50+00:00,2026-01-06 05:59:43.973530+00:00,650.0,3217.702,3217.7,3218.04,ETH
2026-01-06 05:55:51+00:00,2026-01-06 05:59:44.976490+00:00,651.0,3217.702,3217.7,3217.96,ETH
2026-01-06 05:55:52+00:00,2026-01-06 05:59:45.967530+00:00,652.0,3217.652,3217.64,3218.04,ETH
2026-01-06 05:55:53+00:00,2026-01-06 05:59:46.989260+00:00,653.0,3217.602,3217.59,3218.04,ETH
2026-01-06 05:55:54+00:00,2026-01-06 05:59:47.990822+00:00,654.0,3217.602,3217.59,3217.99,ETH
2026-01-06 05:55:55+00:00,2026-01-06 05:59:48.990528+00:00,655.0,3217.602,3217.59,3218.0,ETH
2026-01-06 05:55:56+00:00,2026-01-06 05:59:49.998241+00:00,656.0,3217.602,3217.59,3217.94,ETH
2026-01-06 05:55:57+00:00,2026-01-06 05:59:51.003640+00:00,657.0,3217.602,3217.59,3217.89,ETH
2026-01-06 05:55:58+00:00,2026-01-06 05:59:52.004406+00:00,658.0,3217.602,3217.59,3217.89,ETH
2026-01-06 05:55:59+00:00,2026-01-06 05:59:53.003703+00:00,659.0,3217.602,3217.59,3217.88,ETH
2026-01-06 05:56:00+00:00,2026-01-06 05:59:53.989346+00:00,660.0,3217.602,3217.59,3217.97,ETH
2026-01-06 05:56:01+00:00,2026-01-06 05:59:55.003127+00:00,661.0,3217.602,3217.59,3217.87,ETH
2026-01-06 05:56:02+00:00,2026-01-06 05:59:56.018081+00:00,662.0,3217.482,3217.47,3217.94,ETH
2026-01-06 05:56:03+00:00,2026-01-06 05:59:57.028419+00:00,663.0,3217.322,3217.19,3217.39,ETH
2026-01-06 05:56:04+00:00,2026-01-06 05:59:58.054205+00:00,664.0,3217.182,3217.17,3217.51,ETH
2026-01-06 05:56:05+00:00,2026-01-06 05:59:59.051944+00:00,665.0,3217.182,3217.15,3217.45,ETH
2026-01-06 05:56:06+00:00,2026-01-06 06:00:00.065018+00:00,666.0,3217.092,3217.08,3217.35,ETH
2026-01-06 05:56:07+00:00,2026-01-06 06:00:01.049240+00:00,667.0,3217.092,3217.09,3217.52,ETH
2026-01-06 05:56:08+00:00,2026-01-06 06:00:02.052316+00:00,668.0,3217.092,3217.09,3217.51,ETH
2026-01-06 05:56:09+00:00,2026-01-06 06:00:03.053014+00:00,669.0,3217.102,3217.1,3217.38,ETH
2026-01-06 05:56:10+00:00,2026-01-06 06:00:04.056891+00:00,670.0,3217.102,3217.1,3217.4,ETH
2026-01-06 05:56:11+00:00,2026-01-06 06:00:05.086407+00:00,671.0,3217.402,3217.3,3217.61,ETH
2026-01-06 05:56:12+00:00,2026-01-06 06:00:06.082716+00:00,672.0,3217.402,3217.31,3217.68,ETH
2026-01-06 05:56:13+00:00,2026-01-06 06:00:07.086211+00:00,673.0,3217.402,3217.31,3217.63,ETH
2026-01-06 05:56:14+00:00,2026-01-06 06:00:08.102620+00:00,674.0,3217.432,3217.32,3217.63,ETH
2026-01-06 05:56:15+00:00,2026-01-06 06:00:09.096344+00:00,675.0,3217.402,3217.31,3217.58,ETH
2026-01-06 05:56:16+00:00,2026-01-06 06:00:10.099661+00:00,676.0,3217.402,3217.31,3217.62,ETH
2026-01-06 05:56:17+00:00,2026-01-06 06:00:11.107666+00:00,677.0,3217.402,3217.32,3217.62,ETH
2026-01-06 05:56:18+00:00,2026-01-06 06:00:12.116356+00:00,678.0,3217.402,3217.35,3217.65,ETH
2026-01-06 05:56:19+00:00,2026-01-06 06:00:13.115771+00:00,679.0,3217.402,3217.35,3217.6,ETH
2026-01-06 05:56:20+00:00,2026-01-06 06:00:14.115526+00:00,680.0,3217.402,3217.33,3217.62,ETH
2026-01-06 05:56:21+00:00,2026-01-06 06:00:15.132605+00:00,681.0,3217.402,3217.34,3217.61,ETH
2026-01-06 05:56:22+00:00,2026-01-06 06:00:16.129968+00:00,682.0,3217.402,3217.34,3217.62,ETH
2026-01-06 05:56:23+00:00,2026-01-06 06:00:18.146757+00:00,683.0,3217.402,3217.35,3217.62,ETH
2026-01-06 05:56:25+00:00,2026-01-06 06:00:19.196211+00:00,685.0,3217.402,3217.35,3217.65,ETH
2026-01-06 05:56:26+00:00,2026-01-06 06:00:20.196609+00:00,686.0,3217.402,3217.35,3217.58,ETH
2026-01-06 05:56:27+00:00,2026-01-06 06:00:21.200593+00:00,687.0,3217.402,3217.35,3217.62,ETH
2026-01-06 05:56:28+00:00,2026-01-06 06:00:22.218359+00:00,688.0,3217.402,3217.34,3217.6,ETH
2026-01-06 05:56:29+00:00,2026-01-06 06:00:23.223473+00:00,689.0,3217.402,3217.34,3217.63,ETH
2026-01-06 05:56:30+00:00,2026-01-06 06:00:24.218075+00:00,690.0,3217.402,3217.34,3217.56,ETH
2026-01-06 05:56:31+00:00,2026-01-06 06:00:25.213725+00:00,691.0,3217.402,3217.34,3217.59,ETH
2026-01-06 05:56:32+00:00,2026-01-06 06:00:26.227983+00:00,692.0,3217.402,3217.34,3217.66,ETH
2026-01-06 05:56:33+00:00,2026-01-06 06:00:27.244134+00:00,693.0,3217.402,3217.34,3217.56,ETH
2026-01-06 05:56:34+00:00,2026-01-06 06:00:28.263941+00:00,694.0,3217.402,3217.34,3217.62,ETH
2026-01-06 05:56:35+00:00,2026-01-06 06:00:29.282337+00:00,695.0,3217.402,3217.34,3217.6,ETH
2026-01-06 05:56:36+00:00,2026-01-06 06:00:30.283222+00:00,696.0,3217.572,3217.34,3217.67,ETH
2026-01-06 05:56:37+00:00,2026-01-06 06:00:31.284556+00:00,697.0,3217.592,3217.4,3217.69,ETH
2026-01-06 05:56:38+00:00,2026-01-06 06:00:32.287594+00:00,698.0,3217.312,3217.24,3217.79,ETH
2026-01-06 05:56:39+00:00,2026-01-06 06:00:33.306494+00:00,699.0,3217.102,3217.1,3217.63,ETH
2026-01-06 05:56:40+00:00,2026-01-06 06:00:34.312772+00:00,700.0,3217.092,3216.97,3217.42,ETH
2026-01-06 05:56:41+00:00,2026-01-06 06:00:35.321529+00:00,701.0,3217.092,3216.97,3217.42,ETH
2026-01-06 05:56:42+00:00,2026-01-06 06:00:36.331125+00:00,702.0,3217.092,3216.97,3217.41,ETH
2026-01-06 05:56:43+00:00,2026-01-06 06:00:37.348923+00:00,703.0,3217.092,3216.97,3217.41,ETH
2026-01-06 05:56:44+00:00,2026-01-06 06:00:38.338309+00:00,704.0,3217.092,3217.02,3217.45,ETH
2026-01-06 05:56:45+00:00,2026-01-06 06:00:39.350013+00:00,705.0,3217.092,3217.02,3217.45,ETH
2026-01-06 05:56:46+00:00,2026-01-06 06:00:40.355128+00:00,706.0,3217.092,3217.08,3217.33,ETH
2026-01-06 05:56:47+00:00,2026-01-06 06:00:42.368832+00:00,707.0,3217.092,3217.08,3217.36,ETH
2026-01-06 05:56:48+00:00,2026-01-06 06:00:43.378930+00:00,708.0,3217.092,3217.08,3217.42,ETH
2026-01-06 05:56:49+00:00,2026-01-06 06:00:44.382730+00:00,709.0,3217.102,3217.07,3217.35,ETH
2026-01-06 05:56:50+00:00,2026-01-06 06:00:45.397555+00:00,710.0,3217.012,3216.99,3217.27,ETH
2026-01-06 05:56:51+00:00,2026-01-06 06:00:46.400367+00:00,711.0,3216.922,3216.91,3217.27,ETH
2026-01-06 05:56:52+00:00,2026-01-06 06:00:47.417269+00:00,712.0,3216.922,3216.91,3217.3,ETH
2026-01-06 05:56:53+00:00,2026-01-06 06:00:48.430836+00:00,713.0,3216.922,3216.91,3217.32,ETH
2026-01-06 05:56:54+00:00,2026-01-06 06:00:49.420015+00:00,714.0,3216.922,3216.91,3217.34,ETH
2026-01-06 05:56:55+00:00,2026-01-06 06:00:50.432377+00:00,715.0,3216.922,3216.91,3217.35,ETH
2026-01-06 05:56:56+00:00,2026-01-06 06:00:51.431332+00:00,716.0,3217.002,3216.94,3217.38,ETH
2026-01-06 05:56:57+00:00,2026-01-06 06:00:52.425919+00:00,717.0,3217.222,3216.99,3217.51,ETH
2026-01-06 05:56:58+00:00,2026-01-06 06:00:53.431136+00:00,718.0,3217.382,3217.12,3217.66,ETH
2026-01-06 05:56:59+00:00,2026-01-06 06:00:54.448321+00:00,719.0,3217.492,3217.24,3217.76,ETH
2026-01-06 05:57:00+00:00,2026-01-06 06:00:55.459399+00:00,720.0,3217.592,3217.33,3218.01,ETH
2026-01-06 05:57:01+00:00,2026-01-06 06:00:56.470446+00:00,721.0,3217.672,3217.42,3218.16,ETH
2026-01-06 05:57:02+00:00,2026-01-06 06:00:57.467877+00:00,722.0,3217.722,3217.44,3218.12,ETH
2026-01-06 05:57:03+00:00,2026-01-06 06:00:58.464590+00:00,723.0,3217.712,3217.45,3218.1,ETH
2026-01-06 05:57:04+00:00,2026-01-06 06:00:59.477439+00:00,724.0,3217.692,3217.45,3218.08,ETH
2026-01-06 05:57:05+00:00,2026-01-06 06:01:00.484493+00:00,725.0,3217.672,3217.45,3218.11,ETH
2026-01-06 05:57:06+00:00,2026-01-06 06:01:01.484111+00:00,726.0,3217.682,3217.45,3218.13,ETH
2026-01-06 05:57:07+00:00,2026-01-06 06:01:02.499488+00:00,727.0,3217.682,3217.44,3218.13,ETH
2026-01-06 05:57:08+00:00,2026-01-06 06:01:03.496869+00:00,728.0,3217.692,3217.44,3218.13,ETH
2026-01-06 05:57:09+00:00,2026-01-06 06:01:04.503333+00:00,729.0,3217.692,3217.44,3218.15,ETH
2026-01-06 05:57:10+00:00,2026-01-06 06:01:05.501422+00:00,730.0,3217.692,3217.44,3218.16,ETH
2026-01-06 05:57:11+00:00,2026-01-06 06:01:06.520357+00:00,731.0,3217.692,3217.44,3218.16,ETH
2026-01-06 05:57:12+00:00,2026-01-06 06:01:07.515449+00:00,732.0,3217.682,3217.44,3218.16,ETH
2026-01-06 05:57:13+00:00,2026-01-06 06:01:08.527968+00:00,733.0,3217.682,3217.44,3218.17,ETH
2026-01-06 05:57:14+00:00,2026-01-06 06:01:09.531005+00:00,734.0,3217.682,3217.44,3218.05,ETH
2026-01-06 05:57:15+00:00,2026-01-06 06:01:10.528878+00:00,735.0,3217.682,3217.41,3218.08,ETH
2026-01-06 05:57:16+00:00,2026-01-06 06:01:11.546841+00:00,736.0,3217.682,3217.41,3218.06,ETH
2026-01-06 05:57:17+00:00,2026-01-06 06:01:12.545768+00:00,737.0,3217.682,3217.42,3218.05,ETH
2026-01-06 05:57:18+00:00,2026-01-06 06:01:13.549359+00:00,738.0,3217.682,3217.42,3217.96,ETH
2026-01-06 05:57:19+00:00,2026-01-06 06:01:14.542849+00:00,739.0,3217.692,3217.47,3217.96,ETH
2026-01-06 05:57:20+00:00,2026-01-06 06:01:15.553666+00:00,740.0,3217.692,3217.42,3217.95,ETH
2026-01-06 05:57:21+00:00,2026-01-06 06:01:16.566972+00:00,741.0,3217.692,3217.42,3217.94,ETH
2026-01-06 05:57:22+00:00,2026-01-06 06:01:17.568248+00:00,742.0,3217.692,3217.42,3217.99,ETH
2026-01-06 05:57:23+00:00,2026-01-06 06:01:18.571776+00:00,743.0,3217.692,3217.47,3217.99,ETH
2026-01-06 05:57:24+00:00,2026-01-06 06:01:19.591851+00:00,744.0,3217.692,3217.47,3217.99,ETH
2026-01-06 05:57:25+00:00,2026-01-06 06:01:20.593151+00:00,745.0,3217.692,3217.47,3217.93,ETH
2026-01-06 05:57:26+00:00,2026-01-06 06:01:21.600105+00:00,746.0,3217.692,3217.47,3217.93,ETH
2026-01-06 05:57:27+00:00,2026-01-06 06:01:22.610773+00:00,747.0,3217.692,3217.47,3217.92,ETH
2026-01-06 05:57:28+00:00,2026-01-06 06:01:23.616501+00:00,748.0,3217.672,3217.48,3217.94,ETH
2026-01-06 05:57:29+00:00,2026-01-06 06:01:24.626734+00:00,749.0,3217.692,3217.47,3217.93,ETH
2026-01-06 05:57:30+00:00,2026-01-06 06:01:25.690379+00:00,750.0,3217.642,3217.47,3217.79,ETH
2026-01-06 05:57:31+00:00,2026-01-06 06:01:26.684191+00:00,751.0,3217.602,3217.46,3217.8,ETH
2026-01-06 05:57:32+00:00,2026-01-06 06:01:27.680559+00:00,752.0,3217.602,3217.46,3217.78,ETH
2026-01-06 05:57:33+00:00,2026-01-06 06:01:28.693258+00:00,753.0,3217.642,3217.47,3217.78,ETH
2026-01-06 05:57:34+00:00,2026-01-06 06:01:29.692634+00:00,754.0,3217.682,3217.48,3217.8,ETH
2026-01-06 05:57:35+00:00,2026-01-06 06:01:30.696209+00:00,755.0,3217.682,3217.48,3217.8,ETH
2026-01-06 05:57:36+00:00,2026-01-06 06:01:31.696727+00:00,756.0,3217.612,3217.45,3217.76,ETH
2026-01-06 05:57:37+00:00,2026-01-06 06:01:32.697306+00:00,757.0,3217.612,3217.46,3217.93,ETH
2026-01-06 05:57:38+00:00,2026-01-06 06:01:33.711401+00:00,758.0,3217.432,3217.41,3217.94,ETH
2026-01-06 05:57:39+00:00,2026-01-06 06:01:34.709797+00:00,759.0,3217.412,3217.39,3217.77,ETH
2026-01-06 05:57:40+00:00,2026-01-06 06:01:35.695805+00:00,760.0,3217.392,3217.38,3217.73,ETH
2026-01-06 05:57:41+00:00,2026-01-06 06:01:36.693349+00:00,761.0,3217.402,3217.38,3217.71,ETH
2026-01-06 05:57:42+00:00,2026-01-06 06:01:37.689639+00:00,762.0,3217.502,3217.43,3217.75,ETH
2026-01-06 05:57:43+00:00,2026-01-06 06:01:38.725532+00:00,763.0,3217.502,3217.43,3217.71,ETH
2026-01-06 05:57:44+00:00,2026-01-06 06:01:39.711413+00:00,764.0,3217.502,3217.4,3217.7,ETH
2026-01-06 05:57:45+00:00,2026-01-06 06:01:40.715459+00:00,765.0,3217.502,3217.4,3217.73,ETH
2026-01-06 05:57:46+00:00,2026-01-06 06:01:41.728835+00:00,766.0,3217.502,3217.4,3217.72,ETH
2026-01-06 05:57:47+00:00,2026-01-06 06:01:42.744235+00:00,767.0,3217.502,3217.4,3217.71,ETH
2026-01-06 05:57:48+00:00,2026-01-06 06:01:43.745827+00:00,768.0,3217.502,3217.38,3217.7,ETH
2026-01-06 05:57:49+00:00,2026-01-06 06:01:44.772168+00:00,769.0,3217.502,3217.38,3217.66,ETH
2026-01-06 05:57:50+00:00,2026-01-06 06:01:45.764303+00:00,770.0,3217.502,3217.37,3217.68,ETH
2026-01-06 05:57:51+00:00,2026-01-06 06:01:46.777073+00:00,771.0,3217.502,3217.37,3217.68,ETH
2026-01-06 05:57:52+00:00,2026-01-06 06:01:47.799531+00:00,772.0,3217.502,3217.39,3217.68,ETH
2026-01-06 05:57:53+00:00,2026-01-06 06:01:48.798588+00:00,773.0,3217.502,3217.39,3217.66,ETH
2026-01-06 05:57:54+00:00,2026-01-06 06:01:49.810814+00:00,774.0,3217.582,3217.38,3217.73,ETH
2026-01-06 05:57:55+00:00,2026-01-06 06:01:50.815607+00:00,775.0,3217.502,3217.39,3217.72,ETH
2026-01-06 05:57:56+00:00,2026-01-06 06:01:51.839445+00:00,776.0,3217.502,3217.38,3217.69,ETH
2026-01-06 05:57:57+00:00,2026-01-06 06:01:52.841659+00:00,777.0,3217.502,3217.39,3217.71,ETH
2026-01-06 05:57:58+00:00,2026-01-06 06:01:53.867341+00:00,778.0,3217.502,3217.39,3217.73,ETH
2026-01-06 05:57:59+00:00,2026-01-06 06:01:54.862073+00:00,779.0,3217.512,3217.39,3217.73,ETH
2026-01-06 05:58:00+00:00,2026-01-06 06:01:55.912642+00:00,780.0,3217.512,3217.39,3217.79,ETH
2026-01-06 05:58:01+00:00,2026-01-06 06:01:56.914380+00:00,781.0,3217.512,3217.39,3217.78,ETH
2026-01-06 05:58:02+00:00,2026-01-06 06:01:57.917725+00:00,782.0,3217.512,3217.39,3217.8,ETH
2026-01-06 05:58:03+00:00,2026-01-06 06:01:58.920628+00:00,783.0,3217.512,3217.39,3217.77,ETH
2026-01-06 05:58:04+00:00,2026-01-06 06:01:59.936266+00:00,784.0,3217.512,3217.39,3217.81,ETH
2026-01-06 05:58:05+00:00,2026-01-06 06:02:00.928207+00:00,785.0,3217.272,3217.23,3217.6,ETH
2026-01-06 05:58:06+00:00,2026-01-06 06:02:01.951957+00:00,786.0,3217.272,3217.23,3217.6,ETH
2026-01-06 05:58:07+00:00,2026-01-06 06:02:02.953899+00:00,787.0,3217.272,3217.23,3217.6,ETH
2026-01-06 05:58:08+00:00,2026-01-06 06:02:03.963118+00:00,788.0,3217.372,3217.24,3217.66,ETH
2026-01-06 05:58:09+00:00,2026-01-06 06:02:04.985054+00:00,789.0,3217.372,3217.27,3217.66,ETH
2026-01-06 05:58:10+00:00,2026-01-06 06:02:05.997999+00:00,790.0,3217.372,3217.27,3217.66,ETH
2026-01-06 05:58:11+00:00,2026-01-06 06:02:07.000877+00:00,791.0,3217.502,3217.27,3217.71,ETH
2026-01-06 05:58:12+00:00,2026-01-06 06:02:07.995815+00:00,792.0,3217.502,3217.35,3217.74,ETH
2026-01-06 05:58:13+00:00,2026-01-06 06:02:08.994860+00:00,793.0,3217.592,3217.35,3217.74,ETH
2026-01-06 05:58:14+00:00,2026-01-06 06:02:10.003587+00:00,794.0,3217.592,3217.37,3217.75,ETH
2026-01-06 05:58:15+00:00,2026-01-06 06:02:11.000624+00:00,795.0,3217.592,3217.37,3217.75,ETH
2026-01-06 05:58:16+00:00,2026-01-06 06:02:12.016487+00:00,796.0,3217.592,3217.37,3217.74,ETH
2026-01-06 05:58:17+00:00,2026-01-06 06:02:13.015480+00:00,797.0,3217.592,3217.37,3217.76,ETH
2026-01-06 05:58:18+00:00,2026-01-06 06:02:14.027527+00:00,798.0,3217.592,3217.37,3217.75,ETH
2026-01-06 05:58:19+00:00,2026-01-06 06:02:15.045549+00:00,799.0,3217.592,3217.37,3217.76,ETH
2026-01-06 05:58:20+00:00,2026-01-06 06:02:16.031447+00:00,800.0,3217.592,3217.37,3217.75,ETH
2026-01-06 05:58:21+00:00,2026-01-06 06:02:17.064110+00:00,801.0,3217.592,3217.38,3217.75,ETH
2026-01-06 05:58:22+00:00,2026-01-06 06:02:18.045921+00:00,802.0,3217.452,3217.31,3217.67,ETH
2026-01-06 05:58:23+00:00,2026-01-06 06:02:20.044370+00:00,803.0,3217.362,3217.32,3217.7,ETH
2026-01-06 05:58:24+00:00,2026-01-06 06:02:21.043882+00:00,804.0,3217.482,3217.4,3217.65,ETH
2026-01-06 05:58:25+00:00,2026-01-06 06:02:22.044027+00:00,805.0,3217.572,3217.45,3217.6,ETH
2026-01-06 05:58:26+00:00,2026-01-06 06:02:23.060588+00:00,806.0,3217.592,3217.43,3217.6,ETH
2026-01-06 05:58:27+00:00,2026-01-06 06:02:24.069893+00:00,807.0,3217.592,3217.43,3217.63,ETH
2026-01-06 05:58:28+00:00,2026-01-06 06:02:25.064927+00:00,808.0,3217.592,3217.43,3217.67,ETH
2026-01-06 05:58:29+00:00,2026-01-06 06:02:26.059687+00:00,809.0,3217.572,3217.43,3217.64,ETH
2026-01-06 05:58:30+00:00,2026-01-06 06:02:27.082976+00:00,810.0,3217.572,3217.42,3217.65,ETH
2026-01-06 05:58:31+00:00,2026-01-06 06:02:28.092077+00:00,811.0,3217.592,3217.42,3217.72,ETH
2026-01-06 05:58:32+00:00,2026-01-06 06:02:29.091814+00:00,812.0,3217.592,3217.43,3217.71,ETH
2026-01-06 05:58:33+00:00,2026-01-06 06:02:30.095090+00:00,813.0,3217.612,3217.44,3217.69,ETH
2026-01-06 05:58:34+00:00,2026-01-06 06:02:31.127095+00:00,814.0,3217.652,3217.5,3217.87,ETH
2026-01-06 05:58:35+00:00,2026-01-06 06:02:32.133067+00:00,815.0,3217.682,3217.53,3218.1,ETH
2026-01-06 05:58:36+00:00,2026-01-06 06:02:33.133621+00:00,816.0,3217.682,3217.53,3218.11,ETH
2026-01-06 05:58:37+00:00,2026-01-06 06:02:34.131002+00:00,817.0,3217.682,3217.53,3218.11,ETH
2026-01-06 05:58:38+00:00,2026-01-06 06:02:35.141443+00:00,818.0,3217.682,3217.54,3218.13,ETH
2026-01-06 05:58:39+00:00,2026-01-06 06:02:36.139937+00:00,819.0,3217.682,3217.53,3218.1,ETH
2026-01-06 05:58:40+00:00,2026-01-06 06:02:37.147489+00:00,820.0,3217.692,3217.52,3218.12,ETH
2026-01-06 05:58:41+00:00,2026-01-06 06:02:38.142399+00:00,821.0,3217.692,3217.53,3218.15,ETH
2026-01-06 05:58:42+00:00,2026-01-06 06:02:39.142565+00:00,822.0,3217.692,3217.54,3218.14,ETH
2026-01-06 05:58:43+00:00,2026-01-06 06:02:40.149878+00:00,823.0,3217.702,3217.54,3218.14,ETH
2026-01-06 05:58:44+00:00,2026-01-06 06:02:41.165674+00:00,824.0,3217.702,3217.54,3218.12,ETH
2026-01-06 05:58:46+00:00,2026-01-06 06:02:42.197982+00:00,826.0,3217.682,3217.56,3217.72,ETH
2026-01-06 05:58:47+00:00,2026-01-06 06:02:43.194181+00:00,827.0,3217.702,3217.56,3218.19,ETH
2026-01-06 05:58:48+00:00,2026-01-06 06:02:45.177074+00:00,828.0,3217.732,3217.58,3218.18,ETH
2026-01-06 05:58:49+00:00,2026-01-06 06:02:46.177095+00:00,829.0,3217.732,3217.57,3218.18,ETH
2026-01-06 05:58:50+00:00,2026-01-06 06:02:47.188239+00:00,830.0,3217.712,3217.56,3218.18,ETH
2026-01-06 05:58:52+00:00,2026-01-06 06:02:48.246580+00:00,832.0,3217.702,3217.56,3218.08,ETH
2026-01-06 05:58:53+00:00,2026-01-06 06:02:49.231465+00:00,833.0,3217.702,3217.56,3218.13,ETH
2026-01-06 05:58:54+00:00,2026-01-06 06:02:50.234873+00:00,834.0,3217.702,3217.56,3218.18,ETH
2026-01-06 05:58:55+00:00,2026-01-06 06:02:51.256792+00:00,835.0,3217.732,3217.56,3218.14,ETH
2026-01-06 05:58:56+00:00,2026-01-06 06:02:52.252463+00:00,836.0,3217.742,3217.57,3218.03,ETH
2026-01-06 05:58:57+00:00,2026-01-06 06:02:53.257762+00:00,837.0,3217.712,3217.55,3218.0,ETH
2026-01-06 05:58:58+00:00,2026-01-06 06:02:54.261251+00:00,838.0,3217.702,3217.54,3218.03,ETH
2026-01-06 05:58:59+00:00,2026-01-06 06:02:55.273109+00:00,839.0,3217.702,3217.54,3218.04,ETH
2026-01-06 05:59:00+00:00,2026-01-06 06:02:56.278697+00:00,840.0,3217.712,3217.54,3218.04,ETH
2026-01-06 05:59:01+00:00,2026-01-06 06:02:57.290273+00:00,841.0,3217.722,3217.54,3218.05,ETH
2026-01-06 05:59:02+00:00,2026-01-06 06:02:58.317324+00:00,842.0,3217.742,3217.54,3218.06,ETH
2026-01-06 05:59:03+00:00,2026-01-06 06:02:59.334031+00:00,843.0,3217.732,3217.54,3218.05,ETH
2026-01-06 05:59:04+00:00,2026-01-06 06:03:00.324086+00:00,844.0,3217.692,3217.53,3218.04,ETH
2026-01-06 05:59:05+00:00,2026-01-06 06:03:01.332540+00:00,845.0,3217.732,3217.55,3218.01,ETH
2026-01-06 05:59:06+00:00,2026-01-06 06:03:02.343365+00:00,846.0,3217.662,3217.53,3217.79,ETH
2026-01-06 05:59:07+00:00,2026-01-06 06:03:03.343857+00:00,847.0,3217.362,3217.33,3217.51,ETH
2026-01-06 05:59:08+00:00,2026-01-06 06:03:04.362052+00:00,848.0,3217.282,3217.2,3217.62,ETH
2026-01-06 05:59:09+00:00,2026-01-06 06:03:05.364576+00:00,849.0,3217.282,3217.18,3217.8,ETH
2026-01-06 05:59:10+00:00,2026-01-06 06:03:06.373125+00:00,850.0,3217.252,3217.17,3217.68,ETH
2026-01-06 05:59:11+00:00,2026-01-06 06:03:07.374980+00:00,851.0,3217.502,3217.42,3217.71,ETH
2026-01-06 05:59:12+00:00,2026-01-06 06:03:09.394679+00:00,852.0,3217.802,3217.68,3217.86,ETH
2026-01-06 05:59:13+00:00,2026-01-06 06:03:10.414951+00:00,853.0,3217.792,3217.68,3217.88,ETH
2026-01-06 05:59:14+00:00,2026-01-06 06:03:11.393773+00:00,854.0,3217.792,3217.68,3217.91,ETH
2026-01-06 05:59:15+00:00,2026-01-06 06:03:12.410478+00:00,855.0,3217.782,3217.68,3217.93,ETH
2026-01-06 05:59:16+00:00,2026-01-06 06:03:13.412588+00:00,856.0,3217.792,3217.68,3217.91,ETH
2026-01-06 05:59:17+00:00,2026-01-06 06:03:14.427919+00:00,857.0,3217.832,3217.68,3218.33,ETH
2026-01-06 05:59:18+00:00,2026-01-06 06:03:15.435205+00:00,858.0,3217.832,3217.67,3218.35,ETH
2026-01-06 05:59:19+00:00,2026-01-06 06:03:16.443927+00:00,859.0,3217.842,3217.68,3217.99,ETH
2026-01-06 05:59:20+00:00,2026-01-06 06:03:17.452285+00:00,860.0,3217.822,3217.68,3218.32,ETH
2026-01-06 05:59:21+00:00,2026-01-06 06:03:18.454762+00:00,861.0,3217.822,3217.68,3218.32,ETH
2026-01-06 05:59:22+00:00,2026-01-06 06:03:19.458867+00:00,862.0,3217.822,3217.68,3218.35,ETH
2026-01-06 05:59:23+00:00,2026-01-06 06:03:20.468512+00:00,863.0,3217.442,3217.3,3217.74,ETH
2026-01-06 05:59:24+00:00,2026-01-06 06:03:21.460372+00:00,864.0,3217.442,3217.43,3217.93,ETH
2026-01-06 05:59:25+00:00,2026-01-06 06:03:22.461668+00:00,865.0,3217.602,3217.44,3217.96,ETH
2026-01-06 05:59:26+00:00,2026-01-06 06:03:23.460383+00:00,866.0,3217.822,3217.68,3218.24,ETH
2026-01-06 05:59:27+00:00,2026-01-06 06:03:24.461421+00:00,867.0,3217.922,3217.69,3218.24,ETH
2026-01-06 05:59:28+00:00,2026-01-06 06:03:25.458147+00:00,868.0,3217.932,3217.69,3218.23,ETH
2026-01-06 05:59:29+00:00,2026-01-06 06:03:26.457885+00:00,869.0,3217.942,3217.72,3218.32,ETH
2026-01-06 05:59:30+00:00,2026-01-06 06:03:27.461244+00:00,870.0,3217.942,3217.71,3218.22,ETH
2026-01-06 05:59:31+00:00,2026-01-06 06:03:28.456013+00:00,871.0,3217.942,3217.71,3218.21,ETH
2026-01-06 05:59:32+00:00,2026-01-06 06:03:29.471907+00:00,872.0,3218.082,3217.71,3218.45,ETH
2026-01-06 05:59:33+00:00,2026-01-06 06:03:30.477137+00:00,873.0,3218.342,3218.25,3218.35,ETH
2026-01-06 05:59:34+00:00,2026-01-06 06:03:31.478496+00:00,874.0,3218.552,3218.35,3218.6,ETH
2026-01-06 05:59:35+00:00,2026-01-06 06:03:32.489428+00:00,875.0,3218.582,3218.43,3218.62,ETH
2026-01-06 05:59:36+00:00,2026-01-06 06:03:33.493993+00:00,876.0,3218.682,3218.48,3218.79,ETH
2026-01-06 05:59:37+00:00,2026-01-06 06:03:34.494182+00:00,877.0,3218.592,3218.46,3218.6,ETH
2026-01-06 05:59:38+00:00,2026-01-06 06:03:35.511111+00:00,878.0,3218.592,3218.46,3218.73,ETH
2026-01-06 05:59:39+00:00,2026-01-06 06:03:36.506972+00:00,879.0,3218.712,3218.62,3218.76,ETH
2026-01-06 05:59:40+00:00,2026-01-06 06:03:37.526626+00:00,880.0,3218.932,3218.77,3218.94,ETH
2026-01-06 05:59:41+00:00,2026-01-06 06:03:38.542654+00:00,881.0,3219.082,3218.82,3219.48,ETH
2026-01-06 05:59:42+00:00,2026-01-06 06:03:39.549020+00:00,882.0,3219.082,3218.95,3219.48,ETH
2026-01-06 05:59:43+00:00,2026-01-06 06:03:40.560468+00:00,883.0,3219.302,3219.2,3219.69,ETH
2026-01-06 05:59:44+00:00,2026-01-06 06:03:41.560974+00:00,884.0,3219.552,3219.42,3219.75,ETH
2026-01-06 05:59:45+00:00,2026-01-06 06:03:42.561558+00:00,885.0,3219.552,3219.31,3219.8,ETH
2026-01-06 05:59:46+00:00,2026-01-06 06:03:43.555270+00:00,886.0,3219.552,3219.46,3219.82,ETH
2026-01-06 05:59:47+00:00,2026-01-06 06:03:44.573543+00:00,887.0,3219.562,3219.46,3220.02,ETH
2026-01-06 05:59:48+00:00,2026-01-06 06:03:45.574603+00:00,888.0,3219.562,3219.46,3219.99,ETH
2026-01-06 05:59:49+00:00,2026-01-06 06:03:46.573909+00:00,889.0,3219.572,3219.46,3219.97,ETH
2026-01-06 05:59:50+00:00,2026-01-06 06:03:47.585159+00:00,890.0,3219.552,3219.46,3219.87,ETH
2026-01-06 05:59:51+00:00,2026-01-06 06:03:48.602788+00:00,891.0,3219.552,3219.46,3219.83,ETH
2026-01-06 05:59:52+00:00,2026-01-06 06:03:49.624434+00:00,892.0,3219.462,3219.39,3219.8,ETH
2026-01-06 05:59:53+00:00,2026-01-06 06:03:50.631213+00:00,893.0,3219.462,3219.33,3219.86,ETH
2026-01-06 05:59:54+00:00,2026-01-06 06:03:51.629695+00:00,894.0,3219.972,3219.75,3220.09,ETH
2026-01-06 05:59:55+00:00,2026-01-06 06:03:52.625782+00:00,895.0,3220.152,3219.84,3220.37,ETH
2026-01-06 05:59:56+00:00,2026-01-06 06:03:53.625174+00:00,896.0,3220.372,3220.07,3220.6,ETH
2026-01-06 05:59:57+00:00,2026-01-06 06:03:54.628380+00:00,897.0,3220.372,3220.13,3220.56,ETH
2026-01-06 05:59:58+00:00,2026-01-06 06:03:55.639544+00:00,898.0,3220.442,3220.2,3220.5,ETH
2026-01-06 05:59:59+00:00,2026-01-06 06:03:56.649957+00:00,899.0,3220.372,3220.2,3220.37,ETH
