timestamp,collected_at,seconds,up_mid,up_best_bid,up_best_ask,down_mid,down_best_bid,down_best_ask,up_best_bid_size,up_best_ask_size,down_best_bid_size,down_best_ask_size
2026-01-06 05:45:00.631000+00:00,2026-01-06 05:45:00.773944+00:00,0.631,0.585,0.57,0.6,0.43,0.42,0.44,,,,
2026-01-06 05:45:01.669000+00:00,2026-01-06 05:45:01.774279+00:00,1.669,0.555,0.55,0.56,0.455,0.45,0.46,,,,
2026-01-06 05:45:02.678000+00:00,2026-01-06 05:45:02.776959+00:00,2.678,0.545,0.54,0.55,0.4599999999999999,0.45,0.47,,,,
2026-01-06 05:45:03.674000+00:00,2026-01-06 05:45:03.774747+00:00,3.674,0.55,0.54,0.56,0.45,0.44,0.46,,,,
2026-01-06 05:45:04.702000+00:00,2026-01-06 05:45:04.796052+00:00,4.702,0.525,0.52,0.53,0.475,0.47,0.48,,,,
2026-01-06 05:45:05.694000+00:00,2026-01-06 05:45:05.803141+00:00,5.694,0.525,0.52,0.53,0.475,0.47,0.48,,,,
2026-01-06 05:45:06.636000+00:00,2026-01-06 05:45:06.802512+00:00,6.636,0.525,0.52,0.53,0.475,0.47,0.48,,,,
2026-01-06 05:45:07.630000+00:00,2026-01-06 05:45:07.811820+00:00,7.63,0.525,0.52,0.53,0.475,0.47,0.48,,,,
2026-01-06 05:45:08.585000+00:00,2026-01-06 05:45:08.813893+00:00,8.585,0.525,0.52,0.53,0.475,0.47,0.48,,,,
2026-01-06 05:45:09.561000+00:00,2026-01-06 05:45:09.813497+00:00,9.561,0.525,0.52,0.53,0.475,0.47,0.48,,,,
2026-01-06 05:45:10.650000+00:00,2026-01-06 05:45:10.813839+00:00,10.65,0.525,0.52,0.53,0.475,0.47,0.48,,,,
2026-01-06 05:45:11.682000+00:00,2026-01-06 05:45:11.829158+00:00,11.682,0.525,0.52,0.53,0.4649999999999999,0.46,0.47,,,,
2026-01-06 05:45:12.747000+00:00,2026-01-06 05:45:12.847453+00:00,12.747,0.535,0.53,0.54,0.4649999999999999,0.46,0.47,,,,
2026-01-06 05:45:13.733000+00:00,2026-01-06 05:45:13.840238+00:00,13.733,0.535,0.53,0.54,0.4649999999999999,0.46,0.47,,,,
2026-01-06 05:45:14.747000+00:00,2026-01-06 05:45:14.846043+00:00,14.747,0.535,0.53,0.54,0.4649999999999999,0.46,0.47,,,,
2026-01-06 05:45:15.600000+00:00,2026-01-06 05:45:15.865387+00:00,15.6,0.525,0.52,0.53,0.475,0.47,0.48,,,,
2026-01-06 05:45:16.671000+00:00,2026-01-06 05:45:16.879157+00:00,16.671,0.525,0.52,0.53,0.475,0.47,0.48,,,,
2026-01-06 05:45:17.778000+00:00,2026-01-06 05:45:17.877346+00:00,17.778,0.53,0.52,0.54,0.47,0.46,0.48,,,,
2026-01-06 05:45:18.569000+00:00,2026-01-06 05:45:18.880608+00:00,18.569,0.53,0.52,0.54,0.47,0.46,0.48,,,,
2026-01-06 05:45:19.765000+00:00,2026-01-06 05:45:19.889820+00:00,19.765,0.525,0.52,0.53,0.475,0.47,0.48,,,,
2026-01-06 05:45:20.742000+00:00,2026-01-06 05:45:20.887282+00:00,20.742,0.525,0.52,0.53,0.475,0.47,0.48,,,,
2026-01-06 05:45:21.818000+00:00,2026-01-06 05:45:21.913751+00:00,21.818,0.525,0.52,0.53,0.475,0.47,0.48,,,,
2026-01-06 05:45:22.794000+00:00,2026-01-06 05:45:22.929694+00:00,22.794,0.525,0.52,0.53,0.475,0.47,0.48,,,,
2026-01-06 05:45:23.778000+00:00,2026-01-06 05:45:23.929060+00:00,23.778,0.52,0.51,0.53,0.48,0.47,0.49,,,,
2026-01-06 05:45:24.794000+00:00,2026-01-06 05:45:24.927646+00:00,24.794,0.52,0.51,0.53,0.48,0.47,0.49,,,,
2026-01-06 05:45:25.819000+00:00,2026-01-06 05:45:25.937601+00:00,25.819,0.515,0.51,0.52,0.485,0.48,0.49,,,,
2026-01-06 05:45:26.684000+00:00,2026-01-06 05:45:26.939633+00:00,26.684,0.505,0.5,0.51,0.495,0.49,0.5,,,,
2026-01-06 05:45:27.829000+00:00,2026-01-06 05:45:27.933162+00:00,27.829,0.505,0.5,0.51,0.495,0.49,0.5,,,,
2026-01-06 05:45:28.849000+00:00,2026-01-06 05:45:28.943394+00:00,28.849,0.515,0.51,0.52,0.49,0.48,0.5,,,,
2026-01-06 05:45:29.692000+00:00,2026-01-06 05:45:29.945554+00:00,29.692,0.51,0.5,0.52,0.49,0.48,0.5,,,,
2026-01-06 05:45:30.845000+00:00,2026-01-06 05:45:30.950404+00:00,30.845,0.51,0.5,0.52,0.49,0.48,0.5,,,,
2026-01-06 05:45:31.674000+00:00,2026-01-06 05:45:31.946739+00:00,31.674,0.51,0.5,0.52,0.495,0.49,0.5,,,,
2026-01-06 05:45:32.839000+00:00,2026-01-06 05:45:32.958137+00:00,32.839,0.505,0.5,0.51,0.495,0.49,0.5,,,,
2026-01-06 05:45:33.867000+00:00,2026-01-06 05:45:33.977916+00:00,33.867,0.505,0.5,0.51,0.495,0.49,0.5,,,,
2026-01-06 05:45:34.811000+00:00,2026-01-06 05:45:34.973441+00:00,34.811,0.505,0.5,0.51,0.495,0.49,0.5,,,,
2026-01-06 05:45:35.747000+00:00,2026-01-06 05:45:35.973258+00:00,35.747,0.505,0.5,0.51,0.495,0.49,0.5,,,,
2026-01-06 05:45:36.887000+00:00,2026-01-06 05:45:36.977141+00:00,36.887,0.505,0.5,0.51,0.495,0.49,0.5,,,,
2026-01-06 05:45:37.412000+00:00,2026-01-06 05:45:37.983527+00:00,37.412,0.505,0.5,0.51,0.495,0.49,0.5,,,,
2026-01-06 05:45:38.886000+00:00,2026-01-06 05:45:38.982544+00:00,38.886,0.505,0.5,0.51,0.495,0.49,0.5,,,,
2026-01-06 05:45:39.848000+00:00,2026-01-06 05:45:39.993289+00:00,39.848,0.505,0.5,0.51,0.495,0.49,0.5,,,,
2026-01-06 05:45:40.803000+00:00,2026-01-06 05:45:41.010409+00:00,40.803,0.505,0.5,0.51,0.495,0.49,0.5,,,,
2026-01-06 05:45:41.886000+00:00,2026-01-06 05:45:42.010719+00:00,41.886,0.5,0.49,0.51,0.5,0.49,0.51,,,,
2026-01-06 05:45:42.726000+00:00,2026-01-06 05:45:43.014668+00:00,42.726,0.5,0.49,0.51,0.5,0.49,0.51,,,,
2026-01-06 05:45:43.928000+00:00,2026-01-06 05:45:44.027635+00:00,43.928,0.5,0.49,0.51,0.505,0.5,0.51,,,,
2026-01-06 05:45:44.904000+00:00,2026-01-06 05:45:45.021921+00:00,44.904,0.495,0.49,0.5,0.505,0.5,0.51,,,,
2026-01-06 05:45:45.497000+00:00,2026-01-06 05:45:46.035995+00:00,45.497,0.495,0.49,0.5,0.505,0.5,0.51,,,,
2026-01-06 05:45:46.696000+00:00,2026-01-06 05:45:47.047427+00:00,46.696,0.495,0.49,0.5,0.505,0.5,0.51,,,,
2026-01-06 05:45:47.951000+00:00,2026-01-06 05:45:48.059524+00:00,47.951,0.495,0.49,0.5,0.505,0.5,0.51,,,,
2026-01-06 05:45:48.923000+00:00,2026-01-06 05:45:49.060796+00:00,48.923,0.495,0.49,0.5,0.505,0.5,0.51,,,,
2026-01-06 05:45:49.946000+00:00,2026-01-06 05:45:50.072255+00:00,49.946,0.49,0.48,0.5,0.51,0.5,0.52,,,,
2026-01-06 05:45:50.809000+00:00,2026-01-06 05:45:51.075850+00:00,50.809,0.49,0.48,0.5,0.51,0.5,0.52,,,,
2026-01-06 05:45:51.992000+00:00,2026-01-06 05:45:52.088128+00:00,51.992,0.49,0.48,0.5,0.51,0.5,0.52,,,,
2026-01-06 05:45:52.743000+00:00,2026-01-06 05:45:53.104135+00:00,52.743,0.49,0.48,0.5,0.51,0.5,0.52,,,,
2026-01-06 05:45:53.952000+00:00,2026-01-06 05:45:54.104335+00:00,53.952,0.49,0.48,0.5,0.51,0.5,0.52,,,,
2026-01-06 05:45:54.451000+00:00,2026-01-06 05:45:55.105892+00:00,54.451,0.495,0.49,0.5,0.505,0.5,0.51,,,,
2026-01-06 05:45:55.983000+00:00,2026-01-06 05:45:56.106181+00:00,55.983,0.495,0.49,0.5,0.505,0.5,0.51,,,,
2026-01-06 05:45:56.948000+00:00,2026-01-06 05:45:57.107461+00:00,56.948,0.495,0.49,0.5,0.505,0.5,0.51,,,,
2026-01-06 05:45:58.014000+00:00,2026-01-06 05:45:58.120971+00:00,58.014,0.495,0.49,0.5,0.505,0.5,0.51,,,,
2026-01-06 05:45:59.016000+00:00,2026-01-06 05:45:59.138265+00:00,59.016,0.495,0.49,0.5,0.505,0.5,0.51,,,,
2026-01-06 05:46:00.029000+00:00,2026-01-06 05:46:00.157676+00:00,60.029,0.495,0.49,0.5,0.505,0.5,0.51,,,,
2026-01-06 05:46:01.021000+00:00,2026-01-06 05:46:01.161083+00:00,61.021,0.495,0.49,0.5,0.505,0.5,0.51,,,,
2026-01-06 05:46:02.996000+00:00,2026-01-06 05:46:03.170505+00:00,62.996,0.495,0.49,0.5,0.505,0.5,0.51,,,,
2026-01-06 05:46:04.067000+00:00,2026-01-06 05:46:04.170784+00:00,64.067,0.495,0.49,0.5,0.505,0.5,0.51,,,,
2026-01-06 05:46:05.040000+00:00,2026-01-06 05:46:05.171434+00:00,65.04,0.495,0.49,0.5,0.505,0.5,0.51,,,,
2026-01-06 05:46:06.056000+00:00,2026-01-06 05:46:06.181552+00:00,66.056,0.505,0.5,0.51,0.495,0.49,0.5,,,,
2026-01-06 05:46:07.033000+00:00,2026-01-06 05:46:07.178600+00:00,67.033,0.505,0.5,0.51,0.495,0.49,0.5,,,,
2026-01-06 05:46:08.093000+00:00,2026-01-06 05:46:08.193775+00:00,68.093,0.505,0.5,0.51,0.495,0.49,0.5,,,,
2026-01-06 05:46:09.143000+00:00,2026-01-06 05:46:09.204524+00:00,69.143,0.505,0.5,0.51,0.495,0.49,0.5,,,,
2026-01-06 05:46:10.127000+00:00,2026-01-06 05:46:10.225115+00:00,70.127,0.505,0.5,0.51,0.495,0.49,0.5,,,,
2026-01-06 05:46:11.131000+00:00,2026-01-06 05:46:11.225686+00:00,71.131,0.505,0.5,0.51,0.495,0.49,0.5,,,,
2026-01-06 05:46:12.091000+00:00,2026-01-06 05:46:12.226053+00:00,72.091,0.505,0.5,0.51,0.495,0.49,0.5,,,,
2026-01-06 05:46:13.995000+00:00,2026-01-06 05:46:14.219358+00:00,73.995,0.505,0.5,0.51,0.495,0.49,0.5,,,,
2026-01-06 05:46:15.002000+00:00,2026-01-06 05:46:15.220194+00:00,75.002,0.505,0.5,0.51,0.495,0.49,0.5,,,,
2026-01-06 05:46:16.055000+00:00,2026-01-06 05:46:16.236913+00:00,76.055,0.505,0.5,0.51,0.495,0.49,0.5,,,,
2026-01-06 05:46:17.019000+00:00,2026-01-06 05:46:17.253109+00:00,77.019,0.505,0.5,0.51,0.495,0.49,0.5,,,,
2026-01-06 05:46:18.149000+00:00,2026-01-06 05:46:18.269073+00:00,78.149,0.495,0.49,0.5,0.505,0.5,0.51,,,,
2026-01-06 05:46:19.143000+00:00,2026-01-06 05:46:19.279484+00:00,79.143,0.495,0.49,0.5,0.505,0.5,0.51,,,,
2026-01-06 05:46:20.127000+00:00,2026-01-06 05:46:20.287724+00:00,80.127,0.495,0.49,0.5,0.505,0.5,0.51,,,,
2026-01-06 05:46:21.191000+00:00,2026-01-06 05:46:21.305496+00:00,81.191,0.495,0.49,0.5,0.505,0.5,0.51,,,,
2026-01-06 05:46:22.142000+00:00,2026-01-06 05:46:22.306195+00:00,82.142,0.495,0.49,0.5,0.505,0.5,0.51,,,,
2026-01-06 05:46:23.185000+00:00,2026-01-06 05:46:23.311364+00:00,83.185,0.495,0.49,0.5,0.505,0.5,0.51,,,,
2026-01-06 05:46:24.183000+00:00,2026-01-06 05:46:24.328992+00:00,84.183,0.495,0.49,0.5,0.505,0.5,0.51,,,,
2026-01-06 05:46:25.140000+00:00,2026-01-06 05:46:25.323718+00:00,85.14,0.495,0.49,0.5,0.505,0.5,0.51,,,,
2026-01-06 05:46:26.790000+00:00,2026-01-06 05:46:27.336369+00:00,86.79,0.495,0.49,0.5,0.505,0.5,0.51,,,,
2026-01-06 05:46:28.040000+00:00,2026-01-06 05:46:28.345025+00:00,88.04,0.495,0.49,0.5,0.505,0.5,0.51,,,,
2026-01-06 05:46:29.245000+00:00,2026-01-06 05:46:29.354512+00:00,89.245,0.495,0.49,0.5,0.505,0.5,0.51,,,,
2026-01-06 05:46:30.259000+00:00,2026-01-06 05:46:30.360206+00:00,90.259,0.495,0.49,0.5,0.505,0.5,0.51,,,,
2026-01-06 05:46:31.191000+00:00,2026-01-06 05:46:31.367672+00:00,91.191,0.495,0.49,0.5,0.505,0.5,0.51,,,,
2026-01-06 05:46:32.219000+00:00,2026-01-06 05:46:32.376288+00:00,92.219,0.495,0.49,0.5,0.505,0.5,0.51,,,,
2026-01-06 05:46:33.221000+00:00,2026-01-06 05:46:33.376548+00:00,93.221,0.485,0.48,0.49,0.515,0.51,0.52,,,,
2026-01-06 05:46:34.865000+00:00,2026-01-06 05:46:35.387340+00:00,94.865,0.485,0.48,0.49,0.515,0.51,0.52,,,,
2026-01-06 05:46:36.255000+00:00,2026-01-06 05:46:36.396106+00:00,96.255,0.485,0.48,0.49,0.515,0.51,0.52,,,,
2026-01-06 05:46:37.063000+00:00,2026-01-06 05:46:37.404054+00:00,97.063,0.485,0.48,0.49,0.515,0.51,0.52,,,,
2026-01-06 05:46:38.207000+00:00,2026-01-06 05:46:38.403956+00:00,98.207,0.485,0.48,0.49,0.515,0.51,0.52,,,,
2026-01-06 05:46:39.181000+00:00,2026-01-06 05:46:39.403235+00:00,99.181,0.485,0.48,0.49,0.515,0.51,0.52,,,,
2026-01-06 05:46:40.129000+00:00,2026-01-06 05:46:40.420199+00:00,100.129,0.485,0.48,0.49,0.515,0.51,0.52,,,,
2026-01-06 05:46:41.297000+00:00,2026-01-06 05:46:41.428710+00:00,101.297,0.485,0.48,0.49,0.515,0.51,0.52,,,,
2026-01-06 05:46:42.012000+00:00,2026-01-06 05:46:42.447871+00:00,102.012,0.485,0.48,0.49,0.515,0.51,0.52,,,,
2026-01-06 05:46:43.264000+00:00,2026-01-06 05:46:43.471212+00:00,103.264,0.485,0.48,0.49,0.515,0.51,0.52,,,,
2026-01-06 05:46:44.286000+00:00,2026-01-06 05:46:44.486794+00:00,104.286,0.485,0.48,0.49,0.515,0.51,0.52,,,,
2026-01-06 05:46:45.305000+00:00,2026-01-06 05:46:45.487621+00:00,105.305,0.485,0.48,0.49,0.515,0.51,0.52,,,,
2026-01-06 05:46:46.384000+00:00,2026-01-06 05:46:46.501029+00:00,106.384,0.485,0.48,0.49,0.515,0.51,0.52,,,,
2026-01-06 05:46:47.396000+00:00,2026-01-06 05:46:47.503428+00:00,107.396,0.485,0.48,0.49,0.515,0.51,0.52,,,,
2026-01-06 05:46:48.401000+00:00,2026-01-06 05:46:48.503238+00:00,108.401,0.495,0.49,0.5,0.505,0.5,0.51,,,,
2026-01-06 05:46:49.338000+00:00,2026-01-06 05:46:49.507943+00:00,109.338,0.495,0.49,0.5,0.505,0.5,0.51,,,,
2026-01-06 05:46:50.396000+00:00,2026-01-06 05:46:50.520134+00:00,110.396,0.495,0.49,0.5,0.505,0.5,0.51,,,,
2026-01-06 05:46:51.429000+00:00,2026-01-06 05:46:51.534134+00:00,111.429,0.495,0.49,0.5,0.505,0.5,0.51,,,,
2026-01-06 05:46:52.333000+00:00,2026-01-06 05:46:52.554439+00:00,112.333,0.495,0.49,0.5,0.505,0.5,0.51,,,,
2026-01-06 05:46:53.396000+00:00,2026-01-06 05:46:53.570609+00:00,113.396,0.495,0.49,0.5,0.505,0.5,0.51,,,,
2026-01-06 05:46:54.477000+00:00,2026-01-06 05:46:54.587186+00:00,114.477,0.495,0.49,0.5,0.505,0.5,0.51,,,,
2026-01-06 05:46:55.358000+00:00,2026-01-06 05:46:55.597786+00:00,115.358,0.495,0.49,0.5,0.505,0.5,0.51,,,,
2026-01-06 05:46:56.486000+00:00,2026-01-06 05:46:56.601680+00:00,116.486,0.495,0.49,0.5,0.495,0.49,0.5,,,,
2026-01-06 05:46:57.418000+00:00,2026-01-06 05:46:57.620127+00:00,117.418,0.505,0.5,0.51,0.495,0.49,0.5,,,,
2026-01-06 05:46:58.460000+00:00,2026-01-06 05:46:58.635698+00:00,118.46,0.505,0.5,0.51,0.495,0.49,0.5,,,,
2026-01-06 05:46:59.530000+00:00,2026-01-06 05:46:59.635134+00:00,119.53,0.505,0.5,0.51,0.495,0.49,0.5,,,,
2026-01-06 05:47:00.535000+00:00,2026-01-06 05:47:00.636077+00:00,120.535,0.505,0.5,0.51,0.495,0.49,0.5,,,,
2026-01-06 05:47:01.507000+00:00,2026-01-06 05:47:01.635448+00:00,121.507,0.555,0.55,0.56,0.445,0.44,0.45,,,,
2026-01-06 05:47:02.556000+00:00,2026-01-06 05:47:02.652468+00:00,122.556,0.525,0.52,0.53,0.475,0.47,0.48,,,,
2026-01-06 05:47:03.550000+00:00,2026-01-06 05:47:03.656033+00:00,123.55,0.435,0.43,0.44,0.565,0.56,0.57,,,,
2026-01-06 05:47:04.512000+00:00,2026-01-06 05:47:04.657829+00:00,124.512,0.435,0.43,0.44,0.565,0.56,0.57,,,,
2026-01-06 05:47:05.571000+00:00,2026-01-06 05:47:05.668264+00:00,125.571,0.435,0.43,0.44,0.565,0.56,0.57,,,,
2026-01-06 05:47:06.569000+00:00,2026-01-06 05:47:06.681935+00:00,126.569,0.44,0.43,0.45,0.555,0.55,0.56,,,,
2026-01-06 05:47:07.556000+00:00,2026-01-06 05:47:07.685184+00:00,127.556,0.445,0.44,0.45,0.555,0.55,0.56,,,,
2026-01-06 05:47:08.575000+00:00,2026-01-06 05:47:08.684950+00:00,128.575,0.445,0.44,0.45,0.555,0.55,0.56,,,,
2026-01-06 05:47:09.567000+00:00,2026-01-06 05:47:09.698706+00:00,129.567,0.445,0.44,0.45,0.555,0.55,0.56,,,,
2026-01-06 05:47:10.619000+00:00,2026-01-06 05:47:10.718616+00:00,130.619,0.44,0.43,0.45,0.56,0.55,0.57,,,,
2026-01-06 05:47:11.643000+00:00,2026-01-06 05:47:11.734378+00:00,131.643,0.445,0.44,0.45,0.555,0.55,0.56,,,,
2026-01-06 05:47:12.588000+00:00,2026-01-06 05:47:12.734976+00:00,132.588,0.455,0.45,0.46,0.545,0.54,0.55,,,,
2026-01-06 05:47:13.613000+00:00,2026-01-06 05:47:13.737530+00:00,133.613,0.435,0.43,0.44,0.565,0.56,0.57,,,,
2026-01-06 05:47:14.644000+00:00,2026-01-06 05:47:14.752074+00:00,134.644,0.45,0.44,0.46,0.55,0.54,0.56,,,,
2026-01-06 05:47:15.554000+00:00,2026-01-06 05:47:15.769077+00:00,135.554,0.44,0.43,0.45,0.56,0.55,0.57,,,,
2026-01-06 05:47:16.652000+00:00,2026-01-06 05:47:16.770081+00:00,136.652,0.44,0.43,0.45,0.565,0.56,0.57,,,,
2026-01-06 05:47:17.375000+00:00,2026-01-06 05:47:17.775210+00:00,137.375,0.435,0.43,0.44,0.565,0.56,0.57,,,,
2026-01-06 05:47:18.575000+00:00,2026-01-06 05:47:18.771888+00:00,138.575,0.435,0.43,0.44,0.565,0.56,0.57,,,,
2026-01-06 05:47:19.527000+00:00,2026-01-06 05:47:19.788694+00:00,139.527,0.43,0.42,0.44,0.5700000000000001,0.56,0.58,,,,
2026-01-06 05:47:20.686000+00:00,2026-01-06 05:47:20.787233+00:00,140.686,0.42,0.41,0.43,0.58,0.57,0.59,,,,
2026-01-06 05:47:21.711000+00:00,2026-01-06 05:47:21.802605+00:00,141.711,0.42,0.41,0.43,0.58,0.57,0.59,,,,
2026-01-06 05:47:22.690000+00:00,2026-01-06 05:47:22.803923+00:00,142.69,0.42,0.41,0.43,0.58,0.57,0.59,,,,
2026-01-06 05:47:23.668000+00:00,2026-01-06 05:47:23.824378+00:00,143.668,0.42,0.41,0.43,0.58,0.57,0.59,,,,
2026-01-06 05:47:24.546000+00:00,2026-01-06 05:47:24.841417+00:00,144.546,0.42,0.41,0.43,0.58,0.57,0.59,,,,
2026-01-06 05:47:25.634000+00:00,2026-01-06 05:47:25.851586+00:00,145.634,0.42,0.41,0.43,0.58,0.57,0.59,,,,
2026-01-06 05:47:26.686000+00:00,2026-01-06 05:47:26.859460+00:00,146.686,0.415,0.41,0.42,0.585,0.58,0.59,,,,
2026-01-06 05:47:27.718000+00:00,2026-01-06 05:47:27.867807+00:00,147.718,0.415,0.41,0.42,0.585,0.58,0.59,,,,
2026-01-06 05:47:28.734000+00:00,2026-01-06 05:47:28.874730+00:00,148.734,0.415,0.41,0.42,0.585,0.58,0.59,,,,
2026-01-06 05:47:29.762000+00:00,2026-01-06 05:47:29.892504+00:00,149.762,0.415,0.41,0.42,0.59,0.58,0.6,,,,
2026-01-06 05:47:30.749000+00:00,2026-01-06 05:47:30.900413+00:00,150.749,0.405,0.4,0.41,0.595,0.59,0.6,,,,
2026-01-06 05:47:31.800000+00:00,2026-01-06 05:47:31.903598+00:00,151.8,0.405,0.4,0.41,0.595,0.59,0.6,,,,
2026-01-06 05:47:32.805000+00:00,2026-01-06 05:47:32.907133+00:00,152.805,0.405,0.4,0.41,0.595,0.59,0.6,,,,
2026-01-06 05:47:33.813000+00:00,2026-01-06 05:47:33.908028+00:00,153.813,0.405,0.4,0.41,0.595,0.59,0.6,,,,
2026-01-06 05:47:34.827000+00:00,2026-01-06 05:47:34.927213+00:00,154.827,0.405,0.4,0.41,0.595,0.59,0.6,,,,
2026-01-06 05:47:35.820000+00:00,2026-01-06 05:47:35.924750+00:00,155.82,0.385,0.38,0.39,0.615,0.61,0.62,,,,
2026-01-06 05:47:36.820000+00:00,2026-01-06 05:47:36.935090+00:00,156.82,0.375,0.37,0.38,0.625,0.62,0.63,,,,
2026-01-06 05:47:37.836000+00:00,2026-01-06 05:47:37.934527+00:00,157.836,0.375,0.37,0.38,0.625,0.62,0.63,,,,
2026-01-06 05:47:38.831000+00:00,2026-01-06 05:47:38.939652+00:00,158.831,0.375,0.37,0.38,0.625,0.62,0.63,,,,
2026-01-06 05:47:39.628000+00:00,2026-01-06 05:47:39.939696+00:00,159.628,0.375,0.37,0.38,0.625,0.62,0.63,,,,
2026-01-06 05:47:40.828000+00:00,2026-01-06 05:47:40.928206+00:00,160.828,0.375,0.37,0.38,0.625,0.62,0.63,,,,
2026-01-06 05:47:41.752000+00:00,2026-01-06 05:47:41.935353+00:00,161.752,0.375,0.37,0.38,0.625,0.62,0.63,,,,
2026-01-06 05:47:42.843000+00:00,2026-01-06 05:47:42.936613+00:00,162.843,0.375,0.37,0.38,0.625,0.62,0.63,,,,
2026-01-06 05:47:43.853000+00:00,2026-01-06 05:47:43.949774+00:00,163.853,0.375,0.37,0.38,0.625,0.62,0.63,,,,
2026-01-06 05:47:44.859000+00:00,2026-01-06 05:47:44.952159+00:00,164.859,0.41,0.4,0.42,0.59,0.58,0.6,,,,
2026-01-06 05:47:45.871000+00:00,2026-01-06 05:47:45.968209+00:00,165.871,0.405,0.4,0.41,0.59,0.58,0.6,,,,
2026-01-06 05:47:46.766000+00:00,2026-01-06 05:47:46.984125+00:00,166.766,0.41,0.4,0.42,0.59,0.58,0.6,,,,
2026-01-06 05:47:47.911000+00:00,2026-01-06 05:47:48.003216+00:00,167.911,0.435,0.43,0.44,0.52,0.51,0.53,,,,
2026-01-06 05:47:48.929000+00:00,2026-01-06 05:47:49.016645+00:00,168.929,0.51,0.5,0.52,0.49,0.48,0.5,,,,
2026-01-06 05:47:49.913000+00:00,2026-01-06 05:47:50.016574+00:00,169.913,0.535,0.53,0.54,0.4649999999999999,0.46,0.47,,,,
2026-01-06 05:47:50.878000+00:00,2026-01-06 05:47:51.007455+00:00,170.878,0.535,0.53,0.54,0.47,0.46,0.48,,,,
2026-01-06 05:47:51.862000+00:00,2026-01-06 05:47:52.017859+00:00,171.862,0.535,0.53,0.54,0.4649999999999999,0.46,0.47,,,,
2026-01-06 05:47:52.914000+00:00,2026-01-06 05:47:53.017895+00:00,172.914,0.555,0.55,0.56,0.445,0.44,0.45,,,,
2026-01-06 05:47:53.930000+00:00,2026-01-06 05:47:54.025614+00:00,173.93,0.555,0.55,0.56,0.445,0.44,0.45,,,,
2026-01-06 05:47:54.931000+00:00,2026-01-06 05:47:55.031363+00:00,174.931,0.575,0.57,0.58,0.425,0.42,0.43,,,,
2026-01-06 05:47:55.877000+00:00,2026-01-06 05:47:56.028782+00:00,175.877,0.585,0.58,0.59,0.415,0.41,0.42,,,,
2026-01-06 05:47:56.809000+00:00,2026-01-06 05:47:57.035483+00:00,176.809,0.615,0.61,0.62,0.385,0.38,0.39,,,,
2026-01-06 05:47:57.914000+00:00,2026-01-06 05:47:58.041074+00:00,177.914,0.605,0.6,0.61,0.395,0.39,0.4,,,,
2026-01-06 05:47:58.930000+00:00,2026-01-06 05:47:59.039364+00:00,178.93,0.615,0.61,0.62,0.385,0.38,0.39,,,,
2026-01-06 05:47:59.961000+00:00,2026-01-06 05:48:00.055036+00:00,179.961,0.615,0.61,0.62,0.385,0.38,0.39,,,,
2026-01-06 05:48:00.955000+00:00,2026-01-06 05:48:01.071598+00:00,180.955,0.625,0.62,0.63,0.375,0.37,0.38,,,,
2026-01-06 05:48:01.962000+00:00,2026-01-06 05:48:02.080966+00:00,181.962,0.615,0.61,0.62,0.385,0.38,0.39,,,,
2026-01-06 05:48:02.860000+00:00,2026-01-06 05:48:03.084968+00:00,182.86,0.615,0.61,0.62,0.385,0.38,0.39,,,,
2026-01-06 05:48:03.938000+00:00,2026-01-06 05:48:04.087984+00:00,183.938,0.61,0.6,0.62,0.39,0.38,0.4,,,,
2026-01-06 05:48:04.845000+00:00,2026-01-06 05:48:05.101466+00:00,184.845,0.61,0.6,0.62,0.39,0.38,0.4,,,,
2026-01-06 05:48:05.942000+00:00,2026-01-06 05:48:06.103594+00:00,185.942,0.605,0.6,0.61,0.395,0.39,0.4,,,,
2026-01-06 05:48:07.007000+00:00,2026-01-06 05:48:07.104946+00:00,187.007,0.605,0.6,0.61,0.395,0.39,0.4,,,,
2026-01-06 05:48:08.750000+00:00,2026-01-06 05:48:09.128225+00:00,188.75,0.605,0.6,0.61,0.395,0.39,0.4,,,,
2026-01-06 05:48:09.828000+00:00,2026-01-06 05:48:10.138216+00:00,189.828,0.605,0.6,0.61,0.395,0.39,0.4,,,,
2026-01-06 05:48:11.019000+00:00,2026-01-06 05:48:11.139502+00:00,191.019,0.605,0.6,0.61,0.395,0.39,0.4,,,,
2026-01-06 05:48:12.005000+00:00,2026-01-06 05:48:12.154281+00:00,192.005,0.605,0.6,0.61,0.395,0.39,0.4,,,,
2026-01-06 05:48:13.046000+00:00,2026-01-06 05:48:13.150645+00:00,193.046,0.605,0.6,0.61,0.395,0.39,0.4,,,,
2026-01-06 05:48:14.024000+00:00,2026-01-06 05:48:14.149365+00:00,194.024,0.555,0.55,0.56,0.445,0.44,0.45,,,,
2026-01-06 05:48:15.050000+00:00,2026-01-06 05:48:15.161898+00:00,195.05,0.555,0.55,0.56,0.445,0.44,0.45,,,,
2026-01-06 05:48:16.037000+00:00,2026-01-06 05:48:16.168543+00:00,196.037,0.55,0.54,0.56,0.45,0.44,0.46,,,,
2026-01-06 05:48:17.034000+00:00,2026-01-06 05:48:17.165784+00:00,197.034,0.55,0.54,0.56,0.45,0.44,0.46,,,,
2026-01-06 05:48:18.022000+00:00,2026-01-06 05:48:18.168841+00:00,198.022,0.555,0.55,0.56,0.445,0.44,0.45,,,,
2026-01-06 05:48:19.080000+00:00,2026-01-06 05:48:19.187215+00:00,199.08,0.6,0.59,0.61,0.395,0.39,0.4,,,,
2026-01-06 05:48:20.094000+00:00,2026-01-06 05:48:20.198431+00:00,200.094,0.62,0.61,0.63,0.38,0.37,0.39,,,,
2026-01-06 05:48:21.001000+00:00,2026-01-06 05:48:21.200861+00:00,201.001,0.62,0.61,0.63,0.38,0.37,0.39,,,,
2026-01-06 05:48:22.024000+00:00,2026-01-06 05:48:22.218337+00:00,202.024,0.62,0.61,0.63,0.38,0.37,0.39,,,,
2026-01-06 05:48:23.093000+00:00,2026-01-06 05:48:23.233225+00:00,203.093,0.62,0.61,0.63,0.38,0.37,0.39,,,,
2026-01-06 05:48:24.130000+00:00,2026-01-06 05:48:24.234700+00:00,204.13,0.62,0.61,0.63,0.385,0.38,0.39,,,,
2026-01-06 05:48:25.074000+00:00,2026-01-06 05:48:25.231875+00:00,205.074,0.615,0.61,0.62,0.385,0.38,0.39,,,,
2026-01-06 05:48:26.151000+00:00,2026-01-06 05:48:26.248272+00:00,206.151,0.62,0.61,0.63,0.38,0.37,0.39,,,,
2026-01-06 05:48:27.152000+00:00,2026-01-06 05:48:27.263995+00:00,207.152,0.62,0.61,0.63,0.375,0.37,0.38,,,,
2026-01-06 05:48:28.171000+00:00,2026-01-06 05:48:28.272340+00:00,208.171,0.635,0.63,0.64,0.365,0.36,0.37,,,,
2026-01-06 05:48:29.148000+00:00,2026-01-06 05:48:29.299503+00:00,209.148,0.635,0.63,0.64,0.365,0.36,0.37,,,,
2026-01-06 05:48:30.206000+00:00,2026-01-06 05:48:30.303831+00:00,210.206,0.595,0.59,0.6,0.405,0.4,0.41,,,,
2026-01-06 05:48:31.183000+00:00,2026-01-06 05:48:31.299918+00:00,211.183,0.595,0.59,0.6,0.405,0.4,0.41,,,,
2026-01-06 05:48:32.199000+00:00,2026-01-06 05:48:32.300235+00:00,212.199,0.605,0.6,0.61,0.395,0.39,0.4,,,,
2026-01-06 05:48:33.103000+00:00,2026-01-06 05:48:33.316294+00:00,213.103,0.6,0.59,0.61,0.4,0.39,0.41,,,,
2026-01-06 05:48:34.195000+00:00,2026-01-06 05:48:34.316965+00:00,214.195,0.59,0.58,0.6,0.41,0.4,0.42,,,,
2026-01-06 05:48:35.163000+00:00,2026-01-06 05:48:35.316010+00:00,215.163,0.6,0.59,0.61,0.405,0.4,0.41,,,,
2026-01-06 05:48:36.052000+00:00,2026-01-06 05:48:36.324610+00:00,216.052,0.595,0.59,0.6,0.405,0.4,0.41,,,,
2026-01-06 05:48:37.229000+00:00,2026-01-06 05:48:37.331933+00:00,217.229,0.585,0.58,0.59,0.415,0.41,0.42,,,,
2026-01-06 05:48:38.241000+00:00,2026-01-06 05:48:38.339700+00:00,218.241,0.5700000000000001,0.56,0.58,0.435,0.43,0.44,,,,
2026-01-06 05:48:39.248000+00:00,2026-01-06 05:48:39.350559+00:00,219.248,0.505,0.5,0.51,0.495,0.49,0.5,,,,
2026-01-06 05:48:40.269000+00:00,2026-01-06 05:48:40.366728+00:00,220.269,0.47,0.46,0.48,0.535,0.53,0.54,,,,
2026-01-06 05:48:41.164000+00:00,2026-01-06 05:48:41.382554+00:00,221.164,0.4649999999999999,0.46,0.47,0.535,0.53,0.54,,,,
2026-01-06 05:48:42.301000+00:00,2026-01-06 05:48:42.400040+00:00,222.301,0.455,0.45,0.46,0.545,0.54,0.55,,,,
2026-01-06 05:48:43.320000+00:00,2026-01-06 05:48:43.415116+00:00,223.32,0.425,0.42,0.43,0.575,0.57,0.58,,,,
2026-01-06 05:48:44.328000+00:00,2026-01-06 05:48:44.430462+00:00,224.328,0.435,0.43,0.44,0.565,0.56,0.57,,,,
2026-01-06 05:48:45.341000+00:00,2026-01-06 05:48:45.439446+00:00,225.341,0.445,0.44,0.45,0.545,0.54,0.55,,,,
2026-01-06 05:48:46.429000+00:00,2026-01-06 05:48:46.440374+00:00,226.429,0.475,0.47,0.48,0.525,0.52,0.53,,,,
2026-01-06 05:48:47.348000+00:00,2026-01-06 05:48:47.449892+00:00,227.348,0.475,0.47,0.48,0.525,0.52,0.53,,,,
2026-01-06 05:48:48.259000+00:00,2026-01-06 05:48:48.467758+00:00,228.259,0.445,0.44,0.45,0.555,0.55,0.56,,,,
2026-01-06 05:48:49.096000+00:00,2026-01-06 05:48:49.466393+00:00,229.096,0.445,0.44,0.45,0.555,0.55,0.56,,,,
2026-01-06 05:48:50.154000+00:00,2026-01-06 05:48:50.464910+00:00,230.154,0.445,0.44,0.45,0.555,0.55,0.56,,,,
2026-01-06 05:48:51.226000+00:00,2026-01-06 05:48:51.482512+00:00,231.226,0.445,0.44,0.45,0.555,0.55,0.56,,,,
2026-01-06 05:48:52.391000+00:00,2026-01-06 05:48:52.501443+00:00,232.391,0.445,0.44,0.45,0.55,0.54,0.56,,,,
2026-01-06 05:48:53.412000+00:00,2026-01-06 05:48:53.498867+00:00,233.412,0.47,0.46,0.48,0.525,0.52,0.53,,,,
2026-01-06 05:48:54.355000+00:00,2026-01-06 05:48:54.496127+00:00,234.355,0.49,0.48,0.5,0.51,0.5,0.52,,,,
2026-01-06 05:48:55.399000+00:00,2026-01-06 05:48:55.516566+00:00,235.399,0.49,0.48,0.5,0.51,0.5,0.52,,,,
2026-01-06 05:48:56.389000+00:00,2026-01-06 05:48:56.520867+00:00,236.389,0.49,0.48,0.5,0.51,0.5,0.52,,,,
2026-01-06 05:48:57.329000+00:00,2026-01-06 05:48:57.531297+00:00,237.329,0.485,0.48,0.49,0.525,0.52,0.53,,,,
2026-01-06 05:48:58.439000+00:00,2026-01-06 05:48:58.547724+00:00,238.439,0.48,0.47,0.49,0.52,0.51,0.53,,,,
2026-01-06 05:48:59.422000+00:00,2026-01-06 05:48:59.552731+00:00,239.422,0.475,0.47,0.48,0.525,0.52,0.53,,,,
2026-01-06 05:49:00.449000+00:00,2026-01-06 05:49:00.565721+00:00,240.449,0.49,0.48,0.5,0.51,0.5,0.52,,,,
2026-01-06 05:49:01.405000+00:00,2026-01-06 05:49:01.563022+00:00,241.405,0.505,0.5,0.51,0.495,0.49,0.5,,,,
2026-01-06 05:49:02.460000+00:00,2026-01-06 05:49:02.571848+00:00,242.46,0.505,0.5,0.51,0.495,0.49,0.5,,,,
2026-01-06 05:49:03.402000+00:00,2026-01-06 05:49:03.582685+00:00,243.402,0.505,0.5,0.51,0.495,0.49,0.5,,,,
2026-01-06 05:49:04.466000+00:00,2026-01-06 05:49:04.585202+00:00,244.466,0.505,0.5,0.51,0.495,0.49,0.5,,,,
2026-01-06 05:49:05.501000+00:00,2026-01-06 05:49:05.597432+00:00,245.501,0.515,0.51,0.52,0.4599999999999999,0.45,0.47,,,,
2026-01-06 05:49:06.515000+00:00,2026-01-06 05:49:06.617171+00:00,246.515,0.565,0.56,0.57,0.435,0.43,0.44,,,,
2026-01-06 05:49:07.513000+00:00,2026-01-06 05:49:07.628467+00:00,247.513,0.575,0.57,0.58,0.425,0.42,0.43,,,,
2026-01-06 05:49:08.554000+00:00,2026-01-06 05:49:08.640683+00:00,248.554,0.615,0.61,0.62,0.375,0.37,0.38,,,,
2026-01-06 05:49:09.532000+00:00,2026-01-06 05:49:09.650290+00:00,249.532,0.655,0.65,0.66,0.345,0.34,0.35,,,,
2026-01-06 05:49:10.565000+00:00,2026-01-06 05:49:10.665116+00:00,250.565,0.675,0.67,0.68,0.33,0.32,0.34,,,,
2026-01-06 05:49:11.553000+00:00,2026-01-06 05:49:11.669251+00:00,251.553,0.665,0.66,0.67,0.335,0.33,0.34,,,,
2026-01-06 05:49:12.546000+00:00,2026-01-06 05:49:12.671511+00:00,252.546,0.665,0.66,0.67,0.335,0.33,0.34,,,,
2026-01-06 05:49:13.550000+00:00,2026-01-06 05:49:13.668884+00:00,253.55,0.665,0.66,0.67,0.335,0.33,0.34,,,,
2026-01-06 05:49:14.579000+00:00,2026-01-06 05:49:14.680925+00:00,254.579,0.665,0.66,0.67,0.335,0.33,0.34,,,,
2026-01-06 05:49:15.584000+00:00,2026-01-06 05:49:15.697510+00:00,255.584,0.665,0.66,0.67,0.335,0.33,0.34,,,,
2026-01-06 05:49:16.613000+00:00,2026-01-06 05:49:16.711920+00:00,256.613,0.695,0.69,0.7,0.305,0.3,0.31,,,,
2026-01-06 05:49:17.596000+00:00,2026-01-06 05:49:17.713663+00:00,257.596,0.695,0.69,0.7,0.305,0.3,0.31,,,,
2026-01-06 05:49:18.539000+00:00,2026-01-06 05:49:18.725817+00:00,258.539,0.705,0.7,0.71,0.295,0.29,0.3,,,,
2026-01-06 05:49:19.640000+00:00,2026-01-06 05:49:19.736369+00:00,259.64,0.715,0.71,0.72,0.285,0.28,0.29,,,,
2026-01-06 05:49:20.875000+00:00,2026-01-06 05:49:20.733751+00:00,260.875,0.725,0.72,0.73,0.275,0.27,0.28,,,,
2026-01-06 05:49:21.593000+00:00,2026-01-06 05:49:21.777573+00:00,261.593,0.73,0.72,0.74,0.27,0.26,0.28,,,,
2026-01-06 05:49:22.661000+00:00,2026-01-06 05:49:22.780583+00:00,262.661,0.735,0.72,0.75,0.265,0.25,0.28,,,,
2026-01-06 05:49:23.674000+00:00,2026-01-06 05:49:23.790292+00:00,263.674,0.74,0.73,0.75,0.255,0.25,0.26,,,,
2026-01-06 05:49:24.700000+00:00,2026-01-06 05:49:24.793021+00:00,264.7,0.73,0.72,0.74,0.27,0.26,0.28,,,,
2026-01-06 05:49:25.236000+00:00,2026-01-06 05:49:25.797839+00:00,265.236,0.735,0.72,0.75,0.27,0.26,0.28,,,,
2026-01-06 05:49:26.711000+00:00,2026-01-06 05:49:26.820648+00:00,266.711,0.72,0.71,0.73,0.28,0.27,0.29,,,,
2026-01-06 05:49:27.727000+00:00,2026-01-06 05:49:27.837408+00:00,267.727,0.73,0.72,0.74,0.27,0.26,0.28,,,,
2026-01-06 05:49:28.633000+00:00,2026-01-06 05:49:28.850371+00:00,268.633,0.73,0.72,0.74,0.27,0.26,0.28,,,,
2026-01-06 05:49:29.733000+00:00,2026-01-06 05:49:29.862606+00:00,269.733,0.73,0.72,0.74,0.27,0.26,0.28,,,,
2026-01-06 05:49:30.422000+00:00,2026-01-06 05:49:30.864445+00:00,270.422,0.73,0.72,0.74,0.27,0.26,0.28,,,,
2026-01-06 05:49:31.781000+00:00,2026-01-06 05:49:31.880615+00:00,271.781,0.73,0.72,0.74,0.27,0.26,0.28,,,,
2026-01-06 05:49:32.787000+00:00,2026-01-06 05:49:32.886280+00:00,272.787,0.7,0.69,0.71,0.305,0.3,0.31,,,,
2026-01-06 05:49:33.727000+00:00,2026-01-06 05:49:33.887396+00:00,273.727,0.69,0.68,0.7,0.31,0.3,0.32,,,,
2026-01-06 05:49:34.816000+00:00,2026-01-06 05:49:34.914535+00:00,274.816,0.6950000000000001,0.68,0.71,0.305,0.29,0.32,,,,
2026-01-06 05:49:35.809000+00:00,2026-01-06 05:49:35.913720+00:00,275.809,0.705,0.7,0.71,0.28,0.27,0.29,,,,
2026-01-06 05:49:36.825000+00:00,2026-01-06 05:49:36.927487+00:00,276.825,0.705,0.7,0.71,0.295,0.29,0.3,,,,
2026-01-06 05:49:37.823000+00:00,2026-01-06 05:49:37.929530+00:00,277.823,0.71,0.7,0.72,0.295,0.29,0.3,,,,
2026-01-06 05:49:38.797000+00:00,2026-01-06 05:49:38.929360+00:00,278.797,0.715,0.7,0.73,0.285,0.27,0.3,,,,
2026-01-06 05:49:39.743000+00:00,2026-01-06 05:49:39.942956+00:00,279.743,0.715,0.7,0.73,0.285,0.27,0.3,,,,
2026-01-06 05:49:40.805000+00:00,2026-01-06 05:49:40.956811+00:00,280.805,0.715,0.71,0.72,0.285,0.28,0.29,,,,
2026-01-06 05:49:41.829000+00:00,2026-01-06 05:49:41.967781+00:00,281.829,0.725,0.72,0.73,0.275,0.27,0.28,,,,
2026-01-06 05:49:42.815000+00:00,2026-01-06 05:49:42.969250+00:00,282.815,0.725,0.72,0.73,0.275,0.27,0.28,,,,
2026-01-06 05:49:43.875000+00:00,2026-01-06 05:49:43.966501+00:00,283.875,0.72,0.71,0.73,0.28,0.27,0.29,,,,
2026-01-06 05:49:44.751000+00:00,2026-01-06 05:49:44.964267+00:00,284.751,0.72,0.71,0.73,0.28,0.27,0.29,,,,
2026-01-06 05:49:45.808000+00:00,2026-01-06 05:49:45.980180+00:00,285.808,0.72,0.71,0.73,0.28,0.27,0.29,,,,
2026-01-06 05:49:46.879000+00:00,2026-01-06 05:49:46.979381+00:00,286.879,0.725,0.72,0.73,0.275,0.27,0.28,,,,
2026-01-06 05:49:47.838000+00:00,2026-01-06 05:49:47.980661+00:00,287.838,0.74,0.73,0.75,0.26,0.25,0.27,,,,
2026-01-06 05:49:48.514000+00:00,2026-01-06 05:49:48.979034+00:00,288.514,0.74,0.73,0.75,0.26,0.25,0.27,,,,
2026-01-06 05:49:49.844000+00:00,2026-01-06 05:49:49.972975+00:00,289.844,0.74,0.73,0.75,0.26,0.25,0.27,,,,
2026-01-06 05:49:50.875000+00:00,2026-01-06 05:49:50.975594+00:00,290.875,0.765,0.76,0.77,0.235,0.23,0.24,,,,
2026-01-06 05:49:51.882000+00:00,2026-01-06 05:49:51.978997+00:00,291.882,0.79,0.78,0.8,0.205,0.2,0.21,,,,
2026-01-06 05:49:52.882000+00:00,2026-01-06 05:49:52.982983+00:00,292.882,0.8,0.79,0.81,0.2,0.19,0.21,,,,
2026-01-06 05:49:53.831000+00:00,2026-01-06 05:49:53.995574+00:00,293.831,0.8,0.79,0.81,0.2,0.19,0.21,,,,
2026-01-06 05:49:54.801000+00:00,2026-01-06 05:49:54.995970+00:00,294.801,0.8,0.79,0.81,0.2,0.19,0.21,,,,
2026-01-06 05:49:55.905000+00:00,2026-01-06 05:49:56.012094+00:00,295.905,0.81,0.8,0.82,0.185,0.18,0.19,,,,
2026-01-06 05:49:56.816000+00:00,2026-01-06 05:49:57.020718+00:00,296.816,0.81,0.8,0.82,0.19,0.18,0.2,,,,
2026-01-06 05:49:57.915000+00:00,2026-01-06 05:49:58.030872+00:00,297.915,0.81,0.8,0.82,0.19,0.18,0.2,,,,
2026-01-06 05:49:58.696000+00:00,2026-01-06 05:49:59.026913+00:00,298.696,0.81,0.8,0.82,0.19,0.18,0.2,,,,
2026-01-06 05:49:59.951000+00:00,2026-01-06 05:50:00.046145+00:00,299.951,0.81,0.8,0.82,0.19,0.18,0.2,,,,
2026-01-06 05:50:00.899000+00:00,2026-01-06 05:50:01.047984+00:00,300.899,0.81,0.8,0.82,0.19,0.18,0.2,,,,
2026-01-06 05:50:01.963000+00:00,2026-01-06 05:50:02.061329+00:00,301.963,0.77,0.76,0.78,0.235,0.23,0.24,,,,
2026-01-06 05:50:02.959000+00:00,2026-01-06 05:50:03.063278+00:00,302.959,0.755,0.75,0.76,0.255,0.25,0.26,,,,
2026-01-06 05:50:03.881000+00:00,2026-01-06 05:50:04.062939+00:00,303.881,0.755,0.74,0.77,0.245,0.23,0.26,,,,
2026-01-06 05:50:04.851000+00:00,2026-01-06 05:50:05.062965+00:00,304.851,0.755,0.74,0.77,0.245,0.23,0.26,,,,
2026-01-06 05:50:05.943000+00:00,2026-01-06 05:50:06.075377+00:00,305.943,0.755,0.74,0.77,0.245,0.23,0.26,,,,
2026-01-06 05:50:06.673000+00:00,2026-01-06 05:50:07.094183+00:00,306.673,0.755,0.75,0.76,0.245,0.24,0.25,,,,
2026-01-06 05:50:07.979000+00:00,2026-01-06 05:50:08.097419+00:00,307.979,0.755,0.75,0.76,0.245,0.24,0.25,,,,
2026-01-06 05:50:08.931000+00:00,2026-01-06 05:50:09.097506+00:00,308.931,0.76,0.75,0.77,0.24,0.23,0.25,,,,
2026-01-06 05:50:09.991000+00:00,2026-01-06 05:50:10.099052+00:00,309.991,0.725,0.72,0.73,0.275,0.27,0.28,,,,
2026-01-06 05:50:10.950000+00:00,2026-01-06 05:50:11.097261+00:00,310.95,0.725,0.72,0.73,0.275,0.27,0.28,,,,
2026-01-06 05:50:11.980000+00:00,2026-01-06 05:50:12.111861+00:00,311.98,0.725,0.72,0.73,0.275,0.27,0.28,,,,
2026-01-06 05:50:12.940000+00:00,2026-01-06 05:50:13.112677+00:00,312.94,0.715,0.71,0.72,0.285,0.28,0.29,,,,
2026-01-06 05:50:14.024000+00:00,2026-01-06 05:50:14.131316+00:00,314.024,0.715,0.71,0.72,0.285,0.28,0.29,,,,
2026-01-06 05:50:15.042000+00:00,2026-01-06 05:50:15.140465+00:00,315.042,0.715,0.71,0.72,0.285,0.28,0.29,,,,
2026-01-06 05:50:16.048000+00:00,2026-01-06 05:50:16.146421+00:00,316.048,0.685,0.67,0.7,0.325,0.31,0.34,,,,
2026-01-06 05:50:17.894000+00:00,2026-01-06 05:50:18.165590+00:00,317.894,0.665,0.65,0.68,0.3399999999999999,0.33,0.35,,,,
2026-01-06 05:50:19.067000+00:00,2026-01-06 05:50:19.167033+00:00,319.067,0.66,0.65,0.67,0.335,0.33,0.34,,,,
2026-01-06 05:50:20.062000+00:00,2026-01-06 05:50:20.174821+00:00,320.062,0.66,0.65,0.67,0.3399999999999999,0.33,0.35,,,,
2026-01-06 05:50:21.045000+00:00,2026-01-06 05:50:21.181706+00:00,321.045,0.66,0.65,0.67,0.3399999999999999,0.33,0.35,,,,
2026-01-06 05:50:22.089000+00:00,2026-01-06 05:50:22.200238+00:00,322.089,0.66,0.65,0.67,0.3399999999999999,0.33,0.35,,,,
2026-01-06 05:50:23.093000+00:00,2026-01-06 05:50:23.211124+00:00,323.093,0.66,0.65,0.67,0.3399999999999999,0.33,0.35,,,,
2026-01-06 05:50:24.733000+00:00,2026-01-06 05:50:25.225219+00:00,324.733,0.665,0.65,0.68,0.3349999999999999,0.32,0.35,,,,
2026-01-06 05:50:26.143000+00:00,2026-01-06 05:50:26.230653+00:00,326.143,0.665,0.65,0.68,0.3349999999999999,0.32,0.35,,,,
2026-01-06 05:50:27.065000+00:00,2026-01-06 05:50:27.243230+00:00,327.065,0.67,0.66,0.68,0.33,0.32,0.34,,,,
2026-01-06 05:50:28.070000+00:00,2026-01-06 05:50:28.261066+00:00,328.07,0.67,0.66,0.68,0.33,0.32,0.34,,,,
2026-01-06 05:50:29.123000+00:00,2026-01-06 05:50:29.270599+00:00,329.123,0.665,0.65,0.68,0.3349999999999999,0.32,0.35,,,,
2026-01-06 05:50:30.179000+00:00,2026-01-06 05:50:30.278671+00:00,330.179,0.66,0.64,0.68,0.3399999999999999,0.32,0.36,,,,
2026-01-06 05:50:31.154000+00:00,2026-01-06 05:50:31.300822+00:00,331.154,0.655,0.64,0.67,0.35,0.34,0.36,,,,
2026-01-06 05:50:32.213000+00:00,2026-01-06 05:50:32.309211+00:00,332.213,0.63,0.62,0.64,0.365,0.36,0.37,,,,
2026-01-06 05:50:33.198000+00:00,2026-01-06 05:50:33.335273+00:00,333.198,0.64,0.63,0.65,0.36,0.35,0.37,,,,
2026-01-06 05:50:34.255000+00:00,2026-01-06 05:50:34.343262+00:00,334.255,0.64,0.63,0.65,0.36,0.35,0.37,,,,
2026-01-06 05:50:35.243000+00:00,2026-01-06 05:50:35.344915+00:00,335.243,0.635,0.63,0.64,0.365,0.36,0.37,,,,
2026-01-06 05:50:36.209000+00:00,2026-01-06 05:50:36.352431+00:00,336.209,0.635,0.63,0.64,0.365,0.36,0.37,,,,
2026-01-06 05:50:37.232000+00:00,2026-01-06 05:50:37.359738+00:00,337.232,0.635,0.63,0.64,0.365,0.36,0.37,,,,
2026-01-06 05:50:38.191000+00:00,2026-01-06 05:50:38.361665+00:00,338.191,0.635,0.63,0.64,0.365,0.36,0.37,,,,
2026-01-06 05:50:39.160000+00:00,2026-01-06 05:50:39.361545+00:00,339.16,0.635,0.63,0.64,0.365,0.36,0.37,,,,
2026-01-06 05:50:40.261000+00:00,2026-01-06 05:50:40.379984+00:00,340.261,0.605,0.6,0.61,0.395,0.39,0.4,,,,
2026-01-06 05:50:41.275000+00:00,2026-01-06 05:50:41.377705+00:00,341.275,0.61,0.6,0.62,0.39,0.38,0.4,,,,
2026-01-06 05:50:42.291000+00:00,2026-01-06 05:50:42.394299+00:00,342.291,0.615,0.61,0.62,0.385,0.38,0.39,,,,
2026-01-06 05:50:43.256000+00:00,2026-01-06 05:50:43.408875+00:00,343.256,0.645,0.64,0.65,0.355,0.35,0.36,,,,
2026-01-06 05:50:44.305000+00:00,2026-01-06 05:50:44.411393+00:00,344.305,0.66,0.65,0.67,0.3399999999999999,0.33,0.35,,,,
2026-01-06 05:50:45.284000+00:00,2026-01-06 05:50:45.429435+00:00,345.284,0.675,0.67,0.68,0.325,0.32,0.33,,,,
2026-01-06 05:50:46.314000+00:00,2026-01-06 05:50:46.439140+00:00,346.314,0.675,0.67,0.68,0.325,0.32,0.33,,,,
2026-01-06 05:50:47.193000+00:00,2026-01-06 05:50:47.444649+00:00,347.193,0.675,0.67,0.68,0.325,0.32,0.33,,,,
2026-01-06 05:50:48.355000+00:00,2026-01-06 05:50:48.451548+00:00,348.355,0.675,0.67,0.68,0.325,0.32,0.33,,,,
2026-01-06 05:50:49.346000+00:00,2026-01-06 05:50:49.449813+00:00,349.346,0.715,0.71,0.72,0.285,0.28,0.29,,,,
2026-01-06 05:50:50.355000+00:00,2026-01-06 05:50:50.463600+00:00,350.355,0.72,0.71,0.73,0.28,0.27,0.29,,,,
2026-01-06 05:50:51.224000+00:00,2026-01-06 05:50:51.473420+00:00,351.224,0.715,0.71,0.72,0.285,0.28,0.29,,,,
2026-01-06 05:50:52.374000+00:00,2026-01-06 05:50:52.479869+00:00,352.374,0.715,0.71,0.72,0.285,0.28,0.29,,,,
2026-01-06 05:50:53.375000+00:00,2026-01-06 05:50:53.476797+00:00,353.375,0.705,0.7,0.71,0.295,0.29,0.3,,,,
2026-01-06 05:50:54.264000+00:00,2026-01-06 05:50:54.476133+00:00,354.264,0.705,0.7,0.71,0.295,0.29,0.3,,,,
2026-01-06 05:50:55.070000+00:00,2026-01-06 05:50:55.493857+00:00,355.07,0.705,0.7,0.71,0.295,0.29,0.3,,,,
2026-01-06 05:50:56.416000+00:00,2026-01-06 05:50:56.510829+00:00,356.416,0.685,0.68,0.69,0.315,0.31,0.32,,,,
2026-01-06 05:50:57.334000+00:00,2026-01-06 05:50:57.515780+00:00,357.334,0.695,0.69,0.7,0.305,0.3,0.31,,,,
2026-01-06 05:50:58.186000+00:00,2026-01-06 05:50:58.513259+00:00,358.186,0.695,0.69,0.7,0.305,0.3,0.31,,,,
2026-01-06 05:50:59.272000+00:00,2026-01-06 05:50:59.514815+00:00,359.272,0.695,0.69,0.7,0.305,0.3,0.31,,,,
2026-01-06 05:51:00.444000+00:00,2026-01-06 05:51:00.510627+00:00,360.444,0.695,0.69,0.7,0.305,0.3,0.31,,,,
2026-01-06 05:51:01.400000+00:00,2026-01-06 05:51:01.514102+00:00,361.4,0.695,0.69,0.7,0.305,0.3,0.31,,,,
2026-01-06 05:51:02.453000+00:00,2026-01-06 05:51:02.535401+00:00,362.453,0.715,0.71,0.72,0.285,0.28,0.29,,,,
2026-01-06 05:51:03.470000+00:00,2026-01-06 05:51:03.548739+00:00,363.47,0.715,0.71,0.72,0.285,0.28,0.29,,,,
2026-01-06 05:51:04.470000+00:00,2026-01-06 05:51:04.569891+00:00,364.47,0.735,0.73,0.74,0.265,0.26,0.27,,,,
2026-01-06 05:51:05.336000+00:00,2026-01-06 05:51:05.582331+00:00,365.336,0.735,0.73,0.74,0.265,0.26,0.27,,,,
2026-01-06 05:51:06.424000+00:00,2026-01-06 05:51:06.576743+00:00,366.424,0.735,0.73,0.74,0.265,0.26,0.27,,,,
2026-01-06 05:51:07.490000+00:00,2026-01-06 05:51:07.593203+00:00,367.49,0.745,0.74,0.75,0.255,0.25,0.26,,,,
2026-01-06 05:51:08.436000+00:00,2026-01-06 05:51:08.593798+00:00,368.436,0.785,0.78,0.79,0.215,0.21,0.22,,,,
2026-01-06 05:51:09.468000+00:00,2026-01-06 05:51:09.585695+00:00,369.468,0.77,0.76,0.78,0.235,0.23,0.24,,,,
2026-01-06 05:51:10.360000+00:00,2026-01-06 05:51:10.581765+00:00,370.36,0.765,0.76,0.77,0.235,0.23,0.24,,,,
2026-01-06 05:51:11.471000+00:00,2026-01-06 05:51:11.591572+00:00,371.471,0.765,0.76,0.77,0.235,0.23,0.24,,,,
2026-01-06 05:51:12.468000+00:00,2026-01-06 05:51:12.608690+00:00,372.468,0.765,0.76,0.77,0.235,0.23,0.24,,,,
2026-01-06 05:51:13.537000+00:00,2026-01-06 05:51:13.625924+00:00,373.537,0.765,0.76,0.77,0.235,0.23,0.24,,,,
2026-01-06 05:51:14.599000+00:00,2026-01-06 05:51:14.641369+00:00,374.599,0.72,0.71,0.73,0.28,0.27,0.29,,,,
2026-01-06 05:51:15.543000+00:00,2026-01-06 05:51:15.644143+00:00,375.543,0.725,0.72,0.73,0.275,0.27,0.28,,,,
2026-01-06 05:51:16.563000+00:00,2026-01-06 05:51:16.659655+00:00,376.563,0.725,0.72,0.73,0.275,0.27,0.28,,,,
2026-01-06 05:51:17.577000+00:00,2026-01-06 05:51:17.675833+00:00,377.577,0.685,0.68,0.69,0.315,0.31,0.32,,,,
2026-01-06 05:51:18.529000+00:00,2026-01-06 05:51:18.678058+00:00,378.529,0.685,0.68,0.69,0.315,0.31,0.32,,,,
2026-01-06 05:51:19.603000+00:00,2026-01-06 05:51:19.694888+00:00,379.603,0.685,0.68,0.69,0.315,0.31,0.32,,,,
2026-01-06 05:51:20.608000+00:00,2026-01-06 05:51:20.709231+00:00,380.608,0.685,0.68,0.69,0.315,0.31,0.32,,,,
2026-01-06 05:51:21.533000+00:00,2026-01-06 05:51:21.709415+00:00,381.533,0.685,0.68,0.69,0.315,0.31,0.32,,,,
2026-01-06 05:51:22.546000+00:00,2026-01-06 05:51:22.724102+00:00,382.546,0.685,0.68,0.69,0.315,0.31,0.32,,,,
2026-01-06 05:51:23.649000+00:00,2026-01-06 05:51:23.732549+00:00,383.649,0.69,0.68,0.7,0.31,0.3,0.32,,,,
2026-01-06 05:51:24.507000+00:00,2026-01-06 05:51:24.726752+00:00,384.507,0.69,0.68,0.7,0.31,0.3,0.32,,,,
2026-01-06 05:51:25.507000+00:00,2026-01-06 05:51:25.724644+00:00,385.507,0.69,0.68,0.7,0.31,0.3,0.32,,,,
2026-01-06 05:51:26.449000+00:00,2026-01-06 05:51:26.741028+00:00,386.449,0.69,0.68,0.7,0.31,0.3,0.32,,,,
2026-01-06 05:51:27.487000+00:00,2026-01-06 05:51:27.749189+00:00,387.487,0.69,0.68,0.7,0.31,0.3,0.32,,,,
2026-01-06 05:51:28.565000+00:00,2026-01-06 05:51:28.760812+00:00,388.565,0.69,0.68,0.7,0.31,0.3,0.32,,,,
2026-01-06 05:51:29.682000+00:00,2026-01-06 05:51:29.778734+00:00,389.682,0.695,0.69,0.7,0.305,0.3,0.31,,,,
2026-01-06 05:51:30.616000+00:00,2026-01-06 05:51:30.792435+00:00,390.616,0.69,0.68,0.7,0.31,0.3,0.32,,,,
2026-01-06 05:51:31.710000+00:00,2026-01-06 05:51:31.809668+00:00,391.71,0.715,0.71,0.72,0.285,0.28,0.29,,,,
2026-01-06 05:51:32.680000+00:00,2026-01-06 05:51:32.803773+00:00,392.68,0.705,0.7,0.71,0.295,0.29,0.3,,,,
2026-01-06 05:51:33.612000+00:00,2026-01-06 05:51:33.811105+00:00,393.612,0.705,0.7,0.71,0.295,0.29,0.3,,,,
2026-01-06 05:51:34.696000+00:00,2026-01-06 05:51:34.825766+00:00,394.696,0.705,0.7,0.71,0.295,0.29,0.3,,,,
2026-01-06 05:51:35.752000+00:00,2026-01-06 05:51:35.842288+00:00,395.752,0.705,0.7,0.71,0.295,0.29,0.3,,,,
2026-01-06 05:51:36.751000+00:00,2026-01-06 05:51:36.853229+00:00,396.751,0.715,0.71,0.72,0.285,0.28,0.29,,,,
2026-01-06 05:51:37.668000+00:00,2026-01-06 05:51:37.850557+00:00,397.668,0.715,0.71,0.72,0.285,0.28,0.29,,,,
2026-01-06 05:51:38.747000+00:00,2026-01-06 05:51:38.850888+00:00,398.747,0.715,0.71,0.72,0.285,0.28,0.29,,,,
2026-01-06 05:51:39.753000+00:00,2026-01-06 05:51:39.864521+00:00,399.753,0.715,0.71,0.72,0.285,0.28,0.29,,,,
2026-01-06 05:51:40.771000+00:00,2026-01-06 05:51:40.877804+00:00,400.771,0.705,0.7,0.71,0.295,0.29,0.3,,,,
2026-01-06 05:51:41.782000+00:00,2026-01-06 05:51:41.882020+00:00,401.782,0.705,0.7,0.71,0.295,0.29,0.3,,,,
2026-01-06 05:51:42.700000+00:00,2026-01-06 05:51:42.896152+00:00,402.7,0.7,0.69,0.71,0.3,0.29,0.31,,,,
2026-01-06 05:51:43.475000+00:00,2026-01-06 05:51:43.890995+00:00,403.475,0.695,0.69,0.7,0.305,0.3,0.31,,,,
2026-01-06 05:51:44.762000+00:00,2026-01-06 05:51:44.897689+00:00,404.762,0.695,0.69,0.7,0.305,0.3,0.31,,,,
2026-01-06 05:51:45.817000+00:00,2026-01-06 05:51:45.900714+00:00,405.817,0.685,0.68,0.69,0.315,0.31,0.32,,,,
2026-01-06 05:51:46.776000+00:00,2026-01-06 05:51:46.916792+00:00,406.776,0.685,0.68,0.69,0.315,0.31,0.32,,,,
2026-01-06 05:51:47.807000+00:00,2026-01-06 05:51:47.925065+00:00,407.807,0.685,0.68,0.69,0.315,0.31,0.32,,,,
2026-01-06 05:51:48.841000+00:00,2026-01-06 05:51:48.940684+00:00,408.841,0.675,0.67,0.68,0.325,0.32,0.33,,,,
2026-01-06 05:51:49.849000+00:00,2026-01-06 05:51:49.946557+00:00,409.849,0.675,0.67,0.68,0.325,0.32,0.33,,,,
2026-01-06 05:51:50.751000+00:00,2026-01-06 05:51:50.958595+00:00,410.751,0.675,0.67,0.68,0.325,0.32,0.33,,,,
2026-01-06 05:51:51.695000+00:00,2026-01-06 05:51:51.958530+00:00,411.695,0.675,0.67,0.68,0.325,0.32,0.33,,,,
2026-01-06 05:51:52.748000+00:00,2026-01-06 05:51:52.955367+00:00,412.748,0.675,0.67,0.68,0.325,0.32,0.33,,,,
2026-01-06 05:51:53.550000+00:00,2026-01-06 05:51:53.958218+00:00,413.55,0.675,0.67,0.68,0.325,0.32,0.33,,,,
2026-01-06 05:51:54.846000+00:00,2026-01-06 05:51:54.960848+00:00,414.846,0.675,0.67,0.68,0.325,0.32,0.33,,,,
2026-01-06 05:51:55.860000+00:00,2026-01-06 05:51:55.975386+00:00,415.86,0.675,0.67,0.68,0.325,0.32,0.33,,,,
2026-01-06 05:51:56.779000+00:00,2026-01-06 05:51:56.975310+00:00,416.779,0.675,0.67,0.68,0.325,0.32,0.33,,,,
2026-01-06 05:51:57.890000+00:00,2026-01-06 05:51:57.989286+00:00,417.89,0.665,0.66,0.67,0.335,0.33,0.34,,,,
2026-01-06 05:51:58.861000+00:00,2026-01-06 05:51:58.995664+00:00,418.861,0.665,0.66,0.67,0.335,0.33,0.34,,,,
2026-01-06 05:51:59.914000+00:00,2026-01-06 05:52:00.007151+00:00,419.914,0.665,0.66,0.67,0.335,0.33,0.34,,,,
2026-01-06 05:52:00.900000+00:00,2026-01-06 05:52:01.008188+00:00,420.9,0.685,0.68,0.69,0.315,0.31,0.32,,,,
2026-01-06 05:52:01.900000+00:00,2026-01-06 05:52:02.016539+00:00,421.9,0.695,0.69,0.7,0.305,0.3,0.31,,,,
2026-01-06 05:52:02.864000+00:00,2026-01-06 05:52:03.023364+00:00,422.864,0.725,0.72,0.73,0.275,0.27,0.28,,,,
2026-01-06 05:52:03.787000+00:00,2026-01-06 05:52:04.024601+00:00,423.787,0.73,0.72,0.74,0.27,0.26,0.28,,,,
2026-01-06 05:52:04.929000+00:00,2026-01-06 05:52:05.038934+00:00,424.929,0.73,0.72,0.74,0.27,0.26,0.28,,,,
2026-01-06 05:52:05.793000+00:00,2026-01-06 05:52:06.050741+00:00,425.793,0.73,0.72,0.74,0.27,0.26,0.28,,,,
2026-01-06 05:52:06.860000+00:00,2026-01-06 05:52:07.047324+00:00,426.86,0.725,0.72,0.73,0.275,0.27,0.28,,,,
2026-01-06 05:52:07.934000+00:00,2026-01-06 05:52:08.046692+00:00,427.934,0.725,0.72,0.73,0.275,0.27,0.28,,,,
2026-01-06 05:52:08.795000+00:00,2026-01-06 05:52:09.047423+00:00,428.795,0.725,0.72,0.73,0.275,0.27,0.28,,,,
2026-01-06 05:52:09.846000+00:00,2026-01-06 05:52:10.044671+00:00,429.846,0.73,0.72,0.74,0.275,0.27,0.28,,,,
2026-01-06 05:52:10.880000+00:00,2026-01-06 05:52:11.041886+00:00,430.88,0.725,0.72,0.73,0.275,0.27,0.28,,,,
2026-01-06 05:52:11.754000+00:00,2026-01-06 05:52:12.058605+00:00,431.754,0.725,0.72,0.73,0.275,0.27,0.28,,,,
2026-01-06 05:52:12.948000+00:00,2026-01-06 05:52:13.074446+00:00,432.948,0.725,0.72,0.73,0.275,0.27,0.28,,,,
2026-01-06 05:52:13.792000+00:00,2026-01-06 05:52:14.080639+00:00,433.792,0.715,0.71,0.72,0.285,0.28,0.29,,,,
2026-01-06 05:52:14.889000+00:00,2026-01-06 05:52:15.091749+00:00,434.889,0.725,0.72,0.73,0.275,0.27,0.28,,,,
2026-01-06 05:52:16.990000+00:00,2026-01-06 05:52:17.126427+00:00,436.99,0.715,0.71,0.72,0.285,0.28,0.29,,,,
2026-01-06 05:52:18.027000+00:00,2026-01-06 05:52:18.123531+00:00,438.027,0.715,0.71,0.72,0.3,0.29,0.31,,,,
2026-01-06 05:52:19.041000+00:00,2026-01-06 05:52:19.143066+00:00,439.041,0.65,0.64,0.66,0.355,0.35,0.36,,,,
2026-01-06 05:52:20.023000+00:00,2026-01-06 05:52:20.156620+00:00,440.023,0.645,0.64,0.65,0.355,0.35,0.36,,,,
2026-01-06 05:52:21.051000+00:00,2026-01-06 05:52:21.163002+00:00,441.051,0.65,0.64,0.66,0.345,0.34,0.35,,,,
2026-01-06 05:52:22.004000+00:00,2026-01-06 05:52:22.172037+00:00,442.004,0.655,0.65,0.66,0.345,0.34,0.35,,,,
2026-01-06 05:52:23.039000+00:00,2026-01-06 05:52:23.179271+00:00,443.039,0.655,0.65,0.66,0.345,0.34,0.35,,,,
2026-01-06 05:52:24.089000+00:00,2026-01-06 05:52:24.188544+00:00,444.089,0.685,0.68,0.69,0.305,0.3,0.31,,,,
2026-01-06 05:52:25.965000+00:00,2026-01-06 05:52:26.193674+00:00,445.965,0.725,0.72,0.73,0.275,0.27,0.28,,,,
2026-01-06 05:52:27.079000+00:00,2026-01-06 05:52:27.199995+00:00,447.079,0.725,0.72,0.73,0.275,0.27,0.28,,,,
2026-01-06 05:52:28.038000+00:00,2026-01-06 05:52:28.203523+00:00,448.038,0.725,0.72,0.73,0.275,0.27,0.28,,,,
2026-01-06 05:52:29.940000+00:00,2026-01-06 05:52:30.224081+00:00,449.94,0.725,0.72,0.73,0.275,0.27,0.28,,,,
2026-01-06 05:52:31.115000+00:00,2026-01-06 05:52:31.224197+00:00,451.115,0.725,0.72,0.73,0.275,0.27,0.28,,,,
2026-01-06 05:52:32.116000+00:00,2026-01-06 05:52:32.234907+00:00,452.116,0.745,0.74,0.75,0.255,0.25,0.26,,,,
2026-01-06 05:52:33.157000+00:00,2026-01-06 05:52:33.257795+00:00,453.157,0.755,0.75,0.76,0.245,0.24,0.25,,,,
2026-01-06 05:52:34.148000+00:00,2026-01-06 05:52:34.257570+00:00,454.148,0.785,0.78,0.79,0.215,0.21,0.22,,,,
2026-01-06 05:52:35.879000+00:00,2026-01-06 05:52:36.274170+00:00,455.879,0.775,0.77,0.78,0.225,0.22,0.23,,,,
2026-01-06 05:52:36.996000+00:00,2026-01-06 05:52:37.300622+00:00,456.996,0.775,0.77,0.78,0.22,0.21,0.23,,,,
2026-01-06 05:52:38.162000+00:00,2026-01-06 05:52:38.293422+00:00,458.162,0.745,0.74,0.75,0.255,0.25,0.26,,,,
2026-01-06 05:52:39.161000+00:00,2026-01-06 05:52:39.291746+00:00,459.161,0.745,0.74,0.75,0.255,0.25,0.26,,,,
2026-01-06 05:52:40.104000+00:00,2026-01-06 05:52:40.312364+00:00,460.104,0.745,0.74,0.75,0.255,0.25,0.26,,,,
2026-01-06 05:52:41.050000+00:00,2026-01-06 05:52:41.317907+00:00,461.05,0.745,0.74,0.75,0.255,0.25,0.26,,,,
2026-01-06 05:52:42.154000+00:00,2026-01-06 05:52:42.306969+00:00,462.154,0.745,0.74,0.75,0.255,0.25,0.26,,,,
2026-01-06 05:52:43.159000+00:00,2026-01-06 05:52:43.323032+00:00,463.159,0.745,0.74,0.75,0.255,0.25,0.26,,,,
2026-01-06 05:52:44.202000+00:00,2026-01-06 05:52:44.341761+00:00,464.202,0.735,0.73,0.74,0.265,0.26,0.27,,,,
2026-01-06 05:52:45.249000+00:00,2026-01-06 05:52:45.356074+00:00,465.249,0.735,0.73,0.74,0.265,0.26,0.27,,,,
2026-01-06 05:52:46.232000+00:00,2026-01-06 05:52:46.361075+00:00,466.232,0.735,0.73,0.74,0.265,0.26,0.27,,,,
2026-01-06 05:52:47.300000+00:00,2026-01-06 05:52:47.367461+00:00,467.3,0.735,0.73,0.74,0.265,0.26,0.27,,,,
2026-01-06 05:52:48.264000+00:00,2026-01-06 05:52:48.376383+00:00,468.264,0.755,0.75,0.76,0.245,0.24,0.25,,,,
2026-01-06 05:52:49.166000+00:00,2026-01-06 05:52:49.389226+00:00,469.166,0.76,0.75,0.77,0.24,0.23,0.25,,,,
2026-01-06 05:52:50.206000+00:00,2026-01-06 05:52:50.390159+00:00,470.206,0.76,0.75,0.77,0.24,0.23,0.25,,,,
2026-01-06 05:52:51.265000+00:00,2026-01-06 05:52:51.389985+00:00,471.265,0.775,0.77,0.78,0.225,0.22,0.23,,,,
2026-01-06 05:52:52.292000+00:00,2026-01-06 05:52:52.408248+00:00,472.292,0.785,0.78,0.79,0.215,0.21,0.22,,,,
2026-01-06 05:52:53.307000+00:00,2026-01-06 05:52:53.410793+00:00,473.307,0.785,0.78,0.79,0.22,0.21,0.23,,,,
2026-01-06 05:52:54.317000+00:00,2026-01-06 05:52:54.421334+00:00,474.317,0.785,0.78,0.79,0.215,0.21,0.22,,,,
2026-01-06 05:52:55.324000+00:00,2026-01-06 05:52:55.430291+00:00,475.324,0.795,0.79,0.8,0.205,0.2,0.21,,,,
2026-01-06 05:52:56.304000+00:00,2026-01-06 05:52:56.439169+00:00,476.304,0.785,0.78,0.79,0.215,0.21,0.22,,,,
2026-01-06 05:52:57.319000+00:00,2026-01-06 05:52:57.439072+00:00,477.319,0.78,0.77,0.79,0.22,0.21,0.23,,,,
2026-01-06 05:52:58.331000+00:00,2026-01-06 05:52:58.458065+00:00,478.331,0.785,0.78,0.79,0.215,0.21,0.22,,,,
2026-01-06 05:52:59.351000+00:00,2026-01-06 05:52:59.458619+00:00,479.351,0.785,0.78,0.79,0.215,0.21,0.22,,,,
2026-01-06 05:53:00.349000+00:00,2026-01-06 05:53:00.468951+00:00,480.349,0.785,0.78,0.79,0.205,0.2,0.21,,,,
2026-01-06 05:53:01.367000+00:00,2026-01-06 05:53:01.471252+00:00,481.367,0.81,0.8,0.82,0.2,0.19,0.21,,,,
2026-01-06 05:53:02.306000+00:00,2026-01-06 05:53:02.472769+00:00,482.306,0.795,0.79,0.8,0.205,0.2,0.21,,,,
2026-01-06 05:53:03.372000+00:00,2026-01-06 05:53:03.488136+00:00,483.372,0.785,0.78,0.79,0.2299999999999999,0.22,0.24,,,,
2026-01-06 05:53:04.393000+00:00,2026-01-06 05:53:04.505641+00:00,484.393,0.785,0.78,0.79,0.215,0.21,0.22,,,,
2026-01-06 05:53:05.360000+00:00,2026-01-06 05:53:05.520304+00:00,485.36,0.805,0.8,0.81,0.195,0.19,0.2,,,,
2026-01-06 05:53:06.413000+00:00,2026-01-06 05:53:06.520575+00:00,486.413,0.8200000000000001,0.81,0.83,0.18,0.17,0.19,,,,
2026-01-06 05:53:07.415000+00:00,2026-01-06 05:53:07.521232+00:00,487.415,0.825,0.82,0.83,0.175,0.17,0.18,,,,
2026-01-06 05:53:08.439000+00:00,2026-01-06 05:53:08.540826+00:00,488.439,0.835,0.83,0.84,0.165,0.16,0.17,,,,
2026-01-06 05:53:09.447000+00:00,2026-01-06 05:53:09.556614+00:00,489.447,0.845,0.84,0.85,0.155,0.15,0.16,,,,
2026-01-06 05:53:10.447000+00:00,2026-01-06 05:53:10.553342+00:00,490.447,0.845,0.84,0.85,0.155,0.15,0.16,,,,
2026-01-06 05:53:11.431000+00:00,2026-01-06 05:53:11.570071+00:00,491.431,0.845,0.84,0.85,0.155,0.15,0.16,,,,
2026-01-06 05:53:12.338000+00:00,2026-01-06 05:53:12.579922+00:00,492.338,0.845,0.84,0.85,0.155,0.15,0.16,,,,
2026-01-06 05:53:13.455000+00:00,2026-01-06 05:53:13.580592+00:00,493.455,0.845,0.84,0.85,0.155,0.15,0.16,,,,
2026-01-06 05:53:14.507000+00:00,2026-01-06 05:53:14.606278+00:00,494.507,0.845,0.84,0.85,0.155,0.15,0.16,,,,
2026-01-06 05:53:15.522000+00:00,2026-01-06 05:53:15.622971+00:00,495.522,0.835,0.83,0.84,0.16,0.15,0.17,,,,
2026-01-06 05:53:16.489000+00:00,2026-01-06 05:53:16.628695+00:00,496.489,0.845,0.84,0.85,0.155,0.15,0.16,,,,
2026-01-06 05:53:17.474000+00:00,2026-01-06 05:53:17.638018+00:00,497.474,0.835,0.83,0.84,0.165,0.16,0.17,,,,
2026-01-06 05:53:18.560000+00:00,2026-01-06 05:53:18.640537+00:00,498.56,0.77,0.76,0.78,0.2299999999999999,0.22,0.24,,,,
2026-01-06 05:53:19.530000+00:00,2026-01-06 05:53:19.654737+00:00,499.53,0.755,0.75,0.76,0.245,0.24,0.25,,,,
2026-01-06 05:53:20.556000+00:00,2026-01-06 05:53:20.658507+00:00,500.556,0.73,0.72,0.74,0.275,0.27,0.28,,,,
2026-01-06 05:53:21.548000+00:00,2026-01-06 05:53:21.670606+00:00,501.548,0.725,0.72,0.73,0.275,0.27,0.28,,,,
2026-01-06 05:53:22.572000+00:00,2026-01-06 05:53:22.670667+00:00,502.572,0.655,0.65,0.66,0.345,0.34,0.35,,,,
2026-01-06 05:53:23.588000+00:00,2026-01-06 05:53:23.686932+00:00,503.588,0.625,0.62,0.63,0.375,0.37,0.38,,,,
2026-01-06 05:53:24.564000+00:00,2026-01-06 05:53:24.686576+00:00,504.564,0.615,0.61,0.62,0.375,0.37,0.38,,,,
2026-01-06 05:53:25.604000+00:00,2026-01-06 05:53:25.702832+00:00,505.604,0.62,0.61,0.63,0.395,0.39,0.4,,,,
2026-01-06 05:53:26.602000+00:00,2026-01-06 05:53:26.702344+00:00,506.602,0.535,0.53,0.54,0.475,0.47,0.48,,,,
2026-01-06 05:53:27.600000+00:00,2026-01-06 05:53:27.708368+00:00,507.6,0.525,0.52,0.53,0.475,0.47,0.48,,,,
2026-01-06 05:53:28.603000+00:00,2026-01-06 05:53:28.709501+00:00,508.603,0.535,0.53,0.54,0.4649999999999999,0.46,0.47,,,,
2026-01-06 05:53:29.623000+00:00,2026-01-06 05:53:29.720618+00:00,509.623,0.585,0.58,0.59,0.405,0.4,0.41,,,,
2026-01-06 05:53:30.628000+00:00,2026-01-06 05:53:30.729548+00:00,510.628,0.655,0.65,0.66,0.345,0.34,0.35,,,,
2026-01-06 05:53:31.637000+00:00,2026-01-06 05:53:31.737125+00:00,511.637,0.625,0.62,0.63,0.375,0.37,0.38,,,,
2026-01-06 05:53:32.666000+00:00,2026-01-06 05:53:32.758069+00:00,512.666,0.62,0.61,0.63,0.39,0.38,0.4,,,,
2026-01-06 05:53:33.679000+00:00,2026-01-06 05:53:33.766504+00:00,513.679,0.605,0.6,0.61,0.395,0.39,0.4,,,,
2026-01-06 05:53:34.632000+00:00,2026-01-06 05:53:34.786103+00:00,514.632,0.605,0.6,0.61,0.39,0.38,0.4,,,,
2026-01-06 05:53:35.687000+00:00,2026-01-06 05:53:35.786750+00:00,515.687,0.605,0.6,0.61,0.395,0.39,0.4,,,,
2026-01-06 05:53:36.589000+00:00,2026-01-06 05:53:36.787755+00:00,516.589,0.635,0.63,0.64,0.365,0.36,0.37,,,,
2026-01-06 05:53:37.607000+00:00,2026-01-06 05:53:37.804487+00:00,517.607,0.635,0.63,0.64,0.365,0.36,0.37,,,,
2026-01-06 05:53:38.710000+00:00,2026-01-06 05:53:38.825234+00:00,518.71,0.635,0.63,0.64,0.365,0.36,0.37,,,,
2026-01-06 05:53:39.741000+00:00,2026-01-06 05:53:39.841912+00:00,519.741,0.62,0.61,0.63,0.38,0.37,0.39,,,,
2026-01-06 05:53:40.757000+00:00,2026-01-06 05:53:40.858366+00:00,520.757,0.615,0.61,0.62,0.38,0.37,0.39,,,,
2026-01-06 05:53:41.739000+00:00,2026-01-06 05:53:41.872668+00:00,521.739,0.615,0.61,0.62,0.385,0.38,0.39,,,,
2026-01-06 05:53:42.761000+00:00,2026-01-06 05:53:42.870767+00:00,522.761,0.605,0.6,0.61,0.405,0.4,0.41,,,,
2026-01-06 05:53:43.776000+00:00,2026-01-06 05:53:43.870273+00:00,523.776,0.595,0.59,0.6,0.405,0.4,0.41,,,,
2026-01-06 05:53:44.620000+00:00,2026-01-06 05:53:44.883308+00:00,524.62,0.595,0.59,0.6,0.405,0.4,0.41,,,,
2026-01-06 05:53:45.790000+00:00,2026-01-06 05:53:45.897937+00:00,525.79,0.595,0.59,0.6,0.415,0.41,0.42,,,,
2026-01-06 05:53:46.805000+00:00,2026-01-06 05:53:46.910573+00:00,526.805,0.585,0.58,0.59,0.415,0.41,0.42,,,,
2026-01-06 05:53:47.765000+00:00,2026-01-06 05:53:47.911472+00:00,527.765,0.545,0.54,0.55,0.455,0.45,0.46,,,,
2026-01-06 05:53:48.830000+00:00,2026-01-06 05:53:48.929835+00:00,528.83,0.625,0.62,0.63,0.375,0.37,0.38,,,,
2026-01-06 05:53:49.834000+00:00,2026-01-06 05:53:49.937144+00:00,529.834,0.705,0.7,0.71,0.295,0.29,0.3,,,,
2026-01-06 05:53:50.828000+00:00,2026-01-06 05:53:50.937128+00:00,530.828,0.665,0.66,0.67,0.315,0.31,0.32,,,,
2026-01-06 05:53:51.845000+00:00,2026-01-06 05:53:51.941110+00:00,531.845,0.705,0.7,0.71,0.295,0.29,0.3,,,,
2026-01-06 05:53:52.844000+00:00,2026-01-06 05:53:52.943449+00:00,532.844,0.695,0.69,0.7,0.305,0.3,0.31,,,,
2026-01-06 05:53:53.775000+00:00,2026-01-06 05:53:53.940428+00:00,533.775,0.685,0.68,0.69,0.315,0.31,0.32,,,,
2026-01-06 05:53:54.855000+00:00,2026-01-06 05:53:54.958575+00:00,534.855,0.685,0.68,0.69,0.315,0.31,0.32,,,,
2026-01-06 05:53:55.858000+00:00,2026-01-06 05:53:55.954033+00:00,535.858,0.685,0.68,0.69,0.315,0.31,0.32,,,,
2026-01-06 05:53:56.850000+00:00,2026-01-06 05:53:56.959859+00:00,536.85,0.715,0.71,0.72,0.285,0.28,0.29,,,,
2026-01-06 05:53:57.829000+00:00,2026-01-06 05:53:57.953056+00:00,537.829,0.765,0.76,0.77,0.235,0.23,0.24,,,,
2026-01-06 05:53:58.853000+00:00,2026-01-06 05:53:58.952799+00:00,538.853,0.765,0.76,0.77,0.235,0.23,0.24,,,,
2026-01-06 05:53:59.871000+00:00,2026-01-06 05:53:59.959130+00:00,539.871,0.695,0.69,0.7,0.305,0.3,0.31,,,,
2026-01-06 05:54:00.857000+00:00,2026-01-06 05:54:00.956631+00:00,540.857,0.675,0.67,0.68,0.325,0.32,0.33,,,,
2026-01-06 05:54:01.870000+00:00,2026-01-06 05:54:01.970015+00:00,541.87,0.695,0.69,0.7,0.305,0.3,0.31,,,,
2026-01-06 05:54:02.875000+00:00,2026-01-06 05:54:02.970236+00:00,542.875,0.575,0.57,0.58,0.415,0.41,0.42,,,,
2026-01-06 05:54:03.876000+00:00,2026-01-06 05:54:03.982644+00:00,543.876,0.6,0.59,0.61,0.395,0.39,0.4,,,,
2026-01-06 05:54:04.869000+00:00,2026-01-06 05:54:04.995422+00:00,544.869,0.645,0.64,0.65,0.355,0.35,0.36,,,,
2026-01-06 05:54:05.864000+00:00,2026-01-06 05:54:05.998521+00:00,545.864,0.645,0.64,0.65,0.325,0.32,0.33,,,,
2026-01-06 05:54:06.882000+00:00,2026-01-06 05:54:07.018009+00:00,546.882,0.685,0.68,0.69,0.315,0.31,0.32,,,,
2026-01-06 05:54:07.928000+00:00,2026-01-06 05:54:08.029810+00:00,547.928,0.6799999999999999,0.67,0.69,0.31,0.3,0.32,,,,
2026-01-06 05:54:08.947000+00:00,2026-01-06 05:54:09.051386+00:00,548.947,0.72,0.71,0.73,0.275,0.27,0.28,,,,
2026-01-06 05:54:09.856000+00:00,2026-01-06 05:54:10.050020+00:00,549.856,0.735,0.73,0.74,0.265,0.26,0.27,,,,
2026-01-06 05:54:10.888000+00:00,2026-01-06 05:54:11.056934+00:00,550.888,0.735,0.73,0.74,0.265,0.26,0.27,,,,
2026-01-06 05:54:11.966000+00:00,2026-01-06 05:54:12.070119+00:00,551.966,0.74,0.73,0.75,0.255,0.25,0.26,,,,
2026-01-06 05:54:12.964000+00:00,2026-01-06 05:54:13.082462+00:00,552.964,0.765,0.76,0.77,0.235,0.23,0.24,,,,
2026-01-06 05:54:13.952000+00:00,2026-01-06 05:54:14.085946+00:00,553.952,0.775,0.77,0.78,0.225,0.22,0.23,,,,
2026-01-06 05:54:14.895000+00:00,2026-01-06 05:54:15.101961+00:00,554.895,0.785,0.78,0.79,0.215,0.21,0.22,,,,
2026-01-06 05:54:16.988000+00:00,2026-01-06 05:54:17.118030+00:00,556.988,0.79,0.78,0.8,0.21,0.2,0.22,,,,
2026-01-06 05:54:17.996000+00:00,2026-01-06 05:54:18.120475+00:00,557.996,0.79,0.78,0.8,0.21,0.2,0.22,,,,
2026-01-06 05:54:18.969000+00:00,2026-01-06 05:54:19.131242+00:00,558.969,0.79,0.78,0.8,0.21,0.2,0.22,,,,
2026-01-06 05:54:19.927000+00:00,2026-01-06 05:54:20.148040+00:00,559.927,0.79,0.78,0.8,0.21,0.2,0.22,,,,
2026-01-06 05:54:21.026000+00:00,2026-01-06 05:54:21.165276+00:00,561.026,0.79,0.78,0.8,0.21,0.2,0.22,,,,
2026-01-06 05:54:22.063000+00:00,2026-01-06 05:54:22.165463+00:00,562.063,0.775,0.77,0.78,0.225,0.22,0.23,,,,
2026-01-06 05:54:23.063000+00:00,2026-01-06 05:54:23.167435+00:00,563.063,0.715,0.71,0.72,0.285,0.28,0.29,,,,
2026-01-06 05:54:24.066000+00:00,2026-01-06 05:54:24.182683+00:00,564.066,0.725,0.72,0.73,0.265,0.26,0.27,,,,
2026-01-06 05:54:25.088000+00:00,2026-01-06 05:54:25.199705+00:00,565.088,0.785,0.78,0.79,0.21,0.2,0.22,,,,
2026-01-06 05:54:26.942000+00:00,2026-01-06 05:54:27.238157+00:00,566.942,0.795,0.79,0.8,0.205,0.2,0.21,,,,
2026-01-06 05:54:28.130000+00:00,2026-01-06 05:54:28.232982+00:00,568.13,0.81,0.8,0.82,0.19,0.18,0.2,,,,
2026-01-06 05:54:29.120000+00:00,2026-01-06 05:54:29.224095+00:00,569.12,0.835,0.83,0.84,0.16,0.15,0.17,,,,
2026-01-06 05:54:30.111000+00:00,2026-01-06 05:54:30.243858+00:00,570.111,0.825,0.82,0.83,0.175,0.17,0.18,,,,
2026-01-06 05:54:31.132000+00:00,2026-01-06 05:54:31.252562+00:00,571.132,0.815,0.81,0.82,0.185,0.18,0.19,,,,
2026-01-06 05:54:32.149000+00:00,2026-01-06 05:54:32.267780+00:00,572.149,0.825,0.82,0.83,0.175,0.17,0.18,,,,
2026-01-06 05:54:33.158000+00:00,2026-01-06 05:54:33.258006+00:00,573.158,0.825,0.82,0.83,0.175,0.17,0.18,,,,
2026-01-06 05:54:34.201000+00:00,2026-01-06 05:54:34.272827+00:00,574.201,0.825,0.82,0.83,0.175,0.17,0.18,,,,
2026-01-06 05:54:35.091000+00:00,2026-01-06 05:54:35.284051+00:00,575.091,0.815,0.81,0.82,0.185,0.18,0.19,,,,
2026-01-06 05:54:36.178000+00:00,2026-01-06 05:54:36.279071+00:00,576.178,0.815,0.81,0.82,0.185,0.18,0.19,,,,
2026-01-06 05:54:37.147000+00:00,2026-01-06 05:54:37.277040+00:00,577.147,0.805,0.8,0.81,0.195,0.19,0.2,,,,
2026-01-06 05:54:38.147000+00:00,2026-01-06 05:54:38.272798+00:00,578.147,0.795,0.79,0.8,0.205,0.2,0.21,,,,
2026-01-06 05:54:39.126000+00:00,2026-01-06 05:54:39.272358+00:00,579.126,0.805,0.8,0.81,0.195,0.19,0.2,,,,
2026-01-06 05:54:40.162000+00:00,2026-01-06 05:54:40.282655+00:00,580.162,0.8,0.79,0.81,0.2,0.19,0.21,,,,
2026-01-06 05:54:41.181000+00:00,2026-01-06 05:54:41.299769+00:00,581.181,0.795,0.79,0.8,0.2,0.19,0.21,,,,
2026-01-06 05:54:42.154000+00:00,2026-01-06 05:54:42.317526+00:00,582.154,0.795,0.79,0.8,0.205,0.2,0.21,,,,
2026-01-06 05:54:43.180000+00:00,2026-01-06 05:54:43.316707+00:00,583.18,0.77,0.76,0.78,0.225,0.22,0.23,,,,
2026-01-06 05:54:44.236000+00:00,2026-01-06 05:54:44.335009+00:00,584.236,0.775,0.77,0.78,0.225,0.22,0.23,,,,
2026-01-06 05:54:45.225000+00:00,2026-01-06 05:54:45.334403+00:00,585.225,0.775,0.77,0.78,0.225,0.22,0.23,,,,
2026-01-06 05:54:46.284000+00:00,2026-01-06 05:54:46.336002+00:00,586.284,0.76,0.75,0.77,0.245,0.24,0.25,,,,
2026-01-06 05:54:47.254000+00:00,2026-01-06 05:54:47.362726+00:00,587.254,0.755,0.75,0.76,0.245,0.24,0.25,,,,
2026-01-06 05:54:48.268000+00:00,2026-01-06 05:54:48.362544+00:00,588.268,0.715,0.71,0.72,0.285,0.28,0.29,,,,
2026-01-06 05:54:49.255000+00:00,2026-01-06 05:54:49.360328+00:00,589.255,0.715,0.71,0.72,0.285,0.28,0.29,,,,
2026-01-06 05:54:50.056000+00:00,2026-01-06 05:54:50.356093+00:00,590.056,0.715,0.71,0.72,0.285,0.28,0.29,,,,
2026-01-06 05:54:51.950000+00:00,2026-01-06 05:54:52.385063+00:00,591.95,0.71,0.7,0.72,0.29,0.28,0.3,,,,
2026-01-06 05:54:53.252000+00:00,2026-01-06 05:54:53.372945+00:00,593.252,0.715,0.71,0.72,0.285,0.28,0.29,,,,
2026-01-06 05:54:54.261000+00:00,2026-01-06 05:54:54.384157+00:00,594.261,0.715,0.71,0.72,0.285,0.28,0.29,,,,
2026-01-06 05:54:55.220000+00:00,2026-01-06 05:54:55.393560+00:00,595.22,0.735,0.73,0.74,0.265,0.26,0.27,,,,
2026-01-06 05:54:56.200000+00:00,2026-01-06 05:54:56.409172+00:00,596.2,0.695,0.69,0.7,0.305,0.3,0.31,,,,
2026-01-06 05:54:57.282000+00:00,2026-01-06 05:54:57.412094+00:00,597.282,0.705,0.7,0.71,0.295,0.29,0.3,,,,
2026-01-06 05:54:58.315000+00:00,2026-01-06 05:54:58.415433+00:00,598.315,0.705,0.7,0.71,0.295,0.29,0.3,,,,
2026-01-06 05:54:59.122000+00:00,2026-01-06 05:54:59.417043+00:00,599.122,0.705,0.7,0.71,0.295,0.29,0.3,,,,
2026-01-06 05:55:00.309000+00:00,2026-01-06 05:55:00.415850+00:00,600.309,0.71,0.7,0.72,0.285,0.28,0.29,,,,
2026-01-06 05:55:01.331000+00:00,2026-01-06 05:55:01.414337+00:00,601.331,0.755,0.75,0.76,0.245,0.24,0.25,,,,
2026-01-06 05:55:02.335000+00:00,2026-01-06 05:55:02.434615+00:00,602.335,0.785,0.78,0.79,0.215,0.21,0.22,,,,
2026-01-06 05:55:03.357000+00:00,2026-01-06 05:55:03.452359+00:00,603.357,0.805,0.8,0.81,0.195,0.19,0.2,,,,
2026-01-06 05:55:04.370000+00:00,2026-01-06 05:55:04.466906+00:00,604.37,0.815,0.81,0.82,0.185,0.18,0.19,,,,
2026-01-06 05:55:05.381000+00:00,2026-01-06 05:55:05.482731+00:00,605.381,0.835,0.83,0.84,0.165,0.16,0.17,,,,
2026-01-06 05:55:06.399000+00:00,2026-01-06 05:55:06.500287+00:00,606.399,0.835,0.83,0.84,0.165,0.16,0.17,,,,
2026-01-06 05:55:07.400000+00:00,2026-01-06 05:55:07.521195+00:00,607.4,0.845,0.84,0.85,0.155,0.15,0.16,,,,
2026-01-06 05:55:08.416000+00:00,2026-01-06 05:55:08.519293+00:00,608.416,0.835,0.83,0.84,0.165,0.16,0.17,,,,
2026-01-06 05:55:09.402000+00:00,2026-01-06 05:55:09.533931+00:00,609.402,0.8200000000000001,0.81,0.83,0.18,0.17,0.19,,,,
2026-01-06 05:55:10.424000+00:00,2026-01-06 05:55:10.532931+00:00,610.424,0.8200000000000001,0.81,0.83,0.18,0.17,0.19,,,,
2026-01-06 05:55:11.435000+00:00,2026-01-06 05:55:11.533368+00:00,611.435,0.825,0.82,0.83,0.175,0.17,0.18,,,,
2026-01-06 05:55:12.442000+00:00,2026-01-06 05:55:12.544820+00:00,612.442,0.76,0.75,0.77,0.25,0.23,0.27,,,,
2026-01-06 05:55:13.409000+00:00,2026-01-06 05:55:13.552186+00:00,613.409,0.665,0.66,0.67,0.315,0.31,0.32,,,,
2026-01-06 05:55:14.469000+00:00,2026-01-06 05:55:14.567124+00:00,614.469,0.725,0.71,0.74,0.265,0.26,0.27,,,,
2026-01-06 05:55:15.483000+00:00,2026-01-06 05:55:15.583898+00:00,615.483,0.725,0.72,0.73,0.275,0.27,0.28,,,,
2026-01-06 05:55:16.373000+00:00,2026-01-06 05:55:16.602454+00:00,616.373,0.725,0.72,0.73,0.275,0.27,0.28,,,,
2026-01-06 05:55:17.502000+00:00,2026-01-06 05:55:17.607139+00:00,617.502,0.705,0.7,0.71,0.3,0.29,0.31,,,,
2026-01-06 05:55:18.517000+00:00,2026-01-06 05:55:18.616670+00:00,618.517,0.695,0.69,0.7,0.305,0.3,0.31,,,,
2026-01-06 05:55:19.474000+00:00,2026-01-06 05:55:19.628106+00:00,619.474,0.695,0.69,0.7,0.305,0.3,0.31,,,,
2026-01-06 05:55:20.562000+00:00,2026-01-06 05:55:20.633532+00:00,620.562,0.705,0.7,0.71,0.295,0.29,0.3,,,,
2026-01-06 05:55:21.528000+00:00,2026-01-06 05:55:21.634423+00:00,621.528,0.775,0.77,0.78,0.225,0.22,0.23,,,,
2026-01-06 05:55:22.505000+00:00,2026-01-06 05:55:22.656209+00:00,622.505,0.785,0.78,0.79,0.215,0.21,0.22,,,,
2026-01-06 05:55:23.552000+00:00,2026-01-06 05:55:23.655419+00:00,623.552,0.785,0.78,0.79,0.215,0.21,0.22,,,,
2026-01-06 05:55:24.526000+00:00,2026-01-06 05:55:24.657321+00:00,624.526,0.83,0.82,0.84,0.1699999999999999,0.16,0.18,,,,
2026-01-06 05:55:25.557000+00:00,2026-01-06 05:55:25.658141+00:00,625.557,0.705,0.7,0.71,0.295,0.29,0.3,,,,
2026-01-06 05:55:26.553000+00:00,2026-01-06 05:55:26.671413+00:00,626.553,0.715,0.71,0.72,0.285,0.28,0.29,,,,
2026-01-06 05:55:27.585000+00:00,2026-01-06 05:55:27.687663+00:00,627.585,0.715,0.71,0.72,0.285,0.28,0.29,,,,
2026-01-06 05:55:28.580000+00:00,2026-01-06 05:55:28.683361+00:00,628.58,0.715,0.71,0.72,0.285,0.28,0.29,,,,
2026-01-06 05:55:29.542000+00:00,2026-01-06 05:55:29.698775+00:00,629.542,0.755,0.75,0.76,0.245,0.24,0.25,,,,
2026-01-06 05:55:30.506000+00:00,2026-01-06 05:55:30.709854+00:00,630.506,0.755,0.75,0.76,0.245,0.24,0.25,,,,
2026-01-06 05:55:31.594000+00:00,2026-01-06 05:55:31.714965+00:00,631.594,0.755,0.75,0.76,0.245,0.24,0.25,,,,
2026-01-06 05:55:32.609000+00:00,2026-01-06 05:55:32.731020+00:00,632.609,0.755,0.75,0.76,0.245,0.24,0.25,,,,
2026-01-06 05:55:33.615000+00:00,2026-01-06 05:55:33.721776+00:00,633.615,0.735,0.73,0.74,0.265,0.26,0.27,,,,
2026-01-06 05:55:34.452000+00:00,2026-01-06 05:55:34.733586+00:00,634.452,0.73,0.72,0.74,0.27,0.26,0.28,,,,
2026-01-06 05:55:35.628000+00:00,2026-01-06 05:55:35.730001+00:00,635.628,0.71,0.7,0.72,0.295,0.29,0.3,,,,
2026-01-06 05:55:36.623000+00:00,2026-01-06 05:55:36.728667+00:00,636.623,0.715,0.71,0.72,0.29,0.28,0.3,,,,
2026-01-06 05:55:37.623000+00:00,2026-01-06 05:55:37.737230+00:00,637.623,0.71,0.7,0.72,0.29,0.28,0.3,,,,
2026-01-06 05:55:38.602000+00:00,2026-01-06 05:55:38.747306+00:00,638.602,0.715,0.71,0.72,0.285,0.28,0.29,,,,
2026-01-06 05:55:39.640000+00:00,2026-01-06 05:55:39.746505+00:00,639.64,0.765,0.76,0.77,0.245,0.24,0.25,,,,
2026-01-06 05:55:40.650000+00:00,2026-01-06 05:55:40.750406+00:00,640.65,0.65,0.64,0.66,0.355,0.35,0.36,,,,
2026-01-06 05:55:41.647000+00:00,2026-01-06 05:55:41.753160+00:00,641.647,0.645,0.64,0.65,0.355,0.35,0.36,,,,
2026-01-06 05:55:42.663000+00:00,2026-01-06 05:55:42.765708+00:00,642.663,0.605,0.6,0.61,0.395,0.39,0.4,,,,
2026-01-06 05:55:43.645000+00:00,2026-01-06 05:55:43.773167+00:00,643.645,0.615,0.61,0.62,0.385,0.38,0.39,,,,
2026-01-06 05:55:44.624000+00:00,2026-01-06 05:55:44.786736+00:00,644.624,0.61,0.6,0.62,0.39,0.38,0.4,,,,
2026-01-06 05:55:45.690000+00:00,2026-01-06 05:55:45.804338+00:00,645.69,0.615,0.61,0.62,0.385,0.38,0.39,,,,
2026-01-06 05:55:46.718000+00:00,2026-01-06 05:55:46.818203+00:00,646.718,0.615,0.61,0.62,0.385,0.38,0.39,,,,
2026-01-06 05:55:47.719000+00:00,2026-01-06 05:55:47.838769+00:00,647.719,0.64,0.63,0.65,0.365,0.36,0.37,,,,
2026-01-06 05:55:48.730000+00:00,2026-01-06 05:55:48.834303+00:00,648.73,0.635,0.63,0.64,0.365,0.36,0.37,,,,
2026-01-06 05:55:49.739000+00:00,2026-01-06 05:55:49.840367+00:00,649.739,0.63,0.62,0.64,0.37,0.36,0.38,,,,
2026-01-06 05:55:50.694000+00:00,2026-01-06 05:55:50.843790+00:00,650.694,0.63,0.62,0.64,0.37,0.36,0.38,,,,
2026-01-06 05:55:51.746000+00:00,2026-01-06 05:55:51.860752+00:00,651.746,0.63,0.62,0.64,0.37,0.36,0.38,,,,
2026-01-06 05:55:52.718000+00:00,2026-01-06 05:55:52.872653+00:00,652.718,0.625,0.62,0.63,0.37,0.36,0.38,,,,
2026-01-06 05:55:53.728000+00:00,2026-01-06 05:55:53.882494+00:00,653.728,0.625,0.62,0.63,0.375,0.37,0.38,,,,
2026-01-06 05:55:54.609000+00:00,2026-01-06 05:55:54.882551+00:00,654.609,0.625,0.62,0.63,0.375,0.37,0.38,,,,
2026-01-06 05:55:55.755000+00:00,2026-01-06 05:55:55.881617+00:00,655.755,0.625,0.62,0.63,0.375,0.37,0.38,,,,
2026-01-06 05:55:56.762000+00:00,2026-01-06 05:55:56.899075+00:00,656.762,0.625,0.62,0.63,0.375,0.37,0.38,,,,
2026-01-06 05:55:57.787000+00:00,2026-01-06 05:55:57.898265+00:00,657.787,0.62,0.61,0.63,0.38,0.37,0.39,,,,
2026-01-06 05:55:58.560000+00:00,2026-01-06 05:55:58.898639+00:00,658.56,0.62,0.61,0.63,0.38,0.37,0.39,,,,
2026-01-06 05:55:59.799000+00:00,2026-01-06 05:55:59.898936+00:00,659.799,0.615,0.61,0.62,0.385,0.38,0.39,,,,
2026-01-06 05:56:00.796000+00:00,2026-01-06 05:56:00.901599+00:00,660.796,0.615,0.61,0.62,0.385,0.38,0.39,,,,
2026-01-06 05:56:01.805000+00:00,2026-01-06 05:56:01.906575+00:00,661.805,0.635,0.63,0.64,0.365,0.36,0.37,,,,
2026-01-06 05:56:02.737000+00:00,2026-01-06 05:56:02.919932+00:00,662.737,0.645,0.64,0.65,0.355,0.35,0.36,,,,
2026-01-06 05:56:03.794000+00:00,2026-01-06 05:56:03.931984+00:00,663.794,0.645,0.64,0.65,0.355,0.35,0.36,,,,
2026-01-06 05:56:04.762000+00:00,2026-01-06 05:56:04.946082+00:00,664.762,0.645,0.64,0.65,0.355,0.35,0.36,,,,
2026-01-06 05:56:05.838000+00:00,2026-01-06 05:56:05.948828+00:00,665.838,0.645,0.64,0.65,0.355,0.35,0.36,,,,
2026-01-06 05:56:06.836000+00:00,2026-01-06 05:56:06.945567+00:00,666.836,0.635,0.63,0.64,0.36,0.35,0.37,,,,
2026-01-06 05:56:07.847000+00:00,2026-01-06 05:56:07.954161+00:00,667.847,0.64,0.63,0.65,0.36,0.35,0.37,,,,
2026-01-06 05:56:08.840000+00:00,2026-01-06 05:56:08.959859+00:00,668.84,0.64,0.63,0.65,0.365,0.36,0.37,,,,
2026-01-06 05:56:09.874000+00:00,2026-01-06 05:56:09.982227+00:00,669.874,0.635,0.63,0.64,0.365,0.36,0.37,,,,
2026-01-06 05:56:10.828000+00:00,2026-01-06 05:56:10.998363+00:00,670.828,0.635,0.63,0.64,0.365,0.36,0.37,,,,
2026-01-06 05:56:11.901000+00:00,2026-01-06 05:56:12.001249+00:00,671.901,0.625,0.62,0.63,0.375,0.37,0.38,,,,
2026-01-06 05:56:12.911000+00:00,2026-01-06 05:56:13.004654+00:00,672.911,0.625,0.62,0.63,0.375,0.37,0.38,,,,
2026-01-06 05:56:13.914000+00:00,2026-01-06 05:56:14.012260+00:00,673.914,0.595,0.59,0.6,0.415,0.41,0.42,,,,
2026-01-06 05:56:14.900000+00:00,2026-01-06 05:56:15.007986+00:00,674.9,0.575,0.57,0.58,0.4499999999999999,0.42,0.48,,,,
2026-01-06 05:56:15.888000+00:00,2026-01-06 05:56:15.995633+00:00,675.888,0.505,0.5,0.51,0.495,0.49,0.5,,,,
2026-01-06 05:56:16.862000+00:00,2026-01-06 05:56:16.999507+00:00,676.862,0.51,0.5,0.52,0.49,0.48,0.5,,,,
2026-01-06 05:56:17.902000+00:00,2026-01-06 05:56:18.004078+00:00,677.902,0.52,0.51,0.53,0.48,0.47,0.49,,,,
2026-01-06 05:56:18.855000+00:00,2026-01-06 05:56:19.006431+00:00,678.855,0.535,0.53,0.54,0.4649999999999999,0.46,0.47,,,,
2026-01-06 05:56:19.768000+00:00,2026-01-06 05:56:20.012909+00:00,679.768,0.54,0.53,0.55,0.4599999999999999,0.45,0.47,,,,
2026-01-06 05:56:20.903000+00:00,2026-01-06 05:56:21.015187+00:00,680.903,0.565,0.56,0.57,0.425,0.42,0.43,,,,
2026-01-06 05:56:21.902000+00:00,2026-01-06 05:56:22.014953+00:00,681.902,0.585,0.58,0.59,0.415,0.41,0.42,,,,
2026-01-06 05:56:22.899000+00:00,2026-01-06 05:56:23.026231+00:00,682.899,0.565,0.56,0.57,0.445,0.44,0.45,,,,
2026-01-06 05:56:23.945000+00:00,2026-01-06 05:56:24.046813+00:00,683.945,0.555,0.55,0.56,0.445,0.44,0.45,,,,
2026-01-06 05:56:24.712000+00:00,2026-01-06 05:56:25.047474+00:00,684.712,0.555,0.55,0.56,0.445,0.44,0.45,,,,
2026-01-06 05:56:25.903000+00:00,2026-01-06 05:56:26.053971+00:00,685.903,0.535,0.53,0.54,0.47,0.46,0.48,,,,
2026-01-06 05:56:26.902000+00:00,2026-01-06 05:56:27.063331+00:00,686.902,0.515,0.51,0.52,0.485,0.48,0.49,,,,
2026-01-06 05:56:27.961000+00:00,2026-01-06 05:56:28.070484+00:00,687.961,0.525,0.52,0.53,0.475,0.47,0.48,,,,
2026-01-06 05:56:28.896000+00:00,2026-01-06 05:56:29.080077+00:00,688.896,0.535,0.53,0.54,0.4649999999999999,0.46,0.47,,,,
2026-01-06 05:56:29.974000+00:00,2026-01-06 05:56:30.082961+00:00,689.974,0.515,0.51,0.52,0.495,0.48,0.51,,,,
2026-01-06 05:56:30.972000+00:00,2026-01-06 05:56:31.074504+00:00,690.972,0.505,0.5,0.51,0.495,0.49,0.5,,,,
2026-01-06 05:56:31.964000+00:00,2026-01-06 05:56:32.089600+00:00,691.964,0.51,0.5,0.52,0.485,0.48,0.49,,,,
2026-01-06 05:56:32.992000+00:00,2026-01-06 05:56:33.100444+00:00,692.992,0.505,0.5,0.51,0.495,0.49,0.5,,,,
2026-01-06 05:56:33.862000+00:00,2026-01-06 05:56:34.103569+00:00,693.862,0.505,0.5,0.51,0.495,0.49,0.5,,,,
2026-01-06 05:56:34.994000+00:00,2026-01-06 05:56:35.108419+00:00,694.994,0.495,0.49,0.5,0.505,0.5,0.51,,,,
2026-01-06 05:56:35.932000+00:00,2026-01-06 05:56:36.118904+00:00,695.932,0.495,0.49,0.5,0.505,0.5,0.51,,,,
2026-01-06 05:56:36.463000+00:00,2026-01-06 05:56:37.116055+00:00,696.463,0.5,0.49,0.51,0.5,0.49,0.51,,,,
2026-01-06 05:56:37.966000+00:00,2026-01-06 05:56:38.116051+00:00,697.966,0.495,0.49,0.5,0.505,0.5,0.51,,,,
2026-01-06 05:56:39.965000+00:00,2026-01-06 05:56:40.129124+00:00,699.965,0.455,0.45,0.46,0.545,0.54,0.55,,,,
2026-01-06 05:56:41.029000+00:00,2026-01-06 05:56:41.137587+00:00,701.029,0.475,0.47,0.48,0.525,0.52,0.53,,,,
2026-01-06 05:56:42.026000+00:00,2026-01-06 05:56:42.149431+00:00,702.026,0.48,0.47,0.49,0.52,0.51,0.53,,,,
2026-01-06 05:56:43.910000+00:00,2026-01-06 05:56:44.163122+00:00,703.91,0.48,0.47,0.49,0.52,0.51,0.53,,,,
2026-01-06 05:56:45.025000+00:00,2026-01-06 05:56:45.176401+00:00,705.025,0.48,0.47,0.49,0.52,0.51,0.53,,,,
2026-01-06 05:56:46.021000+00:00,2026-01-06 05:56:46.178172+00:00,706.021,0.48,0.47,0.49,0.52,0.51,0.53,,,,
2026-01-06 05:56:47.021000+00:00,2026-01-06 05:56:47.197514+00:00,707.021,0.475,0.47,0.48,0.525,0.52,0.53,,,,
2026-01-06 05:56:48.889000+00:00,2026-01-06 05:56:49.223067+00:00,708.889,0.475,0.47,0.48,0.525,0.52,0.53,,,,
2026-01-06 05:56:50.135000+00:00,2026-01-06 05:56:50.232065+00:00,710.135,0.475,0.47,0.48,0.53,0.52,0.54,,,,
2026-01-06 05:56:51.124000+00:00,2026-01-06 05:56:51.232006+00:00,711.124,0.475,0.47,0.48,0.525,0.52,0.53,,,,
2026-01-06 05:56:52.083000+00:00,2026-01-06 05:56:52.235708+00:00,712.083,0.47,0.46,0.48,0.53,0.52,0.54,,,,
2026-01-06 05:56:53.148000+00:00,2026-01-06 05:56:53.250391+00:00,713.148,0.4649999999999999,0.46,0.47,0.535,0.53,0.54,,,,
2026-01-06 05:56:54.951000+00:00,2026-01-06 05:56:55.274713+00:00,714.951,0.45,0.44,0.46,0.55,0.54,0.56,,,,
2026-01-06 05:56:56.167000+00:00,2026-01-06 05:56:56.290566+00:00,716.167,0.445,0.44,0.45,0.555,0.55,0.56,,,,
2026-01-06 05:56:57.277000+00:00,2026-01-06 05:56:57.300682+00:00,717.277,0.445,0.44,0.45,0.555,0.55,0.56,,,,
2026-01-06 05:56:58.125000+00:00,2026-01-06 05:56:58.313968+00:00,718.125,0.445,0.44,0.45,0.555,0.55,0.56,,,,
2026-01-06 05:56:59.169000+00:00,2026-01-06 05:56:59.321729+00:00,719.169,0.435,0.43,0.44,0.565,0.56,0.57,,,,
2026-01-06 05:57:00.242000+00:00,2026-01-06 05:57:00.341769+00:00,720.242,0.435,0.43,0.44,0.5700000000000001,0.56,0.58,,,,
2026-01-06 05:57:01.252000+00:00,2026-01-06 05:57:01.355197+00:00,721.252,0.435,0.43,0.44,0.565,0.56,0.57,,,,
2026-01-06 05:57:02.245000+00:00,2026-01-06 05:57:02.347051+00:00,722.245,0.425,0.42,0.43,0.585,0.57,0.6,,,,
2026-01-06 05:57:03.254000+00:00,2026-01-06 05:57:03.354389+00:00,723.254,0.3349999999999999,0.32,0.35,0.66,0.65,0.67,,,,
2026-01-06 05:57:04.240000+00:00,2026-01-06 05:57:04.367237+00:00,724.24,0.345,0.34,0.35,0.65,0.64,0.66,,,,
2026-01-06 05:57:05.146000+00:00,2026-01-06 05:57:05.361083+00:00,725.146,0.345,0.34,0.35,0.655,0.65,0.66,,,,
2026-01-06 05:57:06.187000+00:00,2026-01-06 05:57:06.367181+00:00,726.187,0.355,0.35,0.36,0.65,0.64,0.66,,,,
2026-01-06 05:57:07.260000+00:00,2026-01-06 05:57:07.369148+00:00,727.26,0.36,0.35,0.37,0.63,0.61,0.65,,,,
2026-01-06 05:57:08.217000+00:00,2026-01-06 05:57:08.370679+00:00,728.217,0.375,0.37,0.38,0.625,0.62,0.63,,,,
2026-01-06 05:57:09.246000+00:00,2026-01-06 05:57:09.374314+00:00,729.246,0.375,0.37,0.38,0.62,0.61,0.63,,,,
2026-01-06 05:57:10.235000+00:00,2026-01-06 05:57:10.387383+00:00,730.235,0.41,0.4,0.42,0.585,0.58,0.59,,,,
2026-01-06 05:57:11.304000+00:00,2026-01-06 05:57:11.405360+00:00,731.304,0.415,0.41,0.42,0.585,0.58,0.59,,,,
2026-01-06 05:57:12.281000+00:00,2026-01-06 05:57:12.397919+00:00,732.281,0.435,0.43,0.44,0.5700000000000001,0.56,0.58,,,,
2026-01-06 05:57:13.310000+00:00,2026-01-06 05:57:13.400951+00:00,733.31,0.425,0.42,0.43,0.575,0.57,0.58,,,,
2026-01-06 05:57:14.303000+00:00,2026-01-06 05:57:14.412825+00:00,734.303,0.425,0.42,0.43,0.575,0.57,0.58,,,,
2026-01-06 05:57:15.306000+00:00,2026-01-06 05:57:15.414772+00:00,735.306,0.42,0.41,0.43,0.575,0.57,0.58,,,,
2026-01-06 05:57:16.148000+00:00,2026-01-06 05:57:16.430901+00:00,736.148,0.425,0.42,0.43,0.575,0.57,0.58,,,,
2026-01-06 05:57:17.329000+00:00,2026-01-06 05:57:17.450381+00:00,737.329,0.415,0.41,0.42,0.585,0.58,0.59,,,,
2026-01-06 05:57:18.216000+00:00,2026-01-06 05:57:18.471054+00:00,738.216,0.395,0.39,0.4,0.605,0.6,0.61,,,,
2026-01-06 05:57:19.362000+00:00,2026-01-06 05:57:19.475381+00:00,739.362,0.395,0.39,0.4,0.635,0.63,0.64,,,,
2026-01-06 05:57:20.337000+00:00,2026-01-06 05:57:20.485810+00:00,740.337,0.37,0.36,0.38,0.63,0.62,0.64,,,,
2026-01-06 05:57:21.322000+00:00,2026-01-06 05:57:21.500621+00:00,741.322,0.375,0.36,0.39,0.625,0.61,0.64,,,,
2026-01-06 05:57:22.380000+00:00,2026-01-06 05:57:22.506242+00:00,742.38,0.375,0.36,0.39,0.625,0.61,0.64,,,,
2026-01-06 05:57:23.403000+00:00,2026-01-06 05:57:23.514494+00:00,743.403,0.39,0.37,0.41,0.615,0.6,0.63,,,,
2026-01-06 05:57:24.436000+00:00,2026-01-06 05:57:24.543555+00:00,744.436,0.385,0.37,0.4,0.615,0.6,0.63,,,,
2026-01-06 05:57:25.430000+00:00,2026-01-06 05:57:25.548431+00:00,745.43,0.39,0.38,0.4,0.61,0.6,0.62,,,,
2026-01-06 05:57:26.399000+00:00,2026-01-06 05:57:26.559308+00:00,746.399,0.39,0.38,0.4,0.61,0.6,0.62,,,,
2026-01-06 05:57:27.463000+00:00,2026-01-06 05:57:27.568454+00:00,747.463,0.375,0.37,0.38,0.625,0.62,0.63,,,,
2026-01-06 05:57:28.236000+00:00,2026-01-06 05:57:28.577238+00:00,748.236,0.385,0.37,0.4,0.615,0.6,0.63,,,,
2026-01-06 05:57:29.342000+00:00,2026-01-06 05:57:29.575897+00:00,749.342,0.365,0.35,0.38,0.635,0.62,0.65,,,,
2026-01-06 05:57:30.384000+00:00,2026-01-06 05:57:30.578171+00:00,750.384,0.355,0.35,0.36,0.635,0.62,0.65,,,,
2026-01-06 05:57:31.474000+00:00,2026-01-06 05:57:31.589038+00:00,751.474,0.35,0.34,0.36,0.65,0.64,0.66,,,,
2026-01-06 05:57:32.462000+00:00,2026-01-06 05:57:32.590541+00:00,752.462,0.36,0.35,0.37,0.64,0.63,0.65,,,,
2026-01-06 05:57:33.461000+00:00,2026-01-06 05:57:33.593864+00:00,753.461,0.365,0.35,0.38,0.635,0.62,0.65,,,,
2026-01-06 05:57:34.495000+00:00,2026-01-06 05:57:34.592177+00:00,754.495,0.355,0.35,0.36,0.645,0.64,0.65,,,,
2026-01-06 05:57:35.494000+00:00,2026-01-06 05:57:35.594288+00:00,755.494,0.355,0.35,0.36,0.645,0.64,0.65,,,,
2026-01-06 05:57:36.508000+00:00,2026-01-06 05:57:36.611862+00:00,756.508,0.475,0.47,0.48,0.55,0.53,0.57,,,,
2026-01-06 05:57:37.511000+00:00,2026-01-06 05:57:37.626053+00:00,757.511,0.36,0.35,0.37,0.64,0.63,0.65,,,,
2026-01-06 05:57:38.534000+00:00,2026-01-06 05:57:38.640412+00:00,758.534,0.295,0.29,0.3,0.705,0.7,0.71,,,,
2026-01-06 05:57:39.545000+00:00,2026-01-06 05:57:39.649274+00:00,759.545,0.315,0.31,0.32,0.685,0.68,0.69,,,,
2026-01-06 05:57:40.511000+00:00,2026-01-06 05:57:40.659314+00:00,760.511,0.27,0.26,0.28,0.73,0.72,0.74,,,,
2026-01-06 05:57:41.531000+00:00,2026-01-06 05:57:41.658261+00:00,761.531,0.285,0.28,0.29,0.715,0.71,0.72,,,,
2026-01-06 05:57:42.578000+00:00,2026-01-06 05:57:42.676292+00:00,762.578,0.285,0.28,0.29,0.715,0.71,0.72,,,,
2026-01-06 05:57:43.553000+00:00,2026-01-06 05:57:43.675666+00:00,763.553,0.285,0.28,0.29,0.715,0.71,0.72,,,,
2026-01-06 05:57:44.526000+00:00,2026-01-06 05:57:44.676782+00:00,764.526,0.28,0.27,0.29,0.72,0.71,0.73,,,,
2026-01-06 05:57:45.493000+00:00,2026-01-06 05:57:45.690580+00:00,765.493,0.28,0.27,0.29,0.72,0.71,0.73,,,,
2026-01-06 05:57:46.370000+00:00,2026-01-06 05:57:46.693429+00:00,766.37,0.28,0.27,0.29,0.715,0.71,0.72,,,,
2026-01-06 05:57:47.530000+00:00,2026-01-06 05:57:47.690620+00:00,767.53,0.285,0.28,0.29,0.715,0.71,0.72,,,,
2026-01-06 05:57:48.587000+00:00,2026-01-06 05:57:48.698093+00:00,768.587,0.285,0.28,0.29,0.715,0.71,0.72,,,,
2026-01-06 05:57:49.598000+00:00,2026-01-06 05:57:49.699348+00:00,769.598,0.275,0.27,0.28,0.725,0.72,0.73,,,,
2026-01-06 05:57:50.561000+00:00,2026-01-06 05:57:50.710746+00:00,770.561,0.25,0.24,0.26,0.76,0.75,0.77,,,,
2026-01-06 05:57:51.596000+00:00,2026-01-06 05:57:51.710065+00:00,771.596,0.25,0.24,0.26,0.75,0.74,0.76,,,,
2026-01-06 05:57:52.593000+00:00,2026-01-06 05:57:52.705562+00:00,772.593,0.255,0.23,0.28,0.74,0.72,0.76,,,,
2026-01-06 05:57:53.589000+00:00,2026-01-06 05:57:53.715711+00:00,773.589,0.255,0.25,0.26,0.745,0.74,0.75,,,,
2026-01-06 05:57:54.616000+00:00,2026-01-06 05:57:54.732977+00:00,774.616,0.295,0.29,0.3,0.705,0.7,0.71,,,,
2026-01-06 05:57:55.544000+00:00,2026-01-06 05:57:55.740758+00:00,775.544,0.295,0.29,0.3,0.705,0.7,0.71,,,,
2026-01-06 05:57:56.595000+00:00,2026-01-06 05:57:56.744918+00:00,776.595,0.295,0.29,0.3,0.705,0.7,0.71,,,,
2026-01-06 05:57:57.629000+00:00,2026-01-06 05:57:57.743285+00:00,777.629,0.31,0.3,0.32,0.69,0.68,0.7,,,,
2026-01-06 05:57:58.645000+00:00,2026-01-06 05:57:58.747820+00:00,778.645,0.325,0.31,0.34,0.595,0.59,0.6,,,,
2026-01-06 05:57:59.652000+00:00,2026-01-06 05:57:59.751521+00:00,779.652,0.42,0.41,0.43,0.575,0.57,0.58,,,,
2026-01-06 05:58:00.587000+00:00,2026-01-06 05:58:00.761126+00:00,780.587,0.44,0.43,0.45,0.55,0.54,0.56,,,,
2026-01-06 05:58:01.689000+00:00,2026-01-06 05:58:01.774696+00:00,781.689,0.45,0.44,0.46,0.555,0.55,0.56,,,,
2026-01-06 05:58:02.679000+00:00,2026-01-06 05:58:02.776250+00:00,782.679,0.445,0.44,0.45,0.555,0.55,0.56,,,,
2026-01-06 05:58:03.670000+00:00,2026-01-06 05:58:03.785107+00:00,783.67,0.405,0.4,0.41,0.595,0.59,0.6,,,,
2026-01-06 05:58:04.693000+00:00,2026-01-06 05:58:04.799556+00:00,784.693,0.385,0.38,0.39,0.615,0.61,0.62,,,,
2026-01-06 05:58:05.706000+00:00,2026-01-06 05:58:05.811283+00:00,785.706,0.405,0.4,0.41,0.595,0.59,0.6,,,,
2026-01-06 05:58:06.707000+00:00,2026-01-06 05:58:06.807913+00:00,786.707,0.415,0.41,0.42,0.585,0.58,0.59,,,,
2026-01-06 05:58:07.575000+00:00,2026-01-06 05:58:07.821590+00:00,787.575,0.415,0.41,0.42,0.585,0.58,0.59,,,,
2026-01-06 05:58:08.694000+00:00,2026-01-06 05:58:08.837674+00:00,788.694,0.405,0.4,0.41,0.595,0.59,0.6,,,,
2026-01-06 05:58:09.627000+00:00,2026-01-06 05:58:09.841444+00:00,789.627,0.415,0.41,0.42,0.575,0.56,0.59,,,,
2026-01-06 05:58:10.159000+00:00,2026-01-06 05:58:10.862177+00:00,790.159,0.415,0.41,0.42,0.585,0.58,0.59,,,,
2026-01-06 05:58:11.751000+00:00,2026-01-06 05:58:11.875430+00:00,791.751,0.415,0.41,0.42,0.585,0.58,0.59,,,,
2026-01-06 05:58:12.752000+00:00,2026-01-06 05:58:12.879966+00:00,792.752,0.415,0.41,0.42,0.585,0.58,0.59,,,,
2026-01-06 05:58:13.797000+00:00,2026-01-06 05:58:13.902327+00:00,793.797,0.385,0.38,0.39,0.615,0.61,0.62,,,,
2026-01-06 05:58:14.794000+00:00,2026-01-06 05:58:14.900500+00:00,794.794,0.385,0.38,0.39,0.615,0.61,0.62,,,,
2026-01-06 05:58:15.793000+00:00,2026-01-06 05:58:15.902830+00:00,795.793,0.385,0.38,0.39,0.615,0.61,0.62,,,,
2026-01-06 05:58:16.740000+00:00,2026-01-06 05:58:16.910138+00:00,796.74,0.385,0.38,0.39,0.615,0.61,0.62,,,,
2026-01-06 05:58:17.790000+00:00,2026-01-06 05:58:17.911350+00:00,797.79,0.385,0.38,0.39,0.615,0.61,0.62,,,,
2026-01-06 05:58:18.719000+00:00,2026-01-06 05:58:18.920327+00:00,798.719,0.385,0.38,0.39,0.615,0.61,0.62,,,,
2026-01-06 05:58:19.809000+00:00,2026-01-06 05:58:19.918339+00:00,799.809,0.38,0.37,0.39,0.62,0.61,0.63,,,,
2026-01-06 05:58:20.820000+00:00,2026-01-06 05:58:20.926178+00:00,800.82,0.375,0.37,0.38,0.625,0.62,0.63,,,,
2026-01-06 05:58:21.780000+00:00,2026-01-06 05:58:21.928705+00:00,801.78,0.38,0.37,0.39,0.62,0.61,0.63,,,,
2026-01-06 05:58:22.839000+00:00,2026-01-06 05:58:22.941023+00:00,802.839,0.38,0.37,0.39,0.62,0.61,0.63,,,,
2026-01-06 05:58:23.807000+00:00,2026-01-06 05:58:23.943229+00:00,803.807,0.385,0.38,0.39,0.615,0.61,0.62,,,,
2026-01-06 05:58:24.308000+00:00,2026-01-06 05:58:24.960442+00:00,804.308,0.385,0.38,0.39,0.615,0.61,0.62,,,,
2026-01-06 05:58:25.299000+00:00,2026-01-06 05:58:25.957968+00:00,805.299,0.385,0.38,0.39,0.615,0.61,0.62,,,,
2026-01-06 05:58:26.634000+00:00,2026-01-06 05:58:26.945769+00:00,806.634,0.385,0.38,0.39,0.615,0.61,0.62,,,,
2026-01-06 05:58:27.812000+00:00,2026-01-06 05:58:27.941928+00:00,807.812,0.395,0.39,0.4,0.605,0.6,0.61,,,,
2026-01-06 05:58:28.829000+00:00,2026-01-06 05:58:28.961139+00:00,808.829,0.395,0.39,0.4,0.605,0.6,0.61,,,,
2026-01-06 05:58:29.823000+00:00,2026-01-06 05:58:29.985382+00:00,809.823,0.385,0.38,0.39,0.615,0.61,0.62,,,,
2026-01-06 05:58:30.872000+00:00,2026-01-06 05:58:30.982347+00:00,810.872,0.385,0.38,0.39,0.615,0.61,0.62,,,,
2026-01-06 05:58:31.840000+00:00,2026-01-06 05:58:31.968824+00:00,811.84,0.385,0.38,0.39,0.615,0.61,0.62,,,,
2026-01-06 05:58:32.859000+00:00,2026-01-06 05:58:32.990170+00:00,812.859,0.375,0.37,0.38,0.625,0.62,0.63,,,,
2026-01-06 05:58:33.849000+00:00,2026-01-06 05:58:33.989058+00:00,813.849,0.37,0.36,0.38,0.63,0.62,0.64,,,,
2026-01-06 05:58:34.895000+00:00,2026-01-06 05:58:34.997977+00:00,814.895,0.37,0.36,0.38,0.63,0.62,0.64,,,,
2026-01-06 05:58:35.843000+00:00,2026-01-06 05:58:36.000584+00:00,815.843,0.375,0.37,0.38,0.635,0.63,0.64,,,,
2026-01-06 05:58:36.899000+00:00,2026-01-06 05:58:37.008976+00:00,816.899,0.365,0.36,0.37,0.635,0.63,0.64,,,,
2026-01-06 05:58:37.900000+00:00,2026-01-06 05:58:38.002061+00:00,817.9,0.365,0.36,0.37,0.635,0.63,0.64,,,,
2026-01-06 05:58:38.857000+00:00,2026-01-06 05:58:39.010871+00:00,818.857,0.345,0.34,0.35,0.655,0.65,0.66,,,,
2026-01-06 05:58:39.876000+00:00,2026-01-06 05:58:40.005815+00:00,819.876,0.35,0.34,0.36,0.65,0.64,0.66,,,,
2026-01-06 05:58:40.919000+00:00,2026-01-06 05:58:41.016367+00:00,820.919,0.345,0.34,0.35,0.655,0.65,0.66,,,,
2026-01-06 05:58:41.819000+00:00,2026-01-06 05:58:42.027491+00:00,821.819,0.355,0.35,0.36,0.645,0.64,0.65,,,,
2026-01-06 05:58:42.934000+00:00,2026-01-06 05:58:43.038762+00:00,822.934,0.33,0.32,0.34,0.675,0.67,0.68,,,,
2026-01-06 05:58:43.806000+00:00,2026-01-06 05:58:44.033118+00:00,823.806,0.3399999999999999,0.33,0.35,0.655,0.65,0.66,,,,
2026-01-06 05:58:44.894000+00:00,2026-01-06 05:58:45.041320+00:00,824.894,0.345,0.34,0.35,0.655,0.65,0.66,,,,
2026-01-06 05:58:45.935000+00:00,2026-01-06 05:58:46.040749+00:00,825.935,0.335,0.33,0.34,0.67,0.66,0.68,,,,
2026-01-06 05:58:46.953000+00:00,2026-01-06 05:58:47.058329+00:00,826.953,0.335,0.33,0.34,0.665,0.66,0.67,,,,
2026-01-06 05:58:47.885000+00:00,2026-01-06 05:58:48.074238+00:00,827.885,0.325,0.32,0.33,0.675,0.67,0.68,,,,
2026-01-06 05:58:48.941000+00:00,2026-01-06 05:58:49.080947+00:00,828.941,0.325,0.32,0.33,0.675,0.67,0.68,,,,
2026-01-06 05:58:49.973000+00:00,2026-01-06 05:58:50.090681+00:00,829.973,0.335,0.33,0.34,0.665,0.66,0.67,,,,
2026-01-06 05:58:50.970000+00:00,2026-01-06 05:58:51.099576+00:00,830.97,0.335,0.33,0.34,0.665,0.66,0.67,,,,
2026-01-06 05:58:51.994000+00:00,2026-01-06 05:58:52.104004+00:00,831.994,0.335,0.33,0.34,0.665,0.66,0.67,,,,
2026-01-06 05:58:53.035000+00:00,2026-01-06 05:58:53.113080+00:00,833.035,0.325,0.32,0.33,0.675,0.67,0.68,,,,
2026-01-06 05:58:54.022000+00:00,2026-01-06 05:58:54.115622+00:00,834.022,0.325,0.32,0.33,0.675,0.67,0.68,,,,
2026-01-06 05:58:55.013000+00:00,2026-01-06 05:58:55.127797+00:00,835.013,0.325,0.32,0.33,0.675,0.67,0.68,,,,
2026-01-06 05:58:56.033000+00:00,2026-01-06 05:58:56.129069+00:00,836.033,0.315,0.31,0.32,0.685,0.68,0.69,,,,
2026-01-06 05:58:57.890000+00:00,2026-01-06 05:58:58.124089+00:00,837.89,0.305,0.3,0.31,0.695,0.69,0.7,,,,
2026-01-06 05:58:59.013000+00:00,2026-01-06 05:58:59.123959+00:00,839.013,0.305,0.3,0.31,0.695,0.69,0.7,,,,
2026-01-06 05:59:00.184000+00:00,2026-01-06 05:59:00.337524+00:00,840.184,0.295,0.29,0.3,0.705,0.7,0.71,,,,
2026-01-06 05:59:01.946000+00:00,2026-01-06 05:59:02.141406+00:00,841.946,0.295,0.28,0.31,0.705,0.69,0.72,,,,
2026-01-06 05:59:02.993000+00:00,2026-01-06 05:59:03.139747+00:00,842.993,0.295,0.28,0.31,0.705,0.69,0.72,,,,
2026-01-06 05:59:04.052000+00:00,2026-01-06 05:59:04.157661+00:00,844.052,0.285,0.28,0.29,0.715,0.71,0.72,,,,
2026-01-06 05:59:05.062000+00:00,2026-01-06 05:59:05.155376+00:00,845.062,0.235,0.23,0.24,0.765,0.76,0.77,,,,
2026-01-06 05:59:06.059000+00:00,2026-01-06 05:59:06.157622+00:00,846.059,0.225,0.22,0.23,0.775,0.77,0.78,,,,
2026-01-06 05:59:07.034000+00:00,2026-01-06 05:59:07.167747+00:00,847.034,0.215,0.21,0.22,0.785,0.78,0.79,,,,
2026-01-06 05:59:08.046000+00:00,2026-01-06 05:59:08.177966+00:00,848.046,0.25,0.23,0.27,0.75,0.73,0.77,,,,
2026-01-06 05:59:09.969000+00:00,2026-01-06 05:59:10.190073+00:00,849.969,0.245,0.23,0.26,0.755,0.74,0.77,,,,
2026-01-06 05:59:11.085000+00:00,2026-01-06 05:59:11.189919+00:00,851.085,0.205,0.2,0.21,0.78,0.76,0.8,,,,
2026-01-06 05:59:12.092000+00:00,2026-01-06 05:59:12.206904+00:00,852.092,0.255,0.22,0.29,0.745,0.71,0.78,,,,
2026-01-06 05:59:13.036000+00:00,2026-01-06 05:59:13.221291+00:00,853.036,0.255,0.22,0.29,0.745,0.71,0.78,,,,
2026-01-06 05:59:14.106000+00:00,2026-01-06 05:59:14.221793+00:00,854.106,0.285,0.27,0.3,0.715,0.7,0.73,,,,
2026-01-06 05:59:15.028000+00:00,2026-01-06 05:59:15.234883+00:00,855.028,0.285,0.27,0.3,0.715,0.7,0.73,,,,
2026-01-06 05:59:16.141000+00:00,2026-01-06 05:59:16.245327+00:00,856.141,0.245,0.22,0.27,0.755,0.73,0.78,,,,
2026-01-06 05:59:17.157000+00:00,2026-01-06 05:59:17.257360+00:00,857.157,0.27,0.25,0.29,0.73,0.71,0.75,,,,
2026-01-06 05:59:18.152000+00:00,2026-01-06 05:59:18.258368+00:00,858.152,0.26,0.24,0.28,0.74,0.72,0.76,,,,
2026-01-06 05:59:19.183000+00:00,2026-01-06 05:59:19.274445+00:00,859.183,0.25,0.23,0.27,0.75,0.73,0.77,,,,
2026-01-06 05:59:20.020000+00:00,2026-01-06 05:59:20.299766+00:00,860.02,0.245,0.23,0.26,0.755,0.74,0.77,,,,
2026-01-06 05:59:21.194000+00:00,2026-01-06 05:59:21.306856+00:00,861.194,0.25,0.23,0.27,0.75,0.73,0.77,,,,
2026-01-06 05:59:22.194000+00:00,2026-01-06 05:59:22.324564+00:00,862.194,0.2299999999999999,0.22,0.24,0.77,0.76,0.78,,,,
2026-01-06 05:59:23.209000+00:00,2026-01-06 05:59:23.344942+00:00,863.209,0.22,0.21,0.23,0.78,0.77,0.79,,,,
2026-01-06 05:59:24.235000+00:00,2026-01-06 05:59:24.355443+00:00,864.235,0.205,0.2,0.21,0.79,0.78,0.8,,,,
2026-01-06 05:59:25.265000+00:00,2026-01-06 05:59:25.365386+00:00,865.265,0.31,0.28,0.34,0.69,0.66,0.72,,,,
2026-01-06 05:59:26.262000+00:00,2026-01-06 05:59:26.367882+00:00,866.262,0.295,0.29,0.3,0.69,0.67,0.71,,,,
2026-01-06 05:59:27.234000+00:00,2026-01-06 05:59:27.355680+00:00,867.234,0.29,0.27,0.31,0.71,0.69,0.73,,,,
2026-01-06 05:59:28.038000+00:00,2026-01-06 05:59:28.361165+00:00,868.038,0.28,0.26,0.3,0.72,0.7,0.74,,,,
2026-01-06 05:59:29.150000+00:00,2026-01-06 05:59:29.363886+00:00,869.15,0.3,0.27,0.33,0.7,0.67,0.73,,,,
2026-01-06 05:59:30.212000+00:00,2026-01-06 05:59:30.372447+00:00,870.212,0.27,0.23,0.31,0.73,0.69,0.77,,,,
2026-01-06 05:59:31.292000+00:00,2026-01-06 05:59:31.389347+00:00,871.292,0.265,0.24,0.29,0.73,0.7,0.76,,,,
2026-01-06 05:59:32.286000+00:00,2026-01-06 05:59:32.395328+00:00,872.286,0.295,0.26,0.33,0.7050000000000001,0.67,0.74,,,,
2026-01-06 05:59:33.294000+00:00,2026-01-06 05:59:33.389898+00:00,873.294,0.295,0.29,0.3,0.705,0.7,0.71,,,,
2026-01-06 05:59:34.285000+00:00,2026-01-06 05:59:34.417734+00:00,874.285,0.385,0.38,0.39,0.64,0.61,0.67,,,,
2026-01-06 05:59:35.302000+00:00,2026-01-06 05:59:35.409970+00:00,875.302,0.3249999999999999,0.3,0.35,0.6699999999999999,0.65,0.69,,,,
2026-01-06 05:59:36.270000+00:00,2026-01-06 05:59:36.410714+00:00,876.27,0.31,0.29,0.33,0.69,0.67,0.71,,,,
2026-01-06 05:59:37.314000+00:00,2026-01-06 05:59:37.413257+00:00,877.314,0.31,0.29,0.33,0.69,0.67,0.71,,,,
2026-01-06 05:59:38.319000+00:00,2026-01-06 05:59:38.414784+00:00,878.319,0.3,0.28,0.32,0.7,0.68,0.72,,,,
2026-01-06 05:59:39.317000+00:00,2026-01-06 05:59:39.415546+00:00,879.317,0.295,0.27,0.32,0.7,0.69,0.71,,,,
2026-01-06 05:59:40.254000+00:00,2026-01-06 05:59:40.414447+00:00,880.254,0.29,0.27,0.31,0.71,0.69,0.73,,,,
2026-01-06 05:59:41.271000+00:00,2026-01-06 05:59:41.415516+00:00,881.271,0.3,0.29,0.31,0.7,0.69,0.71,,,,
2026-01-06 05:59:42.304000+00:00,2026-01-06 05:59:42.421586+00:00,882.304,0.275,0.24,0.31,0.725,0.7,0.75,,,,
2026-01-06 05:59:43.320000+00:00,2026-01-06 05:59:43.429340+00:00,883.32,0.295,0.29,0.3,0.705,0.7,0.71,,,,
2026-01-06 05:59:44.330000+00:00,2026-01-06 05:59:44.433280+00:00,884.33,0.255,0.22,0.29,0.745,0.71,0.78,,,,
2026-01-06 05:59:45.275000+00:00,2026-01-06 05:59:45.437916+00:00,885.275,0.29,0.26,0.32,0.71,0.68,0.74,,,,
2026-01-06 05:59:46.253000+00:00,2026-01-06 05:59:46.448363+00:00,886.253,0.28,0.25,0.31,0.72,0.69,0.75,,,,
2026-01-06 05:59:47.321000+00:00,2026-01-06 05:59:47.448420+00:00,887.321,0.255,0.21,0.3,0.74,0.69,0.79,,,,
2026-01-06 05:59:48.227000+00:00,2026-01-06 05:59:48.455822+00:00,888.227,0.26,0.21,0.31,0.745,0.7,0.79,,,,
2026-01-06 05:59:49.353000+00:00,2026-01-06 05:59:49.454730+00:00,889.353,0.25,0.2,0.3,0.7250000000000001,0.65,0.8,,,,
2026-01-06 05:59:50.360000+00:00,2026-01-06 05:59:50.461367+00:00,890.36,0.2199999999999999,0.15,0.29,0.8049999999999999,0.75,0.86,,,,
2026-01-06 05:59:51.303000+00:00,2026-01-06 05:59:51.471891+00:00,891.303,0.155,0.13,0.18,0.845,0.82,0.87,,,,
2026-01-06 05:59:52.324000+00:00,2026-01-06 05:59:52.468102+00:00,892.324,0.07,0.01,0.13,0.92,0.85,0.99,,,,
2026-01-06 05:59:53.380000+00:00,2026-01-06 05:59:53.455304+00:00,893.38,0.03,0.01,0.05,0.97,0.95,0.99,,,,
2026-01-06 05:59:54.343000+00:00,2026-01-06 05:59:54.463972+00:00,894.343,0.04,0.01,0.07,0.935,0.93,0.94,,,,
2026-01-06 05:59:55.305000+00:00,2026-01-06 05:59:55.474991+00:00,895.305,0.145,0.01,0.28,0.855,0.72,0.99,,,,
2026-01-06 05:59:56.351000+00:00,2026-01-06 05:59:56.491083+00:00,896.351,0.145,0.01,0.28,0.99,0.99,,,,,
2026-01-06 05:59:57.260000+00:00,2026-01-06 05:59:57.490858+00:00,897.26,0.01,,0.01,0.99,0.99,,,,,
2026-01-06 05:59:58.311000+00:00,2026-01-06 05:59:58.506094+00:00,898.311,0.01,,0.01,0.99,0.99,,,,,
2026-01-06 05:59:59.438000+00:00,2026-01-06 05:59:59.524572+00:00,899.438,0.01,,0.01,0.99,0.99,,,,,
