timestamp,collected_at,seconds,up_mid,up_best_bid,up_best_ask,down_mid,down_best_bid,down_best_ask,up_best_bid_size,up_best_ask_size,down_best_bid_size,down_best_ask_size,up_bid_2,up_bid_2_size,up_ask_2,up_ask_2_size,up_bid_3,up_bid_3_size,up_ask_3,up_ask_3_size,up_bid_4,up_bid_4_size,up_ask_4,up_ask_4_size,up_bid_5,up_bid_5_size,up_ask_5,up_ask_5_size,up_bid_6,up_bid_6_size,up_ask_6,up_ask_6_size,down_bid_2,down_bid_2_size,down_ask_2,down_ask_2_size,down_bid_3,down_bid_3_size,down_ask_3,down_ask_3_size,down_bid_4,down_bid_4_size,down_ask_4,down_ask_4_size,down_bid_5,down_bid_5_size,down_ask_5,down_ask_5_size,down_bid_6,down_bid_6_size,down_ask_6,down_ask_6_size
2026-01-07 07:00:00.935000+00:00,2026-01-07 06:59:58.366788+00:00,0.935,0.99,0.99,,0.01,,0.01,161142.64,,,186958.21,0.98,135.33,,,0.97,5.0,,,0.96,59.85,,,0.95,226.37,,,0.94,287.84,,,,,0.02,135.33,,,0.03,5.0,,,0.04,59.85,,,0.05,226.37,,,0.06,287.84
2026-01-07 07:00:01.175000+00:00,2026-01-07 06:59:59.374154+00:00,1.175,0.99,0.99,,0.01,,0.01,186958.21,,,186958.21,0.98,135.33,,,0.97,5.0,,,0.96,59.85,,,0.95,226.37,,,0.94,287.84,,,,,0.02,135.33,,,0.03,5.0,,,0.04,59.85,,,0.05,226.37,,,0.06,287.84
2026-01-07 07:00:02.940000+00:00,2026-01-07 07:00:00.378264+00:00,2.94,0.525,0.52,0.53,0.475,0.47,0.48,679.81,183.0,183.0,679.81,0.51,78.41,0.54,489.0,0.5,1288.57,0.55,283.0,0.49,434.08,0.56,700.0,0.47,100.0,0.6,55.0,0.46,300.0,0.61,5.0,0.46,489.0,0.49,78.41,0.45,283.0,0.5,1288.57,0.44,700.0,0.51,434.08,0.4,55.0,0.53,100.0,0.39,5.0,0.54,300.0
2026-01-07 07:00:03.876000+00:00,2026-01-07 07:00:01.403014+00:00,3.876,0.525,0.52,0.53,0.475,0.47,0.48,615.81,210.0,225.0,585.81,0.51,97.41,0.54,496.0,0.5,1288.57,0.55,298.0,0.49,434.08,0.56,700.0,0.47,100.0,0.6,55.0,0.46,300.0,0.61,5.0,0.46,496.0,0.49,97.41,0.45,298.0,0.5,1303.57,0.44,700.0,0.51,434.08,0.4,55.0,0.53,115.0,0.39,5.0,0.54,315.0
2026-01-07 07:00:04.984000+00:00,2026-01-07 07:00:02.406464+00:00,4.984,0.525,0.52,0.53,0.475,0.47,0.48,531.22,401.0,406.0,470.59,0.51,97.41,0.54,496.0,0.5,1303.57,0.55,298.0,0.49,479.08,0.56,700.0,0.48,30.0,0.6,55.0,0.47,130.0,0.61,20.0,0.46,612.0,0.49,97.41,0.45,419.0,0.5,1303.57,0.44,821.0,0.51,479.08,0.4,65.0,0.52,30.0,0.39,20.0,0.53,130.0
2026-01-07 07:00:05.980000+00:00,2026-01-07 07:00:03.422316+00:00,5.98,0.525,0.52,0.53,0.475,0.47,0.48,455.68,97.0,132.0,455.68,0.51,330.41,0.54,313.0,0.5,1516.57,0.55,115.0,0.49,677.08,0.56,821.0,0.48,349.0,0.57,304.0,0.47,434.0,0.58,304.0,0.46,323.0,0.49,345.41,0.45,150.0,0.5,1516.57,0.44,821.0,0.51,677.08,0.43,304.0,0.52,384.0,0.42,304.0,0.53,444.0
2026-01-07 07:00:07.993000+00:00,2026-01-07 07:00:05.423004+00:00,7.993,0.555,0.55,0.56,0.445,0.44,0.45,140.0,438.0,438.0,206.0,0.54,181.0,0.6,65.0,0.53,323.0,0.61,90.0,0.52,564.68,0.62,70.0,0.51,472.41,0.63,247.0,0.5,1637.57,0.64,339.0,0.4,65.0,0.46,242.0,0.39,40.0,0.47,384.0,0.38,90.0,0.48,564.68,0.37,50.0,0.49,472.41,0.36,233.0,0.5,1637.57
2026-01-07 07:00:08.989000+00:00,2026-01-07 07:00:06.422463+00:00,8.989,0.615,0.61,0.62,0.385,0.38,0.39,138.42,75.0,75.0,138.42,0.6,233.0,0.63,50.0,0.59,138.58,0.64,208.0,0.58,96.0,0.65,344.0,0.57,156.0,0.66,339.0,0.56,156.0,0.67,390.0,0.37,50.0,0.4,233.0,0.36,208.0,0.41,138.58,0.35,344.0,0.42,96.0,0.34,339.0,0.43,156.0,0.33,390.0,0.44,156.0
2026-01-07 07:00:09.998000+00:00,2026-01-07 07:00:07.426789+00:00,9.998,0.615,0.61,0.62,0.385,0.38,0.39,121.42,44.12,44.12,106.42,0.6,233.0,0.63,55.0,0.59,123.58,0.64,208.0,0.58,111.0,0.65,344.0,0.57,199.0,0.66,339.0,0.56,173.85,0.67,390.0,0.37,79.0,0.4,305.0,0.36,280.0,0.41,147.58,0.35,344.0,0.42,111.0,0.34,339.0,0.43,156.0,0.33,390.0,0.44,217.85
2026-01-07 07:00:10.940000+00:00,2026-01-07 07:00:08.446068+00:00,10.94,0.615,0.61,0.62,0.385,0.38,0.39,123.92,57.89,57.89,123.92,0.6,305.0,0.63,86.0,0.59,162.58,0.64,350.0,0.58,96.0,0.65,414.0,0.57,199.0,0.66,409.0,0.56,173.85,0.67,460.0,0.37,86.0,0.4,305.0,0.36,350.0,0.41,162.58,0.35,414.0,0.42,96.0,0.34,409.0,0.43,199.0,0.33,460.0,0.44,173.85
2026-01-07 07:00:11.968000+00:00,2026-01-07 07:00:09.467324+00:00,11.968,0.61,0.6,0.62,0.385,0.38,0.39,372.0,62.89,69.89,15.0,0.59,244.58,0.63,98.0,0.58,166.0,0.64,326.0,0.57,226.0,0.65,414.0,0.56,287.85,0.66,409.0,0.55,297.0,0.67,460.0,0.37,98.0,0.4,260.0,0.36,326.0,0.41,176.0,0.35,414.0,0.42,105.0,0.34,409.0,0.43,226.0,0.33,460.0,0.44,287.85
2026-01-07 07:00:12.943000+00:00,2026-01-07 07:00:10.474117+00:00,12.943,0.615,0.61,0.62,0.385,0.38,0.39,15.0,69.89,69.89,15.0,0.6,245.0,0.63,98.0,0.59,176.0,0.64,326.0,0.58,105.0,0.65,414.0,0.57,269.0,0.66,409.0,0.56,243.85,0.67,460.0,0.37,98.0,0.4,260.0,0.36,326.0,0.41,176.0,0.35,414.0,0.42,105.0,0.34,409.0,0.43,269.0,0.33,460.0,0.44,243.85
2026-01-07 07:00:14.714000+00:00,2026-01-07 07:00:12.505366+00:00,14.714,0.605,0.6,0.61,0.395,0.39,0.4,50.0,85.0,85.0,50.0,0.59,220.0,0.62,110.12,0.58,339.0,0.63,89.0,0.57,226.0,0.64,80.0,0.56,243.85,0.65,293.0,0.55,297.0,0.66,409.0,0.38,110.12,0.41,220.0,0.37,89.0,0.42,339.0,0.36,80.0,0.43,226.0,0.35,293.0,0.44,243.85,0.34,409.0,0.45,342.0
2026-01-07 07:00:16.090000+00:00,2026-01-07 07:00:13.524372+00:00,16.09,0.605,0.6,0.61,0.395,0.39,0.4,45.0,82.0,82.0,25.0,0.59,220.0,0.62,110.12,0.58,339.0,0.63,89.0,0.57,226.0,0.64,80.0,0.56,243.85,0.65,293.0,0.55,342.0,0.66,409.0,0.38,110.12,0.41,220.0,0.37,89.0,0.42,339.0,0.36,80.0,0.43,226.0,0.35,293.0,0.44,243.85,0.34,409.0,0.45,342.0
2026-01-07 07:00:17.104000+00:00,2026-01-07 07:00:14.528587+00:00,17.104,0.605,0.6,0.61,0.395,0.39,0.4,20.0,85.0,85.0,20.0,0.59,220.0,0.62,110.12,0.58,339.0,0.63,211.0,0.57,226.0,0.64,202.0,0.56,243.85,0.65,414.0,0.55,342.0,0.66,409.0,0.38,110.12,0.41,220.0,0.37,211.0,0.42,339.0,0.36,202.0,0.43,226.0,0.35,414.0,0.44,243.85,0.34,409.0,0.45,297.0
2026-01-07 07:00:18.958000+00:00,2026-01-07 07:00:16.545788+00:00,18.958,0.6,0.59,0.61,0.395,0.39,0.4,245.0,104.0,97.0,15.0,0.58,131.0,0.62,126.12,0.57,226.0,0.63,317.0,0.56,243.85,0.64,288.0,0.55,332.0,0.65,414.0,0.54,343.0,0.66,409.0,0.38,126.12,0.41,245.0,0.37,317.0,0.42,131.0,0.36,288.0,0.43,348.0,0.35,414.0,0.44,365.85,0.34,409.0,0.45,377.0
2026-01-07 07:00:20.068000+00:00,2026-01-07 07:00:17.555244+00:00,20.068,0.61,0.6,0.62,0.395,0.39,0.4,85.0,101.12,55.0,50.0,0.59,234.0,0.63,389.0,0.58,107.0,0.64,288.0,0.57,409.0,0.65,414.0,0.56,470.85,0.66,409.0,0.55,332.0,0.67,384.0,0.38,88.12,0.41,242.0,0.37,389.0,0.42,119.0,0.36,288.0,0.43,452.0,0.35,414.0,0.44,426.85,0.34,409.0,0.45,332.0
2026-01-07 07:00:21.122000+00:00,2026-01-07 07:00:18.562284+00:00,21.122,0.61,0.6,0.62,0.39,0.38,0.4,91.0,137.12,137.12,85.0,0.59,210.0,0.63,182.0,0.58,314.0,0.64,288.0,0.57,409.0,0.65,293.0,0.56,426.85,0.66,409.0,0.55,377.0,0.67,384.0,0.37,182.0,0.41,210.0,0.36,288.0,0.42,314.0,0.35,293.0,0.43,409.0,0.34,409.0,0.44,426.85,0.33,384.0,0.45,332.0
2026-01-07 07:00:22.109000+00:00,2026-01-07 07:00:19.569694+00:00,22.109,0.595,0.59,0.6,0.405,0.4,0.41,40.0,173.0,173.0,40.0,0.58,343.0,0.61,69.0,0.57,436.0,0.62,59.12,0.56,474.85,0.63,95.0,0.55,332.0,0.64,288.0,0.54,297.0,0.65,293.0,0.39,69.0,0.42,343.0,0.38,59.12,0.43,436.0,0.37,95.0,0.44,474.85,0.36,288.0,0.45,332.0,0.35,293.0,0.46,297.0
2026-01-07 07:00:23.030000+00:00,2026-01-07 07:00:20.590007+00:00,23.03,0.595,0.59,0.6,0.405,0.4,0.41,35.0,145.0,145.0,35.0,0.58,343.0,0.61,100.0,0.57,453.0,0.62,59.12,0.56,498.85,0.63,95.0,0.55,332.0,0.64,288.0,0.54,297.0,0.65,293.0,0.39,100.0,0.42,343.0,0.38,59.12,0.43,453.0,0.37,95.0,0.44,498.85,0.36,288.0,0.45,332.0,0.35,293.0,0.46,297.0
2026-01-07 07:00:24.163000+00:00,2026-01-07 07:00:21.595711+00:00,24.163,0.595,0.59,0.6,0.405,0.4,0.41,117.51,12.0,12.0,153.51,0.58,356.0,0.61,127.0,0.57,424.0,0.62,106.12,0.56,426.85,0.63,132.0,0.55,332.0,0.64,288.0,0.54,297.0,0.65,293.0,0.39,127.0,0.42,356.0,0.38,106.12,0.43,424.0,0.37,144.0,0.44,426.85,0.36,288.0,0.45,332.0,0.35,293.0,0.46,297.0
2026-01-07 07:00:25.926000+00:00,2026-01-07 07:00:23.621721+00:00,25.926,0.6,0.59,0.61,0.4,0.39,0.41,153.51,76.52,76.52,153.51,0.58,356.0,0.62,162.12,0.57,424.0,0.63,158.0,0.56,426.85,0.64,288.0,0.55,332.0,0.65,293.0,0.54,297.0,0.66,409.0,0.38,162.12,0.42,356.0,0.37,158.0,0.43,424.0,0.36,288.0,0.44,426.85,0.35,293.0,0.45,332.0,0.34,409.0,0.46,297.0
2026-01-07 07:00:27.175000+00:00,2026-01-07 07:00:24.626880+00:00,27.175,0.605,0.6,0.61,0.395,0.39,0.4,5.0,67.0,67.0,5.0,0.59,168.51,0.62,162.12,0.58,371.0,0.63,158.0,0.57,409.0,0.64,288.0,0.56,426.85,0.65,293.0,0.55,377.0,0.66,409.0,0.38,162.12,0.41,168.51,0.37,158.0,0.42,371.0,0.36,288.0,0.43,409.0,0.35,293.0,0.44,426.85,0.34,409.0,0.45,377.0
2026-01-07 07:00:28.185000+00:00,2026-01-07 07:00:25.631929+00:00,28.185,0.605,0.6,0.61,0.395,0.39,0.4,138.0,17.0,17.0,138.0,0.59,113.51,0.62,156.12,0.58,323.0,0.63,158.0,0.57,409.0,0.64,336.0,0.56,471.85,0.65,293.0,0.55,332.0,0.66,409.0,0.38,156.12,0.41,113.51,0.37,158.0,0.42,323.0,0.36,336.0,0.43,409.0,0.35,293.0,0.44,471.85,0.34,409.0,0.45,332.0
2026-01-07 07:00:29.966000+00:00,2026-01-07 07:00:27.646169+00:00,29.966,0.605,0.6,0.61,0.395,0.39,0.4,90.0,12.0,12.0,90.0,0.59,137.51,0.62,185.12,0.58,347.0,0.63,182.0,0.57,409.0,0.64,288.0,0.56,426.85,0.65,293.0,0.55,377.0,0.66,409.0,0.38,185.12,0.41,137.51,0.37,182.0,0.42,347.0,0.36,288.0,0.43,409.0,0.35,293.0,0.44,426.85,0.34,409.0,0.45,377.0
2026-01-07 07:00:31.773000+00:00,2026-01-07 07:00:29.670766+00:00,31.773,0.605,0.6,0.61,0.395,0.39,0.4,5.0,97.0,97.0,5.0,0.59,138.51,0.62,184.12,0.58,356.0,0.63,143.0,0.57,424.0,0.64,288.0,0.56,426.85,0.65,293.0,0.55,377.0,0.66,409.0,0.38,196.12,0.41,138.51,0.37,131.0,0.42,356.0,0.36,288.0,0.43,424.0,0.35,293.0,0.44,426.85,0.34,409.0,0.45,377.0
2026-01-07 07:00:33.251000+00:00,2026-01-07 07:00:30.689163+00:00,33.251,0.605,0.6,0.61,0.395,0.39,0.4,5.0,121.0,121.0,5.0,0.59,25.51,0.62,208.12,0.58,415.0,0.63,95.0,0.57,448.0,0.64,288.0,0.56,426.85,0.65,293.0,0.55,332.0,0.66,409.0,0.38,208.12,0.41,25.51,0.37,95.0,0.42,415.0,0.36,288.0,0.43,448.0,0.35,293.0,0.44,426.85,0.34,409.0,0.45,332.0
2026-01-07 07:00:34.275000+00:00,2026-01-07 07:00:31.712356+00:00,34.275,0.605,0.6,0.61,0.395,0.39,0.4,5.0,97.0,97.0,5.0,0.59,25.51,0.62,184.12,0.58,415.0,0.63,95.0,0.57,448.0,0.64,288.0,0.56,426.85,0.65,293.0,0.55,332.0,0.66,409.0,0.38,184.12,0.41,25.51,0.37,95.0,0.42,415.0,0.36,288.0,0.43,448.0,0.35,293.0,0.44,426.85,0.34,409.0,0.45,332.0
2026-01-07 07:00:35.664000+00:00,2026-01-07 07:00:33.741284+00:00,35.664,0.605,0.6,0.61,0.395,0.39,0.4,5.0,97.0,97.0,5.0,0.59,49.51,0.62,196.12,0.58,415.0,0.63,131.0,0.57,424.0,0.64,288.0,0.56,426.85,0.65,293.0,0.55,332.0,0.66,409.0,0.38,196.12,0.41,49.51,0.37,131.0,0.42,415.0,0.36,288.0,0.43,424.0,0.35,293.0,0.44,426.85,0.34,409.0,0.45,332.0
2026-01-07 07:00:37.305000+00:00,2026-01-07 07:00:34.749077+00:00,37.305,0.615,0.61,0.62,0.385,0.38,0.39,180.0,112.0,42.0,197.0,0.6,40.0,0.63,177.0,0.59,257.51,0.64,303.0,0.58,429.0,0.65,341.0,0.57,409.0,0.66,409.0,0.56,470.85,0.67,384.0,0.37,165.0,0.4,59.0,0.36,303.0,0.41,257.51,0.35,389.0,0.42,429.0,0.34,409.0,0.43,409.0,0.33,384.0,0.44,470.85
2026-01-07 07:00:38.320000+00:00,2026-01-07 07:00:35.770754+00:00,38.32,0.62,0.61,0.63,0.38,0.37,0.39,154.0,171.87,171.87,154.0,0.6,132.0,0.64,180.0,0.59,333.0,0.65,292.0,0.58,454.0,0.66,288.0,0.57,452.0,0.67,419.0,0.56,391.85,0.68,429.0,0.36,180.0,0.4,132.0,0.35,292.0,0.41,333.0,0.34,288.0,0.42,454.0,0.33,419.0,0.43,452.0,0.32,429.0,0.44,391.85
2026-01-07 07:00:39.339000+00:00,2026-01-07 07:00:36.774748+00:00,39.339,0.635,0.62,0.65,0.365,0.36,0.37,231.0,90.0,7.0,128.0,0.61,82.0,0.66,363.0,0.6,338.0,0.67,418.0,0.59,439.0,0.68,429.0,0.58,496.0,0.69,409.0,0.57,374.0,0.7,429.0,0.35,85.0,0.38,166.0,0.34,363.0,0.39,107.0,0.33,418.0,0.4,338.0,0.32,429.0,0.41,439.0,0.31,409.0,0.42,419.0
2026-01-07 07:00:40.285000+00:00,2026-01-07 07:00:37.782589+00:00,40.285,0.635,0.63,0.64,0.365,0.36,0.37,143.0,12.0,12.0,148.15,0.62,139.0,0.65,97.0,0.61,107.0,0.66,363.0,0.6,338.0,0.67,418.0,0.59,439.0,0.68,429.0,0.58,419.0,0.69,421.0,0.35,97.0,0.38,139.0,0.34,363.0,0.39,107.0,0.33,418.0,0.4,338.0,0.32,429.0,0.41,439.0,0.31,421.0,0.42,419.0
2026-01-07 07:00:41.286000+00:00,2026-01-07 07:00:38.789996+00:00,41.286,0.635,0.63,0.64,0.365,0.36,0.37,153.15,4.81,9.96,153.15,0.62,139.0,0.65,109.0,0.61,107.0,0.66,293.0,0.6,338.0,0.67,406.0,0.59,439.0,0.68,441.0,0.58,419.0,0.69,409.0,0.35,109.0,0.38,139.0,0.34,293.0,0.39,107.0,0.33,406.0,0.4,338.0,0.32,441.0,0.41,439.0,0.31,409.0,0.42,419.0
2026-01-07 07:00:42.375000+00:00,2026-01-07 07:00:39.795683+00:00,42.375,0.635,0.63,0.64,0.365,0.36,0.37,359.15,9.96,9.96,357.15,0.62,322.0,0.65,12.0,0.61,323.0,0.66,207.0,0.6,459.0,0.67,454.0,0.59,439.0,0.68,359.0,0.58,419.0,0.69,341.0,0.35,12.0,0.38,368.0,0.34,268.0,0.39,393.0,0.33,359.0,0.4,501.0,0.32,374.0,0.41,439.0,0.31,314.0,0.42,419.0
2026-01-07 07:00:43.191000+00:00,2026-01-07 07:00:40.801464+00:00,43.191,0.635,0.63,0.64,0.365,0.36,0.37,298.15,190.96,190.96,298.15,0.62,469.0,0.65,57.0,0.61,469.0,0.66,72.0,0.6,531.0,0.67,60.0,0.59,463.0,0.68,55.0,0.58,419.0,0.69,193.0,0.35,57.0,0.38,469.0,0.34,72.0,0.39,469.0,0.33,60.0,0.4,531.0,0.32,55.0,0.41,463.0,0.31,193.0,0.42,419.0
2026-01-07 07:00:44.218000+00:00,2026-01-07 07:00:41.823726+00:00,44.218,0.635,0.63,0.64,0.365,0.36,0.37,308.15,43.0,19.0,308.15,0.62,434.0,0.65,140.0,0.61,469.0,0.66,60.0,0.6,483.0,0.67,72.0,0.59,439.0,0.68,55.0,0.58,419.0,0.69,193.0,0.35,128.0,0.38,429.0,0.34,57.0,0.39,526.0,0.33,87.0,0.4,483.0,0.32,55.0,0.41,439.0,0.31,193.0,0.42,419.0
2026-01-07 07:00:45.393000+00:00,2026-01-07 07:00:42.829005+00:00,45.393,0.635,0.63,0.64,0.365,0.36,0.37,258.15,61.0,67.0,263.15,0.62,454.0,0.65,132.0,0.61,541.0,0.66,60.0,0.6,483.0,0.67,72.0,0.59,439.0,0.68,55.0,0.58,419.0,0.69,193.0,0.35,132.0,0.38,449.0,0.34,60.0,0.39,541.0,0.33,72.0,0.4,483.0,0.32,55.0,0.41,439.0,0.31,193.0,0.42,419.0
2026-01-07 07:00:46.310000+00:00,2026-01-07 07:00:43.838356+00:00,46.31,0.635,0.63,0.64,0.365,0.36,0.37,233.15,91.0,91.0,233.15,0.62,536.0,0.65,72.0,0.61,493.0,0.66,190.0,0.6,459.0,0.67,130.0,0.59,439.0,0.68,137.0,0.58,419.0,0.69,263.0,0.35,79.0,0.38,536.0,0.34,190.0,0.39,493.0,0.33,130.0,0.4,459.0,0.32,137.0,0.41,439.0,0.31,263.0,0.42,419.0
2026-01-07 07:00:47.147000+00:00,2026-01-07 07:00:44.845904+00:00,47.147,0.635,0.63,0.64,0.365,0.36,0.37,269.15,91.0,91.0,269.15,0.62,524.0,0.65,67.0,0.61,469.0,0.66,178.0,0.6,459.0,0.67,154.0,0.59,439.0,0.68,137.0,0.58,419.0,0.69,263.0,0.35,67.0,0.38,524.0,0.34,178.0,0.39,469.0,0.33,154.0,0.4,459.0,0.32,137.0,0.41,439.0,0.31,263.0,0.42,419.0
2026-01-07 07:00:48.076000+00:00,2026-01-07 07:00:45.852984+00:00,48.076,0.635,0.63,0.64,0.365,0.36,0.37,269.15,87.87,87.87,269.15,0.62,524.0,0.65,67.0,0.61,469.0,0.66,178.0,0.6,459.0,0.67,166.0,0.59,439.0,0.68,137.0,0.58,419.0,0.69,263.0,0.35,67.0,0.38,524.0,0.34,178.0,0.39,469.0,0.33,166.0,0.4,459.0,0.32,137.0,0.41,439.0,0.31,263.0,0.42,419.0
2026-01-07 07:00:49.222000+00:00,2026-01-07 07:00:46.858656+00:00,49.222,0.635,0.63,0.64,0.365,0.36,0.37,373.15,12.0,12.0,373.15,0.62,465.0,0.65,172.0,0.61,469.0,0.66,154.0,0.6,459.0,0.67,178.0,0.59,439.0,0.68,137.0,0.58,461.0,0.69,263.0,0.35,172.0,0.38,465.0,0.34,154.0,0.39,469.0,0.33,190.0,0.4,459.0,0.32,137.0,0.41,439.0,0.31,263.0,0.42,461.0
2026-01-07 07:00:50.204000+00:00,2026-01-07 07:00:47.865931+00:00,50.204,0.635,0.63,0.64,0.365,0.36,0.37,385.15,12.0,12.0,385.15,0.62,468.0,0.65,172.0,0.61,454.0,0.66,115.0,0.6,459.0,0.67,205.0,0.59,439.0,0.68,149.0,0.58,461.0,0.69,275.0,0.35,172.0,0.38,468.0,0.34,115.0,0.39,454.0,0.33,205.0,0.4,459.0,0.32,149.0,0.41,439.0,0.31,275.0,0.42,461.0
2026-01-07 07:00:51.459000+00:00,2026-01-07 07:00:48.875789+00:00,51.459,0.645,0.64,0.65,0.355,0.35,0.36,80.0,89.0,64.0,135.0,0.63,335.15,0.66,70.0,0.62,443.0,0.67,225.0,0.61,495.0,0.68,152.0,0.6,459.0,0.69,275.0,0.59,404.0,0.7,308.0,0.34,100.0,0.37,352.15,0.33,225.0,0.38,466.0,0.32,164.0,0.39,495.0,0.31,275.0,0.4,459.0,0.3,308.0,0.41,404.0
2026-01-07 07:00:52.455000+00:00,2026-01-07 07:00:49.882125+00:00,52.455,0.655,0.65,0.66,0.345,0.34,0.35,140.0,24.0,9.0,140.0,0.64,67.0,0.67,218.0,0.63,348.15,0.68,176.0,0.62,466.0,0.69,275.0,0.61,454.0,0.7,308.0,0.6,466.0,0.71,409.0,0.33,218.0,0.36,79.0,0.32,176.0,0.37,348.15,0.31,275.0,0.38,466.0,0.3,308.0,0.39,454.0,0.29,409.0,0.4,466.0
2026-01-07 07:00:53.463000+00:00,2026-01-07 07:00:50.890538+00:00,53.463,0.655,0.65,0.66,0.345,0.34,0.35,213.0,165.0,153.0,91.0,0.64,273.0,0.67,104.0,0.63,406.15,0.68,204.0,0.62,581.0,0.69,162.0,0.61,466.0,0.7,404.0,0.6,424.0,0.71,409.0,0.33,80.0,0.36,151.0,0.32,253.0,0.37,90.15,0.31,150.0,0.38,448.0,0.3,404.0,0.39,466.0,0.29,409.0,0.4,424.0
2026-01-07 07:00:54.448000+00:00,2026-01-07 07:00:51.898841+00:00,54.448,0.655,0.65,0.66,0.345,0.34,0.35,30.0,169.0,169.0,30.0,0.64,95.0,0.67,263.0,0.63,160.15,0.68,272.0,0.62,225.0,0.69,333.0,0.61,531.0,0.7,404.0,0.6,424.0,0.71,409.0,0.33,263.0,0.36,95.0,0.32,272.0,0.37,160.15,0.31,333.0,0.38,225.0,0.3,404.0,0.39,531.0,0.29,409.0,0.4,424.0
2026-01-07 07:00:55.452000+00:00,2026-01-07 07:00:52.904063+00:00,55.452,0.655,0.65,0.66,0.345,0.34,0.35,27.14,95.0,95.0,27.14,0.64,119.0,0.67,128.0,0.63,220.15,0.68,318.0,0.62,360.0,0.69,333.0,0.61,495.0,0.7,404.0,0.6,648.0,0.71,409.0,0.33,128.0,0.36,119.0,0.32,318.0,0.37,220.15,0.31,333.0,0.38,360.0,0.3,404.0,0.39,495.0,0.29,409.0,0.4,648.0
2026-01-07 07:00:56.487000+00:00,2026-01-07 07:00:53.911179+00:00,56.487,0.655,0.65,0.66,0.345,0.34,0.35,27.14,116.0,89.0,27.14,0.64,95.0,0.67,125.0,0.63,208.15,0.68,330.0,0.62,372.0,0.69,345.0,0.61,495.0,0.7,404.0,0.6,648.0,0.71,409.0,0.33,137.0,0.36,107.0,0.32,345.0,0.37,223.15,0.31,345.0,0.38,345.0,0.3,404.0,0.39,495.0,0.29,409.0,0.4,648.0
2026-01-07 07:00:57.409000+00:00,2026-01-07 07:00:54.935003+00:00,57.409,0.655,0.65,0.66,0.345,0.34,0.35,27.14,89.0,89.0,27.14,0.64,107.0,0.67,137.0,0.63,247.15,0.68,345.0,0.62,345.0,0.69,345.0,0.61,495.0,0.7,404.0,0.6,648.0,0.71,409.0,0.33,137.0,0.36,107.0,0.32,345.0,0.37,247.15,0.31,345.0,0.38,345.0,0.3,404.0,0.39,495.0,0.29,409.0,0.4,648.0
2026-01-07 07:00:58.456000+00:00,2026-01-07 07:00:55.941730+00:00,58.456,0.655,0.65,0.66,0.345,0.34,0.35,27.14,85.0,85.0,27.14,0.64,107.0,0.67,137.0,0.63,247.15,0.68,345.0,0.62,345.0,0.69,345.0,0.61,495.0,0.7,404.0,0.6,648.0,0.71,409.0,0.33,137.0,0.36,107.0,0.32,345.0,0.37,247.15,0.31,345.0,0.38,345.0,0.3,404.0,0.39,495.0,0.29,409.0,0.4,648.0
2026-01-07 07:00:59.117000+00:00,2026-01-07 07:00:56.950284+00:00,59.117,0.655,0.65,0.66,0.345,0.34,0.35,27.14,318.0,318.0,27.14,0.64,131.0,0.67,101.0,0.63,235.15,0.68,369.0,0.62,333.0,0.69,345.0,0.61,454.0,0.7,416.0,0.6,690.0,0.71,409.0,0.33,101.0,0.36,131.0,0.32,369.0,0.37,235.15,0.31,345.0,0.38,333.0,0.3,416.0,0.39,454.0,0.29,409.0,0.4,648.0
2026-01-07 07:01:00.526000+00:00,2026-01-07 07:00:57.959621+00:00,60.526,0.655,0.65,0.66,0.345,0.34,0.35,214.14,238.0,238.0,199.14,0.64,79.0,0.67,20.0,0.63,343.15,0.68,170.0,0.62,494.0,0.69,381.0,0.61,454.0,0.7,334.0,0.6,648.0,0.71,421.0,0.33,20.0,0.36,79.0,0.32,170.0,0.37,343.15,0.31,381.0,0.38,454.0,0.3,334.0,0.39,495.0,0.29,421.0,0.4,648.0
2026-01-07 07:01:01.467000+00:00,2026-01-07 07:00:58.968278+00:00,61.467,0.655,0.65,0.66,0.345,0.34,0.35,253.79,228.0,228.0,192.79,0.64,79.0,0.67,20.0,0.63,383.15,0.68,155.0,0.62,454.0,0.69,381.0,0.61,454.0,0.7,334.0,0.6,648.0,0.71,421.0,0.33,20.0,0.36,55.0,0.32,110.0,0.37,383.15,0.31,384.0,0.38,454.0,0.3,319.0,0.39,454.0,0.29,424.0,0.4,663.0
2026-01-07 07:01:02.638000+00:00,2026-01-07 07:00:59.976061+00:00,62.638,0.655,0.65,0.66,0.335,0.33,0.34,248.79,168.0,24.0,391.15,0.64,308.0,0.67,20.0,0.63,464.15,0.68,90.0,0.62,454.0,0.69,12.0,0.61,454.0,0.7,406.0,0.6,663.0,0.71,302.0,0.32,20.0,0.35,373.0,0.3,268.0,0.36,454.0,0.29,333.0,0.37,464.15,0.28,458.0,0.38,678.0,0.27,421.0,0.39,419.0
2026-01-07 07:01:03.511000+00:00,2026-01-07 07:01:00.982976+00:00,63.511,0.695,0.69,0.7,0.305,0.3,0.31,26.0,85.0,94.0,26.0,0.68,115.0,0.71,186.0,0.67,127.0,0.72,356.85,0.66,466.15,0.73,300.0,0.65,494.0,0.74,441.0,0.64,454.0,0.75,409.0,0.29,191.0,0.32,115.0,0.28,356.85,0.33,127.0,0.27,300.0,0.34,466.15,0.26,441.0,0.35,494.0,0.25,409.0,0.36,454.0
2026-01-07 07:01:04.546000+00:00,2026-01-07 07:01:01.991318+00:00,64.546,0.695,0.69,0.7,0.305,0.3,0.31,66.0,44.0,44.0,86.0,0.68,100.88,0.71,226.0,0.67,127.0,0.72,341.85,0.66,423.15,0.73,315.0,0.65,512.0,0.74,441.0,0.64,454.0,0.75,409.0,0.29,226.0,0.32,100.88,0.28,341.85,0.33,127.0,0.27,315.0,0.34,423.15,0.26,441.0,0.35,512.0,0.25,409.0,0.36,454.0
2026-01-07 07:01:05.555000+00:00,2026-01-07 07:01:02.996639+00:00,65.555,0.695,0.69,0.7,0.305,0.3,0.31,113.0,29.0,29.0,113.0,0.68,148.88,0.71,214.0,0.67,91.0,0.72,170.85,0.66,437.15,0.73,315.0,0.65,474.0,0.74,441.0,0.64,454.0,0.75,409.0,0.29,214.0,0.32,160.88,0.28,170.85,0.33,79.0,0.27,315.0,0.34,399.15,0.26,441.0,0.35,512.0,0.25,409.0,0.36,454.0
2026-01-07 07:01:06.565000+00:00,2026-01-07 07:01:04.004978+00:00,66.565,0.695,0.69,0.7,0.305,0.3,0.31,204.06,253.0,253.0,219.06,0.68,178.88,0.71,5.0,0.67,170.0,0.72,248.85,0.66,507.15,0.73,299.0,0.65,474.0,0.74,456.0,0.64,419.0,0.75,409.0,0.29,70.0,0.32,215.88,0.28,213.85,0.33,292.0,0.27,314.0,0.34,469.15,0.26,441.0,0.35,474.0,0.25,421.0,0.36,419.0
2026-01-07 07:01:07.600000+00:00,2026-01-07 07:01:05.027183+00:00,67.6,0.695,0.69,0.7,0.305,0.3,0.31,146.14,253.0,253.0,122.14,0.68,217.88,0.71,85.0,0.67,373.0,0.72,213.85,0.66,507.15,0.73,314.0,0.65,474.0,0.74,332.0,0.64,419.0,0.75,409.0,0.29,85.0,0.32,193.88,0.28,177.85,0.33,373.0,0.27,278.0,0.34,469.15,0.26,320.0,0.35,474.0,0.25,409.0,0.36,419.0
2026-01-07 07:01:08.612000+00:00,2026-01-07 07:01:06.036662+00:00,68.612,0.695,0.69,0.7,0.305,0.3,0.31,213.14,199.01,199.01,213.14,0.68,324.88,0.71,17.0,0.67,518.0,0.72,167.85,0.66,469.15,0.73,230.0,0.65,474.0,0.74,310.0,0.64,419.0,0.75,409.0,0.29,17.0,0.32,385.88,0.28,167.85,0.33,518.0,0.27,47.0,0.34,469.15,0.26,310.0,0.35,474.0,0.25,409.0,0.36,419.0
2026-01-07 07:01:09.557000+00:00,2026-01-07 07:01:07.058333+00:00,69.557,0.695,0.69,0.7,0.305,0.3,0.31,148.91,199.01,199.01,133.91,0.68,422.88,0.71,17.0,0.67,518.0,0.72,167.85,0.66,469.15,0.73,47.0,0.65,474.0,0.74,127.0,0.64,419.0,0.75,288.0,0.29,17.0,0.32,422.88,0.28,167.85,0.33,518.0,0.27,47.0,0.34,469.15,0.26,127.0,0.35,474.0,0.25,288.0,0.36,419.0
2026-01-07 07:01:10.600000+00:00,2026-01-07 07:01:08.061405+00:00,70.6,0.695,0.69,0.7,0.305,0.3,0.31,128.91,199.01,199.01,138.91,0.68,425.88,0.71,17.0,0.67,530.0,0.72,167.85,0.66,469.15,0.73,62.0,0.65,474.0,0.74,112.0,0.64,419.0,0.75,288.0,0.29,17.0,0.32,410.88,0.28,167.85,0.33,530.0,0.27,47.0,0.34,469.15,0.26,127.0,0.35,474.0,0.25,288.0,0.36,419.0
2026-01-07 07:01:11.614000+00:00,2026-01-07 07:01:09.069271+00:00,71.614,0.695,0.69,0.7,0.305,0.3,0.31,98.7,199.01,199.01,128.7,0.68,425.88,0.71,17.0,0.67,530.0,0.72,237.85,0.66,469.15,0.73,132.0,0.65,474.0,0.74,295.0,0.64,419.0,0.75,288.0,0.29,17.0,0.32,373.88,0.28,237.85,0.33,530.0,0.27,117.0,0.34,469.15,0.26,310.0,0.35,474.0,0.25,288.0,0.36,419.0
2026-01-07 07:01:12.619000+00:00,2026-01-07 07:01:10.080933+00:00,72.619,0.695,0.69,0.7,0.305,0.3,0.31,98.7,199.01,199.01,103.7,0.68,388.88,0.71,17.0,0.67,567.0,0.72,237.85,0.66,469.15,0.73,132.0,0.65,474.0,0.74,295.0,0.64,643.0,0.75,288.0,0.29,82.0,0.32,388.88,0.28,202.85,0.33,530.0,0.27,132.0,0.34,469.15,0.26,295.0,0.35,474.0,0.25,288.0,0.36,643.0
2026-01-07 07:01:13.603000+00:00,2026-01-07 07:01:11.086653+00:00,73.603,0.695,0.69,0.7,0.305,0.3,0.31,133.7,199.01,199.01,133.7,0.68,373.88,0.71,17.0,0.67,567.0,0.72,237.85,0.66,469.15,0.73,117.0,0.65,474.0,0.74,310.0,0.64,643.0,0.75,288.0,0.29,17.0,0.32,373.88,0.28,237.85,0.33,530.0,0.27,117.0,0.34,469.15,0.26,310.0,0.35,474.0,0.25,288.0,0.36,643.0
2026-01-07 07:01:14.674000+00:00,2026-01-07 07:01:12.089721+00:00,74.674,0.695,0.69,0.7,0.305,0.3,0.31,103.7,193.08,184.08,103.7,0.68,388.88,0.71,17.0,0.67,530.0,0.72,237.85,0.66,507.15,0.73,132.0,0.65,474.0,0.74,295.0,0.64,643.0,0.75,288.0,0.29,17.0,0.32,388.88,0.28,237.85,0.33,530.0,0.27,132.0,0.34,507.15,0.26,295.0,0.35,474.0,0.25,288.0,0.36,643.0
2026-01-07 07:01:15.673000+00:00,2026-01-07 07:01:13.095238+00:00,75.673,0.695,0.69,0.7,0.305,0.3,0.31,65.0,228.22,189.22,130.0,0.68,313.88,0.71,133.0,0.67,525.14,0.72,169.85,0.66,481.15,0.73,177.0,0.65,512.0,0.74,283.0,0.64,643.0,0.75,288.0,0.29,94.0,0.32,340.88,0.28,166.85,0.33,530.0,0.27,165.0,0.34,469.15,0.26,283.0,0.35,474.0,0.25,288.0,0.36,643.0
2026-01-07 07:01:16.650000+00:00,2026-01-07 07:01:14.102247+00:00,76.65,0.695,0.69,0.7,0.305,0.3,0.31,130.0,189.22,189.22,130.0,0.68,376.88,0.71,104.0,0.67,542.0,0.72,178.85,0.66,469.15,0.73,177.0,0.65,512.0,0.74,295.0,0.64,643.0,0.75,288.0,0.29,104.0,0.32,376.88,0.28,190.85,0.33,542.0,0.27,177.0,0.34,469.15,0.26,295.0,0.35,512.0,0.25,288.0,0.36,643.0
2026-01-07 07:01:17.670000+00:00,2026-01-07 07:01:15.109743+00:00,77.67,0.695,0.69,0.7,0.305,0.3,0.31,130.0,204.22,189.22,130.0,0.68,425.88,0.71,82.0,0.67,530.0,0.72,202.85,0.66,469.15,0.73,177.0,0.65,474.0,0.74,295.0,0.64,643.0,0.75,288.0,0.29,82.0,0.32,425.88,0.28,202.85,0.33,530.0,0.27,177.0,0.34,469.15,0.26,295.0,0.35,474.0,0.25,288.0,0.36,643.0
2026-01-07 07:01:18.689000+00:00,2026-01-07 07:01:16.118199+00:00,78.689,0.695,0.69,0.7,0.305,0.3,0.31,161.0,189.22,189.22,161.0,0.68,388.88,0.71,82.0,0.67,515.0,0.72,202.85,0.66,469.15,0.73,177.0,0.65,474.0,0.74,295.0,0.64,643.0,0.75,288.0,0.29,82.0,0.32,388.88,0.28,202.85,0.33,515.0,0.27,177.0,0.34,469.15,0.26,295.0,0.35,474.0,0.25,288.0,0.36,643.0
2026-01-07 07:01:19.413000+00:00,2026-01-07 07:01:17.125013+00:00,79.413,0.695,0.69,0.7,0.305,0.3,0.31,166.0,46.36,9.0,256.0,0.68,388.88,0.71,82.0,0.67,510.0,0.72,202.85,0.66,469.15,0.73,177.0,0.65,474.0,0.74,295.0,0.64,643.0,0.75,288.0,0.29,5.0,0.32,313.88,0.28,27.85,0.33,474.0,0.27,162.0,0.34,469.15,0.26,308.0,0.35,474.0,0.25,278.0,0.36,434.0
2026-01-07 07:01:20.658000+00:00,2026-01-07 07:01:18.145694+00:00,80.658,0.705,0.7,0.71,0.295,0.29,0.3,154.0,14.0,9.0,154.0,0.69,164.0,0.72,32.85,0.68,350.88,0.73,222.0,0.67,474.0,0.74,335.0,0.66,469.15,0.75,275.0,0.65,439.0,0.76,449.0,0.28,32.85,0.31,164.0,0.27,222.0,0.32,350.88,0.26,335.0,0.33,474.0,0.25,275.0,0.34,469.15,0.24,449.0,0.35,439.0
2026-01-07 07:01:21.682000+00:00,2026-01-07 07:01:19.147551+00:00,81.682,0.705,0.7,0.71,0.295,0.29,0.3,166.0,9.0,9.0,196.0,0.69,164.0,0.72,37.85,0.68,350.88,0.73,222.0,0.67,474.0,0.74,335.0,0.66,469.15,0.75,275.0,0.65,439.0,0.76,449.0,0.28,37.85,0.31,164.0,0.27,222.0,0.32,350.88,0.26,335.0,0.33,474.0,0.25,275.0,0.34,469.15,0.24,449.0,0.35,439.0
2026-01-07 07:01:22.644000+00:00,2026-01-07 07:01:20.156003+00:00,82.644,0.715,0.71,0.72,0.28500000000000003,0.28,0.29,98.34,37.85,32.85,136.34,0.7,102.33,0.73,222.0,0.69,189.0,0.74,335.0,0.68,350.88,0.75,275.0,0.67,474.0,0.76,449.0,0.66,434.15,0.77,409.0,0.27,116.0,0.3,123.33,0.26,344.0,0.31,150.0,0.25,302.0,0.32,338.88,0.24,449.0,0.33,474.0,0.23,409.0,0.34,434.15
2026-01-07 07:01:23.732000+00:00,2026-01-07 07:01:21.161654+00:00,83.732,0.715,0.71,0.72,0.28500000000000003,0.28,0.29,203.34,36.85,36.85,203.34,0.7,129.33,0.73,97.0,0.69,367.0,0.74,190.0,0.68,459.88,0.75,290.0,0.67,698.0,0.76,461.0,0.66,434.15,0.77,409.0,0.27,90.0,0.3,129.33,0.26,197.0,0.31,355.0,0.25,290.0,0.32,459.88,0.24,461.0,0.33,698.0,0.23,409.0,0.34,434.15
2026-01-07 07:01:24.738000+00:00,2026-01-07 07:01:22.169559+00:00,84.738,0.715,0.71,0.72,0.28500000000000003,0.28,0.29,197.34,1.85,1.85,209.34,0.7,1205.33,0.73,314.0,0.69,464.0,0.74,126.0,0.68,459.88,0.75,280.0,0.67,663.0,0.76,414.0,0.66,434.15,0.77,421.0,0.27,314.0,0.3,1229.33,0.26,138.0,0.31,464.0,0.25,109.0,0.32,459.88,0.24,305.0,0.33,663.0,0.23,300.0,0.34,434.15
2026-01-07 07:01:25.757000+00:00,2026-01-07 07:01:23.177791+00:00,85.757,0.725,0.72,0.73,0.275,0.27,0.28,51.79,318.0,318.0,51.79,0.71,189.34,0.74,143.0,0.7,1360.33,0.75,109.0,0.69,444.0,0.76,305.0,0.68,459.88,0.77,300.0,0.67,663.0,0.78,504.0,0.26,143.0,0.29,189.34,0.25,109.0,0.3,1360.33,0.24,305.0,0.31,444.0,0.23,300.0,0.32,459.88,0.22,504.0,0.33,663.0
2026-01-07 07:01:26.684000+00:00,2026-01-07 07:01:24.184345+00:00,86.684,0.725,0.72,0.73,0.275,0.27,0.28,45.64,318.0,318.0,45.64,0.71,236.34,0.74,166.0,0.7,1358.33,0.75,131.0,0.69,444.0,0.76,340.0,0.68,459.88,0.77,300.0,0.67,698.0,0.78,504.0,0.26,166.0,0.29,236.34,0.25,131.0,0.3,1358.33,0.24,340.0,0.31,444.0,0.23,300.0,0.32,459.88,0.22,504.0,0.33,698.0
2026-01-07 07:01:27.563000+00:00,2026-01-07 07:01:25.190378+00:00,87.563,0.725,0.72,0.73,0.275,0.27,0.28,30.64,303.0,303.0,60.64,0.71,236.34,0.74,181.0,0.7,1358.33,0.75,131.0,0.69,444.0,0.76,340.0,0.68,459.88,0.77,300.0,0.67,698.0,0.78,504.0,0.26,181.0,0.29,236.34,0.25,131.0,0.3,1358.33,0.24,340.0,0.31,444.0,0.23,300.0,0.32,459.88,0.22,504.0,0.33,698.0
2026-01-07 07:01:28.766000+00:00,2026-01-07 07:01:26.196571+00:00,88.766,0.725,0.72,0.73,0.275,0.27,0.28,229.0,9.0,9.0,224.0,0.71,343.0,0.74,25.0,0.7,1441.33,0.75,85.0,0.69,444.0,0.76,75.0,0.68,683.88,0.77,326.0,0.67,439.0,0.78,419.0,0.26,25.0,0.29,343.0,0.25,85.0,0.3,1441.33,0.24,75.0,0.31,444.0,0.23,326.0,0.32,683.88,0.22,419.0,0.33,439.0
2026-01-07 07:01:29.771000+00:00,2026-01-07 07:01:27.204648+00:00,89.771,0.725,0.72,0.73,0.275,0.27,0.28,345.0,9.0,9.0,299.0,0.71,308.0,0.74,25.0,0.7,1441.33,0.75,15.0,0.69,444.0,0.76,140.0,0.68,683.88,0.77,290.0,0.67,439.0,0.78,443.0,0.26,25.0,0.29,343.0,0.25,45.0,0.3,1441.33,0.24,140.0,0.31,444.0,0.23,290.0,0.32,683.88,0.22,443.0,0.33,439.0
2026-01-07 07:01:30.791000+00:00,2026-01-07 07:01:28.226620+00:00,90.791,0.735,0.73,0.74,0.265,0.26,0.27,92.0,24.0,24.0,196.0,0.72,294.85,0.75,12.0,0.71,369.0,0.76,179.0,0.7,1466.33,0.77,119.0,0.69,444.0,0.78,395.0,0.68,648.88,0.79,503.5,0.25,12.0,0.28,308.85,0.24,191.0,0.29,380.0,0.23,119.0,0.3,1466.33,0.22,395.0,0.31,444.0,0.21,503.5,0.32,648.88
2026-01-07 07:01:31.806000+00:00,2026-01-07 07:01:29.236528+00:00,91.806,0.735,0.73,0.74,0.265,0.26,0.27,461.0,28.0,28.0,476.0,0.72,257.85,0.75,229.0,0.71,454.0,0.76,45.0,0.7,1466.33,0.77,221.0,0.69,668.0,0.78,181.0,0.68,424.88,0.79,319.5,0.25,229.0,0.28,257.85,0.24,45.0,0.29,454.0,0.23,221.0,0.3,1466.33,0.22,181.0,0.31,668.0,0.21,319.5,0.32,424.88
2026-01-07 07:01:32.658000+00:00,2026-01-07 07:01:30.245527+00:00,92.658,0.745,0.74,0.75,0.255,0.25,0.26,144.37,232.33,232.33,159.37,0.73,318.0,0.76,84.0,0.72,306.85,0.77,248.0,0.71,454.0,0.78,157.0,0.7,1466.33,0.79,307.5,0.69,633.0,0.8,554.0,0.24,69.0,0.27,318.0,0.23,236.0,0.28,306.85,0.22,157.0,0.29,454.0,0.21,307.5,0.3,1466.33,0.2,554.0,0.31,633.0
2026-01-07 07:01:33.769000+00:00,2026-01-07 07:01:31.254633+00:00,93.769,0.745,0.74,0.75,0.255,0.25,0.26,110.37,230.19,230.19,110.37,0.73,294.0,0.76,84.0,0.72,400.85,0.77,248.0,0.71,489.0,0.78,169.0,0.7,1466.33,0.79,295.5,0.69,633.0,0.8,554.0,0.24,84.0,0.27,294.0,0.23,248.0,0.28,400.85,0.22,169.0,0.29,489.0,0.21,295.5,0.3,1466.33,0.2,554.0,0.31,633.0
2026-01-07 07:01:34.266000+00:00,2026-01-07 07:01:32.274705+00:00,94.266,0.745,0.74,0.75,0.255,0.25,0.26,110.37,230.19,230.19,110.37,0.73,294.0,0.76,84.0,0.72,400.85,0.77,248.0,0.71,489.0,0.78,169.0,0.7,1466.33,0.79,295.5,0.69,633.0,0.8,554.0,0.24,84.0,0.27,294.0,0.23,248.0,0.28,400.85,0.22,169.0,0.29,489.0,0.21,295.5,0.3,1466.33,0.2,554.0,0.31,633.0
2026-01-07 07:01:35.807000+00:00,2026-01-07 07:01:33.282467+00:00,95.807,0.745,0.74,0.75,0.255,0.25,0.26,110.37,230.19,230.19,110.37,0.73,328.0,0.76,84.0,0.72,400.85,0.77,248.0,0.71,454.0,0.78,169.0,0.7,1466.33,0.79,295.5,0.69,633.0,0.8,559.0,0.24,84.0,0.27,328.0,0.23,248.0,0.28,400.85,0.22,169.0,0.29,454.0,0.21,295.5,0.3,1466.33,0.2,559.0,0.31,633.0
2026-01-07 07:01:36.686000+00:00,2026-01-07 07:01:34.289441+00:00,96.686,0.745,0.74,0.75,0.255,0.25,0.26,125.37,230.19,230.19,125.37,0.73,328.0,0.76,84.0,0.72,400.85,0.77,248.0,0.71,454.0,0.78,169.0,0.7,1466.33,0.79,295.5,0.69,633.0,0.8,559.0,0.24,84.0,0.27,328.0,0.23,248.0,0.28,400.85,0.22,169.0,0.29,454.0,0.21,295.5,0.3,1466.33,0.2,559.0,0.31,633.0
2026-01-07 07:01:37.782000+00:00,2026-01-07 07:01:35.292825+00:00,97.782,0.745,0.74,0.75,0.255,0.25,0.26,110.37,230.19,230.19,110.37,0.73,328.0,0.76,84.0,0.72,400.85,0.77,248.0,0.71,454.0,0.78,169.0,0.7,1466.33,0.79,295.5,0.69,633.0,0.8,559.0,0.24,84.0,0.27,328.0,0.23,248.0,0.28,400.85,0.22,169.0,0.29,454.0,0.21,295.5,0.3,1466.33,0.2,559.0,0.31,633.0
2026-01-07 07:01:38.889000+00:00,2026-01-07 07:01:36.298837+00:00,98.889,0.745,0.74,0.75,0.255,0.25,0.26,145.37,230.19,225.19,145.37,0.73,328.0,0.76,64.0,0.72,400.85,0.77,248.0,0.71,454.0,0.78,169.0,0.7,1466.33,0.79,295.5,0.69,633.0,0.8,559.0,0.24,64.0,0.27,398.0,0.23,248.0,0.28,400.85,0.22,169.0,0.29,454.0,0.21,295.5,0.3,1466.33,0.2,559.0,0.31,409.0
2026-01-07 07:01:39.801000+00:00,2026-01-07 07:01:37.322969+00:00,99.801,0.745,0.74,0.75,0.255,0.25,0.26,125.37,230.19,230.19,125.37,0.73,398.0,0.76,69.0,0.72,400.85,0.77,248.0,0.71,454.0,0.78,169.0,0.7,1466.33,0.79,295.5,0.69,409.0,0.8,559.0,0.24,69.0,0.27,398.0,0.23,248.0,0.28,400.85,0.22,169.0,0.29,454.0,0.21,295.5,0.3,1466.33,0.2,559.0,0.31,409.0
2026-01-07 07:01:40.919000+00:00,2026-01-07 07:01:38.342407+00:00,100.919,0.745,0.74,0.75,0.255,0.25,0.26,308.37,9.0,9.0,308.37,0.73,562.0,0.76,69.0,0.72,473.85,0.77,148.0,0.71,454.0,0.78,182.0,0.7,1690.33,0.79,99.5,0.69,409.0,0.8,438.0,0.24,69.0,0.27,567.0,0.23,148.0,0.28,473.85,0.22,182.0,0.29,454.0,0.21,99.5,0.3,1690.33,0.2,438.0,0.31,409.0
2026-01-07 07:01:41.239000+00:00,2026-01-07 07:01:39.351283+00:00,101.239,0.745,0.74,0.75,0.255,0.25,0.26,293.37,14.0,14.0,293.37,0.73,572.0,0.76,69.0,0.72,473.85,0.77,143.0,0.71,454.0,0.78,182.0,0.7,1690.33,0.79,99.5,0.69,409.0,0.8,438.0,0.24,69.0,0.27,572.0,0.23,143.0,0.28,473.85,0.22,182.0,0.29,454.0,0.21,99.5,0.3,1690.33,0.2,438.0,0.31,409.0
2026-01-07 07:01:42.791000+00:00,2026-01-07 07:01:40.359101+00:00,102.791,0.745,0.74,0.75,0.245,0.24,0.25,310.37,14.0,57.0,71.0,0.73,533.0,0.76,57.0,0.72,496.85,0.77,131.0,0.71,454.0,0.78,194.0,0.7,1690.33,0.79,111.5,0.69,409.0,0.8,438.0,0.23,131.0,0.26,240.0,0.22,194.0,0.27,511.0,0.21,99.5,0.28,496.85,0.2,438.0,0.29,454.0,0.19,484.0,0.3,1655.33
2026-01-07 07:01:43.550000+00:00,2026-01-07 07:01:41.374668+00:00,103.55,0.755,0.75,0.76,0.245,0.24,0.25,146.0,54.0,54.0,146.0,0.74,310.0,0.77,107.0,0.73,498.0,0.78,230.0,0.72,489.0,0.79,99.5,0.71,454.0,0.8,450.0,0.7,1655.33,0.81,484.0,0.23,107.0,0.26,310.0,0.22,230.0,0.27,498.0,0.21,114.5,0.28,454.0,0.2,450.0,0.29,454.0,0.19,484.0,0.3,1655.33
2026-01-07 07:01:44.949000+00:00,2026-01-07 07:01:42.382233+00:00,104.949,0.755,0.75,0.76,0.245,0.24,0.25,173.0,54.0,54.0,157.85,0.74,337.0,0.77,319.0,0.73,459.0,0.78,215.0,0.72,489.0,0.79,126.5,0.71,454.0,0.8,450.0,0.7,1411.33,0.81,484.0,0.23,319.0,0.26,337.0,0.22,215.0,0.27,459.0,0.21,126.5,0.28,489.0,0.2,450.0,0.29,454.0,0.19,484.0,0.3,1411.33
2026-01-07 07:01:45.970000+00:00,2026-01-07 07:01:43.392402+00:00,105.97,0.755,0.75,0.76,0.245,0.24,0.25,157.85,49.0,49.0,145.85,0.74,337.0,0.77,324.0,0.73,493.0,0.78,215.0,0.72,454.0,0.79,111.5,0.71,454.0,0.8,450.0,0.7,1411.33,0.81,484.0,0.23,348.0,0.26,298.0,0.22,218.0,0.27,498.0,0.21,99.5,0.28,489.0,0.2,450.0,0.29,454.0,0.19,484.0,0.3,1411.33
2026-01-07 07:01:46.766000+00:00,2026-01-07 07:01:44.400873+00:00,106.766,0.755,0.75,0.76,0.245,0.24,0.25,60.0,210.0,217.0,60.0,0.74,10.0,0.77,328.0,0.73,190.0,0.78,338.0,0.72,481.0,0.79,270.5,0.71,538.0,0.8,590.0,0.7,1411.33,0.81,484.0,0.23,328.0,0.26,10.0,0.22,338.0,0.27,190.0,0.21,270.5,0.28,481.0,0.2,590.0,0.29,538.0,0.19,484.0,0.3,1411.33
2026-01-07 07:01:47.920000+00:00,2026-01-07 07:01:45.408419+00:00,107.92,0.755,0.75,0.76,0.245,0.24,0.25,60.0,167.85,167.85,60.0,0.74,10.0,0.77,328.0,0.73,250.0,0.78,338.0,0.72,505.0,0.79,302.5,0.71,454.0,0.8,559.0,0.7,1411.33,0.81,484.0,0.23,364.0,0.26,10.0,0.22,350.0,0.27,250.0,0.21,314.5,0.28,505.0,0.2,559.0,0.29,454.0,0.19,484.0,0.3,1411.33
2026-01-07 07:01:48.915000+00:00,2026-01-07 07:01:46.399108+00:00,108.915,0.755,0.75,0.76,0.245,0.24,0.25,60.0,172.85,167.85,55.0,0.74,22.0,0.77,364.0,0.73,250.0,0.78,350.0,0.72,493.0,0.79,314.5,0.71,678.0,0.8,559.0,0.7,1411.33,0.81,484.0,0.23,364.0,0.26,27.0,0.22,350.0,0.27,250.0,0.21,314.5,0.28,493.0,0.2,559.0,0.29,678.0,0.19,484.0,0.3,1411.33
2026-01-07 07:01:49.816000+00:00,2026-01-07 07:01:47.404437+00:00,109.816,0.755,0.75,0.76,0.245,0.24,0.25,66.0,130.85,115.85,66.0,0.74,130.37,0.77,340.0,0.73,191.0,0.78,374.0,0.72,469.0,0.79,282.5,0.71,678.0,0.8,602.0,0.7,1411.33,0.81,484.0,0.23,340.0,0.26,130.37,0.22,374.0,0.27,191.0,0.21,282.5,0.28,469.0,0.2,571.0,0.29,678.0,0.19,484.0,0.3,1411.33
2026-01-07 07:01:50.913000+00:00,2026-01-07 07:01:48.413238+00:00,110.913,0.755,0.75,0.76,0.245,0.24,0.25,78.0,115.85,115.85,78.0,0.74,145.37,0.77,316.0,0.73,179.0,0.78,398.0,0.72,469.0,0.79,282.5,0.71,713.0,0.8,571.0,0.7,1411.33,0.81,484.0,0.23,316.0,0.26,145.37,0.22,398.0,0.27,179.0,0.21,282.5,0.28,469.0,0.2,571.0,0.29,678.0,0.19,484.0,0.3,1411.33
2026-01-07 07:01:51.981000+00:00,2026-01-07 07:01:49.418010+00:00,111.981,0.755,0.75,0.76,0.245,0.24,0.25,60.0,115.85,115.85,66.0,0.74,157.37,0.77,320.0,0.73,194.0,0.78,389.0,0.72,454.0,0.79,282.5,0.71,678.0,0.8,571.0,0.7,1447.33,0.81,515.0,0.23,320.0,0.26,157.37,0.22,389.0,0.27,194.0,0.21,282.5,0.28,454.0,0.2,571.0,0.29,678.0,0.19,515.0,0.3,1447.33
2026-01-07 07:01:52.882000+00:00,2026-01-07 07:01:50.423091+00:00,112.882,0.755,0.75,0.76,0.245,0.24,0.25,125.0,50.85,50.85,125.0,0.74,127.0,0.77,360.0,0.73,194.0,0.78,389.0,0.72,454.0,0.79,282.5,0.71,713.0,0.8,584.15,0.7,1411.33,0.81,484.0,0.23,360.0,0.26,127.0,0.22,389.0,0.27,194.0,0.21,282.5,0.28,454.0,0.2,584.15,0.29,713.0,0.19,484.0,0.3,1411.33
2026-01-07 07:01:53.821000+00:00,2026-01-07 07:01:51.430695+00:00,113.821,0.755,0.75,0.76,0.245,0.24,0.25,132.0,50.85,50.85,132.0,0.74,127.0,0.77,360.0,0.73,194.0,0.78,389.0,0.72,454.0,0.79,282.5,0.71,713.0,0.8,584.15,0.7,1411.33,0.81,484.0,0.23,360.0,0.26,127.0,0.22,389.0,0.27,194.0,0.21,282.5,0.28,454.0,0.2,584.15,0.29,713.0,0.19,484.0,0.3,1411.33
2026-01-07 07:01:55.975000+00:00,2026-01-07 07:01:53.461362+00:00,115.975,0.755,0.75,0.76,0.245,0.24,0.25,123.0,56.85,56.85,123.0,0.74,127.0,0.77,395.0,0.73,194.0,0.78,364.0,0.72,454.0,0.79,307.5,0.71,713.0,0.8,584.15,0.7,1411.33,0.81,484.0,0.23,395.0,0.26,127.0,0.22,364.0,0.27,194.0,0.21,307.5,0.28,454.0,0.2,584.15,0.29,713.0,0.19,484.0,0.3,1411.33
2026-01-07 07:01:56.873000+00:00,2026-01-07 07:01:54.467105+00:00,116.873,0.755,0.75,0.76,0.245,0.24,0.25,132.0,35.85,35.85,132.0,0.74,127.0,0.77,395.0,0.73,194.0,0.78,364.0,0.72,489.0,0.79,307.5,0.71,678.0,0.8,584.15,0.7,1411.33,0.81,484.0,0.23,395.0,0.26,127.0,0.22,364.0,0.27,194.0,0.21,307.5,0.28,489.0,0.2,584.15,0.29,678.0,0.19,484.0,0.3,1411.33
2026-01-07 07:01:58.055000+00:00,2026-01-07 07:01:55.475006+00:00,118.055,0.755,0.75,0.76,0.245,0.24,0.25,132.0,22.7,22.7,172.0,0.74,142.0,0.77,395.0,0.73,179.0,0.78,349.0,0.72,489.0,0.79,322.5,0.71,678.0,0.8,584.15,0.7,1411.33,0.81,484.0,0.23,395.0,0.26,142.0,0.22,349.0,0.27,335.0,0.21,322.5,0.28,454.0,0.2,584.15,0.29,678.0,0.19,484.0,0.3,1411.33
2026-01-07 07:01:59.979000+00:00,2026-01-07 07:01:57.493700+00:00,119.979,0.755,0.75,0.76,0.245,0.24,0.25,91.0,22.7,22.7,126.0,0.74,167.0,0.77,395.0,0.73,371.0,0.78,166.0,0.72,454.0,0.79,322.5,0.71,678.0,0.8,463.15,0.7,1446.33,0.81,484.0,0.23,365.0,0.26,274.0,0.22,181.0,0.27,371.0,0.21,307.5,0.28,454.0,0.2,478.15,0.29,678.0,0.19,484.0,0.3,1446.33
2026-01-07 07:02:01.953000+00:00,2026-01-07 07:01:59.523699+00:00,121.953,0.755,0.75,0.76,0.245,0.24,0.25,85.0,57.7,42.7,85.0,0.74,334.0,0.77,375.0,0.73,373.0,0.78,181.0,0.72,454.0,0.79,154.5,0.71,713.0,0.8,476.3,0.7,1446.33,0.81,484.0,0.23,375.0,0.26,334.0,0.22,181.0,0.27,373.0,0.21,154.5,0.28,454.0,0.2,476.3,0.29,713.0,0.19,484.0,0.3,1446.33
2026-01-07 07:02:03.151000+00:00,2026-01-07 07:02:00.528772+00:00,123.151,0.755,0.75,0.76,0.245,0.24,0.25,55.0,75.0,95.0,61.0,0.74,125.37,0.77,380.0,0.73,178.0,0.78,340.0,0.72,502.0,0.79,337.5,0.71,678.0,0.8,585.3,0.7,1477.33,0.81,515.0,0.23,360.0,0.26,125.37,0.22,340.0,0.27,212.0,0.21,337.5,0.28,502.0,0.2,585.3,0.29,678.0,0.19,484.0,0.3,1441.33
2026-01-07 07:02:04.001000+00:00,2026-01-07 07:02:01.533406+00:00,124.001,0.755,0.75,0.76,0.245,0.24,0.25,55.0,70.0,9.0,125.0,0.74,159.37,0.77,360.0,0.73,166.0,0.78,340.0,0.72,478.0,0.79,337.5,0.71,678.0,0.8,585.3,0.7,1441.33,0.81,484.0,0.23,20.0,0.26,57.0,0.22,227.0,0.27,144.0,0.21,202.5,0.28,454.0,0.2,480.3,0.29,454.0,0.19,426.0,0.3,1406.33
2026-01-07 07:02:05.135000+00:00,2026-01-07 07:02:02.537643+00:00,125.135,0.795,0.79,0.8,0.20500000000000002,0.2,0.21,57.02,464.3,476.3,66.0,0.78,82.0,0.81,286.0,0.77,326.66,0.82,385.0,0.76,500.99,0.83,439.0,0.75,471.0,0.84,409.0,0.74,384.0,0.85,461.0,0.19,347.0,0.22,76.0,0.18,373.0,0.23,164.51,0.17,439.0,0.24,286.99,0.16,409.0,0.25,487.0,0.15,461.0,0.26,396.0
2026-01-07 07:02:06.129000+00:00,2026-01-07 07:02:03.537635+00:00,126.129,0.785,0.78,0.79,0.215,0.21,0.22,57.0,89.32,87.8,57.0,0.77,134.51,0.8,423.8,0.76,226.99,0.81,372.0,0.75,286.0,0.82,373.0,0.74,401.0,0.83,439.0,0.73,389.0,0.84,374.0,0.2,423.8,0.23,134.51,0.19,372.0,0.24,226.99,0.18,385.0,0.25,286.0,0.17,439.0,0.26,401.0,0.16,374.0,0.27,389.0
2026-01-07 07:02:07.135000+00:00,2026-01-07 07:02:04.556243+00:00,127.135,0.785,0.78,0.79,0.215,0.21,0.22,15.0,480.28,533.28,15.0,0.77,6.51,0.8,351.8,0.75,35.0,0.81,454.0,0.74,383.0,0.82,494.0,0.73,438.6,0.83,439.0,0.72,656.0,0.84,374.0,0.2,351.8,0.23,6.51,0.19,454.0,0.25,83.0,0.18,494.0,0.26,95.0,0.17,439.0,0.27,418.6,0.16,374.0,0.28,661.0
2026-01-07 07:02:08.082000+00:00,2026-01-07 07:02:05.558026+00:00,128.082,0.755,0.75,0.76,0.245,0.24,0.25,63.0,98.64,72.41,143.0,0.74,138.84,0.77,124.0,0.73,86.61,0.78,305.92,0.72,632.0,0.79,472.0,0.71,393.0,0.8,367.8,0.7,1356.33,0.81,454.0,0.23,120.88,0.26,138.84,0.22,272.92,0.27,122.61,0.21,496.0,0.28,632.0,0.2,379.8,0.29,369.0,0.19,454.0,0.3,1356.33
2026-01-07 07:02:09.133000+00:00,2026-01-07 07:02:06.561540+00:00,129.133,0.755,0.75,0.76,0.245,0.24,0.25,125.0,69.83,54.83,125.0,0.74,314.84,0.77,113.88,0.73,168.61,0.78,284.92,0.72,678.0,0.79,496.0,0.71,439.0,0.8,398.8,0.7,1426.33,0.81,454.0,0.23,113.88,0.26,314.84,0.22,284.92,0.27,168.61,0.21,496.0,0.28,678.0,0.2,398.8,0.29,439.0,0.19,454.0,0.3,1426.33
2026-01-07 07:02:10.113000+00:00,2026-01-07 07:02:07.553204+00:00,130.113,0.795,0.79,0.8,0.20500000000000002,0.2,0.21,180.99,99.8,99.8,170.99,0.78,55.0,0.81,60.52,0.77,323.0,0.82,344.0,0.76,393.0,0.83,40.0,0.75,754.51,0.84,245.0,0.74,431.0,0.85,334.0,0.19,60.52,0.22,55.0,0.18,344.0,0.23,323.0,0.17,40.0,0.24,323.0,0.16,245.0,0.25,804.51,0.15,334.0,0.26,431.0
2026-01-07 07:02:11.053000+00:00,2026-01-07 07:02:08.525244+00:00,131.053,0.795,0.79,0.8,0.20500000000000002,0.2,0.21,265.83,113.8,81.0,233.83,0.78,60.0,0.81,65.52,0.77,384.0,0.82,344.0,0.76,384.0,0.83,40.0,0.75,783.0,0.84,257.0,0.74,431.0,0.85,322.0,0.19,65.52,0.22,60.0,0.18,344.0,0.23,384.0,0.17,40.0,0.24,384.0,0.16,269.0,0.25,783.0,0.15,346.0,0.26,431.0
2026-01-07 07:02:12.125000+00:00,2026-01-07 07:02:09.539139+00:00,132.125,0.795,0.79,0.8,0.20500000000000002,0.2,0.21,240.02,81.0,81.0,272.49,0.78,84.0,0.81,65.52,0.77,384.0,0.82,344.0,0.76,384.0,0.83,76.0,0.75,783.0,0.84,269.0,0.74,431.0,0.85,322.0,0.19,18.88,0.22,84.0,0.18,364.0,0.23,384.0,0.17,76.0,0.24,384.0,0.16,269.0,0.25,783.0,0.15,322.0,0.26,431.0
2026-01-07 07:02:13.092000+00:00,2026-01-07 07:02:10.540638+00:00,133.092,0.805,0.8,0.81,0.185,0.18,0.19,157.76,18.88,404.0,30.0,0.79,174.99,0.82,404.0,0.78,99.0,0.83,134.0,0.77,384.0,0.84,315.0,0.76,384.0,0.85,358.99,0.75,783.0,0.86,508.0,0.17,134.0,0.2,181.76,0.16,315.0,0.21,174.99,0.15,358.99,0.22,99.0,0.14,508.0,0.23,384.0,0.13,577.0,0.24,384.0
2026-01-07 07:02:14.124000+00:00,2026-01-07 07:02:11.548412+00:00,134.124,0.815,0.81,0.82,0.185,0.18,0.19,116.84,296.53,346.53,55.0,0.8,186.21,0.83,122.0,0.79,254.99,0.84,315.0,0.78,137.0,0.85,370.99,0.77,454.0,0.86,496.0,0.76,454.0,0.87,577.0,0.17,149.0,0.2,207.72,0.16,315.0,0.21,254.99,0.15,370.99,0.22,259.0,0.14,496.0,0.23,454.0,0.13,577.0,0.24,454.0
2026-01-07 07:02:15.120000+00:00,2026-01-07 07:02:12.558454+00:00,135.12,0.815,0.81,0.82,0.185,0.18,0.19,96.57,301.53,301.53,111.57,0.8,152.21,0.83,165.64,0.79,242.99,0.84,315.0,0.78,320.0,0.85,370.99,0.77,454.0,0.86,496.0,0.76,454.0,0.87,577.0,0.17,165.64,0.2,152.21,0.16,315.0,0.21,274.99,0.15,370.99,0.22,320.0,0.14,496.0,0.23,454.0,0.13,577.0,0.24,454.0
2026-01-07 07:02:16.133000+00:00,2026-01-07 07:02:13.565833+00:00,136.133,0.815,0.81,0.82,0.185,0.18,0.19,116.57,300.06,258.81,236.57,0.8,110.96,0.83,153.64,0.79,266.99,0.84,327.0,0.78,308.0,0.85,370.99,0.77,454.0,0.86,496.0,0.76,454.0,0.87,577.0,0.17,83.64,0.2,105.96,0.16,327.0,0.21,186.99,0.15,370.99,0.22,308.0,0.14,496.0,0.23,454.0,0.13,577.0,0.24,678.0
2026-01-07 07:02:17.140000+00:00,2026-01-07 07:02:14.567308+00:00,137.14,0.815,0.81,0.82,0.185,0.18,0.19,219.73,244.6,244.6,214.46,0.8,195.96,0.83,83.64,0.79,232.99,0.84,327.0,0.78,308.0,0.85,382.99,0.77,454.0,0.86,484.0,0.76,678.0,0.87,577.0,0.17,83.64,0.2,207.96,0.16,327.0,0.21,220.99,0.15,382.99,0.22,308.0,0.14,484.0,0.23,454.0,0.13,577.0,0.24,678.0
2026-01-07 07:02:18.004000+00:00,2026-01-07 07:02:15.571069+00:00,138.004,0.815,0.81,0.82,0.185,0.18,0.19,209.19,209.6,161.66,209.19,0.8,254.96,0.83,108.64,0.79,207.99,0.84,317.0,0.78,333.0,0.85,382.99,0.77,454.0,0.86,484.0,0.76,678.0,0.87,612.0,0.17,108.64,0.2,254.96,0.16,317.0,0.21,207.99,0.15,382.99,0.22,333.0,0.14,484.0,0.23,454.0,0.13,612.0,0.24,678.0
2026-01-07 07:02:19.166000+00:00,2026-01-07 07:02:16.575647+00:00,139.166,0.815,0.81,0.82,0.185,0.18,0.19,227.19,14.0,14.0,209.19,0.8,254.96,0.83,113.64,0.79,207.99,0.84,247.0,0.78,454.0,0.85,367.99,0.77,454.0,0.86,484.0,0.76,454.0,0.87,612.0,0.17,98.64,0.2,254.96,0.16,247.0,0.21,207.99,0.15,353.0,0.22,454.0,0.14,514.0,0.23,454.0,0.13,612.0,0.24,454.0
2026-01-07 07:02:20.153000+00:00,2026-01-07 07:02:17.581589+00:00,140.153,0.815,0.81,0.82,0.185,0.18,0.19,221.19,9.0,9.0,221.19,0.8,254.96,0.83,86.64,0.79,195.99,0.84,259.0,0.78,454.0,0.85,305.0,0.77,454.0,0.86,441.0,0.76,454.0,0.87,612.0,0.17,91.64,0.2,254.96,0.16,259.0,0.21,195.99,0.15,305.0,0.22,454.0,0.14,441.0,0.23,454.0,0.13,612.0,0.24,454.0
2026-01-07 07:02:21.144000+00:00,2026-01-07 07:02:18.603668+00:00,141.144,0.825,0.82,0.83,0.175,0.17,0.18,50.0,104.29,119.29,50.0,0.81,249.19,0.84,305.0,0.8,230.96,0.85,317.0,0.79,171.99,0.86,441.0,0.78,454.0,0.87,624.0,0.77,454.0,0.88,473.84,0.16,305.0,0.19,249.19,0.15,317.0,0.2,230.96,0.14,441.0,0.21,171.99,0.13,624.0,0.22,454.0,0.12,473.84,0.23,454.0
2026-01-07 07:02:22.174000+00:00,2026-01-07 07:02:19.625926+00:00,142.174,0.825,0.82,0.83,0.175,0.17,0.18,14.44,123.29,123.29,14.44,0.81,249.19,0.84,305.0,0.8,230.96,0.85,346.99,0.79,139.99,0.86,411.0,0.78,486.0,0.87,624.0,0.77,454.0,0.88,473.84,0.16,305.0,0.19,249.19,0.15,346.99,0.2,230.96,0.14,411.0,0.21,139.99,0.13,624.0,0.22,486.0,0.12,473.84,0.23,454.0
2026-01-07 07:02:23.203000+00:00,2026-01-07 07:02:20.646035+00:00,143.203,0.815,0.81,0.82,0.185,0.18,0.19,55.0,70.0,70.0,55.0,0.8,253.96,0.83,130.65,0.79,175.99,0.84,305.0,0.78,522.0,0.85,382.99,0.77,678.0,0.86,484.0,0.76,454.0,0.87,612.0,0.17,130.65,0.2,333.96,0.16,305.0,0.21,175.99,0.15,382.99,0.22,522.0,0.14,484.0,0.23,678.0,0.13,612.0,0.24,454.0
2026-01-07 07:02:24.149000+00:00,2026-01-07 07:02:21.654761+00:00,144.149,0.815,0.81,0.82,0.185,0.18,0.19,40.0,57.96,42.96,55.0,0.8,348.96,0.83,130.65,0.79,207.99,0.84,305.0,0.78,490.0,0.85,382.99,0.77,678.0,0.86,484.0,0.76,454.0,0.87,612.0,0.17,106.65,0.2,384.96,0.16,317.0,0.21,195.99,0.15,346.99,0.22,454.0,0.14,520.0,0.23,678.0,0.13,612.0,0.24,454.0
2026-01-07 07:02:25.232000+00:00,2026-01-07 07:02:22.662338+00:00,145.232,0.805,0.8,0.81,0.195,0.19,0.2,405.96,150.0,150.0,417.96,0.79,171.99,0.82,35.0,0.78,454.0,0.83,103.29,0.77,678.0,0.84,305.0,0.76,454.0,0.85,346.99,0.75,429.0,0.86,544.0,0.18,20.0,0.21,171.99,0.17,88.29,0.22,454.0,0.16,220.0,0.23,678.0,0.15,276.99,0.24,454.0,0.14,489.0,0.25,429.0
2026-01-07 07:02:26.263000+00:00,2026-01-07 07:02:23.682935+00:00,146.263,0.825,0.82,0.83,0.175,0.17,0.18,170.0,26.65,26.65,170.0,0.81,338.62,0.84,5.0,0.8,787.96,0.85,303.0,0.79,468.99,0.86,260.0,0.78,454.0,0.87,496.0,0.77,419.0,0.88,418.8,0.15,303.0,0.19,399.62,0.14,260.0,0.2,787.96,0.13,496.0,0.21,468.99,0.12,418.8,0.22,454.0,0.11,505.8,0.23,419.0
2026-01-07 07:02:27.226000+00:00,2026-01-07 07:02:24.691629+00:00,147.226,0.825,0.82,0.83,0.175,0.17,0.18,174.0,26.65,26.65,174.0,0.81,387.62,0.85,278.0,0.8,767.96,0.86,260.0,0.79,468.99,0.87,466.0,0.78,454.0,0.88,400.79,0.77,419.0,0.89,553.8,0.15,278.0,0.19,387.62,0.14,260.0,0.2,767.96,0.13,345.0,0.21,468.99,0.12,400.79,0.22,454.0,0.11,553.8,0.23,419.0
2026-01-07 07:02:28.263000+00:00,2026-01-07 07:02:25.701111+00:00,148.263,0.825,0.82,0.83,0.175,0.17,0.18,160.0,26.65,25.44,160.0,0.81,430.62,0.85,300.0,0.8,767.96,0.86,272.0,0.79,468.99,0.87,375.04,0.78,454.0,0.88,406.8,0.77,419.0,0.89,505.8,0.15,300.0,0.19,430.62,0.14,272.0,0.2,767.96,0.13,345.04,0.21,468.99,0.12,436.79,0.22,454.0,0.11,505.8,0.23,419.0
2026-01-07 07:02:29.278000+00:00,2026-01-07 07:02:26.707542+00:00,149.278,0.845,0.84,0.85,0.155,0.15,0.16,15.0,292.43,297.43,15.0,0.83,65.0,0.86,342.0,0.82,190.0,0.87,445.04,0.81,340.62,0.88,476.8,0.8,779.96,0.89,505.8,0.79,468.99,0.9,729.06,0.14,342.0,0.17,105.0,0.13,445.04,0.18,190.0,0.12,476.8,0.19,375.62,0.11,505.8,0.2,779.96,0.1,729.06,0.21,468.99
2026-01-07 07:02:30.160000+00:00,2026-01-07 07:02:27.731678+00:00,150.16,0.845,0.84,0.85,0.165,0.16,0.17,20.0,276.0,114.98,22.0,0.83,52.0,0.86,583.0,0.82,222.0,0.87,403.04,0.81,433.62,0.88,488.8,0.8,747.96,0.89,505.8,0.79,468.99,0.9,723.03,0.15,221.0,0.18,222.0,0.14,583.0,0.19,433.62,0.13,403.04,0.2,747.96,0.12,488.8,0.21,468.99,0.11,505.8,0.22,419.0
2026-01-07 07:02:31.295000+00:00,2026-01-07 07:02:28.738765+00:00,151.295,0.815,0.81,0.82,0.185,0.18,0.19,285.62,139.77,149.77,320.62,0.8,493.96,0.83,78.0,0.79,431.99,0.84,220.24,0.78,534.0,0.85,154.01,0.77,454.0,0.86,331.0,0.76,404.0,0.87,514.04,0.17,78.0,0.2,503.96,0.16,255.24,0.21,476.99,0.15,164.01,0.22,384.0,0.14,366.0,0.23,454.0,0.13,549.04,0.24,404.0
2026-01-07 07:02:32.294000+00:00,2026-01-07 07:02:29.743736+00:00,152.294,0.815,0.81,0.82,0.185,0.18,0.19,35.0,109.77,109.77,35.0,0.8,199.96,0.83,83.0,0.79,283.99,0.84,325.61,0.78,384.0,0.85,234.01,0.77,384.0,0.86,366.0,0.76,484.0,0.87,549.04,0.17,83.0,0.2,230.96,0.16,325.61,0.21,251.99,0.15,234.01,0.22,384.0,0.14,366.0,0.23,384.0,0.13,549.04,0.24,484.0
2026-01-07 07:02:33.211000+00:00,2026-01-07 07:02:30.749632+00:00,153.211,0.815,0.81,0.82,0.185,0.18,0.19,35.0,96.08,5.0,103.69,0.8,211.96,0.83,83.0,0.79,283.99,0.84,325.61,0.78,384.0,0.85,234.01,0.77,384.0,0.86,372.6,0.76,484.0,0.87,556.14,0.17,138.0,0.2,207.96,0.16,325.61,0.21,251.99,0.15,234.01,0.22,384.0,0.14,372.6,0.23,384.0,0.13,556.14,0.24,484.0
2026-01-07 07:02:34.307000+00:00,2026-01-07 07:02:31.754739+00:00,154.307,0.825,0.82,0.83,0.175,0.17,0.18,81.0,108.79,108.79,81.0,0.81,227.69,0.84,244.37,0.8,106.96,0.85,294.3,0.79,337.99,0.86,324.6,0.78,384.0,0.87,592.1,0.77,384.0,0.88,436.4,0.16,244.37,0.19,227.69,0.15,294.3,0.2,106.96,0.14,324.6,0.21,337.99,0.13,592.1,0.22,384.0,0.12,436.4,0.23,384.0
2026-01-07 07:02:35.299000+00:00,2026-01-07 07:02:32.760823+00:00,155.299,0.825,0.82,0.83,0.175,0.17,0.18,277.0,38.79,38.79,196.0,0.81,166.85,0.84,62.36,0.8,189.96,0.85,237.3,0.79,692.99,0.86,335.79,0.78,454.0,0.87,423.1,0.77,419.0,0.88,484.4,0.16,62.36,0.19,190.85,0.15,249.3,0.2,201.96,0.14,323.79,0.21,692.99,0.13,459.1,0.22,454.0,0.12,436.4,0.23,419.0
2026-01-07 07:02:36.306000+00:00,2026-01-07 07:02:33.769497+00:00,156.306,0.835,0.83,0.84,0.165,0.16,0.17,5.0,57.0,57.0,5.0,0.82,272.0,0.85,198.01,0.81,134.85,0.86,265.79,0.8,201.96,0.87,471.1,0.79,692.99,0.88,436.4,0.78,454.0,0.89,513.99,0.15,198.01,0.18,272.0,0.14,265.79,0.19,134.85,0.13,471.1,0.2,201.96,0.12,436.4,0.21,692.99,0.11,513.99,0.22,454.0
2026-01-07 07:02:37.337000+00:00,2026-01-07 07:02:34.774678+00:00,157.337,0.83,0.82,0.84,0.16999999999999998,0.16,0.18,229.16,55.0,55.0,229.16,0.81,247.85,0.85,198.01,0.8,201.96,0.86,265.79,0.79,692.99,0.87,471.1,0.78,454.0,0.88,436.4,0.77,419.0,0.89,513.99,0.15,198.01,0.19,247.85,0.14,265.79,0.2,201.96,0.13,471.1,0.21,692.99,0.12,436.4,0.22,454.0,0.11,513.99,0.23,419.0
2026-01-07 07:02:38.256000+00:00,2026-01-07 07:02:35.765090+00:00,158.256,0.825,0.82,0.83,0.175,0.17,0.18,114.37,5.79,5.79,114.37,0.81,272.85,0.84,145.0,0.8,176.96,0.85,168.01,0.79,692.99,0.86,514.79,0.78,454.0,0.87,471.1,0.77,454.0,0.88,436.4,0.16,145.0,0.19,272.85,0.15,168.01,0.2,176.96,0.14,514.79,0.21,692.99,0.13,471.1,0.22,454.0,0.12,436.4,0.23,454.0
2026-01-07 07:02:39.271000+00:00,2026-01-07 07:02:36.771685+00:00,159.271,0.825,0.82,0.83,0.175,0.17,0.18,114.37,5.79,5.79,159.37,0.81,272.85,0.84,145.0,0.8,176.96,0.85,168.01,0.79,702.99,0.86,596.79,0.78,454.0,0.87,471.1,0.77,454.0,0.88,436.4,0.16,145.0,0.19,241.85,0.15,168.01,0.2,176.96,0.14,596.79,0.21,702.99,0.13,471.1,0.22,454.0,0.12,436.4,0.23,454.0
2026-01-07 07:02:40.364000+00:00,2026-01-07 07:02:37.794962+00:00,160.364,0.825,0.82,0.83,0.175,0.17,0.18,37.22,65.0,20.0,137.22,0.81,331.93,0.84,98.76,0.8,164.96,0.85,168.01,0.79,692.99,0.86,596.79,0.78,454.0,0.87,471.1,0.77,454.0,0.88,436.4,0.16,98.76,0.19,277.0,0.15,168.01,0.2,164.96,0.14,596.79,0.21,692.99,0.13,471.1,0.22,454.0,0.12,436.4,0.23,454.0
2026-01-07 07:02:41.354000+00:00,2026-01-07 07:02:38.801567+00:00,161.354,0.825,0.82,0.83,0.175,0.17,0.18,17.22,87.0,87.0,17.22,0.81,248.92,0.84,140.76,0.8,267.96,0.85,220.02,0.79,692.99,0.86,620.79,0.78,454.0,0.87,423.1,0.77,454.0,0.88,436.4,0.16,140.76,0.19,248.92,0.15,220.02,0.2,267.96,0.14,620.79,0.21,692.99,0.13,423.1,0.22,454.0,0.12,436.4,0.23,454.0
2026-01-07 07:02:42.305000+00:00,2026-01-07 07:02:39.810564+00:00,162.305,0.825,0.82,0.83,0.175,0.17,0.18,22.22,82.0,82.0,22.22,0.81,274.92,0.84,140.76,0.8,241.96,0.85,208.02,0.79,692.99,0.86,620.79,0.78,454.0,0.87,423.1,0.77,454.0,0.88,436.4,0.16,140.76,0.19,274.92,0.15,208.02,0.2,241.96,0.14,620.79,0.21,692.99,0.13,423.1,0.22,454.0,0.12,436.4,0.23,454.0
2026-01-07 07:02:43.329000+00:00,2026-01-07 07:02:40.814805+00:00,163.329,0.825,0.82,0.83,0.175,0.17,0.18,254.22,14.96,14.96,279.22,0.81,174.0,0.84,98.76,0.8,169.96,0.85,226.01,0.79,692.99,0.86,572.79,0.78,454.0,0.87,459.1,0.77,454.0,0.88,484.4,0.16,98.76,0.19,174.0,0.15,226.01,0.2,169.96,0.14,572.79,0.21,692.99,0.13,459.1,0.22,454.0,0.12,484.4,0.23,454.0
2026-01-07 07:02:44.353000+00:00,2026-01-07 07:02:41.836918+00:00,164.353,0.825,0.82,0.83,0.175,0.17,0.18,204.55,14.96,14.96,204.55,0.81,193.0,0.84,98.76,0.8,169.96,0.85,226.01,0.79,702.99,0.86,572.79,0.78,454.0,0.87,447.1,0.77,454.0,0.88,496.4,0.16,98.76,0.19,193.0,0.15,226.01,0.2,169.96,0.14,572.79,0.21,692.99,0.13,447.1,0.22,454.0,0.12,496.4,0.23,454.0
2026-01-07 07:02:45.388000+00:00,2026-01-07 07:02:42.845618+00:00,165.388,0.825,0.82,0.83,0.175,0.17,0.18,5.55,87.96,87.96,5.55,0.81,291.92,0.84,98.76,0.8,224.96,0.85,238.01,0.79,692.99,0.86,608.79,0.78,454.0,0.87,459.1,0.77,454.0,0.88,436.4,0.16,98.76,0.19,291.92,0.15,238.01,0.2,224.96,0.14,608.79,0.21,692.99,0.13,459.1,0.22,454.0,0.12,436.4,0.23,454.0
2026-01-07 07:02:46.409000+00:00,2026-01-07 07:02:43.868655+00:00,166.409,0.825,0.82,0.83,0.175,0.17,0.18,135.55,14.96,14.96,135.55,0.81,277.0,0.84,98.76,0.8,169.96,0.85,238.01,0.79,692.99,0.86,584.79,0.78,454.0,0.87,495.14,0.77,454.0,0.88,436.4,0.16,98.76,0.19,277.0,0.15,238.01,0.2,169.96,0.14,584.79,0.21,692.99,0.13,495.14,0.22,454.0,0.12,436.4,0.23,454.0
2026-01-07 07:02:47.426000+00:00,2026-01-07 07:02:44.874857+00:00,167.426,0.825,0.82,0.83,0.175,0.17,0.18,120.0,11.96,11.96,120.0,0.81,277.0,0.84,103.76,0.8,169.96,0.85,238.01,0.79,692.99,0.86,596.79,0.78,454.0,0.87,483.14,0.77,454.0,0.88,436.4,0.16,98.76,0.19,277.0,0.15,238.01,0.2,169.96,0.14,584.79,0.21,692.99,0.13,495.14,0.22,454.0,0.12,436.4,0.23,454.0
2026-01-07 07:02:48.438000+00:00,2026-01-07 07:02:45.900370+00:00,168.438,0.825,0.82,0.83,0.175,0.17,0.18,231.0,11.96,11.96,231.0,0.81,205.0,0.84,103.76,0.8,169.96,0.85,196.02,0.79,702.99,0.86,614.79,0.78,454.0,0.87,495.14,0.77,454.0,0.88,448.4,0.16,103.76,0.19,205.0,0.15,196.02,0.2,169.96,0.14,614.79,0.21,702.99,0.13,495.14,0.22,454.0,0.12,448.4,0.23,454.0
2026-01-07 07:02:49.481000+00:00,2026-01-07 07:02:46.907597+00:00,169.481,0.825,0.82,0.83,0.175,0.17,0.18,309.0,11.96,11.96,374.0,0.81,368.0,0.84,33.76,0.8,437.96,0.86,280.19,0.79,468.99,0.87,363.03,0.78,454.0,0.88,551.4,0.77,419.0,0.89,462.99,0.16,33.76,0.19,429.0,0.14,97.19,0.2,498.96,0.13,180.03,0.21,468.99,0.12,551.4,0.22,454.0,0.11,341.99,0.23,419.0
2026-01-07 07:02:50.450000+00:00,2026-01-07 07:02:47.913541+00:00,170.45,0.835,0.83,0.84,0.165,0.16,0.17,516.92,33.76,33.76,486.92,0.82,434.0,0.86,12.19,0.81,454.0,0.87,220.04,0.8,498.96,0.88,279.4,0.79,468.99,0.89,297.99,0.78,419.0,0.9,496.93,0.14,57.19,0.18,434.0,0.13,220.04,0.19,454.0,0.12,279.4,0.2,498.96,0.11,297.99,0.21,468.99,0.1,496.93,0.22,419.0
2026-01-07 07:02:51.505000+00:00,2026-01-07 07:02:48.922998+00:00,171.505,0.865,0.86,0.87,0.14,0.13,0.15,14.0,220.04,220.04,202.01,0.85,170.76,0.88,63.4,0.84,161.0,0.89,353.98,0.83,425.0,0.9,496.93,0.82,454.0,0.91,450.8,0.81,454.0,0.92,476.03,0.12,34.8,0.16,173.0,0.11,315.98,0.17,389.0,0.1,508.93,0.18,454.0,0.09,387.8,0.19,454.0,0.08,401.03,0.2,463.96
2026-01-07 07:02:52.482000+00:00,2026-01-07 07:02:49.930343+00:00,172.482,0.865,0.86,0.87,0.135,0.13,0.14,5.0,176.62,176.62,5.0,0.85,206.01,0.88,54.8,0.84,640.0,0.89,290.98,0.83,384.0,0.9,520.93,0.82,454.0,0.91,387.8,0.81,454.0,0.92,436.03,0.12,54.8,0.15,206.01,0.11,290.98,0.16,701.0,0.1,590.93,0.17,384.0,0.09,336.8,0.18,454.0,0.08,506.03,0.19,454.0
2026-01-07 07:02:53.463000+00:00,2026-01-07 07:02:50.941963+00:00,173.463,0.86,0.85,0.87,0.14,0.13,0.15,206.01,48.62,48.62,206.01,0.84,671.0,0.88,68.8,0.83,414.0,0.89,276.98,0.82,464.0,0.9,590.93,0.81,454.0,0.91,336.8,0.8,463.96,0.92,506.03,0.12,54.8,0.16,741.0,0.11,276.98,0.17,484.0,0.1,590.93,0.18,454.0,0.09,336.8,0.19,454.0,0.08,506.03,0.2,463.96
2026-01-07 07:02:54.539000+00:00,2026-01-07 07:02:51.964475+00:00,174.539,0.86,0.85,0.87,0.14,0.13,0.15,233.01,42.6,57.6,206.01,0.84,739.71,0.88,98.8,0.83,484.0,0.89,260.99,0.82,454.0,0.9,590.93,0.81,454.0,0.91,336.8,0.8,538.96,0.92,506.03,0.12,98.8,0.16,751.71,0.11,258.99,0.17,484.0,0.1,590.93,0.18,454.0,0.09,324.8,0.19,454.0,0.08,506.03,0.2,538.96
2026-01-07 07:02:55.438000+00:00,2026-01-07 07:02:52.975542+00:00,175.438,0.855,0.85,0.86,0.14500000000000002,0.14,0.15,194.01,7.0,7.0,194.01,0.84,763.71,0.87,57.6,0.83,484.0,0.88,110.8,0.82,454.0,0.89,246.99,0.81,454.0,0.9,590.93,0.8,538.96,0.91,324.8,0.13,57.6,0.16,763.71,0.12,110.8,0.17,484.0,0.11,246.99,0.18,454.0,0.1,590.93,0.19,454.0,0.09,324.8,0.2,538.96
2026-01-07 07:02:56.552000+00:00,2026-01-07 07:02:53.981830+00:00,176.552,0.855,0.85,0.86,0.14500000000000002,0.14,0.15,206.01,7.0,7.0,206.01,0.84,751.71,0.87,42.6,0.83,484.0,0.88,168.8,0.82,454.0,0.89,328.99,0.81,454.0,0.9,814.93,0.8,538.96,0.91,324.8,0.13,42.6,0.16,751.71,0.12,168.8,0.17,484.0,0.11,328.99,0.18,454.0,0.1,814.93,0.19,454.0,0.09,324.8,0.2,538.96
2026-01-07 07:02:57.560000+00:00,2026-01-07 07:02:54.991760+00:00,177.56,0.855,0.85,0.86,0.14500000000000002,0.14,0.15,206.01,4.91,4.91,206.01,0.84,751.71,0.87,42.6,0.83,454.0,0.88,124.8,0.82,494.0,0.89,360.98,0.81,454.0,0.9,814.93,0.8,538.96,0.91,336.8,0.13,42.6,0.16,751.71,0.12,124.8,0.17,454.0,0.11,360.98,0.18,494.0,0.1,814.93,0.19,454.0,0.09,336.8,0.2,538.96
2026-01-07 07:02:58.302000+00:00,2026-01-07 07:02:56.008319+00:00,178.302,0.855,0.85,0.86,0.14500000000000002,0.14,0.15,206.01,4.91,4.91,206.01,0.84,751.71,0.87,42.6,0.83,454.0,0.88,124.8,0.82,484.0,0.89,360.98,0.81,454.0,0.9,814.93,0.8,538.96,0.91,354.03,0.13,42.6,0.16,751.71,0.12,138.8,0.17,454.0,0.11,346.98,0.18,484.0,0.1,814.93,0.19,454.0,0.09,354.03,0.2,538.96
2026-01-07 07:02:59.419000+00:00,2026-01-07 07:02:57.012330+00:00,179.419,0.855,0.85,0.86,0.14500000000000002,0.14,0.15,206.01,4.91,4.91,206.01,0.84,630.71,0.87,52.6,0.83,454.0,0.88,168.8,0.82,484.0,0.89,328.99,0.81,454.0,0.9,814.93,0.8,538.96,0.91,342.03,0.13,52.6,0.16,630.71,0.12,168.8,0.17,454.0,0.11,328.99,0.18,484.0,0.1,814.93,0.19,454.0,0.09,342.03,0.2,538.96
2026-01-07 07:03:00.588000+00:00,2026-01-07 07:02:58.018407+00:00,180.588,0.855,0.85,0.86,0.14,0.13,0.15,191.01,20.0,42.6,191.01,0.84,630.71,0.87,37.6,0.83,454.0,0.88,154.8,0.82,484.0,0.89,342.99,0.81,454.0,0.9,814.93,0.8,538.96,0.91,327.03,0.12,154.8,0.16,630.71,0.11,342.99,0.17,454.0,0.1,814.93,0.18,484.0,0.09,342.03,0.19,454.0,0.08,506.03,0.2,538.96
2026-01-07 07:03:01.365000+00:00,2026-01-07 07:02:59.007926+00:00,181.365,0.855,0.85,0.86,0.14500000000000002,0.14,0.15,191.01,43.0,42.67,191.01,0.84,630.71,0.87,32.6,0.83,454.0,0.88,158.0,0.82,454.0,0.89,317.19,0.81,485.0,0.9,801.93,0.8,538.96,0.91,353.52,0.13,32.6,0.16,630.71,0.12,158.0,0.17,454.0,0.11,317.19,0.18,454.0,0.1,801.93,0.19,485.0,0.09,353.52,0.2,538.96
2026-01-07 07:03:02.252000+00:00,2026-01-07 07:03:00.016811+00:00,182.252,0.855,0.85,0.86,0.14500000000000002,0.14,0.15,191.01,32.67,32.67,191.01,0.84,630.71,0.87,32.6,0.83,454.0,0.88,158.0,0.82,464.0,0.89,317.19,0.81,485.0,0.9,796.93,0.8,538.96,0.91,353.52,0.13,32.6,0.16,630.71,0.12,158.0,0.17,454.0,0.11,317.19,0.18,454.0,0.1,796.93,0.19,485.0,0.09,353.52,0.2,538.96
2026-01-07 07:03:03.463000+00:00,2026-01-07 07:03:01.017148+00:00,183.463,0.855,0.85,0.86,0.14500000000000002,0.14,0.15,191.01,32.67,32.67,191.01,0.84,630.71,0.87,32.6,0.83,454.0,0.88,144.0,0.82,484.0,0.89,331.19,0.81,454.0,0.9,796.93,0.8,538.96,0.91,353.52,0.13,32.6,0.16,630.71,0.12,144.0,0.17,454.0,0.11,331.19,0.18,484.0,0.1,796.93,0.19,454.0,0.09,353.52,0.2,538.96
2026-01-07 07:03:04.556000+00:00,2026-01-07 07:03:02.023382+00:00,184.556,0.855,0.85,0.86,0.14500000000000002,0.14,0.15,196.01,15.0,15.0,196.01,0.84,630.71,0.87,43.6,0.83,454.0,0.88,144.0,0.82,454.0,0.89,331.19,0.81,485.0,0.9,796.93,0.8,538.96,0.91,353.52,0.13,43.6,0.16,630.71,0.12,144.0,0.17,454.0,0.11,331.19,0.18,454.0,0.1,796.93,0.19,485.0,0.09,353.52,0.2,538.96
2026-01-07 07:03:05.532000+00:00,2026-01-07 07:03:03.029287+00:00,185.532,0.855,0.85,0.86,0.14500000000000002,0.14,0.15,196.01,18.38,18.38,196.01,0.84,630.71,0.87,45.6,0.83,454.0,0.88,144.0,0.82,454.0,0.89,331.19,0.81,485.0,0.9,796.93,0.8,538.96,0.91,353.52,0.13,45.6,0.16,630.71,0.12,144.0,0.17,454.0,0.11,331.19,0.18,454.0,0.1,796.93,0.19,485.0,0.09,353.52,0.2,538.96
2026-01-07 07:03:06.542000+00:00,2026-01-07 07:03:04.038695+00:00,186.542,0.855,0.85,0.86,0.135,0.13,0.14,211.01,3.38,37.6,22.43,0.84,630.71,0.87,37.6,0.83,454.0,0.88,144.0,0.82,464.0,0.89,331.19,0.81,485.0,0.9,796.93,0.8,538.96,0.91,353.52,0.12,144.0,0.15,197.01,0.11,331.19,0.16,630.71,0.1,796.93,0.17,454.0,0.09,353.52,0.18,464.0,0.08,533.03,0.19,485.0
2026-01-07 07:03:07.257000+00:00,2026-01-07 07:03:05.048273+00:00,187.257,0.865,0.86,0.87,0.135,0.13,0.14,32.75,47.6,37.6,46.75,0.85,218.01,0.88,135.0,0.84,606.71,0.89,297.19,0.83,454.0,0.9,710.93,0.82,454.0,0.91,413.52,0.81,485.0,0.92,473.03,0.12,135.0,0.15,218.01,0.11,297.19,0.16,606.71,0.1,710.93,0.17,454.0,0.09,413.52,0.18,454.0,0.08,473.03,0.19,485.0
2026-01-07 07:03:08.592000+00:00,2026-01-07 07:03:06.054166+00:00,188.592,0.865,0.86,0.87,0.135,0.13,0.14,46.75,50.3,50.3,46.75,0.85,204.01,0.88,135.0,0.84,382.71,0.89,297.19,0.83,454.0,0.9,728.37,0.82,484.0,0.91,413.52,0.81,454.0,0.92,446.03,0.12,135.0,0.15,204.01,0.11,297.19,0.16,382.71,0.1,728.37,0.17,454.0,0.09,413.52,0.18,484.0,0.08,446.03,0.19,454.0
2026-01-07 07:03:09.543000+00:00,2026-01-07 07:03:07.075716+00:00,189.543,0.865,0.86,0.87,0.135,0.13,0.14,46.75,35.3,35.3,46.75,0.85,274.01,0.88,135.0,0.84,382.71,0.89,297.19,0.83,454.0,0.9,739.99,0.82,484.0,0.91,398.52,0.81,462.4,0.92,461.03,0.12,135.0,0.15,280.87,0.11,297.19,0.16,382.71,0.1,739.99,0.17,454.0,0.09,398.52,0.18,484.0,0.08,461.03,0.19,462.4
2026-01-07 07:03:10.497000+00:00,2026-01-07 07:03:08.079563+00:00,190.497,0.865,0.86,0.87,0.135,0.13,0.14,46.75,50.3,50.3,46.75,0.85,280.87,0.88,135.0,0.84,382.71,0.89,297.19,0.83,454.0,0.9,739.99,0.82,484.0,0.91,413.52,0.81,462.4,0.92,446.03,0.12,135.0,0.15,280.87,0.11,297.19,0.16,382.71,0.1,739.99,0.17,454.0,0.09,413.52,0.18,484.0,0.08,446.03,0.19,462.4
2026-01-07 07:03:11.603000+00:00,2026-01-07 07:03:09.085405+00:00,191.603,0.865,0.86,0.87,0.135,0.13,0.14,39.6,56.3,56.3,39.6,0.85,280.87,0.88,135.0,0.84,382.71,0.89,297.19,0.83,464.0,0.9,739.99,0.82,484.0,0.91,413.52,0.81,462.4,0.92,446.03,0.12,135.0,0.15,280.87,0.11,297.19,0.16,382.71,0.1,739.99,0.17,454.0,0.09,413.52,0.18,484.0,0.08,446.03,0.19,462.4
2026-01-07 07:03:12.478000+00:00,2026-01-07 07:03:10.089212+00:00,192.478,0.865,0.86,0.87,0.135,0.13,0.14,39.6,65.3,65.3,39.6,0.85,504.87,0.88,135.0,0.84,382.71,0.89,297.19,0.83,454.0,0.9,739.99,0.82,484.0,0.91,413.52,0.81,462.4,0.92,446.03,0.12,135.0,0.15,504.87,0.11,297.19,0.16,382.71,0.1,739.99,0.17,454.0,0.09,398.52,0.18,484.0,0.08,446.03,0.19,462.4
2026-01-07 07:03:13.604000+00:00,2026-01-07 07:03:11.097204+00:00,193.604,0.865,0.86,0.87,0.135,0.13,0.14,13.6,235.29,261.29,13.6,0.85,20.86,0.88,121.0,0.84,365.71,0.89,332.19,0.83,597.0,0.9,763.99,0.82,419.0,0.91,459.52,0.81,458.4,0.92,470.73,0.12,253.0,0.15,6.86,0.11,344.19,0.16,110.71,0.1,612.99,0.17,547.0,0.09,502.42,0.18,395.0,0.08,428.73,0.19,454.0
2026-01-07 07:03:14.602000+00:00,2026-01-07 07:03:12.101020+00:00,194.602,0.855,0.85,0.86,0.14500000000000002,0.14,0.15,6.86,125.0,125.0,6.86,0.84,110.71,0.87,193.29,0.83,304.0,0.88,351.0,0.82,322.0,0.89,544.19,0.81,396.0,0.9,627.39,0.8,608.06,0.91,482.42,0.13,193.29,0.16,110.71,0.12,351.0,0.17,304.0,0.11,544.19,0.18,322.0,0.1,627.39,0.19,396.0,0.09,482.42,0.2,608.06
2026-01-07 07:03:15.662000+00:00,2026-01-07 07:03:13.109697+00:00,195.662,0.855,0.85,0.86,0.14500000000000002,0.14,0.15,11.86,112.76,101.14,11.86,0.84,125.71,0.87,169.29,0.83,352.0,0.88,327.0,0.82,260.0,0.89,580.19,0.81,384.0,0.9,639.39,0.8,608.06,0.91,482.42,0.13,169.29,0.16,161.71,0.12,327.0,0.17,352.0,0.11,580.19,0.18,260.0,0.1,639.39,0.19,384.0,0.09,482.42,0.2,608.06
2026-01-07 07:03:16.555000+00:00,2026-01-07 07:03:14.132431+00:00,196.555,0.855,0.85,0.86,0.14500000000000002,0.14,0.15,11.86,101.14,101.14,11.86,0.84,197.71,0.87,169.29,0.83,398.0,0.88,327.0,0.82,308.0,0.89,568.19,0.81,485.0,0.9,651.39,0.8,577.06,0.91,455.42,0.13,169.29,0.16,197.71,0.12,327.0,0.17,398.0,0.11,556.19,0.18,308.0,0.1,651.39,0.19,454.0,0.09,482.42,0.2,608.06
2026-01-07 07:03:17.704000+00:00,2026-01-07 07:03:15.154277+00:00,197.704,0.855,0.85,0.86,0.14500000000000002,0.14,0.15,11.86,114.19,100.0,11.86,0.84,217.71,0.87,169.29,0.83,387.0,0.88,327.0,0.82,333.0,0.89,677.19,0.81,485.0,0.9,663.39,0.8,577.06,0.91,455.42,0.13,169.29,0.16,217.71,0.12,327.0,0.17,387.0,0.11,677.19,0.18,333.0,0.1,663.39,0.19,485.0,0.09,455.42,0.2,577.06
2026-01-07 07:03:18.535000+00:00,2026-01-07 07:03:16.163437+00:00,198.535,0.855,0.85,0.86,0.14500000000000002,0.14,0.15,11.86,88.0,88.0,11.86,0.84,217.71,0.87,169.29,0.83,387.0,0.88,327.0,0.82,333.0,0.89,677.19,0.81,485.0,0.9,663.39,0.8,577.06,0.91,455.42,0.13,169.29,0.16,217.71,0.12,327.0,0.17,387.0,0.11,677.19,0.18,333.0,0.1,663.39,0.19,485.0,0.09,455.42,0.2,577.06
2026-01-07 07:03:19.593000+00:00,2026-01-07 07:03:17.166360+00:00,199.593,0.855,0.85,0.86,0.14500000000000002,0.14,0.15,11.86,90.0,90.0,11.86,0.84,182.71,0.87,154.29,0.83,412.0,0.88,327.0,0.82,308.0,0.89,453.19,0.81,485.0,0.9,663.39,0.8,577.06,0.91,455.42,0.13,154.29,0.16,182.71,0.12,327.0,0.17,412.0,0.11,453.19,0.18,308.0,0.1,648.99,0.19,485.0,0.09,455.42,0.2,577.06
2026-01-07 07:03:20.618000+00:00,2026-01-07 07:03:18.172465+00:00,200.618,0.845,0.84,0.85,0.155,0.15,0.16,107.32,20.0,35.0,107.32,0.83,436.0,0.86,87.0,0.82,308.0,0.87,154.29,0.81,485.0,0.88,327.0,0.8,577.06,0.89,441.19,0.79,536.79,0.9,660.61,0.14,87.0,0.17,436.0,0.13,154.29,0.18,308.0,0.12,327.0,0.19,485.0,0.11,441.19,0.2,577.06,0.1,660.61,0.21,536.79
2026-01-07 07:03:21.665000+00:00,2026-01-07 07:03:19.173936+00:00,201.665,0.845,0.84,0.85,0.155,0.15,0.16,107.32,35.0,35.0,107.32,0.83,436.0,0.86,87.0,0.82,338.0,0.87,166.29,0.81,454.0,0.88,339.0,0.8,577.06,0.89,429.19,0.79,536.79,0.9,636.61,0.14,87.0,0.17,448.0,0.13,178.29,0.18,338.0,0.12,339.0,0.19,454.0,0.11,429.19,0.2,577.06,0.1,636.61,0.21,536.79
2026-01-07 07:03:22.368000+00:00,2026-01-07 07:03:20.182383+00:00,202.368,0.845,0.84,0.85,0.155,0.15,0.16,115.66,20.0,20.0,115.66,0.83,472.0,0.86,87.0,0.82,338.0,0.87,178.29,0.81,454.0,0.88,339.0,0.8,577.06,0.89,429.19,0.79,536.79,0.9,636.61,0.14,87.0,0.17,472.0,0.13,178.29,0.18,338.0,0.12,339.0,0.19,454.0,0.11,429.19,0.2,577.06,0.1,636.61,0.21,536.79
2026-01-07 07:03:23.757000+00:00,2026-01-07 07:03:21.190847+00:00,203.757,0.845,0.84,0.85,0.155,0.15,0.16,208.29,20.0,20.0,208.29,0.83,440.0,0.86,75.0,0.82,308.0,0.87,148.3,0.81,454.0,0.88,578.0,0.8,577.06,0.89,429.19,0.79,536.79,0.9,636.61,0.14,75.0,0.17,416.0,0.13,136.3,0.18,317.37,0.12,566.0,0.19,454.0,0.11,417.19,0.2,577.06,0.1,636.61,0.21,536.79
2026-01-07 07:03:24.636000+00:00,2026-01-07 07:03:22.197931+00:00,204.636,0.845,0.84,0.85,0.155,0.15,0.16,209.29,20.0,20.0,209.29,0.83,404.0,0.86,75.0,0.82,317.37,0.87,124.3,0.81,464.0,0.88,590.0,0.8,577.06,0.89,441.19,0.79,536.79,0.9,648.61,0.14,75.0,0.17,404.0,0.13,124.3,0.18,317.37,0.12,590.0,0.19,464.0,0.11,441.19,0.2,577.06,0.1,648.61,0.21,536.79
2026-01-07 07:03:25.808000+00:00,2026-01-07 07:03:23.202103+00:00,205.808,0.845,0.84,0.85,0.14500000000000002,0.14,0.15,125.29,2.36,75.0,9.4,0.83,488.0,0.86,75.0,0.82,317.37,0.87,160.3,0.81,454.0,0.88,578.0,0.8,577.06,0.89,429.19,0.79,536.79,0.9,624.61,0.13,160.3,0.16,125.29,0.12,578.0,0.17,488.0,0.11,429.19,0.18,317.37,0.1,624.61,0.19,454.0,0.09,472.65,0.2,577.06
2026-01-07 07:03:26.671000+00:00,2026-01-07 07:03:24.208132+00:00,206.671,0.855,0.85,0.86,0.14500000000000002,0.14,0.15,9.4,72.85,72.85,9.4,0.84,140.29,0.87,160.3,0.83,488.0,0.88,578.0,0.82,317.37,0.89,429.19,0.81,454.0,0.9,636.61,0.8,577.06,0.91,472.65,0.13,160.3,0.16,140.29,0.12,578.0,0.17,488.0,0.11,429.19,0.18,317.37,0.1,636.61,0.19,454.0,0.09,472.65,0.2,577.06
2026-01-07 07:03:27.800000+00:00,2026-01-07 07:03:25.201399+00:00,207.8,0.875,0.87,0.88,0.125,0.12,0.13,12.0,45.0,45.0,12.0,0.86,273.0,0.89,241.19,0.85,273.4,0.9,582.61,0.84,258.29,0.91,673.65,0.83,454.0,0.92,405.73,0.82,463.37,0.93,485.3,0.11,43.19,0.14,273.0,0.1,486.61,0.15,273.4,0.09,678.65,0.16,319.29,0.08,405.73,0.17,454.0,0.07,485.3,0.18,463.37
2026-01-07 07:03:28.770000+00:00,2026-01-07 07:03:26.209601+00:00,208.77,0.875,0.87,0.88,0.125,0.12,0.13,173.0,30.0,30.0,173.0,0.86,122.0,0.89,58.19,0.85,163.4,0.9,260.61,0.84,319.29,0.91,557.75,0.83,454.0,0.92,432.73,0.82,463.37,0.93,398.3,0.11,50.0,0.14,122.0,0.1,251.71,0.15,163.4,0.09,557.75,0.16,319.29,0.08,432.73,0.17,454.0,0.07,398.3,0.18,482.17
2026-01-07 07:03:29.775000+00:00,2026-01-07 07:03:27.219001+00:00,209.775,0.875,0.87,0.88,0.125,0.12,0.13,208.0,9.88,9.88,208.0,0.86,92.0,0.89,82.64,0.85,163.4,0.9,246.71,0.84,319.29,0.91,557.75,0.83,463.19,0.92,432.73,0.82,472.17,0.93,398.3,0.11,82.64,0.14,92.0,0.1,246.71,0.15,163.4,0.09,557.75,0.16,319.29,0.08,432.73,0.17,463.19,0.07,398.3,0.18,472.17
2026-01-07 07:03:30.707000+00:00,2026-01-07 07:03:28.223247+00:00,210.707,0.875,0.87,0.88,0.125,0.12,0.13,146.0,20.0,20.0,146.0,0.86,152.0,0.89,97.64,0.85,175.4,0.9,291.71,0.84,319.29,0.91,536.74,0.83,463.19,0.92,420.73,0.82,472.17,0.93,398.3,0.11,97.64,0.14,152.0,0.1,291.71,0.15,175.4,0.09,536.74,0.16,319.29,0.08,420.73,0.17,463.19,0.07,398.3,0.18,472.17
2026-01-07 07:03:31.691000+00:00,2026-01-07 07:03:29.229127+00:00,211.691,0.875,0.87,0.88,0.125,0.12,0.13,144.0,20.0,20.0,144.0,0.86,458.0,0.89,97.64,0.85,175.4,0.9,373.71,0.84,440.29,0.91,594.74,0.83,463.19,0.92,490.73,0.82,472.17,0.93,468.3,0.11,97.64,0.14,458.0,0.1,373.71,0.15,175.4,0.09,594.74,0.16,440.29,0.08,490.73,0.17,463.19,0.07,468.3,0.18,472.17
2026-01-07 07:03:32.698000+00:00,2026-01-07 07:03:30.237108+00:00,212.698,0.875,0.87,0.88,0.125,0.12,0.13,202.0,8.64,8.64,202.0,0.86,458.0,0.89,102.64,0.85,175.4,0.9,373.71,0.84,440.29,0.91,594.74,0.83,463.19,0.92,490.73,0.82,472.17,0.93,468.3,0.11,102.64,0.14,458.0,0.1,373.71,0.15,175.4,0.09,594.74,0.16,440.29,0.08,490.73,0.17,463.19,0.07,468.3,0.18,472.17
2026-01-07 07:03:33.809000+00:00,2026-01-07 07:03:31.244357+00:00,213.809,0.88,0.87,0.89,0.12,0.11,0.13,232.0,62.64,67.64,232.0,0.86,421.0,0.9,391.71,0.85,371.4,0.91,581.74,0.84,459.98,0.92,473.03,0.83,463.19,0.93,468.3,0.82,437.17,0.94,469.76,0.1,386.71,0.14,421.0,0.09,581.74,0.15,371.4,0.08,473.03,0.16,459.98,0.07,468.3,0.17,463.19,0.06,469.76,0.18,437.17
2026-01-07 07:03:34.742000+00:00,2026-01-07 07:03:32.250653+00:00,214.742,0.88,0.87,0.89,0.12,0.11,0.13,232.0,67.64,67.64,232.0,0.86,421.0,0.9,386.71,0.85,371.4,0.91,581.74,0.84,449.98,0.92,473.03,0.83,463.19,0.93,468.3,0.82,512.17,0.94,469.76,0.1,386.71,0.14,421.0,0.09,581.74,0.15,371.4,0.08,473.03,0.16,449.98,0.07,468.3,0.17,463.19,0.06,469.76,0.18,512.17
2026-01-07 07:03:35.518000+00:00,2026-01-07 07:03:33.257123+00:00,215.518,0.88,0.87,0.89,0.11499999999999999,0.11,0.12,220.0,65.79,65.79,5.0,0.86,421.0,0.9,386.71,0.85,383.4,0.91,581.74,0.84,449.98,0.92,473.03,0.83,463.19,0.93,468.3,0.82,512.17,0.94,469.76,0.1,386.71,0.13,220.0,0.09,569.74,0.14,421.0,0.08,473.03,0.15,383.4,0.07,468.3,0.16,449.98,0.06,469.76,0.17,463.19
2026-01-07 07:03:36.801000+00:00,2026-01-07 07:03:34.261038+00:00,216.801,0.875,0.87,0.88,0.125,0.12,0.13,220.0,15.0,15.0,220.0,0.86,421.0,0.89,65.79,0.85,383.4,0.9,398.71,0.84,449.98,0.91,569.74,0.83,463.19,0.92,458.03,0.82,512.17,0.93,483.3,0.11,65.79,0.14,421.0,0.1,398.71,0.15,383.4,0.09,569.74,0.16,449.98,0.08,458.03,0.17,463.19,0.07,483.3,0.18,512.17
2026-01-07 07:03:37.752000+00:00,2026-01-07 07:03:35.269746+00:00,217.752,0.885,0.88,0.89,0.11499999999999999,0.11,0.12,5.0,65.05,65.05,5.0,0.87,232.0,0.9,386.71,0.86,409.0,0.91,581.74,0.85,383.4,0.92,458.03,0.84,449.98,0.93,483.3,0.83,463.19,0.94,469.76,0.1,386.71,0.13,246.0,0.09,581.74,0.14,409.0,0.08,458.03,0.15,383.4,0.07,483.3,0.16,459.98,0.06,469.76,0.17,463.19
2026-01-07 07:03:38.753000+00:00,2026-01-07 07:03:36.292745+00:00,218.753,0.88,0.87,0.89,0.11499999999999999,0.11,0.12,242.92,72.87,72.87,19.0,0.86,409.0,0.9,386.71,0.85,383.4,0.91,571.94,0.84,449.98,0.92,458.03,0.83,463.19,0.93,483.3,0.82,512.17,0.94,469.76,0.1,371.71,0.13,240.92,0.09,586.94,0.14,397.0,0.08,446.03,0.15,371.4,0.07,468.3,0.16,449.98,0.06,469.76,0.17,463.19
2026-01-07 07:03:39.857000+00:00,2026-01-07 07:03:37.296595+00:00,219.857,0.885,0.88,0.89,0.11499999999999999,0.11,0.12,14.0,72.87,67.87,14.0,0.87,252.92,0.9,371.71,0.86,397.0,0.91,586.94,0.85,371.4,0.92,446.03,0.84,449.98,0.93,497.15,0.83,463.19,0.94,469.76,0.1,376.71,0.13,252.92,0.09,586.94,0.14,426.0,0.08,446.03,0.15,342.4,0.07,512.15,0.16,449.98,0.06,469.76,0.17,463.19
2026-01-07 07:03:40.431000+00:00,2026-01-07 07:03:38.304145+00:00,220.431,0.885,0.88,0.89,0.11499999999999999,0.11,0.12,14.0,67.87,67.87,14.0,0.87,252.92,0.9,376.71,0.86,426.0,0.91,586.94,0.85,342.4,0.92,446.03,0.84,449.98,0.93,512.15,0.83,463.19,0.94,469.76,0.1,376.71,0.13,252.92,0.09,586.94,0.14,426.0,0.08,446.03,0.15,342.4,0.07,512.15,0.16,449.98,0.06,469.76,0.17,463.19
2026-01-07 07:03:41.803000+00:00,2026-01-07 07:03:39.325166+00:00,221.803,0.88,0.87,0.89,0.12,0.11,0.13,336.92,72.87,72.87,336.92,0.86,397.0,0.9,371.71,0.85,371.4,0.91,586.94,0.84,449.98,0.92,325.03,0.83,463.19,0.93,512.15,0.82,512.17,0.94,469.76,0.1,371.71,0.14,397.0,0.09,586.94,0.15,371.4,0.08,325.03,0.16,449.98,0.07,512.15,0.17,463.19,0.06,469.76,0.18,512.17
2026-01-07 07:03:42.903000+00:00,2026-01-07 07:03:40.331588+00:00,222.903,0.875,0.87,0.88,0.125,0.12,0.13,312.92,15.0,15.0,312.92,0.86,421.0,0.89,72.87,0.85,371.4,0.9,400.71,0.84,459.98,0.91,571.94,0.83,463.19,0.92,337.03,0.82,512.17,0.93,500.15,0.11,72.87,0.14,421.0,0.1,386.71,0.15,371.4,0.09,585.94,0.16,449.98,0.08,337.03,0.17,463.19,0.07,500.15,0.18,512.17
2026-01-07 07:03:43.453000+00:00,2026-01-07 07:03:41.339611+00:00,223.453,0.875,0.87,0.88,0.125,0.12,0.13,298.92,15.0,15.0,298.92,0.86,421.0,0.89,72.87,0.85,371.4,0.9,383.71,0.84,449.98,0.91,588.94,0.83,463.19,0.92,337.03,0.82,512.17,0.93,500.15,0.11,72.87,0.14,421.0,0.1,383.71,0.15,371.4,0.09,588.94,0.16,449.98,0.08,337.03,0.17,463.19,0.07,500.15,0.18,512.17
2026-01-07 07:03:44.547000+00:00,2026-01-07 07:03:42.341165+00:00,224.547,0.875,0.87,0.88,0.125,0.12,0.13,238.92,15.0,15.0,238.92,0.86,411.0,0.89,72.87,0.85,336.4,0.9,358.67,0.84,414.98,0.91,578.94,0.83,428.19,0.92,302.03,0.82,512.17,0.93,465.15,0.11,72.87,0.14,411.0,0.1,358.67,0.15,336.4,0.09,578.94,0.16,414.98,0.08,302.03,0.17,428.19,0.07,465.15,0.18,512.17
2026-01-07 07:03:45.894000+00:00,2026-01-07 07:03:43.346493+00:00,225.894,0.88,0.87,0.89,0.12,0.11,0.13,238.92,72.87,72.87,238.92,0.86,411.0,0.9,358.67,0.85,336.4,0.91,578.94,0.84,414.98,0.92,302.03,0.83,428.19,0.93,465.15,0.82,512.17,0.94,434.76,0.1,358.67,0.14,411.0,0.09,578.94,0.15,336.4,0.08,302.03,0.16,414.98,0.07,465.15,0.17,428.19,0.06,434.76,0.18,512.17
2026-01-07 07:03:46.944000+00:00,2026-01-07 07:03:44.355099+00:00,226.944,0.885,0.88,0.89,0.11499999999999999,0.11,0.12,457.0,16.9,16.9,597.0,0.87,231.0,0.9,783.59,0.86,507.0,0.91,147.94,0.85,473.59,0.92,491.03,0.84,459.98,0.93,264.15,0.83,428.19,0.94,360.76,0.1,783.59,0.13,226.0,0.09,147.94,0.14,507.0,0.08,491.03,0.15,473.59,0.07,264.15,0.16,459.98,0.06,360.76,0.17,428.19
2026-01-07 07:03:47.929000+00:00,2026-01-07 07:03:45.360204+00:00,227.929,0.895,0.89,0.9,0.10500000000000001,0.1,0.11,35.0,778.59,778.59,35.0,0.88,428.0,0.91,111.94,0.87,239.0,0.92,516.13,0.86,493.8,0.93,252.15,0.85,481.59,0.94,360.76,0.84,414.98,0.95,670.2,0.09,116.94,0.12,428.0,0.08,516.13,0.13,239.0,0.07,252.15,0.14,493.8,0.06,360.76,0.15,481.59,0.05,670.2,0.16,414.98
2026-01-07 07:03:48.680000+00:00,2026-01-07 07:03:46.369349+00:00,228.68,0.895,0.89,0.9,0.10500000000000001,0.1,0.11,40.9,798.59,798.59,40.9,0.88,428.0,0.91,123.94,0.87,239.0,0.92,504.13,0.86,493.8,0.93,252.15,0.85,481.59,0.94,372.76,0.84,414.98,0.95,658.2,0.09,108.95,0.12,416.0,0.08,519.13,0.13,239.0,0.07,252.15,0.14,493.8,0.06,372.76,0.15,481.59,0.05,658.2,0.16,414.98
2026-01-07 07:03:49.761000+00:00,2026-01-07 07:03:47.374296+00:00,229.761,0.895,0.89,0.9,0.10500000000000001,0.1,0.11,25.9,798.59,798.59,25.9,0.88,200.0,0.91,120.95,0.87,384.0,0.92,353.13,0.86,493.8,0.93,322.15,0.85,481.59,0.94,372.76,0.84,489.98,0.95,658.2,0.09,120.95,0.12,200.0,0.08,353.13,0.13,384.0,0.07,322.15,0.14,493.8,0.06,372.76,0.15,481.59,0.05,658.2,0.16,489.98
2026-01-07 07:03:50.954000+00:00,2026-01-07 07:03:48.379974+00:00,230.954,0.895,0.89,0.9,0.10500000000000001,0.1,0.11,23.54,798.59,798.59,38.54,0.88,200.0,0.91,120.95,0.87,384.0,0.92,368.13,0.86,493.8,0.93,322.15,0.85,481.59,0.94,372.76,0.84,489.98,0.95,658.2,0.09,105.95,0.12,270.0,0.08,383.13,0.13,384.0,0.07,322.15,0.14,493.8,0.06,372.76,0.15,481.59,0.05,658.2,0.16,489.98
2026-01-07 07:03:51.950000+00:00,2026-01-07 07:03:49.401482+00:00,231.95,0.895,0.89,0.9,0.10500000000000001,0.1,0.11,38.54,795.06,795.06,38.54,0.88,270.0,0.91,105.95,0.87,395.5,0.92,383.13,0.86,503.8,0.93,322.15,0.85,481.59,0.94,349.76,0.84,489.98,0.95,658.2,0.09,105.95,0.12,270.0,0.08,383.13,0.13,395.5,0.07,322.15,0.14,493.8,0.06,349.76,0.15,481.59,0.05,658.2,0.16,489.98
2026-01-07 07:03:52.955000+00:00,2026-01-07 07:03:50.422724+00:00,232.955,0.895,0.89,0.9,0.10500000000000001,0.1,0.11,38.54,795.06,790.06,52.54,0.88,270.0,0.91,189.95,0.87,395.5,0.92,383.13,0.86,493.8,0.93,322.15,0.85,481.59,0.94,349.76,0.84,489.98,0.95,658.2,0.09,180.95,0.12,256.0,0.08,383.13,0.13,395.5,0.07,309.85,0.14,493.8,0.06,335.56,0.15,481.59,0.05,630.8,0.16,489.98
2026-01-07 07:03:53.983000+00:00,2026-01-07 07:03:51.430636+00:00,233.983,0.895,0.89,0.9,0.10500000000000001,0.1,0.11,294.84,778.95,778.95,364.84,0.88,268.3,0.91,125.95,0.87,517.5,0.92,278.13,0.86,493.8,0.93,319.85,0.85,481.59,0.94,554.56,0.84,489.98,0.95,630.8,0.09,125.95,0.12,268.3,0.08,95.13,0.13,578.5,0.07,319.85,0.14,493.8,0.06,554.56,0.15,481.59,0.05,509.8,0.16,489.98
2026-01-07 07:03:54.747000+00:00,2026-01-07 07:03:52.452483+00:00,234.747,0.895,0.89,0.9,0.10500000000000001,0.1,0.11,344.84,783.95,808.95,344.84,0.88,268.3,0.91,120.95,0.87,607.5,0.92,95.13,0.86,464.8,0.93,319.85,0.85,481.59,0.94,554.56,0.84,489.98,0.95,509.8,0.09,120.95,0.12,268.3,0.08,95.13,0.13,607.5,0.07,319.85,0.14,464.8,0.06,554.56,0.15,481.59,0.05,509.8,0.16,489.98
2026-01-07 07:03:55.864000+00:00,2026-01-07 07:03:53.457917+00:00,235.864,0.895,0.89,0.9,0.10500000000000001,0.1,0.11,344.84,783.95,783.95,331.54,0.88,268.3,0.91,120.95,0.87,607.5,0.92,165.13,0.86,474.8,0.93,319.85,0.85,481.59,0.94,554.56,0.84,489.98,0.95,509.8,0.09,120.95,0.12,268.3,0.08,165.13,0.13,607.5,0.07,319.85,0.14,474.8,0.06,554.56,0.15,481.59,0.05,509.8,0.16,489.98
2026-01-07 07:03:57.891000+00:00,2026-01-07 07:03:55.486581+00:00,237.891,0.895,0.89,0.9,0.10500000000000001,0.1,0.11,331.54,767.29,767.29,331.54,0.88,268.3,0.91,190.95,0.87,607.5,0.92,165.13,0.86,464.8,0.93,319.85,0.85,481.59,0.94,565.67,0.84,509.98,0.95,509.8,0.09,190.95,0.12,268.3,0.08,165.13,0.13,607.5,0.07,319.85,0.14,464.8,0.06,565.67,0.15,481.59,0.05,509.8,0.16,509.98
2026-01-07 07:03:58.960000+00:00,2026-01-07 07:03:56.494100+00:00,238.96,0.895,0.89,0.9,0.10500000000000001,0.1,0.11,331.54,767.29,767.29,331.54,0.88,268.3,0.91,190.95,0.87,607.5,0.92,165.13,0.86,464.8,0.93,319.85,0.85,481.59,0.94,565.67,0.84,509.98,0.95,509.8,0.09,190.95,0.12,268.3,0.08,165.13,0.13,607.5,0.07,319.85,0.14,464.8,0.06,565.67,0.15,481.59,0.05,509.8,0.16,509.98
2026-01-07 07:03:59.992000+00:00,2026-01-07 07:03:57.486350+00:00,239.992,0.895,0.89,0.9,0.10500000000000001,0.1,0.11,331.54,767.29,767.29,331.54,0.88,268.3,0.91,190.95,0.87,607.5,0.92,165.13,0.86,464.8,0.93,319.85,0.85,501.59,0.94,582.33,0.84,489.98,0.95,509.8,0.09,190.95,0.12,268.3,0.08,165.13,0.13,607.5,0.07,319.85,0.14,464.8,0.06,562.33,0.15,501.59,0.05,509.8,0.16,489.98
2026-01-07 07:04:00.931000+00:00,2026-01-07 07:03:58.492164+00:00,240.931,0.895,0.89,0.9,0.10500000000000001,0.1,0.11,331.54,767.29,767.29,331.54,0.88,268.3,0.91,190.95,0.87,607.5,0.92,165.13,0.86,464.8,0.93,319.85,0.85,501.59,0.94,582.33,0.84,489.98,0.95,509.8,0.09,190.95,0.12,268.3,0.08,165.13,0.13,607.5,0.07,319.85,0.14,464.8,0.06,582.33,0.15,501.59,0.05,509.8,0.16,489.98
2026-01-07 07:04:01.930000+00:00,2026-01-07 07:03:59.512424+00:00,241.93,0.895,0.89,0.9,0.10500000000000001,0.1,0.11,344.84,767.29,742.29,344.84,0.88,268.3,0.91,190.95,0.87,607.5,0.92,179.13,0.86,464.8,0.93,319.85,0.85,501.59,0.94,582.33,0.84,489.98,0.95,509.8,0.09,195.95,0.12,268.3,0.08,179.13,0.13,607.5,0.07,319.85,0.14,464.8,0.06,582.33,0.15,501.59,0.05,489.8,0.16,489.98
2026-01-07 07:04:02.971000+00:00,2026-01-07 07:04:00.521081+00:00,242.971,0.895,0.89,0.9,0.10500000000000001,0.1,0.11,331.54,736.18,736.18,331.54,0.88,268.3,0.91,190.95,0.87,607.5,0.92,179.13,0.86,464.8,0.93,319.85,0.85,501.59,0.94,582.33,0.84,489.98,0.95,457.8,0.09,190.95,0.12,268.3,0.08,179.13,0.13,607.5,0.07,319.85,0.14,464.8,0.06,582.33,0.15,501.59,0.05,457.8,0.16,489.98
2026-01-07 07:04:03.923000+00:00,2026-01-07 07:04:01.542783+00:00,243.923,0.895,0.89,0.9,0.10500000000000001,0.1,0.11,331.54,736.18,736.18,331.54,0.88,268.3,0.91,190.95,0.87,578.5,0.92,179.13,0.86,493.8,0.93,319.85,0.85,501.59,0.94,582.33,0.84,489.98,0.95,485.2,0.09,190.95,0.12,268.3,0.08,179.13,0.13,578.5,0.07,319.85,0.14,493.8,0.06,582.33,0.15,501.59,0.05,485.2,0.16,489.98
2026-01-07 07:04:04.827000+00:00,2026-01-07 07:04:02.551682+00:00,244.827,0.895,0.89,0.9,0.10500000000000001,0.1,0.11,331.54,736.18,736.18,331.54,0.88,268.3,0.91,190.95,0.87,578.5,0.92,179.13,0.86,503.8,0.93,319.85,0.85,501.59,0.94,582.33,0.84,489.98,0.95,457.8,0.09,190.95,0.12,268.3,0.08,179.13,0.13,578.5,0.07,319.85,0.14,503.8,0.06,582.33,0.15,501.59,0.05,457.8,0.16,489.98
2026-01-07 07:04:06.001000+00:00,2026-01-07 07:04:03.572722+00:00,246.001,0.895,0.89,0.9,0.10500000000000001,0.1,0.11,331.54,736.18,736.18,331.54,0.88,268.3,0.91,178.95,0.87,578.5,0.92,179.13,0.86,493.8,0.93,319.85,0.85,501.59,0.94,582.33,0.84,489.98,0.95,457.8,0.09,178.95,0.12,268.3,0.08,179.13,0.13,578.5,0.07,319.85,0.14,493.8,0.06,582.33,0.15,511.59,0.05,485.2,0.16,489.98
2026-01-07 07:04:07.001000+00:00,2026-01-07 07:04:04.579565+00:00,247.001,0.895,0.89,0.9,0.10500000000000001,0.1,0.11,331.54,694.52,707.89,331.54,0.88,268.3,0.91,178.95,0.87,578.5,0.92,179.13,0.86,493.8,0.93,319.85,0.85,511.59,0.94,582.33,0.84,489.98,0.95,457.8,0.09,178.95,0.12,268.3,0.08,179.13,0.13,578.5,0.07,319.85,0.14,493.8,0.06,582.33,0.15,511.59,0.05,457.8,0.16,489.98
2026-01-07 07:04:08.058000+00:00,2026-01-07 07:04:05.585415+00:00,248.058,0.895,0.89,0.9,0.10500000000000001,0.1,0.11,247.54,815.89,815.89,247.54,0.88,162.3,0.91,233.94,0.87,301.5,0.92,304.13,0.86,524.8,0.93,567.85,0.85,520.59,0.94,370.44,0.84,509.98,0.95,457.8,0.09,233.94,0.12,162.3,0.08,304.13,0.13,301.5,0.07,567.85,0.14,524.8,0.06,370.44,0.15,520.59,0.05,457.8,0.16,509.98
2026-01-07 07:04:09.045000+00:00,2026-01-07 07:04:06.592073+00:00,249.045,0.895,0.89,0.9,0.10500000000000001,0.1,0.11,224.0,707.89,707.89,224.0,0.88,170.0,0.91,195.94,0.87,234.0,0.92,328.13,0.86,466.8,0.93,543.85,0.85,544.59,0.94,370.44,0.84,524.98,0.95,485.2,0.09,195.94,0.12,170.0,0.08,328.13,0.13,234.0,0.07,543.85,0.14,466.8,0.06,370.44,0.15,544.59,0.05,485.2,0.16,524.98
2026-01-07 07:04:10.165000+00:00,2026-01-07 07:04:07.600106+00:00,250.165,0.895,0.89,0.9,0.10500000000000001,0.1,0.11,224.0,637.89,637.89,224.0,0.88,170.0,0.91,255.94,0.87,383.0,0.92,316.13,0.86,481.8,0.93,570.85,0.85,491.59,0.94,385.44,0.84,554.98,0.95,606.2,0.09,255.94,0.12,170.0,0.08,316.13,0.13,383.0,0.07,570.85,0.14,481.8,0.06,385.44,0.15,491.59,0.05,606.2,0.16,554.98
2026-01-07 07:04:11.168000+00:00,2026-01-07 07:04:08.617504+00:00,251.168,0.885,0.88,0.89,0.11499999999999999,0.11,0.12,170.0,85.0,60.0,170.0,0.87,388.0,0.9,651.89,0.86,476.8,0.91,230.94,0.85,520.59,0.92,341.13,0.84,524.98,0.93,570.85,0.83,503.19,0.94,378.88,0.1,651.89,0.13,388.0,0.09,230.94,0.14,476.8,0.08,341.13,0.15,520.59,0.07,570.85,0.16,524.98,0.06,378.88,0.17,503.19
2026-01-07 07:04:12.128000+00:00,2026-01-07 07:04:09.608949+00:00,252.128,0.885,0.88,0.89,0.11499999999999999,0.11,0.12,175.0,5.0,2.75,175.0,0.87,383.0,0.9,659.89,0.86,476.8,0.91,230.94,0.85,520.59,0.92,341.13,0.84,524.98,0.93,581.06,0.83,503.19,0.94,378.88,0.1,659.89,0.13,383.0,0.09,230.94,0.14,476.8,0.08,341.13,0.15,520.59,0.07,581.06,0.16,524.98,0.06,395.54,0.17,503.19
2026-01-07 07:04:13.943000+00:00,2026-01-07 07:04:11.614057+00:00,253.943,0.895,0.89,0.9,0.10500000000000001,0.1,0.11,13.48,692.89,657.89,13.48,0.88,135.0,0.91,218.94,0.87,422.0,0.92,341.13,0.86,469.21,0.93,581.06,0.85,491.59,0.94,395.54,0.84,554.98,0.95,571.2,0.09,218.94,0.12,135.0,0.08,341.13,0.13,576.0,0.07,357.06,0.14,469.21,0.06,395.54,0.15,491.59,0.05,571.2,0.16,554.98
2026-01-07 07:04:14.505000+00:00,2026-01-07 07:04:12.635335+00:00,254.505,0.895,0.89,0.9,0.10500000000000001,0.1,0.11,13.48,657.89,657.89,13.48,0.88,135.0,0.91,218.94,0.87,576.0,0.92,341.13,0.86,459.21,0.93,357.06,0.85,491.59,0.94,395.54,0.84,554.98,0.95,571.2,0.09,218.94,0.12,135.0,0.08,341.13,0.13,576.0,0.07,357.06,0.14,459.21,0.06,395.54,0.15,491.59,0.05,571.2,0.16,554.98
2026-01-07 07:04:16.203000+00:00,2026-01-07 07:04:13.642081+00:00,256.203,0.895,0.89,0.9,0.10500000000000001,0.1,0.11,13.48,631.89,631.89,13.48,0.88,175.0,0.91,244.94,0.87,540.0,0.92,341.13,0.86,447.21,0.93,357.06,0.85,491.59,0.94,395.54,0.84,524.98,0.95,545.2,0.09,244.94,0.12,211.0,0.08,341.13,0.13,552.0,0.07,357.06,0.14,447.21,0.06,395.54,0.15,520.59,0.05,571.2,0.16,524.98
2026-01-07 07:04:17.077000+00:00,2026-01-07 07:04:14.647847+00:00,257.077,0.885,0.88,0.89,0.11499999999999999,0.11,0.12,171.69,7.0,7.0,171.69,0.87,552.0,0.9,649.28,0.86,447.21,0.91,244.94,0.85,520.59,0.92,341.13,0.84,524.98,0.93,357.06,0.83,558.19,0.94,395.54,0.1,649.28,0.13,552.0,0.09,244.94,0.14,447.21,0.08,341.13,0.15,520.59,0.07,357.06,0.16,524.98,0.06,395.54,0.17,558.19
2026-01-07 07:04:18.230000+00:00,2026-01-07 07:04:15.668145+00:00,258.23,0.885,0.88,0.89,0.11499999999999999,0.11,0.12,135.69,7.0,7.0,164.69,0.87,576.0,0.9,649.28,0.86,459.21,0.91,232.94,0.85,520.59,0.92,341.13,0.84,524.98,0.93,357.06,0.83,558.19,0.94,395.54,0.1,649.28,0.13,562.0,0.09,229.95,0.14,459.21,0.08,580.13,0.15,530.59,0.07,357.06,0.16,524.98,0.06,395.54,0.17,558.19
2026-01-07 07:04:19.009000+00:00,2026-01-07 07:04:16.671960+00:00,259.009,0.885,0.88,0.89,0.11499999999999999,0.11,0.12,164.69,7.0,7.0,164.69,0.87,632.0,0.9,649.28,0.86,459.21,0.91,229.95,0.85,520.59,0.92,580.13,0.84,524.98,0.93,357.06,0.83,538.19,0.94,395.54,0.1,649.28,0.13,632.0,0.09,229.95,0.14,459.21,0.08,580.13,0.15,520.59,0.07,357.06,0.16,524.98,0.06,395.54,0.17,538.19
2026-01-07 07:04:20.233000+00:00,2026-01-07 07:04:17.679229+00:00,260.233,0.885,0.88,0.89,0.11499999999999999,0.11,0.12,149.69,2.0,2.0,159.69,0.87,632.0,0.9,649.28,0.86,459.21,0.91,229.95,0.85,520.59,0.92,580.13,0.84,524.98,0.93,357.06,0.83,538.19,0.94,395.54,0.1,649.28,0.13,632.0,0.09,214.95,0.14,459.21,0.08,595.13,0.15,520.59,0.07,357.06,0.16,524.98,0.06,395.54,0.17,538.19
2026-01-07 07:04:21.239000+00:00,2026-01-07 07:04:18.680520+00:00,261.239,0.89,0.88,0.9,0.11,0.1,0.12,149.69,661.28,661.28,149.69,0.87,632.0,0.91,244.94,0.86,459.21,0.92,553.13,0.85,520.59,0.93,357.06,0.84,524.98,0.94,395.54,0.83,538.19,0.95,571.2,0.09,244.94,0.13,632.0,0.08,553.13,0.14,459.21,0.07,357.06,0.15,520.59,0.06,395.54,0.16,524.98,0.05,571.2,0.17,538.19
2026-01-07 07:04:22.136000+00:00,2026-01-07 07:04:19.688732+00:00,262.136,0.89,0.88,0.9,0.11,0.1,0.12,164.69,661.28,661.28,164.69,0.87,579.0,0.91,244.94,0.86,541.8,0.92,553.13,0.85,520.59,0.93,357.06,0.84,524.98,0.94,412.2,0.83,538.19,0.95,571.2,0.09,244.94,0.13,579.0,0.08,553.13,0.14,541.8,0.07,357.06,0.15,520.59,0.06,412.2,0.16,524.98,0.05,571.2,0.17,538.19
2026-01-07 07:04:23.262000+00:00,2026-01-07 07:04:20.690101+00:00,263.262,0.89,0.88,0.9,0.11,0.1,0.12,141.35,661.28,661.28,141.35,0.87,579.0,0.91,244.94,0.86,541.8,0.92,553.13,0.85,520.59,0.93,357.06,0.84,524.98,0.94,412.2,0.83,558.19,0.95,571.2,0.09,244.94,0.13,579.0,0.08,553.13,0.14,541.8,0.07,357.06,0.15,520.59,0.06,412.2,0.16,524.98,0.05,571.2,0.17,558.19
2026-01-07 07:04:24.216000+00:00,2026-01-07 07:04:21.713071+00:00,264.216,0.885,0.88,0.89,0.11499999999999999,0.11,0.12,141.35,7.0,7.0,141.35,0.87,579.0,0.9,656.28,0.86,541.8,0.91,244.94,0.85,520.59,0.92,553.13,0.84,524.98,0.93,357.06,0.83,558.19,0.94,412.2,0.1,661.28,0.13,579.0,0.09,244.94,0.14,541.8,0.08,553.13,0.15,520.59,0.07,357.06,0.16,524.98,0.06,412.2,0.17,558.19
2026-01-07 07:04:25.267000+00:00,2026-01-07 07:04:22.716424+00:00,265.267,0.885,0.88,0.89,0.11499999999999999,0.11,0.12,127.35,7.0,7.0,127.35,0.87,593.0,0.9,700.28,0.86,541.8,0.91,220.94,0.85,491.59,0.92,553.13,0.84,554.98,0.93,369.06,0.83,538.19,0.94,400.2,0.1,685.28,0.13,593.0,0.09,220.94,0.14,541.8,0.08,553.13,0.15,491.59,0.07,369.06,0.16,554.98,0.06,400.2,0.17,538.19
2026-01-07 07:04:26.187000+00:00,2026-01-07 07:04:23.723763+00:00,266.187,0.885,0.88,0.89,0.11499999999999999,0.11,0.12,141.35,7.0,7.0,141.35,0.87,458.0,0.9,685.28,0.86,541.8,0.91,220.94,0.85,491.59,0.92,553.13,0.84,554.98,0.93,369.06,0.83,538.19,0.94,400.2,0.1,685.28,0.13,458.0,0.09,220.94,0.14,541.8,0.08,553.13,0.15,491.59,0.07,369.06,0.16,554.98,0.06,400.2,0.17,538.19
2026-01-07 07:04:27.239000+00:00,2026-01-07 07:04:24.729116+00:00,267.239,0.885,0.88,0.89,0.11499999999999999,0.11,0.12,127.35,7.0,7.0,127.35,0.87,472.0,0.9,700.28,0.86,541.8,0.91,220.94,0.85,491.59,0.92,553.13,0.84,554.98,0.93,369.06,0.83,538.19,0.94,400.2,0.1,700.28,0.13,472.0,0.09,220.94,0.14,541.8,0.08,553.13,0.15,491.59,0.07,369.06,0.16,554.98,0.06,400.2,0.17,538.19
2026-01-07 07:04:28.237000+00:00,2026-01-07 07:04:25.747799+00:00,268.237,0.89,0.88,0.9,0.11,0.1,0.12,127.35,665.28,638.28,141.35,0.87,437.0,0.91,210.94,0.86,531.8,0.92,518.13,0.85,466.59,0.93,334.06,0.84,519.98,0.94,365.2,0.83,503.19,0.95,571.2,0.09,222.94,0.13,423.0,0.08,518.13,0.14,531.8,0.07,334.06,0.15,456.59,0.06,365.2,0.16,519.98,0.05,571.2,0.17,503.19
2026-01-07 07:04:29.326000+00:00,2026-01-07 07:04:26.752783+00:00,269.326,0.89,0.88,0.9,0.11,0.1,0.12,141.35,638.28,638.28,141.35,0.87,199.0,0.91,222.94,0.86,531.8,0.92,518.13,0.85,485.59,0.93,334.06,0.84,489.98,0.94,365.2,0.83,503.19,0.95,571.2,0.09,222.94,0.13,199.0,0.08,518.13,0.14,531.8,0.07,328.85,0.15,485.59,0.06,365.2,0.16,489.98,0.05,571.2,0.17,503.19
2026-01-07 07:04:30.213000+00:00,2026-01-07 07:04:27.759575+00:00,270.213,0.885,0.88,0.89,0.11499999999999999,0.11,0.12,141.35,15.0,15.0,141.35,0.87,199.0,0.9,633.28,0.86,531.8,0.91,222.94,0.85,485.59,0.92,518.13,0.84,489.98,0.93,335.85,0.83,503.19,0.94,365.2,0.1,633.28,0.13,199.0,0.09,222.94,0.14,531.8,0.08,518.13,0.15,485.59,0.07,335.85,0.16,489.98,0.06,370.91,0.17,503.19
2026-01-07 07:04:31.174000+00:00,2026-01-07 07:04:28.767398+00:00,271.174,0.885,0.88,0.89,0.11499999999999999,0.11,0.12,133.01,15.0,15.0,133.01,0.87,199.0,0.9,633.28,0.86,531.8,0.91,222.94,0.85,502.06,0.92,518.13,0.84,489.98,0.93,335.85,0.83,503.19,0.94,370.91,0.1,633.28,0.13,199.0,0.09,222.94,0.14,531.8,0.08,518.13,0.15,502.06,0.07,335.85,0.16,489.98,0.06,370.91,0.17,503.19
2026-01-07 07:04:32.143000+00:00,2026-01-07 07:04:29.771742+00:00,272.143,0.885,0.88,0.89,0.11499999999999999,0.11,0.12,133.01,15.0,15.0,133.01,0.87,199.0,0.9,633.28,0.86,531.8,0.91,222.94,0.85,492.06,0.92,518.13,0.84,489.98,0.93,335.85,0.83,503.19,0.94,370.91,0.1,633.28,0.13,199.0,0.09,222.94,0.14,531.8,0.08,518.13,0.15,492.06,0.07,335.85,0.16,489.98,0.06,370.91,0.17,503.19
2026-01-07 07:04:33.122000+00:00,2026-01-07 07:04:30.778737+00:00,273.122,0.885,0.88,0.89,0.11499999999999999,0.11,0.12,357.01,15.0,15.0,357.01,0.87,199.0,0.9,633.28,0.86,531.8,0.91,222.94,0.85,492.06,0.92,518.13,0.84,489.98,0.93,335.85,0.83,503.19,0.94,370.91,0.1,633.28,0.13,199.0,0.09,222.94,0.14,531.8,0.08,518.13,0.15,492.06,0.07,335.85,0.16,489.98,0.06,370.91,0.17,503.19
2026-01-07 07:04:34.276000+00:00,2026-01-07 07:04:31.785343+00:00,274.276,0.885,0.88,0.89,0.11499999999999999,0.11,0.12,348.67,13.32,13.32,348.67,0.87,199.0,0.9,703.28,0.86,531.8,0.91,222.94,0.85,502.06,0.92,518.13,0.84,489.98,0.93,335.85,0.83,503.19,0.94,370.91,0.1,703.28,0.13,199.0,0.09,222.94,0.14,531.8,0.08,518.13,0.15,502.06,0.07,335.85,0.16,489.98,0.06,370.91,0.17,503.19
2026-01-07 07:04:35.632000+00:00,2026-01-07 07:04:33.801710+00:00,275.632,0.885,0.88,0.89,0.11499999999999999,0.11,0.12,348.67,8.32,8.32,348.67,0.87,199.0,0.9,703.28,0.86,531.8,0.91,222.94,0.85,492.06,0.92,518.13,0.84,489.98,0.93,320.85,0.83,503.19,0.94,390.91,0.1,703.28,0.13,199.0,0.09,222.94,0.14,531.8,0.08,518.13,0.15,492.06,0.07,320.85,0.16,489.98,0.06,390.91,0.17,503.19
2026-01-07 07:04:37.322000+00:00,2026-01-07 07:04:34.809715+00:00,277.322,0.885,0.88,0.89,0.11499999999999999,0.11,0.12,348.67,15.0,15.0,348.67,0.87,234.0,0.9,738.28,0.86,570.8,0.91,232.94,0.85,508.06,0.92,553.13,0.84,524.98,0.93,355.85,0.83,538.19,0.94,425.91,0.1,738.28,0.13,234.0,0.09,232.94,0.14,570.8,0.08,553.13,0.15,508.06,0.07,355.85,0.16,524.98,0.06,425.91,0.17,538.19
2026-01-07 07:04:38.070000+00:00,2026-01-07 07:04:36.821143+00:00,278.07,0.885,0.88,0.89,0.11499999999999999,0.11,0.12,348.67,10.06,10.06,348.67,0.87,234.0,0.9,738.28,0.86,541.8,0.91,232.94,0.85,527.06,0.92,553.13,0.84,524.98,0.93,355.85,0.83,538.19,0.94,425.91,0.1,738.28,0.13,234.0,0.09,232.94,0.14,541.8,0.08,553.13,0.15,527.06,0.07,355.85,0.16,524.98,0.06,425.91,0.17,538.19
2026-01-07 07:04:40.344000+00:00,2026-01-07 07:04:37.828318+00:00,280.344,0.885,0.88,0.89,0.11499999999999999,0.11,0.12,348.67,10.06,10.06,348.67,0.87,234.0,0.9,738.28,0.86,541.8,0.91,232.94,0.85,537.06,0.92,553.13,0.84,524.98,0.93,355.85,0.83,538.19,0.94,425.91,0.1,738.28,0.13,234.0,0.09,232.94,0.14,541.8,0.08,553.13,0.15,537.06,0.07,355.85,0.16,524.98,0.06,425.91,0.17,538.19
2026-01-07 07:04:41.833000+00:00,2026-01-07 07:04:39.842652+00:00,281.833,0.885,0.88,0.89,0.11499999999999999,0.11,0.12,338.69,10.06,10.06,338.69,0.87,234.0,0.9,738.28,0.86,570.8,0.91,232.94,0.85,498.06,0.92,553.13,0.84,524.98,0.93,355.85,0.83,538.19,0.94,425.91,0.1,738.28,0.13,234.0,0.09,232.94,0.14,570.8,0.08,553.13,0.15,498.06,0.07,355.85,0.16,524.98,0.06,425.91,0.17,538.19
2026-01-07 07:04:43.199000+00:00,2026-01-07 07:04:40.846342+00:00,283.199,0.89,0.88,0.9,0.11499999999999999,0.11,0.12,338.69,738.28,15.0,338.69,0.87,234.0,0.91,232.94,0.86,570.8,0.92,553.13,0.85,498.06,0.93,355.85,0.84,524.98,0.94,425.91,0.83,538.19,0.95,571.2,0.1,738.28,0.13,234.0,0.09,232.94,0.14,570.8,0.08,553.13,0.15,508.06,0.07,355.85,0.16,524.98,0.06,425.91,0.17,538.19
2026-01-07 07:04:44.150000+00:00,2026-01-07 07:04:41.852284+00:00,284.15,0.885,0.88,0.89,0.11499999999999999,0.11,0.12,338.69,15.0,15.0,338.69,0.87,234.0,0.9,738.28,0.86,570.8,0.91,232.94,0.85,498.06,0.92,553.13,0.84,524.98,0.93,355.85,0.83,538.19,0.94,425.91,0.1,778.28,0.13,234.0,0.09,232.94,0.14,541.8,0.08,553.13,0.15,527.06,0.07,355.85,0.16,524.98,0.06,425.91,0.17,538.19
2026-01-07 07:04:45.023000+00:00,2026-01-07 07:04:42.857152+00:00,285.023,0.885,0.88,0.89,0.11499999999999999,0.11,0.12,338.69,50.0,50.0,338.69,0.87,234.0,0.9,713.28,0.86,570.8,0.91,257.94,0.85,498.06,0.92,553.13,0.84,524.98,0.93,355.85,0.83,538.19,0.94,390.91,0.1,713.28,0.13,234.0,0.09,257.94,0.14,541.8,0.08,553.13,0.15,498.06,0.07,355.85,0.16,524.98,0.06,390.91,0.17,538.19
2026-01-07 07:04:46.188000+00:00,2026-01-07 07:04:43.864688+00:00,286.188,0.885,0.88,0.89,0.11499999999999999,0.11,0.12,338.69,50.0,50.0,338.69,0.87,234.0,0.9,713.28,0.86,570.8,0.91,257.94,0.85,498.06,0.92,553.13,0.84,524.98,0.93,355.85,0.83,558.19,0.94,390.91,0.1,713.28,0.13,234.0,0.09,257.94,0.14,541.8,0.08,553.13,0.15,527.06,0.07,355.85,0.16,524.98,0.06,390.91,0.17,558.19
2026-01-07 07:04:47.309000+00:00,2026-01-07 07:04:44.885685+00:00,287.309,0.885,0.88,0.89,0.11499999999999999,0.11,0.12,338.69,50.0,50.0,338.69,0.87,234.0,0.9,713.28,0.86,541.8,0.91,257.94,0.85,527.06,0.92,553.13,0.84,524.98,0.93,355.85,0.83,558.19,0.94,390.91,0.1,713.28,0.13,234.0,0.09,257.94,0.14,570.8,0.08,553.13,0.15,498.06,0.07,355.85,0.16,524.98,0.06,390.91,0.17,558.19
2026-01-07 07:04:48.376000+00:00,2026-01-07 07:04:45.889469+00:00,288.376,0.885,0.88,0.89,0.11499999999999999,0.11,0.12,244.0,170.82,170.82,244.0,0.87,115.0,0.9,697.97,0.86,407.0,0.91,195.94,0.85,539.06,0.92,577.13,0.84,499.98,0.93,351.85,0.83,538.19,0.94,491.91,0.1,697.97,0.13,115.0,0.09,195.94,0.14,407.0,0.08,577.13,0.15,539.06,0.07,351.85,0.16,499.98,0.06,491.91,0.17,538.19
2026-01-07 07:04:49.460000+00:00,2026-01-07 07:04:46.898291+00:00,289.46,0.885,0.88,0.89,0.11499999999999999,0.11,0.12,249.0,146.82,134.82,249.0,0.87,127.0,0.9,685.97,0.86,402.0,0.91,207.94,0.85,527.06,0.92,577.13,0.84,499.98,0.93,366.85,0.83,538.19,0.94,491.91,0.1,709.97,0.13,127.0,0.09,207.94,0.14,390.0,0.08,565.13,0.15,527.06,0.07,366.85,0.16,499.98,0.06,491.91,0.17,538.19
2026-01-07 07:04:50.427000+00:00,2026-01-07 07:04:47.902954+00:00,290.427,0.885,0.88,0.89,0.11499999999999999,0.11,0.12,229.0,122.82,122.82,229.0,0.87,163.0,0.9,733.97,0.86,366.0,0.91,207.94,0.85,527.06,0.92,553.13,0.84,499.98,0.93,390.85,0.83,538.19,0.94,491.91,0.1,733.97,0.13,163.0,0.09,207.94,0.14,436.0,0.08,553.13,0.15,527.06,0.07,390.85,0.16,499.98,0.06,491.91,0.17,538.19
2026-01-07 07:04:51.423000+00:00,2026-01-07 07:04:48.910173+00:00,291.423,0.885,0.88,0.89,0.11499999999999999,0.11,0.12,226.1,95.57,95.57,226.1,0.87,189.0,0.9,723.97,0.86,424.0,0.91,207.94,0.85,498.06,0.92,553.13,0.84,529.98,0.93,355.85,0.83,538.19,0.94,491.91,0.1,723.97,0.13,259.0,0.09,207.94,0.14,424.0,0.08,553.13,0.15,498.06,0.07,355.85,0.16,529.98,0.06,491.91,0.17,538.19
2026-01-07 07:04:52.318000+00:00,2026-01-07 07:04:49.931962+00:00,292.318,0.885,0.88,0.89,0.11499999999999999,0.11,0.12,291.1,15.0,15.0,291.1,0.87,213.0,0.9,717.28,0.86,400.0,0.91,208.94,0.85,527.06,0.92,553.13,0.84,489.98,0.93,335.85,0.83,538.19,0.94,491.91,0.1,717.28,0.13,213.0,0.09,208.94,0.14,400.0,0.08,553.13,0.15,527.06,0.07,335.85,0.16,489.98,0.06,491.91,0.17,538.19
2026-01-07 07:04:53.472000+00:00,2026-01-07 07:04:50.939430+00:00,293.472,0.885,0.88,0.89,0.11499999999999999,0.11,0.12,306.1,15.0,15.0,307.76,0.87,248.0,0.9,752.28,0.86,410.0,0.91,218.94,0.85,537.06,0.92,553.13,0.84,524.98,0.93,370.85,0.83,538.19,0.94,526.91,0.1,752.28,0.13,248.0,0.09,218.94,0.14,410.0,0.08,553.13,0.15,527.06,0.07,370.85,0.16,524.98,0.06,526.91,0.17,538.19
2026-01-07 07:04:54.434000+00:00,2026-01-07 07:04:51.943563+00:00,294.434,0.885,0.88,0.89,0.10500000000000001,0.1,0.11,305.76,15.0,728.28,90.0,0.87,248.0,0.9,752.28,0.86,410.0,0.91,218.94,0.85,527.06,0.92,553.13,0.84,524.98,0.93,370.85,0.83,538.19,0.94,526.91,0.09,206.94,0.12,292.76,0.08,553.13,0.13,236.0,0.07,358.85,0.14,398.0,0.06,526.91,0.15,527.06,0.05,571.2,0.16,524.98
