timestamp,collected_at,seconds,mid,bid,ask,asset
2026-01-06 18:45:00+00:00,,0.0,ETH,3222.4,3222.31,18:45:00
2026-01-06 18:45:01+00:00,,1.0,ETH,3222.51,3222.34,18:45:01
2026-01-06 18:45:02+00:00,,2.0,ETH,3222.49,3222.34,18:45:02
2026-01-06 18:45:03+00:00,,3.0,ETH,3222.36,3222.25,18:45:03
2026-01-06 18:45:04+00:00,,4.0,ETH,3221.97,3221.88,18:45:04
2026-01-06 18:45:05+00:00,,5.0,ETH,3221.95,3221.91,18:45:05
2026-01-06 18:45:06+00:00,,6.0,ETH,3221.83,3221.71,18:45:06
2026-01-06 18:45:07+00:00,,7.0,ETH,3221.85,3221.73,18:45:07
2026-01-06 18:45:08+00:00,,8.0,ETH,3221.73,3221.66,18:45:08
2026-01-06 18:45:09+00:00,,9.0,ETH,3221.73,3221.64,18:45:09
2026-01-06 18:45:10+00:00,,10.0,ETH,3222.39,3222.07,18:45:10
2026-01-06 18:45:11+00:00,,11.0,ETH,3222.58,3222.42,18:45:11
2026-01-06 18:45:12+00:00,,12.0,ETH,3222.73,3222.43,18:45:12
2026-01-06 18:45:13+00:00,,13.0,ETH,3222.72,3222.64,18:45:13
2026-01-06 18:45:14+00:00,,14.0,ETH,3222.79,3222.63,18:45:14
2026-01-06 18:45:15+00:00,,15.0,ETH,3222.9,3222.76,18:45:15
2026-01-06 18:45:16+00:00,,16.0,ETH,3223.05,3222.78,18:45:16
2026-01-06 18:45:17+00:00,,17.0,ETH,3223.4,3223.17,18:45:17
2026-01-06 18:45:18+00:00,,18.0,ETH,3223.3,3223.25,18:45:18
2026-01-06 18:45:19+00:00,,19.0,ETH,3223.43,3223.32,18:45:19
2026-01-06 18:45:20+00:00,,20.0,ETH,3223.44,3223.31,18:45:20
2026-01-06 18:45:21+00:00,,21.0,ETH,3223.45,3223.3,18:45:21
2026-01-06 18:45:22+00:00,,22.0,ETH,3223.47,3223.29,18:45:22
2026-01-06 18:45:23+00:00,,23.0,ETH,3223.5,3223.38,18:45:23
2026-01-06 18:45:24+00:00,,24.0,ETH,3223.49,3223.29,18:45:24
2026-01-06 18:45:25+00:00,,25.0,ETH,3223.68,3223.4,18:45:25
2026-01-06 18:45:26+00:00,,26.0,ETH,3223.8,3223.6,18:45:26
2026-01-06 18:45:27+00:00,,27.0,ETH,3223.74,3223.63,18:45:27
2026-01-06 18:45:28+00:00,,28.0,ETH,3223.75,3223.61,18:45:28
2026-01-06 18:45:29+00:00,,29.0,ETH,3223.73,3223.66,18:45:29
2026-01-06 18:45:30+00:00,,30.0,ETH,3223.71,3223.66,18:45:30
2026-01-06 18:45:31+00:00,,31.0,ETH,3223.52,3223.41,18:45:31
2026-01-06 18:45:32+00:00,,32.0,ETH,3222.92,3222.78,18:45:32
2026-01-06 18:45:33+00:00,,33.0,ETH,3222.41,3222.35,18:45:33
2026-01-06 18:45:34+00:00,,34.0,ETH,3222.34,3222.29,18:45:34
2026-01-06 18:45:35+00:00,,35.0,ETH,3222.29,3222.25,18:45:35
2026-01-06 18:45:36+00:00,,36.0,ETH,3222.3,3222.21,18:45:36
2026-01-06 18:45:37+00:00,,37.0,ETH,3222.3,3222.21,18:45:37
2026-01-06 18:45:38+00:00,,38.0,ETH,3222.34,3222.21,18:45:38
2026-01-06 18:45:39+00:00,,39.0,ETH,3222.35,3222.17,18:45:39
2026-01-06 18:45:40+00:00,,40.0,ETH,3222.32,3222.14,18:45:40
2026-01-06 18:45:41+00:00,,41.0,ETH,3222.43,3222.17,18:45:41
2026-01-06 18:45:42+00:00,,42.0,ETH,3222.5,3222.24,18:45:42
2026-01-06 18:45:43+00:00,,43.0,ETH,3222.55,3222.27,18:45:43
2026-01-06 18:45:44+00:00,,44.0,ETH,3222.56,3222.26,18:45:44
2026-01-06 18:45:45+00:00,,45.0,ETH,3222.57,3222.33,18:45:45
2026-01-06 18:45:46+00:00,,46.0,ETH,3222.58,3222.48,18:45:46
2026-01-06 18:45:47+00:00,,47.0,ETH,3222.59,3222.55,18:45:47
2026-01-06 18:45:48+00:00,,48.0,ETH,3222.83,3222.58,18:45:48
2026-01-06 18:45:49+00:00,,49.0,ETH,3222.88,3222.68,18:45:49
2026-01-06 18:45:50+00:00,,50.0,ETH,3223.32,3223.18,18:45:50
2026-01-06 18:45:51+00:00,,51.0,ETH,3223.76,3223.52,18:45:51
2026-01-06 18:45:52+00:00,,52.0,ETH,3223.76,3223.53,18:45:52
2026-01-06 18:45:53+00:00,,53.0,ETH,3223.8,3223.56,18:45:53
2026-01-06 18:45:54+00:00,,54.0,ETH,3223.8,3223.52,18:45:54
2026-01-06 18:45:55+00:00,,55.0,ETH,3223.62,3223.4,18:45:55
2026-01-06 18:45:56+00:00,,56.0,ETH,3223.53,3223.4,18:45:56
2026-01-06 18:45:57+00:00,,57.0,ETH,3223.55,3223.39,18:45:57
2026-01-06 18:45:58+00:00,,58.0,ETH,3223.55,3223.39,18:45:58
2026-01-06 18:45:59+00:00,,59.0,ETH,3223.48,3223.39,18:45:59
2026-01-06 18:46:00+00:00,,60.0,ETH,3223.2,3223.14,18:46:00
2026-01-06 18:46:01+00:00,,61.0,ETH,3222.91,3222.8,18:46:01
2026-01-06 18:46:02+00:00,,62.0,ETH,3222.75,3222.73,18:46:02
2026-01-06 18:46:03+00:00,,63.0,ETH,3222.34,3222.25,18:46:03
2026-01-06 18:46:04+00:00,,64.0,ETH,3222.33,3222.24,18:46:04
2026-01-06 18:46:05+00:00,,65.0,ETH,3222.3,3222.26,18:46:05
2026-01-06 18:46:06+00:00,,66.0,ETH,3222.07,3222.04,18:46:06
2026-01-06 18:46:07+00:00,,67.0,ETH,3221.84,3221.82,18:46:07
2026-01-06 18:46:08+00:00,,68.0,ETH,3221.66,3221.62,18:46:08
2026-01-06 18:46:09+00:00,,69.0,ETH,3221.5,3221.38,18:46:09
2026-01-06 18:46:10+00:00,,70.0,ETH,3221.4,3221.3,18:46:10
2026-01-06 18:46:11+00:00,,71.0,ETH,3221.32,3221.3,18:46:11
2026-01-06 18:46:12+00:00,,72.0,ETH,3221.34,3221.33,18:46:12
2026-01-06 18:46:13+00:00,,73.0,ETH,3222.0,3221.9,18:46:13
2026-01-06 18:46:14+00:00,,74.0,ETH,3222.02,3221.87,18:46:14
2026-01-06 18:46:15+00:00,,75.0,ETH,3222.03,3221.75,18:46:15
2026-01-06 18:46:16+00:00,,76.0,ETH,3222.09,3222.03,18:46:16
2026-01-06 18:46:17+00:00,,77.0,ETH,3222.16,3221.92,18:46:17
2026-01-06 18:46:18+00:00,,78.0,ETH,3222.33,3222.16,18:46:18
2026-01-06 18:46:19+00:00,,79.0,ETH,3222.37,3222.2,18:46:19
2026-01-06 18:46:20+00:00,,80.0,ETH,3222.9,3222.84,18:46:20
2026-01-06 18:46:21+00:00,,81.0,ETH,3223.37,3223.3,18:46:21
2026-01-06 18:46:22+00:00,,82.0,ETH,3224.08,3223.93,18:46:22
2026-01-06 18:46:23+00:00,,83.0,ETH,3224.08,3223.93,18:46:23
2026-01-06 18:46:24+00:00,,84.0,ETH,3224.85,3224.59,18:46:24
2026-01-06 18:46:25+00:00,,85.0,ETH,3224.93,3224.66,18:46:25
2026-01-06 18:46:26+00:00,,86.0,ETH,3224.75,3224.66,18:46:26
2026-01-06 18:46:27+00:00,,87.0,ETH,3224.71,3224.5,18:46:27
2026-01-06 18:46:28+00:00,,88.0,ETH,3224.71,3224.5,18:46:28
2026-01-06 18:46:29+00:00,,89.0,ETH,3224.69,3224.51,18:46:29
2026-01-06 18:46:30+00:00,,90.0,ETH,3224.74,3224.67,18:46:30
2026-01-06 18:46:31+00:00,,91.0,ETH,3224.96,3224.91,18:46:31
2026-01-06 18:46:32+00:00,,92.0,ETH,3225.04,3224.96,18:46:32
2026-01-06 18:46:33+00:00,,93.0,ETH,3225.1,3224.95,18:46:33
2026-01-06 18:46:34+00:00,,94.0,ETH,3225.09,3224.93,18:46:34
2026-01-06 18:46:35+00:00,,95.0,ETH,3225.1,3224.95,18:46:35
2026-01-06 18:46:36+00:00,,96.0,ETH,3225.51,3225.4,18:46:36
2026-01-06 18:46:37+00:00,,97.0,ETH,3225.76,3225.65,18:46:37
2026-01-06 18:46:38+00:00,,98.0,ETH,3225.5,3225.41,18:46:38
2026-01-06 18:46:39+00:00,,99.0,ETH,3225.46,3225.42,18:46:39
2026-01-06 18:46:40+00:00,,100.0,ETH,3225.51,3225.45,18:46:40
2026-01-06 18:46:41+00:00,,101.0,ETH,3225.95,3225.86,18:46:41
2026-01-06 18:46:42+00:00,,102.0,ETH,3226.41,3226.26,18:46:42
2026-01-06 18:46:43+00:00,,103.0,ETH,3226.41,3226.23,18:46:43
2026-01-06 18:46:44+00:00,,104.0,ETH,3226.23,3226.07,18:46:44
2026-01-06 18:46:45+00:00,,105.0,ETH,3225.91,3225.81,18:46:45
2026-01-06 18:46:46+00:00,,106.0,ETH,3226.02,3225.91,18:46:46
2026-01-06 18:46:47+00:00,,107.0,ETH,3226.29,3226.14,18:46:47
2026-01-06 18:46:48+00:00,,108.0,ETH,3226.28,3226.11,18:46:48
2026-01-06 18:46:49+00:00,,109.0,ETH,3226.26,3226.06,18:46:49
2026-01-06 18:46:50+00:00,,110.0,ETH,3226.25,3226.11,18:46:50
2026-01-06 18:46:51+00:00,,111.0,ETH,3226.25,3226.12,18:46:51
2026-01-06 18:46:52+00:00,,112.0,ETH,3226.15,3226.05,18:46:52
2026-01-06 18:46:53+00:00,,113.0,ETH,3225.91,3225.88,18:46:53
2026-01-06 18:46:54+00:00,,114.0,ETH,3225.79,3225.76,18:46:54
2026-01-06 18:46:55+00:00,,115.0,ETH,3225.76,3225.73,18:46:55
2026-01-06 18:46:56+00:00,,116.0,ETH,3225.79,3225.73,18:46:56
2026-01-06 18:46:57+00:00,,117.0,ETH,3225.86,3225.79,18:46:57
2026-01-06 18:46:58+00:00,,118.0,ETH,3225.87,3225.8,18:46:58
2026-01-06 18:46:59+00:00,,119.0,ETH,3225.88,3225.8,18:46:59
2026-01-06 18:47:00+00:00,,120.0,ETH,3225.87,3225.8,18:47:00
2026-01-06 18:47:01+00:00,,121.0,ETH,3225.61,3225.53,18:47:01
2026-01-06 18:47:02+00:00,,122.0,ETH,3225.37,3225.25,18:47:02
2026-01-06 18:47:03+00:00,,123.0,ETH,3225.34,3225.21,18:47:03
2026-01-06 18:47:04+00:00,,124.0,ETH,3225.28,3225.19,18:47:04
2026-01-06 18:47:05+00:00,,125.0,ETH,3225.24,3225.09,18:47:05
2026-01-06 18:47:06+00:00,,126.0,ETH,3225.16,3225.01,18:47:06
2026-01-06 18:47:07+00:00,,127.0,ETH,3225.11,3225.04,18:47:07
2026-01-06 18:47:08+00:00,,128.0,ETH,3225.0,3224.87,18:47:08
2026-01-06 18:47:09+00:00,,129.0,ETH,3224.89,3224.74,18:47:09
2026-01-06 18:47:10+00:00,,130.0,ETH,3224.87,3224.8,18:47:10
2026-01-06 18:47:11+00:00,,131.0,ETH,3224.84,3224.81,18:47:11
2026-01-06 18:47:12+00:00,,132.0,ETH,3224.85,3224.78,18:47:12
2026-01-06 18:47:13+00:00,,133.0,ETH,3224.83,3224.74,18:47:13
2026-01-06 18:47:14+00:00,,134.0,ETH,3224.88,3224.82,18:47:14
2026-01-06 18:47:15+00:00,,135.0,ETH,3225.03,3224.99,18:47:15
2026-01-06 18:47:16+00:00,,136.0,ETH,3224.85,3224.82,18:47:16
2026-01-06 18:47:18+00:00,,138.0,ETH,3224.8,3224.53,18:47:18
2026-01-06 18:47:19+00:00,,139.0,ETH,3224.85,3224.76,18:47:19
2026-01-06 18:47:20+00:00,,140.0,ETH,3224.85,3224.73,18:47:20
2026-01-06 18:47:21+00:00,,141.0,ETH,3224.81,3224.72,18:47:21
2026-01-06 18:47:22+00:00,,142.0,ETH,3224.81,3224.61,18:47:22
2026-01-06 18:47:23+00:00,,143.0,ETH,3225.25,3225.12,18:47:23
2026-01-06 18:47:24+00:00,,144.0,ETH,3225.2,3225.09,18:47:24
2026-01-06 18:47:25+00:00,,145.0,ETH,3225.21,3225.04,18:47:25
2026-01-06 18:47:26+00:00,,146.0,ETH,3225.36,3225.18,18:47:26
2026-01-06 18:47:27+00:00,,147.0,ETH,3225.46,3225.22,18:47:27
2026-01-06 18:47:28+00:00,,148.0,ETH,3225.61,3225.45,18:47:28
2026-01-06 18:47:29+00:00,,149.0,ETH,3225.92,3225.85,18:47:29
2026-01-06 18:47:30+00:00,,150.0,ETH,3226.17,3226.07,18:47:30
2026-01-06 18:47:31+00:00,,151.0,ETH,3226.34,3226.25,18:47:31
2026-01-06 18:47:32+00:00,,152.0,ETH,3226.56,3226.51,18:47:32
2026-01-06 18:47:33+00:00,,153.0,ETH,3226.6,3226.51,18:47:33
2026-01-06 18:47:34+00:00,,154.0,ETH,3226.61,3226.46,18:47:34
2026-01-06 18:47:35+00:00,,155.0,ETH,3226.56,3226.46,18:47:35
2026-01-06 18:47:36+00:00,,156.0,ETH,3226.4,3226.28,18:47:36
2026-01-06 18:47:37+00:00,,157.0,ETH,3226.37,3226.14,18:47:37
2026-01-06 18:47:38+00:00,,158.0,ETH,3226.35,3226.12,18:47:38
2026-01-06 18:47:39+00:00,,159.0,ETH,3226.24,3226.09,18:47:39
2026-01-06 18:47:40+00:00,,160.0,ETH,3226.23,3226.16,18:47:40
2026-01-06 18:47:41+00:00,,161.0,ETH,3226.28,3226.24,18:47:41
2026-01-06 18:47:42+00:00,,162.0,ETH,3226.26,3226.14,18:47:42
2026-01-06 18:47:43+00:00,,163.0,ETH,3226.34,3226.14,18:47:43
2026-01-06 18:47:44+00:00,,164.0,ETH,3226.47,3226.3,18:47:44
2026-01-06 18:47:45+00:00,,165.0,ETH,3226.52,3226.38,18:47:45
2026-01-06 18:47:46+00:00,,166.0,ETH,3226.68,3226.59,18:47:46
2026-01-06 18:47:47+00:00,,167.0,ETH,3227.84,3227.75,18:47:47
2026-01-06 18:47:48+00:00,,168.0,ETH,3228.86,3228.79,18:47:48
2026-01-06 18:47:49+00:00,,169.0,ETH,3229.12,3229.01,18:47:49
2026-01-06 18:47:50+00:00,,170.0,ETH,3229.42,3229.21,18:47:50
2026-01-06 18:47:51+00:00,,171.0,ETH,3229.5,3229.34,18:47:51
2026-01-06 18:47:52+00:00,,172.0,ETH,3229.87,3229.78,18:47:52
2026-01-06 18:47:53+00:00,,173.0,ETH,3229.89,3229.71,18:47:53
2026-01-06 18:47:54+00:00,,174.0,ETH,3229.65,3229.44,18:47:54
2026-01-06 18:47:55+00:00,,175.0,ETH,3229.61,3229.53,18:47:55
2026-01-06 18:47:56+00:00,,176.0,ETH,3229.62,3229.55,18:47:56
2026-01-06 18:47:57+00:00,,177.0,ETH,3230.06,3229.92,18:47:57
2026-01-06 18:47:58+00:00,,178.0,ETH,3230.34,3230.17,18:47:58
2026-01-06 18:47:59+00:00,,179.0,ETH,3230.35,3230.15,18:47:59
2026-01-06 18:48:00+00:00,,180.0,ETH,3230.45,3230.34,18:48:00
2026-01-06 18:48:01+00:00,,181.0,ETH,3230.52,3230.48,18:48:01
2026-01-06 18:48:02+00:00,,182.0,ETH,3230.26,3230.22,18:48:02
2026-01-06 18:48:03+00:00,,183.0,ETH,3229.88,3229.88,18:48:03
2026-01-06 18:48:04+00:00,,184.0,ETH,3229.99,3229.98,18:48:04
2026-01-06 18:48:05+00:00,,185.0,ETH,3230.32,3230.25,18:48:05
2026-01-06 18:48:06+00:00,,186.0,ETH,3230.63,3230.49,18:48:06
2026-01-06 18:48:07+00:00,,187.0,ETH,3230.76,3230.67,18:48:07
2026-01-06 18:48:08+00:00,,188.0,ETH,3230.79,3230.68,18:48:08
2026-01-06 18:48:09+00:00,,189.0,ETH,3230.72,3230.61,18:48:09
2026-01-06 18:48:10+00:00,,190.0,ETH,3230.65,3230.59,18:48:10
2026-01-06 18:48:11+00:00,,191.0,ETH,3230.64,3230.51,18:48:11
2026-01-06 18:48:12+00:00,,192.0,ETH,3230.59,3230.41,18:48:12
2026-01-06 18:48:13+00:00,,193.0,ETH,3230.6,3230.45,18:48:13
2026-01-06 18:48:14+00:00,,194.0,ETH,3230.53,3230.4,18:48:14
2026-01-06 18:48:15+00:00,,195.0,ETH,3230.85,3230.69,18:48:15
2026-01-06 18:48:16+00:00,,196.0,ETH,3230.92,3230.76,18:48:16
2026-01-06 18:48:17+00:00,,197.0,ETH,3231.12,3230.97,18:48:17
2026-01-06 18:48:18+00:00,,198.0,ETH,3231.17,3231.08,18:48:18
2026-01-06 18:48:19+00:00,,199.0,ETH,3231.17,3231.03,18:48:19
2026-01-06 18:48:20+00:00,,200.0,ETH,3231.35,3231.09,18:48:20
2026-01-06 18:48:21+00:00,,201.0,ETH,3231.35,3231.07,18:48:21
2026-01-06 18:48:22+00:00,,202.0,ETH,3231.23,3231.06,18:48:22
2026-01-06 18:48:23+00:00,,203.0,ETH,3231.23,3231.11,18:48:23
2026-01-06 18:48:24+00:00,,204.0,ETH,3231.27,3231.1,18:48:24
2026-01-06 18:48:25+00:00,,205.0,ETH,3231.06,3230.73,18:48:25
2026-01-06 18:48:26+00:00,,206.0,ETH,3230.22,3229.97,18:48:26
2026-01-06 18:48:27+00:00,,207.0,ETH,3229.95,3229.77,18:48:27
2026-01-06 18:48:28+00:00,,208.0,ETH,3229.81,3229.69,18:48:28
2026-01-06 18:48:29+00:00,,209.0,ETH,3229.7,3229.68,18:48:29
2026-01-06 18:48:30+00:00,,210.0,ETH,3229.7,3229.67,18:48:30
2026-01-06 18:48:31+00:00,,211.0,ETH,3229.56,3229.53,18:48:31
2026-01-06 18:48:32+00:00,,212.0,ETH,3229.15,3229.01,18:48:32
2026-01-06 18:48:33+00:00,,213.0,ETH,3228.84,3228.61,18:48:33
2026-01-06 18:48:34+00:00,,214.0,ETH,3228.83,3228.69,18:48:34
2026-01-06 18:48:35+00:00,,215.0,ETH,3229.01,3228.9,18:48:35
2026-01-06 18:48:36+00:00,,216.0,ETH,3229.15,3229.0,18:48:36
2026-01-06 18:48:37+00:00,,217.0,ETH,3229.12,3228.97,18:48:37
2026-01-06 18:48:38+00:00,,218.0,ETH,3229.26,3229.14,18:48:38
2026-01-06 18:48:39+00:00,,219.0,ETH,3229.36,3229.25,18:48:39
2026-01-06 18:48:40+00:00,,220.0,ETH,3229.27,3229.25,18:48:40
2026-01-06 18:48:41+00:00,,221.0,ETH,3229.25,3229.23,18:48:41
2026-01-06 18:48:42+00:00,,222.0,ETH,3229.03,3228.97,18:48:42
2026-01-06 18:48:43+00:00,,223.0,ETH,3229.01,3228.96,18:48:43
2026-01-06 18:48:44+00:00,,224.0,ETH,3228.98,3228.94,18:48:44
2026-01-06 18:48:45+00:00,,225.0,ETH,3228.74,3228.69,18:48:45
2026-01-06 18:48:46+00:00,,226.0,ETH,3228.81,3228.66,18:48:46
2026-01-06 18:48:47+00:00,,227.0,ETH,3228.24,3228.14,18:48:47
2026-01-06 18:48:48+00:00,,228.0,ETH,3228.09,3228.04,18:48:48
2026-01-06 18:48:49+00:00,,229.0,ETH,3227.96,3227.89,18:48:49
2026-01-06 18:48:50+00:00,,230.0,ETH,3227.66,3227.45,18:48:50
2026-01-06 18:48:51+00:00,,231.0,ETH,3227.15,3227.14,18:48:51
2026-01-06 18:48:52+00:00,,232.0,ETH,3227.12,3227.11,18:48:52
2026-01-06 18:48:53+00:00,,233.0,ETH,3227.11,3227.03,18:48:53
2026-01-06 18:48:54+00:00,,234.0,ETH,3227.07,3227.05,18:48:54
2026-01-06 18:48:55+00:00,,235.0,ETH,3227.07,3227.05,18:48:55
2026-01-06 18:48:56+00:00,,236.0,ETH,3226.88,3226.83,18:48:56
2026-01-06 18:48:57+00:00,,237.0,ETH,3226.83,3226.81,18:48:57
2026-01-06 18:48:58+00:00,,238.0,ETH,3226.77,3226.71,18:48:58
2026-01-06 18:48:59+00:00,,239.0,ETH,3226.9,3226.71,18:48:59
2026-01-06 18:49:00+00:00,,240.0,ETH,3226.92,3226.73,18:49:00
2026-01-06 18:49:01+00:00,,241.0,ETH,3226.52,3226.49,18:49:01
2026-01-06 18:49:02+00:00,,242.0,ETH,3226.16,3225.98,18:49:02
2026-01-06 18:49:03+00:00,,243.0,ETH,3226.04,3225.92,18:49:03
2026-01-06 18:49:04+00:00,,244.0,ETH,3226.23,3226.11,18:49:04
2026-01-06 18:49:05+00:00,,245.0,ETH,3226.08,3226.02,18:49:05
2026-01-06 18:49:06+00:00,,246.0,ETH,3225.68,3225.31,18:49:06
2026-01-06 18:49:07+00:00,,247.0,ETH,3224.36,3223.96,18:49:07
2026-01-06 18:49:08+00:00,,248.0,ETH,3223.15,3222.98,18:49:08
2026-01-06 18:49:09+00:00,,249.0,ETH,3222.92,3222.81,18:49:09
2026-01-06 18:49:10+00:00,,250.0,ETH,3222.83,3222.78,18:49:10
2026-01-06 18:49:11+00:00,,251.0,ETH,3223.23,3223.04,18:49:11
2026-01-06 18:49:12+00:00,,252.0,ETH,3223.46,3223.26,18:49:12
2026-01-06 18:49:13+00:00,,253.0,ETH,3223.41,3223.31,18:49:13
2026-01-06 18:49:14+00:00,,254.0,ETH,3223.47,3223.36,18:49:14
2026-01-06 18:49:15+00:00,,255.0,ETH,3223.61,3223.4,18:49:15
2026-01-06 18:49:16+00:00,,256.0,ETH,3223.71,3223.44,18:49:16
2026-01-06 18:49:17+00:00,,257.0,ETH,3223.61,3223.43,18:49:17
2026-01-06 18:49:18+00:00,,258.0,ETH,3223.54,3223.44,18:49:18
2026-01-06 18:49:19+00:00,,259.0,ETH,3223.6,3223.49,18:49:19
2026-01-06 18:49:21+00:00,,261.0,ETH,3223.36,3223.34,18:49:21
2026-01-06 18:49:22+00:00,,262.0,ETH,3223.95,3223.63,18:49:22
2026-01-06 18:49:23+00:00,,263.0,ETH,3224.21,3224.18,18:49:23
2026-01-06 18:49:24+00:00,,264.0,ETH,3224.35,3224.24,18:49:24
2026-01-06 18:49:25+00:00,,265.0,ETH,3224.39,3224.31,18:49:25
2026-01-06 18:49:26+00:00,,266.0,ETH,3224.71,3224.59,18:49:26
2026-01-06 18:49:27+00:00,,267.0,ETH,3225.48,3225.3,18:49:27
2026-01-06 18:49:28+00:00,,268.0,ETH,3225.87,3225.72,18:49:28
2026-01-06 18:49:29+00:00,,269.0,ETH,3225.72,3225.66,18:49:29
2026-01-06 18:49:30+00:00,,270.0,ETH,3225.63,3225.59,18:49:30
2026-01-06 18:49:31+00:00,,271.0,ETH,3225.68,3225.61,18:49:31
2026-01-06 18:49:33+00:00,,273.0,ETH,3225.81,3225.72,18:49:33
2026-01-06 18:49:34+00:00,,274.0,ETH,3225.7,3225.68,18:49:34
2026-01-06 18:49:35+00:00,,275.0,ETH,3225.61,3225.49,18:49:35
2026-01-06 18:49:36+00:00,,276.0,ETH,3225.45,3225.2,18:49:36
2026-01-06 18:49:37+00:00,,277.0,ETH,3225.22,3225.18,18:49:37
2026-01-06 18:49:38+00:00,,278.0,ETH,3225.21,3225.18,18:49:38
2026-01-06 18:49:39+00:00,,279.0,ETH,3225.49,3225.29,18:49:39
2026-01-06 18:49:40+00:00,,280.0,ETH,3225.49,3225.3,18:49:40
2026-01-06 18:49:41+00:00,,281.0,ETH,3225.14,3225.06,18:49:41
2026-01-06 18:49:42+00:00,,282.0,ETH,3224.94,3224.81,18:49:42
2026-01-06 18:49:43+00:00,,283.0,ETH,3224.86,3224.76,18:49:43
2026-01-06 18:49:44+00:00,,284.0,ETH,3224.29,3224.18,18:49:44
2026-01-06 18:49:45+00:00,,285.0,ETH,3224.03,3223.86,18:49:45
2026-01-06 18:49:46+00:00,,286.0,ETH,3223.92,3223.82,18:49:46
2026-01-06 18:49:47+00:00,,287.0,ETH,3224.35,3224.24,18:49:47
2026-01-06 18:49:48+00:00,,288.0,ETH,3224.51,3224.32,18:49:48
2026-01-06 18:49:49+00:00,,289.0,ETH,3224.6,3224.45,18:49:49
2026-01-06 18:49:50+00:00,,290.0,ETH,3224.85,3224.7,18:49:50
2026-01-06 18:49:51+00:00,,291.0,ETH,3225.17,3224.98,18:49:51
2026-01-06 18:49:52+00:00,,292.0,ETH,3225.35,3225.17,18:49:52
2026-01-06 18:49:53+00:00,,293.0,ETH,3225.53,3225.43,18:49:53
2026-01-06 18:49:54+00:00,,294.0,ETH,3225.66,3225.57,18:49:54
2026-01-06 18:49:55+00:00,,295.0,ETH,3225.71,3225.64,18:49:55
2026-01-06 18:49:56+00:00,,296.0,ETH,3225.7,3225.62,18:49:56
2026-01-06 18:49:57+00:00,,297.0,ETH,3225.71,3225.61,18:49:57
2026-01-06 18:49:58+00:00,,298.0,ETH,3225.69,3225.54,18:49:58
2026-01-06 18:49:59+00:00,,299.0,ETH,3225.66,3225.52,18:49:59
2026-01-06 18:50:00+00:00,,300.0,ETH,3225.69,3225.54,18:50:00
2026-01-06 18:50:01+00:00,,301.0,ETH,3225.71,3225.58,18:50:01
2026-01-06 18:50:02+00:00,,302.0,ETH,3225.9,3225.82,18:50:02
2026-01-06 18:50:03+00:00,,303.0,ETH,3226.57,3226.45,18:50:03
2026-01-06 18:50:04+00:00,,304.0,ETH,3227.47,3227.33,18:50:04
2026-01-06 18:50:05+00:00,,305.0,ETH,3227.82,3227.65,18:50:05
2026-01-06 18:50:06+00:00,,306.0,ETH,3227.82,3227.6,18:50:06
2026-01-06 18:50:07+00:00,,307.0,ETH,3227.86,3227.59,18:50:07
2026-01-06 18:50:08+00:00,,308.0,ETH,3227.86,3227.58,18:50:08
2026-01-06 18:50:09+00:00,,309.0,ETH,3227.87,3227.65,18:50:09
2026-01-06 18:50:10+00:00,,310.0,ETH,3227.75,3227.67,18:50:10
2026-01-06 18:50:11+00:00,,311.0,ETH,3227.58,3227.45,18:50:11
2026-01-06 18:50:13+00:00,,313.0,ETH,3227.3,3227.26,18:50:13
2026-01-06 18:50:14+00:00,,314.0,ETH,3227.19,3227.18,18:50:14
2026-01-06 18:50:15+00:00,,315.0,ETH,3227.06,3226.92,18:50:15
2026-01-06 18:50:16+00:00,,316.0,ETH,3226.91,3226.88,18:50:16
2026-01-06 18:50:17+00:00,,317.0,ETH,3226.76,3226.72,18:50:17
2026-01-06 18:50:18+00:00,,318.0,ETH,3226.74,3226.72,18:50:18
2026-01-06 18:50:19+00:00,,319.0,ETH,3226.74,3226.71,18:50:19
2026-01-06 18:50:20+00:00,,320.0,ETH,3226.72,3226.71,18:50:20
2026-01-06 18:50:21+00:00,,321.0,ETH,3226.72,3226.71,18:50:21
2026-01-06 18:50:22+00:00,,322.0,ETH,3226.61,3226.59,18:50:22
2026-01-06 18:50:23+00:00,,323.0,ETH,3226.72,3226.52,18:50:23
2026-01-06 18:50:24+00:00,,324.0,ETH,3226.89,3226.82,18:50:24
2026-01-06 18:50:25+00:00,,325.0,ETH,3227.19,3227.17,18:50:25
2026-01-06 18:50:26+00:00,,326.0,ETH,3227.52,3227.39,18:50:26
2026-01-06 18:50:27+00:00,,327.0,ETH,3227.75,3227.62,18:50:27
2026-01-06 18:50:28+00:00,,328.0,ETH,3227.75,3227.65,18:50:28
2026-01-06 18:50:29+00:00,,329.0,ETH,3227.75,3227.66,18:50:29
2026-01-06 18:50:30+00:00,,330.0,ETH,3227.76,3227.66,18:50:30
2026-01-06 18:50:31+00:00,,331.0,ETH,3227.71,3227.57,18:50:31
2026-01-06 18:50:32+00:00,,332.0,ETH,3227.45,3227.37,18:50:32
2026-01-06 18:50:33+00:00,,333.0,ETH,3227.39,3227.29,18:50:33
2026-01-06 18:50:34+00:00,,334.0,ETH,3226.94,3226.81,18:50:34
2026-01-06 18:50:35+00:00,,335.0,ETH,3226.62,3226.61,18:50:35
2026-01-06 18:50:36+00:00,,336.0,ETH,3226.54,3226.5,18:50:36
2026-01-06 18:50:37+00:00,,337.0,ETH,3226.56,3226.49,18:50:37
2026-01-06 18:50:38+00:00,,338.0,ETH,3226.57,3226.5,18:50:38
2026-01-06 18:50:39+00:00,,339.0,ETH,3226.6,3226.51,18:50:39
2026-01-06 18:50:40+00:00,,340.0,ETH,3226.53,3226.47,18:50:40
2026-01-06 18:50:41+00:00,,341.0,ETH,3226.43,3226.42,18:50:41
2026-01-06 18:50:42+00:00,,342.0,ETH,3226.43,3226.42,18:50:42
2026-01-06 18:50:43+00:00,,343.0,ETH,3226.47,3226.45,18:50:43
2026-01-06 18:50:44+00:00,,344.0,ETH,3226.5,3226.49,18:50:44
2026-01-06 18:50:45+00:00,,345.0,ETH,3226.51,3226.5,18:50:45
2026-01-06 18:50:46+00:00,,346.0,ETH,3226.56,3226.54,18:50:46
2026-01-06 18:50:47+00:00,,347.0,ETH,3226.59,3226.58,18:50:47
2026-01-06 18:50:48+00:00,,348.0,ETH,3226.56,3226.55,18:50:48
2026-01-06 18:50:49+00:00,,349.0,ETH,3226.45,3226.43,18:50:49
2026-01-06 18:50:50+00:00,,350.0,ETH,3226.33,3226.3,18:50:50
2026-01-06 18:50:51+00:00,,351.0,ETH,3226.3,3226.29,18:50:51
2026-01-06 18:50:52+00:00,,352.0,ETH,3226.3,3226.3,18:50:52
2026-01-06 18:50:53+00:00,,353.0,ETH,3226.28,3226.28,18:50:53
2026-01-06 18:50:54+00:00,,354.0,ETH,3226.52,3226.42,18:50:54
2026-01-06 18:50:55+00:00,,355.0,ETH,3226.79,3226.64,18:50:55
2026-01-06 18:50:56+00:00,,356.0,ETH,3226.84,3226.69,18:50:56
2026-01-06 18:50:57+00:00,,357.0,ETH,3226.88,3226.72,18:50:57
2026-01-06 18:50:58+00:00,,358.0,ETH,3226.91,3226.78,18:50:58
2026-01-06 18:51:00+00:00,,360.0,ETH,3226.95,3226.76,18:51:00
2026-01-06 18:51:01+00:00,,361.0,ETH,3226.87,3226.68,18:51:01
2026-01-06 18:51:02+00:00,,362.0,ETH,3226.98,3226.76,18:51:01
2026-01-06 18:51:03+00:00,,363.0,ETH,3227.35,3227.31,18:51:03
2026-01-06 18:51:04+00:00,,364.0,ETH,3227.71,3227.57,18:51:04
2026-01-06 18:51:05+00:00,,365.0,ETH,3227.28,3227.08,18:51:05
2026-01-06 18:51:06+00:00,,366.0,ETH,3227.22,3227.09,18:51:06
2026-01-06 18:51:07+00:00,,367.0,ETH,3227.11,3227.03,18:51:07
2026-01-06 18:51:08+00:00,,368.0,ETH,3226.93,3226.79,18:51:08
2026-01-06 18:51:09+00:00,,369.0,ETH,3226.79,3226.75,18:51:09
2026-01-06 18:51:10+00:00,,370.0,ETH,3226.6,3226.5,18:51:10
2026-01-06 18:51:11+00:00,,371.0,ETH,3226.5,3226.42,18:51:11
2026-01-06 18:51:12+00:00,,372.0,ETH,3226.35,3226.34,18:51:12
2026-01-06 18:51:13+00:00,,373.0,ETH,3226.33,3226.32,18:51:13
2026-01-06 18:51:14+00:00,,374.0,ETH,3226.35,3226.32,18:51:14
2026-01-06 18:51:15+00:00,,375.0,ETH,3226.35,3226.32,18:51:15
2026-01-06 18:51:16+00:00,,376.0,ETH,3226.35,3226.32,18:51:16
2026-01-06 18:51:17+00:00,,377.0,ETH,3226.95,3226.94,18:51:17
2026-01-06 18:51:18+00:00,,378.0,ETH,3227.2,3226.98,18:51:18
2026-01-06 18:51:19+00:00,,379.0,ETH,3227.2,3227.01,18:51:19
2026-01-06 18:51:20+00:00,,380.0,ETH,3227.32,3227.09,18:51:20
2026-01-06 18:51:21+00:00,,381.0,ETH,3227.33,3227.09,18:51:21
2026-01-06 18:51:22+00:00,,382.0,ETH,3227.09,3227.07,18:51:22
2026-01-06 18:51:23+00:00,,383.0,ETH,3227.2,3227.08,18:51:23
2026-01-06 18:51:24+00:00,,384.0,ETH,3227.45,3227.27,18:51:24
2026-01-06 18:51:25+00:00,,385.0,ETH,3227.46,3227.32,18:51:25
2026-01-06 18:51:26+00:00,,386.0,ETH,3227.29,3227.23,18:51:26
2026-01-06 18:51:27+00:00,,387.0,ETH,3227.21,3227.18,18:51:27
2026-01-06 18:51:28+00:00,,388.0,ETH,3227.24,3227.18,18:51:28
2026-01-06 18:51:29+00:00,,389.0,ETH,3227.21,3227.12,18:51:29
2026-01-06 18:51:30+00:00,,390.0,ETH,3227.19,3227.04,18:51:30
2026-01-06 18:51:31+00:00,,391.0,ETH,3226.79,3226.7,18:51:31
2026-01-06 18:51:32+00:00,,392.0,ETH,3226.38,3226.35,18:51:32
2026-01-06 18:51:33+00:00,,393.0,ETH,3226.29,3226.27,18:51:33
2026-01-06 18:51:34+00:00,,394.0,ETH,3226.22,3226.2,18:51:34
2026-01-06 18:51:35+00:00,,395.0,ETH,3226.22,3226.2,18:51:35
2026-01-06 18:51:36+00:00,,396.0,ETH,3226.19,3226.17,18:51:36
2026-01-06 18:51:37+00:00,,397.0,ETH,3226.28,3226.14,18:51:37
2026-01-06 18:51:38+00:00,,398.0,ETH,3226.59,3226.4,18:51:38
2026-01-06 18:51:39+00:00,,399.0,ETH,3226.78,3226.68,18:51:39
2026-01-06 18:51:40+00:00,,400.0,ETH,3226.85,3226.79,18:51:40
2026-01-06 18:51:41+00:00,,401.0,ETH,3226.96,3226.91,18:51:41
2026-01-06 18:51:42+00:00,,402.0,ETH,3226.85,3226.8,18:51:42
2026-01-06 18:51:43+00:00,,403.0,ETH,3226.65,3226.55,18:51:43
2026-01-06 18:51:44+00:00,,404.0,ETH,3226.58,3226.45,18:51:44
2026-01-06 18:51:45+00:00,,405.0,ETH,3226.51,3226.41,18:51:45
2026-01-06 18:51:47+00:00,,407.0,ETH,3226.38,3226.3,18:51:47
2026-01-06 18:51:48+00:00,,408.0,ETH,3226.62,3226.35,18:51:48
2026-01-06 18:51:49+00:00,,409.0,ETH,3226.57,3226.44,18:51:49
2026-01-06 18:51:50+00:00,,410.0,ETH,3226.54,3226.36,18:51:50
2026-01-06 18:51:51+00:00,,411.0,ETH,3226.58,3226.45,18:51:51
2026-01-06 18:51:52+00:00,,412.0,ETH,3226.67,3226.62,18:51:52
2026-01-06 18:51:53+00:00,,413.0,ETH,3226.95,3226.83,18:51:53
2026-01-06 18:51:54+00:00,,414.0,ETH,3227.24,3227.1,18:51:54
2026-01-06 18:51:55+00:00,,415.0,ETH,3227.29,3227.12,18:51:55
2026-01-06 18:51:56+00:00,,416.0,ETH,3227.24,3227.08,18:51:56
2026-01-06 18:51:57+00:00,,417.0,ETH,3227.2,3227.12,18:51:57
2026-01-06 18:51:58+00:00,,418.0,ETH,3227.18,3227.1,18:51:58
2026-01-06 18:51:59+00:00,,419.0,ETH,3227.13,3227.1,18:51:59
2026-01-06 18:52:00+00:00,,420.0,ETH,3227.11,3227.08,18:52:00
2026-01-06 18:52:01+00:00,,421.0,ETH,3226.97,3226.94,18:52:01
2026-01-06 18:52:02+00:00,,422.0,ETH,3226.66,3226.59,18:52:02
2026-01-06 18:52:03+00:00,,423.0,ETH,3226.4,3226.32,18:52:03
2026-01-06 18:52:04+00:00,,424.0,ETH,3226.28,3226.28,18:52:04
2026-01-06 18:52:05+00:00,,425.0,ETH,3226.43,3226.4,18:52:05
2026-01-06 18:52:06+00:00,,426.0,ETH,3226.72,3226.64,18:52:06
2026-01-06 18:52:07+00:00,,427.0,ETH,3226.99,3226.88,18:52:07
2026-01-06 18:52:08+00:00,,428.0,ETH,3226.94,3226.83,18:52:08
2026-01-06 18:52:09+00:00,,429.0,ETH,3226.73,3226.6,18:52:09
2026-01-06 18:52:10+00:00,,430.0,ETH,3226.7,3226.54,18:52:10
2026-01-06 18:52:11+00:00,,431.0,ETH,3226.78,3226.61,18:52:11
2026-01-06 18:52:12+00:00,,432.0,ETH,3226.87,3226.67,18:52:12
2026-01-06 18:52:13+00:00,,433.0,ETH,3226.81,3226.65,18:52:13
2026-01-06 18:52:14+00:00,,434.0,ETH,3226.75,3226.62,18:52:14
2026-01-06 18:52:15+00:00,,435.0,ETH,3226.75,3226.62,18:52:15
2026-01-06 18:52:16+00:00,,436.0,ETH,3226.5,3226.46,18:52:16
2026-01-06 18:52:17+00:00,,437.0,ETH,3226.41,3226.25,18:52:17
2026-01-06 18:52:18+00:00,,438.0,ETH,3226.4,3226.37,18:52:18
2026-01-06 18:52:19+00:00,,439.0,ETH,3226.48,3226.25,18:52:19
2026-01-06 18:52:20+00:00,,440.0,ETH,3226.88,3226.73,18:52:20
2026-01-06 18:52:21+00:00,,441.0,ETH,3227.07,3226.74,18:52:21
2026-01-06 18:52:22+00:00,,442.0,ETH,3227.27,3227.21,18:52:22
2026-01-06 18:52:23+00:00,,443.0,ETH,3227.29,3227.07,18:52:23
2026-01-06 18:52:24+00:00,,444.0,ETH,3227.29,3227.08,18:52:24
2026-01-06 18:52:25+00:00,,445.0,ETH,3227.29,3227.26,18:52:25
2026-01-06 18:52:26+00:00,,446.0,ETH,3227.85,3227.79,18:52:26
2026-01-06 18:52:27+00:00,,447.0,ETH,3228.23,3228.0,18:52:27
2026-01-06 18:52:28+00:00,,448.0,ETH,3228.24,3228.01,18:52:28
2026-01-06 18:52:29+00:00,,449.0,ETH,3228.24,3228.01,18:52:29
2026-01-06 18:52:30+00:00,,450.0,ETH,3228.14,3228.1,18:52:30
2026-01-06 18:52:31+00:00,,451.0,ETH,3228.01,3227.86,18:52:31
2026-01-06 18:52:32+00:00,,452.0,ETH,3227.49,3227.09,18:52:32
2026-01-06 18:52:33+00:00,,453.0,ETH,3226.44,3226.36,18:52:33
2026-01-06 18:52:34+00:00,,454.0,ETH,3226.38,3226.36,18:52:34
2026-01-06 18:52:35+00:00,,455.0,ETH,3226.38,3226.36,18:52:35
2026-01-06 18:52:36+00:00,,456.0,ETH,3226.21,3226.19,18:52:36
2026-01-06 18:52:37+00:00,,457.0,ETH,3226.05,3226.01,18:52:37
2026-01-06 18:52:38+00:00,,458.0,ETH,3225.95,3225.75,18:52:38
2026-01-06 18:52:39+00:00,,459.0,ETH,3225.75,3225.67,18:52:39
2026-01-06 18:52:40+00:00,,460.0,ETH,3225.75,3225.67,18:52:40
2026-01-06 18:52:41+00:00,,461.0,ETH,3225.73,3225.66,18:52:41
2026-01-06 18:52:42+00:00,,462.0,ETH,3225.72,3225.65,18:52:42
2026-01-06 18:52:43+00:00,,463.0,ETH,3225.76,3225.66,18:52:43
2026-01-06 18:52:44+00:00,,464.0,ETH,3226.9,3226.88,18:52:44
2026-01-06 18:52:45+00:00,,465.0,ETH,3226.94,3226.88,18:52:45
2026-01-06 18:52:46+00:00,,466.0,ETH,3226.94,3226.81,18:52:46
2026-01-06 18:52:47+00:00,,467.0,ETH,3227.09,3226.93,18:52:47
2026-01-06 18:52:48+00:00,,468.0,ETH,3227.07,3226.96,18:52:48
2026-01-06 18:52:49+00:00,,469.0,ETH,3226.89,3226.81,18:52:49
2026-01-06 18:52:50+00:00,,470.0,ETH,3226.69,3226.6,18:52:50
2026-01-06 18:52:51+00:00,,471.0,ETH,3226.44,3226.36,18:52:51
2026-01-06 18:52:52+00:00,,472.0,ETH,3226.26,3226.17,18:52:52
2026-01-06 18:52:53+00:00,,473.0,ETH,3226.19,3226.07,18:52:53
2026-01-06 18:52:54+00:00,,474.0,ETH,3226.14,3226.04,18:52:54
2026-01-06 18:52:55+00:00,,475.0,ETH,3226.11,3226.05,18:52:55
2026-01-06 18:52:56+00:00,,476.0,ETH,3226.14,3226.0,18:52:56
2026-01-06 18:52:57+00:00,,477.0,ETH,3226.16,3225.93,18:52:57
2026-01-06 18:52:58+00:00,,478.0,ETH,3226.16,3225.94,18:52:58
2026-01-06 18:52:59+00:00,,479.0,ETH,3226.16,3225.96,18:52:59
2026-01-06 18:53:00+00:00,,480.0,ETH,3226.16,3225.99,18:53:00
2026-01-06 18:53:01+00:00,,481.0,ETH,3226.16,3225.99,18:53:01
2026-01-06 18:53:02+00:00,,482.0,ETH,3226.1,3225.99,18:53:02
2026-01-06 18:53:03+00:00,,483.0,ETH,3226.03,3225.99,18:53:03
2026-01-06 18:53:04+00:00,,484.0,ETH,3226.03,3225.99,18:53:04
2026-01-06 18:53:05+00:00,,485.0,ETH,3226.03,3225.99,18:53:05
2026-01-06 18:53:06+00:00,,486.0,ETH,3226.03,3225.99,18:53:06
2026-01-06 18:53:07+00:00,,487.0,ETH,3226.03,3225.98,18:53:07
2026-01-06 18:53:08+00:00,,488.0,ETH,3226.03,3225.98,18:53:08
2026-01-06 18:53:09+00:00,,489.0,ETH,3226.04,3225.98,18:53:09
2026-01-06 18:53:10+00:00,,490.0,ETH,3225.94,3225.88,18:53:10
2026-01-06 18:53:11+00:00,,491.0,ETH,3225.85,3225.8,18:53:11
2026-01-06 18:53:12+00:00,,492.0,ETH,3225.85,3225.8,18:53:12
2026-01-06 18:53:13+00:00,,493.0,ETH,3225.9,3225.85,18:53:13
2026-01-06 18:53:14+00:00,,494.0,ETH,3225.94,3225.87,18:53:14
2026-01-06 18:53:15+00:00,,495.0,ETH,3226.02,3225.89,18:53:15
2026-01-06 18:53:16+00:00,,496.0,ETH,3225.91,3225.91,18:53:16
2026-01-06 18:53:17+00:00,,497.0,ETH,3225.01,3224.78,18:53:17
2026-01-06 18:53:18+00:00,,498.0,ETH,3224.91,3224.69,18:53:18
2026-01-06 18:53:19+00:00,,499.0,ETH,3224.57,3224.53,18:53:19
2026-01-06 18:53:20+00:00,,500.0,ETH,3224.54,3224.52,18:53:20
2026-01-06 18:53:21+00:00,,501.0,ETH,3224.52,3224.5,18:53:21
2026-01-06 18:53:22+00:00,,502.0,ETH,3224.97,3224.93,18:53:22
2026-01-06 18:53:23+00:00,,503.0,ETH,3225.54,3225.24,18:53:23
2026-01-06 18:53:24+00:00,,504.0,ETH,3225.54,3225.21,18:53:24
2026-01-06 18:53:25+00:00,,505.0,ETH,3225.58,3225.44,18:53:25
2026-01-06 18:53:26+00:00,,506.0,ETH,3225.76,3225.69,18:53:26
2026-01-06 18:53:27+00:00,,507.0,ETH,3226.09,3225.88,18:53:27
2026-01-06 18:53:28+00:00,,508.0,ETH,3225.99,3225.77,18:53:28
2026-01-06 18:53:29+00:00,,509.0,ETH,3225.84,3225.73,18:53:29
2026-01-06 18:53:30+00:00,,510.0,ETH,3225.75,3225.64,18:53:30
2026-01-06 18:53:32+00:00,,512.0,ETH,3225.67,3225.54,18:53:32
2026-01-06 18:53:33+00:00,,513.0,ETH,3225.67,3225.52,18:53:33
2026-01-06 18:53:34+00:00,,514.0,ETH,3225.73,3225.48,18:53:34
2026-01-06 18:53:35+00:00,,515.0,ETH,3225.72,3225.41,18:53:35
2026-01-06 18:53:36+00:00,,516.0,ETH,3225.31,3225.27,18:53:36
2026-01-06 18:53:37+00:00,,517.0,ETH,3225.31,3225.22,18:53:37
2026-01-06 18:53:38+00:00,,518.0,ETH,3225.01,3224.88,18:53:38
2026-01-06 18:53:39+00:00,,519.0,ETH,3224.93,3224.88,18:53:39
2026-01-06 18:53:40+00:00,,520.0,ETH,3224.93,3224.87,18:53:40
2026-01-06 18:53:41+00:00,,521.0,ETH,3224.93,3224.89,18:53:41
2026-01-06 18:53:42+00:00,,522.0,ETH,3224.85,3224.76,18:53:42
2026-01-06 18:53:43+00:00,,523.0,ETH,3224.57,3224.56,18:53:43
2026-01-06 18:53:44+00:00,,524.0,ETH,3224.41,3224.4,18:53:44
2026-01-06 18:53:45+00:00,,525.0,ETH,3224.4,3224.37,18:53:45
2026-01-06 18:53:46+00:00,,526.0,ETH,3223.89,3223.82,18:53:46
2026-01-06 18:53:47+00:00,,527.0,ETH,3223.81,3223.78,18:53:47
2026-01-06 18:53:48+00:00,,528.0,ETH,3223.28,3222.76,18:53:48
2026-01-06 18:53:49+00:00,,529.0,ETH,3222.92,3222.69,18:53:49
2026-01-06 18:53:50+00:00,,530.0,ETH,3222.67,3222.57,18:53:50
2026-01-06 18:53:51+00:00,,531.0,ETH,3222.78,3222.66,18:53:51
2026-01-06 18:53:52+00:00,,532.0,ETH,3223.32,3223.27,18:53:52
2026-01-06 18:53:53+00:00,,533.0,ETH,3223.45,3223.37,18:53:53
2026-01-06 18:53:54+00:00,,534.0,ETH,3223.47,3223.42,18:53:54
2026-01-06 18:53:55+00:00,,535.0,ETH,3223.45,3223.37,18:53:55
2026-01-06 18:53:56+00:00,,536.0,ETH,3223.45,3223.34,18:53:56
2026-01-06 18:53:57+00:00,,537.0,ETH,3223.38,3223.25,18:53:57
2026-01-06 18:53:58+00:00,,538.0,ETH,3223.27,3223.15,18:53:58
2026-01-06 18:53:59+00:00,,539.0,ETH,3223.22,3223.13,18:53:59
2026-01-06 18:54:00+00:00,,540.0,ETH,3223.18,3223.13,18:54:00
2026-01-06 18:54:01+00:00,,541.0,ETH,3223.18,3223.12,18:54:01
2026-01-06 18:54:02+00:00,,542.0,ETH,3223.19,3223.09,18:54:02
2026-01-06 18:54:03+00:00,,543.0,ETH,3223.16,3223.07,18:54:03
2026-01-06 18:54:04+00:00,,544.0,ETH,3223.12,3223.06,18:54:04
2026-01-06 18:54:05+00:00,,545.0,ETH,3223.06,3223.03,18:54:05
2026-01-06 18:54:06+00:00,,546.0,ETH,3223.05,3222.99,18:54:06
2026-01-06 18:54:07+00:00,,547.0,ETH,3223.03,3222.98,18:54:07
2026-01-06 18:54:08+00:00,,548.0,ETH,3222.97,3222.97,18:54:08
2026-01-06 18:54:09+00:00,,549.0,ETH,3222.97,3222.96,18:54:09
2026-01-06 18:54:10+00:00,,550.0,ETH,3222.97,3222.96,18:54:10
2026-01-06 18:54:11+00:00,,551.0,ETH,3222.97,3222.97,18:54:11
2026-01-06 18:54:12+00:00,,552.0,ETH,3222.99,3222.98,18:54:12
2026-01-06 18:54:13+00:00,,553.0,ETH,3223.01,3223.0,18:54:13
2026-01-06 18:54:14+00:00,,554.0,ETH,3223.01,3223.0,18:54:14
2026-01-06 18:54:15+00:00,,555.0,ETH,3223.01,3223.0,18:54:15
2026-01-06 18:54:16+00:00,,556.0,ETH,3223.01,3223.0,18:54:16
2026-01-06 18:54:17+00:00,,557.0,ETH,3223.01,3223.0,18:54:17
2026-01-06 18:54:18+00:00,,558.0,ETH,3223.01,3222.99,18:54:18
2026-01-06 18:54:19+00:00,,559.0,ETH,3223.01,3222.98,18:54:19
2026-01-06 18:54:20+00:00,,560.0,ETH,3223.1,3223.01,18:54:20
2026-01-06 18:54:21+00:00,,561.0,ETH,3223.11,3223.02,18:54:21
2026-01-06 18:54:22+00:00,,562.0,ETH,3223.03,3223.01,18:54:22
2026-01-06 18:54:23+00:00,,563.0,ETH,3223.3,3223.23,18:54:23
2026-01-06 18:54:24+00:00,,564.0,ETH,3223.62,3223.49,18:54:24
2026-01-06 18:54:25+00:00,,565.0,ETH,3223.63,3223.49,18:54:25
2026-01-06 18:54:26+00:00,,566.0,ETH,3223.47,3223.37,18:54:26
2026-01-06 18:54:27+00:00,,567.0,ETH,3223.12,3223.04,18:54:27
2026-01-06 18:54:28+00:00,,568.0,ETH,3222.87,3222.74,18:54:28
2026-01-06 18:54:29+00:00,,569.0,ETH,3222.7,3222.62,18:54:29
2026-01-06 18:54:30+00:00,,570.0,ETH,3222.5,3222.47,18:54:30
2026-01-06 18:54:31+00:00,,571.0,ETH,3222.38,3222.37,18:54:31
2026-01-06 18:54:32+00:00,,572.0,ETH,3222.3,3222.27,18:54:32
2026-01-06 18:54:33+00:00,,573.0,ETH,3222.14,3222.11,18:54:33
2026-01-06 18:54:35+00:00,,575.0,ETH,3221.98,3221.97,18:54:35
2026-01-06 18:54:36+00:00,,576.0,ETH,3221.96,3221.95,18:54:36
2026-01-06 18:54:37+00:00,,577.0,ETH,3221.96,3221.95,18:54:37
2026-01-06 18:54:38+00:00,,578.0,ETH,3221.99,3221.9,18:54:38
2026-01-06 18:54:39+00:00,,579.0,ETH,3221.9,3221.89,18:54:39
2026-01-06 18:54:40+00:00,,580.0,ETH,3222.26,3222.13,18:54:40
2026-01-06 18:54:41+00:00,,581.0,ETH,3222.42,3222.32,18:54:41
2026-01-06 18:54:42+00:00,,582.0,ETH,3222.76,3222.53,18:54:42
2026-01-06 18:54:43+00:00,,583.0,ETH,3223.22,3222.99,18:54:43
2026-01-06 18:54:44+00:00,,584.0,ETH,3223.34,3223.21,18:54:44
2026-01-06 18:54:45+00:00,,585.0,ETH,3223.33,3223.19,18:54:45
2026-01-06 18:54:46+00:00,,586.0,ETH,3223.34,3223.18,18:54:46
2026-01-06 18:54:47+00:00,,587.0,ETH,3223.35,3223.18,18:54:47
2026-01-06 18:54:48+00:00,,588.0,ETH,3223.36,3223.22,18:54:48
2026-01-06 18:54:49+00:00,,589.0,ETH,3223.39,3223.22,18:54:49
2026-01-06 18:54:50+00:00,,590.0,ETH,3223.42,3223.18,18:54:50
2026-01-06 18:54:51+00:00,,591.0,ETH,3223.42,3223.17,18:54:51
2026-01-06 18:54:52+00:00,,592.0,ETH,3223.42,3223.22,18:54:52
2026-01-06 18:54:53+00:00,,593.0,ETH,3223.3,3223.08,18:54:53
2026-01-06 18:54:54+00:00,,594.0,ETH,3223.18,3222.94,18:54:54
2026-01-06 18:54:55+00:00,,595.0,ETH,3223.17,3222.95,18:54:55
2026-01-06 18:54:56+00:00,,596.0,ETH,3223.15,3222.91,18:54:56
2026-01-06 18:54:57+00:00,,597.0,ETH,3223.14,3223.0,18:54:57
2026-01-06 18:54:58+00:00,,598.0,ETH,3223.16,3223.09,18:54:58
2026-01-06 18:54:59+00:00,,599.0,ETH,3223.15,3223.07,18:54:59
2026-01-06 18:55:00+00:00,,600.0,ETH,3223.23,3223.09,18:55:00
2026-01-06 18:55:01+00:00,,601.0,ETH,3223.21,3223.07,18:55:01
2026-01-06 18:55:02+00:00,,602.0,ETH,3223.08,3222.99,18:55:02
2026-01-06 18:55:03+00:00,,603.0,ETH,3223.04,3222.95,18:55:03
2026-01-06 18:55:04+00:00,,604.0,ETH,3223.0,3222.91,18:55:04
2026-01-06 18:55:05+00:00,,605.0,ETH,3222.88,3222.82,18:55:05
2026-01-06 18:55:06+00:00,,606.0,ETH,3222.75,3222.68,18:55:06
2026-01-06 18:55:08+00:00,,608.0,ETH,3222.68,3222.61,18:55:08
2026-01-06 18:55:09+00:00,,609.0,ETH,3222.6,3222.54,18:55:09
2026-01-06 18:55:10+00:00,,610.0,ETH,3222.45,3222.39,18:55:10
2026-01-06 18:55:11+00:00,,611.0,ETH,3222.22,3222.2,18:55:11
2026-01-06 18:55:12+00:00,,612.0,ETH,3222.05,3221.88,18:55:12
2026-01-06 18:55:13+00:00,,613.0,ETH,3222.02,3221.97,18:55:13
2026-01-06 18:55:14+00:00,,614.0,ETH,3222.77,3222.62,18:55:14
2026-01-06 18:55:15+00:00,,615.0,ETH,3222.68,3222.56,18:55:15
2026-01-06 18:55:16+00:00,,616.0,ETH,3222.67,3222.5,18:55:16
2026-01-06 18:55:17+00:00,,617.0,ETH,3222.81,3222.67,18:55:17
2026-01-06 18:55:18+00:00,,618.0,ETH,3222.9,3222.78,18:55:18
2026-01-06 18:55:19+00:00,,619.0,ETH,3223.17,3222.93,18:55:19
2026-01-06 18:55:20+00:00,,620.0,ETH,3223.15,3222.94,18:55:20
2026-01-06 18:55:21+00:00,,621.0,ETH,3223.15,3222.94,18:55:21
2026-01-06 18:55:22+00:00,,622.0,ETH,3223.04,3222.92,18:55:22
2026-01-06 18:55:23+00:00,,623.0,ETH,3222.97,3222.95,18:55:23
2026-01-06 18:55:24+00:00,,624.0,ETH,3222.93,3222.92,18:55:24
2026-01-06 18:55:25+00:00,,625.0,ETH,3222.93,3222.86,18:55:25
2026-01-06 18:55:26+00:00,,626.0,ETH,3222.99,3222.89,18:55:26
2026-01-06 18:55:27+00:00,,627.0,ETH,3222.92,3222.87,18:55:27
2026-01-06 18:55:28+00:00,,628.0,ETH,3222.96,3222.85,18:55:28
2026-01-06 18:55:29+00:00,,629.0,ETH,3223.03,3222.87,18:55:29
2026-01-06 18:55:30+00:00,,630.0,ETH,3223.03,3222.94,18:55:30
2026-01-06 18:55:31+00:00,,631.0,ETH,3223.07,3223.02,18:55:31
2026-01-06 18:55:32+00:00,,632.0,ETH,3223.04,3222.93,18:55:32
2026-01-06 18:55:33+00:00,,633.0,ETH,3223.02,3222.85,18:55:33
2026-01-06 18:55:34+00:00,,634.0,ETH,3222.97,3222.83,18:55:34
2026-01-06 18:55:35+00:00,,635.0,ETH,3222.98,3222.83,18:55:35
2026-01-06 18:55:36+00:00,,636.0,ETH,3222.99,3222.84,18:55:36
2026-01-06 18:55:37+00:00,,637.0,ETH,3222.96,3222.81,18:55:37
2026-01-06 18:55:38+00:00,,638.0,ETH,3222.78,3222.67,18:55:38
2026-01-06 18:55:39+00:00,,639.0,ETH,3222.65,3222.61,18:55:39
2026-01-06 18:55:40+00:00,,640.0,ETH,3222.61,3222.59,18:55:40
2026-01-06 18:55:41+00:00,,641.0,ETH,3222.54,3222.51,18:55:41
2026-01-06 18:55:42+00:00,,642.0,ETH,3222.47,3222.41,18:55:42
2026-01-06 18:55:43+00:00,,643.0,ETH,3222.3,3222.24,18:55:43
2026-01-06 18:55:44+00:00,,644.0,ETH,3222.18,3222.14,18:55:44
2026-01-06 18:55:45+00:00,,645.0,ETH,3222.17,3222.14,18:55:45
2026-01-06 18:55:46+00:00,,646.0,ETH,3222.17,3222.16,18:55:46
2026-01-06 18:55:47+00:00,,647.0,ETH,3222.16,3222.16,18:55:47
2026-01-06 18:55:48+00:00,,648.0,ETH,3222.16,3222.15,18:55:48
2026-01-06 18:55:49+00:00,,649.0,ETH,3222.16,3222.15,18:55:49
2026-01-06 18:55:50+00:00,,650.0,ETH,3222.23,3222.22,18:55:50
2026-01-06 18:55:51+00:00,,651.0,ETH,3222.33,3222.32,18:55:51
2026-01-06 18:55:52+00:00,,652.0,ETH,3222.36,3222.35,18:55:52
2026-01-06 18:55:53+00:00,,653.0,ETH,3222.36,3222.35,18:55:53
2026-01-06 18:55:54+00:00,,654.0,ETH,3222.36,3222.32,18:55:54
2026-01-06 18:55:55+00:00,,655.0,ETH,3222.35,3222.31,18:55:55
2026-01-06 18:55:56+00:00,,656.0,ETH,3222.35,3222.31,18:55:56
2026-01-06 18:55:57+00:00,,657.0,ETH,3222.39,3222.33,18:55:57
2026-01-06 18:55:58+00:00,,658.0,ETH,3222.4,3222.34,18:55:58
2026-01-06 18:55:59+00:00,,659.0,ETH,3222.35,3222.31,18:55:59
2026-01-06 18:56:00+00:00,,660.0,ETH,3222.28,3222.23,18:56:00
2026-01-06 18:56:01+00:00,,661.0,ETH,3222.18,3222.1,18:56:01
2026-01-06 18:56:02+00:00,,662.0,ETH,3222.15,3222.05,18:56:02
2026-01-06 18:56:03+00:00,,663.0,ETH,3222.11,3222.05,18:56:03
2026-01-06 18:56:04+00:00,,664.0,ETH,3222.16,3222.03,18:56:04
2026-01-06 18:56:05+00:00,,665.0,ETH,3222.58,3222.36,18:56:05
2026-01-06 18:56:06+00:00,,666.0,ETH,3222.88,3222.66,18:56:06
2026-01-06 18:56:07+00:00,,667.0,ETH,3222.75,3222.59,18:56:07
2026-01-06 18:56:08+00:00,,668.0,ETH,3222.58,3222.49,18:56:08
2026-01-06 18:56:09+00:00,,669.0,ETH,3222.45,3222.43,18:56:09
2026-01-06 18:56:10+00:00,,670.0,ETH,3222.35,3222.34,18:56:10
2026-01-06 18:56:11+00:00,,671.0,ETH,3222.31,3222.28,18:56:11
2026-01-06 18:56:12+00:00,,672.0,ETH,3222.27,3222.24,18:56:12
2026-01-06 18:56:13+00:00,,673.0,ETH,3222.17,3222.16,18:56:13
2026-01-06 18:56:14+00:00,,674.0,ETH,3222.07,3222.06,18:56:14
2026-01-06 18:56:15+00:00,,675.0,ETH,3222.04,3222.03,18:56:15
2026-01-06 18:56:16+00:00,,676.0,ETH,3222.04,3222.03,18:56:16
2026-01-06 18:56:17+00:00,,677.0,ETH,3221.99,3221.97,18:56:17
2026-01-06 18:56:18+00:00,,678.0,ETH,3221.54,3221.49,18:56:18
2026-01-06 18:56:19+00:00,,679.0,ETH,3221.21,3221.19,18:56:19
2026-01-06 18:56:20+00:00,,680.0,ETH,3220.88,3220.88,18:56:20
2026-01-06 18:56:21+00:00,,681.0,ETH,3220.79,3220.67,18:56:21
2026-01-06 18:56:22+00:00,,682.0,ETH,3220.64,3220.63,18:56:22
2026-01-06 18:56:23+00:00,,683.0,ETH,3220.62,3220.55,18:56:23
2026-01-06 18:56:24+00:00,,684.0,ETH,3220.5,3220.42,18:56:24
2026-01-06 18:56:25+00:00,,685.0,ETH,3220.5,3220.42,18:56:25
2026-01-06 18:56:26+00:00,,686.0,ETH,3220.5,3220.43,18:56:26
2026-01-06 18:56:27+00:00,,687.0,ETH,3220.5,3220.44,18:56:27
2026-01-06 18:56:28+00:00,,688.0,ETH,3220.5,3220.48,18:56:28
2026-01-06 18:56:29+00:00,,689.0,ETH,3220.47,3220.43,18:56:29
2026-01-06 18:56:30+00:00,,690.0,ETH,3220.19,3219.8,18:56:30
2026-01-06 18:56:31+00:00,,691.0,ETH,3219.55,3219.53,18:56:31
2026-01-06 18:56:32+00:00,,692.0,ETH,3219.55,3219.54,18:56:32
2026-01-06 18:56:33+00:00,,693.0,ETH,3219.56,3219.55,18:56:33
2026-01-06 18:56:34+00:00,,694.0,ETH,3219.56,3219.55,18:56:34
2026-01-06 18:56:35+00:00,,695.0,ETH,3219.56,3219.55,18:56:35
2026-01-06 18:56:36+00:00,,696.0,ETH,3219.56,3219.55,18:56:36
2026-01-06 18:56:37+00:00,,697.0,ETH,3219.46,3219.46,18:56:37
2026-01-06 18:56:38+00:00,,698.0,ETH,3219.46,3219.38,18:56:38
2026-01-06 18:56:39+00:00,,699.0,ETH,3219.29,3219.28,18:56:39
2026-01-06 18:56:40+00:00,,700.0,ETH,3218.71,3218.62,18:56:40
2026-01-06 18:56:41+00:00,,701.0,ETH,3218.34,3218.13,18:56:41
2026-01-06 18:56:42+00:00,,702.0,ETH,3218.44,3218.31,18:56:42
2026-01-06 18:56:43+00:00,,703.0,ETH,3218.49,3218.36,18:56:43
2026-01-06 18:56:44+00:00,,704.0,ETH,3219.28,3219.25,18:56:44
2026-01-06 18:56:45+00:00,,705.0,ETH,3219.43,3219.24,18:56:45
2026-01-06 18:56:46+00:00,,706.0,ETH,3219.11,3218.83,18:56:46
2026-01-06 18:56:47+00:00,,707.0,ETH,3219.09,3218.83,18:56:47
2026-01-06 18:56:48+00:00,,708.0,ETH,3218.93,3218.77,18:56:48
2026-01-06 18:56:49+00:00,,709.0,ETH,3218.89,3218.77,18:56:49
2026-01-06 18:56:50+00:00,,710.0,ETH,3218.89,3218.78,18:56:50
2026-01-06 18:56:51+00:00,,711.0,ETH,3219.03,3219.02,18:56:51
2026-01-06 18:56:52+00:00,,712.0,ETH,3219.17,3219.03,18:56:52
2026-01-06 18:56:53+00:00,,713.0,ETH,3219.34,3219.12,18:56:53
2026-01-06 18:56:54+00:00,,714.0,ETH,3219.22,3219.08,18:56:54
2026-01-06 18:56:55+00:00,,715.0,ETH,3219.01,3218.88,18:56:55
2026-01-06 18:56:56+00:00,,716.0,ETH,3218.91,3218.86,18:56:56
2026-01-06 18:56:57+00:00,,717.0,ETH,3219.04,3218.92,18:56:57
2026-01-06 18:56:58+00:00,,718.0,ETH,3219.2,3219.07,18:56:58
2026-01-06 18:56:59+00:00,,719.0,ETH,3219.19,3218.93,18:56:59
2026-01-06 18:57:00+00:00,,720.0,ETH,3219.19,3218.93,18:57:00
2026-01-06 18:57:01+00:00,,721.0,ETH,3219.1,3218.99,18:57:01
2026-01-06 18:57:02+00:00,,722.0,ETH,3219.02,3218.9,18:57:02
2026-01-06 18:57:03+00:00,,723.0,ETH,3219.04,3218.89,18:57:03
2026-01-06 18:57:04+00:00,,724.0,ETH,3219.03,3218.95,18:57:04
2026-01-06 18:57:05+00:00,,725.0,ETH,3219.04,3218.98,18:57:05
2026-01-06 18:57:06+00:00,,726.0,ETH,3219.1,3218.97,18:57:06
2026-01-06 18:57:07+00:00,,727.0,ETH,3219.29,3218.98,18:57:07
2026-01-06 18:57:08+00:00,,728.0,ETH,3219.73,3219.43,18:57:08
2026-01-06 18:57:09+00:00,,729.0,ETH,3219.74,3219.44,18:57:09
2026-01-06 18:57:10+00:00,,730.0,ETH,3218.9,3218.71,18:57:10
2026-01-06 18:57:11+00:00,,731.0,ETH,3218.67,3218.36,18:57:11
2026-01-06 18:57:12+00:00,,732.0,ETH,3218.77,3218.56,18:57:12
2026-01-06 18:57:13+00:00,,733.0,ETH,3218.87,3218.67,18:57:13
2026-01-06 18:57:14+00:00,,734.0,ETH,3219.07,3218.77,18:57:14
2026-01-06 18:57:15+00:00,,735.0,ETH,3219.09,3218.78,18:57:15
2026-01-06 18:57:16+00:00,,736.0,ETH,3219.1,3218.84,18:57:16
2026-01-06 18:57:17+00:00,,737.0,ETH,3219.1,3219.1,18:57:17
2026-01-06 18:57:18+00:00,,738.0,ETH,3219.09,3218.84,18:57:18
2026-01-06 18:57:19+00:00,,739.0,ETH,3219.09,3219.02,18:57:19
2026-01-06 18:57:20+00:00,,740.0,ETH,3219.09,3218.79,18:57:20
2026-01-06 18:57:21+00:00,,741.0,ETH,3219.08,3218.79,18:57:21
2026-01-06 18:57:22+00:00,,742.0,ETH,3219.06,3218.77,18:57:22
2026-01-06 18:57:23+00:00,,743.0,ETH,3218.85,3218.77,18:57:23
2026-01-06 18:57:24+00:00,,744.0,ETH,3218.65,3218.55,18:57:24
2026-01-06 18:57:25+00:00,,745.0,ETH,3218.33,3218.32,18:57:25
2026-01-06 18:57:26+00:00,,746.0,ETH,3218.29,3218.24,18:57:26
2026-01-06 18:57:27+00:00,,747.0,ETH,3218.32,3218.29,18:57:27
2026-01-06 18:57:28+00:00,,748.0,ETH,3218.4,3218.29,18:57:28
2026-01-06 18:57:29+00:00,,749.0,ETH,3218.4,3218.26,18:57:29
2026-01-06 18:57:30+00:00,,750.0,ETH,3218.4,3218.36,18:57:30
2026-01-06 18:57:31+00:00,,751.0,ETH,3218.4,3218.3,18:57:31
2026-01-06 18:57:32+00:00,,752.0,ETH,3218.63,3218.5,18:57:32
2026-01-06 18:57:33+00:00,,753.0,ETH,3218.48,3218.29,18:57:33
2026-01-06 18:57:34+00:00,,754.0,ETH,3218.15,3218.08,18:57:34
2026-01-06 18:57:35+00:00,,755.0,ETH,3218.04,3218.01,18:57:35
2026-01-06 18:57:36+00:00,,756.0,ETH,3217.83,3217.75,18:57:36
2026-01-06 18:57:37+00:00,,757.0,ETH,3217.73,3217.67,18:57:37
2026-01-06 18:57:38+00:00,,758.0,ETH,3217.77,3217.67,18:57:38
2026-01-06 18:57:39+00:00,,759.0,ETH,3218.01,3217.94,18:57:39
2026-01-06 18:57:40+00:00,,760.0,ETH,3218.0,3217.94,18:57:40
2026-01-06 18:57:41+00:00,,761.0,ETH,3217.94,3217.88,18:57:41
2026-01-06 18:57:42+00:00,,762.0,ETH,3217.94,3217.86,18:57:42
2026-01-06 18:57:43+00:00,,763.0,ETH,3217.88,3217.68,18:57:43
2026-01-06 18:57:44+00:00,,764.0,ETH,3217.81,3217.68,18:57:44
2026-01-06 18:57:45+00:00,,765.0,ETH,3217.98,3217.97,18:57:45
2026-01-06 18:57:46+00:00,,766.0,ETH,3218.02,3218.01,18:57:46
2026-01-06 18:57:47+00:00,,767.0,ETH,3217.85,3217.77,18:57:47
2026-01-06 18:57:48+00:00,,768.0,ETH,3217.97,3217.85,18:57:48
2026-01-06 18:57:49+00:00,,769.0,ETH,3218.01,3217.86,18:57:49
2026-01-06 18:57:50+00:00,,770.0,ETH,3218.01,3217.86,18:57:50
2026-01-06 18:57:51+00:00,,771.0,ETH,3218.01,3217.86,18:57:51
2026-01-06 18:57:52+00:00,,772.0,ETH,3218.01,3217.83,18:57:52
2026-01-06 18:57:53+00:00,,773.0,ETH,3218.28,3218.27,18:57:53
2026-01-06 18:57:54+00:00,,774.0,ETH,3218.21,3217.99,18:57:54
2026-01-06 18:57:55+00:00,,775.0,ETH,3218.23,3217.99,18:57:55
2026-01-06 18:57:56+00:00,,776.0,ETH,3218.2,3218.0,18:57:55
2026-01-06 18:57:57+00:00,,777.0,ETH,3217.94,3217.85,18:57:57
2026-01-06 18:57:58+00:00,,778.0,ETH,3217.91,3217.74,18:57:57
2026-01-06 18:57:59+00:00,,779.0,ETH,3217.66,3217.61,18:57:59
2026-01-06 18:58:00+00:00,,780.0,ETH,3217.64,3217.5,18:58:00
2026-01-06 18:58:01+00:00,,781.0,ETH,3217.63,3217.51,18:58:01
2026-01-06 18:58:02+00:00,,782.0,ETH,3217.78,3217.71,18:58:02
2026-01-06 18:58:03+00:00,,783.0,ETH,3218.01,3217.79,18:58:03
2026-01-06 18:58:04+00:00,,784.0,ETH,3218.01,3217.77,18:58:04
2026-01-06 18:58:05+00:00,,785.0,ETH,3218.03,3217.99,18:58:05
2026-01-06 18:58:06+00:00,,786.0,ETH,3218.05,3217.82,18:58:06
2026-01-06 18:58:07+00:00,,787.0,ETH,3218.1,3217.82,18:58:07
2026-01-06 18:58:08+00:00,,788.0,ETH,3218.11,3217.82,18:58:08
2026-01-06 18:58:09+00:00,,789.0,ETH,3218.26,3218.02,18:58:09
2026-01-06 18:58:10+00:00,,790.0,ETH,3218.22,3218.0,18:58:10
2026-01-06 18:58:11+00:00,,791.0,ETH,3218.18,3217.99,18:58:11
2026-01-06 18:58:12+00:00,,792.0,ETH,3218.14,3217.97,18:58:12
2026-01-06 18:58:13+00:00,,793.0,ETH,3218.1,3217.94,18:58:13
2026-01-06 18:58:14+00:00,,794.0,ETH,3218.1,3217.92,18:58:14
2026-01-06 18:58:15+00:00,,795.0,ETH,3218.1,3217.92,18:58:15
2026-01-06 18:58:16+00:00,,796.0,ETH,3218.1,3217.91,18:58:16
2026-01-06 18:58:17+00:00,,797.0,ETH,3218.1,3217.9,18:58:17
2026-01-06 18:58:18+00:00,,798.0,ETH,3218.09,3217.92,18:58:18
2026-01-06 18:58:19+00:00,,799.0,ETH,3218.09,3218.01,18:58:19
2026-01-06 18:58:20+00:00,,800.0,ETH,3218.12,3218.05,18:58:20
2026-01-06 18:58:21+00:00,,801.0,ETH,3218.2,3218.11,18:58:21
2026-01-06 18:58:22+00:00,,802.0,ETH,3218.17,3217.99,18:58:22
2026-01-06 18:58:23+00:00,,803.0,ETH,3218.05,3217.8,18:58:23
2026-01-06 18:58:24+00:00,,804.0,ETH,3217.98,3217.76,18:58:24
2026-01-06 18:58:25+00:00,,805.0,ETH,3217.91,3217.78,18:58:25
2026-01-06 18:58:26+00:00,,806.0,ETH,3217.87,3217.81,18:58:26
2026-01-06 18:58:27+00:00,,807.0,ETH,3217.69,3217.66,18:58:27
2026-01-06 18:58:28+00:00,,808.0,ETH,3217.52,3217.45,18:58:28
2026-01-06 18:58:29+00:00,,809.0,ETH,3217.51,3217.4,18:58:29
2026-01-06 18:58:30+00:00,,810.0,ETH,3217.51,3217.4,18:58:30
2026-01-06 18:58:31+00:00,,811.0,ETH,3217.5,3217.41,18:58:31
2026-01-06 18:58:32+00:00,,812.0,ETH,3217.5,3217.37,18:58:32
2026-01-06 18:58:33+00:00,,813.0,ETH,3217.5,3217.35,18:58:33
2026-01-06 18:58:34+00:00,,814.0,ETH,3217.49,3217.32,18:58:34
2026-01-06 18:58:35+00:00,,815.0,ETH,3217.56,3217.37,18:58:35
2026-01-06 18:58:36+00:00,,816.0,ETH,3217.64,3217.45,18:58:36
2026-01-06 18:58:37+00:00,,817.0,ETH,3217.64,3217.44,18:58:37
2026-01-06 18:58:38+00:00,,818.0,ETH,3217.65,3217.45,18:58:38
2026-01-06 18:58:39+00:00,,819.0,ETH,3217.67,3217.48,18:58:39
2026-01-06 18:58:40+00:00,,820.0,ETH,3217.7,3217.49,18:58:40
2026-01-06 18:58:41+00:00,,821.0,ETH,3217.71,3217.47,18:58:41
2026-01-06 18:58:42+00:00,,822.0,ETH,3217.67,3217.46,18:58:42
2026-01-06 18:58:43+00:00,,823.0,ETH,3217.65,3217.47,18:58:43
2026-01-06 18:58:46+00:00,,826.0,ETH,3217.59,3217.35,18:58:46
2026-01-06 18:58:47+00:00,,827.0,ETH,3217.53,3217.36,18:58:47
2026-01-06 18:58:48+00:00,,828.0,ETH,3217.46,3217.35,18:58:48
2026-01-06 18:58:49+00:00,,829.0,ETH,3217.51,3217.4,18:58:49
2026-01-06 18:58:50+00:00,,830.0,ETH,3217.76,3217.62,18:58:50
2026-01-06 18:58:51+00:00,,831.0,ETH,3217.97,3217.8,18:58:51
2026-01-06 18:58:52+00:00,,832.0,ETH,3218.0,3217.83,18:58:52
2026-01-06 18:58:53+00:00,,833.0,ETH,3218.01,3217.85,18:58:53
2026-01-06 18:58:54+00:00,,834.0,ETH,3217.97,3217.83,18:58:54
2026-01-06 18:58:55+00:00,,835.0,ETH,3217.77,3217.6,18:58:55
2026-01-06 18:58:56+00:00,,836.0,ETH,3217.43,3217.31,18:58:56
2026-01-06 18:58:57+00:00,,837.0,ETH,3217.25,3217.23,18:58:57
2026-01-06 18:58:58+00:00,,838.0,ETH,3217.28,3217.23,18:58:58
2026-01-06 18:58:59+00:00,,839.0,ETH,3217.38,3217.3,18:58:59
2026-01-06 18:59:00+00:00,,840.0,ETH,3217.56,3217.51,18:59:00
2026-01-06 18:59:02+00:00,,842.0,ETH,3217.87,3217.7,18:59:02
2026-01-06 18:59:03+00:00,,843.0,ETH,3217.9,3217.74,18:59:03
2026-01-06 18:59:04+00:00,,844.0,ETH,3218.42,3218.25,18:59:04
2026-01-06 18:59:05+00:00,,845.0,ETH,3218.42,3218.27,18:59:05
2026-01-06 18:59:06+00:00,,846.0,ETH,3218.42,3218.29,18:59:06
2026-01-06 18:59:07+00:00,,847.0,ETH,3218.5,3218.41,18:59:07
2026-01-06 18:59:08+00:00,,848.0,ETH,3218.57,3218.45,18:59:08
2026-01-06 18:59:09+00:00,,849.0,ETH,3218.32,3218.28,18:59:09
2026-01-06 18:59:10+00:00,,850.0,ETH,3217.21,3217.21,18:59:10
2026-01-06 18:59:11+00:00,,851.0,ETH,3217.03,3216.86,18:59:11
2026-01-06 18:59:12+00:00,,852.0,ETH,3216.81,3216.77,18:59:12
2026-01-06 18:59:13+00:00,,853.0,ETH,3216.55,3216.52,18:59:13
2026-01-06 18:59:14+00:00,,854.0,ETH,3216.58,3216.54,18:59:14
2026-01-06 18:59:15+00:00,,855.0,ETH,3216.42,3216.32,18:59:15
2026-01-06 18:59:16+00:00,,856.0,ETH,3216.58,3216.36,18:59:16
2026-01-06 18:59:17+00:00,,857.0,ETH,3216.37,3216.19,18:59:17
2026-01-06 18:59:18+00:00,,858.0,ETH,3216.37,3216.19,18:59:18
2026-01-06 18:59:19+00:00,,859.0,ETH,3216.35,3216.27,18:59:19
2026-01-06 18:59:20+00:00,,860.0,ETH,3216.29,3216.24,18:59:20
2026-01-06 18:59:21+00:00,,861.0,ETH,3216.73,3216.61,18:59:21
2026-01-06 18:59:22+00:00,,862.0,ETH,3216.7,3216.61,18:59:22
2026-01-06 18:59:23+00:00,,863.0,ETH,3216.71,3216.6,18:59:23
2026-01-06 18:59:24+00:00,,864.0,ETH,3216.71,3216.63,18:59:24
2026-01-06 18:59:25+00:00,,865.0,ETH,3215.69,3215.67,18:59:25
2026-01-06 18:59:26+00:00,,866.0,ETH,3215.65,3215.55,18:59:26
2026-01-06 18:59:27+00:00,,867.0,ETH,3216.56,3216.32,18:59:27
2026-01-06 18:59:28+00:00,,868.0,ETH,3216.56,3216.34,18:59:28
2026-01-06 18:59:29+00:00,,869.0,ETH,3216.56,3216.35,18:59:29
2026-01-06 18:59:30+00:00,,870.0,ETH,3217.93,3217.82,18:59:30
2026-01-06 18:59:31+00:00,,871.0,ETH,3217.93,3217.78,18:59:31
2026-01-06 18:59:32+00:00,,872.0,ETH,3217.57,3217.33,18:59:32
2026-01-06 18:59:34+00:00,,874.0,ETH,3217.3,3217.19,18:59:34
2026-01-06 18:59:35+00:00,,875.0,ETH,3217.22,3217.2,18:59:35
2026-01-06 18:59:36+00:00,,876.0,ETH,3216.9,3216.76,18:59:36
2026-01-06 18:59:37+00:00,,877.0,ETH,3216.66,3216.6,18:59:37
2026-01-06 18:59:38+00:00,,878.0,ETH,3216.59,3216.58,18:59:38
2026-01-06 18:59:39+00:00,,879.0,ETH,3216.75,3216.56,18:59:39
2026-01-06 18:59:40+00:00,,880.0,ETH,3217.49,3217.31,18:59:40
2026-01-06 18:59:41+00:00,,881.0,ETH,3217.43,3217.17,18:59:41
2026-01-06 18:59:42+00:00,,882.0,ETH,3217.3,3217.09,18:59:42
2026-01-06 18:59:43+00:00,,883.0,ETH,3216.97,3216.85,18:59:43
2026-01-06 18:59:44+00:00,,884.0,ETH,3217.68,3217.61,18:59:44
2026-01-06 18:59:45+00:00,,885.0,ETH,3217.88,3217.71,18:59:45
2026-01-06 18:59:46+00:00,,886.0,ETH,3217.91,3217.73,18:59:46
2026-01-06 18:59:47+00:00,,887.0,ETH,3217.73,3217.65,18:59:47
2026-01-06 18:59:48+00:00,,888.0,ETH,3217.7,3217.64,18:59:48
2026-01-06 18:59:49+00:00,,889.0,ETH,3217.74,3217.56,18:59:49
2026-01-06 18:59:50+00:00,,890.0,ETH,3216.62,3216.24,18:59:50
2026-01-06 18:59:51+00:00,,891.0,ETH,3216.41,3216.22,18:59:51
2026-01-06 18:59:52+00:00,,892.0,ETH,3216.47,3216.34,18:59:52
2026-01-06 18:59:53+00:00,,893.0,ETH,3216.46,3216.34,18:59:53
2026-01-06 18:59:54+00:00,,894.0,ETH,3216.47,3216.34,18:59:54
2026-01-06 18:59:55+00:00,,895.0,ETH,3216.67,3216.61,18:59:55
2026-01-06 18:59:56+00:00,,896.0,ETH,3216.81,3216.75,18:59:56
2026-01-06 18:59:57+00:00,,897.0,ETH,3217.01,3216.83,18:59:57
2026-01-06 18:59:58+00:00,,898.0,ETH,3217.23,3216.97,18:59:58
2026-01-06 18:59:59+00:00,,899.0,ETH,3217.35,3217.13,18:59:59
