timestamp,collected_at,seconds,up_mid,up_best_bid,up_best_ask,down_mid,down_best_bid,down_best_ask,up_best_bid_size,up_best_ask_size,down_best_bid_size,down_best_ask_size,up_bid_2,up_bid_2_size,up_ask_2,up_ask_2_size,down_bid_2,down_bid_2_size,down_ask_2,down_ask_2_size
2026-01-06 18:45:00.615000+00:00,2026-01-06 18:45:01.042305+00:00,0.615,0.475,0.47,0.48,0.56,0.55,0.57,300.97,262.37,11.03,85.0,0.45,35.0,0.49,97.66,0.52,262.37,0.58,5.0
2026-01-06 18:45:01.528000+00:00,2026-01-06 18:45:02.044632+00:00,1.528,0.445,0.44,0.45,0.555,0.55,0.56,5.0,6.03,6.03,5.0,0.43,175.0,0.48,262.37,0.52,277.37,0.57,175.0
2026-01-06 18:45:02.540000+00:00,2026-01-06 18:45:03.053352+00:00,2.54,0.46499999999999997,0.46,0.47,0.535,0.53,0.54,286.0,92.0,92.0,261.0,0.45,176.97,0.48,262.37,0.52,267.37,0.55,176.97
2026-01-06 18:45:03.560000+00:00,2026-01-06 18:45:04.078325+00:00,3.56,0.56,0.55,0.57,0.435,0.43,0.44,15.0,84.12,84.12,50.0,0.54,142.0,0.58,66.0,0.41,223.0,0.45,40.0
2026-01-06 18:45:04.541000+00:00,2026-01-06 18:45:05.091858+00:00,4.541,0.555,0.55,0.56,0.445,0.44,0.45,163.82,192.0,319.0,32.18,0.53,35.0,0.57,281.12,0.43,276.12,0.47,50.0
2026-01-06 18:45:05.587000+00:00,2026-01-06 18:45:06.106952+00:00,5.587,0.545,0.54,0.55,0.455,0.45,0.46,80.0,62.0,50.0,77.82,0.53,120.0,0.56,319.0,0.44,274.0,0.47,120.0
2026-01-06 18:45:06.613000+00:00,2026-01-06 18:45:07.126473+00:00,6.613,0.53,0.52,0.54,0.47,0.46,0.48,201.0,157.0,262.0,216.0,0.51,141.0,0.55,65.0,0.45,65.0,0.49,151.0
2026-01-06 18:45:07.615000+00:00,2026-01-06 18:45:08.134191+00:00,7.615,0.54,0.52,0.56,0.445,0.44,0.45,503.0,269.0,264.0,88.0,0.51,329.0,0.57,316.12,0.43,316.12,0.46,85.0
2026-01-06 18:45:08.603000+00:00,2026-01-06 18:45:09.140426+00:00,8.603,0.565,0.56,0.57,0.435,0.43,0.44,45.0,133.12,133.12,90.0,0.55,73.94,0.58,318.0,0.42,313.0,0.45,53.94
2026-01-06 18:45:09.635000+00:00,2026-01-06 18:45:10.156946+00:00,9.635,0.585,0.58,0.59,0.415,0.41,0.42,15.0,90.0,35.0,96.61,0.57,65.0,0.6,369.18,0.4,379.18,0.43,70.0
2026-01-06 18:45:10.643000+00:00,2026-01-06 18:45:11.162970+00:00,10.643,0.59,0.58,0.6,0.415,0.41,0.42,271.97,40.36,167.0,80.97,0.57,362.0,0.61,138.0,0.4,308.36,0.43,405.0
2026-01-06 18:45:11.594000+00:00,2026-01-06 18:45:12.179092+00:00,11.594,0.585,0.58,0.59,0.415,0.41,0.42,1.97,266.57,229.49,1.97,0.57,65.0,0.6,367.36,0.4,382.36,0.43,65.0
2026-01-06 18:45:12.663000+00:00,2026-01-06 18:45:13.183096+00:00,12.663,0.575,0.57,0.58,0.425,0.42,0.43,80.07,5.0,5.0,80.07,0.56,343.63,0.59,251.0,0.41,221.0,0.44,343.63
2026-01-06 18:45:13.679000+00:00,2026-01-06 18:45:14.191206+00:00,13.679,0.595,0.59,0.6,0.405,0.4,0.41,555.0,96.36,42.51,585.0,0.58,459.0,0.61,80.0,0.39,80.0,0.42,459.0
2026-01-06 18:45:14.649000+00:00,2026-01-06 18:45:15.194684+00:00,14.649,0.645,0.64,0.65,0.355,0.35,0.36,85.0,35.0,5.0,85.0,0.63,256.0,0.66,388.0,0.34,301.0,0.37,256.0
2026-01-06 18:45:15.605000+00:00,2026-01-06 18:45:16.209208+00:00,15.605,0.65,0.64,0.66,0.355,0.35,0.36,132.8,138.0,120.0,5.0,0.63,468.0,0.67,474.0,0.34,474.0,0.37,534.0
2026-01-06 18:45:16.645000+00:00,2026-01-06 18:45:17.218222+00:00,16.645,0.635,0.63,0.64,0.365,0.36,0.37,266.0,5.0,5.0,266.0,0.62,348.0,0.65,5.0,0.35,5.0,0.38,438.0
2026-01-06 18:45:17.676000+00:00,2026-01-06 18:45:18.226895+00:00,17.676,0.645,0.64,0.65,0.355,0.35,0.36,35.0,120.0,105.0,35.0,0.63,279.0,0.66,352.0,0.34,352.0,0.37,279.0
2026-01-06 18:45:18.686000+00:00,2026-01-06 18:45:19.245666+00:00,18.686,0.645,0.64,0.65,0.355,0.35,0.36,30.0,130.0,95.0,65.0,0.63,189.92,0.66,441.0,0.34,441.0,0.37,169.92
2026-01-06 18:45:19.746000+00:00,2026-01-06 18:45:20.251079+00:00,19.746,0.645,0.64,0.65,0.355,0.35,0.36,30.0,130.0,110.0,65.0,0.63,171.92,0.66,440.0,0.34,460.0,0.37,151.92
2026-01-06 18:45:20.731000+00:00,2026-01-06 18:45:21.258009+00:00,20.731,0.63,0.62,0.64,0.37,0.36,0.38,238.51,372.48,533.48,238.51,0.61,456.0,0.65,530.0,0.35,455.0,0.39,420.0
2026-01-06 18:45:21.774000+00:00,2026-01-06 18:45:22.276178+00:00,21.774,0.625,0.62,0.63,0.375,0.37,0.38,55.51,2.0,2.0,55.51,0.61,207.0,0.64,321.48,0.36,321.48,0.39,192.0
2026-01-06 18:45:22.779000+00:00,2026-01-06 18:45:23.283413+00:00,22.779,0.635,0.63,0.64,0.365,0.36,0.37,110.0,196.0,161.0,151.0,0.62,175.0,0.65,656.0,0.35,404.0,0.38,361.0
2026-01-06 18:45:23.660000+00:00,2026-01-06 18:45:24.282788+00:00,23.66,0.65,0.64,0.66,0.35,0.34,0.36,35.0,306.0,396.0,35.0,0.63,473.5,0.67,575.0,0.33,575.0,0.37,473.5
2026-01-06 18:45:24.755000+00:00,2026-01-06 18:45:25.287068+00:00,24.755,0.645,0.64,0.65,0.355,0.35,0.36,50.0,15.0,215.0,5.0,0.63,473.5,0.66,343.0,0.34,382.0,0.37,444.0
2026-01-06 18:45:25.767000+00:00,2026-01-06 18:45:26.287124+00:00,25.767,0.625,0.62,0.63,0.38,0.37,0.39,254.0,100.0,179.0,80.0,0.61,268.0,0.64,314.0,0.36,332.0,0.4,312.0
2026-01-06 18:45:26.764000+00:00,2026-01-06 18:45:27.308644+00:00,26.764,0.62,0.61,0.63,0.38,0.37,0.39,85.0,176.0,176.0,85.0,0.6,124.0,0.64,339.0,0.36,339.0,0.4,124.0
2026-01-06 18:45:27.781000+00:00,2026-01-06 18:45:28.324396+00:00,27.781,0.62,0.61,0.63,0.37,0.36,0.38,156.0,136.0,397.0,118.0,0.6,361.0,0.64,342.0,0.35,761.0,0.39,241.0
2026-01-06 18:45:28.601000+00:00,2026-01-06 18:45:29.339633+00:00,28.601,0.635,0.63,0.64,0.365,0.36,0.37,2.29,297.0,297.0,7.29,0.62,83.0,0.65,761.0,0.35,761.0,0.38,68.0
2026-01-06 18:45:29.811000+00:00,2026-01-06 18:45:30.358629+00:00,29.811,0.645,0.64,0.65,0.355,0.35,0.36,177.0,544.0,544.0,335.0,0.63,368.0,0.66,325.0,0.34,333.0,0.37,368.0
2026-01-06 18:45:30.857000+00:00,2026-01-06 18:45:31.371724+00:00,30.857,0.635,0.63,0.64,0.365,0.36,0.37,5.0,81.0,840.0,5.0,0.61,300.5,0.65,1203.0,0.35,708.0,0.39,280.5
2026-01-06 18:45:31.860000+00:00,2026-01-06 18:45:32.374410+00:00,31.86,0.595,0.59,0.6,0.405,0.4,0.41,63.0,99.63,90.0,78.0,0.58,366.0,0.61,262.0,0.39,262.0,0.42,366.0
2026-01-06 18:45:32.850000+00:00,2026-01-06 18:45:33.385568+00:00,32.85,0.61,0.6,0.62,0.385,0.38,0.39,45.0,655.0,555.0,5.0,0.59,363.0,0.63,362.0,0.37,414.0,0.4,225.0
2026-01-06 18:45:33.896000+00:00,2026-01-06 18:45:34.392048+00:00,33.896,0.605,0.6,0.61,0.395,0.39,0.4,36.0,40.0,89.67,41.0,0.59,223.0,0.62,865.0,0.38,795.0,0.41,223.0
2026-01-06 18:45:34.864000+00:00,2026-01-06 18:45:35.415347+00:00,34.864,0.605,0.6,0.61,0.395,0.39,0.4,23.0,157.62,157.62,15.77,0.59,228.0,0.62,607.0,0.38,536.0,0.41,246.0
2026-01-06 18:45:35.909000+00:00,2026-01-06 18:45:36.426800+00:00,35.909,0.605,0.6,0.61,0.405,0.4,0.41,5.0,839.62,163.0,254.01,0.59,232.0,0.62,446.0,0.39,718.0,0.42,497.0
2026-01-06 18:45:36.898000+00:00,2026-01-06 18:45:37.439258+00:00,36.898,0.605,0.6,0.61,0.39,0.38,0.4,48.0,66.0,135.0,89.0,0.59,152.01,0.62,135.0,0.37,528.0,0.41,147.01
2026-01-06 18:45:37.854000+00:00,2026-01-06 18:45:38.437863+00:00,37.854,0.61,0.6,0.62,0.39,0.38,0.4,122.0,135.0,171.0,50.0,0.59,269.01,0.63,410.0,0.37,428.0,0.41,297.01
2026-01-06 18:45:38.958000+00:00,2026-01-06 18:45:39.441072+00:00,38.958,0.605,0.6,0.61,0.4,0.39,0.41,5.0,100.0,140.0,273.01,0.59,358.01,0.62,152.0,0.38,185.0,0.42,554.0
2026-01-06 18:45:39.804000+00:00,2026-01-06 18:45:40.440099+00:00,39.804,0.595,0.59,0.6,0.415,0.41,0.42,5.01,100.0,94.99,130.0,0.58,246.0,0.61,475.0,0.4,45.0,0.43,145.0
2026-01-06 18:45:40.910000+00:00,2026-01-06 18:45:41.442485+00:00,40.91,0.58,0.57,0.59,0.42,0.41,0.43,162.0,283.0,283.0,140.0,0.56,165.55,0.6,502.66,0.4,430.66,0.44,183.55
2026-01-06 18:45:41.923000+00:00,2026-01-06 18:45:42.440542+00:00,41.923,0.595,0.59,0.6,0.405,0.4,0.41,149.0,71.0,71.0,139.0,0.58,405.0,0.61,389.0,0.39,389.0,0.42,405.0
2026-01-06 18:45:42.927000+00:00,2026-01-06 18:45:43.447861+00:00,42.927,0.595,0.59,0.6,0.405,0.4,0.41,184.0,71.0,71.0,189.0,0.58,432.0,0.61,71.0,0.38,135.0,0.42,342.0
2026-01-06 18:45:43.780000+00:00,2026-01-06 18:45:44.457438+00:00,43.78,0.61,0.6,0.62,0.39,0.38,0.4,128.86,129.91,129.91,74.86,0.59,116.0,0.63,1120.99,0.37,1102.99,0.41,116.0
2026-01-06 18:45:45.177000+00:00,2026-01-06 18:45:46.474466+00:00,45.177,0.61,0.6,0.62,0.39,0.38,0.4,56.86,201.91,201.91,56.86,0.59,170.0,0.63,1154.99,0.37,1154.99,0.41,170.0
2026-01-06 18:45:46.717000+00:00,2026-01-06 18:45:47.476322+00:00,46.717,0.61,0.6,0.62,0.39,0.38,0.4,51.86,201.91,201.91,66.86,0.59,240.0,0.63,1033.99,0.37,1033.99,0.41,240.0
2026-01-06 18:45:47.735000+00:00,2026-01-06 18:45:48.467456+00:00,47.735,0.61,0.6,0.62,0.39,0.38,0.4,51.86,201.91,201.91,51.86,0.59,282.0,0.63,1033.99,0.37,1033.99,0.41,282.0
2026-01-06 18:45:48.710000+00:00,2026-01-06 18:45:49.466405+00:00,48.71,0.61,0.6,0.62,0.39,0.38,0.4,51.86,201.91,201.91,51.86,0.59,282.0,0.63,1033.99,0.37,1033.99,0.41,282.0
2026-01-06 18:45:49.964000+00:00,2026-01-06 18:45:50.474195+00:00,49.964,0.61,0.6,0.62,0.39,0.38,0.4,91.86,201.91,201.91,91.86,0.59,362.0,0.63,914.0,0.37,914.0,0.41,362.0
2026-01-06 18:45:50.953000+00:00,2026-01-06 18:45:51.492786+00:00,50.953,0.61,0.6,0.62,0.39,0.38,0.4,157.86,201.91,201.91,157.86,0.59,423.0,0.63,914.0,0.37,914.0,0.41,423.0
2026-01-06 18:45:51.979000+00:00,2026-01-06 18:45:52.492138+00:00,51.979,0.625,0.62,0.63,0.375,0.37,0.38,71.0,603.19,799.19,71.0,0.61,358.0,0.64,386.0,0.36,439.0,0.39,151.0
2026-01-06 18:45:52.965000+00:00,2026-01-06 18:45:53.491079+00:00,52.965,0.61,0.6,0.62,0.39,0.38,0.4,186.86,337.0,301.0,186.86,0.59,55.0,0.63,901.18,0.37,1019.18,0.41,55.0
2026-01-06 18:45:53.814000+00:00,2026-01-06 18:45:54.490579+00:00,53.814,0.61,0.6,0.62,0.385,0.38,0.39,262.86,283.0,283.0,18.0,0.59,235.0,0.63,943.19,0.37,889.19,0.4,245.86
2026-01-06 18:45:54.996000+00:00,2026-01-06 18:45:55.508271+00:00,54.996,0.625,0.62,0.63,0.375,0.37,0.38,376.0,79.0,79.0,397.0,0.61,328.0,0.64,161.0,0.36,90.0,0.39,416.0
2026-01-06 18:45:56.969000+00:00,2026-01-06 18:45:57.523256+00:00,56.969,0.605,0.6,0.61,0.395,0.39,0.4,184.86,18.0,18.0,184.86,0.59,79.0,0.62,535.93,0.38,535.93,0.41,79.0
2026-01-06 18:45:58.853000+00:00,2026-01-06 18:45:59.534103+00:00,58.853,0.605,0.6,0.61,0.385,0.38,0.39,85.0,84.52,237.93,30.0,0.59,73.0,0.62,463.93,0.37,439.0,0.4,186.0
2026-01-06 18:46:00.001000+00:00,2026-01-06 18:46:00.530368+00:00,60.001,0.62,0.61,0.63,0.38,0.37,0.39,144.0,225.0,190.0,177.0,0.6,241.0,0.64,585.83,0.36,605.83,0.4,241.0
2026-01-06 18:46:01.979000+00:00,2026-01-06 18:46:02.542450+00:00,61.979,0.615,0.61,0.62,0.39,0.38,0.4,61.0,154.0,154.0,106.0,0.6,106.0,0.63,454.0,0.37,454.0,0.41,256.0
2026-01-06 18:46:03.990000+00:00,2026-01-06 18:46:04.557446+00:00,63.99,0.585,0.58,0.59,0.42,0.41,0.43,45.0,64.5,129.5,103.0,0.57,103.0,0.6,480.0,0.4,445.0,0.44,157.55
2026-01-06 18:46:05.058000+00:00,2026-01-06 18:46:05.576558+00:00,65.058,0.585,0.58,0.59,0.415,0.41,0.42,6.0,454.8,432.8,6.0,0.56,112.55,0.6,376.0,0.4,376.0,0.44,112.55
2026-01-06 18:46:06.710000+00:00,2026-01-06 18:46:07.608720+00:00,66.71,0.575,0.57,0.58,0.425,0.42,0.43,68.0,59.83,59.83,63.0,0.56,197.55,0.59,135.0,0.41,135.0,0.44,197.55
2026-01-06 18:46:08.017000+00:00,2026-01-06 18:46:08.625723+00:00,68.017,0.575,0.57,0.58,0.425,0.42,0.43,44.55,54.57,194.57,20.0,0.56,319.55,0.59,135.0,0.41,206.0,0.44,308.55
2026-01-06 18:46:09.120000+00:00,2026-01-06 18:46:09.638879+00:00,69.12,0.575,0.57,0.58,0.41000000000000003,0.4,0.42,85.0,5.0,151.23,90.0,0.56,349.72,0.59,223.0,0.39,809.0,0.43,408.0
2026-01-06 18:46:10.138000+00:00,2026-01-06 18:46:10.656727+00:00,70.138,0.615,0.61,0.62,0.385,0.38,0.39,366.0,10.0,10.0,293.0,0.6,302.77,0.64,245.83,0.36,20.83,0.4,458.77
2026-01-06 18:46:11.138000+00:00,2026-01-06 18:46:11.650785+00:00,71.138,0.625,0.62,0.63,0.375,0.37,0.38,254.0,180.0,180.0,254.0,0.61,70.0,0.64,448.83,0.36,413.83,0.39,70.0
2026-01-06 18:46:12.149000+00:00,2026-01-06 18:46:12.668237+00:00,72.149,0.625,0.62,0.63,0.375,0.37,0.38,132.0,242.0,217.0,132.0,0.61,77.0,0.64,324.83,0.36,294.83,0.39,122.0
2026-01-06 18:46:13.164000+00:00,2026-01-06 18:46:13.674372+00:00,73.164,0.635,0.63,0.64,0.365,0.36,0.37,86.99,91.83,91.83,106.99,0.62,223.0,0.65,1679.0,0.35,1679.0,0.38,223.0
2026-01-06 18:46:14.175000+00:00,2026-01-06 18:46:14.690798+00:00,74.175,0.635,0.63,0.64,0.355,0.35,0.36,389.99,5.0,1100.0,30.0,0.62,278.0,0.65,1095.0,0.34,80.0,0.37,480.99
2026-01-06 18:46:15.168000+00:00,2026-01-06 18:46:15.692488+00:00,75.168,0.645,0.64,0.65,0.355,0.35,0.36,314.0,1085.0,1085.0,314.0,0.63,566.99,0.66,112.0,0.34,112.0,0.37,591.99
2026-01-06 18:46:16.169000+00:00,2026-01-06 18:46:16.701180+00:00,76.169,0.645,0.64,0.65,0.355,0.35,0.36,492.88,913.0,913.0,487.88,0.63,624.99,0.66,5.0,0.34,5.0,0.37,624.99
2026-01-06 18:46:17.164000+00:00,2026-01-06 18:46:17.692450+00:00,77.164,0.645,0.64,0.65,0.355,0.35,0.36,289.88,437.05,417.05,126.61,0.63,464.99,0.66,59.0,0.34,59.0,0.37,385.99
2026-01-06 18:46:18.173000+00:00,2026-01-06 18:46:18.681613+00:00,78.173,0.645,0.64,0.65,0.355,0.35,0.36,151.0,391.05,391.05,151.0,0.63,131.99,0.66,245.0,0.34,245.0,0.37,131.99
2026-01-06 18:46:19.184000+00:00,2026-01-06 18:46:19.698750+00:00,79.184,0.645,0.64,0.65,0.355,0.35,0.36,80.0,282.05,282.05,77.5,0.63,368.99,0.66,146.0,0.34,146.0,0.37,368.99
2026-01-06 18:46:20.199000+00:00,2026-01-06 18:46:20.704767+00:00,80.199,0.645,0.64,0.65,0.355,0.35,0.36,153.5,247.05,247.05,212.5,0.63,272.99,0.66,110.0,0.34,110.0,0.37,272.99
2026-01-06 18:46:21.165000+00:00,2026-01-06 18:46:21.715788+00:00,81.165,0.645,0.64,0.65,0.355,0.35,0.36,476.5,176.54,161.54,451.5,0.63,553.99,0.66,10.0,0.34,10.0,0.37,553.99
2026-01-06 18:46:22.159000+00:00,2026-01-06 18:46:22.715121+00:00,82.159,0.645,0.64,0.65,0.355,0.35,0.36,364.5,100.2,85.2,364.5,0.63,592.99,0.66,28.0,0.34,28.0,0.37,592.99
2026-01-06 18:46:23.154000+00:00,2026-01-06 18:46:23.725481+00:00,83.154,0.645,0.64,0.65,0.355,0.35,0.36,342.8,43.63,43.63,342.8,0.63,610.99,0.66,28.0,0.34,28.0,0.37,610.99
2026-01-06 18:46:24.202000+00:00,2026-01-06 18:46:24.748533+00:00,84.202,0.645,0.64,0.65,0.355,0.35,0.36,376.8,40.64,40.64,376.8,0.63,562.99,0.66,98.0,0.34,98.0,0.37,562.99
2026-01-06 18:46:25.225000+00:00,2026-01-06 18:46:25.756235+00:00,85.225,0.675,0.67,0.68,0.315,0.31,0.32,36.0,43.0,161.0,33.0,0.66,122.0,0.69,155.0,0.3,301.0,0.33,172.0
2026-01-06 18:46:26.983000+00:00,2026-01-06 18:46:27.763613+00:00,86.983,0.675,0.67,0.68,0.325,0.32,0.33,63.33,88.77,88.77,58.33,0.66,318.41,0.69,333.0,0.31,333.0,0.34,318.41
2026-01-06 18:46:28.278000+00:00,2026-01-06 18:46:28.788802+00:00,88.278,0.675,0.67,0.68,0.325,0.32,0.33,30.0,88.77,88.77,14.0,0.66,318.41,0.69,505.0,0.31,405.0,0.34,318.41
2026-01-06 18:46:29.201000+00:00,2026-01-06 18:46:29.804217+00:00,89.201,0.665,0.66,0.67,0.325,0.32,0.33,186.41,5.0,41.0,30.0,0.65,284.0,0.68,41.0,0.31,421.0,0.34,186.41
2026-01-06 18:46:30.169000+00:00,2026-01-06 18:46:30.804582+00:00,90.169,0.665,0.66,0.67,0.335,0.33,0.34,136.41,10.0,6.0,136.41,0.65,254.0,0.68,343.0,0.32,404.0,0.35,254.0
2026-01-06 18:46:31.266000+00:00,2026-01-06 18:46:31.797426+00:00,91.266,0.665,0.66,0.67,0.335,0.33,0.34,16.41,274.0,1093.0,16.41,0.65,52.0,0.68,293.0,0.32,424.0,0.35,52.0
2026-01-06 18:46:32.283000+00:00,2026-01-06 18:46:32.799157+00:00,92.283,0.635,0.63,0.64,0.39,0.38,0.4,34.99,148.0,45.0,152.0,0.61,43.65,0.65,520.86,0.37,167.01,0.41,546.0
2026-01-06 18:46:33.297000+00:00,2026-01-06 18:46:33.817650+00:00,93.297,0.595,0.59,0.6,0.405,0.4,0.41,134.65,76.0,76.0,134.65,0.58,198.0,0.61,353.0,0.39,238.0,0.42,319.0
2026-01-06 18:46:34.267000+00:00,2026-01-06 18:46:34.831065+00:00,94.267,0.605,0.6,0.61,0.395,0.39,0.4,54.0,159.83,159.83,54.0,0.59,187.65,0.62,141.0,0.38,141.0,0.41,187.65
2026-01-06 18:46:35.236000+00:00,2026-01-06 18:46:35.826428+00:00,95.236,0.59,0.58,0.6,0.41000000000000003,0.4,0.42,198.0,442.0,442.0,180.0,0.57,720.0,0.61,316.83,0.39,316.83,0.43,720.0
2026-01-06 18:46:36.285000+00:00,2026-01-06 18:46:36.829213+00:00,96.285,0.59,0.58,0.6,0.41000000000000003,0.4,0.42,195.33,439.83,256.83,195.33,0.57,756.0,0.61,334.83,0.39,334.83,0.43,756.0
2026-01-06 18:46:37.228000+00:00,2026-01-06 18:46:37.825403+00:00,97.228,0.59,0.58,0.6,0.41000000000000003,0.4,0.42,195.33,258.22,258.22,213.33,0.57,981.0,0.61,133.83,0.39,326.83,0.43,921.0
2026-01-06 18:46:38.290000+00:00,2026-01-06 18:46:38.815135+00:00,98.29,0.59,0.58,0.6,0.41000000000000003,0.4,0.42,195.33,202.22,202.22,195.33,0.57,756.0,0.61,487.83,0.39,487.83,0.43,756.0
2026-01-06 18:46:39.257000+00:00,2026-01-06 18:46:39.810072+00:00,99.257,0.585,0.58,0.59,0.415,0.41,0.42,135.0,146.0,166.0,95.0,0.57,838.0,0.6,132.22,0.4,127.22,0.43,731.0
2026-01-06 18:46:40.304000+00:00,2026-01-06 18:46:40.815913+00:00,100.304,0.585,0.58,0.59,0.395,0.39,0.4,204.0,60.28,151.0,35.26,0.57,493.07,0.6,35.0,0.38,235.0,0.41,30.0
2026-01-06 18:46:41.220000+00:00,2026-01-06 18:46:41.811041+00:00,101.22,0.605,0.6,0.61,0.395,0.39,0.4,161.76,40.0,40.0,161.76,0.59,229.0,0.62,210.0,0.38,210.0,0.41,229.0
2026-01-06 18:46:42.380000+00:00,2026-01-06 18:46:42.815308+00:00,102.38,0.615,0.61,0.62,0.385,0.38,0.39,53.92,36.22,26.99,48.92,0.6,90.5,0.63,186.0,0.37,204.0,0.4,90.5
2026-01-06 18:46:43.253000+00:00,2026-01-06 18:46:43.822590+00:00,103.253,0.615,0.61,0.62,0.385,0.38,0.39,48.92,25.33,22.87,48.92,0.6,108.5,0.63,204.0,0.37,199.0,0.4,108.5
2026-01-06 18:46:44.307000+00:00,2026-01-06 18:46:44.836373+00:00,104.307,0.615,0.61,0.62,0.38,0.37,0.39,119.92,5.0,198.84,119.92,0.6,144.5,0.63,181.0,0.36,334.17,0.4,144.5
2026-01-06 18:46:45.259000+00:00,2026-01-06 18:46:45.837925+00:00,105.259,0.62,0.61,0.63,0.385,0.38,0.39,134.92,180.84,20.0,144.92,0.6,256.32,0.64,328.0,0.37,180.84,0.4,250.5
2026-01-06 18:46:46.325000+00:00,2026-01-06 18:46:46.840291+00:00,106.325,0.615,0.61,0.62,0.385,0.38,0.39,177.92,4.54,0.98,195.92,0.6,220.32,0.63,180.84,0.37,162.84,0.4,342.32
2026-01-06 18:46:47.321000+00:00,2026-01-06 18:46:47.855223+00:00,107.321,0.635,0.63,0.64,0.365,0.36,0.37,68.24,56.28,51.28,73.24,0.62,173.0,0.65,678.36,0.35,603.13,0.38,173.0
2026-01-06 18:46:48.144000+00:00,2026-01-06 18:46:48.864375+00:00,108.144,0.635,0.63,0.64,0.365,0.36,0.37,37.24,52.99,34.38,72.24,0.62,173.0,0.65,678.36,0.35,578.36,0.38,142.82
2026-01-06 18:46:49.348000+00:00,2026-01-06 18:46:49.868776+00:00,109.348,0.655,0.65,0.66,0.345,0.34,0.35,308.28,15.0,15.0,372.28,0.64,328.0,0.67,18.0,0.32,111.0,0.36,256.0
2026-01-06 18:46:50.353000+00:00,2026-01-06 18:46:50.867319+00:00,110.353,0.675,0.67,0.68,0.325,0.32,0.33,63.0,40.0,40.0,83.0,0.66,119.0,0.69,174.0,0.31,156.0,0.34,119.0
2026-01-06 18:46:51.246000+00:00,2026-01-06 18:46:51.876110+00:00,111.246,0.675,0.67,0.68,0.32,0.31,0.33,83.0,33.27,66.0,88.0,0.66,173.0,0.69,156.0,0.3,1054.0,0.34,295.0
2026-01-06 18:46:52.311000+00:00,2026-01-06 18:46:52.895892+00:00,112.311,0.6799999999999999,0.67,0.69,0.32,0.31,0.33,126.0,186.0,186.0,126.0,0.66,517.0,0.7,628.17,0.3,628.17,0.34,517.0
2026-01-06 18:46:53.353000+00:00,2026-01-06 18:46:53.915281+00:00,113.353,0.6799999999999999,0.67,0.69,0.32,0.31,0.33,126.0,186.0,186.0,126.0,0.66,446.0,0.7,637.94,0.3,637.94,0.34,446.0
2026-01-06 18:46:54.378000+00:00,2026-01-06 18:46:54.919617+00:00,114.378,0.675,0.67,0.68,0.33999999999999997,0.33,0.35,58.0,402.0,118.0,90.34,0.65,75.34,0.69,612.0,0.32,423.0,0.36,602.0
2026-01-06 18:46:55.374000+00:00,2026-01-06 18:46:55.932154+00:00,115.374,0.655,0.65,0.66,0.345,0.34,0.35,48.03,5.0,5.0,83.03,0.64,602.0,0.67,136.0,0.33,211.48,0.36,622.0
2026-01-06 18:46:56.383000+00:00,2026-01-06 18:46:56.937971+00:00,116.383,0.66,0.65,0.67,0.33999999999999997,0.33,0.35,79.57,188.48,189.86,79.57,0.64,694.0,0.68,423.0,0.32,432.77,0.36,694.0
2026-01-06 18:46:57.421000+00:00,2026-01-06 18:46:57.946250+00:00,117.421,0.66,0.65,0.67,0.33999999999999997,0.33,0.35,79.57,184.19,184.19,79.57,0.64,906.0,0.68,518.0,0.32,518.0,0.36,906.0
2026-01-06 18:46:58.252000+00:00,2026-01-06 18:46:58.957078+00:00,118.252,0.66,0.65,0.67,0.33999999999999997,0.33,0.35,150.57,184.19,184.19,150.57,0.64,972.0,0.68,334.0,0.32,334.0,0.36,972.0
2026-01-06 18:46:59.506000+00:00,2026-01-06 18:46:59.971596+00:00,119.506,0.655,0.65,0.66,0.345,0.34,0.35,78.69,449.18,510.18,63.69,0.64,47.0,0.67,495.19,0.33,556.19,0.36,47.0
2026-01-06 18:47:00.460000+00:00,2026-01-06 18:47:00.990179+00:00,120.46,0.635,0.63,0.64,0.365,0.36,0.37,66.0,418.0,377.0,71.0,0.62,64.99,0.65,293.77,0.35,242.77,0.38,64.99
2026-01-06 18:47:01.499000+00:00,2026-01-06 18:47:01.994061+00:00,121.499,0.605,0.6,0.61,0.395,0.39,0.4,46.0,91.0,201.5,18.0,0.59,175.0,0.62,245.69,0.38,256.69,0.41,177.0
2026-01-06 18:47:02.502000+00:00,2026-01-06 18:47:03.008320+00:00,122.502,0.595,0.59,0.6,0.405,0.4,0.41,45.0,167.18,15.0,110.0,0.58,604.99,0.61,354.0,0.39,409.0,0.42,606.0
2026-01-06 18:47:03.468000+00:00,2026-01-06 18:47:04.018465+00:00,123.468,0.6,0.59,0.61,0.4,0.39,0.41,200.0,297.0,297.0,182.0,0.58,824.0,0.62,470.0,0.38,470.0,0.42,702.0
2026-01-06 18:47:04.348000+00:00,2026-01-06 18:47:05.038304+00:00,124.348,0.595,0.59,0.6,0.405,0.4,0.41,110.0,12.0,12.0,110.0,0.58,774.0,0.61,315.0,0.39,315.0,0.42,774.0
2026-01-06 18:47:05.513000+00:00,2026-01-06 18:47:06.039984+00:00,125.513,0.595,0.59,0.6,0.415,0.41,0.42,5.0,376.18,60.0,126.0,0.58,126.0,0.61,499.0,0.4,460.18,0.43,15.0
2026-01-06 18:47:06.533000+00:00,2026-01-06 18:47:07.053192+00:00,126.533,0.575,0.57,0.58,0.425,0.42,0.43,10.0,267.0,310.0,10.0,0.56,527.91,0.59,296.0,0.41,314.0,0.44,457.92
2026-01-06 18:47:07.400000+00:00,2026-01-06 18:47:08.071486+00:00,127.4,0.565,0.56,0.57,0.435,0.43,0.44,386.92,292.95,305.72,386.92,0.55,217.0,0.58,328.65,0.42,328.65,0.45,199.0
2026-01-06 18:47:08.543000+00:00,2026-01-06 18:47:09.064004+00:00,128.543,0.555,0.55,0.56,0.445,0.44,0.45,25.0,242.0,217.0,25.0,0.54,212.0,0.57,286.38,0.43,357.38,0.46,183.0
2026-01-06 18:47:09.505000+00:00,2026-01-06 18:47:10.070043+00:00,129.505,0.535,0.53,0.54,0.46499999999999997,0.46,0.47,646.0,67.18,67.18,904.0,0.52,314.0,0.55,330.17,0.45,330.17,0.48,539.0
2026-01-06 18:47:10.549000+00:00,2026-01-06 18:47:11.087135+00:00,130.549,0.535,0.53,0.54,0.45999999999999996,0.45,0.47,945.0,56.56,175.17,945.0,0.52,600.0,0.55,175.17,0.44,111.59,0.48,600.0
2026-01-06 18:47:11.574000+00:00,2026-01-06 18:47:12.086294+00:00,131.574,0.555,0.55,0.56,0.445,0.44,0.45,585.0,5.59,5.59,1064.0,0.54,484.0,0.57,183.0,0.43,61.0,0.46,584.0
2026-01-06 18:47:12.591000+00:00,2026-01-06 18:47:13.103639+00:00,132.591,0.595,0.59,0.6,0.415,0.41,0.42,20.0,209.18,5.0,327.99,0.58,318.99,0.61,289.0,0.4,252.18,0.43,476.0
2026-01-06 18:47:13.597000+00:00,2026-01-06 18:47:14.118172+00:00,133.597,0.59,0.58,0.6,0.41000000000000003,0.4,0.42,252.64,138.0,250.18,307.63,0.57,598.99,0.61,193.77,0.39,138.77,0.43,670.99
2026-01-06 18:47:14.491000+00:00,2026-01-06 18:47:15.122551+00:00,134.491,0.59,0.58,0.6,0.41000000000000003,0.4,0.42,307.63,250.18,250.18,307.63,0.57,638.0,0.61,176.77,0.39,176.77,0.43,638.0
2026-01-06 18:47:15.611000+00:00,2026-01-06 18:47:16.139670+00:00,135.611,0.595,0.59,0.6,0.405,0.4,0.41,351.83,41.01,41.01,336.83,0.58,320.64,0.61,45.0,0.39,45.0,0.42,320.64
2026-01-06 18:47:16.637000+00:00,2026-01-06 18:47:17.162186+00:00,136.637,0.605,0.6,0.61,0.395,0.39,0.4,84.99,45.0,45.0,84.99,0.59,342.83,0.62,163.18,0.38,163.18,0.41,342.83
2026-01-06 18:47:17.657000+00:00,2026-01-06 18:47:18.171188+00:00,137.657,0.605,0.6,0.61,0.395,0.39,0.4,340.99,20.0,20.0,336.99,0.59,492.82,0.62,35.0,0.38,35.0,0.41,492.82
2026-01-06 18:47:18.670000+00:00,2026-01-06 18:47:19.188734+00:00,138.67,0.625,0.62,0.63,0.375,0.37,0.38,45.0,89.0,53.0,45.0,0.61,303.0,0.64,166.59,0.36,171.59,0.39,303.0
2026-01-06 18:47:19.677000+00:00,2026-01-06 18:47:20.189891+00:00,139.677,0.645,0.64,0.65,0.355,0.35,0.36,210.0,29.87,29.87,360.6,0.63,307.0,0.66,276.0,0.34,53.0,0.37,393.0
2026-01-06 18:47:20.675000+00:00,2026-01-06 18:47:21.194674+00:00,140.675,0.665,0.66,0.67,0.335,0.33,0.34,235.0,15.0,15.0,344.0,0.65,348.23,0.68,82.0,0.32,7.0,0.35,389.23
2026-01-06 18:47:21.687000+00:00,2026-01-06 18:47:22.209593+00:00,141.687,0.695,0.69,0.7,0.305,0.3,0.31,75.91,477.11,477.11,73.91,0.68,370.99,0.71,67.32,0.29,67.32,0.32,370.99
2026-01-06 18:47:22.711000+00:00,2026-01-06 18:47:23.227530+00:00,142.711,0.695,0.69,0.7,0.305,0.3,0.31,73.91,480.7,513.7,73.91,0.68,186.99,0.71,406.55,0.29,424.55,0.32,186.99
2026-01-06 18:47:23.723000+00:00,2026-01-06 18:47:24.239915+00:00,143.723,0.695,0.69,0.7,0.295,0.29,0.3,1012.11,15.0,77.55,184.0,0.68,509.99,0.71,77.55,0.26,80.0,0.31,1049.11
2026-01-06 18:47:24.708000+00:00,2026-01-06 18:47:25.247677+00:00,144.708,0.725,0.72,0.73,0.275,0.27,0.28,233.0,86.0,43.19,233.0,0.71,272.86,0.74,436.0,0.26,406.0,0.29,257.86
2026-01-06 18:47:25.699000+00:00,2026-01-06 18:47:26.243731+00:00,145.699,0.715,0.71,0.72,0.28500000000000003,0.28,0.29,103.23,41.0,41.0,108.23,0.7,149.99,0.73,242.0,0.27,242.0,0.3,149.99
2026-01-06 18:47:26.812000+00:00,2026-01-06 18:47:27.245125+00:00,146.812,0.715,0.71,0.72,0.28500000000000003,0.28,0.29,48.0,23.0,23.0,48.0,0.7,197.99,0.73,225.77,0.27,225.77,0.3,215.99
2026-01-06 18:47:27.738000+00:00,2026-01-06 18:47:28.251953+00:00,147.738,0.715,0.71,0.72,0.28500000000000003,0.28,0.29,48.0,23.0,23.0,48.0,0.7,238.99,0.73,216.0,0.27,216.0,0.3,238.99
2026-01-06 18:47:28.753000+00:00,2026-01-06 18:47:29.266023+00:00,148.753,0.71,0.7,0.72,0.29000000000000004,0.28,0.3,158.0,252.0,230.0,158.0,0.69,861.91,0.73,295.0,0.27,366.0,0.31,861.91
2026-01-06 18:47:29.738000+00:00,2026-01-06 18:47:30.270445+00:00,149.738,0.715,0.71,0.72,0.28500000000000003,0.28,0.29,20.41,71.0,50.0,65.41,0.7,172.99,0.73,497.0,0.27,295.0,0.3,366.99
2026-01-06 18:47:30.758000+00:00,2026-01-06 18:47:31.280131+00:00,150.758,0.725,0.72,0.73,0.275,0.27,0.28,94.0,106.0,111.0,184.0,0.71,364.41,0.74,199.0,0.26,199.0,0.29,274.41
2026-01-06 18:47:31.770000+00:00,2026-01-06 18:47:32.288066+00:00,151.77,0.735,0.73,0.74,0.265,0.26,0.27,77.1,72.0,202.0,77.1,0.72,414.0,0.75,297.0,0.25,252.0,0.28,414.0
2026-01-06 18:47:32.810000+00:00,2026-01-06 18:47:33.298849+00:00,152.81,0.735,0.73,0.74,0.275,0.27,0.28,61.0,498.0,171.0,71.0,0.72,71.0,0.75,406.77,0.26,389.0,0.29,559.41
2026-01-06 18:47:33.753000+00:00,2026-01-06 18:47:34.296486+00:00,153.753,0.735,0.73,0.74,0.265,0.26,0.27,70.0,404.0,404.0,70.0,0.72,201.0,0.75,548.0,0.25,548.0,0.28,201.0
2026-01-06 18:47:34.775000+00:00,2026-01-06 18:47:35.300671+00:00,154.775,0.735,0.73,0.74,0.265,0.26,0.27,35.0,244.0,244.0,35.0,0.72,353.0,0.75,290.0,0.25,290.0,0.28,414.0
2026-01-06 18:47:35.809000+00:00,2026-01-06 18:47:36.305248+00:00,155.809,0.735,0.73,0.74,0.265,0.26,0.27,95.7,239.0,204.0,548.7,0.72,326.0,0.75,201.0,0.25,10.0,0.28,959.0
2026-01-06 18:47:36.778000+00:00,2026-01-06 18:47:37.297823+00:00,156.778,0.755,0.75,0.76,0.245,0.24,0.25,270.24,5.0,98.0,273.0,0.74,354.36,0.77,262.94,0.23,222.0,0.26,318.0
2026-01-06 18:47:37.791000+00:00,2026-01-06 18:47:38.313146+00:00,157.791,0.745,0.74,0.75,0.255,0.25,0.26,76.59,219.94,229.46,53.0,0.73,515.8,0.76,435.0,0.24,390.0,0.27,530.8
2026-01-06 18:47:38.808000+00:00,2026-01-06 18:47:39.330364+00:00,158.808,0.745,0.74,0.75,0.255,0.25,0.26,11.45,392.12,374.12,16.45,0.73,51.84,0.76,442.0,0.24,412.0,0.27,66.84
2026-01-06 18:47:39.822000+00:00,2026-01-06 18:47:40.352597+00:00,159.822,0.745,0.74,0.75,0.255,0.25,0.26,175.0,127.3,127.3,195.0,0.73,291.84,0.76,279.09,0.24,279.09,0.27,291.84
2026-01-06 18:47:40.832000+00:00,2026-01-06 18:47:41.355453+00:00,160.832,0.745,0.74,0.75,0.255,0.25,0.26,58.68,369.3,320.3,65.0,0.73,239.84,0.76,438.99,0.24,438.99,0.27,278.84
2026-01-06 18:47:41.841000+00:00,2026-01-06 18:47:42.374337+00:00,161.841,0.765,0.76,0.77,0.225,0.22,0.23,314.0,20.0,20.0,48.0,0.75,259.0,0.78,20.0,0.21,146.0,0.24,612.4
2026-01-06 18:47:42.850000+00:00,2026-01-06 18:47:43.378124+00:00,162.85,0.77,0.76,0.78,0.235,0.23,0.24,330.81,322.0,10.0,330.81,0.75,155.0,0.79,504.0,0.22,378.0,0.25,173.0
2026-01-06 18:47:43.843000+00:00,2026-01-06 18:47:44.387481+00:00,163.843,0.77,0.76,0.78,0.22999999999999998,0.22,0.24,356.71,378.24,195.24,356.71,0.75,178.0,0.79,504.0,0.21,504.0,0.25,173.0
2026-01-06 18:47:44.870000+00:00,2026-01-06 18:47:45.391239+00:00,164.87,0.765,0.76,0.77,0.235,0.23,0.24,162.0,567.68,548.2,91.0,0.74,103.21,0.78,503.24,0.22,503.24,0.25,25.4
2026-01-06 18:47:45.876000+00:00,2026-01-06 18:47:46.395532+00:00,165.876,0.755,0.75,0.76,0.245,0.24,0.25,70.31,112.0,102.27,229.31,0.74,245.2,0.77,427.2,0.23,234.52,0.26,353.2
2026-01-06 18:47:46.865000+00:00,2026-01-06 18:47:47.403240+00:00,166.865,0.765,0.76,0.77,0.235,0.23,0.24,268.31,42.87,42.87,253.31,0.75,118.0,0.78,116.24,0.22,116.24,0.25,118.0
2026-01-06 18:47:47.886000+00:00,2026-01-06 18:47:48.417576+00:00,167.886,0.765,0.76,0.77,0.235,0.23,0.24,55.31,45.42,5.0,55.31,0.75,262.0,0.78,315.24,0.22,244.24,0.25,262.0
2026-01-06 18:47:48.885000+00:00,2026-01-06 18:47:49.414646+00:00,168.885,0.765,0.76,0.77,0.235,0.23,0.24,85.31,5.0,5.0,70.31,0.75,234.8,0.78,317.24,0.22,332.24,0.25,144.8
2026-01-06 18:47:49.880000+00:00,2026-01-06 18:47:50.433895+00:00,169.88,0.775,0.77,0.78,0.225,0.22,0.23,6.49,520.0,520.0,6.49,0.76,185.61,0.79,888.0,0.21,888.0,0.24,185.61
2026-01-06 18:47:50.804000+00:00,2026-01-06 18:47:51.453620+00:00,170.804,0.775,0.77,0.78,0.225,0.22,0.23,36.49,156.0,156.0,126.49,0.76,149.61,0.79,1029.0,0.21,1029.0,0.24,149.61
2026-01-06 18:47:52.950000+00:00,2026-01-06 18:47:53.483430+00:00,172.95,0.765,0.76,0.77,0.235,0.23,0.24,25.42,180.15,275.15,12.42,0.75,161.8,0.78,526.0,0.22,531.0,0.25,161.8
2026-01-06 18:47:53.968000+00:00,2026-01-06 18:47:54.487258+00:00,173.968,0.755,0.75,0.76,0.245,0.24,0.25,96.8,165.0,155.0,25.8,0.74,698.0,0.77,359.58,0.23,369.58,0.26,698.0
2026-01-06 18:47:55.979000+00:00,2026-01-06 18:47:56.500968+00:00,175.979,0.765,0.76,0.77,0.235,0.23,0.24,76.0,348.58,348.58,18.0,0.75,126.5,0.78,514.0,0.22,529.0,0.25,108.5
2026-01-06 18:47:56.976000+00:00,2026-01-06 18:47:57.501027+00:00,176.976,0.765,0.76,0.77,0.235,0.23,0.24,75.0,111.0,35.0,93.0,0.75,72.5,0.78,509.0,0.22,443.0,0.25,179.5
2026-01-06 18:47:57.948000+00:00,2026-01-06 18:47:58.503697+00:00,177.948,0.765,0.76,0.77,0.235,0.23,0.24,48.0,40.0,60.0,48.0,0.75,179.5,0.78,255.0,0.22,235.0,0.25,179.5
2026-01-06 18:47:58.958000+00:00,2026-01-06 18:47:59.492842+00:00,178.958,0.765,0.76,0.77,0.235,0.23,0.24,38.0,40.0,40.0,43.0,0.75,94.52,0.78,291.0,0.22,291.0,0.25,94.52
2026-01-06 18:47:59.979000+00:00,2026-01-06 18:48:00.502568+00:00,179.979,0.755,0.75,0.76,0.245,0.24,0.25,321.52,10.0,10.0,312.52,0.74,864.8,0.77,150.0,0.23,150.0,0.26,864.8
2026-01-06 18:48:00.970000+00:00,2026-01-06 18:48:01.504449+00:00,180.97,0.755,0.75,0.76,0.265,0.26,0.27,77.5,530.0,30.0,156.04,0.73,126.04,0.77,981.0,0.25,95.0,0.28,553.62
2026-01-06 18:48:01.975000+00:00,2026-01-06 18:48:02.520866+00:00,181.975,0.735,0.73,0.74,0.265,0.26,0.27,6.84,146.63,146.63,6.84,0.72,751.62,0.75,115.0,0.25,215.0,0.28,761.62
2026-01-06 18:48:03.007000+00:00,2026-01-06 18:48:03.533612+00:00,183.007,0.74,0.73,0.75,0.26,0.25,0.27,273.84,185.0,185.0,273.84,0.72,685.62,0.76,369.0,0.24,369.0,0.28,685.62
2026-01-06 18:48:04.984000+00:00,2026-01-06 18:48:05.545222+00:00,184.984,0.735,0.73,0.74,0.265,0.26,0.27,323.84,19.0,19.0,338.84,0.72,851.62,0.75,183.56,0.25,183.56,0.28,851.62
2026-01-06 18:48:06.029000+00:00,2026-01-06 18:48:06.554837+00:00,186.029,0.715,0.71,0.72,0.28500000000000003,0.28,0.29,798.96,258.0,319.0,737.96,0.7,427.19,0.73,208.0,0.27,269.0,0.3,427.19
2026-01-06 18:48:07.030000+00:00,2026-01-06 18:48:07.552529+00:00,187.03,0.725,0.72,0.73,0.275,0.27,0.28,86.06,100.72,85.0,86.06,0.71,587.96,0.74,285.0,0.26,296.0,0.29,795.96
2026-01-06 18:48:08.038000+00:00,2026-01-06 18:48:08.554839+00:00,188.038,0.725,0.72,0.73,0.275,0.27,0.28,10.06,354.0,428.0,0.06,0.71,675.0,0.74,472.0,0.26,558.0,0.29,226.0
2026-01-06 18:48:09.041000+00:00,2026-01-06 18:48:09.561154+00:00,189.041,0.715,0.71,0.72,0.28500000000000003,0.28,0.29,125.66,40.0,35.0,267.66,0.7,239.39,0.73,474.0,0.27,221.0,0.3,343.99
2026-01-06 18:48:10.031000+00:00,2026-01-06 18:48:10.562086+00:00,190.031,0.72,0.71,0.73,0.28,0.27,0.29,200.0,330.48,325.48,195.0,0.7,354.99,0.74,415.0,0.26,420.0,0.3,354.99
2026-01-06 18:48:11.094000+00:00,2026-01-06 18:48:11.570464+00:00,191.094,0.715,0.71,0.72,0.28,0.27,0.29,76.0,70.0,329.0,106.0,0.7,335.99,0.73,247.0,0.26,439.76,0.3,335.99
2026-01-06 18:48:12.066000+00:00,2026-01-06 18:48:12.573518+00:00,192.066,0.72,0.71,0.73,0.275,0.27,0.28,225.0,236.0,136.0,15.0,0.7,545.99,0.74,664.76,0.26,757.76,0.29,296.0
2026-01-06 18:48:13.062000+00:00,2026-01-06 18:48:13.586316+00:00,193.062,0.715,0.71,0.72,0.28500000000000003,0.28,0.29,246.6,244.0,280.0,236.8,0.7,471.59,0.73,305.0,0.27,305.0,0.3,471.59
2026-01-06 18:48:14.059000+00:00,2026-01-06 18:48:14.601595+00:00,194.059,0.715,0.71,0.72,0.28500000000000003,0.28,0.29,195.78,330.0,456.0,76.0,0.7,926.59,0.73,457.0,0.27,641.0,0.3,274.59
2026-01-06 18:48:15.083000+00:00,2026-01-06 18:48:15.595206+00:00,195.083,0.705,0.7,0.71,0.28500000000000003,0.28,0.29,449.55,46.64,87.54,57.84,0.69,324.0,0.72,107.54,0.27,189.88,0.3,998.55
2026-01-06 18:48:16.029000+00:00,2026-01-06 18:48:16.599265+00:00,196.029,0.715,0.71,0.72,0.28500000000000003,0.28,0.29,292.04,134.67,261.61,262.04,0.7,604.55,0.73,538.42,0.27,534.42,0.3,579.55
2026-01-06 18:48:17.061000+00:00,2026-01-06 18:48:17.600500+00:00,197.061,0.71,0.7,0.72,0.29000000000000004,0.28,0.3,643.65,448.37,484.37,643.65,0.69,65.0,0.73,547.42,0.27,547.42,0.31,65.0
2026-01-06 18:48:18.089000+00:00,2026-01-06 18:48:18.603075+00:00,198.089,0.715,0.71,0.72,0.28500000000000003,0.28,0.29,10.0,281.37,133.37,20.0,0.7,587.65,0.73,540.54,0.27,589.0,0.3,605.65
2026-01-06 18:48:19.087000+00:00,2026-01-06 18:48:19.605938+00:00,199.087,0.715,0.71,0.72,0.28500000000000003,0.28,0.29,35.0,120.37,115.37,192.0,0.7,534.65,0.73,584.0,0.27,499.0,0.3,780.65
2026-01-06 18:48:20.004000+00:00,2026-01-06 18:48:20.606676+00:00,200.004,0.715,0.71,0.72,0.28500000000000003,0.28,0.29,233.0,44.37,44.37,258.0,0.7,859.65,0.73,315.0,0.27,315.0,0.3,874.65
2026-01-06 18:48:21.060000+00:00,2026-01-06 18:48:21.611431+00:00,201.06,0.715,0.71,0.72,0.28500000000000003,0.28,0.29,175.0,44.37,44.37,175.0,0.7,805.65,0.73,405.0,0.27,441.0,0.3,805.65
2026-01-06 18:48:22.026000+00:00,2026-01-06 18:48:22.616894+00:00,202.026,0.71,0.7,0.72,0.29000000000000004,0.28,0.3,521.65,353.37,320.37,643.65,0.69,233.1,0.73,513.54,0.27,513.54,0.31,476.1
2026-01-06 18:48:23.106000+00:00,2026-01-06 18:48:23.629281+00:00,203.106,0.725,0.72,0.73,0.265,0.26,0.27,154.73,84.72,92.0,121.04,0.71,455.0,0.74,64.0,0.25,158.0,0.28,275.73
2026-01-06 18:48:24.130000+00:00,2026-01-06 18:48:24.650091+00:00,204.13,0.73,0.72,0.74,0.275,0.27,0.28,120.22,246.86,5.0,120.22,0.71,454.0,0.75,246.0,0.26,341.02,0.29,418.0
2026-01-06 18:48:25.117000+00:00,2026-01-06 18:48:25.650794+00:00,205.117,0.725,0.72,0.73,0.275,0.27,0.28,9.2,272.0,15.0,389.0,0.71,294.0,0.74,254.02,0.26,385.02,0.29,893.4
2026-01-06 18:48:26.162000+00:00,2026-01-06 18:48:26.654678+00:00,206.162,0.735,0.73,0.74,0.265,0.26,0.27,182.62,79.16,73.95,299.62,0.72,936.94,0.75,81.0,0.25,86.0,0.28,931.94
2026-01-06 18:48:27.144000+00:00,2026-01-06 18:48:27.666477+00:00,207.144,0.735,0.73,0.74,0.265,0.26,0.27,349.62,43.95,73.95,313.62,0.72,459.94,0.75,40.0,0.25,212.86,0.28,495.94
2026-01-06 18:48:28.128000+00:00,2026-01-06 18:48:28.675883+00:00,208.128,0.735,0.73,0.74,0.265,0.26,0.27,125.62,5.0,5.0,125.62,0.72,477.94,0.75,230.86,0.25,245.86,0.28,477.94
2026-01-06 18:48:29.188000+00:00,2026-01-06 18:48:29.675848+00:00,209.188,0.755,0.75,0.76,0.245,0.24,0.25,981.76,15.0,15.0,983.0,0.74,354.1,0.77,545.0,0.23,580.0,0.26,379.1
2026-01-06 18:48:30.171000+00:00,2026-01-06 18:48:30.688701+00:00,210.171,0.765,0.76,0.77,0.235,0.23,0.24,809.31,527.0,552.0,809.31,0.75,457.3,0.78,60.0,0.22,163.0,0.25,403.3
2026-01-06 18:48:31.095000+00:00,2026-01-06 18:48:31.693479+00:00,211.095,0.765,0.76,0.77,0.235,0.23,0.24,530.0,482.72,427.72,657.0,0.75,418.3,0.78,127.0,0.22,99.0,0.25,418.3
2026-01-06 18:48:32.145000+00:00,2026-01-06 18:48:32.701009+00:00,212.145,0.765,0.76,0.77,0.225,0.22,0.23,948.0,85.02,85.0,21.73,0.75,370.0,0.78,85.0,0.21,154.0,0.24,935.5
2026-01-06 18:48:33.137000+00:00,2026-01-06 18:48:33.717179+00:00,213.137,0.775,0.77,0.78,0.225,0.22,0.23,21.73,233.0,160.0,21.73,0.76,798.0,0.79,302.0,0.21,291.0,0.24,314.0
2026-01-06 18:48:34.211000+00:00,2026-01-06 18:48:34.729643+00:00,214.211,0.775,0.77,0.78,0.225,0.22,0.23,71.0,85.0,100.0,132.0,0.76,725.0,0.79,303.0,0.21,413.0,0.24,786.0
2026-01-06 18:48:35.225000+00:00,2026-01-06 18:48:35.747030+00:00,215.225,0.775,0.77,0.78,0.225,0.22,0.23,199.0,22.0,22.0,182.0,0.76,781.0,0.79,95.0,0.21,180.0,0.24,350.0
2026-01-06 18:48:36.227000+00:00,2026-01-06 18:48:36.758921+00:00,216.227,0.775,0.77,0.78,0.235,0.23,0.24,58.0,420.8,172.27,20.9,0.76,20.9,0.79,378.0,0.22,230.8,0.25,20.0
2026-01-06 18:48:37.088000+00:00,2026-01-06 18:48:37.767044+00:00,217.088,0.77,0.76,0.78,0.22999999999999998,0.22,0.24,464.0,197.8,197.8,464.0,0.75,520.0,0.79,365.0,0.21,365.0,0.25,520.0
2026-01-06 18:48:38.264000+00:00,2026-01-06 18:48:38.771199+00:00,218.264,0.77,0.76,0.78,0.22999999999999998,0.22,0.24,459.0,322.8,271.8,459.0,0.75,466.0,0.79,235.0,0.21,361.0,0.25,466.0
2026-01-06 18:48:39.255000+00:00,2026-01-06 18:48:39.777927+00:00,219.255,0.77,0.76,0.78,0.225,0.22,0.23,529.95,86.8,106.8,0.56,0.75,388.0,0.79,468.0,0.21,538.0,0.24,549.95
2026-01-06 18:48:40.236000+00:00,2026-01-06 18:48:40.770370+00:00,220.236,0.775,0.77,0.78,0.225,0.22,0.23,1.08,98.0,239.0,1.08,0.76,537.35,0.79,440.0,0.21,492.0,0.24,537.35
2026-01-06 18:48:41.239000+00:00,2026-01-06 18:48:41.770221+00:00,221.239,0.77,0.76,0.78,0.22999999999999998,0.22,0.24,539.09,233.08,233.08,539.09,0.75,332.0,0.79,370.0,0.21,370.0,0.25,393.0
2026-01-06 18:48:42.224000+00:00,2026-01-06 18:48:42.784156+00:00,222.224,0.77,0.76,0.78,0.22999999999999998,0.22,0.24,539.09,286.82,246.82,539.09,0.75,393.0,0.79,370.0,0.21,400.0,0.25,393.0
2026-01-06 18:48:43.263000+00:00,2026-01-06 18:48:43.786517+00:00,223.263,0.775,0.77,0.78,0.225,0.22,0.23,109.16,58.39,58.39,88.21,0.76,770.47,0.79,225.0,0.21,225.0,0.24,841.47
2026-01-06 18:48:44.132000+00:00,2026-01-06 18:48:44.788680+00:00,224.132,0.78,0.77,0.79,0.215,0.21,0.22,77.96,160.0,160.0,5.0,0.76,902.47,0.8,357.0,0.2,357.0,0.23,92.96
2026-01-06 18:48:45.260000+00:00,2026-01-06 18:48:45.786127+00:00,225.26,0.785,0.78,0.79,0.22,0.21,0.23,8.03,55.0,85.0,747.96,0.77,756.0,0.8,292.0,0.2,262.0,0.24,439.64
2026-01-06 18:48:46.202000+00:00,2026-01-06 18:48:46.788680+00:00,226.202,0.785,0.78,0.79,0.215,0.21,0.22,99.03,55.0,55.0,99.03,0.77,467.7,0.8,185.0,0.2,85.0,0.23,459.0
2026-01-06 18:48:47.245000+00:00,2026-01-06 18:48:47.792583+00:00,227.245,0.805,0.8,0.81,0.195,0.19,0.2,354.1,66.06,66.06,399.0,0.79,263.0,0.82,22.23,0.18,22.23,0.21,433.0
2026-01-06 18:48:48.275000+00:00,2026-01-06 18:48:48.789341+00:00,228.275,0.825,0.82,0.83,0.155,0.15,0.16,742.09,7.28,212.08,136.0,0.81,349.01,0.84,40.0,0.14,360.52,0.17,121.0
2026-01-06 18:48:49.480000+00:00,2026-01-06 18:48:49.777625+00:00,229.48,0.845,0.84,0.85,0.155,0.15,0.16,492.02,167.08,111.0,492.02,0.83,251.0,0.86,327.51,0.14,332.51,0.17,251.0
2026-01-06 18:48:50.260000+00:00,2026-01-06 18:48:50.796826+00:00,230.26,0.855,0.85,0.86,0.14500000000000002,0.14,0.15,80.0,66.72,66.72,90.0,0.84,615.0,0.87,386.17,0.13,422.17,0.16,615.0
2026-01-06 18:48:51.302000+00:00,2026-01-06 18:48:51.815003+00:00,231.302,0.855,0.85,0.86,0.155,0.15,0.16,50.0,354.54,248.33,621.99,0.84,631.99,0.87,331.17,0.14,313.54,0.17,327.0
2026-01-06 18:48:52.314000+00:00,2026-01-06 18:48:52.819006+00:00,232.314,0.865,0.86,0.87,0.135,0.13,0.14,82.55,203.16,203.16,117.55,0.85,35.0,0.88,231.0,0.12,267.0,0.15,10.0
2026-01-06 18:48:53.295000+00:00,2026-01-06 18:48:53.830609+00:00,233.295,0.855,0.85,0.86,0.14500000000000002,0.14,0.15,40.0,300.99,412.99,7.73,0.84,541.25,0.87,394.17,0.13,464.17,0.16,536.25
2026-01-06 18:48:54.329000+00:00,2026-01-06 18:48:54.834123+00:00,234.329,0.845,0.84,0.85,0.155,0.15,0.16,97.87,198.0,269.0,97.87,0.83,363.0,0.86,424.99,0.14,424.99,0.17,417.0
2026-01-06 18:48:55.312000+00:00,2026-01-06 18:48:55.847137+00:00,235.312,0.845,0.84,0.85,0.155,0.15,0.16,491.87,62.74,22.74,467.61,0.83,65.0,0.86,709.99,0.14,709.99,0.17,65.0
2026-01-06 18:48:56.336000+00:00,2026-01-06 18:48:56.849767+00:00,236.336,0.845,0.84,0.85,0.15000000000000002,0.14,0.16,584.41,5.0,347.99,589.41,0.83,233.0,0.86,396.0,0.13,269.17,0.17,294.0
2026-01-06 18:48:57.344000+00:00,2026-01-06 18:48:57.864926+00:00,237.344,0.855,0.85,0.86,0.14500000000000002,0.14,0.15,755.0,117.39,117.39,735.0,0.84,296.41,0.88,430.99,0.12,430.99,0.16,306.41
2026-01-06 18:48:58.347000+00:00,2026-01-06 18:48:58.876386+00:00,238.347,0.855,0.85,0.86,0.14,0.13,0.15,568.2,64.1,317.24,568.2,0.84,47.87,0.87,317.24,0.12,414.0,0.16,47.87
2026-01-06 18:48:59.340000+00:00,2026-01-06 18:48:59.887695+00:00,239.34,0.86,0.85,0.87,0.14500000000000002,0.14,0.15,568.2,174.24,2.15,568.2,0.84,52.87,0.88,384.0,0.13,205.18,0.16,52.87
2026-01-06 18:49:00.361000+00:00,2026-01-06 18:49:00.902709+00:00,240.361,0.855,0.85,0.86,0.14500000000000002,0.14,0.15,664.51,29.99,14.99,684.51,0.84,67.87,0.87,283.35,0.13,85.35,0.16,52.87
2026-01-06 18:49:01.404000+00:00,2026-01-06 18:49:01.919490+00:00,241.404,0.865,0.86,0.87,0.135,0.13,0.14,5.0,89.35,74.35,15.0,0.85,603.16,0.88,207.0,0.12,324.0,0.15,159.16
2026-01-06 18:49:02.410000+00:00,2026-01-06 18:49:02.930388+00:00,242.41,0.855,0.85,0.86,0.14500000000000002,0.14,0.15,417.98,55.0,40.0,404.1,0.84,85.61,0.87,537.0,0.13,457.0,0.16,70.61
2026-01-06 18:49:03.407000+00:00,2026-01-06 18:49:03.935950+00:00,243.407,0.855,0.85,0.86,0.14500000000000002,0.14,0.15,480.1,96.08,69.91,480.1,0.84,214.87,0.87,327.0,0.13,327.0,0.16,200.61
2026-01-06 18:49:04.430000+00:00,2026-01-06 18:49:04.951004+00:00,244.43,0.855,0.85,0.86,0.14500000000000002,0.14,0.15,76.0,283.0,122.0,249.31,0.84,105.2,0.87,416.0,0.13,306.0,0.16,17.5
2026-01-06 18:49:05.439000+00:00,2026-01-06 18:49:05.956260+00:00,245.439,0.855,0.85,0.86,0.14,0.13,0.15,659.88,5.0,10.79,659.88,0.84,340.7,0.87,33.79,0.12,526.0,0.16,224.7
2026-01-06 18:49:06.442000+00:00,2026-01-06 18:49:06.958132+00:00,246.442,0.87,0.86,0.88,0.13,0.12,0.14,160.13,279.0,279.0,266.13,0.85,403.88,0.89,120.97,0.11,155.97,0.15,413.88
2026-01-06 18:49:07.422000+00:00,2026-01-06 18:49:07.965472+00:00,247.422,0.875,0.87,0.88,0.125,0.12,0.13,5.0,172.0,172.0,5.0,0.86,584.81,0.89,137.97,0.11,137.97,0.14,584.81
2026-01-06 18:49:08.426000+00:00,2026-01-06 18:49:08.963925+00:00,248.426,0.875,0.87,0.88,0.125,0.12,0.13,10.0,89.43,145.43,10.0,0.86,514.81,0.89,137.97,0.11,186.97,0.14,499.81
2026-01-06 18:49:09.438000+00:00,2026-01-06 18:49:09.965554+00:00,249.438,0.87,0.86,0.88,0.135,0.13,0.14,509.23,136.54,75.0,459.23,0.85,430.29,0.89,255.97,0.12,439.54,0.15,437.29
2026-01-06 18:49:10.433000+00:00,2026-01-06 18:49:10.967128+00:00,250.433,0.87,0.86,0.88,0.135,0.13,0.14,504.23,230.54,5.0,504.23,0.85,194.29,0.89,623.97,0.12,270.54,0.15,194.29
2026-01-06 18:49:11.469000+00:00,2026-01-06 18:49:11.986799+00:00,251.469,0.865,0.86,0.87,0.135,0.13,0.14,497.93,7.1,7.1,639.93,0.85,300.29,0.88,501.8,0.12,253.0,0.15,509.29
2026-01-06 18:49:12.453000+00:00,2026-01-06 18:49:12.990018+00:00,252.453,0.87,0.86,0.88,0.13,0.12,0.14,533.93,326.07,326.07,533.93,0.85,468.29,0.89,411.97,0.11,411.97,0.15,486.29
2026-01-06 18:49:13.477000+00:00,2026-01-06 18:49:13.998179+00:00,253.477,0.865,0.86,0.87,0.135,0.13,0.14,518.93,269.45,354.45,457.93,0.85,361.29,0.88,315.0,0.12,275.0,0.15,361.29
2026-01-06 18:49:14.542000+00:00,2026-01-06 18:49:14.993373+00:00,254.542,0.875,0.87,0.88,0.125,0.12,0.13,122.0,91.0,183.0,122.0,0.86,746.93,0.89,257.97,0.11,254.97,0.14,776.93
2026-01-06 18:49:15.452000+00:00,2026-01-06 18:49:15.992836+00:00,255.452,0.87,0.86,0.88,0.125,0.12,0.13,520.23,107.0,54.0,68.43,0.85,323.48,0.89,475.97,0.11,292.97,0.14,399.0
2026-01-06 18:49:16.417000+00:00,2026-01-06 18:49:16.996505+00:00,256.417,0.88,0.87,0.89,0.11499999999999999,0.11,0.12,472.43,279.97,232.97,5.0,0.86,531.0,0.9,769.57,0.1,707.57,0.13,684.43
2026-01-06 18:49:17.478000+00:00,2026-01-06 18:49:17.983698+00:00,257.478,0.875,0.87,0.88,0.125,0.12,0.13,525.43,45.0,30.0,507.43,0.86,552.8,0.89,131.97,0.11,131.97,0.14,588.8
2026-01-06 18:49:18.402000+00:00,2026-01-06 18:49:18.994572+00:00,258.402,0.875,0.87,0.88,0.125,0.12,0.13,690.43,23.14,43.14,690.43,0.86,691.8,0.89,114.97,0.11,149.97,0.14,655.8
2026-01-06 18:49:19.425000+00:00,2026-01-06 18:49:19.998879+00:00,259.425,0.885,0.88,0.89,0.11499999999999999,0.11,0.12,469.0,55.97,55.97,469.0,0.87,265.0,0.9,537.57,0.1,537.57,0.13,326.0
2026-01-06 18:49:20.466000+00:00,2026-01-06 18:49:21.014679+00:00,260.466,0.885,0.88,0.89,0.11499999999999999,0.11,0.12,477.16,54.84,48.35,477.16,0.87,392.0,0.9,651.57,0.1,651.57,0.13,392.0
2026-01-06 18:49:21.481000+00:00,2026-01-06 18:49:22.013173+00:00,261.481,0.885,0.88,0.89,0.11499999999999999,0.11,0.12,655.16,44.95,44.95,655.16,0.87,397.0,0.9,634.57,0.1,634.57,0.13,397.0
2026-01-06 18:49:22.453000+00:00,2026-01-06 18:49:23.017987+00:00,262.453,0.885,0.88,0.89,0.11499999999999999,0.11,0.12,477.16,192.97,192.97,477.16,0.87,468.0,0.9,581.57,0.1,581.57,0.13,468.0
2026-01-06 18:49:23.461000+00:00,2026-01-06 18:49:24.034220+00:00,263.461,0.885,0.88,0.89,0.11499999999999999,0.11,0.12,674.16,34.41,49.41,735.16,0.87,584.0,0.9,563.57,0.1,563.57,0.13,463.0
2026-01-06 18:49:24.520000+00:00,2026-01-06 18:49:25.031341+00:00,264.52,0.885,0.88,0.89,0.11499999999999999,0.11,0.12,449.0,324.41,342.41,449.0,0.87,360.0,0.9,519.57,0.1,519.57,0.13,325.0
2026-01-06 18:49:25.521000+00:00,2026-01-06 18:49:26.046441+00:00,265.521,0.875,0.87,0.88,0.125,0.12,0.13,203.0,397.0,420.0,203.0,0.86,469.0,0.89,368.41,0.11,363.41,0.14,469.0
2026-01-06 18:49:26.530000+00:00,2026-01-06 18:49:27.064126+00:00,266.53,0.855,0.85,0.86,0.14500000000000002,0.14,0.15,15.0,35.0,35.0,15.0,0.84,762.0,0.87,63.0,0.13,63.0,0.16,762.0
2026-01-06 18:49:27.518000+00:00,2026-01-06 18:49:28.067473+00:00,267.518,0.845,0.84,0.85,0.15000000000000002,0.14,0.16,767.0,5.0,65.0,684.87,0.83,255.19,0.86,70.0,0.13,184.0,0.17,255.19
2026-01-06 18:49:28.456000+00:00,2026-01-06 18:49:29.065437+00:00,268.456,0.85,0.84,0.86,0.15000000000000002,0.14,0.16,679.87,70.0,85.0,679.87,0.83,304.19,0.87,184.0,0.13,184.0,0.17,304.19
2026-01-06 18:49:29.461000+00:00,2026-01-06 18:49:30.084569+00:00,269.461,0.85,0.84,0.86,0.15000000000000002,0.14,0.16,637.05,70.0,70.0,617.57,0.83,365.19,0.87,298.0,0.13,298.0,0.17,365.19
2026-01-06 18:49:30.559000+00:00,2026-01-06 18:49:31.082629+00:00,270.559,0.845,0.84,0.85,0.15000000000000002,0.14,0.16,547.57,30.0,50.0,532.57,0.83,402.19,0.86,220.0,0.13,334.0,0.17,314.19
2026-01-06 18:49:31.560000+00:00,2026-01-06 18:49:32.083391+00:00,271.56,0.845,0.84,0.85,0.155,0.15,0.16,567.57,7.0,45.0,567.57,0.83,480.19,0.86,41.0,0.14,59.0,0.17,408.19
2026-01-06 18:49:32.566000+00:00,2026-01-06 18:49:33.094154+00:00,272.566,0.845,0.84,0.85,0.16,0.15,0.17,61.0,285.0,218.82,50.0,0.83,20.0,0.86,334.0,0.14,334.0,0.18,632.33
2026-01-06 18:49:33.539000+00:00,2026-01-06 18:49:34.097584+00:00,273.539,0.825,0.82,0.83,0.175,0.17,0.18,533.25,24.83,24.83,573.25,0.81,338.0,0.84,139.0,0.16,139.0,0.19,115.0
2026-01-06 18:49:34.580000+00:00,2026-01-06 18:49:35.090741+00:00,274.58,0.825,0.82,0.83,0.175,0.17,0.18,941.25,20.52,10.52,941.25,0.81,333.5,0.84,107.25,0.16,92.25,0.19,412.5
2026-01-06 18:49:35.535000+00:00,2026-01-06 18:49:36.081273+00:00,275.535,0.835,0.83,0.84,0.165,0.16,0.17,416.0,107.25,91.11,416.0,0.82,431.0,0.85,20.0,0.15,20.0,0.18,431.0
2026-01-06 18:49:36.551000+00:00,2026-01-06 18:49:37.081073+00:00,276.551,0.835,0.83,0.84,0.165,0.16,0.17,235.0,60.28,60.28,250.0,0.82,513.0,0.85,20.0,0.15,20.0,0.18,513.0
2026-01-06 18:49:37.583000+00:00,2026-01-06 18:49:38.098240+00:00,277.583,0.845,0.84,0.85,0.155,0.15,0.16,651.0,15.0,15.0,686.0,0.83,693.0,0.86,108.71,0.14,100.71,0.17,703.0
2026-01-06 18:49:38.586000+00:00,2026-01-06 18:49:39.108694+00:00,278.586,0.855,0.85,0.86,0.14500000000000002,0.14,0.15,10.0,65.71,191.06,10.0,0.84,515.0,0.87,302.0,0.13,321.0,0.16,550.0
2026-01-06 18:49:39.540000+00:00,2026-01-06 18:49:40.115651+00:00,279.54,0.845,0.84,0.85,0.155,0.15,0.16,489.0,15.0,15.0,489.0,0.83,304.0,0.86,119.39,0.14,119.39,0.17,304.0
2026-01-06 18:49:40.571000+00:00,2026-01-06 18:49:41.131070+00:00,280.571,0.845,0.84,0.85,0.155,0.15,0.16,489.0,15.0,15.0,489.0,0.83,313.19,0.86,119.39,0.14,119.39,0.17,313.19
2026-01-06 18:49:41.615000+00:00,2026-01-06 18:49:42.134366+00:00,281.615,0.845,0.84,0.85,0.155,0.15,0.16,449.0,133.0,133.0,449.0,0.83,165.0,0.86,190.39,0.14,190.39,0.17,165.0
2026-01-06 18:49:42.460000+00:00,2026-01-06 18:49:43.132382+00:00,282.46,0.845,0.84,0.85,0.155,0.15,0.16,439.0,13.84,13.84,439.0,0.83,223.0,0.86,337.39,0.14,337.39,0.17,223.0
2026-01-06 18:49:43.619000+00:00,2026-01-06 18:49:44.147225+00:00,283.619,0.835,0.83,0.84,0.165,0.16,0.17,153.0,65.0,23.82,153.0,0.82,401.8,0.85,18.84,0.15,18.84,0.18,850.8
2026-01-06 18:49:44.626000+00:00,2026-01-06 18:49:45.147942+00:00,284.626,0.835,0.83,0.84,0.165,0.16,0.17,283.0,40.0,40.0,283.0,0.82,856.8,0.85,161.84,0.15,161.84,0.18,848.0
2026-01-06 18:49:45.584000+00:00,2026-01-06 18:49:46.151017+00:00,285.584,0.835,0.83,0.84,0.165,0.16,0.17,151.0,9.82,9.82,151.0,0.82,838.0,0.85,231.84,0.15,231.84,0.18,838.0
2026-01-06 18:49:46.706000+00:00,2026-01-06 18:49:47.154325+00:00,286.706,0.825,0.82,0.83,0.175,0.17,0.18,71.0,95.0,88.0,71.0,0.81,146.17,0.84,135.82,0.16,145.82,0.19,116.17
2026-01-06 18:49:47.633000+00:00,2026-01-06 18:49:48.156342+00:00,287.633,0.825,0.82,0.83,0.175,0.17,0.18,71.0,73.0,73.0,71.0,0.81,128.17,0.84,337.82,0.16,337.82,0.19,189.17
2026-01-06 18:49:48.594000+00:00,2026-01-06 18:49:49.175974+00:00,288.594,0.815,0.81,0.82,0.185,0.18,0.19,6.17,15.0,15.0,6.17,0.8,865.0,0.83,55.0,0.17,55.0,0.2,702.0
2026-01-06 18:49:49.675000+00:00,2026-01-06 18:49:50.197277+00:00,289.675,0.815,0.81,0.82,0.185,0.18,0.19,1.17,446.0,431.0,1.17,0.8,10.0,0.83,301.0,0.17,286.0,0.2,15.0
2026-01-06 18:49:50.679000+00:00,2026-01-06 18:49:51.198396+00:00,290.679,0.79,0.78,0.8,0.21000000000000002,0.2,0.22,739.0,15.0,15.0,739.0,0.77,376.0,0.81,221.48,0.19,141.48,0.23,376.0
2026-01-06 18:49:51.676000+00:00,2026-01-06 18:49:52.197043+00:00,291.676,0.795,0.79,0.8,0.215,0.21,0.22,5.0,137.0,5.0,115.0,0.77,378.0,0.81,297.48,0.2,329.0,0.23,276.0
2026-01-06 18:49:52.691000+00:00,2026-01-06 18:49:53.214414+00:00,292.691,0.79,0.78,0.8,0.21000000000000002,0.2,0.22,115.0,152.0,152.0,120.0,0.77,106.0,0.81,508.0,0.19,508.0,0.23,106.0
2026-01-06 18:49:53.542000+00:00,2026-01-06 18:49:54.229959+00:00,293.542,0.79,0.78,0.8,0.20500000000000002,0.2,0.21,120.0,91.0,56.0,49.98,0.77,289.0,0.81,486.0,0.19,406.0,0.22,70.0
2026-01-06 18:49:54.705000+00:00,2026-01-06 18:49:55.244990+00:00,294.705,0.795,0.79,0.8,0.20500000000000002,0.2,0.21,5.0,15.0,15.0,5.0,0.78,461.0,0.81,205.0,0.19,316.0,0.22,425.0
2026-01-06 18:49:55.697000+00:00,2026-01-06 18:49:56.254664+00:00,295.697,0.785,0.78,0.79,0.215,0.21,0.22,177.0,53.0,53.0,177.0,0.77,569.0,0.8,297.81,0.2,358.81,0.23,569.0
2026-01-06 18:49:56.655000+00:00,2026-01-06 18:49:57.267484+00:00,296.655,0.785,0.78,0.79,0.215,0.21,0.22,147.0,22.0,22.0,147.0,0.77,589.0,0.8,175.81,0.2,175.81,0.23,589.0
2026-01-06 18:49:57.767000+00:00,2026-01-06 18:49:58.269774+00:00,297.767,0.785,0.78,0.79,0.21000000000000002,0.2,0.22,104.0,4.0,180.81,204.0,0.77,446.0,0.8,302.81,0.19,348.0,0.23,437.0
2026-01-06 18:49:58.746000+00:00,2026-01-06 18:49:59.275168+00:00,298.746,0.795,0.79,0.8,0.20500000000000002,0.2,0.21,87.23,42.22,57.22,33.23,0.78,225.0,0.81,334.0,0.19,334.0,0.22,279.0
2026-01-06 18:49:59.768000+00:00,2026-01-06 18:50:00.286261+00:00,299.768,0.805,0.8,0.81,0.195,0.19,0.2,15.0,47.16,47.16,15.0,0.79,18.23,0.82,737.0,0.18,719.0,0.21,35.0
2026-01-06 18:50:00.736000+00:00,2026-01-06 18:50:01.275168+00:00,300.736,0.795,0.79,0.8,0.20500000000000002,0.2,0.21,50.0,162.0,72.0,55.0,0.78,378.0,0.81,132.0,0.19,168.0,0.22,378.0
2026-01-06 18:50:01.755000+00:00,2026-01-06 18:50:02.270821+00:00,301.755,0.785,0.78,0.79,0.215,0.21,0.22,180.0,666.0,620.0,180.0,0.77,20.0,0.8,301.22,0.2,820.22,0.23,20.0
2026-01-06 18:50:02.678000+00:00,2026-01-06 18:50:03.273563+00:00,302.678,0.765,0.76,0.77,0.24,0.23,0.25,1.39,223.0,170.63,35.0,0.75,40.0,0.78,437.86,0.22,428.0,0.26,202.0
2026-01-06 18:50:03.756000+00:00,2026-01-06 18:50:04.278799+00:00,303.756,0.755,0.75,0.76,0.245,0.24,0.25,187.0,25.43,25.43,217.0,0.74,233.85,0.77,61.0,0.23,61.0,0.26,661.5
2026-01-06 18:50:04.769000+00:00,2026-01-06 18:50:05.287195+00:00,304.769,0.785,0.78,0.79,0.225,0.22,0.23,69.0,817.0,36.0,40.0,0.77,135.0,0.81,193.64,0.21,1668.86,0.24,183.0
2026-01-06 18:50:05.790000+00:00,2026-01-06 18:50:06.299275+00:00,305.79,0.745,0.74,0.75,0.255,0.25,0.26,185.0,223.0,136.57,185.0,0.73,106.0,0.76,188.0,0.24,120.0,0.27,70.0
2026-01-06 18:50:06.780000+00:00,2026-01-06 18:50:07.306465+00:00,306.78,0.725,0.72,0.73,0.335,0.33,0.34,15.94,163.44,92.0,45.0,0.71,30.0,0.74,137.0,0.32,110.0,0.35,23.0
2026-01-06 18:50:07.798000+00:00,2026-01-06 18:50:08.314273+00:00,307.798,0.625,0.62,0.63,0.375,0.37,0.38,79.0,72.95,59.95,79.0,0.61,86.0,0.64,332.62,0.36,332.62,0.39,100.99
2026-01-06 18:50:08.794000+00:00,2026-01-06 18:50:09.315355+00:00,308.794,0.625,0.62,0.63,0.375,0.37,0.38,30.0,711.0,838.0,26.08,0.61,48.13,0.64,307.63,0.36,397.63,0.39,33.13
2026-01-06 18:50:09.794000+00:00,2026-01-06 18:50:10.307068+00:00,309.794,0.6,0.59,0.61,0.385,0.38,0.39,144.0,90.0,5.0,66.0,0.58,172.0,0.62,5.0,0.37,218.0,0.4,242.0
2026-01-06 18:50:10.775000+00:00,2026-01-06 18:50:11.298293+00:00,310.775,0.665,0.66,0.67,0.335,0.33,0.34,1.08,115.0,82.65,91.08,0.65,177.0,0.68,924.0,0.32,614.0,0.35,259.94
2026-01-06 18:50:11.784000+00:00,2026-01-06 18:50:12.308606+00:00,311.784,0.675,0.67,0.68,0.325,0.32,0.33,6.66,212.0,659.0,6.66,0.66,5.0,0.69,152.0,0.31,323.0,0.34,20.0
2026-01-06 18:50:12.769000+00:00,2026-01-06 18:50:13.322470+00:00,312.769,0.66,0.65,0.67,0.345,0.34,0.35,132.46,275.13,30.0,76.72,0.64,256.38,0.68,888.0,0.33,275.13,0.36,248.0
2026-01-06 18:50:13.810000+00:00,2026-01-06 18:50:14.336069+00:00,313.81,0.665,0.66,0.67,0.325,0.32,0.33,99.95,38.0,706.0,34.0,0.65,294.72,0.68,662.99,0.31,146.0,0.34,218.0
2026-01-06 18:50:14.830000+00:00,2026-01-06 18:50:15.349420+00:00,314.83,0.675,0.67,0.68,0.33,0.32,0.34,5.0,507.94,479.94,127.5,0.66,125.0,0.69,220.0,0.31,346.0,0.35,318.0
2026-01-06 18:50:15.698000+00:00,2026-01-06 18:50:16.362951+00:00,315.698,0.665,0.66,0.67,0.335,0.33,0.34,258.87,3.5,3.5,255.63,0.65,358.0,0.68,505.22,0.32,505.22,0.35,358.0
2026-01-06 18:50:16.848000+00:00,2026-01-06 18:50:17.368579+00:00,316.848,0.665,0.66,0.67,0.335,0.33,0.34,176.52,272.18,290.18,174.08,0.65,198.0,0.68,373.44,0.32,373.44,0.35,274.72
2026-01-06 18:50:17.831000+00:00,2026-01-06 18:50:18.378553+00:00,317.831,0.655,0.65,0.66,0.345,0.34,0.35,284.75,64.78,64.78,296.6,0.64,267.99,0.67,87.19,0.33,92.19,0.36,267.99
2026-01-06 18:50:18.865000+00:00,2026-01-06 18:50:19.392595+00:00,318.865,0.665,0.66,0.67,0.335,0.33,0.34,78.5,35.0,35.0,187.5,0.65,240.99,0.68,715.72,0.32,715.72,0.35,240.99
2026-01-06 18:50:19.838000+00:00,2026-01-06 18:50:20.395311+00:00,319.838,0.665,0.66,0.67,0.335,0.33,0.34,20.0,240.06,240.06,20.0,0.65,270.99,0.68,585.0,0.32,585.0,0.35,270.99
2026-01-06 18:50:20.838000+00:00,2026-01-06 18:50:21.398016+00:00,320.838,0.665,0.66,0.67,0.335,0.33,0.34,11.76,420.06,365.06,11.76,0.65,232.99,0.68,670.0,0.32,670.0,0.35,282.99
2026-01-06 18:50:21.853000+00:00,2026-01-06 18:50:22.395501+00:00,321.853,0.685,0.68,0.69,0.31,0.3,0.32,24.74,35.0,16.66,111.74,0.67,220.3,0.7,26.66,0.29,136.0,0.33,119.3
2026-01-06 18:50:22.878000+00:00,2026-01-06 18:50:23.397794+00:00,322.878,0.705,0.7,0.71,0.295,0.29,0.3,50.93,35.0,50.0,100.93,0.69,289.0,0.72,232.38,0.28,412.38,0.31,253.0
2026-01-06 18:50:23.842000+00:00,2026-01-06 18:50:24.410392+00:00,323.842,0.705,0.7,0.71,0.295,0.29,0.3,81.32,91.0,91.0,81.32,0.69,313.99,0.72,300.38,0.28,315.38,0.31,313.99
2026-01-06 18:50:24.986000+00:00,2026-01-06 18:50:25.411816+00:00,324.986,0.705,0.7,0.71,0.295,0.29,0.3,79.09,89.19,89.19,79.09,0.69,130.99,0.72,314.38,0.28,314.38,0.31,130.99
2026-01-06 18:50:25.891000+00:00,2026-01-06 18:50:26.411413+00:00,325.891,0.705,0.7,0.71,0.295,0.29,0.3,387.09,84.19,84.19,464.09,0.69,341.99,0.72,80.93,0.28,80.93,0.31,981.99
2026-01-06 18:50:26.926000+00:00,2026-01-06 18:50:27.430033+00:00,326.926,0.76,0.75,0.77,0.235,0.23,0.24,30.0,172.83,71.83,30.0,0.74,9.74,0.78,466.72,0.22,292.72,0.25,30.0
2026-01-06 18:50:27.911000+00:00,2026-01-06 18:50:28.445962+00:00,327.911,0.765,0.76,0.77,0.235,0.23,0.24,65.42,56.83,56.83,65.42,0.75,120.0,0.78,354.72,0.22,336.72,0.25,120.0
2026-01-06 18:50:28.935000+00:00,2026-01-06 18:50:29.447495+00:00,328.935,0.755,0.75,0.76,0.245,0.24,0.25,113.43,178.39,170.0,30.43,0.74,125.73,0.77,374.0,0.23,454.0,0.26,133.73
2026-01-06 18:50:29.948000+00:00,2026-01-06 18:50:30.467400+00:00,329.948,0.76,0.75,0.77,0.245,0.24,0.25,68.62,337.81,90.0,30.43,0.74,397.74,0.78,503.72,0.23,427.81,0.26,373.0
2026-01-06 18:50:30.939000+00:00,2026-01-06 18:50:31.475556+00:00,330.939,0.745,0.74,0.75,0.255,0.25,0.26,163.14,85.0,105.31,310.14,0.73,339.0,0.76,80.0,0.24,80.0,0.27,434.13
2026-01-06 18:50:31.964000+00:00,2026-01-06 18:50:32.477942+00:00,331.964,0.755,0.75,0.76,0.245,0.24,0.25,254.0,121.46,121.46,208.56,0.74,341.14,0.77,172.81,0.23,101.81,0.26,341.14
2026-01-06 18:50:32.832000+00:00,2026-01-06 18:50:33.496576+00:00,332.832,0.745,0.74,0.75,0.255,0.25,0.26,211.14,79.0,79.0,178.0,0.73,840.13,0.76,126.46,0.24,126.46,0.27,840.13
2026-01-06 18:50:34+00:00,2026-01-06 18:50:34.512799+00:00,334.0,0.745,0.74,0.75,0.255,0.25,0.26,161.0,244.0,244.0,161.0,0.73,366.13,0.76,374.46,0.24,374.46,0.27,366.13
2026-01-06 18:50:35+00:00,2026-01-06 18:50:35.526920+00:00,335.0,0.74,0.73,0.75,0.265,0.26,0.27,91.13,489.0,80.0,99.13,0.72,251.0,0.76,430.46,0.25,530.0,0.28,60.0
2026-01-06 18:50:36+00:00,2026-01-06 18:50:36.526658+00:00,336.0,0.725,0.72,0.73,0.275,0.27,0.28,79.0,147.87,147.87,61.0,0.71,822.0,0.74,115.0,0.26,115.0,0.29,883.0
2026-01-06 18:50:37.001000+00:00,2026-01-06 18:50:37.539089+00:00,337.001,0.725,0.72,0.73,0.275,0.27,0.28,61.0,111.87,111.87,36.0,0.71,865.0,0.74,142.99,0.26,142.99,0.29,740.0
2026-01-06 18:50:38.001000+00:00,2026-01-06 18:50:38.549764+00:00,338.001,0.725,0.72,0.73,0.275,0.27,0.28,47.0,116.0,116.0,108.0,0.71,780.6,0.74,279.99,0.26,279.99,0.29,772.0
2026-01-06 18:50:39+00:00,2026-01-06 18:50:39.555113+00:00,339.0,0.735,0.73,0.74,0.245,0.24,0.25,475.78,9.99,121.46,137.0,0.72,436.0,0.75,88.99,0.23,204.81,0.26,316.01
2026-01-06 18:50:40.040000+00:00,2026-01-06 18:50:40.561503+00:00,340.04,0.74,0.73,0.75,0.265,0.26,0.27,110.0,326.86,159.0,115.0,0.72,9.9,0.76,410.46,0.25,218.86,0.28,14.9
2026-01-06 18:50:41.051000+00:00,2026-01-06 18:50:41.580075+00:00,341.051,0.715,0.71,0.72,0.28500000000000003,0.28,0.29,279.2,125.82,125.82,279.2,0.7,833.0,0.73,154.0,0.27,154.0,0.3,833.0
2026-01-06 18:50:42.044000+00:00,2026-01-06 18:50:42.579849+00:00,342.044,0.705,0.7,0.71,0.295,0.29,0.3,464.0,116.0,110.0,454.0,0.69,351.0,0.72,213.82,0.28,213.82,0.31,351.0
2026-01-06 18:50:43.018000+00:00,2026-01-06 18:50:43.579263+00:00,343.018,0.695,0.69,0.7,0.305,0.3,0.31,68.0,100.0,145.0,113.0,0.68,365.0,0.71,75.0,0.29,90.0,0.32,300.0
2026-01-06 18:50:44.057000+00:00,2026-01-06 18:50:44.580901+00:00,344.057,0.665,0.66,0.67,0.335,0.33,0.34,18.0,105.83,102.83,3.0,0.65,668.0,0.68,95.0,0.32,185.0,0.35,673.0
2026-01-06 18:50:45.052000+00:00,2026-01-06 18:50:45.578286+00:00,345.052,0.675,0.67,0.68,0.325,0.32,0.33,10.0,110.0,110.0,5.0,0.66,366.0,0.69,212.0,0.31,212.0,0.34,326.0
2026-01-06 18:50:46.062000+00:00,2026-01-06 18:50:46.572802+00:00,346.062,0.675,0.67,0.68,0.33,0.32,0.34,5.0,80.55,110.55,410.0,0.66,395.0,0.69,151.0,0.31,151.0,0.35,746.0
2026-01-06 18:50:47.056000+00:00,2026-01-06 18:50:47.573282+00:00,347.056,0.705,0.7,0.71,0.295,0.29,0.3,28.0,95.0,50.0,150.0,0.69,98.15,0.72,80.0,0.28,80.0,0.31,303.15
2026-01-06 18:50:48.075000+00:00,2026-01-06 18:50:48.594699+00:00,348.075,0.705,0.7,0.71,0.295,0.29,0.3,344.6,9.83,59.83,259.6,0.69,284.15,0.72,100.0,0.28,80.0,0.31,339.15
2026-01-06 18:50:49.103000+00:00,2026-01-06 18:50:49.611332+00:00,349.103,0.705,0.7,0.71,0.295,0.29,0.3,213.6,109.83,109.83,210.2,0.69,303.15,0.72,152.0,0.28,188.0,0.31,303.15
2026-01-06 18:50:50.211000+00:00,2026-01-06 18:50:50.613953+00:00,350.211,0.705,0.7,0.71,0.275,0.27,0.28,648.2,9.83,26.99,155.0,0.69,393.15,0.73,121.99,0.26,212.0,0.29,509.0
2026-01-06 18:50:51.091000+00:00,2026-01-06 18:50:51.622053+00:00,351.091,0.735,0.73,0.74,0.265,0.26,0.27,130.0,130.0,130.0,187.22,0.72,492.0,0.75,194.86,0.25,194.86,0.28,477.0
2026-01-06 18:50:52.155000+00:00,2026-01-06 18:50:52.632600+00:00,352.155,0.735,0.73,0.74,0.255,0.25,0.26,214.73,100.0,144.86,93.0,0.72,512.0,0.75,126.86,0.24,215.46,0.27,209.73
2026-01-06 18:50:53.124000+00:00,2026-01-06 18:50:53.648912+00:00,353.124,0.745,0.74,0.75,0.255,0.25,0.26,363.6,20.0,20.0,308.6,0.73,334.73,0.76,78.45,0.24,78.45,0.27,411.73
2026-01-06 18:50:54.030000+00:00,2026-01-06 18:50:54.649326+00:00,354.03,0.755,0.75,0.76,0.245,0.24,0.25,58.8,78.45,78.45,53.8,0.74,326.6,0.77,196.81,0.23,201.81,0.26,321.6
2026-01-06 18:50:55.032000+00:00,2026-01-06 18:50:55.655091+00:00,355.032,0.755,0.75,0.76,0.245,0.24,0.25,289.8,78.45,78.45,289.8,0.74,668.0,0.77,181.81,0.23,181.81,0.26,668.0
2026-01-06 18:50:56+00:00,2026-01-06 18:50:56.662912+00:00,356.0,0.755,0.75,0.76,0.245,0.24,0.25,231.0,78.45,78.45,231.0,0.74,704.0,0.77,181.81,0.23,181.81,0.26,704.0
2026-01-06 18:50:57.134000+00:00,2026-01-06 18:50:57.678128+00:00,357.134,0.745,0.74,0.75,0.255,0.25,0.26,492.0,75.0,75.0,492.0,0.73,248.0,0.76,272.88,0.24,272.88,0.27,248.0
2026-01-06 18:50:58.161000+00:00,2026-01-06 18:50:58.676748+00:00,358.161,0.745,0.74,0.75,0.255,0.25,0.26,8.0,120.0,10.0,148.36,0.73,123.0,0.76,208.88,0.24,192.87,0.27,446.0
2026-01-06 18:50:59.171000+00:00,2026-01-06 18:50:59.694274+00:00,359.171,0.75,0.74,0.76,0.25,0.24,0.26,191.0,99.87,94.87,199.0,0.73,489.0,0.77,383.54,0.23,383.54,0.27,489.0
2026-01-06 18:51:00.168000+00:00,2026-01-06 18:51:00.711383+00:00,360.168,0.755,0.75,0.76,0.245,0.24,0.25,134.0,76.87,76.87,134.0,0.74,760.0,0.77,221.54,0.23,221.54,0.26,775.0
2026-01-06 18:51:01.102000+00:00,2026-01-06 18:51:01.728170+00:00,361.102,0.755,0.75,0.76,0.245,0.24,0.25,84.0,76.87,76.87,84.0,0.74,775.0,0.77,238.54,0.23,238.54,0.26,775.0
2026-01-06 18:51:02.212000+00:00,2026-01-06 18:51:02.745548+00:00,362.212,0.755,0.75,0.76,0.245,0.24,0.25,61.0,20.23,65.23,11.0,0.74,668.0,0.77,220.54,0.23,238.54,0.26,658.0
2026-01-06 18:51:03.248000+00:00,2026-01-06 18:51:03.762975+00:00,363.248,0.765,0.76,0.77,0.235,0.23,0.24,198.0,48.54,48.54,429.0,0.75,666.76,0.78,57.72,0.22,57.72,0.25,528.76
2026-01-06 18:51:04.314000+00:00,2026-01-06 18:51:04.779486+00:00,364.314,0.815,0.81,0.82,0.185,0.18,0.19,35.0,145.0,109.0,186.0,0.8,260.0,0.83,60.0,0.17,65.0,0.2,266.0
2026-01-06 18:51:05.253000+00:00,2026-01-06 18:51:05.772715+00:00,365.253,0.805,0.8,0.81,0.195,0.19,0.2,669.0,5.0,5.0,669.0,0.79,85.0,0.82,293.68,0.18,354.68,0.21,174.0
2026-01-06 18:51:06.221000+00:00,2026-01-06 18:51:06.786591+00:00,366.221,0.815,0.81,0.82,0.185,0.18,0.19,35.0,191.68,101.68,103.77,0.8,539.0,0.83,229.0,0.17,275.22,0.2,524.0
2026-01-06 18:51:07.276000+00:00,2026-01-06 18:51:07.796010+00:00,367.276,0.815,0.81,0.82,0.185,0.18,0.19,99.77,93.68,98.68,107.77,0.8,85.32,0.83,183.22,0.17,178.22,0.2,77.32
2026-01-06 18:51:08.080000+00:00,2026-01-06 18:51:08.788574+00:00,368.08,0.815,0.81,0.82,0.185,0.18,0.19,25.52,183.68,76.0,132.29,0.8,155.94,0.83,168.0,0.17,229.22,0.2,125.62
2026-01-06 18:51:09.162000+00:00,2026-01-06 18:51:09.792835+00:00,369.162,0.815,0.81,0.82,0.185,0.18,0.19,25.52,120.0,120.0,25.52,0.8,155.94,0.83,248.0,0.17,248.0,0.2,155.94
2026-01-06 18:51:10.272000+00:00,2026-01-06 18:51:10.796510+00:00,370.272,0.815,0.81,0.82,0.18,0.17,0.19,142.29,87.74,229.22,550.77,0.8,70.0,0.83,299.22,0.16,310.99,0.2,253.0
2026-01-06 18:51:11.273000+00:00,2026-01-06 18:51:11.798020+00:00,371.273,0.815,0.81,0.82,0.185,0.18,0.19,457.0,278.0,193.0,457.0,0.8,166.0,0.83,226.0,0.17,383.0,0.2,106.0
2026-01-06 18:51:12.281000+00:00,2026-01-06 18:51:12.814129+00:00,372.281,0.805,0.8,0.81,0.195,0.19,0.2,68.27,173.22,168.22,50.27,0.79,598.42,0.82,319.0,0.18,319.0,0.21,590.77
2026-01-06 18:51:13.264000+00:00,2026-01-06 18:51:13.826435+00:00,373.264,0.805,0.8,0.81,0.195,0.19,0.2,40.27,163.22,163.22,40.27,0.79,595.77,0.82,299.0,0.18,299.0,0.21,595.77
2026-01-06 18:51:14.248000+00:00,2026-01-06 18:51:14.830566+00:00,374.248,0.795,0.79,0.8,0.20500000000000002,0.2,0.21,492.0,161.23,161.23,492.0,0.78,35.0,0.81,416.55,0.19,477.55,0.22,35.0
2026-01-06 18:51:15.182000+00:00,2026-01-06 18:51:15.827792+00:00,375.182,0.795,0.79,0.8,0.20500000000000002,0.2,0.21,469.0,250.26,220.23,469.0,0.78,35.0,0.81,234.61,0.19,173.61,0.22,35.0
2026-01-06 18:51:16.290000+00:00,2026-01-06 18:51:16.829022+00:00,376.29,0.795,0.79,0.8,0.20500000000000002,0.2,0.21,441.0,96.19,96.19,441.0,0.78,328.32,0.81,194.61,0.19,194.61,0.22,328.32
2026-01-06 18:51:17.164000+00:00,2026-01-06 18:51:17.834439+00:00,377.164,0.795,0.79,0.8,0.20500000000000002,0.2,0.21,446.0,85.13,85.13,446.0,0.78,371.32,0.81,299.61,0.19,299.61,0.22,371.32
2026-01-06 18:51:18.323000+00:00,2026-01-06 18:51:18.843965+00:00,378.323,0.795,0.79,0.8,0.20500000000000002,0.2,0.21,30.0,214.13,214.13,30.0,0.78,254.0,0.81,457.61,0.19,457.61,0.22,254.0
2026-01-06 18:51:19.279000+00:00,2026-01-06 18:51:19.846110+00:00,379.279,0.795,0.79,0.8,0.20500000000000002,0.2,0.21,30.0,286.13,286.13,30.0,0.78,71.0,0.81,395.61,0.19,395.61,0.22,71.0
2026-01-06 18:51:20.261000+00:00,2026-01-06 18:51:20.876983+00:00,380.261,0.795,0.79,0.8,0.20500000000000002,0.2,0.21,30.0,286.13,286.13,30.0,0.77,285.0,0.81,334.61,0.19,334.61,0.23,285.0
2026-01-06 18:51:21.212000+00:00,2026-01-06 18:51:21.869137+00:00,381.212,0.795,0.79,0.8,0.21500000000000002,0.2,0.23,30.0,308.13,250.13,716.0,0.77,716.0,0.81,492.61,0.19,553.61,0.24,323.0
2026-01-06 18:51:22.295000+00:00,2026-01-06 18:51:22.878659+00:00,382.295,0.775,0.77,0.78,0.20500000000000002,0.2,0.21,792.0,15.0,107.62,23.0,0.76,276.0,0.79,97.0,0.19,378.61,0.22,270.32
2026-01-06 18:51:23.268000+00:00,2026-01-06 18:51:23.900424+00:00,383.268,0.795,0.79,0.8,0.20500000000000002,0.2,0.21,472.0,87.63,87.63,472.0,0.78,414.42,0.81,154.61,0.19,154.61,0.22,414.42
2026-01-06 18:51:24.402000+00:00,2026-01-06 18:51:24.915042+00:00,384.402,0.795,0.79,0.8,0.20500000000000002,0.2,0.21,604.0,0.9,0.9,622.0,0.78,428.32,0.81,203.41,0.19,203.41,0.22,438.32
2026-01-06 18:51:25.399000+00:00,2026-01-06 18:51:25.913623+00:00,385.399,0.805,0.8,0.81,0.185,0.18,0.19,63.0,14.08,67.08,95.0,0.79,994.1,0.82,86.0,0.17,118.0,0.2,321.0
2026-01-06 18:51:26.376000+00:00,2026-01-06 18:51:26.920624+00:00,386.376,0.815,0.81,0.82,0.185,0.18,0.19,209.0,35.08,35.08,209.0,0.8,359.0,0.83,123.0,0.17,141.0,0.2,359.0
2026-01-06 18:51:27.400000+00:00,2026-01-06 18:51:27.921128+00:00,387.4,0.825,0.82,0.83,0.175,0.17,0.18,5.0,190.0,190.0,5.0,0.81,209.0,0.84,115.99,0.16,186.99,0.19,209.0
2026-01-06 18:51:28.206000+00:00,2026-01-06 18:51:28.923130+00:00,388.206,0.8200000000000001,0.81,0.83,0.18,0.17,0.19,209.0,261.68,261.68,203.73,0.8,70.3,0.84,251.99,0.16,251.99,0.2,70.3
2026-01-06 18:51:29.371000+00:00,2026-01-06 18:51:29.938760+00:00,389.371,0.8200000000000001,0.81,0.83,0.185,0.18,0.19,132.73,206.18,69.99,35.0,0.8,91.0,0.84,233.99,0.17,157.18,0.2,304.9
2026-01-06 18:51:30.359000+00:00,2026-01-06 18:51:30.944085+00:00,390.359,0.81,0.8,0.82,0.195,0.19,0.2,261.22,159.99,65.0,123.9,0.79,546.8,0.83,222.99,0.18,140.0,0.21,646.8
2026-01-06 18:51:31.420000+00:00,2026-01-06 18:51:31.958106+00:00,391.42,0.805,0.8,0.81,0.195,0.19,0.2,474.0,75.0,62.65,474.0,0.79,518.32,0.82,269.99,0.18,269.99,0.21,214.32
2026-01-06 18:51:32.425000+00:00,2026-01-06 18:51:32.976639+00:00,392.425,0.805,0.8,0.81,0.195,0.19,0.2,469.0,167.65,147.65,469.0,0.79,196.32,0.82,228.99,0.18,233.99,0.21,196.32
2026-01-06 18:51:33.500000+00:00,2026-01-06 18:51:34.003298+00:00,393.5,0.795,0.79,0.8,0.215,0.21,0.22,16.32,66.0,30.0,449.0,0.78,464.0,0.81,247.65,0.2,97.0,0.23,35.0
2026-01-06 18:51:34.482000+00:00,2026-01-06 18:51:35.010072+00:00,394.482,0.785,0.78,0.79,0.215,0.21,0.22,444.45,155.7,160.7,444.45,0.76,607.0,0.8,174.0,0.2,332.0,0.24,472.0
2026-01-06 18:51:35.448000+00:00,2026-01-06 18:51:36.013284+00:00,395.448,0.785,0.78,0.79,0.215,0.21,0.22,490.45,81.7,116.7,490.45,0.77,417.0,0.8,89.0,0.2,169.0,0.23,254.0
2026-01-06 18:51:36.406000+00:00,2026-01-06 18:51:37.029272+00:00,396.406,0.785,0.78,0.79,0.215,0.21,0.22,417.9,61.51,61.51,417.9,0.77,71.0,0.8,241.0,0.2,241.0,0.23,71.0
2026-01-06 18:51:37.206000+00:00,2026-01-06 18:51:38.027255+00:00,397.206,0.785,0.78,0.79,0.215,0.21,0.22,538.9,38.78,38.78,538.9,0.77,636.0,0.8,70.0,0.2,70.0,0.23,636.0
2026-01-06 18:51:38.510000+00:00,2026-01-06 18:51:39.038568+00:00,398.51,0.785,0.78,0.79,0.215,0.21,0.22,491.9,58.78,48.78,491.9,0.77,35.0,0.8,129.0,0.2,227.0,0.23,35.0
2026-01-06 18:51:39.557000+00:00,2026-01-06 18:51:40.058120+00:00,399.557,0.785,0.78,0.79,0.215,0.21,0.22,420.9,103.12,90.46,420.9,0.77,168.0,0.8,183.0,0.2,253.0,0.23,53.0
2026-01-06 18:51:40.519000+00:00,2026-01-06 18:51:41.068500+00:00,400.519,0.785,0.78,0.79,0.215,0.21,0.22,416.35,110.46,110.46,416.35,0.77,53.0,0.8,248.0,0.2,248.0,0.23,53.0
2026-01-06 18:51:41.477000+00:00,2026-01-06 18:51:42.063495+00:00,401.477,0.785,0.78,0.79,0.215,0.21,0.22,345.35,103.46,103.46,345.35,0.77,53.0,0.8,248.0,0.2,248.0,0.23,53.0
2026-01-06 18:51:42.274000+00:00,2026-01-06 18:51:43.065063+00:00,402.274,0.785,0.78,0.79,0.215,0.21,0.22,345.35,105.46,90.46,345.35,0.77,236.0,0.8,253.0,0.2,253.0,0.23,236.0
2026-01-06 18:51:43.541000+00:00,2026-01-06 18:51:44.062577+00:00,403.541,0.785,0.78,0.79,0.215,0.21,0.22,365.35,90.46,90.46,461.35,0.77,399.0,0.8,145.0,0.2,145.0,0.23,399.0
2026-01-06 18:51:44.489000+00:00,2026-01-06 18:51:45.065580+00:00,404.489,0.785,0.78,0.79,0.215,0.21,0.22,426.8,0.46,0.46,411.8,0.77,399.0,0.8,225.0,0.2,225.0,0.23,399.0
2026-01-06 18:51:45.445000+00:00,2026-01-06 18:51:46.061426+00:00,405.445,0.79,0.78,0.8,0.21000000000000002,0.2,0.22,426.8,224.2,224.2,426.8,0.77,399.0,0.81,220.65,0.19,220.65,0.23,399.0
2026-01-06 18:51:46.538000+00:00,2026-01-06 18:51:47.088503+00:00,406.538,0.79,0.78,0.8,0.21000000000000002,0.2,0.22,574.8,234.2,234.2,574.8,0.77,134.1,0.81,207.65,0.19,207.65,0.23,134.1
2026-01-06 18:51:47.573000+00:00,2026-01-06 18:51:48.094270+00:00,407.573,0.785,0.78,0.79,0.215,0.21,0.22,336.25,45.0,90.0,336.25,0.77,204.1,0.8,229.2,0.2,301.2,0.23,204.1
2026-01-06 18:51:48.560000+00:00,2026-01-06 18:51:49.088645+00:00,408.56,0.785,0.78,0.79,0.215,0.21,0.22,326.25,205.68,187.68,326.25,0.77,440.1,0.8,216.2,0.2,234.2,0.23,440.1
2026-01-06 18:51:49.478000+00:00,2026-01-06 18:51:50.099646+00:00,409.478,0.775,0.77,0.78,0.225,0.22,0.23,71.0,50.0,37.17,71.0,0.76,193.0,0.79,346.68,0.21,266.68,0.24,193.0
2026-01-06 18:51:50.489000+00:00,2026-01-06 18:51:51.099915+00:00,410.489,0.775,0.77,0.78,0.225,0.22,0.23,71.0,39.34,39.34,76.51,0.76,193.0,0.79,261.68,0.21,261.68,0.24,193.0
2026-01-06 18:51:51.532000+00:00,2026-01-06 18:51:52.090569+00:00,411.532,0.775,0.77,0.78,0.225,0.22,0.23,72.16,64.34,49.34,72.16,0.76,185.0,0.79,261.68,0.21,261.68,0.24,185.0
2026-01-06 18:51:52.582000+00:00,2026-01-06 18:51:53.095329+00:00,412.582,0.775,0.77,0.78,0.225,0.22,0.23,5.51,104.34,104.34,5.51,0.76,185.0,0.79,181.68,0.21,251.68,0.24,307.0
2026-01-06 18:51:53.575000+00:00,2026-01-06 18:51:54.094872+00:00,413.575,0.775,0.77,0.78,0.225,0.22,0.23,450.16,91.8,91.8,450.16,0.76,439.0,0.79,251.68,0.21,251.68,0.24,439.0
2026-01-06 18:51:54.633000+00:00,2026-01-06 18:51:55.096789+00:00,414.633,0.795,0.79,0.8,0.20500000000000002,0.2,0.21,307.0,5.0,5.0,431.0,0.78,412.0,0.81,67.65,0.19,72.65,0.22,455.0
2026-01-06 18:51:55.600000+00:00,2026-01-06 18:51:56.124981+00:00,415.6,0.795,0.79,0.8,0.20500000000000002,0.2,0.21,401.0,5.0,5.0,406.0,0.78,425.0,0.81,72.65,0.19,72.65,0.22,425.0
2026-01-06 18:51:56.601000+00:00,2026-01-06 18:51:57.116465+00:00,416.601,0.8,0.79,0.81,0.2,0.19,0.21,441.1,32.65,37.65,441.1,0.78,455.0,0.82,148.99,0.18,148.99,0.22,455.0
2026-01-06 18:51:57.586000+00:00,2026-01-06 18:51:58.127799+00:00,417.586,0.8,0.79,0.81,0.2,0.19,0.21,436.1,107.46,112.46,421.1,0.78,555.0,0.82,135.99,0.18,200.99,0.22,555.0
2026-01-06 18:51:58.601000+00:00,2026-01-06 18:51:59.123000+00:00,418.601,0.8,0.79,0.81,0.2,0.19,0.21,294.1,99.96,99.96,743.1,0.78,555.0,0.82,200.99,0.18,272.99,0.22,537.0
2026-01-06 18:51:59.598000+00:00,2026-01-06 18:52:00.138222+00:00,419.598,0.8,0.79,0.81,0.2,0.19,0.21,710.1,90.08,90.08,710.1,0.78,455.0,0.82,290.99,0.18,290.99,0.22,455.0
2026-01-06 18:52:00.626000+00:00,2026-01-06 18:52:01.146636+00:00,420.626,0.795,0.79,0.8,0.20500000000000002,0.2,0.21,509.72,40.49,155.49,509.72,0.78,492.59,0.81,107.73,0.19,205.73,0.22,339.0
2026-01-06 18:52:01.619000+00:00,2026-01-06 18:52:02.141321+00:00,421.619,0.795,0.79,0.8,0.195,0.19,0.2,463.15,170.49,99.0,15.0,0.78,197.99,0.81,133.0,0.18,448.48,0.21,688.15
2026-01-06 18:52:02.630000+00:00,2026-01-06 18:52:03.158243+00:00,422.63,0.815,0.81,0.82,0.175,0.17,0.18,500.64,63.56,66.5,56.0,0.8,902.0,0.83,66.5,0.16,198.25,0.19,415.64
2026-01-06 18:52:03.627000+00:00,2026-01-06 18:52:04.174274+00:00,423.627,0.825,0.82,0.83,0.175,0.17,0.18,447.0,16.5,16.5,447.0,0.81,435.64,0.84,164.74,0.16,169.74,0.19,435.64
2026-01-06 18:52:04.654000+00:00,2026-01-06 18:52:05.178269+00:00,424.654,0.825,0.82,0.83,0.175,0.17,0.18,67.4,229.5,211.5,67.4,0.8,354.0,0.84,164.25,0.16,164.25,0.2,499.0
2026-01-06 18:52:05.673000+00:00,2026-01-06 18:52:06.206449+00:00,425.673,0.805,0.8,0.81,0.195,0.19,0.2,636.86,152.0,152.0,636.86,0.79,464.05,0.82,217.0,0.18,217.0,0.21,160.05
2026-01-06 18:52:06.662000+00:00,2026-01-06 18:52:07.213298+00:00,426.662,0.805,0.8,0.81,0.195,0.19,0.2,818.78,129.0,129.0,818.78,0.79,178.05,0.82,204.0,0.18,204.0,0.21,178.05
2026-01-06 18:52:07.611000+00:00,2026-01-06 18:52:08.206601+00:00,427.611,0.805,0.8,0.81,0.195,0.19,0.2,349.78,226.0,244.0,334.78,0.79,5.05,0.82,261.0,0.18,243.0,0.21,5.05
2026-01-06 18:52:08.703000+00:00,2026-01-06 18:52:09.228222+00:00,428.703,0.805,0.8,0.81,0.195,0.19,0.2,329.78,244.0,310.0,329.78,0.79,5.05,0.82,243.0,0.18,243.0,0.21,5.05
2026-01-06 18:52:09.748000+00:00,2026-01-06 18:52:10.233282+00:00,429.748,0.805,0.8,0.81,0.195,0.19,0.2,314.83,176.0,176.0,264.83,0.79,135.04,0.82,315.0,0.18,171.0,0.21,5.05
2026-01-06 18:52:10.700000+00:00,2026-01-06 18:52:11.242181+00:00,430.7,0.805,0.8,0.81,0.195,0.19,0.2,210.83,396.65,396.65,210.83,0.78,718.0,0.82,232.0,0.18,293.0,0.22,535.0
2026-01-06 18:52:11.722000+00:00,2026-01-06 18:52:12.241792+00:00,431.722,0.805,0.8,0.81,0.195,0.19,0.2,220.83,322.3,322.3,220.83,0.78,607.0,0.82,347.0,0.18,164.0,0.22,607.0
2026-01-06 18:52:12.762000+00:00,2026-01-06 18:52:13.249546+00:00,432.762,0.805,0.8,0.81,0.195,0.19,0.2,220.83,237.11,237.11,159.3,0.79,26.0,0.82,300.0,0.18,300.0,0.21,26.0
2026-01-06 18:52:13.582000+00:00,2026-01-06 18:52:14.260582+00:00,433.582,0.805,0.8,0.81,0.195,0.19,0.2,119.3,196.11,196.11,119.3,0.79,26.0,0.82,272.0,0.18,272.0,0.21,26.0
2026-01-06 18:52:14.726000+00:00,2026-01-06 18:52:15.268458+00:00,434.726,0.805,0.8,0.81,0.195,0.19,0.2,119.3,160.11,160.11,119.3,0.79,80.0,0.82,264.0,0.18,264.0,0.21,80.0
2026-01-06 18:52:15.686000+00:00,2026-01-06 18:52:16.276439+00:00,435.686,0.805,0.8,0.81,0.195,0.19,0.2,173.3,160.11,160.11,173.3,0.79,98.0,0.82,210.0,0.18,210.0,0.21,98.0
2026-01-06 18:52:16.781000+00:00,2026-01-06 18:52:17.291593+00:00,436.781,0.825,0.82,0.83,0.175,0.17,0.18,94.0,15.0,30.0,94.0,0.81,375.36,0.84,83.25,0.16,154.25,0.19,375.36
2026-01-06 18:52:17.744000+00:00,2026-01-06 18:52:18.299070+00:00,437.744,0.835,0.83,0.84,0.165,0.16,0.17,9.0,122.21,157.21,9.0,0.82,71.0,0.85,196.0,0.15,171.0,0.18,71.0
2026-01-06 18:52:18.734000+00:00,2026-01-06 18:52:19.327551+00:00,438.734,0.825,0.82,0.83,0.175,0.17,0.18,35.0,45.0,45.0,35.0,0.81,156.36,0.84,157.21,0.16,157.21,0.19,156.36
2026-01-06 18:52:19.824000+00:00,2026-01-06 18:52:20.339235+00:00,439.824,0.83,0.82,0.84,0.16999999999999998,0.16,0.18,203.0,237.21,237.21,203.0,0.81,207.0,0.85,141.0,0.15,141.0,0.19,207.0
2026-01-06 18:52:20.814000+00:00,2026-01-06 18:52:21.341474+00:00,440.814,0.825,0.82,0.83,0.175,0.17,0.18,63.0,60.0,85.0,40.0,0.81,857.0,0.84,54.3,0.16,39.3,0.19,795.0
2026-01-06 18:52:21.773000+00:00,2026-01-06 18:52:22.343838+00:00,441.773,0.825,0.82,0.83,0.175,0.17,0.18,40.0,45.0,45.0,40.0,0.81,630.0,0.84,261.3,0.16,261.3,0.19,630.0
2026-01-06 18:52:22.751000+00:00,2026-01-06 18:52:23.352201+00:00,442.751,0.835,0.83,0.84,0.165,0.16,0.17,226.0,61.0,61.0,226.0,0.82,302.0,0.85,121.0,0.15,121.0,0.18,302.0
2026-01-06 18:52:23.813000+00:00,2026-01-06 18:52:24.344616+00:00,443.813,0.835,0.83,0.84,0.165,0.16,0.17,211.0,22.82,22.82,211.0,0.82,363.0,0.85,121.0,0.15,121.0,0.18,180.0
2026-01-06 18:52:24.785000+00:00,2026-01-06 18:52:25.343740+00:00,444.785,0.835,0.83,0.84,0.165,0.16,0.17,50.0,86.0,86.0,50.0,0.82,617.0,0.85,223.0,0.15,223.0,0.18,617.0
2026-01-06 18:52:25.839000+00:00,2026-01-06 18:52:26.360391+00:00,445.839,0.835,0.83,0.84,0.165,0.16,0.17,15.0,156.91,82.78,15.0,0.82,497.0,0.85,285.0,0.15,284.0,0.18,497.0
2026-01-06 18:52:26.839000+00:00,2026-01-06 18:52:27.358335+00:00,446.839,0.835,0.83,0.84,0.165,0.16,0.17,5.0,110.59,109.46,5.0,0.82,644.23,0.85,294.0,0.15,294.0,0.18,644.23
2026-01-06 18:52:27.704000+00:00,2026-01-06 18:52:28.377603+00:00,447.704,0.83,0.82,0.84,0.165,0.16,0.17,712.23,114.46,15.0,20.0,0.81,342.0,0.85,221.0,0.15,151.0,0.18,607.23
2026-01-06 18:52:28.855000+00:00,2026-01-06 18:52:29.379592+00:00,448.855,0.835,0.83,0.84,0.175,0.17,0.18,35.0,60.0,15.0,449.23,0.82,621.23,0.85,119.0,0.16,97.0,0.19,668.0
2026-01-06 18:52:29.774000+00:00,2026-01-06 18:52:30.378438+00:00,449.774,0.83,0.82,0.84,0.16999999999999998,0.16,0.18,625.23,67.0,67.0,625.23,0.81,224.0,0.85,245.0,0.15,245.0,0.19,224.0
2026-01-06 18:52:30.849000+00:00,2026-01-06 18:52:31.372439+00:00,450.849,0.815,0.81,0.82,0.185,0.18,0.19,48.0,75.8,87.0,31.0,0.8,79.5,0.83,524.95,0.17,444.95,0.2,79.5
2026-01-06 18:52:31.831000+00:00,2026-01-06 18:52:32.372183+00:00,451.831,0.805,0.8,0.81,0.195,0.19,0.2,71.5,136.0,99.76,71.5,0.79,49.32,0.82,188.0,0.18,213.0,0.21,49.32
2026-01-06 18:52:32.867000+00:00,2026-01-06 18:52:33.393580+00:00,452.867,0.805,0.8,0.81,0.195,0.19,0.2,39.2,121.41,104.41,39.2,0.79,41.32,0.82,467.0,0.18,467.0,0.21,41.32
2026-01-06 18:52:33.829000+00:00,2026-01-06 18:52:34.405160+00:00,453.829,0.805,0.8,0.81,0.195,0.19,0.2,39.2,194.41,179.41,39.2,0.79,41.32,0.82,466.0,0.18,466.0,0.21,41.32
2026-01-06 18:52:34.861000+00:00,2026-01-06 18:52:35.408916+00:00,454.861,0.805,0.8,0.81,0.195,0.19,0.2,39.2,114.31,114.31,39.2,0.79,75.32,0.82,557.0,0.18,557.0,0.21,75.32
2026-01-06 18:52:35.896000+00:00,2026-01-06 18:52:36.418753+00:00,455.896,0.805,0.8,0.81,0.195,0.19,0.2,4.2,154.31,154.31,4.2,0.79,41.32,0.82,574.0,0.18,520.0,0.21,41.32
2026-01-06 18:52:36.916000+00:00,2026-01-06 18:52:37.436749+00:00,456.916,0.805,0.8,0.81,0.195,0.19,0.2,84.0,109.31,24.12,84.0,0.79,286.32,0.82,318.0,0.18,318.0,0.21,271.32
2026-01-06 18:52:37.889000+00:00,2026-01-06 18:52:38.451150+00:00,457.889,0.835,0.83,0.84,0.165,0.16,0.17,51.0,228.0,45.0,51.0,0.82,214.0,0.85,263.0,0.15,80.0,0.18,248.0
2026-01-06 18:52:38.930000+00:00,2026-01-06 18:52:39.461910+00:00,458.93,0.825,0.82,0.83,0.175,0.17,0.18,128.0,45.0,45.0,128.0,0.81,206.0,0.84,50.0,0.16,50.0,0.19,206.0
2026-01-06 18:52:39.937000+00:00,2026-01-06 18:52:40.475848+00:00,459.937,0.83,0.82,0.84,0.16,0.15,0.17,296.0,50.0,156.0,56.0,0.81,183.0,0.85,185.0,0.14,400.0,0.18,192.0
2026-01-06 18:52:40.957000+00:00,2026-01-06 18:52:41.488359+00:00,460.957,0.835,0.83,0.84,0.165,0.16,0.17,34.0,50.0,50.0,34.0,0.82,278.0,0.85,151.0,0.15,151.0,0.18,278.0
2026-01-06 18:52:41.973000+00:00,2026-01-06 18:52:42.506020+00:00,461.973,0.83,0.82,0.84,0.16999999999999998,0.16,0.18,193.0,88.58,88.58,193.0,0.81,483.0,0.85,265.0,0.15,245.0,0.19,517.0
2026-01-06 18:52:42.997000+00:00,2026-01-06 18:52:43.520054+00:00,462.997,0.825,0.82,0.83,0.175,0.17,0.18,5.0,154.0,314.36,5.0,0.81,389.0,0.84,360.58,0.16,326.58,0.19,318.0
2026-01-06 18:52:44.004000+00:00,2026-01-06 18:52:44.522398+00:00,464.004,0.815,0.81,0.82,0.185,0.18,0.19,6.0,85.0,85.0,6.0,0.8,167.98,0.83,322.41,0.17,305.41,0.2,152.98
2026-01-06 18:52:45.022000+00:00,2026-01-06 18:52:45.546003+00:00,465.022,0.815,0.81,0.82,0.185,0.18,0.19,6.0,90.0,100.0,6.0,0.8,203.98,0.83,271.41,0.17,271.41,0.2,203.98
2026-01-06 18:52:46.034000+00:00,2026-01-06 18:52:46.558888+00:00,466.034,0.815,0.81,0.82,0.185,0.18,0.19,6.0,85.0,305.0,6.0,0.8,173.98,0.83,342.41,0.17,350.41,0.21,159.32
2026-01-06 18:52:47.015000+00:00,2026-01-06 18:52:47.574666+00:00,467.015,0.8,0.79,0.81,0.2,0.19,0.21,159.32,85.0,85.0,159.32,0.78,640.0,0.82,306.78,0.18,306.78,0.22,640.0
2026-01-06 18:52:48.076000+00:00,2026-01-06 18:52:48.594286+00:00,468.076,0.815,0.81,0.82,0.185,0.18,0.19,238.0,71.0,54.0,238.0,0.8,629.0,0.83,170.41,0.17,170.41,0.2,549.0
2026-01-06 18:52:49.076000+00:00,2026-01-06 18:52:49.610871+00:00,469.076,0.815,0.81,0.82,0.185,0.18,0.19,238.0,48.81,48.81,238.0,0.8,998.0,0.83,94.41,0.17,99.41,0.2,998.0
2026-01-06 18:52:50.093000+00:00,2026-01-06 18:52:50.611190+00:00,470.093,0.805,0.8,0.81,0.195,0.19,0.2,708.0,83.31,53.31,231.0,0.79,412.32,0.82,153.0,0.18,193.0,0.21,440.32
2026-01-06 18:52:51.057000+00:00,2026-01-06 18:52:51.623227+00:00,471.057,0.815,0.81,0.82,0.185,0.18,0.19,5.0,82.0,107.0,105.0,0.8,578.0,0.83,304.41,0.17,355.4,0.2,245.0
2026-01-06 18:52:52.078000+00:00,2026-01-06 18:52:52.625249+00:00,472.078,0.815,0.81,0.82,0.185,0.18,0.19,40.0,80.0,80.0,40.0,0.8,268.0,0.83,357.41,0.17,357.41,0.2,268.0
2026-01-06 18:52:53.129000+00:00,2026-01-06 18:52:53.643895+00:00,473.129,0.825,0.82,0.83,0.175,0.17,0.18,479.99,69.89,69.89,477.99,0.81,425.99,0.85,75.0,0.16,5.0,0.19,425.99
2026-01-06 18:52:54.117000+00:00,2026-01-06 18:52:54.643542+00:00,474.117,0.835,0.83,0.84,0.165,0.16,0.17,183.0,74.76,74.76,183.0,0.82,965.0,0.85,80.0,0.15,80.0,0.18,960.0
2026-01-06 18:52:55.093000+00:00,2026-01-06 18:52:55.644973+00:00,475.093,0.845,0.84,0.85,0.155,0.15,0.16,77.24,153.13,153.13,77.24,0.83,158.0,0.86,268.0,0.14,329.0,0.17,158.0
2026-01-06 18:52:56.001000+00:00,2026-01-06 18:52:56.656078+00:00,476.001,0.845,0.84,0.85,0.155,0.15,0.16,90.24,163.82,217.82,90.24,0.83,160.17,0.86,406.0,0.14,370.0,0.17,160.17
2026-01-06 18:52:57.187000+00:00,2026-01-06 18:52:57.664657+00:00,477.187,0.835,0.83,0.84,0.165,0.16,0.17,187.53,14.99,14.99,195.53,0.82,539.0,0.85,181.0,0.15,198.0,0.18,556.0
2026-01-06 18:52:58.044000+00:00,2026-01-06 18:52:58.661419+00:00,478.044,0.835,0.83,0.84,0.165,0.16,0.17,200.53,2.64,2.64,195.53,0.82,573.0,0.85,147.0,0.15,162.0,0.18,590.0
2026-01-06 18:52:59.159000+00:00,2026-01-06 18:52:59.681402+00:00,479.159,0.835,0.83,0.84,0.165,0.16,0.17,15.0,135.0,130.0,33.0,0.82,250.0,0.85,221.0,0.15,352.0,0.18,224.01
2026-01-06 18:53:00.161000+00:00,2026-01-06 18:53:00.691722+00:00,480.161,0.835,0.83,0.84,0.165,0.16,0.17,63.0,45.0,45.0,50.0,0.82,173.01,0.85,214.0,0.15,144.0,0.18,181.01
2026-01-06 18:53:01.122000+00:00,2026-01-06 18:53:01.693195+00:00,481.122,0.835,0.83,0.84,0.165,0.16,0.17,40.0,44.89,44.89,40.0,0.82,181.01,0.85,64.0,0.15,64.0,0.18,181.01
2026-01-06 18:53:02.187000+00:00,2026-01-06 18:53:02.710026+00:00,482.187,0.825,0.82,0.83,0.175,0.17,0.18,40.0,45.0,60.0,40.0,0.81,709.0,0.84,182.0,0.16,177.0,0.19,709.0
2026-01-06 18:53:03.190000+00:00,2026-01-06 18:53:03.722728+00:00,483.19,0.81,0.8,0.82,0.195,0.19,0.2,150.0,25.0,60.0,25.0,0.79,412.32,0.83,277.23,0.18,19.36,0.21,482.32
2026-01-06 18:53:04.188000+00:00,2026-01-06 18:53:04.727098+00:00,484.188,0.8,0.79,0.81,0.195,0.19,0.2,647.32,23.78,18.78,5.0,0.78,447.77,0.82,122.36,0.18,117.36,0.21,642.32
2026-01-06 18:53:05.197000+00:00,2026-01-06 18:53:05.725366+00:00,485.197,0.8,0.79,0.81,0.185,0.18,0.19,652.32,38.78,90.27,17.56,0.78,481.77,0.82,83.36,0.17,311.64,0.21,664.32
2026-01-06 18:53:06.224000+00:00,2026-01-06 18:53:06.756820+00:00,486.224,0.825,0.82,0.83,0.175,0.17,0.18,30.09,59.41,29.41,197.09,0.81,757.4,0.84,65.0,0.16,65.0,0.19,782.06
2026-01-06 18:53:07.242000+00:00,2026-01-06 18:53:07.765988+00:00,487.242,0.84,0.83,0.85,0.155,0.15,0.16,97.0,77.0,77.0,5.0,0.82,1057.0,0.86,55.0,0.14,55.0,0.17,213.0
2026-01-06 18:53:08.246000+00:00,2026-01-06 18:53:08.774029+00:00,488.246,0.845,0.84,0.85,0.165,0.16,0.17,5.0,162.97,30.0,155.0,0.83,155.0,0.86,194.0,0.15,147.97,0.18,1035.0
2026-01-06 18:53:09.362000+00:00,2026-01-06 18:53:09.772291+00:00,489.362,0.835,0.83,0.84,0.16999999999999998,0.16,0.18,18.0,252.0,167.0,74.1,0.82,74.1,0.85,166.2,0.15,212.2,0.19,592.06
2026-01-06 18:53:10.260000+00:00,2026-01-06 18:53:10.772093+00:00,490.26,0.83,0.82,0.84,0.165,0.16,0.17,230.0,181.25,71.25,110.0,0.81,620.06,0.85,127.2,0.15,57.2,0.18,160.0
2026-01-06 18:53:11.263000+00:00,2026-01-06 18:53:11.792462+00:00,491.263,0.835,0.83,0.84,0.165,0.16,0.17,10.0,17.08,17.08,10.0,0.82,504.03,0.85,97.2,0.15,97.2,0.18,479.03
2026-01-06 18:53:12.290000+00:00,2026-01-06 18:53:12.809641+00:00,492.29,0.835,0.83,0.84,0.165,0.16,0.17,5.0,16.08,54.08,5.0,0.82,462.03,0.85,107.2,0.15,253.2,0.18,462.03
2026-01-06 18:53:13.277000+00:00,2026-01-06 18:53:13.819883+00:00,493.277,0.835,0.83,0.84,0.16999999999999998,0.16,0.18,5.0,236.08,221.08,227.03,0.82,82.03,0.85,250.2,0.15,320.2,0.19,1008.06
2026-01-06 18:53:14.270000+00:00,2026-01-06 18:53:14.826069+00:00,494.27,0.825,0.82,0.83,0.175,0.17,0.18,11.03,28.86,43.86,11.03,0.81,1029.06,0.84,182.08,0.16,182.08,0.19,846.06
2026-01-06 18:53:15.336000+00:00,2026-01-06 18:53:15.841068+00:00,495.336,0.825,0.82,0.83,0.175,0.17,0.18,5.92,227.81,233.81,5.92,0.81,200.06,0.84,164.08,0.16,130.08,0.19,215.06
2026-01-06 18:53:16.405000+00:00,2026-01-06 18:53:16.856125+00:00,496.405,0.815,0.81,0.82,0.185,0.18,0.19,194.32,141.36,90.36,194.32,0.8,352.71,0.83,234.81,0.17,234.81,0.2,352.71
2026-01-06 18:53:17.313000+00:00,2026-01-06 18:53:17.873777+00:00,497.313,0.815,0.81,0.82,0.185,0.18,0.19,318.32,97.77,97.77,308.32,0.8,420.71,0.83,161.0,0.17,161.0,0.2,420.71
2026-01-06 18:53:18.371000+00:00,2026-01-06 18:53:18.885432+00:00,498.371,0.815,0.81,0.82,0.175,0.17,0.18,483.32,57.58,106.0,51.0,0.8,409.71,0.83,161.0,0.16,167.08,0.19,435.32
2026-01-06 18:53:19.369000+00:00,2026-01-06 18:53:19.894328+00:00,499.369,0.835,0.83,0.84,0.165,0.16,0.17,208.0,71.0,71.0,208.0,0.82,385.0,0.85,82.2,0.15,82.2,0.18,446.0
2026-01-06 18:53:20.360000+00:00,2026-01-06 18:53:20.891004+00:00,500.36,0.845,0.84,0.85,0.155,0.15,0.16,42.0,82.2,72.2,42.0,0.83,255.0,0.86,40.0,0.14,40.0,0.17,255.0
2026-01-06 18:53:21.326000+00:00,2026-01-06 18:53:21.890394+00:00,501.326,0.845,0.84,0.85,0.155,0.15,0.16,322.0,19.23,7.46,322.0,0.83,587.0,0.86,15.0,0.14,45.0,0.17,507.0
2026-01-06 18:53:22.329000+00:00,2026-01-06 18:53:22.890892+00:00,502.329,0.855,0.85,0.86,0.14500000000000002,0.14,0.15,5.0,42.37,42.37,5.0,0.84,278.0,0.87,70.19,0.13,70.19,0.16,278.0
2026-01-06 18:53:23+00:00,2026-01-06 18:53:23.901776+00:00,503.0,0.85,0.84,0.86,0.15000000000000002,0.14,0.16,251.75,30.83,30.83,234.75,0.83,546.0,0.87,87.19,0.13,87.19,0.17,546.0
2026-01-06 18:53:24.341000+00:00,2026-01-06 18:53:24.916450+00:00,504.341,0.85,0.84,0.86,0.14500000000000002,0.14,0.15,239.75,30.83,19.2,9.0,0.83,499.5,0.87,157.19,0.13,157.19,0.16,239.75
2026-01-06 18:53:25.425000+00:00,2026-01-06 18:53:25.942398+00:00,505.425,0.865,0.86,0.87,0.135,0.13,0.14,508.0,17.69,17.69,540.0,0.85,933.5,0.88,40.0,0.11,213.0,0.15,953.5
2026-01-06 18:53:26.433000+00:00,2026-01-06 18:53:26.956221+00:00,506.433,0.875,0.87,0.88,0.125,0.12,0.13,231.0,5.0,5.0,256.0,0.86,194.03,0.89,70.0,0.11,70.0,0.14,204.03
2026-01-06 18:53:27.447000+00:00,2026-01-06 18:53:27.970534+00:00,507.447,0.885,0.88,0.89,0.11499999999999999,0.11,0.12,50.0,140.0,140.0,50.0,0.87,187.64,0.9,149.0,0.1,166.0,0.13,187.64
2026-01-06 18:53:28.368000+00:00,2026-01-06 18:53:28.988466+00:00,508.368,0.885,0.88,0.89,0.11499999999999999,0.11,0.12,50.0,133.73,133.73,50.0,0.87,187.64,0.9,166.0,0.1,166.0,0.13,187.64
2026-01-06 18:53:29.447000+00:00,2026-01-06 18:53:29.990389+00:00,509.447,0.875,0.86,0.89,0.13,0.12,0.14,194.83,378.51,106.0,179.83,0.85,557.69,0.9,475.0,0.11,256.51,0.15,547.69
2026-01-06 18:53:30.497000+00:00,2026-01-06 18:53:31.008070+00:00,510.497,0.875,0.87,0.88,0.125,0.12,0.13,35.0,147.66,147.66,35.0,0.86,176.83,0.89,256.51,0.11,256.51,0.14,41.23
2026-01-06 18:53:31.470000+00:00,2026-01-06 18:53:32.007705+00:00,511.47,0.865,0.86,0.87,0.14500000000000002,0.14,0.15,10.43,322.86,147.0,1.43,0.85,9.0,0.88,572.66,0.13,312.86,0.16,5.0
2026-01-06 18:53:32.500000+00:00,2026-01-06 18:53:33.022286+00:00,512.5,0.845,0.84,0.85,0.175,0.17,0.18,3.0,282.0,30.0,35.0,0.83,15.0,0.86,201.37,0.16,98.43,0.19,784.94
2026-01-06 18:53:33.511000+00:00,2026-01-06 18:53:34.038313+00:00,513.511,0.825,0.82,0.83,0.175,0.17,0.18,35.0,19.56,19.56,40.0,0.81,745.77,0.84,149.43,0.16,132.43,0.19,740.77
2026-01-06 18:53:34.361000+00:00,2026-01-06 18:53:35.040099+00:00,514.361,0.825,0.82,0.83,0.175,0.17,0.18,5.0,18.35,15.0,45.0,0.81,782.77,0.84,135.0,0.16,150.0,0.19,782.77
2026-01-06 18:53:35.506000+00:00,2026-01-06 18:53:36.055151+00:00,515.506,0.815,0.81,0.82,0.185,0.18,0.19,765.67,6.4,6.4,765.67,0.8,371.71,0.83,34.03,0.17,34.03,0.2,614.71
2026-01-06 18:53:36.433000+00:00,2026-01-06 18:53:37.070875+00:00,516.433,0.815,0.81,0.82,0.185,0.18,0.19,238.54,11.4,71.4,81.05,0.8,261.19,0.83,82.0,0.17,154.0,0.2,149.19
2026-01-06 18:53:37.507000+00:00,2026-01-06 18:53:38.074998+00:00,517.507,0.805,0.8,0.81,0.195,0.19,0.2,23.19,151.0,151.0,23.19,0.79,653.29,0.82,126.4,0.18,126.4,0.21,653.29
2026-01-06 18:53:38.524000+00:00,2026-01-06 18:53:39.079404+00:00,518.524,0.805,0.8,0.81,0.195,0.19,0.2,23.19,161.0,151.0,23.19,0.79,687.29,0.82,70.4,0.18,70.4,0.21,687.29
2026-01-06 18:53:39.460000+00:00,2026-01-06 18:53:40.089902+00:00,519.46,0.805,0.8,0.81,0.195,0.19,0.2,23.19,101.0,106.0,23.19,0.79,679.29,0.82,95.4,0.18,95.4,0.21,679.29
2026-01-06 18:53:40.558000+00:00,2026-01-06 18:53:41.086914+00:00,520.558,0.805,0.8,0.81,0.195,0.19,0.2,34.63,30.0,30.0,34.63,0.79,674.29,0.82,78.4,0.18,61.4,0.21,725.29
2026-01-06 18:53:41.601000+00:00,2026-01-06 18:53:42.101821+00:00,521.601,0.805,0.8,0.81,0.195,0.19,0.2,29.63,45.0,12.04,34.63,0.79,730.29,0.82,131.4,0.18,131.4,0.21,725.29
2026-01-06 18:53:42.595000+00:00,2026-01-06 18:53:43.105901+00:00,522.595,0.825,0.82,0.83,0.175,0.17,0.18,215.48,183.0,183.0,247.48,0.81,453.0,0.84,248.0,0.16,183.0,0.19,519.0
2026-01-06 18:53:43.628000+00:00,2026-01-06 18:53:44.123280+00:00,523.628,0.865,0.86,0.87,0.135,0.13,0.14,10.0,77.91,62.91,27.0,0.85,243.0,0.88,289.66,0.12,249.66,0.15,226.0
2026-01-06 18:53:44.589000+00:00,2026-01-06 18:53:45.134014+00:00,524.589,0.865,0.86,0.87,0.135,0.13,0.14,17.0,67.91,67.91,17.0,0.85,250.0,0.88,249.66,0.12,249.66,0.15,285.0
2026-01-06 18:53:45.575000+00:00,2026-01-06 18:53:46.142592+00:00,525.575,0.865,0.86,0.87,0.135,0.13,0.14,17.0,55.41,55.41,17.0,0.85,293.0,0.88,249.66,0.12,266.66,0.15,242.0
2026-01-06 18:53:46.586000+00:00,2026-01-06 18:53:47.145004+00:00,526.586,0.86,0.85,0.87,0.14,0.13,0.15,282.0,65.23,32.91,282.0,0.84,232.0,0.88,317.66,0.12,307.66,0.16,232.0
2026-01-06 18:53:47.534000+00:00,2026-01-06 18:53:48.154731+00:00,527.534,0.86,0.85,0.87,0.14,0.13,0.15,242.0,32.91,32.91,242.0,0.84,232.0,0.88,325.66,0.12,325.66,0.16,232.0
2026-01-06 18:53:48.629000+00:00,2026-01-06 18:53:49.162969+00:00,528.629,0.845,0.84,0.85,0.155,0.15,0.16,202.98,18.33,23.33,202.98,0.83,707.33,0.86,267.0,0.14,267.0,0.17,707.33
2026-01-06 18:53:49.651000+00:00,2026-01-06 18:53:50.173059+00:00,529.651,0.845,0.84,0.85,0.155,0.15,0.16,219.98,5.0,50.62,35.0,0.83,569.33,0.86,129.37,0.14,79.37,0.17,662.33
2026-01-06 18:53:50.665000+00:00,2026-01-06 18:53:51.181877+00:00,530.665,0.845,0.84,0.85,0.155,0.15,0.16,6.58,40.62,40.62,6.58,0.83,48.33,0.86,412.37,0.14,473.37,0.17,221.33
2026-01-06 18:53:51.643000+00:00,2026-01-06 18:53:52.191935+00:00,531.643,0.835,0.83,0.84,0.165,0.16,0.17,13.33,121.0,106.0,13.33,0.82,199.98,0.85,306.0,0.15,306.0,0.18,199.98
2026-01-06 18:53:52.662000+00:00,2026-01-06 18:53:53.191463+00:00,532.662,0.8200000000000001,0.81,0.83,0.185,0.18,0.19,35.0,86.0,25.62,50.0,0.8,225.98,0.84,380.09,0.17,152.0,0.2,208.98
2026-01-06 18:53:53.697000+00:00,2026-01-06 18:53:54.204076+00:00,533.697,0.815,0.81,0.82,0.19,0.18,0.2,195.0,5.0,35.62,211.98,0.8,156.0,0.83,101.0,0.17,138.0,0.21,648.32
2026-01-06 18:53:54.576000+00:00,2026-01-06 18:53:55.218517+00:00,534.576,0.81,0.8,0.82,0.19,0.18,0.2,199.98,30.62,30.62,199.98,0.79,707.32,0.83,189.0,0.17,189.0,0.21,707.32
2026-01-06 18:53:55.564000+00:00,2026-01-06 18:53:56.226450+00:00,535.564,0.815,0.81,0.82,0.185,0.18,0.19,35.0,30.62,5.0,195.0,0.8,225.98,0.83,138.0,0.17,136.0,0.2,156.0
2026-01-06 18:53:56.687000+00:00,2026-01-06 18:53:57.243988+00:00,536.687,0.835,0.83,0.84,0.165,0.16,0.17,17.0,53.71,53.71,17.0,0.82,301.98,0.85,308.0,0.15,308.0,0.18,301.98
2026-01-06 18:53:57.732000+00:00,2026-01-06 18:53:58.261134+00:00,537.732,0.83,0.82,0.84,0.16999999999999998,0.16,0.18,228.42,59.63,25.92,228.42,0.81,159.0,0.85,376.0,0.15,401.0,0.19,159.0
2026-01-06 18:53:58.700000+00:00,2026-01-06 18:53:59.281935+00:00,538.7,0.835,0.83,0.84,0.165,0.16,0.17,35.0,72.03,72.03,35.0,0.82,210.86,0.85,301.0,0.15,301.0,0.18,210.86
2026-01-06 18:53:59.550000+00:00,2026-01-06 18:54:00.308588+00:00,539.55,0.835,0.83,0.84,0.165,0.16,0.17,60.0,60.33,60.33,57.0,0.82,205.86,0.85,118.0,0.15,118.0,0.18,205.86
2026-01-06 18:54:00.861000+00:00,2026-01-06 18:54:01.326252+00:00,540.861,0.835,0.83,0.84,0.165,0.16,0.17,61.22,43.24,43.24,61.22,0.82,236.98,0.85,301.0,0.15,301.0,0.18,236.98
2026-01-06 18:54:01.800000+00:00,2026-01-06 18:54:02.326060+00:00,541.8,0.83,0.82,0.84,0.175,0.17,0.18,15.0,44.0,30.0,5.0,0.81,367.0,0.85,284.0,0.16,44.0,0.19,332.0
2026-01-06 18:54:02.851000+00:00,2026-01-06 18:54:03.330932+00:00,542.851,0.8200000000000001,0.81,0.83,0.18,0.17,0.19,208.0,41.97,39.56,208.0,0.8,721.0,0.84,157.0,0.16,157.0,0.2,721.0
2026-01-06 18:54:03.809000+00:00,2026-01-06 18:54:04.336471+00:00,543.809,0.83,0.82,0.84,0.16999999999999998,0.16,0.18,5.0,140.0,140.0,5.0,0.81,264.0,0.85,359.0,0.15,359.0,0.19,264.0
2026-01-06 18:54:04.822000+00:00,2026-01-06 18:54:05.352720+00:00,544.822,0.825,0.82,0.83,0.165,0.16,0.17,96.0,0.31,76.48,27.0,0.81,273.0,0.84,111.45,0.15,15.0,0.18,235.98
2026-01-06 18:54:05.854000+00:00,2026-01-06 18:54:06.373146+00:00,545.854,0.835,0.83,0.84,0.165,0.16,0.17,18.0,72.51,9.45,23.0,0.82,310.22,0.85,50.0,0.15,150.0,0.18,295.22
2026-01-06 18:54:06.672000+00:00,2026-01-06 18:54:07.370129+00:00,546.672,0.835,0.83,0.84,0.165,0.16,0.17,45.0,9.45,9.45,5.0,0.82,262.98,0.85,167.0,0.15,167.0,0.18,262.98
2026-01-06 18:54:07.265000+00:00,2026-01-06 18:54:08.368514+00:00,547.265,0.84,0.83,0.85,0.16,0.15,0.17,5.0,167.0,167.0,5.0,0.82,262.98,0.86,827.65,0.14,827.65,0.18,262.98
2026-01-06 18:54:08.837000+00:00,2026-01-06 18:54:09.372364+00:00,548.837,0.84,0.83,0.85,0.16,0.15,0.17,5.0,172.0,172.0,5.0,0.82,262.98,0.86,827.65,0.14,827.65,0.18,270.98
2026-01-06 18:54:09.786000+00:00,2026-01-06 18:54:10.389424+00:00,549.786,0.8200000000000001,0.81,0.83,0.185,0.18,0.19,235.0,15.0,20.0,75.0,0.8,1260.21,0.84,284.0,0.17,15.0,0.2,1130.19
2026-01-06 18:54:10.854000+00:00,2026-01-06 18:54:11.388477+00:00,550.854,0.815,0.81,0.82,0.185,0.18,0.19,57.64,7.8,7.8,57.64,0.8,1104.19,0.83,49.0,0.17,49.0,0.2,1104.19
2026-01-06 18:54:11.885000+00:00,2026-01-06 18:54:12.401923+00:00,551.885,0.815,0.81,0.82,0.18,0.17,0.19,74.64,7.8,30.0,91.64,0.8,1121.19,0.83,30.0,0.16,274.0,0.2,1138.19
2026-01-06 18:54:12.839000+00:00,2026-01-06 18:54:13.407813+00:00,552.839,0.825,0.82,0.83,0.16999999999999998,0.16,0.18,287.48,25.0,34.99,298.48,0.81,420.64,0.84,76.0,0.15,155.0,0.19,433.64
2026-01-06 18:54:13.876000+00:00,2026-01-06 18:54:14.414062+00:00,553.876,0.845,0.84,0.85,0.155,0.15,0.16,9.13,155.0,189.97,9.13,0.83,73.0,0.86,745.37,0.14,745.37,0.17,79.0
2026-01-06 18:54:14.937000+00:00,2026-01-06 18:54:15.435961+00:00,554.937,0.83,0.82,0.84,0.16999999999999998,0.16,0.18,259.48,5.0,5.0,251.48,0.81,522.64,0.85,184.97,0.15,218.97,0.19,539.64
2026-01-06 18:54:15.948000+00:00,2026-01-06 18:54:16.453705+00:00,555.948,0.815,0.81,0.82,0.185,0.18,0.19,321.64,187.0,197.0,17.64,0.8,757.21,0.83,187.0,0.17,262.0,0.2,382.21
2026-01-06 18:54:16.889000+00:00,2026-01-06 18:54:17.464446+00:00,556.889,0.78,0.77,0.79,0.22,0.21,0.23,195.0,113.91,113.91,200.0,0.76,135.0,0.8,318.0,0.2,318.0,0.24,135.0
2026-01-06 18:54:17.873000+00:00,2026-01-06 18:54:18.480415+00:00,557.873,0.77,0.76,0.78,0.22999999999999998,0.22,0.24,199.99,112.87,112.87,199.99,0.75,486.0,0.79,403.99,0.21,403.99,0.25,486.0
2026-01-06 18:54:18.936000+00:00,2026-01-06 18:54:19.490430+00:00,558.936,0.77,0.76,0.78,0.22999999999999998,0.22,0.24,221.99,96.55,86.55,221.99,0.75,178.0,0.79,327.99,0.21,317.99,0.25,178.0
2026-01-06 18:54:19.958000+00:00,2026-01-06 18:54:20.488670+00:00,559.958,0.765,0.76,0.77,0.22999999999999998,0.22,0.24,229.24,18.5,98.34,229.24,0.75,198.0,0.78,89.4,0.21,256.99,0.25,233.0
2026-01-06 18:54:20.999000+00:00,2026-01-06 18:54:21.513727+00:00,560.999,0.775,0.77,0.78,0.225,0.22,0.23,147.0,135.87,135.0,147.0,0.76,160.0,0.79,84.99,0.21,105.0,0.24,160.0
2026-01-06 18:54:21.958000+00:00,2026-01-06 18:54:22.504435+00:00,561.958,0.775,0.77,0.78,0.18,0.17,0.19,1073.69,62.17,79.99,124.7,0.76,469.0,0.83,79.99,0.16,230.17,0.2,56.0
2026-01-06 18:54:22.829000+00:00,2026-01-06 18:54:23.510468+00:00,562.829,0.825,0.82,0.83,0.18,0.17,0.19,8.61,79.99,65.94,179.03,0.81,159.7,0.84,47.17,0.16,52.17,0.2,484.0
2026-01-06 18:54:24.001000+00:00,2026-01-06 18:54:24.504752+00:00,564.001,0.8200000000000001,0.81,0.83,0.18,0.17,0.19,139.03,274.94,324.06,169.03,0.8,420.0,0.84,238.17,0.16,283.17,0.2,141.0
2026-01-06 18:54:25+00:00,2026-01-06 18:54:25.523475+00:00,565.0,0.8200000000000001,0.81,0.83,0.175,0.17,0.18,154.03,139.94,106.66,15.0,0.8,331.0,0.84,100.17,0.16,150.16,0.19,119.33
2026-01-06 18:54:26.029000+00:00,2026-01-06 18:54:26.519601+00:00,566.029,0.825,0.82,0.83,0.175,0.17,0.18,165.0,67.96,57.96,322.0,0.81,268.29,0.84,114.17,0.16,12.17,0.19,839.29
2026-01-06 18:54:27.014000+00:00,2026-01-06 18:54:27.530492+00:00,567.014,0.845,0.84,0.85,0.155,0.15,0.16,75.0,45.67,79.25,85.0,0.83,98.0,0.86,253.36,0.14,223.37,0.17,139.28
2026-01-06 18:54:28+00:00,2026-01-06 18:54:28.538242+00:00,568.0,0.835,0.83,0.84,0.165,0.16,0.17,187.28,29.3,16.0,187.28,0.82,221.0,0.85,178.25,0.15,143.25,0.18,221.0
2026-01-06 18:54:29.018000+00:00,2026-01-06 18:54:29.538304+00:00,569.018,0.835,0.83,0.84,0.165,0.16,0.17,3.28,166.99,166.99,3.28,0.82,254.0,0.85,376.67,0.15,437.67,0.18,138.0
2026-01-06 18:54:30.025000+00:00,2026-01-06 18:54:30.550392+00:00,570.025,0.825,0.82,0.83,0.175,0.17,0.18,28.0,23.59,83.3,5.0,0.81,615.29,0.84,173.99,0.16,163.99,0.19,629.29
2026-01-06 18:54:31.032000+00:00,2026-01-06 18:54:31.562380+00:00,571.032,0.8200000000000001,0.81,0.83,0.18,0.17,0.19,444.13,111.27,111.27,444.13,0.8,91.0,0.84,163.99,0.16,163.99,0.2,207.0
2026-01-06 18:54:32+00:00,2026-01-06 18:54:32.562652+00:00,572.0,0.8200000000000001,0.81,0.83,0.18,0.17,0.19,460.13,139.26,132.15,460.13,0.8,276.0,0.84,134.0,0.16,134.0,0.2,256.0
2026-01-06 18:54:33.964000+00:00,2026-01-06 18:54:34.583948+00:00,573.964,0.8200000000000001,0.81,0.83,0.19,0.18,0.2,468.13,124.7,165.0,291.0,0.8,246.0,0.84,150.0,0.17,111.41,0.21,474.0
2026-01-06 18:54:35.061000+00:00,2026-01-06 18:54:35.579632+00:00,575.061,0.81,0.8,0.82,0.19,0.18,0.2,173.0,118.86,118.86,173.0,0.79,102.0,0.83,173.99,0.17,178.99,0.21,102.0
2026-01-06 18:54:36.059000+00:00,2026-01-06 18:54:36.585755+00:00,576.059,0.815,0.81,0.82,0.185,0.18,0.19,24.69,133.86,133.86,24.69,0.8,165.0,0.83,300.99,0.17,300.99,0.2,165.0
2026-01-06 18:54:37.042000+00:00,2026-01-06 18:54:37.595440+00:00,577.042,0.8,0.79,0.81,0.2,0.19,0.21,197.0,56.96,56.96,197.0,0.78,917.0,0.82,138.87,0.18,138.87,0.22,892.0
2026-01-06 18:54:38.978000+00:00,2026-01-06 18:54:39.604383+00:00,578.978,0.795,0.79,0.8,0.20500000000000002,0.2,0.21,45.0,90.89,90.89,45.0,0.78,276.98,0.81,133.77,0.19,133.77,0.22,276.98
2026-01-06 18:54:40.080000+00:00,2026-01-06 18:54:40.618182+00:00,580.08,0.795,0.79,0.8,0.20500000000000002,0.2,0.21,344.0,3.89,3.89,344.0,0.78,568.0,0.81,122.77,0.19,122.77,0.22,573.0
2026-01-06 18:54:41.137000+00:00,2026-01-06 18:54:41.629123+00:00,581.137,0.795,0.79,0.8,0.20500000000000002,0.2,0.21,307.0,3.89,3.89,377.0,0.78,544.0,0.81,51.77,0.19,51.77,0.22,544.0
2026-01-06 18:54:42.089000+00:00,2026-01-06 18:54:42.643176+00:00,582.089,0.785,0.78,0.79,0.215,0.21,0.22,100.0,161.0,152.0,100.0,0.77,85.98,0.8,308.89,0.2,308.89,0.23,85.98
