timestamp,collected_at,seconds,mid,bid,ask,asset
2026-01-06 03:15:01+00:00,2026-01-06 03:17:16.007787+00:00,1.0,3221.53,3221.31,3221.83,ETH
2026-01-06 03:15:02+00:00,2026-01-06 03:17:17.227599+00:00,2.0,3220.78,3220.74,3220.9,ETH
2026-01-06 03:15:03+00:00,2026-01-06 03:17:18.225509+00:00,3.0,3220.49,3220.43,3220.7,ETH
2026-01-06 03:15:04+00:00,2026-01-06 03:17:19.241113+00:00,4.0,3220.49,3220.38,3220.76,ETH
2026-01-06 03:15:05+00:00,2026-01-06 03:17:20.473882+00:00,5.0,3220.49,3220.38,3220.8,ETH
2026-01-06 03:15:06+00:00,2026-01-06 03:17:21.743335+00:00,6.0,3220.49,3220.4,3220.83,ETH
2026-01-06 03:15:08+00:00,2026-01-06 03:17:22.962362+00:00,8.0,3220.49,3220.42,3220.86,ETH
2026-01-06 03:15:10+00:00,2026-01-06 03:17:25.194205+00:00,10.0,3220.33,3220.31,3220.65,ETH
2026-01-06 03:15:11+00:00,2026-01-06 03:17:26.239924+00:00,11.0,3220.18,3220.12,3220.46,ETH
2026-01-06 03:15:12+00:00,2026-01-06 03:17:28.351962+00:00,12.0,3220.18,3220.06,3220.34,ETH
2026-01-06 03:15:14+00:00,2026-01-06 03:17:29.633793+00:00,14.0,3220.18,3220.05,3220.46,ETH
2026-01-06 03:15:15+00:00,2026-01-06 03:17:30.844499+00:00,15.0,3220.18,3220.05,3220.35,ETH
2026-01-06 03:15:17+00:00,2026-01-06 03:17:33.200013+00:00,17.0,3219.81,3219.69,3220.02,ETH
2026-01-06 03:15:18+00:00,2026-01-06 03:17:34.193278+00:00,18.0,3219.81,3219.69,3220.1,ETH
2026-01-06 03:15:19+00:00,2026-01-06 03:17:35.372171+00:00,19.0,3219.64,3219.57,3219.93,ETH
2026-01-06 03:15:20+00:00,2026-01-06 03:17:36.238386+00:00,20.0,3219.38,3219.31,3219.62,ETH
2026-01-06 03:15:22+00:00,2026-01-06 03:17:38.216282+00:00,22.0,3219.13,3219.06,3219.36,ETH
2026-01-06 03:15:24+00:00,2026-01-06 03:17:41.589385+00:00,24.0,3218.96,3218.96,3219.16,ETH
2026-01-06 03:15:26+00:00,2026-01-06 03:17:41.653699+00:00,26.0,3218.96,3218.96,3219.27,ETH
2026-01-06 03:15:27+00:00,2026-01-06 03:17:42.624707+00:00,27.0,3218.99,3218.98,3219.39,ETH
2026-01-06 03:15:28+00:00,2026-01-06 03:17:43.652821+00:00,28.0,3218.98,3218.97,3219.36,ETH
2026-01-06 03:15:29+00:00,2026-01-06 03:17:44.647525+00:00,29.0,3218.98,3218.97,3219.27,ETH
2026-01-06 03:15:30+00:00,2026-01-06 03:17:45.825033+00:00,30.0,3219.04,3219.03,3219.36,ETH
2026-01-06 03:15:31+00:00,2026-01-06 03:17:47.283565+00:00,31.0,3219.13,3219.09,3219.37,ETH
2026-01-06 03:15:33+00:00,2026-01-06 03:17:48.937010+00:00,33.0,3219.19,3219.09,3219.38,ETH
2026-01-06 03:15:34+00:00,2026-01-06 03:17:50.069139+00:00,34.0,3219.57,3219.38,3219.83,ETH
2026-01-06 03:15:36+00:00,2026-01-06 03:17:51.973307+00:00,36.0,3219.51,3219.4,3219.85,ETH
2026-01-06 03:15:37+00:00,2026-01-06 03:17:54.716351+00:00,37.0,3219.51,3219.4,3219.73,ETH
2026-01-06 03:15:39+00:00,2026-01-06 03:17:54.784690+00:00,39.0,3219.53,3219.42,3219.89,ETH
2026-01-06 03:15:40+00:00,2026-01-06 03:17:56.438510+00:00,40.0,3219.59,3219.43,3219.74,ETH
2026-01-06 03:15:41+00:00,2026-01-06 03:17:57.452394+00:00,41.0,3219.61,3219.43,3219.76,ETH
2026-01-06 03:15:43+00:00,2026-01-06 03:17:58.646793+00:00,43.0,3219.68,3219.43,3219.92,ETH
2026-01-06 03:15:44+00:00,2026-01-06 03:18:01.407332+00:00,44.0,3219.95,3219.79,3220.25,ETH
2026-01-06 03:15:45+00:00,2026-01-06 03:18:01.442584+00:00,45.0,3219.95,3219.8,3220.28,ETH
2026-01-06 03:15:47+00:00,2026-01-06 03:18:02.654823+00:00,47.0,3219.95,3219.8,3220.3,ETH
2026-01-06 03:15:48+00:00,2026-01-06 03:18:03.755031+00:00,48.0,3219.95,3219.8,3220.3,ETH
2026-01-06 03:15:49+00:00,2026-01-06 03:18:04.779276+00:00,49.0,3220.25,3220.0,3220.48,ETH
2026-01-06 03:15:50+00:00,2026-01-06 03:18:06.428627+00:00,50.0,3220.27,3220.04,3220.45,ETH
2026-01-06 03:15:52+00:00,2026-01-06 03:18:08.123016+00:00,52.0,3220.25,3220.08,3220.47,ETH
2026-01-06 03:15:53+00:00,2026-01-06 03:18:09.255757+00:00,53.0,3220.25,3220.09,3220.52,ETH
2026-01-06 03:15:55+00:00,2026-01-06 03:18:11.430851+00:00,55.0,3220.25,3220.09,3220.58,ETH
2026-01-06 03:15:56+00:00,2026-01-06 03:18:12.440976+00:00,56.0,3220.25,3220.08,3220.57,ETH
2026-01-06 03:15:58+00:00,2026-01-06 03:18:14.681547+00:00,58.0,3220.25,3220.08,3220.57,ETH
2026-01-06 03:15:59+00:00,2026-01-06 03:18:15.816848+00:00,59.0,3220.25,3220.09,3220.58,ETH
2026-01-06 03:16:00+00:00,2026-01-06 03:18:17.018484+00:00,60.0,3220.25,3220.09,3220.58,ETH
2026-01-06 03:16:01+00:00,2026-01-06 03:18:18.185736+00:00,61.0,3220.31,3220.1,3220.6,ETH
2026-01-06 03:16:03+00:00,2026-01-06 03:18:19.099949+00:00,63.0,3220.52,3220.27,3220.85,ETH
2026-01-06 03:16:04+00:00,2026-01-06 03:18:20.699967+00:00,64.0,3220.75,3220.52,3221.11,ETH
2026-01-06 03:16:05+00:00,2026-01-06 03:18:22.047729+00:00,65.0,3220.91,3220.7,3221.19,ETH
2026-01-06 03:16:06+00:00,2026-01-06 03:18:23.259457+00:00,66.0,3221.0,3220.8,3221.23,ETH
2026-01-06 03:16:08+00:00,2026-01-06 03:18:24.246953+00:00,68.0,3221.0,3220.8,3221.23,ETH
2026-01-06 03:16:09+00:00,2026-01-06 03:18:25.316355+00:00,69.0,3221.0,3220.8,3221.23,ETH
2026-01-06 03:16:10+00:00,2026-01-06 03:18:26.321232+00:00,70.0,3221.0,3220.8,3221.23,ETH
2026-01-06 03:16:11+00:00,2026-01-06 03:18:27.306226+00:00,71.0,3221.14,3220.91,3221.37,ETH
2026-01-06 03:16:12+00:00,2026-01-06 03:18:28.590618+00:00,72.0,3221.14,3220.9,3221.41,ETH
2026-01-06 03:16:13+00:00,2026-01-06 03:18:29.806119+00:00,73.0,3221.14,3220.91,3221.41,ETH
2026-01-06 03:16:15+00:00,2026-01-06 03:18:30.999170+00:00,75.0,3221.14,3220.93,3221.42,ETH
2026-01-06 03:16:16+00:00,2026-01-06 03:18:32.103906+00:00,76.0,3221.14,3220.93,3221.42,ETH
2026-01-06 03:16:17+00:00,2026-01-06 03:18:33.204257+00:00,77.0,3220.69,3220.6,3220.89,ETH
2026-01-06 03:16:18+00:00,2026-01-06 03:18:34.150967+00:00,78.0,3220.54,3220.32,3220.71,ETH
2026-01-06 03:16:19+00:00,2026-01-06 03:18:35.254417+00:00,79.0,3220.32,3220.25,3220.71,ETH
2026-01-06 03:16:20+00:00,2026-01-06 03:18:36.382111+00:00,80.0,3220.32,3220.25,3220.66,ETH
2026-01-06 03:16:21+00:00,2026-01-06 03:18:37.756823+00:00,81.0,3220.32,3220.24,3220.64,ETH
2026-01-06 03:16:22+00:00,2026-01-06 03:18:38.781468+00:00,82.0,3220.32,3220.23,3220.56,ETH
2026-01-06 03:16:23+00:00,2026-01-06 03:18:39.770884+00:00,83.0,3220.32,3220.22,3220.52,ETH
2026-01-06 03:16:24+00:00,2026-01-06 03:18:40.800984+00:00,84.0,3220.32,3220.23,3220.52,ETH
2026-01-06 03:16:25+00:00,2026-01-06 03:18:42.303246+00:00,85.0,3220.32,3220.23,3220.54,ETH
2026-01-06 03:16:26+00:00,2026-01-06 03:18:43.824868+00:00,86.0,3220.32,3220.24,3220.48,ETH
2026-01-06 03:16:27+00:00,2026-01-06 03:18:44.627450+00:00,87.0,3220.32,3220.26,3220.39,ETH
2026-01-06 03:16:29+00:00,2026-01-06 03:18:45.567265+00:00,89.0,3220.32,3220.26,3220.63,ETH
2026-01-06 03:16:30+00:00,2026-01-06 03:18:46.664932+00:00,90.0,3220.32,3220.26,3220.6,ETH
2026-01-06 03:16:31+00:00,2026-01-06 03:18:47.710238+00:00,91.0,3220.32,3220.26,3220.61,ETH
2026-01-06 03:16:32+00:00,2026-01-06 03:18:48.685395+00:00,92.0,3220.32,3220.27,3220.45,ETH
2026-01-06 03:16:33+00:00,2026-01-06 03:18:50.072909+00:00,93.0,3220.32,3220.26,3220.69,ETH
2026-01-06 03:16:34+00:00,2026-01-06 03:18:51.094440+00:00,94.0,3220.32,3220.26,3220.66,ETH
2026-01-06 03:16:35+00:00,2026-01-06 03:18:51.910658+00:00,95.0,3220.32,3220.25,3220.5,ETH
2026-01-06 03:16:36+00:00,2026-01-06 03:18:53.087160+00:00,96.0,3220.2,3220.14,3220.59,ETH
2026-01-06 03:16:37+00:00,2026-01-06 03:18:54.099187+00:00,97.0,3220.07,3220.07,3220.54,ETH
2026-01-06 03:16:38+00:00,2026-01-06 03:18:55.135963+00:00,98.0,3220.07,3220.06,3220.49,ETH
2026-01-06 03:16:39+00:00,2026-01-06 03:18:56.330383+00:00,99.0,3220.06,3220.06,3220.45,ETH
2026-01-06 03:16:40+00:00,2026-01-06 03:18:57.152804+00:00,100.0,3220.06,3219.99,3220.26,ETH
2026-01-06 03:16:42+00:00,2026-01-06 03:18:58.670671+00:00,102.0,3220.05,3219.91,3220.29,ETH
2026-01-06 03:16:44+00:00,2026-01-06 03:19:00.303070+00:00,104.0,3220.05,3219.91,3220.41,ETH
2026-01-06 03:16:45+00:00,2026-01-06 03:19:01.286130+00:00,105.0,3220.05,3219.91,3220.41,ETH
2026-01-06 03:16:46+00:00,2026-01-06 03:19:02.288357+00:00,106.0,3220.1,3219.97,3220.44,ETH
2026-01-06 03:16:47+00:00,2026-01-06 03:19:03.760937+00:00,107.0,3220.1,3219.96,3220.44,ETH
2026-01-06 03:16:48+00:00,2026-01-06 03:19:05.802624+00:00,108.0,3219.98,3219.88,3220.33,ETH
2026-01-06 03:16:50+00:00,2026-01-06 03:19:07.286413+00:00,110.0,3219.98,3219.85,3220.32,ETH
2026-01-06 03:16:51+00:00,2026-01-06 03:19:08.362532+00:00,111.0,3219.98,3219.84,3220.37,ETH
2026-01-06 03:16:52+00:00,2026-01-06 03:19:09.388102+00:00,112.0,3220.04,3219.84,3220.37,ETH
2026-01-06 03:16:54+00:00,2026-01-06 03:19:10.930409+00:00,114.0,3220.14,3219.96,3220.41,ETH
2026-01-06 03:16:55+00:00,2026-01-06 03:19:12.003170+00:00,115.0,3220.14,3219.96,3220.41,ETH
2026-01-06 03:16:56+00:00,2026-01-06 03:19:13.233848+00:00,116.0,3219.98,3219.93,3220.38,ETH
2026-01-06 03:16:57+00:00,2026-01-06 03:19:14.317970+00:00,117.0,3219.98,3219.87,3220.39,ETH
2026-01-06 03:16:58+00:00,2026-01-06 03:19:15.318610+00:00,118.0,3219.99,3219.86,3220.36,ETH
2026-01-06 03:16:59+00:00,2026-01-06 03:19:16.454691+00:00,119.0,3219.99,3219.86,3220.33,ETH
2026-01-06 03:17:01+00:00,2026-01-06 03:19:17.542116+00:00,121.0,3220.01,3219.87,3220.36,ETH
2026-01-06 03:17:02+00:00,2026-01-06 03:19:18.775752+00:00,122.0,3220.13,3219.87,3220.37,ETH
2026-01-06 03:17:03+00:00,2026-01-06 03:19:20.338674+00:00,123.0,3220.22,3220.07,3220.5,ETH
2026-01-06 03:17:04+00:00,2026-01-06 03:19:20.972830+00:00,124.0,3220.22,3220.07,3220.51,ETH
2026-01-06 03:17:05+00:00,2026-01-06 03:19:21.931447+00:00,125.0,3220.22,3220.07,3220.49,ETH
2026-01-06 03:17:06+00:00,2026-01-06 03:19:22.952396+00:00,126.0,3220.18,3220.01,3220.48,ETH
2026-01-06 03:17:09+00:00,2026-01-06 03:19:26.630489+00:00,129.0,3220.15,3219.98,3220.44,ETH
2026-01-06 03:17:10+00:00,2026-01-06 03:19:27.898661+00:00,130.0,3220.1,3219.97,3220.43,ETH
2026-01-06 03:17:11+00:00,2026-01-06 03:19:28.358521+00:00,131.0,3220.04,3219.93,3220.3,ETH
2026-01-06 03:17:12+00:00,2026-01-06 03:19:29.368241+00:00,132.0,3219.97,3219.87,3220.27,ETH
2026-01-06 03:17:13+00:00,2026-01-06 03:19:30.370542+00:00,133.0,3219.98,3219.83,3220.28,ETH
2026-01-06 03:17:14+00:00,2026-01-06 03:19:32.067002+00:00,134.0,3219.98,3219.83,3220.28,ETH
2026-01-06 03:17:15+00:00,2026-01-06 03:19:32.477531+00:00,135.0,3219.98,3219.83,3220.34,ETH
2026-01-06 03:17:17+00:00,2026-01-06 03:19:34.131397+00:00,137.0,3219.98,3219.83,3220.33,ETH
2026-01-06 03:17:18+00:00,2026-01-06 03:19:35.290991+00:00,138.0,3219.98,3219.83,3220.32,ETH
2026-01-06 03:17:19+00:00,2026-01-06 03:19:36.388066+00:00,139.0,3219.98,3219.82,3220.33,ETH
2026-01-06 03:17:20+00:00,2026-01-06 03:19:37.426727+00:00,140.0,3219.98,3219.82,3220.33,ETH
2026-01-06 03:17:21+00:00,2026-01-06 03:19:38.344598+00:00,141.0,3219.98,3219.82,3220.31,ETH
2026-01-06 03:17:22+00:00,2026-01-06 03:19:39.480823+00:00,142.0,3219.94,3219.81,3220.33,ETH
2026-01-06 03:17:23+00:00,2026-01-06 03:19:40.681604+00:00,143.0,3219.91,3219.8,3220.34,ETH
2026-01-06 03:17:24+00:00,2026-01-06 03:19:41.791131+00:00,144.0,3220.01,3219.87,3220.37,ETH
2026-01-06 03:17:26+00:00,2026-01-06 03:19:43.377223+00:00,146.0,3220.1,3219.95,3220.35,ETH
2026-01-06 03:17:27+00:00,2026-01-06 03:19:44.501049+00:00,147.0,3219.92,3219.83,3220.19,ETH
2026-01-06 03:17:28+00:00,2026-01-06 03:19:45.723445+00:00,148.0,3219.92,3219.83,3220.28,ETH
2026-01-06 03:17:29+00:00,2026-01-06 03:19:46.851499+00:00,149.0,3219.93,3219.83,3220.29,ETH
2026-01-06 03:17:30+00:00,2026-01-06 03:19:48.571384+00:00,150.0,3219.93,3219.83,3220.31,ETH
2026-01-06 03:17:31+00:00,2026-01-06 03:19:48.615265+00:00,151.0,3219.81,3219.76,3220.19,ETH
2026-01-06 03:17:32+00:00,2026-01-06 03:19:49.748596+00:00,152.0,3219.9,3219.75,3220.05,ETH
2026-01-06 03:17:33+00:00,2026-01-06 03:19:50.692581+00:00,153.0,3219.99,3219.79,3220.13,ETH
2026-01-06 03:17:34+00:00,2026-01-06 03:19:51.644600+00:00,154.0,3219.99,3219.79,3220.22,ETH
2026-01-06 03:17:35+00:00,2026-01-06 03:19:52.769889+00:00,155.0,3219.91,3219.78,3220.19,ETH
2026-01-06 03:17:36+00:00,2026-01-06 03:19:54.048984+00:00,156.0,3219.86,3219.74,3220.22,ETH
2026-01-06 03:17:38+00:00,2026-01-06 03:19:55.636604+00:00,158.0,3219.8,3219.7,3220.18,ETH
2026-01-06 03:17:39+00:00,2026-01-06 03:19:56.771746+00:00,159.0,3219.8,3219.71,3220.14,ETH
2026-01-06 03:17:40+00:00,2026-01-06 03:19:57.719757+00:00,160.0,3219.8,3219.71,3220.12,ETH
2026-01-06 03:17:41+00:00,2026-01-06 03:19:58.718737+00:00,161.0,3219.8,3219.71,3220.11,ETH
2026-01-06 03:17:42+00:00,2026-01-06 03:20:00.937360+00:00,162.0,3219.8,3219.71,3220.11,ETH
2026-01-06 03:17:43+00:00,2026-01-06 03:20:01.011915+00:00,163.0,3219.8,3219.71,3220.12,ETH
2026-01-06 03:17:46+00:00,2026-01-06 03:20:04.416679+00:00,166.0,3219.8,3219.71,3220.08,ETH
2026-01-06 03:17:47+00:00,2026-01-06 03:20:04.432255+00:00,167.0,3219.8,3219.71,3220.04,ETH
2026-01-06 03:17:48+00:00,2026-01-06 03:20:05.468376+00:00,168.0,3219.8,3219.71,3220.03,ETH
2026-01-06 03:17:49+00:00,2026-01-06 03:20:06.597623+00:00,169.0,3219.8,3219.71,3220.03,ETH
2026-01-06 03:17:50+00:00,2026-01-06 03:20:08.120195+00:00,170.0,3219.8,3219.71,3220.01,ETH
2026-01-06 03:17:52+00:00,2026-01-06 03:20:09.261247+00:00,172.0,3219.8,3219.68,3220.11,ETH
2026-01-06 03:17:53+00:00,2026-01-06 03:20:10.323973+00:00,173.0,3219.8,3219.67,3220.12,ETH
2026-01-06 03:17:54+00:00,2026-01-06 03:20:11.380288+00:00,174.0,3219.8,3219.67,3220.13,ETH
2026-01-06 03:17:55+00:00,2026-01-06 03:20:12.370835+00:00,175.0,3219.8,3219.67,3220.14,ETH
2026-01-06 03:17:56+00:00,2026-01-06 03:20:13.429772+00:00,176.0,3219.8,3219.67,3220.14,ETH
2026-01-06 03:17:57+00:00,2026-01-06 03:20:14.436298+00:00,177.0,3219.8,3219.68,3220.12,ETH
2026-01-06 03:17:58+00:00,2026-01-06 03:20:15.491005+00:00,178.0,3219.8,3219.68,3220.09,ETH
2026-01-06 03:17:59+00:00,2026-01-06 03:20:16.919103+00:00,179.0,3219.8,3219.68,3220.08,ETH
2026-01-06 03:18:00+00:00,2026-01-06 03:20:17.952705+00:00,180.0,3219.8,3219.68,3220.1,ETH
2026-01-06 03:18:01+00:00,2026-01-06 03:20:19.019658+00:00,181.0,3219.8,3219.68,3220.08,ETH
2026-01-06 03:18:02+00:00,2026-01-06 03:20:20.090288+00:00,182.0,3219.87,3219.68,3220.11,ETH
2026-01-06 03:18:03+00:00,2026-01-06 03:20:21.081474+00:00,183.0,3219.9,3219.7,3220.21,ETH
2026-01-06 03:18:04+00:00,2026-01-06 03:20:22.516960+00:00,184.0,3219.86,3219.73,3220.26,ETH
2026-01-06 03:18:06+00:00,2026-01-06 03:20:24.088964+00:00,186.0,3219.81,3219.73,3220.26,ETH
2026-01-06 03:18:07+00:00,2026-01-06 03:20:25.372035+00:00,187.0,3219.83,3219.72,3220.26,ETH
2026-01-06 03:18:08+00:00,2026-01-06 03:20:26.577075+00:00,188.0,3219.83,3219.71,3220.26,ETH
2026-01-06 03:18:09+00:00,2026-01-06 03:20:27.585261+00:00,189.0,3219.82,3219.71,3220.23,ETH
2026-01-06 03:18:10+00:00,2026-01-06 03:20:28.686564+00:00,190.0,3219.82,3219.71,3220.19,ETH
2026-01-06 03:18:12+00:00,2026-01-06 03:20:29.610090+00:00,192.0,3219.9,3219.74,3220.22,ETH
2026-01-06 03:18:13+00:00,2026-01-06 03:20:31.076320+00:00,193.0,3219.9,3219.74,3220.22,ETH
2026-01-06 03:18:14+00:00,2026-01-06 03:20:32.253305+00:00,194.0,3219.9,3219.75,3220.13,ETH
2026-01-06 03:18:15+00:00,2026-01-06 03:20:33.428941+00:00,195.0,3219.97,3219.79,3220.11,ETH
2026-01-06 03:18:16+00:00,2026-01-06 03:20:34.441281+00:00,196.0,3220.05,3219.86,3220.24,ETH
2026-01-06 03:18:17+00:00,2026-01-06 03:20:35.459178+00:00,197.0,3220.1,3219.88,3220.31,ETH
2026-01-06 03:18:18+00:00,2026-01-06 03:20:36.587185+00:00,198.0,3220.13,3219.89,3220.35,ETH
2026-01-06 03:18:20+00:00,2026-01-06 03:20:37.884302+00:00,200.0,3220.12,3219.88,3220.33,ETH
2026-01-06 03:18:21+00:00,2026-01-06 03:20:38.839450+00:00,201.0,3220.13,3219.88,3220.37,ETH
2026-01-06 03:18:22+00:00,2026-01-06 03:20:39.934271+00:00,202.0,3220.13,3219.88,3220.37,ETH
2026-01-06 03:18:23+00:00,2026-01-06 03:20:40.927523+00:00,203.0,3220.13,3219.88,3220.41,ETH
2026-01-06 03:18:24+00:00,2026-01-06 03:20:41.931849+00:00,204.0,3220.13,3219.88,3220.44,ETH
2026-01-06 03:18:25+00:00,2026-01-06 03:20:42.933423+00:00,205.0,3220.44,3220.19,3220.72,ETH
2026-01-06 03:18:26+00:00,2026-01-06 03:20:44.349631+00:00,206.0,3220.44,3220.19,3220.72,ETH
2026-01-06 03:18:28+00:00,2026-01-06 03:20:46.038502+00:00,208.0,3220.44,3220.18,3220.64,ETH
2026-01-06 03:18:29+00:00,2026-01-06 03:20:47.235009+00:00,209.0,3220.44,3220.18,3220.71,ETH
2026-01-06 03:18:30+00:00,2026-01-06 03:20:48.037820+00:00,210.0,3220.45,3220.18,3220.72,ETH
2026-01-06 03:18:31+00:00,2026-01-06 03:20:49.049254+00:00,211.0,3220.44,3220.18,3220.7,ETH
2026-01-06 03:18:32+00:00,2026-01-06 03:20:50.179004+00:00,212.0,3220.44,3220.18,3220.66,ETH
2026-01-06 03:18:33+00:00,2026-01-06 03:20:51.513634+00:00,213.0,3220.44,3220.18,3220.7,ETH
2026-01-06 03:18:34+00:00,2026-01-06 03:20:52.940532+00:00,214.0,3220.44,3220.18,3220.69,ETH
2026-01-06 03:18:35+00:00,2026-01-06 03:20:53.353615+00:00,215.0,3220.44,3220.18,3220.7,ETH
2026-01-06 03:18:36+00:00,2026-01-06 03:20:54.585239+00:00,216.0,3220.44,3220.18,3220.71,ETH
2026-01-06 03:18:37+00:00,2026-01-06 03:20:55.580998+00:00,217.0,3220.49,3220.22,3220.75,ETH
2026-01-06 03:18:38+00:00,2026-01-06 03:20:56.599277+00:00,218.0,3220.55,3220.28,3220.81,ETH
2026-01-06 03:18:40+00:00,2026-01-06 03:20:58.201988+00:00,220.0,3220.56,3220.28,3220.83,ETH
2026-01-06 03:18:41+00:00,2026-01-06 03:20:59.651766+00:00,221.0,3220.57,3220.31,3220.84,ETH
2026-01-06 03:18:44+00:00,2026-01-06 03:21:01.766079+00:00,224.0,3220.6,3220.33,3220.86,ETH
2026-01-06 03:18:45+00:00,2026-01-06 03:21:02.728873+00:00,225.0,3220.6,3220.33,3220.86,ETH
2026-01-06 03:18:46+00:00,2026-01-06 03:21:03.848932+00:00,226.0,3220.6,3220.33,3220.88,ETH
2026-01-06 03:18:47+00:00,2026-01-06 03:21:04.925037+00:00,227.0,3220.6,3220.32,3220.88,ETH
2026-01-06 03:18:48+00:00,2026-01-06 03:21:06.239356+00:00,228.0,3220.54,3220.32,3220.87,ETH
2026-01-06 03:18:49+00:00,2026-01-06 03:21:07.931437+00:00,229.0,3220.26,3220.15,3220.64,ETH
2026-01-06 03:18:50+00:00,2026-01-06 03:21:08.955032+00:00,230.0,3220.32,3220.11,3220.59,ETH
2026-01-06 03:18:52+00:00,2026-01-06 03:21:10.702349+00:00,232.0,3220.33,3220.11,3220.62,ETH
2026-01-06 03:18:53+00:00,2026-01-06 03:21:11.763421+00:00,233.0,3220.33,3220.12,3220.65,ETH
2026-01-06 03:18:54+00:00,2026-01-06 03:21:12.918656+00:00,234.0,3220.33,3220.1,3220.65,ETH
2026-01-06 03:18:55+00:00,2026-01-06 03:21:14.067199+00:00,235.0,3220.35,3220.12,3220.64,ETH
2026-01-06 03:18:56+00:00,2026-01-06 03:21:15.086607+00:00,236.0,3220.35,3220.13,3220.68,ETH
2026-01-06 03:18:57+00:00,2026-01-06 03:21:16.103936+00:00,237.0,3220.42,3220.2,3220.76,ETH
2026-01-06 03:18:59+00:00,2026-01-06 03:21:17.572461+00:00,239.0,3220.48,3220.29,3220.78,ETH
2026-01-06 03:19:00+00:00,2026-01-06 03:21:18.426065+00:00,240.0,3220.48,3220.29,3220.65,ETH
2026-01-06 03:19:01+00:00,2026-01-06 03:21:19.448593+00:00,241.0,3220.48,3220.29,3220.63,ETH
2026-01-06 03:19:02+00:00,2026-01-06 03:21:20.646780+00:00,242.0,3220.02,3219.91,3220.27,ETH
2026-01-06 03:19:03+00:00,2026-01-06 03:21:21.651671+00:00,243.0,3219.8,3219.7,3219.98,ETH
2026-01-06 03:19:04+00:00,2026-01-06 03:21:22.698651+00:00,244.0,3219.72,3219.64,3219.99,ETH
2026-01-06 03:19:05+00:00,2026-01-06 03:21:23.856657+00:00,245.0,3219.65,3219.63,3219.99,ETH
2026-01-06 03:19:06+00:00,2026-01-06 03:21:24.867249+00:00,246.0,3219.65,3219.6,3219.98,ETH
2026-01-06 03:19:08+00:00,2026-01-06 03:21:26.197951+00:00,248.0,3219.65,3219.58,3219.94,ETH
2026-01-06 03:19:09+00:00,2026-01-06 03:21:27.377443+00:00,249.0,3219.65,3219.6,3219.94,ETH
2026-01-06 03:19:11+00:00,2026-01-06 03:21:29.592880+00:00,251.0,3219.64,3219.58,3220.01,ETH
2026-01-06 03:19:12+00:00,2026-01-06 03:21:30.665574+00:00,252.0,3219.75,3219.58,3220.0,ETH
2026-01-06 03:19:13+00:00,2026-01-06 03:21:31.780156+00:00,253.0,3219.86,3219.58,3220.05,ETH
2026-01-06 03:19:14+00:00,2026-01-06 03:21:32.698435+00:00,254.0,3219.89,3219.65,3220.13,ETH
2026-01-06 03:19:15+00:00,2026-01-06 03:21:33.832465+00:00,255.0,3219.89,3219.65,3220.13,ETH
2026-01-06 03:19:16+00:00,2026-01-06 03:21:35.204493+00:00,256.0,3219.89,3219.65,3220.1,ETH
2026-01-06 03:19:17+00:00,2026-01-06 03:21:36.195422+00:00,257.0,3219.9,3219.66,3220.05,ETH
2026-01-06 03:19:18+00:00,2026-01-06 03:21:37.277727+00:00,258.0,3219.9,3219.66,3220.09,ETH
2026-01-06 03:19:19+00:00,2026-01-06 03:21:38.200469+00:00,259.0,3219.9,3219.66,3220.09,ETH
2026-01-06 03:19:20+00:00,2026-01-06 03:21:39.217105+00:00,260.0,3219.77,3219.63,3220.1,ETH
2026-01-06 03:19:22+00:00,2026-01-06 03:21:40.371644+00:00,262.0,3219.65,3219.6,3220.11,ETH
2026-01-06 03:19:23+00:00,2026-01-06 03:21:41.357499+00:00,263.0,3219.65,3219.6,3220.0,ETH
2026-01-06 03:19:24+00:00,2026-01-06 03:21:43.055674+00:00,264.0,3219.85,3219.62,3220.07,ETH
2026-01-06 03:19:25+00:00,2026-01-06 03:21:44.032275+00:00,265.0,3220.01,3219.76,3220.21,ETH
2026-01-06 03:19:26+00:00,2026-01-06 03:21:45.088084+00:00,266.0,3220.25,3220.0,3220.45,ETH
2026-01-06 03:19:27+00:00,2026-01-06 03:21:46.440040+00:00,267.0,3220.39,3220.13,3220.65,ETH
2026-01-06 03:19:28+00:00,2026-01-06 03:21:47.301192+00:00,268.0,3220.45,3220.18,3220.68,ETH
2026-01-06 03:19:30+00:00,2026-01-06 03:21:48.708686+00:00,270.0,3220.51,3220.24,3220.79,ETH
2026-01-06 03:19:31+00:00,2026-01-06 03:21:49.971466+00:00,271.0,3220.56,3220.28,3220.79,ETH
2026-01-06 03:19:33+00:00,2026-01-06 03:21:51.725797+00:00,273.0,3220.56,3220.28,3220.84,ETH
2026-01-06 03:19:34+00:00,2026-01-06 03:21:52.729040+00:00,274.0,3220.62,3220.4,3220.95,ETH
2026-01-06 03:19:35+00:00,2026-01-06 03:21:53.797824+00:00,275.0,3220.61,3220.4,3220.95,ETH
2026-01-06 03:19:36+00:00,2026-01-06 03:21:54.917793+00:00,276.0,3220.63,3220.4,3220.76,ETH
2026-01-06 03:19:37+00:00,2026-01-06 03:21:57.858471+00:00,277.0,3220.74,3220.48,3220.88,ETH
2026-01-06 03:19:39+00:00,2026-01-06 03:21:57.890963+00:00,279.0,3220.75,3220.5,3221.01,ETH
2026-01-06 03:19:40+00:00,2026-01-06 03:21:59.063167+00:00,280.0,3220.75,3220.5,3221.01,ETH
2026-01-06 03:19:41+00:00,2026-01-06 03:22:00.085547+00:00,281.0,3220.76,3220.49,3220.9,ETH
2026-01-06 03:19:43+00:00,2026-01-06 03:22:02.571387+00:00,283.0,3220.76,3220.5,3220.96,ETH
2026-01-06 03:19:46+00:00,2026-01-06 03:22:05.100321+00:00,286.0,3221.14,3220.87,3221.26,ETH
2026-01-06 03:19:47+00:00,2026-01-06 03:22:05.730197+00:00,287.0,3221.2,3220.94,3221.26,ETH
2026-01-06 03:19:48+00:00,2026-01-06 03:22:06.743156+00:00,288.0,3221.2,3220.94,3221.46,ETH
2026-01-06 03:19:49+00:00,2026-01-06 03:22:07.780175+00:00,289.0,3221.21,3220.94,3221.48,ETH
2026-01-06 03:19:50+00:00,2026-01-06 03:22:08.852583+00:00,290.0,3221.21,3220.94,3221.46,ETH
2026-01-06 03:19:51+00:00,2026-01-06 03:22:10.318866+00:00,291.0,3221.2,3220.94,3221.47,ETH
2026-01-06 03:19:52+00:00,2026-01-06 03:22:11.614847+00:00,292.0,3221.22,3220.95,3221.48,ETH
2026-01-06 03:19:53+00:00,2026-01-06 03:22:12.619413+00:00,293.0,3221.22,3220.95,3221.48,ETH
2026-01-06 03:19:54+00:00,2026-01-06 03:22:13.627205+00:00,294.0,3221.22,3220.96,3221.48,ETH
2026-01-06 03:19:56+00:00,2026-01-06 03:22:15.117415+00:00,296.0,3221.2,3220.93,3221.45,ETH
2026-01-06 03:19:57+00:00,2026-01-06 03:22:16.612844+00:00,297.0,3221.2,3220.94,3221.46,ETH
2026-01-06 03:19:58+00:00,2026-01-06 03:22:17.393779+00:00,298.0,3221.21,3220.94,3221.47,ETH
2026-01-06 03:19:59+00:00,2026-01-06 03:22:18.428370+00:00,299.0,3221.21,3220.94,3221.47,ETH
2026-01-06 03:20:00+00:00,2026-01-06 03:22:19.445957+00:00,300.0,3221.21,3220.94,3221.47,ETH
2026-01-06 03:20:01+00:00,2026-01-06 03:22:20.441444+00:00,301.0,3221.21,3220.94,3221.47,ETH
2026-01-06 03:20:02+00:00,2026-01-06 03:22:21.638603+00:00,302.0,3221.21,3220.94,3221.44,ETH
2026-01-06 03:20:03+00:00,2026-01-06 03:22:22.936410+00:00,303.0,3221.21,3220.94,3221.44,ETH
2026-01-06 03:20:05+00:00,2026-01-06 03:22:24.187624+00:00,305.0,3221.33,3221.13,3221.61,ETH
2026-01-06 03:20:06+00:00,2026-01-06 03:22:25.497356+00:00,306.0,3221.32,3221.08,3221.57,ETH
2026-01-06 03:20:07+00:00,2026-01-06 03:22:26.218205+00:00,307.0,3221.32,3221.08,3221.57,ETH
2026-01-06 03:20:08+00:00,2026-01-06 03:22:27.195669+00:00,308.0,3221.59,3221.32,3221.86,ETH
2026-01-06 03:20:09+00:00,2026-01-06 03:22:28.380481+00:00,309.0,3221.36,3221.31,3221.86,ETH
2026-01-06 03:20:10+00:00,2026-01-06 03:22:29.982177+00:00,310.0,3221.44,3221.26,3221.62,ETH
2026-01-06 03:20:11+00:00,2026-01-06 03:22:31.006105+00:00,311.0,3221.44,3221.24,3221.71,ETH
2026-01-06 03:20:13+00:00,2026-01-06 03:22:32.533024+00:00,313.0,3221.44,3221.24,3221.71,ETH
2026-01-06 03:20:14+00:00,2026-01-06 03:22:33.509214+00:00,314.0,3221.44,3221.24,3221.71,ETH
2026-01-06 03:20:15+00:00,2026-01-06 03:22:34.511918+00:00,315.0,3221.44,3221.24,3221.65,ETH
2026-01-06 03:20:16+00:00,2026-01-06 03:22:36.262505+00:00,316.0,3221.44,3221.24,3221.63,ETH
2026-01-06 03:20:18+00:00,2026-01-06 03:22:38.292583+00:00,318.0,3221.35,3221.17,3221.55,ETH
2026-01-06 03:20:19+00:00,2026-01-06 03:22:38.320537+00:00,319.0,3221.35,3221.16,3221.56,ETH
2026-01-06 03:20:20+00:00,2026-01-06 03:22:39.761463+00:00,320.0,3221.38,3221.16,3221.63,ETH
2026-01-06 03:20:21+00:00,2026-01-06 03:22:40.774002+00:00,321.0,3221.4,3221.17,3221.64,ETH
2026-01-06 03:20:22+00:00,2026-01-06 03:22:41.844559+00:00,322.0,3221.39,3221.17,3221.68,ETH
2026-01-06 03:20:23+00:00,2026-01-06 03:22:44.123815+00:00,323.0,3221.38,3221.17,3221.67,ETH
2026-01-06 03:20:24+00:00,2026-01-06 03:22:44.147888+00:00,324.0,3221.37,3221.17,3221.67,ETH
2026-01-06 03:20:25+00:00,2026-01-06 03:22:45.212731+00:00,325.0,3221.35,3221.17,3221.58,ETH
2026-01-06 03:20:27+00:00,2026-01-06 03:22:47.211148+00:00,327.0,3220.94,3220.85,3221.08,ETH
2026-01-06 03:20:29+00:00,2026-01-06 03:22:48.308898+00:00,329.0,3219.97,3219.83,3220.33,ETH
2026-01-06 03:20:30+00:00,2026-01-06 03:22:49.312552+00:00,330.0,3219.8,3219.71,3220.22,ETH
2026-01-06 03:20:31+00:00,2026-01-06 03:22:50.891205+00:00,331.0,3219.63,3219.58,3219.99,ETH
2026-01-06 03:20:33+00:00,2026-01-06 03:22:52.465141+00:00,333.0,3219.28,3219.17,3219.52,ETH
2026-01-06 03:20:34+00:00,2026-01-06 03:22:53.537856+00:00,334.0,3219.22,3218.98,3219.31,ETH
2026-01-06 03:20:35+00:00,2026-01-06 03:22:54.529894+00:00,335.0,3219.22,3218.97,3219.33,ETH
2026-01-06 03:20:36+00:00,2026-01-06 03:22:55.594720+00:00,336.0,3219.22,3218.97,3219.38,ETH
2026-01-06 03:20:37+00:00,2026-01-06 03:22:56.988524+00:00,337.0,3219.22,3218.97,3219.37,ETH
2026-01-06 03:20:38+00:00,2026-01-06 03:22:58.232542+00:00,338.0,3218.96,3218.96,3219.28,ETH
2026-01-06 03:20:39+00:00,2026-01-06 03:22:59.255066+00:00,339.0,3218.96,3218.91,3219.18,ETH
2026-01-06 03:20:41+00:00,2026-01-06 03:23:01.042332+00:00,341.0,3219.04,3218.89,3219.35,ETH
2026-01-06 03:20:42+00:00,2026-01-06 03:23:02.136306+00:00,342.0,3219.07,3218.9,3219.32,ETH
2026-01-06 03:20:43+00:00,2026-01-06 03:23:03.137422+00:00,343.0,3219.06,3218.91,3219.33,ETH
2026-01-06 03:20:45+00:00,2026-01-06 03:23:04.706572+00:00,345.0,3219.11,3218.94,3219.37,ETH
2026-01-06 03:20:46+00:00,2026-01-06 03:23:05.783149+00:00,346.0,3219.15,3218.94,3219.4,ETH
2026-01-06 03:20:47+00:00,2026-01-06 03:23:07.458178+00:00,347.0,3219.2,3218.94,3219.41,ETH
2026-01-06 03:20:48+00:00,2026-01-06 03:23:07.759605+00:00,348.0,3219.34,3219.1,3219.61,ETH
2026-01-06 03:20:49+00:00,2026-01-06 03:23:08.757216+00:00,349.0,3219.62,3219.39,3219.86,ETH
2026-01-06 03:20:50+00:00,2026-01-06 03:23:09.819580+00:00,350.0,3219.61,3219.37,3219.86,ETH
2026-01-06 03:20:51+00:00,2026-01-06 03:23:10.816871+00:00,351.0,3219.61,3219.36,3219.86,ETH
2026-01-06 03:20:52+00:00,2026-01-06 03:23:11.834337+00:00,352.0,3219.61,3219.36,3219.86,ETH
2026-01-06 03:20:53+00:00,2026-01-06 03:23:12.846728+00:00,353.0,3219.61,3219.37,3219.86,ETH
2026-01-06 03:20:54+00:00,2026-01-06 03:23:13.988464+00:00,354.0,3219.47,3219.31,3219.69,ETH
2026-01-06 03:20:55+00:00,2026-01-06 03:23:15.244647+00:00,355.0,3219.35,3219.24,3219.61,ETH
2026-01-06 03:20:56+00:00,2026-01-06 03:23:16.262432+00:00,356.0,3219.38,3219.25,3219.55,ETH
2026-01-06 03:20:57+00:00,2026-01-06 03:23:17.260337+00:00,357.0,3219.38,3219.26,3219.54,ETH
2026-01-06 03:20:59+00:00,2026-01-06 03:23:19.041790+00:00,359.0,3219.41,3219.28,3219.53,ETH
2026-01-06 03:21:00+00:00,2026-01-06 03:23:20.356433+00:00,360.0,3219.41,3219.29,3219.76,ETH
2026-01-06 03:21:02+00:00,2026-01-06 03:23:21.730376+00:00,362.0,3219.55,3219.3,3219.77,ETH
2026-01-06 03:21:03+00:00,2026-01-06 03:23:22.698740+00:00,363.0,3219.59,3219.31,3219.87,ETH
2026-01-06 03:21:04+00:00,2026-01-06 03:23:23.757280+00:00,364.0,3219.59,3219.31,3219.87,ETH
2026-01-06 03:21:05+00:00,2026-01-06 03:23:24.791532+00:00,365.0,3219.59,3219.3,3219.87,ETH
2026-01-06 03:21:06+00:00,2026-01-06 03:23:25.830839+00:00,366.0,3219.6,3219.34,3219.86,ETH
2026-01-06 03:21:08+00:00,2026-01-06 03:23:27.803501+00:00,368.0,3219.6,3219.34,3219.86,ETH
2026-01-06 03:21:09+00:00,2026-01-06 03:23:29.083016+00:00,369.0,3219.68,3219.43,3219.96,ETH
2026-01-06 03:21:10+00:00,2026-01-06 03:23:29.848193+00:00,370.0,3219.81,3219.55,3220.19,ETH
2026-01-06 03:21:11+00:00,2026-01-06 03:23:30.849466+00:00,371.0,3220.12,3219.83,3220.54,ETH
2026-01-06 03:21:12+00:00,2026-01-06 03:23:32.068631+00:00,372.0,3220.31,3220.02,3220.55,ETH
2026-01-06 03:21:13+00:00,2026-01-06 03:23:35.474804+00:00,373.0,3220.31,3220.02,3220.57,ETH
2026-01-06 03:21:15+00:00,2026-01-06 03:23:35.790470+00:00,375.0,3220.32,3220.04,3220.6,ETH
2026-01-06 03:21:16+00:00,2026-01-06 03:23:36.525004+00:00,376.0,3220.32,3220.03,3220.61,ETH
2026-01-06 03:21:17+00:00,2026-01-06 03:23:37.526110+00:00,377.0,3220.32,3220.04,3220.61,ETH
2026-01-06 03:21:19+00:00,2026-01-06 03:23:39.260198+00:00,379.0,3220.33,3220.05,3220.61,ETH
2026-01-06 03:21:20+00:00,2026-01-06 03:23:40.406711+00:00,380.0,3220.27,3220.01,3220.54,ETH
2026-01-06 03:21:21+00:00,2026-01-06 03:23:41.629014+00:00,381.0,3220.06,3219.81,3220.26,ETH
2026-01-06 03:21:22+00:00,2026-01-06 03:23:42.627813+00:00,382.0,3219.89,3219.62,3220.05,ETH
2026-01-06 03:21:23+00:00,2026-01-06 03:23:43.642778+00:00,383.0,3219.88,3219.59,3220.04,ETH
2026-01-06 03:21:25+00:00,2026-01-06 03:23:44.733681+00:00,385.0,3219.88,3219.59,3220.06,ETH
2026-01-06 03:21:26+00:00,2026-01-06 03:23:45.907738+00:00,386.0,3219.88,3219.59,3220.06,ETH
2026-01-06 03:21:28+00:00,2026-01-06 03:23:48.014333+00:00,388.0,3219.87,3219.58,3220.07,ETH
2026-01-06 03:21:29+00:00,2026-01-06 03:23:49.262519+00:00,389.0,3219.86,3219.55,3220.04,ETH
2026-01-06 03:21:30+00:00,2026-01-06 03:23:50.424884+00:00,390.0,3219.83,3219.56,3219.97,ETH
2026-01-06 03:21:31+00:00,2026-01-06 03:23:51.433904+00:00,391.0,3219.76,3219.49,3219.87,ETH
2026-01-06 03:21:32+00:00,2026-01-06 03:23:52.479538+00:00,392.0,3219.71,3219.43,3219.84,ETH
2026-01-06 03:21:34+00:00,2026-01-06 03:23:53.769943+00:00,394.0,3219.62,3219.35,3219.84,ETH
2026-01-06 03:21:35+00:00,2026-01-06 03:23:54.773811+00:00,395.0,3219.62,3219.35,3219.89,ETH
2026-01-06 03:21:36+00:00,2026-01-06 03:23:56.144970+00:00,396.0,3219.63,3219.36,3219.89,ETH
2026-01-06 03:21:37+00:00,2026-01-06 03:23:57.262668+00:00,397.0,3219.62,3219.35,3219.89,ETH
2026-01-06 03:21:38+00:00,2026-01-06 03:23:58.207134+00:00,398.0,3219.62,3219.35,3219.9,ETH
2026-01-06 03:21:39+00:00,2026-01-06 03:23:59.266714+00:00,399.0,3219.63,3219.36,3219.9,ETH
2026-01-06 03:21:40+00:00,2026-01-06 03:24:00.523940+00:00,400.0,3219.63,3219.36,3219.9,ETH
2026-01-06 03:21:42+00:00,2026-01-06 03:24:02.423987+00:00,402.0,3219.63,3219.36,3219.89,ETH
2026-01-06 03:21:43+00:00,2026-01-06 03:24:03.594910+00:00,403.0,3219.63,3219.36,3219.9,ETH
2026-01-06 03:21:44+00:00,2026-01-06 03:24:04.398793+00:00,404.0,3219.63,3219.36,3219.85,ETH
2026-01-06 03:21:45+00:00,2026-01-06 03:24:05.564390+00:00,405.0,3219.29,3219.12,3219.56,ETH
2026-01-06 03:21:47+00:00,2026-01-06 03:24:06.928477+00:00,407.0,3219.29,3219.06,3219.5,ETH
2026-01-06 03:21:48+00:00,2026-01-06 03:24:08.754610+00:00,408.0,3219.23,3218.97,3219.48,ETH
2026-01-06 03:21:49+00:00,2026-01-06 03:24:09.812014+00:00,409.0,3219.23,3218.97,3219.49,ETH
2026-01-06 03:21:50+00:00,2026-01-06 03:24:10.877295+00:00,410.0,3219.23,3218.97,3219.48,ETH
2026-01-06 03:21:51+00:00,2026-01-06 03:24:11.863554+00:00,411.0,3219.23,3218.97,3219.47,ETH
2026-01-06 03:21:52+00:00,2026-01-06 03:24:12.877878+00:00,412.0,3219.23,3218.97,3219.45,ETH
2026-01-06 03:21:53+00:00,2026-01-06 03:24:14.348721+00:00,413.0,3219.18,3218.97,3219.44,ETH
2026-01-06 03:21:54+00:00,2026-01-06 03:24:16.638960+00:00,414.0,3219.04,3218.96,3219.3,ETH
2026-01-06 03:21:56+00:00,2026-01-06 03:24:16.676825+00:00,416.0,3218.9,3218.66,3219.0,ETH
2026-01-06 03:21:57+00:00,2026-01-06 03:24:17.780153+00:00,417.0,3218.9,3218.66,3219.01,ETH
2026-01-06 03:21:59+00:00,2026-01-06 03:24:18.899065+00:00,419.0,3218.9,3218.66,3218.99,ETH
2026-01-06 03:22:00+00:00,2026-01-06 03:24:21.066446+00:00,420.0,3218.9,3218.66,3218.98,ETH
2026-01-06 03:22:03+00:00,2026-01-06 03:24:23.593632+00:00,423.0,3218.76,3218.62,3219.15,ETH
2026-01-06 03:22:04+00:00,2026-01-06 03:24:24.649635+00:00,424.0,3218.6,3218.47,3218.64,ETH
2026-01-06 03:22:05+00:00,2026-01-06 03:24:25.641384+00:00,425.0,3218.44,3218.22,3218.59,ETH
2026-01-06 03:22:06+00:00,2026-01-06 03:24:26.679808+00:00,426.0,3218.13,3217.91,3218.23,ETH
2026-01-06 03:22:07+00:00,2026-01-06 03:24:27.825314+00:00,427.0,3218.09,3217.82,3218.23,ETH
2026-01-06 03:22:08+00:00,2026-01-06 03:24:28.945692+00:00,428.0,3218.08,3217.82,3218.16,ETH
2026-01-06 03:22:10+00:00,2026-01-06 03:24:31.148483+00:00,430.0,3218.0,3217.74,3218.13,ETH
2026-01-06 03:22:11+00:00,2026-01-06 03:24:32.138908+00:00,431.0,3217.91,3217.67,3218.05,ETH
2026-01-06 03:22:12+00:00,2026-01-06 03:24:33.229802+00:00,432.0,3217.88,3217.64,3217.99,ETH
2026-01-06 03:22:13+00:00,2026-01-06 03:24:34.138733+00:00,433.0,3217.89,3217.65,3218.02,ETH
2026-01-06 03:22:15+00:00,2026-01-06 03:24:35.570658+00:00,435.0,3217.9,3217.67,3218.03,ETH
2026-01-06 03:22:16+00:00,2026-01-06 03:24:37.056273+00:00,436.0,3217.91,3217.67,3218.04,ETH
2026-01-06 03:22:17+00:00,2026-01-06 03:24:37.305564+00:00,437.0,3217.9,3217.67,3218.04,ETH
2026-01-06 03:22:18+00:00,2026-01-06 03:24:38.540261+00:00,438.0,3217.9,3217.67,3218.03,ETH
2026-01-06 03:22:19+00:00,2026-01-06 03:24:39.313079+00:00,439.0,3217.9,3217.66,3217.94,ETH
2026-01-06 03:22:20+00:00,2026-01-06 03:24:40.345846+00:00,440.0,3217.9,3217.66,3217.94,ETH
2026-01-06 03:22:22+00:00,2026-01-06 03:24:43.107657+00:00,442.0,3217.89,3217.66,3218.07,ETH
2026-01-06 03:22:23+00:00,2026-01-06 03:24:44.250426+00:00,443.0,3217.9,3217.66,3218.1,ETH
2026-01-06 03:22:24+00:00,2026-01-06 03:24:45.319385+00:00,444.0,3217.89,3217.66,3218.1,ETH
2026-01-06 03:22:25+00:00,2026-01-06 03:24:46.539291+00:00,445.0,3217.89,3217.65,3218.08,ETH
2026-01-06 03:22:27+00:00,2026-01-06 03:24:47.898928+00:00,447.0,3217.88,3217.65,3218.08,ETH
2026-01-06 03:22:28+00:00,2026-01-06 03:24:49.303172+00:00,448.0,3217.88,3217.65,3218.09,ETH
2026-01-06 03:22:29+00:00,2026-01-06 03:24:50.752146+00:00,449.0,3217.88,3217.64,3218.08,ETH
2026-01-06 03:22:30+00:00,2026-01-06 03:24:51.821173+00:00,450.0,3217.88,3217.64,3218.1,ETH
2026-01-06 03:22:31+00:00,2026-01-06 03:24:52.795172+00:00,451.0,3217.88,3217.64,3218.09,ETH
2026-01-06 03:22:33+00:00,2026-01-06 03:24:53.941764+00:00,453.0,3217.88,3217.64,3218.11,ETH
2026-01-06 03:22:34+00:00,2026-01-06 03:24:54.797125+00:00,454.0,3217.88,3217.65,3218.13,ETH
2026-01-06 03:22:35+00:00,2026-01-06 03:24:55.987144+00:00,455.0,3218.0,3217.73,3218.23,ETH
2026-01-06 03:22:36+00:00,2026-01-06 03:24:56.933480+00:00,456.0,3218.0,3217.72,3218.23,ETH
2026-01-06 03:22:37+00:00,2026-01-06 03:24:58.126281+00:00,457.0,3218.0,3217.72,3218.28,ETH
2026-01-06 03:22:38+00:00,2026-01-06 03:24:59.136339+00:00,458.0,3217.98,3217.71,3218.16,ETH
2026-01-06 03:22:39+00:00,2026-01-06 03:25:00.141620+00:00,459.0,3217.93,3217.71,3218.11,ETH
2026-01-06 03:22:40+00:00,2026-01-06 03:25:01.310438+00:00,460.0,3217.93,3217.71,3218.04,ETH
2026-01-06 03:22:42+00:00,2026-01-06 03:25:02.999765+00:00,462.0,3217.9,3217.66,3218.14,ETH
2026-01-06 03:22:43+00:00,2026-01-06 03:25:04.284009+00:00,463.0,3217.9,3217.66,3218.14,ETH
2026-01-06 03:22:44+00:00,2026-01-06 03:25:05.154674+00:00,464.0,3217.9,3217.66,3218.12,ETH
2026-01-06 03:22:45+00:00,2026-01-06 03:25:06.155958+00:00,465.0,3217.95,3217.67,3218.2,ETH
2026-01-06 03:22:46+00:00,2026-01-06 03:25:07.282799+00:00,466.0,3217.96,3217.68,3218.24,ETH
2026-01-06 03:22:47+00:00,2026-01-06 03:25:08.364342+00:00,467.0,3217.96,3217.68,3218.24,ETH
2026-01-06 03:22:48+00:00,2026-01-06 03:25:09.428644+00:00,468.0,3217.96,3217.68,3218.24,ETH
2026-01-06 03:22:49+00:00,2026-01-06 03:25:10.714068+00:00,469.0,3217.96,3217.68,3218.24,ETH
2026-01-06 03:22:50+00:00,2026-01-06 03:25:11.806952+00:00,470.0,3218.13,3217.89,3218.4,ETH
2026-01-06 03:22:51+00:00,2026-01-06 03:25:12.474007+00:00,471.0,3218.08,3217.85,3218.34,ETH
2026-01-06 03:22:52+00:00,2026-01-06 03:25:13.491726+00:00,472.0,3218.05,3217.8,3218.2,ETH
2026-01-06 03:22:53+00:00,2026-01-06 03:25:14.489865+00:00,473.0,3217.99,3217.77,3218.09,ETH
2026-01-06 03:22:54+00:00,2026-01-06 03:25:15.515979+00:00,474.0,3217.86,3217.66,3218.03,ETH
2026-01-06 03:22:55+00:00,2026-01-06 03:25:16.515183+00:00,475.0,3217.8,3217.58,3217.97,ETH
2026-01-06 03:22:56+00:00,2026-01-06 03:25:18.683850+00:00,476.0,3217.79,3217.58,3217.89,ETH
2026-01-06 03:22:57+00:00,2026-01-06 03:25:19.005568+00:00,477.0,3217.67,3217.42,3217.78,ETH
2026-01-06 03:22:58+00:00,2026-01-06 03:25:20.024883+00:00,478.0,3217.5,3217.22,3217.67,ETH
2026-01-06 03:23:00+00:00,2026-01-06 03:25:21.005125+00:00,480.0,3217.38,3217.11,3217.59,ETH
2026-01-06 03:23:01+00:00,2026-01-06 03:25:22.285184+00:00,481.0,3217.39,3217.13,3217.65,ETH
2026-01-06 03:23:02+00:00,2026-01-06 03:25:23.186878+00:00,482.0,3217.75,3217.47,3218.05,ETH
2026-01-06 03:23:03+00:00,2026-01-06 03:25:24.513736+00:00,483.0,3217.94,3217.65,3218.18,ETH
2026-01-06 03:23:04+00:00,2026-01-06 03:25:25.599793+00:00,484.0,3217.94,3217.65,3218.23,ETH
2026-01-06 03:23:05+00:00,2026-01-06 03:25:26.604048+00:00,485.0,3217.93,3217.64,3218.22,ETH
2026-01-06 03:23:06+00:00,2026-01-06 03:25:27.669881+00:00,486.0,3217.93,3217.64,3218.22,ETH
2026-01-06 03:23:07+00:00,2026-01-06 03:25:28.688526+00:00,487.0,3217.93,3217.64,3218.21,ETH
2026-01-06 03:23:09+00:00,2026-01-06 03:25:32.138956+00:00,489.0,3217.92,3217.65,3218.19,ETH
2026-01-06 03:23:11+00:00,2026-01-06 03:25:32.932689+00:00,491.0,3217.91,3217.65,3218.1,ETH
2026-01-06 03:23:12+00:00,2026-01-06 03:25:33.540936+00:00,492.0,3217.91,3217.65,3218.17,ETH
2026-01-06 03:23:13+00:00,2026-01-06 03:25:35.645549+00:00,493.0,3217.91,3217.65,3218.17,ETH
2026-01-06 03:23:14+00:00,2026-01-06 03:25:36.482929+00:00,494.0,3217.91,3217.65,3218.17,ETH
2026-01-06 03:23:15+00:00,2026-01-06 03:25:37.748974+00:00,495.0,3217.91,3217.65,3218.17,ETH
2026-01-06 03:23:17+00:00,2026-01-06 03:25:38.960033+00:00,497.0,3217.91,3217.65,3218.17,ETH
2026-01-06 03:23:18+00:00,2026-01-06 03:25:40.476218+00:00,498.0,3217.91,3217.65,3218.14,ETH
2026-01-06 03:23:19+00:00,2026-01-06 03:25:41.030064+00:00,499.0,3217.6,3217.38,3217.85,ETH
2026-01-06 03:23:20+00:00,2026-01-06 03:25:42.066979+00:00,500.0,3217.6,3217.38,3217.73,ETH
2026-01-06 03:23:21+00:00,2026-01-06 03:25:43.102901+00:00,501.0,3217.59,3217.36,3217.69,ETH
2026-01-06 03:23:22+00:00,2026-01-06 03:25:44.067792+00:00,502.0,3217.59,3217.36,3217.69,ETH
2026-01-06 03:23:23+00:00,2026-01-06 03:25:45.171898+00:00,503.0,3217.59,3217.36,3217.69,ETH
2026-01-06 03:23:24+00:00,2026-01-06 03:25:46.182612+00:00,504.0,3217.59,3217.36,3217.69,ETH
2026-01-06 03:23:25+00:00,2026-01-06 03:25:47.479334+00:00,505.0,3217.59,3217.36,3217.69,ETH
2026-01-06 03:23:26+00:00,2026-01-06 03:25:48.228255+00:00,506.0,3217.44,3217.19,3217.63,ETH
2026-01-06 03:23:27+00:00,2026-01-06 03:25:49.251191+00:00,507.0,3217.29,3217.02,3217.5,ETH
2026-01-06 03:23:29+00:00,2026-01-06 03:25:50.433640+00:00,509.0,3217.27,3217.0,3217.52,ETH
2026-01-06 03:23:30+00:00,2026-01-06 03:25:51.565507+00:00,510.0,3217.26,3216.99,3217.48,ETH
2026-01-06 03:23:33+00:00,2026-01-06 03:25:54.600218+00:00,513.0,3217.08,3216.86,3217.28,ETH
2026-01-06 03:23:34+00:00,2026-01-06 03:25:55.566136+00:00,514.0,3217.07,3216.86,3217.16,ETH
2026-01-06 03:23:35+00:00,2026-01-06 03:25:56.636025+00:00,515.0,3216.92,3216.7,3217.0,ETH
2026-01-06 03:23:36+00:00,2026-01-06 03:25:58.611683+00:00,516.0,3216.83,3216.66,3216.94,ETH
2026-01-06 03:23:38+00:00,2026-01-06 03:25:59.975752+00:00,518.0,3216.71,3216.48,3216.74,ETH
2026-01-06 03:23:39+00:00,2026-01-06 03:26:01.299266+00:00,519.0,3216.71,3216.48,3216.74,ETH
2026-01-06 03:23:40+00:00,2026-01-06 03:26:02.071418+00:00,520.0,3216.71,3216.48,3216.76,ETH
2026-01-06 03:23:41+00:00,2026-01-06 03:26:03.078322+00:00,521.0,3216.7,3216.48,3216.76,ETH
2026-01-06 03:23:42+00:00,2026-01-06 03:26:04.151839+00:00,522.0,3216.7,3216.47,3216.77,ETH
2026-01-06 03:23:43+00:00,2026-01-06 03:26:05.563465+00:00,523.0,3216.7,3216.47,3216.93,ETH
2026-01-06 03:23:44+00:00,2026-01-06 03:26:06.711235+00:00,524.0,3217.92,3217.84,3218.52,ETH
2026-01-06 03:23:45+00:00,2026-01-06 03:26:07.650368+00:00,525.0,3218.29,3218.0,3218.58,ETH
2026-01-06 03:23:46+00:00,2026-01-06 03:26:08.586218+00:00,526.0,3218.26,3217.98,3218.56,ETH
2026-01-06 03:23:47+00:00,2026-01-06 03:26:09.560273+00:00,527.0,3218.1,3217.94,3218.47,ETH
2026-01-06 03:23:48+00:00,2026-01-06 03:26:10.449854+00:00,528.0,3218.1,3217.94,3218.47,ETH
2026-01-06 03:23:49+00:00,2026-01-06 03:26:11.289207+00:00,529.0,3218.1,3217.94,3218.39,ETH
2026-01-06 03:23:50+00:00,2026-01-06 03:26:12.524439+00:00,530.0,3218.1,3217.93,3218.32,ETH
2026-01-06 03:23:51+00:00,2026-01-06 03:26:13.654291+00:00,531.0,3218.1,3217.92,3218.34,ETH
2026-01-06 03:23:53+00:00,2026-01-06 03:26:15.754734+00:00,533.0,3218.1,3217.92,3218.36,ETH
2026-01-06 03:23:54+00:00,2026-01-06 03:26:15.768307+00:00,534.0,3218.1,3217.92,3218.37,ETH
2026-01-06 03:23:55+00:00,2026-01-06 03:26:16.866227+00:00,535.0,3218.1,3217.92,3218.37,ETH
2026-01-06 03:23:56+00:00,2026-01-06 03:26:17.851789+00:00,536.0,3218.1,3217.93,3218.41,ETH
2026-01-06 03:23:57+00:00,2026-01-06 03:26:18.984367+00:00,537.0,3218.1,3217.93,3218.41,ETH
2026-01-06 03:23:58+00:00,2026-01-06 03:26:20.405045+00:00,538.0,3218.12,3217.92,3218.42,ETH
2026-01-06 03:24:00+00:00,2026-01-06 03:26:22.628514+00:00,540.0,3218.19,3217.94,3218.66,ETH
2026-01-06 03:24:01+00:00,2026-01-06 03:26:23.735765+00:00,541.0,3218.48,3218.19,3218.9,ETH
2026-01-06 03:24:02+00:00,2026-01-06 03:26:27.073094+00:00,542.0,3218.71,3218.42,3218.95,ETH
2026-01-06 03:24:05+00:00,2026-01-06 03:26:27.140778+00:00,545.0,3217.96,3217.68,3218.23,ETH
2026-01-06 03:24:08+00:00,2026-01-06 03:26:30.515493+00:00,548.0,3217.67,3217.57,3217.93,ETH
2026-01-06 03:24:10+00:00,2026-01-06 03:26:32.270636+00:00,550.0,3217.62,3217.52,3217.95,ETH
2026-01-06 03:24:11+00:00,2026-01-06 03:26:33.168874+00:00,551.0,3217.62,3217.52,3217.94,ETH
2026-01-06 03:24:12+00:00,2026-01-06 03:26:37.341847+00:00,552.0,3217.71,3217.53,3217.96,ETH
2026-01-06 03:24:15+00:00,2026-01-06 03:26:37.352861+00:00,555.0,3217.62,3217.6,3217.89,ETH
2026-01-06 03:24:16+00:00,2026-01-06 03:26:38.369374+00:00,556.0,3217.62,3217.52,3217.88,ETH
2026-01-06 03:24:17+00:00,2026-01-06 03:26:39.484130+00:00,557.0,3217.62,3217.47,3217.79,ETH
2026-01-06 03:24:18+00:00,2026-01-06 03:26:41.892899+00:00,558.0,3217.53,3217.42,3217.74,ETH
2026-01-06 03:24:19+00:00,2026-01-06 03:26:41.928342+00:00,559.0,3217.47,3217.37,3217.77,ETH
2026-01-06 03:24:21+00:00,2026-01-06 03:26:43.533707+00:00,561.0,3217.56,3217.34,3217.77,ETH
2026-01-06 03:24:22+00:00,2026-01-06 03:26:44.567367+00:00,562.0,3217.61,3217.36,3217.81,ETH
2026-01-06 03:24:23+00:00,2026-01-06 03:26:45.574111+00:00,563.0,3217.61,3217.36,3217.85,ETH
2026-01-06 03:24:24+00:00,2026-01-06 03:26:46.603182+00:00,564.0,3217.63,3217.4,3217.81,ETH
2026-01-06 03:24:25+00:00,2026-01-06 03:26:47.640272+00:00,565.0,3217.63,3217.41,3217.81,ETH
2026-01-06 03:24:26+00:00,2026-01-06 03:26:49.085429+00:00,566.0,3217.63,3217.41,3217.84,ETH
2026-01-06 03:24:28+00:00,2026-01-06 03:26:50.249655+00:00,568.0,3217.63,3217.41,3217.86,ETH
2026-01-06 03:24:29+00:00,2026-01-06 03:26:51.297998+00:00,569.0,3217.63,3217.41,3217.86,ETH
2026-01-06 03:24:30+00:00,2026-01-06 03:26:52.305462+00:00,570.0,3217.63,3217.4,3217.86,ETH
2026-01-06 03:24:31+00:00,2026-01-06 03:26:53.301945+00:00,571.0,3217.3,3217.06,3217.48,ETH
2026-01-06 03:24:32+00:00,2026-01-06 03:26:55.261576+00:00,572.0,3217.12,3216.83,3217.3,ETH
2026-01-06 03:24:34+00:00,2026-01-06 03:26:57.100661+00:00,574.0,3217.18,3216.89,3217.46,ETH
2026-01-06 03:24:36+00:00,2026-01-06 03:26:58.564486+00:00,576.0,3217.36,3217.09,3217.6,ETH
2026-01-06 03:24:37+00:00,2026-01-06 03:26:59.528805+00:00,577.0,3217.36,3217.09,3217.64,ETH
2026-01-06 03:24:38+00:00,2026-01-06 03:27:00.662535+00:00,578.0,3217.36,3217.08,3217.64,ETH
2026-01-06 03:24:39+00:00,2026-01-06 03:27:01.672642+00:00,579.0,3217.36,3217.08,3217.63,ETH
2026-01-06 03:24:40+00:00,2026-01-06 03:27:02.644662+00:00,580.0,3217.34,3217.05,3217.61,ETH
2026-01-06 03:24:41+00:00,2026-01-06 03:27:04.137938+00:00,581.0,3217.34,3217.05,3217.62,ETH
2026-01-06 03:24:42+00:00,2026-01-06 03:27:05.268783+00:00,582.0,3217.34,3217.06,3217.61,ETH
2026-01-06 03:24:43+00:00,2026-01-06 03:27:06.419810+00:00,583.0,3217.34,3217.06,3217.62,ETH
2026-01-06 03:24:44+00:00,2026-01-06 03:27:07.282350+00:00,584.0,3217.41,3217.13,3217.68,ETH
2026-01-06 03:24:45+00:00,2026-01-06 03:27:09.633823+00:00,585.0,3217.58,3217.31,3217.84,ETH
2026-01-06 03:24:47+00:00,2026-01-06 03:27:09.662702+00:00,587.0,3217.71,3217.45,3217.98,ETH
2026-01-06 03:24:48+00:00,2026-01-06 03:27:11.147650+00:00,588.0,3217.78,3217.5,3218.05,ETH
2026-01-06 03:24:50+00:00,2026-01-06 03:27:12.690945+00:00,590.0,3217.81,3217.54,3218.08,ETH
2026-01-06 03:24:51+00:00,2026-01-06 03:27:13.712803+00:00,591.0,3217.81,3217.54,3218.08,ETH
2026-01-06 03:24:52+00:00,2026-01-06 03:27:14.859261+00:00,592.0,3217.81,3217.54,3218.08,ETH
