timestamp,collected_at,seconds,up_mid,up_best_bid,up_best_ask,down_mid,down_best_bid,down_best_ask,up_best_bid_size,up_best_ask_size,down_best_bid_size,down_best_ask_size
2026-01-06 03:15:00.281000+00:00,2026-01-06 03:15:00.328458+00:00,0.281,0.455,0.45,0.46,0.545,0.54,0.55,,,,
2026-01-06 03:15:01.287000+00:00,2026-01-06 03:15:01.331612+00:00,1.287,0.47,0.45,0.49,0.525,0.51,0.54,,,,
2026-01-06 03:15:02.390000+00:00,2026-01-06 03:15:02.332133+00:00,2.39,0.4649999999999999,0.46,0.47,0.535,0.53,0.54,,,,
2026-01-06 03:15:03.462000+00:00,2026-01-06 03:15:03.466854+00:00,3.462,0.44,0.43,0.45,0.56,0.55,0.57,,,,
2026-01-06 03:15:04.460000+00:00,2026-01-06 03:15:04.482075+00:00,4.46,0.45,0.44,0.46,0.55,0.54,0.56,,,,
2026-01-06 03:15:05.591000+00:00,2026-01-06 03:15:05.624839+00:00,5.591,0.445,0.44,0.45,0.565,0.56,0.57,,,,
2026-01-06 03:15:06.565000+00:00,2026-01-06 03:15:06.632723+00:00,6.565,0.435,0.43,0.44,0.565,0.56,0.57,,,,
2026-01-06 03:15:07.634000+00:00,2026-01-06 03:15:07.643122+00:00,7.634,0.435,0.43,0.44,0.5700000000000001,0.56,0.58,,,,
2026-01-06 03:15:08.643000+00:00,2026-01-06 03:15:08.650759+00:00,8.643,0.435,0.43,0.44,0.565,0.56,0.57,,,,
2026-01-06 03:15:09.652000+00:00,2026-01-06 03:15:09.668313+00:00,9.652,0.455,0.45,0.46,0.535,0.53,0.54,,,,
2026-01-06 03:15:10.661000+00:00,2026-01-06 03:15:10.683530+00:00,10.661,0.4599999999999999,0.45,0.47,0.535,0.53,0.54,,,,
2026-01-06 03:15:11.642000+00:00,2026-01-06 03:15:11.678488+00:00,11.642,0.4649999999999999,0.46,0.47,0.525,0.52,0.53,,,,
2026-01-06 03:15:12.663000+00:00,2026-01-06 03:15:12.680863+00:00,12.663,0.47,0.46,0.48,0.53,0.52,0.54,,,,
2026-01-06 03:15:13.648000+00:00,2026-01-06 03:15:13.694832+00:00,13.648,0.475,0.47,0.48,0.525,0.52,0.53,,,,
2026-01-06 03:15:15.111000+00:00,2026-01-06 03:15:15.140188+00:00,15.111,0.48,0.47,0.49,0.52,0.51,0.53,,,,
2026-01-06 03:15:16.054000+00:00,2026-01-06 03:15:16.162308+00:00,16.054,0.47,0.46,0.48,0.53,0.52,0.54,,,,
2026-01-06 03:15:17.086000+00:00,2026-01-06 03:15:17.158124+00:00,17.086,0.47,0.46,0.48,0.53,0.52,0.54,,,,
2026-01-06 03:15:18.199000+00:00,2026-01-06 03:15:18.240284+00:00,18.199,0.47,0.46,0.48,0.53,0.52,0.54,,,,
2026-01-06 03:15:19.278000+00:00,2026-01-06 03:15:19.315132+00:00,19.278,0.48,0.47,0.49,0.52,0.51,0.53,,,,
2026-01-06 03:15:20.398000+00:00,2026-01-06 03:15:20.314196+00:00,20.398,0.47,0.46,0.48,0.53,0.52,0.54,,,,
2026-01-06 03:15:21.271000+00:00,2026-01-06 03:15:21.329777+00:00,21.271,0.475,0.47,0.48,0.525,0.52,0.53,,,,
2026-01-06 03:15:22.341000+00:00,2026-01-06 03:15:22.350220+00:00,22.341,0.475,0.47,0.48,0.53,0.52,0.54,,,,
2026-01-06 03:15:23.170000+00:00,2026-01-06 03:15:23.371061+00:00,23.17,0.47,0.46,0.48,0.53,0.52,0.54,,,,
2026-01-06 03:15:24.275000+00:00,2026-01-06 03:15:24.393596+00:00,24.275,0.475,0.47,0.48,0.525,0.52,0.53,,,,
2026-01-06 03:15:25.257000+00:00,2026-01-06 03:15:25.395851+00:00,25.257,0.475,0.47,0.48,0.525,0.52,0.53,,,,
2026-01-06 03:15:26.049000+00:00,2026-01-06 03:15:26.408482+00:00,26.049,0.475,0.47,0.48,0.525,0.52,0.53,,,,
2026-01-06 03:15:27.399000+00:00,2026-01-06 03:15:27.409125+00:00,27.399,0.485,0.48,0.49,0.515,0.51,0.52,,,,
2026-01-06 03:15:28.214000+00:00,2026-01-06 03:15:28.408318+00:00,28.214,0.49,0.48,0.5,0.51,0.5,0.52,,,,
2026-01-06 03:15:29.382000+00:00,2026-01-06 03:15:29.414899+00:00,29.382,0.495,0.49,0.5,0.505,0.5,0.51,,,,
2026-01-06 03:15:30.397000+00:00,2026-01-06 03:15:30.419434+00:00,30.397,0.495,0.49,0.5,0.505,0.5,0.51,,,,
2026-01-06 03:15:31.295000+00:00,2026-01-06 03:15:31.430752+00:00,31.295,0.495,0.49,0.5,0.505,0.5,0.51,,,,
2026-01-06 03:15:32.640000+00:00,2026-01-06 03:15:32.676010+00:00,32.64,0.49,0.48,0.5,0.51,0.5,0.52,,,,
2026-01-06 03:15:33.552000+00:00,2026-01-06 03:15:33.727003+00:00,33.552,0.495,0.49,0.5,0.505,0.5,0.51,,,,
2026-01-06 03:15:34.809000+00:00,2026-01-06 03:15:34.876826+00:00,34.809,0.535,0.53,0.54,0.4649999999999999,0.46,0.47,,,,
2026-01-06 03:15:35.859000+00:00,2026-01-06 03:15:35.885136+00:00,35.859,0.535,0.53,0.54,0.4649999999999999,0.46,0.47,,,,
2026-01-06 03:15:36.887000+00:00,2026-01-06 03:15:36.893606+00:00,36.887,0.535,0.53,0.54,0.4649999999999999,0.46,0.47,,,,
2026-01-06 03:15:37.826000+00:00,2026-01-06 03:15:37.926590+00:00,37.826,0.535,0.53,0.54,0.4649999999999999,0.46,0.47,,,,
2026-01-06 03:15:39.174000+00:00,2026-01-06 03:15:39.235336+00:00,39.174,0.535,0.53,0.54,0.4649999999999999,0.46,0.47,,,,
2026-01-06 03:15:40.239000+00:00,2026-01-06 03:15:40.339532+00:00,40.239,0.535,0.53,0.54,0.4649999999999999,0.46,0.47,,,,
2026-01-06 03:15:41.332000+00:00,2026-01-06 03:15:41.345983+00:00,41.332,0.53,0.52,0.54,0.47,0.46,0.48,,,,
2026-01-06 03:15:42.287000+00:00,2026-01-06 03:15:42.351260+00:00,42.287,0.545,0.54,0.55,0.455,0.45,0.46,,,,
2026-01-06 03:15:43.318000+00:00,2026-01-06 03:15:43.339429+00:00,43.318,0.545,0.54,0.55,0.435,0.43,0.44,,,,
2026-01-06 03:15:44.226000+00:00,2026-01-06 03:15:44.349099+00:00,44.226,0.575,0.57,0.58,0.425,0.42,0.43,,,,
2026-01-06 03:15:45.216000+00:00,2026-01-06 03:15:45.362455+00:00,45.216,0.575,0.57,0.58,0.415,0.41,0.42,,,,
2026-01-06 03:15:46.690000+00:00,2026-01-06 03:15:46.706156+00:00,46.69,0.605,0.6,0.61,0.395,0.39,0.4,,,,
2026-01-06 03:15:47.844000+00:00,2026-01-06 03:15:47.878066+00:00,47.844,0.64,0.63,0.65,0.36,0.35,0.37,,,,
2026-01-06 03:15:48.868000+00:00,2026-01-06 03:15:48.879062+00:00,48.868,0.635,0.63,0.64,0.365,0.36,0.37,,,,
2026-01-06 03:15:49.802000+00:00,2026-01-06 03:15:49.877066+00:00,49.802,0.635,0.63,0.64,0.365,0.36,0.37,,,,
2026-01-06 03:15:50.827000+00:00,2026-01-06 03:15:50.879644+00:00,50.827,0.625,0.62,0.63,0.365,0.36,0.37,,,,
2026-01-06 03:15:51.739000+00:00,2026-01-06 03:15:51.879105+00:00,51.739,0.635,0.63,0.64,0.365,0.36,0.37,,,,
2026-01-06 03:15:52.871000+00:00,2026-01-06 03:15:52.889864+00:00,52.871,0.635,0.63,0.64,0.365,0.36,0.37,,,,
2026-01-06 03:15:54.669000+00:00,2026-01-06 03:15:54.692979+00:00,54.669,0.645,0.64,0.65,0.355,0.35,0.36,,,,
2026-01-06 03:15:55.694000+00:00,2026-01-06 03:15:55.692805+00:00,55.694,0.645,0.64,0.65,0.355,0.35,0.36,,,,
2026-01-06 03:15:56.680000+00:00,2026-01-06 03:15:56.694895+00:00,56.68,0.645,0.64,0.65,0.355,0.35,0.36,,,,
2026-01-06 03:15:57.685000+00:00,2026-01-06 03:15:57.698402+00:00,57.685,0.645,0.64,0.65,0.355,0.35,0.36,,,,
2026-01-06 03:15:58.703000+00:00,2026-01-06 03:15:58.702814+00:00,58.703,0.665,0.66,0.67,0.335,0.33,0.34,,,,
2026-01-06 03:15:59.667000+00:00,2026-01-06 03:15:59.708056+00:00,59.667,0.665,0.66,0.67,0.335,0.33,0.34,,,,
2026-01-06 03:16:01.324000+00:00,2026-01-06 03:16:01.328972+00:00,61.324,0.645,0.64,0.65,0.355,0.35,0.36,,,,
2026-01-06 03:16:02.348000+00:00,2026-01-06 03:16:02.359212+00:00,62.348,0.585,0.58,0.59,0.435,0.43,0.44,,,,
2026-01-06 03:16:03.270000+00:00,2026-01-06 03:16:03.379766+00:00,63.27,0.565,0.56,0.57,0.435,0.43,0.44,,,,
2026-01-06 03:16:04.445000+00:00,2026-01-06 03:16:04.384670+00:00,64.445,0.565,0.56,0.57,0.435,0.43,0.44,,,,
2026-01-06 03:16:05.313000+00:00,2026-01-06 03:16:05.386010+00:00,65.313,0.565,0.56,0.57,0.435,0.43,0.44,,,,
2026-01-06 03:16:06.419000+00:00,2026-01-06 03:16:06.393145+00:00,66.419,0.595,0.59,0.6,0.405,0.4,0.41,,,,
2026-01-06 03:16:07.402000+00:00,2026-01-06 03:16:07.410264+00:00,67.402,0.595,0.59,0.6,0.405,0.4,0.41,,,,
2026-01-06 03:16:08.803000+00:00,2026-01-06 03:16:08.811874+00:00,68.803,0.585,0.58,0.59,0.43,0.42,0.44,,,,
2026-01-06 03:16:10.001000+00:00,2026-01-06 03:16:10.079055+00:00,70.001,0.565,0.56,0.57,0.435,0.43,0.44,,,,
2026-01-06 03:16:11.081000+00:00,2026-01-06 03:16:11.095852+00:00,71.081,0.555,0.55,0.56,0.455,0.45,0.46,,,,
2026-01-06 03:16:12.136000+00:00,2026-01-06 03:16:12.152470+00:00,72.136,0.545,0.54,0.55,0.455,0.45,0.46,,,,
2026-01-06 03:16:13.065000+00:00,2026-01-06 03:16:13.146655+00:00,73.065,0.54,0.53,0.55,0.4599999999999999,0.45,0.47,,,,
2026-01-06 03:16:14.066000+00:00,2026-01-06 03:16:14.158374+00:00,74.066,0.54,0.53,0.55,0.4599999999999999,0.45,0.47,,,,
2026-01-06 03:16:15.352000+00:00,2026-01-06 03:16:15.359651+00:00,75.352,0.535,0.53,0.54,0.4649999999999999,0.46,0.47,,,,
2026-01-06 03:16:16.362000+00:00,2026-01-06 03:16:16.378083+00:00,76.362,0.515,0.51,0.52,0.485,0.48,0.49,,,,
2026-01-06 03:16:17.592000+00:00,2026-01-06 03:16:17.609771+00:00,77.592,0.515,0.51,0.52,0.485,0.48,0.49,,,,
2026-01-06 03:16:18.557000+00:00,2026-01-06 03:16:18.613966+00:00,78.557,0.515,0.51,0.52,0.485,0.48,0.49,,,,
2026-01-06 03:16:19.600000+00:00,2026-01-06 03:16:19.612776+00:00,79.6,0.505,0.5,0.51,0.515,0.51,0.52,,,,
2026-01-06 03:16:20.729000+00:00,2026-01-06 03:16:20.777717+00:00,80.729,0.4649999999999999,0.46,0.47,0.535,0.53,0.54,,,,
2026-01-06 03:16:21.846000+00:00,2026-01-06 03:16:21.790979+00:00,81.846,0.455,0.45,0.46,0.545,0.54,0.55,,,,
2026-01-06 03:16:22.749000+00:00,2026-01-06 03:16:22.806433+00:00,82.749,0.445,0.44,0.45,0.555,0.55,0.56,,,,
2026-01-06 03:16:24+00:00,2026-01-06 03:16:24.320720+00:00,84.0,0.445,0.44,0.45,0.555,0.55,0.56,,,,
2026-01-06 03:16:25.301000+00:00,2026-01-06 03:16:25.318308+00:00,85.301,0.45,0.44,0.46,0.555,0.55,0.56,,,,
2026-01-06 03:16:26.272000+00:00,2026-01-06 03:16:26.332633+00:00,86.272,0.445,0.44,0.45,0.555,0.55,0.56,,,,
2026-01-06 03:16:27.418000+00:00,2026-01-06 03:16:27.421883+00:00,87.418,0.445,0.44,0.45,0.555,0.55,0.56,,,,
2026-01-06 03:16:28.217000+00:00,2026-01-06 03:16:28.425059+00:00,88.217,0.445,0.44,0.45,0.555,0.55,0.56,,,,
2026-01-06 03:16:29.402000+00:00,2026-01-06 03:16:29.420751+00:00,89.402,0.445,0.44,0.45,0.555,0.55,0.56,,,,
2026-01-06 03:16:30.418000+00:00,2026-01-06 03:16:30.436846+00:00,90.418,0.455,0.45,0.46,0.545,0.54,0.55,,,,
2026-01-06 03:16:31.372000+00:00,2026-01-06 03:16:31.441692+00:00,91.372,0.455,0.45,0.46,0.545,0.54,0.55,,,,
2026-01-06 03:16:32.417000+00:00,2026-01-06 03:16:32.442111+00:00,92.417,0.455,0.45,0.46,0.545,0.54,0.55,,,,
2026-01-06 03:16:33.437000+00:00,2026-01-06 03:16:33.454742+00:00,93.437,0.475,0.47,0.48,0.505,0.5,0.51,,,,
2026-01-06 03:16:34.451000+00:00,2026-01-06 03:16:34.475256+00:00,94.451,0.51,0.5,0.52,0.49,0.48,0.5,,,,
2026-01-06 03:16:35.379000+00:00,2026-01-06 03:16:35.467848+00:00,95.379,0.505,0.5,0.51,0.495,0.49,0.5,,,,
2026-01-06 03:16:36.462000+00:00,2026-01-06 03:16:36.477803+00:00,96.462,0.505,0.5,0.51,0.495,0.49,0.5,,,,
2026-01-06 03:16:37.468000+00:00,2026-01-06 03:16:37.478794+00:00,97.468,0.495,0.49,0.5,0.505,0.5,0.51,,,,
2026-01-06 03:16:38.366000+00:00,2026-01-06 03:16:38.486078+00:00,98.366,0.495,0.49,0.5,0.505,0.5,0.51,,,,
2026-01-06 03:16:39.301000+00:00,2026-01-06 03:16:39.498032+00:00,99.301,0.495,0.49,0.5,0.505,0.5,0.51,,,,
2026-01-06 03:16:40.187000+00:00,2026-01-06 03:16:40.515169+00:00,100.187,0.505,0.5,0.51,0.5,0.49,0.51,,,,
2026-01-06 03:16:41.458000+00:00,2026-01-06 03:16:41.514008+00:00,101.458,0.51,0.5,0.52,0.49,0.48,0.5,,,,
2026-01-06 03:16:42.446000+00:00,2026-01-06 03:16:42.526138+00:00,102.446,0.535,0.53,0.54,0.45,0.44,0.46,,,,
2026-01-06 03:16:43.933000+00:00,2026-01-06 03:16:43.955460+00:00,103.933,0.555,0.55,0.56,0.435,0.43,0.44,,,,
2026-01-06 03:16:44.962000+00:00,2026-01-06 03:16:44.986730+00:00,104.962,0.565,0.56,0.57,0.435,0.43,0.44,,,,
2026-01-06 03:16:46.703000+00:00,2026-01-06 03:16:46.893800+00:00,106.703,0.565,0.56,0.57,0.435,0.43,0.44,,,,
2026-01-06 03:16:47.786000+00:00,2026-01-06 03:16:47.905706+00:00,107.786,0.565,0.56,0.57,0.435,0.43,0.44,,,,
2026-01-06 03:16:49.186000+00:00,2026-01-06 03:16:49.309915+00:00,109.186,0.575,0.57,0.58,0.415,0.41,0.42,,,,
2026-01-06 03:16:50.260000+00:00,2026-01-06 03:16:50.353290+00:00,110.26,0.575,0.57,0.58,0.425,0.42,0.43,,,,
2026-01-06 03:16:51.354000+00:00,2026-01-06 03:16:51.371184+00:00,111.354,0.575,0.57,0.58,0.425,0.42,0.43,,,,
2026-01-06 03:16:52.358000+00:00,2026-01-06 03:16:52.381243+00:00,112.358,0.585,0.58,0.59,0.415,0.41,0.42,,,,
2026-01-06 03:16:54.234000+00:00,2026-01-06 03:16:54.389849+00:00,114.234,0.59,0.58,0.6,0.415,0.41,0.42,,,,
2026-01-06 03:16:55.306000+00:00,2026-01-06 03:16:55.393931+00:00,115.306,0.585,0.58,0.59,0.415,0.41,0.42,,,,
2026-01-06 03:16:57.119000+00:00,2026-01-06 03:16:57.127904+00:00,117.119,0.575,0.57,0.58,0.425,0.42,0.43,,,,
2026-01-06 03:16:58.013000+00:00,2026-01-06 03:16:58.131455+00:00,118.013,0.575,0.57,0.58,0.425,0.42,0.43,,,,
2026-01-06 03:16:59.003000+00:00,2026-01-06 03:16:59.144565+00:00,119.003,0.575,0.57,0.58,0.425,0.42,0.43,,,,
2026-01-06 03:17:00.404000+00:00,2026-01-06 03:17:00.329199+00:00,120.404,0.58,0.57,0.59,0.42,0.41,0.43,,,,
2026-01-06 03:17:01.309000+00:00,2026-01-06 03:17:01.343432+00:00,121.309,0.575,0.57,0.58,0.425,0.42,0.43,,,,
2026-01-06 03:17:03.050000+00:00,2026-01-06 03:17:03.059888+00:00,123.05,0.585,0.58,0.59,0.415,0.41,0.42,,,,
2026-01-06 03:17:04.844000+00:00,2026-01-06 03:17:04.855075+00:00,124.844,0.625,0.62,0.63,0.375,0.37,0.38,,,,
2026-01-06 03:17:05.944000+00:00,2026-01-06 03:17:05.997901+00:00,125.944,0.635,0.63,0.64,0.365,0.36,0.37,,,,
2026-01-06 03:17:07.320000+00:00,2026-01-06 03:17:07.324644+00:00,127.32,0.635,0.63,0.64,0.36,0.35,0.37,,,,
2026-01-06 03:17:08.221000+00:00,2026-01-06 03:17:08.323889+00:00,128.221,0.645,0.64,0.65,0.365,0.36,0.37,,,,
2026-01-06 03:17:09.405000+00:00,2026-01-06 03:17:09.419924+00:00,129.405,0.635,0.63,0.64,0.365,0.36,0.37,,,,
2026-01-06 03:17:10.384000+00:00,2026-01-06 03:17:10.405723+00:00,130.384,0.635,0.63,0.64,0.365,0.36,0.37,,,,
2026-01-06 03:17:11.402000+00:00,2026-01-06 03:17:11.418962+00:00,131.402,0.655,0.65,0.66,0.345,0.34,0.35,,,,
2026-01-06 03:17:12.403000+00:00,2026-01-06 03:17:12.427697+00:00,132.403,0.645,0.64,0.65,0.355,0.35,0.36,,,,
2026-01-06 03:17:13.039000+00:00,2026-01-06 03:17:13.465379+00:00,133.039,0.645,0.64,0.65,0.355,0.35,0.36,,,,
2026-01-06 03:17:14.324000+00:00,2026-01-06 03:17:14.455279+00:00,134.324,0.645,0.64,0.65,0.355,0.35,0.36,,,,
2026-01-06 03:17:15.671000+00:00,2026-01-06 03:17:15.691380+00:00,135.671,0.635,0.63,0.64,0.365,0.36,0.37,,,,
2026-01-06 03:17:16.714000+00:00,2026-01-06 03:17:16.718376+00:00,136.714,0.625,0.62,0.63,0.375,0.37,0.38,,,,
2026-01-06 03:17:17.705000+00:00,2026-01-06 03:17:17.741673+00:00,137.705,0.5700000000000001,0.56,0.58,0.43,0.42,0.44,,,,
2026-01-06 03:17:18.705000+00:00,2026-01-06 03:17:18.756769+00:00,138.705,0.5700000000000001,0.56,0.58,0.43,0.42,0.44,,,,
2026-01-06 03:17:19.732000+00:00,2026-01-06 03:17:19.765684+00:00,139.732,0.5700000000000001,0.56,0.58,0.43,0.42,0.44,,,,
2026-01-06 03:17:21.370000+00:00,2026-01-06 03:17:21.392736+00:00,141.37,0.565,0.56,0.57,0.435,0.43,0.44,,,,
2026-01-06 03:17:22.428000+00:00,2026-01-06 03:17:22.427309+00:00,142.428,0.56,0.55,0.57,0.44,0.43,0.45,,,,
2026-01-06 03:17:23.341000+00:00,2026-01-06 03:17:23.441161+00:00,143.341,0.56,0.55,0.57,0.44,0.43,0.45,,,,
2026-01-06 03:17:24.894000+00:00,2026-01-06 03:17:24.890670+00:00,144.894,0.565,0.56,0.57,0.435,0.43,0.44,,,,
2026-01-06 03:17:25.881000+00:00,2026-01-06 03:17:25.899401+00:00,145.881,0.565,0.56,0.57,0.435,0.43,0.44,,,,
2026-01-06 03:17:26.910000+00:00,2026-01-06 03:17:26.923549+00:00,146.91,0.565,0.56,0.57,0.435,0.43,0.44,,,,
2026-01-06 03:17:27.867000+00:00,2026-01-06 03:17:27.924773+00:00,147.867,0.565,0.56,0.57,0.435,0.43,0.44,,,,
2026-01-06 03:17:29.309000+00:00,2026-01-06 03:17:29.334455+00:00,149.309,0.565,0.56,0.57,0.435,0.43,0.44,,,,
2026-01-06 03:17:30.144000+00:00,2026-01-06 03:17:30.335420+00:00,150.144,0.565,0.56,0.57,0.435,0.43,0.44,,,,
2026-01-06 03:17:32.872000+00:00,2026-01-06 03:17:32.905739+00:00,152.872,0.565,0.56,0.57,0.435,0.43,0.44,,,,
2026-01-06 03:17:33.907000+00:00,2026-01-06 03:17:33.923636+00:00,153.907,0.565,0.56,0.57,0.435,0.43,0.44,,,,
2026-01-06 03:17:34.818000+00:00,2026-01-06 03:17:34.935242+00:00,154.818,0.555,0.55,0.56,0.445,0.44,0.45,,,,
2026-01-06 03:17:35.918000+00:00,2026-01-06 03:17:35.955930+00:00,155.918,0.555,0.55,0.56,0.445,0.44,0.45,,,,
2026-01-06 03:17:37.887000+00:00,2026-01-06 03:17:37.950618+00:00,157.887,0.565,0.56,0.57,0.44,0.43,0.45,,,,
2026-01-06 03:17:39.415000+00:00,2026-01-06 03:17:39.457875+00:00,159.415,0.56,0.55,0.57,0.445,0.44,0.45,,,,
2026-01-06 03:17:40.828000+00:00,2026-01-06 03:17:40.922360+00:00,160.828,0.535,0.53,0.54,0.4649999999999999,0.46,0.47,,,,
2026-01-06 03:17:41.906000+00:00,2026-01-06 03:17:41.924851+00:00,161.906,0.545,0.54,0.55,0.455,0.45,0.46,,,,
2026-01-06 03:17:42.903000+00:00,2026-01-06 03:17:42.932636+00:00,162.903,0.535,0.53,0.54,0.4649999999999999,0.46,0.47,,,,
2026-01-06 03:17:43.890000+00:00,2026-01-06 03:17:43.941370+00:00,163.89,0.54,0.53,0.55,0.455,0.45,0.46,,,,
2026-01-06 03:17:45.504000+00:00,2026-01-06 03:17:45.526342+00:00,165.504,0.565,0.56,0.57,0.435,0.43,0.44,,,,
2026-01-06 03:17:46.534000+00:00,2026-01-06 03:17:46.539923+00:00,166.534,0.565,0.56,0.57,0.435,0.43,0.44,,,,
2026-01-06 03:17:47.542000+00:00,2026-01-06 03:17:47.554057+00:00,167.542,0.545,0.54,0.55,0.455,0.45,0.46,,,,
2026-01-06 03:17:48.631000+00:00,2026-01-06 03:17:48.658779+00:00,168.631,0.535,0.53,0.54,0.4649999999999999,0.46,0.47,,,,
2026-01-06 03:17:49.511000+00:00,2026-01-06 03:17:49.697525+00:00,169.511,0.54,0.53,0.55,0.4599999999999999,0.45,0.47,,,,
2026-01-06 03:17:51.334000+00:00,2026-01-06 03:17:51.361357+00:00,171.334,0.535,0.53,0.54,0.4599999999999999,0.45,0.47,,,,
2026-01-06 03:17:52.387000+00:00,2026-01-06 03:17:52.403848+00:00,172.387,0.555,0.55,0.56,0.445,0.44,0.45,,,,
2026-01-06 03:17:54.419000+00:00,2026-01-06 03:17:54.437409+00:00,174.419,0.555,0.55,0.56,0.445,0.44,0.45,,,,
2026-01-06 03:17:56.088000+00:00,2026-01-06 03:17:56.102019+00:00,176.088,0.56,0.55,0.57,0.445,0.44,0.45,,,,
2026-01-06 03:17:57.005000+00:00,2026-01-06 03:17:57.110951+00:00,177.005,0.55,0.54,0.56,0.445,0.44,0.45,,,,
2026-01-06 03:17:58.124000+00:00,2026-01-06 03:17:58.129033+00:00,178.124,0.555,0.55,0.56,0.455,0.45,0.46,,,,
2026-01-06 03:17:59.581000+00:00,2026-01-06 03:17:59.657904+00:00,179.581,0.545,0.54,0.55,0.455,0.45,0.46,,,,
2026-01-06 03:18:01.120000+00:00,2026-01-06 03:18:01.135410+00:00,181.12,0.545,0.54,0.55,0.445,0.43,0.46,,,,
2026-01-06 03:18:02.134000+00:00,2026-01-06 03:18:02.139383+00:00,182.134,0.585,0.58,0.59,0.415,0.41,0.42,,,,
2026-01-06 03:18:03.123000+00:00,2026-01-06 03:18:03.137905+00:00,183.123,0.585,0.58,0.59,0.415,0.41,0.42,,,,
2026-01-06 03:18:04.173000+00:00,2026-01-06 03:18:04.207323+00:00,184.173,0.585,0.58,0.59,0.415,0.41,0.42,,,,
2026-01-06 03:18:06.042000+00:00,2026-01-06 03:18:06.058397+00:00,186.042,0.58,0.57,0.59,0.42,0.41,0.43,,,,
2026-01-06 03:18:07.803000+00:00,2026-01-06 03:18:07.746074+00:00,187.803,0.545,0.54,0.55,0.455,0.45,0.46,,,,
2026-01-06 03:18:08.917000+00:00,2026-01-06 03:18:08.933636+00:00,188.917,0.575,0.57,0.58,0.415,0.41,0.42,,,,
2026-01-06 03:18:11.100000+00:00,2026-01-06 03:18:11.123457+00:00,191.1,0.565,0.56,0.57,0.435,0.43,0.44,,,,
2026-01-06 03:18:12.119000+00:00,2026-01-06 03:18:12.125230+00:00,192.119,0.565,0.56,0.57,0.44,0.43,0.45,,,,
2026-01-06 03:18:13.060000+00:00,2026-01-06 03:18:13.123186+00:00,193.06,0.53,0.52,0.54,0.47,0.46,0.48,,,,
2026-01-06 03:18:14.266000+00:00,2026-01-06 03:18:14.355226+00:00,194.266,0.535,0.53,0.54,0.4649999999999999,0.46,0.47,,,,
2026-01-06 03:18:15.379000+00:00,2026-01-06 03:18:15.389963+00:00,195.379,0.535,0.53,0.54,0.4649999999999999,0.46,0.47,,,,
2026-01-06 03:18:16.591000+00:00,2026-01-06 03:18:16.710183+00:00,196.591,0.535,0.53,0.54,0.4649999999999999,0.46,0.47,,,,
2026-01-06 03:18:17.738000+00:00,2026-01-06 03:18:17.710650+00:00,197.738,0.535,0.53,0.54,0.4649999999999999,0.46,0.47,,,,
2026-01-06 03:18:18.728000+00:00,2026-01-06 03:18:18.814560+00:00,198.728,0.535,0.53,0.54,0.4649999999999999,0.46,0.47,,,,
2026-01-06 03:18:20.353000+00:00,2026-01-06 03:18:20.404942+00:00,200.353,0.535,0.53,0.54,0.4649999999999999,0.46,0.47,,,,
2026-01-06 03:18:21.534000+00:00,2026-01-06 03:18:21.761659+00:00,201.534,0.545,0.54,0.55,0.455,0.45,0.46,,,,
2026-01-06 03:18:22.737000+00:00,2026-01-06 03:18:22.751458+00:00,202.737,0.535,0.53,0.54,0.4649999999999999,0.46,0.47,,,,
2026-01-06 03:18:23.955000+00:00,2026-01-06 03:18:23.907587+00:00,203.955,0.545,0.54,0.55,0.455,0.45,0.46,,,,
2026-01-06 03:18:25.022000+00:00,2026-01-06 03:18:25.030598+00:00,205.022,0.565,0.56,0.57,0.435,0.43,0.44,,,,
2026-01-06 03:18:26.028000+00:00,2026-01-06 03:18:26.038934+00:00,206.028,0.535,0.53,0.54,0.4649999999999999,0.46,0.47,,,,
2026-01-06 03:18:27.017000+00:00,2026-01-06 03:18:27.032697+00:00,207.017,0.535,0.53,0.54,0.4649999999999999,0.46,0.47,,,,
2026-01-06 03:18:28.249000+00:00,2026-01-06 03:18:28.255348+00:00,208.249,0.54,0.53,0.55,0.4599999999999999,0.45,0.47,,,,
2026-01-06 03:18:29.279000+00:00,2026-01-06 03:18:29.272916+00:00,209.279,0.54,0.53,0.55,0.4599999999999999,0.45,0.47,,,,
2026-01-06 03:18:30.623000+00:00,2026-01-06 03:18:30.645918+00:00,210.623,0.525,0.52,0.53,0.475,0.47,0.48,,,,
2026-01-06 03:18:31.788000+00:00,2026-01-06 03:18:31.810894+00:00,211.788,0.525,0.52,0.53,0.475,0.47,0.48,,,,
2026-01-06 03:18:32.795000+00:00,2026-01-06 03:18:32.806287+00:00,212.795,0.565,0.56,0.57,0.435,0.43,0.44,,,,
2026-01-06 03:18:33.790000+00:00,2026-01-06 03:18:33.803059+00:00,213.79,0.565,0.56,0.57,0.45,0.44,0.46,,,,
2026-01-06 03:18:34.742000+00:00,2026-01-06 03:18:34.809314+00:00,214.742,0.545,0.54,0.55,0.455,0.45,0.46,,,,
2026-01-06 03:18:35.785000+00:00,2026-01-06 03:18:35.806253+00:00,215.785,0.545,0.54,0.55,0.455,0.45,0.46,,,,
2026-01-06 03:18:36.919000+00:00,2026-01-06 03:18:36.940117+00:00,216.919,0.535,0.53,0.54,0.4649999999999999,0.46,0.47,,,,
2026-01-06 03:18:37.913000+00:00,2026-01-06 03:18:37.948104+00:00,217.913,0.52,0.51,0.53,0.475,0.47,0.48,,,,
2026-01-06 03:18:38.912000+00:00,2026-01-06 03:18:38.956049+00:00,218.912,0.515,0.51,0.52,0.485,0.48,0.49,,,,
2026-01-06 03:18:39.764000+00:00,2026-01-06 03:18:39.975860+00:00,219.764,0.515,0.51,0.52,0.485,0.48,0.49,,,,
2026-01-06 03:18:40.902000+00:00,2026-01-06 03:18:40.973277+00:00,220.902,0.52,0.51,0.53,0.48,0.47,0.49,,,,
2026-01-06 03:18:41.850000+00:00,2026-01-06 03:18:42.031379+00:00,221.85,0.52,0.51,0.53,0.48,0.47,0.49,,,,
2026-01-06 03:18:43.005000+00:00,2026-01-06 03:18:43.040667+00:00,223.005,0.52,0.51,0.53,0.48,0.47,0.49,,,,
2026-01-06 03:18:44.043000+00:00,2026-01-06 03:18:44.058508+00:00,224.043,0.52,0.51,0.53,0.48,0.47,0.49,,,,
2026-01-06 03:18:45.267000+00:00,2026-01-06 03:18:45.285381+00:00,225.267,0.52,0.51,0.53,0.48,0.47,0.49,,,,
2026-01-06 03:18:46.004000+00:00,2026-01-06 03:18:46.401395+00:00,226.004,0.52,0.51,0.53,0.48,0.47,0.49,,,,
2026-01-06 03:18:47.380000+00:00,2026-01-06 03:18:47.398765+00:00,227.38,0.52,0.51,0.53,0.48,0.47,0.49,,,,
2026-01-06 03:18:48.177000+00:00,2026-01-06 03:18:48.400408+00:00,228.177,0.52,0.51,0.53,0.48,0.47,0.49,,,,
2026-01-06 03:18:49.374000+00:00,2026-01-06 03:18:49.413080+00:00,229.374,0.52,0.51,0.53,0.48,0.47,0.49,,,,
2026-01-06 03:18:50.336000+00:00,2026-01-06 03:18:50.404551+00:00,230.336,0.515,0.51,0.52,0.485,0.48,0.49,,,,
2026-01-06 03:18:51.336000+00:00,2026-01-06 03:18:51.411215+00:00,231.336,0.515,0.51,0.52,0.485,0.48,0.49,,,,
2026-01-06 03:18:52.783000+00:00,2026-01-06 03:18:52.788450+00:00,232.783,0.515,0.51,0.52,0.485,0.48,0.49,,,,
2026-01-06 03:18:53.615000+00:00,2026-01-06 03:18:53.762230+00:00,233.615,0.515,0.51,0.52,0.485,0.48,0.49,,,,
2026-01-06 03:18:54.765000+00:00,2026-01-06 03:18:54.781382+00:00,234.765,0.515,0.51,0.52,0.485,0.48,0.49,,,,
2026-01-06 03:18:55.612000+00:00,2026-01-06 03:18:55.780936+00:00,235.612,0.52,0.51,0.53,0.48,0.47,0.49,,,,
2026-01-06 03:18:56.800000+00:00,2026-01-06 03:18:56.836001+00:00,236.8,0.52,0.51,0.53,0.48,0.47,0.49,,,,
2026-01-06 03:18:58.358000+00:00,2026-01-06 03:18:58.368375+00:00,238.358,0.525,0.52,0.53,0.475,0.47,0.48,,,,
2026-01-06 03:18:59.343000+00:00,2026-01-06 03:18:59.373844+00:00,239.343,0.525,0.52,0.53,0.475,0.47,0.48,,,,
2026-01-06 03:19:00.150000+00:00,2026-01-06 03:19:00.385260+00:00,240.15,0.525,0.52,0.53,0.475,0.47,0.48,,,,
2026-01-06 03:19:01.332000+00:00,2026-01-06 03:19:01.388608+00:00,241.332,0.525,0.52,0.53,0.475,0.47,0.48,,,,
2026-01-06 03:19:02.370000+00:00,2026-01-06 03:19:02.387243+00:00,242.37,0.53,0.52,0.54,0.4649999999999999,0.46,0.47,,,,
2026-01-06 03:19:03.463000+00:00,2026-01-06 03:19:03.463537+00:00,243.463,0.555,0.55,0.56,0.445,0.44,0.45,,,,
2026-01-06 03:19:04.822000+00:00,2026-01-06 03:19:04.960820+00:00,244.822,0.555,0.55,0.56,0.445,0.44,0.45,,,,
2026-01-06 03:19:05.895000+00:00,2026-01-06 03:19:05.971412+00:00,245.895,0.54,0.53,0.55,0.4599999999999999,0.45,0.47,,,,
2026-01-06 03:19:06.949000+00:00,2026-01-06 03:19:06.972666+00:00,246.949,0.54,0.53,0.55,0.4599999999999999,0.45,0.47,,,,
2026-01-06 03:19:07.646000+00:00,2026-01-06 03:19:07.979728+00:00,247.646,0.54,0.53,0.55,0.4599999999999999,0.45,0.47,,,,
2026-01-06 03:19:08.739000+00:00,2026-01-06 03:19:08.985677+00:00,248.739,0.54,0.53,0.55,0.4599999999999999,0.45,0.47,,,,
2026-01-06 03:19:10.315000+00:00,2026-01-06 03:19:10.472267+00:00,250.315,0.535,0.53,0.54,0.4599999999999999,0.45,0.47,,,,
2026-01-06 03:19:11.462000+00:00,2026-01-06 03:19:11.487138+00:00,251.462,0.545,0.54,0.55,0.455,0.45,0.46,,,,
2026-01-06 03:19:12.871000+00:00,2026-01-06 03:19:12.902433+00:00,252.871,0.55,0.54,0.56,0.45,0.44,0.46,,,,
2026-01-06 03:19:13.998000+00:00,2026-01-06 03:19:14.015772+00:00,253.998,0.56,0.55,0.57,0.445,0.44,0.45,,,,
2026-01-06 03:19:15.001000+00:00,2026-01-06 03:19:15.024227+00:00,255.001,0.555,0.55,0.56,0.445,0.44,0.45,,,,
2026-01-06 03:19:16.955000+00:00,2026-01-06 03:19:17.054143+00:00,256.955,0.595,0.59,0.6,0.405,0.4,0.41,,,,
2026-01-06 03:19:18.407000+00:00,2026-01-06 03:19:18.447335+00:00,258.407,0.595,0.59,0.6,0.405,0.4,0.41,,,,
2026-01-06 03:19:19.344000+00:00,2026-01-06 03:19:19.448601+00:00,259.344,0.595,0.59,0.6,0.405,0.4,0.41,,,,
2026-01-06 03:19:20.350000+00:00,2026-01-06 03:19:20.451381+00:00,260.35,0.595,0.59,0.6,0.405,0.4,0.41,,,,
2026-01-06 03:19:21.402000+00:00,2026-01-06 03:19:21.471533+00:00,261.402,0.595,0.59,0.6,0.405,0.4,0.41,,,,
2026-01-06 03:19:22.460000+00:00,2026-01-06 03:19:22.479516+00:00,262.46,0.595,0.59,0.6,0.405,0.4,0.41,,,,
2026-01-06 03:19:23.468000+00:00,2026-01-06 03:19:23.486825+00:00,263.468,0.595,0.59,0.6,0.385,0.38,0.39,,,,
2026-01-06 03:19:24.568000+00:00,2026-01-06 03:19:24.641061+00:00,264.568,0.615,0.61,0.62,0.385,0.38,0.39,,,,
2026-01-06 03:19:26.340000+00:00,2026-01-06 03:19:26.353236+00:00,266.34,0.62,0.61,0.63,0.38,0.37,0.39,,,,
2026-01-06 03:19:27.585000+00:00,2026-01-06 03:19:27.621200+00:00,267.585,0.615,0.61,0.62,0.385,0.38,0.39,,,,
2026-01-06 03:19:28.603000+00:00,2026-01-06 03:19:28.631589+00:00,268.603,0.605,0.6,0.61,0.395,0.39,0.4,,,,
2026-01-06 03:19:29.612000+00:00,2026-01-06 03:19:29.638496+00:00,269.612,0.605,0.6,0.61,0.395,0.39,0.4,,,,
2026-01-06 03:19:30.624000+00:00,2026-01-06 03:19:30.643167+00:00,270.624,0.605,0.6,0.61,0.395,0.39,0.4,,,,
2026-01-06 03:19:31.697000+00:00,2026-01-06 03:19:31.778343+00:00,271.697,0.605,0.6,0.61,0.395,0.39,0.4,,,,
2026-01-06 03:19:32.749000+00:00,2026-01-06 03:19:32.772606+00:00,272.749,0.605,0.6,0.61,0.395,0.39,0.4,,,,
2026-01-06 03:19:33.585000+00:00,2026-01-06 03:19:33.832971+00:00,273.585,0.605,0.6,0.61,0.395,0.39,0.4,,,,
2026-01-06 03:19:34.833000+00:00,2026-01-06 03:19:35.000765+00:00,274.833,0.605,0.6,0.61,0.395,0.39,0.4,,,,
2026-01-06 03:19:35.963000+00:00,2026-01-06 03:19:36.052675+00:00,275.963,0.605,0.6,0.61,0.395,0.39,0.4,,,,
2026-01-06 03:19:37.039000+00:00,2026-01-06 03:19:37.057751+00:00,277.039,0.605,0.6,0.61,0.39,0.38,0.4,,,,
2026-01-06 03:19:38.003000+00:00,2026-01-06 03:19:38.059162+00:00,278.003,0.625,0.62,0.63,0.375,0.37,0.38,,,,
2026-01-06 03:19:39.175000+00:00,2026-01-06 03:19:39.184915+00:00,279.175,0.635,0.63,0.64,0.365,0.36,0.37,,,,
2026-01-06 03:19:40.360000+00:00,2026-01-06 03:19:40.373593+00:00,280.36,0.64,0.63,0.65,0.36,0.35,0.37,,,,
2026-01-06 03:19:41.412000+00:00,2026-01-06 03:19:41.512830+00:00,281.412,0.64,0.63,0.65,0.36,0.35,0.37,,,,
2026-01-06 03:19:43+00:00,2026-01-06 03:19:43.097180+00:00,283.0,0.645,0.64,0.65,0.355,0.35,0.36,,,,
2026-01-06 03:19:44.002000+00:00,2026-01-06 03:19:44.101349+00:00,284.002,0.64,0.63,0.65,0.36,0.35,0.37,,,,
2026-01-06 03:19:45.003000+00:00,2026-01-06 03:19:45.096324+00:00,285.003,0.64,0.63,0.65,0.36,0.35,0.37,,,,
2026-01-06 03:19:46.094000+00:00,2026-01-06 03:19:46.145805+00:00,286.094,0.635,0.63,0.64,0.365,0.36,0.37,,,,
2026-01-06 03:19:47.023000+00:00,2026-01-06 03:19:47.146462+00:00,287.023,0.635,0.63,0.64,0.365,0.36,0.37,,,,
2026-01-06 03:19:48.273000+00:00,2026-01-06 03:19:48.297792+00:00,288.273,0.635,0.63,0.64,0.385,0.38,0.39,,,,
2026-01-06 03:19:49.255000+00:00,2026-01-06 03:19:49.300631+00:00,289.255,0.575,0.57,0.58,0.425,0.42,0.43,,,,
2026-01-06 03:19:50.255000+00:00,2026-01-06 03:19:50.310623+00:00,290.255,0.575,0.57,0.58,0.425,0.42,0.43,,,,
2026-01-06 03:19:51.289000+00:00,2026-01-06 03:19:51.313858+00:00,291.289,0.575,0.57,0.58,0.425,0.42,0.43,,,,
2026-01-06 03:19:52.302000+00:00,2026-01-06 03:19:52.323983+00:00,292.302,0.575,0.57,0.58,0.425,0.42,0.43,,,,
2026-01-06 03:19:53.665000+00:00,2026-01-06 03:19:53.721454+00:00,293.665,0.585,0.58,0.59,0.415,0.41,0.42,,,,
2026-01-06 03:19:55.219000+00:00,2026-01-06 03:19:55.288074+00:00,295.219,0.585,0.58,0.59,0.415,0.41,0.42,,,,
2026-01-06 03:19:56.214000+00:00,2026-01-06 03:19:56.408340+00:00,296.214,0.595,0.59,0.6,0.405,0.4,0.41,,,,
2026-01-06 03:19:57.392000+00:00,2026-01-06 03:19:57.416121+00:00,297.392,0.605,0.6,0.61,0.385,0.38,0.39,,,,
2026-01-06 03:19:58.401000+00:00,2026-01-06 03:19:58.431250+00:00,298.401,0.615,0.61,0.62,0.385,0.38,0.39,,,,
2026-01-06 03:19:59.021000+00:00,2026-01-06 03:19:59.436351+00:00,299.021,0.615,0.61,0.62,0.385,0.38,0.39,,,,
2026-01-06 03:20:00.602000+00:00,2026-01-06 03:20:00.645387+00:00,300.602,0.615,0.61,0.62,0.385,0.38,0.39,,,,
2026-01-06 03:20:02.866000+00:00,2026-01-06 03:20:02.818692+00:00,302.866,0.58,0.57,0.59,0.4649999999999999,0.46,0.47,,,,
2026-01-06 03:20:04.110000+00:00,2026-01-06 03:20:04.120077+00:00,304.11,0.515,0.51,0.52,0.48,0.47,0.49,,,,
2026-01-06 03:20:05.092000+00:00,2026-01-06 03:20:05.128516+00:00,305.092,0.525,0.52,0.53,0.475,0.47,0.48,,,,
2026-01-06 03:20:06.112000+00:00,2026-01-06 03:20:06.132580+00:00,306.112,0.515,0.51,0.52,0.485,0.48,0.49,,,,
2026-01-06 03:20:07.763000+00:00,2026-01-06 03:20:07.780228+00:00,307.763,0.525,0.52,0.53,0.475,0.47,0.48,,,,
2026-01-06 03:20:08.788000+00:00,2026-01-06 03:20:08.797116+00:00,308.788,0.53,0.52,0.54,0.47,0.46,0.48,,,,
2026-01-06 03:20:09.769000+00:00,2026-01-06 03:20:09.792143+00:00,309.769,0.53,0.52,0.54,0.475,0.47,0.48,,,,
2026-01-06 03:20:10.783000+00:00,2026-01-06 03:20:10.815488+00:00,310.783,0.525,0.52,0.53,0.475,0.47,0.48,,,,
2026-01-06 03:20:11.992000+00:00,2026-01-06 03:20:12.016827+00:00,311.992,0.525,0.52,0.53,0.47,0.46,0.48,,,,
2026-01-06 03:20:13.970000+00:00,2026-01-06 03:20:14.029680+00:00,313.97,0.535,0.53,0.54,0.4649999999999999,0.46,0.47,,,,
2026-01-06 03:20:15.041000+00:00,2026-01-06 03:20:15.166856+00:00,315.041,0.535,0.53,0.54,0.4649999999999999,0.46,0.47,,,,
2026-01-06 03:20:16.163000+00:00,2026-01-06 03:20:16.173801+00:00,316.163,0.535,0.53,0.54,0.4649999999999999,0.46,0.47,,,,
2026-01-06 03:20:17.151000+00:00,2026-01-06 03:20:17.191829+00:00,317.151,0.535,0.53,0.54,0.4649999999999999,0.46,0.47,,,,
2026-01-06 03:20:18.190000+00:00,2026-01-06 03:20:18.205949+00:00,318.19,0.545,0.54,0.55,0.455,0.45,0.46,,,,
2026-01-06 03:20:19.190000+00:00,2026-01-06 03:20:19.219218+00:00,319.19,0.545,0.54,0.55,0.455,0.45,0.46,,,,
2026-01-06 03:20:20.192000+00:00,2026-01-06 03:20:20.225649+00:00,320.192,0.545,0.54,0.55,0.455,0.45,0.46,,,,
2026-01-06 03:20:21.202000+00:00,2026-01-06 03:20:21.239634+00:00,321.202,0.535,0.53,0.54,0.4649999999999999,0.46,0.47,,,,
2026-01-06 03:20:22.045000+00:00,2026-01-06 03:20:22.235003+00:00,322.045,0.535,0.53,0.54,0.4649999999999999,0.46,0.47,,,,
2026-01-06 03:20:23.759000+00:00,2026-01-06 03:20:23.813176+00:00,323.759,0.535,0.53,0.54,0.4649999999999999,0.46,0.47,,,,
2026-01-06 03:20:24.823000+00:00,2026-01-06 03:20:24.832392+00:00,324.823,0.545,0.54,0.55,0.455,0.45,0.46,,,,
2026-01-06 03:20:26.281000+00:00,2026-01-06 03:20:26.299005+00:00,326.281,0.615,0.61,0.62,0.385,0.38,0.39,,,,
2026-01-06 03:20:27.282000+00:00,2026-01-06 03:20:27.296903+00:00,327.282,0.625,0.62,0.63,0.375,0.37,0.38,,,,
2026-01-06 03:20:28.294000+00:00,2026-01-06 03:20:28.307561+00:00,328.294,0.635,0.63,0.64,0.365,0.36,0.37,,,,
2026-01-06 03:20:29.277000+00:00,2026-01-06 03:20:29.331046+00:00,329.277,0.635,0.63,0.64,0.365,0.36,0.37,,,,
2026-01-06 03:20:30.693000+00:00,2026-01-06 03:20:30.780423+00:00,330.693,0.635,0.63,0.64,0.365,0.36,0.37,,,,
2026-01-06 03:20:31.922000+00:00,2026-01-06 03:20:31.944595+00:00,331.922,0.64,0.63,0.65,0.36,0.35,0.37,,,,
2026-01-06 03:20:33.129000+00:00,2026-01-06 03:20:33.149185+00:00,333.129,0.655,0.65,0.66,0.345,0.34,0.35,,,,
2026-01-06 03:20:34.134000+00:00,2026-01-06 03:20:34.162013+00:00,334.134,0.655,0.65,0.66,0.345,0.34,0.35,,,,
2026-01-06 03:20:35.144000+00:00,2026-01-06 03:20:35.169802+00:00,335.144,0.65,0.64,0.66,0.35,0.34,0.36,,,,
2026-01-06 03:20:36.219000+00:00,2026-01-06 03:20:36.276285+00:00,336.219,0.65,0.64,0.66,0.35,0.34,0.36,,,,
2026-01-06 03:20:37.288000+00:00,2026-01-06 03:20:37.280081+00:00,337.288,0.655,0.65,0.66,0.345,0.34,0.35,,,,
2026-01-06 03:20:38.459000+00:00,2026-01-06 03:20:38.474609+00:00,338.459,0.655,0.65,0.66,0.345,0.34,0.35,,,,
2026-01-06 03:20:39.464000+00:00,2026-01-06 03:20:39.468730+00:00,339.464,0.655,0.65,0.66,0.345,0.34,0.35,,,,
2026-01-06 03:20:40.411000+00:00,2026-01-06 03:20:40.494388+00:00,340.411,0.655,0.65,0.66,0.345,0.34,0.35,,,,
2026-01-06 03:20:41.401000+00:00,2026-01-06 03:20:41.492577+00:00,341.401,0.655,0.65,0.66,0.345,0.34,0.35,,,,
2026-01-06 03:20:42.465000+00:00,2026-01-06 03:20:42.498128+00:00,342.465,0.655,0.65,0.66,0.345,0.34,0.35,,,,
2026-01-06 03:20:43.460000+00:00,2026-01-06 03:20:43.550606+00:00,343.46,0.655,0.65,0.66,0.345,0.34,0.35,,,,
2026-01-06 03:20:44.565000+00:00,2026-01-06 03:20:44.578431+00:00,344.565,0.665,0.66,0.67,0.335,0.33,0.34,,,,
2026-01-06 03:20:45.630000+00:00,2026-01-06 03:20:45.758654+00:00,345.63,0.685,0.68,0.69,0.315,0.31,0.32,,,,
2026-01-06 03:20:46.737000+00:00,2026-01-06 03:20:46.748885+00:00,346.737,0.695,0.69,0.7,0.295,0.29,0.3,,,,
2026-01-06 03:20:47.560000+00:00,2026-01-06 03:20:47.735564+00:00,347.56,0.705,0.7,0.71,0.295,0.29,0.3,,,,
2026-01-06 03:20:48.642000+00:00,2026-01-06 03:20:48.742828+00:00,348.642,0.695,0.69,0.7,0.305,0.3,0.31,,,,
2026-01-06 03:20:49.738000+00:00,2026-01-06 03:20:49.754035+00:00,349.738,0.695,0.69,0.7,0.305,0.3,0.31,,,,
2026-01-06 03:20:51.067000+00:00,2026-01-06 03:20:51.212018+00:00,351.067,0.695,0.69,0.7,0.305,0.3,0.31,,,,
2026-01-06 03:20:52.636000+00:00,2026-01-06 03:20:52.646572+00:00,352.636,0.695,0.69,0.7,0.305,0.3,0.31,,,,
2026-01-06 03:20:53.645000+00:00,2026-01-06 03:20:53.658121+00:00,353.645,0.695,0.69,0.7,0.305,0.3,0.31,,,,
2026-01-06 03:20:54.640000+00:00,2026-01-06 03:20:54.667412+00:00,354.64,0.695,0.69,0.7,0.305,0.3,0.31,,,,
2026-01-06 03:20:55.589000+00:00,2026-01-06 03:20:55.685875+00:00,355.589,0.685,0.68,0.69,0.31,0.3,0.32,,,,
2026-01-06 03:20:56.652000+00:00,2026-01-06 03:20:56.702038+00:00,356.652,0.695,0.69,0.7,0.305,0.3,0.31,,,,
2026-01-06 03:20:57.750000+00:00,2026-01-06 03:20:57.929569+00:00,357.75,0.695,0.69,0.7,0.305,0.3,0.31,,,,
2026-01-06 03:20:58.763000+00:00,2026-01-06 03:20:59.363289+00:00,358.763,0.695,0.69,0.7,0.3,0.29,0.31,,,,
2026-01-06 03:21:01.258000+00:00,2026-01-06 03:21:01.408032+00:00,361.258,0.705,0.7,0.71,0.295,0.29,0.3,,,,
2026-01-06 03:21:02.348000+00:00,2026-01-06 03:21:02.401619+00:00,362.348,0.695,0.69,0.7,0.305,0.3,0.31,,,,
2026-01-06 03:21:03.440000+00:00,2026-01-06 03:21:03.406864+00:00,363.44,0.705,0.7,0.71,0.285,0.28,0.29,,,,
2026-01-06 03:21:04.372000+00:00,2026-01-06 03:21:04.417656+00:00,364.372,0.715,0.71,0.72,0.285,0.28,0.29,,,,
2026-01-06 03:21:05.549000+00:00,2026-01-06 03:21:05.572181+00:00,365.549,0.705,0.7,0.71,0.305,0.3,0.31,,,,
2026-01-06 03:21:06.598000+00:00,2026-01-06 03:21:06.598591+00:00,366.598,0.715,0.71,0.72,0.285,0.28,0.29,,,,
2026-01-06 03:21:07.647000+00:00,2026-01-06 03:21:07.662997+00:00,367.647,0.745,0.74,0.75,0.265,0.26,0.27,,,,
2026-01-06 03:21:08.667000+00:00,2026-01-06 03:21:08.680354+00:00,368.667,0.715,0.71,0.72,0.285,0.28,0.29,,,,
2026-01-06 03:21:10.388000+00:00,2026-01-06 03:21:10.414435+00:00,370.388,0.705,0.7,0.71,0.295,0.29,0.3,,,,
2026-01-06 03:21:11.417000+00:00,2026-01-06 03:21:11.427349+00:00,371.417,0.705,0.7,0.71,0.295,0.29,0.3,,,,
2026-01-06 03:21:12.400000+00:00,2026-01-06 03:21:12.434575+00:00,372.4,0.705,0.7,0.71,0.295,0.29,0.3,,,,
2026-01-06 03:21:13.453000+00:00,2026-01-06 03:21:13.766833+00:00,373.453,0.705,0.7,0.71,0.295,0.29,0.3,,,,
2026-01-06 03:21:14.690000+00:00,2026-01-06 03:21:14.776463+00:00,374.69,0.705,0.7,0.71,0.295,0.29,0.3,,,,
2026-01-06 03:21:15.711000+00:00,2026-01-06 03:21:15.786221+00:00,375.711,0.705,0.7,0.71,0.295,0.29,0.3,,,,
2026-01-06 03:21:16.754000+00:00,2026-01-06 03:21:16.798554+00:00,376.754,0.705,0.7,0.71,0.295,0.29,0.3,,,,
2026-01-06 03:21:17.794000+00:00,2026-01-06 03:21:17.808711+00:00,377.794,0.705,0.7,0.71,0.295,0.29,0.3,,,,
2026-01-06 03:21:19.006000+00:00,2026-01-06 03:21:19.133530+00:00,379.006,0.695,0.69,0.7,0.305,0.3,0.31,,,,
2026-01-06 03:21:20.225000+00:00,2026-01-06 03:21:20.330635+00:00,380.225,0.695,0.69,0.7,0.305,0.3,0.31,,,,
2026-01-06 03:21:21.098000+00:00,2026-01-06 03:21:21.352285+00:00,381.098,0.695,0.69,0.7,0.305,0.3,0.31,,,,
2026-01-06 03:21:22.198000+00:00,2026-01-06 03:21:22.346714+00:00,382.198,0.695,0.69,0.7,0.305,0.3,0.31,,,,
2026-01-06 03:21:23.319000+00:00,2026-01-06 03:21:23.357043+00:00,383.319,0.695,0.69,0.7,0.305,0.3,0.31,,,,
2026-01-06 03:21:24.337000+00:00,2026-01-06 03:21:24.515482+00:00,384.337,0.695,0.69,0.7,0.305,0.3,0.31,,,,
2026-01-06 03:21:25.648000+00:00,2026-01-06 03:21:25.896024+00:00,385.648,0.695,0.69,0.7,0.305,0.3,0.31,,,,
2026-01-06 03:21:27.020000+00:00,2026-01-06 03:21:27.049073+00:00,387.02,0.675,0.67,0.68,0.325,0.32,0.33,,,,
2026-01-06 03:21:28.069000+00:00,2026-01-06 03:21:28.075923+00:00,388.069,0.63,0.62,0.64,0.375,0.37,0.38,,,,
2026-01-06 03:21:29.270000+00:00,2026-01-06 03:21:29.286624+00:00,389.27,0.565,0.56,0.57,0.4649999999999999,0.46,0.47,,,,
2026-01-06 03:21:30.275000+00:00,2026-01-06 03:21:30.292130+00:00,390.275,0.515,0.51,0.52,0.485,0.48,0.49,,,,
2026-01-06 03:21:31.267000+00:00,2026-01-06 03:21:31.302690+00:00,391.267,0.505,0.5,0.51,0.495,0.49,0.5,,,,
2026-01-06 03:21:32.364000+00:00,2026-01-06 03:21:32.371606+00:00,392.364,0.505,0.5,0.51,0.515,0.51,0.52,,,,
2026-01-06 03:21:33.372000+00:00,2026-01-06 03:21:33.383105+00:00,393.372,0.435,0.43,0.44,0.5700000000000001,0.56,0.58,,,,
2026-01-06 03:21:34.385000+00:00,2026-01-06 03:21:34.399818+00:00,394.385,0.435,0.43,0.44,0.56,0.55,0.57,,,,
2026-01-06 03:21:35.352000+00:00,2026-01-06 03:21:35.415961+00:00,395.352,0.435,0.43,0.44,0.555,0.55,0.56,,,,
2026-01-06 03:21:36.270000+00:00,2026-01-06 03:21:36.431862+00:00,396.27,0.445,0.44,0.45,0.555,0.55,0.56,,,,
2026-01-06 03:21:37.312000+00:00,2026-01-06 03:21:37.439527+00:00,397.312,0.445,0.44,0.45,0.555,0.55,0.56,,,,
2026-01-06 03:21:38.431000+00:00,2026-01-06 03:21:38.445682+00:00,398.431,0.455,0.45,0.46,0.55,0.54,0.56,,,,
2026-01-06 03:21:39.376000+00:00,2026-01-06 03:21:39.444670+00:00,399.376,0.445,0.44,0.45,0.555,0.55,0.56,,,,
2026-01-06 03:21:40.360000+00:00,2026-01-06 03:21:40.444866+00:00,400.36,0.45,0.44,0.46,0.545,0.54,0.55,,,,
2026-01-06 03:21:41.430000+00:00,2026-01-06 03:21:41.456744+00:00,401.43,0.455,0.45,0.46,0.545,0.54,0.55,,,,
2026-01-06 03:21:42.694000+00:00,2026-01-06 03:21:42.756471+00:00,402.694,0.4599999999999999,0.45,0.47,0.545,0.54,0.55,,,,
2026-01-06 03:21:43.724000+00:00,2026-01-06 03:21:43.758554+00:00,403.724,0.45,0.44,0.46,0.55,0.54,0.56,,,,
2026-01-06 03:21:44.737000+00:00,2026-01-06 03:21:44.759845+00:00,404.737,0.47,0.46,0.48,0.535,0.53,0.54,,,,
2026-01-06 03:21:45.761000+00:00,2026-01-06 03:21:45.778056+00:00,405.761,0.4649999999999999,0.46,0.47,0.535,0.53,0.54,,,,
2026-01-06 03:21:46.804000+00:00,2026-01-06 03:21:46.810644+00:00,406.804,0.47,0.46,0.48,0.525,0.52,0.53,,,,
2026-01-06 03:21:48.387000+00:00,2026-01-06 03:21:48.415560+00:00,408.387,0.515,0.51,0.52,0.485,0.48,0.49,,,,
2026-01-06 03:21:49.409000+00:00,2026-01-06 03:21:49.415068+00:00,409.409,0.555,0.55,0.56,0.445,0.44,0.45,,,,
2026-01-06 03:21:51.444000+00:00,2026-01-06 03:21:51.456856+00:00,411.444,0.545,0.54,0.55,0.4649999999999999,0.46,0.47,,,,
2026-01-06 03:21:52.386000+00:00,2026-01-06 03:21:52.455835+00:00,412.386,0.525,0.52,0.53,0.475,0.47,0.48,,,,
2026-01-06 03:21:53.407000+00:00,2026-01-06 03:21:53.452876+00:00,413.407,0.525,0.52,0.53,0.475,0.47,0.48,,,,
2026-01-06 03:21:54.447000+00:00,2026-01-06 03:21:54.464190+00:00,414.447,0.515,0.51,0.52,0.485,0.48,0.49,,,,
2026-01-06 03:21:55.780000+00:00,2026-01-06 03:21:55.792703+00:00,415.78,0.485,0.48,0.49,0.515,0.51,0.52,,,,
2026-01-06 03:21:57.557000+00:00,2026-01-06 03:21:57.575816+00:00,417.557,0.485,0.48,0.49,0.515,0.51,0.52,,,,
2026-01-06 03:21:58.553000+00:00,2026-01-06 03:21:58.588519+00:00,418.553,0.49,0.48,0.5,0.505,0.5,0.51,,,,
2026-01-06 03:21:59.557000+00:00,2026-01-06 03:21:59.592335+00:00,419.557,0.495,0.49,0.5,0.495,0.49,0.5,,,,
2026-01-06 03:22:00.382000+00:00,2026-01-06 03:22:00.598535+00:00,420.382,0.505,0.5,0.51,0.495,0.49,0.5,,,,
2026-01-06 03:22:02.069000+00:00,2026-01-06 03:22:02.285857+00:00,422.069,0.525,0.52,0.53,0.475,0.47,0.48,,,,
2026-01-06 03:22:04.305000+00:00,2026-01-06 03:22:04.354825+00:00,424.305,0.525,0.52,0.53,0.475,0.47,0.48,,,,
2026-01-06 03:22:05.289000+00:00,2026-01-06 03:22:05.367090+00:00,425.289,0.525,0.52,0.53,0.47,0.46,0.48,,,,
2026-01-06 03:22:06.116000+00:00,2026-01-06 03:22:06.367797+00:00,426.116,0.53,0.52,0.54,0.47,0.46,0.48,,,,
2026-01-06 03:22:07.299000+00:00,2026-01-06 03:22:07.373304+00:00,427.299,0.53,0.52,0.54,0.47,0.46,0.48,,,,
2026-01-06 03:22:08.358000+00:00,2026-01-06 03:22:08.378206+00:00,428.358,0.555,0.55,0.56,0.44,0.43,0.45,,,,
2026-01-06 03:22:09.702000+00:00,2026-01-06 03:22:09.704803+00:00,429.702,0.605,0.6,0.61,0.385,0.38,0.39,,,,
2026-01-06 03:22:10.685000+00:00,2026-01-06 03:22:10.722313+00:00,430.685,0.615,0.61,0.62,0.385,0.38,0.39,,,,
2026-01-06 03:22:11.712000+00:00,2026-01-06 03:22:11.730592+00:00,431.712,0.635,0.63,0.64,0.355,0.35,0.36,,,,
2026-01-06 03:22:12.710000+00:00,2026-01-06 03:22:12.736397+00:00,432.71,0.65,0.64,0.66,0.35,0.34,0.36,,,,
2026-01-06 03:22:13.732000+00:00,2026-01-06 03:22:13.744342+00:00,433.732,0.645,0.64,0.65,0.36,0.35,0.37,,,,
2026-01-06 03:22:14.789000+00:00,2026-01-06 03:22:14.854728+00:00,434.789,0.645,0.64,0.65,0.355,0.35,0.36,,,,
2026-01-06 03:22:15.758000+00:00,2026-01-06 03:22:15.842127+00:00,435.758,0.645,0.64,0.65,0.355,0.35,0.36,,,,
2026-01-06 03:22:16.756000+00:00,2026-01-06 03:22:16.859169+00:00,436.756,0.645,0.64,0.65,0.355,0.35,0.36,,,,
2026-01-06 03:22:17.890000+00:00,2026-01-06 03:22:17.926152+00:00,437.89,0.645,0.64,0.65,0.355,0.35,0.36,,,,
2026-01-06 03:22:18.839000+00:00,2026-01-06 03:22:18.940628+00:00,438.839,0.645,0.64,0.65,0.355,0.35,0.36,,,,
2026-01-06 03:22:19.923000+00:00,2026-01-06 03:22:19.967614+00:00,439.923,0.64,0.63,0.65,0.36,0.35,0.37,,,,
2026-01-06 03:22:20.983000+00:00,2026-01-06 03:22:20.985092+00:00,440.983,0.625,0.62,0.63,0.375,0.37,0.38,,,,
2026-01-06 03:22:22.579000+00:00,2026-01-06 03:22:22.614981+00:00,442.579,0.55,0.54,0.56,0.45,0.44,0.46,,,,
2026-01-06 03:22:23.521000+00:00,2026-01-06 03:22:23.635005+00:00,443.521,0.55,0.54,0.56,0.455,0.45,0.46,,,,
2026-01-06 03:22:24.784000+00:00,2026-01-06 03:22:24.821433+00:00,444.784,0.55,0.54,0.56,0.45,0.44,0.46,,,,
2026-01-06 03:22:25.809000+00:00,2026-01-06 03:22:25.835444+00:00,445.809,0.55,0.54,0.56,0.45,0.44,0.46,,,,
2026-01-06 03:22:26.675000+00:00,2026-01-06 03:22:26.850096+00:00,446.675,0.555,0.55,0.56,0.445,0.44,0.45,,,,
2026-01-06 03:22:27.822000+00:00,2026-01-06 03:22:27.875246+00:00,447.822,0.55,0.54,0.56,0.45,0.44,0.46,,,,
2026-01-06 03:22:29.619000+00:00,2026-01-06 03:22:29.630023+00:00,449.619,0.545,0.54,0.55,0.455,0.45,0.46,,,,
2026-01-06 03:22:30.620000+00:00,2026-01-06 03:22:30.637122+00:00,450.62,0.545,0.54,0.55,0.485,0.48,0.49,,,,
2026-01-06 03:22:31.635000+00:00,2026-01-06 03:22:31.647432+00:00,451.635,0.51,0.5,0.52,0.485,0.48,0.49,,,,
2026-01-06 03:22:32.564000+00:00,2026-01-06 03:22:32.643277+00:00,452.564,0.51,0.5,0.52,0.495,0.49,0.5,,,,
2026-01-06 03:22:33.636000+00:00,2026-01-06 03:22:33.651874+00:00,453.636,0.51,0.5,0.52,0.485,0.48,0.49,,,,
2026-01-06 03:22:34.638000+00:00,2026-01-06 03:22:34.663088+00:00,454.638,0.525,0.52,0.53,0.475,0.47,0.48,,,,
2026-01-06 03:22:35.945000+00:00,2026-01-06 03:22:35.977746+00:00,455.945,0.525,0.52,0.53,0.475,0.47,0.48,,,,
2026-01-06 03:22:36.753000+00:00,2026-01-06 03:22:36.969214+00:00,456.753,0.52,0.51,0.53,0.48,0.47,0.49,,,,
2026-01-06 03:22:37.957000+00:00,2026-01-06 03:22:37.994652+00:00,457.957,0.515,0.51,0.52,0.485,0.48,0.49,,,,
2026-01-06 03:22:39.456000+00:00,2026-01-06 03:22:39.473267+00:00,459.456,0.515,0.51,0.52,0.485,0.48,0.49,,,,
2026-01-06 03:22:40.454000+00:00,2026-01-06 03:22:40.488795+00:00,460.454,0.52,0.51,0.53,0.48,0.47,0.49,,,,
2026-01-06 03:22:41.387000+00:00,2026-01-06 03:22:41.496723+00:00,461.387,0.515,0.51,0.52,0.485,0.48,0.49,,,,
2026-01-06 03:22:42.481000+00:00,2026-01-06 03:22:42.502373+00:00,462.481,0.515,0.51,0.52,0.485,0.48,0.49,,,,
2026-01-06 03:22:43.799000+00:00,2026-01-06 03:22:43.802083+00:00,463.799,0.515,0.51,0.52,0.485,0.48,0.49,,,,
2026-01-06 03:22:44.922000+00:00,2026-01-06 03:22:44.936165+00:00,464.922,0.475,0.47,0.48,0.535,0.53,0.54,,,,
2026-01-06 03:22:46.851000+00:00,2026-01-06 03:22:46.893141+00:00,466.851,0.4649999999999999,0.46,0.47,0.535,0.53,0.54,,,,
2026-01-06 03:22:47.896000+00:00,2026-01-06 03:22:47.916125+00:00,467.896,0.4649999999999999,0.46,0.47,0.535,0.53,0.54,,,,
2026-01-06 03:22:48.895000+00:00,2026-01-06 03:22:48.916431+00:00,468.895,0.4649999999999999,0.46,0.47,0.535,0.53,0.54,,,,
2026-01-06 03:22:50.559000+00:00,2026-01-06 03:22:50.586335+00:00,470.559,0.47,0.46,0.48,0.53,0.52,0.54,,,,
2026-01-06 03:22:51.550000+00:00,2026-01-06 03:22:51.613795+00:00,471.55,0.47,0.46,0.48,0.53,0.52,0.54,,,,
2026-01-06 03:22:52.570000+00:00,2026-01-06 03:22:52.641559+00:00,472.57,0.47,0.46,0.48,0.53,0.52,0.54,,,,
2026-01-06 03:22:53.612000+00:00,2026-01-06 03:22:53.654044+00:00,473.612,0.4649999999999999,0.46,0.47,0.545,0.54,0.55,,,,
2026-01-06 03:22:54.651000+00:00,2026-01-06 03:22:54.664021+00:00,474.651,0.44,0.43,0.45,0.575,0.57,0.58,,,,
2026-01-06 03:22:55.573000+00:00,2026-01-06 03:22:55.665062+00:00,475.573,0.42,0.41,0.43,0.58,0.57,0.59,,,,
2026-01-06 03:22:56.653000+00:00,2026-01-06 03:22:56.703780+00:00,476.653,0.42,0.41,0.43,0.58,0.57,0.59,,,,
2026-01-06 03:22:57.679000+00:00,2026-01-06 03:22:57.692463+00:00,477.679,0.42,0.41,0.43,0.58,0.57,0.59,,,,
2026-01-06 03:22:58.804000+00:00,2026-01-06 03:22:58.968883+00:00,478.804,0.42,0.41,0.43,0.58,0.57,0.59,,,,
2026-01-06 03:23:00.732000+00:00,2026-01-06 03:23:00.769213+00:00,480.732,0.43,0.42,0.44,0.565,0.56,0.57,,,,
2026-01-06 03:23:01.755000+00:00,2026-01-06 03:23:01.777121+00:00,481.755,0.435,0.43,0.44,0.5700000000000001,0.56,0.58,,,,
2026-01-06 03:23:02.755000+00:00,2026-01-06 03:23:02.773840+00:00,482.755,0.47,0.46,0.48,0.53,0.52,0.54,,,,
2026-01-06 03:23:03.795000+00:00,2026-01-06 03:23:03.807871+00:00,483.795,0.385,0.38,0.39,0.63,0.62,0.64,,,,
2026-01-06 03:23:04.813000+00:00,2026-01-06 03:23:04.821987+00:00,484.813,0.355,0.35,0.36,0.645,0.64,0.65,,,,
2026-01-06 03:23:05.790000+00:00,2026-01-06 03:23:05.824238+00:00,485.79,0.355,0.35,0.36,0.655,0.65,0.66,,,,
2026-01-06 03:23:06.900000+00:00,2026-01-06 03:23:06.870977+00:00,486.9,0.335,0.33,0.34,0.665,0.66,0.67,,,,
2026-01-06 03:23:07.893000+00:00,2026-01-06 03:23:07.938973+00:00,487.893,0.325,0.32,0.33,0.675,0.67,0.68,,,,
2026-01-06 03:23:08.804000+00:00,2026-01-06 03:23:08.945727+00:00,488.804,0.325,0.32,0.33,0.675,0.67,0.68,,,,
2026-01-06 03:23:09.896000+00:00,2026-01-06 03:23:09.945836+00:00,489.896,0.315,0.31,0.32,0.685,0.68,0.69,,,,
2026-01-06 03:23:10.879000+00:00,2026-01-06 03:23:10.967857+00:00,490.879,0.295,0.29,0.3,0.705,0.7,0.71,,,,
2026-01-06 03:23:11.947000+00:00,2026-01-06 03:23:11.976621+00:00,491.947,0.305,0.3,0.31,0.7,0.69,0.71,,,,
2026-01-06 03:23:13.277000+00:00,2026-01-06 03:23:13.310895+00:00,493.277,0.3,0.29,0.31,0.7,0.69,0.71,,,,
2026-01-06 03:23:14.300000+00:00,2026-01-06 03:23:14.316640+00:00,494.3,0.305,0.3,0.31,0.695,0.69,0.7,,,,
2026-01-06 03:23:15.256000+00:00,2026-01-06 03:23:15.307614+00:00,495.256,0.315,0.31,0.32,0.685,0.68,0.69,,,,
2026-01-06 03:23:16.284000+00:00,2026-01-06 03:23:16.298631+00:00,496.284,0.315,0.31,0.32,0.685,0.68,0.69,,,,
2026-01-06 03:23:17.202000+00:00,2026-01-06 03:23:17.298333+00:00,497.202,0.315,0.31,0.32,0.685,0.68,0.69,,,,
2026-01-06 03:23:18.752000+00:00,2026-01-06 03:23:18.760662+00:00,498.752,0.315,0.31,0.32,0.685,0.68,0.69,,,,
2026-01-06 03:23:19.641000+00:00,2026-01-06 03:23:19.767071+00:00,499.641,0.305,0.3,0.31,0.695,0.69,0.7,,,,
2026-01-06 03:23:21.375000+00:00,2026-01-06 03:23:21.410467+00:00,501.375,0.315,0.3,0.33,0.675,0.66,0.69,,,,
2026-01-06 03:23:22.300000+00:00,2026-01-06 03:23:22.411256+00:00,502.3,0.325,0.31,0.34,0.675,0.66,0.69,,,,
2026-01-06 03:23:23.383000+00:00,2026-01-06 03:23:23.404233+00:00,503.383,0.32,0.31,0.33,0.675,0.67,0.68,,,,
2026-01-06 03:23:24.384000+00:00,2026-01-06 03:23:24.409074+00:00,504.384,0.32,0.31,0.33,0.6799999999999999,0.67,0.69,,,,
2026-01-06 03:23:25.421000+00:00,2026-01-06 03:23:25.508884+00:00,505.421,0.32,0.31,0.33,0.6799999999999999,0.67,0.69,,,,
2026-01-06 03:23:26.449000+00:00,2026-01-06 03:23:26.519846+00:00,506.449,0.32,0.31,0.33,0.6799999999999999,0.67,0.69,,,,
2026-01-06 03:23:27.462000+00:00,2026-01-06 03:23:27.523934+00:00,507.462,0.32,0.31,0.33,0.6799999999999999,0.67,0.69,,,,
2026-01-06 03:23:28.475000+00:00,2026-01-06 03:23:28.527766+00:00,508.475,0.3,0.29,0.31,0.7,0.69,0.71,,,,
2026-01-06 03:23:29.462000+00:00,2026-01-06 03:23:29.553142+00:00,509.462,0.315,0.31,0.32,0.685,0.68,0.69,,,,
2026-01-06 03:23:30.507000+00:00,2026-01-06 03:23:30.561784+00:00,510.507,0.32,0.31,0.33,0.6799999999999999,0.67,0.69,,,,
2026-01-06 03:23:31.555000+00:00,2026-01-06 03:23:31.578249+00:00,511.555,0.32,0.31,0.33,0.6799999999999999,0.67,0.69,,,,
2026-01-06 03:23:32.778000+00:00,2026-01-06 03:23:32.808146+00:00,512.778,0.32,0.31,0.33,0.685,0.67,0.7,,,,
2026-01-06 03:23:35.101000+00:00,2026-01-06 03:23:35.121937+00:00,515.101,0.35,0.34,0.36,0.65,0.64,0.66,,,,
2026-01-06 03:23:36.123000+00:00,2026-01-06 03:23:36.126339+00:00,516.123,0.345,0.34,0.35,0.655,0.65,0.66,,,,
2026-01-06 03:23:37.129000+00:00,2026-01-06 03:23:37.143264+00:00,517.129,0.335,0.33,0.34,0.66,0.65,0.67,,,,
2026-01-06 03:23:38.913000+00:00,2026-01-06 03:23:38.927620+00:00,518.913,0.335,0.33,0.34,0.665,0.66,0.67,,,,
2026-01-06 03:23:39.936000+00:00,2026-01-06 03:23:39.939730+00:00,519.936,0.32,0.31,0.33,0.675,0.67,0.68,,,,
2026-01-06 03:23:41.285000+00:00,2026-01-06 03:23:41.327512+00:00,521.285,0.31,0.3,0.32,0.685,0.68,0.69,,,,
2026-01-06 03:23:42.301000+00:00,2026-01-06 03:23:42.324055+00:00,522.301,0.315,0.31,0.32,0.685,0.68,0.69,,,,
2026-01-06 03:23:43.297000+00:00,2026-01-06 03:23:43.336606+00:00,523.297,0.315,0.31,0.32,0.685,0.68,0.69,,,,
2026-01-06 03:23:44.326000+00:00,2026-01-06 03:23:44.354502+00:00,524.326,0.315,0.31,0.32,0.685,0.68,0.69,,,,
2026-01-06 03:23:45.323000+00:00,2026-01-06 03:23:45.358308+00:00,525.323,0.3399999999999999,0.33,0.35,0.66,0.65,0.67,,,,
2026-01-06 03:23:47.544000+00:00,2026-01-06 03:23:47.692728+00:00,527.544,0.3399999999999999,0.33,0.35,0.66,0.65,0.67,,,,
2026-01-06 03:23:48.481000+00:00,2026-01-06 03:23:48.708877+00:00,528.481,0.345,0.34,0.35,0.655,0.65,0.66,,,,
2026-01-06 03:23:49.722000+00:00,2026-01-06 03:23:49.734629+00:00,529.722,0.345,0.34,0.35,0.655,0.65,0.66,,,,
2026-01-06 03:23:50.699000+00:00,2026-01-06 03:23:50.745154+00:00,530.699,0.385,0.38,0.39,0.615,0.61,0.62,,,,
2026-01-06 03:23:51.743000+00:00,2026-01-06 03:23:51.757258+00:00,531.743,0.355,0.35,0.36,0.645,0.64,0.65,,,,
2026-01-06 03:23:52.818000+00:00,2026-01-06 03:23:52.844454+00:00,532.818,0.32,0.31,0.33,0.6799999999999999,0.67,0.69,,,,
2026-01-06 03:23:53.829000+00:00,2026-01-06 03:23:53.859582+00:00,533.829,0.325,0.32,0.33,0.675,0.67,0.68,,,,
2026-01-06 03:23:54.809000+00:00,2026-01-06 03:23:54.853072+00:00,534.809,0.295,0.29,0.3,0.705,0.7,0.71,,,,
2026-01-06 03:23:55.796000+00:00,2026-01-06 03:23:55.850816+00:00,535.796,0.285,0.28,0.29,0.715,0.71,0.72,,,,
2026-01-06 03:23:56.803000+00:00,2026-01-06 03:23:56.843144+00:00,536.803,0.285,0.28,0.29,0.715,0.71,0.72,,,,
2026-01-06 03:23:57.853000+00:00,2026-01-06 03:23:57.862046+00:00,537.853,0.245,0.24,0.25,0.755,0.75,0.76,,,,
2026-01-06 03:23:58.836000+00:00,2026-01-06 03:23:58.870041+00:00,538.836,0.24,0.23,0.25,0.765,0.76,0.77,,,,
2026-01-06 03:24:00.153000+00:00,2026-01-06 03:24:00.242390+00:00,540.153,0.235,0.23,0.24,0.765,0.76,0.77,,,,
2026-01-06 03:24:02.118000+00:00,2026-01-06 03:24:02.123798+00:00,542.118,0.325,0.32,0.33,0.675,0.67,0.68,,,,
2026-01-06 03:24:03.016000+00:00,2026-01-06 03:24:03.105979+00:00,543.016,0.345,0.34,0.35,0.655,0.65,0.66,,,,
2026-01-06 03:24:04.081000+00:00,2026-01-06 03:24:04.125460+00:00,544.081,0.335,0.33,0.34,0.665,0.66,0.67,,,,
2026-01-06 03:24:05.141000+00:00,2026-01-06 03:24:05.131874+00:00,545.141,0.335,0.33,0.34,0.665,0.66,0.67,,,,
2026-01-06 03:24:06.957000+00:00,2026-01-06 03:24:07.155906+00:00,546.957,0.335,0.33,0.34,0.665,0.66,0.67,,,,
2026-01-06 03:24:08.446000+00:00,2026-01-06 03:24:08.457915+00:00,548.446,0.325,0.32,0.33,0.675,0.67,0.68,,,,
2026-01-06 03:24:09.466000+00:00,2026-01-06 03:24:09.508852+00:00,549.466,0.325,0.32,0.33,0.675,0.67,0.68,,,,
2026-01-06 03:24:10.348000+00:00,2026-01-06 03:24:10.521298+00:00,550.348,0.325,0.32,0.33,0.675,0.67,0.68,,,,
2026-01-06 03:24:11.479000+00:00,2026-01-06 03:24:11.507154+00:00,551.479,0.325,0.32,0.33,0.675,0.67,0.68,,,,
2026-01-06 03:24:12.417000+00:00,2026-01-06 03:24:12.505997+00:00,552.417,0.325,0.32,0.33,0.675,0.67,0.68,,,,
2026-01-06 03:24:13.473000+00:00,2026-01-06 03:24:13.506971+00:00,553.473,0.325,0.32,0.33,0.675,0.67,0.68,,,,
2026-01-06 03:24:14.443000+00:00,2026-01-06 03:24:14.521426+00:00,554.443,0.325,0.32,0.33,0.675,0.67,0.68,,,,
2026-01-06 03:24:16.203000+00:00,2026-01-06 03:24:16.338081+00:00,556.203,0.325,0.32,0.33,0.675,0.67,0.68,,,,
2026-01-06 03:24:17.479000+00:00,2026-01-06 03:24:17.484494+00:00,557.479,0.325,0.32,0.33,0.675,0.67,0.68,,,,
2026-01-06 03:24:18.481000+00:00,2026-01-06 03:24:18.496951+00:00,558.481,0.27,0.26,0.28,0.73,0.72,0.74,,,,
2026-01-06 03:24:19.484000+00:00,2026-01-06 03:24:19.509175+00:00,559.484,0.27,0.26,0.28,0.73,0.72,0.74,,,,
2026-01-06 03:24:20.503000+00:00,2026-01-06 03:24:20.522723+00:00,560.503,0.275,0.27,0.28,0.725,0.72,0.73,,,,
2026-01-06 03:24:21.556000+00:00,2026-01-06 03:24:21.578687+00:00,561.556,0.27,0.26,0.28,0.73,0.72,0.74,,,,
2026-01-06 03:24:23.271000+00:00,2026-01-06 03:24:23.305513+00:00,563.271,0.265,0.26,0.27,0.735,0.73,0.74,,,,
2026-01-06 03:24:24.233000+00:00,2026-01-06 03:24:24.314737+00:00,564.233,0.265,0.26,0.27,0.735,0.73,0.74,,,,
2026-01-06 03:24:25.190000+00:00,2026-01-06 03:24:25.310817+00:00,565.19,0.265,0.26,0.27,0.735,0.73,0.74,,,,
2026-01-06 03:24:26.297000+00:00,2026-01-06 03:24:26.324367+00:00,566.297,0.265,0.26,0.27,0.74,0.73,0.75,,,,
2026-01-06 03:24:27.331000+00:00,2026-01-06 03:24:27.339547+00:00,567.331,0.2299999999999999,0.22,0.24,0.77,0.76,0.78,,,,
2026-01-06 03:24:28.635000+00:00,2026-01-06 03:24:28.657193+00:00,568.635,0.235,0.23,0.24,0.765,0.76,0.77,,,,
2026-01-06 03:24:30.800000+00:00,2026-01-06 03:24:30.871079+00:00,570.8,0.235,0.23,0.24,0.76,0.75,0.77,,,,
2026-01-06 03:24:31.825000+00:00,2026-01-06 03:24:31.862857+00:00,571.825,0.235,0.23,0.24,0.765,0.76,0.77,,,,
2026-01-06 03:24:32.857000+00:00,2026-01-06 03:24:32.874418+00:00,572.857,0.235,0.23,0.24,0.78,0.77,0.79,,,,
2026-01-06 03:24:33.823000+00:00,2026-01-06 03:24:33.867603+00:00,573.823,0.205,0.2,0.21,0.795,0.79,0.8,,,,
2026-01-06 03:24:35.253000+00:00,2026-01-06 03:24:35.283651+00:00,575.253,0.205,0.2,0.21,0.795,0.79,0.8,,,,
2026-01-06 03:24:36.746000+00:00,2026-01-06 03:24:36.768799+00:00,576.746,0.1699999999999999,0.16,0.18,0.83,0.82,0.84,,,,
2026-01-06 03:24:37.866000+00:00,2026-01-06 03:24:37.938233+00:00,577.866,0.1699999999999999,0.16,0.18,0.83,0.82,0.84,,,,
2026-01-06 03:24:38.890000+00:00,2026-01-06 03:24:39.031095+00:00,578.89,0.175,0.17,0.18,0.825,0.82,0.83,,,,
2026-01-06 03:24:40.002000+00:00,2026-01-06 03:24:40.036983+00:00,580.002,0.1699999999999999,0.16,0.18,0.825,0.81,0.84,,,,
2026-01-06 03:24:42.788000+00:00,2026-01-06 03:24:42.805973+00:00,582.788,0.185,0.18,0.19,0.815,0.81,0.82,,,,
2026-01-06 03:24:43.882000+00:00,2026-01-06 03:24:43.901051+00:00,583.882,0.375,0.37,0.38,0.625,0.62,0.63,,,,
2026-01-06 03:24:44.902000+00:00,2026-01-06 03:24:44.903521+00:00,584.902,0.37,0.36,0.38,0.635,0.63,0.64,,,,
2026-01-06 03:24:45.904000+00:00,2026-01-06 03:24:45.923711+00:00,585.904,0.325,0.32,0.33,0.675,0.67,0.68,,,,
2026-01-06 03:24:46.905000+00:00,2026-01-06 03:24:46.939302+00:00,586.905,0.325,0.32,0.33,0.675,0.67,0.68,,,,
2026-01-06 03:24:47.887000+00:00,2026-01-06 03:24:47.943519+00:00,587.887,0.325,0.32,0.33,0.675,0.67,0.68,,,,
2026-01-06 03:24:48.989000+00:00,2026-01-06 03:24:48.998398+00:00,588.989,0.325,0.32,0.33,0.6799999999999999,0.67,0.69,,,,
2026-01-06 03:24:50.452000+00:00,2026-01-06 03:24:50.465112+00:00,590.452,0.315,0.31,0.32,0.69,0.68,0.7,,,,
2026-01-06 03:24:51.422000+00:00,2026-01-06 03:24:51.468237+00:00,591.422,0.31,0.3,0.32,0.69,0.68,0.7,,,,
2026-01-06 03:24:52.387000+00:00,2026-01-06 03:24:52.471683+00:00,592.387,0.31,0.3,0.32,0.685,0.67,0.7,,,,
2026-01-06 03:24:53.406000+00:00,2026-01-06 03:24:53.472441+00:00,593.406,0.315,0.3,0.33,0.685,0.67,0.7,,,,
2026-01-06 03:24:54.455000+00:00,2026-01-06 03:24:54.498895+00:00,594.455,0.32,0.31,0.33,0.685,0.67,0.7,,,,
2026-01-06 03:24:55.285000+00:00,2026-01-06 03:24:55.500101+00:00,595.285,0.32,0.31,0.33,0.6799999999999999,0.67,0.69,,,,
2026-01-06 03:24:56.592000+00:00,2026-01-06 03:24:56.599096+00:00,596.592,0.325,0.31,0.34,0.675,0.66,0.69,,,,
2026-01-06 03:24:57.418000+00:00,2026-01-06 03:24:57.599769+00:00,597.418,0.325,0.31,0.34,0.675,0.66,0.69,,,,
2026-01-06 03:24:58.294000+00:00,2026-01-06 03:24:58.603940+00:00,598.294,0.325,0.31,0.34,0.675,0.66,0.69,,,,
2026-01-06 03:24:59.579000+00:00,2026-01-06 03:24:59.607954+00:00,599.579,0.325,0.31,0.34,0.6799999999999999,0.67,0.69,,,,
2026-01-06 03:25:00.578000+00:00,2026-01-06 03:25:00.617108+00:00,600.578,0.335,0.33,0.34,0.665,0.66,0.67,,,,
2026-01-06 03:25:01.604000+00:00,2026-01-06 03:25:01.614211+00:00,601.604,0.435,0.43,0.44,0.565,0.56,0.57,,,,
2026-01-06 03:25:02.696000+00:00,2026-01-06 03:25:02.715169+00:00,602.696,0.435,0.43,0.44,0.55,0.54,0.56,,,,
2026-01-06 03:25:03.714000+00:00,2026-01-06 03:25:03.732442+00:00,603.714,0.45,0.44,0.46,0.555,0.55,0.56,,,,
2026-01-06 03:25:04.808000+00:00,2026-01-06 03:25:04.861673+00:00,604.808,0.305,0.3,0.31,0.715,0.71,0.72,,,,
2026-01-06 03:25:05.848000+00:00,2026-01-06 03:25:05.860770+00:00,605.848,0.335,0.33,0.34,0.655,0.65,0.66,,,,
2026-01-06 03:25:06.893000+00:00,2026-01-06 03:25:06.887398+00:00,606.893,0.355,0.35,0.36,0.655,0.65,0.66,,,,
2026-01-06 03:25:07.947000+00:00,2026-01-06 03:25:07.962077+00:00,607.947,0.265,0.26,0.27,0.735,0.73,0.74,,,,
2026-01-06 03:25:09.111000+00:00,2026-01-06 03:25:09.154273+00:00,609.111,0.265,0.26,0.27,0.725,0.72,0.73,,,,
2026-01-06 03:25:10.096000+00:00,2026-01-06 03:25:10.151449+00:00,610.096,0.275,0.27,0.28,0.725,0.72,0.73,,,,
2026-01-06 03:25:11.473000+00:00,2026-01-06 03:25:11.496371+00:00,611.473,0.275,0.27,0.28,0.725,0.72,0.73,,,,
2026-01-06 03:25:12.474000+00:00,2026-01-06 03:25:12.509363+00:00,612.474,0.275,0.27,0.28,0.725,0.72,0.73,,,,
2026-01-06 03:25:13.525000+00:00,2026-01-06 03:25:13.527402+00:00,613.525,0.275,0.27,0.28,0.725,0.72,0.73,,,,
2026-01-06 03:25:14.532000+00:00,2026-01-06 03:25:14.542073+00:00,614.532,0.27,0.26,0.28,0.725,0.72,0.73,,,,
2026-01-06 03:25:15.549000+00:00,2026-01-06 03:25:15.566367+00:00,615.549,0.275,0.27,0.28,0.725,0.72,0.73,,,,
2026-01-06 03:25:16.580000+00:00,2026-01-06 03:25:16.574238+00:00,616.58,0.265,0.26,0.27,0.74,0.73,0.75,,,,
2026-01-06 03:25:17.594000+00:00,2026-01-06 03:25:17.587656+00:00,617.594,0.26,0.25,0.27,0.74,0.73,0.75,,,,
2026-01-06 03:25:18.654000+00:00,2026-01-06 03:25:18.705817+00:00,618.654,0.245,0.24,0.25,0.74,0.73,0.75,,,,
2026-01-06 03:25:19.684000+00:00,2026-01-06 03:25:19.729892+00:00,619.684,0.26,0.25,0.27,0.745,0.74,0.75,,,,
2026-01-06 03:25:20.548000+00:00,2026-01-06 03:25:20.725881+00:00,620.548,0.255,0.25,0.26,0.745,0.74,0.75,,,,
2026-01-06 03:25:21.707000+00:00,2026-01-06 03:25:21.723426+00:00,621.707,0.255,0.25,0.26,0.745,0.74,0.75,,,,
2026-01-06 03:25:22.765000+00:00,2026-01-06 03:25:22.882621+00:00,622.765,0.265,0.26,0.27,0.735,0.73,0.74,,,,
2026-01-06 03:25:23.733000+00:00,2026-01-06 03:25:23.889357+00:00,623.733,0.255,0.25,0.26,0.745,0.74,0.75,,,,
2026-01-06 03:25:25.993000+00:00,2026-01-06 03:25:26.292892+00:00,625.993,0.255,0.25,0.26,0.745,0.74,0.75,,,,
2026-01-06 03:25:27.272000+00:00,2026-01-06 03:25:27.292249+00:00,627.272,0.265,0.26,0.27,0.735,0.73,0.74,,,,
2026-01-06 03:25:28.289000+00:00,2026-01-06 03:25:28.306200+00:00,628.289,0.265,0.26,0.27,0.735,0.73,0.74,,,,
2026-01-06 03:25:29.228000+00:00,2026-01-06 03:25:29.304281+00:00,629.228,0.265,0.26,0.27,0.735,0.73,0.74,,,,
2026-01-06 03:25:30.826000+00:00,2026-01-06 03:25:30.839993+00:00,630.826,0.235,0.23,0.24,0.775,0.77,0.78,,,,
2026-01-06 03:25:32.097000+00:00,2026-01-06 03:25:32.152948+00:00,632.097,0.215,0.21,0.22,0.785,0.78,0.79,,,,
2026-01-06 03:25:33.142000+00:00,2026-01-06 03:25:33.180701+00:00,633.142,0.215,0.21,0.22,0.785,0.78,0.79,,,,
2026-01-06 03:25:34.151000+00:00,2026-01-06 03:25:34.177801+00:00,634.151,0.205,0.2,0.21,0.795,0.79,0.8,,,,
2026-01-06 03:25:35.161000+00:00,2026-01-06 03:25:35.182019+00:00,635.161,0.225,0.22,0.23,0.765,0.76,0.77,,,,
2026-01-06 03:25:36.128000+00:00,2026-01-06 03:25:36.197320+00:00,636.128,0.26,0.25,0.27,0.74,0.73,0.75,,,,
2026-01-06 03:25:37.207000+00:00,2026-01-06 03:25:37.205985+00:00,637.207,0.26,0.25,0.27,0.74,0.73,0.75,,,,
2026-01-06 03:25:38.571000+00:00,2026-01-06 03:25:38.678663+00:00,638.571,0.26,0.25,0.27,0.745,0.74,0.75,,,,
2026-01-06 03:25:39.606000+00:00,2026-01-06 03:25:39.679475+00:00,639.606,0.245,0.24,0.25,0.755,0.75,0.76,,,,
2026-01-06 03:25:40.430000+00:00,2026-01-06 03:25:40.683072+00:00,640.43,0.25,0.24,0.26,0.755,0.75,0.76,,,,
2026-01-06 03:25:41.682000+00:00,2026-01-06 03:25:41.694445+00:00,641.682,0.245,0.24,0.25,0.755,0.75,0.76,,,,
2026-01-06 03:25:42.536000+00:00,2026-01-06 03:25:42.702488+00:00,642.536,0.235,0.23,0.24,0.765,0.76,0.77,,,,
2026-01-06 03:25:43.743000+00:00,2026-01-06 03:25:43.760801+00:00,643.743,0.25,0.24,0.26,0.745,0.74,0.75,,,,
2026-01-06 03:25:44.799000+00:00,2026-01-06 03:25:44.896961+00:00,644.799,0.255,0.25,0.26,0.745,0.74,0.75,,,,
2026-01-06 03:25:45.813000+00:00,2026-01-06 03:25:45.889862+00:00,645.813,0.275,0.27,0.28,0.725,0.72,0.73,,,,
2026-01-06 03:25:46.908000+00:00,2026-01-06 03:25:46.936326+00:00,646.908,0.305,0.3,0.31,0.695,0.69,0.7,,,,
2026-01-06 03:25:47.933000+00:00,2026-01-06 03:25:47.953294+00:00,647.933,0.315,0.31,0.32,0.685,0.68,0.69,,,,
2026-01-06 03:25:48.919000+00:00,2026-01-06 03:25:48.960039+00:00,648.919,0.315,0.31,0.32,0.685,0.68,0.69,,,,
2026-01-06 03:25:49.774000+00:00,2026-01-06 03:25:49.969254+00:00,649.774,0.315,0.31,0.32,0.685,0.68,0.69,,,,
2026-01-06 03:25:51.205000+00:00,2026-01-06 03:25:51.227655+00:00,651.205,0.315,0.31,0.32,0.685,0.68,0.69,,,,
2026-01-06 03:25:52.198000+00:00,2026-01-06 03:25:52.238593+00:00,652.198,0.315,0.31,0.32,0.685,0.68,0.69,,,,
2026-01-06 03:25:54.303000+00:00,2026-01-06 03:25:54.311386+00:00,654.303,0.365,0.36,0.37,0.635,0.63,0.64,,,,
2026-01-06 03:25:55.237000+00:00,2026-01-06 03:25:55.307013+00:00,655.237,0.345,0.34,0.35,0.655,0.65,0.66,,,,
2026-01-06 03:25:56.257000+00:00,2026-01-06 03:25:56.300869+00:00,656.257,0.3399999999999999,0.33,0.35,0.66,0.65,0.67,,,,
2026-01-06 03:25:57.249000+00:00,2026-01-06 03:25:57.330826+00:00,657.249,0.3399999999999999,0.33,0.35,0.66,0.65,0.67,,,,
2026-01-06 03:25:58.331000+00:00,2026-01-06 03:25:58.337013+00:00,658.331,0.325,0.32,0.33,0.675,0.67,0.68,,,,
2026-01-06 03:25:59.608000+00:00,2026-01-06 03:25:59.692559+00:00,659.608,0.305,0.3,0.31,0.695,0.69,0.7,,,,
2026-01-06 03:26:00.743000+00:00,2026-01-06 03:26:00.734497+00:00,660.743,0.305,0.3,0.31,0.695,0.69,0.7,,,,
2026-01-06 03:26:01.776000+00:00,2026-01-06 03:26:01.795677+00:00,661.776,0.215,0.21,0.22,0.785,0.78,0.79,,,,
2026-01-06 03:26:02.765000+00:00,2026-01-06 03:26:02.782233+00:00,662.765,0.205,0.2,0.21,0.795,0.79,0.8,,,,
2026-01-06 03:26:03.847000+00:00,2026-01-06 03:26:03.851042+00:00,663.847,0.195,0.19,0.2,0.805,0.8,0.81,,,,
2026-01-06 03:26:04.885000+00:00,2026-01-06 03:26:04.889183+00:00,664.885,0.195,0.19,0.2,0.805,0.8,0.81,,,,
2026-01-06 03:26:05.915000+00:00,2026-01-06 03:26:05.954722+00:00,665.915,0.195,0.19,0.2,0.805,0.8,0.81,,,,
2026-01-06 03:26:06.885000+00:00,2026-01-06 03:26:06.935122+00:00,666.885,0.195,0.19,0.2,0.805,0.8,0.81,,,,
2026-01-06 03:26:07.945000+00:00,2026-01-06 03:26:07.937589+00:00,667.945,0.31,0.3,0.32,0.695,0.69,0.7,,,,
2026-01-06 03:26:08.904000+00:00,2026-01-06 03:26:08.954518+00:00,668.904,0.33,0.32,0.34,0.67,0.66,0.68,,,,
2026-01-06 03:26:09.913000+00:00,2026-01-06 03:26:09.966912+00:00,669.913,0.335,0.33,0.34,0.655,0.65,0.66,,,,
2026-01-06 03:26:10.949000+00:00,2026-01-06 03:26:10.965554+00:00,670.949,0.375,0.37,0.38,0.625,0.62,0.63,,,,
2026-01-06 03:26:12.194000+00:00,2026-01-06 03:26:12.210733+00:00,672.194,0.375,0.37,0.38,0.635,0.63,0.64,,,,
2026-01-06 03:26:13.313000+00:00,2026-01-06 03:26:13.329522+00:00,673.313,0.345,0.34,0.35,0.655,0.65,0.66,,,,
2026-01-06 03:26:14.405000+00:00,2026-01-06 03:26:14.391088+00:00,674.405,0.355,0.35,0.36,0.645,0.64,0.65,,,,
2026-01-06 03:26:15.436000+00:00,2026-01-06 03:26:15.467806+00:00,675.436,0.35,0.34,0.36,0.65,0.64,0.66,,,,
2026-01-06 03:26:16.462000+00:00,2026-01-06 03:26:16.475067+00:00,676.462,0.345,0.34,0.35,0.655,0.65,0.66,,,,
2026-01-06 03:26:17.466000+00:00,2026-01-06 03:26:17.483637+00:00,677.466,0.335,0.33,0.34,0.665,0.66,0.67,,,,
2026-01-06 03:26:18.459000+00:00,2026-01-06 03:26:18.486857+00:00,678.459,0.335,0.33,0.34,0.665,0.66,0.67,,,,
2026-01-06 03:26:20.062000+00:00,2026-01-06 03:26:20.082145+00:00,680.062,0.335,0.33,0.34,0.665,0.66,0.67,,,,
2026-01-06 03:26:21.080000+00:00,2026-01-06 03:26:21.093279+00:00,681.08,0.335,0.33,0.34,0.665,0.66,0.67,,,,
2026-01-06 03:26:22.280000+00:00,2026-01-06 03:26:22.299554+00:00,682.28,0.455,0.45,0.46,0.505,0.5,0.51,,,,
2026-01-06 03:26:23.445000+00:00,2026-01-06 03:26:23.463996+00:00,683.445,0.565,0.56,0.57,0.435,0.43,0.44,,,,
2026-01-06 03:26:26.770000+00:00,2026-01-06 03:26:26.765741+00:00,686.77,0.5,0.49,0.51,0.5,0.49,0.51,,,,
2026-01-06 03:26:30.138000+00:00,2026-01-06 03:26:30.154275+00:00,690.138,0.525,0.52,0.53,0.475,0.47,0.48,,,,
2026-01-06 03:26:31.717000+00:00,2026-01-06 03:26:31.729113+00:00,691.717,0.52,0.51,0.53,0.49,0.48,0.5,,,,
2026-01-06 03:26:32.823000+00:00,2026-01-06 03:26:32.866861+00:00,692.823,0.51,0.5,0.52,0.49,0.48,0.5,,,,
2026-01-06 03:26:34.431000+00:00,2026-01-06 03:26:34.436429+00:00,694.431,0.51,0.5,0.52,0.49,0.48,0.5,,,,
2026-01-06 03:26:36.847000+00:00,2026-01-06 03:26:37.064407+00:00,696.847,0.515,0.51,0.52,0.49,0.48,0.5,,,,
2026-01-06 03:26:38.056000+00:00,2026-01-06 03:26:38.073643+00:00,698.056,0.51,0.5,0.52,0.485,0.48,0.49,,,,
2026-01-06 03:26:39.044000+00:00,2026-01-06 03:26:39.096082+00:00,699.044,0.525,0.52,0.53,0.47,0.46,0.48,,,,
2026-01-06 03:26:40.147000+00:00,2026-01-06 03:26:40.161334+00:00,700.147,0.53,0.52,0.54,0.47,0.46,0.48,,,,
2026-01-06 03:26:41.601000+00:00,2026-01-06 03:26:41.602443+00:00,701.601,0.53,0.52,0.54,0.47,0.46,0.48,,,,
2026-01-06 03:26:43.170000+00:00,2026-01-06 03:26:43.199536+00:00,703.17,0.575,0.57,0.58,0.425,0.42,0.43,,,,
2026-01-06 03:26:44.210000+00:00,2026-01-06 03:26:44.223430+00:00,704.21,0.575,0.57,0.58,0.425,0.42,0.43,,,,
2026-01-06 03:26:45.208000+00:00,2026-01-06 03:26:45.236545+00:00,705.208,0.575,0.57,0.58,0.425,0.42,0.43,,,,
2026-01-06 03:26:46.212000+00:00,2026-01-06 03:26:46.239682+00:00,706.212,0.575,0.57,0.58,0.425,0.42,0.43,,,,
2026-01-06 03:26:47.279000+00:00,2026-01-06 03:26:47.294960+00:00,707.279,0.575,0.57,0.58,0.425,0.42,0.43,,,,
2026-01-06 03:26:48.766000+00:00,2026-01-06 03:26:48.792819+00:00,708.766,0.585,0.58,0.59,0.415,0.41,0.42,,,,
2026-01-06 03:26:49.906000+00:00,2026-01-06 03:26:49.924760+00:00,709.906,0.605,0.6,0.61,0.395,0.39,0.4,,,,
2026-01-06 03:26:50.913000+00:00,2026-01-06 03:26:50.928935+00:00,710.913,0.685,0.68,0.69,0.315,0.31,0.32,,,,
2026-01-06 03:26:51.922000+00:00,2026-01-06 03:26:51.940459+00:00,711.922,0.6799999999999999,0.67,0.69,0.32,0.31,0.33,,,,
2026-01-06 03:26:52.909000+00:00,2026-01-06 03:26:52.952293+00:00,712.909,0.675,0.67,0.68,0.325,0.32,0.33,,,,
2026-01-06 03:26:53.915000+00:00,2026-01-06 03:26:53.964940+00:00,713.915,0.6799999999999999,0.67,0.69,0.32,0.31,0.33,,,,
2026-01-06 03:26:54.927000+00:00,2026-01-06 03:26:54.954327+00:00,714.927,0.765,0.76,0.77,0.235,0.23,0.24,,,,
2026-01-06 03:26:56.791000+00:00,2026-01-06 03:26:56.798677+00:00,716.791,0.775,0.77,0.78,0.22,0.21,0.23,,,,
2026-01-06 03:26:58.218000+00:00,2026-01-06 03:26:58.238695+00:00,718.218,0.8200000000000001,0.81,0.83,0.18,0.17,0.19,,,,
2026-01-06 03:26:59.232000+00:00,2026-01-06 03:26:59.250895+00:00,719.232,0.825,0.82,0.83,0.175,0.17,0.18,,,,
2026-01-06 03:27:00.254000+00:00,2026-01-06 03:27:00.276077+00:00,720.254,0.815,0.81,0.82,0.2,0.19,0.21,,,,
2026-01-06 03:27:01.335000+00:00,2026-01-06 03:27:01.360417+00:00,721.335,0.795,0.79,0.8,0.2,0.19,0.21,,,,
2026-01-06 03:27:02.350000+00:00,2026-01-06 03:27:02.364846+00:00,722.35,0.835,0.83,0.84,0.165,0.16,0.17,,,,
2026-01-06 03:27:03.811000+00:00,2026-01-06 03:27:03.835945+00:00,723.811,0.835,0.83,0.84,0.165,0.16,0.17,,,,
2026-01-06 03:27:04.903000+00:00,2026-01-06 03:27:04.937073+00:00,724.903,0.835,0.83,0.84,0.165,0.16,0.17,,,,
2026-01-06 03:27:05.898000+00:00,2026-01-06 03:27:05.947814+00:00,725.898,0.845,0.84,0.85,0.155,0.15,0.16,,,,
2026-01-06 03:27:06.905000+00:00,2026-01-06 03:27:06.942539+00:00,726.905,0.855,0.85,0.86,0.145,0.14,0.15,,,,
2026-01-06 03:27:07.887000+00:00,2026-01-06 03:27:07.965423+00:00,727.887,0.885,0.88,0.89,0.105,0.1,0.11,,,,
2026-01-06 03:27:09.316000+00:00,2026-01-06 03:27:09.329308+00:00,729.316,0.905,0.9,0.91,0.095,0.09,0.1,,,,
2026-01-06 03:27:10.741000+00:00,2026-01-06 03:27:10.761714+00:00,730.741,0.905,0.9,0.91,0.095,0.09,0.1,,,,
2026-01-06 03:27:12.036000+00:00,2026-01-06 03:27:12.377899+00:00,732.036,0.895,0.89,0.9,0.1,0.09,0.11,,,,
2026-01-06 03:27:13.363000+00:00,2026-01-06 03:27:13.397628+00:00,733.363,0.895,0.89,0.9,0.105,0.1,0.11,,,,
2026-01-06 03:27:14.392000+00:00,2026-01-06 03:27:14.406143+00:00,734.392,0.905,0.9,0.91,0.1,0.09,0.11,,,,
