timestamp,collected_at,seconds,mid,bid,ask,asset
2026-01-06 09:45:00+00:00,2026-01-06 09:52:32.745047+00:00,0.0,3220.911,3220.8,3221.21,ETH
2026-01-06 09:45:01+00:00,2026-01-06 09:52:33.745707+00:00,1.0,3220.881,3220.8,3221.28,ETH
2026-01-06 09:45:02+00:00,2026-01-06 09:52:34.750855+00:00,2.0,3220.921,3220.8,3221.27,ETH
2026-01-06 09:45:03+00:00,2026-01-06 09:52:35.740260+00:00,3.0,3220.881,3220.8,3221.19,ETH
2026-01-06 09:45:04+00:00,2026-01-06 09:52:36.761012+00:00,4.0,3220.821,3220.8,3221.12,ETH
2026-01-06 09:45:05+00:00,2026-01-06 09:52:37.792006+00:00,5.0,3220.841,3220.8,3221.1,ETH
2026-01-06 09:45:06+00:00,2026-01-06 09:52:38.788668+00:00,6.0,3220.841,3220.8,3221.15,ETH
2026-01-06 09:45:07+00:00,2026-01-06 09:52:39.795451+00:00,7.0,3220.831,3220.8,3221.23,ETH
2026-01-06 09:45:08+00:00,2026-01-06 09:52:40.798882+00:00,8.0,3220.821,3220.8,3221.24,ETH
2026-01-06 09:45:09+00:00,2026-01-06 09:52:41.794317+00:00,9.0,3220.811,3220.8,3221.19,ETH
2026-01-06 09:45:10+00:00,2026-01-06 09:52:42.814203+00:00,10.0,3220.821,3220.8,3221.13,ETH
2026-01-06 09:45:11+00:00,2026-01-06 09:52:43.808520+00:00,11.0,3220.831,3220.8,3221.1,ETH
2026-01-06 09:45:12+00:00,2026-01-06 09:52:44.810689+00:00,12.0,3220.821,3220.8,3221.13,ETH
2026-01-06 09:45:13+00:00,2026-01-06 09:52:45.828135+00:00,13.0,3220.811,3220.8,3221.12,ETH
2026-01-06 09:45:14+00:00,2026-01-06 09:52:46.826263+00:00,14.0,3220.811,3220.8,3221.09,ETH
2026-01-06 09:45:15+00:00,2026-01-06 09:52:47.845109+00:00,15.0,3220.821,3220.8,3221.14,ETH
2026-01-06 09:45:16+00:00,2026-01-06 09:52:48.847166+00:00,16.0,3220.831,3220.8,3221.18,ETH
2026-01-06 09:45:17+00:00,2026-01-06 09:52:49.877387+00:00,17.0,3220.841,3220.8,3221.16,ETH
2026-01-06 09:45:18+00:00,2026-01-06 09:52:50.875006+00:00,18.0,3220.841,3220.8,3221.17,ETH
2026-01-06 09:45:19+00:00,2026-01-06 09:52:51.882299+00:00,19.0,3220.841,3220.8,3221.19,ETH
2026-01-06 09:45:20+00:00,2026-01-06 09:52:52.876357+00:00,20.0,3220.841,3220.8,3221.18,ETH
2026-01-06 09:45:21+00:00,2026-01-06 09:52:53.896741+00:00,21.0,3220.841,3220.8,3221.19,ETH
2026-01-06 09:45:22+00:00,2026-01-06 09:52:54.891117+00:00,22.0,3220.811,3220.78,3220.84,ETH
2026-01-06 09:45:23+00:00,2026-01-06 09:52:55.892270+00:00,23.0,3220.951,3220.94,3221.23,ETH
2026-01-06 09:45:24+00:00,2026-01-06 09:52:56.911569+00:00,24.0,3221.031,3220.94,3221.21,ETH
2026-01-06 09:45:25+00:00,2026-01-06 09:52:57.894354+00:00,25.0,3221.151,3220.94,3221.29,ETH
2026-01-06 09:45:26+00:00,2026-01-06 09:52:58.924522+00:00,26.0,3221.161,3220.94,3221.22,ETH
2026-01-06 09:45:27+00:00,2026-01-06 09:52:59.937470+00:00,27.0,3221.021,3220.8,3221.05,ETH
2026-01-06 09:45:28+00:00,2026-01-06 09:53:00.940324+00:00,28.0,3220.901,3220.89,3221.07,ETH
2026-01-06 09:45:29+00:00,2026-01-06 09:53:01.962678+00:00,29.0,3220.901,3220.89,3221.08,ETH
2026-01-06 09:45:30+00:00,2026-01-06 09:53:02.942326+00:00,30.0,3220.901,3220.89,3221.08,ETH
2026-01-06 09:45:31+00:00,2026-01-06 09:53:03.946812+00:00,31.0,3220.901,3220.89,3221.11,ETH
2026-01-06 09:45:32+00:00,2026-01-06 09:53:04.959893+00:00,32.0,3220.901,3220.89,3221.11,ETH
2026-01-06 09:45:33+00:00,2026-01-06 09:53:05.959558+00:00,33.0,3220.901,3220.89,3221.13,ETH
2026-01-06 09:45:34+00:00,2026-01-06 09:53:06.961780+00:00,34.0,3220.901,3220.89,3221.13,ETH
2026-01-06 09:45:35+00:00,2026-01-06 09:53:07.958420+00:00,35.0,3220.941,3220.92,3221.18,ETH
2026-01-06 09:45:36+00:00,2026-01-06 09:53:08.992641+00:00,36.0,3220.941,3220.94,3221.1,ETH
2026-01-06 09:45:37+00:00,2026-01-06 09:53:10.004447+00:00,37.0,3220.941,3220.94,3221.12,ETH
2026-01-06 09:45:38+00:00,2026-01-06 09:53:11.024059+00:00,38.0,3220.951,3220.94,3221.19,ETH
2026-01-06 09:45:39+00:00,2026-01-06 09:53:12.021536+00:00,39.0,3221.041,3220.94,3221.3,ETH
2026-01-06 09:45:40+00:00,2026-01-06 09:53:13.014673+00:00,40.0,3221.041,3220.94,3221.32,ETH
2026-01-06 09:45:41+00:00,2026-01-06 09:53:14.026277+00:00,41.0,3221.061,3220.94,3221.32,ETH
2026-01-06 09:45:42+00:00,2026-01-06 09:53:15.079938+00:00,42.0,3221.051,3220.94,3221.32,ETH
2026-01-06 09:45:43+00:00,2026-01-06 09:53:16.059164+00:00,43.0,3221.031,3220.94,3221.3,ETH
2026-01-06 09:45:44+00:00,2026-01-06 09:53:18.070997+00:00,44.0,3221.151,3221.13,3221.36,ETH
2026-01-06 09:45:45+00:00,2026-01-06 09:53:19.074550+00:00,45.0,3221.161,3221.15,3221.39,ETH
2026-01-06 09:45:46+00:00,2026-01-06 09:53:20.074525+00:00,46.0,3221.161,3221.15,3221.36,ETH
2026-01-06 09:45:47+00:00,2026-01-06 09:53:21.076519+00:00,47.0,3221.211,3221.15,3221.31,ETH
2026-01-06 09:45:48+00:00,2026-01-06 09:53:22.090167+00:00,48.0,3221.241,3221.15,3221.3,ETH
2026-01-06 09:45:49+00:00,2026-01-06 09:53:23.108365+00:00,49.0,3221.201,3221.14,3221.25,ETH
2026-01-06 09:45:50+00:00,2026-01-06 09:53:24.150731+00:00,50.0,3221.181,3221.15,3221.24,ETH
2026-01-06 09:45:51+00:00,2026-01-06 09:53:25.156606+00:00,51.0,3221.201,3221.17,3221.29,ETH
2026-01-06 09:45:52+00:00,2026-01-06 09:53:26.160272+00:00,52.0,3221.221,3221.17,3221.31,ETH
2026-01-06 09:45:54+00:00,2026-01-06 09:53:27.212985+00:00,54.0,3221.221,3221.17,3221.31,ETH
2026-01-06 09:45:55+00:00,2026-01-06 09:53:28.207263+00:00,55.0,3221.181,3221.15,3221.22,ETH
2026-01-06 09:45:56+00:00,2026-01-06 09:53:29.212375+00:00,56.0,3221.131,3221.1,3221.18,ETH
2026-01-06 09:45:57+00:00,2026-01-06 09:53:30.203270+00:00,57.0,3221.181,3221.17,3221.24,ETH
2026-01-06 09:45:58+00:00,2026-01-06 09:53:31.207668+00:00,58.0,3221.181,3221.17,3221.28,ETH
2026-01-06 09:45:59+00:00,2026-01-06 09:53:32.208005+00:00,59.0,3221.181,3221.17,3221.27,ETH
2026-01-06 09:46:00+00:00,2026-01-06 09:53:33.209044+00:00,60.0,3221.091,3221.09,3221.23,ETH
2026-01-06 09:46:01+00:00,2026-01-06 09:53:34.221892+00:00,61.0,3221.091,3221.09,3221.27,ETH
2026-01-06 09:46:02+00:00,2026-01-06 09:53:35.221745+00:00,62.0,3221.091,3221.09,3221.31,ETH
2026-01-06 09:46:03+00:00,2026-01-06 09:53:36.225081+00:00,63.0,3221.091,3221.09,3221.3,ETH
2026-01-06 09:46:04+00:00,2026-01-06 09:53:37.245402+00:00,64.0,3220.681,3220.67,3221.08,ETH
2026-01-06 09:46:05+00:00,2026-01-06 09:53:38.247113+00:00,65.0,3220.901,3220.89,3221.07,ETH
2026-01-06 09:46:06+00:00,2026-01-06 09:53:39.258082+00:00,66.0,3220.911,3220.83,3220.98,ETH
2026-01-06 09:46:07+00:00,2026-01-06 09:53:40.253590+00:00,67.0,3220.911,3220.88,3220.97,ETH
2026-01-06 09:46:08+00:00,2026-01-06 09:53:42.319882+00:00,68.0,3220.951,3220.93,3221.14,ETH
2026-01-06 09:46:09+00:00,2026-01-06 09:53:43.339751+00:00,69.0,3220.931,3220.93,3221.1,ETH
2026-01-06 09:46:10+00:00,2026-01-06 09:53:44.360480+00:00,70.0,3220.931,3220.93,3221.13,ETH
2026-01-06 09:46:11+00:00,2026-01-06 09:53:45.355512+00:00,71.0,3220.931,3220.93,3221.13,ETH
2026-01-06 09:46:12+00:00,2026-01-06 09:53:46.370677+00:00,72.0,3220.861,3220.81,3221.13,ETH
2026-01-06 09:46:13+00:00,2026-01-06 09:53:47.374216+00:00,73.0,3220.811,3220.71,3221.16,ETH
2026-01-06 09:46:14+00:00,2026-01-06 09:53:48.373855+00:00,74.0,3220.941,3220.84,3221.23,ETH
2026-01-06 09:46:15+00:00,2026-01-06 09:53:49.391833+00:00,75.0,3221.041,3220.97,3221.24,ETH
2026-01-06 09:46:16+00:00,2026-01-06 09:53:50.391339+00:00,76.0,3221.021,3220.95,3221.2,ETH
2026-01-06 09:46:17+00:00,2026-01-06 09:53:51.407409+00:00,77.0,3220.991,3220.9,3221.16,ETH
2026-01-06 09:46:18+00:00,2026-01-06 09:53:52.409390+00:00,78.0,3221.011,3220.95,3221.17,ETH
2026-01-06 09:46:19+00:00,2026-01-06 09:53:53.442616+00:00,79.0,3221.041,3220.99,3221.18,ETH
2026-01-06 09:46:20+00:00,2026-01-06 09:53:54.445756+00:00,80.0,3221.041,3220.99,3221.18,ETH
2026-01-06 09:46:21+00:00,2026-01-06 09:53:55.439170+00:00,81.0,3221.041,3220.99,3221.18,ETH
2026-01-06 09:46:22+00:00,2026-01-06 09:53:56.437960+00:00,82.0,3221.081,3221.04,3221.19,ETH
2026-01-06 09:46:23+00:00,2026-01-06 09:53:57.442351+00:00,83.0,3221.071,3221.03,3221.2,ETH
2026-01-06 09:46:24+00:00,2026-01-06 09:53:58.453451+00:00,84.0,3221.021,3220.97,3221.21,ETH
2026-01-06 09:46:25+00:00,2026-01-06 09:53:59.455125+00:00,85.0,3221.031,3220.97,3221.22,ETH
2026-01-06 09:46:26+00:00,2026-01-06 09:54:00.463900+00:00,86.0,3221.031,3220.97,3221.22,ETH
2026-01-06 09:46:27+00:00,2026-01-06 09:54:01.456632+00:00,87.0,3221.051,3220.99,3221.22,ETH
2026-01-06 09:46:28+00:00,2026-01-06 09:54:02.474738+00:00,88.0,3221.101,3221.05,3221.22,ETH
2026-01-06 09:46:29+00:00,2026-01-06 09:54:03.454937+00:00,89.0,3221.081,3221.04,3221.24,ETH
2026-01-06 09:46:30+00:00,2026-01-06 09:54:04.458516+00:00,90.0,3221.041,3220.97,3221.26,ETH
2026-01-06 09:46:31+00:00,2026-01-06 09:54:05.458586+00:00,91.0,3221.051,3220.97,3221.25,ETH
2026-01-06 09:46:32+00:00,2026-01-06 09:54:06.484631+00:00,92.0,3221.041,3220.97,3221.25,ETH
2026-01-06 09:46:33+00:00,2026-01-06 09:54:07.510591+00:00,93.0,3221.041,3220.98,3221.25,ETH
2026-01-06 09:46:34+00:00,2026-01-06 09:54:08.516629+00:00,94.0,3221.041,3220.98,3221.23,ETH
2026-01-06 09:46:35+00:00,2026-01-06 09:54:09.520175+00:00,95.0,3221.041,3221.02,3221.25,ETH
2026-01-06 09:46:36+00:00,2026-01-06 09:54:10.509481+00:00,96.0,3221.071,3221.06,3221.23,ETH
2026-01-06 09:46:37+00:00,2026-01-06 09:54:11.508641+00:00,97.0,3221.071,3221.06,3221.19,ETH
2026-01-06 09:46:38+00:00,2026-01-06 09:54:12.507133+00:00,98.0,3221.071,3221.06,3221.2,ETH
2026-01-06 09:46:39+00:00,2026-01-06 09:54:13.505983+00:00,99.0,3221.071,3221.06,3221.21,ETH
2026-01-06 09:46:40+00:00,2026-01-06 09:54:14.507804+00:00,100.0,3221.001,3220.94,3221.13,ETH
2026-01-06 09:46:41+00:00,2026-01-06 09:54:15.504966+00:00,101.0,3220.941,3220.82,3221.12,ETH
2026-01-06 09:46:42+00:00,2026-01-06 09:54:16.510556+00:00,102.0,3220.941,3220.83,3221.2,ETH
2026-01-06 09:46:43+00:00,2026-01-06 09:54:17.518822+00:00,103.0,3221.001,3220.94,3221.2,ETH
2026-01-06 09:46:44+00:00,2026-01-06 09:54:18.520940+00:00,104.0,3221.071,3221.06,3221.2,ETH
2026-01-06 09:46:45+00:00,2026-01-06 09:54:19.518612+00:00,105.0,3221.071,3221.06,3221.19,ETH
2026-01-06 09:46:46+00:00,2026-01-06 09:54:20.522904+00:00,106.0,3221.071,3221.06,3221.18,ETH
2026-01-06 09:46:47+00:00,2026-01-06 09:54:21.524280+00:00,107.0,3221.071,3221.06,3221.19,ETH
2026-01-06 09:46:48+00:00,2026-01-06 09:54:22.523286+00:00,108.0,3221.071,3221.06,3221.19,ETH
2026-01-06 09:46:49+00:00,2026-01-06 09:54:23.520813+00:00,109.0,3221.071,3221.06,3221.19,ETH
2026-01-06 09:46:50+00:00,2026-01-06 09:54:24.519180+00:00,110.0,3221.071,3221.06,3221.18,ETH
2026-01-06 09:46:51+00:00,2026-01-06 09:54:25.542369+00:00,111.0,3221.181,3221.11,3221.28,ETH
2026-01-06 09:46:52+00:00,2026-01-06 09:54:26.540717+00:00,112.0,3221.291,3221.2,3221.36,ETH
2026-01-06 09:46:53+00:00,2026-01-06 09:54:27.559483+00:00,113.0,3221.291,3221.23,3221.34,ETH
2026-01-06 09:46:54+00:00,2026-01-06 09:54:28.540152+00:00,114.0,3221.291,3221.24,3221.33,ETH
2026-01-06 09:46:55+00:00,2026-01-06 09:54:29.536398+00:00,115.0,3221.281,3221.24,3221.31,ETH
2026-01-06 09:46:56+00:00,2026-01-06 09:54:30.552223+00:00,116.0,3221.281,3221.24,3221.31,ETH
2026-01-06 09:46:57+00:00,2026-01-06 09:54:31.557744+00:00,117.0,3221.291,3221.24,3221.33,ETH
2026-01-06 09:46:58+00:00,2026-01-06 09:54:32.557432+00:00,118.0,3221.231,3221.19,3221.28,ETH
2026-01-06 09:46:59+00:00,2026-01-06 09:54:33.574242+00:00,119.0,3221.241,3221.2,3221.34,ETH
2026-01-06 09:47:00+00:00,2026-01-06 09:54:34.590578+00:00,120.0,3221.231,3221.19,3221.34,ETH
2026-01-06 09:47:01+00:00,2026-01-06 09:54:35.603217+00:00,121.0,3221.231,3221.18,3221.33,ETH
2026-01-06 09:47:02+00:00,2026-01-06 09:54:36.696986+00:00,122.0,3221.191,3221.18,3221.35,ETH
2026-01-06 09:47:03+00:00,2026-01-06 09:54:37.713719+00:00,123.0,3221.211,3221.18,3221.34,ETH
2026-01-06 09:47:04+00:00,2026-01-06 09:54:38.698024+00:00,124.0,3221.201,3221.18,3221.33,ETH
2026-01-06 09:47:05+00:00,2026-01-06 09:54:39.719534+00:00,125.0,3221.181,3221.17,3221.33,ETH
2026-01-06 09:47:06+00:00,2026-01-06 09:54:40.714932+00:00,126.0,3221.181,3221.17,3221.34,ETH
2026-01-06 09:47:07+00:00,2026-01-06 09:54:41.717040+00:00,127.0,3221.181,3221.16,3221.27,ETH
2026-01-06 09:47:08+00:00,2026-01-06 09:54:42.717412+00:00,128.0,3221.241,3221.18,3221.3,ETH
2026-01-06 09:47:09+00:00,2026-01-06 09:54:43.720508+00:00,129.0,3221.261,3221.21,3221.37,ETH
2026-01-06 09:47:10+00:00,2026-01-06 09:54:44.718614+00:00,130.0,3221.231,3221.19,3221.35,ETH
2026-01-06 09:47:11+00:00,2026-01-06 09:54:45.734726+00:00,131.0,3221.191,3221.16,3221.34,ETH
2026-01-06 09:47:12+00:00,2026-01-06 09:54:46.737448+00:00,132.0,3221.081,3220.97,3221.19,ETH
2026-01-06 09:47:13+00:00,2026-01-06 09:54:47.738303+00:00,133.0,3220.921,3220.81,3221.09,ETH
2026-01-06 09:47:14+00:00,2026-01-06 09:54:48.735607+00:00,134.0,3220.861,3220.82,3221.14,ETH
2026-01-06 09:47:15+00:00,2026-01-06 09:54:49.750934+00:00,135.0,3220.941,3220.89,3221.13,ETH
2026-01-06 09:47:16+00:00,2026-01-06 09:54:50.773701+00:00,136.0,3220.961,3220.96,3221.09,ETH
2026-01-06 09:47:17+00:00,2026-01-06 09:54:51.776128+00:00,137.0,3220.961,3220.96,3221.08,ETH
2026-01-06 09:47:18+00:00,2026-01-06 09:54:52.775924+00:00,138.0,3220.961,3220.96,3221.1,ETH
2026-01-06 09:47:19+00:00,2026-01-06 09:54:53.788831+00:00,139.0,3220.961,3220.96,3221.12,ETH
2026-01-06 09:47:20+00:00,2026-01-06 09:54:54.774255+00:00,140.0,3220.921,3220.87,3221.11,ETH
2026-01-06 09:47:21+00:00,2026-01-06 09:54:55.767776+00:00,141.0,3220.881,3220.77,3221.12,ETH
2026-01-06 09:47:22+00:00,2026-01-06 09:54:56.765191+00:00,142.0,3220.881,3220.77,3221.11,ETH
2026-01-06 09:47:23+00:00,2026-01-06 09:54:57.769216+00:00,143.0,3220.971,3220.97,3221.11,ETH
2026-01-06 09:47:24+00:00,2026-01-06 09:54:58.768234+00:00,144.0,3220.901,3220.82,3221.08,ETH
2026-01-06 09:47:25+00:00,2026-01-06 09:54:59.805382+00:00,145.0,3220.891,3220.81,3221.09,ETH
2026-01-06 09:47:26+00:00,2026-01-06 09:55:00.804991+00:00,146.0,3220.901,3220.82,3221.1,ETH
2026-01-06 09:47:27+00:00,2026-01-06 09:55:01.820814+00:00,147.0,3220.951,3220.84,3221.07,ETH
2026-01-06 09:47:28+00:00,2026-01-06 09:55:02.904360+00:00,148.0,3221.231,3221.15,3221.3,ETH
2026-01-06 09:47:29+00:00,2026-01-06 09:55:03.917451+00:00,149.0,3221.261,3221.23,3221.35,ETH
2026-01-06 09:47:30+00:00,2026-01-06 09:55:04.937222+00:00,150.0,3221.291,3221.26,3221.36,ETH
2026-01-06 09:47:31+00:00,2026-01-06 09:55:05.952466+00:00,151.0,3221.261,3221.14,3221.35,ETH
2026-01-06 09:47:32+00:00,2026-01-06 09:55:06.955513+00:00,152.0,3221.181,3221.09,3221.33,ETH
2026-01-06 09:47:33+00:00,2026-01-06 09:55:07.975216+00:00,153.0,3221.191,3221.18,3221.38,ETH
2026-01-06 09:47:34+00:00,2026-01-06 09:55:08.968383+00:00,154.0,3221.191,3221.18,3221.37,ETH
2026-01-06 09:47:35+00:00,2026-01-06 09:55:09.969725+00:00,155.0,3221.001,3220.94,3221.28,ETH
2026-01-06 09:47:36+00:00,2026-01-06 09:55:10.968372+00:00,156.0,3221.091,3221.08,3221.37,ETH
2026-01-06 09:47:37+00:00,2026-01-06 09:55:11.972709+00:00,157.0,3221.051,3220.96,3221.31,ETH
2026-01-06 09:47:38+00:00,2026-01-06 09:55:12.973361+00:00,158.0,3221.091,3221.08,3221.18,ETH
2026-01-06 09:47:39+00:00,2026-01-06 09:55:13.976715+00:00,159.0,3221.091,3221.06,3221.12,ETH
2026-01-06 09:47:40+00:00,2026-01-06 09:55:14.986761+00:00,160.0,3221.081,3221.06,3221.11,ETH
2026-01-06 09:47:41+00:00,2026-01-06 09:55:15.991016+00:00,161.0,3221.091,3221.07,3221.18,ETH
2026-01-06 09:47:42+00:00,2026-01-06 09:55:17.002900+00:00,162.0,3220.901,3220.89,3221.0,ETH
2026-01-06 09:47:43+00:00,2026-01-06 09:55:18.017399+00:00,163.0,3220.811,3220.81,3220.95,ETH
2026-01-06 09:47:44+00:00,2026-01-06 09:55:19.038919+00:00,164.0,3220.811,3220.81,3220.96,ETH
2026-01-06 09:47:45+00:00,2026-01-06 09:55:21.039993+00:00,165.0,3220.821,3220.81,3220.96,ETH
2026-01-06 09:47:46+00:00,2026-01-06 09:55:22.052762+00:00,166.0,3220.831,3220.81,3220.96,ETH
2026-01-06 09:47:47+00:00,2026-01-06 09:55:23.058084+00:00,167.0,3220.851,3220.78,3220.96,ETH
2026-01-06 09:47:48+00:00,2026-01-06 09:55:24.064283+00:00,168.0,3220.851,3220.76,3220.97,ETH
2026-01-06 09:47:49+00:00,2026-01-06 09:55:25.073795+00:00,169.0,3220.841,3220.75,3220.97,ETH
2026-01-06 09:47:50+00:00,2026-01-06 09:55:26.092917+00:00,170.0,3220.821,3220.74,3220.97,ETH
2026-01-06 09:47:51+00:00,2026-01-06 09:55:27.087357+00:00,171.0,3220.811,3220.76,3220.96,ETH
2026-01-06 09:47:52+00:00,2026-01-06 09:55:28.101314+00:00,172.0,3220.761,3220.74,3220.87,ETH
2026-01-06 09:47:53+00:00,2026-01-06 09:55:29.091145+00:00,173.0,3220.701,3220.7,3220.81,ETH
2026-01-06 09:47:54+00:00,2026-01-06 09:55:30.100427+00:00,174.0,3220.701,3220.7,3220.82,ETH
2026-01-06 09:47:55+00:00,2026-01-06 09:55:31.102777+00:00,175.0,3220.701,3220.7,3220.82,ETH
2026-01-06 09:47:56+00:00,2026-01-06 09:55:32.106990+00:00,176.0,3220.641,3220.61,3220.8,ETH
2026-01-06 09:47:57+00:00,2026-01-06 09:55:33.116741+00:00,177.0,3220.581,3220.56,3220.78,ETH
2026-01-06 09:47:58+00:00,2026-01-06 09:55:34.116689+00:00,178.0,3220.601,3220.59,3220.76,ETH
2026-01-06 09:47:59+00:00,2026-01-06 09:55:35.138377+00:00,179.0,3220.651,3220.64,3220.76,ETH
2026-01-06 09:48:01+00:00,2026-01-06 09:55:36.200225+00:00,181.0,3220.641,3220.61,3220.7,ETH
2026-01-06 09:48:02+00:00,2026-01-06 09:55:37.195322+00:00,182.0,3220.691,3220.69,3220.74,ETH
2026-01-06 09:48:03+00:00,2026-01-06 09:55:38.204316+00:00,183.0,3220.601,3220.59,3220.78,ETH
2026-01-06 09:48:04+00:00,2026-01-06 09:55:39.185760+00:00,184.0,3220.611,3220.6,3220.76,ETH
2026-01-06 09:48:05+00:00,2026-01-06 09:55:40.196881+00:00,185.0,3220.621,3220.61,3220.79,ETH
2026-01-06 09:48:06+00:00,2026-01-06 09:55:41.230760+00:00,186.0,3220.661,3220.63,3220.79,ETH
2026-01-06 09:48:07+00:00,2026-01-06 09:55:42.206464+00:00,187.0,3220.601,3220.59,3220.74,ETH
2026-01-06 09:48:08+00:00,2026-01-06 09:55:43.199419+00:00,188.0,3220.601,3220.59,3220.72,ETH
2026-01-06 09:48:09+00:00,2026-01-06 09:55:44.244017+00:00,189.0,3220.601,3220.59,3220.74,ETH
2026-01-06 09:48:10+00:00,2026-01-06 09:55:45.246963+00:00,190.0,3220.601,3220.59,3220.74,ETH
2026-01-06 09:48:11+00:00,2026-01-06 09:55:46.245745+00:00,191.0,3220.601,3220.59,3220.73,ETH
2026-01-06 09:48:12+00:00,2026-01-06 09:55:47.262485+00:00,192.0,3220.601,3220.59,3220.71,ETH
2026-01-06 09:48:13+00:00,2026-01-06 09:55:48.285650+00:00,193.0,3220.601,3220.59,3220.7,ETH
2026-01-06 09:48:14+00:00,2026-01-06 09:55:49.276770+00:00,194.0,3220.741,3220.65,3220.87,ETH
2026-01-06 09:48:15+00:00,2026-01-06 09:55:50.299239+00:00,195.0,3220.831,3220.74,3221.02,ETH
2026-01-06 09:48:16+00:00,2026-01-06 09:55:51.299957+00:00,196.0,3220.831,3220.74,3221.06,ETH
2026-01-06 09:48:17+00:00,2026-01-06 09:55:52.298480+00:00,197.0,3220.831,3220.74,3221.0,ETH
2026-01-06 09:48:18+00:00,2026-01-06 09:55:53.301253+00:00,198.0,3220.771,3220.74,3220.98,ETH
2026-01-06 09:48:19+00:00,2026-01-06 09:55:54.305875+00:00,199.0,3220.801,3220.79,3221.04,ETH
2026-01-06 09:48:20+00:00,2026-01-06 09:55:55.314034+00:00,200.0,3220.821,3220.76,3221.07,ETH
2026-01-06 09:48:21+00:00,2026-01-06 09:55:56.321263+00:00,201.0,3220.841,3220.8,3221.0,ETH
2026-01-06 09:48:22+00:00,2026-01-06 09:55:57.316351+00:00,202.0,3220.921,3220.81,3221.02,ETH
2026-01-06 09:48:23+00:00,2026-01-06 09:55:58.334947+00:00,203.0,3220.931,3220.81,3221.04,ETH
2026-01-06 09:48:24+00:00,2026-01-06 09:55:59.339366+00:00,204.0,3221.081,3220.95,3221.15,ETH
2026-01-06 09:48:25+00:00,2026-01-06 09:56:00.362715+00:00,205.0,3220.981,3220.94,3221.08,ETH
2026-01-06 09:48:26+00:00,2026-01-06 09:56:01.353753+00:00,206.0,3220.981,3220.94,3221.08,ETH
2026-01-06 09:48:27+00:00,2026-01-06 09:56:02.366832+00:00,207.0,3221.161,3221.13,3221.23,ETH
2026-01-06 09:48:28+00:00,2026-01-06 09:56:03.369903+00:00,208.0,3221.231,3220.85,3221.23,ETH
2026-01-06 09:48:29+00:00,2026-01-06 09:56:04.373047+00:00,209.0,3221.381,3221.33,3221.39,ETH
2026-01-06 09:48:30+00:00,2026-01-06 09:56:05.383985+00:00,210.0,3221.381,3221.27,3221.39,ETH
2026-01-06 09:48:31+00:00,2026-01-06 09:56:06.410651+00:00,211.0,3221.461,3221.39,3221.55,ETH
2026-01-06 09:48:32+00:00,2026-01-06 09:56:07.389276+00:00,212.0,3221.551,3221.35,3221.55,ETH
2026-01-06 09:48:33+00:00,2026-01-06 09:56:09.398672+00:00,213.0,3221.571,3221.52,3221.68,ETH
2026-01-06 09:48:34+00:00,2026-01-06 09:56:10.403567+00:00,214.0,3221.581,3221.52,3221.67,ETH
2026-01-06 09:48:35+00:00,2026-01-06 09:56:11.416621+00:00,215.0,3221.601,3221.52,3221.82,ETH
2026-01-06 09:48:36+00:00,2026-01-06 09:56:12.519969+00:00,216.0,3221.621,3221.53,3221.94,ETH
2026-01-06 09:48:37+00:00,2026-01-06 09:56:13.522480+00:00,217.0,3221.631,3221.53,3221.93,ETH
2026-01-06 09:48:38+00:00,2026-01-06 09:56:14.545421+00:00,218.0,3221.631,3221.53,3221.79,ETH
2026-01-06 09:48:39+00:00,2026-01-06 09:56:15.594346+00:00,219.0,3221.631,3221.53,3221.65,ETH
2026-01-06 09:48:40+00:00,2026-01-06 09:56:16.595200+00:00,220.0,3221.581,3221.49,3221.64,ETH
2026-01-06 09:48:41+00:00,2026-01-06 09:56:17.602649+00:00,221.0,3221.511,3221.44,3221.61,ETH
2026-01-06 09:48:42+00:00,2026-01-06 09:56:18.643716+00:00,222.0,3221.521,3221.48,3221.61,ETH
2026-01-06 09:48:43+00:00,2026-01-06 09:56:19.642879+00:00,223.0,3221.551,3221.52,3221.61,ETH
2026-01-06 09:48:44+00:00,2026-01-06 09:56:20.650478+00:00,224.0,3221.551,3221.54,3221.62,ETH
2026-01-06 09:48:46+00:00,2026-01-06 09:56:21.703243+00:00,226.0,3221.551,3221.54,3221.63,ETH
2026-01-06 09:48:47+00:00,2026-01-06 09:56:22.704024+00:00,227.0,3221.551,3221.54,3221.62,ETH
2026-01-06 09:48:48+00:00,2026-01-06 09:56:23.774971+00:00,228.0,3221.551,3221.54,3221.64,ETH
2026-01-06 09:48:49+00:00,2026-01-06 09:56:24.786580+00:00,229.0,3221.571,3221.54,3221.96,ETH
2026-01-06 09:48:50+00:00,2026-01-06 09:56:25.783297+00:00,230.0,3221.591,3221.54,3221.64,ETH
2026-01-06 09:48:51+00:00,2026-01-06 09:56:26.788102+00:00,231.0,3221.581,3221.54,3221.64,ETH
2026-01-06 09:48:52+00:00,2026-01-06 09:56:27.803200+00:00,232.0,3221.551,3221.54,3221.64,ETH
2026-01-06 09:48:53+00:00,2026-01-06 09:56:28.804658+00:00,233.0,3221.551,3221.54,3221.62,ETH
2026-01-06 09:48:54+00:00,2026-01-06 09:56:29.802371+00:00,234.0,3221.551,3221.54,3221.63,ETH
2026-01-06 09:48:55+00:00,2026-01-06 09:56:30.813014+00:00,235.0,3221.661,3221.59,3221.7,ETH
2026-01-06 09:48:56+00:00,2026-01-06 09:56:31.819441+00:00,236.0,3221.701,3221.69,3221.79,ETH
2026-01-06 09:48:57+00:00,2026-01-06 09:56:32.813054+00:00,237.0,3221.831,3221.69,3221.9,ETH
2026-01-06 09:48:58+00:00,2026-01-06 09:56:33.824439+00:00,238.0,3221.841,3221.78,3221.85,ETH
2026-01-06 09:48:59+00:00,2026-01-06 09:56:34.829545+00:00,239.0,3221.841,3221.78,3221.86,ETH
2026-01-06 09:49:00+00:00,2026-01-06 09:56:35.828938+00:00,240.0,3221.841,3221.8,3222.32,ETH
2026-01-06 09:49:01+00:00,2026-01-06 09:56:36.830402+00:00,241.0,3221.991,3221.89,3222.46,ETH
2026-01-06 09:49:02+00:00,2026-01-06 09:56:37.845812+00:00,242.0,3221.941,3221.8,3222.01,ETH
2026-01-06 09:49:03+00:00,2026-01-06 09:56:38.852846+00:00,243.0,3221.941,3221.79,3222.07,ETH
2026-01-06 09:49:04+00:00,2026-01-06 09:56:39.852305+00:00,244.0,3221.871,3221.8,3221.99,ETH
2026-01-06 09:49:05+00:00,2026-01-06 09:56:40.832699+00:00,245.0,3221.871,3221.8,3221.97,ETH
2026-01-06 09:49:06+00:00,2026-01-06 09:56:41.833306+00:00,246.0,3221.671,3221.67,3221.84,ETH
2026-01-06 09:49:07+00:00,2026-01-06 09:56:42.818712+00:00,247.0,3221.661,3221.55,3221.92,ETH
2026-01-06 09:49:08+00:00,2026-01-06 09:56:43.833392+00:00,248.0,3221.631,3221.55,3221.87,ETH
2026-01-06 09:49:09+00:00,2026-01-06 09:56:44.817155+00:00,249.0,3221.651,3221.65,3221.83,ETH
2026-01-06 09:49:10+00:00,2026-01-06 09:56:45.827937+00:00,250.0,3221.651,3221.65,3221.86,ETH
2026-01-06 09:49:11+00:00,2026-01-06 09:56:46.836634+00:00,251.0,3221.651,3221.65,3221.9,ETH
2026-01-06 09:49:12+00:00,2026-01-06 09:56:47.832787+00:00,252.0,3221.651,3221.62,3221.69,ETH
2026-01-06 09:49:13+00:00,2026-01-06 09:56:48.850498+00:00,253.0,3221.651,3221.65,3221.8,ETH
2026-01-06 09:49:14+00:00,2026-01-06 09:56:49.855164+00:00,254.0,3221.651,3221.65,3221.75,ETH
2026-01-06 09:49:15+00:00,2026-01-06 09:56:50.849284+00:00,255.0,3221.651,3221.65,3221.73,ETH
2026-01-06 09:49:16+00:00,2026-01-06 09:56:51.848277+00:00,256.0,3221.651,3221.65,3221.87,ETH
2026-01-06 09:49:17+00:00,2026-01-06 09:56:52.848567+00:00,257.0,3221.651,3221.65,3221.89,ETH
2026-01-06 09:49:18+00:00,2026-01-06 09:56:53.848111+00:00,258.0,3221.651,3221.65,3221.88,ETH
2026-01-06 09:49:19+00:00,2026-01-06 09:56:54.849974+00:00,259.0,3221.651,3221.65,3221.79,ETH
2026-01-06 09:49:20+00:00,2026-01-06 09:56:56.849030+00:00,260.0,3221.651,3221.65,3221.9,ETH
2026-01-06 09:49:21+00:00,2026-01-06 09:56:57.835258+00:00,261.0,3221.581,3221.51,3222.01,ETH
2026-01-06 09:49:22+00:00,2026-01-06 09:56:58.829537+00:00,262.0,3221.311,3221.24,3221.76,ETH
2026-01-06 09:49:23+00:00,2026-01-06 09:56:59.831476+00:00,263.0,3221.111,3221.1,3221.49,ETH
2026-01-06 09:49:24+00:00,2026-01-06 09:57:00.832334+00:00,264.0,3221.011,3220.99,3221.25,ETH
2026-01-06 09:49:25+00:00,2026-01-06 09:57:01.835141+00:00,265.0,3220.921,3220.86,3221.17,ETH
2026-01-06 09:49:26+00:00,2026-01-06 09:57:02.867528+00:00,266.0,3220.911,3220.85,3221.32,ETH
2026-01-06 09:49:27+00:00,2026-01-06 09:57:03.883492+00:00,267.0,3220.891,3220.85,3221.31,ETH
2026-01-06 09:49:28+00:00,2026-01-06 09:57:04.878402+00:00,268.0,3220.881,3220.85,3221.23,ETH
2026-01-06 09:49:29+00:00,2026-01-06 09:57:05.869382+00:00,269.0,3220.871,3220.85,3221.14,ETH
2026-01-06 09:49:30+00:00,2026-01-06 09:57:06.869611+00:00,270.0,3220.851,3220.85,3221.16,ETH
2026-01-06 09:49:31+00:00,2026-01-06 09:57:07.881553+00:00,271.0,3220.851,3220.85,3221.1,ETH
2026-01-06 09:49:32+00:00,2026-01-06 09:57:08.904994+00:00,272.0,3220.851,3220.85,3221.1,ETH
2026-01-06 09:49:33+00:00,2026-01-06 09:57:09.901026+00:00,273.0,3220.851,3220.85,3221.29,ETH
2026-01-06 09:49:34+00:00,2026-01-06 09:57:10.916459+00:00,274.0,3220.851,3220.85,3221.39,ETH
2026-01-06 09:49:35+00:00,2026-01-06 09:57:11.932285+00:00,275.0,3220.851,3220.85,3221.41,ETH
2026-01-06 09:49:36+00:00,2026-01-06 09:57:12.947256+00:00,276.0,3220.851,3220.85,3221.44,ETH
2026-01-06 09:49:37+00:00,2026-01-06 09:57:13.965450+00:00,277.0,3220.881,3220.85,3221.32,ETH
2026-01-06 09:49:38+00:00,2026-01-06 09:57:14.981294+00:00,278.0,3220.941,3220.85,3221.3,ETH
2026-01-06 09:49:39+00:00,2026-01-06 09:57:15.998333+00:00,279.0,3220.971,3220.85,3221.3,ETH
2026-01-06 09:49:40+00:00,2026-01-06 09:57:17.010666+00:00,280.0,3221.101,3221.02,3221.24,ETH
2026-01-06 09:49:41+00:00,2026-01-06 09:57:18.028729+00:00,281.0,3221.221,3221.18,3221.29,ETH
2026-01-06 09:49:42+00:00,2026-01-06 09:57:19.029908+00:00,282.0,3221.211,3221.17,3221.29,ETH
2026-01-06 09:49:43+00:00,2026-01-06 09:57:20.034742+00:00,283.0,3221.231,3221.2,3221.3,ETH
2026-01-06 09:49:44+00:00,2026-01-06 09:57:21.049107+00:00,284.0,3221.251,3221.22,3221.32,ETH
2026-01-06 09:49:45+00:00,2026-01-06 09:57:22.054884+00:00,285.0,3221.251,3221.22,3221.33,ETH
2026-01-06 09:49:46+00:00,2026-01-06 09:57:23.048866+00:00,286.0,3221.251,3221.22,3221.43,ETH
2026-01-06 09:49:47+00:00,2026-01-06 09:57:24.062674+00:00,287.0,3221.251,3221.22,3221.43,ETH
2026-01-06 09:49:48+00:00,2026-01-06 09:57:25.077134+00:00,288.0,3221.251,3221.21,3221.29,ETH
2026-01-06 09:49:49+00:00,2026-01-06 09:57:26.079959+00:00,289.0,3221.251,3221.22,3221.48,ETH
2026-01-06 09:49:50+00:00,2026-01-06 09:57:27.095618+00:00,290.0,3221.251,3221.22,3221.48,ETH
2026-01-06 09:49:51+00:00,2026-01-06 09:57:28.095526+00:00,291.0,3221.251,3221.22,3221.47,ETH
2026-01-06 09:49:52+00:00,2026-01-06 09:57:29.104924+00:00,292.0,3221.251,3221.22,3221.47,ETH
2026-01-06 09:49:53+00:00,2026-01-06 09:57:30.103243+00:00,293.0,3221.251,3221.22,3221.32,ETH
2026-01-06 09:49:54+00:00,2026-01-06 09:57:31.123718+00:00,294.0,3221.281,3221.28,3221.42,ETH
2026-01-06 09:49:55+00:00,2026-01-06 09:57:32.129906+00:00,295.0,3221.281,3221.25,3221.4,ETH
2026-01-06 09:49:56+00:00,2026-01-06 09:57:33.124645+00:00,296.0,3221.291,3221.28,3221.55,ETH
2026-01-06 09:49:57+00:00,2026-01-06 09:57:34.145277+00:00,297.0,3221.291,3221.28,3221.63,ETH
2026-01-06 09:49:58+00:00,2026-01-06 09:57:35.165911+00:00,298.0,3221.291,3221.28,3221.66,ETH
2026-01-06 09:49:59+00:00,2026-01-06 09:57:36.170061+00:00,299.0,3221.291,3221.28,3221.64,ETH
2026-01-06 09:50:00+00:00,2026-01-06 09:57:37.177461+00:00,300.0,3221.291,3221.28,3221.4,ETH
2026-01-06 09:50:01+00:00,2026-01-06 09:57:38.178991+00:00,301.0,3221.291,3221.28,3221.61,ETH
2026-01-06 09:50:02+00:00,2026-01-06 09:57:39.225714+00:00,302.0,3221.291,3221.28,3221.51,ETH
2026-01-06 09:50:03+00:00,2026-01-06 09:57:40.208213+00:00,303.0,3221.331,3221.31,3221.44,ETH
2026-01-06 09:50:04+00:00,2026-01-06 09:57:41.215620+00:00,304.0,3221.361,3221.34,3221.55,ETH
2026-01-06 09:50:05+00:00,2026-01-06 09:57:42.239110+00:00,305.0,3221.361,3221.34,3221.54,ETH
2026-01-06 09:50:06+00:00,2026-01-06 09:57:43.245271+00:00,306.0,3221.361,3221.34,3221.46,ETH
2026-01-06 09:50:07+00:00,2026-01-06 09:57:44.247211+00:00,307.0,3221.371,3221.34,3221.47,ETH
2026-01-06 09:50:08+00:00,2026-01-06 09:57:45.240547+00:00,308.0,3221.371,3221.35,3221.49,ETH
2026-01-06 09:50:09+00:00,2026-01-06 09:57:46.243227+00:00,309.0,3221.371,3221.36,3221.49,ETH
2026-01-06 09:50:10+00:00,2026-01-06 09:57:47.243981+00:00,310.0,3221.341,3221.3,3221.51,ETH
2026-01-06 09:50:11+00:00,2026-01-06 09:57:48.241211+00:00,311.0,3221.581,3221.4,3221.7,ETH
2026-01-06 09:50:12+00:00,2026-01-06 09:57:49.243062+00:00,312.0,3221.591,3221.48,3221.71,ETH
2026-01-06 09:50:13+00:00,2026-01-06 09:57:50.267776+00:00,313.0,3221.611,3221.51,3221.71,ETH
2026-01-06 09:50:14+00:00,2026-01-06 09:57:51.272637+00:00,314.0,3221.971,3221.74,3222.25,ETH
2026-01-06 09:50:15+00:00,2026-01-06 09:57:52.265845+00:00,315.0,3221.951,3221.86,3221.98,ETH
2026-01-06 09:50:16+00:00,2026-01-06 09:57:53.278975+00:00,316.0,3221.961,3221.92,3222.08,ETH
2026-01-06 09:50:17+00:00,2026-01-06 09:57:54.315661+00:00,317.0,3221.971,3221.97,3222.18,ETH
2026-01-06 09:50:18+00:00,2026-01-06 09:57:55.299800+00:00,318.0,3221.911,3221.87,3221.98,ETH
2026-01-06 09:50:19+00:00,2026-01-06 09:57:56.298344+00:00,319.0,3221.871,3221.8,3221.98,ETH
2026-01-06 09:50:20+00:00,2026-01-06 09:57:57.313010+00:00,320.0,3222.101,3222.06,3222.13,ETH
2026-01-06 09:50:21+00:00,2026-01-06 09:57:58.314435+00:00,321.0,3222.051,3221.99,3222.13,ETH
2026-01-06 09:50:22+00:00,2026-01-06 09:57:59.330056+00:00,322.0,3222.061,3222.02,3222.12,ETH
2026-01-06 09:50:23+00:00,2026-01-06 09:58:00.358502+00:00,323.0,3222.031,3222.0,3222.12,ETH
2026-01-06 09:50:24+00:00,2026-01-06 09:58:01.351270+00:00,324.0,3222.031,3222.0,3222.12,ETH
2026-01-06 09:50:25+00:00,2026-01-06 09:58:02.362351+00:00,325.0,3222.061,3222.03,3222.12,ETH
2026-01-06 09:50:26+00:00,2026-01-06 09:58:03.363057+00:00,326.0,3222.141,3221.98,3222.14,ETH
2026-01-06 09:50:27+00:00,2026-01-06 09:58:04.395168+00:00,327.0,3222.241,3222.04,3222.28,ETH
2026-01-06 09:50:28+00:00,2026-01-06 09:58:05.394992+00:00,328.0,3222.271,3222.24,3222.29,ETH
2026-01-06 09:50:29+00:00,2026-01-06 09:58:06.397419+00:00,329.0,3222.261,3222.04,3222.38,ETH
2026-01-06 09:50:30+00:00,2026-01-06 09:58:07.398360+00:00,330.0,3222.341,3222.25,3222.44,ETH
2026-01-06 09:50:31+00:00,2026-01-06 09:58:08.445210+00:00,331.0,3222.341,3222.25,3222.53,ETH
2026-01-06 09:50:32+00:00,2026-01-06 09:58:09.441747+00:00,332.0,3222.341,3222.25,3222.62,ETH
2026-01-06 09:50:33+00:00,2026-01-06 09:58:11.451154+00:00,333.0,3222.311,3222.23,3222.55,ETH
2026-01-06 09:50:34+00:00,2026-01-06 09:58:12.462325+00:00,334.0,3222.341,3222.28,3222.58,ETH
2026-01-06 09:50:35+00:00,2026-01-06 09:58:13.464247+00:00,335.0,3222.381,3222.33,3222.69,ETH
2026-01-06 09:50:36+00:00,2026-01-06 09:58:14.500612+00:00,336.0,3222.381,3222.33,3222.58,ETH
2026-01-06 09:50:37+00:00,2026-01-06 09:58:15.496065+00:00,337.0,3222.361,3222.3,3222.57,ETH
2026-01-06 09:50:38+00:00,2026-01-06 09:58:16.499663+00:00,338.0,3222.361,3222.31,3222.63,ETH
2026-01-06 09:50:39+00:00,2026-01-06 09:58:17.511156+00:00,339.0,3222.381,3222.35,3222.68,ETH
2026-01-06 09:50:40+00:00,2026-01-06 09:58:18.496535+00:00,340.0,3222.441,3222.4,3222.71,ETH
2026-01-06 09:50:41+00:00,2026-01-06 09:58:19.495633+00:00,341.0,3222.511,3222.44,3222.71,ETH
2026-01-06 09:50:42+00:00,2026-01-06 09:58:20.493214+00:00,342.0,3222.551,3222.46,3222.78,ETH
2026-01-06 09:50:43+00:00,2026-01-06 09:58:21.512185+00:00,343.0,3222.531,3222.46,3222.86,ETH
2026-01-06 09:50:44+00:00,2026-01-06 09:58:22.522047+00:00,344.0,3222.531,3222.43,3222.79,ETH
2026-01-06 09:50:45+00:00,2026-01-06 09:58:23.582443+00:00,345.0,3222.531,3222.43,3222.72,ETH
2026-01-06 09:50:46+00:00,2026-01-06 09:58:24.593060+00:00,346.0,3222.531,3222.46,3222.8,ETH
2026-01-06 09:50:47+00:00,2026-01-06 09:58:25.591743+00:00,347.0,3222.531,3222.47,3222.8,ETH
2026-01-06 09:50:48+00:00,2026-01-06 09:58:26.594031+00:00,348.0,3222.561,3222.43,3222.76,ETH
2026-01-06 09:50:49+00:00,2026-01-06 09:58:27.591569+00:00,349.0,3222.601,3222.44,3222.82,ETH
2026-01-06 09:50:50+00:00,2026-01-06 09:58:28.594018+00:00,350.0,3222.601,3222.52,3222.91,ETH
2026-01-06 09:50:51+00:00,2026-01-06 09:58:29.609091+00:00,351.0,3222.601,3222.56,3222.96,ETH
2026-01-06 09:50:52+00:00,2026-01-06 09:58:30.600554+00:00,352.0,3222.601,3222.55,3222.94,ETH
2026-01-06 09:50:53+00:00,2026-01-06 09:58:31.642640+00:00,353.0,3222.601,3222.55,3222.95,ETH
2026-01-06 09:50:55+00:00,2026-01-06 09:58:32.702406+00:00,355.0,3222.711,3222.65,3222.95,ETH
2026-01-06 09:50:56+00:00,2026-01-06 09:58:33.697748+00:00,356.0,3222.711,3222.67,3222.89,ETH
2026-01-06 09:50:57+00:00,2026-01-06 09:58:34.706985+00:00,357.0,3222.711,3222.7,3222.83,ETH
2026-01-06 09:50:58+00:00,2026-01-06 09:58:36.679428+00:00,358.0,3222.611,3222.55,3222.89,ETH
2026-01-06 09:50:59+00:00,2026-01-06 09:58:37.678479+00:00,359.0,3222.611,3222.56,3222.85,ETH
2026-01-06 09:51:00+00:00,2026-01-06 09:58:38.675469+00:00,360.0,3222.611,3222.56,3222.9,ETH
2026-01-06 09:51:01+00:00,2026-01-06 09:58:39.679350+00:00,361.0,3222.581,3222.52,3222.8,ETH
2026-01-06 09:51:02+00:00,2026-01-06 09:58:40.678091+00:00,362.0,3222.541,3222.47,3222.71,ETH
2026-01-06 09:51:03+00:00,2026-01-06 09:58:41.680847+00:00,363.0,3222.521,3222.46,3222.71,ETH
2026-01-06 09:51:04+00:00,2026-01-06 09:58:42.697186+00:00,364.0,3222.321,3222.23,3222.51,ETH
2026-01-06 09:51:05+00:00,2026-01-06 09:58:43.711832+00:00,365.0,3222.151,3222.02,3222.3,ETH
2026-01-06 09:51:06+00:00,2026-01-06 09:58:44.715131+00:00,366.0,3222.041,3221.97,3222.28,ETH
2026-01-06 09:51:07+00:00,2026-01-06 09:58:45.725666+00:00,367.0,3221.931,3221.9,3222.27,ETH
2026-01-06 09:51:08+00:00,2026-01-06 09:58:46.724782+00:00,368.0,3221.931,3221.9,3222.27,ETH
2026-01-06 09:51:10+00:00,2026-01-06 09:58:47.778280+00:00,370.0,3221.971,3221.91,3222.11,ETH
2026-01-06 09:51:11+00:00,2026-01-06 09:58:48.773824+00:00,371.0,3221.971,3221.91,3222.13,ETH
2026-01-06 09:51:12+00:00,2026-01-06 09:58:49.764755+00:00,372.0,3221.941,3221.9,3222.14,ETH
2026-01-06 09:51:13+00:00,2026-01-06 09:58:50.858362+00:00,373.0,3221.941,3221.9,3222.12,ETH
2026-01-06 09:51:14+00:00,2026-01-06 09:58:51.860285+00:00,374.0,3221.941,3221.9,3222.12,ETH
2026-01-06 09:51:15+00:00,2026-01-06 09:58:52.877530+00:00,375.0,3221.911,3221.9,3222.08,ETH
2026-01-06 09:51:16+00:00,2026-01-06 09:58:53.891929+00:00,376.0,3221.911,3221.9,3222.08,ETH
2026-01-06 09:51:17+00:00,2026-01-06 09:58:54.893766+00:00,377.0,3221.911,3221.9,3222.11,ETH
2026-01-06 09:51:18+00:00,2026-01-06 09:58:55.895218+00:00,378.0,3221.911,3221.9,3222.06,ETH
2026-01-06 09:51:19+00:00,2026-01-06 09:58:56.900576+00:00,379.0,3221.911,3221.9,3222.09,ETH
2026-01-06 09:51:20+00:00,2026-01-06 09:58:57.908090+00:00,380.0,3221.911,3221.9,3222.07,ETH
2026-01-06 09:51:21+00:00,2026-01-06 09:58:58.936332+00:00,381.0,3221.911,3221.89,3222.06,ETH
2026-01-06 09:51:22+00:00,2026-01-06 09:58:59.914942+00:00,382.0,3221.911,3221.89,3222.06,ETH
2026-01-06 09:51:23+00:00,2026-01-06 09:59:02.054920+00:00,383.0,3221.801,3221.74,3221.89,ETH
2026-01-06 09:51:24+00:00,2026-01-06 09:59:03.041498+00:00,384.0,3221.681,3221.62,3221.7,ETH
2026-01-06 09:51:25+00:00,2026-01-06 09:59:04.045946+00:00,385.0,3221.681,3221.66,3221.71,ETH
2026-01-06 09:51:26+00:00,2026-01-06 09:59:05.062766+00:00,386.0,3221.691,3221.66,3221.72,ETH
2026-01-06 09:51:27+00:00,2026-01-06 09:59:06.062462+00:00,387.0,3221.681,3221.65,3221.71,ETH
2026-01-06 09:51:28+00:00,2026-01-06 09:59:07.073070+00:00,388.0,3221.691,3221.67,3221.74,ETH
2026-01-06 09:51:29+00:00,2026-01-06 09:59:08.064398+00:00,389.0,3221.691,3221.66,3221.74,ETH
2026-01-06 09:51:30+00:00,2026-01-06 09:59:09.065565+00:00,390.0,3221.691,3221.66,3221.72,ETH
2026-01-06 09:51:31+00:00,2026-01-06 09:59:10.064470+00:00,391.0,3221.691,3221.66,3221.72,ETH
2026-01-06 09:51:32+00:00,2026-01-06 09:59:11.076604+00:00,392.0,3221.691,3221.66,3221.72,ETH
2026-01-06 09:51:33+00:00,2026-01-06 09:59:12.076925+00:00,393.0,3221.691,3221.67,3221.72,ETH
2026-01-06 09:51:34+00:00,2026-01-06 09:59:13.083516+00:00,394.0,3221.691,3221.67,3221.73,ETH
2026-01-06 09:51:35+00:00,2026-01-06 09:59:14.095490+00:00,395.0,3221.691,3221.66,3221.72,ETH
2026-01-06 09:51:36+00:00,2026-01-06 09:59:15.104137+00:00,396.0,3221.691,3221.67,3221.75,ETH
2026-01-06 09:51:37+00:00,2026-01-06 09:59:16.113450+00:00,397.0,3221.681,3221.67,3221.75,ETH
2026-01-06 09:51:38+00:00,2026-01-06 09:59:17.114869+00:00,398.0,3221.681,3221.67,3221.75,ETH
2026-01-06 09:51:39+00:00,2026-01-06 09:59:18.120202+00:00,399.0,3221.701,3221.69,3221.79,ETH
2026-01-06 09:51:40+00:00,2026-01-06 09:59:19.106196+00:00,400.0,3221.551,3221.55,3221.67,ETH
2026-01-06 09:51:41+00:00,2026-01-06 09:59:20.114596+00:00,401.0,3221.411,3221.4,3221.6,ETH
2026-01-06 09:51:42+00:00,2026-01-06 09:59:21.106320+00:00,402.0,3221.411,3221.4,3221.64,ETH
2026-01-06 09:51:43+00:00,2026-01-06 09:59:22.129264+00:00,403.0,3221.411,3221.4,3221.61,ETH
2026-01-06 09:51:44+00:00,2026-01-06 09:59:23.140343+00:00,404.0,3221.411,3221.4,3221.57,ETH
2026-01-06 09:51:45+00:00,2026-01-06 09:59:24.157258+00:00,405.0,3221.411,3221.4,3221.62,ETH
2026-01-06 09:51:46+00:00,2026-01-06 09:59:25.159910+00:00,406.0,3221.551,3221.54,3221.78,ETH
2026-01-06 09:51:47+00:00,2026-01-06 09:59:26.189502+00:00,407.0,3221.741,3221.68,3221.86,ETH
2026-01-06 09:51:48+00:00,2026-01-06 09:59:27.198348+00:00,408.0,3221.811,3221.75,3221.86,ETH
2026-01-06 09:51:49+00:00,2026-01-06 09:59:28.191497+00:00,409.0,3221.911,3221.89,3222.03,ETH
2026-01-06 09:51:50+00:00,2026-01-06 09:59:29.209166+00:00,410.0,3222.011,3221.98,3222.11,ETH
2026-01-06 09:51:51+00:00,2026-01-06 09:59:30.220187+00:00,411.0,3222.051,3221.98,3222.08,ETH
2026-01-06 09:51:52+00:00,2026-01-06 09:59:31.189956+00:00,412.0,3222.071,3221.99,3222.21,ETH
2026-01-06 09:51:53+00:00,2026-01-06 09:59:32.201493+00:00,413.0,3222.071,3221.99,3222.31,ETH
2026-01-06 09:51:54+00:00,2026-01-06 09:59:33.196965+00:00,414.0,3222.081,3221.99,3222.32,ETH
2026-01-06 09:51:55+00:00,2026-01-06 09:59:34.190748+00:00,415.0,3222.081,3221.99,3222.33,ETH
2026-01-06 09:51:56+00:00,2026-01-06 09:59:35.212209+00:00,416.0,3222.141,3222.04,3222.29,ETH
2026-01-06 09:51:57+00:00,2026-01-06 09:59:36.204961+00:00,417.0,3222.181,3222.09,3222.23,ETH
2026-01-06 09:51:58+00:00,2026-01-06 09:59:37.207059+00:00,418.0,3222.181,3222.1,3222.32,ETH
2026-01-06 09:51:59+00:00,2026-01-06 09:59:38.221451+00:00,419.0,3222.291,3222.15,3222.43,ETH
2026-01-06 09:52:00+00:00,2026-01-06 09:59:39.212033+00:00,420.0,3222.401,3222.19,3222.5,ETH
2026-01-06 09:52:01+00:00,2026-01-06 09:59:40.219491+00:00,421.0,3222.331,3222.19,3222.46,ETH
2026-01-06 09:52:02+00:00,2026-01-06 09:59:41.228536+00:00,422.0,3222.261,3222.19,3222.36,ETH
2026-01-06 09:52:03+00:00,2026-01-06 09:59:42.238957+00:00,423.0,3222.271,3222.19,3222.36,ETH
2026-01-06 09:52:04+00:00,2026-01-06 09:59:43.244753+00:00,424.0,3222.291,3222.19,3222.35,ETH
2026-01-06 09:52:05+00:00,2026-01-06 09:59:44.259307+00:00,425.0,3222.301,3222.19,3222.36,ETH
2026-01-06 09:52:06+00:00,2026-01-06 09:59:45.257230+00:00,426.0,3222.301,3222.22,3222.39,ETH
2026-01-06 09:52:07+00:00,2026-01-06 09:59:46.261691+00:00,427.0,3222.341,3222.24,3222.41,ETH
2026-01-06 09:52:08+00:00,2026-01-06 09:59:47.274802+00:00,428.0,3222.361,3222.24,3222.43,ETH
2026-01-06 09:52:09+00:00,2026-01-06 09:59:48.271347+00:00,429.0,3222.341,3222.24,3222.45,ETH
2026-01-06 09:52:10+00:00,2026-01-06 09:59:49.275575+00:00,430.0,3222.321,3222.24,3222.4,ETH
2026-01-06 09:52:11+00:00,2026-01-06 09:59:50.291109+00:00,431.0,3222.311,3222.24,3222.37,ETH
2026-01-06 09:52:12+00:00,2026-01-06 09:59:51.297256+00:00,432.0,3222.341,3222.28,3222.45,ETH
2026-01-06 09:52:13+00:00,2026-01-06 09:59:52.307078+00:00,433.0,3222.381,3222.38,3222.46,ETH
2026-01-06 09:52:14+00:00,2026-01-06 09:59:53.327879+00:00,434.0,3222.741,3222.59,3222.98,ETH
2026-01-06 09:52:15+00:00,2026-01-06 09:59:54.339604+00:00,435.0,3222.741,3222.72,3222.8,ETH
2026-01-06 09:52:16+00:00,2026-01-06 09:59:55.326614+00:00,436.0,3222.781,3222.73,3222.82,ETH
2026-01-06 09:52:17+00:00,2026-01-06 09:59:56.338086+00:00,437.0,3222.761,3222.69,3222.79,ETH
2026-01-06 09:52:18+00:00,2026-01-06 09:59:57.344626+00:00,438.0,3222.731,3222.61,3222.99,ETH
2026-01-06 09:52:19+00:00,2026-01-06 09:59:58.343392+00:00,439.0,3222.731,3222.61,3222.79,ETH
2026-01-06 09:52:20+00:00,2026-01-06 09:59:59.346761+00:00,440.0,3222.701,3222.61,3222.79,ETH
2026-01-06 09:52:21+00:00,2026-01-06 10:00:00.347902+00:00,441.0,3222.711,3222.61,3222.96,ETH
2026-01-06 09:52:22+00:00,2026-01-06 10:00:01.338043+00:00,442.0,3222.741,3222.73,3222.96,ETH
2026-01-06 09:52:23+00:00,2026-01-06 10:00:02.341947+00:00,443.0,3222.741,3222.72,3222.78,ETH
2026-01-06 09:52:24+00:00,2026-01-06 10:00:03.362025+00:00,444.0,3222.741,3222.73,3222.86,ETH
2026-01-06 09:52:25+00:00,2026-01-06 10:00:04.367413+00:00,445.0,3222.741,3222.73,3223.02,ETH
2026-01-06 09:52:26+00:00,2026-01-06 10:00:05.342893+00:00,446.0,3222.741,3222.73,3223.02,ETH
2026-01-06 09:52:27+00:00,2026-01-06 10:00:06.360972+00:00,447.0,3222.881,3222.8,3223.04,ETH
2026-01-06 09:52:28+00:00,2026-01-06 10:00:07.378262+00:00,448.0,3222.881,3222.84,3223.13,ETH
2026-01-06 09:52:29+00:00,2026-01-06 10:00:08.377181+00:00,449.0,3223.101,3222.99,3223.16,ETH
2026-01-06 09:52:30+00:00,2026-01-06 10:00:09.373300+00:00,450.0,3223.101,3222.98,3223.15,ETH
2026-01-06 09:52:31+00:00,2026-01-06 10:00:10.380351+00:00,451.0,3223.101,3222.98,3223.24,ETH
2026-01-06 09:52:32+00:00,2026-01-06 10:00:11.381478+00:00,452.0,3223.101,3222.98,3223.24,ETH
2026-01-06 09:52:33+00:00,2026-01-06 10:00:12.376961+00:00,453.0,3223.101,3222.98,3223.18,ETH
2026-01-06 09:52:34+00:00,2026-01-06 10:00:13.416138+00:00,454.0,3223.101,3222.98,3223.25,ETH
2026-01-06 09:52:35+00:00,2026-01-06 10:00:14.408734+00:00,455.0,3223.101,3222.98,3223.14,ETH
2026-01-06 09:52:36+00:00,2026-01-06 10:00:15.447819+00:00,456.0,3223.101,3222.98,3223.26,ETH
2026-01-06 09:52:37+00:00,2026-01-06 10:00:16.447543+00:00,457.0,3223.101,3222.97,3223.25,ETH
2026-01-06 09:52:38+00:00,2026-01-06 10:00:17.463128+00:00,458.0,3223.101,3222.97,3223.15,ETH
2026-01-06 09:52:39+00:00,2026-01-06 10:00:18.456883+00:00,459.0,3222.891,3222.83,3223.15,ETH
2026-01-06 09:52:40+00:00,2026-01-06 10:00:19.457938+00:00,460.0,3222.891,3222.82,3223.12,ETH
2026-01-06 09:52:41+00:00,2026-01-06 10:00:20.458273+00:00,461.0,3222.891,3222.83,3223.14,ETH
2026-01-06 09:52:42+00:00,2026-01-06 10:00:21.457077+00:00,462.0,3222.891,3222.79,3223.23,ETH
2026-01-06 09:52:43+00:00,2026-01-06 10:00:22.457953+00:00,463.0,3222.931,3222.79,3223.23,ETH
2026-01-06 09:52:44+00:00,2026-01-06 10:00:23.455314+00:00,464.0,3222.811,3222.74,3223.06,ETH
2026-01-06 09:52:45+00:00,2026-01-06 10:00:24.458026+00:00,465.0,3223.001,3222.82,3223.16,ETH
2026-01-06 09:52:46+00:00,2026-01-06 10:00:25.454879+00:00,466.0,3223.001,3222.89,3223.15,ETH
2026-01-06 09:52:47+00:00,2026-01-06 10:00:26.493144+00:00,467.0,3223.011,3222.89,3223.13,ETH
2026-01-06 09:52:48+00:00,2026-01-06 10:00:27.505942+00:00,468.0,3222.961,3222.87,3223.19,ETH
2026-01-06 09:52:49+00:00,2026-01-06 10:00:28.510585+00:00,469.0,3222.961,3222.87,3223.18,ETH
2026-01-06 09:52:50+00:00,2026-01-06 10:00:29.525336+00:00,470.0,3222.961,3222.88,3223.22,ETH
2026-01-06 09:52:51+00:00,2026-01-06 10:00:30.540909+00:00,471.0,3222.961,3222.88,3223.22,ETH
2026-01-06 09:52:52+00:00,2026-01-06 10:00:31.543706+00:00,472.0,3222.961,3222.88,3223.23,ETH
2026-01-06 09:52:53+00:00,2026-01-06 10:00:32.556648+00:00,473.0,3222.961,3222.87,3223.23,ETH
2026-01-06 09:52:54+00:00,2026-01-06 10:00:33.545529+00:00,474.0,3222.961,3222.88,3223.23,ETH
2026-01-06 09:52:55+00:00,2026-01-06 10:00:34.582626+00:00,475.0,3222.961,3222.88,3223.23,ETH
2026-01-06 09:52:56+00:00,2026-01-06 10:00:35.591454+00:00,476.0,3223.071,3222.88,3223.22,ETH
2026-01-06 09:52:57+00:00,2026-01-06 10:00:36.596941+00:00,477.0,3222.961,3222.88,3223.22,ETH
2026-01-06 09:52:58+00:00,2026-01-06 10:00:37.615067+00:00,478.0,3222.961,3222.88,3223.22,ETH
2026-01-06 09:52:59+00:00,2026-01-06 10:00:38.604681+00:00,479.0,3222.961,3222.88,3223.23,ETH
2026-01-06 09:53:00+00:00,2026-01-06 10:00:40.623457+00:00,480.0,3222.961,3222.88,3223.21,ETH
2026-01-06 09:53:01+00:00,2026-01-06 10:00:41.636574+00:00,481.0,3222.961,3222.88,3223.2,ETH
2026-01-06 09:53:02+00:00,2026-01-06 10:00:42.646843+00:00,482.0,3222.971,3222.87,3223.25,ETH
2026-01-06 09:53:03+00:00,2026-01-06 10:00:43.637754+00:00,483.0,3222.991,3222.88,3223.28,ETH
2026-01-06 09:53:04+00:00,2026-01-06 10:00:44.650987+00:00,484.0,3222.991,3222.88,3223.26,ETH
2026-01-06 09:53:05+00:00,2026-01-06 10:00:45.651388+00:00,485.0,3222.991,3222.87,3223.24,ETH
2026-01-06 09:53:06+00:00,2026-01-06 10:00:46.654957+00:00,486.0,3222.991,3222.88,3223.27,ETH
2026-01-06 09:53:07+00:00,2026-01-06 10:00:47.655671+00:00,487.0,3222.981,3222.88,3223.27,ETH
2026-01-06 09:53:08+00:00,2026-01-06 10:00:48.657599+00:00,488.0,3222.961,3222.89,3223.24,ETH
2026-01-06 09:53:09+00:00,2026-01-06 10:00:49.657940+00:00,489.0,3223.021,3222.89,3223.29,ETH
2026-01-06 09:53:10+00:00,2026-01-06 10:00:50.658554+00:00,490.0,3223.121,3222.99,3223.33,ETH
2026-01-06 09:53:12+00:00,2026-01-06 10:00:51.699922+00:00,492.0,3223.181,3223.1,3223.32,ETH
2026-01-06 09:53:13+00:00,2026-01-06 10:00:52.738188+00:00,493.0,3223.181,3223.1,3223.47,ETH
2026-01-06 09:53:14+00:00,2026-01-06 10:00:53.750228+00:00,494.0,3223.021,3222.95,3223.27,ETH
2026-01-06 09:53:15+00:00,2026-01-06 10:00:54.723090+00:00,495.0,3223.021,3222.95,3223.27,ETH
2026-01-06 09:53:16+00:00,2026-01-06 10:00:55.716496+00:00,496.0,3223.091,3222.92,3223.49,ETH
2026-01-06 09:53:17+00:00,2026-01-06 10:00:56.715364+00:00,497.0,3223.511,3223.15,3223.85,ETH
2026-01-06 09:53:18+00:00,2026-01-06 10:00:57.734006+00:00,498.0,3224.391,3224.38,3224.4,ETH
2026-01-06 09:53:19+00:00,2026-01-06 10:00:58.734831+00:00,499.0,3225.311,3225.2,3225.47,ETH
2026-01-06 09:53:20+00:00,2026-01-06 10:00:59.731547+00:00,500.0,3225.371,3225.26,3225.49,ETH
2026-01-06 09:53:21+00:00,2026-01-06 10:01:00.743597+00:00,501.0,3225.981,3225.95,3226.07,ETH
2026-01-06 09:53:22+00:00,2026-01-06 10:01:01.756313+00:00,502.0,3225.391,3225.3,3225.44,ETH
2026-01-06 09:53:23+00:00,2026-01-06 10:01:02.774710+00:00,503.0,3225.011,3224.51,3225.06,ETH
2026-01-06 09:53:24+00:00,2026-01-06 10:01:03.775302+00:00,504.0,3224.761,3224.76,3225.0,ETH
2026-01-06 09:53:27+00:00,2026-01-06 10:01:07.585110+00:00,507.0,3224.521,3224.51,3224.66,ETH
2026-01-06 09:53:28+00:00,2026-01-06 10:01:08.590805+00:00,508.0,3224.521,3224.51,3224.61,ETH
2026-01-06 09:53:29+00:00,2026-01-06 10:01:09.639160+00:00,509.0,3224.521,3224.51,3224.61,ETH
2026-01-06 09:53:30+00:00,2026-01-06 10:01:10.657701+00:00,510.0,3223.731,3223.72,3224.03,ETH
2026-01-06 09:53:31+00:00,2026-01-06 10:01:11.677165+00:00,511.0,3223.731,3223.72,3224.05,ETH
2026-01-06 09:53:32+00:00,2026-01-06 10:01:12.707187+00:00,512.0,3223.651,3223.64,3223.94,ETH
2026-01-06 09:53:33+00:00,2026-01-06 10:01:13.710742+00:00,513.0,3223.741,3223.69,3223.99,ETH
2026-01-06 09:53:34+00:00,2026-01-06 10:01:14.712415+00:00,514.0,3223.741,3223.68,3224.0,ETH
2026-01-06 09:53:35+00:00,2026-01-06 10:01:15.718029+00:00,515.0,3223.651,3223.64,3223.99,ETH
2026-01-06 09:53:36+00:00,2026-01-06 10:01:16.746834+00:00,516.0,3223.651,3223.64,3224.04,ETH
2026-01-06 09:53:37+00:00,2026-01-06 10:01:17.754889+00:00,517.0,3223.651,3223.64,3224.13,ETH
2026-01-06 09:53:38+00:00,2026-01-06 10:01:18.757827+00:00,518.0,3223.781,3223.77,3224.17,ETH
2026-01-06 09:53:39+00:00,2026-01-06 10:01:19.754910+00:00,519.0,3223.931,3223.92,3224.16,ETH
2026-01-06 09:53:40+00:00,2026-01-06 10:01:20.773765+00:00,520.0,3224.071,3224.02,3224.37,ETH
2026-01-06 09:53:41+00:00,2026-01-06 10:01:21.773376+00:00,521.0,3224.271,3224.19,3224.65,ETH
2026-01-06 09:53:42+00:00,2026-01-06 10:01:22.773786+00:00,522.0,3224.341,3224.29,3224.62,ETH
2026-01-06 09:53:43+00:00,2026-01-06 10:01:23.784783+00:00,523.0,3224.241,3224.12,3224.54,ETH
2026-01-06 09:53:44+00:00,2026-01-06 10:01:24.789104+00:00,524.0,3224.131,3223.99,3224.54,ETH
2026-01-06 09:53:45+00:00,2026-01-06 10:01:25.800272+00:00,525.0,3224.121,3224.03,3224.53,ETH
2026-01-06 09:53:46+00:00,2026-01-06 10:01:26.789824+00:00,526.0,3224.101,3224.03,3224.47,ETH
2026-01-06 09:53:47+00:00,2026-01-06 10:01:27.805511+00:00,527.0,3224.091,3224.03,3224.35,ETH
2026-01-06 09:53:48+00:00,2026-01-06 10:01:28.843738+00:00,528.0,3224.111,3224.03,3224.36,ETH
2026-01-06 09:53:49+00:00,2026-01-06 10:01:29.837804+00:00,529.0,3224.201,3224.15,3224.49,ETH
2026-01-06 09:53:50+00:00,2026-01-06 10:01:30.846044+00:00,530.0,3224.301,3224.28,3224.45,ETH
2026-01-06 09:53:51+00:00,2026-01-06 10:01:31.876707+00:00,531.0,3224.301,3224.29,3224.36,ETH
2026-01-06 09:53:52+00:00,2026-01-06 10:01:32.893283+00:00,532.0,3224.301,3224.3,3224.44,ETH
2026-01-06 09:53:53+00:00,2026-01-06 10:01:33.890637+00:00,533.0,3224.301,3224.3,3224.47,ETH
2026-01-06 09:53:54+00:00,2026-01-06 10:01:34.886643+00:00,534.0,3224.321,3224.3,3224.43,ETH
2026-01-06 09:53:55+00:00,2026-01-06 10:01:35.932689+00:00,535.0,3224.321,3224.3,3224.43,ETH
2026-01-06 09:53:56+00:00,2026-01-06 10:01:36.954732+00:00,536.0,3224.301,3224.27,3224.39,ETH
2026-01-06 09:53:57+00:00,2026-01-06 10:01:37.952055+00:00,537.0,3224.171,3224.14,3224.29,ETH
2026-01-06 09:53:58+00:00,2026-01-06 10:01:38.956093+00:00,538.0,3224.031,3224.03,3224.28,ETH
2026-01-06 09:53:59+00:00,2026-01-06 10:01:39.952275+00:00,539.0,3224.031,3224.02,3224.26,ETH
2026-01-06 09:54:00+00:00,2026-01-06 10:01:40.954047+00:00,540.0,3223.961,3223.94,3224.1,ETH
2026-01-06 09:54:01+00:00,2026-01-06 10:01:41.954940+00:00,541.0,3223.701,3223.67,3223.79,ETH
2026-01-06 09:54:02+00:00,2026-01-06 10:01:42.954171+00:00,542.0,3223.341,3223.33,3223.58,ETH
2026-01-06 09:54:03+00:00,2026-01-06 10:01:43.953200+00:00,543.0,3223.381,3223.33,3223.67,ETH
2026-01-06 09:54:04+00:00,2026-01-06 10:01:44.977919+00:00,544.0,3223.551,3223.48,3223.74,ETH
2026-01-06 09:54:05+00:00,2026-01-06 10:01:45.985740+00:00,545.0,3223.521,3223.47,3223.69,ETH
2026-01-06 09:54:06+00:00,2026-01-06 10:01:47.001134+00:00,546.0,3223.631,3223.49,3223.81,ETH
2026-01-06 09:54:07+00:00,2026-01-06 10:01:48.019185+00:00,547.0,3223.791,3223.66,3223.95,ETH
2026-01-06 09:54:08+00:00,2026-01-06 10:01:49.026741+00:00,548.0,3223.901,3223.83,3223.98,ETH
2026-01-06 09:54:09+00:00,2026-01-06 10:01:50.035708+00:00,549.0,3223.941,3223.85,3224.03,ETH
2026-01-06 09:54:10+00:00,2026-01-06 10:01:51.023378+00:00,550.0,3224.061,3223.86,3224.2,ETH
2026-01-06 09:54:11+00:00,2026-01-06 10:01:52.054251+00:00,551.0,3224.281,3224.02,3224.38,ETH
2026-01-06 09:54:12+00:00,2026-01-06 10:01:53.050165+00:00,552.0,3224.381,3224.26,3224.42,ETH
2026-01-06 09:54:13+00:00,2026-01-06 10:01:54.087471+00:00,553.0,3224.381,3224.36,3224.43,ETH
2026-01-06 09:54:14+00:00,2026-01-06 10:01:55.119695+00:00,554.0,3224.511,3224.47,3224.58,ETH
2026-01-06 09:54:15+00:00,2026-01-06 10:01:56.116968+00:00,555.0,3224.541,3224.48,3224.58,ETH
2026-01-06 09:54:16+00:00,2026-01-06 10:01:57.122893+00:00,556.0,3224.621,3224.56,3224.68,ETH
2026-01-06 09:54:17+00:00,2026-01-06 10:01:58.123498+00:00,557.0,3224.621,3224.59,3224.68,ETH
2026-01-06 09:54:18+00:00,2026-01-06 10:01:59.117717+00:00,558.0,3224.631,3224.59,3224.68,ETH
2026-01-06 09:54:19+00:00,2026-01-06 10:02:00.134890+00:00,559.0,3224.671,3224.63,3224.75,ETH
2026-01-06 09:54:20+00:00,2026-01-06 10:02:01.154785+00:00,560.0,3224.671,3224.61,3224.69,ETH
2026-01-06 09:54:21+00:00,2026-01-06 10:02:02.179955+00:00,561.0,3224.671,3224.61,3224.74,ETH
2026-01-06 09:54:22+00:00,2026-01-06 10:02:03.192147+00:00,562.0,3224.671,3224.61,3224.73,ETH
2026-01-06 09:54:23+00:00,2026-01-06 10:02:04.184043+00:00,563.0,3224.671,3224.61,3224.75,ETH
2026-01-06 09:54:24+00:00,2026-01-06 10:02:05.184079+00:00,564.0,3224.671,3224.61,3224.75,ETH
2026-01-06 09:54:25+00:00,2026-01-06 10:02:06.220055+00:00,565.0,3224.671,3224.62,3224.74,ETH
2026-01-06 09:54:26+00:00,2026-01-06 10:02:07.234159+00:00,566.0,3224.671,3224.62,3224.77,ETH
2026-01-06 09:54:27+00:00,2026-01-06 10:02:08.234459+00:00,567.0,3224.671,3224.61,3224.78,ETH
2026-01-06 09:54:28+00:00,2026-01-06 10:02:09.234292+00:00,568.0,3224.671,3224.61,3224.78,ETH
2026-01-06 09:54:29+00:00,2026-01-06 10:02:10.234814+00:00,569.0,3224.681,3224.61,3224.71,ETH
2026-01-06 09:54:30+00:00,2026-01-06 10:02:11.239140+00:00,570.0,3224.701,3224.6,3224.77,ETH
2026-01-06 09:54:31+00:00,2026-01-06 10:02:12.268424+00:00,571.0,3224.691,3224.6,3224.75,ETH
2026-01-06 09:54:32+00:00,2026-01-06 10:02:13.264278+00:00,572.0,3224.701,3224.59,3224.75,ETH
2026-01-06 09:54:33+00:00,2026-01-06 10:02:14.281594+00:00,573.0,3224.691,3224.6,3224.73,ETH
2026-01-06 09:54:34+00:00,2026-01-06 10:02:15.278598+00:00,574.0,3224.651,3224.58,3224.69,ETH
2026-01-06 09:54:35+00:00,2026-01-06 10:02:16.281002+00:00,575.0,3224.601,3224.56,3224.69,ETH
2026-01-06 09:54:36+00:00,2026-01-06 10:02:17.294760+00:00,576.0,3224.601,3224.56,3224.69,ETH
2026-01-06 09:54:37+00:00,2026-01-06 10:02:18.315180+00:00,577.0,3224.631,3224.57,3224.69,ETH
2026-01-06 09:54:38+00:00,2026-01-06 10:02:19.321754+00:00,578.0,3224.601,3224.56,3224.69,ETH
2026-01-06 09:54:39+00:00,2026-01-06 10:02:20.317041+00:00,579.0,3224.601,3224.57,3224.69,ETH
2026-01-06 09:54:40+00:00,2026-01-06 10:02:21.337427+00:00,580.0,3224.611,3224.58,3224.68,ETH
2026-01-06 09:54:41+00:00,2026-01-06 10:02:22.350559+00:00,581.0,3224.651,3224.61,3224.72,ETH
2026-01-06 09:54:42+00:00,2026-01-06 10:02:23.339029+00:00,582.0,3224.611,3224.57,3224.72,ETH
2026-01-06 09:54:43+00:00,2026-01-06 10:02:24.335652+00:00,583.0,3224.621,3224.58,3224.71,ETH
2026-01-06 09:54:44+00:00,2026-01-06 10:02:25.344316+00:00,584.0,3224.591,3224.55,3224.71,ETH
2026-01-06 09:54:45+00:00,2026-01-06 10:02:26.367964+00:00,585.0,3224.601,3224.56,3224.71,ETH
2026-01-06 09:54:46+00:00,2026-01-06 10:02:27.367240+00:00,586.0,3224.631,3224.6,3224.69,ETH
2026-01-06 09:54:47+00:00,2026-01-06 10:02:28.366446+00:00,587.0,3224.661,3224.63,3224.7,ETH
2026-01-06 09:54:48+00:00,2026-01-06 10:02:29.367659+00:00,588.0,3224.621,3224.59,3224.69,ETH
2026-01-06 09:54:49+00:00,2026-01-06 10:02:30.418141+00:00,589.0,3224.631,3224.6,3224.69,ETH
2026-01-06 09:54:50+00:00,2026-01-06 10:02:31.421019+00:00,590.0,3224.891,3224.86,3224.9,ETH
2026-01-06 09:54:51+00:00,2026-01-06 10:02:32.431723+00:00,591.0,3224.831,3224.78,3224.91,ETH
2026-01-06 09:54:52+00:00,2026-01-06 10:02:33.433253+00:00,592.0,3224.401,3224.4,3224.67,ETH
2026-01-06 09:54:53+00:00,2026-01-06 10:02:34.451224+00:00,593.0,3224.451,3224.42,3224.7,ETH
2026-01-06 09:54:54+00:00,2026-01-06 10:02:35.517271+00:00,594.0,3224.251,3224.2,3224.29,ETH
2026-01-06 09:54:55+00:00,2026-01-06 10:02:36.523615+00:00,595.0,3224.211,3224.14,3224.32,ETH
2026-01-06 09:54:56+00:00,2026-01-06 10:02:37.523576+00:00,596.0,3224.131,3224.09,3224.27,ETH
2026-01-06 09:54:57+00:00,2026-01-06 10:02:38.515356+00:00,597.0,3224.181,3224.15,3224.27,ETH
2026-01-06 09:54:58+00:00,2026-01-06 10:02:39.532804+00:00,598.0,3224.171,3224.1,3224.27,ETH
2026-01-06 09:54:59+00:00,2026-01-06 10:02:40.556709+00:00,599.0,3223.971,3223.94,3224.27,ETH
2026-01-06 09:55:00+00:00,2026-01-06 10:02:41.552799+00:00,600.0,3224.241,3224.2,3224.27,ETH
2026-01-06 09:55:01+00:00,2026-01-06 10:02:42.565927+00:00,601.0,3224.251,3224.21,3224.28,ETH
2026-01-06 09:55:02+00:00,2026-01-06 10:02:44.569717+00:00,602.0,3224.261,3224.24,3224.31,ETH
2026-01-06 09:55:03+00:00,2026-01-06 10:02:45.568286+00:00,603.0,3224.351,3224.32,3224.44,ETH
2026-01-06 09:55:04+00:00,2026-01-06 10:02:46.567520+00:00,604.0,3224.451,3224.38,3224.56,ETH
2026-01-06 09:55:05+00:00,2026-01-06 10:02:47.572932+00:00,605.0,3224.441,3224.39,3224.57,ETH
2026-01-06 09:55:06+00:00,2026-01-06 10:02:48.587442+00:00,606.0,3224.441,3224.41,3224.58,ETH
2026-01-06 09:55:07+00:00,2026-01-06 10:02:49.592115+00:00,607.0,3224.441,3224.4,3224.58,ETH
2026-01-06 09:55:08+00:00,2026-01-06 10:02:50.596452+00:00,608.0,3224.411,3224.36,3224.5,ETH
2026-01-06 09:55:09+00:00,2026-01-06 10:02:51.615103+00:00,609.0,3224.411,3224.35,3224.48,ETH
2026-01-06 09:55:10+00:00,2026-01-06 10:02:52.627210+00:00,610.0,3224.531,3224.39,3224.68,ETH
2026-01-06 09:55:11+00:00,2026-01-06 10:02:53.632592+00:00,611.0,3224.721,3224.58,3224.94,ETH
2026-01-06 09:55:12+00:00,2026-01-06 10:02:54.639470+00:00,612.0,3224.851,3224.75,3225.04,ETH
2026-01-06 09:55:13+00:00,2026-01-06 10:02:55.654253+00:00,613.0,3224.871,3224.73,3225.04,ETH
2026-01-06 09:55:14+00:00,2026-01-06 10:02:56.675467+00:00,614.0,3224.951,3224.84,3225.05,ETH
2026-01-06 09:55:15+00:00,2026-01-06 10:02:57.669491+00:00,615.0,3224.971,3224.9,3225.05,ETH
2026-01-06 09:55:17+00:00,2026-01-06 10:02:58.721802+00:00,617.0,3224.921,3224.88,3225.04,ETH
2026-01-06 09:55:18+00:00,2026-01-06 10:02:59.694405+00:00,618.0,3224.931,3224.89,3225.04,ETH
2026-01-06 09:55:19+00:00,2026-01-06 10:03:00.733402+00:00,619.0,3224.901,3224.86,3225.04,ETH
2026-01-06 09:55:20+00:00,2026-01-06 10:03:01.726024+00:00,620.0,3224.891,3224.85,3225.04,ETH
2026-01-06 09:55:21+00:00,2026-01-06 10:03:02.725842+00:00,621.0,3224.671,3224.66,3224.86,ETH
2026-01-06 09:55:22+00:00,2026-01-06 10:03:03.711518+00:00,622.0,3224.671,3224.67,3224.87,ETH
2026-01-06 09:55:23+00:00,2026-01-06 10:03:04.723832+00:00,623.0,3224.401,3224.4,3224.64,ETH
2026-01-06 09:55:24+00:00,2026-01-06 10:03:05.729074+00:00,624.0,3224.401,3224.4,3224.61,ETH
2026-01-06 09:55:25+00:00,2026-01-06 10:03:06.726309+00:00,625.0,3224.391,3224.35,3224.44,ETH
2026-01-06 09:55:26+00:00,2026-01-06 10:03:08.741310+00:00,626.0,3224.291,3224.25,3224.39,ETH
2026-01-06 09:55:27+00:00,2026-01-06 10:03:09.731333+00:00,627.0,3224.241,3224.2,3224.37,ETH
2026-01-06 09:55:28+00:00,2026-01-06 10:03:10.726747+00:00,628.0,3224.201,3224.17,3224.36,ETH
2026-01-06 09:55:29+00:00,2026-01-06 10:03:11.733622+00:00,629.0,3224.161,3224.13,3224.34,ETH
2026-01-06 09:55:30+00:00,2026-01-06 10:03:12.742739+00:00,630.0,3224.121,3224.09,3224.34,ETH
2026-01-06 09:55:31+00:00,2026-01-06 10:03:13.738660+00:00,631.0,3224.101,3224.07,3224.34,ETH
2026-01-06 09:55:33+00:00,2026-01-06 10:03:14.789407+00:00,633.0,3224.091,3224.06,3224.34,ETH
2026-01-06 09:55:34+00:00,2026-01-06 10:03:15.784051+00:00,634.0,3224.091,3224.06,3224.34,ETH
2026-01-06 09:55:35+00:00,2026-01-06 10:03:16.778234+00:00,635.0,3224.121,3224.08,3224.28,ETH
2026-01-06 09:55:36+00:00,2026-01-06 10:03:17.801812+00:00,636.0,3224.221,3224.18,3224.26,ETH
2026-01-06 09:55:37+00:00,2026-01-06 10:03:18.783312+00:00,637.0,3224.141,3224.1,3224.26,ETH
2026-01-06 09:55:38+00:00,2026-01-06 10:03:19.777021+00:00,638.0,3224.141,3224.11,3224.26,ETH
2026-01-06 09:55:39+00:00,2026-01-06 10:03:20.780301+00:00,639.0,3224.141,3224.11,3224.26,ETH
2026-01-06 09:55:40+00:00,2026-01-06 10:03:21.793899+00:00,640.0,3224.111,3224.07,3224.26,ETH
2026-01-06 09:55:41+00:00,2026-01-06 10:03:22.816857+00:00,641.0,3224.131,3224.09,3224.26,ETH
2026-01-06 09:55:42+00:00,2026-01-06 10:03:23.821197+00:00,642.0,3224.141,3224.1,3224.31,ETH
2026-01-06 09:55:43+00:00,2026-01-06 10:03:24.802566+00:00,643.0,3224.131,3224.09,3224.27,ETH
2026-01-06 09:55:44+00:00,2026-01-06 10:03:25.812508+00:00,644.0,3224.071,3224.04,3224.26,ETH
2026-01-06 09:55:45+00:00,2026-01-06 10:03:26.813597+00:00,645.0,3224.091,3224.06,3224.26,ETH
2026-01-06 09:55:46+00:00,2026-01-06 10:03:27.816198+00:00,646.0,3224.151,3224.1,3224.26,ETH
2026-01-06 09:55:47+00:00,2026-01-06 10:03:28.803268+00:00,647.0,3224.151,3224.11,3224.3,ETH
2026-01-06 09:55:48+00:00,2026-01-06 10:03:29.811571+00:00,648.0,3224.181,3224.1,3224.26,ETH
2026-01-06 09:55:49+00:00,2026-01-06 10:03:30.817277+00:00,649.0,3224.121,3224.08,3224.26,ETH
2026-01-06 09:55:50+00:00,2026-01-06 10:03:31.811698+00:00,650.0,3224.121,3224.08,3224.26,ETH
2026-01-06 09:55:51+00:00,2026-01-06 10:03:33.826682+00:00,651.0,3224.121,3224.08,3224.26,ETH
2026-01-06 09:55:52+00:00,2026-01-06 10:03:34.819604+00:00,652.0,3224.151,3224.09,3224.26,ETH
2026-01-06 09:55:53+00:00,2026-01-06 10:03:35.841197+00:00,653.0,3224.171,3224.07,3224.26,ETH
2026-01-06 09:55:55+00:00,2026-01-06 10:03:36.911133+00:00,655.0,3224.171,3224.13,3224.29,ETH
2026-01-06 09:55:56+00:00,2026-01-06 10:03:37.900749+00:00,656.0,3224.171,3224.13,3224.29,ETH
2026-01-06 09:55:57+00:00,2026-01-06 10:03:38.910809+00:00,657.0,3224.151,3224.12,3224.29,ETH
2026-01-06 09:55:58+00:00,2026-01-06 10:03:39.909193+00:00,658.0,3224.161,3224.12,3224.29,ETH
2026-01-06 09:55:59+00:00,2026-01-06 10:03:40.916886+00:00,659.0,3224.081,3224.03,3224.29,ETH
2026-01-06 09:56:00+00:00,2026-01-06 10:03:41.930248+00:00,660.0,3224.131,3224.09,3224.29,ETH
2026-01-06 09:56:01+00:00,2026-01-06 10:03:42.933880+00:00,661.0,3224.071,3224.04,3224.26,ETH
2026-01-06 09:56:02+00:00,2026-01-06 10:03:43.945168+00:00,662.0,3223.981,3223.96,3224.17,ETH
2026-01-06 09:56:03+00:00,2026-01-06 10:03:44.941128+00:00,663.0,3223.841,3223.78,3223.9,ETH
2026-01-06 09:56:04+00:00,2026-01-06 10:03:45.950680+00:00,664.0,3223.801,3223.77,3223.84,ETH
2026-01-06 09:56:05+00:00,2026-01-06 10:03:46.949012+00:00,665.0,3223.801,3223.77,3223.87,ETH
2026-01-06 09:56:06+00:00,2026-01-06 10:03:47.954596+00:00,666.0,3223.801,3223.78,3223.88,ETH
2026-01-06 09:56:07+00:00,2026-01-06 10:03:48.953893+00:00,667.0,3223.801,3223.78,3223.87,ETH
2026-01-06 09:56:08+00:00,2026-01-06 10:03:49.947486+00:00,668.0,3223.801,3223.78,3223.88,ETH
2026-01-06 09:56:09+00:00,2026-01-06 10:03:50.952843+00:00,669.0,3223.801,3223.78,3223.91,ETH
2026-01-06 09:56:10+00:00,2026-01-06 10:03:51.942795+00:00,670.0,3223.791,3223.75,3223.86,ETH
2026-01-06 09:56:11+00:00,2026-01-06 10:03:52.963199+00:00,671.0,3223.791,3223.77,3223.82,ETH
2026-01-06 09:56:12+00:00,2026-01-06 10:03:53.968509+00:00,672.0,3223.781,3223.75,3223.81,ETH
2026-01-06 09:56:13+00:00,2026-01-06 10:03:55.004531+00:00,673.0,3223.651,3223.65,3223.77,ETH
2026-01-06 09:56:14+00:00,2026-01-06 10:03:57.043349+00:00,674.0,3223.641,3223.63,3223.73,ETH
2026-01-06 09:56:15+00:00,2026-01-06 10:03:58.052832+00:00,675.0,3223.641,3223.63,3223.74,ETH
2026-01-06 09:56:16+00:00,2026-01-06 10:03:59.048244+00:00,676.0,3223.641,3223.63,3223.75,ETH
2026-01-06 09:56:17+00:00,2026-01-06 10:04:00.112904+00:00,677.0,3223.641,3223.63,3223.74,ETH
2026-01-06 09:56:19+00:00,2026-01-06 10:04:01.195343+00:00,679.0,3223.641,3223.63,3223.75,ETH
2026-01-06 09:56:20+00:00,2026-01-06 10:04:02.208645+00:00,680.0,3223.641,3223.63,3223.74,ETH
2026-01-06 09:56:21+00:00,2026-01-06 10:04:03.238606+00:00,681.0,3223.641,3223.63,3223.75,ETH
2026-01-06 09:56:22+00:00,2026-01-06 10:04:04.230837+00:00,682.0,3223.641,3223.63,3223.77,ETH
2026-01-06 09:56:23+00:00,2026-01-06 10:04:05.251309+00:00,683.0,3223.641,3223.63,3223.75,ETH
2026-01-06 09:56:24+00:00,2026-01-06 10:04:06.263441+00:00,684.0,3223.601,3223.55,3223.64,ETH
2026-01-06 09:56:25+00:00,2026-01-06 10:04:07.276650+00:00,685.0,3223.561,3223.52,3223.64,ETH
2026-01-06 09:56:26+00:00,2026-01-06 10:04:08.284522+00:00,686.0,3223.611,3223.58,3223.64,ETH
2026-01-06 09:56:27+00:00,2026-01-06 10:04:09.302937+00:00,687.0,3223.601,3223.56,3223.64,ETH
2026-01-06 09:56:28+00:00,2026-01-06 10:04:10.294127+00:00,688.0,3223.581,3223.54,3223.64,ETH
2026-01-06 09:56:29+00:00,2026-01-06 10:04:11.302642+00:00,689.0,3223.591,3223.55,3223.64,ETH
2026-01-06 09:56:30+00:00,2026-01-06 10:04:12.318011+00:00,690.0,3223.591,3223.56,3223.64,ETH
2026-01-06 09:56:31+00:00,2026-01-06 10:04:13.313640+00:00,691.0,3223.591,3223.56,3223.64,ETH
2026-01-06 09:56:32+00:00,2026-01-06 10:04:14.319759+00:00,692.0,3223.581,3223.54,3223.64,ETH
2026-01-06 09:56:33+00:00,2026-01-06 10:04:15.348741+00:00,693.0,3223.591,3223.56,3223.64,ETH
2026-01-06 09:56:34+00:00,2026-01-06 10:04:16.333779+00:00,694.0,3223.561,3223.53,3223.64,ETH
2026-01-06 09:56:35+00:00,2026-01-06 10:04:17.327939+00:00,695.0,3223.561,3223.53,3223.64,ETH
2026-01-06 09:56:36+00:00,2026-01-06 10:04:18.336069+00:00,696.0,3223.581,3223.55,3223.64,ETH
2026-01-06 09:56:37+00:00,2026-01-06 10:04:20.352419+00:00,697.0,3223.581,3223.54,3223.64,ETH
2026-01-06 09:56:38+00:00,2026-01-06 10:04:21.349361+00:00,698.0,3223.571,3223.54,3223.64,ETH
2026-01-06 09:56:39+00:00,2026-01-06 10:04:22.352189+00:00,699.0,3223.561,3223.53,3223.64,ETH
2026-01-06 09:56:40+00:00,2026-01-06 10:04:23.363228+00:00,700.0,3223.541,3223.51,3223.64,ETH
2026-01-06 09:56:41+00:00,2026-01-06 10:04:24.384041+00:00,701.0,3223.531,3223.5,3223.64,ETH
2026-01-06 09:56:42+00:00,2026-01-06 10:04:25.398253+00:00,702.0,3223.541,3223.51,3223.64,ETH
2026-01-06 09:56:43+00:00,2026-01-06 10:04:26.396910+00:00,703.0,3223.341,3223.11,3223.39,ETH
2026-01-06 09:56:44+00:00,2026-01-06 10:04:27.400544+00:00,704.0,3222.881,3222.55,3222.89,ETH
2026-01-06 09:56:45+00:00,2026-01-06 10:04:28.402051+00:00,705.0,3222.501,3222.33,3222.63,ETH
2026-01-06 09:56:46+00:00,2026-01-06 10:04:29.414022+00:00,706.0,3222.391,3222.3,3222.64,ETH
2026-01-06 09:56:47+00:00,2026-01-06 10:04:30.416470+00:00,707.0,3222.391,3222.33,3222.57,ETH
2026-01-06 09:56:48+00:00,2026-01-06 10:04:31.431580+00:00,708.0,3222.381,3222.32,3222.47,ETH
2026-01-06 09:56:49+00:00,2026-01-06 10:04:32.431278+00:00,709.0,3222.381,3222.32,3222.47,ETH
2026-01-06 09:56:50+00:00,2026-01-06 10:04:33.446434+00:00,710.0,3222.391,3222.32,3222.47,ETH
2026-01-06 09:56:51+00:00,2026-01-06 10:04:34.453011+00:00,711.0,3222.391,3222.34,3222.44,ETH
2026-01-06 09:56:52+00:00,2026-01-06 10:04:35.472406+00:00,712.0,3222.331,3222.28,3222.39,ETH
2026-01-06 09:56:53+00:00,2026-01-06 10:04:36.464049+00:00,713.0,3222.271,3222.2,3222.36,ETH
2026-01-06 09:56:54+00:00,2026-01-06 10:04:37.483605+00:00,714.0,3222.281,3222.21,3222.38,ETH
2026-01-06 09:56:55+00:00,2026-01-06 10:04:38.492209+00:00,715.0,3222.311,3222.27,3222.43,ETH
2026-01-06 09:56:56+00:00,2026-01-06 10:04:39.499672+00:00,716.0,3222.341,3222.34,3222.48,ETH
2026-01-06 09:56:57+00:00,2026-01-06 10:04:40.515736+00:00,717.0,3222.331,3222.3,3222.43,ETH
2026-01-06 09:56:58+00:00,2026-01-06 10:04:41.514237+00:00,718.0,3222.311,3222.29,3222.39,ETH
2026-01-06 09:56:59+00:00,2026-01-06 10:04:42.516329+00:00,719.0,3222.311,3222.26,3222.45,ETH
2026-01-06 09:57:00+00:00,2026-01-06 10:04:43.531242+00:00,720.0,3222.291,3222.21,3222.46,ETH
2026-01-06 09:57:01+00:00,2026-01-06 10:04:44.527487+00:00,721.0,3222.281,3222.21,3222.44,ETH
2026-01-06 09:57:02+00:00,2026-01-06 10:04:45.528427+00:00,722.0,3222.341,3222.34,3222.42,ETH
2026-01-06 09:57:03+00:00,2026-01-06 10:04:46.524751+00:00,723.0,3222.341,3222.34,3222.42,ETH
2026-01-06 09:57:04+00:00,2026-01-06 10:04:47.537442+00:00,724.0,3222.301,3222.22,3222.47,ETH
2026-01-06 09:57:05+00:00,2026-01-06 10:04:48.549203+00:00,725.0,3222.291,3222.2,3222.46,ETH
2026-01-06 09:57:06+00:00,2026-01-06 10:04:49.549249+00:00,726.0,3222.311,3222.23,3222.45,ETH
2026-01-06 09:57:07+00:00,2026-01-06 10:04:50.551992+00:00,727.0,3222.311,3222.23,3222.47,ETH
2026-01-06 09:57:08+00:00,2026-01-06 10:04:51.546788+00:00,728.0,3222.301,3222.22,3222.47,ETH
2026-01-06 09:57:09+00:00,2026-01-06 10:04:52.564333+00:00,729.0,3222.321,3222.26,3222.49,ETH
2026-01-06 09:57:10+00:00,2026-01-06 10:04:53.568101+00:00,730.0,3222.621,3222.46,3222.84,ETH
2026-01-06 09:57:11+00:00,2026-01-06 10:04:54.567724+00:00,731.0,3222.491,3222.46,3222.7,ETH
2026-01-06 09:57:12+00:00,2026-01-06 10:04:55.565752+00:00,732.0,3222.531,3222.44,3222.73,ETH
2026-01-06 09:57:13+00:00,2026-01-06 10:04:56.565627+00:00,733.0,3222.541,3222.44,3222.79,ETH
2026-01-06 09:57:14+00:00,2026-01-06 10:04:57.563512+00:00,734.0,3222.551,3222.43,3222.84,ETH
2026-01-06 09:57:15+00:00,2026-01-06 10:04:58.578317+00:00,735.0,3222.561,3222.43,3222.9,ETH
2026-01-06 09:57:16+00:00,2026-01-06 10:04:59.606767+00:00,736.0,3222.691,3222.63,3222.75,ETH
2026-01-06 09:57:17+00:00,2026-01-06 10:05:00.613125+00:00,737.0,3222.681,3222.63,3222.77,ETH
2026-01-06 09:57:18+00:00,2026-01-06 10:05:01.615309+00:00,738.0,3222.621,3222.37,3222.67,ETH
2026-01-06 09:57:19+00:00,2026-01-06 10:05:02.618069+00:00,739.0,3222.461,3222.19,3222.5,ETH
2026-01-06 09:57:20+00:00,2026-01-06 10:05:03.627070+00:00,740.0,3222.201,3222.19,3222.33,ETH
2026-01-06 09:57:21+00:00,2026-01-06 10:05:04.621428+00:00,741.0,3222.201,3222.19,3222.25,ETH
2026-01-06 09:57:22+00:00,2026-01-06 10:05:05.626108+00:00,742.0,3222.201,3222.18,3222.25,ETH
2026-01-06 09:57:23+00:00,2026-01-06 10:05:06.625451+00:00,743.0,3222.201,3222.18,3222.24,ETH
2026-01-06 09:57:24+00:00,2026-01-06 10:05:07.627823+00:00,744.0,3222.191,3222.17,3222.22,ETH
2026-01-06 09:57:25+00:00,2026-01-06 10:05:08.620424+00:00,745.0,3222.151,3222.11,3222.2,ETH
2026-01-06 09:57:26+00:00,2026-01-06 10:05:09.648542+00:00,746.0,3221.771,3221.75,3221.95,ETH
2026-01-06 09:57:27+00:00,2026-01-06 10:05:10.647890+00:00,747.0,3221.701,3221.7,3221.9,ETH
2026-01-06 09:57:28+00:00,2026-01-06 10:05:11.680778+00:00,748.0,3221.701,3221.7,3221.89,ETH
2026-01-06 09:57:29+00:00,2026-01-06 10:05:12.684097+00:00,749.0,3221.701,3221.67,3221.76,ETH
2026-01-06 09:57:30+00:00,2026-01-06 10:05:13.696964+00:00,750.0,3221.681,3221.66,3221.71,ETH
2026-01-06 09:57:31+00:00,2026-01-06 10:05:14.700584+00:00,751.0,3221.701,3221.58,3221.71,ETH
2026-01-06 09:57:32+00:00,2026-01-06 10:05:15.730382+00:00,752.0,3221.701,3221.57,3221.71,ETH
2026-01-06 09:57:33+00:00,2026-01-06 10:05:16.741087+00:00,753.0,3221.701,3221.61,3221.71,ETH
2026-01-06 09:57:34+00:00,2026-01-06 10:05:17.755024+00:00,754.0,3221.731,3221.7,3221.76,ETH
2026-01-06 09:57:35+00:00,2026-01-06 10:05:18.762756+00:00,755.0,3221.751,3221.73,3222.03,ETH
2026-01-06 09:57:36+00:00,2026-01-06 10:05:19.771433+00:00,756.0,3221.861,3221.76,3221.86,ETH
2026-01-06 09:57:37+00:00,2026-01-06 10:05:20.760618+00:00,757.0,3221.841,3221.76,3222.02,ETH
2026-01-06 09:57:38+00:00,2026-01-06 10:05:21.757321+00:00,758.0,3221.841,3221.76,3221.98,ETH
2026-01-06 09:57:39+00:00,2026-01-06 10:05:22.770897+00:00,759.0,3221.861,3221.76,3221.98,ETH
2026-01-06 09:57:40+00:00,2026-01-06 10:05:23.808871+00:00,760.0,3221.791,3221.76,3221.8,ETH
2026-01-06 09:57:41+00:00,2026-01-06 10:05:24.816938+00:00,761.0,3221.771,3221.76,3221.95,ETH
2026-01-06 09:57:42+00:00,2026-01-06 10:05:25.853083+00:00,762.0,3221.781,3221.76,3221.93,ETH
2026-01-06 09:57:43+00:00,2026-01-06 10:05:26.884662+00:00,763.0,3221.781,3221.76,3221.93,ETH
2026-01-06 09:57:44+00:00,2026-01-06 10:05:27.893420+00:00,764.0,3221.791,3221.76,3221.91,ETH
2026-01-06 09:57:45+00:00,2026-01-06 10:05:28.880287+00:00,765.0,3221.831,3221.78,3221.91,ETH
2026-01-06 09:57:46+00:00,2026-01-06 10:05:29.863344+00:00,766.0,3221.861,3221.8,3221.98,ETH
2026-01-06 09:57:47+00:00,2026-01-06 10:05:30.885865+00:00,767.0,3221.851,3221.82,3221.96,ETH
2026-01-06 09:57:48+00:00,2026-01-06 10:05:31.884731+00:00,768.0,3221.891,3221.82,3221.96,ETH
2026-01-06 09:57:49+00:00,2026-01-06 10:05:32.892744+00:00,769.0,3221.911,3221.79,3221.97,ETH
2026-01-06 09:57:50+00:00,2026-01-06 10:05:33.896478+00:00,770.0,3221.911,3221.78,3221.93,ETH
2026-01-06 09:57:51+00:00,2026-01-06 10:05:34.899302+00:00,771.0,3221.891,3221.8,3221.92,ETH
2026-01-06 09:57:52+00:00,2026-01-06 10:05:35.910765+00:00,772.0,3221.851,3221.77,3221.98,ETH
2026-01-06 09:57:53+00:00,2026-01-06 10:05:36.911609+00:00,773.0,3221.891,3221.85,3222.0,ETH
2026-01-06 09:57:54+00:00,2026-01-06 10:05:37.910360+00:00,774.0,3221.971,3221.92,3222.01,ETH
2026-01-06 09:57:55+00:00,2026-01-06 10:05:38.909137+00:00,775.0,3221.941,3221.84,3222.0,ETH
2026-01-06 09:57:56+00:00,2026-01-06 10:05:39.924177+00:00,776.0,3221.901,3221.85,3222.01,ETH
2026-01-06 09:57:57+00:00,2026-01-06 10:05:40.930139+00:00,777.0,3221.911,3221.88,3222.01,ETH
2026-01-06 09:57:58+00:00,2026-01-06 10:05:41.929369+00:00,778.0,3221.911,3221.88,3222.01,ETH
2026-01-06 09:57:59+00:00,2026-01-06 10:05:42.928705+00:00,779.0,3221.911,3221.77,3222.01,ETH
2026-01-06 09:58:00+00:00,2026-01-06 10:05:43.944141+00:00,780.0,3221.901,3221.77,3222.01,ETH
2026-01-06 09:58:01+00:00,2026-01-06 10:05:44.928259+00:00,781.0,3221.891,3221.77,3221.89,ETH
2026-01-06 09:58:02+00:00,2026-01-06 10:05:45.927211+00:00,782.0,3221.861,3221.77,3221.89,ETH
2026-01-06 09:58:03+00:00,2026-01-06 10:05:46.940263+00:00,783.0,3221.821,3221.82,3221.89,ETH
2026-01-06 09:58:04+00:00,2026-01-06 10:05:47.998659+00:00,784.0,3221.851,3221.82,3221.97,ETH
2026-01-06 09:58:05+00:00,2026-01-06 10:05:49.013531+00:00,785.0,3221.881,3221.84,3222.4,ETH
2026-01-06 09:58:06+00:00,2026-01-06 10:05:50.027284+00:00,786.0,3222.141,3222.13,3222.32,ETH
2026-01-06 09:58:07+00:00,2026-01-06 10:05:51.032352+00:00,787.0,3222.191,3222.17,3222.28,ETH
2026-01-06 09:58:08+00:00,2026-01-06 10:05:52.039614+00:00,788.0,3222.171,3222.17,3222.28,ETH
2026-01-06 09:58:09+00:00,2026-01-06 10:05:53.049093+00:00,789.0,3222.201,3222.19,3222.27,ETH
2026-01-06 09:58:10+00:00,2026-01-06 10:05:54.059179+00:00,790.0,3222.221,3222.19,3222.28,ETH
2026-01-06 09:58:11+00:00,2026-01-06 10:05:55.079224+00:00,791.0,3222.261,3222.23,3222.29,ETH
2026-01-06 09:58:12+00:00,2026-01-06 10:05:56.077558+00:00,792.0,3222.261,3222.19,3222.28,ETH
2026-01-06 09:58:13+00:00,2026-01-06 10:05:57.089684+00:00,793.0,3222.241,3222.1,3222.25,ETH
2026-01-06 09:58:14+00:00,2026-01-06 10:05:58.092420+00:00,794.0,3222.221,3222.15,3222.25,ETH
2026-01-06 09:58:15+00:00,2026-01-06 10:05:59.106114+00:00,795.0,3222.201,3222.2,3222.25,ETH
2026-01-06 09:58:16+00:00,2026-01-06 10:06:01.139406+00:00,796.0,3222.181,3222.16,3222.23,ETH
2026-01-06 09:58:17+00:00,2026-01-06 10:06:02.150439+00:00,797.0,3222.171,3222.16,3222.23,ETH
2026-01-06 09:58:18+00:00,2026-01-06 10:06:03.164978+00:00,798.0,3222.141,3222.12,3222.2,ETH
2026-01-06 09:58:19+00:00,2026-01-06 10:06:04.164941+00:00,799.0,3221.951,3221.91,3222.05,ETH
2026-01-06 09:58:21+00:00,2026-01-06 10:06:05.232755+00:00,801.0,3221.781,3221.77,3221.9,ETH
2026-01-06 09:58:22+00:00,2026-01-06 10:06:07.170783+00:00,802.0,3221.791,3221.75,3221.86,ETH
2026-01-06 09:58:23+00:00,2026-01-06 10:06:08.180468+00:00,803.0,3221.791,3221.76,3221.87,ETH
2026-01-06 09:58:24+00:00,2026-01-06 10:06:09.162864+00:00,804.0,3221.811,3221.78,3221.87,ETH
2026-01-06 09:58:25+00:00,2026-01-06 10:06:10.179419+00:00,805.0,3221.861,3221.78,3221.97,ETH
2026-01-06 09:58:27+00:00,2026-01-06 10:06:11.251611+00:00,807.0,3221.861,3221.78,3221.96,ETH
2026-01-06 09:58:28+00:00,2026-01-06 10:06:12.227755+00:00,808.0,3221.991,3221.82,3222.09,ETH
2026-01-06 09:58:29+00:00,2026-01-06 10:06:13.246741+00:00,809.0,3221.871,3221.82,3221.91,ETH
2026-01-06 09:58:30+00:00,2026-01-06 10:06:14.225487+00:00,810.0,3221.861,3221.82,3221.9,ETH
2026-01-06 09:58:31+00:00,2026-01-06 10:06:15.244581+00:00,811.0,3221.801,3221.8,3221.83,ETH
2026-01-06 09:58:32+00:00,2026-01-06 10:06:16.256784+00:00,812.0,3221.811,3221.8,3221.88,ETH
2026-01-06 09:58:33+00:00,2026-01-06 10:06:17.243213+00:00,813.0,3221.821,3221.81,3221.92,ETH
2026-01-06 09:58:34+00:00,2026-01-06 10:06:18.254391+00:00,814.0,3221.811,3221.8,3221.88,ETH
2026-01-06 09:58:35+00:00,2026-01-06 10:06:19.265320+00:00,815.0,3221.801,3221.77,3221.85,ETH
2026-01-06 09:58:36+00:00,2026-01-06 10:06:20.258578+00:00,816.0,3221.771,3221.72,3221.84,ETH
2026-01-06 09:58:37+00:00,2026-01-06 10:06:21.251261+00:00,817.0,3221.781,3221.73,3221.84,ETH
2026-01-06 09:58:38+00:00,2026-01-06 10:06:22.258552+00:00,818.0,3221.741,3221.71,3221.84,ETH
2026-01-06 09:58:39+00:00,2026-01-06 10:06:23.281122+00:00,819.0,3221.731,3221.69,3221.81,ETH
2026-01-06 09:58:40+00:00,2026-01-06 10:06:24.321367+00:00,820.0,3221.731,3221.7,3221.81,ETH
2026-01-06 09:58:41+00:00,2026-01-06 10:06:25.297217+00:00,821.0,3221.731,3221.72,3221.87,ETH
2026-01-06 09:58:42+00:00,2026-01-06 10:06:26.315159+00:00,822.0,3221.751,3221.66,3221.93,ETH
2026-01-06 09:58:43+00:00,2026-01-06 10:06:27.301703+00:00,823.0,3221.951,3221.89,3222.04,ETH
2026-01-06 09:58:44+00:00,2026-01-06 10:06:28.302549+00:00,824.0,3221.881,3221.81,3221.97,ETH
2026-01-06 09:58:45+00:00,2026-01-06 10:06:29.311716+00:00,825.0,3221.791,3221.73,3221.92,ETH
2026-01-06 09:58:46+00:00,2026-01-06 10:06:30.308956+00:00,826.0,3221.771,3221.73,3221.89,ETH
2026-01-06 09:58:47+00:00,2026-01-06 10:06:31.311835+00:00,827.0,3221.771,3221.72,3221.93,ETH
2026-01-06 09:58:48+00:00,2026-01-06 10:06:32.322245+00:00,828.0,3221.921,3221.81,3222.03,ETH
2026-01-06 09:58:49+00:00,2026-01-06 10:06:33.324135+00:00,829.0,3221.981,3221.91,3222.05,ETH
2026-01-06 09:58:50+00:00,2026-01-06 10:06:34.327216+00:00,830.0,3221.981,3221.91,3222.03,ETH
2026-01-06 09:58:51+00:00,2026-01-06 10:06:35.331465+00:00,831.0,3221.961,3221.91,3222.02,ETH
2026-01-06 09:58:52+00:00,2026-01-06 10:06:36.364263+00:00,832.0,3221.951,3221.89,3222.02,ETH
2026-01-06 09:58:53+00:00,2026-01-06 10:06:37.339667+00:00,833.0,3221.951,3221.88,3222.02,ETH
2026-01-06 09:58:54+00:00,2026-01-06 10:06:38.345949+00:00,834.0,3221.961,3221.91,3222.05,ETH
2026-01-06 09:58:55+00:00,2026-01-06 10:06:39.345151+00:00,835.0,3221.951,3221.88,3222.04,ETH
2026-01-06 09:58:56+00:00,2026-01-06 10:06:40.359275+00:00,836.0,3221.941,3221.88,3222.01,ETH
2026-01-06 09:58:57+00:00,2026-01-06 10:06:41.359921+00:00,837.0,3221.931,3221.88,3221.99,ETH
2026-01-06 09:58:58+00:00,2026-01-06 10:06:42.361959+00:00,838.0,3221.921,3221.83,3222.04,ETH
2026-01-06 09:58:59+00:00,2026-01-06 10:06:43.378259+00:00,839.0,3221.931,3221.82,3222.14,ETH
2026-01-06 09:59:00+00:00,2026-01-06 10:06:44.391738+00:00,840.0,3221.871,3221.78,3222.14,ETH
2026-01-06 09:59:01+00:00,2026-01-06 10:06:45.408346+00:00,841.0,3221.891,3221.82,3222.03,ETH
2026-01-06 09:59:02+00:00,2026-01-06 10:06:46.407389+00:00,842.0,3221.921,3221.88,3221.96,ETH
2026-01-06 09:59:03+00:00,2026-01-06 10:06:48.421658+00:00,843.0,3222.041,3221.97,3222.12,ETH
2026-01-06 09:59:04+00:00,2026-01-06 10:06:49.425013+00:00,844.0,3222.051,3221.93,3222.1,ETH
2026-01-06 09:59:05+00:00,2026-01-06 10:06:50.424842+00:00,845.0,3221.741,3221.66,3221.81,ETH
2026-01-06 09:59:06+00:00,2026-01-06 10:06:51.440751+00:00,846.0,3221.541,3221.52,3221.68,ETH
2026-01-06 09:59:07+00:00,2026-01-06 10:06:52.440643+00:00,847.0,3221.581,3221.58,3221.72,ETH
2026-01-06 09:59:08+00:00,2026-01-06 10:06:53.442526+00:00,848.0,3221.581,3221.57,3221.71,ETH
2026-01-06 09:59:09+00:00,2026-01-06 10:06:54.459480+00:00,849.0,3221.581,3221.57,3221.72,ETH
2026-01-06 09:59:10+00:00,2026-01-06 10:06:55.442228+00:00,850.0,3221.751,3221.62,3221.93,ETH
2026-01-06 09:59:11+00:00,2026-01-06 10:06:56.460743+00:00,851.0,3222.071,3221.92,3222.25,ETH
2026-01-06 09:59:12+00:00,2026-01-06 10:06:57.460431+00:00,852.0,3222.311,3222.22,3222.39,ETH
2026-01-06 09:59:13+00:00,2026-01-06 10:06:58.461099+00:00,853.0,3222.381,3222.29,3222.5,ETH
2026-01-06 09:59:14+00:00,2026-01-06 10:06:59.461339+00:00,854.0,3222.361,3222.29,3222.56,ETH
2026-01-06 09:59:15+00:00,2026-01-06 10:07:00.494235+00:00,855.0,3222.341,3222.28,3222.52,ETH
2026-01-06 09:59:16+00:00,2026-01-06 10:07:01.565971+00:00,856.0,3222.381,3222.35,3222.51,ETH
2026-01-06 09:59:17+00:00,2026-01-06 10:07:02.561182+00:00,857.0,3222.411,3222.39,3222.53,ETH
2026-01-06 09:59:18+00:00,2026-01-06 10:07:03.563324+00:00,858.0,3222.391,3222.36,3222.5,ETH
2026-01-06 09:59:19+00:00,2026-01-06 10:07:04.561038+00:00,859.0,3222.381,3222.34,3222.46,ETH
2026-01-06 09:59:20+00:00,2026-01-06 10:07:05.588542+00:00,860.0,3222.371,3222.33,3222.43,ETH
2026-01-06 09:59:21+00:00,2026-01-06 10:07:06.590665+00:00,861.0,3222.341,3222.31,3222.39,ETH
2026-01-06 09:59:22+00:00,2026-01-06 10:07:07.612982+00:00,862.0,3222.351,3222.31,3222.4,ETH
2026-01-06 09:59:23+00:00,2026-01-06 10:07:08.610601+00:00,863.0,3222.361,3222.32,3222.4,ETH
2026-01-06 09:59:24+00:00,2026-01-06 10:07:09.621692+00:00,864.0,3222.361,3222.32,3222.4,ETH
2026-01-06 09:59:25+00:00,2026-01-06 10:07:10.624374+00:00,865.0,3222.361,3222.32,3222.39,ETH
2026-01-06 09:59:26+00:00,2026-01-06 10:07:11.637147+00:00,866.0,3222.361,3222.32,3222.39,ETH
2026-01-06 09:59:27+00:00,2026-01-06 10:07:12.651286+00:00,867.0,3222.321,3222.24,3222.38,ETH
2026-01-06 09:59:28+00:00,2026-01-06 10:07:13.651577+00:00,868.0,3222.301,3222.21,3222.35,ETH
2026-01-06 09:59:29+00:00,2026-01-06 10:07:14.705959+00:00,869.0,3222.301,3222.25,3222.38,ETH
2026-01-06 09:59:30+00:00,2026-01-06 10:07:15.698398+00:00,870.0,3222.301,3222.24,3222.38,ETH
2026-01-06 09:59:31+00:00,2026-01-06 10:07:16.725280+00:00,871.0,3222.301,3222.26,3222.36,ETH
2026-01-06 09:59:32+00:00,2026-01-06 10:07:17.710683+00:00,872.0,3222.291,3222.25,3222.36,ETH
2026-01-06 09:59:33+00:00,2026-01-06 10:07:18.698322+00:00,873.0,3222.281,3222.22,3222.37,ETH
2026-01-06 09:59:34+00:00,2026-01-06 10:07:19.706389+00:00,874.0,3222.381,3222.32,3222.51,ETH
2026-01-06 09:59:35+00:00,2026-01-06 10:07:20.709925+00:00,875.0,3222.471,3222.43,3222.65,ETH
2026-01-06 09:59:36+00:00,2026-01-06 10:07:21.710001+00:00,876.0,3222.501,3222.44,3222.64,ETH
2026-01-06 09:59:37+00:00,2026-01-06 10:07:22.743135+00:00,877.0,3222.541,3222.45,3222.64,ETH
2026-01-06 09:59:38+00:00,2026-01-06 10:07:23.754875+00:00,878.0,3222.531,3222.4,3222.63,ETH
2026-01-06 09:59:39+00:00,2026-01-06 10:07:24.741489+00:00,879.0,3222.511,3222.38,3222.62,ETH
2026-01-06 09:59:40+00:00,2026-01-06 10:07:25.758808+00:00,880.0,3222.481,3222.37,3222.61,ETH
2026-01-06 09:59:41+00:00,2026-01-06 10:07:26.756344+00:00,881.0,3222.481,3222.37,3222.61,ETH
2026-01-06 09:59:42+00:00,2026-01-06 10:07:27.753780+00:00,882.0,3222.481,3222.37,3222.61,ETH
2026-01-06 09:59:43+00:00,2026-01-06 10:07:28.753320+00:00,883.0,3222.491,3222.38,3222.61,ETH
2026-01-06 09:59:44+00:00,2026-01-06 10:07:29.755424+00:00,884.0,3222.491,3222.4,3222.61,ETH
2026-01-06 09:59:45+00:00,2026-01-06 10:07:30.771775+00:00,885.0,3222.441,3222.38,3222.58,ETH
2026-01-06 09:59:46+00:00,2026-01-06 10:07:31.775203+00:00,886.0,3222.401,3222.37,3222.55,ETH
2026-01-06 09:59:47+00:00,2026-01-06 10:07:32.789650+00:00,887.0,3222.351,3222.33,3222.46,ETH
2026-01-06 09:59:48+00:00,2026-01-06 10:07:33.792544+00:00,888.0,3222.331,3222.32,3222.47,ETH
2026-01-06 09:59:49+00:00,2026-01-06 10:07:34.789752+00:00,889.0,3222.351,3222.33,3222.56,ETH
2026-01-06 09:59:50+00:00,2026-01-06 10:07:35.809243+00:00,890.0,3222.341,3222.31,3222.51,ETH
2026-01-06 09:59:51+00:00,2026-01-06 10:07:36.809229+00:00,891.0,3222.331,3222.3,3222.46,ETH
2026-01-06 09:59:52+00:00,2026-01-06 10:07:37.821903+00:00,892.0,3222.331,3222.29,3222.44,ETH
2026-01-06 09:59:53+00:00,2026-01-06 10:07:38.823402+00:00,893.0,3222.331,3222.3,3222.44,ETH
2026-01-06 09:59:54+00:00,2026-01-06 10:07:39.845514+00:00,894.0,3222.331,3222.3,3222.44,ETH
2026-01-06 09:59:55+00:00,2026-01-06 10:07:40.841717+00:00,895.0,3222.381,3222.34,3222.51,ETH
2026-01-06 09:59:56+00:00,2026-01-06 10:07:41.855378+00:00,896.0,3222.371,3222.32,3222.52,ETH
2026-01-06 09:59:57+00:00,2026-01-06 10:07:42.856134+00:00,897.0,3222.341,3222.32,3222.5,ETH
2026-01-06 09:59:58+00:00,2026-01-06 10:07:43.859212+00:00,898.0,3222.331,3222.32,3222.47,ETH
2026-01-06 09:59:59+00:00,2026-01-06 10:07:44.859303+00:00,899.0,3222.331,3222.3,3222.36,ETH
