timestamp,collected_at,seconds,up_mid,up_best_bid,up_best_ask,down_mid,down_best_bid,down_best_ask,up_best_bid_size,up_best_ask_size,down_best_bid_size,down_best_ask_size
2026-01-06 09:45:00.424000+00:00,2026-01-06 09:45:00.714124+00:00,0.424,0.515,0.5,0.53,0.485,0.47,0.5,,,,
2026-01-06 09:45:01.492000+00:00,2026-01-06 09:45:01.714093+00:00,1.492,0.52,0.5,0.54,0.485,0.47,0.5,,,,
2026-01-06 09:45:02.515000+00:00,2026-01-06 09:45:02.729545+00:00,2.515,0.51,0.5,0.52,0.49,0.48,0.5,,,,
2026-01-06 09:45:03.495000+00:00,2026-01-06 09:45:03.731983+00:00,3.495,0.45,0.44,0.46,0.55,0.54,0.56,,,,
2026-01-06 09:45:04.475000+00:00,2026-01-06 09:45:04.737047+00:00,4.475,0.455,0.45,0.46,0.545,0.54,0.55,,,,
2026-01-06 09:45:05.494000+00:00,2026-01-06 09:45:05.759342+00:00,5.494,0.455,0.45,0.46,0.545,0.54,0.55,,,,
2026-01-06 09:45:06.415000+00:00,2026-01-06 09:45:06.754043+00:00,6.415,0.455,0.45,0.46,0.54,0.53,0.55,,,,
2026-01-06 09:45:07.261000+00:00,2026-01-06 09:45:07.761873+00:00,7.261,0.4599999999999999,0.45,0.47,0.54,0.53,0.55,,,,
2026-01-06 09:45:08.551000+00:00,2026-01-06 09:45:08.790033+00:00,8.551,0.445,0.44,0.45,0.555,0.55,0.56,,,,
2026-01-06 09:45:09.574000+00:00,2026-01-06 09:45:09.805248+00:00,9.574,0.445,0.44,0.45,0.555,0.55,0.56,,,,
2026-01-06 09:45:10.597000+00:00,2026-01-06 09:45:10.820878+00:00,10.597,0.445,0.44,0.45,0.555,0.55,0.56,,,,
2026-01-06 09:45:11.604000+00:00,2026-01-06 09:45:11.824743+00:00,11.604,0.415,0.41,0.42,0.585,0.58,0.59,,,,
2026-01-06 09:45:12.600000+00:00,2026-01-06 09:45:12.837744+00:00,12.6,0.385,0.38,0.39,0.615,0.61,0.62,,,,
2026-01-06 09:45:13.554000+00:00,2026-01-06 09:45:13.840712+00:00,13.554,0.395,0.39,0.4,0.6,0.59,0.61,,,,
2026-01-06 09:45:14.618000+00:00,2026-01-06 09:45:14.847574+00:00,14.618,0.4,0.39,0.41,0.6,0.59,0.61,,,,
2026-01-06 09:45:15.581000+00:00,2026-01-06 09:45:15.864224+00:00,15.581,0.395,0.39,0.4,0.61,0.6,0.62,,,,
2026-01-06 09:45:16.577000+00:00,2026-01-06 09:45:16.863563+00:00,16.577,0.385,0.38,0.39,0.615,0.61,0.62,,,,
2026-01-06 09:45:17.651000+00:00,2026-01-06 09:45:17.882029+00:00,17.651,0.375,0.37,0.38,0.625,0.62,0.63,,,,
2026-01-06 09:45:18.667000+00:00,2026-01-06 09:45:18.900924+00:00,18.667,0.375,0.37,0.38,0.625,0.62,0.63,,,,
2026-01-06 09:45:19.592000+00:00,2026-01-06 09:45:19.903328+00:00,19.592,0.38,0.37,0.39,0.62,0.61,0.63,,,,
2026-01-06 09:45:20.672000+00:00,2026-01-06 09:45:20.909765+00:00,20.672,0.365,0.36,0.37,0.635,0.63,0.64,,,,
2026-01-06 09:45:21.510000+00:00,2026-01-06 09:45:21.915336+00:00,21.51,0.365,0.36,0.37,0.635,0.63,0.64,,,,
2026-01-06 09:45:22.683000+00:00,2026-01-06 09:45:22.906844+00:00,22.683,0.365,0.36,0.37,0.635,0.63,0.64,,,,
2026-01-06 09:45:23.682000+00:00,2026-01-06 09:45:23.913836+00:00,23.682,0.37,0.36,0.38,0.625,0.62,0.63,,,,
2026-01-06 09:45:24.946000+00:00,2026-01-06 09:45:25.923890+00:00,24.946,0.375,0.37,0.38,0.625,0.62,0.63,,,,
2026-01-06 09:45:26.385000+00:00,2026-01-06 09:45:26.918914+00:00,26.385,0.365,0.36,0.37,0.635,0.63,0.64,,,,
2026-01-06 09:45:27.543000+00:00,2026-01-06 09:45:27.924954+00:00,27.543,0.375,0.37,0.38,0.63,0.62,0.64,,,,
2026-01-06 09:45:28.611000+00:00,2026-01-06 09:45:28.944944+00:00,28.611,0.365,0.36,0.37,0.635,0.63,0.64,,,,
2026-01-06 09:45:29.621000+00:00,2026-01-06 09:45:29.955503+00:00,29.621,0.375,0.37,0.38,0.625,0.62,0.63,,,,
2026-01-06 09:45:30.739000+00:00,2026-01-06 09:45:30.954457+00:00,30.739,0.385,0.38,0.39,0.615,0.61,0.62,,,,
2026-01-06 09:45:31.732000+00:00,2026-01-06 09:45:31.959562+00:00,31.732,0.385,0.38,0.39,0.615,0.61,0.62,,,,
2026-01-06 09:45:32.398000+00:00,2026-01-06 09:45:32.970900+00:00,32.398,0.385,0.38,0.39,0.615,0.61,0.62,,,,
2026-01-06 09:45:33.589000+00:00,2026-01-06 09:45:33.985349+00:00,33.589,0.385,0.38,0.39,0.615,0.61,0.62,,,,
2026-01-06 09:45:34.741000+00:00,2026-01-06 09:45:34.987964+00:00,34.741,0.395,0.39,0.4,0.605,0.6,0.61,,,,
2026-01-06 09:45:35.603000+00:00,2026-01-06 09:45:35.992871+00:00,35.603,0.395,0.39,0.4,0.605,0.6,0.61,,,,
2026-01-06 09:45:36.768000+00:00,2026-01-06 09:45:36.999269+00:00,36.768,0.395,0.39,0.4,0.605,0.6,0.61,,,,
2026-01-06 09:45:37.759000+00:00,2026-01-06 09:45:38.003327+00:00,37.759,0.395,0.39,0.4,0.605,0.6,0.61,,,,
2026-01-06 09:45:38.720000+00:00,2026-01-06 09:45:39.013206+00:00,38.72,0.39,0.38,0.4,0.61,0.6,0.62,,,,
2026-01-06 09:45:39.791000+00:00,2026-01-06 09:45:40.013547+00:00,39.791,0.445,0.44,0.45,0.555,0.55,0.56,,,,
2026-01-06 09:45:40.799000+00:00,2026-01-06 09:45:41.034951+00:00,40.799,0.505,0.5,0.51,0.495,0.49,0.5,,,,
2026-01-06 09:45:41.795000+00:00,2026-01-06 09:45:42.041242+00:00,41.795,0.525,0.51,0.54,0.4649999999999999,0.46,0.47,,,,
2026-01-06 09:45:42.762000+00:00,2026-01-06 09:45:43.042413+00:00,42.762,0.545,0.54,0.55,0.455,0.45,0.46,,,,
2026-01-06 09:45:43.794000+00:00,2026-01-06 09:45:44.063579+00:00,43.794,0.55,0.54,0.56,0.45,0.44,0.46,,,,
2026-01-06 09:45:44.919000+00:00,2026-01-06 09:45:45.069279+00:00,44.919,0.545,0.54,0.55,0.455,0.45,0.46,,,,
2026-01-06 09:45:45.810000+00:00,2026-01-06 09:45:46.078774+00:00,45.81,0.535,0.53,0.54,0.47,0.46,0.48,,,,
2026-01-06 09:45:46.827000+00:00,2026-01-06 09:45:47.084812+00:00,46.827,0.535,0.53,0.54,0.4649999999999999,0.46,0.47,,,,
2026-01-06 09:45:47.832000+00:00,2026-01-06 09:45:48.082295+00:00,47.832,0.545,0.53,0.56,0.4649999999999999,0.46,0.47,,,,
2026-01-06 09:45:48.842000+00:00,2026-01-06 09:45:49.101081+00:00,48.842,0.54,0.53,0.55,0.4599999999999999,0.45,0.47,,,,
2026-01-06 09:45:49.760000+00:00,2026-01-06 09:45:50.100831+00:00,49.76,0.54,0.53,0.55,0.4599999999999999,0.45,0.47,,,,
2026-01-06 09:45:50.758000+00:00,2026-01-06 09:45:51.104263+00:00,50.758,0.535,0.53,0.54,0.4649999999999999,0.46,0.47,,,,
2026-01-06 09:45:51.651000+00:00,2026-01-06 09:45:52.114758+00:00,51.651,0.54,0.53,0.55,0.4599999999999999,0.45,0.47,,,,
2026-01-06 09:45:52.853000+00:00,2026-01-06 09:45:53.118385+00:00,52.853,0.54,0.53,0.55,0.4599999999999999,0.45,0.47,,,,
2026-01-06 09:45:53.894000+00:00,2026-01-06 09:45:54.120234+00:00,53.894,0.535,0.53,0.54,0.4649999999999999,0.46,0.47,,,,
2026-01-06 09:45:54.839000+00:00,2026-01-06 09:45:55.127960+00:00,54.839,0.535,0.53,0.54,0.4649999999999999,0.46,0.47,,,,
2026-01-06 09:45:55.278000+00:00,2026-01-06 09:45:56.133816+00:00,55.278,0.535,0.53,0.54,0.4649999999999999,0.46,0.47,,,,
2026-01-06 09:45:56.894000+00:00,2026-01-06 09:45:57.144849+00:00,56.894,0.525,0.52,0.53,0.475,0.47,0.48,,,,
2026-01-06 09:45:57.828000+00:00,2026-01-06 09:45:58.169523+00:00,57.828,0.525,0.52,0.53,0.48,0.47,0.49,,,,
2026-01-06 09:45:58.716000+00:00,2026-01-06 09:45:59.180314+00:00,58.716,0.52,0.51,0.53,0.485,0.48,0.49,,,,
2026-01-06 09:45:59.856000+00:00,2026-01-06 09:46:00.186256+00:00,59.856,0.515,0.51,0.52,0.485,0.48,0.49,,,,
2026-01-06 09:46:00.961000+00:00,2026-01-06 09:46:01.193975+00:00,60.961,0.515,0.51,0.52,0.485,0.48,0.49,,,,
2026-01-06 09:46:01.967000+00:00,2026-01-06 09:46:02.194230+00:00,61.967,0.525,0.52,0.53,0.475,0.47,0.48,,,,
2026-01-06 09:46:02.908000+00:00,2026-01-06 09:46:03.217170+00:00,62.908,0.515,0.51,0.52,0.485,0.48,0.49,,,,
2026-01-06 09:46:04.010000+00:00,2026-01-06 09:46:04.237558+00:00,64.01,0.505,0.5,0.51,0.495,0.49,0.5,,,,
2026-01-06 09:46:05.140000+00:00,2026-01-06 09:46:05.367275+00:00,65.14,0.51,0.5,0.52,0.48,0.47,0.49,,,,
2026-01-06 09:46:06.138000+00:00,2026-01-06 09:46:06.364235+00:00,66.138,0.52,0.51,0.53,0.48,0.47,0.49,,,,
2026-01-06 09:46:07.132000+00:00,2026-01-06 09:46:07.360553+00:00,67.132,0.515,0.51,0.52,0.485,0.48,0.49,,,,
2026-01-06 09:46:08.987000+00:00,2026-01-06 09:46:09.378362+00:00,68.987,0.515,0.51,0.52,0.485,0.48,0.49,,,,
2026-01-06 09:46:10.070000+00:00,2026-01-06 09:46:10.391267+00:00,70.07,0.515,0.51,0.52,0.485,0.48,0.49,,,,
2026-01-06 09:46:11.057000+00:00,2026-01-06 09:46:11.407231+00:00,71.057,0.515,0.51,0.52,0.485,0.48,0.49,,,,
2026-01-06 09:46:12.182000+00:00,2026-01-06 09:46:12.411708+00:00,72.182,0.51,0.5,0.52,0.49,0.48,0.5,,,,
2026-01-06 09:46:13.177000+00:00,2026-01-06 09:46:13.411928+00:00,73.177,0.51,0.5,0.52,0.49,0.48,0.5,,,,
2026-01-06 09:46:14.197000+00:00,2026-01-06 09:46:14.428012+00:00,74.197,0.51,0.5,0.52,0.49,0.48,0.5,,,,
2026-01-06 09:46:15.154000+00:00,2026-01-06 09:46:15.434469+00:00,75.154,0.51,0.5,0.52,0.49,0.48,0.5,,,,
2026-01-06 09:46:16.200000+00:00,2026-01-06 09:46:16.441765+00:00,76.2,0.51,0.5,0.52,0.49,0.48,0.5,,,,
2026-01-06 09:46:17.888000+00:00,2026-01-06 09:46:18.445600+00:00,77.888,0.515,0.51,0.52,0.485,0.48,0.49,,,,
2026-01-06 09:46:19.031000+00:00,2026-01-06 09:46:19.458915+00:00,79.031,0.515,0.51,0.52,0.485,0.48,0.49,,,,
2026-01-06 09:46:20.206000+00:00,2026-01-06 09:46:20.461373+00:00,80.206,0.515,0.51,0.52,0.485,0.48,0.49,,,,
2026-01-06 09:46:21.220000+00:00,2026-01-06 09:46:21.461785+00:00,81.22,0.525,0.52,0.53,0.475,0.47,0.48,,,,
2026-01-06 09:46:22.130000+00:00,2026-01-06 09:46:22.453222+00:00,82.13,0.525,0.52,0.53,0.475,0.47,0.48,,,,
2026-01-06 09:46:23.225000+00:00,2026-01-06 09:46:23.458810+00:00,83.225,0.555,0.55,0.56,0.445,0.44,0.45,,,,
2026-01-06 09:46:24.028000+00:00,2026-01-06 09:46:24.467162+00:00,84.028,0.555,0.55,0.56,0.445,0.44,0.45,,,,
2026-01-06 09:46:25.159000+00:00,2026-01-06 09:46:25.498915+00:00,85.159,0.555,0.55,0.56,0.445,0.44,0.45,,,,
2026-01-06 09:46:26.275000+00:00,2026-01-06 09:46:26.502480+00:00,86.275,0.555,0.55,0.56,0.445,0.44,0.45,,,,
2026-01-06 09:46:27.267000+00:00,2026-01-06 09:46:27.502271+00:00,87.267,0.505,0.5,0.51,0.495,0.49,0.5,,,,
2026-01-06 09:46:28.131000+00:00,2026-01-06 09:46:28.515238+00:00,88.131,0.505,0.5,0.51,0.495,0.49,0.5,,,,
2026-01-06 09:46:29.174000+00:00,2026-01-06 09:46:29.525049+00:00,89.174,0.505,0.5,0.51,0.495,0.49,0.5,,,,
2026-01-06 09:46:30.307000+00:00,2026-01-06 09:46:30.542114+00:00,90.307,0.505,0.5,0.51,0.495,0.49,0.5,,,,
2026-01-06 09:46:31.914000+00:00,2026-01-06 09:46:32.577012+00:00,91.914,0.505,0.5,0.51,0.495,0.49,0.5,,,,
2026-01-06 09:46:33.367000+00:00,2026-01-06 09:46:33.594664+00:00,93.367,0.505,0.5,0.51,0.495,0.49,0.5,,,,
2026-01-06 09:46:34.359000+00:00,2026-01-06 09:46:34.598327+00:00,94.359,0.505,0.5,0.51,0.495,0.49,0.5,,,,
2026-01-06 09:46:35.308000+00:00,2026-01-06 09:46:35.598791+00:00,95.308,0.515,0.51,0.52,0.485,0.48,0.49,,,,
2026-01-06 09:46:36.342000+00:00,2026-01-06 09:46:36.611284+00:00,96.342,0.515,0.51,0.52,0.485,0.48,0.49,,,,
2026-01-06 09:46:37.387000+00:00,2026-01-06 09:46:37.610192+00:00,97.387,0.515,0.51,0.52,0.485,0.48,0.49,,,,
2026-01-06 09:46:38.327000+00:00,2026-01-06 09:46:38.626807+00:00,98.327,0.555,0.55,0.56,0.445,0.44,0.45,,,,
2026-01-06 09:46:39.399000+00:00,2026-01-06 09:46:39.643125+00:00,99.399,0.555,0.55,0.56,0.445,0.44,0.45,,,,
2026-01-06 09:46:40.410000+00:00,2026-01-06 09:46:40.642792+00:00,100.41,0.555,0.55,0.56,0.445,0.44,0.45,,,,
2026-01-06 09:46:41.406000+00:00,2026-01-06 09:46:41.643301+00:00,101.406,0.555,0.55,0.56,0.445,0.44,0.45,,,,
2026-01-06 09:46:42.400000+00:00,2026-01-06 09:46:42.645102+00:00,102.4,0.555,0.55,0.56,0.445,0.44,0.45,,,,
2026-01-06 09:46:43.428000+00:00,2026-01-06 09:46:43.653709+00:00,103.428,0.545,0.54,0.55,0.455,0.45,0.46,,,,
2026-01-06 09:46:44.448000+00:00,2026-01-06 09:46:44.673189+00:00,104.448,0.545,0.54,0.55,0.445,0.44,0.45,,,,
2026-01-06 09:46:45.449000+00:00,2026-01-06 09:46:45.685543+00:00,105.449,0.55,0.54,0.56,0.455,0.45,0.46,,,,
2026-01-06 09:46:46.370000+00:00,2026-01-06 09:46:46.684305+00:00,106.37,0.555,0.55,0.56,0.445,0.44,0.45,,,,
2026-01-06 09:46:47.461000+00:00,2026-01-06 09:46:47.684334+00:00,107.461,0.565,0.56,0.57,0.435,0.43,0.44,,,,
2026-01-06 09:46:48.472000+00:00,2026-01-06 09:46:48.693482+00:00,108.472,0.565,0.56,0.57,0.435,0.43,0.44,,,,
2026-01-06 09:46:49.479000+00:00,2026-01-06 09:46:49.709212+00:00,109.479,0.565,0.56,0.57,0.435,0.43,0.44,,,,
2026-01-06 09:46:50.457000+00:00,2026-01-06 09:46:50.708433+00:00,110.457,0.5700000000000001,0.56,0.58,0.43,0.42,0.44,,,,
2026-01-06 09:46:51.453000+00:00,2026-01-06 09:46:51.722598+00:00,111.453,0.5700000000000001,0.56,0.58,0.43,0.42,0.44,,,,
2026-01-06 09:46:52.484000+00:00,2026-01-06 09:46:52.726090+00:00,112.484,0.5700000000000001,0.56,0.58,0.43,0.42,0.44,,,,
2026-01-06 09:46:53.516000+00:00,2026-01-06 09:46:53.743561+00:00,113.516,0.5700000000000001,0.56,0.58,0.43,0.42,0.44,,,,
2026-01-06 09:46:54.535000+00:00,2026-01-06 09:46:54.761439+00:00,114.535,0.555,0.55,0.56,0.445,0.44,0.45,,,,
2026-01-06 09:46:55.426000+00:00,2026-01-06 09:46:55.778997+00:00,115.426,0.555,0.55,0.56,0.445,0.44,0.45,,,,
2026-01-06 09:46:56.542000+00:00,2026-01-06 09:46:56.789234+00:00,116.542,0.545,0.54,0.55,0.455,0.45,0.46,,,,
2026-01-06 09:46:57.577000+00:00,2026-01-06 09:46:57.810323+00:00,117.577,0.545,0.54,0.55,0.455,0.45,0.46,,,,
2026-01-06 09:46:58.549000+00:00,2026-01-06 09:46:58.813565+00:00,118.549,0.545,0.54,0.55,0.455,0.45,0.46,,,,
2026-01-06 09:46:59.561000+00:00,2026-01-06 09:46:59.814428+00:00,119.561,0.535,0.53,0.54,0.4649999999999999,0.46,0.47,,,,
2026-01-06 09:47:00.588000+00:00,2026-01-06 09:47:00.822563+00:00,120.588,0.535,0.53,0.54,0.4649999999999999,0.46,0.47,,,,
2026-01-06 09:47:01.496000+00:00,2026-01-06 09:47:01.826612+00:00,121.496,0.535,0.53,0.54,0.4649999999999999,0.46,0.47,,,,
2026-01-06 09:47:02.595000+00:00,2026-01-06 09:47:02.822411+00:00,122.595,0.535,0.53,0.54,0.4649999999999999,0.46,0.47,,,,
2026-01-06 09:47:03.600000+00:00,2026-01-06 09:47:03.826829+00:00,123.6,0.485,0.48,0.49,0.525,0.52,0.53,,,,
2026-01-06 09:47:04.534000+00:00,2026-01-06 09:47:04.836641+00:00,124.534,0.495,0.49,0.5,0.505,0.5,0.51,,,,
2026-01-06 09:47:05.577000+00:00,2026-01-06 09:47:05.835952+00:00,125.577,0.535,0.53,0.54,0.4649999999999999,0.46,0.47,,,,
2026-01-06 09:47:06.610000+00:00,2026-01-06 09:47:06.836509+00:00,126.61,0.53,0.52,0.54,0.47,0.46,0.48,,,,
2026-01-06 09:47:07.570000+00:00,2026-01-06 09:47:07.843631+00:00,127.57,0.53,0.52,0.54,0.47,0.46,0.48,,,,
2026-01-06 09:47:08.614000+00:00,2026-01-06 09:47:08.852452+00:00,128.614,0.525,0.52,0.53,0.475,0.47,0.48,,,,
2026-01-06 09:47:09.428000+00:00,2026-01-06 09:47:09.865508+00:00,129.428,0.515,0.51,0.52,0.485,0.48,0.49,,,,
2026-01-06 09:47:10.426000+00:00,2026-01-06 09:47:10.876927+00:00,130.426,0.515,0.51,0.52,0.485,0.48,0.49,,,,
2026-01-06 09:47:11.669000+00:00,2026-01-06 09:47:11.890542+00:00,131.669,0.515,0.51,0.52,0.485,0.48,0.49,,,,
2026-01-06 09:47:12.426000+00:00,2026-01-06 09:47:12.906151+00:00,132.426,0.515,0.51,0.52,0.485,0.48,0.49,,,,
2026-01-06 09:47:13.671000+00:00,2026-01-06 09:47:13.910037+00:00,133.671,0.515,0.51,0.52,0.485,0.48,0.49,,,,
2026-01-06 09:47:14.688000+00:00,2026-01-06 09:47:14.909396+00:00,134.688,0.52,0.51,0.53,0.475,0.47,0.48,,,,
2026-01-06 09:47:15.695000+00:00,2026-01-06 09:47:15.909364+00:00,135.695,0.525,0.52,0.53,0.455,0.45,0.46,,,,
2026-01-06 09:47:16.681000+00:00,2026-01-06 09:47:16.910230+00:00,136.681,0.535,0.53,0.54,0.4649999999999999,0.46,0.47,,,,
2026-01-06 09:47:17.614000+00:00,2026-01-06 09:47:17.924350+00:00,137.614,0.535,0.53,0.54,0.4649999999999999,0.46,0.47,,,,
2026-01-06 09:47:18.682000+00:00,2026-01-06 09:47:18.924116+00:00,138.682,0.535,0.53,0.54,0.4649999999999999,0.46,0.47,,,,
2026-01-06 09:47:19.657000+00:00,2026-01-06 09:47:19.934703+00:00,139.657,0.535,0.53,0.54,0.4649999999999999,0.46,0.47,,,,
2026-01-06 09:47:20.629000+00:00,2026-01-06 09:47:20.930359+00:00,140.629,0.535,0.53,0.54,0.4649999999999999,0.46,0.47,,,,
2026-01-06 09:47:21.689000+00:00,2026-01-06 09:47:21.943261+00:00,141.689,0.535,0.53,0.54,0.4649999999999999,0.46,0.47,,,,
2026-01-06 09:47:22.719000+00:00,2026-01-06 09:47:22.952640+00:00,142.719,0.545,0.54,0.55,0.455,0.45,0.46,,,,
2026-01-06 09:47:23.727000+00:00,2026-01-06 09:47:23.954093+00:00,143.727,0.545,0.54,0.55,0.455,0.45,0.46,,,,
2026-01-06 09:47:24.612000+00:00,2026-01-06 09:47:24.953257+00:00,144.612,0.54,0.53,0.55,0.4599999999999999,0.45,0.47,,,,
2026-01-06 09:47:25.570000+00:00,2026-01-06 09:47:25.955954+00:00,145.57,0.545,0.54,0.55,0.455,0.45,0.46,,,,
2026-01-06 09:47:26.615000+00:00,2026-01-06 09:47:26.958006+00:00,146.615,0.545,0.54,0.55,0.455,0.45,0.46,,,,
2026-01-06 09:47:27.732000+00:00,2026-01-06 09:47:27.972852+00:00,147.732,0.545,0.54,0.55,0.455,0.45,0.46,,,,
2026-01-06 09:47:28.752000+00:00,2026-01-06 09:47:28.983785+00:00,148.752,0.555,0.55,0.56,0.45,0.44,0.46,,,,
2026-01-06 09:47:29.755000+00:00,2026-01-06 09:47:29.991805+00:00,149.755,0.55,0.54,0.56,0.45,0.44,0.46,,,,
2026-01-06 09:47:30.726000+00:00,2026-01-06 09:47:30.988356+00:00,150.726,0.545,0.54,0.55,0.455,0.45,0.46,,,,
2026-01-06 09:47:31.715000+00:00,2026-01-06 09:47:31.995468+00:00,151.715,0.545,0.54,0.55,0.455,0.45,0.46,,,,
2026-01-06 09:47:32.726000+00:00,2026-01-06 09:47:33.017734+00:00,152.726,0.545,0.54,0.55,0.455,0.45,0.46,,,,
2026-01-06 09:47:33.785000+00:00,2026-01-06 09:47:34.019568+00:00,153.785,0.545,0.54,0.55,0.455,0.45,0.46,,,,
2026-01-06 09:47:34.768000+00:00,2026-01-06 09:47:35.023541+00:00,154.768,0.535,0.53,0.54,0.4649999999999999,0.46,0.47,,,,
2026-01-06 09:47:35.582000+00:00,2026-01-06 09:47:36.035490+00:00,155.582,0.525,0.52,0.53,0.475,0.47,0.48,,,,
2026-01-06 09:47:36.768000+00:00,2026-01-06 09:47:37.039570+00:00,156.768,0.535,0.53,0.54,0.4649999999999999,0.46,0.47,,,,
2026-01-06 09:47:37.785000+00:00,2026-01-06 09:47:38.042362+00:00,157.785,0.535,0.53,0.54,0.4649999999999999,0.46,0.47,,,,
2026-01-06 09:47:38.821000+00:00,2026-01-06 09:47:39.057315+00:00,158.821,0.525,0.52,0.53,0.475,0.47,0.48,,,,
2026-01-06 09:47:39.816000+00:00,2026-01-06 09:47:40.058046+00:00,159.816,0.525,0.52,0.53,0.475,0.47,0.48,,,,
2026-01-06 09:47:40.844000+00:00,2026-01-06 09:47:41.062039+00:00,160.844,0.53,0.52,0.54,0.475,0.47,0.48,,,,
2026-01-06 09:47:41.618000+00:00,2026-01-06 09:47:42.077261+00:00,161.618,0.525,0.52,0.53,0.475,0.47,0.48,,,,
2026-01-06 09:47:42.721000+00:00,2026-01-06 09:47:43.076761+00:00,162.721,0.525,0.52,0.53,0.475,0.47,0.48,,,,
2026-01-06 09:47:43.640000+00:00,2026-01-06 09:47:44.094278+00:00,163.64,0.53,0.52,0.54,0.47,0.46,0.48,,,,
2026-01-06 09:47:44.878000+00:00,2026-01-06 09:47:45.092891+00:00,164.878,0.535,0.53,0.54,0.4649999999999999,0.46,0.47,,,,
2026-01-06 09:47:45.858000+00:00,2026-01-06 09:47:46.091260+00:00,165.858,0.535,0.53,0.54,0.4649999999999999,0.46,0.47,,,,
2026-01-06 09:47:46.816000+00:00,2026-01-06 09:47:47.093568+00:00,166.816,0.535,0.53,0.54,0.4649999999999999,0.46,0.47,,,,
2026-01-06 09:47:47.860000+00:00,2026-01-06 09:47:48.108052+00:00,167.86,0.535,0.53,0.54,0.4649999999999999,0.46,0.47,,,,
2026-01-06 09:47:48.825000+00:00,2026-01-06 09:47:49.123237+00:00,168.825,0.535,0.53,0.54,0.4649999999999999,0.46,0.47,,,,
2026-01-06 09:47:49.863000+00:00,2026-01-06 09:47:50.137338+00:00,169.863,0.525,0.52,0.53,0.475,0.47,0.48,,,,
2026-01-06 09:47:50.870000+00:00,2026-01-06 09:47:51.156894+00:00,170.87,0.525,0.52,0.53,0.475,0.47,0.48,,,,
2026-01-06 09:47:51.959000+00:00,2026-01-06 09:47:52.184792+00:00,171.959,0.565,0.56,0.57,0.435,0.43,0.44,,,,
2026-01-06 09:47:52.851000+00:00,2026-01-06 09:47:53.187361+00:00,172.851,0.565,0.56,0.57,0.435,0.43,0.44,,,,
2026-01-06 09:47:53.870000+00:00,2026-01-06 09:47:54.189161+00:00,173.87,0.565,0.56,0.57,0.435,0.43,0.44,,,,
2026-01-06 09:47:54.957000+00:00,2026-01-06 09:47:55.191183+00:00,174.957,0.565,0.56,0.57,0.435,0.43,0.44,,,,
2026-01-06 09:47:55.850000+00:00,2026-01-06 09:47:56.205214+00:00,175.85,0.565,0.56,0.57,0.435,0.43,0.44,,,,
2026-01-06 09:47:56.948000+00:00,2026-01-06 09:47:57.206546+00:00,176.948,0.565,0.56,0.57,0.435,0.43,0.44,,,,
2026-01-06 09:47:57.779000+00:00,2026-01-06 09:47:58.211846+00:00,177.779,0.565,0.56,0.57,0.435,0.43,0.44,,,,
2026-01-06 09:47:58.877000+00:00,2026-01-06 09:47:59.223186+00:00,178.877,0.555,0.55,0.56,0.445,0.44,0.45,,,,
2026-01-06 09:47:59.997000+00:00,2026-01-06 09:48:00.224404+00:00,179.997,0.56,0.55,0.57,0.44,0.43,0.45,,,,
2026-01-06 09:48:01.001000+00:00,2026-01-06 09:48:01.224605+00:00,181.001,0.55,0.54,0.56,0.45,0.44,0.46,,,,
2026-01-06 09:48:02.995000+00:00,2026-01-06 09:48:03.239471+00:00,182.995,0.545,0.54,0.55,0.455,0.45,0.46,,,,
2026-01-06 09:48:03.928000+00:00,2026-01-06 09:48:04.240725+00:00,183.928,0.545,0.54,0.55,0.455,0.45,0.46,,,,
2026-01-06 09:48:05.018000+00:00,2026-01-06 09:48:05.257058+00:00,185.018,0.545,0.54,0.55,0.455,0.45,0.46,,,,
2026-01-06 09:48:06.887000+00:00,2026-01-06 09:48:07.275265+00:00,186.887,0.545,0.54,0.55,0.455,0.45,0.46,,,,
2026-01-06 09:48:08.919000+00:00,2026-01-06 09:48:09.275367+00:00,188.919,0.545,0.54,0.55,0.455,0.45,0.46,,,,
2026-01-06 09:48:10.037000+00:00,2026-01-06 09:48:10.277912+00:00,190.037,0.545,0.54,0.55,0.455,0.45,0.46,,,,
2026-01-06 09:48:11.787000+00:00,2026-01-06 09:48:12.293569+00:00,191.787,0.545,0.54,0.55,0.455,0.45,0.46,,,,
2026-01-06 09:48:13.072000+00:00,2026-01-06 09:48:13.300049+00:00,193.072,0.495,0.49,0.5,0.515,0.51,0.52,,,,
2026-01-06 09:48:14.068000+00:00,2026-01-06 09:48:14.300202+00:00,194.068,0.495,0.49,0.5,0.505,0.5,0.51,,,,
2026-01-06 09:48:15.058000+00:00,2026-01-06 09:48:15.307199+00:00,195.058,0.495,0.49,0.5,0.505,0.5,0.51,,,,
2026-01-06 09:48:16.027000+00:00,2026-01-06 09:48:16.323517+00:00,196.027,0.495,0.49,0.5,0.505,0.5,0.51,,,,
2026-01-06 09:48:17.096000+00:00,2026-01-06 09:48:17.326493+00:00,197.096,0.495,0.49,0.5,0.505,0.5,0.51,,,,
2026-01-06 09:48:18.030000+00:00,2026-01-06 09:48:18.314605+00:00,198.03,0.495,0.49,0.5,0.505,0.5,0.51,,,,
2026-01-06 09:48:19.024000+00:00,2026-01-06 09:48:19.327591+00:00,199.024,0.505,0.5,0.51,0.495,0.49,0.5,,,,
2026-01-06 09:48:20.101000+00:00,2026-01-06 09:48:20.339194+00:00,200.101,0.505,0.5,0.51,0.495,0.49,0.5,,,,
2026-01-06 09:48:21.034000+00:00,2026-01-06 09:48:21.346264+00:00,201.034,0.505,0.5,0.51,0.495,0.49,0.5,,,,
2026-01-06 09:48:22.996000+00:00,2026-01-06 09:48:23.355599+00:00,202.996,0.505,0.5,0.51,0.495,0.49,0.5,,,,
2026-01-06 09:48:23.902000+00:00,2026-01-06 09:48:24.369515+00:00,203.902,0.505,0.5,0.51,0.495,0.49,0.5,,,,
2026-01-06 09:48:24.844000+00:00,2026-01-06 09:48:25.376405+00:00,204.844,0.505,0.5,0.51,0.495,0.49,0.5,,,,
2026-01-06 09:48:25.323000+00:00,2026-01-06 09:48:26.383825+00:00,205.323,0.505,0.5,0.51,0.495,0.49,0.5,,,,
2026-01-06 09:48:27.160000+00:00,2026-01-06 09:48:27.390046+00:00,207.16,0.51,0.5,0.52,0.49,0.48,0.5,,,,
2026-01-06 09:48:28.176000+00:00,2026-01-06 09:48:28.406436+00:00,208.176,0.535,0.53,0.54,0.4649999999999999,0.46,0.47,,,,
2026-01-06 09:48:29.094000+00:00,2026-01-06 09:48:29.416219+00:00,209.094,0.575,0.57,0.58,0.425,0.42,0.43,,,,
2026-01-06 09:48:30.190000+00:00,2026-01-06 09:48:30.416656+00:00,210.19,0.585,0.58,0.59,0.415,0.41,0.42,,,,
2026-01-06 09:48:31.185000+00:00,2026-01-06 09:48:31.422887+00:00,211.185,0.575,0.57,0.58,0.425,0.42,0.43,,,,
2026-01-06 09:48:32.293000+00:00,2026-01-06 09:48:32.436261+00:00,212.293,0.565,0.56,0.57,0.44,0.43,0.45,,,,
2026-01-06 09:48:33.125000+00:00,2026-01-06 09:48:33.432026+00:00,213.125,0.555,0.55,0.56,0.445,0.44,0.45,,,,
2026-01-06 09:48:34.226000+00:00,2026-01-06 09:48:34.456397+00:00,214.226,0.545,0.54,0.55,0.455,0.45,0.46,,,,
2026-01-06 09:48:35.230000+00:00,2026-01-06 09:48:35.466809+00:00,215.23,0.505,0.5,0.51,0.495,0.49,0.5,,,,
2026-01-06 09:48:36.231000+00:00,2026-01-06 09:48:36.477975+00:00,216.231,0.505,0.5,0.51,0.495,0.49,0.5,,,,
2026-01-06 09:48:37.167000+00:00,2026-01-06 09:48:37.487498+00:00,217.167,0.515,0.51,0.52,0.485,0.48,0.49,,,,
2026-01-06 09:48:38.237000+00:00,2026-01-06 09:48:38.486202+00:00,218.237,0.515,0.51,0.52,0.485,0.48,0.49,,,,
2026-01-06 09:48:39.009000+00:00,2026-01-06 09:48:39.492502+00:00,219.009,0.515,0.51,0.52,0.485,0.48,0.49,,,,
2026-01-06 09:48:40.237000+00:00,2026-01-06 09:48:40.497966+00:00,220.237,0.515,0.51,0.52,0.485,0.48,0.49,,,,
2026-01-06 09:48:41.196000+00:00,2026-01-06 09:48:41.510940+00:00,221.196,0.505,0.5,0.51,0.495,0.49,0.5,,,,
2026-01-06 09:48:42.298000+00:00,2026-01-06 09:48:42.523922+00:00,222.298,0.495,0.49,0.5,0.505,0.5,0.51,,,,
2026-01-06 09:48:43.277000+00:00,2026-01-06 09:48:43.544720+00:00,223.277,0.475,0.47,0.48,0.545,0.54,0.55,,,,
2026-01-06 09:48:44.286000+00:00,2026-01-06 09:48:44.556013+00:00,224.286,0.47,0.46,0.48,0.53,0.52,0.54,,,,
2026-01-06 09:48:45.050000+00:00,2026-01-06 09:48:45.560174+00:00,225.05,0.475,0.47,0.48,0.525,0.52,0.53,,,,
2026-01-06 09:48:46.357000+00:00,2026-01-06 09:48:46.574722+00:00,226.357,0.475,0.47,0.48,0.525,0.52,0.53,,,,
2026-01-06 09:48:47.340000+00:00,2026-01-06 09:48:47.578468+00:00,227.34,0.495,0.49,0.5,0.505,0.5,0.51,,,,
2026-01-06 09:48:48.333000+00:00,2026-01-06 09:48:48.573232+00:00,228.333,0.495,0.49,0.5,0.505,0.5,0.51,,,,
2026-01-06 09:48:49.298000+00:00,2026-01-06 09:48:49.584855+00:00,229.298,0.495,0.49,0.5,0.505,0.5,0.51,,,,
2026-01-06 09:48:50.313000+00:00,2026-01-06 09:48:50.585154+00:00,230.313,0.495,0.49,0.5,0.505,0.5,0.51,,,,
2026-01-06 09:48:51.298000+00:00,2026-01-06 09:48:51.594481+00:00,231.298,0.495,0.49,0.5,0.505,0.5,0.51,,,,
2026-01-06 09:48:52.380000+00:00,2026-01-06 09:48:52.605849+00:00,232.38,0.495,0.49,0.5,0.505,0.5,0.51,,,,
2026-01-06 09:48:53.260000+00:00,2026-01-06 09:48:53.621063+00:00,233.26,0.455,0.45,0.46,0.545,0.54,0.55,,,,
2026-01-06 09:48:54.364000+00:00,2026-01-06 09:48:54.621687+00:00,234.364,0.4649999999999999,0.46,0.47,0.535,0.53,0.54,,,,
2026-01-06 09:48:55.270000+00:00,2026-01-06 09:48:55.621510+00:00,235.27,0.4649999999999999,0.46,0.47,0.535,0.53,0.54,,,,
2026-01-06 09:48:56.365000+00:00,2026-01-06 09:48:56.627792+00:00,236.365,0.4649999999999999,0.46,0.47,0.535,0.53,0.54,,,,
2026-01-06 09:48:57.379000+00:00,2026-01-06 09:48:57.638985+00:00,237.379,0.4649999999999999,0.46,0.47,0.535,0.53,0.54,,,,
2026-01-06 09:48:58.323000+00:00,2026-01-06 09:48:58.655629+00:00,238.323,0.4649999999999999,0.46,0.47,0.535,0.53,0.54,,,,
2026-01-06 09:48:59.450000+00:00,2026-01-06 09:48:59.671524+00:00,239.45,0.47,0.46,0.48,0.53,0.52,0.54,,,,
2026-01-06 09:49:00.428000+00:00,2026-01-06 09:49:00.671346+00:00,240.428,0.47,0.46,0.48,0.53,0.52,0.54,,,,
2026-01-06 09:49:01.462000+00:00,2026-01-06 09:49:01.688126+00:00,241.462,0.4649999999999999,0.46,0.47,0.535,0.53,0.54,,,,
2026-01-06 09:49:02.421000+00:00,2026-01-06 09:49:02.710631+00:00,242.421,0.4649999999999999,0.46,0.47,0.535,0.53,0.54,,,,
2026-01-06 09:49:03.486000+00:00,2026-01-06 09:49:03.721088+00:00,243.486,0.4599999999999999,0.45,0.47,0.54,0.53,0.55,,,,
2026-01-06 09:49:04.484000+00:00,2026-01-06 09:49:04.726651+00:00,244.484,0.4649999999999999,0.46,0.47,0.54,0.53,0.55,,,,
2026-01-06 09:49:05.496000+00:00,2026-01-06 09:49:05.741658+00:00,245.496,0.47,0.46,0.48,0.53,0.52,0.54,,,,
2026-01-06 09:49:06.518000+00:00,2026-01-06 09:49:06.752504+00:00,246.518,0.47,0.46,0.48,0.53,0.52,0.54,,,,
2026-01-06 09:49:07.522000+00:00,2026-01-06 09:49:07.752646+00:00,247.522,0.4649999999999999,0.46,0.47,0.535,0.53,0.54,,,,
2026-01-06 09:49:08.392000+00:00,2026-01-06 09:49:08.772420+00:00,248.392,0.4649999999999999,0.46,0.47,0.535,0.53,0.54,,,,
2026-01-06 09:49:09.419000+00:00,2026-01-06 09:49:09.771984+00:00,249.419,0.4649999999999999,0.46,0.47,0.535,0.53,0.54,,,,
2026-01-06 09:49:10.268000+00:00,2026-01-06 09:49:10.770390+00:00,250.268,0.47,0.46,0.48,0.53,0.52,0.54,,,,
2026-01-06 09:49:11.953000+00:00,2026-01-06 09:49:12.796751+00:00,251.953,0.47,0.46,0.48,0.53,0.52,0.54,,,,
2026-01-06 09:49:13.562000+00:00,2026-01-06 09:49:13.805584+00:00,253.562,0.495,0.49,0.5,0.505,0.5,0.51,,,,
2026-01-06 09:49:14.486000+00:00,2026-01-06 09:49:14.805243+00:00,254.486,0.505,0.5,0.51,0.495,0.49,0.5,,,,
2026-01-06 09:49:15.336000+00:00,2026-01-06 09:49:15.814108+00:00,255.336,0.505,0.5,0.51,0.495,0.49,0.5,,,,
2026-01-06 09:49:16.576000+00:00,2026-01-06 09:49:16.825826+00:00,256.576,0.505,0.5,0.51,0.495,0.49,0.5,,,,
2026-01-06 09:49:17.499000+00:00,2026-01-06 09:49:17.848532+00:00,257.499,0.525,0.52,0.53,0.475,0.47,0.48,,,,
2026-01-06 09:49:18.643000+00:00,2026-01-06 09:49:18.870211+00:00,258.643,0.515,0.51,0.52,0.485,0.48,0.49,,,,
2026-01-06 09:49:19.665000+00:00,2026-01-06 09:49:19.888589+00:00,259.665,0.51,0.5,0.52,0.49,0.48,0.5,,,,
2026-01-06 09:49:20.531000+00:00,2026-01-06 09:49:20.896094+00:00,260.531,0.515,0.51,0.52,0.485,0.48,0.49,,,,
2026-01-06 09:49:21.332000+00:00,2026-01-06 09:49:21.911703+00:00,261.332,0.515,0.51,0.52,0.485,0.48,0.49,,,,
2026-01-06 09:49:22.601000+00:00,2026-01-06 09:49:22.909468+00:00,262.601,0.525,0.52,0.53,0.475,0.47,0.48,,,,
2026-01-06 09:49:23.671000+00:00,2026-01-06 09:49:23.913316+00:00,263.671,0.525,0.52,0.53,0.475,0.47,0.48,,,,
2026-01-06 09:49:24.687000+00:00,2026-01-06 09:49:24.915939+00:00,264.687,0.565,0.56,0.57,0.445,0.44,0.45,,,,
2026-01-06 09:49:25.712000+00:00,2026-01-06 09:49:25.940929+00:00,265.712,0.555,0.55,0.56,0.445,0.44,0.45,,,,
2026-01-06 09:49:26.708000+00:00,2026-01-06 09:49:26.944309+00:00,266.708,0.575,0.57,0.58,0.425,0.42,0.43,,,,
2026-01-06 09:49:27.740000+00:00,2026-01-06 09:49:27.956854+00:00,267.74,0.595,0.59,0.6,0.405,0.4,0.41,,,,
2026-01-06 09:49:28.739000+00:00,2026-01-06 09:49:28.971700+00:00,268.739,0.625,0.62,0.63,0.375,0.37,0.38,,,,
2026-01-06 09:49:29.748000+00:00,2026-01-06 09:49:29.979386+00:00,269.748,0.625,0.62,0.63,0.375,0.37,0.38,,,,
2026-01-06 09:49:30.760000+00:00,2026-01-06 09:49:30.992750+00:00,270.76,0.635,0.63,0.64,0.365,0.36,0.37,,,,
2026-01-06 09:49:31.777000+00:00,2026-01-06 09:49:32.002073+00:00,271.777,0.65,0.64,0.66,0.35,0.34,0.36,,,,
2026-01-06 09:49:32.789000+00:00,2026-01-06 09:49:33.026694+00:00,272.789,0.65,0.64,0.66,0.35,0.34,0.36,,,,
2026-01-06 09:49:33.676000+00:00,2026-01-06 09:49:34.021341+00:00,273.676,0.655,0.65,0.66,0.35,0.34,0.36,,,,
2026-01-06 09:49:34.763000+00:00,2026-01-06 09:49:35.020629+00:00,274.763,0.655,0.65,0.66,0.345,0.34,0.35,,,,
2026-01-06 09:49:35.749000+00:00,2026-01-06 09:49:36.026450+00:00,275.749,0.655,0.65,0.66,0.345,0.34,0.35,,,,
2026-01-06 09:49:36.781000+00:00,2026-01-06 09:49:37.031604+00:00,276.781,0.655,0.65,0.66,0.335,0.33,0.34,,,,
2026-01-06 09:49:37.725000+00:00,2026-01-06 09:49:38.042330+00:00,277.725,0.655,0.65,0.66,0.3399999999999999,0.33,0.35,,,,
2026-01-06 09:49:38.768000+00:00,2026-01-06 09:49:39.042212+00:00,278.768,0.66,0.65,0.67,0.3399999999999999,0.33,0.35,,,,
2026-01-06 09:49:39.829000+00:00,2026-01-06 09:49:40.054955+00:00,279.829,0.655,0.65,0.66,0.355,0.35,0.36,,,,
2026-01-06 09:49:40.815000+00:00,2026-01-06 09:49:41.054287+00:00,280.815,0.625,0.62,0.63,0.375,0.37,0.38,,,,
2026-01-06 09:49:41.773000+00:00,2026-01-06 09:49:42.062865+00:00,281.773,0.615,0.61,0.62,0.385,0.38,0.39,,,,
2026-01-06 09:49:42.541000+00:00,2026-01-06 09:49:43.060012+00:00,282.541,0.615,0.61,0.62,0.385,0.38,0.39,,,,
2026-01-06 09:49:43.835000+00:00,2026-01-06 09:49:44.060960+00:00,283.835,0.615,0.61,0.62,0.38,0.37,0.39,,,,
2026-01-06 09:49:44.827000+00:00,2026-01-06 09:49:45.060587+00:00,284.827,0.615,0.61,0.62,0.385,0.38,0.39,,,,
2026-01-06 09:49:45.797000+00:00,2026-01-06 09:49:46.075592+00:00,285.797,0.62,0.61,0.63,0.38,0.37,0.39,,,,
2026-01-06 09:49:46.821000+00:00,2026-01-06 09:49:47.072298+00:00,286.821,0.625,0.62,0.63,0.375,0.37,0.38,,,,
2026-01-06 09:49:47.744000+00:00,2026-01-06 09:49:48.075603+00:00,287.744,0.625,0.62,0.63,0.375,0.37,0.38,,,,
2026-01-06 09:49:48.780000+00:00,2026-01-06 09:49:49.087049+00:00,288.78,0.625,0.62,0.63,0.375,0.37,0.38,,,,
2026-01-06 09:49:49.841000+00:00,2026-01-06 09:49:50.088962+00:00,289.841,0.635,0.63,0.64,0.365,0.36,0.37,,,,
2026-01-06 09:49:50.851000+00:00,2026-01-06 09:49:51.091491+00:00,290.851,0.635,0.63,0.64,0.365,0.36,0.37,,,,
2026-01-06 09:49:51.805000+00:00,2026-01-06 09:49:52.098089+00:00,291.805,0.635,0.63,0.64,0.365,0.36,0.37,,,,
2026-01-06 09:49:52.869000+00:00,2026-01-06 09:49:53.104460+00:00,292.869,0.635,0.63,0.64,0.365,0.36,0.37,,,,
2026-01-06 09:49:53.704000+00:00,2026-01-06 09:49:54.107509+00:00,293.704,0.635,0.63,0.64,0.365,0.36,0.37,,,,
2026-01-06 09:49:54.877000+00:00,2026-01-06 09:49:55.105720+00:00,294.877,0.655,0.65,0.66,0.345,0.34,0.35,,,,
2026-01-06 09:49:55.886000+00:00,2026-01-06 09:49:56.114579+00:00,295.886,0.675,0.67,0.68,0.325,0.32,0.33,,,,
2026-01-06 09:49:56.880000+00:00,2026-01-06 09:49:57.122825+00:00,296.88,0.685,0.68,0.69,0.315,0.31,0.32,,,,
2026-01-06 09:49:57.899000+00:00,2026-01-06 09:49:58.141237+00:00,297.899,0.685,0.68,0.69,0.315,0.31,0.32,,,,
2026-01-06 09:49:58.857000+00:00,2026-01-06 09:49:59.139575+00:00,298.857,0.675,0.67,0.68,0.325,0.32,0.33,,,,
2026-01-06 09:49:59.905000+00:00,2026-01-06 09:50:00.151970+00:00,299.905,0.675,0.67,0.68,0.325,0.32,0.33,,,,
2026-01-06 09:50:00.993000+00:00,2026-01-06 09:50:01.169397+00:00,300.993,0.705,0.7,0.71,0.29,0.28,0.3,,,,
2026-01-06 09:50:01.962000+00:00,2026-01-06 09:50:02.185133+00:00,301.962,0.705,0.7,0.71,0.295,0.29,0.3,,,,
2026-01-06 09:50:02.931000+00:00,2026-01-06 09:50:03.186406+00:00,302.931,0.605,0.6,0.61,0.395,0.39,0.4,,,,
2026-01-06 09:50:03.936000+00:00,2026-01-06 09:50:04.184511+00:00,303.936,0.615,0.61,0.62,0.385,0.38,0.39,,,,
2026-01-06 09:50:04.957000+00:00,2026-01-06 09:50:05.196138+00:00,304.957,0.625,0.62,0.63,0.375,0.37,0.38,,,,
2026-01-06 09:50:05.941000+00:00,2026-01-06 09:50:06.190704+00:00,305.941,0.62,0.61,0.63,0.385,0.38,0.39,,,,
2026-01-06 09:50:06.949000+00:00,2026-01-06 09:50:07.201307+00:00,306.949,0.6,0.59,0.61,0.395,0.39,0.4,,,,
2026-01-06 09:50:07.965000+00:00,2026-01-06 09:50:08.218065+00:00,307.965,0.605,0.6,0.61,0.395,0.39,0.4,,,,
2026-01-06 09:50:08.945000+00:00,2026-01-06 09:50:09.236521+00:00,308.945,0.6,0.59,0.61,0.4,0.39,0.41,,,,
2026-01-06 09:50:09.958000+00:00,2026-01-06 09:50:10.253770+00:00,309.958,0.6,0.59,0.61,0.39,0.38,0.4,,,,
2026-01-06 09:50:10.978000+00:00,2026-01-06 09:50:11.262803+00:00,310.978,0.61,0.6,0.62,0.39,0.38,0.4,,,,
2026-01-06 09:50:12.939000+00:00,2026-01-06 09:50:13.269138+00:00,312.939,0.61,0.6,0.62,0.39,0.38,0.4,,,,
2026-01-06 09:50:14.985000+00:00,2026-01-06 09:50:15.287009+00:00,314.985,0.615,0.61,0.62,0.385,0.38,0.39,,,,
2026-01-06 09:50:15.975000+00:00,2026-01-06 09:50:16.293281+00:00,315.975,0.615,0.61,0.62,0.385,0.38,0.39,,,,
2026-01-06 09:50:16.719000+00:00,2026-01-06 09:50:17.302348+00:00,316.719,0.615,0.61,0.62,0.385,0.38,0.39,,,,
2026-01-06 09:50:17.847000+00:00,2026-01-06 09:50:18.302898+00:00,317.847,0.615,0.61,0.62,0.385,0.38,0.39,,,,
2026-01-06 09:50:19.083000+00:00,2026-01-06 09:50:19.312982+00:00,319.083,0.615,0.61,0.62,0.385,0.38,0.39,,,,
2026-01-06 09:50:20.995000+00:00,2026-01-06 09:50:21.324391+00:00,320.995,0.615,0.61,0.62,0.385,0.38,0.39,,,,
2026-01-06 09:50:22.095000+00:00,2026-01-06 09:50:22.323415+00:00,322.095,0.5700000000000001,0.56,0.58,0.445,0.44,0.45,,,,
2026-01-06 09:50:23.077000+00:00,2026-01-06 09:50:23.319134+00:00,323.077,0.54,0.53,0.55,0.4599999999999999,0.45,0.47,,,,
2026-01-06 09:50:24.085000+00:00,2026-01-06 09:50:24.318541+00:00,324.085,0.54,0.53,0.55,0.4599999999999999,0.45,0.47,,,,
2026-01-06 09:50:25.038000+00:00,2026-01-06 09:50:25.337128+00:00,325.038,0.535,0.53,0.54,0.4649999999999999,0.46,0.47,,,,
2026-01-06 09:50:26.106000+00:00,2026-01-06 09:50:26.355310+00:00,326.106,0.54,0.53,0.55,0.4649999999999999,0.46,0.47,,,,
2026-01-06 09:50:27.020000+00:00,2026-01-06 09:50:27.357341+00:00,327.02,0.535,0.53,0.54,0.47,0.46,0.48,,,,
2026-01-06 09:50:28.131000+00:00,2026-01-06 09:50:28.370917+00:00,328.131,0.53,0.52,0.54,0.47,0.46,0.48,,,,
2026-01-06 09:50:29.116000+00:00,2026-01-06 09:50:29.386091+00:00,329.116,0.525,0.52,0.53,0.5,0.49,0.51,,,,
2026-01-06 09:50:30.136000+00:00,2026-01-06 09:50:30.387836+00:00,330.136,0.505,0.5,0.51,0.495,0.49,0.5,,,,
2026-01-06 09:50:31.049000+00:00,2026-01-06 09:50:31.385308+00:00,331.049,0.51,0.5,0.52,0.49,0.48,0.5,,,,
2026-01-06 09:50:32.152000+00:00,2026-01-06 09:50:32.385490+00:00,332.152,0.505,0.5,0.51,0.495,0.49,0.5,,,,
2026-01-06 09:50:33.161000+00:00,2026-01-06 09:50:33.385014+00:00,333.161,0.495,0.49,0.5,0.505,0.5,0.51,,,,
2026-01-06 09:50:34.154000+00:00,2026-01-06 09:50:34.382178+00:00,334.154,0.5,0.49,0.51,0.5,0.49,0.51,,,,
2026-01-06 09:50:35.054000+00:00,2026-01-06 09:50:35.388503+00:00,335.054,0.505,0.5,0.51,0.495,0.49,0.5,,,,
2026-01-06 09:50:36.164000+00:00,2026-01-06 09:50:36.398828+00:00,336.164,0.505,0.5,0.51,0.495,0.49,0.5,,,,
2026-01-06 09:50:37.054000+00:00,2026-01-06 09:50:37.415171+00:00,337.054,0.505,0.5,0.51,0.495,0.49,0.5,,,,
2026-01-06 09:50:38.207000+00:00,2026-01-06 09:50:38.429959+00:00,338.207,0.515,0.51,0.52,0.485,0.48,0.49,,,,
2026-01-06 09:50:39.109000+00:00,2026-01-06 09:50:39.438318+00:00,339.109,0.515,0.51,0.52,0.485,0.48,0.49,,,,
2026-01-06 09:50:40.223000+00:00,2026-01-06 09:50:40.451636+00:00,340.223,0.565,0.56,0.57,0.435,0.43,0.44,,,,
2026-01-06 09:50:41.190000+00:00,2026-01-06 09:50:41.456193+00:00,341.19,0.585,0.58,0.59,0.415,0.41,0.42,,,,
2026-01-06 09:50:42.107000+00:00,2026-01-06 09:50:42.468998+00:00,342.107,0.575,0.57,0.58,0.425,0.42,0.43,,,,
2026-01-06 09:50:43.120000+00:00,2026-01-06 09:50:43.485443+00:00,343.12,0.575,0.57,0.58,0.425,0.42,0.43,,,,
2026-01-06 09:50:44.126000+00:00,2026-01-06 09:50:44.485788+00:00,344.126,0.575,0.57,0.58,0.425,0.42,0.43,,,,
2026-01-06 09:50:45.220000+00:00,2026-01-06 09:50:45.487542+00:00,345.22,0.575,0.57,0.58,0.425,0.42,0.43,,,,
2026-01-06 09:50:46.231000+00:00,2026-01-06 09:50:46.495010+00:00,346.231,0.575,0.57,0.58,0.425,0.42,0.43,,,,
2026-01-06 09:50:47.175000+00:00,2026-01-06 09:50:47.496535+00:00,347.175,0.575,0.57,0.58,0.425,0.42,0.43,,,,
2026-01-06 09:50:48.016000+00:00,2026-01-06 09:50:48.496316+00:00,348.016,0.575,0.57,0.58,0.425,0.42,0.43,,,,
2026-01-06 09:50:49.219000+00:00,2026-01-06 09:50:49.500614+00:00,349.219,0.58,0.57,0.59,0.425,0.42,0.43,,,,
2026-01-06 09:50:50.230000+00:00,2026-01-06 09:50:50.510770+00:00,350.23,0.58,0.57,0.59,0.42,0.41,0.43,,,,
2026-01-06 09:50:51.836000+00:00,2026-01-06 09:50:52.518055+00:00,351.836,0.575,0.57,0.58,0.425,0.42,0.43,,,,
2026-01-06 09:50:53.298000+00:00,2026-01-06 09:50:53.539924+00:00,353.298,0.58,0.57,0.59,0.42,0.41,0.43,,,,
2026-01-06 09:50:54.331000+00:00,2026-01-06 09:50:54.559459+00:00,354.331,0.6,0.59,0.61,0.4,0.39,0.41,,,,
2026-01-06 09:50:55.332000+00:00,2026-01-06 09:50:55.566175+00:00,355.332,0.585,0.58,0.59,0.415,0.41,0.42,,,,
2026-01-06 09:50:56.285000+00:00,2026-01-06 09:50:56.584659+00:00,356.285,0.575,0.57,0.58,0.425,0.42,0.43,,,,
2026-01-06 09:50:57.307000+00:00,2026-01-06 09:50:57.601872+00:00,357.307,0.595,0.59,0.6,0.405,0.4,0.41,,,,
2026-01-06 09:50:58.373000+00:00,2026-01-06 09:50:58.618418+00:00,358.373,0.595,0.59,0.6,0.405,0.4,0.41,,,,
2026-01-06 09:50:59.346000+00:00,2026-01-06 09:50:59.625894+00:00,359.346,0.595,0.59,0.6,0.405,0.4,0.41,,,,
2026-01-06 09:51:00.413000+00:00,2026-01-06 09:51:00.644054+00:00,360.413,0.605,0.6,0.61,0.39,0.38,0.4,,,,
2026-01-06 09:51:01.388000+00:00,2026-01-06 09:51:01.661065+00:00,361.388,0.615,0.61,0.62,0.385,0.38,0.39,,,,
2026-01-06 09:51:02.329000+00:00,2026-01-06 09:51:02.666953+00:00,362.329,0.615,0.61,0.62,0.395,0.39,0.4,,,,
2026-01-06 09:51:03.182000+00:00,2026-01-06 09:51:03.672408+00:00,363.182,0.605,0.6,0.61,0.395,0.39,0.4,,,,
2026-01-06 09:51:04.404000+00:00,2026-01-06 09:51:04.676972+00:00,364.404,0.605,0.6,0.61,0.395,0.39,0.4,,,,
2026-01-06 09:51:05.420000+00:00,2026-01-06 09:51:05.686674+00:00,365.42,0.605,0.6,0.61,0.395,0.39,0.4,,,,
2026-01-06 09:51:06.339000+00:00,2026-01-06 09:51:06.682393+00:00,366.339,0.595,0.59,0.6,0.405,0.4,0.41,,,,
2026-01-06 09:51:07.190000+00:00,2026-01-06 09:51:07.699003+00:00,367.19,0.605,0.6,0.61,0.395,0.39,0.4,,,,
2026-01-06 09:51:08.238000+00:00,2026-01-06 09:51:08.705551+00:00,368.238,0.605,0.6,0.61,0.405,0.4,0.41,,,,
2026-01-06 09:51:09.428000+00:00,2026-01-06 09:51:09.731756+00:00,369.428,0.615,0.61,0.62,0.385,0.38,0.39,,,,
2026-01-06 09:51:10.414000+00:00,2026-01-06 09:51:10.750754+00:00,370.414,0.615,0.61,0.62,0.385,0.38,0.39,,,,
2026-01-06 09:51:11.540000+00:00,2026-01-06 09:51:11.767868+00:00,371.54,0.61,0.6,0.62,0.39,0.38,0.4,,,,
2026-01-06 09:51:12.479000+00:00,2026-01-06 09:51:12.773324+00:00,372.479,0.605,0.6,0.61,0.39,0.38,0.4,,,,
2026-01-06 09:51:13.456000+00:00,2026-01-06 09:51:13.769829+00:00,373.456,0.61,0.6,0.62,0.385,0.38,0.39,,,,
2026-01-06 09:51:14.542000+00:00,2026-01-06 09:51:14.796594+00:00,374.542,0.645,0.64,0.65,0.355,0.35,0.36,,,,
2026-01-06 09:51:15.554000+00:00,2026-01-06 09:51:15.817167+00:00,375.554,0.685,0.68,0.69,0.315,0.31,0.32,,,,
2026-01-06 09:51:16.494000+00:00,2026-01-06 09:51:16.817245+00:00,376.494,0.67,0.66,0.68,0.33,0.32,0.34,,,,
2026-01-06 09:51:17.442000+00:00,2026-01-06 09:51:17.828653+00:00,377.442,0.67,0.66,0.68,0.33,0.32,0.34,,,,
2026-01-06 09:51:18.559000+00:00,2026-01-06 09:51:18.824928+00:00,378.559,0.6799999999999999,0.67,0.69,0.32,0.31,0.33,,,,
2026-01-06 09:51:19.545000+00:00,2026-01-06 09:51:19.839299+00:00,379.545,0.695,0.69,0.7,0.305,0.3,0.31,,,,
2026-01-06 09:51:20.586000+00:00,2026-01-06 09:51:20.853182+00:00,380.586,0.695,0.69,0.7,0.305,0.3,0.31,,,,
2026-01-06 09:51:21.577000+00:00,2026-01-06 09:51:21.857358+00:00,381.577,0.695,0.69,0.7,0.305,0.3,0.31,,,,
2026-01-06 09:51:22.450000+00:00,2026-01-06 09:51:22.870424+00:00,382.45,0.685,0.68,0.69,0.31,0.3,0.32,,,,
2026-01-06 09:51:23.606000+00:00,2026-01-06 09:51:23.873507+00:00,383.606,0.69,0.68,0.7,0.31,0.3,0.32,,,,
2026-01-06 09:51:24.577000+00:00,2026-01-06 09:51:24.883956+00:00,384.577,0.675,0.67,0.68,0.325,0.32,0.33,,,,
2026-01-06 09:51:25.656000+00:00,2026-01-06 09:51:25.887978+00:00,385.656,0.675,0.67,0.68,0.325,0.32,0.33,,,,
2026-01-06 09:51:26.671000+00:00,2026-01-06 09:51:26.904012+00:00,386.671,0.715,0.71,0.72,0.285,0.28,0.29,,,,
2026-01-06 09:51:27.677000+00:00,2026-01-06 09:51:27.916712+00:00,387.677,0.705,0.69,0.72,0.295,0.28,0.31,,,,
2026-01-06 09:51:28.662000+00:00,2026-01-06 09:51:28.916229+00:00,388.662,0.7,0.69,0.71,0.3,0.29,0.31,,,,
2026-01-06 09:51:29.669000+00:00,2026-01-06 09:51:29.933965+00:00,389.669,0.695,0.69,0.7,0.305,0.3,0.31,,,,
2026-01-06 09:51:30.661000+00:00,2026-01-06 09:51:30.932623+00:00,390.661,0.695,0.69,0.7,0.305,0.3,0.31,,,,
2026-01-06 09:51:31.701000+00:00,2026-01-06 09:51:31.932652+00:00,391.701,0.695,0.69,0.7,0.305,0.3,0.31,,,,
2026-01-06 09:51:32.689000+00:00,2026-01-06 09:51:32.933415+00:00,392.689,0.695,0.69,0.7,0.305,0.3,0.31,,,,
2026-01-06 09:51:33.649000+00:00,2026-01-06 09:51:33.939728+00:00,393.649,0.705,0.7,0.71,0.295,0.29,0.3,,,,
2026-01-06 09:51:34.740000+00:00,2026-01-06 09:51:34.969634+00:00,394.74,0.71,0.7,0.72,0.285,0.28,0.29,,,,
2026-01-06 09:51:35.517000+00:00,2026-01-06 09:51:35.974581+00:00,395.517,0.725,0.72,0.73,0.275,0.27,0.28,,,,
2026-01-06 09:51:36.713000+00:00,2026-01-06 09:51:36.989535+00:00,396.713,0.71,0.7,0.72,0.29,0.28,0.3,,,,
2026-01-06 09:51:37.741000+00:00,2026-01-06 09:51:38.009796+00:00,397.741,0.72,0.71,0.73,0.28,0.27,0.29,,,,
2026-01-06 09:51:38.767000+00:00,2026-01-06 09:51:39.015408+00:00,398.767,0.72,0.71,0.73,0.28,0.27,0.29,,,,
2026-01-06 09:51:39.874000+00:00,2026-01-06 09:51:40.023944+00:00,399.874,0.725,0.71,0.74,0.275,0.26,0.29,,,,
2026-01-06 09:51:40.794000+00:00,2026-01-06 09:51:41.038983+00:00,400.794,0.73,0.72,0.74,0.27,0.26,0.28,,,,
2026-01-06 09:51:41.815000+00:00,2026-01-06 09:51:42.048226+00:00,401.815,0.73,0.72,0.74,0.27,0.26,0.28,,,,
2026-01-06 09:51:42.734000+00:00,2026-01-06 09:51:43.049256+00:00,402.734,0.725,0.71,0.74,0.28,0.27,0.29,,,,
2026-01-06 09:51:43.808000+00:00,2026-01-06 09:51:44.053988+00:00,403.808,0.735,0.73,0.74,0.265,0.26,0.27,,,,
2026-01-06 09:51:44.617000+00:00,2026-01-06 09:51:45.054792+00:00,404.617,0.73,0.72,0.74,0.27,0.26,0.28,,,,
2026-01-06 09:51:45.796000+00:00,2026-01-06 09:51:46.057671+00:00,405.796,0.72,0.71,0.73,0.28,0.27,0.29,,,,
2026-01-06 09:51:46.759000+00:00,2026-01-06 09:51:47.066168+00:00,406.759,0.73,0.72,0.74,0.27,0.26,0.28,,,,
2026-01-06 09:51:47.827000+00:00,2026-01-06 09:51:48.065150+00:00,407.827,0.73,0.72,0.74,0.27,0.26,0.28,,,,
2026-01-06 09:51:48.834000+00:00,2026-01-06 09:51:49.068855+00:00,408.834,0.745,0.74,0.75,0.255,0.25,0.26,,,,
2026-01-06 09:51:49.844000+00:00,2026-01-06 09:51:50.087658+00:00,409.844,0.745,0.74,0.75,0.255,0.24,0.27,,,,
2026-01-06 09:51:50.847000+00:00,2026-01-06 09:51:51.088464+00:00,410.847,0.75,0.74,0.76,0.25,0.24,0.26,,,,
2026-01-06 09:51:51.867000+00:00,2026-01-06 09:51:52.093386+00:00,411.867,0.765,0.76,0.77,0.25,0.24,0.26,,,,
2026-01-06 09:51:52.811000+00:00,2026-01-06 09:51:53.098517+00:00,412.811,0.75,0.74,0.76,0.25,0.24,0.26,,,,
2026-01-06 09:51:53.781000+00:00,2026-01-06 09:51:54.124732+00:00,413.781,0.745,0.74,0.75,0.255,0.25,0.26,,,,
2026-01-06 09:51:54.901000+00:00,2026-01-06 09:51:55.130653+00:00,414.901,0.755,0.75,0.76,0.245,0.24,0.25,,,,
2026-01-06 09:51:55.856000+00:00,2026-01-06 09:51:56.149622+00:00,415.856,0.775,0.77,0.78,0.225,0.22,0.23,,,,
2026-01-06 09:51:56.895000+00:00,2026-01-06 09:51:57.165954+00:00,416.895,0.765,0.76,0.77,0.235,0.23,0.24,,,,
2026-01-06 09:51:57.919000+00:00,2026-01-06 09:51:58.170844+00:00,417.919,0.755,0.75,0.76,0.245,0.24,0.25,,,,
2026-01-06 09:51:58.871000+00:00,2026-01-06 09:51:59.180346+00:00,418.871,0.745,0.74,0.75,0.255,0.25,0.26,,,,
2026-01-06 09:51:59.957000+00:00,2026-01-06 09:52:00.187183+00:00,419.957,0.745,0.73,0.76,0.265,0.26,0.27,,,,
2026-01-06 09:52:00.969000+00:00,2026-01-06 09:52:01.198104+00:00,420.969,0.735,0.73,0.74,0.275,0.27,0.28,,,,
2026-01-06 09:52:01.990000+00:00,2026-01-06 09:52:02.197256+00:00,421.99,0.725,0.72,0.73,0.275,0.27,0.28,,,,
2026-01-06 09:52:02.978000+00:00,2026-01-06 09:52:03.195417+00:00,422.978,0.705,0.7,0.71,0.29,0.28,0.3,,,,
2026-01-06 09:52:03.965000+00:00,2026-01-06 09:52:04.186457+00:00,423.965,0.715,0.71,0.72,0.3,0.29,0.31,,,,
2026-01-06 09:52:04.954000+00:00,2026-01-06 09:52:05.196482+00:00,424.954,0.665,0.66,0.67,0.335,0.33,0.34,,,,
2026-01-06 09:52:05.950000+00:00,2026-01-06 09:52:06.197488+00:00,425.95,0.65,0.64,0.66,0.355,0.35,0.36,,,,
2026-01-06 09:52:06.868000+00:00,2026-01-06 09:52:07.200146+00:00,426.868,0.645,0.64,0.65,0.355,0.35,0.36,,,,
2026-01-06 09:52:07.952000+00:00,2026-01-06 09:52:08.212922+00:00,427.952,0.64,0.63,0.65,0.355,0.34,0.37,,,,
2026-01-06 09:52:08.931000+00:00,2026-01-06 09:52:09.211895+00:00,428.931,0.645,0.64,0.65,0.355,0.35,0.36,,,,
2026-01-06 09:52:09.925000+00:00,2026-01-06 09:52:10.211448+00:00,429.925,0.665,0.66,0.67,0.335,0.33,0.34,,,,
2026-01-06 09:52:10.992000+00:00,2026-01-06 09:52:11.221954+00:00,430.992,0.665,0.66,0.67,0.335,0.33,0.34,,,,
2026-01-06 09:52:11.884000+00:00,2026-01-06 09:52:12.224487+00:00,431.884,0.665,0.66,0.67,0.335,0.33,0.34,,,,
2026-01-06 09:52:12.997000+00:00,2026-01-06 09:52:13.237995+00:00,432.997,0.675,0.67,0.68,0.325,0.32,0.33,,,,
2026-01-06 09:52:13.902000+00:00,2026-01-06 09:52:14.231122+00:00,433.902,0.67,0.66,0.68,0.33,0.32,0.34,,,,
2026-01-06 09:52:14.987000+00:00,2026-01-06 09:52:15.222208+00:00,434.987,0.675,0.67,0.68,0.33,0.32,0.34,,,,
2026-01-06 09:52:15.737000+00:00,2026-01-06 09:52:16.237180+00:00,435.737,0.665,0.66,0.67,0.335,0.33,0.34,,,,
2026-01-06 09:52:17.026000+00:00,2026-01-06 09:52:17.256486+00:00,437.026,0.665,0.66,0.67,0.335,0.33,0.34,,,,
2026-01-06 09:52:18.701000+00:00,2026-01-06 09:52:19.269350+00:00,438.701,0.665,0.66,0.67,0.335,0.33,0.34,,,,
2026-01-06 09:52:19.897000+00:00,2026-01-06 09:52:20.271858+00:00,439.897,0.665,0.66,0.67,0.335,0.33,0.34,,,,
2026-01-06 09:52:21+00:00,2026-01-06 09:52:21.272923+00:00,441.0,0.665,0.66,0.67,0.335,0.33,0.34,,,,
2026-01-06 09:52:22.937000+00:00,2026-01-06 09:52:23.292856+00:00,442.937,0.655,0.65,0.66,0.345,0.34,0.35,,,,
2026-01-06 09:52:24.077000+00:00,2026-01-06 09:52:24.304319+00:00,444.077,0.635,0.63,0.64,0.375,0.37,0.38,,,,
2026-01-06 09:52:25.075000+00:00,2026-01-06 09:52:25.304388+00:00,445.075,0.595,0.59,0.6,0.405,0.4,0.41,,,,
2026-01-06 09:52:26.090000+00:00,2026-01-06 09:52:26.318495+00:00,446.09,0.605,0.6,0.61,0.395,0.39,0.4,,,,
2026-01-06 09:52:27.085000+00:00,2026-01-06 09:52:27.320031+00:00,447.085,0.645,0.64,0.65,0.36,0.35,0.37,,,,
2026-01-06 09:52:28.986000+00:00,2026-01-06 09:52:29.330417+00:00,448.986,0.635,0.63,0.64,0.365,0.36,0.37,,,,
2026-01-06 09:52:30.076000+00:00,2026-01-06 09:52:30.344811+00:00,450.076,0.635,0.63,0.64,0.375,0.37,0.38,,,,
2026-01-06 09:52:31.132000+00:00,2026-01-06 09:52:31.353632+00:00,451.132,0.615,0.61,0.62,0.385,0.38,0.39,,,,
2026-01-06 09:52:32.125000+00:00,2026-01-06 09:52:32.364629+00:00,452.125,0.615,0.61,0.62,0.385,0.38,0.39,,,,
2026-01-06 09:52:33.085000+00:00,2026-01-06 09:52:33.379487+00:00,453.085,0.615,0.61,0.62,0.39,0.38,0.4,,,,
2026-01-06 09:52:34.166000+00:00,2026-01-06 09:52:34.399864+00:00,454.166,0.615,0.61,0.62,0.385,0.38,0.39,,,,
2026-01-06 09:52:35.171000+00:00,2026-01-06 09:52:35.401771+00:00,455.171,0.62,0.61,0.63,0.375,0.37,0.38,,,,
2026-01-06 09:52:36.198000+00:00,2026-01-06 09:52:36.420371+00:00,456.198,0.605,0.6,0.61,0.395,0.39,0.4,,,,
2026-01-06 09:52:37.180000+00:00,2026-01-06 09:52:37.417906+00:00,457.18,0.595,0.59,0.6,0.405,0.4,0.41,,,,
2026-01-06 09:52:38.188000+00:00,2026-01-06 09:52:38.420407+00:00,458.188,0.605,0.6,0.61,0.395,0.39,0.4,,,,
2026-01-06 09:52:39.071000+00:00,2026-01-06 09:52:39.425077+00:00,459.071,0.605,0.6,0.61,0.395,0.39,0.4,,,,
2026-01-06 09:52:40.181000+00:00,2026-01-06 09:52:40.434490+00:00,460.181,0.605,0.6,0.61,0.405,0.4,0.41,,,,
2026-01-06 09:52:41.187000+00:00,2026-01-06 09:52:41.434330+00:00,461.187,0.565,0.56,0.57,0.435,0.43,0.44,,,,
2026-01-06 09:52:42.180000+00:00,2026-01-06 09:52:42.431281+00:00,462.18,0.575,0.57,0.58,0.425,0.42,0.43,,,,
2026-01-06 09:52:43.219000+00:00,2026-01-06 09:52:43.445962+00:00,463.219,0.575,0.57,0.58,0.425,0.42,0.43,,,,
2026-01-06 09:52:44.184000+00:00,2026-01-06 09:52:44.452049+00:00,464.184,0.5700000000000001,0.56,0.58,0.43,0.42,0.44,,,,
2026-01-06 09:52:45.143000+00:00,2026-01-06 09:52:45.452973+00:00,465.143,0.575,0.57,0.58,0.425,0.42,0.43,,,,
2026-01-06 09:52:46.213000+00:00,2026-01-06 09:52:46.446616+00:00,466.213,0.585,0.58,0.59,0.415,0.41,0.42,,,,
2026-01-06 09:52:47.215000+00:00,2026-01-06 09:52:47.456416+00:00,467.215,0.625,0.62,0.63,0.325,0.32,0.33,,,,
2026-01-06 09:52:48.234000+00:00,2026-01-06 09:52:48.460568+00:00,468.234,0.685,0.68,0.69,0.31,0.3,0.32,,,,
2026-01-06 09:52:49.231000+00:00,2026-01-06 09:52:49.467788+00:00,469.231,0.705,0.7,0.71,0.295,0.29,0.3,,,,
2026-01-06 09:52:50.235000+00:00,2026-01-06 09:52:50.463538+00:00,470.235,0.705,0.7,0.71,0.295,0.29,0.3,,,,
2026-01-06 09:52:51.233000+00:00,2026-01-06 09:52:51.462812+00:00,471.233,0.725,0.72,0.73,0.275,0.27,0.28,,,,
2026-01-06 09:52:52.138000+00:00,2026-01-06 09:52:52.478123+00:00,472.138,0.715,0.71,0.72,0.285,0.28,0.29,,,,
2026-01-06 09:52:53.230000+00:00,2026-01-06 09:52:53.495812+00:00,473.23,0.715,0.71,0.72,0.285,0.28,0.29,,,,
2026-01-06 09:52:54.988000+00:00,2026-01-06 09:52:55.530825+00:00,474.988,0.72,0.71,0.73,0.275,0.27,0.28,,,,
2026-01-06 09:52:56.182000+00:00,2026-01-06 09:52:56.527428+00:00,476.182,0.725,0.72,0.73,0.275,0.27,0.28,,,,
2026-01-06 09:52:57.252000+00:00,2026-01-06 09:52:57.533159+00:00,477.252,0.725,0.72,0.73,0.275,0.27,0.28,,,,
2026-01-06 09:52:58.328000+00:00,2026-01-06 09:52:58.560791+00:00,478.328,0.725,0.72,0.73,0.275,0.27,0.28,,,,
2026-01-06 09:52:59.275000+00:00,2026-01-06 09:52:59.550922+00:00,479.275,0.745,0.74,0.75,0.25,0.24,0.26,,,,
2026-01-06 09:53:00.338000+00:00,2026-01-06 09:53:00.566413+00:00,480.338,0.755,0.75,0.76,0.235,0.23,0.24,,,,
2026-01-06 09:53:01.353000+00:00,2026-01-06 09:53:01.584541+00:00,481.353,0.765,0.76,0.77,0.235,0.23,0.24,,,,
2026-01-06 09:53:02.360000+00:00,2026-01-06 09:53:02.583018+00:00,482.36,0.755,0.75,0.76,0.245,0.24,0.25,,,,
2026-01-06 09:53:03.353000+00:00,2026-01-06 09:53:03.597010+00:00,483.353,0.755,0.75,0.76,0.245,0.24,0.25,,,,
2026-01-06 09:53:04.317000+00:00,2026-01-06 09:53:04.614023+00:00,484.317,0.74,0.73,0.75,0.26,0.25,0.27,,,,
2026-01-06 09:53:05.378000+00:00,2026-01-06 09:53:05.628356+00:00,485.378,0.74,0.73,0.75,0.26,0.25,0.27,,,,
2026-01-06 09:53:06.392000+00:00,2026-01-06 09:53:06.628711+00:00,486.392,0.745,0.74,0.75,0.255,0.25,0.26,,,,
2026-01-06 09:53:07.366000+00:00,2026-01-06 09:53:07.629993+00:00,487.366,0.755,0.75,0.76,0.245,0.24,0.25,,,,
2026-01-06 09:53:08.394000+00:00,2026-01-06 09:53:08.650223+00:00,488.394,0.745,0.74,0.75,0.255,0.25,0.26,,,,
2026-01-06 09:53:09.410000+00:00,2026-01-06 09:53:09.660961+00:00,489.41,0.745,0.74,0.75,0.255,0.25,0.26,,,,
2026-01-06 09:53:10.404000+00:00,2026-01-06 09:53:10.662939+00:00,490.404,0.755,0.75,0.76,0.255,0.25,0.26,,,,
2026-01-06 09:53:11.428000+00:00,2026-01-06 09:53:11.668387+00:00,491.428,0.755,0.75,0.76,0.245,0.24,0.25,,,,
2026-01-06 09:53:12.451000+00:00,2026-01-06 09:53:12.679010+00:00,492.451,0.755,0.75,0.76,0.245,0.24,0.25,,,,
2026-01-06 09:53:13.448000+00:00,2026-01-06 09:53:13.684012+00:00,493.448,0.765,0.76,0.77,0.235,0.23,0.24,,,,
2026-01-06 09:53:14.454000+00:00,2026-01-06 09:53:14.696315+00:00,494.454,0.805,0.8,0.81,0.195,0.19,0.2,,,,
2026-01-06 09:53:15.457000+00:00,2026-01-06 09:53:15.687685+00:00,495.457,0.805,0.8,0.81,0.2,0.19,0.21,,,,
2026-01-06 09:53:16.381000+00:00,2026-01-06 09:53:16.701025+00:00,496.381,0.795,0.79,0.8,0.205,0.2,0.21,,,,
2026-01-06 09:53:17.501000+00:00,2026-01-06 09:53:17.716912+00:00,497.501,0.795,0.79,0.8,0.205,0.2,0.21,,,,
2026-01-06 09:53:18.489000+00:00,2026-01-06 09:53:18.720619+00:00,498.489,0.795,0.79,0.8,0.205,0.2,0.21,,,,
2026-01-06 09:53:19.260000+00:00,2026-01-06 09:53:19.727889+00:00,499.26,0.795,0.79,0.8,0.205,0.2,0.21,,,,
2026-01-06 09:53:20.506000+00:00,2026-01-06 09:53:20.749466+00:00,500.506,0.79,0.78,0.8,0.21,0.2,0.22,,,,
2026-01-06 09:53:21.460000+00:00,2026-01-06 09:53:21.770337+00:00,501.46,0.79,0.78,0.8,0.21,0.2,0.22,,,,
2026-01-06 09:53:22.516000+00:00,2026-01-06 09:53:22.788658+00:00,502.516,0.79,0.78,0.8,0.21,0.2,0.22,,,,
2026-01-06 09:53:23.299000+00:00,2026-01-06 09:53:23.802905+00:00,503.299,0.79,0.78,0.8,0.21,0.2,0.22,,,,
2026-01-06 09:53:24.564000+00:00,2026-01-06 09:53:24.806104+00:00,504.564,0.79,0.78,0.8,0.21,0.2,0.22,,,,
2026-01-06 09:53:25.584000+00:00,2026-01-06 09:53:25.811219+00:00,505.584,0.79,0.78,0.8,0.205,0.2,0.21,,,,
2026-01-06 09:53:26.592000+00:00,2026-01-06 09:53:26.816161+00:00,506.592,0.795,0.79,0.8,0.205,0.2,0.21,,,,
2026-01-06 09:53:27.596000+00:00,2026-01-06 09:53:27.822543+00:00,507.596,0.8200000000000001,0.81,0.83,0.175,0.17,0.18,,,,
2026-01-06 09:53:28.603000+00:00,2026-01-06 09:53:28.831730+00:00,508.603,0.8200000000000001,0.81,0.83,0.18,0.17,0.19,,,,
2026-01-06 09:53:29.556000+00:00,2026-01-06 09:53:29.836798+00:00,509.556,0.8200000000000001,0.81,0.83,0.18,0.17,0.19,,,,
2026-01-06 09:53:30.274000+00:00,2026-01-06 09:53:30.844052+00:00,510.274,0.8200000000000001,0.81,0.83,0.18,0.17,0.19,,,,
2026-01-06 09:53:31.609000+00:00,2026-01-06 09:53:31.854749+00:00,511.609,0.825,0.82,0.83,0.175,0.17,0.18,,,,
2026-01-06 09:53:32.623000+00:00,2026-01-06 09:53:32.860813+00:00,512.623,0.825,0.82,0.83,0.175,0.17,0.18,,,,
2026-01-06 09:53:33.244000+00:00,2026-01-06 09:53:33.883767+00:00,513.244,0.825,0.82,0.83,0.175,0.17,0.18,,,,
2026-01-06 09:53:34.630000+00:00,2026-01-06 09:53:34.885885+00:00,514.63,0.8200000000000001,0.81,0.83,0.165,0.16,0.17,,,,
2026-01-06 09:53:35.636000+00:00,2026-01-06 09:53:35.888375+00:00,515.636,0.8200000000000001,0.81,0.83,0.18,0.17,0.19,,,,
2026-01-06 09:53:36.653000+00:00,2026-01-06 09:53:36.890432+00:00,516.653,0.815,0.81,0.82,0.185,0.18,0.19,,,,
2026-01-06 09:53:37.650000+00:00,2026-01-06 09:53:37.898182+00:00,517.65,0.825,0.82,0.83,0.175,0.17,0.18,,,,
2026-01-06 09:53:38.610000+00:00,2026-01-06 09:53:38.916791+00:00,518.61,0.825,0.82,0.83,0.185,0.18,0.19,,,,
2026-01-06 09:53:39.644000+00:00,2026-01-06 09:53:39.931535+00:00,519.644,0.815,0.81,0.82,0.185,0.18,0.19,,,,
2026-01-06 09:53:40.688000+00:00,2026-01-06 09:53:40.935832+00:00,520.688,0.805,0.8,0.81,0.195,0.19,0.2,,,,
2026-01-06 09:53:41.735000+00:00,2026-01-06 09:53:41.947950+00:00,521.735,0.81,0.8,0.82,0.19,0.18,0.2,,,,
2026-01-06 09:53:42.741000+00:00,2026-01-06 09:53:42.942943+00:00,522.741,0.81,0.8,0.82,0.19,0.18,0.2,,,,
2026-01-06 09:53:43.721000+00:00,2026-01-06 09:53:43.943843+00:00,523.721,0.815,0.81,0.82,0.185,0.18,0.19,,,,
2026-01-06 09:53:44.704000+00:00,2026-01-06 09:53:44.943224+00:00,524.704,0.815,0.81,0.82,0.185,0.18,0.19,,,,
2026-01-06 09:53:45.584000+00:00,2026-01-06 09:53:45.931653+00:00,525.584,0.815,0.81,0.82,0.185,0.18,0.19,,,,
2026-01-06 09:53:46.726000+00:00,2026-01-06 09:53:46.949557+00:00,526.726,0.8200000000000001,0.81,0.83,0.18,0.17,0.19,,,,
2026-01-06 09:53:47.735000+00:00,2026-01-06 09:53:47.949619+00:00,527.735,0.815,0.81,0.82,0.185,0.18,0.19,,,,
2026-01-06 09:53:48.635000+00:00,2026-01-06 09:53:48.949386+00:00,528.635,0.835,0.83,0.84,0.165,0.16,0.17,,,,
2026-01-06 09:53:49.654000+00:00,2026-01-06 09:53:49.952130+00:00,529.654,0.835,0.83,0.84,0.165,0.16,0.17,,,,
2026-01-06 09:53:50.729000+00:00,2026-01-06 09:53:50.965766+00:00,530.729,0.835,0.83,0.84,0.165,0.16,0.17,,,,
2026-01-06 09:53:51.744000+00:00,2026-01-06 09:53:51.972656+00:00,531.744,0.835,0.83,0.84,0.165,0.16,0.17,,,,
2026-01-06 09:53:52.065000+00:00,2026-01-06 09:53:52.987775+00:00,532.065,0.835,0.83,0.84,0.175,0.17,0.18,,,,
2026-01-06 09:53:53.656000+00:00,2026-01-06 09:53:53.993619+00:00,533.656,0.825,0.82,0.83,0.175,0.17,0.18,,,,
2026-01-06 09:53:54.653000+00:00,2026-01-06 09:53:54.994204+00:00,534.653,0.825,0.82,0.83,0.175,0.17,0.18,,,,
2026-01-06 09:53:55.748000+00:00,2026-01-06 09:53:55.994935+00:00,535.748,0.825,0.82,0.83,0.175,0.17,0.18,,,,
2026-01-06 09:53:56.684000+00:00,2026-01-06 09:53:57.019080+00:00,536.684,0.825,0.82,0.83,0.175,0.17,0.18,,,,
2026-01-06 09:53:57.765000+00:00,2026-01-06 09:53:58.031519+00:00,537.765,0.825,0.82,0.83,0.175,0.17,0.18,,,,
2026-01-06 09:53:58.818000+00:00,2026-01-06 09:53:59.049573+00:00,538.818,0.835,0.83,0.84,0.165,0.16,0.17,,,,
2026-01-06 09:53:59.766000+00:00,2026-01-06 09:54:00.047474+00:00,539.766,0.835,0.83,0.84,0.165,0.16,0.17,,,,
2026-01-06 09:54:00.709000+00:00,2026-01-06 09:54:01.048621+00:00,540.709,0.835,0.83,0.84,0.165,0.16,0.17,,,,
2026-01-06 09:54:01.847000+00:00,2026-01-06 09:54:02.067570+00:00,541.847,0.84,0.83,0.85,0.16,0.15,0.17,,,,
2026-01-06 09:54:02.840000+00:00,2026-01-06 09:54:03.075380+00:00,542.84,0.845,0.84,0.85,0.155,0.15,0.16,,,,
2026-01-06 09:54:03.864000+00:00,2026-01-06 09:54:04.098091+00:00,543.864,0.84,0.83,0.85,0.165,0.16,0.17,,,,
2026-01-06 09:54:04.856000+00:00,2026-01-06 09:54:05.112999+00:00,544.856,0.845,0.84,0.85,0.155,0.15,0.16,,,,
2026-01-06 09:54:05.822000+00:00,2026-01-06 09:54:06.116189+00:00,545.822,0.835,0.83,0.84,0.165,0.16,0.17,,,,
2026-01-06 09:54:06.856000+00:00,2026-01-06 09:54:07.110201+00:00,546.856,0.835,0.83,0.84,0.165,0.16,0.17,,,,
2026-01-06 09:54:07.704000+00:00,2026-01-06 09:54:08.109517+00:00,547.704,0.835,0.83,0.84,0.165,0.16,0.17,,,,
2026-01-06 09:54:08.747000+00:00,2026-01-06 09:54:09.120031+00:00,548.747,0.845,0.84,0.85,0.155,0.15,0.16,,,,
2026-01-06 09:54:09.868000+00:00,2026-01-06 09:54:10.131257+00:00,549.868,0.845,0.84,0.85,0.155,0.15,0.16,,,,
2026-01-06 09:54:10.883000+00:00,2026-01-06 09:54:11.126228+00:00,550.883,0.865,0.86,0.87,0.135,0.13,0.14,,,,
2026-01-06 09:54:11.841000+00:00,2026-01-06 09:54:12.125766+00:00,551.841,0.855,0.85,0.86,0.145,0.14,0.15,,,,
2026-01-06 09:54:12.737000+00:00,2026-01-06 09:54:13.134293+00:00,552.737,0.86,0.85,0.87,0.14,0.13,0.15,,,,
2026-01-06 09:54:13.910000+00:00,2026-01-06 09:54:14.140626+00:00,553.91,0.855,0.85,0.86,0.145,0.14,0.15,,,,
2026-01-06 09:54:14.743000+00:00,2026-01-06 09:54:15.144100+00:00,554.743,0.835,0.83,0.84,0.165,0.16,0.17,,,,
2026-01-06 09:54:15.904000+00:00,2026-01-06 09:54:16.136249+00:00,555.904,0.835,0.83,0.84,0.165,0.16,0.17,,,,
2026-01-06 09:54:16.912000+00:00,2026-01-06 09:54:17.134786+00:00,556.912,0.875,0.87,0.88,0.1149999999999999,0.11,0.12,,,,
2026-01-06 09:54:17.920000+00:00,2026-01-06 09:54:18.147793+00:00,557.92,0.925,0.92,0.93,0.055,0.05,0.06,,,,
2026-01-06 09:54:18.931000+00:00,2026-01-06 09:54:19.160519+00:00,558.931,0.92,0.91,0.93,0.0849999999999999,0.08,0.09,,,,
2026-01-06 09:54:19.945000+00:00,2026-01-06 09:54:20.176362+00:00,559.945,0.945,0.94,0.95,0.055,0.05,0.06,,,,
2026-01-06 09:54:20.940000+00:00,2026-01-06 09:54:21.175701+00:00,560.94,0.945,0.94,0.95,0.055,0.05,0.06,,,,
2026-01-06 09:54:21.936000+00:00,2026-01-06 09:54:22.167892+00:00,561.936,0.945,0.94,0.95,0.055,0.05,0.06,,,,
2026-01-06 09:54:22.882000+00:00,2026-01-06 09:54:23.165811+00:00,562.882,0.945,0.94,0.95,0.055,0.05,0.06,,,,
2026-01-06 09:54:23.934000+00:00,2026-01-06 09:54:24.168203+00:00,563.934,0.935,0.93,0.94,0.055,0.05,0.06,,,,
2026-01-06 09:54:24.941000+00:00,2026-01-06 09:54:25.182724+00:00,564.941,0.93,0.92,0.94,0.065,0.06,0.07,,,,
2026-01-06 09:54:25.893000+00:00,2026-01-06 09:54:26.180078+00:00,565.893,0.935,0.93,0.94,0.065,0.06,0.07,,,,
2026-01-06 09:54:26.898000+00:00,2026-01-06 09:54:27.185340+00:00,566.898,0.925,0.92,0.93,0.075,0.07,0.08,,,,
2026-01-06 09:54:27.881000+00:00,2026-01-06 09:54:28.192188+00:00,567.881,0.915,0.91,0.92,0.0849999999999999,0.08,0.09,,,,
2026-01-06 09:54:28.980000+00:00,2026-01-06 09:54:29.212689+00:00,568.98,0.905,0.9,0.91,0.095,0.09,0.1,,,,
2026-01-06 09:54:29.924000+00:00,2026-01-06 09:54:30.226492+00:00,569.924,0.895,0.89,0.9,0.1149999999999999,0.11,0.12,,,,
2026-01-06 09:54:30.976000+00:00,2026-01-06 09:54:31.238801+00:00,570.976,0.865,0.86,0.87,0.135,0.13,0.14,,,,
2026-01-06 09:54:31.956000+00:00,2026-01-06 09:54:32.242870+00:00,571.956,0.875,0.87,0.88,0.125,0.12,0.13,,,,
2026-01-06 09:54:32.982000+00:00,2026-01-06 09:54:33.260076+00:00,572.982,0.865,0.86,0.87,0.135,0.13,0.14,,,,
2026-01-06 09:54:34.032000+00:00,2026-01-06 09:54:34.259841+00:00,574.032,0.855,0.85,0.86,0.14,0.13,0.15,,,,
2026-01-06 09:54:35.945000+00:00,2026-01-06 09:54:36.284866+00:00,575.945,0.885,0.88,0.89,0.1149999999999999,0.11,0.12,,,,
2026-01-06 09:54:36.973000+00:00,2026-01-06 09:54:37.278879+00:00,576.973,0.885,0.88,0.89,0.1149999999999999,0.11,0.12,,,,
2026-01-06 09:54:38.886000+00:00,2026-01-06 09:54:39.285169+00:00,578.886,0.9,0.89,0.91,0.1,0.09,0.11,,,,
2026-01-06 09:54:40.001000+00:00,2026-01-06 09:54:40.292110+00:00,580.001,0.9,0.89,0.91,0.1,0.09,0.11,,,,
2026-01-06 09:54:41.062000+00:00,2026-01-06 09:54:41.299291+00:00,581.062,0.905,0.9,0.91,0.095,0.09,0.1,,,,
2026-01-06 09:54:42.082000+00:00,2026-01-06 09:54:42.316175+00:00,582.082,0.925,0.92,0.93,0.07,0.06,0.08,,,,
2026-01-06 09:54:43.089000+00:00,2026-01-06 09:54:43.317786+00:00,583.089,0.905,0.9,0.91,0.09,0.08,0.1,,,,
2026-01-06 09:54:44.097000+00:00,2026-01-06 09:54:44.327024+00:00,584.097,0.91,0.9,0.92,0.095,0.08,0.11,,,,
2026-01-06 09:54:45.092000+00:00,2026-01-06 09:54:45.332147+00:00,585.092,0.9,0.89,0.91,0.1,0.09,0.11,,,,
2026-01-06 09:54:46.970000+00:00,2026-01-06 09:54:47.359117+00:00,586.97,0.89,0.88,0.9,0.11,0.1,0.12,,,,
2026-01-06 09:54:48.096000+00:00,2026-01-06 09:54:48.363076+00:00,588.096,0.9,0.89,0.91,0.1,0.09,0.11,,,,
2026-01-06 09:54:49.135000+00:00,2026-01-06 09:54:49.382213+00:00,589.135,0.9,0.89,0.91,0.1,0.09,0.11,,,,
2026-01-06 09:54:50.145000+00:00,2026-01-06 09:54:50.394311+00:00,590.145,0.905,0.9,0.91,0.095,0.09,0.1,,,,
2026-01-06 09:54:51.157000+00:00,2026-01-06 09:54:51.390980+00:00,591.157,0.905,0.9,0.91,0.095,0.09,0.1,,,,
2026-01-06 09:54:52.102000+00:00,2026-01-06 09:54:52.391098+00:00,592.102,0.905,0.9,0.91,0.095,0.09,0.1,,,,
2026-01-06 09:54:53.106000+00:00,2026-01-06 09:54:53.407692+00:00,593.106,0.905,0.9,0.91,0.095,0.09,0.1,,,,
2026-01-06 09:54:54.184000+00:00,2026-01-06 09:54:54.417510+00:00,594.184,0.905,0.9,0.91,0.095,0.09,0.1,,,,
2026-01-06 09:54:55.073000+00:00,2026-01-06 09:54:55.425711+00:00,595.073,0.905,0.9,0.91,0.095,0.09,0.1,,,,
2026-01-06 09:54:56.063000+00:00,2026-01-06 09:54:56.433787+00:00,596.063,0.905,0.9,0.91,0.095,0.09,0.1,,,,
2026-01-06 09:54:57.193000+00:00,2026-01-06 09:54:57.440083+00:00,597.193,0.905,0.9,0.91,0.105,0.1,0.11,,,,
2026-01-06 09:54:58.209000+00:00,2026-01-06 09:54:58.448900+00:00,598.209,0.895,0.89,0.9,0.1,0.09,0.11,,,,
2026-01-06 09:54:59.226000+00:00,2026-01-06 09:54:59.446645+00:00,599.226,0.88,0.87,0.89,0.12,0.11,0.13,,,,
2026-01-06 09:55:00.235000+00:00,2026-01-06 09:55:00.465790+00:00,600.235,0.89,0.88,0.9,0.11,0.1,0.12,,,,
2026-01-06 09:55:01.254000+00:00,2026-01-06 09:55:01.490109+00:00,601.254,0.83,0.82,0.84,0.165,0.16,0.17,,,,
2026-01-06 09:55:02.079000+00:00,2026-01-06 09:55:02.498826+00:00,602.079,0.835,0.83,0.84,0.1699999999999999,0.16,0.18,,,,
2026-01-06 09:55:03.260000+00:00,2026-01-06 09:55:03.513145+00:00,603.26,0.875,0.86,0.89,0.12,0.11,0.13,,,,
2026-01-06 09:55:04.285000+00:00,2026-01-06 09:55:04.514228+00:00,604.285,0.875,0.86,0.89,0.125,0.11,0.14,,,,
2026-01-06 09:55:05.231000+00:00,2026-01-06 09:55:05.521406+00:00,605.231,0.87,0.86,0.88,0.13,0.12,0.14,,,,
2026-01-06 09:55:06.259000+00:00,2026-01-06 09:55:06.525109+00:00,606.259,0.865,0.85,0.88,0.13,0.12,0.14,,,,
2026-01-06 09:55:07.294000+00:00,2026-01-06 09:55:07.526717+00:00,607.294,0.885,0.88,0.89,0.1149999999999999,0.11,0.12,,,,
2026-01-06 09:55:08.261000+00:00,2026-01-06 09:55:08.528273+00:00,608.261,0.9,0.89,0.91,0.1,0.09,0.11,,,,
2026-01-06 09:55:09.168000+00:00,2026-01-06 09:55:09.527836+00:00,609.168,0.905,0.9,0.91,0.095,0.09,0.1,,,,
2026-01-06 09:55:10.283000+00:00,2026-01-06 09:55:10.531310+00:00,610.283,0.895,0.89,0.9,0.1,0.09,0.11,,,,
2026-01-06 09:55:11.244000+00:00,2026-01-06 09:55:11.536389+00:00,611.244,0.915,0.91,0.92,0.0849999999999999,0.08,0.09,,,,
2026-01-06 09:55:12.290000+00:00,2026-01-06 09:55:12.541575+00:00,612.29,0.915,0.91,0.92,0.0849999999999999,0.08,0.09,,,,
2026-01-06 09:55:13.303000+00:00,2026-01-06 09:55:13.546888+00:00,613.303,0.93,0.92,0.94,0.07,0.06,0.08,,,,
2026-01-06 09:55:14.100000+00:00,2026-01-06 09:55:14.549732+00:00,614.1,0.925,0.92,0.93,0.075,0.07,0.08,,,,
2026-01-06 09:55:15.288000+00:00,2026-01-06 09:55:15.558180+00:00,615.288,0.925,0.92,0.93,0.075,0.07,0.08,,,,
2026-01-06 09:55:16.338000+00:00,2026-01-06 09:55:16.571918+00:00,616.338,0.945,0.94,0.95,0.055,0.05,0.06,,,,
2026-01-06 09:55:17.316000+00:00,2026-01-06 09:55:17.582019+00:00,617.316,0.945,0.94,0.95,0.055,0.05,0.06,,,,
2026-01-06 09:55:18.249000+00:00,2026-01-06 09:55:18.574623+00:00,618.249,0.945,0.94,0.95,0.055,0.05,0.06,,,,
2026-01-06 09:55:19.264000+00:00,2026-01-06 09:55:19.588551+00:00,619.264,0.945,0.94,0.95,0.055,0.05,0.06,,,,
2026-01-06 09:55:20.366000+00:00,2026-01-06 09:55:20.607225+00:00,620.366,0.945,0.94,0.95,0.055,0.05,0.06,,,,
2026-01-06 09:55:21.164000+00:00,2026-01-06 09:55:21.621675+00:00,621.164,0.94,0.93,0.95,0.06,0.05,0.07,,,,
2026-01-06 09:55:22.118000+00:00,2026-01-06 09:55:22.614141+00:00,622.118,0.94,0.93,0.95,0.06,0.05,0.07,,,,
2026-01-06 09:55:23.284000+00:00,2026-01-06 09:55:23.623661+00:00,623.284,0.94,0.93,0.95,0.06,0.05,0.07,,,,
2026-01-06 09:55:24.386000+00:00,2026-01-06 09:55:24.628213+00:00,624.386,0.935,0.93,0.94,0.065,0.06,0.07,,,,
2026-01-06 09:55:25.269000+00:00,2026-01-06 09:55:25.643968+00:00,625.269,0.935,0.93,0.94,0.065,0.06,0.07,,,,
2026-01-06 09:55:26.371000+00:00,2026-01-06 09:55:26.634265+00:00,626.371,0.935,0.93,0.94,0.065,0.06,0.07,,,,
2026-01-06 09:55:27.404000+00:00,2026-01-06 09:55:27.640989+00:00,627.404,0.935,0.93,0.94,0.065,0.06,0.07,,,,
2026-01-06 09:55:28.331000+00:00,2026-01-06 09:55:28.655555+00:00,628.331,0.935,0.93,0.94,0.065,0.06,0.07,,,,
2026-01-06 09:55:29.267000+00:00,2026-01-06 09:55:29.654081+00:00,629.267,0.935,0.93,0.94,0.065,0.06,0.07,,,,
2026-01-06 09:55:30.118000+00:00,2026-01-06 09:55:30.655656+00:00,630.118,0.935,0.93,0.94,0.065,0.06,0.07,,,,
2026-01-06 09:55:31.447000+00:00,2026-01-06 09:55:31.672644+00:00,631.447,0.935,0.93,0.94,0.065,0.06,0.07,,,,
2026-01-06 09:55:32.450000+00:00,2026-01-06 09:55:32.690801+00:00,632.45,0.935,0.93,0.94,0.065,0.06,0.07,,,,
2026-01-06 09:55:33.430000+00:00,2026-01-06 09:55:33.689153+00:00,633.43,0.93,0.92,0.94,0.07,0.06,0.08,,,,
2026-01-06 09:55:34.444000+00:00,2026-01-06 09:55:34.705131+00:00,634.444,0.925,0.92,0.93,0.075,0.07,0.08,,,,
2026-01-06 09:55:35.355000+00:00,2026-01-06 09:55:35.713805+00:00,635.355,0.925,0.92,0.93,0.075,0.07,0.08,,,,
2026-01-06 09:55:36.456000+00:00,2026-01-06 09:55:36.710879+00:00,636.456,0.925,0.92,0.93,0.075,0.07,0.08,,,,
2026-01-06 09:55:37.458000+00:00,2026-01-06 09:55:37.740065+00:00,637.458,0.93,0.92,0.94,0.07,0.06,0.08,,,,
2026-01-06 09:55:38.351000+00:00,2026-01-06 09:55:38.761045+00:00,638.351,0.93,0.92,0.94,0.07,0.06,0.08,,,,
2026-01-06 09:55:39.278000+00:00,2026-01-06 09:55:39.778310+00:00,639.278,0.93,0.92,0.94,0.07,0.06,0.08,,,,
2026-01-06 09:55:40.926000+00:00,2026-01-06 09:55:41.795468+00:00,640.926,0.93,0.92,0.94,0.07,0.06,0.08,,,,
2026-01-06 09:55:42.499000+00:00,2026-01-06 09:55:42.801175+00:00,642.499,0.93,0.92,0.94,0.07,0.06,0.08,,,,
2026-01-06 09:55:43.349000+00:00,2026-01-06 09:55:43.807214+00:00,643.349,0.93,0.92,0.94,0.07,0.06,0.08,,,,
2026-01-06 09:55:44.546000+00:00,2026-01-06 09:55:44.822951+00:00,644.546,0.925,0.92,0.93,0.075,0.07,0.08,,,,
2026-01-06 09:55:45.369000+00:00,2026-01-06 09:55:45.823593+00:00,645.369,0.93,0.92,0.94,0.07,0.06,0.08,,,,
2026-01-06 09:55:46.002000+00:00,2026-01-06 09:55:46.838626+00:00,646.002,0.93,0.92,0.94,0.07,0.06,0.08,,,,
2026-01-06 09:55:47.324000+00:00,2026-01-06 09:55:47.839442+00:00,647.324,0.93,0.92,0.94,0.07,0.06,0.08,,,,
2026-01-06 09:55:48.588000+00:00,2026-01-06 09:55:48.855848+00:00,648.588,0.93,0.92,0.94,0.075,0.07,0.08,,,,
2026-01-06 09:55:49.628000+00:00,2026-01-06 09:55:49.857278+00:00,649.628,0.945,0.94,0.95,0.055,0.05,0.06,,,,
2026-01-06 09:55:50.623000+00:00,2026-01-06 09:55:50.858295+00:00,650.623,0.945,0.94,0.95,0.05,0.04,0.06,,,,
2026-01-06 09:55:51.576000+00:00,2026-01-06 09:55:51.855335+00:00,651.576,0.955,0.95,0.96,0.055,0.05,0.06,,,,
2026-01-06 09:55:52.613000+00:00,2026-01-06 09:55:52.863642+00:00,652.613,0.935,0.92,0.95,0.065,0.05,0.08,,,,
2026-01-06 09:55:53.639000+00:00,2026-01-06 09:55:53.874978+00:00,653.639,0.93,0.92,0.94,0.07,0.06,0.08,,,,
2026-01-06 09:55:54.609000+00:00,2026-01-06 09:55:54.872452+00:00,654.609,0.91,0.9,0.92,0.0849999999999999,0.08,0.09,,,,
2026-01-06 09:55:55.647000+00:00,2026-01-06 09:55:55.891620+00:00,655.647,0.905,0.9,0.91,0.095,0.09,0.1,,,,
2026-01-06 09:55:56.520000+00:00,2026-01-06 09:55:56.890913+00:00,656.52,0.905,0.9,0.91,0.095,0.09,0.1,,,,
2026-01-06 09:55:57.659000+00:00,2026-01-06 09:55:57.906543+00:00,657.659,0.905,0.9,0.91,0.095,0.09,0.1,,,,
2026-01-06 09:55:58.538000+00:00,2026-01-06 09:55:58.917476+00:00,658.538,0.905,0.9,0.91,0.095,0.09,0.1,,,,
2026-01-06 09:55:59.615000+00:00,2026-01-06 09:55:59.922598+00:00,659.615,0.905,0.9,0.91,0.095,0.09,0.1,,,,
2026-01-06 09:56:00.626000+00:00,2026-01-06 09:56:00.924986+00:00,660.626,0.905,0.9,0.91,0.095,0.09,0.1,,,,
2026-01-06 09:56:01.637000+00:00,2026-01-06 09:56:01.939238+00:00,661.637,0.915,0.91,0.92,0.08,0.07,0.09,,,,
2026-01-06 09:56:02.680000+00:00,2026-01-06 09:56:02.941822+00:00,662.68,0.925,0.92,0.93,0.075,0.07,0.08,,,,
2026-01-06 09:56:03.583000+00:00,2026-01-06 09:56:03.955518+00:00,663.583,0.925,0.92,0.93,0.075,0.07,0.08,,,,
2026-01-06 09:56:04.659000+00:00,2026-01-06 09:56:04.961815+00:00,664.659,0.935,0.93,0.94,0.065,0.06,0.07,,,,
2026-01-06 09:56:05.631000+00:00,2026-01-06 09:56:05.972789+00:00,665.631,0.935,0.93,0.94,0.065,0.06,0.07,,,,
2026-01-06 09:56:06.649000+00:00,2026-01-06 09:56:06.999033+00:00,666.649,0.935,0.93,0.94,0.065,0.06,0.07,,,,
2026-01-06 09:56:07.244000+00:00,2026-01-06 09:56:08.005643+00:00,667.244,0.935,0.93,0.94,0.065,0.06,0.07,,,,
2026-01-06 09:56:08.792000+00:00,2026-01-06 09:56:09.021457+00:00,668.792,0.935,0.93,0.94,0.065,0.06,0.07,,,,
2026-01-06 09:56:09.658000+00:00,2026-01-06 09:56:10.028715+00:00,669.658,0.935,0.93,0.94,0.065,0.06,0.07,,,,
2026-01-06 09:56:10.742000+00:00,2026-01-06 09:56:11.038954+00:00,670.742,0.935,0.93,0.94,0.065,0.06,0.07,,,,
2026-01-06 09:56:11.971000+00:00,2026-01-06 09:56:12.263630+00:00,671.971,0.945,0.94,0.95,0.055,0.05,0.06,,,,
2026-01-06 09:56:12.994000+00:00,2026-01-06 09:56:13.267900+00:00,672.994,0.945,0.94,0.95,0.05,0.04,0.06,,,,
2026-01-06 09:56:14.021000+00:00,2026-01-06 09:56:14.267569+00:00,674.021,0.95,0.94,0.96,0.05,0.04,0.06,,,,
2026-01-06 09:56:15.928000+00:00,2026-01-06 09:56:16.283440+00:00,675.928,0.955,0.95,0.96,0.045,0.04,0.05,,,,
2026-01-06 09:56:17.905000+00:00,2026-01-06 09:56:18.304960+00:00,677.905,0.955,0.95,0.96,0.045,0.04,0.05,,,,
2026-01-06 09:56:19.058000+00:00,2026-01-06 09:56:19.308833+00:00,679.058,0.955,0.95,0.96,0.045,0.04,0.05,,,,
2026-01-06 09:56:20.072000+00:00,2026-01-06 09:56:20.312929+00:00,680.072,0.96,0.95,0.97,0.045,0.04,0.05,,,,
2026-01-06 09:56:21.082000+00:00,2026-01-06 09:56:21.314365+00:00,681.082,0.955,0.95,0.96,0.045,0.04,0.05,,,,
2026-01-06 09:56:22.083000+00:00,2026-01-06 09:56:22.321031+00:00,682.083,0.945,0.94,0.95,0.055,0.05,0.06,,,,
2026-01-06 09:56:23.063000+00:00,2026-01-06 09:56:23.314820+00:00,683.063,0.965,0.96,0.97,0.035,0.03,0.04,,,,
2026-01-06 09:56:24.989000+00:00,2026-01-06 09:56:25.317154+00:00,684.989,0.945,0.94,0.95,0.055,0.05,0.06,,,,
2026-01-06 09:56:25.901000+00:00,2026-01-06 09:56:26.322925+00:00,685.901,0.945,0.94,0.95,0.055,0.05,0.06,,,,
2026-01-06 09:56:27.859000+00:00,2026-01-06 09:56:28.345671+00:00,687.859,0.95,0.94,0.96,0.05,0.04,0.06,,,,
2026-01-06 09:56:29.974000+00:00,2026-01-06 09:56:30.358885+00:00,689.974,0.955,0.95,0.96,0.045,0.04,0.05,,,,
2026-01-06 09:56:30.822000+00:00,2026-01-06 09:56:31.354556+00:00,690.822,0.955,0.95,0.96,0.045,0.04,0.05,,,,
2026-01-06 09:56:31.972000+00:00,2026-01-06 09:56:32.360113+00:00,691.972,0.95,0.94,0.96,0.05,0.04,0.06,,,,
2026-01-06 09:56:33.920000+00:00,2026-01-06 09:56:34.372415+00:00,693.92,0.955,0.95,0.96,0.045,0.04,0.05,,,,
2026-01-06 09:56:35.109000+00:00,2026-01-06 09:56:35.381272+00:00,695.109,0.955,0.94,0.97,0.045,0.03,0.06,,,,
2026-01-06 09:56:36.172000+00:00,2026-01-06 09:56:36.380819+00:00,696.172,0.955,0.94,0.97,0.045,0.03,0.06,,,,
2026-01-06 09:56:37.099000+00:00,2026-01-06 09:56:37.390470+00:00,697.099,0.96,0.95,0.97,0.045,0.04,0.05,,,,
2026-01-06 09:56:38.105000+00:00,2026-01-06 09:56:38.390946+00:00,698.105,0.96,0.95,0.97,0.04,0.03,0.05,,,,
2026-01-06 09:56:39.891000+00:00,2026-01-06 09:56:40.408749+00:00,699.891,0.965,0.96,0.97,0.045,0.04,0.05,,,,
2026-01-06 09:56:40.720000+00:00,2026-01-06 09:56:41.403105+00:00,700.72,0.955,0.95,0.96,0.045,0.04,0.05,,,,
2026-01-06 09:56:42.962000+00:00,2026-01-06 09:56:43.400138+00:00,702.962,0.96,0.95,0.97,0.04,0.03,0.05,,,,
2026-01-06 09:56:44.168000+00:00,2026-01-06 09:56:44.411604+00:00,704.168,0.96,0.95,0.97,0.04,0.03,0.05,,,,
2026-01-06 09:56:45.172000+00:00,2026-01-06 09:56:45.412518+00:00,705.172,0.965,0.96,0.97,0.035,0.03,0.04,,,,
2026-01-06 09:56:46.193000+00:00,2026-01-06 09:56:46.427292+00:00,706.193,0.965,0.96,0.97,0.035,0.03,0.04,,,,
2026-01-06 09:56:47.165000+00:00,2026-01-06 09:56:47.436101+00:00,707.165,0.965,0.96,0.97,0.035,0.03,0.04,,,,
2026-01-06 09:56:48.001000+00:00,2026-01-06 09:56:48.436548+00:00,708.001,0.965,0.96,0.97,0.035,0.03,0.04,,,,
2026-01-06 09:56:49.042000+00:00,2026-01-06 09:56:49.443667+00:00,709.042,0.965,0.96,0.97,0.04,0.03,0.05,,,,
2026-01-06 09:56:50.065000+00:00,2026-01-06 09:56:50.455641+00:00,710.065,0.96,0.95,0.97,0.04,0.03,0.05,,,,
2026-01-06 09:56:51.197000+00:00,2026-01-06 09:56:51.463043+00:00,711.197,0.96,0.95,0.97,0.04,0.03,0.05,,,,
2026-01-06 09:56:52.230000+00:00,2026-01-06 09:56:52.469288+00:00,712.23,0.965,0.96,0.97,0.035,0.03,0.04,,,,
2026-01-06 09:56:53.194000+00:00,2026-01-06 09:56:53.469198+00:00,713.194,0.96,0.95,0.97,0.04,0.03,0.05,,,,
2026-01-06 09:56:54.226000+00:00,2026-01-06 09:56:54.469134+00:00,714.226,0.96,0.95,0.97,0.04,0.03,0.05,,,,
2026-01-06 09:56:55.632000+00:00,2026-01-06 09:56:56.493839+00:00,715.632,0.96,0.95,0.97,0.04,0.03,0.05,,,,
2026-01-06 09:56:57.282000+00:00,2026-01-06 09:56:58.499106+00:00,717.282,0.96,0.95,0.97,0.04,0.03,0.05,,,,
2026-01-06 09:56:59.227000+00:00,2026-01-06 09:56:59.505844+00:00,719.227,0.96,0.95,0.97,0.04,0.03,0.05,,,,
2026-01-06 09:57:00.258000+00:00,2026-01-06 09:57:00.511635+00:00,720.258,0.96,0.95,0.97,0.045,0.04,0.05,,,,
2026-01-06 09:57:01.211000+00:00,2026-01-06 09:57:01.503775+00:00,721.211,0.96,0.95,0.97,0.04,0.03,0.05,,,,
2026-01-06 09:57:02.212000+00:00,2026-01-06 09:57:02.503992+00:00,722.212,0.95,0.94,0.96,0.055,0.05,0.06,,,,
2026-01-06 09:57:03.270000+00:00,2026-01-06 09:57:03.525786+00:00,723.27,0.95,0.93,0.97,0.055,0.04,0.07,,,,
2026-01-06 09:57:04.305000+00:00,2026-01-06 09:57:04.536907+00:00,724.305,0.945,0.93,0.96,0.055,0.04,0.07,,,,
2026-01-06 09:57:05.301000+00:00,2026-01-06 09:57:05.535589+00:00,725.301,0.955,0.95,0.96,0.045,0.04,0.05,,,,
2026-01-06 09:57:06.286000+00:00,2026-01-06 09:57:06.553513+00:00,726.286,0.95,0.94,0.96,0.05,0.04,0.06,,,,
2026-01-06 09:57:07.183000+00:00,2026-01-06 09:57:07.550804+00:00,727.183,0.95,0.94,0.96,0.05,0.04,0.06,,,,
2026-01-06 09:57:08.120000+00:00,2026-01-06 09:57:08.570112+00:00,728.12,0.945,0.94,0.95,0.055,0.05,0.06,,,,
2026-01-06 09:57:09.347000+00:00,2026-01-06 09:57:09.576569+00:00,729.347,0.945,0.94,0.95,0.055,0.05,0.06,,,,
2026-01-06 09:57:10.169000+00:00,2026-01-06 09:57:10.567993+00:00,730.169,0.945,0.94,0.95,0.055,0.05,0.06,,,,
2026-01-06 09:57:11.016000+00:00,2026-01-06 09:57:11.586006+00:00,731.016,0.945,0.94,0.95,0.055,0.05,0.06,,,,
2026-01-06 09:57:12.167000+00:00,2026-01-06 09:57:12.584949+00:00,732.167,0.955,0.95,0.96,0.045,0.04,0.05,,,,
2026-01-06 09:57:13.279000+00:00,2026-01-06 09:57:13.587446+00:00,733.279,0.945,0.94,0.95,0.055,0.05,0.06,,,,
2026-01-06 09:57:14.091000+00:00,2026-01-06 09:57:14.602779+00:00,734.091,0.945,0.94,0.95,0.055,0.05,0.06,,,,
2026-01-06 09:57:15.362000+00:00,2026-01-06 09:57:15.603183+00:00,735.362,0.945,0.94,0.95,0.055,0.05,0.06,,,,
2026-01-06 09:57:16.342000+00:00,2026-01-06 09:57:16.620293+00:00,736.342,0.945,0.94,0.95,0.055,0.05,0.06,,,,
2026-01-06 09:57:17.012000+00:00,2026-01-06 09:57:17.620182+00:00,737.012,0.945,0.94,0.95,0.055,0.05,0.06,,,,
2026-01-06 09:57:18.392000+00:00,2026-01-06 09:57:18.628567+00:00,738.392,0.945,0.94,0.95,0.055,0.05,0.06,,,,
2026-01-06 09:57:19.349000+00:00,2026-01-06 09:57:19.634611+00:00,739.349,0.95,0.94,0.96,0.05,0.04,0.06,,,,
2026-01-06 09:57:20.338000+00:00,2026-01-06 09:57:20.639863+00:00,740.338,0.955,0.95,0.96,0.045,0.04,0.05,,,,
2026-01-06 09:57:21.233000+00:00,2026-01-06 09:57:21.650313+00:00,741.233,0.95,0.94,0.96,0.05,0.04,0.06,,,,
2026-01-06 09:57:22.237000+00:00,2026-01-06 09:57:22.649987+00:00,742.237,0.955,0.94,0.97,0.045,0.03,0.06,,,,
2026-01-06 09:57:23.414000+00:00,2026-01-06 09:57:23.667442+00:00,743.414,0.955,0.94,0.97,0.045,0.03,0.06,,,,
2026-01-06 09:57:24.217000+00:00,2026-01-06 09:57:24.667785+00:00,744.217,0.955,0.94,0.97,0.05,0.04,0.06,,,,
2026-01-06 09:57:25.424000+00:00,2026-01-06 09:57:25.684202+00:00,745.424,0.945,0.94,0.95,0.055,0.05,0.06,,,,
2026-01-06 09:57:26.187000+00:00,2026-01-06 09:57:26.701459+00:00,746.187,0.955,0.95,0.96,0.045,0.04,0.05,,,,
2026-01-06 09:57:27.125000+00:00,2026-01-06 09:57:27.700323+00:00,747.125,0.96,0.95,0.97,0.04,0.03,0.05,,,,
2026-01-06 09:57:28.193000+00:00,2026-01-06 09:57:28.717078+00:00,748.193,0.965,0.95,0.98,0.035,0.02,0.05,,,,
2026-01-06 09:57:29.300000+00:00,2026-01-06 09:57:29.732866+00:00,749.3,0.965,0.95,0.98,0.035,0.02,0.05,,,,
2026-01-06 09:57:30.515000+00:00,2026-01-06 09:57:30.752756+00:00,750.515,0.965,0.95,0.98,0.035,0.02,0.05,,,,
2026-01-06 09:57:31.511000+00:00,2026-01-06 09:57:31.766944+00:00,751.511,0.965,0.95,0.98,0.035,0.02,0.05,,,,
2026-01-06 09:57:32.401000+00:00,2026-01-06 09:57:32.771191+00:00,752.401,0.965,0.95,0.98,0.035,0.02,0.05,,,,
2026-01-06 09:57:33.088000+00:00,2026-01-06 09:57:33.786115+00:00,753.088,0.965,0.95,0.98,0.035,0.02,0.05,,,,
2026-01-06 09:57:34.390000+00:00,2026-01-06 09:57:34.801195+00:00,754.39,0.965,0.95,0.98,0.035,0.02,0.05,,,,
2026-01-06 09:57:35.597000+00:00,2026-01-06 09:57:35.809644+00:00,755.597,0.965,0.95,0.98,0.035,0.02,0.05,,,,
2026-01-06 09:57:36.298000+00:00,2026-01-06 09:57:36.817881+00:00,756.298,0.965,0.95,0.98,0.035,0.02,0.05,,,,
2026-01-06 09:57:37.296000+00:00,2026-01-06 09:57:37.819058+00:00,757.296,0.965,0.95,0.98,0.035,0.02,0.05,,,,
2026-01-06 09:57:38.483000+00:00,2026-01-06 09:57:38.833527+00:00,758.483,0.97,0.96,0.98,0.03,0.02,0.04,,,,
2026-01-06 09:57:39.507000+00:00,2026-01-06 09:57:39.827847+00:00,759.507,0.97,0.96,0.98,0.03,0.02,0.04,,,,
2026-01-06 09:57:40.618000+00:00,2026-01-06 09:57:40.837116+00:00,760.618,0.965,0.96,0.97,0.045,0.04,0.05,,,,
2026-01-06 09:57:41.615000+00:00,2026-01-06 09:57:41.850755+00:00,761.615,0.975,0.97,0.98,0.025,0.02,0.03,,,,
2026-01-06 09:57:42.611000+00:00,2026-01-06 09:57:42.857191+00:00,762.611,0.955,0.95,0.96,0.045,0.04,0.05,,,,
2026-01-06 09:57:43.618000+00:00,2026-01-06 09:57:43.852017+00:00,763.618,0.955,0.95,0.96,0.055,0.05,0.06,,,,
2026-01-06 09:57:44.616000+00:00,2026-01-06 09:57:44.855232+00:00,764.616,0.845,0.84,0.85,0.155,0.15,0.16,,,,
2026-01-06 09:57:45.620000+00:00,2026-01-06 09:57:45.856590+00:00,765.62,0.9,0.89,0.91,0.095,0.09,0.1,,,,
2026-01-06 09:57:46.597000+00:00,2026-01-06 09:57:46.867519+00:00,766.597,0.925,0.92,0.93,0.075,0.07,0.08,,,,
2026-01-06 09:57:47.642000+00:00,2026-01-06 09:57:47.885371+00:00,767.642,0.915,0.91,0.92,0.0849999999999999,0.08,0.09,,,,
2026-01-06 09:57:48.656000+00:00,2026-01-06 09:57:48.894873+00:00,768.656,0.915,0.91,0.92,0.0849999999999999,0.08,0.09,,,,
2026-01-06 09:57:49.597000+00:00,2026-01-06 09:57:49.906295+00:00,769.597,0.905,0.9,0.91,0.09,0.08,0.1,,,,
2026-01-06 09:57:50.660000+00:00,2026-01-06 09:57:50.922786+00:00,770.66,0.91,0.9,0.92,0.09,0.08,0.1,,,,
2026-01-06 09:57:51.636000+00:00,2026-01-06 09:57:51.931563+00:00,771.636,0.9,0.89,0.91,0.1,0.09,0.11,,,,
2026-01-06 09:57:52.711000+00:00,2026-01-06 09:57:52.930528+00:00,772.711,0.865,0.86,0.87,0.135,0.13,0.14,,,,
2026-01-06 09:57:53.693000+00:00,2026-01-06 09:57:53.939499+00:00,773.693,0.865,0.86,0.87,0.125,0.12,0.13,,,,
2026-01-06 09:57:54.716000+00:00,2026-01-06 09:57:54.956201+00:00,774.716,0.9,0.89,0.91,0.105,0.1,0.11,,,,
2026-01-06 09:57:55.714000+00:00,2026-01-06 09:57:55.956441+00:00,775.714,0.895,0.89,0.9,0.11,0.1,0.12,,,,
2026-01-06 09:57:56.679000+00:00,2026-01-06 09:57:56.972015+00:00,776.679,0.89,0.88,0.9,0.11,0.1,0.12,,,,
2026-01-06 09:57:57.733000+00:00,2026-01-06 09:57:57.968477+00:00,777.733,0.88,0.87,0.89,0.1149999999999999,0.11,0.12,,,,
2026-01-06 09:57:58.742000+00:00,2026-01-06 09:57:58.985042+00:00,778.742,0.89,0.88,0.9,0.11,0.1,0.12,,,,
2026-01-06 09:57:59.762000+00:00,2026-01-06 09:58:00.002223+00:00,779.762,0.895,0.89,0.9,0.105,0.1,0.11,,,,
2026-01-06 09:58:00.762000+00:00,2026-01-06 09:58:01.000763+00:00,780.762,0.89,0.88,0.9,0.11,0.1,0.12,,,,
2026-01-06 09:58:01.660000+00:00,2026-01-06 09:58:02.006952+00:00,781.66,0.895,0.89,0.9,0.105,0.1,0.11,,,,
2026-01-06 09:58:02.476000+00:00,2026-01-06 09:58:03.024466+00:00,782.476,0.895,0.89,0.9,0.105,0.1,0.11,,,,
2026-01-06 09:58:03.806000+00:00,2026-01-06 09:58:04.041942+00:00,783.806,0.895,0.89,0.9,0.105,0.1,0.11,,,,
2026-01-06 09:58:04.758000+00:00,2026-01-06 09:58:05.056204+00:00,784.758,0.895,0.89,0.9,0.105,0.1,0.11,,,,
2026-01-06 09:58:05.815000+00:00,2026-01-06 09:58:06.060235+00:00,785.815,0.905,0.9,0.91,0.095,0.09,0.1,,,,
2026-01-06 09:58:06.830000+00:00,2026-01-06 09:58:07.073274+00:00,786.83,0.905,0.9,0.91,0.095,0.09,0.1,,,,
2026-01-06 09:58:07.844000+00:00,2026-01-06 09:58:08.088997+00:00,787.844,0.92,0.91,0.93,0.08,0.07,0.09,,,,
2026-01-06 09:58:08.862000+00:00,2026-01-06 09:58:09.101664+00:00,788.862,0.92,0.91,0.93,0.08,0.07,0.09,,,,
2026-01-06 09:58:09.850000+00:00,2026-01-06 09:58:10.100928+00:00,789.85,0.945,0.94,0.95,0.05,0.04,0.06,,,,
2026-01-06 09:58:10.858000+00:00,2026-01-06 09:58:11.110655+00:00,790.858,0.945,0.94,0.95,0.055,0.05,0.06,,,,
2026-01-06 09:58:11.715000+00:00,2026-01-06 09:58:12.124648+00:00,791.715,0.945,0.94,0.95,0.055,0.05,0.06,,,,
2026-01-06 09:58:12.869000+00:00,2026-01-06 09:58:13.138809+00:00,792.869,0.945,0.94,0.95,0.055,0.05,0.06,,,,
2026-01-06 09:58:13.749000+00:00,2026-01-06 09:58:14.141883+00:00,793.749,0.95,0.94,0.96,0.05,0.04,0.06,,,,
2026-01-06 09:58:14.913000+00:00,2026-01-06 09:58:15.152059+00:00,794.913,0.955,0.95,0.96,0.05,0.04,0.06,,,,
2026-01-06 09:58:15.875000+00:00,2026-01-06 09:58:16.167498+00:00,795.875,0.955,0.95,0.96,0.045,0.04,0.05,,,,
2026-01-06 09:58:16.817000+00:00,2026-01-06 09:58:17.165885+00:00,796.817,0.955,0.95,0.96,0.045,0.04,0.05,,,,
2026-01-06 09:58:17.800000+00:00,2026-01-06 09:58:18.174552+00:00,797.8,0.95,0.94,0.96,0.055,0.05,0.06,,,,
2026-01-06 09:58:18.937000+00:00,2026-01-06 09:58:19.189577+00:00,798.937,0.905,0.9,0.91,0.105,0.1,0.11,,,,
2026-01-06 09:58:19.957000+00:00,2026-01-06 09:58:20.198365+00:00,799.957,0.905,0.9,0.91,0.095,0.09,0.1,,,,
2026-01-06 09:58:20.966000+00:00,2026-01-06 09:58:21.212533+00:00,800.966,0.905,0.9,0.91,0.1,0.09,0.11,,,,
2026-01-06 09:58:21.873000+00:00,2026-01-06 09:58:22.215466+00:00,801.873,0.9,0.89,0.91,0.1,0.09,0.11,,,,
2026-01-06 09:58:22.931000+00:00,2026-01-06 09:58:23.215093+00:00,802.931,0.905,0.9,0.91,0.095,0.09,0.1,,,,
2026-01-06 09:58:23.996000+00:00,2026-01-06 09:58:24.231940+00:00,803.996,0.905,0.9,0.91,0.095,0.09,0.1,,,,
2026-01-06 09:58:25.011000+00:00,2026-01-06 09:58:25.248968+00:00,805.011,0.895,0.89,0.9,0.105,0.1,0.11,,,,
2026-01-06 09:58:26.019000+00:00,2026-01-06 09:58:26.255389+00:00,806.019,0.86,0.84,0.88,0.155,0.15,0.16,,,,
2026-01-06 09:58:27.939000+00:00,2026-01-06 09:58:28.266411+00:00,807.939,0.8200000000000001,0.81,0.83,0.175,0.17,0.18,,,,
2026-01-06 09:58:29.040000+00:00,2026-01-06 09:58:29.282979+00:00,809.04,0.835,0.83,0.84,0.165,0.16,0.17,,,,
2026-01-06 09:58:30.047000+00:00,2026-01-06 09:58:30.296267+00:00,810.047,0.855,0.85,0.86,0.145,0.14,0.15,,,,
2026-01-06 09:58:31.973000+00:00,2026-01-06 09:58:32.315753+00:00,811.973,0.855,0.85,0.86,0.145,0.14,0.15,,,,
2026-01-06 09:58:33.078000+00:00,2026-01-06 09:58:33.322482+00:00,813.078,0.855,0.85,0.86,0.135,0.13,0.14,,,,
2026-01-06 09:58:34.054000+00:00,2026-01-06 09:58:34.315845+00:00,814.054,0.87,0.86,0.88,0.13,0.12,0.14,,,,
2026-01-06 09:58:35.010000+00:00,2026-01-06 09:58:35.316088+00:00,815.01,0.895,0.89,0.9,0.105,0.1,0.11,,,,
2026-01-06 09:58:36.023000+00:00,2026-01-06 09:58:36.312547+00:00,816.023,0.88,0.87,0.89,0.1149999999999999,0.11,0.12,,,,
2026-01-06 09:58:37.946000+00:00,2026-01-06 09:58:38.332202+00:00,817.946,0.885,0.88,0.89,0.1149999999999999,0.11,0.12,,,,
2026-01-06 09:58:39.107000+00:00,2026-01-06 09:58:39.337497+00:00,819.107,0.885,0.88,0.89,0.1149999999999999,0.11,0.12,,,,
2026-01-06 09:58:40.105000+00:00,2026-01-06 09:58:40.351568+00:00,820.105,0.865,0.86,0.87,0.135,0.13,0.14,,,,
2026-01-06 09:58:41.118000+00:00,2026-01-06 09:58:41.360077+00:00,821.118,0.865,0.86,0.87,0.135,0.13,0.14,,,,
2026-01-06 09:58:42.037000+00:00,2026-01-06 09:58:42.369566+00:00,822.037,0.865,0.86,0.87,0.135,0.13,0.14,,,,
2026-01-06 09:58:43.061000+00:00,2026-01-06 09:58:43.365888+00:00,823.061,0.875,0.87,0.88,0.13,0.12,0.14,,,,
2026-01-06 09:58:44.180000+00:00,2026-01-06 09:58:44.381792+00:00,824.18,0.88,0.87,0.89,0.13,0.12,0.14,,,,
2026-01-06 09:58:45.025000+00:00,2026-01-06 09:58:45.387382+00:00,825.025,0.865,0.86,0.87,0.135,0.13,0.14,,,,
2026-01-06 09:58:46.050000+00:00,2026-01-06 09:58:46.382311+00:00,826.05,0.89,0.88,0.9,0.11,0.1,0.12,,,,
2026-01-06 09:58:47.966000+00:00,2026-01-06 09:58:48.401021+00:00,827.966,0.905,0.9,0.91,0.095,0.09,0.1,,,,
2026-01-06 09:58:49.128000+00:00,2026-01-06 09:58:49.406207+00:00,829.128,0.915,0.91,0.92,0.0849999999999999,0.08,0.09,,,,
2026-01-06 09:58:50.193000+00:00,2026-01-06 09:58:50.416597+00:00,830.193,0.91,0.9,0.92,0.09,0.08,0.1,,,,
2026-01-06 09:58:51.985000+00:00,2026-01-06 09:58:52.436315+00:00,831.985,0.91,0.9,0.92,0.09,0.08,0.1,,,,
2026-01-06 09:58:53.174000+00:00,2026-01-06 09:58:53.437926+00:00,833.174,0.915,0.91,0.92,0.0849999999999999,0.08,0.09,,,,
2026-01-06 09:58:54.181000+00:00,2026-01-06 09:58:54.447873+00:00,834.181,0.92,0.91,0.93,0.08,0.07,0.09,,,,
2026-01-06 09:58:55.222000+00:00,2026-01-06 09:58:55.457185+00:00,835.222,0.915,0.91,0.92,0.0849999999999999,0.08,0.09,,,,
2026-01-06 09:58:56.009000+00:00,2026-01-06 09:58:56.464484+00:00,836.009,0.915,0.91,0.92,0.0849999999999999,0.08,0.09,,,,
2026-01-06 09:58:57.212000+00:00,2026-01-06 09:58:57.464208+00:00,837.212,0.925,0.92,0.93,0.075,0.07,0.08,,,,
2026-01-06 09:58:58.864000+00:00,2026-01-06 09:58:59.481371+00:00,838.864,0.925,0.92,0.93,0.075,0.07,0.08,,,,
2026-01-06 09:59:00.480000+00:00,2026-01-06 09:59:00.725115+00:00,840.48,0.925,0.92,0.93,0.075,0.07,0.08,,,,
2026-01-06 09:59:01.258000+00:00,2026-01-06 09:59:01.500772+00:00,841.258,0.925,0.92,0.93,0.075,0.07,0.08,,,,
2026-01-06 09:59:02.222000+00:00,2026-01-06 09:59:02.498551+00:00,842.222,0.925,0.92,0.93,0.075,0.07,0.08,,,,
2026-01-06 09:59:03.972000+00:00,2026-01-06 09:59:04.498476+00:00,843.972,0.925,0.92,0.93,0.075,0.07,0.08,,,,
2026-01-06 09:59:05.170000+00:00,2026-01-06 09:59:05.498448+00:00,845.17,0.925,0.92,0.93,0.07,0.06,0.08,,,,
2026-01-06 09:59:06.258000+00:00,2026-01-06 09:59:06.508966+00:00,846.258,0.97,0.96,0.98,0.03,0.02,0.04,,,,
2026-01-06 09:59:07.281000+00:00,2026-01-06 09:59:07.514924+00:00,847.281,0.955,0.93,0.98,0.045,0.02,0.07,,,,
2026-01-06 09:59:08.268000+00:00,2026-01-06 09:59:08.514132+00:00,848.268,0.955,0.92,0.99,0.055,0.03,0.08,,,,
2026-01-06 09:59:09.286000+00:00,2026-01-06 09:59:09.524971+00:00,849.286,0.965,0.96,0.97,0.035,0.03,0.04,,,,
2026-01-06 09:59:10.257000+00:00,2026-01-06 09:59:10.537441+00:00,850.257,0.975,0.96,0.99,0.025,0.01,0.04,,,,
2026-01-06 09:59:11.278000+00:00,2026-01-06 09:59:11.531484+00:00,851.278,0.965,0.94,0.99,0.02,0.01,0.03,,,,
2026-01-06 09:59:12.249000+00:00,2026-01-06 09:59:12.530941+00:00,852.249,0.975,0.97,0.98,0.025,0.02,0.03,,,,
2026-01-06 09:59:13.287000+00:00,2026-01-06 09:59:13.534871+00:00,853.287,0.97,0.96,0.98,0.035,0.03,0.04,,,,
2026-01-06 09:59:14.237000+00:00,2026-01-06 09:59:14.534398+00:00,854.237,0.975,0.96,0.99,0.025,0.01,0.04,,,,
2026-01-06 09:59:15.280000+00:00,2026-01-06 09:59:15.538305+00:00,855.28,0.98,0.97,0.99,0.02,0.01,0.03,,,,
2026-01-06 09:59:16.274000+00:00,2026-01-06 09:59:16.548753+00:00,856.274,0.97,0.96,0.98,0.025,0.01,0.04,,,,
2026-01-06 09:59:17.201000+00:00,2026-01-06 09:59:17.554396+00:00,857.201,0.975,0.97,0.98,0.025,0.02,0.03,,,,
2026-01-06 09:59:18.305000+00:00,2026-01-06 09:59:18.546752+00:00,858.305,0.965,0.95,0.98,0.04,0.03,0.05,,,,
2026-01-06 09:59:19.287000+00:00,2026-01-06 09:59:19.567358+00:00,859.287,0.945,0.93,0.96,0.055,0.04,0.07,,,,
2026-01-06 09:59:20.337000+00:00,2026-01-06 09:59:20.579904+00:00,860.337,0.925,0.91,0.94,0.07,0.06,0.08,,,,
2026-01-06 09:59:21.312000+00:00,2026-01-06 09:59:21.579794+00:00,861.312,0.945,0.92,0.97,0.06,0.04,0.08,,,,
2026-01-06 09:59:22.145000+00:00,2026-01-06 09:59:22.580321+00:00,862.145,0.935,0.92,0.95,0.065,0.05,0.08,,,,
2026-01-06 09:59:23.313000+00:00,2026-01-06 09:59:23.591162+00:00,863.313,0.945,0.93,0.96,0.055,0.04,0.07,,,,
2026-01-06 09:59:24.364000+00:00,2026-01-06 09:59:24.598387+00:00,864.364,0.935,0.93,0.94,0.065,0.06,0.07,,,,
2026-01-06 09:59:25.328000+00:00,2026-01-06 09:59:25.596968+00:00,865.328,0.935,0.93,0.94,0.065,0.06,0.07,,,,
2026-01-06 09:59:26.271000+00:00,2026-01-06 09:59:26.598505+00:00,866.271,0.955,0.95,0.96,0.045,0.04,0.05,,,,
2026-01-06 09:59:27.376000+00:00,2026-01-06 09:59:27.609905+00:00,867.376,0.96,0.95,0.97,0.04,0.03,0.05,,,,
2026-01-06 09:59:28.391000+00:00,2026-01-06 09:59:28.627890+00:00,868.391,0.96,0.95,0.97,0.04,0.03,0.05,,,,
2026-01-06 09:59:29.391000+00:00,2026-01-06 09:59:29.643712+00:00,869.391,0.96,0.95,0.97,0.045,0.03,0.06,,,,
2026-01-06 09:59:30.425000+00:00,2026-01-06 09:59:30.664348+00:00,870.425,0.965,0.95,0.98,0.035,0.02,0.05,,,,
2026-01-06 09:59:31.439000+00:00,2026-01-06 09:59:31.676720+00:00,871.439,0.955,0.95,0.96,0.035,0.02,0.05,,,,
2026-01-06 09:59:32.456000+00:00,2026-01-06 09:59:32.689258+00:00,872.456,0.955,0.95,0.96,0.045,0.04,0.05,,,,
2026-01-06 09:59:33.451000+00:00,2026-01-06 09:59:33.693963+00:00,873.451,0.955,0.94,0.97,0.045,0.03,0.06,,,,
2026-01-06 09:59:34.459000+00:00,2026-01-06 09:59:34.695745+00:00,874.459,0.96,0.94,0.98,0.04,0.02,0.06,,,,
2026-01-06 09:59:35.470000+00:00,2026-01-06 09:59:35.706420+00:00,875.47,0.945,0.94,0.95,0.055,0.05,0.06,,,,
2026-01-06 09:59:36.464000+00:00,2026-01-06 09:59:36.705959+00:00,876.464,0.96,0.94,0.98,0.045,0.03,0.06,,,,
2026-01-06 09:59:37.453000+00:00,2026-01-06 09:59:37.701958+00:00,877.453,0.955,0.94,0.97,0.045,0.03,0.06,,,,
2026-01-06 09:59:38.472000+00:00,2026-01-06 09:59:38.713488+00:00,878.472,0.955,0.94,0.97,0.045,0.03,0.06,,,,
2026-01-06 09:59:39.342000+00:00,2026-01-06 09:59:39.719793+00:00,879.342,0.97,0.95,0.99,0.03,0.01,0.05,,,,
2026-01-06 09:59:40.297000+00:00,2026-01-06 09:59:40.719326+00:00,880.297,0.97,0.95,0.99,0.03,0.01,0.05,,,,
2026-01-06 09:59:41.389000+00:00,2026-01-06 09:59:41.747859+00:00,881.389,0.97,0.95,0.99,0.03,0.01,0.05,,,,
2026-01-06 09:59:42.406000+00:00,2026-01-06 09:59:42.763421+00:00,882.406,0.97,0.96,0.98,0.03,0.02,0.04,,,,
2026-01-06 09:59:43.480000+00:00,2026-01-06 09:59:43.766822+00:00,883.48,0.985,0.98,0.99,0.015,0.01,0.02,,,,
2026-01-06 09:59:44.501000+00:00,2026-01-06 09:59:44.767590+00:00,884.501,0.985,0.98,0.99,0.015,0.01,0.02,,,,
2026-01-06 09:59:45.535000+00:00,2026-01-06 09:59:45.774315+00:00,885.535,0.985,0.98,0.99,0.015,0.01,0.02,,,,
2026-01-06 09:59:46.487000+00:00,2026-01-06 09:59:46.782697+00:00,886.487,0.975,0.96,0.99,0.025,0.01,0.04,,,,
2026-01-06 09:59:47.201000+00:00,2026-01-06 09:59:47.789036+00:00,887.201,0.985,0.98,0.99,0.015,0.01,0.02,,,,
2026-01-06 09:59:48.556000+00:00,2026-01-06 09:59:48.788140+00:00,888.556,0.985,0.98,0.99,0.015,0.01,0.02,,,,
2026-01-06 09:59:49.566000+00:00,2026-01-06 09:59:49.800594+00:00,889.566,0.985,0.98,0.99,0.015,0.01,0.02,,,,
2026-01-06 09:59:50.573000+00:00,2026-01-06 09:59:50.815530+00:00,890.573,0.99,0.99,,0.01,,0.01,,,,
2026-01-06 09:59:51.533000+00:00,2026-01-06 09:59:51.824267+00:00,891.533,0.99,0.99,,0.01,,0.01,,,,
2026-01-06 09:59:52.599000+00:00,2026-01-06 09:59:52.843064+00:00,892.599,0.99,0.99,,0.01,,0.01,,,,
2026-01-06 09:59:53.474000+00:00,2026-01-06 09:59:53.848461+00:00,893.474,0.99,0.99,,0.01,,0.01,,,,
2026-01-06 09:59:54.502000+00:00,2026-01-06 09:59:54.855329+00:00,894.502,0.99,0.99,,0.01,,0.01,,,,
2026-01-06 09:59:55.287000+00:00,2026-01-06 09:59:55.865427+00:00,895.287,0.99,0.99,,0.01,,0.01,,,,
2026-01-06 09:59:56.619000+00:00,2026-01-06 09:59:56.879685+00:00,896.619,0.99,0.99,,0.01,,0.01,,,,
2026-01-06 09:59:57.660000+00:00,2026-01-06 09:59:57.896998+00:00,897.66,0.99,0.99,,0.01,,0.01,,,,
2026-01-06 09:59:58.460000+00:00,2026-01-06 09:59:58.887332+00:00,898.46,0.99,0.99,,0.01,,0.01,,,,
2026-01-06 09:59:59.273000+00:00,2026-01-06 09:59:59.896847+00:00,899.273,0.99,0.99,,0.01,,0.01,,,,
