timestamp,seconds,mid,bid,ask,asset
2026-01-07 03:30:00+00:00,0.0,3273.791,3273.71,3273.82,ETH
2026-01-07 03:30:01+00:00,1.0,3273.701,3273.7,3273.8,ETH
2026-01-07 03:30:02+00:00,2.0,3273.831,3273.71,3273.84,ETH
2026-01-07 03:30:03+00:00,3.0,3274.001,3273.88,3274.08,ETH
2026-01-07 03:30:04+00:00,4.0,3274.031,3273.95,3274.1,ETH
2026-01-07 03:30:05+00:00,5.0,3274.001,3273.96,3274.06,ETH
2026-01-07 03:30:06+00:00,6.0,3274.191,3274.13,3274.42,ETH
2026-01-07 03:30:07+00:00,7.0,3274.341,3274.3,3274.42,ETH
2026-01-07 03:30:08+00:00,8.0,3274.381,3274.3,3274.41,ETH
2026-01-07 03:30:09+00:00,9.0,3274.301,3274.25,3274.38,ETH
2026-01-07 03:30:10+00:00,10.0,3273.761,3273.7,3273.9,ETH
2026-01-07 03:30:11+00:00,11.0,3273.721,3273.67,3273.75,ETH
2026-01-07 03:30:12+00:00,12.0,3273.091,3273.0,3273.48,ETH
2026-01-07 03:30:13+00:00,13.0,3272.941,3272.87,3273.01,ETH
2026-01-07 03:30:14+00:00,14.0,3272.991,3272.86,3273.01,ETH
2026-01-07 03:30:15+00:00,15.0,3272.761,3272.75,3272.94,ETH
2026-01-07 03:30:16+00:00,16.0,3272.551,3272.43,3272.55,ETH
2026-01-07 03:30:17+00:00,17.0,3272.551,3272.43,3272.79,ETH
2026-01-07 03:30:18+00:00,18.0,3272.551,3272.4,3272.66,ETH
2026-01-07 03:30:19+00:00,19.0,3272.551,3272.45,3272.63,ETH
2026-01-07 03:30:20+00:00,20.0,3272.401,3272.4,3272.41,ETH
2026-01-07 03:30:21+00:00,21.0,3272.401,3272.36,3272.51,ETH
2026-01-07 03:30:22+00:00,22.0,3272.301,3272.3,3272.63,ETH
2026-01-07 03:30:23+00:00,23.0,3272.341,3272.31,3272.7,ETH
2026-01-07 03:30:24+00:00,24.0,3272.261,3272.25,3272.64,ETH
2026-01-07 03:30:25+00:00,25.0,3272.281,3272.28,3272.62,ETH
2026-01-07 03:30:26+00:00,26.0,3272.281,3272.28,3272.69,ETH
2026-01-07 03:30:27+00:00,27.0,3272.281,3272.28,3272.45,ETH
2026-01-07 03:30:28+00:00,28.0,3272.281,3272.28,3272.45,ETH
2026-01-07 03:30:29+00:00,29.0,3272.281,3272.28,3272.41,ETH
2026-01-07 03:30:30+00:00,30.0,3272.401,3272.3,3272.45,ETH
2026-01-07 03:30:31+00:00,31.0,3272.401,3272.35,3272.54,ETH
2026-01-07 03:30:32+00:00,32.0,3272.531,3272.43,3272.63,ETH
2026-01-07 03:30:33+00:00,33.0,3272.531,3272.43,3272.6,ETH
2026-01-07 03:30:34+00:00,34.0,3272.531,3272.41,3272.61,ETH
2026-01-07 03:30:35+00:00,35.0,3272.531,3272.41,3272.64,ETH
2026-01-07 03:30:36+00:00,36.0,3272.531,3272.41,3272.62,ETH
2026-01-07 03:30:37+00:00,37.0,3272.531,3272.41,3272.61,ETH
2026-01-07 03:30:38+00:00,38.0,3272.781,3272.6,3272.85,ETH
2026-01-07 03:30:39+00:00,39.0,3272.661,3272.59,3272.77,ETH
2026-01-07 03:30:40+00:00,40.0,3272.661,3272.59,3272.74,ETH
2026-01-07 03:30:41+00:00,41.0,3272.641,3272.57,3272.68,ETH
2026-01-07 03:30:42+00:00,42.0,3272.561,3272.52,3272.67,ETH
2026-01-07 03:30:43+00:00,43.0,3272.481,3272.46,3272.63,ETH
2026-01-07 03:30:44+00:00,44.0,3272.411,3272.4,3272.59,ETH
2026-01-07 03:30:45+00:00,45.0,3272.291,3272.29,3272.35,ETH
2026-01-07 03:30:46+00:00,46.0,3272.271,3272.25,3272.3,ETH
2026-01-07 03:30:47+00:00,47.0,3272.291,3272.26,3272.36,ETH
2026-01-07 03:30:48+00:00,48.0,3272.261,3272.25,3272.3,ETH
2026-01-07 03:30:49+00:00,49.0,3272.371,3272.35,3272.43,ETH
2026-01-07 03:30:50+00:00,50.0,3272.501,3272.47,3272.57,ETH
2026-01-07 03:30:51+00:00,51.0,3272.501,3272.49,3272.58,ETH
2026-01-07 03:30:52+00:00,52.0,3272.501,3272.49,3272.58,ETH
2026-01-07 03:30:53+00:00,53.0,3272.501,3272.46,3272.52,ETH
2026-01-07 03:30:54+00:00,54.0,3272.501,3272.43,3272.51,ETH
2026-01-07 03:30:55+00:00,55.0,3272.451,3272.45,3272.5,ETH
2026-01-07 03:30:56+00:00,56.0,3272.491,3272.44,3272.5,ETH
2026-01-07 03:30:57+00:00,57.0,3272.261,3272.17,3272.35,ETH
2026-01-07 03:30:58+00:00,58.0,3272.101,3272.09,3272.11,ETH
2026-01-07 03:30:59+00:00,59.0,3272.081,3272.08,3272.15,ETH
2026-01-07 03:31:00+00:00,60.0,3272.081,3272.06,3272.12,ETH
2026-01-07 03:31:01+00:00,61.0,3272.081,3272.05,3272.09,ETH
2026-01-07 03:31:02+00:00,62.0,3271.491,3271.32,3271.7,ETH
2026-01-07 03:31:03+00:00,63.0,3271.491,3271.33,3271.69,ETH
2026-01-07 03:31:04+00:00,64.0,3271.491,3271.34,3271.58,ETH
2026-01-07 03:31:05+00:00,65.0,3271.491,3271.3,3271.53,ETH
2026-01-07 03:31:06+00:00,66.0,3271.201,3271.2,3271.36,ETH
2026-01-07 03:31:07+00:00,67.0,3271.301,3271.29,3271.52,ETH
2026-01-07 03:31:08+00:00,68.0,3271.931,3271.74,3272.08,ETH
2026-01-07 03:31:09+00:00,69.0,3271.911,3271.89,3272.05,ETH
2026-01-07 03:31:10+00:00,70.0,3271.911,3271.87,3272.18,ETH
2026-01-07 03:31:11+00:00,71.0,3271.741,3271.68,3271.84,ETH
2026-01-07 03:31:12+00:00,72.0,3271.641,3271.5,3271.65,ETH
2026-01-07 03:31:13+00:00,73.0,3271.531,3271.48,3271.64,ETH
2026-01-07 03:31:14+00:00,74.0,3271.581,3271.39,3271.63,ETH
2026-01-07 03:31:15+00:00,75.0,3271.521,3271.42,3271.56,ETH
2026-01-07 03:31:16+00:00,76.0,3271.151,3271.1,3271.24,ETH
2026-01-07 03:31:17+00:00,77.0,3270.891,3270.84,3270.94,ETH
2026-01-07 03:31:18+00:00,78.0,3270.801,3270.73,3270.85,ETH
2026-01-07 03:31:19+00:00,79.0,3270.451,3270.41,3270.57,ETH
2026-01-07 03:31:20+00:00,80.0,3270.591,3270.57,3270.8,ETH
2026-01-07 03:31:21+00:00,81.0,3270.731,3270.72,3271.04,ETH
2026-01-07 03:31:22+00:00,82.0,3270.831,3270.82,3271.08,ETH
2026-01-07 03:31:23+00:00,83.0,3270.931,3270.92,3271.12,ETH
2026-01-07 03:31:24+00:00,84.0,3270.981,3270.94,3271.14,ETH
2026-01-07 03:31:25+00:00,85.0,3271.031,3270.96,3271.16,ETH
2026-01-07 03:31:26+00:00,86.0,3271.091,3271.0,3271.14,ETH
2026-01-07 03:31:27+00:00,87.0,3271.011,3270.99,3271.08,ETH
2026-01-07 03:31:28+00:00,88.0,3271.011,3270.99,3271.08,ETH
2026-01-07 03:31:29+00:00,89.0,3270.991,3270.95,3271.08,ETH
2026-01-07 03:31:30+00:00,90.0,3270.991,3270.95,3271.05,ETH
2026-01-07 03:31:31+00:00,91.0,3270.761,3270.74,3270.87,ETH
2026-01-07 03:31:32+00:00,92.0,3270.751,3270.72,3270.87,ETH
2026-01-07 03:31:33+00:00,93.0,3270.751,3270.68,3270.83,ETH
2026-01-07 03:31:34+00:00,94.0,3270.801,3270.71,3270.89,ETH
2026-01-07 03:31:35+00:00,95.0,3270.801,3270.74,3270.92,ETH
2026-01-07 03:31:36+00:00,96.0,3270.811,3270.74,3270.9,ETH
2026-01-07 03:31:37+00:00,97.0,3270.321,3270.25,3270.85,ETH
2026-01-07 03:31:38+00:00,98.0,3270.391,3270.27,3270.56,ETH
2026-01-07 03:31:39+00:00,99.0,3270.481,3270.43,3270.58,ETH
2026-01-07 03:31:40+00:00,100.0,3270.561,3270.39,3270.62,ETH
2026-01-07 03:31:41+00:00,101.0,3270.321,3270.24,3270.54,ETH
2026-01-07 03:31:42+00:00,102.0,3270.391,3270.29,3270.45,ETH
2026-01-07 03:31:43+00:00,103.0,3270.321,3270.28,3270.36,ETH
2026-01-07 03:31:44+00:00,104.0,3270.131,3270.07,3270.32,ETH
2026-01-07 03:31:45+00:00,105.0,3269.941,3269.87,3270.27,ETH
2026-01-07 03:31:46+00:00,106.0,3269.881,3269.83,3269.96,ETH
2026-01-07 03:31:47+00:00,107.0,3269.881,3269.84,3269.9,ETH
2026-01-07 03:31:48+00:00,108.0,3269.861,3269.79,3270.09,ETH
2026-01-07 03:31:49+00:00,109.0,3269.851,3269.78,3270.05,ETH
2026-01-07 03:31:50+00:00,110.0,3269.791,3269.67,3269.84,ETH
2026-01-07 03:31:51+00:00,111.0,3269.541,3269.53,3269.81,ETH
2026-01-07 03:31:52+00:00,112.0,3269.541,3269.53,3269.8,ETH
2026-01-07 03:31:53+00:00,113.0,3269.541,3269.53,3269.79,ETH
2026-01-07 03:31:54+00:00,114.0,3269.541,3269.53,3269.67,ETH
2026-01-07 03:31:55+00:00,115.0,3269.481,3269.42,3269.6,ETH
2026-01-07 03:31:56+00:00,116.0,3269.191,3268.97,3269.28,ETH
2026-01-07 03:31:57+00:00,117.0,3268.811,3268.56,3269.0,ETH
2026-01-07 03:31:58+00:00,118.0,3268.661,3268.53,3268.87,ETH
2026-01-07 03:31:59+00:00,119.0,3268.581,3268.52,3268.68,ETH
2026-01-07 03:32:00+00:00,120.0,3268.511,3268.51,3268.61,ETH
2026-01-07 03:32:01+00:00,121.0,3268.681,3268.6,3269.11,ETH
2026-01-07 03:32:02+00:00,122.0,3269.331,3269.17,3269.41,ETH
2026-01-07 03:32:03+00:00,123.0,3269.521,3269.41,3269.64,ETH
2026-01-07 03:32:04+00:00,124.0,3269.681,3269.56,3269.75,ETH
2026-01-07 03:32:05+00:00,125.0,3269.451,3269.33,3269.64,ETH
2026-01-07 03:32:06+00:00,126.0,3269.391,3269.33,3269.44,ETH
2026-01-07 03:32:07+00:00,127.0,3269.361,3269.29,3269.39,ETH
2026-01-07 03:32:08+00:00,128.0,3269.021,3268.95,3269.12,ETH
2026-01-07 03:32:09+00:00,129.0,3269.041,3268.95,3269.07,ETH
2026-01-07 03:32:10+00:00,130.0,3269.221,3269.14,3269.27,ETH
2026-01-07 03:32:11+00:00,131.0,3269.221,3269.15,3269.27,ETH
2026-01-07 03:32:12+00:00,132.0,3269.241,3269.15,3269.29,ETH
2026-01-07 03:32:13+00:00,133.0,3269.151,3268.98,3269.25,ETH
2026-01-07 03:32:14+00:00,134.0,3269.151,3268.98,3269.25,ETH
2026-01-07 03:32:15+00:00,135.0,3269.191,3269.15,3269.25,ETH
2026-01-07 03:32:16+00:00,136.0,3269.261,3269.21,3269.33,ETH
2026-01-07 03:32:17+00:00,137.0,3269.301,3269.25,3269.34,ETH
2026-01-07 03:32:18+00:00,138.0,3269.291,3269.24,3269.33,ETH
2026-01-07 03:32:19+00:00,139.0,3269.291,3269.2,3269.32,ETH
2026-01-07 03:32:20+00:00,140.0,3269.311,3269.3,3269.39,ETH
2026-01-07 03:32:21+00:00,141.0,3269.311,3269.19,3269.36,ETH
2026-01-07 03:32:22+00:00,142.0,3269.341,3269.18,3269.43,ETH
2026-01-07 03:32:23+00:00,143.0,3269.311,3269.15,3269.44,ETH
2026-01-07 03:32:24+00:00,144.0,3269.151,3269.01,3269.27,ETH
2026-01-07 03:32:25+00:00,145.0,3269.331,3269.17,3269.45,ETH
2026-01-07 03:32:26+00:00,146.0,3269.431,3269.26,3269.58,ETH
2026-01-07 03:32:27+00:00,147.0,3269.511,3269.32,3269.59,ETH
2026-01-07 03:32:28+00:00,148.0,3269.491,3269.41,3269.53,ETH
2026-01-07 03:32:29+00:00,149.0,3269.491,3269.45,3269.51,ETH
2026-01-07 03:32:30+00:00,150.0,3269.481,3269.3,3269.51,ETH
2026-01-07 03:32:31+00:00,151.0,3269.471,3269.2,3269.49,ETH
2026-01-07 03:32:33+00:00,153.0,3269.471,3269.33,3269.5,ETH
2026-01-07 03:32:34+00:00,154.0,3269.471,3269.22,3269.5,ETH
2026-01-07 03:32:35+00:00,155.0,3269.591,3269.54,3269.67,ETH
2026-01-07 03:32:36+00:00,156.0,3269.661,3269.61,3269.71,ETH
2026-01-07 03:32:37+00:00,157.0,3269.741,3269.66,3269.82,ETH
2026-01-07 03:32:38+00:00,158.0,3269.891,3269.85,3269.94,ETH
2026-01-07 03:32:39+00:00,159.0,3269.901,3269.87,3269.98,ETH
2026-01-07 03:32:40+00:00,160.0,3269.901,3269.86,3269.94,ETH
2026-01-07 03:32:41+00:00,161.0,3269.751,3269.5,3269.9,ETH
2026-01-07 03:32:42+00:00,162.0,3269.691,3269.49,3269.75,ETH
2026-01-07 03:32:43+00:00,163.0,3269.551,3269.49,3269.66,ETH
2026-01-07 03:32:44+00:00,164.0,3269.531,3269.37,3269.58,ETH
2026-01-07 03:32:45+00:00,165.0,3269.501,3269.32,3269.56,ETH
2026-01-07 03:32:46+00:00,166.0,3269.511,3269.42,3269.54,ETH
2026-01-07 03:32:47+00:00,167.0,3269.501,3269.45,3269.54,ETH
2026-01-07 03:32:48+00:00,168.0,3269.451,3269.32,3269.5,ETH
2026-01-07 03:32:49+00:00,169.0,3269.381,3269.34,3269.41,ETH
2026-01-07 03:32:50+00:00,170.0,3269.361,3269.31,3269.39,ETH
2026-01-07 03:32:51+00:00,171.0,3269.361,3269.27,3269.38,ETH
2026-01-07 03:32:52+00:00,172.0,3269.331,3269.19,3269.35,ETH
2026-01-07 03:32:53+00:00,173.0,3269.231,3269.11,3269.3,ETH
2026-01-07 03:32:54+00:00,174.0,3269.151,3269.04,3269.22,ETH
2026-01-07 03:32:55+00:00,175.0,3269.121,3268.97,3269.16,ETH
2026-01-07 03:32:56+00:00,176.0,3269.121,3268.96,3269.16,ETH
2026-01-07 03:32:57+00:00,177.0,3269.121,3268.97,3269.16,ETH
2026-01-07 03:32:58+00:00,178.0,3269.121,3268.99,3269.15,ETH
2026-01-07 03:32:59+00:00,179.0,3269.121,3268.98,3269.15,ETH
2026-01-07 03:33:00+00:00,180.0,3269.091,3268.96,3269.15,ETH
2026-01-07 03:33:01+00:00,181.0,3269.051,3268.94,3269.15,ETH
2026-01-07 03:33:02+00:00,182.0,3268.801,3268.66,3269.01,ETH
2026-01-07 03:33:03+00:00,183.0,3268.581,3268.35,3268.75,ETH
2026-01-07 03:33:04+00:00,184.0,3268.511,3268.32,3268.58,ETH
2026-01-07 03:33:05+00:00,185.0,3268.361,3268.31,3268.55,ETH
2026-01-07 03:33:06+00:00,186.0,3268.261,3268.19,3268.47,ETH
2026-01-07 03:33:07+00:00,187.0,3268.151,3268.06,3268.31,ETH
2026-01-07 03:33:08+00:00,188.0,3268.101,3267.99,3268.18,ETH
2026-01-07 03:33:09+00:00,189.0,3268.121,3267.95,3268.15,ETH
2026-01-07 03:33:10+00:00,190.0,3268.121,3267.95,3268.15,ETH
2026-01-07 03:33:11+00:00,191.0,3268.121,3267.95,3268.15,ETH
2026-01-07 03:33:12+00:00,192.0,3268.151,3267.95,3268.48,ETH
2026-01-07 03:33:13+00:00,193.0,3269.081,3268.79,3269.09,ETH
2026-01-07 03:33:14+00:00,194.0,3268.981,3268.93,3269.09,ETH
2026-01-07 03:33:15+00:00,195.0,3268.861,3268.81,3268.91,ETH
2026-01-07 03:33:16+00:00,196.0,3268.551,3268.54,3268.57,ETH
2026-01-07 03:33:17+00:00,197.0,3268.241,3268.18,3268.38,ETH
2026-01-07 03:33:18+00:00,198.0,3268.051,3268.01,3268.21,ETH
2026-01-07 03:33:19+00:00,199.0,3268.121,3268.02,3268.25,ETH
2026-01-07 03:33:20+00:00,200.0,3268.171,3268.02,3268.31,ETH
2026-01-07 03:33:21+00:00,201.0,3268.131,3268.02,3268.31,ETH
2026-01-07 03:33:22+00:00,202.0,3268.181,3268.02,3268.38,ETH
2026-01-07 03:33:23+00:00,203.0,3268.181,3268.02,3268.37,ETH
2026-01-07 03:33:24+00:00,204.0,3268.081,3268.02,3268.22,ETH
2026-01-07 03:33:25+00:00,205.0,3268.031,3267.99,3268.14,ETH
2026-01-07 03:33:26+00:00,206.0,3268.001,3267.94,3268.06,ETH
2026-01-07 03:33:27+00:00,207.0,3267.981,3267.93,3268.03,ETH
2026-01-07 03:33:28+00:00,208.0,3267.951,3267.88,3268.03,ETH
2026-01-07 03:33:29+00:00,209.0,3267.881,3267.81,3268.0,ETH
2026-01-07 03:33:30+00:00,210.0,3267.851,3267.81,3267.96,ETH
2026-01-07 03:33:31+00:00,211.0,3267.831,3267.78,3267.9,ETH
2026-01-07 03:33:32+00:00,212.0,3267.821,3267.78,3267.87,ETH
2026-01-07 03:33:33+00:00,213.0,3267.791,3267.78,3267.87,ETH
2026-01-07 03:33:34+00:00,214.0,3267.751,3267.73,3267.85,ETH
2026-01-07 03:33:35+00:00,215.0,3267.731,3267.7,3267.85,ETH
2026-01-07 03:33:36+00:00,216.0,3267.751,3267.68,3267.84,ETH
2026-01-07 03:33:37+00:00,217.0,3267.851,3267.68,3267.94,ETH
2026-01-07 03:33:38+00:00,218.0,3267.711,3267.66,3267.85,ETH
2026-01-07 03:33:39+00:00,219.0,3267.851,3267.74,3267.96,ETH
2026-01-07 03:33:40+00:00,220.0,3267.991,3267.85,3268.06,ETH
2026-01-07 03:33:41+00:00,221.0,3268.081,3267.95,3268.15,ETH
2026-01-07 03:33:42+00:00,222.0,3267.971,3267.85,3268.08,ETH
2026-01-07 03:33:43+00:00,223.0,3267.841,3267.74,3267.94,ETH
2026-01-07 03:33:44+00:00,224.0,3267.841,3267.74,3267.9,ETH
2026-01-07 03:33:45+00:00,225.0,3267.771,3267.71,3267.87,ETH
2026-01-07 03:33:46+00:00,226.0,3267.721,3267.61,3267.77,ETH
2026-01-07 03:33:47+00:00,227.0,3267.761,3267.71,3267.84,ETH
2026-01-07 03:33:48+00:00,228.0,3267.721,3267.66,3267.77,ETH
2026-01-07 03:33:49+00:00,229.0,3267.731,3267.68,3267.78,ETH
2026-01-07 03:33:50+00:00,230.0,3267.971,3267.71,3268.03,ETH
2026-01-07 03:33:51+00:00,231.0,3268.281,3268.16,3268.34,ETH
2026-01-07 03:33:52+00:00,232.0,3268.471,3268.34,3268.53,ETH
2026-01-07 03:33:53+00:00,233.0,3268.521,3268.4,3268.63,ETH
2026-01-07 03:33:54+00:00,234.0,3268.561,3268.51,3268.67,ETH
2026-01-07 03:33:55+00:00,235.0,3268.721,3268.59,3268.86,ETH
2026-01-07 03:33:56+00:00,236.0,3268.811,3268.72,3268.86,ETH
2026-01-07 03:33:57+00:00,237.0,3268.841,3268.72,3268.94,ETH
2026-01-07 03:33:58+00:00,238.0,3268.841,3268.81,3268.98,ETH
2026-01-07 03:33:59+00:00,239.0,3268.851,3268.83,3268.93,ETH
2026-01-07 03:34:00+00:00,240.0,3269.011,3268.93,3269.09,ETH
2026-01-07 03:34:01+00:00,241.0,3269.401,3269.26,3269.47,ETH
2026-01-07 03:34:02+00:00,242.0,3269.691,3269.59,3269.74,ETH
2026-01-07 03:34:03+00:00,243.0,3269.751,3269.69,3269.82,ETH
2026-01-07 03:34:04+00:00,244.0,3269.791,3269.71,3269.86,ETH
2026-01-07 03:34:05+00:00,245.0,3269.731,3269.58,3269.79,ETH
2026-01-07 03:34:06+00:00,246.0,3269.581,3269.37,3269.62,ETH
2026-01-07 03:34:07+00:00,247.0,3269.581,3269.42,3269.64,ETH
2026-01-07 03:34:08+00:00,248.0,3269.581,3269.48,3269.7,ETH
2026-01-07 03:34:09+00:00,249.0,3269.471,3269.39,3269.6,ETH
2026-01-07 03:34:10+00:00,250.0,3269.451,3269.37,3269.55,ETH
2026-01-07 03:34:12+00:00,252.0,3269.411,3269.3,3269.47,ETH
2026-01-07 03:34:13+00:00,253.0,3269.121,3269.07,3269.27,ETH
2026-01-07 03:34:14+00:00,254.0,3268.741,3268.68,3268.86,ETH
2026-01-07 03:34:15+00:00,255.0,3268.731,3268.65,3268.77,ETH
2026-01-07 03:34:16+00:00,256.0,3268.661,3268.58,3268.7,ETH
2026-01-07 03:34:17+00:00,257.0,3267.911,3267.88,3268.07,ETH
2026-01-07 03:34:18+00:00,258.0,3267.911,3267.86,3268.12,ETH
2026-01-07 03:34:19+00:00,259.0,3267.911,3267.86,3268.05,ETH
2026-01-07 03:34:20+00:00,260.0,3267.871,3267.76,3267.91,ETH
2026-01-07 03:34:21+00:00,261.0,3267.871,3267.78,3267.91,ETH
2026-01-07 03:34:22+00:00,262.0,3267.871,3267.79,3267.91,ETH
2026-01-07 03:34:23+00:00,263.0,3267.861,3267.78,3267.91,ETH
2026-01-07 03:34:24+00:00,264.0,3267.861,3267.77,3267.91,ETH
2026-01-07 03:34:25+00:00,265.0,3267.861,3267.78,3267.91,ETH
2026-01-07 03:34:26+00:00,266.0,3267.861,3267.78,3267.91,ETH
2026-01-07 03:34:27+00:00,267.0,3267.821,3267.7,3267.91,ETH
2026-01-07 03:34:28+00:00,268.0,3267.681,3267.61,3267.84,ETH
2026-01-07 03:34:29+00:00,269.0,3267.531,3267.52,3267.63,ETH
2026-01-07 03:34:30+00:00,270.0,3267.461,3267.42,3267.48,ETH
2026-01-07 03:34:31+00:00,271.0,3267.261,3267.23,3267.33,ETH
2026-01-07 03:34:32+00:00,272.0,3266.971,3266.96,3267.08,ETH
2026-01-07 03:34:33+00:00,273.0,3266.861,3266.73,3267.03,ETH
2026-01-07 03:34:34+00:00,274.0,3266.791,3266.6,3266.97,ETH
2026-01-07 03:34:35+00:00,275.0,3266.591,3266.51,3266.77,ETH
2026-01-07 03:34:36+00:00,276.0,3266.471,3266.44,3266.7,ETH
2026-01-07 03:34:37+00:00,277.0,3266.451,3266.42,3266.85,ETH
2026-01-07 03:34:38+00:00,278.0,3266.421,3266.41,3266.84,ETH
2026-01-07 03:34:39+00:00,279.0,3266.411,3266.4,3266.63,ETH
2026-01-07 03:34:40+00:00,280.0,3266.411,3266.4,3266.63,ETH
2026-01-07 03:34:41+00:00,281.0,3266.451,3266.42,3266.64,ETH
2026-01-07 03:34:42+00:00,282.0,3266.481,3266.42,3266.67,ETH
2026-01-07 03:34:43+00:00,283.0,3266.481,3266.41,3266.73,ETH
2026-01-07 03:34:44+00:00,284.0,3266.481,3266.41,3266.67,ETH
2026-01-07 03:34:45+00:00,285.0,3266.481,3266.42,3266.6,ETH
2026-01-07 03:34:46+00:00,286.0,3266.491,3266.45,3266.61,ETH
2026-01-07 03:34:47+00:00,287.0,3266.491,3266.46,3266.62,ETH
2026-01-07 03:34:48+00:00,288.0,3266.491,3266.44,3266.66,ETH
2026-01-07 03:34:49+00:00,289.0,3266.521,3266.45,3266.68,ETH
2026-01-07 03:34:50+00:00,290.0,3266.651,3266.49,3266.75,ETH
2026-01-07 03:34:51+00:00,291.0,3266.851,3266.59,3266.96,ETH
2026-01-07 03:34:52+00:00,292.0,3267.101,3266.96,3267.26,ETH
2026-01-07 03:34:53+00:00,293.0,3267.381,3267.35,3267.66,ETH
2026-01-07 03:34:54+00:00,294.0,3267.621,3267.53,3267.88,ETH
2026-01-07 03:34:55+00:00,295.0,3267.741,3267.6,3267.87,ETH
2026-01-07 03:34:56+00:00,296.0,3267.751,3267.61,3267.87,ETH
2026-01-07 03:34:57+00:00,297.0,3267.771,3267.59,3267.86,ETH
2026-01-07 03:34:58+00:00,298.0,3267.751,3267.58,3267.87,ETH
2026-01-07 03:34:59+00:00,299.0,3267.621,3267.54,3267.8,ETH
2026-01-07 03:35:00+00:00,300.0,3267.381,3267.36,3267.6,ETH
2026-01-07 03:35:01+00:00,301.0,3267.261,3267.23,3267.46,ETH
2026-01-07 03:35:02+00:00,302.0,3267.261,3267.23,3267.46,ETH
2026-01-07 03:35:03+00:00,303.0,3267.281,3267.23,3267.46,ETH
2026-01-07 03:35:04+00:00,304.0,3267.311,3267.23,3267.45,ETH
2026-01-07 03:35:05+00:00,305.0,3267.311,3267.23,3267.45,ETH
2026-01-07 03:35:06+00:00,306.0,3267.251,3267.17,3267.37,ETH
2026-01-07 03:35:07+00:00,307.0,3267.211,3267.15,3267.28,ETH
2026-01-07 03:35:08+00:00,308.0,3267.211,3267.14,3267.25,ETH
2026-01-07 03:35:09+00:00,309.0,3267.191,3267.12,3267.23,ETH
2026-01-07 03:35:10+00:00,310.0,3267.191,3267.13,3267.23,ETH
2026-01-07 03:35:11+00:00,311.0,3266.821,3266.81,3267.01,ETH
2026-01-07 03:35:12+00:00,312.0,3266.801,3266.79,3267.01,ETH
2026-01-07 03:35:13+00:00,313.0,3266.191,3266.15,3266.28,ETH
2026-01-07 03:35:14+00:00,314.0,3266.251,3266.22,3266.32,ETH
2026-01-07 03:35:15+00:00,315.0,3266.301,3266.3,3266.37,ETH
2026-01-07 03:35:16+00:00,316.0,3266.301,3266.3,3266.37,ETH
2026-01-07 03:35:17+00:00,317.0,3267.011,3266.8,3267.12,ETH
2026-01-07 03:35:18+00:00,318.0,3267.051,3266.99,3267.16,ETH
2026-01-07 03:35:19+00:00,319.0,3267.051,3266.99,3267.14,ETH
2026-01-07 03:35:20+00:00,320.0,3267.051,3266.99,3267.18,ETH
2026-01-07 03:35:21+00:00,321.0,3266.991,3266.98,3267.17,ETH
2026-01-07 03:35:22+00:00,322.0,3267.001,3266.99,3267.14,ETH
2026-01-07 03:35:23+00:00,323.0,3266.991,3266.99,3267.18,ETH
2026-01-07 03:35:24+00:00,324.0,3266.991,3266.99,3267.17,ETH
2026-01-07 03:35:25+00:00,325.0,3267.311,3267.26,3267.36,ETH
2026-01-07 03:35:26+00:00,326.0,3267.381,3267.32,3267.46,ETH
2026-01-07 03:35:27+00:00,327.0,3267.431,3267.38,3267.54,ETH
2026-01-07 03:35:28+00:00,328.0,3267.441,3267.41,3267.56,ETH
2026-01-07 03:35:29+00:00,329.0,3267.441,3267.4,3267.57,ETH
2026-01-07 03:35:30+00:00,330.0,3267.431,3267.35,3267.56,ETH
2026-01-07 03:35:31+00:00,331.0,3267.431,3267.31,3267.52,ETH
2026-01-07 03:35:32+00:00,332.0,3267.431,3267.31,3267.49,ETH
2026-01-07 03:35:33+00:00,333.0,3267.431,3267.33,3267.48,ETH
2026-01-07 03:35:34+00:00,334.0,3267.431,3267.34,3267.48,ETH
2026-01-07 03:35:35+00:00,335.0,3267.311,3267.12,3267.38,ETH
2026-01-07 03:35:36+00:00,336.0,3267.171,3267.05,3267.37,ETH
2026-01-07 03:35:37+00:00,337.0,3267.001,3266.87,3267.25,ETH
2026-01-07 03:35:38+00:00,338.0,3266.941,3266.86,3267.02,ETH
2026-01-07 03:35:39+00:00,339.0,3266.941,3266.84,3267.04,ETH
2026-01-07 03:35:40+00:00,340.0,3266.731,3266.7,3267.02,ETH
2026-01-07 03:35:41+00:00,341.0,3266.751,3266.7,3266.91,ETH
2026-01-07 03:35:42+00:00,342.0,3266.761,3266.71,3266.81,ETH
2026-01-07 03:35:43+00:00,343.0,3266.761,3266.71,3266.81,ETH
2026-01-07 03:35:44+00:00,344.0,3266.731,3266.69,3266.77,ETH
2026-01-07 03:35:45+00:00,345.0,3266.711,3266.68,3266.75,ETH
2026-01-07 03:35:46+00:00,346.0,3266.721,3266.68,3266.8,ETH
2026-01-07 03:35:47+00:00,347.0,3266.711,3266.68,3266.77,ETH
2026-01-07 03:35:48+00:00,348.0,3266.711,3266.67,3266.78,ETH
2026-01-07 03:35:49+00:00,349.0,3266.711,3266.67,3266.78,ETH
2026-01-07 03:35:50+00:00,350.0,3266.831,3266.79,3266.93,ETH
2026-01-07 03:35:51+00:00,351.0,3267.291,3267.17,3267.31,ETH
2026-01-07 03:35:52+00:00,352.0,3267.301,3267.2,3267.37,ETH
2026-01-07 03:35:53+00:00,353.0,3267.301,3267.23,3267.42,ETH
2026-01-07 03:35:54+00:00,354.0,3267.281,3267.23,3267.47,ETH
2026-01-07 03:35:55+00:00,355.0,3267.261,3267.23,3267.42,ETH
2026-01-07 03:35:56+00:00,356.0,3267.271,3267.22,3267.44,ETH
2026-01-07 03:35:57+00:00,357.0,3266.951,3266.91,3267.01,ETH
2026-01-07 03:35:58+00:00,358.0,3266.881,3266.83,3267.02,ETH
2026-01-07 03:35:59+00:00,359.0,3266.911,3266.84,3267.08,ETH
2026-01-07 03:36:00+00:00,360.0,3267.031,3266.93,3267.11,ETH
2026-01-07 03:36:01+00:00,361.0,3267.151,3267.05,3267.23,ETH
2026-01-07 03:36:02+00:00,362.0,3267.151,3267.07,3267.27,ETH
2026-01-07 03:36:03+00:00,363.0,3267.181,3267.08,3267.29,ETH
2026-01-07 03:36:04+00:00,364.0,3267.151,3267.03,3267.24,ETH
2026-01-07 03:36:05+00:00,365.0,3267.121,3267.03,3267.24,ETH
2026-01-07 03:36:06+00:00,366.0,3267.151,3267.09,3267.31,ETH
2026-01-07 03:36:07+00:00,367.0,3267.151,3267.08,3267.36,ETH
2026-01-07 03:36:08+00:00,368.0,3267.151,3267.09,3267.35,ETH
2026-01-07 03:36:09+00:00,369.0,3267.151,3267.09,3267.32,ETH
2026-01-07 03:36:10+00:00,370.0,3267.231,3267.14,3267.36,ETH
2026-01-07 03:36:11+00:00,371.0,3267.281,3267.15,3267.35,ETH
2026-01-07 03:36:12+00:00,372.0,3267.301,3267.21,3267.42,ETH
2026-01-07 03:36:13+00:00,373.0,3267.341,3267.3,3267.53,ETH
2026-01-07 03:36:14+00:00,374.0,3267.351,3267.3,3267.54,ETH
2026-01-07 03:36:15+00:00,375.0,3267.321,3267.27,3267.46,ETH
2026-01-07 03:36:17+00:00,377.0,3267.351,3267.3,3267.45,ETH
2026-01-07 03:36:18+00:00,378.0,3267.381,3267.3,3267.42,ETH
2026-01-07 03:36:19+00:00,379.0,3267.381,3267.3,3267.41,ETH
2026-01-07 03:36:20+00:00,380.0,3267.351,3267.3,3267.39,ETH
2026-01-07 03:36:21+00:00,381.0,3267.321,3267.28,3267.38,ETH
2026-01-07 03:36:22+00:00,382.0,3267.311,3267.27,3267.38,ETH
2026-01-07 03:36:23+00:00,383.0,3267.301,3267.26,3267.38,ETH
2026-01-07 03:36:24+00:00,384.0,3267.301,3267.27,3267.38,ETH
2026-01-07 03:36:25+00:00,385.0,3267.301,3267.27,3267.38,ETH
2026-01-07 03:36:26+00:00,386.0,3267.301,3267.24,3267.38,ETH
2026-01-07 03:36:27+00:00,387.0,3267.301,3267.23,3267.36,ETH
2026-01-07 03:36:28+00:00,388.0,3267.301,3267.25,3267.33,ETH
2026-01-07 03:36:29+00:00,389.0,3267.571,3267.46,3267.6,ETH
2026-01-07 03:36:30+00:00,390.0,3267.861,3267.64,3267.89,ETH
2026-01-07 03:36:31+00:00,391.0,3267.861,3267.6,3267.89,ETH
2026-01-07 03:36:32+00:00,392.0,3267.841,3267.66,3267.88,ETH
2026-01-07 03:36:33+00:00,393.0,3267.841,3267.71,3267.88,ETH
2026-01-07 03:36:34+00:00,394.0,3267.841,3267.68,3267.88,ETH
2026-01-07 03:36:35+00:00,395.0,3267.851,3267.6,3267.88,ETH
2026-01-07 03:36:36+00:00,396.0,3267.841,3267.58,3267.88,ETH
2026-01-07 03:36:37+00:00,397.0,3267.811,3267.59,3267.87,ETH
2026-01-07 03:36:38+00:00,398.0,3267.781,3267.59,3267.87,ETH
2026-01-07 03:36:39+00:00,399.0,3267.751,3267.6,3267.87,ETH
2026-01-07 03:36:40+00:00,400.0,3267.731,3267.57,3267.83,ETH
2026-01-07 03:36:41+00:00,401.0,3267.601,3267.43,3267.64,ETH
2026-01-07 03:36:42+00:00,402.0,3267.391,3267.3,3267.45,ETH
2026-01-07 03:36:43+00:00,403.0,3267.321,3267.29,3267.39,ETH
2026-01-07 03:36:44+00:00,404.0,3267.271,3267.23,3267.33,ETH
2026-01-07 03:36:45+00:00,405.0,3267.231,3267.17,3267.3,ETH
2026-01-07 03:36:46+00:00,406.0,3267.231,3267.17,3267.3,ETH
2026-01-07 03:36:47+00:00,407.0,3267.231,3267.15,3267.33,ETH
2026-01-07 03:36:48+00:00,408.0,3267.191,3267.11,3267.24,ETH
2026-01-07 03:36:49+00:00,409.0,3267.231,3267.2,3267.3,ETH
2026-01-07 03:36:50+00:00,410.0,3267.121,3267.03,3267.15,ETH
2026-01-07 03:36:51+00:00,411.0,3267.121,3267.02,3267.15,ETH
2026-01-07 03:36:52+00:00,412.0,3267.121,3267.01,3267.13,ETH
2026-01-07 03:36:53+00:00,413.0,3267.121,3267.05,3267.13,ETH
2026-01-07 03:36:54+00:00,414.0,3267.121,3267.06,3267.14,ETH
2026-01-07 03:36:55+00:00,415.0,3267.131,3267.02,3267.14,ETH
2026-01-07 03:36:56+00:00,416.0,3267.121,3267.02,3267.14,ETH
2026-01-07 03:36:57+00:00,417.0,3267.121,3266.94,3267.14,ETH
2026-01-07 03:36:58+00:00,418.0,3267.131,3267.11,3267.16,ETH
2026-01-07 03:36:59+00:00,419.0,3267.121,3267.0,3267.14,ETH
2026-01-07 03:37:01+00:00,421.0,3267.121,3267.0,3267.14,ETH
2026-01-07 03:37:02+00:00,422.0,3267.131,3267.09,3267.17,ETH
2026-01-07 03:37:03+00:00,423.0,3267.131,3267.09,3267.17,ETH
2026-01-07 03:37:04+00:00,424.0,3267.111,3266.97,3267.12,ETH
2026-01-07 03:37:05+00:00,425.0,3267.101,3267.0,3267.12,ETH
2026-01-07 03:37:07+00:00,427.0,3267.101,3266.92,3267.12,ETH
2026-01-07 03:37:08+00:00,428.0,3267.111,3266.91,3267.12,ETH
2026-01-07 03:37:09+00:00,429.0,3267.111,3266.92,3267.12,ETH
2026-01-07 03:37:10+00:00,430.0,3267.111,3266.95,3267.12,ETH
2026-01-07 03:37:11+00:00,431.0,3267.111,3266.94,3267.12,ETH
2026-01-07 03:37:12+00:00,432.0,3267.111,3266.93,3267.12,ETH
2026-01-07 03:37:13+00:00,433.0,3267.111,3266.93,3267.12,ETH
2026-01-07 03:37:14+00:00,434.0,3267.111,3266.95,3267.12,ETH
2026-01-07 03:37:15+00:00,435.0,3267.111,3267.02,3267.14,ETH
2026-01-07 03:37:16+00:00,436.0,3267.111,3266.99,3267.14,ETH
2026-01-07 03:37:17+00:00,437.0,3267.101,3266.92,3267.12,ETH
2026-01-07 03:37:18+00:00,438.0,3267.101,3266.95,3267.12,ETH
2026-01-07 03:37:19+00:00,439.0,3267.101,3267.02,3267.13,ETH
2026-01-07 03:37:20+00:00,440.0,3267.101,3266.98,3267.13,ETH
2026-01-07 03:37:21+00:00,441.0,3267.101,3266.91,3267.12,ETH
2026-01-07 03:37:22+00:00,442.0,3267.101,3267.0,3267.14,ETH
2026-01-07 03:37:23+00:00,443.0,3267.111,3267.08,3267.17,ETH
2026-01-07 03:37:24+00:00,444.0,3267.101,3267.02,3267.16,ETH
2026-01-07 03:37:25+00:00,445.0,3267.091,3266.94,3267.12,ETH
2026-01-07 03:37:26+00:00,446.0,3267.091,3266.96,3267.12,ETH
2026-01-07 03:37:27+00:00,447.0,3267.081,3267.01,3267.11,ETH
2026-01-07 03:37:28+00:00,448.0,3267.081,3267.01,3267.11,ETH
2026-01-07 03:37:29+00:00,449.0,3267.111,3267.03,3267.18,ETH
2026-01-07 03:37:30+00:00,450.0,3267.141,3267.08,3267.26,ETH
2026-01-07 03:37:31+00:00,451.0,3267.201,3267.1,3267.32,ETH
2026-01-07 03:37:32+00:00,452.0,3267.251,3267.12,3267.38,ETH
2026-01-07 03:37:33+00:00,453.0,3267.251,3267.14,3267.4,ETH
2026-01-07 03:37:34+00:00,454.0,3267.251,3267.16,3267.4,ETH
2026-01-07 03:37:35+00:00,455.0,3267.241,3267.16,3267.33,ETH
2026-01-07 03:37:36+00:00,456.0,3267.211,3267.14,3267.26,ETH
2026-01-07 03:37:37+00:00,457.0,3267.221,3267.1,3267.3,ETH
2026-01-07 03:37:38+00:00,458.0,3267.241,3267.09,3267.3,ETH
2026-01-07 03:37:39+00:00,459.0,3267.241,3267.09,3267.32,ETH
2026-01-07 03:37:40+00:00,460.0,3267.191,3267.08,3267.37,ETH
2026-01-07 03:37:41+00:00,461.0,3267.121,3267.08,3267.29,ETH
2026-01-07 03:37:42+00:00,462.0,3267.121,3267.08,3267.22,ETH
2026-01-07 03:37:43+00:00,463.0,3267.121,3267.08,3267.22,ETH
2026-01-07 03:37:44+00:00,464.0,3267.141,3267.08,3267.21,ETH
2026-01-07 03:37:45+00:00,465.0,3267.201,3267.09,3267.31,ETH
2026-01-07 03:37:46+00:00,466.0,3267.251,3267.13,3267.38,ETH
2026-01-07 03:37:48+00:00,468.0,3267.271,3267.23,3267.41,ETH
2026-01-07 03:37:49+00:00,469.0,3267.291,3267.24,3267.4,ETH
2026-01-07 03:37:51+00:00,471.0,3267.271,3267.24,3267.39,ETH
2026-01-07 03:37:52+00:00,472.0,3267.251,3267.18,3267.32,ETH
2026-01-07 03:37:53+00:00,473.0,3267.251,3267.21,3267.32,ETH
2026-01-07 03:37:54+00:00,474.0,3267.251,3267.21,3267.32,ETH
2026-01-07 03:37:55+00:00,475.0,3267.271,3267.21,3267.32,ETH
2026-01-07 03:37:56+00:00,476.0,3267.271,3267.23,3267.33,ETH
2026-01-07 03:37:57+00:00,477.0,3267.221,3267.14,3267.3,ETH
2026-01-07 03:37:58+00:00,478.0,3267.191,3267.11,3267.24,ETH
2026-01-07 03:37:59+00:00,479.0,3267.171,3267.12,3267.21,ETH
2026-01-07 03:38:00+00:00,480.0,3267.161,3267.09,3267.21,ETH
2026-01-07 03:38:01+00:00,481.0,3267.161,3267.09,3267.25,ETH
2026-01-07 03:38:02+00:00,482.0,3267.181,3267.12,3267.3,ETH
2026-01-07 03:38:03+00:00,483.0,3267.181,3267.12,3267.25,ETH
2026-01-07 03:38:04+00:00,484.0,3267.181,3267.12,3267.22,ETH
2026-01-07 03:38:05+00:00,485.0,3267.161,3267.09,3267.2,ETH
2026-01-07 03:38:06+00:00,486.0,3267.131,3267.06,3267.19,ETH
2026-01-07 03:38:07+00:00,487.0,3267.131,3267.06,3267.2,ETH
2026-01-07 03:38:08+00:00,488.0,3267.131,3267.06,3267.22,ETH
2026-01-07 03:38:09+00:00,489.0,3266.881,3266.84,3267.17,ETH
2026-01-07 03:38:10+00:00,490.0,3266.631,3266.62,3266.96,ETH
2026-01-07 03:38:11+00:00,491.0,3266.631,3266.61,3266.81,ETH
2026-01-07 03:38:12+00:00,492.0,3266.621,3266.6,3266.74,ETH
2026-01-07 03:38:13+00:00,493.0,3266.621,3266.57,3266.69,ETH
2026-01-07 03:38:14+00:00,494.0,3266.591,3266.54,3266.67,ETH
2026-01-07 03:38:15+00:00,495.0,3266.571,3266.54,3266.64,ETH
2026-01-07 03:38:16+00:00,496.0,3266.561,3266.52,3266.67,ETH
2026-01-07 03:38:17+00:00,497.0,3266.561,3266.5,3266.67,ETH
2026-01-07 03:38:18+00:00,498.0,3266.561,3266.51,3266.65,ETH
2026-01-07 03:38:19+00:00,499.0,3266.531,3266.49,3266.61,ETH
2026-01-07 03:38:20+00:00,500.0,3266.501,3266.47,3266.57,ETH
2026-01-07 03:38:21+00:00,501.0,3266.501,3266.47,3266.57,ETH
2026-01-07 03:38:22+00:00,502.0,3266.501,3266.46,3266.6,ETH
2026-01-07 03:38:23+00:00,503.0,3266.491,3266.46,3266.59,ETH
2026-01-07 03:38:24+00:00,504.0,3266.461,3266.45,3266.5,ETH
2026-01-07 03:38:25+00:00,505.0,3266.461,3266.45,3266.5,ETH
2026-01-07 03:38:26+00:00,506.0,3266.481,3266.46,3266.59,ETH
2026-01-07 03:38:27+00:00,507.0,3266.471,3266.43,3266.69,ETH
2026-01-07 03:38:28+00:00,508.0,3266.461,3266.41,3266.66,ETH
2026-01-07 03:38:29+00:00,509.0,3266.441,3266.4,3266.56,ETH
2026-01-07 03:38:30+00:00,510.0,3266.631,3266.55,3266.78,ETH
2026-01-07 03:38:31+00:00,511.0,3267.001,3266.9,3267.18,ETH
2026-01-07 03:38:32+00:00,512.0,3267.171,3267.09,3267.27,ETH
2026-01-07 03:38:33+00:00,513.0,3267.161,3267.09,3267.26,ETH
2026-01-07 03:38:34+00:00,514.0,3267.161,3267.09,3267.26,ETH
2026-01-07 03:38:35+00:00,515.0,3267.171,3267.09,3267.26,ETH
2026-01-07 03:38:36+00:00,516.0,3267.181,3267.09,3267.26,ETH
2026-01-07 03:38:37+00:00,517.0,3267.231,3267.14,3267.35,ETH
2026-01-07 03:38:38+00:00,518.0,3267.481,3267.36,3267.62,ETH
2026-01-07 03:38:39+00:00,519.0,3267.701,3267.52,3267.79,ETH
2026-01-07 03:38:40+00:00,520.0,3267.661,3267.52,3267.75,ETH
2026-01-07 03:38:41+00:00,521.0,3267.611,3267.52,3267.71,ETH
2026-01-07 03:38:42+00:00,522.0,3267.651,3267.52,3267.73,ETH
2026-01-07 03:38:43+00:00,523.0,3267.611,3267.45,3267.73,ETH
2026-01-07 03:38:44+00:00,524.0,3267.531,3267.39,3267.71,ETH
2026-01-07 03:38:45+00:00,525.0,3267.531,3267.4,3267.71,ETH
2026-01-07 03:38:46+00:00,526.0,3267.531,3267.49,3267.74,ETH
2026-01-07 03:38:47+00:00,527.0,3267.531,3267.35,3267.74,ETH
2026-01-07 03:38:48+00:00,528.0,3267.621,3267.52,3267.75,ETH
2026-01-07 03:38:49+00:00,529.0,3267.531,3267.38,3267.63,ETH
2026-01-07 03:38:50+00:00,530.0,3267.571,3267.43,3267.63,ETH
2026-01-07 03:38:51+00:00,531.0,3267.531,3267.49,3267.63,ETH
2026-01-07 03:38:52+00:00,532.0,3267.521,3267.46,3267.63,ETH
2026-01-07 03:38:53+00:00,533.0,3267.621,3267.52,3267.78,ETH
2026-01-07 03:38:54+00:00,534.0,3267.521,3267.46,3267.63,ETH
2026-01-07 03:38:55+00:00,535.0,3267.541,3267.5,3267.63,ETH
2026-01-07 03:38:56+00:00,536.0,3267.541,3267.46,3267.63,ETH
2026-01-07 03:38:57+00:00,537.0,3267.621,3267.61,3267.71,ETH
2026-01-07 03:38:58+00:00,538.0,3267.621,3267.61,3267.8,ETH
2026-01-07 03:38:59+00:00,539.0,3267.621,3267.61,3267.72,ETH
2026-01-07 03:39:00+00:00,540.0,3267.621,3267.61,3267.76,ETH
2026-01-07 03:39:01+00:00,541.0,3267.411,3267.33,3267.54,ETH
2026-01-07 03:39:02+00:00,542.0,3267.151,3267.1,3267.19,ETH
2026-01-07 03:39:03+00:00,543.0,3267.131,3267.09,3267.16,ETH
2026-01-07 03:39:09+00:00,549.0,3267.261,3267.16,3267.41,ETH
2026-01-07 03:39:10+00:00,550.0,3267.211,3267.16,3267.27,ETH
2026-01-07 03:39:11+00:00,551.0,3267.211,3267.16,3267.25,ETH
2026-01-07 03:39:12+00:00,552.0,3268.061,3267.91,3268.15,ETH
2026-01-07 03:39:13+00:00,553.0,3268.201,3268.15,3268.24,ETH
2026-01-07 03:39:14+00:00,554.0,3268.221,3268.14,3268.33,ETH
2026-01-07 03:39:15+00:00,555.0,3268.331,3268.21,3268.38,ETH
2026-01-07 03:39:16+00:00,556.0,3268.331,3268.3,3268.46,ETH
2026-01-07 03:39:17+00:00,557.0,3268.331,3268.3,3268.5,ETH
2026-01-07 03:39:18+00:00,558.0,3268.331,3268.3,3268.44,ETH
2026-01-07 03:39:19+00:00,559.0,3268.051,3267.97,3268.32,ETH
2026-01-07 03:39:20+00:00,560.0,3268.021,3267.9,3268.14,ETH
2026-01-07 03:39:21+00:00,561.0,3267.901,3267.82,3268.0,ETH
2026-01-07 03:39:22+00:00,562.0,3267.901,3267.79,3267.95,ETH
2026-01-07 03:39:23+00:00,563.0,3267.621,3267.61,3267.74,ETH
2026-01-07 03:39:24+00:00,564.0,3267.631,3267.61,3267.66,ETH
2026-01-07 03:39:25+00:00,565.0,3267.631,3267.59,3267.68,ETH
2026-01-07 03:39:26+00:00,566.0,3267.631,3267.59,3267.68,ETH
2026-01-07 03:39:27+00:00,567.0,3267.631,3267.61,3267.68,ETH
2026-01-07 03:39:28+00:00,568.0,3267.631,3267.6,3267.76,ETH
2026-01-07 03:39:29+00:00,569.0,3267.631,3267.61,3267.76,ETH
2026-01-07 03:39:30+00:00,570.0,3267.631,3267.59,3267.77,ETH
2026-01-07 03:39:31+00:00,571.0,3267.751,3267.62,3267.77,ETH
2026-01-07 03:39:32+00:00,572.0,3267.841,3267.72,3267.89,ETH
2026-01-07 03:39:33+00:00,573.0,3267.891,3267.75,3267.95,ETH
2026-01-07 03:39:34+00:00,574.0,3267.931,3267.83,3268.0,ETH
2026-01-07 03:39:35+00:00,575.0,3267.961,3267.92,3268.01,ETH
2026-01-07 03:39:36+00:00,576.0,3267.981,3267.94,3268.02,ETH
2026-01-07 03:39:37+00:00,577.0,3267.951,3267.84,3267.99,ETH
2026-01-07 03:39:38+00:00,578.0,3267.841,3267.75,3267.98,ETH
2026-01-07 03:39:39+00:00,579.0,3267.761,3267.75,3267.91,ETH
2026-01-07 03:39:40+00:00,580.0,3267.761,3267.75,3267.9,ETH
2026-01-07 03:39:41+00:00,581.0,3267.761,3267.74,3267.89,ETH
2026-01-07 03:39:42+00:00,582.0,3267.771,3267.72,3267.89,ETH
2026-01-07 03:39:43+00:00,583.0,3267.771,3267.71,3267.88,ETH
2026-01-07 03:39:44+00:00,584.0,3267.701,3267.67,3267.76,ETH
2026-01-07 03:39:45+00:00,585.0,3267.631,3267.61,3267.71,ETH
2026-01-07 03:39:46+00:00,586.0,3267.571,3267.51,3267.6,ETH
2026-01-07 03:39:47+00:00,587.0,3267.521,3267.45,3267.56,ETH
2026-01-07 03:39:48+00:00,588.0,3267.581,3267.46,3267.62,ETH
2026-01-07 03:39:49+00:00,589.0,3267.581,3267.43,3267.61,ETH
2026-01-07 03:39:50+00:00,590.0,3267.531,3267.43,3267.59,ETH
2026-01-07 03:39:51+00:00,591.0,3267.531,3267.46,3267.58,ETH
2026-01-07 03:39:52+00:00,592.0,3267.581,3267.46,3267.6,ETH
2026-01-07 03:39:53+00:00,593.0,3267.561,3267.46,3267.61,ETH
2026-01-07 03:39:54+00:00,594.0,3267.501,3267.45,3267.61,ETH
2026-01-07 03:39:55+00:00,595.0,3267.511,3267.46,3267.64,ETH
2026-01-07 03:39:56+00:00,596.0,3267.521,3267.46,3267.64,ETH
2026-01-07 03:39:57+00:00,597.0,3267.501,3267.45,3267.64,ETH
2026-01-07 03:39:58+00:00,598.0,3267.511,3267.46,3267.64,ETH
2026-01-07 03:39:59+00:00,599.0,3267.631,3267.46,3267.65,ETH
2026-01-07 03:40:00+00:00,600.0,3267.631,3267.46,3267.64,ETH
2026-01-07 03:40:01+00:00,601.0,3267.631,3267.46,3267.64,ETH
2026-01-07 03:40:02+00:00,602.0,3267.511,3267.39,3267.56,ETH
2026-01-07 03:40:03+00:00,603.0,3267.391,3267.29,3267.47,ETH
2026-01-07 03:40:04+00:00,604.0,3267.391,3267.27,3267.45,ETH
2026-01-07 03:40:05+00:00,605.0,3267.331,3267.26,3267.41,ETH
2026-01-07 03:40:06+00:00,606.0,3267.261,3267.23,3267.4,ETH
2026-01-07 03:40:08+00:00,608.0,3267.351,3267.26,3267.4,ETH
2026-01-07 03:40:09+00:00,609.0,3267.161,3267.11,3267.22,ETH
2026-01-07 03:40:10+00:00,610.0,3267.081,3266.97,3267.16,ETH
2026-01-07 03:40:11+00:00,611.0,3267.041,3266.94,3267.11,ETH
2026-01-07 03:40:12+00:00,612.0,3267.001,3266.91,3267.07,ETH
2026-01-07 03:40:13+00:00,613.0,3266.951,3266.91,3267.05,ETH
2026-01-07 03:40:14+00:00,614.0,3266.921,3266.91,3267.09,ETH
2026-01-07 03:40:15+00:00,615.0,3266.921,3266.89,3267.0,ETH
2026-01-07 03:40:16+00:00,616.0,3266.921,3266.89,3267.01,ETH
2026-01-07 03:40:17+00:00,617.0,3266.921,3266.89,3267.01,ETH
2026-01-07 03:40:18+00:00,618.0,3266.921,3266.89,3267.07,ETH
2026-01-07 03:40:19+00:00,619.0,3266.921,3266.88,3267.1,ETH
2026-01-07 03:40:20+00:00,620.0,3266.921,3266.87,3267.06,ETH
2026-01-07 03:40:21+00:00,621.0,3266.741,3266.71,3266.95,ETH
2026-01-07 03:40:22+00:00,622.0,3266.561,3266.55,3266.76,ETH
2026-01-07 03:40:23+00:00,623.0,3266.561,3266.47,3266.64,ETH
2026-01-07 03:40:24+00:00,624.0,3266.541,3266.39,3266.61,ETH
2026-01-07 03:40:25+00:00,625.0,3266.461,3266.38,3266.54,ETH
2026-01-07 03:40:26+00:00,626.0,3266.401,3266.33,3266.47,ETH
2026-01-07 03:40:27+00:00,627.0,3266.291,3266.21,3266.35,ETH
2026-01-07 03:40:28+00:00,628.0,3266.141,3266.09,3266.26,ETH
2026-01-07 03:40:29+00:00,629.0,3266.031,3265.99,3266.23,ETH
2026-01-07 03:40:30+00:00,630.0,3265.931,3265.86,3266.08,ETH
2026-01-07 03:40:31+00:00,631.0,3265.801,3265.74,3265.83,ETH
2026-01-07 03:40:32+00:00,632.0,3265.161,3265.12,3265.26,ETH
2026-01-07 03:40:33+00:00,633.0,3264.631,3264.55,3264.81,ETH
2026-01-07 03:40:34+00:00,634.0,3264.711,3264.61,3264.88,ETH
2026-01-07 03:40:35+00:00,635.0,3264.801,3264.68,3264.93,ETH
2026-01-07 03:40:36+00:00,636.0,3264.801,3264.68,3264.88,ETH
2026-01-07 03:40:37+00:00,637.0,3264.801,3264.68,3264.84,ETH
2026-01-07 03:40:38+00:00,638.0,3264.781,3264.68,3264.83,ETH
2026-01-07 03:40:39+00:00,639.0,3264.781,3264.68,3264.82,ETH
2026-01-07 03:40:40+00:00,640.0,3264.711,3264.63,3264.76,ETH
2026-01-07 03:40:41+00:00,641.0,3264.601,3264.49,3264.67,ETH
2026-01-07 03:40:42+00:00,642.0,3264.611,3264.42,3264.73,ETH
2026-01-07 03:40:43+00:00,643.0,3264.651,3264.44,3264.8,ETH
2026-01-07 03:40:44+00:00,644.0,3264.591,3264.44,3264.66,ETH
2026-01-07 03:40:45+00:00,645.0,3264.601,3264.44,3264.66,ETH
2026-01-07 03:40:46+00:00,646.0,3264.231,3264.14,3264.31,ETH
2026-01-07 03:40:47+00:00,647.0,3264.301,3264.14,3264.44,ETH
2026-01-07 03:40:48+00:00,648.0,3264.321,3264.3,3264.42,ETH
2026-01-07 03:40:49+00:00,649.0,3264.321,3264.3,3264.4,ETH
2026-01-07 03:40:50+00:00,650.0,3264.301,3264.29,3264.38,ETH
2026-01-07 03:40:51+00:00,651.0,3264.311,3264.3,3264.44,ETH
2026-01-07 03:40:52+00:00,652.0,3264.311,3264.27,3264.33,ETH
2026-01-07 03:40:53+00:00,653.0,3264.081,3264.03,3264.26,ETH
2026-01-07 03:40:54+00:00,654.0,3263.991,3263.88,3264.01,ETH
2026-01-07 03:40:55+00:00,655.0,3263.471,3263.46,3263.59,ETH
2026-01-07 03:40:56+00:00,656.0,3263.881,3263.72,3264.24,ETH
2026-01-07 03:40:57+00:00,657.0,3264.501,3264.22,3264.65,ETH
2026-01-07 03:40:58+00:00,658.0,3264.731,3264.57,3264.82,ETH
2026-01-07 03:40:59+00:00,659.0,3264.731,3264.59,3264.81,ETH
2026-01-07 03:41:00+00:00,660.0,3264.621,3264.55,3264.69,ETH
2026-01-07 03:41:01+00:00,661.0,3264.711,3264.62,3264.82,ETH
2026-01-07 03:41:02+00:00,662.0,3265.011,3264.88,3265.14,ETH
2026-01-07 03:41:03+00:00,663.0,3265.291,3265.18,3265.35,ETH
2026-01-07 03:41:04+00:00,664.0,3265.321,3265.26,3265.35,ETH
2026-01-07 03:41:05+00:00,665.0,3265.351,3265.29,3265.4,ETH
2026-01-07 03:41:06+00:00,666.0,3265.351,3265.31,3265.43,ETH
2026-01-07 03:41:07+00:00,667.0,3265.341,3265.29,3265.42,ETH
2026-01-07 03:41:08+00:00,668.0,3265.411,3265.38,3265.6,ETH
2026-01-07 03:41:09+00:00,669.0,3265.411,3265.39,3265.57,ETH
2026-01-07 03:41:10+00:00,670.0,3265.411,3265.39,3265.55,ETH
2026-01-07 03:41:11+00:00,671.0,3265.411,3265.39,3265.62,ETH
2026-01-07 03:41:12+00:00,672.0,3265.411,3265.4,3265.59,ETH
2026-01-07 03:41:13+00:00,673.0,3265.411,3265.39,3265.57,ETH
2026-01-07 03:41:14+00:00,674.0,3265.461,3265.4,3265.59,ETH
2026-01-07 03:41:15+00:00,675.0,3265.461,3265.4,3265.6,ETH
2026-01-07 03:41:16+00:00,676.0,3265.411,3265.32,3265.47,ETH
2026-01-07 03:41:17+00:00,677.0,3265.411,3265.32,3265.47,ETH
2026-01-07 03:41:18+00:00,678.0,3265.411,3265.29,3265.47,ETH
2026-01-07 03:41:19+00:00,679.0,3265.411,3265.32,3265.47,ETH
2026-01-07 03:41:20+00:00,680.0,3265.411,3265.3,3265.47,ETH
2026-01-07 03:41:21+00:00,681.0,3265.411,3265.28,3265.47,ETH
2026-01-07 03:41:22+00:00,682.0,3265.411,3265.32,3265.42,ETH
2026-01-07 03:41:23+00:00,683.0,3265.421,3265.41,3265.56,ETH
2026-01-07 03:41:24+00:00,684.0,3265.421,3265.41,3265.56,ETH
2026-01-07 03:41:25+00:00,685.0,3265.421,3265.41,3265.53,ETH
2026-01-07 03:41:26+00:00,686.0,3265.421,3265.41,3265.48,ETH
2026-01-07 03:41:27+00:00,687.0,3265.421,3265.41,3265.5,ETH
2026-01-07 03:41:28+00:00,688.0,3265.701,3265.55,3265.81,ETH
2026-01-07 03:41:29+00:00,689.0,3265.871,3265.65,3265.9,ETH
2026-01-07 03:41:30+00:00,690.0,3265.831,3265.65,3265.9,ETH
2026-01-07 03:41:31+00:00,691.0,3265.781,3265.65,3265.9,ETH
2026-01-07 03:41:32+00:00,692.0,3265.771,3265.67,3265.9,ETH
2026-01-07 03:41:33+00:00,693.0,3265.891,3265.59,3265.89,ETH
2026-01-07 03:41:34+00:00,694.0,3265.851,3265.59,3265.89,ETH
2026-01-07 03:41:35+00:00,695.0,3265.811,3265.59,3265.88,ETH
2026-01-07 03:41:36+00:00,696.0,3265.771,3265.59,3265.87,ETH
2026-01-07 03:41:37+00:00,697.0,3265.881,3265.72,3265.91,ETH
2026-01-07 03:41:38+00:00,698.0,3265.821,3265.74,3266.12,ETH
2026-01-07 03:41:39+00:00,699.0,3265.981,3265.87,3266.02,ETH
2026-01-07 03:41:40+00:00,700.0,3266.011,3265.86,3266.08,ETH
2026-01-07 03:41:41+00:00,701.0,3265.691,3265.64,3265.72,ETH
2026-01-07 03:41:42+00:00,702.0,3265.701,3265.66,3265.74,ETH
2026-01-07 03:41:43+00:00,703.0,3265.681,3265.61,3265.69,ETH
2026-01-07 03:41:44+00:00,704.0,3265.551,3265.44,3265.55,ETH
2026-01-07 03:41:45+00:00,705.0,3265.461,3265.39,3265.48,ETH
2026-01-07 03:41:46+00:00,706.0,3265.371,3265.3,3265.43,ETH
2026-01-07 03:41:47+00:00,707.0,3265.331,3265.27,3265.46,ETH
2026-01-07 03:41:48+00:00,708.0,3265.421,3265.27,3265.5,ETH
2026-01-07 03:41:49+00:00,709.0,3265.501,3265.31,3265.51,ETH
2026-01-07 03:41:50+00:00,710.0,3265.431,3265.33,3265.51,ETH
2026-01-07 03:41:51+00:00,711.0,3265.381,3265.33,3265.56,ETH
2026-01-07 03:41:52+00:00,712.0,3265.461,3265.35,3265.63,ETH
2026-01-07 03:41:53+00:00,713.0,3265.541,3265.36,3265.65,ETH
2026-01-07 03:41:54+00:00,714.0,3265.561,3265.36,3265.64,ETH
2026-01-07 03:41:55+00:00,715.0,3265.531,3265.36,3265.61,ETH
2026-01-07 03:41:56+00:00,716.0,3265.601,3265.36,3265.61,ETH
2026-01-07 03:41:57+00:00,717.0,3265.411,3265.35,3265.61,ETH
2026-01-07 03:41:58+00:00,718.0,3265.421,3265.35,3265.59,ETH
2026-01-07 03:41:59+00:00,719.0,3265.351,3265.15,3265.42,ETH
2026-01-07 03:42:00+00:00,720.0,3265.251,3265.07,3265.33,ETH
2026-01-07 03:42:01+00:00,721.0,3265.141,3265.05,3265.3,ETH
2026-01-07 03:42:02+00:00,722.0,3265.101,3265.05,3265.2,ETH
2026-01-07 03:42:03+00:00,723.0,3265.201,3265.03,3265.2,ETH
2026-01-07 03:42:04+00:00,724.0,3265.151,3264.94,3265.19,ETH
2026-01-07 03:42:05+00:00,725.0,3265.051,3264.94,3265.2,ETH
2026-01-07 03:42:06+00:00,726.0,3265.091,3264.94,3265.2,ETH
2026-01-07 03:42:07+00:00,727.0,3265.051,3264.93,3265.2,ETH
2026-01-07 03:42:08+00:00,728.0,3265.071,3264.94,3265.2,ETH
2026-01-07 03:42:09+00:00,729.0,3265.071,3264.94,3265.2,ETH
2026-01-07 03:42:10+00:00,730.0,3265.071,3265.0,3265.2,ETH
2026-01-07 03:42:11+00:00,731.0,3265.061,3265.0,3265.2,ETH
2026-01-07 03:42:12+00:00,732.0,3265.041,3265.0,3265.2,ETH
2026-01-07 03:42:13+00:00,733.0,3265.061,3265.0,3265.2,ETH
2026-01-07 03:42:14+00:00,734.0,3265.061,3265.0,3265.2,ETH
2026-01-07 03:42:15+00:00,735.0,3265.051,3265.0,3265.11,ETH
2026-01-07 03:42:16+00:00,736.0,3265.031,3264.99,3265.08,ETH
2026-01-07 03:42:17+00:00,737.0,3265.051,3264.99,3265.09,ETH
2026-01-07 03:42:18+00:00,738.0,3265.031,3264.98,3265.08,ETH
2026-01-07 03:42:19+00:00,739.0,3265.051,3264.99,3265.11,ETH
2026-01-07 03:42:20+00:00,740.0,3265.051,3264.99,3265.11,ETH
2026-01-07 03:42:21+00:00,741.0,3265.021,3264.99,3265.09,ETH
2026-01-07 03:42:22+00:00,742.0,3265.001,3264.96,3265.06,ETH
2026-01-07 03:42:23+00:00,743.0,3265.021,3264.96,3265.08,ETH
2026-01-07 03:42:24+00:00,744.0,3265.051,3264.99,3265.1,ETH
2026-01-07 03:42:25+00:00,745.0,3265.061,3264.99,3265.2,ETH
2026-01-07 03:42:26+00:00,746.0,3265.101,3265.0,3265.3,ETH
2026-01-07 03:42:27+00:00,747.0,3265.151,3265.01,3265.3,ETH
2026-01-07 03:42:28+00:00,748.0,3265.171,3265.02,3265.3,ETH
2026-01-07 03:42:29+00:00,749.0,3265.181,3265.03,3265.3,ETH
2026-01-07 03:42:30+00:00,750.0,3265.241,3265.04,3265.31,ETH
2026-01-07 03:42:31+00:00,751.0,3265.271,3265.04,3265.31,ETH
2026-01-07 03:42:32+00:00,752.0,3265.231,3265.04,3265.3,ETH
2026-01-07 03:42:33+00:00,753.0,3265.211,3265.04,3265.3,ETH
2026-01-07 03:42:35+00:00,755.0,3265.141,3265.04,3265.3,ETH
2026-01-07 03:42:36+00:00,756.0,3265.291,3265.02,3265.3,ETH
2026-01-07 03:42:37+00:00,757.0,3265.291,3265.02,3265.3,ETH
2026-01-07 03:42:38+00:00,758.0,3265.291,3265.02,3265.3,ETH
2026-01-07 03:42:39+00:00,759.0,3265.091,3265.05,3265.18,ETH
2026-01-07 03:42:40+00:00,760.0,3265.071,3265.03,3265.11,ETH
2026-01-07 03:42:41+00:00,761.0,3265.071,3265.03,3265.11,ETH
2026-01-07 03:42:42+00:00,762.0,3265.071,3265.05,3265.14,ETH
2026-01-07 03:42:43+00:00,763.0,3265.091,3265.07,3265.14,ETH
2026-01-07 03:42:44+00:00,764.0,3265.091,3265.07,3265.15,ETH
2026-01-07 03:42:45+00:00,765.0,3265.091,3265.07,3265.16,ETH
2026-01-07 03:42:46+00:00,766.0,3265.071,3265.02,3265.12,ETH
2026-01-07 03:42:47+00:00,767.0,3265.091,3265.02,3265.14,ETH
2026-01-07 03:42:48+00:00,768.0,3265.121,3265.02,3265.25,ETH
2026-01-07 03:42:49+00:00,769.0,3265.101,3264.99,3265.3,ETH
2026-01-07 03:42:50+00:00,770.0,3264.851,3264.73,3265.1,ETH
2026-01-07 03:42:51+00:00,771.0,3264.551,3264.38,3264.76,ETH
2026-01-07 03:42:52+00:00,772.0,3264.331,3264.13,3264.49,ETH
2026-01-07 03:42:53+00:00,773.0,3264.011,3263.81,3264.14,ETH
2026-01-07 03:42:54+00:00,774.0,3263.791,3263.66,3263.89,ETH
2026-01-07 03:42:55+00:00,775.0,3263.681,3263.63,3263.77,ETH
2026-01-07 03:42:56+00:00,776.0,3263.671,3263.63,3263.71,ETH
2026-01-07 03:42:57+00:00,777.0,3263.621,3263.58,3263.68,ETH
2026-01-07 03:42:58+00:00,778.0,3263.551,3263.51,3263.61,ETH
2026-01-07 03:42:59+00:00,779.0,3263.551,3263.49,3263.57,ETH
2026-01-07 03:43:00+00:00,780.0,3263.661,3263.46,3263.69,ETH
2026-01-07 03:43:01+00:00,781.0,3263.841,3263.62,3263.91,ETH
2026-01-07 03:43:02+00:00,782.0,3264.061,3263.94,3264.12,ETH
2026-01-07 03:43:03+00:00,783.0,3264.221,3264.07,3264.27,ETH
2026-01-07 03:43:04+00:00,784.0,3264.251,3264.1,3264.29,ETH
2026-01-07 03:43:05+00:00,785.0,3264.261,3264.18,3264.29,ETH
2026-01-07 03:43:06+00:00,786.0,3264.261,3264.21,3264.29,ETH
2026-01-07 03:43:07+00:00,787.0,3264.261,3264.22,3264.32,ETH
2026-01-07 03:43:08+00:00,788.0,3264.261,3264.18,3264.32,ETH
2026-01-07 03:43:09+00:00,789.0,3264.311,3264.26,3264.36,ETH
2026-01-07 03:43:10+00:00,790.0,3264.311,3264.16,3264.36,ETH
2026-01-07 03:43:11+00:00,791.0,3264.311,3264.16,3264.37,ETH
2026-01-07 03:43:12+00:00,792.0,3264.311,3264.16,3264.32,ETH
2026-01-07 03:43:13+00:00,793.0,3264.291,3264.16,3264.32,ETH
2026-01-07 03:43:14+00:00,794.0,3264.271,3264.19,3264.32,ETH
2026-01-07 03:43:15+00:00,795.0,3264.311,3264.26,3264.48,ETH
2026-01-07 03:43:16+00:00,796.0,3264.441,3264.28,3264.52,ETH
2026-01-07 03:43:17+00:00,797.0,3264.381,3264.28,3264.52,ETH
2026-01-07 03:43:18+00:00,798.0,3264.381,3264.29,3264.52,ETH
2026-01-07 03:43:19+00:00,799.0,3264.391,3264.3,3264.51,ETH
2026-01-07 03:43:20+00:00,800.0,3264.391,3264.3,3264.51,ETH
2026-01-07 03:43:21+00:00,801.0,3264.371,3264.3,3264.51,ETH
2026-01-07 03:43:22+00:00,802.0,3264.371,3264.3,3264.51,ETH
2026-01-07 03:43:23+00:00,803.0,3264.371,3264.3,3264.51,ETH
2026-01-07 03:43:24+00:00,804.0,3264.411,3264.36,3264.51,ETH
2026-01-07 03:43:25+00:00,805.0,3264.511,3264.36,3264.56,ETH
2026-01-07 03:43:26+00:00,806.0,3264.481,3264.38,3264.52,ETH
2026-01-07 03:43:27+00:00,807.0,3264.501,3264.38,3264.57,ETH
2026-01-07 03:43:28+00:00,808.0,3264.511,3264.39,3264.62,ETH
2026-01-07 03:43:29+00:00,809.0,3264.511,3264.47,3264.61,ETH
2026-01-07 03:43:30+00:00,810.0,3264.511,3264.48,3264.63,ETH
2026-01-07 03:43:31+00:00,811.0,3264.561,3264.46,3264.74,ETH
2026-01-07 03:43:32+00:00,812.0,3264.621,3264.55,3264.72,ETH
2026-01-07 03:43:33+00:00,813.0,3264.581,3264.53,3264.7,ETH
2026-01-07 03:43:34+00:00,814.0,3264.621,3264.55,3264.7,ETH
2026-01-07 03:43:35+00:00,815.0,3264.681,3264.57,3264.72,ETH
2026-01-07 03:43:36+00:00,816.0,3264.661,3264.57,3264.71,ETH
2026-01-07 03:43:37+00:00,817.0,3264.631,3264.5,3264.7,ETH
2026-01-07 03:43:38+00:00,818.0,3264.681,3264.52,3264.72,ETH
2026-01-07 03:43:39+00:00,819.0,3264.671,3264.52,3264.71,ETH
2026-01-07 03:43:40+00:00,820.0,3264.671,3264.52,3264.7,ETH
2026-01-07 03:43:41+00:00,821.0,3264.671,3264.52,3264.71,ETH
2026-01-07 03:43:42+00:00,822.0,3264.671,3264.52,3264.71,ETH
2026-01-07 03:43:43+00:00,823.0,3264.691,3264.52,3264.74,ETH
2026-01-07 03:43:44+00:00,824.0,3264.671,3264.52,3264.72,ETH
2026-01-07 03:43:45+00:00,825.0,3264.671,3264.52,3264.71,ETH
2026-01-07 03:43:46+00:00,826.0,3264.671,3264.52,3264.71,ETH
2026-01-07 03:43:47+00:00,827.0,3264.821,3264.52,3265.02,ETH
2026-01-07 03:43:48+00:00,828.0,3265.111,3264.73,3265.11,ETH
2026-01-07 03:43:49+00:00,829.0,3265.101,3264.86,3265.18,ETH
2026-01-07 03:43:50+00:00,830.0,3265.101,3264.87,3265.25,ETH
2026-01-07 03:43:51+00:00,831.0,3265.111,3264.87,3265.16,ETH
2026-01-07 03:43:52+00:00,832.0,3265.111,3264.87,3265.16,ETH
2026-01-07 03:43:53+00:00,833.0,3265.111,3264.87,3265.24,ETH
2026-01-07 03:43:54+00:00,834.0,3265.111,3264.87,3265.2,ETH
2026-01-07 03:43:55+00:00,835.0,3265.111,3264.87,3265.21,ETH
2026-01-07 03:43:56+00:00,836.0,3265.111,3264.87,3265.24,ETH
2026-01-07 03:43:57+00:00,837.0,3265.061,3264.84,3265.17,ETH
2026-01-07 03:43:58+00:00,838.0,3265.061,3264.82,3265.15,ETH
2026-01-07 03:43:59+00:00,839.0,3265.111,3264.84,3265.2,ETH
2026-01-07 03:44:00+00:00,840.0,3265.211,3264.91,3265.31,ETH
2026-01-07 03:44:01+00:00,841.0,3265.221,3264.97,3265.38,ETH
2026-01-07 03:44:02+00:00,842.0,3265.161,3265.01,3265.28,ETH
2026-01-07 03:44:03+00:00,843.0,3265.131,3265.01,3265.24,ETH
2026-01-07 03:44:04+00:00,844.0,3265.031,3264.93,3265.19,ETH
2026-01-07 03:44:05+00:00,845.0,3264.651,3264.59,3264.75,ETH
2026-01-07 03:44:06+00:00,846.0,3264.321,3264.26,3264.38,ETH
2026-01-07 03:44:07+00:00,847.0,3264.301,3264.22,3264.35,ETH
2026-01-07 03:44:08+00:00,848.0,3264.231,3264.17,3264.3,ETH
2026-01-07 03:44:09+00:00,849.0,3264.231,3264.15,3264.3,ETH
2026-01-07 03:44:10+00:00,850.0,3264.301,3264.16,3264.33,ETH
2026-01-07 03:44:11+00:00,851.0,3264.301,3264.17,3264.37,ETH
2026-01-07 03:44:12+00:00,852.0,3264.301,3264.17,3264.4,ETH
2026-01-07 03:44:13+00:00,853.0,3264.301,3264.18,3264.39,ETH
2026-01-07 03:44:14+00:00,854.0,3264.301,3264.18,3264.36,ETH
2026-01-07 03:44:15+00:00,855.0,3264.301,3264.18,3264.35,ETH
2026-01-07 03:44:16+00:00,856.0,3264.291,3264.18,3264.34,ETH
2026-01-07 03:44:17+00:00,857.0,3264.301,3264.18,3264.37,ETH
2026-01-07 03:44:18+00:00,858.0,3264.261,3264.15,3264.36,ETH
2026-01-07 03:44:19+00:00,859.0,3264.261,3264.11,3264.35,ETH
2026-01-07 03:44:20+00:00,860.0,3264.181,3264.07,3264.27,ETH
2026-01-07 03:44:21+00:00,861.0,3264.001,3264.0,3264.17,ETH
2026-01-07 03:44:22+00:00,862.0,3263.951,3263.95,3264.17,ETH
2026-01-07 03:44:23+00:00,863.0,3263.931,3263.93,3264.09,ETH
2026-01-07 03:44:24+00:00,864.0,3263.921,3263.91,3264.01,ETH
2026-01-07 03:44:25+00:00,865.0,3263.861,3263.85,3263.98,ETH
2026-01-07 03:44:26+00:00,866.0,3263.831,3263.78,3263.95,ETH
2026-01-07 03:44:27+00:00,867.0,3263.881,3263.75,3263.95,ETH
2026-01-07 03:44:28+00:00,868.0,3263.841,3263.73,3263.91,ETH
2026-01-07 03:44:29+00:00,869.0,3263.701,3263.67,3263.86,ETH
2026-01-07 03:44:30+00:00,870.0,3263.621,3263.58,3263.79,ETH
2026-01-07 03:44:31+00:00,871.0,3263.591,3263.5,3263.7,ETH
2026-01-07 03:44:32+00:00,872.0,3263.561,3263.45,3263.63,ETH
2026-01-07 03:44:34+00:00,874.0,3263.301,3263.08,3263.31,ETH
2026-01-07 03:44:35+00:00,875.0,3263.171,3263.06,3263.26,ETH
2026-01-07 03:44:36+00:00,876.0,3263.071,3263.03,3263.17,ETH
2026-01-07 03:44:37+00:00,877.0,3263.171,3263.04,3263.22,ETH
2026-01-07 03:44:38+00:00,878.0,3263.041,3263.01,3263.17,ETH
2026-01-07 03:44:39+00:00,879.0,3263.021,3263.01,3263.17,ETH
2026-01-07 03:44:40+00:00,880.0,3263.171,3263.03,3263.2,ETH
2026-01-07 03:44:41+00:00,881.0,3263.171,3263.03,3263.21,ETH
2026-01-07 03:44:42+00:00,882.0,3263.421,3263.13,3263.42,ETH
2026-01-07 03:44:43+00:00,883.0,3263.251,3263.17,3263.42,ETH
2026-01-07 03:44:44+00:00,884.0,3263.201,3263.16,3263.46,ETH
2026-01-07 03:44:45+00:00,885.0,3263.181,3263.16,3263.46,ETH
2026-01-07 03:44:46+00:00,886.0,3263.301,3263.17,3263.46,ETH
2026-01-07 03:44:47+00:00,887.0,3263.301,3263.17,3263.46,ETH
2026-01-07 03:44:48+00:00,888.0,3263.471,3263.41,3263.61,ETH
2026-01-07 03:44:49+00:00,889.0,3263.771,3263.67,3263.86,ETH
2026-01-07 03:44:50+00:00,890.0,3263.841,3263.68,3263.96,ETH
2026-01-07 03:44:51+00:00,891.0,3263.901,3263.7,3264.05,ETH
2026-01-07 03:44:52+00:00,892.0,3263.951,3263.7,3264.09,ETH
2026-01-07 03:44:53+00:00,893.0,3263.941,3263.75,3264.07,ETH
2026-01-07 03:44:54+00:00,894.0,3263.931,3263.75,3264.04,ETH
2026-01-07 03:44:55+00:00,895.0,3263.931,3263.77,3264.01,ETH
2026-01-07 03:44:56+00:00,896.0,3263.951,3263.86,3264.0,ETH
2026-01-07 03:44:57+00:00,897.0,3263.991,3263.87,3264.03,ETH
2026-01-07 03:44:58+00:00,898.0,3263.941,3263.82,3264.04,ETH
2026-01-07 03:44:59+00:00,899.0,3263.981,3263.81,3264.06,ETH
