timestamp,collected_at,seconds,up_mid,up_best_bid,up_best_ask,down_mid,down_best_bid,down_best_ask,up_best_bid_size,up_best_ask_size,down_best_bid_size,down_best_ask_size,up_bid_2,up_bid_2_size,up_ask_2,up_ask_2_size,up_bid_3,up_bid_3_size,up_ask_3,up_ask_3_size,up_bid_4,up_bid_4_size,up_ask_4,up_ask_4_size,up_bid_5,up_bid_5_size,up_ask_5,up_ask_5_size,up_bid_6,up_bid_6_size,up_ask_6,up_ask_6_size,down_bid_2,down_bid_2_size,down_ask_2,down_ask_2_size,down_bid_3,down_bid_3_size,down_ask_3,down_ask_3_size,down_bid_4,down_bid_4_size,down_ask_4,down_ask_4_size,down_bid_5,down_bid_5_size,down_ask_5,down_ask_5_size,down_bid_6,down_bid_6_size,down_ask_6,down_ask_6_size
2026-01-07 03:30:00.723000+00:00,2026-01-07 03:29:58.113208+00:00,0.723,0.99,0.99,,0.01,,0.01,31797.84,,,93088.05,0.98,125.1,,,0.97,1.66,,,0.96,28.82,,,0.95,233.87,,,0.94,92.0,,,,,0.02,125.1,,,0.03,1.66,,,0.04,28.82,,,0.05,233.87,,,0.06,92.0
2026-01-07 03:30:01.728000+00:00,2026-01-07 03:29:59.118025+00:00,1.728,0.99,0.99,,0.01,,0.01,93088.05,,,93088.05,0.98,125.1,,,0.97,1.66,,,0.96,28.82,,,0.95,72.46,,,0.94,92.0,,,,,0.02,125.1,,,0.03,1.66,,,0.04,28.82,,,0.05,72.46,,,0.06,92.0
2026-01-07 03:30:02.826000+00:00,2026-01-07 03:30:00.128658+00:00,2.826,0.46499999999999997,0.46,0.47,0.535,0.53,0.54,272.0,337.29,362.29,307.0,0.45,182.0,0.48,1344.89,0.44,312.0,0.49,604.04,0.43,191.0,0.5,1410.55,0.42,380.0,0.51,594.11,0.41,309.0,0.52,408.0,0.52,1344.89,0.55,192.0,0.51,604.04,0.56,347.0,0.5,1410.55,0.57,226.0,0.49,594.11,0.58,345.0,0.48,408.0,0.59,309.0
2026-01-07 03:30:03.834000+00:00,2026-01-07 03:30:01.126516+00:00,3.834,0.46499999999999997,0.46,0.47,0.535,0.53,0.54,331.0,305.29,300.29,351.0,0.45,192.0,0.48,1334.89,0.44,362.0,0.49,614.04,0.43,217.0,0.5,1410.55,0.42,345.0,0.51,609.11,0.41,309.0,0.52,423.0,0.52,1345.89,0.55,201.0,0.51,614.04,0.56,362.0,0.5,1410.55,0.57,217.0,0.49,609.11,0.58,345.0,0.48,423.0,0.59,309.0
2026-01-07 03:30:04.836000+00:00,2026-01-07 03:30:02.143001+00:00,4.836,0.46499999999999997,0.46,0.47,0.535,0.53,0.54,137.38,269.65,50.7,172.38,0.45,201.0,0.48,1345.89,0.44,368.0,0.49,819.04,0.43,217.0,0.5,1425.55,0.42,339.0,0.51,674.11,0.41,309.0,0.52,488.0,0.52,1345.89,0.55,201.0,0.51,819.04,0.56,333.0,0.5,1440.55,0.57,217.0,0.49,659.11,0.58,339.0,0.48,488.0,0.59,309.0
2026-01-07 03:30:05.782000+00:00,2026-01-07 03:30:03.162242+00:00,5.782,0.475,0.47,0.48,0.525,0.52,0.53,306.0,1232.68,1232.68,346.0,0.46,368.0,0.49,621.04,0.45,201.0,0.5,1307.55,0.44,353.0,0.51,639.11,0.43,217.0,0.52,382.0,0.42,339.0,0.53,308.8,0.51,621.04,0.54,353.0,0.5,1257.55,0.55,201.0,0.49,674.11,0.56,353.0,0.48,332.0,0.57,217.0,0.47,313.8,0.58,354.0
2026-01-07 03:30:06.774000+00:00,2026-01-07 03:30:04.163094+00:00,6.774,0.475,0.47,0.48,0.525,0.52,0.53,307.37,1058.3,1005.3,302.37,0.46,419.0,0.49,665.04,0.45,257.0,0.5,1292.55,0.44,353.0,0.51,456.11,0.43,217.0,0.52,347.0,0.42,339.0,0.53,333.8,0.51,665.04,0.54,419.0,0.5,1308.55,0.55,201.0,0.49,456.11,0.56,410.0,0.48,347.0,0.57,217.0,0.47,333.8,0.58,339.0
2026-01-07 03:30:07.858000+00:00,2026-01-07 03:30:05.158909+00:00,7.858,0.475,0.47,0.48,0.525,0.52,0.53,346.55,1005.3,1005.3,341.55,0.46,404.0,0.49,605.04,0.45,201.0,0.5,1243.55,0.44,410.0,0.51,491.11,0.43,217.0,0.52,332.0,0.42,359.0,0.53,313.8,0.51,605.04,0.54,458.0,0.5,1243.55,0.55,201.0,0.49,471.11,0.56,353.0,0.48,352.0,0.57,217.0,0.47,313.8,0.58,359.0
2026-01-07 03:30:08.857000+00:00,2026-01-07 03:30:06.162315+00:00,8.857,0.475,0.47,0.48,0.525,0.52,0.53,393.55,167.3,151.98,393.55,0.46,527.0,0.49,605.04,0.45,271.0,0.5,1243.55,0.44,423.0,0.51,411.11,0.43,287.0,0.52,184.0,0.42,429.0,0.53,130.8,0.51,605.04,0.54,527.0,0.5,1243.55,0.55,271.0,0.49,411.11,0.56,423.0,0.48,104.0,0.57,287.0,0.47,165.8,0.58,429.0
2026-01-07 03:30:09.856000+00:00,2026-01-07 03:30:07.166543+00:00,9.856,0.485,0.48,0.49,0.515,0.51,0.52,245.0,516.33,372.33,237.0,0.47,307.0,0.5,1227.55,0.46,506.6,0.51,411.11,0.45,296.0,0.52,104.0,0.44,423.0,0.53,165.8,0.43,252.0,0.54,132.6,0.5,1227.55,0.53,297.0,0.49,411.11,0.54,571.6,0.48,104.0,0.55,296.0,0.47,165.8,0.56,423.0,0.46,140.73,0.57,252.0
2026-01-07 03:30:10.789000+00:00,2026-01-07 03:30:08.179772+00:00,10.789,0.485,0.48,0.49,0.515,0.51,0.52,252.0,341.47,341.47,268.0,0.47,297.0,0.5,1311.55,0.46,628.6,0.51,411.11,0.45,299.0,0.52,184.0,0.44,423.0,0.53,130.8,0.43,252.0,0.54,188.33,0.5,1322.55,0.53,295.0,0.49,411.11,0.54,628.6,0.48,184.0,0.55,412.0,0.47,130.8,0.56,417.0,0.46,188.33,0.57,252.0
2026-01-07 03:30:11.829000+00:00,2026-01-07 03:30:09.183815+00:00,11.829,0.485,0.48,0.49,0.515,0.51,0.52,315.0,334.47,326.47,315.0,0.47,305.0,0.5,1322.55,0.46,581.6,0.51,418.11,0.45,412.0,0.52,254.0,0.44,417.0,0.53,215.8,0.43,252.0,0.54,250.2,0.5,1322.55,0.53,305.0,0.49,418.11,0.54,581.6,0.48,254.0,0.55,412.0,0.47,215.8,0.56,417.0,0.46,250.2,0.57,252.0
2026-01-07 03:30:12.772000+00:00,2026-01-07 03:30:10.184651+00:00,12.772,0.485,0.48,0.49,0.515,0.51,0.52,263.0,426.47,414.47,263.0,0.47,320.0,0.5,1238.55,0.46,550.6,0.51,513.11,0.45,472.0,0.52,219.0,0.44,441.0,0.53,230.8,0.43,257.0,0.54,235.2,0.5,1238.55,0.53,320.0,0.49,513.11,0.54,550.6,0.48,219.0,0.55,472.0,0.47,230.8,0.56,441.0,0.46,235.2,0.57,257.0
2026-01-07 03:30:13.876000+00:00,2026-01-07 03:30:11.177347+00:00,13.876,0.485,0.48,0.49,0.515,0.51,0.52,226.0,565.47,590.47,226.0,0.47,321.0,0.5,1525.55,0.46,497.6,0.51,670.11,0.45,412.0,0.52,523.0,0.44,493.0,0.53,443.8,0.43,257.0,0.54,513.2,0.5,1586.55,0.53,357.0,0.49,756.11,0.54,551.6,0.48,523.0,0.55,412.0,0.47,504.8,0.56,493.0,0.46,574.2,0.57,257.0
2026-01-07 03:30:14.890000+00:00,2026-01-07 03:30:12.193551+00:00,14.89,0.485,0.48,0.49,0.515,0.51,0.52,99.06,525.47,360.47,202.06,0.47,411.0,0.5,1308.55,0.46,336.6,0.51,545.1,0.45,315.0,0.52,338.0,0.44,384.0,0.53,418.8,0.43,187.0,0.54,428.2,0.5,1308.55,0.53,402.0,0.49,516.11,0.54,397.6,0.48,258.0,0.55,497.0,0.47,418.8,0.56,384.0,0.46,448.19,0.57,187.0
2026-01-07 03:30:15.897000+00:00,2026-01-07 03:30:13.193639+00:00,15.897,0.485,0.48,0.49,0.515,0.51,0.52,255.0,344.47,344.47,255.0,0.47,448.0,0.5,1238.55,0.46,482.6,0.51,422.11,0.45,567.0,0.52,104.0,0.44,454.0,0.53,201.8,0.43,257.0,0.54,201.2,0.5,1238.55,0.53,448.0,0.49,422.11,0.54,482.6,0.48,104.0,0.55,567.0,0.47,237.8,0.56,454.0,0.46,189.2,0.57,257.0
2026-01-07 03:30:16.888000+00:00,2026-01-07 03:30:14.205000+00:00,16.888,0.495,0.49,0.5,0.505,0.5,0.51,182.0,1213.02,1161.02,249.0,0.48,137.0,0.51,422.11,0.47,403.0,0.52,176.0,0.46,482.6,0.53,189.8,0.45,567.0,0.54,165.2,0.44,419.0,0.55,825.0,0.49,406.11,0.52,121.0,0.48,191.0,0.53,403.0,0.47,189.8,0.54,482.6,0.46,165.2,0.55,567.0,0.45,825.0,0.56,419.0
2026-01-07 03:30:17.843000+00:00,2026-01-07 03:30:15.207509+00:00,17.843,0.495,0.49,0.5,0.505,0.5,0.51,97.92,1181.02,1181.02,97.92,0.48,72.0,0.51,482.11,0.47,440.0,0.52,138.0,0.46,494.6,0.53,165.8,0.45,603.0,0.54,200.2,0.44,419.0,0.55,835.0,0.49,482.11,0.52,72.0,0.48,138.0,0.53,440.0,0.47,165.8,0.54,494.6,0.46,200.2,0.55,603.0,0.45,835.0,0.56,424.0
2026-01-07 03:30:18.907000+00:00,2026-01-07 03:30:16.199724+00:00,18.907,0.495,0.49,0.5,0.505,0.5,0.51,263.92,1185.98,743.38,258.92,0.48,266.0,0.51,480.11,0.47,430.0,0.52,257.0,0.46,467.6,0.53,191.8,0.45,567.0,0.54,225.2,0.44,424.0,0.55,770.0,0.49,480.11,0.52,266.0,0.48,257.0,0.53,430.0,0.47,216.8,0.54,467.6,0.46,305.2,0.55,567.0,0.45,735.0,0.56,424.0
2026-01-07 03:30:19.826000+00:00,2026-01-07 03:30:17.201255+00:00,19.826,0.495,0.49,0.5,0.505,0.5,0.51,218.92,617.38,611.38,218.92,0.48,254.0,0.51,492.11,0.47,406.0,0.52,257.0,0.46,503.6,0.53,204.8,0.45,567.0,0.54,305.2,0.44,436.0,0.55,735.0,0.49,492.11,0.52,254.0,0.48,257.0,0.53,406.0,0.47,204.8,0.54,503.6,0.46,305.2,0.55,567.0,0.45,735.0,0.56,436.0
2026-01-07 03:30:20.843000+00:00,2026-01-07 03:30:18.207039+00:00,20.843,0.495,0.49,0.5,0.505,0.5,0.51,268.03,506.38,506.38,217.03,0.48,254.0,0.51,492.11,0.47,406.0,0.52,257.0,0.46,498.6,0.53,192.8,0.45,567.0,0.54,305.2,0.44,436.0,0.55,735.0,0.49,492.11,0.52,306.0,0.48,257.0,0.53,406.0,0.47,192.8,0.54,498.6,0.46,305.2,0.55,567.0,0.45,735.0,0.56,436.0
2026-01-07 03:30:21.901000+00:00,2026-01-07 03:30:19.220039+00:00,21.901,0.495,0.49,0.5,0.505,0.5,0.51,217.03,566.38,542.38,96.03,0.48,392.0,0.51,480.11,0.47,394.0,0.52,277.0,0.46,486.6,0.53,347.8,0.45,591.0,0.54,422.2,0.44,460.0,0.55,978.0,0.49,480.11,0.52,280.0,0.48,197.0,0.53,394.0,0.47,443.8,0.54,515.6,0.46,483.2,0.55,591.0,0.45,1039.0,0.56,436.0
2026-01-07 03:30:22.900000+00:00,2026-01-07 03:30:20.241372+00:00,22.9,0.495,0.49,0.5,0.505,0.5,0.51,358.03,409.59,402.9,470.03,0.48,443.0,0.51,540.11,0.47,418.0,0.52,207.0,0.46,474.6,0.53,363.8,0.45,591.0,0.54,488.2,0.44,436.0,0.55,1069.0,0.49,540.11,0.52,391.0,0.48,191.0,0.53,430.0,0.47,180.8,0.54,474.6,0.46,305.2,0.55,591.0,0.45,765.0,0.56,436.0
2026-01-07 03:30:23.954000+00:00,2026-01-07 03:30:21.261312+00:00,23.954,0.495,0.49,0.5,0.505,0.5,0.51,424.03,372.49,372.49,303.03,0.48,452.0,0.51,528.11,0.47,439.0,0.52,253.0,0.46,468.6,0.53,180.8,0.45,591.0,0.54,427.2,0.44,436.0,0.55,887.0,0.49,528.11,0.52,452.0,0.48,253.0,0.53,439.0,0.47,180.8,0.54,468.6,0.46,488.2,0.55,579.0,0.45,948.0,0.56,436.0
2026-01-07 03:30:24.960000+00:00,2026-01-07 03:30:22.274768+00:00,24.96,0.495,0.49,0.5,0.505,0.5,0.51,303.03,276.03,276.03,354.03,0.48,400.0,0.51,528.11,0.47,439.0,0.52,253.0,0.46,468.6,0.53,260.8,0.45,591.0,0.54,453.2,0.44,436.0,0.55,948.0,0.49,528.11,0.52,400.0,0.48,253.0,0.53,439.0,0.47,260.8,0.54,468.6,0.46,453.2,0.55,591.0,0.45,948.0,0.56,436.0
2026-01-07 03:30:25.564000+00:00,2026-01-07 03:30:23.296562+00:00,25.564,0.495,0.49,0.5,0.505,0.5,0.51,359.03,276.03,311.03,359.03,0.48,400.0,0.51,528.11,0.47,439.0,0.52,253.0,0.46,468.6,0.53,260.8,0.45,591.0,0.54,453.2,0.44,436.0,0.55,948.0,0.49,492.11,0.52,376.0,0.48,205.0,0.53,427.0,0.47,347.8,0.54,456.6,0.46,483.2,0.55,567.0,0.45,1039.0,0.56,424.0
2026-01-07 03:30:26.859000+00:00,2026-01-07 03:30:24.317227+00:00,26.859,0.495,0.49,0.5,0.505,0.5,0.51,359.03,156.03,156.03,349.03,0.48,368.0,0.51,552.11,0.47,439.0,0.52,191.0,0.46,480.6,0.53,321.8,0.45,591.0,0.54,270.2,0.44,436.0,0.55,948.0,0.49,552.11,0.52,368.0,0.48,191.0,0.53,439.0,0.47,321.8,0.54,480.6,0.46,300.2,0.55,591.0,0.45,918.0,0.56,436.0
2026-01-07 03:30:27.949000+00:00,2026-01-07 03:30:25.311695+00:00,27.949,0.505,0.5,0.51,0.495,0.49,0.5,106.0,528.11,528.11,96.0,0.49,323.03,0.52,230.0,0.48,499.0,0.53,321.8,0.47,506.0,0.54,270.2,0.46,480.6,0.55,948.0,0.45,532.0,0.56,409.0,0.48,230.0,0.51,323.03,0.47,321.8,0.52,499.0,0.46,270.2,0.53,506.0,0.45,948.0,0.54,480.6,0.44,409.0,0.55,532.0
2026-01-07 03:30:28.978000+00:00,2026-01-07 03:30:26.312591+00:00,28.978,0.505,0.5,0.51,0.495,0.49,0.5,111.0,382.11,372.11,111.0,0.49,514.03,0.52,242.0,0.48,499.0,0.53,192.8,0.47,506.0,0.54,305.2,0.46,480.6,0.55,765.0,0.45,532.0,0.56,288.0,0.48,232.0,0.51,453.03,0.47,202.8,0.52,551.0,0.46,305.2,0.53,506.0,0.45,765.0,0.54,480.6,0.44,288.0,0.55,532.0
2026-01-07 03:30:29.978000+00:00,2026-01-07 03:30:27.317113+00:00,29.978,0.505,0.5,0.51,0.495,0.49,0.5,96.0,306.11,306.11,96.0,0.49,477.03,0.52,232.0,0.48,539.0,0.53,226.8,0.47,506.0,0.54,427.2,0.46,468.6,0.55,887.0,0.45,532.0,0.56,409.0,0.48,232.0,0.51,477.03,0.47,306.8,0.52,539.0,0.46,392.2,0.53,506.0,0.45,887.0,0.54,468.6,0.44,409.0,0.55,532.0
2026-01-07 03:30:31.727000+00:00,2026-01-07 03:30:29.332885+00:00,31.727,0.505,0.5,0.51,0.495,0.49,0.5,173.0,253.81,241.81,173.0,0.49,128.03,0.52,149.0,0.48,548.0,0.53,242.0,0.47,500.0,0.54,370.6,0.46,445.6,0.55,943.0,0.45,532.0,0.56,409.0,0.48,149.0,0.51,128.03,0.47,242.0,0.52,548.0,0.46,370.6,0.53,500.0,0.45,943.0,0.54,433.6,0.44,409.0,0.55,532.0
2026-01-07 03:30:32.927000+00:00,2026-01-07 03:30:30.332798+00:00,32.927,0.505,0.5,0.51,0.495,0.49,0.5,206.28,205.81,180.81,201.28,0.49,215.03,0.52,101.0,0.48,472.0,0.53,234.0,0.47,476.0,0.54,399.6,0.46,421.6,0.55,943.0,0.45,532.0,0.56,438.99,0.48,101.0,0.51,215.03,0.47,234.0,0.52,472.0,0.46,399.6,0.53,476.0,0.45,943.0,0.54,421.6,0.44,438.99,0.55,532.0
2026-01-07 03:30:33.987000+00:00,2026-01-07 03:30:31.324842+00:00,33.987,0.505,0.5,0.51,0.495,0.49,0.5,250.0,188.77,188.77,250.0,0.49,540.03,0.52,101.0,0.48,487.0,0.53,219.0,0.47,476.0,0.54,216.6,0.46,421.6,0.55,760.0,0.45,532.0,0.56,317.99,0.48,101.0,0.51,540.03,0.47,219.0,0.52,487.0,0.46,216.6,0.53,476.0,0.45,760.0,0.54,421.6,0.44,317.99,0.55,532.0
2026-01-07 03:30:35.049000+00:00,2026-01-07 03:30:32.337757+00:00,35.049,0.505,0.5,0.51,0.495,0.49,0.5,132.66,152.57,152.57,132.66,0.49,149.03,0.52,149.0,0.48,560.0,0.53,242.0,0.47,488.0,0.54,340.6,0.46,433.6,0.55,973.0,0.45,532.0,0.56,288.0,0.48,176.0,0.51,149.03,0.47,349.0,0.52,560.0,0.46,355.6,0.53,500.0,0.45,1094.0,0.54,433.6,0.44,409.0,0.55,532.0
2026-01-07 03:30:36.990000+00:00,2026-01-07 03:30:34.343541+00:00,36.99,0.525,0.52,0.53,0.475,0.47,0.48,16.0,152.0,152.0,16.0,0.51,150.0,0.54,119.99,0.5,361.6,0.55,680.0,0.49,596.03,0.56,339.0,0.48,499.0,0.57,429.0,0.47,488.0,0.58,382.0,0.46,119.99,0.49,272.0,0.45,665.0,0.5,361.6,0.44,339.0,0.51,596.03,0.43,429.0,0.52,499.0,0.42,382.0,0.53,488.0
2026-01-07 03:30:37.924000+00:00,2026-01-07 03:30:35.357973+00:00,37.924,0.525,0.52,0.53,0.475,0.47,0.48,16.0,124.0,125.0,16.0,0.51,166.0,0.54,119.99,0.5,195.0,0.55,969.0,0.49,427.03,0.56,339.0,0.48,535.0,0.57,429.0,0.47,488.0,0.58,382.0,0.46,241.99,0.49,166.0,0.45,969.0,0.5,195.0,0.44,339.0,0.51,427.03,0.43,429.0,0.52,535.0,0.42,339.0,0.53,488.0
2026-01-07 03:30:39.060000+00:00,2026-01-07 03:30:36.375499+00:00,39.06,0.525,0.52,0.53,0.475,0.47,0.48,100.0,134.21,128.62,100.0,0.51,182.0,0.54,308.99,0.5,201.0,0.55,974.0,0.49,225.03,0.56,363.0,0.48,360.0,0.57,473.0,0.47,488.0,0.58,339.0,0.46,308.99,0.49,182.0,0.45,974.0,0.5,201.0,0.44,363.0,0.51,225.03,0.43,473.0,0.52,360.0,0.42,339.0,0.53,488.0
2026-01-07 03:30:40.983000+00:00,2026-01-07 03:30:38.382362+00:00,40.983,0.525,0.52,0.53,0.475,0.47,0.48,365.0,69.03,69.03,365.0,0.51,181.0,0.54,269.0,0.5,155.0,0.55,1040.0,0.49,165.03,0.56,339.0,0.48,400.0,0.57,429.0,0.47,464.0,0.58,339.0,0.46,269.0,0.49,181.0,0.45,1040.0,0.5,155.0,0.44,339.0,0.51,165.03,0.43,429.0,0.52,400.0,0.42,339.0,0.53,464.0
2026-01-07 03:30:42.104000+00:00,2026-01-07 03:30:39.393678+00:00,42.104,0.525,0.52,0.53,0.475,0.47,0.48,317.0,96.03,96.03,317.0,0.51,124.0,0.54,322.99,0.5,167.0,0.55,974.0,0.49,177.03,0.56,363.0,0.48,360.0,0.57,453.0,0.47,464.0,0.58,409.0,0.46,322.99,0.49,169.0,0.45,974.0,0.5,191.0,0.44,363.0,0.51,177.03,0.43,453.0,0.52,360.0,0.42,409.0,0.53,464.0
2026-01-07 03:30:43.056000+00:00,2026-01-07 03:30:40.395399+00:00,43.056,0.525,0.52,0.53,0.475,0.47,0.48,247.0,126.03,163.03,247.0,0.51,112.0,0.54,269.0,0.5,189.41,0.55,974.0,0.49,177.03,0.56,363.0,0.48,360.0,0.57,453.0,0.47,464.0,0.58,397.0,0.46,281.0,0.49,112.0,0.45,974.0,0.5,201.41,0.44,363.0,0.51,189.03,0.43,465.0,0.52,360.0,0.42,397.0,0.53,464.0
2026-01-07 03:30:44.031000+00:00,2026-01-07 03:30:41.394846+00:00,44.031,0.525,0.52,0.53,0.475,0.47,0.48,427.0,163.03,161.06,317.0,0.51,124.0,0.54,281.0,0.5,201.41,0.55,974.0,0.49,299.03,0.56,363.0,0.48,360.0,0.57,465.0,0.47,464.0,0.58,397.0,0.46,281.0,0.49,124.0,0.45,974.0,0.5,201.41,0.44,363.0,0.51,299.03,0.43,465.0,0.52,360.0,0.42,397.0,0.53,464.0
2026-01-07 03:30:45.119000+00:00,2026-01-07 03:30:42.410560+00:00,45.119,0.525,0.52,0.53,0.475,0.47,0.48,391.0,294.06,355.06,351.0,0.51,194.0,0.54,402.0,0.5,201.41,0.55,974.0,0.49,360.03,0.56,363.0,0.48,360.0,0.57,465.0,0.47,464.0,0.58,397.0,0.46,402.0,0.49,194.0,0.45,974.0,0.5,201.41,0.44,363.0,0.51,177.03,0.43,465.0,0.52,360.0,0.42,397.0,0.53,343.0
2026-01-07 03:30:46.110000+00:00,2026-01-07 03:30:43.410338+00:00,46.11,0.505,0.5,0.51,0.495,0.49,0.5,16.41,127.0,222.0,27.41,0.49,21.0,0.52,243.27,0.48,35.0,0.53,671.9,0.47,50.0,0.54,435.0,0.46,207.6,0.55,1069.0,0.45,611.0,0.56,424.0,0.48,333.27,0.51,21.0,0.47,582.9,0.52,35.0,0.46,390.0,0.53,50.0,0.45,999.0,0.54,207.6,0.44,319.0,0.55,428.0
2026-01-07 03:30:47.363000+00:00,2026-01-07 03:30:44.409820+00:00,47.363,0.485,0.48,0.49,0.515,0.51,0.52,126.0,209.49,194.49,51.0,0.47,120.0,0.5,230.59,0.46,316.2,0.51,391.0,0.45,289.99,0.52,370.27,0.44,410.0,0.53,441.0,0.43,334.5,0.54,384.0,0.5,266.59,0.53,180.0,0.49,391.0,0.54,292.2,0.48,377.27,0.55,289.99,0.47,465.0,0.56,410.0,0.46,408.0,0.57,334.5
2026-01-07 03:30:48.103000+00:00,2026-01-07 03:30:45.426467+00:00,48.103,0.485,0.48,0.49,0.515,0.51,0.52,92.0,203.57,218.57,92.0,0.47,156.0,0.5,227.59,0.46,292.2,0.51,415.0,0.45,275.0,0.52,377.27,0.44,413.0,0.53,459.0,0.43,334.5,0.54,408.0,0.5,227.59,0.53,156.0,0.49,415.0,0.54,292.2,0.48,377.27,0.55,397.0,0.47,474.0,0.56,413.0,0.46,408.0,0.57,334.5
2026-01-07 03:30:49.209000+00:00,2026-01-07 03:30:46.441789+00:00,49.209,0.485,0.48,0.49,0.515,0.51,0.52,192.38,128.41,153.41,192.38,0.47,186.0,0.5,266.59,0.46,222.2,0.51,352.0,0.45,470.0,0.52,595.27,0.44,413.0,0.53,486.0,0.43,334.5,0.54,408.0,0.5,278.59,0.53,186.0,0.49,352.0,0.54,222.2,0.48,595.27,0.55,458.0,0.47,439.0,0.56,413.0,0.46,408.0,0.57,334.5
2026-01-07 03:30:50.142000+00:00,2026-01-07 03:30:47.459481+00:00,50.142,0.485,0.48,0.49,0.515,0.51,0.52,192.38,189.41,182.56,391.0,0.47,126.0,0.5,207.59,0.46,275.2,0.51,348.0,0.45,458.0,0.52,596.27,0.44,437.0,0.53,468.0,0.43,334.5,0.54,384.0,0.5,242.59,0.53,151.0,0.49,358.0,0.54,167.6,0.48,541.27,0.55,493.0,0.47,468.0,0.56,425.0,0.46,384.0,0.57,381.5
2026-01-07 03:30:51.198000+00:00,2026-01-07 03:30:48.502609+00:00,51.198,0.485,0.48,0.49,0.515,0.51,0.52,251.0,282.46,321.46,251.0,0.47,221.0,0.5,269.59,0.46,129.6,0.51,358.0,0.45,470.0,0.52,595.27,0.44,410.0,0.53,456.0,0.43,396.49,0.54,469.0,0.5,242.59,0.53,221.0,0.49,394.0,0.54,187.6,0.48,619.27,0.55,358.0,0.47,439.0,0.56,422.0,0.46,469.0,0.57,396.49
2026-01-07 03:30:52.987000+00:00,2026-01-07 03:30:50.507879+00:00,52.987,0.485,0.48,0.49,0.515,0.51,0.52,259.0,285.61,287.61,259.0,0.47,257.0,0.5,278.59,0.46,211.6,0.51,358.0,0.45,322.0,0.52,617.27,0.44,410.0,0.53,393.0,0.43,442.49,0.54,539.0,0.5,278.59,0.53,257.0,0.49,358.0,0.54,211.6,0.48,617.27,0.55,322.0,0.47,393.0,0.56,425.0,0.46,493.0,0.57,369.5
2026-01-07 03:30:54.079000+00:00,2026-01-07 03:30:51.509203+00:00,54.079,0.485,0.48,0.49,0.515,0.51,0.52,419.0,337.61,333.61,419.0,0.47,187.0,0.5,278.59,0.46,141.6,0.51,407.0,0.45,322.0,0.52,617.27,0.44,410.0,0.53,393.0,0.43,384.49,0.54,423.0,0.5,278.59,0.53,187.0,0.49,407.0,0.54,141.6,0.48,617.27,0.55,322.0,0.47,393.0,0.56,410.0,0.46,423.0,0.57,384.49
2026-01-07 03:30:55.197000+00:00,2026-01-07 03:30:52.523980+00:00,55.197,0.485,0.48,0.49,0.515,0.51,0.52,419.0,308.61,308.61,419.0,0.47,211.0,0.5,278.59,0.46,129.6,0.51,407.0,0.45,322.0,0.52,595.27,0.44,413.0,0.53,415.0,0.43,369.5,0.54,408.0,0.5,278.59,0.53,211.0,0.49,407.0,0.54,129.6,0.48,595.27,0.55,322.0,0.47,430.0,0.56,413.0,0.46,408.0,0.57,369.5
2026-01-07 03:30:56.197000+00:00,2026-01-07 03:30:53.533675+00:00,56.197,0.485,0.48,0.49,0.515,0.51,0.52,568.0,247.9,233.9,543.0,0.47,216.0,0.5,252.62,0.46,177.6,0.51,414.5,0.45,263.0,0.52,595.27,0.44,398.0,0.53,394.0,0.43,369.5,0.54,384.0,0.5,252.62,0.53,228.0,0.49,365.5,0.54,177.6,0.48,525.27,0.55,263.0,0.47,430.0,0.56,398.0,0.46,384.0,0.57,369.5
2026-01-07 03:30:57.243000+00:00,2026-01-07 03:30:54.535133+00:00,57.243,0.485,0.48,0.49,0.515,0.51,0.52,760.0,262.01,81.9,729.0,0.47,374.0,0.5,245.62,0.46,420.6,0.51,365.5,0.45,506.0,0.52,573.27,0.44,519.0,0.53,498.0,0.43,369.5,0.54,396.0,0.5,90.03,0.53,447.0,0.49,80.5,0.54,493.6,0.48,300.0,0.55,567.0,0.47,424.0,0.56,519.0,0.46,408.0,0.57,369.5
2026-01-07 03:30:58.248000+00:00,2026-01-07 03:30:55.532138+00:00,58.248,0.485,0.48,0.49,0.515,0.51,0.52,662.82,157.9,157.9,582.82,0.47,346.0,0.5,259.03,0.46,501.6,0.51,316.0,0.45,591.0,0.52,584.46,0.44,558.0,0.53,474.0,0.43,369.5,0.54,396.0,0.5,259.03,0.53,358.0,0.49,304.0,0.54,525.6,0.48,596.46,0.55,591.0,0.47,498.0,0.56,546.0,0.46,396.0,0.57,369.5
2026-01-07 03:30:59.224000+00:00,2026-01-07 03:30:56.543573+00:00,59.224,0.485,0.48,0.49,0.515,0.51,0.52,399.82,155.9,155.9,414.82,0.47,175.0,0.5,320.03,0.46,221.6,0.51,380.0,0.45,482.0,0.52,656.0,0.44,425.0,0.53,498.0,0.43,369.5,0.54,396.0,0.5,320.03,0.53,175.0,0.49,380.0,0.54,221.6,0.48,656.0,0.55,482.0,0.47,498.0,0.56,425.0,0.46,396.0,0.57,369.5
2026-01-07 03:31:00.152000+00:00,2026-01-07 03:30:57.559158+00:00,60.152,0.485,0.48,0.49,0.515,0.51,0.52,399.82,390.9,390.9,399.82,0.47,151.0,0.5,430.49,0.46,141.6,0.51,438.0,0.45,334.0,0.52,608.0,0.44,437.0,0.53,486.0,0.43,260.5,0.54,384.0,0.5,430.49,0.53,151.0,0.49,438.0,0.54,141.6,0.48,608.0,0.55,334.0,0.47,486.0,0.56,437.0,0.46,384.0,0.57,260.5
2026-01-07 03:31:01.252000+00:00,2026-01-07 03:30:58.577243+00:00,61.252,0.485,0.48,0.49,0.515,0.51,0.52,680.26,205.56,217.07,680.26,0.47,368.99,0.5,417.03,0.46,405.6,0.51,385.0,0.45,506.0,0.52,628.96,0.44,519.0,0.53,533.0,0.43,369.5,0.54,396.0,0.5,417.03,0.53,368.99,0.49,385.0,0.54,405.6,0.48,628.96,0.55,506.0,0.47,533.0,0.56,519.0,0.46,396.0,0.57,369.5
2026-01-07 03:31:02.305000+00:00,2026-01-07 03:30:59.575105+00:00,62.305,0.485,0.48,0.49,0.515,0.51,0.52,657.82,39.07,39.07,580.82,0.47,354.0,0.5,98.03,0.46,505.59,0.51,256.0,0.45,567.0,0.52,644.46,0.44,519.0,0.53,521.0,0.43,369.5,0.54,420.0,0.5,68.03,0.53,369.0,0.49,244.0,0.54,466.6,0.48,656.46,0.55,567.0,0.47,533.0,0.56,519.0,0.46,396.0,0.57,369.5
2026-01-07 03:31:03.128000+00:00,2026-01-07 03:31:00.573744+00:00,63.128,0.495,0.49,0.5,0.505,0.5,0.51,219.93,33.03,33.03,390.93,0.48,645.82,0.51,41.0,0.47,354.0,0.52,286.0,0.46,491.6,0.53,127.0,0.45,567.0,0.54,551.5,0.44,519.0,0.55,1203.0,0.49,41.0,0.52,676.82,0.48,286.0,0.53,354.0,0.47,127.0,0.54,491.6,0.46,527.5,0.55,567.0,0.45,1203.0,0.56,519.0
2026-01-07 03:31:04.224000+00:00,2026-01-07 03:31:01.575311+00:00,64.224,0.505,0.5,0.51,0.495,0.49,0.5,154.97,7.0,7.0,189.97,0.49,705.93,0.52,271.0,0.48,388.0,0.53,90.0,0.47,518.0,0.54,243.0,0.46,503.6,0.55,1003.0,0.45,567.0,0.56,363.0,0.48,277.0,0.51,705.93,0.47,90.0,0.52,388.0,0.46,243.0,0.53,518.0,0.45,1003.0,0.54,503.6,0.44,363.0,0.55,567.0
2026-01-07 03:31:05.261000+00:00,2026-01-07 03:31:02.564509+00:00,65.261,0.505,0.5,0.51,0.485,0.48,0.49,336.96,16.0,206.0,516.0,0.49,541.93,0.52,242.0,0.48,528.0,0.53,80.0,0.47,518.0,0.54,100.46,0.46,557.6,0.55,726.0,0.45,532.0,0.56,320.0,0.47,39.0,0.5,396.96,0.45,717.0,0.51,474.93,0.44,344.0,0.52,516.0,0.43,402.5,0.53,506.0,0.42,304.0,0.54,510.6
2026-01-07 03:31:06.259000+00:00,2026-01-07 03:31:03.573073+00:00,66.259,0.515,0.51,0.52,0.485,0.48,0.49,592.0,22.0,22.0,592.0,0.5,356.97,0.53,56.0,0.49,474.93,0.54,35.0,0.48,522.0,0.55,727.0,0.47,506.0,0.56,86.0,0.46,504.6,0.57,441.0,0.47,56.0,0.5,356.97,0.46,35.0,0.51,474.93,0.45,727.0,0.52,522.0,0.44,86.0,0.53,506.0,0.43,429.0,0.54,504.6
2026-01-07 03:31:07.239000+00:00,2026-01-07 03:31:04.590518+00:00,67.239,0.515,0.51,0.52,0.485,0.48,0.49,615.0,42.0,42.0,685.0,0.5,339.97,0.53,44.0,0.49,468.93,0.54,47.0,0.48,522.0,0.55,739.0,0.47,506.0,0.56,74.0,0.46,504.6,0.57,429.0,0.47,44.0,0.5,269.97,0.46,47.0,0.51,468.93,0.45,739.0,0.52,522.0,0.44,74.0,0.53,506.0,0.43,429.0,0.54,504.6
2026-01-07 03:31:08.299000+00:00,2026-01-07 03:31:05.595154+00:00,68.299,0.515,0.51,0.52,0.485,0.48,0.49,716.0,48.07,73.07,677.0,0.5,257.97,0.53,49.0,0.49,474.93,0.54,128.46,0.48,516.0,0.55,699.0,0.47,494.0,0.56,74.0,0.46,525.6,0.57,473.0,0.47,25.0,0.5,260.96,0.46,140.46,0.51,450.93,0.45,702.0,0.52,504.0,0.44,35.0,0.53,506.0,0.43,473.0,0.54,525.6
2026-01-07 03:31:09.285000+00:00,2026-01-07 03:31:06.596066+00:00,69.285,0.515,0.51,0.52,0.505,0.5,0.51,27.0,758.53,100.0,230.0,0.5,6.0,0.53,394.0,0.49,230.0,0.54,608.0,0.48,70.0,0.55,1064.0,0.47,75.0,0.56,424.0,0.46,62.6,0.57,389.0,0.49,224.0,0.52,55.0,0.48,823.53,0.53,75.0,0.47,419.0,0.54,62.6,0.46,608.0,0.55,208.0,0.45,1064.0,0.56,352.0
2026-01-07 03:31:10.286000+00:00,2026-01-07 03:31:07.596151+00:00,70.286,0.46499999999999997,0.46,0.47,0.535,0.53,0.54,67.6,190.46,190.96,67.6,0.45,366.68,0.48,142.0,0.44,195.0,0.49,150.95,0.43,294.99,0.5,448.0,0.42,453.0,0.51,396.0,0.41,403.0,0.52,427.07,0.52,142.0,0.55,366.68,0.51,150.95,0.56,195.0,0.5,538.0,0.57,294.99,0.49,396.0,0.58,453.0,0.48,412.07,0.59,473.0
2026-01-07 03:31:11.293000+00:00,2026-01-07 03:31:08.606713+00:00,71.293,0.46499999999999997,0.46,0.47,0.535,0.53,0.54,48.6,407.96,527.96,48.6,0.45,132.68,0.48,365.0,0.44,5.0,0.49,271.95,0.43,238.0,0.5,477.0,0.42,664.0,0.51,479.96,0.41,426.0,0.52,417.07,0.52,577.0,0.55,132.68,0.51,259.95,0.56,5.0,0.5,387.0,0.57,20.0,0.49,479.96,0.58,125.0,0.48,417.07,0.59,206.0
2026-01-07 03:31:12.313000+00:00,2026-01-07 03:31:09.617504+00:00,72.313,0.415,0.41,0.42,0.595,0.59,0.6,121.0,318.34,126.0,124.68,0.4,134.68,0.43,255.0,0.39,334.0,0.44,354.0,0.38,145.0,0.45,351.8,0.37,190.0,0.46,474.0,0.36,413.99,0.47,299.96,0.58,322.66,0.61,347.0,0.57,243.0,0.62,169.0,0.56,354.0,0.63,167.0,0.55,399.8,0.64,425.99,0.54,486.0,0.65,389.0
2026-01-07 03:31:13.330000+00:00,2026-01-07 03:31:10.628745+00:00,73.33,0.405,0.4,0.41,0.595,0.59,0.6,59.54,167.0,167.0,59.54,0.39,307.0,0.42,321.66,0.38,387.0,0.43,230.0,0.37,445.0,0.44,384.09,0.36,460.99,0.45,399.8,0.35,459.0,0.46,486.0,0.58,333.66,0.61,307.0,0.57,218.0,0.62,387.0,0.56,396.09,0.63,445.0,0.55,387.8,0.64,460.99,0.54,486.0,0.65,459.0
2026-01-07 03:31:14.336000+00:00,2026-01-07 03:31:11.640897+00:00,74.336,0.405,0.4,0.41,0.595,0.59,0.6,217.54,143.56,242.55,217.54,0.39,377.0,0.42,273.66,0.38,506.0,0.43,218.0,0.37,576.0,0.44,396.09,0.36,530.99,0.45,387.8,0.35,459.0,0.46,486.0,0.58,273.66,0.61,389.0,0.57,218.0,0.62,506.0,0.56,396.09,0.63,576.0,0.55,387.8,0.64,530.99,0.54,486.0,0.65,459.0
2026-01-07 03:31:15.371000+00:00,2026-01-07 03:31:12.660080+00:00,75.371,0.375,0.37,0.38,0.625,0.62,0.63,562.0,202.0,210.0,574.0,0.36,722.0,0.39,167.0,0.35,503.0,0.4,92.81,0.34,529.0,0.41,429.55,0.33,509.0,0.42,357.66,0.32,449.0,0.43,396.0,0.61,228.0,0.64,722.0,0.6,153.81,0.65,503.0,0.59,413.55,0.66,529.0,0.58,357.66,0.67,509.0,0.57,396.0,0.68,449.0
2026-01-07 03:31:16.365000+00:00,2026-01-07 03:31:13.658165+00:00,76.365,0.395,0.39,0.4,0.605,0.6,0.61,256.0,137.0,76.0,79.0,0.38,271.0,0.41,124.56,0.37,484.0,0.42,178.66,0.36,760.0,0.43,234.0,0.35,534.0,0.44,471.09,0.34,523.99,0.45,387.8,0.59,185.56,0.62,307.0,0.58,178.66,0.63,345.0,0.57,295.0,0.64,760.0,0.56,471.09,0.65,534.0,0.55,387.8,0.66,523.99
2026-01-07 03:31:17.358000+00:00,2026-01-07 03:31:14.656747+00:00,77.358,0.395,0.39,0.4,0.605,0.6,0.61,43.0,309.0,164.0,36.67,0.38,123.0,0.41,355.56,0.37,105.0,0.42,385.66,0.36,897.0,0.43,404.0,0.35,534.0,0.44,719.09,0.34,558.99,0.45,340.8,0.59,355.56,0.62,123.0,0.58,385.66,0.63,105.0,0.57,404.0,0.64,817.0,0.56,719.09,0.65,569.0,0.55,340.8,0.66,558.99
2026-01-07 03:31:18.376000+00:00,2026-01-07 03:31:15.673534+00:00,78.376,0.385,0.38,0.39,0.615,0.61,0.62,55.0,170.34,160.34,55.0,0.37,221.0,0.4,252.0,0.36,421.0,0.41,282.56,0.35,581.0,0.42,264.66,0.34,570.99,0.43,416.0,0.33,509.0,0.44,695.09,0.6,252.0,0.63,221.0,0.59,282.56,0.64,421.0,0.58,264.66,0.65,581.0,0.57,416.0,0.66,570.99,0.56,695.09,0.67,509.0
2026-01-07 03:31:19.335000+00:00,2026-01-07 03:31:16.672932+00:00,79.335,0.405,0.4,0.41,0.595,0.59,0.6,65.0,296.56,296.56,126.0,0.39,149.0,0.42,269.66,0.38,520.0,0.43,282.0,0.37,536.0,0.44,471.09,0.36,421.0,0.45,351.8,0.35,540.99,0.46,969.0,0.58,269.66,0.61,210.0,0.57,282.0,0.62,520.0,0.56,471.09,0.63,536.0,0.55,351.8,0.64,421.0,0.54,969.0,0.65,540.99
2026-01-07 03:31:20.359000+00:00,2026-01-07 03:31:17.674388+00:00,80.359,0.375,0.37,0.38,0.625,0.62,0.63,70.0,153.84,153.84,113.0,0.36,341.0,0.39,278.0,0.35,328.0,0.4,134.0,0.34,387.0,0.41,451.56,0.33,591.0,0.42,517.66,0.32,519.0,0.43,396.0,0.61,339.0,0.64,421.0,0.6,195.0,0.65,307.99,0.59,330.56,0.66,368.0,0.58,517.66,0.67,591.0,0.57,396.0,0.68,519.0
2026-01-07 03:31:21.385000+00:00,2026-01-07 03:31:18.675679+00:00,81.385,0.375,0.37,0.38,0.625,0.62,0.63,38.0,126.0,172.0,88.0,0.36,635.0,0.39,275.0,0.35,411.0,0.4,195.0,0.34,524.0,0.41,349.56,0.33,451.0,0.42,378.66,0.32,599.0,0.43,486.0,0.61,304.0,0.64,444.0,0.6,185.0,0.65,517.99,0.59,401.56,0.66,474.0,0.58,388.66,0.67,439.0,0.57,675.0,0.68,599.0
2026-01-07 03:31:22.386000+00:00,2026-01-07 03:31:19.689552+00:00,82.386,0.375,0.37,0.38,0.625,0.62,0.63,749.0,15.0,15.0,749.0,0.36,395.0,0.39,45.0,0.35,578.99,0.4,98.0,0.34,611.0,0.41,350.56,0.33,509.0,0.42,257.66,0.32,449.0,0.43,511.0,0.61,45.0,0.64,395.0,0.6,98.0,0.65,578.99,0.59,167.56,0.66,611.0,0.58,257.66,0.67,509.0,0.57,511.0,0.68,449.0
2026-01-07 03:31:23.341000+00:00,2026-01-07 03:31:20.699486+00:00,83.341,0.375,0.37,0.38,0.625,0.62,0.63,834.0,61.0,61.0,530.0,0.36,500.0,0.39,231.0,0.35,563.99,0.4,157.0,0.34,556.0,0.41,289.56,0.33,509.0,0.42,378.66,0.32,449.0,0.43,632.0,0.61,292.0,0.64,196.0,0.6,218.0,0.65,380.99,0.59,350.56,0.66,556.0,0.58,378.66,0.67,509.0,0.57,632.0,0.68,449.0
2026-01-07 03:31:24.411000+00:00,2026-01-07 03:31:21.712775+00:00,84.411,0.375,0.37,0.38,0.625,0.62,0.63,500.0,61.0,61.0,505.0,0.36,337.0,0.39,302.0,0.35,502.99,0.4,291.0,0.34,556.0,0.41,302.56,0.33,509.0,0.42,402.66,0.32,449.0,0.43,620.0,0.61,302.0,0.64,447.0,0.6,267.0,0.65,502.99,0.59,302.56,0.66,556.0,0.58,378.66,0.67,509.0,0.57,608.0,0.68,449.0
2026-01-07 03:31:25.391000+00:00,2026-01-07 03:31:22.720683+00:00,85.391,0.375,0.37,0.38,0.625,0.62,0.63,497.0,44.02,44.02,497.0,0.36,523.0,0.39,55.0,0.35,534.0,0.4,179.0,0.34,586.0,0.41,294.56,0.33,509.0,0.42,257.66,0.32,449.0,0.43,511.0,0.61,45.0,0.64,523.0,0.6,189.0,0.65,534.0,0.59,294.56,0.66,586.0,0.58,257.66,0.67,509.0,0.57,511.0,0.68,449.0
2026-01-07 03:31:26.426000+00:00,2026-01-07 03:31:23.739278+00:00,86.426,0.375,0.37,0.38,0.625,0.62,0.63,461.0,39.02,145.02,437.0,0.36,453.0,0.39,119.0,0.35,554.0,0.4,128.0,0.34,571.0,0.41,270.56,0.33,524.0,0.42,269.66,0.32,449.0,0.43,499.0,0.61,91.0,0.64,442.0,0.6,104.0,0.65,640.0,0.59,270.56,0.66,574.0,0.58,402.66,0.67,521.0,0.57,499.0,0.68,449.0
2026-01-07 03:31:27.440000+00:00,2026-01-07 03:31:24.755510+00:00,87.44,0.375,0.37,0.38,0.625,0.62,0.63,262.0,349.02,334.02,262.0,0.36,265.0,0.39,273.0,0.35,265.0,0.4,262.0,0.34,601.0,0.41,428.56,0.33,585.99,0.42,468.66,0.32,449.0,0.43,608.0,0.61,285.0,0.64,265.0,0.6,237.0,0.65,345.0,0.59,428.56,0.66,479.0,0.58,468.66,0.67,585.99,0.57,608.0,0.68,449.0
2026-01-07 03:31:28.322000+00:00,2026-01-07 03:31:25.762752+00:00,88.322,0.375,0.37,0.38,0.625,0.62,0.63,99.0,128.02,97.02,99.0,0.36,265.0,0.39,309.0,0.35,502.0,0.4,213.0,0.34,455.0,0.41,319.56,0.33,573.99,0.42,359.66,0.32,461.0,0.43,608.0,0.61,309.0,0.64,265.0,0.6,213.0,0.65,538.0,0.59,319.56,0.66,419.0,0.58,359.66,0.67,573.99,0.57,608.0,0.68,461.0
2026-01-07 03:31:29.477000+00:00,2026-01-07 03:31:26.772917+00:00,89.477,0.375,0.37,0.38,0.625,0.62,0.63,200.0,79.0,28.0,216.0,0.36,360.0,0.39,273.0,0.35,437.99,0.4,213.0,0.34,407.0,0.41,295.56,0.33,544.0,0.42,347.66,0.32,449.0,0.43,608.0,0.61,223.0,0.64,327.0,0.6,331.0,0.65,421.0,0.59,270.56,0.66,407.0,0.58,395.66,0.67,509.0,0.57,620.0,0.68,449.0
2026-01-07 03:31:30.194000+00:00,2026-01-07 03:31:27.765335+00:00,90.194,0.375,0.37,0.38,0.625,0.62,0.63,377.0,13.0,13.0,362.0,0.36,165.0,0.39,238.0,0.35,485.0,0.4,331.0,0.34,407.0,0.41,294.56,0.33,509.0,0.42,383.66,0.32,449.0,0.43,608.0,0.61,55.0,0.64,165.0,0.6,331.0,0.65,546.0,0.59,294.56,0.66,407.0,0.58,383.66,0.67,509.0,0.57,608.0,0.68,449.0
2026-01-07 03:31:31.475000+00:00,2026-01-07 03:31:28.773773+00:00,91.475,0.4,0.39,0.41,0.6,0.59,0.61,256.0,112.56,112.56,309.0,0.38,574.0,0.42,256.66,0.37,459.0,0.43,275.0,0.36,690.0,0.44,369.09,0.35,534.0,0.45,351.8,0.34,387.0,0.46,934.0,0.58,73.66,0.62,605.0,0.57,116.0,0.63,488.99,0.56,338.09,0.64,690.0,0.55,254.8,0.65,534.0,0.54,946.0,0.66,387.0
2026-01-07 03:31:32.290000+00:00,2026-01-07 03:31:29.776155+00:00,92.29,0.395,0.39,0.4,0.605,0.6,0.61,358.0,139.66,139.66,142.21,0.38,663.0,0.41,92.56,0.37,488.99,0.42,219.66,0.36,690.0,0.43,214.0,0.35,534.0,0.44,483.09,0.34,387.0,0.45,363.8,0.59,92.56,0.62,359.0,0.58,280.66,0.63,367.99,0.57,275.0,0.64,690.0,0.56,483.09,0.65,534.0,0.55,363.8,0.66,387.0
2026-01-07 03:31:33.448000+00:00,2026-01-07 03:31:30.768009+00:00,93.448,0.395,0.39,0.4,0.605,0.6,0.61,107.21,179.66,166.66,107.21,0.38,197.0,0.41,128.56,0.37,394.0,0.42,232.66,0.36,708.0,0.43,263.0,0.35,546.0,0.44,471.09,0.34,387.0,0.45,351.8,0.59,140.56,0.62,140.0,0.58,232.66,0.63,445.0,0.57,287.0,0.64,720.0,0.56,471.09,0.65,534.0,0.55,351.8,0.66,399.0
2026-01-07 03:31:34.456000+00:00,2026-01-07 03:31:31.767089+00:00,94.456,0.395,0.39,0.4,0.605,0.6,0.61,155.0,151.66,151.66,155.0,0.38,220.0,0.41,140.56,0.37,439.99,0.42,232.66,0.36,690.0,0.43,287.0,0.35,534.0,0.44,471.09,0.34,399.0,0.45,351.8,0.59,140.56,0.62,220.0,0.58,232.66,0.63,439.99,0.57,287.0,0.64,690.0,0.56,471.09,0.65,534.0,0.55,351.8,0.66,399.0
2026-01-07 03:31:35.352000+00:00,2026-01-07 03:31:32.762386+00:00,95.352,0.395,0.39,0.4,0.605,0.6,0.61,70.0,139.66,139.66,70.0,0.38,232.0,0.41,128.56,0.37,439.99,0.42,244.66,0.36,454.0,0.43,287.0,0.35,546.0,0.44,765.09,0.34,387.0,0.45,421.8,0.59,140.56,0.62,232.0,0.58,244.66,0.63,415.99,0.57,287.0,0.64,454.0,0.56,765.09,0.65,546.0,0.55,421.8,0.66,387.0
2026-01-07 03:31:36.367000+00:00,2026-01-07 03:31:33.756097+00:00,96.367,0.395,0.39,0.4,0.605,0.6,0.61,70.0,129.31,149.31,70.0,0.38,268.0,0.41,323.56,0.37,191.0,0.42,244.66,0.36,484.0,0.43,275.0,0.35,546.0,0.44,777.09,0.34,387.0,0.45,421.8,0.59,323.56,0.62,268.0,0.58,244.66,0.63,191.0,0.57,275.0,0.64,484.0,0.56,777.09,0.65,546.0,0.55,421.8,0.66,387.0
2026-01-07 03:31:37.483000+00:00,2026-01-07 03:31:34.770879+00:00,97.483,0.415,0.41,0.42,0.585,0.58,0.59,144.44,5.0,5.0,257.44,0.4,401.0,0.43,143.31,0.39,680.0,0.44,96.09,0.38,466.0,0.45,194.0,0.37,474.0,0.46,848.0,0.36,419.0,0.47,425.96,0.57,143.31,0.6,374.0,0.56,99.09,0.61,668.0,0.55,206.0,0.62,466.0,0.54,848.0,0.63,474.0,0.53,331.5,0.64,419.0
2026-01-07 03:31:38.498000+00:00,2026-01-07 03:31:35.793843+00:00,98.498,0.415,0.41,0.42,0.59,0.58,0.6,109.44,237.0,242.0,285.0,0.4,589.0,0.43,214.0,0.39,680.0,0.44,206.09,0.38,544.0,0.45,413.0,0.37,474.0,0.46,969.0,0.36,446.0,0.47,257.5,0.57,275.0,0.61,388.0,0.56,357.09,0.62,423.0,0.55,396.0,0.63,474.0,0.54,969.0,0.64,446.0,0.53,307.5,0.65,484.0
2026-01-07 03:31:39.479000+00:00,2026-01-07 03:31:36.792840+00:00,99.479,0.405,0.4,0.41,0.595,0.59,0.6,185.0,151.77,90.77,185.0,0.39,419.0,0.42,90.0,0.38,399.0,0.43,273.0,0.37,486.0,0.44,357.09,0.36,419.0,0.45,384.0,0.35,496.0,0.46,1193.0,0.58,102.0,0.61,431.0,0.57,285.0,0.62,423.0,0.56,357.09,0.63,486.0,0.55,384.0,0.64,419.0,0.54,1205.0,0.65,496.0
2026-01-07 03:31:40.503000+00:00,2026-01-07 03:31:37.805921+00:00,100.503,0.405,0.4,0.41,0.595,0.59,0.6,100.0,256.77,241.77,100.0,0.39,187.0,0.42,278.0,0.38,275.0,0.43,297.0,0.37,478.99,0.44,479.09,0.36,481.0,0.45,408.0,0.35,519.0,0.46,1016.0,0.58,218.0,0.61,187.0,0.57,355.0,0.62,92.0,0.56,479.09,0.63,478.99,0.55,408.0,0.64,481.0,0.54,1016.0,0.65,519.0
2026-01-07 03:31:41.401000+00:00,2026-01-07 03:31:38.828710+00:00,101.401,0.395,0.39,0.4,0.605,0.6,0.61,198.0,21.0,15.0,174.0,0.38,91.0,0.41,370.77,0.37,364.99,0.42,279.0,0.36,466.0,0.43,273.0,0.35,484.0,0.44,549.09,0.34,362.0,0.45,490.0,0.59,370.77,0.62,115.0,0.58,291.0,0.63,364.99,0.57,273.0,0.64,466.0,0.56,549.09,0.65,484.0,0.55,490.0,0.66,362.0
2026-01-07 03:31:42.553000+00:00,2026-01-07 03:31:39.830000+00:00,102.553,0.395,0.39,0.4,0.605,0.6,0.61,15.0,233.0,345.0,15.0,0.38,35.0,0.41,347.46,0.37,466.0,0.42,364.0,0.36,484.0,0.43,384.0,0.35,484.0,0.44,549.09,0.34,362.0,0.45,454.0,0.59,359.46,0.62,35.0,0.58,388.0,0.63,476.0,0.57,396.0,0.64,556.0,0.56,549.09,0.65,531.0,0.55,454.0,0.66,362.0
2026-01-07 03:31:43.501000+00:00,2026-01-07 03:31:40.841095+00:00,103.501,0.385,0.38,0.39,0.615,0.61,0.62,35.0,242.87,242.87,35.0,0.37,485.0,0.4,341.0,0.36,266.0,0.41,263.0,0.35,509.99,0.42,255.0,0.34,287.0,0.43,396.0,0.33,501.0,0.44,549.09,0.6,353.0,0.63,485.0,0.59,275.0,0.64,266.0,0.58,255.0,0.65,521.99,0.57,396.0,0.66,287.0,0.56,549.09,0.67,501.0
2026-01-07 03:31:44.497000+00:00,2026-01-07 03:31:41.845938+00:00,104.497,0.365,0.36,0.37,0.635,0.63,0.64,32.0,50.31,50.31,32.0,0.35,140.0,0.38,131.0,0.34,514.0,0.39,160.07,0.33,449.0,0.4,299.0,0.32,374.0,0.41,357.0,0.31,389.0,0.42,483.0,0.62,131.0,0.65,140.0,0.61,160.07,0.66,509.0,0.6,299.0,0.67,449.0,0.59,357.0,0.68,389.0,0.58,483.0,0.69,374.0
2026-01-07 03:31:45.558000+00:00,2026-01-07 03:31:42.842033+00:00,105.558,0.36,0.35,0.37,0.64,0.63,0.65,162.0,70.31,70.31,162.0,0.34,457.0,0.38,164.0,0.33,493.99,0.39,132.07,0.32,391.0,0.4,263.0,0.31,374.0,0.41,345.0,0.3,374.0,0.42,459.0,0.62,164.0,0.66,457.0,0.61,196.07,0.67,493.99,0.6,263.0,0.68,391.0,0.59,345.0,0.69,374.0,0.58,459.0,0.7,374.0
2026-01-07 03:31:46.545000+00:00,2026-01-07 03:31:43.857865+00:00,106.545,0.36,0.35,0.37,0.64,0.63,0.65,140.0,145.31,142.31,152.0,0.34,457.0,0.38,189.0,0.33,493.99,0.39,121.07,0.32,391.0,0.4,275.0,0.31,374.0,0.41,333.0,0.3,374.0,0.42,424.0,0.62,189.0,0.66,457.0,0.61,121.07,0.67,493.99,0.6,275.0,0.68,391.0,0.59,333.0,0.69,374.0,0.58,424.0,0.7,374.0
2026-01-07 03:31:47.552000+00:00,2026-01-07 03:31:44.854124+00:00,107.552,0.355,0.35,0.36,0.645,0.64,0.65,110.0,164.0,164.0,110.0,0.34,362.0,0.37,154.0,0.33,493.99,0.38,257.0,0.32,403.0,0.39,121.07,0.31,410.0,0.4,353.0,0.3,386.0,0.41,333.0,0.63,154.0,0.66,362.0,0.62,257.0,0.67,493.99,0.61,121.07,0.68,403.0,0.6,353.0,0.69,410.0,0.59,333.0,0.7,386.0
2026-01-07 03:31:48.572000+00:00,2026-01-07 03:31:45.862175+00:00,108.572,0.375,0.37,0.38,0.625,0.62,0.63,345.0,84.0,84.0,474.99,0.36,618.0,0.39,224.0,0.35,458.0,0.4,94.0,0.34,356.0,0.41,80.0,0.33,441.0,0.42,265.0,0.32,391.0,0.43,472.0,0.61,35.0,0.64,578.0,0.6,25.0,0.65,458.0,0.59,221.31,0.66,344.0,0.58,277.0,0.67,429.0,0.57,472.0,0.68,379.0
2026-01-07 03:31:49.575000+00:00,2026-01-07 03:31:46.877650+00:00,109.575,0.395,0.39,0.4,0.605,0.6,0.61,58.0,123.02,123.02,119.0,0.38,212.98,0.41,176.0,0.37,594.99,0.42,277.0,0.36,709.0,0.43,248.0,0.35,471.0,0.44,386.09,0.34,353.0,0.45,424.0,0.59,176.0,0.62,212.98,0.58,277.0,0.63,468.99,0.57,248.0,0.64,709.0,0.56,386.09,0.65,471.0,0.55,424.0,0.66,353.0
2026-01-07 03:31:50.253000+00:00,2026-01-07 03:31:47.885689+00:00,110.253,0.395,0.39,0.4,0.605,0.6,0.61,108.0,187.02,187.02,93.0,0.38,204.98,0.41,130.0,0.37,450.99,0.42,277.0,0.36,712.0,0.43,248.0,0.35,483.0,0.44,386.09,0.34,314.0,0.45,424.0,0.59,130.0,0.62,219.98,0.58,277.0,0.63,450.99,0.57,248.0,0.64,697.0,0.56,386.09,0.65,483.0,0.55,424.0,0.66,314.0
2026-01-07 03:31:51.568000+00:00,2026-01-07 03:31:48.886304+00:00,111.568,0.395,0.39,0.4,0.615,0.61,0.62,5.0,338.02,35.0,106.98,0.38,106.98,0.41,189.0,0.37,77.0,0.42,313.0,0.36,690.0,0.43,451.0,0.35,446.0,0.44,668.09,0.34,361.0,0.45,494.0,0.6,369.02,0.63,77.0,0.59,275.0,0.64,386.0,0.58,313.0,0.65,263.0,0.57,451.0,0.66,361.0,0.56,633.09,0.67,426.0
2026-01-07 03:31:52.585000+00:00,2026-01-07 03:31:49.887491+00:00,112.585,0.385,0.38,0.39,0.615,0.61,0.62,25.0,232.31,280.31,25.0,0.36,366.98,0.4,313.0,0.35,463.99,0.41,275.0,0.34,349.0,0.42,253.0,0.33,414.0,0.43,439.0,0.32,374.0,0.44,633.09,0.6,301.0,0.64,366.98,0.59,275.0,0.65,475.99,0.58,253.0,0.66,373.0,0.57,439.0,0.67,426.0,0.56,633.09,0.68,398.0
2026-01-07 03:31:53.583000+00:00,2026-01-07 03:31:50.907750+00:00,113.583,0.385,0.38,0.39,0.615,0.61,0.62,95.0,268.31,268.31,95.0,0.37,70.0,0.4,238.0,0.36,296.98,0.41,336.0,0.35,324.0,0.42,253.0,0.34,398.0,0.43,439.0,0.33,431.0,0.44,633.09,0.6,321.0,0.63,70.0,0.59,275.0,0.64,296.98,0.58,374.0,0.65,324.0,0.57,439.0,0.66,398.0,0.56,633.09,0.67,431.0
2026-01-07 03:31:54.446000+00:00,2026-01-07 03:31:51.903316+00:00,114.446,0.385,0.38,0.39,0.615,0.61,0.62,175.0,285.31,265.31,175.0,0.37,70.0,0.4,258.0,0.36,440.98,0.41,336.0,0.35,263.0,0.42,374.0,0.34,403.0,0.43,439.0,0.33,426.0,0.44,633.09,0.6,258.0,0.63,70.0,0.59,336.0,0.64,440.98,0.58,374.0,0.65,263.0,0.57,439.0,0.66,403.0,0.56,633.09,0.67,426.0
2026-01-07 03:31:55.626000+00:00,2026-01-07 03:31:52.919324+00:00,115.626,0.385,0.38,0.39,0.615,0.61,0.62,25.0,727.31,767.31,25.0,0.37,12.0,0.4,393.0,0.36,56.0,0.41,396.0,0.35,296.0,0.42,386.0,0.34,338.0,0.43,439.0,0.33,465.99,0.44,424.08,0.6,345.0,0.64,136.0,0.59,384.0,0.65,208.0,0.58,386.0,0.66,316.0,0.57,439.0,0.67,491.0,0.56,424.08,0.68,451.0
2026-01-07 03:31:56.509000+00:00,2026-01-07 03:31:53.922887+00:00,116.509,0.365,0.36,0.37,0.635,0.63,0.64,16.0,342.02,334.02,16.0,0.35,145.0,0.38,323.0,0.34,253.0,0.39,717.0,0.33,276.0,0.4,295.0,0.32,475.0,0.41,384.0,0.31,476.0,0.42,409.0,0.62,313.0,0.65,225.0,0.61,727.0,0.66,374.0,0.6,295.0,0.67,398.0,0.59,384.0,0.68,480.0,0.58,409.0,0.69,476.0
2026-01-07 03:31:57.622000+00:00,2026-01-07 03:31:54.926651+00:00,117.622,0.365,0.36,0.37,0.635,0.63,0.64,76.0,288.02,288.02,156.0,0.35,155.0,0.38,298.0,0.34,374.0,0.39,742.0,0.33,459.0,0.4,295.0,0.32,480.0,0.41,384.0,0.31,476.0,0.42,409.0,0.62,298.0,0.65,155.0,0.61,742.0,0.66,374.0,0.6,295.0,0.67,459.0,0.59,384.0,0.68,480.0,0.58,409.0,0.69,476.0
2026-01-07 03:31:58.629000+00:00,2026-01-07 03:31:55.922810+00:00,118.629,0.345,0.33,0.36,0.665,0.66,0.67,41.97,230.8,60.0,20.97,0.32,229.02,0.37,269.86,0.31,399.99,0.38,488.0,0.3,496.0,0.39,789.0,0.29,449.0,0.4,477.0,0.28,535.0,0.41,419.0,0.65,202.0,0.68,213.02,0.64,200.8,0.69,253.99,0.63,279.86,0.7,313.0,0.62,488.0,0.71,449.0,0.61,789.0,0.72,535.0
2026-01-07 03:31:59.622000+00:00,2026-01-07 03:31:56.938689+00:00,119.622,0.335,0.33,0.34,0.665,0.66,0.67,95.95,183.0,188.0,95.95,0.32,85.0,0.35,343.0,0.31,336.99,0.36,224.8,0.3,301.0,0.37,298.0,0.29,473.0,0.38,384.0,0.28,550.0,0.39,878.2,0.65,355.0,0.68,85.0,0.64,212.8,0.69,336.99,0.63,298.0,0.7,301.0,0.62,384.0,0.71,473.0,0.61,878.2,0.72,550.0
2026-01-07 03:32:00.636000+00:00,2026-01-07 03:31:57.937409+00:00,120.636,0.335,0.33,0.34,0.665,0.66,0.67,108.97,210.0,222.0,108.97,0.32,201.0,0.35,343.0,0.31,579.99,0.36,212.8,0.3,423.0,0.37,366.0,0.29,473.0,0.38,384.0,0.28,461.0,0.39,824.2,0.65,343.0,0.68,201.0,0.64,212.8,0.69,579.99,0.63,366.0,0.7,423.0,0.62,384.0,0.71,473.0,0.61,824.2,0.72,461.0
2026-01-07 03:32:01.638000+00:00,2026-01-07 03:31:58.939777+00:00,121.638,0.325,0.32,0.33,0.705,0.7,0.71,5.0,30.0,127.0,35.0,0.31,15.0,0.34,471.77,0.29,35.0,0.35,359.0,0.28,118.97,0.36,570.8,0.27,201.0,0.37,499.0,0.26,365.99,0.38,454.0,0.69,115.0,0.72,118.97,0.68,172.0,0.73,201.0,0.67,258.0,0.74,365.99,0.66,249.0,0.75,471.0,0.65,349.0,0.76,505.0
2026-01-07 03:32:02.622000+00:00,2026-01-07 03:31:59.953644+00:00,122.622,0.305,0.3,0.31,0.695,0.69,0.7,235.97,94.77,124.77,200.0,0.29,431.0,0.32,146.88,0.28,437.0,0.33,274.0,0.27,396.0,0.34,323.0,0.26,486.0,0.35,334.0,0.25,379.0,0.36,449.8,0.68,206.88,0.71,478.56,0.67,274.0,0.72,371.0,0.66,337.0,0.73,437.99,0.65,263.0,0.74,510.0,0.64,449.8,0.75,391.0
2026-01-07 03:32:03.668000+00:00,2026-01-07 03:32:00.955249+00:00,123.668,0.305,0.3,0.31,0.695,0.69,0.7,76.0,145.77,73.77,30.0,0.29,147.56,0.32,158.88,0.28,176.0,0.33,273.0,0.27,437.99,0.34,263.0,0.26,486.0,0.35,273.0,0.25,415.0,0.36,570.8,0.68,230.88,0.71,147.56,0.67,270.0,0.72,200.0,0.66,352.0,0.73,425.99,0.65,273.0,0.74,510.0,0.64,570.8,0.75,391.0
2026-01-07 03:32:04.657000+00:00,2026-01-07 03:32:01.958209+00:00,124.657,0.28500000000000003,0.28,0.29,0.715,0.71,0.72,131.0,96.77,96.77,131.0,0.27,350.56,0.3,316.0,0.26,434.0,0.31,294.0,0.25,415.0,0.32,161.88,0.24,469.0,0.33,359.0,0.23,461.0,0.34,394.0,0.7,293.0,0.73,350.56,0.69,284.0,0.74,446.0,0.68,111.88,0.75,415.0,0.67,298.0,0.76,481.0,0.66,359.0,0.77,473.0
2026-01-07 03:32:05.656000+00:00,2026-01-07 03:32:02.959251+00:00,125.656,0.28500000000000003,0.28,0.29,0.715,0.71,0.72,418.96,188.0,188.0,393.96,0.27,340.0,0.3,183.0,0.26,578.0,0.31,218.0,0.25,333.0,0.32,220.88,0.24,539.0,0.33,502.0,0.23,449.0,0.34,334.0,0.7,218.0,0.73,364.0,0.69,276.77,0.74,330.0,0.68,185.88,0.75,321.0,0.67,474.0,0.76,539.0,0.66,381.0,0.77,449.0
2026-01-07 03:32:06.548000+00:00,2026-01-07 03:32:03.969738+00:00,126.548,0.295,0.29,0.3,0.705,0.7,0.71,412.56,56.0,56.0,412.56,0.28,481.99,0.31,93.77,0.27,486.0,0.32,131.88,0.26,485.0,0.33,343.0,0.25,403.0,0.34,337.0,0.24,469.0,0.35,437.0,0.69,93.77,0.72,481.99,0.68,155.88,0.73,486.0,0.67,319.0,0.74,485.0,0.66,337.0,0.75,403.0,0.65,437.0,0.76,469.0
2026-01-07 03:32:07.674000+00:00,2026-01-07 03:32:04.971213+00:00,127.674,0.36,0.35,0.37,0.635,0.63,0.64,190.0,15.0,50.0,166.0,0.34,179.0,0.38,123.46,0.33,149.0,0.39,722.2,0.32,567.12,0.4,183.0,0.31,285.0,0.41,183.0,0.3,300.0,0.42,188.0,0.62,133.46,0.65,315.0,0.61,722.2,0.66,335.0,0.6,35.0,0.67,245.0,0.59,218.0,0.68,542.12,0.58,188.0,0.69,285.0
2026-01-07 03:32:08.686000+00:00,2026-01-07 03:32:05.982540+00:00,128.686,0.375,0.37,0.38,0.625,0.62,0.63,117.0,122.46,256.46,117.0,0.36,183.0,0.39,673.2,0.35,451.56,0.4,35.0,0.34,359.0,0.41,35.0,0.33,372.99,0.42,223.0,0.32,601.12,0.43,309.0,0.61,633.2,0.64,183.0,0.6,35.0,0.65,451.56,0.59,35.0,0.66,398.0,0.58,223.0,0.67,360.99,0.57,309.0,0.68,591.12
2026-01-07 03:32:09.662000+00:00,2026-01-07 03:32:06.978955+00:00,129.662,0.375,0.37,0.38,0.625,0.62,0.63,16.0,439.46,456.46,16.0,0.35,147.56,0.39,792.2,0.34,250.0,0.4,339.0,0.33,363.99,0.41,339.0,0.32,567.12,0.42,344.0,0.31,404.0,0.43,309.0,0.61,792.2,0.66,350.97,0.6,339.0,0.67,309.0,0.59,563.0,0.68,444.12,0.58,344.0,0.69,358.0,0.57,309.0,0.7,359.0
2026-01-07 03:32:10.685000+00:00,2026-01-07 03:32:07.986960+00:00,130.685,0.315,0.31,0.32,0.685,0.68,0.69,51.0,93.0,97.0,51.0,0.3,663.0,0.33,157.0,0.29,366.33,0.34,206.0,0.28,392.99,0.35,157.0,0.27,354.0,0.36,157.0,0.26,390.0,0.37,323.0,0.67,266.0,0.7,359.0,0.66,218.0,0.71,245.33,0.65,157.0,0.72,380.99,0.64,157.0,0.73,366.0,0.63,323.0,0.74,378.0
2026-01-07 03:32:11.649000+00:00,2026-01-07 03:32:09.002002+00:00,131.649,0.305,0.3,0.31,0.695,0.69,0.7,344.0,16.41,94.41,245.0,0.29,257.33,0.32,123.0,0.28,460.99,0.33,92.0,0.27,448.0,0.34,304.0,0.26,448.0,0.35,218.0,0.25,391.0,0.36,218.0,0.68,135.0,0.71,315.33,0.67,32.0,0.72,460.99,0.66,302.0,0.73,436.0,0.65,218.0,0.74,448.0,0.64,218.0,0.75,391.0
2026-01-07 03:32:12.692000+00:00,2026-01-07 03:32:10.009607+00:00,132.692,0.305,0.3,0.31,0.695,0.69,0.7,5.0,202.41,202.41,5.0,0.28,459.0,0.32,189.0,0.27,528.0,0.33,228.0,0.26,445.99,0.34,292.0,0.25,415.0,0.35,339.0,0.24,461.0,0.36,304.0,0.68,255.0,0.72,155.0,0.67,228.0,0.73,528.0,0.66,292.0,0.74,445.99,0.65,339.0,0.75,415.0,0.64,304.0,0.76,461.0
2026-01-07 03:32:13.703000+00:00,2026-01-07 03:32:11.009749+00:00,133.703,0.305,0.3,0.31,0.695,0.69,0.7,17.0,96.0,96.0,17.0,0.29,127.0,0.32,243.0,0.28,97.0,0.33,300.0,0.27,570.0,0.34,331.0,0.26,428.0,0.35,354.0,0.25,379.0,0.36,304.0,0.68,243.0,0.71,127.0,0.67,288.0,0.72,97.0,0.66,319.0,0.73,570.0,0.65,354.0,0.74,428.0,0.64,304.0,0.75,379.0
2026-01-07 03:32:14.744000+00:00,2026-01-07 03:32:12.015798+00:00,134.744,0.295,0.29,0.3,0.705,0.7,0.71,12.0,85.0,15.0,127.0,0.28,249.0,0.31,84.37,0.27,464.0,0.32,255.0,0.26,463.0,0.33,266.0,0.25,391.0,0.34,233.0,0.24,553.0,0.35,425.0,0.69,84.37,0.72,410.0,0.68,243.0,0.73,464.0,0.67,242.0,0.74,451.0,0.66,233.0,0.75,391.0,0.65,425.0,0.76,553.0
2026-01-07 03:32:15.598000+00:00,2026-01-07 03:32:13.006886+00:00,135.598,0.3,0.29,0.31,0.715,0.71,0.72,220.0,84.37,298.0,5.0,0.28,488.0,0.32,254.0,0.27,501.0,0.33,230.0,0.26,416.0,0.34,243.0,0.25,403.0,0.35,304.0,0.24,553.0,0.36,374.0,0.7,297.0,0.73,304.0,0.69,297.0,0.74,304.0,0.68,414.0,0.75,588.0,0.67,339.0,0.76,474.0,0.66,393.0,0.77,406.0
2026-01-07 03:32:16.733000+00:00,2026-01-07 03:32:14.013204+00:00,136.733,0.255,0.25,0.26,0.745,0.74,0.75,264.0,107.0,107.0,264.0,0.24,314.0,0.27,105.0,0.23,454.0,0.28,117.0,0.22,572.99,0.29,288.0,0.21,461.0,0.3,331.0,0.2,513.58,0.31,263.0,0.73,140.0,0.76,429.0,0.72,127.0,0.77,414.0,0.71,288.0,0.78,403.0,0.7,288.0,0.79,531.0,0.69,344.0,0.8,638.58
2026-01-07 03:32:17.560000+00:00,2026-01-07 03:32:15.005140+00:00,137.56,0.255,0.25,0.26,0.745,0.74,0.75,257.91,66.38,66.38,257.91,0.24,459.6,0.27,80.0,0.23,396.0,0.28,272.0,0.22,444.99,0.29,280.0,0.21,543.0,0.3,303.0,0.2,602.58,0.31,344.0,0.73,80.0,0.76,459.6,0.72,272.0,0.77,396.0,0.71,280.0,0.78,444.99,0.7,288.0,0.79,543.0,0.69,359.0,0.8,602.58
2026-01-07 03:32:18.661000+00:00,2026-01-07 03:32:16.005773+00:00,138.661,0.245,0.24,0.25,0.755,0.75,0.76,15.0,275.0,268.24,15.0,0.22,168.0,0.26,385.38,0.21,458.0,0.27,290.0,0.2,604.99,0.28,293.0,0.19,399.0,0.29,263.0,0.18,391.0,0.3,444.0,0.74,305.38,0.78,168.0,0.73,290.0,0.79,458.0,0.72,213.0,0.8,604.99,0.71,263.0,0.81,399.0,0.7,444.0,0.82,391.0
2026-01-07 03:32:19.707000+00:00,2026-01-07 03:32:17.009875+00:00,139.707,0.225,0.22,0.23,0.775,0.77,0.78,121.0,105.0,25.0,185.0,0.21,434.0,0.24,276.0,0.2,396.0,0.25,285.0,0.19,496.0,0.26,268.38,0.18,438.0,0.27,263.0,0.17,379.0,0.28,369.0,0.76,233.0,0.79,69.0,0.75,300.0,0.8,242.99,0.74,257.38,0.81,468.0,0.73,263.0,0.82,542.0,0.72,299.0,0.83,379.0
2026-01-07 03:32:20.570000+00:00,2026-01-07 03:32:18.034592+00:00,140.57,0.235,0.23,0.24,0.765,0.76,0.77,241.44,81.0,55.6,473.09,0.22,510.0,0.25,80.0,0.21,649.0,0.26,50.61,0.2,213.0,0.27,164.0,0.19,584.0,0.28,225.0,0.18,588.0,0.29,643.0,0.74,40.61,0.78,420.99,0.73,45.0,0.79,349.0,0.72,213.0,0.8,166.0,0.71,263.0,0.81,572.0,0.7,238.0,0.82,449.0
2026-01-07 03:32:21.753000+00:00,2026-01-07 03:32:19.057624+00:00,141.753,0.295,0.29,0.3,0.705,0.7,0.71,96.47,145.0,145.0,81.47,0.28,304.0,0.31,213.0,0.27,408.0,0.32,253.0,0.26,238.22,0.33,218.0,0.25,531.59,0.34,413.0,0.24,298.85,0.35,528.0,0.69,274.0,0.72,304.0,0.68,253.0,0.73,469.0,0.67,218.0,0.74,299.22,0.66,413.0,0.75,531.59,0.65,528.0,0.76,298.85
2026-01-07 03:32:22.753000+00:00,2026-01-07 03:32:20.060836+00:00,142.753,0.275,0.27,0.28,0.725,0.72,0.73,328.0,35.0,35.0,328.0,0.26,608.22,0.29,250.0,0.25,416.6,0.3,266.0,0.24,239.85,0.31,80.0,0.23,362.53,0.32,253.0,0.22,506.0,0.33,183.0,0.71,262.0,0.74,608.22,0.7,194.0,0.75,392.6,0.69,80.0,0.76,227.85,0.68,253.0,0.77,459.53,0.67,183.0,0.78,504.0
2026-01-07 03:32:23.755000+00:00,2026-01-07 03:32:21.117911+00:00,143.755,0.275,0.27,0.28,0.72,0.71,0.73,268.0,55.0,195.0,408.0,0.26,643.22,0.29,322.0,0.25,404.6,0.3,189.0,0.24,239.85,0.31,202.0,0.23,362.53,0.32,253.0,0.22,630.0,0.33,380.0,0.7,133.0,0.74,349.22,0.69,167.0,0.75,352.6,0.68,218.0,0.76,274.85,0.67,304.0,0.77,418.53,0.66,528.0,0.78,508.99
2026-01-07 03:32:24.826000+00:00,2026-01-07 03:32:22.139522+00:00,144.826,0.295,0.29,0.3,0.705,0.7,0.71,183.0,201.0,176.0,183.0,0.28,238.0,0.31,274.0,0.27,379.0,0.32,253.0,0.26,453.21,0.33,218.0,0.25,422.6,0.34,413.0,0.24,283.85,0.35,304.0,0.69,274.0,0.72,238.0,0.68,253.0,0.73,622.0,0.67,218.0,0.74,453.21,0.66,413.0,0.75,422.6,0.65,304.0,0.76,283.85
2026-01-07 03:32:25.785000+00:00,2026-01-07 03:32:23.153435+00:00,145.785,0.29000000000000004,0.28,0.3,0.71,0.7,0.72,250.0,113.0,113.0,372.0,0.27,546.0,0.31,325.0,0.26,508.21,0.32,265.0,0.25,458.6,0.33,294.0,0.24,259.85,0.34,339.0,0.23,393.53,0.35,304.0,0.69,325.0,0.73,546.0,0.68,265.0,0.74,508.21,0.67,218.0,0.75,458.6,0.66,413.0,0.76,259.85,0.65,528.0,0.77,502.53
2026-01-07 03:32:26.854000+00:00,2026-01-07 03:32:24.159225+00:00,146.854,0.28500000000000003,0.28,0.29,0.715,0.71,0.72,120.0,105.0,153.0,120.0,0.27,434.0,0.3,125.0,0.26,357.22,0.31,277.0,0.25,464.6,0.32,253.0,0.24,380.85,0.33,218.0,0.23,502.53,0.34,413.0,0.7,101.0,0.73,434.0,0.69,253.0,0.74,333.22,0.68,331.0,0.75,440.6,0.67,218.0,0.76,392.85,0.66,339.0,0.77,417.53
2026-01-07 03:32:27.864000+00:00,2026-01-07 03:32:25.166362+00:00,147.864,0.27,0.26,0.28,0.73,0.72,0.74,130.0,128.0,128.0,130.0,0.25,274.6,0.29,128.0,0.24,490.84,0.3,284.0,0.23,440.53,0.31,278.0,0.22,639.0,0.32,323.0,0.21,491.0,0.33,450.0,0.71,128.0,0.75,274.6,0.7,284.0,0.76,490.84,0.69,278.0,0.77,440.53,0.68,323.0,0.78,639.0,0.67,450.0,0.79,491.0
2026-01-07 03:32:28.862000+00:00,2026-01-07 03:32:26.170845+00:00,148.862,0.265,0.26,0.27,0.735,0.73,0.74,130.0,26.0,26.0,130.0,0.25,274.6,0.28,128.0,0.24,502.84,0.29,123.0,0.23,452.53,0.3,268.0,0.22,617.0,0.31,263.0,0.21,491.0,0.32,323.0,0.72,128.0,0.75,294.6,0.71,123.0,0.76,502.84,0.7,268.0,0.77,452.53,0.69,263.0,0.78,617.0,0.68,323.0,0.79,491.0
2026-01-07 03:32:29.895000+00:00,2026-01-07 03:32:27.179248+00:00,149.895,0.265,0.26,0.27,0.735,0.73,0.74,66.0,78.0,29.0,196.0,0.25,709.6,0.28,238.0,0.24,350.84,0.29,197.0,0.23,440.53,0.3,268.0,0.22,605.0,0.31,263.0,0.21,491.0,0.32,444.0,0.72,311.0,0.75,335.6,0.71,270.0,0.76,350.84,0.7,268.0,0.77,510.53,0.69,263.0,0.78,629.0,0.68,444.0,0.79,491.0
2026-01-07 03:32:30.825000+00:00,2026-01-07 03:32:28.175827+00:00,150.825,0.255,0.25,0.26,0.745,0.74,0.75,224.0,97.0,97.0,224.0,0.24,554.0,0.27,173.0,0.23,461.53,0.28,60.83,0.22,470.0,0.29,283.0,0.21,545.0,0.3,253.0,0.2,515.0,0.31,318.0,0.73,173.0,0.76,554.0,0.72,72.83,0.77,461.53,0.71,283.0,0.78,470.0,0.7,253.0,0.79,545.0,0.69,318.0,0.8,515.0
2026-01-07 03:32:31.856000+00:00,2026-01-07 03:32:29.175379+00:00,151.856,0.255,0.25,0.26,0.745,0.74,0.75,31.0,96.0,96.0,31.0,0.24,130.0,0.27,71.0,0.23,494.53,0.28,355.83,0.22,490.0,0.29,275.0,0.21,416.0,0.3,253.0,0.2,604.0,0.31,364.0,0.73,71.0,0.76,130.0,0.72,355.83,0.77,564.53,0.71,345.0,0.78,490.0,0.7,323.0,0.79,416.0,0.69,364.0,0.8,604.0
2026-01-07 03:32:32.860000+00:00,2026-01-07 03:32:30.169118+00:00,152.86,0.255,0.25,0.26,0.745,0.74,0.75,16.0,103.13,103.13,16.0,0.24,130.0,0.27,79.0,0.23,574.53,0.28,328.83,0.22,480.0,0.29,263.0,0.21,416.0,0.3,323.0,0.2,604.0,0.31,364.0,0.73,79.0,0.76,130.0,0.72,328.83,0.77,574.53,0.71,263.0,0.78,456.0,0.7,323.0,0.79,416.0,0.69,283.0,0.8,479.0
2026-01-07 03:32:33.901000+00:00,2026-01-07 03:32:31.192470+00:00,153.901,0.255,0.25,0.26,0.745,0.74,0.75,191.0,71.0,71.0,148.86,0.24,90.0,0.27,40.0,0.23,562.53,0.28,304.83,0.22,426.0,0.29,275.0,0.21,404.0,0.3,323.0,0.2,604.0,0.31,364.0,0.73,55.0,0.76,96.0,0.72,340.83,0.77,556.52,0.71,287.0,0.78,450.0,0.7,323.0,0.79,416.0,0.69,364.0,0.8,604.0
2026-01-07 03:32:34.826000+00:00,2026-01-07 03:32:32.191634+00:00,154.826,0.255,0.25,0.26,0.745,0.74,0.75,228.86,76.4,76.4,228.86,0.24,186.0,0.27,55.0,0.23,498.52,0.28,340.83,0.22,450.0,0.29,287.0,0.21,535.0,0.3,323.0,0.2,479.0,0.31,283.0,0.73,55.0,0.76,186.0,0.72,340.83,0.77,468.53,0.71,287.0,0.78,450.0,0.7,323.0,0.79,535.0,0.69,283.0,0.8,479.0
2026-01-07 03:32:35.873000+00:00,2026-01-07 03:32:33.198123+00:00,155.873,0.255,0.25,0.26,0.745,0.74,0.75,101.0,121.4,121.4,101.0,0.24,220.0,0.27,127.0,0.23,746.52,0.28,292.83,0.22,438.0,0.29,263.0,0.21,547.0,0.3,323.0,0.2,491.0,0.31,283.0,0.73,127.0,0.76,220.0,0.72,292.83,0.77,746.52,0.71,263.0,0.78,438.0,0.7,323.0,0.79,547.0,0.69,283.0,0.8,491.0
2026-01-07 03:32:36.827000+00:00,2026-01-07 03:32:34.214086+00:00,156.827,0.255,0.25,0.26,0.745,0.74,0.75,101.0,169.4,317.7,16.0,0.24,220.0,0.27,103.0,0.23,680.53,0.28,268.83,0.22,480.0,0.29,263.0,0.21,428.0,0.3,406.0,0.2,515.0,0.31,283.0,0.73,192.0,0.77,281.53,0.72,283.83,0.78,319.0,0.71,485.0,0.79,528.0,0.7,444.0,0.8,607.1,0.69,419.0,0.81,535.4
2026-01-07 03:32:37.952000+00:00,2026-01-07 03:32:35.219149+00:00,157.952,0.225,0.22,0.23,0.775,0.77,0.78,256.0,218.0,218.0,354.6,0.21,528.79,0.24,185.0,0.2,700.1,0.25,225.0,0.19,546.4,0.26,330.0,0.18,469.8,0.27,356.0,0.17,458.19,0.28,218.83,0.76,201.0,0.79,512.8,0.75,141.0,0.8,688.1,0.74,315.0,0.81,510.4,0.73,347.0,0.82,457.8,0.72,233.83,0.83,605.19
2026-01-07 03:32:38.921000+00:00,2026-01-07 03:32:36.234448+00:00,158.921,0.245,0.24,0.25,0.755,0.75,0.76,111.2,120.0,136.0,111.2,0.23,530.3,0.26,92.4,0.22,506.6,0.27,164.0,0.21,503.79,0.28,207.83,0.2,463.1,0.29,337.0,0.19,528.4,0.3,563.0,0.74,92.4,0.77,530.3,0.73,257.0,0.78,506.6,0.72,207.83,0.79,503.79,0.71,248.0,0.8,463.1,0.7,563.0,0.81,528.4
2026-01-07 03:32:39.939000+00:00,2026-01-07 03:32:37.237819+00:00,159.939,0.245,0.24,0.25,0.745,0.74,0.75,253.3,117.0,147.4,237.0,0.23,510.3,0.26,200.4,0.22,479.6,0.27,128.0,0.21,461.8,0.28,70.83,0.2,451.1,0.29,248.0,0.19,528.4,0.3,253.0,0.73,116.0,0.76,378.29,0.72,118.83,0.77,684.3,0.71,364.0,0.78,460.6,0.7,253.0,0.79,473.8,0.69,437.0,0.8,427.1
2026-01-07 03:32:40.948000+00:00,2026-01-07 03:32:38.250737+00:00,160.948,0.255,0.25,0.26,0.745,0.74,0.75,62.0,301.4,362.4,16.0,0.24,264.3,0.27,270.0,0.23,295.3,0.28,192.83,0.22,441.6,0.29,454.0,0.21,539.8,0.3,444.0,0.2,461.1,0.31,404.0,0.73,331.0,0.76,7.1,0.72,268.83,0.77,7.3,0.71,439.0,0.78,137.6,0.7,444.0,0.79,418.8,0.69,404.0,0.8,461.1
2026-01-07 03:32:41.915000+00:00,2026-01-07 03:32:39.266985+00:00,161.915,0.255,0.25,0.26,0.745,0.74,0.75,16.0,415.4,399.4,16.0,0.24,7.1,0.27,253.0,0.23,7.3,0.28,253.83,0.22,22.6,0.29,369.0,0.21,415.8,0.3,444.0,0.2,467.09,0.31,404.0,0.73,253.0,0.76,7.1,0.72,253.83,0.77,7.3,0.71,369.0,0.78,22.6,0.7,444.0,0.79,415.8,0.69,404.0,0.8,467.09
2026-01-07 03:32:42.942000+00:00,2026-01-07 03:32:40.278546+00:00,162.942,0.245,0.24,0.25,0.755,0.75,0.76,23.1,108.0,108.0,23.1,0.23,7.3,0.26,355.4,0.22,7.6,0.27,278.0,0.21,430.8,0.28,253.83,0.2,503.09,0.29,369.0,0.19,542.4,0.3,409.0,0.74,355.4,0.77,7.3,0.73,278.0,0.78,7.6,0.72,253.83,0.79,430.8,0.71,369.0,0.8,503.09,0.7,409.0,0.81,542.4
2026-01-07 03:32:44.021000+00:00,2026-01-07 03:32:41.289677+00:00,164.021,0.245,0.24,0.25,0.755,0.75,0.76,91.78,167.35,151.35,106.78,0.23,77.3,0.26,367.4,0.22,112.6,0.27,263.0,0.21,417.8,0.28,253.83,0.2,498.1,0.29,369.0,0.19,561.4,0.3,424.0,0.74,355.4,0.77,92.3,0.73,275.0,0.78,254.6,0.72,253.83,0.79,371.8,0.71,369.0,0.8,540.09,0.7,409.0,0.81,495.4
2026-01-07 03:32:45.021000+00:00,2026-01-07 03:32:42.301787+00:00,165.021,0.245,0.24,0.25,0.755,0.75,0.76,21.78,353.35,605.35,16.0,0.23,77.3,0.26,335.4,0.22,7.6,0.27,263.0,0.21,461.8,0.28,374.83,0.2,324.1,0.29,663.0,0.19,521.4,0.3,424.0,0.74,444.4,0.78,7.6,0.73,384.0,0.79,27.8,0.72,374.83,0.8,191.1,0.71,439.0,0.81,395.4,0.7,460.0,0.82,831.8
2026-01-07 03:32:46.021000+00:00,2026-01-07 03:32:43.319826+00:00,166.021,0.225,0.22,0.23,0.785,0.78,0.79,7.6,319.0,45.0,97.8,0.21,52.8,0.24,246.0,0.2,8.1,0.25,411.0,0.19,525.4,0.26,492.4,0.18,736.79,0.27,369.0,0.17,550.19,0.28,423.13,0.77,425.0,0.8,20.1,0.76,228.0,0.81,584.4,0.75,295.0,0.82,735.79,0.74,477.4,0.83,599.19,0.73,334.0,0.84,493.69
2026-01-07 03:32:47.016000+00:00,2026-01-07 03:32:44.325747+00:00,167.016,0.215,0.21,0.22,0.785,0.78,0.79,50.73,80.0,105.0,36.0,0.2,392.1,0.23,71.0,0.19,601.4,0.24,80.0,0.18,776.8,0.25,355.0,0.17,493.19,0.26,501.4,0.16,458.69,0.27,213.0,0.77,302.0,0.8,191.1,0.76,214.0,0.81,547.4,0.75,283.0,0.82,781.79,0.74,598.4,0.83,493.19,0.73,334.0,0.84,493.69
2026-01-07 03:32:48.011000+00:00,2026-01-07 03:32:45.335731+00:00,168.011,0.225,0.22,0.23,0.785,0.78,0.79,12.0,299.26,70.0,180.0,0.21,352.0,0.24,131.0,0.2,321.1,0.25,335.0,0.19,607.4,0.26,489.4,0.18,547.8,0.27,265.0,0.17,503.19,0.28,218.83,0.77,299.26,0.8,427.1,0.76,167.0,0.81,589.4,0.75,296.0,0.82,577.79,0.74,489.4,0.83,503.19,0.73,374.0,0.84,458.69
2026-01-07 03:32:49.106000+00:00,2026-01-07 03:32:46.347056+00:00,169.106,0.215,0.21,0.22,0.785,0.78,0.79,171.0,60.0,239.0,16.0,0.2,201.1,0.23,250.26,0.19,538.4,0.24,142.0,0.18,613.79,0.25,260.0,0.17,503.19,0.26,477.4,0.16,458.69,0.27,253.0,0.77,322.26,0.8,69.1,0.76,167.0,0.81,280.4,0.75,248.0,0.82,723.8,0.74,598.4,0.83,597.35,0.73,339.0,0.84,458.69
2026-01-07 03:32:50.051000+00:00,2026-01-07 03:32:47.359070+00:00,170.051,0.195,0.19,0.2,0.805,0.8,0.81,25.21,40.39,40.39,25.21,0.18,564.8,0.21,131.0,0.17,582.19,0.22,310.0,0.16,563.69,0.23,399.26,0.15,505.49,0.24,248.0,0.14,466.4,0.25,248.0,0.79,131.0,0.82,564.8,0.78,310.0,0.83,582.19,0.77,399.26,0.84,563.69,0.76,248.0,0.85,505.49,0.75,248.0,0.86,466.4
2026-01-07 03:32:51.032000+00:00,2026-01-07 03:32:48.366773+00:00,171.032,0.2,0.19,0.21,0.795,0.79,0.8,130.0,128.0,128.0,8.0,0.18,425.0,0.22,298.0,0.17,597.19,0.23,399.26,0.16,539.69,0.24,248.0,0.15,505.49,0.25,318.0,0.14,466.4,0.26,633.4,0.78,298.0,0.81,130.0,0.77,399.26,0.82,425.0,0.76,248.0,0.83,597.19,0.75,318.0,0.84,539.69,0.74,633.4,0.85,505.49
2026-01-07 03:32:52.065000+00:00,2026-01-07 03:32:49.383301+00:00,172.065,0.20500000000000002,0.2,0.21,0.795,0.79,0.8,14.62,128.0,128.0,14.62,0.19,130.0,0.22,298.0,0.18,683.0,0.23,399.26,0.17,582.19,0.24,248.0,0.16,539.69,0.25,318.0,0.15,505.49,0.26,633.4,0.78,298.0,0.81,130.0,0.77,399.26,0.82,683.0,0.76,248.0,0.83,582.19,0.75,318.0,0.84,539.69,0.74,633.4,0.85,505.49
2026-01-07 03:32:53.067000+00:00,2026-01-07 03:32:50.381705+00:00,173.067,0.20500000000000002,0.2,0.21,0.795,0.79,0.8,14.62,120.41,140.41,14.62,0.19,200.0,0.22,298.0,0.18,744.0,0.23,379.26,0.17,592.19,0.24,248.0,0.16,529.69,0.25,318.0,0.15,505.49,0.26,633.4,0.78,298.0,0.81,70.0,0.77,379.26,0.82,814.0,0.76,248.0,0.83,592.19,0.75,318.0,0.84,529.69,0.74,633.4,0.85,505.49
2026-01-07 03:32:54.082000+00:00,2026-01-07 03:32:51.375330+00:00,174.082,0.195,0.19,0.2,0.805,0.8,0.81,70.0,45.0,60.0,70.0,0.18,778.0,0.21,181.79,0.17,564.19,0.22,205.0,0.16,542.69,0.23,246.26,0.15,548.49,0.24,248.0,0.14,466.4,0.25,318.0,0.79,169.79,0.82,763.0,0.78,205.0,0.83,609.19,0.77,246.26,0.84,527.69,0.76,248.0,0.85,536.49,0.75,318.0,0.86,466.4
2026-01-07 03:32:55.087000+00:00,2026-01-07 03:32:52.390622+00:00,175.087,0.195,0.19,0.2,0.815,0.81,0.82,16.0,116.0,65.0,15.0,0.18,130.0,0.21,359.79,0.17,499.19,0.22,191.0,0.16,571.68,0.23,246.26,0.15,529.49,0.24,248.0,0.14,501.4,0.25,404.0,0.8,91.0,0.83,534.19,0.79,418.79,0.84,571.68,0.78,211.0,0.85,529.49,0.77,246.26,0.86,501.4,0.76,213.0,0.87,502.6
2026-01-07 03:32:56.096000+00:00,2026-01-07 03:32:53.398226+00:00,176.096,0.175,0.17,0.18,0.83,0.82,0.84,9.19,118.0,514.0,319.0,0.16,552.69,0.19,161.0,0.15,407.49,0.2,125.0,0.14,457.4,0.21,392.79,0.13,534.6,0.22,248.0,0.12,607.57,0.23,211.26,0.81,337.0,0.85,407.49,0.8,506.0,0.86,406.4,0.79,273.79,0.87,711.6,0.78,369.0,0.88,691.57,0.77,211.26,0.89,264.49
2026-01-07 03:32:57.093000+00:00,2026-01-07 03:32:54.410443+00:00,177.093,0.155,0.15,0.16,0.845,0.84,0.85,89.49,251.0,247.25,89.49,0.14,461.4,0.17,201.0,0.13,667.6,0.18,349.0,0.12,756.57,0.19,248.0,0.11,444.49,0.2,542.0,0.1,627.87,0.21,308.79,0.83,79.0,0.86,331.4,0.82,315.0,0.87,701.6,0.81,248.0,0.88,744.57,0.8,542.0,0.89,444.49,0.79,308.79,0.9,627.87
2026-01-07 03:32:58.106000+00:00,2026-01-07 03:32:55.410349+00:00,178.106,0.155,0.15,0.16,0.845,0.84,0.85,204.61,204.5,204.5,12.61,0.14,336.4,0.17,213.0,0.13,783.6,0.18,113.0,0.12,689.57,0.19,260.0,0.11,460.49,0.2,547.0,0.1,627.87,0.21,429.79,0.83,152.0,0.86,186.4,0.82,113.0,0.87,689.6,0.81,260.0,0.88,719.57,0.8,547.0,0.89,445.49,0.79,288.79,0.9,627.87
2026-01-07 03:32:59.109000+00:00,2026-01-07 03:32:56.423860+00:00,179.109,0.135,0.13,0.14,0.865,0.86,0.87,674.0,16.0,61.0,509.0,0.12,614.57,0.15,105.0,0.11,523.48,0.16,278.5,0.1,651.87,0.17,89.0,0.09,466.7,0.18,260.0,0.08,866.76,0.19,248.0,0.85,114.0,0.88,685.57,0.84,263.5,0.89,510.48,0.83,77.0,0.9,663.87,0.82,248.0,0.91,466.7,0.81,248.0,0.92,901.76
2026-01-07 03:33:00.121000+00:00,2026-01-07 03:32:57.436379+00:00,180.121,0.14500000000000002,0.14,0.15,0.855,0.85,0.86,88.72,85.0,247.59,16.44,0.13,218.0,0.16,301.0,0.12,660.57,0.17,235.0,0.11,615.48,0.18,248.0,0.1,733.87,0.19,318.0,0.09,536.7,0.2,318.0,0.84,145.0,0.87,359.0,0.83,235.0,0.88,640.57,0.82,248.0,0.89,545.48,0.81,318.0,0.9,733.87,0.8,318.0,0.91,536.7
2026-01-07 03:33:01.141000+00:00,2026-01-07 03:32:58.441225+00:00,181.141,0.175,0.17,0.18,0.805,0.8,0.81,549.99,16.0,8.0,130.0,0.16,251.7,0.2,30.0,0.15,408.0,0.21,70.79,0.14,690.16,0.22,100.0,0.13,469.0,0.23,282.26,0.12,650.57,0.24,472.0,0.79,101.79,0.82,88.0,0.78,100.0,0.83,465.99,0.77,282.26,0.84,314.7,0.76,472.0,0.85,446.0,0.75,251.0,0.86,495.16
2026-01-07 03:33:02.155000+00:00,2026-01-07 03:32:59.458371+00:00,182.155,0.2,0.19,0.21,0.8,0.79,0.81,133.94,101.79,101.79,315.94,0.18,184.0,0.22,336.0,0.17,475.99,0.23,282.26,0.16,349.7,0.24,472.0,0.15,481.0,0.25,339.0,0.14,530.16,0.26,343.4,0.78,222.0,0.82,159.0,0.77,391.26,0.83,500.99,0.76,472.0,0.84,349.7,0.75,339.0,0.85,481.0,0.74,343.4,0.86,271.16
2026-01-07 03:33:03.153000+00:00,2026-01-07 03:33:00.459748+00:00,183.153,0.195,0.19,0.2,0.805,0.8,0.81,766.63,5.0,5.0,751.63,0.18,255.0,0.21,21.79,0.17,447.0,0.22,48.0,0.16,499.7,0.23,91.26,0.15,726.0,0.24,248.0,0.14,271.16,0.25,193.0,0.79,21.79,0.82,255.0,0.78,48.0,0.83,447.0,0.77,91.26,0.84,499.7,0.76,169.0,0.85,549.0,0.75,193.0,0.86,281.16
2026-01-07 03:33:04.176000+00:00,2026-01-07 03:33:01.461729+00:00,184.176,0.225,0.22,0.23,0.775,0.77,0.78,167.0,91.0,238.0,61.0,0.21,161.21,0.24,134.0,0.2,294.35,0.25,122.0,0.19,428.16,0.26,127.4,0.18,274.0,0.27,563.0,0.17,449.0,0.28,379.83,0.76,162.0,0.79,161.21,0.75,378.0,0.8,279.35,0.74,344.4,0.81,439.0,0.73,339.0,0.82,219.0,0.72,309.83,0.83,428.99
2026-01-07 03:33:05.161000+00:00,2026-01-07 03:33:02.473822+00:00,185.161,0.185,0.18,0.19,0.815,0.81,0.82,5.0,132.0,120.0,15.0,0.17,280.16,0.2,89.0,0.16,566.7,0.21,223.0,0.15,381.0,0.22,362.0,0.14,329.16,0.23,385.0,0.13,480.0,0.24,439.0,0.8,101.0,0.83,295.16,0.79,223.0,0.84,566.7,0.78,362.0,0.85,381.0,0.77,390.0,0.86,329.16,0.76,439.0,0.87,480.0
2026-01-07 03:33:06.176000+00:00,2026-01-07 03:33:03.489996+00:00,186.176,0.185,0.18,0.19,0.815,0.81,0.82,15.0,52.21,81.37,122.0,0.17,174.16,0.2,76.4,0.16,566.7,0.21,40.0,0.15,381.0,0.22,248.0,0.14,329.16,0.23,318.0,0.13,468.0,0.24,318.0,0.8,64.4,0.83,380.16,0.79,45.0,0.84,538.7,0.78,362.0,0.85,375.99,0.77,283.0,0.86,246.16,0.76,283.0,0.87,456.0
2026-01-07 03:33:07.196000+00:00,2026-01-07 03:33:04.506543+00:00,187.196,0.185,0.18,0.19,0.84,0.83,0.85,61.0,342.56,38.0,305.34,0.17,61.0,0.2,290.4,0.15,305.34,0.21,437.0,0.14,572.16,0.22,439.0,0.13,485.99,0.23,439.0,0.12,647.57,0.24,442.7,0.82,54.0,0.86,572.16,0.81,301.35,0.87,485.99,0.8,280.4,0.88,647.57,0.79,402.0,0.89,465.49,0.78,404.0,0.9,872.87
2026-01-07 03:33:08.200000+00:00,2026-01-07 03:33:05.505508+00:00,188.2,0.14500000000000002,0.14,0.15,0.855,0.85,0.86,612.16,5.0,5.0,587.16,0.13,344.0,0.16,10.0,0.12,721.57,0.17,16.0,0.11,535.49,0.18,218.0,0.1,692.87,0.19,286.54,0.09,516.69,0.2,259.4,0.84,10.0,0.87,344.0,0.83,16.0,0.88,721.57,0.82,218.0,0.89,535.49,0.81,286.54,0.9,942.87,0.8,259.4,0.91,516.69
2026-01-07 03:33:09.235000+00:00,2026-01-07 03:33:06.523909+00:00,189.235,0.185,0.18,0.19,0.815,0.81,0.82,86.0,129.54,129.54,86.0,0.17,497.0,0.2,212.4,0.16,400.0,0.21,89.0,0.15,393.99,0.22,484.0,0.14,542.16,0.23,280.0,0.13,439.0,0.24,404.0,0.8,212.4,0.83,400.0,0.79,89.0,0.84,447.0,0.78,484.0,0.85,403.99,0.77,280.0,0.86,542.16,0.76,404.0,0.87,439.0
2026-01-07 03:33:10.288000+00:00,2026-01-07 03:33:07.540573+00:00,190.288,0.18,0.17,0.19,0.825,0.82,0.83,194.0,129.54,13.46,104.0,0.16,346.0,0.2,212.4,0.15,415.99,0.21,272.0,0.14,542.16,0.22,484.0,0.13,439.0,0.23,280.0,0.12,721.57,0.24,404.0,0.81,120.35,0.84,353.34,0.8,212.4,0.85,430.99,0.79,272.0,0.86,572.16,0.78,484.0,0.87,439.0,0.77,280.0,0.88,721.57
2026-01-07 03:33:11.254000+00:00,2026-01-07 03:33:08.555037+00:00,191.254,0.185,0.18,0.19,0.815,0.81,0.82,41.0,94.54,94.54,41.0,0.17,505.0,0.2,52.4,0.16,640.0,0.21,100.0,0.15,496.0,0.22,272.0,0.14,336.16,0.23,260.0,0.13,439.0,0.24,318.0,0.8,177.4,0.83,384.0,0.79,100.0,0.84,640.0,0.78,272.0,0.85,496.0,0.77,292.0,0.86,336.16,0.76,318.0,0.87,439.0
2026-01-07 03:33:12.201000+00:00,2026-01-07 03:33:09.571987+00:00,192.201,0.185,0.18,0.19,0.8200000000000001,0.81,0.83,3.69,94.54,94.54,420.0,0.17,420.0,0.2,88.4,0.16,710.0,0.21,317.0,0.15,496.0,0.22,260.0,0.14,336.16,0.23,260.0,0.13,439.0,0.24,351.0,0.8,88.4,0.84,710.0,0.79,317.0,0.85,496.0,0.78,260.0,0.86,336.16,0.77,260.0,0.87,439.0,0.76,351.0,0.88,686.57
2026-01-07 03:33:13.274000+00:00,2026-01-07 03:33:10.576355+00:00,193.274,0.185,0.18,0.19,0.815,0.81,0.82,68.02,94.54,94.54,68.02,0.17,307.0,0.2,88.4,0.16,710.0,0.21,378.0,0.15,496.0,0.22,260.0,0.14,336.16,0.23,260.0,0.13,439.0,0.24,351.0,0.8,88.4,0.83,307.0,0.79,247.0,0.84,710.0,0.78,260.0,0.85,496.0,0.77,260.0,0.86,336.16,0.76,318.0,0.87,439.0
2026-01-07 03:33:14.258000+00:00,2026-01-07 03:33:11.577106+00:00,194.258,0.18,0.17,0.19,0.8200000000000001,0.81,0.83,307.0,94.54,94.54,271.0,0.16,710.0,0.2,88.4,0.15,506.0,0.21,390.0,0.14,336.16,0.22,248.0,0.13,439.0,0.23,260.0,0.12,686.57,0.24,351.0,0.8,88.4,0.84,722.0,0.79,390.0,0.85,506.0,0.78,248.0,0.86,336.16,0.77,260.0,0.87,439.0,0.76,351.0,0.88,686.57
2026-01-07 03:33:15.280000+00:00,2026-01-07 03:33:12.578518+00:00,195.28,0.175,0.17,0.18,0.8200000000000001,0.81,0.83,341.0,26.0,78.54,341.0,0.16,746.0,0.19,78.54,0.15,504.0,0.2,112.4,0.14,348.16,0.21,366.0,0.13,459.0,0.22,260.0,0.12,686.57,0.23,318.0,0.8,112.4,0.84,746.0,0.79,366.0,0.85,504.0,0.78,260.0,0.86,348.16,0.77,318.0,0.87,459.0,0.76,575.0,0.88,686.57
2026-01-07 03:33:16.282000+00:00,2026-01-07 03:33:13.580657+00:00,196.282,0.175,0.17,0.18,0.815,0.81,0.82,361.0,5.0,94.54,36.0,0.16,708.0,0.19,94.54,0.15,506.0,0.2,52.4,0.14,306.16,0.21,283.0,0.13,459.0,0.22,386.0,0.12,686.57,0.23,330.0,0.8,17.4,0.83,359.0,0.79,273.0,0.84,708.0,0.78,386.0,0.85,491.0,0.77,330.0,0.86,321.16,0.76,507.0,0.87,459.0
2026-01-07 03:33:17.235000+00:00,2026-01-07 03:33:14.580355+00:00,197.235,0.185,0.18,0.19,0.8200000000000001,0.81,0.83,24.0,129.54,129.54,342.0,0.17,318.0,0.2,27.4,0.16,745.0,0.21,320.0,0.15,466.0,0.22,374.0,0.14,321.16,0.23,330.0,0.13,459.0,0.24,507.0,0.8,27.4,0.84,745.0,0.79,308.0,0.85,466.0,0.78,374.0,0.86,321.16,0.77,330.0,0.87,459.0,0.76,507.0,0.88,721.57
2026-01-07 03:33:18.221000+00:00,2026-01-07 03:33:15.599147+00:00,198.221,0.185,0.18,0.19,0.8200000000000001,0.81,0.83,45.0,86.0,132.57,515.0,0.17,217.0,0.2,51.4,0.16,745.0,0.21,415.0,0.15,466.0,0.22,260.0,0.14,321.16,0.23,330.0,0.13,459.0,0.24,507.0,0.8,51.4,0.84,745.0,0.79,296.0,0.85,481.0,0.78,260.0,0.86,306.16,0.77,439.0,0.87,459.0,0.76,507.0,0.88,929.57
2026-01-07 03:33:19.271000+00:00,2026-01-07 03:33:16.600950+00:00,199.271,0.18,0.17,0.19,0.8200000000000001,0.81,0.83,576.0,132.57,132.57,576.0,0.16,745.0,0.2,51.4,0.15,481.0,0.21,235.0,0.14,306.16,0.22,260.0,0.13,459.0,0.23,439.0,0.12,929.57,0.24,628.0,0.8,51.4,0.84,745.0,0.79,235.0,0.85,481.0,0.78,260.0,0.86,306.16,0.77,439.0,0.87,459.0,0.76,628.0,0.88,929.57
2026-01-07 03:33:20.301000+00:00,2026-01-07 03:33:17.603322+00:00,200.301,0.185,0.18,0.19,0.815,0.81,0.82,202.34,64.21,64.21,197.34,0.17,183.99,0.2,61.69,0.16,708.0,0.21,320.0,0.15,476.0,0.22,260.0,0.14,306.16,0.23,427.0,0.13,459.0,0.24,640.0,0.8,61.69,0.83,183.99,0.79,284.0,0.84,708.0,0.78,248.0,0.85,476.0,0.77,427.0,0.86,306.16,0.76,640.0,0.87,439.0
2026-01-07 03:33:21.258000+00:00,2026-01-07 03:33:18.622379+00:00,201.258,0.185,0.18,0.19,0.815,0.81,0.82,278.34,64.21,64.21,273.34,0.17,487.99,0.2,61.69,0.16,728.0,0.21,247.0,0.15,502.66,0.22,272.0,0.14,306.16,0.23,427.0,0.13,439.0,0.24,519.0,0.8,61.69,0.83,487.99,0.79,247.0,0.84,713.0,0.78,272.0,0.85,517.66,0.77,427.0,0.86,306.16,0.76,519.0,0.87,439.0
2026-01-07 03:33:22.290000+00:00,2026-01-07 03:33:19.629466+00:00,202.29,0.185,0.18,0.19,0.815,0.81,0.82,370.34,64.21,64.21,365.34,0.17,511.99,0.2,61.69,0.16,713.0,0.21,186.0,0.15,517.66,0.22,272.0,0.14,306.16,0.23,330.0,0.13,631.0,0.24,611.0,0.8,61.69,0.83,511.99,0.79,186.0,0.84,713.0,0.78,272.0,0.85,517.66,0.77,330.0,0.86,306.16,0.76,611.0,0.87,631.0
2026-01-07 03:33:23.347000+00:00,2026-01-07 03:33:20.650588+00:00,203.347,0.185,0.18,0.19,0.815,0.81,0.82,16.0,244.57,349.57,16.0,0.17,121.0,0.2,149.4,0.16,563.0,0.21,126.0,0.15,420.66,0.22,248.0,0.14,278.16,0.23,318.0,0.13,661.0,0.24,508.0,0.8,149.4,0.83,121.0,0.79,126.0,0.84,324.0,0.78,472.0,0.85,470.66,0.77,439.0,0.86,477.16,0.76,404.0,0.87,492.0
2026-01-07 03:33:24.351000+00:00,2026-01-07 03:33:21.656620+00:00,204.351,0.165,0.16,0.17,0.835,0.83,0.84,802.0,26.0,16.0,814.0,0.15,409.66,0.18,183.0,0.14,236.16,0.19,340.51,0.13,596.0,0.2,234.4,0.12,929.57,0.21,138.0,0.11,500.49,0.22,248.0,0.82,183.0,0.85,371.66,0.81,218.0,0.86,251.16,0.8,291.75,0.87,584.0,0.79,150.0,0.88,929.57,0.78,260.0,0.89,500.49
2026-01-07 03:33:25.353000+00:00,2026-01-07 03:33:22.657904+00:00,205.353,0.185,0.18,0.19,0.815,0.81,0.82,530.34,16.0,9.0,581.34,0.17,395.0,0.2,35.0,0.16,479.0,0.21,87.51,0.15,672.66,0.22,248.0,0.14,306.16,0.23,308.0,0.13,479.0,0.24,496.0,0.8,35.0,0.83,405.0,0.79,87.51,0.84,469.0,0.78,65.0,0.85,505.66,0.77,308.0,0.86,485.16,0.76,496.0,0.87,479.0
2026-01-07 03:33:26.352000+00:00,2026-01-07 03:33:23.659423+00:00,206.352,0.195,0.19,0.2,0.8,0.79,0.81,138.34,13.0,340.51,138.34,0.18,2187.0,0.21,279.51,0.17,260.99,0.22,260.0,0.16,496.0,0.23,260.0,0.15,505.66,0.24,484.0,0.14,485.16,0.25,404.0,0.78,247.0,0.82,2167.0,0.77,260.0,0.83,260.99,0.76,472.0,0.84,496.0,0.75,439.0,0.85,532.66,0.74,379.4,0.86,485.16
2026-01-07 03:33:27.368000+00:00,2026-01-07 03:33:24.677363+00:00,207.368,0.195,0.19,0.2,0.805,0.8,0.81,16.0,92.35,95.35,16.0,0.18,2276.0,0.21,77.0,0.17,466.34,0.22,223.0,0.16,509.0,0.23,248.0,0.15,568.66,0.24,576.0,0.14,342.16,0.25,218.0,0.79,65.0,0.82,2246.0,0.78,223.0,0.83,506.34,0.77,248.0,0.84,499.0,0.76,472.0,0.85,529.66,0.75,288.0,0.86,342.16
2026-01-07 03:33:28.375000+00:00,2026-01-07 03:33:25.692942+00:00,208.375,0.195,0.19,0.2,0.805,0.8,0.81,16.0,304.35,299.35,16.0,0.18,2125.0,0.21,248.0,0.17,202.34,0.22,223.0,0.16,286.0,0.23,248.0,0.15,559.65,0.24,576.0,0.14,354.16,0.25,409.0,0.79,248.0,0.82,2125.0,0.78,223.0,0.83,202.34,0.77,248.0,0.84,286.0,0.76,646.0,0.85,559.65,0.75,409.0,0.86,354.16
2026-01-07 03:33:29.400000+00:00,2026-01-07 03:33:26.711096+00:00,209.4,0.19,0.18,0.2,0.805,0.8,0.81,2391.0,298.35,134.35,92.0,0.17,443.0,0.21,260.0,0.16,686.0,0.22,223.0,0.15,517.66,0.23,260.0,0.14,306.16,0.24,646.0,0.13,671.0,0.25,409.0,0.79,89.0,0.82,2391.0,0.78,223.0,0.83,468.0,0.77,260.0,0.84,783.0,0.76,646.0,0.85,517.66,0.75,288.0,0.86,306.16
2026-01-07 03:33:30.410000+00:00,2026-01-07 03:33:27.712987+00:00,210.41,0.195,0.19,0.2,0.805,0.8,0.81,208.34,12.0,28.0,208.34,0.18,2214.99,0.21,341.35,0.17,200.0,0.22,235.0,0.16,717.0,0.23,260.0,0.15,517.66,0.24,646.0,0.14,306.16,0.25,409.0,0.79,341.35,0.82,2194.99,0.78,235.0,0.83,200.0,0.77,260.0,0.84,717.0,0.76,646.0,0.85,532.66,0.75,409.0,0.86,306.16
2026-01-07 03:33:31.340000+00:00,2026-01-07 03:33:28.720554+00:00,211.34,0.195,0.19,0.2,0.805,0.8,0.81,208.34,199.0,214.0,192.34,0.18,2201.0,0.21,293.35,0.17,194.0,0.22,259.0,0.16,727.0,0.23,248.0,0.15,552.66,0.24,658.0,0.14,306.16,0.25,409.0,0.79,293.35,0.82,2201.0,0.78,259.0,0.83,194.0,0.77,248.0,0.84,727.0,0.76,658.0,0.85,540.66,0.75,409.0,0.86,318.16
2026-01-07 03:33:32.424000+00:00,2026-01-07 03:33:29.724218+00:00,212.424,0.195,0.19,0.2,0.805,0.8,0.81,208.34,113.0,113.0,208.34,0.18,2230.99,0.21,293.35,0.17,295.0,0.22,259.0,0.16,705.0,0.23,248.0,0.15,525.66,0.24,554.0,0.14,485.16,0.25,388.0,0.79,293.35,0.82,2230.99,0.78,259.0,0.83,307.0,0.77,248.0,0.84,720.0,0.76,554.0,0.85,537.66,0.75,388.0,0.86,485.16
2026-01-07 03:33:33.424000+00:00,2026-01-07 03:33:30.726842+00:00,213.424,0.195,0.19,0.2,0.805,0.8,0.81,208.34,10.25,10.25,208.34,0.18,2218.99,0.21,134.35,0.17,478.0,0.22,271.0,0.16,708.0,0.23,248.0,0.15,537.66,0.24,554.0,0.14,485.16,0.25,388.0,0.79,134.35,0.82,2218.99,0.78,271.0,0.83,478.0,0.77,248.0,0.84,708.0,0.76,554.0,0.85,537.66,0.75,388.0,0.86,485.16
2026-01-07 03:33:34.437000+00:00,2026-01-07 03:33:31.732581+00:00,214.437,0.195,0.19,0.2,0.795,0.79,0.8,237.34,10.25,35.0,212.85,0.18,2175.0,0.21,35.0,0.17,444.0,0.22,275.51,0.16,708.0,0.23,248.0,0.15,692.66,0.24,578.0,0.14,306.16,0.25,288.0,0.78,213.0,0.81,173.0,0.77,287.19,0.82,2177.0,0.76,614.0,0.83,454.0,0.75,300.0,0.84,708.0,0.74,487.4,0.85,692.66
2026-01-07 03:33:35.439000+00:00,2026-01-07 03:33:32.750112+00:00,215.439,0.215,0.21,0.22,0.785,0.78,0.79,347.34,20.0,20.0,327.34,0.2,70.0,0.23,218.0,0.19,541.0,0.24,264.67,0.18,2484.0,0.25,233.0,0.17,693.0,0.26,365.4,0.16,434.0,0.27,300.0,0.77,218.0,0.8,140.0,0.76,264.67,0.81,602.0,0.75,233.0,0.82,2484.0,0.74,365.4,0.83,693.0,0.73,393.0,0.84,590.0
2026-01-07 03:33:36.452000+00:00,2026-01-07 03:33:33.767781+00:00,216.452,0.215,0.21,0.22,0.785,0.78,0.79,202.34,36.0,36.0,202.34,0.2,309.0,0.23,218.0,0.19,325.0,0.24,288.67,0.18,2499.0,0.25,281.0,0.17,855.0,0.26,305.4,0.16,434.0,0.27,288.0,0.77,218.0,0.8,188.0,0.76,288.67,0.81,325.0,0.75,281.0,0.82,2499.0,0.74,317.4,0.83,855.0,0.73,288.0,0.84,434.0
2026-01-07 03:33:37.464000+00:00,2026-01-07 03:33:34.770335+00:00,217.464,0.225,0.22,0.23,0.775,0.77,0.78,100.0,56.0,78.0,100.0,0.21,297.0,0.24,179.67,0.2,456.0,0.25,247.0,0.19,744.0,0.26,223.4,0.18,2523.0,0.27,442.0,0.17,631.0,0.28,218.0,0.76,146.67,0.79,277.0,0.75,247.0,0.8,468.0,0.74,223.4,0.81,744.0,0.73,442.0,0.82,523.0,0.72,218.0,0.83,631.0
2026-01-07 03:33:38.369000+00:00,2026-01-07 03:33:35.777466+00:00,218.369,0.22999999999999998,0.22,0.24,0.77,0.76,0.78,116.0,194.67,189.62,116.0,0.21,163.0,0.25,223.0,0.2,492.0,0.26,247.4,0.19,732.0,0.27,442.0,0.18,638.0,0.28,218.0,0.17,484.0,0.29,460.0,0.75,293.0,0.79,163.0,0.74,317.4,0.8,492.0,0.73,512.0,0.81,732.0,0.72,288.0,0.82,638.0,0.71,460.0,0.83,484.0
2026-01-07 03:33:39.476000+00:00,2026-01-07 03:33:36.779589+00:00,219.476,0.225,0.22,0.23,0.775,0.77,0.78,116.0,8.0,8.0,108.22,0.21,211.0,0.24,308.63,0.2,273.0,0.25,341.0,0.19,852.0,0.26,317.4,0.18,499.0,0.27,512.0,0.17,484.0,0.28,288.0,0.76,378.63,0.79,211.0,0.75,341.0,0.8,273.0,0.74,317.4,0.81,852.0,0.73,512.0,0.82,499.0,0.72,288.0,0.83,484.0
2026-01-07 03:33:40.459000+00:00,2026-01-07 03:33:37.782089+00:00,220.459,0.225,0.22,0.23,0.775,0.77,0.78,108.22,8.0,8.0,108.22,0.21,146.0,0.24,421.73,0.2,338.99,0.25,329.0,0.19,708.0,0.26,305.4,0.18,665.0,0.27,512.0,0.17,469.0,0.28,288.0,0.76,421.73,0.79,146.0,0.75,329.0,0.8,338.99,0.74,305.4,0.81,708.0,0.73,512.0,0.82,665.0,0.72,288.0,0.83,469.0
2026-01-07 03:33:41.494000+00:00,2026-01-07 03:33:38.786283+00:00,221.494,0.195,0.19,0.2,0.805,0.8,0.81,15.0,228.34,230.0,115.0,0.18,110.0,0.21,141.0,0.17,124.0,0.22,260.0,0.16,676.0,0.23,431.0,0.15,574.66,0.24,327.1,0.14,351.16,0.25,404.0,0.79,117.0,0.82,99.99,0.78,293.0,0.83,216.0,0.77,326.0,0.84,750.0,0.76,327.1,0.85,480.66,0.75,404.0,0.86,351.16
2026-01-07 03:33:42.459000+00:00,2026-01-07 03:33:39.788085+00:00,222.459,0.195,0.19,0.2,0.805,0.8,0.81,130.0,183.0,173.0,130.52,0.18,137.99,0.21,208.0,0.17,240.0,0.22,321.0,0.16,799.0,0.23,342.0,0.15,492.66,0.24,339.1,0.14,351.16,0.25,283.0,0.79,178.0,0.82,159.99,0.78,353.0,0.83,240.0,0.77,342.0,0.84,799.0,0.76,339.1,0.85,492.66,0.75,283.0,0.86,351.16
2026-01-07 03:33:43.446000+00:00,2026-01-07 03:33:40.793439+00:00,223.446,0.235,0.23,0.24,0.765,0.76,0.77,925.82,370.1,358.1,925.82,0.19,176.04,0.25,293.0,0.18,140.0,0.26,414.4,0.17,284.0,0.27,512.0,0.16,839.0,0.28,424.0,0.15,492.66,0.29,409.0,0.75,293.0,0.81,176.04,0.74,414.4,0.82,140.0,0.73,512.0,0.83,354.0,0.72,424.0,0.84,909.0,0.71,409.0,0.85,562.66
2026-01-07 03:33:44.449000+00:00,2026-01-07 03:33:41.810214+00:00,224.449,0.235,0.23,0.24,0.765,0.76,0.77,324.28,100.1,100.1,269.28,0.22,36.0,0.25,213.0,0.21,12.0,0.26,344.4,0.2,24.0,0.27,524.0,0.19,188.04,0.28,389.0,0.18,165.0,0.29,409.0,0.75,213.0,0.78,48.0,0.74,344.4,0.79,12.0,0.73,524.0,0.8,24.0,0.72,389.0,0.81,258.04,0.71,409.0,0.82,155.0
2026-01-07 03:33:45.532000+00:00,2026-01-07 03:33:42.815052+00:00,225.532,0.235,0.23,0.24,0.765,0.76,0.77,258.78,349.1,384.1,258.78,0.21,36.0,0.25,213.0,0.2,48.0,0.26,356.4,0.19,116.04,0.27,477.0,0.18,187.0,0.28,389.0,0.17,280.0,0.29,409.0,0.75,235.0,0.79,36.0,0.74,356.4,0.8,48.0,0.73,477.0,0.81,126.04,0.72,401.0,0.82,187.0,0.71,409.0,0.83,280.0
2026-01-07 03:33:46.533000+00:00,2026-01-07 03:33:43.835231+00:00,226.533,0.235,0.23,0.24,0.765,0.76,0.77,258.78,370.1,343.1,328.78,0.21,36.0,0.25,223.0,0.2,83.0,0.26,392.4,0.19,221.04,0.27,536.0,0.18,187.0,0.28,401.0,0.17,315.0,0.29,409.0,0.75,223.0,0.78,142.0,0.74,356.4,0.79,82.0,0.73,536.0,0.8,117.0,0.72,437.0,0.81,221.04,0.71,409.0,0.82,190.0
2026-01-07 03:33:47.532000+00:00,2026-01-07 03:33:44.853497+00:00,227.532,0.235,0.23,0.24,0.765,0.76,0.77,344.78,335.1,335.1,344.78,0.22,142.0,0.25,223.0,0.21,82.0,0.26,356.4,0.2,127.0,0.27,443.0,0.19,221.04,0.28,437.0,0.18,180.0,0.29,463.0,0.75,344.0,0.78,152.0,0.74,356.4,0.79,82.0,0.73,443.0,0.8,117.0,0.72,437.0,0.81,221.04,0.71,463.0,0.82,180.0
2026-01-07 03:33:48.570000+00:00,2026-01-07 03:33:45.872492+00:00,228.57,0.215,0.21,0.22,0.795,0.79,0.8,70.0,123.0,112.0,35.0,0.2,177.0,0.23,111.0,0.19,125.04,0.24,475.1,0.18,235.0,0.25,393.0,0.17,255.0,0.26,523.4,0.16,617.0,0.27,396.0,0.78,126.0,0.81,67.04,0.77,101.0,0.82,283.0,0.76,494.1,0.83,255.0,0.75,393.0,0.84,617.0,0.74,487.4,0.85,682.66
2026-01-07 03:33:49.245000+00:00,2026-01-07 03:33:46.874643+00:00,229.245,0.20500000000000002,0.2,0.21,0.795,0.79,0.8,51.0,122.0,116.0,51.0,0.19,67.04,0.22,126.0,0.18,295.0,0.23,101.0,0.17,255.0,0.24,554.1,0.16,617.0,0.25,463.0,0.15,682.66,0.26,499.4,0.78,126.0,0.81,67.04,0.77,101.0,0.82,295.0,0.76,554.1,0.83,255.0,0.75,463.0,0.84,617.0,0.74,499.4,0.85,682.66
2026-01-07 03:33:50.353000+00:00,2026-01-07 03:33:47.877712+00:00,230.353,0.20500000000000002,0.2,0.21,0.805,0.8,0.81,16.0,126.0,40.0,104.04,0.19,92.04,0.22,110.0,0.18,270.0,0.23,101.0,0.17,255.0,0.24,554.1,0.16,617.0,0.25,463.0,0.15,717.66,0.26,499.4,0.79,131.0,0.82,270.0,0.78,110.0,0.83,255.0,0.77,101.0,0.84,617.0,0.76,554.1,0.85,717.66,0.75,463.0,0.86,316.16
2026-01-07 03:33:51.551000+00:00,2026-01-07 03:33:48.899719+00:00,231.551,0.195,0.19,0.2,0.805,0.8,0.81,104.04,32.0,32.0,104.04,0.18,200.0,0.21,116.0,0.17,156.0,0.22,110.0,0.16,352.99,0.23,125.0,0.15,550.66,0.24,330.1,0.14,495.16,0.25,551.0,0.79,116.0,0.82,200.0,0.78,110.0,0.83,156.0,0.77,125.0,0.84,352.99,0.76,330.1,0.85,550.66,0.75,551.0,0.86,495.16
2026-01-07 03:33:52.571000+00:00,2026-01-07 03:33:49.903910+00:00,232.571,0.195,0.19,0.2,0.805,0.8,0.81,104.04,37.0,31.0,104.04,0.18,211.03,0.21,186.0,0.17,156.0,0.22,180.0,0.16,352.99,0.23,195.0,0.15,550.66,0.24,330.1,0.14,495.16,0.25,551.0,0.79,186.0,0.82,211.03,0.78,180.0,0.83,156.0,0.77,195.0,0.84,352.99,0.76,330.1,0.85,550.66,0.75,551.0,0.86,495.16
2026-01-07 03:33:53.618000+00:00,2026-01-07 03:33:50.920512+00:00,233.618,0.195,0.19,0.2,0.805,0.8,0.81,93.04,126.0,111.0,105.04,0.18,212.03,0.21,196.0,0.17,130.0,0.22,379.0,0.16,278.0,0.23,329.0,0.15,495.66,0.24,330.1,0.14,684.16,0.25,528.0,0.79,196.0,0.82,200.03,0.78,379.0,0.83,130.0,0.77,329.0,0.84,278.0,0.76,330.1,0.85,495.66,0.75,528.0,0.86,684.16
2026-01-07 03:33:54.597000+00:00,2026-01-07 03:33:51.925179+00:00,234.597,0.195,0.19,0.2,0.805,0.8,0.81,69.04,101.0,101.0,69.04,0.18,236.03,0.21,196.0,0.17,86.0,0.22,379.0,0.16,307.99,0.23,208.0,0.15,359.66,0.24,434.1,0.14,575.16,0.25,428.0,0.79,196.0,0.82,212.03,0.78,379.0,0.83,110.0,0.77,208.0,0.84,307.99,0.76,434.1,0.85,359.66,0.75,428.0,0.86,585.16
2026-01-07 03:33:55.505000+00:00,2026-01-07 03:33:52.931061+00:00,235.505,0.195,0.19,0.2,0.805,0.8,0.81,33.04,113.0,113.0,33.04,0.18,70.03,0.21,196.0,0.17,273.0,0.22,379.0,0.16,322.99,0.23,353.0,0.15,359.66,0.24,306.1,0.14,585.16,0.25,449.0,0.79,196.0,0.82,58.03,0.78,379.0,0.83,273.0,0.77,353.0,0.84,322.99,0.76,306.1,0.85,359.66,0.75,449.0,0.86,585.16
2026-01-07 03:33:56.640000+00:00,2026-01-07 03:33:53.935956+00:00,236.64,0.195,0.19,0.2,0.805,0.8,0.81,33.04,93.0,101.0,33.04,0.18,236.03,0.21,208.0,0.17,167.0,0.22,367.0,0.16,392.99,0.23,353.0,0.15,429.66,0.24,318.1,0.14,585.16,0.25,449.0,0.79,208.0,0.82,236.03,0.78,367.0,0.83,167.0,0.77,353.0,0.84,392.99,0.76,318.1,0.85,429.66,0.75,449.0,0.86,585.16
2026-01-07 03:33:57.564000+00:00,2026-01-07 03:33:54.934558+00:00,237.564,0.195,0.19,0.2,0.805,0.8,0.81,32.04,93.0,93.0,32.04,0.18,248.03,0.21,208.0,0.17,155.0,0.22,367.0,0.16,377.99,0.23,317.0,0.15,444.66,0.24,342.1,0.14,585.16,0.25,454.0,0.79,208.0,0.82,248.03,0.78,367.0,0.83,155.0,0.77,317.0,0.84,377.99,0.76,342.1,0.85,444.66,0.75,454.0,0.86,585.16
2026-01-07 03:33:58.588000+00:00,2026-01-07 03:33:55.936262+00:00,238.588,0.195,0.19,0.2,0.805,0.8,0.81,41.04,99.42,99.42,41.04,0.18,248.03,0.21,208.0,0.17,155.0,0.22,367.0,0.16,392.99,0.23,317.0,0.15,439.66,0.24,342.1,0.14,575.16,0.25,421.0,0.79,208.0,0.82,248.03,0.78,367.0,0.83,155.0,0.77,317.0,0.84,392.99,0.76,342.1,0.85,439.66,0.75,421.0,0.86,575.16
2026-01-07 03:33:59.502000+00:00,2026-01-07 03:33:56.939361+00:00,239.502,0.195,0.19,0.2,0.805,0.8,0.81,41.04,99.42,99.42,41.04,0.18,248.03,0.21,208.0,0.17,155.0,0.22,367.0,0.16,377.99,0.23,220.0,0.15,454.66,0.24,434.1,0.14,575.16,0.25,421.0,0.79,208.0,0.82,248.03,0.78,367.0,0.83,155.0,0.77,220.0,0.84,377.99,0.76,434.1,0.85,454.66,0.75,421.0,0.86,575.16
2026-01-07 03:34:00.487000+00:00,2026-01-07 03:33:57.947268+00:00,240.487,0.195,0.19,0.2,0.805,0.8,0.81,48.71,99.42,99.42,38.71,0.18,248.03,0.21,208.0,0.17,184.0,0.22,367.0,0.16,348.0,0.23,220.0,0.15,454.66,0.24,434.1,0.14,575.16,0.25,421.0,0.79,208.0,0.82,248.03,0.78,367.0,0.83,184.0,0.77,220.0,0.84,348.0,0.76,434.1,0.85,454.66,0.75,421.0,0.86,575.16
2026-01-07 03:34:01.640000+00:00,2026-01-07 03:33:58.960188+00:00,241.64,0.195,0.19,0.2,0.805,0.8,0.81,38.71,253.42,253.42,36.24,0.18,35.0,0.21,196.0,0.17,269.0,0.22,529.0,0.16,413.99,0.23,329.0,0.15,444.66,0.24,351.1,0.14,575.16,0.25,409.0,0.79,220.0,0.82,35.0,0.78,403.0,0.83,209.0,0.77,317.0,0.84,449.99,0.76,306.1,0.85,456.66,0.75,409.0,0.86,575.16
2026-01-07 03:34:02.671000+00:00,2026-01-07 03:33:59.980828+00:00,242.671,0.195,0.19,0.2,0.84,0.83,0.85,36.24,837.42,12.0,101.66,0.16,35.0,0.21,304.0,0.15,101.66,0.22,289.0,0.14,251.17,0.23,349.0,0.13,385.0,0.24,259.1,0.12,675.57,0.25,404.0,0.82,164.0,0.86,271.18,0.81,121.76,0.87,399.0,0.8,837.42,0.88,554.57,0.79,326.0,0.89,435.49,0.78,254.0,0.9,791.3
2026-01-07 03:34:03.495000+00:00,2026-01-07 03:34:00.984039+00:00,243.495,0.155,0.15,0.16,0.845,0.84,0.85,26.66,75.0,60.0,26.66,0.14,181.02,0.17,260.0,0.13,399.0,0.18,235.0,0.12,554.57,0.19,408.76,0.11,435.49,0.2,678.42,0.1,791.3,0.21,326.0,0.83,260.0,0.86,181.02,0.82,235.0,0.87,387.0,0.81,408.76,0.88,554.57,0.8,678.42,0.89,435.49,0.79,326.0,0.9,791.3
2026-01-07 03:34:04.685000+00:00,2026-01-07 03:34:01.986685+00:00,244.685,0.155,0.15,0.16,0.845,0.84,0.85,171.66,60.0,68.0,267.66,0.14,296.0,0.17,52.0,0.13,364.0,0.18,330.0,0.12,505.57,0.19,275.76,0.11,435.49,0.2,419.42,0.1,791.3,0.21,314.0,0.83,40.0,0.86,284.0,0.82,330.0,0.87,352.0,0.81,263.76,0.88,505.57,0.8,431.42,0.89,435.49,0.79,306.0,0.9,791.3
2026-01-07 03:34:05.692000+00:00,2026-01-07 03:34:02.987208+00:00,245.692,0.155,0.15,0.16,0.845,0.84,0.85,42.66,103.0,90.0,42.66,0.14,17.0,0.17,52.0,0.13,462.0,0.18,330.0,0.12,535.56,0.19,540.76,0.11,435.49,0.2,419.42,0.1,806.3,0.21,282.0,0.83,162.0,0.86,95.0,0.82,342.0,0.87,332.0,0.81,528.76,0.88,580.56,0.8,407.42,0.89,435.49,0.79,314.0,0.9,806.3
2026-01-07 03:34:06.681000+00:00,2026-01-07 03:34:03.993447+00:00,246.681,0.155,0.15,0.16,0.845,0.84,0.85,32.66,37.0,468.0,42.66,0.14,392.0,0.17,109.07,0.13,325.0,0.18,293.0,0.12,560.56,0.19,552.76,0.11,445.49,0.2,419.42,0.1,876.3,0.21,326.0,0.83,74.07,0.86,235.0,0.82,404.0,0.87,302.0,0.81,481.76,0.88,560.57,0.8,395.42,0.89,464.49,0.79,282.0,0.9,582.3
2026-01-07 03:34:07.635000+00:00,2026-01-07 03:34:04.995755+00:00,247.635,0.14500000000000002,0.14,0.15,0.845,0.84,0.85,251.0,30.0,310.0,5.0,0.13,411.0,0.16,359.0,0.12,493.26,0.17,202.0,0.11,314.49,0.18,342.0,0.1,557.3,0.19,361.76,0.09,525.14,0.2,450.42,0.83,122.0,0.86,421.0,0.82,225.0,0.87,335.0,0.81,291.76,0.88,453.27,0.8,419.42,0.89,435.49,0.79,326.0,0.9,537.3
2026-01-07 03:34:08.628000+00:00,2026-01-07 03:34:05.995901+00:00,248.628,0.155,0.15,0.16,0.845,0.84,0.85,224.0,45.0,45.0,224.0,0.14,415.0,0.17,61.0,0.13,346.0,0.18,65.0,0.12,679.27,0.19,324.76,0.11,505.49,0.2,333.42,0.1,572.3,0.21,282.0,0.83,61.0,0.86,415.0,0.82,65.0,0.87,317.0,0.81,312.76,0.88,709.26,0.8,345.42,0.89,505.49,0.79,294.0,0.9,572.3
2026-01-07 03:34:09.596000+00:00,2026-01-07 03:34:07.011881+00:00,249.596,0.155,0.15,0.16,0.845,0.84,0.85,51.0,30.0,30.0,51.0,0.14,256.08,0.17,77.0,0.13,305.0,0.18,248.0,0.12,588.26,0.19,433.76,0.11,394.49,0.2,478.42,0.1,572.3,0.21,294.0,0.83,77.0,0.86,256.08,0.82,248.0,0.87,305.0,0.81,433.76,0.88,588.26,0.8,478.42,0.89,394.49,0.79,294.0,0.9,572.3
2026-01-07 03:34:10.709000+00:00,2026-01-07 03:34:08.012377+00:00,250.709,0.155,0.15,0.16,0.845,0.84,0.85,75.0,68.0,43.0,75.0,0.14,244.08,0.17,61.0,0.13,293.0,0.18,248.0,0.12,588.26,0.19,289.76,0.11,409.49,0.2,521.42,0.1,572.3,0.21,294.0,0.83,61.0,0.86,244.08,0.82,248.0,0.87,293.0,0.81,289.76,0.88,588.26,0.8,521.42,0.89,409.49,0.79,294.0,0.9,572.3
2026-01-07 03:34:11.606000+00:00,2026-01-07 03:34:09.012695+00:00,251.606,0.155,0.15,0.16,0.845,0.84,0.85,40.0,38.0,8.0,396.0,0.14,269.08,0.17,166.0,0.13,268.0,0.18,293.0,0.12,588.26,0.19,384.76,0.11,409.49,0.2,486.42,0.1,607.3,0.21,294.0,0.83,76.0,0.86,254.07,0.82,542.0,0.87,293.0,0.81,347.76,0.88,704.27,0.8,555.42,0.89,505.49,0.79,342.0,0.9,796.3
2026-01-07 03:34:12.728000+00:00,2026-01-07 03:34:10.031270+00:00,252.728,0.185,0.18,0.19,0.795,0.79,0.8,330.0,162.76,315.0,48.0,0.17,251.0,0.2,183.0,0.16,312.0,0.21,469.0,0.15,604.0,0.22,194.0,0.14,486.08,0.23,247.0,0.13,434.0,0.24,292.1,0.78,212.0,0.81,150.0,0.77,222.0,0.82,269.99,0.76,294.1,0.83,258.0,0.75,437.0,0.84,509.0,0.74,514.4,0.85,574.0
2026-01-07 03:34:13.747000+00:00,2026-01-07 03:34:11.049295+00:00,253.747,0.20500000000000002,0.2,0.21,0.795,0.79,0.8,71.0,399.66,399.66,71.0,0.19,276.0,0.22,63.0,0.18,309.0,0.23,259.0,0.17,322.0,0.24,244.1,0.16,348.0,0.25,417.0,0.15,449.0,0.26,391.4,0.78,63.0,0.81,276.0,0.77,259.0,0.82,309.0,0.76,244.1,0.83,322.0,0.75,417.0,0.84,348.0,0.74,321.4,0.85,449.0
2026-01-07 03:34:14.749000+00:00,2026-01-07 03:34:12.057990+00:00,254.749,0.20500000000000002,0.2,0.21,0.795,0.79,0.8,36.0,453.66,453.66,36.0,0.19,180.0,0.22,224.0,0.18,283.0,0.23,246.0,0.17,322.0,0.24,236.1,0.16,348.0,0.25,403.0,0.15,484.0,0.26,391.4,0.78,110.0,0.81,180.0,0.77,246.0,0.82,283.0,0.76,236.1,0.83,322.0,0.75,370.0,0.84,348.0,0.74,391.4,0.85,484.0
2026-01-07 03:34:15.756000+00:00,2026-01-07 03:34:13.064722+00:00,255.756,0.16499999999999998,0.15,0.18,0.845,0.84,0.85,198.0,24.0,46.0,15.0,0.14,345.08,0.19,24.0,0.13,326.99,0.2,38.0,0.12,651.27,0.21,752.15,0.11,435.49,0.22,296.0,0.1,726.3,0.23,317.0,0.83,77.0,0.86,380.08,0.82,107.0,0.87,336.99,0.81,272.0,0.88,530.27,0.8,99.0,0.89,435.49,0.79,583.15,0.9,761.3
2026-01-07 03:34:16.729000+00:00,2026-01-07 03:34:14.086695+00:00,256.729,0.155,0.15,0.16,0.845,0.84,0.85,143.87,45.0,15.25,194.87,0.14,313.0,0.17,80.0,0.13,312.99,0.18,220.0,0.12,518.27,0.19,296.0,0.11,435.49,0.2,416.0,0.1,761.3,0.21,474.15,0.83,80.0,0.86,394.0,0.82,208.0,0.87,252.99,0.81,260.0,0.88,518.27,0.8,440.0,0.89,435.49,0.79,462.15,0.9,761.3
2026-01-07 03:34:17.784000+00:00,2026-01-07 03:34:15.091320+00:00,257.784,0.15000000000000002,0.14,0.16,0.85,0.84,0.86,467.08,45.25,55.25,467.08,0.13,247.0,0.17,92.0,0.12,547.27,0.18,205.0,0.11,435.49,0.19,296.0,0.1,761.3,0.2,404.0,0.09,415.25,0.21,474.15,0.83,92.0,0.87,247.0,0.82,205.0,0.88,547.27,0.81,296.0,0.89,435.49,0.8,404.0,0.9,761.3,0.79,474.15,0.91,415.25
2026-01-07 03:34:18.789000+00:00,2026-01-07 03:34:16.099813+00:00,258.789,0.15000000000000002,0.14,0.16,0.845,0.84,0.85,491.08,46.0,16.0,160.0,0.13,252.99,0.17,80.0,0.12,518.27,0.18,205.0,0.11,435.49,0.19,284.0,0.1,831.3,0.2,428.0,0.09,485.25,0.21,474.15,0.83,80.0,0.86,409.0,0.82,205.0,0.87,252.99,0.81,284.0,0.88,518.27,0.8,428.0,0.89,435.49,0.79,474.15,0.9,831.3
2026-01-07 03:34:19.805000+00:00,2026-01-07 03:34:17.122196+00:00,259.805,0.155,0.15,0.16,0.845,0.84,0.85,84.0,37.5,37.5,84.0,0.14,407.08,0.17,374.0,0.13,252.99,0.18,263.0,0.12,518.27,0.19,330.0,0.11,505.49,0.2,440.0,0.1,831.3,0.21,474.15,0.83,374.0,0.86,407.08,0.82,263.0,0.87,252.99,0.81,330.0,0.88,518.27,0.8,440.0,0.89,505.49,0.79,474.15,0.9,831.3
2026-01-07 03:34:20.822000+00:00,2026-01-07 03:34:18.129005+00:00,260.822,0.155,0.15,0.16,0.845,0.84,0.85,16.0,113.0,128.0,16.0,0.14,212.08,0.17,496.0,0.13,328.0,0.18,444.0,0.12,583.27,0.19,451.0,0.11,394.49,0.2,421.0,0.1,831.3,0.21,450.15,0.83,532.0,0.86,82.08,0.82,469.0,0.87,398.0,0.81,416.0,0.88,583.27,0.8,421.0,0.89,394.49,0.79,450.15,0.9,831.3
2026-01-07 03:34:21.660000+00:00,2026-01-07 03:34:19.152471+00:00,261.66,0.155,0.15,0.16,0.845,0.84,0.85,16.0,151.0,151.0,16.0,0.14,162.08,0.17,305.0,0.13,182.0,0.18,312.0,0.12,546.27,0.19,440.0,0.11,384.49,0.2,447.0,0.1,486.3,0.21,430.15,0.83,305.0,0.86,162.08,0.82,312.0,0.87,182.0,0.81,440.0,0.88,546.27,0.8,447.0,0.89,384.49,0.79,430.15,0.9,486.3
2026-01-07 03:34:22.735000+00:00,2026-01-07 03:34:20.158107+00:00,262.735,0.15000000000000002,0.14,0.16,0.85,0.84,0.86,166.54,166.0,166.0,166.54,0.13,182.0,0.17,305.0,0.12,522.27,0.18,300.0,0.11,384.49,0.19,452.0,0.1,486.3,0.2,447.0,0.09,744.25,0.21,430.15,0.83,305.0,0.87,182.0,0.82,300.0,0.88,522.27,0.81,452.0,0.89,384.49,0.8,447.0,0.9,486.3,0.79,430.15,0.91,744.25
2026-01-07 03:34:23.968000+00:00,2026-01-07 03:34:21.181678+00:00,263.968,0.135,0.13,0.14,0.865,0.86,0.87,219.0,21.0,36.0,139.0,0.12,519.27,0.15,50.94,0.11,384.49,0.16,147.0,0.1,486.3,0.17,317.0,0.09,744.25,0.18,354.0,0.08,806.76,0.19,416.0,0.85,50.94,0.88,490.27,0.84,147.0,0.89,414.48,0.83,317.0,0.9,486.3,0.82,354.0,0.91,744.25,0.81,416.0,0.92,806.76
2026-01-07 03:34:24.903000+00:00,2026-01-07 03:34:22.186804+00:00,264.903,0.135,0.13,0.14,0.865,0.86,0.87,160.0,21.0,46.0,192.0,0.12,377.27,0.15,85.94,0.11,319.48,0.16,305.0,0.1,416.3,0.17,342.0,0.09,623.25,0.18,440.0,0.08,841.76,0.19,416.0,0.85,85.94,0.88,377.27,0.84,305.0,0.89,319.48,0.83,342.0,0.9,416.3,0.82,440.0,0.91,623.25,0.81,416.0,0.92,841.76
2026-01-07 03:34:25.805000+00:00,2026-01-07 03:34:23.178126+00:00,265.805,0.135,0.13,0.14,0.865,0.86,0.87,176.0,16.0,16.0,176.0,0.12,381.67,0.15,85.94,0.11,323.29,0.16,305.0,0.1,407.4,0.17,342.0,0.09,613.45,0.18,440.0,0.08,830.86,0.19,416.0,0.85,85.94,0.88,381.67,0.84,305.0,0.89,323.29,0.83,342.0,0.9,407.4,0.82,440.0,0.91,613.45,0.81,416.0,0.92,830.86
2026-01-07 03:34:26.837000+00:00,2026-01-07 03:34:24.170048+00:00,266.837,0.135,0.13,0.14,0.865,0.86,0.87,188.0,16.0,16.0,185.7,0.12,381.67,0.15,155.94,0.11,297.99,0.16,305.0,0.1,407.4,0.17,342.0,0.09,613.45,0.18,440.0,0.08,830.86,0.19,416.0,0.85,155.94,0.88,381.67,0.84,305.0,0.89,297.99,0.83,342.0,0.9,407.4,0.82,410.0,0.91,613.45,0.81,416.0,0.92,830.86
2026-01-07 03:34:27.874000+00:00,2026-01-07 03:34:25.176037+00:00,267.874,0.135,0.13,0.14,0.865,0.86,0.87,185.7,16.0,16.0,185.7,0.12,381.67,0.15,155.94,0.11,297.99,0.16,305.0,0.1,407.4,0.17,342.0,0.09,613.45,0.18,440.0,0.08,830.86,0.19,416.0,0.85,155.94,0.88,381.67,0.84,305.0,0.89,297.99,0.83,342.0,0.9,407.4,0.82,440.0,0.91,613.45,0.81,416.0,0.92,830.86
2026-01-07 03:34:28.900000+00:00,2026-01-07 03:34:26.198244+00:00,268.9,0.135,0.13,0.14,0.86,0.85,0.87,188.0,15.0,395.94,107.0,0.12,381.67,0.15,405.94,0.11,297.99,0.16,305.0,0.1,477.4,0.17,372.0,0.09,613.45,0.18,410.0,0.08,830.86,0.19,416.0,0.84,305.0,0.88,396.67,0.83,372.0,0.89,297.99,0.82,410.0,0.9,477.4,0.81,416.0,0.91,613.45,0.8,416.0,0.92,830.86
2026-01-07 03:34:29.714000+00:00,2026-01-07 03:34:27.206781+00:00,269.714,0.14,0.13,0.15,0.86,0.85,0.87,172.0,395.94,395.94,172.0,0.12,381.67,0.16,335.0,0.11,297.99,0.17,463.0,0.1,477.4,0.18,410.0,0.09,608.34,0.19,416.0,0.08,830.86,0.2,416.0,0.84,335.0,0.88,381.67,0.83,463.0,0.89,297.99,0.82,410.0,0.9,477.4,0.81,416.0,0.91,608.34,0.8,416.0,0.92,830.86
2026-01-07 03:34:30.911000+00:00,2026-01-07 03:34:28.214787+00:00,270.911,0.14,0.13,0.15,0.86,0.85,0.87,172.0,395.94,395.94,172.0,0.12,503.67,0.16,335.0,0.11,297.99,0.17,342.0,0.1,598.4,0.18,410.0,0.09,729.34,0.19,416.0,0.08,837.18,0.2,416.0,0.84,335.0,0.88,564.67,0.83,342.0,0.89,297.99,0.82,410.0,0.9,598.4,0.81,416.0,0.91,729.34,0.8,416.0,0.92,837.18
2026-01-07 03:34:31.725000+00:00,2026-01-07 03:34:29.222068+00:00,271.725,0.14,0.13,0.15,0.86,0.85,0.87,172.0,395.94,395.94,172.0,0.12,564.67,0.16,335.0,0.11,297.99,0.17,342.0,0.1,477.4,0.18,410.0,0.09,729.34,0.19,416.0,0.08,837.18,0.2,416.0,0.84,335.0,0.88,564.67,0.83,342.0,0.89,297.99,0.82,410.0,0.9,477.4,0.81,416.0,0.91,729.34,0.8,416.0,0.92,837.18
2026-01-07 03:34:32.936000+00:00,2026-01-07 03:34:30.237236+00:00,272.936,0.135,0.13,0.14,0.87,0.86,0.88,127.0,5.0,95.0,379.75,0.12,564.67,0.15,561.94,0.11,297.99,0.16,305.0,0.1,598.4,0.17,463.0,0.09,729.34,0.18,410.0,0.08,837.18,0.19,416.0,0.85,531.94,0.89,309.99,0.84,293.0,0.9,598.4,0.83,439.0,0.91,505.34,0.82,374.0,0.92,837.18,0.81,404.0,0.93,438.0
2026-01-07 03:34:33.834000+00:00,2026-01-07 03:34:31.242677+00:00,273.834,0.125,0.12,0.13,0.875,0.87,0.88,344.75,5.0,21.0,344.75,0.11,119.0,0.14,85.0,0.1,409.0,0.15,355.94,0.09,314.34,0.16,463.0,0.08,716.18,0.17,440.0,0.07,758.0,0.18,386.0,0.86,85.0,0.89,119.0,0.85,339.94,0.9,409.0,0.84,463.0,0.91,314.34,0.83,440.0,0.92,716.18,0.82,386.0,0.93,758.0
2026-01-07 03:34:34.669000+00:00,2026-01-07 03:34:32.247437+00:00,274.669,0.125,0.12,0.13,0.875,0.87,0.88,344.75,16.0,16.0,344.75,0.11,119.0,0.14,80.0,0.1,409.0,0.15,339.94,0.09,314.34,0.16,463.0,0.08,716.18,0.17,440.0,0.07,758.0,0.18,386.0,0.86,80.0,0.89,119.0,0.85,339.94,0.9,409.0,0.84,463.0,0.91,314.34,0.83,440.0,0.92,716.18,0.82,386.0,0.93,758.0
2026-01-07 03:34:35.948000+00:00,2026-01-07 03:34:33.254713+00:00,275.948,0.125,0.12,0.13,0.87,0.86,0.88,426.63,16.0,150.0,426.63,0.11,169.0,0.14,150.0,0.1,397.0,0.15,339.94,0.09,314.34,0.16,439.0,0.08,837.18,0.17,440.0,0.07,758.0,0.18,386.0,0.85,339.94,0.89,169.0,0.84,439.0,0.9,397.0,0.83,440.0,0.91,314.34,0.82,398.0,0.92,837.18,0.81,428.0,0.93,758.0
2026-01-07 03:34:36.809000+00:00,2026-01-07 03:34:34.262312+00:00,276.809,0.13,0.12,0.14,0.87,0.86,0.88,369.59,166.0,166.0,354.59,0.11,247.99,0.15,327.94,0.1,368.0,0.16,330.0,0.09,399.34,0.17,416.0,0.08,837.18,0.18,422.0,0.07,758.0,0.19,416.0,0.85,327.94,0.89,247.99,0.84,330.0,0.9,368.0,0.83,416.0,0.91,399.34,0.82,422.0,0.92,837.18,0.81,416.0,0.93,758.0
2026-01-07 03:34:37.843000+00:00,2026-01-07 03:34:35.267429+00:00,277.843,0.13,0.12,0.14,0.87,0.86,0.88,330.59,390.0,390.0,330.59,0.11,271.99,0.15,339.94,0.1,368.0,0.16,342.0,0.09,399.34,0.17,440.0,0.08,837.18,0.18,386.0,0.07,758.0,0.19,416.0,0.85,339.94,0.89,271.99,0.84,342.0,0.9,368.0,0.83,440.0,0.91,399.34,0.82,386.0,0.92,837.18,0.81,416.0,0.93,758.0
2026-01-07 03:34:39.047000+00:00,2026-01-07 03:34:36.289116+00:00,279.047,0.125,0.12,0.13,0.875,0.87,0.88,306.59,5.0,5.0,487.59,0.11,307.99,0.14,402.0,0.1,368.0,0.15,310.94,0.09,505.34,0.16,342.0,0.08,837.18,0.17,319.0,0.07,758.0,0.18,386.0,0.86,281.0,0.89,219.0,0.85,215.94,0.9,479.0,0.84,307.0,0.91,505.34,0.83,295.0,0.92,837.18,0.82,374.0,0.93,723.0
2026-01-07 03:34:40.998000+00:00,2026-01-07 03:34:38.318802+00:00,280.998,0.14500000000000002,0.14,0.15,0.855,0.85,0.86,199.91,85.94,85.94,199.91,0.13,345.0,0.16,55.0,0.12,422.51,0.17,342.0,0.11,288.0,0.18,277.0,0.1,599.0,0.19,428.0,0.09,515.34,0.2,428.0,0.84,55.0,0.87,345.0,0.83,342.0,0.88,422.51,0.82,277.0,0.89,288.0,0.81,428.0,0.9,599.0,0.8,428.0,0.91,515.34
2026-01-07 03:34:42.083000+00:00,2026-01-07 03:34:39.368478+00:00,282.083,0.135,0.13,0.14,0.865,0.86,0.87,79.0,45.0,189.0,31.0,0.12,501.51,0.15,115.94,0.11,212.99,0.16,247.0,0.1,478.0,0.17,342.0,0.09,515.34,0.18,410.0,0.08,802.18,0.19,416.0,0.85,622.94,0.88,323.51,0.84,451.0,0.89,347.98,0.83,404.0,0.9,397.0,0.82,374.0,0.91,519.34,0.81,404.0,0.92,779.18
2026-01-07 03:34:43.078000+00:00,2026-01-07 03:34:40.379568+00:00,283.078,0.135,0.13,0.14,0.865,0.86,0.87,31.0,154.0,154.0,31.0,0.12,140.51,0.15,558.94,0.11,164.98,0.16,451.0,0.1,322.0,0.17,404.0,0.09,398.34,0.18,374.0,0.08,779.18,0.19,404.0,0.85,534.94,0.88,125.51,0.84,451.0,0.89,179.98,0.83,404.0,0.9,322.0,0.82,374.0,0.91,362.34,0.81,404.0,0.92,767.18
2026-01-07 03:34:44.208000+00:00,2026-01-07 03:34:41.401304+00:00,284.208,0.13,0.12,0.14,0.87,0.86,0.88,270.51,113.0,113.0,306.51,0.11,146.0,0.15,575.94,0.1,370.0,0.16,463.0,0.09,314.34,0.17,428.0,0.08,767.18,0.18,386.0,0.07,534.0,0.19,404.0,0.85,575.94,0.89,146.0,0.84,463.0,0.9,346.0,0.83,428.0,0.91,314.34,0.82,386.0,0.92,767.18,0.81,404.0,0.93,534.0
2026-01-07 03:34:45.037000+00:00,2026-01-07 03:34:42.408159+00:00,285.037,0.125,0.12,0.13,0.875,0.87,0.88,176.51,60.0,76.0,176.51,0.11,201.0,0.14,98.0,0.1,346.0,0.15,575.94,0.09,314.34,0.16,463.0,0.08,767.18,0.17,428.0,0.07,534.0,0.18,386.0,0.86,77.0,0.89,201.0,0.85,575.94,0.9,346.0,0.84,463.0,0.91,314.34,0.83,428.0,0.92,767.18,0.82,386.0,0.93,534.0
2026-01-07 03:34:46.100000+00:00,2026-01-07 03:34:43.415176+00:00,286.1,0.125,0.12,0.13,0.875,0.87,0.88,286.51,31.0,31.0,280.82,0.11,194.0,0.14,80.0,0.1,322.0,0.15,575.94,0.09,384.34,0.16,463.0,0.08,837.18,0.17,428.0,0.07,534.0,0.18,386.0,0.86,80.0,0.89,194.0,0.85,351.94,0.9,322.0,0.84,463.0,0.91,384.34,0.83,428.0,0.92,837.18,0.82,386.0,0.93,534.0
2026-01-07 03:34:47.949000+00:00,2026-01-07 03:34:45.428777+00:00,287.949,0.125,0.12,0.13,0.875,0.87,0.88,280.82,16.0,16.0,250.82,0.11,328.0,0.14,80.0,0.1,322.0,0.15,351.94,0.09,384.34,0.16,463.0,0.08,837.18,0.17,440.0,0.07,534.0,0.18,386.0,0.86,80.0,0.89,389.0,0.85,351.94,0.9,322.0,0.84,342.0,0.91,384.34,0.83,440.0,0.92,837.18,0.82,386.0,0.93,534.0
2026-01-07 03:34:49.163000+00:00,2026-01-07 03:34:46.433552+00:00,289.163,0.125,0.12,0.13,0.875,0.87,0.88,150.82,61.0,61.0,150.82,0.11,420.0,0.14,269.0,0.1,346.0,0.15,351.94,0.09,384.34,0.16,451.0,0.08,837.18,0.17,440.0,0.07,534.0,0.18,386.0,0.86,330.0,0.89,420.0,0.85,351.94,0.9,346.0,0.84,451.0,0.91,384.34,0.83,440.0,0.92,837.18,0.82,386.0,0.93,534.0
