timestamp,collected_at,seconds,up_mid,up_best_bid,up_best_ask,down_mid,down_best_bid,down_best_ask,up_best_bid_size,up_best_ask_size,down_best_bid_size,down_best_ask_size,up_bid_2,up_bid_2_size,up_ask_2,up_ask_2_size,up_bid_3,up_bid_3_size,up_ask_3,up_ask_3_size,up_bid_4,up_bid_4_size,up_ask_4,up_ask_4_size,up_bid_5,up_bid_5_size,up_ask_5,up_ask_5_size,up_bid_6,up_bid_6_size,up_ask_6,up_ask_6_size,down_bid_2,down_bid_2_size,down_ask_2,down_ask_2_size,down_bid_3,down_bid_3_size,down_ask_3,down_ask_3_size,down_bid_4,down_bid_4_size,down_ask_4,down_ask_4_size,down_bid_5,down_bid_5_size,down_ask_5,down_ask_5_size,down_bid_6,down_bid_6_size,down_ask_6,down_ask_6_size
2026-01-07 11:15:00.455000+00:00,2026-01-07 11:14:58.140080+00:00,0.455,0.99,0.99,,0.01,,0.01,24327.93,,,24327.93,0.98,225.48,,,0.97,101.0,,,0.96,776.05,,,0.95,35.0,,,0.94,113.13,,,,,0.02,225.48,,,0.03,101.0,,,0.04,776.05,,,0.05,35.0,,,0.06,113.13
2026-01-07 11:15:01.425000+00:00,2026-01-07 11:14:59.146284+00:00,1.425,0.99,0.99,,0.01,,0.01,228464.64,,,228464.64,0.98,225.48,,,0.97,101.0,,,0.96,776.05,,,0.95,35.0,,,0.94,47.87,,,,,0.02,225.48,,,0.03,101.0,,,0.04,776.05,,,0.05,35.0,,,0.06,47.87
2026-01-07 11:15:02.601000+00:00,2026-01-07 11:15:00.167035+00:00,2.601,0.435,0.43,0.44,0.555,0.55,0.56,430.95,8.68,327.68,61.0,0.42,304.0,0.45,400.0,0.41,304.0,0.46,29.77,0.4,121.0,0.47,1067.98,0.39,121.0,0.48,649.15,0.34,14.0,0.49,410.94,0.54,29.77,0.57,450.95,0.53,1067.98,0.58,304.0,0.52,649.15,0.59,304.0,0.51,410.94,0.6,121.0,0.5,1291.98,0.61,121.0
2026-01-07 11:15:03.594000+00:00,2026-01-07 11:15:01.172739+00:00,3.594,0.46499999999999997,0.46,0.47,0.535,0.53,0.54,191.0,853.75,853.75,245.0,0.45,2.84,0.48,649.15,0.44,324.0,0.49,410.94,0.43,332.95,0.5,1291.98,0.42,304.0,0.51,60.0,0.41,304.0,0.52,20.0,0.52,629.15,0.56,309.0,0.51,410.94,0.57,317.95,0.5,1291.98,0.58,304.0,0.49,60.0,0.59,304.0,0.48,20.0,0.6,121.0
2026-01-07 11:15:04.560000+00:00,2026-01-07 11:15:02.178261+00:00,4.56,0.46499999999999997,0.46,0.47,0.535,0.53,0.54,216.0,769.23,784.23,231.0,0.45,56.0,0.48,629.15,0.44,324.0,0.49,425.94,0.43,317.95,0.5,1296.98,0.42,304.0,0.51,65.0,0.41,304.0,0.52,41.0,0.52,629.15,0.55,56.0,0.51,425.94,0.56,324.0,0.5,1296.98,0.57,317.95,0.49,65.0,0.58,304.0,0.48,41.0,0.59,304.0
2026-01-07 11:15:05.530000+00:00,2026-01-07 11:15:03.200559+00:00,5.53,0.46499999999999997,0.46,0.47,0.535,0.53,0.54,276.0,514.84,472.28,276.0,0.45,5.0,0.48,629.15,0.44,324.0,0.49,410.94,0.43,317.95,0.5,1301.98,0.42,304.0,0.51,65.0,0.41,304.0,0.52,56.0,0.52,629.15,0.55,5.0,0.51,410.94,0.56,324.0,0.5,1301.98,0.57,317.95,0.49,65.0,0.58,304.0,0.48,56.0,0.59,304.0
2026-01-07 11:15:06.539000+00:00,2026-01-07 11:15:04.205100+00:00,6.539,0.46499999999999997,0.46,0.47,0.535,0.53,0.54,212.37,299.88,299.88,212.37,0.45,66.0,0.48,629.15,0.44,324.0,0.49,410.94,0.43,317.95,0.5,1301.98,0.42,304.0,0.51,85.0,0.41,304.0,0.52,86.0,0.52,634.15,0.55,66.0,0.51,410.94,0.56,324.0,0.5,1301.98,0.57,317.95,0.49,85.0,0.58,304.0,0.48,86.0,0.59,304.0
2026-01-07 11:15:07.584000+00:00,2026-01-07 11:15:05.228204+00:00,7.584,0.46499999999999997,0.46,0.47,0.535,0.53,0.54,164.0,225.62,221.62,164.0,0.45,80.0,0.48,704.15,0.44,394.0,0.49,480.94,0.43,387.95,0.5,1401.98,0.42,374.0,0.51,368.0,0.41,374.0,0.52,339.0,0.52,704.15,0.55,80.0,0.51,480.94,0.56,394.0,0.5,1401.98,0.57,387.95,0.49,368.0,0.58,374.0,0.48,339.0,0.59,374.0
2026-01-07 11:15:08.562000+00:00,2026-01-07 11:15:06.232228+00:00,8.562,0.46499999999999997,0.46,0.47,0.535,0.53,0.54,102.59,109.7,91.82,102.59,0.45,136.0,0.48,704.15,0.44,394.0,0.49,495.94,0.43,387.95,0.5,1416.98,0.42,374.0,0.51,378.0,0.41,374.0,0.52,374.0,0.52,704.15,0.55,136.0,0.51,495.94,0.56,394.0,0.5,1416.98,0.57,387.95,0.49,378.0,0.58,374.0,0.48,374.0,0.59,374.0
2026-01-07 11:15:09.606000+00:00,2026-01-07 11:15:07.241063+00:00,9.606,0.46499999999999997,0.46,0.47,0.535,0.53,0.54,72.59,315.85,275.85,42.59,0.45,5.0,0.48,886.15,0.44,389.0,0.49,647.94,0.43,410.95,0.5,1553.98,0.42,304.0,0.51,499.0,0.41,374.0,0.52,460.0,0.52,886.15,0.55,10.0,0.51,647.94,0.56,354.0,0.5,1553.98,0.57,410.95,0.49,499.0,0.58,304.0,0.48,460.0,0.59,374.0
2026-01-07 11:15:10.633000+00:00,2026-01-07 11:15:08.245712+00:00,10.633,0.46499999999999997,0.46,0.47,0.535,0.53,0.54,42.59,105.0,85.61,42.59,0.45,95.0,0.48,977.15,0.44,110.0,0.49,723.94,0.43,106.95,0.5,1599.98,0.42,304.0,0.51,499.0,0.41,389.0,0.52,460.0,0.52,977.15,0.55,105.0,0.51,723.94,0.56,110.0,0.5,2190.61,0.57,106.95,0.49,499.0,0.58,304.0,0.48,460.0,0.59,389.0
2026-01-07 11:15:11.673000+00:00,2026-01-07 11:15:09.251497+00:00,11.673,0.46499999999999997,0.46,0.47,0.535,0.53,0.54,77.59,78.0,78.0,77.59,0.45,137.22,0.48,977.15,0.44,145.0,0.49,723.94,0.43,106.95,0.5,2190.61,0.42,339.0,0.51,534.0,0.41,389.0,0.52,470.0,0.52,977.15,0.55,137.22,0.51,723.94,0.56,145.0,0.5,2190.61,0.57,106.95,0.49,534.0,0.58,339.0,0.48,470.0,0.59,389.0
2026-01-07 11:15:12.610000+00:00,2026-01-07 11:15:10.258307+00:00,12.61,0.46499999999999997,0.46,0.47,0.535,0.53,0.54,77.59,72.4,70.27,77.59,0.45,263.22,0.48,977.15,0.44,215.0,0.49,723.94,0.43,240.95,0.5,2190.61,0.42,409.0,0.51,534.0,0.41,389.0,0.52,470.0,0.52,977.15,0.55,263.22,0.51,723.94,0.56,215.0,0.5,2190.61,0.57,240.95,0.49,534.0,0.58,409.0,0.48,470.0,0.59,389.0
2026-01-07 11:15:13.410000+00:00,2026-01-07 11:15:11.265966+00:00,13.41,0.46499999999999997,0.46,0.47,0.535,0.53,0.54,71.34,59.75,59.75,71.34,0.45,217.22,0.48,794.15,0.44,262.0,0.49,723.94,0.43,301.95,0.5,2190.61,0.42,409.0,0.51,534.0,0.41,374.0,0.52,470.0,0.52,794.15,0.55,217.22,0.51,723.94,0.56,262.0,0.5,2190.61,0.57,301.95,0.49,534.0,0.58,409.0,0.48,470.0,0.59,374.0
2026-01-07 11:15:14.553000+00:00,2026-01-07 11:15:12.272565+00:00,14.553,0.46499999999999997,0.46,0.47,0.535,0.53,0.54,71.34,47.23,47.23,71.34,0.45,217.22,0.48,794.15,0.44,262.0,0.49,723.94,0.43,301.95,0.5,2190.61,0.42,409.0,0.51,534.0,0.41,374.0,0.52,470.0,0.52,794.15,0.55,217.22,0.51,723.94,0.56,262.0,0.5,2190.61,0.57,301.95,0.49,534.0,0.58,409.0,0.48,470.0,0.59,374.0
2026-01-07 11:15:15.696000+00:00,2026-01-07 11:15:13.278112+00:00,15.696,0.475,0.47,0.48,0.525,0.52,0.53,30.0,749.15,759.55,95.0,0.46,152.94,0.49,783.94,0.45,192.22,0.5,1619.98,0.44,212.0,0.51,534.0,0.43,301.95,0.52,470.0,0.42,374.0,0.53,469.0,0.51,728.94,0.54,132.94,0.5,1679.98,0.55,207.22,0.49,544.0,0.56,212.0,0.48,470.0,0.57,422.95,0.47,439.0,0.58,374.0
2026-01-07 11:15:16.687000+00:00,2026-01-07 11:15:14.282638+00:00,16.687,0.475,0.47,0.48,0.525,0.52,0.53,44.0,779.55,779.55,15.0,0.46,172.94,0.49,778.94,0.45,197.22,0.5,1619.98,0.44,231.66,0.51,534.0,0.43,422.95,0.52,470.0,0.42,374.0,0.53,439.0,0.51,778.94,0.54,197.94,0.5,1619.98,0.55,172.22,0.49,534.0,0.56,231.66,0.48,470.0,0.57,422.95,0.47,439.0,0.58,409.0
2026-01-07 11:15:17.705000+00:00,2026-01-07 11:15:15.308709+00:00,17.705,0.46499999999999997,0.46,0.47,0.535,0.53,0.54,78.82,120.0,120.0,78.82,0.45,257.22,0.48,814.55,0.44,184.66,0.49,728.94,0.43,422.95,0.5,1609.98,0.42,469.0,0.51,534.0,0.41,374.0,0.52,470.0,0.52,814.55,0.55,237.22,0.51,728.94,0.56,204.66,0.5,1609.98,0.57,422.95,0.49,534.0,0.58,469.0,0.48,470.0,0.59,374.0
2026-01-07 11:15:18.699000+00:00,2026-01-07 11:15:16.316627+00:00,18.699,0.475,0.47,0.48,0.525,0.52,0.53,50.0,794.55,788.55,50.0,0.46,98.44,0.49,783.94,0.45,222.22,0.5,1609.98,0.44,231.66,0.51,534.0,0.43,422.95,0.52,470.0,0.42,374.0,0.53,469.0,0.51,783.94,0.54,98.44,0.5,1609.98,0.55,257.22,0.49,534.0,0.56,231.66,0.48,470.0,0.57,422.95,0.47,469.0,0.58,374.0
2026-01-07 11:15:19.679000+00:00,2026-01-07 11:15:17.326498+00:00,19.679,0.475,0.47,0.48,0.525,0.52,0.53,55.0,781.55,781.55,55.0,0.46,98.44,0.49,783.94,0.45,252.22,0.5,1609.98,0.44,226.66,0.51,413.0,0.43,422.95,0.52,470.0,0.42,374.0,0.53,469.0,0.51,783.94,0.54,98.44,0.5,1609.98,0.55,252.22,0.49,413.0,0.56,226.66,0.48,470.0,0.57,422.95,0.47,469.0,0.58,374.0
2026-01-07 11:15:20.657000+00:00,2026-01-07 11:15:18.332434+00:00,20.657,0.475,0.47,0.48,0.525,0.52,0.53,55.0,772.91,770.91,55.0,0.46,114.3,0.49,783.94,0.45,252.22,0.5,1609.98,0.44,226.66,0.51,413.0,0.43,422.95,0.52,470.0,0.42,374.0,0.53,469.0,0.51,600.94,0.54,114.3,0.5,1609.98,0.55,252.22,0.49,413.0,0.56,226.66,0.48,470.0,0.57,422.95,0.47,469.0,0.58,374.0
2026-01-07 11:15:21.683000+00:00,2026-01-07 11:15:19.339952+00:00,21.683,0.475,0.47,0.48,0.525,0.52,0.53,55.0,751.74,751.74,5.0,0.46,184.3,0.49,600.94,0.45,252.22,0.5,1609.98,0.44,226.66,0.51,408.0,0.43,422.95,0.52,475.0,0.42,374.0,0.53,469.0,0.51,600.94,0.54,179.3,0.5,1609.98,0.55,227.22,0.49,408.0,0.56,226.66,0.48,475.0,0.57,422.95,0.47,469.0,0.58,409.0
2026-01-07 11:15:22.607000+00:00,2026-01-07 11:15:20.329502+00:00,22.607,0.475,0.47,0.48,0.525,0.52,0.53,20.0,736.46,736.46,20.0,0.46,209.3,0.49,768.94,0.45,227.22,0.5,1624.98,0.44,226.66,0.51,408.0,0.43,422.95,0.52,475.0,0.42,409.0,0.53,469.0,0.51,768.94,0.54,209.3,0.5,1624.98,0.55,227.22,0.49,408.0,0.56,226.66,0.48,475.0,0.57,422.95,0.47,469.0,0.58,409.0
2026-01-07 11:15:23.745000+00:00,2026-01-07 11:15:21.337360+00:00,23.745,0.475,0.47,0.48,0.525,0.52,0.53,20.0,1024.07,1024.07,20.0,0.46,234.3,0.49,773.94,0.45,227.22,0.5,1609.98,0.44,226.66,0.51,408.0,0.43,422.95,0.52,475.0,0.42,409.0,0.53,469.0,0.51,773.94,0.54,234.3,0.5,1609.98,0.55,227.22,0.49,408.0,0.56,226.66,0.48,475.0,0.57,422.95,0.47,469.0,0.58,409.0
2026-01-07 11:15:24.722000+00:00,2026-01-07 11:15:22.341283+00:00,24.722,0.475,0.47,0.48,0.525,0.52,0.53,3.79,1024.07,1024.07,3.79,0.46,234.3,0.49,773.94,0.45,227.22,0.5,1609.98,0.44,226.66,0.51,408.0,0.43,422.95,0.52,475.0,0.42,409.0,0.53,469.0,0.51,773.94,0.54,234.3,0.5,1609.98,0.55,227.22,0.49,408.0,0.56,226.66,0.48,475.0,0.57,422.95,0.47,469.0,0.58,409.0
2026-01-07 11:15:25.771000+00:00,2026-01-07 11:15:23.345448+00:00,25.771,0.47,0.46,0.48,0.535,0.53,0.54,248.7,1008.57,60.0,218.7,0.45,217.22,0.49,743.94,0.44,236.66,0.5,1599.98,0.43,422.95,0.51,408.0,0.42,409.0,0.52,475.0,0.41,374.0,0.53,469.0,0.52,983.57,0.55,217.22,0.51,743.94,0.56,179.66,0.5,1599.98,0.57,480.95,0.49,408.0,0.58,409.0,0.48,475.0,0.59,374.0
2026-01-07 11:15:26.780000+00:00,2026-01-07 11:15:24.349483+00:00,26.78,0.46499999999999997,0.46,0.47,0.535,0.53,0.54,223.7,57.63,57.63,223.7,0.45,227.22,0.48,998.57,0.44,189.66,0.49,733.94,0.43,480.95,0.5,1599.98,0.42,409.0,0.51,408.0,0.41,374.0,0.52,475.0,0.52,998.57,0.55,237.22,0.51,733.94,0.56,236.66,0.5,1599.98,0.57,422.95,0.49,408.0,0.58,409.0,0.48,475.0,0.59,374.0
2026-01-07 11:15:27.736000+00:00,2026-01-07 11:15:25.357975+00:00,27.736,0.46499999999999997,0.46,0.47,0.535,0.53,0.54,223.7,57.63,55.55,223.7,0.45,252.22,0.48,1003.57,0.44,189.66,0.49,743.94,0.43,480.95,0.5,1599.98,0.42,409.0,0.51,408.0,0.41,374.0,0.52,470.0,0.52,1003.57,0.55,257.22,0.51,753.94,0.56,189.66,0.5,1599.98,0.57,480.95,0.49,408.0,0.58,409.0,0.48,470.0,0.59,374.0
2026-01-07 11:15:28.675000+00:00,2026-01-07 11:15:26.361034+00:00,28.675,0.46499999999999997,0.46,0.47,0.535,0.53,0.54,211.32,75.55,75.55,211.32,0.45,257.22,0.48,993.57,0.44,189.66,0.49,753.94,0.43,480.95,0.5,1599.98,0.42,409.0,0.51,413.0,0.41,374.0,0.52,470.0,0.52,993.57,0.55,257.22,0.51,753.94,0.56,189.66,0.5,1599.98,0.57,480.95,0.49,413.0,0.58,409.0,0.48,470.0,0.59,374.0
2026-01-07 11:15:29.768000+00:00,2026-01-07 11:15:27.367693+00:00,29.768,0.46499999999999997,0.46,0.47,0.535,0.53,0.54,211.32,42.44,40.35,211.32,0.45,257.22,0.48,1013.57,0.44,189.66,0.49,753.94,0.43,480.95,0.5,1599.98,0.42,409.0,0.51,413.0,0.41,380.53,0.52,470.0,0.52,1013.57,0.55,257.22,0.51,753.94,0.56,189.66,0.5,1599.98,0.57,480.95,0.49,413.0,0.58,409.0,0.48,470.0,0.59,380.53
2026-01-07 11:15:30.799000+00:00,2026-01-07 11:15:28.372012+00:00,30.799,0.46499999999999997,0.46,0.47,0.535,0.53,0.54,196.32,140.35,110.35,196.32,0.45,192.22,0.48,953.57,0.44,169.66,0.49,708.94,0.43,487.95,0.5,1599.98,0.42,489.0,0.51,413.0,0.41,385.53,0.52,500.0,0.52,953.57,0.55,192.22,0.51,708.94,0.56,169.66,0.5,1599.98,0.57,487.95,0.49,413.0,0.58,489.0,0.48,500.0,0.59,385.53
2026-01-07 11:15:31.760000+00:00,2026-01-07 11:15:29.377852+00:00,31.76,0.46499999999999997,0.46,0.47,0.535,0.53,0.54,186.32,80.35,80.35,186.32,0.45,237.22,0.48,988.57,0.44,209.66,0.49,728.94,0.43,422.95,0.5,1599.98,0.42,469.0,0.51,413.0,0.41,385.53,0.52,500.0,0.52,988.57,0.55,237.22,0.51,728.94,0.56,209.66,0.5,1599.98,0.57,422.95,0.49,413.0,0.58,469.0,0.48,500.0,0.59,385.53
2026-01-07 11:15:32.790000+00:00,2026-01-07 11:15:30.384253+00:00,32.79,0.475,0.47,0.48,0.525,0.52,0.53,120.0,973.57,973.57,115.0,0.46,226.32,0.49,708.94,0.45,217.22,0.5,1639.98,0.44,226.66,0.51,443.0,0.43,422.95,0.52,490.0,0.42,374.0,0.53,439.0,0.51,708.94,0.54,226.32,0.5,1639.98,0.55,217.22,0.49,443.0,0.56,226.66,0.48,490.0,0.57,422.95,0.47,439.0,0.58,374.0
2026-01-07 11:15:33.583000+00:00,2026-01-07 11:15:31.404975+00:00,33.583,0.475,0.47,0.48,0.525,0.52,0.53,125.0,893.57,893.57,120.0,0.46,281.32,0.49,743.94,0.45,162.22,0.5,1639.98,0.44,226.66,0.51,443.0,0.43,422.95,0.52,500.0,0.42,409.0,0.53,439.0,0.51,743.94,0.54,281.32,0.5,1639.98,0.55,162.22,0.49,443.0,0.56,226.66,0.48,500.0,0.57,422.95,0.47,439.0,0.58,409.0
2026-01-07 11:15:34.830000+00:00,2026-01-07 11:15:32.409757+00:00,34.83,0.475,0.47,0.48,0.525,0.52,0.53,70.0,938.57,938.57,70.0,0.46,306.32,0.49,753.94,0.45,172.22,0.5,1654.98,0.44,226.66,0.51,428.0,0.43,422.95,0.52,470.0,0.42,409.0,0.53,439.0,0.51,753.94,0.54,306.32,0.5,1654.98,0.55,172.22,0.49,428.0,0.56,226.66,0.48,470.0,0.57,422.95,0.47,439.0,0.58,409.0
2026-01-07 11:15:35.856000+00:00,2026-01-07 11:15:33.431558+00:00,35.856,0.475,0.47,0.48,0.525,0.52,0.53,479.0,943.57,978.57,464.0,0.46,306.92,0.49,768.94,0.45,172.22,0.5,1654.98,0.44,169.66,0.51,408.0,0.43,422.95,0.52,475.0,0.42,409.0,0.53,469.0,0.51,748.94,0.54,306.92,0.5,1654.98,0.55,172.22,0.49,408.0,0.56,169.66,0.48,475.0,0.57,480.95,0.47,469.0,0.58,409.0
2026-01-07 11:15:36.779000+00:00,2026-01-07 11:15:34.450250+00:00,36.779,0.475,0.47,0.48,0.525,0.52,0.53,479.0,894.57,889.57,479.0,0.46,286.92,0.49,595.94,0.45,192.22,0.5,1644.98,0.44,409.66,0.51,408.0,0.43,422.95,0.52,475.0,0.42,409.0,0.53,469.0,0.51,605.94,0.54,291.92,0.5,1644.98,0.55,192.22,0.49,408.0,0.56,409.66,0.48,475.0,0.57,422.95,0.47,469.0,0.58,409.0
2026-01-07 11:15:37.836000+00:00,2026-01-07 11:15:35.443636+00:00,37.836,0.475,0.47,0.48,0.525,0.52,0.53,455.41,887.69,887.69,455.41,0.46,261.92,0.49,585.94,0.45,192.22,0.5,1644.98,0.44,352.66,0.51,408.0,0.43,422.95,0.52,524.0,0.42,469.0,0.53,469.0,0.51,585.94,0.54,261.92,0.5,1644.98,0.55,192.22,0.49,408.0,0.56,352.66,0.48,524.0,0.57,422.95,0.47,469.0,0.58,469.0
2026-01-07 11:15:38.967000+00:00,2026-01-07 11:15:36.450537+00:00,38.967,0.475,0.47,0.48,0.525,0.52,0.53,252.41,822.69,902.69,419.41,0.46,502.92,0.49,485.94,0.45,435.22,0.5,1484.98,0.44,473.66,0.51,278.0,0.43,422.95,0.52,380.0,0.42,409.0,0.53,344.0,0.51,415.94,0.54,404.92,0.5,1554.98,0.55,420.22,0.49,288.0,0.56,488.66,0.48,400.0,0.57,422.95,0.47,344.0,0.58,469.0
2026-01-07 11:15:39.884000+00:00,2026-01-07 11:15:37.458564+00:00,39.884,0.495,0.49,0.5,0.52,0.5,0.54,33.41,1255.02,1249.02,54.34,0.46,56.92,0.51,444.0,0.45,37.22,0.52,470.0,0.44,69.66,0.53,449.0,0.43,477.95,0.54,358.0,0.42,35.0,0.55,372.79,0.49,444.0,0.55,26.11,0.48,470.0,0.56,69.66,0.47,419.0,0.57,477.95,0.46,358.0,0.58,41.53,0.45,372.79,0.59,35.0
2026-01-07 11:15:40.873000+00:00,2026-01-07 11:15:38.480359+00:00,40.873,0.415,0.41,0.42,0.585,0.58,0.59,135.0,5.47,66.47,125.0,0.4,90.0,0.43,179.39,0.39,60.0,0.44,258.0,0.38,116.0,0.45,318.55,0.37,35.0,0.46,394.0,0.36,35.0,0.47,364.0,0.57,179.39,0.6,90.0,0.56,258.0,0.61,60.0,0.55,318.55,0.62,116.0,0.54,394.0,0.63,35.0,0.53,359.0,0.64,35.0
2026-01-07 11:15:41.895000+00:00,2026-01-07 11:15:39.484976+00:00,41.895,0.415,0.41,0.42,0.585,0.58,0.59,95.0,60.32,60.32,95.0,0.4,90.0,0.43,169.39,0.39,60.0,0.44,273.0,0.38,129.0,0.45,318.55,0.37,35.0,0.46,399.0,0.36,35.0,0.47,359.0,0.57,229.39,0.6,90.0,0.56,258.0,0.61,60.0,0.55,318.55,0.62,129.0,0.54,399.0,0.63,35.0,0.53,369.0,0.64,35.0
2026-01-07 11:15:42.813000+00:00,2026-01-07 11:15:40.491582+00:00,42.813,0.425,0.42,0.43,0.575,0.57,0.58,92.0,139.39,139.39,92.0,0.41,569.0,0.44,263.0,0.4,70.0,0.45,177.55,0.39,85.0,0.46,424.0,0.38,129.0,0.47,359.0,0.37,218.0,0.48,400.0,0.56,263.0,0.59,634.0,0.55,177.55,0.6,140.0,0.54,424.0,0.61,155.0,0.53,359.0,0.62,199.0,0.52,400.0,0.63,288.0
2026-01-07 11:15:43.938000+00:00,2026-01-07 11:15:41.513235+00:00,43.938,0.425,0.42,0.43,0.575,0.57,0.58,209.82,139.39,139.39,209.82,0.41,634.0,0.44,298.0,0.4,140.0,0.45,192.55,0.39,155.0,0.46,389.0,0.38,199.0,0.47,359.0,0.37,288.0,0.48,400.0,0.56,298.0,0.59,634.0,0.55,192.55,0.6,140.0,0.54,389.0,0.61,155.0,0.53,359.0,0.62,199.0,0.52,400.0,0.63,288.0
2026-01-07 11:15:44.855000+00:00,2026-01-07 11:15:42.518393+00:00,44.855,0.425,0.42,0.43,0.575,0.57,0.58,182.76,134.25,134.25,182.76,0.41,654.0,0.44,318.0,0.4,140.0,0.45,172.55,0.39,155.0,0.46,389.0,0.38,199.0,0.47,359.0,0.37,288.0,0.48,400.0,0.56,318.0,0.59,654.0,0.55,172.55,0.6,140.0,0.54,389.0,0.61,155.0,0.53,359.0,0.62,199.0,0.52,400.0,0.63,288.0
2026-01-07 11:15:45.946000+00:00,2026-01-07 11:15:43.525445+00:00,45.946,0.425,0.42,0.43,0.575,0.57,0.58,157.76,133.13,133.13,127.76,0.41,664.0,0.44,318.0,0.4,150.0,0.45,207.55,0.39,155.0,0.46,364.0,0.38,199.0,0.47,339.0,0.37,105.0,0.48,400.0,0.56,318.0,0.59,654.0,0.55,207.55,0.6,150.0,0.54,364.0,0.61,155.0,0.53,339.0,0.62,199.0,0.52,470.0,0.63,105.0
2026-01-07 11:15:46.942000+00:00,2026-01-07 11:15:44.530833+00:00,46.942,0.425,0.42,0.43,0.575,0.57,0.58,95.86,125.16,125.16,95.86,0.41,230.0,0.44,323.0,0.4,180.0,0.45,202.55,0.39,155.0,0.46,354.0,0.38,199.0,0.47,339.0,0.37,105.0,0.48,919.0,0.56,323.0,0.59,230.0,0.55,202.55,0.6,180.0,0.54,354.0,0.61,155.0,0.53,339.0,0.62,199.0,0.52,919.0,0.63,105.0
2026-01-07 11:15:47.768000+00:00,2026-01-07 11:15:45.538620+00:00,47.768,0.425,0.42,0.43,0.575,0.57,0.58,60.0,194.75,194.75,60.0,0.41,185.0,0.44,298.0,0.4,175.0,0.45,157.55,0.39,269.0,0.46,339.0,0.38,133.0,0.47,339.0,0.37,105.0,0.48,919.0,0.56,298.0,0.59,185.0,0.55,157.55,0.6,175.0,0.54,339.0,0.61,269.0,0.53,344.0,0.62,133.0,0.52,919.0,0.63,105.0
2026-01-07 11:15:48.978000+00:00,2026-01-07 11:15:46.543992+00:00,48.978,0.425,0.42,0.43,0.575,0.57,0.58,45.33,111.88,111.88,45.33,0.41,205.0,0.44,293.0,0.4,180.0,0.45,192.55,0.39,219.0,0.46,345.41,0.38,133.0,0.47,344.0,0.37,105.0,0.48,919.0,0.56,308.0,0.59,195.0,0.55,177.55,0.6,180.0,0.54,345.41,0.61,219.0,0.53,344.0,0.62,133.0,0.52,919.0,0.63,105.0
2026-01-07 11:15:49.919000+00:00,2026-01-07 11:15:47.549579+00:00,49.919,0.42,0.41,0.43,0.58,0.57,0.59,210.0,51.51,51.51,210.0,0.4,195.0,0.44,323.0,0.39,219.0,0.45,177.55,0.38,133.0,0.46,345.41,0.37,105.0,0.47,414.0,0.36,374.0,0.48,919.0,0.56,323.0,0.6,195.0,0.55,177.55,0.61,219.0,0.54,345.41,0.62,133.0,0.53,414.0,0.63,105.0,0.52,919.0,0.64,374.0
2026-01-07 11:15:50.981000+00:00,2026-01-07 11:15:48.554255+00:00,50.981,0.425,0.42,0.43,0.575,0.57,0.58,508.66,12.18,12.18,508.66,0.41,208.64,0.44,268.0,0.4,135.0,0.45,227.55,0.39,225.53,0.46,375.41,0.38,133.0,0.47,414.0,0.37,105.0,0.48,919.0,0.56,268.0,0.59,208.64,0.55,227.55,0.6,135.0,0.54,375.41,0.61,225.53,0.53,414.0,0.62,133.0,0.52,919.0,0.63,105.0
2026-01-07 11:15:51.985000+00:00,2026-01-07 11:15:49.559982+00:00,51.985,0.43,0.42,0.44,0.575,0.57,0.58,502.5,268.0,20.0,444.85,0.41,208.64,0.45,227.55,0.4,135.0,0.46,375.41,0.39,161.53,0.47,414.0,0.38,186.0,0.48,919.0,0.37,117.9,0.49,285.0,0.56,293.0,0.59,143.64,0.55,167.55,0.6,135.0,0.54,355.41,0.61,161.53,0.53,414.0,0.62,120.0,0.52,919.0,0.63,117.9
2026-01-07 11:15:52.947000+00:00,2026-01-07 11:15:50.567753+00:00,52.947,0.425,0.42,0.43,0.575,0.57,0.58,436.09,70.0,65.0,436.09,0.41,168.64,0.44,313.0,0.4,185.0,0.45,172.55,0.39,161.53,0.46,345.41,0.38,186.0,0.47,414.0,0.37,117.9,0.48,949.0,0.56,323.0,0.59,158.64,0.55,172.55,0.6,185.0,0.54,345.41,0.61,161.53,0.53,414.0,0.62,186.0,0.52,949.0,0.63,117.9
2026-01-07 11:15:53.961000+00:00,2026-01-07 11:15:51.587022+00:00,53.961,0.425,0.42,0.43,0.575,0.57,0.58,303.38,255.11,255.11,181.38,0.41,38.64,0.44,303.0,0.4,170.0,0.45,383.55,0.39,156.53,0.46,415.41,0.38,120.0,0.47,414.0,0.37,117.9,0.48,914.0,0.56,303.0,0.59,38.64,0.55,383.55,0.6,170.0,0.54,415.41,0.61,156.53,0.53,414.0,0.62,120.0,0.52,914.0,0.63,117.9
2026-01-07 11:15:54.839000+00:00,2026-01-07 11:15:52.594528+00:00,54.839,0.415,0.41,0.42,0.585,0.58,0.59,38.64,95.0,80.0,38.64,0.4,180.0,0.43,298.0,0.39,156.53,0.44,253.0,0.38,120.0,0.45,303.55,0.37,185.9,0.46,415.41,0.36,105.0,0.47,414.0,0.57,298.0,0.6,180.0,0.56,253.0,0.61,156.53,0.55,303.55,0.62,120.0,0.54,415.41,0.63,185.9,0.53,414.0,0.64,105.0
2026-01-07 11:15:55.963000+00:00,2026-01-07 11:15:53.601413+00:00,55.963,0.42,0.41,0.43,0.58,0.57,0.59,163.64,258.0,258.0,188.64,0.4,233.0,0.44,268.0,0.39,136.53,0.45,363.55,0.38,120.0,0.46,425.41,0.37,117.9,0.47,414.0,0.36,105.0,0.48,435.0,0.56,253.0,0.6,243.0,0.55,378.55,0.61,136.53,0.54,425.41,0.62,120.0,0.53,414.0,0.63,117.9,0.52,435.0,0.64,105.0
2026-01-07 11:15:57.004000+00:00,2026-01-07 11:15:54.622216+00:00,57.004,0.425,0.42,0.43,0.575,0.57,0.58,5.0,258.0,258.0,5.0,0.41,168.64,0.44,253.0,0.4,170.0,0.45,378.55,0.39,194.0,0.46,425.41,0.38,120.0,0.47,414.0,0.37,117.9,0.48,435.0,0.56,253.0,0.59,158.64,0.55,358.55,0.6,170.0,0.54,425.41,0.61,194.0,0.53,414.0,0.62,120.0,0.52,435.0,0.63,117.9
2026-01-07 11:15:58.005000+00:00,2026-01-07 11:15:55.626482+00:00,58.005,0.42,0.41,0.43,0.585,0.58,0.59,198.64,44.61,15.0,148.64,0.4,155.0,0.44,328.0,0.39,219.0,0.45,313.55,0.38,120.0,0.46,415.41,0.37,300.9,0.47,414.0,0.36,374.0,0.48,435.0,0.57,79.61,0.6,268.0,0.56,298.0,0.61,155.0,0.55,313.55,0.62,120.0,0.54,415.41,0.63,300.9,0.53,414.0,0.64,374.0
2026-01-07 11:15:59.059000+00:00,2026-01-07 11:15:56.634781+00:00,59.059,0.415,0.41,0.42,0.585,0.58,0.59,103.64,15.0,80.0,73.64,0.4,180.0,0.43,99.61,0.39,624.0,0.44,268.0,0.38,120.0,0.45,323.55,0.37,368.9,0.46,415.41,0.36,374.0,0.47,414.0,0.57,84.61,0.6,200.0,0.56,288.0,0.61,624.0,0.55,303.55,0.62,120.0,0.54,415.41,0.63,368.9,0.53,414.0,0.64,374.0
2026-01-07 11:16:00.066000+00:00,2026-01-07 11:15:57.641055+00:00,60.066,0.415,0.41,0.42,0.585,0.58,0.59,73.64,102.61,102.61,73.64,0.4,150.0,0.43,79.61,0.39,669.0,0.44,268.0,0.38,120.0,0.45,303.55,0.37,368.9,0.46,415.41,0.36,374.0,0.47,409.0,0.57,79.61,0.6,150.0,0.56,268.0,0.61,669.0,0.55,303.55,0.62,120.0,0.54,415.41,0.63,368.9,0.53,409.0,0.64,374.0
2026-01-07 11:16:01.070000+00:00,2026-01-07 11:15:58.647375+00:00,61.07,0.415,0.41,0.42,0.585,0.58,0.59,73.64,110.0,110.0,73.64,0.4,180.0,0.43,247.61,0.39,644.0,0.44,293.0,0.38,186.0,0.45,303.55,0.37,117.9,0.46,869.41,0.36,374.0,0.47,409.0,0.57,247.61,0.6,180.0,0.56,293.0,0.61,644.0,0.55,303.55,0.62,186.0,0.54,869.41,0.63,117.9,0.53,409.0,0.64,374.0
2026-01-07 11:16:02.911000+00:00,2026-01-07 11:16:00.671273+00:00,62.911,0.415,0.41,0.42,0.585,0.58,0.59,90.64,61.19,61.19,90.64,0.4,235.0,0.43,312.61,0.39,604.0,0.44,273.0,0.38,120.0,0.45,303.55,0.37,105.0,0.46,869.41,0.36,443.0,0.47,458.0,0.57,312.61,0.6,235.0,0.56,273.0,0.61,604.0,0.55,303.55,0.62,120.0,0.54,869.41,0.63,105.0,0.53,458.0,0.64,443.0
2026-01-07 11:16:04.062000+00:00,2026-01-07 11:16:01.677515+00:00,64.062,0.415,0.41,0.42,0.585,0.58,0.59,17.0,101.19,101.19,17.0,0.4,230.0,0.43,313.0,0.39,604.0,0.44,288.0,0.38,95.0,0.45,303.55,0.37,105.0,0.46,869.41,0.36,478.0,0.47,423.0,0.57,328.0,0.6,230.0,0.56,288.0,0.61,604.0,0.55,303.55,0.62,95.0,0.54,869.41,0.63,105.0,0.53,423.0,0.64,478.0
2026-01-07 11:16:05.007000+00:00,2026-01-07 11:16:02.697928+00:00,65.007,0.415,0.41,0.42,0.585,0.58,0.59,15.0,215.9,215.9,15.0,0.4,220.0,0.43,278.0,0.39,604.0,0.44,338.0,0.38,125.0,0.45,303.55,0.37,105.0,0.46,899.41,0.36,478.0,0.47,423.0,0.57,278.0,0.6,220.0,0.56,338.0,0.61,604.0,0.55,303.55,0.62,125.0,0.54,899.41,0.63,105.0,0.53,423.0,0.64,478.0
2026-01-07 11:16:06.646000+00:00,2026-01-07 11:16:04.727965+00:00,66.646,0.41000000000000003,0.4,0.42,0.59,0.58,0.6,170.0,287.89,264.08,170.0,0.39,654.0,0.43,318.0,0.38,125.0,0.44,283.0,0.37,105.0,0.45,303.55,0.36,478.0,0.46,899.41,0.35,423.2,0.47,423.0,0.57,318.0,0.61,654.0,0.56,283.0,0.62,125.0,0.55,303.55,0.63,105.0,0.54,899.41,0.64,478.0,0.53,423.0,0.65,423.2
2026-01-07 11:16:08.178000+00:00,2026-01-07 11:16:05.734858+00:00,68.178,0.405,0.4,0.41,0.595,0.59,0.6,120.0,79.99,134.99,135.0,0.39,629.0,0.42,318.25,0.38,135.0,0.43,218.0,0.37,105.0,0.44,258.0,0.36,374.0,0.45,303.55,0.35,459.2,0.46,899.41,0.58,253.25,0.61,579.0,0.57,253.0,0.62,210.0,0.56,258.0,0.63,125.0,0.55,303.55,0.64,409.0,0.54,899.41,0.65,388.2
2026-01-07 11:16:09.176000+00:00,2026-01-07 11:16:06.739600+00:00,69.176,0.405,0.4,0.41,0.595,0.59,0.6,135.0,319.59,193.23,135.0,0.39,568.61,0.42,233.25,0.38,225.0,0.43,238.0,0.37,135.0,0.44,288.0,0.36,105.0,0.45,303.55,0.35,388.2,0.46,869.41,0.58,273.25,0.61,593.61,0.57,238.0,0.62,195.0,0.56,288.0,0.63,140.0,0.55,303.55,0.64,105.0,0.54,869.41,0.65,459.2
2026-01-07 11:16:10.172000+00:00,2026-01-07 11:16:07.762255+00:00,70.172,0.405,0.4,0.41,0.595,0.59,0.6,120.0,198.0,198.0,120.0,0.39,670.62,0.42,278.25,0.38,216.52,0.43,253.0,0.37,110.0,0.44,288.0,0.36,105.0,0.45,303.55,0.35,459.2,0.46,869.41,0.58,278.25,0.61,640.62,0.57,253.0,0.62,231.51,0.56,288.0,0.63,110.0,0.55,303.55,0.64,105.0,0.54,869.41,0.65,459.2
2026-01-07 11:16:11.194000+00:00,2026-01-07 11:16:08.767696+00:00,71.194,0.405,0.4,0.41,0.595,0.59,0.6,262.82,123.0,5.39,285.82,0.39,277.0,0.42,193.0,0.38,361.42,0.43,183.0,0.37,353.0,0.44,238.0,0.36,348.0,0.45,333.55,0.35,374.0,0.46,365.41,0.58,10.0,0.61,308.0,0.56,55.0,0.62,422.42,0.55,212.55,0.63,409.0,0.54,244.41,0.64,409.0,0.53,474.0,0.65,374.0
2026-01-07 11:16:12.199000+00:00,2026-01-07 11:16:09.772882+00:00,72.199,0.415,0.41,0.42,0.585,0.58,0.59,594.01,10.0,10.0,823.01,0.4,201.6,0.45,137.55,0.39,397.0,0.46,224.41,0.38,356.42,0.47,439.0,0.37,409.0,0.48,445.0,0.36,374.0,0.49,460.72,0.55,102.55,0.6,466.6,0.54,194.41,0.61,454.0,0.53,319.0,0.62,477.42,0.52,446.75,0.63,409.0,0.51,879.72,0.64,374.0
2026-01-07 11:16:13.162000+00:00,2026-01-07 11:16:10.777875+00:00,73.162,0.455,0.45,0.46,0.545,0.54,0.55,182.01,11.41,11.41,182.01,0.44,55.0,0.48,131.75,0.43,293.0,0.49,334.72,0.42,333.0,0.5,1190.02,0.41,843.0,0.51,493.0,0.4,470.6,0.52,395.0,0.52,131.75,0.56,55.0,0.51,334.72,0.57,293.0,0.5,1190.02,0.58,333.0,0.49,493.0,0.59,843.0,0.48,395.0,0.6,470.6
2026-01-07 11:16:14.111000+00:00,2026-01-07 11:16:11.780816+00:00,74.111,0.455,0.45,0.46,0.545,0.54,0.55,187.01,11.41,11.41,177.01,0.44,55.0,0.47,35.0,0.43,293.0,0.48,150.0,0.42,393.0,0.49,299.72,0.41,782.0,0.5,1175.02,0.4,470.6,0.51,478.0,0.53,35.0,0.56,65.0,0.52,150.0,0.57,351.0,0.51,299.72,0.58,333.0,0.5,1175.02,0.59,782.0,0.49,478.0,0.6,470.6
2026-01-07 11:16:15.158000+00:00,2026-01-07 11:16:12.790643+00:00,75.158,0.455,0.45,0.46,0.545,0.54,0.55,117.01,11.41,11.41,117.01,0.44,115.0,0.47,80.0,0.43,303.0,0.48,160.0,0.42,333.0,0.49,269.72,0.41,843.0,0.5,1165.02,0.4,470.6,0.51,478.0,0.53,80.0,0.56,115.0,0.52,160.0,0.57,303.0,0.51,269.72,0.58,333.0,0.5,1165.02,0.59,843.0,0.49,478.0,0.6,470.6
2026-01-07 11:16:16.167000+00:00,2026-01-07 11:16:13.795579+00:00,76.167,0.455,0.45,0.46,0.545,0.54,0.55,135.19,3.17,3.17,135.19,0.44,115.0,0.47,85.0,0.43,303.0,0.48,150.0,0.42,333.0,0.49,269.72,0.41,843.0,0.5,1165.02,0.4,450.6,0.51,508.0,0.53,80.0,0.56,115.0,0.52,135.0,0.57,303.0,0.51,284.72,0.58,333.0,0.5,1165.02,0.59,843.0,0.49,508.0,0.6,450.6
2026-01-07 11:16:17.182000+00:00,2026-01-07 11:16:14.803784+00:00,77.182,0.46499999999999997,0.46,0.47,0.535,0.53,0.54,60.0,65.0,65.0,60.0,0.45,130.19,0.48,150.0,0.44,185.0,0.49,284.72,0.43,363.0,0.5,1235.02,0.42,393.0,0.51,1027.0,0.41,333.0,0.52,465.0,0.52,150.0,0.55,130.19,0.51,284.72,0.56,185.0,0.5,1235.02,0.57,363.0,0.49,1027.0,0.58,393.0,0.48,465.0,0.59,333.0
2026-01-07 11:16:18.246000+00:00,2026-01-07 11:16:15.824765+00:00,78.246,0.46499999999999997,0.46,0.47,0.535,0.53,0.54,86.6,10.47,10.47,101.6,0.45,153.18,0.48,200.0,0.44,185.0,0.49,269.72,0.43,333.0,0.5,1250.02,0.42,393.0,0.51,1027.0,0.41,333.0,0.52,465.0,0.52,185.0,0.55,153.18,0.51,269.72,0.56,185.0,0.5,1250.02,0.57,333.0,0.49,978.0,0.58,333.0,0.48,465.0,0.59,400.5
2026-01-07 11:16:19.247000+00:00,2026-01-07 11:16:16.831999+00:00,79.247,0.475,0.47,0.48,0.525,0.52,0.53,100.0,41.65,41.65,100.0,0.46,126.6,0.49,344.72,0.45,128.18,0.5,1205.02,0.44,334.0,0.51,948.0,0.43,345.5,0.52,465.0,0.42,333.0,0.53,404.0,0.51,344.72,0.54,126.6,0.5,1205.02,0.55,128.18,0.49,948.0,0.56,277.0,0.48,465.0,0.57,403.5,0.47,434.0,0.58,333.0
2026-01-07 11:16:20.138000+00:00,2026-01-07 11:16:17.838318+00:00,80.138,0.475,0.47,0.48,0.525,0.52,0.53,225.89,21.65,21.65,225.89,0.46,55.0,0.49,21.72,0.45,98.18,0.5,1109.02,0.44,395.0,0.51,1075.38,0.43,345.5,0.52,505.0,0.42,333.0,0.53,434.0,0.51,21.72,0.54,55.0,0.5,1109.02,0.55,98.18,0.49,1075.38,0.56,844.0,0.48,505.0,0.57,339.1,0.47,434.0,0.58,333.0
2026-01-07 11:16:21.264000+00:00,2026-01-07 11:16:18.847565+00:00,81.264,0.485,0.48,0.49,0.515,0.51,0.52,137.42,46.72,46.72,137.42,0.47,129.94,0.5,1129.02,0.46,110.0,0.51,1040.38,0.45,201.0,0.52,495.0,0.44,812.0,0.53,469.0,0.43,339.1,0.54,374.0,0.5,1129.02,0.53,129.94,0.49,970.38,0.54,110.0,0.48,495.0,0.55,201.0,0.47,469.0,0.56,812.0,0.46,374.0,0.57,339.1
2026-01-07 11:16:22.293000+00:00,2026-01-07 11:16:19.868771+00:00,82.293,0.485,0.48,0.49,0.515,0.51,0.52,18.85,266.1,296.1,18.85,0.47,29.94,0.5,1170.02,0.46,191.57,0.51,923.0,0.45,155.0,0.52,465.0,0.44,832.0,0.53,469.0,0.43,349.1,0.54,374.0,0.5,1155.02,0.53,29.94,0.49,908.0,0.54,191.59,0.48,495.0,0.55,145.0,0.47,439.0,0.56,827.0,0.46,374.0,0.57,389.1
2026-01-07 11:16:23.269000+00:00,2026-01-07 11:16:20.888836+00:00,83.269,0.475,0.47,0.48,0.525,0.52,0.53,19.94,294.15,294.15,19.94,0.46,191.59,0.49,302.1,0.45,145.0,0.5,1179.04,0.44,634.0,0.51,908.0,0.43,216.1,0.52,495.0,0.42,383.0,0.53,439.0,0.51,302.1,0.54,191.59,0.5,1179.04,0.55,145.0,0.49,908.0,0.56,654.0,0.48,495.0,0.57,216.1,0.47,439.0,0.58,383.0
2026-01-07 11:16:24.275000+00:00,2026-01-07 11:16:21.894528+00:00,84.275,0.475,0.47,0.48,0.525,0.52,0.53,19.94,299.48,299.48,54.94,0.46,191.59,0.49,312.1,0.45,165.0,0.5,1179.04,0.44,624.0,0.51,908.0,0.43,264.1,0.52,495.0,0.42,323.0,0.53,439.0,0.51,312.1,0.54,166.59,0.5,1179.04,0.55,190.0,0.49,908.0,0.56,624.0,0.48,495.0,0.57,264.1,0.47,439.0,0.58,288.0
2026-01-07 11:16:25.003000+00:00,2026-01-07 11:16:22.915843+00:00,85.003,0.475,0.47,0.48,0.525,0.52,0.53,54.94,289.48,289.48,54.94,0.46,186.59,0.49,342.1,0.45,215.0,0.5,1199.04,0.44,619.0,0.51,908.0,0.43,244.1,0.52,495.0,0.42,288.0,0.53,439.0,0.51,342.1,0.54,186.59,0.5,1199.04,0.55,215.0,0.49,908.0,0.56,619.0,0.48,495.0,0.57,244.1,0.47,439.0,0.58,288.0
2026-01-07 11:16:26.258000+00:00,2026-01-07 11:16:23.907801+00:00,86.258,0.475,0.47,0.48,0.525,0.52,0.53,54.94,254.48,254.48,54.94,0.46,201.59,0.49,352.1,0.45,220.0,0.5,1224.04,0.44,599.0,0.51,908.0,0.43,244.1,0.52,495.0,0.42,288.0,0.53,439.0,0.51,352.1,0.54,201.59,0.5,1224.04,0.55,220.0,0.49,908.0,0.56,599.0,0.48,495.0,0.57,244.1,0.47,439.0,0.58,288.0
2026-01-07 11:16:27.349000+00:00,2026-01-07 11:16:24.928881+00:00,87.349,0.475,0.47,0.48,0.525,0.52,0.53,54.94,233.64,233.64,54.94,0.46,201.59,0.49,367.1,0.45,220.0,0.5,1209.04,0.44,599.0,0.51,908.0,0.43,244.1,0.52,495.0,0.42,288.0,0.53,439.0,0.51,367.1,0.54,201.59,0.5,1209.04,0.55,220.0,0.49,908.0,0.56,599.0,0.48,495.0,0.57,244.1,0.47,439.0,0.58,288.0
2026-01-07 11:16:28.194000+00:00,2026-01-07 11:16:25.935634+00:00,88.194,0.475,0.47,0.48,0.525,0.52,0.53,149.94,173.64,153.64,175.89,0.46,201.6,0.49,304.72,0.45,170.0,0.5,1294.04,0.44,629.0,0.51,918.0,0.43,214.1,0.52,495.0,0.42,288.0,0.53,439.0,0.51,324.72,0.54,175.0,0.5,1264.04,0.55,170.0,0.49,948.0,0.56,629.0,0.48,495.0,0.57,214.1,0.47,439.0,0.58,288.0
2026-01-07 11:16:29.363000+00:00,2026-01-07 11:16:26.940433+00:00,89.363,0.485,0.48,0.49,0.515,0.51,0.52,78.0,31.72,31.72,60.0,0.47,223.89,0.5,960.04,0.46,145.0,0.51,968.0,0.45,170.0,0.52,475.0,0.44,812.0,0.53,439.0,0.43,397.1,0.54,409.0,0.5,975.04,0.53,216.89,0.49,968.0,0.54,145.0,0.48,475.0,0.55,170.0,0.47,439.0,0.56,812.0,0.46,409.0,0.57,397.1
2026-01-07 11:16:30.362000+00:00,2026-01-07 11:16:27.948584+00:00,90.362,0.475,0.47,0.48,0.525,0.52,0.53,47.94,70.0,115.0,47.94,0.46,191.6,0.49,146.72,0.45,190.0,0.5,930.04,0.44,812.0,0.51,903.0,0.43,397.1,0.52,465.0,0.42,288.0,0.53,439.0,0.51,121.72,0.54,166.6,0.5,935.04,0.55,210.0,0.49,903.0,0.56,832.0,0.48,495.0,0.57,339.1,0.47,439.0,0.58,288.0
2026-01-07 11:16:31.364000+00:00,2026-01-07 11:16:28.940180+00:00,91.364,0.475,0.47,0.48,0.525,0.52,0.53,47.94,183.85,165.0,47.94,0.46,80.0,0.49,66.72,0.45,110.0,0.5,915.04,0.44,888.6,0.51,903.0,0.43,427.1,0.52,495.0,0.42,288.0,0.53,439.0,0.51,56.72,0.54,80.0,0.5,915.04,0.55,105.0,0.49,933.0,0.56,858.6,0.48,465.0,0.57,389.1,0.47,439.0,0.58,348.0
2026-01-07 11:16:32.351000+00:00,2026-01-07 11:16:29.946866+00:00,92.351,0.475,0.47,0.48,0.525,0.52,0.53,37.94,343.0,343.0,37.94,0.46,80.0,0.49,239.72,0.45,105.0,0.5,1219.04,0.44,236.6,0.51,933.0,0.43,226.1,0.52,465.0,0.42,343.0,0.53,439.0,0.51,239.72,0.54,80.0,0.5,1219.04,0.55,135.0,0.49,933.0,0.56,221.6,0.48,465.0,0.57,226.1,0.47,439.0,0.58,343.0
2026-01-07 11:16:33.336000+00:00,2026-01-07 11:16:30.954059+00:00,93.336,0.475,0.47,0.48,0.525,0.52,0.53,47.94,160.0,160.83,47.94,0.46,80.0,0.49,259.72,0.45,215.94,0.5,1219.04,0.44,190.0,0.51,933.0,0.43,180.0,0.52,465.0,0.42,343.0,0.53,488.0,0.51,259.72,0.54,80.0,0.5,1219.04,0.55,235.94,0.49,933.0,0.56,190.0,0.48,465.0,0.57,180.0,0.47,488.0,0.58,343.0
2026-01-07 11:16:34.323000+00:00,2026-01-07 11:16:31.978019+00:00,94.323,0.475,0.47,0.48,0.525,0.52,0.53,47.94,150.83,140.41,47.94,0.46,100.0,0.49,259.72,0.45,235.94,0.5,1239.04,0.44,170.0,0.51,933.0,0.43,238.0,0.52,465.0,0.42,283.0,0.53,488.0,0.51,259.72,0.54,100.0,0.5,1239.04,0.55,235.94,0.49,933.0,0.56,170.0,0.48,465.0,0.57,238.0,0.47,488.0,0.58,283.0
2026-01-07 11:16:35.383000+00:00,2026-01-07 11:16:32.981253+00:00,95.383,0.485,0.48,0.49,0.515,0.51,0.52,113.0,229.72,229.72,113.0,0.47,148.89,0.5,1239.04,0.46,135.0,0.51,988.0,0.45,150.0,0.52,485.0,0.44,180.0,0.53,508.0,0.43,208.0,0.54,409.0,0.5,1239.04,0.53,148.89,0.49,978.0,0.54,135.0,0.48,485.0,0.55,150.0,0.47,508.0,0.56,302.0,0.46,409.0,0.57,330.0
2026-01-07 11:16:36.410000+00:00,2026-01-07 11:16:33.986879+00:00,96.41,0.485,0.48,0.49,0.515,0.51,0.52,50.0,145.84,145.84,60.0,0.47,163.88,0.5,920.04,0.46,135.0,0.51,983.0,0.45,619.0,0.52,485.0,0.44,363.0,0.53,498.0,0.43,391.0,0.54,374.0,0.5,890.04,0.53,128.88,0.49,1013.0,0.54,160.0,0.48,495.0,0.55,594.0,0.47,498.0,0.56,363.0,0.46,374.0,0.57,391.0
2026-01-07 11:16:37.248000+00:00,2026-01-07 11:16:34.994235+00:00,97.248,0.475,0.47,0.48,0.525,0.52,0.53,57.94,79.58,79.58,57.94,0.46,231.6,0.49,115.84,0.45,594.0,0.5,955.04,0.44,363.0,0.51,968.0,0.43,391.0,0.52,475.0,0.42,318.0,0.53,488.0,0.51,115.84,0.54,231.6,0.5,955.04,0.55,594.0,0.49,958.0,0.56,363.0,0.48,475.0,0.57,391.0,0.47,488.0,0.58,318.0
2026-01-07 11:16:38.424000+00:00,2026-01-07 11:16:36.000242+00:00,98.424,0.485,0.48,0.49,0.515,0.51,0.52,135.0,121.84,121.84,145.0,0.47,167.94,0.5,1011.04,0.46,170.0,0.51,958.0,0.45,833.0,0.52,405.0,0.44,180.0,0.53,469.0,0.43,333.0,0.54,423.0,0.5,1001.04,0.53,157.94,0.49,983.0,0.54,170.0,0.48,415.0,0.55,833.0,0.47,479.0,0.56,180.0,0.46,423.0,0.57,333.0
2026-01-07 11:16:39.427000+00:00,2026-01-07 11:16:37.007711+00:00,99.427,0.485,0.48,0.49,0.515,0.51,0.52,145.0,112.26,112.26,145.0,0.47,192.94,0.5,1006.04,0.46,199.0,0.51,983.0,0.45,619.0,0.52,445.0,0.44,180.0,0.53,449.0,0.43,333.0,0.54,423.0,0.5,1006.04,0.53,192.94,0.49,983.0,0.54,145.0,0.48,445.0,0.55,619.0,0.47,449.0,0.56,180.0,0.46,423.0,0.57,333.0
2026-01-07 11:16:40.425000+00:00,2026-01-07 11:16:38.027776+00:00,100.425,0.485,0.48,0.49,0.515,0.51,0.52,125.0,92.26,127.26,115.0,0.47,152.94,0.5,1001.04,0.46,160.0,0.51,928.0,0.45,614.0,0.52,502.38,0.44,237.0,0.53,479.0,0.43,333.0,0.54,423.0,0.5,1006.04,0.53,147.94,0.49,918.0,0.54,160.0,0.48,482.38,0.55,624.0,0.47,469.0,0.56,237.0,0.46,423.0,0.57,333.0
2026-01-07 11:16:41.440000+00:00,2026-01-07 11:16:39.034296+00:00,101.44,0.485,0.48,0.49,0.515,0.51,0.52,105.0,127.26,127.26,105.0,0.47,167.94,0.5,1016.04,0.46,165.0,0.51,928.0,0.45,624.0,0.52,492.38,0.44,237.0,0.53,469.0,0.43,333.0,0.54,423.0,0.5,1016.04,0.53,167.94,0.49,928.0,0.54,165.0,0.48,492.38,0.55,624.0,0.47,469.0,0.56,237.0,0.46,423.0,0.57,333.0
2026-01-07 11:16:42.360000+00:00,2026-01-07 11:16:40.042239+00:00,102.36,0.485,0.48,0.49,0.515,0.51,0.52,20.0,187.26,187.26,20.0,0.47,82.94,0.5,983.42,0.46,179.98,0.51,923.0,0.45,604.0,0.52,455.0,0.44,205.0,0.53,439.0,0.43,411.0,0.54,423.0,0.5,983.42,0.53,82.94,0.49,923.0,0.54,179.98,0.48,455.0,0.55,604.0,0.47,439.0,0.56,205.0,0.46,423.0,0.57,383.0
2026-01-07 11:16:43.466000+00:00,2026-01-07 11:16:41.048169+00:00,103.466,0.475,0.47,0.48,0.525,0.52,0.53,117.94,85.0,85.0,117.94,0.46,189.98,0.49,192.26,0.45,649.0,0.5,1023.42,0.44,150.0,0.51,933.0,0.43,421.0,0.52,425.0,0.42,300.1,0.53,439.0,0.51,222.26,0.54,189.98,0.5,996.04,0.55,649.0,0.49,933.0,0.56,150.0,0.48,425.0,0.57,421.0,0.47,439.0,0.58,300.1
2026-01-07 11:16:44.370000+00:00,2026-01-07 11:16:42.054547+00:00,104.37,0.475,0.47,0.48,0.525,0.52,0.53,117.94,278.0,273.0,117.94,0.46,199.98,0.49,161.0,0.45,659.0,0.5,1179.42,0.44,150.0,0.51,893.0,0.43,360.0,0.52,425.0,0.42,300.1,0.53,439.0,0.51,161.0,0.54,199.98,0.5,1179.42,0.55,659.0,0.49,893.0,0.56,150.0,0.48,425.0,0.57,421.0,0.47,439.0,0.58,300.1
2026-01-07 11:16:45.283000+00:00,2026-01-07 11:16:43.062513+00:00,105.283,0.475,0.47,0.48,0.525,0.52,0.53,117.94,268.0,268.0,117.94,0.46,199.98,0.49,161.0,0.45,659.0,0.5,1179.42,0.44,150.0,0.51,893.0,0.43,421.0,0.52,425.0,0.42,288.0,0.53,488.0,0.51,161.0,0.54,199.98,0.5,1179.42,0.55,659.0,0.49,893.0,0.56,150.0,0.48,425.0,0.57,421.0,0.47,488.0,0.58,288.0
2026-01-07 11:16:46.242000+00:00,2026-01-07 11:16:44.069812+00:00,106.242,0.475,0.47,0.48,0.525,0.52,0.53,117.94,85.0,85.0,122.94,0.46,209.98,0.49,100.0,0.45,649.0,0.5,1179.42,0.44,333.0,0.51,893.0,0.43,421.0,0.52,425.0,0.42,288.0,0.53,488.0,0.51,100.0,0.54,209.98,0.5,1179.42,0.55,649.0,0.49,893.0,0.56,333.0,0.48,425.0,0.57,421.0,0.47,488.0,0.58,288.0
2026-01-07 11:16:47.351000+00:00,2026-01-07 11:16:45.078924+00:00,107.351,0.475,0.47,0.48,0.525,0.52,0.53,122.94,110.0,110.0,122.94,0.46,205.0,0.49,90.0,0.45,649.0,0.5,1179.42,0.44,333.0,0.51,923.0,0.43,421.0,0.52,425.0,0.42,288.0,0.53,488.0,0.51,90.0,0.54,205.0,0.5,1179.42,0.55,649.0,0.49,923.0,0.56,333.0,0.48,425.0,0.57,421.0,0.47,488.0,0.58,288.0
2026-01-07 11:16:48.475000+00:00,2026-01-07 11:16:46.084569+00:00,108.475,0.475,0.47,0.48,0.525,0.52,0.53,122.94,83.81,83.81,122.94,0.46,205.0,0.49,95.0,0.45,649.0,0.5,1174.42,0.44,333.0,0.51,923.0,0.43,421.0,0.52,425.0,0.42,288.0,0.53,488.0,0.51,95.0,0.54,205.0,0.5,1174.42,0.55,649.0,0.49,923.0,0.56,333.0,0.48,495.0,0.57,421.0,0.47,488.0,0.58,288.0
2026-01-07 11:16:49.430000+00:00,2026-01-07 11:16:47.104570+00:00,109.43,0.48,0.47,0.49,0.52,0.51,0.53,212.93,125.0,125.0,212.93,0.46,175.0,0.5,1172.04,0.45,629.0,0.51,938.0,0.44,333.0,0.52,495.0,0.43,363.0,0.53,488.0,0.42,348.0,0.54,409.0,0.5,1172.04,0.54,175.0,0.49,938.0,0.55,629.0,0.48,495.0,0.56,333.0,0.47,488.0,0.57,363.0,0.46,409.0,0.58,348.0
2026-01-07 11:16:50.351000+00:00,2026-01-07 11:16:48.095240+00:00,110.351,0.48,0.47,0.49,0.515,0.51,0.52,197.93,118.81,118.81,15.0,0.46,185.0,0.5,1192.04,0.45,629.0,0.51,923.0,0.44,390.0,0.52,495.0,0.43,363.0,0.53,439.0,0.42,301.5,0.54,458.0,0.5,1192.04,0.53,197.93,0.49,923.0,0.54,185.0,0.48,495.0,0.55,629.0,0.47,454.0,0.56,390.0,0.46,458.0,0.57,363.0
2026-01-07 11:16:51.409000+00:00,2026-01-07 11:16:49.101363+00:00,111.409,0.485,0.48,0.49,0.515,0.51,0.52,15.0,117.62,117.62,15.0,0.47,227.93,0.5,1182.04,0.46,155.0,0.51,923.0,0.45,629.0,0.52,495.0,0.44,333.0,0.53,454.0,0.43,421.0,0.54,458.0,0.5,1182.04,0.53,227.93,0.49,923.0,0.54,155.0,0.48,495.0,0.55,629.0,0.47,454.0,0.56,333.0,0.46,458.0,0.57,421.0
2026-01-07 11:16:52.546000+00:00,2026-01-07 11:16:50.123307+00:00,112.546,0.485,0.48,0.49,0.515,0.51,0.52,15.0,92.62,92.62,15.0,0.47,237.93,0.5,1207.04,0.46,170.0,0.51,933.0,0.45,629.0,0.52,495.0,0.44,333.0,0.53,454.0,0.43,421.0,0.54,458.0,0.5,1207.04,0.53,162.94,0.49,933.0,0.54,185.0,0.48,495.0,0.55,629.0,0.47,454.0,0.56,333.0,0.46,458.0,0.57,421.0
2026-01-07 11:16:53.532000+00:00,2026-01-07 11:16:51.127685+00:00,113.532,0.485,0.48,0.49,0.515,0.51,0.52,15.0,92.62,90.57,15.0,0.47,162.94,0.5,1207.04,0.46,185.0,0.51,933.0,0.45,629.0,0.52,495.0,0.44,333.0,0.53,454.0,0.43,363.0,0.54,458.0,0.5,1207.04,0.53,177.94,0.49,933.0,0.54,170.0,0.48,495.0,0.55,629.0,0.47,454.0,0.56,333.0,0.46,458.0,0.57,363.0
2026-01-07 11:16:54.484000+00:00,2026-01-07 11:16:52.151983+00:00,114.484,0.485,0.48,0.49,0.515,0.51,0.52,55.0,208.57,208.57,75.0,0.47,192.93,0.5,1152.04,0.46,125.0,0.51,923.0,0.45,619.0,0.52,550.0,0.44,333.0,0.53,474.0,0.43,421.0,0.54,458.0,0.5,1152.04,0.53,192.93,0.49,923.0,0.54,125.0,0.48,550.0,0.55,619.0,0.47,474.0,0.56,333.0,0.46,458.0,0.57,421.0
2026-01-07 11:16:55.518000+00:00,2026-01-07 11:16:53.171134+00:00,115.518,0.485,0.48,0.49,0.515,0.51,0.52,35.0,257.57,257.57,35.0,0.47,207.93,0.5,1207.04,0.46,165.0,0.51,923.0,0.45,619.0,0.52,505.0,0.44,150.0,0.53,454.0,0.43,363.0,0.54,458.0,0.5,1192.04,0.53,207.93,0.49,938.0,0.54,165.0,0.48,515.0,0.55,619.0,0.47,454.0,0.56,150.0,0.46,458.0,0.57,363.0
2026-01-07 11:16:56.598000+00:00,2026-01-07 11:16:54.175326+00:00,116.598,0.485,0.48,0.49,0.515,0.51,0.52,20.0,242.57,242.57,20.0,0.47,227.93,0.5,1197.04,0.46,175.0,0.51,953.0,0.45,619.0,0.52,495.0,0.44,150.0,0.53,454.0,0.43,363.0,0.54,458.0,0.5,1197.04,0.53,227.93,0.49,953.0,0.54,175.0,0.48,495.0,0.55,619.0,0.47,454.0,0.56,150.0,0.46,458.0,0.57,363.0
2026-01-07 11:16:57.623000+00:00,2026-01-07 11:16:55.198645+00:00,117.623,0.485,0.48,0.49,0.515,0.51,0.52,5.0,282.57,242.57,5.0,0.47,227.93,0.5,1197.04,0.46,175.0,0.51,938.0,0.45,619.0,0.52,495.0,0.44,150.0,0.53,503.0,0.43,363.0,0.54,409.0,0.5,1197.04,0.53,227.93,0.49,953.0,0.54,175.0,0.48,495.0,0.55,619.0,0.47,503.0,0.56,150.0,0.46,409.0,0.57,363.0
2026-01-07 11:16:58.476000+00:00,2026-01-07 11:16:56.203892+00:00,118.476,0.485,0.48,0.49,0.515,0.51,0.52,5.0,240.52,240.52,5.0,0.47,227.93,0.5,1197.04,0.46,175.0,0.51,953.0,0.45,619.0,0.52,495.0,0.44,150.0,0.53,503.0,0.43,180.0,0.54,409.0,0.5,1197.04,0.53,227.93,0.49,953.0,0.54,175.0,0.48,495.0,0.55,619.0,0.47,503.0,0.56,150.0,0.46,409.0,0.57,180.0
2026-01-07 11:16:59.569000+00:00,2026-01-07 11:16:57.211182+00:00,119.569,0.485,0.48,0.49,0.515,0.51,0.52,1.8,234.66,183.0,86.32,0.47,240.96,0.5,1197.04,0.46,175.0,0.51,953.0,0.45,619.0,0.52,495.0,0.44,150.0,0.53,503.0,0.43,180.0,0.54,409.0,0.5,1237.04,0.53,167.94,0.49,923.0,0.54,160.0,0.48,525.0,0.55,604.0,0.47,503.0,0.56,150.0,0.46,409.0,0.57,180.0
2026-01-07 11:17:00.626000+00:00,2026-01-07 11:16:58.217475+00:00,120.626,0.435,0.43,0.44,0.565,0.56,0.57,194.99,42.0,103.0,194.99,0.42,509.0,0.45,77.0,0.41,135.0,0.46,121.37,0.4,225.0,0.47,320.06,0.39,393.0,0.48,424.0,0.38,576.52,0.49,434.0,0.55,138.0,0.58,509.0,0.54,182.37,0.59,140.0,0.53,396.06,0.6,225.0,0.52,424.0,0.61,393.0,0.51,434.0,0.62,510.52
2026-01-07 11:17:01.624000+00:00,2026-01-07 11:16:59.222719+00:00,121.624,0.445,0.44,0.45,0.555,0.55,0.56,68.67,158.2,158.2,83.67,0.43,124.99,0.46,182.37,0.42,554.0,0.47,401.06,0.41,160.0,0.48,434.0,0.4,288.0,0.49,404.0,0.39,393.0,0.5,1082.04,0.54,182.37,0.57,124.99,0.53,401.06,0.58,554.0,0.52,434.0,0.59,160.0,0.51,404.0,0.6,288.0,0.5,1082.04,0.61,393.0
2026-01-07 11:17:02.669000+00:00,2026-01-07 11:17:00.242362+00:00,122.669,0.455,0.45,0.46,0.53,0.52,0.54,796.0,92.37,5.0,45.0,0.44,285.67,0.47,276.06,0.43,366.99,0.48,344.0,0.42,438.0,0.49,364.0,0.41,383.0,0.5,1097.04,0.4,508.2,0.51,950.37,0.51,55.0,0.55,827.0,0.5,891.04,0.56,275.67,0.49,491.38,0.57,403.59,0.48,460.0,0.58,439.0,0.47,449.0,0.59,409.0
2026-01-07 11:17:03.617000+00:00,2026-01-07 11:17:01.263808+00:00,123.617,0.485,0.48,0.49,0.515,0.51,0.52,55.0,55.0,55.0,97.0,0.47,260.0,0.5,830.04,0.46,293.0,0.51,225.0,0.45,757.0,0.52,121.0,0.44,398.67,0.53,464.0,0.43,479.59,0.54,336.6,0.5,830.04,0.53,260.0,0.49,225.0,0.54,303.0,0.48,121.0,0.55,757.0,0.47,464.0,0.56,398.67,0.46,336.6,0.57,479.59
2026-01-07 11:17:04.666000+00:00,2026-01-07 11:17:02.256517+00:00,124.666,0.485,0.48,0.49,0.515,0.51,0.52,75.0,55.0,55.0,75.0,0.47,288.0,0.5,835.04,0.46,323.0,0.51,225.0,0.45,757.0,0.52,101.0,0.44,398.67,0.53,399.0,0.43,484.59,0.54,366.6,0.5,835.04,0.53,288.0,0.49,225.0,0.54,323.0,0.48,101.0,0.55,757.0,0.47,399.0,0.56,398.67,0.46,366.6,0.57,484.59
2026-01-07 11:17:05.699000+00:00,2026-01-07 11:17:03.280842+00:00,125.699,0.49,0.48,0.5,0.505,0.5,0.51,60.0,890.04,915.04,75.0,0.47,298.0,0.51,230.0,0.46,288.0,0.52,116.0,0.45,747.0,0.53,399.0,0.44,363.67,0.54,366.6,0.43,484.59,0.55,406.79,0.49,240.0,0.52,60.0,0.48,116.0,0.53,313.0,0.47,399.0,0.54,298.0,0.46,401.6,0.55,782.0,0.45,406.79,0.56,398.67
2026-01-07 11:17:06.717000+00:00,2026-01-07 11:17:04.289745+00:00,126.717,0.495,0.49,0.5,0.505,0.5,0.51,87.86,860.04,813.1,319.86,0.48,100.0,0.51,125.0,0.47,368.0,0.52,216.0,0.46,348.0,0.53,384.0,0.45,782.0,0.54,471.6,0.44,398.67,0.55,476.79,0.49,75.0,0.52,177.0,0.48,66.0,0.53,323.0,0.47,478.99,0.54,822.0,0.46,386.6,0.55,333.0,0.45,469.17,0.56,427.67
2026-01-07 11:17:07.684000+00:00,2026-01-07 11:17:05.281483+00:00,127.684,0.495,0.49,0.5,0.505,0.5,0.51,439.7,516.02,516.02,439.7,0.48,313.0,0.51,80.0,0.47,353.0,0.52,21.0,0.46,471.7,0.53,55.0,0.45,454.0,0.54,57.6,0.44,427.67,0.55,161.17,0.49,80.0,0.52,313.0,0.48,21.0,0.53,353.0,0.47,55.0,0.54,471.7,0.46,57.6,0.55,454.0,0.45,161.17,0.56,427.67
2026-01-07 11:17:08.687000+00:00,2026-01-07 11:17:06.288222+00:00,128.687,0.495,0.49,0.5,0.505,0.5,0.51,509.38,386.9,386.9,590.38,0.48,353.0,0.51,80.0,0.47,474.0,0.52,66.0,0.46,471.7,0.53,40.0,0.45,454.0,0.54,87.6,0.44,432.67,0.55,76.17,0.49,80.0,0.52,353.0,0.48,56.0,0.53,474.0,0.47,50.0,0.54,471.7,0.46,87.6,0.55,419.0,0.45,66.17,0.56,432.67
2026-01-07 11:17:09.635000+00:00,2026-01-07 11:17:07.295501+00:00,129.635,0.495,0.49,0.5,0.505,0.5,0.51,528.42,339.88,339.88,543.42,0.48,415.0,0.51,100.0,0.47,484.0,0.52,101.0,0.46,478.5,0.53,40.0,0.45,419.0,0.54,77.6,0.44,432.67,0.55,181.17,0.49,100.0,0.52,415.0,0.48,101.0,0.53,484.0,0.47,40.0,0.54,478.5,0.46,77.6,0.55,419.0,0.45,181.17,0.56,432.67
2026-01-07 11:17:10.711000+00:00,2026-01-07 11:17:08.302978+00:00,130.711,0.495,0.49,0.5,0.505,0.5,0.51,846.95,339.88,329.88,821.95,0.48,333.0,0.51,80.0,0.47,474.0,0.52,76.0,0.46,478.5,0.53,155.0,0.45,419.0,0.54,112.6,0.44,432.67,0.55,171.17,0.49,80.0,0.52,333.0,0.48,76.0,0.53,504.0,0.47,155.0,0.54,478.5,0.46,112.6,0.55,419.0,0.45,171.17,0.56,432.67
2026-01-07 11:17:11.700000+00:00,2026-01-07 11:17:09.305267+00:00,131.7,0.495,0.49,0.5,0.505,0.5,0.51,875.65,329.88,329.88,915.65,0.48,454.0,0.51,80.0,0.47,504.0,0.52,61.0,0.46,478.5,0.53,65.0,0.45,419.0,0.54,137.6,0.44,427.67,0.55,146.17,0.49,80.0,0.52,454.0,0.48,61.0,0.53,504.0,0.47,65.0,0.54,478.5,0.46,137.6,0.55,424.0,0.45,146.17,0.56,427.67
2026-01-07 11:17:12.744000+00:00,2026-01-07 11:17:10.327011+00:00,132.744,0.495,0.49,0.5,0.505,0.5,0.51,803.57,329.88,329.88,808.57,0.48,474.0,0.51,80.0,0.47,504.0,0.52,96.0,0.46,478.5,0.53,30.0,0.45,432.88,0.54,152.6,0.44,427.67,0.55,146.17,0.49,80.0,0.52,474.0,0.48,96.0,0.53,504.0,0.47,30.0,0.54,478.5,0.46,152.6,0.55,432.88,0.45,146.17,0.56,427.67
2026-01-07 11:17:13.743000+00:00,2026-01-07 11:17:11.329313+00:00,133.743,0.495,0.49,0.5,0.505,0.5,0.51,803.57,290.28,330.28,690.11,0.48,484.0,0.51,90.0,0.47,504.0,0.52,86.0,0.46,478.5,0.53,30.0,0.45,427.88,0.54,152.6,0.44,427.67,0.55,146.17,0.49,90.0,0.52,454.0,0.48,56.0,0.53,504.0,0.47,35.0,0.54,478.5,0.46,152.6,0.55,427.88,0.45,241.17,0.56,427.67
2026-01-07 11:17:14.707000+00:00,2026-01-07 11:17:12.331450+00:00,134.707,0.495,0.49,0.5,0.505,0.5,0.51,741.11,267.35,267.35,741.11,0.48,484.0,0.51,190.0,0.47,534.0,0.52,136.0,0.46,478.5,0.53,105.0,0.45,432.88,0.54,232.6,0.44,427.67,0.55,221.17,0.49,190.0,0.52,484.0,0.48,136.0,0.53,534.0,0.47,105.0,0.54,478.5,0.46,232.6,0.55,432.88,0.45,221.17,0.56,427.67
2026-01-07 11:17:15.751000+00:00,2026-01-07 11:17:13.352374+00:00,135.751,0.495,0.49,0.5,0.505,0.5,0.51,690.11,260.01,260.01,690.11,0.48,484.0,0.51,190.0,0.47,534.0,0.52,136.0,0.46,478.5,0.53,105.0,0.45,432.88,0.54,232.6,0.44,427.67,0.55,221.17,0.49,190.0,0.52,484.0,0.48,136.0,0.53,534.0,0.47,105.0,0.54,531.5,0.46,232.6,0.55,427.88,0.45,221.17,0.56,427.67
2026-01-07 11:17:16.627000+00:00,2026-01-07 11:17:14.357163+00:00,136.627,0.495,0.49,0.5,0.505,0.5,0.51,690.11,260.01,260.01,690.11,0.48,415.0,0.51,190.0,0.47,534.0,0.52,136.0,0.46,478.5,0.53,105.0,0.45,432.88,0.54,232.6,0.44,427.67,0.55,241.17,0.49,190.0,0.52,415.0,0.48,136.0,0.53,534.0,0.47,105.0,0.54,478.5,0.46,232.6,0.55,432.88,0.45,241.17,0.56,427.67
2026-01-07 11:17:17.781000+00:00,2026-01-07 11:17:15.360380+00:00,137.781,0.495,0.49,0.5,0.505,0.5,0.51,670.11,197.01,172.01,670.11,0.48,249.1,0.51,264.99,0.47,434.0,0.52,153.38,0.46,429.0,0.53,354.0,0.45,477.88,0.54,279.6,0.44,432.67,0.55,375.79,0.49,264.99,0.52,249.1,0.48,141.0,0.53,434.0,0.47,307.0,0.54,429.0,0.46,279.6,0.55,477.88,0.45,375.79,0.56,432.67
2026-01-07 11:17:18.773000+00:00,2026-01-07 11:17:16.365767+00:00,138.773,0.495,0.49,0.5,0.505,0.5,0.51,473.34,174.64,199.64,468.34,0.48,249.1,0.51,265.0,0.47,283.0,0.52,136.0,0.46,394.0,0.53,425.0,0.45,392.88,0.54,370.6,0.44,427.67,0.55,406.79,0.49,285.0,0.52,249.1,0.48,151.0,0.53,338.0,0.47,410.0,0.54,424.0,0.46,370.6,0.55,392.88,0.45,406.79,0.56,427.67
2026-01-07 11:17:19.794000+00:00,2026-01-07 11:17:17.370370+00:00,139.794,0.505,0.5,0.51,0.495,0.49,0.5,30.0,170.0,190.0,80.0,0.49,468.34,0.52,266.0,0.48,269.1,0.53,338.0,0.47,333.0,0.54,395.6,0.46,447.0,0.55,406.79,0.45,392.88,0.56,459.0,0.48,266.0,0.51,458.34,0.47,338.0,0.52,304.1,0.46,395.6,0.53,333.0,0.45,406.79,0.54,412.0,0.44,459.0,0.55,392.88
2026-01-07 11:17:20.761000+00:00,2026-01-07 11:17:18.394169+00:00,140.761,0.505,0.5,0.51,0.495,0.49,0.5,35.0,235.0,235.0,35.0,0.49,478.34,0.52,136.0,0.48,374.1,0.53,268.0,0.47,383.0,0.54,395.6,0.46,429.0,0.55,527.79,0.45,518.88,0.56,459.0,0.48,136.0,0.51,478.34,0.47,268.0,0.52,374.1,0.46,395.6,0.53,373.0,0.45,527.79,0.54,429.0,0.44,459.0,0.55,518.88
2026-01-07 11:17:21.830000+00:00,2026-01-07 11:17:19.400232+00:00,141.83,0.495,0.49,0.5,0.52,0.51,0.53,5.0,110.0,80.0,35.0,0.48,183.0,0.51,477.0,0.47,218.0,0.52,454.0,0.46,389.0,0.53,469.0,0.45,498.88,0.54,516.6,0.44,397.67,0.55,472.79,0.5,125.0,0.54,85.0,0.49,442.0,0.55,194.88,0.48,384.0,0.56,276.67,0.47,454.0,0.57,418.99,0.46,516.6,0.58,404.0
2026-01-07 11:17:22.786000+00:00,2026-01-07 11:17:20.410756+00:00,142.786,0.475,0.47,0.48,0.525,0.52,0.53,32.84,124.99,124.99,32.84,0.46,75.0,0.49,268.0,0.45,133.88,0.5,373.0,0.44,276.67,0.51,338.0,0.43,481.99,0.52,415.0,0.42,434.0,0.53,454.0,0.51,268.0,0.54,75.0,0.5,373.0,0.55,133.88,0.49,338.0,0.56,276.67,0.48,415.0,0.57,481.99,0.47,454.0,0.58,434.0
2026-01-07 11:17:23.876000+00:00,2026-01-07 11:17:21.434918+00:00,143.876,0.475,0.47,0.48,0.525,0.52,0.53,32.84,122.99,122.99,32.84,0.46,130.0,0.49,278.0,0.45,108.88,0.5,363.0,0.44,256.67,0.51,348.0,0.43,481.99,0.52,405.0,0.42,434.0,0.53,454.0,0.51,278.0,0.54,130.0,0.5,363.0,0.55,108.88,0.49,348.0,0.56,256.67,0.48,405.0,0.57,481.99,0.47,454.0,0.58,434.0
2026-01-07 11:17:24.849000+00:00,2026-01-07 11:17:22.441705+00:00,144.849,0.475,0.47,0.48,0.525,0.52,0.53,32.84,114.99,129.99,32.84,0.46,130.0,0.49,95.0,0.45,108.88,0.5,323.0,0.44,256.67,0.51,358.0,0.43,481.99,0.52,405.0,0.42,434.0,0.53,454.0,0.51,95.0,0.54,130.0,0.5,323.0,0.55,108.88,0.49,358.0,0.56,256.67,0.48,405.0,0.57,491.39,0.47,454.0,0.58,434.0
2026-01-07 11:17:25.793000+00:00,2026-01-07 11:17:23.451741+00:00,145.793,0.475,0.47,0.48,0.525,0.52,0.53,481.84,114.99,114.99,481.84,0.46,165.0,0.49,45.0,0.45,158.88,0.5,308.0,0.44,326.67,0.51,358.0,0.43,491.39,0.52,505.0,0.42,434.0,0.53,454.0,0.51,45.0,0.54,165.0,0.5,308.0,0.55,158.88,0.49,358.0,0.56,383.67,0.48,505.0,0.57,433.39,0.47,454.0,0.58,434.0
2026-01-07 11:17:26.846000+00:00,2026-01-07 11:17:24.458176+00:00,146.846,0.485,0.48,0.49,0.515,0.51,0.52,20.0,115.0,115.0,20.0,0.47,561.84,0.5,358.0,0.46,155.0,0.51,333.0,0.45,158.88,0.52,525.0,0.44,383.67,0.53,454.0,0.43,463.39,0.54,471.6,0.5,358.0,0.53,606.84,0.49,333.0,0.54,155.0,0.48,525.0,0.55,158.88,0.47,454.0,0.56,383.67,0.46,471.6,0.57,463.39
2026-01-07 11:17:27.737000+00:00,2026-01-07 11:17:25.485430+00:00,147.737,0.485,0.48,0.49,0.515,0.51,0.52,25.0,155.0,155.0,25.0,0.47,566.84,0.5,328.0,0.46,145.0,0.51,363.0,0.45,158.88,0.52,545.0,0.44,383.67,0.53,454.0,0.43,433.39,0.54,471.6,0.5,328.0,0.53,566.84,0.49,363.0,0.54,145.0,0.48,545.0,0.55,158.88,0.47,454.0,0.56,383.67,0.46,471.6,0.57,433.39
2026-01-07 11:17:28.891000+00:00,2026-01-07 11:17:26.489218+00:00,148.891,0.485,0.48,0.49,0.515,0.51,0.52,20.0,433.0,433.0,20.0,0.47,80.0,0.5,373.0,0.46,30.0,0.51,549.0,0.45,88.88,0.52,545.0,0.44,48.67,0.53,501.0,0.43,277.39,0.54,436.6,0.5,363.0,0.53,80.0,0.49,549.0,0.54,75.0,0.48,515.0,0.55,88.88,0.47,454.0,0.56,48.67,0.46,436.6,0.57,277.39
2026-01-07 11:17:29.979000+00:00,2026-01-07 11:17:27.494863+00:00,149.979,0.475,0.47,0.48,0.525,0.52,0.53,15.0,333.0,333.0,15.0,0.46,90.0,0.49,278.0,0.45,98.88,0.5,338.0,0.44,40.0,0.51,459.0,0.43,94.39,0.52,495.0,0.42,499.0,0.53,466.0,0.51,308.0,0.54,110.0,0.5,338.0,0.55,127.55,0.49,469.0,0.56,40.0,0.48,495.0,0.57,94.39,0.47,466.0,0.58,499.0
2026-01-07 11:17:30.907000+00:00,2026-01-07 11:17:28.530819+00:00,150.907,0.475,0.47,0.48,0.525,0.52,0.53,12.8,333.0,333.0,12.8,0.46,110.0,0.49,318.0,0.45,127.55,0.5,338.0,0.44,40.0,0.51,469.0,0.43,94.39,0.52,495.0,0.42,499.0,0.53,466.0,0.51,318.0,0.54,110.0,0.5,333.0,0.55,127.55,0.49,469.0,0.56,40.0,0.48,495.0,0.57,94.39,0.47,466.0,0.58,499.0
2026-01-07 11:17:31.921000+00:00,2026-01-07 11:17:29.543878+00:00,151.921,0.475,0.47,0.48,0.525,0.52,0.53,32.8,333.0,333.0,32.8,0.46,180.0,0.49,323.0,0.45,197.55,0.5,333.0,0.44,110.0,0.51,469.0,0.43,164.39,0.52,543.0,0.42,439.0,0.53,419.0,0.51,323.0,0.54,180.0,0.5,333.0,0.55,197.55,0.49,469.0,0.56,110.0,0.48,543.0,0.57,164.39,0.47,419.0,0.58,439.0
2026-01-07 11:17:32.967000+00:00,2026-01-07 11:17:30.549062+00:00,152.967,0.475,0.47,0.48,0.525,0.52,0.53,32.8,333.0,333.0,32.8,0.46,200.0,0.49,323.0,0.45,637.88,0.5,333.0,0.44,110.0,0.51,469.0,0.43,212.99,0.52,495.0,0.42,439.0,0.53,468.0,0.51,323.0,0.54,200.0,0.5,333.0,0.55,637.88,0.49,469.0,0.56,110.0,0.48,495.0,0.57,212.99,0.47,468.0,0.58,439.0
2026-01-07 11:17:33.973000+00:00,2026-01-07 11:17:31.556785+00:00,153.973,0.475,0.47,0.48,0.525,0.52,0.53,24.42,333.0,333.0,34.42,0.46,210.0,0.49,313.0,0.45,627.88,0.5,333.0,0.44,110.0,0.51,528.0,0.43,154.99,0.52,495.0,0.42,439.0,0.53,468.0,0.51,313.0,0.54,210.0,0.5,333.0,0.55,627.88,0.49,528.0,0.56,110.0,0.48,495.0,0.57,154.99,0.47,468.0,0.58,439.0
2026-01-07 11:17:34.920000+00:00,2026-01-07 11:17:32.564636+00:00,154.92,0.475,0.47,0.48,0.525,0.52,0.53,30.0,333.0,333.0,60.0,0.46,185.0,0.49,273.0,0.45,607.88,0.5,318.0,0.44,110.0,0.51,528.0,0.43,162.79,0.52,495.0,0.42,439.0,0.53,419.0,0.51,273.0,0.54,215.0,0.5,358.0,0.55,607.88,0.49,543.0,0.56,110.0,0.48,495.0,0.57,162.79,0.47,419.0,0.58,439.0
2026-01-07 11:17:35.970000+00:00,2026-01-07 11:17:33.572838+00:00,155.97,0.475,0.47,0.48,0.525,0.52,0.53,50.0,333.0,333.0,50.0,0.46,215.0,0.49,273.0,0.45,607.88,0.5,358.0,0.44,110.0,0.51,543.0,0.43,162.79,0.52,475.0,0.42,439.0,0.53,439.0,0.51,273.0,0.54,215.0,0.5,358.0,0.55,607.88,0.49,543.0,0.56,110.0,0.48,475.0,0.57,162.79,0.47,439.0,0.58,439.0
2026-01-07 11:17:36.765000+00:00,2026-01-07 11:17:34.578031+00:00,156.765,0.475,0.47,0.48,0.525,0.52,0.53,50.0,345.91,345.91,50.0,0.46,215.0,0.49,273.0,0.45,607.88,0.5,358.0,0.44,110.0,0.51,543.0,0.43,163.09,0.52,924.0,0.42,439.0,0.53,439.0,0.51,273.0,0.54,150.0,0.5,328.0,0.55,616.55,0.49,528.0,0.56,110.0,0.48,924.0,0.57,163.09,0.47,439.0,0.58,439.0
2026-01-07 11:17:37.968000+00:00,2026-01-07 11:17:35.584702+00:00,157.968,0.475,0.47,0.48,0.525,0.52,0.53,50.0,325.91,325.91,50.0,0.46,195.0,0.49,303.0,0.45,616.55,0.5,343.0,0.44,110.0,0.51,479.0,0.43,163.09,0.52,972.0,0.42,439.0,0.53,439.0,0.51,303.0,0.54,195.0,0.5,343.0,0.55,616.55,0.49,479.0,0.56,110.0,0.48,972.0,0.57,163.09,0.47,439.0,0.58,439.0
2026-01-07 11:17:38.923000+00:00,2026-01-07 11:17:36.592970+00:00,158.923,0.475,0.47,0.48,0.525,0.52,0.53,50.0,320.91,320.91,50.0,0.46,195.0,0.49,303.0,0.45,616.55,0.5,333.0,0.44,110.0,0.51,479.0,0.43,163.09,0.52,972.0,0.42,439.0,0.53,439.0,0.51,303.0,0.54,195.0,0.5,333.0,0.55,616.55,0.49,479.0,0.56,110.0,0.48,972.0,0.57,163.09,0.47,439.0,0.58,439.0
2026-01-07 11:17:40.958000+00:00,2026-01-07 11:17:38.604776+00:00,160.958,0.475,0.47,0.48,0.525,0.52,0.53,50.0,316.82,316.82,50.0,0.46,215.0,0.49,303.0,0.45,607.88,0.5,343.0,0.44,110.0,0.51,528.0,0.43,163.09,0.52,924.0,0.42,439.0,0.53,439.0,0.51,303.0,0.54,215.0,0.5,343.0,0.55,607.88,0.49,528.0,0.56,110.0,0.48,924.0,0.57,163.09,0.47,439.0,0.58,439.0
2026-01-07 11:17:41.987000+00:00,2026-01-07 11:17:39.610163+00:00,161.987,0.475,0.47,0.48,0.535,0.53,0.54,10.0,386.82,198.0,80.0,0.46,80.0,0.49,288.0,0.45,562.88,0.5,384.0,0.44,133.67,0.51,578.0,0.43,238.09,0.52,944.0,0.42,155.0,0.53,448.97,0.52,266.82,0.55,562.88,0.51,273.0,0.56,143.67,0.5,384.0,0.57,238.09,0.49,578.0,0.58,155.0,0.48,944.0,0.59,479.0
2026-01-07 11:17:43.856000+00:00,2026-01-07 11:17:41.626548+00:00,163.856,0.455,0.45,0.46,0.545,0.54,0.55,8.88,313.0,313.0,8.88,0.44,80.0,0.47,348.0,0.43,148.09,0.48,231.82,0.42,140.0,0.49,439.0,0.41,210.0,0.5,454.0,0.4,253.0,0.51,578.0,0.53,348.0,0.56,95.0,0.52,231.82,0.57,148.09,0.51,439.0,0.58,140.0,0.5,454.0,0.59,210.0,0.49,578.0,0.6,253.0
2026-01-07 11:17:45.997000+00:00,2026-01-07 11:17:43.657805+00:00,165.997,0.435,0.43,0.44,0.565,0.56,0.57,507.09,392.99,372.99,507.09,0.42,10.0,0.45,319.12,0.41,178.67,0.46,273.0,0.4,220.0,0.47,384.0,0.39,195.0,0.48,414.82,0.38,297.52,0.49,454.0,0.55,294.12,0.58,10.0,0.54,243.0,0.59,173.67,0.53,384.0,0.6,170.0,0.52,414.82,0.61,145.0,0.51,454.0,0.62,297.52
2026-01-07 11:17:47.077000+00:00,2026-01-07 11:17:44.662532+00:00,167.077,0.435,0.43,0.44,0.565,0.56,0.57,504.91,317.99,317.99,504.91,0.42,75.0,0.45,299.12,0.41,258.67,0.46,318.0,0.4,240.0,0.47,414.0,0.39,145.0,0.48,409.82,0.38,297.52,0.49,454.0,0.55,299.12,0.58,75.0,0.54,318.0,0.59,258.67,0.53,414.0,0.6,240.0,0.52,409.82,0.61,145.0,0.51,454.0,0.62,297.52
2026-01-07 11:17:48.851000+00:00,2026-01-07 11:17:46.677004+00:00,168.851,0.425,0.42,0.43,0.575,0.57,0.58,96.9,162.36,162.36,76.9,0.41,158.67,0.44,253.0,0.4,240.0,0.45,279.12,0.39,244.0,0.46,434.0,0.38,176.52,0.47,404.0,0.37,449.0,0.48,427.82,0.56,273.0,0.59,168.67,0.55,269.12,0.6,240.0,0.54,434.0,0.61,244.0,0.53,394.0,0.62,176.52,0.52,427.82,0.63,449.0
2026-01-07 11:17:50.126000+00:00,2026-01-07 11:17:47.700405+00:00,170.126,0.425,0.42,0.43,0.575,0.57,0.58,61.9,197.36,197.36,55.0,0.41,193.67,0.44,298.0,0.4,260.0,0.45,289.12,0.39,180.0,0.46,429.0,0.38,242.52,0.47,384.0,0.37,479.0,0.48,427.82,0.56,298.0,0.59,198.67,0.55,289.12,0.6,260.0,0.54,429.0,0.61,180.0,0.53,384.0,0.62,242.52,0.52,427.82,0.63,479.0
2026-01-07 11:17:51.119000+00:00,2026-01-07 11:17:48.718917+00:00,171.119,0.425,0.42,0.43,0.575,0.57,0.58,20.0,190.36,190.36,20.0,0.41,629.0,0.44,333.0,0.4,255.0,0.45,294.12,0.39,180.0,0.46,424.0,0.38,217.02,0.47,454.0,0.37,522.6,0.48,479.82,0.56,333.0,0.59,629.0,0.55,294.12,0.6,255.0,0.54,424.0,0.61,180.0,0.53,454.0,0.62,217.02,0.52,479.82,0.63,522.6
2026-01-07 11:17:52.126000+00:00,2026-01-07 11:17:49.727545+00:00,172.126,0.425,0.42,0.43,0.575,0.57,0.58,11.37,186.11,178.11,11.37,0.41,639.0,0.44,333.0,0.4,255.0,0.45,294.12,0.39,180.0,0.46,424.0,0.38,217.02,0.47,507.0,0.37,271.6,0.48,427.82,0.56,333.0,0.59,639.0,0.55,294.12,0.6,255.0,0.54,424.0,0.61,180.0,0.53,507.0,0.62,230.52,0.52,427.82,0.63,271.6
2026-01-07 11:17:53.106000+00:00,2026-01-07 11:17:50.733371+00:00,173.106,0.425,0.42,0.43,0.575,0.57,0.58,26.37,145.11,145.11,26.37,0.41,689.0,0.44,333.0,0.4,235.0,0.45,294.12,0.39,180.0,0.46,424.0,0.38,296.52,0.47,454.0,0.37,301.6,0.48,427.82,0.56,333.0,0.59,689.0,0.55,294.12,0.6,235.0,0.54,424.0,0.61,180.0,0.53,454.0,0.62,296.52,0.52,427.82,0.63,301.6
2026-01-07 11:17:54.885000+00:00,2026-01-07 11:17:52.777232+00:00,174.885,0.425,0.42,0.43,0.575,0.57,0.58,9.19,185.11,185.11,9.19,0.41,709.0,0.44,328.0,0.4,255.0,0.45,299.12,0.39,180.0,0.46,424.0,0.38,230.52,0.47,454.0,0.37,339.6,0.48,928.82,0.56,328.0,0.59,709.0,0.55,299.12,0.6,255.0,0.54,424.0,0.61,180.0,0.53,454.0,0.62,230.52,0.52,928.82,0.63,339.6
2026-01-07 11:17:55.997000+00:00,2026-01-07 11:17:53.782339+00:00,175.997,0.425,0.42,0.43,0.575,0.57,0.58,9.19,155.11,145.8,9.19,0.41,759.0,0.44,328.0,0.4,235.0,0.45,299.12,0.39,180.0,0.46,424.0,0.38,230.52,0.47,454.0,0.37,339.6,0.48,928.82,0.56,328.0,0.59,759.0,0.55,299.12,0.6,235.0,0.54,424.0,0.61,180.0,0.53,454.0,0.62,230.52,0.52,928.82,0.63,339.6
2026-01-07 11:17:57.960000+00:00,2026-01-07 11:17:55.805058+00:00,177.96,0.425,0.42,0.43,0.575,0.57,0.58,4.92,150.8,141.8,4.92,0.41,759.0,0.44,328.0,0.4,235.0,0.45,299.12,0.39,185.5,0.46,424.0,0.38,230.52,0.47,507.0,0.37,271.6,0.48,876.82,0.56,328.0,0.59,759.0,0.55,299.12,0.6,235.0,0.54,424.0,0.61,185.5,0.53,507.0,0.62,230.52,0.52,876.82,0.63,271.6
2026-01-07 11:17:59.074000+00:00,2026-01-07 11:17:56.824395+00:00,179.074,0.425,0.42,0.43,0.575,0.57,0.58,4.92,141.8,141.8,4.92,0.41,774.0,0.44,328.0,0.4,235.0,0.45,299.12,0.39,249.5,0.46,424.0,0.38,230.52,0.47,454.0,0.37,271.6,0.48,876.82,0.56,328.0,0.59,774.0,0.55,299.12,0.6,235.0,0.54,424.0,0.61,249.5,0.53,454.0,0.62,230.52,0.52,876.82,0.63,271.6
2026-01-07 11:18:00.252000+00:00,2026-01-07 11:17:57.829695+00:00,180.252,0.42,0.41,0.43,0.585,0.58,0.59,100.0,134.44,115.0,90.0,0.4,90.0,0.44,350.0,0.39,90.5,0.45,397.5,0.38,112.02,0.46,454.0,0.37,336.6,0.47,503.0,0.36,484.6,0.48,441.82,0.57,94.44,0.6,90.0,0.56,506.0,0.61,75.0,0.55,417.5,0.62,605.52,0.54,454.0,0.63,366.0,0.53,468.0,0.64,454.6
2026-01-07 11:18:01.269000+00:00,2026-01-07 11:17:58.838137+00:00,181.269,0.395,0.39,0.4,0.605,0.6,0.61,69.0,61.0,61.0,114.0,0.38,176.52,0.41,5.0,0.37,292.0,0.42,35.0,0.36,348.6,0.43,179.44,0.35,318.7,0.44,258.09,0.34,332.8,0.45,450.12,0.59,5.0,0.62,176.52,0.58,35.0,0.63,353.0,0.57,179.44,0.64,409.6,0.56,258.09,0.65,379.7,0.55,405.12,0.66,467.8
2026-01-07 11:18:02.271000+00:00,2026-01-07 11:17:59.845139+00:00,182.271,0.405,0.4,0.41,0.595,0.59,0.6,40.0,120.0,135.0,35.0,0.39,120.0,0.42,85.0,0.38,176.52,0.43,197.0,0.37,353.0,0.44,334.09,0.36,409.6,0.45,293.0,0.35,379.7,0.46,882.0,0.58,115.0,0.61,140.0,0.57,273.0,0.62,176.52,0.56,385.09,0.63,170.0,0.55,293.0,0.64,409.6,0.54,882.0,0.65,379.7
2026-01-07 11:18:03.274000+00:00,2026-01-07 11:18:00.849985+00:00,183.274,0.395,0.39,0.4,0.605,0.6,0.61,75.0,155.0,155.0,75.0,0.38,234.66,0.41,70.0,0.37,190.0,0.42,338.0,0.36,409.6,0.43,316.0,0.35,379.7,0.44,298.09,0.34,405.0,0.45,263.0,0.59,40.0,0.62,244.66,0.58,368.0,0.63,190.0,0.57,316.0,0.64,409.6,0.56,298.09,0.65,379.7,0.55,263.0,0.66,405.0
2026-01-07 11:18:04.286000+00:00,2026-01-07 11:18:01.854777+00:00,184.286,0.395,0.39,0.4,0.605,0.6,0.61,459.0,264.5,264.5,459.0,0.38,199.66,0.41,237.0,0.37,55.0,0.42,308.0,0.36,444.6,0.43,341.0,0.35,379.7,0.44,419.09,0.34,405.0,0.45,454.0,0.59,242.0,0.62,199.66,0.58,303.0,0.63,55.0,0.57,341.0,0.64,414.6,0.56,419.09,0.65,379.7,0.55,454.0,0.66,405.0
2026-01-07 11:18:05.268000+00:00,2026-01-07 11:18:02.861268+00:00,185.268,0.395,0.39,0.4,0.605,0.6,0.61,531.0,310.5,345.5,496.0,0.38,179.66,0.41,283.0,0.37,55.0,0.42,393.0,0.36,110.6,0.43,411.0,0.35,75.7,0.44,489.09,0.34,435.0,0.45,454.0,0.59,253.0,0.62,104.66,0.58,308.0,0.63,30.0,0.57,411.0,0.64,155.6,0.56,489.09,0.65,75.7,0.55,469.0,0.66,435.0
2026-01-07 11:18:06.294000+00:00,2026-01-07 11:18:03.870235+00:00,186.294,0.395,0.39,0.4,0.6,0.59,0.61,571.0,20.0,188.0,576.0,0.38,74.66,0.41,223.0,0.37,55.0,0.42,438.0,0.36,156.9,0.43,348.0,0.35,253.0,0.44,474.09,0.34,423.8,0.45,454.0,0.58,183.0,0.62,282.66,0.57,238.0,0.63,166.0,0.56,319.09,0.64,311.9,0.55,468.52,0.65,379.7,0.54,344.0,0.66,393.8
2026-01-07 11:18:07.318000+00:00,2026-01-07 11:18:04.877227+00:00,187.318,0.42,0.41,0.43,0.575,0.57,0.58,65.0,30.0,30.0,150.0,0.4,283.0,0.44,130.09,0.39,804.0,0.45,80.0,0.38,448.66,0.46,377.0,0.37,419.0,0.47,278.0,0.36,431.5,0.48,407.82,0.56,15.09,0.59,45.0,0.55,150.0,0.6,268.0,0.54,387.0,0.61,804.0,0.53,278.0,0.62,448.66,0.52,407.82,0.63,419.0
2026-01-07 11:18:08.324000+00:00,2026-01-07 11:18:05.898719+00:00,188.324,0.425,0.42,0.43,0.575,0.57,0.58,150.0,30.0,30.0,105.0,0.41,45.0,0.44,70.09,0.4,268.0,0.45,70.0,0.39,804.0,0.46,337.0,0.38,448.66,0.47,248.0,0.37,424.6,0.48,456.82,0.56,25.09,0.59,95.0,0.55,95.0,0.6,268.0,0.54,376.52,0.61,804.0,0.53,340.38,0.62,448.66,0.52,486.82,0.63,424.6
2026-01-07 11:18:09.294000+00:00,2026-01-07 11:18:06.905550+00:00,189.294,0.435,0.43,0.44,0.565,0.56,0.57,53.0,41.63,41.63,53.0,0.42,130.0,0.45,195.0,0.41,105.0,0.46,317.0,0.4,268.0,0.47,290.38,0.39,841.9,0.48,472.82,0.38,454.16,0.49,404.0,0.55,185.0,0.58,130.0,0.54,327.0,0.59,115.0,0.53,290.38,0.6,268.0,0.52,472.82,0.61,841.9,0.51,404.0,0.62,454.16
2026-01-07 11:18:10.282000+00:00,2026-01-07 11:18:07.911276+00:00,190.282,0.435,0.43,0.44,0.565,0.56,0.57,53.0,41.63,40.0,53.0,0.42,115.0,0.45,185.0,0.41,125.4,0.46,327.0,0.4,248.4,0.47,290.38,0.39,854.5,0.48,472.82,0.38,461.56,0.49,404.0,0.55,185.0,0.58,115.0,0.54,327.0,0.59,125.4,0.53,290.38,0.6,248.4,0.52,921.82,0.61,405.5,0.51,404.0,0.62,461.56
2026-01-07 11:18:11.278000+00:00,2026-01-07 11:18:08.919521+00:00,191.278,0.435,0.43,0.44,0.565,0.56,0.57,60.0,40.0,40.0,60.0,0.42,130.3,0.45,200.0,0.41,115.4,0.46,273.0,0.4,318.4,0.47,413.38,0.39,405.5,0.48,921.82,0.38,461.36,0.49,404.0,0.55,200.0,0.58,130.3,0.54,273.0,0.59,115.4,0.53,413.38,0.6,318.4,0.52,921.82,0.61,405.5,0.51,404.0,0.62,461.36
2026-01-07 11:18:12.339000+00:00,2026-01-07 11:18:09.923990+00:00,192.339,0.425,0.42,0.43,0.575,0.57,0.58,95.0,165.0,230.0,130.0,0.41,150.0,0.44,115.0,0.4,313.0,0.45,111.0,0.39,430.5,0.46,263.0,0.38,491.36,0.47,333.0,0.37,459.6,0.48,891.82,0.56,115.0,0.59,80.0,0.55,111.0,0.6,293.0,0.54,263.0,0.61,420.5,0.53,333.0,0.62,531.36,0.52,861.82,0.63,424.6
2026-01-07 11:18:13.323000+00:00,2026-01-07 11:18:10.927687+00:00,193.323,0.425,0.42,0.43,0.575,0.57,0.58,35.0,231.32,231.32,35.0,0.41,80.0,0.44,115.0,0.4,293.0,0.45,111.0,0.39,542.02,0.46,263.0,0.38,516.19,0.47,333.0,0.37,419.0,0.48,861.82,0.56,115.0,0.59,80.0,0.55,111.0,0.6,293.0,0.54,263.0,0.61,542.02,0.53,333.0,0.62,516.19,0.52,861.82,0.63,419.0
2026-01-07 11:18:14.103000+00:00,2026-01-07 11:18:11.946573+00:00,194.103,0.425,0.42,0.43,0.575,0.57,0.58,115.0,106.32,106.32,115.0,0.41,80.0,0.44,145.0,0.4,369.51,0.45,201.0,0.39,470.0,0.46,388.0,0.38,476.19,0.47,333.0,0.37,419.0,0.48,861.82,0.56,145.0,0.59,529.0,0.55,181.0,0.6,369.51,0.54,398.0,0.61,470.0,0.53,333.0,0.62,476.19,0.52,861.82,0.63,419.0
2026-01-07 11:18:15.356000+00:00,2026-01-07 11:18:12.951943+00:00,195.356,0.425,0.42,0.43,0.575,0.57,0.58,85.0,106.32,106.32,85.0,0.41,554.0,0.44,215.0,0.4,344.51,0.45,201.0,0.39,470.0,0.46,388.0,0.38,476.19,0.47,343.0,0.37,454.0,0.48,861.82,0.56,215.0,0.59,554.0,0.55,201.0,0.6,344.51,0.54,388.0,0.61,470.0,0.53,343.0,0.62,476.19,0.52,861.82,0.63,454.0
2026-01-07 11:18:16.398000+00:00,2026-01-07 11:18:13.972276+00:00,196.398,0.425,0.42,0.43,0.575,0.57,0.58,31.21,87.92,87.92,31.21,0.41,524.0,0.44,225.0,0.4,344.51,0.45,226.0,0.39,470.0,0.46,343.0,0.38,476.19,0.47,343.0,0.37,454.0,0.48,861.82,0.56,225.0,0.59,524.0,0.55,226.0,0.6,344.51,0.54,343.0,0.61,470.0,0.53,343.0,0.62,476.19,0.52,861.82,0.63,454.0
2026-01-07 11:18:17.408000+00:00,2026-01-07 11:18:14.978234+00:00,197.408,0.415,0.41,0.42,0.585,0.58,0.59,524.0,90.0,5.0,614.0,0.4,364.51,0.43,67.92,0.39,470.0,0.44,235.0,0.38,476.19,0.45,181.0,0.37,459.6,0.46,343.0,0.36,409.6,0.47,333.0,0.57,35.0,0.6,313.0,0.56,105.0,0.61,470.0,0.55,190.0,0.62,476.19,0.54,393.0,0.63,459.6,0.53,401.0,0.64,478.6
2026-01-07 11:18:18.414000+00:00,2026-01-07 11:18:15.983580+00:00,198.414,0.425,0.42,0.43,0.575,0.57,0.58,119.85,15.0,15.0,119.85,0.41,529.0,0.44,105.0,0.4,313.0,0.45,180.0,0.39,470.0,0.46,333.0,0.38,481.69,0.47,363.0,0.37,459.6,0.48,941.82,0.56,105.0,0.59,529.0,0.55,180.0,0.6,313.0,0.54,387.0,0.61,500.0,0.53,363.0,0.62,481.69,0.52,941.82,0.63,459.6
2026-01-07 11:18:19.403000+00:00,2026-01-07 11:18:16.991222+00:00,199.403,0.435,0.43,0.44,0.565,0.56,0.57,145.0,110.0,110.0,145.0,0.42,65.0,0.45,246.2,0.41,539.0,0.46,398.0,0.4,243.0,0.47,368.0,0.39,475.5,0.48,891.82,0.38,481.69,0.49,404.0,0.55,246.2,0.58,60.0,0.54,383.0,0.59,539.0,0.53,398.0,0.6,243.0,0.52,891.82,0.61,475.5,0.51,404.0,0.62,481.69
2026-01-07 11:18:20.432000+00:00,2026-01-07 11:18:18.013086+00:00,200.432,0.435,0.43,0.44,0.565,0.56,0.57,155.0,110.0,5.0,178.0,0.42,60.0,0.45,190.2,0.41,539.0,0.46,373.0,0.4,243.0,0.47,461.0,0.39,475.5,0.48,891.82,0.38,481.69,0.49,404.0,0.55,35.0,0.58,85.0,0.54,313.0,0.59,187.0,0.53,388.0,0.6,268.0,0.52,973.82,0.61,475.5,0.51,439.0,0.62,481.69
2026-01-07 11:18:21.441000+00:00,2026-01-07 11:18:19.017679+00:00,201.441,0.445,0.44,0.45,0.555,0.55,0.56,159.65,40.0,40.0,119.65,0.43,60.0,0.46,10.0,0.42,278.0,0.47,278.18,0.41,308.0,0.48,820.82,0.4,494.4,0.49,439.0,0.39,576.5,0.5,483.0,0.54,10.0,0.57,55.0,0.53,225.18,0.58,268.0,0.52,785.82,0.59,308.0,0.51,439.0,0.6,494.4,0.5,483.0,0.61,576.5
2026-01-07 11:18:22.315000+00:00,2026-01-07 11:18:20.039405+00:00,202.315,0.445,0.44,0.45,0.555,0.55,0.56,109.65,40.0,40.0,109.65,0.43,85.0,0.46,74.0,0.42,343.3,0.47,290.18,0.41,323.4,0.48,785.82,0.4,494.4,0.49,439.0,0.39,576.5,0.5,483.0,0.54,74.0,0.57,85.0,0.53,280.18,0.58,343.3,0.52,785.82,0.59,323.4,0.51,439.0,0.6,494.4,0.5,483.0,0.61,576.5
2026-01-07 11:18:23.385000+00:00,2026-01-07 11:18:21.045948+00:00,203.385,0.445,0.44,0.45,0.555,0.55,0.56,119.65,40.0,40.0,119.65,0.43,90.3,0.46,20.0,0.42,343.3,0.47,343.18,0.41,323.4,0.48,785.82,0.4,494.4,0.49,439.0,0.39,586.5,0.5,483.0,0.54,20.0,0.57,90.3,0.53,343.18,0.58,343.3,0.52,785.82,0.59,323.4,0.51,439.0,0.6,494.4,0.5,483.0,0.61,576.5
2026-01-07 11:18:24.478000+00:00,2026-01-07 11:18:22.052644+00:00,204.478,0.45,0.44,0.46,0.55,0.54,0.56,94.65,195.0,235.0,94.65,0.43,130.3,0.47,125.0,0.42,777.3,0.48,837.82,0.41,313.4,0.49,439.0,0.4,474.4,0.5,483.0,0.39,476.5,0.51,449.0,0.53,125.0,0.57,130.3,0.52,837.82,0.58,772.3,0.51,439.0,0.59,348.4,0.5,518.0,0.6,474.4,0.49,449.0,0.61,476.5
2026-01-07 11:18:25.467000+00:00,2026-01-07 11:18:23.061397+00:00,205.467,0.445,0.44,0.45,0.555,0.55,0.56,94.65,10.0,181.2,20.0,0.43,85.3,0.46,304.0,0.42,782.3,0.47,155.0,0.41,338.4,0.48,785.82,0.4,464.4,0.49,439.0,0.39,476.5,0.5,488.0,0.54,205.0,0.57,117.64,0.53,125.0,0.58,772.3,0.52,785.82,0.59,348.4,0.51,439.0,0.6,474.4,0.5,488.0,0.61,476.5
2026-01-07 11:18:26.494000+00:00,2026-01-07 11:18:24.068213+00:00,206.494,0.445,0.44,0.45,0.555,0.55,0.56,20.0,155.2,155.2,20.0,0.43,112.34,0.46,289.0,0.42,787.3,0.47,308.0,0.41,358.4,0.48,755.82,0.4,484.4,0.49,439.0,0.39,486.5,0.5,488.0,0.54,235.0,0.57,112.34,0.53,308.0,0.58,787.3,0.52,755.82,0.59,358.4,0.51,439.0,0.6,484.4,0.5,488.0,0.61,486.5
2026-01-07 11:18:27.395000+00:00,2026-01-07 11:18:25.090130+00:00,207.395,0.445,0.44,0.45,0.555,0.55,0.56,20.0,110.2,110.2,20.0,0.43,157.34,0.46,290.0,0.42,782.3,0.47,361.0,0.41,348.4,0.48,755.82,0.4,474.4,0.49,439.0,0.39,476.5,0.5,488.0,0.54,290.0,0.57,157.34,0.53,361.0,0.58,782.3,0.52,755.82,0.59,348.4,0.51,439.0,0.6,474.4,0.5,488.0,0.61,476.5
2026-01-07 11:18:28.232000+00:00,2026-01-07 11:18:26.097063+00:00,208.232,0.445,0.44,0.45,0.555,0.55,0.56,15.32,122.29,122.29,15.32,0.43,157.34,0.46,290.0,0.42,782.3,0.47,371.0,0.41,348.4,0.48,755.82,0.4,474.4,0.49,439.0,0.39,476.5,0.5,488.0,0.54,290.0,0.57,157.34,0.53,371.0,0.58,782.3,0.52,755.82,0.59,348.4,0.51,439.0,0.6,474.4,0.5,488.0,0.61,476.5
2026-01-07 11:18:29.527000+00:00,2026-01-07 11:18:27.104142+00:00,209.527,0.445,0.44,0.45,0.555,0.55,0.56,6.39,110.0,110.0,41.39,0.43,142.34,0.46,162.24,0.42,767.0,0.47,391.0,0.41,313.4,0.48,720.82,0.4,474.4,0.49,439.0,0.39,441.5,0.5,488.0,0.54,177.24,0.57,152.34,0.53,431.0,0.58,802.0,0.52,730.82,0.59,348.4,0.51,439.0,0.6,474.4,0.5,488.0,0.61,441.5
2026-01-07 11:18:30.373000+00:00,2026-01-07 11:18:28.109010+00:00,210.373,0.445,0.44,0.45,0.555,0.55,0.56,41.39,110.0,110.0,41.39,0.43,162.34,0.46,190.0,0.42,619.0,0.47,391.0,0.41,155.4,0.48,760.82,0.4,353.4,0.49,439.0,0.39,471.5,0.5,488.0,0.54,160.0,0.57,177.34,0.53,421.0,0.58,619.0,0.52,780.82,0.59,155.4,0.51,439.0,0.6,353.4,0.5,488.0,0.61,471.5
2026-01-07 11:18:31.441000+00:00,2026-01-07 11:18:29.116945+00:00,211.441,0.445,0.44,0.45,0.555,0.55,0.56,56.39,110.0,110.0,56.39,0.43,162.34,0.46,115.0,0.42,619.0,0.47,423.0,0.41,165.4,0.48,832.82,0.4,343.4,0.49,439.0,0.39,471.5,0.5,488.0,0.54,115.0,0.57,162.34,0.53,423.0,0.58,619.0,0.52,832.82,0.59,165.4,0.51,439.0,0.6,343.4,0.5,488.0,0.61,471.5
2026-01-07 11:18:32.537000+00:00,2026-01-07 11:18:30.135491+00:00,212.537,0.445,0.44,0.45,0.555,0.55,0.56,76.25,110.0,125.0,61.25,0.43,162.34,0.46,190.0,0.42,619.0,0.47,353.0,0.41,165.4,0.48,780.82,0.4,343.4,0.49,490.0,0.39,471.5,0.5,488.0,0.54,155.0,0.57,30.0,0.53,333.0,0.58,659.0,0.52,780.82,0.59,155.4,0.51,439.0,0.6,343.4,0.5,488.0,0.61,471.5
2026-01-07 11:18:33.464000+00:00,2026-01-07 11:18:31.123256+00:00,213.464,0.445,0.44,0.45,0.555,0.55,0.56,61.25,116.0,116.0,61.25,0.43,145.0,0.46,255.0,0.42,654.0,0.47,361.0,0.41,155.4,0.48,805.82,0.4,353.4,0.49,439.0,0.39,441.5,0.5,488.0,0.54,255.0,0.57,65.0,0.53,361.0,0.58,689.0,0.52,805.82,0.59,155.4,0.51,439.0,0.6,353.4,0.5,439.0,0.61,449.3
2026-01-07 11:18:34.284000+00:00,2026-01-07 11:18:32.128365+00:00,214.284,0.445,0.44,0.45,0.555,0.55,0.56,26.25,110.0,110.0,26.25,0.43,170.0,0.46,377.0,0.42,644.0,0.47,308.0,0.41,155.4,0.48,857.82,0.4,353.4,0.49,439.0,0.39,484.3,0.5,439.0,0.54,438.0,0.57,90.0,0.53,308.0,0.58,679.0,0.52,857.82,0.59,155.4,0.51,439.0,0.6,170.4,0.5,439.0,0.61,484.3
2026-01-07 11:18:35.519000+00:00,2026-01-07 11:18:33.151333+00:00,215.519,0.445,0.44,0.45,0.555,0.55,0.56,40.07,110.0,125.0,40.07,0.43,185.0,0.46,418.0,0.42,609.0,0.47,381.0,0.41,165.4,0.48,805.82,0.4,160.4,0.49,439.0,0.39,484.3,0.5,439.0,0.54,413.0,0.57,185.0,0.53,371.0,0.58,609.0,0.52,805.82,0.59,165.4,0.51,439.0,0.6,160.4,0.5,439.0,0.61,484.3
2026-01-07 11:18:36.567000+00:00,2026-01-07 11:18:34.156199+00:00,216.567,0.445,0.44,0.45,0.555,0.55,0.56,40.07,135.0,135.0,40.07,0.43,175.0,0.46,413.0,0.42,619.0,0.47,361.0,0.41,165.4,0.48,926.82,0.4,160.4,0.49,488.0,0.39,476.5,0.5,439.0,0.54,413.0,0.57,175.0,0.53,361.0,0.58,619.0,0.52,926.82,0.59,165.4,0.51,488.0,0.6,160.4,0.5,439.0,0.61,476.5
2026-01-07 11:18:37.581000+00:00,2026-01-07 11:18:35.163096+00:00,217.581,0.445,0.44,0.45,0.555,0.55,0.56,28.88,272.0,272.0,28.88,0.43,80.0,0.46,467.0,0.42,644.0,0.47,308.0,0.41,165.4,0.48,926.82,0.4,170.4,0.49,488.0,0.39,476.5,0.5,439.0,0.54,467.0,0.57,145.0,0.53,308.0,0.58,644.0,0.52,926.82,0.59,165.4,0.51,488.0,0.6,170.4,0.5,439.0,0.61,476.5
2026-01-07 11:18:38.391000+00:00,2026-01-07 11:18:36.153747+00:00,218.391,0.445,0.44,0.45,0.555,0.55,0.56,138.88,193.0,193.0,136.75,0.43,135.0,0.46,427.98,0.42,619.0,0.47,383.0,0.41,155.4,0.48,988.82,0.4,160.4,0.49,488.0,0.39,385.5,0.5,439.0,0.54,427.98,0.57,135.0,0.53,383.0,0.58,619.0,0.52,988.82,0.59,155.4,0.51,488.0,0.6,160.4,0.5,439.0,0.61,385.5
2026-01-07 11:18:39.348000+00:00,2026-01-07 11:18:37.159415+00:00,219.348,0.445,0.44,0.45,0.555,0.55,0.56,136.75,193.0,193.0,106.75,0.43,135.0,0.46,437.98,0.42,619.0,0.47,436.0,0.41,155.4,0.48,936.82,0.4,160.4,0.49,488.0,0.39,385.5,0.5,439.0,0.54,437.98,0.57,125.0,0.53,416.0,0.58,609.0,0.52,926.82,0.59,155.4,0.51,488.0,0.6,160.4,0.5,439.0,0.61,385.5
2026-01-07 11:18:40.258000+00:00,2026-01-07 11:18:38.183109+00:00,220.258,0.445,0.44,0.45,0.555,0.55,0.56,101.75,193.0,193.0,101.75,0.43,160.0,0.46,492.98,0.42,619.0,0.47,421.0,0.41,155.4,0.48,896.82,0.4,170.4,0.49,488.0,0.39,385.5,0.5,439.0,0.54,492.98,0.57,160.0,0.53,421.0,0.58,619.0,0.52,896.82,0.59,155.4,0.51,488.0,0.6,170.4,0.5,439.0,0.61,385.5
2026-01-07 11:18:41.610000+00:00,2026-01-07 11:18:39.188845+00:00,221.61,0.445,0.44,0.45,0.555,0.55,0.56,101.75,193.0,193.0,101.75,0.43,160.0,0.46,482.98,0.42,619.0,0.47,378.0,0.41,155.4,0.48,896.82,0.4,170.4,0.49,439.0,0.39,392.0,0.5,439.0,0.54,482.98,0.57,160.0,0.53,378.0,0.58,619.0,0.52,896.82,0.59,155.4,0.51,490.0,0.6,170.4,0.5,439.0,0.61,392.0
2026-01-07 11:18:42.601000+00:00,2026-01-07 11:18:40.212726+00:00,222.601,0.445,0.44,0.45,0.555,0.55,0.56,18.1,293.0,193.0,98.1,0.43,195.0,0.46,492.0,0.42,619.0,0.47,368.0,0.41,155.4,0.48,896.82,0.4,170.4,0.49,439.0,0.39,362.0,0.5,439.0,0.54,546.98,0.57,160.0,0.53,338.0,0.58,619.0,0.52,896.82,0.59,155.4,0.51,439.0,0.6,170.4,0.5,439.0,0.61,362.0
2026-01-07 11:18:43.634000+00:00,2026-01-07 11:18:41.220316+00:00,223.634,0.445,0.44,0.45,0.555,0.55,0.56,98.1,193.0,193.0,98.1,0.43,160.0,0.46,492.98,0.42,619.0,0.47,338.0,0.41,155.4,0.48,896.82,0.4,170.4,0.49,439.0,0.39,362.0,0.5,439.0,0.54,492.98,0.57,160.0,0.53,338.0,0.58,619.0,0.52,948.82,0.59,155.4,0.51,439.0,0.6,170.4,0.5,439.0,0.61,362.0
2026-01-07 11:18:44.288000+00:00,2026-01-07 11:18:42.241360+00:00,224.288,0.445,0.44,0.45,0.555,0.55,0.56,98.1,193.0,193.0,98.1,0.43,160.0,0.46,492.98,0.42,619.0,0.47,338.0,0.41,155.4,0.48,896.82,0.4,170.4,0.49,490.0,0.39,362.0,0.5,439.0,0.54,492.98,0.57,160.0,0.53,338.0,0.58,619.0,0.52,896.82,0.59,155.4,0.51,490.0,0.6,170.4,0.5,439.0,0.61,362.0
2026-01-07 11:18:45.249000+00:00,2026-01-07 11:18:43.248635+00:00,225.249,0.445,0.44,0.45,0.555,0.55,0.56,98.1,193.0,193.0,98.1,0.43,160.0,0.46,492.98,0.42,619.0,0.47,338.0,0.41,155.4,0.48,896.82,0.4,170.4,0.49,490.0,0.39,362.0,0.5,439.0,0.54,492.98,0.57,160.0,0.53,338.0,0.58,619.0,0.52,896.82,0.59,155.4,0.51,490.0,0.6,170.4,0.5,439.0,0.61,362.0
2026-01-07 11:18:46.570000+00:00,2026-01-07 11:18:44.254945+00:00,226.57,0.445,0.44,0.45,0.555,0.55,0.56,133.1,193.0,193.0,133.1,0.43,155.0,0.46,407.98,0.42,589.0,0.47,393.0,0.41,165.4,0.48,978.82,0.4,160.4,0.49,439.0,0.39,362.0,0.5,439.0,0.54,407.98,0.57,155.0,0.53,393.0,0.58,589.0,0.52,978.82,0.59,165.4,0.51,439.0,0.6,160.4,0.5,439.0,0.61,362.0
2026-01-07 11:18:47.563000+00:00,2026-01-07 11:18:45.262908+00:00,227.563,0.445,0.44,0.45,0.555,0.55,0.56,98.1,219.0,30.0,98.1,0.43,150.0,0.46,472.98,0.42,629.0,0.47,338.0,0.41,155.4,0.48,896.82,0.4,170.4,0.49,490.0,0.39,362.0,0.5,439.0,0.54,472.98,0.57,150.0,0.53,338.0,0.58,629.0,0.52,948.82,0.59,155.4,0.51,439.0,0.6,170.4,0.5,439.0,0.61,362.0
2026-01-07 11:18:48.615000+00:00,2026-01-07 11:18:46.253226+00:00,228.615,0.445,0.44,0.45,0.555,0.55,0.56,18.1,110.0,110.0,18.1,0.43,160.0,0.46,255.0,0.42,644.0,0.47,391.0,0.41,165.4,0.48,896.82,0.4,353.4,0.49,439.0,0.39,362.0,0.5,439.0,0.54,255.0,0.57,160.0,0.53,391.0,0.58,644.0,0.52,896.82,0.59,155.4,0.51,439.0,0.6,353.4,0.5,439.0,0.61,362.0
2026-01-07 11:18:49.687000+00:00,2026-01-07 11:18:47.264012+00:00,229.687,0.445,0.44,0.45,0.555,0.55,0.56,18.1,453.0,443.0,18.1,0.43,55.0,0.46,413.0,0.42,175.0,0.47,507.0,0.41,70.4,0.48,496.82,0.4,170.4,0.49,439.0,0.39,172.5,0.5,404.0,0.54,398.0,0.57,55.0,0.53,507.0,0.58,175.0,0.52,496.82,0.59,70.4,0.51,439.0,0.6,170.4,0.5,404.0,0.61,172.5
2026-01-07 11:18:50.605000+00:00,2026-01-07 11:18:48.270516+00:00,230.605,0.435,0.43,0.44,0.565,0.56,0.57,105.0,179.9,164.9,120.0,0.42,160.0,0.45,478.0,0.41,100.4,0.46,363.0,0.4,160.4,0.47,507.0,0.39,182.5,0.48,476.82,0.38,353.49,0.49,459.0,0.55,478.0,0.58,145.0,0.54,363.0,0.59,100.4,0.53,507.0,0.6,160.4,0.52,476.82,0.61,182.5,0.51,459.0,0.62,353.49
2026-01-07 11:18:51.699000+00:00,2026-01-07 11:18:49.289393+00:00,231.699,0.435,0.43,0.44,0.565,0.56,0.57,165.0,164.9,164.9,165.0,0.42,135.0,0.45,478.0,0.41,90.4,0.46,363.0,0.4,170.4,0.47,507.0,0.39,172.5,0.48,476.82,0.38,353.49,0.49,459.0,0.55,478.0,0.58,135.0,0.54,363.0,0.59,90.4,0.53,507.0,0.6,170.4,0.52,476.82,0.61,172.5,0.51,459.0,0.62,353.49
2026-01-07 11:18:52.691000+00:00,2026-01-07 11:18:50.279603+00:00,232.691,0.435,0.43,0.44,0.565,0.56,0.57,180.0,164.9,164.9,180.0,0.42,155.0,0.45,333.0,0.41,201.4,0.46,427.98,0.4,170.4,0.47,454.0,0.39,172.5,0.48,457.82,0.38,361.99,0.49,459.0,0.55,333.0,0.58,155.0,0.54,432.98,0.59,201.4,0.53,454.0,0.6,170.4,0.52,457.82,0.61,172.5,0.51,459.0,0.62,361.99
2026-01-07 11:18:53.690000+00:00,2026-01-07 11:18:51.286047+00:00,233.69,0.435,0.43,0.44,0.565,0.56,0.57,180.0,164.9,164.9,180.0,0.42,155.0,0.45,333.0,0.41,201.4,0.46,432.98,0.4,619.4,0.47,454.0,0.39,172.5,0.48,457.82,0.38,361.99,0.49,459.0,0.55,333.0,0.58,155.0,0.54,422.98,0.59,201.4,0.53,454.0,0.6,619.4,0.52,457.82,0.61,172.5,0.51,459.0,0.62,361.99
2026-01-07 11:18:54.695000+00:00,2026-01-07 11:18:52.291864+00:00,234.695,0.435,0.43,0.44,0.565,0.56,0.57,150.0,239.9,239.9,150.0,0.42,100.0,0.45,313.0,0.41,180.4,0.46,377.98,0.4,629.4,0.47,454.0,0.39,236.5,0.48,457.82,0.38,371.29,0.49,459.0,0.55,313.0,0.58,100.0,0.54,377.98,0.59,180.4,0.53,454.0,0.6,629.4,0.52,457.82,0.61,236.5,0.51,459.0,0.62,371.29
2026-01-07 11:18:55.718000+00:00,2026-01-07 11:18:53.297307+00:00,235.718,0.435,0.43,0.44,0.555,0.55,0.56,302.0,10.0,80.0,80.0,0.42,358.0,0.45,80.0,0.41,368.4,0.46,60.0,0.4,353.4,0.47,115.0,0.39,550.5,0.48,775.82,0.38,447.29,0.49,489.0,0.54,55.0,0.57,232.0,0.53,180.0,0.58,373.0,0.52,755.82,0.59,358.4,0.51,469.0,0.6,353.4,0.5,538.0,0.61,540.5
2026-01-07 11:18:56.727000+00:00,2026-01-07 11:18:54.302013+00:00,236.727,0.445,0.44,0.45,0.555,0.55,0.56,107.0,15.0,15.0,162.0,0.43,170.0,0.46,110.0,0.42,358.3,0.47,90.0,0.41,348.4,0.48,775.8,0.4,353.4,0.49,439.0,0.39,540.5,0.5,568.0,0.54,35.0,0.57,155.0,0.53,120.0,0.58,328.3,0.52,855.8,0.59,348.4,0.51,469.0,0.6,343.4,0.5,538.0,0.61,540.5
2026-01-07 11:18:57.747000+00:00,2026-01-07 11:18:55.324198+00:00,237.747,0.505,0.5,0.51,0.495,0.49,0.5,60.0,115.0,115.0,123.32,0.49,100.0,0.52,121.0,0.48,217.0,0.53,324.0,0.47,344.0,0.54,820.6,0.46,457.99,0.55,451.55,0.45,534.0,0.56,409.0,0.48,131.0,0.51,60.0,0.47,324.0,0.52,262.0,0.46,820.6,0.53,393.0,0.45,501.55,0.54,457.99,0.44,389.0,0.55,499.0
2026-01-07 11:18:58.707000+00:00,2026-01-07 11:18:56.329398+00:00,238.707,0.515,0.51,0.52,0.485,0.48,0.49,124.5,31.0,31.0,190.5,0.5,256.32,0.53,110.0,0.49,293.0,0.54,42.6,0.48,804.0,0.55,132.55,0.47,474.0,0.56,270.98,0.46,484.19,0.57,339.0,0.47,110.0,0.5,256.32,0.46,42.6,0.51,293.0,0.45,132.55,0.52,752.0,0.44,270.98,0.53,474.0,0.43,339.0,0.54,537.19
2026-01-07 11:18:59.714000+00:00,2026-01-07 11:18:57.334637+00:00,239.714,0.525,0.52,0.53,0.475,0.47,0.48,60.0,40.0,40.0,60.0,0.51,215.09,0.54,107.6,0.5,276.32,0.55,142.55,0.49,248.0,0.56,175.98,0.48,742.0,0.57,439.0,0.47,459.2,0.58,377.0,0.46,107.6,0.49,215.09,0.45,142.55,0.5,276.32,0.44,175.98,0.51,248.0,0.43,439.0,0.52,747.2,0.42,377.0,0.53,459.2
2026-01-07 11:19:00.721000+00:00,2026-01-07 11:18:58.340782+00:00,240.721,0.525,0.52,0.53,0.46499999999999997,0.46,0.47,60.0,5.0,137.6,45.0,0.51,250.09,0.54,132.6,0.5,251.32,0.55,166.55,0.49,278.2,0.56,175.98,0.48,817.2,0.57,439.0,0.47,459.2,0.58,412.0,0.45,117.55,0.48,60.0,0.44,210.0,0.49,250.09,0.43,493.98,0.5,251.32,0.42,369.0,0.51,278.2,0.41,319.0,0.52,817.2
2026-01-07 11:19:01.704000+00:00,2026-01-07 11:18:59.349342+00:00,241.704,0.535,0.53,0.54,0.46499999999999997,0.46,0.47,55.0,132.6,132.6,55.0,0.52,50.0,0.55,202.55,0.51,265.09,0.56,280.0,0.5,246.52,0.57,563.98,0.49,338.2,0.58,439.0,0.48,817.2,0.59,389.0,0.45,202.55,0.48,50.0,0.44,280.0,0.49,265.09,0.43,563.98,0.5,246.52,0.42,439.0,0.51,338.2,0.41,389.0,0.52,817.2
2026-01-07 11:19:02.737000+00:00,2026-01-07 11:19:00.371528+00:00,242.737,0.535,0.53,0.54,0.46499999999999997,0.46,0.47,45.0,27.6,27.6,45.0,0.52,127.0,0.55,212.55,0.51,724.29,0.56,74.0,0.5,331.52,0.57,393.98,0.49,348.2,0.58,509.0,0.48,358.2,0.59,424.0,0.45,212.55,0.48,127.0,0.44,74.0,0.49,724.29,0.43,393.98,0.5,331.52,0.42,509.0,0.51,348.2,0.41,424.0,0.52,358.2
2026-01-07 11:19:03.784000+00:00,2026-01-07 11:19:01.374740+00:00,243.784,0.535,0.53,0.54,0.46499999999999997,0.46,0.47,65.0,27.6,27.6,75.0,0.52,132.2,0.55,212.55,0.51,724.29,0.56,74.0,0.5,331.52,0.57,393.98,0.49,348.2,0.58,509.0,0.48,338.2,0.59,424.0,0.45,212.55,0.48,132.2,0.44,74.0,0.49,724.29,0.43,393.98,0.5,331.52,0.42,509.0,0.51,348.2,0.41,424.0,0.52,338.2
2026-01-07 11:19:04.652000+00:00,2026-01-07 11:19:02.380362+00:00,244.652,0.535,0.53,0.54,0.46499999999999997,0.46,0.47,74.37,27.6,27.6,74.37,0.52,132.2,0.55,212.55,0.51,724.29,0.56,74.0,0.5,331.52,0.57,393.98,0.49,348.2,0.58,509.0,0.48,338.2,0.59,409.0,0.45,212.55,0.48,180.2,0.44,74.0,0.49,724.29,0.43,349.98,0.5,331.52,0.42,509.0,0.51,348.2,0.41,409.0,0.52,338.2
2026-01-07 11:19:05.741000+00:00,2026-01-07 11:19:03.385894+00:00,245.741,0.545,0.54,0.55,0.455,0.45,0.46,60.0,141.01,141.01,60.0,0.53,64.37,0.56,159.0,0.52,137.2,0.57,409.0,0.51,714.29,0.58,523.98,0.5,331.52,0.59,466.0,0.49,348.2,0.6,508.69,0.44,159.0,0.47,64.37,0.43,409.0,0.48,137.2,0.42,523.98,0.49,714.29,0.41,466.0,0.5,331.52,0.4,508.69,0.51,348.2
2026-01-07 11:19:06.775000+00:00,2026-01-07 11:19:04.389711+00:00,246.775,0.545,0.54,0.55,0.455,0.45,0.46,354.0,41.01,41.01,354.0,0.53,382.37,0.56,90.0,0.52,355.2,0.57,50.0,0.51,280.29,0.58,568.98,0.5,462.52,0.59,205.0,0.49,424.2,0.6,528.69,0.44,75.0,0.47,382.37,0.43,50.0,0.48,355.2,0.42,568.98,0.49,280.29,0.41,205.0,0.5,452.52,0.4,528.69,0.51,424.2
2026-01-07 11:19:07.820000+00:00,2026-01-07 11:19:05.396032+00:00,247.82,0.545,0.54,0.55,0.455,0.45,0.46,105.0,41.01,41.01,298.0,0.53,382.37,0.56,75.0,0.52,355.2,0.57,65.0,0.51,290.29,0.58,498.98,0.5,452.52,0.59,388.0,0.49,424.2,0.6,528.69,0.44,30.0,0.47,372.37,0.43,100.0,0.48,804.2,0.42,24.98,0.49,411.29,0.41,248.0,0.5,452.52,0.4,558.69,0.51,424.2
2026-01-07 11:19:08.926000+00:00,2026-01-07 11:19:06.419917+00:00,248.926,0.555,0.55,0.56,0.445,0.44,0.45,265.99,10.0,10.0,795.99,0.54,320.29,0.58,44.98,0.53,357.37,0.59,55.0,0.52,466.2,0.6,168.69,0.51,401.29,0.61,129.85,0.5,417.52,0.62,354.0,0.42,14.98,0.46,511.29,0.4,174.69,0.47,468.37,0.39,179.85,0.48,466.2,0.38,388.0,0.49,401.29,0.37,788.0,0.5,430.62
2026-01-07 11:19:09.844000+00:00,2026-01-07 11:19:07.425772+00:00,249.844,0.595,0.59,0.6,0.405,0.4,0.41,53.0,219.69,209.69,73.0,0.58,142.02,0.61,18.85,0.57,202.0,0.62,84.0,0.56,254.79,0.63,667.0,0.55,836.99,0.64,459.98,0.54,466.29,0.65,593.42,0.39,18.85,0.42,203.02,0.38,84.0,0.43,238.0,0.37,667.0,0.44,279.79,0.36,459.98,0.45,801.99,0.35,593.42,0.46,456.29
2026-01-07 11:19:10.876000+00:00,2026-01-07 11:19:08.450846+00:00,250.876,0.595,0.59,0.6,0.405,0.4,0.41,301.0,100.68,100.68,303.0,0.58,243.02,0.61,38.85,0.57,316.0,0.62,100.0,0.56,224.79,0.63,10.0,0.55,412.99,0.64,230.0,0.54,421.29,0.65,275.42,0.39,18.85,0.42,183.02,0.38,45.0,0.43,263.0,0.37,10.0,0.44,258.79,0.36,109.0,0.45,412.99,0.35,275.42,0.46,421.29
2026-01-07 11:19:11.860000+00:00,2026-01-07 11:19:09.460367+00:00,251.86,0.605,0.6,0.61,0.395,0.39,0.4,134.38,86.71,86.71,134.38,0.59,293.0,0.62,40.0,0.58,225.02,0.63,10.0,0.57,333.0,0.64,109.0,0.56,214.79,0.65,275.42,0.55,422.99,0.66,355.96,0.38,40.0,0.41,293.0,0.37,10.0,0.42,225.02,0.36,109.0,0.43,333.0,0.35,275.42,0.44,214.79,0.34,355.96,0.45,422.99
2026-01-07 11:19:12.726000+00:00,2026-01-07 11:19:10.481001+00:00,252.726,0.605,0.6,0.61,0.395,0.39,0.4,134.38,96.71,96.71,134.38,0.59,293.0,0.62,40.0,0.58,225.02,0.63,10.0,0.57,403.0,0.64,179.0,0.56,284.79,0.65,345.42,0.55,422.99,0.66,355.96,0.38,40.0,0.41,293.0,0.37,10.0,0.42,225.02,0.36,179.0,0.43,403.0,0.35,345.42,0.44,284.79,0.34,355.96,0.45,422.99
2026-01-07 11:19:13.858000+00:00,2026-01-07 11:19:11.484915+00:00,253.858,0.605,0.6,0.61,0.395,0.39,0.4,139.38,101.71,86.71,139.38,0.59,303.0,0.62,120.0,0.58,183.02,0.63,80.0,0.57,393.0,0.64,179.0,0.56,328.79,0.65,360.42,0.55,422.99,0.66,355.96,0.38,120.0,0.41,303.0,0.37,80.0,0.42,183.02,0.36,179.0,0.43,393.0,0.35,360.42,0.44,328.79,0.34,355.96,0.45,422.99
2026-01-07 11:19:14.863000+00:00,2026-01-07 11:19:12.492911+00:00,254.863,0.615,0.61,0.62,0.385,0.38,0.39,45.0,178.44,99.44,50.0,0.6,154.38,0.63,135.0,0.59,323.0,0.64,179.0,0.58,687.02,0.65,360.42,0.57,386.0,0.66,340.99,0.56,284.79,0.67,459.0,0.37,135.0,0.4,224.38,0.36,199.0,0.41,273.0,0.35,345.42,0.42,732.02,0.34,340.99,0.43,376.0,0.33,444.0,0.44,284.79
2026-01-07 11:19:15.922000+00:00,2026-01-07 11:19:13.514048+00:00,255.922,0.62,0.61,0.63,0.375,0.37,0.38,47.22,165.0,120.0,65.0,0.6,232.32,0.64,184.0,0.59,273.0,0.65,345.42,0.58,732.02,0.66,340.99,0.57,333.0,0.67,479.0,0.56,328.79,0.68,441.0,0.36,229.0,0.39,71.22,0.35,345.42,0.4,212.32,0.34,340.99,0.41,263.0,0.33,479.0,0.42,732.02,0.32,441.0,0.43,368.0
2026-01-07 11:19:16.882000+00:00,2026-01-07 11:19:14.515947+00:00,256.882,0.625,0.62,0.63,0.375,0.37,0.38,89.0,35.0,35.0,89.0,0.61,81.22,0.64,109.0,0.6,167.32,0.65,345.42,0.59,343.0,0.66,241.0,0.58,764.02,0.67,549.0,0.57,368.0,0.68,404.0,0.36,109.0,0.39,81.22,0.35,345.42,0.4,167.32,0.34,340.99,0.41,343.0,0.33,479.0,0.42,764.02,0.32,404.0,0.43,368.0
2026-01-07 11:19:17.910000+00:00,2026-01-07 11:19:15.518765+00:00,257.91,0.625,0.62,0.63,0.375,0.37,0.38,109.0,35.0,32.84,109.0,0.61,61.22,0.64,104.0,0.6,279.32,0.65,779.42,0.59,357.95,0.66,176.0,0.58,722.02,0.67,549.0,0.57,368.0,0.68,404.0,0.36,55.0,0.39,61.22,0.35,828.42,0.4,279.32,0.34,176.0,0.41,357.95,0.33,549.0,0.42,722.02,0.32,404.0,0.43,368.0
2026-01-07 11:19:18.933000+00:00,2026-01-07 11:19:16.523103+00:00,258.933,0.625,0.62,0.63,0.375,0.37,0.38,57.31,32.84,32.84,72.31,0.61,154.16,0.64,80.0,0.6,247.32,0.65,813.42,0.59,357.95,0.66,293.0,0.58,764.02,0.67,549.0,0.57,368.0,0.68,434.0,0.36,90.0,0.39,154.16,0.35,813.42,0.4,257.32,0.34,293.0,0.41,357.95,0.33,549.0,0.42,764.02,0.32,434.0,0.43,368.0
2026-01-07 11:19:19.956000+00:00,2026-01-07 11:19:17.530872+00:00,259.956,0.635,0.63,0.64,0.365,0.36,0.37,40.0,50.0,85.0,60.0,0.62,102.31,0.65,808.42,0.61,169.16,0.66,339.0,0.6,172.0,0.67,549.0,0.59,382.95,0.68,404.0,0.58,722.02,0.69,410.1,0.35,818.42,0.38,97.31,0.34,339.0,0.39,169.16,0.33,549.0,0.4,172.0,0.32,439.0,0.41,382.95,0.31,410.1,0.42,722.02
2026-01-07 11:19:20.949000+00:00,2026-01-07 11:19:18.552102+00:00,260.949,0.635,0.63,0.64,0.365,0.36,0.37,80.0,70.0,70.0,80.0,0.62,97.31,0.65,798.42,0.61,159.16,0.66,339.0,0.6,172.0,0.67,549.0,0.59,362.95,0.68,439.0,0.58,722.02,0.69,410.1,0.35,808.42,0.38,107.31,0.34,359.0,0.39,159.16,0.33,549.0,0.4,130.0,0.32,439.0,0.41,362.95,0.31,410.1,0.42,722.02
2026-01-07 11:19:21.963000+00:00,2026-01-07 11:19:19.541550+00:00,261.963,0.635,0.63,0.64,0.365,0.36,0.37,88.31,62.84,62.84,88.31,0.62,114.0,0.65,808.42,0.61,149.16,0.66,369.0,0.6,130.0,0.67,449.0,0.59,362.95,0.68,508.99,0.58,764.02,0.69,410.1,0.35,808.42,0.38,114.0,0.34,369.0,0.39,149.16,0.33,549.0,0.4,130.0,0.32,439.0,0.41,362.95,0.31,410.1,0.42,764.02
2026-01-07 11:19:22.944000+00:00,2026-01-07 11:19:20.548685+00:00,262.944,0.635,0.63,0.64,0.365,0.36,0.37,86.31,62.84,62.84,86.31,0.62,164.0,0.65,808.42,0.61,281.16,0.66,359.0,0.6,252.0,0.67,459.0,0.59,362.95,0.68,389.0,0.58,764.02,0.69,410.1,0.35,818.42,0.38,174.0,0.34,359.0,0.39,271.16,0.33,429.0,0.4,252.0,0.32,389.0,0.41,362.95,0.31,410.1,0.42,764.02
2026-01-07 11:19:23.924000+00:00,2026-01-07 11:19:21.557441+00:00,263.924,0.635,0.63,0.64,0.365,0.36,0.37,61.17,107.84,107.84,61.17,0.62,124.0,0.65,672.42,0.61,382.16,0.66,156.0,0.6,323.0,0.67,479.0,0.59,362.95,0.68,384.0,0.58,764.02,0.69,410.1,0.35,672.42,0.38,124.0,0.34,156.0,0.39,382.16,0.33,479.0,0.4,323.0,0.32,384.0,0.41,362.95,0.31,410.1,0.42,764.02
2026-01-07 11:19:24.881000+00:00,2026-01-07 11:19:22.565571+00:00,264.881,0.635,0.63,0.64,0.365,0.36,0.37,61.17,75.68,75.68,61.17,0.62,164.0,0.65,702.42,0.61,352.16,0.66,156.0,0.6,313.0,0.67,379.0,0.59,362.95,0.68,453.99,0.58,764.02,0.69,404.0,0.35,702.42,0.38,164.0,0.34,156.0,0.39,352.16,0.33,379.0,0.4,313.0,0.32,453.99,0.41,362.95,0.31,404.0,0.42,764.02
2026-01-07 11:19:25.996000+00:00,2026-01-07 11:19:23.574745+00:00,265.996,0.635,0.63,0.64,0.365,0.36,0.37,96.17,60.68,60.68,96.17,0.62,159.0,0.65,657.42,0.61,322.16,0.66,206.0,0.6,365.0,0.67,379.0,0.59,352.95,0.68,523.99,0.58,722.02,0.69,404.0,0.35,657.42,0.38,159.0,0.34,216.0,0.39,322.16,0.33,379.0,0.4,365.0,0.32,523.99,0.41,352.95,0.31,404.0,0.42,722.02
2026-01-07 11:19:26.940000+00:00,2026-01-07 11:19:24.577747+00:00,266.94,0.635,0.63,0.64,0.365,0.36,0.37,61.17,144.11,144.11,61.17,0.62,119.0,0.65,632.42,0.61,357.16,0.66,156.0,0.6,395.0,0.67,479.0,0.59,352.95,0.68,454.0,0.58,732.02,0.69,404.0,0.35,632.42,0.38,119.0,0.34,171.0,0.39,357.16,0.33,479.0,0.4,395.0,0.32,484.0,0.41,352.95,0.31,374.0,0.42,732.02
2026-01-07 11:19:27.973000+00:00,2026-01-07 11:19:25.584466+00:00,267.973,0.635,0.63,0.64,0.365,0.36,0.37,72.06,116.95,98.19,72.06,0.62,119.0,0.65,936.42,0.61,139.16,0.66,354.0,0.6,378.0,0.67,479.0,0.59,362.95,0.68,484.0,0.58,764.02,0.69,374.0,0.35,936.42,0.38,119.0,0.34,354.0,0.39,139.16,0.33,479.0,0.4,368.0,0.32,484.0,0.41,362.95,0.31,374.0,0.42,764.02
2026-01-07 11:19:29.873000+00:00,2026-01-07 11:19:27.601427+00:00,269.873,0.635,0.63,0.64,0.365,0.36,0.37,72.06,48.19,48.19,72.06,0.62,144.0,0.65,1006.42,0.61,189.16,0.66,349.0,0.6,313.0,0.67,479.0,0.59,362.95,0.68,454.0,0.58,764.02,0.69,404.0,0.35,1006.42,0.38,144.0,0.34,364.0,0.39,189.16,0.33,479.0,0.4,313.0,0.32,454.0,0.41,362.95,0.31,404.0,0.42,764.02
2026-01-07 11:19:31.039000+00:00,2026-01-07 11:19:28.621096+00:00,271.039,0.635,0.63,0.64,0.365,0.36,0.37,97.06,43.19,43.19,72.06,0.62,169.0,0.65,941.42,0.61,139.16,0.66,508.99,0.6,323.0,0.67,419.0,0.59,352.95,0.68,484.0,0.58,315.02,0.69,374.0,0.35,936.42,0.38,154.0,0.34,414.0,0.39,114.16,0.33,409.0,0.4,338.0,0.32,484.0,0.41,352.95,0.31,374.0,0.42,315.02
2026-01-07 11:19:32.044000+00:00,2026-01-07 11:19:29.627518+00:00,272.044,0.635,0.63,0.64,0.365,0.36,0.37,142.06,8.19,33.19,142.06,0.62,179.0,0.65,707.42,0.61,154.16,0.66,358.99,0.6,338.0,0.67,449.0,0.59,811.95,0.68,484.0,0.58,315.02,0.69,409.0,0.35,707.42,0.38,179.0,0.34,358.99,0.39,164.16,0.33,449.0,0.4,338.0,0.32,484.0,0.41,811.95,0.31,409.0,0.42,315.02
2026-01-07 11:19:33.061000+00:00,2026-01-07 11:19:30.634613+00:00,273.061,0.635,0.63,0.64,0.365,0.36,0.37,142.06,8.19,43.19,142.06,0.62,164.0,0.65,687.42,0.61,144.16,0.66,314.0,0.6,338.0,0.67,479.0,0.59,811.95,0.68,484.0,0.58,315.02,0.69,409.0,0.35,667.42,0.38,154.0,0.34,314.0,0.39,149.16,0.33,479.0,0.4,348.0,0.32,454.0,0.41,811.95,0.31,439.0,0.42,315.02
2026-01-07 11:19:34.058000+00:00,2026-01-07 11:19:31.639268+00:00,274.058,0.645,0.64,0.65,0.355,0.35,0.36,45.0,686.51,686.51,45.0,0.63,142.06,0.66,314.0,0.62,149.0,0.67,479.0,0.61,220.16,0.68,484.0,0.6,348.0,0.69,409.0,0.59,811.95,0.7,374.0,0.34,319.0,0.37,142.06,0.33,479.0,0.38,149.0,0.32,484.0,0.39,220.16,0.31,409.0,0.4,348.0,0.3,374.0,0.41,811.95
2026-01-07 11:19:35.089000+00:00,2026-01-07 11:19:32.645865+00:00,275.089,0.645,0.64,0.65,0.355,0.35,0.36,122.31,651.42,646.33,132.31,0.63,158.75,0.66,324.0,0.62,149.0,0.67,474.0,0.61,155.16,0.68,474.0,0.6,338.0,0.69,439.0,0.59,801.95,0.7,374.0,0.34,324.0,0.37,158.75,0.33,474.0,0.38,149.0,0.32,474.0,0.39,155.16,0.31,439.0,0.4,338.0,0.3,374.0,0.41,801.95
2026-01-07 11:19:36.078000+00:00,2026-01-07 11:19:33.664669+00:00,276.078,0.645,0.64,0.65,0.355,0.35,0.36,47.28,641.33,641.33,47.28,0.63,203.75,0.66,354.0,0.62,169.0,0.67,484.44,0.61,114.16,0.68,484.0,0.6,380.0,0.69,409.0,0.59,801.95,0.7,374.0,0.34,458.99,0.37,148.75,0.33,414.44,0.38,159.0,0.32,484.0,0.39,114.16,0.31,409.0,0.4,380.0,0.3,374.0,0.41,801.95
2026-01-07 11:19:37.102000+00:00,2026-01-07 11:19:34.673829+00:00,277.102,0.645,0.64,0.65,0.355,0.35,0.36,52.28,646.33,143.33,77.28,0.63,138.75,0.66,191.0,0.62,189.0,0.67,399.44,0.61,155.16,0.68,409.0,0.6,338.0,0.69,369.0,0.59,801.95,0.7,389.0,0.34,141.0,0.37,173.75,0.33,369.44,0.38,286.0,0.32,463.99,0.39,261.16,0.31,384.0,0.4,338.0,0.3,434.0,0.41,352.95
2026-01-07 11:19:38.085000+00:00,2026-01-07 11:19:35.677772+00:00,278.085,0.645,0.64,0.65,0.355,0.35,0.36,177.28,133.33,133.33,177.28,0.63,203.75,0.66,141.0,0.62,307.0,0.67,404.44,0.61,363.16,0.68,483.99,0.6,338.0,0.69,404.0,0.59,352.95,0.7,374.0,0.34,141.0,0.37,203.75,0.33,404.44,0.38,307.0,0.32,483.99,0.39,363.16,0.31,404.0,0.4,338.0,0.3,374.0,0.41,352.95
2026-01-07 11:19:39.963000+00:00,2026-01-07 11:19:37.702885+00:00,279.963,0.645,0.64,0.65,0.355,0.35,0.36,171.28,133.33,133.33,171.28,0.63,203.75,0.66,20.0,0.62,347.0,0.67,231.44,0.61,322.16,0.68,324.99,0.6,338.0,0.69,374.0,0.59,352.95,0.7,404.0,0.34,20.0,0.37,203.75,0.33,231.44,0.38,347.0,0.32,324.99,0.39,322.16,0.31,374.0,0.4,338.0,0.3,404.0,0.41,352.95
2026-01-07 11:19:41.085000+00:00,2026-01-07 11:19:38.707471+00:00,281.085,0.645,0.64,0.65,0.355,0.35,0.36,189.35,100.0,100.0,230.59,0.63,300.75,0.66,10.0,0.62,337.0,0.67,231.44,0.61,771.16,0.68,190.0,0.6,338.0,0.69,474.0,0.59,317.95,0.7,354.0,0.34,10.0,0.37,300.75,0.33,231.44,0.38,372.0,0.32,200.0,0.39,771.16,0.31,474.0,0.4,338.0,0.3,384.0,0.41,317.95
2026-01-07 11:19:42.104000+00:00,2026-01-07 11:19:39.713027+00:00,282.104,0.645,0.64,0.65,0.355,0.35,0.36,215.59,100.0,100.0,215.59,0.63,361.75,0.66,10.0,0.62,372.0,0.67,110.44,0.61,771.16,0.68,200.0,0.6,338.0,0.69,474.0,0.59,317.95,0.7,384.0,0.34,10.0,0.37,361.75,0.33,110.44,0.38,372.0,0.32,200.0,0.39,771.16,0.31,474.0,0.4,338.0,0.3,384.0,0.41,317.95
2026-01-07 11:19:43.138000+00:00,2026-01-07 11:19:40.722784+00:00,283.138,0.645,0.64,0.65,0.355,0.35,0.36,413.59,100.0,100.0,428.03,0.63,401.75,0.66,10.0,0.62,332.0,0.67,75.44,0.61,322.16,0.68,225.0,0.6,459.0,0.69,700.0,0.59,438.95,0.7,354.0,0.34,10.0,0.37,381.75,0.33,70.0,0.38,332.0,0.32,104.0,0.39,322.16,0.31,479.0,0.4,459.0,0.3,277.19,0.41,438.95
2026-01-07 11:19:44.131000+00:00,2026-01-07 11:19:41.744735+00:00,284.131,0.655,0.65,0.66,0.345,0.34,0.35,208.0,5.0,5.0,218.0,0.64,343.03,0.67,35.0,0.63,351.75,0.68,119.0,0.62,372.0,0.69,469.0,0.61,322.16,0.7,297.19,0.6,424.0,0.71,369.0,0.33,25.0,0.36,333.03,0.32,119.0,0.37,351.75,0.31,479.0,0.38,372.0,0.3,367.19,0.39,322.16,0.29,439.0,0.4,424.0
2026-01-07 11:19:45.153000+00:00,2026-01-07 11:19:42.748234+00:00,285.153,0.655,0.65,0.66,0.345,0.34,0.35,238.0,5.0,5.0,238.0,0.64,338.03,0.67,25.0,0.63,351.75,0.68,129.0,0.62,332.0,0.69,479.0,0.61,322.16,0.7,367.19,0.6,424.0,0.71,439.0,0.33,25.0,0.36,338.03,0.32,129.0,0.37,351.75,0.31,479.0,0.38,332.0,0.3,367.19,0.39,363.16,0.29,439.0,0.4,424.0
2026-01-07 11:19:46.154000+00:00,2026-01-07 11:19:43.757345+00:00,286.154,0.665,0.66,0.67,0.335,0.33,0.34,62.31,40.0,40.0,62.31,0.65,243.0,0.68,124.0,0.64,331.79,0.69,479.0,0.63,351.75,0.7,367.19,0.62,332.0,0.71,439.0,0.61,363.16,0.72,444.0,0.32,124.0,0.35,243.0,0.31,489.0,0.36,331.79,0.3,367.19,0.37,351.75,0.29,439.0,0.38,332.0,0.28,444.0,0.39,363.16
2026-01-07 11:19:47.970000+00:00,2026-01-07 11:19:45.785323+00:00,287.97,0.665,0.66,0.67,0.335,0.33,0.34,59.24,35.0,35.0,51.24,0.65,248.0,0.68,129.0,0.64,331.79,0.69,489.0,0.63,351.75,0.7,367.19,0.62,821.0,0.71,439.0,0.61,322.16,0.72,409.0,0.32,129.0,0.35,248.0,0.31,489.0,0.36,331.79,0.3,367.19,0.37,351.75,0.29,439.0,0.38,781.0,0.28,444.0,0.39,363.16
2026-01-07 11:19:49.214000+00:00,2026-01-07 11:19:46.801895+00:00,289.214,0.665,0.66,0.67,0.335,0.33,0.34,60.0,70.0,68.5,45.0,0.65,283.0,0.68,104.0,0.64,356.79,0.69,514.0,0.63,326.75,0.7,367.19,0.62,821.0,0.71,409.0,0.61,322.16,0.72,404.0,0.32,104.0,0.35,283.0,0.31,534.0,0.36,356.79,0.3,347.19,0.37,326.75,0.29,439.0,0.38,821.0,0.28,374.0,0.39,322.16
2026-01-07 11:19:50.183000+00:00,2026-01-07 11:19:47.812430+00:00,290.183,0.665,0.66,0.67,0.335,0.33,0.34,103.0,31.73,31.73,103.0,0.65,263.0,0.68,55.0,0.64,321.79,0.69,479.0,0.63,351.75,0.7,297.19,0.62,781.0,0.71,384.0,0.61,443.16,0.72,409.0,0.32,55.0,0.35,313.0,0.31,534.0,0.36,321.79,0.3,277.19,0.37,351.75,0.29,384.0,0.38,781.0,0.28,409.0,0.39,443.16
2026-01-07 11:19:51.083000+00:00,2026-01-07 11:19:48.820887+00:00,291.083,0.665,0.66,0.67,0.335,0.33,0.34,60.0,31.73,31.73,60.0,0.65,230.0,0.68,55.0,0.64,321.79,0.69,534.0,0.63,391.75,0.7,277.19,0.62,781.0,0.71,384.0,0.61,443.16,0.72,409.0,0.32,55.0,0.35,230.0,0.31,655.0,0.36,321.79,0.3,277.19,0.37,391.75,0.29,384.0,0.38,781.0,0.28,409.0,0.39,443.16
2026-01-07 11:19:52.193000+00:00,2026-01-07 11:19:49.839740+00:00,292.193,0.665,0.66,0.67,0.335,0.33,0.34,60.0,31.73,31.73,60.0,0.65,230.0,0.68,104.0,0.64,360.79,0.69,655.0,0.63,351.75,0.7,277.19,0.62,781.0,0.71,384.0,0.61,322.16,0.72,409.0,0.32,104.0,0.35,230.0,0.31,655.0,0.36,360.79,0.3,277.19,0.37,351.75,0.29,384.0,0.38,781.0,0.28,409.0,0.39,322.16
2026-01-07 11:19:53.273000+00:00,2026-01-07 11:19:50.851318+00:00,293.273,0.665,0.66,0.67,0.335,0.33,0.34,42.05,31.73,31.73,42.05,0.65,242.69,0.68,129.0,0.64,331.79,0.69,665.0,0.63,391.75,0.7,242.19,0.62,781.0,0.71,384.0,0.61,322.16,0.72,409.0,0.32,129.0,0.35,242.69,0.31,665.0,0.36,331.79,0.3,242.19,0.37,391.75,0.29,384.0,0.38,781.0,0.28,409.0,0.39,322.16
