timestamp,seconds,mid,bid,ask,asset
2026-01-07 08:15:00+00:00,0.0,3255.811,3255.79,3255.91,ETH
2026-01-07 08:15:01+00:00,1.0,3255.841,3255.81,3255.91,ETH
2026-01-07 08:15:02+00:00,2.0,3255.951,3255.92,3256.04,ETH
2026-01-07 08:15:03+00:00,3.0,3256.061,3256.03,3256.14,ETH
2026-01-07 08:15:04+00:00,4.0,3255.931,3255.86,3255.98,ETH
2026-01-07 08:15:05+00:00,5.0,3255.741,3255.69,3255.82,ETH
2026-01-07 08:15:06+00:00,6.0,3255.691,3255.69,3255.79,ETH
2026-01-07 08:15:07+00:00,7.0,3255.691,3255.69,3255.78,ETH
2026-01-07 08:15:08+00:00,8.0,3255.741,3255.72,3255.84,ETH
2026-01-07 08:15:09+00:00,9.0,3255.811,3255.73,3255.9,ETH
2026-01-07 08:15:11+00:00,11.0,3255.661,3255.62,3255.69,ETH
2026-01-07 08:15:12+00:00,12.0,3255.901,3255.76,3255.9,ETH
2026-01-07 08:15:13+00:00,13.0,3256.141,3256.08,3256.21,ETH
2026-01-07 08:15:14+00:00,14.0,3256.301,3256.27,3256.36,ETH
2026-01-07 08:15:15+00:00,15.0,3256.341,3256.3,3256.4,ETH
2026-01-07 08:15:16+00:00,16.0,3256.341,3256.29,3256.38,ETH
2026-01-07 08:15:17+00:00,17.0,3256.351,3256.3,3256.39,ETH
2026-01-07 08:15:18+00:00,18.0,3256.441,3256.3,3256.53,ETH
2026-01-07 08:15:19+00:00,19.0,3256.501,3256.47,3256.55,ETH
2026-01-07 08:15:20+00:00,20.0,3256.551,3256.52,3256.64,ETH
2026-01-07 08:15:21+00:00,21.0,3256.781,3256.68,3256.96,ETH
2026-01-07 08:15:22+00:00,22.0,3256.781,3256.78,3257.15,ETH
2026-01-07 08:15:23+00:00,23.0,3256.871,3256.68,3257.12,ETH
2026-01-07 08:15:24+00:00,24.0,3256.601,3256.6,3256.99,ETH
2026-01-07 08:15:25+00:00,25.0,3256.521,3256.51,3257.02,ETH
2026-01-07 08:15:26+00:00,26.0,3256.521,3256.51,3257.09,ETH
2026-01-07 08:15:27+00:00,27.0,3256.521,3256.51,3257.12,ETH
2026-01-07 08:15:28+00:00,28.0,3256.521,3256.51,3257.12,ETH
2026-01-07 08:15:29+00:00,29.0,3256.521,3256.51,3257.11,ETH
2026-01-07 08:15:30+00:00,30.0,3256.561,3256.51,3257.18,ETH
2026-01-07 08:15:31+00:00,31.0,3256.611,3256.51,3257.21,ETH
2026-01-07 08:15:32+00:00,32.0,3256.641,3256.51,3257.14,ETH
2026-01-07 08:15:33+00:00,33.0,3256.671,3256.59,3257.05,ETH
2026-01-07 08:15:34+00:00,34.0,3256.681,3256.67,3257.04,ETH
2026-01-07 08:15:35+00:00,35.0,3256.681,3256.67,3257.07,ETH
2026-01-07 08:15:36+00:00,36.0,3256.681,3256.67,3257.05,ETH
2026-01-07 08:15:37+00:00,37.0,3256.681,3256.67,3257.07,ETH
2026-01-07 08:15:38+00:00,38.0,3256.691,3256.67,3257.07,ETH
2026-01-07 08:15:39+00:00,39.0,3256.691,3256.67,3257.07,ETH
2026-01-07 08:15:40+00:00,40.0,3256.681,3256.67,3257.05,ETH
2026-01-07 08:15:41+00:00,41.0,3256.681,3256.67,3257.03,ETH
2026-01-07 08:15:42+00:00,42.0,3256.681,3256.67,3257.05,ETH
2026-01-07 08:15:43+00:00,43.0,3256.681,3256.67,3257.06,ETH
2026-01-07 08:15:44+00:00,44.0,3256.681,3256.67,3257.05,ETH
2026-01-07 08:15:45+00:00,45.0,3256.681,3256.67,3257.03,ETH
2026-01-07 08:15:46+00:00,46.0,3256.611,3256.58,3257.0,ETH
2026-01-07 08:15:47+00:00,47.0,3256.541,3256.49,3256.97,ETH
2026-01-07 08:15:48+00:00,48.0,3256.501,3256.49,3256.91,ETH
2026-01-07 08:15:49+00:00,49.0,3256.501,3256.49,3256.93,ETH
2026-01-07 08:15:50+00:00,50.0,3256.681,3256.67,3256.98,ETH
2026-01-07 08:15:51+00:00,51.0,3256.681,3256.67,3257.04,ETH
2026-01-07 08:15:52+00:00,52.0,3256.721,3256.67,3256.95,ETH
2026-01-07 08:15:53+00:00,53.0,3256.721,3256.67,3257.05,ETH
2026-01-07 08:15:54+00:00,54.0,3256.711,3256.67,3256.94,ETH
2026-01-07 08:15:55+00:00,55.0,3256.691,3256.66,3256.8,ETH
2026-01-07 08:15:56+00:00,56.0,3256.681,3256.66,3256.75,ETH
2026-01-07 08:15:57+00:00,57.0,3256.591,3256.58,3256.84,ETH
2026-01-07 08:15:58+00:00,58.0,3256.491,3256.49,3256.98,ETH
2026-01-07 08:15:59+00:00,59.0,3256.491,3256.49,3257.02,ETH
2026-01-07 08:16:00+00:00,60.0,3256.421,3256.34,3256.82,ETH
2026-01-07 08:16:01+00:00,61.0,3256.271,3256.19,3256.49,ETH
2026-01-07 08:16:02+00:00,62.0,3256.201,3256.19,3256.38,ETH
2026-01-07 08:16:03+00:00,63.0,3256.201,3256.19,3256.41,ETH
2026-01-07 08:16:04+00:00,64.0,3256.491,3256.4,3256.6,ETH
2026-01-07 08:16:05+00:00,65.0,3256.911,3256.76,3256.93,ETH
2026-01-07 08:16:06+00:00,66.0,3256.961,3256.9,3257.04,ETH
2026-01-07 08:16:07+00:00,67.0,3256.911,3256.9,3257.19,ETH
2026-01-07 08:16:08+00:00,68.0,3257.081,3257.07,3257.38,ETH
2026-01-07 08:16:09+00:00,69.0,3257.171,3257.16,3257.32,ETH
2026-01-07 08:16:10+00:00,70.0,3257.111,3257.1,3257.25,ETH
2026-01-07 08:16:11+00:00,71.0,3257.111,3257.1,3257.25,ETH
2026-01-07 08:16:12+00:00,72.0,3257.111,3257.1,3257.25,ETH
2026-01-07 08:16:13+00:00,73.0,3257.111,3257.1,3257.28,ETH
2026-01-07 08:16:14+00:00,74.0,3257.111,3257.1,3257.28,ETH
2026-01-07 08:16:15+00:00,75.0,3257.111,3257.1,3257.28,ETH
2026-01-07 08:16:16+00:00,76.0,3257.111,3257.1,3257.26,ETH
2026-01-07 08:16:17+00:00,77.0,3257.231,3257.14,3257.35,ETH
2026-01-07 08:16:18+00:00,78.0,3257.231,3257.23,3257.49,ETH
2026-01-07 08:16:19+00:00,79.0,3257.281,3257.23,3257.49,ETH
2026-01-07 08:16:20+00:00,80.0,3257.291,3257.23,3257.47,ETH
2026-01-07 08:16:21+00:00,81.0,3257.231,3257.23,3257.55,ETH
2026-01-07 08:16:22+00:00,82.0,3257.231,3257.23,3257.76,ETH
2026-01-07 08:16:23+00:00,83.0,3257.231,3257.23,3257.73,ETH
2026-01-07 08:16:24+00:00,84.0,3257.231,3257.23,3257.76,ETH
2026-01-07 08:16:25+00:00,85.0,3257.231,3257.23,3257.78,ETH
2026-01-07 08:16:26+00:00,86.0,3257.241,3257.23,3257.79,ETH
2026-01-07 08:16:27+00:00,87.0,3257.241,3257.23,3257.77,ETH
2026-01-07 08:16:28+00:00,88.0,3257.241,3257.23,3257.74,ETH
2026-01-07 08:16:29+00:00,89.0,3257.311,3257.3,3257.77,ETH
2026-01-07 08:16:30+00:00,90.0,3257.371,3257.35,3257.81,ETH
2026-01-07 08:16:31+00:00,91.0,3257.311,3257.22,3257.76,ETH
2026-01-07 08:16:32+00:00,92.0,3257.191,3257.11,3257.66,ETH
2026-01-07 08:16:33+00:00,93.0,3257.111,3257.11,3257.64,ETH
2026-01-07 08:16:34+00:00,94.0,3257.111,3257.11,3257.67,ETH
2026-01-07 08:16:35+00:00,95.0,3257.111,3257.11,3257.67,ETH
2026-01-07 08:16:36+00:00,96.0,3257.111,3257.11,3257.65,ETH
2026-01-07 08:16:37+00:00,97.0,3257.121,3257.11,3257.65,ETH
2026-01-07 08:16:38+00:00,98.0,3257.121,3257.11,3257.66,ETH
2026-01-07 08:16:39+00:00,99.0,3257.121,3257.11,3257.65,ETH
2026-01-07 08:16:40+00:00,100.0,3257.121,3257.11,3257.64,ETH
2026-01-07 08:16:41+00:00,101.0,3257.121,3257.11,3257.67,ETH
2026-01-07 08:16:42+00:00,102.0,3257.121,3257.11,3257.66,ETH
2026-01-07 08:16:43+00:00,103.0,3257.121,3257.11,3257.62,ETH
2026-01-07 08:16:44+00:00,104.0,3257.121,3257.11,3257.58,ETH
2026-01-07 08:16:45+00:00,105.0,3257.121,3257.11,3257.64,ETH
2026-01-07 08:16:46+00:00,106.0,3257.121,3257.11,3257.64,ETH
2026-01-07 08:16:47+00:00,107.0,3257.121,3257.11,3257.64,ETH
2026-01-07 08:16:48+00:00,108.0,3257.121,3257.11,3257.64,ETH
2026-01-07 08:16:49+00:00,109.0,3257.121,3257.12,3257.64,ETH
2026-01-07 08:16:50+00:00,110.0,3257.121,3257.12,3257.64,ETH
2026-01-07 08:16:51+00:00,111.0,3257.121,3257.12,3257.71,ETH
2026-01-07 08:16:52+00:00,112.0,3257.191,3257.12,3257.73,ETH
2026-01-07 08:16:53+00:00,113.0,3257.191,3257.12,3257.72,ETH
2026-01-07 08:16:54+00:00,114.0,3257.131,3257.12,3257.2,ETH
2026-01-07 08:16:55+00:00,115.0,3257.121,3256.93,3257.13,ETH
2026-01-07 08:16:56+00:00,116.0,3257.121,3257.12,3257.61,ETH
2026-01-07 08:16:57+00:00,117.0,3257.121,3257.12,3257.58,ETH
2026-01-07 08:16:58+00:00,118.0,3257.121,3257.12,3257.56,ETH
2026-01-07 08:16:59+00:00,119.0,3257.121,3257.12,3257.54,ETH
2026-01-07 08:17:00+00:00,120.0,3257.121,3257.12,3257.57,ETH
2026-01-07 08:17:01+00:00,121.0,3257.121,3257.12,3257.59,ETH
2026-01-07 08:17:02+00:00,122.0,3257.161,3257.15,3257.64,ETH
2026-01-07 08:17:03+00:00,123.0,3257.201,3257.19,3257.64,ETH
2026-01-07 08:17:04+00:00,124.0,3257.201,3257.19,3257.6,ETH
2026-01-07 08:17:06+00:00,126.0,3257.201,3257.19,3257.63,ETH
2026-01-07 08:17:07+00:00,127.0,3257.201,3257.19,3257.63,ETH
2026-01-07 08:17:08+00:00,128.0,3257.191,3257.19,3257.57,ETH
2026-01-07 08:17:09+00:00,129.0,3257.191,3257.19,3257.5,ETH
2026-01-07 08:17:10+00:00,130.0,3257.191,3257.19,3257.5,ETH
2026-01-07 08:17:11+00:00,131.0,3257.191,3257.19,3257.55,ETH
2026-01-07 08:17:12+00:00,132.0,3257.191,3257.19,3257.53,ETH
2026-01-07 08:17:13+00:00,133.0,3256.911,3256.85,3257.27,ETH
2026-01-07 08:17:14+00:00,134.0,3256.681,3256.67,3257.22,ETH
2026-01-07 08:17:15+00:00,135.0,3256.681,3256.67,3257.1,ETH
2026-01-07 08:17:16+00:00,136.0,3256.671,3256.66,3257.04,ETH
2026-01-07 08:17:17+00:00,137.0,3256.591,3256.59,3256.91,ETH
2026-01-07 08:17:18+00:00,138.0,3256.511,3256.51,3256.78,ETH
2026-01-07 08:17:19+00:00,139.0,3256.511,3256.5,3256.81,ETH
2026-01-07 08:17:20+00:00,140.0,3256.511,3256.5,3256.8,ETH
2026-01-07 08:17:21+00:00,141.0,3256.511,3256.5,3256.76,ETH
2026-01-07 08:17:22+00:00,142.0,3256.511,3256.5,3256.62,ETH
2026-01-07 08:17:23+00:00,143.0,3256.511,3256.5,3256.56,ETH
2026-01-07 08:17:24+00:00,144.0,3256.511,3256.5,3256.6,ETH
2026-01-07 08:17:25+00:00,145.0,3256.501,3256.48,3256.56,ETH
2026-01-07 08:17:26+00:00,146.0,3256.481,3256.44,3256.52,ETH
2026-01-07 08:17:27+00:00,147.0,3256.471,3256.44,3256.52,ETH
2026-01-07 08:17:28+00:00,148.0,3256.501,3256.47,3256.55,ETH
2026-01-07 08:17:29+00:00,149.0,3256.511,3256.49,3256.55,ETH
2026-01-07 08:17:30+00:00,150.0,3256.461,3256.42,3256.53,ETH
2026-01-07 08:17:31+00:00,151.0,3256.411,3256.37,3256.51,ETH
2026-01-07 08:17:32+00:00,152.0,3256.401,3256.35,3256.51,ETH
2026-01-07 08:17:33+00:00,153.0,3256.381,3256.33,3256.51,ETH
2026-01-07 08:17:34+00:00,154.0,3256.371,3256.33,3256.46,ETH
2026-01-07 08:17:35+00:00,155.0,3256.291,3256.27,3256.41,ETH
2026-01-07 08:17:36+00:00,156.0,3256.221,3256.22,3256.41,ETH
2026-01-07 08:17:37+00:00,157.0,3256.221,3256.21,3256.38,ETH
2026-01-07 08:17:38+00:00,158.0,3256.211,3256.2,3256.31,ETH
2026-01-07 08:17:39+00:00,159.0,3256.211,3256.18,3256.27,ETH
2026-01-07 08:17:40+00:00,160.0,3256.211,3256.19,3256.27,ETH
2026-01-07 08:17:41+00:00,161.0,3256.211,3256.2,3256.29,ETH
2026-01-07 08:17:42+00:00,162.0,3256.211,3256.2,3256.32,ETH
2026-01-07 08:17:43+00:00,163.0,3256.251,3256.21,3256.37,ETH
2026-01-07 08:17:44+00:00,164.0,3256.271,3256.22,3256.36,ETH
2026-01-07 08:17:45+00:00,165.0,3256.231,3256.21,3256.33,ETH
2026-01-07 08:17:46+00:00,166.0,3256.211,3256.2,3256.37,ETH
2026-01-07 08:17:47+00:00,167.0,3256.211,3256.2,3256.41,ETH
2026-01-07 08:17:48+00:00,168.0,3256.211,3256.2,3256.42,ETH
2026-01-07 08:17:49+00:00,169.0,3256.211,3256.2,3256.57,ETH
2026-01-07 08:17:50+00:00,170.0,3256.351,3256.2,3256.52,ETH
2026-01-07 08:17:51+00:00,171.0,3256.211,3256.2,3256.5,ETH
2026-01-07 08:17:52+00:00,172.0,3256.211,3256.2,3256.36,ETH
2026-01-07 08:17:53+00:00,173.0,3256.291,3256.27,3256.34,ETH
2026-01-07 08:17:54+00:00,174.0,3256.281,3256.27,3256.35,ETH
2026-01-07 08:17:55+00:00,175.0,3256.271,3256.25,3256.32,ETH
2026-01-07 08:17:56+00:00,176.0,3256.271,3256.25,3256.32,ETH
2026-01-07 08:17:57+00:00,177.0,3256.211,3256.2,3256.33,ETH
2026-01-07 08:17:58+00:00,178.0,3256.151,3256.15,3256.37,ETH
2026-01-07 08:17:59+00:00,179.0,3256.151,3256.15,3256.29,ETH
2026-01-07 08:18:00+00:00,180.0,3256.211,3256.18,3256.39,ETH
2026-01-07 08:18:01+00:00,181.0,3256.221,3256.21,3256.42,ETH
2026-01-07 08:18:02+00:00,182.0,3256.201,3256.19,3256.42,ETH
2026-01-07 08:18:03+00:00,183.0,3256.211,3256.19,3256.52,ETH
2026-01-07 08:18:04+00:00,184.0,3256.241,3256.23,3256.51,ETH
2026-01-07 08:18:05+00:00,185.0,3256.321,3256.3,3256.52,ETH
2026-01-07 08:18:06+00:00,186.0,3256.381,3256.33,3256.56,ETH
2026-01-07 08:18:07+00:00,187.0,3256.321,3256.26,3256.61,ETH
2026-01-07 08:18:08+00:00,188.0,3256.271,3256.21,3256.55,ETH
2026-01-07 08:18:09+00:00,189.0,3256.251,3256.22,3256.49,ETH
2026-01-07 08:18:10+00:00,190.0,3256.241,3256.24,3256.5,ETH
2026-01-07 08:18:11+00:00,191.0,3256.241,3256.24,3256.51,ETH
2026-01-07 08:18:12+00:00,192.0,3256.241,3256.24,3256.51,ETH
2026-01-07 08:18:13+00:00,193.0,3256.241,3256.24,3256.66,ETH
2026-01-07 08:18:14+00:00,194.0,3256.231,3256.21,3256.64,ETH
2026-01-07 08:18:15+00:00,195.0,3256.241,3256.24,3256.64,ETH
2026-01-07 08:18:16+00:00,196.0,3256.321,3256.3,3256.75,ETH
2026-01-07 08:18:17+00:00,197.0,3256.891,3256.77,3256.95,ETH
2026-01-07 08:18:18+00:00,198.0,3257.071,3257.06,3257.24,ETH
2026-01-07 08:18:19+00:00,199.0,3257.211,3257.07,3257.48,ETH
2026-01-07 08:18:20+00:00,200.0,3257.211,3257.21,3257.73,ETH
2026-01-07 08:18:21+00:00,201.0,3257.521,3257.32,3257.76,ETH
2026-01-07 08:18:22+00:00,202.0,3257.681,3257.68,3257.8,ETH
2026-01-07 08:18:23+00:00,203.0,3257.821,3257.76,3258.0,ETH
2026-01-07 08:18:24+00:00,204.0,3257.821,3257.82,3258.09,ETH
2026-01-07 08:18:25+00:00,205.0,3257.821,3257.82,3258.1,ETH
2026-01-07 08:18:26+00:00,206.0,3257.821,3257.82,3258.08,ETH
2026-01-07 08:18:27+00:00,207.0,3257.821,3257.82,3258.25,ETH
2026-01-07 08:18:28+00:00,208.0,3257.821,3257.82,3258.19,ETH
2026-01-07 08:18:29+00:00,209.0,3258.101,3258.09,3258.19,ETH
2026-01-07 08:18:30+00:00,210.0,3258.101,3258.09,3258.33,ETH
2026-01-07 08:18:31+00:00,211.0,3257.841,3257.84,3258.29,ETH
2026-01-07 08:18:32+00:00,212.0,3257.841,3257.84,3258.2,ETH
2026-01-07 08:18:33+00:00,213.0,3257.841,3257.84,3258.17,ETH
2026-01-07 08:18:34+00:00,214.0,3257.841,3257.84,3258.27,ETH
2026-01-07 08:18:35+00:00,215.0,3257.841,3257.84,3258.16,ETH
2026-01-07 08:18:36+00:00,216.0,3257.841,3257.84,3258.16,ETH
2026-01-07 08:18:37+00:00,217.0,3257.841,3257.84,3258.17,ETH
2026-01-07 08:18:38+00:00,218.0,3257.841,3257.84,3258.15,ETH
2026-01-07 08:18:39+00:00,219.0,3257.841,3257.84,3258.16,ETH
2026-01-07 08:18:40+00:00,220.0,3257.771,3257.76,3258.09,ETH
2026-01-07 08:18:41+00:00,221.0,3257.691,3257.69,3257.95,ETH
2026-01-07 08:18:42+00:00,222.0,3257.691,3257.69,3257.93,ETH
2026-01-07 08:18:43+00:00,223.0,3257.691,3257.69,3257.98,ETH
2026-01-07 08:18:44+00:00,224.0,3257.691,3257.69,3257.98,ETH
2026-01-07 08:18:45+00:00,225.0,3257.691,3257.69,3258.03,ETH
2026-01-07 08:18:46+00:00,226.0,3257.691,3257.69,3258.1,ETH
2026-01-07 08:18:47+00:00,227.0,3257.691,3257.69,3258.09,ETH
2026-01-07 08:18:48+00:00,228.0,3257.691,3257.69,3258.03,ETH
2026-01-07 08:18:49+00:00,229.0,3257.691,3257.69,3258.01,ETH
2026-01-07 08:18:50+00:00,230.0,3257.751,3257.75,3258.03,ETH
2026-01-07 08:18:51+00:00,231.0,3257.811,3257.8,3258.05,ETH
2026-01-07 08:18:53+00:00,233.0,3257.801,3257.8,3258.0,ETH
2026-01-07 08:18:54+00:00,234.0,3257.801,3257.8,3258.0,ETH
2026-01-07 08:18:55+00:00,235.0,3257.801,3257.8,3258.01,ETH
2026-01-07 08:18:56+00:00,236.0,3257.801,3257.8,3258.05,ETH
2026-01-07 08:18:57+00:00,237.0,3257.801,3257.8,3258.01,ETH
2026-01-07 08:18:58+00:00,238.0,3257.801,3257.8,3258.02,ETH
2026-01-07 08:18:59+00:00,239.0,3257.801,3257.8,3258.14,ETH
2026-01-07 08:19:00+00:00,240.0,3257.801,3257.8,3258.14,ETH
2026-01-07 08:19:01+00:00,241.0,3257.801,3257.8,3258.05,ETH
2026-01-07 08:19:02+00:00,242.0,3257.801,3257.8,3258.05,ETH
2026-01-07 08:19:03+00:00,243.0,3257.711,3257.71,3258.11,ETH
2026-01-07 08:19:04+00:00,244.0,3257.521,3257.51,3257.94,ETH
2026-01-07 08:19:05+00:00,245.0,3257.501,3257.48,3257.73,ETH
2026-01-07 08:19:06+00:00,246.0,3257.631,3257.58,3257.74,ETH
2026-01-07 08:19:07+00:00,247.0,3257.681,3257.62,3257.8,ETH
2026-01-07 08:19:08+00:00,248.0,3257.471,3257.44,3257.69,ETH
2026-01-07 08:19:09+00:00,249.0,3257.401,3257.37,3257.61,ETH
2026-01-07 08:19:10+00:00,250.0,3257.541,3257.48,3257.64,ETH
2026-01-07 08:19:11+00:00,251.0,3257.591,3257.55,3257.68,ETH
2026-01-07 08:19:12+00:00,252.0,3257.601,3257.56,3257.72,ETH
2026-01-07 08:19:13+00:00,253.0,3257.591,3257.56,3257.73,ETH
2026-01-07 08:19:14+00:00,254.0,3257.621,3257.61,3257.73,ETH
2026-01-07 08:19:15+00:00,255.0,3257.651,3257.64,3257.74,ETH
2026-01-07 08:19:16+00:00,256.0,3257.651,3257.62,3257.75,ETH
2026-01-07 08:19:17+00:00,257.0,3257.651,3257.63,3257.74,ETH
2026-01-07 08:19:18+00:00,258.0,3257.681,3257.67,3257.8,ETH
2026-01-07 08:19:19+00:00,259.0,3257.691,3257.68,3257.95,ETH
2026-01-07 08:19:20+00:00,260.0,3257.711,3257.68,3257.99,ETH
2026-01-07 08:19:21+00:00,261.0,3257.721,3257.68,3257.92,ETH
2026-01-07 08:19:22+00:00,262.0,3257.741,3257.71,3258.0,ETH
2026-01-07 08:19:23+00:00,263.0,3257.771,3257.75,3258.09,ETH
2026-01-07 08:19:24+00:00,264.0,3257.771,3257.75,3258.13,ETH
2026-01-07 08:19:25+00:00,265.0,3257.801,3257.8,3258.07,ETH
2026-01-07 08:19:26+00:00,266.0,3257.801,3257.8,3258.08,ETH
2026-01-07 08:19:27+00:00,267.0,3257.801,3257.8,3258.03,ETH
2026-01-07 08:19:28+00:00,268.0,3257.801,3257.8,3258.09,ETH
2026-01-07 08:19:29+00:00,269.0,3257.761,3257.75,3258.08,ETH
2026-01-07 08:19:30+00:00,270.0,3257.761,3257.75,3258.06,ETH
2026-01-07 08:19:31+00:00,271.0,3257.711,3257.71,3258.06,ETH
2026-01-07 08:19:32+00:00,272.0,3257.651,3257.64,3258.04,ETH
2026-01-07 08:19:33+00:00,273.0,3257.591,3257.59,3257.88,ETH
2026-01-07 08:19:34+00:00,274.0,3257.491,3257.48,3257.78,ETH
2026-01-07 08:19:35+00:00,275.0,3257.631,3257.6,3257.82,ETH
2026-01-07 08:19:36+00:00,276.0,3257.661,3257.65,3257.8,ETH
2026-01-07 08:19:37+00:00,277.0,3257.551,3257.52,3257.83,ETH
2026-01-07 08:19:38+00:00,278.0,3257.561,3257.53,3257.82,ETH
2026-01-07 08:19:39+00:00,279.0,3257.431,3257.12,3257.56,ETH
2026-01-07 08:19:40+00:00,280.0,3256.841,3256.78,3256.9,ETH
2026-01-07 08:19:41+00:00,281.0,3256.861,3256.86,3257.1,ETH
2026-01-07 08:19:42+00:00,282.0,3256.961,3256.95,3257.15,ETH
2026-01-07 08:19:43+00:00,283.0,3256.961,3256.95,3257.13,ETH
2026-01-07 08:19:44+00:00,284.0,3256.961,3256.95,3257.11,ETH
2026-01-07 08:19:45+00:00,285.0,3257.311,3257.25,3257.55,ETH
2026-01-07 08:19:46+00:00,286.0,3257.531,3257.44,3257.69,ETH
2026-01-07 08:19:47+00:00,287.0,3257.681,3257.49,3257.76,ETH
2026-01-07 08:19:48+00:00,288.0,3257.681,3257.51,3257.83,ETH
2026-01-07 08:19:49+00:00,289.0,3257.681,3257.59,3257.9,ETH
2026-01-07 08:19:50+00:00,290.0,3257.681,3257.63,3257.98,ETH
2026-01-07 08:19:51+00:00,291.0,3257.681,3257.63,3258.05,ETH
2026-01-07 08:19:52+00:00,292.0,3257.681,3257.63,3258.04,ETH
2026-01-07 08:19:53+00:00,293.0,3257.681,3257.63,3258.0,ETH
2026-01-07 08:19:54+00:00,294.0,3257.681,3257.63,3258.01,ETH
2026-01-07 08:19:55+00:00,295.0,3257.681,3257.64,3258.0,ETH
2026-01-07 08:19:56+00:00,296.0,3257.681,3257.64,3257.76,ETH
2026-01-07 08:19:57+00:00,297.0,3257.681,3257.61,3258.04,ETH
2026-01-07 08:19:58+00:00,298.0,3257.681,3257.62,3257.92,ETH
2026-01-07 08:19:59+00:00,299.0,3257.681,3257.6,3257.93,ETH
2026-01-07 08:20:00+00:00,300.0,3257.681,3257.61,3257.94,ETH
2026-01-07 08:20:01+00:00,301.0,3257.681,3257.61,3257.93,ETH
2026-01-07 08:20:02+00:00,302.0,3257.681,3257.61,3257.92,ETH
2026-01-07 08:20:03+00:00,303.0,3257.681,3257.62,3257.98,ETH
2026-01-07 08:20:04+00:00,304.0,3257.681,3257.62,3257.97,ETH
2026-01-07 08:20:05+00:00,305.0,3257.681,3257.62,3257.95,ETH
2026-01-07 08:20:06+00:00,306.0,3257.681,3257.62,3257.93,ETH
2026-01-07 08:20:07+00:00,307.0,3257.681,3257.62,3257.94,ETH
2026-01-07 08:20:08+00:00,308.0,3257.671,3257.62,3257.96,ETH
2026-01-07 08:20:09+00:00,309.0,3257.671,3257.65,3257.95,ETH
2026-01-07 08:20:10+00:00,310.0,3257.671,3257.64,3257.96,ETH
2026-01-07 08:20:11+00:00,311.0,3257.671,3257.64,3257.99,ETH
2026-01-07 08:20:12+00:00,312.0,3257.861,3257.66,3258.13,ETH
2026-01-07 08:20:13+00:00,313.0,3258.171,3257.99,3258.28,ETH
2026-01-07 08:20:14+00:00,314.0,3258.291,3258.28,3258.59,ETH
2026-01-07 08:20:15+00:00,315.0,3258.291,3258.28,3258.87,ETH
2026-01-07 08:20:16+00:00,316.0,3258.291,3258.28,3258.89,ETH
2026-01-07 08:20:17+00:00,317.0,3258.291,3258.28,3258.89,ETH
2026-01-07 08:20:18+00:00,318.0,3258.291,3258.28,3258.87,ETH
2026-01-07 08:20:19+00:00,319.0,3258.291,3258.28,3258.89,ETH
2026-01-07 08:20:20+00:00,320.0,3258.391,3258.33,3258.93,ETH
2026-01-07 08:20:21+00:00,321.0,3258.721,3258.47,3259.02,ETH
2026-01-07 08:20:22+00:00,322.0,3258.961,3258.66,3259.14,ETH
2026-01-07 08:20:23+00:00,323.0,3258.961,3258.76,3259.22,ETH
2026-01-07 08:20:24+00:00,324.0,3259.001,3258.82,3259.31,ETH
2026-01-07 08:20:25+00:00,325.0,3259.051,3258.87,3259.36,ETH
2026-01-07 08:20:26+00:00,326.0,3259.051,3258.86,3259.34,ETH
2026-01-07 08:20:27+00:00,327.0,3259.051,3258.86,3259.34,ETH
2026-01-07 08:20:28+00:00,328.0,3258.891,3258.8,3259.32,ETH
2026-01-07 08:20:29+00:00,329.0,3258.851,3258.77,3259.27,ETH
2026-01-07 08:20:30+00:00,330.0,3258.911,3258.81,3259.31,ETH
2026-01-07 08:20:31+00:00,331.0,3258.861,3258.83,3259.35,ETH
2026-01-07 08:20:32+00:00,332.0,3258.861,3258.85,3259.33,ETH
2026-01-07 08:20:34+00:00,334.0,3259.061,3258.86,3259.35,ETH
2026-01-07 08:20:35+00:00,335.0,3259.201,3259.11,3259.66,ETH
2026-01-07 08:20:36+00:00,336.0,3259.291,3259.18,3259.58,ETH
2026-01-07 08:20:37+00:00,337.0,3259.381,3259.31,3259.59,ETH
2026-01-07 08:20:38+00:00,338.0,3259.501,3259.37,3259.72,ETH
2026-01-07 08:20:39+00:00,339.0,3259.621,3259.44,3259.79,ETH
2026-01-07 08:20:40+00:00,340.0,3259.611,3259.5,3259.79,ETH
2026-01-07 08:20:41+00:00,341.0,3259.611,3259.5,3259.87,ETH
2026-01-07 08:20:42+00:00,342.0,3259.701,3259.59,3259.95,ETH
2026-01-07 08:20:43+00:00,343.0,3259.781,3259.73,3260.04,ETH
2026-01-07 08:20:44+00:00,344.0,3259.871,3259.86,3260.18,ETH
2026-01-07 08:20:45+00:00,345.0,3260.011,3259.98,3260.33,ETH
2026-01-07 08:20:46+00:00,346.0,3260.241,3260.15,3260.48,ETH
2026-01-07 08:20:47+00:00,347.0,3260.391,3260.27,3260.49,ETH
2026-01-07 08:20:48+00:00,348.0,3260.341,3260.23,3260.47,ETH
2026-01-07 08:20:49+00:00,349.0,3260.251,3260.17,3260.44,ETH
2026-01-07 08:20:50+00:00,350.0,3260.041,3260.03,3260.39,ETH
2026-01-07 08:20:51+00:00,351.0,3259.911,3259.9,3260.39,ETH
2026-01-07 08:20:52+00:00,352.0,3259.911,3259.9,3260.39,ETH
2026-01-07 08:20:53+00:00,353.0,3259.911,3259.9,3260.39,ETH
2026-01-07 08:20:54+00:00,354.0,3259.921,3259.9,3260.38,ETH
2026-01-07 08:20:55+00:00,355.0,3259.941,3259.9,3260.38,ETH
2026-01-07 08:20:56+00:00,356.0,3259.951,3259.9,3260.4,ETH
2026-01-07 08:20:57+00:00,357.0,3259.961,3259.9,3260.41,ETH
2026-01-07 08:20:58+00:00,358.0,3260.061,3260.02,3260.41,ETH
2026-01-07 08:20:59+00:00,359.0,3260.161,3260.13,3260.41,ETH
2026-01-07 08:21:00+00:00,360.0,3260.161,3260.16,3260.44,ETH
2026-01-07 08:21:01+00:00,361.0,3260.161,3260.16,3260.25,ETH
2026-01-07 08:21:02+00:00,362.0,3260.161,3260.16,3260.28,ETH
2026-01-07 08:21:03+00:00,363.0,3260.171,3260.16,3260.25,ETH
2026-01-07 08:21:04+00:00,364.0,3260.491,3260.24,3260.69,ETH
2026-01-07 08:21:05+00:00,365.0,3260.691,3260.57,3261.18,ETH
2026-01-07 08:21:06+00:00,366.0,3260.691,3260.67,3261.22,ETH
2026-01-07 08:21:07+00:00,367.0,3260.981,3260.71,3261.22,ETH
2026-01-07 08:21:08+00:00,368.0,3261.081,3260.92,3261.38,ETH
2026-01-07 08:21:09+00:00,369.0,3261.081,3260.95,3261.29,ETH
2026-01-07 08:21:10+00:00,370.0,3261.111,3260.95,3261.37,ETH
2026-01-07 08:21:11+00:00,371.0,3261.111,3260.95,3261.43,ETH
2026-01-07 08:21:12+00:00,372.0,3261.101,3260.96,3261.42,ETH
2026-01-07 08:21:13+00:00,373.0,3260.981,3260.95,3261.42,ETH
2026-01-07 08:21:14+00:00,374.0,3260.981,3260.89,3261.34,ETH
2026-01-07 08:21:15+00:00,375.0,3260.981,3260.9,3261.23,ETH
2026-01-07 08:21:16+00:00,376.0,3260.981,3260.94,3261.21,ETH
2026-01-07 08:21:17+00:00,377.0,3260.981,3260.9,3261.17,ETH
2026-01-07 08:21:18+00:00,378.0,3260.981,3260.89,3261.15,ETH
2026-01-07 08:21:19+00:00,379.0,3260.811,3260.63,3260.86,ETH
2026-01-07 08:21:20+00:00,380.0,3260.411,3260.4,3260.73,ETH
2026-01-07 08:21:21+00:00,381.0,3260.611,3260.54,3260.64,ETH
2026-01-07 08:21:22+00:00,382.0,3260.511,3260.51,3260.69,ETH
2026-01-07 08:21:23+00:00,383.0,3260.411,3260.4,3260.66,ETH
2026-01-07 08:21:24+00:00,384.0,3260.701,3260.62,3260.8,ETH
2026-01-07 08:21:26+00:00,386.0,3260.901,3260.83,3261.31,ETH
2026-01-07 08:21:27+00:00,387.0,3260.721,3260.45,3261.14,ETH
2026-01-07 08:21:28+00:00,388.0,3260.471,3260.4,3260.71,ETH
2026-01-07 08:21:29+00:00,389.0,3260.431,3260.42,3260.88,ETH
2026-01-07 08:21:30+00:00,390.0,3260.541,3260.54,3260.87,ETH
2026-01-07 08:21:31+00:00,391.0,3260.831,3260.77,3260.9,ETH
2026-01-07 08:21:32+00:00,392.0,3260.641,3260.63,3260.84,ETH
2026-01-07 08:21:33+00:00,393.0,3260.541,3260.49,3260.76,ETH
2026-01-07 08:21:34+00:00,394.0,3260.371,3260.2,3260.52,ETH
2026-01-07 08:21:35+00:00,395.0,3260.111,3260.11,3260.6,ETH
2026-01-07 08:21:36+00:00,396.0,3260.111,3260.11,3260.44,ETH
2026-01-07 08:21:37+00:00,397.0,3260.111,3260.11,3260.45,ETH
2026-01-07 08:21:38+00:00,398.0,3260.111,3260.11,3260.46,ETH
2026-01-07 08:21:39+00:00,399.0,3260.111,3260.11,3260.36,ETH
2026-01-07 08:21:40+00:00,400.0,3260.111,3260.11,3260.36,ETH
2026-01-07 08:21:41+00:00,401.0,3260.111,3260.11,3260.53,ETH
2026-01-07 08:21:42+00:00,402.0,3260.111,3260.11,3260.55,ETH
2026-01-07 08:21:43+00:00,403.0,3260.111,3260.1,3260.48,ETH
2026-01-07 08:21:44+00:00,404.0,3260.401,3260.35,3260.51,ETH
2026-01-07 08:21:45+00:00,405.0,3260.401,3260.39,3260.49,ETH
2026-01-07 08:21:46+00:00,406.0,3260.401,3260.39,3260.47,ETH
2026-01-07 08:21:47+00:00,407.0,3260.401,3260.39,3260.6,ETH
2026-01-07 08:21:48+00:00,408.0,3260.401,3260.4,3260.74,ETH
2026-01-07 08:21:49+00:00,409.0,3260.401,3260.4,3260.8,ETH
2026-01-07 08:21:50+00:00,410.0,3260.491,3260.4,3260.85,ETH
2026-01-07 08:21:51+00:00,411.0,3260.551,3260.4,3260.83,ETH
2026-01-07 08:21:52+00:00,412.0,3260.501,3260.4,3260.82,ETH
2026-01-07 08:21:53+00:00,413.0,3260.501,3260.4,3260.81,ETH
2026-01-07 08:21:54+00:00,414.0,3260.461,3260.4,3260.81,ETH
2026-01-07 08:21:55+00:00,415.0,3260.401,3260.4,3260.8,ETH
2026-01-07 08:21:56+00:00,416.0,3260.401,3260.4,3260.77,ETH
2026-01-07 08:21:57+00:00,417.0,3260.401,3260.4,3260.76,ETH
2026-01-07 08:21:58+00:00,418.0,3260.401,3260.4,3260.75,ETH
2026-01-07 08:21:59+00:00,419.0,3260.401,3260.4,3260.75,ETH
2026-01-07 08:22:00+00:00,420.0,3260.401,3260.4,3260.75,ETH
2026-01-07 08:22:01+00:00,421.0,3260.351,3260.25,3260.73,ETH
2026-01-07 08:22:02+00:00,422.0,3260.241,3260.11,3260.67,ETH
2026-01-07 08:22:03+00:00,423.0,3260.181,3260.1,3260.46,ETH
2026-01-07 08:22:04+00:00,424.0,3259.991,3259.95,3260.21,ETH
2026-01-07 08:22:05+00:00,425.0,3259.081,3259.08,3259.24,ETH
2026-01-07 08:22:06+00:00,426.0,3257.631,3257.51,3257.79,ETH
2026-01-07 08:22:07+00:00,427.0,3256.221,3256.09,3256.38,ETH
2026-01-07 08:22:08+00:00,428.0,3255.211,3255.18,3255.51,ETH
2026-01-07 08:22:09+00:00,429.0,3254.871,3254.86,3255.25,ETH
2026-01-07 08:22:10+00:00,430.0,3254.961,3254.93,3255.08,ETH
2026-01-07 08:22:11+00:00,431.0,3255.061,3255.0,3255.11,ETH
2026-01-07 08:22:12+00:00,432.0,3254.881,3254.87,3255.25,ETH
2026-01-07 08:22:13+00:00,433.0,3254.881,3254.87,3255.19,ETH
2026-01-07 08:22:14+00:00,434.0,3254.881,3254.87,3255.06,ETH
2026-01-07 08:22:15+00:00,435.0,3254.881,3254.87,3255.03,ETH
2026-01-07 08:22:16+00:00,436.0,3254.561,3254.55,3254.79,ETH
2026-01-07 08:22:17+00:00,437.0,3254.411,3254.41,3254.69,ETH
2026-01-07 08:22:18+00:00,438.0,3254.231,3254.22,3254.57,ETH
2026-01-07 08:22:19+00:00,439.0,3253.891,3253.85,3254.28,ETH
2026-01-07 08:22:20+00:00,440.0,3253.561,3253.51,3253.96,ETH
2026-01-07 08:22:21+00:00,441.0,3253.511,3253.51,3253.96,ETH
2026-01-07 08:22:22+00:00,442.0,3253.511,3253.51,3254.09,ETH
2026-01-07 08:22:23+00:00,443.0,3253.511,3253.51,3254.02,ETH
2026-01-07 08:22:24+00:00,444.0,3253.511,3253.51,3253.95,ETH
2026-01-07 08:22:25+00:00,445.0,3253.511,3253.51,3253.98,ETH
2026-01-07 08:22:26+00:00,446.0,3253.511,3253.51,3253.97,ETH
2026-01-07 08:22:27+00:00,447.0,3253.441,3253.43,3253.83,ETH
2026-01-07 08:22:28+00:00,448.0,3253.531,3253.49,3253.71,ETH
2026-01-07 08:22:29+00:00,449.0,3253.531,3253.49,3253.71,ETH
2026-01-07 08:22:30+00:00,450.0,3253.291,3253.2,3253.57,ETH
2026-01-07 08:22:31+00:00,451.0,3253.061,3252.98,3253.35,ETH
2026-01-07 08:22:32+00:00,452.0,3252.691,3252.68,3253.17,ETH
2026-01-07 08:22:33+00:00,453.0,3252.461,3252.46,3252.99,ETH
2026-01-07 08:22:34+00:00,454.0,3252.461,3252.46,3252.85,ETH
2026-01-07 08:22:35+00:00,455.0,3252.461,3252.46,3252.78,ETH
2026-01-07 08:22:36+00:00,456.0,3252.461,3252.46,3252.78,ETH
2026-01-07 08:22:37+00:00,457.0,3252.381,3252.38,3252.85,ETH
2026-01-07 08:22:38+00:00,458.0,3252.801,3252.68,3252.87,ETH
2026-01-07 08:22:39+00:00,459.0,3252.761,3252.75,3252.99,ETH
2026-01-07 08:22:40+00:00,460.0,3252.761,3252.75,3253.0,ETH
2026-01-07 08:22:41+00:00,461.0,3252.761,3252.75,3253.18,ETH
2026-01-07 08:22:42+00:00,462.0,3252.901,3252.89,3253.27,ETH
2026-01-07 08:22:43+00:00,463.0,3252.961,3252.95,3253.19,ETH
2026-01-07 08:22:44+00:00,464.0,3252.991,3252.98,3253.21,ETH
2026-01-07 08:22:45+00:00,465.0,3253.121,3253.12,3253.34,ETH
2026-01-07 08:22:46+00:00,466.0,3253.121,3253.12,3253.34,ETH
2026-01-07 08:22:47+00:00,467.0,3252.991,3252.98,3253.33,ETH
2026-01-07 08:22:48+00:00,468.0,3252.991,3252.98,3253.35,ETH
2026-01-07 08:22:49+00:00,469.0,3253.121,3253.12,3253.37,ETH
2026-01-07 08:22:50+00:00,470.0,3252.981,3252.97,3253.26,ETH
2026-01-07 08:22:51+00:00,471.0,3252.981,3252.97,3253.29,ETH
2026-01-07 08:22:52+00:00,472.0,3252.981,3252.97,3253.31,ETH
2026-01-07 08:22:53+00:00,473.0,3253.081,3253.08,3253.31,ETH
2026-01-07 08:22:54+00:00,474.0,3253.031,3253.03,3253.26,ETH
2026-01-07 08:22:55+00:00,475.0,3253.031,3253.03,3253.35,ETH
2026-01-07 08:22:56+00:00,476.0,3252.881,3252.83,3253.22,ETH
2026-01-07 08:22:57+00:00,477.0,3253.051,3253.05,3253.25,ETH
2026-01-07 08:22:58+00:00,478.0,3253.051,3253.05,3253.33,ETH
2026-01-07 08:22:59+00:00,479.0,3252.971,3252.96,3253.27,ETH
2026-01-07 08:23:00+00:00,480.0,3253.191,3253.13,3253.42,ETH
2026-01-07 08:23:01+00:00,481.0,3253.301,3253.22,3253.51,ETH
2026-01-07 08:23:02+00:00,482.0,3253.291,3253.26,3253.55,ETH
2026-01-07 08:23:03+00:00,483.0,3253.371,3253.37,3253.6,ETH
2026-01-07 08:23:04+00:00,484.0,3253.351,3253.34,3253.62,ETH
2026-01-07 08:23:06+00:00,486.0,3253.351,3253.34,3253.59,ETH
2026-01-07 08:23:07+00:00,487.0,3253.351,3253.34,3253.59,ETH
2026-01-07 08:23:08+00:00,488.0,3253.351,3253.34,3253.62,ETH
2026-01-07 08:23:09+00:00,489.0,3253.351,3253.32,3253.42,ETH
2026-01-07 08:23:10+00:00,490.0,3253.351,3253.34,3253.45,ETH
2026-01-07 08:23:11+00:00,491.0,3253.351,3253.34,3253.53,ETH
2026-01-07 08:23:12+00:00,492.0,3253.351,3253.34,3253.52,ETH
2026-01-07 08:23:13+00:00,493.0,3253.351,3253.34,3253.52,ETH
2026-01-07 08:23:14+00:00,494.0,3253.351,3253.34,3253.48,ETH
2026-01-07 08:23:15+00:00,495.0,3253.351,3253.34,3253.47,ETH
2026-01-07 08:23:16+00:00,496.0,3253.351,3253.34,3253.55,ETH
2026-01-07 08:23:17+00:00,497.0,3253.351,3253.34,3253.47,ETH
2026-01-07 08:23:18+00:00,498.0,3253.351,3253.34,3253.46,ETH
2026-01-07 08:23:19+00:00,499.0,3253.351,3253.34,3253.47,ETH
2026-01-07 08:23:20+00:00,500.0,3253.351,3253.34,3253.47,ETH
2026-01-07 08:23:21+00:00,501.0,3253.351,3253.34,3253.44,ETH
2026-01-07 08:23:22+00:00,502.0,3253.351,3253.34,3253.44,ETH
2026-01-07 08:23:23+00:00,503.0,3253.341,3253.32,3253.39,ETH
2026-01-07 08:23:24+00:00,504.0,3253.341,3253.31,3253.38,ETH
2026-01-07 08:23:25+00:00,505.0,3253.341,3253.32,3253.38,ETH
2026-01-07 08:23:26+00:00,506.0,3253.221,3253.21,3253.39,ETH
2026-01-07 08:23:27+00:00,507.0,3253.111,3253.1,3253.41,ETH
2026-01-07 08:23:28+00:00,508.0,3253.111,3253.1,3253.41,ETH
2026-01-07 08:23:29+00:00,509.0,3253.111,3253.1,3253.4,ETH
2026-01-07 08:23:30+00:00,510.0,3253.111,3253.1,3253.39,ETH
2026-01-07 08:23:31+00:00,511.0,3253.111,3253.1,3253.39,ETH
2026-01-07 08:23:32+00:00,512.0,3253.111,3253.1,3253.38,ETH
2026-01-07 08:23:33+00:00,513.0,3253.221,3253.21,3253.4,ETH
2026-01-07 08:23:34+00:00,514.0,3253.341,3253.33,3253.43,ETH
2026-01-07 08:23:35+00:00,515.0,3253.341,3253.33,3253.44,ETH
2026-01-07 08:23:36+00:00,516.0,3253.341,3253.33,3253.43,ETH
2026-01-07 08:23:37+00:00,517.0,3253.341,3253.33,3253.42,ETH
2026-01-07 08:23:38+00:00,518.0,3253.371,3253.35,3253.45,ETH
2026-01-07 08:23:39+00:00,519.0,3253.821,3253.69,3253.85,ETH
2026-01-07 08:23:40+00:00,520.0,3254.231,3254.11,3254.36,ETH
2026-01-07 08:23:41+00:00,521.0,3254.231,3254.22,3254.53,ETH
2026-01-07 08:23:42+00:00,522.0,3254.231,3254.22,3254.64,ETH
2026-01-07 08:23:43+00:00,523.0,3254.231,3254.22,3254.71,ETH
2026-01-07 08:23:44+00:00,524.0,3254.381,3254.34,3254.72,ETH
2026-01-07 08:23:45+00:00,525.0,3254.531,3254.49,3254.79,ETH
2026-01-07 08:23:46+00:00,526.0,3254.531,3254.52,3254.87,ETH
2026-01-07 08:23:47+00:00,527.0,3254.531,3254.5,3254.87,ETH
2026-01-07 08:23:48+00:00,528.0,3254.531,3254.51,3254.89,ETH
2026-01-07 08:23:49+00:00,529.0,3254.531,3254.51,3254.87,ETH
2026-01-07 08:23:50+00:00,530.0,3254.531,3254.51,3254.86,ETH
2026-01-07 08:23:51+00:00,531.0,3254.531,3254.51,3254.87,ETH
2026-01-07 08:23:52+00:00,532.0,3254.531,3254.51,3254.87,ETH
2026-01-07 08:23:53+00:00,533.0,3254.531,3254.51,3254.88,ETH
2026-01-07 08:23:54+00:00,534.0,3254.531,3254.46,3254.89,ETH
2026-01-07 08:23:55+00:00,535.0,3254.531,3254.46,3254.9,ETH
2026-01-07 08:23:56+00:00,536.0,3254.531,3254.51,3254.98,ETH
2026-01-07 08:23:57+00:00,537.0,3254.531,3254.52,3254.92,ETH
2026-01-07 08:23:58+00:00,538.0,3254.531,3254.52,3254.95,ETH
2026-01-07 08:23:59+00:00,539.0,3254.531,3254.52,3254.99,ETH
2026-01-07 08:24:00+00:00,540.0,3254.531,3254.52,3254.94,ETH
2026-01-07 08:24:01+00:00,541.0,3254.531,3254.52,3254.82,ETH
2026-01-07 08:24:02+00:00,542.0,3254.531,3254.52,3254.86,ETH
2026-01-07 08:24:03+00:00,543.0,3254.531,3254.52,3254.86,ETH
2026-01-07 08:24:04+00:00,544.0,3254.531,3254.52,3254.87,ETH
2026-01-07 08:24:05+00:00,545.0,3254.531,3254.52,3254.87,ETH
2026-01-07 08:24:06+00:00,546.0,3254.531,3254.52,3255.01,ETH
2026-01-07 08:24:07+00:00,547.0,3254.531,3254.52,3254.91,ETH
2026-01-07 08:24:08+00:00,548.0,3254.561,3254.55,3254.96,ETH
2026-01-07 08:24:09+00:00,549.0,3254.691,3254.61,3255.0,ETH
2026-01-07 08:24:10+00:00,550.0,3254.771,3254.63,3254.99,ETH
2026-01-07 08:24:11+00:00,551.0,3254.771,3254.63,3254.99,ETH
2026-01-07 08:24:12+00:00,552.0,3254.771,3254.63,3254.97,ETH
2026-01-07 08:24:13+00:00,553.0,3254.771,3254.63,3254.98,ETH
2026-01-07 08:24:14+00:00,554.0,3254.771,3254.63,3255.0,ETH
2026-01-07 08:24:15+00:00,555.0,3254.771,3254.63,3254.95,ETH
2026-01-07 08:24:16+00:00,556.0,3254.771,3254.62,3254.95,ETH
2026-01-07 08:24:17+00:00,557.0,3254.771,3254.62,3254.96,ETH
2026-01-07 08:24:18+00:00,558.0,3254.771,3254.62,3254.98,ETH
2026-01-07 08:24:19+00:00,559.0,3254.771,3254.62,3254.94,ETH
2026-01-07 08:24:20+00:00,560.0,3254.771,3254.62,3255.01,ETH
2026-01-07 08:24:21+00:00,561.0,3254.771,3254.62,3254.98,ETH
2026-01-07 08:24:22+00:00,562.0,3254.771,3254.63,3254.98,ETH
2026-01-07 08:24:23+00:00,563.0,3254.771,3254.63,3254.97,ETH
2026-01-07 08:24:24+00:00,564.0,3254.771,3254.63,3254.97,ETH
2026-01-07 08:24:25+00:00,565.0,3254.321,3254.11,3254.78,ETH
2026-01-07 08:24:26+00:00,566.0,3254.111,3254.11,3254.5,ETH
2026-01-07 08:24:27+00:00,567.0,3254.111,3254.11,3254.35,ETH
2026-01-07 08:24:28+00:00,568.0,3254.111,3254.11,3254.29,ETH
2026-01-07 08:24:29+00:00,569.0,3254.031,3253.98,3254.11,ETH
2026-01-07 08:24:30+00:00,570.0,3254.111,3254.1,3254.31,ETH
2026-01-07 08:24:31+00:00,571.0,3254.111,3254.1,3254.24,ETH
2026-01-07 08:24:32+00:00,572.0,3254.091,3253.89,3254.15,ETH
2026-01-07 08:24:33+00:00,573.0,3254.091,3253.88,3254.15,ETH
2026-01-07 08:24:34+00:00,574.0,3253.801,3253.8,3254.1,ETH
2026-01-07 08:24:35+00:00,575.0,3253.651,3253.63,3253.87,ETH
2026-01-07 08:24:36+00:00,576.0,3253.511,3253.5,3253.85,ETH
2026-01-07 08:24:37+00:00,577.0,3253.361,3253.36,3253.85,ETH
2026-01-07 08:24:38+00:00,578.0,3253.221,3253.21,3253.76,ETH
2026-01-07 08:24:39+00:00,579.0,3253.101,3252.99,3253.5,ETH
2026-01-07 08:24:40+00:00,580.0,3252.881,3252.77,3253.28,ETH
2026-01-07 08:24:41+00:00,581.0,3252.771,3252.77,3253.2,ETH
2026-01-07 08:24:42+00:00,582.0,3252.771,3252.77,3253.18,ETH
2026-01-07 08:24:43+00:00,583.0,3252.771,3252.77,3253.23,ETH
2026-01-07 08:24:44+00:00,584.0,3252.891,3252.89,3253.26,ETH
2026-01-07 08:24:45+00:00,585.0,3253.021,3253.01,3253.29,ETH
2026-01-07 08:24:46+00:00,586.0,3253.081,3253.06,3253.34,ETH
2026-01-07 08:24:47+00:00,587.0,3253.141,3253.12,3253.37,ETH
2026-01-07 08:24:48+00:00,588.0,3253.081,3253.08,3253.37,ETH
2026-01-07 08:24:49+00:00,589.0,3253.011,3252.98,3253.37,ETH
2026-01-07 08:24:50+00:00,590.0,3252.961,3252.93,3253.4,ETH
2026-01-07 08:24:51+00:00,591.0,3252.931,3252.93,3253.38,ETH
2026-01-07 08:24:52+00:00,592.0,3252.931,3252.93,3253.3,ETH
2026-01-07 08:24:53+00:00,593.0,3252.931,3252.93,3253.3,ETH
2026-01-07 08:24:54+00:00,594.0,3252.931,3252.93,3253.3,ETH
2026-01-07 08:24:55+00:00,595.0,3252.931,3252.93,3253.22,ETH
2026-01-07 08:24:56+00:00,596.0,3252.931,3252.93,3253.15,ETH
2026-01-07 08:24:57+00:00,597.0,3252.931,3252.93,3253.17,ETH
2026-01-07 08:24:58+00:00,598.0,3252.981,3252.98,3253.22,ETH
2026-01-07 08:24:59+00:00,599.0,3253.031,3253.02,3253.23,ETH
2026-01-07 08:25:00+00:00,600.0,3253.031,3253.02,3253.32,ETH
2026-01-07 08:25:01+00:00,601.0,3253.201,3253.19,3253.37,ETH
2026-01-07 08:25:02+00:00,602.0,3252.931,3252.62,3253.17,ETH
2026-01-07 08:25:03+00:00,603.0,3251.621,3251.6,3252.06,ETH
2026-01-07 08:25:04+00:00,604.0,3251.591,3251.58,3252.03,ETH
2026-01-07 08:25:05+00:00,605.0,3251.581,3251.58,3252.06,ETH
2026-01-07 08:25:06+00:00,606.0,3251.631,3251.63,3252.1,ETH
2026-01-07 08:25:07+00:00,607.0,3251.771,3251.75,3252.15,ETH
2026-01-07 08:25:08+00:00,608.0,3251.941,3251.91,3252.22,ETH
2026-01-07 08:25:09+00:00,609.0,3252.051,3251.98,3252.25,ETH
2026-01-07 08:25:10+00:00,610.0,3252.021,3251.98,3252.27,ETH
2026-01-07 08:25:11+00:00,611.0,3251.981,3251.97,3252.29,ETH
2026-01-07 08:25:12+00:00,612.0,3251.951,3251.91,3252.27,ETH
2026-01-07 08:25:13+00:00,613.0,3251.961,3251.92,3252.24,ETH
2026-01-07 08:25:14+00:00,614.0,3252.001,3251.99,3252.19,ETH
2026-01-07 08:25:15+00:00,615.0,3251.951,3251.95,3252.15,ETH
2026-01-07 08:25:16+00:00,616.0,3251.881,3251.88,3252.13,ETH
2026-01-07 08:25:17+00:00,617.0,3251.851,3251.85,3252.11,ETH
2026-01-07 08:25:18+00:00,618.0,3251.851,3251.85,3252.08,ETH
2026-01-07 08:25:19+00:00,619.0,3251.851,3251.85,3252.1,ETH
2026-01-07 08:25:20+00:00,620.0,3251.851,3251.85,3252.13,ETH
2026-01-07 08:25:21+00:00,621.0,3251.851,3251.85,3252.12,ETH
2026-01-07 08:25:22+00:00,622.0,3251.851,3251.85,3252.11,ETH
2026-01-07 08:25:23+00:00,623.0,3251.851,3251.85,3252.0,ETH
2026-01-07 08:25:24+00:00,624.0,3251.711,3251.7,3251.97,ETH
2026-01-07 08:25:25+00:00,625.0,3251.711,3251.7,3251.98,ETH
2026-01-07 08:25:26+00:00,626.0,3251.711,3251.7,3252.03,ETH
2026-01-07 08:25:27+00:00,627.0,3251.711,3251.7,3252.03,ETH
2026-01-07 08:25:28+00:00,628.0,3251.441,3251.41,3251.64,ETH
2026-01-07 08:25:29+00:00,629.0,3251.161,3251.11,3251.3,ETH
2026-01-07 08:25:30+00:00,630.0,3251.141,3251.11,3251.32,ETH
2026-01-07 08:25:31+00:00,631.0,3251.131,3251.11,3251.34,ETH
2026-01-07 08:25:32+00:00,632.0,3251.081,3251.07,3251.29,ETH
2026-01-07 08:25:33+00:00,633.0,3250.891,3250.88,3251.11,ETH
2026-01-07 08:25:34+00:00,634.0,3250.741,3250.73,3250.99,ETH
2026-01-07 08:25:35+00:00,635.0,3250.741,3250.73,3250.96,ETH
2026-01-07 08:25:36+00:00,636.0,3250.741,3250.73,3250.91,ETH
2026-01-07 08:25:37+00:00,637.0,3250.741,3250.73,3250.89,ETH
2026-01-07 08:25:38+00:00,638.0,3250.741,3250.73,3250.93,ETH
2026-01-07 08:25:39+00:00,639.0,3250.741,3250.73,3250.94,ETH
2026-01-07 08:25:40+00:00,640.0,3250.831,3250.8,3250.99,ETH
2026-01-07 08:25:41+00:00,641.0,3250.871,3250.84,3251.03,ETH
2026-01-07 08:25:42+00:00,642.0,3250.821,3250.81,3250.99,ETH
2026-01-07 08:25:43+00:00,643.0,3250.811,3250.81,3250.97,ETH
2026-01-07 08:25:44+00:00,644.0,3250.811,3250.81,3250.95,ETH
2026-01-07 08:25:45+00:00,645.0,3250.811,3250.81,3250.94,ETH
2026-01-07 08:25:46+00:00,646.0,3250.881,3250.86,3250.97,ETH
2026-01-07 08:25:47+00:00,647.0,3250.951,3250.9,3251.01,ETH
2026-01-07 08:25:48+00:00,648.0,3250.941,3250.91,3251.0,ETH
2026-01-07 08:25:49+00:00,649.0,3250.941,3250.92,3250.99,ETH
2026-01-07 08:25:50+00:00,650.0,3250.821,3250.81,3250.98,ETH
2026-01-07 08:25:51+00:00,651.0,3250.821,3250.81,3250.94,ETH
2026-01-07 08:25:52+00:00,652.0,3250.821,3250.81,3250.91,ETH
2026-01-07 08:25:53+00:00,653.0,3250.751,3250.73,3250.77,ETH
2026-01-07 08:25:54+00:00,654.0,3250.661,3250.6,3250.73,ETH
2026-01-07 08:25:55+00:00,655.0,3250.621,3250.61,3250.71,ETH
2026-01-07 08:25:56+00:00,656.0,3250.621,3250.61,3250.7,ETH
2026-01-07 08:25:57+00:00,657.0,3250.611,3250.57,3250.67,ETH
2026-01-07 08:25:58+00:00,658.0,3250.521,3250.48,3250.59,ETH
2026-01-07 08:25:59+00:00,659.0,3250.591,3250.55,3250.63,ETH
2026-01-07 08:26:00+00:00,660.0,3250.561,3250.52,3250.62,ETH
2026-01-07 08:26:01+00:00,661.0,3250.741,3250.69,3250.92,ETH
2026-01-07 08:26:02+00:00,662.0,3250.911,3250.89,3250.98,ETH
2026-01-07 08:26:03+00:00,663.0,3250.921,3250.91,3251.03,ETH
2026-01-07 08:26:04+00:00,664.0,3250.921,3250.91,3251.04,ETH
2026-01-07 08:26:05+00:00,665.0,3250.921,3250.91,3251.1,ETH
2026-01-07 08:26:06+00:00,666.0,3250.921,3250.92,3251.11,ETH
2026-01-07 08:26:07+00:00,667.0,3251.251,3251.14,3251.39,ETH
2026-01-07 08:26:08+00:00,668.0,3251.681,3251.63,3251.8,ETH
2026-01-07 08:26:09+00:00,669.0,3251.681,3251.68,3251.77,ETH
2026-01-07 08:26:10+00:00,670.0,3251.681,3251.68,3251.77,ETH
2026-01-07 08:26:11+00:00,671.0,3251.721,3251.69,3251.85,ETH
2026-01-07 08:26:12+00:00,672.0,3251.711,3251.66,3251.85,ETH
2026-01-07 08:26:13+00:00,673.0,3251.851,3251.7,3251.89,ETH
2026-01-07 08:26:14+00:00,674.0,3251.851,3251.7,3251.88,ETH
2026-01-07 08:26:15+00:00,675.0,3251.851,3251.7,3251.88,ETH
2026-01-07 08:26:16+00:00,676.0,3251.851,3251.7,3251.9,ETH
2026-01-07 08:26:17+00:00,677.0,3251.851,3251.7,3251.88,ETH
2026-01-07 08:26:18+00:00,678.0,3251.851,3251.72,3251.91,ETH
2026-01-07 08:26:19+00:00,679.0,3251.851,3251.72,3251.93,ETH
2026-01-07 08:26:20+00:00,680.0,3251.851,3251.74,3251.93,ETH
2026-01-07 08:26:21+00:00,681.0,3251.851,3251.72,3251.93,ETH
2026-01-07 08:26:22+00:00,682.0,3251.851,3251.74,3251.93,ETH
2026-01-07 08:26:23+00:00,683.0,3251.941,3251.74,3252.06,ETH
2026-01-07 08:26:24+00:00,684.0,3251.661,3251.65,3251.82,ETH
2026-01-07 08:26:25+00:00,685.0,3251.661,3251.65,3251.88,ETH
2026-01-07 08:26:26+00:00,686.0,3251.661,3251.65,3252.01,ETH
2026-01-07 08:26:27+00:00,687.0,3251.931,3251.92,3252.11,ETH
2026-01-07 08:26:28+00:00,688.0,3251.931,3251.92,3252.12,ETH
2026-01-07 08:26:29+00:00,689.0,3251.931,3251.92,3252.11,ETH
2026-01-07 08:26:30+00:00,690.0,3251.931,3251.92,3252.11,ETH
2026-01-07 08:26:31+00:00,691.0,3251.931,3251.92,3252.11,ETH
2026-01-07 08:26:32+00:00,692.0,3251.931,3251.92,3252.11,ETH
2026-01-07 08:26:33+00:00,693.0,3251.881,3251.83,3252.1,ETH
2026-01-07 08:26:34+00:00,694.0,3251.741,3251.71,3251.96,ETH
2026-01-07 08:26:35+00:00,695.0,3251.711,3251.7,3251.83,ETH
2026-01-07 08:26:36+00:00,696.0,3251.521,3251.49,3251.6,ETH
2026-01-07 08:26:37+00:00,697.0,3251.321,3251.29,3251.41,ETH
2026-01-07 08:26:38+00:00,698.0,3251.371,3251.35,3251.44,ETH
2026-01-07 08:26:39+00:00,699.0,3251.401,3251.38,3251.46,ETH
2026-01-07 08:26:40+00:00,700.0,3251.401,3251.37,3251.46,ETH
2026-01-07 08:26:41+00:00,701.0,3251.411,3251.39,3251.51,ETH
2026-01-07 08:26:42+00:00,702.0,3251.411,3251.4,3251.54,ETH
2026-01-07 08:26:43+00:00,703.0,3251.411,3251.4,3251.55,ETH
2026-01-07 08:26:44+00:00,704.0,3251.411,3251.4,3251.58,ETH
2026-01-07 08:26:45+00:00,705.0,3251.411,3251.4,3251.59,ETH
2026-01-07 08:26:46+00:00,706.0,3251.411,3251.4,3251.6,ETH
2026-01-07 08:26:47+00:00,707.0,3251.411,3251.4,3251.61,ETH
2026-01-07 08:26:48+00:00,708.0,3251.411,3251.4,3251.6,ETH
2026-01-07 08:26:49+00:00,709.0,3251.411,3251.4,3251.61,ETH
2026-01-07 08:26:50+00:00,710.0,3251.551,3251.44,3251.68,ETH
2026-01-07 08:26:51+00:00,711.0,3251.751,3251.61,3251.84,ETH
2026-01-07 08:26:52+00:00,712.0,3251.841,3251.77,3251.93,ETH
2026-01-07 08:26:53+00:00,713.0,3251.871,3251.84,3251.94,ETH
2026-01-07 08:26:54+00:00,714.0,3251.851,3251.83,3251.92,ETH
2026-01-07 08:26:55+00:00,715.0,3251.811,3251.78,3251.88,ETH
2026-01-07 08:26:56+00:00,716.0,3251.831,3251.8,3251.88,ETH
2026-01-07 08:26:57+00:00,717.0,3251.851,3251.82,3251.89,ETH
2026-01-07 08:26:58+00:00,718.0,3251.871,3251.83,3251.9,ETH
2026-01-07 08:26:59+00:00,719.0,3251.861,3251.83,3251.89,ETH
2026-01-07 08:27:00+00:00,720.0,3251.941,3251.87,3252.01,ETH
2026-01-07 08:27:01+00:00,721.0,3252.041,3251.93,3252.12,ETH
2026-01-07 08:27:02+00:00,722.0,3252.001,3251.94,3252.09,ETH
2026-01-07 08:27:03+00:00,723.0,3252.151,3252.1,3252.25,ETH
2026-01-07 08:27:04+00:00,724.0,3252.391,3252.32,3252.43,ETH
2026-01-07 08:27:05+00:00,725.0,3252.451,3252.38,3252.47,ETH
2026-01-07 08:27:06+00:00,726.0,3252.451,3252.42,3252.52,ETH
2026-01-07 08:27:07+00:00,727.0,3252.531,3252.5,3252.62,ETH
2026-01-07 08:27:08+00:00,728.0,3252.591,3252.57,3252.76,ETH
2026-01-07 08:27:09+00:00,729.0,3252.591,3252.59,3252.82,ETH
2026-01-07 08:27:10+00:00,730.0,3252.631,3252.6,3252.78,ETH
2026-01-07 08:27:11+00:00,731.0,3252.671,3252.63,3252.74,ETH
2026-01-07 08:27:12+00:00,732.0,3252.681,3252.64,3252.74,ETH
2026-01-07 08:27:13+00:00,733.0,3252.751,3252.69,3252.81,ETH
2026-01-07 08:27:14+00:00,734.0,3252.761,3252.7,3252.85,ETH
2026-01-07 08:27:15+00:00,735.0,3252.701,3252.67,3252.86,ETH
2026-01-07 08:27:16+00:00,736.0,3252.831,3252.8,3252.99,ETH
2026-01-07 08:27:17+00:00,737.0,3252.981,3252.94,3253.09,ETH
2026-01-07 08:27:18+00:00,738.0,3252.981,3252.93,3253.09,ETH
2026-01-07 08:27:19+00:00,739.0,3252.961,3252.92,3253.08,ETH
2026-01-07 08:27:20+00:00,740.0,3252.971,3252.94,3253.08,ETH
2026-01-07 08:27:21+00:00,741.0,3252.981,3252.94,3253.08,ETH
2026-01-07 08:27:22+00:00,742.0,3252.981,3252.94,3253.08,ETH
2026-01-07 08:27:23+00:00,743.0,3253.011,3252.95,3253.08,ETH
2026-01-07 08:27:24+00:00,744.0,3253.041,3252.96,3253.08,ETH
2026-01-07 08:27:25+00:00,745.0,3253.051,3252.96,3253.1,ETH
2026-01-07 08:27:26+00:00,746.0,3253.011,3252.94,3253.1,ETH
2026-01-07 08:27:27+00:00,747.0,3252.961,3252.92,3253.08,ETH
2026-01-07 08:27:28+00:00,748.0,3253.001,3252.94,3253.13,ETH
2026-01-07 08:27:29+00:00,749.0,3253.181,3253.01,3253.33,ETH
2026-01-07 08:27:30+00:00,750.0,3253.321,3253.17,3253.48,ETH
2026-01-07 08:27:31+00:00,751.0,3253.351,3253.31,3253.48,ETH
2026-01-07 08:27:32+00:00,752.0,3253.341,3253.31,3253.48,ETH
2026-01-07 08:27:33+00:00,753.0,3253.331,3253.29,3253.48,ETH
2026-01-07 08:27:34+00:00,754.0,3253.331,3253.29,3253.48,ETH
2026-01-07 08:27:35+00:00,755.0,3253.361,3253.31,3253.48,ETH
2026-01-07 08:27:36+00:00,756.0,3253.421,3253.32,3253.48,ETH
2026-01-07 08:27:37+00:00,757.0,3253.461,3253.34,3253.6,ETH
2026-01-07 08:27:38+00:00,758.0,3253.481,3253.4,3253.64,ETH
2026-01-07 08:27:39+00:00,759.0,3253.511,3253.46,3253.63,ETH
2026-01-07 08:27:40+00:00,760.0,3253.651,3253.53,3253.75,ETH
2026-01-07 08:27:41+00:00,761.0,3253.771,3253.55,3253.82,ETH
2026-01-07 08:27:42+00:00,762.0,3253.771,3253.54,3253.82,ETH
2026-01-07 08:27:43+00:00,763.0,3253.751,3253.55,3253.81,ETH
2026-01-07 08:27:44+00:00,764.0,3253.731,3253.55,3253.82,ETH
2026-01-07 08:27:45+00:00,765.0,3253.731,3253.55,3253.87,ETH
2026-01-07 08:27:46+00:00,766.0,3253.711,3253.56,3253.81,ETH
2026-01-07 08:27:47+00:00,767.0,3253.691,3253.56,3253.74,ETH
2026-01-07 08:27:48+00:00,768.0,3253.681,3253.56,3253.73,ETH
2026-01-07 08:27:49+00:00,769.0,3253.691,3253.6,3253.73,ETH
2026-01-07 08:27:50+00:00,770.0,3253.691,3253.65,3253.76,ETH
2026-01-07 08:27:51+00:00,771.0,3253.681,3253.65,3253.77,ETH
2026-01-07 08:27:52+00:00,772.0,3253.661,3253.64,3253.77,ETH
2026-01-07 08:27:53+00:00,773.0,3253.631,3253.62,3253.77,ETH
2026-01-07 08:27:54+00:00,774.0,3253.621,3253.62,3253.75,ETH
2026-01-07 08:27:55+00:00,775.0,3253.561,3253.56,3253.71,ETH
2026-01-07 08:27:56+00:00,776.0,3253.501,3253.49,3253.7,ETH
2026-01-07 08:27:57+00:00,777.0,3253.501,3253.5,3253.68,ETH
2026-01-07 08:27:58+00:00,778.0,3253.511,3253.5,3253.65,ETH
2026-01-07 08:27:59+00:00,779.0,3253.511,3253.5,3253.65,ETH
2026-01-07 08:28:00+00:00,780.0,3253.511,3253.5,3253.69,ETH
2026-01-07 08:28:01+00:00,781.0,3253.511,3253.5,3253.71,ETH
2026-01-07 08:28:02+00:00,782.0,3253.511,3253.5,3253.69,ETH
2026-01-07 08:28:03+00:00,783.0,3253.511,3253.5,3253.67,ETH
2026-01-07 08:28:04+00:00,784.0,3253.511,3253.5,3253.67,ETH
2026-01-07 08:28:05+00:00,785.0,3253.511,3253.5,3253.68,ETH
2026-01-07 08:28:06+00:00,786.0,3253.511,3253.5,3253.69,ETH
2026-01-07 08:28:07+00:00,787.0,3253.491,3253.46,3253.6,ETH
2026-01-07 08:28:08+00:00,788.0,3253.491,3253.45,3253.53,ETH
2026-01-07 08:28:09+00:00,789.0,3253.511,3253.48,3253.55,ETH
2026-01-07 08:28:10+00:00,790.0,3253.511,3253.48,3253.54,ETH
2026-01-07 08:28:11+00:00,791.0,3253.511,3253.49,3253.54,ETH
2026-01-07 08:28:12+00:00,792.0,3253.511,3253.49,3253.54,ETH
2026-01-07 08:28:13+00:00,793.0,3253.511,3253.5,3253.55,ETH
2026-01-07 08:28:14+00:00,794.0,3253.511,3253.5,3253.57,ETH
2026-01-07 08:28:15+00:00,795.0,3253.551,3253.53,3253.63,ETH
2026-01-07 08:28:16+00:00,796.0,3253.631,3253.58,3253.71,ETH
2026-01-07 08:28:17+00:00,797.0,3253.681,3253.62,3253.72,ETH
2026-01-07 08:28:18+00:00,798.0,3253.681,3253.62,3253.75,ETH
2026-01-07 08:28:19+00:00,799.0,3253.691,3253.62,3253.81,ETH
2026-01-07 08:28:20+00:00,800.0,3253.691,3253.62,3253.78,ETH
2026-01-07 08:28:21+00:00,801.0,3253.691,3253.62,3253.73,ETH
2026-01-07 08:28:22+00:00,802.0,3253.661,3253.61,3253.74,ETH
2026-01-07 08:28:23+00:00,803.0,3253.631,3253.6,3253.75,ETH
2026-01-07 08:28:24+00:00,804.0,3253.631,3253.6,3253.74,ETH
2026-01-07 08:28:25+00:00,805.0,3253.631,3253.6,3253.71,ETH
2026-01-07 08:28:26+00:00,806.0,3253.631,3253.59,3253.72,ETH
2026-01-07 08:28:27+00:00,807.0,3253.631,3253.58,3253.74,ETH
2026-01-07 08:28:28+00:00,808.0,3253.631,3253.58,3253.75,ETH
2026-01-07 08:28:29+00:00,809.0,3253.631,3253.59,3253.76,ETH
2026-01-07 08:28:30+00:00,810.0,3253.631,3253.6,3253.73,ETH
2026-01-07 08:28:31+00:00,811.0,3253.631,3253.6,3253.7,ETH
2026-01-07 08:28:32+00:00,812.0,3253.631,3253.6,3253.72,ETH
2026-01-07 08:28:33+00:00,813.0,3253.631,3253.6,3253.73,ETH
2026-01-07 08:28:34+00:00,814.0,3253.631,3253.6,3253.71,ETH
2026-01-07 08:28:35+00:00,815.0,3253.691,3253.61,3253.71,ETH
2026-01-07 08:28:36+00:00,816.0,3253.631,3253.61,3253.72,ETH
2026-01-07 08:28:37+00:00,817.0,3253.631,3253.6,3253.77,ETH
2026-01-07 08:28:38+00:00,818.0,3253.631,3253.6,3253.8,ETH
2026-01-07 08:28:39+00:00,819.0,3253.631,3253.6,3253.77,ETH
2026-01-07 08:28:40+00:00,820.0,3253.631,3253.6,3253.76,ETH
2026-01-07 08:28:41+00:00,821.0,3253.631,3253.6,3253.75,ETH
2026-01-07 08:28:42+00:00,822.0,3253.631,3253.6,3253.85,ETH
2026-01-07 08:28:43+00:00,823.0,3253.631,3253.63,3253.84,ETH
2026-01-07 08:28:44+00:00,824.0,3253.921,3253.67,3253.96,ETH
2026-01-07 08:28:45+00:00,825.0,3253.921,3253.74,3253.99,ETH
2026-01-07 08:28:46+00:00,826.0,3254.001,3253.75,3254.07,ETH
2026-01-07 08:28:47+00:00,827.0,3254.061,3253.92,3254.14,ETH
2026-01-07 08:28:48+00:00,828.0,3254.011,3253.94,3254.08,ETH
2026-01-07 08:28:49+00:00,829.0,3254.001,3253.96,3254.08,ETH
2026-01-07 08:28:50+00:00,830.0,3254.001,3253.97,3254.08,ETH
2026-01-07 08:28:51+00:00,831.0,3254.081,3253.97,3254.15,ETH
2026-01-07 08:28:52+00:00,832.0,3254.081,3253.97,3254.17,ETH
2026-01-07 08:28:53+00:00,833.0,3254.071,3253.96,3254.15,ETH
2026-01-07 08:28:54+00:00,834.0,3254.071,3253.95,3254.18,ETH
2026-01-07 08:28:55+00:00,835.0,3254.071,3253.95,3254.15,ETH
2026-01-07 08:28:56+00:00,836.0,3254.071,3253.95,3254.15,ETH
2026-01-07 08:28:57+00:00,837.0,3254.071,3253.96,3254.15,ETH
2026-01-07 08:28:58+00:00,838.0,3254.071,3253.96,3254.14,ETH
2026-01-07 08:28:59+00:00,839.0,3254.071,3253.96,3254.11,ETH
2026-01-07 08:29:00+00:00,840.0,3254.181,3253.93,3254.23,ETH
2026-01-07 08:29:01+00:00,841.0,3254.351,3254.08,3254.45,ETH
2026-01-07 08:29:03+00:00,843.0,3254.601,3254.54,3254.63,ETH
2026-01-07 08:29:04+00:00,844.0,3254.561,3254.53,3254.84,ETH
2026-01-07 08:29:05+00:00,845.0,3254.731,3254.69,3254.84,ETH
2026-01-07 08:29:06+00:00,846.0,3254.731,3254.69,3254.84,ETH
2026-01-07 08:29:07+00:00,847.0,3254.541,3254.53,3254.6,ETH
2026-01-07 08:29:08+00:00,848.0,3254.311,3254.25,3254.54,ETH
2026-01-07 08:29:09+00:00,849.0,3254.311,3254.26,3254.53,ETH
2026-01-07 08:29:10+00:00,850.0,3254.321,3254.28,3254.53,ETH
2026-01-07 08:29:11+00:00,851.0,3254.331,3254.29,3254.53,ETH
2026-01-07 08:29:12+00:00,852.0,3254.321,3254.28,3254.53,ETH
2026-01-07 08:29:13+00:00,853.0,3254.311,3254.28,3254.53,ETH
2026-01-07 08:29:14+00:00,854.0,3254.291,3254.26,3254.53,ETH
2026-01-07 08:29:15+00:00,855.0,3254.341,3254.29,3254.53,ETH
2026-01-07 08:29:16+00:00,856.0,3254.221,3254.19,3254.53,ETH
2026-01-07 08:29:17+00:00,857.0,3254.531,3254.39,3254.54,ETH
2026-01-07 08:29:18+00:00,858.0,3254.531,3254.52,3254.76,ETH
2026-01-07 08:29:19+00:00,859.0,3254.671,3254.63,3254.83,ETH
2026-01-07 08:29:20+00:00,860.0,3254.901,3254.67,3254.98,ETH
2026-01-07 08:29:21+00:00,861.0,3255.051,3254.85,3255.12,ETH
2026-01-07 08:29:22+00:00,862.0,3255.021,3254.97,3255.12,ETH
2026-01-07 08:29:23+00:00,863.0,3254.991,3254.96,3255.12,ETH
2026-01-07 08:29:24+00:00,864.0,3255.061,3254.98,3255.13,ETH
2026-01-07 08:29:25+00:00,865.0,3255.081,3255.0,3255.14,ETH
2026-01-07 08:29:26+00:00,866.0,3255.111,3255.04,3255.18,ETH
2026-01-07 08:29:27+00:00,867.0,3255.141,3255.07,3255.23,ETH
2026-01-07 08:29:28+00:00,868.0,3255.161,3255.13,3255.24,ETH
2026-01-07 08:29:29+00:00,869.0,3255.381,3255.21,3255.43,ETH
2026-01-07 08:29:30+00:00,870.0,3255.521,3255.32,3255.58,ETH
2026-01-07 08:29:31+00:00,871.0,3255.511,3255.4,3255.55,ETH
2026-01-07 08:29:32+00:00,872.0,3255.531,3255.29,3255.57,ETH
2026-01-07 08:29:33+00:00,873.0,3255.371,3255.19,3255.52,ETH
2026-01-07 08:29:34+00:00,874.0,3255.221,3255.22,3255.42,ETH
2026-01-07 08:29:35+00:00,875.0,3255.251,3255.24,3255.44,ETH
2026-01-07 08:29:36+00:00,876.0,3255.321,3255.28,3255.5,ETH
2026-01-07 08:29:37+00:00,877.0,3255.401,3255.34,3255.5,ETH
2026-01-07 08:29:38+00:00,878.0,3255.381,3255.34,3255.5,ETH
2026-01-07 08:29:39+00:00,879.0,3255.381,3255.33,3255.53,ETH
2026-01-07 08:29:40+00:00,880.0,3255.291,3255.26,3255.53,ETH
2026-01-07 08:29:41+00:00,881.0,3255.201,3255.19,3255.5,ETH
2026-01-07 08:29:42+00:00,882.0,3255.191,3255.19,3255.38,ETH
2026-01-07 08:29:43+00:00,883.0,3255.191,3255.19,3255.27,ETH
2026-01-07 08:29:44+00:00,884.0,3255.191,3255.19,3255.29,ETH
2026-01-07 08:29:45+00:00,885.0,3255.191,3255.19,3255.31,ETH
2026-01-07 08:29:46+00:00,886.0,3255.191,3255.19,3255.35,ETH
2026-01-07 08:29:47+00:00,887.0,3255.191,3255.19,3255.38,ETH
2026-01-07 08:29:48+00:00,888.0,3255.191,3255.19,3255.37,ETH
2026-01-07 08:29:49+00:00,889.0,3255.191,3255.18,3255.32,ETH
2026-01-07 08:29:50+00:00,890.0,3255.181,3255.15,3255.23,ETH
2026-01-07 08:29:51+00:00,891.0,3255.151,3255.11,3255.2,ETH
2026-01-07 08:29:52+00:00,892.0,3255.161,3255.12,3255.22,ETH
2026-01-07 08:29:53+00:00,893.0,3255.181,3255.16,3255.26,ETH
2026-01-07 08:29:54+00:00,894.0,3255.181,3255.16,3255.26,ETH
2026-01-07 08:29:55+00:00,895.0,3255.181,3255.16,3255.25,ETH
2026-01-07 08:29:56+00:00,896.0,3255.181,3255.15,3255.23,ETH
2026-01-07 08:29:57+00:00,897.0,3255.161,3255.13,3255.2,ETH
2026-01-07 08:29:58+00:00,898.0,3255.151,3255.11,3255.18,ETH
2026-01-07 08:29:59+00:00,899.0,3255.161,3255.13,3255.19,ETH
