timestamp,collected_at,seconds,up_mid,up_best_bid,up_best_ask,down_mid,down_best_bid,down_best_ask,up_best_bid_size,up_best_ask_size,down_best_bid_size,down_best_ask_size,up_bid_2,up_bid_2_size,up_ask_2,up_ask_2_size,up_bid_3,up_bid_3_size,up_ask_3,up_ask_3_size,up_bid_4,up_bid_4_size,up_ask_4,up_ask_4_size,up_bid_5,up_bid_5_size,up_ask_5,up_ask_5_size,up_bid_6,up_bid_6_size,up_ask_6,up_ask_6_size,down_bid_2,down_bid_2_size,down_ask_2,down_ask_2_size,down_bid_3,down_bid_3_size,down_ask_3,down_ask_3_size,down_bid_4,down_bid_4_size,down_ask_4,down_ask_4_size,down_bid_5,down_bid_5_size,down_ask_5,down_ask_5_size,down_bid_6,down_bid_6_size,down_ask_6,down_ask_6_size
2026-01-07 08:15:00.520000+00:00,2026-01-07 08:14:58.036691+00:00,0.52,0.999,0.999,,0.001,,0.001,6387.5,,,6387.5,0.997,4.57,,,0.996,5.0,,,0.995,5.0,,,0.994,10.0,,,0.993,10.0,,,,,0.003,4.57,,,0.004,5.0,,,0.005,5.0,,,0.006,10.0,,,0.007,10.0
2026-01-07 08:15:01.278000+00:00,2026-01-07 08:14:59.047626+00:00,1.278,0.999,0.999,,0.001,,0.001,26465.49,,,26365.49,0.997,4.57,,,0.996,5.0,,,0.995,5.0,,,0.994,10.0,,,0.993,10.0,,,,,0.003,4.57,,,0.004,5.0,,,0.005,5.0,,,0.006,10.0,,,0.007,10.0
2026-01-07 08:15:02.555000+00:00,2026-01-07 08:15:00.054932+00:00,2.555,0.485,0.48,0.49,0.515,0.51,0.52,249.44,3.23,3.23,249.44,0.47,20.0,0.5,5.0,0.46,54.0,0.55,5.0,0.4,50.0,0.6,57.5,0.35,5.0,0.62,66.0,0.33,55.0,0.64,5.0,0.5,5.0,0.53,20.0,0.45,5.0,0.54,54.0,0.4,57.5,0.6,50.0,0.38,66.0,0.65,5.0,0.36,5.0,0.67,55.0
2026-01-07 08:15:03.594000+00:00,2026-01-07 08:15:01.076091+00:00,3.594,0.485,0.48,0.49,0.515,0.51,0.52,370.44,3.23,3.23,370.44,0.47,141.0,0.5,5.0,0.46,175.0,0.55,5.0,0.45,121.0,0.59,121.0,0.4,60.0,0.6,178.5,0.35,17.98,0.61,121.0,0.5,5.0,0.53,141.0,0.45,5.0,0.54,175.0,0.41,121.0,0.55,121.0,0.4,178.5,0.6,60.0,0.39,121.0,0.65,17.98
2026-01-07 08:15:04.533000+00:00,2026-01-07 08:15:02.082404+00:00,4.533,0.485,0.48,0.49,0.515,0.51,0.52,382.44,3.23,3.23,382.44,0.47,141.0,0.5,5.0,0.46,190.0,0.55,5.0,0.45,121.0,0.59,121.0,0.4,60.0,0.6,188.5,0.35,17.98,0.61,121.0,0.5,5.0,0.53,141.0,0.45,5.0,0.54,190.0,0.41,121.0,0.55,121.0,0.4,188.5,0.6,60.0,0.39,121.0,0.65,17.98
2026-01-07 08:15:05.605000+00:00,2026-01-07 08:15:03.091264+00:00,5.605,0.495,0.49,0.5,0.505,0.5,0.51,80.0,42.72,42.72,80.0,0.48,427.44,0.53,15.0,0.47,163.0,0.54,30.0,0.46,175.0,0.55,20.0,0.45,126.0,0.59,121.0,0.41,15.0,0.6,203.5,0.47,15.0,0.52,442.44,0.46,30.0,0.53,148.0,0.45,20.0,0.54,175.0,0.41,121.0,0.55,126.0,0.4,203.5,0.59,15.0
2026-01-07 08:15:06.628000+00:00,2026-01-07 08:15:04.099879+00:00,6.628,0.53,0.52,0.54,0.46499999999999997,0.46,0.47,95.0,45.0,45.0,45.0,0.51,75.0,0.55,75.0,0.5,95.0,0.56,25.0,0.49,80.0,0.57,35.0,0.48,450.44,0.58,35.0,0.47,141.0,0.59,156.0,0.45,75.0,0.48,95.0,0.44,25.0,0.49,55.0,0.43,35.0,0.5,95.0,0.42,35.0,0.51,80.0,0.41,156.0,0.52,450.44
2026-01-07 08:15:07.570000+00:00,2026-01-07 08:15:05.122068+00:00,7.57,0.535,0.53,0.54,0.46499999999999997,0.46,0.47,20.0,115.0,115.0,20.0,0.52,298.0,0.55,145.0,0.51,238.0,0.56,95.0,0.5,278.0,0.57,105.0,0.49,263.0,0.58,105.0,0.48,515.44,0.59,409.0,0.45,145.0,0.48,298.0,0.44,95.0,0.49,238.0,0.43,105.0,0.5,278.0,0.42,105.0,0.51,263.0,0.41,409.0,0.52,567.44
2026-01-07 08:15:08.635000+00:00,2026-01-07 08:15:06.126946+00:00,8.635,0.535,0.53,0.54,0.46499999999999997,0.46,0.47,5.0,148.0,78.0,5.0,0.52,278.0,0.55,140.0,0.51,258.0,0.56,80.0,0.5,278.0,0.57,105.0,0.49,263.0,0.58,105.0,0.48,515.44,0.59,409.0,0.45,70.0,0.48,278.0,0.44,10.0,0.49,258.0,0.43,35.0,0.5,278.0,0.42,35.0,0.51,263.0,0.41,339.0,0.52,445.44
2026-01-07 08:15:09.593000+00:00,2026-01-07 08:15:07.133679+00:00,9.593,0.535,0.53,0.54,0.46499999999999997,0.46,0.47,5.0,81.0,81.0,5.0,0.52,278.0,0.55,70.0,0.51,258.0,0.56,10.0,0.5,278.0,0.57,35.0,0.49,263.0,0.58,35.0,0.48,445.44,0.59,339.0,0.45,70.0,0.48,278.0,0.44,10.0,0.49,258.0,0.43,35.0,0.5,278.0,0.42,35.0,0.51,263.0,0.41,339.0,0.52,445.44
2026-01-07 08:15:10.673000+00:00,2026-01-07 08:15:08.138694+00:00,10.673,0.535,0.53,0.54,0.46499999999999997,0.46,0.47,5.0,469.0,523.0,5.0,0.52,183.0,0.55,273.0,0.51,183.0,0.56,335.0,0.5,188.0,0.57,278.0,0.49,193.0,0.58,156.0,0.48,380.44,0.59,319.0,0.45,273.0,0.48,183.0,0.44,278.0,0.49,183.0,0.43,278.0,0.5,183.0,0.42,156.0,0.51,183.0,0.41,319.0,0.52,365.44
2026-01-07 08:15:11.673000+00:00,2026-01-07 08:15:09.154537+00:00,11.673,0.455,0.45,0.46,0.545,0.54,0.55,91.92,157.56,157.56,91.92,0.44,100.0,0.47,186.0,0.43,30.0,0.48,156.0,0.42,96.0,0.49,394.0,0.41,193.0,0.5,434.0,0.4,399.0,0.51,349.0,0.53,186.0,0.56,100.0,0.52,156.0,0.57,30.0,0.51,394.0,0.58,96.0,0.5,434.0,0.59,193.0,0.49,349.0,0.6,399.0
2026-01-07 08:15:12.662000+00:00,2026-01-07 08:15:10.157520+00:00,12.662,0.455,0.45,0.46,0.545,0.54,0.55,18.92,262.56,217.56,65.0,0.44,22.0,0.47,156.0,0.43,30.0,0.48,267.0,0.42,136.0,0.49,384.0,0.41,228.0,0.5,384.0,0.4,374.0,0.51,400.0,0.53,131.0,0.56,22.0,0.52,282.0,0.57,80.0,0.51,384.0,0.58,96.0,0.5,349.0,0.59,218.0,0.49,400.0,0.6,374.0
2026-01-07 08:15:13.693000+00:00,2026-01-07 08:15:11.179835+00:00,13.693,0.455,0.45,0.46,0.545,0.54,0.55,170.0,44.0,34.0,105.0,0.44,258.92,0.47,10.0,0.43,233.0,0.48,40.0,0.42,71.0,0.49,311.0,0.41,339.0,0.5,409.0,0.4,399.0,0.51,349.0,0.53,10.0,0.56,233.92,0.52,35.0,0.57,233.0,0.51,261.0,0.58,71.0,0.5,399.0,0.59,339.0,0.49,349.0,0.6,399.0
2026-01-07 08:15:14.639000+00:00,2026-01-07 08:15:12.183360+00:00,14.639,0.455,0.45,0.46,0.545,0.54,0.55,120.0,34.0,34.0,118.0,0.44,228.92,0.47,10.0,0.43,233.0,0.48,35.0,0.42,71.0,0.49,261.0,0.41,339.0,0.5,439.0,0.4,399.0,0.51,359.0,0.53,10.0,0.56,228.92,0.52,35.0,0.57,233.0,0.51,266.0,0.58,71.0,0.5,449.0,0.59,339.0,0.49,359.0,0.6,399.0
2026-01-07 08:15:15.597000+00:00,2026-01-07 08:15:13.193733+00:00,15.597,0.455,0.45,0.46,0.535,0.53,0.54,119.0,29.0,10.0,90.0,0.44,228.92,0.47,10.0,0.43,233.0,0.48,45.0,0.42,71.0,0.49,306.0,0.41,339.0,0.5,409.0,0.4,399.0,0.51,349.0,0.52,45.0,0.55,104.0,0.51,286.0,0.56,238.92,0.5,409.0,0.57,233.0,0.49,349.0,0.58,71.0,0.48,349.0,0.59,339.0
2026-01-07 08:15:16.719000+00:00,2026-01-07 08:15:14.202654+00:00,16.719,0.475,0.47,0.48,0.525,0.52,0.53,125.0,35.0,35.0,125.0,0.46,110.0,0.49,181.0,0.45,100.0,0.5,459.0,0.44,238.92,0.51,399.0,0.43,233.0,0.52,384.0,0.42,96.0,0.53,334.0,0.51,181.0,0.54,110.0,0.5,459.0,0.55,100.0,0.49,399.0,0.56,231.92,0.48,384.0,0.57,233.0,0.47,334.0,0.58,96.0
2026-01-07 08:15:17.724000+00:00,2026-01-07 08:15:15.211642+00:00,17.724,0.505,0.5,0.51,0.495,0.49,0.5,100.0,30.0,30.0,100.0,0.49,95.0,0.52,140.0,0.48,333.0,0.53,369.0,0.47,297.0,0.54,364.0,0.46,263.0,0.55,359.0,0.45,228.0,0.56,339.0,0.48,140.0,0.51,95.0,0.47,369.0,0.52,333.0,0.46,364.0,0.53,297.0,0.45,359.0,0.54,263.0,0.44,339.0,0.55,228.0
2026-01-07 08:15:18.602000+00:00,2026-01-07 08:15:16.213482+00:00,18.602,0.505,0.5,0.51,0.495,0.49,0.5,90.75,5.0,5.0,90.75,0.49,150.0,0.52,125.0,0.48,283.0,0.53,409.0,0.47,263.0,0.54,364.0,0.46,263.0,0.55,359.0,0.45,228.0,0.56,339.0,0.48,125.0,0.51,150.0,0.47,409.0,0.52,283.0,0.46,364.0,0.53,263.0,0.45,359.0,0.54,263.0,0.44,339.0,0.55,228.0
2026-01-07 08:15:19.812000+00:00,2026-01-07 08:15:17.218801+00:00,19.812,0.51,0.5,0.52,0.47,0.46,0.48,140.14,17.5,147.5,60.0,0.49,75.0,0.53,369.0,0.48,263.0,0.54,379.0,0.47,263.0,0.55,379.0,0.46,263.0,0.56,354.0,0.45,243.0,0.57,339.0,0.45,216.0,0.49,80.39,0.44,329.0,0.5,312.0,0.43,339.0,0.51,273.0,0.42,339.0,0.52,228.0,0.41,400.0,0.53,349.0
2026-01-07 08:15:20.544000+00:00,2026-01-07 08:15:18.228504+00:00,20.544,0.53,0.52,0.54,0.47,0.46,0.48,95.0,147.5,147.5,69.52,0.51,90.39,0.55,216.0,0.5,313.0,0.56,329.0,0.49,273.0,0.57,339.0,0.48,263.0,0.58,339.0,0.47,349.0,0.59,400.0,0.45,216.0,0.49,90.39,0.44,329.0,0.5,313.0,0.43,339.0,0.51,273.0,0.42,339.0,0.52,263.0,0.41,400.0,0.53,349.0
2026-01-07 08:15:21.690000+00:00,2026-01-07 08:15:19.233612+00:00,21.69,0.53,0.52,0.54,0.46499999999999997,0.46,0.47,89.52,147.5,102.5,15.0,0.51,115.39,0.55,216.0,0.5,283.0,0.56,329.0,0.49,273.0,0.57,339.0,0.48,263.0,0.58,339.0,0.47,349.0,0.59,400.0,0.45,236.0,0.48,114.52,0.44,329.0,0.49,120.39,0.43,339.0,0.5,263.0,0.42,339.0,0.51,273.0,0.41,339.0,0.52,263.0
2026-01-07 08:15:22.771000+00:00,2026-01-07 08:15:20.241460+00:00,22.771,0.565,0.56,0.57,0.435,0.43,0.44,43.0,80.0,80.0,43.0,0.55,125.0,0.58,419.0,0.54,115.0,0.59,399.0,0.53,187.0,0.6,421.5,0.52,252.52,0.61,403.0,0.51,253.39,0.62,304.0,0.42,236.0,0.45,125.0,0.41,399.0,0.46,115.0,0.4,421.5,0.47,248.0,0.39,403.0,0.48,252.52,0.38,304.0,0.49,253.39
2026-01-07 08:15:23.666000+00:00,2026-01-07 08:15:21.261497+00:00,23.666,0.565,0.56,0.57,0.425,0.42,0.43,24.33,80.0,136.0,60.0,0.55,125.0,0.58,246.0,0.54,110.0,0.59,389.0,0.53,308.0,0.6,491.5,0.52,322.52,0.61,473.0,0.51,323.39,0.62,374.0,0.41,384.0,0.44,94.33,0.4,406.5,0.45,177.0,0.39,319.0,0.46,65.0,0.38,304.0,0.47,298.0,0.37,374.0,0.48,287.52
2026-01-07 08:15:24.709000+00:00,2026-01-07 08:15:22.270190+00:00,24.709,0.575,0.57,0.58,0.425,0.42,0.43,130.0,30.0,30.0,130.0,0.56,100.0,0.59,261.0,0.55,303.0,0.6,233.5,0.54,343.0,0.61,354.0,0.53,333.0,0.62,405.0,0.52,287.52,0.63,409.0,0.41,261.0,0.44,100.0,0.4,233.5,0.45,303.0,0.39,354.0,0.46,343.0,0.38,405.0,0.47,333.0,0.37,409.0,0.48,287.52
2026-01-07 08:15:25.768000+00:00,2026-01-07 08:15:23.280118+00:00,25.768,0.575,0.57,0.58,0.425,0.42,0.43,42.0,85.0,95.0,10.45,0.56,75.0,0.59,343.0,0.55,358.0,0.6,350.5,0.54,383.0,0.61,403.0,0.53,343.0,0.62,409.0,0.52,287.52,0.63,409.0,0.41,343.0,0.44,100.0,0.4,350.5,0.45,323.0,0.39,403.0,0.46,393.0,0.38,409.0,0.47,343.0,0.37,409.0,0.48,322.52
2026-01-07 08:15:26.786000+00:00,2026-01-07 08:15:24.287670+00:00,26.786,0.575,0.57,0.58,0.425,0.42,0.43,5.0,95.0,85.0,5.0,0.56,169.58,0.59,404.0,0.55,145.0,0.6,411.5,0.54,190.0,0.61,444.1,0.53,333.0,0.62,409.0,0.52,322.52,0.63,409.0,0.41,414.0,0.44,169.58,0.4,411.5,0.45,185.0,0.39,444.1,0.46,190.0,0.38,409.0,0.47,333.0,0.37,409.0,0.48,322.52
2026-01-07 08:15:27.844000+00:00,2026-01-07 08:15:25.308895+00:00,27.844,0.545,0.54,0.55,0.46499999999999997,0.46,0.47,35.0,85.0,187.0,183.0,0.53,268.0,0.56,378.0,0.52,297.52,0.57,388.0,0.51,308.39,0.58,393.0,0.5,439.0,0.59,515.0,0.49,451.2,0.6,491.5,0.45,120.0,0.48,218.0,0.44,298.0,0.49,218.0,0.43,413.0,0.5,404.0,0.42,442.0,0.51,384.0,0.41,454.0,0.52,384.0
2026-01-07 08:15:28.786000+00:00,2026-01-07 08:15:26.314827+00:00,28.786,0.505,0.5,0.51,0.495,0.49,0.5,60.0,55.0,46.0,60.0,0.49,150.0,0.52,248.0,0.48,80.0,0.53,479.0,0.47,65.0,0.54,369.0,0.46,218.0,0.55,384.0,0.45,183.0,0.56,459.0,0.48,248.0,0.51,150.0,0.47,479.0,0.52,80.0,0.46,369.0,0.53,65.0,0.45,384.0,0.54,218.0,0.44,459.0,0.55,183.0
2026-01-07 08:15:29.751000+00:00,2026-01-07 08:15:27.338028+00:00,29.751,0.505,0.5,0.51,0.495,0.49,0.5,45.0,71.0,83.0,45.0,0.49,140.0,0.52,248.0,0.48,90.0,0.53,469.0,0.47,65.0,0.54,359.0,0.46,218.0,0.55,384.0,0.45,183.0,0.56,459.0,0.48,258.0,0.51,140.0,0.47,404.0,0.52,75.0,0.46,359.0,0.53,80.0,0.45,384.0,0.54,218.0,0.44,459.0,0.55,220.5
2026-01-07 08:15:30.911000+00:00,2026-01-07 08:15:28.344450+00:00,30.911,0.505,0.5,0.51,0.495,0.49,0.5,45.0,93.0,93.0,40.0,0.49,140.0,0.52,315.0,0.48,75.0,0.53,404.0,0.47,80.0,0.54,359.0,0.46,218.0,0.55,454.0,0.45,220.5,0.56,459.0,0.48,295.0,0.51,140.0,0.47,409.0,0.52,75.0,0.46,359.0,0.53,65.0,0.45,454.0,0.54,218.0,0.44,459.0,0.55,220.5
2026-01-07 08:15:31.675000+00:00,2026-01-07 08:15:29.338109+00:00,31.675,0.505,0.5,0.51,0.495,0.49,0.5,37.98,87.95,87.95,37.98,0.49,135.0,0.52,385.0,0.48,100.0,0.53,469.0,0.47,135.0,0.54,429.0,0.46,288.0,0.55,454.0,0.45,290.5,0.56,459.0,0.48,385.0,0.51,135.0,0.47,469.0,0.52,85.0,0.46,429.0,0.53,150.0,0.45,454.0,0.54,288.0,0.44,459.0,0.55,290.5
2026-01-07 08:15:32.840000+00:00,2026-01-07 08:15:30.346939+00:00,32.84,0.505,0.5,0.51,0.495,0.49,0.5,37.98,103.16,93.16,35.98,0.49,185.0,0.52,375.0,0.48,190.0,0.53,469.0,0.47,135.0,0.54,429.0,0.46,288.0,0.55,454.0,0.45,290.5,0.56,459.0,0.48,375.0,0.51,185.0,0.47,469.0,0.52,190.0,0.46,429.0,0.53,135.0,0.45,454.0,0.54,288.0,0.44,459.0,0.55,290.5
2026-01-07 08:15:33.878000+00:00,2026-01-07 08:15:31.353300+00:00,33.878,0.505,0.5,0.51,0.495,0.49,0.5,35.98,93.16,93.16,35.98,0.49,185.0,0.52,385.0,0.48,175.0,0.53,454.0,0.47,374.0,0.54,429.0,0.46,288.0,0.55,454.0,0.45,290.5,0.56,459.0,0.48,380.0,0.51,175.0,0.47,454.0,0.52,175.0,0.46,429.0,0.53,374.0,0.45,454.0,0.54,288.0,0.44,459.0,0.55,290.5
2026-01-07 08:15:35.708000+00:00,2026-01-07 08:15:33.383355+00:00,35.708,0.585,0.58,0.59,0.415,0.41,0.42,1453.36,555.0,555.0,1453.36,0.57,80.0,0.6,466.5,0.52,35.0,0.61,409.0,0.51,10.0,0.62,374.0,0.5,165.0,0.63,374.0,0.49,220.0,0.64,374.0,0.4,466.5,0.43,80.0,0.39,409.0,0.48,35.0,0.38,374.0,0.49,10.0,0.37,374.0,0.5,165.0,0.36,374.0,0.51,220.0
2026-01-07 08:15:36.764000+00:00,2026-01-07 08:15:34.392605+00:00,36.764,0.585,0.58,0.59,0.415,0.41,0.42,1159.76,452.83,452.83,1148.36,0.57,30.0,0.6,396.5,0.52,35.0,0.61,339.0,0.51,70.0,0.62,304.0,0.5,150.0,0.63,304.0,0.49,250.0,0.64,304.0,0.4,396.5,0.43,30.0,0.39,339.0,0.48,35.0,0.38,304.0,0.49,85.0,0.37,304.0,0.5,150.0,0.36,304.0,0.51,250.0
2026-01-07 08:15:37.885000+00:00,2026-01-07 08:15:35.399499+00:00,37.885,0.585,0.58,0.59,0.415,0.41,0.42,875.4,452.83,452.83,880.4,0.57,10.0,0.6,407.3,0.52,35.0,0.61,344.0,0.51,85.0,0.62,314.0,0.5,180.0,0.63,354.0,0.49,342.0,0.64,324.0,0.4,412.3,0.43,10.0,0.39,339.0,0.48,35.0,0.38,344.0,0.49,85.0,0.37,314.0,0.5,180.0,0.36,304.0,0.51,403.0
2026-01-07 08:15:38.930000+00:00,2026-01-07 08:15:36.406074+00:00,38.93,0.585,0.58,0.59,0.415,0.41,0.42,413.4,676.83,676.83,433.4,0.57,140.0,0.6,402.3,0.56,140.0,0.61,339.0,0.55,140.0,0.62,304.0,0.54,215.0,0.63,354.0,0.53,220.0,0.64,324.0,0.4,396.5,0.43,140.0,0.39,339.0,0.44,140.0,0.38,304.0,0.45,170.0,0.37,314.0,0.46,322.0,0.36,304.0,0.47,372.0
2026-01-07 08:15:39.933000+00:00,2026-01-07 08:15:37.414396+00:00,39.933,0.585,0.58,0.59,0.415,0.41,0.42,476.01,254.0,254.0,476.01,0.57,175.0,0.6,152.5,0.56,408.0,0.61,74.0,0.55,433.0,0.63,309.0,0.54,403.0,0.64,319.0,0.53,454.0,0.65,379.0,0.4,152.5,0.43,235.0,0.39,74.0,0.44,378.0,0.37,314.0,0.45,433.0,0.36,314.0,0.46,403.0,0.35,379.0,0.47,454.0
2026-01-07 08:15:40.909000+00:00,2026-01-07 08:15:38.424947+00:00,40.909,0.585,0.58,0.59,0.415,0.41,0.42,451.01,243.22,243.22,451.01,0.57,150.0,0.6,127.5,0.56,433.0,0.61,64.0,0.55,408.0,0.62,5.0,0.54,403.0,0.63,329.0,0.53,524.0,0.64,354.0,0.4,127.5,0.43,150.0,0.39,69.0,0.44,433.0,0.37,335.4,0.45,408.0,0.36,354.0,0.46,403.0,0.35,339.0,0.47,524.0
2026-01-07 08:15:41.833000+00:00,2026-01-07 08:15:39.434152+00:00,41.833,0.585,0.58,0.59,0.415,0.41,0.42,461.01,248.22,248.22,461.01,0.57,190.0,0.6,142.5,0.56,433.0,0.61,64.0,0.55,408.0,0.62,30.0,0.54,403.0,0.63,335.4,0.53,524.0,0.64,324.0,0.4,205.5,0.43,190.0,0.38,30.0,0.44,433.0,0.37,335.4,0.45,408.0,0.36,324.0,0.46,403.0,0.35,329.0,0.47,524.0
2026-01-07 08:15:42.918000+00:00,2026-01-07 08:15:40.441409+00:00,42.918,0.585,0.58,0.59,0.415,0.41,0.42,418.96,248.22,248.22,418.96,0.57,240.0,0.6,205.5,0.56,418.0,0.62,50.0,0.55,408.0,0.63,324.0,0.54,403.0,0.64,313.8,0.53,524.0,0.65,329.0,0.4,205.5,0.43,240.0,0.38,50.0,0.44,418.0,0.37,324.0,0.45,408.0,0.36,313.8,0.46,403.0,0.35,329.0,0.47,524.0
2026-01-07 08:15:43.981000+00:00,2026-01-07 08:15:41.449716+00:00,43.981,0.585,0.58,0.59,0.415,0.41,0.42,203.96,293.22,293.22,203.96,0.57,195.0,0.6,190.5,0.56,463.0,0.61,50.0,0.55,378.0,0.62,20.0,0.54,433.0,0.63,304.0,0.53,524.0,0.64,313.8,0.4,190.5,0.43,195.0,0.39,50.0,0.44,463.0,0.38,20.0,0.45,378.0,0.37,304.0,0.46,433.0,0.36,313.8,0.47,524.0
2026-01-07 08:15:44.980000+00:00,2026-01-07 08:15:42.458267+00:00,44.98,0.585,0.58,0.59,0.415,0.41,0.42,48.96,334.22,349.22,48.96,0.56,213.0,0.6,177.5,0.55,383.0,0.61,142.0,0.54,433.0,0.62,243.0,0.53,529.0,0.63,304.0,0.52,797.0,0.64,313.8,0.4,177.5,0.44,213.0,0.39,142.0,0.45,383.0,0.38,243.0,0.46,433.0,0.37,304.0,0.47,529.0,0.36,313.8,0.48,797.0
2026-01-07 08:15:45.960000+00:00,2026-01-07 08:15:43.481839+00:00,45.96,0.565,0.56,0.57,0.435,0.43,0.44,4.35,74.12,74.12,14.35,0.55,448.0,0.58,60.0,0.54,403.0,0.59,228.22,0.53,408.0,0.6,230.5,0.52,797.0,0.61,203.0,0.51,509.0,0.62,304.0,0.42,60.0,0.45,448.0,0.41,228.22,0.46,403.0,0.4,220.5,0.47,408.0,0.39,203.0,0.48,797.0,0.38,304.0,0.49,509.0
2026-01-07 08:15:46.994000+00:00,2026-01-07 08:15:44.503597+00:00,46.994,0.56,0.55,0.57,0.44,0.43,0.45,371.0,69.07,69.07,371.0,0.54,403.0,0.58,70.0,0.53,408.0,0.59,223.22,0.52,797.0,0.6,210.5,0.51,509.0,0.61,203.0,0.5,509.0,0.62,304.0,0.42,70.0,0.46,403.0,0.41,223.22,0.47,408.0,0.4,220.5,0.48,797.0,0.39,203.0,0.49,509.0,0.38,304.0,0.5,509.0
2026-01-07 08:15:48.883000+00:00,2026-01-07 08:15:46.540788+00:00,48.883,0.565,0.56,0.57,0.435,0.43,0.44,155.0,35.0,55.0,115.0,0.55,311.53,0.58,55.0,0.54,433.0,0.59,40.0,0.53,378.0,0.6,177.5,0.52,573.0,0.61,247.0,0.51,509.0,0.62,314.0,0.42,55.0,0.45,311.53,0.41,50.0,0.46,433.0,0.4,167.5,0.47,378.0,0.39,247.0,0.48,573.0,0.38,314.0,0.49,509.0
2026-01-07 08:15:49.841000+00:00,2026-01-07 08:15:47.559626+00:00,49.841,0.565,0.56,0.57,0.435,0.43,0.44,184.45,40.0,85.0,109.45,0.55,346.53,0.58,60.0,0.54,408.0,0.59,95.0,0.53,403.0,0.6,117.5,0.52,573.0,0.61,247.0,0.51,509.0,0.62,324.0,0.42,60.0,0.45,376.53,0.41,90.0,0.46,408.0,0.4,117.5,0.47,403.0,0.39,183.0,0.48,573.0,0.38,314.0,0.49,509.0
2026-01-07 08:15:50.960000+00:00,2026-01-07 08:15:48.566990+00:00,50.96,0.565,0.56,0.57,0.435,0.43,0.44,183.29,40.0,40.0,183.29,0.55,376.53,0.58,60.0,0.54,378.0,0.59,65.0,0.53,403.0,0.6,147.5,0.52,573.0,0.61,247.0,0.51,509.0,0.62,324.0,0.42,60.0,0.45,376.53,0.41,65.0,0.46,378.0,0.4,147.5,0.47,403.0,0.39,247.0,0.48,573.0,0.38,324.0,0.49,509.0
2026-01-07 08:15:52.126000+00:00,2026-01-07 08:15:49.589728+00:00,52.126,0.565,0.56,0.57,0.435,0.43,0.44,210.29,9.95,9.95,188.29,0.55,386.53,0.58,80.0,0.54,378.0,0.59,65.0,0.53,403.0,0.6,137.5,0.52,573.0,0.61,247.0,0.51,439.0,0.62,304.0,0.42,85.0,0.45,386.53,0.41,80.0,0.46,408.0,0.4,127.5,0.47,403.0,0.39,267.0,0.48,573.0,0.38,304.0,0.49,439.0
2026-01-07 08:15:53.114000+00:00,2026-01-07 08:15:50.594873+00:00,53.114,0.565,0.56,0.57,0.435,0.43,0.44,53.24,94.85,89.75,53.24,0.55,421.53,0.58,120.0,0.54,418.0,0.59,50.0,0.53,418.0,0.6,180.5,0.52,573.0,0.61,203.0,0.51,454.0,0.62,304.0,0.42,130.0,0.45,411.53,0.41,101.0,0.46,418.0,0.4,117.5,0.47,418.0,0.39,183.0,0.48,588.0,0.38,304.0,0.49,439.0
2026-01-07 08:15:54.131000+00:00,2026-01-07 08:15:51.614600+00:00,54.131,0.565,0.56,0.57,0.435,0.43,0.44,48.24,139.65,144.65,48.24,0.55,366.53,0.58,90.0,0.54,453.0,0.59,40.0,0.53,458.0,0.6,200.5,0.52,588.0,0.61,183.0,0.51,439.0,0.62,304.0,0.42,90.0,0.45,366.53,0.41,40.0,0.46,453.0,0.4,200.5,0.47,458.0,0.39,183.0,0.48,588.0,0.38,304.0,0.49,439.0
2026-01-07 08:15:55.160000+00:00,2026-01-07 08:15:52.620730+00:00,55.16,0.555,0.55,0.56,0.445,0.44,0.45,193.0,113.0,95.0,193.0,0.54,468.0,0.57,314.0,0.53,433.0,0.58,167.0,0.52,573.0,0.59,334.0,0.51,439.0,0.6,370.5,0.5,663.0,0.61,304.0,0.43,364.0,0.46,378.0,0.42,167.0,0.47,433.0,0.41,334.0,0.48,573.0,0.4,380.5,0.49,509.0,0.39,304.0,0.5,733.0
2026-01-07 08:15:56.148000+00:00,2026-01-07 08:15:53.627901+00:00,56.148,0.555,0.55,0.56,0.445,0.44,0.45,0.6,135.0,94.95,15.6,0.54,200.0,0.57,354.0,0.53,195.0,0.58,228.0,0.52,324.0,0.59,415.0,0.51,403.0,0.6,421.5,0.5,627.0,0.61,304.0,0.43,354.0,0.46,200.0,0.42,228.0,0.47,195.0,0.41,415.0,0.48,339.0,0.4,421.5,0.49,403.0,0.39,304.0,0.5,627.0
2026-01-07 08:15:57.139000+00:00,2026-01-07 08:15:54.646479+00:00,57.139,0.55,0.54,0.56,0.45,0.44,0.46,186.4,119.95,119.95,186.4,0.53,260.0,0.57,349.0,0.52,245.0,0.58,228.0,0.51,418.0,0.59,377.84,0.5,612.0,0.6,484.5,0.49,523.0,0.61,316.5,0.43,349.0,0.47,260.0,0.42,228.0,0.48,245.0,0.41,377.84,0.49,418.0,0.4,484.5,0.5,612.0,0.39,316.5,0.51,523.0
2026-01-07 08:15:58.171000+00:00,2026-01-07 08:15:55.653231+00:00,58.171,0.55,0.54,0.56,0.45,0.44,0.46,151.4,165.02,165.02,151.4,0.53,310.0,0.57,314.0,0.52,235.0,0.58,228.0,0.51,418.0,0.59,377.84,0.5,612.0,0.6,484.5,0.49,523.0,0.61,316.5,0.43,314.0,0.47,325.0,0.42,228.0,0.48,235.0,0.41,377.84,0.49,418.0,0.4,484.5,0.5,612.0,0.39,316.5,0.51,523.0
2026-01-07 08:15:59.167000+00:00,2026-01-07 08:15:56.657250+00:00,59.167,0.555,0.55,0.56,0.445,0.44,0.45,85.0,148.02,133.02,85.0,0.54,291.4,0.57,90.0,0.53,285.0,0.58,228.0,0.52,235.0,0.59,377.84,0.51,418.0,0.6,484.5,0.5,542.0,0.61,311.2,0.43,110.0,0.46,326.4,0.42,228.0,0.47,255.0,0.41,377.84,0.48,235.0,0.4,484.5,0.49,418.0,0.39,311.2,0.5,542.0
2026-01-07 08:16:00.157000+00:00,2026-01-07 08:15:57.663839+00:00,60.157,0.555,0.55,0.56,0.445,0.44,0.45,144.95,67.0,67.0,144.95,0.54,276.4,0.57,142.0,0.53,280.0,0.58,228.0,0.52,240.0,0.59,357.84,0.51,518.0,0.6,441.5,0.5,542.0,0.61,304.0,0.43,142.0,0.46,276.4,0.42,228.0,0.47,280.0,0.41,357.84,0.48,240.0,0.4,441.5,0.49,518.0,0.39,304.0,0.5,542.0
2026-01-07 08:16:01.163000+00:00,2026-01-07 08:15:58.667716+00:00,61.163,0.555,0.55,0.56,0.445,0.44,0.45,299.95,87.06,72.01,279.9,0.54,256.4,0.57,17.0,0.53,240.0,0.58,248.0,0.52,250.0,0.59,422.84,0.51,467.0,0.6,421.5,0.5,592.0,0.61,388.0,0.43,17.0,0.46,393.4,0.42,248.0,0.47,362.0,0.41,422.84,0.48,372.0,0.4,421.5,0.49,588.0,0.39,388.0,0.5,713.0
2026-01-07 08:16:02.137000+00:00,2026-01-07 08:15:59.674704+00:00,62.137,0.555,0.55,0.56,0.445,0.44,0.45,259.85,52.06,276.06,269.85,0.54,454.4,0.57,42.0,0.53,443.0,0.58,75.0,0.52,433.0,0.59,118.84,0.51,639.0,0.6,117.5,0.5,663.0,0.61,324.0,0.43,7.0,0.46,473.87,0.42,5.0,0.47,433.0,0.41,103.84,0.48,433.0,0.4,117.5,0.49,639.0,0.39,324.0,0.5,643.0
2026-01-07 08:16:03.211000+00:00,2026-01-07 08:16:00.679061+00:00,63.211,0.575,0.57,0.58,0.425,0.42,0.43,297.0,45.0,30.0,408.0,0.56,358.0,0.59,98.84,0.55,492.85,0.6,207.5,0.54,459.4,0.61,25.0,0.53,627.0,0.62,20.0,0.52,498.0,0.63,121.0,0.41,98.84,0.44,443.0,0.4,207.5,0.45,547.85,0.39,25.0,0.46,439.4,0.38,20.0,0.47,607.0,0.37,121.0,0.48,498.0
2026-01-07 08:16:04.217000+00:00,2026-01-07 08:16:01.686309+00:00,64.217,0.575,0.57,0.58,0.425,0.42,0.43,313.0,41.0,51.0,308.0,0.56,448.0,0.59,128.84,0.55,462.85,0.6,167.49,0.54,534.4,0.61,20.0,0.53,554.0,0.62,10.0,0.52,620.0,0.63,189.0,0.41,133.84,0.44,438.0,0.4,167.49,0.45,467.85,0.39,30.0,0.46,519.4,0.37,189.0,0.47,554.0,0.36,379.0,0.48,620.0
2026-01-07 08:16:05.266000+00:00,2026-01-07 08:16:02.696157+00:00,65.266,0.555,0.55,0.56,0.445,0.44,0.45,15.0,5.0,100.0,15.0,0.54,117.74,0.57,130.0,0.53,398.0,0.58,155.99,0.52,338.0,0.59,366.84,0.51,708.0,0.6,350.5,0.5,509.0,0.61,304.0,0.43,190.0,0.46,112.74,0.42,103.0,0.47,240.0,0.41,347.84,0.48,338.0,0.4,411.5,0.49,587.0,0.39,304.0,0.5,509.0
2026-01-07 08:16:06.147000+00:00,2026-01-07 08:16:03.701845+00:00,66.147,0.555,0.55,0.56,0.445,0.44,0.45,15.0,91.0,91.0,15.0,0.54,112.74,0.57,190.0,0.53,245.0,0.58,103.0,0.52,348.0,0.59,354.84,0.51,587.0,0.6,411.5,0.5,509.0,0.61,304.0,0.43,190.0,0.46,112.74,0.42,103.0,0.47,245.0,0.41,354.84,0.48,348.0,0.4,411.5,0.49,587.0,0.39,304.0,0.5,509.0
2026-01-07 08:16:07.068000+00:00,2026-01-07 08:16:04.708878+00:00,67.068,0.555,0.55,0.56,0.445,0.44,0.45,15.0,121.0,121.0,15.0,0.54,95.0,0.57,140.0,0.53,225.0,0.58,121.0,0.52,368.0,0.59,334.84,0.51,636.0,0.6,411.5,0.5,509.0,0.61,304.0,0.43,140.0,0.46,95.0,0.42,121.0,0.47,225.0,0.41,334.84,0.48,368.0,0.4,411.5,0.49,636.0,0.39,304.0,0.5,509.0
2026-01-07 08:16:08.264000+00:00,2026-01-07 08:16:05.730112+00:00,68.264,0.555,0.55,0.56,0.445,0.44,0.45,254.11,17.0,12.0,354.11,0.54,405.0,0.57,197.0,0.53,295.0,0.58,111.0,0.52,468.0,0.59,286.84,0.51,691.0,0.6,474.5,0.5,439.0,0.61,304.0,0.43,137.0,0.46,345.0,0.42,176.0,0.47,285.0,0.41,272.18,0.48,468.0,0.4,500.5,0.49,642.0,0.39,304.0,0.5,439.0
2026-01-07 08:16:09.211000+00:00,2026-01-07 08:16:06.739275+00:00,69.211,0.555,0.55,0.56,0.445,0.44,0.45,666.11,218.14,218.14,666.11,0.54,503.0,0.57,102.0,0.53,478.0,0.58,166.0,0.52,589.0,0.59,133.84,0.51,469.0,0.6,206.5,0.5,404.0,0.62,304.0,0.43,102.0,0.46,503.0,0.42,166.0,0.47,478.0,0.41,133.84,0.48,589.0,0.4,206.5,0.49,469.0,0.38,304.0,0.5,404.0
2026-01-07 08:16:10.284000+00:00,2026-01-07 08:16:07.760272+00:00,70.284,0.555,0.55,0.56,0.445,0.44,0.45,247.0,360.09,385.09,247.0,0.54,263.0,0.57,162.0,0.53,293.0,0.58,161.0,0.52,658.47,0.59,205.84,0.51,584.0,0.6,356.5,0.5,698.0,0.61,243.0,0.43,147.0,0.46,198.0,0.42,303.0,0.47,468.0,0.41,326.84,0.48,594.0,0.4,350.5,0.49,569.0,0.39,255.8,0.5,698.0
2026-01-07 08:16:11.289000+00:00,2026-01-07 08:16:08.764575+00:00,71.289,0.555,0.55,0.56,0.445,0.44,0.45,387.0,14.28,14.28,352.0,0.54,417.0,0.57,7.0,0.53,488.0,0.58,183.0,0.52,508.0,0.59,392.84,0.51,539.0,0.6,524.5,0.5,404.0,0.61,331.8,0.43,7.0,0.46,392.0,0.42,228.0,0.47,523.0,0.41,472.84,0.48,508.0,0.4,486.5,0.49,539.0,0.39,351.8,0.5,404.0
2026-01-07 08:16:12.283000+00:00,2026-01-07 08:16:09.783013+00:00,72.283,0.575,0.57,0.58,0.425,0.42,0.43,83.94,45.0,45.0,77.33,0.56,533.0,0.59,167.2,0.55,468.0,0.6,187.5,0.54,448.0,0.61,121.8,0.53,589.0,0.63,399.0,0.52,569.0,0.64,379.0,0.41,167.2,0.44,533.0,0.4,187.5,0.45,468.0,0.39,57.8,0.46,448.0,0.38,66.0,0.47,589.0,0.37,399.0,0.48,569.0
2026-01-07 08:16:13.313000+00:00,2026-01-07 08:16:10.791258+00:00,73.313,0.585,0.58,0.59,0.405,0.4,0.41,389.62,23.84,41.19,40.0,0.57,373.0,0.6,62.5,0.56,448.0,0.61,85.0,0.55,609.0,0.62,126.56,0.54,569.0,0.63,163.39,0.53,636.0,0.64,69.0,0.39,85.0,0.42,389.62,0.38,126.56,0.43,373.0,0.37,163.39,0.44,448.0,0.35,849.0,0.45,609.0,0.34,304.0,0.46,569.0
2026-01-07 08:16:14.330000+00:00,2026-01-07 08:16:11.797534+00:00,74.33,0.595,0.59,0.6,0.405,0.4,0.41,271.0,20.02,20.02,408.0,0.58,226.88,0.62,224.0,0.57,353.0,0.63,151.39,0.56,448.0,0.64,106.56,0.55,638.0,0.65,844.0,0.54,584.0,0.66,359.0,0.39,5.0,0.42,226.88,0.38,224.0,0.43,474.0,0.37,91.75,0.44,569.0,0.36,214.0,0.45,638.0,0.35,854.0,0.46,599.0
2026-01-07 08:16:15.309000+00:00,2026-01-07 08:16:12.809998+00:00,75.309,0.615,0.61,0.62,0.385,0.38,0.39,438.47,229.0,229.0,438.47,0.6,448.0,0.63,206.75,0.59,498.0,0.64,169.0,0.58,366.88,0.65,575.0,0.57,569.0,0.66,20.0,0.56,534.0,0.67,143.7,0.37,206.75,0.4,448.0,0.36,169.0,0.41,498.0,0.35,575.0,0.42,366.88,0.34,20.0,0.43,569.0,0.33,143.7,0.44,534.0
2026-01-07 08:16:16.172000+00:00,2026-01-07 08:16:13.802318+00:00,76.172,0.615,0.61,0.62,0.385,0.38,0.39,275.0,304.0,309.0,280.0,0.6,518.0,0.63,269.75,0.59,498.0,0.64,85.0,0.58,376.88,0.65,580.0,0.57,569.0,0.67,143.7,0.56,569.0,0.68,399.0,0.37,201.75,0.4,518.0,0.36,154.0,0.41,498.0,0.35,580.0,0.42,376.88,0.33,143.7,0.43,569.0,0.32,399.0,0.44,569.0
2026-01-07 08:16:17.285000+00:00,2026-01-07 08:16:14.806295+00:00,77.285,0.615,0.61,0.62,0.385,0.38,0.39,393.94,254.0,239.0,398.94,0.6,438.0,0.63,211.75,0.59,513.88,0.64,154.0,0.58,376.88,0.65,580.0,0.57,569.0,0.67,265.7,0.56,534.0,0.68,399.0,0.37,211.75,0.4,438.0,0.36,154.0,0.41,503.88,0.35,580.0,0.42,366.88,0.33,265.7,0.43,569.0,0.32,399.0,0.44,534.0
2026-01-07 08:16:18.336000+00:00,2026-01-07 08:16:15.810636+00:00,78.336,0.615,0.61,0.62,0.385,0.38,0.39,123.35,274.0,309.0,123.35,0.6,453.0,0.63,211.75,0.59,518.88,0.64,154.0,0.58,366.88,0.65,560.0,0.57,569.0,0.67,326.7,0.56,778.0,0.68,399.0,0.37,201.75,0.4,463.0,0.36,154.0,0.41,558.88,0.35,580.0,0.42,376.88,0.33,326.7,0.43,569.0,0.32,399.0,0.44,778.0
2026-01-07 08:16:19.106000+00:00,2026-01-07 08:16:16.817593+00:00,79.106,0.615,0.61,0.62,0.385,0.38,0.39,177.96,329.0,329.0,177.96,0.6,533.0,0.63,201.75,0.59,558.88,0.64,85.0,0.58,376.88,0.65,651.0,0.57,618.0,0.67,314.0,0.56,708.0,0.68,399.0,0.37,201.75,0.4,533.0,0.36,85.0,0.41,548.88,0.35,651.0,0.42,376.88,0.33,314.0,0.43,618.0,0.32,399.0,0.44,708.0
2026-01-07 08:16:20.364000+00:00,2026-01-07 08:16:17.825852+00:00,80.364,0.615,0.61,0.62,0.385,0.38,0.39,551.67,211.9,211.9,551.67,0.6,448.0,0.63,68.39,0.59,448.0,0.64,95.0,0.58,415.88,0.65,643.37,0.57,569.0,0.66,15.0,0.56,765.0,0.67,410.0,0.37,33.39,0.4,448.0,0.36,15.0,0.41,448.0,0.35,668.37,0.42,536.88,0.34,74.0,0.43,569.0,0.33,349.0,0.44,723.0
2026-01-07 08:16:21.361000+00:00,2026-01-07 08:16:18.829768+00:00,81.361,0.645,0.64,0.65,0.355,0.35,0.36,162.47,575.0,764.0,319.47,0.63,298.74,0.66,192.42,0.62,473.0,0.67,45.0,0.61,439.0,0.68,193.0,0.6,448.0,0.69,196.0,0.59,618.0,0.7,399.0,0.34,217.42,0.37,411.62,0.33,20.0,0.38,458.0,0.32,243.0,0.39,439.0,0.31,196.0,0.4,448.0,0.3,399.0,0.41,618.0
2026-01-07 08:16:22.365000+00:00,2026-01-07 08:16:19.833065+00:00,82.365,0.645,0.64,0.65,0.355,0.35,0.36,129.97,914.63,954.63,129.97,0.63,476.62,0.66,184.99,0.62,510.0,0.67,96.0,0.61,478.0,0.68,130.0,0.6,448.0,0.69,196.0,0.59,618.0,0.7,399.0,0.34,228.99,0.37,381.62,0.33,40.0,0.38,545.0,0.32,130.0,0.39,518.0,0.31,196.0,0.4,448.0,0.3,399.0,0.41,618.0
2026-01-07 08:16:23.345000+00:00,2026-01-07 08:16:20.840403+00:00,83.345,0.635,0.63,0.64,0.365,0.36,0.37,18.62,165.81,185.81,18.62,0.62,41.0,0.65,954.95,0.61,310.0,0.66,317.99,0.6,543.0,0.67,349.0,0.59,537.0,0.68,399.0,0.58,585.88,0.69,379.0,0.35,868.95,0.38,41.0,0.34,391.99,0.39,265.0,0.33,349.0,0.4,508.0,0.32,399.0,0.41,602.0,0.31,379.0,0.42,605.88
2026-01-07 08:16:24.365000+00:00,2026-01-07 08:16:21.843640+00:00,84.365,0.635,0.63,0.64,0.365,0.36,0.37,8.62,179.81,179.81,8.62,0.61,100.0,0.65,619.95,0.6,423.0,0.66,416.99,0.59,582.0,0.67,314.0,0.58,371.88,0.68,399.0,0.57,548.0,0.69,379.0,0.35,619.95,0.39,100.0,0.34,416.99,0.4,433.0,0.33,314.0,0.41,572.0,0.32,399.0,0.42,371.88,0.31,379.0,0.43,548.0
2026-01-07 08:16:25.349000+00:00,2026-01-07 08:16:22.853545+00:00,85.349,0.615,0.61,0.62,0.385,0.38,0.39,38.62,168.81,168.81,38.62,0.6,388.0,0.63,125.0,0.59,622.0,0.64,135.0,0.58,381.88,0.65,644.95,0.57,548.0,0.66,361.99,0.56,504.0,0.67,314.0,0.37,125.0,0.4,388.0,0.36,135.0,0.41,622.0,0.35,644.95,0.42,381.88,0.34,287.99,0.43,548.0,0.33,314.0,0.44,504.0
2026-01-07 08:16:26.236000+00:00,2026-01-07 08:16:23.859233+00:00,86.236,0.615,0.61,0.62,0.385,0.38,0.39,130.0,67.2,67.2,130.0,0.6,558.0,0.63,216.05,0.59,538.0,0.64,115.0,0.58,371.88,0.65,664.95,0.57,548.0,0.66,361.99,0.56,469.0,0.67,314.0,0.37,216.05,0.4,558.0,0.36,115.0,0.41,538.0,0.35,664.95,0.42,371.88,0.34,361.99,0.43,548.0,0.33,314.0,0.44,469.0
2026-01-07 08:16:27.926000+00:00,2026-01-07 08:16:25.860311+00:00,87.926,0.615,0.61,0.62,0.385,0.38,0.39,80.0,133.81,133.81,54.49,0.6,633.0,0.63,195.0,0.59,453.0,0.64,115.0,0.58,386.88,0.65,644.95,0.57,597.0,0.66,381.99,0.56,693.0,0.67,314.0,0.37,195.0,0.4,633.0,0.36,115.0,0.41,453.0,0.35,644.95,0.42,386.88,0.34,381.99,0.43,597.0,0.33,314.0,0.44,693.0
2026-01-07 08:16:29.249000+00:00,2026-01-07 08:16:26.864063+00:00,89.249,0.615,0.61,0.62,0.385,0.38,0.39,114.49,67.2,67.2,114.49,0.6,618.0,0.63,216.05,0.59,468.0,0.64,115.0,0.58,371.88,0.65,644.95,0.57,597.0,0.66,381.99,0.56,693.0,0.67,314.0,0.37,216.05,0.4,618.0,0.36,115.0,0.41,468.0,0.35,644.95,0.42,371.88,0.34,381.99,0.43,597.0,0.33,314.0,0.44,693.0
2026-01-07 08:16:30.406000+00:00,2026-01-07 08:16:27.885543+00:00,90.406,0.615,0.61,0.62,0.385,0.38,0.39,172.56,29.0,29.0,207.56,0.6,493.0,0.63,186.05,0.59,453.0,0.64,155.0,0.58,371.88,0.65,659.95,0.57,597.0,0.66,381.99,0.56,693.0,0.67,314.0,0.37,141.05,0.4,508.0,0.36,170.0,0.41,468.0,0.35,644.95,0.42,371.88,0.34,381.99,0.43,597.0,0.33,314.0,0.44,693.0
2026-01-07 08:16:31.237000+00:00,2026-01-07 08:16:28.892912+00:00,91.237,0.615,0.61,0.62,0.385,0.38,0.39,277.55,29.0,29.0,277.55,0.6,448.0,0.63,40.0,0.59,423.0,0.64,148.2,0.58,371.88,0.65,704.95,0.57,585.0,0.66,312.97,0.56,693.0,0.67,324.0,0.37,40.0,0.4,448.0,0.36,148.2,0.41,423.0,0.35,704.95,0.42,371.88,0.34,312.97,0.43,527.0,0.33,400.0,0.44,750.0
2026-01-07 08:16:32.347000+00:00,2026-01-07 08:16:29.897806+00:00,92.347,0.615,0.61,0.62,0.385,0.38,0.39,287.55,244.0,253.0,287.55,0.6,458.0,0.63,45.0,0.59,423.0,0.64,75.0,0.58,371.88,0.65,702.61,0.57,585.0,0.66,302.97,0.56,693.0,0.67,324.0,0.37,45.0,0.4,458.0,0.36,75.0,0.41,423.0,0.35,702.61,0.42,371.88,0.34,287.99,0.43,585.0,0.33,339.0,0.44,708.0
2026-01-07 08:16:33.413000+00:00,2026-01-07 08:16:30.905480+00:00,93.413,0.615,0.61,0.62,0.385,0.38,0.39,405.77,275.83,275.83,405.77,0.6,543.0,0.63,60.0,0.59,443.0,0.64,144.43,0.58,512.88,0.65,669.95,0.57,536.0,0.66,90.0,0.56,693.0,0.67,10.0,0.37,60.0,0.4,543.0,0.36,144.43,0.41,443.0,0.35,669.95,0.42,512.88,0.34,90.0,0.43,478.0,0.33,86.0,0.44,750.0
2026-01-07 08:16:34.147000+00:00,2026-01-07 08:16:31.913555+00:00,94.147,0.615,0.61,0.62,0.385,0.38,0.39,405.77,255.83,255.83,405.77,0.6,563.0,0.63,105.0,0.59,443.0,0.64,154.43,0.58,512.88,0.65,659.95,0.57,478.0,0.66,100.0,0.56,750.0,0.67,86.0,0.37,105.0,0.4,563.0,0.36,154.43,0.41,443.0,0.35,659.95,0.42,512.88,0.34,100.0,0.43,478.0,0.33,86.0,0.44,750.0
2026-01-07 08:16:35.343000+00:00,2026-01-07 08:16:32.921853+00:00,95.343,0.615,0.61,0.62,0.385,0.38,0.39,410.77,255.83,255.83,410.77,0.6,568.0,0.63,105.0,0.59,443.0,0.64,154.43,0.58,502.88,0.65,659.95,0.57,478.0,0.66,100.0,0.56,750.0,0.67,86.0,0.37,105.0,0.4,568.0,0.36,154.43,0.41,443.0,0.35,659.95,0.42,502.88,0.34,100.0,0.43,478.0,0.33,86.0,0.44,750.0
2026-01-07 08:16:36.432000+00:00,2026-01-07 08:16:33.927476+00:00,96.432,0.615,0.61,0.62,0.385,0.38,0.39,400.72,280.83,280.83,400.72,0.6,563.0,0.63,227.66,0.59,443.0,0.64,100.0,0.58,512.88,0.65,669.95,0.57,478.0,0.66,90.0,0.56,750.0,0.67,208.0,0.37,242.66,0.4,563.0,0.36,100.0,0.41,443.0,0.35,669.95,0.42,512.88,0.34,90.0,0.43,478.0,0.33,208.0,0.44,750.0
2026-01-07 08:16:37.354000+00:00,2026-01-07 08:16:34.949969+00:00,97.354,0.615,0.61,0.62,0.385,0.38,0.39,362.72,250.83,250.83,372.72,0.6,468.0,0.63,45.0,0.59,423.0,0.64,55.0,0.58,552.88,0.65,737.61,0.57,478.0,0.66,105.0,0.56,693.0,0.67,203.0,0.37,45.0,0.4,468.0,0.36,55.0,0.41,423.0,0.35,737.61,0.42,552.88,0.34,105.0,0.43,478.0,0.33,203.0,0.44,693.0
2026-01-07 08:16:38.470000+00:00,2026-01-07 08:16:35.952210+00:00,98.47,0.625,0.62,0.63,0.375,0.37,0.38,467.0,25.0,25.0,523.0,0.61,545.59,0.64,20.0,0.6,468.0,0.65,767.61,0.59,499.0,0.66,100.0,0.58,482.88,0.67,85.0,0.57,443.0,0.68,95.0,0.36,158.19,0.39,545.59,0.35,674.95,0.4,458.0,0.34,126.83,0.41,499.0,0.33,55.0,0.42,482.88,0.32,95.0,0.43,443.0
2026-01-07 08:16:39.446000+00:00,2026-01-07 08:16:36.958040+00:00,99.446,0.625,0.62,0.63,0.375,0.37,0.38,523.0,30.0,30.0,523.0,0.61,550.59,0.64,65.0,0.6,468.0,0.65,717.61,0.59,569.0,0.66,126.83,0.58,462.88,0.67,55.0,0.57,463.0,0.68,95.0,0.36,65.0,0.39,550.59,0.35,717.61,0.4,468.0,0.34,126.83,0.41,569.0,0.33,55.0,0.42,462.88,0.32,95.0,0.43,463.0
2026-01-07 08:16:40.519000+00:00,2026-01-07 08:16:37.981541+00:00,100.519,0.625,0.62,0.63,0.375,0.37,0.38,352.73,262.66,262.66,352.73,0.61,505.59,0.64,100.0,0.6,548.0,0.65,684.95,0.59,609.0,0.66,100.0,0.58,402.88,0.67,45.0,0.57,463.0,0.68,95.0,0.36,100.0,0.39,505.59,0.35,684.95,0.4,548.0,0.34,100.0,0.41,609.0,0.33,45.0,0.42,402.88,0.32,173.0,0.43,521.0
2026-01-07 08:16:41.410000+00:00,2026-01-07 08:16:38.986340+00:00,101.41,0.625,0.62,0.63,0.375,0.37,0.38,497.73,45.0,45.0,497.73,0.61,500.59,0.64,203.19,0.6,518.0,0.65,674.95,0.59,589.0,0.66,110.0,0.58,402.88,0.67,45.0,0.57,521.0,0.68,173.0,0.36,203.19,0.39,510.59,0.35,674.95,0.4,498.0,0.34,110.0,0.41,589.0,0.33,45.0,0.42,402.88,0.32,173.0,0.43,521.0
2026-01-07 08:16:42.345000+00:00,2026-01-07 08:16:39.979097+00:00,102.345,0.625,0.62,0.63,0.375,0.37,0.38,352.73,252.61,252.61,358.73,0.61,505.59,0.64,110.0,0.6,548.0,0.65,684.95,0.59,609.0,0.66,100.0,0.58,626.88,0.67,121.0,0.57,463.0,0.68,95.0,0.36,110.0,0.39,456.59,0.35,684.95,0.4,548.0,0.34,100.0,0.41,609.0,0.33,121.0,0.42,626.88,0.32,95.0,0.43,463.0
2026-01-07 08:16:43.353000+00:00,2026-01-07 08:16:40.987108+00:00,103.353,0.625,0.62,0.63,0.375,0.37,0.38,403.73,169.95,169.95,403.73,0.61,481.59,0.64,140.0,0.6,592.0,0.65,674.95,0.59,589.0,0.66,110.0,0.58,626.88,0.67,121.0,0.57,463.0,0.68,95.0,0.36,140.0,0.39,481.59,0.35,674.95,0.4,592.0,0.34,110.0,0.41,589.0,0.33,121.0,0.42,626.88,0.32,95.0,0.43,463.0
2026-01-07 08:16:44.526000+00:00,2026-01-07 08:16:42.011448+00:00,104.526,0.625,0.62,0.63,0.375,0.37,0.38,508.73,14.95,167.61,356.09,0.61,466.59,0.64,208.19,0.6,557.0,0.65,684.95,0.59,579.0,0.66,100.0,0.58,626.88,0.67,131.0,0.57,443.0,0.68,95.0,0.36,140.0,0.39,501.59,0.35,684.95,0.4,577.0,0.34,100.0,0.41,579.0,0.33,121.0,0.42,626.88,0.32,95.0,0.43,443.0
2026-01-07 08:16:45.052000+00:00,2026-01-07 08:16:43.017797+00:00,105.052,0.625,0.62,0.63,0.375,0.37,0.38,486.09,29.95,29.95,486.09,0.61,471.59,0.64,193.19,0.6,557.0,0.65,684.95,0.59,579.0,0.66,110.0,0.58,646.88,0.67,121.0,0.57,443.0,0.68,95.0,0.36,193.19,0.39,471.59,0.35,684.95,0.4,557.0,0.34,110.0,0.41,579.0,0.33,121.0,0.42,646.88,0.32,95.0,0.43,443.0
2026-01-07 08:16:46.562000+00:00,2026-01-07 08:16:44.027473+00:00,106.562,0.615,0.61,0.62,0.385,0.38,0.39,45.0,203.19,228.19,45.0,0.6,218.0,0.63,194.95,0.59,383.0,0.64,110.0,0.58,446.88,0.65,827.95,0.57,568.0,0.66,477.8,0.56,539.0,0.67,314.0,0.37,169.95,0.4,233.0,0.36,110.0,0.41,383.0,0.35,827.95,0.42,446.88,0.34,477.8,0.43,568.0,0.33,314.0,0.44,539.0
2026-01-07 08:16:47.561000+00:00,2026-01-07 08:16:45.034884+00:00,107.561,0.615,0.61,0.62,0.385,0.38,0.39,45.0,208.19,203.19,45.0,0.6,248.0,0.63,185.0,0.59,423.0,0.64,100.0,0.58,391.88,0.65,837.95,0.57,548.0,0.66,477.8,0.56,539.0,0.67,314.0,0.37,195.0,0.4,263.0,0.36,100.0,0.41,428.0,0.35,837.95,0.42,401.88,0.34,477.8,0.43,548.0,0.33,314.0,0.44,539.0
2026-01-07 08:16:48.551000+00:00,2026-01-07 08:16:46.040727+00:00,108.551,0.615,0.61,0.62,0.385,0.38,0.39,45.0,215.15,215.15,45.0,0.6,303.0,0.63,225.0,0.59,408.0,0.64,100.0,0.58,401.88,0.65,837.95,0.57,548.0,0.66,468.0,0.56,763.0,0.67,325.2,0.37,225.0,0.4,120.0,0.36,100.0,0.41,408.0,0.35,837.95,0.42,401.88,0.34,468.0,0.43,427.0,0.33,325.2,0.44,763.0
2026-01-07 08:16:49.582000+00:00,2026-01-07 08:16:47.048892+00:00,109.582,0.615,0.61,0.62,0.385,0.38,0.39,45.0,439.15,505.98,45.0,0.6,40.0,0.63,190.0,0.59,398.0,0.64,90.0,0.58,366.88,0.65,802.95,0.57,427.0,0.66,468.0,0.56,763.0,0.67,325.2,0.37,170.0,0.4,40.0,0.36,125.0,0.41,398.0,0.35,802.95,0.42,371.88,0.34,468.0,0.43,432.0,0.33,325.2,0.44,539.0
2026-01-07 08:16:50.565000+00:00,2026-01-07 08:16:48.053973+00:00,110.565,0.615,0.61,0.62,0.385,0.38,0.39,406.0,274.0,272.38,467.0,0.6,387.0,0.63,35.0,0.59,484.0,0.64,10.0,0.58,472.88,0.65,880.26,0.57,478.0,0.66,480.81,0.56,469.0,0.67,335.2,0.37,35.0,0.4,448.0,0.36,10.0,0.41,484.0,0.35,697.26,0.42,472.88,0.34,176.81,0.43,478.0,0.33,31.2,0.44,469.0
2026-01-07 08:16:51.605000+00:00,2026-01-07 08:16:49.076183+00:00,111.605,0.615,0.61,0.62,0.385,0.38,0.39,492.0,262.38,38.38,632.0,0.6,468.0,0.63,40.0,0.59,433.0,0.64,75.0,0.58,532.88,0.65,592.27,0.57,568.0,0.66,105.0,0.56,563.0,0.67,50.0,0.37,5.0,0.4,659.0,0.36,65.0,0.41,589.0,0.35,697.26,0.42,462.88,0.34,100.0,0.43,498.0,0.33,85.0,0.44,752.0
2026-01-07 08:16:52.505000+00:00,2026-01-07 08:16:50.081487+00:00,112.505,0.635,0.63,0.64,0.365,0.36,0.37,388.0,55.0,55.0,388.0,0.62,348.0,0.65,709.94,0.61,507.0,0.66,100.0,0.6,589.0,0.67,85.0,0.59,630.0,0.68,75.0,0.58,402.88,0.69,379.0,0.35,709.94,0.38,348.0,0.34,100.0,0.39,507.0,0.33,85.0,0.4,589.0,0.32,75.0,0.41,630.0,0.31,379.0,0.42,402.88
2026-01-07 08:16:53.446000+00:00,2026-01-07 08:16:51.086971+00:00,113.446,0.635,0.63,0.64,0.365,0.36,0.37,348.0,15.0,153.0,158.0,0.62,383.0,0.65,749.94,0.61,482.0,0.66,100.0,0.6,579.0,0.67,85.0,0.59,569.0,0.68,80.8,0.58,532.88,0.69,460.0,0.35,669.95,0.38,403.0,0.34,127.83,0.39,482.0,0.33,45.0,0.4,579.0,0.32,80.8,0.41,569.0,0.31,460.0,0.42,532.88
2026-01-07 08:16:54.613000+00:00,2026-01-07 08:16:52.105354+00:00,114.613,0.625,0.62,0.63,0.375,0.37,0.38,403.0,15.0,33.0,403.0,0.61,457.0,0.64,197.0,0.6,508.0,0.65,644.95,0.59,589.0,0.66,137.83,0.58,532.88,0.67,45.0,0.57,463.0,0.68,80.8,0.36,185.0,0.39,457.0,0.35,644.95,0.4,523.0,0.34,137.83,0.41,599.0,0.33,45.0,0.42,542.88,0.32,80.8,0.43,463.0
2026-01-07 08:16:55.643000+00:00,2026-01-07 08:16:53.113494+00:00,115.643,0.625,0.62,0.63,0.375,0.37,0.38,218.0,199.99,209.99,288.0,0.61,547.0,0.64,90.0,0.6,503.0,0.65,684.95,0.59,599.0,0.66,100.0,0.58,482.88,0.67,45.0,0.57,521.0,0.68,158.8,0.36,324.0,0.39,552.0,0.35,684.95,0.4,513.0,0.34,174.0,0.41,609.0,0.33,45.0,0.42,482.88,0.32,80.8,0.43,463.0
2026-01-07 08:16:56.597000+00:00,2026-01-07 08:16:54.120255+00:00,116.597,0.625,0.62,0.63,0.375,0.37,0.38,288.0,219.99,224.99,288.0,0.61,552.0,0.64,324.0,0.6,513.0,0.65,684.95,0.59,599.0,0.66,100.0,0.58,412.88,0.67,121.0,0.57,463.0,0.68,80.8,0.36,324.0,0.39,552.0,0.35,684.95,0.4,523.0,0.34,100.0,0.41,599.0,0.33,121.0,0.42,412.88,0.32,80.8,0.43,463.0
2026-01-07 08:16:57.648000+00:00,2026-01-07 08:16:55.123084+00:00,117.648,0.625,0.62,0.63,0.385,0.38,0.39,183.0,473.89,153.0,212.0,0.61,217.0,0.64,152.83,0.6,448.0,0.65,776.95,0.59,584.0,0.66,286.0,0.58,452.88,0.67,253.0,0.57,702.0,0.68,323.8,0.37,418.89,0.4,273.0,0.36,110.0,0.41,388.0,0.35,776.95,0.42,522.88,0.34,286.0,0.43,772.0,0.33,314.0,0.44,588.0
2026-01-07 08:16:58.456000+00:00,2026-01-07 08:16:56.128000+00:00,118.456,0.615,0.61,0.62,0.385,0.38,0.39,23.95,486.83,486.83,23.95,0.6,10.0,0.63,114.89,0.59,205.0,0.64,318.0,0.58,286.88,0.65,863.95,0.57,312.0,0.66,394.0,0.56,448.0,0.67,314.0,0.37,114.89,0.4,10.0,0.36,318.0,0.41,205.0,0.35,792.95,0.42,286.88,0.34,468.0,0.43,312.0,0.33,314.0,0.44,448.0
2026-01-07 08:16:59.566000+00:00,2026-01-07 08:16:57.150646+00:00,119.566,0.615,0.61,0.62,0.385,0.38,0.39,23.95,485.21,457.38,23.95,0.6,15.0,0.63,129.89,0.59,210.0,0.64,318.0,0.58,286.88,0.65,792.95,0.57,302.0,0.66,399.0,0.56,448.0,0.67,314.0,0.37,144.89,0.4,20.0,0.36,318.0,0.41,215.0,0.35,863.95,0.42,286.88,0.34,399.0,0.43,292.0,0.33,314.0,0.44,448.0
2026-01-07 08:17:00.682000+00:00,2026-01-07 08:16:58.155977+00:00,120.682,0.615,0.61,0.62,0.405,0.4,0.41,23.95,634.0,10.0,20.0,0.59,20.0,0.63,408.89,0.58,20.0,0.64,498.0,0.57,9.0,0.65,913.95,0.55,196.79,0.66,399.0,0.54,208.0,0.67,314.0,0.39,61.0,0.42,20.0,0.38,639.0,0.43,9.0,0.37,476.89,0.45,13.79,0.36,429.0,0.46,338.0,0.35,913.95,0.47,328.0
2026-01-07 08:17:01.666000+00:00,2026-01-07 08:16:59.161922+00:00,121.666,0.565,0.56,0.57,0.435,0.43,0.44,185.0,35.0,35.0,190.0,0.55,148.79,0.58,175.0,0.54,328.0,0.59,378.0,0.53,283.0,0.6,273.0,0.52,461.0,0.61,404.0,0.51,454.0,0.62,394.0,0.42,160.0,0.45,148.79,0.41,393.0,0.46,333.0,0.4,273.0,0.47,273.0,0.39,404.0,0.48,461.0,0.38,394.0,0.49,454.0
2026-01-07 08:17:02.688000+00:00,2026-01-07 08:17:00.181632+00:00,122.688,0.565,0.56,0.57,0.435,0.43,0.44,55.0,134.94,134.94,55.0,0.55,282.79,0.58,105.0,0.54,313.0,0.59,403.0,0.53,273.0,0.6,273.0,0.52,461.0,0.61,404.0,0.51,454.0,0.62,394.0,0.42,105.0,0.45,282.79,0.41,403.0,0.46,313.0,0.4,273.0,0.47,273.0,0.39,404.0,0.48,461.0,0.38,394.0,0.49,454.0
2026-01-07 08:17:03.642000+00:00,2026-01-07 08:17:01.191198+00:00,123.642,0.565,0.56,0.57,0.435,0.43,0.44,91.0,373.94,373.94,91.0,0.55,373.79,0.58,165.0,0.54,463.0,0.59,338.0,0.53,443.0,0.6,283.0,0.52,409.0,0.61,394.0,0.51,435.0,0.62,460.0,0.42,165.0,0.45,373.79,0.41,338.0,0.46,463.0,0.4,283.0,0.47,443.0,0.39,394.0,0.48,461.0,0.38,394.0,0.49,384.0
2026-01-07 08:17:04.730000+00:00,2026-01-07 08:17:02.196421+00:00,124.73,0.585,0.58,0.59,0.395,0.39,0.4,15.0,89.98,45.0,172.0,0.57,202.0,0.6,60.0,0.56,864.0,0.61,45.0,0.55,562.79,0.62,45.0,0.54,578.0,0.63,298.95,0.53,499.0,0.64,55.0,0.38,45.0,0.41,227.02,0.37,298.95,0.42,342.0,0.36,55.0,0.43,601.0,0.35,829.95,0.44,739.0,0.34,185.0,0.45,527.79
2026-01-07 08:17:05.723000+00:00,2026-01-07 08:17:03.186156+00:00,125.723,0.635,0.63,0.64,0.365,0.36,0.37,85.0,40.0,40.0,125.0,0.62,263.0,0.65,599.95,0.61,193.0,0.66,125.0,0.6,324.0,0.67,275.0,0.59,355.02,0.68,120.0,0.58,747.0,0.69,284.83,0.35,599.95,0.38,263.0,0.34,125.0,0.39,193.0,0.33,295.0,0.4,324.0,0.32,120.0,0.41,355.02,0.31,284.83,0.42,770.5
2026-01-07 08:17:06.561000+00:00,2026-01-07 08:17:04.193698+00:00,126.561,0.635,0.63,0.64,0.365,0.36,0.37,194.99,45.0,45.0,194.99,0.62,262.0,0.65,634.95,0.61,248.0,0.66,160.0,0.6,387.0,0.67,220.0,0.59,294.02,0.68,160.0,0.58,663.0,0.69,258.0,0.35,599.95,0.38,262.0,0.34,150.0,0.39,258.0,0.33,140.0,0.4,387.0,0.32,145.0,0.41,294.02,0.31,284.83,0.42,693.0
2026-01-07 08:17:07.581000+00:00,2026-01-07 08:17:05.199466+00:00,127.581,0.645,0.64,0.65,0.355,0.35,0.36,252.0,322.95,322.95,313.0,0.63,362.99,0.66,40.0,0.62,388.0,0.67,75.0,0.61,403.0,0.68,65.0,0.6,548.0,0.69,96.83,0.59,329.02,0.7,201.84,0.34,40.0,0.37,362.99,0.33,75.0,0.38,388.0,0.32,30.0,0.39,339.0,0.31,86.83,0.4,548.0,0.3,201.84,0.41,329.02
2026-01-07 08:17:08.738000+00:00,2026-01-07 08:17:06.207571+00:00,128.738,0.645,0.64,0.65,0.355,0.35,0.36,388.0,22.7,57.7,363.0,0.63,482.99,0.66,55.0,0.62,555.0,0.67,50.0,0.61,479.0,0.68,244.0,0.6,394.0,0.69,201.83,0.59,329.02,0.7,180.0,0.34,75.0,0.37,497.99,0.33,40.0,0.38,499.0,0.32,338.99,0.39,553.0,0.31,130.0,0.4,394.0,0.3,185.0,0.41,329.02
2026-01-07 08:17:09.749000+00:00,2026-01-07 08:17:07.228868+00:00,129.749,0.645,0.64,0.65,0.355,0.35,0.36,253.0,65.0,155.0,173.0,0.63,322.99,0.66,45.0,0.62,504.0,0.67,125.0,0.61,703.0,0.68,309.0,0.6,484.0,0.69,277.0,0.59,399.02,0.7,313.0,0.34,324.0,0.37,312.99,0.33,198.83,0.38,309.0,0.32,167.0,0.39,364.0,0.31,363.0,0.4,324.0,0.3,507.0,0.41,340.02
2026-01-07 08:17:10.681000+00:00,2026-01-07 08:17:08.234209+00:00,130.681,0.635,0.63,0.64,0.365,0.36,0.37,164.99,30.0,35.0,164.99,0.62,55.0,0.65,135.0,0.61,288.0,0.66,339.0,0.6,272.0,0.67,269.83,0.59,375.02,0.68,263.0,0.58,489.0,0.69,424.0,0.35,125.0,0.38,55.0,0.34,339.0,0.39,283.0,0.33,269.83,0.4,262.0,0.32,263.0,0.41,365.02,0.31,424.0,0.42,489.0
2026-01-07 08:17:11.777000+00:00,2026-01-07 08:17:09.252509+00:00,131.777,0.635,0.63,0.64,0.365,0.36,0.37,164.99,5.0,5.0,129.99,0.62,134.0,0.65,170.0,0.61,278.0,0.66,349.0,0.6,228.88,0.67,269.83,0.59,355.02,0.68,263.0,0.58,489.0,0.69,424.0,0.35,205.0,0.38,169.0,0.34,130.0,0.39,243.0,0.33,268.0,0.4,228.88,0.32,228.0,0.41,579.02,0.31,424.0,0.42,384.0
2026-01-07 08:17:12.570000+00:00,2026-01-07 08:17:10.252702+00:00,132.57,0.635,0.63,0.64,0.365,0.36,0.37,139.99,5.0,5.0,139.99,0.62,179.0,0.65,215.0,0.61,233.0,0.66,100.0,0.6,218.88,0.67,294.83,0.59,579.02,0.68,228.0,0.58,384.0,0.69,424.0,0.35,215.0,0.38,249.0,0.34,100.0,0.39,303.0,0.33,294.83,0.4,358.88,0.32,228.0,0.41,719.02,0.31,424.0,0.42,454.0
2026-01-07 08:17:13.766000+00:00,2026-01-07 08:17:11.255830+00:00,133.766,0.64,0.63,0.65,0.36,0.35,0.37,139.99,195.0,195.0,149.99,0.62,239.0,0.66,100.0,0.61,363.0,0.67,284.83,0.6,348.88,0.68,238.0,0.59,719.02,0.69,424.0,0.58,454.0,0.7,507.0,0.34,120.0,0.38,239.0,0.33,284.83,0.39,373.0,0.32,238.0,0.4,348.88,0.31,424.0,0.41,719.02,0.3,507.0,0.42,454.0
2026-01-07 08:17:14.789000+00:00,2026-01-07 08:17:12.265356+00:00,134.789,0.645,0.64,0.65,0.355,0.35,0.36,20.0,125.0,125.0,20.0,0.63,244.99,0.66,160.0,0.62,289.0,0.67,284.83,0.61,373.0,0.68,238.0,0.6,343.0,0.69,424.0,0.59,649.02,0.7,507.0,0.34,374.0,0.37,244.99,0.33,284.83,0.38,289.0,0.32,238.0,0.39,373.0,0.31,424.0,0.4,343.0,0.3,507.0,0.41,649.02
2026-01-07 08:17:15.805000+00:00,2026-01-07 08:17:13.274238+00:00,135.805,0.645,0.64,0.65,0.355,0.35,0.36,125.0,95.0,95.0,125.0,0.63,309.99,0.66,398.99,0.62,289.0,0.67,304.83,0.61,373.0,0.68,228.0,0.6,273.0,0.69,434.0,0.59,649.02,0.7,507.0,0.34,398.99,0.37,309.99,0.33,304.83,0.38,289.0,0.32,228.0,0.39,373.0,0.31,434.0,0.4,273.0,0.3,507.0,0.41,649.02
2026-01-07 08:17:16.808000+00:00,2026-01-07 08:17:14.283281+00:00,136.808,0.655,0.65,0.66,0.345,0.34,0.35,105.0,294.0,294.0,140.0,0.64,165.0,0.67,208.0,0.63,304.99,0.68,398.0,0.62,432.0,0.69,445.83,0.61,499.0,0.7,439.0,0.6,394.0,0.71,404.0,0.33,208.0,0.36,140.0,0.32,398.0,0.37,372.99,0.31,434.0,0.38,366.0,0.3,439.0,0.39,499.0,0.29,404.0,0.4,394.0
2026-01-07 08:17:17.819000+00:00,2026-01-07 08:17:15.290372+00:00,137.819,0.685,0.68,0.69,0.315,0.31,0.32,50.0,5.0,5.0,50.0,0.67,115.0,0.7,270.0,0.66,267.0,0.71,160.0,0.65,428.0,0.72,139.98,0.64,524.0,0.73,268.0,0.63,676.99,0.74,504.1,0.3,270.0,0.33,125.0,0.29,160.0,0.34,267.0,0.28,139.98,0.35,428.0,0.27,268.0,0.36,524.0,0.26,504.1,0.37,676.99
2026-01-07 08:17:18.820000+00:00,2026-01-07 08:17:16.303144+00:00,138.82,0.685,0.68,0.69,0.315,0.31,0.32,45.0,5.0,5.0,45.0,0.67,45.0,0.7,235.0,0.66,300.52,0.71,175.0,0.65,398.0,0.72,104.98,0.64,524.0,0.73,268.0,0.63,676.99,0.74,504.1,0.3,245.0,0.33,45.0,0.29,175.0,0.34,300.52,0.28,104.98,0.35,398.0,0.27,268.0,0.36,524.0,0.26,504.1,0.37,676.99
2026-01-07 08:17:19.771000+00:00,2026-01-07 08:17:17.324915+00:00,139.771,0.685,0.68,0.69,0.315,0.31,0.32,31.0,65.0,65.0,31.0,0.67,45.0,0.7,200.0,0.66,265.52,0.71,146.83,0.65,388.0,0.72,268.0,0.64,524.0,0.73,258.0,0.63,676.99,0.74,504.1,0.3,200.0,0.33,45.0,0.29,146.83,0.34,265.52,0.28,258.0,0.35,388.0,0.27,258.0,0.36,524.0,0.26,504.1,0.37,676.99
2026-01-07 08:17:20.864000+00:00,2026-01-07 08:17:18.329897+00:00,140.864,0.685,0.68,0.69,0.315,0.31,0.32,41.0,5.0,5.0,41.0,0.67,105.0,0.7,255.0,0.66,145.0,0.71,156.83,0.65,423.0,0.72,293.0,0.64,603.0,0.73,258.0,0.63,608.99,0.74,408.1,0.3,255.0,0.33,105.0,0.29,156.83,0.34,145.0,0.28,293.0,0.35,423.0,0.27,258.0,0.36,603.0,0.26,408.1,0.37,608.99
2026-01-07 08:17:21.804000+00:00,2026-01-07 08:17:19.333834+00:00,141.804,0.685,0.68,0.69,0.315,0.31,0.32,41.0,234.0,234.0,41.0,0.67,185.0,0.7,265.0,0.66,205.0,0.71,156.83,0.65,423.0,0.72,293.0,0.64,603.0,0.73,258.0,0.63,538.99,0.74,408.1,0.3,265.0,0.33,185.0,0.29,130.0,0.34,205.0,0.28,323.0,0.35,423.0,0.27,258.0,0.36,603.0,0.26,408.1,0.37,538.99
2026-01-07 08:17:22.596000+00:00,2026-01-07 08:17:21.357783+00:00,142.596,0.685,0.68,0.69,0.315,0.31,0.32,112.87,234.0,234.0,112.87,0.67,285.0,0.7,295.0,0.66,205.0,0.71,156.83,0.65,403.0,0.72,293.0,0.64,533.0,0.73,258.0,0.63,538.99,0.74,408.1,0.3,295.0,0.33,285.0,0.29,156.83,0.34,205.0,0.28,293.0,0.35,403.0,0.27,258.0,0.36,533.0,0.26,408.1,0.37,538.99
2026-01-07 08:17:24.658000+00:00,2026-01-07 08:17:22.363639+00:00,144.658,0.685,0.68,0.69,0.315,0.31,0.32,112.87,234.0,228.12,112.87,0.67,285.0,0.7,305.0,0.66,205.0,0.71,156.83,0.65,403.0,0.72,293.0,0.64,533.0,0.73,258.0,0.63,538.99,0.74,408.1,0.3,305.0,0.33,285.0,0.29,156.83,0.34,205.0,0.28,293.0,0.35,403.0,0.27,258.0,0.36,533.0,0.26,408.1,0.37,538.99
2026-01-07 08:17:25.863000+00:00,2026-01-07 08:17:23.383543+00:00,145.863,0.685,0.68,0.69,0.315,0.31,0.32,112.87,224.0,224.0,112.87,0.67,295.0,0.7,300.0,0.66,195.0,0.71,166.83,0.65,413.0,0.72,293.0,0.64,523.0,0.73,258.0,0.63,762.99,0.74,408.1,0.3,300.0,0.33,295.0,0.29,166.83,0.34,195.0,0.28,293.0,0.35,413.0,0.27,258.0,0.36,523.0,0.26,408.1,0.37,762.99
2026-01-07 08:17:26.780000+00:00,2026-01-07 08:17:24.378515+00:00,146.78,0.685,0.68,0.69,0.315,0.31,0.32,103.34,224.0,229.0,103.34,0.67,295.0,0.7,300.0,0.66,195.0,0.71,166.83,0.65,413.0,0.72,293.0,0.64,523.0,0.73,258.0,0.63,762.99,0.74,408.1,0.3,300.0,0.33,295.0,0.29,166.83,0.34,195.0,0.28,293.0,0.35,413.0,0.27,258.0,0.36,523.0,0.26,408.1,0.37,762.99
2026-01-07 08:17:27.790000+00:00,2026-01-07 08:17:25.382080+00:00,147.79,0.685,0.68,0.69,0.315,0.31,0.32,103.34,229.0,229.0,103.34,0.67,295.0,0.7,290.0,0.66,195.0,0.71,176.83,0.65,413.0,0.72,293.0,0.64,523.0,0.73,258.0,0.63,811.99,0.74,399.0,0.3,290.0,0.33,295.0,0.29,176.83,0.34,195.0,0.28,293.0,0.35,413.0,0.27,258.0,0.36,523.0,0.26,399.0,0.37,811.99
2026-01-07 08:17:28.347000+00:00,2026-01-07 08:17:26.400176+00:00,148.347,0.685,0.68,0.69,0.315,0.31,0.32,103.34,229.0,229.0,103.34,0.67,295.0,0.7,290.0,0.66,195.0,0.71,176.83,0.65,413.0,0.72,293.0,0.64,523.0,0.73,258.0,0.63,811.99,0.74,399.0,0.3,290.0,0.33,295.0,0.29,176.83,0.34,195.0,0.28,293.0,0.35,413.0,0.27,258.0,0.36,523.0,0.26,399.0,0.37,811.99
2026-01-07 08:17:29.739000+00:00,2026-01-07 08:17:27.406826+00:00,149.739,0.685,0.68,0.69,0.315,0.31,0.32,108.34,221.82,221.82,108.34,0.67,295.0,0.7,280.0,0.66,195.0,0.71,160.0,0.65,413.0,0.72,323.0,0.64,523.0,0.73,258.0,0.63,811.99,0.74,399.0,0.3,280.0,0.33,295.0,0.29,160.0,0.34,195.0,0.28,323.0,0.35,413.0,0.27,258.0,0.36,523.0,0.26,399.0,0.37,811.99
2026-01-07 08:17:30.911000+00:00,2026-01-07 08:17:28.414484+00:00,150.911,0.685,0.68,0.69,0.315,0.31,0.32,80.0,336.81,336.81,80.0,0.67,295.0,0.7,220.0,0.66,195.0,0.71,176.83,0.65,413.0,0.72,793.0,0.64,572.0,0.73,258.0,0.63,762.99,0.74,399.0,0.3,230.0,0.33,285.0,0.29,166.83,0.34,195.0,0.28,793.0,0.35,413.0,0.27,258.0,0.36,572.0,0.26,399.0,0.37,762.99
2026-01-07 08:17:31.936000+00:00,2026-01-07 08:17:29.406174+00:00,151.936,0.685,0.68,0.69,0.345,0.34,0.35,5.0,661.64,5.0,45.0,0.65,45.0,0.7,434.0,0.64,179.0,0.71,459.0,0.63,309.99,0.72,879.0,0.62,205.0,0.73,379.0,0.61,373.0,0.74,414.0,0.33,65.0,0.36,179.0,0.32,120.0,0.37,309.99,0.31,652.64,0.38,271.0,0.3,424.0,0.39,373.0,0.29,424.0,0.4,454.0
2026-01-07 08:17:32.960000+00:00,2026-01-07 08:17:30.410409+00:00,152.96,0.655,0.65,0.66,0.345,0.34,0.35,70.0,179.69,179.69,105.0,0.64,208.0,0.67,228.0,0.63,279.99,0.68,318.0,0.62,225.0,0.69,600.82,0.61,343.0,0.7,454.0,0.6,454.0,0.71,424.0,0.33,233.0,0.36,169.0,0.32,313.0,0.37,347.99,0.31,640.81,0.38,235.0,0.3,454.0,0.39,343.0,0.29,424.0,0.4,454.0
2026-01-07 08:17:33.958000+00:00,2026-01-07 08:17:31.420192+00:00,153.958,0.655,0.65,0.66,0.345,0.34,0.35,85.0,207.53,207.53,85.0,0.64,169.0,0.67,357.99,0.63,279.99,0.68,298.0,0.62,301.0,0.69,600.82,0.61,343.0,0.7,424.0,0.6,454.0,0.71,424.0,0.33,387.99,0.36,169.0,0.32,298.0,0.37,279.99,0.31,600.82,0.38,235.0,0.3,424.0,0.39,407.0,0.29,424.0,0.4,454.0
2026-01-07 08:17:34.917000+00:00,2026-01-07 08:17:32.421645+00:00,154.917,0.655,0.65,0.66,0.345,0.34,0.35,45.0,197.53,197.53,45.0,0.64,199.0,0.67,402.99,0.63,289.99,0.68,238.0,0.62,291.0,0.69,627.65,0.61,353.0,0.7,424.0,0.6,454.0,0.71,424.0,0.33,402.99,0.36,199.0,0.32,238.0,0.37,289.99,0.31,627.65,0.38,291.0,0.3,424.0,0.39,353.0,0.29,424.0,0.4,454.0
2026-01-07 08:17:35.903000+00:00,2026-01-07 08:17:33.430590+00:00,155.903,0.655,0.65,0.66,0.345,0.34,0.35,195.0,177.53,177.53,195.0,0.64,289.0,0.67,228.0,0.63,279.99,0.68,368.0,0.62,301.0,0.69,384.0,0.61,497.0,0.7,454.0,0.6,384.0,0.71,424.0,0.33,228.0,0.36,289.0,0.32,368.0,0.37,279.99,0.31,384.0,0.38,301.0,0.3,454.0,0.39,497.0,0.29,424.0,0.4,384.0
2026-01-07 08:17:36.828000+00:00,2026-01-07 08:17:34.442026+00:00,156.828,0.655,0.65,0.66,0.345,0.34,0.35,190.0,177.53,176.53,190.0,0.64,220.0,0.67,218.0,0.63,289.99,0.68,348.0,0.62,291.0,0.69,460.83,0.61,497.0,0.7,424.0,0.6,384.0,0.71,424.0,0.33,218.0,0.36,220.0,0.32,348.0,0.37,289.99,0.31,460.83,0.38,291.0,0.3,424.0,0.39,497.0,0.29,424.0,0.4,384.0
2026-01-07 08:17:37.821000+00:00,2026-01-07 08:17:35.448871+00:00,157.821,0.655,0.65,0.66,0.345,0.34,0.35,135.0,176.53,181.53,165.0,0.64,220.0,0.67,223.0,0.63,279.99,0.68,308.0,0.62,291.0,0.69,410.83,0.61,497.0,0.7,424.0,0.6,384.0,0.71,424.0,0.33,238.0,0.36,260.0,0.32,363.0,0.37,304.99,0.31,385.83,0.38,301.0,0.3,459.0,0.39,497.0,0.29,424.0,0.4,349.0
2026-01-07 08:17:38.744000+00:00,2026-01-07 08:17:36.451974+00:00,158.744,0.655,0.65,0.66,0.345,0.34,0.35,165.0,181.53,179.89,165.0,0.64,260.0,0.67,238.0,0.63,304.99,0.68,363.0,0.62,350.0,0.69,385.83,0.61,497.0,0.7,459.0,0.6,349.0,0.71,424.0,0.33,238.0,0.36,260.0,0.32,363.0,0.37,304.99,0.31,385.83,0.38,350.0,0.3,459.0,0.39,497.0,0.29,424.0,0.4,349.0
2026-01-07 08:17:39.948000+00:00,2026-01-07 08:17:37.460370+00:00,159.948,0.655,0.65,0.66,0.345,0.34,0.35,155.0,184.89,184.89,155.0,0.64,260.0,0.67,487.0,0.63,314.99,0.68,333.0,0.62,350.0,0.69,385.83,0.61,497.0,0.7,459.0,0.6,349.0,0.71,424.0,0.33,487.0,0.36,260.0,0.32,333.0,0.37,314.99,0.31,385.83,0.38,350.0,0.3,459.0,0.39,497.0,0.29,424.0,0.4,349.0
2026-01-07 08:17:40.974000+00:00,2026-01-07 08:17:38.452522+00:00,160.974,0.655,0.65,0.66,0.345,0.34,0.35,170.0,179.89,179.89,170.0,0.64,245.0,0.67,462.0,0.63,314.99,0.68,363.0,0.62,350.0,0.69,385.83,0.61,497.0,0.7,459.0,0.6,349.0,0.71,424.0,0.33,462.0,0.36,245.0,0.32,363.0,0.37,314.99,0.31,385.83,0.38,350.0,0.3,459.0,0.39,497.0,0.29,424.0,0.4,349.0
2026-01-07 08:17:41.714000+00:00,2026-01-07 08:17:39.459942+00:00,161.714,0.655,0.65,0.66,0.345,0.34,0.35,155.0,179.89,179.89,155.0,0.64,260.0,0.67,492.0,0.63,314.99,0.68,333.0,0.62,350.0,0.69,385.83,0.61,497.0,0.7,459.0,0.6,349.0,0.71,424.0,0.33,492.0,0.36,260.0,0.32,333.0,0.37,314.99,0.31,385.83,0.38,350.0,0.3,459.0,0.39,497.0,0.29,424.0,0.4,349.0
2026-01-07 08:17:42.981000+00:00,2026-01-07 08:17:40.482798+00:00,162.981,0.655,0.65,0.66,0.345,0.34,0.35,75.0,374.89,374.89,75.0,0.64,200.0,0.67,452.0,0.63,369.99,0.68,293.0,0.62,284.0,0.69,359.0,0.61,571.0,0.7,459.0,0.6,349.0,0.71,424.0,0.33,452.0,0.36,200.0,0.32,293.0,0.37,369.99,0.31,359.0,0.38,284.0,0.3,459.0,0.39,571.0,0.29,424.0,0.4,349.0
2026-01-07 08:17:43.903000+00:00,2026-01-07 08:17:41.490328+00:00,163.903,0.655,0.65,0.66,0.345,0.34,0.35,103.0,198.89,198.89,103.0,0.64,230.0,0.67,601.99,0.63,324.99,0.68,293.0,0.62,354.0,0.69,359.0,0.61,507.0,0.7,459.0,0.6,349.0,0.71,424.0,0.33,601.99,0.36,250.0,0.32,293.0,0.37,324.99,0.31,359.0,0.38,288.0,0.3,459.0,0.39,507.0,0.29,424.0,0.4,349.0
2026-01-07 08:17:45.029000+00:00,2026-01-07 08:17:42.510847+00:00,165.029,0.655,0.65,0.66,0.345,0.34,0.35,118.0,14.0,14.0,118.0,0.64,255.0,0.67,318.99,0.63,304.99,0.68,343.0,0.62,294.0,0.69,385.83,0.61,497.0,0.7,459.0,0.6,349.0,0.71,424.0,0.33,348.99,0.36,255.0,0.32,343.0,0.37,372.99,0.31,385.83,0.38,228.0,0.3,459.0,0.39,497.0,0.29,424.0,0.4,349.0
2026-01-07 08:17:46.006000+00:00,2026-01-07 08:17:43.515400+00:00,166.006,0.655,0.65,0.66,0.345,0.34,0.35,118.0,14.0,14.0,118.0,0.64,438.0,0.67,234.0,0.63,555.99,0.68,195.0,0.62,532.0,0.69,106.83,0.61,618.0,0.7,313.0,0.6,349.0,0.71,338.0,0.33,234.0,0.36,438.0,0.32,195.0,0.37,555.99,0.31,106.83,0.38,532.0,0.3,313.0,0.39,618.0,0.29,338.0,0.4,349.0
2026-01-07 08:17:47.799000+00:00,2026-01-07 08:17:45.541516+00:00,167.799,0.655,0.65,0.66,0.345,0.34,0.35,103.71,14.0,14.0,103.71,0.64,438.0,0.67,378.99,0.63,555.99,0.68,95.0,0.62,532.0,0.69,106.83,0.61,618.0,0.7,130.0,0.6,349.0,0.71,338.0,0.33,378.99,0.36,438.0,0.32,125.0,0.37,555.99,0.31,80.0,0.38,532.0,0.3,130.0,0.39,618.0,0.29,338.0,0.4,349.0
2026-01-07 08:17:49.082000+00:00,2026-01-07 08:17:46.548030+00:00,169.082,0.655,0.65,0.66,0.345,0.34,0.35,113.71,19.0,14.0,113.71,0.64,453.0,0.67,304.0,0.63,487.99,0.68,135.0,0.62,532.0,0.69,106.83,0.61,618.0,0.7,130.0,0.6,349.0,0.71,338.0,0.33,259.0,0.36,438.0,0.32,145.0,0.37,555.99,0.31,106.83,0.38,532.0,0.3,130.0,0.39,618.0,0.29,338.0,0.4,349.0
2026-01-07 08:17:50.022000+00:00,2026-01-07 08:17:47.537735+00:00,170.022,0.665,0.66,0.67,0.335,0.33,0.34,145.0,224.0,224.0,170.0,0.65,95.0,0.68,120.0,0.64,413.0,0.69,145.0,0.63,569.99,0.7,180.0,0.62,508.0,0.71,338.0,0.61,583.0,0.72,914.0,0.32,120.0,0.35,95.0,0.31,145.0,0.36,413.0,0.3,180.0,0.37,569.99,0.29,338.0,0.38,508.0,0.28,914.0,0.39,583.0
2026-01-07 08:17:51.067000+00:00,2026-01-07 08:17:48.543241+00:00,171.067,0.665,0.66,0.67,0.335,0.33,0.34,175.0,224.0,224.0,175.0,0.65,65.0,0.68,125.0,0.64,413.0,0.69,160.0,0.63,569.99,0.7,160.0,0.62,508.0,0.71,338.0,0.61,583.0,0.72,914.0,0.32,125.0,0.35,65.0,0.31,160.0,0.36,413.0,0.3,160.0,0.37,569.99,0.29,338.0,0.38,508.0,0.28,914.0,0.39,583.0
2026-01-07 08:17:52.072000+00:00,2026-01-07 08:17:49.547629+00:00,172.072,0.665,0.66,0.67,0.335,0.33,0.34,110.0,234.0,234.0,110.0,0.65,120.0,0.68,185.0,0.64,413.0,0.69,90.0,0.63,579.99,0.7,160.0,0.62,508.0,0.71,338.0,0.61,583.0,0.72,914.0,0.32,185.0,0.35,120.0,0.31,90.0,0.36,482.0,0.3,160.0,0.37,511.99,0.29,338.0,0.38,508.0,0.28,914.0,0.39,583.0
2026-01-07 08:17:53.087000+00:00,2026-01-07 08:17:50.556681+00:00,173.087,0.665,0.66,0.67,0.335,0.33,0.34,155.0,229.0,229.0,155.0,0.65,190.0,0.68,175.0,0.64,413.0,0.69,90.0,0.63,515.99,0.7,160.0,0.62,488.0,0.71,338.0,0.61,583.0,0.72,914.0,0.32,180.0,0.35,190.0,0.31,100.0,0.36,413.0,0.3,160.0,0.37,515.99,0.29,338.0,0.38,488.0,0.28,914.0,0.39,583.0
2026-01-07 08:17:54.659000+00:00,2026-01-07 08:17:52.568637+00:00,174.659,0.665,0.66,0.67,0.335,0.33,0.34,185.0,229.0,229.0,185.0,0.65,195.0,0.68,180.0,0.64,472.0,0.69,100.0,0.63,447.99,0.7,160.0,0.62,488.0,0.71,338.0,0.61,583.0,0.72,914.0,0.32,180.0,0.35,195.0,0.31,100.0,0.36,472.0,0.3,160.0,0.37,447.99,0.29,338.0,0.38,488.0,0.28,914.0,0.39,583.0
2026-01-07 08:17:56.043000+00:00,2026-01-07 08:17:53.590377+00:00,176.043,0.665,0.66,0.67,0.335,0.33,0.34,105.0,393.99,393.99,105.0,0.65,125.0,0.68,75.0,0.64,433.0,0.69,80.0,0.63,487.99,0.7,130.0,0.62,554.0,0.71,338.0,0.61,593.0,0.72,914.0,0.32,75.0,0.35,125.0,0.31,80.0,0.36,433.0,0.3,130.0,0.37,487.99,0.29,338.0,0.38,554.0,0.28,914.0,0.39,593.0
2026-01-07 08:17:57.065000+00:00,2026-01-07 08:17:54.593896+00:00,177.065,0.665,0.66,0.67,0.335,0.33,0.34,70.0,368.99,368.99,70.0,0.65,160.0,0.68,140.0,0.64,418.0,0.69,55.0,0.63,447.99,0.7,338.0,0.62,564.0,0.71,338.0,0.61,618.0,0.72,879.0,0.32,140.0,0.35,160.0,0.31,55.0,0.36,418.0,0.3,338.0,0.37,447.99,0.29,338.0,0.38,564.0,0.28,879.0,0.39,618.0
2026-01-07 08:17:58.028000+00:00,2026-01-07 08:17:55.600382+00:00,178.028,0.665,0.66,0.67,0.335,0.33,0.34,80.0,348.99,348.99,80.0,0.65,220.0,0.68,170.0,0.64,378.0,0.69,65.0,0.63,447.99,0.7,338.0,0.62,554.0,0.71,338.0,0.61,618.0,0.72,879.0,0.32,170.0,0.35,220.0,0.31,65.0,0.36,378.0,0.3,338.0,0.37,447.99,0.29,338.0,0.38,554.0,0.28,879.0,0.39,618.0
2026-01-07 08:17:59.098000+00:00,2026-01-07 08:17:56.609977+00:00,179.098,0.665,0.66,0.67,0.335,0.33,0.34,80.0,348.99,348.99,80.0,0.65,220.0,0.68,170.0,0.64,378.0,0.69,75.0,0.63,515.99,0.7,338.0,0.62,488.0,0.71,338.0,0.61,618.0,0.72,879.0,0.32,155.0,0.35,220.0,0.31,90.0,0.36,378.0,0.3,338.0,0.37,447.99,0.29,338.0,0.38,488.0,0.28,879.0,0.39,618.0
2026-01-07 08:18:00.123000+00:00,2026-01-07 08:17:57.615925+00:00,180.123,0.665,0.66,0.67,0.335,0.33,0.34,170.0,214.0,214.0,170.0,0.65,150.0,0.68,150.0,0.64,457.0,0.69,91.83,0.63,437.99,0.7,408.0,0.62,488.0,0.71,348.0,0.61,618.0,0.72,879.0,0.32,150.0,0.35,150.0,0.31,91.83,0.36,457.0,0.3,408.0,0.37,437.99,0.29,348.0,0.38,488.0,0.28,879.0,0.39,618.0
2026-01-07 08:18:01.141000+00:00,2026-01-07 08:17:58.622977+00:00,181.141,0.665,0.66,0.67,0.335,0.33,0.34,165.0,163.0,114.0,165.0,0.65,160.0,0.68,155.0,0.64,457.0,0.69,90.0,0.63,437.99,0.7,418.0,0.62,488.0,0.71,343.0,0.61,618.0,0.72,879.0,0.32,155.0,0.35,160.0,0.31,90.0,0.36,457.0,0.3,418.0,0.37,437.99,0.29,343.0,0.38,488.0,0.28,879.0,0.39,618.0
2026-01-07 08:18:02.169000+00:00,2026-01-07 08:17:59.625848+00:00,182.169,0.665,0.66,0.67,0.335,0.33,0.34,35.13,263.99,263.99,30.08,0.65,190.0,0.68,120.0,0.64,477.0,0.69,91.83,0.63,437.99,0.7,338.0,0.62,498.0,0.71,343.0,0.61,618.0,0.72,879.0,0.32,120.0,0.35,200.0,0.31,91.83,0.36,467.0,0.3,338.0,0.37,437.99,0.29,343.0,0.38,498.0,0.28,879.0,0.39,618.0
2026-01-07 08:18:03.161000+00:00,2026-01-07 08:18:00.632453+00:00,183.161,0.665,0.66,0.67,0.335,0.33,0.34,30.08,258.99,258.99,30.08,0.65,180.0,0.68,120.0,0.64,467.0,0.69,91.83,0.63,447.99,0.7,338.0,0.62,488.0,0.71,343.0,0.61,618.0,0.72,879.0,0.32,130.0,0.35,180.0,0.31,91.83,0.36,487.0,0.3,338.0,0.37,447.99,0.29,343.0,0.38,498.0,0.28,879.0,0.39,618.0
2026-01-07 08:18:04.064000+00:00,2026-01-07 08:18:01.638500+00:00,184.064,0.665,0.66,0.67,0.335,0.33,0.34,26.08,144.99,144.99,26.08,0.65,180.0,0.68,120.0,0.64,497.0,0.69,101.83,0.63,437.99,0.7,338.0,0.62,498.0,0.71,343.0,0.61,394.0,0.72,879.0,0.32,120.0,0.35,180.0,0.31,101.83,0.36,497.0,0.3,338.0,0.37,437.99,0.29,343.0,0.38,498.0,0.28,879.0,0.39,394.0
2026-01-07 08:18:05.191000+00:00,2026-01-07 08:18:02.660057+00:00,185.191,0.665,0.66,0.67,0.335,0.33,0.34,46.08,109.99,10.0,76.08,0.65,205.0,0.68,140.0,0.64,387.0,0.69,101.83,0.63,496.99,0.7,338.0,0.62,439.0,0.71,343.0,0.61,394.0,0.72,879.0,0.32,210.0,0.35,215.0,0.31,101.83,0.36,387.0,0.3,338.0,0.37,496.99,0.29,343.0,0.38,439.0,0.28,879.0,0.39,394.0
2026-01-07 08:18:06.113000+00:00,2026-01-07 08:18:03.650585+00:00,186.113,0.675,0.67,0.68,0.325,0.32,0.33,10.66,155.0,155.0,10.66,0.66,146.08,0.69,120.0,0.65,241.0,0.7,205.0,0.64,318.0,0.71,343.0,0.63,466.99,0.72,879.0,0.62,439.0,0.73,379.0,0.31,120.0,0.34,146.08,0.3,205.0,0.35,241.0,0.29,343.0,0.36,318.0,0.28,879.0,0.37,466.99,0.27,379.0,0.38,439.0
2026-01-07 08:18:07.199000+00:00,2026-01-07 08:18:04.655436+00:00,187.199,0.665,0.66,0.67,0.335,0.33,0.34,31.08,158.99,193.99,26.08,0.65,251.0,0.68,99.93,0.64,308.0,0.69,86.83,0.63,476.99,0.7,155.0,0.62,439.0,0.71,343.0,0.61,394.0,0.72,879.0,0.32,104.93,0.35,170.0,0.31,55.0,0.36,333.0,0.3,155.0,0.37,476.99,0.29,343.0,0.38,505.0,0.28,879.0,0.39,394.0
2026-01-07 08:18:08.178000+00:00,2026-01-07 08:18:05.660007+00:00,188.178,0.665,0.66,0.67,0.335,0.33,0.34,26.08,219.99,209.99,26.08,0.65,170.0,0.68,104.93,0.64,308.0,0.69,55.0,0.63,604.99,0.7,155.0,0.62,673.0,0.71,343.0,0.61,404.0,0.72,879.0,0.32,104.93,0.35,170.0,0.31,55.0,0.36,308.0,0.3,155.0,0.37,584.99,0.29,343.0,0.38,673.0,0.28,879.0,0.39,404.0
2026-01-07 08:18:09.195000+00:00,2026-01-07 08:18:06.666352+00:00,189.195,0.665,0.66,0.67,0.335,0.33,0.34,26.08,154.99,154.99,26.08,0.65,220.0,0.68,124.95,0.64,328.0,0.69,81.83,0.63,476.99,0.7,155.0,0.62,663.0,0.71,343.0,0.61,404.0,0.72,879.0,0.32,124.95,0.35,220.0,0.31,81.83,0.36,397.0,0.3,155.0,0.37,476.99,0.29,343.0,0.38,663.0,0.28,879.0,0.39,404.0
2026-01-07 08:18:10.953000+00:00,2026-01-07 08:18:08.677333+00:00,190.953,0.665,0.66,0.67,0.335,0.33,0.34,22.34,124.99,124.99,22.34,0.65,240.0,0.68,134.95,0.64,387.0,0.69,101.83,0.63,490.99,0.7,155.0,0.62,663.0,0.71,343.0,0.61,394.0,0.72,879.0,0.32,134.95,0.35,240.0,0.31,101.83,0.36,387.0,0.3,155.0,0.37,490.99,0.29,343.0,0.38,663.0,0.28,879.0,0.39,394.0
2026-01-07 08:18:12.226000+00:00,2026-01-07 08:18:09.685054+00:00,192.226,0.665,0.66,0.67,0.335,0.33,0.34,22.34,134.94,154.94,22.34,0.65,210.0,0.68,134.95,0.64,348.0,0.69,299.0,0.63,490.99,0.7,155.0,0.62,729.0,0.71,343.0,0.61,394.0,0.72,879.0,0.32,119.95,0.35,200.0,0.31,314.0,0.36,358.0,0.3,155.0,0.37,490.99,0.29,343.0,0.38,729.0,0.28,879.0,0.39,394.0
2026-01-07 08:18:13.222000+00:00,2026-01-07 08:18:10.690962+00:00,193.222,0.655,0.65,0.66,0.345,0.34,0.35,75.0,104.77,336.77,20.0,0.64,253.0,0.67,101.78,0.63,365.99,0.68,119.95,0.62,684.0,0.69,289.0,0.61,394.0,0.7,155.0,0.6,349.0,0.71,343.0,0.33,263.78,0.36,183.0,0.32,317.95,0.37,302.99,0.31,323.0,0.38,334.0,0.3,363.0,0.39,314.0,0.29,434.9,0.4,447.0
2026-01-07 08:18:14.196000+00:00,2026-01-07 08:18:11.713183+00:00,194.196,0.635,0.63,0.64,0.365,0.36,0.37,64.99,183.98,183.98,64.99,0.62,100.0,0.65,323.0,0.61,115.0,0.66,238.0,0.6,227.0,0.67,257.95,0.59,593.02,0.68,378.95,0.58,454.0,0.69,349.0,0.35,323.0,0.38,100.0,0.34,238.0,0.39,115.0,0.33,257.95,0.4,227.0,0.32,378.95,0.41,593.02,0.31,349.0,0.42,524.0
2026-01-07 08:18:15.405000+00:00,2026-01-07 08:18:12.718737+00:00,195.405,0.635,0.63,0.64,0.365,0.36,0.37,61.15,168.99,168.99,61.15,0.62,160.0,0.65,323.0,0.61,55.0,0.66,283.0,0.6,270.0,0.67,257.95,0.59,571.02,0.68,343.95,0.58,524.0,0.69,349.0,0.35,323.0,0.38,160.0,0.34,283.0,0.39,65.0,0.33,257.95,0.4,207.0,0.32,343.95,0.41,571.02,0.31,349.0,0.42,524.0
2026-01-07 08:18:16.243000+00:00,2026-01-07 08:18:13.725288+00:00,196.243,0.635,0.63,0.64,0.365,0.36,0.37,50.2,238.99,417.82,50.2,0.62,95.0,0.65,115.0,0.61,95.0,0.66,487.0,0.6,207.0,0.67,257.95,0.59,581.02,0.68,343.95,0.58,584.0,0.69,430.0,0.35,187.0,0.38,20.0,0.34,263.0,0.39,50.0,0.33,378.95,0.4,238.0,0.32,421.95,0.41,560.02,0.31,349.0,0.42,534.0
2026-01-07 08:18:17.270000+00:00,2026-01-07 08:18:14.731253+00:00,197.27,0.605,0.6,0.61,0.395,0.39,0.4,5.0,49.99,178.97,25.0,0.59,65.0,0.62,125.81,0.58,361.0,0.63,120.0,0.57,425.0,0.64,263.0,0.56,424.0,0.65,263.0,0.55,482.79,0.66,228.0,0.38,111.81,0.41,174.0,0.37,150.0,0.42,301.0,0.36,263.0,0.43,495.0,0.35,228.0,0.44,494.0,0.34,302.0,0.45,573.79
2026-01-07 08:18:18.791000+00:00,2026-01-07 08:18:16.761099+00:00,198.791,0.59,0.58,0.6,0.405,0.4,0.41,402.17,148.83,19.0,65.0,0.57,480.0,0.61,145.0,0.56,551.0,0.62,90.0,0.55,527.79,0.63,263.0,0.54,484.0,0.64,263.0,0.53,494.0,0.65,349.0,0.39,215.0,0.42,382.17,0.38,90.0,0.43,474.0,0.37,263.0,0.44,551.0,0.36,263.0,0.45,517.79,0.35,349.0,0.46,484.0
2026-01-07 08:18:20.255000+00:00,2026-01-07 08:18:17.770520+00:00,200.255,0.595,0.59,0.6,0.405,0.4,0.41,65.0,19.0,19.0,65.0,0.58,229.17,0.61,215.0,0.57,170.0,0.62,90.0,0.56,440.0,0.63,263.0,0.55,517.79,0.64,263.0,0.54,484.0,0.65,349.0,0.39,215.0,0.42,229.17,0.38,90.0,0.43,170.0,0.37,263.0,0.44,440.0,0.36,263.0,0.45,517.79,0.35,349.0,0.46,484.0
2026-01-07 08:18:21.240000+00:00,2026-01-07 08:18:18.791002+00:00,201.24,0.595,0.59,0.6,0.405,0.4,0.41,150.0,19.0,19.0,150.0,0.58,359.17,0.61,215.0,0.57,100.0,0.62,90.0,0.56,594.0,0.63,263.0,0.55,517.79,0.64,263.0,0.54,484.0,0.65,349.0,0.39,215.0,0.42,359.17,0.38,90.0,0.43,100.0,0.37,263.0,0.44,594.0,0.36,263.0,0.45,517.79,0.35,349.0,0.46,484.0
2026-01-07 08:18:22.198000+00:00,2026-01-07 08:18:19.803123+00:00,202.198,0.595,0.59,0.6,0.405,0.4,0.41,150.0,19.0,159.0,85.0,0.58,359.17,0.61,215.0,0.57,100.0,0.62,90.0,0.56,594.0,0.63,263.0,0.55,517.79,0.64,263.0,0.54,484.0,0.65,349.0,0.39,145.0,0.42,379.17,0.38,90.0,0.43,100.0,0.37,263.0,0.44,584.0,0.36,263.0,0.45,517.79,0.35,349.0,0.46,484.0
2026-01-07 08:18:23.911000+00:00,2026-01-07 08:18:21.835780+00:00,203.911,0.595,0.59,0.6,0.405,0.4,0.41,145.0,24.0,24.0,145.0,0.58,320.17,0.61,220.0,0.57,149.0,0.62,80.0,0.56,537.0,0.63,263.0,0.55,573.79,0.64,263.0,0.54,484.0,0.65,349.0,0.39,210.0,0.42,320.17,0.38,80.0,0.43,149.0,0.37,263.0,0.44,537.0,0.36,263.0,0.45,573.79,0.35,349.0,0.46,484.0
2026-01-07 08:18:25.245000+00:00,2026-01-07 08:18:22.827756+00:00,205.245,0.595,0.59,0.6,0.405,0.4,0.41,145.0,18.95,18.95,145.0,0.58,320.17,0.61,200.0,0.57,149.0,0.62,100.0,0.56,537.0,0.63,487.0,0.55,573.79,0.64,263.0,0.54,484.0,0.65,349.0,0.39,200.0,0.42,320.17,0.38,100.0,0.43,149.0,0.37,487.0,0.44,537.0,0.36,263.0,0.45,573.79,0.35,349.0,0.46,484.0
2026-01-07 08:18:26.374000+00:00,2026-01-07 08:18:23.834243+00:00,206.374,0.6,0.59,0.61,0.4,0.39,0.41,220.0,169.0,169.0,220.0,0.58,245.17,0.62,145.0,0.57,145.0,0.63,507.0,0.56,584.0,0.64,263.0,0.55,517.79,0.65,349.0,0.54,484.0,0.66,339.0,0.38,145.0,0.42,245.17,0.37,507.0,0.43,159.0,0.36,263.0,0.44,527.0,0.35,349.0,0.45,573.79,0.34,413.0,0.46,484.0
2026-01-07 08:18:27.370000+00:00,2026-01-07 08:18:24.844056+00:00,207.37,0.595,0.59,0.6,0.405,0.4,0.41,190.0,10.0,10.0,190.0,0.58,289.17,0.61,164.0,0.57,135.0,0.62,165.0,0.56,537.0,0.63,487.0,0.55,573.79,0.64,263.0,0.54,484.0,0.65,349.0,0.39,164.0,0.42,295.17,0.38,155.0,0.43,149.0,0.37,487.0,0.44,537.0,0.36,263.0,0.45,573.79,0.35,349.0,0.46,484.0
2026-01-07 08:18:28.392000+00:00,2026-01-07 08:18:25.867961+00:00,208.392,0.595,0.59,0.6,0.405,0.4,0.41,125.0,144.0,125.0,125.0,0.58,315.17,0.61,135.0,0.57,149.0,0.62,135.0,0.56,594.0,0.63,487.0,0.55,517.79,0.64,263.0,0.54,484.0,0.65,349.0,0.39,129.0,0.42,315.17,0.38,135.0,0.43,149.0,0.37,487.0,0.44,594.0,0.36,263.0,0.45,517.79,0.35,349.0,0.46,484.0
2026-01-07 08:18:29.374000+00:00,2026-01-07 08:18:26.860757+00:00,209.374,0.595,0.59,0.6,0.405,0.4,0.41,95.0,139.0,139.0,80.0,0.58,315.17,0.61,115.0,0.57,149.0,0.62,135.0,0.56,537.0,0.63,487.0,0.55,573.79,0.64,263.0,0.54,484.0,0.65,349.0,0.39,115.0,0.42,360.17,0.38,135.0,0.43,149.0,0.37,487.0,0.44,537.0,0.36,263.0,0.45,573.79,0.35,349.0,0.46,484.0
2026-01-07 08:18:30.212000+00:00,2026-01-07 08:18:27.865735+00:00,210.212,0.595,0.59,0.6,0.405,0.4,0.41,145.0,24.0,49.0,145.0,0.58,340.17,0.61,205.0,0.57,149.0,0.62,115.0,0.56,537.0,0.63,487.0,0.55,573.79,0.64,263.0,0.54,484.0,0.65,349.0,0.39,205.0,0.42,340.17,0.38,115.0,0.43,149.0,0.37,487.0,0.44,537.0,0.36,263.0,0.45,573.79,0.35,349.0,0.46,484.0
2026-01-07 08:18:31.395000+00:00,2026-01-07 08:18:28.874653+00:00,211.395,0.585,0.58,0.59,0.415,0.41,0.42,170.17,35.0,35.0,170.17,0.57,134.0,0.6,154.0,0.56,50.0,0.61,343.0,0.55,507.79,0.62,293.0,0.54,554.0,0.63,228.0,0.53,529.0,0.64,349.0,0.4,154.0,0.43,134.0,0.39,343.0,0.44,50.0,0.38,293.0,0.45,507.79,0.37,228.0,0.46,554.0,0.36,349.0,0.47,529.0
2026-01-07 08:18:32.066000+00:00,2026-01-07 08:18:29.881424+00:00,212.066,0.585,0.58,0.59,0.415,0.41,0.42,110.17,40.0,40.0,110.17,0.57,184.0,0.6,219.0,0.56,60.0,0.61,273.0,0.55,497.79,0.62,293.0,0.54,564.0,0.63,228.0,0.53,529.0,0.64,349.0,0.4,219.0,0.43,184.0,0.39,273.0,0.44,60.0,0.38,293.0,0.45,497.79,0.37,228.0,0.46,564.0,0.36,349.0,0.47,529.0
2026-01-07 08:18:33.403000+00:00,2026-01-07 08:18:30.891502+00:00,213.403,0.585,0.58,0.59,0.415,0.41,0.42,115.12,174.0,194.0,95.12,0.57,195.0,0.6,86.83,0.56,185.0,0.61,263.0,0.55,497.79,0.62,263.0,0.54,494.0,0.63,228.0,0.53,454.0,0.64,349.0,0.4,86.83,0.43,195.0,0.39,263.0,0.44,185.0,0.38,263.0,0.45,497.79,0.37,228.0,0.46,494.0,0.36,349.0,0.47,454.0
2026-01-07 08:18:34.381000+00:00,2026-01-07 08:18:31.898673+00:00,214.381,0.585,0.58,0.59,0.415,0.41,0.42,4.97,167.83,167.83,4.97,0.57,130.0,0.6,126.83,0.56,255.0,0.61,263.0,0.55,427.79,0.62,263.0,0.54,494.0,0.63,228.0,0.53,454.0,0.64,354.6,0.4,146.83,0.43,135.0,0.39,263.0,0.44,255.0,0.38,263.0,0.45,427.79,0.37,228.0,0.46,494.0,0.36,354.6,0.47,454.0
2026-01-07 08:18:35.295000+00:00,2026-01-07 08:18:32.905736+00:00,215.295,0.585,0.58,0.59,0.415,0.41,0.42,74.97,161.83,161.83,74.97,0.57,151.0,0.6,70.0,0.56,405.0,0.61,180.0,0.55,605.79,0.62,263.0,0.54,484.0,0.63,233.6,0.53,454.0,0.64,354.6,0.4,70.0,0.43,151.0,0.39,180.0,0.44,405.0,0.38,263.0,0.45,605.79,0.37,233.6,0.46,484.0,0.36,354.6,0.47,454.0
2026-01-07 08:18:36.459000+00:00,2026-01-07 08:18:33.913324+00:00,216.459,0.595,0.59,0.6,0.405,0.4,0.41,91.0,120.0,120.0,91.0,0.58,202.0,0.61,96.81,0.57,324.0,0.62,298.5,0.56,773.0,0.63,522.6,0.55,517.79,0.64,389.6,0.54,538.0,0.65,410.7,0.39,96.81,0.42,263.0,0.38,298.5,0.43,385.0,0.37,522.6,0.44,773.0,0.36,389.6,0.45,517.79,0.35,410.7,0.46,538.0
2026-01-07 08:18:37.459000+00:00,2026-01-07 08:18:34.933452+00:00,217.459,0.59,0.58,0.6,0.42,0.41,0.43,20.0,183.99,194.97,234.0,0.57,363.16,0.61,115.5,0.56,598.0,0.62,268.5,0.55,513.79,0.63,268.6,0.54,603.0,0.64,354.6,0.53,454.0,0.65,339.7,0.4,73.99,0.44,319.0,0.39,426.5,0.45,531.95,0.38,268.5,0.46,482.0,0.37,233.6,0.47,384.0,0.36,354.6,0.48,374.0
2026-01-07 08:18:38.464000+00:00,2026-01-07 08:18:35.941917+00:00,218.464,0.575,0.57,0.58,0.425,0.42,0.43,57.0,276.0,337.0,57.0,0.56,75.0,0.59,212.0,0.55,222.95,0.6,361.99,0.54,428.0,0.61,248.0,0.53,65.0,0.62,354.5,0.52,339.0,0.63,354.6,0.41,273.0,0.44,75.0,0.4,361.99,0.45,222.95,0.39,248.0,0.46,482.0,0.38,354.5,0.47,65.0,0.37,354.6,0.48,339.0
2026-01-07 08:18:39.470000+00:00,2026-01-07 08:18:36.947733+00:00,219.47,0.575,0.57,0.58,0.425,0.42,0.43,9.0,343.9,343.9,9.0,0.56,75.0,0.59,343.0,0.55,222.95,0.6,291.99,0.54,428.0,0.61,248.0,0.53,65.0,0.62,354.5,0.52,391.0,0.63,422.6,0.41,343.0,0.44,75.0,0.4,291.99,0.45,232.95,0.39,248.0,0.46,428.0,0.38,354.5,0.47,65.0,0.37,422.6,0.48,391.0
2026-01-07 08:18:40.465000+00:00,2026-01-07 08:18:37.956670+00:00,220.465,0.575,0.57,0.58,0.425,0.42,0.43,9.0,343.9,348.9,9.0,0.56,80.0,0.59,338.0,0.55,236.95,0.6,281.99,0.54,438.0,0.61,248.0,0.53,108.0,0.62,354.5,0.52,339.0,0.63,354.6,0.41,348.0,0.44,85.0,0.4,281.99,0.45,236.95,0.39,248.0,0.46,438.0,0.38,354.5,0.47,108.0,0.37,354.6,0.48,339.0
2026-01-07 08:18:41.471000+00:00,2026-01-07 08:18:38.945752+00:00,221.471,0.565,0.56,0.57,0.435,0.43,0.44,70.0,130.0,135.0,70.0,0.55,326.95,0.58,308.9,0.54,508.0,0.59,333.0,0.53,178.0,0.6,281.99,0.52,409.0,0.61,213.0,0.51,409.0,0.62,354.5,0.42,318.9,0.45,351.95,0.41,323.0,0.46,508.0,0.4,281.99,0.47,178.0,0.39,213.0,0.48,409.0,0.38,354.5,0.49,409.0
2026-01-07 08:18:42.415000+00:00,2026-01-07 08:18:39.953467+00:00,222.415,0.565,0.56,0.57,0.435,0.43,0.44,282.34,44.0,44.0,282.34,0.55,309.79,0.58,209.9,0.54,396.0,0.59,327.0,0.53,368.0,0.6,540.99,0.52,409.0,0.61,279.81,0.51,409.0,0.62,354.5,0.42,209.9,0.45,309.79,0.41,332.0,0.46,396.0,0.4,550.99,0.47,368.0,0.39,279.81,0.48,409.0,0.38,354.5,0.49,409.0
2026-01-07 08:18:43.478000+00:00,2026-01-07 08:18:40.961805+00:00,223.478,0.565,0.56,0.57,0.435,0.43,0.44,297.34,44.0,44.0,297.34,0.55,309.79,0.58,26.9,0.54,477.0,0.59,169.0,0.53,429.0,0.6,530.99,0.52,409.0,0.61,279.81,0.51,409.0,0.62,233.5,0.42,31.9,0.45,324.79,0.41,175.0,0.46,467.0,0.4,525.99,0.47,429.0,0.39,259.81,0.48,409.0,0.38,233.5,0.49,409.0
2026-01-07 08:18:44.482000+00:00,2026-01-07 08:18:41.974518+00:00,224.482,0.565,0.56,0.57,0.435,0.43,0.44,451.34,14.0,14.0,455.34,0.55,602.79,0.58,51.9,0.54,539.0,0.59,169.99,0.53,464.0,0.6,84.99,0.52,409.0,0.61,278.0,0.51,374.0,0.62,268.5,0.42,51.9,0.45,658.79,0.41,169.99,0.46,539.0,0.4,69.99,0.47,464.0,0.39,278.0,0.48,409.0,0.38,268.5,0.49,374.0
2026-01-07 08:18:45.500000+00:00,2026-01-07 08:18:42.965647+00:00,225.5,0.575,0.57,0.58,0.425,0.42,0.43,414.16,1.9,1.9,414.16,0.56,410.34,0.59,35.0,0.55,648.79,0.6,189.99,0.54,539.0,0.61,248.0,0.53,454.0,0.62,298.5,0.52,374.0,0.63,253.6,0.41,35.0,0.44,410.34,0.4,189.99,0.45,648.79,0.39,248.0,0.46,539.0,0.38,298.5,0.47,454.0,0.37,253.6,0.48,374.0
2026-01-07 08:18:46.491000+00:00,2026-01-07 08:18:43.973708+00:00,226.491,0.575,0.57,0.58,0.425,0.42,0.43,206.16,31.9,51.9,206.16,0.56,182.34,0.59,109.0,0.55,278.79,0.6,293.0,0.54,613.0,0.61,238.0,0.53,474.0,0.62,268.5,0.52,384.0,0.63,253.6,0.41,119.0,0.44,182.34,0.4,293.0,0.45,288.79,0.39,238.0,0.46,623.0,0.38,268.5,0.47,474.0,0.37,253.6,0.48,394.0
2026-01-07 08:18:47.441000+00:00,2026-01-07 08:18:44.979629+00:00,227.441,0.575,0.57,0.58,0.425,0.42,0.43,204.16,6.9,6.9,204.16,0.56,216.26,0.59,5.0,0.55,288.79,0.6,392.99,0.54,593.0,0.61,278.0,0.53,454.0,0.62,268.5,0.52,374.0,0.63,253.6,0.41,5.0,0.44,221.26,0.4,392.99,0.45,308.79,0.39,278.0,0.46,593.0,0.38,268.5,0.47,454.0,0.37,253.6,0.48,374.0
2026-01-07 08:18:48.514000+00:00,2026-01-07 08:18:45.987240+00:00,228.514,0.575,0.57,0.58,0.425,0.42,0.43,464.16,1.9,1.9,419.16,0.56,530.26,0.6,10.0,0.55,557.79,0.61,75.0,0.54,529.0,0.62,238.49,0.53,454.0,0.63,307.08,0.52,374.0,0.64,477.6,0.39,15.0,0.44,577.26,0.38,278.49,0.45,557.79,0.37,280.43,0.46,529.0,0.36,517.6,0.47,454.0,0.35,354.7,0.48,409.0
2026-01-07 08:18:49.392000+00:00,2026-01-07 08:18:46.980787+00:00,229.392,0.605,0.6,0.61,0.395,0.39,0.4,95.0,5.0,5.0,85.0,0.59,258.0,0.62,174.99,0.58,328.0,0.63,105.0,0.57,552.0,0.64,329.0,0.56,520.26,0.65,253.7,0.55,562.79,0.66,298.8,0.38,174.99,0.41,268.0,0.37,105.0,0.42,328.0,0.36,319.0,0.43,542.0,0.35,253.7,0.44,520.26,0.34,298.8,0.45,562.79
2026-01-07 08:18:50.533000+00:00,2026-01-07 08:18:47.988106+00:00,230.533,0.595,0.59,0.6,0.405,0.4,0.41,224.0,188.63,188.63,224.0,0.58,348.0,0.61,45.0,0.57,514.0,0.62,106.81,0.56,560.26,0.63,55.0,0.55,572.79,0.64,289.0,0.54,548.0,0.65,324.7,0.39,45.0,0.42,348.0,0.38,106.81,0.43,514.0,0.37,55.0,0.44,560.26,0.36,289.0,0.45,572.79,0.35,324.7,0.46,548.0
2026-01-07 08:18:51.382000+00:00,2026-01-07 08:18:48.995113+00:00,231.382,0.595,0.59,0.6,0.405,0.4,0.41,184.0,170.75,136.63,172.38,0.58,348.0,0.61,45.0,0.57,514.0,0.62,106.81,0.56,560.26,0.63,55.0,0.55,572.79,0.64,289.0,0.54,548.0,0.65,324.7,0.39,45.0,0.42,348.0,0.38,106.81,0.43,494.0,0.37,55.0,0.44,560.26,0.36,289.0,0.45,572.79,0.35,324.7,0.46,548.0
2026-01-07 08:18:52.506000+00:00,2026-01-07 08:18:50.000795+00:00,232.506,0.595,0.59,0.6,0.405,0.4,0.41,262.38,131.63,131.63,262.38,0.58,358.0,0.61,65.0,0.57,708.0,0.62,136.81,0.56,491.26,0.63,55.0,0.55,562.79,0.64,289.0,0.54,548.0,0.65,324.7,0.39,65.0,0.42,358.0,0.38,136.81,0.43,708.0,0.37,55.0,0.44,540.26,0.36,289.0,0.45,562.79,0.35,324.7,0.46,548.0
2026-01-07 08:18:53.534000+00:00,2026-01-07 08:18:51.007637+00:00,233.534,0.595,0.59,0.6,0.405,0.4,0.41,262.38,121.63,121.63,262.38,0.58,388.0,0.61,75.0,0.57,776.0,0.62,136.81,0.56,530.26,0.63,65.0,0.55,562.79,0.64,289.0,0.54,494.0,0.65,253.7,0.39,75.0,0.42,388.0,0.38,136.81,0.43,776.0,0.37,65.0,0.44,530.26,0.36,289.0,0.45,562.79,0.35,253.7,0.46,494.0
2026-01-07 08:18:54.445000+00:00,2026-01-07 08:18:52.017174+00:00,234.445,0.595,0.59,0.6,0.405,0.4,0.41,262.38,126.63,126.63,262.38,0.58,388.0,0.61,75.0,0.57,776.0,0.62,136.81,0.56,530.26,0.63,65.0,0.55,562.79,0.64,289.0,0.54,494.0,0.65,253.7,0.39,75.0,0.42,388.0,0.38,136.81,0.43,776.0,0.37,65.0,0.44,530.26,0.36,289.0,0.45,562.79,0.35,253.7,0.46,494.0
2026-01-07 08:18:55.299000+00:00,2026-01-07 08:18:53.020657+00:00,235.299,0.595,0.59,0.6,0.405,0.4,0.41,242.38,150.63,150.63,242.38,0.58,388.0,0.61,140.0,0.57,738.0,0.62,100.0,0.56,577.26,0.63,55.0,0.55,572.79,0.64,289.0,0.54,494.0,0.65,253.7,0.39,140.0,0.42,388.0,0.38,100.0,0.43,738.0,0.37,55.0,0.44,577.26,0.36,289.0,0.45,572.79,0.35,253.7,0.46,494.0
2026-01-07 08:18:56.514000+00:00,2026-01-07 08:18:54.026033+00:00,236.514,0.595,0.59,0.6,0.405,0.4,0.41,265.76,125.63,175.63,144.76,0.58,383.0,0.61,110.0,0.57,708.0,0.62,110.0,0.56,587.26,0.63,75.0,0.55,562.79,0.64,289.0,0.54,494.0,0.65,248.0,0.39,60.0,0.42,283.0,0.38,65.0,0.43,702.16,0.37,55.0,0.44,597.26,0.36,65.0,0.45,562.79,0.35,218.7,0.46,494.0
2026-01-07 08:18:57.566000+00:00,2026-01-07 08:18:55.035785+00:00,237.566,0.565,0.56,0.57,0.435,0.43,0.44,77.26,228.63,163.0,186.42,0.55,203.79,0.58,198.83,0.54,165.0,0.59,282.0,0.53,437.0,0.6,531.0,0.52,339.0,0.61,349.0,0.51,479.0,0.62,349.0,0.42,317.0,0.45,341.79,0.41,308.0,0.46,262.0,0.4,506.0,0.47,598.0,0.39,404.0,0.48,339.0,0.38,349.0,0.49,339.0
2026-01-07 08:18:58.473000+00:00,2026-01-07 08:18:56.043216+00:00,238.473,0.565,0.56,0.57,0.435,0.43,0.44,161.42,61.0,61.0,161.42,0.55,381.79,0.58,209.0,0.54,323.0,0.59,198.19,0.53,756.0,0.6,354.0,0.52,409.0,0.61,273.0,0.51,409.0,0.62,228.0,0.42,209.0,0.45,381.79,0.41,198.19,0.46,323.0,0.4,354.0,0.47,805.0,0.39,273.0,0.48,409.0,0.38,228.0,0.49,409.0
2026-01-07 08:18:59.557000+00:00,2026-01-07 08:18:57.067487+00:00,239.557,0.565,0.56,0.57,0.435,0.43,0.44,231.42,61.0,61.0,221.42,0.55,451.79,0.58,249.0,0.54,393.0,0.59,198.19,0.53,805.0,0.6,326.5,0.52,409.0,0.61,263.0,0.51,409.0,0.62,228.0,0.42,249.0,0.45,451.79,0.41,208.19,0.46,393.0,0.4,326.5,0.47,805.0,0.39,263.0,0.48,409.0,0.38,228.0,0.49,409.0
2026-01-07 08:19:00.557000+00:00,2026-01-07 08:18:58.090517+00:00,240.557,0.565,0.56,0.57,0.435,0.43,0.44,278.42,60.0,60.0,387.42,0.55,475.79,0.58,140.0,0.54,393.0,0.59,248.18,0.53,752.0,0.6,356.5,0.52,409.0,0.61,263.0,0.51,409.0,0.62,228.0,0.42,96.0,0.45,583.79,0.41,102.19,0.46,494.0,0.4,360.5,0.47,518.0,0.39,283.0,0.48,409.0,0.38,267.98,0.49,374.0
2026-01-07 08:19:01.631000+00:00,2026-01-07 08:18:59.092588+00:00,241.631,0.585,0.58,0.59,0.415,0.41,0.42,105.0,47.19,47.19,125.0,0.57,296.0,0.6,22.5,0.56,481.26,0.61,164.99,0.55,537.79,0.62,130.0,0.54,753.0,0.63,218.6,0.53,518.0,0.64,218.6,0.4,22.5,0.43,296.0,0.39,164.99,0.44,481.26,0.38,135.0,0.45,537.79,0.37,258.6,0.46,753.0,0.36,228.6,0.47,518.0
2026-01-07 08:19:02.451000+00:00,2026-01-07 08:19:00.099359+00:00,242.451,0.585,0.58,0.59,0.415,0.41,0.42,125.0,47.19,47.19,125.0,0.57,238.0,0.6,131.5,0.56,622.26,0.61,100.0,0.55,557.79,0.62,160.0,0.54,753.0,0.63,228.6,0.53,518.0,0.64,228.6,0.4,131.5,0.43,238.0,0.39,100.0,0.44,622.26,0.38,160.0,0.45,557.79,0.37,228.6,0.46,753.0,0.36,228.6,0.47,518.0
2026-01-07 08:19:03.506000+00:00,2026-01-07 08:19:01.120139+00:00,243.506,0.585,0.58,0.59,0.415,0.41,0.42,30.0,158.7,158.7,30.0,0.57,307.16,0.6,102.5,0.56,622.26,0.61,150.0,0.55,616.79,0.62,90.0,0.54,753.0,0.63,218.6,0.53,469.0,0.64,218.6,0.4,102.5,0.43,307.16,0.39,140.0,0.44,612.26,0.38,90.0,0.45,616.79,0.37,218.6,0.46,753.0,0.36,218.6,0.47,469.0
2026-01-07 08:19:04.649000+00:00,2026-01-07 08:19:02.125244+00:00,244.649,0.585,0.58,0.59,0.415,0.41,0.42,225.0,38.71,38.71,190.0,0.57,318.0,0.6,27.5,0.56,552.26,0.61,184.99,0.55,606.79,0.62,140.0,0.54,753.0,0.63,228.6,0.53,469.0,0.64,218.6,0.4,22.5,0.43,328.0,0.39,164.99,0.44,542.26,0.38,155.0,0.45,606.79,0.37,238.6,0.46,753.0,0.36,228.6,0.47,469.0
2026-01-07 08:19:05.598000+00:00,2026-01-07 08:19:03.149568+00:00,245.598,0.585,0.58,0.59,0.415,0.41,0.42,210.0,28.71,28.71,210.0,0.57,435.0,0.6,22.5,0.56,485.26,0.61,164.99,0.55,557.79,0.62,389.0,0.54,753.0,0.63,228.6,0.53,469.0,0.64,228.6,0.4,22.5,0.43,435.0,0.39,164.99,0.44,485.26,0.38,389.0,0.45,557.79,0.37,228.6,0.46,753.0,0.36,228.6,0.47,469.0
2026-01-07 08:19:06.681000+00:00,2026-01-07 08:19:04.156209+00:00,246.681,0.585,0.58,0.59,0.415,0.41,0.42,210.0,33.71,33.71,210.0,0.57,387.0,0.6,37.5,0.56,485.26,0.61,179.99,0.55,557.79,0.62,344.0,0.54,753.0,0.63,45.6,0.53,469.0,0.64,228.6,0.4,47.5,0.43,387.0,0.39,179.99,0.44,552.26,0.38,344.0,0.45,557.79,0.37,45.6,0.46,753.0,0.36,228.6,0.47,469.0
2026-01-07 08:19:07.543000+00:00,2026-01-07 08:19:05.163603+00:00,247.543,0.585,0.58,0.59,0.415,0.41,0.42,155.0,83.71,83.71,155.0,0.57,367.0,0.6,141.5,0.56,545.26,0.61,120.0,0.55,623.79,0.62,314.0,0.54,763.0,0.63,35.6,0.53,469.0,0.64,218.6,0.4,141.5,0.43,367.0,0.39,90.0,0.44,545.26,0.38,344.0,0.45,623.79,0.37,35.6,0.46,763.0,0.36,218.6,0.47,469.0
2026-01-07 08:19:08.593000+00:00,2026-01-07 08:19:06.172438+00:00,248.593,0.585,0.58,0.59,0.415,0.41,0.42,165.0,33.71,33.71,165.0,0.57,417.0,0.6,192.5,0.56,562.26,0.61,90.0,0.55,557.79,0.62,344.0,0.54,753.0,0.63,45.6,0.53,469.0,0.64,218.6,0.4,192.5,0.43,417.0,0.39,120.0,0.44,562.26,0.38,314.0,0.45,557.79,0.37,45.6,0.46,753.0,0.36,218.6,0.47,469.0
2026-01-07 08:19:09.648000+00:00,2026-01-07 08:19:07.179058+00:00,249.648,0.585,0.58,0.59,0.415,0.41,0.42,70.0,187.7,63.71,152.61,0.57,415.16,0.6,87.5,0.56,545.26,0.61,120.0,0.55,567.79,0.62,304.0,0.54,539.0,0.63,35.6,0.53,469.0,0.64,218.6,0.4,147.5,0.43,376.0,0.39,120.0,0.44,525.26,0.38,304.0,0.45,567.79,0.37,35.6,0.46,529.0,0.36,218.6,0.47,469.0
2026-01-07 08:19:10.714000+00:00,2026-01-07 08:19:08.188930+00:00,250.714,0.585,0.58,0.59,0.415,0.41,0.42,252.61,33.71,33.71,252.61,0.57,338.0,0.6,162.5,0.56,505.26,0.61,100.0,0.55,557.79,0.62,334.0,0.54,529.0,0.63,45.6,0.53,469.0,0.64,218.6,0.4,172.5,0.43,348.0,0.39,100.0,0.44,505.26,0.38,334.0,0.45,557.79,0.37,45.6,0.46,529.0,0.36,218.6,0.47,469.0
2026-01-07 08:19:11.516000+00:00,2026-01-07 08:19:09.194013+00:00,251.516,0.585,0.58,0.59,0.415,0.41,0.42,267.61,28.71,28.71,267.61,0.57,348.0,0.6,27.5,0.56,505.26,0.61,198.99,0.55,557.79,0.62,354.0,0.54,578.0,0.63,45.6,0.53,469.0,0.64,218.6,0.4,27.5,0.43,348.0,0.39,198.99,0.44,505.26,0.38,354.0,0.45,557.79,0.37,45.6,0.46,578.0,0.36,218.6,0.47,469.0
2026-01-07 08:19:12.554000+00:00,2026-01-07 08:19:10.213912+00:00,252.554,0.585,0.58,0.59,0.415,0.41,0.42,217.61,28.71,28.71,217.61,0.57,396.0,0.6,37.5,0.56,505.26,0.61,188.99,0.55,557.79,0.62,354.0,0.54,578.0,0.63,45.6,0.53,469.0,0.64,218.6,0.4,52.5,0.43,396.0,0.39,173.99,0.44,505.26,0.38,344.0,0.45,781.79,0.37,45.6,0.46,578.0,0.36,218.6,0.47,469.0
2026-01-07 08:19:13.735000+00:00,2026-01-07 08:19:11.219099+00:00,253.735,0.585,0.58,0.59,0.415,0.41,0.42,37.37,169.34,169.34,37.37,0.57,405.16,0.6,87.5,0.56,486.26,0.61,120.0,0.55,836.79,0.62,304.0,0.54,588.0,0.63,35.6,0.53,479.0,0.64,218.6,0.4,87.5,0.43,405.16,0.39,120.0,0.44,486.26,0.38,304.0,0.45,836.79,0.37,35.6,0.46,588.0,0.36,218.6,0.47,479.0
2026-01-07 08:19:14.726000+00:00,2026-01-07 08:19:12.223496+00:00,254.726,0.585,0.58,0.59,0.415,0.41,0.42,85.0,48.71,48.71,85.0,0.57,406.0,0.6,177.5,0.56,501.26,0.61,115.0,0.55,801.79,0.62,329.0,0.54,578.0,0.63,35.6,0.53,469.0,0.64,288.6,0.4,177.5,0.43,406.0,0.39,115.0,0.44,501.26,0.38,329.0,0.45,801.79,0.37,35.6,0.46,578.0,0.36,288.6,0.47,469.0
2026-01-07 08:19:15.728000+00:00,2026-01-07 08:19:13.244679+00:00,255.728,0.585,0.58,0.59,0.415,0.41,0.42,78.57,48.71,48.71,78.57,0.57,416.0,0.6,177.5,0.56,491.26,0.61,130.0,0.55,801.79,0.62,314.0,0.54,578.0,0.63,35.6,0.53,469.0,0.64,288.6,0.4,177.5,0.43,416.0,0.39,130.0,0.44,491.26,0.38,314.0,0.45,801.79,0.37,35.6,0.46,578.0,0.36,288.6,0.47,469.0
2026-01-07 08:19:16.742000+00:00,2026-01-07 08:19:14.266002+00:00,256.742,0.645,0.64,0.65,0.355,0.35,0.36,202.0,20.0,20.0,202.0,0.63,172.0,0.66,153.99,0.62,313.0,0.67,195.0,0.61,382.0,0.68,125.0,0.6,348.0,0.69,116.1,0.59,349.0,0.7,299.2,0.34,153.99,0.37,233.0,0.33,195.0,0.38,313.0,0.32,125.0,0.39,443.0,0.31,238.1,0.4,409.0,0.3,299.2,0.41,349.0
2026-01-07 08:19:17.799000+00:00,2026-01-07 08:19:15.286253+00:00,257.799,0.665,0.66,0.67,0.335,0.33,0.34,292.0,5.0,5.0,353.0,0.65,253.0,0.69,229.0,0.64,394.0,0.7,203.99,0.63,578.0,0.71,315.83,0.62,433.0,0.72,809.4,0.61,349.0,0.73,420.6,0.31,229.0,0.35,314.0,0.3,203.99,0.36,394.0,0.29,132.83,0.37,578.0,0.28,809.4,0.38,433.0,0.27,299.6,0.39,349.0
2026-01-07 08:19:18.731000+00:00,2026-01-07 08:19:16.312039+00:00,258.731,0.705,0.7,0.71,0.28500000000000003,0.28,0.29,171.6,11.0,540.0,109.16,0.69,273.0,0.72,540.0,0.68,283.0,0.73,200.0,0.67,349.0,0.74,140.0,0.66,384.0,0.75,309.9,0.65,349.0,0.76,386.1,0.27,200.0,0.3,131.6,0.26,140.0,0.31,273.0,0.25,309.9,0.32,283.0,0.24,386.1,0.33,349.0,0.23,386.3,0.34,384.0
2026-01-07 08:19:19.809000+00:00,2026-01-07 08:19:17.319248+00:00,259.809,0.715,0.71,0.72,0.28500000000000003,0.28,0.29,109.16,540.0,540.0,109.16,0.7,110.0,0.73,200.0,0.69,268.0,0.74,140.0,0.68,283.0,0.75,309.9,0.67,273.0,0.76,386.1,0.66,458.0,0.77,495.3,0.27,200.0,0.3,110.0,0.26,140.0,0.31,268.0,0.25,309.9,0.32,283.0,0.24,386.1,0.33,273.0,0.23,495.3,0.34,458.0
2026-01-07 08:19:20.866000+00:00,2026-01-07 08:19:18.339589+00:00,260.866,0.715,0.71,0.72,0.28500000000000003,0.28,0.29,236.16,497.96,537.96,271.16,0.7,192.0,0.73,234.0,0.69,238.0,0.74,178.99,0.68,228.0,0.75,299.9,0.67,384.0,0.76,426.08,0.66,419.0,0.77,421.3,0.27,40.0,0.3,300.0,0.26,85.0,0.31,293.0,0.25,373.0,0.32,464.0,0.24,443.98,0.33,688.0,0.23,396.3,0.34,419.0
2026-01-07 08:19:21.851000+00:00,2026-01-07 08:19:19.344717+00:00,261.851,0.715,0.71,0.72,0.28500000000000003,0.28,0.29,491.16,255.35,168.65,491.16,0.7,693.0,0.73,40.0,0.69,498.0,0.74,10.0,0.68,464.0,0.75,133.99,0.67,464.0,0.76,135.0,0.66,468.0,0.77,109.13,0.27,40.0,0.3,693.0,0.25,148.99,0.31,488.0,0.24,135.0,0.32,454.0,0.23,109.13,0.33,464.0,0.22,117.6,0.34,468.0
2026-01-07 08:19:22.847000+00:00,2026-01-07 08:19:20.353508+00:00,262.847,0.735,0.73,0.74,0.265,0.26,0.27,110.74,5.0,5.0,210.74,0.72,65.0,0.75,65.0,0.71,493.52,0.76,135.0,0.7,688.0,0.77,172.3,0.69,523.0,0.78,147.6,0.68,419.0,0.79,275.8,0.25,65.0,0.28,79.0,0.24,85.0,0.29,493.52,0.23,316.3,0.3,688.0,0.22,224.24,0.31,523.0,0.21,302.63,0.32,419.0
2026-01-07 08:19:23.722000+00:00,2026-01-07 08:19:21.361493+00:00,263.722,0.765,0.76,0.77,0.235,0.23,0.24,80.0,149.41,75.0,80.0,0.75,60.0,0.78,200.0,0.74,293.0,0.79,146.83,0.73,303.74,0.8,2761.3,0.72,246.0,0.81,312.3,0.71,461.52,0.82,397.8,0.22,200.0,0.25,60.0,0.21,146.83,0.26,293.0,0.2,2761.3,0.27,210.74,0.19,312.3,0.28,246.0,0.18,397.8,0.29,550.52
2026-01-07 08:19:24.625000+00:00,2026-01-07 08:19:22.350667+00:00,264.625,0.765,0.76,0.77,0.235,0.23,0.24,80.0,18.31,18.31,80.0,0.75,95.0,0.78,245.0,0.74,283.0,0.79,156.83,0.73,200.74,0.8,2761.3,0.72,236.0,0.81,312.3,0.71,540.52,0.82,397.8,0.22,245.0,0.25,95.0,0.21,156.83,0.26,283.0,0.2,2761.3,0.27,190.74,0.19,312.3,0.28,226.0,0.18,397.8,0.29,540.52
2026-01-07 08:19:25.888000+00:00,2026-01-07 08:19:23.356421+00:00,265.888,0.755,0.75,0.76,0.255,0.25,0.26,10.0,7.0,3.26,268.0,0.74,268.0,0.77,175.0,0.73,261.74,0.78,150.0,0.72,280.0,0.79,155.0,0.71,461.52,0.8,2771.3,0.7,512.0,0.81,444.3,0.24,188.0,0.27,236.74,0.23,55.0,0.28,280.0,0.22,150.0,0.29,496.52,0.21,277.0,0.3,547.0,0.2,2771.3,0.31,473.0
2026-01-07 08:19:26.836000+00:00,2026-01-07 08:19:24.360212+00:00,266.836,0.765,0.76,0.77,0.235,0.23,0.24,54.6,180.0,180.0,35.0,0.75,65.0,0.78,55.0,0.74,115.0,0.79,364.83,0.73,290.74,0.8,2763.2,0.72,115.0,0.81,433.3,0.71,537.52,0.82,631.8,0.22,55.0,0.25,65.0,0.21,364.83,0.26,115.0,0.2,2763.2,0.27,290.74,0.19,433.3,0.28,115.0,0.18,631.8,0.29,537.52
2026-01-07 08:19:27.884000+00:00,2026-01-07 08:19:25.367010+00:00,267.884,0.765,0.76,0.77,0.235,0.23,0.24,35.0,180.0,180.0,27.68,0.75,65.0,0.78,65.0,0.74,135.88,0.79,364.83,0.73,290.74,0.8,2763.2,0.72,339.0,0.81,433.3,0.71,451.52,0.82,492.8,0.22,65.0,0.25,65.0,0.21,364.83,0.26,135.88,0.2,2763.2,0.27,290.74,0.19,433.3,0.28,339.0,0.18,631.8,0.29,537.52
2026-01-07 08:19:28.885000+00:00,2026-01-07 08:19:26.358263+00:00,268.885,0.765,0.76,0.77,0.235,0.23,0.24,21.24,150.0,135.0,26.24,0.75,75.0,0.78,65.0,0.74,125.88,0.79,364.83,0.73,270.74,0.8,2763.2,0.72,339.0,0.81,433.3,0.71,540.52,0.82,492.8,0.22,95.0,0.25,120.0,0.21,598.83,0.26,125.88,0.2,2773.2,0.27,250.74,0.19,433.3,0.28,339.0,0.18,631.8,0.29,537.52
2026-01-07 08:19:29.597000+00:00,2026-01-07 08:19:27.362127+00:00,269.597,0.765,0.76,0.77,0.235,0.23,0.24,26.24,135.0,135.0,26.24,0.75,120.0,0.78,95.0,0.74,221.88,0.79,598.83,0.73,250.74,0.8,2773.2,0.72,339.0,0.81,422.4,0.71,500.52,0.82,492.8,0.22,95.0,0.25,120.0,0.21,598.83,0.26,221.88,0.2,2773.2,0.27,250.74,0.19,422.4,0.28,339.0,0.18,492.8,0.29,500.52
2026-01-07 08:19:30.893000+00:00,2026-01-07 08:19:28.369158+00:00,270.893,0.755,0.75,0.76,0.245,0.24,0.25,55.0,145.0,145.0,55.0,0.74,145.0,0.77,100.0,0.73,250.74,0.78,207.0,0.72,339.0,0.79,358.0,0.71,624.52,0.8,2884.2,0.7,419.0,0.81,422.4,0.23,100.0,0.26,145.0,0.22,207.0,0.27,250.74,0.21,358.0,0.28,339.0,0.2,2884.2,0.29,624.52,0.19,422.4,0.3,419.0
2026-01-07 08:19:31.899000+00:00,2026-01-07 08:19:29.377895+00:00,271.899,0.755,0.75,0.76,0.245,0.24,0.25,50.0,120.0,117.36,50.0,0.74,135.0,0.77,126.83,0.73,164.0,0.78,228.0,0.72,329.0,0.79,348.0,0.71,503.52,0.8,2884.2,0.7,419.0,0.81,492.4,0.23,136.83,0.26,140.0,0.22,238.0,0.27,174.0,0.21,348.0,0.28,329.0,0.2,2884.2,0.29,510.52,0.19,492.4,0.3,419.0
2026-01-07 08:19:32.963000+00:00,2026-01-07 08:19:30.386153+00:00,272.963,0.755,0.75,0.76,0.245,0.24,0.25,44.67,118.1,118.1,44.67,0.74,144.21,0.77,100.0,0.73,164.0,0.78,268.0,0.72,512.0,0.79,313.0,0.71,500.52,0.8,2874.2,0.7,419.0,0.81,492.4,0.23,100.0,0.26,144.21,0.22,303.0,0.27,164.0,0.21,323.0,0.28,512.0,0.2,2909.2,0.29,500.52,0.19,492.4,0.3,419.0
2026-01-07 08:19:33.893000+00:00,2026-01-07 08:19:31.391401+00:00,273.893,0.755,0.75,0.76,0.245,0.24,0.25,44.67,143.1,140.96,35.67,0.74,139.21,0.77,110.0,0.73,174.0,0.78,293.0,0.72,512.0,0.79,333.0,0.71,513.52,0.8,2909.2,0.7,419.0,0.81,492.4,0.23,110.0,0.26,214.21,0.22,293.0,0.27,184.0,0.21,333.0,0.28,512.0,0.2,2909.2,0.29,513.52,0.19,492.4,0.3,419.0
2026-01-07 08:19:34.908000+00:00,2026-01-07 08:19:32.395834+00:00,274.908,0.755,0.75,0.76,0.245,0.24,0.25,35.67,160.96,160.96,35.67,0.74,204.21,0.77,65.0,0.73,194.0,0.78,502.0,0.72,512.0,0.79,338.0,0.71,510.52,0.8,2884.2,0.7,419.0,0.81,492.4,0.23,65.0,0.26,204.21,0.22,502.0,0.27,194.0,0.21,338.0,0.28,512.0,0.2,2884.2,0.29,513.52,0.19,492.4,0.3,419.0
2026-01-07 08:19:35.856000+00:00,2026-01-07 08:19:33.415657+00:00,275.856,0.755,0.75,0.76,0.245,0.24,0.25,35.67,130.96,115.96,35.67,0.74,204.21,0.77,65.0,0.73,194.0,0.78,502.0,0.72,512.0,0.79,338.0,0.71,464.52,0.8,2884.2,0.7,419.0,0.81,504.7,0.23,100.0,0.26,204.21,0.22,492.0,0.27,194.0,0.21,338.0,0.28,512.0,0.2,2884.2,0.29,464.52,0.19,504.7,0.3,419.0
2026-01-07 08:19:36.872000+00:00,2026-01-07 08:19:34.421113+00:00,276.872,0.755,0.75,0.76,0.245,0.24,0.25,40.67,115.96,115.96,40.67,0.74,219.21,0.77,100.0,0.73,174.0,0.78,502.0,0.72,512.0,0.79,348.0,0.71,464.52,0.8,2884.2,0.7,419.0,0.81,504.7,0.23,100.0,0.26,219.21,0.22,502.0,0.27,174.0,0.21,348.0,0.28,512.0,0.2,2884.2,0.29,464.52,0.19,504.7,0.3,419.0
2026-01-07 08:19:37.870000+00:00,2026-01-07 08:19:35.426441+00:00,277.87,0.755,0.75,0.76,0.245,0.24,0.25,40.67,112.67,112.67,40.67,0.74,219.21,0.77,114.0,0.73,174.0,0.78,502.0,0.72,512.0,0.79,348.0,0.71,464.52,0.8,2884.2,0.7,419.0,0.81,504.7,0.23,114.0,0.26,219.21,0.22,502.0,0.27,174.0,0.21,348.0,0.28,512.0,0.2,2884.2,0.29,464.52,0.19,504.7,0.3,419.0
2026-01-07 08:19:38.899000+00:00,2026-01-07 08:19:36.433742+00:00,278.899,0.755,0.75,0.76,0.245,0.24,0.25,40.67,144.33,144.33,40.67,0.74,233.21,0.77,114.0,0.73,160.0,0.78,502.0,0.72,512.0,0.79,348.0,0.71,464.52,0.8,2884.2,0.7,419.0,0.81,504.7,0.23,114.0,0.26,233.21,0.22,502.0,0.27,160.0,0.21,348.0,0.28,512.0,0.2,2884.2,0.29,464.52,0.19,504.7,0.3,419.0
2026-01-07 08:19:39.891000+00:00,2026-01-07 08:19:37.441722+00:00,279.891,0.755,0.75,0.76,0.245,0.24,0.25,40.67,144.33,144.33,40.67,0.74,233.21,0.77,114.0,0.73,160.0,0.78,502.0,0.72,512.0,0.79,348.0,0.71,461.52,0.8,2884.2,0.7,419.0,0.81,504.7,0.23,114.0,0.26,233.21,0.22,502.0,0.27,160.0,0.21,348.0,0.28,512.0,0.2,2884.2,0.29,461.52,0.19,504.7,0.3,419.0
2026-01-07 08:19:41.876000+00:00,2026-01-07 08:19:39.470250+00:00,281.876,0.725,0.72,0.73,0.275,0.27,0.28,103.77,3.63,3.63,103.77,0.71,258.52,0.74,263.0,0.7,238.0,0.75,328.0,0.69,482.0,0.76,411.32,0.68,439.0,0.77,395.83,0.67,488.0,0.78,384.0,0.26,263.0,0.29,258.52,0.25,328.0,0.3,238.0,0.24,411.32,0.31,482.0,0.23,395.83,0.32,439.0,0.22,384.0,0.33,488.0
2026-01-07 08:19:43.944000+00:00,2026-01-07 08:19:41.487849+00:00,283.944,0.725,0.72,0.73,0.275,0.27,0.28,69.42,3.63,3.63,69.42,0.71,263.52,0.74,263.0,0.7,238.0,0.75,342.0,0.69,482.0,0.76,441.32,0.68,439.0,0.77,369.0,0.67,488.0,0.78,384.0,0.26,263.0,0.29,263.52,0.25,342.0,0.3,238.0,0.24,441.32,0.31,482.0,0.23,369.0,0.32,439.0,0.22,384.0,0.33,488.0
2026-01-07 08:19:45.010000+00:00,2026-01-07 08:19:42.495178+00:00,285.01,0.725,0.72,0.73,0.275,0.27,0.28,69.42,3.63,3.63,83.42,0.71,177.52,0.74,263.0,0.7,238.0,0.75,566.0,0.69,482.0,0.76,441.32,0.68,439.0,0.77,369.0,0.67,488.0,0.78,384.0,0.26,263.0,0.29,177.52,0.25,566.0,0.3,321.0,0.24,441.32,0.31,482.0,0.23,369.0,0.32,439.0,0.22,384.0,0.33,488.0
2026-01-07 08:19:46.003000+00:00,2026-01-07 08:19:43.501210+00:00,286.003,0.725,0.72,0.73,0.275,0.27,0.28,79.84,3.63,3.63,99.84,0.71,333.52,0.74,263.0,0.7,308.0,0.75,566.0,0.69,552.0,0.76,441.32,0.68,439.0,0.77,369.0,0.67,488.0,0.78,454.0,0.26,263.0,0.29,333.52,0.25,566.0,0.3,308.0,0.24,441.32,0.31,552.0,0.23,369.0,0.32,439.0,0.22,454.0,0.33,488.0
2026-01-07 08:19:47.001000+00:00,2026-01-07 08:19:45.528031+00:00,287.001,0.725,0.72,0.73,0.275,0.27,0.28,99.84,3.63,3.63,99.84,0.71,247.52,0.74,263.0,0.7,391.0,0.75,566.0,0.69,552.0,0.76,441.32,0.68,439.0,0.77,369.0,0.67,488.0,0.78,454.0,0.26,263.0,0.29,247.52,0.25,566.0,0.3,391.0,0.24,441.32,0.31,552.0,0.23,369.0,0.32,439.0,0.22,454.0,0.33,488.0
2026-01-07 08:19:48.672000+00:00,2026-01-07 08:19:46.536155+00:00,288.672,0.725,0.72,0.73,0.275,0.27,0.28,99.84,3.63,3.63,99.84,0.71,247.52,0.74,263.0,0.7,308.0,0.75,566.0,0.69,633.0,0.76,441.32,0.68,439.0,0.77,369.0,0.67,488.0,0.78,454.0,0.26,263.0,0.29,247.52,0.25,566.0,0.3,308.0,0.24,441.32,0.31,633.0,0.23,369.0,0.32,439.0,0.22,454.0,0.33,488.0
2026-01-07 08:19:49.881000+00:00,2026-01-07 08:19:47.558532+00:00,289.881,0.725,0.72,0.73,0.275,0.27,0.28,104.84,3.63,3.63,104.84,0.71,242.52,0.74,263.0,0.7,308.0,0.75,566.0,0.69,633.0,0.76,441.32,0.68,439.0,0.77,369.0,0.67,488.0,0.78,454.0,0.26,263.0,0.29,242.52,0.25,566.0,0.3,308.0,0.24,411.32,0.31,633.0,0.23,395.83,0.32,439.0,0.22,454.0,0.33,488.0
2026-01-07 08:19:51.061000+00:00,2026-01-07 08:19:48.548695+00:00,291.061,0.735,0.73,0.74,0.265,0.26,0.27,54.21,223.0,223.0,54.21,0.72,146.07,0.75,601.0,0.71,192.52,0.76,411.32,0.7,308.0,0.77,405.83,0.69,682.0,0.78,454.0,0.68,439.0,0.79,494.0,0.25,601.0,0.28,146.07,0.24,411.32,0.29,192.52,0.23,405.83,0.3,308.0,0.22,454.0,0.31,682.0,0.21,494.0,0.32,439.0
2026-01-07 08:19:52.760000+00:00,2026-01-07 08:19:50.546398+00:00,292.76,0.735,0.73,0.74,0.265,0.26,0.27,54.21,263.0,263.0,54.21,0.72,131.07,0.75,571.0,0.71,202.52,0.76,441.32,0.7,308.0,0.77,369.0,0.69,682.0,0.78,454.0,0.68,439.0,0.79,494.0,0.25,571.0,0.28,131.07,0.24,441.32,0.29,202.52,0.23,369.0,0.3,308.0,0.22,454.0,0.31,682.0,0.21,494.0,0.32,439.0
2026-01-07 08:19:53.490000+00:00,2026-01-07 08:19:51.556931+00:00,293.49,0.735,0.73,0.74,0.265,0.26,0.27,54.21,263.0,263.0,54.21,0.72,201.07,0.75,571.0,0.71,202.52,0.76,441.32,0.7,308.0,0.77,369.0,0.69,682.0,0.78,454.0,0.68,439.0,0.79,494.0,0.25,571.0,0.28,201.07,0.24,441.32,0.29,202.52,0.23,369.0,0.3,391.0,0.22,454.0,0.31,601.0,0.21,494.0,0.32,439.0
2026-01-07 08:19:55.089000+00:00,2026-01-07 08:19:52.562264+00:00,295.089,0.735,0.73,0.74,0.265,0.26,0.27,54.21,243.0,233.0,59.21,0.72,206.07,0.75,591.0,0.71,192.52,0.76,441.32,0.7,391.0,0.77,369.0,0.69,601.0,0.78,454.0,0.68,439.0,0.79,494.0,0.25,591.0,0.28,206.07,0.24,441.32,0.29,192.52,0.23,369.0,0.3,391.0,0.22,454.0,0.31,601.0,0.21,494.0,0.32,439.0
2026-01-07 08:19:56.038000+00:00,2026-01-07 08:19:53.571155+00:00,296.038,0.735,0.73,0.74,0.265,0.26,0.27,64.21,223.0,40.0,64.21,0.72,201.07,0.75,601.0,0.71,278.52,0.76,411.32,0.7,308.0,0.77,405.83,0.69,601.0,0.78,454.0,0.68,439.0,0.79,494.0,0.25,418.0,0.28,201.07,0.24,290.32,0.29,278.52,0.23,405.83,0.3,308.0,0.22,454.0,0.31,601.0,0.21,494.0,0.32,439.0
2026-01-07 08:19:57.737000+00:00,2026-01-07 08:19:55.597606+00:00,297.737,0.735,0.73,0.74,0.265,0.26,0.27,64.21,38.64,38.64,64.21,0.72,201.07,0.75,418.0,0.71,278.52,0.76,320.32,0.7,308.0,0.77,379.0,0.69,601.0,0.78,454.0,0.68,439.0,0.79,494.0,0.25,418.0,0.28,201.07,0.24,320.32,0.29,278.52,0.23,379.0,0.3,308.0,0.22,454.0,0.31,601.0,0.21,494.0,0.32,439.0
2026-01-07 08:19:59.134000+00:00,2026-01-07 08:19:56.611393+00:00,299.134,0.735,0.73,0.74,0.265,0.26,0.27,64.21,38.64,38.64,64.21,0.72,201.07,0.75,418.0,0.71,278.52,0.76,320.32,0.7,308.0,0.77,379.0,0.69,601.0,0.78,454.0,0.68,439.0,0.79,494.0,0.25,418.0,0.28,201.07,0.24,320.32,0.29,278.52,0.23,379.0,0.3,308.0,0.22,454.0,0.31,601.0,0.21,494.0,0.32,439.0
2026-01-07 08:20:00.040000+00:00,2026-01-07 08:19:57.617277+00:00,300.04,0.735,0.73,0.74,0.265,0.26,0.27,64.21,38.64,38.64,64.21,0.72,201.07,0.75,404.0,0.71,278.52,0.76,334.32,0.7,308.0,0.77,379.0,0.69,601.0,0.78,454.0,0.68,439.0,0.79,494.0,0.25,404.0,0.28,201.07,0.24,334.32,0.29,278.52,0.23,379.0,0.3,308.0,0.22,454.0,0.31,601.0,0.21,494.0,0.32,439.0
