timestamp,collected_at,seconds,mid,bid,ask,asset
2026-01-06 05:30:00+00:00,2026-01-06 05:33:27.732444+00:00,0.0,3223.892,3223.49,3224.33,ETH
2026-01-06 05:30:01+00:00,2026-01-06 05:33:29.752795+00:00,1.0,3223.902,3223.49,3224.35,ETH
2026-01-06 05:30:02+00:00,2026-01-06 05:33:30.749038+00:00,2.0,3223.902,3223.48,3224.34,ETH
2026-01-06 05:30:03+00:00,2026-01-06 05:33:31.750172+00:00,3.0,3223.922,3223.47,3224.35,ETH
2026-01-06 05:30:04+00:00,2026-01-06 05:33:32.763541+00:00,4.0,3223.942,3223.47,3224.24,ETH
2026-01-06 05:30:05+00:00,2026-01-06 05:33:33.780017+00:00,5.0,3224.012,3223.51,3224.31,ETH
2026-01-06 05:30:06+00:00,2026-01-06 05:33:34.790811+00:00,6.0,3224.302,3223.81,3224.64,ETH
2026-01-06 05:30:07+00:00,2026-01-06 05:33:35.778670+00:00,7.0,3224.542,3224.1,3224.82,ETH
2026-01-06 05:30:08+00:00,2026-01-06 05:33:36.792728+00:00,8.0,3224.542,3224.14,3224.83,ETH
2026-01-06 05:30:09+00:00,2026-01-06 05:33:37.798260+00:00,9.0,3224.542,3224.14,3224.84,ETH
2026-01-06 05:30:10+00:00,2026-01-06 05:33:38.794519+00:00,10.0,3224.542,3224.14,3224.85,ETH
2026-01-06 05:30:11+00:00,2026-01-06 05:33:39.808268+00:00,11.0,3224.612,3224.19,3224.94,ETH
2026-01-06 05:30:13+00:00,2026-01-06 05:33:40.841511+00:00,13.0,3224.702,3224.28,3224.94,ETH
2026-01-06 05:30:14+00:00,2026-01-06 05:33:41.860764+00:00,14.0,3224.702,3224.28,3224.94,ETH
2026-01-06 05:30:15+00:00,2026-01-06 05:33:42.881212+00:00,15.0,3224.702,3224.29,3224.94,ETH
2026-01-06 05:30:16+00:00,2026-01-06 05:33:43.873656+00:00,16.0,3224.702,3224.28,3224.96,ETH
2026-01-06 05:30:17+00:00,2026-01-06 05:33:44.890401+00:00,17.0,3224.712,3224.28,3224.97,ETH
2026-01-06 05:30:18+00:00,2026-01-06 05:33:45.892419+00:00,18.0,3224.712,3224.29,3224.96,ETH
2026-01-06 05:30:19+00:00,2026-01-06 05:33:46.889693+00:00,19.0,3224.712,3224.29,3225.03,ETH
2026-01-06 05:30:20+00:00,2026-01-06 05:33:47.884884+00:00,20.0,3224.782,3224.31,3225.02,ETH
2026-01-06 05:30:21+00:00,2026-01-06 05:33:48.895643+00:00,21.0,3224.782,3224.31,3225.01,ETH
2026-01-06 05:30:22+00:00,2026-01-06 05:33:49.902052+00:00,22.0,3224.782,3224.31,3224.99,ETH
2026-01-06 05:30:23+00:00,2026-01-06 05:33:50.926883+00:00,23.0,3224.742,3224.28,3224.92,ETH
2026-01-06 05:30:24+00:00,2026-01-06 05:33:51.928950+00:00,24.0,3224.682,3224.26,3224.95,ETH
2026-01-06 05:30:25+00:00,2026-01-06 05:33:52.929687+00:00,25.0,3224.422,3224.07,3224.49,ETH
2026-01-06 05:30:26+00:00,2026-01-06 05:33:54.947406+00:00,26.0,3223.552,3223.22,3223.87,ETH
2026-01-06 05:30:27+00:00,2026-01-06 05:33:55.983381+00:00,27.0,3223.542,3223.12,3223.9,ETH
2026-01-06 05:30:28+00:00,2026-01-06 05:33:56.979345+00:00,28.0,3223.542,3223.11,3223.81,ETH
2026-01-06 05:30:29+00:00,2026-01-06 05:33:57.995174+00:00,29.0,3223.542,3223.09,3223.78,ETH
2026-01-06 05:30:30+00:00,2026-01-06 05:33:59.017361+00:00,30.0,3223.542,3223.09,3223.77,ETH
2026-01-06 05:30:31+00:00,2026-01-06 05:34:00.026472+00:00,31.0,3223.542,3223.09,3223.76,ETH
2026-01-06 05:30:32+00:00,2026-01-06 05:34:01.016420+00:00,32.0,3223.572,3223.11,3223.77,ETH
2026-01-06 05:30:33+00:00,2026-01-06 05:34:02.015546+00:00,33.0,3223.602,3223.12,3223.83,ETH
2026-01-06 05:30:34+00:00,2026-01-06 05:34:03.032072+00:00,34.0,3223.612,3223.13,3223.88,ETH
2026-01-06 05:30:35+00:00,2026-01-06 05:34:04.032212+00:00,35.0,3223.642,3223.15,3223.91,ETH
2026-01-06 05:30:36+00:00,2026-01-06 05:34:05.027535+00:00,36.0,3223.682,3223.17,3223.92,ETH
2026-01-06 05:30:37+00:00,2026-01-06 05:34:06.041367+00:00,37.0,3223.682,3223.17,3223.92,ETH
2026-01-06 05:30:38+00:00,2026-01-06 05:34:07.067720+00:00,38.0,3223.682,3223.18,3223.9,ETH
2026-01-06 05:30:39+00:00,2026-01-06 05:34:08.064959+00:00,39.0,3223.672,3223.18,3223.87,ETH
2026-01-06 05:30:40+00:00,2026-01-06 05:34:09.063756+00:00,40.0,3223.672,3223.18,3223.95,ETH
2026-01-06 05:30:41+00:00,2026-01-06 05:34:10.079062+00:00,41.0,3223.672,3223.18,3224.06,ETH
2026-01-06 05:30:42+00:00,2026-01-06 05:34:11.101059+00:00,42.0,3223.702,3223.2,3224.11,ETH
2026-01-06 05:30:43+00:00,2026-01-06 05:34:12.099130+00:00,43.0,3223.722,3223.22,3224.12,ETH
2026-01-06 05:30:44+00:00,2026-01-06 05:34:13.096311+00:00,44.0,3223.722,3223.22,3224.16,ETH
2026-01-06 05:30:45+00:00,2026-01-06 05:34:14.112338+00:00,45.0,3223.722,3223.22,3224.21,ETH
2026-01-06 05:30:46+00:00,2026-01-06 05:34:15.124142+00:00,46.0,3223.762,3223.38,3224.24,ETH
2026-01-06 05:30:47+00:00,2026-01-06 05:34:16.134576+00:00,47.0,3223.982,3223.64,3224.4,ETH
2026-01-06 05:30:48+00:00,2026-01-06 05:34:17.147990+00:00,48.0,3224.462,3224.04,3224.72,ETH
2026-01-06 05:30:49+00:00,2026-01-06 05:34:18.159932+00:00,49.0,3224.772,3224.36,3225.02,ETH
2026-01-06 05:30:50+00:00,2026-01-06 05:34:19.165307+00:00,50.0,3224.812,3224.41,3225.18,ETH
2026-01-06 05:30:51+00:00,2026-01-06 05:34:20.182122+00:00,51.0,3224.872,3224.42,3225.2,ETH
2026-01-06 05:30:52+00:00,2026-01-06 05:34:21.206288+00:00,52.0,3224.962,3224.49,3225.25,ETH
2026-01-06 05:30:53+00:00,2026-01-06 05:34:22.198308+00:00,53.0,3225.022,3224.56,3225.31,ETH
2026-01-06 05:30:55+00:00,2026-01-06 05:34:23.282779+00:00,55.0,3225.002,3224.55,3225.33,ETH
2026-01-06 05:30:56+00:00,2026-01-06 05:34:24.224529+00:00,56.0,3225.002,3224.55,3225.33,ETH
2026-01-06 05:30:57+00:00,2026-01-06 05:34:25.274039+00:00,57.0,3225.362,3224.92,3226.01,ETH
2026-01-06 05:30:58+00:00,2026-01-06 05:34:26.255280+00:00,58.0,3225.992,3225.44,3226.14,ETH
2026-01-06 05:30:59+00:00,2026-01-06 05:34:27.272438+00:00,59.0,3226.032,3225.7,3226.59,ETH
2026-01-06 05:31:00+00:00,2026-01-06 05:34:28.273203+00:00,60.0,3226.402,3226.05,3226.59,ETH
2026-01-06 05:31:01+00:00,2026-01-06 05:34:29.267210+00:00,61.0,3226.312,3226.03,3226.44,ETH
2026-01-06 05:31:02+00:00,2026-01-06 05:34:30.279599+00:00,62.0,3226.272,3226.05,3226.72,ETH
2026-01-06 05:31:03+00:00,2026-01-06 05:34:31.269327+00:00,63.0,3226.482,3226.18,3226.72,ETH
2026-01-06 05:31:04+00:00,2026-01-06 05:34:32.287585+00:00,64.0,3226.532,3226.23,3226.76,ETH
2026-01-06 05:31:05+00:00,2026-01-06 05:34:33.277213+00:00,65.0,3226.642,3226.23,3226.72,ETH
2026-01-06 05:31:06+00:00,2026-01-06 05:34:34.294203+00:00,66.0,3226.642,3226.24,3226.75,ETH
2026-01-06 05:31:07+00:00,2026-01-06 05:34:35.297665+00:00,67.0,3226.672,3226.24,3227.15,ETH
2026-01-06 05:31:08+00:00,2026-01-06 05:34:36.290224+00:00,68.0,3226.672,3226.24,3227.18,ETH
2026-01-06 05:31:09+00:00,2026-01-06 05:34:37.303610+00:00,69.0,3226.672,3226.24,3227.12,ETH
2026-01-06 05:31:10+00:00,2026-01-06 05:34:38.314798+00:00,70.0,3226.682,3226.28,3227.15,ETH
2026-01-06 05:31:11+00:00,2026-01-06 05:34:39.328157+00:00,71.0,3226.682,3226.27,3227.1,ETH
2026-01-06 05:31:12+00:00,2026-01-06 05:34:40.329481+00:00,72.0,3226.652,3226.26,3227.1,ETH
2026-01-06 05:31:13+00:00,2026-01-06 05:34:42.366398+00:00,73.0,3226.402,3226.06,3226.74,ETH
2026-01-06 05:31:14+00:00,2026-01-06 05:34:43.366553+00:00,74.0,3226.452,3225.95,3226.77,ETH
2026-01-06 05:31:15+00:00,2026-01-06 05:34:44.362425+00:00,75.0,3226.452,3225.96,3226.79,ETH
2026-01-06 05:31:16+00:00,2026-01-06 05:34:45.364361+00:00,76.0,3226.452,3225.96,3226.75,ETH
2026-01-06 05:31:17+00:00,2026-01-06 05:34:46.361132+00:00,77.0,3226.412,3225.93,3226.62,ETH
2026-01-06 05:31:18+00:00,2026-01-06 05:34:47.359776+00:00,78.0,3226.292,3225.91,3226.55,ETH
2026-01-06 05:31:19+00:00,2026-01-06 05:34:48.377952+00:00,79.0,3226.202,3225.85,3226.54,ETH
2026-01-06 05:31:20+00:00,2026-01-06 05:34:49.381162+00:00,80.0,3226.142,3225.77,3226.39,ETH
2026-01-06 05:31:21+00:00,2026-01-06 05:34:50.391391+00:00,81.0,3226.092,3225.68,3226.29,ETH
2026-01-06 05:31:22+00:00,2026-01-06 05:34:51.413259+00:00,82.0,3226.002,3225.55,3226.25,ETH
2026-01-06 05:31:23+00:00,2026-01-06 05:34:52.397284+00:00,83.0,3225.912,3225.44,3226.17,ETH
2026-01-06 05:31:24+00:00,2026-01-06 05:34:53.433128+00:00,84.0,3225.902,3225.41,3226.15,ETH
2026-01-06 05:31:25+00:00,2026-01-06 05:34:54.413796+00:00,85.0,3225.892,3225.39,3226.16,ETH
2026-01-06 05:31:26+00:00,2026-01-06 05:34:55.430708+00:00,86.0,3225.892,3225.39,3226.19,ETH
2026-01-06 05:31:27+00:00,2026-01-06 05:34:56.425689+00:00,87.0,3225.902,3225.43,3226.17,ETH
2026-01-06 05:31:28+00:00,2026-01-06 05:34:57.441294+00:00,88.0,3225.912,3225.45,3226.15,ETH
2026-01-06 05:31:29+00:00,2026-01-06 05:34:58.460471+00:00,89.0,3225.902,3225.43,3226.14,ETH
2026-01-06 05:31:30+00:00,2026-01-06 05:34:59.448475+00:00,90.0,3225.892,3225.41,3226.19,ETH
2026-01-06 05:31:31+00:00,2026-01-06 05:35:00.480387+00:00,91.0,3225.882,3225.39,3226.22,ETH
2026-01-06 05:31:32+00:00,2026-01-06 05:35:01.465831+00:00,92.0,3225.872,3225.4,3226.14,ETH
2026-01-06 05:31:33+00:00,2026-01-06 05:35:02.476507+00:00,93.0,3225.862,3225.4,3226.11,ETH
2026-01-06 05:31:34+00:00,2026-01-06 05:35:03.499305+00:00,94.0,3225.702,3225.34,3225.92,ETH
2026-01-06 05:31:35+00:00,2026-01-06 05:35:04.494866+00:00,95.0,3225.432,3225.05,3225.59,ETH
2026-01-06 05:31:36+00:00,2026-01-06 05:35:05.503271+00:00,96.0,3225.302,3224.82,3225.47,ETH
2026-01-06 05:31:37+00:00,2026-01-06 05:35:06.520705+00:00,97.0,3225.302,3224.82,3225.47,ETH
2026-01-06 05:31:38+00:00,2026-01-06 05:35:07.529854+00:00,98.0,3225.172,3224.67,3225.4,ETH
2026-01-06 05:31:39+00:00,2026-01-06 05:35:08.545311+00:00,99.0,3225.052,3224.6,3225.31,ETH
2026-01-06 05:31:40+00:00,2026-01-06 05:35:09.557467+00:00,100.0,3225.052,3224.6,3225.35,ETH
2026-01-06 05:31:41+00:00,2026-01-06 05:35:10.561819+00:00,101.0,3225.072,3224.61,3225.32,ETH
2026-01-06 05:31:42+00:00,2026-01-06 05:35:11.572734+00:00,102.0,3224.932,3224.51,3225.28,ETH
2026-01-06 05:31:43+00:00,2026-01-06 05:35:12.565188+00:00,103.0,3224.512,3224.34,3224.57,ETH
2026-01-06 05:31:44+00:00,2026-01-06 05:35:13.563073+00:00,104.0,3224.362,3223.91,3224.67,ETH
2026-01-06 05:31:45+00:00,2026-01-06 05:35:14.565758+00:00,105.0,3224.352,3223.9,3224.56,ETH
2026-01-06 05:31:46+00:00,2026-01-06 05:35:15.574230+00:00,106.0,3224.352,3223.9,3224.61,ETH
2026-01-06 05:31:47+00:00,2026-01-06 05:35:16.565558+00:00,107.0,3224.352,3223.9,3224.63,ETH
2026-01-06 05:31:48+00:00,2026-01-06 05:35:17.580903+00:00,108.0,3224.352,3223.9,3224.61,ETH
2026-01-06 05:31:49+00:00,2026-01-06 05:35:18.577859+00:00,109.0,3224.362,3223.96,3224.56,ETH
2026-01-06 05:31:50+00:00,2026-01-06 05:35:19.590458+00:00,110.0,3224.362,3223.96,3224.55,ETH
2026-01-06 05:31:51+00:00,2026-01-06 05:35:20.592929+00:00,111.0,3224.362,3223.96,3224.57,ETH
2026-01-06 05:31:52+00:00,2026-01-06 05:35:21.605216+00:00,112.0,3224.382,3223.92,3224.59,ETH
2026-01-06 05:31:53+00:00,2026-01-06 05:35:22.590918+00:00,113.0,3224.382,3223.92,3224.64,ETH
2026-01-06 05:31:54+00:00,2026-01-06 05:35:23.593566+00:00,114.0,3224.392,3223.91,3224.6,ETH
2026-01-06 05:31:55+00:00,2026-01-06 05:35:24.604665+00:00,115.0,3224.382,3223.96,3224.59,ETH
2026-01-06 05:31:56+00:00,2026-01-06 05:35:25.624658+00:00,116.0,3224.362,3223.96,3224.6,ETH
2026-01-06 05:31:57+00:00,2026-01-06 05:35:26.628454+00:00,117.0,3224.342,3223.89,3224.64,ETH
2026-01-06 05:31:58+00:00,2026-01-06 05:35:27.638911+00:00,118.0,3224.342,3223.9,3224.6,ETH
2026-01-06 05:31:59+00:00,2026-01-06 05:35:28.640795+00:00,119.0,3224.342,3223.9,3224.59,ETH
2026-01-06 05:32:00+00:00,2026-01-06 05:35:29.655978+00:00,120.0,3224.312,3223.88,3224.69,ETH
2026-01-06 05:32:01+00:00,2026-01-06 05:35:30.685983+00:00,121.0,3224.322,3223.88,3224.63,ETH
2026-01-06 05:32:02+00:00,2026-01-06 05:35:31.717990+00:00,122.0,3224.322,3223.87,3224.64,ETH
2026-01-06 05:32:03+00:00,2026-01-06 05:35:32.728042+00:00,123.0,3224.322,3223.87,3224.65,ETH
2026-01-06 05:32:04+00:00,2026-01-06 05:35:33.708886+00:00,124.0,3224.322,3223.87,3224.65,ETH
2026-01-06 05:32:05+00:00,2026-01-06 05:35:34.701267+00:00,125.0,3224.322,3223.87,3224.66,ETH
2026-01-06 05:32:06+00:00,2026-01-06 05:35:35.705582+00:00,126.0,3224.322,3223.87,3224.57,ETH
2026-01-06 05:32:07+00:00,2026-01-06 05:35:36.698368+00:00,127.0,3224.322,3223.87,3224.55,ETH
2026-01-06 05:32:08+00:00,2026-01-06 05:35:37.708757+00:00,128.0,3224.322,3223.87,3224.55,ETH
2026-01-06 05:32:09+00:00,2026-01-06 05:35:38.700272+00:00,129.0,3224.342,3223.9,3224.63,ETH
2026-01-06 05:32:10+00:00,2026-01-06 05:35:39.703066+00:00,130.0,3224.342,3223.9,3224.62,ETH
2026-01-06 05:32:11+00:00,2026-01-06 05:35:40.705164+00:00,131.0,3224.322,3223.87,3224.61,ETH
2026-01-06 05:32:12+00:00,2026-01-06 05:35:41.701798+00:00,132.0,3224.322,3223.87,3224.64,ETH
2026-01-06 05:32:13+00:00,2026-01-06 05:35:42.734568+00:00,133.0,3224.322,3223.87,3224.55,ETH
2026-01-06 05:32:14+00:00,2026-01-06 05:35:43.717631+00:00,134.0,3224.342,3223.91,3224.67,ETH
2026-01-06 05:32:15+00:00,2026-01-06 05:35:44.724870+00:00,135.0,3224.352,3223.92,3224.66,ETH
2026-01-06 05:32:16+00:00,2026-01-06 05:35:45.737483+00:00,136.0,3224.362,3223.92,3224.58,ETH
2026-01-06 05:32:17+00:00,2026-01-06 05:35:46.746276+00:00,137.0,3224.172,3223.92,3224.38,ETH
2026-01-06 05:32:18+00:00,2026-01-06 05:35:47.761514+00:00,138.0,3224.112,3223.64,3224.23,ETH
2026-01-06 05:32:19+00:00,2026-01-06 05:35:48.780166+00:00,139.0,3224.042,3223.63,3224.11,ETH
2026-01-06 05:32:20+00:00,2026-01-06 05:35:49.793807+00:00,140.0,3223.882,3223.58,3224.07,ETH
2026-01-06 05:32:21+00:00,2026-01-06 05:35:50.825508+00:00,141.0,3223.722,3223.48,3223.97,ETH
2026-01-06 05:32:22+00:00,2026-01-06 05:35:51.846539+00:00,142.0,3223.592,3223.45,3223.93,ETH
2026-01-06 05:32:23+00:00,2026-01-06 05:35:52.847517+00:00,143.0,3223.472,3223.42,3223.91,ETH
2026-01-06 05:32:24+00:00,2026-01-06 05:35:53.846910+00:00,144.0,3223.482,3223.38,3223.72,ETH
2026-01-06 05:32:25+00:00,2026-01-06 05:35:54.847217+00:00,145.0,3223.402,3223.05,3223.52,ETH
2026-01-06 05:32:26+00:00,2026-01-06 05:35:55.845148+00:00,146.0,3223.392,3223.05,3223.63,ETH
2026-01-06 05:32:27+00:00,2026-01-06 05:35:56.872919+00:00,147.0,3223.372,3223.07,3223.66,ETH
2026-01-06 05:32:28+00:00,2026-01-06 05:35:57.888681+00:00,148.0,3223.382,3223.07,3223.64,ETH
2026-01-06 05:32:29+00:00,2026-01-06 05:35:58.894816+00:00,149.0,3223.332,3222.93,3223.46,ETH
2026-01-06 05:32:30+00:00,2026-01-06 05:35:59.910248+00:00,150.0,3223.322,3222.87,3223.52,ETH
2026-01-06 05:32:31+00:00,2026-01-06 05:36:00.927084+00:00,151.0,3223.202,3222.87,3223.57,ETH
2026-01-06 05:32:32+00:00,2026-01-06 05:36:01.940641+00:00,152.0,3223.202,3222.8,3223.57,ETH
2026-01-06 05:32:33+00:00,2026-01-06 05:36:02.938085+00:00,153.0,3223.202,3222.83,3223.57,ETH
2026-01-06 05:32:34+00:00,2026-01-06 05:36:03.927959+00:00,154.0,3223.202,3222.83,3223.63,ETH
2026-01-06 05:32:35+00:00,2026-01-06 05:36:04.927470+00:00,155.0,3223.202,3222.8,3223.69,ETH
2026-01-06 05:32:36+00:00,2026-01-06 05:36:05.926419+00:00,156.0,3223.202,3222.8,3223.66,ETH
2026-01-06 05:32:37+00:00,2026-01-06 05:36:06.927656+00:00,157.0,3223.242,3222.81,3223.68,ETH
2026-01-06 05:32:38+00:00,2026-01-06 05:36:07.940211+00:00,158.0,3223.242,3222.82,3223.68,ETH
2026-01-06 05:32:39+00:00,2026-01-06 05:36:08.957367+00:00,159.0,3223.252,3222.81,3223.67,ETH
2026-01-06 05:32:40+00:00,2026-01-06 05:36:09.973729+00:00,160.0,3223.222,3222.81,3223.67,ETH
2026-01-06 05:32:41+00:00,2026-01-06 05:36:10.979882+00:00,161.0,3223.232,3222.82,3223.68,ETH
2026-01-06 05:32:42+00:00,2026-01-06 05:36:11.971962+00:00,162.0,3223.202,3222.82,3223.65,ETH
2026-01-06 05:32:43+00:00,2026-01-06 05:36:12.977586+00:00,163.0,3223.232,3222.8,3223.66,ETH
2026-01-06 05:32:44+00:00,2026-01-06 05:36:13.994450+00:00,164.0,3223.212,3222.8,3223.66,ETH
2026-01-06 05:32:45+00:00,2026-01-06 05:36:14.993222+00:00,165.0,3223.232,3222.81,3223.64,ETH
2026-01-06 05:32:46+00:00,2026-01-06 05:36:16.122937+00:00,166.0,3223.252,3222.83,3223.64,ETH
2026-01-06 05:32:47+00:00,2026-01-06 05:36:17.124214+00:00,167.0,3223.252,3222.81,3223.62,ETH
2026-01-06 05:32:48+00:00,2026-01-06 05:36:18.185340+00:00,168.0,3223.252,3222.81,3223.44,ETH
2026-01-06 05:32:49+00:00,2026-01-06 05:36:19.208829+00:00,169.0,3223.252,3222.81,3223.41,ETH
2026-01-06 05:32:50+00:00,2026-01-06 05:36:20.209309+00:00,170.0,3223.252,3222.81,3223.5,ETH
2026-01-06 05:32:51+00:00,2026-01-06 05:36:21.212151+00:00,171.0,3223.202,3222.79,3223.34,ETH
2026-01-06 05:32:52+00:00,2026-01-06 05:36:22.223723+00:00,172.0,3222.862,3222.77,3223.23,ETH
2026-01-06 05:32:53+00:00,2026-01-06 05:36:23.242432+00:00,173.0,3222.692,3222.62,3223.02,ETH
2026-01-06 05:32:54+00:00,2026-01-06 05:36:24.227021+00:00,174.0,3222.522,3222.46,3222.81,ETH
2026-01-06 05:32:55+00:00,2026-01-06 05:36:25.226689+00:00,175.0,3222.362,3221.98,3222.72,ETH
2026-01-06 05:32:56+00:00,2026-01-06 05:36:26.244726+00:00,176.0,3222.362,3221.97,3222.74,ETH
2026-01-06 05:32:57+00:00,2026-01-06 05:36:27.269215+00:00,177.0,3222.102,3221.97,3222.71,ETH
2026-01-06 05:32:58+00:00,2026-01-06 05:36:28.275261+00:00,178.0,3222.092,3221.97,3222.69,ETH
2026-01-06 05:32:59+00:00,2026-01-06 05:36:29.278119+00:00,179.0,3222.092,3221.97,3222.69,ETH
2026-01-06 05:33:00+00:00,2026-01-06 05:36:30.288601+00:00,180.0,3222.152,3221.96,3222.62,ETH
2026-01-06 05:33:01+00:00,2026-01-06 05:36:31.278728+00:00,181.0,3222.152,3221.98,3222.67,ETH
2026-01-06 05:33:02+00:00,2026-01-06 05:36:32.295081+00:00,182.0,3222.452,3222.0,3222.91,ETH
2026-01-06 05:33:03+00:00,2026-01-06 05:36:33.306395+00:00,183.0,3222.452,3222.0,3222.72,ETH
2026-01-06 05:33:04+00:00,2026-01-06 05:36:34.295080+00:00,184.0,3222.292,3221.99,3222.73,ETH
2026-01-06 05:33:05+00:00,2026-01-06 05:36:35.307616+00:00,185.0,3222.302,3221.96,3222.74,ETH
2026-01-06 05:33:06+00:00,2026-01-06 05:36:36.320499+00:00,186.0,3222.302,3221.96,3222.75,ETH
2026-01-06 05:33:07+00:00,2026-01-06 05:36:37.319194+00:00,187.0,3222.302,3221.96,3222.83,ETH
2026-01-06 05:33:08+00:00,2026-01-06 05:36:38.326121+00:00,188.0,3222.302,3221.96,3222.7,ETH
2026-01-06 05:33:09+00:00,2026-01-06 05:36:39.340594+00:00,189.0,3222.302,3221.96,3222.66,ETH
2026-01-06 05:33:10+00:00,2026-01-06 05:36:40.356116+00:00,190.0,3222.302,3221.95,3222.61,ETH
2026-01-06 05:33:11+00:00,2026-01-06 05:36:41.355714+00:00,191.0,3222.302,3221.91,3222.63,ETH
2026-01-06 05:33:12+00:00,2026-01-06 05:36:42.356565+00:00,192.0,3222.302,3221.91,3222.6,ETH
2026-01-06 05:33:13+00:00,2026-01-06 05:36:43.372814+00:00,193.0,3222.302,3221.91,3222.59,ETH
2026-01-06 05:33:14+00:00,2026-01-06 05:36:44.396271+00:00,194.0,3222.302,3221.91,3222.62,ETH
2026-01-06 05:33:15+00:00,2026-01-06 05:36:45.401941+00:00,195.0,3221.812,3221.6,3221.97,ETH
2026-01-06 05:33:16+00:00,2026-01-06 05:36:46.410220+00:00,196.0,3221.672,3221.31,3221.72,ETH
2026-01-06 05:33:17+00:00,2026-01-06 05:36:47.445008+00:00,197.0,3221.662,3221.21,3221.82,ETH
2026-01-06 05:33:18+00:00,2026-01-06 05:36:48.436816+00:00,198.0,3221.652,3221.21,3221.73,ETH
2026-01-06 05:33:19+00:00,2026-01-06 05:36:49.461345+00:00,199.0,3221.372,3221.2,3221.73,ETH
2026-01-06 05:33:20+00:00,2026-01-06 05:36:50.461313+00:00,200.0,3221.522,3221.17,3221.82,ETH
2026-01-06 05:33:21+00:00,2026-01-06 05:36:51.475443+00:00,201.0,3221.492,3221.2,3221.81,ETH
2026-01-06 05:33:22+00:00,2026-01-06 05:36:52.497631+00:00,202.0,3221.592,3221.21,3221.85,ETH
2026-01-06 05:33:23+00:00,2026-01-06 05:36:53.508603+00:00,203.0,3221.652,3221.25,3221.91,ETH
2026-01-06 05:33:24+00:00,2026-01-06 05:36:54.511246+00:00,204.0,3221.592,3221.22,3221.85,ETH
2026-01-06 05:33:25+00:00,2026-01-06 05:36:55.513185+00:00,205.0,3221.592,3221.2,3221.82,ETH
2026-01-06 05:33:26+00:00,2026-01-06 05:36:56.513195+00:00,206.0,3221.592,3221.2,3221.82,ETH
2026-01-06 05:33:27+00:00,2026-01-06 05:36:57.509394+00:00,207.0,3221.592,3221.19,3221.83,ETH
2026-01-06 05:33:28+00:00,2026-01-06 05:36:58.523366+00:00,208.0,3221.392,3221.19,3221.65,ETH
2026-01-06 05:33:29+00:00,2026-01-06 05:36:59.506489+00:00,209.0,3221.402,3221.09,3221.72,ETH
2026-01-06 05:33:30+00:00,2026-01-06 05:37:00.522892+00:00,210.0,3221.402,3221.09,3221.7,ETH
2026-01-06 05:33:31+00:00,2026-01-06 05:37:01.523660+00:00,211.0,3221.372,3221.09,3221.72,ETH
2026-01-06 05:33:32+00:00,2026-01-06 05:37:02.512469+00:00,212.0,3221.372,3221.09,3221.72,ETH
2026-01-06 05:33:33+00:00,2026-01-06 05:37:03.527039+00:00,213.0,3221.402,3221.09,3221.73,ETH
2026-01-06 05:33:34+00:00,2026-01-06 05:37:04.551724+00:00,214.0,3221.462,3221.09,3221.71,ETH
2026-01-06 05:33:35+00:00,2026-01-06 05:37:05.561560+00:00,215.0,3221.542,3221.09,3221.74,ETH
2026-01-06 05:33:36+00:00,2026-01-06 05:37:06.558729+00:00,216.0,3221.562,3221.13,3221.72,ETH
2026-01-06 05:33:37+00:00,2026-01-06 05:37:08.561277+00:00,217.0,3221.562,3221.13,3221.76,ETH
2026-01-06 05:33:38+00:00,2026-01-06 05:37:09.561726+00:00,218.0,3221.562,3221.14,3221.84,ETH
2026-01-06 05:33:39+00:00,2026-01-06 05:37:10.577058+00:00,219.0,3221.572,3221.15,3221.9,ETH
2026-01-06 05:33:40+00:00,2026-01-06 05:37:11.591150+00:00,220.0,3221.572,3221.16,3221.9,ETH
2026-01-06 05:33:41+00:00,2026-01-06 05:37:12.606731+00:00,221.0,3221.572,3221.18,3221.87,ETH
2026-01-06 05:33:42+00:00,2026-01-06 05:37:13.621541+00:00,222.0,3221.572,3221.2,3221.85,ETH
2026-01-06 05:33:43+00:00,2026-01-06 05:37:14.624847+00:00,223.0,3221.572,3221.21,3221.85,ETH
2026-01-06 05:33:44+00:00,2026-01-06 05:37:15.636136+00:00,224.0,3221.572,3221.22,3221.85,ETH
2026-01-06 05:33:45+00:00,2026-01-06 05:37:16.653977+00:00,225.0,3221.572,3221.22,3221.86,ETH
2026-01-06 05:33:46+00:00,2026-01-06 05:37:17.668992+00:00,226.0,3221.572,3221.22,3221.87,ETH
2026-01-06 05:33:47+00:00,2026-01-06 05:37:18.684680+00:00,227.0,3221.562,3221.22,3221.87,ETH
2026-01-06 05:33:49+00:00,2026-01-06 05:37:19.731536+00:00,229.0,3221.562,3221.22,3221.88,ETH
2026-01-06 05:33:50+00:00,2026-01-06 05:37:20.719007+00:00,230.0,3221.562,3221.22,3221.88,ETH
2026-01-06 05:33:51+00:00,2026-01-06 05:37:21.707944+00:00,231.0,3221.272,3221.17,3221.86,ETH
2026-01-06 05:33:52+00:00,2026-01-06 05:37:22.720161+00:00,232.0,3220.972,3220.63,3221.24,ETH
2026-01-06 05:33:53+00:00,2026-01-06 05:37:23.740886+00:00,233.0,3220.952,3220.63,3221.19,ETH
2026-01-06 05:33:54+00:00,2026-01-06 05:37:24.751130+00:00,234.0,3220.842,3220.63,3221.16,ETH
2026-01-06 05:33:55+00:00,2026-01-06 05:37:25.762598+00:00,235.0,3220.832,3220.52,3221.1,ETH
2026-01-06 05:33:56+00:00,2026-01-06 05:37:26.730066+00:00,236.0,3220.712,3220.48,3221.02,ETH
2026-01-06 05:33:57+00:00,2026-01-06 05:37:27.732585+00:00,237.0,3220.712,3220.48,3221.0,ETH
2026-01-06 05:33:58+00:00,2026-01-06 05:37:28.733699+00:00,238.0,3220.712,3220.49,3221.03,ETH
2026-01-06 05:33:59+00:00,2026-01-06 05:37:29.727260+00:00,239.0,3220.712,3220.5,3221.05,ETH
2026-01-06 05:34:00+00:00,2026-01-06 05:37:30.738814+00:00,240.0,3220.712,3220.5,3221.03,ETH
2026-01-06 05:34:01+00:00,2026-01-06 05:37:32.740195+00:00,241.0,3220.752,3220.5,3221.0,ETH
2026-01-06 05:34:02+00:00,2026-01-06 05:37:33.757344+00:00,242.0,3220.642,3220.37,3220.9,ETH
2026-01-06 05:34:03+00:00,2026-01-06 05:37:34.756156+00:00,243.0,3220.102,3219.82,3220.43,ETH
2026-01-06 05:34:04+00:00,2026-01-06 05:37:35.773268+00:00,244.0,3219.272,3219.12,3219.56,ETH
2026-01-06 05:34:05+00:00,2026-01-06 05:37:36.773820+00:00,245.0,3218.712,3218.6,3219.07,ETH
2026-01-06 05:34:06+00:00,2026-01-06 05:37:37.776633+00:00,246.0,3218.492,3218.24,3218.87,ETH
2026-01-06 05:34:07+00:00,2026-01-06 05:37:38.789956+00:00,247.0,3218.442,3218.12,3218.74,ETH
2026-01-06 05:34:08+00:00,2026-01-06 05:37:39.809027+00:00,248.0,3218.442,3218.12,3218.82,ETH
2026-01-06 05:34:09+00:00,2026-01-06 05:37:40.809332+00:00,249.0,3218.442,3218.12,3218.83,ETH
2026-01-06 05:34:10+00:00,2026-01-06 05:37:41.838377+00:00,250.0,3218.462,3218.11,3218.82,ETH
2026-01-06 05:34:11+00:00,2026-01-06 05:37:42.839041+00:00,251.0,3218.522,3218.15,3218.87,ETH
2026-01-06 05:34:12+00:00,2026-01-06 05:37:43.835919+00:00,252.0,3218.562,3218.18,3218.94,ETH
2026-01-06 05:34:13+00:00,2026-01-06 05:37:44.843080+00:00,253.0,3218.702,3218.35,3219.05,ETH
2026-01-06 05:34:14+00:00,2026-01-06 05:37:45.834143+00:00,254.0,3218.942,3218.6,3219.29,ETH
2026-01-06 05:34:15+00:00,2026-01-06 05:37:46.840015+00:00,255.0,3219.162,3218.88,3219.46,ETH
2026-01-06 05:34:16+00:00,2026-01-06 05:37:47.842881+00:00,256.0,3219.262,3219.04,3219.53,ETH
2026-01-06 05:34:17+00:00,2026-01-06 05:37:48.880216+00:00,257.0,3219.272,3219.04,3219.6,ETH
2026-01-06 05:34:18+00:00,2026-01-06 05:37:49.868759+00:00,258.0,3219.312,3219.07,3219.67,ETH
2026-01-06 05:34:19+00:00,2026-01-06 05:37:50.876277+00:00,259.0,3219.312,3219.06,3219.66,ETH
2026-01-06 05:34:20+00:00,2026-01-06 05:37:51.899066+00:00,260.0,3219.322,3219.06,3219.66,ETH
2026-01-06 05:34:21+00:00,2026-01-06 05:37:52.889298+00:00,261.0,3219.312,3219.07,3219.66,ETH
2026-01-06 05:34:22+00:00,2026-01-06 05:37:53.905403+00:00,262.0,3219.312,3219.08,3219.66,ETH
2026-01-06 05:34:23+00:00,2026-01-06 05:37:54.927580+00:00,263.0,3219.302,3219.08,3219.66,ETH
2026-01-06 05:34:24+00:00,2026-01-06 05:37:55.903887+00:00,264.0,3219.292,3219.08,3219.66,ETH
2026-01-06 05:34:25+00:00,2026-01-06 05:37:56.907107+00:00,265.0,3219.302,3219.09,3219.66,ETH
2026-01-06 05:34:26+00:00,2026-01-06 05:37:57.919039+00:00,266.0,3219.302,3219.08,3219.66,ETH
2026-01-06 05:34:27+00:00,2026-01-06 05:37:58.934377+00:00,267.0,3219.302,3219.08,3219.67,ETH
2026-01-06 05:34:28+00:00,2026-01-06 05:37:59.955015+00:00,268.0,3219.422,3219.33,3219.76,ETH
2026-01-06 05:34:29+00:00,2026-01-06 05:38:00.970774+00:00,269.0,3219.442,3219.29,3219.91,ETH
2026-01-06 05:34:30+00:00,2026-01-06 05:38:01.975304+00:00,270.0,3219.302,3219.14,3219.87,ETH
2026-01-06 05:34:31+00:00,2026-01-06 05:38:02.971348+00:00,271.0,3219.302,3219.1,3219.72,ETH
2026-01-06 05:34:32+00:00,2026-01-06 05:38:03.974147+00:00,272.0,3219.302,3219.08,3219.7,ETH
2026-01-06 05:34:33+00:00,2026-01-06 05:38:04.975568+00:00,273.0,3219.362,3219.11,3219.77,ETH
2026-01-06 05:34:34+00:00,2026-01-06 05:38:05.989099+00:00,274.0,3219.802,3219.44,3220.07,ETH
2026-01-06 05:34:35+00:00,2026-01-06 05:38:06.985135+00:00,275.0,3219.812,3219.47,3220.16,ETH
2026-01-06 05:34:36+00:00,2026-01-06 05:38:08.005847+00:00,276.0,3219.852,3219.52,3220.2,ETH
2026-01-06 05:34:37+00:00,2026-01-06 05:38:09.002206+00:00,277.0,3219.852,3219.54,3220.2,ETH
2026-01-06 05:34:38+00:00,2026-01-06 05:38:10.006479+00:00,278.0,3220.042,3219.91,3220.44,ETH
2026-01-06 05:34:39+00:00,2026-01-06 05:38:11.008713+00:00,279.0,3220.012,3219.65,3220.06,ETH
2026-01-06 05:34:40+00:00,2026-01-06 05:38:12.022647+00:00,280.0,3219.692,3219.49,3220.07,ETH
2026-01-06 05:34:41+00:00,2026-01-06 05:38:13.025798+00:00,281.0,3219.852,3219.59,3220.2,ETH
2026-01-06 05:34:42+00:00,2026-01-06 05:38:14.048095+00:00,282.0,3219.962,3219.69,3220.4,ETH
2026-01-06 05:34:43+00:00,2026-01-06 05:38:15.041091+00:00,283.0,3219.932,3219.69,3220.41,ETH
2026-01-06 05:34:44+00:00,2026-01-06 05:38:16.036987+00:00,284.0,3219.962,3219.69,3220.41,ETH
2026-01-06 05:34:45+00:00,2026-01-06 05:38:17.041743+00:00,285.0,3219.972,3219.78,3220.41,ETH
2026-01-06 05:34:46+00:00,2026-01-06 05:38:18.055752+00:00,286.0,3220.012,3219.83,3220.56,ETH
2026-01-06 05:34:47+00:00,2026-01-06 05:38:19.057760+00:00,287.0,3221.362,3221.08,3221.59,ETH
2026-01-06 05:34:48+00:00,2026-01-06 05:38:20.068359+00:00,288.0,3221.392,3221.11,3221.68,ETH
2026-01-06 05:34:49+00:00,2026-01-06 05:38:21.077197+00:00,289.0,3221.392,3221.1,3221.67,ETH
2026-01-06 05:34:50+00:00,2026-01-06 05:38:22.079749+00:00,290.0,3221.392,3221.1,3221.67,ETH
2026-01-06 05:34:51+00:00,2026-01-06 05:38:23.076079+00:00,291.0,3221.262,3221.1,3221.57,ETH
2026-01-06 05:34:52+00:00,2026-01-06 05:38:24.081282+00:00,292.0,3221.392,3221.06,3221.65,ETH
2026-01-06 05:34:53+00:00,2026-01-06 05:38:25.087442+00:00,293.0,3221.392,3221.06,3221.69,ETH
2026-01-06 05:34:54+00:00,2026-01-06 05:38:26.083217+00:00,294.0,3221.392,3221.11,3221.69,ETH
2026-01-06 05:34:55+00:00,2026-01-06 05:38:27.091876+00:00,295.0,3221.392,3221.11,3221.67,ETH
2026-01-06 05:34:56+00:00,2026-01-06 05:38:28.103760+00:00,296.0,3221.382,3221.1,3221.67,ETH
2026-01-06 05:34:57+00:00,2026-01-06 05:38:29.120012+00:00,297.0,3221.392,3221.09,3221.66,ETH
2026-01-06 05:34:58+00:00,2026-01-06 05:38:30.129755+00:00,298.0,3221.502,3221.16,3221.68,ETH
2026-01-06 05:34:59+00:00,2026-01-06 05:38:31.148516+00:00,299.0,3221.512,3221.22,3221.78,ETH
2026-01-06 05:35:00+00:00,2026-01-06 05:38:32.165101+00:00,300.0,3221.572,3221.28,3221.78,ETH
2026-01-06 05:35:01+00:00,2026-01-06 05:38:33.167053+00:00,301.0,3221.592,3221.28,3221.79,ETH
2026-01-06 05:35:02+00:00,2026-01-06 05:38:34.188281+00:00,302.0,3221.552,3221.22,3221.68,ETH
2026-01-06 05:35:03+00:00,2026-01-06 05:38:35.186262+00:00,303.0,3221.492,3221.17,3221.76,ETH
2026-01-06 05:35:04+00:00,2026-01-06 05:38:36.186477+00:00,304.0,3221.492,3221.17,3221.74,ETH
2026-01-06 05:35:05+00:00,2026-01-06 05:38:37.186932+00:00,305.0,3221.512,3221.18,3221.78,ETH
2026-01-06 05:35:06+00:00,2026-01-06 05:38:38.201559+00:00,306.0,3221.762,3221.48,3221.97,ETH
2026-01-06 05:35:07+00:00,2026-01-06 05:38:39.204983+00:00,307.0,3221.742,3221.45,3221.99,ETH
2026-01-06 05:35:08+00:00,2026-01-06 05:38:40.215832+00:00,308.0,3221.742,3221.46,3222.0,ETH
2026-01-06 05:35:09+00:00,2026-01-06 05:38:41.297345+00:00,309.0,3221.762,3221.46,3221.98,ETH
2026-01-06 05:35:10+00:00,2026-01-06 05:38:42.277006+00:00,310.0,3221.772,3221.46,3222.02,ETH
2026-01-06 05:35:11+00:00,2026-01-06 05:38:43.281263+00:00,311.0,3221.772,3221.47,3222.0,ETH
2026-01-06 05:35:12+00:00,2026-01-06 05:38:44.240028+00:00,312.0,3221.772,3221.48,3221.99,ETH
2026-01-06 05:35:13+00:00,2026-01-06 05:38:45.237615+00:00,313.0,3221.712,3221.5,3222.02,ETH
2026-01-06 05:35:14+00:00,2026-01-06 05:38:46.240550+00:00,314.0,3221.702,3221.5,3222.04,ETH
2026-01-06 05:35:15+00:00,2026-01-06 05:38:47.247394+00:00,315.0,3221.702,3221.5,3222.0,ETH
2026-01-06 05:35:16+00:00,2026-01-06 05:38:48.264562+00:00,316.0,3221.692,3221.5,3222.01,ETH
2026-01-06 05:35:17+00:00,2026-01-06 05:38:49.271271+00:00,317.0,3221.692,3221.5,3221.99,ETH
2026-01-06 05:35:18+00:00,2026-01-06 05:38:50.274974+00:00,318.0,3221.692,3221.49,3222.0,ETH
2026-01-06 05:35:19+00:00,2026-01-06 05:38:51.270610+00:00,319.0,3221.602,3221.48,3221.97,ETH
2026-01-06 05:35:20+00:00,2026-01-06 05:38:52.270617+00:00,320.0,3221.432,3221.21,3221.81,ETH
2026-01-06 05:35:21+00:00,2026-01-06 05:38:53.267583+00:00,321.0,3221.432,3221.2,3221.82,ETH
2026-01-06 05:35:22+00:00,2026-01-06 05:38:54.264844+00:00,322.0,3221.432,3221.2,3221.8,ETH
2026-01-06 05:35:23+00:00,2026-01-06 05:38:55.266782+00:00,323.0,3221.212,3221.11,3221.35,ETH
2026-01-06 05:35:24+00:00,2026-01-06 05:38:56.286215+00:00,324.0,3220.662,3220.66,3221.23,ETH
2026-01-06 05:35:25+00:00,2026-01-06 05:38:57.279750+00:00,325.0,3220.662,3220.6,3220.95,ETH
2026-01-06 05:35:26+00:00,2026-01-06 05:38:58.285280+00:00,326.0,3220.662,3220.48,3220.86,ETH
2026-01-06 05:35:27+00:00,2026-01-06 05:38:59.285745+00:00,327.0,3220.662,3220.48,3220.88,ETH
2026-01-06 05:35:28+00:00,2026-01-06 05:39:00.282111+00:00,328.0,3220.662,3220.45,3221.11,ETH
2026-01-06 05:35:29+00:00,2026-01-06 05:39:01.306707+00:00,329.0,3220.662,3220.45,3221.11,ETH
2026-01-06 05:35:30+00:00,2026-01-06 05:39:02.306390+00:00,330.0,3220.642,3220.46,3221.05,ETH
2026-01-06 05:35:31+00:00,2026-01-06 05:39:03.315290+00:00,331.0,3220.612,3220.45,3221.1,ETH
2026-01-06 05:35:32+00:00,2026-01-06 05:39:04.320749+00:00,332.0,3220.612,3220.49,3220.85,ETH
2026-01-06 05:35:33+00:00,2026-01-06 05:39:05.323607+00:00,333.0,3220.612,3220.49,3220.78,ETH
2026-01-06 05:35:34+00:00,2026-01-06 05:39:06.319003+00:00,334.0,3220.612,3220.49,3220.76,ETH
2026-01-06 05:35:35+00:00,2026-01-06 05:39:07.318706+00:00,335.0,3220.612,3220.49,3220.78,ETH
2026-01-06 05:35:36+00:00,2026-01-06 05:39:09.320232+00:00,336.0,3220.612,3220.47,3220.74,ETH
2026-01-06 05:35:37+00:00,2026-01-06 05:39:10.323754+00:00,337.0,3220.612,3220.44,3220.81,ETH
2026-01-06 05:35:38+00:00,2026-01-06 05:39:11.333995+00:00,338.0,3220.612,3220.44,3220.86,ETH
2026-01-06 05:35:39+00:00,2026-01-06 05:39:12.322596+00:00,339.0,3220.612,3220.44,3220.86,ETH
2026-01-06 05:35:40+00:00,2026-01-06 05:39:13.367778+00:00,340.0,3220.622,3220.44,3220.91,ETH
2026-01-06 05:35:41+00:00,2026-01-06 05:39:14.367619+00:00,341.0,3220.632,3220.45,3220.85,ETH
2026-01-06 05:35:42+00:00,2026-01-06 05:39:15.370123+00:00,342.0,3220.622,3220.44,3220.78,ETH
2026-01-06 05:35:43+00:00,2026-01-06 05:39:16.385609+00:00,343.0,3220.612,3220.44,3220.83,ETH
2026-01-06 05:35:44+00:00,2026-01-06 05:39:17.402749+00:00,344.0,3220.612,3220.44,3220.82,ETH
2026-01-06 05:35:45+00:00,2026-01-06 05:39:18.413268+00:00,345.0,3220.612,3220.44,3220.81,ETH
2026-01-06 05:35:46+00:00,2026-01-06 05:39:19.415967+00:00,346.0,3220.592,3220.44,3220.9,ETH
2026-01-06 05:35:47+00:00,2026-01-06 05:39:20.433849+00:00,347.0,3220.582,3220.44,3220.92,ETH
2026-01-06 05:35:48+00:00,2026-01-06 05:39:21.457839+00:00,348.0,3220.542,3220.37,3220.84,ETH
2026-01-06 05:35:49+00:00,2026-01-06 05:39:22.450893+00:00,349.0,3220.402,3220.27,3220.63,ETH
2026-01-06 05:35:50+00:00,2026-01-06 05:39:23.472110+00:00,350.0,3220.232,3220.11,3220.46,ETH
2026-01-06 05:35:51+00:00,2026-01-06 05:39:24.465390+00:00,351.0,3220.032,3219.82,3220.3,ETH
2026-01-06 05:35:52+00:00,2026-01-06 05:39:25.468313+00:00,352.0,3219.902,3219.63,3220.09,ETH
2026-01-06 05:35:53+00:00,2026-01-06 05:39:26.473874+00:00,353.0,3219.902,3219.59,3220.03,ETH
2026-01-06 05:35:54+00:00,2026-01-06 05:39:27.463886+00:00,354.0,3219.902,3219.57,3220.09,ETH
2026-01-06 05:35:55+00:00,2026-01-06 05:39:28.467407+00:00,355.0,3219.902,3219.57,3220.16,ETH
2026-01-06 05:35:56+00:00,2026-01-06 05:39:29.482154+00:00,356.0,3219.902,3219.58,3220.2,ETH
2026-01-06 05:35:57+00:00,2026-01-06 05:39:30.516800+00:00,357.0,3219.882,3219.58,3220.16,ETH
2026-01-06 05:35:58+00:00,2026-01-06 05:39:31.515135+00:00,358.0,3219.862,3219.58,3220.16,ETH
2026-01-06 05:35:59+00:00,2026-01-06 05:39:32.525457+00:00,359.0,3219.862,3219.59,3220.19,ETH
2026-01-06 05:36:00+00:00,2026-01-06 05:39:33.532301+00:00,360.0,3219.862,3219.59,3220.2,ETH
2026-01-06 05:36:01+00:00,2026-01-06 05:39:34.538666+00:00,361.0,3219.902,3219.67,3220.28,ETH
2026-01-06 05:36:02+00:00,2026-01-06 05:39:35.540410+00:00,362.0,3219.922,3219.67,3220.36,ETH
2026-01-06 05:36:03+00:00,2026-01-06 05:39:36.535279+00:00,363.0,3219.912,3219.62,3220.28,ETH
2026-01-06 05:36:04+00:00,2026-01-06 05:39:37.549333+00:00,364.0,3219.912,3219.61,3220.21,ETH
2026-01-06 05:36:05+00:00,2026-01-06 05:39:38.565545+00:00,365.0,3219.912,3219.61,3220.13,ETH
2026-01-06 05:36:06+00:00,2026-01-06 05:39:39.583269+00:00,366.0,3219.912,3219.6,3220.09,ETH
2026-01-06 05:36:07+00:00,2026-01-06 05:39:40.581711+00:00,367.0,3219.912,3219.6,3220.2,ETH
2026-01-06 05:36:08+00:00,2026-01-06 05:39:41.596671+00:00,368.0,3219.912,3219.6,3220.2,ETH
2026-01-06 05:36:09+00:00,2026-01-06 05:39:42.600279+00:00,369.0,3219.912,3219.64,3220.25,ETH
2026-01-06 05:36:10+00:00,2026-01-06 05:39:43.600599+00:00,370.0,3219.912,3219.64,3220.21,ETH
2026-01-06 05:36:11+00:00,2026-01-06 05:39:44.596813+00:00,371.0,3219.812,3219.6,3220.25,ETH
2026-01-06 05:36:12+00:00,2026-01-06 05:39:45.605711+00:00,372.0,3219.812,3219.6,3220.17,ETH
2026-01-06 05:36:13+00:00,2026-01-06 05:39:46.614345+00:00,373.0,3219.812,3219.6,3220.04,ETH
2026-01-06 05:36:14+00:00,2026-01-06 05:39:47.623295+00:00,374.0,3219.812,3219.63,3220.16,ETH
2026-01-06 05:36:15+00:00,2026-01-06 05:39:48.642877+00:00,375.0,3219.812,3219.58,3220.06,ETH
2026-01-06 05:36:16+00:00,2026-01-06 05:39:49.703867+00:00,376.0,3219.812,3219.58,3220.12,ETH
2026-01-06 05:36:17+00:00,2026-01-06 05:39:50.703394+00:00,377.0,3219.812,3219.58,3220.11,ETH
2026-01-06 05:36:18+00:00,2026-01-06 05:39:51.705059+00:00,378.0,3219.812,3219.58,3220.14,ETH
2026-01-06 05:36:19+00:00,2026-01-06 05:39:52.716262+00:00,379.0,3219.812,3219.58,3220.19,ETH
2026-01-06 05:36:20+00:00,2026-01-06 05:39:53.708109+00:00,380.0,3219.812,3219.58,3220.2,ETH
2026-01-06 05:36:21+00:00,2026-01-06 05:39:54.711386+00:00,381.0,3219.812,3219.58,3220.2,ETH
2026-01-06 05:36:22+00:00,2026-01-06 05:39:55.711436+00:00,382.0,3219.812,3219.58,3220.19,ETH
2026-01-06 05:36:23+00:00,2026-01-06 05:39:56.724306+00:00,383.0,3219.812,3219.58,3220.19,ETH
2026-01-06 05:36:24+00:00,2026-01-06 05:39:57.706895+00:00,384.0,3219.812,3219.58,3220.18,ETH
2026-01-06 05:36:25+00:00,2026-01-06 05:39:58.699985+00:00,385.0,3219.812,3219.58,3220.18,ETH
2026-01-06 05:36:26+00:00,2026-01-06 05:39:59.700067+00:00,386.0,3219.812,3219.58,3220.14,ETH
2026-01-06 05:36:27+00:00,2026-01-06 05:40:00.709768+00:00,387.0,3219.812,3219.59,3220.12,ETH
2026-01-06 05:36:28+00:00,2026-01-06 05:40:01.717249+00:00,388.0,3219.642,3219.41,3219.83,ETH
2026-01-06 05:36:29+00:00,2026-01-06 05:40:02.713751+00:00,389.0,3219.642,3219.42,3219.81,ETH
2026-01-06 05:36:30+00:00,2026-01-06 05:40:03.722205+00:00,390.0,3219.472,3219.43,3219.85,ETH
2026-01-06 05:36:31+00:00,2026-01-06 05:40:04.725183+00:00,391.0,3219.472,3219.22,3219.66,ETH
2026-01-06 05:36:32+00:00,2026-01-06 05:40:05.753590+00:00,392.0,3219.472,3219.22,3219.65,ETH
2026-01-06 05:36:33+00:00,2026-01-06 05:40:06.801382+00:00,393.0,3219.202,3219.18,3219.63,ETH
2026-01-06 05:36:34+00:00,2026-01-06 05:40:07.785592+00:00,394.0,3219.202,3219.16,3219.63,ETH
2026-01-06 05:36:35+00:00,2026-01-06 05:40:08.780809+00:00,395.0,3219.032,3218.99,3219.07,ETH
2026-01-06 05:36:36+00:00,2026-01-06 05:40:09.797861+00:00,396.0,3218.902,3218.65,3219.03,ETH
2026-01-06 05:36:37+00:00,2026-01-06 05:40:10.804938+00:00,397.0,3218.802,3218.56,3219.0,ETH
2026-01-06 05:36:38+00:00,2026-01-06 05:40:11.803409+00:00,398.0,3218.802,3218.5,3218.96,ETH
2026-01-06 05:36:39+00:00,2026-01-06 05:40:12.818441+00:00,399.0,3218.802,3218.5,3218.96,ETH
2026-01-06 05:36:40+00:00,2026-01-06 05:40:13.814994+00:00,400.0,3218.802,3218.5,3218.94,ETH
2026-01-06 05:36:41+00:00,2026-01-06 05:40:14.820380+00:00,401.0,3218.802,3218.5,3218.94,ETH
2026-01-06 05:36:42+00:00,2026-01-06 05:40:15.817312+00:00,402.0,3218.802,3218.5,3218.94,ETH
2026-01-06 05:36:43+00:00,2026-01-06 05:40:16.814572+00:00,403.0,3218.802,3218.49,3218.96,ETH
2026-01-06 05:36:44+00:00,2026-01-06 05:40:17.802144+00:00,404.0,3218.802,3218.49,3218.95,ETH
2026-01-06 05:36:45+00:00,2026-01-06 05:40:18.817268+00:00,405.0,3218.532,3218.49,3218.94,ETH
2026-01-06 05:36:46+00:00,2026-01-06 05:40:20.800212+00:00,406.0,3218.572,3218.47,3218.92,ETH
2026-01-06 05:36:47+00:00,2026-01-06 05:40:21.802874+00:00,407.0,3218.612,3218.48,3218.91,ETH
2026-01-06 05:36:48+00:00,2026-01-06 05:40:22.817558+00:00,408.0,3218.622,3218.49,3218.91,ETH
2026-01-06 05:36:49+00:00,2026-01-06 05:40:23.830941+00:00,409.0,3218.572,3218.47,3218.75,ETH
2026-01-06 05:36:50+00:00,2026-01-06 05:40:24.847369+00:00,410.0,3218.452,3218.36,3218.49,ETH
2026-01-06 05:36:51+00:00,2026-01-06 05:40:25.850794+00:00,411.0,3218.272,3218.07,3218.4,ETH
2026-01-06 05:36:52+00:00,2026-01-06 05:40:26.852842+00:00,412.0,3218.142,3217.86,3218.4,ETH
2026-01-06 05:36:53+00:00,2026-01-06 05:40:27.863662+00:00,413.0,3218.101,3217.85,3218.41,ETH
2026-01-06 05:36:54+00:00,2026-01-06 05:40:28.946570+00:00,414.0,3218.101,3217.84,3218.42,ETH
2026-01-06 05:36:55+00:00,2026-01-06 05:40:29.952036+00:00,415.0,3218.101,3217.84,3218.4,ETH
2026-01-06 05:36:56+00:00,2026-01-06 05:40:30.966910+00:00,416.0,3218.101,3217.84,3218.42,ETH
2026-01-06 05:36:57+00:00,2026-01-06 05:40:31.967187+00:00,417.0,3218.101,3217.84,3218.44,ETH
2026-01-06 05:36:58+00:00,2026-01-06 05:40:32.981886+00:00,418.0,3218.101,3217.86,3218.48,ETH
2026-01-06 05:36:59+00:00,2026-01-06 05:40:33.984008+00:00,419.0,3218.101,3217.88,3218.52,ETH
2026-01-06 05:37:00+00:00,2026-01-06 05:40:34.982556+00:00,420.0,3218.101,3217.88,3218.53,ETH
2026-01-06 05:37:01+00:00,2026-01-06 05:40:36.000490+00:00,421.0,3218.061,3217.88,3218.53,ETH
2026-01-06 05:37:02+00:00,2026-01-06 05:40:37.009771+00:00,422.0,3218.011,3217.86,3218.47,ETH
2026-01-06 05:37:03+00:00,2026-01-06 05:40:37.999865+00:00,423.0,3218.001,3217.78,3218.3,ETH
2026-01-06 05:37:04+00:00,2026-01-06 05:40:39.001967+00:00,424.0,3217.961,3217.72,3218.19,ETH
2026-01-06 05:37:05+00:00,2026-01-06 05:40:40.019783+00:00,425.0,3217.931,3217.68,3218.19,ETH
2026-01-06 05:37:06+00:00,2026-01-06 05:40:41.030738+00:00,426.0,3217.761,3217.61,3218.17,ETH
2026-01-06 05:37:07+00:00,2026-01-06 05:40:42.031489+00:00,427.0,3217.571,3217.37,3217.91,ETH
2026-01-06 05:37:08+00:00,2026-01-06 05:40:43.049004+00:00,428.0,3217.301,3217.0,3217.59,ETH
2026-01-06 05:37:09+00:00,2026-01-06 05:40:44.067146+00:00,429.0,3217.031,3216.8,3217.52,ETH
2026-01-06 05:37:10+00:00,2026-01-06 05:40:45.057904+00:00,430.0,3216.971,3216.77,3217.48,ETH
2026-01-06 05:37:11+00:00,2026-01-06 05:40:46.079553+00:00,431.0,3216.911,3216.78,3217.46,ETH
2026-01-06 05:37:12+00:00,2026-01-06 05:40:47.066617+00:00,432.0,3216.921,3216.78,3217.48,ETH
2026-01-06 05:37:13+00:00,2026-01-06 05:40:48.063722+00:00,433.0,3216.961,3216.82,3217.49,ETH
2026-01-06 05:37:14+00:00,2026-01-06 05:40:49.066405+00:00,434.0,3216.931,3216.82,3217.5,ETH
2026-01-06 05:37:15+00:00,2026-01-06 05:40:50.074828+00:00,435.0,3216.931,3216.81,3217.49,ETH
2026-01-06 05:37:16+00:00,2026-01-06 05:40:51.071969+00:00,436.0,3216.921,3216.81,3217.49,ETH
2026-01-06 05:37:17+00:00,2026-01-06 05:40:52.074136+00:00,437.0,3216.931,3216.81,3217.49,ETH
2026-01-06 05:37:18+00:00,2026-01-06 05:40:53.095234+00:00,438.0,3216.921,3216.81,3217.49,ETH
2026-01-06 05:37:19+00:00,2026-01-06 05:40:54.102100+00:00,439.0,3217.151,3216.81,3217.49,ETH
2026-01-06 05:37:20+00:00,2026-01-06 05:40:55.104414+00:00,440.0,3217.151,3216.85,3217.49,ETH
2026-01-06 05:37:21+00:00,2026-01-06 05:40:56.108584+00:00,441.0,3217.221,3216.92,3217.45,ETH
2026-01-06 05:37:22+00:00,2026-01-06 05:40:57.132076+00:00,442.0,3217.291,3216.91,3217.68,ETH
2026-01-06 05:37:23+00:00,2026-01-06 05:40:58.198192+00:00,443.0,3217.771,3217.38,3218.14,ETH
2026-01-06 05:37:24+00:00,2026-01-06 05:40:59.217591+00:00,444.0,3217.781,3217.44,3218.13,ETH
2026-01-06 05:37:25+00:00,2026-01-06 05:41:00.227005+00:00,445.0,3217.861,3217.54,3218.18,ETH
2026-01-06 05:37:26+00:00,2026-01-06 05:41:01.235120+00:00,446.0,3218.001,3217.7,3218.33,ETH
2026-01-06 05:37:27+00:00,2026-01-06 05:41:02.251136+00:00,447.0,3218.152,3217.89,3218.5,ETH
2026-01-06 05:37:28+00:00,2026-01-06 05:41:03.267558+00:00,448.0,3218.202,3217.97,3218.61,ETH
2026-01-06 05:37:29+00:00,2026-01-06 05:41:04.265525+00:00,449.0,3218.212,3217.99,3218.62,ETH
2026-01-06 05:37:30+00:00,2026-01-06 05:41:05.280479+00:00,450.0,3218.222,3218.01,3218.62,ETH
2026-01-06 05:37:31+00:00,2026-01-06 05:41:06.284302+00:00,451.0,3218.232,3218.01,3218.64,ETH
2026-01-06 05:37:32+00:00,2026-01-06 05:41:07.296548+00:00,452.0,3218.352,3218.14,3218.74,ETH
2026-01-06 05:37:33+00:00,2026-01-06 05:41:08.297432+00:00,453.0,3218.482,3218.26,3218.8,ETH
2026-01-06 05:37:34+00:00,2026-01-06 05:41:09.294789+00:00,454.0,3218.512,3218.27,3218.84,ETH
2026-01-06 05:37:35+00:00,2026-01-06 05:41:10.299239+00:00,455.0,3218.482,3218.25,3218.9,ETH
2026-01-06 05:37:36+00:00,2026-01-06 05:41:11.313941+00:00,456.0,3218.442,3218.23,3218.87,ETH
2026-01-06 05:37:37+00:00,2026-01-06 05:41:12.322328+00:00,457.0,3218.442,3218.21,3218.83,ETH
2026-01-06 05:37:38+00:00,2026-01-06 05:41:13.345700+00:00,458.0,3218.202,3217.95,3218.41,ETH
2026-01-06 05:37:39+00:00,2026-01-06 05:41:14.365373+00:00,459.0,3217.731,3217.58,3217.95,ETH
2026-01-06 05:37:40+00:00,2026-01-06 05:41:15.359137+00:00,460.0,3217.511,3217.31,3217.84,ETH
2026-01-06 05:37:41+00:00,2026-01-06 05:41:16.362407+00:00,461.0,3217.511,3217.15,3217.8,ETH
2026-01-06 05:37:42+00:00,2026-01-06 05:41:17.365861+00:00,462.0,3217.621,3217.26,3217.94,ETH
2026-01-06 05:37:43+00:00,2026-01-06 05:41:18.361545+00:00,463.0,3217.731,3217.46,3218.1,ETH
2026-01-06 05:37:44+00:00,2026-01-06 05:41:19.380000+00:00,464.0,3217.741,3217.55,3218.12,ETH
2026-01-06 05:37:45+00:00,2026-01-06 05:41:20.384013+00:00,465.0,3217.701,3217.45,3218.04,ETH
2026-01-06 05:37:46+00:00,2026-01-06 05:41:21.412953+00:00,466.0,3217.591,3217.34,3217.98,ETH
2026-01-06 05:37:47+00:00,2026-01-06 05:41:22.414656+00:00,467.0,3217.511,3217.32,3217.99,ETH
2026-01-06 05:37:48+00:00,2026-01-06 05:41:23.435570+00:00,468.0,3217.511,3217.32,3217.98,ETH
2026-01-06 05:37:49+00:00,2026-01-06 05:41:24.460949+00:00,469.0,3217.511,3217.32,3217.95,ETH
2026-01-06 05:37:50+00:00,2026-01-06 05:41:25.473168+00:00,470.0,3217.511,3217.3,3217.92,ETH
2026-01-06 05:37:51+00:00,2026-01-06 05:41:26.460419+00:00,471.0,3217.301,3217.18,3217.76,ETH
2026-01-06 05:37:52+00:00,2026-01-06 05:41:27.480168+00:00,472.0,3217.091,3216.98,3217.59,ETH
2026-01-06 05:37:53+00:00,2026-01-06 05:41:28.542175+00:00,473.0,3217.091,3216.86,3217.54,ETH
2026-01-06 05:37:54+00:00,2026-01-06 05:41:29.550038+00:00,474.0,3217.001,3216.82,3217.46,ETH
2026-01-06 05:37:55+00:00,2026-01-06 05:41:30.548246+00:00,475.0,3216.871,3216.73,3217.29,ETH
2026-01-06 05:37:56+00:00,2026-01-06 05:41:31.541893+00:00,476.0,3216.821,3216.59,3217.11,ETH
2026-01-06 05:37:57+00:00,2026-01-06 05:41:32.544185+00:00,477.0,3216.811,3216.53,3217.04,ETH
2026-01-06 05:37:58+00:00,2026-01-06 05:41:33.562989+00:00,478.0,3216.811,3216.52,3216.98,ETH
2026-01-06 05:37:59+00:00,2026-01-06 05:41:34.578320+00:00,479.0,3216.811,3216.52,3216.93,ETH
2026-01-06 05:38:00+00:00,2026-01-06 05:41:35.598020+00:00,480.0,3216.581,3216.49,3217.05,ETH
2026-01-06 05:38:01+00:00,2026-01-06 05:41:36.595508+00:00,481.0,3216.581,3216.49,3217.05,ETH
2026-01-06 05:38:02+00:00,2026-01-06 05:41:37.614658+00:00,482.0,3216.501,3216.32,3216.82,ETH
2026-01-06 05:38:03+00:00,2026-01-06 05:41:38.609252+00:00,483.0,3216.521,3216.31,3216.84,ETH
2026-01-06 05:38:04+00:00,2026-01-06 05:41:39.626538+00:00,484.0,3216.501,3216.32,3216.86,ETH
2026-01-06 05:38:05+00:00,2026-01-06 05:41:40.642306+00:00,485.0,3216.501,3216.31,3216.9,ETH
2026-01-06 05:38:06+00:00,2026-01-06 05:41:41.644890+00:00,486.0,3216.601,3216.31,3216.89,ETH
2026-01-06 05:38:07+00:00,2026-01-06 05:41:42.643911+00:00,487.0,3216.601,3216.3,3216.95,ETH
2026-01-06 05:38:08+00:00,2026-01-06 05:41:43.643753+00:00,488.0,3216.601,3216.3,3217.02,ETH
2026-01-06 05:38:09+00:00,2026-01-06 05:41:44.641375+00:00,489.0,3216.601,3216.29,3217.09,ETH
2026-01-06 05:38:10+00:00,2026-01-06 05:41:45.666296+00:00,490.0,3216.621,3216.29,3217.08,ETH
2026-01-06 05:38:11+00:00,2026-01-06 05:41:46.676817+00:00,491.0,3216.661,3216.29,3217.06,ETH
2026-01-06 05:38:12+00:00,2026-01-06 05:41:47.676702+00:00,492.0,3216.611,3216.29,3217.01,ETH
2026-01-06 05:38:13+00:00,2026-01-06 05:41:48.734483+00:00,493.0,3216.641,3216.3,3217.05,ETH
2026-01-06 05:38:14+00:00,2026-01-06 05:41:49.720514+00:00,494.0,3216.641,3216.3,3217.07,ETH
2026-01-06 05:38:15+00:00,2026-01-06 05:41:50.742727+00:00,495.0,3216.651,3216.29,3217.05,ETH
2026-01-06 05:38:16+00:00,2026-01-06 05:41:51.722078+00:00,496.0,3216.621,3216.29,3217.04,ETH
2026-01-06 05:38:17+00:00,2026-01-06 05:41:52.739063+00:00,497.0,3216.581,3216.3,3217.04,ETH
2026-01-06 05:38:18+00:00,2026-01-06 05:41:53.725318+00:00,498.0,3216.581,3216.3,3217.04,ETH
2026-01-06 05:38:19+00:00,2026-01-06 05:41:54.738965+00:00,499.0,3216.551,3216.27,3216.99,ETH
2026-01-06 05:38:20+00:00,2026-01-06 05:41:55.741955+00:00,500.0,3216.511,3216.22,3216.91,ETH
2026-01-06 05:38:21+00:00,2026-01-06 05:41:56.726847+00:00,501.0,3216.541,3216.2,3216.87,ETH
2026-01-06 05:38:22+00:00,2026-01-06 05:41:57.731756+00:00,502.0,3216.891,3216.59,3217.27,ETH
2026-01-06 05:38:23+00:00,2026-01-06 05:41:58.735816+00:00,503.0,3217.231,3217.04,3217.66,ETH
2026-01-06 05:38:24+00:00,2026-01-06 05:41:59.733037+00:00,504.0,3217.231,3217.12,3217.64,ETH
2026-01-06 05:38:25+00:00,2026-01-06 05:42:00.739757+00:00,505.0,3217.221,3217.12,3217.62,ETH
2026-01-06 05:38:26+00:00,2026-01-06 05:42:01.746992+00:00,506.0,3217.341,3217.11,3217.66,ETH
2026-01-06 05:38:27+00:00,2026-01-06 05:42:02.755675+00:00,507.0,3217.351,3217.12,3217.66,ETH
2026-01-06 05:38:28+00:00,2026-01-06 05:42:03.763206+00:00,508.0,3217.731,3217.54,3217.92,ETH
2026-01-06 05:38:29+00:00,2026-01-06 05:42:04.761179+00:00,509.0,3218.312,3218.07,3218.69,ETH
2026-01-06 05:38:30+00:00,2026-01-06 05:42:05.842176+00:00,510.0,3218.572,3218.41,3218.89,ETH
2026-01-06 05:38:31+00:00,2026-01-06 05:42:06.864950+00:00,511.0,3218.842,3218.7,3219.36,ETH
2026-01-06 05:38:32+00:00,2026-01-06 05:42:07.879707+00:00,512.0,3218.872,3218.71,3219.36,ETH
2026-01-06 05:38:33+00:00,2026-01-06 05:42:08.875971+00:00,513.0,3218.912,3218.73,3219.36,ETH
2026-01-06 05:38:34+00:00,2026-01-06 05:42:09.881989+00:00,514.0,3218.942,3218.75,3219.36,ETH
2026-01-06 05:38:35+00:00,2026-01-06 05:42:10.900533+00:00,515.0,3219.122,3218.92,3219.56,ETH
2026-01-06 05:38:36+00:00,2026-01-06 05:42:11.909211+00:00,516.0,3219.332,3218.98,3219.78,ETH
2026-01-06 05:38:37+00:00,2026-01-06 05:42:12.926492+00:00,517.0,3219.472,3219.27,3219.8,ETH
2026-01-06 05:38:38+00:00,2026-01-06 05:42:13.929027+00:00,518.0,3219.882,3219.46,3220.14,ETH
2026-01-06 05:38:39+00:00,2026-01-06 05:42:14.957030+00:00,519.0,3220.302,3220.03,3220.58,ETH
2026-01-06 05:38:40+00:00,2026-01-06 05:42:15.963503+00:00,520.0,3220.302,3220.04,3220.6,ETH
2026-01-06 05:38:41+00:00,2026-01-06 05:42:16.976110+00:00,521.0,3220.072,3219.66,3220.22,ETH
2026-01-06 05:38:42+00:00,2026-01-06 05:42:17.992946+00:00,522.0,3219.702,3219.53,3220.18,ETH
2026-01-06 05:38:43+00:00,2026-01-06 05:42:18.990269+00:00,523.0,3219.642,3219.46,3219.99,ETH
2026-01-06 05:38:44+00:00,2026-01-06 05:42:20.008575+00:00,524.0,3219.722,3219.46,3219.99,ETH
2026-01-06 05:38:45+00:00,2026-01-06 05:42:21.010763+00:00,525.0,3219.712,3219.44,3220.11,ETH
2026-01-06 05:38:46+00:00,2026-01-06 05:42:22.029445+00:00,526.0,3219.762,3219.47,3220.11,ETH
2026-01-06 05:38:47+00:00,2026-01-06 05:42:23.041098+00:00,527.0,3219.882,3219.49,3220.07,ETH
2026-01-06 05:38:48+00:00,2026-01-06 05:42:25.041447+00:00,528.0,3219.842,3219.49,3220.08,ETH
2026-01-06 05:38:49+00:00,2026-01-06 05:42:26.068451+00:00,529.0,3219.772,3219.49,3220.08,ETH
2026-01-06 05:38:50+00:00,2026-01-06 05:42:27.062652+00:00,530.0,3219.692,3219.49,3220.07,ETH
2026-01-06 05:38:51+00:00,2026-01-06 05:42:28.065800+00:00,531.0,3219.692,3219.49,3220.07,ETH
2026-01-06 05:38:52+00:00,2026-01-06 05:42:29.057371+00:00,532.0,3219.692,3219.49,3220.07,ETH
2026-01-06 05:38:53+00:00,2026-01-06 05:42:30.061982+00:00,533.0,3219.762,3219.53,3220.08,ETH
2026-01-06 05:38:54+00:00,2026-01-06 05:42:31.070219+00:00,534.0,3219.832,3219.58,3220.01,ETH
2026-01-06 05:38:55+00:00,2026-01-06 05:42:32.073466+00:00,535.0,3219.822,3219.58,3220.0,ETH
2026-01-06 05:38:56+00:00,2026-01-06 05:42:33.080872+00:00,536.0,3219.842,3219.58,3220.12,ETH
2026-01-06 05:38:57+00:00,2026-01-06 05:42:34.095235+00:00,537.0,3219.912,3219.6,3220.17,ETH
2026-01-06 05:38:58+00:00,2026-01-06 05:42:35.093208+00:00,538.0,3219.982,3219.63,3220.22,ETH
2026-01-06 05:38:59+00:00,2026-01-06 05:42:36.106825+00:00,539.0,3219.982,3219.64,3220.28,ETH
2026-01-06 05:39:00+00:00,2026-01-06 05:42:37.106896+00:00,540.0,3219.962,3219.63,3220.26,ETH
2026-01-06 05:39:01+00:00,2026-01-06 05:42:38.122868+00:00,541.0,3219.792,3219.58,3220.17,ETH
2026-01-06 05:39:02+00:00,2026-01-06 05:42:39.136084+00:00,542.0,3219.612,3219.51,3220.02,ETH
2026-01-06 05:39:03+00:00,2026-01-06 05:42:40.144335+00:00,543.0,3219.522,3219.43,3219.87,ETH
2026-01-06 05:39:04+00:00,2026-01-06 05:42:41.144348+00:00,544.0,3219.492,3219.36,3219.83,ETH
2026-01-06 05:39:06+00:00,2026-01-06 05:42:42.196594+00:00,546.0,3219.502,3219.32,3219.74,ETH
2026-01-06 05:39:07+00:00,2026-01-06 05:42:43.211765+00:00,547.0,3219.502,3219.26,3219.84,ETH
2026-01-06 05:39:08+00:00,2026-01-06 05:42:44.210935+00:00,548.0,3219.502,3219.26,3219.84,ETH
2026-01-06 05:39:09+00:00,2026-01-06 05:42:45.210863+00:00,549.0,3219.302,3219.25,3219.76,ETH
2026-01-06 05:39:10+00:00,2026-01-06 05:42:46.187669+00:00,550.0,3219.302,3219.15,3219.74,ETH
2026-01-06 05:39:11+00:00,2026-01-06 05:42:47.190048+00:00,551.0,3219.302,3219.14,3219.75,ETH
2026-01-06 05:39:12+00:00,2026-01-06 05:42:49.212182+00:00,552.0,3219.302,3219.15,3219.73,ETH
2026-01-06 05:39:13+00:00,2026-01-06 05:42:50.239658+00:00,553.0,3219.302,3219.16,3219.73,ETH
2026-01-06 05:39:14+00:00,2026-01-06 05:42:51.206413+00:00,554.0,3219.302,3219.16,3219.54,ETH
2026-01-06 05:39:15+00:00,2026-01-06 05:42:52.213108+00:00,555.0,3219.272,3219.15,3219.47,ETH
2026-01-06 05:39:16+00:00,2026-01-06 05:42:53.205273+00:00,556.0,3219.192,3219.11,3219.62,ETH
2026-01-06 05:39:17+00:00,2026-01-06 05:42:54.222596+00:00,557.0,3219.132,3219.09,3219.65,ETH
2026-01-06 05:39:18+00:00,2026-01-06 05:42:55.224294+00:00,558.0,3219.132,3219.09,3219.62,ETH
2026-01-06 05:39:19+00:00,2026-01-06 05:42:56.239957+00:00,559.0,3219.132,3219.03,3219.58,ETH
2026-01-06 05:39:20+00:00,2026-01-06 05:42:57.241984+00:00,560.0,3219.132,3218.98,3219.46,ETH
2026-01-06 05:39:21+00:00,2026-01-06 05:42:58.239326+00:00,561.0,3219.132,3218.97,3219.49,ETH
2026-01-06 05:39:22+00:00,2026-01-06 05:42:59.240170+00:00,562.0,3219.132,3218.96,3219.62,ETH
2026-01-06 05:39:23+00:00,2026-01-06 05:43:00.237444+00:00,563.0,3219.132,3218.95,3219.62,ETH
2026-01-06 05:39:24+00:00,2026-01-06 05:43:01.256180+00:00,564.0,3219.132,3218.95,3219.62,ETH
2026-01-06 05:39:25+00:00,2026-01-06 05:43:02.254757+00:00,565.0,3219.132,3218.97,3219.62,ETH
2026-01-06 05:39:26+00:00,2026-01-06 05:43:03.257774+00:00,566.0,3219.132,3218.98,3219.53,ETH
2026-01-06 05:39:27+00:00,2026-01-06 05:43:04.254146+00:00,567.0,3219.132,3218.96,3219.44,ETH
2026-01-06 05:39:28+00:00,2026-01-06 05:43:05.260296+00:00,568.0,3219.132,3218.96,3219.39,ETH
2026-01-06 05:39:29+00:00,2026-01-06 05:43:06.279395+00:00,569.0,3219.132,3218.97,3219.37,ETH
2026-01-06 05:39:30+00:00,2026-01-06 05:43:07.280482+00:00,570.0,3219.132,3218.97,3219.37,ETH
2026-01-06 05:39:31+00:00,2026-01-06 05:43:08.289071+00:00,571.0,3219.132,3218.97,3219.36,ETH
2026-01-06 05:39:32+00:00,2026-01-06 05:43:09.291496+00:00,572.0,3219.132,3218.97,3219.36,ETH
2026-01-06 05:39:33+00:00,2026-01-06 05:43:10.308556+00:00,573.0,3219.132,3218.97,3219.4,ETH
2026-01-06 05:39:34+00:00,2026-01-06 05:43:11.305002+00:00,574.0,3219.132,3218.97,3219.44,ETH
2026-01-06 05:39:35+00:00,2026-01-06 05:43:12.309261+00:00,575.0,3219.132,3218.97,3219.37,ETH
2026-01-06 05:39:36+00:00,2026-01-06 05:43:13.312527+00:00,576.0,3218.662,3218.65,3218.87,ETH
2026-01-06 05:39:37+00:00,2026-01-06 05:43:14.323224+00:00,577.0,3218.282,3217.93,3218.7,ETH
2026-01-06 05:39:38+00:00,2026-01-06 05:43:15.339153+00:00,578.0,3217.941,3217.78,3218.4,ETH
2026-01-06 05:39:39+00:00,2026-01-06 05:43:16.358532+00:00,579.0,3217.941,3217.73,3218.34,ETH
2026-01-06 05:39:40+00:00,2026-01-06 05:43:17.361980+00:00,580.0,3217.941,3217.73,3218.36,ETH
2026-01-06 05:39:41+00:00,2026-01-06 05:43:18.358474+00:00,581.0,3217.941,3217.75,3218.32,ETH
2026-01-06 05:39:42+00:00,2026-01-06 05:43:19.375564+00:00,582.0,3217.941,3217.75,3218.31,ETH
2026-01-06 05:39:43+00:00,2026-01-06 05:43:20.375272+00:00,583.0,3217.941,3217.74,3218.32,ETH
2026-01-06 05:39:44+00:00,2026-01-06 05:43:21.389416+00:00,584.0,3217.941,3217.71,3218.33,ETH
2026-01-06 05:39:45+00:00,2026-01-06 05:43:22.409176+00:00,585.0,3217.941,3217.71,3218.32,ETH
2026-01-06 05:39:46+00:00,2026-01-06 05:43:23.402216+00:00,586.0,3217.941,3217.72,3218.35,ETH
2026-01-06 05:39:47+00:00,2026-01-06 05:43:24.424647+00:00,587.0,3217.881,3217.72,3218.31,ETH
2026-01-06 05:39:48+00:00,2026-01-06 05:43:25.434797+00:00,588.0,3217.961,3217.69,3218.22,ETH
2026-01-06 05:39:49+00:00,2026-01-06 05:43:26.444412+00:00,589.0,3217.961,3217.7,3218.3,ETH
2026-01-06 05:39:50+00:00,2026-01-06 05:43:27.424922+00:00,590.0,3218.011,3217.73,3218.34,ETH
2026-01-06 05:39:51+00:00,2026-01-06 05:43:28.439782+00:00,591.0,3218.051,3217.73,3218.32,ETH
2026-01-06 05:39:52+00:00,2026-01-06 05:43:29.440932+00:00,592.0,3218.021,3217.73,3218.43,ETH
2026-01-06 05:39:53+00:00,2026-01-06 05:43:30.443179+00:00,593.0,3218.021,3217.73,3218.42,ETH
2026-01-06 05:39:54+00:00,2026-01-06 05:43:31.460035+00:00,594.0,3218.041,3217.73,3218.42,ETH
2026-01-06 05:39:55+00:00,2026-01-06 05:43:32.440041+00:00,595.0,3218.031,3217.71,3218.49,ETH
2026-01-06 05:39:56+00:00,2026-01-06 05:43:33.455977+00:00,596.0,3218.031,3217.71,3218.46,ETH
2026-01-06 05:39:57+00:00,2026-01-06 05:43:34.476705+00:00,597.0,3217.971,3217.7,3218.39,ETH
2026-01-06 05:39:58+00:00,2026-01-06 05:43:35.492765+00:00,598.0,3217.961,3217.7,3218.4,ETH
2026-01-06 05:39:59+00:00,2026-01-06 05:43:36.493360+00:00,599.0,3217.961,3217.7,3218.51,ETH
2026-01-06 05:40:00+00:00,2026-01-06 05:43:37.499547+00:00,600.0,3217.961,3217.7,3218.48,ETH
2026-01-06 05:40:01+00:00,2026-01-06 05:43:38.507014+00:00,601.0,3217.791,3217.46,3218.32,ETH
2026-01-06 05:40:02+00:00,2026-01-06 05:43:39.504931+00:00,602.0,3217.411,3217.37,3217.87,ETH
2026-01-06 05:40:03+00:00,2026-01-06 05:43:40.525846+00:00,603.0,3217.581,3217.38,3218.05,ETH
2026-01-06 05:40:04+00:00,2026-01-06 05:43:41.509725+00:00,604.0,3217.751,3217.4,3218.02,ETH
2026-01-06 05:40:05+00:00,2026-01-06 05:43:42.541818+00:00,605.0,3217.721,3217.39,3218.03,ETH
2026-01-06 05:40:06+00:00,2026-01-06 05:43:43.525841+00:00,606.0,3217.691,3217.38,3218.03,ETH
2026-01-06 05:40:07+00:00,2026-01-06 05:43:44.541955+00:00,607.0,3217.691,3217.38,3217.96,ETH
2026-01-06 05:40:08+00:00,2026-01-06 05:43:45.541151+00:00,608.0,3217.661,3217.32,3217.96,ETH
2026-01-06 05:40:09+00:00,2026-01-06 05:43:46.574054+00:00,609.0,3217.541,3217.32,3217.95,ETH
2026-01-06 05:40:10+00:00,2026-01-06 05:43:47.575654+00:00,610.0,3217.561,3217.33,3217.98,ETH
2026-01-06 05:40:11+00:00,2026-01-06 05:43:48.587835+00:00,611.0,3217.751,3217.37,3218.05,ETH
2026-01-06 05:40:12+00:00,2026-01-06 05:43:49.573247+00:00,612.0,3217.751,3217.42,3217.95,ETH
2026-01-06 05:40:13+00:00,2026-01-06 05:43:50.605263+00:00,613.0,3217.751,3217.43,3217.99,ETH
2026-01-06 05:40:14+00:00,2026-01-06 05:43:51.609486+00:00,614.0,3217.741,3217.42,3217.99,ETH
2026-01-06 05:40:15+00:00,2026-01-06 05:43:52.607686+00:00,615.0,3217.741,3217.42,3217.99,ETH
2026-01-06 05:40:16+00:00,2026-01-06 05:43:53.609416+00:00,616.0,3217.741,3217.36,3218.0,ETH
2026-01-06 05:40:17+00:00,2026-01-06 05:43:54.610915+00:00,617.0,3217.761,3217.36,3218.03,ETH
2026-01-06 05:40:18+00:00,2026-01-06 05:43:55.643995+00:00,618.0,3217.741,3217.37,3218.01,ETH
2026-01-06 05:40:19+00:00,2026-01-06 05:43:56.622637+00:00,619.0,3217.741,3217.37,3218.0,ETH
2026-01-06 05:40:20+00:00,2026-01-06 05:43:57.670388+00:00,620.0,3217.751,3217.4,3217.84,ETH
2026-01-06 05:40:21+00:00,2026-01-06 05:43:58.685596+00:00,621.0,3217.781,3217.41,3217.85,ETH
2026-01-06 05:40:22+00:00,2026-01-06 05:43:59.708896+00:00,622.0,3217.791,3217.41,3217.84,ETH
2026-01-06 05:40:23+00:00,2026-01-06 05:44:00.863628+00:00,623.0,3217.781,3217.4,3218.02,ETH
2026-01-06 05:40:24+00:00,2026-01-06 05:44:01.856997+00:00,624.0,3217.781,3217.4,3218.14,ETH
2026-01-06 05:40:25+00:00,2026-01-06 05:44:02.855943+00:00,625.0,3217.751,3217.38,3218.12,ETH
2026-01-06 05:40:26+00:00,2026-01-06 05:44:03.876846+00:00,626.0,3217.751,3217.39,3217.99,ETH
2026-01-06 05:40:27+00:00,2026-01-06 05:44:04.887726+00:00,627.0,3217.581,3217.36,3217.9,ETH
2026-01-06 05:40:28+00:00,2026-01-06 05:44:05.891629+00:00,628.0,3217.691,3217.36,3217.93,ETH
2026-01-06 05:40:29+00:00,2026-01-06 05:44:06.893812+00:00,629.0,3217.691,3217.35,3218.06,ETH
2026-01-06 05:40:30+00:00,2026-01-06 05:44:07.907500+00:00,630.0,3217.691,3217.35,3218.05,ETH
2026-01-06 05:40:31+00:00,2026-01-06 05:44:08.909030+00:00,631.0,3217.751,3217.38,3217.98,ETH
2026-01-06 05:40:32+00:00,2026-01-06 05:44:09.908139+00:00,632.0,3217.751,3217.38,3217.95,ETH
2026-01-06 05:40:33+00:00,2026-01-06 05:44:10.904338+00:00,633.0,3217.751,3217.38,3217.97,ETH
2026-01-06 05:40:34+00:00,2026-01-06 05:44:11.925534+00:00,634.0,3217.701,3217.38,3218.07,ETH
2026-01-06 05:40:35+00:00,2026-01-06 05:44:12.943686+00:00,635.0,3217.701,3217.36,3217.84,ETH
2026-01-06 05:40:36+00:00,2026-01-06 05:44:13.957742+00:00,636.0,3217.751,3217.38,3217.99,ETH
2026-01-06 05:40:37+00:00,2026-01-06 05:44:14.944387+00:00,637.0,3217.751,3217.38,3217.95,ETH
2026-01-06 05:40:38+00:00,2026-01-06 05:44:15.955440+00:00,638.0,3217.751,3217.38,3217.99,ETH
2026-01-06 05:40:39+00:00,2026-01-06 05:44:16.953779+00:00,639.0,3217.751,3217.38,3217.88,ETH
2026-01-06 05:40:40+00:00,2026-01-06 05:44:17.960599+00:00,640.0,3217.751,3217.38,3218.0,ETH
2026-01-06 05:40:41+00:00,2026-01-06 05:44:18.977445+00:00,641.0,3217.751,3217.38,3217.87,ETH
2026-01-06 05:40:42+00:00,2026-01-06 05:44:19.972869+00:00,642.0,3217.751,3217.38,3218.0,ETH
2026-01-06 05:40:43+00:00,2026-01-06 05:44:20.975595+00:00,643.0,3217.751,3217.38,3218.01,ETH
2026-01-06 05:40:44+00:00,2026-01-06 05:44:21.975945+00:00,644.0,3217.751,3217.38,3218.02,ETH
2026-01-06 05:40:45+00:00,2026-01-06 05:44:22.969259+00:00,645.0,3217.751,3217.38,3218.02,ETH
2026-01-06 05:40:46+00:00,2026-01-06 05:44:23.969517+00:00,646.0,3217.751,3217.38,3217.9,ETH
2026-01-06 05:40:47+00:00,2026-01-06 05:44:24.975002+00:00,647.0,3217.791,3217.38,3217.87,ETH
2026-01-06 05:40:48+00:00,2026-01-06 05:44:26.986238+00:00,648.0,3217.971,3217.56,3218.24,ETH
2026-01-06 05:40:49+00:00,2026-01-06 05:44:28.007017+00:00,649.0,3218.412,3218.04,3218.72,ETH
2026-01-06 05:40:50+00:00,2026-01-06 05:44:29.021718+00:00,650.0,3218.642,3218.32,3219.04,ETH
2026-01-06 05:40:51+00:00,2026-01-06 05:44:30.035639+00:00,651.0,3218.662,3218.27,3219.05,ETH
2026-01-06 05:40:52+00:00,2026-01-06 05:44:31.023178+00:00,652.0,3218.472,3218.2,3218.96,ETH
2026-01-06 05:40:53+00:00,2026-01-06 05:44:32.023880+00:00,653.0,3218.272,3218.14,3218.86,ETH
2026-01-06 05:40:54+00:00,2026-01-06 05:44:33.023340+00:00,654.0,3218.262,3218.11,3218.85,ETH
2026-01-06 05:40:55+00:00,2026-01-06 05:44:34.023682+00:00,655.0,3218.252,3218.11,3218.84,ETH
2026-01-06 05:40:56+00:00,2026-01-06 05:44:35.027086+00:00,656.0,3218.252,3218.11,3218.84,ETH
2026-01-06 05:40:57+00:00,2026-01-06 05:44:36.043079+00:00,657.0,3218.282,3218.11,3218.84,ETH
2026-01-06 05:40:58+00:00,2026-01-06 05:44:37.040213+00:00,658.0,3218.312,3218.15,3218.86,ETH
2026-01-06 05:40:59+00:00,2026-01-06 05:44:38.035386+00:00,659.0,3218.312,3218.19,3218.88,ETH
2026-01-06 05:41:00+00:00,2026-01-06 05:44:39.032943+00:00,660.0,3218.212,3218.06,3218.64,ETH
2026-01-06 05:41:01+00:00,2026-01-06 05:44:40.040100+00:00,661.0,3218.021,3217.82,3218.33,ETH
2026-01-06 05:41:02+00:00,2026-01-06 05:44:41.056691+00:00,662.0,3217.921,3217.67,3218.3,ETH
2026-01-06 05:41:03+00:00,2026-01-06 05:44:42.044535+00:00,663.0,3217.921,3217.63,3218.35,ETH
2026-01-06 05:41:04+00:00,2026-01-06 05:44:43.075450+00:00,664.0,3217.921,3217.71,3218.38,ETH
2026-01-06 05:41:05+00:00,2026-01-06 05:44:44.086717+00:00,665.0,3218.041,3217.83,3218.5,ETH
2026-01-06 05:41:06+00:00,2026-01-06 05:44:45.102209+00:00,666.0,3218.192,3217.88,3218.56,ETH
2026-01-06 05:41:07+00:00,2026-01-06 05:44:46.109465+00:00,667.0,3218.182,3217.88,3218.53,ETH
2026-01-06 05:41:08+00:00,2026-01-06 05:44:47.123918+00:00,668.0,3218.061,3217.86,3218.55,ETH
2026-01-06 05:41:09+00:00,2026-01-06 05:44:48.121709+00:00,669.0,3217.971,3217.86,3218.58,ETH
2026-01-06 05:41:10+00:00,2026-01-06 05:44:49.160042+00:00,670.0,3218.001,3217.86,3218.52,ETH
2026-01-06 05:41:11+00:00,2026-01-06 05:44:50.151790+00:00,671.0,3218.031,3217.86,3218.46,ETH
2026-01-06 05:41:12+00:00,2026-01-06 05:44:51.157381+00:00,672.0,3218.101,3217.86,3218.5,ETH
2026-01-06 05:41:13+00:00,2026-01-06 05:44:52.219187+00:00,673.0,3218.202,3217.86,3218.56,ETH
2026-01-06 05:41:14+00:00,2026-01-06 05:44:53.204147+00:00,674.0,3218.202,3217.86,3218.6,ETH
2026-01-06 05:41:15+00:00,2026-01-06 05:44:54.217905+00:00,675.0,3218.222,3217.86,3218.6,ETH
2026-01-06 05:41:16+00:00,2026-01-06 05:44:55.205256+00:00,676.0,3218.232,3217.86,3218.6,ETH
2026-01-06 05:41:17+00:00,2026-01-06 05:44:56.220052+00:00,677.0,3218.232,3217.86,3218.62,ETH
2026-01-06 05:41:18+00:00,2026-01-06 05:44:57.203351+00:00,678.0,3218.242,3217.86,3218.6,ETH
2026-01-06 05:41:19+00:00,2026-01-06 05:44:58.214614+00:00,679.0,3218.262,3217.89,3218.57,ETH
2026-01-06 05:41:20+00:00,2026-01-06 05:44:59.237304+00:00,680.0,3218.262,3217.92,3218.57,ETH
2026-01-06 05:41:21+00:00,2026-01-06 05:45:00.240436+00:00,681.0,3218.252,3217.93,3218.63,ETH
2026-01-06 05:41:22+00:00,2026-01-06 05:45:01.276324+00:00,682.0,3218.252,3217.94,3218.67,ETH
2026-01-06 05:41:23+00:00,2026-01-06 05:45:02.277873+00:00,683.0,3218.252,3217.94,3218.68,ETH
2026-01-06 05:41:24+00:00,2026-01-06 05:45:03.268183+00:00,684.0,3218.252,3217.97,3218.69,ETH
2026-01-06 05:41:25+00:00,2026-01-06 05:45:04.271517+00:00,685.0,3218.272,3218.02,3218.72,ETH
2026-01-06 05:41:26+00:00,2026-01-06 05:45:05.289341+00:00,686.0,3218.292,3218.05,3218.7,ETH
2026-01-06 05:41:27+00:00,2026-01-06 05:45:06.281305+00:00,687.0,3218.322,3218.08,3218.74,ETH
2026-01-06 05:41:28+00:00,2026-01-06 05:45:07.307214+00:00,688.0,3218.412,3218.12,3218.83,ETH
2026-01-06 05:41:29+00:00,2026-01-06 05:45:08.316272+00:00,689.0,3218.492,3218.17,3218.86,ETH
2026-01-06 05:41:30+00:00,2026-01-06 05:45:09.325685+00:00,690.0,3218.492,3218.21,3218.87,ETH
2026-01-06 05:41:31+00:00,2026-01-06 05:45:10.306283+00:00,691.0,3218.492,3218.21,3218.87,ETH
2026-01-06 05:41:32+00:00,2026-01-06 05:45:11.321559+00:00,692.0,3218.492,3218.21,3218.87,ETH
2026-01-06 05:41:33+00:00,2026-01-06 05:45:12.341039+00:00,693.0,3218.532,3218.24,3218.9,ETH
2026-01-06 05:41:34+00:00,2026-01-06 05:45:13.338874+00:00,694.0,3218.572,3218.26,3218.93,ETH
2026-01-06 05:41:35+00:00,2026-01-06 05:45:14.347845+00:00,695.0,3218.572,3218.26,3218.94,ETH
2026-01-06 05:41:36+00:00,2026-01-06 05:45:15.364900+00:00,696.0,3218.582,3218.28,3218.95,ETH
2026-01-06 05:41:37+00:00,2026-01-06 05:45:16.357300+00:00,697.0,3218.582,3218.26,3218.95,ETH
2026-01-06 05:41:38+00:00,2026-01-06 05:45:17.372226+00:00,698.0,3218.512,3218.17,3218.86,ETH
2026-01-06 05:41:39+00:00,2026-01-06 05:45:18.389413+00:00,699.0,3218.392,3218.17,3218.88,ETH
2026-01-06 05:41:40+00:00,2026-01-06 05:45:19.387215+00:00,700.0,3218.392,3218.17,3218.91,ETH
2026-01-06 05:41:41+00:00,2026-01-06 05:45:20.392776+00:00,701.0,3218.392,3218.17,3218.91,ETH
2026-01-06 05:41:42+00:00,2026-01-06 05:45:21.391381+00:00,702.0,3218.352,3218.12,3218.82,ETH
2026-01-06 05:41:43+00:00,2026-01-06 05:45:22.401768+00:00,703.0,3218.121,3217.96,3218.67,ETH
2026-01-06 05:41:44+00:00,2026-01-06 05:45:23.417449+00:00,704.0,3218.182,3217.97,3218.67,ETH
2026-01-06 05:41:45+00:00,2026-01-06 05:45:24.440870+00:00,705.0,3218.091,3217.77,3218.35,ETH
2026-01-06 05:41:46+00:00,2026-01-06 05:45:25.420978+00:00,706.0,3217.771,3217.7,3218.25,ETH
2026-01-06 05:41:47+00:00,2026-01-06 05:45:26.428261+00:00,707.0,3217.621,3217.61,3218.18,ETH
2026-01-06 05:41:48+00:00,2026-01-06 05:45:27.422803+00:00,708.0,3217.621,3217.61,3218.12,ETH
2026-01-06 05:41:49+00:00,2026-01-06 05:45:28.435585+00:00,709.0,3217.621,3217.61,3218.15,ETH
2026-01-06 05:41:50+00:00,2026-01-06 05:45:29.473692+00:00,710.0,3217.781,3217.61,3218.18,ETH
2026-01-06 05:41:51+00:00,2026-01-06 05:45:30.455179+00:00,711.0,3217.881,3217.61,3218.17,ETH
2026-01-06 05:41:52+00:00,2026-01-06 05:45:31.471915+00:00,712.0,3217.861,3217.61,3218.16,ETH
2026-01-06 05:41:53+00:00,2026-01-06 05:45:32.487338+00:00,713.0,3217.831,3217.61,3218.16,ETH
2026-01-06 05:41:54+00:00,2026-01-06 05:45:33.503501+00:00,714.0,3218.011,3217.69,3218.21,ETH
2026-01-06 05:41:55+00:00,2026-01-06 05:45:34.502124+00:00,715.0,3218.011,3217.73,3218.24,ETH
2026-01-06 05:41:56+00:00,2026-01-06 05:45:35.504561+00:00,716.0,3218.011,3217.73,3218.19,ETH
2026-01-06 05:41:57+00:00,2026-01-06 05:45:36.505116+00:00,717.0,3217.991,3217.7,3218.4,ETH
2026-01-06 05:41:58+00:00,2026-01-06 05:45:37.530491+00:00,718.0,3217.981,3217.73,3218.41,ETH
2026-01-06 05:41:59+00:00,2026-01-06 05:45:39.533737+00:00,719.0,3217.991,3217.73,3218.43,ETH
2026-01-06 05:42:00+00:00,2026-01-06 05:45:40.554229+00:00,720.0,3218.001,3217.73,3218.44,ETH
2026-01-06 05:42:01+00:00,2026-01-06 05:45:41.554407+00:00,721.0,3218.041,3217.75,3218.45,ETH
2026-01-06 05:42:02+00:00,2026-01-06 05:45:42.565787+00:00,722.0,3218.061,3217.76,3218.46,ETH
2026-01-06 05:42:03+00:00,2026-01-06 05:45:43.562334+00:00,723.0,3218.041,3217.77,3218.47,ETH
2026-01-06 05:42:04+00:00,2026-01-06 05:45:44.570524+00:00,724.0,3218.011,3217.75,3218.46,ETH
2026-01-06 05:42:05+00:00,2026-01-06 05:45:45.587466+00:00,725.0,3218.011,3217.74,3218.45,ETH
2026-01-06 05:42:06+00:00,2026-01-06 05:45:46.606915+00:00,726.0,3218.011,3217.74,3218.44,ETH
2026-01-06 05:42:07+00:00,2026-01-06 05:45:47.617495+00:00,727.0,3218.011,3217.74,3218.43,ETH
2026-01-06 05:42:08+00:00,2026-01-06 05:45:48.607005+00:00,728.0,3218.021,3217.74,3218.42,ETH
2026-01-06 05:42:09+00:00,2026-01-06 05:45:49.623839+00:00,729.0,3218.021,3217.75,3218.44,ETH
2026-01-06 05:42:10+00:00,2026-01-06 05:45:50.614486+00:00,730.0,3218.021,3217.75,3218.48,ETH
2026-01-06 05:42:11+00:00,2026-01-06 05:45:51.630645+00:00,731.0,3218.021,3217.75,3218.48,ETH
2026-01-06 05:42:12+00:00,2026-01-06 05:45:52.635519+00:00,732.0,3218.021,3217.75,3218.48,ETH
2026-01-06 05:42:13+00:00,2026-01-06 05:45:53.647575+00:00,733.0,3218.021,3217.75,3218.45,ETH
2026-01-06 05:42:14+00:00,2026-01-06 05:45:54.656925+00:00,734.0,3218.021,3217.74,3218.45,ETH
2026-01-06 05:42:15+00:00,2026-01-06 05:45:55.655065+00:00,735.0,3218.021,3217.75,3218.47,ETH
2026-01-06 05:42:16+00:00,2026-01-06 05:45:56.648559+00:00,736.0,3218.021,3217.76,3218.46,ETH
2026-01-06 05:42:17+00:00,2026-01-06 05:45:57.647354+00:00,737.0,3218.021,3217.76,3218.46,ETH
2026-01-06 05:42:18+00:00,2026-01-06 05:45:58.643774+00:00,738.0,3218.021,3217.83,3218.46,ETH
2026-01-06 05:42:20+00:00,2026-01-06 05:45:59.714130+00:00,740.0,3218.362,3217.91,3218.64,ETH
2026-01-06 05:42:21+00:00,2026-01-06 05:46:00.740035+00:00,741.0,3219.232,3218.97,3219.28,ETH
2026-01-06 05:42:22+00:00,2026-01-06 05:46:01.710151+00:00,742.0,3219.282,3218.97,3219.45,ETH
2026-01-06 05:42:23+00:00,2026-01-06 05:46:02.719985+00:00,743.0,3219.282,3218.95,3219.61,ETH
2026-01-06 05:42:24+00:00,2026-01-06 05:46:04.705956+00:00,744.0,3219.282,3218.96,3219.56,ETH
2026-01-06 05:42:26+00:00,2026-01-06 05:46:05.766723+00:00,746.0,3219.292,3219.02,3219.64,ETH
2026-01-06 05:42:27+00:00,2026-01-06 05:46:06.775885+00:00,747.0,3219.332,3219.19,3219.64,ETH
2026-01-06 05:42:28+00:00,2026-01-06 05:46:07.775986+00:00,748.0,3219.372,3219.21,3219.75,ETH
2026-01-06 05:42:29+00:00,2026-01-06 05:46:08.765438+00:00,749.0,3219.372,3219.21,3219.72,ETH
2026-01-06 05:42:30+00:00,2026-01-06 05:46:09.772891+00:00,750.0,3219.352,3219.21,3219.75,ETH
2026-01-06 05:42:31+00:00,2026-01-06 05:46:10.778128+00:00,751.0,3219.392,3219.21,3219.68,ETH
2026-01-06 05:42:32+00:00,2026-01-06 05:46:11.787200+00:00,752.0,3219.492,3219.21,3219.89,ETH
2026-01-06 05:42:33+00:00,2026-01-06 05:46:12.796322+00:00,753.0,3219.492,3219.21,3219.87,ETH
2026-01-06 05:42:34+00:00,2026-01-06 05:46:13.809852+00:00,754.0,3219.492,3219.22,3219.86,ETH
2026-01-06 05:42:35+00:00,2026-01-06 05:46:14.801540+00:00,755.0,3219.492,3219.22,3219.85,ETH
2026-01-06 05:42:36+00:00,2026-01-06 05:46:15.813277+00:00,756.0,3219.492,3219.22,3219.85,ETH
2026-01-06 05:42:37+00:00,2026-01-06 05:46:16.812274+00:00,757.0,3219.492,3219.22,3219.88,ETH
2026-01-06 05:42:38+00:00,2026-01-06 05:46:17.814776+00:00,758.0,3219.472,3219.18,3219.66,ETH
2026-01-06 05:42:39+00:00,2026-01-06 05:46:18.821797+00:00,759.0,3219.272,3219.13,3219.67,ETH
2026-01-06 05:42:40+00:00,2026-01-06 05:46:19.828491+00:00,760.0,3219.212,3219.13,3219.66,ETH
2026-01-06 05:42:41+00:00,2026-01-06 05:46:20.836546+00:00,761.0,3219.182,3219.12,3219.72,ETH
2026-01-06 05:42:42+00:00,2026-01-06 05:46:21.849941+00:00,762.0,3219.182,3219.08,3219.68,ETH
2026-01-06 05:42:43+00:00,2026-01-06 05:46:22.854874+00:00,763.0,3219.362,3219.08,3219.64,ETH
2026-01-06 05:42:44+00:00,2026-01-06 05:46:23.855061+00:00,764.0,3219.352,3219.12,3219.73,ETH
2026-01-06 05:42:45+00:00,2026-01-06 05:46:24.866651+00:00,765.0,3219.352,3219.12,3219.71,ETH
2026-01-06 05:42:46+00:00,2026-01-06 05:46:25.873133+00:00,766.0,3219.352,3219.12,3219.72,ETH
2026-01-06 05:42:47+00:00,2026-01-06 05:46:26.881133+00:00,767.0,3219.352,3219.12,3219.68,ETH
2026-01-06 05:42:48+00:00,2026-01-06 05:46:28.880244+00:00,768.0,3219.172,3218.99,3219.47,ETH
2026-01-06 05:42:49+00:00,2026-01-06 05:46:29.873051+00:00,769.0,3219.012,3218.84,3219.39,ETH
2026-01-06 05:42:50+00:00,2026-01-06 05:46:30.888648+00:00,770.0,3218.952,3218.84,3219.37,ETH
2026-01-06 05:42:51+00:00,2026-01-06 05:46:31.912076+00:00,771.0,3219.082,3218.85,3219.38,ETH
2026-01-06 05:42:52+00:00,2026-01-06 05:46:32.900388+00:00,772.0,3219.102,3218.85,3219.36,ETH
2026-01-06 05:42:53+00:00,2026-01-06 05:46:33.915347+00:00,773.0,3219.102,3218.87,3219.37,ETH
2026-01-06 05:42:54+00:00,2026-01-06 05:46:34.916826+00:00,774.0,3219.162,3218.89,3219.47,ETH
2026-01-06 05:42:55+00:00,2026-01-06 05:46:35.921145+00:00,775.0,3219.202,3218.9,3219.55,ETH
2026-01-06 05:42:56+00:00,2026-01-06 05:46:36.931708+00:00,776.0,3219.202,3218.92,3219.55,ETH
2026-01-06 05:42:57+00:00,2026-01-06 05:46:37.929803+00:00,777.0,3219.202,3218.92,3219.55,ETH
2026-01-06 05:42:58+00:00,2026-01-06 05:46:38.937968+00:00,778.0,3219.202,3218.92,3219.56,ETH
2026-01-06 05:42:59+00:00,2026-01-06 05:46:39.920601+00:00,779.0,3219.202,3218.92,3219.56,ETH
2026-01-06 05:43:00+00:00,2026-01-06 05:46:40.931850+00:00,780.0,3219.202,3218.92,3219.55,ETH
2026-01-06 05:43:01+00:00,2026-01-06 05:46:41.968024+00:00,781.0,3219.212,3218.92,3219.58,ETH
2026-01-06 05:43:02+00:00,2026-01-06 05:46:42.955928+00:00,782.0,3219.172,3218.91,3219.58,ETH
2026-01-06 05:43:03+00:00,2026-01-06 05:46:43.951036+00:00,783.0,3219.132,3218.9,3219.55,ETH
2026-01-06 05:43:04+00:00,2026-01-06 05:46:44.955512+00:00,784.0,3219.132,3218.89,3219.52,ETH
2026-01-06 05:43:05+00:00,2026-01-06 05:46:45.953336+00:00,785.0,3219.132,3218.88,3219.49,ETH
2026-01-06 05:43:06+00:00,2026-01-06 05:46:46.965330+00:00,786.0,3219.132,3218.89,3219.42,ETH
2026-01-06 05:43:07+00:00,2026-01-06 05:46:47.970950+00:00,787.0,3219.132,3218.89,3219.37,ETH
2026-01-06 05:43:08+00:00,2026-01-06 05:46:48.979830+00:00,788.0,3219.132,3218.88,3219.39,ETH
2026-01-06 05:43:09+00:00,2026-01-06 05:46:49.985930+00:00,789.0,3219.132,3218.88,3219.37,ETH
2026-01-06 05:43:10+00:00,2026-01-06 05:46:50.985157+00:00,790.0,3219.012,3218.88,3219.34,ETH
2026-01-06 05:43:11+00:00,2026-01-06 05:46:51.983022+00:00,791.0,3218.892,3218.88,3219.33,ETH
2026-01-06 05:43:12+00:00,2026-01-06 05:46:53.004135+00:00,792.0,3218.892,3218.73,3219.24,ETH
2026-01-06 05:43:13+00:00,2026-01-06 05:46:53.998724+00:00,793.0,3218.912,3218.74,3219.24,ETH
2026-01-06 05:43:14+00:00,2026-01-06 05:46:55.003005+00:00,794.0,3218.912,3218.74,3219.25,ETH
2026-01-06 05:43:15+00:00,2026-01-06 05:46:56.002002+00:00,795.0,3218.912,3218.74,3219.28,ETH
2026-01-06 05:43:16+00:00,2026-01-06 05:46:56.999417+00:00,796.0,3218.912,3218.75,3219.25,ETH
2026-01-06 05:43:17+00:00,2026-01-06 05:46:57.995517+00:00,797.0,3218.912,3218.75,3219.26,ETH
2026-01-06 05:43:18+00:00,2026-01-06 05:46:59.002442+00:00,798.0,3218.912,3218.74,3219.27,ETH
2026-01-06 05:43:19+00:00,2026-01-06 05:47:00.004536+00:00,799.0,3218.912,3218.76,3219.25,ETH
2026-01-06 05:43:20+00:00,2026-01-06 05:47:01.013856+00:00,800.0,3218.912,3218.74,3219.24,ETH
2026-01-06 05:43:21+00:00,2026-01-06 05:47:02.027221+00:00,801.0,3218.912,3218.74,3219.27,ETH
2026-01-06 05:43:22+00:00,2026-01-06 05:47:03.050279+00:00,802.0,3218.912,3218.74,3219.24,ETH
2026-01-06 05:43:23+00:00,2026-01-06 05:47:04.046387+00:00,803.0,3218.882,3218.74,3219.21,ETH
2026-01-06 05:43:24+00:00,2026-01-06 05:47:05.060262+00:00,804.0,3218.792,3218.69,3219.11,ETH
2026-01-06 05:43:25+00:00,2026-01-06 05:47:06.077678+00:00,805.0,3218.902,3218.69,3219.07,ETH
2026-01-06 05:43:26+00:00,2026-01-06 05:47:07.080824+00:00,806.0,3218.902,3218.71,3219.06,ETH
2026-01-06 05:43:27+00:00,2026-01-06 05:47:08.081613+00:00,807.0,3218.902,3218.71,3219.14,ETH
2026-01-06 05:43:28+00:00,2026-01-06 05:47:09.077666+00:00,808.0,3218.902,3218.71,3219.05,ETH
2026-01-06 05:43:29+00:00,2026-01-06 05:47:10.077266+00:00,809.0,3218.902,3218.71,3219.07,ETH
2026-01-06 05:43:30+00:00,2026-01-06 05:47:11.078959+00:00,810.0,3218.902,3218.71,3219.03,ETH
2026-01-06 05:43:31+00:00,2026-01-06 05:47:12.082291+00:00,811.0,3218.902,3218.71,3219.03,ETH
2026-01-06 05:43:32+00:00,2026-01-06 05:47:13.096194+00:00,812.0,3218.902,3218.71,3219.0,ETH
2026-01-06 05:43:33+00:00,2026-01-06 05:47:14.098453+00:00,813.0,3218.902,3218.71,3219.03,ETH
2026-01-06 05:43:34+00:00,2026-01-06 05:47:15.099361+00:00,814.0,3218.802,3218.7,3219.03,ETH
2026-01-06 05:43:35+00:00,2026-01-06 05:47:16.109212+00:00,815.0,3218.802,3218.71,3219.01,ETH
2026-01-06 05:43:36+00:00,2026-01-06 05:47:18.107460+00:00,816.0,3218.662,3218.54,3218.85,ETH
2026-01-06 05:43:37+00:00,2026-01-06 05:47:19.110007+00:00,817.0,3218.502,3218.32,3218.77,ETH
2026-01-06 05:43:38+00:00,2026-01-06 05:47:20.100704+00:00,818.0,3218.462,3218.25,3218.86,ETH
2026-01-06 05:43:39+00:00,2026-01-06 05:47:21.105811+00:00,819.0,3218.462,3218.25,3218.85,ETH
2026-01-06 05:43:40+00:00,2026-01-06 05:47:22.139961+00:00,820.0,3218.462,3218.25,3218.84,ETH
2026-01-06 05:43:41+00:00,2026-01-06 05:47:23.154463+00:00,821.0,3218.462,3218.25,3218.82,ETH
2026-01-06 05:43:42+00:00,2026-01-06 05:47:24.155805+00:00,822.0,3218.442,3218.19,3218.82,ETH
2026-01-06 05:43:43+00:00,2026-01-06 05:47:25.161182+00:00,823.0,3218.412,3218.13,3218.85,ETH
2026-01-06 05:43:45+00:00,2026-01-06 05:47:26.208900+00:00,825.0,3218.412,3218.16,3218.9,ETH
2026-01-06 05:43:46+00:00,2026-01-06 05:47:27.202507+00:00,826.0,3218.412,3218.17,3218.91,ETH
2026-01-06 05:43:47+00:00,2026-01-06 05:47:28.224131+00:00,827.0,3218.412,3218.15,3218.91,ETH
2026-01-06 05:43:48+00:00,2026-01-06 05:47:29.219063+00:00,828.0,3218.412,3218.15,3218.91,ETH
2026-01-06 05:43:49+00:00,2026-01-06 05:47:30.218348+00:00,829.0,3218.412,3218.15,3218.92,ETH
2026-01-06 05:43:50+00:00,2026-01-06 05:47:31.262552+00:00,830.0,3218.412,3218.15,3218.92,ETH
2026-01-06 05:43:51+00:00,2026-01-06 05:47:32.282726+00:00,831.0,3218.412,3218.15,3218.93,ETH
2026-01-06 05:43:52+00:00,2026-01-06 05:47:33.285852+00:00,832.0,3218.412,3218.15,3218.93,ETH
2026-01-06 05:43:53+00:00,2026-01-06 05:47:34.283040+00:00,833.0,3218.412,3218.17,3218.95,ETH
2026-01-06 05:43:54+00:00,2026-01-06 05:47:35.291976+00:00,834.0,3218.412,3218.17,3218.94,ETH
2026-01-06 05:43:55+00:00,2026-01-06 05:47:36.296777+00:00,835.0,3218.412,3218.17,3218.84,ETH
2026-01-06 05:43:56+00:00,2026-01-06 05:47:37.311174+00:00,836.0,3218.412,3218.15,3218.84,ETH
2026-01-06 05:43:57+00:00,2026-01-06 05:47:38.330698+00:00,837.0,3218.262,3218.14,3218.92,ETH
2026-01-06 05:43:58+00:00,2026-01-06 05:47:39.344191+00:00,838.0,3218.152,3218.12,3218.77,ETH
2026-01-06 05:43:59+00:00,2026-01-06 05:47:40.353700+00:00,839.0,3218.152,3218.12,3218.79,ETH
2026-01-06 05:44:00+00:00,2026-01-06 05:47:42.365833+00:00,840.0,3218.132,3217.88,3218.51,ETH
2026-01-06 05:44:01+00:00,2026-01-06 05:47:43.364505+00:00,841.0,3217.842,3217.61,3218.13,ETH
2026-01-06 05:44:02+00:00,2026-01-06 05:47:44.368251+00:00,842.0,3217.742,3217.63,3218.13,ETH
2026-01-06 05:44:03+00:00,2026-01-06 05:47:45.360172+00:00,843.0,3217.932,3217.72,3218.23,ETH
2026-01-06 05:44:04+00:00,2026-01-06 05:47:46.361577+00:00,844.0,3217.972,3217.76,3218.27,ETH
2026-01-06 05:44:05+00:00,2026-01-06 05:47:47.365761+00:00,845.0,3217.942,3217.76,3218.28,ETH
2026-01-06 05:44:06+00:00,2026-01-06 05:47:48.366944+00:00,846.0,3217.912,3217.76,3218.22,ETH
2026-01-06 05:44:07+00:00,2026-01-06 05:47:49.376580+00:00,847.0,3217.902,3217.75,3218.16,ETH
2026-01-06 05:44:08+00:00,2026-01-06 05:47:50.377763+00:00,848.0,3217.902,3217.75,3218.22,ETH
2026-01-06 05:44:09+00:00,2026-01-06 05:47:51.385327+00:00,849.0,3217.902,3217.75,3218.3,ETH
2026-01-06 05:44:10+00:00,2026-01-06 05:47:52.405508+00:00,850.0,3217.902,3217.76,3218.28,ETH
2026-01-06 05:44:11+00:00,2026-01-06 05:47:53.384693+00:00,851.0,3217.902,3217.76,3218.26,ETH
2026-01-06 05:44:12+00:00,2026-01-06 05:47:54.388426+00:00,852.0,3217.902,3217.76,3218.21,ETH
2026-01-06 05:44:13+00:00,2026-01-06 05:47:55.382990+00:00,853.0,3217.902,3217.76,3218.2,ETH
2026-01-06 05:44:14+00:00,2026-01-06 05:47:56.391736+00:00,854.0,3217.902,3217.76,3218.21,ETH
2026-01-06 05:44:15+00:00,2026-01-06 05:47:57.400538+00:00,855.0,3217.902,3217.76,3218.18,ETH
2026-01-06 05:44:16+00:00,2026-01-06 05:47:58.397568+00:00,856.0,3217.902,3217.76,3218.2,ETH
2026-01-06 05:44:17+00:00,2026-01-06 05:47:59.398316+00:00,857.0,3217.872,3217.75,3218.35,ETH
2026-01-06 05:44:18+00:00,2026-01-06 05:48:00.401581+00:00,858.0,3217.842,3217.74,3218.43,ETH
2026-01-06 05:44:19+00:00,2026-01-06 05:48:01.401369+00:00,859.0,3217.822,3217.74,3218.41,ETH
2026-01-06 05:44:20+00:00,2026-01-06 05:48:02.414813+00:00,860.0,3217.812,3217.74,3218.41,ETH
2026-01-06 05:44:21+00:00,2026-01-06 05:48:03.433477+00:00,861.0,3217.822,3217.74,3218.41,ETH
2026-01-06 05:44:22+00:00,2026-01-06 05:48:04.431657+00:00,862.0,3217.832,3217.74,3218.42,ETH
2026-01-06 05:44:23+00:00,2026-01-06 05:48:05.461167+00:00,863.0,3217.842,3217.74,3218.42,ETH
2026-01-06 05:44:24+00:00,2026-01-06 05:48:06.459863+00:00,864.0,3217.852,3217.75,3218.36,ETH
2026-01-06 05:44:25+00:00,2026-01-06 05:48:07.481721+00:00,865.0,3217.812,3217.75,3218.36,ETH
2026-01-06 05:44:26+00:00,2026-01-06 05:48:08.498740+00:00,866.0,3217.792,3217.57,3218.31,ETH
2026-01-06 05:44:27+00:00,2026-01-06 05:48:09.521707+00:00,867.0,3217.682,3217.53,3218.23,ETH
2026-01-06 05:44:28+00:00,2026-01-06 05:48:10.512753+00:00,868.0,3217.612,3217.53,3218.13,ETH
2026-01-06 05:44:29+00:00,2026-01-06 05:48:11.517820+00:00,869.0,3217.612,3217.53,3218.27,ETH
2026-01-06 05:44:30+00:00,2026-01-06 05:48:12.524980+00:00,870.0,3217.652,3217.53,3218.22,ETH
2026-01-06 05:44:31+00:00,2026-01-06 05:48:13.518600+00:00,871.0,3217.652,3217.53,3218.31,ETH
2026-01-06 05:44:32+00:00,2026-01-06 05:48:14.518234+00:00,872.0,3217.652,3217.53,3218.3,ETH
2026-01-06 05:44:33+00:00,2026-01-06 05:48:15.515278+00:00,873.0,3217.612,3217.48,3218.25,ETH
2026-01-06 05:44:34+00:00,2026-01-06 05:48:16.604142+00:00,874.0,3217.492,3217.48,3218.09,ETH
2026-01-06 05:44:35+00:00,2026-01-06 05:48:17.610756+00:00,875.0,3217.482,3217.47,3218.09,ETH
2026-01-06 05:44:36+00:00,2026-01-06 05:48:18.612185+00:00,876.0,3217.502,3217.47,3218.03,ETH
2026-01-06 05:44:37+00:00,2026-01-06 05:48:19.618205+00:00,877.0,3217.502,3217.47,3218.11,ETH
2026-01-06 05:44:38+00:00,2026-01-06 05:48:20.613250+00:00,878.0,3217.492,3217.47,3218.11,ETH
2026-01-06 05:44:39+00:00,2026-01-06 05:48:21.611139+00:00,879.0,3217.472,3217.44,3217.51,ETH
2026-01-06 05:44:40+00:00,2026-01-06 05:48:22.608352+00:00,880.0,3217.462,3217.44,3218.0,ETH
2026-01-06 05:44:41+00:00,2026-01-06 05:48:23.628825+00:00,881.0,3217.442,3217.44,3218.01,ETH
2026-01-06 05:44:42+00:00,2026-01-06 05:48:24.616320+00:00,882.0,3217.442,3217.44,3218.03,ETH
2026-01-06 05:44:43+00:00,2026-01-06 05:48:25.626777+00:00,883.0,3217.442,3217.44,3218.03,ETH
2026-01-06 05:44:44+00:00,2026-01-06 05:48:26.642331+00:00,884.0,3217.442,3217.44,3218.03,ETH
2026-01-06 05:44:45+00:00,2026-01-06 05:48:27.645972+00:00,885.0,3217.442,3217.44,3217.89,ETH
2026-01-06 05:44:46+00:00,2026-01-06 05:48:28.656679+00:00,886.0,3217.422,3217.41,3217.89,ETH
2026-01-06 05:44:47+00:00,2026-01-06 05:48:29.716877+00:00,887.0,3217.372,3217.36,3217.89,ETH
2026-01-06 05:44:48+00:00,2026-01-06 05:48:30.702804+00:00,888.0,3217.352,3217.33,3217.89,ETH
2026-01-06 05:44:49+00:00,2026-01-06 05:48:31.723546+00:00,889.0,3217.312,3217.28,3217.89,ETH
2026-01-06 05:44:50+00:00,2026-01-06 05:48:32.741373+00:00,890.0,3217.342,3217.28,3217.92,ETH
2026-01-06 05:44:51+00:00,2026-01-06 05:48:33.755395+00:00,891.0,3217.332,3217.28,3217.91,ETH
2026-01-06 05:44:52+00:00,2026-01-06 05:48:34.743506+00:00,892.0,3217.332,3217.28,3217.9,ETH
2026-01-06 05:44:53+00:00,2026-01-06 05:48:35.770398+00:00,893.0,3217.332,3217.28,3217.91,ETH
2026-01-06 05:44:54+00:00,2026-01-06 05:48:36.762605+00:00,894.0,3217.332,3217.28,3217.91,ETH
2026-01-06 05:44:55+00:00,2026-01-06 05:48:37.779524+00:00,895.0,3217.332,3217.28,3217.91,ETH
2026-01-06 05:44:56+00:00,2026-01-06 05:48:38.797229+00:00,896.0,3217.382,3217.28,3218.0,ETH
2026-01-06 05:44:57+00:00,2026-01-06 05:48:39.797195+00:00,897.0,3217.392,3217.28,3217.98,ETH
2026-01-06 05:44:58+00:00,2026-01-06 05:48:40.812732+00:00,898.0,3217.372,3217.28,3217.98,ETH
2026-01-06 05:44:59+00:00,2026-01-06 05:48:41.827025+00:00,899.0,3217.392,3217.28,3218.01,ETH
