timestamp,collected_at,seconds,up_mid,up_best_bid,up_best_ask,down_mid,down_best_bid,down_best_ask,up_best_bid_size,up_best_ask_size,down_best_bid_size,down_best_ask_size
2026-01-06 05:30:00.666000+00:00,2026-01-06 05:30:00.844066+00:00,0.666,0.5549999999999999,0.54,0.57,0.445,0.43,0.46,,,,
2026-01-06 05:30:01.458000+00:00,2026-01-06 05:30:01.841494+00:00,1.458,0.5549999999999999,0.54,0.57,0.445,0.43,0.46,,,,
2026-01-06 05:30:02.476000+00:00,2026-01-06 05:30:02.843697+00:00,2.476,0.545,0.54,0.55,0.455,0.45,0.46,,,,
2026-01-06 05:30:03.614000+00:00,2026-01-06 05:30:03.860400+00:00,3.614,0.545,0.54,0.55,0.455,0.45,0.46,,,,
2026-01-06 05:30:04.766000+00:00,2026-01-06 05:30:04.872685+00:00,4.766,0.545,0.54,0.55,0.455,0.45,0.46,,,,
2026-01-06 05:30:05.792000+00:00,2026-01-06 05:30:05.876723+00:00,5.792,0.565,0.56,0.57,0.435,0.43,0.44,,,,
2026-01-06 05:30:06.834000+00:00,2026-01-06 05:30:06.884656+00:00,6.834,0.595,0.59,0.6,0.405,0.4,0.41,,,,
2026-01-06 05:30:07.817000+00:00,2026-01-06 05:30:07.901751+00:00,7.817,0.595,0.59,0.6,0.405,0.4,0.41,,,,
2026-01-06 05:30:08.725000+00:00,2026-01-06 05:30:08.902303+00:00,8.725,0.595,0.59,0.6,0.405,0.4,0.41,,,,
2026-01-06 05:30:09.836000+00:00,2026-01-06 05:30:09.913940+00:00,9.836,0.595,0.59,0.6,0.405,0.4,0.41,,,,
2026-01-06 05:30:10.845000+00:00,2026-01-06 05:30:10.926400+00:00,10.845,0.605,0.6,0.61,0.395,0.39,0.4,,,,
2026-01-06 05:30:11.843000+00:00,2026-01-06 05:30:11.932210+00:00,11.843,0.605,0.6,0.61,0.385,0.37,0.4,,,,
2026-01-06 05:30:12.766000+00:00,2026-01-06 05:30:12.942367+00:00,12.766,0.625,0.62,0.63,0.375,0.37,0.38,,,,
2026-01-06 05:30:13.876000+00:00,2026-01-06 05:30:13.949076+00:00,13.876,0.615,0.61,0.62,0.385,0.38,0.39,,,,
2026-01-06 05:30:14.856000+00:00,2026-01-06 05:30:14.951756+00:00,14.856,0.625,0.62,0.63,0.375,0.37,0.38,,,,
2026-01-06 05:30:15.882000+00:00,2026-01-06 05:30:15.972516+00:00,15.882,0.595,0.59,0.6,0.405,0.4,0.41,,,,
2026-01-06 05:30:16.752000+00:00,2026-01-06 05:30:16.984294+00:00,16.752,0.595,0.59,0.6,0.405,0.4,0.41,,,,
2026-01-06 05:30:17.894000+00:00,2026-01-06 05:30:17.997304+00:00,17.894,0.595,0.59,0.6,0.405,0.4,0.41,,,,
2026-01-06 05:30:18.894000+00:00,2026-01-06 05:30:19.002202+00:00,18.894,0.595,0.59,0.6,0.405,0.4,0.41,,,,
2026-01-06 05:30:19.881000+00:00,2026-01-06 05:30:20.016001+00:00,19.881,0.595,0.59,0.6,0.405,0.4,0.41,,,,
2026-01-06 05:30:20.887000+00:00,2026-01-06 05:30:21.015034+00:00,20.887,0.595,0.59,0.6,0.405,0.4,0.41,,,,
2026-01-06 05:30:21.868000+00:00,2026-01-06 05:30:22.025862+00:00,21.868,0.59,0.58,0.6,0.41,0.4,0.42,,,,
2026-01-06 05:30:22.938000+00:00,2026-01-06 05:30:23.018301+00:00,22.938,0.585,0.58,0.59,0.415,0.41,0.42,,,,
2026-01-06 05:30:23.916000+00:00,2026-01-06 05:30:24.036768+00:00,23.916,0.5700000000000001,0.56,0.58,0.43,0.42,0.44,,,,
2026-01-06 05:30:24.962000+00:00,2026-01-06 05:30:25.048918+00:00,24.962,0.5700000000000001,0.56,0.58,0.43,0.42,0.44,,,,
2026-01-06 05:30:25.829000+00:00,2026-01-06 05:30:26.056061+00:00,25.829,0.5700000000000001,0.56,0.58,0.43,0.42,0.44,,,,
2026-01-06 05:30:26.981000+00:00,2026-01-06 05:30:27.068415+00:00,26.981,0.5700000000000001,0.56,0.58,0.43,0.42,0.44,,,,
2026-01-06 05:30:27.903000+00:00,2026-01-06 05:30:28.064611+00:00,27.903,0.5700000000000001,0.56,0.58,0.43,0.42,0.44,,,,
2026-01-06 05:30:28.982000+00:00,2026-01-06 05:30:29.074611+00:00,28.982,0.595,0.59,0.6,0.405,0.4,0.41,,,,
2026-01-06 05:30:29.953000+00:00,2026-01-06 05:30:30.081753+00:00,29.953,0.595,0.59,0.6,0.405,0.4,0.41,,,,
2026-01-06 05:30:31.979000+00:00,2026-01-06 05:30:32.098658+00:00,31.979,0.595,0.59,0.6,0.405,0.4,0.41,,,,
2026-01-06 05:30:32.845000+00:00,2026-01-06 05:30:33.105963+00:00,32.845,0.595,0.59,0.6,0.405,0.4,0.41,,,,
2026-01-06 05:30:34.025000+00:00,2026-01-06 05:30:34.115748+00:00,34.025,0.595,0.59,0.6,0.405,0.4,0.41,,,,
2026-01-06 05:30:35.027000+00:00,2026-01-06 05:30:35.113696+00:00,35.027,0.615,0.6,0.63,0.365,0.36,0.37,,,,
2026-01-06 05:30:36.019000+00:00,2026-01-06 05:30:36.118298+00:00,36.019,0.635,0.63,0.64,0.365,0.36,0.37,,,,
2026-01-06 05:30:37.017000+00:00,2026-01-06 05:30:37.124471+00:00,37.017,0.635,0.63,0.64,0.365,0.36,0.37,,,,
2026-01-06 05:30:38.050000+00:00,2026-01-06 05:30:38.134451+00:00,38.05,0.64,0.63,0.65,0.355,0.35,0.36,,,,
2026-01-06 05:30:39.054000+00:00,2026-01-06 05:30:39.142217+00:00,39.054,0.645,0.64,0.65,0.355,0.35,0.36,,,,
2026-01-06 05:30:40.964000+00:00,2026-01-06 05:30:41.151895+00:00,40.964,0.64,0.63,0.65,0.36,0.35,0.37,,,,
2026-01-06 05:30:42.066000+00:00,2026-01-06 05:30:42.147985+00:00,42.066,0.635,0.63,0.64,0.365,0.36,0.37,,,,
2026-01-06 05:30:43.010000+00:00,2026-01-06 05:30:43.164179+00:00,43.01,0.625,0.62,0.63,0.375,0.37,0.38,,,,
2026-01-06 05:30:44.089000+00:00,2026-01-06 05:30:44.178534+00:00,44.089,0.58,0.57,0.59,0.42,0.41,0.43,,,,
2026-01-06 05:30:45.097000+00:00,2026-01-06 05:30:45.183410+00:00,45.097,0.575,0.57,0.58,0.42,0.41,0.43,,,,
2026-01-06 05:30:46.016000+00:00,2026-01-06 05:30:46.180284+00:00,46.016,0.585,0.58,0.59,0.415,0.41,0.42,,,,
2026-01-06 05:30:47.091000+00:00,2026-01-06 05:30:47.180569+00:00,47.091,0.575,0.57,0.58,0.425,0.42,0.43,,,,
2026-01-06 05:30:48.024000+00:00,2026-01-06 05:30:48.195337+00:00,48.024,0.565,0.56,0.57,0.435,0.43,0.44,,,,
2026-01-06 05:30:49.097000+00:00,2026-01-06 05:30:49.199806+00:00,49.097,0.585,0.58,0.59,0.415,0.41,0.42,,,,
2026-01-06 05:30:50.129000+00:00,2026-01-06 05:30:50.213674+00:00,50.129,0.585,0.58,0.59,0.415,0.41,0.42,,,,
2026-01-06 05:30:51.102000+00:00,2026-01-06 05:30:51.219027+00:00,51.102,0.585,0.58,0.59,0.415,0.41,0.42,,,,
2026-01-06 05:30:52.146000+00:00,2026-01-06 05:30:52.230549+00:00,52.146,0.58,0.57,0.59,0.42,0.41,0.43,,,,
2026-01-06 05:30:53.124000+00:00,2026-01-06 05:30:53.241269+00:00,53.124,0.58,0.57,0.59,0.42,0.41,0.43,,,,
2026-01-06 05:30:54.110000+00:00,2026-01-06 05:30:54.263430+00:00,54.11,0.58,0.57,0.59,0.42,0.41,0.43,,,,
2026-01-06 05:30:55.045000+00:00,2026-01-06 05:30:55.279197+00:00,55.045,0.58,0.57,0.59,0.42,0.41,0.43,,,,
2026-01-06 05:30:56.179000+00:00,2026-01-06 05:30:56.286872+00:00,56.179,0.58,0.57,0.59,0.42,0.41,0.43,,,,
2026-01-06 05:30:57.904000+00:00,2026-01-06 05:30:58.313305+00:00,57.904,0.575,0.57,0.58,0.43,0.42,0.44,,,,
2026-01-06 05:30:59.026000+00:00,2026-01-06 05:30:59.313257+00:00,59.026,0.58,0.57,0.59,0.42,0.41,0.43,,,,
2026-01-06 05:31:00.234000+00:00,2026-01-06 05:31:00.322211+00:00,60.234,0.5700000000000001,0.56,0.58,0.43,0.42,0.44,,,,
2026-01-06 05:31:01.130000+00:00,2026-01-06 05:31:01.334173+00:00,61.13,0.5700000000000001,0.56,0.58,0.43,0.42,0.44,,,,
2026-01-06 05:31:02.203000+00:00,2026-01-06 05:31:02.339996+00:00,62.203,0.5700000000000001,0.56,0.58,0.43,0.42,0.44,,,,
2026-01-06 05:31:03.229000+00:00,2026-01-06 05:31:03.341133+00:00,63.229,0.58,0.57,0.59,0.42,0.41,0.43,,,,
2026-01-06 05:31:04.181000+00:00,2026-01-06 05:31:04.351852+00:00,64.181,0.585,0.58,0.59,0.415,0.41,0.42,,,,
2026-01-06 05:31:05.100000+00:00,2026-01-06 05:31:05.363181+00:00,65.1,0.585,0.58,0.59,0.415,0.41,0.42,,,,
2026-01-06 05:31:06.266000+00:00,2026-01-06 05:31:06.357166+00:00,66.266,0.625,0.62,0.63,0.37,0.36,0.38,,,,
2026-01-06 05:31:07.263000+00:00,2026-01-06 05:31:07.358315+00:00,67.263,0.63,0.62,0.64,0.37,0.36,0.38,,,,
2026-01-06 05:31:08.200000+00:00,2026-01-06 05:31:08.374501+00:00,68.2,0.63,0.62,0.64,0.37,0.36,0.38,,,,
2026-01-06 05:31:09.230000+00:00,2026-01-06 05:31:09.380685+00:00,69.23,0.625,0.62,0.63,0.375,0.37,0.38,,,,
2026-01-06 05:31:10.221000+00:00,2026-01-06 05:31:10.381219+00:00,70.221,0.625,0.62,0.63,0.375,0.37,0.38,,,,
2026-01-06 05:31:11.295000+00:00,2026-01-06 05:31:11.385131+00:00,71.295,0.625,0.62,0.63,0.375,0.37,0.38,,,,
2026-01-06 05:31:12.320000+00:00,2026-01-06 05:31:12.394904+00:00,72.32,0.635,0.63,0.64,0.365,0.36,0.37,,,,
2026-01-06 05:31:13.310000+00:00,2026-01-06 05:31:13.413913+00:00,73.31,0.635,0.63,0.64,0.365,0.36,0.37,,,,
2026-01-06 05:31:14.233000+00:00,2026-01-06 05:31:14.428413+00:00,74.233,0.635,0.63,0.64,0.365,0.36,0.37,,,,
2026-01-06 05:31:15.305000+00:00,2026-01-06 05:31:15.446498+00:00,75.305,0.635,0.63,0.64,0.365,0.36,0.37,,,,
2026-01-06 05:31:16.353000+00:00,2026-01-06 05:31:16.457149+00:00,76.353,0.635,0.63,0.64,0.365,0.36,0.37,,,,
2026-01-06 05:31:17.366000+00:00,2026-01-06 05:31:17.473366+00:00,77.366,0.635,0.63,0.64,0.365,0.36,0.37,,,,
2026-01-06 05:31:18.320000+00:00,2026-01-06 05:31:18.466728+00:00,78.32,0.635,0.63,0.64,0.365,0.36,0.37,,,,
2026-01-06 05:31:19.341000+00:00,2026-01-06 05:31:19.476471+00:00,79.341,0.635,0.63,0.64,0.355,0.35,0.36,,,,
2026-01-06 05:31:20.175000+00:00,2026-01-06 05:31:20.476423+00:00,80.175,0.65,0.64,0.66,0.35,0.34,0.36,,,,
2026-01-06 05:31:21.202000+00:00,2026-01-06 05:31:21.481225+00:00,81.202,0.65,0.64,0.66,0.355,0.35,0.36,,,,
2026-01-06 05:31:22.390000+00:00,2026-01-06 05:31:22.490959+00:00,82.39,0.645,0.64,0.65,0.355,0.35,0.36,,,,
2026-01-06 05:31:23.399000+00:00,2026-01-06 05:31:23.497153+00:00,83.399,0.63,0.62,0.64,0.37,0.36,0.38,,,,
2026-01-06 05:31:24.429000+00:00,2026-01-06 05:31:24.512934+00:00,84.429,0.625,0.62,0.63,0.375,0.37,0.38,,,,
2026-01-06 05:31:25.429000+00:00,2026-01-06 05:31:25.509296+00:00,85.429,0.585,0.58,0.59,0.44,0.43,0.45,,,,
2026-01-06 05:31:26.419000+00:00,2026-01-06 05:31:26.523136+00:00,86.419,0.545,0.54,0.55,0.455,0.45,0.46,,,,
2026-01-06 05:31:27.390000+00:00,2026-01-06 05:31:27.533371+00:00,87.39,0.545,0.54,0.55,0.455,0.45,0.46,,,,
2026-01-06 05:31:28.393000+00:00,2026-01-06 05:31:28.544467+00:00,88.393,0.545,0.54,0.55,0.455,0.45,0.46,,,,
2026-01-06 05:31:29.466000+00:00,2026-01-06 05:31:29.563326+00:00,89.466,0.545,0.54,0.55,0.455,0.45,0.46,,,,
2026-01-06 05:31:30.390000+00:00,2026-01-06 05:31:30.560328+00:00,90.39,0.545,0.54,0.55,0.455,0.45,0.46,,,,
2026-01-06 05:31:31.250000+00:00,2026-01-06 05:31:31.547607+00:00,91.25,0.545,0.54,0.55,0.455,0.45,0.46,,,,
2026-01-06 05:31:32.452000+00:00,2026-01-06 05:31:32.559493+00:00,92.452,0.545,0.54,0.55,0.455,0.45,0.46,,,,
2026-01-06 05:31:33.443000+00:00,2026-01-06 05:31:33.560891+00:00,93.443,0.545,0.54,0.55,0.455,0.45,0.46,,,,
2026-01-06 05:31:34.494000+00:00,2026-01-06 05:31:34.572607+00:00,94.494,0.545,0.54,0.55,0.455,0.45,0.46,,,,
2026-01-06 05:31:35.504000+00:00,2026-01-06 05:31:35.594244+00:00,95.504,0.555,0.55,0.56,0.43,0.42,0.44,,,,
2026-01-06 05:31:36.488000+00:00,2026-01-06 05:31:36.595287+00:00,96.488,0.565,0.56,0.57,0.43,0.42,0.44,,,,
2026-01-06 05:31:37.514000+00:00,2026-01-06 05:31:37.607529+00:00,97.514,0.5700000000000001,0.56,0.58,0.43,0.42,0.44,,,,
2026-01-06 05:31:38.388000+00:00,2026-01-06 05:31:38.622783+00:00,98.388,0.5700000000000001,0.56,0.58,0.43,0.42,0.44,,,,
2026-01-06 05:31:39.530000+00:00,2026-01-06 05:31:39.638014+00:00,99.53,0.5700000000000001,0.56,0.58,0.43,0.42,0.44,,,,
2026-01-06 05:31:40.557000+00:00,2026-01-06 05:31:40.657592+00:00,100.557,0.565,0.56,0.57,0.435,0.43,0.44,,,,
2026-01-06 05:31:41.542000+00:00,2026-01-06 05:31:41.661968+00:00,101.542,0.565,0.56,0.57,0.435,0.43,0.44,,,,
2026-01-06 05:31:42.616000+00:00,2026-01-06 05:31:42.672388+00:00,102.616,0.565,0.56,0.57,0.435,0.43,0.44,,,,
2026-01-06 05:31:43.582000+00:00,2026-01-06 05:31:43.672601+00:00,103.582,0.565,0.56,0.57,0.435,0.43,0.44,,,,
2026-01-06 05:31:44.422000+00:00,2026-01-06 05:31:44.673305+00:00,104.422,0.565,0.56,0.57,0.435,0.43,0.44,,,,
2026-01-06 05:31:45.554000+00:00,2026-01-06 05:31:45.671552+00:00,105.554,0.565,0.56,0.57,0.435,0.43,0.44,,,,
2026-01-06 05:31:46.605000+00:00,2026-01-06 05:31:46.687606+00:00,106.605,0.565,0.56,0.57,0.435,0.43,0.44,,,,
2026-01-06 05:31:47.610000+00:00,2026-01-06 05:31:47.704757+00:00,107.61,0.625,0.62,0.63,0.375,0.37,0.38,,,,
2026-01-06 05:31:48.617000+00:00,2026-01-06 05:31:48.705567+00:00,108.617,0.655,0.65,0.66,0.345,0.34,0.35,,,,
2026-01-06 05:31:49.623000+00:00,2026-01-06 05:31:49.722369+00:00,109.623,0.675,0.67,0.68,0.325,0.32,0.33,,,,
2026-01-06 05:31:50.598000+00:00,2026-01-06 05:31:50.726511+00:00,110.598,0.675,0.67,0.68,0.325,0.32,0.33,,,,
2026-01-06 05:31:51.644000+00:00,2026-01-06 05:31:51.727714+00:00,111.644,0.675,0.67,0.68,0.325,0.32,0.33,,,,
2026-01-06 05:31:52.637000+00:00,2026-01-06 05:31:52.737569+00:00,112.637,0.675,0.67,0.68,0.325,0.32,0.33,,,,
2026-01-06 05:31:53.631000+00:00,2026-01-06 05:31:53.736952+00:00,113.631,0.675,0.67,0.68,0.325,0.32,0.33,,,,
2026-01-06 05:31:54.577000+00:00,2026-01-06 05:31:54.738415+00:00,114.577,0.675,0.67,0.68,0.325,0.32,0.33,,,,
2026-01-06 05:31:55.534000+00:00,2026-01-06 05:31:55.736984+00:00,115.534,0.6799999999999999,0.67,0.69,0.32,0.31,0.33,,,,
2026-01-06 05:31:56.649000+00:00,2026-01-06 05:31:56.739166+00:00,116.649,0.71,0.7,0.72,0.295,0.29,0.3,,,,
2026-01-06 05:31:57.674000+00:00,2026-01-06 05:31:57.756597+00:00,117.674,0.735,0.73,0.74,0.265,0.26,0.27,,,,
2026-01-06 05:31:58.644000+00:00,2026-01-06 05:31:58.754369+00:00,118.644,0.755,0.75,0.76,0.245,0.24,0.25,,,,
2026-01-06 05:31:59.672000+00:00,2026-01-06 05:31:59.753954+00:00,119.672,0.765,0.76,0.77,0.235,0.23,0.24,,,,
2026-01-06 05:32:00.666000+00:00,2026-01-06 05:32:00.755709+00:00,120.666,0.755,0.75,0.76,0.245,0.24,0.25,,,,
2026-01-06 05:32:01.686000+00:00,2026-01-06 05:32:01.773756+00:00,121.686,0.765,0.76,0.77,0.235,0.23,0.24,,,,
2026-01-06 05:32:02.649000+00:00,2026-01-06 05:32:02.771392+00:00,122.649,0.765,0.76,0.77,0.235,0.23,0.24,,,,
2026-01-06 05:32:03.614000+00:00,2026-01-06 05:32:03.771704+00:00,123.614,0.77,0.76,0.78,0.2299999999999999,0.22,0.24,,,,
2026-01-06 05:32:04.586000+00:00,2026-01-06 05:32:04.771970+00:00,124.586,0.775,0.77,0.78,0.225,0.22,0.23,,,,
2026-01-06 05:32:05.659000+00:00,2026-01-06 05:32:05.771892+00:00,125.659,0.775,0.77,0.78,0.225,0.22,0.23,,,,
2026-01-06 05:32:06.670000+00:00,2026-01-06 05:32:06.773524+00:00,126.67,0.775,0.77,0.78,0.225,0.22,0.23,,,,
2026-01-06 05:32:07.620000+00:00,2026-01-06 05:32:07.772244+00:00,127.62,0.78,0.77,0.79,0.22,0.21,0.23,,,,
2026-01-06 05:32:08.697000+00:00,2026-01-06 05:32:08.770656+00:00,128.697,0.78,0.77,0.79,0.22,0.21,0.23,,,,
2026-01-06 05:32:09.532000+00:00,2026-01-06 05:32:09.774285+00:00,129.532,0.78,0.77,0.79,0.22,0.21,0.23,,,,
2026-01-06 05:32:10.685000+00:00,2026-01-06 05:32:10.772184+00:00,130.685,0.775,0.77,0.78,0.225,0.22,0.23,,,,
2026-01-06 05:32:11.666000+00:00,2026-01-06 05:32:11.772728+00:00,131.666,0.765,0.76,0.77,0.235,0.23,0.24,,,,
2026-01-06 05:32:12.678000+00:00,2026-01-06 05:32:12.772584+00:00,132.678,0.735,0.73,0.74,0.265,0.26,0.27,,,,
2026-01-06 05:32:13.660000+00:00,2026-01-06 05:32:13.773044+00:00,133.66,0.755,0.75,0.76,0.245,0.24,0.25,,,,
2026-01-06 05:32:14.676000+00:00,2026-01-06 05:32:14.788454+00:00,134.676,0.76,0.75,0.77,0.24,0.23,0.25,,,,
2026-01-06 05:32:15.677000+00:00,2026-01-06 05:32:15.787446+00:00,135.677,0.76,0.75,0.77,0.24,0.23,0.25,,,,
2026-01-06 05:32:16.709000+00:00,2026-01-06 05:32:16.795790+00:00,136.709,0.755,0.75,0.76,0.245,0.24,0.25,,,,
2026-01-06 05:32:17.515000+00:00,2026-01-06 05:32:17.795643+00:00,137.515,0.745,0.74,0.75,0.255,0.25,0.26,,,,
2026-01-06 05:32:18.717000+00:00,2026-01-06 05:32:18.804483+00:00,138.717,0.735,0.73,0.74,0.265,0.26,0.27,,,,
2026-01-06 05:32:19.637000+00:00,2026-01-06 05:32:19.806063+00:00,139.637,0.725,0.72,0.73,0.275,0.27,0.28,,,,
2026-01-06 05:32:20.739000+00:00,2026-01-06 05:32:20.831177+00:00,140.739,0.725,0.72,0.73,0.275,0.27,0.28,,,,
2026-01-06 05:32:21.599000+00:00,2026-01-06 05:32:21.827295+00:00,141.599,0.72,0.71,0.73,0.28,0.27,0.29,,,,
2026-01-06 05:32:22.754000+00:00,2026-01-06 05:32:22.842555+00:00,142.754,0.705,0.7,0.71,0.295,0.29,0.3,,,,
2026-01-06 05:32:23.743000+00:00,2026-01-06 05:32:23.847573+00:00,143.743,0.705,0.7,0.71,0.295,0.29,0.3,,,,
2026-01-06 05:32:24.687000+00:00,2026-01-06 05:32:24.859727+00:00,144.687,0.715,0.71,0.72,0.285,0.28,0.29,,,,
2026-01-06 05:32:25.782000+00:00,2026-01-06 05:32:25.870666+00:00,145.782,0.715,0.71,0.72,0.285,0.28,0.29,,,,
2026-01-06 05:32:26.789000+00:00,2026-01-06 05:32:26.887277+00:00,146.789,0.715,0.71,0.72,0.285,0.28,0.29,,,,
2026-01-06 05:32:27.770000+00:00,2026-01-06 05:32:27.895852+00:00,147.77,0.735,0.73,0.74,0.265,0.26,0.27,,,,
2026-01-06 05:32:28.823000+00:00,2026-01-06 05:32:28.910389+00:00,148.823,0.735,0.73,0.74,0.265,0.26,0.27,,,,
2026-01-06 05:32:29.825000+00:00,2026-01-06 05:32:29.914719+00:00,149.825,0.725,0.72,0.73,0.275,0.27,0.28,,,,
2026-01-06 05:32:30.700000+00:00,2026-01-06 05:32:30.920778+00:00,150.7,0.715,0.71,0.72,0.285,0.28,0.29,,,,
2026-01-06 05:32:31.816000+00:00,2026-01-06 05:32:31.926669+00:00,151.816,0.715,0.71,0.72,0.285,0.28,0.29,,,,
2026-01-06 05:32:32.850000+00:00,2026-01-06 05:32:32.937728+00:00,152.85,0.705,0.7,0.71,0.295,0.29,0.3,,,,
2026-01-06 05:32:33.815000+00:00,2026-01-06 05:32:33.942299+00:00,153.815,0.705,0.7,0.71,0.295,0.29,0.3,,,,
2026-01-06 05:32:34.929000+00:00,2026-01-06 05:32:34.944396+00:00,154.929,0.695,0.69,0.7,0.32,0.3,0.34,,,,
2026-01-06 05:32:35.847000+00:00,2026-01-06 05:32:35.962170+00:00,155.847,0.66,0.65,0.67,0.3399999999999999,0.33,0.35,,,,
2026-01-06 05:32:36.866000+00:00,2026-01-06 05:32:36.962023+00:00,156.866,0.665,0.66,0.67,0.335,0.33,0.34,,,,
2026-01-06 05:32:37.845000+00:00,2026-01-06 05:32:37.971905+00:00,157.845,0.655,0.65,0.66,0.345,0.34,0.35,,,,
2026-01-06 05:32:38.892000+00:00,2026-01-06 05:32:38.992122+00:00,158.892,0.655,0.65,0.66,0.345,0.34,0.35,,,,
2026-01-06 05:32:39.888000+00:00,2026-01-06 05:32:40.001381+00:00,159.888,0.665,0.66,0.67,0.3399999999999999,0.33,0.35,,,,
2026-01-06 05:32:40.940000+00:00,2026-01-06 05:32:41.013857+00:00,160.94,0.665,0.65,0.68,0.335,0.33,0.34,,,,
2026-01-06 05:32:41.920000+00:00,2026-01-06 05:32:42.010542+00:00,161.92,0.645,0.64,0.65,0.36,0.35,0.37,,,,
2026-01-06 05:32:42.939000+00:00,2026-01-06 05:32:43.033863+00:00,162.939,0.605,0.6,0.61,0.395,0.39,0.4,,,,
2026-01-06 05:32:43.891000+00:00,2026-01-06 05:32:44.040201+00:00,163.891,0.605,0.6,0.61,0.395,0.39,0.4,,,,
2026-01-06 05:32:44.946000+00:00,2026-01-06 05:32:45.042510+00:00,164.946,0.605,0.6,0.61,0.395,0.39,0.4,,,,
2026-01-06 05:32:45.837000+00:00,2026-01-06 05:32:46.053937+00:00,165.837,0.61,0.6,0.62,0.39,0.38,0.4,,,,
2026-01-06 05:32:46.957000+00:00,2026-01-06 05:32:47.058000+00:00,166.957,0.61,0.6,0.62,0.39,0.38,0.4,,,,
2026-01-06 05:32:47.854000+00:00,2026-01-06 05:32:48.071628+00:00,167.854,0.605,0.6,0.61,0.39,0.38,0.4,,,,
2026-01-06 05:32:48.957000+00:00,2026-01-06 05:32:49.069490+00:00,168.957,0.61,0.6,0.62,0.39,0.38,0.4,,,,
2026-01-06 05:32:49.924000+00:00,2026-01-06 05:32:50.071478+00:00,169.924,0.605,0.6,0.61,0.395,0.39,0.4,,,,
2026-01-06 05:32:50.820000+00:00,2026-01-06 05:32:51.075717+00:00,170.82,0.605,0.6,0.61,0.395,0.39,0.4,,,,
2026-01-06 05:32:51.901000+00:00,2026-01-06 05:32:52.081376+00:00,171.901,0.605,0.6,0.61,0.395,0.39,0.4,,,,
2026-01-06 05:32:52.975000+00:00,2026-01-06 05:32:53.092919+00:00,172.975,0.605,0.6,0.61,0.395,0.39,0.4,,,,
2026-01-06 05:32:54.013000+00:00,2026-01-06 05:32:54.110162+00:00,174.013,0.605,0.6,0.61,0.395,0.39,0.4,,,,
2026-01-06 05:32:55.015000+00:00,2026-01-06 05:32:55.122148+00:00,175.015,0.605,0.6,0.61,0.395,0.39,0.4,,,,
2026-01-06 05:32:56.039000+00:00,2026-01-06 05:32:56.126809+00:00,176.039,0.605,0.6,0.61,0.395,0.39,0.4,,,,
2026-01-06 05:32:57.057000+00:00,2026-01-06 05:32:57.146982+00:00,177.057,0.6,0.59,0.61,0.4,0.39,0.41,,,,
2026-01-06 05:32:58.980000+00:00,2026-01-06 05:32:59.155925+00:00,178.98,0.6,0.59,0.61,0.4,0.39,0.41,,,,
2026-01-06 05:33:00.959000+00:00,2026-01-06 05:33:01.168736+00:00,180.959,0.605,0.6,0.61,0.395,0.39,0.4,,,,
2026-01-06 05:33:02.038000+00:00,2026-01-06 05:33:02.170489+00:00,182.038,0.6,0.59,0.61,0.4,0.39,0.41,,,,
2026-01-06 05:33:03.090000+00:00,2026-01-06 05:33:03.174219+00:00,183.09,0.605,0.6,0.61,0.395,0.39,0.4,,,,
2026-01-06 05:33:04.050000+00:00,2026-01-06 05:33:04.192374+00:00,184.05,0.61,0.6,0.62,0.39,0.38,0.4,,,,
2026-01-06 05:33:05.066000+00:00,2026-01-06 05:33:05.198202+00:00,185.066,0.61,0.6,0.62,0.39,0.38,0.4,,,,
2026-01-06 05:33:06.927000+00:00,2026-01-06 05:33:07.209184+00:00,186.927,0.61,0.6,0.62,0.39,0.38,0.4,,,,
2026-01-06 05:33:08.119000+00:00,2026-01-06 05:33:08.210062+00:00,188.119,0.61,0.6,0.62,0.39,0.38,0.4,,,,
2026-01-06 05:33:09.070000+00:00,2026-01-06 05:33:09.224278+00:00,189.07,0.61,0.6,0.62,0.39,0.38,0.4,,,,
2026-01-06 05:33:10.004000+00:00,2026-01-06 05:33:10.226404+00:00,190.004,0.61,0.6,0.62,0.39,0.38,0.4,,,,
2026-01-06 05:33:11.074000+00:00,2026-01-06 05:33:11.237073+00:00,191.074,0.61,0.6,0.62,0.39,0.38,0.4,,,,
2026-01-06 05:33:12.917000+00:00,2026-01-06 05:33:13.249590+00:00,192.917,0.61,0.6,0.62,0.39,0.38,0.4,,,,
2026-01-06 05:33:14.084000+00:00,2026-01-06 05:33:14.243325+00:00,194.084,0.62,0.61,0.63,0.38,0.37,0.39,,,,
2026-01-06 05:33:15.136000+00:00,2026-01-06 05:33:15.236339+00:00,195.136,0.62,0.61,0.63,0.38,0.37,0.39,,,,
2026-01-06 05:33:16.160000+00:00,2026-01-06 05:33:16.241284+00:00,196.16,0.615,0.61,0.62,0.395,0.39,0.4,,,,
2026-01-06 05:33:17.166000+00:00,2026-01-06 05:33:17.256512+00:00,197.166,0.585,0.58,0.59,0.415,0.41,0.42,,,,
2026-01-06 05:33:18.007000+00:00,2026-01-06 05:33:18.269981+00:00,198.007,0.585,0.58,0.59,0.415,0.41,0.42,,,,
2026-01-06 05:33:19.175000+00:00,2026-01-06 05:33:19.270437+00:00,199.175,0.575,0.56,0.59,0.43,0.42,0.44,,,,
2026-01-06 05:33:20.084000+00:00,2026-01-06 05:33:20.267547+00:00,200.084,0.5700000000000001,0.56,0.58,0.43,0.42,0.44,,,,
2026-01-06 05:33:21.181000+00:00,2026-01-06 05:33:21.267967+00:00,201.181,0.56,0.55,0.57,0.44,0.43,0.45,,,,
2026-01-06 05:33:22.119000+00:00,2026-01-06 05:33:22.275802+00:00,202.119,0.565,0.56,0.57,0.435,0.43,0.44,,,,
2026-01-06 05:33:23.206000+00:00,2026-01-06 05:33:23.284435+00:00,203.206,0.555,0.55,0.56,0.445,0.44,0.45,,,,
2026-01-06 05:33:24.173000+00:00,2026-01-06 05:33:24.283563+00:00,204.173,0.535,0.53,0.54,0.4649999999999999,0.46,0.47,,,,
2026-01-06 05:33:25.190000+00:00,2026-01-06 05:33:25.300730+00:00,205.19,0.525,0.52,0.53,0.475,0.47,0.48,,,,
2026-01-06 05:33:26.206000+00:00,2026-01-06 05:33:26.309901+00:00,206.206,0.525,0.52,0.53,0.475,0.47,0.48,,,,
2026-01-06 05:33:27.065000+00:00,2026-01-06 05:33:27.323939+00:00,207.065,0.535,0.53,0.54,0.4649999999999999,0.46,0.47,,,,
2026-01-06 05:33:28.222000+00:00,2026-01-06 05:33:28.325951+00:00,208.222,0.535,0.53,0.54,0.4649999999999999,0.46,0.47,,,,
2026-01-06 05:33:29.211000+00:00,2026-01-06 05:33:29.334346+00:00,209.211,0.525,0.52,0.53,0.475,0.47,0.48,,,,
2026-01-06 05:33:30.263000+00:00,2026-01-06 05:33:30.349350+00:00,210.263,0.525,0.52,0.53,0.475,0.47,0.48,,,,
2026-01-06 05:33:31.271000+00:00,2026-01-06 05:33:31.350080+00:00,211.271,0.525,0.52,0.53,0.475,0.47,0.48,,,,
2026-01-06 05:33:32.257000+00:00,2026-01-06 05:33:32.372839+00:00,212.257,0.515,0.51,0.52,0.485,0.48,0.49,,,,
2026-01-06 05:33:33.272000+00:00,2026-01-06 05:33:33.373082+00:00,213.272,0.525,0.52,0.53,0.48,0.47,0.49,,,,
2026-01-06 05:33:34.264000+00:00,2026-01-06 05:33:34.391380+00:00,214.264,0.525,0.52,0.53,0.475,0.47,0.48,,,,
2026-01-06 05:33:35.046000+00:00,2026-01-06 05:33:35.392039+00:00,215.046,0.52,0.51,0.53,0.48,0.47,0.49,,,,
2026-01-06 05:33:36.138000+00:00,2026-01-06 05:33:36.401436+00:00,216.138,0.52,0.51,0.53,0.48,0.47,0.49,,,,
2026-01-06 05:33:37.318000+00:00,2026-01-06 05:33:37.418765+00:00,217.318,0.52,0.51,0.53,0.48,0.47,0.49,,,,
2026-01-06 05:33:38.192000+00:00,2026-01-06 05:33:38.418707+00:00,218.192,0.52,0.51,0.53,0.48,0.47,0.49,,,,
2026-01-06 05:33:39.023000+00:00,2026-01-06 05:33:39.418030+00:00,219.023,0.525,0.52,0.53,0.475,0.47,0.48,,,,
2026-01-06 05:33:40.330000+00:00,2026-01-06 05:33:40.424944+00:00,220.33,0.52,0.51,0.53,0.48,0.47,0.49,,,,
2026-01-06 05:33:41.435000+00:00,2026-01-06 05:33:41.423971+00:00,221.435,0.52,0.51,0.53,0.475,0.47,0.48,,,,
2026-01-06 05:33:42.155000+00:00,2026-01-06 05:33:42.420305+00:00,222.155,0.525,0.52,0.53,0.475,0.47,0.48,,,,
2026-01-06 05:33:43.423000+00:00,2026-01-06 05:33:44.437054+00:00,223.423,0.52,0.51,0.53,0.48,0.47,0.49,,,,
2026-01-06 05:33:45.695000+00:00,2026-01-06 05:33:46.452656+00:00,225.695,0.52,0.51,0.53,0.48,0.47,0.49,,,,
2026-01-06 05:33:47.149000+00:00,2026-01-06 05:33:47.462116+00:00,227.149,0.52,0.51,0.53,0.48,0.47,0.49,,,,
2026-01-06 05:33:48.362000+00:00,2026-01-06 05:33:48.469078+00:00,228.362,0.52,0.51,0.53,0.48,0.47,0.49,,,,
2026-01-06 05:33:49.383000+00:00,2026-01-06 05:33:49.467864+00:00,229.383,0.515,0.51,0.52,0.485,0.48,0.49,,,,
2026-01-06 05:33:50.267000+00:00,2026-01-06 05:33:50.475617+00:00,230.267,0.515,0.51,0.52,0.485,0.48,0.49,,,,
2026-01-06 05:33:51.397000+00:00,2026-01-06 05:33:51.482260+00:00,231.397,0.515,0.51,0.52,0.485,0.48,0.49,,,,
2026-01-06 05:33:52.396000+00:00,2026-01-06 05:33:52.489693+00:00,232.396,0.505,0.5,0.51,0.495,0.49,0.5,,,,
2026-01-06 05:33:53.402000+00:00,2026-01-06 05:33:53.496458+00:00,233.402,0.485,0.48,0.49,0.52,0.51,0.53,,,,
2026-01-06 05:33:54.419000+00:00,2026-01-06 05:33:54.495925+00:00,234.419,0.45,0.44,0.46,0.55,0.54,0.56,,,,
2026-01-06 05:33:55.395000+00:00,2026-01-06 05:33:55.506819+00:00,235.395,0.45,0.44,0.46,0.55,0.54,0.56,,,,
2026-01-06 05:33:56.415000+00:00,2026-01-06 05:33:56.502973+00:00,236.415,0.45,0.44,0.46,0.55,0.54,0.56,,,,
2026-01-06 05:33:57.338000+00:00,2026-01-06 05:33:57.517455+00:00,237.338,0.45,0.44,0.46,0.55,0.54,0.56,,,,
2026-01-06 05:33:58.440000+00:00,2026-01-06 05:33:58.532657+00:00,238.44,0.45,0.44,0.46,0.55,0.54,0.56,,,,
2026-01-06 05:33:59.446000+00:00,2026-01-06 05:33:59.538789+00:00,239.446,0.455,0.45,0.46,0.545,0.54,0.55,,,,
2026-01-06 05:34:00.458000+00:00,2026-01-06 05:34:00.543079+00:00,240.458,0.455,0.45,0.46,0.545,0.54,0.55,,,,
2026-01-06 05:34:01.468000+00:00,2026-01-06 05:34:01.555784+00:00,241.468,0.4649999999999999,0.46,0.47,0.535,0.53,0.54,,,,
2026-01-06 05:34:02.471000+00:00,2026-01-06 05:34:02.569631+00:00,242.471,0.4599999999999999,0.45,0.47,0.54,0.53,0.55,,,,
2026-01-06 05:34:03.441000+00:00,2026-01-06 05:34:03.567208+00:00,243.441,0.45,0.44,0.46,0.555,0.55,0.56,,,,
2026-01-06 05:34:04.405000+00:00,2026-01-06 05:34:04.573230+00:00,244.405,0.445,0.44,0.45,0.55,0.54,0.56,,,,
2026-01-06 05:34:05.475000+00:00,2026-01-06 05:34:05.567627+00:00,245.475,0.455,0.45,0.46,0.545,0.54,0.55,,,,
2026-01-06 05:34:06.489000+00:00,2026-01-06 05:34:06.568635+00:00,246.489,0.45,0.44,0.46,0.545,0.54,0.55,,,,
2026-01-06 05:34:07.363000+00:00,2026-01-06 05:34:07.588316+00:00,247.363,0.4599999999999999,0.45,0.47,0.54,0.53,0.55,,,,
2026-01-06 05:34:08.504000+00:00,2026-01-06 05:34:08.599671+00:00,248.504,0.455,0.45,0.46,0.545,0.54,0.55,,,,
2026-01-06 05:34:09.409000+00:00,2026-01-06 05:34:09.616680+00:00,249.409,0.445,0.44,0.45,0.555,0.55,0.56,,,,
2026-01-06 05:34:10.481000+00:00,2026-01-06 05:34:10.631336+00:00,250.481,0.445,0.44,0.45,0.555,0.55,0.56,,,,
2026-01-06 05:34:11.525000+00:00,2026-01-06 05:34:11.639666+00:00,251.525,0.445,0.44,0.45,0.555,0.55,0.56,,,,
2026-01-06 05:34:12.531000+00:00,2026-01-06 05:34:12.648882+00:00,252.531,0.445,0.44,0.45,0.555,0.55,0.56,,,,
2026-01-06 05:34:13.560000+00:00,2026-01-06 05:34:13.647759+00:00,253.56,0.445,0.44,0.45,0.555,0.55,0.56,,,,
2026-01-06 05:34:14.575000+00:00,2026-01-06 05:34:14.666353+00:00,254.575,0.405,0.4,0.41,0.605,0.6,0.61,,,,
2026-01-06 05:34:15.525000+00:00,2026-01-06 05:34:15.655720+00:00,255.525,0.365,0.36,0.37,0.645,0.64,0.65,,,,
2026-01-06 05:34:16.546000+00:00,2026-01-06 05:34:16.653086+00:00,256.546,0.365,0.36,0.37,0.63,0.62,0.64,,,,
2026-01-06 05:34:17.521000+00:00,2026-01-06 05:34:17.657372+00:00,257.521,0.37,0.36,0.38,0.63,0.62,0.64,,,,
2026-01-06 05:34:18.540000+00:00,2026-01-06 05:34:18.654787+00:00,258.54,0.37,0.36,0.38,0.63,0.62,0.64,,,,
2026-01-06 05:34:19.535000+00:00,2026-01-06 05:34:19.667197+00:00,259.535,0.375,0.37,0.38,0.625,0.62,0.63,,,,
2026-01-06 05:34:20.553000+00:00,2026-01-06 05:34:20.675963+00:00,260.553,0.395,0.39,0.4,0.605,0.6,0.61,,,,
2026-01-06 05:34:21.562000+00:00,2026-01-06 05:34:21.675012+00:00,261.562,0.395,0.39,0.4,0.605,0.6,0.61,,,,
2026-01-06 05:34:22.581000+00:00,2026-01-06 05:34:22.670913+00:00,262.581,0.395,0.39,0.4,0.605,0.6,0.61,,,,
2026-01-06 05:34:23.595000+00:00,2026-01-06 05:34:23.686460+00:00,263.595,0.405,0.4,0.41,0.595,0.59,0.6,,,,
2026-01-06 05:34:24.556000+00:00,2026-01-06 05:34:24.683345+00:00,264.556,0.385,0.38,0.39,0.615,0.61,0.62,,,,
2026-01-06 05:34:25.607000+00:00,2026-01-06 05:34:25.694450+00:00,265.607,0.375,0.37,0.38,0.625,0.62,0.63,,,,
2026-01-06 05:34:26.461000+00:00,2026-01-06 05:34:26.690257+00:00,266.461,0.375,0.37,0.38,0.625,0.62,0.63,,,,
2026-01-06 05:34:27.569000+00:00,2026-01-06 05:34:27.695658+00:00,267.569,0.36,0.35,0.37,0.64,0.63,0.65,,,,
2026-01-06 05:34:28.580000+00:00,2026-01-06 05:34:28.687595+00:00,268.58,0.36,0.35,0.37,0.64,0.63,0.65,,,,
2026-01-06 05:34:29.550000+00:00,2026-01-06 05:34:29.702082+00:00,269.55,0.355,0.35,0.36,0.645,0.64,0.65,,,,
2026-01-06 05:34:30.611000+00:00,2026-01-06 05:34:30.717088+00:00,270.611,0.36,0.35,0.37,0.64,0.63,0.65,,,,
2026-01-06 05:34:31.601000+00:00,2026-01-06 05:34:31.722465+00:00,271.601,0.36,0.35,0.37,0.64,0.63,0.65,,,,
2026-01-06 05:34:32.521000+00:00,2026-01-06 05:34:32.739836+00:00,272.521,0.36,0.35,0.37,0.635,0.63,0.64,,,,
2026-01-06 05:34:33.566000+00:00,2026-01-06 05:34:33.753632+00:00,273.566,0.36,0.35,0.37,0.64,0.63,0.65,,,,
2026-01-06 05:34:34.646000+00:00,2026-01-06 05:34:34.763334+00:00,274.646,0.37,0.36,0.38,0.63,0.62,0.64,,,,
2026-01-06 05:34:35.670000+00:00,2026-01-06 05:34:35.768433+00:00,275.67,0.37,0.36,0.38,0.63,0.62,0.64,,,,
2026-01-06 05:34:36.647000+00:00,2026-01-06 05:34:36.780323+00:00,276.647,0.37,0.36,0.38,0.63,0.62,0.64,,,,
2026-01-06 05:34:37.625000+00:00,2026-01-06 05:34:37.782805+00:00,277.625,0.37,0.36,0.38,0.63,0.62,0.64,,,,
2026-01-06 05:34:38.493000+00:00,2026-01-06 05:34:38.792587+00:00,278.493,0.37,0.36,0.38,0.63,0.62,0.64,,,,
2026-01-06 05:34:39.599000+00:00,2026-01-06 05:34:39.812936+00:00,279.599,0.375,0.37,0.38,0.625,0.62,0.63,,,,
2026-01-06 05:34:40.696000+00:00,2026-01-06 05:34:40.821330+00:00,280.696,0.365,0.36,0.37,0.635,0.63,0.64,,,,
2026-01-06 05:34:41.652000+00:00,2026-01-06 05:34:41.824086+00:00,281.652,0.365,0.36,0.37,0.635,0.63,0.64,,,,
2026-01-06 05:34:42.435000+00:00,2026-01-06 05:34:42.837191+00:00,282.435,0.37,0.36,0.38,0.63,0.62,0.64,,,,
2026-01-06 05:34:43.658000+00:00,2026-01-06 05:34:43.856429+00:00,283.658,0.37,0.36,0.38,0.63,0.62,0.64,,,,
2026-01-06 05:34:44.741000+00:00,2026-01-06 05:34:44.866827+00:00,284.741,0.37,0.36,0.38,0.63,0.62,0.64,,,,
2026-01-06 05:34:45.487000+00:00,2026-01-06 05:34:45.867465+00:00,285.487,0.37,0.36,0.38,0.63,0.62,0.64,,,,
2026-01-06 05:34:46.750000+00:00,2026-01-06 05:34:46.883423+00:00,286.75,0.37,0.36,0.38,0.63,0.62,0.64,,,,
2026-01-06 05:34:47.605000+00:00,2026-01-06 05:34:47.904474+00:00,287.605,0.37,0.36,0.38,0.63,0.62,0.64,,,,
2026-01-06 05:34:48.602000+00:00,2026-01-06 05:34:48.898882+00:00,288.602,0.37,0.36,0.38,0.63,0.62,0.64,,,,
2026-01-06 05:34:49.553000+00:00,2026-01-06 05:34:49.902619+00:00,289.553,0.37,0.36,0.38,0.63,0.62,0.64,,,,
2026-01-06 05:34:50.828000+00:00,2026-01-06 05:34:50.914791+00:00,290.828,0.365,0.36,0.37,0.635,0.63,0.64,,,,
2026-01-06 05:34:51.816000+00:00,2026-01-06 05:34:51.920468+00:00,291.816,0.325,0.32,0.33,0.675,0.67,0.68,,,,
2026-01-06 05:34:52.822000+00:00,2026-01-06 05:34:52.934562+00:00,292.822,0.32,0.31,0.33,0.6799999999999999,0.67,0.69,,,,
2026-01-06 05:34:53.858000+00:00,2026-01-06 05:34:53.953959+00:00,293.858,0.305,0.3,0.31,0.695,0.69,0.7,,,,
2026-01-06 05:34:54.780000+00:00,2026-01-06 05:34:54.954176+00:00,294.78,0.305,0.3,0.31,0.695,0.69,0.7,,,,
2026-01-06 05:34:55.780000+00:00,2026-01-06 05:34:55.971446+00:00,295.78,0.305,0.3,0.31,0.695,0.69,0.7,,,,
2026-01-06 05:34:56.770000+00:00,2026-01-06 05:34:56.969978+00:00,296.77,0.305,0.3,0.31,0.695,0.69,0.7,,,,
2026-01-06 05:34:57.876000+00:00,2026-01-06 05:34:57.967335+00:00,297.876,0.305,0.3,0.31,0.695,0.69,0.7,,,,
2026-01-06 05:34:58.867000+00:00,2026-01-06 05:34:58.994158+00:00,298.867,0.305,0.3,0.31,0.695,0.69,0.7,,,,
2026-01-06 05:34:59.857000+00:00,2026-01-06 05:34:59.986341+00:00,299.857,0.305,0.3,0.31,0.695,0.69,0.7,,,,
2026-01-06 05:35:00.864000+00:00,2026-01-06 05:35:00.991816+00:00,300.864,0.305,0.3,0.31,0.695,0.69,0.7,,,,
2026-01-06 05:35:01.915000+00:00,2026-01-06 05:35:02.000990+00:00,301.915,0.315,0.31,0.32,0.685,0.68,0.69,,,,
2026-01-06 05:35:02.899000+00:00,2026-01-06 05:35:02.997597+00:00,302.899,0.275,0.27,0.28,0.725,0.72,0.73,,,,
2026-01-06 05:35:03.932000+00:00,2026-01-06 05:35:04.006482+00:00,303.932,0.24,0.23,0.25,0.765,0.76,0.77,,,,
2026-01-06 05:35:04.935000+00:00,2026-01-06 05:35:05.022696+00:00,304.935,0.215,0.21,0.22,0.785,0.78,0.79,,,,
2026-01-06 05:35:05.940000+00:00,2026-01-06 05:35:06.038310+00:00,305.94,0.195,0.19,0.2,0.805,0.8,0.81,,,,
2026-01-06 05:35:06.937000+00:00,2026-01-06 05:35:07.038272+00:00,306.937,0.175,0.17,0.18,0.815,0.81,0.82,,,,
2026-01-06 05:35:07.905000+00:00,2026-01-06 05:35:08.036403+00:00,307.905,0.185,0.18,0.19,0.815,0.81,0.82,,,,
2026-01-06 05:35:08.917000+00:00,2026-01-06 05:35:09.043254+00:00,308.917,0.175,0.17,0.18,0.825,0.82,0.83,,,,
2026-01-06 05:35:09.936000+00:00,2026-01-06 05:35:10.031323+00:00,309.936,0.1699999999999999,0.16,0.18,0.835,0.83,0.84,,,,
2026-01-06 05:35:10.955000+00:00,2026-01-06 05:35:11.038449+00:00,310.955,0.165,0.16,0.17,0.83,0.82,0.84,,,,
2026-01-06 05:35:11.943000+00:00,2026-01-06 05:35:12.053734+00:00,311.943,0.185,0.18,0.19,0.815,0.81,0.82,,,,
2026-01-06 05:35:12.959000+00:00,2026-01-06 05:35:13.051877+00:00,312.959,0.205,0.2,0.21,0.795,0.79,0.8,,,,
2026-01-06 05:35:13.977000+00:00,2026-01-06 05:35:14.072358+00:00,313.977,0.215,0.21,0.22,0.785,0.78,0.79,,,,
2026-01-06 05:35:14.996000+00:00,2026-01-06 05:35:15.080901+00:00,314.996,0.215,0.2,0.23,0.78,0.77,0.79,,,,
2026-01-06 05:35:15.993000+00:00,2026-01-06 05:35:16.082349+00:00,315.993,0.225,0.22,0.23,0.78,0.77,0.79,,,,
2026-01-06 05:35:16.986000+00:00,2026-01-06 05:35:17.078841+00:00,316.986,0.215,0.21,0.22,0.795,0.79,0.8,,,,
2026-01-06 05:35:18.999000+00:00,2026-01-06 05:35:19.114298+00:00,318.999,0.22,0.21,0.23,0.78,0.77,0.79,,,,
2026-01-06 05:35:20.026000+00:00,2026-01-06 05:35:20.129165+00:00,320.026,0.225,0.22,0.23,0.775,0.77,0.78,,,,
2026-01-06 05:35:21.037000+00:00,2026-01-06 05:35:21.137258+00:00,321.037,0.22,0.21,0.23,0.78,0.77,0.79,,,,
2026-01-06 05:35:22.044000+00:00,2026-01-06 05:35:22.148017+00:00,322.044,0.22,0.21,0.23,0.78,0.77,0.79,,,,
2026-01-06 05:35:23.013000+00:00,2026-01-06 05:35:23.164616+00:00,323.013,0.22,0.21,0.23,0.78,0.77,0.79,,,,
2026-01-06 05:35:24.059000+00:00,2026-01-06 05:35:24.167937+00:00,324.059,0.22,0.21,0.23,0.78,0.77,0.79,,,,
2026-01-06 05:35:25.901000+00:00,2026-01-06 05:35:26.189553+00:00,325.901,0.225,0.22,0.23,0.775,0.77,0.78,,,,
2026-01-06 05:35:27.119000+00:00,2026-01-06 05:35:27.201525+00:00,327.119,0.225,0.22,0.23,0.775,0.77,0.78,,,,
2026-01-06 05:35:28.124000+00:00,2026-01-06 05:35:28.212945+00:00,328.124,0.24,0.23,0.25,0.76,0.75,0.77,,,,
2026-01-06 05:35:29.957000+00:00,2026-01-06 05:35:30.222064+00:00,329.957,0.2299999999999999,0.22,0.24,0.765,0.76,0.77,,,,
2026-01-06 05:35:31.117000+00:00,2026-01-06 05:35:31.230092+00:00,331.117,0.2249999999999999,0.21,0.24,0.775,0.76,0.79,,,,
2026-01-06 05:35:32.059000+00:00,2026-01-06 05:35:32.246963+00:00,332.059,0.225,0.22,0.23,0.775,0.77,0.78,,,,
2026-01-06 05:35:33.167000+00:00,2026-01-06 05:35:33.263277+00:00,333.167,0.265,0.26,0.27,0.735,0.73,0.74,,,,
2026-01-06 05:35:34.146000+00:00,2026-01-06 05:35:34.266912+00:00,334.146,0.27,0.26,0.28,0.73,0.72,0.74,,,,
2026-01-06 05:35:35.158000+00:00,2026-01-06 05:35:35.265380+00:00,335.158,0.275,0.27,0.28,0.725,0.72,0.73,,,,
2026-01-06 05:35:36.056000+00:00,2026-01-06 05:35:36.264139+00:00,336.056,0.275,0.27,0.28,0.725,0.72,0.73,,,,
2026-01-06 05:35:37.195000+00:00,2026-01-06 05:35:37.281695+00:00,337.195,0.29,0.28,0.3,0.705,0.7,0.71,,,,
2026-01-06 05:35:38.184000+00:00,2026-01-06 05:35:38.297786+00:00,338.184,0.29,0.28,0.3,0.725,0.72,0.73,,,,
2026-01-06 05:35:39.209000+00:00,2026-01-06 05:35:39.302631+00:00,339.209,0.25,0.24,0.26,0.755,0.75,0.76,,,,
2026-01-06 05:35:40.230000+00:00,2026-01-06 05:35:40.319333+00:00,340.23,0.265,0.26,0.27,0.71,0.7,0.72,,,,
2026-01-06 05:35:41.242000+00:00,2026-01-06 05:35:41.336306+00:00,341.242,0.285,0.28,0.29,0.72,0.71,0.73,,,,
2026-01-06 05:35:42.259000+00:00,2026-01-06 05:35:42.339759+00:00,342.259,0.28,0.27,0.29,0.72,0.71,0.73,,,,
2026-01-06 05:35:43.216000+00:00,2026-01-06 05:35:43.345933+00:00,343.216,0.28,0.27,0.29,0.72,0.71,0.73,,,,
2026-01-06 05:35:44.058000+00:00,2026-01-06 05:35:44.352732+00:00,344.058,0.28,0.27,0.29,0.72,0.71,0.73,,,,
2026-01-06 05:35:45.282000+00:00,2026-01-06 05:35:45.370588+00:00,345.282,0.285,0.28,0.29,0.715,0.71,0.72,,,,
2026-01-06 05:35:46.300000+00:00,2026-01-06 05:35:46.386317+00:00,346.3,0.415,0.41,0.42,0.585,0.58,0.59,,,,
2026-01-06 05:35:47.290000+00:00,2026-01-06 05:35:47.402595+00:00,347.29,0.365,0.36,0.37,0.635,0.63,0.64,,,,
2026-01-06 05:35:48.325000+00:00,2026-01-06 05:35:48.417786+00:00,348.325,0.375,0.37,0.38,0.625,0.62,0.63,,,,
2026-01-06 05:35:49.144000+00:00,2026-01-06 05:35:49.436919+00:00,349.144,0.37,0.36,0.38,0.63,0.62,0.64,,,,
2026-01-06 05:35:50.349000+00:00,2026-01-06 05:35:50.451865+00:00,350.349,0.365,0.36,0.37,0.635,0.63,0.64,,,,
2026-01-06 05:35:51.285000+00:00,2026-01-06 05:35:51.454035+00:00,351.285,0.345,0.34,0.35,0.655,0.65,0.66,,,,
2026-01-06 05:35:52.362000+00:00,2026-01-06 05:35:52.467299+00:00,352.362,0.37,0.36,0.38,0.635,0.63,0.64,,,,
2026-01-06 05:35:53.339000+00:00,2026-01-06 05:35:53.485539+00:00,353.339,0.375,0.37,0.38,0.625,0.62,0.63,,,,
2026-01-06 05:35:54.352000+00:00,2026-01-06 05:35:54.502114+00:00,354.352,0.37,0.36,0.38,0.63,0.62,0.64,,,,
2026-01-06 05:35:55.433000+00:00,2026-01-06 05:35:55.521846+00:00,355.433,0.365,0.36,0.37,0.625,0.62,0.63,,,,
2026-01-06 05:35:56.441000+00:00,2026-01-06 05:35:56.536156+00:00,356.441,0.385,0.38,0.39,0.62,0.61,0.63,,,,
2026-01-06 05:35:57.386000+00:00,2026-01-06 05:35:57.529217+00:00,357.386,0.385,0.38,0.39,0.615,0.61,0.62,,,,
2026-01-06 05:35:58.457000+00:00,2026-01-06 05:35:58.528306+00:00,358.457,0.4,0.39,0.41,0.6,0.59,0.61,,,,
2026-01-06 05:35:59.451000+00:00,2026-01-06 05:35:59.539271+00:00,359.451,0.405,0.4,0.41,0.595,0.59,0.6,,,,
2026-01-06 05:36:00.293000+00:00,2026-01-06 05:36:00.537254+00:00,360.293,0.405,0.4,0.41,0.595,0.59,0.6,,,,
2026-01-06 05:36:01.442000+00:00,2026-01-06 05:36:01.552679+00:00,361.442,0.405,0.4,0.41,0.595,0.59,0.6,,,,
2026-01-06 05:36:02.469000+00:00,2026-01-06 05:36:02.554058+00:00,362.469,0.385,0.38,0.39,0.615,0.61,0.62,,,,
2026-01-06 05:36:03.228000+00:00,2026-01-06 05:36:03.562965+00:00,363.228,0.395,0.39,0.4,0.605,0.6,0.61,,,,
2026-01-06 05:36:04.385000+00:00,2026-01-06 05:36:04.562467+00:00,364.385,0.395,0.39,0.4,0.605,0.6,0.61,,,,
2026-01-06 05:36:05.470000+00:00,2026-01-06 05:36:05.570103+00:00,365.47,0.43,0.42,0.44,0.5700000000000001,0.56,0.58,,,,
2026-01-06 05:36:06.501000+00:00,2026-01-06 05:36:06.583771+00:00,366.501,0.415,0.41,0.42,0.585,0.58,0.59,,,,
2026-01-06 05:36:07.474000+00:00,2026-01-06 05:36:07.601021+00:00,367.474,0.405,0.4,0.41,0.595,0.59,0.6,,,,
2026-01-06 05:36:08.522000+00:00,2026-01-06 05:36:08.603043+00:00,368.522,0.405,0.4,0.41,0.595,0.59,0.6,,,,
2026-01-06 05:36:09.524000+00:00,2026-01-06 05:36:09.618934+00:00,369.524,0.42,0.41,0.43,0.58,0.57,0.59,,,,
2026-01-06 05:36:10.418000+00:00,2026-01-06 05:36:10.616522+00:00,370.418,0.42,0.41,0.43,0.58,0.57,0.59,,,,
2026-01-06 05:36:11.525000+00:00,2026-01-06 05:36:11.634653+00:00,371.525,0.425,0.42,0.43,0.575,0.57,0.58,,,,
2026-01-06 05:36:12.538000+00:00,2026-01-06 05:36:12.645960+00:00,372.538,0.395,0.39,0.4,0.605,0.6,0.61,,,,
2026-01-06 05:36:13.455000+00:00,2026-01-06 05:36:13.649437+00:00,373.455,0.395,0.39,0.4,0.605,0.6,0.61,,,,
2026-01-06 05:36:14.424000+00:00,2026-01-06 05:36:14.650288+00:00,374.424,0.395,0.39,0.4,0.605,0.6,0.61,,,,
2026-01-06 05:36:15.563000+00:00,2026-01-06 05:36:15.653725+00:00,375.563,0.395,0.39,0.4,0.605,0.6,0.61,,,,
2026-01-06 05:36:16.458000+00:00,2026-01-06 05:36:16.667029+00:00,376.458,0.395,0.39,0.4,0.605,0.6,0.61,,,,
2026-01-06 05:36:17.581000+00:00,2026-01-06 05:36:17.678206+00:00,377.581,0.395,0.39,0.4,0.605,0.6,0.61,,,,
2026-01-06 05:36:18.578000+00:00,2026-01-06 05:36:18.678021+00:00,378.578,0.395,0.39,0.4,0.615,0.61,0.62,,,,
2026-01-06 05:36:19.554000+00:00,2026-01-06 05:36:19.685480+00:00,379.554,0.355,0.35,0.36,0.645,0.64,0.65,,,,
2026-01-06 05:36:20.567000+00:00,2026-01-06 05:36:20.685623+00:00,380.567,0.355,0.35,0.36,0.645,0.64,0.65,,,,
2026-01-06 05:36:21.544000+00:00,2026-01-06 05:36:21.693963+00:00,381.544,0.365,0.36,0.37,0.635,0.63,0.64,,,,
2026-01-06 05:36:22.613000+00:00,2026-01-06 05:36:22.703674+00:00,382.613,0.345,0.34,0.35,0.675,0.67,0.68,,,,
2026-01-06 05:36:23.626000+00:00,2026-01-06 05:36:23.719430+00:00,383.626,0.305,0.3,0.31,0.695,0.69,0.7,,,,
2026-01-06 05:36:24.636000+00:00,2026-01-06 05:36:24.727724+00:00,384.636,0.305,0.3,0.31,0.705,0.7,0.71,,,,
2026-01-06 05:36:25.654000+00:00,2026-01-06 05:36:25.747357+00:00,385.654,0.3,0.29,0.31,0.7,0.69,0.71,,,,
2026-01-06 05:36:26.661000+00:00,2026-01-06 05:36:26.766741+00:00,386.661,0.295,0.28,0.31,0.705,0.69,0.72,,,,
2026-01-06 05:36:27.608000+00:00,2026-01-06 05:36:27.780481+00:00,387.608,0.29,0.28,0.3,0.71,0.7,0.72,,,,
2026-01-06 05:36:28.665000+00:00,2026-01-06 05:36:28.780717+00:00,388.665,0.29,0.28,0.3,0.71,0.7,0.72,,,,
2026-01-06 05:36:29.549000+00:00,2026-01-06 05:36:29.778085+00:00,389.549,0.29,0.28,0.3,0.715,0.71,0.72,,,,
2026-01-06 05:36:30.697000+00:00,2026-01-06 05:36:30.799070+00:00,390.697,0.28,0.27,0.29,0.72,0.71,0.73,,,,
2026-01-06 05:36:31.694000+00:00,2026-01-06 05:36:31.818415+00:00,391.694,0.285,0.28,0.29,0.715,0.71,0.72,,,,
2026-01-06 05:36:32.686000+00:00,2026-01-06 05:36:32.817323+00:00,392.686,0.285,0.28,0.29,0.715,0.71,0.72,,,,
2026-01-06 05:36:33.742000+00:00,2026-01-06 05:36:33.828344+00:00,393.742,0.29,0.28,0.3,0.71,0.7,0.72,,,,
2026-01-06 05:36:34.742000+00:00,2026-01-06 05:36:34.831766+00:00,394.742,0.29,0.28,0.3,0.71,0.7,0.72,,,,
2026-01-06 05:36:35.730000+00:00,2026-01-06 05:36:35.848933+00:00,395.73,0.3,0.29,0.31,0.7,0.69,0.71,,,,
2026-01-06 05:36:36.732000+00:00,2026-01-06 05:36:36.843830+00:00,396.732,0.295,0.28,0.31,0.705,0.69,0.72,,,,
2026-01-06 05:36:37.742000+00:00,2026-01-06 05:36:37.858750+00:00,397.742,0.295,0.28,0.31,0.705,0.69,0.72,,,,
2026-01-06 05:36:38.735000+00:00,2026-01-06 05:36:38.861892+00:00,398.735,0.295,0.28,0.31,0.705,0.69,0.72,,,,
2026-01-06 05:36:39.695000+00:00,2026-01-06 05:36:39.863925+00:00,399.695,0.295,0.28,0.31,0.705,0.69,0.72,,,,
2026-01-06 05:36:40.706000+00:00,2026-01-06 05:36:40.877713+00:00,400.706,0.3,0.29,0.31,0.7,0.69,0.71,,,,
2026-01-06 05:36:41.744000+00:00,2026-01-06 05:36:41.881267+00:00,401.744,0.3,0.29,0.31,0.7,0.69,0.71,,,,
2026-01-06 05:36:42.770000+00:00,2026-01-06 05:36:42.878394+00:00,402.77,0.3,0.29,0.31,0.7,0.69,0.71,,,,
2026-01-06 05:36:43.709000+00:00,2026-01-06 05:36:43.878037+00:00,403.709,0.3,0.29,0.31,0.7,0.69,0.71,,,,
2026-01-06 05:36:44.795000+00:00,2026-01-06 05:36:44.885085+00:00,404.795,0.3,0.29,0.31,0.705,0.7,0.71,,,,
2026-01-06 05:36:45.722000+00:00,2026-01-06 05:36:45.883243+00:00,405.722,0.295,0.29,0.3,0.705,0.7,0.71,,,,
2026-01-06 05:36:46.786000+00:00,2026-01-06 05:36:46.899856+00:00,406.786,0.3,0.29,0.31,0.7,0.69,0.71,,,,
2026-01-06 05:36:47.842000+00:00,2026-01-06 05:36:47.913697+00:00,407.842,0.285,0.28,0.29,0.715,0.71,0.72,,,,
2026-01-06 05:36:48.737000+00:00,2026-01-06 05:36:48.915962+00:00,408.737,0.275,0.27,0.28,0.725,0.72,0.73,,,,
2026-01-06 05:36:49.832000+00:00,2026-01-06 05:36:49.926579+00:00,409.832,0.26,0.25,0.27,0.74,0.73,0.75,,,,
2026-01-06 05:36:50.834000+00:00,2026-01-06 05:36:50.933518+00:00,410.834,0.245,0.23,0.26,0.755,0.74,0.77,,,,
2026-01-06 05:36:51.855000+00:00,2026-01-06 05:36:51.949421+00:00,411.855,0.225,0.22,0.23,0.775,0.77,0.78,,,,
2026-01-06 05:36:52.878000+00:00,2026-01-06 05:36:52.967387+00:00,412.878,0.2,0.19,0.21,0.8,0.79,0.81,,,,
2026-01-06 05:36:53.866000+00:00,2026-01-06 05:36:53.983879+00:00,413.866,0.2,0.19,0.21,0.8,0.79,0.81,,,,
2026-01-06 05:36:54.884000+00:00,2026-01-06 05:36:54.998933+00:00,414.884,0.22,0.21,0.23,0.78,0.77,0.79,,,,
2026-01-06 05:36:55.852000+00:00,2026-01-06 05:36:56.001288+00:00,415.852,0.22,0.21,0.23,0.78,0.77,0.79,,,,
2026-01-06 05:36:56.883000+00:00,2026-01-06 05:36:57.010437+00:00,416.883,0.22,0.21,0.23,0.78,0.77,0.79,,,,
2026-01-06 05:36:57.730000+00:00,2026-01-06 05:36:58.014142+00:00,417.73,0.21,0.2,0.22,0.79,0.78,0.8,,,,
2026-01-06 05:36:58.924000+00:00,2026-01-06 05:36:59.017060+00:00,418.924,0.22,0.21,0.23,0.78,0.77,0.79,,,,
2026-01-06 05:36:59.892000+00:00,2026-01-06 05:37:00.018548+00:00,419.892,0.225,0.22,0.23,0.775,0.77,0.78,,,,
2026-01-06 05:37:00.906000+00:00,2026-01-06 05:37:01.016989+00:00,420.906,0.24,0.23,0.25,0.76,0.75,0.77,,,,
2026-01-06 05:37:01.945000+00:00,2026-01-06 05:37:02.033699+00:00,421.945,0.235,0.23,0.24,0.765,0.76,0.77,,,,
2026-01-06 05:37:02.914000+00:00,2026-01-06 05:37:03.027062+00:00,422.914,0.235,0.23,0.24,0.765,0.76,0.77,,,,
2026-01-06 05:37:03.943000+00:00,2026-01-06 05:37:04.017046+00:00,423.943,0.235,0.23,0.24,0.755,0.75,0.76,,,,
2026-01-06 05:37:04.870000+00:00,2026-01-06 05:37:05.018140+00:00,424.87,0.24,0.23,0.25,0.76,0.75,0.77,,,,
2026-01-06 05:37:05.714000+00:00,2026-01-06 05:37:06.016415+00:00,425.714,0.24,0.23,0.25,0.76,0.75,0.77,,,,
2026-01-06 05:37:06.939000+00:00,2026-01-06 05:37:07.020064+00:00,426.939,0.24,0.23,0.25,0.76,0.75,0.77,,,,
2026-01-06 05:37:07.783000+00:00,2026-01-06 05:37:08.032011+00:00,427.783,0.24,0.23,0.25,0.76,0.75,0.77,,,,
2026-01-06 05:37:08.911000+00:00,2026-01-06 05:37:09.036257+00:00,428.911,0.235,0.23,0.24,0.765,0.76,0.77,,,,
2026-01-06 05:37:09.914000+00:00,2026-01-06 05:37:10.048690+00:00,429.914,0.235,0.23,0.24,0.765,0.76,0.77,,,,
2026-01-06 05:37:10.942000+00:00,2026-01-06 05:37:11.050342+00:00,430.942,0.225,0.22,0.23,0.775,0.77,0.78,,,,
2026-01-06 05:37:11.959000+00:00,2026-01-06 05:37:12.056292+00:00,431.959,0.225,0.22,0.23,0.785,0.78,0.79,,,,
2026-01-06 05:37:12.955000+00:00,2026-01-06 05:37:13.059532+00:00,432.955,0.215,0.21,0.22,0.785,0.78,0.79,,,,
2026-01-06 05:37:13.990000+00:00,2026-01-06 05:37:14.076134+00:00,433.99,0.235,0.23,0.24,0.765,0.76,0.77,,,,
2026-01-06 05:37:14.985000+00:00,2026-01-06 05:37:15.092958+00:00,434.985,0.215,0.21,0.22,0.785,0.78,0.79,,,,
2026-01-06 05:37:15.886000+00:00,2026-01-06 05:37:16.094909+00:00,435.886,0.215,0.21,0.22,0.785,0.78,0.79,,,,
2026-01-06 05:37:16.895000+00:00,2026-01-06 05:37:17.096336+00:00,436.895,0.215,0.21,0.22,0.785,0.78,0.79,,,,
2026-01-06 05:37:17.958000+00:00,2026-01-06 05:37:18.109085+00:00,437.958,0.215,0.21,0.22,0.785,0.78,0.79,,,,
2026-01-06 05:37:18.930000+00:00,2026-01-06 05:37:19.133057+00:00,438.93,0.22,0.21,0.23,0.78,0.77,0.79,,,,
2026-01-06 05:37:19.801000+00:00,2026-01-06 05:37:20.142113+00:00,439.801,0.22,0.21,0.23,0.78,0.77,0.79,,,,
2026-01-06 05:37:21.001000+00:00,2026-01-06 05:37:21.141191+00:00,441.001,0.22,0.21,0.23,0.785,0.78,0.79,,,,
2026-01-06 05:37:22.035000+00:00,2026-01-06 05:37:22.136789+00:00,442.035,0.215,0.21,0.22,0.785,0.78,0.79,,,,
2026-01-06 05:37:23.768000+00:00,2026-01-06 05:37:24.156051+00:00,443.768,0.215,0.21,0.22,0.785,0.78,0.79,,,,
2026-01-06 05:37:25.049000+00:00,2026-01-06 05:37:25.175020+00:00,445.049,0.215,0.21,0.22,0.785,0.78,0.79,,,,
2026-01-06 05:37:26.033000+00:00,2026-01-06 05:37:26.182071+00:00,446.033,0.215,0.21,0.22,0.785,0.78,0.79,,,,
2026-01-06 05:37:27.103000+00:00,2026-01-06 05:37:27.199000+00:00,447.103,0.205,0.2,0.21,0.795,0.79,0.8,,,,
2026-01-06 05:37:28.105000+00:00,2026-01-06 05:37:28.208710+00:00,448.105,0.195,0.19,0.2,0.805,0.8,0.81,,,,
2026-01-06 05:37:29.114000+00:00,2026-01-06 05:37:29.207750+00:00,449.114,0.195,0.19,0.2,0.805,0.8,0.81,,,,
2026-01-06 05:37:30.036000+00:00,2026-01-06 05:37:30.222880+00:00,450.036,0.19,0.18,0.2,0.81,0.8,0.82,,,,
2026-01-06 05:37:31.113000+00:00,2026-01-06 05:37:31.225893+00:00,451.113,0.185,0.18,0.19,0.815,0.81,0.82,,,,
2026-01-06 05:37:32.916000+00:00,2026-01-06 05:37:33.247963+00:00,452.916,0.185,0.18,0.19,0.815,0.81,0.82,,,,
2026-01-06 05:37:33.970000+00:00,2026-01-06 05:37:34.262409+00:00,453.97,0.185,0.18,0.19,0.815,0.81,0.82,,,,
2026-01-06 05:37:35.175000+00:00,2026-01-06 05:37:35.283807+00:00,455.175,0.185,0.18,0.19,0.84,0.82,0.86,,,,
2026-01-06 05:37:36.208000+00:00,2026-01-06 05:37:36.299863+00:00,456.208,0.145,0.14,0.15,0.855,0.85,0.86,,,,
2026-01-06 05:37:37.193000+00:00,2026-01-06 05:37:37.313606+00:00,457.193,0.145,0.14,0.15,0.855,0.85,0.86,,,,
2026-01-06 05:37:38.193000+00:00,2026-01-06 05:37:38.316593+00:00,458.193,0.145,0.14,0.15,0.855,0.85,0.86,,,,
2026-01-06 05:37:39.199000+00:00,2026-01-06 05:37:39.315937+00:00,459.199,0.145,0.14,0.15,0.855,0.85,0.86,,,,
2026-01-06 05:37:40.213000+00:00,2026-01-06 05:37:40.317023+00:00,460.213,0.145,0.14,0.15,0.855,0.85,0.86,,,,
2026-01-06 05:37:41.199000+00:00,2026-01-06 05:37:41.315191+00:00,461.199,0.145,0.14,0.15,0.855,0.85,0.86,,,,
2026-01-06 05:37:42.144000+00:00,2026-01-06 05:37:42.331847+00:00,462.144,0.145,0.14,0.15,0.855,0.85,0.86,,,,
2026-01-06 05:37:43.248000+00:00,2026-01-06 05:37:43.336640+00:00,463.248,0.145,0.14,0.15,0.855,0.85,0.86,,,,
2026-01-06 05:37:44.139000+00:00,2026-01-06 05:37:44.341858+00:00,464.139,0.145,0.14,0.15,0.855,0.85,0.86,,,,
2026-01-06 05:37:45.244000+00:00,2026-01-06 05:37:45.350114+00:00,465.244,0.145,0.14,0.15,0.855,0.85,0.86,,,,
2026-01-06 05:37:46.262000+00:00,2026-01-06 05:37:46.356960+00:00,466.262,0.14,0.13,0.15,0.86,0.85,0.87,,,,
2026-01-06 05:37:47.239000+00:00,2026-01-06 05:37:47.370131+00:00,467.239,0.15,0.14,0.16,0.85,0.84,0.86,,,,
2026-01-06 05:37:48.202000+00:00,2026-01-06 05:37:48.385944+00:00,468.202,0.15,0.14,0.16,0.85,0.84,0.86,,,,
2026-01-06 05:37:49.221000+00:00,2026-01-06 05:37:49.399571+00:00,469.221,0.145,0.14,0.15,0.855,0.85,0.86,,,,
2026-01-06 05:37:50.303000+00:00,2026-01-06 05:37:50.397465+00:00,470.303,0.145,0.14,0.15,0.875,0.87,0.88,,,,
2026-01-06 05:37:51.322000+00:00,2026-01-06 05:37:51.404158+00:00,471.322,0.1149999999999999,0.11,0.12,0.885,0.88,0.89,,,,
2026-01-06 05:37:52.253000+00:00,2026-01-06 05:37:52.429600+00:00,472.253,0.1149999999999999,0.11,0.12,0.885,0.88,0.89,,,,
2026-01-06 05:37:53.293000+00:00,2026-01-06 05:37:53.438078+00:00,473.293,0.1149999999999999,0.11,0.12,0.885,0.88,0.89,,,,
2026-01-06 05:37:54.292000+00:00,2026-01-06 05:37:54.435334+00:00,474.292,0.125,0.12,0.13,0.88,0.87,0.89,,,,
2026-01-06 05:37:55.355000+00:00,2026-01-06 05:37:55.447444+00:00,475.355,0.1149999999999999,0.11,0.12,0.885,0.88,0.89,,,,
2026-01-06 05:37:56.197000+00:00,2026-01-06 05:37:56.450170+00:00,476.197,0.12,0.11,0.13,0.88,0.87,0.89,,,,
2026-01-06 05:37:57.337000+00:00,2026-01-06 05:37:57.464452+00:00,477.337,0.12,0.11,0.13,0.88,0.87,0.89,,,,
2026-01-06 05:37:58.192000+00:00,2026-01-06 05:37:58.466361+00:00,478.192,0.12,0.11,0.13,0.88,0.87,0.89,,,,
2026-01-06 05:37:59.309000+00:00,2026-01-06 05:37:59.468473+00:00,479.309,0.12,0.11,0.13,0.88,0.87,0.89,,,,
2026-01-06 05:38:00.262000+00:00,2026-01-06 05:38:00.466453+00:00,480.262,0.12,0.11,0.13,0.88,0.87,0.89,,,,
2026-01-06 05:38:01.345000+00:00,2026-01-06 05:38:01.481343+00:00,481.345,0.12,0.11,0.13,0.88,0.87,0.89,,,,
2026-01-06 05:38:02.396000+00:00,2026-01-06 05:38:02.484281+00:00,482.396,0.12,0.11,0.13,0.88,0.87,0.89,,,,
2026-01-06 05:38:03.284000+00:00,2026-01-06 05:38:03.474647+00:00,483.284,0.1149999999999999,0.11,0.12,0.895,0.89,0.9,,,,
2026-01-06 05:38:04.300000+00:00,2026-01-06 05:38:04.474353+00:00,484.3,0.105,0.1,0.11,0.895,0.89,0.9,,,,
2026-01-06 05:38:05.212000+00:00,2026-01-06 05:38:05.496829+00:00,485.212,0.105,0.1,0.11,0.895,0.89,0.9,,,,
2026-01-06 05:38:06.381000+00:00,2026-01-06 05:38:06.496537+00:00,486.381,0.105,0.1,0.11,0.895,0.89,0.9,,,,
2026-01-06 05:38:07.422000+00:00,2026-01-06 05:38:07.515083+00:00,487.422,0.105,0.1,0.11,0.895,0.89,0.9,,,,
2026-01-06 05:38:08.427000+00:00,2026-01-06 05:38:08.516750+00:00,488.427,0.095,0.09,0.1,0.905,0.9,0.91,,,,
2026-01-06 05:38:09.415000+00:00,2026-01-06 05:38:09.531364+00:00,489.415,0.095,0.09,0.1,0.905,0.9,0.91,,,,
2026-01-06 05:38:10.409000+00:00,2026-01-06 05:38:10.545914+00:00,490.409,0.095,0.09,0.1,0.905,0.9,0.91,,,,
2026-01-06 05:38:11.402000+00:00,2026-01-06 05:38:11.543517+00:00,491.402,0.0849999999999999,0.08,0.09,0.915,0.91,0.92,,,,
2026-01-06 05:38:12.395000+00:00,2026-01-06 05:38:12.565215+00:00,492.395,0.0849999999999999,0.08,0.09,0.915,0.91,0.92,,,,
2026-01-06 05:38:13.321000+00:00,2026-01-06 05:38:13.577685+00:00,493.321,0.09,0.08,0.1,0.915,0.91,0.92,,,,
2026-01-06 05:38:14.486000+00:00,2026-01-06 05:38:14.577741+00:00,494.486,0.09,0.08,0.1,0.91,0.9,0.92,,,,
2026-01-06 05:38:15.430000+00:00,2026-01-06 05:38:15.580528+00:00,495.43,0.09,0.08,0.1,0.915,0.91,0.92,,,,
2026-01-06 05:38:16.493000+00:00,2026-01-06 05:38:16.596687+00:00,496.493,0.0849999999999999,0.08,0.09,0.915,0.91,0.92,,,,
2026-01-06 05:38:17.019000+00:00,2026-01-06 05:38:17.596990+00:00,497.019,0.0849999999999999,0.08,0.09,0.915,0.91,0.92,,,,
2026-01-06 05:38:18.494000+00:00,2026-01-06 05:38:18.594753+00:00,498.494,0.0849999999999999,0.08,0.09,0.915,0.91,0.92,,,,
2026-01-06 05:38:19.501000+00:00,2026-01-06 05:38:19.614067+00:00,499.501,0.09,0.08,0.1,0.91,0.9,0.92,,,,
2026-01-06 05:38:20.605000+00:00,2026-01-06 05:38:20.615648+00:00,500.605,0.0849999999999999,0.08,0.09,0.915,0.91,0.92,,,,
2026-01-06 05:38:21.562000+00:00,2026-01-06 05:38:21.623657+00:00,501.562,0.105,0.1,0.11,0.895,0.89,0.9,,,,
2026-01-06 05:38:22.531000+00:00,2026-01-06 05:38:22.642057+00:00,502.531,0.11,0.1,0.12,0.89,0.88,0.9,,,,
2026-01-06 05:38:23.559000+00:00,2026-01-06 05:38:23.648239+00:00,503.559,0.11,0.1,0.12,0.89,0.88,0.9,,,,
2026-01-06 05:38:24.554000+00:00,2026-01-06 05:38:24.644297+00:00,504.554,0.1149999999999999,0.11,0.12,0.885,0.88,0.89,,,,
2026-01-06 05:38:25.407000+00:00,2026-01-06 05:38:25.641530+00:00,505.407,0.125,0.12,0.13,0.875,0.87,0.88,,,,
2026-01-06 05:38:26.642000+00:00,2026-01-06 05:38:26.638262+00:00,506.642,0.125,0.12,0.13,0.87,0.86,0.88,,,,
2026-01-06 05:38:27.459000+00:00,2026-01-06 05:38:27.640534+00:00,507.459,0.13,0.12,0.14,0.865,0.86,0.87,,,,
2026-01-06 05:38:28.472000+00:00,2026-01-06 05:38:28.641414+00:00,508.472,0.13,0.12,0.14,0.87,0.86,0.88,,,,
2026-01-06 05:38:29.841000+00:00,2026-01-06 05:38:30.658330+00:00,509.841,0.125,0.12,0.13,0.875,0.87,0.88,,,,
2026-01-06 05:38:31.560000+00:00,2026-01-06 05:38:31.654229+00:00,511.56,0.125,0.12,0.13,0.875,0.87,0.88,,,,
2026-01-06 05:38:32.564000+00:00,2026-01-06 05:38:32.674084+00:00,512.564,0.135,0.13,0.14,0.865,0.86,0.87,,,,
2026-01-06 05:38:33.496000+00:00,2026-01-06 05:38:33.673556+00:00,513.496,0.135,0.13,0.14,0.865,0.86,0.87,,,,
2026-01-06 05:38:34.563000+00:00,2026-01-06 05:38:34.674749+00:00,514.563,0.125,0.12,0.13,0.875,0.87,0.88,,,,
2026-01-06 05:38:35.590000+00:00,2026-01-06 05:38:35.696072+00:00,515.59,0.135,0.13,0.14,0.87,0.86,0.88,,,,
2026-01-06 05:38:36.620000+00:00,2026-01-06 05:38:36.708652+00:00,516.62,0.13,0.12,0.14,0.87,0.86,0.88,,,,
2026-01-06 05:38:37.485000+00:00,2026-01-06 05:38:37.716009+00:00,517.485,0.13,0.12,0.14,0.87,0.86,0.88,,,,
2026-01-06 05:38:38.651000+00:00,2026-01-06 05:38:38.740576+00:00,518.651,0.125,0.12,0.13,0.875,0.87,0.88,,,,
2026-01-06 05:38:39.620000+00:00,2026-01-06 05:38:39.751214+00:00,519.62,0.09,0.08,0.1,0.91,0.9,0.92,,,,
2026-01-06 05:38:40.639000+00:00,2026-01-06 05:38:40.764321+00:00,520.639,0.0849999999999999,0.08,0.09,0.915,0.91,0.92,,,,
2026-01-06 05:38:41.571000+00:00,2026-01-06 05:38:41.782994+00:00,521.571,0.09,0.08,0.1,0.91,0.9,0.92,,,,
2026-01-06 05:38:42.701000+00:00,2026-01-06 05:38:42.788964+00:00,522.701,0.105,0.1,0.11,0.895,0.89,0.9,,,,
2026-01-06 05:38:43.718000+00:00,2026-01-06 05:38:43.806084+00:00,523.718,0.105,0.1,0.11,0.895,0.89,0.9,,,,
2026-01-06 05:38:44.657000+00:00,2026-01-06 05:38:44.826809+00:00,524.657,0.11,0.1,0.12,0.89,0.88,0.9,,,,
2026-01-06 05:38:45.761000+00:00,2026-01-06 05:38:45.838427+00:00,525.761,0.095,0.09,0.1,0.905,0.9,0.91,,,,
2026-01-06 05:38:46.749000+00:00,2026-01-06 05:38:46.845519+00:00,526.749,0.0849999999999999,0.08,0.09,0.915,0.91,0.92,,,,
2026-01-06 05:38:47.200000+00:00,2026-01-06 05:38:47.846891+00:00,527.2,0.09,0.08,0.1,0.91,0.9,0.92,,,,
2026-01-06 05:38:48.766000+00:00,2026-01-06 05:38:48.856416+00:00,528.766,0.095,0.09,0.1,0.905,0.9,0.91,,,,
2026-01-06 05:38:49.633000+00:00,2026-01-06 05:38:49.872963+00:00,529.633,0.09,0.08,0.1,0.91,0.9,0.92,,,,
2026-01-06 05:38:50.780000+00:00,2026-01-06 05:38:50.879877+00:00,530.78,0.0849999999999999,0.08,0.09,0.915,0.91,0.92,,,,
2026-01-06 05:38:51.804000+00:00,2026-01-06 05:38:51.888085+00:00,531.804,0.0849999999999999,0.08,0.09,0.915,0.91,0.92,,,,
2026-01-06 05:38:52.686000+00:00,2026-01-06 05:38:52.890311+00:00,532.686,0.0849999999999999,0.08,0.09,0.915,0.91,0.92,,,,
2026-01-06 05:38:53.806000+00:00,2026-01-06 05:38:53.889813+00:00,533.806,0.0849999999999999,0.08,0.09,0.915,0.91,0.92,,,,
2026-01-06 05:38:54.798000+00:00,2026-01-06 05:38:54.899193+00:00,534.798,0.0849999999999999,0.08,0.09,0.92,0.91,0.93,,,,
2026-01-06 05:38:55.767000+00:00,2026-01-06 05:38:55.908602+00:00,535.767,0.075,0.07,0.08,0.925,0.92,0.93,,,,
2026-01-06 05:38:56.763000+00:00,2026-01-06 05:38:56.906194+00:00,536.763,0.075,0.07,0.08,0.925,0.92,0.93,,,,
2026-01-06 05:38:57.536000+00:00,2026-01-06 05:38:57.904960+00:00,537.536,0.075,0.07,0.08,0.925,0.92,0.93,,,,
2026-01-06 05:38:58.691000+00:00,2026-01-06 05:38:58.905727+00:00,538.691,0.075,0.07,0.08,0.925,0.92,0.93,,,,
2026-01-06 05:38:59.610000+00:00,2026-01-06 05:38:59.911805+00:00,539.61,0.075,0.07,0.08,0.925,0.92,0.93,,,,
2026-01-06 05:39:00.750000+00:00,2026-01-06 05:39:00.921748+00:00,540.75,0.075,0.07,0.08,0.925,0.92,0.93,,,,
2026-01-06 05:39:01.811000+00:00,2026-01-06 05:39:01.922084+00:00,541.811,0.065,0.06,0.07,0.935,0.93,0.94,,,,
2026-01-06 05:39:02.833000+00:00,2026-01-06 05:39:02.923165+00:00,542.833,0.075,0.07,0.08,0.925,0.92,0.93,,,,
2026-01-06 05:39:03.830000+00:00,2026-01-06 05:39:03.931393+00:00,543.83,0.065,0.06,0.07,0.935,0.93,0.94,,,,
2026-01-06 05:39:04.823000+00:00,2026-01-06 05:39:04.938626+00:00,544.823,0.065,0.06,0.07,0.935,0.93,0.94,,,,
2026-01-06 05:39:05.857000+00:00,2026-01-06 05:39:05.945904+00:00,545.857,0.075,0.07,0.08,0.925,0.92,0.93,,,,
2026-01-06 05:39:06.849000+00:00,2026-01-06 05:39:06.954269+00:00,546.849,0.055,0.05,0.06,0.945,0.94,0.95,,,,
2026-01-06 05:39:07.872000+00:00,2026-01-06 05:39:07.964203+00:00,547.872,0.065,0.06,0.07,0.935,0.93,0.94,,,,
2026-01-06 05:39:08.829000+00:00,2026-01-06 05:39:08.971449+00:00,548.829,0.065,0.06,0.07,0.935,0.93,0.94,,,,
2026-01-06 05:39:09.858000+00:00,2026-01-06 05:39:09.971504+00:00,549.858,0.06,0.05,0.07,0.94,0.93,0.95,,,,
2026-01-06 05:39:10.858000+00:00,2026-01-06 05:39:10.977659+00:00,550.858,0.065,0.06,0.07,0.935,0.93,0.94,,,,
2026-01-06 05:39:11.706000+00:00,2026-01-06 05:39:11.972671+00:00,551.706,0.065,0.06,0.07,0.935,0.93,0.94,,,,
2026-01-06 05:39:12.658000+00:00,2026-01-06 05:39:12.988963+00:00,552.658,0.06,0.05,0.07,0.94,0.93,0.95,,,,
2026-01-06 05:39:13.693000+00:00,2026-01-06 05:39:14.009131+00:00,553.693,0.065,0.06,0.07,0.935,0.93,0.94,,,,
2026-01-06 05:39:14.477000+00:00,2026-01-06 05:39:15.007507+00:00,554.477,0.065,0.06,0.07,0.935,0.93,0.94,,,,
2026-01-06 05:39:15.914000+00:00,2026-01-06 05:39:16.022404+00:00,555.914,0.065,0.06,0.07,0.945,0.93,0.96,,,,
2026-01-06 05:39:16.728000+00:00,2026-01-06 05:39:17.020355+00:00,556.728,0.06,0.05,0.07,0.94,0.93,0.95,,,,
2026-01-06 05:39:17.873000+00:00,2026-01-06 05:39:18.036668+00:00,557.873,0.06,0.05,0.07,0.94,0.93,0.95,,,,
2026-01-06 05:39:18.929000+00:00,2026-01-06 05:39:19.055026+00:00,558.929,0.05,0.04,0.06,0.95,0.94,0.96,,,,
2026-01-06 05:39:19.930000+00:00,2026-01-06 05:39:20.046748+00:00,559.93,0.05,0.04,0.06,0.95,0.94,0.96,,,,
2026-01-06 05:39:20.782000+00:00,2026-01-06 05:39:21.056239+00:00,560.782,0.045,0.04,0.05,0.955,0.95,0.96,,,,
2026-01-06 05:39:21.978000+00:00,2026-01-06 05:39:22.075226+00:00,561.978,0.05,0.04,0.06,0.95,0.94,0.96,,,,
2026-01-06 05:39:22.993000+00:00,2026-01-06 05:39:23.095018+00:00,562.993,0.075,0.07,0.08,0.925,0.92,0.93,,,,
2026-01-06 05:39:24.005000+00:00,2026-01-06 05:39:24.100764+00:00,564.005,0.075,0.07,0.08,0.925,0.92,0.93,,,,
2026-01-06 05:39:25.011000+00:00,2026-01-06 05:39:25.103637+00:00,565.011,0.075,0.07,0.08,0.925,0.92,0.93,,,,
2026-01-06 05:39:26.888000+00:00,2026-01-06 05:39:27.103832+00:00,566.888,0.075,0.07,0.08,0.925,0.92,0.93,,,,
2026-01-06 05:39:28.013000+00:00,2026-01-06 05:39:28.105041+00:00,568.013,0.075,0.07,0.08,0.905,0.88,0.93,,,,
2026-01-06 05:39:29.951000+00:00,2026-01-06 05:39:30.136185+00:00,569.951,0.12,0.11,0.13,0.88,0.87,0.89,,,,
2026-01-06 05:39:30.969000+00:00,2026-01-06 05:39:31.138550+00:00,570.969,0.135,0.13,0.14,0.865,0.86,0.87,,,,
2026-01-06 05:39:32.024000+00:00,2026-01-06 05:39:32.151139+00:00,572.024,0.125,0.12,0.13,0.875,0.87,0.88,,,,
2026-01-06 05:39:33.965000+00:00,2026-01-06 05:39:34.173506+00:00,573.965,0.135,0.12,0.15,0.86,0.85,0.87,,,,
2026-01-06 05:39:35.102000+00:00,2026-01-06 05:39:35.190963+00:00,575.102,0.165,0.16,0.17,0.835,0.83,0.84,,,,
2026-01-06 05:39:36.990000+00:00,2026-01-06 05:39:37.201196+00:00,576.99,0.155,0.15,0.16,0.845,0.84,0.85,,,,
2026-01-06 05:39:38.111000+00:00,2026-01-06 05:39:38.201365+00:00,578.111,0.22,0.21,0.23,0.78,0.77,0.79,,,,
2026-01-06 05:39:39.101000+00:00,2026-01-06 05:39:39.201780+00:00,579.101,0.225,0.22,0.23,0.775,0.77,0.78,,,,
2026-01-06 05:39:40.049000+00:00,2026-01-06 05:39:40.207059+00:00,580.049,0.215,0.21,0.22,0.785,0.78,0.79,,,,
2026-01-06 05:39:41.113000+00:00,2026-01-06 05:39:41.218733+00:00,581.113,0.16,0.15,0.17,0.84,0.83,0.85,,,,
2026-01-06 05:39:42.144000+00:00,2026-01-06 05:39:42.236122+00:00,582.144,0.165,0.16,0.17,0.835,0.83,0.84,,,,
2026-01-06 05:39:43.087000+00:00,2026-01-06 05:39:43.236598+00:00,583.087,0.175,0.17,0.18,0.825,0.82,0.83,,,,
2026-01-06 05:39:44.142000+00:00,2026-01-06 05:39:44.247014+00:00,584.142,0.175,0.17,0.18,0.825,0.82,0.83,,,,
2026-01-06 05:39:45.157000+00:00,2026-01-06 05:39:45.268813+00:00,585.157,0.185,0.18,0.19,0.815,0.81,0.82,,,,
2026-01-06 05:39:46.172000+00:00,2026-01-06 05:39:46.270943+00:00,586.172,0.195,0.19,0.2,0.805,0.8,0.81,,,,
2026-01-06 05:39:47.115000+00:00,2026-01-06 05:39:47.288102+00:00,587.115,0.18,0.17,0.19,0.8200000000000001,0.81,0.83,,,,
2026-01-06 05:39:48.147000+00:00,2026-01-06 05:39:48.287822+00:00,588.147,0.18,0.17,0.19,0.8200000000000001,0.81,0.83,,,,
2026-01-06 05:39:49.050000+00:00,2026-01-06 05:39:49.302963+00:00,589.05,0.185,0.18,0.19,0.815,0.81,0.82,,,,
2026-01-06 05:39:50.557000+00:00,2026-01-06 05:39:51.303720+00:00,590.557,0.18,0.17,0.19,0.8200000000000001,0.81,0.83,,,,
2026-01-06 05:39:52.227000+00:00,2026-01-06 05:39:52.314903+00:00,592.227,0.18,0.17,0.19,0.8200000000000001,0.81,0.83,,,,
2026-01-06 05:39:53.091000+00:00,2026-01-06 05:39:53.319997+00:00,593.091,0.18,0.17,0.19,0.8200000000000001,0.81,0.83,,,,
2026-01-06 05:39:54.893000+00:00,2026-01-06 05:39:55.342885+00:00,594.893,0.175,0.17,0.18,0.825,0.82,0.83,,,,
2026-01-06 05:39:56.274000+00:00,2026-01-06 05:39:56.352675+00:00,596.274,0.175,0.17,0.18,0.8200000000000001,0.81,0.83,,,,
2026-01-06 05:39:57.224000+00:00,2026-01-06 05:39:57.364476+00:00,597.224,0.19,0.18,0.2,0.81,0.8,0.82,,,,
2026-01-06 05:39:58.275000+00:00,2026-01-06 05:39:58.369656+00:00,598.275,0.19,0.18,0.2,0.815,0.81,0.82,,,,
2026-01-06 05:39:59.241000+00:00,2026-01-06 05:39:59.383489+00:00,599.241,0.19,0.18,0.2,0.81,0.8,0.82,,,,
2026-01-06 05:40:00.274000+00:00,2026-01-06 05:40:00.394694+00:00,600.274,0.195,0.19,0.2,0.805,0.8,0.81,,,,
2026-01-06 05:40:01.254000+00:00,2026-01-06 05:40:01.390810+00:00,601.254,0.185,0.18,0.19,0.815,0.81,0.82,,,,
2026-01-06 05:40:02.274000+00:00,2026-01-06 05:40:02.403483+00:00,602.274,0.165,0.16,0.17,0.835,0.83,0.84,,,,
2026-01-06 05:40:03.312000+00:00,2026-01-06 05:40:03.402336+00:00,603.312,0.155,0.15,0.16,0.845,0.84,0.85,,,,
2026-01-06 05:40:04.297000+00:00,2026-01-06 05:40:04.412479+00:00,604.297,0.16,0.15,0.17,0.845,0.84,0.85,,,,
2026-01-06 05:40:05.333000+00:00,2026-01-06 05:40:05.426505+00:00,605.333,0.145,0.14,0.15,0.85,0.84,0.86,,,,
2026-01-06 05:40:06.316000+00:00,2026-01-06 05:40:06.436979+00:00,606.316,0.15,0.14,0.16,0.855,0.85,0.86,,,,
2026-01-06 05:40:07.343000+00:00,2026-01-06 05:40:07.438460+00:00,607.343,0.145,0.14,0.15,0.855,0.85,0.86,,,,
2026-01-06 05:40:08.188000+00:00,2026-01-06 05:40:08.436398+00:00,608.188,0.145,0.14,0.15,0.855,0.85,0.86,,,,
2026-01-06 05:40:09.346000+00:00,2026-01-06 05:40:09.436959+00:00,609.346,0.145,0.14,0.15,0.855,0.85,0.86,,,,
2026-01-06 05:40:10.336000+00:00,2026-01-06 05:40:10.441841+00:00,610.336,0.145,0.14,0.15,0.855,0.85,0.86,,,,
2026-01-06 05:40:11.358000+00:00,2026-01-06 05:40:11.455492+00:00,611.358,0.145,0.14,0.15,0.855,0.85,0.86,,,,
2026-01-06 05:40:12.360000+00:00,2026-01-06 05:40:12.453269+00:00,612.36,0.155,0.15,0.16,0.845,0.84,0.85,,,,
2026-01-06 05:40:13.279000+00:00,2026-01-06 05:40:13.462425+00:00,613.279,0.155,0.15,0.16,0.845,0.84,0.85,,,,
2026-01-06 05:40:14.286000+00:00,2026-01-06 05:40:14.469959+00:00,614.286,0.155,0.15,0.16,0.845,0.84,0.85,,,,
2026-01-06 05:40:15.377000+00:00,2026-01-06 05:40:15.463360+00:00,615.377,0.155,0.15,0.16,0.845,0.84,0.85,,,,
2026-01-06 05:40:16.242000+00:00,2026-01-06 05:40:16.469285+00:00,616.242,0.135,0.13,0.14,0.865,0.86,0.87,,,,
2026-01-06 05:40:17.363000+00:00,2026-01-06 05:40:17.462231+00:00,617.363,0.135,0.13,0.14,0.865,0.86,0.87,,,,
2026-01-06 05:40:18.266000+00:00,2026-01-06 05:40:18.453002+00:00,618.266,0.13,0.12,0.14,0.875,0.87,0.88,,,,
2026-01-06 05:40:19.363000+00:00,2026-01-06 05:40:19.457532+00:00,619.363,0.125,0.12,0.13,0.875,0.87,0.88,,,,
2026-01-06 05:40:20.366000+00:00,2026-01-06 05:40:20.465730+00:00,620.366,0.13,0.12,0.14,0.87,0.86,0.88,,,,
2026-01-06 05:40:21.328000+00:00,2026-01-06 05:40:21.470036+00:00,621.328,0.13,0.12,0.14,0.875,0.87,0.88,,,,
2026-01-06 05:40:22.361000+00:00,2026-01-06 05:40:22.481874+00:00,622.361,0.125,0.12,0.13,0.875,0.87,0.88,,,,
2026-01-06 05:40:23.517000+00:00,2026-01-06 05:40:24.520404+00:00,623.517,0.125,0.12,0.13,0.875,0.87,0.88,,,,
2026-01-06 05:40:25.334000+00:00,2026-01-06 05:40:25.519408+00:00,625.334,0.125,0.12,0.13,0.875,0.87,0.88,,,,
2026-01-06 05:40:26.443000+00:00,2026-01-06 05:40:26.539857+00:00,626.443,0.125,0.12,0.13,0.875,0.87,0.88,,,,
2026-01-06 05:40:27.042000+00:00,2026-01-06 05:40:27.540998+00:00,627.042,0.125,0.12,0.13,0.875,0.87,0.88,,,,
2026-01-06 05:40:28.405000+00:00,2026-01-06 05:40:28.535024+00:00,628.405,0.125,0.12,0.13,0.88,0.87,0.89,,,,
2026-01-06 05:40:29.188000+00:00,2026-01-06 05:40:29.551822+00:00,629.188,0.12,0.11,0.13,0.88,0.87,0.89,,,,
2026-01-06 05:40:30.175000+00:00,2026-01-06 05:40:30.551649+00:00,630.175,0.1149999999999999,0.11,0.12,0.885,0.88,0.89,,,,
2026-01-06 05:40:31.434000+00:00,2026-01-06 05:40:31.553128+00:00,631.434,0.1149999999999999,0.11,0.12,0.885,0.88,0.89,,,,
2026-01-06 05:40:32.301000+00:00,2026-01-06 05:40:32.567229+00:00,632.301,0.1149999999999999,0.11,0.12,0.885,0.88,0.89,,,,
2026-01-06 05:40:33.059000+00:00,2026-01-06 05:40:33.585629+00:00,633.059,0.1149999999999999,0.11,0.12,0.885,0.88,0.89,,,,
2026-01-06 05:40:34.391000+00:00,2026-01-06 05:40:34.585136+00:00,634.391,0.1149999999999999,0.11,0.12,0.885,0.88,0.89,,,,
2026-01-06 05:40:35.511000+00:00,2026-01-06 05:40:35.601477+00:00,635.511,0.1149999999999999,0.11,0.12,0.885,0.88,0.89,,,,
2026-01-06 05:40:36.498000+00:00,2026-01-06 05:40:36.619223+00:00,636.498,0.075,0.07,0.08,0.925,0.92,0.93,,,,
2026-01-06 05:40:37.539000+00:00,2026-01-06 05:40:37.633700+00:00,637.539,0.075,0.07,0.08,0.925,0.92,0.93,,,,
2026-01-06 05:40:38.348000+00:00,2026-01-06 05:40:38.650422+00:00,638.348,0.075,0.07,0.08,0.925,0.92,0.93,,,,
2026-01-06 05:40:39.545000+00:00,2026-01-06 05:40:39.659419+00:00,639.545,0.075,0.07,0.08,0.925,0.92,0.93,,,,
2026-01-06 05:40:40.563000+00:00,2026-01-06 05:40:40.667470+00:00,640.563,0.075,0.07,0.08,0.925,0.92,0.93,,,,
2026-01-06 05:40:41.549000+00:00,2026-01-06 05:40:41.661734+00:00,641.549,0.065,0.06,0.07,0.935,0.93,0.94,,,,
2026-01-06 05:40:42.554000+00:00,2026-01-06 05:40:42.656776+00:00,642.554,0.065,0.06,0.07,0.935,0.93,0.94,,,,
2026-01-06 05:40:43.244000+00:00,2026-01-06 05:40:43.675397+00:00,643.244,0.065,0.06,0.07,0.935,0.93,0.94,,,,
2026-01-06 05:40:44.555000+00:00,2026-01-06 05:40:44.683411+00:00,644.555,0.065,0.06,0.07,0.935,0.93,0.94,,,,
2026-01-06 05:40:45.376000+00:00,2026-01-06 05:40:45.685400+00:00,645.376,0.065,0.06,0.07,0.935,0.93,0.94,,,,
2026-01-06 05:40:46.577000+00:00,2026-01-06 05:40:46.700009+00:00,646.577,0.065,0.06,0.07,0.935,0.93,0.94,,,,
2026-01-06 05:40:47.520000+00:00,2026-01-06 05:40:47.714749+00:00,647.52,0.065,0.06,0.07,0.935,0.93,0.94,,,,
2026-01-06 05:40:48.525000+00:00,2026-01-06 05:40:48.716274+00:00,648.525,0.075,0.07,0.08,0.925,0.92,0.93,,,,
2026-01-06 05:40:49.525000+00:00,2026-01-06 05:40:49.721821+00:00,649.525,0.065,0.06,0.07,0.935,0.93,0.94,,,,
2026-01-06 05:40:50.385000+00:00,2026-01-06 05:40:50.731020+00:00,650.385,0.07,0.06,0.08,0.93,0.92,0.94,,,,
2026-01-06 05:40:51.654000+00:00,2026-01-06 05:40:51.756042+00:00,651.654,0.07,0.06,0.08,0.925,0.92,0.93,,,,
2026-01-06 05:40:52.623000+00:00,2026-01-06 05:40:52.768820+00:00,652.623,0.07,0.06,0.08,0.93,0.92,0.94,,,,
2026-01-06 05:40:53.654000+00:00,2026-01-06 05:40:53.775545+00:00,653.654,0.07,0.06,0.08,0.93,0.92,0.94,,,,
2026-01-06 05:40:54.633000+00:00,2026-01-06 05:40:54.785286+00:00,654.633,0.07,0.06,0.08,0.93,0.92,0.94,,,,
2026-01-06 05:40:55.595000+00:00,2026-01-06 05:40:55.789609+00:00,655.595,0.07,0.06,0.08,0.93,0.92,0.94,,,,
2026-01-06 05:40:56.542000+00:00,2026-01-06 05:40:56.801309+00:00,656.542,0.065,0.05,0.08,0.935,0.92,0.95,,,,
2026-01-06 05:40:57.739000+00:00,2026-01-06 05:40:57.820325+00:00,657.739,0.055,0.05,0.06,0.945,0.94,0.95,,,,
2026-01-06 05:40:58.507000+00:00,2026-01-06 05:40:58.817284+00:00,658.507,0.06,0.05,0.07,0.94,0.93,0.95,,,,
2026-01-06 05:40:59.743000+00:00,2026-01-06 05:40:59.825620+00:00,659.743,0.055,0.05,0.06,0.945,0.94,0.95,,,,
2026-01-06 05:41:00.740000+00:00,2026-01-06 05:41:00.825937+00:00,660.74,0.055,0.05,0.06,0.945,0.94,0.95,,,,
2026-01-06 05:41:01.654000+00:00,2026-01-06 05:41:01.843216+00:00,661.654,0.055,0.05,0.06,0.945,0.94,0.95,,,,
2026-01-06 05:41:02.756000+00:00,2026-01-06 05:41:02.853191+00:00,662.756,0.055,0.05,0.06,0.945,0.94,0.95,,,,
2026-01-06 05:41:03.768000+00:00,2026-01-06 05:41:03.869314+00:00,663.768,0.055,0.05,0.06,0.945,0.94,0.95,,,,
2026-01-06 05:41:04.758000+00:00,2026-01-06 05:41:04.895735+00:00,664.758,0.055,0.05,0.06,0.945,0.94,0.95,,,,
2026-01-06 05:41:05.779000+00:00,2026-01-06 05:41:05.911145+00:00,665.779,0.065,0.06,0.07,0.935,0.93,0.94,,,,
2026-01-06 05:41:06.813000+00:00,2026-01-06 05:41:06.934282+00:00,666.813,0.065,0.06,0.07,0.935,0.93,0.94,,,,
2026-01-06 05:41:07.843000+00:00,2026-01-06 05:41:07.941963+00:00,667.843,0.05,0.04,0.06,0.95,0.94,0.96,,,,
2026-01-06 05:41:08.799000+00:00,2026-01-06 05:41:08.959710+00:00,668.799,0.05,0.04,0.06,0.95,0.94,0.96,,,,
2026-01-06 05:41:09.868000+00:00,2026-01-06 05:41:09.967626+00:00,669.868,0.045,0.03,0.06,0.955,0.94,0.97,,,,
2026-01-06 05:41:10.798000+00:00,2026-01-06 05:41:10.980224+00:00,670.798,0.035,0.02,0.05,0.945,0.94,0.95,,,,
2026-01-06 05:41:11.888000+00:00,2026-01-06 05:41:11.992404+00:00,671.888,0.04,0.03,0.05,0.955,0.94,0.97,,,,
2026-01-06 05:41:12.799000+00:00,2026-01-06 05:41:12.995786+00:00,672.799,0.04,0.03,0.05,0.96,0.95,0.97,,,,
2026-01-06 05:41:13.908000+00:00,2026-01-06 05:41:14.001145+00:00,673.908,0.04,0.03,0.05,0.96,0.95,0.97,,,,
2026-01-06 05:41:14.425000+00:00,2026-01-06 05:41:15.004040+00:00,674.425,0.04,0.03,0.05,0.96,0.95,0.97,,,,
2026-01-06 05:41:15.885000+00:00,2026-01-06 05:41:16.008015+00:00,675.885,0.035,0.03,0.04,0.965,0.96,0.97,,,,
2026-01-06 05:41:16.541000+00:00,2026-01-06 05:41:17.016663+00:00,676.541,0.025,0.02,0.03,0.965,0.95,0.98,,,,
2026-01-06 05:41:17.677000+00:00,2026-01-06 05:41:18.017163+00:00,677.677,0.025,0.02,0.03,0.975,0.97,0.98,,,,
2026-01-06 05:41:18.930000+00:00,2026-01-06 05:41:19.026006+00:00,678.93,0.025,0.02,0.03,0.975,0.97,0.98,,,,
2026-01-06 05:41:19.766000+00:00,2026-01-06 05:41:20.051310+00:00,679.766,0.04,0.03,0.05,0.965,0.95,0.98,,,,
2026-01-06 05:41:20.840000+00:00,2026-01-06 05:41:21.067377+00:00,680.84,0.045,0.04,0.05,0.955,0.95,0.96,,,,
2026-01-06 05:41:21.977000+00:00,2026-01-06 05:41:22.069065+00:00,681.977,0.035,0.02,0.05,0.965,0.95,0.98,,,,
2026-01-06 05:41:22.975000+00:00,2026-01-06 05:41:23.066133+00:00,682.975,0.035,0.02,0.05,0.965,0.95,0.98,,,,
2026-01-06 05:41:23.873000+00:00,2026-01-06 05:41:24.077729+00:00,683.873,0.045,0.04,0.05,0.955,0.95,0.96,,,,
2026-01-06 05:41:24.999000+00:00,2026-01-06 05:41:25.083264+00:00,684.999,0.035,0.03,0.04,0.965,0.96,0.97,,,,
2026-01-06 05:41:25.835000+00:00,2026-01-06 05:41:26.090239+00:00,685.835,0.035,0.03,0.04,0.965,0.96,0.97,,,,
2026-01-06 05:41:26.989000+00:00,2026-01-06 05:41:27.100181+00:00,686.989,0.035,0.03,0.04,0.965,0.96,0.97,,,,
2026-01-06 05:41:27.733000+00:00,2026-01-06 05:41:28.100871+00:00,687.733,0.035,0.03,0.04,0.965,0.96,0.97,,,,
2026-01-06 05:41:29.706000+00:00,2026-01-06 05:41:30.134380+00:00,689.706,0.015,0.01,0.02,0.985,0.98,0.99,,,,
2026-01-06 05:41:31.036000+00:00,2026-01-06 05:41:31.150211+00:00,691.036,0.025,0.01,0.04,0.97,0.96,0.98,,,,
2026-01-06 05:41:32.030000+00:00,2026-01-06 05:41:32.148302+00:00,692.03,0.03,0.02,0.04,0.965,0.96,0.97,,,,
2026-01-06 05:41:33.917000+00:00,2026-01-06 05:41:34.170572+00:00,693.917,0.015,0.01,0.02,0.985,0.98,0.99,,,,
2026-01-06 05:41:35.768000+00:00,2026-01-06 05:41:36.192242+00:00,695.768,0.03,0.02,0.04,0.965,0.96,0.97,,,,
2026-01-06 05:41:36.969000+00:00,2026-01-06 05:41:37.187957+00:00,696.969,0.035,0.03,0.04,0.965,0.96,0.97,,,,
2026-01-06 05:41:38.011000+00:00,2026-01-06 05:41:38.183658+00:00,698.011,0.035,0.03,0.04,0.965,0.96,0.97,,,,
2026-01-06 05:41:39.058000+00:00,2026-01-06 05:41:39.185162+00:00,699.058,0.035,0.03,0.04,0.965,0.96,0.97,,,,
2026-01-06 05:41:40.513000+00:00,2026-01-06 05:41:41.197444+00:00,700.513,0.035,0.03,0.04,0.965,0.96,0.97,,,,
2026-01-06 05:41:42.054000+00:00,2026-01-06 05:41:42.215509+00:00,702.054,0.035,0.03,0.04,0.965,0.96,0.97,,,,
2026-01-06 05:41:43.077000+00:00,2026-01-06 05:41:43.230017+00:00,703.077,0.035,0.03,0.04,0.965,0.96,0.97,,,,
2026-01-06 05:41:44.991000+00:00,2026-01-06 05:41:45.267322+00:00,704.991,0.035,0.03,0.04,0.965,0.96,0.97,,,,
2026-01-06 05:41:46.267000+00:00,2026-01-06 05:41:47.289373+00:00,706.267,0.035,0.03,0.04,0.965,0.96,0.97,,,,
2026-01-06 05:41:48.214000+00:00,2026-01-06 05:41:48.304406+00:00,708.214,0.045,0.04,0.05,0.955,0.95,0.96,,,,
2026-01-06 05:41:49.211000+00:00,2026-01-06 05:41:49.303472+00:00,709.211,0.05,0.04,0.06,0.945,0.94,0.95,,,,
2026-01-06 05:41:50.950000+00:00,2026-01-06 05:41:51.334971+00:00,710.95,0.06,0.05,0.07,0.94,0.93,0.95,,,,
2026-01-06 05:41:52.007000+00:00,2026-01-06 05:41:52.347562+00:00,712.007,0.055,0.05,0.06,0.945,0.94,0.95,,,,
2026-01-06 05:41:53.242000+00:00,2026-01-06 05:41:53.340784+00:00,713.242,0.045,0.04,0.05,0.955,0.95,0.96,,,,
2026-01-06 05:41:54.252000+00:00,2026-01-06 05:41:54.348435+00:00,714.252,0.045,0.03,0.06,0.955,0.94,0.97,,,,
2026-01-06 05:41:55.191000+00:00,2026-01-06 05:41:55.349902+00:00,715.191,0.045,0.03,0.06,0.955,0.94,0.97,,,,
2026-01-06 05:41:56.236000+00:00,2026-01-06 05:41:56.364524+00:00,716.236,0.04,0.03,0.05,0.96,0.95,0.97,,,,
2026-01-06 05:41:57.242000+00:00,2026-01-06 05:41:57.367877+00:00,717.242,0.04,0.03,0.05,0.96,0.95,0.97,,,,
2026-01-06 05:41:58.853000+00:00,2026-01-06 05:41:59.397262+00:00,718.853,0.04,0.03,0.05,0.96,0.95,0.97,,,,
2026-01-06 05:42:00.305000+00:00,2026-01-06 05:42:00.408909+00:00,720.305,0.035,0.03,0.04,0.965,0.96,0.97,,,,
2026-01-06 05:42:01.327000+00:00,2026-01-06 05:42:01.419188+00:00,721.327,0.02,0.01,0.03,0.985,0.98,0.99,,,,
2026-01-06 05:42:02.184000+00:00,2026-01-06 05:42:02.426273+00:00,722.184,0.015,0.01,0.02,0.975,0.96,0.99,,,,
2026-01-06 05:42:03.315000+00:00,2026-01-06 05:42:03.433228+00:00,723.315,0.02,0.01,0.03,0.98,0.97,0.99,,,,
2026-01-06 05:42:04.183000+00:00,2026-01-06 05:42:04.441686+00:00,724.183,0.03,0.02,0.04,0.965,0.96,0.97,,,,
2026-01-06 05:42:05.432000+00:00,2026-01-06 05:42:05.448881+00:00,725.432,0.03,0.02,0.04,0.97,0.96,0.98,,,,
2026-01-06 05:42:06.312000+00:00,2026-01-06 05:42:06.465280+00:00,726.312,0.025,0.01,0.04,0.975,0.96,0.99,,,,
2026-01-06 05:42:07.288000+00:00,2026-01-06 05:42:07.478348+00:00,727.288,0.02,0.01,0.03,0.98,0.97,0.99,,,,
2026-01-06 05:42:08.275000+00:00,2026-01-06 05:42:08.498943+00:00,728.275,0.02,0.01,0.03,0.98,0.97,0.99,,,,
2026-01-06 05:42:09.896000+00:00,2026-01-06 05:42:10.509695+00:00,729.896,0.015,0.01,0.02,0.985,0.98,0.99,,,,
2026-01-06 05:42:11.199000+00:00,2026-01-06 05:42:11.523971+00:00,731.199,0.02,0.01,0.03,0.98,0.97,0.99,,,,
2026-01-06 05:42:12.304000+00:00,2026-01-06 05:42:13.548813+00:00,732.304,0.02,0.01,0.03,0.98,0.97,0.99,,,,
2026-01-06 05:42:14.926000+00:00,2026-01-06 05:42:15.548623+00:00,734.926,0.02,0.01,0.03,0.98,0.97,0.99,,,,
2026-01-06 05:42:16.440000+00:00,2026-01-06 05:42:16.546893+00:00,736.44,0.02,0.01,0.03,0.98,0.97,0.99,,,,
2026-01-06 05:42:17.460000+00:00,2026-01-06 05:42:17.564719+00:00,737.46,0.015,0.01,0.02,0.985,0.98,0.99,,,,
2026-01-06 05:42:18.235000+00:00,2026-01-06 05:42:18.591470+00:00,738.235,0.015,0.01,0.02,0.985,0.98,0.99,,,,
2026-01-06 05:42:19.294000+00:00,2026-01-06 05:42:19.598747+00:00,739.294,0.02,0.01,0.03,0.98,0.97,0.99,,,,
2026-01-06 05:42:20.510000+00:00,2026-01-06 05:42:20.611747+00:00,740.51,0.02,0.01,0.03,0.98,0.97,0.99,,,,
2026-01-06 05:42:21.907000+00:00,2026-01-06 05:42:22.632698+00:00,741.907,0.02,0.01,0.03,0.98,0.97,0.99,,,,
2026-01-06 05:42:23.306000+00:00,2026-01-06 05:42:23.648891+00:00,743.306,0.02,0.01,0.03,0.98,0.97,0.99,,,,
2026-01-06 05:42:24.502000+00:00,2026-01-06 05:42:24.653655+00:00,744.502,0.025,0.02,0.03,0.975,0.97,0.98,,,,
2026-01-06 05:42:25.479000+00:00,2026-01-06 05:42:25.657662+00:00,745.479,0.015,0.01,0.02,0.985,0.98,0.99,,,,
2026-01-06 05:42:26.559000+00:00,2026-01-06 05:42:26.652609+00:00,746.559,0.02,0.01,0.03,0.975,0.97,0.98,,,,
2026-01-06 05:42:27.384000+00:00,2026-01-06 05:42:27.647403+00:00,747.384,0.03,0.02,0.04,0.97,0.96,0.98,,,,
2026-01-06 05:42:28.541000+00:00,2026-01-06 05:42:28.646507+00:00,748.541,0.035,0.03,0.04,0.965,0.96,0.97,,,,
2026-01-06 05:42:29.456000+00:00,2026-01-06 05:42:29.662610+00:00,749.456,0.025,0.02,0.03,0.975,0.97,0.98,,,,
2026-01-06 05:42:30.528000+00:00,2026-01-06 05:42:30.650488+00:00,750.528,0.025,0.02,0.03,0.965,0.96,0.97,,,,
2026-01-06 05:42:31.398000+00:00,2026-01-06 05:42:31.647950+00:00,751.398,0.02,0.01,0.03,0.98,0.97,0.99,,,,
2026-01-06 05:42:32.036000+00:00,2026-01-06 05:42:33.684694+00:00,752.036,0.02,0.01,0.03,0.98,0.97,0.99,,,,
2026-01-06 05:42:34.238000+00:00,2026-01-06 05:42:34.680045+00:00,754.238,0.02,0.01,0.03,0.98,0.97,0.99,,,,
2026-01-06 05:42:35.575000+00:00,2026-01-06 05:42:35.680027+00:00,755.575,0.015,0.01,0.02,0.985,0.98,0.99,,,,
2026-01-06 05:42:36.291000+00:00,2026-01-06 05:42:36.695199+00:00,756.291,0.02,0.01,0.03,0.98,0.97,0.99,,,,
2026-01-06 05:42:37.459000+00:00,2026-01-06 05:42:37.709060+00:00,757.459,0.02,0.01,0.03,0.98,0.97,0.99,,,,
2026-01-06 05:42:38.458000+00:00,2026-01-06 05:42:38.709766+00:00,758.458,0.02,0.01,0.03,0.98,0.97,0.99,,,,
2026-01-06 05:42:39.491000+00:00,2026-01-06 05:42:39.709264+00:00,759.491,0.02,0.01,0.03,0.98,0.97,0.99,,,,
2026-01-06 05:42:40.448000+00:00,2026-01-06 05:42:40.719893+00:00,760.448,0.02,0.01,0.03,0.98,0.97,0.99,,,,
2026-01-06 05:42:41.626000+00:00,2026-01-06 05:42:41.718439+00:00,761.626,0.02,0.01,0.03,0.98,0.97,0.99,,,,
2026-01-06 05:42:42.603000+00:00,2026-01-06 05:42:42.713057+00:00,762.603,0.015,0.01,0.02,0.985,0.98,0.99,,,,
2026-01-06 05:42:43.449000+00:00,2026-01-06 05:42:43.730324+00:00,763.449,0.015,0.01,0.02,0.985,0.98,0.99,,,,
2026-01-06 05:42:44.585000+00:00,2026-01-06 05:42:44.729944+00:00,764.585,0.015,0.01,0.02,0.985,0.98,0.99,,,,
2026-01-06 05:42:45.583000+00:00,2026-01-06 05:42:45.730918+00:00,765.583,0.015,0.01,0.02,0.985,0.98,0.99,,,,
2026-01-06 05:42:46.588000+00:00,2026-01-06 05:42:46.747621+00:00,766.588,0.015,0.01,0.02,0.985,0.98,0.99,,,,
2026-01-06 05:42:47.546000+00:00,2026-01-06 05:42:47.763653+00:00,767.546,0.015,0.01,0.02,0.985,0.98,0.99,,,,
2026-01-06 05:42:48.269000+00:00,2026-01-06 05:42:48.763721+00:00,768.269,0.015,0.01,0.02,0.985,0.98,0.99,,,,
2026-01-06 05:42:49.641000+00:00,2026-01-06 05:42:49.764555+00:00,769.641,0.015,0.01,0.02,0.985,0.98,0.99,,,,
2026-01-06 05:42:50.618000+00:00,2026-01-06 05:42:50.766203+00:00,770.618,0.01,,0.01,0.99,0.99,,,,,
2026-01-06 05:42:51.640000+00:00,2026-01-06 05:42:51.780334+00:00,771.64,0.01,,0.01,0.99,0.99,,,,,
2026-01-06 05:42:52.539000+00:00,2026-01-06 05:42:52.798883+00:00,772.539,0.01,,0.01,0.99,0.99,,,,,
2026-01-06 05:42:53.222000+00:00,2026-01-06 05:42:53.799332+00:00,773.222,0.01,,0.01,0.99,0.99,,,,,
2026-01-06 05:42:54.595000+00:00,2026-01-06 05:42:54.803835+00:00,774.595,0.01,,0.01,0.99,0.99,,,,,
2026-01-06 05:42:55.502000+00:00,2026-01-06 05:42:55.821056+00:00,775.502,0.01,,0.01,0.99,0.99,,,,,
2026-01-06 05:42:56.708000+00:00,2026-01-06 05:42:56.812178+00:00,776.708,0.01,,0.01,0.99,0.99,,,,,
2026-01-06 05:42:57.218000+00:00,2026-01-06 05:42:58.812096+00:00,777.218,0.01,,0.01,0.99,0.99,,,,,
2026-01-06 05:42:59.025000+00:00,2026-01-06 05:42:59.828312+00:00,779.025,0.01,,0.01,0.99,0.99,,,,,
2026-01-06 05:43:00.709000+00:00,2026-01-06 05:43:00.839365+00:00,780.709,0.01,,0.01,0.99,0.99,,,,,
2026-01-06 05:43:01.066000+00:00,2026-01-06 05:43:01.834987+00:00,781.066,0.01,,0.01,0.99,0.99,,,,,
2026-01-06 05:43:02.498000+00:00,2026-01-06 05:43:02.845037+00:00,782.498,0.01,,0.01,0.99,0.99,,,,,
2026-01-06 05:43:03.685000+00:00,2026-01-06 05:43:03.845654+00:00,783.685,0.01,,0.01,0.99,0.99,,,,,
2026-01-06 05:43:04.513000+00:00,2026-01-06 05:43:04.835535+00:00,784.513,0.01,,0.01,0.99,0.99,,,,,
2026-01-06 05:43:05.298000+00:00,2026-01-06 05:43:05.838317+00:00,785.298,0.01,,0.01,0.99,0.99,,,,,
2026-01-06 05:43:06.372000+00:00,2026-01-06 05:43:06.846002+00:00,786.372,0.01,,0.01,0.99,0.99,,,,,
2026-01-06 05:43:07.707000+00:00,2026-01-06 05:43:07.845838+00:00,787.707,0.01,,0.01,0.99,0.99,,,,,
2026-01-06 05:43:08.502000+00:00,2026-01-06 05:43:08.853107+00:00,788.502,0.01,,0.01,0.99,0.99,,,,,
2026-01-06 05:43:09.764000+00:00,2026-01-06 05:43:09.861723+00:00,789.764,0.01,,0.01,0.99,0.99,,,,,
2026-01-06 05:43:10.981000+00:00,2026-01-06 05:43:11.895368+00:00,790.981,0.01,,0.01,0.99,0.99,,,,,
2026-01-06 05:43:12.863000+00:00,2026-01-06 05:43:13.895713+00:00,792.863,0.01,,0.01,0.99,0.99,,,,,
2026-01-06 05:43:14.626000+00:00,2026-01-06 05:43:14.896093+00:00,794.626,0.01,,0.01,0.99,0.99,,,,,
2026-01-06 05:43:15.808000+00:00,2026-01-06 05:43:15.902729+00:00,795.808,0.01,,0.01,0.99,0.99,,,,,
2026-01-06 05:43:16.166000+00:00,2026-01-06 05:43:16.904233+00:00,796.166,0.01,,0.01,0.99,0.99,,,,,
2026-01-06 05:43:17.208000+00:00,2026-01-06 05:43:17.911462+00:00,797.208,0.01,,0.01,0.99,0.99,,,,,
2026-01-06 05:43:18.763000+00:00,2026-01-06 05:43:18.917542+00:00,798.763,0.01,,0.01,0.99,0.99,,,,,
2026-01-06 05:43:19.839000+00:00,2026-01-06 05:43:19.928022+00:00,799.839,0.01,,0.01,0.99,0.99,,,,,
2026-01-06 05:43:20.780000+00:00,2026-01-06 05:43:20.928669+00:00,800.78,0.01,,0.01,0.99,0.99,,,,,
2026-01-06 05:43:21.796000+00:00,2026-01-06 05:43:21.927981+00:00,801.796,0.01,,0.01,0.99,0.99,,,,,
2026-01-06 05:43:22.778000+00:00,2026-01-06 05:43:22.935641+00:00,802.778,0.01,,0.01,0.99,0.99,,,,,
2026-01-06 05:43:23.742000+00:00,2026-01-06 05:43:23.946024+00:00,803.742,0.01,,0.01,0.99,0.99,,,,,
2026-01-06 05:43:24.848000+00:00,2026-01-06 05:43:24.946647+00:00,804.848,0.01,,0.01,0.99,0.99,,,,,
2026-01-06 05:43:25.800000+00:00,2026-01-06 05:43:25.952424+00:00,805.8,0.01,,0.01,0.99,0.99,,,,,
2026-01-06 05:43:26.704000+00:00,2026-01-06 05:43:26.962695+00:00,806.704,0.01,,0.01,0.99,0.99,,,,,
2026-01-06 05:43:27.881000+00:00,2026-01-06 05:43:29.995601+00:00,807.881,0.01,,0.01,0.99,0.99,,,,,
2026-01-06 05:43:30.599000+00:00,2026-01-06 05:43:31.008124+00:00,810.599,0.01,,0.01,0.99,0.99,,,,,
2026-01-06 05:43:31.816000+00:00,2026-01-06 05:43:32.024571+00:00,811.816,0.01,,0.01,0.99,0.99,,,,,
2026-01-06 05:43:32.431000+00:00,2026-01-06 05:43:33.027721+00:00,812.431,0.01,,0.01,0.99,0.99,,,,,
2026-01-06 05:43:33.841000+00:00,2026-01-06 05:43:34.026590+00:00,813.841,0.01,,0.01,0.99,0.99,,,,,
2026-01-06 05:43:34.145000+00:00,2026-01-06 05:43:36.044514+00:00,814.145,0.01,,0.01,0.99,0.99,,,,,
2026-01-06 05:43:36.728000+00:00,2026-01-06 05:43:37.044273+00:00,816.728,0.01,,0.01,0.99,0.99,,,,,
2026-01-06 05:43:37.136000+00:00,2026-01-06 05:43:38.053712+00:00,817.136,0.01,,0.01,0.99,0.99,,,,,
2026-01-06 05:43:38.973000+00:00,2026-01-06 05:43:39.082814+00:00,818.973,0.01,,0.01,0.99,0.99,,,,,
2026-01-06 05:43:39.819000+00:00,2026-01-06 05:43:40.098575+00:00,819.819,0.01,,0.01,0.99,0.99,,,,,
2026-01-06 05:43:40.908000+00:00,2026-01-06 05:43:41.114670+00:00,820.908,0.01,,0.01,0.99,0.99,,,,,
2026-01-06 05:43:41.910000+00:00,2026-01-06 05:43:42.115920+00:00,821.91,0.01,,0.01,0.99,0.99,,,,,
2026-01-06 05:43:42.373000+00:00,2026-01-06 05:43:43.127238+00:00,822.373,0.01,,0.01,0.99,0.99,,,,,
2026-01-06 05:43:43.666000+00:00,2026-01-06 05:43:44.134782+00:00,823.666,0.01,,0.01,0.99,0.99,,,,,
2026-01-06 05:43:44.197000+00:00,2026-01-06 05:43:45.150004+00:00,824.197,0.01,,0.01,0.99,0.99,,,,,
2026-01-06 05:43:45.993000+00:00,2026-01-06 05:43:46.166688+00:00,825.993,0.01,,0.01,0.99,0.99,,,,,
2026-01-06 05:43:46.787000+00:00,2026-01-06 05:43:47.167521+00:00,826.787,0.01,,0.01,0.99,0.99,,,,,
2026-01-06 05:43:48.963000+00:00,2026-01-06 05:43:49.200010+00:00,828.963,0.01,,0.01,0.99,0.99,,,,,
2026-01-06 05:43:49.800000+00:00,2026-01-06 05:43:50.201119+00:00,829.8,0.01,,0.01,0.99,0.99,,,,,
2026-01-06 05:43:50.855000+00:00,2026-01-06 05:43:51.210736+00:00,830.855,0.01,,0.01,0.99,0.99,,,,,
2026-01-06 05:43:51.955000+00:00,2026-01-06 05:43:52.214314+00:00,831.955,0.01,,0.01,0.99,0.99,,,,,
2026-01-06 05:43:52.782000+00:00,2026-01-06 05:43:53.224631+00:00,832.782,0.01,,0.01,0.99,0.99,,,,,
2026-01-06 05:43:53.932000+00:00,2026-01-06 05:43:54.235119+00:00,833.932,0.01,,0.01,0.99,0.99,,,,,
2026-01-06 05:43:54.917000+00:00,2026-01-06 05:43:55.248573+00:00,834.917,0.01,,0.01,0.99,0.99,,,,,
2026-01-06 05:43:55.608000+00:00,2026-01-06 05:43:56.249864+00:00,835.608,0.01,,0.01,0.99,0.99,,,,,
2026-01-06 05:43:56.799000+00:00,2026-01-06 05:43:58.270272+00:00,836.799,0.01,,0.01,0.99,0.99,,,,,
2026-01-06 05:43:59.972000+00:00,2026-01-06 05:44:00.536170+00:00,839.972,0.01,,0.01,0.99,0.99,,,,,
2026-01-06 05:44:01.222000+00:00,2026-01-06 05:44:01.331859+00:00,841.222,0.01,,0.01,0.99,0.99,,,,,
2026-01-06 05:44:02.181000+00:00,2026-01-06 05:44:02.327879+00:00,842.181,0.01,,0.01,0.99,0.99,,,,,
2026-01-06 05:44:03.573000+00:00,2026-01-06 05:44:04.363817+00:00,843.573,0.01,,0.01,0.99,0.99,,,,,
2026-01-06 05:44:04.512000+00:00,2026-01-06 05:44:05.377589+00:00,844.512,0.01,,0.01,0.99,0.99,,,,,
2026-01-06 05:44:06.030000+00:00,2026-01-06 05:44:06.398698+00:00,846.03,0.01,,0.01,0.99,0.99,,,,,
2026-01-06 05:44:07.806000+00:00,2026-01-06 05:44:08.425805+00:00,847.806,0.01,,0.01,0.99,0.99,,,,,
2026-01-06 05:44:08.926000+00:00,2026-01-06 05:44:09.451367+00:00,848.926,0.01,,0.01,0.99,0.99,,,,,
2026-01-06 05:44:10.741000+00:00,2026-01-06 05:44:11.468741+00:00,850.741,0.01,,0.01,0.99,0.99,,,,,
2026-01-06 05:44:12.048000+00:00,2026-01-06 05:44:12.480066+00:00,852.048,0.01,,0.01,0.99,0.99,,,,,
2026-01-06 05:44:13.362000+00:00,2026-01-06 05:44:13.482758+00:00,853.362,0.01,,0.01,0.99,0.99,,,,,
2026-01-06 05:44:14.354000+00:00,2026-01-06 05:44:14.497132+00:00,854.354,0.01,,0.01,0.99,0.99,,,,,
2026-01-06 05:44:15.192000+00:00,2026-01-06 05:44:15.514340+00:00,855.192,0.01,,0.01,0.99,0.99,,,,,
2026-01-06 05:44:16.765000+00:00,2026-01-06 05:44:20.534512+00:00,856.765,0.01,,0.01,0.99,0.99,,,,,
2026-01-06 05:44:21.385000+00:00,2026-01-06 05:44:21.538909+00:00,861.385,0.01,,0.01,0.99,0.99,,,,,
2026-01-06 05:44:22.762000+00:00,2026-01-06 05:44:23.541145+00:00,862.762,0.01,,0.01,0.99,0.99,,,,,
2026-01-06 05:44:23.572000+00:00,2026-01-06 05:44:24.552397+00:00,863.572,0.01,,0.01,0.99,0.99,,,,,
2026-01-06 05:44:25.283000+00:00,2026-01-06 05:44:26.548074+00:00,865.283,0.01,,0.01,0.99,0.99,,,,,
2026-01-06 05:44:26.940000+00:00,2026-01-06 05:44:28.546949+00:00,866.94,0.01,,0.01,0.99,0.99,,,,,
2026-01-06 05:44:28.756000+00:00,2026-01-06 05:44:29.544532+00:00,868.756,0.01,,0.01,0.99,0.99,,,,,
2026-01-06 05:44:30.705000+00:00,2026-01-06 05:44:31.548521+00:00,870.705,0.01,,0.01,0.99,0.99,,,,,
2026-01-06 05:44:32.245000+00:00,2026-01-06 05:44:32.558685+00:00,872.245,0.01,,0.01,0.99,0.99,,,,,
2026-01-06 05:44:33.421000+00:00,2026-01-06 05:44:33.564848+00:00,873.421,0.01,,0.01,0.99,0.99,,,,,
2026-01-06 05:44:34.877000+00:00,2026-01-06 05:44:38.610747+00:00,874.877,0.01,,0.01,0.99,0.99,,,,,
2026-01-06 05:44:38.567000+00:00,2026-01-06 05:44:44.647141+00:00,878.567,0.01,,0.01,0.99,0.99,,,,,
2026-01-06 05:44:45.448000+00:00,2026-01-06 05:44:45.654642+00:00,885.448,0.01,,0.01,0.99,0.99,,,,,
2026-01-06 05:44:46.047000+00:00,2026-01-06 05:44:46.664083+00:00,886.047,0.01,,0.01,0.99,0.99,,,,,
2026-01-06 05:44:47.339000+00:00,2026-01-06 05:44:47.681433+00:00,887.339,0.01,,0.01,0.99,0.99,,,,,
2026-01-06 05:44:48.171000+00:00,2026-01-06 05:44:48.690206+00:00,888.171,0.01,,0.01,0.99,0.99,,,,,
2026-01-06 05:44:49.403000+00:00,2026-01-06 05:44:49.697546+00:00,889.403,0.01,,0.01,0.99,0.99,,,,,
2026-01-06 05:44:50.363000+00:00,2026-01-06 05:44:50.712485+00:00,890.363,0.01,,0.01,0.99,0.99,,,,,
2026-01-06 05:44:51.496000+00:00,2026-01-06 05:44:51.715270+00:00,891.496,0.01,,0.01,0.99,0.99,,,,,
2026-01-06 05:44:52.249000+00:00,2026-01-06 05:44:52.718104+00:00,892.249,0.01,,0.01,0.99,0.99,,,,,
2026-01-06 05:44:53.032000+00:00,2026-01-06 05:44:53.731051+00:00,893.032,0.01,,0.01,0.99,0.99,,,,,
2026-01-06 05:44:54.418000+00:00,2026-01-06 05:44:54.722265+00:00,894.418,0.01,,0.01,0.99,0.99,,,,,
2026-01-06 05:44:55.139000+00:00,2026-01-06 05:44:55.729365+00:00,895.139,0.01,,0.01,0.99,0.99,,,,,
2026-01-06 05:44:56.502000+00:00,2026-01-06 05:44:56.739134+00:00,896.502,0.01,,0.01,0.99,0.99,,,,,
2026-01-06 05:44:57.613000+00:00,2026-01-06 05:44:57.751148+00:00,897.613,0.01,,0.01,0.99,0.99,,,,,
2026-01-06 05:44:58.626000+00:00,2026-01-06 05:44:58.762079+00:00,898.626,0.01,,0.01,0.99,0.99,,,,,
2026-01-06 05:44:59.467000+00:00,2026-01-06 05:44:59.774580+00:00,899.467,0.01,,0.01,0.99,0.99,,,,,
