timestamp,seconds,mid,bid,ask,asset
2026-01-07 05:45:00+00:00,0.0,3246.42,3246.36,3246.71,ETH
2026-01-07 05:45:01+00:00,1.0,3246.25,3246.22,3246.57,ETH
2026-01-07 05:45:02+00:00,2.0,3246.31,3246.27,3246.52,ETH
2026-01-07 05:45:03+00:00,3.0,3246.33,3246.29,3246.69,ETH
2026-01-07 05:45:04+00:00,4.0,3246.39,3246.23,3246.7,ETH
2026-01-07 05:45:05+00:00,5.0,3246.39,3246.27,3246.7,ETH
2026-01-07 05:45:06+00:00,6.0,3246.39,3246.27,3246.7,ETH
2026-01-07 05:45:07+00:00,7.0,3246.48,3246.35,3246.7,ETH
2026-01-07 05:45:08+00:00,8.0,3247.26,3247.2,3247.35,ETH
2026-01-07 05:45:09+00:00,9.0,3247.34,3247.32,3247.55,ETH
2026-01-07 05:45:10+00:00,10.0,3247.53,3247.48,3247.65,ETH
2026-01-07 05:45:11+00:00,11.0,3247.63,3247.61,3247.74,ETH
2026-01-07 05:45:12+00:00,12.0,3247.68,3247.64,3247.75,ETH
2026-01-07 05:45:13+00:00,13.0,3247.72,3247.67,3247.86,ETH
2026-01-07 05:45:14+00:00,14.0,3247.93,3247.81,3248.12,ETH
2026-01-07 05:45:15+00:00,15.0,3248.28,3248.11,3248.42,ETH
2026-01-07 05:45:16+00:00,16.0,3248.49,3248.35,3248.55,ETH
2026-01-07 05:45:17+00:00,17.0,3248.5,3248.38,3248.55,ETH
2026-01-07 05:45:18+00:00,18.0,3248.49,3248.4,3248.54,ETH
2026-01-07 05:45:19+00:00,19.0,3248.61,3248.58,3248.71,ETH
2026-01-07 05:45:20+00:00,20.0,3248.92,3248.81,3249.04,ETH
2026-01-07 05:45:21+00:00,21.0,3249.12,3248.91,3249.2,ETH
2026-01-07 05:45:22+00:00,22.0,3249.14,3249.0,3249.22,ETH
2026-01-07 05:45:23+00:00,23.0,3249.12,3249.0,3249.23,ETH
2026-01-07 05:45:24+00:00,24.0,3249.12,3248.99,3249.2,ETH
2026-01-07 05:45:25+00:00,25.0,3249.13,3249.07,3249.16,ETH
2026-01-07 05:45:26+00:00,26.0,3249.13,3249.07,3249.18,ETH
2026-01-07 05:45:27+00:00,27.0,3249.31,3249.22,3249.38,ETH
2026-01-07 05:45:28+00:00,28.0,3249.47,3249.37,3249.54,ETH
2026-01-07 05:45:29+00:00,29.0,3249.46,3249.39,3249.53,ETH
2026-01-07 05:45:30+00:00,30.0,3249.47,3249.39,3249.53,ETH
2026-01-07 05:45:31+00:00,31.0,3249.5,3249.39,3249.56,ETH
2026-01-07 05:45:32+00:00,32.0,3249.51,3249.39,3249.57,ETH
2026-01-07 05:45:33+00:00,33.0,3249.51,3249.42,3249.67,ETH
2026-01-07 05:45:34+00:00,34.0,3249.74,3249.71,3249.95,ETH
2026-01-07 05:45:35+00:00,35.0,3250.09,3250.06,3250.18,ETH
2026-01-07 05:45:36+00:00,36.0,3250.22,3250.15,3250.26,ETH
2026-01-07 05:45:37+00:00,37.0,3250.2,3250.14,3250.25,ETH
2026-01-07 05:45:38+00:00,38.0,3250.16,3250.13,3250.22,ETH
2026-01-07 05:45:39+00:00,39.0,3250.19,3250.15,3250.27,ETH
2026-01-07 05:45:40+00:00,40.0,3250.21,3250.15,3250.37,ETH
2026-01-07 05:45:41+00:00,41.0,3250.21,3250.15,3250.42,ETH
2026-01-07 05:45:42+00:00,42.0,3250.21,3250.15,3250.41,ETH
2026-01-07 05:45:43+00:00,43.0,3250.1,3249.98,3250.2,ETH
2026-01-07 05:45:44+00:00,44.0,3249.87,3249.74,3249.98,ETH
2026-01-07 05:45:45+00:00,45.0,3249.74,3249.67,3249.97,ETH
2026-01-07 05:45:46+00:00,46.0,3249.8,3249.7,3250.04,ETH
2026-01-07 05:45:47+00:00,47.0,3249.84,3249.74,3250.09,ETH
2026-01-07 05:45:48+00:00,48.0,3249.78,3249.72,3250.08,ETH
2026-01-07 05:45:49+00:00,49.0,3249.75,3249.7,3249.96,ETH
2026-01-07 05:45:50+00:00,50.0,3249.75,3249.7,3249.83,ETH
2026-01-07 05:45:51+00:00,51.0,3249.72,3249.7,3249.83,ETH
2026-01-07 05:45:52+00:00,52.0,3249.71,3249.67,3249.75,ETH
2026-01-07 05:45:53+00:00,53.0,3249.72,3249.7,3249.78,ETH
2026-01-07 05:45:54+00:00,54.0,3249.98,3249.9,3250.2,ETH
2026-01-07 05:45:55+00:00,55.0,3250.02,3249.93,3250.25,ETH
2026-01-07 05:45:56+00:00,56.0,3250.02,3249.94,3250.25,ETH
2026-01-07 05:45:57+00:00,57.0,3250.01,3249.94,3250.23,ETH
2026-01-07 05:45:58+00:00,58.0,3250.01,3249.94,3250.21,ETH
2026-01-07 05:45:59+00:00,59.0,3249.94,3249.91,3250.1,ETH
2026-01-07 05:46:00+00:00,60.0,3250.02,3249.95,3250.2,ETH
2026-01-07 05:46:01+00:00,61.0,3250.05,3249.97,3250.25,ETH
2026-01-07 05:46:02+00:00,62.0,3250.06,3249.97,3250.28,ETH
2026-01-07 05:46:03+00:00,63.0,3250.35,3250.31,3250.37,ETH
2026-01-07 05:46:04+00:00,64.0,3250.43,3250.34,3250.48,ETH
2026-01-07 05:46:05+00:00,65.0,3250.521,3250.39,3250.57,ETH
2026-01-07 05:46:06+00:00,66.0,3250.561,3250.44,3250.65,ETH
2026-01-07 05:46:07+00:00,67.0,3250.551,3250.44,3250.64,ETH
2026-01-07 05:46:08+00:00,68.0,3250.541,3250.44,3250.63,ETH
2026-01-07 05:46:09+00:00,69.0,3250.531,3250.44,3250.73,ETH
2026-01-07 05:46:10+00:00,70.0,3250.531,3250.44,3250.8,ETH
2026-01-07 05:46:11+00:00,71.0,3250.531,3250.44,3250.8,ETH
2026-01-07 05:46:12+00:00,72.0,3250.561,3250.44,3250.82,ETH
2026-01-07 05:46:13+00:00,73.0,3250.561,3250.44,3250.83,ETH
2026-01-07 05:46:14+00:00,74.0,3250.561,3250.44,3250.83,ETH
2026-01-07 05:46:15+00:00,75.0,3250.551,3250.44,3250.81,ETH
2026-01-07 05:46:16+00:00,76.0,3250.551,3250.44,3250.81,ETH
2026-01-07 05:46:17+00:00,77.0,3250.5,3250.37,3250.64,ETH
2026-01-07 05:46:18+00:00,78.0,3250.48,3250.44,3250.64,ETH
2026-01-07 05:46:19+00:00,79.0,3250.551,3250.44,3250.81,ETH
2026-01-07 05:46:20+00:00,80.0,3250.551,3250.44,3250.73,ETH
2026-01-07 05:46:21+00:00,81.0,3250.551,3250.44,3250.66,ETH
2026-01-07 05:46:22+00:00,82.0,3250.42,3250.18,3250.63,ETH
2026-01-07 05:46:23+00:00,83.0,3250.18,3250.09,3250.5,ETH
2026-01-07 05:46:24+00:00,84.0,3250.16,3250.09,3250.41,ETH
2026-01-07 05:46:25+00:00,85.0,3249.94,3249.9,3250.14,ETH
2026-01-07 05:46:26+00:00,86.0,3249.92,3249.9,3250.13,ETH
2026-01-07 05:46:27+00:00,87.0,3249.93,3249.9,3250.13,ETH
2026-01-07 05:46:28+00:00,88.0,3249.93,3249.9,3250.14,ETH
2026-01-07 05:46:29+00:00,89.0,3249.94,3249.9,3250.16,ETH
2026-01-07 05:46:30+00:00,90.0,3249.94,3249.9,3250.16,ETH
2026-01-07 05:46:31+00:00,91.0,3249.93,3249.9,3250.14,ETH
2026-01-07 05:46:32+00:00,92.0,3249.93,3249.9,3250.15,ETH
2026-01-07 05:46:33+00:00,93.0,3249.93,3249.9,3250.15,ETH
2026-01-07 05:46:34+00:00,94.0,3249.93,3249.9,3250.14,ETH
2026-01-07 05:46:35+00:00,95.0,3249.93,3249.9,3250.13,ETH
2026-01-07 05:46:36+00:00,96.0,3249.93,3249.9,3250.13,ETH
2026-01-07 05:46:37+00:00,97.0,3249.91,3249.9,3250.1,ETH
2026-01-07 05:46:38+00:00,98.0,3249.88,3249.78,3250.03,ETH
2026-01-07 05:46:39+00:00,99.0,3249.86,3249.69,3250.01,ETH
2026-01-07 05:46:40+00:00,100.0,3249.86,3249.67,3250.0,ETH
2026-01-07 05:46:41+00:00,101.0,3249.86,3249.64,3249.95,ETH
2026-01-07 05:46:42+00:00,102.0,3249.85,3249.64,3249.92,ETH
2026-01-07 05:46:43+00:00,103.0,3249.83,3249.63,3249.9,ETH
2026-01-07 05:46:44+00:00,104.0,3249.83,3249.64,3249.91,ETH
2026-01-07 05:46:45+00:00,105.0,3249.8,3249.66,3249.88,ETH
2026-01-07 05:46:46+00:00,106.0,3249.78,3249.65,3249.82,ETH
2026-01-07 05:46:47+00:00,107.0,3249.75,3249.65,3249.82,ETH
2026-01-07 05:46:48+00:00,108.0,3249.71,3249.64,3249.82,ETH
2026-01-07 05:46:49+00:00,109.0,3249.74,3249.64,3249.81,ETH
2026-01-07 05:46:50+00:00,110.0,3249.78,3249.65,3249.81,ETH
2026-01-07 05:46:51+00:00,111.0,3249.75,3249.65,3249.81,ETH
2026-01-07 05:46:52+00:00,112.0,3249.71,3249.64,3249.77,ETH
2026-01-07 05:46:53+00:00,113.0,3249.68,3249.64,3249.76,ETH
2026-01-07 05:46:54+00:00,114.0,3249.66,3249.64,3249.78,ETH
2026-01-07 05:46:55+00:00,115.0,3249.66,3249.63,3249.77,ETH
2026-01-07 05:46:56+00:00,116.0,3249.66,3249.63,3249.78,ETH
2026-01-07 05:46:57+00:00,117.0,3249.66,3249.63,3249.76,ETH
2026-01-07 05:46:58+00:00,118.0,3249.58,3249.54,3249.71,ETH
2026-01-07 05:46:59+00:00,119.0,3249.51,3249.48,3249.67,ETH
2026-01-07 05:47:01+00:00,121.0,3249.51,3248.92,3249.67,ETH
2026-01-07 05:47:02+00:00,122.0,3248.4,3248.3,3248.61,ETH
2026-01-07 05:47:03+00:00,123.0,3248.15,3248.12,3248.51,ETH
2026-01-07 05:47:04+00:00,124.0,3248.08,3248.07,3248.45,ETH
2026-01-07 05:47:05+00:00,125.0,3248.06,3248.06,3248.4,ETH
2026-01-07 05:47:06+00:00,126.0,3248.05,3248.04,3248.41,ETH
2026-01-07 05:47:07+00:00,127.0,3248.08,3248.05,3248.43,ETH
2026-01-07 05:47:08+00:00,128.0,3248.12,3248.09,3248.38,ETH
2026-01-07 05:47:09+00:00,129.0,3248.14,3248.13,3248.31,ETH
2026-01-07 05:47:10+00:00,130.0,3248.31,3248.23,3248.51,ETH
2026-01-07 05:47:11+00:00,131.0,3248.55,3248.46,3248.72,ETH
2026-01-07 05:47:12+00:00,132.0,3248.63,3248.55,3248.68,ETH
2026-01-07 05:47:13+00:00,133.0,3248.56,3248.48,3248.75,ETH
2026-01-07 05:47:14+00:00,134.0,3248.5,3248.46,3248.75,ETH
2026-01-07 05:47:15+00:00,135.0,3248.49,3248.45,3248.62,ETH
2026-01-07 05:47:16+00:00,136.0,3248.45,3248.42,3248.62,ETH
2026-01-07 05:47:17+00:00,137.0,3248.42,3248.41,3248.68,ETH
2026-01-07 05:47:18+00:00,138.0,3248.36,3248.33,3248.64,ETH
2026-01-07 05:47:19+00:00,139.0,3248.29,3248.25,3248.6,ETH
2026-01-07 05:47:20+00:00,140.0,3248.27,3248.22,3248.6,ETH
2026-01-07 05:47:21+00:00,141.0,3248.24,3248.21,3248.59,ETH
2026-01-07 05:47:22+00:00,142.0,3247.71,3247.59,3248.04,ETH
2026-01-07 05:47:23+00:00,143.0,3247.2,3247.07,3247.49,ETH
2026-01-07 05:47:24+00:00,144.0,3247.25,3247.2,3247.5,ETH
2026-01-07 05:47:25+00:00,145.0,3247.33,3247.25,3247.53,ETH
2026-01-07 05:47:26+00:00,146.0,3247.36,3247.29,3247.56,ETH
2026-01-07 05:47:27+00:00,147.0,3247.36,3247.28,3247.48,ETH
2026-01-07 05:47:28+00:00,148.0,3247.15,3247.05,3247.2,ETH
2026-01-07 05:47:29+00:00,149.0,3246.84,3246.78,3247.02,ETH
2026-01-07 05:47:30+00:00,150.0,3246.86,3246.83,3247.18,ETH
2026-01-07 05:47:31+00:00,151.0,3247.16,3247.04,3247.41,ETH
2026-01-07 05:47:32+00:00,152.0,3247.33,3247.12,3247.47,ETH
2026-01-07 05:47:33+00:00,153.0,3247.22,3247.09,3247.43,ETH
2026-01-07 05:47:34+00:00,154.0,3247.07,3247.04,3247.38,ETH
2026-01-07 05:47:35+00:00,155.0,3247.02,3246.99,3247.33,ETH
2026-01-07 05:47:36+00:00,156.0,3247.02,3247.0,3247.23,ETH
2026-01-07 05:47:37+00:00,157.0,3247.02,3247.01,3247.12,ETH
2026-01-07 05:47:38+00:00,158.0,3247.06,3247.04,3247.29,ETH
2026-01-07 05:47:39+00:00,159.0,3247.09,3247.07,3247.45,ETH
2026-01-07 05:47:40+00:00,160.0,3247.08,3247.07,3247.3,ETH
2026-01-07 05:47:41+00:00,161.0,3247.03,3247.02,3247.13,ETH
2026-01-07 05:47:42+00:00,162.0,3246.79,3246.78,3246.93,ETH
2026-01-07 05:47:43+00:00,163.0,3246.59,3246.59,3246.8,ETH
2026-01-07 05:47:44+00:00,164.0,3246.57,3246.56,3246.76,ETH
2026-01-07 05:47:45+00:00,165.0,3246.54,3246.53,3246.7,ETH
2026-01-07 05:47:46+00:00,166.0,3246.62,3246.61,3246.81,ETH
2026-01-07 05:47:47+00:00,167.0,3246.7,3246.67,3246.82,ETH
2026-01-07 05:47:48+00:00,168.0,3246.7,3246.65,3246.82,ETH
2026-01-07 05:47:49+00:00,169.0,3246.71,3246.65,3246.92,ETH
2026-01-07 05:47:50+00:00,170.0,3246.84,3246.79,3246.96,ETH
2026-01-07 05:47:51+00:00,171.0,3246.86,3246.78,3246.97,ETH
2026-01-07 05:47:52+00:00,172.0,3246.77,3246.77,3246.95,ETH
2026-01-07 05:47:53+00:00,173.0,3246.77,3246.77,3247.05,ETH
2026-01-07 05:47:54+00:00,174.0,3246.77,3246.77,3246.88,ETH
2026-01-07 05:47:55+00:00,175.0,3246.77,3246.77,3246.9,ETH
2026-01-07 05:47:56+00:00,176.0,3247.19,3247.15,3247.33,ETH
2026-01-07 05:47:57+00:00,177.0,3247.44,3247.39,3247.53,ETH
2026-01-07 05:47:58+00:00,178.0,3247.63,3247.59,3247.73,ETH
2026-01-07 05:47:59+00:00,179.0,3247.73,3247.61,3247.89,ETH
2026-01-07 05:48:00+00:00,180.0,3247.75,3247.57,3247.97,ETH
2026-01-07 05:48:01+00:00,181.0,3247.68,3247.55,3247.86,ETH
2026-01-07 05:48:02+00:00,182.0,3247.63,3247.55,3247.77,ETH
2026-01-07 05:48:03+00:00,183.0,3247.65,3247.56,3247.79,ETH
2026-01-07 05:48:04+00:00,184.0,3247.65,3247.56,3247.79,ETH
2026-01-07 05:48:05+00:00,185.0,3247.68,3247.53,3247.8,ETH
2026-01-07 05:48:06+00:00,186.0,3247.66,3247.54,3247.8,ETH
2026-01-07 05:48:07+00:00,187.0,3247.7,3247.58,3247.88,ETH
2026-01-07 05:48:08+00:00,188.0,3247.99,3247.89,3248.18,ETH
2026-01-07 05:48:09+00:00,189.0,3248.36,3248.24,3248.47,ETH
2026-01-07 05:48:10+00:00,190.0,3248.51,3248.29,3248.56,ETH
2026-01-07 05:48:11+00:00,191.0,3248.51,3248.33,3248.53,ETH
2026-01-07 05:48:12+00:00,192.0,3248.45,3248.37,3248.5,ETH
2026-01-07 05:48:13+00:00,193.0,3248.4,3248.36,3248.49,ETH
2026-01-07 05:48:14+00:00,194.0,3248.39,3248.34,3248.47,ETH
2026-01-07 05:48:15+00:00,195.0,3248.38,3248.32,3248.45,ETH
2026-01-07 05:48:16+00:00,196.0,3248.2,3248.13,3248.34,ETH
2026-01-07 05:48:17+00:00,197.0,3248.01,3247.92,3248.14,ETH
2026-01-07 05:48:18+00:00,198.0,3248.02,3247.92,3248.13,ETH
2026-01-07 05:48:19+00:00,199.0,3248.04,3247.95,3248.25,ETH
2026-01-07 05:48:20+00:00,200.0,3248.13,3248.06,3248.32,ETH
2026-01-07 05:48:21+00:00,201.0,3248.22,3248.14,3248.33,ETH
2026-01-07 05:48:22+00:00,202.0,3248.25,3248.19,3248.31,ETH
2026-01-07 05:48:23+00:00,203.0,3248.25,3248.19,3248.32,ETH
2026-01-07 05:48:24+00:00,204.0,3248.23,3248.11,3248.34,ETH
2026-01-07 05:48:25+00:00,205.0,3248.23,3248.14,3248.34,ETH
2026-01-07 05:48:26+00:00,206.0,3248.21,3248.1,3248.31,ETH
2026-01-07 05:48:27+00:00,207.0,3248.1,3248.01,3248.27,ETH
2026-01-07 05:48:28+00:00,208.0,3247.99,3247.97,3248.13,ETH
2026-01-07 05:48:29+00:00,209.0,3247.96,3247.95,3248.02,ETH
2026-01-07 05:48:30+00:00,210.0,3247.96,3247.95,3248.02,ETH
2026-01-07 05:48:31+00:00,211.0,3247.96,3247.95,3248.02,ETH
2026-01-07 05:48:32+00:00,212.0,3247.96,3247.95,3248.02,ETH
2026-01-07 05:48:33+00:00,213.0,3247.99,3247.97,3248.08,ETH
2026-01-07 05:48:34+00:00,214.0,3248.02,3247.99,3248.11,ETH
2026-01-07 05:48:35+00:00,215.0,3247.96,3247.93,3248.05,ETH
2026-01-07 05:48:36+00:00,216.0,3247.96,3247.91,3248.04,ETH
2026-01-07 05:48:37+00:00,217.0,3248.01,3247.95,3248.05,ETH
2026-01-07 05:48:38+00:00,218.0,3247.85,3247.82,3248.03,ETH
2026-01-07 05:48:39+00:00,219.0,3247.85,3247.82,3248.03,ETH
2026-01-07 05:48:40+00:00,220.0,3247.85,3247.82,3248.03,ETH
2026-01-07 05:48:41+00:00,221.0,3247.86,3247.86,3248.02,ETH
2026-01-07 05:48:42+00:00,222.0,3247.86,3247.86,3248.02,ETH
2026-01-07 05:48:43+00:00,223.0,3247.94,3247.91,3247.98,ETH
2026-01-07 05:48:44+00:00,224.0,3247.96,3247.9,3248.01,ETH
2026-01-07 05:48:45+00:00,225.0,3247.96,3247.9,3248.02,ETH
2026-01-07 05:48:46+00:00,226.0,3247.96,3247.9,3248.05,ETH
2026-01-07 05:48:47+00:00,227.0,3247.95,3247.93,3248.08,ETH
2026-01-07 05:48:48+00:00,228.0,3248.08,3248.03,3248.14,ETH
2026-01-07 05:48:49+00:00,229.0,3248.1,3248.04,3248.12,ETH
2026-01-07 05:48:50+00:00,230.0,3248.12,3248.08,3248.2,ETH
2026-01-07 05:48:51+00:00,231.0,3248.12,3248.1,3248.23,ETH
2026-01-07 05:48:52+00:00,232.0,3248.15,3248.11,3248.39,ETH
2026-01-07 05:48:53+00:00,233.0,3248.13,3248.07,3248.27,ETH
2026-01-07 05:48:54+00:00,234.0,3248.18,3248.1,3248.39,ETH
2026-01-07 05:48:55+00:00,235.0,3248.12,3248.04,3248.34,ETH
2026-01-07 05:48:56+00:00,236.0,3248.12,3248.03,3248.18,ETH
2026-01-07 05:48:57+00:00,237.0,3248.14,3248.04,3248.2,ETH
2026-01-07 05:48:58+00:00,238.0,3248.13,3248.03,3248.23,ETH
2026-01-07 05:48:59+00:00,239.0,3248.15,3248.03,3248.24,ETH
2026-01-07 05:49:00+00:00,240.0,3248.18,3248.08,3248.24,ETH
2026-01-07 05:49:01+00:00,241.0,3248.19,3248.15,3248.24,ETH
2026-01-07 05:49:02+00:00,242.0,3248.23,3248.15,3248.36,ETH
2026-01-07 05:49:03+00:00,243.0,3248.23,3248.15,3248.29,ETH
2026-01-07 05:49:04+00:00,244.0,3248.2,3248.15,3248.33,ETH
2026-01-07 05:49:05+00:00,245.0,3248.2,3248.18,3248.32,ETH
2026-01-07 05:49:06+00:00,246.0,3248.21,3248.16,3248.25,ETH
2026-01-07 05:49:07+00:00,247.0,3248.19,3248.07,3248.25,ETH
2026-01-07 05:49:08+00:00,248.0,3248.18,3248.03,3248.26,ETH
2026-01-07 05:49:09+00:00,249.0,3248.19,3248.13,3248.26,ETH
2026-01-07 05:49:10+00:00,250.0,3248.19,3248.06,3248.26,ETH
2026-01-07 05:49:11+00:00,251.0,3248.19,3248.06,3248.25,ETH
2026-01-07 05:49:12+00:00,252.0,3248.19,3248.05,3248.25,ETH
2026-01-07 05:49:13+00:00,253.0,3248.2,3248.13,3248.25,ETH
2026-01-07 05:49:14+00:00,254.0,3248.26,3248.12,3248.39,ETH
2026-01-07 05:49:15+00:00,255.0,3248.25,3248.07,3248.35,ETH
2026-01-07 05:49:16+00:00,256.0,3248.21,3248.06,3248.33,ETH
2026-01-07 05:49:17+00:00,257.0,3248.18,3248.09,3248.33,ETH
2026-01-07 05:49:18+00:00,258.0,3248.2,3248.14,3248.34,ETH
2026-01-07 05:49:19+00:00,259.0,3248.26,3248.22,3248.35,ETH
2026-01-07 05:49:20+00:00,260.0,3248.31,3248.26,3248.35,ETH
2026-01-07 05:49:21+00:00,261.0,3248.23,3248.16,3248.31,ETH
2026-01-07 05:49:22+00:00,262.0,3248.14,3248.09,3248.29,ETH
2026-01-07 05:49:23+00:00,263.0,3248.12,3248.07,3248.28,ETH
2026-01-07 05:49:24+00:00,264.0,3248.09,3248.04,3248.28,ETH
2026-01-07 05:49:25+00:00,265.0,3248.09,3248.03,3248.28,ETH
2026-01-07 05:49:26+00:00,266.0,3248.03,3247.99,3248.13,ETH
2026-01-07 05:49:27+00:00,267.0,3248.03,3247.99,3248.16,ETH
2026-01-07 05:49:28+00:00,268.0,3248.03,3247.99,3248.1,ETH
2026-01-07 05:49:29+00:00,269.0,3248.04,3247.99,3248.11,ETH
2026-01-07 05:49:30+00:00,270.0,3247.88,3247.8,3247.96,ETH
2026-01-07 05:49:31+00:00,271.0,3247.88,3247.81,3247.95,ETH
2026-01-07 05:49:32+00:00,272.0,3247.53,3247.52,3247.67,ETH
2026-01-07 05:49:33+00:00,273.0,3247.52,3247.36,3247.63,ETH
2026-01-07 05:49:34+00:00,274.0,3247.52,3247.37,3247.61,ETH
2026-01-07 05:49:35+00:00,275.0,3248.01,3247.94,3248.09,ETH
2026-01-07 05:49:36+00:00,276.0,3248.09,3247.94,3248.33,ETH
2026-01-07 05:49:37+00:00,277.0,3248.15,3247.94,3248.37,ETH
2026-01-07 05:49:38+00:00,278.0,3248.19,3247.94,3248.36,ETH
2026-01-07 05:49:39+00:00,279.0,3248.18,3247.94,3248.37,ETH
2026-01-07 05:49:40+00:00,280.0,3248.18,3248.08,3248.37,ETH
2026-01-07 05:49:41+00:00,281.0,3248.24,3248.08,3248.39,ETH
2026-01-07 05:49:42+00:00,282.0,3248.24,3248.09,3248.39,ETH
2026-01-07 05:49:43+00:00,283.0,3248.24,3248.13,3248.37,ETH
2026-01-07 05:49:44+00:00,284.0,3248.17,3248.09,3248.29,ETH
2026-01-07 05:49:45+00:00,285.0,3248.13,3248.09,3248.31,ETH
2026-01-07 05:49:46+00:00,286.0,3248.14,3248.09,3248.37,ETH
2026-01-07 05:49:47+00:00,287.0,3248.16,3248.08,3248.37,ETH
2026-01-07 05:49:48+00:00,288.0,3248.14,3248.03,3248.34,ETH
2026-01-07 05:49:49+00:00,289.0,3248.17,3247.99,3248.31,ETH
2026-01-07 05:49:50+00:00,290.0,3248.17,3247.99,3248.31,ETH
2026-01-07 05:49:51+00:00,291.0,3248.16,3248.09,3248.3,ETH
2026-01-07 05:49:52+00:00,292.0,3248.27,3248.09,3248.34,ETH
2026-01-07 05:49:53+00:00,293.0,3248.24,3248.09,3248.32,ETH
2026-01-07 05:49:54+00:00,294.0,3248.24,3248.09,3248.32,ETH
2026-01-07 05:49:55+00:00,295.0,3248.25,3248.09,3248.32,ETH
2026-01-07 05:49:56+00:00,296.0,3248.22,3248.09,3248.32,ETH
2026-01-07 05:49:57+00:00,297.0,3248.31,3248.09,3248.35,ETH
2026-01-07 05:49:58+00:00,298.0,3248.31,3248.09,3248.35,ETH
2026-01-07 05:49:59+00:00,299.0,3248.2,3248.09,3248.32,ETH
2026-01-07 05:50:00+00:00,300.0,3248.18,3248.08,3248.32,ETH
2026-01-07 05:50:01+00:00,301.0,3248.17,3248.09,3248.34,ETH
2026-01-07 05:50:02+00:00,302.0,3248.22,3248.09,3248.34,ETH
2026-01-07 05:50:03+00:00,303.0,3248.3,3248.1,3248.36,ETH
2026-01-07 05:50:04+00:00,304.0,3248.3,3248.09,3248.38,ETH
2026-01-07 05:50:05+00:00,305.0,3248.39,3248.38,3248.53,ETH
2026-01-07 05:50:06+00:00,306.0,3248.49,3248.46,3248.55,ETH
2026-01-07 05:50:07+00:00,307.0,3248.5,3248.46,3248.53,ETH
2026-01-07 05:50:08+00:00,308.0,3248.52,3248.46,3248.6,ETH
2026-01-07 05:50:09+00:00,309.0,3248.63,3248.54,3248.92,ETH
2026-01-07 05:50:10+00:00,310.0,3248.73,3248.56,3248.74,ETH
2026-01-07 05:50:11+00:00,311.0,3248.89,3248.8,3248.98,ETH
2026-01-07 05:50:12+00:00,312.0,3248.87,3248.69,3248.99,ETH
2026-01-07 05:50:13+00:00,313.0,3248.84,3248.62,3248.88,ETH
2026-01-07 05:50:14+00:00,314.0,3248.69,3248.6,3248.83,ETH
2026-01-07 05:50:15+00:00,315.0,3248.8,3248.65,3248.83,ETH
2026-01-07 05:50:16+00:00,316.0,3248.83,3248.64,3248.84,ETH
2026-01-07 05:50:17+00:00,317.0,3248.93,3248.81,3249.11,ETH
2026-01-07 05:50:18+00:00,318.0,3248.97,3248.81,3249.17,ETH
2026-01-07 05:50:19+00:00,319.0,3248.97,3248.83,3249.19,ETH
2026-01-07 05:50:20+00:00,320.0,3248.97,3248.83,3249.21,ETH
2026-01-07 05:50:21+00:00,321.0,3249.02,3248.84,3249.23,ETH
2026-01-07 05:50:22+00:00,322.0,3249.23,3249.13,3249.44,ETH
2026-01-07 05:50:23+00:00,323.0,3249.38,3249.2,3249.59,ETH
2026-01-07 05:50:24+00:00,324.0,3249.41,3249.13,3249.62,ETH
2026-01-07 05:50:25+00:00,325.0,3249.38,3249.17,3249.62,ETH
2026-01-07 05:50:26+00:00,326.0,3249.38,3249.15,3249.61,ETH
2026-01-07 05:50:27+00:00,327.0,3249.38,3249.14,3249.51,ETH
2026-01-07 05:50:28+00:00,328.0,3248.92,3248.68,3249.14,ETH
2026-01-07 05:50:29+00:00,329.0,3248.92,3248.65,3248.95,ETH
2026-01-07 05:50:30+00:00,330.0,3248.72,3248.61,3248.95,ETH
2026-01-07 05:50:31+00:00,331.0,3248.71,3248.61,3248.93,ETH
2026-01-07 05:50:32+00:00,332.0,3248.66,3248.6,3248.93,ETH
2026-01-07 05:50:33+00:00,333.0,3248.6,3248.54,3248.8,ETH
2026-01-07 05:50:34+00:00,334.0,3248.77,3248.59,3248.8,ETH
2026-01-07 05:50:35+00:00,335.0,3248.75,3248.59,3248.79,ETH
2026-01-07 05:50:36+00:00,336.0,3248.71,3248.59,3248.77,ETH
2026-01-07 05:50:37+00:00,337.0,3248.67,3248.59,3248.74,ETH
2026-01-07 05:50:38+00:00,338.0,3248.66,3248.6,3248.72,ETH
2026-01-07 05:50:39+00:00,339.0,3248.75,3248.69,3248.81,ETH
2026-01-07 05:50:40+00:00,340.0,3248.88,3248.79,3248.92,ETH
2026-01-07 05:50:41+00:00,341.0,3248.66,3248.53,3248.76,ETH
2026-01-07 05:50:42+00:00,342.0,3248.37,3248.28,3248.5,ETH
2026-01-07 05:50:43+00:00,343.0,3248.33,3248.29,3248.56,ETH
2026-01-07 05:50:44+00:00,344.0,3248.32,3248.26,3248.55,ETH
2026-01-07 05:50:45+00:00,345.0,3248.32,3248.25,3248.42,ETH
2026-01-07 05:50:46+00:00,346.0,3248.37,3248.24,3248.56,ETH
2026-01-07 05:50:47+00:00,347.0,3248.42,3248.24,3248.61,ETH
2026-01-07 05:50:48+00:00,348.0,3248.42,3248.26,3248.61,ETH
2026-01-07 05:50:49+00:00,349.0,3248.42,3248.27,3248.66,ETH
2026-01-07 05:50:50+00:00,350.0,3248.42,3248.27,3248.67,ETH
2026-01-07 05:50:52+00:00,352.0,3248.44,3248.28,3248.67,ETH
2026-01-07 05:50:53+00:00,353.0,3248.2,3248.2,3248.45,ETH
2026-01-07 05:50:54+00:00,354.0,3248.31,3248.27,3248.54,ETH
2026-01-07 05:50:55+00:00,355.0,3248.5,3248.44,3248.55,ETH
2026-01-07 05:50:56+00:00,356.0,3248.54,3248.44,3248.61,ETH
2026-01-07 05:50:57+00:00,357.0,3248.59,3248.45,3248.63,ETH
2026-01-07 05:50:58+00:00,358.0,3248.63,3248.45,3248.66,ETH
2026-01-07 05:50:59+00:00,359.0,3248.59,3248.44,3248.65,ETH
2026-01-07 05:51:00+00:00,360.0,3248.56,3248.26,3248.65,ETH
2026-01-07 05:51:01+00:00,361.0,3248.54,3248.42,3248.61,ETH
2026-01-07 05:51:02+00:00,362.0,3248.54,3248.4,3248.61,ETH
2026-01-07 05:51:03+00:00,363.0,3248.54,3248.35,3248.61,ETH
2026-01-07 05:51:04+00:00,364.0,3248.55,3248.38,3248.62,ETH
2026-01-07 05:51:05+00:00,365.0,3248.56,3248.43,3248.61,ETH
2026-01-07 05:51:06+00:00,366.0,3248.58,3248.43,3248.68,ETH
2026-01-07 05:51:07+00:00,367.0,3248.59,3248.42,3248.69,ETH
2026-01-07 05:51:08+00:00,368.0,3248.57,3248.42,3248.62,ETH
2026-01-07 05:51:09+00:00,369.0,3248.54,3248.42,3248.62,ETH
2026-01-07 05:51:10+00:00,370.0,3248.51,3248.42,3248.62,ETH
2026-01-07 05:51:11+00:00,371.0,3248.52,3248.41,3248.63,ETH
2026-01-07 05:51:12+00:00,372.0,3248.54,3248.4,3248.64,ETH
2026-01-07 05:51:13+00:00,373.0,3248.57,3248.39,3248.64,ETH
2026-01-07 05:51:14+00:00,374.0,3248.59,3248.42,3248.64,ETH
2026-01-07 05:51:15+00:00,375.0,3248.6,3248.43,3248.63,ETH
2026-01-07 05:51:16+00:00,376.0,3248.61,3248.42,3248.64,ETH
2026-01-07 05:51:17+00:00,377.0,3248.61,3248.43,3248.64,ETH
2026-01-07 05:51:18+00:00,378.0,3248.6,3248.44,3248.66,ETH
2026-01-07 05:51:19+00:00,379.0,3248.62,3248.44,3248.74,ETH
2026-01-07 05:51:20+00:00,380.0,3248.61,3248.43,3248.74,ETH
2026-01-07 05:51:21+00:00,381.0,3248.56,3248.42,3248.67,ETH
2026-01-07 05:51:22+00:00,382.0,3248.57,3248.42,3248.67,ETH
2026-01-07 05:51:23+00:00,383.0,3248.59,3248.42,3248.67,ETH
2026-01-07 05:51:24+00:00,384.0,3248.6,3248.42,3248.67,ETH
2026-01-07 05:51:25+00:00,385.0,3248.52,3248.4,3248.67,ETH
2026-01-07 05:51:26+00:00,386.0,3248.46,3248.34,3248.6,ETH
2026-01-07 05:51:27+00:00,387.0,3248.49,3248.32,3248.53,ETH
2026-01-07 05:51:28+00:00,388.0,3248.39,3248.28,3248.52,ETH
2026-01-07 05:51:29+00:00,389.0,3248.31,3248.23,3248.52,ETH
2026-01-07 05:51:30+00:00,390.0,3248.39,3248.25,3248.55,ETH
2026-01-07 05:51:31+00:00,391.0,3248.43,3248.25,3248.51,ETH
2026-01-07 05:51:32+00:00,392.0,3248.23,3248.13,3248.29,ETH
2026-01-07 05:51:33+00:00,393.0,3247.93,3247.83,3247.97,ETH
2026-01-07 05:51:34+00:00,394.0,3247.73,3247.61,3247.9,ETH
2026-01-07 05:51:35+00:00,395.0,3247.67,3247.58,3247.87,ETH
2026-01-07 05:51:36+00:00,396.0,3247.66,3247.57,3247.75,ETH
2026-01-07 05:51:37+00:00,397.0,3247.66,3247.6,3247.76,ETH
2026-01-07 05:51:38+00:00,398.0,3247.66,3247.58,3247.77,ETH
2026-01-07 05:51:39+00:00,399.0,3247.66,3247.57,3247.77,ETH
2026-01-07 05:51:40+00:00,400.0,3247.69,3247.56,3247.75,ETH
2026-01-07 05:51:41+00:00,401.0,3247.75,3247.56,3247.78,ETH
2026-01-07 05:51:42+00:00,402.0,3247.79,3247.67,3247.84,ETH
2026-01-07 05:51:43+00:00,403.0,3247.85,3247.79,3247.92,ETH
2026-01-07 05:51:44+00:00,404.0,3247.89,3247.8,3247.99,ETH
2026-01-07 05:51:45+00:00,405.0,3247.98,3247.87,3248.13,ETH
2026-01-07 05:51:46+00:00,406.0,3248.19,3248.11,3248.33,ETH
2026-01-07 05:51:47+00:00,407.0,3248.37,3248.27,3248.41,ETH
2026-01-07 05:51:48+00:00,408.0,3248.44,3248.27,3248.44,ETH
2026-01-07 05:51:49+00:00,409.0,3248.53,3248.29,3248.57,ETH
2026-01-07 05:51:50+00:00,410.0,3248.44,3248.27,3248.56,ETH
2026-01-07 05:51:51+00:00,411.0,3248.35,3248.25,3248.55,ETH
2026-01-07 05:51:52+00:00,412.0,3248.35,3248.25,3248.55,ETH
2026-01-07 05:51:53+00:00,413.0,3248.31,3248.24,3248.52,ETH
2026-01-07 05:51:54+00:00,414.0,3248.29,3248.21,3248.4,ETH
2026-01-07 05:51:55+00:00,415.0,3248.33,3248.19,3248.4,ETH
2026-01-07 05:51:56+00:00,416.0,3248.24,3248.15,3248.4,ETH
2026-01-07 05:51:57+00:00,417.0,3248.22,3248.15,3248.39,ETH
2026-01-07 05:51:58+00:00,418.0,3248.28,3248.15,3248.39,ETH
2026-01-07 05:51:59+00:00,419.0,3248.29,3248.16,3248.38,ETH
2026-01-07 05:52:00+00:00,420.0,3248.32,3248.18,3248.38,ETH
2026-01-07 05:52:01+00:00,421.0,3248.31,3248.18,3248.38,ETH
2026-01-07 05:52:02+00:00,422.0,3248.3,3248.15,3248.39,ETH
2026-01-07 05:52:03+00:00,423.0,3248.3,3248.15,3248.39,ETH
2026-01-07 05:52:04+00:00,424.0,3248.31,3248.18,3248.37,ETH
2026-01-07 05:52:05+00:00,425.0,3248.32,3248.2,3248.35,ETH
2026-01-07 05:52:06+00:00,426.0,3248.32,3248.24,3248.35,ETH
2026-01-07 05:52:07+00:00,427.0,3248.33,3248.28,3248.38,ETH
2026-01-07 05:52:08+00:00,428.0,3248.32,3248.27,3248.38,ETH
2026-01-07 05:52:09+00:00,429.0,3248.35,3248.26,3248.4,ETH
2026-01-07 05:52:10+00:00,430.0,3248.38,3248.25,3248.46,ETH
2026-01-07 05:52:11+00:00,431.0,3248.38,3248.28,3248.46,ETH
2026-01-07 05:52:12+00:00,432.0,3248.37,3248.3,3248.46,ETH
2026-01-07 05:52:13+00:00,433.0,3248.37,3248.33,3248.46,ETH
2026-01-07 05:52:14+00:00,434.0,3248.37,3248.31,3248.46,ETH
2026-01-07 05:52:15+00:00,435.0,3248.24,3248.23,3248.35,ETH
2026-01-07 05:52:16+00:00,436.0,3248.24,3248.23,3248.34,ETH
2026-01-07 05:52:17+00:00,437.0,3248.34,3248.28,3248.38,ETH
2026-01-07 05:52:18+00:00,438.0,3248.34,3248.32,3248.38,ETH
2026-01-07 05:52:19+00:00,439.0,3248.34,3248.29,3248.38,ETH
2026-01-07 05:52:20+00:00,440.0,3248.24,3248.23,3248.35,ETH
2026-01-07 05:52:21+00:00,441.0,3248.29,3248.26,3248.37,ETH
2026-01-07 05:52:22+00:00,442.0,3248.27,3248.25,3248.36,ETH
2026-01-07 05:52:23+00:00,443.0,3248.24,3248.23,3248.36,ETH
2026-01-07 05:52:24+00:00,444.0,3248.25,3248.21,3248.36,ETH
2026-01-07 05:52:25+00:00,445.0,3248.36,3248.26,3248.39,ETH
2026-01-07 05:52:26+00:00,446.0,3248.35,3248.26,3248.37,ETH
2026-01-07 05:52:27+00:00,447.0,3248.36,3248.29,3248.42,ETH
2026-01-07 05:52:28+00:00,448.0,3248.37,3248.29,3248.42,ETH
2026-01-07 05:52:29+00:00,449.0,3248.39,3248.32,3248.42,ETH
2026-01-07 05:52:30+00:00,450.0,3248.41,3248.36,3248.56,ETH
2026-01-07 05:52:31+00:00,451.0,3248.41,3248.36,3248.52,ETH
2026-01-07 05:52:32+00:00,452.0,3248.41,3248.36,3248.54,ETH
2026-01-07 05:52:33+00:00,453.0,3248.41,3248.36,3248.55,ETH
2026-01-07 05:52:34+00:00,454.0,3248.44,3248.36,3248.55,ETH
2026-01-07 05:52:35+00:00,455.0,3248.4,3248.35,3248.44,ETH
2026-01-07 05:52:36+00:00,456.0,3248.38,3248.35,3248.44,ETH
2026-01-07 05:52:37+00:00,457.0,3248.39,3248.35,3248.44,ETH
2026-01-07 05:52:38+00:00,458.0,3248.44,3248.35,3248.53,ETH
2026-01-07 05:52:39+00:00,459.0,3248.36,3248.33,3248.44,ETH
2026-01-07 05:52:40+00:00,460.0,3248.37,3248.33,3248.44,ETH
2026-01-07 05:52:41+00:00,461.0,3248.38,3248.3,3248.44,ETH
2026-01-07 05:52:42+00:00,462.0,3248.39,3248.28,3248.43,ETH
2026-01-07 05:52:43+00:00,463.0,3248.37,3248.28,3248.42,ETH
2026-01-07 05:52:44+00:00,464.0,3248.41,3248.28,3248.52,ETH
2026-01-07 05:52:45+00:00,465.0,3248.35,3248.27,3248.42,ETH
2026-01-07 05:52:46+00:00,466.0,3248.41,3248.28,3248.52,ETH
2026-01-07 05:52:47+00:00,467.0,3248.41,3248.26,3248.5,ETH
2026-01-07 05:52:48+00:00,468.0,3248.41,3248.26,3248.5,ETH
2026-01-07 05:52:49+00:00,469.0,3248.29,3248.26,3248.41,ETH
2026-01-07 05:52:50+00:00,470.0,3248.31,3248.26,3248.41,ETH
2026-01-07 05:52:51+00:00,471.0,3248.4,3248.25,3248.52,ETH
2026-01-07 05:52:52+00:00,472.0,3248.4,3248.25,3248.52,ETH
2026-01-07 05:52:53+00:00,473.0,3248.4,3248.25,3248.51,ETH
2026-01-07 05:52:54+00:00,474.0,3248.4,3248.25,3248.51,ETH
2026-01-07 05:52:55+00:00,475.0,3248.14,3248.1,3248.3,ETH
2026-01-07 05:52:56+00:00,476.0,3248.14,3248.1,3248.19,ETH
2026-01-07 05:52:57+00:00,477.0,3248.15,3248.12,3248.17,ETH
2026-01-07 05:52:58+00:00,478.0,3248.14,3248.12,3248.16,ETH
2026-01-07 05:52:59+00:00,479.0,3248.14,3248.11,3248.16,ETH
2026-01-07 05:53:00+00:00,480.0,3248.14,3248.11,3248.16,ETH
2026-01-07 05:53:01+00:00,481.0,3248.04,3248.03,3248.15,ETH
2026-01-07 05:53:02+00:00,482.0,3248.04,3248.03,3248.14,ETH
2026-01-07 05:53:03+00:00,483.0,3248.04,3248.03,3248.14,ETH
2026-01-07 05:53:04+00:00,484.0,3247.77,3247.49,3247.81,ETH
2026-01-07 05:53:05+00:00,485.0,3247.38,3247.32,3247.44,ETH
2026-01-07 05:53:06+00:00,486.0,3246.84,3246.83,3246.96,ETH
2026-01-07 05:53:07+00:00,487.0,3246.84,3246.77,3246.86,ETH
2026-01-07 05:53:08+00:00,488.0,3246.83,3246.78,3246.87,ETH
2026-01-07 05:53:09+00:00,489.0,3246.61,3246.55,3246.71,ETH
2026-01-07 05:53:10+00:00,490.0,3246.5,3246.45,3246.9,ETH
2026-01-07 05:53:11+00:00,491.0,3246.46,3246.45,3246.52,ETH
2026-01-07 05:53:12+00:00,492.0,3245.58,3245.55,3245.97,ETH
2026-01-07 05:53:13+00:00,493.0,3245.5,3245.13,3245.58,ETH
2026-01-07 05:53:14+00:00,494.0,3245.3,3245.29,3245.36,ETH
2026-01-07 05:53:15+00:00,495.0,3245.28,3245.28,3245.34,ETH
2026-01-07 05:53:16+00:00,496.0,3245.34,3245.32,3245.41,ETH
2026-01-07 05:53:17+00:00,497.0,3245.46,3245.41,3245.5,ETH
2026-01-07 05:53:18+00:00,498.0,3245.5,3245.45,3245.58,ETH
2026-01-07 05:53:19+00:00,499.0,3245.5,3245.45,3245.62,ETH
2026-01-07 05:53:20+00:00,500.0,3245.63,3245.56,3245.67,ETH
2026-01-07 05:53:21+00:00,501.0,3245.66,3245.62,3245.69,ETH
2026-01-07 05:53:22+00:00,502.0,3245.77,3245.76,3245.78,ETH
2026-01-07 05:53:23+00:00,503.0,3246.1,3245.98,3246.17,ETH
2026-01-07 05:53:24+00:00,504.0,3246.13,3245.98,3246.17,ETH
2026-01-07 05:53:25+00:00,505.0,3246.08,3245.98,3246.16,ETH
2026-01-07 05:53:26+00:00,506.0,3246.01,3245.98,3246.14,ETH
2026-01-07 05:53:27+00:00,507.0,3246.18,3246.15,3246.3,ETH
2026-01-07 05:53:28+00:00,508.0,3246.3,3246.29,3246.32,ETH
2026-01-07 05:53:29+00:00,509.0,3246.32,3246.31,3246.34,ETH
2026-01-07 05:53:30+00:00,510.0,3246.33,3246.31,3246.58,ETH
2026-01-07 05:53:31+00:00,511.0,3246.57,3246.57,3246.64,ETH
2026-01-07 05:53:32+00:00,512.0,3246.58,3246.57,3246.68,ETH
2026-01-07 05:53:33+00:00,513.0,3246.58,3246.57,3246.81,ETH
2026-01-07 05:53:34+00:00,514.0,3246.75,3246.57,3246.82,ETH
2026-01-07 05:53:35+00:00,515.0,3246.79,3246.57,3246.85,ETH
2026-01-07 05:53:36+00:00,516.0,3246.79,3246.57,3246.86,ETH
2026-01-07 05:53:37+00:00,517.0,3246.89,3246.89,3246.91,ETH
2026-01-07 05:53:38+00:00,518.0,3247.24,3247.19,3247.28,ETH
2026-01-07 05:53:39+00:00,519.0,3247.39,3247.35,3247.58,ETH
2026-01-07 05:53:40+00:00,520.0,3247.36,3247.33,3247.58,ETH
2026-01-07 05:53:41+00:00,521.0,3247.38,3247.33,3247.58,ETH
2026-01-07 05:53:42+00:00,522.0,3247.35,3247.33,3247.59,ETH
2026-01-07 05:53:43+00:00,523.0,3247.35,3247.33,3247.59,ETH
2026-01-07 05:53:44+00:00,524.0,3247.38,3247.33,3247.59,ETH
2026-01-07 05:53:45+00:00,525.0,3247.37,3247.33,3247.57,ETH
2026-01-07 05:53:46+00:00,526.0,3247.36,3247.33,3247.57,ETH
2026-01-07 05:53:47+00:00,527.0,3247.36,3247.34,3247.57,ETH
2026-01-07 05:53:48+00:00,528.0,3247.39,3247.33,3247.57,ETH
2026-01-07 05:53:49+00:00,529.0,3247.39,3247.33,3247.59,ETH
2026-01-07 05:53:50+00:00,530.0,3247.39,3247.34,3247.59,ETH
2026-01-07 05:53:51+00:00,531.0,3247.37,3247.33,3247.59,ETH
2026-01-07 05:53:52+00:00,532.0,3247.37,3247.34,3247.6,ETH
2026-01-07 05:53:53+00:00,533.0,3247.06,3247.04,3247.18,ETH
2026-01-07 05:53:54+00:00,534.0,3246.76,3246.75,3246.77,ETH
2026-01-07 05:53:55+00:00,535.0,3246.93,3246.88,3247.06,ETH
2026-01-07 05:53:56+00:00,536.0,3246.9,3246.88,3246.95,ETH
2026-01-07 05:53:57+00:00,537.0,3246.88,3246.88,3246.93,ETH
2026-01-07 05:53:58+00:00,538.0,3246.9,3246.89,3246.97,ETH
2026-01-07 05:53:59+00:00,539.0,3246.9,3246.9,3246.97,ETH
2026-01-07 05:54:00+00:00,540.0,3246.88,3246.88,3247.02,ETH
2026-01-07 05:54:01+00:00,541.0,3246.91,3246.88,3247.02,ETH
2026-01-07 05:54:02+00:00,542.0,3246.88,3246.88,3247.02,ETH
2026-01-07 05:54:03+00:00,543.0,3246.85,3246.83,3247.02,ETH
2026-01-07 05:54:04+00:00,544.0,3246.85,3246.84,3246.99,ETH
2026-01-07 05:54:05+00:00,545.0,3246.77,3246.76,3246.98,ETH
2026-01-07 05:54:06+00:00,546.0,3246.83,3246.8,3246.96,ETH
2026-01-07 05:54:07+00:00,547.0,3246.81,3246.79,3246.96,ETH
2026-01-07 05:54:08+00:00,548.0,3246.81,3246.78,3246.96,ETH
2026-01-07 05:54:09+00:00,549.0,3246.81,3246.79,3246.97,ETH
2026-01-07 05:54:10+00:00,550.0,3246.82,3246.79,3246.97,ETH
2026-01-07 05:54:11+00:00,551.0,3246.68,3246.65,3246.88,ETH
2026-01-07 05:54:12+00:00,552.0,3246.27,3246.23,3246.3,ETH
2026-01-07 05:54:13+00:00,553.0,3246.17,3246.15,3246.21,ETH
2026-01-07 05:54:14+00:00,554.0,3245.96,3245.84,3246.01,ETH
2026-01-07 05:54:15+00:00,555.0,3245.54,3245.41,3245.68,ETH
2026-01-07 05:54:16+00:00,556.0,3245.29,3245.28,3245.45,ETH
2026-01-07 05:54:17+00:00,557.0,3245.26,3245.22,3245.36,ETH
2026-01-07 05:54:18+00:00,558.0,3245.13,3245.09,3245.2,ETH
2026-01-07 05:54:19+00:00,559.0,3244.98,3244.98,3245.13,ETH
2026-01-07 05:54:20+00:00,560.0,3245.14,3245.06,3245.35,ETH
2026-01-07 05:54:21+00:00,561.0,3245.37,3245.29,3245.53,ETH
2026-01-07 05:54:22+00:00,562.0,3245.51,3245.5,3245.61,ETH
2026-01-07 05:54:23+00:00,563.0,3245.6,3245.59,3245.72,ETH
2026-01-07 05:54:24+00:00,564.0,3245.63,3245.61,3245.75,ETH
2026-01-07 05:54:25+00:00,565.0,3245.64,3245.61,3245.8,ETH
2026-01-07 05:54:26+00:00,566.0,3245.59,3245.57,3245.75,ETH
2026-01-07 05:54:27+00:00,567.0,3245.55,3245.54,3245.65,ETH
2026-01-07 05:54:28+00:00,568.0,3245.47,3245.47,3245.57,ETH
2026-01-07 05:54:29+00:00,569.0,3245.4,3245.39,3245.5,ETH
2026-01-07 05:54:30+00:00,570.0,3245.37,3245.36,3245.45,ETH
2026-01-07 05:54:31+00:00,571.0,3245.37,3245.34,3245.42,ETH
2026-01-07 05:54:32+00:00,572.0,3245.39,3245.37,3245.51,ETH
2026-01-07 05:54:33+00:00,573.0,3245.34,3245.33,3245.49,ETH
2026-01-07 05:54:34+00:00,574.0,3245.31,3245.28,3245.4,ETH
2026-01-07 05:54:35+00:00,575.0,3245.34,3245.29,3245.39,ETH
2026-01-07 05:54:36+00:00,576.0,3245.33,3245.32,3245.4,ETH
2026-01-07 05:54:37+00:00,577.0,3245.23,3245.19,3245.34,ETH
2026-01-07 05:54:38+00:00,578.0,3245.33,3245.32,3245.41,ETH
2026-01-07 05:54:39+00:00,579.0,3245.33,3245.32,3245.41,ETH
2026-01-07 05:54:40+00:00,580.0,3245.36,3245.34,3245.42,ETH
2026-01-07 05:54:41+00:00,581.0,3245.36,3245.35,3245.42,ETH
2026-01-07 05:54:42+00:00,582.0,3245.36,3245.35,3245.53,ETH
2026-01-07 05:54:43+00:00,583.0,3245.36,3245.36,3245.58,ETH
2026-01-07 05:54:44+00:00,584.0,3245.38,3245.37,3245.72,ETH
2026-01-07 05:54:45+00:00,585.0,3245.44,3245.43,3245.78,ETH
2026-01-07 05:54:46+00:00,586.0,3245.61,3245.53,3245.86,ETH
2026-01-07 05:54:47+00:00,587.0,3245.86,3245.75,3246.07,ETH
2026-01-07 05:54:48+00:00,588.0,3246.0,3245.93,3246.19,ETH
2026-01-07 05:54:49+00:00,589.0,3246.0,3245.93,3246.17,ETH
2026-01-07 05:54:50+00:00,590.0,3246.0,3245.93,3246.16,ETH
2026-01-07 05:54:51+00:00,591.0,3246.01,3245.95,3246.2,ETH
2026-01-07 05:54:52+00:00,592.0,3246.01,3245.99,3246.24,ETH
2026-01-07 05:54:53+00:00,593.0,3246.01,3246.01,3246.18,ETH
2026-01-07 05:54:54+00:00,594.0,3246.14,3246.01,3246.28,ETH
2026-01-07 05:54:55+00:00,595.0,3246.28,3246.06,3246.45,ETH
2026-01-07 05:54:56+00:00,596.0,3246.29,3246.13,3246.51,ETH
2026-01-07 05:54:57+00:00,597.0,3246.29,3246.21,3246.53,ETH
2026-01-07 05:54:58+00:00,598.0,3246.29,3246.27,3246.56,ETH
2026-01-07 05:54:59+00:00,599.0,3246.45,3246.44,3246.66,ETH
2026-01-07 05:55:00+00:00,600.0,3246.64,3246.59,3246.69,ETH
2026-01-07 05:55:01+00:00,601.0,3246.78,3246.72,3246.8,ETH
2026-01-07 05:55:02+00:00,602.0,3246.88,3246.87,3246.98,ETH
2026-01-07 05:55:03+00:00,603.0,3246.89,3246.88,3247.07,ETH
2026-01-07 05:55:04+00:00,604.0,3247.07,3247.05,3247.31,ETH
2026-01-07 05:55:05+00:00,605.0,3247.47,3247.4,3247.66,ETH
2026-01-07 05:55:06+00:00,606.0,3247.7,3247.58,3247.78,ETH
2026-01-07 05:55:07+00:00,607.0,3247.72,3247.58,3247.78,ETH
2026-01-07 05:55:08+00:00,608.0,3247.74,3247.58,3247.78,ETH
2026-01-07 05:55:09+00:00,609.0,3247.75,3247.59,3247.78,ETH
2026-01-07 05:55:10+00:00,610.0,3247.75,3247.58,3247.78,ETH
2026-01-07 05:55:11+00:00,611.0,3247.75,3247.57,3247.78,ETH
2026-01-07 05:55:12+00:00,612.0,3247.75,3247.57,3247.78,ETH
2026-01-07 05:55:13+00:00,613.0,3247.67,3247.57,3247.77,ETH
2026-01-07 05:55:14+00:00,614.0,3247.59,3247.52,3247.76,ETH
2026-01-07 05:55:15+00:00,615.0,3247.59,3247.46,3247.74,ETH
2026-01-07 05:55:16+00:00,616.0,3247.56,3247.44,3247.65,ETH
2026-01-07 05:55:17+00:00,617.0,3247.5,3247.4,3247.59,ETH
2026-01-07 05:55:18+00:00,618.0,3247.47,3247.37,3247.59,ETH
2026-01-07 05:55:19+00:00,619.0,3247.47,3247.38,3247.59,ETH
2026-01-07 05:55:20+00:00,620.0,3247.47,3247.38,3247.59,ETH
2026-01-07 05:55:21+00:00,621.0,3247.47,3247.38,3247.59,ETH
2026-01-07 05:55:22+00:00,622.0,3247.59,3247.51,3247.65,ETH
2026-01-07 05:55:23+00:00,623.0,3247.72,3247.63,3247.73,ETH
2026-01-07 05:55:24+00:00,624.0,3247.72,3247.62,3247.74,ETH
2026-01-07 05:55:25+00:00,625.0,3247.71,3247.56,3247.72,ETH
2026-01-07 05:55:26+00:00,626.0,3247.73,3247.7,3247.76,ETH
2026-01-07 05:55:27+00:00,627.0,3247.72,3247.63,3247.76,ETH
2026-01-07 05:55:28+00:00,628.0,3247.72,3247.61,3247.76,ETH
2026-01-07 05:55:29+00:00,629.0,3247.72,3247.59,3247.75,ETH
2026-01-07 05:55:30+00:00,630.0,3247.72,3247.57,3247.76,ETH
2026-01-07 05:55:31+00:00,631.0,3247.74,3247.59,3247.77,ETH
2026-01-07 05:55:32+00:00,632.0,3247.74,3247.59,3247.77,ETH
2026-01-07 05:55:33+00:00,633.0,3247.79,3247.66,3247.84,ETH
2026-01-07 05:55:34+00:00,634.0,3247.79,3247.65,3247.87,ETH
2026-01-07 05:55:35+00:00,635.0,3247.79,3247.65,3247.82,ETH
2026-01-07 05:55:36+00:00,636.0,3247.79,3247.65,3247.82,ETH
2026-01-07 05:55:37+00:00,637.0,3247.79,3247.68,3247.82,ETH
2026-01-07 05:55:38+00:00,638.0,3247.79,3247.68,3247.82,ETH
2026-01-07 05:55:39+00:00,639.0,3247.79,3247.65,3247.82,ETH
2026-01-07 05:55:40+00:00,640.0,3247.81,3247.65,3247.82,ETH
2026-01-07 05:55:41+00:00,641.0,3247.8,3247.65,3247.81,ETH
2026-01-07 05:55:42+00:00,642.0,3247.8,3247.65,3247.81,ETH
2026-01-07 05:55:43+00:00,643.0,3247.8,3247.65,3247.81,ETH
2026-01-07 05:55:44+00:00,644.0,3247.8,3247.73,3247.87,ETH
2026-01-07 05:55:45+00:00,645.0,3247.82,3247.8,3247.92,ETH
2026-01-07 05:55:46+00:00,646.0,3247.83,3247.8,3247.92,ETH
2026-01-07 05:55:47+00:00,647.0,3247.83,3247.8,3247.92,ETH
2026-01-07 05:55:48+00:00,648.0,3247.9,3247.82,3247.95,ETH
2026-01-07 05:55:49+00:00,649.0,3248.09,3248.05,3248.17,ETH
2026-01-07 05:55:50+00:00,650.0,3248.09,3248.03,3248.28,ETH
2026-01-07 05:55:51+00:00,651.0,3248.09,3248.03,3248.17,ETH
2026-01-07 05:55:52+00:00,652.0,3248.09,3248.02,3248.25,ETH
2026-01-07 05:55:53+00:00,653.0,3248.11,3248.07,3248.26,ETH
2026-01-07 05:55:54+00:00,654.0,3248.11,3248.08,3248.26,ETH
2026-01-07 05:55:55+00:00,655.0,3248.15,3248.09,3248.26,ETH
2026-01-07 05:55:56+00:00,656.0,3248.13,3248.09,3248.26,ETH
2026-01-07 05:55:57+00:00,657.0,3248.14,3248.09,3248.26,ETH
2026-01-07 05:55:58+00:00,658.0,3248.14,3248.09,3248.26,ETH
2026-01-07 05:55:59+00:00,659.0,3248.03,3247.92,3248.07,ETH
2026-01-07 05:56:00+00:00,660.0,3247.95,3247.8,3248.04,ETH
2026-01-07 05:56:01+00:00,661.0,3247.79,3247.79,3248.12,ETH
2026-01-07 05:56:02+00:00,662.0,3247.79,3247.79,3248.12,ETH
2026-01-07 05:56:03+00:00,663.0,3247.44,3247.4,3247.49,ETH
2026-01-07 05:56:04+00:00,664.0,3247.36,3247.35,3247.61,ETH
2026-01-07 05:56:05+00:00,665.0,3247.37,3247.37,3247.67,ETH
2026-01-07 05:56:06+00:00,666.0,3247.37,3247.37,3247.57,ETH
2026-01-07 05:56:07+00:00,667.0,3247.75,3247.53,3247.85,ETH
2026-01-07 05:56:08+00:00,668.0,3247.94,3247.85,3248.12,ETH
2026-01-07 05:56:09+00:00,669.0,3247.96,3247.93,3248.01,ETH
2026-01-07 05:56:10+00:00,670.0,3248.01,3247.93,3248.2,ETH
2026-01-07 05:56:11+00:00,671.0,3248.01,3247.93,3248.17,ETH
2026-01-07 05:56:12+00:00,672.0,3248.02,3247.91,3248.11,ETH
2026-01-07 05:56:13+00:00,673.0,3248.05,3247.97,3248.11,ETH
2026-01-07 05:56:14+00:00,674.0,3248.08,3248.04,3248.17,ETH
2026-01-07 05:56:15+00:00,675.0,3248.09,3248.05,3248.21,ETH
2026-01-07 05:56:16+00:00,676.0,3248.1,3248.06,3248.22,ETH
2026-01-07 05:56:17+00:00,677.0,3248.1,3248.05,3248.22,ETH
2026-01-07 05:56:18+00:00,678.0,3248.02,3247.99,3248.17,ETH
2026-01-07 05:56:19+00:00,679.0,3247.97,3247.93,3248.08,ETH
2026-01-07 05:56:20+00:00,680.0,3248.0,3247.93,3248.04,ETH
2026-01-07 05:56:21+00:00,681.0,3248.0,3247.93,3248.07,ETH
2026-01-07 05:56:22+00:00,682.0,3248.0,3247.92,3248.12,ETH
2026-01-07 05:56:23+00:00,683.0,3248.0,3247.94,3248.11,ETH
2026-01-07 05:56:24+00:00,684.0,3248.0,3247.94,3248.11,ETH
2026-01-07 05:56:25+00:00,685.0,3248.0,3247.93,3248.12,ETH
2026-01-07 05:56:26+00:00,686.0,3248.0,3247.93,3248.11,ETH
2026-01-07 05:56:27+00:00,687.0,3248.0,3247.93,3248.1,ETH
2026-01-07 05:56:28+00:00,688.0,3248.0,3247.93,3248.1,ETH
2026-01-07 05:56:29+00:00,689.0,3248.0,3247.93,3248.11,ETH
2026-01-07 05:56:30+00:00,690.0,3248.0,3247.93,3248.11,ETH
2026-01-07 05:56:31+00:00,691.0,3248.0,3247.94,3248.11,ETH
2026-01-07 05:56:33+00:00,693.0,3248.01,3247.89,3248.08,ETH
2026-01-07 05:56:34+00:00,694.0,3248.01,3247.89,3248.08,ETH
2026-01-07 05:56:35+00:00,695.0,3248.01,3247.89,3248.08,ETH
2026-01-07 05:56:36+00:00,696.0,3248.0,3247.87,3248.04,ETH
2026-01-07 05:56:37+00:00,697.0,3247.84,3247.67,3247.99,ETH
2026-01-07 05:56:38+00:00,698.0,3247.59,3247.37,3247.79,ETH
2026-01-07 05:56:39+00:00,699.0,3247.31,3247.17,3247.53,ETH
2026-01-07 05:56:40+00:00,700.0,3247.03,3246.99,3247.24,ETH
2026-01-07 05:56:41+00:00,701.0,3246.78,3246.75,3247.08,ETH
2026-01-07 05:56:42+00:00,702.0,3246.7,3246.7,3247.06,ETH
2026-01-07 05:56:43+00:00,703.0,3246.78,3246.77,3247.05,ETH
2026-01-07 05:56:44+00:00,704.0,3246.76,3246.75,3247.06,ETH
2026-01-07 05:56:45+00:00,705.0,3246.74,3246.73,3247.06,ETH
2026-01-07 05:56:46+00:00,706.0,3246.74,3246.73,3247.07,ETH
2026-01-07 05:56:47+00:00,707.0,3246.75,3246.74,3247.08,ETH
2026-01-07 05:56:48+00:00,708.0,3246.76,3246.75,3246.99,ETH
2026-01-07 05:56:49+00:00,709.0,3246.77,3246.76,3246.86,ETH
2026-01-07 05:56:50+00:00,710.0,3246.77,3246.76,3246.86,ETH
2026-01-07 05:56:51+00:00,711.0,3246.78,3246.77,3246.9,ETH
2026-01-07 05:56:52+00:00,712.0,3246.79,3246.77,3246.87,ETH
2026-01-07 05:56:53+00:00,713.0,3246.79,3246.78,3246.89,ETH
2026-01-07 05:56:54+00:00,714.0,3246.79,3246.79,3246.94,ETH
2026-01-07 05:56:55+00:00,715.0,3246.79,3246.79,3246.99,ETH
2026-01-07 05:56:56+00:00,716.0,3246.79,3246.79,3247.03,ETH
2026-01-07 05:56:57+00:00,717.0,3246.79,3246.79,3247.04,ETH
2026-01-07 05:56:58+00:00,718.0,3246.78,3246.77,3247.03,ETH
2026-01-07 05:56:59+00:00,719.0,3246.77,3246.76,3247.02,ETH
2026-01-07 05:57:00+00:00,720.0,3246.77,3246.76,3247.04,ETH
2026-01-07 05:57:01+00:00,721.0,3246.77,3246.76,3247.05,ETH
2026-01-07 05:57:02+00:00,722.0,3246.77,3246.76,3247.07,ETH
2026-01-07 05:57:03+00:00,723.0,3246.81,3246.81,3247.09,ETH
2026-01-07 05:57:04+00:00,724.0,3246.81,3246.81,3247.09,ETH
2026-01-07 05:57:05+00:00,725.0,3246.92,3246.87,3247.01,ETH
2026-01-07 05:57:06+00:00,726.0,3246.97,3246.93,3247.01,ETH
2026-01-07 05:57:07+00:00,727.0,3247.0,3247.0,3247.19,ETH
2026-01-07 05:57:08+00:00,728.0,3247.04,3247.02,3247.16,ETH
2026-01-07 05:57:09+00:00,729.0,3247.04,3247.02,3247.16,ETH
2026-01-07 05:57:10+00:00,730.0,3247.05,3247.04,3247.35,ETH
2026-01-07 05:57:11+00:00,731.0,3247.1,3247.06,3247.24,ETH
2026-01-07 05:57:12+00:00,732.0,3247.23,3247.05,3247.3,ETH
2026-01-07 05:57:13+00:00,733.0,3247.19,3247.05,3247.29,ETH
2026-01-07 05:57:14+00:00,734.0,3247.47,3247.43,3247.55,ETH
2026-01-07 05:57:15+00:00,735.0,3247.55,3247.51,3247.66,ETH
2026-01-07 05:57:16+00:00,736.0,3247.56,3247.54,3247.75,ETH
2026-01-07 05:57:17+00:00,737.0,3247.56,3247.54,3247.75,ETH
2026-01-07 05:57:18+00:00,738.0,3247.56,3247.54,3247.68,ETH
2026-01-07 05:57:19+00:00,739.0,3247.56,3247.54,3247.67,ETH
2026-01-07 05:57:20+00:00,740.0,3247.56,3247.54,3247.71,ETH
2026-01-07 05:57:21+00:00,741.0,3247.56,3247.48,3247.72,ETH
2026-01-07 05:57:22+00:00,742.0,3247.56,3247.48,3247.77,ETH
2026-01-07 05:57:24+00:00,744.0,3247.49,3247.38,3247.67,ETH
2026-01-07 05:57:25+00:00,745.0,3247.47,3247.34,3247.51,ETH
2026-01-07 05:57:26+00:00,746.0,3247.34,3247.32,3247.48,ETH
2026-01-07 05:57:27+00:00,747.0,3247.34,3247.26,3247.5,ETH
2026-01-07 05:57:28+00:00,748.0,3247.33,3247.26,3247.45,ETH
2026-01-07 05:57:29+00:00,749.0,3247.33,3247.26,3247.43,ETH
2026-01-07 05:57:30+00:00,750.0,3247.33,3247.26,3247.37,ETH
2026-01-07 05:57:31+00:00,751.0,3247.33,3247.26,3247.57,ETH
2026-01-07 05:57:32+00:00,752.0,3247.33,3247.26,3247.56,ETH
2026-01-07 05:57:33+00:00,753.0,3247.29,3247.26,3247.34,ETH
2026-01-07 05:57:34+00:00,754.0,3247.33,3247.26,3247.56,ETH
2026-01-07 05:57:35+00:00,755.0,3247.2,3246.93,3247.29,ETH
2026-01-07 05:57:36+00:00,756.0,3246.77,3246.76,3246.99,ETH
2026-01-07 05:57:37+00:00,757.0,3246.76,3246.76,3246.99,ETH
2026-01-07 05:57:38+00:00,758.0,3246.73,3246.72,3247.15,ETH
2026-01-07 05:57:39+00:00,759.0,3246.73,3246.72,3247.13,ETH
2026-01-07 05:57:40+00:00,760.0,3246.73,3246.72,3246.99,ETH
2026-01-07 05:57:41+00:00,761.0,3246.73,3246.72,3247.14,ETH
2026-01-07 05:57:42+00:00,762.0,3246.73,3246.72,3247.09,ETH
2026-01-07 05:57:43+00:00,763.0,3246.73,3246.72,3246.86,ETH
2026-01-07 05:57:44+00:00,764.0,3246.73,3246.72,3247.09,ETH
2026-01-07 05:57:45+00:00,765.0,3246.73,3246.72,3247.18,ETH
2026-01-07 05:57:46+00:00,766.0,3246.73,3246.72,3247.16,ETH
2026-01-07 05:57:47+00:00,767.0,3246.72,3246.71,3247.11,ETH
2026-01-07 05:57:48+00:00,768.0,3246.66,3246.65,3246.98,ETH
2026-01-07 05:57:49+00:00,769.0,3246.57,3246.55,3246.83,ETH
2026-01-07 05:57:50+00:00,770.0,3246.54,3246.49,3246.76,ETH
2026-01-07 05:57:51+00:00,771.0,3246.44,3246.41,3246.77,ETH
2026-01-07 05:57:52+00:00,772.0,3246.34,3246.34,3246.77,ETH
2026-01-07 05:57:53+00:00,773.0,3246.34,3246.34,3246.82,ETH
2026-01-07 05:57:54+00:00,774.0,3246.34,3246.34,3246.89,ETH
2026-01-07 05:57:55+00:00,775.0,3246.36,3246.33,3246.9,ETH
2026-01-07 05:57:56+00:00,776.0,3246.32,3246.3,3246.84,ETH
2026-01-07 05:57:57+00:00,777.0,3246.24,3246.24,3246.58,ETH
2026-01-07 05:57:58+00:00,778.0,3246.12,3246.12,3246.32,ETH
2026-01-07 05:57:59+00:00,779.0,3245.95,3245.94,3246.23,ETH
2026-01-07 05:58:00+00:00,780.0,3245.91,3245.9,3246.19,ETH
2026-01-07 05:58:01+00:00,781.0,3245.99,3245.97,3246.16,ETH
2026-01-07 05:58:02+00:00,782.0,3246.03,3246.03,3246.14,ETH
2026-01-07 05:58:03+00:00,783.0,3246.05,3246.05,3246.21,ETH
2026-01-07 05:58:04+00:00,784.0,3246.07,3246.06,3246.25,ETH
2026-01-07 05:58:05+00:00,785.0,3246.09,3246.08,3246.23,ETH
2026-01-07 05:58:06+00:00,786.0,3246.09,3246.09,3246.21,ETH
2026-01-07 05:58:07+00:00,787.0,3246.09,3246.08,3246.19,ETH
2026-01-07 05:58:08+00:00,788.0,3246.09,3246.08,3246.22,ETH
2026-01-07 05:58:09+00:00,789.0,3246.09,3246.08,3246.27,ETH
2026-01-07 05:58:10+00:00,790.0,3246.09,3246.08,3246.26,ETH
2026-01-07 05:58:11+00:00,791.0,3245.99,3245.92,3246.09,ETH
2026-01-07 05:58:12+00:00,792.0,3246.09,3246.08,3246.19,ETH
2026-01-07 05:58:13+00:00,793.0,3246.05,3246.03,3246.14,ETH
2026-01-07 05:58:14+00:00,794.0,3246.09,3246.08,3246.18,ETH
2026-01-07 05:58:15+00:00,795.0,3246.09,3246.08,3246.18,ETH
2026-01-07 05:58:16+00:00,796.0,3246.09,3246.08,3246.17,ETH
2026-01-07 05:58:17+00:00,797.0,3246.09,3246.08,3246.18,ETH
2026-01-07 05:58:18+00:00,798.0,3246.09,3246.08,3246.22,ETH
2026-01-07 05:58:19+00:00,799.0,3246.09,3246.08,3246.22,ETH
2026-01-07 05:58:20+00:00,800.0,3246.06,3246.05,3246.21,ETH
2026-01-07 05:58:21+00:00,801.0,3246.06,3246.05,3246.21,ETH
2026-01-07 05:58:22+00:00,802.0,3246.07,3246.07,3246.21,ETH
2026-01-07 05:58:23+00:00,803.0,3246.09,3246.08,3246.17,ETH
2026-01-07 05:58:24+00:00,804.0,3246.1,3246.1,3246.19,ETH
2026-01-07 05:58:25+00:00,805.0,3246.12,3246.12,3246.25,ETH
2026-01-07 05:58:26+00:00,806.0,3246.13,3246.12,3246.26,ETH
2026-01-07 05:58:27+00:00,807.0,3246.18,3246.16,3246.26,ETH
2026-01-07 05:58:28+00:00,808.0,3246.33,3246.24,3246.4,ETH
2026-01-07 05:58:29+00:00,809.0,3246.47,3246.35,3246.65,ETH
2026-01-07 05:58:30+00:00,810.0,3246.49,3246.42,3246.75,ETH
2026-01-07 05:58:31+00:00,811.0,3246.48,3246.43,3246.63,ETH
2026-01-07 05:58:32+00:00,812.0,3246.51,3246.47,3246.55,ETH
2026-01-07 05:58:33+00:00,813.0,3246.54,3246.48,3246.59,ETH
2026-01-07 05:58:34+00:00,814.0,3246.54,3246.48,3246.58,ETH
2026-01-07 05:58:35+00:00,815.0,3246.57,3246.48,3246.61,ETH
2026-01-07 05:58:36+00:00,816.0,3246.53,3246.48,3246.58,ETH
2026-01-07 05:58:37+00:00,817.0,3246.49,3246.47,3246.58,ETH
2026-01-07 05:58:38+00:00,818.0,3246.49,3246.47,3246.58,ETH
2026-01-07 05:58:39+00:00,819.0,3246.5,3246.48,3246.58,ETH
2026-01-07 05:58:40+00:00,820.0,3246.5,3246.47,3246.55,ETH
2026-01-07 05:58:41+00:00,821.0,3246.45,3246.42,3246.52,ETH
2026-01-07 05:58:42+00:00,822.0,3246.44,3246.39,3246.49,ETH
2026-01-07 05:58:43+00:00,823.0,3246.37,3246.33,3246.45,ETH
2026-01-07 05:58:44+00:00,824.0,3246.37,3246.33,3246.45,ETH
2026-01-07 05:58:45+00:00,825.0,3246.32,3246.32,3246.45,ETH
2026-01-07 05:58:46+00:00,826.0,3246.33,3246.32,3246.38,ETH
2026-01-07 05:58:47+00:00,827.0,3246.24,3246.21,3246.31,ETH
2026-01-07 05:58:48+00:00,828.0,3246.18,3246.16,3246.22,ETH
2026-01-07 05:58:49+00:00,829.0,3246.14,3246.14,3246.28,ETH
2026-01-07 05:58:50+00:00,830.0,3246.14,3246.14,3246.28,ETH
2026-01-07 05:58:51+00:00,831.0,3246.18,3246.18,3246.3,ETH
2026-01-07 05:58:52+00:00,832.0,3246.14,3246.11,3246.19,ETH
2026-01-07 05:58:53+00:00,833.0,3246.15,3246.12,3246.19,ETH
2026-01-07 05:58:54+00:00,834.0,3246.1,3246.06,3246.19,ETH
2026-01-07 05:58:55+00:00,835.0,3246.13,3246.1,3246.19,ETH
2026-01-07 05:58:56+00:00,836.0,3246.29,3246.29,3246.51,ETH
2026-01-07 05:58:57+00:00,837.0,3246.46,3246.41,3246.51,ETH
2026-01-07 05:58:58+00:00,838.0,3246.45,3246.42,3246.49,ETH
2026-01-07 05:58:59+00:00,839.0,3246.47,3246.42,3246.77,ETH
2026-01-07 05:59:00+00:00,840.0,3246.46,3246.4,3246.71,ETH
2026-01-07 05:59:01+00:00,841.0,3246.37,3246.36,3246.73,ETH
2026-01-07 05:59:02+00:00,842.0,3246.35,3246.34,3246.7,ETH
2026-01-07 05:59:03+00:00,843.0,3246.23,3246.22,3246.55,ETH
2026-01-07 05:59:04+00:00,844.0,3246.29,3246.24,3246.63,ETH
2026-01-07 05:59:05+00:00,845.0,3246.29,3246.28,3246.58,ETH
2026-01-07 05:59:06+00:00,846.0,3246.29,3246.27,3246.63,ETH
2026-01-07 05:59:07+00:00,847.0,3246.29,3246.29,3246.63,ETH
2026-01-07 05:59:08+00:00,848.0,3246.29,3246.29,3246.62,ETH
2026-01-07 05:59:09+00:00,849.0,3246.29,3246.29,3246.65,ETH
2026-01-07 05:59:10+00:00,850.0,3246.29,3246.28,3246.66,ETH
2026-01-07 05:59:11+00:00,851.0,3246.29,3246.29,3246.41,ETH
2026-01-07 05:59:12+00:00,852.0,3246.39,3246.33,3246.43,ETH
2026-01-07 05:59:13+00:00,853.0,3246.41,3246.4,3246.48,ETH
2026-01-07 05:59:14+00:00,854.0,3246.45,3246.43,3246.5,ETH
2026-01-07 05:59:15+00:00,855.0,3246.43,3246.4,3246.51,ETH
2026-01-07 05:59:16+00:00,856.0,3246.4,3246.37,3246.44,ETH
2026-01-07 05:59:17+00:00,857.0,3246.43,3246.43,3246.52,ETH
2026-01-07 05:59:18+00:00,858.0,3246.41,3246.37,3246.45,ETH
2026-01-07 05:59:19+00:00,859.0,3246.44,3246.39,3246.48,ETH
2026-01-07 05:59:20+00:00,860.0,3246.42,3246.38,3246.46,ETH
2026-01-07 05:59:21+00:00,861.0,3246.44,3246.41,3246.66,ETH
2026-01-07 05:59:22+00:00,862.0,3246.45,3246.44,3246.69,ETH
2026-01-07 05:59:23+00:00,863.0,3246.56,3246.51,3246.77,ETH
2026-01-07 05:59:25+00:00,865.0,3246.84,3246.74,3247.1,ETH
2026-01-07 05:59:26+00:00,866.0,3246.93,3246.83,3247.06,ETH
2026-01-07 05:59:27+00:00,867.0,3246.93,3246.85,3247.06,ETH
2026-01-07 05:59:28+00:00,868.0,3246.92,3246.83,3247.09,ETH
2026-01-07 05:59:29+00:00,869.0,3246.94,3246.86,3247.09,ETH
2026-01-07 05:59:30+00:00,870.0,3246.94,3246.85,3247.09,ETH
2026-01-07 05:59:31+00:00,871.0,3246.98,3246.89,3247.14,ETH
2026-01-07 05:59:32+00:00,872.0,3247.09,3246.89,3247.14,ETH
2026-01-07 05:59:33+00:00,873.0,3247.13,3247.04,3247.31,ETH
2026-01-07 05:59:34+00:00,874.0,3247.13,3247.04,3247.36,ETH
2026-01-07 05:59:35+00:00,875.0,3247.13,3247.04,3247.36,ETH
2026-01-07 05:59:36+00:00,876.0,3247.05,3246.83,3247.14,ETH
2026-01-07 05:59:37+00:00,877.0,3246.83,3246.82,3246.92,ETH
2026-01-07 05:59:38+00:00,878.0,3247.03,3247.0,3247.15,ETH
2026-01-07 05:59:39+00:00,879.0,3247.23,3247.04,3247.29,ETH
2026-01-07 05:59:40+00:00,880.0,3247.28,3247.09,3247.45,ETH
2026-01-07 05:59:41+00:00,881.0,3247.26,3247.09,3247.45,ETH
2026-01-07 05:59:42+00:00,882.0,3247.29,3247.1,3247.37,ETH
2026-01-07 05:59:43+00:00,883.0,3247.29,3247.12,3247.38,ETH
2026-01-07 05:59:44+00:00,884.0,3247.29,3247.11,3247.4,ETH
2026-01-07 05:59:45+00:00,885.0,3247.26,3247.15,3247.44,ETH
2026-01-07 05:59:46+00:00,886.0,3247.39,3247.34,3247.48,ETH
2026-01-07 05:59:47+00:00,887.0,3247.67,3247.59,3247.71,ETH
2026-01-07 05:59:48+00:00,888.0,3247.83,3247.75,3247.9,ETH
2026-01-07 05:59:49+00:00,889.0,3247.88,3247.84,3248.02,ETH
2026-01-07 05:59:50+00:00,890.0,3247.95,3247.87,3248.06,ETH
2026-01-07 05:59:51+00:00,891.0,3248.02,3247.89,3248.06,ETH
2026-01-07 05:59:52+00:00,892.0,3248.01,3247.92,3248.09,ETH
2026-01-07 05:59:53+00:00,893.0,3247.99,3247.93,3248.13,ETH
2026-01-07 05:59:54+00:00,894.0,3248.01,3247.95,3248.13,ETH
2026-01-07 05:59:55+00:00,895.0,3248.01,3247.94,3248.13,ETH
2026-01-07 05:59:56+00:00,896.0,3248.01,3247.94,3248.13,ETH
2026-01-07 05:59:57+00:00,897.0,3248.01,3247.96,3248.13,ETH
2026-01-07 05:59:58+00:00,898.0,3248.01,3247.98,3248.29,ETH
2026-01-07 05:59:59+00:00,899.0,3248.17,3248.03,3248.45,ETH
