timestamp,collected_at,seconds,mid,bid,ask,asset
2026-01-06 03:15:00+00:00,2026-01-06 03:17:19.941631+00:00,0.0,138.13,138.1,138.14,SOL
2026-01-06 03:15:01+00:00,2026-01-06 03:17:20.972761+00:00,1.0,138.12,138.1,138.14,SOL
2026-01-06 03:15:02+00:00,2026-01-06 03:17:22.028421+00:00,2.0,138.12,138.1,138.13,SOL
2026-01-06 03:15:03+00:00,2026-01-06 03:17:23.128640+00:00,3.0,138.11,138.09,138.12,SOL
2026-01-06 03:15:05+00:00,2026-01-06 03:17:24.500303+00:00,5.0,138.09,138.07,138.1,SOL
2026-01-06 03:15:06+00:00,2026-01-06 03:17:25.540456+00:00,6.0,138.09,138.07,138.1,SOL
2026-01-06 03:15:07+00:00,2026-01-06 03:17:26.576751+00:00,7.0,138.1,138.07,138.1,SOL
2026-01-06 03:15:08+00:00,2026-01-06 03:17:27.633776+00:00,8.0,138.09,138.07,138.1,SOL
2026-01-06 03:15:09+00:00,2026-01-06 03:17:28.766488+00:00,9.0,138.07,138.06,138.08,SOL
2026-01-06 03:15:10+00:00,2026-01-06 03:17:29.920094+00:00,10.0,138.06,138.05,138.07,SOL
2026-01-06 03:15:11+00:00,2026-01-06 03:17:30.967250+00:00,11.0,138.06,138.04,138.07,SOL
2026-01-06 03:15:12+00:00,2026-01-06 03:17:32.153100+00:00,12.0,138.06,138.04,138.07,SOL
2026-01-06 03:15:14+00:00,2026-01-06 03:17:33.248879+00:00,14.0,138.06,138.04,138.07,SOL
2026-01-06 03:15:15+00:00,2026-01-06 03:17:34.241914+00:00,15.0,138.06,138.04,138.07,SOL
2026-01-06 03:15:16+00:00,2026-01-06 03:17:35.432599+00:00,16.0,138.05,138.04,138.06,SOL
2026-01-06 03:15:17+00:00,2026-01-06 03:17:37.365116+00:00,17.0,138.04,138.03,138.05,SOL
2026-01-06 03:15:18+00:00,2026-01-06 03:17:38.507166+00:00,18.0,138.04,138.02,138.05,SOL
2026-01-06 03:15:19+00:00,2026-01-06 03:17:39.738095+00:00,19.0,138.03,138.01,138.03,SOL
2026-01-06 03:15:21+00:00,2026-01-06 03:17:40.795577+00:00,21.0,137.99,137.98,138.0,SOL
2026-01-06 03:15:22+00:00,2026-01-06 03:17:41.783333+00:00,22.0,137.99,137.98,138.0,SOL
2026-01-06 03:15:23+00:00,2026-01-06 03:17:42.841514+00:00,23.0,137.97,137.96,137.99,SOL
2026-01-06 03:15:24+00:00,2026-01-06 03:17:43.784540+00:00,24.0,137.97,137.96,137.98,SOL
2026-01-06 03:15:25+00:00,2026-01-06 03:17:44.875867+00:00,25.0,137.97,137.96,137.99,SOL
2026-01-06 03:15:26+00:00,2026-01-06 03:17:46.035388+00:00,26.0,137.98,137.96,137.99,SOL
2026-01-06 03:15:27+00:00,2026-01-06 03:17:46.971718+00:00,27.0,137.98,137.97,137.99,SOL
2026-01-06 03:15:28+00:00,2026-01-06 03:17:48.341724+00:00,28.0,137.98,137.97,137.99,SOL
2026-01-06 03:15:29+00:00,2026-01-06 03:17:48.990760+00:00,29.0,137.98,137.97,137.99,SOL
2026-01-06 03:15:30+00:00,2026-01-06 03:17:50.038028+00:00,30.0,137.98,137.97,137.99,SOL
2026-01-06 03:15:31+00:00,2026-01-06 03:17:51.266312+00:00,31.0,137.98,137.97,137.99,SOL
2026-01-06 03:15:32+00:00,2026-01-06 03:17:52.708840+00:00,32.0,137.98,137.97,137.99,SOL
2026-01-06 03:15:33+00:00,2026-01-06 03:17:53.452887+00:00,33.0,138.0,137.99,138.02,SOL
2026-01-06 03:15:35+00:00,2026-01-06 03:17:54.683592+00:00,35.0,138.03,138.01,138.04,SOL
2026-01-06 03:15:36+00:00,2026-01-06 03:17:55.656708+00:00,36.0,138.03,138.01,138.04,SOL
2026-01-06 03:15:37+00:00,2026-01-06 03:17:56.718453+00:00,37.0,138.02,138.01,138.03,SOL
2026-01-06 03:15:38+00:00,2026-01-06 03:17:57.718796+00:00,38.0,138.02,138.01,138.04,SOL
2026-01-06 03:15:39+00:00,2026-01-06 03:17:58.853613+00:00,39.0,138.02,138.01,138.04,SOL
2026-01-06 03:15:40+00:00,2026-01-06 03:18:00.331369+00:00,40.0,138.02,138.01,138.04,SOL
2026-01-06 03:15:41+00:00,2026-01-06 03:18:02.015093+00:00,41.0,138.02,138.01,138.04,SOL
2026-01-06 03:15:42+00:00,2026-01-06 03:18:03.064431+00:00,42.0,138.02,138.01,138.04,SOL
2026-01-06 03:15:43+00:00,2026-01-06 03:18:04.115329+00:00,43.0,138.03,138.02,138.06,SOL
2026-01-06 03:15:45+00:00,2026-01-06 03:18:05.048065+00:00,45.0,138.05,138.03,138.07,SOL
2026-01-06 03:15:46+00:00,2026-01-06 03:18:06.257241+00:00,46.0,138.05,138.04,138.07,SOL
2026-01-06 03:15:47+00:00,2026-01-06 03:18:07.715535+00:00,47.0,138.06,138.04,138.07,SOL
2026-01-06 03:15:48+00:00,2026-01-06 03:18:08.214852+00:00,48.0,138.06,138.04,138.07,SOL
2026-01-06 03:15:49+00:00,2026-01-06 03:18:09.173753+00:00,49.0,138.08,138.06,138.1,SOL
2026-01-06 03:15:50+00:00,2026-01-06 03:18:10.309407+00:00,50.0,138.08,138.07,138.1,SOL
2026-01-06 03:15:51+00:00,2026-01-06 03:18:11.425854+00:00,51.0,138.08,138.06,138.09,SOL
2026-01-06 03:15:52+00:00,2026-01-06 03:18:12.449029+00:00,52.0,138.08,138.06,138.09,SOL
2026-01-06 03:15:53+00:00,2026-01-06 03:18:13.737795+00:00,53.0,138.07,138.06,138.09,SOL
2026-01-06 03:15:54+00:00,2026-01-06 03:18:14.590969+00:00,54.0,138.07,138.06,138.09,SOL
2026-01-06 03:15:55+00:00,2026-01-06 03:18:15.985484+00:00,55.0,138.08,138.06,138.09,SOL
2026-01-06 03:15:56+00:00,2026-01-06 03:18:16.343734+00:00,56.0,138.08,138.06,138.09,SOL
2026-01-06 03:15:57+00:00,2026-01-06 03:18:17.337486+00:00,57.0,138.08,138.06,138.09,SOL
2026-01-06 03:15:58+00:00,2026-01-06 03:18:18.357037+00:00,58.0,138.08,138.06,138.1,SOL
2026-01-06 03:15:59+00:00,2026-01-06 03:18:19.367971+00:00,59.0,138.09,138.06,138.1,SOL
2026-01-06 03:16:00+00:00,2026-01-06 03:18:20.693947+00:00,60.0,138.09,138.06,138.1,SOL
2026-01-06 03:16:01+00:00,2026-01-06 03:18:21.687496+00:00,61.0,138.09,138.07,138.1,SOL
2026-01-06 03:16:02+00:00,2026-01-06 03:18:22.702846+00:00,62.0,138.09,138.07,138.11,SOL
2026-01-06 03:16:03+00:00,2026-01-06 03:18:23.818423+00:00,63.0,138.09,138.08,138.11,SOL
2026-01-06 03:16:04+00:00,2026-01-06 03:18:25.225272+00:00,64.0,138.1,138.08,138.11,SOL
2026-01-06 03:16:05+00:00,2026-01-06 03:18:25.727050+00:00,65.0,138.1,138.08,138.11,SOL
2026-01-06 03:16:06+00:00,2026-01-06 03:18:26.803600+00:00,66.0,138.1,138.08,138.11,SOL
2026-01-06 03:16:07+00:00,2026-01-06 03:18:28.263234+00:00,67.0,138.09,138.07,138.13,SOL
2026-01-06 03:16:08+00:00,2026-01-06 03:18:29.373831+00:00,68.0,138.11,138.09,138.15,SOL
2026-01-06 03:16:09+00:00,2026-01-06 03:18:30.282306+00:00,69.0,138.13,138.11,138.15,SOL
2026-01-06 03:16:10+00:00,2026-01-06 03:18:31.507087+00:00,70.0,138.13,138.11,138.15,SOL
2026-01-06 03:16:11+00:00,2026-01-06 03:18:32.382620+00:00,71.0,138.13,138.11,138.15,SOL
2026-01-06 03:16:13+00:00,2026-01-06 03:18:33.478735+00:00,73.0,138.13,138.11,138.15,SOL
2026-01-06 03:16:14+00:00,2026-01-06 03:18:34.471586+00:00,74.0,138.16,138.14,138.18,SOL
2026-01-06 03:16:15+00:00,2026-01-06 03:18:35.736532+00:00,75.0,138.16,138.14,138.17,SOL
2026-01-06 03:16:16+00:00,2026-01-06 03:18:36.786301+00:00,76.0,138.14,138.11,138.15,SOL
2026-01-06 03:16:17+00:00,2026-01-06 03:18:38.018960+00:00,77.0,138.1,138.07,138.11,SOL
2026-01-06 03:16:18+00:00,2026-01-06 03:18:39.089577+00:00,78.0,138.07,138.06,138.09,SOL
2026-01-06 03:16:19+00:00,2026-01-06 03:18:40.054900+00:00,79.0,138.07,138.05,138.08,SOL
2026-01-06 03:16:20+00:00,2026-01-06 03:18:41.077373+00:00,80.0,138.07,138.05,138.08,SOL
2026-01-06 03:16:21+00:00,2026-01-06 03:18:42.159644+00:00,81.0,138.07,138.05,138.08,SOL
2026-01-06 03:16:22+00:00,2026-01-06 03:18:43.506313+00:00,82.0,138.07,138.05,138.08,SOL
2026-01-06 03:16:24+00:00,2026-01-06 03:18:44.272594+00:00,84.0,138.05,138.04,138.07,SOL
2026-01-06 03:16:25+00:00,2026-01-06 03:18:45.341109+00:00,85.0,138.05,138.04,138.07,SOL
2026-01-06 03:16:26+00:00,2026-01-06 03:18:46.456664+00:00,86.0,138.05,138.04,138.06,SOL
2026-01-06 03:16:27+00:00,2026-01-06 03:18:47.453898+00:00,87.0,138.05,138.04,138.06,SOL
2026-01-06 03:16:28+00:00,2026-01-06 03:18:48.586411+00:00,88.0,138.05,138.04,138.06,SOL
2026-01-06 03:16:29+00:00,2026-01-06 03:18:49.724058+00:00,89.0,138.05,138.04,138.06,SOL
2026-01-06 03:16:30+00:00,2026-01-06 03:18:50.795808+00:00,90.0,138.05,138.04,138.06,SOL
2026-01-06 03:16:31+00:00,2026-01-06 03:18:51.874109+00:00,91.0,138.05,138.04,138.06,SOL
2026-01-06 03:16:32+00:00,2026-01-06 03:18:53.187955+00:00,92.0,138.05,138.04,138.06,SOL
2026-01-06 03:16:33+00:00,2026-01-06 03:18:54.182539+00:00,93.0,138.05,138.04,138.06,SOL
2026-01-06 03:16:34+00:00,2026-01-06 03:18:55.205734+00:00,94.0,138.05,138.04,138.06,SOL
2026-01-06 03:16:35+00:00,2026-01-06 03:18:56.291088+00:00,95.0,138.05,138.03,138.06,SOL
2026-01-06 03:16:37+00:00,2026-01-06 03:18:57.634540+00:00,97.0,138.04,138.03,138.05,SOL
2026-01-06 03:16:38+00:00,2026-01-06 03:18:58.635734+00:00,98.0,138.03,138.02,138.04,SOL
2026-01-06 03:16:39+00:00,2026-01-06 03:19:00.253412+00:00,99.0,138.02,138.01,138.02,SOL
2026-01-06 03:16:40+00:00,2026-01-06 03:19:01.072223+00:00,100.0,138.01,138.0,138.01,SOL
2026-01-06 03:16:41+00:00,2026-01-06 03:19:02.232940+00:00,101.0,138.0,137.99,138.01,SOL
2026-01-06 03:16:42+00:00,2026-01-06 03:19:03.240815+00:00,102.0,138.0,137.99,138.01,SOL
2026-01-06 03:16:44+00:00,2026-01-06 03:19:04.451320+00:00,104.0,138.0,137.99,138.01,SOL
2026-01-06 03:16:45+00:00,2026-01-06 03:19:05.515566+00:00,105.0,138.0,137.99,138.02,SOL
2026-01-06 03:16:46+00:00,2026-01-06 03:19:06.525211+00:00,106.0,138.01,137.99,138.03,SOL
2026-01-06 03:16:47+00:00,2026-01-06 03:19:07.542589+00:00,107.0,138.01,137.99,138.03,SOL
2026-01-06 03:16:48+00:00,2026-01-06 03:19:08.555105+00:00,108.0,138.01,138.0,138.03,SOL
2026-01-06 03:16:49+00:00,2026-01-06 03:19:09.619032+00:00,109.0,138.01,138.0,138.03,SOL
2026-01-06 03:16:50+00:00,2026-01-06 03:19:10.834642+00:00,110.0,138.01,138.0,138.03,SOL
2026-01-06 03:16:51+00:00,2026-01-06 03:19:11.966017+00:00,111.0,138.01,138.0,138.03,SOL
2026-01-06 03:16:52+00:00,2026-01-06 03:19:13.124638+00:00,112.0,138.01,138.0,138.04,SOL
2026-01-06 03:16:53+00:00,2026-01-06 03:19:14.226221+00:00,113.0,138.02,138.01,138.05,SOL
2026-01-06 03:16:54+00:00,2026-01-06 03:19:15.327605+00:00,114.0,138.03,138.01,138.05,SOL
2026-01-06 03:16:55+00:00,2026-01-06 03:19:16.288149+00:00,115.0,138.03,138.01,138.05,SOL
2026-01-06 03:16:56+00:00,2026-01-06 03:19:17.441242+00:00,116.0,138.04,138.02,138.05,SOL
2026-01-06 03:16:57+00:00,2026-01-06 03:19:18.634885+00:00,117.0,138.04,138.02,138.05,SOL
2026-01-06 03:16:59+00:00,2026-01-06 03:19:19.889419+00:00,119.0,138.04,138.02,138.05,SOL
2026-01-06 03:17:00+00:00,2026-01-06 03:19:21.019652+00:00,120.0,138.04,138.02,138.05,SOL
2026-01-06 03:17:01+00:00,2026-01-06 03:19:22.168958+00:00,121.0,138.03,138.02,138.05,SOL
2026-01-06 03:17:02+00:00,2026-01-06 03:19:23.188142+00:00,122.0,138.04,138.03,138.07,SOL
2026-01-06 03:17:03+00:00,2026-01-06 03:19:24.204187+00:00,123.0,138.06,138.04,138.08,SOL
2026-01-06 03:17:04+00:00,2026-01-06 03:19:25.688063+00:00,124.0,138.07,138.05,138.09,SOL
2026-01-06 03:17:05+00:00,2026-01-06 03:19:26.912971+00:00,125.0,138.07,138.05,138.09,SOL
2026-01-06 03:17:07+00:00,2026-01-06 03:19:27.881324+00:00,127.0,138.07,138.05,138.09,SOL
2026-01-06 03:17:08+00:00,2026-01-06 03:19:29.287776+00:00,128.0,138.07,138.05,138.08,SOL
2026-01-06 03:17:09+00:00,2026-01-06 03:19:30.307072+00:00,129.0,138.06,138.05,138.09,SOL
2026-01-06 03:17:10+00:00,2026-01-06 03:19:31.261574+00:00,130.0,138.07,138.05,138.09,SOL
2026-01-06 03:17:11+00:00,2026-01-06 03:19:32.381838+00:00,131.0,138.06,138.04,138.07,SOL
2026-01-06 03:17:12+00:00,2026-01-06 03:19:33.386621+00:00,132.0,138.05,138.04,138.07,SOL
2026-01-06 03:17:13+00:00,2026-01-06 03:19:34.430017+00:00,133.0,138.05,138.03,138.07,SOL
2026-01-06 03:17:14+00:00,2026-01-06 03:19:35.519838+00:00,134.0,138.04,138.03,138.06,SOL
2026-01-06 03:17:15+00:00,2026-01-06 03:19:36.510643+00:00,135.0,138.03,138.02,138.05,SOL
2026-01-06 03:17:16+00:00,2026-01-06 03:19:37.534897+00:00,136.0,138.03,138.01,138.05,SOL
2026-01-06 03:17:17+00:00,2026-01-06 03:19:38.547008+00:00,137.0,138.02,138.01,138.05,SOL
2026-01-06 03:17:18+00:00,2026-01-06 03:19:39.584089+00:00,138.0,138.02,138.01,138.05,SOL
2026-01-06 03:17:19+00:00,2026-01-06 03:19:40.790597+00:00,139.0,138.02,138.01,138.04,SOL
2026-01-06 03:17:20+00:00,2026-01-06 03:19:41.775944+00:00,140.0,138.02,138.01,138.04,SOL
2026-01-06 03:17:21+00:00,2026-01-06 03:19:43.071803+00:00,141.0,138.02,138.01,138.04,SOL
2026-01-06 03:17:22+00:00,2026-01-06 03:19:44.128237+00:00,142.0,138.02,138.0,138.04,SOL
2026-01-06 03:17:23+00:00,2026-01-06 03:19:45.124616+00:00,143.0,138.02,138.0,138.03,SOL
2026-01-06 03:17:25+00:00,2026-01-06 03:19:46.339136+00:00,145.0,138.04,138.03,138.06,SOL
2026-01-06 03:17:26+00:00,2026-01-06 03:19:47.342939+00:00,146.0,138.04,138.02,138.06,SOL
2026-01-06 03:17:27+00:00,2026-01-06 03:19:48.587888+00:00,147.0,138.03,138.02,138.06,SOL
2026-01-06 03:17:28+00:00,2026-01-06 03:19:49.731588+00:00,148.0,138.03,138.02,138.06,SOL
2026-01-06 03:17:29+00:00,2026-01-06 03:19:50.828791+00:00,149.0,138.03,138.02,138.06,SOL
2026-01-06 03:17:30+00:00,2026-01-06 03:19:51.804894+00:00,150.0,138.03,138.02,138.05,SOL
2026-01-06 03:17:31+00:00,2026-01-06 03:19:52.841662+00:00,151.0,138.03,138.02,138.05,SOL
2026-01-06 03:17:32+00:00,2026-01-06 03:19:53.990050+00:00,152.0,138.03,138.02,138.05,SOL
2026-01-06 03:17:33+00:00,2026-01-06 03:19:55.083814+00:00,153.0,138.03,138.02,138.05,SOL
2026-01-06 03:17:35+00:00,2026-01-06 03:19:56.762741+00:00,155.0,138.03,138.02,138.04,SOL
2026-01-06 03:17:36+00:00,2026-01-06 03:19:57.386499+00:00,156.0,138.03,138.02,138.05,SOL
2026-01-06 03:17:37+00:00,2026-01-06 03:19:58.385031+00:00,157.0,138.03,138.02,138.05,SOL
2026-01-06 03:17:38+00:00,2026-01-06 03:19:59.394545+00:00,158.0,138.03,138.01,138.04,SOL
2026-01-06 03:17:39+00:00,2026-01-06 03:20:00.658654+00:00,159.0,138.03,138.01,138.04,SOL
2026-01-06 03:17:40+00:00,2026-01-06 03:20:01.759316+00:00,160.0,138.02,138.01,138.04,SOL
2026-01-06 03:17:41+00:00,2026-01-06 03:20:03.426826+00:00,161.0,138.03,138.01,138.04,SOL
2026-01-06 03:17:42+00:00,2026-01-06 03:20:03.692780+00:00,162.0,138.03,138.01,138.04,SOL
2026-01-06 03:17:43+00:00,2026-01-06 03:20:04.686590+00:00,163.0,138.03,138.01,138.04,SOL
2026-01-06 03:17:44+00:00,2026-01-06 03:20:05.704754+00:00,164.0,138.03,138.01,138.04,SOL
2026-01-06 03:17:45+00:00,2026-01-06 03:20:06.716752+00:00,165.0,138.02,138.01,138.04,SOL
2026-01-06 03:17:46+00:00,2026-01-06 03:20:07.751209+00:00,166.0,138.03,138.01,138.04,SOL
2026-01-06 03:17:47+00:00,2026-01-06 03:20:08.853936+00:00,167.0,138.03,138.01,138.04,SOL
2026-01-06 03:17:48+00:00,2026-01-06 03:20:09.853472+00:00,168.0,138.03,138.01,138.04,SOL
2026-01-06 03:17:49+00:00,2026-01-06 03:20:10.889456+00:00,169.0,138.03,138.01,138.04,SOL
2026-01-06 03:17:50+00:00,2026-01-06 03:20:11.886709+00:00,170.0,138.03,138.01,138.04,SOL
2026-01-06 03:17:51+00:00,2026-01-06 03:20:12.892063+00:00,171.0,138.03,138.01,138.04,SOL
2026-01-06 03:17:52+00:00,2026-01-06 03:20:13.883088+00:00,172.0,138.03,138.01,138.04,SOL
2026-01-06 03:17:53+00:00,2026-01-06 03:20:14.908190+00:00,173.0,138.03,138.01,138.04,SOL
2026-01-06 03:17:54+00:00,2026-01-06 03:20:15.905951+00:00,174.0,138.03,138.01,138.04,SOL
2026-01-06 03:17:55+00:00,2026-01-06 03:20:16.922719+00:00,175.0,138.03,138.01,138.04,SOL
2026-01-06 03:17:56+00:00,2026-01-06 03:20:18.293513+00:00,176.0,138.03,138.01,138.04,SOL
2026-01-06 03:17:58+00:00,2026-01-06 03:20:19.333782+00:00,178.0,138.03,138.01,138.04,SOL
2026-01-06 03:17:59+00:00,2026-01-06 03:20:20.697151+00:00,179.0,138.03,138.01,138.04,SOL
2026-01-06 03:18:00+00:00,2026-01-06 03:20:21.718038+00:00,180.0,138.02,138.01,138.04,SOL
2026-01-06 03:18:01+00:00,2026-01-06 03:20:22.367592+00:00,181.0,138.02,138.01,138.04,SOL
2026-01-06 03:18:02+00:00,2026-01-06 03:20:23.741387+00:00,182.0,138.02,138.01,138.04,SOL
2026-01-06 03:18:03+00:00,2026-01-06 03:20:24.802647+00:00,183.0,138.02,138.01,138.04,SOL
2026-01-06 03:18:04+00:00,2026-01-06 03:20:25.889411+00:00,184.0,138.02,138.01,138.04,SOL
2026-01-06 03:18:05+00:00,2026-01-06 03:20:27.800116+00:00,185.0,138.02,138.01,138.04,SOL
2026-01-06 03:18:06+00:00,2026-01-06 03:20:28.823217+00:00,186.0,138.02,138.01,138.04,SOL
2026-01-06 03:18:07+00:00,2026-01-06 03:20:30.246039+00:00,187.0,138.02,138.01,138.04,SOL
2026-01-06 03:18:08+00:00,2026-01-06 03:20:30.848664+00:00,188.0,138.02,138.01,138.04,SOL
2026-01-06 03:18:09+00:00,2026-01-06 03:20:31.908584+00:00,189.0,138.02,138.01,138.04,SOL
2026-01-06 03:18:10+00:00,2026-01-06 03:20:33.073390+00:00,190.0,138.02,138.01,138.04,SOL
2026-01-06 03:18:11+00:00,2026-01-06 03:20:33.990738+00:00,191.0,138.02,138.01,138.04,SOL
2026-01-06 03:18:12+00:00,2026-01-06 03:20:34.987325+00:00,192.0,138.02,138.01,138.04,SOL
2026-01-06 03:18:13+00:00,2026-01-06 03:20:35.960282+00:00,193.0,138.02,138.01,138.04,SOL
2026-01-06 03:18:15+00:00,2026-01-06 03:20:37.200726+00:00,195.0,138.02,138.01,138.04,SOL
2026-01-06 03:18:16+00:00,2026-01-06 03:20:38.242280+00:00,196.0,138.02,138.01,138.04,SOL
2026-01-06 03:18:17+00:00,2026-01-06 03:20:39.564320+00:00,197.0,138.03,138.01,138.04,SOL
2026-01-06 03:18:18+00:00,2026-01-06 03:20:40.569619+00:00,198.0,138.03,138.02,138.04,SOL
2026-01-06 03:18:19+00:00,2026-01-06 03:20:41.722306+00:00,199.0,138.03,138.02,138.05,SOL
2026-01-06 03:18:21+00:00,2026-01-06 03:20:42.933423+00:00,201.0,138.03,138.02,138.06,SOL
2026-01-06 03:18:22+00:00,2026-01-06 03:20:44.004098+00:00,202.0,138.03,138.02,138.06,SOL
2026-01-06 03:18:23+00:00,2026-01-06 03:20:45.358058+00:00,203.0,138.04,138.02,138.07,SOL
2026-01-06 03:18:24+00:00,2026-01-06 03:20:46.364061+00:00,204.0,138.05,138.04,138.08,SOL
2026-01-06 03:18:25+00:00,2026-01-06 03:20:47.323527+00:00,205.0,138.06,138.05,138.09,SOL
2026-01-06 03:18:26+00:00,2026-01-06 03:20:48.318753+00:00,206.0,138.06,138.05,138.08,SOL
2026-01-06 03:18:27+00:00,2026-01-06 03:20:49.334399+00:00,207.0,138.06,138.04,138.08,SOL
2026-01-06 03:18:28+00:00,2026-01-06 03:20:50.352322+00:00,208.0,138.06,138.04,138.07,SOL
2026-01-06 03:18:29+00:00,2026-01-06 03:20:51.415543+00:00,209.0,138.05,138.04,138.08,SOL
2026-01-06 03:18:30+00:00,2026-01-06 03:20:52.323777+00:00,210.0,138.05,138.04,138.08,SOL
2026-01-06 03:18:31+00:00,2026-01-06 03:20:53.363642+00:00,211.0,138.05,138.04,138.08,SOL
2026-01-06 03:18:32+00:00,2026-01-06 03:20:54.443562+00:00,212.0,138.06,138.04,138.08,SOL
2026-01-06 03:18:33+00:00,2026-01-06 03:20:55.478685+00:00,213.0,138.06,138.04,138.08,SOL
2026-01-06 03:18:34+00:00,2026-01-06 03:20:56.481693+00:00,214.0,138.06,138.04,138.08,SOL
2026-01-06 03:18:35+00:00,2026-01-06 03:20:58.067056+00:00,215.0,138.06,138.04,138.07,SOL
2026-01-06 03:18:36+00:00,2026-01-06 03:20:59.087451+00:00,216.0,138.06,138.04,138.07,SOL
2026-01-06 03:18:38+00:00,2026-01-06 03:21:00.463174+00:00,218.0,138.06,138.04,138.08,SOL
2026-01-06 03:18:39+00:00,2026-01-06 03:21:01.449119+00:00,219.0,138.06,138.04,138.08,SOL
2026-01-06 03:18:40+00:00,2026-01-06 03:21:02.521154+00:00,220.0,138.06,138.04,138.08,SOL
2026-01-06 03:18:41+00:00,2026-01-06 03:21:03.517823+00:00,221.0,138.06,138.04,138.08,SOL
2026-01-06 03:18:42+00:00,2026-01-06 03:21:04.725773+00:00,222.0,138.06,138.04,138.08,SOL
2026-01-06 03:18:43+00:00,2026-01-06 03:21:05.601976+00:00,223.0,138.06,138.04,138.08,SOL
2026-01-06 03:18:44+00:00,2026-01-06 03:21:06.609237+00:00,224.0,138.06,138.04,138.08,SOL
2026-01-06 03:18:45+00:00,2026-01-06 03:21:07.916908+00:00,225.0,138.06,138.04,138.08,SOL
2026-01-06 03:18:46+00:00,2026-01-06 03:21:08.930135+00:00,226.0,138.06,138.04,138.07,SOL
2026-01-06 03:18:49+00:00,2026-01-06 03:21:11.583679+00:00,229.0,138.04,138.03,138.06,SOL
2026-01-06 03:18:50+00:00,2026-01-06 03:21:12.467291+00:00,230.0,138.04,138.03,138.06,SOL
2026-01-06 03:18:51+00:00,2026-01-06 03:21:13.504070+00:00,231.0,138.04,138.02,138.06,SOL
2026-01-06 03:18:52+00:00,2026-01-06 03:21:14.551538+00:00,232.0,138.04,138.03,138.06,SOL
2026-01-06 03:18:53+00:00,2026-01-06 03:21:15.603696+00:00,233.0,138.04,138.02,138.06,SOL
2026-01-06 03:18:54+00:00,2026-01-06 03:21:16.737587+00:00,234.0,138.04,138.02,138.06,SOL
2026-01-06 03:18:55+00:00,2026-01-06 03:21:17.777987+00:00,235.0,138.04,138.02,138.06,SOL
2026-01-06 03:18:56+00:00,2026-01-06 03:21:18.927350+00:00,236.0,138.04,138.02,138.06,SOL
2026-01-06 03:18:57+00:00,2026-01-06 03:21:19.960609+00:00,237.0,138.04,138.03,138.06,SOL
2026-01-06 03:18:58+00:00,2026-01-06 03:21:20.902566+00:00,238.0,138.04,138.03,138.06,SOL
2026-01-06 03:18:59+00:00,2026-01-06 03:21:21.906699+00:00,239.0,138.04,138.03,138.06,SOL
2026-01-06 03:19:00+00:00,2026-01-06 03:21:22.916307+00:00,240.0,138.04,138.03,138.06,SOL
2026-01-06 03:19:01+00:00,2026-01-06 03:21:23.960503+00:00,241.0,138.04,138.03,138.06,SOL
2026-01-06 03:19:02+00:00,2026-01-06 03:21:25.221779+00:00,242.0,138.03,138.02,138.04,SOL
2026-01-06 03:19:03+00:00,2026-01-06 03:21:26.225386+00:00,243.0,138.02,138.01,138.03,SOL
2026-01-06 03:19:04+00:00,2026-01-06 03:21:27.335330+00:00,244.0,138.02,138.0,138.03,SOL
2026-01-06 03:19:06+00:00,2026-01-06 03:21:28.436714+00:00,246.0,138.01,138.0,138.03,SOL
2026-01-06 03:19:07+00:00,2026-01-06 03:21:29.393672+00:00,247.0,138.0,137.99,138.01,SOL
2026-01-06 03:19:08+00:00,2026-01-06 03:21:30.414874+00:00,248.0,138.0,137.99,138.02,SOL
2026-01-06 03:19:09+00:00,2026-01-06 03:21:31.406806+00:00,249.0,138.0,137.99,138.02,SOL
2026-01-06 03:19:10+00:00,2026-01-06 03:21:32.436203+00:00,250.0,138.0,137.99,138.02,SOL
2026-01-06 03:19:11+00:00,2026-01-06 03:21:33.456241+00:00,251.0,138.0,137.99,138.02,SOL
2026-01-06 03:19:12+00:00,2026-01-06 03:21:34.430803+00:00,252.0,138.0,137.99,138.02,SOL
2026-01-06 03:19:13+00:00,2026-01-06 03:21:35.446192+00:00,253.0,138.0,137.99,138.02,SOL
2026-01-06 03:19:14+00:00,2026-01-06 03:21:36.414342+00:00,254.0,138.0,137.99,138.02,SOL
2026-01-06 03:19:15+00:00,2026-01-06 03:21:37.419931+00:00,255.0,138.0,137.99,138.02,SOL
2026-01-06 03:19:16+00:00,2026-01-06 03:21:38.436694+00:00,256.0,138.0,137.99,138.02,SOL
2026-01-06 03:19:17+00:00,2026-01-06 03:21:39.449664+00:00,257.0,138.0,137.99,138.02,SOL
2026-01-06 03:19:18+00:00,2026-01-06 03:21:41.510885+00:00,258.0,138.0,137.99,138.02,SOL
2026-01-06 03:19:19+00:00,2026-01-06 03:21:42.733109+00:00,259.0,138.0,137.99,138.02,SOL
2026-01-06 03:19:21+00:00,2026-01-06 03:21:43.799935+00:00,261.0,138.0,137.99,138.02,SOL
2026-01-06 03:19:22+00:00,2026-01-06 03:21:44.810946+00:00,262.0,138.0,137.99,138.02,SOL
2026-01-06 03:19:23+00:00,2026-01-06 03:21:45.863118+00:00,263.0,138.0,137.99,138.02,SOL
2026-01-06 03:19:24+00:00,2026-01-06 03:21:46.958865+00:00,264.0,138.0,137.99,138.04,SOL
2026-01-06 03:19:25+00:00,2026-01-06 03:21:48.412561+00:00,265.0,138.02,138.0,138.05,SOL
2026-01-06 03:19:26+00:00,2026-01-06 03:21:49.747351+00:00,266.0,138.03,138.02,138.06,SOL
2026-01-06 03:19:27+00:00,2026-01-06 03:21:50.450831+00:00,267.0,138.05,138.03,138.07,SOL
2026-01-06 03:19:28+00:00,2026-01-06 03:21:51.661081+00:00,268.0,138.05,138.03,138.08,SOL
2026-01-06 03:19:29+00:00,2026-01-06 03:21:52.221350+00:00,269.0,138.05,138.04,138.08,SOL
2026-01-06 03:19:30+00:00,2026-01-06 03:21:53.229091+00:00,270.0,138.05,138.04,138.08,SOL
2026-01-06 03:19:31+00:00,2026-01-06 03:21:54.578904+00:00,271.0,138.05,138.04,138.08,SOL
2026-01-06 03:19:32+00:00,2026-01-06 03:21:56.728991+00:00,272.0,138.05,138.04,138.08,SOL
2026-01-06 03:19:34+00:00,2026-01-06 03:21:56.836237+00:00,274.0,138.06,138.04,138.09,SOL
2026-01-06 03:19:35+00:00,2026-01-06 03:21:57.922991+00:00,275.0,138.06,138.04,138.09,SOL
2026-01-06 03:19:36+00:00,2026-01-06 03:21:59.046008+00:00,276.0,138.06,138.04,138.07,SOL
2026-01-06 03:19:37+00:00,2026-01-06 03:22:00.064112+00:00,277.0,138.06,138.04,138.09,SOL
2026-01-06 03:19:38+00:00,2026-01-06 03:22:01.091870+00:00,278.0,138.06,138.05,138.08,SOL
2026-01-06 03:19:39+00:00,2026-01-06 03:22:02.157515+00:00,279.0,138.06,138.05,138.09,SOL
2026-01-06 03:19:40+00:00,2026-01-06 03:22:03.235876+00:00,280.0,138.07,138.05,138.09,SOL
2026-01-06 03:19:41+00:00,2026-01-06 03:22:04.246228+00:00,281.0,138.07,138.05,138.08,SOL
2026-01-06 03:19:42+00:00,2026-01-06 03:22:05.305210+00:00,282.0,138.07,138.05,138.08,SOL
2026-01-06 03:19:43+00:00,2026-01-06 03:22:06.258923+00:00,283.0,138.06,138.05,138.08,SOL
2026-01-06 03:19:44+00:00,2026-01-06 03:22:07.276146+00:00,284.0,138.06,138.05,138.08,SOL
2026-01-06 03:19:45+00:00,2026-01-06 03:22:08.312225+00:00,285.0,138.06,138.05,138.09,SOL
2026-01-06 03:19:46+00:00,2026-01-06 03:22:09.431313+00:00,286.0,138.07,138.06,138.09,SOL
2026-01-06 03:19:47+00:00,2026-01-06 03:22:10.419240+00:00,287.0,138.09,138.07,138.1,SOL
2026-01-06 03:19:48+00:00,2026-01-06 03:22:11.588341+00:00,288.0,138.09,138.08,138.11,SOL
2026-01-06 03:19:49+00:00,2026-01-06 03:22:12.578444+00:00,289.0,138.09,138.08,138.12,SOL
2026-01-06 03:19:50+00:00,2026-01-06 03:22:13.598120+00:00,290.0,138.09,138.08,138.12,SOL
2026-01-06 03:19:51+00:00,2026-01-06 03:22:15.098762+00:00,291.0,138.1,138.09,138.13,SOL
2026-01-06 03:19:52+00:00,2026-01-06 03:22:15.686250+00:00,292.0,138.1,138.09,138.13,SOL
2026-01-06 03:19:53+00:00,2026-01-06 03:22:16.803440+00:00,293.0,138.1,138.09,138.12,SOL
2026-01-06 03:19:54+00:00,2026-01-06 03:22:18.169744+00:00,294.0,138.1,138.09,138.12,SOL
2026-01-06 03:19:55+00:00,2026-01-06 03:22:19.270538+00:00,295.0,138.1,138.09,138.13,SOL
2026-01-06 03:19:56+00:00,2026-01-06 03:22:20.231695+00:00,296.0,138.1,138.09,138.13,SOL
2026-01-06 03:19:57+00:00,2026-01-06 03:22:21.288247+00:00,297.0,138.1,138.09,138.13,SOL
2026-01-06 03:19:59+00:00,2026-01-06 03:22:22.600755+00:00,299.0,138.1,138.09,138.13,SOL
2026-01-06 03:20:00+00:00,2026-01-06 03:22:23.993566+00:00,300.0,138.1,138.09,138.13,SOL
2026-01-06 03:20:01+00:00,2026-01-06 03:22:25.042729+00:00,301.0,138.11,138.09,138.13,SOL
2026-01-06 03:20:02+00:00,2026-01-06 03:22:26.095890+00:00,302.0,138.11,138.09,138.12,SOL
2026-01-06 03:20:03+00:00,2026-01-06 03:22:27.120069+00:00,303.0,138.1,138.09,138.11,SOL
2026-01-06 03:20:04+00:00,2026-01-06 03:22:28.116741+00:00,304.0,138.08,138.06,138.09,SOL
2026-01-06 03:20:05+00:00,2026-01-06 03:22:29.416319+00:00,305.0,138.04,138.03,138.05,SOL
2026-01-06 03:20:06+00:00,2026-01-06 03:22:30.330098+00:00,306.0,138.03,138.02,138.04,SOL
2026-01-06 03:20:07+00:00,2026-01-06 03:22:31.635405+00:00,307.0,138.06,138.04,138.09,SOL
2026-01-06 03:20:09+00:00,2026-01-06 03:22:32.616789+00:00,309.0,138.08,138.07,138.09,SOL
2026-01-06 03:20:10+00:00,2026-01-06 03:22:33.621158+00:00,310.0,138.07,138.05,138.08,SOL
2026-01-06 03:20:11+00:00,2026-01-06 03:22:34.692657+00:00,311.0,138.07,138.05,138.09,SOL
2026-01-06 03:20:12+00:00,2026-01-06 03:22:35.943979+00:00,312.0,138.07,138.05,138.09,SOL
2026-01-06 03:20:13+00:00,2026-01-06 03:22:37.187531+00:00,313.0,138.07,138.05,138.08,SOL
2026-01-06 03:20:14+00:00,2026-01-06 03:22:38.454205+00:00,314.0,138.07,138.05,138.08,SOL
2026-01-06 03:20:16+00:00,2026-01-06 03:22:39.455730+00:00,316.0,138.07,138.05,138.08,SOL
2026-01-06 03:20:17+00:00,2026-01-06 03:22:40.389811+00:00,317.0,138.07,138.05,138.09,SOL
2026-01-06 03:20:18+00:00,2026-01-06 03:22:41.381353+00:00,318.0,138.07,138.05,138.08,SOL
2026-01-06 03:20:19+00:00,2026-01-06 03:22:42.440643+00:00,319.0,138.06,138.05,138.07,SOL
2026-01-06 03:20:20+00:00,2026-01-06 03:22:43.415328+00:00,320.0,138.06,138.04,138.08,SOL
2026-01-06 03:20:21+00:00,2026-01-06 03:22:44.877564+00:00,321.0,138.06,138.04,138.09,SOL
2026-01-06 03:20:22+00:00,2026-01-06 03:22:45.648179+00:00,322.0,138.07,138.05,138.09,SOL
2026-01-06 03:20:23+00:00,2026-01-06 03:22:46.697532+00:00,323.0,138.07,138.06,138.09,SOL
2026-01-06 03:20:24+00:00,2026-01-06 03:22:47.648361+00:00,324.0,138.07,138.06,138.09,SOL
2026-01-06 03:20:25+00:00,2026-01-06 03:22:48.698456+00:00,325.0,138.07,138.06,138.09,SOL
2026-01-06 03:20:26+00:00,2026-01-06 03:22:49.930258+00:00,326.0,138.06,138.05,138.07,SOL
2026-01-06 03:20:27+00:00,2026-01-06 03:22:50.931623+00:00,327.0,138.03,138.03,138.04,SOL
2026-01-06 03:20:28+00:00,2026-01-06 03:22:52.275725+00:00,328.0,138.0,137.99,138.01,SOL
2026-01-06 03:20:29+00:00,2026-01-06 03:22:53.309434+00:00,329.0,137.98,137.97,137.99,SOL
2026-01-06 03:20:30+00:00,2026-01-06 03:22:54.304725+00:00,330.0,137.97,137.96,137.98,SOL
2026-01-06 03:20:31+00:00,2026-01-06 03:22:55.311435+00:00,331.0,137.96,137.95,137.97,SOL
2026-01-06 03:20:32+00:00,2026-01-06 03:22:56.307855+00:00,332.0,137.95,137.94,137.96,SOL
2026-01-06 03:20:33+00:00,2026-01-06 03:22:57.402922+00:00,333.0,137.94,137.93,137.95,SOL
2026-01-06 03:20:34+00:00,2026-01-06 03:22:58.404645+00:00,334.0,137.94,137.92,137.95,SOL
2026-01-06 03:20:36+00:00,2026-01-06 03:23:00.040774+00:00,336.0,137.93,137.91,137.95,SOL
2026-01-06 03:20:37+00:00,2026-01-06 03:23:01.052916+00:00,337.0,137.93,137.91,137.95,SOL
2026-01-06 03:20:38+00:00,2026-01-06 03:23:02.038121+00:00,338.0,137.93,137.91,137.94,SOL
2026-01-06 03:20:39+00:00,2026-01-06 03:23:03.125680+00:00,339.0,137.93,137.91,137.94,SOL
2026-01-06 03:20:40+00:00,2026-01-06 03:23:04.097764+00:00,340.0,137.92,137.91,137.94,SOL
2026-01-06 03:20:41+00:00,2026-01-06 03:23:05.291205+00:00,341.0,137.92,137.91,137.94,SOL
2026-01-06 03:20:42+00:00,2026-01-06 03:23:06.315166+00:00,342.0,137.92,137.91,137.94,SOL
2026-01-06 03:20:43+00:00,2026-01-06 03:23:07.402048+00:00,343.0,137.92,137.91,137.94,SOL
2026-01-06 03:20:44+00:00,2026-01-06 03:23:08.409071+00:00,344.0,137.93,137.91,137.95,SOL
2026-01-06 03:20:45+00:00,2026-01-06 03:23:09.428143+00:00,345.0,137.93,137.92,137.95,SOL
2026-01-06 03:20:46+00:00,2026-01-06 03:23:10.425362+00:00,346.0,137.93,137.92,137.95,SOL
2026-01-06 03:20:47+00:00,2026-01-06 03:23:11.487116+00:00,347.0,137.95,137.94,137.97,SOL
2026-01-06 03:20:48+00:00,2026-01-06 03:23:12.487328+00:00,348.0,137.97,137.96,137.99,SOL
2026-01-06 03:20:49+00:00,2026-01-06 03:23:13.488294+00:00,349.0,137.98,137.97,137.99,SOL
2026-01-06 03:20:51+00:00,2026-01-06 03:23:14.830291+00:00,351.0,137.97,137.96,137.99,SOL
2026-01-06 03:20:52+00:00,2026-01-06 03:23:15.737724+00:00,352.0,137.97,137.96,137.98,SOL
2026-01-06 03:20:53+00:00,2026-01-06 03:23:16.756365+00:00,353.0,137.96,137.96,137.98,SOL
2026-01-06 03:20:54+00:00,2026-01-06 03:23:17.805941+00:00,354.0,137.96,137.95,137.98,SOL
2026-01-06 03:20:55+00:00,2026-01-06 03:23:18.979369+00:00,355.0,137.96,137.95,137.97,SOL
2026-01-06 03:20:56+00:00,2026-01-06 03:23:20.211668+00:00,356.0,137.95,137.94,137.96,SOL
2026-01-06 03:20:57+00:00,2026-01-06 03:23:22.288897+00:00,357.0,137.94,137.93,137.96,SOL
2026-01-06 03:20:58+00:00,2026-01-06 03:23:22.755617+00:00,358.0,137.94,137.93,137.96,SOL
2026-01-06 03:21:00+00:00,2026-01-06 03:23:23.855077+00:00,360.0,137.94,137.93,137.96,SOL
2026-01-06 03:21:01+00:00,2026-01-06 03:23:24.900390+00:00,361.0,137.94,137.93,137.96,SOL
2026-01-06 03:21:02+00:00,2026-01-06 03:23:26.336400+00:00,362.0,137.95,137.94,137.97,SOL
2026-01-06 03:21:03+00:00,2026-01-06 03:23:26.909645+00:00,363.0,137.95,137.94,137.97,SOL
2026-01-06 03:21:04+00:00,2026-01-06 03:23:27.891819+00:00,364.0,137.95,137.94,137.97,SOL
2026-01-06 03:21:05+00:00,2026-01-06 03:23:28.948959+00:00,365.0,137.95,137.94,137.98,SOL
2026-01-06 03:21:06+00:00,2026-01-06 03:23:29.910581+00:00,366.0,137.95,137.94,137.98,SOL
2026-01-06 03:21:07+00:00,2026-01-06 03:23:30.925796+00:00,367.0,137.95,137.94,137.98,SOL
2026-01-06 03:21:08+00:00,2026-01-06 03:23:31.947683+00:00,368.0,137.95,137.94,137.98,SOL
2026-01-06 03:21:09+00:00,2026-01-06 03:23:32.979067+00:00,369.0,137.97,137.96,137.99,SOL
2026-01-06 03:21:10+00:00,2026-01-06 03:23:34.008194+00:00,370.0,137.98,137.97,138.01,SOL
2026-01-06 03:21:11+00:00,2026-01-06 03:23:35.084581+00:00,371.0,138.0,137.99,138.03,SOL
2026-01-06 03:21:12+00:00,2026-01-06 03:23:36.164339+00:00,372.0,138.01,138.0,138.02,SOL
2026-01-06 03:21:13+00:00,2026-01-06 03:23:37.172107+00:00,373.0,138.01,138.0,138.02,SOL
2026-01-06 03:21:14+00:00,2026-01-06 03:23:38.293413+00:00,374.0,138.0,137.99,138.02,SOL
2026-01-06 03:21:15+00:00,2026-01-06 03:23:39.292628+00:00,375.0,138.0,137.99,138.02,SOL
2026-01-06 03:21:16+00:00,2026-01-06 03:23:40.376310+00:00,376.0,138.0,137.99,138.01,SOL
2026-01-06 03:21:17+00:00,2026-01-06 03:23:41.432191+00:00,377.0,138.0,137.98,138.01,SOL
2026-01-06 03:21:18+00:00,2026-01-06 03:23:42.609867+00:00,378.0,137.99,137.98,138.01,SOL
2026-01-06 03:21:19+00:00,2026-01-06 03:23:43.906120+00:00,379.0,137.99,137.98,138.01,SOL
2026-01-06 03:21:20+00:00,2026-01-06 03:23:44.864036+00:00,380.0,137.98,137.97,137.99,SOL
2026-01-06 03:21:21+00:00,2026-01-06 03:23:45.877119+00:00,381.0,137.95,137.94,137.96,SOL
2026-01-06 03:21:22+00:00,2026-01-06 03:23:47.015662+00:00,382.0,137.93,137.93,137.95,SOL
2026-01-06 03:21:23+00:00,2026-01-06 03:23:48.011609+00:00,383.0,137.93,137.93,137.95,SOL
2026-01-06 03:21:24+00:00,2026-01-06 03:23:49.258645+00:00,384.0,137.94,137.93,137.95,SOL
2026-01-06 03:21:25+00:00,2026-01-06 03:23:50.254193+00:00,385.0,137.94,137.92,137.95,SOL
2026-01-06 03:21:26+00:00,2026-01-06 03:23:51.271961+00:00,386.0,137.94,137.93,137.95,SOL
2026-01-06 03:21:28+00:00,2026-01-06 03:23:52.377991+00:00,388.0,137.94,137.93,137.95,SOL
2026-01-06 03:21:29+00:00,2026-01-06 03:23:53.395525+00:00,389.0,137.94,137.93,137.95,SOL
2026-01-06 03:21:30+00:00,2026-01-06 03:23:54.526016+00:00,390.0,137.94,137.93,137.95,SOL
2026-01-06 03:21:31+00:00,2026-01-06 03:23:55.594212+00:00,391.0,137.94,137.93,137.95,SOL
2026-01-06 03:21:32+00:00,2026-01-06 03:23:56.626690+00:00,392.0,137.94,137.93,137.95,SOL
2026-01-06 03:21:33+00:00,2026-01-06 03:23:57.623369+00:00,393.0,137.93,137.92,137.95,SOL
2026-01-06 03:21:34+00:00,2026-01-06 03:23:58.692530+00:00,394.0,137.94,137.93,137.97,SOL
2026-01-06 03:21:35+00:00,2026-01-06 03:23:59.856970+00:00,395.0,137.95,137.93,137.97,SOL
2026-01-06 03:21:36+00:00,2026-01-06 03:24:01.072755+00:00,396.0,137.95,137.94,137.97,SOL
2026-01-06 03:21:38+00:00,2026-01-06 03:24:02.733527+00:00,398.0,137.95,137.94,137.97,SOL
2026-01-06 03:21:39+00:00,2026-01-06 03:24:03.591548+00:00,399.0,137.95,137.94,137.97,SOL
2026-01-06 03:21:40+00:00,2026-01-06 03:24:04.609409+00:00,400.0,137.95,137.94,137.97,SOL
2026-01-06 03:21:41+00:00,2026-01-06 03:24:05.614928+00:00,401.0,137.95,137.94,137.96,SOL
2026-01-06 03:21:42+00:00,2026-01-06 03:24:07.700928+00:00,402.0,137.95,137.94,137.96,SOL
2026-01-06 03:21:44+00:00,2026-01-06 03:24:08.858782+00:00,404.0,137.95,137.93,137.96,SOL
2026-01-06 03:21:45+00:00,2026-01-06 03:24:09.857840+00:00,405.0,137.93,137.93,137.95,SOL
2026-01-06 03:21:46+00:00,2026-01-06 03:24:10.923119+00:00,406.0,137.93,137.92,137.95,SOL
2026-01-06 03:21:47+00:00,2026-01-06 03:24:11.927704+00:00,407.0,137.93,137.92,137.94,SOL
2026-01-06 03:21:48+00:00,2026-01-06 03:24:12.943157+00:00,408.0,137.91,137.9,137.93,SOL
2026-01-06 03:21:49+00:00,2026-01-06 03:24:14.326559+00:00,409.0,137.91,137.9,137.93,SOL
2026-01-06 03:21:50+00:00,2026-01-06 03:24:15.331631+00:00,410.0,137.91,137.9,137.93,SOL
2026-01-06 03:21:51+00:00,2026-01-06 03:24:16.447521+00:00,411.0,137.91,137.9,137.93,SOL
2026-01-06 03:21:52+00:00,2026-01-06 03:24:17.608612+00:00,412.0,137.91,137.9,137.93,SOL
2026-01-06 03:21:53+00:00,2026-01-06 03:24:18.674134+00:00,413.0,137.91,137.9,137.93,SOL
2026-01-06 03:21:54+00:00,2026-01-06 03:24:19.627723+00:00,414.0,137.91,137.9,137.93,SOL
2026-01-06 03:21:55+00:00,2026-01-06 03:24:20.693580+00:00,415.0,137.9,137.89,137.92,SOL
2026-01-06 03:21:56+00:00,2026-01-06 03:24:21.668452+00:00,416.0,137.9,137.89,137.92,SOL
2026-01-06 03:21:57+00:00,2026-01-06 03:24:22.700171+00:00,417.0,137.9,137.89,137.92,SOL
2026-01-06 03:21:59+00:00,2026-01-06 03:24:23.865938+00:00,419.0,137.9,137.89,137.92,SOL
2026-01-06 03:22:00+00:00,2026-01-06 03:24:24.848592+00:00,420.0,137.9,137.89,137.92,SOL
2026-01-06 03:22:01+00:00,2026-01-06 03:24:25.862602+00:00,421.0,137.9,137.89,137.92,SOL
2026-01-06 03:22:02+00:00,2026-01-06 03:24:26.879969+00:00,422.0,137.91,137.9,137.94,SOL
2026-01-06 03:22:03+00:00,2026-01-06 03:24:27.893285+00:00,423.0,137.92,137.91,137.94,SOL
2026-01-06 03:22:05+00:00,2026-01-06 03:24:30.214365+00:00,425.0,137.86,137.85,137.88,SOL
2026-01-06 03:22:06+00:00,2026-01-06 03:24:31.293236+00:00,426.0,137.85,137.84,137.87,SOL
2026-01-06 03:22:07+00:00,2026-01-06 03:24:32.272866+00:00,427.0,137.85,137.84,137.87,SOL
2026-01-06 03:22:08+00:00,2026-01-06 03:24:33.309315+00:00,428.0,137.85,137.84,137.87,SOL
2026-01-06 03:22:09+00:00,2026-01-06 03:24:34.388732+00:00,429.0,137.85,137.84,137.87,SOL
2026-01-06 03:22:10+00:00,2026-01-06 03:24:35.520225+00:00,430.0,137.85,137.84,137.87,SOL
2026-01-06 03:22:11+00:00,2026-01-06 03:24:36.739756+00:00,431.0,137.82,137.82,137.84,SOL
2026-01-06 03:22:12+00:00,2026-01-06 03:24:37.589111+00:00,432.0,137.82,137.81,137.84,SOL
2026-01-06 03:22:13+00:00,2026-01-06 03:24:38.727959+00:00,433.0,137.83,137.82,137.85,SOL
2026-01-06 03:22:14+00:00,2026-01-06 03:24:39.635438+00:00,434.0,137.84,137.82,137.85,SOL
2026-01-06 03:22:15+00:00,2026-01-06 03:24:40.766664+00:00,435.0,137.84,137.83,137.86,SOL
2026-01-06 03:22:17+00:00,2026-01-06 03:24:42.157209+00:00,437.0,137.84,137.83,137.86,SOL
2026-01-06 03:22:18+00:00,2026-01-06 03:24:43.176573+00:00,438.0,137.84,137.83,137.86,SOL
2026-01-06 03:22:19+00:00,2026-01-06 03:24:44.597725+00:00,439.0,137.84,137.83,137.86,SOL
2026-01-06 03:22:20+00:00,2026-01-06 03:24:45.485342+00:00,440.0,137.84,137.83,137.86,SOL
2026-01-06 03:22:21+00:00,2026-01-06 03:24:46.491852+00:00,441.0,137.84,137.83,137.86,SOL
2026-01-06 03:22:22+00:00,2026-01-06 03:24:47.730004+00:00,442.0,137.84,137.83,137.86,SOL
2026-01-06 03:22:23+00:00,2026-01-06 03:24:48.750425+00:00,443.0,137.84,137.83,137.86,SOL
2026-01-06 03:22:24+00:00,2026-01-06 03:24:49.748103+00:00,444.0,137.84,137.83,137.86,SOL
2026-01-06 03:22:25+00:00,2026-01-06 03:24:50.839574+00:00,445.0,137.84,137.83,137.86,SOL
2026-01-06 03:22:26+00:00,2026-01-06 03:24:51.790191+00:00,446.0,137.84,137.83,137.86,SOL
2026-01-06 03:22:27+00:00,2026-01-06 03:24:52.808166+00:00,447.0,137.84,137.83,137.86,SOL
2026-01-06 03:22:28+00:00,2026-01-06 03:24:53.876821+00:00,448.0,137.84,137.83,137.86,SOL
2026-01-06 03:22:30+00:00,2026-01-06 03:24:55.355078+00:00,450.0,137.84,137.83,137.86,SOL
2026-01-06 03:22:31+00:00,2026-01-06 03:24:56.751346+00:00,451.0,137.84,137.83,137.86,SOL
2026-01-06 03:22:32+00:00,2026-01-06 03:24:58.064218+00:00,452.0,137.84,137.83,137.86,SOL
2026-01-06 03:22:33+00:00,2026-01-06 03:24:59.198227+00:00,453.0,137.84,137.83,137.86,SOL
2026-01-06 03:22:34+00:00,2026-01-06 03:24:59.479515+00:00,454.0,137.84,137.83,137.86,SOL
2026-01-06 03:22:35+00:00,2026-01-06 03:25:00.893783+00:00,455.0,137.84,137.83,137.86,SOL
2026-01-06 03:22:36+00:00,2026-01-06 03:25:02.158126+00:00,456.0,137.84,137.83,137.86,SOL
2026-01-06 03:22:37+00:00,2026-01-06 03:25:02.997763+00:00,457.0,137.84,137.83,137.86,SOL
2026-01-06 03:22:38+00:00,2026-01-06 03:25:04.597200+00:00,458.0,137.82,137.81,137.83,SOL
2026-01-06 03:22:39+00:00,2026-01-06 03:25:05.203321+00:00,459.0,137.8,137.79,137.81,SOL
2026-01-06 03:22:40+00:00,2026-01-06 03:25:06.175126+00:00,460.0,137.79,137.78,137.8,SOL
2026-01-06 03:22:41+00:00,2026-01-06 03:25:07.184732+00:00,461.0,137.78,137.77,137.8,SOL
2026-01-06 03:22:42+00:00,2026-01-06 03:25:08.276274+00:00,462.0,137.77,137.77,137.79,SOL
2026-01-06 03:22:43+00:00,2026-01-06 03:25:09.209809+00:00,463.0,137.77,137.76,137.79,SOL
2026-01-06 03:22:44+00:00,2026-01-06 03:25:10.316203+00:00,464.0,137.77,137.75,137.79,SOL
2026-01-06 03:22:45+00:00,2026-01-06 03:25:11.207993+00:00,465.0,137.77,137.75,137.79,SOL
2026-01-06 03:22:46+00:00,2026-01-06 03:25:12.380033+00:00,466.0,137.77,137.75,137.79,SOL
2026-01-06 03:22:47+00:00,2026-01-06 03:25:13.489726+00:00,467.0,137.77,137.75,137.79,SOL
2026-01-06 03:22:48+00:00,2026-01-06 03:25:14.444827+00:00,468.0,137.77,137.75,137.79,SOL
2026-01-06 03:22:49+00:00,2026-01-06 03:25:15.415730+00:00,469.0,137.78,137.76,137.8,SOL
2026-01-06 03:22:51+00:00,2026-01-06 03:25:16.549410+00:00,471.0,137.78,137.76,137.8,SOL
2026-01-06 03:22:52+00:00,2026-01-06 03:25:17.714562+00:00,472.0,137.78,137.76,137.8,SOL
2026-01-06 03:22:53+00:00,2026-01-06 03:25:18.734743+00:00,473.0,137.77,137.76,137.77,SOL
2026-01-06 03:22:54+00:00,2026-01-06 03:25:19.757624+00:00,474.0,137.75,137.74,137.77,SOL
2026-01-06 03:22:55+00:00,2026-01-06 03:25:20.807997+00:00,475.0,137.75,137.74,137.77,SOL
2026-01-06 03:22:56+00:00,2026-01-06 03:25:21.823960+00:00,476.0,137.75,137.74,137.77,SOL
2026-01-06 03:22:57+00:00,2026-01-06 03:25:22.875598+00:00,477.0,137.75,137.74,137.77,SOL
2026-01-06 03:22:58+00:00,2026-01-06 03:25:23.930271+00:00,478.0,137.75,137.74,137.77,SOL
2026-01-06 03:22:59+00:00,2026-01-06 03:25:25.276439+00:00,479.0,137.75,137.74,137.77,SOL
2026-01-06 03:23:00+00:00,2026-01-06 03:25:26.251459+00:00,480.0,137.75,137.74,137.77,SOL
2026-01-06 03:23:01+00:00,2026-01-06 03:25:27.242083+00:00,481.0,137.77,137.76,137.8,SOL
2026-01-06 03:23:02+00:00,2026-01-06 03:25:28.268927+00:00,482.0,137.8,137.78,137.82,SOL
2026-01-06 03:23:03+00:00,2026-01-06 03:25:29.307659+00:00,483.0,137.81,137.79,137.83,SOL
2026-01-06 03:23:04+00:00,2026-01-06 03:25:30.265379+00:00,484.0,137.81,137.79,137.83,SOL
2026-01-06 03:23:06+00:00,2026-01-06 03:25:31.823526+00:00,486.0,137.81,137.79,137.84,SOL
2026-01-06 03:23:07+00:00,2026-01-06 03:25:32.929689+00:00,487.0,137.81,137.79,137.84,SOL
2026-01-06 03:23:08+00:00,2026-01-06 03:25:33.887981+00:00,488.0,137.81,137.79,137.82,SOL
2026-01-06 03:23:09+00:00,2026-01-06 03:25:34.905674+00:00,489.0,137.8,137.79,137.82,SOL
2026-01-06 03:23:10+00:00,2026-01-06 03:25:35.922132+00:00,490.0,137.8,137.79,137.82,SOL
2026-01-06 03:23:11+00:00,2026-01-06 03:25:36.967896+00:00,491.0,137.8,137.78,137.81,SOL
2026-01-06 03:23:12+00:00,2026-01-06 03:25:38.623587+00:00,492.0,137.8,137.78,137.82,SOL
2026-01-06 03:23:13+00:00,2026-01-06 03:25:38.950010+00:00,493.0,137.8,137.78,137.82,SOL
2026-01-06 03:23:14+00:00,2026-01-06 03:25:40.027619+00:00,494.0,137.79,137.78,137.81,SOL
2026-01-06 03:23:15+00:00,2026-01-06 03:25:40.956507+00:00,495.0,137.79,137.78,137.81,SOL
2026-01-06 03:23:16+00:00,2026-01-06 03:25:42.168616+00:00,496.0,137.79,137.78,137.81,SOL
2026-01-06 03:23:17+00:00,2026-01-06 03:25:43.193748+00:00,497.0,137.79,137.78,137.81,SOL
2026-01-06 03:23:18+00:00,2026-01-06 03:25:44.215970+00:00,498.0,137.79,137.77,137.8,SOL
2026-01-06 03:23:19+00:00,2026-01-06 03:25:45.284550+00:00,499.0,137.76,137.76,137.78,SOL
2026-01-06 03:23:20+00:00,2026-01-06 03:25:46.341061+00:00,500.0,137.76,137.74,137.78,SOL
2026-01-06 03:23:21+00:00,2026-01-06 03:25:47.470603+00:00,501.0,137.76,137.74,137.77,SOL
2026-01-06 03:23:22+00:00,2026-01-06 03:25:48.462420+00:00,502.0,137.76,137.74,137.77,SOL
2026-01-06 03:23:23+00:00,2026-01-06 03:25:49.488368+00:00,503.0,137.76,137.74,137.77,SOL
2026-01-06 03:23:24+00:00,2026-01-06 03:25:50.526176+00:00,504.0,137.76,137.74,137.77,SOL
2026-01-06 03:23:25+00:00,2026-01-06 03:25:51.603042+00:00,505.0,137.76,137.74,137.77,SOL
2026-01-06 03:23:26+00:00,2026-01-06 03:25:52.701220+00:00,506.0,137.76,137.74,137.77,SOL
2026-01-06 03:23:27+00:00,2026-01-06 03:25:53.654965+00:00,507.0,137.73,137.73,137.75,SOL
2026-01-06 03:23:28+00:00,2026-01-06 03:25:54.683644+00:00,508.0,137.73,137.72,137.74,SOL
2026-01-06 03:23:29+00:00,2026-01-06 03:25:55.742475+00:00,509.0,137.73,137.71,137.75,SOL
2026-01-06 03:23:30+00:00,2026-01-06 03:25:56.742794+00:00,510.0,137.73,137.71,137.75,SOL
2026-01-06 03:23:31+00:00,2026-01-06 03:25:57.803411+00:00,511.0,137.73,137.72,137.75,SOL
2026-01-06 03:23:33+00:00,2026-01-06 03:25:59.324853+00:00,513.0,137.7,137.69,137.71,SOL
2026-01-06 03:23:34+00:00,2026-01-06 03:26:00.321808+00:00,514.0,137.69,137.68,137.71,SOL
2026-01-06 03:23:35+00:00,2026-01-06 03:26:01.726009+00:00,515.0,137.69,137.68,137.71,SOL
2026-01-06 03:23:36+00:00,2026-01-06 03:26:02.404120+00:00,516.0,137.69,137.68,137.71,SOL
2026-01-06 03:23:37+00:00,2026-01-06 03:26:04.110895+00:00,517.0,137.69,137.68,137.7,SOL
2026-01-06 03:23:38+00:00,2026-01-06 03:26:05.142061+00:00,518.0,137.67,137.66,137.69,SOL
2026-01-06 03:23:39+00:00,2026-01-06 03:26:06.119596+00:00,519.0,137.67,137.66,137.69,SOL
2026-01-06 03:23:40+00:00,2026-01-06 03:26:07.155046+00:00,520.0,137.67,137.66,137.69,SOL
2026-01-06 03:23:41+00:00,2026-01-06 03:26:07.525660+00:00,521.0,137.67,137.66,137.69,SOL
2026-01-06 03:23:42+00:00,2026-01-06 03:26:08.522602+00:00,522.0,137.68,137.67,137.7,SOL
2026-01-06 03:23:43+00:00,2026-01-06 03:26:09.494774+00:00,523.0,137.68,137.67,137.71,SOL
2026-01-06 03:23:44+00:00,2026-01-06 03:26:10.511708+00:00,524.0,137.73,137.72,137.75,SOL
2026-01-06 03:23:45+00:00,2026-01-06 03:26:11.526595+00:00,525.0,137.74,137.73,137.76,SOL
2026-01-06 03:23:46+00:00,2026-01-06 03:26:12.960404+00:00,526.0,137.75,137.73,137.76,SOL
2026-01-06 03:23:47+00:00,2026-01-06 03:26:14.047088+00:00,527.0,137.73,137.71,137.74,SOL
2026-01-06 03:23:48+00:00,2026-01-06 03:26:14.700022+00:00,528.0,137.73,137.71,137.74,SOL
2026-01-06 03:23:49+00:00,2026-01-06 03:26:15.749763+00:00,529.0,137.73,137.71,137.74,SOL
2026-01-06 03:23:50+00:00,2026-01-06 03:26:16.723265+00:00,530.0,137.72,137.71,137.73,SOL
2026-01-06 03:23:51+00:00,2026-01-06 03:26:17.717398+00:00,531.0,137.72,137.71,137.74,SOL
2026-01-06 03:23:52+00:00,2026-01-06 03:26:18.720194+00:00,532.0,137.72,137.71,137.74,SOL
2026-01-06 03:23:53+00:00,2026-01-06 03:26:20.518250+00:00,533.0,137.72,137.71,137.74,SOL
2026-01-06 03:23:54+00:00,2026-01-06 03:26:21.935460+00:00,534.0,137.72,137.71,137.74,SOL
2026-01-06 03:23:55+00:00,2026-01-06 03:26:22.308338+00:00,535.0,137.72,137.71,137.74,SOL
2026-01-06 03:23:56+00:00,2026-01-06 03:26:23.319334+00:00,536.0,137.72,137.71,137.74,SOL
2026-01-06 03:23:57+00:00,2026-01-06 03:26:24.315104+00:00,537.0,137.72,137.71,137.74,SOL
2026-01-06 03:23:59+00:00,2026-01-06 03:26:25.399980+00:00,539.0,137.72,137.71,137.74,SOL
2026-01-06 03:24:00+00:00,2026-01-06 03:26:26.744774+00:00,540.0,137.72,137.71,137.74,SOL
2026-01-06 03:24:01+00:00,2026-01-06 03:26:28.201989+00:00,541.0,137.76,137.75,137.8,SOL
2026-01-06 03:24:02+00:00,2026-01-06 03:26:28.835103+00:00,542.0,137.77,137.76,137.8,SOL
2026-01-06 03:24:03+00:00,2026-01-06 03:26:30.500806+00:00,543.0,137.76,137.75,137.78,SOL
2026-01-06 03:24:04+00:00,2026-01-06 03:26:32.496311+00:00,544.0,137.73,137.73,137.75,SOL
2026-01-06 03:24:06+00:00,2026-01-06 03:26:32.507060+00:00,546.0,137.72,137.71,137.74,SOL
2026-01-06 03:24:07+00:00,2026-01-06 03:26:34.333174+00:00,547.0,137.73,137.71,137.74,SOL
2026-01-06 03:24:08+00:00,2026-01-06 03:26:35.350047+00:00,548.0,137.72,137.71,137.73,SOL
2026-01-06 03:24:09+00:00,2026-01-06 03:26:36.351713+00:00,549.0,137.72,137.7,137.73,SOL
2026-01-06 03:24:10+00:00,2026-01-06 03:26:37.299477+00:00,550.0,137.72,137.7,137.73,SOL
2026-01-06 03:24:11+00:00,2026-01-06 03:26:38.313889+00:00,551.0,137.71,137.7,137.73,SOL
2026-01-06 03:24:12+00:00,2026-01-06 03:26:39.316386+00:00,552.0,137.71,137.69,137.72,SOL
2026-01-06 03:24:13+00:00,2026-01-06 03:26:40.412442+00:00,553.0,137.7,137.68,137.71,SOL
2026-01-06 03:24:14+00:00,2026-01-06 03:26:41.383222+00:00,554.0,137.69,137.68,137.71,SOL
2026-01-06 03:24:15+00:00,2026-01-06 03:26:43.038270+00:00,555.0,137.69,137.67,137.7,SOL
2026-01-06 03:24:16+00:00,2026-01-06 03:26:43.420942+00:00,556.0,137.68,137.67,137.7,SOL
2026-01-06 03:24:17+00:00,2026-01-06 03:26:44.418512+00:00,557.0,137.68,137.67,137.7,SOL
2026-01-06 03:24:18+00:00,2026-01-06 03:26:45.431769+00:00,558.0,137.68,137.67,137.7,SOL
2026-01-06 03:24:19+00:00,2026-01-06 03:26:46.440284+00:00,559.0,137.68,137.67,137.7,SOL
2026-01-06 03:24:20+00:00,2026-01-06 03:26:47.455377+00:00,560.0,137.68,137.67,137.7,SOL
2026-01-06 03:24:21+00:00,2026-01-06 03:26:48.695545+00:00,561.0,137.68,137.67,137.7,SOL
2026-01-06 03:24:23+00:00,2026-01-06 03:26:50.497768+00:00,563.0,137.68,137.67,137.7,SOL
2026-01-06 03:24:24+00:00,2026-01-06 03:26:51.207029+00:00,564.0,137.68,137.67,137.7,SOL
2026-01-06 03:24:25+00:00,2026-01-06 03:26:52.201814+00:00,565.0,137.68,137.67,137.7,SOL
2026-01-06 03:24:26+00:00,2026-01-06 03:26:53.224209+00:00,566.0,137.68,137.67,137.7,SOL
2026-01-06 03:24:28+00:00,2026-01-06 03:26:54.849071+00:00,568.0,137.68,137.67,137.7,SOL
2026-01-06 03:24:29+00:00,2026-01-06 03:26:56.635618+00:00,569.0,137.68,137.67,137.7,SOL
2026-01-06 03:24:30+00:00,2026-01-06 03:26:57.680215+00:00,570.0,137.68,137.67,137.7,SOL
2026-01-06 03:24:31+00:00,2026-01-06 03:26:58.315935+00:00,571.0,137.66,137.66,137.67,SOL
2026-01-06 03:24:32+00:00,2026-01-06 03:26:59.165391+00:00,572.0,137.66,137.65,137.67,SOL
2026-01-06 03:24:33+00:00,2026-01-06 03:27:00.228561+00:00,573.0,137.65,137.64,137.67,SOL
2026-01-06 03:24:34+00:00,2026-01-06 03:27:01.320005+00:00,574.0,137.65,137.63,137.66,SOL
2026-01-06 03:24:35+00:00,2026-01-06 03:27:02.554626+00:00,575.0,137.65,137.63,137.66,SOL
2026-01-06 03:24:36+00:00,2026-01-06 03:27:03.732772+00:00,576.0,137.65,137.63,137.66,SOL
2026-01-06 03:24:37+00:00,2026-01-06 03:27:04.637796+00:00,577.0,137.65,137.63,137.66,SOL
2026-01-06 03:24:38+00:00,2026-01-06 03:27:05.638715+00:00,578.0,137.65,137.63,137.66,SOL
2026-01-06 03:24:39+00:00,2026-01-06 03:27:07.047473+00:00,579.0,137.63,137.62,137.64,SOL
2026-01-06 03:24:40+00:00,2026-01-06 03:27:08.003476+00:00,580.0,137.62,137.6,137.64,SOL
2026-01-06 03:24:42+00:00,2026-01-06 03:27:09.317942+00:00,582.0,137.61,137.6,137.63,SOL
2026-01-06 03:24:43+00:00,2026-01-06 03:27:11.041673+00:00,583.0,137.61,137.6,137.63,SOL
2026-01-06 03:24:44+00:00,2026-01-06 03:27:11.316081+00:00,584.0,137.61,137.6,137.66,SOL
2026-01-06 03:24:45+00:00,2026-01-06 03:27:12.582729+00:00,585.0,137.63,137.62,137.65,SOL
2026-01-06 03:24:46+00:00,2026-01-06 03:27:13.595639+00:00,586.0,137.64,137.62,137.65,SOL
