timestamp,collected_at,seconds,up_mid,up_best_bid,up_best_ask,down_mid,down_best_bid,down_best_ask,up_best_bid_size,up_best_ask_size,down_best_bid_size,down_best_ask_size
2026-01-06 03:15:00.736000+00:00,2026-01-06 03:15:00.786538+00:00,0.736,0.45,0.44,0.46,0.55,0.54,0.56,,,,
2026-01-06 03:15:01.533000+00:00,2026-01-06 03:15:01.796253+00:00,1.533,0.45,0.44,0.46,0.55,0.54,0.56,,,,
2026-01-06 03:15:02.798000+00:00,2026-01-06 03:15:02.812019+00:00,2.798,0.4599999999999999,0.44,0.48,0.54,0.52,0.56,,,,
2026-01-06 03:15:03.806000+00:00,2026-01-06 03:15:03.818276+00:00,3.806,0.4599999999999999,0.44,0.48,0.54,0.52,0.56,,,,
2026-01-06 03:15:04.764000+00:00,2026-01-06 03:15:04.815901+00:00,4.764,0.475,0.47,0.48,0.525,0.52,0.53,,,,
2026-01-06 03:15:05.985000+00:00,2026-01-06 03:15:06.126536+00:00,5.985,0.47,0.46,0.48,0.53,0.52,0.54,,,,
2026-01-06 03:15:07.035000+00:00,2026-01-06 03:15:07.131915+00:00,7.035,0.47,0.46,0.48,0.53,0.52,0.54,,,,
2026-01-06 03:15:08.195000+00:00,2026-01-06 03:15:08.198799+00:00,8.195,0.475,0.47,0.48,0.525,0.52,0.53,,,,
2026-01-06 03:15:09.177000+00:00,2026-01-06 03:15:09.203429+00:00,9.177,0.475,0.47,0.48,0.525,0.52,0.53,,,,
2026-01-06 03:15:10.066000+00:00,2026-01-06 03:15:10.198392+00:00,10.066,0.495,0.49,0.5,0.505,0.5,0.51,,,,
2026-01-06 03:15:11.328000+00:00,2026-01-06 03:15:11.365355+00:00,11.328,0.495,0.49,0.5,0.505,0.5,0.51,,,,
2026-01-06 03:15:12.266000+00:00,2026-01-06 03:15:12.370169+00:00,12.266,0.495,0.48,0.51,0.505,0.49,0.52,,,,
2026-01-06 03:15:13.209000+00:00,2026-01-06 03:15:13.356588+00:00,13.209,0.495,0.48,0.51,0.505,0.49,0.52,,,,
2026-01-06 03:15:14.398000+00:00,2026-01-06 03:15:14.364325+00:00,14.398,0.505,0.5,0.51,0.495,0.49,0.5,,,,
2026-01-06 03:15:15.387000+00:00,2026-01-06 03:15:15.365061+00:00,15.387,0.505,0.5,0.51,0.495,0.49,0.5,,,,
2026-01-06 03:15:16.301000+00:00,2026-01-06 03:15:16.383899+00:00,16.301,0.505,0.5,0.51,0.495,0.49,0.5,,,,
2026-01-06 03:15:17.082000+00:00,2026-01-06 03:15:17.393372+00:00,17.082,0.5,0.49,0.51,0.5,0.49,0.51,,,,
2026-01-06 03:15:18.339000+00:00,2026-01-06 03:15:18.396972+00:00,18.339,0.5,0.49,0.51,0.495,0.49,0.5,,,,
2026-01-06 03:15:19.563000+00:00,2026-01-06 03:15:19.659059+00:00,19.563,0.51,0.5,0.52,0.49,0.48,0.5,,,,
2026-01-06 03:15:20.679000+00:00,2026-01-06 03:15:20.713951+00:00,20.679,0.51,0.5,0.52,0.49,0.48,0.5,,,,
2026-01-06 03:15:21.604000+00:00,2026-01-06 03:15:21.738081+00:00,21.604,0.51,0.5,0.52,0.49,0.48,0.5,,,,
2026-01-06 03:15:22.956000+00:00,2026-01-06 03:15:23.749774+00:00,22.956,0.505,0.5,0.51,0.495,0.49,0.5,,,,
2026-01-06 03:15:24.560000+00:00,2026-01-06 03:15:24.747770+00:00,24.56,0.5,0.49,0.51,0.5,0.49,0.51,,,,
2026-01-06 03:15:25.283000+00:00,2026-01-06 03:15:25.786791+00:00,25.283,0.5,0.49,0.51,0.5,0.49,0.51,,,,
2026-01-06 03:15:27.151000+00:00,2026-01-06 03:15:27.155991+00:00,27.151,0.51,0.5,0.52,0.49,0.48,0.5,,,,
2026-01-06 03:15:28.929000+00:00,2026-01-06 03:15:29.156535+00:00,28.929,0.52,0.51,0.53,0.48,0.47,0.49,,,,
2026-01-06 03:15:29.975000+00:00,2026-01-06 03:15:30.169041+00:00,29.975,0.51,0.5,0.52,0.49,0.48,0.5,,,,
2026-01-06 03:15:31.001000+00:00,2026-01-06 03:15:31.187052+00:00,31.001,0.51,0.5,0.52,0.49,0.48,0.5,,,,
2026-01-06 03:15:32.962000+00:00,2026-01-06 03:15:33.325906+00:00,32.962,0.51,0.5,0.52,0.49,0.48,0.5,,,,
2026-01-06 03:15:34.295000+00:00,2026-01-06 03:15:34.330509+00:00,34.295,0.535,0.53,0.54,0.4599999999999999,0.45,0.47,,,,
2026-01-06 03:15:35.309000+00:00,2026-01-06 03:15:35.334728+00:00,35.309,0.53,0.52,0.54,0.47,0.46,0.48,,,,
2026-01-06 03:15:36.336000+00:00,2026-01-06 03:15:36.348037+00:00,36.336,0.54,0.53,0.55,0.4599999999999999,0.45,0.47,,,,
2026-01-06 03:15:37.241000+00:00,2026-01-06 03:15:37.346855+00:00,37.241,0.53,0.52,0.54,0.47,0.46,0.48,,,,
2026-01-06 03:15:38.293000+00:00,2026-01-06 03:15:38.356866+00:00,38.293,0.53,0.52,0.54,0.47,0.46,0.48,,,,
2026-01-06 03:15:39.196000+00:00,2026-01-06 03:15:39.377182+00:00,39.196,0.53,0.52,0.54,0.4599999999999999,0.45,0.47,,,,
2026-01-06 03:15:40.001000+00:00,2026-01-06 03:15:40.378270+00:00,40.001,0.54,0.53,0.55,0.4599999999999999,0.45,0.47,,,,
2026-01-06 03:15:41.234000+00:00,2026-01-06 03:15:41.389986+00:00,41.234,0.54,0.53,0.55,0.455,0.45,0.46,,,,
2026-01-06 03:15:42.366000+00:00,2026-01-06 03:15:42.398070+00:00,42.366,0.54,0.53,0.55,0.4599999999999999,0.45,0.47,,,,
2026-01-06 03:15:43.261000+00:00,2026-01-06 03:15:43.400650+00:00,43.261,0.545,0.54,0.55,0.455,0.45,0.46,,,,
2026-01-06 03:15:44.252000+00:00,2026-01-06 03:15:44.405530+00:00,44.252,0.545,0.54,0.55,0.455,0.45,0.46,,,,
2026-01-06 03:15:45.358000+00:00,2026-01-06 03:15:45.418481+00:00,45.358,0.545,0.54,0.55,0.455,0.45,0.46,,,,
2026-01-06 03:15:46.362000+00:00,2026-01-06 03:15:46.404628+00:00,46.362,0.545,0.54,0.55,0.455,0.45,0.46,,,,
2026-01-06 03:15:47.520000+00:00,2026-01-06 03:15:47.623743+00:00,47.52,0.565,0.56,0.57,0.41,0.4,0.42,,,,
2026-01-06 03:15:48.408000+00:00,2026-01-06 03:15:48.613128+00:00,48.408,0.59,0.58,0.6,0.41,0.4,0.42,,,,
2026-01-06 03:15:49.429000+00:00,2026-01-06 03:15:49.669790+00:00,49.429,0.59,0.58,0.6,0.41,0.4,0.42,,,,
2026-01-06 03:15:50.574000+00:00,2026-01-06 03:15:50.685089+00:00,50.574,0.58,0.57,0.59,0.42,0.41,0.43,,,,
2026-01-06 03:15:51.531000+00:00,2026-01-06 03:15:51.695309+00:00,51.531,0.585,0.58,0.59,0.415,0.41,0.42,,,,
2026-01-06 03:15:52.637000+00:00,2026-01-06 03:15:52.725547+00:00,52.637,0.59,0.58,0.6,0.41,0.4,0.42,,,,
2026-01-06 03:15:53.256000+00:00,2026-01-06 03:15:53.829293+00:00,53.256,0.6,0.59,0.61,0.4,0.39,0.41,,,,
2026-01-06 03:15:54.863000+00:00,2026-01-06 03:15:54.889084+00:00,54.863,0.605,0.6,0.61,0.395,0.39,0.4,,,,
2026-01-06 03:15:55.875000+00:00,2026-01-06 03:15:55.894248+00:00,55.875,0.635,0.63,0.64,0.365,0.36,0.37,,,,
2026-01-06 03:15:56.849000+00:00,2026-01-06 03:15:56.888994+00:00,56.849,0.645,0.64,0.65,0.355,0.35,0.36,,,,
2026-01-06 03:15:57.785000+00:00,2026-01-06 03:15:57.895513+00:00,57.785,0.645,0.64,0.65,0.355,0.35,0.36,,,,
2026-01-06 03:15:58.880000+00:00,2026-01-06 03:15:58.911909+00:00,58.88,0.645,0.64,0.65,0.355,0.35,0.36,,,,
2026-01-06 03:15:59.936000+00:00,2026-01-06 03:15:59.954809+00:00,59.936,0.65,0.64,0.66,0.35,0.34,0.36,,,,
2026-01-06 03:16:01.266000+00:00,2026-01-06 03:16:01.289652+00:00,61.266,0.655,0.65,0.66,0.36,0.35,0.37,,,,
2026-01-06 03:16:02.238000+00:00,2026-01-06 03:16:02.358214+00:00,62.238,0.63,0.62,0.64,0.38,0.37,0.39,,,,
2026-01-06 03:16:03.168000+00:00,2026-01-06 03:16:03.375768+00:00,63.168,0.615,0.61,0.62,0.385,0.38,0.39,,,,
2026-01-06 03:16:04.451000+00:00,2026-01-06 03:16:04.395808+00:00,64.451,0.595,0.59,0.6,0.41,0.4,0.42,,,,
2026-01-06 03:16:05.373000+00:00,2026-01-06 03:16:05.409462+00:00,65.373,0.605,0.6,0.61,0.395,0.39,0.4,,,,
2026-01-06 03:16:06.239000+00:00,2026-01-06 03:16:06.429043+00:00,66.239,0.61,0.6,0.62,0.39,0.38,0.4,,,,
2026-01-06 03:16:07.317000+00:00,2026-01-06 03:16:07.443498+00:00,67.317,0.605,0.6,0.61,0.395,0.39,0.4,,,,
2026-01-06 03:16:08.623000+00:00,2026-01-06 03:16:08.662200+00:00,68.623,0.595,0.59,0.6,0.405,0.4,0.41,,,,
2026-01-06 03:16:09.595000+00:00,2026-01-06 03:16:09.700230+00:00,69.595,0.575,0.57,0.58,0.425,0.42,0.43,,,,
2026-01-06 03:16:11.156000+00:00,2026-01-06 03:16:11.244698+00:00,71.156,0.565,0.56,0.57,0.435,0.43,0.44,,,,
2026-01-06 03:16:12.787000+00:00,2026-01-06 03:16:13.242072+00:00,72.787,0.5700000000000001,0.56,0.58,0.43,0.42,0.44,,,,
2026-01-06 03:16:14.231000+00:00,2026-01-06 03:16:14.243726+00:00,74.231,0.5700000000000001,0.56,0.58,0.43,0.42,0.44,,,,
2026-01-06 03:16:15.001000+00:00,2026-01-06 03:16:15.260160+00:00,75.001,0.5700000000000001,0.56,0.58,0.445,0.44,0.45,,,,
2026-01-06 03:16:16.201000+00:00,2026-01-06 03:16:16.259133+00:00,76.201,0.555,0.55,0.56,0.44,0.43,0.45,,,,
2026-01-06 03:16:17.532000+00:00,2026-01-06 03:16:17.589809+00:00,77.532,0.545,0.54,0.55,0.455,0.45,0.46,,,,
2026-01-06 03:16:18.386000+00:00,2026-01-06 03:16:18.591202+00:00,78.386,0.545,0.54,0.55,0.455,0.45,0.46,,,,
2026-01-06 03:16:19.574000+00:00,2026-01-06 03:16:19.583056+00:00,79.574,0.535,0.53,0.54,0.475,0.47,0.48,,,,
2026-01-06 03:16:20.633000+00:00,2026-01-06 03:16:20.660940+00:00,80.633,0.485,0.48,0.49,0.515,0.51,0.52,,,,
2026-01-06 03:16:21.521000+00:00,2026-01-06 03:16:21.692873+00:00,81.521,0.48,0.47,0.49,0.53,0.52,0.54,,,,
2026-01-06 03:16:22.685000+00:00,2026-01-06 03:16:22.695588+00:00,82.685,0.455,0.45,0.46,0.525,0.52,0.53,,,,
2026-01-06 03:16:23.668000+00:00,2026-01-06 03:16:23.719478+00:00,83.668,0.48,0.47,0.49,0.52,0.51,0.53,,,,
2026-01-06 03:16:24.579000+00:00,2026-01-06 03:16:24.717165+00:00,84.579,0.48,0.47,0.49,0.52,0.51,0.53,,,,
2026-01-06 03:16:25.392000+00:00,2026-01-06 03:16:25.727309+00:00,85.392,0.49,0.48,0.5,0.51,0.5,0.52,,,,
2026-01-06 03:16:26.767000+00:00,2026-01-06 03:16:26.808714+00:00,86.767,0.49,0.48,0.5,0.51,0.5,0.52,,,,
2026-01-06 03:16:27.526000+00:00,2026-01-06 03:16:27.890704+00:00,87.526,0.49,0.48,0.5,0.52,0.51,0.53,,,,
2026-01-06 03:16:28.875000+00:00,2026-01-06 03:16:28.902414+00:00,88.875,0.485,0.47,0.5,0.52,0.51,0.53,,,,
2026-01-06 03:16:29.879000+00:00,2026-01-06 03:16:29.905396+00:00,89.879,0.495,0.49,0.5,0.505,0.5,0.51,,,,
2026-01-06 03:16:31.291000+00:00,2026-01-06 03:16:31.290902+00:00,91.291,0.495,0.49,0.5,0.505,0.5,0.51,,,,
2026-01-06 03:16:32.182000+00:00,2026-01-06 03:16:32.290226+00:00,92.182,0.49,0.48,0.5,0.51,0.5,0.52,,,,
2026-01-06 03:16:33.248000+00:00,2026-01-06 03:16:33.307030+00:00,93.248,0.515,0.51,0.52,0.475,0.47,0.48,,,,
2026-01-06 03:16:34.054000+00:00,2026-01-06 03:16:34.313256+00:00,94.054,0.535,0.53,0.54,0.45,0.44,0.46,,,,
2026-01-06 03:16:35.335000+00:00,2026-01-06 03:16:35.378357+00:00,95.335,0.545,0.54,0.55,0.455,0.45,0.46,,,,
2026-01-06 03:16:36.423000+00:00,2026-01-06 03:16:36.398221+00:00,96.423,0.545,0.54,0.55,0.455,0.45,0.46,,,,
2026-01-06 03:16:37.294000+00:00,2026-01-06 03:16:37.448844+00:00,97.294,0.52,0.51,0.53,0.48,0.47,0.49,,,,
2026-01-06 03:16:38.171000+00:00,2026-01-06 03:16:38.446946+00:00,98.171,0.52,0.51,0.53,0.47,0.46,0.48,,,,
2026-01-06 03:16:39.400000+00:00,2026-01-06 03:16:39.456037+00:00,99.4,0.53,0.52,0.54,0.47,0.46,0.48,,,,
2026-01-06 03:16:40.348000+00:00,2026-01-06 03:16:40.453069+00:00,100.348,0.54,0.53,0.55,0.4599999999999999,0.45,0.47,,,,
2026-01-06 03:16:41.444000+00:00,2026-01-06 03:16:41.447480+00:00,101.444,0.545,0.54,0.55,0.455,0.45,0.46,,,,
2026-01-06 03:16:42.391000+00:00,2026-01-06 03:16:42.461307+00:00,102.391,0.545,0.54,0.55,0.455,0.45,0.46,,,,
2026-01-06 03:16:43.691000+00:00,2026-01-06 03:16:43.909639+00:00,103.691,0.585,0.58,0.59,0.41,0.4,0.42,,,,
2026-01-06 03:16:44.896000+00:00,2026-01-06 03:16:44.924424+00:00,104.896,0.6,0.59,0.61,0.405,0.4,0.41,,,,
2026-01-06 03:16:46.154000+00:00,2026-01-06 03:16:46.211366+00:00,106.154,0.59,0.58,0.6,0.41,0.4,0.42,,,,
2026-01-06 03:16:47.157000+00:00,2026-01-06 03:16:47.229113+00:00,107.157,0.6,0.59,0.61,0.4,0.39,0.41,,,,
2026-01-06 03:16:48.232000+00:00,2026-01-06 03:16:48.263929+00:00,108.232,0.615,0.61,0.62,0.385,0.38,0.39,,,,
2026-01-06 03:16:49.186000+00:00,2026-01-06 03:16:49.278601+00:00,109.186,0.62,0.61,0.63,0.38,0.37,0.39,,,,
2026-01-06 03:16:50.252000+00:00,2026-01-06 03:16:50.303553+00:00,110.252,0.595,0.59,0.6,0.405,0.4,0.41,,,,
2026-01-06 03:16:51.298000+00:00,2026-01-06 03:16:51.324049+00:00,111.298,0.585,0.58,0.59,0.415,0.41,0.42,,,,
2026-01-06 03:16:52.213000+00:00,2026-01-06 03:16:52.338372+00:00,112.213,0.61,0.6,0.62,0.39,0.38,0.4,,,,
2026-01-06 03:16:53.321000+00:00,2026-01-06 03:16:53.334585+00:00,113.321,0.615,0.61,0.62,0.385,0.38,0.39,,,,
2026-01-06 03:16:54.178000+00:00,2026-01-06 03:16:54.350856+00:00,114.178,0.61,0.6,0.62,0.39,0.38,0.4,,,,
2026-01-06 03:16:55.942000+00:00,2026-01-06 03:16:56.443896+00:00,115.942,0.61,0.6,0.62,0.39,0.38,0.4,,,,
2026-01-06 03:16:57.391000+00:00,2026-01-06 03:16:57.445976+00:00,117.391,0.62,0.61,0.63,0.38,0.37,0.39,,,,
2026-01-06 03:16:58.455000+00:00,2026-01-06 03:16:58.464606+00:00,118.455,0.625,0.62,0.63,0.375,0.37,0.38,,,,
2026-01-06 03:16:59.451000+00:00,2026-01-06 03:16:59.463058+00:00,119.451,0.62,0.61,0.63,0.38,0.37,0.39,,,,
2026-01-06 03:17:00.337000+00:00,2026-01-06 03:17:00.471735+00:00,120.337,0.615,0.61,0.62,0.385,0.38,0.39,,,,
2026-01-06 03:17:01.734000+00:00,2026-01-06 03:17:01.743941+00:00,121.734,0.62,0.61,0.63,0.37,0.36,0.38,,,,
2026-01-06 03:17:02.586000+00:00,2026-01-06 03:17:02.757916+00:00,122.586,0.62,0.61,0.63,0.38,0.37,0.39,,,,
2026-01-06 03:17:03.742000+00:00,2026-01-06 03:17:03.760928+00:00,123.742,0.625,0.62,0.63,0.375,0.37,0.38,,,,
2026-01-06 03:17:04.583000+00:00,2026-01-06 03:17:04.776948+00:00,124.583,0.625,0.62,0.63,0.375,0.37,0.38,,,,
2026-01-06 03:17:05.892000+00:00,2026-01-06 03:17:05.788464+00:00,125.892,0.625,0.62,0.63,0.375,0.37,0.38,,,,
2026-01-06 03:17:07.002000+00:00,2026-01-06 03:17:07.077013+00:00,127.002,0.63,0.62,0.64,0.37,0.36,0.38,,,,
2026-01-06 03:17:08.126000+00:00,2026-01-06 03:17:08.102941+00:00,128.126,0.665,0.66,0.67,0.335,0.33,0.34,,,,
2026-01-06 03:17:09.328000+00:00,2026-01-06 03:17:09.357474+00:00,129.328,0.66,0.65,0.67,0.3399999999999999,0.33,0.35,,,,
2026-01-06 03:17:10.353000+00:00,2026-01-06 03:17:10.358439+00:00,130.353,0.675,0.67,0.68,0.325,0.32,0.33,,,,
2026-01-06 03:17:11.266000+00:00,2026-01-06 03:17:11.360692+00:00,131.266,0.66,0.65,0.67,0.3399999999999999,0.33,0.35,,,,
2026-01-06 03:17:12.355000+00:00,2026-01-06 03:17:12.363947+00:00,132.355,0.66,0.65,0.67,0.3399999999999999,0.33,0.35,,,,
2026-01-06 03:17:13.208000+00:00,2026-01-06 03:17:13.371663+00:00,133.208,0.67,0.66,0.68,0.33,0.32,0.34,,,,
2026-01-06 03:17:14.372000+00:00,2026-01-06 03:17:14.382677+00:00,134.372,0.705,0.69,0.72,0.29,0.28,0.3,,,,
2026-01-06 03:17:15.337000+00:00,2026-01-06 03:17:15.375919+00:00,135.337,0.7,0.69,0.71,0.3,0.29,0.31,,,,
2026-01-06 03:17:16.282000+00:00,2026-01-06 03:17:16.383415+00:00,136.282,0.675,0.67,0.68,0.3349999999999999,0.32,0.35,,,,
2026-01-06 03:17:17.368000+00:00,2026-01-06 03:17:17.395480+00:00,137.368,0.595,0.58,0.61,0.41,0.4,0.42,,,,
2026-01-06 03:17:18.938000+00:00,2026-01-06 03:17:19.404881+00:00,138.938,0.585,0.58,0.59,0.415,0.41,0.42,,,,
2026-01-06 03:17:20.272000+00:00,2026-01-06 03:17:20.409676+00:00,140.272,0.585,0.58,0.59,0.415,0.41,0.42,,,,
2026-01-06 03:17:21.316000+00:00,2026-01-06 03:17:21.417459+00:00,141.316,0.58,0.57,0.59,0.42,0.41,0.43,,,,
2026-01-06 03:17:22.782000+00:00,2026-01-06 03:17:22.806789+00:00,142.782,0.575,0.57,0.58,0.425,0.42,0.43,,,,
2026-01-06 03:17:24.054000+00:00,2026-01-06 03:17:24.191794+00:00,144.054,0.575,0.57,0.58,0.425,0.42,0.43,,,,
2026-01-06 03:17:25.084000+00:00,2026-01-06 03:17:25.214136+00:00,145.084,0.575,0.57,0.58,0.425,0.42,0.43,,,,
2026-01-06 03:17:26.198000+00:00,2026-01-06 03:17:26.232925+00:00,146.198,0.575,0.57,0.58,0.425,0.42,0.43,,,,
2026-01-06 03:17:27.126000+00:00,2026-01-06 03:17:27.235792+00:00,147.126,0.575,0.57,0.58,0.425,0.42,0.43,,,,
2026-01-06 03:17:28.187000+00:00,2026-01-06 03:17:28.242490+00:00,148.187,0.575,0.57,0.58,0.425,0.42,0.43,,,,
2026-01-06 03:17:29.505000+00:00,2026-01-06 03:17:30.656346+00:00,149.505,0.575,0.57,0.58,0.425,0.42,0.43,,,,
2026-01-06 03:17:31.687000+00:00,2026-01-06 03:17:31.857894+00:00,151.687,0.5700000000000001,0.56,0.58,0.43,0.42,0.44,,,,
2026-01-06 03:17:32.259000+00:00,2026-01-06 03:17:32.891103+00:00,152.259,0.5700000000000001,0.56,0.58,0.44,0.43,0.45,,,,
2026-01-06 03:17:33.755000+00:00,2026-01-06 03:17:33.896554+00:00,153.755,0.56,0.55,0.57,0.44,0.43,0.45,,,,
2026-01-06 03:17:34.934000+00:00,2026-01-06 03:17:34.906754+00:00,154.934,0.56,0.55,0.57,0.44,0.43,0.45,,,,
2026-01-06 03:17:35.731000+00:00,2026-01-06 03:17:35.911807+00:00,155.731,0.56,0.55,0.57,0.44,0.43,0.45,,,,
2026-01-06 03:17:36.665000+00:00,2026-01-06 03:17:36.910484+00:00,156.665,0.56,0.55,0.57,0.44,0.43,0.45,,,,
2026-01-06 03:17:38.146000+00:00,2026-01-06 03:17:38.215282+00:00,158.146,0.56,0.55,0.57,0.44,0.43,0.45,,,,
2026-01-06 03:17:39.199000+00:00,2026-01-06 03:17:39.221278+00:00,159.199,0.535,0.53,0.54,0.475,0.47,0.48,,,,
2026-01-06 03:17:40.393000+00:00,2026-01-06 03:17:40.506097+00:00,160.393,0.5,0.49,0.51,0.5,0.49,0.51,,,,
2026-01-06 03:17:41.448000+00:00,2026-01-06 03:17:41.503740+00:00,161.448,0.505,0.5,0.51,0.495,0.49,0.5,,,,
2026-01-06 03:17:42.444000+00:00,2026-01-06 03:17:42.505270+00:00,162.444,0.5,0.49,0.51,0.5,0.49,0.51,,,,
2026-01-06 03:17:43.249000+00:00,2026-01-06 03:17:43.507158+00:00,163.249,0.5,0.49,0.51,0.5,0.49,0.51,,,,
2026-01-06 03:17:44.484000+00:00,2026-01-06 03:17:44.522147+00:00,164.484,0.53,0.52,0.54,0.47,0.46,0.48,,,,
2026-01-06 03:17:45.561000+00:00,2026-01-06 03:17:45.581042+00:00,165.561,0.515,0.51,0.52,0.47,0.46,0.48,,,,
2026-01-06 03:17:46.622000+00:00,2026-01-06 03:17:46.625383+00:00,166.622,0.53,0.52,0.54,0.47,0.46,0.48,,,,
2026-01-06 03:17:47.567000+00:00,2026-01-06 03:17:47.653030+00:00,167.567,0.525,0.52,0.53,0.475,0.47,0.48,,,,
2026-01-06 03:17:48.600000+00:00,2026-01-06 03:17:48.639843+00:00,168.6,0.525,0.52,0.53,0.475,0.47,0.48,,,,
2026-01-06 03:17:49.552000+00:00,2026-01-06 03:17:49.652341+00:00,169.552,0.53,0.52,0.54,0.47,0.46,0.48,,,,
2026-01-06 03:17:50.960000+00:00,2026-01-06 03:17:50.983774+00:00,170.96,0.53,0.52,0.54,0.47,0.46,0.48,,,,
2026-01-06 03:17:51.833000+00:00,2026-01-06 03:17:51.984276+00:00,171.833,0.53,0.52,0.54,0.47,0.46,0.48,,,,
2026-01-06 03:17:52.961000+00:00,2026-01-06 03:17:53.002722+00:00,172.961,0.555,0.55,0.56,0.445,0.44,0.45,,,,
2026-01-06 03:17:54.355000+00:00,2026-01-06 03:17:54.359007+00:00,174.355,0.56,0.55,0.57,0.44,0.43,0.45,,,,
2026-01-06 03:17:55.304000+00:00,2026-01-06 03:17:55.356022+00:00,175.304,0.56,0.55,0.57,0.44,0.43,0.45,,,,
2026-01-06 03:17:56.241000+00:00,2026-01-06 03:17:56.353494+00:00,176.241,0.56,0.55,0.57,0.44,0.43,0.45,,,,
2026-01-06 03:17:57.946000+00:00,2026-01-06 03:17:58.377102+00:00,177.946,0.55,0.54,0.56,0.45,0.44,0.46,,,,
2026-01-06 03:17:59.452000+00:00,2026-01-06 03:17:59.507448+00:00,179.452,0.55,0.54,0.56,0.445,0.44,0.45,,,,
2026-01-06 03:18:00.481000+00:00,2026-01-06 03:18:00.495856+00:00,180.481,0.55,0.54,0.56,0.45,0.44,0.46,,,,
2026-01-06 03:18:01.611000+00:00,2026-01-06 03:18:01.709219+00:00,181.611,0.575,0.57,0.58,0.425,0.42,0.43,,,,
2026-01-06 03:18:02.708000+00:00,2026-01-06 03:18:02.713608+00:00,182.708,0.595,0.59,0.6,0.405,0.4,0.41,,,,
2026-01-06 03:18:03.488000+00:00,2026-01-06 03:18:03.720544+00:00,183.488,0.6,0.59,0.61,0.4,0.39,0.41,,,,
2026-01-06 03:18:04.757000+00:00,2026-01-06 03:18:04.758493+00:00,184.757,0.59,0.58,0.6,0.41,0.4,0.42,,,,
2026-01-06 03:18:05.775000+00:00,2026-01-06 03:18:05.805430+00:00,185.775,0.59,0.58,0.6,0.41,0.4,0.42,,,,
2026-01-06 03:18:06.792000+00:00,2026-01-06 03:18:06.907129+00:00,186.792,0.58,0.57,0.59,0.43,0.42,0.44,,,,
2026-01-06 03:18:07.879000+00:00,2026-01-06 03:18:07.890050+00:00,187.879,0.5700000000000001,0.56,0.58,0.42,0.41,0.43,,,,
2026-01-06 03:18:08.789000+00:00,2026-01-06 03:18:08.902213+00:00,188.789,0.595,0.59,0.6,0.41,0.4,0.42,,,,
2026-01-06 03:18:10.950000+00:00,2026-01-06 03:18:11.029783+00:00,190.95,0.56,0.55,0.57,0.44,0.43,0.45,,,,
2026-01-06 03:18:12.008000+00:00,2026-01-06 03:18:12.036433+00:00,192.008,0.56,0.55,0.57,0.45,0.44,0.46,,,,
2026-01-06 03:18:13.194000+00:00,2026-01-06 03:18:13.242036+00:00,193.194,0.55,0.54,0.56,0.45,0.44,0.46,,,,
2026-01-06 03:18:14.161000+00:00,2026-01-06 03:18:14.310796+00:00,194.161,0.55,0.54,0.56,0.455,0.45,0.46,,,,
2026-01-06 03:18:15.510000+00:00,2026-01-06 03:18:15.687275+00:00,195.51,0.53,0.52,0.54,0.47,0.46,0.48,,,,
2026-01-06 03:18:16.605000+00:00,2026-01-06 03:18:16.754857+00:00,196.605,0.52,0.51,0.53,0.48,0.47,0.49,,,,
2026-01-06 03:18:17.393000+00:00,2026-01-06 03:18:17.767835+00:00,197.393,0.53,0.52,0.54,0.47,0.46,0.48,,,,
2026-01-06 03:18:18.679000+00:00,2026-01-06 03:18:18.777871+00:00,198.679,0.53,0.52,0.54,0.47,0.46,0.48,,,,
2026-01-06 03:18:19.852000+00:00,2026-01-06 03:18:19.862958+00:00,199.852,0.53,0.52,0.54,0.47,0.46,0.48,,,,
2026-01-06 03:18:20.812000+00:00,2026-01-06 03:18:20.869598+00:00,200.812,0.515,0.51,0.52,0.485,0.48,0.49,,,,
2026-01-06 03:18:21.842000+00:00,2026-01-06 03:18:21.884643+00:00,201.842,0.53,0.52,0.54,0.47,0.46,0.48,,,,
2026-01-06 03:18:22.776000+00:00,2026-01-06 03:18:22.900031+00:00,202.776,0.53,0.52,0.54,0.47,0.46,0.48,,,,
2026-01-06 03:18:23.941000+00:00,2026-01-06 03:18:23.922319+00:00,203.941,0.565,0.56,0.57,0.435,0.43,0.44,,,,
2026-01-06 03:18:24.894000+00:00,2026-01-06 03:18:24.951186+00:00,204.894,0.56,0.55,0.57,0.455,0.45,0.46,,,,
2026-01-06 03:18:25.812000+00:00,2026-01-06 03:18:25.957594+00:00,205.812,0.545,0.54,0.55,0.45,0.44,0.46,,,,
2026-01-06 03:18:26.963000+00:00,2026-01-06 03:18:26.977984+00:00,206.963,0.535,0.53,0.54,0.4599999999999999,0.45,0.47,,,,
2026-01-06 03:18:27.588000+00:00,2026-01-06 03:18:27.982444+00:00,207.588,0.54,0.53,0.55,0.4599999999999999,0.45,0.47,,,,
2026-01-06 03:18:28.945000+00:00,2026-01-06 03:18:28.989780+00:00,208.945,0.54,0.53,0.55,0.4599999999999999,0.45,0.47,,,,
2026-01-06 03:18:29.884000+00:00,2026-01-06 03:18:29.990821+00:00,209.884,0.54,0.53,0.55,0.4599999999999999,0.45,0.47,,,,
2026-01-06 03:18:30.577000+00:00,2026-01-06 03:18:30.987168+00:00,210.577,0.535,0.53,0.54,0.4649999999999999,0.46,0.47,,,,
2026-01-06 03:18:32.070000+00:00,2026-01-06 03:18:32.105906+00:00,212.07,0.53,0.52,0.54,0.47,0.46,0.48,,,,
2026-01-06 03:18:33.100000+00:00,2026-01-06 03:18:33.108809+00:00,213.1,0.555,0.55,0.56,0.45,0.44,0.46,,,,
2026-01-06 03:18:34.946000+00:00,2026-01-06 03:18:35.112805+00:00,214.946,0.55,0.54,0.56,0.45,0.44,0.46,,,,
2026-01-06 03:18:36.249000+00:00,2026-01-06 03:18:36.267794+00:00,216.249,0.55,0.54,0.56,0.45,0.44,0.46,,,,
2026-01-06 03:18:37.649000+00:00,2026-01-06 03:18:37.698268+00:00,217.649,0.535,0.53,0.54,0.4649999999999999,0.46,0.47,,,,
2026-01-06 03:18:38.426000+00:00,2026-01-06 03:18:38.706809+00:00,218.426,0.535,0.53,0.54,0.4649999999999999,0.46,0.47,,,,
2026-01-06 03:18:39.941000+00:00,2026-01-06 03:18:40.722446+00:00,219.941,0.535,0.53,0.54,0.4649999999999999,0.46,0.47,,,,
2026-01-06 03:18:41.717000+00:00,2026-01-06 03:18:41.734063+00:00,221.717,0.535,0.53,0.54,0.4649999999999999,0.46,0.47,,,,
2026-01-06 03:18:42.507000+00:00,2026-01-06 03:18:42.755963+00:00,222.507,0.535,0.53,0.54,0.4649999999999999,0.46,0.47,,,,
2026-01-06 03:18:43.515000+00:00,2026-01-06 03:18:43.773639+00:00,223.515,0.535,0.53,0.54,0.4649999999999999,0.46,0.47,,,,
2026-01-06 03:18:44.652000+00:00,2026-01-06 03:18:44.787716+00:00,224.652,0.54,0.53,0.55,0.4599999999999999,0.45,0.47,,,,
2026-01-06 03:18:45.478000+00:00,2026-01-06 03:18:46.151988+00:00,225.478,0.54,0.53,0.55,0.4599999999999999,0.45,0.47,,,,
2026-01-06 03:18:46.934000+00:00,2026-01-06 03:18:47.159837+00:00,226.934,0.54,0.53,0.55,0.4599999999999999,0.45,0.47,,,,
2026-01-06 03:18:48.940000+00:00,2026-01-06 03:18:49.152359+00:00,228.94,0.54,0.53,0.55,0.4599999999999999,0.45,0.47,,,,
2026-01-06 03:18:50.761000+00:00,2026-01-06 03:18:51.246789+00:00,230.761,0.54,0.53,0.55,0.4599999999999999,0.45,0.47,,,,
2026-01-06 03:18:51.816000+00:00,2026-01-06 03:18:52.289243+00:00,231.816,0.54,0.53,0.55,0.4599999999999999,0.45,0.47,,,,
2026-01-06 03:18:52.941000+00:00,2026-01-06 03:18:53.312150+00:00,232.941,0.54,0.53,0.55,0.4599999999999999,0.45,0.47,,,,
2026-01-06 03:18:54.226000+00:00,2026-01-06 03:18:54.312128+00:00,234.226,0.54,0.53,0.55,0.4599999999999999,0.45,0.47,,,,
2026-01-06 03:18:55.282000+00:00,2026-01-06 03:18:55.309206+00:00,235.282,0.54,0.53,0.55,0.4649999999999999,0.46,0.47,,,,
2026-01-06 03:18:56.204000+00:00,2026-01-06 03:18:56.303412+00:00,236.204,0.535,0.53,0.54,0.4649999999999999,0.46,0.47,,,,
2026-01-06 03:18:57.307000+00:00,2026-01-06 03:18:57.340194+00:00,237.307,0.535,0.53,0.54,0.4649999999999999,0.46,0.47,,,,
2026-01-06 03:18:58.129000+00:00,2026-01-06 03:18:58.333623+00:00,238.129,0.54,0.53,0.55,0.4649999999999999,0.46,0.47,,,,
2026-01-06 03:18:59.650000+00:00,2026-01-06 03:18:59.711305+00:00,239.65,0.53,0.52,0.54,0.47,0.46,0.48,,,,
2026-01-06 03:19:00.610000+00:00,2026-01-06 03:19:00.747502+00:00,240.61,0.525,0.52,0.53,0.475,0.47,0.48,,,,
2026-01-06 03:19:01.486000+00:00,2026-01-06 03:19:01.760641+00:00,241.486,0.535,0.53,0.54,0.4649999999999999,0.46,0.47,,,,
2026-01-06 03:19:02.185000+00:00,2026-01-06 03:19:02.758115+00:00,242.185,0.535,0.53,0.54,0.4649999999999999,0.46,0.47,,,,
2026-01-06 03:19:03.749000+00:00,2026-01-06 03:19:03.781594+00:00,243.749,0.53,0.52,0.54,0.47,0.46,0.48,,,,
2026-01-06 03:19:04.415000+00:00,2026-01-06 03:19:04.793404+00:00,244.415,0.53,0.52,0.54,0.47,0.46,0.48,,,,
2026-01-06 03:19:05.312000+00:00,2026-01-06 03:19:05.854795+00:00,245.312,0.53,0.52,0.54,0.47,0.46,0.48,,,,
2026-01-06 03:19:06.729000+00:00,2026-01-06 03:19:06.921180+00:00,246.729,0.53,0.52,0.54,0.47,0.46,0.48,,,,
2026-01-06 03:19:07.001000+00:00,2026-01-06 03:19:07.926704+00:00,247.001,0.53,0.52,0.54,0.48,0.47,0.49,,,,
2026-01-06 03:19:08.127000+00:00,2026-01-06 03:19:08.931598+00:00,248.127,0.515,0.51,0.52,0.48,0.47,0.49,,,,
2026-01-06 03:19:10.003000+00:00,2026-01-06 03:19:10.452348+00:00,250.003,0.52,0.51,0.53,0.48,0.47,0.49,,,,
2026-01-06 03:19:11.329000+00:00,2026-01-06 03:19:11.455661+00:00,251.329,0.535,0.53,0.54,0.4649999999999999,0.46,0.47,,,,
2026-01-06 03:19:12.711000+00:00,2026-01-06 03:19:12.771030+00:00,252.711,0.535,0.53,0.54,0.4649999999999999,0.46,0.47,,,,
2026-01-06 03:19:13.245000+00:00,2026-01-06 03:19:13.914300+00:00,253.245,0.535,0.53,0.54,0.4649999999999999,0.46,0.47,,,,
2026-01-06 03:19:14.934000+00:00,2026-01-06 03:19:14.914400+00:00,254.934,0.535,0.53,0.54,0.4649999999999999,0.46,0.47,,,,
2026-01-06 03:19:15.814000+00:00,2026-01-06 03:19:15.919005+00:00,255.814,0.535,0.53,0.54,0.4649999999999999,0.46,0.47,,,,
2026-01-06 03:19:16.835000+00:00,2026-01-06 03:19:16.915002+00:00,256.835,0.55,0.54,0.56,0.45,0.44,0.46,,,,
2026-01-06 03:19:18.234000+00:00,2026-01-06 03:19:18.319265+00:00,258.234,0.55,0.54,0.56,0.45,0.44,0.46,,,,
2026-01-06 03:19:19.241000+00:00,2026-01-06 03:19:19.321337+00:00,259.241,0.55,0.54,0.56,0.45,0.44,0.46,,,,
2026-01-06 03:19:20.508000+00:00,2026-01-06 03:19:20.678655+00:00,260.508,0.555,0.55,0.56,0.445,0.44,0.45,,,,
2026-01-06 03:19:21.380000+00:00,2026-01-06 03:19:21.685324+00:00,261.38,0.56,0.55,0.57,0.44,0.43,0.45,,,,
2026-01-06 03:19:22.608000+00:00,2026-01-06 03:19:22.710427+00:00,262.608,0.56,0.55,0.57,0.44,0.43,0.45,,,,
2026-01-06 03:19:23.701000+00:00,2026-01-06 03:19:23.723811+00:00,263.701,0.595,0.59,0.6,0.405,0.4,0.41,,,,
2026-01-06 03:19:25.235000+00:00,2026-01-06 03:19:25.332302+00:00,265.235,0.6,0.59,0.61,0.4,0.39,0.41,,,,
2026-01-06 03:19:26.274000+00:00,2026-01-06 03:19:26.342758+00:00,266.274,0.6,0.59,0.61,0.4,0.39,0.41,,,,
2026-01-06 03:19:27.449000+00:00,2026-01-06 03:19:27.510838+00:00,267.449,0.56,0.55,0.57,0.44,0.43,0.45,,,,
2026-01-06 03:19:28.519000+00:00,2026-01-06 03:19:28.521533+00:00,268.519,0.58,0.57,0.59,0.42,0.41,0.43,,,,
2026-01-06 03:19:29.407000+00:00,2026-01-06 03:19:29.543592+00:00,269.407,0.58,0.57,0.59,0.42,0.41,0.43,,,,
2026-01-06 03:19:30.468000+00:00,2026-01-06 03:19:30.543140+00:00,270.468,0.58,0.57,0.59,0.42,0.41,0.43,,,,
2026-01-06 03:19:31.482000+00:00,2026-01-06 03:19:31.564547+00:00,271.482,0.58,0.57,0.59,0.42,0.41,0.43,,,,
2026-01-06 03:19:32.295000+00:00,2026-01-06 03:19:32.579978+00:00,272.295,0.58,0.57,0.59,0.42,0.41,0.43,,,,
2026-01-06 03:19:33.042000+00:00,2026-01-06 03:19:33.778528+00:00,273.042,0.58,0.57,0.59,0.42,0.41,0.43,,,,
2026-01-06 03:19:34.939000+00:00,2026-01-06 03:19:34.899581+00:00,274.939,0.58,0.57,0.59,0.42,0.41,0.43,,,,
2026-01-06 03:19:35.789000+00:00,2026-01-06 03:19:35.913763+00:00,275.789,0.58,0.57,0.59,0.42,0.41,0.43,,,,
2026-01-06 03:19:36.892000+00:00,2026-01-06 03:19:36.942879+00:00,276.892,0.585,0.58,0.59,0.415,0.41,0.42,,,,
2026-01-06 03:19:37.939000+00:00,2026-01-06 03:19:37.954779+00:00,277.939,0.59,0.58,0.6,0.41,0.4,0.42,,,,
2026-01-06 03:19:38.856000+00:00,2026-01-06 03:19:38.993201+00:00,278.856,0.59,0.58,0.6,0.42,0.41,0.43,,,,
2026-01-06 03:19:40.955000+00:00,2026-01-06 03:19:41.261928+00:00,280.955,0.58,0.57,0.59,0.42,0.41,0.43,,,,
2026-01-06 03:19:42.694000+00:00,2026-01-06 03:19:42.755100+00:00,282.694,0.58,0.57,0.59,0.42,0.41,0.43,,,,
2026-01-06 03:19:43.619000+00:00,2026-01-06 03:19:43.769861+00:00,283.619,0.58,0.57,0.59,0.42,0.41,0.43,,,,
2026-01-06 03:19:44.694000+00:00,2026-01-06 03:19:44.780610+00:00,284.694,0.58,0.57,0.59,0.42,0.41,0.43,,,,
2026-01-06 03:19:45.766000+00:00,2026-01-06 03:19:45.784811+00:00,285.766,0.5700000000000001,0.56,0.58,0.435,0.43,0.44,,,,
2026-01-06 03:19:46.827000+00:00,2026-01-06 03:19:46.828304+00:00,286.827,0.5700000000000001,0.56,0.58,0.45,0.44,0.46,,,,
2026-01-06 03:19:48.252000+00:00,2026-01-06 03:19:48.252451+00:00,288.252,0.545,0.54,0.55,0.4599999999999999,0.45,0.47,,,,
2026-01-06 03:19:49.345000+00:00,2026-01-06 03:19:49.416900+00:00,289.345,0.54,0.53,0.55,0.4599999999999999,0.45,0.47,,,,
2026-01-06 03:19:50.970000+00:00,2026-01-06 03:19:51.440590+00:00,290.97,0.54,0.53,0.55,0.4599999999999999,0.45,0.47,,,,
2026-01-06 03:19:52.116000+00:00,2026-01-06 03:19:52.437941+00:00,292.116,0.54,0.53,0.55,0.4599999999999999,0.45,0.47,,,,
2026-01-06 03:19:53.393000+00:00,2026-01-06 03:19:53.646425+00:00,293.393,0.54,0.53,0.55,0.4599999999999999,0.45,0.47,,,,
2026-01-06 03:19:54.002000+00:00,2026-01-06 03:19:54.769075+00:00,294.002,0.54,0.53,0.55,0.4599999999999999,0.45,0.47,,,,
2026-01-06 03:19:55.497000+00:00,2026-01-06 03:19:55.801823+00:00,295.497,0.54,0.53,0.55,0.4599999999999999,0.45,0.47,,,,
2026-01-06 03:19:56.768000+00:00,2026-01-06 03:19:56.801283+00:00,296.768,0.55,0.54,0.56,0.445,0.44,0.45,,,,
2026-01-06 03:19:57.939000+00:00,2026-01-06 03:19:57.827718+00:00,297.939,0.55,0.54,0.56,0.45,0.44,0.46,,,,
2026-01-06 03:19:58.640000+00:00,2026-01-06 03:19:58.831937+00:00,298.64,0.55,0.54,0.56,0.45,0.44,0.46,,,,
2026-01-06 03:19:59.006000+00:00,2026-01-06 03:19:59.865567+00:00,299.006,0.55,0.54,0.56,0.45,0.44,0.46,,,,
2026-01-06 03:20:00.726000+00:00,2026-01-06 03:20:00.885195+00:00,300.726,0.555,0.55,0.56,0.445,0.44,0.45,,,,
2026-01-06 03:20:01.867000+00:00,2026-01-06 03:20:01.877583+00:00,301.867,0.54,0.53,0.55,0.4599999999999999,0.45,0.47,,,,
2026-01-06 03:20:03.066000+00:00,2026-01-06 03:20:03.115090+00:00,303.066,0.535,0.53,0.54,0.47,0.46,0.48,,,,
2026-01-06 03:20:04.166000+00:00,2026-01-06 03:20:04.180861+00:00,304.166,0.525,0.52,0.53,0.485,0.47,0.5,,,,
2026-01-06 03:20:05.028000+00:00,2026-01-06 03:20:05.175075+00:00,305.028,0.51,0.5,0.52,0.49,0.48,0.5,,,,
2026-01-06 03:20:06.129000+00:00,2026-01-06 03:20:06.186563+00:00,306.129,0.5,0.49,0.51,0.495,0.49,0.5,,,,
2026-01-06 03:20:07.170000+00:00,2026-01-06 03:20:07.186178+00:00,307.17,0.505,0.5,0.51,0.5,0.49,0.51,,,,
2026-01-06 03:20:08.279000+00:00,2026-01-06 03:20:08.294830+00:00,308.279,0.51,0.5,0.52,0.5,0.49,0.51,,,,
2026-01-06 03:20:09.003000+00:00,2026-01-06 03:20:09.300756+00:00,309.003,0.5,0.49,0.51,0.5,0.49,0.51,,,,
2026-01-06 03:20:10.159000+00:00,2026-01-06 03:20:10.315968+00:00,310.159,0.5,0.49,0.51,0.5,0.49,0.51,,,,
2026-01-06 03:20:11.262000+00:00,2026-01-06 03:20:11.317213+00:00,311.262,0.5,0.49,0.51,0.5,0.49,0.51,,,,
2026-01-06 03:20:12.988000+00:00,2026-01-06 03:20:13.323107+00:00,312.988,0.52,0.51,0.53,0.48,0.47,0.49,,,,
2026-01-06 03:20:14.943000+00:00,2026-01-06 03:20:15.330562+00:00,314.943,0.52,0.51,0.53,0.48,0.47,0.49,,,,
2026-01-06 03:20:16.092000+00:00,2026-01-06 03:20:16.343859+00:00,316.092,0.52,0.51,0.53,0.48,0.47,0.49,,,,
2026-01-06 03:20:17.250000+00:00,2026-01-06 03:20:17.347529+00:00,317.25,0.52,0.51,0.53,0.48,0.47,0.49,,,,
2026-01-06 03:20:18.278000+00:00,2026-01-06 03:20:18.350721+00:00,318.278,0.52,0.51,0.53,0.48,0.47,0.49,,,,
2026-01-06 03:20:19.002000+00:00,2026-01-06 03:20:19.367144+00:00,319.002,0.52,0.51,0.53,0.48,0.47,0.49,,,,
2026-01-06 03:20:20.319000+00:00,2026-01-06 03:20:20.383209+00:00,320.319,0.495,0.49,0.5,0.505,0.5,0.51,,,,
2026-01-06 03:20:21.002000+00:00,2026-01-06 03:20:21.383731+00:00,321.002,0.5,0.49,0.51,0.5,0.49,0.51,,,,
2026-01-06 03:20:22.223000+00:00,2026-01-06 03:20:22.382591+00:00,322.223,0.5,0.49,0.51,0.5,0.49,0.51,,,,
2026-01-06 03:20:23.407000+00:00,2026-01-06 03:20:23.445437+00:00,323.407,0.515,0.51,0.52,0.485,0.48,0.49,,,,
2026-01-06 03:20:24.188000+00:00,2026-01-06 03:20:24.449689+00:00,324.188,0.545,0.54,0.55,0.4599999999999999,0.45,0.47,,,,
2026-01-06 03:20:25.457000+00:00,2026-01-06 03:20:25.460386+00:00,325.457,0.55,0.54,0.56,0.445,0.44,0.45,,,,
2026-01-06 03:20:26.386000+00:00,2026-01-06 03:20:26.458030+00:00,326.386,0.59,0.58,0.6,0.41,0.4,0.42,,,,
2026-01-06 03:20:27.343000+00:00,2026-01-06 03:20:27.450340+00:00,327.343,0.59,0.58,0.6,0.41,0.4,0.42,,,,
2026-01-06 03:20:28.342000+00:00,2026-01-06 03:20:28.463572+00:00,328.342,0.605,0.6,0.61,0.395,0.39,0.4,,,,
2026-01-06 03:20:29.286000+00:00,2026-01-06 03:20:29.467755+00:00,329.286,0.6,0.59,0.61,0.4,0.39,0.41,,,,
2026-01-06 03:20:30.229000+00:00,2026-01-06 03:20:30.485420+00:00,330.229,0.6,0.59,0.61,0.4,0.39,0.41,,,,
2026-01-06 03:20:31.113000+00:00,2026-01-06 03:20:31.500258+00:00,331.113,0.6,0.59,0.61,0.4,0.39,0.41,,,,
2026-01-06 03:20:32.463000+00:00,2026-01-06 03:20:32.521894+00:00,332.463,0.6,0.59,0.61,0.4,0.39,0.41,,,,
2026-01-06 03:20:33.523000+00:00,2026-01-06 03:20:33.649908+00:00,333.523,0.6,0.59,0.61,0.4,0.39,0.41,,,,
2026-01-06 03:20:34.168000+00:00,2026-01-06 03:20:34.661026+00:00,334.168,0.6,0.59,0.61,0.395,0.39,0.4,,,,
2026-01-06 03:20:35.493000+00:00,2026-01-06 03:20:35.680257+00:00,335.493,0.605,0.6,0.61,0.395,0.39,0.4,,,,
2026-01-06 03:20:36.693000+00:00,2026-01-06 03:20:36.912931+00:00,336.693,0.605,0.6,0.61,0.395,0.39,0.4,,,,
2026-01-06 03:20:37.944000+00:00,2026-01-06 03:20:37.958046+00:00,337.944,0.62,0.61,0.63,0.38,0.37,0.39,,,,
2026-01-06 03:20:39.941000+00:00,2026-01-06 03:20:40.292079+00:00,339.941,0.61,0.6,0.62,0.39,0.38,0.4,,,,
2026-01-06 03:20:41.286000+00:00,2026-01-06 03:20:41.293450+00:00,341.286,0.6,0.59,0.61,0.4,0.39,0.41,,,,
2026-01-06 03:20:42.238000+00:00,2026-01-06 03:20:42.304364+00:00,342.238,0.59,0.58,0.6,0.41,0.4,0.42,,,,
2026-01-06 03:20:43.280000+00:00,2026-01-06 03:20:43.306365+00:00,343.28,0.59,0.58,0.6,0.41,0.4,0.42,,,,
2026-01-06 03:20:44.003000+00:00,2026-01-06 03:20:44.396549+00:00,344.003,0.595,0.59,0.6,0.405,0.4,0.41,,,,
2026-01-06 03:20:45.138000+00:00,2026-01-06 03:20:45.398541+00:00,345.138,0.62,0.61,0.63,0.38,0.37,0.39,,,,
2026-01-06 03:20:46.421000+00:00,2026-01-06 03:20:46.418142+00:00,346.421,0.655,0.65,0.66,0.345,0.34,0.35,,,,
2026-01-06 03:20:47.354000+00:00,2026-01-06 03:20:47.413892+00:00,347.354,0.655,0.64,0.67,0.35,0.34,0.36,,,,
2026-01-06 03:20:48.297000+00:00,2026-01-06 03:20:48.433385+00:00,348.297,0.66,0.65,0.67,0.3399999999999999,0.33,0.35,,,,
2026-01-06 03:20:49.419000+00:00,2026-01-06 03:20:49.449619+00:00,349.419,0.665,0.66,0.67,0.335,0.33,0.34,,,,
2026-01-06 03:20:50.986000+00:00,2026-01-06 03:20:51.461404+00:00,350.986,0.67,0.66,0.68,0.33,0.32,0.34,,,,
2026-01-06 03:20:52.534000+00:00,2026-01-06 03:20:52.632389+00:00,352.534,0.67,0.66,0.68,0.33,0.32,0.34,,,,
2026-01-06 03:20:53.581000+00:00,2026-01-06 03:20:53.637455+00:00,353.581,0.67,0.66,0.68,0.33,0.32,0.34,,,,
2026-01-06 03:20:54.616000+00:00,2026-01-06 03:20:54.652379+00:00,354.616,0.66,0.65,0.67,0.33,0.32,0.34,,,,
2026-01-06 03:20:55.647000+00:00,2026-01-06 03:20:55.657572+00:00,355.647,0.67,0.66,0.68,0.33,0.32,0.34,,,,
2026-01-06 03:20:56.548000+00:00,2026-01-06 03:20:56.664906+00:00,356.548,0.67,0.66,0.68,0.33,0.32,0.34,,,,
2026-01-06 03:20:57.632000+00:00,2026-01-06 03:20:57.762365+00:00,357.632,0.67,0.66,0.68,0.33,0.32,0.34,,,,
2026-01-06 03:20:58.662000+00:00,2026-01-06 03:20:58.810200+00:00,358.662,0.67,0.66,0.68,0.33,0.32,0.34,,,,
2026-01-06 03:20:59.912000+00:00,2026-01-06 03:21:00.126013+00:00,359.912,0.67,0.66,0.68,0.33,0.32,0.34,,,,
2026-01-06 03:21:01.062000+00:00,2026-01-06 03:21:01.149930+00:00,361.062,0.675,0.67,0.68,0.31,0.3,0.32,,,,
2026-01-06 03:21:02.149000+00:00,2026-01-06 03:21:02.160519+00:00,362.149,0.685,0.68,0.69,0.315,0.31,0.32,,,,
2026-01-06 03:21:03.920000+00:00,2026-01-06 03:21:04.173937+00:00,363.92,0.66,0.65,0.67,0.3399999999999999,0.33,0.35,,,,
2026-01-06 03:21:05.182000+00:00,2026-01-06 03:21:05.214695+00:00,365.182,0.665,0.66,0.67,0.405,0.34,0.47,,,,
2026-01-06 03:21:06.276000+00:00,2026-01-06 03:21:06.283899+00:00,366.276,0.585,0.58,0.59,0.415,0.41,0.42,,,,
2026-01-06 03:21:07.552000+00:00,2026-01-06 03:21:07.615570+00:00,367.552,0.65,0.64,0.66,0.35,0.34,0.36,,,,
2026-01-06 03:21:08.596000+00:00,2026-01-06 03:21:08.620881+00:00,368.596,0.615,0.61,0.62,0.385,0.38,0.39,,,,
2026-01-06 03:21:10.871000+00:00,2026-01-06 03:21:09.749007+00:00,370.871,0.62,0.61,0.63,0.38,0.37,0.39,,,,
2026-01-06 03:21:11.480000+00:00,2026-01-06 03:21:12.174091+00:00,371.48,0.62,0.61,0.63,0.38,0.37,0.39,,,,
2026-01-06 03:21:13.198000+00:00,2026-01-06 03:21:13.227389+00:00,373.198,0.615,0.61,0.62,0.385,0.38,0.39,,,,
2026-01-06 03:21:14.947000+00:00,2026-01-06 03:21:15.253802+00:00,374.947,0.62,0.61,0.63,0.38,0.37,0.39,,,,
2026-01-06 03:21:16.253000+00:00,2026-01-06 03:21:16.269356+00:00,376.253,0.625,0.62,0.63,0.375,0.37,0.38,,,,
2026-01-06 03:21:17.352000+00:00,2026-01-06 03:21:17.480136+00:00,377.352,0.62,0.61,0.63,0.385,0.38,0.39,,,,
2026-01-06 03:21:18.479000+00:00,2026-01-06 03:21:18.481660+00:00,378.479,0.6,0.59,0.61,0.39,0.38,0.4,,,,
2026-01-06 03:21:19.239000+00:00,2026-01-06 03:21:19.494147+00:00,379.239,0.615,0.61,0.62,0.385,0.38,0.39,,,,
2026-01-06 03:21:20.493000+00:00,2026-01-06 03:21:20.513400+00:00,380.493,0.615,0.61,0.62,0.385,0.38,0.39,,,,
2026-01-06 03:21:21.499000+00:00,2026-01-06 03:21:21.526029+00:00,381.499,0.615,0.61,0.62,0.385,0.38,0.39,,,,
2026-01-06 03:21:22.466000+00:00,2026-01-06 03:21:22.536934+00:00,382.466,0.635,0.63,0.64,0.365,0.36,0.37,,,,
2026-01-06 03:21:23.470000+00:00,2026-01-06 03:21:23.540572+00:00,383.47,0.635,0.63,0.64,0.365,0.36,0.37,,,,
2026-01-06 03:21:24.464000+00:00,2026-01-06 03:21:24.565770+00:00,384.464,0.635,0.63,0.64,0.365,0.36,0.37,,,,
2026-01-06 03:21:25.536000+00:00,2026-01-06 03:21:25.567146+00:00,385.536,0.635,0.63,0.64,0.365,0.36,0.37,,,,
2026-01-06 03:21:26.654000+00:00,2026-01-06 03:21:26.662622+00:00,386.654,0.575,0.57,0.58,0.425,0.42,0.43,,,,
2026-01-06 03:21:27.673000+00:00,2026-01-06 03:21:27.681869+00:00,387.673,0.545,0.53,0.56,0.4649999999999999,0.46,0.47,,,,
2026-01-06 03:21:28.781000+00:00,2026-01-06 03:21:28.834372+00:00,388.781,0.495,0.49,0.5,0.515,0.51,0.52,,,,
2026-01-06 03:21:29.829000+00:00,2026-01-06 03:21:29.835451+00:00,389.829,0.45,0.44,0.46,0.555,0.55,0.56,,,,
2026-01-06 03:21:30.826000+00:00,2026-01-06 03:21:30.846524+00:00,390.826,0.45,0.44,0.46,0.55,0.54,0.56,,,,
2026-01-06 03:21:31.705000+00:00,2026-01-06 03:21:31.849077+00:00,391.705,0.445,0.44,0.45,0.555,0.55,0.56,,,,
2026-01-06 03:21:32.857000+00:00,2026-01-06 03:21:32.874051+00:00,392.857,0.425,0.42,0.43,0.575,0.57,0.58,,,,
2026-01-06 03:21:33.845000+00:00,2026-01-06 03:21:33.875488+00:00,393.845,0.395,0.39,0.4,0.605,0.6,0.61,,,,
2026-01-06 03:21:34.871000+00:00,2026-01-06 03:21:34.887405+00:00,394.871,0.395,0.39,0.4,0.605,0.6,0.61,,,,
2026-01-06 03:21:35.698000+00:00,2026-01-06 03:21:35.895453+00:00,395.698,0.395,0.39,0.4,0.605,0.6,0.61,,,,
2026-01-06 03:21:36.876000+00:00,2026-01-06 03:21:36.900184+00:00,396.876,0.395,0.39,0.4,0.605,0.6,0.61,,,,
2026-01-06 03:21:37.673000+00:00,2026-01-06 03:21:37.909552+00:00,397.673,0.395,0.39,0.4,0.605,0.6,0.61,,,,
2026-01-06 03:21:38.871000+00:00,2026-01-06 03:21:38.931560+00:00,398.871,0.39,0.38,0.4,0.61,0.6,0.62,,,,
2026-01-06 03:21:39.946000+00:00,2026-01-06 03:21:39.940318+00:00,399.946,0.39,0.38,0.4,0.61,0.6,0.62,,,,
2026-01-06 03:21:40.936000+00:00,2026-01-06 03:21:40.962297+00:00,400.936,0.395,0.39,0.4,0.605,0.6,0.61,,,,
2026-01-06 03:21:41.953000+00:00,2026-01-06 03:21:41.967745+00:00,401.953,0.395,0.39,0.4,0.605,0.6,0.61,,,,
2026-01-06 03:21:42.825000+00:00,2026-01-06 03:21:42.973458+00:00,402.825,0.395,0.39,0.4,0.605,0.6,0.61,,,,
2026-01-06 03:21:43.656000+00:00,2026-01-06 03:21:43.975927+00:00,403.656,0.395,0.39,0.4,0.605,0.6,0.61,,,,
2026-01-06 03:21:44.942000+00:00,2026-01-06 03:21:44.982347+00:00,404.942,0.42,0.41,0.43,0.58,0.57,0.59,,,,
2026-01-06 03:21:45.964000+00:00,2026-01-06 03:21:45.997100+00:00,405.964,0.42,0.41,0.43,0.58,0.57,0.59,,,,
2026-01-06 03:21:46.990000+00:00,2026-01-06 03:21:47.002868+00:00,406.99,0.435,0.43,0.44,0.565,0.56,0.57,,,,
2026-01-06 03:21:47.995000+00:00,2026-01-06 03:21:48.005082+00:00,407.995,0.4649999999999999,0.45,0.48,0.525,0.52,0.53,,,,
2026-01-06 03:21:48.798000+00:00,2026-01-06 03:21:49.006550+00:00,408.798,0.485,0.48,0.49,0.525,0.52,0.53,,,,
2026-01-06 03:21:49.951000+00:00,2026-01-06 03:21:50.008572+00:00,409.951,0.4649999999999999,0.46,0.47,0.535,0.53,0.54,,,,
2026-01-06 03:21:51.215000+00:00,2026-01-06 03:21:51.238436+00:00,411.215,0.4599999999999999,0.45,0.47,0.56,0.55,0.57,,,,
2026-01-06 03:21:52.238000+00:00,2026-01-06 03:21:52.250078+00:00,412.238,0.445,0.44,0.45,0.55,0.54,0.56,,,,
2026-01-06 03:21:53.201000+00:00,2026-01-06 03:21:53.248438+00:00,413.201,0.44,0.43,0.45,0.56,0.55,0.57,,,,
2026-01-06 03:21:54.190000+00:00,2026-01-06 03:21:54.240374+00:00,414.19,0.43,0.42,0.44,0.5700000000000001,0.56,0.58,,,,
2026-01-06 03:21:55.227000+00:00,2026-01-06 03:21:55.257641+00:00,415.227,0.43,0.42,0.44,0.595,0.59,0.6,,,,
2026-01-06 03:21:56.966000+00:00,2026-01-06 03:21:57.276633+00:00,416.966,0.41,0.4,0.42,0.59,0.58,0.6,,,,
2026-01-06 03:21:58.317000+00:00,2026-01-06 03:21:58.382137+00:00,418.317,0.41,0.4,0.42,0.59,0.58,0.6,,,,
2026-01-06 03:21:59.335000+00:00,2026-01-06 03:21:59.387875+00:00,419.335,0.425,0.42,0.43,0.58,0.57,0.59,,,,
2026-01-06 03:22:00.297000+00:00,2026-01-06 03:22:00.396710+00:00,420.297,0.42,0.41,0.43,0.58,0.57,0.59,,,,
2026-01-06 03:22:01.285000+00:00,2026-01-06 03:22:01.408710+00:00,421.285,0.44,0.43,0.45,0.56,0.55,0.57,,,,
2026-01-06 03:22:02.265000+00:00,2026-01-06 03:22:02.415493+00:00,422.265,0.44,0.43,0.45,0.56,0.55,0.57,,,,
2026-01-06 03:22:03.002000+00:00,2026-01-06 03:22:03.423715+00:00,423.002,0.44,0.43,0.45,0.56,0.55,0.57,,,,
2026-01-06 03:22:04.182000+00:00,2026-01-06 03:22:04.435219+00:00,424.182,0.45,0.44,0.46,0.55,0.54,0.56,,,,
2026-01-06 03:22:05.169000+00:00,2026-01-06 03:22:05.448228+00:00,425.169,0.45,0.44,0.46,0.55,0.54,0.56,,,,
2026-01-06 03:22:06.934000+00:00,2026-01-06 03:22:07.464698+00:00,426.934,0.45,0.44,0.46,0.55,0.54,0.56,,,,
2026-01-06 03:22:08.757000+00:00,2026-01-06 03:22:08.760746+00:00,428.757,0.48,0.47,0.49,0.52,0.51,0.53,,,,
2026-01-06 03:22:09.715000+00:00,2026-01-06 03:22:09.759910+00:00,429.715,0.5,0.49,0.51,0.495,0.49,0.5,,,,
2026-01-06 03:22:10.762000+00:00,2026-01-06 03:22:10.809210+00:00,430.762,0.51,0.5,0.52,0.49,0.48,0.5,,,,
2026-01-06 03:22:11.779000+00:00,2026-01-06 03:22:11.814348+00:00,431.779,0.525,0.52,0.53,0.47,0.46,0.48,,,,
2026-01-06 03:22:12.789000+00:00,2026-01-06 03:22:12.814374+00:00,432.789,0.52,0.51,0.53,0.48,0.47,0.49,,,,
2026-01-06 03:22:13.736000+00:00,2026-01-06 03:22:13.824523+00:00,433.736,0.505,0.5,0.51,0.505,0.49,0.52,,,,
2026-01-06 03:22:14.739000+00:00,2026-01-06 03:22:14.823704+00:00,434.739,0.49,0.48,0.5,0.51,0.5,0.52,,,,
2026-01-06 03:22:15.733000+00:00,2026-01-06 03:22:15.825103+00:00,435.733,0.49,0.48,0.5,0.51,0.5,0.52,,,,
2026-01-06 03:22:16.706000+00:00,2026-01-06 03:22:16.827200+00:00,436.706,0.485,0.48,0.49,0.515,0.51,0.52,,,,
2026-01-06 03:22:17.814000+00:00,2026-01-06 03:22:17.879037+00:00,437.814,0.475,0.47,0.48,0.525,0.52,0.53,,,,
2026-01-06 03:22:18.880000+00:00,2026-01-06 03:22:18.899167+00:00,438.88,0.48,0.47,0.49,0.52,0.51,0.53,,,,
2026-01-06 03:22:19.774000+00:00,2026-01-06 03:22:19.912311+00:00,439.774,0.48,0.47,0.49,0.52,0.51,0.53,,,,
2026-01-06 03:22:20.880000+00:00,2026-01-06 03:22:20.914759+00:00,440.88,0.445,0.44,0.45,0.555,0.55,0.56,,,,
2026-01-06 03:22:22.221000+00:00,2026-01-06 03:22:22.326699+00:00,442.221,0.395,0.39,0.4,0.605,0.6,0.61,,,,
2026-01-06 03:22:23.677000+00:00,2026-01-06 03:22:23.688374+00:00,443.677,0.395,0.39,0.4,0.605,0.6,0.61,,,,
2026-01-06 03:22:24.744000+00:00,2026-01-06 03:22:24.768250+00:00,444.744,0.395,0.39,0.4,0.605,0.6,0.61,,,,
2026-01-06 03:22:25.724000+00:00,2026-01-06 03:22:25.796367+00:00,445.724,0.395,0.39,0.4,0.605,0.6,0.61,,,,
2026-01-06 03:22:26.732000+00:00,2026-01-06 03:22:26.797735+00:00,446.732,0.41,0.4,0.42,0.59,0.58,0.6,,,,
2026-01-06 03:22:27.769000+00:00,2026-01-06 03:22:27.795910+00:00,447.769,0.405,0.4,0.41,0.605,0.59,0.62,,,,
2026-01-06 03:22:28.447000+00:00,2026-01-06 03:22:28.798936+00:00,448.447,0.395,0.38,0.41,0.605,0.59,0.62,,,,
2026-01-06 03:22:29.505000+00:00,2026-01-06 03:22:29.812930+00:00,449.505,0.405,0.39,0.42,0.595,0.58,0.61,,,,
2026-01-06 03:22:30.915000+00:00,2026-01-06 03:22:31.297870+00:00,450.915,0.4,0.39,0.41,0.6,0.59,0.61,,,,
2026-01-06 03:22:32.070000+00:00,2026-01-06 03:22:32.297233+00:00,452.07,0.4,0.39,0.41,0.605,0.59,0.62,,,,
2026-01-06 03:22:33.228000+00:00,2026-01-06 03:22:33.316682+00:00,453.228,0.4,0.38,0.42,0.6,0.58,0.62,,,,
2026-01-06 03:22:34.276000+00:00,2026-01-06 03:22:34.321764+00:00,454.276,0.42,0.4,0.44,0.5800000000000001,0.56,0.6,,,,
2026-01-06 03:22:35.131000+00:00,2026-01-06 03:22:35.323088+00:00,455.131,0.425,0.41,0.44,0.575,0.56,0.59,,,,
2026-01-06 03:22:36.583000+00:00,2026-01-06 03:22:36.830994+00:00,456.583,0.425,0.41,0.44,0.575,0.56,0.59,,,,
2026-01-06 03:22:37.718000+00:00,2026-01-06 03:22:37.846440+00:00,457.718,0.42,0.4,0.44,0.5800000000000001,0.56,0.6,,,,
2026-01-06 03:22:38.830000+00:00,2026-01-06 03:22:38.868287+00:00,458.83,0.41,0.4,0.42,0.59,0.58,0.6,,,,
2026-01-06 03:22:39.852000+00:00,2026-01-06 03:22:39.866251+00:00,459.852,0.415,0.4,0.43,0.595,0.57,0.62,,,,
2026-01-06 03:22:40.848000+00:00,2026-01-06 03:22:40.866871+00:00,460.848,0.42,0.41,0.43,0.585,0.58,0.59,,,,
2026-01-06 03:22:41.784000+00:00,2026-01-06 03:22:41.877393+00:00,461.784,0.41,0.4,0.42,0.59,0.58,0.6,,,,
2026-01-06 03:22:42.783000+00:00,2026-01-06 03:22:42.881234+00:00,462.783,0.41,0.4,0.42,0.59,0.58,0.6,,,,
2026-01-06 03:22:44.178000+00:00,2026-01-06 03:22:44.190045+00:00,464.178,0.415,0.41,0.42,0.595,0.59,0.6,,,,
2026-01-06 03:22:45.124000+00:00,2026-01-06 03:22:45.184187+00:00,465.124,0.405,0.39,0.42,0.615,0.61,0.62,,,,
2026-01-06 03:22:46.312000+00:00,2026-01-06 03:22:46.355234+00:00,466.312,0.38,0.37,0.39,0.625,0.62,0.63,,,,
2026-01-06 03:22:47.126000+00:00,2026-01-06 03:22:47.375168+00:00,467.126,0.355,0.35,0.36,0.645,0.64,0.65,,,,
2026-01-06 03:22:48.168000+00:00,2026-01-06 03:22:48.400788+00:00,468.168,0.355,0.35,0.36,0.645,0.64,0.65,,,,
2026-01-06 03:22:49.002000+00:00,2026-01-06 03:22:49.415511+00:00,469.002,0.355,0.35,0.36,0.645,0.64,0.65,,,,
2026-01-06 03:22:50.359000+00:00,2026-01-06 03:22:50.436182+00:00,470.359,0.355,0.35,0.36,0.645,0.64,0.65,,,,
2026-01-06 03:22:51.358000+00:00,2026-01-06 03:22:51.446605+00:00,471.358,0.355,0.35,0.36,0.645,0.64,0.65,,,,
2026-01-06 03:22:52.023000+00:00,2026-01-06 03:22:52.443776+00:00,472.023,0.355,0.35,0.36,0.645,0.64,0.65,,,,
2026-01-06 03:22:53.149000+00:00,2026-01-06 03:22:53.453804+00:00,473.149,0.355,0.35,0.36,0.645,0.64,0.65,,,,
2026-01-06 03:22:54.407000+00:00,2026-01-06 03:22:54.465235+00:00,474.407,0.32,0.3,0.34,0.6799999999999999,0.66,0.7,,,,
2026-01-06 03:22:55.330000+00:00,2026-01-06 03:22:55.481630+00:00,475.33,0.33,0.32,0.34,0.67,0.66,0.68,,,,
2026-01-06 03:22:56.282000+00:00,2026-01-06 03:22:56.486430+00:00,476.282,0.32,0.3,0.34,0.6799999999999999,0.66,0.7,,,,
2026-01-06 03:22:57.466000+00:00,2026-01-06 03:22:57.494518+00:00,477.466,0.33,0.32,0.34,0.67,0.66,0.68,,,,
2026-01-06 03:22:58.204000+00:00,2026-01-06 03:22:58.495330+00:00,478.204,0.32,0.3,0.34,0.6799999999999999,0.66,0.7,,,,
2026-01-06 03:22:59.342000+00:00,2026-01-06 03:22:59.709218+00:00,479.342,0.33,0.32,0.34,0.67,0.66,0.68,,,,
2026-01-06 03:23:00.496000+00:00,2026-01-06 03:23:00.752619+00:00,480.496,0.35,0.34,0.36,0.65,0.64,0.66,,,,
2026-01-06 03:23:01.733000+00:00,2026-01-06 03:23:01.752116+00:00,481.733,0.345,0.33,0.36,0.66,0.64,0.68,,,,
2026-01-06 03:23:02.693000+00:00,2026-01-06 03:23:02.762518+00:00,482.693,0.375,0.36,0.39,0.625,0.61,0.64,,,,
2026-01-06 03:23:03.759000+00:00,2026-01-06 03:23:03.779857+00:00,483.759,0.325,0.32,0.33,0.72,0.68,0.76,,,,
2026-01-06 03:23:04.770000+00:00,2026-01-06 03:23:04.790277+00:00,484.77,0.265,0.26,0.27,0.735,0.73,0.74,,,,
2026-01-06 03:23:05.778000+00:00,2026-01-06 03:23:05.808897+00:00,485.778,0.255,0.24,0.27,0.745,0.73,0.76,,,,
2026-01-06 03:23:06.810000+00:00,2026-01-06 03:23:06.836123+00:00,486.81,0.26,0.24,0.28,0.74,0.72,0.76,,,,
2026-01-06 03:23:07.779000+00:00,2026-01-06 03:23:07.834084+00:00,487.779,0.26,0.24,0.28,0.74,0.72,0.76,,,,
2026-01-06 03:23:08.780000+00:00,2026-01-06 03:23:08.837077+00:00,488.78,0.255,0.23,0.28,0.74,0.72,0.76,,,,
2026-01-06 03:23:09.753000+00:00,2026-01-06 03:23:09.854172+00:00,489.753,0.25,0.23,0.27,0.75,0.73,0.77,,,,
2026-01-06 03:23:10.849000+00:00,2026-01-06 03:23:10.872220+00:00,490.849,0.22,0.21,0.23,0.78,0.77,0.79,,,,
2026-01-06 03:23:11.871000+00:00,2026-01-06 03:23:11.885085+00:00,491.871,0.21,0.18,0.24,0.77,0.76,0.78,,,,
2026-01-06 03:23:13.002000+00:00,2026-01-06 03:23:13.185773+00:00,493.002,0.235,0.23,0.24,0.775,0.76,0.79,,,,
2026-01-06 03:23:14.191000+00:00,2026-01-06 03:23:14.201561+00:00,494.191,0.255,0.24,0.27,0.745,0.73,0.76,,,,
2026-01-06 03:23:15.005000+00:00,2026-01-06 03:23:15.203707+00:00,495.005,0.255,0.24,0.27,0.75,0.73,0.77,,,,
2026-01-06 03:23:16.202000+00:00,2026-01-06 03:23:16.212728+00:00,496.202,0.25,0.23,0.27,0.75,0.73,0.77,,,,
2026-01-06 03:23:17.121000+00:00,2026-01-06 03:23:17.230790+00:00,497.121,0.25,0.23,0.27,0.75,0.73,0.77,,,,
2026-01-06 03:23:18.578000+00:00,2026-01-06 03:23:18.657552+00:00,498.578,0.2249999999999999,0.21,0.24,0.775,0.76,0.79,,,,
2026-01-06 03:23:19.432000+00:00,2026-01-06 03:23:19.662638+00:00,499.432,0.2299999999999999,0.21,0.25,0.77,0.75,0.79,,,,
2026-01-06 03:23:21.289000+00:00,2026-01-06 03:23:21.336814+00:00,501.289,0.245,0.22,0.27,0.755,0.74,0.77,,,,
2026-01-06 03:23:22.251000+00:00,2026-01-06 03:23:22.335183+00:00,502.251,0.24,0.22,0.26,0.76,0.74,0.78,,,,
2026-01-06 03:23:23.267000+00:00,2026-01-06 03:23:23.342285+00:00,503.267,0.24,0.22,0.26,0.76,0.74,0.78,,,,
2026-01-06 03:23:24.951000+00:00,2026-01-06 03:23:25.406331+00:00,504.951,0.235,0.22,0.25,0.765,0.75,0.78,,,,
2026-01-06 03:23:26.301000+00:00,2026-01-06 03:23:26.429612+00:00,506.301,0.2299999999999999,0.21,0.25,0.77,0.75,0.79,,,,
2026-01-06 03:23:27.056000+00:00,2026-01-06 03:23:27.435789+00:00,507.056,0.2299999999999999,0.21,0.25,0.77,0.75,0.79,,,,
2026-01-06 03:23:28.420000+00:00,2026-01-06 03:23:28.441320+00:00,508.42,0.235,0.22,0.25,0.765,0.75,0.78,,,,
2026-01-06 03:23:29.417000+00:00,2026-01-06 03:23:29.438105+00:00,509.417,0.235,0.21,0.26,0.765,0.74,0.79,,,,
2026-01-06 03:23:30.342000+00:00,2026-01-06 03:23:30.442256+00:00,510.342,0.25,0.24,0.26,0.75,0.74,0.76,,,,
2026-01-06 03:23:31.953000+00:00,2026-01-06 03:23:32.460223+00:00,511.953,0.245,0.23,0.26,0.755,0.74,0.77,,,,
2026-01-06 03:23:33.002000+00:00,2026-01-06 03:23:33.470661+00:00,513.002,0.245,0.23,0.26,0.755,0.74,0.77,,,,
2026-01-06 03:23:34.729000+00:00,2026-01-06 03:23:34.771072+00:00,514.729,0.245,0.23,0.26,0.755,0.74,0.77,,,,
2026-01-06 03:23:35.639000+00:00,2026-01-06 03:23:35.785471+00:00,515.639,0.245,0.23,0.26,0.755,0.74,0.77,,,,
2026-01-06 03:23:36.581000+00:00,2026-01-06 03:23:36.806059+00:00,516.581,0.24,0.23,0.25,0.76,0.75,0.77,,,,
2026-01-06 03:23:37.812000+00:00,2026-01-06 03:23:37.836331+00:00,517.812,0.235,0.22,0.25,0.765,0.75,0.78,,,,
2026-01-06 03:23:38.891000+00:00,2026-01-06 03:23:38.902639+00:00,518.891,0.205,0.2,0.21,0.825,0.81,0.84,,,,
2026-01-06 03:23:39.880000+00:00,2026-01-06 03:23:39.908882+00:00,519.88,0.16,0.14,0.18,0.84,0.82,0.86,,,,
2026-01-06 03:23:41.128000+00:00,2026-01-06 03:23:41.110661+00:00,521.128,0.135,0.13,0.14,0.865,0.86,0.87,,,,
2026-01-06 03:23:42.250000+00:00,2026-01-06 03:23:42.287155+00:00,522.25,0.145,0.12,0.17,0.855,0.83,0.88,,,,
2026-01-06 03:23:43.137000+00:00,2026-01-06 03:23:43.290078+00:00,523.137,0.14,0.12,0.16,0.86,0.84,0.88,,,,
2026-01-06 03:23:44.238000+00:00,2026-01-06 03:23:44.308053+00:00,524.238,0.145,0.13,0.16,0.855,0.84,0.87,,,,
2026-01-06 03:23:45.175000+00:00,2026-01-06 03:23:45.324886+00:00,525.175,0.145,0.13,0.16,0.855,0.84,0.87,,,,
2026-01-06 03:23:46.434000+00:00,2026-01-06 03:23:46.656923+00:00,526.434,0.145,0.13,0.16,0.855,0.84,0.87,,,,
2026-01-06 03:23:47.649000+00:00,2026-01-06 03:23:47.657328+00:00,527.649,0.145,0.13,0.16,0.855,0.84,0.87,,,,
2026-01-06 03:23:48.555000+00:00,2026-01-06 03:23:48.671427+00:00,528.555,0.145,0.13,0.16,0.855,0.84,0.87,,,,
2026-01-06 03:23:49.688000+00:00,2026-01-06 03:23:49.714015+00:00,529.688,0.165,0.16,0.17,0.835,0.83,0.84,,,,
2026-01-06 03:23:50.597000+00:00,2026-01-06 03:23:50.713196+00:00,530.597,0.16,0.15,0.17,0.84,0.83,0.85,,,,
2026-01-06 03:23:51.709000+00:00,2026-01-06 03:23:51.725535+00:00,531.709,0.155,0.15,0.16,0.845,0.84,0.85,,,,
2026-01-06 03:23:52.772000+00:00,2026-01-06 03:23:52.788866+00:00,532.772,0.13,0.12,0.14,0.875,0.87,0.88,,,,
2026-01-06 03:23:54.179000+00:00,2026-01-06 03:23:54.204870+00:00,534.179,0.13,0.12,0.14,0.87,0.86,0.88,,,,
2026-01-06 03:23:55.224000+00:00,2026-01-06 03:23:55.248906+00:00,535.224,0.13,0.12,0.14,0.875,0.87,0.88,,,,
2026-01-06 03:23:56.305000+00:00,2026-01-06 03:23:56.324179+00:00,536.305,0.13,0.12,0.14,0.87,0.86,0.88,,,,
2026-01-06 03:23:57.319000+00:00,2026-01-06 03:23:57.325789+00:00,537.319,0.125,0.12,0.13,0.87,0.86,0.88,,,,
2026-01-06 03:23:58.315000+00:00,2026-01-06 03:23:58.337692+00:00,538.315,0.13,0.12,0.14,0.87,0.86,0.88,,,,
2026-01-06 03:23:59.027000+00:00,2026-01-06 03:23:59.340117+00:00,539.027,0.13,0.12,0.14,0.87,0.86,0.88,,,,
2026-01-06 03:24:00.621000+00:00,2026-01-06 03:24:00.736518+00:00,540.621,0.135,0.12,0.15,0.865,0.85,0.88,,,,
2026-01-06 03:24:01.883000+00:00,2026-01-06 03:24:01.901575+00:00,541.883,0.175,0.17,0.18,0.825,0.82,0.83,,,,
2026-01-06 03:24:02.766000+00:00,2026-01-06 03:24:02.913594+00:00,542.766,0.195,0.18,0.21,0.8049999999999999,0.79,0.82,,,,
2026-01-06 03:24:03.909000+00:00,2026-01-06 03:24:03.919964+00:00,543.909,0.185,0.18,0.19,0.815,0.81,0.82,,,,
2026-01-06 03:24:04.916000+00:00,2026-01-06 03:24:04.934233+00:00,544.916,0.19,0.18,0.2,0.81,0.8,0.82,,,,
2026-01-06 03:24:05.847000+00:00,2026-01-06 03:24:05.942530+00:00,545.847,0.195,0.18,0.21,0.8049999999999999,0.79,0.82,,,,
2026-01-06 03:24:06.921000+00:00,2026-01-06 03:24:06.941184+00:00,546.921,0.185,0.18,0.19,0.815,0.81,0.82,,,,
2026-01-06 03:24:08.180000+00:00,2026-01-06 03:24:08.221982+00:00,548.18,0.175,0.16,0.19,0.825,0.81,0.84,,,,
2026-01-06 03:24:09.085000+00:00,2026-01-06 03:24:09.227401+00:00,549.085,0.1649999999999999,0.15,0.18,0.84,0.82,0.86,,,,
2026-01-06 03:24:10.215000+00:00,2026-01-06 03:24:10.440055+00:00,550.215,0.16,0.14,0.18,0.84,0.82,0.86,,,,
2026-01-06 03:24:11.353000+00:00,2026-01-06 03:24:11.439029+00:00,551.353,0.1699999999999999,0.16,0.18,0.83,0.82,0.84,,,,
2026-01-06 03:24:12.496000+00:00,2026-01-06 03:24:12.442299+00:00,552.496,0.16,0.14,0.18,0.84,0.82,0.86,,,,
2026-01-06 03:24:13.424000+00:00,2026-01-06 03:24:13.456700+00:00,553.424,0.1699999999999999,0.16,0.18,0.835,0.83,0.84,,,,
2026-01-06 03:24:14.324000+00:00,2026-01-06 03:24:14.475584+00:00,554.324,0.16,0.15,0.17,0.83,0.82,0.84,,,,
2026-01-06 03:24:15.577000+00:00,2026-01-06 03:24:15.819194+00:00,555.577,0.1699999999999999,0.16,0.18,0.83,0.82,0.84,,,,
2026-01-06 03:24:17.269000+00:00,2026-01-06 03:24:17.287229+00:00,557.269,0.15,0.14,0.16,0.855,0.85,0.86,,,,
2026-01-06 03:24:18.262000+00:00,2026-01-06 03:24:18.285186+00:00,558.262,0.13,0.12,0.14,0.87,0.86,0.88,,,,
2026-01-06 03:24:19.260000+00:00,2026-01-06 03:24:19.275755+00:00,559.26,0.125,0.12,0.13,0.875,0.87,0.88,,,,
2026-01-06 03:24:20.257000+00:00,2026-01-06 03:24:20.297920+00:00,560.257,0.12,0.11,0.13,0.88,0.87,0.89,,,,
2026-01-06 03:24:21.241000+00:00,2026-01-06 03:24:21.316827+00:00,561.241,0.125,0.12,0.13,0.875,0.87,0.88,,,,
2026-01-06 03:24:22.260000+00:00,2026-01-06 03:24:22.392580+00:00,562.26,0.125,0.12,0.13,0.875,0.87,0.88,,,,
2026-01-06 03:24:23.379000+00:00,2026-01-06 03:24:23.397457+00:00,563.379,0.125,0.12,0.13,0.875,0.87,0.88,,,,
2026-01-06 03:24:24.326000+00:00,2026-01-06 03:24:24.405923+00:00,564.326,0.125,0.12,0.13,0.875,0.87,0.88,,,,
2026-01-06 03:24:25.291000+00:00,2026-01-06 03:24:25.397936+00:00,565.291,0.125,0.12,0.13,0.875,0.87,0.88,,,,
2026-01-06 03:24:26.398000+00:00,2026-01-06 03:24:26.422116+00:00,566.398,0.105,0.1,0.11,0.895,0.89,0.9,,,,
2026-01-06 03:24:27.424000+00:00,2026-01-06 03:24:27.442256+00:00,567.424,0.105,0.1,0.11,0.9,0.89,0.91,,,,
2026-01-06 03:24:28.265000+00:00,2026-01-06 03:24:28.473543+00:00,568.265,0.1,0.09,0.11,0.9,0.89,0.91,,,,
2026-01-06 03:24:29.887000+00:00,2026-01-06 03:24:29.937571+00:00,569.887,0.125,0.12,0.13,0.885,0.87,0.9,,,,
2026-01-06 03:24:30.907000+00:00,2026-01-06 03:24:30.950221+00:00,570.907,0.125,0.11,0.14,0.87,0.86,0.88,,,,
2026-01-06 03:24:31.880000+00:00,2026-01-06 03:24:31.956240+00:00,571.88,0.13,0.12,0.14,0.875,0.86,0.89,,,,
2026-01-06 03:24:32.953000+00:00,2026-01-06 03:24:32.967065+00:00,572.953,0.07,0.06,0.08,0.925,0.92,0.93,,,,
2026-01-06 03:24:33.938000+00:00,2026-01-06 03:24:33.981513+00:00,573.938,0.065,0.06,0.07,0.935,0.93,0.94,,,,
2026-01-06 03:24:35.177000+00:00,2026-01-06 03:24:35.202583+00:00,575.177,0.07,0.06,0.08,0.93,0.92,0.94,,,,
2026-01-06 03:24:36.242000+00:00,2026-01-06 03:24:36.236995+00:00,576.242,0.065,0.06,0.07,0.935,0.93,0.94,,,,
2026-01-06 03:24:37.239000+00:00,2026-01-06 03:24:37.265455+00:00,577.239,0.06,0.05,0.07,0.94,0.93,0.95,,,,
2026-01-06 03:24:38.002000+00:00,2026-01-06 03:24:38.286652+00:00,578.002,0.06,0.05,0.07,0.94,0.93,0.95,,,,
2026-01-06 03:24:39.272000+00:00,2026-01-06 03:24:39.292889+00:00,579.272,0.065,0.06,0.07,0.92,0.9,0.94,,,,
2026-01-06 03:24:40.066000+00:00,2026-01-06 03:24:40.303678+00:00,580.066,0.07,0.06,0.08,0.93,0.92,0.94,,,,
2026-01-06 03:24:41.720000+00:00,2026-01-06 03:24:41.837357+00:00,581.72,0.07,0.06,0.08,0.93,0.92,0.94,,,,
2026-01-06 03:24:42.773000+00:00,2026-01-06 03:24:42.841534+00:00,582.773,0.11,0.1,0.12,0.89,0.88,0.9,,,,
2026-01-06 03:24:43.909000+00:00,2026-01-06 03:24:43.923417+00:00,583.909,0.14,0.13,0.15,0.855,0.85,0.86,,,,
2026-01-06 03:24:44.894000+00:00,2026-01-06 03:24:44.935523+00:00,584.894,0.125,0.12,0.13,0.875,0.87,0.88,,,,
2026-01-06 03:24:45.876000+00:00,2026-01-06 03:24:45.938994+00:00,585.876,0.125,0.12,0.13,0.895,0.88,0.91,,,,
2026-01-06 03:24:46.938000+00:00,2026-01-06 03:24:46.954573+00:00,586.938,0.095,0.09,0.1,0.905,0.9,0.91,,,,
2026-01-06 03:24:47.941000+00:00,2026-01-06 03:24:47.957357+00:00,587.941,0.1,0.09,0.11,0.9,0.89,0.91,,,,
2026-01-06 03:24:48.934000+00:00,2026-01-06 03:24:48.973607+00:00,588.934,0.1,0.09,0.11,0.9,0.89,0.91,,,,
2026-01-06 03:24:50.253000+00:00,2026-01-06 03:24:50.383521+00:00,590.253,0.1,0.09,0.11,0.9,0.89,0.91,,,,
2026-01-06 03:24:51.317000+00:00,2026-01-06 03:24:51.394433+00:00,591.317,0.1,0.09,0.11,0.905,0.89,0.92,,,,
2026-01-06 03:24:52.368000+00:00,2026-01-06 03:24:52.403600+00:00,592.368,0.1,0.09,0.11,0.9,0.89,0.91,,,,
2026-01-06 03:24:53.199000+00:00,2026-01-06 03:24:53.409853+00:00,593.199,0.1,0.09,0.11,0.9,0.89,0.91,,,,
2026-01-06 03:24:54.001000+00:00,2026-01-06 03:24:54.424871+00:00,594.001,0.1,0.09,0.11,0.905,0.9,0.91,,,,
2026-01-06 03:24:55.312000+00:00,2026-01-06 03:24:55.429105+00:00,595.312,0.095,0.09,0.1,0.905,0.9,0.91,,,,
2026-01-06 03:24:56.350000+00:00,2026-01-06 03:24:56.466000+00:00,596.35,0.095,0.09,0.1,0.905,0.9,0.91,,,,
2026-01-06 03:24:57.418000+00:00,2026-01-06 03:24:57.470396+00:00,597.418,0.095,0.09,0.1,0.905,0.9,0.91,,,,
2026-01-06 03:24:58.473000+00:00,2026-01-06 03:24:58.540015+00:00,598.473,0.1,0.09,0.11,0.9,0.89,0.91,,,,
2026-01-06 03:24:59.530000+00:00,2026-01-06 03:24:59.544952+00:00,599.53,0.1,0.09,0.11,0.9,0.89,0.91,,,,
2026-01-06 03:25:00.520000+00:00,2026-01-06 03:25:00.574248+00:00,600.52,0.11,0.1,0.12,0.88,0.87,0.89,,,,
2026-01-06 03:25:01.564000+00:00,2026-01-06 03:25:01.587456+00:00,601.564,0.15,0.14,0.16,0.85,0.84,0.86,,,,
2026-01-06 03:25:02.669000+00:00,2026-01-06 03:25:02.714172+00:00,602.669,0.15,0.14,0.16,0.85,0.84,0.86,,,,
2026-01-06 03:25:03.820000+00:00,2026-01-06 03:25:03.835393+00:00,603.82,0.145,0.14,0.15,0.855,0.85,0.86,,,,
2026-01-06 03:25:04.821000+00:00,2026-01-06 03:25:04.837491+00:00,604.821,0.1149999999999999,0.11,0.12,0.885,0.88,0.89,,,,
2026-01-06 03:25:05.830000+00:00,2026-01-06 03:25:05.845772+00:00,605.83,0.1149999999999999,0.11,0.12,0.885,0.88,0.89,,,,
2026-01-06 03:25:06.835000+00:00,2026-01-06 03:25:06.869552+00:00,606.835,0.105,0.1,0.11,0.895,0.89,0.9,,,,
2026-01-06 03:25:07.653000+00:00,2026-01-06 03:25:07.893028+00:00,607.653,0.105,0.1,0.11,0.895,0.89,0.9,,,,
2026-01-06 03:25:08.717000+00:00,2026-01-06 03:25:08.919524+00:00,608.717,0.0849999999999999,0.08,0.09,0.915,0.91,0.92,,,,
2026-01-06 03:25:09.876000+00:00,2026-01-06 03:25:09.905612+00:00,609.876,0.09,0.08,0.1,0.91,0.9,0.92,,,,
2026-01-06 03:25:10.867000+00:00,2026-01-06 03:25:10.924024+00:00,610.867,0.09,0.08,0.1,0.91,0.9,0.92,,,,
2026-01-06 03:25:12.022000+00:00,2026-01-06 03:25:12.090998+00:00,612.022,0.08,0.07,0.09,0.92,0.91,0.93,,,,
2026-01-06 03:25:13.938000+00:00,2026-01-06 03:25:14.115190+00:00,613.938,0.08,0.07,0.09,0.925,0.92,0.93,,,,
2026-01-06 03:25:15.081000+00:00,2026-01-06 03:25:15.140702+00:00,615.081,0.06,0.05,0.07,0.935,0.93,0.94,,,,
2026-01-06 03:25:16.954000+00:00,2026-01-06 03:25:17.210564+00:00,616.954,0.06,0.05,0.07,0.94,0.93,0.95,,,,
2026-01-06 03:25:18.956000+00:00,2026-01-06 03:25:19.417213+00:00,618.956,0.075,0.07,0.08,0.925,0.92,0.93,,,,
2026-01-06 03:25:20.377000+00:00,2026-01-06 03:25:20.410012+00:00,620.377,0.08,0.07,0.09,0.925,0.92,0.93,,,,
2026-01-06 03:25:21.190000+00:00,2026-01-06 03:25:21.423797+00:00,621.19,0.06,0.05,0.07,0.94,0.93,0.95,,,,
2026-01-06 03:25:22.332000+00:00,2026-01-06 03:25:22.443650+00:00,622.332,0.06,0.05,0.07,0.94,0.93,0.95,,,,
2026-01-06 03:25:23.016000+00:00,2026-01-06 03:25:23.630040+00:00,623.016,0.06,0.05,0.07,0.94,0.93,0.95,,,,
2026-01-06 03:25:24.366000+00:00,2026-01-06 03:25:24.646984+00:00,624.366,0.06,0.05,0.07,0.94,0.93,0.95,,,,
2026-01-06 03:25:25.637000+00:00,2026-01-06 03:25:25.730968+00:00,625.637,0.06,0.05,0.07,0.935,0.93,0.94,,,,
2026-01-06 03:25:26.728000+00:00,2026-01-06 03:25:26.739134+00:00,626.728,0.065,0.06,0.07,0.935,0.93,0.94,,,,
2026-01-06 03:25:27.591000+00:00,2026-01-06 03:25:27.749908+00:00,627.591,0.065,0.06,0.07,0.935,0.93,0.94,,,,
2026-01-06 03:25:28.658000+00:00,2026-01-06 03:25:28.754993+00:00,628.658,0.065,0.06,0.07,0.935,0.93,0.94,,,,
2026-01-06 03:25:29.897000+00:00,2026-01-06 03:25:29.946372+00:00,629.897,0.06,0.05,0.07,0.94,0.93,0.95,,,,
2026-01-06 03:25:30.938000+00:00,2026-01-06 03:25:30.956436+00:00,630.938,0.055,0.05,0.06,0.945,0.94,0.95,,,,
2026-01-06 03:25:31.829000+00:00,2026-01-06 03:25:31.960599+00:00,631.829,0.055,0.05,0.06,0.945,0.94,0.95,,,,
2026-01-06 03:25:32.801000+00:00,2026-01-06 03:25:32.971948+00:00,632.801,0.055,0.05,0.06,0.945,0.94,0.95,,,,
2026-01-06 03:25:33.941000+00:00,2026-01-06 03:25:33.993917+00:00,633.941,0.05,0.04,0.06,0.95,0.94,0.96,,,,
2026-01-06 03:25:34.830000+00:00,2026-01-06 03:25:35.007369+00:00,634.83,0.05,0.04,0.06,0.95,0.94,0.96,,,,
2026-01-06 03:25:35.980000+00:00,2026-01-06 03:25:36.028625+00:00,635.98,0.05,0.04,0.06,0.95,0.94,0.96,,,,
2026-01-06 03:25:37.001000+00:00,2026-01-06 03:25:37.039272+00:00,637.001,0.05,0.04,0.06,0.95,0.94,0.96,,,,
2026-01-06 03:25:38.238000+00:00,2026-01-06 03:25:38.303348+00:00,638.238,0.05,0.04,0.06,0.95,0.94,0.96,,,,
2026-01-06 03:25:39.263000+00:00,2026-01-06 03:25:39.351785+00:00,639.263,0.035,0.03,0.04,0.965,0.96,0.97,,,,
2026-01-06 03:25:40.357000+00:00,2026-01-06 03:25:40.482616+00:00,640.357,0.035,0.03,0.04,0.965,0.96,0.97,,,,
2026-01-06 03:25:41.267000+00:00,2026-01-06 03:25:41.509203+00:00,641.267,0.035,0.03,0.04,0.965,0.96,0.97,,,,
2026-01-06 03:25:42.327000+00:00,2026-01-06 03:25:42.521698+00:00,642.327,0.035,0.03,0.04,0.965,0.96,0.97,,,,
2026-01-06 03:25:43.381000+00:00,2026-01-06 03:25:43.534183+00:00,643.381,0.035,0.03,0.04,0.965,0.96,0.97,,,,
2026-01-06 03:25:44.438000+00:00,2026-01-06 03:25:44.533679+00:00,644.438,0.04,0.03,0.05,0.96,0.95,0.97,,,,
2026-01-06 03:25:45.676000+00:00,2026-01-06 03:25:45.776281+00:00,645.676,0.04,0.03,0.05,0.96,0.95,0.97,,,,
2026-01-06 03:25:46.663000+00:00,2026-01-06 03:25:46.836141+00:00,646.663,0.04,0.03,0.05,0.955,0.95,0.96,,,,
2026-01-06 03:25:47.705000+00:00,2026-01-06 03:25:47.832243+00:00,647.705,0.04,0.03,0.05,0.96,0.95,0.97,,,,
2026-01-06 03:25:48.739000+00:00,2026-01-06 03:25:48.862073+00:00,648.739,0.04,0.03,0.05,0.96,0.95,0.97,,,,
2026-01-06 03:25:49.310000+00:00,2026-01-06 03:25:49.874577+00:00,649.31,0.04,0.03,0.05,0.96,0.95,0.97,,,,
2026-01-06 03:25:50.803000+00:00,2026-01-06 03:25:50.894530+00:00,650.803,0.04,0.03,0.05,0.96,0.95,0.97,,,,
2026-01-06 03:25:52.946000+00:00,2026-01-06 03:25:53.320261+00:00,652.946,0.045,0.04,0.05,0.955,0.95,0.96,,,,
2026-01-06 03:25:54.692000+00:00,2026-01-06 03:25:55.340241+00:00,654.692,0.04,0.03,0.05,0.96,0.95,0.97,,,,
2026-01-06 03:25:56.129000+00:00,2026-01-06 03:25:56.339910+00:00,656.129,0.04,0.03,0.05,0.96,0.95,0.97,,,,
2026-01-06 03:25:57.938000+00:00,2026-01-06 03:25:58.388450+00:00,657.938,0.04,0.03,0.05,0.96,0.95,0.97,,,,
2026-01-06 03:25:59.949000+00:00,2026-01-06 03:26:00.378161+00:00,659.949,0.035,0.03,0.04,0.965,0.96,0.97,,,,
2026-01-06 03:26:01.365000+00:00,2026-01-06 03:26:01.438806+00:00,661.365,0.025,0.02,0.03,0.975,0.97,0.98,,,,
2026-01-06 03:26:02.381000+00:00,2026-01-06 03:26:02.441448+00:00,662.381,0.025,0.02,0.03,0.975,0.97,0.98,,,,
2026-01-06 03:26:03.430000+00:00,2026-01-06 03:26:03.445112+00:00,663.43,0.025,0.02,0.03,0.975,0.97,0.98,,,,
2026-01-06 03:26:04.500000+00:00,2026-01-06 03:26:04.505021+00:00,664.5,0.025,0.02,0.03,0.975,0.97,0.98,,,,
2026-01-06 03:26:05.485000+00:00,2026-01-06 03:26:05.496268+00:00,665.485,0.025,0.02,0.03,0.975,0.97,0.98,,,,
2026-01-06 03:26:06.435000+00:00,2026-01-06 03:26:06.553753+00:00,666.435,0.025,0.02,0.03,0.975,0.97,0.98,,,,
2026-01-06 03:26:07.436000+00:00,2026-01-06 03:26:07.556757+00:00,667.436,0.035,0.03,0.04,0.965,0.96,0.97,,,,
2026-01-06 03:26:08.427000+00:00,2026-01-06 03:26:08.569657+00:00,668.427,0.035,0.03,0.04,0.965,0.96,0.97,,,,
2026-01-06 03:26:09.947000+00:00,2026-01-06 03:26:10.571983+00:00,669.947,0.035,0.03,0.04,0.965,0.96,0.97,,,,
2026-01-06 03:26:11.003000+00:00,2026-01-06 03:26:11.580329+00:00,671.003,0.035,0.03,0.04,0.965,0.96,0.97,,,,
2026-01-06 03:26:12.502000+00:00,2026-01-06 03:26:12.665477+00:00,672.502,0.035,0.03,0.04,0.965,0.96,0.97,,,,
2026-01-06 03:26:13.749000+00:00,2026-01-06 03:26:13.769847+00:00,673.749,0.045,0.04,0.05,0.955,0.95,0.96,,,,
2026-01-06 03:26:14.733000+00:00,2026-01-06 03:26:14.771166+00:00,674.733,0.04,0.03,0.05,0.96,0.95,0.97,,,,
2026-01-06 03:26:15.748000+00:00,2026-01-06 03:26:15.773830+00:00,675.748,0.035,0.03,0.04,0.965,0.96,0.97,,,,
2026-01-06 03:26:16.750000+00:00,2026-01-06 03:26:16.783067+00:00,676.75,0.035,0.03,0.04,0.965,0.96,0.97,,,,
2026-01-06 03:26:17.765000+00:00,2026-01-06 03:26:17.787033+00:00,677.765,0.035,0.03,0.04,0.965,0.96,0.97,,,,
2026-01-06 03:26:18.497000+00:00,2026-01-06 03:26:18.795645+00:00,678.497,0.035,0.03,0.04,0.965,0.96,0.97,,,,
2026-01-06 03:26:20.218000+00:00,2026-01-06 03:26:20.247420+00:00,680.218,0.015,0.01,0.02,0.985,0.98,0.99,,,,
2026-01-06 03:26:21.401000+00:00,2026-01-06 03:26:21.650970+00:00,681.401,0.025,0.02,0.03,0.97,0.96,0.98,,,,
2026-01-06 03:26:22.557000+00:00,2026-01-06 03:26:22.653513+00:00,682.557,0.045,0.04,0.05,0.965,0.95,0.98,,,,
2026-01-06 03:26:23.363000+00:00,2026-01-06 03:26:23.669371+00:00,683.363,0.025,0.02,0.03,0.975,0.97,0.98,,,,
2026-01-06 03:26:24.744000+00:00,2026-01-06 03:26:24.779707+00:00,684.744,0.03,0.02,0.04,0.975,0.97,0.98,,,,
2026-01-06 03:26:25.731000+00:00,2026-01-06 03:26:25.897285+00:00,685.731,0.03,0.02,0.04,0.975,0.97,0.98,,,,
2026-01-06 03:26:26.776000+00:00,2026-01-06 03:26:26.902180+00:00,686.776,0.03,0.02,0.04,0.97,0.96,0.98,,,,
2026-01-06 03:26:27.538000+00:00,2026-01-06 03:26:27.915576+00:00,687.538,0.03,0.02,0.04,0.97,0.96,0.98,,,,
2026-01-06 03:26:28.612000+00:00,2026-01-06 03:26:28.950936+00:00,688.612,0.035,0.03,0.04,0.97,0.96,0.98,,,,
2026-01-06 03:26:30.955000+00:00,2026-01-06 03:26:31.179911+00:00,690.955,0.025,0.01,0.04,0.975,0.96,0.99,,,,
2026-01-06 03:26:32.003000+00:00,2026-01-06 03:26:32.204503+00:00,692.003,0.025,0.01,0.04,0.975,0.96,0.99,,,,
2026-01-06 03:26:33.365000+00:00,2026-01-06 03:26:33.411732+00:00,693.365,0.025,0.01,0.04,0.975,0.96,0.99,,,,
2026-01-06 03:26:34.830000+00:00,2026-01-06 03:26:35.446861+00:00,694.83,0.025,0.01,0.04,0.975,0.96,0.99,,,,
2026-01-06 03:26:36.286000+00:00,2026-01-06 03:26:36.459678+00:00,696.286,0.025,0.01,0.04,0.975,0.96,0.99,,,,
2026-01-06 03:26:37.937000+00:00,2026-01-06 03:26:38.472031+00:00,697.937,0.025,0.01,0.04,0.975,0.96,0.99,,,,
2026-01-06 03:26:39.950000+00:00,2026-01-06 03:26:40.503071+00:00,699.95,0.025,0.01,0.04,0.975,0.96,0.99,,,,
2026-01-06 03:26:41.413000+00:00,2026-01-06 03:26:41.504401+00:00,701.413,0.025,0.01,0.04,0.975,0.96,0.99,,,,
2026-01-06 03:26:42.960000+00:00,2026-01-06 03:26:43.783592+00:00,702.96,0.025,0.01,0.04,0.975,0.96,0.99,,,,
2026-01-06 03:26:44.583000+00:00,2026-01-06 03:26:44.805382+00:00,704.583,0.025,0.01,0.04,0.975,0.96,0.99,,,,
2026-01-06 03:26:45.167000+00:00,2026-01-06 03:26:45.811397+00:00,705.167,0.03,0.02,0.04,0.97,0.96,0.98,,,,
2026-01-06 03:26:46.002000+00:00,2026-01-06 03:26:46.819246+00:00,706.002,0.03,0.02,0.04,0.97,0.96,0.98,,,,
2026-01-06 03:26:47.798000+00:00,2026-01-06 03:26:47.821482+00:00,707.798,0.03,0.02,0.04,0.97,0.96,0.98,,,,
2026-01-06 03:26:48.616000+00:00,2026-01-06 03:26:48.835206+00:00,708.616,0.03,0.02,0.04,0.97,0.96,0.98,,,,
2026-01-06 03:26:49.859000+00:00,2026-01-06 03:26:49.866201+00:00,709.859,0.035,0.03,0.04,0.965,0.96,0.97,,,,
2026-01-06 03:26:50.803000+00:00,2026-01-06 03:26:50.867097+00:00,710.803,0.045,0.04,0.05,0.955,0.95,0.96,,,,
2026-01-06 03:26:51.750000+00:00,2026-01-06 03:26:51.881894+00:00,711.75,0.045,0.04,0.05,0.955,0.95,0.96,,,,
2026-01-06 03:26:52.765000+00:00,2026-01-06 03:26:52.874240+00:00,712.765,0.03,0.01,0.05,0.97,0.95,0.99,,,,
2026-01-06 03:26:53.756000+00:00,2026-01-06 03:26:53.884779+00:00,713.756,0.04,0.03,0.05,0.96,0.95,0.97,,,,
2026-01-06 03:26:54.719000+00:00,2026-01-06 03:26:54.891261+00:00,714.719,0.045,0.04,0.05,0.955,0.95,0.96,,,,
2026-01-06 03:26:55.769000+00:00,2026-01-06 03:26:55.883267+00:00,715.769,0.055,0.04,0.07,0.94,0.93,0.95,,,,
2026-01-06 03:26:56.775000+00:00,2026-01-06 03:26:56.872799+00:00,716.775,0.06,0.05,0.07,0.94,0.93,0.95,,,,
2026-01-06 03:26:57.975000+00:00,2026-01-06 03:26:57.904020+00:00,717.975,0.07,0.06,0.08,0.93,0.92,0.94,,,,
2026-01-06 03:26:58.758000+00:00,2026-01-06 03:26:58.893687+00:00,718.758,0.075,0.07,0.08,0.925,0.92,0.93,,,,
2026-01-06 03:26:59.797000+00:00,2026-01-06 03:26:59.904023+00:00,719.797,0.065,0.06,0.07,0.935,0.93,0.94,,,,
2026-01-06 03:27:00.868000+00:00,2026-01-06 03:27:00.913469+00:00,720.868,0.065,0.06,0.07,0.935,0.93,0.94,,,,
2026-01-06 03:27:02.248000+00:00,2026-01-06 03:27:02.268270+00:00,722.248,0.07,0.06,0.08,0.945,0.94,0.95,,,,
2026-01-06 03:27:03.236000+00:00,2026-01-06 03:27:03.268909+00:00,723.236,0.105,0.09,0.12,0.9,0.89,0.91,,,,
2026-01-06 03:27:04.289000+00:00,2026-01-06 03:27:04.295209+00:00,724.289,0.08,0.06,0.1,0.92,0.9,0.94,,,,
2026-01-06 03:27:05.078000+00:00,2026-01-06 03:27:05.343295+00:00,725.078,0.0849999999999999,0.08,0.09,0.915,0.91,0.92,,,,
2026-01-06 03:27:06.392000+00:00,2026-01-06 03:27:06.415103+00:00,726.392,0.1,0.09,0.11,0.895,0.89,0.9,,,,
2026-01-06 03:27:07.389000+00:00,2026-01-06 03:27:07.428375+00:00,727.389,0.065,0.05,0.08,0.925,0.92,0.93,,,,
2026-01-06 03:27:08.425000+00:00,2026-01-06 03:27:08.435680+00:00,728.425,0.09,0.08,0.1,0.905,0.9,0.91,,,,
2026-01-06 03:27:09.408000+00:00,2026-01-06 03:27:09.443282+00:00,729.408,0.09,0.07,0.11,0.91,0.89,0.93,,,,
2026-01-06 03:27:10.539000+00:00,2026-01-06 03:27:10.712538+00:00,730.539,0.0849999999999999,0.08,0.09,0.915,0.91,0.92,,,,
2026-01-06 03:27:12.008000+00:00,2026-01-06 03:27:12.282676+00:00,732.008,0.08,0.07,0.09,0.92,0.91,0.93,,,,
