timestamp,collected_at,seconds,mid,bid,ask,asset
2026-01-06 10:30:00+00:00,2026-01-06 10:38:14.114306+00:00,0.0,3227.191,3227.15,3227.42,ETH
2026-01-06 10:30:01+00:00,2026-01-06 10:38:15.119268+00:00,1.0,3227.251,3227.21,3227.56,ETH
2026-01-06 10:30:02+00:00,2026-01-06 10:38:16.113382+00:00,2.0,3227.271,3227.24,3227.69,ETH
2026-01-06 10:30:03+00:00,2026-01-06 10:38:17.117682+00:00,3.0,3227.311,3227.3,3227.69,ETH
2026-01-06 10:30:04+00:00,2026-01-06 10:38:18.117030+00:00,4.0,3227.361,3227.35,3227.69,ETH
2026-01-06 10:30:05+00:00,2026-01-06 10:38:19.121341+00:00,5.0,3227.381,3227.35,3227.76,ETH
2026-01-06 10:30:06+00:00,2026-01-06 10:38:20.130810+00:00,6.0,3227.381,3227.35,3227.83,ETH
2026-01-06 10:30:07+00:00,2026-01-06 10:38:21.126964+00:00,7.0,3227.401,3227.37,3227.83,ETH
2026-01-06 10:30:08+00:00,2026-01-06 10:38:22.137695+00:00,8.0,3227.561,3227.42,3227.9,ETH
2026-01-06 10:30:09+00:00,2026-01-06 10:38:23.145811+00:00,9.0,3227.641,3227.47,3227.96,ETH
2026-01-06 10:30:10+00:00,2026-01-06 10:38:24.132526+00:00,10.0,3227.611,3227.47,3227.95,ETH
2026-01-06 10:30:11+00:00,2026-01-06 10:38:25.133837+00:00,11.0,3227.591,3227.47,3227.95,ETH
2026-01-06 10:30:12+00:00,2026-01-06 10:38:26.151128+00:00,12.0,3227.531,3227.47,3227.95,ETH
2026-01-06 10:30:13+00:00,2026-01-06 10:38:27.153763+00:00,13.0,3227.521,3227.46,3227.94,ETH
2026-01-06 10:30:15+00:00,2026-01-06 10:38:28.206177+00:00,15.0,3227.521,3227.46,3227.94,ETH
2026-01-06 10:30:16+00:00,2026-01-06 10:38:29.205089+00:00,16.0,3227.491,3227.46,3227.94,ETH
2026-01-06 10:30:17+00:00,2026-01-06 10:38:30.202955+00:00,17.0,3227.791,3227.59,3228.12,ETH
2026-01-06 10:30:18+00:00,2026-01-06 10:38:31.229147+00:00,18.0,3227.831,3227.68,3228.11,ETH
2026-01-06 10:30:19+00:00,2026-01-06 10:38:33.234229+00:00,19.0,3227.651,3227.65,3228.1,ETH
2026-01-06 10:30:20+00:00,2026-01-06 10:38:34.251563+00:00,20.0,3227.661,3227.65,3228.1,ETH
2026-01-06 10:30:21+00:00,2026-01-06 10:38:35.266762+00:00,21.0,3227.661,3227.65,3228.13,ETH
2026-01-06 10:30:22+00:00,2026-01-06 10:38:36.266191+00:00,22.0,3227.671,3227.67,3228.16,ETH
2026-01-06 10:30:23+00:00,2026-01-06 10:38:37.268592+00:00,23.0,3227.761,3227.71,3228.18,ETH
2026-01-06 10:30:24+00:00,2026-01-06 10:38:38.284405+00:00,24.0,3227.831,3227.74,3228.2,ETH
2026-01-06 10:30:25+00:00,2026-01-06 10:38:39.303439+00:00,25.0,3227.841,3227.74,3228.2,ETH
2026-01-06 10:30:26+00:00,2026-01-06 10:38:40.317082+00:00,26.0,3227.911,3227.74,3228.21,ETH
2026-01-06 10:30:27+00:00,2026-01-06 10:38:41.317758+00:00,27.0,3227.971,3227.74,3228.22,ETH
2026-01-06 10:30:28+00:00,2026-01-06 10:38:42.315666+00:00,28.0,3227.971,3227.74,3228.22,ETH
2026-01-06 10:30:29+00:00,2026-01-06 10:38:43.319908+00:00,29.0,3227.971,3227.74,3228.22,ETH
2026-01-06 10:30:30+00:00,2026-01-06 10:38:44.335686+00:00,30.0,3227.981,3227.74,3228.22,ETH
2026-01-06 10:30:31+00:00,2026-01-06 10:38:45.334850+00:00,31.0,3228.001,3227.8,3228.24,ETH
2026-01-06 10:30:32+00:00,2026-01-06 10:38:46.331901+00:00,32.0,3228.031,3227.87,3228.29,ETH
2026-01-06 10:30:33+00:00,2026-01-06 10:38:47.346285+00:00,33.0,3228.011,3227.87,3228.33,ETH
2026-01-06 10:30:34+00:00,2026-01-06 10:38:48.347640+00:00,34.0,3227.951,3227.87,3228.33,ETH
2026-01-06 10:30:35+00:00,2026-01-06 10:38:49.332147+00:00,35.0,3227.991,3227.87,3228.33,ETH
2026-01-06 10:30:36+00:00,2026-01-06 10:38:50.355481+00:00,36.0,3228.021,3227.86,3228.33,ETH
2026-01-06 10:30:37+00:00,2026-01-06 10:38:51.349883+00:00,37.0,3227.981,3227.86,3228.33,ETH
2026-01-06 10:30:38+00:00,2026-01-06 10:38:52.347897+00:00,38.0,3227.961,3227.85,3228.33,ETH
2026-01-06 10:30:39+00:00,2026-01-06 10:38:53.350861+00:00,39.0,3227.931,3227.85,3228.33,ETH
2026-01-06 10:30:40+00:00,2026-01-06 10:38:54.362400+00:00,40.0,3227.951,3227.85,3228.33,ETH
2026-01-06 10:30:41+00:00,2026-01-06 10:38:55.350343+00:00,41.0,3227.971,3227.85,3228.33,ETH
2026-01-06 10:30:42+00:00,2026-01-06 10:38:56.352456+00:00,42.0,3227.961,3227.85,3228.33,ETH
2026-01-06 10:30:43+00:00,2026-01-06 10:38:57.348576+00:00,43.0,3227.951,3227.85,3228.33,ETH
2026-01-06 10:30:44+00:00,2026-01-06 10:38:58.370039+00:00,44.0,3227.951,3227.85,3228.33,ETH
2026-01-06 10:30:45+00:00,2026-01-06 10:38:59.383455+00:00,45.0,3227.921,3227.85,3228.33,ETH
2026-01-06 10:30:46+00:00,2026-01-06 10:39:00.381107+00:00,46.0,3227.951,3227.85,3228.33,ETH
2026-01-06 10:30:47+00:00,2026-01-06 10:39:01.417374+00:00,47.0,3227.911,3227.85,3228.33,ETH
2026-01-06 10:30:48+00:00,2026-01-06 10:39:02.414813+00:00,48.0,3227.911,3227.85,3228.33,ETH
2026-01-06 10:30:49+00:00,2026-01-06 10:39:03.429989+00:00,49.0,3227.911,3227.85,3228.33,ETH
2026-01-06 10:30:50+00:00,2026-01-06 10:39:04.416827+00:00,50.0,3227.861,3227.76,3228.33,ETH
2026-01-06 10:30:51+00:00,2026-01-06 10:39:05.443078+00:00,51.0,3227.861,3227.79,3228.31,ETH
2026-01-06 10:30:52+00:00,2026-01-06 10:39:06.465365+00:00,52.0,3227.861,3227.77,3228.12,ETH
2026-01-06 10:30:53+00:00,2026-01-06 10:39:07.464069+00:00,53.0,3227.861,3227.77,3228.12,ETH
2026-01-06 10:30:54+00:00,2026-01-06 10:39:08.483781+00:00,54.0,3227.871,3227.77,3228.12,ETH
2026-01-06 10:30:55+00:00,2026-01-06 10:39:09.499970+00:00,55.0,3227.831,3227.77,3228.12,ETH
2026-01-06 10:30:56+00:00,2026-01-06 10:39:10.500339+00:00,56.0,3227.841,3227.77,3228.12,ETH
2026-01-06 10:30:57+00:00,2026-01-06 10:39:11.528803+00:00,57.0,3227.791,3227.77,3227.99,ETH
2026-01-06 10:30:58+00:00,2026-01-06 10:39:12.560062+00:00,58.0,3227.731,3227.61,3227.99,ETH
2026-01-06 10:30:59+00:00,2026-01-06 10:39:13.569283+00:00,59.0,3227.731,3227.61,3227.99,ETH
2026-01-06 10:31:00+00:00,2026-01-06 10:39:14.581941+00:00,60.0,3227.731,3227.61,3227.99,ETH
2026-01-06 10:31:01+00:00,2026-01-06 10:39:15.581787+00:00,61.0,3227.731,3227.61,3227.99,ETH
2026-01-06 10:31:02+00:00,2026-01-06 10:39:16.577111+00:00,62.0,3227.731,3227.61,3227.99,ETH
2026-01-06 10:31:03+00:00,2026-01-06 10:39:17.592308+00:00,63.0,3227.721,3227.61,3228.07,ETH
2026-01-06 10:31:04+00:00,2026-01-06 10:39:18.610699+00:00,64.0,3227.631,3227.62,3227.95,ETH
2026-01-06 10:31:05+00:00,2026-01-06 10:39:19.628020+00:00,65.0,3227.621,3227.62,3227.84,ETH
2026-01-06 10:31:06+00:00,2026-01-06 10:39:20.644105+00:00,66.0,3227.621,3227.61,3227.84,ETH
2026-01-06 10:31:07+00:00,2026-01-06 10:39:22.635241+00:00,67.0,3227.721,3227.62,3227.77,ETH
2026-01-06 10:31:08+00:00,2026-01-06 10:39:23.633462+00:00,68.0,3227.621,3227.58,3227.7,ETH
2026-01-06 10:31:09+00:00,2026-01-06 10:39:24.633403+00:00,69.0,3227.611,3227.54,3227.7,ETH
2026-01-06 10:31:10+00:00,2026-01-06 10:39:25.649019+00:00,70.0,3227.571,3227.52,3227.7,ETH
2026-01-06 10:31:11+00:00,2026-01-06 10:39:26.650080+00:00,71.0,3227.351,3227.29,3227.7,ETH
2026-01-06 10:31:12+00:00,2026-01-06 10:39:27.660804+00:00,72.0,3227.121,3227.04,3227.68,ETH
2026-01-06 10:31:14+00:00,2026-01-06 10:39:28.712245+00:00,74.0,3227.091,3227.05,3227.5,ETH
2026-01-06 10:31:15+00:00,2026-01-06 10:39:29.707994+00:00,75.0,3227.071,3227.03,3227.5,ETH
2026-01-06 10:31:16+00:00,2026-01-06 10:39:30.724220+00:00,76.0,3227.101,3227.06,3227.67,ETH
2026-01-06 10:31:17+00:00,2026-01-06 10:39:31.713199+00:00,77.0,3227.101,3227.07,3227.41,ETH
2026-01-06 10:31:18+00:00,2026-01-06 10:39:32.723086+00:00,78.0,3227.161,3227.12,3227.41,ETH
2026-01-06 10:31:19+00:00,2026-01-06 10:39:33.782661+00:00,79.0,3227.211,3227.17,3227.41,ETH
2026-01-06 10:31:20+00:00,2026-01-06 10:39:34.792567+00:00,80.0,3227.231,3227.2,3227.41,ETH
2026-01-06 10:31:21+00:00,2026-01-06 10:39:35.815588+00:00,81.0,3227.171,3227.13,3227.41,ETH
2026-01-06 10:31:22+00:00,2026-01-06 10:39:36.816216+00:00,82.0,3227.161,3227.13,3227.41,ETH
2026-01-06 10:31:23+00:00,2026-01-06 10:39:37.835073+00:00,83.0,3227.201,3227.14,3227.41,ETH
2026-01-06 10:31:24+00:00,2026-01-06 10:39:38.834952+00:00,84.0,3227.221,3227.19,3227.41,ETH
2026-01-06 10:31:25+00:00,2026-01-06 10:39:39.831822+00:00,85.0,3227.211,3227.18,3227.41,ETH
2026-01-06 10:31:26+00:00,2026-01-06 10:39:40.847888+00:00,86.0,3227.251,3227.21,3227.41,ETH
2026-01-06 10:31:27+00:00,2026-01-06 10:39:41.848137+00:00,87.0,3227.191,3227.16,3227.41,ETH
2026-01-06 10:31:28+00:00,2026-01-06 10:39:42.834380+00:00,88.0,3227.221,3227.17,3227.27,ETH
2026-01-06 10:31:29+00:00,2026-01-06 10:39:43.849510+00:00,89.0,3227.211,3227.15,3227.27,ETH
2026-01-06 10:31:30+00:00,2026-01-06 10:39:44.863409+00:00,90.0,3227.241,3227.15,3227.28,ETH
2026-01-06 10:31:31+00:00,2026-01-06 10:39:45.846235+00:00,91.0,3227.171,3227.14,3227.27,ETH
2026-01-06 10:31:32+00:00,2026-01-06 10:39:46.848210+00:00,92.0,3227.111,3227.08,3227.27,ETH
2026-01-06 10:31:33+00:00,2026-01-06 10:39:47.860002+00:00,93.0,3227.251,3227.13,3227.45,ETH
2026-01-06 10:31:34+00:00,2026-01-06 10:39:48.865412+00:00,94.0,3227.331,3227.14,3227.48,ETH
2026-01-06 10:31:35+00:00,2026-01-06 10:39:49.882442+00:00,95.0,3227.351,3227.2,3227.64,ETH
2026-01-06 10:31:36+00:00,2026-01-06 10:39:50.878465+00:00,96.0,3227.351,3227.2,3227.52,ETH
2026-01-06 10:31:37+00:00,2026-01-06 10:39:51.901536+00:00,97.0,3227.331,3227.2,3227.41,ETH
2026-01-06 10:31:38+00:00,2026-01-06 10:39:52.882144+00:00,98.0,3227.331,3227.2,3227.4,ETH
2026-01-06 10:31:39+00:00,2026-01-06 10:39:53.876031+00:00,99.0,3227.331,3227.21,3227.47,ETH
2026-01-06 10:31:40+00:00,2026-01-06 10:39:54.882324+00:00,100.0,3227.361,3227.22,3227.47,ETH
2026-01-06 10:31:41+00:00,2026-01-06 10:39:55.896752+00:00,101.0,3227.331,3227.19,3227.48,ETH
2026-01-06 10:31:42+00:00,2026-01-06 10:39:56.896668+00:00,102.0,3227.301,3227.2,3227.37,ETH
2026-01-06 10:31:43+00:00,2026-01-06 10:39:57.910939+00:00,103.0,3227.271,3227.17,3227.3,ETH
2026-01-06 10:31:44+00:00,2026-01-06 10:39:58.910660+00:00,104.0,3227.301,3227.17,3227.34,ETH
2026-01-06 10:31:45+00:00,2026-01-06 10:39:59.900425+00:00,105.0,3227.301,3227.17,3227.33,ETH
2026-01-06 10:31:46+00:00,2026-01-06 10:40:00.915210+00:00,106.0,3227.301,3227.14,3227.34,ETH
2026-01-06 10:31:47+00:00,2026-01-06 10:40:01.943890+00:00,107.0,3227.251,3227.14,3227.3,ETH
2026-01-06 10:31:48+00:00,2026-01-06 10:40:02.948724+00:00,108.0,3227.241,3227.14,3227.48,ETH
2026-01-06 10:31:49+00:00,2026-01-06 10:40:03.962338+00:00,109.0,3227.241,3227.15,3227.34,ETH
2026-01-06 10:31:50+00:00,2026-01-06 10:40:04.967195+00:00,110.0,3227.301,3227.16,3227.34,ETH
2026-01-06 10:31:51+00:00,2026-01-06 10:40:05.962906+00:00,111.0,3227.241,3227.16,3227.34,ETH
2026-01-06 10:31:52+00:00,2026-01-06 10:40:06.984002+00:00,112.0,3227.261,3227.16,3227.32,ETH
2026-01-06 10:31:53+00:00,2026-01-06 10:40:07.997936+00:00,113.0,3227.291,3227.16,3227.32,ETH
2026-01-06 10:31:54+00:00,2026-01-06 10:40:09.015225+00:00,114.0,3227.261,3227.18,3227.53,ETH
2026-01-06 10:31:55+00:00,2026-01-06 10:40:10.029137+00:00,115.0,3227.491,3227.24,3227.73,ETH
2026-01-06 10:31:56+00:00,2026-01-06 10:40:11.025223+00:00,116.0,3228.011,3227.75,3228.27,ETH
2026-01-06 10:31:57+00:00,2026-01-06 10:40:13.049965+00:00,117.0,3228.071,3227.81,3228.31,ETH
2026-01-06 10:31:58+00:00,2026-01-06 10:40:14.064048+00:00,118.0,3228.161,3227.9,3228.35,ETH
2026-01-06 10:31:59+00:00,2026-01-06 10:40:15.066406+00:00,119.0,3228.231,3227.99,3228.4,ETH
2026-01-06 10:32:00+00:00,2026-01-06 10:40:16.061389+00:00,120.0,3228.311,3228.13,3228.44,ETH
2026-01-06 10:32:01+00:00,2026-01-06 10:40:17.082432+00:00,121.0,3228.381,3228.24,3228.5,ETH
2026-01-06 10:32:02+00:00,2026-01-06 10:40:18.093327+00:00,122.0,3228.441,3228.23,3228.58,ETH
2026-01-06 10:32:03+00:00,2026-01-06 10:40:19.095129+00:00,123.0,3228.501,3228.23,3228.58,ETH
2026-01-06 10:32:04+00:00,2026-01-06 10:40:20.113876+00:00,124.0,3228.501,3228.23,3228.58,ETH
2026-01-06 10:32:05+00:00,2026-01-06 10:40:21.124275+00:00,125.0,3228.501,3228.23,3228.61,ETH
2026-01-06 10:32:06+00:00,2026-01-06 10:40:22.131474+00:00,126.0,3228.511,3228.25,3228.62,ETH
2026-01-06 10:32:07+00:00,2026-01-06 10:40:23.135287+00:00,127.0,3228.531,3228.26,3228.6,ETH
2026-01-06 10:32:08+00:00,2026-01-06 10:40:24.144000+00:00,128.0,3228.521,3228.26,3228.6,ETH
2026-01-06 10:32:09+00:00,2026-01-06 10:40:25.143866+00:00,129.0,3228.531,3228.26,3228.61,ETH
2026-01-06 10:32:10+00:00,2026-01-06 10:40:26.149248+00:00,130.0,3228.471,3228.29,3228.61,ETH
2026-01-06 10:32:11+00:00,2026-01-06 10:40:27.148918+00:00,131.0,3228.421,3228.32,3228.59,ETH
2026-01-06 10:32:12+00:00,2026-01-06 10:40:28.143261+00:00,132.0,3228.411,3228.32,3228.59,ETH
2026-01-06 10:32:13+00:00,2026-01-06 10:40:29.147198+00:00,133.0,3228.451,3228.32,3228.59,ETH
2026-01-06 10:32:14+00:00,2026-01-06 10:40:30.146846+00:00,134.0,3228.501,3228.32,3228.59,ETH
2026-01-06 10:32:15+00:00,2026-01-06 10:40:31.141463+00:00,135.0,3228.501,3228.32,3228.59,ETH
2026-01-06 10:32:16+00:00,2026-01-06 10:40:32.151636+00:00,136.0,3228.541,3228.32,3228.62,ETH
2026-01-06 10:32:17+00:00,2026-01-06 10:40:33.160961+00:00,137.0,3228.581,3228.31,3228.67,ETH
2026-01-06 10:32:18+00:00,2026-01-06 10:40:34.159554+00:00,138.0,3228.551,3228.3,3228.69,ETH
2026-01-06 10:32:19+00:00,2026-01-06 10:40:35.172477+00:00,139.0,3228.541,3228.29,3228.72,ETH
2026-01-06 10:32:20+00:00,2026-01-06 10:40:36.165231+00:00,140.0,3228.551,3228.29,3228.75,ETH
2026-01-06 10:32:21+00:00,2026-01-06 10:40:37.214039+00:00,141.0,3228.321,3228.19,3228.6,ETH
2026-01-06 10:32:22+00:00,2026-01-06 10:40:38.220260+00:00,142.0,3228.291,3228.14,3228.56,ETH
2026-01-06 10:32:23+00:00,2026-01-06 10:40:39.214314+00:00,143.0,3228.311,3228.14,3228.57,ETH
2026-01-06 10:32:24+00:00,2026-01-06 10:40:40.229491+00:00,144.0,3228.411,3228.18,3228.62,ETH
2026-01-06 10:32:25+00:00,2026-01-06 10:40:41.244000+00:00,145.0,3228.451,3228.22,3228.62,ETH
2026-01-06 10:32:26+00:00,2026-01-06 10:40:42.245873+00:00,146.0,3228.391,3228.22,3228.58,ETH
2026-01-06 10:32:27+00:00,2026-01-06 10:40:43.246786+00:00,147.0,3228.401,3228.22,3228.58,ETH
2026-01-06 10:32:28+00:00,2026-01-06 10:40:44.259964+00:00,148.0,3228.401,3228.23,3228.58,ETH
2026-01-06 10:32:29+00:00,2026-01-06 10:40:45.274149+00:00,149.0,3228.401,3228.24,3228.52,ETH
2026-01-06 10:32:30+00:00,2026-01-06 10:40:46.283516+00:00,150.0,3228.391,3228.25,3228.45,ETH
2026-01-06 10:32:31+00:00,2026-01-06 10:40:47.272607+00:00,151.0,3228.391,3228.26,3228.45,ETH
2026-01-06 10:32:32+00:00,2026-01-06 10:40:48.273856+00:00,152.0,3228.421,3228.27,3228.51,ETH
2026-01-06 10:32:33+00:00,2026-01-06 10:40:49.277422+00:00,153.0,3228.451,3228.29,3228.57,ETH
2026-01-06 10:32:34+00:00,2026-01-06 10:40:50.275970+00:00,154.0,3228.481,3228.31,3228.57,ETH
2026-01-06 10:32:35+00:00,2026-01-06 10:40:51.289921+00:00,155.0,3228.471,3228.32,3228.52,ETH
2026-01-06 10:32:36+00:00,2026-01-06 10:40:52.290773+00:00,156.0,3228.431,3228.31,3228.47,ETH
2026-01-06 10:32:37+00:00,2026-01-06 10:40:53.308908+00:00,157.0,3228.421,3228.31,3228.46,ETH
2026-01-06 10:32:38+00:00,2026-01-06 10:40:54.314417+00:00,158.0,3228.421,3228.3,3228.49,ETH
2026-01-06 10:32:39+00:00,2026-01-06 10:40:55.327943+00:00,159.0,3228.441,3228.31,3228.54,ETH
2026-01-06 10:32:40+00:00,2026-01-06 10:40:56.347033+00:00,160.0,3228.441,3228.32,3228.54,ETH
2026-01-06 10:32:41+00:00,2026-01-06 10:40:57.345128+00:00,161.0,3228.441,3228.31,3228.53,ETH
2026-01-06 10:32:42+00:00,2026-01-06 10:40:58.341919+00:00,162.0,3228.441,3228.3,3228.56,ETH
2026-01-06 10:32:43+00:00,2026-01-06 10:40:59.345992+00:00,163.0,3228.461,3228.31,3228.62,ETH
2026-01-06 10:32:44+00:00,2026-01-06 10:41:00.360172+00:00,164.0,3228.481,3228.31,3228.62,ETH
2026-01-06 10:32:45+00:00,2026-01-06 10:41:01.377494+00:00,165.0,3228.511,3228.33,3228.64,ETH
2026-01-06 10:32:46+00:00,2026-01-06 10:41:02.393247+00:00,166.0,3228.541,3228.34,3228.66,ETH
2026-01-06 10:32:47+00:00,2026-01-06 10:41:03.412702+00:00,167.0,3228.581,3228.36,3228.64,ETH
2026-01-06 10:32:48+00:00,2026-01-06 10:41:04.414418+00:00,168.0,3228.581,3228.36,3228.67,ETH
2026-01-06 10:32:49+00:00,2026-01-06 10:41:05.428135+00:00,169.0,3228.591,3228.5,3228.89,ETH
2026-01-06 10:32:50+00:00,2026-01-06 10:41:06.428632+00:00,170.0,3228.771,3228.5,3229.04,ETH
2026-01-06 10:32:51+00:00,2026-01-06 10:41:07.442301+00:00,171.0,3228.981,3228.69,3229.08,ETH
2026-01-06 10:32:52+00:00,2026-01-06 10:41:08.442193+00:00,172.0,3228.971,3228.73,3229.16,ETH
2026-01-06 10:32:53+00:00,2026-01-06 10:41:09.449298+00:00,173.0,3228.831,3228.82,3229.27,ETH
2026-01-06 10:32:54+00:00,2026-01-06 10:41:10.442920+00:00,174.0,3229.071,3228.84,3229.24,ETH
2026-01-06 10:32:55+00:00,2026-01-06 10:41:11.457032+00:00,175.0,3229.081,3228.89,3229.13,ETH
2026-01-06 10:32:56+00:00,2026-01-06 10:41:12.459906+00:00,176.0,3229.081,3228.89,3229.12,ETH
2026-01-06 10:32:57+00:00,2026-01-06 10:41:13.458308+00:00,177.0,3229.081,3228.88,3229.3,ETH
2026-01-06 10:32:58+00:00,2026-01-06 10:41:14.457395+00:00,178.0,3229.081,3228.88,3229.26,ETH
2026-01-06 10:32:59+00:00,2026-01-06 10:41:15.456743+00:00,179.0,3229.081,3228.9,3229.2,ETH
2026-01-06 10:33:00+00:00,2026-01-06 10:41:16.473708+00:00,180.0,3229.081,3228.9,3229.21,ETH
2026-01-06 10:33:01+00:00,2026-01-06 10:41:17.478413+00:00,181.0,3229.141,3228.95,3229.19,ETH
2026-01-06 10:33:02+00:00,2026-01-06 10:41:18.497651+00:00,182.0,3229.191,3229.05,3229.36,ETH
2026-01-06 10:33:03+00:00,2026-01-06 10:41:19.510404+00:00,183.0,3229.261,3229.05,3229.36,ETH
2026-01-06 10:33:04+00:00,2026-01-06 10:41:20.526926+00:00,184.0,3229.241,3229.05,3229.32,ETH
2026-01-06 10:33:05+00:00,2026-01-06 10:41:21.540408+00:00,185.0,3228.771,3228.71,3228.82,ETH
2026-01-06 10:33:06+00:00,2026-01-06 10:41:22.542575+00:00,186.0,3228.481,3228.47,3228.5,ETH
2026-01-06 10:33:07+00:00,2026-01-06 10:41:23.542261+00:00,187.0,3228.471,3228.46,3228.62,ETH
2026-01-06 10:33:08+00:00,2026-01-06 10:41:24.556752+00:00,188.0,3228.271,3228.26,3228.44,ETH
2026-01-06 10:33:09+00:00,2026-01-06 10:41:25.573092+00:00,189.0,3228.271,3228.26,3228.41,ETH
2026-01-06 10:33:10+00:00,2026-01-06 10:41:26.664714+00:00,190.0,3228.271,3228.27,3228.47,ETH
2026-01-06 10:33:11+00:00,2026-01-06 10:41:27.672611+00:00,191.0,3228.541,3228.48,3228.6,ETH
2026-01-06 10:33:12+00:00,2026-01-06 10:41:28.674553+00:00,192.0,3228.581,3228.51,3228.62,ETH
2026-01-06 10:33:13+00:00,2026-01-06 10:41:29.675560+00:00,193.0,3228.401,3228.36,3228.6,ETH
2026-01-06 10:33:14+00:00,2026-01-06 10:41:30.672905+00:00,194.0,3228.451,3228.41,3228.6,ETH
2026-01-06 10:33:15+00:00,2026-01-06 10:41:31.686586+00:00,195.0,3228.561,3228.51,3228.6,ETH
2026-01-06 10:33:16+00:00,2026-01-06 10:41:32.689805+00:00,196.0,3228.591,3228.51,3228.64,ETH
2026-01-06 10:33:17+00:00,2026-01-06 10:41:33.705998+00:00,197.0,3228.561,3228.51,3228.6,ETH
2026-01-06 10:33:18+00:00,2026-01-06 10:41:34.707191+00:00,198.0,3228.211,3228.2,3228.37,ETH
2026-01-06 10:33:19+00:00,2026-01-06 10:41:35.708966+00:00,199.0,3228.201,3228.19,3228.6,ETH
2026-01-06 10:33:20+00:00,2026-01-06 10:41:36.705121+00:00,200.0,3228.201,3228.19,3228.58,ETH
2026-01-06 10:33:21+00:00,2026-01-06 10:41:37.722672+00:00,201.0,3228.201,3228.2,3228.3,ETH
2026-01-06 10:33:22+00:00,2026-01-06 10:41:38.726119+00:00,202.0,3228.201,3228.19,3228.39,ETH
2026-01-06 10:33:23+00:00,2026-01-06 10:41:39.725645+00:00,203.0,3228.201,3228.19,3228.29,ETH
2026-01-06 10:33:24+00:00,2026-01-06 10:41:40.723627+00:00,204.0,3228.191,3228.18,3228.22,ETH
2026-01-06 10:33:25+00:00,2026-01-06 10:41:41.728221+00:00,205.0,3228.191,3228.19,3228.37,ETH
2026-01-06 10:33:26+00:00,2026-01-06 10:41:42.745831+00:00,206.0,3228.191,3228.19,3228.27,ETH
2026-01-06 10:33:27+00:00,2026-01-06 10:41:43.755399+00:00,207.0,3228.191,3228.17,3228.2,ETH
2026-01-06 10:33:28+00:00,2026-01-06 10:41:44.772849+00:00,208.0,3228.191,3228.19,3228.2,ETH
2026-01-06 10:33:29+00:00,2026-01-06 10:41:45.776678+00:00,209.0,3228.191,3228.18,3228.38,ETH
2026-01-06 10:33:30+00:00,2026-01-06 10:41:46.791269+00:00,210.0,3228.191,3228.18,3228.35,ETH
2026-01-06 10:33:31+00:00,2026-01-06 10:41:47.803712+00:00,211.0,3228.191,3228.17,3228.37,ETH
2026-01-06 10:33:32+00:00,2026-01-06 10:41:48.808053+00:00,212.0,3228.201,3228.19,3228.36,ETH
2026-01-06 10:33:33+00:00,2026-01-06 10:41:49.872474+00:00,213.0,3228.201,3228.19,3228.4,ETH
2026-01-06 10:33:34+00:00,2026-01-06 10:41:50.825329+00:00,214.0,3228.201,3228.19,3228.41,ETH
2026-01-06 10:33:35+00:00,2026-01-06 10:41:51.824556+00:00,215.0,3228.291,3228.21,3228.41,ETH
2026-01-06 10:33:36+00:00,2026-01-06 10:41:52.845640+00:00,216.0,3228.271,3228.21,3228.7,ETH
2026-01-06 10:33:37+00:00,2026-01-06 10:41:53.864822+00:00,217.0,3228.281,3228.23,3228.61,ETH
2026-01-06 10:33:38+00:00,2026-01-06 10:41:54.860651+00:00,218.0,3228.271,3228.25,3228.4,ETH
2026-01-06 10:33:39+00:00,2026-01-06 10:41:55.876698+00:00,219.0,3228.281,3228.25,3228.64,ETH
2026-01-06 10:33:40+00:00,2026-01-06 10:41:56.893620+00:00,220.0,3228.301,3228.25,3228.47,ETH
2026-01-06 10:33:41+00:00,2026-01-06 10:41:57.892300+00:00,221.0,3228.291,3228.25,3228.47,ETH
2026-01-06 10:33:42+00:00,2026-01-06 10:41:58.907945+00:00,222.0,3228.261,3228.25,3228.46,ETH
2026-01-06 10:33:43+00:00,2026-01-06 10:41:59.923780+00:00,223.0,3228.251,3228.24,3228.54,ETH
2026-01-06 10:33:44+00:00,2026-01-06 10:42:00.942579+00:00,224.0,3228.241,3228.22,3228.53,ETH
2026-01-06 10:33:45+00:00,2026-01-06 10:42:01.950615+00:00,225.0,3228.101,3228.09,3228.57,ETH
2026-01-06 10:33:46+00:00,2026-01-06 10:42:02.960254+00:00,226.0,3228.101,3228.09,3228.56,ETH
2026-01-06 10:33:47+00:00,2026-01-06 10:42:03.955454+00:00,227.0,3228.091,3228.09,3228.37,ETH
2026-01-06 10:33:48+00:00,2026-01-06 10:42:04.970614+00:00,228.0,3228.091,3228.09,3228.32,ETH
2026-01-06 10:33:49+00:00,2026-01-06 10:42:05.955825+00:00,229.0,3228.091,3228.09,3228.32,ETH
2026-01-06 10:33:50+00:00,2026-01-06 10:42:06.960496+00:00,230.0,3228.091,3228.09,3228.54,ETH
2026-01-06 10:33:51+00:00,2026-01-06 10:42:07.957880+00:00,231.0,3228.091,3228.09,3228.39,ETH
2026-01-06 10:33:52+00:00,2026-01-06 10:42:08.967025+00:00,232.0,3228.101,3228.09,3228.38,ETH
2026-01-06 10:33:53+00:00,2026-01-06 10:42:09.971489+00:00,233.0,3228.191,3228.19,3228.51,ETH
2026-01-06 10:33:54+00:00,2026-01-06 10:42:10.974490+00:00,234.0,3228.301,3228.2,3228.44,ETH
2026-01-06 10:33:55+00:00,2026-01-06 10:42:11.969870+00:00,235.0,3228.281,3228.2,3228.39,ETH
2026-01-06 10:33:56+00:00,2026-01-06 10:42:12.990785+00:00,236.0,3228.291,3228.22,3228.55,ETH
2026-01-06 10:33:57+00:00,2026-01-06 10:42:14.002226+00:00,237.0,3228.231,3228.18,3228.39,ETH
2026-01-06 10:33:58+00:00,2026-01-06 10:42:15.007267+00:00,238.0,3228.191,3228.18,3228.5,ETH
2026-01-06 10:33:59+00:00,2026-01-06 10:42:17.089965+00:00,239.0,3228.191,3228.18,3228.51,ETH
2026-01-06 10:34:00+00:00,2026-01-06 10:42:18.088043+00:00,240.0,3228.191,3228.18,3228.52,ETH
2026-01-06 10:34:01+00:00,2026-01-06 10:42:19.105738+00:00,241.0,3228.191,3228.19,3228.48,ETH
2026-01-06 10:34:02+00:00,2026-01-06 10:42:20.119659+00:00,242.0,3228.191,3228.19,3228.42,ETH
2026-01-06 10:34:03+00:00,2026-01-06 10:42:21.120683+00:00,243.0,3228.171,3228.15,3228.31,ETH
2026-01-06 10:34:04+00:00,2026-01-06 10:42:22.142921+00:00,244.0,3228.151,3228.11,3228.27,ETH
2026-01-06 10:34:06+00:00,2026-01-06 10:42:23.189734+00:00,246.0,3228.151,3228.11,3228.36,ETH
2026-01-06 10:34:07+00:00,2026-01-06 10:42:24.194494+00:00,247.0,3228.151,3228.11,3228.39,ETH
2026-01-06 10:34:08+00:00,2026-01-06 10:42:25.182267+00:00,248.0,3228.181,3228.18,3228.41,ETH
2026-01-06 10:34:09+00:00,2026-01-06 10:42:26.201434+00:00,249.0,3228.191,3228.19,3228.3,ETH
2026-01-06 10:34:10+00:00,2026-01-06 10:42:27.200333+00:00,250.0,3228.191,3228.19,3228.28,ETH
2026-01-06 10:34:11+00:00,2026-01-06 10:42:28.190690+00:00,251.0,3228.191,3228.19,3228.39,ETH
2026-01-06 10:34:12+00:00,2026-01-06 10:42:29.195942+00:00,252.0,3227.951,3227.74,3228.01,ETH
2026-01-06 10:34:13+00:00,2026-01-06 10:42:30.184990+00:00,253.0,3227.251,3227.25,3227.4,ETH
2026-01-06 10:34:14+00:00,2026-01-06 10:42:31.196366+00:00,254.0,3227.221,3227.22,3227.41,ETH
2026-01-06 10:34:15+00:00,2026-01-06 10:42:32.213987+00:00,255.0,3227.191,3227.19,3227.41,ETH
2026-01-06 10:34:16+00:00,2026-01-06 10:42:33.205324+00:00,256.0,3227.221,3227.22,3227.56,ETH
2026-01-06 10:34:17+00:00,2026-01-06 10:42:34.217626+00:00,257.0,3227.221,3227.22,3227.54,ETH
2026-01-06 10:34:18+00:00,2026-01-06 10:42:35.219993+00:00,258.0,3227.261,3227.22,3227.44,ETH
2026-01-06 10:34:19+00:00,2026-01-06 10:42:36.234249+00:00,259.0,3227.291,3227.22,3227.43,ETH
2026-01-06 10:34:20+00:00,2026-01-06 10:42:37.237037+00:00,260.0,3227.351,3227.25,3227.52,ETH
2026-01-06 10:34:21+00:00,2026-01-06 10:42:38.228691+00:00,261.0,3227.351,3227.25,3227.53,ETH
2026-01-06 10:34:22+00:00,2026-01-06 10:42:39.240708+00:00,262.0,3227.401,3227.4,3227.58,ETH
2026-01-06 10:34:23+00:00,2026-01-06 10:42:40.241697+00:00,263.0,3227.421,3227.4,3227.6,ETH
2026-01-06 10:34:24+00:00,2026-01-06 10:42:41.258581+00:00,264.0,3227.441,3227.4,3227.6,ETH
2026-01-06 10:34:25+00:00,2026-01-06 10:42:42.267031+00:00,265.0,3227.441,3227.4,3227.58,ETH
2026-01-06 10:34:26+00:00,2026-01-06 10:42:43.278486+00:00,266.0,3227.441,3227.4,3227.57,ETH
2026-01-06 10:34:27+00:00,2026-01-06 10:42:44.269678+00:00,267.0,3227.451,3227.4,3227.57,ETH
2026-01-06 10:34:28+00:00,2026-01-06 10:42:45.276573+00:00,268.0,3227.451,3227.4,3227.48,ETH
2026-01-06 10:34:29+00:00,2026-01-06 10:42:46.274922+00:00,269.0,3227.481,3227.4,3227.52,ETH
2026-01-06 10:34:30+00:00,2026-01-06 10:42:47.280188+00:00,270.0,3227.441,3227.4,3227.47,ETH
2026-01-06 10:34:31+00:00,2026-01-06 10:42:48.289761+00:00,271.0,3227.461,3227.4,3227.5,ETH
2026-01-06 10:34:32+00:00,2026-01-06 10:42:49.297513+00:00,272.0,3227.471,3227.4,3227.51,ETH
2026-01-06 10:34:33+00:00,2026-01-06 10:42:50.291430+00:00,273.0,3227.491,3227.4,3227.65,ETH
2026-01-06 10:34:34+00:00,2026-01-06 10:42:51.302035+00:00,274.0,3227.571,3227.4,3227.65,ETH
2026-01-06 10:34:35+00:00,2026-01-06 10:42:52.320725+00:00,275.0,3227.561,3227.4,3227.63,ETH
2026-01-06 10:34:36+00:00,2026-01-06 10:42:53.309927+00:00,276.0,3227.531,3227.4,3227.7,ETH
2026-01-06 10:34:37+00:00,2026-01-06 10:42:54.308050+00:00,277.0,3227.491,3227.4,3227.61,ETH
2026-01-06 10:34:38+00:00,2026-01-06 10:42:55.321405+00:00,278.0,3227.461,3227.4,3227.49,ETH
2026-01-06 10:34:39+00:00,2026-01-06 10:42:56.339688+00:00,279.0,3227.431,3227.4,3227.55,ETH
2026-01-06 10:34:40+00:00,2026-01-06 10:42:57.333096+00:00,280.0,3227.401,3227.4,3227.6,ETH
2026-01-06 10:34:41+00:00,2026-01-06 10:42:58.333967+00:00,281.0,3227.401,3227.38,3227.46,ETH
2026-01-06 10:34:42+00:00,2026-01-06 10:42:59.337513+00:00,282.0,3227.401,3227.38,3227.45,ETH
2026-01-06 10:34:43+00:00,2026-01-06 10:43:00.354509+00:00,283.0,3227.401,3227.4,3227.61,ETH
2026-01-06 10:34:44+00:00,2026-01-06 10:43:01.379159+00:00,284.0,3227.521,3227.5,3227.57,ETH
2026-01-06 10:34:45+00:00,2026-01-06 10:43:02.373464+00:00,285.0,3227.461,3227.39,3227.62,ETH
2026-01-06 10:34:46+00:00,2026-01-06 10:43:03.393434+00:00,286.0,3227.471,3227.4,3227.62,ETH
2026-01-06 10:34:47+00:00,2026-01-06 10:43:04.393713+00:00,287.0,3227.471,3227.4,3227.61,ETH
2026-01-06 10:34:48+00:00,2026-01-06 10:43:06.422275+00:00,288.0,3227.491,3227.47,3227.58,ETH
2026-01-06 10:34:49+00:00,2026-01-06 10:43:07.404087+00:00,289.0,3227.441,3227.4,3227.54,ETH
2026-01-06 10:34:50+00:00,2026-01-06 10:43:08.424287+00:00,290.0,3227.481,3227.44,3227.55,ETH
2026-01-06 10:34:51+00:00,2026-01-06 10:43:09.435885+00:00,291.0,3227.531,3227.5,3227.57,ETH
2026-01-06 10:34:52+00:00,2026-01-06 10:43:10.433832+00:00,292.0,3227.541,3227.51,3227.58,ETH
2026-01-06 10:34:53+00:00,2026-01-06 10:43:11.437190+00:00,293.0,3227.541,3227.5,3227.57,ETH
2026-01-06 10:34:54+00:00,2026-01-06 10:43:12.454753+00:00,294.0,3227.491,3227.46,3227.56,ETH
2026-01-06 10:34:55+00:00,2026-01-06 10:43:13.454327+00:00,295.0,3227.431,3227.4,3227.54,ETH
2026-01-06 10:34:56+00:00,2026-01-06 10:43:14.451050+00:00,296.0,3227.431,3227.4,3227.54,ETH
2026-01-06 10:34:57+00:00,2026-01-06 10:43:15.452235+00:00,297.0,3227.471,3227.44,3227.54,ETH
2026-01-06 10:34:58+00:00,2026-01-06 10:43:16.468110+00:00,298.0,3227.491,3227.45,3227.54,ETH
2026-01-06 10:34:59+00:00,2026-01-06 10:43:17.473211+00:00,299.0,3227.491,3227.46,3227.54,ETH
2026-01-06 10:35:00+00:00,2026-01-06 10:43:18.473187+00:00,300.0,3227.491,3227.46,3227.54,ETH
2026-01-06 10:35:01+00:00,2026-01-06 10:43:19.468507+00:00,301.0,3227.401,3227.37,3227.47,ETH
2026-01-06 10:35:02+00:00,2026-01-06 10:43:20.483884+00:00,302.0,3227.241,3227.22,3227.32,ETH
2026-01-06 10:35:03+00:00,2026-01-06 10:43:21.500600+00:00,303.0,3227.161,3227.15,3227.24,ETH
2026-01-06 10:35:04+00:00,2026-01-06 10:43:22.506746+00:00,304.0,3227.151,3227.14,3227.23,ETH
2026-01-06 10:35:05+00:00,2026-01-06 10:43:23.519510+00:00,305.0,3227.141,3227.14,3227.23,ETH
2026-01-06 10:35:06+00:00,2026-01-06 10:43:24.542536+00:00,306.0,3227.171,3227.14,3227.23,ETH
2026-01-06 10:35:07+00:00,2026-01-06 10:43:25.535573+00:00,307.0,3227.191,3227.16,3227.23,ETH
2026-01-06 10:35:08+00:00,2026-01-06 10:43:26.534200+00:00,308.0,3227.201,3227.16,3227.23,ETH
2026-01-06 10:35:09+00:00,2026-01-06 10:43:27.535817+00:00,309.0,3227.191,3227.15,3227.23,ETH
2026-01-06 10:35:10+00:00,2026-01-06 10:43:28.538048+00:00,310.0,3227.181,3227.14,3227.21,ETH
2026-01-06 10:35:11+00:00,2026-01-06 10:43:29.535130+00:00,311.0,3227.061,3227.03,3227.21,ETH
2026-01-06 10:35:12+00:00,2026-01-06 10:43:30.563913+00:00,312.0,3226.951,3226.91,3227.2,ETH
2026-01-06 10:35:13+00:00,2026-01-06 10:43:31.566347+00:00,313.0,3226.811,3226.8,3227.11,ETH
2026-01-06 10:35:14+00:00,2026-01-06 10:43:32.571105+00:00,314.0,3226.811,3226.8,3226.89,ETH
2026-01-06 10:35:15+00:00,2026-01-06 10:43:33.567690+00:00,315.0,3226.811,3226.8,3226.9,ETH
2026-01-06 10:35:16+00:00,2026-01-06 10:43:34.594168+00:00,316.0,3226.811,3226.79,3226.84,ETH
2026-01-06 10:35:17+00:00,2026-01-06 10:43:35.609057+00:00,317.0,3226.811,3226.79,3226.84,ETH
2026-01-06 10:35:18+00:00,2026-01-06 10:43:36.620126+00:00,318.0,3226.811,3226.8,3226.87,ETH
2026-01-06 10:35:19+00:00,2026-01-06 10:43:37.637621+00:00,319.0,3226.811,3226.8,3226.87,ETH
2026-01-06 10:35:20+00:00,2026-01-06 10:43:38.639617+00:00,320.0,3227.191,3226.99,3227.22,ETH
2026-01-06 10:35:21+00:00,2026-01-06 10:43:39.654030+00:00,321.0,3227.201,3227.06,3227.35,ETH
2026-01-06 10:35:22+00:00,2026-01-06 10:43:40.655070+00:00,322.0,3227.111,3227.07,3227.22,ETH
2026-01-06 10:35:23+00:00,2026-01-06 10:43:41.656438+00:00,323.0,3227.161,3227.06,3227.23,ETH
2026-01-06 10:35:24+00:00,2026-01-06 10:43:42.702195+00:00,324.0,3227.161,3227.07,3227.23,ETH
2026-01-06 10:35:25+00:00,2026-01-06 10:43:43.728891+00:00,325.0,3227.161,3227.07,3227.22,ETH
2026-01-06 10:35:26+00:00,2026-01-06 10:43:44.702261+00:00,326.0,3227.161,3227.07,3227.21,ETH
2026-01-06 10:35:27+00:00,2026-01-06 10:43:45.712682+00:00,327.0,3227.161,3227.06,3227.2,ETH
2026-01-06 10:35:28+00:00,2026-01-06 10:43:46.718460+00:00,328.0,3227.161,3227.06,3227.3,ETH
2026-01-06 10:35:29+00:00,2026-01-06 10:43:47.710802+00:00,329.0,3227.161,3227.06,3227.32,ETH
2026-01-06 10:35:30+00:00,2026-01-06 10:43:48.710292+00:00,330.0,3227.161,3227.06,3227.23,ETH
2026-01-06 10:35:31+00:00,2026-01-06 10:43:49.710515+00:00,331.0,3227.161,3227.06,3227.21,ETH
2026-01-06 10:35:32+00:00,2026-01-06 10:43:50.707541+00:00,332.0,3227.161,3227.06,3227.2,ETH
2026-01-06 10:35:33+00:00,2026-01-06 10:43:51.706287+00:00,333.0,3227.161,3227.06,3227.21,ETH
2026-01-06 10:35:34+00:00,2026-01-06 10:43:52.721572+00:00,334.0,3227.161,3227.06,3227.2,ETH
2026-01-06 10:35:35+00:00,2026-01-06 10:43:53.717230+00:00,335.0,3227.151,3227.06,3227.19,ETH
2026-01-06 10:35:36+00:00,2026-01-06 10:43:54.733099+00:00,336.0,3227.151,3227.06,3227.19,ETH
2026-01-06 10:35:37+00:00,2026-01-06 10:43:55.746377+00:00,337.0,3227.151,3227.05,3227.19,ETH
2026-01-06 10:35:38+00:00,2026-01-06 10:43:56.769663+00:00,338.0,3227.151,3227.05,3227.2,ETH
2026-01-06 10:35:39+00:00,2026-01-06 10:43:57.753811+00:00,339.0,3227.131,3227.05,3227.17,ETH
2026-01-06 10:35:40+00:00,2026-01-06 10:43:58.769475+00:00,340.0,3227.121,3227.05,3227.16,ETH
2026-01-06 10:35:41+00:00,2026-01-06 10:43:59.773944+00:00,341.0,3226.851,3226.84,3227.09,ETH
2026-01-06 10:35:42+00:00,2026-01-06 10:44:00.890545+00:00,342.0,3226.851,3226.84,3227.07,ETH
2026-01-06 10:35:43+00:00,2026-01-06 10:44:01.899576+00:00,343.0,3227.001,3226.91,3227.18,ETH
2026-01-06 10:35:44+00:00,2026-01-06 10:44:02.917912+00:00,344.0,3227.021,3226.93,3227.16,ETH
2026-01-06 10:35:45+00:00,2026-01-06 10:44:03.935377+00:00,345.0,3227.281,3226.97,3227.46,ETH
2026-01-06 10:35:46+00:00,2026-01-06 10:44:04.938244+00:00,346.0,3227.321,3227.02,3227.48,ETH
2026-01-06 10:35:47+00:00,2026-01-06 10:44:05.938130+00:00,347.0,3227.381,3227.3,3227.52,ETH
2026-01-06 10:35:48+00:00,2026-01-06 10:44:06.938224+00:00,348.0,3227.381,3227.3,3227.52,ETH
2026-01-06 10:35:49+00:00,2026-01-06 10:44:07.936848+00:00,349.0,3227.381,3227.28,3227.48,ETH
2026-01-06 10:35:50+00:00,2026-01-06 10:44:08.940190+00:00,350.0,3227.381,3227.28,3227.49,ETH
2026-01-06 10:35:51+00:00,2026-01-06 10:44:09.953602+00:00,351.0,3227.381,3227.28,3227.49,ETH
2026-01-06 10:35:52+00:00,2026-01-06 10:44:10.974552+00:00,352.0,3227.381,3227.28,3227.49,ETH
2026-01-06 10:35:53+00:00,2026-01-06 10:44:11.958913+00:00,353.0,3227.381,3227.3,3227.49,ETH
2026-01-06 10:35:54+00:00,2026-01-06 10:44:12.955654+00:00,354.0,3227.381,3227.3,3227.59,ETH
2026-01-06 10:35:55+00:00,2026-01-06 10:44:13.958629+00:00,355.0,3227.381,3227.3,3227.7,ETH
2026-01-06 10:35:56+00:00,2026-01-06 10:44:14.968132+00:00,356.0,3227.381,3227.3,3227.7,ETH
2026-01-06 10:35:57+00:00,2026-01-06 10:44:15.967253+00:00,357.0,3227.381,3227.27,3227.59,ETH
2026-01-06 10:35:58+00:00,2026-01-06 10:44:16.989227+00:00,358.0,3227.381,3227.25,3227.52,ETH
2026-01-06 10:35:59+00:00,2026-01-06 10:44:17.988931+00:00,359.0,3227.241,3227.19,3227.48,ETH
2026-01-06 10:36:00+00:00,2026-01-06 10:44:18.987578+00:00,360.0,3227.281,3227.2,3227.49,ETH
2026-01-06 10:36:01+00:00,2026-01-06 10:44:19.987616+00:00,361.0,3227.281,3227.2,3227.67,ETH
2026-01-06 10:36:02+00:00,2026-01-06 10:44:21.990431+00:00,362.0,3227.281,3227.23,3227.46,ETH
2026-01-06 10:36:03+00:00,2026-01-06 10:44:22.990535+00:00,363.0,3227.281,3227.23,3227.53,ETH
2026-01-06 10:36:04+00:00,2026-01-06 10:44:24.005661+00:00,364.0,3227.281,3227.25,3227.62,ETH
2026-01-06 10:36:05+00:00,2026-01-06 10:44:24.988302+00:00,365.0,3227.281,3227.25,3227.55,ETH
2026-01-06 10:36:06+00:00,2026-01-06 10:44:25.990091+00:00,366.0,3227.281,3227.23,3227.44,ETH
2026-01-06 10:36:07+00:00,2026-01-06 10:44:26.987691+00:00,367.0,3227.291,3227.19,3227.4,ETH
2026-01-06 10:36:08+00:00,2026-01-06 10:44:28.000876+00:00,368.0,3227.291,3227.16,3227.42,ETH
2026-01-06 10:36:09+00:00,2026-01-06 10:44:29.005032+00:00,369.0,3227.241,3227.15,3227.45,ETH
2026-01-06 10:36:10+00:00,2026-01-06 10:44:30.022990+00:00,370.0,3227.201,3227.1,3227.34,ETH
2026-01-06 10:36:11+00:00,2026-01-06 10:44:31.052710+00:00,371.0,3227.201,3227.07,3227.31,ETH
2026-01-06 10:36:12+00:00,2026-01-06 10:44:32.061260+00:00,372.0,3227.201,3227.1,3227.37,ETH
2026-01-06 10:36:13+00:00,2026-01-06 10:44:33.080346+00:00,373.0,3227.201,3227.1,3227.35,ETH
2026-01-06 10:36:14+00:00,2026-01-06 10:44:34.082256+00:00,374.0,3227.181,3227.1,3227.28,ETH
2026-01-06 10:36:15+00:00,2026-01-06 10:44:35.081777+00:00,375.0,3227.181,3227.06,3227.22,ETH
2026-01-06 10:36:16+00:00,2026-01-06 10:44:36.098957+00:00,376.0,3227.181,3227.02,3227.22,ETH
2026-01-06 10:36:17+00:00,2026-01-06 10:44:37.095309+00:00,377.0,3227.181,3227.02,3227.22,ETH
2026-01-06 10:36:18+00:00,2026-01-06 10:44:38.113602+00:00,378.0,3227.191,3227.02,3227.23,ETH
2026-01-06 10:36:19+00:00,2026-01-06 10:44:39.112188+00:00,379.0,3227.201,3227.02,3227.29,ETH
2026-01-06 10:36:20+00:00,2026-01-06 10:44:40.117058+00:00,380.0,3227.201,3227.02,3227.29,ETH
2026-01-06 10:36:21+00:00,2026-01-06 10:44:41.110600+00:00,381.0,3227.201,3227.02,3227.24,ETH
2026-01-06 10:36:22+00:00,2026-01-06 10:44:42.135320+00:00,382.0,3227.201,3227.02,3227.3,ETH
2026-01-06 10:36:24+00:00,2026-01-06 10:44:43.167637+00:00,384.0,3227.201,3227.02,3227.36,ETH
2026-01-06 10:36:25+00:00,2026-01-06 10:44:44.185779+00:00,385.0,3227.201,3227.02,3227.35,ETH
2026-01-06 10:36:26+00:00,2026-01-06 10:44:46.199738+00:00,386.0,3227.201,3227.03,3227.35,ETH
2026-01-06 10:36:27+00:00,2026-01-06 10:44:47.204752+00:00,387.0,3227.201,3227.02,3227.3,ETH
2026-01-06 10:36:28+00:00,2026-01-06 10:44:48.210305+00:00,388.0,3227.191,3227.02,3227.32,ETH
2026-01-06 10:36:29+00:00,2026-01-06 10:44:49.213264+00:00,389.0,3227.191,3227.03,3227.4,ETH
2026-01-06 10:36:30+00:00,2026-01-06 10:44:50.231058+00:00,390.0,3227.191,3227.03,3227.39,ETH
2026-01-06 10:36:31+00:00,2026-01-06 10:44:51.232505+00:00,391.0,3227.191,3227.03,3227.37,ETH
2026-01-06 10:36:32+00:00,2026-01-06 10:44:52.237858+00:00,392.0,3227.041,3226.96,3227.23,ETH
2026-01-06 10:36:33+00:00,2026-01-06 10:44:53.252977+00:00,393.0,3226.891,3226.89,3227.1,ETH
2026-01-06 10:36:34+00:00,2026-01-06 10:44:54.271318+00:00,394.0,3226.891,3226.89,3227.15,ETH
2026-01-06 10:36:35+00:00,2026-01-06 10:44:55.269116+00:00,395.0,3226.891,3226.89,3227.19,ETH
2026-01-06 10:36:36+00:00,2026-01-06 10:44:56.287469+00:00,396.0,3226.891,3226.89,3227.17,ETH
2026-01-06 10:36:37+00:00,2026-01-06 10:44:57.283774+00:00,397.0,3226.891,3226.89,3227.09,ETH
2026-01-06 10:36:38+00:00,2026-01-06 10:44:58.281346+00:00,398.0,3226.891,3226.89,3227.02,ETH
2026-01-06 10:36:39+00:00,2026-01-06 10:44:59.308399+00:00,399.0,3226.891,3226.89,3227.03,ETH
2026-01-06 10:36:40+00:00,2026-01-06 10:45:00.299735+00:00,400.0,3226.891,3226.89,3227.03,ETH
2026-01-06 10:36:41+00:00,2026-01-06 10:45:01.318843+00:00,401.0,3226.891,3226.89,3227.02,ETH
2026-01-06 10:36:42+00:00,2026-01-06 10:45:02.326735+00:00,402.0,3226.891,3226.89,3227.0,ETH
2026-01-06 10:36:43+00:00,2026-01-06 10:45:03.324803+00:00,403.0,3226.891,3226.89,3227.0,ETH
2026-01-06 10:36:44+00:00,2026-01-06 10:45:04.321593+00:00,404.0,3226.731,3226.7,3226.79,ETH
2026-01-06 10:36:45+00:00,2026-01-06 10:45:05.335431+00:00,405.0,3226.461,3226.43,3226.54,ETH
2026-01-06 10:36:46+00:00,2026-01-06 10:45:06.349594+00:00,406.0,3226.351,3226.35,3226.49,ETH
2026-01-06 10:36:47+00:00,2026-01-06 10:45:07.337173+00:00,407.0,3226.351,3226.35,3226.48,ETH
2026-01-06 10:36:48+00:00,2026-01-06 10:45:08.336818+00:00,408.0,3226.351,3226.35,3226.48,ETH
2026-01-06 10:36:49+00:00,2026-01-06 10:45:09.340711+00:00,409.0,3226.351,3226.34,3226.49,ETH
2026-01-06 10:36:50+00:00,2026-01-06 10:45:10.346169+00:00,410.0,3226.351,3226.34,3226.5,ETH
2026-01-06 10:36:51+00:00,2026-01-06 10:45:11.349867+00:00,411.0,3226.351,3226.31,3226.52,ETH
2026-01-06 10:36:52+00:00,2026-01-06 10:45:12.349944+00:00,412.0,3226.171,3226.16,3226.49,ETH
2026-01-06 10:36:53+00:00,2026-01-06 10:45:13.350114+00:00,413.0,3226.151,3226.14,3226.29,ETH
2026-01-06 10:36:54+00:00,2026-01-06 10:45:14.352522+00:00,414.0,3226.101,3226.09,3226.27,ETH
2026-01-06 10:36:55+00:00,2026-01-06 10:45:15.365133+00:00,415.0,3226.101,3226.07,3226.15,ETH
2026-01-06 10:36:56+00:00,2026-01-06 10:45:16.353857+00:00,416.0,3226.101,3226.06,3226.14,ETH
2026-01-06 10:36:57+00:00,2026-01-06 10:45:17.369882+00:00,417.0,3226.101,3226.06,3226.14,ETH
2026-01-06 10:36:58+00:00,2026-01-06 10:45:18.353127+00:00,418.0,3226.101,3226.06,3226.14,ETH
2026-01-06 10:36:59+00:00,2026-01-06 10:45:19.364680+00:00,419.0,3226.091,3226.06,3226.12,ETH
2026-01-06 10:37:00+00:00,2026-01-06 10:45:20.364682+00:00,420.0,3226.071,3226.03,3226.1,ETH
2026-01-06 10:37:01+00:00,2026-01-06 10:45:21.391686+00:00,421.0,3226.091,3226.05,3226.12,ETH
2026-01-06 10:37:02+00:00,2026-01-06 10:45:22.382463+00:00,422.0,3226.091,3226.08,3226.14,ETH
2026-01-06 10:37:03+00:00,2026-01-06 10:45:23.380221+00:00,423.0,3226.091,3226.08,3226.17,ETH
2026-01-06 10:37:04+00:00,2026-01-06 10:45:24.384965+00:00,424.0,3226.071,3226.05,3226.16,ETH
2026-01-06 10:37:05+00:00,2026-01-06 10:45:25.396316+00:00,425.0,3226.051,3226.05,3226.14,ETH
2026-01-06 10:37:06+00:00,2026-01-06 10:45:26.411935+00:00,426.0,3226.051,3226.05,3226.17,ETH
2026-01-06 10:37:07+00:00,2026-01-06 10:45:27.403561+00:00,427.0,3226.051,3226.05,3226.16,ETH
2026-01-06 10:37:08+00:00,2026-01-06 10:45:28.413209+00:00,428.0,3226.051,3226.05,3226.15,ETH
2026-01-06 10:37:09+00:00,2026-01-06 10:45:29.414497+00:00,429.0,3226.051,3226.05,3226.16,ETH
2026-01-06 10:37:10+00:00,2026-01-06 10:45:30.415599+00:00,430.0,3226.051,3226.05,3226.16,ETH
2026-01-06 10:37:11+00:00,2026-01-06 10:45:31.422415+00:00,431.0,3226.051,3226.05,3226.23,ETH
2026-01-06 10:37:12+00:00,2026-01-06 10:45:32.428274+00:00,432.0,3226.091,3226.09,3226.23,ETH
2026-01-06 10:37:13+00:00,2026-01-06 10:45:33.434726+00:00,433.0,3226.521,3226.39,3226.55,ETH
2026-01-06 10:37:14+00:00,2026-01-06 10:45:35.463133+00:00,434.0,3226.531,3226.42,3226.57,ETH
2026-01-06 10:37:15+00:00,2026-01-06 10:45:36.465443+00:00,435.0,3226.531,3226.42,3226.56,ETH
2026-01-06 10:37:16+00:00,2026-01-06 10:45:37.481356+00:00,436.0,3226.531,3226.43,3226.56,ETH
2026-01-06 10:37:17+00:00,2026-01-06 10:45:38.482268+00:00,437.0,3226.541,3226.44,3226.58,ETH
2026-01-06 10:37:18+00:00,2026-01-06 10:45:39.480731+00:00,438.0,3226.531,3226.44,3226.57,ETH
2026-01-06 10:37:19+00:00,2026-01-06 10:45:40.478092+00:00,439.0,3226.521,3226.43,3226.55,ETH
2026-01-06 10:37:20+00:00,2026-01-06 10:45:41.479312+00:00,440.0,3226.431,3226.39,3226.49,ETH
2026-01-06 10:37:21+00:00,2026-01-06 10:45:42.498451+00:00,441.0,3226.361,3226.35,3226.51,ETH
2026-01-06 10:37:22+00:00,2026-01-06 10:45:43.500800+00:00,442.0,3226.361,3226.34,3226.57,ETH
2026-01-06 10:37:23+00:00,2026-01-06 10:45:44.512426+00:00,443.0,3226.411,3226.34,3226.55,ETH
2026-01-06 10:37:24+00:00,2026-01-06 10:45:45.515462+00:00,444.0,3226.431,3226.33,3226.58,ETH
2026-01-06 10:37:25+00:00,2026-01-06 10:45:46.532232+00:00,445.0,3226.391,3226.33,3226.63,ETH
2026-01-06 10:37:26+00:00,2026-01-06 10:45:47.541457+00:00,446.0,3226.381,3226.33,3226.62,ETH
2026-01-06 10:37:27+00:00,2026-01-06 10:45:48.531622+00:00,447.0,3226.421,3226.33,3226.57,ETH
2026-01-06 10:37:28+00:00,2026-01-06 10:45:49.532308+00:00,448.0,3226.391,3226.33,3226.52,ETH
2026-01-06 10:37:29+00:00,2026-01-06 10:45:50.551882+00:00,449.0,3226.301,3226.25,3226.48,ETH
2026-01-06 10:37:30+00:00,2026-01-06 10:45:51.557963+00:00,450.0,3226.271,3226.19,3226.49,ETH
2026-01-06 10:37:31+00:00,2026-01-06 10:45:52.569761+00:00,451.0,3226.261,3226.21,3226.44,ETH
2026-01-06 10:37:32+00:00,2026-01-06 10:45:53.584325+00:00,452.0,3226.251,3226.23,3226.34,ETH
2026-01-06 10:37:33+00:00,2026-01-06 10:45:54.613043+00:00,453.0,3226.311,3226.25,3226.37,ETH
2026-01-06 10:37:34+00:00,2026-01-06 10:45:55.613672+00:00,454.0,3226.361,3226.3,3226.46,ETH
2026-01-06 10:37:35+00:00,2026-01-06 10:45:56.615180+00:00,455.0,3226.361,3226.29,3226.45,ETH
2026-01-06 10:37:36+00:00,2026-01-06 10:45:57.614404+00:00,456.0,3226.421,3226.29,3226.56,ETH
2026-01-06 10:37:37+00:00,2026-01-06 10:45:58.616886+00:00,457.0,3226.581,3226.46,3226.73,ETH
2026-01-06 10:37:38+00:00,2026-01-06 10:45:59.619155+00:00,458.0,3226.671,3226.63,3226.77,ETH
2026-01-06 10:37:39+00:00,2026-01-06 10:46:00.640211+00:00,459.0,3226.701,3226.61,3226.77,ETH
2026-01-06 10:37:40+00:00,2026-01-06 10:46:01.640212+00:00,460.0,3226.761,3226.61,3226.81,ETH
2026-01-06 10:37:41+00:00,2026-01-06 10:46:02.650470+00:00,461.0,3226.761,3226.61,3226.81,ETH
2026-01-06 10:37:42+00:00,2026-01-06 10:46:03.641447+00:00,462.0,3226.761,3226.61,3226.87,ETH
2026-01-06 10:37:43+00:00,2026-01-06 10:46:04.647975+00:00,463.0,3226.761,3226.61,3226.97,ETH
2026-01-06 10:37:44+00:00,2026-01-06 10:46:05.647253+00:00,464.0,3226.761,3226.59,3226.83,ETH
2026-01-06 10:37:45+00:00,2026-01-06 10:46:06.693405+00:00,465.0,3226.801,3226.62,3226.86,ETH
2026-01-06 10:37:46+00:00,2026-01-06 10:46:07.694479+00:00,466.0,3226.831,3226.64,3226.87,ETH
2026-01-06 10:37:47+00:00,2026-01-06 10:46:08.690243+00:00,467.0,3226.831,3226.67,3226.92,ETH
2026-01-06 10:37:48+00:00,2026-01-06 10:46:09.720233+00:00,468.0,3226.851,3226.7,3227.01,ETH
2026-01-06 10:37:49+00:00,2026-01-06 10:46:10.708346+00:00,469.0,3226.861,3226.7,3227.05,ETH
2026-01-06 10:37:50+00:00,2026-01-06 10:46:11.702086+00:00,470.0,3226.861,3226.7,3227.0,ETH
2026-01-06 10:37:51+00:00,2026-01-06 10:46:12.695237+00:00,471.0,3226.861,3226.7,3226.92,ETH
2026-01-06 10:37:52+00:00,2026-01-06 10:46:13.695762+00:00,472.0,3226.861,3226.7,3226.9,ETH
2026-01-06 10:37:53+00:00,2026-01-06 10:46:14.700193+00:00,473.0,3226.861,3226.7,3226.98,ETH
2026-01-06 10:37:54+00:00,2026-01-06 10:46:15.706372+00:00,474.0,3226.861,3226.72,3227.05,ETH
2026-01-06 10:37:55+00:00,2026-01-06 10:46:16.709032+00:00,475.0,3226.861,3226.73,3226.99,ETH
2026-01-06 10:37:56+00:00,2026-01-06 10:46:17.718558+00:00,476.0,3226.861,3226.73,3226.92,ETH
2026-01-06 10:37:57+00:00,2026-01-06 10:46:18.721616+00:00,477.0,3226.831,3226.74,3226.99,ETH
2026-01-06 10:37:58+00:00,2026-01-06 10:46:19.730849+00:00,478.0,3226.811,3226.73,3227.06,ETH
2026-01-06 10:37:59+00:00,2026-01-06 10:46:20.747355+00:00,479.0,3226.831,3226.73,3227.06,ETH
2026-01-06 10:38:00+00:00,2026-01-06 10:46:21.747619+00:00,480.0,3226.861,3226.74,3227.07,ETH
2026-01-06 10:38:01+00:00,2026-01-06 10:46:22.762128+00:00,481.0,3226.871,3226.72,3227.0,ETH
2026-01-06 10:38:02+00:00,2026-01-06 10:46:23.764214+00:00,482.0,3226.891,3226.71,3226.96,ETH
2026-01-06 10:38:03+00:00,2026-01-06 10:46:24.761087+00:00,483.0,3226.911,3226.73,3227.01,ETH
2026-01-06 10:38:04+00:00,2026-01-06 10:46:25.816163+00:00,484.0,3226.871,3226.73,3226.97,ETH
2026-01-06 10:38:05+00:00,2026-01-06 10:46:26.816226+00:00,485.0,3226.841,3226.73,3226.92,ETH
2026-01-06 10:38:06+00:00,2026-01-06 10:46:27.818352+00:00,486.0,3226.891,3226.73,3226.96,ETH
2026-01-06 10:38:07+00:00,2026-01-06 10:46:28.818347+00:00,487.0,3226.911,3226.73,3226.98,ETH
2026-01-06 10:38:08+00:00,2026-01-06 10:46:29.813626+00:00,488.0,3226.911,3226.73,3226.97,ETH
2026-01-06 10:38:09+00:00,2026-01-06 10:46:30.824866+00:00,489.0,3226.911,3226.73,3226.96,ETH
2026-01-06 10:38:10+00:00,2026-01-06 10:46:31.834362+00:00,490.0,3226.911,3226.73,3226.97,ETH
2026-01-06 10:38:11+00:00,2026-01-06 10:46:32.833473+00:00,491.0,3226.911,3226.73,3227.02,ETH
2026-01-06 10:38:12+00:00,2026-01-06 10:46:33.840046+00:00,492.0,3226.911,3226.72,3227.07,ETH
2026-01-06 10:38:13+00:00,2026-01-06 10:46:34.851195+00:00,493.0,3226.891,3226.73,3227.06,ETH
2026-01-06 10:38:14+00:00,2026-01-06 10:46:35.860572+00:00,494.0,3226.851,3226.74,3227.07,ETH
2026-01-06 10:38:15+00:00,2026-01-06 10:46:36.861015+00:00,495.0,3226.891,3226.74,3227.09,ETH
2026-01-06 10:38:16+00:00,2026-01-06 10:46:37.864460+00:00,496.0,3226.931,3226.74,3227.07,ETH
2026-01-06 10:38:17+00:00,2026-01-06 10:46:38.866870+00:00,497.0,3226.861,3226.7,3226.99,ETH
2026-01-06 10:38:18+00:00,2026-01-06 10:46:39.868042+00:00,498.0,3226.771,3226.7,3226.93,ETH
2026-01-06 10:38:19+00:00,2026-01-06 10:46:40.861235+00:00,499.0,3226.781,3226.73,3226.94,ETH
2026-01-06 10:38:20+00:00,2026-01-06 10:46:41.878746+00:00,500.0,3226.821,3226.73,3226.94,ETH
2026-01-06 10:38:21+00:00,2026-01-06 10:46:42.884126+00:00,501.0,3226.841,3226.74,3226.92,ETH
2026-01-06 10:38:22+00:00,2026-01-06 10:46:43.901006+00:00,502.0,3226.831,3226.73,3226.94,ETH
2026-01-06 10:38:23+00:00,2026-01-06 10:46:44.917810+00:00,503.0,3226.841,3226.73,3226.95,ETH
2026-01-06 10:38:24+00:00,2026-01-06 10:46:45.929465+00:00,504.0,3226.841,3226.73,3226.95,ETH
2026-01-06 10:38:25+00:00,2026-01-06 10:46:46.928967+00:00,505.0,3226.811,3226.73,3226.93,ETH
2026-01-06 10:38:26+00:00,2026-01-06 10:46:47.928259+00:00,506.0,3226.791,3226.74,3226.91,ETH
2026-01-06 10:38:27+00:00,2026-01-06 10:46:48.929701+00:00,507.0,3226.811,3226.74,3226.93,ETH
2026-01-06 10:38:28+00:00,2026-01-06 10:46:49.925842+00:00,508.0,3226.831,3226.75,3226.95,ETH
2026-01-06 10:38:29+00:00,2026-01-06 10:46:50.928806+00:00,509.0,3226.831,3226.75,3226.95,ETH
2026-01-06 10:38:30+00:00,2026-01-06 10:46:51.913479+00:00,510.0,3226.831,3226.75,3226.95,ETH
2026-01-06 10:38:31+00:00,2026-01-06 10:46:52.918216+00:00,511.0,3226.831,3226.75,3226.95,ETH
2026-01-06 10:38:32+00:00,2026-01-06 10:46:53.926644+00:00,512.0,3226.831,3226.75,3226.94,ETH
2026-01-06 10:38:33+00:00,2026-01-06 10:46:54.930539+00:00,513.0,3226.831,3226.74,3226.99,ETH
2026-01-06 10:38:34+00:00,2026-01-06 10:46:55.948699+00:00,514.0,3226.831,3226.73,3226.97,ETH
2026-01-06 10:38:35+00:00,2026-01-06 10:46:56.949996+00:00,515.0,3226.831,3226.73,3226.97,ETH
2026-01-06 10:38:36+00:00,2026-01-06 10:46:57.972511+00:00,516.0,3226.831,3226.73,3227.01,ETH
2026-01-06 10:38:37+00:00,2026-01-06 10:46:58.963173+00:00,517.0,3226.831,3226.73,3227.07,ETH
2026-01-06 10:38:38+00:00,2026-01-06 10:46:59.979061+00:00,518.0,3226.831,3226.73,3227.07,ETH
2026-01-06 10:38:39+00:00,2026-01-06 10:47:00.981771+00:00,519.0,3226.921,3226.73,3226.96,ETH
2026-01-06 10:38:40+00:00,2026-01-06 10:47:01.980642+00:00,520.0,3226.901,3226.75,3226.96,ETH
2026-01-06 10:38:41+00:00,2026-01-06 10:47:02.993644+00:00,521.0,3226.901,3226.75,3227.0,ETH
2026-01-06 10:38:42+00:00,2026-01-06 10:47:04.025554+00:00,522.0,3226.931,3226.75,3226.98,ETH
2026-01-06 10:38:43+00:00,2026-01-06 10:47:05.017075+00:00,523.0,3226.901,3226.75,3227.04,ETH
2026-01-06 10:38:44+00:00,2026-01-06 10:47:06.012685+00:00,524.0,3226.901,3226.75,3227.13,ETH
2026-01-06 10:38:45+00:00,2026-01-06 10:47:07.012404+00:00,525.0,3226.901,3226.75,3227.06,ETH
2026-01-06 10:38:46+00:00,2026-01-06 10:47:08.028119+00:00,526.0,3226.901,3226.75,3227.06,ETH
2026-01-06 10:38:47+00:00,2026-01-06 10:47:09.031373+00:00,527.0,3226.921,3226.78,3227.08,ETH
2026-01-06 10:38:48+00:00,2026-01-06 10:47:10.046917+00:00,528.0,3226.921,3226.82,3227.1,ETH
2026-01-06 10:38:49+00:00,2026-01-06 10:47:11.046876+00:00,529.0,3226.941,3226.82,3227.14,ETH
2026-01-06 10:38:50+00:00,2026-01-06 10:47:12.055105+00:00,530.0,3226.941,3226.83,3227.14,ETH
2026-01-06 10:38:51+00:00,2026-01-06 10:47:13.039622+00:00,531.0,3226.941,3226.83,3227.22,ETH
2026-01-06 10:38:52+00:00,2026-01-06 10:47:15.051344+00:00,532.0,3226.941,3226.83,3227.21,ETH
2026-01-06 10:38:53+00:00,2026-01-06 10:47:16.059086+00:00,533.0,3226.941,3226.83,3227.18,ETH
2026-01-06 10:38:54+00:00,2026-01-06 10:47:17.057540+00:00,534.0,3226.941,3226.83,3227.16,ETH
2026-01-06 10:38:55+00:00,2026-01-06 10:47:18.074950+00:00,535.0,3226.941,3226.83,3227.17,ETH
2026-01-06 10:38:56+00:00,2026-01-06 10:47:19.079393+00:00,536.0,3226.941,3226.84,3227.22,ETH
2026-01-06 10:38:57+00:00,2026-01-06 10:47:20.077442+00:00,537.0,3226.951,3226.84,3227.2,ETH
2026-01-06 10:38:58+00:00,2026-01-06 10:47:21.076947+00:00,538.0,3227.001,3226.84,3227.14,ETH
2026-01-06 10:38:59+00:00,2026-01-06 10:47:22.097294+00:00,539.0,3227.061,3226.84,3227.13,ETH
2026-01-06 10:39:00+00:00,2026-01-06 10:47:23.105192+00:00,540.0,3227.061,3226.84,3227.13,ETH
2026-01-06 10:39:01+00:00,2026-01-06 10:47:24.113456+00:00,541.0,3227.061,3226.84,3227.18,ETH
2026-01-06 10:39:02+00:00,2026-01-06 10:47:25.131961+00:00,542.0,3227.061,3226.83,3227.2,ETH
2026-01-06 10:39:03+00:00,2026-01-06 10:47:26.125296+00:00,543.0,3227.061,3226.83,3227.21,ETH
2026-01-06 10:39:04+00:00,2026-01-06 10:47:27.142126+00:00,544.0,3227.061,3226.84,3227.24,ETH
2026-01-06 10:39:05+00:00,2026-01-06 10:47:28.146803+00:00,545.0,3227.071,3226.86,3227.26,ETH
2026-01-06 10:39:06+00:00,2026-01-06 10:47:29.165625+00:00,546.0,3227.081,3226.86,3227.27,ETH
2026-01-06 10:39:08+00:00,2026-01-06 10:47:30.195200+00:00,548.0,3227.091,3226.86,3227.26,ETH
2026-01-06 10:39:09+00:00,2026-01-06 10:47:31.212138+00:00,549.0,3227.091,3226.85,3227.27,ETH
2026-01-06 10:39:10+00:00,2026-01-06 10:47:32.218364+00:00,550.0,3227.101,3226.85,3227.28,ETH
2026-01-06 10:39:11+00:00,2026-01-06 10:47:33.211934+00:00,551.0,3227.101,3226.85,3227.3,ETH
2026-01-06 10:39:12+00:00,2026-01-06 10:47:34.221139+00:00,552.0,3227.101,3226.84,3227.33,ETH
2026-01-06 10:39:13+00:00,2026-01-06 10:47:35.222472+00:00,553.0,3227.101,3226.84,3227.31,ETH
2026-01-06 10:39:14+00:00,2026-01-06 10:47:36.232360+00:00,554.0,3227.101,3226.84,3227.33,ETH
2026-01-06 10:39:15+00:00,2026-01-06 10:47:37.244910+00:00,555.0,3227.151,3226.89,3227.35,ETH
2026-01-06 10:39:16+00:00,2026-01-06 10:47:39.272798+00:00,556.0,3227.161,3226.92,3227.34,ETH
2026-01-06 10:39:17+00:00,2026-01-06 10:47:40.271996+00:00,557.0,3227.131,3226.92,3227.34,ETH
2026-01-06 10:39:18+00:00,2026-01-06 10:47:41.263293+00:00,558.0,3227.111,3226.93,3227.36,ETH
2026-01-06 10:39:19+00:00,2026-01-06 10:47:42.278647+00:00,559.0,3227.181,3226.99,3227.41,ETH
2026-01-06 10:39:20+00:00,2026-01-06 10:47:43.299197+00:00,560.0,3227.251,3227.04,3227.46,ETH
2026-01-06 10:39:21+00:00,2026-01-06 10:47:44.291884+00:00,561.0,3227.261,3227.05,3227.41,ETH
2026-01-06 10:39:22+00:00,2026-01-06 10:47:45.291702+00:00,562.0,3227.261,3227.06,3227.43,ETH
2026-01-06 10:39:23+00:00,2026-01-06 10:47:46.313723+00:00,563.0,3227.261,3227.07,3227.43,ETH
2026-01-06 10:39:24+00:00,2026-01-06 10:47:47.310885+00:00,564.0,3227.261,3227.08,3227.4,ETH
2026-01-06 10:39:25+00:00,2026-01-06 10:47:48.323872+00:00,565.0,3227.261,3227.08,3227.45,ETH
2026-01-06 10:39:26+00:00,2026-01-06 10:47:49.332314+00:00,566.0,3227.261,3227.08,3227.4,ETH
2026-01-06 10:39:27+00:00,2026-01-06 10:47:50.343942+00:00,567.0,3227.261,3227.07,3227.36,ETH
2026-01-06 10:39:28+00:00,2026-01-06 10:47:51.350141+00:00,568.0,3227.261,3227.08,3227.38,ETH
2026-01-06 10:39:29+00:00,2026-01-06 10:47:52.367134+00:00,569.0,3227.261,3227.08,3227.43,ETH
2026-01-06 10:39:30+00:00,2026-01-06 10:47:53.360872+00:00,570.0,3227.201,3227.07,3227.47,ETH
2026-01-06 10:39:31+00:00,2026-01-06 10:47:54.361242+00:00,571.0,3227.141,3227.06,3227.45,ETH
2026-01-06 10:39:32+00:00,2026-01-06 10:47:55.381827+00:00,572.0,3227.141,3227.06,3227.45,ETH
2026-01-06 10:39:33+00:00,2026-01-06 10:47:56.378170+00:00,573.0,3227.141,3227.06,3227.46,ETH
2026-01-06 10:39:34+00:00,2026-01-06 10:47:57.380513+00:00,574.0,3227.201,3227.11,3227.42,ETH
2026-01-06 10:39:35+00:00,2026-01-06 10:47:58.393191+00:00,575.0,3227.261,3227.16,3227.37,ETH
2026-01-06 10:39:36+00:00,2026-01-06 10:47:59.404021+00:00,576.0,3227.261,3227.16,3227.4,ETH
2026-01-06 10:39:37+00:00,2026-01-06 10:48:00.412271+00:00,577.0,3227.261,3227.16,3227.4,ETH
2026-01-06 10:39:38+00:00,2026-01-06 10:48:01.411985+00:00,578.0,3227.261,3227.16,3227.36,ETH
2026-01-06 10:39:39+00:00,2026-01-06 10:48:02.415078+00:00,579.0,3227.261,3227.16,3227.35,ETH
2026-01-06 10:39:40+00:00,2026-01-06 10:48:03.422985+00:00,580.0,3227.261,3227.16,3227.34,ETH
2026-01-06 10:39:41+00:00,2026-01-06 10:48:04.424833+00:00,581.0,3227.261,3227.16,3227.35,ETH
2026-01-06 10:39:42+00:00,2026-01-06 10:48:05.430916+00:00,582.0,3227.261,3227.16,3227.46,ETH
2026-01-06 10:39:43+00:00,2026-01-06 10:48:06.431511+00:00,583.0,3227.261,3227.16,3227.38,ETH
2026-01-06 10:39:44+00:00,2026-01-06 10:48:07.429737+00:00,584.0,3227.261,3227.16,3227.45,ETH
2026-01-06 10:39:45+00:00,2026-01-06 10:48:08.427983+00:00,585.0,3227.281,3227.1,3227.33,ETH
2026-01-06 10:39:46+00:00,2026-01-06 10:48:09.443096+00:00,586.0,3227.301,3227.14,3227.46,ETH
2026-01-06 10:39:47+00:00,2026-01-06 10:48:10.443955+00:00,587.0,3227.381,3227.16,3227.57,ETH
2026-01-06 10:39:48+00:00,2026-01-06 10:48:11.447629+00:00,588.0,3227.391,3227.24,3227.5,ETH
2026-01-06 10:39:49+00:00,2026-01-06 10:48:12.444396+00:00,589.0,3227.391,3227.23,3227.51,ETH
2026-01-06 10:39:50+00:00,2026-01-06 10:48:13.446514+00:00,590.0,3227.391,3227.24,3227.52,ETH
2026-01-06 10:39:51+00:00,2026-01-06 10:48:14.482190+00:00,591.0,3227.431,3227.23,3227.49,ETH
2026-01-06 10:39:52+00:00,2026-01-06 10:48:15.482700+00:00,592.0,3227.431,3227.24,3227.49,ETH
2026-01-06 10:39:53+00:00,2026-01-06 10:48:16.473628+00:00,593.0,3227.441,3227.26,3227.52,ETH
2026-01-06 10:39:54+00:00,2026-01-06 10:48:17.476095+00:00,594.0,3227.441,3227.26,3227.52,ETH
2026-01-06 10:39:55+00:00,2026-01-06 10:48:18.457671+00:00,595.0,3227.491,3227.26,3227.74,ETH
2026-01-06 10:39:56+00:00,2026-01-06 10:48:19.475360+00:00,596.0,3227.471,3227.26,3227.61,ETH
2026-01-06 10:39:57+00:00,2026-01-06 10:48:20.463372+00:00,597.0,3227.471,3227.26,3227.7,ETH
2026-01-06 10:39:58+00:00,2026-01-06 10:48:21.488145+00:00,598.0,3227.501,3227.26,3227.7,ETH
2026-01-06 10:39:59+00:00,2026-01-06 10:48:22.492093+00:00,599.0,3227.551,3227.31,3227.7,ETH
2026-01-06 10:40:00+00:00,2026-01-06 10:48:23.492211+00:00,600.0,3227.541,3227.31,3227.62,ETH
2026-01-06 10:40:01+00:00,2026-01-06 10:48:24.494126+00:00,601.0,3227.531,3227.32,3227.69,ETH
2026-01-06 10:40:02+00:00,2026-01-06 10:48:25.489420+00:00,602.0,3227.531,3227.32,3227.68,ETH
2026-01-06 10:40:03+00:00,2026-01-06 10:48:26.497987+00:00,603.0,3227.541,3227.32,3227.64,ETH
2026-01-06 10:40:04+00:00,2026-01-06 10:48:27.506985+00:00,604.0,3227.541,3227.32,3227.63,ETH
2026-01-06 10:40:05+00:00,2026-01-06 10:48:29.507943+00:00,605.0,3227.541,3227.32,3227.64,ETH
2026-01-06 10:40:06+00:00,2026-01-06 10:48:30.512163+00:00,606.0,3227.541,3227.32,3227.65,ETH
2026-01-06 10:40:07+00:00,2026-01-06 10:48:31.514572+00:00,607.0,3227.541,3227.32,3227.64,ETH
2026-01-06 10:40:08+00:00,2026-01-06 10:48:32.511090+00:00,608.0,3227.541,3227.32,3227.63,ETH
2026-01-06 10:40:09+00:00,2026-01-06 10:48:33.510259+00:00,609.0,3227.541,3227.32,3227.65,ETH
2026-01-06 10:40:10+00:00,2026-01-06 10:48:34.521612+00:00,610.0,3227.541,3227.32,3227.67,ETH
2026-01-06 10:40:11+00:00,2026-01-06 10:48:35.523388+00:00,611.0,3227.561,3227.34,3227.69,ETH
2026-01-06 10:40:12+00:00,2026-01-06 10:48:36.525161+00:00,612.0,3227.571,3227.36,3227.7,ETH
2026-01-06 10:40:13+00:00,2026-01-06 10:48:37.542157+00:00,613.0,3227.561,3227.36,3227.7,ETH
2026-01-06 10:40:14+00:00,2026-01-06 10:48:38.546675+00:00,614.0,3227.581,3227.37,3227.73,ETH
2026-01-06 10:40:15+00:00,2026-01-06 10:48:39.550785+00:00,615.0,3227.611,3227.39,3227.77,ETH
2026-01-06 10:40:16+00:00,2026-01-06 10:48:40.550752+00:00,616.0,3227.621,3227.41,3227.77,ETH
2026-01-06 10:40:17+00:00,2026-01-06 10:48:41.558174+00:00,617.0,3227.601,3227.41,3227.79,ETH
2026-01-06 10:40:18+00:00,2026-01-06 10:48:42.570380+00:00,618.0,3227.601,3227.42,3227.81,ETH
2026-01-06 10:40:19+00:00,2026-01-06 10:48:43.554136+00:00,619.0,3227.601,3227.43,3227.81,ETH
2026-01-06 10:40:20+00:00,2026-01-06 10:48:44.557269+00:00,620.0,3227.581,3227.42,3227.81,ETH
2026-01-06 10:40:21+00:00,2026-01-06 10:48:45.576941+00:00,621.0,3227.601,3227.42,3227.81,ETH
2026-01-06 10:40:22+00:00,2026-01-06 10:48:46.590797+00:00,622.0,3227.621,3227.43,3227.81,ETH
2026-01-06 10:40:23+00:00,2026-01-06 10:48:47.610408+00:00,623.0,3227.631,3227.44,3227.82,ETH
2026-01-06 10:40:24+00:00,2026-01-06 10:48:48.621345+00:00,624.0,3227.631,3227.43,3227.79,ETH
2026-01-06 10:40:25+00:00,2026-01-06 10:48:49.619522+00:00,625.0,3227.631,3227.42,3227.79,ETH
2026-01-06 10:40:27+00:00,2026-01-06 10:48:50.670330+00:00,627.0,3227.631,3227.42,3227.83,ETH
2026-01-06 10:40:28+00:00,2026-01-06 10:48:51.659668+00:00,628.0,3227.641,3227.42,3227.79,ETH
2026-01-06 10:40:29+00:00,2026-01-06 10:48:53.645498+00:00,629.0,3227.641,3227.42,3227.85,ETH
2026-01-06 10:40:30+00:00,2026-01-06 10:48:54.643081+00:00,630.0,3227.631,3227.42,3227.81,ETH
2026-01-06 10:40:31+00:00,2026-01-06 10:48:55.640639+00:00,631.0,3227.631,3227.42,3227.78,ETH
2026-01-06 10:40:32+00:00,2026-01-06 10:48:56.644326+00:00,632.0,3227.631,3227.42,3227.77,ETH
2026-01-06 10:40:33+00:00,2026-01-06 10:48:57.637988+00:00,633.0,3227.631,3227.42,3227.76,ETH
2026-01-06 10:40:34+00:00,2026-01-06 10:48:58.643881+00:00,634.0,3227.631,3227.42,3227.76,ETH
2026-01-06 10:40:35+00:00,2026-01-06 10:48:59.660717+00:00,635.0,3227.631,3227.41,3227.76,ETH
2026-01-06 10:40:36+00:00,2026-01-06 10:49:00.671187+00:00,636.0,3227.631,3227.41,3227.79,ETH
2026-01-06 10:40:37+00:00,2026-01-06 10:49:01.671343+00:00,637.0,3227.631,3227.41,3227.83,ETH
2026-01-06 10:40:38+00:00,2026-01-06 10:49:02.673023+00:00,638.0,3227.631,3227.41,3227.83,ETH
2026-01-06 10:40:39+00:00,2026-01-06 10:49:03.696515+00:00,639.0,3227.631,3227.41,3227.82,ETH
2026-01-06 10:40:40+00:00,2026-01-06 10:49:04.700197+00:00,640.0,3227.631,3227.41,3227.82,ETH
2026-01-06 10:40:41+00:00,2026-01-06 10:49:05.709117+00:00,641.0,3227.631,3227.41,3227.82,ETH
2026-01-06 10:40:43+00:00,2026-01-06 10:49:06.736766+00:00,643.0,3227.621,3227.38,3227.82,ETH
2026-01-06 10:40:44+00:00,2026-01-06 10:49:07.750527+00:00,644.0,3227.621,3227.38,3227.82,ETH
2026-01-06 10:40:45+00:00,2026-01-06 10:49:08.750309+00:00,645.0,3227.621,3227.38,3227.8,ETH
2026-01-06 10:40:46+00:00,2026-01-06 10:49:09.763040+00:00,646.0,3227.621,3227.38,3227.8,ETH
2026-01-06 10:40:47+00:00,2026-01-06 10:49:10.754150+00:00,647.0,3227.621,3227.38,3227.83,ETH
2026-01-06 10:40:48+00:00,2026-01-06 10:49:11.772307+00:00,648.0,3227.621,3227.38,3227.8,ETH
2026-01-06 10:40:49+00:00,2026-01-06 10:49:12.760278+00:00,649.0,3227.621,3227.38,3227.8,ETH
2026-01-06 10:40:50+00:00,2026-01-06 10:49:13.748998+00:00,650.0,3227.621,3227.38,3227.8,ETH
2026-01-06 10:40:51+00:00,2026-01-06 10:49:14.773354+00:00,651.0,3227.621,3227.38,3227.8,ETH
2026-01-06 10:40:52+00:00,2026-01-06 10:49:15.769187+00:00,652.0,3227.621,3227.38,3227.78,ETH
2026-01-06 10:40:53+00:00,2026-01-06 10:49:16.778417+00:00,653.0,3227.551,3227.35,3227.77,ETH
2026-01-06 10:40:54+00:00,2026-01-06 10:49:18.805605+00:00,654.0,3227.551,3227.35,3227.77,ETH
2026-01-06 10:40:55+00:00,2026-01-06 10:49:19.813387+00:00,655.0,3227.551,3227.36,3227.72,ETH
2026-01-06 10:40:56+00:00,2026-01-06 10:49:20.817242+00:00,656.0,3227.561,3227.37,3227.72,ETH
2026-01-06 10:40:57+00:00,2026-01-06 10:49:21.821933+00:00,657.0,3227.571,3227.39,3227.76,ETH
2026-01-06 10:40:58+00:00,2026-01-06 10:49:22.829326+00:00,658.0,3227.571,3227.38,3227.78,ETH
2026-01-06 10:40:59+00:00,2026-01-06 10:49:23.826761+00:00,659.0,3227.571,3227.38,3227.78,ETH
2026-01-06 10:41:00+00:00,2026-01-06 10:49:24.822540+00:00,660.0,3227.571,3227.38,3227.71,ETH
2026-01-06 10:41:01+00:00,2026-01-06 10:49:25.836986+00:00,661.0,3227.571,3227.37,3227.68,ETH
2026-01-06 10:41:02+00:00,2026-01-06 10:49:26.842194+00:00,662.0,3227.571,3227.37,3227.7,ETH
2026-01-06 10:41:03+00:00,2026-01-06 10:49:27.840666+00:00,663.0,3227.571,3227.37,3227.7,ETH
2026-01-06 10:41:04+00:00,2026-01-06 10:49:28.856436+00:00,664.0,3227.571,3227.37,3227.66,ETH
2026-01-06 10:41:05+00:00,2026-01-06 10:49:29.860763+00:00,665.0,3227.571,3227.37,3227.6,ETH
2026-01-06 10:41:06+00:00,2026-01-06 10:49:30.850643+00:00,666.0,3227.571,3227.35,3227.63,ETH
2026-01-06 10:41:07+00:00,2026-01-06 10:49:31.862520+00:00,667.0,3227.571,3227.35,3227.66,ETH
2026-01-06 10:41:08+00:00,2026-01-06 10:49:32.860850+00:00,668.0,3227.571,3227.35,3227.67,ETH
2026-01-06 10:41:09+00:00,2026-01-06 10:49:33.871609+00:00,669.0,3227.571,3227.35,3227.71,ETH
2026-01-06 10:41:10+00:00,2026-01-06 10:49:34.876399+00:00,670.0,3227.571,3227.35,3227.72,ETH
2026-01-06 10:41:11+00:00,2026-01-06 10:49:35.891733+00:00,671.0,3227.581,3227.36,3227.68,ETH
2026-01-06 10:41:12+00:00,2026-01-06 10:49:36.905279+00:00,672.0,3227.581,3227.36,3227.64,ETH
2026-01-06 10:41:13+00:00,2026-01-06 10:49:37.928061+00:00,673.0,3227.591,3227.36,3227.69,ETH
2026-01-06 10:41:14+00:00,2026-01-06 10:49:38.907920+00:00,674.0,3227.591,3227.37,3227.74,ETH
2026-01-06 10:41:15+00:00,2026-01-06 10:49:39.908791+00:00,675.0,3227.601,3227.38,3227.73,ETH
2026-01-06 10:41:16+00:00,2026-01-06 10:49:40.907681+00:00,676.0,3227.601,3227.38,3227.69,ETH
2026-01-06 10:41:17+00:00,2026-01-06 10:49:41.918620+00:00,677.0,3227.591,3227.38,3227.66,ETH
2026-01-06 10:41:18+00:00,2026-01-06 10:49:42.919854+00:00,678.0,3227.591,3227.38,3227.67,ETH
2026-01-06 10:41:19+00:00,2026-01-06 10:49:43.919637+00:00,679.0,3227.591,3227.38,3227.69,ETH
2026-01-06 10:41:20+00:00,2026-01-06 10:49:44.922243+00:00,680.0,3227.591,3227.38,3227.71,ETH
2026-01-06 10:41:21+00:00,2026-01-06 10:49:45.921565+00:00,681.0,3227.591,3227.37,3227.73,ETH
2026-01-06 10:41:22+00:00,2026-01-06 10:49:46.926985+00:00,682.0,3227.591,3227.38,3227.69,ETH
2026-01-06 10:41:23+00:00,2026-01-06 10:49:47.938750+00:00,683.0,3227.591,3227.39,3227.68,ETH
2026-01-06 10:41:24+00:00,2026-01-06 10:49:48.953547+00:00,684.0,3227.631,3227.48,3227.84,ETH
2026-01-06 10:41:25+00:00,2026-01-06 10:49:49.970409+00:00,685.0,3227.671,3227.49,3227.85,ETH
2026-01-06 10:41:26+00:00,2026-01-06 10:49:50.983113+00:00,686.0,3227.661,3227.49,3227.83,ETH
2026-01-06 10:41:27+00:00,2026-01-06 10:49:51.985886+00:00,687.0,3227.661,3227.49,3227.9,ETH
2026-01-06 10:41:28+00:00,2026-01-06 10:49:52.987847+00:00,688.0,3227.601,3227.49,3227.85,ETH
2026-01-06 10:41:29+00:00,2026-01-06 10:49:53.986397+00:00,689.0,3227.651,3227.48,3227.91,ETH
2026-01-06 10:41:30+00:00,2026-01-06 10:49:54.993300+00:00,690.0,3227.711,3227.46,3227.95,ETH
2026-01-06 10:41:31+00:00,2026-01-06 10:49:56.008142+00:00,691.0,3227.711,3227.46,3227.96,ETH
2026-01-06 10:41:32+00:00,2026-01-06 10:49:57.043047+00:00,692.0,3227.711,3227.46,3227.96,ETH
2026-01-06 10:41:33+00:00,2026-01-06 10:49:58.058048+00:00,693.0,3227.741,3227.5,3227.93,ETH
2026-01-06 10:41:34+00:00,2026-01-06 10:49:59.072888+00:00,694.0,3227.741,3227.5,3227.91,ETH
2026-01-06 10:41:35+00:00,2026-01-06 10:50:00.093737+00:00,695.0,3227.741,3227.5,3227.93,ETH
2026-01-06 10:41:36+00:00,2026-01-06 10:50:01.106397+00:00,696.0,3227.741,3227.5,3227.92,ETH
2026-01-06 10:41:37+00:00,2026-01-06 10:50:02.119939+00:00,697.0,3227.741,3227.5,3227.9,ETH
2026-01-06 10:41:38+00:00,2026-01-06 10:50:03.135887+00:00,698.0,3227.741,3227.5,3227.92,ETH
2026-01-06 10:41:39+00:00,2026-01-06 10:50:04.152908+00:00,699.0,3227.741,3227.5,3227.98,ETH
2026-01-06 10:41:40+00:00,2026-01-06 10:50:05.208427+00:00,700.0,3227.741,3227.5,3227.9,ETH
2026-01-06 10:41:41+00:00,2026-01-06 10:50:06.223716+00:00,701.0,3227.741,3227.5,3227.83,ETH
2026-01-06 10:41:42+00:00,2026-01-06 10:50:07.170884+00:00,702.0,3227.741,3227.5,3227.83,ETH
2026-01-06 10:41:43+00:00,2026-01-06 10:50:08.167824+00:00,703.0,3227.741,3227.5,3227.84,ETH
2026-01-06 10:41:44+00:00,2026-01-06 10:50:09.173088+00:00,704.0,3227.741,3227.5,3227.98,ETH
2026-01-06 10:41:45+00:00,2026-01-06 10:50:10.192395+00:00,705.0,3227.751,3227.52,3227.97,ETH
2026-01-06 10:41:46+00:00,2026-01-06 10:50:11.202768+00:00,706.0,3227.751,3227.52,3227.97,ETH
2026-01-06 10:41:47+00:00,2026-01-06 10:50:12.217263+00:00,707.0,3227.751,3227.52,3227.84,ETH
2026-01-06 10:41:48+00:00,2026-01-06 10:50:13.217358+00:00,708.0,3227.751,3227.52,3227.86,ETH
2026-01-06 10:41:49+00:00,2026-01-06 10:50:14.220704+00:00,709.0,3227.531,3227.51,3227.69,ETH
2026-01-06 10:41:50+00:00,2026-01-06 10:50:15.234461+00:00,710.0,3227.571,3227.5,3227.9,ETH
2026-01-06 10:41:51+00:00,2026-01-06 10:50:16.234078+00:00,711.0,3227.571,3227.51,3227.62,ETH
2026-01-06 10:41:52+00:00,2026-01-06 10:50:17.236237+00:00,712.0,3227.571,3227.51,3227.65,ETH
2026-01-06 10:41:53+00:00,2026-01-06 10:50:18.233518+00:00,713.0,3227.571,3227.51,3227.63,ETH
2026-01-06 10:41:54+00:00,2026-01-06 10:50:19.255408+00:00,714.0,3227.551,3227.51,3227.65,ETH
2026-01-06 10:41:55+00:00,2026-01-06 10:50:20.268766+00:00,715.0,3227.551,3227.5,3227.67,ETH
2026-01-06 10:41:56+00:00,2026-01-06 10:50:21.285594+00:00,716.0,3227.571,3227.5,3227.67,ETH
2026-01-06 10:41:57+00:00,2026-01-06 10:50:22.317710+00:00,717.0,3227.461,3227.38,3227.7,ETH
2026-01-06 10:41:58+00:00,2026-01-06 10:50:23.334410+00:00,718.0,3227.511,3227.44,3227.67,ETH
2026-01-06 10:41:59+00:00,2026-01-06 10:50:24.332662+00:00,719.0,3227.571,3227.5,3227.66,ETH
2026-01-06 10:42:00+00:00,2026-01-06 10:50:25.341620+00:00,720.0,3227.571,3227.5,3227.69,ETH
2026-01-06 10:42:01+00:00,2026-01-06 10:50:26.338953+00:00,721.0,3227.571,3227.5,3227.64,ETH
2026-01-06 10:42:02+00:00,2026-01-06 10:50:27.341699+00:00,722.0,3227.571,3227.5,3227.62,ETH
2026-01-06 10:42:03+00:00,2026-01-06 10:50:28.346803+00:00,723.0,3227.571,3227.5,3227.63,ETH
2026-01-06 10:42:04+00:00,2026-01-06 10:50:29.350666+00:00,724.0,3227.571,3227.5,3227.65,ETH
2026-01-06 10:42:05+00:00,2026-01-06 10:50:30.356575+00:00,725.0,3227.571,3227.5,3227.66,ETH
2026-01-06 10:42:06+00:00,2026-01-06 10:50:31.348236+00:00,726.0,3227.571,3227.5,3227.67,ETH
2026-01-06 10:42:07+00:00,2026-01-06 10:50:32.361259+00:00,727.0,3227.571,3227.5,3227.68,ETH
2026-01-06 10:42:08+00:00,2026-01-06 10:50:33.355961+00:00,728.0,3227.571,3227.5,3227.67,ETH
2026-01-06 10:42:09+00:00,2026-01-06 10:50:34.365628+00:00,729.0,3227.571,3227.47,3227.64,ETH
2026-01-06 10:42:10+00:00,2026-01-06 10:50:35.372880+00:00,730.0,3227.571,3227.47,3227.63,ETH
2026-01-06 10:42:11+00:00,2026-01-06 10:50:36.390665+00:00,731.0,3227.571,3227.46,3227.6,ETH
2026-01-06 10:42:12+00:00,2026-01-06 10:50:37.406081+00:00,732.0,3227.571,3227.47,3227.63,ETH
2026-01-06 10:42:13+00:00,2026-01-06 10:50:38.424223+00:00,733.0,3227.571,3227.47,3227.62,ETH
2026-01-06 10:42:14+00:00,2026-01-06 10:50:39.419523+00:00,734.0,3227.571,3227.47,3227.67,ETH
2026-01-06 10:42:15+00:00,2026-01-06 10:50:40.437009+00:00,735.0,3227.571,3227.47,3227.62,ETH
2026-01-06 10:42:16+00:00,2026-01-06 10:50:41.440528+00:00,736.0,3227.571,3227.47,3227.71,ETH
2026-01-06 10:42:17+00:00,2026-01-06 10:50:42.436587+00:00,737.0,3227.571,3227.47,3227.71,ETH
2026-01-06 10:42:18+00:00,2026-01-06 10:50:43.445246+00:00,738.0,3227.571,3227.46,3227.71,ETH
2026-01-06 10:42:19+00:00,2026-01-06 10:50:44.436644+00:00,739.0,3227.571,3227.46,3227.69,ETH
2026-01-06 10:42:20+00:00,2026-01-06 10:50:45.451759+00:00,740.0,3227.051,3226.94,3227.09,ETH
2026-01-06 10:42:21+00:00,2026-01-06 10:50:46.468215+00:00,741.0,3226.941,3226.84,3227.0,ETH
2026-01-06 10:42:22+00:00,2026-01-06 10:50:47.475585+00:00,742.0,3226.941,3226.83,3227.02,ETH
2026-01-06 10:42:23+00:00,2026-01-06 10:50:48.469850+00:00,743.0,3226.941,3226.83,3227.02,ETH
2026-01-06 10:42:24+00:00,2026-01-06 10:50:49.486859+00:00,744.0,3226.931,3226.83,3226.95,ETH
2026-01-06 10:42:25+00:00,2026-01-06 10:50:50.499810+00:00,745.0,3226.921,3226.82,3226.95,ETH
2026-01-06 10:42:26+00:00,2026-01-06 10:50:51.522720+00:00,746.0,3226.901,3226.82,3226.95,ETH
2026-01-06 10:42:27+00:00,2026-01-06 10:50:52.517538+00:00,747.0,3226.901,3226.82,3226.95,ETH
2026-01-06 10:42:28+00:00,2026-01-06 10:50:53.517715+00:00,748.0,3226.931,3226.84,3226.97,ETH
2026-01-06 10:42:29+00:00,2026-01-06 10:50:54.518519+00:00,749.0,3227.051,3226.92,3227.09,ETH
2026-01-06 10:42:30+00:00,2026-01-06 10:50:56.532592+00:00,750.0,3227.041,3226.92,3227.1,ETH
2026-01-06 10:42:31+00:00,2026-01-06 10:50:57.552325+00:00,751.0,3227.021,3226.92,3227.09,ETH
2026-01-06 10:42:32+00:00,2026-01-06 10:50:58.567678+00:00,752.0,3227.011,3226.92,3227.09,ETH
2026-01-06 10:42:33+00:00,2026-01-06 10:50:59.573300+00:00,753.0,3226.971,3226.92,3227.07,ETH
2026-01-06 10:42:34+00:00,2026-01-06 10:51:00.580510+00:00,754.0,3226.931,3226.89,3227.05,ETH
2026-01-06 10:42:35+00:00,2026-01-06 10:51:01.569219+00:00,755.0,3226.971,3226.86,3227.09,ETH
2026-01-06 10:42:36+00:00,2026-01-06 10:51:02.567462+00:00,756.0,3227.051,3226.89,3227.12,ETH
2026-01-06 10:42:37+00:00,2026-01-06 10:51:03.588389+00:00,757.0,3227.051,3226.92,3227.1,ETH
2026-01-06 10:42:38+00:00,2026-01-06 10:51:04.602383+00:00,758.0,3227.011,3226.92,3227.08,ETH
2026-01-06 10:42:39+00:00,2026-01-06 10:51:05.599139+00:00,759.0,3226.991,3226.91,3227.08,ETH
2026-01-06 10:42:40+00:00,2026-01-06 10:51:06.604284+00:00,760.0,3226.991,3226.91,3227.08,ETH
2026-01-06 10:42:41+00:00,2026-01-06 10:51:07.608803+00:00,761.0,3227.001,3226.91,3227.08,ETH
2026-01-06 10:42:42+00:00,2026-01-06 10:51:08.599170+00:00,762.0,3227.011,3226.91,3227.08,ETH
2026-01-06 10:42:43+00:00,2026-01-06 10:51:09.603513+00:00,763.0,3227.021,3226.91,3227.08,ETH
2026-01-06 10:42:44+00:00,2026-01-06 10:51:10.621905+00:00,764.0,3227.011,3226.91,3227.08,ETH
2026-01-06 10:42:45+00:00,2026-01-06 10:51:11.627006+00:00,765.0,3227.001,3226.91,3227.08,ETH
2026-01-06 10:42:46+00:00,2026-01-06 10:51:12.633256+00:00,766.0,3227.001,3226.92,3227.08,ETH
2026-01-06 10:42:47+00:00,2026-01-06 10:51:13.640439+00:00,767.0,3227.011,3226.92,3227.08,ETH
2026-01-06 10:42:48+00:00,2026-01-06 10:51:14.640083+00:00,768.0,3226.961,3226.9,3227.05,ETH
2026-01-06 10:42:49+00:00,2026-01-06 10:51:15.635082+00:00,769.0,3226.901,3226.88,3227.01,ETH
2026-01-06 10:42:50+00:00,2026-01-06 10:51:16.651945+00:00,770.0,3226.941,3226.88,3227.01,ETH
2026-01-06 10:42:51+00:00,2026-01-06 10:51:17.653927+00:00,771.0,3226.981,3226.89,3227.01,ETH
2026-01-06 10:42:53+00:00,2026-01-06 10:51:18.724833+00:00,773.0,3226.961,3226.88,3226.99,ETH
2026-01-06 10:42:54+00:00,2026-01-06 10:51:19.691368+00:00,774.0,3226.961,3226.88,3226.99,ETH
2026-01-06 10:42:55+00:00,2026-01-06 10:51:21.706115+00:00,775.0,3226.991,3226.88,3227.05,ETH
2026-01-06 10:42:56+00:00,2026-01-06 10:51:22.699622+00:00,776.0,3226.991,3226.89,3227.04,ETH
2026-01-06 10:42:57+00:00,2026-01-06 10:51:23.734422+00:00,777.0,3226.981,3226.89,3227.04,ETH
2026-01-06 10:42:58+00:00,2026-01-06 10:51:24.711822+00:00,778.0,3226.981,3226.89,3227.05,ETH
2026-01-06 10:42:59+00:00,2026-01-06 10:51:25.717531+00:00,779.0,3226.981,3226.89,3227.05,ETH
2026-01-06 10:43:00+00:00,2026-01-06 10:51:26.730176+00:00,780.0,3226.981,3226.9,3227.04,ETH
2026-01-06 10:43:01+00:00,2026-01-06 10:51:27.733407+00:00,781.0,3226.981,3226.9,3227.02,ETH
2026-01-06 10:43:02+00:00,2026-01-06 10:51:28.733657+00:00,782.0,3226.981,3226.9,3227.02,ETH
2026-01-06 10:43:03+00:00,2026-01-06 10:51:29.733783+00:00,783.0,3226.961,3226.9,3227.01,ETH
2026-01-06 10:43:04+00:00,2026-01-06 10:51:30.750195+00:00,784.0,3226.961,3226.89,3227.0,ETH
2026-01-06 10:43:05+00:00,2026-01-06 10:51:31.765159+00:00,785.0,3226.821,3226.78,3226.98,ETH
2026-01-06 10:43:06+00:00,2026-01-06 10:51:32.784054+00:00,786.0,3226.571,3226.5,3226.72,ETH
2026-01-06 10:43:07+00:00,2026-01-06 10:51:33.785537+00:00,787.0,3226.431,3226.36,3226.57,ETH
2026-01-06 10:43:08+00:00,2026-01-06 10:51:34.788784+00:00,788.0,3226.321,3226.3,3226.63,ETH
2026-01-06 10:43:09+00:00,2026-01-06 10:51:35.797756+00:00,789.0,3226.241,3226.23,3226.55,ETH
2026-01-06 10:43:10+00:00,2026-01-06 10:51:36.801137+00:00,790.0,3226.231,3226.22,3226.38,ETH
2026-01-06 10:43:11+00:00,2026-01-06 10:51:37.821426+00:00,791.0,3226.231,3226.21,3226.28,ETH
2026-01-06 10:43:12+00:00,2026-01-06 10:51:38.837982+00:00,792.0,3226.201,3226.18,3226.26,ETH
2026-01-06 10:43:13+00:00,2026-01-06 10:51:39.838098+00:00,793.0,3226.201,3226.19,3226.32,ETH
2026-01-06 10:43:14+00:00,2026-01-06 10:51:40.836460+00:00,794.0,3226.231,3226.22,3226.4,ETH
2026-01-06 10:43:15+00:00,2026-01-06 10:51:41.839521+00:00,795.0,3226.231,3226.22,3226.41,ETH
2026-01-06 10:43:16+00:00,2026-01-06 10:51:42.831899+00:00,796.0,3226.231,3226.22,3226.41,ETH
2026-01-06 10:43:17+00:00,2026-01-06 10:51:43.833261+00:00,797.0,3226.171,3226.14,3226.32,ETH
2026-01-06 10:43:18+00:00,2026-01-06 10:51:44.853626+00:00,798.0,3226.111,3226.07,3226.23,ETH
2026-01-06 10:43:19+00:00,2026-01-06 10:51:45.864261+00:00,799.0,3226.151,3226.14,3226.23,ETH
2026-01-06 10:43:20+00:00,2026-01-06 10:51:46.867997+00:00,800.0,3226.231,3226.22,3226.45,ETH
2026-01-06 10:43:21+00:00,2026-01-06 10:51:47.869628+00:00,801.0,3226.491,3226.32,3226.73,ETH
2026-01-06 10:43:22+00:00,2026-01-06 10:51:48.870511+00:00,802.0,3226.741,3226.64,3226.83,ETH
2026-01-06 10:43:23+00:00,2026-01-06 10:51:49.886711+00:00,803.0,3226.741,3226.61,3226.82,ETH
2026-01-06 10:43:24+00:00,2026-01-06 10:51:50.890131+00:00,804.0,3226.741,3226.61,3226.82,ETH
2026-01-06 10:43:25+00:00,2026-01-06 10:51:51.901006+00:00,805.0,3226.751,3226.61,3227.09,ETH
2026-01-06 10:43:26+00:00,2026-01-06 10:51:52.910803+00:00,806.0,3226.751,3226.61,3226.82,ETH
2026-01-06 10:43:27+00:00,2026-01-06 10:51:53.915846+00:00,807.0,3226.751,3226.61,3226.82,ETH
2026-01-06 10:43:28+00:00,2026-01-06 10:51:54.916036+00:00,808.0,3226.751,3226.61,3227.09,ETH
2026-01-06 10:43:29+00:00,2026-01-06 10:51:55.905285+00:00,809.0,3226.751,3226.61,3227.09,ETH
2026-01-06 10:43:30+00:00,2026-01-06 10:51:56.917794+00:00,810.0,3226.721,3226.61,3226.82,ETH
2026-01-06 10:43:31+00:00,2026-01-06 10:51:57.927666+00:00,811.0,3226.721,3226.61,3227.12,ETH
2026-01-06 10:43:32+00:00,2026-01-06 10:51:58.933403+00:00,812.0,3226.741,3226.62,3227.16,ETH
2026-01-06 10:43:33+00:00,2026-01-06 10:51:59.950017+00:00,813.0,3226.751,3226.61,3227.16,ETH
2026-01-06 10:43:34+00:00,2026-01-06 10:52:00.966683+00:00,814.0,3226.761,3226.61,3227.16,ETH
2026-01-06 10:43:35+00:00,2026-01-06 10:52:01.969462+00:00,815.0,3226.761,3226.61,3227.09,ETH
2026-01-06 10:43:36+00:00,2026-01-06 10:52:02.981258+00:00,816.0,3226.761,3226.61,3227.03,ETH
2026-01-06 10:43:37+00:00,2026-01-06 10:52:03.971971+00:00,817.0,3226.761,3226.62,3226.96,ETH
2026-01-06 10:43:38+00:00,2026-01-06 10:52:04.971509+00:00,818.0,3226.761,3226.64,3226.96,ETH
2026-01-06 10:43:39+00:00,2026-01-06 10:52:05.984018+00:00,819.0,3226.881,3226.7,3226.95,ETH
2026-01-06 10:43:40+00:00,2026-01-06 10:52:07.000512+00:00,820.0,3226.881,3226.7,3226.95,ETH
2026-01-06 10:43:41+00:00,2026-01-06 10:52:07.988556+00:00,821.0,3226.881,3226.73,3227.04,ETH
2026-01-06 10:43:42+00:00,2026-01-06 10:52:09.002658+00:00,822.0,3226.881,3226.77,3227.2,ETH
2026-01-06 10:43:43+00:00,2026-01-06 10:52:09.999179+00:00,823.0,3226.911,3226.77,3227.25,ETH
2026-01-06 10:43:44+00:00,2026-01-06 10:52:10.998571+00:00,824.0,3226.821,3226.75,3227.04,ETH
2026-01-06 10:43:45+00:00,2026-01-06 10:52:12.015576+00:00,825.0,3226.911,3226.84,3227.04,ETH
2026-01-06 10:43:46+00:00,2026-01-06 10:52:13.022101+00:00,826.0,3226.911,3226.84,3227.04,ETH
2026-01-06 10:43:47+00:00,2026-01-06 10:52:14.038944+00:00,827.0,3226.911,3226.84,3227.27,ETH
2026-01-06 10:43:48+00:00,2026-01-06 10:52:15.037105+00:00,828.0,3226.911,3226.84,3227.03,ETH
2026-01-06 10:43:49+00:00,2026-01-06 10:52:16.043000+00:00,829.0,3226.911,3226.84,3227.05,ETH
2026-01-06 10:43:50+00:00,2026-01-06 10:52:17.055941+00:00,830.0,3226.911,3226.84,3227.06,ETH
2026-01-06 10:43:51+00:00,2026-01-06 10:52:18.064158+00:00,831.0,3226.911,3226.84,3227.03,ETH
2026-01-06 10:43:52+00:00,2026-01-06 10:52:19.068017+00:00,832.0,3226.911,3226.84,3227.3,ETH
2026-01-06 10:43:53+00:00,2026-01-06 10:52:20.085093+00:00,833.0,3226.911,3226.84,3227.07,ETH
2026-01-06 10:43:54+00:00,2026-01-06 10:52:21.069634+00:00,834.0,3226.911,3226.85,3227.08,ETH
2026-01-06 10:43:55+00:00,2026-01-06 10:52:22.065219+00:00,835.0,3226.911,3226.85,3227.33,ETH
2026-01-06 10:43:56+00:00,2026-01-06 10:52:23.065685+00:00,836.0,3226.911,3226.85,3227.06,ETH
2026-01-06 10:43:57+00:00,2026-01-06 10:52:24.068939+00:00,837.0,3226.911,3226.85,3227.06,ETH
2026-01-06 10:43:58+00:00,2026-01-06 10:52:25.064461+00:00,838.0,3226.911,3226.85,3227.06,ETH
2026-01-06 10:43:59+00:00,2026-01-06 10:52:26.081941+00:00,839.0,3226.911,3226.85,3227.06,ETH
2026-01-06 10:44:00+00:00,2026-01-06 10:52:27.087593+00:00,840.0,3227.031,3226.86,3227.1,ETH
2026-01-06 10:44:01+00:00,2026-01-06 10:52:28.097322+00:00,841.0,3227.061,3226.9,3227.33,ETH
2026-01-06 10:44:02+00:00,2026-01-06 10:52:29.112380+00:00,842.0,3227.091,3227.05,3227.37,ETH
2026-01-06 10:44:03+00:00,2026-01-06 10:52:30.116072+00:00,843.0,3227.091,3227.05,3227.38,ETH
2026-01-06 10:44:04+00:00,2026-01-06 10:52:31.120301+00:00,844.0,3227.111,3226.97,3227.2,ETH
2026-01-06 10:44:05+00:00,2026-01-06 10:52:32.134308+00:00,845.0,3227.091,3226.96,3227.12,ETH
2026-01-06 10:44:06+00:00,2026-01-06 10:52:33.148376+00:00,846.0,3227.111,3226.96,3227.22,ETH
2026-01-06 10:44:07+00:00,2026-01-06 10:52:35.154597+00:00,847.0,3227.111,3227.05,3227.19,ETH
2026-01-06 10:44:08+00:00,2026-01-06 10:52:36.148297+00:00,848.0,3227.111,3227.05,3227.36,ETH
2026-01-06 10:44:09+00:00,2026-01-06 10:52:37.161938+00:00,849.0,3227.111,3227.05,3227.54,ETH
2026-01-06 10:44:10+00:00,2026-01-06 10:52:38.166836+00:00,850.0,3227.111,3227.05,3227.49,ETH
2026-01-06 10:44:12+00:00,2026-01-06 10:52:39.235954+00:00,852.0,3227.111,3227.05,3227.54,ETH
2026-01-06 10:44:13+00:00,2026-01-06 10:52:40.222258+00:00,853.0,3227.111,3227.05,3227.42,ETH
2026-01-06 10:44:14+00:00,2026-01-06 10:52:41.232080+00:00,854.0,3227.111,3227.05,3227.54,ETH
2026-01-06 10:44:15+00:00,2026-01-06 10:52:42.220944+00:00,855.0,3227.111,3227.05,3227.54,ETH
2026-01-06 10:44:16+00:00,2026-01-06 10:52:43.219300+00:00,856.0,3227.111,3227.05,3227.54,ETH
2026-01-06 10:44:17+00:00,2026-01-06 10:52:44.217529+00:00,857.0,3227.131,3227.01,3227.48,ETH
2026-01-06 10:44:18+00:00,2026-01-06 10:52:45.218437+00:00,858.0,3227.131,3227.01,3227.38,ETH
2026-01-06 10:44:19+00:00,2026-01-06 10:52:46.213911+00:00,859.0,3227.131,3227.0,3227.27,ETH
2026-01-06 10:44:20+00:00,2026-01-06 10:52:47.232577+00:00,860.0,3227.131,3227.0,3227.23,ETH
2026-01-06 10:44:21+00:00,2026-01-06 10:52:48.236186+00:00,861.0,3227.121,3227.01,3227.16,ETH
2026-01-06 10:44:22+00:00,2026-01-06 10:52:49.243518+00:00,862.0,3227.131,3227.01,3227.17,ETH
2026-01-06 10:44:23+00:00,2026-01-06 10:52:50.228036+00:00,863.0,3227.131,3227.01,3227.31,ETH
2026-01-06 10:44:24+00:00,2026-01-06 10:52:51.235794+00:00,864.0,3227.131,3227.01,3227.31,ETH
2026-01-06 10:44:25+00:00,2026-01-06 10:52:52.250359+00:00,865.0,3227.061,3227.01,3227.55,ETH
2026-01-06 10:44:26+00:00,2026-01-06 10:52:53.264009+00:00,866.0,3227.061,3227.01,3227.33,ETH
2026-01-06 10:44:27+00:00,2026-01-06 10:52:54.280792+00:00,867.0,3227.051,3227.01,3227.33,ETH
2026-01-06 10:44:28+00:00,2026-01-06 10:52:55.277626+00:00,868.0,3227.051,3227.01,3227.33,ETH
2026-01-06 10:44:29+00:00,2026-01-06 10:52:56.282663+00:00,869.0,3227.231,3227.07,3227.35,ETH
2026-01-06 10:44:30+00:00,2026-01-06 10:52:57.286080+00:00,870.0,3227.231,3227.07,3227.49,ETH
2026-01-06 10:44:31+00:00,2026-01-06 10:52:59.295017+00:00,871.0,3227.461,3227.38,3227.62,ETH
2026-01-06 10:44:33+00:00,2026-01-06 10:53:00.338922+00:00,873.0,3228.061,3227.93,3228.18,ETH
2026-01-06 10:44:34+00:00,2026-01-06 10:53:01.346502+00:00,874.0,3228.071,3227.93,3228.17,ETH
2026-01-06 10:44:35+00:00,2026-01-06 10:53:02.370399+00:00,875.0,3228.071,3227.93,3228.27,ETH
2026-01-06 10:44:36+00:00,2026-01-06 10:53:03.360158+00:00,876.0,3228.071,3227.93,3228.24,ETH
2026-01-06 10:44:37+00:00,2026-01-06 10:53:04.365610+00:00,877.0,3228.071,3227.93,3228.39,ETH
2026-01-06 10:44:38+00:00,2026-01-06 10:53:05.359709+00:00,878.0,3228.071,3227.93,3228.38,ETH
2026-01-06 10:44:39+00:00,2026-01-06 10:53:06.373399+00:00,879.0,3228.071,3227.93,3228.32,ETH
2026-01-06 10:44:40+00:00,2026-01-06 10:53:07.351544+00:00,880.0,3228.071,3227.93,3228.27,ETH
2026-01-06 10:44:41+00:00,2026-01-06 10:53:08.369485+00:00,881.0,3228.071,3227.93,3228.34,ETH
2026-01-06 10:44:42+00:00,2026-01-06 10:53:09.381035+00:00,882.0,3228.071,3227.93,3228.33,ETH
2026-01-06 10:44:43+00:00,2026-01-06 10:53:10.375617+00:00,883.0,3228.071,3227.93,3228.41,ETH
2026-01-06 10:44:44+00:00,2026-01-06 10:53:11.374840+00:00,884.0,3228.071,3227.93,3228.39,ETH
2026-01-06 10:44:45+00:00,2026-01-06 10:53:12.380682+00:00,885.0,3228.071,3227.93,3228.31,ETH
2026-01-06 10:44:46+00:00,2026-01-06 10:53:13.378280+00:00,886.0,3228.071,3227.88,3228.3,ETH
2026-01-06 10:44:47+00:00,2026-01-06 10:53:14.389188+00:00,887.0,3227.801,3227.79,3228.06,ETH
2026-01-06 10:44:48+00:00,2026-01-06 10:53:15.395288+00:00,888.0,3227.791,3227.68,3228.03,ETH
2026-01-06 10:44:49+00:00,2026-01-06 10:53:16.395975+00:00,889.0,3227.791,3227.68,3227.99,ETH
2026-01-06 10:44:50+00:00,2026-01-06 10:53:17.393500+00:00,890.0,3227.791,3227.69,3227.99,ETH
2026-01-06 10:44:51+00:00,2026-01-06 10:53:18.393836+00:00,891.0,3227.791,3227.68,3227.98,ETH
2026-01-06 10:44:52+00:00,2026-01-06 10:53:19.392819+00:00,892.0,3227.791,3227.68,3228.01,ETH
2026-01-06 10:44:53+00:00,2026-01-06 10:53:20.403270+00:00,893.0,3227.791,3227.68,3227.98,ETH
2026-01-06 10:44:54+00:00,2026-01-06 10:53:21.409564+00:00,894.0,3227.791,3227.68,3227.99,ETH
2026-01-06 10:44:55+00:00,2026-01-06 10:53:23.450655+00:00,895.0,3227.681,3227.6,3228.03,ETH
2026-01-06 10:44:56+00:00,2026-01-06 10:53:24.443285+00:00,896.0,3227.611,3227.58,3228.0,ETH
2026-01-06 10:44:57+00:00,2026-01-06 10:53:25.447551+00:00,897.0,3227.641,3227.64,3228.0,ETH
2026-01-06 10:44:58+00:00,2026-01-06 10:53:26.466419+00:00,898.0,3227.671,3227.64,3227.98,ETH
2026-01-06 10:44:59+00:00,2026-01-06 10:53:27.481453+00:00,899.0,3227.691,3227.6,3227.87,ETH
