timestamp,collected_at,seconds,up_mid,up_best_bid,up_best_ask,down_mid,down_best_bid,down_best_ask,up_best_bid_size,up_best_ask_size,down_best_bid_size,down_best_ask_size
2026-01-06 10:30:00.522000+00:00,2026-01-06 10:30:00.774364+00:00,0.522,0.435,0.43,0.44,0.565,0.56,0.57,,,,
2026-01-06 10:30:01.478000+00:00,2026-01-06 10:30:01.789262+00:00,1.478,0.435,0.43,0.44,0.565,0.56,0.57,,,,
2026-01-06 10:30:02.531000+00:00,2026-01-06 10:30:02.789317+00:00,2.531,0.43,0.41,0.45,0.5700000000000001,0.56,0.58,,,,
2026-01-06 10:30:03.366000+00:00,2026-01-06 10:30:03.789256+00:00,3.366,0.4649999999999999,0.46,0.47,0.535,0.53,0.54,,,,
2026-01-06 10:30:04.502000+00:00,2026-01-06 10:30:04.785153+00:00,4.502,0.435,0.43,0.44,0.565,0.56,0.57,,,,
2026-01-06 10:30:05.490000+00:00,2026-01-06 10:30:05.787930+00:00,5.49,0.45,0.44,0.46,0.55,0.54,0.56,,,,
2026-01-06 10:30:06.427000+00:00,2026-01-06 10:30:06.787834+00:00,6.427,0.455,0.45,0.46,0.545,0.54,0.55,,,,
2026-01-06 10:30:07.480000+00:00,2026-01-06 10:30:07.789703+00:00,7.48,0.455,0.45,0.46,0.545,0.54,0.55,,,,
2026-01-06 10:30:08.488000+00:00,2026-01-06 10:30:08.805251+00:00,8.488,0.455,0.45,0.46,0.545,0.54,0.55,,,,
2026-01-06 10:30:09.566000+00:00,2026-01-06 10:30:09.808346+00:00,9.566,0.445,0.44,0.45,0.555,0.55,0.56,,,,
2026-01-06 10:30:10.521000+00:00,2026-01-06 10:30:10.805309+00:00,10.521,0.445,0.44,0.45,0.545,0.54,0.55,,,,
2026-01-06 10:30:11.530000+00:00,2026-01-06 10:30:11.798457+00:00,11.53,0.445,0.44,0.45,0.56,0.55,0.57,,,,
2026-01-06 10:30:12.545000+00:00,2026-01-06 10:30:12.815827+00:00,12.545,0.435,0.43,0.44,0.565,0.56,0.57,,,,
2026-01-06 10:30:13.542000+00:00,2026-01-06 10:30:13.823514+00:00,13.542,0.445,0.44,0.45,0.555,0.55,0.56,,,,
2026-01-06 10:30:14.553000+00:00,2026-01-06 10:30:14.826322+00:00,14.553,0.45,0.44,0.46,0.545,0.54,0.55,,,,
2026-01-06 10:30:15.573000+00:00,2026-01-06 10:30:15.848521+00:00,15.573,0.445,0.44,0.45,0.55,0.54,0.56,,,,
2026-01-06 10:30:16.502000+00:00,2026-01-06 10:30:16.844860+00:00,16.502,0.45,0.44,0.46,0.55,0.54,0.56,,,,
2026-01-06 10:30:17.425000+00:00,2026-01-06 10:30:17.861481+00:00,17.425,0.45,0.44,0.46,0.55,0.54,0.56,,,,
2026-01-06 10:30:18.610000+00:00,2026-01-06 10:30:18.876239+00:00,18.61,0.445,0.44,0.45,0.56,0.55,0.57,,,,
2026-01-06 10:30:19.636000+00:00,2026-01-06 10:30:19.894069+00:00,19.636,0.445,0.44,0.45,0.555,0.55,0.56,,,,
2026-01-06 10:30:20.645000+00:00,2026-01-06 10:30:20.896345+00:00,20.645,0.445,0.44,0.45,0.555,0.55,0.56,,,,
2026-01-06 10:30:21.538000+00:00,2026-01-06 10:30:21.899052+00:00,21.538,0.445,0.44,0.45,0.555,0.55,0.56,,,,
2026-01-06 10:30:22.573000+00:00,2026-01-06 10:30:22.912240+00:00,22.573,0.445,0.44,0.45,0.555,0.55,0.56,,,,
2026-01-06 10:30:23.598000+00:00,2026-01-06 10:30:23.922217+00:00,23.598,0.44,0.43,0.45,0.56,0.55,0.57,,,,
2026-01-06 10:30:24.581000+00:00,2026-01-06 10:30:24.922411+00:00,24.581,0.44,0.43,0.45,0.56,0.55,0.57,,,,
2026-01-06 10:30:25.598000+00:00,2026-01-06 10:30:25.916199+00:00,25.598,0.435,0.43,0.44,0.565,0.56,0.57,,,,
2026-01-06 10:30:26.438000+00:00,2026-01-06 10:30:26.922206+00:00,26.438,0.435,0.43,0.44,0.565,0.56,0.57,,,,
2026-01-06 10:30:27.665000+00:00,2026-01-06 10:30:27.922493+00:00,27.665,0.435,0.43,0.44,0.565,0.56,0.57,,,,
2026-01-06 10:30:28.657000+00:00,2026-01-06 10:30:28.922146+00:00,28.657,0.425,0.42,0.43,0.575,0.57,0.58,,,,
2026-01-06 10:30:29.676000+00:00,2026-01-06 10:30:29.929046+00:00,29.676,0.405,0.4,0.41,0.595,0.59,0.6,,,,
2026-01-06 10:30:30.659000+00:00,2026-01-06 10:30:30.928412+00:00,30.659,0.415,0.4,0.43,0.575,0.57,0.58,,,,
2026-01-06 10:30:31.690000+00:00,2026-01-06 10:30:31.943320+00:00,31.69,0.435,0.43,0.44,0.565,0.56,0.57,,,,
2026-01-06 10:30:32.687000+00:00,2026-01-06 10:30:32.939561+00:00,32.687,0.425,0.42,0.43,0.575,0.57,0.58,,,,
2026-01-06 10:30:33.663000+00:00,2026-01-06 10:30:33.956875+00:00,33.663,0.425,0.42,0.43,0.575,0.57,0.58,,,,
2026-01-06 10:30:34.695000+00:00,2026-01-06 10:30:34.945306+00:00,34.695,0.425,0.42,0.43,0.575,0.57,0.58,,,,
2026-01-06 10:30:35.697000+00:00,2026-01-06 10:30:35.955468+00:00,35.697,0.425,0.42,0.43,0.575,0.57,0.58,,,,
2026-01-06 10:30:36.573000+00:00,2026-01-06 10:30:36.971426+00:00,36.573,0.425,0.42,0.43,0.575,0.57,0.58,,,,
2026-01-06 10:30:37.705000+00:00,2026-01-06 10:30:37.970086+00:00,37.705,0.425,0.42,0.43,0.575,0.57,0.58,,,,
2026-01-06 10:30:38.679000+00:00,2026-01-06 10:30:38.987024+00:00,38.679,0.425,0.42,0.43,0.575,0.57,0.58,,,,
2026-01-06 10:30:39.710000+00:00,2026-01-06 10:30:40.002207+00:00,39.71,0.425,0.42,0.43,0.575,0.57,0.58,,,,
2026-01-06 10:30:40.426000+00:00,2026-01-06 10:30:41.006290+00:00,40.426,0.425,0.42,0.43,0.575,0.57,0.58,,,,
2026-01-06 10:30:41.710000+00:00,2026-01-06 10:30:42.004752+00:00,41.71,0.425,0.42,0.43,0.575,0.57,0.58,,,,
2026-01-06 10:30:42.745000+00:00,2026-01-06 10:30:43.005645+00:00,42.745,0.425,0.42,0.43,0.575,0.57,0.58,,,,
2026-01-06 10:30:43.666000+00:00,2026-01-06 10:30:44.005609+00:00,43.666,0.425,0.42,0.43,0.575,0.57,0.58,,,,
2026-01-06 10:30:44.724000+00:00,2026-01-06 10:30:45.005553+00:00,44.724,0.425,0.42,0.43,0.575,0.57,0.58,,,,
2026-01-06 10:30:45.627000+00:00,2026-01-06 10:30:46.017230+00:00,45.627,0.425,0.42,0.43,0.575,0.57,0.58,,,,
2026-01-06 10:30:46.758000+00:00,2026-01-06 10:30:47.022525+00:00,46.758,0.435,0.43,0.44,0.565,0.56,0.57,,,,
2026-01-06 10:30:47.662000+00:00,2026-01-06 10:30:48.037610+00:00,47.662,0.455,0.45,0.46,0.545,0.54,0.55,,,,
2026-01-06 10:30:48.767000+00:00,2026-01-06 10:30:49.038057+00:00,48.767,0.455,0.45,0.46,0.555,0.55,0.56,,,,
2026-01-06 10:30:49.772000+00:00,2026-01-06 10:30:50.054151+00:00,49.772,0.445,0.44,0.45,0.555,0.55,0.56,,,,
2026-01-06 10:30:50.786000+00:00,2026-01-06 10:30:51.053562+00:00,50.786,0.445,0.44,0.45,0.55,0.54,0.56,,,,
2026-01-06 10:30:51.814000+00:00,2026-01-06 10:30:52.073353+00:00,51.814,0.45,0.44,0.46,0.55,0.54,0.56,,,,
2026-01-06 10:30:52.824000+00:00,2026-01-06 10:30:53.074942+00:00,52.824,0.445,0.44,0.45,0.555,0.55,0.56,,,,
2026-01-06 10:30:53.827000+00:00,2026-01-06 10:30:54.078675+00:00,53.827,0.435,0.43,0.44,0.565,0.56,0.57,,,,
2026-01-06 10:30:54.839000+00:00,2026-01-06 10:30:55.093468+00:00,54.839,0.435,0.43,0.44,0.565,0.56,0.57,,,,
2026-01-06 10:30:55.790000+00:00,2026-01-06 10:30:56.105555+00:00,55.79,0.44,0.43,0.45,0.56,0.55,0.57,,,,
2026-01-06 10:30:56.258000+00:00,2026-01-06 10:30:57.119310+00:00,56.258,0.435,0.43,0.44,0.565,0.56,0.57,,,,
2026-01-06 10:30:57.833000+00:00,2026-01-06 10:30:58.136039+00:00,57.833,0.435,0.43,0.44,0.565,0.56,0.57,,,,
2026-01-06 10:30:58.793000+00:00,2026-01-06 10:30:59.153236+00:00,58.793,0.445,0.44,0.45,0.555,0.55,0.56,,,,
2026-01-06 10:30:59.904000+00:00,2026-01-06 10:31:00.154595+00:00,59.904,0.445,0.44,0.45,0.555,0.55,0.56,,,,
2026-01-06 10:31:00.905000+00:00,2026-01-06 10:31:01.157331+00:00,60.905,0.445,0.44,0.45,0.555,0.55,0.56,,,,
2026-01-06 10:31:01.907000+00:00,2026-01-06 10:31:02.170063+00:00,61.907,0.455,0.45,0.46,0.545,0.54,0.55,,,,
2026-01-06 10:31:02.750000+00:00,2026-01-06 10:31:03.171051+00:00,62.75,0.4599999999999999,0.45,0.47,0.54,0.53,0.55,,,,
2026-01-06 10:31:03.907000+00:00,2026-01-06 10:31:04.170088+00:00,63.907,0.4649999999999999,0.46,0.47,0.535,0.53,0.54,,,,
2026-01-06 10:31:04.923000+00:00,2026-01-06 10:31:05.185902+00:00,64.923,0.4649999999999999,0.46,0.47,0.535,0.53,0.54,,,,
2026-01-06 10:31:05.911000+00:00,2026-01-06 10:31:06.185107+00:00,65.911,0.4649999999999999,0.46,0.47,0.535,0.53,0.54,,,,
2026-01-06 10:31:06.937000+00:00,2026-01-06 10:31:07.189303+00:00,66.937,0.4649999999999999,0.46,0.47,0.535,0.53,0.54,,,,
2026-01-06 10:31:07.951000+00:00,2026-01-06 10:31:08.201358+00:00,67.951,0.47,0.46,0.48,0.525,0.52,0.53,,,,
2026-01-06 10:31:08.971000+00:00,2026-01-06 10:31:09.206844+00:00,68.971,0.475,0.47,0.48,0.525,0.52,0.53,,,,
2026-01-06 10:31:09.890000+00:00,2026-01-06 10:31:10.203876+00:00,69.89,0.475,0.47,0.48,0.525,0.52,0.53,,,,
2026-01-06 10:31:10.881000+00:00,2026-01-06 10:31:11.213543+00:00,70.881,0.475,0.47,0.48,0.525,0.52,0.53,,,,
2026-01-06 10:31:11.965000+00:00,2026-01-06 10:31:12.227548+00:00,71.965,0.475,0.47,0.48,0.525,0.52,0.53,,,,
2026-01-06 10:31:12.611000+00:00,2026-01-06 10:31:13.242625+00:00,72.611,0.475,0.47,0.48,0.525,0.52,0.53,,,,
2026-01-06 10:31:13.909000+00:00,2026-01-06 10:31:14.254426+00:00,73.909,0.475,0.47,0.48,0.525,0.52,0.53,,,,
2026-01-06 10:31:14.941000+00:00,2026-01-06 10:31:15.257152+00:00,74.941,0.475,0.47,0.48,0.53,0.52,0.54,,,,
2026-01-06 10:31:16.967000+00:00,2026-01-06 10:31:17.266157+00:00,76.967,0.475,0.47,0.48,0.525,0.52,0.53,,,,
2026-01-06 10:31:17.913000+00:00,2026-01-06 10:31:18.262181+00:00,77.913,0.475,0.47,0.48,0.525,0.52,0.53,,,,
2026-01-06 10:31:18.891000+00:00,2026-01-06 10:31:19.270603+00:00,78.891,0.475,0.47,0.48,0.525,0.52,0.53,,,,
2026-01-06 10:31:20.924000+00:00,2026-01-06 10:31:21.283465+00:00,80.924,0.475,0.47,0.48,0.525,0.52,0.53,,,,
2026-01-06 10:31:22.023000+00:00,2026-01-06 10:31:22.299358+00:00,82.023,0.475,0.47,0.48,0.525,0.52,0.53,,,,
2026-01-06 10:31:23.061000+00:00,2026-01-06 10:31:23.311837+00:00,83.061,0.475,0.47,0.48,0.525,0.52,0.53,,,,
2026-01-06 10:31:24.054000+00:00,2026-01-06 10:31:24.318889+00:00,84.054,0.485,0.48,0.49,0.515,0.51,0.52,,,,
2026-01-06 10:31:25.054000+00:00,2026-01-06 10:31:25.327067+00:00,85.054,0.485,0.48,0.49,0.515,0.51,0.52,,,,
2026-01-06 10:31:26.026000+00:00,2026-01-06 10:31:26.327867+00:00,86.026,0.485,0.48,0.49,0.515,0.51,0.52,,,,
2026-01-06 10:31:27.055000+00:00,2026-01-06 10:31:27.337296+00:00,87.055,0.485,0.48,0.49,0.515,0.51,0.52,,,,
2026-01-06 10:31:28.968000+00:00,2026-01-06 10:31:29.352289+00:00,88.968,0.485,0.48,0.49,0.515,0.51,0.52,,,,
2026-01-06 10:31:29.926000+00:00,2026-01-06 10:31:30.370322+00:00,89.926,0.485,0.48,0.49,0.515,0.51,0.52,,,,
2026-01-06 10:31:31.122000+00:00,2026-01-06 10:31:31.375256+00:00,91.122,0.485,0.48,0.49,0.515,0.51,0.52,,,,
2026-01-06 10:31:32.117000+00:00,2026-01-06 10:31:32.387726+00:00,92.117,0.505,0.5,0.51,0.495,0.49,0.5,,,,
2026-01-06 10:31:33.125000+00:00,2026-01-06 10:31:33.393162+00:00,93.125,0.505,0.5,0.51,0.495,0.49,0.5,,,,
2026-01-06 10:31:34.124000+00:00,2026-01-06 10:31:34.403675+00:00,94.124,0.505,0.5,0.51,0.495,0.49,0.5,,,,
2026-01-06 10:31:35.139000+00:00,2026-01-06 10:31:35.420820+00:00,95.139,0.505,0.5,0.51,0.495,0.49,0.5,,,,
2026-01-06 10:31:36.150000+00:00,2026-01-06 10:31:36.438791+00:00,96.15,0.505,0.5,0.51,0.495,0.49,0.5,,,,
2026-01-06 10:31:37.125000+00:00,2026-01-06 10:31:37.454377+00:00,97.125,0.505,0.5,0.51,0.495,0.49,0.5,,,,
2026-01-06 10:31:38.151000+00:00,2026-01-06 10:31:38.453460+00:00,98.151,0.505,0.5,0.51,0.495,0.49,0.5,,,,
2026-01-06 10:31:39.958000+00:00,2026-01-06 10:31:40.469525+00:00,99.958,0.505,0.5,0.51,0.495,0.49,0.5,,,,
2026-01-06 10:31:41.125000+00:00,2026-01-06 10:31:41.475628+00:00,101.125,0.505,0.5,0.51,0.495,0.49,0.5,,,,
2026-01-06 10:31:42.217000+00:00,2026-01-06 10:31:42.477496+00:00,102.217,0.505,0.5,0.51,0.495,0.49,0.5,,,,
2026-01-06 10:31:43.216000+00:00,2026-01-06 10:31:43.470525+00:00,103.216,0.505,0.5,0.51,0.495,0.49,0.5,,,,
2026-01-06 10:31:44.141000+00:00,2026-01-06 10:31:44.492162+00:00,104.141,0.505,0.5,0.51,0.495,0.49,0.5,,,,
2026-01-06 10:31:45.216000+00:00,2026-01-06 10:31:45.508698+00:00,105.216,0.505,0.5,0.51,0.495,0.49,0.5,,,,
2026-01-06 10:31:46.116000+00:00,2026-01-06 10:31:46.509821+00:00,106.116,0.505,0.5,0.51,0.495,0.49,0.5,,,,
2026-01-06 10:31:47.044000+00:00,2026-01-06 10:31:47.521003+00:00,107.044,0.505,0.5,0.51,0.495,0.49,0.5,,,,
2026-01-06 10:31:48.174000+00:00,2026-01-06 10:31:48.516410+00:00,108.174,0.505,0.5,0.51,0.495,0.49,0.5,,,,
2026-01-06 10:31:49.047000+00:00,2026-01-06 10:31:49.534809+00:00,109.047,0.505,0.5,0.51,0.495,0.49,0.5,,,,
2026-01-06 10:31:50.259000+00:00,2026-01-06 10:31:50.553809+00:00,110.259,0.505,0.5,0.51,0.495,0.49,0.5,,,,
2026-01-06 10:31:51.309000+00:00,2026-01-06 10:31:51.563932+00:00,111.309,0.485,0.48,0.49,0.515,0.51,0.52,,,,
2026-01-06 10:31:52.312000+00:00,2026-01-06 10:31:52.575932+00:00,112.312,0.485,0.48,0.49,0.515,0.51,0.52,,,,
2026-01-06 10:31:53.324000+00:00,2026-01-06 10:31:53.584559+00:00,113.324,0.485,0.48,0.49,0.515,0.51,0.52,,,,
2026-01-06 10:31:54.207000+00:00,2026-01-06 10:31:54.581753+00:00,114.207,0.485,0.48,0.49,0.515,0.51,0.52,,,,
2026-01-06 10:31:55.325000+00:00,2026-01-06 10:31:55.585058+00:00,115.325,0.485,0.48,0.49,0.515,0.51,0.52,,,,
2026-01-06 10:31:56.339000+00:00,2026-01-06 10:31:56.592007+00:00,116.339,0.485,0.48,0.49,0.515,0.51,0.52,,,,
2026-01-06 10:31:57.305000+00:00,2026-01-06 10:31:57.603154+00:00,117.305,0.4649999999999999,0.46,0.47,0.535,0.53,0.54,,,,
2026-01-06 10:31:58.324000+00:00,2026-01-06 10:31:58.602750+00:00,118.324,0.4649999999999999,0.46,0.47,0.535,0.53,0.54,,,,
2026-01-06 10:31:59.330000+00:00,2026-01-06 10:31:59.601807+00:00,119.33,0.4649999999999999,0.46,0.47,0.535,0.53,0.54,,,,
2026-01-06 10:32:00.347000+00:00,2026-01-06 10:32:00.619433+00:00,120.347,0.4649999999999999,0.46,0.47,0.535,0.53,0.54,,,,
2026-01-06 10:32:01.373000+00:00,2026-01-06 10:32:01.626435+00:00,121.373,0.4649999999999999,0.46,0.47,0.535,0.53,0.54,,,,
2026-01-06 10:32:02.232000+00:00,2026-01-06 10:32:02.642410+00:00,122.232,0.4649999999999999,0.46,0.47,0.535,0.53,0.54,,,,
2026-01-06 10:32:03.200000+00:00,2026-01-06 10:32:03.655655+00:00,123.2,0.4649999999999999,0.46,0.47,0.535,0.53,0.54,,,,
2026-01-06 10:32:04.400000+00:00,2026-01-06 10:32:04.669575+00:00,124.4,0.4649999999999999,0.46,0.47,0.535,0.53,0.54,,,,
2026-01-06 10:32:05.284000+00:00,2026-01-06 10:32:05.684621+00:00,125.284,0.455,0.45,0.46,0.545,0.54,0.55,,,,
2026-01-06 10:32:06.440000+00:00,2026-01-06 10:32:06.693844+00:00,126.44,0.455,0.45,0.46,0.545,0.54,0.55,,,,
2026-01-06 10:32:07.439000+00:00,2026-01-06 10:32:07.700163+00:00,127.439,0.445,0.44,0.45,0.555,0.55,0.56,,,,
2026-01-06 10:32:08.466000+00:00,2026-01-06 10:32:08.715148+00:00,128.466,0.455,0.45,0.46,0.545,0.54,0.55,,,,
2026-01-06 10:32:09.467000+00:00,2026-01-06 10:32:09.715938+00:00,129.467,0.455,0.45,0.46,0.555,0.55,0.56,,,,
2026-01-06 10:32:10.462000+00:00,2026-01-06 10:32:10.735950+00:00,130.462,0.445,0.44,0.45,0.555,0.55,0.56,,,,
2026-01-06 10:32:11.496000+00:00,2026-01-06 10:32:11.747648+00:00,131.496,0.385,0.38,0.39,0.615,0.61,0.62,,,,
2026-01-06 10:32:12.512000+00:00,2026-01-06 10:32:12.760047+00:00,132.512,0.385,0.38,0.39,0.615,0.61,0.62,,,,
2026-01-06 10:32:13.500000+00:00,2026-01-06 10:32:13.773583+00:00,133.5,0.385,0.38,0.39,0.615,0.61,0.62,,,,
2026-01-06 10:32:14.360000+00:00,2026-01-06 10:32:14.783903+00:00,134.36,0.395,0.39,0.4,0.605,0.6,0.61,,,,
2026-01-06 10:32:15.494000+00:00,2026-01-06 10:32:15.800396+00:00,135.494,0.395,0.39,0.4,0.605,0.6,0.61,,,,
2026-01-06 10:32:16.442000+00:00,2026-01-06 10:32:16.812705+00:00,136.442,0.395,0.39,0.4,0.605,0.6,0.61,,,,
2026-01-06 10:32:17.590000+00:00,2026-01-06 10:32:17.835376+00:00,137.59,0.4,0.39,0.41,0.595,0.59,0.6,,,,
2026-01-06 10:32:18.374000+00:00,2026-01-06 10:32:18.845697+00:00,138.374,0.405,0.4,0.41,0.595,0.59,0.6,,,,
2026-01-06 10:32:19.573000+00:00,2026-01-06 10:32:19.852215+00:00,139.573,0.405,0.4,0.41,0.595,0.59,0.6,,,,
2026-01-06 10:32:20.562000+00:00,2026-01-06 10:32:20.854342+00:00,140.562,0.405,0.4,0.41,0.595,0.59,0.6,,,,
2026-01-06 10:32:21.931000+00:00,2026-01-06 10:32:22.864862+00:00,141.931,0.405,0.4,0.41,0.595,0.59,0.6,,,,
2026-01-06 10:32:23.608000+00:00,2026-01-06 10:32:23.866843+00:00,143.608,0.405,0.4,0.41,0.595,0.59,0.6,,,,
2026-01-06 10:32:24.012000+00:00,2026-01-06 10:32:24.867346+00:00,144.012,0.405,0.4,0.41,0.595,0.59,0.6,,,,
2026-01-06 10:32:25.263000+00:00,2026-01-06 10:32:25.876133+00:00,145.263,0.405,0.4,0.41,0.595,0.59,0.6,,,,
2026-01-06 10:32:26.588000+00:00,2026-01-06 10:32:26.885427+00:00,146.588,0.405,0.4,0.41,0.595,0.59,0.6,,,,
2026-01-06 10:32:27.600000+00:00,2026-01-06 10:32:27.883455+00:00,147.6,0.405,0.4,0.41,0.595,0.59,0.6,,,,
2026-01-06 10:32:28.609000+00:00,2026-01-06 10:32:28.899255+00:00,148.609,0.375,0.37,0.38,0.63,0.62,0.64,,,,
2026-01-06 10:32:29.620000+00:00,2026-01-06 10:32:29.904216+00:00,149.62,0.365,0.36,0.37,0.63,0.62,0.64,,,,
2026-01-06 10:32:30.600000+00:00,2026-01-06 10:32:30.914250+00:00,150.6,0.37,0.36,0.38,0.63,0.62,0.64,,,,
2026-01-06 10:32:31.666000+00:00,2026-01-06 10:32:31.926121+00:00,151.666,0.365,0.36,0.37,0.635,0.63,0.64,,,,
2026-01-06 10:32:32.659000+00:00,2026-01-06 10:32:32.931755+00:00,152.659,0.365,0.36,0.37,0.63,0.62,0.64,,,,
2026-01-06 10:32:33.682000+00:00,2026-01-06 10:32:33.937401+00:00,153.682,0.425,0.42,0.43,0.575,0.57,0.58,,,,
2026-01-06 10:32:34.678000+00:00,2026-01-06 10:32:34.948371+00:00,154.678,0.425,0.42,0.43,0.575,0.57,0.58,,,,
2026-01-06 10:32:35.703000+00:00,2026-01-06 10:32:35.959962+00:00,155.703,0.425,0.42,0.43,0.575,0.57,0.58,,,,
2026-01-06 10:32:36.698000+00:00,2026-01-06 10:32:36.970282+00:00,156.698,0.425,0.42,0.43,0.575,0.57,0.58,,,,
2026-01-06 10:32:37.726000+00:00,2026-01-06 10:32:37.979930+00:00,157.726,0.425,0.42,0.43,0.575,0.57,0.58,,,,
2026-01-06 10:32:38.715000+00:00,2026-01-06 10:32:38.986940+00:00,158.715,0.425,0.42,0.43,0.575,0.57,0.58,,,,
2026-01-06 10:32:39.743000+00:00,2026-01-06 10:32:40.003692+00:00,159.743,0.425,0.42,0.43,0.575,0.57,0.58,,,,
2026-01-06 10:32:40.753000+00:00,2026-01-06 10:32:41.019710+00:00,160.753,0.425,0.42,0.43,0.575,0.57,0.58,,,,
2026-01-06 10:32:41.722000+00:00,2026-01-06 10:32:42.021584+00:00,161.722,0.425,0.42,0.43,0.575,0.57,0.58,,,,
2026-01-06 10:32:42.792000+00:00,2026-01-06 10:32:43.039874+00:00,162.792,0.415,0.41,0.42,0.585,0.58,0.59,,,,
2026-01-06 10:32:43.791000+00:00,2026-01-06 10:32:44.049704+00:00,163.791,0.41,0.4,0.42,0.595,0.59,0.6,,,,
2026-01-06 10:32:44.727000+00:00,2026-01-06 10:32:45.070022+00:00,164.727,0.405,0.4,0.41,0.595,0.59,0.6,,,,
2026-01-06 10:32:45.725000+00:00,2026-01-06 10:32:46.074668+00:00,165.725,0.405,0.4,0.41,0.595,0.59,0.6,,,,
2026-01-06 10:32:46.797000+00:00,2026-01-06 10:32:47.090589+00:00,166.797,0.405,0.4,0.41,0.595,0.59,0.6,,,,
2026-01-06 10:32:47.555000+00:00,2026-01-06 10:32:48.101760+00:00,167.555,0.405,0.4,0.41,0.595,0.59,0.6,,,,
2026-01-06 10:32:48.448000+00:00,2026-01-06 10:32:49.102797+00:00,168.448,0.405,0.4,0.41,0.595,0.59,0.6,,,,
2026-01-06 10:32:49.526000+00:00,2026-01-06 10:32:50.098000+00:00,169.526,0.405,0.4,0.41,0.595,0.59,0.6,,,,
2026-01-06 10:32:50.689000+00:00,2026-01-06 10:32:51.101666+00:00,170.689,0.405,0.4,0.41,0.595,0.59,0.6,,,,
2026-01-06 10:32:51.901000+00:00,2026-01-06 10:32:52.117065+00:00,171.901,0.405,0.4,0.41,0.595,0.59,0.6,,,,
2026-01-06 10:32:52.825000+00:00,2026-01-06 10:32:53.126465+00:00,172.825,0.405,0.4,0.41,0.595,0.59,0.6,,,,
2026-01-06 10:32:53.860000+00:00,2026-01-06 10:32:54.128791+00:00,173.86,0.415,0.41,0.42,0.585,0.58,0.59,,,,
2026-01-06 10:32:54.883000+00:00,2026-01-06 10:32:55.131698+00:00,174.883,0.505,0.5,0.51,0.495,0.49,0.5,,,,
2026-01-06 10:32:55.857000+00:00,2026-01-06 10:32:56.141806+00:00,175.857,0.505,0.5,0.51,0.49,0.48,0.5,,,,
2026-01-06 10:32:56.883000+00:00,2026-01-06 10:32:57.150664+00:00,176.883,0.515,0.51,0.52,0.485,0.48,0.49,,,,
2026-01-06 10:32:57.865000+00:00,2026-01-06 10:32:58.150264+00:00,177.865,0.515,0.51,0.52,0.485,0.48,0.49,,,,
2026-01-06 10:32:58.849000+00:00,2026-01-06 10:32:59.149669+00:00,178.849,0.535,0.53,0.54,0.4649999999999999,0.46,0.47,,,,
2026-01-06 10:32:59.853000+00:00,2026-01-06 10:33:00.151286+00:00,179.853,0.535,0.53,0.54,0.4649999999999999,0.46,0.47,,,,
2026-01-06 10:33:00.719000+00:00,2026-01-06 10:33:01.145510+00:00,180.719,0.535,0.53,0.54,0.4649999999999999,0.46,0.47,,,,
2026-01-06 10:33:01.813000+00:00,2026-01-06 10:33:02.158030+00:00,181.813,0.535,0.53,0.54,0.4649999999999999,0.46,0.47,,,,
2026-01-06 10:33:02.908000+00:00,2026-01-06 10:33:03.171801+00:00,182.908,0.555,0.55,0.56,0.445,0.44,0.45,,,,
2026-01-06 10:33:03.715000+00:00,2026-01-06 10:33:04.183780+00:00,183.715,0.555,0.55,0.56,0.445,0.44,0.45,,,,
2026-01-06 10:33:04.947000+00:00,2026-01-06 10:33:05.197872+00:00,184.947,0.555,0.55,0.56,0.445,0.44,0.45,,,,
2026-01-06 10:33:05.899000+00:00,2026-01-06 10:33:06.200241+00:00,185.899,0.555,0.55,0.56,0.445,0.44,0.45,,,,
2026-01-06 10:33:06.946000+00:00,2026-01-06 10:33:07.201209+00:00,186.946,0.555,0.55,0.56,0.445,0.44,0.45,,,,
2026-01-06 10:33:07.953000+00:00,2026-01-06 10:33:08.215960+00:00,187.953,0.555,0.55,0.56,0.445,0.44,0.45,,,,
2026-01-06 10:33:08.965000+00:00,2026-01-06 10:33:09.215491+00:00,188.965,0.555,0.55,0.56,0.445,0.44,0.45,,,,
2026-01-06 10:33:09.959000+00:00,2026-01-06 10:33:10.213780+00:00,189.959,0.555,0.55,0.56,0.445,0.44,0.45,,,,
2026-01-06 10:33:10.925000+00:00,2026-01-06 10:33:11.216475+00:00,190.925,0.555,0.55,0.56,0.445,0.44,0.45,,,,
2026-01-06 10:33:11.956000+00:00,2026-01-06 10:33:12.223183+00:00,191.956,0.555,0.55,0.56,0.445,0.44,0.45,,,,
2026-01-06 10:33:12.865000+00:00,2026-01-06 10:33:13.229890+00:00,192.865,0.555,0.55,0.56,0.445,0.44,0.45,,,,
2026-01-06 10:33:13.850000+00:00,2026-01-06 10:33:14.229930+00:00,193.85,0.555,0.55,0.56,0.445,0.44,0.45,,,,
2026-01-06 10:33:14.796000+00:00,2026-01-06 10:33:15.231600+00:00,194.796,0.555,0.55,0.56,0.445,0.44,0.45,,,,
2026-01-06 10:33:15.442000+00:00,2026-01-06 10:33:16.231447+00:00,195.442,0.555,0.55,0.56,0.445,0.44,0.45,,,,
2026-01-06 10:33:16.929000+00:00,2026-01-06 10:33:17.252114+00:00,196.929,0.555,0.55,0.56,0.445,0.44,0.45,,,,
2026-01-06 10:33:17.886000+00:00,2026-01-06 10:33:18.262337+00:00,197.886,0.555,0.55,0.56,0.445,0.44,0.45,,,,
2026-01-06 10:33:18.861000+00:00,2026-01-06 10:33:19.251629+00:00,198.861,0.555,0.55,0.56,0.445,0.44,0.45,,,,
2026-01-06 10:33:20.017000+00:00,2026-01-06 10:33:20.271427+00:00,200.017,0.555,0.55,0.56,0.445,0.44,0.45,,,,
2026-01-06 10:33:21.958000+00:00,2026-01-06 10:33:22.280821+00:00,201.958,0.515,0.51,0.52,0.485,0.48,0.49,,,,
2026-01-06 10:33:23.010000+00:00,2026-01-06 10:33:23.279652+00:00,203.01,0.515,0.51,0.52,0.485,0.48,0.49,,,,
2026-01-06 10:33:24.027000+00:00,2026-01-06 10:33:24.281161+00:00,204.027,0.515,0.51,0.52,0.485,0.48,0.49,,,,
2026-01-06 10:33:25.036000+00:00,2026-01-06 10:33:25.298477+00:00,205.036,0.515,0.51,0.52,0.475,0.47,0.48,,,,
2026-01-06 10:33:26.909000+00:00,2026-01-06 10:33:27.320572+00:00,206.909,0.535,0.53,0.54,0.4649999999999999,0.46,0.47,,,,
2026-01-06 10:33:28.052000+00:00,2026-01-06 10:33:28.325457+00:00,208.052,0.545,0.54,0.55,0.455,0.45,0.46,,,,
2026-01-06 10:33:29.068000+00:00,2026-01-06 10:33:29.326056+00:00,209.068,0.555,0.55,0.56,0.445,0.44,0.45,,,,
2026-01-06 10:33:30.048000+00:00,2026-01-06 10:33:30.341810+00:00,210.048,0.545,0.54,0.55,0.455,0.45,0.46,,,,
2026-01-06 10:33:31.090000+00:00,2026-01-06 10:33:31.353066+00:00,211.09,0.555,0.55,0.56,0.445,0.44,0.45,,,,
2026-01-06 10:33:32.027000+00:00,2026-01-06 10:33:32.357538+00:00,212.027,0.555,0.55,0.56,0.445,0.44,0.45,,,,
2026-01-06 10:33:33.108000+00:00,2026-01-06 10:33:33.380139+00:00,213.108,0.555,0.55,0.56,0.445,0.44,0.45,,,,
2026-01-06 10:33:34.115000+00:00,2026-01-06 10:33:34.387553+00:00,214.115,0.555,0.55,0.56,0.445,0.44,0.45,,,,
2026-01-06 10:33:35.820000+00:00,2026-01-06 10:33:36.420099+00:00,215.82,0.555,0.55,0.56,0.445,0.44,0.45,,,,
2026-01-06 10:33:36.796000+00:00,2026-01-06 10:33:37.438737+00:00,216.796,0.555,0.55,0.56,0.445,0.44,0.45,,,,
2026-01-06 10:33:38.175000+00:00,2026-01-06 10:33:38.435493+00:00,218.175,0.555,0.55,0.56,0.445,0.44,0.45,,,,
2026-01-06 10:33:39.172000+00:00,2026-01-06 10:33:39.454404+00:00,219.172,0.555,0.55,0.56,0.445,0.44,0.45,,,,
2026-01-06 10:33:40.185000+00:00,2026-01-06 10:33:40.476219+00:00,220.185,0.545,0.54,0.55,0.455,0.45,0.46,,,,
2026-01-06 10:33:41.220000+00:00,2026-01-06 10:33:41.485503+00:00,221.22,0.545,0.54,0.55,0.455,0.45,0.46,,,,
2026-01-06 10:33:42.132000+00:00,2026-01-06 10:33:42.490635+00:00,222.132,0.545,0.54,0.55,0.455,0.45,0.46,,,,
2026-01-06 10:33:43.239000+00:00,2026-01-06 10:33:43.490574+00:00,223.239,0.545,0.54,0.55,0.455,0.45,0.46,,,,
2026-01-06 10:33:44.767000+00:00,2026-01-06 10:33:45.501743+00:00,224.767,0.555,0.55,0.56,0.445,0.44,0.45,,,,
2026-01-06 10:33:46.233000+00:00,2026-01-06 10:33:46.502440+00:00,226.233,0.555,0.55,0.56,0.445,0.44,0.45,,,,
2026-01-06 10:33:47.217000+00:00,2026-01-06 10:33:47.498728+00:00,227.217,0.555,0.55,0.56,0.445,0.44,0.45,,,,
2026-01-06 10:33:48.250000+00:00,2026-01-06 10:33:48.504238+00:00,228.25,0.555,0.55,0.56,0.445,0.44,0.45,,,,
2026-01-06 10:33:49.146000+00:00,2026-01-06 10:33:49.506657+00:00,229.146,0.575,0.57,0.58,0.425,0.42,0.43,,,,
2026-01-06 10:33:50.252000+00:00,2026-01-06 10:33:50.512408+00:00,230.252,0.595,0.59,0.6,0.405,0.4,0.41,,,,
2026-01-06 10:33:51.229000+00:00,2026-01-06 10:33:51.514318+00:00,231.229,0.595,0.59,0.6,0.405,0.4,0.41,,,,
2026-01-06 10:33:52.281000+00:00,2026-01-06 10:33:52.537480+00:00,232.281,0.595,0.59,0.6,0.405,0.4,0.41,,,,
2026-01-06 10:33:53.251000+00:00,2026-01-06 10:33:53.545760+00:00,233.251,0.625,0.62,0.63,0.375,0.37,0.38,,,,
2026-01-06 10:33:54.287000+00:00,2026-01-06 10:33:54.552319+00:00,234.287,0.635,0.63,0.64,0.365,0.36,0.37,,,,
2026-01-06 10:33:55.166000+00:00,2026-01-06 10:33:55.551884+00:00,235.166,0.635,0.63,0.64,0.365,0.36,0.37,,,,
2026-01-06 10:33:56.249000+00:00,2026-01-06 10:33:56.554018+00:00,236.249,0.63,0.62,0.64,0.37,0.36,0.38,,,,
2026-01-06 10:33:57.277000+00:00,2026-01-06 10:33:57.567852+00:00,237.277,0.63,0.62,0.64,0.375,0.37,0.38,,,,
2026-01-06 10:33:58.357000+00:00,2026-01-06 10:33:58.569269+00:00,238.357,0.63,0.62,0.64,0.37,0.36,0.38,,,,
2026-01-06 10:33:59.317000+00:00,2026-01-06 10:33:59.571105+00:00,239.317,0.63,0.62,0.64,0.37,0.36,0.38,,,,
2026-01-06 10:34:00.263000+00:00,2026-01-06 10:34:00.571381+00:00,240.263,0.625,0.62,0.63,0.37,0.36,0.38,,,,
2026-01-06 10:34:01.318000+00:00,2026-01-06 10:34:01.569241+00:00,241.318,0.635,0.63,0.64,0.365,0.36,0.37,,,,
2026-01-06 10:34:02.297000+00:00,2026-01-06 10:34:02.586771+00:00,242.297,0.635,0.63,0.64,0.365,0.36,0.37,,,,
2026-01-06 10:34:03.342000+00:00,2026-01-06 10:34:03.597932+00:00,243.342,0.635,0.63,0.64,0.365,0.36,0.37,,,,
2026-01-06 10:34:04.358000+00:00,2026-01-06 10:34:04.622135+00:00,244.358,0.635,0.63,0.64,0.365,0.36,0.37,,,,
2026-01-06 10:34:05.383000+00:00,2026-01-06 10:34:05.636114+00:00,245.383,0.565,0.56,0.57,0.455,0.45,0.46,,,,
2026-01-06 10:34:06.394000+00:00,2026-01-06 10:34:06.648254+00:00,246.394,0.545,0.54,0.55,0.455,0.45,0.46,,,,
2026-01-06 10:34:07.395000+00:00,2026-01-06 10:34:07.654695+00:00,247.395,0.545,0.54,0.55,0.455,0.45,0.46,,,,
2026-01-06 10:34:08.366000+00:00,2026-01-06 10:34:08.657492+00:00,248.366,0.545,0.54,0.55,0.455,0.45,0.46,,,,
2026-01-06 10:34:09.402000+00:00,2026-01-06 10:34:09.672919+00:00,249.402,0.545,0.54,0.55,0.455,0.45,0.46,,,,
2026-01-06 10:34:10.448000+00:00,2026-01-06 10:34:10.698242+00:00,250.448,0.545,0.54,0.55,0.455,0.45,0.46,,,,
2026-01-06 10:34:11.429000+00:00,2026-01-06 10:34:11.704803+00:00,251.429,0.545,0.54,0.55,0.455,0.45,0.46,,,,
2026-01-06 10:34:12.447000+00:00,2026-01-06 10:34:12.720198+00:00,252.447,0.545,0.54,0.55,0.455,0.45,0.46,,,,
2026-01-06 10:34:13.472000+00:00,2026-01-06 10:34:13.721378+00:00,253.472,0.545,0.54,0.55,0.455,0.45,0.46,,,,
2026-01-06 10:34:14.412000+00:00,2026-01-06 10:34:14.735425+00:00,254.412,0.545,0.54,0.55,0.455,0.45,0.46,,,,
2026-01-06 10:34:15.424000+00:00,2026-01-06 10:34:15.745092+00:00,255.424,0.545,0.54,0.55,0.455,0.45,0.46,,,,
2026-01-06 10:34:16.503000+00:00,2026-01-06 10:34:16.752662+00:00,256.503,0.545,0.54,0.55,0.455,0.45,0.46,,,,
2026-01-06 10:34:17.487000+00:00,2026-01-06 10:34:17.765440+00:00,257.487,0.515,0.51,0.52,0.485,0.48,0.49,,,,
2026-01-06 10:34:18.513000+00:00,2026-01-06 10:34:18.770359+00:00,258.513,0.515,0.51,0.52,0.485,0.48,0.49,,,,
2026-01-06 10:34:19.481000+00:00,2026-01-06 10:34:19.786315+00:00,259.481,0.505,0.5,0.51,0.495,0.49,0.5,,,,
2026-01-06 10:34:20.455000+00:00,2026-01-06 10:34:20.784066+00:00,260.455,0.505,0.5,0.51,0.495,0.49,0.5,,,,
2026-01-06 10:34:21.549000+00:00,2026-01-06 10:34:21.804041+00:00,261.549,0.515,0.51,0.52,0.485,0.48,0.49,,,,
2026-01-06 10:34:22.556000+00:00,2026-01-06 10:34:22.816993+00:00,262.556,0.515,0.51,0.52,0.485,0.48,0.49,,,,
2026-01-06 10:34:23.512000+00:00,2026-01-06 10:34:23.812052+00:00,263.512,0.505,0.5,0.51,0.495,0.49,0.5,,,,
2026-01-06 10:34:24.430000+00:00,2026-01-06 10:34:24.835961+00:00,264.43,0.505,0.5,0.51,0.495,0.49,0.5,,,,
2026-01-06 10:34:25.487000+00:00,2026-01-06 10:34:25.838076+00:00,265.487,0.505,0.5,0.51,0.495,0.49,0.5,,,,
2026-01-06 10:34:26.527000+00:00,2026-01-06 10:34:26.850956+00:00,266.527,0.505,0.5,0.51,0.495,0.49,0.5,,,,
2026-01-06 10:34:27.272000+00:00,2026-01-06 10:34:27.860384+00:00,267.272,0.505,0.5,0.51,0.495,0.49,0.5,,,,
2026-01-06 10:34:28.513000+00:00,2026-01-06 10:34:28.869717+00:00,268.513,0.505,0.5,0.51,0.495,0.49,0.5,,,,
2026-01-06 10:34:29.625000+00:00,2026-01-06 10:34:29.868402+00:00,269.625,0.51,0.5,0.52,0.49,0.48,0.5,,,,
2026-01-06 10:34:30.622000+00:00,2026-01-06 10:34:30.882304+00:00,270.622,0.505,0.5,0.51,0.495,0.49,0.5,,,,
2026-01-06 10:34:31.469000+00:00,2026-01-06 10:34:31.887853+00:00,271.469,0.505,0.5,0.51,0.495,0.49,0.5,,,,
2026-01-06 10:34:32.615000+00:00,2026-01-06 10:34:32.884380+00:00,272.615,0.505,0.5,0.51,0.495,0.49,0.5,,,,
2026-01-06 10:34:33.641000+00:00,2026-01-06 10:34:33.893225+00:00,273.641,0.505,0.5,0.51,0.495,0.49,0.5,,,,
2026-01-06 10:34:34.648000+00:00,2026-01-06 10:34:34.895023+00:00,274.648,0.545,0.54,0.55,0.455,0.45,0.46,,,,
2026-01-06 10:34:35.485000+00:00,2026-01-06 10:34:35.896401+00:00,275.485,0.545,0.54,0.55,0.455,0.45,0.46,,,,
2026-01-06 10:34:36.653000+00:00,2026-01-06 10:34:36.913487+00:00,276.653,0.55,0.54,0.56,0.45,0.44,0.46,,,,
2026-01-06 10:34:37.653000+00:00,2026-01-06 10:34:37.912803+00:00,277.653,0.55,0.54,0.56,0.45,0.44,0.46,,,,
2026-01-06 10:34:38.571000+00:00,2026-01-06 10:34:38.905181+00:00,278.571,0.55,0.54,0.56,0.45,0.44,0.46,,,,
2026-01-06 10:34:39.396000+00:00,2026-01-06 10:34:39.910522+00:00,279.396,0.55,0.54,0.56,0.45,0.44,0.46,,,,
2026-01-06 10:34:40.676000+00:00,2026-01-06 10:34:40.929259+00:00,280.676,0.545,0.54,0.55,0.455,0.45,0.46,,,,
2026-01-06 10:34:41.674000+00:00,2026-01-06 10:34:41.928968+00:00,281.674,0.53,0.52,0.54,0.475,0.47,0.48,,,,
2026-01-06 10:34:42.681000+00:00,2026-01-06 10:34:42.934856+00:00,282.681,0.505,0.5,0.51,0.495,0.49,0.5,,,,
2026-01-06 10:34:43.699000+00:00,2026-01-06 10:34:43.950790+00:00,283.699,0.495,0.49,0.5,0.5,0.49,0.51,,,,
2026-01-06 10:34:44.394000+00:00,2026-01-06 10:34:44.970547+00:00,284.394,0.505,0.5,0.51,0.495,0.49,0.5,,,,
2026-01-06 10:34:45.589000+00:00,2026-01-06 10:34:45.971658+00:00,285.589,0.505,0.5,0.51,0.495,0.49,0.5,,,,
2026-01-06 10:34:46.707000+00:00,2026-01-06 10:34:46.986934+00:00,286.707,0.505,0.5,0.51,0.495,0.49,0.5,,,,
2026-01-06 10:34:47.709000+00:00,2026-01-06 10:34:47.995654+00:00,287.709,0.5,0.49,0.51,0.5,0.49,0.51,,,,
2026-01-06 10:34:48.734000+00:00,2026-01-06 10:34:49.017280+00:00,288.734,0.495,0.49,0.5,0.505,0.5,0.51,,,,
2026-01-06 10:34:49.715000+00:00,2026-01-06 10:34:50.013558+00:00,289.715,0.5,0.49,0.51,0.5,0.49,0.51,,,,
2026-01-06 10:34:50.748000+00:00,2026-01-06 10:34:51.033689+00:00,290.748,0.505,0.5,0.51,0.5,0.49,0.51,,,,
2026-01-06 10:34:51.787000+00:00,2026-01-06 10:34:52.045013+00:00,291.787,0.5,0.49,0.51,0.5,0.49,0.51,,,,
2026-01-06 10:34:52.360000+00:00,2026-01-06 10:34:53.061485+00:00,292.36,0.505,0.5,0.51,0.495,0.49,0.5,,,,
2026-01-06 10:34:53.820000+00:00,2026-01-06 10:34:54.068825+00:00,293.82,0.505,0.5,0.51,0.495,0.49,0.5,,,,
2026-01-06 10:34:54.681000+00:00,2026-01-06 10:34:55.087312+00:00,294.681,0.515,0.51,0.52,0.485,0.48,0.49,,,,
2026-01-06 10:34:55.819000+00:00,2026-01-06 10:34:56.079353+00:00,295.819,0.515,0.51,0.52,0.485,0.48,0.49,,,,
2026-01-06 10:34:56.778000+00:00,2026-01-06 10:34:57.086397+00:00,296.778,0.515,0.51,0.52,0.485,0.48,0.49,,,,
2026-01-06 10:34:57.576000+00:00,2026-01-06 10:34:58.081538+00:00,297.576,0.515,0.51,0.52,0.49,0.48,0.5,,,,
2026-01-06 10:34:58.740000+00:00,2026-01-06 10:34:59.093102+00:00,298.74,0.515,0.51,0.52,0.485,0.48,0.49,,,,
2026-01-06 10:34:59.750000+00:00,2026-01-06 10:35:00.094804+00:00,299.75,0.51,0.5,0.52,0.49,0.48,0.5,,,,
2026-01-06 10:35:00.830000+00:00,2026-01-06 10:35:01.111051+00:00,300.83,0.51,0.5,0.52,0.49,0.48,0.5,,,,
2026-01-06 10:35:01.788000+00:00,2026-01-06 10:35:02.119748+00:00,301.788,0.505,0.5,0.51,0.495,0.49,0.5,,,,
2026-01-06 10:35:02.883000+00:00,2026-01-06 10:35:03.140454+00:00,302.883,0.505,0.5,0.51,0.495,0.49,0.5,,,,
2026-01-06 10:35:03.820000+00:00,2026-01-06 10:35:04.159722+00:00,303.82,0.505,0.5,0.51,0.495,0.49,0.5,,,,
2026-01-06 10:35:04.844000+00:00,2026-01-06 10:35:05.178097+00:00,304.844,0.505,0.5,0.51,0.495,0.49,0.5,,,,
2026-01-06 10:35:05.841000+00:00,2026-01-06 10:35:06.176936+00:00,305.841,0.515,0.51,0.52,0.485,0.48,0.49,,,,
2026-01-06 10:35:06.838000+00:00,2026-01-06 10:35:07.176681+00:00,306.838,0.515,0.51,0.52,0.485,0.48,0.49,,,,
2026-01-06 10:35:07.888000+00:00,2026-01-06 10:35:08.176620+00:00,307.888,0.515,0.51,0.52,0.485,0.48,0.49,,,,
2026-01-06 10:35:08.921000+00:00,2026-01-06 10:35:09.191802+00:00,308.921,0.515,0.51,0.52,0.485,0.48,0.49,,,,
2026-01-06 10:35:09.955000+00:00,2026-01-06 10:35:10.209334+00:00,309.955,0.505,0.5,0.51,0.495,0.49,0.5,,,,
2026-01-06 10:35:10.887000+00:00,2026-01-06 10:35:11.214058+00:00,310.887,0.505,0.5,0.51,0.495,0.49,0.5,,,,
2026-01-06 10:35:12.962000+00:00,2026-01-06 10:35:13.227897+00:00,312.962,0.385,0.38,0.39,0.615,0.61,0.62,,,,
2026-01-06 10:35:13.978000+00:00,2026-01-06 10:35:14.237170+00:00,313.978,0.365,0.36,0.37,0.635,0.63,0.64,,,,
2026-01-06 10:35:14.982000+00:00,2026-01-06 10:35:15.242078+00:00,314.982,0.375,0.37,0.38,0.625,0.62,0.63,,,,
2026-01-06 10:35:15.978000+00:00,2026-01-06 10:35:16.232041+00:00,315.978,0.395,0.39,0.4,0.605,0.6,0.61,,,,
2026-01-06 10:35:16.979000+00:00,2026-01-06 10:35:17.237264+00:00,316.979,0.405,0.4,0.41,0.595,0.59,0.6,,,,
2026-01-06 10:35:17.997000+00:00,2026-01-06 10:35:18.255078+00:00,317.997,0.405,0.4,0.41,0.595,0.59,0.6,,,,
2026-01-06 10:35:18.895000+00:00,2026-01-06 10:35:19.267274+00:00,318.895,0.405,0.4,0.41,0.595,0.59,0.6,,,,
2026-01-06 10:35:20.008000+00:00,2026-01-06 10:35:20.270306+00:00,320.008,0.415,0.41,0.42,0.585,0.58,0.59,,,,
2026-01-06 10:35:21.973000+00:00,2026-01-06 10:35:22.310369+00:00,321.973,0.445,0.44,0.45,0.55,0.54,0.56,,,,
2026-01-06 10:35:22.989000+00:00,2026-01-06 10:35:23.314580+00:00,322.989,0.455,0.45,0.46,0.545,0.54,0.55,,,,
2026-01-06 10:35:24.045000+00:00,2026-01-06 10:35:24.316680+00:00,324.045,0.4599999999999999,0.45,0.47,0.54,0.53,0.55,,,,
2026-01-06 10:35:25.069000+00:00,2026-01-06 10:35:25.328096+00:00,325.069,0.4599999999999999,0.45,0.47,0.54,0.53,0.55,,,,
2026-01-06 10:35:26.031000+00:00,2026-01-06 10:35:26.327188+00:00,326.031,0.455,0.45,0.46,0.545,0.54,0.55,,,,
2026-01-06 10:35:27.988000+00:00,2026-01-06 10:35:28.319846+00:00,327.988,0.4649999999999999,0.45,0.48,0.535,0.52,0.55,,,,
2026-01-06 10:35:28.985000+00:00,2026-01-06 10:35:29.328018+00:00,328.985,0.4649999999999999,0.45,0.48,0.535,0.52,0.55,,,,
2026-01-06 10:35:30.076000+00:00,2026-01-06 10:35:30.335592+00:00,330.076,0.455,0.45,0.46,0.545,0.54,0.55,,,,
2026-01-06 10:35:31.067000+00:00,2026-01-06 10:35:31.326755+00:00,331.067,0.455,0.45,0.46,0.545,0.54,0.55,,,,
2026-01-06 10:35:32.073000+00:00,2026-01-06 10:35:32.326940+00:00,332.073,0.475,0.47,0.48,0.525,0.52,0.53,,,,
2026-01-06 10:35:33.071000+00:00,2026-01-06 10:35:33.332305+00:00,333.071,0.4649999999999999,0.46,0.47,0.535,0.53,0.54,,,,
2026-01-06 10:35:34.040000+00:00,2026-01-06 10:35:34.335687+00:00,334.04,0.4649999999999999,0.46,0.47,0.535,0.53,0.54,,,,
2026-01-06 10:35:35.939000+00:00,2026-01-06 10:35:36.360288+00:00,335.939,0.4599999999999999,0.45,0.47,0.54,0.53,0.55,,,,
2026-01-06 10:35:37.133000+00:00,2026-01-06 10:35:37.381574+00:00,337.133,0.4599999999999999,0.45,0.47,0.54,0.53,0.55,,,,
2026-01-06 10:35:38.994000+00:00,2026-01-06 10:35:39.397606+00:00,338.994,0.445,0.44,0.45,0.555,0.55,0.56,,,,
2026-01-06 10:35:39.934000+00:00,2026-01-06 10:35:40.410043+00:00,339.934,0.45,0.44,0.46,0.55,0.54,0.56,,,,
2026-01-06 10:35:41.034000+00:00,2026-01-06 10:35:41.409988+00:00,341.034,0.445,0.44,0.45,0.555,0.55,0.56,,,,
2026-01-06 10:35:42.159000+00:00,2026-01-06 10:35:42.410465+00:00,342.159,0.435,0.42,0.45,0.5700000000000001,0.56,0.58,,,,
2026-01-06 10:35:43.092000+00:00,2026-01-06 10:35:43.409814+00:00,343.092,0.435,0.43,0.44,0.56,0.55,0.57,,,,
2026-01-06 10:35:44.071000+00:00,2026-01-06 10:35:44.415643+00:00,344.071,0.44,0.43,0.45,0.56,0.55,0.57,,,,
2026-01-06 10:35:45.097000+00:00,2026-01-06 10:35:45.415196+00:00,345.097,0.44,0.43,0.45,0.56,0.55,0.57,,,,
2026-01-06 10:35:46.123000+00:00,2026-01-06 10:35:46.418437+00:00,346.123,0.445,0.44,0.45,0.555,0.55,0.56,,,,
2026-01-06 10:35:47.154000+00:00,2026-01-06 10:35:47.412835+00:00,347.154,0.445,0.44,0.45,0.555,0.55,0.56,,,,
2026-01-06 10:35:48.707000+00:00,2026-01-06 10:35:49.441149+00:00,348.707,0.44,0.43,0.45,0.56,0.55,0.57,,,,
2026-01-06 10:35:50.965000+00:00,2026-01-06 10:35:51.464337+00:00,350.965,0.44,0.43,0.45,0.56,0.55,0.57,,,,
2026-01-06 10:35:52.968000+00:00,2026-01-06 10:35:53.498305+00:00,352.968,0.44,0.43,0.45,0.56,0.55,0.57,,,,
2026-01-06 10:35:54.239000+00:00,2026-01-06 10:35:54.514808+00:00,354.239,0.44,0.43,0.45,0.565,0.56,0.57,,,,
2026-01-06 10:35:55.275000+00:00,2026-01-06 10:35:55.533964+00:00,355.275,0.435,0.43,0.44,0.565,0.56,0.57,,,,
2026-01-06 10:35:56.281000+00:00,2026-01-06 10:35:56.542278+00:00,356.281,0.43,0.42,0.44,0.5700000000000001,0.56,0.58,,,,
2026-01-06 10:35:57.230000+00:00,2026-01-06 10:35:57.548972+00:00,357.23,0.425,0.42,0.43,0.575,0.57,0.58,,,,
2026-01-06 10:35:58.251000+00:00,2026-01-06 10:35:58.567750+00:00,358.251,0.43,0.42,0.44,0.5700000000000001,0.56,0.58,,,,
2026-01-06 10:35:59.226000+00:00,2026-01-06 10:35:59.569508+00:00,359.226,0.415,0.41,0.42,0.585,0.58,0.59,,,,
2026-01-06 10:36:00.310000+00:00,2026-01-06 10:36:00.583188+00:00,360.31,0.42,0.41,0.43,0.58,0.57,0.59,,,,
2026-01-06 10:36:01.240000+00:00,2026-01-06 10:36:01.582523+00:00,361.24,0.42,0.41,0.43,0.58,0.57,0.59,,,,
2026-01-06 10:36:02.301000+00:00,2026-01-06 10:36:02.582267+00:00,362.301,0.385,0.38,0.39,0.615,0.61,0.62,,,,
2026-01-06 10:36:03.339000+00:00,2026-01-06 10:36:03.598241+00:00,363.339,0.375,0.37,0.38,0.625,0.62,0.63,,,,
2026-01-06 10:36:04.367000+00:00,2026-01-06 10:36:04.616297+00:00,364.367,0.375,0.37,0.38,0.625,0.62,0.63,,,,
2026-01-06 10:36:05.314000+00:00,2026-01-06 10:36:05.630025+00:00,365.314,0.375,0.37,0.38,0.625,0.62,0.63,,,,
2026-01-06 10:36:06.401000+00:00,2026-01-06 10:36:06.643697+00:00,366.401,0.375,0.37,0.38,0.625,0.62,0.63,,,,
2026-01-06 10:36:07.353000+00:00,2026-01-06 10:36:07.646933+00:00,367.353,0.385,0.38,0.39,0.615,0.61,0.62,,,,
2026-01-06 10:36:08.339000+00:00,2026-01-06 10:36:08.648829+00:00,368.339,0.385,0.37,0.4,0.615,0.6,0.63,,,,
2026-01-06 10:36:09.404000+00:00,2026-01-06 10:36:09.658363+00:00,369.404,0.385,0.37,0.4,0.615,0.6,0.63,,,,
2026-01-06 10:36:10.522000+00:00,2026-01-06 10:36:10.661844+00:00,370.522,0.38,0.37,0.39,0.615,0.6,0.63,,,,
2026-01-06 10:36:11.222000+00:00,2026-01-06 10:36:11.678527+00:00,371.222,0.375,0.37,0.38,0.625,0.62,0.63,,,,
2026-01-06 10:36:12.439000+00:00,2026-01-06 10:36:12.680293+00:00,372.439,0.325,0.32,0.33,0.675,0.67,0.68,,,,
2026-01-06 10:36:13.458000+00:00,2026-01-06 10:36:13.693234+00:00,373.458,0.315,0.31,0.32,0.685,0.68,0.69,,,,
2026-01-06 10:36:14.443000+00:00,2026-01-06 10:36:14.707615+00:00,374.443,0.315,0.31,0.32,0.685,0.68,0.69,,,,
2026-01-06 10:36:15.481000+00:00,2026-01-06 10:36:15.721510+00:00,375.481,0.315,0.31,0.32,0.685,0.68,0.69,,,,
2026-01-06 10:36:16.378000+00:00,2026-01-06 10:36:16.734359+00:00,376.378,0.315,0.31,0.32,0.685,0.68,0.69,,,,
2026-01-06 10:36:17.403000+00:00,2026-01-06 10:36:17.749915+00:00,377.403,0.32,0.31,0.33,0.6799999999999999,0.67,0.69,,,,
2026-01-06 10:36:18.489000+00:00,2026-01-06 10:36:18.745902+00:00,378.489,0.32,0.31,0.33,0.6799999999999999,0.67,0.69,,,,
2026-01-06 10:36:19.491000+00:00,2026-01-06 10:36:19.742520+00:00,379.491,0.355,0.35,0.36,0.645,0.64,0.65,,,,
2026-01-06 10:36:20.494000+00:00,2026-01-06 10:36:20.759072+00:00,380.494,0.37,0.36,0.38,0.63,0.62,0.64,,,,
2026-01-06 10:36:21.463000+00:00,2026-01-06 10:36:21.762858+00:00,381.463,0.37,0.36,0.38,0.63,0.62,0.64,,,,
2026-01-06 10:36:22.380000+00:00,2026-01-06 10:36:22.758513+00:00,382.38,0.37,0.36,0.38,0.63,0.62,0.64,,,,
2026-01-06 10:36:23.483000+00:00,2026-01-06 10:36:23.765283+00:00,383.483,0.37,0.36,0.38,0.63,0.62,0.64,,,,
2026-01-06 10:36:24.501000+00:00,2026-01-06 10:36:24.773739+00:00,384.501,0.37,0.36,0.38,0.63,0.62,0.64,,,,
2026-01-06 10:36:25.505000+00:00,2026-01-06 10:36:25.775761+00:00,385.505,0.37,0.36,0.38,0.63,0.62,0.64,,,,
2026-01-06 10:36:26.512000+00:00,2026-01-06 10:36:26.775838+00:00,386.512,0.38,0.37,0.39,0.625,0.62,0.63,,,,
2026-01-06 10:36:27.440000+00:00,2026-01-06 10:36:27.778158+00:00,387.44,0.365,0.36,0.37,0.635,0.63,0.64,,,,
2026-01-06 10:36:28.479000+00:00,2026-01-06 10:36:28.792149+00:00,388.479,0.37,0.36,0.38,0.63,0.62,0.64,,,,
2026-01-06 10:36:29.512000+00:00,2026-01-06 10:36:29.809197+00:00,389.512,0.37,0.36,0.38,0.63,0.62,0.64,,,,
2026-01-06 10:36:30.563000+00:00,2026-01-06 10:36:30.814336+00:00,390.563,0.365,0.36,0.37,0.635,0.63,0.64,,,,
2026-01-06 10:36:31.575000+00:00,2026-01-06 10:36:31.826195+00:00,391.575,0.365,0.36,0.37,0.635,0.63,0.64,,,,
2026-01-06 10:36:32.473000+00:00,2026-01-06 10:36:32.838245+00:00,392.473,0.365,0.36,0.37,0.635,0.63,0.64,,,,
2026-01-06 10:36:33.584000+00:00,2026-01-06 10:36:33.842398+00:00,393.584,0.365,0.36,0.37,0.64,0.63,0.65,,,,
2026-01-06 10:36:34.459000+00:00,2026-01-06 10:36:34.859966+00:00,394.459,0.355,0.35,0.36,0.645,0.64,0.65,,,,
2026-01-06 10:36:35.477000+00:00,2026-01-06 10:36:35.862558+00:00,395.477,0.355,0.35,0.36,0.645,0.64,0.65,,,,
2026-01-06 10:36:36.607000+00:00,2026-01-06 10:36:36.882271+00:00,396.607,0.35,0.34,0.36,0.65,0.64,0.66,,,,
2026-01-06 10:36:37.536000+00:00,2026-01-06 10:36:37.894735+00:00,397.536,0.36,0.35,0.37,0.64,0.63,0.65,,,,
2026-01-06 10:36:38.660000+00:00,2026-01-06 10:36:38.916737+00:00,398.66,0.355,0.35,0.36,0.645,0.64,0.65,,,,
2026-01-06 10:36:39.609000+00:00,2026-01-06 10:36:39.930333+00:00,399.609,0.355,0.35,0.36,0.645,0.64,0.65,,,,
2026-01-06 10:36:40.693000+00:00,2026-01-06 10:36:40.925301+00:00,400.693,0.35,0.34,0.36,0.65,0.64,0.66,,,,
2026-01-06 10:36:41.636000+00:00,2026-01-06 10:36:41.924859+00:00,401.636,0.355,0.35,0.36,0.645,0.64,0.65,,,,
2026-01-06 10:36:42.669000+00:00,2026-01-06 10:36:42.928488+00:00,402.669,0.365,0.36,0.37,0.635,0.63,0.64,,,,
2026-01-06 10:36:43.666000+00:00,2026-01-06 10:36:43.939827+00:00,403.666,0.375,0.37,0.38,0.625,0.62,0.63,,,,
2026-01-06 10:36:44.695000+00:00,2026-01-06 10:36:44.957848+00:00,404.695,0.365,0.36,0.37,0.635,0.63,0.64,,,,
2026-01-06 10:36:45.696000+00:00,2026-01-06 10:36:45.975220+00:00,405.696,0.435,0.43,0.44,0.555,0.55,0.56,,,,
2026-01-06 10:36:46.562000+00:00,2026-01-06 10:36:46.981064+00:00,406.562,0.455,0.45,0.46,0.545,0.54,0.55,,,,
2026-01-06 10:36:47.745000+00:00,2026-01-06 10:36:48.002902+00:00,407.745,0.445,0.44,0.45,0.555,0.55,0.56,,,,
2026-01-06 10:36:48.638000+00:00,2026-01-06 10:36:49.008943+00:00,408.638,0.445,0.44,0.45,0.555,0.55,0.56,,,,
2026-01-06 10:36:49.709000+00:00,2026-01-06 10:36:50.012159+00:00,409.709,0.445,0.44,0.45,0.555,0.55,0.56,,,,
2026-01-06 10:36:50.766000+00:00,2026-01-06 10:36:51.010790+00:00,410.766,0.445,0.44,0.45,0.555,0.55,0.56,,,,
2026-01-06 10:36:51.607000+00:00,2026-01-06 10:36:52.011324+00:00,411.607,0.445,0.44,0.45,0.555,0.55,0.56,,,,
2026-01-06 10:36:52.765000+00:00,2026-01-06 10:36:53.021615+00:00,412.765,0.435,0.43,0.44,0.565,0.56,0.57,,,,
2026-01-06 10:36:53.520000+00:00,2026-01-06 10:36:54.026959+00:00,413.52,0.435,0.43,0.44,0.565,0.56,0.57,,,,
2026-01-06 10:36:54.583000+00:00,2026-01-06 10:36:55.041122+00:00,414.583,0.435,0.43,0.44,0.575,0.57,0.58,,,,
2026-01-06 10:36:55.791000+00:00,2026-01-06 10:36:56.056109+00:00,415.791,0.425,0.42,0.43,0.575,0.57,0.58,,,,
2026-01-06 10:36:56.777000+00:00,2026-01-06 10:36:57.057581+00:00,416.777,0.425,0.42,0.43,0.575,0.57,0.58,,,,
2026-01-06 10:36:57.784000+00:00,2026-01-06 10:36:58.074491+00:00,417.784,0.425,0.42,0.43,0.595,0.59,0.6,,,,
2026-01-06 10:36:58.763000+00:00,2026-01-06 10:36:59.091578+00:00,418.763,0.41,0.4,0.42,0.595,0.59,0.6,,,,
2026-01-06 10:36:59.775000+00:00,2026-01-06 10:37:00.089097+00:00,419.775,0.405,0.4,0.41,0.595,0.59,0.6,,,,
2026-01-06 10:37:00.847000+00:00,2026-01-06 10:37:01.094448+00:00,420.847,0.405,0.4,0.41,0.585,0.58,0.59,,,,
2026-01-06 10:37:01.838000+00:00,2026-01-06 10:37:02.097745+00:00,421.838,0.425,0.42,0.43,0.575,0.57,0.58,,,,
2026-01-06 10:37:02.725000+00:00,2026-01-06 10:37:03.107802+00:00,422.725,0.415,0.41,0.42,0.585,0.58,0.59,,,,
2026-01-06 10:37:03.877000+00:00,2026-01-06 10:37:04.132709+00:00,423.877,0.415,0.41,0.42,0.585,0.58,0.59,,,,
2026-01-06 10:37:04.867000+00:00,2026-01-06 10:37:05.123861+00:00,424.867,0.405,0.4,0.41,0.595,0.59,0.6,,,,
2026-01-06 10:37:05.870000+00:00,2026-01-06 10:37:06.123997+00:00,425.87,0.405,0.4,0.41,0.595,0.59,0.6,,,,
2026-01-06 10:37:06.899000+00:00,2026-01-06 10:37:07.140272+00:00,426.899,0.375,0.37,0.38,0.63,0.62,0.64,,,,
2026-01-06 10:37:07.760000+00:00,2026-01-06 10:37:08.148480+00:00,427.76,0.365,0.36,0.37,0.635,0.63,0.64,,,,
2026-01-06 10:37:08.889000+00:00,2026-01-06 10:37:09.145169+00:00,428.889,0.365,0.36,0.37,0.64,0.63,0.65,,,,
2026-01-06 10:37:09.903000+00:00,2026-01-06 10:37:10.157460+00:00,429.903,0.345,0.34,0.35,0.66,0.65,0.67,,,,
2026-01-06 10:37:10.929000+00:00,2026-01-06 10:37:11.163058+00:00,430.929,0.325,0.32,0.33,0.67,0.66,0.68,,,,
2026-01-06 10:37:11.916000+00:00,2026-01-06 10:37:12.171753+00:00,431.916,0.335,0.33,0.34,0.665,0.66,0.67,,,,
2026-01-06 10:37:12.880000+00:00,2026-01-06 10:37:13.181009+00:00,432.88,0.335,0.33,0.34,0.665,0.66,0.67,,,,
2026-01-06 10:37:13.942000+00:00,2026-01-06 10:37:14.200789+00:00,433.942,0.3399999999999999,0.33,0.35,0.66,0.65,0.67,,,,
2026-01-06 10:37:14.944000+00:00,2026-01-06 10:37:15.209708+00:00,434.944,0.335,0.33,0.34,0.665,0.66,0.67,,,,
2026-01-06 10:37:15.913000+00:00,2026-01-06 10:37:16.203328+00:00,435.913,0.335,0.33,0.34,0.665,0.66,0.67,,,,
2026-01-06 10:37:16.807000+00:00,2026-01-06 10:37:17.210363+00:00,436.807,0.335,0.33,0.34,0.665,0.66,0.67,,,,
2026-01-06 10:37:17.928000+00:00,2026-01-06 10:37:18.208844+00:00,437.928,0.3399999999999999,0.33,0.35,0.66,0.65,0.67,,,,
2026-01-06 10:37:18.842000+00:00,2026-01-06 10:37:19.230844+00:00,438.842,0.3399999999999999,0.33,0.35,0.66,0.65,0.67,,,,
2026-01-06 10:37:19.986000+00:00,2026-01-06 10:37:20.237845+00:00,439.986,0.335,0.33,0.34,0.665,0.66,0.67,,,,
2026-01-06 10:37:20.867000+00:00,2026-01-06 10:37:21.256648+00:00,440.867,0.33,0.32,0.34,0.67,0.66,0.68,,,,
2026-01-06 10:37:22.966000+00:00,2026-01-06 10:37:23.281046+00:00,442.966,0.345,0.34,0.35,0.655,0.65,0.66,,,,
2026-01-06 10:37:23.971000+00:00,2026-01-06 10:37:24.290709+00:00,443.971,0.345,0.34,0.35,0.655,0.65,0.66,,,,
2026-01-06 10:37:24.988000+00:00,2026-01-06 10:37:25.299054+00:00,444.988,0.345,0.34,0.35,0.655,0.65,0.66,,,,
2026-01-06 10:37:25.955000+00:00,2026-01-06 10:37:26.307822+00:00,445.955,0.345,0.34,0.35,0.655,0.65,0.66,,,,
2026-01-06 10:37:27.038000+00:00,2026-01-06 10:37:27.307857+00:00,447.038,0.345,0.34,0.35,0.655,0.65,0.66,,,,
2026-01-06 10:37:28.071000+00:00,2026-01-06 10:37:28.321118+00:00,448.071,0.345,0.34,0.35,0.655,0.65,0.66,,,,
2026-01-06 10:37:29.024000+00:00,2026-01-06 10:37:29.338524+00:00,449.024,0.355,0.35,0.36,0.645,0.64,0.65,,,,
2026-01-06 10:37:30.085000+00:00,2026-01-06 10:37:30.338980+00:00,450.085,0.36,0.35,0.37,0.64,0.63,0.65,,,,
2026-01-06 10:37:31.087000+00:00,2026-01-06 10:37:31.338660+00:00,451.087,0.355,0.35,0.36,0.645,0.64,0.65,,,,
2026-01-06 10:37:32.099000+00:00,2026-01-06 10:37:32.352560+00:00,452.099,0.355,0.35,0.36,0.645,0.64,0.65,,,,
2026-01-06 10:37:33.087000+00:00,2026-01-06 10:37:33.352775+00:00,453.087,0.335,0.33,0.34,0.67,0.66,0.68,,,,
2026-01-06 10:37:34.035000+00:00,2026-01-06 10:37:34.363924+00:00,454.035,0.325,0.32,0.33,0.675,0.67,0.68,,,,
2026-01-06 10:37:35.116000+00:00,2026-01-06 10:37:35.372711+00:00,455.116,0.325,0.32,0.33,0.675,0.67,0.68,,,,
2026-01-06 10:37:36.131000+00:00,2026-01-06 10:37:36.386359+00:00,456.131,0.295,0.29,0.3,0.705,0.7,0.71,,,,
2026-01-06 10:37:37.155000+00:00,2026-01-06 10:37:37.408360+00:00,457.155,0.295,0.29,0.3,0.705,0.7,0.71,,,,
2026-01-06 10:37:38.154000+00:00,2026-01-06 10:37:38.411347+00:00,458.154,0.29,0.28,0.3,0.705,0.7,0.71,,,,
2026-01-06 10:37:39.153000+00:00,2026-01-06 10:37:39.416509+00:00,459.153,0.295,0.29,0.3,0.71,0.7,0.72,,,,
2026-01-06 10:37:40.066000+00:00,2026-01-06 10:37:40.417691+00:00,460.066,0.295,0.29,0.3,0.705,0.7,0.71,,,,
2026-01-06 10:37:41.145000+00:00,2026-01-06 10:37:41.432353+00:00,461.145,0.295,0.29,0.3,0.705,0.7,0.71,,,,
2026-01-06 10:37:42.114000+00:00,2026-01-06 10:37:42.446337+00:00,462.114,0.29,0.28,0.3,0.71,0.7,0.72,,,,
2026-01-06 10:37:43.189000+00:00,2026-01-06 10:37:43.440191+00:00,463.189,0.29,0.28,0.3,0.71,0.7,0.72,,,,
2026-01-06 10:37:44.174000+00:00,2026-01-06 10:37:44.438842+00:00,464.174,0.29,0.28,0.3,0.715,0.71,0.72,,,,
2026-01-06 10:37:45.200000+00:00,2026-01-06 10:37:45.457848+00:00,465.2,0.225,0.22,0.23,0.775,0.77,0.78,,,,
2026-01-06 10:37:46.211000+00:00,2026-01-06 10:37:46.471614+00:00,466.211,0.22,0.21,0.23,0.775,0.77,0.78,,,,
2026-01-06 10:37:47.130000+00:00,2026-01-06 10:37:47.471459+00:00,467.13,0.215,0.21,0.22,0.785,0.78,0.79,,,,
2026-01-06 10:37:48.184000+00:00,2026-01-06 10:37:48.483642+00:00,468.184,0.2249999999999999,0.21,0.24,0.775,0.76,0.79,,,,
2026-01-06 10:37:49.076000+00:00,2026-01-06 10:37:49.488396+00:00,469.076,0.2249999999999999,0.21,0.24,0.78,0.77,0.79,,,,
2026-01-06 10:37:50.227000+00:00,2026-01-06 10:37:50.484948+00:00,470.227,0.21,0.2,0.22,0.795,0.79,0.8,,,,
2026-01-06 10:37:51.218000+00:00,2026-01-06 10:37:51.505181+00:00,471.218,0.21,0.2,0.22,0.79,0.78,0.8,,,,
2026-01-06 10:37:52.245000+00:00,2026-01-06 10:37:52.509979+00:00,472.245,0.205,0.2,0.21,0.795,0.79,0.8,,,,
2026-01-06 10:37:53.041000+00:00,2026-01-06 10:37:53.515541+00:00,473.041,0.205,0.2,0.21,0.795,0.79,0.8,,,,
2026-01-06 10:37:54.258000+00:00,2026-01-06 10:37:54.512806+00:00,474.258,0.205,0.2,0.21,0.815,0.81,0.82,,,,
2026-01-06 10:37:55.244000+00:00,2026-01-06 10:37:55.513897+00:00,475.244,0.195,0.19,0.2,0.805,0.8,0.81,,,,
2026-01-06 10:37:56.259000+00:00,2026-01-06 10:37:56.525361+00:00,476.259,0.19,0.18,0.2,0.81,0.8,0.82,,,,
2026-01-06 10:37:57.222000+00:00,2026-01-06 10:37:57.524624+00:00,477.222,0.195,0.19,0.2,0.805,0.8,0.81,,,,
2026-01-06 10:37:58.114000+00:00,2026-01-06 10:37:58.526721+00:00,478.114,0.195,0.19,0.2,0.81,0.8,0.82,,,,
2026-01-06 10:37:59.272000+00:00,2026-01-06 10:37:59.537070+00:00,479.272,0.19,0.18,0.2,0.815,0.81,0.82,,,,
2026-01-06 10:38:00.249000+00:00,2026-01-06 10:38:00.531834+00:00,480.249,0.185,0.18,0.19,0.815,0.81,0.82,,,,
2026-01-06 10:38:01.256000+00:00,2026-01-06 10:38:01.536996+00:00,481.256,0.185,0.18,0.19,0.8200000000000001,0.81,0.83,,,,
2026-01-06 10:38:02.267000+00:00,2026-01-06 10:38:02.545715+00:00,482.267,0.185,0.18,0.19,0.815,0.81,0.82,,,,
2026-01-06 10:38:03.302000+00:00,2026-01-06 10:38:03.554913+00:00,483.302,0.205,0.2,0.21,0.795,0.79,0.8,,,,
2026-01-06 10:38:04.307000+00:00,2026-01-06 10:38:04.564351+00:00,484.307,0.205,0.2,0.21,0.795,0.79,0.8,,,,
2026-01-06 10:38:05.327000+00:00,2026-01-06 10:38:05.577023+00:00,485.327,0.205,0.2,0.21,0.795,0.79,0.8,,,,
2026-01-06 10:38:06.280000+00:00,2026-01-06 10:38:06.586933+00:00,486.28,0.205,0.2,0.21,0.795,0.79,0.8,,,,
2026-01-06 10:38:07.283000+00:00,2026-01-06 10:38:07.604101+00:00,487.283,0.205,0.2,0.21,0.79,0.78,0.8,,,,
2026-01-06 10:38:08.340000+00:00,2026-01-06 10:38:08.595496+00:00,488.34,0.235,0.23,0.24,0.765,0.76,0.77,,,,
2026-01-06 10:38:09.338000+00:00,2026-01-06 10:38:09.619464+00:00,489.338,0.235,0.23,0.24,0.765,0.76,0.77,,,,
2026-01-06 10:38:10.364000+00:00,2026-01-06 10:38:10.627551+00:00,490.364,0.235,0.23,0.24,0.765,0.76,0.77,,,,
2026-01-06 10:38:11.377000+00:00,2026-01-06 10:38:11.642175+00:00,491.377,0.235,0.23,0.24,0.765,0.76,0.77,,,,
2026-01-06 10:38:12.115000+00:00,2026-01-06 10:38:12.643952+00:00,492.115,0.225,0.22,0.23,0.775,0.77,0.78,,,,
2026-01-06 10:38:13.408000+00:00,2026-01-06 10:38:13.656664+00:00,493.408,0.295,0.29,0.3,0.705,0.7,0.71,,,,
2026-01-06 10:38:14.413000+00:00,2026-01-06 10:38:14.675171+00:00,494.413,0.295,0.28,0.31,0.715,0.71,0.72,,,,
2026-01-06 10:38:15.350000+00:00,2026-01-06 10:38:15.665344+00:00,495.35,0.295,0.29,0.3,0.71,0.7,0.72,,,,
2026-01-06 10:38:16.395000+00:00,2026-01-06 10:38:16.674971+00:00,496.395,0.29,0.28,0.3,0.71,0.7,0.72,,,,
2026-01-06 10:38:17.311000+00:00,2026-01-06 10:38:17.691483+00:00,497.311,0.285,0.28,0.29,0.715,0.71,0.72,,,,
2026-01-06 10:38:18.404000+00:00,2026-01-06 10:38:18.717448+00:00,498.404,0.285,0.28,0.29,0.715,0.71,0.72,,,,
2026-01-06 10:38:19.443000+00:00,2026-01-06 10:38:19.720847+00:00,499.443,0.285,0.28,0.29,0.715,0.71,0.72,,,,
2026-01-06 10:38:20.441000+00:00,2026-01-06 10:38:20.734603+00:00,500.441,0.28,0.27,0.29,0.72,0.71,0.73,,,,
2026-01-06 10:38:21.479000+00:00,2026-01-06 10:38:21.738247+00:00,501.479,0.265,0.25,0.28,0.745,0.74,0.75,,,,
2026-01-06 10:38:22.476000+00:00,2026-01-06 10:38:22.743287+00:00,502.476,0.255,0.25,0.26,0.745,0.74,0.75,,,,
2026-01-06 10:38:23.475000+00:00,2026-01-06 10:38:23.744289+00:00,503.475,0.26,0.25,0.27,0.74,0.73,0.75,,,,
2026-01-06 10:38:24.492000+00:00,2026-01-06 10:38:24.750655+00:00,504.492,0.245,0.24,0.25,0.755,0.75,0.76,,,,
2026-01-06 10:38:25.433000+00:00,2026-01-06 10:38:25.759175+00:00,505.433,0.245,0.24,0.25,0.755,0.75,0.76,,,,
2026-01-06 10:38:26.507000+00:00,2026-01-06 10:38:26.759553+00:00,506.507,0.25,0.24,0.26,0.745,0.73,0.76,,,,
2026-01-06 10:38:27.472000+00:00,2026-01-06 10:38:27.754035+00:00,507.472,0.25,0.24,0.26,0.75,0.74,0.76,,,,
2026-01-06 10:38:28.508000+00:00,2026-01-06 10:38:28.764934+00:00,508.508,0.25,0.24,0.26,0.75,0.74,0.76,,,,
2026-01-06 10:38:29.523000+00:00,2026-01-06 10:38:29.775340+00:00,509.523,0.245,0.24,0.25,0.775,0.76,0.79,,,,
2026-01-06 10:38:30.537000+00:00,2026-01-06 10:38:30.794200+00:00,510.537,0.195,0.19,0.2,0.805,0.8,0.81,,,,
2026-01-06 10:38:31.397000+00:00,2026-01-06 10:38:31.806452+00:00,511.397,0.205,0.2,0.21,0.795,0.79,0.8,,,,
2026-01-06 10:38:32.531000+00:00,2026-01-06 10:38:32.821921+00:00,512.531,0.205,0.2,0.21,0.795,0.79,0.8,,,,
2026-01-06 10:38:33.554000+00:00,2026-01-06 10:38:33.826432+00:00,513.554,0.215,0.21,0.22,0.785,0.78,0.79,,,,
2026-01-06 10:38:34.564000+00:00,2026-01-06 10:38:34.835789+00:00,514.564,0.265,0.26,0.27,0.735,0.73,0.74,,,,
2026-01-06 10:38:35.512000+00:00,2026-01-06 10:38:35.841297+00:00,515.512,0.265,0.26,0.27,0.735,0.73,0.74,,,,
2026-01-06 10:38:36.607000+00:00,2026-01-06 10:38:36.857143+00:00,516.607,0.265,0.26,0.27,0.735,0.73,0.74,,,,
2026-01-06 10:38:37.605000+00:00,2026-01-06 10:38:37.860196+00:00,517.605,0.325,0.32,0.33,0.675,0.67,0.68,,,,
2026-01-06 10:38:38.586000+00:00,2026-01-06 10:38:38.869895+00:00,518.586,0.325,0.32,0.33,0.675,0.67,0.68,,,,
2026-01-06 10:38:39.591000+00:00,2026-01-06 10:38:39.874585+00:00,519.591,0.325,0.32,0.33,0.675,0.67,0.68,,,,
2026-01-06 10:38:40.568000+00:00,2026-01-06 10:38:40.876083+00:00,520.568,0.325,0.32,0.33,0.675,0.67,0.68,,,,
2026-01-06 10:38:41.605000+00:00,2026-01-06 10:38:41.891503+00:00,521.605,0.325,0.32,0.33,0.675,0.67,0.68,,,,
2026-01-06 10:38:42.494000+00:00,2026-01-06 10:38:42.888665+00:00,522.494,0.325,0.32,0.33,0.675,0.67,0.68,,,,
2026-01-06 10:38:43.239000+00:00,2026-01-06 10:38:43.906899+00:00,523.239,0.325,0.32,0.33,0.675,0.67,0.68,,,,
2026-01-06 10:38:44.635000+00:00,2026-01-06 10:38:44.902788+00:00,524.635,0.315,0.31,0.32,0.685,0.68,0.69,,,,
2026-01-06 10:38:45.699000+00:00,2026-01-06 10:38:45.925987+00:00,525.699,0.315,0.31,0.32,0.685,0.68,0.69,,,,
2026-01-06 10:38:46.537000+00:00,2026-01-06 10:38:46.950453+00:00,526.537,0.325,0.32,0.33,0.675,0.67,0.68,,,,
2026-01-06 10:38:47.677000+00:00,2026-01-06 10:38:47.956099+00:00,527.677,0.325,0.32,0.33,0.675,0.67,0.68,,,,
2026-01-06 10:38:48.680000+00:00,2026-01-06 10:38:48.970031+00:00,528.68,0.32,0.31,0.33,0.6799999999999999,0.67,0.69,,,,
2026-01-06 10:38:49.674000+00:00,2026-01-06 10:38:49.973944+00:00,529.674,0.32,0.31,0.33,0.6799999999999999,0.67,0.69,,,,
2026-01-06 10:38:50.631000+00:00,2026-01-06 10:38:50.980883+00:00,530.631,0.325,0.32,0.33,0.675,0.67,0.68,,,,
2026-01-06 10:38:51.447000+00:00,2026-01-06 10:38:51.980803+00:00,531.447,0.32,0.31,0.33,0.6799999999999999,0.67,0.69,,,,
2026-01-06 10:38:52.467000+00:00,2026-01-06 10:38:53.005489+00:00,532.467,0.32,0.31,0.33,0.6799999999999999,0.67,0.69,,,,
2026-01-06 10:38:53.609000+00:00,2026-01-06 10:38:54.006730+00:00,533.609,0.32,0.31,0.33,0.6799999999999999,0.67,0.69,,,,
2026-01-06 10:38:54.727000+00:00,2026-01-06 10:38:55.025277+00:00,534.727,0.325,0.32,0.33,0.675,0.67,0.68,,,,
2026-01-06 10:38:55.774000+00:00,2026-01-06 10:38:56.023259+00:00,535.774,0.325,0.32,0.33,0.675,0.67,0.68,,,,
2026-01-06 10:38:56.770000+00:00,2026-01-06 10:38:57.025434+00:00,536.77,0.345,0.34,0.35,0.655,0.65,0.66,,,,
2026-01-06 10:38:57.762000+00:00,2026-01-06 10:38:58.024480+00:00,537.762,0.345,0.34,0.35,0.655,0.65,0.66,,,,
2026-01-06 10:38:58.775000+00:00,2026-01-06 10:38:59.027621+00:00,538.775,0.335,0.33,0.34,0.665,0.66,0.67,,,,
2026-01-06 10:38:59.721000+00:00,2026-01-06 10:39:00.044142+00:00,539.721,0.335,0.33,0.34,0.665,0.66,0.67,,,,
2026-01-06 10:39:00.560000+00:00,2026-01-06 10:39:01.061963+00:00,540.56,0.345,0.34,0.35,0.655,0.65,0.66,,,,
2026-01-06 10:39:01.811000+00:00,2026-01-06 10:39:02.074429+00:00,541.811,0.325,0.32,0.33,0.685,0.67,0.7,,,,
2026-01-06 10:39:02.835000+00:00,2026-01-06 10:39:03.084670+00:00,542.835,0.315,0.31,0.32,0.685,0.68,0.69,,,,
2026-01-06 10:39:03.806000+00:00,2026-01-06 10:39:04.103783+00:00,543.806,0.315,0.31,0.32,0.685,0.68,0.69,,,,
2026-01-06 10:39:04.830000+00:00,2026-01-06 10:39:05.109465+00:00,544.83,0.315,0.31,0.32,0.685,0.68,0.69,,,,
2026-01-06 10:39:05.694000+00:00,2026-01-06 10:39:06.119113+00:00,545.694,0.315,0.31,0.32,0.685,0.68,0.69,,,,
2026-01-06 10:39:06.612000+00:00,2026-01-06 10:39:07.134388+00:00,546.612,0.325,0.32,0.33,0.675,0.67,0.68,,,,
2026-01-06 10:39:07.895000+00:00,2026-01-06 10:39:08.152640+00:00,547.895,0.325,0.32,0.33,0.675,0.67,0.68,,,,
2026-01-06 10:39:08.848000+00:00,2026-01-06 10:39:09.152601+00:00,548.848,0.325,0.32,0.33,0.675,0.67,0.68,,,,
2026-01-06 10:39:09.804000+00:00,2026-01-06 10:39:10.159431+00:00,549.804,0.325,0.32,0.33,0.675,0.67,0.68,,,,
2026-01-06 10:39:10.914000+00:00,2026-01-06 10:39:11.175115+00:00,550.914,0.325,0.32,0.33,0.675,0.67,0.68,,,,
2026-01-06 10:39:11.937000+00:00,2026-01-06 10:39:12.191401+00:00,551.937,0.33,0.32,0.34,0.67,0.66,0.68,,,,
2026-01-06 10:39:12.941000+00:00,2026-01-06 10:39:13.193077+00:00,552.941,0.335,0.33,0.34,0.665,0.66,0.67,,,,
2026-01-06 10:39:13.873000+00:00,2026-01-06 10:39:14.200146+00:00,553.873,0.33,0.32,0.34,0.67,0.66,0.68,,,,
2026-01-06 10:39:14.947000+00:00,2026-01-06 10:39:15.200491+00:00,554.947,0.325,0.32,0.33,0.675,0.67,0.68,,,,
2026-01-06 10:39:15.959000+00:00,2026-01-06 10:39:16.215796+00:00,555.959,0.325,0.32,0.33,0.675,0.67,0.68,,,,
2026-01-06 10:39:16.966000+00:00,2026-01-06 10:39:17.227438+00:00,556.966,0.325,0.32,0.33,0.6799999999999999,0.67,0.69,,,,
2026-01-06 10:39:17.940000+00:00,2026-01-06 10:39:18.222388+00:00,557.94,0.315,0.31,0.32,0.685,0.68,0.69,,,,
2026-01-06 10:39:18.972000+00:00,2026-01-06 10:39:19.229283+00:00,558.972,0.325,0.32,0.33,0.675,0.67,0.68,,,,
2026-01-06 10:39:19.981000+00:00,2026-01-06 10:39:20.235437+00:00,559.981,0.325,0.32,0.33,0.675,0.67,0.68,,,,
2026-01-06 10:39:20.943000+00:00,2026-01-06 10:39:21.234638+00:00,560.943,0.33,0.32,0.34,0.67,0.66,0.68,,,,
2026-01-06 10:39:21.955000+00:00,2026-01-06 10:39:22.229509+00:00,561.955,0.33,0.32,0.34,0.67,0.66,0.68,,,,
2026-01-06 10:39:22.835000+00:00,2026-01-06 10:39:23.239710+00:00,562.835,0.325,0.32,0.33,0.675,0.67,0.68,,,,
2026-01-06 10:39:23.841000+00:00,2026-01-06 10:39:24.252678+00:00,563.841,0.33,0.32,0.34,0.675,0.67,0.68,,,,
2026-01-06 10:39:24.961000+00:00,2026-01-06 10:39:25.264354+00:00,564.961,0.325,0.32,0.33,0.675,0.67,0.68,,,,
2026-01-06 10:39:25.740000+00:00,2026-01-06 10:39:26.273388+00:00,565.74,0.325,0.32,0.33,0.675,0.67,0.68,,,,
2026-01-06 10:39:27.836000+00:00,2026-01-06 10:39:28.293410+00:00,567.836,0.33,0.32,0.34,0.67,0.66,0.68,,,,
2026-01-06 10:39:29.027000+00:00,2026-01-06 10:39:29.313735+00:00,569.027,0.33,0.32,0.34,0.67,0.66,0.68,,,,
2026-01-06 10:39:30.023000+00:00,2026-01-06 10:39:30.324886+00:00,570.023,0.33,0.32,0.34,0.67,0.66,0.68,,,,
2026-01-06 10:39:31.873000+00:00,2026-01-06 10:39:32.344756+00:00,571.873,0.325,0.32,0.33,0.6799999999999999,0.67,0.69,,,,
2026-01-06 10:39:33.088000+00:00,2026-01-06 10:39:33.351576+00:00,573.088,0.315,0.31,0.32,0.685,0.68,0.69,,,,
2026-01-06 10:39:34.009000+00:00,2026-01-06 10:39:34.372353+00:00,574.009,0.325,0.32,0.33,0.675,0.67,0.68,,,,
2026-01-06 10:39:35.080000+00:00,2026-01-06 10:39:35.390569+00:00,575.08,0.325,0.32,0.33,0.675,0.67,0.68,,,,
2026-01-06 10:39:36.828000+00:00,2026-01-06 10:39:37.388874+00:00,576.828,0.325,0.32,0.33,0.675,0.67,0.68,,,,
2026-01-06 10:39:38.013000+00:00,2026-01-06 10:39:38.389547+00:00,578.013,0.325,0.32,0.33,0.675,0.67,0.68,,,,
2026-01-06 10:39:39.740000+00:00,2026-01-06 10:39:40.388963+00:00,579.74,0.3399999999999999,0.33,0.35,0.66,0.65,0.67,,,,
2026-01-06 10:39:41.970000+00:00,2026-01-06 10:39:42.405311+00:00,581.97,0.325,0.32,0.33,0.675,0.67,0.68,,,,
2026-01-06 10:39:43.164000+00:00,2026-01-06 10:39:43.421554+00:00,583.164,0.325,0.32,0.33,0.675,0.67,0.68,,,,
2026-01-06 10:39:44.189000+00:00,2026-01-06 10:39:44.439528+00:00,584.189,0.325,0.32,0.33,0.675,0.67,0.68,,,,
2026-01-06 10:39:45.007000+00:00,2026-01-06 10:39:45.455861+00:00,585.007,0.33,0.32,0.34,0.67,0.66,0.68,,,,
2026-01-06 10:39:46.153000+00:00,2026-01-06 10:39:46.454386+00:00,586.153,0.335,0.33,0.34,0.665,0.66,0.67,,,,
2026-01-06 10:39:47.894000+00:00,2026-01-06 10:39:48.468314+00:00,587.894,0.355,0.35,0.36,0.645,0.64,0.65,,,,
2026-01-06 10:39:49.208000+00:00,2026-01-06 10:39:49.470958+00:00,589.208,0.315,0.31,0.32,0.6799999999999999,0.67,0.69,,,,
2026-01-06 10:39:50.169000+00:00,2026-01-06 10:39:50.488681+00:00,590.169,0.325,0.32,0.33,0.675,0.67,0.68,,,,
2026-01-06 10:39:51.174000+00:00,2026-01-06 10:39:51.483000+00:00,591.174,0.335,0.33,0.34,0.665,0.66,0.67,,,,
2026-01-06 10:39:52.156000+00:00,2026-01-06 10:39:52.480440+00:00,592.156,0.335,0.33,0.34,0.665,0.66,0.67,,,,
2026-01-06 10:39:53.226000+00:00,2026-01-06 10:39:53.482601+00:00,593.226,0.335,0.33,0.34,0.665,0.66,0.67,,,,
2026-01-06 10:39:54.204000+00:00,2026-01-06 10:39:54.482809+00:00,594.204,0.35,0.34,0.36,0.65,0.64,0.66,,,,
2026-01-06 10:39:55.639000+00:00,2026-01-06 10:39:56.488265+00:00,595.639,0.35,0.34,0.36,0.65,0.64,0.66,,,,
2026-01-06 10:39:56.942000+00:00,2026-01-06 10:39:57.505825+00:00,596.942,0.35,0.34,0.36,0.65,0.64,0.66,,,,
2026-01-06 10:39:58.265000+00:00,2026-01-06 10:39:58.523768+00:00,598.265,0.35,0.34,0.36,0.65,0.64,0.66,,,,
2026-01-06 10:39:59.291000+00:00,2026-01-06 10:39:59.539632+00:00,599.291,0.35,0.34,0.36,0.655,0.64,0.67,,,,
2026-01-06 10:40:00.295000+00:00,2026-01-06 10:40:00.561328+00:00,600.295,0.3399999999999999,0.33,0.35,0.66,0.65,0.67,,,,
2026-01-06 10:40:01.214000+00:00,2026-01-06 10:40:01.573101+00:00,601.214,0.345,0.33,0.36,0.655,0.64,0.67,,,,
2026-01-06 10:40:02.329000+00:00,2026-01-06 10:40:02.582448+00:00,602.329,0.31,0.3,0.32,0.6799999999999999,0.67,0.69,,,,
2026-01-06 10:40:03.316000+00:00,2026-01-06 10:40:03.599084+00:00,603.316,0.31,0.3,0.32,0.69,0.68,0.7,,,,
2026-01-06 10:40:04.316000+00:00,2026-01-06 10:40:04.601876+00:00,604.316,0.325,0.31,0.34,0.675,0.66,0.69,,,,
2026-01-06 10:40:05.333000+00:00,2026-01-06 10:40:05.615136+00:00,605.333,0.345,0.34,0.35,0.655,0.65,0.66,,,,
2026-01-06 10:40:06.362000+00:00,2026-01-06 10:40:06.621172+00:00,606.362,0.345,0.34,0.35,0.655,0.65,0.66,,,,
2026-01-06 10:40:07.363000+00:00,2026-01-06 10:40:07.624514+00:00,607.363,0.335,0.33,0.34,0.665,0.66,0.67,,,,
2026-01-06 10:40:08.272000+00:00,2026-01-06 10:40:08.639181+00:00,608.272,0.335,0.33,0.34,0.665,0.66,0.67,,,,
2026-01-06 10:40:09.381000+00:00,2026-01-06 10:40:09.639815+00:00,609.381,0.325,0.32,0.33,0.6799999999999999,0.67,0.69,,,,
2026-01-06 10:40:10.180000+00:00,2026-01-06 10:40:10.639200+00:00,610.18,0.32,0.31,0.33,0.6799999999999999,0.67,0.69,,,,
2026-01-06 10:40:11.347000+00:00,2026-01-06 10:40:11.638786+00:00,611.347,0.315,0.31,0.32,0.685,0.68,0.69,,,,
2026-01-06 10:40:12.441000+00:00,2026-01-06 10:40:12.659183+00:00,612.441,0.32,0.31,0.33,0.6799999999999999,0.67,0.69,,,,
2026-01-06 10:40:13.391000+00:00,2026-01-06 10:40:13.656520+00:00,613.391,0.32,0.31,0.33,0.6799999999999999,0.67,0.69,,,,
2026-01-06 10:40:14.221000+00:00,2026-01-06 10:40:14.655212+00:00,614.221,0.325,0.32,0.33,0.675,0.67,0.68,,,,
2026-01-06 10:40:15.199000+00:00,2026-01-06 10:40:15.664503+00:00,615.199,0.33,0.32,0.34,0.67,0.66,0.68,,,,
2026-01-06 10:40:16.274000+00:00,2026-01-06 10:40:16.656876+00:00,616.274,0.325,0.31,0.34,0.675,0.66,0.69,,,,
2026-01-06 10:40:17.354000+00:00,2026-01-06 10:40:17.664493+00:00,617.354,0.335,0.33,0.34,0.665,0.66,0.67,,,,
2026-01-06 10:40:18.408000+00:00,2026-01-06 10:40:18.666365+00:00,618.408,0.335,0.33,0.34,0.665,0.66,0.67,,,,
2026-01-06 10:40:19.409000+00:00,2026-01-06 10:40:19.665419+00:00,619.409,0.345,0.34,0.35,0.655,0.65,0.66,,,,
2026-01-06 10:40:20.410000+00:00,2026-01-06 10:40:20.663682+00:00,620.41,0.365,0.36,0.37,0.635,0.63,0.64,,,,
2026-01-06 10:40:21.206000+00:00,2026-01-06 10:40:21.663697+00:00,621.206,0.365,0.35,0.38,0.635,0.62,0.65,,,,
2026-01-06 10:40:22.409000+00:00,2026-01-06 10:40:22.676036+00:00,622.409,0.375,0.36,0.39,0.625,0.61,0.64,,,,
2026-01-06 10:40:23.416000+00:00,2026-01-06 10:40:23.665874+00:00,623.416,0.38,0.37,0.39,0.62,0.61,0.63,,,,
2026-01-06 10:40:24.381000+00:00,2026-01-06 10:40:24.671081+00:00,624.381,0.375,0.36,0.39,0.625,0.61,0.64,,,,
2026-01-06 10:40:25.425000+00:00,2026-01-06 10:40:25.687478+00:00,625.425,0.35,0.33,0.37,0.65,0.63,0.67,,,,
2026-01-06 10:40:26.403000+00:00,2026-01-06 10:40:26.708460+00:00,626.403,0.345,0.33,0.36,0.655,0.64,0.67,,,,
2026-01-06 10:40:27.469000+00:00,2026-01-06 10:40:27.709638+00:00,627.469,0.355,0.34,0.37,0.645,0.63,0.66,,,,
2026-01-06 10:40:28.378000+00:00,2026-01-06 10:40:28.714535+00:00,628.378,0.375,0.37,0.38,0.625,0.62,0.63,,,,
2026-01-06 10:40:29.477000+00:00,2026-01-06 10:40:29.737748+00:00,629.477,0.365,0.35,0.38,0.635,0.62,0.65,,,,
2026-01-06 10:40:30.493000+00:00,2026-01-06 10:40:30.747944+00:00,630.493,0.35,0.34,0.36,0.65,0.64,0.66,,,,
2026-01-06 10:40:31.485000+00:00,2026-01-06 10:40:31.749158+00:00,631.485,0.345,0.33,0.36,0.66,0.65,0.67,,,,
2026-01-06 10:40:32.452000+00:00,2026-01-06 10:40:32.753884+00:00,632.452,0.3399999999999999,0.33,0.35,0.66,0.65,0.67,,,,
2026-01-06 10:40:33.494000+00:00,2026-01-06 10:40:33.748731+00:00,633.494,0.3399999999999999,0.33,0.35,0.66,0.65,0.67,,,,
2026-01-06 10:40:34.818000+00:00,2026-01-06 10:40:35.741231+00:00,634.818,0.345,0.33,0.36,0.655,0.64,0.67,,,,
2026-01-06 10:40:36.160000+00:00,2026-01-06 10:40:36.749217+00:00,636.16,0.345,0.33,0.36,0.655,0.64,0.67,,,,
2026-01-06 10:40:37.240000+00:00,2026-01-06 10:40:37.763823+00:00,637.24,0.345,0.33,0.36,0.655,0.64,0.67,,,,
2026-01-06 10:40:38.434000+00:00,2026-01-06 10:40:38.782748+00:00,638.434,0.345,0.33,0.36,0.655,0.64,0.67,,,,
2026-01-06 10:40:39.408000+00:00,2026-01-06 10:40:39.788156+00:00,639.408,0.3399999999999999,0.33,0.35,0.66,0.65,0.67,,,,
2026-01-06 10:40:40.172000+00:00,2026-01-06 10:40:40.794806+00:00,640.172,0.3399999999999999,0.33,0.35,0.66,0.65,0.67,,,,
2026-01-06 10:40:41.475000+00:00,2026-01-06 10:40:41.801145+00:00,641.475,0.3399999999999999,0.33,0.35,0.655,0.64,0.67,,,,
2026-01-06 10:40:42.378000+00:00,2026-01-06 10:40:42.823032+00:00,642.378,0.355,0.35,0.36,0.645,0.64,0.65,,,,
2026-01-06 10:40:43.552000+00:00,2026-01-06 10:40:43.842201+00:00,643.552,0.345,0.33,0.36,0.655,0.64,0.67,,,,
2026-01-06 10:40:44.554000+00:00,2026-01-06 10:40:44.851056+00:00,644.554,0.3399999999999999,0.33,0.35,0.655,0.64,0.67,,,,
2026-01-06 10:40:45.589000+00:00,2026-01-06 10:40:45.854181+00:00,645.589,0.335,0.33,0.34,0.665,0.66,0.67,,,,
2026-01-06 10:40:46.612000+00:00,2026-01-06 10:40:46.872618+00:00,646.612,0.3399999999999999,0.33,0.35,0.66,0.65,0.67,,,,
2026-01-06 10:40:47.627000+00:00,2026-01-06 10:40:47.864349+00:00,647.627,0.355,0.34,0.37,0.645,0.63,0.66,,,,
2026-01-06 10:40:48.493000+00:00,2026-01-06 10:40:48.881685+00:00,648.493,0.345,0.33,0.36,0.655,0.64,0.67,,,,
2026-01-06 10:40:49.634000+00:00,2026-01-06 10:40:49.888403+00:00,649.634,0.365,0.36,0.37,0.635,0.63,0.64,,,,
2026-01-06 10:40:50.630000+00:00,2026-01-06 10:40:50.915406+00:00,650.63,0.365,0.36,0.37,0.635,0.63,0.64,,,,
2026-01-06 10:40:51.677000+00:00,2026-01-06 10:40:51.931426+00:00,651.677,0.375,0.36,0.39,0.61,0.6,0.62,,,,
2026-01-06 10:40:52.676000+00:00,2026-01-06 10:40:52.931849+00:00,652.676,0.395,0.39,0.4,0.605,0.6,0.61,,,,
2026-01-06 10:40:53.686000+00:00,2026-01-06 10:40:53.948587+00:00,653.686,0.395,0.39,0.4,0.61,0.6,0.62,,,,
2026-01-06 10:40:54.674000+00:00,2026-01-06 10:40:54.950273+00:00,654.674,0.39,0.38,0.4,0.61,0.6,0.62,,,,
2026-01-06 10:40:55.541000+00:00,2026-01-06 10:40:55.939911+00:00,655.541,0.39,0.38,0.4,0.61,0.6,0.62,,,,
2026-01-06 10:40:56.594000+00:00,2026-01-06 10:40:56.946569+00:00,656.594,0.39,0.38,0.4,0.61,0.6,0.62,,,,
2026-01-06 10:40:57.661000+00:00,2026-01-06 10:40:57.953131+00:00,657.661,0.395,0.39,0.4,0.605,0.6,0.61,,,,
2026-01-06 10:40:58.688000+00:00,2026-01-06 10:40:58.962972+00:00,658.688,0.415,0.41,0.42,0.585,0.58,0.59,,,,
2026-01-06 10:40:59.584000+00:00,2026-01-06 10:40:59.981208+00:00,659.584,0.405,0.4,0.41,0.595,0.59,0.6,,,,
2026-01-06 10:41:00.718000+00:00,2026-01-06 10:41:00.975329+00:00,660.718,0.395,0.38,0.41,0.605,0.6,0.61,,,,
2026-01-06 10:41:01.714000+00:00,2026-01-06 10:41:01.999919+00:00,661.714,0.4,0.39,0.41,0.6,0.59,0.61,,,,
2026-01-06 10:41:02.765000+00:00,2026-01-06 10:41:03.016715+00:00,662.765,0.39,0.38,0.4,0.61,0.6,0.62,,,,
2026-01-06 10:41:03.734000+00:00,2026-01-06 10:41:04.031435+00:00,663.734,0.39,0.38,0.4,0.61,0.6,0.62,,,,
2026-01-06 10:41:04.790000+00:00,2026-01-06 10:41:05.048112+00:00,664.79,0.39,0.38,0.4,0.61,0.6,0.62,,,,
2026-01-06 10:41:05.614000+00:00,2026-01-06 10:41:06.051758+00:00,665.614,0.39,0.38,0.4,0.61,0.6,0.62,,,,
2026-01-06 10:41:06.817000+00:00,2026-01-06 10:41:07.065081+00:00,666.817,0.39,0.38,0.4,0.61,0.6,0.62,,,,
2026-01-06 10:41:07.802000+00:00,2026-01-06 10:41:08.073375+00:00,667.802,0.395,0.39,0.4,0.605,0.6,0.61,,,,
2026-01-06 10:41:08.806000+00:00,2026-01-06 10:41:09.075226+00:00,668.806,0.39,0.38,0.4,0.61,0.6,0.62,,,,
2026-01-06 10:41:09.809000+00:00,2026-01-06 10:41:10.087674+00:00,669.809,0.395,0.39,0.4,0.605,0.6,0.61,,,,
2026-01-06 10:41:10.701000+00:00,2026-01-06 10:41:11.097205+00:00,670.701,0.415,0.41,0.42,0.585,0.58,0.59,,,,
2026-01-06 10:41:11.844000+00:00,2026-01-06 10:41:12.098418+00:00,671.844,0.385,0.38,0.39,0.615,0.61,0.62,,,,
2026-01-06 10:41:12.849000+00:00,2026-01-06 10:41:13.097433+00:00,672.849,0.395,0.39,0.4,0.605,0.6,0.61,,,,
2026-01-06 10:41:13.820000+00:00,2026-01-06 10:41:14.096889+00:00,673.82,0.375,0.37,0.38,0.625,0.62,0.63,,,,
2026-01-06 10:41:14.851000+00:00,2026-01-06 10:41:15.097266+00:00,674.851,0.38,0.37,0.39,0.615,0.61,0.62,,,,
2026-01-06 10:41:15.754000+00:00,2026-01-06 10:41:16.112870+00:00,675.754,0.405,0.39,0.42,0.595,0.58,0.61,,,,
2026-01-06 10:41:16.848000+00:00,2026-01-06 10:41:17.118974+00:00,676.848,0.41,0.4,0.42,0.595,0.59,0.6,,,,
2026-01-06 10:41:17.828000+00:00,2026-01-06 10:41:18.132423+00:00,677.828,0.395,0.39,0.4,0.605,0.6,0.61,,,,
2026-01-06 10:41:18.707000+00:00,2026-01-06 10:41:19.151892+00:00,678.707,0.395,0.39,0.4,0.605,0.6,0.61,,,,
2026-01-06 10:41:19.860000+00:00,2026-01-06 10:41:20.161914+00:00,679.86,0.4,0.39,0.41,0.6,0.59,0.61,,,,
2026-01-06 10:41:20.807000+00:00,2026-01-06 10:41:21.179310+00:00,680.807,0.395,0.39,0.4,0.605,0.6,0.61,,,,
2026-01-06 10:41:21.925000+00:00,2026-01-06 10:41:22.194041+00:00,681.925,0.395,0.39,0.4,0.605,0.6,0.61,,,,
2026-01-06 10:41:22.885000+00:00,2026-01-06 10:41:23.197657+00:00,682.885,0.425,0.42,0.43,0.575,0.57,0.58,,,,
2026-01-06 10:41:23.951000+00:00,2026-01-06 10:41:24.209596+00:00,683.951,0.425,0.42,0.43,0.575,0.57,0.58,,,,
2026-01-06 10:41:24.967000+00:00,2026-01-06 10:41:25.222323+00:00,684.967,0.425,0.42,0.43,0.575,0.57,0.58,,,,
2026-01-06 10:41:25.948000+00:00,2026-01-06 10:41:26.215119+00:00,685.948,0.425,0.42,0.43,0.575,0.57,0.58,,,,
2026-01-06 10:41:26.598000+00:00,2026-01-06 10:41:27.229687+00:00,686.598,0.425,0.42,0.43,0.575,0.57,0.58,,,,
2026-01-06 10:41:27.897000+00:00,2026-01-06 10:41:28.234853+00:00,687.897,0.42,0.41,0.43,0.58,0.57,0.59,,,,
2026-01-06 10:41:28.852000+00:00,2026-01-06 10:41:29.246562+00:00,688.852,0.42,0.41,0.43,0.58,0.57,0.59,,,,
2026-01-06 10:41:29.991000+00:00,2026-01-06 10:41:30.247382+00:00,689.991,0.415,0.41,0.42,0.585,0.58,0.59,,,,
2026-01-06 10:41:30.969000+00:00,2026-01-06 10:41:31.249178+00:00,690.969,0.415,0.41,0.42,0.61,0.6,0.62,,,,
2026-01-06 10:41:32.009000+00:00,2026-01-06 10:41:32.263616+00:00,692.009,0.375,0.37,0.38,0.625,0.62,0.63,,,,
2026-01-06 10:41:33.009000+00:00,2026-01-06 10:41:33.263632+00:00,693.009,0.375,0.37,0.38,0.625,0.62,0.63,,,,
2026-01-06 10:41:34.694000+00:00,2026-01-06 10:41:35.280492+00:00,694.694,0.365,0.36,0.37,0.635,0.63,0.64,,,,
2026-01-06 10:41:36.983000+00:00,2026-01-06 10:41:37.294465+00:00,696.983,0.37,0.36,0.38,0.635,0.63,0.64,,,,
2026-01-06 10:41:38.974000+00:00,2026-01-06 10:41:39.294840+00:00,698.974,0.365,0.36,0.37,0.635,0.63,0.64,,,,
2026-01-06 10:41:40.770000+00:00,2026-01-06 10:41:41.296560+00:00,700.77,0.375,0.37,0.38,0.625,0.62,0.63,,,,
2026-01-06 10:41:42.031000+00:00,2026-01-06 10:41:42.295799+00:00,702.031,0.375,0.37,0.38,0.625,0.62,0.63,,,,
2026-01-06 10:41:43.916000+00:00,2026-01-06 10:41:44.326274+00:00,703.916,0.375,0.37,0.38,0.625,0.62,0.63,,,,
2026-01-06 10:41:45.053000+00:00,2026-01-06 10:41:45.343108+00:00,705.053,0.375,0.37,0.38,0.625,0.62,0.63,,,,
2026-01-06 10:41:46.055000+00:00,2026-01-06 10:41:46.343952+00:00,706.055,0.36,0.35,0.37,0.64,0.63,0.65,,,,
2026-01-06 10:41:47.092000+00:00,2026-01-06 10:41:47.359313+00:00,707.092,0.365,0.36,0.37,0.635,0.63,0.64,,,,
2026-01-06 10:41:48.088000+00:00,2026-01-06 10:41:48.361947+00:00,708.088,0.365,0.36,0.37,0.635,0.63,0.64,,,,
2026-01-06 10:41:49.912000+00:00,2026-01-06 10:41:50.377253+00:00,709.912,0.365,0.36,0.37,0.635,0.63,0.64,,,,
2026-01-06 10:41:51.121000+00:00,2026-01-06 10:41:51.375926+00:00,711.121,0.35,0.34,0.36,0.65,0.64,0.66,,,,
2026-01-06 10:41:52.136000+00:00,2026-01-06 10:41:52.393974+00:00,712.136,0.305,0.3,0.31,0.695,0.69,0.7,,,,
2026-01-06 10:41:53.153000+00:00,2026-01-06 10:41:53.415071+00:00,713.153,0.325,0.32,0.33,0.67,0.66,0.68,,,,
2026-01-06 10:41:54.024000+00:00,2026-01-06 10:41:54.418376+00:00,714.024,0.325,0.32,0.33,0.665,0.66,0.67,,,,
2026-01-06 10:41:55.976000+00:00,2026-01-06 10:41:56.429258+00:00,715.976,0.335,0.33,0.34,0.665,0.66,0.67,,,,
2026-01-06 10:41:57.186000+00:00,2026-01-06 10:41:57.445289+00:00,717.186,0.345,0.34,0.35,0.655,0.65,0.66,,,,
2026-01-06 10:41:58.117000+00:00,2026-01-06 10:41:58.445287+00:00,718.117,0.345,0.34,0.35,0.655,0.65,0.66,,,,
2026-01-06 10:41:59.198000+00:00,2026-01-06 10:41:59.446201+00:00,719.198,0.355,0.34,0.37,0.625,0.62,0.63,,,,
2026-01-06 10:42:00.196000+00:00,2026-01-06 10:42:00.461751+00:00,720.196,0.37,0.36,0.38,0.63,0.62,0.64,,,,
2026-01-06 10:42:01.122000+00:00,2026-01-06 10:42:01.475648+00:00,721.122,0.37,0.36,0.38,0.63,0.62,0.64,,,,
2026-01-06 10:42:02.201000+00:00,2026-01-06 10:42:02.486125+00:00,722.201,0.37,0.36,0.38,0.63,0.62,0.64,,,,
2026-01-06 10:42:03.125000+00:00,2026-01-06 10:42:03.485809+00:00,723.125,0.375,0.37,0.38,0.635,0.63,0.64,,,,
2026-01-06 10:42:04.246000+00:00,2026-01-06 10:42:04.494315+00:00,724.246,0.345,0.34,0.35,0.655,0.65,0.66,,,,
2026-01-06 10:42:05.224000+00:00,2026-01-06 10:42:05.494594+00:00,725.224,0.32,0.31,0.33,0.6799999999999999,0.67,0.69,,,,
2026-01-06 10:42:06.238000+00:00,2026-01-06 10:42:06.510854+00:00,726.238,0.315,0.3,0.33,0.685,0.67,0.7,,,,
2026-01-06 10:42:07.068000+00:00,2026-01-06 10:42:07.510068+00:00,727.068,0.32,0.3,0.34,0.6799999999999999,0.66,0.7,,,,
2026-01-06 10:42:08.080000+00:00,2026-01-06 10:42:08.500152+00:00,728.08,0.32,0.3,0.34,0.6799999999999999,0.66,0.7,,,,
2026-01-06 10:42:09.242000+00:00,2026-01-06 10:42:09.514400+00:00,729.242,0.325,0.31,0.34,0.675,0.66,0.69,,,,
2026-01-06 10:42:10.220000+00:00,2026-01-06 10:42:10.513432+00:00,730.22,0.325,0.31,0.34,0.675,0.66,0.69,,,,
2026-01-06 10:42:11.205000+00:00,2026-01-06 10:42:11.528314+00:00,731.205,0.325,0.31,0.34,0.675,0.66,0.69,,,,
2026-01-06 10:42:12.887000+00:00,2026-01-06 10:42:13.558909+00:00,732.887,0.32,0.3,0.34,0.6799999999999999,0.66,0.7,,,,
2026-01-06 10:42:14.230000+00:00,2026-01-06 10:42:14.563826+00:00,734.23,0.32,0.3,0.34,0.6799999999999999,0.66,0.7,,,,
2026-01-06 10:42:15.333000+00:00,2026-01-06 10:42:15.592501+00:00,735.333,0.345,0.33,0.36,0.655,0.64,0.67,,,,
2026-01-06 10:42:16.438000+00:00,2026-01-06 10:42:16.608968+00:00,736.438,0.345,0.33,0.36,0.655,0.64,0.67,,,,
2026-01-06 10:42:17.203000+00:00,2026-01-06 10:42:17.609888+00:00,737.203,0.345,0.33,0.36,0.655,0.64,0.67,,,,
2026-01-06 10:42:18.344000+00:00,2026-01-06 10:42:18.609899+00:00,738.344,0.345,0.33,0.36,0.655,0.64,0.67,,,,
2026-01-06 10:42:19.370000+00:00,2026-01-06 10:42:19.626963+00:00,739.37,0.345,0.33,0.36,0.655,0.64,0.67,,,,
2026-01-06 10:42:20.345000+00:00,2026-01-06 10:42:20.642839+00:00,740.345,0.355,0.35,0.36,0.645,0.64,0.65,,,,
2026-01-06 10:42:21.376000+00:00,2026-01-06 10:42:21.644772+00:00,741.376,0.3399999999999999,0.32,0.36,0.65,0.64,0.66,,,,
2026-01-06 10:42:22.362000+00:00,2026-01-06 10:42:22.643588+00:00,742.362,0.355,0.35,0.36,0.64,0.63,0.65,,,,
2026-01-06 10:42:23.383000+00:00,2026-01-06 10:42:23.643675+00:00,743.383,0.365,0.36,0.37,0.635,0.63,0.64,,,,
2026-01-06 10:42:24.387000+00:00,2026-01-06 10:42:24.660751+00:00,744.387,0.445,0.44,0.45,0.555,0.55,0.56,,,,
2026-01-06 10:42:25.269000+00:00,2026-01-06 10:42:25.677300+00:00,745.269,0.445,0.44,0.45,0.565,0.56,0.57,,,,
2026-01-06 10:42:26.443000+00:00,2026-01-06 10:42:26.691352+00:00,746.443,0.44,0.43,0.45,0.555,0.55,0.56,,,,
2026-01-06 10:42:27.431000+00:00,2026-01-06 10:42:27.708650+00:00,747.431,0.445,0.44,0.45,0.555,0.55,0.56,,,,
2026-01-06 10:42:28.439000+00:00,2026-01-06 10:42:28.708772+00:00,748.439,0.445,0.44,0.45,0.555,0.55,0.56,,,,
2026-01-06 10:42:29.470000+00:00,2026-01-06 10:42:29.730344+00:00,749.47,0.435,0.43,0.44,0.565,0.56,0.57,,,,
2026-01-06 10:42:30.426000+00:00,2026-01-06 10:42:30.728292+00:00,750.426,0.435,0.43,0.44,0.565,0.56,0.57,,,,
2026-01-06 10:42:31.463000+00:00,2026-01-06 10:42:31.727362+00:00,751.463,0.445,0.44,0.45,0.555,0.55,0.56,,,,
2026-01-06 10:42:32.443000+00:00,2026-01-06 10:42:32.741924+00:00,752.443,0.455,0.45,0.46,0.475,0.47,0.48,,,,
2026-01-06 10:42:33.474000+00:00,2026-01-06 10:42:33.743622+00:00,753.474,0.495,0.46,0.53,0.51,0.49,0.53,,,,
2026-01-06 10:42:34.508000+00:00,2026-01-06 10:42:34.745522+00:00,754.508,0.47,0.45,0.49,0.53,0.51,0.55,,,,
2026-01-06 10:42:35.490000+00:00,2026-01-06 10:42:35.752349+00:00,755.49,0.475,0.46,0.49,0.525,0.51,0.54,,,,
2026-01-06 10:42:36.513000+00:00,2026-01-06 10:42:36.766903+00:00,756.513,0.475,0.46,0.49,0.535,0.53,0.54,,,,
2026-01-06 10:42:37.509000+00:00,2026-01-06 10:42:37.780046+00:00,757.509,0.435,0.43,0.44,0.565,0.56,0.57,,,,
2026-01-06 10:42:38.427000+00:00,2026-01-06 10:42:38.793961+00:00,758.427,0.4499999999999999,0.43,0.47,0.55,0.53,0.57,,,,
2026-01-06 10:42:39.526000+00:00,2026-01-06 10:42:39.795893+00:00,759.526,0.435,0.43,0.44,0.565,0.56,0.57,,,,
2026-01-06 10:42:40.416000+00:00,2026-01-06 10:42:40.813060+00:00,760.416,0.435,0.43,0.44,0.565,0.56,0.57,,,,
2026-01-06 10:42:41.417000+00:00,2026-01-06 10:42:41.825529+00:00,761.417,0.435,0.43,0.44,0.565,0.56,0.57,,,,
2026-01-06 10:42:42.581000+00:00,2026-01-06 10:42:42.844646+00:00,762.581,0.435,0.43,0.44,0.56,0.55,0.57,,,,
2026-01-06 10:42:43.562000+00:00,2026-01-06 10:42:43.850709+00:00,763.562,0.44,0.43,0.45,0.56,0.55,0.57,,,,
2026-01-06 10:42:44.514000+00:00,2026-01-06 10:42:44.859932+00:00,764.514,0.44,0.43,0.45,0.56,0.55,0.57,,,,
2026-01-06 10:42:45.447000+00:00,2026-01-06 10:42:45.871219+00:00,765.447,0.44,0.43,0.45,0.56,0.55,0.57,,,,
2026-01-06 10:42:46.613000+00:00,2026-01-06 10:42:46.881611+00:00,766.613,0.44,0.43,0.45,0.56,0.55,0.57,,,,
2026-01-06 10:42:47.627000+00:00,2026-01-06 10:42:47.902208+00:00,767.627,0.435,0.43,0.44,0.565,0.56,0.57,,,,
2026-01-06 10:42:48.562000+00:00,2026-01-06 10:42:48.891440+00:00,768.562,0.43,0.42,0.44,0.5700000000000001,0.56,0.58,,,,
2026-01-06 10:42:49.715000+00:00,2026-01-06 10:42:49.882007+00:00,769.715,0.305,0.3,0.31,0.695,0.69,0.7,,,,
2026-01-06 10:42:50.627000+00:00,2026-01-06 10:42:50.894064+00:00,770.627,0.345,0.34,0.35,0.655,0.65,0.66,,,,
2026-01-06 10:42:51.635000+00:00,2026-01-06 10:42:51.905086+00:00,771.635,0.375,0.36,0.39,0.62,0.61,0.63,,,,
2026-01-06 10:42:52.660000+00:00,2026-01-06 10:42:52.917227+00:00,772.66,0.385,0.38,0.39,0.615,0.61,0.62,,,,
2026-01-06 10:42:53.645000+00:00,2026-01-06 10:42:53.914133+00:00,773.645,0.385,0.38,0.39,0.615,0.61,0.62,,,,
2026-01-06 10:42:54.594000+00:00,2026-01-06 10:42:54.926595+00:00,774.594,0.385,0.38,0.39,0.615,0.61,0.62,,,,
2026-01-06 10:42:55.467000+00:00,2026-01-06 10:42:55.930457+00:00,775.467,0.385,0.38,0.39,0.615,0.61,0.62,,,,
2026-01-06 10:42:56.686000+00:00,2026-01-06 10:42:56.943693+00:00,776.686,0.385,0.38,0.39,0.615,0.61,0.62,,,,
2026-01-06 10:42:57.671000+00:00,2026-01-06 10:42:57.960127+00:00,777.671,0.395,0.39,0.4,0.605,0.6,0.61,,,,
2026-01-06 10:42:58.664000+00:00,2026-01-06 10:42:58.965502+00:00,778.664,0.39,0.38,0.4,0.61,0.6,0.62,,,,
2026-01-06 10:42:59.702000+00:00,2026-01-06 10:42:59.958645+00:00,779.702,0.385,0.38,0.39,0.615,0.61,0.62,,,,
2026-01-06 10:43:00.641000+00:00,2026-01-06 10:43:00.976681+00:00,780.641,0.375,0.37,0.38,0.625,0.62,0.63,,,,
2026-01-06 10:43:01.712000+00:00,2026-01-06 10:43:01.993176+00:00,781.712,0.385,0.38,0.39,0.615,0.61,0.62,,,,
2026-01-06 10:43:02.564000+00:00,2026-01-06 10:43:03.012824+00:00,782.564,0.375,0.37,0.38,0.625,0.62,0.63,,,,
2026-01-06 10:43:03.686000+00:00,2026-01-06 10:43:04.026386+00:00,783.686,0.365,0.36,0.37,0.635,0.63,0.64,,,,
2026-01-06 10:43:04.724000+00:00,2026-01-06 10:43:05.023438+00:00,784.724,0.365,0.36,0.37,0.635,0.63,0.64,,,,
2026-01-06 10:43:05.758000+00:00,2026-01-06 10:43:06.014982+00:00,785.758,0.365,0.36,0.37,0.635,0.63,0.64,,,,
2026-01-06 10:43:06.753000+00:00,2026-01-06 10:43:07.010367+00:00,786.753,0.375,0.37,0.38,0.645,0.64,0.65,,,,
2026-01-06 10:43:07.747000+00:00,2026-01-06 10:43:08.028901+00:00,787.747,0.355,0.35,0.36,0.645,0.64,0.65,,,,
2026-01-06 10:43:08.775000+00:00,2026-01-06 10:43:09.035794+00:00,788.775,0.345,0.34,0.35,0.665,0.66,0.67,,,,
2026-01-06 10:43:09.849000+00:00,2026-01-06 10:43:10.045039+00:00,789.849,0.315,0.31,0.32,0.685,0.68,0.69,,,,
2026-01-06 10:43:10.805000+00:00,2026-01-06 10:43:11.059156+00:00,790.805,0.315,0.31,0.32,0.685,0.68,0.69,,,,
2026-01-06 10:43:11.762000+00:00,2026-01-06 10:43:12.065633+00:00,791.762,0.29,0.28,0.3,0.71,0.7,0.72,,,,
2026-01-06 10:43:12.793000+00:00,2026-01-06 10:43:13.060889+00:00,792.793,0.29,0.28,0.3,0.71,0.7,0.72,,,,
2026-01-06 10:43:13.724000+00:00,2026-01-06 10:43:14.063736+00:00,793.724,0.275,0.27,0.28,0.725,0.72,0.73,,,,
2026-01-06 10:43:14.766000+00:00,2026-01-06 10:43:15.075049+00:00,794.766,0.275,0.27,0.28,0.725,0.72,0.73,,,,
2026-01-06 10:43:15.783000+00:00,2026-01-06 10:43:16.098246+00:00,795.783,0.275,0.27,0.28,0.725,0.72,0.73,,,,
2026-01-06 10:43:16.846000+00:00,2026-01-06 10:43:17.098465+00:00,796.846,0.28,0.26,0.3,0.72,0.7,0.74,,,,
2026-01-06 10:43:17.808000+00:00,2026-01-06 10:43:18.116400+00:00,797.808,0.28,0.26,0.3,0.71,0.68,0.74,,,,
2026-01-06 10:43:18.872000+00:00,2026-01-06 10:43:19.121347+00:00,798.872,0.305,0.29,0.32,0.6950000000000001,0.68,0.71,,,,
2026-01-06 10:43:19.876000+00:00,2026-01-06 10:43:20.125470+00:00,799.876,0.24,0.22,0.26,0.8300000000000001,0.8,0.86,,,,
2026-01-06 10:43:20.872000+00:00,2026-01-06 10:43:21.142285+00:00,800.872,0.095,0.09,0.1,0.875,0.86,0.89,,,,
2026-01-06 10:43:21.890000+00:00,2026-01-06 10:43:22.144285+00:00,801.89,0.14,0.11,0.17,0.87,0.83,0.91,,,,
2026-01-06 10:43:22.881000+00:00,2026-01-06 10:43:23.158516+00:00,802.881,0.13,0.12,0.14,0.85,0.82,0.88,,,,
2026-01-06 10:43:23.886000+00:00,2026-01-06 10:43:24.157840+00:00,803.886,0.1149999999999999,0.11,0.12,0.89,0.88,0.9,,,,
2026-01-06 10:43:24.876000+00:00,2026-01-06 10:43:25.174944+00:00,804.876,0.135,0.09,0.18,0.865,0.82,0.91,,,,
2026-01-06 10:43:25.885000+00:00,2026-01-06 10:43:26.172846+00:00,805.885,0.105,0.1,0.11,0.895,0.89,0.9,,,,
2026-01-06 10:43:26.925000+00:00,2026-01-06 10:43:27.184582+00:00,806.925,0.11,0.1,0.12,0.885,0.88,0.89,,,,
2026-01-06 10:43:27.919000+00:00,2026-01-06 10:43:28.187263+00:00,807.919,0.18,0.15,0.21,0.8200000000000001,0.79,0.85,,,,
2026-01-06 10:43:28.904000+00:00,2026-01-06 10:43:29.204727+00:00,808.904,0.19,0.14,0.24,0.8200000000000001,0.77,0.87,,,,
2026-01-06 10:43:29.977000+00:00,2026-01-06 10:43:30.226020+00:00,809.977,0.16,0.13,0.19,0.835,0.81,0.86,,,,
2026-01-06 10:43:30.982000+00:00,2026-01-06 10:43:31.241633+00:00,810.982,0.145,0.14,0.15,0.86,0.85,0.87,,,,
2026-01-06 10:43:31.949000+00:00,2026-01-06 10:43:32.241465+00:00,811.949,0.175,0.14,0.21,0.815,0.79,0.84,,,,
2026-01-06 10:43:32.965000+00:00,2026-01-06 10:43:33.242179+00:00,812.965,0.195,0.16,0.23,0.785,0.78,0.79,,,,
2026-01-06 10:43:33.998000+00:00,2026-01-06 10:43:34.259089+00:00,813.998,0.2,0.18,0.22,0.815,0.8,0.83,,,,
2026-01-06 10:43:34.906000+00:00,2026-01-06 10:43:35.257492+00:00,814.906,0.18,0.16,0.2,0.8200000000000001,0.8,0.84,,,,
2026-01-06 10:43:35.991000+00:00,2026-01-06 10:43:36.272521+00:00,815.991,0.205,0.19,0.22,0.795,0.78,0.81,,,,
2026-01-06 10:43:37.013000+00:00,2026-01-06 10:43:37.274921+00:00,817.013,0.195,0.19,0.2,0.805,0.8,0.81,,,,
2026-01-06 10:43:38.022000+00:00,2026-01-06 10:43:38.280648+00:00,818.022,0.19,0.18,0.2,0.815,0.81,0.82,,,,
2026-01-06 10:43:39.039000+00:00,2026-01-06 10:43:39.296907+00:00,819.039,0.145,0.14,0.15,0.855,0.85,0.86,,,,
2026-01-06 10:43:40.028000+00:00,2026-01-06 10:43:40.295993+00:00,820.028,0.14,0.13,0.15,0.86,0.85,0.87,,,,
2026-01-06 10:43:41.028000+00:00,2026-01-06 10:43:41.291369+00:00,821.028,0.14,0.13,0.15,0.86,0.85,0.87,,,,
2026-01-06 10:43:42.040000+00:00,2026-01-06 10:43:42.297976+00:00,822.04,0.15,0.13,0.17,0.85,0.83,0.87,,,,
2026-01-06 10:43:43.044000+00:00,2026-01-06 10:43:43.302296+00:00,823.044,0.165,0.16,0.17,0.835,0.83,0.84,,,,
2026-01-06 10:43:44.050000+00:00,2026-01-06 10:43:44.307271+00:00,824.05,0.155,0.14,0.17,0.84,0.82,0.86,,,,
2026-01-06 10:43:45.017000+00:00,2026-01-06 10:43:45.313863+00:00,825.017,0.1649999999999999,0.15,0.18,0.835,0.82,0.85,,,,
2026-01-06 10:43:46.889000+00:00,2026-01-06 10:43:47.323792+00:00,826.889,0.15,0.14,0.16,0.85,0.84,0.86,,,,
2026-01-06 10:43:48.017000+00:00,2026-01-06 10:43:48.323944+00:00,828.017,0.15,0.14,0.16,0.85,0.84,0.86,,,,
2026-01-06 10:43:49.051000+00:00,2026-01-06 10:43:49.323848+00:00,829.051,0.15,0.14,0.16,0.85,0.84,0.86,,,,
2026-01-06 10:43:50.005000+00:00,2026-01-06 10:43:50.316560+00:00,830.005,0.145,0.14,0.15,0.855,0.85,0.86,,,,
2026-01-06 10:43:51.066000+00:00,2026-01-06 10:43:51.323452+00:00,831.066,0.135,0.13,0.14,0.865,0.86,0.87,,,,
2026-01-06 10:43:52.144000+00:00,2026-01-06 10:43:52.323751+00:00,832.144,0.135,0.12,0.15,0.865,0.85,0.88,,,,
2026-01-06 10:43:53.043000+00:00,2026-01-06 10:43:53.321508+00:00,833.043,0.135,0.12,0.15,0.865,0.85,0.88,,,,
2026-01-06 10:43:54.059000+00:00,2026-01-06 10:43:54.315739+00:00,834.059,0.135,0.12,0.15,0.865,0.85,0.88,,,,
2026-01-06 10:43:55.062000+00:00,2026-01-06 10:43:55.322444+00:00,835.062,0.13,0.11,0.15,0.87,0.85,0.89,,,,
2026-01-06 10:43:56.065000+00:00,2026-01-06 10:43:56.332158+00:00,836.065,0.14,0.13,0.15,0.855,0.84,0.87,,,,
2026-01-06 10:43:57.062000+00:00,2026-01-06 10:43:57.340058+00:00,837.062,0.155,0.15,0.16,0.845,0.84,0.85,,,,
2026-01-06 10:43:58.080000+00:00,2026-01-06 10:43:58.342804+00:00,838.08,0.155,0.15,0.16,0.845,0.84,0.85,,,,
2026-01-06 10:43:59.084000+00:00,2026-01-06 10:43:59.343325+00:00,839.084,0.14,0.12,0.16,0.86,0.84,0.88,,,,
2026-01-06 10:44:00.205000+00:00,2026-01-06 10:44:00.544830+00:00,840.205,0.12,0.11,0.13,0.88,0.87,0.89,,,,
2026-01-06 10:44:01.055000+00:00,2026-01-06 10:44:01.343343+00:00,841.055,0.12,0.11,0.13,0.88,0.87,0.89,,,,
2026-01-06 10:44:02.076000+00:00,2026-01-06 10:44:02.347388+00:00,842.076,0.12,0.11,0.13,0.88,0.87,0.89,,,,
2026-01-06 10:44:03.074000+00:00,2026-01-06 10:44:03.356903+00:00,843.074,0.1149999999999999,0.11,0.12,0.885,0.88,0.89,,,,
2026-01-06 10:44:04.090000+00:00,2026-01-06 10:44:04.364007+00:00,844.09,0.11,0.1,0.12,0.89,0.88,0.9,,,,
2026-01-06 10:44:05.048000+00:00,2026-01-06 10:44:05.360361+00:00,845.048,0.105,0.09,0.12,0.9,0.89,0.91,,,,
2026-01-06 10:44:06.082000+00:00,2026-01-06 10:44:06.357334+00:00,846.082,0.095,0.09,0.1,0.905,0.9,0.91,,,,
2026-01-06 10:44:07.102000+00:00,2026-01-06 10:44:07.363291+00:00,847.102,0.05,0.03,0.07,0.96,0.95,0.97,,,,
2026-01-06 10:44:08.106000+00:00,2026-01-06 10:44:08.373099+00:00,848.106,0.035,0.03,0.04,0.965,0.96,0.97,,,,
2026-01-06 10:44:09.076000+00:00,2026-01-06 10:44:09.382497+00:00,849.076,0.025,0.02,0.03,0.975,0.97,0.98,,,,
2026-01-06 10:44:10.096000+00:00,2026-01-06 10:44:10.389053+00:00,850.096,0.025,0.02,0.03,0.985,0.98,0.99,,,,
2026-01-06 10:44:11.107000+00:00,2026-01-06 10:44:11.397057+00:00,851.107,0.015,0.01,0.02,0.985,0.98,0.99,,,,
2026-01-06 10:44:12.744000+00:00,2026-01-06 10:44:13.422897+00:00,852.744,0.015,0.01,0.02,0.985,0.98,0.99,,,,
2026-01-06 10:44:14.163000+00:00,2026-01-06 10:44:14.422038+00:00,854.163,0.015,0.01,0.02,0.985,0.98,0.99,,,,
2026-01-06 10:44:15.150000+00:00,2026-01-06 10:44:15.414010+00:00,855.15,0.015,0.01,0.02,0.985,0.98,0.99,,,,
2026-01-06 10:44:16.090000+00:00,2026-01-06 10:44:16.422877+00:00,856.09,0.015,0.01,0.02,0.985,0.98,0.99,,,,
2026-01-06 10:44:17.104000+00:00,2026-01-06 10:44:17.422630+00:00,857.104,0.015,0.01,0.02,0.985,0.98,0.99,,,,
2026-01-06 10:44:18.146000+00:00,2026-01-06 10:44:18.427692+00:00,858.146,0.015,0.01,0.02,0.985,0.98,0.99,,,,
2026-01-06 10:44:19.095000+00:00,2026-01-06 10:44:19.440211+00:00,859.095,0.015,0.01,0.02,0.985,0.98,0.99,,,,
2026-01-06 10:44:20.181000+00:00,2026-01-06 10:44:20.454827+00:00,860.181,0.015,0.01,0.02,0.985,0.98,0.99,,,,
2026-01-06 10:44:21.204000+00:00,2026-01-06 10:44:21.462144+00:00,861.204,0.045,0.02,0.07,0.955,0.92,0.99,,,,
2026-01-06 10:44:22.200000+00:00,2026-01-06 10:44:22.472707+00:00,862.2,0.07,0.05,0.09,0.935,0.91,0.96,,,,
2026-01-06 10:44:23.175000+00:00,2026-01-06 10:44:23.472765+00:00,863.175,0.08,0.06,0.1,0.91,0.88,0.94,,,,
2026-01-06 10:44:24.205000+00:00,2026-01-06 10:44:24.479371+00:00,864.205,0.095,0.08,0.11,0.91,0.9,0.92,,,,
2026-01-06 10:44:25.907000+00:00,2026-01-06 10:44:26.489358+00:00,865.907,0.06,0.04,0.08,0.945,0.92,0.97,,,,
2026-01-06 10:44:26.921000+00:00,2026-01-06 10:44:27.493176+00:00,866.921,0.05,0.03,0.07,0.95,0.93,0.97,,,,
2026-01-06 10:44:28.234000+00:00,2026-01-06 10:44:28.504747+00:00,868.234,0.045,0.04,0.05,0.955,0.95,0.96,,,,
2026-01-06 10:44:29.241000+00:00,2026-01-06 10:44:29.505668+00:00,869.241,0.035,0.02,0.05,0.96,0.95,0.97,,,,
2026-01-06 10:44:30.202000+00:00,2026-01-06 10:44:30.505330+00:00,870.202,0.04,0.02,0.06,0.96,0.94,0.98,,,,
2026-01-06 10:44:31.080000+00:00,2026-01-06 10:44:31.504912+00:00,871.08,0.04,0.02,0.06,0.965,0.95,0.98,,,,
2026-01-06 10:44:32.113000+00:00,2026-01-06 10:44:32.520171+00:00,872.113,0.04,0.02,0.06,0.96,0.94,0.98,,,,
2026-01-06 10:44:33.097000+00:00,2026-01-06 10:44:33.522714+00:00,873.097,0.025,0.02,0.03,0.975,0.97,0.98,,,,
2026-01-06 10:44:34.340000+00:00,2026-01-06 10:44:34.525316+00:00,874.34,0.045,0.04,0.05,0.945,0.92,0.97,,,,
2026-01-06 10:44:35.234000+00:00,2026-01-06 10:44:35.523468+00:00,875.234,0.035,0.02,0.05,0.965,0.95,0.98,,,,
2026-01-06 10:44:36.127000+00:00,2026-01-06 10:44:36.536759+00:00,876.127,0.04,0.03,0.05,0.96,0.95,0.97,,,,
2026-01-06 10:44:37.278000+00:00,2026-01-06 10:44:37.540382+00:00,877.278,0.025,0.02,0.03,0.975,0.97,0.98,,,,
2026-01-06 10:44:38.270000+00:00,2026-01-06 10:44:38.555726+00:00,878.27,0.025,0.02,0.03,0.95,0.92,0.98,,,,
2026-01-06 10:44:39.239000+00:00,2026-01-06 10:44:39.556648+00:00,879.239,0.06,0.04,0.08,0.935,0.92,0.95,,,,
2026-01-06 10:44:40.177000+00:00,2026-01-06 10:44:40.554963+00:00,880.177,0.055,0.03,0.08,0.945,0.92,0.97,,,,
2026-01-06 10:44:41.239000+00:00,2026-01-06 10:44:41.558717+00:00,881.239,0.08,0.05,0.11,0.925,0.89,0.96,,,,
2026-01-06 10:44:42.241000+00:00,2026-01-06 10:44:42.556785+00:00,882.241,0.065,0.04,0.09,0.935,0.91,0.96,,,,
2026-01-06 10:44:43.315000+00:00,2026-01-06 10:44:43.571955+00:00,883.315,0.08,0.05,0.11,0.94,0.93,0.95,,,,
2026-01-06 10:44:44.329000+00:00,2026-01-06 10:44:44.587379+00:00,884.329,0.075,0.05,0.1,0.945,0.9,0.99,,,,
2026-01-06 10:44:45.223000+00:00,2026-01-06 10:44:45.589071+00:00,885.223,0.0349999999999999,0.01,0.06,0.965,0.94,0.99,,,,
2026-01-06 10:44:46.155000+00:00,2026-01-06 10:44:46.594952+00:00,886.155,0.055,0.01,0.1,0.945,0.9,0.99,,,,
2026-01-06 10:44:47.229000+00:00,2026-01-06 10:44:47.604459+00:00,887.229,0.0499999999999999,0.01,0.09,0.935,0.91,0.96,,,,
2026-01-06 10:44:48.244000+00:00,2026-01-06 10:44:48.608856+00:00,888.244,0.035,0.02,0.05,0.97,0.95,0.99,,,,
2026-01-06 10:44:49.354000+00:00,2026-01-06 10:44:49.620483+00:00,889.354,0.04,0.03,0.05,0.965,0.95,0.98,,,,
2026-01-06 10:44:50.368000+00:00,2026-01-06 10:44:50.636257+00:00,890.368,0.03,0.01,0.05,0.97,0.95,0.99,,,,
2026-01-06 10:44:51.349000+00:00,2026-01-06 10:44:51.652657+00:00,891.349,0.04,0.03,0.05,0.97,0.95,0.99,,,,
2026-01-06 10:44:52.302000+00:00,2026-01-06 10:44:52.655838+00:00,892.302,0.02,0.01,0.03,0.98,0.97,0.99,,,,
2026-01-06 10:44:53.371000+00:00,2026-01-06 10:44:53.673058+00:00,893.371,0.02,,0.02,0.99,0.99,,,,,
2026-01-06 10:44:54.236000+00:00,2026-01-06 10:44:54.670637+00:00,894.236,0.01,,0.01,0.99,0.99,,,,,
2026-01-06 10:44:55.257000+00:00,2026-01-06 10:44:55.683510+00:00,895.257,0.01,,0.01,0.99,0.99,,,,,
2026-01-06 10:44:56.326000+00:00,2026-01-06 10:44:56.686704+00:00,896.326,0.01,,0.01,0.99,0.99,,,,,
2026-01-06 10:44:57.306000+00:00,2026-01-06 10:44:57.685178+00:00,897.306,0.01,,0.01,0.99,0.99,,,,,
2026-01-06 10:44:58.904000+00:00,2026-01-06 10:44:59.701353+00:00,898.904,0.01,,0.01,0.99,0.99,,,,,
