timestamp,collected_at,seconds,up_mid,up_best_bid,up_best_ask,down_mid,down_best_bid,down_best_ask,up_best_bid_size,up_best_ask_size,down_best_bid_size,down_best_ask_size,up_bid_2,up_bid_2_size,up_ask_2,up_ask_2_size,up_bid_3,up_bid_3_size,up_ask_3,up_ask_3_size,up_bid_4,up_bid_4_size,up_ask_4,up_ask_4_size,up_bid_5,up_bid_5_size,up_ask_5,up_ask_5_size,up_bid_6,up_bid_6_size,up_ask_6,up_ask_6_size,down_bid_2,down_bid_2_size,down_ask_2,down_ask_2_size,down_bid_3,down_bid_3_size,down_ask_3,down_ask_3_size,down_bid_4,down_bid_4_size,down_ask_4,down_ask_4_size,down_bid_5,down_bid_5_size,down_ask_5,down_ask_5_size,down_bid_6,down_bid_6_size,down_ask_6,down_ask_6_size
2026-01-07 03:15:00.615000+00:00,2026-01-07 03:15:01.450782+00:00,0.615,0.435,0.43,0.44,0.575,0.56,0.59,5.0,5.0,5.0,40.0,0.41,40.0,0.45,668.08,0.4,50.0,0.46,88.0,0.35,5.0,0.47,750.16,0.33,52.0,0.48,1472.09,0.32,20.0,0.49,766.44,0.55,668.08,0.6,50.0,0.54,88.0,0.65,5.0,0.53,750.16,0.67,52.0,0.52,1472.09,0.68,20.0,0.51,766.44,0.7,62.0
2026-01-07 03:15:01.657000+00:00,2026-01-07 03:15:02.452321+00:00,1.657,0.415,0.41,0.42,0.585,0.58,0.59,135.0,1000.0,1000.0,130.0,0.4,50.0,0.43,5.0,0.35,5.0,0.45,583.08,0.33,52.0,0.46,101.0,0.32,20.0,0.47,763.16,0.3,62.0,0.48,1472.09,0.57,5.0,0.6,50.0,0.55,583.08,0.61,64.0,0.54,101.0,0.65,5.0,0.53,763.16,0.67,52.0,0.52,1472.09,0.68,20.0
2026-01-07 03:15:02.651000+00:00,2026-01-07 03:15:03.444197+00:00,2.651,0.415,0.41,0.42,0.585,0.58,0.59,174.0,1060.8,1131.8,235.0,0.4,111.0,0.43,122.0,0.39,61.0,0.44,122.0,0.38,151.0,0.45,766.08,0.37,251.0,0.46,284.0,0.36,122.0,0.47,946.16,0.57,183.0,0.6,201.0,0.56,183.0,0.61,61.0,0.55,766.08,0.62,61.0,0.54,284.0,0.63,251.0,0.53,946.16,0.64,183.0
2026-01-07 03:15:03.586000+00:00,2026-01-07 03:15:04.444020+00:00,3.586,0.415,0.41,0.42,0.585,0.58,0.59,330.0,913.8,918.8,330.0,0.4,111.0,0.43,183.0,0.39,61.0,0.44,183.0,0.38,61.0,0.45,887.08,0.37,372.0,0.46,405.0,0.36,304.0,0.47,1157.16,0.57,183.0,0.6,111.0,0.56,183.0,0.61,61.0,0.55,887.08,0.62,61.0,0.54,405.0,0.63,372.0,0.53,1157.16,0.64,304.0
2026-01-07 03:15:04.647000+00:00,2026-01-07 03:15:05.444791+00:00,4.647,0.395,0.39,0.4,0.605,0.6,0.61,50.0,84.0,54.0,80.0,0.38,182.0,0.42,948.8,0.37,319.0,0.43,324.0,0.36,304.0,0.44,304.0,0.35,309.0,0.45,902.08,0.34,304.0,0.46,405.0,0.58,918.8,0.62,182.0,0.57,304.0,0.63,319.0,0.56,324.0,0.64,304.0,0.55,932.08,0.65,309.0,0.54,405.0,0.66,304.0
2026-01-07 03:15:05.626000+00:00,2026-01-07 03:15:06.444435+00:00,5.626,0.415,0.41,0.42,0.585,0.58,0.59,413.0,645.68,595.68,413.0,0.4,369.0,0.43,65.0,0.39,354.0,0.44,60.0,0.38,182.0,0.45,628.08,0.37,304.0,0.46,389.0,0.36,373.0,0.47,1067.16,0.57,65.0,0.6,369.0,0.56,60.0,0.61,354.0,0.55,628.08,0.62,182.0,0.54,389.0,0.63,304.0,0.53,1067.16,0.64,373.0
2026-01-07 03:15:06.555000+00:00,2026-01-07 03:15:07.432327+00:00,6.555,0.415,0.41,0.42,0.585,0.58,0.59,452.55,462.1,437.1,502.55,0.4,364.0,0.43,70.0,0.39,349.0,0.44,60.0,0.38,182.0,0.45,628.08,0.37,304.0,0.46,389.0,0.36,304.0,0.47,1067.16,0.55,648.08,0.6,349.0,0.54,349.0,0.61,349.0,0.53,1067.16,0.62,182.0,0.52,1746.09,0.63,304.0,0.51,1101.44,0.64,373.0
2026-01-07 03:15:07.646000+00:00,2026-01-07 03:15:08.444722+00:00,7.646,0.445,0.44,0.45,0.555,0.55,0.56,191.0,541.08,480.08,191.0,0.43,252.0,0.46,166.0,0.42,110.0,0.47,763.16,0.41,377.55,0.48,1442.09,0.4,384.0,0.49,797.44,0.39,413.0,0.5,2015.15,0.54,166.0,0.57,272.0,0.53,763.16,0.58,110.0,0.52,1442.09,0.59,357.55,0.51,797.44,0.6,384.0,0.5,2015.15,0.61,413.0
2026-01-07 03:15:08.627000+00:00,2026-01-07 03:15:09.443922+00:00,8.627,0.445,0.44,0.45,0.555,0.55,0.56,181.78,485.08,485.08,181.78,0.43,272.0,0.46,161.0,0.42,110.0,0.47,763.16,0.41,427.55,0.48,1442.09,0.4,454.0,0.49,867.44,0.39,419.0,0.5,2085.15,0.54,161.0,0.57,272.0,0.53,763.16,0.58,110.0,0.52,1442.09,0.59,427.55,0.51,867.44,0.6,517.0,0.5,2085.15,0.61,419.0
2026-01-07 03:15:09.552000+00:00,2026-01-07 03:15:10.447350+00:00,9.552,0.445,0.44,0.45,0.555,0.55,0.56,101.0,603.7,603.7,101.0,0.43,192.0,0.46,216.0,0.42,115.0,0.47,833.16,0.41,442.55,0.48,1512.09,0.4,454.0,0.49,867.44,0.39,483.0,0.5,2085.15,0.54,338.0,0.57,192.0,0.53,1076.16,0.58,125.0,0.52,1755.09,0.59,392.55,0.51,1110.44,0.6,469.0,0.5,2045.15,0.61,483.0
2026-01-07 03:15:10.493000+00:00,2026-01-07 03:15:11.433238+00:00,10.493,0.445,0.44,0.45,0.555,0.55,0.56,35.0,720.7,799.7,35.0,0.43,33.0,0.46,507.0,0.42,268.0,0.47,1245.16,0.41,372.55,0.48,1816.09,0.4,469.0,0.49,1171.44,0.39,419.0,0.5,2030.15,0.54,517.0,0.57,38.0,0.53,1245.16,0.58,283.0,0.52,1816.09,0.59,80.0,0.51,1171.44,0.6,286.0,0.5,2030.15,0.61,419.0
2026-01-07 03:15:11.440000+00:00,2026-01-07 03:15:12.452706+00:00,11.44,0.435,0.43,0.44,0.565,0.56,0.57,158.0,213.0,213.0,158.0,0.42,198.0,0.45,704.7,0.41,165.0,0.46,432.0,0.4,271.0,0.47,1317.16,0.39,518.0,0.48,1869.09,0.38,252.0,0.49,1181.44,0.55,704.7,0.58,198.0,0.54,432.0,0.59,165.0,0.53,1317.16,0.6,271.0,0.52,1869.09,0.61,518.0,0.51,1181.44,0.62,252.0
2026-01-07 03:15:12.661000+00:00,2026-01-07 03:15:13.472122+00:00,12.661,0.435,0.43,0.44,0.565,0.56,0.57,123.0,228.0,301.0,105.0,0.42,281.0,0.45,773.7,0.41,222.0,0.46,458.0,0.4,408.0,0.47,1242.16,0.39,454.0,0.48,1851.09,0.38,318.0,0.49,1181.44,0.55,686.7,0.58,125.0,0.54,525.0,0.59,35.0,0.53,1277.16,0.6,383.0,0.52,1826.09,0.61,489.0,0.51,1171.44,0.62,267.0
2026-01-07 03:15:13.674000+00:00,2026-01-07 03:15:14.483934+00:00,13.674,0.425,0.42,0.43,0.575,0.57,0.58,26.02,342.41,342.41,26.02,0.41,10.0,0.44,250.94,0.4,336.0,0.45,942.7,0.39,469.0,0.46,530.0,0.38,341.0,0.47,1172.16,0.37,410.0,0.48,1851.09,0.56,250.94,0.59,10.0,0.55,942.7,0.6,275.0,0.54,530.0,0.61,183.0,0.53,1172.16,0.62,359.0,0.52,1851.09,0.63,410.0
2026-01-07 03:15:14.700000+00:00,2026-01-07 03:15:15.498604+00:00,14.7,0.415,0.41,0.42,0.585,0.58,0.59,35.0,292.98,245.28,35.0,0.4,180.0,0.43,401.41,0.39,246.0,0.44,260.94,0.38,253.0,0.45,922.7,0.37,339.0,0.46,565.0,0.36,374.0,0.47,1172.16,0.57,401.41,0.6,216.0,0.56,293.94,0.61,228.0,0.55,922.7,0.62,217.0,0.54,565.0,0.63,339.0,0.53,1172.16,0.64,374.0
2026-01-07 03:15:15.704000+00:00,2026-01-07 03:15:16.514428+00:00,15.704,0.415,0.41,0.42,0.585,0.58,0.59,35.0,322.28,322.28,50.0,0.4,252.0,0.43,433.49,0.39,331.0,0.44,296.94,0.38,217.0,0.45,922.7,0.37,409.0,0.46,565.0,0.36,443.0,0.47,1172.16,0.57,418.49,0.6,252.0,0.56,311.94,0.61,270.0,0.55,734.0,0.62,217.0,0.54,565.0,0.63,409.0,0.53,1172.16,0.64,443.0
2026-01-07 03:15:16.734000+00:00,2026-01-07 03:15:17.526999+00:00,16.734,0.415,0.41,0.42,0.585,0.58,0.59,165.0,239.98,231.98,178.22,0.4,232.0,0.43,453.49,0.39,134.0,0.44,326.94,0.38,222.0,0.45,730.73,0.37,409.0,0.46,565.0,0.36,443.0,0.47,1172.16,0.57,298.49,0.6,160.0,0.56,260.94,0.61,80.0,0.55,796.73,0.62,222.0,0.54,627.0,0.63,477.0,0.53,1172.16,0.64,374.0
2026-01-07 03:15:17.683000+00:00,2026-01-07 03:15:18.534388+00:00,17.683,0.425,0.42,0.43,0.565,0.56,0.57,214.0,35.08,35.0,229.92,0.41,513.3,0.44,35.0,0.4,359.0,0.45,311.73,0.39,333.0,0.46,469.0,0.38,287.0,0.47,1102.16,0.37,374.0,0.48,2031.09,0.55,341.73,0.58,502.0,0.54,439.0,0.59,463.3,0.53,1102.16,0.6,359.0,0.52,2031.09,0.61,333.0,0.51,1171.44,0.62,287.0
2026-01-07 03:15:18.531000+00:00,2026-01-07 03:15:19.543378+00:00,18.531,0.435,0.43,0.44,0.565,0.56,0.57,337.24,35.0,32.72,265.24,0.42,382.0,0.45,431.73,0.41,382.3,0.46,434.0,0.4,422.0,0.47,1120.16,0.39,333.0,0.48,2013.09,0.38,287.0,0.49,1196.44,0.55,431.73,0.58,382.0,0.54,434.0,0.59,443.3,0.53,1066.16,0.6,359.0,0.52,1941.09,0.61,333.0,0.51,1196.44,0.62,287.0
2026-01-07 03:15:19.711000+00:00,2026-01-07 03:15:20.540413+00:00,19.711,0.435,0.43,0.44,0.565,0.56,0.57,95.53,32.72,32.72,95.53,0.42,520.97,0.45,555.44,0.41,418.3,0.46,595.0,0.4,359.0,0.47,1066.16,0.39,333.0,0.48,1851.09,0.38,287.0,0.49,1196.44,0.55,555.44,0.58,520.97,0.54,595.0,0.59,418.3,0.53,1066.16,0.6,359.0,0.52,1851.09,0.61,333.0,0.51,1196.44,0.62,287.0
2026-01-07 03:15:20.580000+00:00,2026-01-07 03:15:21.549755+00:00,20.58,0.445,0.44,0.45,0.555,0.55,0.56,79.39,374.94,374.94,79.39,0.43,109.53,0.46,460.0,0.42,512.97,0.47,1120.16,0.41,382.3,0.48,1851.09,0.4,384.0,0.49,1231.44,0.39,333.0,0.5,1967.15,0.54,521.0,0.57,109.53,0.53,1120.16,0.58,208.97,0.52,1851.09,0.59,382.3,0.51,1231.44,0.6,384.0,0.5,1967.15,0.61,333.0
2026-01-07 03:15:21.733000+00:00,2026-01-07 03:15:22.543374+00:00,21.733,0.445,0.44,0.45,0.555,0.55,0.56,362.0,199.94,199.94,347.0,0.43,491.53,0.46,106.0,0.42,460.97,0.47,950.16,0.41,513.3,0.48,1939.09,0.4,454.0,0.49,1110.44,0.39,419.0,0.5,2002.15,0.54,106.0,0.57,491.53,0.53,1040.16,0.58,460.97,0.52,1849.09,0.59,513.3,0.51,1110.44,0.6,454.0,0.5,2002.15,0.61,419.0
2026-01-07 03:15:22.674000+00:00,2026-01-07 03:15:23.545666+00:00,22.674,0.445,0.44,0.45,0.555,0.55,0.56,301.0,199.94,199.94,283.0,0.43,403.53,0.46,106.0,0.42,402.0,0.47,1058.16,0.41,513.3,0.48,1790.09,0.4,454.0,0.49,1110.44,0.39,419.0,0.5,2002.15,0.54,142.0,0.57,439.53,0.53,1180.16,0.58,420.0,0.52,1790.09,0.59,513.3,0.51,1231.44,0.6,454.0,0.5,2002.15,0.61,419.0
2026-01-07 03:15:23.687000+00:00,2026-01-07 03:15:24.561660+00:00,23.687,0.445,0.44,0.45,0.555,0.55,0.56,50.0,497.29,497.29,50.0,0.43,248.53,0.46,181.0,0.42,399.0,0.47,1041.16,0.41,488.3,0.48,1775.09,0.4,571.0,0.49,1231.44,0.39,419.0,0.5,2002.15,0.54,181.0,0.57,248.53,0.53,1051.16,0.58,399.0,0.52,1775.09,0.59,524.3,0.51,1231.44,0.6,571.0,0.5,2002.15,0.61,419.0
2026-01-07 03:15:24.734000+00:00,2026-01-07 03:15:25.567956+00:00,24.734,0.445,0.44,0.45,0.555,0.55,0.56,35.0,562.29,567.29,35.0,0.43,248.53,0.46,373.0,0.42,399.0,0.47,1136.16,0.41,549.3,0.48,1826.09,0.4,544.0,0.49,1231.44,0.39,419.0,0.5,2002.15,0.54,373.0,0.57,248.53,0.53,1136.16,0.58,399.0,0.52,1826.09,0.59,549.3,0.51,1231.44,0.6,544.0,0.5,2002.15,0.61,419.0
2026-01-07 03:15:25.600000+00:00,2026-01-07 03:15:26.560352+00:00,25.6,0.445,0.44,0.45,0.555,0.55,0.56,35.0,562.29,557.29,34.0,0.43,65.53,0.46,452.0,0.42,314.0,0.47,1136.16,0.41,603.3,0.48,1826.09,0.4,454.0,0.49,1231.44,0.39,509.0,0.5,2002.15,0.54,452.0,0.57,65.53,0.53,1136.16,0.58,314.0,0.52,1826.09,0.59,603.3,0.51,1231.44,0.6,454.0,0.5,2002.15,0.61,509.0
2026-01-07 03:15:26.658000+00:00,2026-01-07 03:15:27.563373+00:00,26.658,0.445,0.44,0.45,0.555,0.55,0.56,34.0,539.29,521.29,34.0,0.43,65.53,0.46,470.0,0.42,350.0,0.47,1136.16,0.41,567.3,0.48,1826.09,0.4,454.0,0.49,1231.44,0.39,509.0,0.5,2002.15,0.54,470.0,0.57,65.53,0.53,1136.16,0.58,350.0,0.52,1826.09,0.59,567.3,0.51,1231.44,0.6,454.0,0.5,2002.15,0.61,509.0
2026-01-07 03:15:27.473000+00:00,2026-01-07 03:15:28.567654+00:00,27.473,0.445,0.44,0.45,0.555,0.55,0.56,258.0,539.29,529.29,258.0,0.43,65.53,0.46,470.0,0.42,314.0,0.47,1136.16,0.41,603.3,0.48,1826.09,0.4,454.0,0.49,1231.44,0.39,509.0,0.5,2002.15,0.54,470.0,0.57,65.53,0.53,1136.16,0.58,314.0,0.52,1826.09,0.59,603.3,0.51,1231.44,0.6,454.0,0.5,2002.15,0.61,509.0
2026-01-07 03:15:28.750000+00:00,2026-01-07 03:15:29.585282+00:00,28.75,0.445,0.44,0.45,0.555,0.55,0.56,258.0,533.17,732.17,224.0,0.43,65.53,0.46,488.0,0.42,332.0,0.47,1126.16,0.41,585.3,0.48,1826.09,0.4,454.0,0.49,1231.44,0.39,509.0,0.5,2002.15,0.54,651.5,0.58,352.0,0.53,1232.16,0.59,434.3,0.52,1851.09,0.6,412.0,0.51,1231.44,0.61,439.0,0.5,1967.15,0.62,217.0
2026-01-07 03:15:29.767000+00:00,2026-01-07 03:15:30.588962+00:00,29.767,0.425,0.42,0.43,0.575,0.57,0.58,133.0,98.0,103.0,115.0,0.41,140.3,0.44,216.0,0.4,143.0,0.45,678.17,0.39,474.0,0.46,608.5,0.38,222.0,0.47,1217.16,0.37,304.0,0.48,1851.09,0.56,301.0,0.59,104.3,0.55,642.17,0.6,215.0,0.54,572.5,0.61,474.0,0.53,1217.16,0.62,222.0,0.52,1851.09,0.63,304.0
2026-01-07 03:26:20.265000+00:00,2026-01-07 03:26:17.410797+00:00,680.265,0.935,0.93,0.94,0.065,0.06,0.07,766.42,250.95,267.61,756.42,0.92,510.43,0.96,304.0,0.91,300.0,0.97,378.95,0.9,549.11,0.98,686.93,0.89,391.98,0.99,3477.74,0.88,554.16,,,0.04,319.0,0.08,510.43,0.03,363.95,0.09,300.0,0.02,701.93,0.1,549.11,0.01,3477.74,0.11,391.98,,,0.12,554.16
2026-01-07 03:26:21.117000+00:00,2026-01-07 03:26:18.430932+00:00,681.117,0.935,0.93,0.94,0.065,0.06,0.07,841.42,341.27,341.27,876.42,0.92,503.07,0.96,319.0,0.91,285.0,0.97,348.95,0.9,549.11,0.98,716.93,0.89,386.98,0.99,3477.74,0.88,554.16,,,0.04,319.0,0.08,503.07,0.03,348.95,0.09,285.0,0.02,716.93,0.1,549.11,0.01,3477.74,0.11,386.98,,,0.12,554.16
2026-01-07 03:26:22.048000+00:00,2026-01-07 03:26:19.449196+00:00,682.048,0.935,0.93,0.94,0.065,0.06,0.07,741.59,341.27,341.27,741.59,0.92,503.07,0.97,362.95,0.91,285.0,0.98,686.93,0.9,549.11,0.99,3491.74,0.89,414.98,,,0.88,302.16,,,0.03,362.95,0.08,503.07,0.02,686.93,0.09,285.0,0.01,3491.74,0.1,549.11,,,0.11,414.98,,,0.12,302.16
2026-01-07 03:26:23.071000+00:00,2026-01-07 03:26:20.452831+00:00,683.071,0.935,0.93,0.94,0.065,0.06,0.07,756.59,331.12,331.12,741.59,0.92,518.07,0.97,362.95,0.91,285.0,0.98,686.93,0.9,549.11,0.99,3491.74,0.89,391.98,,,0.88,330.16,,,0.03,362.95,0.08,518.07,0.02,686.93,0.09,285.0,0.01,3491.74,0.1,549.11,,,0.11,391.98,,,0.12,330.16
2026-01-07 03:26:24.036000+00:00,2026-01-07 03:26:21.477829+00:00,684.036,0.935,0.93,0.94,0.065,0.06,0.07,721.59,331.12,331.12,721.59,0.92,518.07,0.97,362.95,0.91,285.0,0.98,686.93,0.9,549.11,0.99,3491.74,0.89,386.98,,,0.88,330.16,,,0.03,362.95,0.08,518.07,0.02,686.93,0.09,285.0,0.01,3491.74,0.1,549.11,,,0.11,386.98,,,0.12,330.16
2026-01-07 03:26:25.273000+00:00,2026-01-07 03:26:22.496039+00:00,685.273,0.935,0.93,0.94,0.065,0.06,0.07,771.59,307.77,307.77,721.59,0.92,518.07,0.97,362.95,0.91,265.0,0.98,686.93,0.9,549.11,0.99,3517.73,0.89,414.98,,,0.88,302.16,,,0.03,362.95,0.08,518.07,0.02,686.93,0.09,265.0,0.01,3517.73,0.1,549.11,,,0.11,610.98,,,0.12,330.16
2026-01-07 03:26:26.215000+00:00,2026-01-07 03:26:23.518009+00:00,686.215,0.935,0.93,0.94,0.065,0.06,0.07,591.59,352.77,352.77,591.59,0.92,443.07,0.96,14.0,0.91,323.0,0.97,347.95,0.9,549.11,0.98,686.93,0.89,595.98,0.99,3503.73,0.88,344.16,,,0.04,14.0,0.08,443.07,0.03,347.95,0.09,365.0,0.02,700.93,0.1,549.11,0.01,3503.73,0.11,600.98,,,0.12,344.16
2026-01-07 03:26:27.194000+00:00,2026-01-07 03:26:24.536688+00:00,687.194,0.935,0.93,0.94,0.065,0.06,0.07,616.59,340.77,315.77,616.59,0.92,428.07,0.96,14.0,0.91,449.0,0.97,347.95,0.9,549.11,0.98,700.93,0.89,595.98,0.99,3503.73,0.88,344.16,,,0.04,14.0,0.08,428.07,0.03,347.95,0.09,449.0,0.02,700.93,0.1,549.11,0.01,3503.73,0.11,595.98,,,0.12,344.16
2026-01-07 03:26:28.186000+00:00,2026-01-07 03:26:25.539868+00:00,688.186,0.935,0.93,0.94,0.065,0.06,0.07,546.59,297.13,305.13,534.09,0.92,428.07,0.96,63.0,0.91,392.0,0.97,336.95,0.9,605.11,0.98,695.93,0.89,595.98,0.99,3468.73,0.88,330.16,,,0.04,63.0,0.08,428.07,0.03,336.95,0.09,392.0,0.02,695.93,0.1,605.11,0.01,3468.73,0.11,595.98,,,0.12,330.16
2026-01-07 03:26:29.131000+00:00,2026-01-07 03:26:26.557880+00:00,689.131,0.935,0.93,0.94,0.065,0.06,0.07,466.59,297.13,297.13,466.59,0.92,428.07,0.96,28.0,0.91,448.0,0.97,347.95,0.9,549.11,0.98,670.93,0.89,595.98,0.99,3503.73,0.88,344.16,,,0.04,28.0,0.08,428.07,0.03,347.95,0.09,448.0,0.02,684.93,0.1,549.11,0.01,3503.73,0.11,595.98,,,0.12,344.16
2026-01-07 03:26:30.192000+00:00,2026-01-07 03:26:27.574626+00:00,690.192,0.935,0.93,0.94,0.065,0.06,0.07,466.59,319.41,319.41,466.59,0.92,484.07,0.97,361.95,0.91,392.0,0.98,684.93,0.9,549.11,0.99,3517.73,0.89,614.98,,,0.88,330.16,,,0.03,361.95,0.08,484.07,0.02,684.93,0.09,392.0,0.01,3517.73,0.1,549.11,,,0.11,614.98,,,0.12,330.16
2026-01-07 03:26:31.266000+00:00,2026-01-07 03:26:28.581432+00:00,691.266,0.935,0.93,0.94,0.065,0.06,0.07,331.59,387.41,449.41,331.59,0.92,193.07,0.95,223.0,0.91,325.0,0.96,253.0,0.9,609.11,0.97,366.65,0.89,376.98,0.98,660.93,0.88,435.16,0.99,3467.73,0.05,271.0,0.08,193.07,0.04,243.0,0.09,95.0,0.03,343.65,0.1,649.11,0.02,660.93,0.11,406.98,0.01,3453.73,0.12,407.16
2026-01-07 03:26:32.252000+00:00,2026-01-07 03:26:29.580608+00:00,692.252,0.935,0.93,0.94,0.065,0.06,0.07,251.59,697.41,560.41,251.59,0.92,158.07,0.95,342.0,0.91,120.0,0.96,386.9,0.9,260.0,0.97,392.65,0.89,410.98,0.98,610.93,0.88,435.16,0.99,3453.73,0.05,357.0,0.08,158.07,0.04,386.9,0.09,120.0,0.03,378.65,0.1,260.0,0.02,596.93,0.11,471.98,0.01,3453.73,0.12,449.16
2026-01-07 03:26:33.275000+00:00,2026-01-07 03:26:30.586873+00:00,693.275,0.935,0.93,0.94,0.065,0.06,0.07,251.59,623.41,615.41,251.59,0.92,258.07,0.95,367.0,0.91,85.0,0.96,386.9,0.9,285.0,0.97,352.65,0.89,276.98,0.98,610.93,0.88,507.16,0.99,3467.73,0.05,339.0,0.08,258.07,0.04,400.9,0.09,264.89,0.03,378.65,0.1,299.0,0.02,624.93,0.11,137.98,0.01,3467.73,0.12,238.16
2026-01-07 03:26:34.285000+00:00,2026-01-07 03:26:31.607018+00:00,694.285,0.935,0.93,0.94,0.065,0.06,0.07,130.59,559.13,393.36,130.59,0.92,258.07,0.95,324.0,0.91,292.89,0.96,400.9,0.9,150.0,0.97,407.65,0.89,178.98,0.98,624.93,0.88,243.16,0.99,3467.73,0.05,314.0,0.08,258.07,0.04,401.9,0.09,278.89,0.03,366.65,0.1,105.0,0.02,610.93,0.11,163.08,0.01,3467.73,0.12,288.16
2026-01-07 03:26:35.288000+00:00,2026-01-07 03:26:32.617656+00:00,695.288,0.925,0.92,0.93,0.07500000000000001,0.07,0.08,86.0,170.41,165.41,25.0,0.91,378.89,0.94,560.36,0.9,250.0,0.95,366.4,0.89,327.08,0.96,362.9,0.88,174.16,0.97,499.89,0.87,267.0,0.98,1860.93,0.06,560.36,0.09,378.89,0.05,366.4,0.1,250.0,0.04,362.9,0.11,327.08,0.03,499.89,0.12,174.16,0.02,1860.93,0.13,267.0
2026-01-07 03:26:36.320000+00:00,2026-01-07 03:26:33.618153+00:00,696.32,0.92,0.91,0.93,0.08499999999999999,0.08,0.09,212.42,328.84,50.0,257.42,0.9,460.36,0.94,280.36,0.89,410.08,0.95,394.4,0.88,382.16,0.96,388.9,0.87,449.0,0.97,445.89,0.86,677.0,0.98,671.93,0.07,303.84,0.1,508.0,0.06,305.36,0.11,480.08,0.05,359.4,0.12,382.16,0.04,388.9,0.13,328.0,0.03,445.89,0.14,556.0
2026-01-07 03:26:37.274000+00:00,2026-01-07 03:26:34.637166+00:00,697.274,0.915,0.91,0.92,0.08499999999999999,0.08,0.09,187.42,101.76,101.76,187.42,0.9,90.0,0.93,237.0,0.89,238.08,0.94,483.36,0.88,104.16,0.95,367.4,0.87,427.06,0.96,377.9,0.86,402.0,0.97,459.89,0.07,237.0,0.1,90.0,0.06,483.36,0.11,238.08,0.05,367.4,0.12,174.16,0.04,377.9,0.13,427.06,0.03,459.89,0.14,332.0
2026-01-07 03:26:38.333000+00:00,2026-01-07 03:26:35.634095+00:00,698.333,0.915,0.91,0.92,0.08499999999999999,0.08,0.09,192.42,65.0,65.0,232.42,0.9,250.0,0.93,265.0,0.89,196.08,0.94,507.36,0.88,139.16,0.95,384.4,0.87,229.0,0.96,362.9,0.86,346.0,0.97,479.22,0.07,237.0,0.1,250.0,0.06,535.36,0.11,226.08,0.05,395.4,0.12,109.16,0.04,377.9,0.13,243.0,0.03,479.22,0.14,402.0
2026-01-07 03:26:39.296000+00:00,2026-01-07 03:26:36.636912+00:00,699.296,0.915,0.91,0.92,0.08499999999999999,0.08,0.09,142.42,87.28,87.28,137.42,0.9,250.0,0.93,223.0,0.89,196.08,0.94,549.36,0.88,134.16,0.95,395.4,0.87,412.0,0.96,377.9,0.86,402.0,0.97,493.22,0.07,223.0,0.1,250.0,0.06,549.36,0.11,210.08,0.05,359.4,0.12,204.16,0.04,377.9,0.13,412.0,0.03,1326.22,0.14,346.0
2026-01-07 03:26:40.335000+00:00,2026-01-07 03:26:37.634312+00:00,700.335,0.915,0.91,0.92,0.08499999999999999,0.08,0.09,417.42,22.28,22.28,387.42,0.9,190.0,0.93,183.0,0.89,290.08,0.94,498.36,0.88,321.16,0.95,381.4,0.87,398.0,0.96,423.9,0.86,404.0,0.97,554.22,0.06,292.36,0.1,268.0,0.05,381.4,0.11,438.08,0.04,423.9,0.12,335.16,0.03,610.22,0.13,318.0,0.02,685.93,0.14,404.0
2026-01-07 03:26:41.360000+00:00,2026-01-07 03:26:38.653357+00:00,701.36,0.915,0.91,0.92,0.08499999999999999,0.08,0.09,422.42,22.28,235.41,492.42,0.9,390.0,0.94,136.36,0.89,499.08,0.95,25.0,0.88,396.16,0.96,362.9,0.87,439.0,0.97,610.22,0.86,427.35,0.98,685.93,0.06,136.36,0.1,474.0,0.05,50.0,0.11,429.08,0.04,354.0,0.12,382.16,0.03,615.22,0.13,468.0,0.02,727.93,0.14,424.0
2026-01-07 03:26:42.378000+00:00,2026-01-07 03:26:39.656192+00:00,702.378,0.935,0.93,0.94,0.065,0.06,0.07,240.0,136.36,136.36,240.0,0.92,170.0,0.95,15.0,0.91,568.42,0.96,5.0,0.9,448.0,0.97,650.22,0.89,625.08,0.98,681.93,0.88,468.16,0.99,3530.73,0.05,15.0,0.08,170.0,0.04,5.0,0.09,562.42,0.03,650.22,0.1,476.0,0.02,695.93,0.11,639.08,0.01,3530.73,0.12,468.16
2026-01-07 03:26:43.369000+00:00,2026-01-07 03:26:40.670039+00:00,703.369,0.935,0.93,0.94,0.065,0.06,0.07,220.0,119.78,119.78,220.0,0.92,199.0,0.95,15.0,0.91,605.42,0.96,55.0,0.9,462.0,0.97,469.22,0.89,625.08,0.98,784.93,0.88,468.16,0.99,3453.73,0.05,15.0,0.08,199.0,0.04,97.0,0.09,633.42,0.03,483.22,0.1,462.0,0.02,784.93,0.11,639.08,0.01,3453.73,0.12,496.16
2026-01-07 03:26:44.169000+00:00,2026-01-07 03:26:41.670283+00:00,704.169,0.935,0.93,0.94,0.065,0.06,0.07,184.85,112.57,112.57,184.85,0.92,224.0,0.95,50.0,0.91,598.42,0.96,91.14,0.9,458.0,0.97,522.22,0.89,639.08,0.98,756.93,0.88,545.16,0.99,3467.73,0.05,50.0,0.08,224.0,0.04,91.14,0.09,598.42,0.03,522.22,0.1,458.0,0.02,756.93,0.11,639.08,0.01,3467.73,0.12,545.16
2026-01-07 03:26:45.395000+00:00,2026-01-07 03:26:42.684724+00:00,705.395,0.92,0.91,0.93,0.08499999999999999,0.08,0.09,505.42,50.21,78.0,490.42,0.9,413.0,0.94,137.57,0.89,366.08,0.95,273.0,0.88,727.16,0.96,312.0,0.87,482.0,0.97,594.22,0.86,432.0,0.98,721.93,0.07,90.21,0.1,548.0,0.06,415.57,0.11,446.08,0.05,308.0,0.12,727.16,0.04,373.0,0.13,453.0,0.03,638.22,0.14,467.0
2026-01-07 03:26:46.381000+00:00,2026-01-07 03:26:43.688407+00:00,706.381,0.915,0.91,0.92,0.08499999999999999,0.08,0.09,137.42,338.14,399.14,89.02,0.9,70.0,0.93,355.57,0.89,183.08,0.94,517.57,0.88,94.16,0.95,421.4,0.87,278.0,0.96,357.9,0.86,293.0,0.97,1492.22,0.07,416.57,0.1,70.0,0.06,478.57,0.11,183.08,0.05,421.4,0.12,94.16,0.04,357.9,0.13,95.0,0.03,1492.22,0.14,363.0
2026-01-07 03:26:47.375000+00:00,2026-01-07 03:26:44.687249+00:00,707.375,0.905,0.9,0.91,0.095,0.09,0.1,69.02,86.21,49.0,269.02,0.89,183.08,0.92,397.0,0.88,124.16,0.93,412.57,0.87,65.0,0.94,530.57,0.86,363.0,0.95,386.4,0.85,1635.43,0.96,396.9,0.08,388.14,0.11,127.08,0.07,440.57,0.12,124.16,0.06,489.57,0.13,79.0,0.05,426.4,0.14,391.0,0.04,382.9,0.15,1635.43
2026-01-07 03:26:48.378000+00:00,2026-01-07 03:26:45.700914+00:00,708.378,0.905,0.9,0.91,0.095,0.09,0.1,129.02,63.57,63.57,129.02,0.89,182.08,0.92,402.14,0.88,159.16,0.93,426.57,0.87,73.0,0.94,502.57,0.86,402.0,0.95,441.4,0.85,1635.43,0.96,406.9,0.08,402.14,0.11,182.08,0.07,426.57,0.12,159.16,0.06,502.57,0.13,68.0,0.05,441.4,0.14,402.0,0.04,406.9,0.15,1635.43
2026-01-07 03:26:49.401000+00:00,2026-01-07 03:26:46.712803+00:00,709.401,0.905,0.9,0.91,0.095,0.09,0.1,69.02,124.78,124.78,139.02,0.89,183.08,0.92,228.0,0.88,129.16,0.93,412.57,0.87,84.0,0.94,529.57,0.86,416.0,0.95,401.4,0.85,1635.43,0.96,392.9,0.08,228.0,0.11,323.08,0.07,412.57,0.12,199.16,0.06,529.57,0.13,154.0,0.05,401.4,0.14,346.0,0.04,392.9,0.15,1565.43
2026-01-07 03:26:50.506000+00:00,2026-01-07 03:26:47.702763+00:00,710.506,0.905,0.9,0.91,0.10500000000000001,0.1,0.11,67.96,549.71,72.0,23.08,0.89,23.08,0.92,383.0,0.88,15.0,0.93,459.57,0.87,106.0,0.94,463.57,0.86,518.0,0.95,401.4,0.85,1402.43,0.96,452.9,0.09,533.5,0.12,15.0,0.08,359.0,0.13,121.0,0.07,424.57,0.14,518.0,0.06,449.57,0.15,1402.43,0.05,451.4,0.16,346.0
2026-01-07 03:26:51.404000+00:00,2026-01-07 03:26:48.703555+00:00,711.404,0.885,0.88,0.89,0.11499999999999999,0.11,0.12,15.0,107.0,168.0,15.0,0.87,30.0,0.9,368.45,0.86,130.0,0.91,405.5,0.85,1236.43,0.92,417.7,0.84,297.0,0.93,397.57,0.83,649.0,0.94,448.57,0.1,368.45,0.13,15.0,0.09,400.5,0.14,160.0,0.08,417.7,0.15,1175.43,0.07,397.57,0.16,114.0,0.06,448.57,0.17,649.0
2026-01-07 03:26:52.299000+00:00,2026-01-07 03:26:49.714123+00:00,712.299,0.875,0.87,0.88,0.125,0.12,0.13,30.0,65.0,65.0,30.0,0.86,175.0,0.89,203.0,0.85,1158.43,0.9,464.45,0.84,276.0,0.91,350.5,0.83,635.0,0.92,376.7,0.82,400.0,0.93,421.57,0.11,189.0,0.14,175.0,0.1,449.45,0.15,1163.43,0.09,365.5,0.16,276.0,0.08,376.7,0.17,705.0,0.07,411.57,0.18,400.0
2026-01-07 03:26:53.349000+00:00,2026-01-07 03:26:50.731163+00:00,713.349,0.875,0.87,0.88,0.125,0.12,0.13,15.0,63.86,63.86,15.0,0.86,204.0,0.89,40.0,0.85,1168.43,0.9,262.45,0.84,248.0,0.91,365.5,0.83,705.0,0.92,376.7,0.82,414.0,0.93,397.57,0.11,68.0,0.14,204.0,0.1,262.45,0.15,1182.43,0.09,393.5,0.16,318.0,0.08,376.7,0.17,789.0,0.07,397.57,0.18,344.0
2026-01-07 03:26:54.207000+00:00,2026-01-07 03:26:51.734788+00:00,714.207,0.875,0.87,0.88,0.125,0.12,0.13,15.0,63.86,63.86,85.0,0.86,189.0,0.89,68.0,0.85,1152.43,0.9,277.45,0.84,348.0,0.91,378.5,0.83,789.0,0.92,376.7,0.82,344.0,0.93,397.57,0.11,40.0,0.14,329.0,0.1,305.45,0.15,1227.43,0.09,378.5,0.16,348.0,0.08,376.7,0.17,719.0,0.07,397.57,0.18,344.0
2026-01-07 03:26:55.188000+00:00,2026-01-07 03:26:52.751942+00:00,715.188,0.875,0.87,0.88,0.125,0.12,0.13,214.0,271.72,266.72,269.0,0.86,273.0,0.89,50.0,0.85,1224.43,0.9,253.45,0.84,318.0,0.91,364.5,0.83,747.0,0.92,431.7,0.82,330.0,0.93,397.57,0.11,55.0,0.14,273.0,0.1,210.45,0.15,1224.43,0.09,392.5,0.16,318.0,0.08,417.7,0.17,752.0,0.07,411.57,0.18,330.0
2026-01-07 03:26:56.320000+00:00,2026-01-07 03:26:53.754223+00:00,716.32,0.875,0.87,0.88,0.125,0.12,0.13,245.0,266.72,266.72,245.0,0.86,259.0,0.89,55.0,0.85,1252.43,0.9,435.45,0.84,318.0,0.91,364.5,0.83,724.0,0.92,417.7,0.82,344.0,0.93,397.57,0.11,55.0,0.14,259.0,0.1,435.45,0.15,1287.43,0.09,364.5,0.16,293.0,0.08,417.7,0.17,749.0,0.07,397.57,0.18,344.0
2026-01-07 03:26:57.453000+00:00,2026-01-07 03:26:54.764203+00:00,717.453,0.875,0.87,0.88,0.125,0.12,0.13,236.53,255.35,255.35,236.53,0.86,279.0,0.89,55.0,0.85,1287.43,0.9,414.45,0.84,293.0,0.91,350.5,0.83,744.0,0.92,400.0,0.82,344.0,0.93,411.85,0.11,55.0,0.14,279.0,0.1,442.45,0.15,1287.43,0.09,350.5,0.16,293.0,0.08,390.7,0.17,744.0,0.07,411.85,0.18,344.0
2026-01-07 03:26:58.290000+00:00,2026-01-07 03:26:55.784080+00:00,718.29,0.875,0.87,0.88,0.125,0.12,0.13,228.06,255.35,249.66,228.06,0.86,284.0,0.89,55.0,0.85,1287.43,0.9,414.45,0.84,293.0,0.91,350.5,0.83,744.0,0.92,417.7,0.82,344.0,0.93,426.13,0.11,83.0,0.14,284.0,0.1,414.45,0.15,1262.43,0.09,350.5,0.16,318.0,0.08,390.7,0.17,744.0,0.07,426.13,0.18,344.0
2026-01-07 03:26:59.287000+00:00,2026-01-07 03:26:56.794929+00:00,719.287,0.875,0.87,0.88,0.125,0.12,0.13,210.12,252.0,279.0,21.53,0.86,324.0,0.89,100.39,0.85,1262.43,0.9,434.45,0.84,318.0,0.91,345.36,0.83,744.0,0.92,385.5,0.82,344.0,0.93,783.13,0.11,318.39,0.14,205.0,0.1,382.45,0.15,1244.43,0.09,331.36,0.16,308.0,0.08,371.5,0.17,730.0,0.07,426.13,0.18,316.0
2026-01-07 03:27:00.528000+00:00,2026-01-07 03:26:57.824849+00:00,720.528,0.875,0.87,0.88,0.125,0.12,0.13,166.53,256.9,221.9,225.66,0.86,272.0,0.89,381.0,0.85,1295.43,0.9,439.45,0.84,213.0,0.91,345.36,0.83,730.0,0.92,371.5,0.82,330.0,0.93,426.13,0.11,364.0,0.14,277.0,0.1,449.45,0.15,1285.43,0.09,331.36,0.16,332.0,0.08,371.5,0.17,735.0,0.07,426.13,0.18,330.0
2026-01-07 03:27:01.548000+00:00,2026-01-07 03:26:58.832325+00:00,721.548,0.875,0.87,0.88,0.11499999999999999,0.11,0.12,189.9,140.53,25.0,444.0,0.86,209.0,0.89,53.0,0.85,1425.43,0.9,183.45,0.84,323.0,0.91,178.0,0.83,749.0,0.92,385.5,0.82,339.0,0.93,440.41,0.1,155.45,0.13,391.9,0.09,156.0,0.14,327.0,0.08,383.61,0.15,1446.43,0.07,466.41,0.16,575.0,0.06,453.57,0.17,870.0
2026-01-07 03:27:02.443000+00:00,2026-01-07 03:26:59.849594+00:00,722.443,0.895,0.89,0.9,0.08499999999999999,0.08,0.09,304.0,9.28,49.5,194.54,0.88,406.83,0.92,52.5,0.87,472.9,0.93,146.41,0.86,440.0,0.94,210.57,0.85,1586.43,0.95,365.4,0.84,633.0,0.96,456.9,0.07,155.69,0.1,129.93,0.06,210.57,0.11,400.0,0.05,365.4,0.12,426.83,0.04,456.9,0.13,373.77,0.03,1453.88,0.14,405.0
2026-01-07 03:27:03.484000+00:00,2026-01-07 03:27:00.848688+00:00,723.484,0.925,0.92,0.93,0.07500000000000001,0.07,0.08,380.94,228.19,228.19,385.94,0.91,175.77,0.94,132.57,0.9,115.0,0.95,352.0,0.89,318.0,0.96,459.9,0.88,432.99,0.97,648.88,0.87,386.77,0.98,1835.93,0.06,132.57,0.09,170.77,0.05,352.0,0.1,115.0,0.04,459.9,0.11,318.0,0.03,648.88,0.12,432.99,0.02,1835.93,0.13,386.77
2026-01-07 03:27:04.447000+00:00,2026-01-07 03:27:01.849989+00:00,724.447,0.925,0.92,0.93,0.07500000000000001,0.07,0.08,378.05,228.19,201.95,373.05,0.91,145.77,0.94,97.57,0.9,318.0,0.95,195.0,0.89,393.0,0.96,352.9,0.88,432.99,0.97,693.88,0.87,696.77,0.98,585.93,0.06,97.57,0.09,145.77,0.05,195.0,0.1,318.0,0.04,352.9,0.11,393.0,0.03,693.88,0.12,432.99,0.02,585.93,0.13,696.77
2026-01-07 03:27:05.532000+00:00,2026-01-07 03:27:02.867094+00:00,725.532,0.925,0.92,0.93,0.07500000000000001,0.07,0.08,379.02,128.67,128.67,379.02,0.91,215.77,0.94,97.57,0.9,402.0,0.95,237.0,0.89,393.0,0.96,298.9,0.88,418.99,0.97,719.88,0.87,682.77,0.98,571.93,0.06,97.57,0.09,215.77,0.05,237.0,0.1,402.0,0.04,298.9,0.11,393.0,0.03,719.88,0.12,418.99,0.02,571.93,0.13,682.77
2026-01-07 03:27:06.566000+00:00,2026-01-07 03:27:03.867691+00:00,726.566,0.925,0.92,0.93,0.07500000000000001,0.07,0.08,398.63,16.14,16.14,419.88,0.91,215.77,0.94,122.57,0.9,407.0,0.95,237.0,0.89,378.0,0.96,203.9,0.88,395.53,0.97,693.88,0.87,958.27,0.98,571.93,0.06,122.57,0.09,225.77,0.05,237.0,0.1,407.0,0.04,203.9,0.11,378.0,0.03,693.88,0.12,430.53,0.02,571.93,0.13,944.27
2026-01-07 03:27:07.582000+00:00,2026-01-07 03:27:04.881085+00:00,727.582,0.935,0.93,0.94,0.065,0.06,0.07,160.0,130.57,105.57,195.0,0.92,361.6,0.95,250.0,0.91,191.77,0.96,176.9,0.9,405.0,0.97,705.88,0.89,378.0,0.98,571.93,0.88,367.53,0.99,3467.73,0.05,237.0,0.08,371.6,0.04,176.9,0.09,226.77,0.03,705.88,0.1,378.0,0.02,571.93,0.11,378.0,0.01,3453.73,0.12,367.53
2026-01-07 03:27:08.372000+00:00,2026-01-07 03:27:05.899470+00:00,728.372,0.935,0.93,0.94,0.065,0.06,0.07,195.0,120.57,120.57,195.0,0.92,382.46,0.95,255.0,0.91,252.77,0.96,519.9,0.9,195.0,0.97,705.88,0.89,378.0,0.98,571.93,0.88,398.53,0.99,3453.73,0.05,255.0,0.08,382.46,0.04,484.9,0.09,252.77,0.03,730.88,0.1,195.0,0.02,581.93,0.11,378.0,0.01,3453.73,0.12,398.53
2026-01-07 03:27:09.499000+00:00,2026-01-07 03:27:06.900383+00:00,729.499,0.935,0.93,0.94,0.065,0.06,0.07,195.0,113.57,113.57,195.0,0.92,403.1,0.95,255.0,0.91,252.77,0.96,484.9,0.9,195.0,0.97,730.88,0.89,383.0,0.98,581.93,0.88,398.53,0.99,3453.73,0.05,255.0,0.08,403.1,0.04,510.9,0.09,252.77,0.03,704.88,0.1,195.0,0.02,581.93,0.11,383.0,0.01,5953.73,0.12,398.53
2026-01-07 03:27:10.517000+00:00,2026-01-07 03:27:07.915478+00:00,730.517,0.935,0.93,0.94,0.065,0.06,0.07,195.0,117.5,117.5,195.0,0.92,393.1,0.95,268.0,0.91,252.77,0.96,471.9,0.9,195.0,0.97,730.88,0.89,388.0,0.98,581.93,0.88,398.53,0.99,3453.73,0.05,268.0,0.08,393.1,0.04,471.9,0.09,252.77,0.03,704.88,0.1,195.0,0.02,581.93,0.11,388.0,0.01,3453.73,0.12,398.53
2026-01-07 03:27:11.576000+00:00,2026-01-07 03:27:08.916965+00:00,731.576,0.945,0.94,0.95,0.055,0.05,0.06,35.0,249.0,241.0,40.0,0.93,360.0,0.96,471.9,0.92,416.1,0.97,729.88,0.91,225.77,0.98,581.93,0.9,419.0,0.99,3453.73,0.89,358.0,,,0.04,445.9,0.07,360.0,0.03,729.88,0.08,472.1,0.02,607.93,0.09,182.77,0.01,3453.73,0.1,419.0,,,0.11,371.0
2026-01-07 03:27:12.634000+00:00,2026-01-07 03:27:09.920951+00:00,732.634,0.945,0.94,0.95,0.055,0.05,0.06,129.61,250.0,250.0,129.61,0.93,365.0,0.96,350.0,0.92,472.1,0.97,729.88,0.91,182.77,0.98,594.93,0.9,602.0,0.99,5966.73,0.89,376.0,,,0.04,350.0,0.07,365.0,0.03,716.88,0.08,459.1,0.02,594.93,0.09,195.77,0.01,5966.73,0.1,602.0,,,0.11,376.0
2026-01-07 03:27:13.635000+00:00,2026-01-07 03:27:10.919267+00:00,733.635,0.945,0.94,0.95,0.055,0.05,0.06,129.61,223.76,238.76,129.61,0.93,350.0,0.96,385.0,0.92,446.1,0.97,682.88,0.91,195.77,0.98,634.93,0.9,602.0,0.99,3466.73,0.89,381.0,,,0.04,385.0,0.07,250.0,0.03,682.88,0.08,446.1,0.02,634.93,0.09,208.77,0.01,3466.73,0.1,602.0,,,0.11,363.0
2026-01-07 03:27:14.604000+00:00,2026-01-07 03:27:11.916844+00:00,734.604,0.945,0.94,0.95,0.055,0.05,0.06,94.61,603.1,541.04,94.61,0.93,10.0,0.96,360.0,0.92,367.63,0.97,681.88,0.91,112.77,0.98,571.93,0.9,491.06,0.99,5966.73,0.89,398.0,,,0.04,386.0,0.07,10.0,0.03,633.88,0.08,367.63,0.02,571.93,0.09,142.77,0.01,5966.73,0.1,462.0,,,0.11,393.0
2026-01-07 03:27:15.620000+00:00,2026-01-07 03:27:12.929926+00:00,735.62,0.94,0.93,0.95,0.060000000000000005,0.05,0.07,170.0,557.73,557.73,170.0,0.92,363.1,0.96,386.0,0.91,196.77,0.97,646.88,0.9,195.0,0.98,634.93,0.89,406.0,0.99,5971.73,0.88,385.53,,,0.04,386.0,0.08,363.1,0.03,646.88,0.09,126.77,0.02,634.93,0.1,195.0,0.01,5971.73,0.11,401.0,,,0.12,385.53
2026-01-07 03:27:16.633000+00:00,2026-01-07 03:27:13.937656+00:00,736.633,0.935,0.93,0.94,0.060000000000000005,0.05,0.07,10.0,44.16,387.73,170.0,0.92,402.64,0.95,555.73,0.91,117.77,0.96,386.0,0.9,265.0,0.97,633.88,0.89,388.0,0.98,634.93,0.88,385.53,0.99,5958.73,0.04,373.0,0.08,333.1,0.03,633.88,0.09,156.77,0.02,634.93,0.1,265.0,0.01,3458.73,0.11,388.0,,,0.12,398.53
2026-01-07 03:27:17.627000+00:00,2026-01-07 03:27:14.943870+00:00,737.627,0.94,0.93,0.95,0.060000000000000005,0.05,0.07,194.88,400.73,400.73,194.88,0.92,403.1,0.96,386.0,0.91,200.77,0.97,633.88,0.9,221.0,0.98,634.93,0.89,388.0,0.99,5958.73,0.88,385.53,,,0.04,386.0,0.08,403.1,0.03,633.88,0.09,200.77,0.02,634.93,0.1,221.0,0.01,5958.73,0.11,388.0,,,0.12,385.53
2026-01-07 03:27:18.640000+00:00,2026-01-07 03:27:15.942369+00:00,738.64,0.94,0.93,0.95,0.060000000000000005,0.05,0.07,264.88,176.73,163.73,264.88,0.92,403.1,0.96,401.0,0.91,200.77,0.97,633.88,0.9,221.0,0.98,634.93,0.89,602.0,0.99,5958.73,0.88,385.53,,,0.04,414.0,0.08,403.1,0.03,633.88,0.09,200.77,0.02,634.93,0.1,221.0,0.01,5958.73,0.11,602.0,,,0.12,385.53
2026-01-07 03:27:19.623000+00:00,2026-01-07 03:27:16.956162+00:00,739.623,0.945,0.94,0.95,0.055,0.05,0.06,100.0,184.67,184.67,100.0,0.93,264.88,0.96,401.0,0.92,403.1,0.97,633.88,0.91,200.77,0.98,621.93,0.9,221.0,0.99,5971.73,0.89,602.0,,,0.04,375.0,0.07,264.88,0.03,633.88,0.08,403.1,0.02,621.93,0.09,200.77,0.01,3471.73,0.1,221.0,,,0.11,602.0
2026-01-07 03:27:20.667000+00:00,2026-01-07 03:27:17.956328+00:00,740.667,0.945,0.94,0.95,0.055,0.05,0.06,100.0,176.05,176.05,100.0,0.93,264.88,0.96,375.0,0.92,403.1,0.97,646.88,0.91,200.77,0.98,634.93,0.9,221.0,0.99,5958.73,0.89,602.0,,,0.04,375.0,0.07,264.88,0.03,646.88,0.08,403.1,0.02,634.93,0.09,200.77,0.01,5953.73,0.1,221.0,,,0.11,607.0
2026-01-07 03:27:21.555000+00:00,2026-01-07 03:27:18.964999+00:00,741.555,0.955,0.95,0.96,0.045,0.04,0.05,153.0,359.0,359.0,138.0,0.94,236.0,0.97,686.88,0.93,239.88,0.98,621.93,0.92,403.1,0.99,3466.73,0.91,304.77,,,0.9,343.0,,,0.03,596.88,0.06,291.0,0.02,621.93,0.07,239.88,0.01,3466.73,0.08,403.1,,,0.09,330.77,,,0.1,343.0
2026-01-07 03:27:22.620000+00:00,2026-01-07 03:27:19.958336+00:00,742.62,0.955,0.95,0.96,0.045,0.04,0.05,213.0,5.0,5.0,226.0,0.94,355.0,0.97,289.23,0.93,222.88,0.98,545.09,0.92,442.1,0.99,3453.73,0.91,365.77,,,0.9,615.0,,,0.03,289.23,0.06,355.0,0.02,545.09,0.07,222.88,0.01,3453.73,0.08,442.1,,,0.09,365.77,,,0.1,615.0
2026-01-07 03:27:23.530000+00:00,2026-01-07 03:27:20.967733+00:00,743.53,0.955,0.95,0.96,0.045,0.04,0.05,206.0,5.0,5.0,170.0,0.94,365.0,0.97,319.23,0.93,222.88,0.98,538.93,0.92,416.1,0.99,3453.73,0.91,404.77,,,0.9,602.0,,,0.03,441.23,0.06,401.0,0.02,646.93,0.07,209.88,0.01,3453.73,0.08,403.1,,,0.09,365.77,,,0.1,628.0
2026-01-07 03:27:24.629000+00:00,2026-01-07 03:27:21.969362+00:00,744.629,0.955,0.95,0.96,0.045,0.04,0.05,70.0,40.81,279.81,70.0,0.94,411.0,0.97,584.93,0.93,209.88,0.98,646.93,0.92,433.1,0.99,3466.73,0.91,365.77,,,0.9,615.0,,,0.03,594.93,0.06,396.0,0.02,646.93,0.07,209.88,0.01,3466.73,0.08,433.1,,,0.09,365.77,,,0.1,615.0
2026-01-07 03:27:25.656000+00:00,2026-01-07 03:27:22.965266+00:00,745.656,0.945,0.94,0.95,0.055,0.05,0.06,206.0,367.0,237.0,236.0,0.93,184.88,0.96,607.0,0.92,328.1,0.97,629.93,0.91,112.77,0.98,621.93,0.9,266.0,0.99,3453.73,0.89,376.0,,,0.04,569.0,0.07,174.88,0.03,629.93,0.08,333.1,0.02,621.93,0.09,77.77,0.01,3453.73,0.1,291.0,,,0.11,341.0
2026-01-07 03:27:26.666000+00:00,2026-01-07 03:27:23.980941+00:00,746.666,0.945,0.94,0.95,0.055,0.05,0.06,326.0,15.0,15.0,326.0,0.93,139.88,0.96,499.0,0.92,446.1,0.97,665.93,0.91,269.77,0.98,634.93,0.9,602.0,0.99,3482.35,0.89,328.0,,,0.04,499.0,0.07,169.88,0.03,665.93,0.08,416.1,0.02,634.93,0.09,269.77,0.01,3482.35,0.1,602.0,,,0.11,328.0
2026-01-07 03:27:27.620000+00:00,2026-01-07 03:27:24.990130+00:00,747.62,0.95,0.94,0.96,0.05,0.04,0.06,289.32,379.45,379.45,289.32,0.93,169.88,0.97,703.93,0.92,442.1,0.98,657.93,0.91,243.77,0.99,3482.35,0.9,607.0,,,0.89,354.0,,,0.03,662.93,0.07,139.88,0.02,672.93,0.08,472.1,0.01,3495.35,0.09,243.77,,,0.1,607.0,,,0.11,354.0
2026-01-07 03:27:28.603000+00:00,2026-01-07 03:27:25.991649+00:00,748.603,0.95,0.94,0.96,0.05,0.04,0.06,226.0,392.45,392.45,226.0,0.93,149.88,0.97,701.93,0.92,472.1,0.98,659.93,0.91,243.77,0.99,3491.92,0.9,602.0,,,0.89,354.0,,,0.03,701.93,0.07,179.88,0.02,659.93,0.08,457.1,0.01,3491.92,0.09,243.77,,,0.1,602.0,,,0.11,354.0
2026-01-07 03:27:29.659000+00:00,2026-01-07 03:27:27.006249+00:00,749.659,0.955,0.95,0.96,0.045,0.04,0.05,115.0,379.45,379.45,115.0,0.94,306.0,0.97,644.23,0.93,262.88,0.98,659.93,0.92,429.1,0.99,3491.92,0.91,243.77,,,0.9,602.0,,,0.03,644.23,0.06,306.0,0.02,672.93,0.07,262.88,0.01,3491.92,0.08,429.1,,,0.09,243.77,,,0.1,602.0
2026-01-07 03:27:30.721000+00:00,2026-01-07 03:27:28.022322+00:00,750.721,0.955,0.95,0.96,0.045,0.04,0.05,200.0,171.45,171.45,200.0,0.94,266.0,0.97,659.23,0.93,275.88,0.98,582.93,0.92,416.1,0.99,3189.92,0.91,243.77,,,0.9,607.0,,,0.03,633.23,0.06,266.0,0.02,582.93,0.07,275.88,0.01,3189.92,0.08,416.1,,,0.09,243.77,,,0.1,607.0
2026-01-07 03:27:31.680000+00:00,2026-01-07 03:27:29.022576+00:00,751.68,0.955,0.95,0.96,0.045,0.04,0.05,325.0,167.89,167.89,325.0,0.94,247.0,0.97,477.23,0.93,270.88,0.98,635.93,0.92,416.1,0.99,3199.92,0.91,243.77,,,0.9,343.0,,,0.03,477.23,0.06,247.0,0.02,635.93,0.07,270.88,0.01,3199.92,0.08,416.1,,,0.09,243.77,,,0.1,343.0
2026-01-07 03:27:32.688000+00:00,2026-01-07 03:27:30.018341+00:00,752.688,0.955,0.95,0.96,0.045,0.04,0.05,245.0,212.0,212.0,245.0,0.94,152.0,0.97,487.23,0.93,245.88,0.98,633.93,0.92,416.1,0.99,3189.92,0.91,182.77,,,0.9,391.0,,,0.03,487.23,0.06,152.0,0.02,633.93,0.07,245.88,0.01,3189.92,0.08,416.1,,,0.09,182.77,,,0.1,391.0
2026-01-07 03:27:33.733000+00:00,2026-01-07 03:27:31.031124+00:00,753.733,0.955,0.95,0.96,0.045,0.04,0.05,345.0,165.75,104.75,345.0,0.94,215.0,0.97,437.23,0.93,270.88,0.98,619.93,0.92,627.1,0.99,3257.16,0.91,304.77,,,0.9,361.0,,,0.03,254.23,0.06,215.0,0.02,498.93,0.07,270.88,0.01,3257.16,0.08,627.1,,,0.09,365.77,,,0.1,361.0
2026-01-07 03:27:34.716000+00:00,2026-01-07 03:27:32.036974+00:00,754.716,0.955,0.95,0.96,0.045,0.04,0.05,340.0,89.78,76.4,340.0,0.94,215.0,0.97,254.23,0.93,270.88,0.98,498.93,0.92,627.1,0.99,3257.16,0.91,365.77,,,0.9,361.0,,,0.03,254.23,0.06,215.0,0.02,498.93,0.07,270.88,0.01,3257.16,0.08,627.1,,,0.09,365.77,,,0.1,361.0
2026-01-07 03:27:35.727000+00:00,2026-01-07 03:27:33.047416+00:00,755.727,0.955,0.95,0.96,0.045,0.04,0.05,325.0,76.4,76.4,325.0,0.94,215.0,0.97,254.23,0.93,270.88,0.98,498.93,0.92,627.1,0.99,3270.16,0.91,365.77,,,0.9,356.0,,,0.03,254.23,0.06,215.0,0.02,537.93,0.07,270.88,0.01,3231.16,0.08,627.1,,,0.09,365.77,,,0.1,356.0
2026-01-07 03:27:36.754000+00:00,2026-01-07 03:27:34.051422+00:00,756.754,0.955,0.95,0.96,0.045,0.04,0.05,300.0,74.27,74.27,250.0,0.94,202.0,0.97,335.23,0.93,257.88,0.98,511.93,0.92,653.1,0.99,3231.16,0.91,365.77,,,0.9,343.0,,,0.03,335.23,0.06,202.0,0.02,511.93,0.07,257.88,0.01,3231.16,0.08,653.1,,,0.09,365.77,,,0.1,343.0
2026-01-07 03:27:37.784000+00:00,2026-01-07 03:27:35.076851+00:00,757.784,0.965,0.96,0.97,0.035,0.03,0.04,59.19,290.23,283.39,59.19,0.95,225.0,0.98,519.93,0.94,227.0,0.99,3231.16,0.93,257.88,,,0.92,429.1,,,0.91,330.77,,,0.02,519.93,0.05,225.0,0.01,3231.16,0.06,227.0,,,0.07,257.88,,,0.08,429.1,,,0.09,330.77
2026-01-07 03:27:38.788000+00:00,2026-01-07 03:27:36.081339+00:00,758.788,0.965,0.96,0.97,0.035,0.03,0.04,54.19,231.39,257.39,54.19,0.95,225.0,0.98,532.93,0.94,237.0,0.99,3244.16,0.93,283.88,,,0.92,403.1,,,0.91,330.77,,,0.02,532.93,0.05,225.0,0.01,3244.16,0.06,237.0,,,0.07,283.88,,,0.08,403.1,,,0.09,330.77
2026-01-07 03:27:39.747000+00:00,2026-01-07 03:27:37.077244+00:00,759.747,0.965,0.96,0.97,0.035,0.03,0.04,67.5,239.29,274.29,42.5,0.95,356.41,0.98,524.93,0.94,212.0,0.99,3244.16,0.93,283.88,,,0.92,403.1,,,0.91,365.77,,,0.02,512.43,0.05,356.41,0.01,3234.16,0.06,212.0,,,0.07,283.88,,,0.08,403.1,,,0.09,365.77
2026-01-07 03:27:40.744000+00:00,2026-01-07 03:27:38.072086+00:00,760.744,0.965,0.96,0.97,0.035,0.03,0.04,72.5,274.29,274.29,72.5,0.95,331.41,0.98,471.93,0.94,212.0,0.99,3234.16,0.93,283.88,,,0.92,403.1,,,0.91,365.77,,,0.02,471.93,0.05,331.41,0.01,3334.16,0.06,212.0,,,0.07,283.88,,,0.08,403.1,,,0.09,365.77
2026-01-07 03:27:41.480000+00:00,2026-01-07 03:27:39.083785+00:00,761.48,0.965,0.96,0.97,0.035,0.03,0.04,147.49,274.29,248.29,132.49,0.95,296.41,0.98,478.75,0.94,237.0,0.99,3334.16,0.93,482.88,,,0.92,403.1,,,0.91,365.77,,,0.02,493.75,0.05,296.41,0.01,3321.16,0.06,237.0,,,0.07,482.88,,,0.08,403.1,,,0.09,365.77
2026-01-07 03:27:42.772000+00:00,2026-01-07 03:27:40.098642+00:00,762.772,0.965,0.96,0.97,0.035,0.03,0.04,82.49,354.8,354.8,82.49,0.95,336.41,0.98,484.93,0.94,237.0,0.99,3321.16,0.93,469.88,,,0.92,416.1,,,0.91,365.77,,,0.02,484.93,0.05,336.41,0.01,3321.16,0.06,237.0,,,0.07,469.88,,,0.08,416.1,,,0.09,365.77
2026-01-07 03:27:43.582000+00:00,2026-01-07 03:27:41.100605+00:00,763.582,0.965,0.96,0.97,0.035,0.03,0.04,157.49,287.29,287.29,157.49,0.95,286.41,0.98,479.25,0.94,237.0,0.99,3318.16,0.93,469.88,,,0.92,416.1,,,0.91,365.77,,,0.02,479.25,0.05,286.41,0.01,3318.16,0.06,237.0,,,0.07,469.88,,,0.08,416.1,,,0.09,365.77
2026-01-07 03:27:44.807000+00:00,2026-01-07 03:27:42.108690+00:00,764.807,0.965,0.96,0.97,0.035,0.03,0.04,88.82,425.87,420.87,103.82,0.95,356.41,0.98,592.25,0.94,237.0,0.99,3359.16,0.93,482.88,,,0.92,403.1,,,0.91,365.77,,,0.02,566.25,0.05,411.41,0.01,3372.16,0.06,261.0,,,0.07,443.88,,,0.08,525.1,,,0.09,378.77
2026-01-07 03:27:45.802000+00:00,2026-01-07 03:27:43.105611+00:00,765.802,0.965,0.96,0.97,0.035,0.03,0.04,103.82,176.67,161.37,103.82,0.95,386.41,0.98,445.25,0.94,261.0,0.99,3264.16,0.93,443.88,,,0.92,586.1,,,0.91,378.77,,,0.02,445.25,0.05,386.41,0.01,3264.16,0.06,261.0,,,0.07,443.88,,,0.08,586.1,,,0.09,378.77
2026-01-07 03:27:46.761000+00:00,2026-01-07 03:27:44.117849+00:00,766.761,0.965,0.96,0.97,0.035,0.03,0.04,88.82,130.77,130.77,88.82,0.95,376.41,0.98,445.25,0.94,248.0,0.99,3236.16,0.93,455.88,,,0.92,586.1,,,0.91,378.77,,,0.02,457.25,0.05,376.41,0.01,3236.16,0.06,248.0,,,0.07,455.88,,,0.08,586.1,,,0.09,378.77
2026-01-07 03:27:47.705000+00:00,2026-01-07 03:27:45.116074+00:00,767.705,0.965,0.96,0.97,0.035,0.03,0.04,88.82,130.77,130.77,88.82,0.95,376.41,0.98,457.25,0.94,248.0,0.99,3236.16,0.93,455.88,,,0.92,586.1,,,0.91,365.77,,,0.02,457.25,0.05,376.41,0.01,3223.16,0.06,222.0,,,0.07,455.88,,,0.08,586.1,,,0.09,365.77
2026-01-07 03:27:48.554000+00:00,2026-01-07 03:27:46.116102+00:00,768.554,0.965,0.96,0.97,0.035,0.03,0.04,158.82,130.77,130.77,158.82,0.95,306.41,0.98,457.25,0.94,222.0,0.99,3235.16,0.93,479.88,,,0.92,586.1,,,0.91,365.77,,,0.02,457.25,0.05,306.41,0.01,3235.16,0.06,222.0,,,0.07,479.88,,,0.08,586.1,,,0.09,365.77
2026-01-07 03:27:49.796000+00:00,2026-01-07 03:27:47.128861+00:00,769.796,0.965,0.96,0.97,0.035,0.03,0.04,158.82,124.7,124.7,158.82,0.95,306.41,0.98,442.25,0.94,222.0,0.99,3259.73,0.93,479.88,,,0.92,575.24,,,0.91,365.77,,,0.02,442.25,0.05,306.41,0.01,3259.73,0.06,222.0,,,0.07,479.88,,,0.08,575.24,,,0.09,365.77
2026-01-07 03:27:50.750000+00:00,2026-01-07 03:27:48.133302+00:00,770.75,0.965,0.96,0.97,0.035,0.03,0.04,239.82,89.7,89.7,239.82,0.95,341.41,0.98,309.63,0.94,446.0,0.99,3196.73,0.93,256.88,,,0.92,708.24,,,0.91,490.77,,,0.02,126.63,0.05,341.41,0.01,3196.73,0.06,446.0,,,0.07,256.88,,,0.08,708.24,,,0.09,490.77
2026-01-07 03:27:51.818000+00:00,2026-01-07 03:27:49.138357+00:00,771.818,0.965,0.96,0.97,0.035,0.03,0.04,384.82,9.7,9.7,384.82,0.95,316.41,0.98,126.63,0.94,446.0,0.99,2965.43,0.93,256.88,,,0.92,708.24,,,0.91,490.77,,,0.02,126.63,0.05,316.41,0.01,2965.43,0.06,446.0,,,0.07,256.88,,,0.08,708.24,,,0.09,490.77
2026-01-07 03:27:52.760000+00:00,2026-01-07 03:27:50.130906+00:00,772.76,0.965,0.96,0.97,0.035,0.03,0.04,367.82,9.7,9.7,355.82,0.95,328.41,0.98,126.63,0.94,446.0,0.99,2965.43,0.93,244.88,,,0.92,720.24,,,0.91,478.77,,,0.02,126.63,0.05,328.41,0.01,2977.43,0.06,458.0,,,0.07,244.88,,,0.08,696.24,,,0.09,466.77
2026-01-07 03:27:53.819000+00:00,2026-01-07 03:27:51.132711+00:00,773.819,0.975,0.97,0.98,0.025,0.02,0.03,240.0,146.55,146.55,205.0,0.96,655.72,0.99,2701.63,0.95,338.41,,,0.94,222.0,,,0.93,365.88,,,0.92,478.24,,,0.01,2701.63,0.04,485.72,,,0.05,338.41,,,0.06,222.0,,,0.07,330.88,,,0.08,478.24
2026-01-07 03:27:54.754000+00:00,2026-01-07 03:27:52.132534+00:00,774.754,0.975,0.97,0.98,0.025,0.02,0.03,202.33,26.68,26.68,202.33,0.96,483.72,0.99,2701.63,0.95,326.41,,,0.94,234.0,,,0.93,330.88,,,0.92,478.24,,,0.01,2713.63,0.04,483.72,,,0.05,326.41,,,0.06,246.0,,,0.07,330.88,,,0.08,478.24
2026-01-07 03:27:55.855000+00:00,2026-01-07 03:27:53.151590+00:00,775.855,0.975,0.97,0.98,0.025,0.02,0.03,174.27,26.68,52.68,167.6,0.96,406.72,0.99,2713.63,0.95,326.41,,,0.94,246.0,,,0.93,365.88,,,0.92,478.24,,,0.01,2713.63,0.04,406.72,,,0.05,326.41,,,0.06,258.0,,,0.07,365.88,,,0.08,478.24
2026-01-07 03:27:56.725000+00:00,2026-01-07 03:27:54.148978+00:00,776.725,0.985,0.98,0.99,0.015,0.01,0.02,44.98,2708.63,2708.63,44.98,0.97,132.6,,,0.96,421.72,,,0.95,350.41,,,0.94,234.0,,,0.93,330.88,,,,,0.03,132.6,,,0.04,421.72,,,0.05,350.41,,,0.06,234.0,,,0.07,330.88
2026-01-07 03:27:57.801000+00:00,2026-01-07 03:27:55.167112+00:00,777.801,0.985,0.98,0.99,0.015,0.01,0.02,84.98,2462.0,2462.0,84.98,0.97,122.6,,,0.96,197.72,,,0.95,350.41,,,0.94,234.0,,,0.93,315.88,,,,,0.03,122.6,,,0.04,197.72,,,0.05,350.41,,,0.06,234.0,,,0.07,315.88
2026-01-07 03:27:58.526000+00:00,2026-01-07 03:27:56.160176+00:00,778.526,0.985,0.98,0.99,0.015,0.01,0.02,45.0,2462.0,2462.0,45.0,0.97,147.6,,,0.96,172.72,,,0.95,350.41,,,0.94,234.0,,,0.93,350.88,,,,,0.03,147.6,,,0.04,172.72,,,0.05,350.41,,,0.06,234.0,,,0.07,350.88
2026-01-07 03:27:59.857000+00:00,2026-01-07 03:27:57.165801+00:00,779.857,0.985,0.98,0.99,0.015,0.01,0.02,45.0,1973.0,2008.63,59.13,0.97,130.93,,,0.96,157.72,,,0.95,323.41,,,0.94,234.0,,,0.93,350.88,,,,,0.03,130.93,,,0.04,157.72,,,0.05,323.41,,,0.06,234.0,,,0.07,350.88
2026-01-07 03:28:00.789000+00:00,2026-01-07 03:27:58.182773+00:00,780.789,0.985,0.98,0.99,0.015,0.01,0.02,49.13,2029.89,1928.87,49.13,0.97,130.93,,,0.96,157.72,,,0.95,335.41,,,0.94,234.0,,,0.93,350.88,,,,,0.03,130.93,,,0.04,157.72,,,0.05,335.41,,,0.06,234.0,,,0.07,350.88
2026-01-07 03:28:01.753000+00:00,2026-01-07 03:27:59.197892+00:00,781.753,0.985,0.98,0.99,0.015,0.01,0.02,75.9,1886.87,1885.85,75.9,0.97,326.01,,,0.96,182.72,,,0.95,335.41,,,0.94,234.0,,,0.93,300.88,,,,,0.03,326.01,,,0.04,182.72,,,0.05,335.41,,,0.06,234.0,,,0.07,300.88
2026-01-07 03:28:02.704000+00:00,2026-01-07 03:28:00.199330+00:00,782.704,0.985,0.98,0.99,0.015,0.01,0.02,20.9,1909.72,1874.72,30.0,0.97,322.01,,,0.96,182.72,,,0.95,310.41,,,0.94,234.0,,,0.93,335.88,,,,,0.03,328.27,,,0.04,153.72,,,0.05,300.41,,,0.06,207.0,,,0.07,335.88
2026-01-07 03:28:03.882000+00:00,2026-01-07 03:28:01.194883+00:00,783.882,0.985,0.98,0.99,0.015,0.01,0.02,30.0,1856.6,1856.6,30.0,0.97,330.66,,,0.96,157.72,,,0.95,320.41,,,0.94,340.0,,,0.93,335.88,,,,,0.03,330.66,,,0.04,157.72,,,0.05,320.41,,,0.06,340.0,,,0.07,335.88
2026-01-07 03:28:04.304000+00:00,2026-01-07 03:28:02.216667+00:00,784.304,0.985,0.98,0.99,0.015,0.01,0.02,30.0,1852.55,1852.55,30.0,0.97,400.66,,,0.96,157.72,,,0.95,320.41,,,0.94,340.0,,,0.93,335.88,,,,,0.03,400.66,,,0.04,157.72,,,0.05,320.41,,,0.06,340.0,,,0.07,335.88
2026-01-07 03:28:05.775000+00:00,2026-01-07 03:28:03.213892+00:00,785.775,0.985,0.98,0.99,0.015,0.01,0.02,30.0,1766.55,1746.55,30.0,0.97,500.66,,,0.96,157.72,,,0.95,332.41,,,0.94,328.0,,,0.93,335.88,,,,,0.03,500.66,,,0.04,157.72,,,0.05,332.41,,,0.06,328.0,,,0.07,335.88
2026-01-07 03:28:06.637000+00:00,2026-01-07 03:28:04.234596+00:00,786.637,0.985,0.98,0.99,0.015,0.01,0.02,30.0,1645.55,1645.55,30.0,0.97,500.66,,,0.96,157.72,,,0.95,332.41,,,0.94,328.0,,,0.93,335.88,,,,,0.03,500.66,,,0.04,157.72,,,0.05,332.41,,,0.06,328.0,,,0.07,335.88
2026-01-07 03:28:07.656000+00:00,2026-01-07 03:28:05.247121+00:00,787.656,0.985,0.98,0.99,0.015,0.01,0.02,30.0,1856.4,1955.56,30.0,0.97,206.66,,,0.96,157.72,,,0.95,332.41,,,0.94,328.0,,,0.93,335.88,,,,,0.03,206.66,,,0.04,157.72,,,0.05,332.41,,,0.06,328.0,,,0.07,335.88
2026-01-07 03:28:08.933000+00:00,2026-01-07 03:28:06.248163+00:00,788.933,0.985,0.98,0.99,0.015,0.01,0.02,30.0,2072.31,1984.62,30.0,0.97,465.66,,,0.96,182.72,,,0.95,271.41,,,0.94,352.0,,,0.93,347.88,,,,,0.03,465.66,,,0.04,182.72,,,0.05,271.41,,,0.06,231.0,,,0.07,347.88
2026-01-07 03:28:09.759000+00:00,2026-01-07 03:28:07.268006+00:00,789.759,0.985,0.98,0.99,0.015,0.01,0.02,30.0,1944.55,1944.55,30.0,0.97,500.66,,,0.96,157.72,,,0.95,320.41,,,0.94,219.0,,,0.93,335.88,,,,,0.03,500.66,,,0.04,157.72,,,0.05,320.41,,,0.06,219.0,,,0.07,335.88
2026-01-07 03:28:10.827000+00:00,2026-01-07 03:28:08.280730+00:00,790.827,0.985,0.98,0.99,0.015,0.01,0.02,35.05,1944.55,1944.55,35.05,0.97,540.66,,,0.96,193.72,,,0.95,296.41,,,0.94,207.0,,,0.93,335.88,,,,,0.03,540.66,,,0.04,193.72,,,0.05,296.41,,,0.06,207.0,,,0.07,335.88
2026-01-07 03:28:12.004000+00:00,2026-01-07 03:28:09.299029+00:00,792.004,0.985,0.98,0.99,0.015,0.01,0.02,140.05,1897.42,1797.42,140.05,0.97,470.66,,,0.96,157.72,,,0.95,332.41,,,0.94,328.0,,,0.93,335.88,,,,,0.03,470.66,,,0.04,157.72,,,0.05,332.41,,,0.06,328.0,,,0.07,325.88
2026-01-07 03:28:13.556000+00:00,2026-01-07 03:28:11.321050+00:00,793.556,0.985,0.98,0.99,0.015,0.01,0.02,185.05,1969.26,1969.26,185.05,0.97,475.36,,,0.96,157.72,,,0.95,332.41,,,0.94,328.0,,,0.93,325.88,,,,,0.03,475.36,,,0.04,157.72,,,0.05,332.41,,,0.06,328.0,,,0.07,325.88
2026-01-07 03:28:14.965000+00:00,2026-01-07 03:28:12.320043+00:00,794.965,0.99,0.99,,0.01,,0.01,5595.74,,,5595.74,0.98,195.05,,,0.97,511.36,,,0.96,167.72,,,0.95,296.41,,,0.94,293.0,,,,,0.02,295.05,,,0.03,511.36,,,0.04,167.72,,,0.05,296.41,,,0.06,293.0
2026-01-07 03:28:15.987000+00:00,2026-01-07 03:28:13.320884+00:00,795.987,0.99,0.99,,0.01,,0.01,5687.49,,,5787.49,0.98,395.05,,,0.97,287.36,,,0.96,167.72,,,0.95,296.41,,,0.94,293.0,,,,,0.02,395.05,,,0.03,287.36,,,0.04,167.72,,,0.05,296.41,,,0.06,293.0
2026-01-07 03:28:16.611000+00:00,2026-01-07 03:28:14.312019+00:00,796.611,0.99,0.99,,0.01,,0.01,5921.95,,,5921.95,0.98,380.05,,,0.97,287.36,,,0.96,167.72,,,0.95,296.41,,,0.94,172.0,,,,,0.02,380.05,,,0.03,287.36,,,0.04,167.72,,,0.05,296.41,,,0.06,172.0
2026-01-07 03:28:17.608000+00:00,2026-01-07 03:28:16.334696+00:00,797.608,0.99,0.99,,0.01,,0.01,6321.95,,,6321.95,0.98,380.05,,,0.97,287.36,,,0.96,167.72,,,0.95,296.41,,,0.94,162.0,,,,,0.02,380.05,,,0.03,287.36,,,0.04,167.72,,,0.05,296.41,,,0.06,162.0
2026-01-07 03:28:19.992000+00:00,2026-01-07 03:28:17.347533+00:00,799.992,0.99,0.99,,0.01,,0.01,7321.95,,,7321.95,0.98,609.1,,,0.97,287.36,,,0.96,167.72,,,0.95,296.41,,,0.94,162.0,,,,,0.02,609.1,,,0.03,287.36,,,0.04,167.72,,,0.05,296.41,,,0.06,162.0
2026-01-07 03:28:20.396000+00:00,2026-01-07 03:28:18.364040+00:00,800.396,0.99,0.99,,0.01,,0.01,7021.95,,,7021.95,0.98,609.1,,,0.97,287.36,,,0.96,167.72,,,0.95,296.41,,,0.94,162.0,,,,,0.02,609.1,,,0.03,287.36,,,0.04,167.72,,,0.05,296.41,,,0.06,162.0
2026-01-07 03:28:21.658000+00:00,2026-01-07 03:28:19.370033+00:00,801.658,0.99,0.99,,0.01,,0.01,7421.94,,,7321.94,0.98,609.1,,,0.97,287.36,,,0.96,167.72,,,0.95,296.41,,,0.94,162.0,,,,,0.02,609.1,,,0.03,287.36,,,0.04,167.72,,,0.05,296.41,,,0.06,162.0
2026-01-07 03:28:22.604000+00:00,2026-01-07 03:28:21.379110+00:00,802.604,0.99,0.99,,0.01,,0.01,7321.94,,,7321.94,0.98,609.1,,,0.97,287.36,,,0.96,167.72,,,0.95,296.41,,,0.94,162.0,,,,,0.02,609.1,,,0.03,287.36,,,0.04,167.72,,,0.05,296.41,,,0.06,162.0
2026-01-07 03:28:24.320000+00:00,2026-01-07 03:28:24.406708+00:00,804.32,0.99,0.99,,0.01,,0.01,7331.94,,,7331.94,0.98,609.1,,,0.97,287.36,,,0.96,167.72,,,0.95,296.41,,,0.94,162.0,,,,,0.02,609.1,,,0.03,287.36,,,0.04,167.72,,,0.05,296.41,,,0.06,162.0
2026-01-07 03:28:28.694000+00:00,2026-01-07 03:28:26.429722+00:00,808.694,0.99,0.99,,0.01,,0.01,7311.31,,,7311.31,0.98,609.1,,,0.97,187.36,,,0.96,167.72,,,0.95,291.41,,,0.94,162.0,,,,,0.02,609.1,,,0.03,187.36,,,0.04,167.72,,,0.05,291.41,,,0.06,162.0
2026-01-07 03:28:29.588000+00:00,2026-01-07 03:28:28.442199+00:00,809.588,0.99,0.99,,0.01,,0.01,7223.63,,,7223.63,0.98,609.1,,,0.97,187.36,,,0.96,167.72,,,0.95,291.41,,,0.94,162.0,,,,,0.02,609.1,,,0.03,187.36,,,0.04,167.72,,,0.05,291.41,,,0.06,162.0
2026-01-07 03:28:32.945000+00:00,2026-01-07 03:28:31.482795+00:00,812.945,0.99,0.99,,0.01,,0.01,7217.26,,,7217.26,0.98,609.1,,,0.97,187.36,,,0.96,167.72,,,0.95,291.41,,,0.94,162.0,,,,,0.02,609.1,,,0.03,187.36,,,0.04,167.72,,,0.05,291.41,,,0.06,162.0
2026-01-07 03:28:34.729000+00:00,2026-01-07 03:28:32.498511+00:00,814.729,0.99,0.99,,0.01,,0.01,7217.26,,,7217.26,0.98,509.1,,,0.97,187.36,,,0.96,167.72,,,0.95,291.41,,,0.94,162.0,,,,,0.02,509.1,,,0.03,187.36,,,0.04,167.72,,,0.05,291.41,,,0.06,162.0
2026-01-07 03:28:35.785000+00:00,2026-01-07 03:28:33.498869+00:00,815.785,0.99,0.99,,0.01,,0.01,7212.54,,,7212.54,0.98,409.1,,,0.97,187.36,,,0.96,167.72,,,0.95,291.41,,,0.94,162.0,,,,,0.02,409.1,,,0.03,187.36,,,0.04,167.72,,,0.05,291.41,,,0.06,162.0
2026-01-07 03:28:36.820000+00:00,2026-01-07 03:28:38.503198+00:00,816.82,0.99,0.99,,0.01,,0.01,7409.74,,,7409.74,0.98,475.4,,,0.97,187.36,,,0.96,167.72,,,0.95,291.41,,,0.94,162.0,,,,,0.02,475.4,,,0.03,187.36,,,0.04,167.72,,,0.05,291.41,,,0.06,162.0
2026-01-07 03:28:41.495000+00:00,2026-01-07 03:28:39.506147+00:00,821.495,0.99,0.99,,0.01,,0.01,7409.74,,,7409.74,0.98,475.4,,,0.97,163.36,,,0.96,189.72,,,0.95,291.41,,,0.94,162.0,,,,,0.02,475.4,,,0.03,163.36,,,0.04,189.72,,,0.05,291.41,,,0.06,162.0
2026-01-07 03:28:43.845000+00:00,2026-01-07 03:28:43.518969+00:00,823.845,0.99,0.99,,0.01,,0.01,6634.99,,,6634.99,0.98,251.4,,,0.97,163.36,,,0.96,189.72,,,0.95,291.41,,,0.94,162.0,,,,,0.02,251.4,,,0.03,93.36,,,0.04,119.72,,,0.05,221.41,,,0.06,92.0
2026-01-07 03:28:46.744000+00:00,2026-01-07 03:28:44.528261+00:00,826.744,0.99,0.99,,0.01,,0.01,6682.39,,,6682.39,0.98,251.4,,,0.97,93.36,,,0.96,119.72,,,0.95,221.41,,,0.94,92.0,,,,,0.02,251.4,,,0.03,93.36,,,0.04,119.72,,,0.05,221.41,,,0.06,92.0
2026-01-07 03:28:47.864000+00:00,2026-01-07 03:28:45.530610+00:00,827.864,0.99,0.99,,0.01,,0.01,7656.39,,,7432.39,0.98,251.4,,,0.97,93.36,,,0.96,119.72,,,0.95,221.41,,,0.94,92.0,,,,,0.02,251.4,,,0.03,81.36,,,0.04,119.72,,,0.05,221.41,,,0.06,92.0
2026-01-07 03:28:48.448000+00:00,2026-01-07 03:28:47.562336+00:00,828.448,0.99,0.99,,0.01,,0.01,7432.39,,,7432.39,0.98,251.4,,,0.97,92.36,,,0.96,119.72,,,0.95,221.41,,,0.94,92.0,,,,,0.02,251.4,,,0.03,92.36,,,0.04,119.72,,,0.05,221.41,,,0.06,92.0
2026-01-07 03:28:51.194000+00:00,2026-01-07 03:28:49.595269+00:00,831.194,0.99,0.99,,0.01,,0.01,8432.39,,,8656.39,0.98,251.4,,,0.97,81.36,,,0.96,97.72,,,0.95,221.41,,,0.94,92.0,,,,,0.02,251.4,,,0.03,81.36,,,0.04,97.72,,,0.05,221.41,,,0.06,92.0
2026-01-07 03:28:53.229000+00:00,2026-01-07 03:28:50.594631+00:00,833.229,0.99,0.99,,0.01,,0.01,8656.39,,,8656.39,0.98,251.4,,,0.97,151.36,,,0.96,167.72,,,0.95,291.41,,,0.94,162.0,,,,,0.02,251.4,,,0.03,151.36,,,0.04,167.72,,,0.05,291.41,,,0.06,162.0
2026-01-07 03:28:54.236000+00:00,2026-01-07 03:28:51.595194+00:00,834.236,0.99,0.99,,0.01,,0.01,8621.39,,,8621.39,0.98,241.4,,,0.97,116.36,,,0.96,132.72,,,0.95,256.41,,,0.94,162.0,,,,,0.02,241.4,,,0.03,116.36,,,0.04,132.72,,,0.05,256.41,,,0.06,162.0
2026-01-07 03:28:55.238000+00:00,2026-01-07 03:28:52.593504+00:00,835.238,0.99,0.99,,0.01,,0.01,8621.39,,,8621.39,0.98,241.4,,,0.97,116.36,,,0.96,132.72,,,0.95,256.41,,,0.94,162.0,,,,,0.02,241.4,,,0.03,116.36,,,0.04,132.72,,,0.05,256.41,,,0.06,162.0
2026-01-07 03:28:56.245000+00:00,2026-01-07 03:28:53.604284+00:00,836.245,0.99,0.99,,0.01,,0.01,8621.39,,,8621.39,0.98,241.4,,,0.97,116.36,,,0.96,132.72,,,0.95,256.41,,,0.94,162.0,,,,,0.02,241.4,,,0.03,116.36,,,0.04,132.72,,,0.05,256.41,,,0.06,162.0
2026-01-07 03:28:57.249000+00:00,2026-01-07 03:28:54.632016+00:00,837.249,0.99,0.99,,0.01,,0.01,8722.4,,,8722.4,0.98,241.4,,,0.97,116.36,,,0.96,132.72,,,0.95,256.41,,,0.94,162.0,,,,,0.02,241.4,,,0.03,116.36,,,0.04,132.72,,,0.05,256.41,,,0.06,162.0
2026-01-07 03:28:58.251000+00:00,2026-01-07 03:28:55.632127+00:00,838.251,0.99,0.99,,0.01,,0.01,8735.44,,,8735.44,0.98,251.4,,,0.97,151.36,,,0.96,167.72,,,0.95,291.41,,,0.94,162.0,,,,,0.02,251.4,,,0.03,151.36,,,0.04,167.72,,,0.05,291.41,,,0.06,162.0
2026-01-07 03:28:59.271000+00:00,2026-01-07 03:28:58.664830+00:00,839.271,0.99,0.99,,0.01,,0.01,8735.44,,,8735.44,0.98,251.4,,,0.97,151.36,,,0.96,167.72,,,0.95,291.41,,,0.94,162.0,,,,,0.02,251.4,,,0.03,151.36,,,0.04,167.72,,,0.05,291.41,,,0.06,162.0
2026-01-07 03:29:01.982000+00:00,2026-01-07 03:28:59.668001+00:00,841.982,0.99,0.99,,0.01,,0.01,8735.44,,,8735.44,0.98,251.4,,,0.97,151.36,,,0.96,167.72,,,0.95,291.41,,,0.94,162.0,,,,,0.02,251.4,,,0.03,151.36,,,0.04,167.72,,,0.05,291.41,,,0.06,162.0
2026-01-07 03:29:02.790000+00:00,2026-01-07 03:29:04.679024+00:00,842.79,0.99,0.99,,0.01,,0.01,8735.44,,,8735.44,0.98,251.4,,,0.97,151.36,,,0.96,167.72,,,0.95,291.41,,,0.94,162.0,,,,,0.02,251.4,,,0.03,151.36,,,0.04,167.72,,,0.05,291.41,,,0.06,162.0
2026-01-07 03:29:08.945000+00:00,2026-01-07 03:29:07.694397+00:00,848.945,0.99,0.99,,0.01,,0.01,8476.44,,,8476.44,0.98,175.1,,,0.97,46.36,,,0.96,62.72,,,0.95,186.41,,,0.94,92.0,,,,,0.02,175.1,,,0.03,46.36,,,0.04,62.72,,,0.05,186.41,,,0.06,92.0
2026-01-07 03:29:11.133000+00:00,2026-01-07 03:29:09.713420+00:00,851.133,0.99,0.99,,0.01,,0.01,8476.44,,,8476.44,0.98,241.4,,,0.97,46.36,,,0.96,62.72,,,0.95,186.41,,,0.94,92.0,,,,,0.02,241.4,,,0.03,46.36,,,0.04,62.72,,,0.05,186.41,,,0.06,92.0
2026-01-07 03:29:12.916000+00:00,2026-01-07 03:29:10.715248+00:00,852.916,0.99,0.99,,0.01,,0.01,8700.44,,,8700.44,0.98,241.4,,,0.97,46.36,,,0.96,62.72,,,0.95,186.41,,,0.94,92.0,,,,,0.02,241.4,,,0.03,46.36,,,0.04,62.72,,,0.05,186.41,,,0.06,92.0
2026-01-07 03:29:13.833000+00:00,2026-01-07 03:29:13.737333+00:00,853.833,0.99,0.99,,0.01,,0.01,8700.44,,,8700.44,0.98,241.4,,,0.97,46.36,,,0.96,62.72,,,0.95,186.41,,,0.94,92.0,,,,,0.02,241.4,,,0.03,46.36,,,0.04,62.72,,,0.05,186.41,,,0.06,92.0
2026-01-07 03:29:17.459000+00:00,2026-01-07 03:29:18.797144+00:00,857.459,0.99,0.99,,0.01,,0.01,8724.81,,,8724.81,0.98,251.4,,,0.97,81.36,,,0.96,97.72,,,0.95,221.41,,,0.94,92.0,,,,,0.02,251.4,,,0.03,81.36,,,0.04,97.72,,,0.05,221.41,,,0.06,92.0
2026-01-07 03:29:22.279000+00:00,2026-01-07 03:29:21.826782+00:00,862.279,0.99,0.99,,0.01,,0.01,8510.66,,,8555.66,0.98,251.4,,,0.97,81.36,,,0.96,97.72,,,0.95,221.41,,,0.94,92.0,,,,,0.02,251.4,,,0.03,81.36,,,0.04,97.72,,,0.05,221.41,,,0.06,92.0
2026-01-07 03:29:24.523000+00:00,2026-01-07 03:29:23.829346+00:00,864.523,0.99,0.99,,0.01,,0.01,8555.66,,,8555.66,0.98,251.4,,,0.97,81.36,,,0.96,97.72,,,0.95,221.41,,,0.94,92.0,,,,,0.02,251.4,,,0.03,81.36,,,0.04,97.72,,,0.05,221.41,,,0.06,92.0
2026-01-07 03:29:27.714000+00:00,2026-01-07 03:29:26.830703+00:00,867.714,0.99,0.99,,0.01,,0.01,9276.64,,,9276.64,0.98,251.4,,,0.97,81.36,,,0.96,97.72,,,0.95,221.41,,,0.94,92.0,,,,,0.02,251.4,,,0.03,81.36,,,0.04,97.72,,,0.05,221.41,,,0.06,92.0
2026-01-07 03:29:30.043000+00:00,2026-01-07 03:29:28.831585+00:00,870.043,0.99,0.99,,0.01,,0.01,9276.64,,,9276.64,0.98,185.1,,,0.97,36.66,,,0.96,63.82,,,0.95,221.41,,,0.94,92.0,,,,,0.02,185.1,,,0.03,36.66,,,0.04,63.82,,,0.05,221.41,,,0.06,92.0
2026-01-07 03:29:31.724000+00:00,2026-01-07 03:29:30.846108+00:00,871.724,0.99,0.99,,0.01,,0.01,9281.64,,,9281.64,0.98,185.1,,,0.97,36.66,,,0.96,63.82,,,0.95,221.41,,,0.94,92.0,,,,,0.02,185.1,,,0.03,36.66,,,0.04,63.82,,,0.05,221.41,,,0.06,92.0
2026-01-07 03:29:34.426000+00:00,2026-01-07 03:29:32.872654+00:00,874.426,0.99,0.99,,0.01,,0.01,9281.64,,,9281.64,0.98,135.1,,,0.97,36.66,,,0.96,63.82,,,0.95,221.41,,,0.94,92.0,,,,,0.02,135.1,,,0.03,36.66,,,0.04,63.82,,,0.05,221.41,,,0.06,92.0
2026-01-07 03:29:35.847000+00:00,2026-01-07 03:29:38.970150+00:00,875.847,0.99,0.99,,0.01,,0.01,9681.64,,,9646.64,0.98,135.1,,,0.97,36.66,,,0.96,63.82,,,0.95,221.41,,,0.94,92.0,,,,,0.02,125.1,,,0.03,1.66,,,0.04,28.82,,,0.05,186.41,,,0.06,92.0
2026-01-07 03:29:41.778000+00:00,2026-01-07 03:29:40.985415+00:00,881.778,0.99,0.99,,0.01,,0.01,9646.64,,,9422.64,0.98,125.1,,,0.97,1.66,,,0.96,28.82,,,0.95,186.41,,,0.94,92.0,,,,,0.02,125.1,,,0.03,1.66,,,0.04,28.82,,,0.05,186.41,,,0.06,92.0
2026-01-07 03:29:43.709000+00:00,2026-01-07 03:29:42.994114+00:00,883.709,0.99,0.99,,0.01,,0.01,9422.64,,,9422.64,0.98,125.1,,,0.97,1.66,,,0.96,28.82,,,0.95,186.41,,,0.94,92.0,,,,,0.02,125.1,,,0.03,1.66,,,0.04,28.82,,,0.05,186.41,,,0.06,92.0
2026-01-07 03:29:46.882000+00:00,2026-01-07 03:29:46.015999+00:00,886.882,0.99,0.99,,0.01,,0.01,9432.64,,,9432.64,0.98,125.1,,,0.97,1.66,,,0.96,28.82,,,0.95,186.41,,,0.94,92.0,,,,,0.02,125.1,,,0.03,1.66,,,0.04,28.82,,,0.05,186.41,,,0.06,92.0
2026-01-07 03:29:49.964000+00:00,2026-01-07 03:29:48.017927+00:00,889.964,0.99,0.99,,0.01,,0.01,9483.14,,,9584.15,0.98,125.1,,,0.97,1.66,,,0.96,28.82,,,0.95,211.41,,,0.94,92.0,,,,,0.02,125.1,,,0.03,1.66,,,0.04,28.82,,,0.05,211.41,,,0.06,92.0
2026-01-07 03:29:51.415000+00:00,2026-01-07 03:29:50.035338+00:00,891.415,0.99,0.99,,0.01,,0.01,9609.15,,,9609.15,0.98,125.1,,,0.97,1.66,,,0.96,28.82,,,0.95,211.41,,,0.94,92.0,,,,,0.02,125.1,,,0.03,1.66,,,0.04,28.82,,,0.05,211.41,,,0.06,92.0
2026-01-07 03:29:53.346000+00:00,2026-01-07 03:29:51.046029+00:00,893.346,0.99,0.99,,0.01,,0.01,9869.65,,,9869.65,0.98,125.1,,,0.97,1.66,,,0.96,28.82,,,0.95,211.41,,,0.94,92.0,,,,,0.02,125.1,,,0.03,1.66,,,0.04,28.82,,,0.05,211.41,,,0.06,92.0
2026-01-07 03:29:54.732000+00:00,2026-01-07 03:29:52.061410+00:00,894.732,0.99,0.99,,0.01,,0.01,9919.65,,,9919.65,0.98,125.1,,,0.97,1.66,,,0.96,28.82,,,0.95,211.41,,,0.94,92.0,,,,,0.02,125.1,,,0.03,1.66,,,0.04,28.82,,,0.05,211.41,,,0.06,98.0
2026-01-07 03:29:55.526000+00:00,2026-01-07 03:29:53.069444+00:00,895.526,0.99,0.99,,0.01,,0.01,9980.65,,,9985.65,0.98,125.1,,,0.97,1.66,,,0.96,28.82,,,0.95,211.41,,,0.94,92.0,,,,,0.02,125.1,,,0.03,1.66,,,0.04,28.82,,,0.05,211.41,,,0.06,92.0
2026-01-07 03:29:56.693000+00:00,2026-01-07 03:29:54.076481+00:00,896.693,0.99,0.99,,0.01,,0.01,10167.49,,,10167.49,0.98,125.1,,,0.97,1.66,,,0.96,28.82,,,0.95,211.41,,,0.94,92.0,,,,,0.02,125.1,,,0.03,1.66,,,0.04,28.82,,,0.05,211.41,,,0.06,92.0
2026-01-07 03:29:57.279000+00:00,2026-01-07 03:29:55.079727+00:00,897.279,0.99,0.99,,0.01,,0.01,10187.49,,,10638.49,0.98,125.1,,,0.97,1.66,,,0.96,28.82,,,0.95,211.41,,,0.94,92.0,,,,,0.02,125.1,,,0.03,1.66,,,0.04,28.82,,,0.05,211.41,,,0.06,92.0
2026-01-07 03:29:58.774000+00:00,2026-01-07 03:29:56.095903+00:00,898.774,0.99,0.99,,0.01,,0.01,10765.49,,,12127.83,0.98,125.1,,,0.97,1.66,,,0.96,28.82,,,0.95,211.41,,,0.94,92.0,,,,,0.02,125.1,,,0.03,1.66,,,0.04,28.82,,,0.05,211.41,,,0.06,92.0
2026-01-07 03:29:59.244000+00:00,2026-01-07 03:29:57.094747+00:00,899.244,0.99,0.99,,0.01,,0.01,12632.83,,,12632.83,0.98,125.1,,,0.97,1.66,,,0.96,28.82,,,0.95,233.87,,,0.94,92.0,,,,,0.02,125.1,,,0.03,1.66,,,0.04,28.82,,,0.05,233.87,,,0.06,92.0
