timestamp,collected_at,seconds,up_mid,up_best_bid,up_best_ask,down_mid,down_best_bid,down_best_ask,up_best_bid_size,up_best_ask_size,down_best_bid_size,down_best_ask_size,up_bid_2,up_bid_2_size,up_ask_2,up_ask_2_size,up_bid_3,up_bid_3_size,up_ask_3,up_ask_3_size,up_bid_4,up_bid_4_size,up_ask_4,up_ask_4_size,up_bid_5,up_bid_5_size,up_ask_5,up_ask_5_size,up_bid_6,up_bid_6_size,up_ask_6,up_ask_6_size,down_bid_2,down_bid_2_size,down_ask_2,down_ask_2_size,down_bid_3,down_bid_3_size,down_ask_3,down_ask_3_size,down_bid_4,down_bid_4_size,down_ask_4,down_ask_4_size,down_bid_5,down_bid_5_size,down_ask_5,down_ask_5_size,down_bid_6,down_bid_6_size,down_ask_6,down_ask_6_size
2026-01-07 05:30:00.013000+00:00,2026-01-07 05:29:57.435252+00:00,0.013,0.01,,0.01,0.99,0.99,,,5172.07,5273.08,,,,0.02,274.54,,,0.03,1981.68,,,0.04,105.0,,,0.05,320.13,,,0.06,332.0,0.98,274.54,,,0.97,1981.68,,,0.96,105.0,,,0.95,320.13,,,0.94,332.0,,
2026-01-07 05:30:01.817000+00:00,2026-01-07 05:29:59.439699+00:00,1.817,0.01,,0.01,0.99,0.99,,,194759.06,194759.06,,,,0.02,274.54,,,0.03,1981.68,,,0.04,105.0,,,0.05,215.0,,,0.06,332.0,0.98,274.54,,,0.97,1981.68,,,0.96,105.0,,,0.95,215.0,,,0.94,332.0,,
2026-01-07 05:30:02.986000+00:00,2026-01-07 05:30:00.465579+00:00,2.986,0.575,0.57,0.58,0.425,0.42,0.43,24.67,15.0,10.0,24.67,0.56,155.68,0.59,89.0,0.55,1065.84,0.6,250.0,0.54,578.65,0.62,183.0,0.53,1008.8,0.63,183.0,0.52,1804.42,0.64,373.0,0.41,89.0,0.44,155.68,0.4,250.0,0.45,1065.84,0.38,183.0,0.46,578.65,0.37,183.0,0.47,1008.8,0.36,373.0,0.48,1804.42
2026-01-07 05:30:03.981000+00:00,2026-01-07 05:30:01.470393+00:00,3.981,0.575,0.57,0.58,0.425,0.42,0.43,5.0,98.0,95.0,40.0,0.55,776.84,0.59,171.0,0.54,274.65,0.6,387.0,0.53,887.8,0.61,243.0,0.52,1804.42,0.62,304.0,0.51,772.18,0.63,304.0,0.41,232.0,0.44,5.0,0.4,448.0,0.45,776.84,0.39,304.0,0.46,289.65,0.38,304.0,0.47,902.8,0.37,304.0,0.48,1804.42
2026-01-07 05:30:04.989000+00:00,2026-01-07 05:30:02.469948+00:00,4.989,0.555,0.55,0.56,0.445,0.44,0.45,766.84,45.0,45.0,766.84,0.54,370.65,0.57,70.0,0.53,932.8,0.58,61.0,0.52,1819.42,0.59,232.0,0.51,833.18,0.6,433.0,0.5,1187.9,0.61,304.0,0.43,70.0,0.46,370.65,0.42,61.0,0.47,932.8,0.41,232.0,0.48,1819.42,0.4,443.0,0.49,833.18,0.39,304.0,0.5,1187.9
2026-01-07 05:30:06.100000+00:00,2026-01-07 05:30:03.471360+00:00,6.1,0.555,0.55,0.56,0.445,0.44,0.45,942.24,17.13,17.13,942.24,0.54,457.65,0.57,35.0,0.53,1068.8,0.58,66.0,0.52,1804.42,0.59,247.0,0.51,833.18,0.6,443.0,0.5,1187.9,0.61,304.0,0.43,35.0,0.46,457.65,0.42,66.0,0.47,1068.8,0.41,247.0,0.48,1804.42,0.4,443.0,0.49,833.18,0.39,304.0,0.5,1187.9
2026-01-07 05:30:07.107000+00:00,2026-01-07 05:30:04.479608+00:00,7.107,0.555,0.55,0.56,0.445,0.44,0.45,740.24,72.13,52.13,740.24,0.54,370.65,0.57,172.0,0.53,749.8,0.58,244.0,0.52,1834.42,0.59,232.0,0.51,833.18,0.6,564.0,0.5,1187.9,0.61,304.0,0.43,172.0,0.46,370.65,0.42,244.0,0.47,749.8,0.41,232.0,0.48,1834.42,0.4,564.0,0.49,833.18,0.39,304.0,0.5,1187.9
2026-01-07 05:30:08.130000+00:00,2026-01-07 05:30:05.468951+00:00,8.13,0.555,0.55,0.56,0.445,0.44,0.45,619.12,104.13,104.13,619.12,0.54,355.65,0.57,318.0,0.53,764.8,0.58,314.0,0.52,1768.42,0.59,302.0,0.51,903.18,0.6,634.0,0.5,1257.9,0.61,374.0,0.43,318.0,0.46,355.65,0.42,314.0,0.47,764.8,0.41,302.0,0.48,1768.42,0.4,634.0,0.49,903.18,0.39,374.0,0.5,1257.9
2026-01-07 05:30:09.114000+00:00,2026-01-07 05:30:06.491704+00:00,9.114,0.565,0.56,0.57,0.435,0.43,0.44,353.9,16.0,16.0,337.9,0.55,1018.12,0.58,26.0,0.54,744.65,0.59,49.0,0.53,1158.8,0.6,260.0,0.52,1924.42,0.61,115.0,0.51,967.18,0.62,278.0,0.42,26.0,0.45,1018.12,0.41,49.0,0.46,728.65,0.4,295.0,0.47,1158.8,0.39,80.0,0.48,1924.42,0.38,268.0,0.49,918.18
2026-01-07 05:30:10.138000+00:00,2026-01-07 05:30:07.512333+00:00,10.138,0.585,0.58,0.59,0.415,0.41,0.42,242.0,40.28,40.28,328.0,0.57,477.0,0.6,289.0,0.56,457.0,0.61,72.0,0.55,1038.12,0.62,298.0,0.54,728.65,0.63,329.0,0.53,1158.8,0.64,339.0,0.4,289.0,0.43,538.0,0.39,72.0,0.44,457.0,0.38,115.0,0.45,1038.12,0.37,25.0,0.46,728.65,0.36,218.0,0.47,1158.8
2026-01-07 05:30:11.153000+00:00,2026-01-07 05:30:08.520104+00:00,11.153,0.595,0.59,0.6,0.405,0.4,0.41,303.0,227.0,290.0,303.0,0.58,248.0,0.61,157.0,0.57,553.0,0.62,107.0,0.56,482.0,0.63,25.0,0.55,1038.12,0.64,218.0,0.54,693.65,0.65,223.0,0.39,121.0,0.42,248.0,0.38,95.0,0.43,517.0,0.37,25.0,0.44,518.0,0.36,218.0,0.45,1038.12,0.35,223.0,0.46,693.65
2026-01-07 05:30:12.061000+00:00,2026-01-07 05:30:09.532280+00:00,12.061,0.595,0.59,0.6,0.405,0.4,0.41,298.0,232.0,232.0,313.0,0.58,274.0,0.61,132.0,0.57,538.0,0.62,112.0,0.56,466.0,0.63,40.0,0.55,1063.12,0.64,218.0,0.54,693.65,0.65,223.0,0.39,132.0,0.42,274.0,0.38,112.0,0.43,538.0,0.37,40.0,0.44,466.0,0.36,218.0,0.45,1063.12,0.35,223.0,0.46,693.65
2026-01-07 05:30:13.153000+00:00,2026-01-07 05:30:10.524586+00:00,13.153,0.595,0.59,0.6,0.405,0.4,0.41,388.0,170.28,170.28,388.0,0.58,411.0,0.61,59.0,0.57,478.0,0.62,162.0,0.56,454.0,0.63,135.0,0.55,1063.12,0.64,288.0,0.54,693.65,0.65,293.0,0.39,59.0,0.42,411.0,0.38,162.0,0.43,478.0,0.37,135.0,0.44,454.0,0.36,288.0,0.45,1063.12,0.35,293.0,0.46,693.65
2026-01-07 05:30:14.149000+00:00,2026-01-07 05:30:11.515379+00:00,14.149,0.595,0.59,0.6,0.405,0.4,0.41,378.0,202.28,202.28,378.0,0.58,436.0,0.61,104.0,0.57,453.0,0.62,257.0,0.56,454.0,0.63,135.0,0.55,1063.12,0.64,288.0,0.54,728.65,0.65,258.0,0.39,104.0,0.42,436.0,0.38,257.0,0.43,453.0,0.37,135.0,0.44,454.0,0.36,288.0,0.45,1063.12,0.35,258.0,0.46,728.65
2026-01-07 05:30:15.999000+00:00,2026-01-07 05:30:13.531528+00:00,15.999,0.595,0.59,0.6,0.405,0.4,0.41,476.0,231.28,231.28,497.0,0.58,457.0,0.61,110.0,0.57,454.0,0.62,80.0,0.56,454.0,0.63,233.0,0.55,740.0,0.64,303.0,0.54,693.65,0.65,293.0,0.39,110.0,0.42,445.0,0.38,80.0,0.43,454.0,0.37,257.0,0.44,454.0,0.36,144.0,0.45,740.0,0.35,293.0,0.46,693.65
2026-01-07 05:30:17.152000+00:00,2026-01-07 05:30:14.539723+00:00,17.152,0.595,0.59,0.6,0.39,0.38,0.4,586.0,5.95,40.0,177.05,0.58,445.0,0.61,70.0,0.57,454.0,0.62,110.0,0.56,454.0,0.63,196.0,0.55,779.0,0.64,165.0,0.54,513.0,0.65,308.0,0.37,126.0,0.41,531.0,0.36,165.0,0.42,445.0,0.35,308.0,0.43,454.0,0.34,293.0,0.44,454.0,0.33,426.0,0.45,779.0
2026-01-07 05:30:18.199000+00:00,2026-01-07 05:30:15.546459+00:00,18.199,0.615,0.61,0.62,0.39,0.38,0.4,5.0,116.0,145.0,261.05,0.6,176.05,0.63,160.0,0.59,516.0,0.64,25.0,0.58,493.0,0.65,223.0,0.57,454.0,0.66,218.0,0.56,454.0,0.67,461.0,0.37,131.0,0.41,469.0,0.36,25.0,0.42,505.0,0.35,223.0,0.43,454.0,0.34,218.0,0.44,454.0,0.33,461.0,0.45,684.0
2026-01-07 05:30:19.180000+00:00,2026-01-07 05:30:16.553172+00:00,19.18,0.605,0.6,0.61,0.395,0.39,0.4,388.16,10.0,7.6,388.16,0.59,481.0,0.62,121.0,0.58,493.0,0.63,155.0,0.57,454.0,0.64,10.0,0.56,454.0,0.65,223.0,0.55,684.0,0.66,218.0,0.38,121.0,0.41,481.0,0.37,155.0,0.42,493.0,0.36,10.0,0.43,454.0,0.35,223.0,0.44,454.0,0.34,218.0,0.45,684.0
2026-01-07 05:30:20.158000+00:00,2026-01-07 05:30:17.560915+00:00,20.158,0.605,0.6,0.61,0.39,0.38,0.4,572.16,7.6,109.0,572.16,0.59,485.0,0.62,109.0,0.58,469.0,0.63,128.0,0.57,454.0,0.64,25.0,0.56,454.0,0.65,223.0,0.55,684.0,0.66,218.0,0.37,128.0,0.41,485.0,0.36,25.0,0.42,469.0,0.35,223.0,0.43,454.0,0.34,218.0,0.44,454.0,0.33,461.0,0.45,684.0
2026-01-07 05:30:21.198000+00:00,2026-01-07 05:30:18.567081+00:00,21.198,0.615,0.61,0.62,0.385,0.38,0.39,75.0,100.0,100.0,67.4,0.6,639.16,0.63,116.0,0.59,469.0,0.64,85.0,0.58,454.0,0.65,223.0,0.57,454.0,0.66,218.0,0.56,454.0,0.67,461.0,0.37,116.0,0.4,639.16,0.36,85.0,0.41,469.0,0.35,223.0,0.42,454.0,0.34,218.0,0.43,454.0,0.33,461.0,0.44,454.0
2026-01-07 05:30:22.002000+00:00,2026-01-07 05:30:19.570817+00:00,22.002,0.615,0.61,0.62,0.385,0.38,0.39,5.0,100.0,100.0,5.0,0.6,655.16,0.63,116.0,0.59,453.0,0.64,85.0,0.58,454.0,0.65,223.0,0.57,454.0,0.66,288.0,0.56,454.0,0.67,461.0,0.37,116.0,0.4,655.16,0.36,85.0,0.41,453.0,0.35,223.0,0.42,454.0,0.34,288.0,0.43,454.0,0.33,461.0,0.44,454.0
2026-01-07 05:30:23.859000+00:00,2026-01-07 05:30:21.580008+00:00,23.859,0.605,0.6,0.61,0.39,0.38,0.4,358.78,10.0,85.0,358.78,0.59,490.0,0.62,100.0,0.58,469.0,0.63,179.0,0.57,454.0,0.64,22.0,0.56,454.0,0.65,223.0,0.55,1007.13,0.66,288.0,0.37,179.0,0.41,490.0,0.36,22.0,0.42,469.0,0.35,223.0,0.43,454.0,0.34,288.0,0.44,454.0,0.33,419.0,0.45,1007.13
2026-01-07 05:30:25.859000+00:00,2026-01-07 05:30:23.586719+00:00,25.859,0.61,0.6,0.62,0.39,0.38,0.4,379.93,95.0,95.0,379.93,0.59,469.0,0.63,92.0,0.58,454.0,0.64,139.0,0.57,454.0,0.65,223.0,0.56,454.0,0.66,288.0,0.55,1007.13,0.67,495.0,0.37,92.0,0.41,469.0,0.36,139.0,0.42,454.0,0.35,223.0,0.43,454.0,0.34,288.0,0.44,454.0,0.33,495.0,0.45,1007.13
2026-01-07 05:30:27.181000+00:00,2026-01-07 05:30:24.591972+00:00,27.181,0.61,0.6,0.62,0.39,0.38,0.4,343.93,110.64,110.64,343.93,0.59,493.0,0.63,91.0,0.58,454.0,0.64,128.0,0.57,454.0,0.65,223.0,0.56,454.0,0.66,288.0,0.55,1007.13,0.67,460.0,0.37,91.0,0.41,493.0,0.36,128.0,0.42,454.0,0.35,223.0,0.43,454.0,0.34,288.0,0.44,454.0,0.33,460.0,0.45,1007.13
2026-01-07 05:30:28.214000+00:00,2026-01-07 05:30:25.615758+00:00,28.214,0.62,0.61,0.63,0.38,0.37,0.39,42.65,132.0,132.0,67.65,0.6,368.93,0.64,127.0,0.59,445.0,0.65,235.0,0.58,454.0,0.66,288.0,0.57,454.0,0.67,495.0,0.56,454.0,0.68,394.0,0.36,112.0,0.4,383.93,0.35,250.0,0.41,430.0,0.34,288.0,0.42,454.0,0.33,495.0,0.43,454.0,0.32,394.0,0.44,454.0
2026-01-07 05:30:29.252000+00:00,2026-01-07 05:30:26.606461+00:00,29.252,0.625,0.62,0.63,0.375,0.37,0.38,173.0,33.34,33.34,173.0,0.61,28.65,0.64,95.0,0.6,287.93,0.65,238.0,0.59,430.0,0.66,348.0,0.58,454.0,0.67,431.0,0.57,454.0,0.68,394.0,0.36,95.0,0.39,64.65,0.35,238.0,0.4,287.93,0.34,360.0,0.41,430.0,0.33,431.0,0.42,454.0,0.32,394.0,0.43,454.0
2026-01-07 05:30:30.243000+00:00,2026-01-07 05:30:27.612799+00:00,30.243,0.625,0.62,0.63,0.375,0.37,0.38,24.0,118.34,118.34,24.0,0.61,139.65,0.64,177.0,0.6,287.93,0.65,298.0,0.59,293.0,0.66,312.0,0.58,454.0,0.67,419.0,0.57,454.0,0.68,472.0,0.36,238.0,0.39,139.65,0.35,298.0,0.4,287.93,0.34,312.0,0.41,293.0,0.33,419.0,0.42,454.0,0.32,472.0,0.43,454.0
2026-01-07 05:30:31.262000+00:00,2026-01-07 05:30:28.633124+00:00,31.262,0.615,0.61,0.62,0.38,0.37,0.39,485.97,35.0,109.0,458.97,0.6,308.93,0.63,95.0,0.59,308.0,0.64,152.0,0.58,454.0,0.65,250.0,0.57,454.0,0.66,288.0,0.56,439.0,0.67,384.0,0.36,103.0,0.4,344.93,0.35,250.0,0.41,347.0,0.34,288.0,0.42,454.0,0.33,419.0,0.43,454.0,0.32,472.0,0.44,439.0
2026-01-07 05:30:32.250000+00:00,2026-01-07 05:30:29.641299+00:00,32.25,0.62,0.61,0.63,0.38,0.37,0.39,442.97,166.0,166.0,442.97,0.6,360.93,0.64,118.0,0.59,347.0,0.65,235.0,0.58,454.0,0.66,288.0,0.57,454.0,0.67,419.0,0.56,439.0,0.68,472.0,0.36,118.0,0.4,360.93,0.35,235.0,0.41,347.0,0.34,288.0,0.42,454.0,0.33,419.0,0.43,454.0,0.32,472.0,0.44,439.0
2026-01-07 05:30:33.299000+00:00,2026-01-07 05:30:30.650943+00:00,33.299,0.645,0.64,0.65,0.355,0.35,0.36,147.0,5.0,5.0,147.0,0.63,407.0,0.67,173.0,0.62,386.0,0.68,86.0,0.61,841.97,0.69,230.0,0.6,581.11,0.7,359.0,0.59,404.0,0.71,339.0,0.34,5.0,0.37,407.0,0.33,173.0,0.38,361.0,0.32,81.0,0.39,761.97,0.31,230.0,0.4,581.11,0.3,359.0,0.41,404.0
2026-01-07 05:30:34.276000+00:00,2026-01-07 05:30:31.656747+00:00,34.276,0.635,0.63,0.64,0.365,0.36,0.37,368.37,32.23,32.23,368.37,0.62,348.0,0.65,5.0,0.61,773.97,0.66,91.0,0.6,581.11,0.67,124.0,0.59,439.0,0.68,82.0,0.58,404.0,0.69,218.0,0.35,22.0,0.38,384.0,0.34,187.0,0.39,758.97,0.33,77.0,0.4,596.11,0.32,70.0,0.41,439.0,0.31,218.0,0.42,404.0
2026-01-07 05:30:35.271000+00:00,2026-01-07 05:30:32.663272+00:00,35.271,0.635,0.63,0.64,0.365,0.36,0.37,363.37,10.0,10.0,363.37,0.62,339.0,0.65,77.0,0.61,785.97,0.66,127.0,0.6,629.11,0.67,80.0,0.59,439.0,0.68,55.0,0.58,404.0,0.69,299.0,0.35,77.0,0.38,339.0,0.34,127.0,0.39,785.97,0.33,80.0,0.4,593.11,0.32,55.0,0.41,439.0,0.31,299.0,0.42,404.0
2026-01-07 05:30:36.298000+00:00,2026-01-07 05:30:33.668057+00:00,36.298,0.645,0.64,0.65,0.355,0.35,0.36,0.08,41.0,46.0,65.08,0.63,323.37,0.66,168.0,0.62,363.0,0.67,80.0,0.61,794.97,0.68,55.0,0.6,620.11,0.69,299.0,0.59,663.0,0.7,359.0,0.34,127.0,0.37,323.37,0.33,80.0,0.38,363.0,0.32,55.0,0.39,794.97,0.31,369.0,0.4,620.11,0.3,429.0,0.41,663.0
2026-01-07 05:30:37.226000+00:00,2026-01-07 05:30:34.675554+00:00,37.226,0.645,0.64,0.65,0.355,0.35,0.36,65.08,117.0,117.0,65.08,0.63,334.37,0.66,102.0,0.62,362.0,0.67,105.0,0.61,498.84,0.68,55.0,0.6,593.11,0.69,369.0,0.59,663.0,0.7,394.0,0.34,102.0,0.37,334.37,0.33,105.0,0.38,362.0,0.32,55.0,0.39,498.84,0.31,369.0,0.4,593.11,0.3,394.0,0.41,663.0
2026-01-07 05:30:38.322000+00:00,2026-01-07 05:30:35.697023+00:00,38.322,0.645,0.64,0.65,0.355,0.35,0.36,70.08,117.0,40.0,70.08,0.63,622.5,0.66,102.0,0.62,387.0,0.67,117.0,0.61,449.84,0.68,55.0,0.6,593.11,0.69,369.0,0.59,663.0,0.7,394.0,0.34,114.0,0.37,622.5,0.33,105.0,0.38,411.0,0.32,55.0,0.39,413.84,0.31,369.0,0.4,581.11,0.3,394.0,0.41,663.0
2026-01-07 05:30:39.326000+00:00,2026-01-07 05:30:36.704128+00:00,39.326,0.65,0.64,0.66,0.35,0.34,0.36,80.0,132.0,132.0,150.0,0.63,717.5,0.67,104.0,0.62,362.0,0.68,103.0,0.61,438.84,0.69,381.0,0.6,581.11,0.7,429.0,0.59,648.0,0.71,374.0,0.33,104.0,0.37,729.5,0.32,103.0,0.38,362.0,0.31,381.0,0.39,438.84,0.3,429.0,0.4,581.11,0.29,374.0,0.41,648.0
2026-01-07 05:30:40.336000+00:00,2026-01-07 05:30:37.712865+00:00,40.336,0.645,0.64,0.65,0.355,0.35,0.36,85.0,314.0,274.0,105.0,0.63,704.5,0.66,172.0,0.62,410.0,0.67,92.0,0.61,450.84,0.68,145.0,0.6,581.11,0.69,288.0,0.59,648.0,0.7,429.0,0.34,172.0,0.37,684.5,0.33,92.0,0.38,410.0,0.32,145.0,0.39,450.84,0.31,288.0,0.4,581.11,0.3,429.0,0.41,648.0
2026-01-07 05:30:41.325000+00:00,2026-01-07 05:30:38.719224+00:00,41.325,0.645,0.64,0.65,0.355,0.35,0.36,70.0,380.0,226.16,70.0,0.63,692.5,0.66,103.0,0.62,374.0,0.67,117.0,0.61,486.84,0.68,133.0,0.6,593.11,0.69,288.0,0.59,648.0,0.7,394.0,0.34,103.0,0.37,692.5,0.33,117.0,0.38,374.0,0.32,133.0,0.39,486.84,0.31,288.0,0.4,593.11,0.3,394.0,0.41,648.0
2026-01-07 05:30:42.345000+00:00,2026-01-07 05:30:39.724922+00:00,42.345,0.645,0.64,0.65,0.355,0.35,0.36,105.0,241.16,229.16,105.0,0.63,667.5,0.66,93.0,0.62,399.0,0.67,117.0,0.61,450.84,0.68,108.0,0.6,581.11,0.69,288.0,0.59,613.0,0.7,429.0,0.34,81.0,0.37,679.5,0.33,117.0,0.38,423.0,0.32,108.0,0.39,462.84,0.31,288.0,0.4,581.11,0.3,429.0,0.41,613.0
2026-01-07 05:30:43.395000+00:00,2026-01-07 05:30:40.743033+00:00,43.395,0.645,0.64,0.65,0.355,0.35,0.36,238.0,125.16,125.16,255.0,0.63,385.37,0.66,35.0,0.62,335.0,0.67,160.0,0.61,438.84,0.68,94.0,0.6,581.11,0.69,300.0,0.59,648.0,0.7,429.0,0.34,35.0,0.37,373.37,0.33,148.0,0.38,323.0,0.32,94.0,0.39,438.84,0.31,381.0,0.4,581.11,0.3,429.0,0.41,648.0
2026-01-07 05:30:44.383000+00:00,2026-01-07 05:30:41.751038+00:00,44.383,0.645,0.64,0.65,0.335,0.33,0.34,275.0,94.39,239.0,145.0,0.63,323.37,0.66,5.0,0.62,313.0,0.67,90.0,0.61,438.84,0.68,80.0,0.6,581.11,0.69,408.0,0.59,389.0,0.7,441.0,0.32,20.0,0.35,90.0,0.31,298.0,0.36,242.0,0.3,339.0,0.37,299.37,0.29,339.0,0.38,454.0,0.28,394.0,0.39,388.84
2026-01-07 05:30:45.188000+00:00,2026-01-07 05:30:42.773636+00:00,45.188,0.665,0.66,0.67,0.335,0.33,0.34,198.0,234.0,239.0,150.0,0.65,515.13,0.68,25.0,0.64,345.0,0.69,127.0,0.63,333.37,0.7,300.0,0.62,454.0,0.71,351.0,0.61,388.84,0.72,445.0,0.32,20.0,0.35,515.13,0.31,139.0,0.36,333.0,0.3,252.0,0.37,333.37,0.29,339.0,0.38,454.0,0.28,445.0,0.39,388.84
2026-01-07 05:30:46.313000+00:00,2026-01-07 05:30:43.783615+00:00,46.313,0.665,0.66,0.67,0.335,0.33,0.34,130.0,189.0,189.0,130.0,0.65,539.13,0.68,32.0,0.64,357.0,0.69,187.0,0.63,345.37,0.7,240.0,0.62,454.0,0.71,339.0,0.61,388.84,0.72,448.0,0.32,32.0,0.35,539.13,0.31,187.0,0.36,357.0,0.3,240.0,0.37,345.37,0.29,339.0,0.38,454.0,0.28,448.0,0.39,388.84
2026-01-07 05:30:47.423000+00:00,2026-01-07 05:30:44.787803+00:00,47.423,0.665,0.66,0.67,0.335,0.33,0.34,135.0,189.0,184.0,135.0,0.65,661.13,0.68,32.0,0.64,357.0,0.69,187.0,0.63,466.37,0.7,240.0,0.62,454.0,0.71,339.0,0.61,388.84,0.72,359.0,0.32,37.0,0.35,673.13,0.31,175.0,0.36,357.0,0.3,252.0,0.37,454.37,0.29,339.0,0.38,454.0,0.28,448.0,0.39,388.84
2026-01-07 05:30:48.402000+00:00,2026-01-07 05:30:45.780979+00:00,48.402,0.675,0.67,0.68,0.325,0.32,0.33,130.0,20.0,20.0,126.96,0.66,111.0,0.69,96.0,0.65,735.13,0.7,173.0,0.64,345.0,0.71,220.0,0.63,663.37,0.72,359.0,0.62,419.0,0.73,432.0,0.31,36.0,0.34,111.0,0.3,188.0,0.35,735.13,0.29,220.0,0.36,345.0,0.28,359.0,0.37,663.37,0.27,432.0,0.38,419.0
2026-01-07 05:30:49.445000+00:00,2026-01-07 05:30:46.785633+00:00,49.445,0.675,0.67,0.68,0.325,0.32,0.33,126.96,20.0,14.12,126.96,0.66,375.0,0.69,36.0,0.65,381.0,0.7,183.0,0.64,466.0,0.71,220.0,0.63,678.37,0.72,359.0,0.62,459.0,0.73,339.0,0.31,41.0,0.34,375.0,0.3,183.0,0.35,381.0,0.29,220.0,0.36,466.0,0.28,359.0,0.37,678.37,0.27,339.0,0.38,459.0
2026-01-07 05:30:50.436000+00:00,2026-01-07 05:30:47.808413+00:00,50.436,0.675,0.67,0.68,0.325,0.32,0.33,126.96,14.12,14.12,126.96,0.66,339.0,0.69,12.0,0.65,348.0,0.7,147.0,0.64,454.0,0.71,25.0,0.63,663.37,0.72,359.0,0.62,419.0,0.73,432.0,0.31,41.0,0.34,375.0,0.3,183.0,0.35,396.0,0.29,37.0,0.36,466.0,0.28,359.0,0.37,663.37,0.27,339.0,0.38,419.0
2026-01-07 05:30:51.461000+00:00,2026-01-07 05:30:48.814730+00:00,51.461,0.675,0.67,0.68,0.325,0.32,0.33,456.96,14.12,12.64,462.96,0.66,336.0,0.7,55.0,0.65,333.0,0.71,77.0,0.64,678.0,0.72,355.0,0.63,479.37,0.73,366.0,0.62,434.0,0.74,429.0,0.3,72.0,0.34,360.0,0.29,162.0,0.35,345.0,0.28,295.0,0.36,678.0,0.27,354.0,0.37,479.37,0.26,429.0,0.38,434.0
2026-01-07 05:30:52.416000+00:00,2026-01-07 05:30:49.823453+00:00,52.416,0.695,0.69,0.7,0.305,0.3,0.31,187.0,20.0,20.0,181.83,0.68,384.0,0.71,229.0,0.67,365.0,0.72,171.0,0.66,777.13,0.73,58.0,0.65,454.0,0.74,386.0,0.64,458.0,0.75,339.0,0.29,229.0,0.32,384.0,0.28,171.0,0.33,365.0,0.27,58.0,0.34,777.13,0.26,386.0,0.35,454.0,0.25,339.0,0.36,458.0
2026-01-07 05:30:53.400000+00:00,2026-01-07 05:30:50.832258+00:00,53.4,0.705,0.7,0.71,0.3,0.29,0.31,50.0,304.0,374.0,109.83,0.69,74.83,0.72,164.0,0.68,351.0,0.73,37.0,0.67,410.0,0.74,359.0,0.66,789.13,0.75,439.0,0.65,454.0,0.76,429.0,0.28,124.0,0.32,351.0,0.27,37.0,0.33,410.0,0.26,359.0,0.34,789.13,0.25,439.0,0.35,454.0,0.24,429.0,0.36,404.0
2026-01-07 05:30:54.410000+00:00,2026-01-07 05:30:51.840308+00:00,54.41,0.695,0.69,0.7,0.305,0.3,0.31,35.0,137.0,185.0,35.0,0.68,374.0,0.71,296.0,0.67,353.0,0.72,127.0,0.66,801.13,0.73,10.0,0.65,466.0,0.74,359.0,0.64,416.0,0.75,439.0,0.29,296.0,0.32,374.0,0.28,127.0,0.33,353.0,0.27,10.0,0.34,837.13,0.26,359.0,0.35,478.0,0.25,439.0,0.36,416.0
2026-01-07 05:30:55.459000+00:00,2026-01-07 05:30:52.846792+00:00,55.459,0.695,0.69,0.7,0.305,0.3,0.31,35.0,159.0,122.0,35.0,0.68,374.0,0.71,320.0,0.67,389.0,0.72,139.0,0.66,813.13,0.73,10.0,0.65,478.0,0.74,359.0,0.64,404.0,0.75,439.0,0.29,332.0,0.32,374.0,0.28,139.0,0.33,389.0,0.27,10.0,0.34,813.13,0.26,359.0,0.35,478.0,0.25,439.0,0.36,404.0
2026-01-07 05:30:56.486000+00:00,2026-01-07 05:30:53.868421+00:00,56.486,0.695,0.69,0.7,0.305,0.3,0.31,105.0,93.0,93.0,105.0,0.68,374.0,0.71,320.0,0.67,365.0,0.72,127.0,0.66,454.0,0.73,10.0,0.65,678.0,0.74,429.0,0.64,404.0,0.75,509.0,0.29,344.0,0.32,434.0,0.28,139.0,0.33,377.0,0.27,22.0,0.34,466.0,0.26,429.0,0.35,678.0,0.25,509.0,0.36,404.0
2026-01-07 05:30:57.472000+00:00,2026-01-07 05:30:54.873535+00:00,57.472,0.69,0.68,0.7,0.31,0.3,0.32,111.0,132.0,132.0,111.0,0.67,152.0,0.71,340.0,0.66,152.0,0.72,416.0,0.65,345.0,0.73,409.0,0.64,318.0,0.74,429.0,0.63,424.37,0.75,374.0,0.29,340.0,0.33,152.0,0.28,416.0,0.34,152.0,0.27,409.0,0.35,345.0,0.26,429.0,0.36,318.0,0.25,374.0,0.37,424.37
2026-01-07 05:30:58.411000+00:00,2026-01-07 05:30:55.878858+00:00,58.411,0.69,0.68,0.7,0.31,0.3,0.32,107.0,132.0,132.0,107.0,0.67,168.0,0.71,340.0,0.66,140.0,0.72,416.0,0.65,345.0,0.73,409.0,0.64,318.0,0.74,429.0,0.63,424.37,0.75,374.0,0.29,340.0,0.33,168.0,0.28,416.0,0.34,140.0,0.27,409.0,0.35,345.0,0.26,429.0,0.36,318.0,0.25,374.0,0.37,424.37
2026-01-07 05:30:59.412000+00:00,2026-01-07 05:30:56.901265+00:00,59.412,0.6799999999999999,0.67,0.69,0.32,0.31,0.33,167.0,95.0,95.0,167.0,0.66,511.13,0.7,167.0,0.65,345.0,0.71,265.0,0.64,318.0,0.72,416.0,0.63,424.37,0.73,409.0,0.62,444.0,0.74,429.0,0.3,167.0,0.34,511.13,0.29,265.0,0.35,345.0,0.28,416.0,0.36,318.0,0.27,409.0,0.37,424.37,0.26,429.0,0.38,444.0
2026-01-07 05:31:00.537000+00:00,2026-01-07 05:30:57.906159+00:00,60.537,0.675,0.67,0.68,0.325,0.32,0.33,197.0,5.0,5.0,197.0,0.66,551.13,0.69,85.0,0.65,345.0,0.7,167.0,0.64,318.0,0.71,265.0,0.63,424.37,0.72,416.0,0.62,404.0,0.73,409.0,0.31,85.0,0.34,551.13,0.3,167.0,0.35,345.0,0.29,265.0,0.36,318.0,0.28,416.0,0.37,424.37,0.27,409.0,0.38,404.0
2026-01-07 05:31:01.440000+00:00,2026-01-07 05:30:58.912327+00:00,61.44,0.69,0.68,0.7,0.31,0.3,0.32,97.0,159.0,159.0,97.0,0.67,198.0,0.71,313.0,0.66,503.13,0.72,416.0,0.65,345.0,0.73,409.0,0.64,542.0,0.74,429.0,0.63,424.37,0.75,474.0,0.29,313.0,0.33,198.0,0.28,416.0,0.34,503.13,0.27,409.0,0.35,345.0,0.26,429.0,0.36,542.0,0.25,474.0,0.37,424.37
2026-01-07 05:31:02.541000+00:00,2026-01-07 05:30:59.921791+00:00,62.541,0.69,0.68,0.7,0.31,0.3,0.32,117.0,142.0,142.0,117.0,0.67,226.0,0.71,325.0,0.66,475.13,0.72,416.0,0.65,345.0,0.73,409.0,0.64,542.0,0.74,429.0,0.63,424.37,0.75,374.0,0.29,330.0,0.33,226.0,0.28,416.0,0.34,475.13,0.27,409.0,0.35,345.0,0.26,429.0,0.36,542.0,0.25,374.0,0.37,424.37
2026-01-07 05:31:03.564000+00:00,2026-01-07 05:31:00.929647+00:00,63.564,0.705,0.7,0.71,0.305,0.3,0.31,35.0,60.0,40.0,303.0,0.69,297.0,0.72,341.0,0.68,428.0,0.73,456.0,0.67,497.0,0.74,346.0,0.66,1001.13,0.75,339.0,0.65,457.0,0.76,359.0,0.29,100.0,0.32,318.0,0.28,285.0,0.33,497.0,0.27,383.0,0.34,777.13,0.26,371.0,0.35,492.0,0.25,339.0,0.36,404.0
2026-01-07 05:31:04.567000+00:00,2026-01-07 05:31:01.937658+00:00,64.567,0.695,0.69,0.7,0.305,0.3,0.31,132.0,5.0,5.0,132.0,0.68,135.0,0.71,85.0,0.67,205.0,0.72,370.0,0.66,333.0,0.73,371.0,0.65,454.0,0.74,371.0,0.64,404.0,0.75,339.0,0.29,85.0,0.32,123.0,0.28,358.0,0.33,193.0,0.27,359.0,0.34,333.0,0.26,371.0,0.35,454.0,0.25,339.0,0.36,443.0
2026-01-07 05:31:05.554000+00:00,2026-01-07 05:31:02.931323+00:00,65.554,0.715,0.71,0.72,0.28500000000000003,0.28,0.29,268.0,203.0,203.0,232.0,0.7,192.0,0.73,309.0,0.69,384.0,0.74,416.0,0.68,287.0,0.75,426.0,0.67,617.0,0.76,346.0,0.66,419.0,0.77,339.0,0.27,304.0,0.3,156.0,0.26,404.0,0.31,384.0,0.25,354.0,0.32,272.0,0.24,334.0,0.33,617.0,0.23,339.0,0.34,419.0
2026-01-07 05:31:06.556000+00:00,2026-01-07 05:31:03.936040+00:00,66.556,0.735,0.73,0.74,0.265,0.26,0.27,245.0,244.0,244.0,150.0,0.72,189.0,0.75,183.0,0.71,214.0,0.76,359.0,0.7,611.13,0.77,454.0,0.69,474.0,0.78,403.0,0.68,456.0,0.79,426.0,0.24,253.0,0.28,177.0,0.23,454.0,0.29,202.0,0.22,403.0,0.3,672.13,0.21,426.0,0.31,474.0,0.2,602.58,0.32,456.0
2026-01-07 05:31:07.571000+00:00,2026-01-07 05:31:04.941806+00:00,67.571,0.735,0.73,0.74,0.265,0.26,0.27,192.0,213.58,218.58,192.0,0.72,336.0,0.75,5.0,0.71,333.0,0.76,20.0,0.7,656.13,0.77,127.0,0.69,474.0,0.78,409.0,0.68,419.0,0.79,426.0,0.25,5.0,0.28,324.0,0.24,20.0,0.29,333.0,0.23,151.0,0.3,668.13,0.22,361.0,0.31,474.0,0.21,414.0,0.32,456.0
2026-01-07 05:31:08.566000+00:00,2026-01-07 05:31:05.964177+00:00,68.566,0.735,0.73,0.74,0.265,0.26,0.27,110.0,294.58,269.58,110.0,0.72,332.1,0.75,131.0,0.71,408.0,0.76,92.0,0.7,683.13,0.77,80.0,0.69,474.0,0.78,334.0,0.68,431.0,0.79,533.0,0.25,131.0,0.28,332.1,0.24,92.0,0.29,408.0,0.23,80.0,0.3,683.13,0.22,334.0,0.31,474.0,0.21,533.0,0.32,431.0
2026-01-07 05:31:09.526000+00:00,2026-01-07 05:31:06.970438+00:00,69.526,0.735,0.73,0.74,0.265,0.26,0.27,110.0,289.58,289.58,110.0,0.72,347.1,0.75,131.0,0.71,381.0,0.76,77.0,0.7,695.13,0.77,95.0,0.69,474.0,0.78,334.0,0.68,431.0,0.79,603.0,0.25,131.0,0.28,347.1,0.24,77.0,0.29,381.0,0.23,95.0,0.3,695.13,0.22,334.0,0.31,474.0,0.21,603.0,0.32,431.0
2026-01-07 05:31:10.573000+00:00,2026-01-07 05:31:07.977737+00:00,70.573,0.735,0.73,0.74,0.265,0.26,0.27,130.0,223.58,328.58,70.0,0.72,103.1,0.75,222.0,0.71,213.0,0.76,319.0,0.7,668.13,0.77,456.0,0.69,557.0,0.78,429.0,0.68,431.0,0.79,603.0,0.25,329.0,0.28,138.1,0.24,355.0,0.29,143.0,0.23,481.0,0.3,668.13,0.22,429.0,0.31,557.0,0.21,603.0,0.32,431.0
2026-01-07 05:31:11.575000+00:00,2026-01-07 05:31:08.967171+00:00,71.575,0.725,0.72,0.73,0.275,0.27,0.28,8.1,72.0,168.0,24.1,0.7,438.13,0.74,684.58,0.69,67.0,0.75,344.0,0.68,338.0,0.76,523.0,0.67,260.0,0.77,454.0,0.66,642.0,0.78,429.0,0.26,649.58,0.3,438.13,0.25,344.0,0.31,67.0,0.24,523.0,0.32,338.0,0.23,454.0,0.33,260.0,0.22,429.0,0.34,642.0
2026-01-07 05:31:12.475000+00:00,2026-01-07 05:31:09.977710+00:00,72.475,0.725,0.72,0.73,0.275,0.27,0.28,19.1,328.0,328.0,19.1,0.7,120.0,0.74,572.58,0.69,79.0,0.75,381.0,0.68,326.0,0.76,523.0,0.67,260.0,0.77,454.0,0.66,642.0,0.78,394.0,0.26,572.58,0.3,120.0,0.25,381.0,0.31,79.0,0.24,523.0,0.32,326.0,0.23,454.0,0.33,260.0,0.22,394.0,0.34,642.0
2026-01-07 05:31:13.556000+00:00,2026-01-07 05:31:10.983428+00:00,73.556,0.725,0.72,0.73,0.275,0.27,0.28,19.1,192.01,192.01,19.1,0.71,5.0,0.74,577.58,0.7,520.13,0.75,381.0,0.69,185.0,0.76,523.0,0.68,348.0,0.77,454.0,0.67,330.0,0.78,394.0,0.26,577.58,0.29,5.0,0.25,381.0,0.3,520.13,0.24,523.0,0.31,185.0,0.23,454.0,0.32,348.0,0.22,394.0,0.33,318.0
2026-01-07 05:31:14.618000+00:00,2026-01-07 05:31:11.992446+00:00,74.618,0.725,0.72,0.73,0.28500000000000003,0.28,0.29,3.1,252.36,80.0,103.0,0.71,103.0,0.74,436.0,0.7,568.13,0.75,369.0,0.69,137.0,0.76,535.0,0.68,348.0,0.77,454.0,0.67,330.0,0.78,394.0,0.27,278.36,0.3,568.13,0.26,431.0,0.31,137.0,0.25,384.0,0.32,348.0,0.24,520.0,0.33,330.0,0.23,454.0,0.34,642.0
2026-01-07 05:31:15.479000+00:00,2026-01-07 05:31:12.998519+00:00,75.479,0.715,0.71,0.72,0.28500000000000003,0.28,0.29,103.0,80.0,80.0,123.0,0.7,568.13,0.73,283.36,0.69,137.0,0.74,431.0,0.68,348.0,0.75,384.0,0.67,330.0,0.76,520.0,0.66,642.0,0.77,454.0,0.27,283.36,0.3,568.13,0.26,431.0,0.31,137.0,0.25,384.0,0.32,348.0,0.24,520.0,0.33,330.0,0.23,454.0,0.34,642.0
2026-01-07 05:31:16.423000+00:00,2026-01-07 05:31:14.001023+00:00,76.423,0.715,0.71,0.72,0.28500000000000003,0.28,0.29,107.0,80.0,80.0,107.0,0.7,584.13,0.73,278.36,0.69,137.0,0.74,431.0,0.68,348.0,0.75,1384.0,0.67,330.0,0.76,595.0,0.66,642.0,0.77,454.0,0.27,278.36,0.3,584.13,0.26,431.0,0.31,137.0,0.25,1384.0,0.32,348.0,0.24,491.0,0.33,330.0,0.23,454.0,0.34,642.0
2026-01-07 05:31:17.597000+00:00,2026-01-07 05:31:15.009574+00:00,77.597,0.715,0.71,0.72,0.28500000000000003,0.28,0.29,25.0,516.0,522.0,25.0,0.7,468.13,0.73,315.0,0.69,208.0,0.74,507.0,0.68,345.0,0.75,1451.0,0.67,333.0,0.76,474.0,0.66,654.0,0.77,419.0,0.27,330.0,0.3,468.13,0.26,507.0,0.31,208.0,0.25,1451.0,0.32,177.0,0.24,474.0,0.33,318.0,0.23,419.0,0.34,654.0
2026-01-07 05:31:18.420000+00:00,2026-01-07 05:31:16.015269+00:00,78.42,0.705,0.7,0.71,0.295,0.29,0.3,121.0,102.0,96.36,121.0,0.69,92.0,0.72,579.0,0.68,245.0,0.73,253.0,0.67,338.0,0.74,492.0,0.66,654.0,0.75,1439.0,0.65,416.0,0.76,474.0,0.28,579.0,0.31,92.0,0.27,253.0,0.32,250.0,0.26,492.0,0.33,333.0,0.25,1439.0,0.34,654.0,0.24,474.0,0.35,416.0
2026-01-07 05:31:19.641000+00:00,2026-01-07 05:31:17.022444+00:00,79.641,0.705,0.7,0.71,0.295,0.29,0.3,16.0,112.0,112.0,16.0,0.69,122.0,0.72,340.0,0.68,140.0,0.73,467.0,0.67,368.0,0.74,396.0,0.66,445.0,0.75,1439.0,0.65,451.0,0.76,474.0,0.28,340.0,0.31,122.0,0.27,467.0,0.32,220.0,0.26,396.0,0.33,333.0,0.25,1439.0,0.34,445.0,0.24,474.0,0.35,451.0
2026-01-07 05:31:20.651000+00:00,2026-01-07 05:31:18.039873+00:00,80.651,0.695,0.69,0.7,0.305,0.3,0.31,444.13,117.0,102.0,489.13,0.68,97.0,0.71,107.0,0.67,428.0,0.72,263.0,0.66,430.0,0.73,479.0,0.65,454.0,0.74,454.0,0.64,416.0,0.75,1439.0,0.29,122.0,0.32,97.0,0.28,263.0,0.33,428.0,0.27,464.0,0.34,445.0,0.26,454.0,0.35,439.0,0.25,1439.0,0.36,416.0
2026-01-07 05:31:21.632000+00:00,2026-01-07 05:31:19.029750+00:00,81.632,0.695,0.69,0.7,0.305,0.3,0.31,428.13,89.14,89.14,428.13,0.68,113.0,0.71,122.0,0.67,428.0,0.72,278.0,0.66,445.0,0.73,464.0,0.65,439.0,0.74,454.0,0.64,416.0,0.75,1439.0,0.29,110.0,0.32,125.0,0.28,290.0,0.33,416.0,0.27,464.0,0.34,445.0,0.26,454.0,0.35,439.0,0.25,1439.0,0.36,416.0
2026-01-07 05:31:22.625000+00:00,2026-01-07 05:31:20.033781+00:00,82.625,0.695,0.69,0.7,0.305,0.3,0.31,433.13,92.14,107.14,433.13,0.68,156.0,0.71,86.0,0.67,368.0,0.72,326.0,0.66,445.0,0.73,464.0,0.65,330.0,0.74,454.0,0.64,404.0,0.75,1439.0,0.29,71.0,0.32,168.0,0.28,326.0,0.33,368.0,0.27,464.0,0.34,430.0,0.26,454.0,0.35,330.0,0.25,1439.0,0.36,404.0
2026-01-07 05:31:23.602000+00:00,2026-01-07 05:31:21.059065+00:00,83.602,0.695,0.69,0.7,0.305,0.3,0.31,433.13,92.14,92.14,433.13,0.68,173.0,0.71,86.0,0.67,368.0,0.72,326.0,0.66,445.0,0.73,371.0,0.65,330.0,0.74,454.0,0.64,628.0,0.75,1539.0,0.29,86.0,0.32,173.0,0.28,326.0,0.33,368.0,0.27,371.0,0.34,445.0,0.26,454.0,0.35,330.0,0.25,1539.0,0.36,628.0
2026-01-07 05:31:24.615000+00:00,2026-01-07 05:31:22.077808+00:00,84.615,0.695,0.69,0.7,0.305,0.3,0.31,445.13,59.75,59.75,445.13,0.68,176.0,0.71,57.0,0.67,368.0,0.72,343.0,0.66,445.0,0.73,371.0,0.65,330.0,0.74,562.0,0.64,628.0,0.75,1439.0,0.29,57.0,0.32,176.0,0.28,343.0,0.33,368.0,0.27,371.0,0.34,445.0,0.26,562.0,0.35,330.0,0.25,1439.0,0.36,628.0
2026-01-07 05:31:25.710000+00:00,2026-01-07 05:31:23.083484+00:00,85.71,0.695,0.69,0.7,0.305,0.3,0.31,142.0,59.75,59.75,142.0,0.68,176.0,0.71,62.0,0.67,368.0,0.72,338.0,0.66,445.0,0.73,371.0,0.65,330.0,0.74,562.0,0.64,628.0,0.75,1439.0,0.29,62.0,0.32,161.0,0.28,338.0,0.33,368.0,0.27,371.0,0.34,445.0,0.26,562.0,0.35,330.0,0.25,1439.0,0.36,628.0
2026-01-07 05:31:26.718000+00:00,2026-01-07 05:31:24.090498+00:00,86.718,0.695,0.69,0.7,0.305,0.3,0.31,142.0,59.75,59.75,142.0,0.68,161.0,0.71,62.0,0.67,368.0,0.72,350.0,0.66,445.0,0.73,359.0,0.65,330.0,0.74,562.0,0.64,628.0,0.75,1439.0,0.29,62.0,0.32,161.0,0.28,350.0,0.33,368.0,0.27,359.0,0.34,445.0,0.26,562.0,0.35,330.0,0.25,1439.0,0.36,628.0
2026-01-07 05:31:27.614000+00:00,2026-01-07 05:31:25.094947+00:00,87.614,0.685,0.68,0.69,0.315,0.31,0.32,493.13,120.0,120.0,493.13,0.67,359.0,0.7,34.75,0.66,445.0,0.71,316.0,0.65,330.0,0.72,325.0,0.64,663.0,0.73,384.0,0.63,464.37,0.74,562.0,0.3,34.75,0.33,359.0,0.29,316.0,0.34,445.0,0.28,301.0,0.35,330.0,0.27,384.0,0.36,663.0,0.26,562.0,0.37,464.37
2026-01-07 05:31:28.667000+00:00,2026-01-07 05:31:26.102925+00:00,88.667,0.685,0.68,0.69,0.315,0.31,0.32,428.13,120.0,120.0,428.13,0.67,236.0,0.7,53.75,0.66,433.0,0.71,446.0,0.65,330.0,0.72,323.0,0.64,663.0,0.73,454.0,0.63,476.37,0.74,454.0,0.3,53.75,0.33,220.0,0.29,446.0,0.34,433.0,0.28,323.0,0.35,330.0,0.27,454.0,0.36,663.0,0.26,454.0,0.37,476.37
2026-01-07 05:31:29.664000+00:00,2026-01-07 05:31:27.110159+00:00,89.664,0.685,0.68,0.69,0.315,0.31,0.32,428.13,95.0,95.0,428.13,0.67,220.0,0.7,58.75,0.66,433.0,0.71,446.0,0.65,330.0,0.72,323.0,0.64,663.0,0.73,454.0,0.63,476.37,0.74,454.0,0.3,58.75,0.33,220.0,0.29,446.0,0.34,433.0,0.28,323.0,0.35,330.0,0.27,454.0,0.36,663.0,0.26,454.0,0.37,476.37
2026-01-07 05:31:30.421000+00:00,2026-01-07 05:31:28.115442+00:00,90.421,0.685,0.68,0.69,0.305,0.3,0.31,463.13,75.0,5.0,80.0,0.67,232.0,0.7,58.75,0.66,433.0,0.71,446.0,0.65,330.0,0.72,323.0,0.64,663.0,0.73,454.0,0.63,476.37,0.74,454.0,0.29,329.0,0.32,533.13,0.28,358.0,0.33,140.0,0.27,469.0,0.34,418.0,0.26,454.0,0.35,318.0,0.25,424.0,0.36,663.0
2026-01-07 05:31:31.671000+00:00,2026-01-07 05:31:29.121278+00:00,91.671,0.705,0.7,0.71,0.295,0.29,0.3,192.0,349.0,349.0,192.0,0.69,73.0,0.72,343.0,0.68,508.13,0.73,469.0,0.67,152.0,0.74,478.0,0.66,418.0,0.75,496.0,0.65,318.0,0.76,424.0,0.28,343.0,0.31,73.0,0.27,469.0,0.32,508.13,0.26,478.0,0.33,152.0,0.25,496.0,0.34,418.0,0.24,424.0,0.35,318.0
2026-01-07 05:31:32.694000+00:00,2026-01-07 05:31:30.126938+00:00,92.694,0.705,0.7,0.71,0.295,0.29,0.3,180.0,346.85,346.85,180.0,0.69,73.0,0.72,343.0,0.68,520.13,0.73,481.0,0.67,140.0,0.74,538.0,0.66,430.0,0.75,424.0,0.65,318.0,0.76,424.0,0.28,343.0,0.31,73.0,0.27,481.0,0.32,520.13,0.26,538.0,0.33,140.0,0.25,424.0,0.34,430.0,0.24,424.0,0.35,318.0
2026-01-07 05:31:33.790000+00:00,2026-01-07 05:31:31.134190+00:00,93.79,0.705,0.7,0.71,0.295,0.29,0.3,107.0,346.85,346.85,131.0,0.69,396.13,0.72,160.0,0.68,380.0,0.73,189.0,0.67,323.0,0.74,454.0,0.66,430.0,0.75,424.0,0.65,477.0,0.76,424.0,0.28,160.0,0.31,396.13,0.27,189.0,0.32,392.0,0.26,490.0,0.33,323.0,0.25,424.0,0.34,430.0,0.24,424.0,0.35,477.0
2026-01-07 05:31:34.771000+00:00,2026-01-07 05:31:32.138199+00:00,94.771,0.705,0.7,0.71,0.295,0.29,0.3,107.0,346.85,346.85,107.0,0.69,432.13,0.72,160.0,0.68,392.0,0.73,225.0,0.67,323.0,0.74,454.0,0.66,430.0,0.75,424.0,0.65,477.0,0.76,424.0,0.28,160.0,0.31,432.13,0.27,249.0,0.32,392.0,0.26,454.0,0.33,323.0,0.25,424.0,0.34,430.0,0.24,424.0,0.35,477.0
2026-01-07 05:31:35.737000+00:00,2026-01-07 05:31:33.143441+00:00,95.737,0.705,0.7,0.71,0.295,0.29,0.3,92.0,346.85,346.85,107.0,0.69,502.13,0.72,160.0,0.68,392.0,0.73,261.0,0.67,323.0,0.74,454.0,0.66,430.0,0.75,424.0,0.65,477.0,0.76,424.0,0.28,160.0,0.31,502.13,0.27,261.0,0.32,392.0,0.26,454.0,0.33,323.0,0.25,424.0,0.34,430.0,0.24,424.0,0.35,477.0
2026-01-07 05:31:36.783000+00:00,2026-01-07 05:31:34.151975+00:00,96.783,0.695,0.69,0.7,0.305,0.3,0.31,624.13,833.0,833.0,897.13,0.68,355.0,0.71,70.0,0.67,522.0,0.73,5.0,0.66,539.0,0.74,304.0,0.65,404.0,0.75,316.0,0.64,419.0,0.76,428.0,0.29,70.0,0.32,486.0,0.27,5.0,0.33,454.0,0.26,304.0,0.34,539.0,0.25,528.0,0.35,439.0,0.24,513.04,0.36,419.0
2026-01-07 05:31:37.773000+00:00,2026-01-07 05:31:35.157315+00:00,97.773,0.745,0.74,0.75,0.255,0.25,0.26,157.0,339.0,339.0,238.0,0.73,207.74,0.76,148.0,0.72,144.0,0.77,432.0,0.71,120.0,0.78,409.0,0.7,217.0,0.79,414.0,0.69,981.13,0.8,477.58,0.24,148.0,0.27,207.74,0.23,432.0,0.28,144.0,0.22,409.0,0.29,135.0,0.21,414.0,0.3,217.0,0.2,477.58,0.31,966.13
2026-01-07 05:31:38.785000+00:00,2026-01-07 05:31:36.163338+00:00,98.785,0.745,0.74,0.75,0.255,0.25,0.26,228.03,338.33,338.33,228.03,0.73,207.74,0.76,143.0,0.72,144.0,0.77,432.0,0.71,135.0,0.78,409.0,0.7,258.0,0.79,414.0,0.69,966.13,0.8,477.58,0.24,131.0,0.27,207.74,0.23,384.0,0.28,144.0,0.22,409.0,0.29,147.0,0.21,414.0,0.3,258.0,0.2,477.58,0.31,966.13
2026-01-07 05:31:39.765000+00:00,2026-01-07 05:31:37.169717+00:00,99.765,0.745,0.74,0.75,0.255,0.25,0.26,261.83,216.73,216.73,261.83,0.73,267.74,0.76,159.0,0.72,111.0,0.77,471.0,0.71,120.0,0.78,414.0,0.7,270.0,0.79,414.0,0.69,643.0,0.8,477.58,0.24,159.0,0.27,267.74,0.23,471.0,0.28,111.0,0.22,409.0,0.29,155.0,0.21,414.0,0.3,234.0,0.2,477.58,0.31,643.0
2026-01-07 05:31:40.770000+00:00,2026-01-07 05:31:38.192152+00:00,100.77,0.745,0.74,0.75,0.255,0.25,0.26,276.83,370.05,370.05,276.83,0.73,267.74,0.76,229.0,0.72,166.0,0.77,526.0,0.71,225.0,0.78,494.0,0.7,627.13,0.79,484.0,0.69,643.0,0.8,547.58,0.24,229.0,0.27,258.74,0.23,526.0,0.28,178.0,0.22,494.0,0.29,201.0,0.21,484.0,0.3,627.13,0.2,547.58,0.31,419.0
2026-01-07 05:31:41.818000+00:00,2026-01-07 05:31:39.213681+00:00,101.818,0.745,0.74,0.75,0.255,0.25,0.26,115.0,346.98,346.98,115.0,0.73,328.74,0.76,258.0,0.72,190.0,0.77,502.0,0.71,190.0,0.78,494.0,0.7,651.13,0.79,484.0,0.69,431.0,0.8,547.58,0.24,258.0,0.27,328.74,0.23,502.0,0.28,190.0,0.22,494.0,0.29,190.0,0.21,484.0,0.3,651.13,0.2,547.58,0.31,431.0
2026-01-07 05:31:42.837000+00:00,2026-01-07 05:31:40.221309+00:00,102.837,0.745,0.74,0.75,0.255,0.25,0.26,230.0,70.0,70.0,215.0,0.73,337.74,0.76,105.0,0.72,225.0,0.77,269.0,0.71,511.0,0.78,137.0,0.7,627.13,0.79,474.0,0.69,419.0,0.8,547.58,0.24,135.0,0.27,352.74,0.23,428.0,0.28,225.0,0.22,152.0,0.29,511.0,0.21,459.0,0.3,627.13,0.2,547.58,0.31,419.0
2026-01-07 05:31:43.815000+00:00,2026-01-07 05:31:41.244839+00:00,103.815,0.745,0.74,0.75,0.255,0.25,0.26,130.0,161.0,161.0,130.0,0.73,277.74,0.76,65.0,0.72,181.0,0.77,434.0,0.71,511.0,0.78,125.0,0.7,675.13,0.79,338.0,0.69,494.0,0.8,547.58,0.24,65.0,0.27,261.74,0.23,434.0,0.28,181.0,0.22,125.0,0.29,511.0,0.21,338.0,0.3,711.13,0.2,547.58,0.31,458.0
2026-01-07 05:31:44.886000+00:00,2026-01-07 05:31:42.253736+00:00,104.886,0.745,0.74,0.75,0.255,0.25,0.26,190.0,3.66,3.66,190.0,0.73,297.74,0.76,107.0,0.72,214.0,0.77,481.0,0.71,570.0,0.78,105.0,0.7,615.13,0.79,363.0,0.69,446.0,0.8,522.58,0.24,204.0,0.27,297.74,0.23,446.0,0.28,226.0,0.22,105.0,0.29,570.0,0.21,363.0,0.3,615.13,0.2,522.58,0.31,446.0
2026-01-07 05:31:45.882000+00:00,2026-01-07 05:31:43.276957+00:00,105.882,0.755,0.75,0.76,0.245,0.24,0.25,95.0,107.0,107.0,95.0,0.74,155.0,0.77,469.0,0.73,353.74,0.78,129.0,0.72,202.0,0.79,363.0,0.71,558.0,0.8,522.58,0.7,257.0,0.81,514.08,0.23,469.0,0.26,155.0,0.22,129.0,0.27,353.74,0.21,363.0,0.28,202.0,0.2,522.58,0.29,558.0,0.19,514.08,0.3,257.0
2026-01-07 05:31:46.906000+00:00,2026-01-07 05:31:44.281475+00:00,106.906,0.755,0.75,0.76,0.245,0.24,0.25,95.0,155.0,155.0,95.0,0.74,354.0,0.77,469.0,0.73,313.74,0.78,129.0,0.72,178.0,0.79,180.0,0.71,561.0,0.8,522.58,0.7,257.0,0.81,514.08,0.23,481.0,0.26,378.0,0.22,129.0,0.27,337.74,0.21,180.0,0.28,225.0,0.2,522.58,0.29,526.0,0.19,514.08,0.3,269.0
2026-01-07 05:31:47.914000+00:00,2026-01-07 05:31:45.287414+00:00,107.914,0.765,0.76,0.77,0.235,0.23,0.24,120.0,229.0,229.0,120.0,0.75,80.0,0.78,289.0,0.74,437.0,0.79,117.0,0.73,356.74,0.8,462.58,0.72,166.0,0.81,439.08,0.71,488.0,0.82,460.74,0.22,289.0,0.25,95.0,0.21,117.0,0.26,434.0,0.2,462.58,0.27,344.74,0.19,439.08,0.28,166.0,0.18,460.74,0.29,488.0
2026-01-07 05:31:48.934000+00:00,2026-01-07 05:31:46.306480+00:00,108.934,0.765,0.76,0.77,0.235,0.23,0.24,120.0,227.44,222.44,171.0,0.75,163.0,0.78,215.0,0.74,387.0,0.79,177.0,0.73,298.74,0.8,474.58,0.72,178.0,0.81,439.08,0.71,476.0,0.82,444.87,0.22,52.0,0.25,182.0,0.21,105.0,0.26,387.0,0.2,391.58,0.27,298.74,0.19,384.08,0.28,178.0,0.18,409.87,0.29,476.0
2026-01-07 05:31:49.921000+00:00,2026-01-07 05:31:47.314973+00:00,109.921,0.775,0.77,0.78,0.225,0.22,0.23,222.0,20.0,20.0,222.0,0.76,332.89,0.8,195.58,0.75,310.0,0.81,152.08,0.74,345.0,0.82,441.87,0.73,631.74,0.83,500.8,0.72,252.0,0.84,484.0,0.2,190.58,0.24,393.89,0.19,157.08,0.25,371.0,0.18,441.87,0.26,345.0,0.17,500.8,0.27,631.74,0.16,484.0,0.28,252.0
2026-01-07 05:31:50.897000+00:00,2026-01-07 05:31:48.320000+00:00,110.897,0.795,0.79,0.8,0.20500000000000002,0.2,0.21,135.0,63.58,63.58,280.0,0.78,167.0,0.81,30.08,0.77,515.0,0.82,391.87,0.76,346.89,0.83,88.8,0.75,476.0,0.84,366.0,0.74,454.0,0.85,401.0,0.19,45.08,0.22,332.0,0.18,374.87,0.23,517.0,0.17,81.8,0.24,365.89,0.16,390.0,0.25,476.0,0.15,401.0,0.26,419.0
2026-01-07 05:31:51.923000+00:00,2026-01-07 05:31:49.340474+00:00,111.923,0.795,0.79,0.8,0.20500000000000002,0.2,0.21,160.0,63.58,63.58,207.0,0.78,373.0,0.81,30.08,0.77,353.0,0.82,259.87,0.76,722.89,0.83,143.8,0.75,464.0,0.84,403.0,0.74,419.0,0.85,351.0,0.19,35.08,0.22,341.0,0.18,259.87,0.23,353.0,0.17,143.8,0.24,722.89,0.16,403.0,0.25,464.0,0.15,351.0,0.26,419.0
2026-01-07 05:31:52.956000+00:00,2026-01-07 05:31:50.345558+00:00,112.956,0.795,0.79,0.8,0.20500000000000002,0.2,0.21,167.0,46.6,46.6,135.0,0.78,341.0,0.81,35.08,0.77,365.0,0.82,271.87,0.76,722.89,0.83,250.8,0.75,464.0,0.84,329.0,0.74,419.0,0.85,351.0,0.19,35.08,0.22,341.0,0.18,271.87,0.23,365.0,0.17,250.8,0.24,722.89,0.16,329.0,0.25,464.0,0.15,351.0,0.26,434.0
2026-01-07 05:31:53.972000+00:00,2026-01-07 05:31:51.352979+00:00,113.972,0.805,0.8,0.81,0.195,0.19,0.2,224.0,30.08,30.08,234.0,0.79,337.0,0.82,35.87,0.78,361.0,0.83,52.8,0.77,698.0,0.84,210.0,0.76,498.89,0.85,225.0,0.75,429.0,0.86,427.0,0.18,35.87,0.21,337.0,0.17,52.8,0.22,361.0,0.16,434.0,0.23,474.0,0.15,225.0,0.24,498.89,0.14,427.0,0.25,429.0
2026-01-07 05:31:54.988000+00:00,2026-01-07 05:31:52.358190+00:00,114.988,0.815,0.81,0.82,0.185,0.18,0.19,206.0,34.58,34.58,206.0,0.8,371.0,0.83,16.8,0.79,345.0,0.84,29.0,0.78,678.0,0.85,187.0,0.77,481.0,0.86,253.0,0.76,451.89,0.87,354.0,0.17,16.8,0.2,371.0,0.16,29.0,0.21,345.0,0.15,187.0,0.22,678.0,0.14,253.0,0.23,481.0,0.13,322.0,0.24,451.89
2026-01-07 05:31:56.009000+00:00,2026-01-07 05:31:53.365827+00:00,116.009,0.845,0.84,0.85,0.155,0.15,0.16,5.0,173.61,173.61,10.0,0.83,100.0,0.86,267.0,0.82,82.0,0.87,337.0,0.81,134.13,0.88,428.0,0.8,403.0,0.89,419.0,0.79,333.0,0.9,704.0,0.14,267.0,0.17,125.0,0.13,337.0,0.18,82.0,0.12,428.0,0.19,134.13,0.11,419.0,0.2,403.0,0.1,704.0,0.21,333.0
2026-01-07 05:31:57.990000+00:00,2026-01-07 05:31:55.388807+00:00,117.99,0.845,0.84,0.85,0.155,0.15,0.16,40.0,182.0,17.0,95.0,0.83,105.71,0.86,248.0,0.82,290.0,0.87,327.0,0.81,397.13,0.88,348.0,0.8,524.0,0.89,324.0,0.79,658.0,0.9,714.0,0.14,366.0,0.17,91.39,0.13,327.0,0.18,326.0,0.12,348.0,0.19,361.13,0.11,324.0,0.2,512.0,0.1,714.0,0.21,670.0
2026-01-07 05:31:59.027000+00:00,2026-01-07 05:31:56.400507+00:00,119.027,0.855,0.85,0.86,0.14500000000000002,0.14,0.15,45.0,183.0,183.0,45.0,0.84,65.0,0.87,235.0,0.83,205.39,0.88,348.0,0.82,396.0,0.89,324.0,0.81,349.13,0.9,714.0,0.8,504.0,0.91,860.29,0.13,235.0,0.16,65.0,0.12,348.0,0.17,205.39,0.11,324.0,0.18,396.0,0.1,714.0,0.19,349.13,0.09,860.29,0.2,504.0
2026-01-07 05:32:00.846000+00:00,2026-01-07 05:31:58.433229+00:00,120.846,0.855,0.85,0.86,0.14500000000000002,0.14,0.15,22.0,304.2,304.2,22.0,0.84,35.0,0.87,382.0,0.83,187.71,0.88,272.0,0.82,393.0,0.89,419.0,0.81,376.13,0.9,647.0,0.8,461.0,0.91,1138.29,0.13,382.0,0.16,35.0,0.12,272.0,0.17,170.71,0.11,419.0,0.18,393.0,0.1,647.0,0.19,376.13,0.09,1138.29,0.2,449.0
2026-01-07 05:32:02.001000+00:00,2026-01-07 05:31:59.440166+00:00,122.001,0.855,0.85,0.86,0.14500000000000002,0.14,0.15,22.0,305.93,269.93,22.0,0.84,40.0,0.87,406.0,0.83,170.71,0.88,272.0,0.82,417.0,0.89,419.0,0.81,364.13,0.9,647.0,0.8,449.0,0.91,1138.29,0.13,430.0,0.16,40.0,0.12,272.0,0.17,218.71,0.11,419.0,0.18,369.0,0.1,647.0,0.19,364.13,0.09,1138.29,0.2,461.0
2026-01-07 05:32:03.087000+00:00,2026-01-07 05:32:00.447149+00:00,123.087,0.855,0.85,0.86,0.16,0.15,0.17,22.0,705.53,80.67,48.39,0.83,48.39,0.87,437.0,0.82,138.0,0.88,418.0,0.81,165.13,0.89,419.0,0.8,343.0,0.9,619.0,0.79,330.0,0.91,840.29,0.14,450.53,0.18,138.0,0.13,427.0,0.19,165.13,0.12,446.0,0.2,343.0,0.11,646.0,0.21,330.0,0.1,584.0,0.22,514.0
2026-01-07 05:32:04.072000+00:00,2026-01-07 05:32:01.454417+00:00,124.072,0.835,0.83,0.84,0.165,0.16,0.17,31.39,118.57,94.03,36.39,0.82,107.0,0.85,231.0,0.81,228.13,0.86,456.53,0.8,328.0,0.87,462.0,0.79,318.0,0.88,418.0,0.78,558.0,0.89,447.0,0.15,246.0,0.18,102.0,0.14,453.53,0.19,213.13,0.13,462.0,0.2,343.0,0.12,418.0,0.21,318.0,0.11,447.0,0.22,558.0
2026-01-07 05:32:05.077000+00:00,2026-01-07 05:32:02.459204+00:00,125.077,0.835,0.83,0.84,0.165,0.16,0.17,64.39,92.6,91.17,64.39,0.82,102.0,0.85,231.0,0.81,228.13,0.86,468.53,0.8,328.0,0.87,462.0,0.79,350.0,0.88,418.0,0.78,526.0,0.89,419.0,0.15,231.0,0.18,102.0,0.14,468.53,0.19,228.13,0.13,462.0,0.2,328.0,0.12,418.0,0.21,350.0,0.11,419.0,0.22,526.0
2026-01-07 05:32:06.073000+00:00,2026-01-07 05:32:03.468270+00:00,126.073,0.835,0.83,0.84,0.165,0.16,0.17,56.39,94.28,117.85,56.39,0.82,172.0,0.85,216.0,0.81,228.13,0.86,468.53,0.8,328.0,0.87,462.0,0.79,318.0,0.88,418.0,0.78,526.0,0.89,419.0,0.15,147.0,0.18,117.0,0.14,453.53,0.19,153.13,0.13,462.0,0.2,343.0,0.12,418.0,0.21,318.0,0.11,447.0,0.22,546.0
2026-01-07 05:32:07.107000+00:00,2026-01-07 05:32:04.473869+00:00,127.107,0.835,0.83,0.84,0.165,0.16,0.17,21.39,180.67,180.67,21.39,0.82,110.0,0.85,239.0,0.81,168.13,0.86,361.53,0.8,415.0,0.87,462.0,0.79,318.0,0.88,446.0,0.78,738.0,0.89,646.0,0.15,239.0,0.18,110.0,0.14,361.53,0.19,168.13,0.13,462.0,0.2,415.0,0.12,446.0,0.21,318.0,0.11,646.0,0.22,738.0
2026-01-07 05:32:08.090000+00:00,2026-01-07 05:32:05.466739+00:00,128.09,0.815,0.81,0.82,0.185,0.18,0.19,16.13,85.0,140.0,16.13,0.8,174.63,0.83,70.66,0.79,332.0,0.84,513.0,0.78,393.0,0.85,443.0,0.77,405.0,0.86,419.0,0.76,579.89,0.87,448.0,0.17,140.67,0.2,174.63,0.16,478.0,0.21,337.0,0.15,478.0,0.22,393.0,0.14,454.0,0.23,405.0,0.13,448.0,0.24,579.89
2026-01-07 05:32:09.092000+00:00,2026-01-07 05:32:06.472825+00:00,129.092,0.815,0.81,0.82,0.185,0.18,0.19,56.13,99.99,99.99,56.13,0.8,149.63,0.83,40.67,0.79,287.0,0.84,594.0,0.78,393.0,0.85,453.0,0.77,405.0,0.86,483.0,0.76,511.89,0.87,646.0,0.17,40.67,0.2,149.63,0.16,594.0,0.21,287.0,0.15,453.0,0.22,393.0,0.14,483.0,0.23,405.0,0.13,646.0,0.24,511.89
2026-01-07 05:32:10.119000+00:00,2026-01-07 05:32:07.495143+00:00,130.119,0.815,0.81,0.82,0.185,0.18,0.19,211.13,12.06,12.06,211.13,0.8,110.0,0.83,152.67,0.79,287.0,0.84,514.0,0.78,393.0,0.85,441.0,0.77,405.0,0.86,454.0,0.76,544.89,0.87,483.0,0.17,152.67,0.2,110.0,0.16,514.0,0.21,287.0,0.15,441.0,0.22,393.0,0.14,454.0,0.23,405.0,0.13,483.0,0.24,544.89
2026-01-07 05:32:11.043000+00:00,2026-01-07 05:32:08.512134+00:00,131.043,0.815,0.81,0.82,0.185,0.18,0.19,191.13,12.06,12.06,191.13,0.8,180.0,0.83,152.67,0.79,357.0,0.84,514.0,0.78,393.0,0.85,441.0,0.77,405.0,0.86,454.0,0.76,544.89,0.87,483.0,0.17,152.67,0.2,180.0,0.16,514.0,0.21,357.0,0.15,441.0,0.22,393.0,0.14,454.0,0.23,405.0,0.13,483.0,0.24,544.89
2026-01-07 05:32:12.144000+00:00,2026-01-07 05:32:09.517202+00:00,132.144,0.825,0.82,0.83,0.175,0.17,0.18,453.27,229.67,5.67,434.27,0.81,362.0,0.84,121.0,0.8,267.0,0.85,336.0,0.79,350.0,0.86,384.0,0.78,514.0,0.87,374.0,0.77,718.0,0.88,408.0,0.15,133.0,0.19,362.0,0.14,389.0,0.2,328.0,0.13,399.0,0.21,318.0,0.12,383.0,0.22,770.0,0.11,413.0,0.23,479.0
2026-01-07 05:32:13.064000+00:00,2026-01-07 05:32:10.522468+00:00,133.064,0.845,0.84,0.85,0.155,0.15,0.16,193.94,236.0,236.0,193.94,0.83,109.0,0.86,85.0,0.82,184.64,0.87,399.0,0.81,380.0,0.88,383.0,0.8,328.0,0.89,413.0,0.79,507.0,0.9,549.0,0.14,85.0,0.17,109.0,0.13,399.0,0.18,184.64,0.12,383.0,0.19,380.0,0.11,413.0,0.2,328.0,0.1,549.0,0.21,507.0
2026-01-07 05:32:14.159000+00:00,2026-01-07 05:32:11.527974+00:00,134.159,0.845,0.84,0.85,0.155,0.15,0.16,138.94,236.0,236.0,138.94,0.83,121.0,0.86,97.0,0.82,196.64,0.87,435.0,0.81,368.0,0.88,323.0,0.8,340.0,0.89,377.0,0.79,507.0,0.9,549.0,0.14,145.0,0.17,145.0,0.13,423.0,0.18,208.64,0.12,323.0,0.19,368.0,0.11,377.0,0.2,340.0,0.1,549.0,0.21,507.0
2026-01-07 05:32:15.171000+00:00,2026-01-07 05:32:12.533590+00:00,135.171,0.845,0.84,0.85,0.155,0.15,0.16,129.94,10.02,10.02,154.94,0.83,97.0,0.86,181.0,0.82,256.64,0.87,216.0,0.81,348.0,0.88,323.0,0.8,328.0,0.89,377.0,0.79,416.0,0.9,629.0,0.14,181.0,0.17,112.0,0.13,246.0,0.18,363.64,0.12,363.0,0.19,333.0,0.11,324.0,0.2,552.0,0.1,549.0,0.21,416.0
2026-01-07 05:32:16.159000+00:00,2026-01-07 05:32:13.538771+00:00,136.159,0.845,0.84,0.85,0.155,0.15,0.16,168.94,16.66,16.66,143.94,0.83,230.0,0.86,157.0,0.82,376.64,0.87,293.0,0.81,333.0,0.88,328.0,0.8,461.0,0.89,349.0,0.79,436.0,0.9,632.0,0.14,157.0,0.17,230.0,0.13,293.0,0.18,376.64,0.12,328.0,0.19,333.0,0.11,349.0,0.2,461.0,0.1,632.0,0.21,436.0
2026-01-07 05:32:17.052000+00:00,2026-01-07 05:32:14.546988+00:00,137.052,0.845,0.84,0.85,0.14500000000000002,0.14,0.15,138.94,16.66,85.0,40.0,0.83,215.0,0.86,165.0,0.82,391.64,0.87,308.0,0.81,333.0,0.88,313.0,0.8,461.0,0.89,457.0,0.79,404.0,0.9,524.0,0.13,295.66,0.16,108.94,0.12,313.0,0.17,240.0,0.11,457.0,0.18,367.64,0.1,524.0,0.19,298.0,0.09,1153.29,0.2,426.0
2026-01-07 05:32:18.133000+00:00,2026-01-07 05:32:15.553190+00:00,138.133,0.855,0.85,0.86,0.14500000000000002,0.14,0.15,30.0,116.0,116.0,30.0,0.84,168.94,0.87,265.66,0.83,216.0,0.88,452.0,0.82,367.64,0.89,352.0,0.81,348.0,0.9,619.0,0.8,429.0,0.91,1153.29,0.13,265.66,0.16,168.94,0.12,452.0,0.17,216.0,0.11,324.0,0.18,367.64,0.1,619.0,0.19,348.0,0.09,875.29,0.2,429.0
2026-01-07 05:32:19.467000+00:00,2026-01-07 05:32:17.578496+00:00,139.467,0.855,0.85,0.86,0.14500000000000002,0.14,0.15,30.0,165.0,165.0,30.0,0.84,180.94,0.87,250.66,0.83,219.0,0.88,469.0,0.82,367.64,0.89,446.0,0.81,557.0,0.9,655.0,0.8,414.0,0.91,1153.29,0.13,285.66,0.16,180.94,0.12,472.0,0.17,219.0,0.11,670.0,0.18,367.64,0.1,655.0,0.19,557.0,0.09,875.29,0.2,414.0
2026-01-07 05:32:21.002000+00:00,2026-01-07 05:32:18.585244+00:00,141.002,0.855,0.85,0.86,0.14500000000000002,0.14,0.15,30.0,165.0,165.0,30.0,0.84,250.94,0.87,285.66,0.83,219.0,0.88,472.0,0.82,367.64,0.89,670.0,0.81,557.0,0.9,655.0,0.8,414.0,0.91,875.29,0.13,285.66,0.16,250.94,0.12,472.0,0.17,219.0,0.11,670.0,0.18,367.64,0.1,655.0,0.19,557.0,0.09,875.29,0.2,414.0
2026-01-07 05:32:22.656000+00:00,2026-01-07 05:32:20.598531+00:00,142.656,0.855,0.85,0.86,0.14500000000000002,0.14,0.15,5.0,157.18,157.18,5.0,0.84,275.94,0.87,285.66,0.83,194.0,0.88,444.0,0.82,367.64,0.89,471.0,0.81,557.0,0.9,655.0,0.8,449.0,0.91,1153.29,0.13,285.66,0.16,275.94,0.12,444.0,0.17,194.0,0.11,471.0,0.18,367.64,0.1,655.0,0.19,557.0,0.09,1153.29,0.2,449.0
2026-01-07 05:32:24.041000+00:00,2026-01-07 05:32:21.606337+00:00,144.041,0.855,0.85,0.86,0.14500000000000002,0.14,0.15,5.0,157.18,157.18,5.0,0.84,275.94,0.87,285.66,0.83,194.0,0.88,444.0,0.82,367.64,0.89,483.0,0.81,557.0,0.9,643.0,0.8,449.0,0.91,1153.29,0.13,285.66,0.16,275.94,0.12,444.0,0.17,194.0,0.11,483.0,0.18,367.64,0.1,643.0,0.19,557.0,0.09,1153.29,0.2,449.0
2026-01-07 05:32:25.225000+00:00,2026-01-07 05:32:22.612604+00:00,145.225,0.825,0.82,0.83,0.175,0.17,0.18,297.64,35.0,45.0,114.64,0.81,245.0,0.84,297.0,0.8,345.0,0.85,550.0,0.79,650.0,0.86,536.36,0.78,514.0,0.87,566.66,0.77,514.0,0.88,383.0,0.16,282.0,0.19,245.0,0.15,550.0,0.2,345.0,0.14,597.36,0.21,459.0,0.13,627.66,0.22,514.0,0.12,383.0,0.23,514.0
2026-01-07 05:32:26.224000+00:00,2026-01-07 05:32:23.617686+00:00,146.224,0.825,0.82,0.83,0.175,0.17,0.18,134.64,35.0,35.0,134.64,0.81,72.0,0.84,190.0,0.8,295.0,0.85,174.0,0.79,260.0,0.86,520.36,0.78,419.0,0.87,663.66,0.77,444.0,0.88,383.0,0.16,190.0,0.19,72.0,0.15,174.0,0.2,295.0,0.14,520.36,0.21,260.0,0.13,663.66,0.22,419.0,0.12,383.0,0.23,444.0
2026-01-07 05:32:27.235000+00:00,2026-01-07 05:32:24.625647+00:00,147.235,0.825,0.82,0.83,0.175,0.17,0.18,135.86,35.0,35.0,135.86,0.81,132.0,0.84,175.0,0.8,223.0,0.85,218.0,0.79,248.0,0.86,658.36,0.78,419.0,0.87,483.66,0.77,444.0,0.88,383.0,0.16,183.14,0.19,132.0,0.15,189.0,0.2,223.0,0.14,508.36,0.21,248.0,0.13,675.66,0.22,419.0,0.12,383.0,0.23,444.0
2026-01-07 05:32:28.263000+00:00,2026-01-07 05:32:25.633930+00:00,148.263,0.825,0.82,0.83,0.175,0.17,0.18,125.86,35.0,35.0,113.86,0.81,137.0,0.84,183.14,0.8,223.0,0.85,218.0,0.79,248.0,0.86,658.36,0.78,419.0,0.87,483.66,0.77,444.0,0.88,383.0,0.16,183.14,0.19,149.0,0.15,218.0,0.2,223.0,0.14,658.36,0.21,213.0,0.13,483.66,0.22,409.0,0.12,383.0,0.23,444.0
2026-01-07 05:32:29.223000+00:00,2026-01-07 05:32:26.640817+00:00,149.223,0.825,0.82,0.83,0.175,0.17,0.18,118.86,103.19,103.19,118.86,0.81,214.0,0.84,103.14,0.8,328.0,0.85,203.0,0.79,293.0,0.86,670.36,0.78,514.0,0.87,471.66,0.77,514.0,0.88,383.0,0.16,103.14,0.19,214.0,0.15,203.0,0.2,328.0,0.14,670.36,0.21,293.0,0.13,471.66,0.22,514.0,0.12,383.0,0.23,514.0
2026-01-07 05:32:30.163000+00:00,2026-01-07 05:32:27.646318+00:00,150.163,0.825,0.82,0.83,0.175,0.17,0.18,138.86,80.0,80.0,138.86,0.81,249.0,0.84,43.14,0.8,303.0,0.85,218.0,0.79,318.0,0.86,670.36,0.78,514.0,0.87,471.66,0.77,738.0,0.88,418.0,0.16,43.14,0.19,249.0,0.15,218.0,0.2,303.0,0.14,670.36,0.21,318.0,0.13,471.66,0.22,514.0,0.12,418.0,0.23,738.0
2026-01-07 05:32:31.947000+00:00,2026-01-07 05:32:29.645464+00:00,151.947,0.825,0.82,0.83,0.175,0.17,0.18,123.86,78.79,78.79,123.86,0.81,237.0,0.84,128.14,0.8,315.0,0.85,188.84,0.79,318.0,0.86,670.36,0.78,514.0,0.87,471.66,0.77,738.0,0.88,418.0,0.16,128.14,0.19,237.0,0.15,188.84,0.2,315.0,0.14,670.36,0.21,318.0,0.13,471.66,0.22,514.0,0.12,418.0,0.23,738.0
2026-01-07 05:32:33.276000+00:00,2026-01-07 05:32:30.651827+00:00,153.276,0.825,0.82,0.83,0.175,0.17,0.18,187.86,78.79,78.79,199.86,0.81,213.0,0.84,267.14,0.8,303.0,0.85,175.84,0.79,318.0,0.86,467.36,0.78,514.0,0.87,471.66,0.77,514.0,0.88,418.0,0.16,267.14,0.19,213.0,0.15,175.84,0.2,303.0,0.14,491.36,0.21,318.0,0.13,524.66,0.22,514.0,0.12,626.0,0.23,514.0
2026-01-07 05:32:34.223000+00:00,2026-01-07 05:32:31.657062+00:00,154.223,0.835,0.83,0.84,0.165,0.16,0.17,182.12,232.14,232.14,182.12,0.82,274.0,0.85,130.84,0.81,125.0,0.86,437.36,0.8,343.0,0.87,474.66,0.79,318.0,0.88,506.0,0.78,738.0,0.89,646.0,0.15,130.84,0.18,274.0,0.14,437.36,0.19,125.0,0.13,474.66,0.2,343.0,0.12,506.0,0.21,318.0,0.11,646.0,0.22,738.0
2026-01-07 05:32:35.259000+00:00,2026-01-07 05:32:32.681026+00:00,155.259,0.835,0.83,0.84,0.165,0.16,0.17,157.12,232.14,232.14,130.12,0.82,269.0,0.85,130.84,0.81,125.0,0.86,357.36,0.8,328.0,0.87,472.66,0.79,333.0,0.88,506.0,0.78,514.0,0.89,646.0,0.15,130.84,0.18,257.0,0.14,381.36,0.19,137.0,0.13,484.66,0.2,328.0,0.12,482.0,0.21,333.0,0.11,646.0,0.22,514.0
2026-01-07 05:32:36.288000+00:00,2026-01-07 05:32:33.687339+00:00,156.288,0.835,0.83,0.84,0.165,0.16,0.17,532.12,8.14,8.14,532.12,0.82,328.0,0.85,10.84,0.81,333.0,0.87,81.66,0.8,480.0,0.88,572.0,0.79,439.0,0.89,363.0,0.78,494.0,0.9,595.0,0.15,10.84,0.18,328.0,0.13,81.66,0.19,348.0,0.12,389.0,0.2,480.0,0.11,363.0,0.21,439.0,0.1,595.0,0.22,494.0
2026-01-07 05:32:37.260000+00:00,2026-01-07 05:32:34.695425+00:00,157.26,0.865,0.86,0.87,0.135,0.13,0.14,52.0,81.66,30.0,82.0,0.85,183.47,0.88,268.0,0.84,109.0,0.89,363.0,0.83,363.12,0.9,603.9,0.82,557.0,0.91,851.09,0.81,379.0,0.92,620.9,0.12,283.0,0.15,166.99,0.11,363.0,0.16,109.0,0.1,603.9,0.17,363.12,0.09,851.09,0.18,557.0,0.08,620.9,0.19,379.0
2026-01-07 05:32:38.302000+00:00,2026-01-07 05:32:35.689468+00:00,158.302,0.875,0.87,0.88,0.125,0.12,0.13,5.0,353.0,318.0,15.0,0.86,232.0,0.89,339.0,0.85,104.0,0.9,583.0,0.84,70.0,0.91,761.09,0.83,363.12,0.92,671.9,0.82,572.0,0.93,476.3,0.11,314.0,0.14,247.0,0.1,563.0,0.15,94.0,0.09,761.09,0.16,202.0,0.08,671.9,0.17,363.12,0.07,476.3,0.18,348.0
2026-01-07 05:32:39.300000+00:00,2026-01-07 05:32:36.710751+00:00,159.3,0.875,0.87,0.88,0.125,0.12,0.13,207.0,9.0,9.0,232.0,0.86,99.0,0.89,130.0,0.85,95.0,0.9,773.0,0.84,333.0,0.91,751.29,0.83,408.12,0.92,557.9,0.82,298.0,0.93,547.3,0.11,130.0,0.14,99.0,0.1,773.0,0.15,95.0,0.09,751.29,0.16,557.0,0.08,557.9,0.17,408.12,0.07,547.3,0.18,298.0
2026-01-07 05:32:40.146000+00:00,2026-01-07 05:32:37.716766+00:00,160.146,0.875,0.87,0.88,0.125,0.12,0.13,173.68,9.0,7.75,158.68,0.86,217.0,0.89,95.0,0.85,189.0,0.9,822.0,0.84,572.0,0.91,726.29,0.83,393.12,0.92,569.9,0.82,298.0,0.93,511.3,0.11,95.0,0.14,217.0,0.1,822.0,0.15,189.0,0.09,726.29,0.16,572.0,0.08,569.9,0.17,393.12,0.07,511.3,0.18,298.0
2026-01-07 05:32:41.239000+00:00,2026-01-07 05:32:38.721454+00:00,161.239,0.875,0.87,0.88,0.125,0.12,0.13,340.68,7.75,7.75,325.68,0.86,184.0,0.89,95.0,0.85,272.0,0.9,484.59,0.84,363.0,0.91,729.29,0.83,363.12,0.92,467.0,0.82,419.0,0.93,402.3,0.11,95.0,0.14,184.0,0.1,484.59,0.15,272.0,0.09,729.29,0.16,363.0,0.08,479.0,0.17,363.12,0.07,402.3,0.18,419.0
2026-01-07 05:32:42.346000+00:00,2026-01-07 05:32:39.726377+00:00,162.346,0.875,0.87,0.88,0.125,0.12,0.13,320.68,7.75,7.75,290.68,0.86,184.0,0.89,95.0,0.85,333.0,0.9,564.59,0.84,333.0,0.91,729.29,0.83,393.12,0.92,464.0,0.82,419.0,0.93,417.3,0.11,95.0,0.14,184.0,0.1,564.59,0.15,333.0,0.09,729.29,0.16,333.0,0.08,464.0,0.17,393.12,0.07,417.3,0.18,419.0
2026-01-07 05:32:43.357000+00:00,2026-01-07 05:32:40.732909+00:00,163.357,0.875,0.87,0.88,0.125,0.12,0.13,321.68,7.75,7.75,230.68,0.86,184.0,0.89,95.0,0.85,333.0,0.9,564.59,0.84,333.0,0.91,717.29,0.83,393.12,0.92,510.0,0.82,419.0,0.93,451.3,0.11,95.0,0.14,232.0,0.1,576.59,0.15,345.0,0.09,729.29,0.16,333.0,0.08,534.0,0.17,393.12,0.07,451.3,0.18,419.0
2026-01-07 05:32:44.345000+00:00,2026-01-07 05:32:41.737689+00:00,164.345,0.875,0.87,0.88,0.125,0.12,0.13,260.68,87.75,87.75,245.68,0.86,220.0,0.89,95.0,0.85,357.0,0.9,578.59,0.84,333.0,0.91,811.29,0.83,393.12,0.92,534.0,0.82,419.0,0.93,451.3,0.11,95.0,0.14,220.0,0.1,578.59,0.15,357.0,0.09,811.29,0.16,333.0,0.08,534.0,0.17,393.12,0.07,451.3,0.18,419.0
2026-01-07 05:32:45.201000+00:00,2026-01-07 05:32:42.745792+00:00,165.201,0.875,0.87,0.88,0.125,0.12,0.13,230.68,85.47,5.47,253.68,0.86,220.0,0.89,95.0,0.85,581.0,0.9,588.59,0.84,333.0,0.91,811.29,0.83,393.12,0.92,534.0,0.82,494.0,0.93,451.3,0.11,95.0,0.14,220.0,0.1,588.59,0.15,581.0,0.09,811.29,0.16,333.0,0.08,534.0,0.17,514.12,0.07,451.3,0.18,494.0
2026-01-07 05:32:46.359000+00:00,2026-01-07 05:32:43.751607+00:00,166.359,0.875,0.87,0.88,0.125,0.12,0.13,230.68,5.47,5.47,230.68,0.86,220.0,0.89,95.0,0.85,596.0,0.9,588.59,0.84,333.0,0.91,811.29,0.83,514.12,0.92,534.0,0.82,494.0,0.93,439.0,0.11,95.0,0.14,220.0,0.1,588.59,0.15,596.0,0.09,811.29,0.16,333.0,0.08,534.0,0.17,514.12,0.07,439.0,0.18,494.0
2026-01-07 05:32:47.360000+00:00,2026-01-07 05:32:44.761486+00:00,167.36,0.885,0.88,0.89,0.11499999999999999,0.11,0.12,133.55,175.0,175.0,133.55,0.87,236.0,0.9,576.59,0.86,191.0,0.91,811.29,0.85,569.0,0.92,510.0,0.84,333.0,0.93,478.0,0.83,484.12,0.94,939.0,0.1,576.59,0.13,248.0,0.09,823.29,0.14,191.0,0.08,510.0,0.15,569.0,0.07,490.0,0.16,333.0,0.06,939.0,0.17,484.12
2026-01-07 05:32:48.391000+00:00,2026-01-07 05:32:45.767309+00:00,168.391,0.885,0.88,0.89,0.11499999999999999,0.11,0.12,158.55,62.64,77.64,158.55,0.87,248.0,0.9,576.59,0.86,191.0,0.91,823.29,0.85,569.0,0.92,510.0,0.84,333.0,0.93,463.0,0.83,514.12,0.94,549.0,0.1,576.59,0.13,248.0,0.09,823.29,0.14,191.0,0.08,510.0,0.15,569.0,0.07,463.0,0.16,333.0,0.06,549.0,0.17,514.12
2026-01-07 05:32:49.264000+00:00,2026-01-07 05:32:46.774023+00:00,169.264,0.885,0.88,0.89,0.11499999999999999,0.11,0.12,133.55,69.64,69.64,133.55,0.87,263.0,0.9,644.59,0.86,176.0,0.91,640.29,0.85,569.0,0.92,522.0,0.84,333.0,0.93,463.0,0.83,514.12,0.94,549.0,0.1,644.59,0.13,263.0,0.09,640.29,0.14,176.0,0.08,522.0,0.15,569.0,0.07,463.0,0.16,333.0,0.06,549.0,0.17,514.12
2026-01-07 05:32:50.284000+00:00,2026-01-07 05:32:47.780591+00:00,170.284,0.885,0.88,0.89,0.11499999999999999,0.11,0.12,115.88,74.64,74.64,115.88,0.87,268.0,0.9,644.59,0.86,176.0,0.91,640.29,0.85,569.0,0.92,522.0,0.84,333.0,0.93,463.0,0.83,514.12,0.94,549.0,0.1,644.59,0.13,268.0,0.09,640.29,0.14,176.0,0.08,522.0,0.15,569.0,0.07,463.0,0.16,333.0,0.06,549.0,0.17,514.12
2026-01-07 05:32:51.400000+00:00,2026-01-07 05:32:48.788020+00:00,171.4,0.885,0.88,0.89,0.11499999999999999,0.11,0.12,107.88,154.64,154.64,107.88,0.87,253.0,0.9,564.59,0.86,176.0,0.91,519.29,0.85,569.0,0.92,522.0,0.84,333.0,0.93,463.0,0.83,514.12,0.94,549.0,0.1,564.59,0.13,253.0,0.09,519.29,0.14,176.0,0.08,522.0,0.15,569.0,0.07,463.0,0.16,333.0,0.06,549.0,0.17,514.12
2026-01-07 05:32:52.350000+00:00,2026-01-07 05:32:49.800754+00:00,172.35,0.885,0.88,0.89,0.11499999999999999,0.11,0.12,112.88,154.64,154.64,112.88,0.87,253.0,0.9,340.59,0.86,176.0,0.91,519.29,0.85,569.0,0.92,522.0,0.84,333.0,0.93,463.0,0.83,514.12,0.94,549.0,0.1,340.59,0.13,265.0,0.09,507.29,0.14,152.0,0.08,522.0,0.15,557.0,0.07,463.0,0.16,333.0,0.06,549.0,0.17,514.12
2026-01-07 05:32:53.100000+00:00,2026-01-07 05:32:50.807301+00:00,173.1,0.885,0.88,0.89,0.11499999999999999,0.11,0.12,112.88,154.64,189.64,112.88,0.87,277.0,0.9,340.59,0.86,164.0,0.91,507.29,0.85,557.0,0.92,534.0,0.84,333.0,0.93,463.0,0.83,514.12,0.94,549.0,0.1,340.59,0.13,277.0,0.09,507.29,0.14,164.0,0.08,534.0,0.15,557.0,0.07,463.0,0.16,333.0,0.06,549.0,0.17,514.12
2026-01-07 05:32:54.407000+00:00,2026-01-07 05:32:51.816361+00:00,174.407,0.885,0.88,0.89,0.11499999999999999,0.11,0.12,147.88,179.64,179.64,147.88,0.87,192.0,0.9,364.59,0.86,225.0,0.91,507.29,0.85,581.0,0.92,534.0,0.84,333.0,0.93,466.0,0.83,449.12,0.94,939.0,0.1,364.59,0.13,192.0,0.09,507.29,0.14,225.0,0.08,534.0,0.15,581.0,0.07,466.0,0.16,333.0,0.06,939.0,0.17,449.12
2026-01-07 05:32:55.427000+00:00,2026-01-07 05:32:52.839198+00:00,175.427,0.885,0.88,0.89,0.11499999999999999,0.11,0.12,152.88,121.67,121.67,152.88,0.87,187.0,0.9,364.59,0.86,225.0,0.91,507.29,0.85,581.0,0.92,534.0,0.84,333.0,0.93,466.0,0.83,449.12,0.94,939.0,0.1,364.59,0.13,187.0,0.09,507.29,0.14,225.0,0.08,534.0,0.15,581.0,0.07,466.0,0.16,333.0,0.06,939.0,0.17,449.12
2026-01-07 05:32:56.463000+00:00,2026-01-07 05:32:53.847493+00:00,176.463,0.885,0.88,0.89,0.12,0.11,0.13,112.88,161.67,137.67,16.0,0.87,217.0,0.9,379.59,0.86,185.0,0.91,716.29,0.85,596.0,0.92,534.0,0.84,333.0,0.93,466.0,0.83,484.12,0.94,939.0,0.1,379.59,0.14,108.96,0.09,732.29,0.15,596.0,0.08,534.0,0.16,333.0,0.07,466.0,0.17,484.12,0.06,939.0,0.18,524.0
2026-01-07 05:32:57.414000+00:00,2026-01-07 05:32:54.855752+00:00,177.414,0.875,0.87,0.88,0.125,0.12,0.13,111.0,55.0,55.0,111.0,0.86,100.0,0.89,231.67,0.85,501.0,0.9,379.59,0.84,333.0,0.91,940.29,0.83,484.12,0.92,534.0,0.82,524.0,0.93,431.0,0.11,231.67,0.14,100.0,0.1,379.59,0.15,501.0,0.09,940.29,0.16,333.0,0.08,534.0,0.17,484.12,0.07,431.0,0.18,524.0
2026-01-07 05:32:58.395000+00:00,2026-01-07 05:32:55.848333+00:00,178.395,0.875,0.87,0.88,0.125,0.12,0.13,95.0,93.33,93.33,95.0,0.86,100.0,0.89,243.67,0.85,501.0,0.9,379.59,0.84,333.0,0.91,928.29,0.83,484.12,0.92,534.0,0.82,524.0,0.93,431.0,0.11,243.67,0.14,100.0,0.1,379.59,0.15,501.0,0.09,928.29,0.16,333.0,0.08,534.0,0.17,484.12,0.07,431.0,0.18,524.0
2026-01-07 05:32:59.373000+00:00,2026-01-07 05:32:56.873086+00:00,179.373,0.875,0.87,0.88,0.125,0.12,0.13,100.0,8.33,93.33,116.0,0.86,107.0,0.89,283.67,0.85,501.0,0.9,354.59,0.84,333.0,0.91,928.29,0.83,514.12,0.92,534.0,0.82,494.0,0.93,439.0,0.11,268.67,0.14,107.0,0.1,354.59,0.15,501.0,0.09,928.29,0.16,333.0,0.08,534.0,0.17,514.12,0.07,439.0,0.18,494.0
2026-01-07 05:33:00.473000+00:00,2026-01-07 05:32:57.880265+00:00,180.473,0.875,0.87,0.88,0.125,0.12,0.13,116.0,208.33,208.33,116.0,0.86,107.0,0.89,207.0,0.85,501.0,0.9,391.59,0.84,333.0,0.91,916.29,0.83,514.12,0.92,534.0,0.82,494.0,0.93,389.0,0.11,207.0,0.14,107.0,0.1,386.59,0.15,501.0,0.09,916.29,0.16,333.0,0.08,534.0,0.17,514.12,0.07,404.0,0.18,494.0
2026-01-07 05:33:01.526000+00:00,2026-01-07 05:32:58.900773+00:00,181.526,0.855,0.85,0.86,0.14500000000000002,0.14,0.15,95.0,35.0,35.0,95.0,0.84,278.0,0.87,381.0,0.83,581.12,0.88,267.33,0.82,471.0,0.89,247.0,0.81,545.0,0.9,578.59,0.8,474.0,0.91,750.29,0.13,381.0,0.16,278.0,0.12,267.33,0.17,581.12,0.11,247.0,0.18,350.0,0.1,639.59,0.19,475.0,0.09,750.29,0.2,474.0
2026-01-07 05:33:02.468000+00:00,2026-01-07 05:32:59.908541+00:00,182.468,0.855,0.85,0.86,0.14500000000000002,0.14,0.15,90.0,90.0,90.0,90.0,0.84,243.0,0.87,284.0,0.83,601.12,0.88,197.33,0.82,325.0,0.89,244.0,0.81,475.0,0.9,639.59,0.8,509.0,0.91,750.29,0.13,284.0,0.16,243.0,0.12,197.33,0.17,601.12,0.11,244.0,0.18,325.0,0.1,639.59,0.19,475.0,0.09,750.29,0.2,509.0
2026-01-07 05:33:03.527000+00:00,2026-01-07 05:33:00.915299+00:00,183.527,0.855,0.85,0.86,0.14500000000000002,0.14,0.15,90.0,72.67,32.67,90.0,0.84,315.0,0.87,269.0,0.83,541.12,0.88,182.33,0.82,313.0,0.89,232.0,0.81,475.0,0.9,651.59,0.8,509.0,0.91,750.29,0.13,269.0,0.16,315.0,0.12,182.33,0.17,541.12,0.11,232.0,0.18,313.0,0.1,651.59,0.19,475.0,0.09,750.29,0.2,509.0
2026-01-07 05:33:04.554000+00:00,2026-01-07 05:33:01.920428+00:00,184.554,0.855,0.85,0.86,0.14500000000000002,0.14,0.15,85.0,23.68,23.68,85.0,0.84,355.0,0.87,257.0,0.83,516.12,0.88,194.33,0.82,338.0,0.89,208.0,0.81,444.0,0.9,675.59,0.8,540.0,0.91,777.29,0.13,257.0,0.16,355.0,0.12,194.33,0.17,516.12,0.11,208.0,0.18,338.0,0.1,675.59,0.19,444.0,0.09,777.29,0.2,540.0
2026-01-07 05:33:05.546000+00:00,2026-01-07 05:33:02.928352+00:00,185.546,0.855,0.85,0.86,0.14500000000000002,0.14,0.15,105.0,93.68,93.68,105.0,0.84,350.0,0.87,257.0,0.83,516.12,0.88,194.33,0.82,408.0,0.89,432.0,0.81,545.0,0.9,675.59,0.8,509.0,0.91,750.29,0.13,257.0,0.16,350.0,0.12,194.33,0.17,516.12,0.11,432.0,0.18,408.0,0.1,675.59,0.19,545.0,0.09,750.29,0.2,509.0
2026-01-07 05:33:06.551000+00:00,2026-01-07 05:33:03.934612+00:00,186.551,0.855,0.85,0.86,0.14500000000000002,0.14,0.15,90.0,173.68,173.68,130.0,0.84,315.0,0.87,177.0,0.83,541.12,0.88,194.33,0.82,383.0,0.89,432.0,0.81,553.4,0.9,675.59,0.8,517.1,0.91,750.29,0.13,95.0,0.16,315.0,0.12,234.33,0.17,541.12,0.11,416.0,0.18,383.0,0.1,675.59,0.19,553.4,0.09,750.29,0.2,517.1
2026-01-07 05:33:07.473000+00:00,2026-01-07 05:33:04.942302+00:00,187.473,0.855,0.85,0.86,0.14500000000000002,0.14,0.15,130.0,127.0,127.0,130.0,0.84,350.0,0.87,202.0,0.83,525.31,0.88,169.33,0.82,446.8,0.89,416.0,0.81,522.4,0.9,675.59,0.8,517.1,0.91,785.29,0.13,202.0,0.16,350.0,0.12,169.33,0.17,525.31,0.11,416.0,0.18,446.8,0.1,675.59,0.19,522.4,0.09,785.29,0.2,517.1
2026-01-07 05:33:08.559000+00:00,2026-01-07 05:33:05.946765+00:00,188.559,0.875,0.87,0.88,0.125,0.12,0.13,205.63,8.33,8.33,275.63,0.86,133.99,0.89,135.0,0.85,292.19,0.9,559.59,0.84,566.69,0.91,763.29,0.83,372.31,0.92,518.0,0.82,532.8,0.93,504.0,0.11,100.0,0.14,425.0,0.1,280.59,0.15,388.19,0.09,962.29,0.16,342.69,0.08,518.0,0.17,523.31,0.07,477.0,0.18,502.8
2026-01-07 05:33:09.562000+00:00,2026-01-07 05:33:06.955507+00:00,189.562,0.885,0.88,0.89,0.11499999999999999,0.11,0.12,112.0,88.23,88.23,112.0,0.87,384.13,0.9,230.59,0.86,358.8,0.91,650.29,0.85,377.19,0.92,152.0,0.84,463.69,0.93,371.0,0.83,458.31,0.94,413.0,0.1,230.59,0.13,384.13,0.09,650.29,0.14,358.8,0.08,152.0,0.15,377.19,0.07,386.0,0.16,463.69,0.06,413.0,0.17,458.31
2026-01-07 05:33:10.588000+00:00,2026-01-07 05:33:07.977386+00:00,190.588,0.885,0.88,0.89,0.11499999999999999,0.11,0.12,67.3,87.1,87.1,67.3,0.87,389.13,0.9,242.59,0.86,399.86,0.91,686.29,0.85,377.19,0.92,116.0,0.84,463.69,0.93,410.0,0.83,458.31,0.94,382.0,0.1,242.59,0.13,389.13,0.09,686.29,0.14,399.86,0.08,116.0,0.15,377.19,0.07,410.0,0.16,463.69,0.06,382.0,0.17,458.31
2026-01-07 05:33:11.628000+00:00,2026-01-07 05:33:08.997078+00:00,191.628,0.885,0.88,0.89,0.11499999999999999,0.11,0.12,208.28,30.0,30.0,248.28,0.87,497.5,0.9,315.59,0.86,402.86,0.91,426.29,0.85,454.19,0.92,104.0,0.84,463.69,0.93,398.0,0.83,533.31,0.94,382.0,0.1,395.59,0.13,473.5,0.09,426.29,0.14,402.86,0.08,140.0,0.15,454.19,0.07,398.0,0.16,463.69,0.06,403.8,0.17,533.31
2026-01-07 05:33:12.625000+00:00,2026-01-07 05:33:10.004129+00:00,192.625,0.885,0.88,0.89,0.11499999999999999,0.11,0.12,52.3,122.0,122.0,52.3,0.87,595.5,0.9,317.59,0.86,440.86,0.91,532.29,0.85,454.19,0.92,126.0,0.84,463.69,0.93,465.0,0.83,533.31,0.94,457.8,0.1,317.59,0.13,595.5,0.09,532.29,0.14,440.86,0.08,126.0,0.15,454.19,0.07,465.0,0.16,463.69,0.06,457.8,0.17,533.31
2026-01-07 05:33:13.480000+00:00,2026-01-07 05:33:10.998243+00:00,193.48,0.885,0.88,0.89,0.11499999999999999,0.11,0.12,52.3,187.0,187.0,52.3,0.87,595.5,0.9,322.59,0.86,411.86,0.91,532.29,0.85,483.19,0.92,362.0,0.84,463.69,0.93,453.0,0.83,533.31,0.94,457.8,0.1,322.59,0.13,595.5,0.09,532.29,0.14,411.86,0.08,362.0,0.15,483.19,0.07,453.0,0.16,463.69,0.06,457.8,0.17,533.31
2026-01-07 05:33:14.846000+00:00,2026-01-07 05:33:13.013409+00:00,194.846,0.885,0.88,0.89,0.11499999999999999,0.11,0.12,52.3,172.0,172.0,52.3,0.87,595.5,0.9,307.59,0.86,411.86,0.91,547.29,0.85,483.19,0.92,362.0,0.84,463.69,0.93,453.0,0.83,533.31,0.94,457.8,0.1,307.59,0.13,595.5,0.09,547.29,0.14,411.86,0.08,362.0,0.15,483.19,0.07,453.0,0.16,463.69,0.06,457.8,0.17,533.31
2026-01-07 05:33:16.343000+00:00,2026-01-07 05:33:14.021597+00:00,196.343,0.885,0.88,0.89,0.11499999999999999,0.11,0.12,52.3,172.0,172.0,52.3,0.87,595.5,0.9,307.59,0.86,411.86,0.91,547.29,0.85,483.19,0.92,362.0,0.84,463.69,0.93,453.0,0.83,533.31,0.94,457.8,0.1,307.59,0.13,595.5,0.09,547.29,0.14,411.86,0.08,362.0,0.15,483.19,0.07,453.0,0.16,463.69,0.06,457.8,0.17,533.31
2026-01-07 05:33:17.511000+00:00,2026-01-07 05:33:15.028268+00:00,197.511,0.885,0.88,0.89,0.11499999999999999,0.11,0.12,52.3,172.0,77.42,52.3,0.87,595.5,0.9,307.59,0.86,411.86,0.91,552.29,0.85,483.19,0.92,362.0,0.84,463.69,0.93,453.0,0.83,533.31,0.94,457.8,0.1,307.59,0.13,595.5,0.09,552.29,0.14,411.86,0.08,362.0,0.15,483.19,0.07,453.0,0.16,463.69,0.06,457.8,0.17,533.31
2026-01-07 05:33:18.438000+00:00,2026-01-07 05:33:16.036434+00:00,198.438,0.885,0.88,0.89,0.11499999999999999,0.11,0.12,52.3,162.42,162.42,52.3,0.87,605.49,0.9,322.59,0.86,411.86,0.91,537.29,0.85,483.19,0.92,350.0,0.84,463.69,0.93,465.0,0.83,533.31,0.94,457.8,0.1,322.59,0.13,605.49,0.09,537.29,0.14,411.86,0.08,350.0,0.15,483.19,0.07,465.0,0.16,463.69,0.06,457.8,0.17,533.31
2026-01-07 05:33:19.582000+00:00,2026-01-07 05:33:17.044994+00:00,199.582,0.89,0.88,0.9,0.11,0.1,0.12,234.3,270.95,270.95,250.3,0.87,523.49,0.91,593.29,0.86,387.86,0.92,362.0,0.85,454.19,0.93,453.0,0.84,568.69,0.94,493.8,0.83,533.31,0.95,579.8,0.09,581.29,0.13,507.49,0.08,374.0,0.14,387.86,0.07,453.0,0.15,454.19,0.06,493.8,0.16,568.69,0.05,579.8,0.17,533.31
2026-01-07 05:33:20.549000+00:00,2026-01-07 05:33:18.050340+00:00,200.549,0.89,0.88,0.9,0.11,0.1,0.12,250.3,270.95,270.95,235.3,0.87,507.49,0.91,593.29,0.86,387.86,0.92,362.0,0.85,454.19,0.93,465.0,0.84,568.69,0.94,481.8,0.83,533.31,0.95,584.8,0.09,593.29,0.13,507.49,0.08,362.0,0.14,387.86,0.07,465.0,0.15,454.19,0.06,481.8,0.16,568.69,0.05,584.8,0.17,533.31
2026-01-07 05:33:21.674000+00:00,2026-01-07 05:33:19.062172+00:00,201.674,0.89,0.88,0.9,0.11,0.1,0.12,183.3,259.44,259.44,159.3,0.87,535.49,0.91,593.29,0.86,399.86,0.92,374.0,0.85,454.19,0.93,453.0,0.84,568.69,0.94,469.8,0.83,533.31,0.95,584.8,0.09,605.29,0.13,535.49,0.08,374.0,0.14,399.86,0.07,465.0,0.15,454.19,0.06,457.8,0.16,568.69,0.05,584.8,0.17,533.31
2026-01-07 05:33:22.662000+00:00,2026-01-07 05:33:20.067289+00:00,202.662,0.895,0.89,0.9,0.10500000000000001,0.1,0.11,5.0,259.44,339.44,5.0,0.88,217.3,0.91,593.29,0.87,523.49,0.92,374.0,0.86,399.86,0.93,453.0,0.85,454.19,0.94,469.8,0.84,568.69,0.95,584.8,0.09,513.29,0.12,217.3,0.08,386.0,0.13,523.49,0.07,453.0,0.14,399.86,0.06,469.8,0.15,454.19,0.05,584.8,0.16,568.69
2026-01-07 05:33:23.661000+00:00,2026-01-07 05:33:21.089211+00:00,203.661,0.89,0.88,0.9,0.11,0.1,0.12,198.3,339.44,339.44,218.3,0.87,543.49,0.91,513.29,0.86,387.86,0.92,386.0,0.85,454.19,0.93,465.0,0.84,568.69,0.94,457.8,0.83,533.31,0.95,584.8,0.09,513.29,0.13,543.49,0.08,386.0,0.14,387.86,0.07,465.0,0.15,454.19,0.06,457.8,0.16,568.69,0.05,584.8,0.17,533.31
2026-01-07 05:33:24.718000+00:00,2026-01-07 05:33:22.094613+00:00,204.718,0.895,0.89,0.9,0.10500000000000001,0.1,0.11,10.0,244.44,243.1,5.0,0.88,434.3,0.91,498.29,0.87,392.49,0.92,365.0,0.86,522.86,0.93,344.0,0.85,454.19,0.94,457.8,0.84,538.69,0.95,558.8,0.09,614.29,0.12,439.3,0.08,365.0,0.13,428.49,0.07,344.0,0.14,534.86,0.06,457.8,0.15,454.19,0.05,542.0,0.16,538.69
2026-01-07 05:33:25.676000+00:00,2026-01-07 05:33:23.117562+00:00,205.676,0.895,0.89,0.9,0.10500000000000001,0.1,0.11,45.0,243.1,243.1,45.0,0.88,498.3,0.91,429.29,0.87,453.49,0.92,96.0,0.86,534.86,0.93,319.0,0.85,454.19,0.94,336.8,0.84,503.69,0.95,542.0,0.09,429.29,0.12,514.3,0.08,96.0,0.13,453.49,0.07,399.0,0.14,534.86,0.06,336.8,0.15,454.19,0.05,542.0,0.16,503.69
2026-01-07 05:33:26.753000+00:00,2026-01-07 05:33:24.139334+00:00,206.753,0.895,0.89,0.9,0.10500000000000001,0.1,0.11,40.0,237.51,237.51,40.0,0.88,575.3,0.91,409.29,0.87,458.49,0.92,176.0,0.86,493.86,0.93,319.0,0.85,454.19,0.94,330.0,0.84,503.69,0.95,542.0,0.09,409.29,0.12,599.3,0.08,200.0,0.13,458.49,0.07,319.0,0.14,493.86,0.06,330.0,0.15,454.19,0.05,542.0,0.16,503.69
2026-01-07 05:33:27.452000+00:00,2026-01-07 05:33:25.149593+00:00,207.452,0.895,0.89,0.9,0.10500000000000001,0.1,0.11,40.0,237.51,237.51,40.0,0.88,623.3,0.91,409.29,0.87,446.49,0.92,200.0,0.86,493.86,0.93,338.28,0.85,454.19,0.94,330.0,0.84,503.69,0.95,547.82,0.09,409.29,0.12,623.3,0.08,200.0,0.13,446.49,0.07,338.28,0.14,493.86,0.06,330.0,0.15,454.19,0.05,547.82,0.16,503.69
2026-01-07 05:33:28.543000+00:00,2026-01-07 05:33:26.155303+00:00,208.543,0.895,0.89,0.9,0.10500000000000001,0.1,0.11,40.0,213.51,213.51,45.0,0.88,623.3,0.91,489.29,0.87,446.49,0.92,190.0,0.86,493.86,0.93,338.28,0.85,454.19,0.94,330.0,0.84,503.69,0.95,547.82,0.09,489.29,0.12,623.3,0.08,190.0,0.13,446.49,0.07,338.28,0.14,493.86,0.06,330.0,0.15,454.19,0.05,547.82,0.16,503.69
2026-01-07 05:33:29.796000+00:00,2026-01-07 05:33:27.159817+00:00,209.796,0.895,0.89,0.9,0.10500000000000001,0.1,0.11,40.0,293.51,293.51,40.0,0.88,635.3,0.91,479.29,0.87,434.49,0.92,190.0,0.86,493.86,0.93,338.28,0.85,454.19,0.94,554.0,0.84,503.69,0.95,547.82,0.09,479.29,0.12,635.3,0.08,190.0,0.13,434.49,0.07,338.28,0.14,493.86,0.06,554.0,0.15,454.19,0.05,547.82,0.16,503.69
2026-01-07 05:33:30.735000+00:00,2026-01-07 05:33:28.163558+00:00,210.735,0.895,0.89,0.9,0.10500000000000001,0.1,0.11,40.0,333.51,333.51,40.0,0.88,635.3,0.91,494.29,0.87,419.49,0.92,175.0,0.86,508.86,0.93,155.28,0.85,454.19,0.94,554.0,0.84,503.69,0.95,547.82,0.09,494.29,0.12,635.3,0.08,175.0,0.13,419.49,0.07,155.28,0.14,508.86,0.06,554.0,0.15,454.19,0.05,547.82,0.16,503.69
2026-01-07 05:33:31.577000+00:00,2026-01-07 05:33:29.169811+00:00,211.577,0.895,0.89,0.9,0.10500000000000001,0.1,0.11,5.0,293.51,293.51,5.0,0.88,660.3,0.91,529.29,0.87,365.49,0.92,150.0,0.86,537.86,0.93,180.28,0.85,454.19,0.94,554.0,0.84,538.69,0.95,547.82,0.09,529.29,0.12,660.3,0.08,150.0,0.13,394.49,0.07,180.28,0.14,508.86,0.06,554.0,0.15,454.19,0.05,547.82,0.16,538.69
2026-01-07 05:33:32.554000+00:00,2026-01-07 05:33:30.174559+00:00,212.554,0.895,0.89,0.9,0.10500000000000001,0.1,0.11,5.0,292.39,292.39,5.0,0.88,660.3,0.91,513.29,0.87,365.49,0.92,166.0,0.86,537.86,0.93,180.28,0.85,454.19,0.94,554.0,0.84,538.69,0.95,547.82,0.09,513.29,0.12,660.3,0.08,166.0,0.13,365.49,0.07,180.28,0.14,537.86,0.06,554.0,0.15,454.19,0.05,547.82,0.16,538.69
2026-01-07 05:33:33.655000+00:00,2026-01-07 05:33:31.176076+00:00,213.655,0.89,0.88,0.9,0.11,0.1,0.12,441.3,292.39,292.39,441.3,0.87,365.49,0.91,513.29,0.86,537.86,0.92,166.0,0.85,454.19,0.93,180.28,0.84,538.69,0.94,554.0,0.83,533.31,0.95,547.82,0.09,513.29,0.13,365.49,0.08,166.0,0.14,537.86,0.07,180.28,0.15,454.19,0.06,554.0,0.16,538.69,0.05,547.82,0.17,533.31
2026-01-07 05:33:34.273000+00:00,2026-01-07 05:33:32.177964+00:00,214.273,0.89,0.88,0.9,0.11,0.1,0.12,426.3,292.39,292.39,426.3,0.87,365.49,0.91,513.29,0.86,537.86,0.92,181.0,0.85,454.19,0.93,180.28,0.84,538.69,0.94,554.0,0.83,533.31,0.95,547.82,0.09,513.29,0.13,394.49,0.08,181.0,0.14,508.86,0.07,180.28,0.15,454.19,0.06,554.0,0.16,538.69,0.05,547.82,0.17,533.31
2026-01-07 05:33:35.807000+00:00,2026-01-07 05:33:33.195382+00:00,215.807,0.89,0.88,0.9,0.11,0.1,0.12,448.96,292.39,292.39,448.96,0.87,394.49,0.91,528.29,0.86,508.86,0.92,166.0,0.85,454.19,0.93,180.28,0.84,538.69,0.94,554.0,0.83,533.31,0.95,547.82,0.09,528.29,0.13,394.49,0.08,166.0,0.14,508.86,0.07,180.28,0.15,454.19,0.06,554.0,0.16,538.69,0.05,547.82,0.17,533.31
2026-01-07 05:33:36.635000+00:00,2026-01-07 05:33:34.200834+00:00,216.635,0.895,0.89,0.9,0.10500000000000001,0.1,0.11,5.0,292.39,292.39,5.0,0.88,446.96,0.91,528.29,0.87,394.49,0.92,166.0,0.86,508.86,0.93,180.28,0.85,454.19,0.94,554.0,0.84,538.69,0.95,547.82,0.09,528.29,0.12,438.96,0.08,166.0,0.13,394.49,0.07,180.28,0.14,508.86,0.06,554.0,0.15,454.19,0.05,547.82,0.16,538.69
2026-01-07 05:33:37.756000+00:00,2026-01-07 05:33:35.204854+00:00,217.756,0.895,0.89,0.9,0.10500000000000001,0.1,0.11,229.0,292.39,292.39,229.0,0.88,387.96,0.91,540.29,0.87,401.49,0.92,166.0,0.86,537.86,0.93,168.28,0.85,454.19,0.94,554.0,0.84,538.69,0.95,547.82,0.09,540.29,0.12,387.96,0.08,166.0,0.13,401.49,0.07,168.28,0.14,537.86,0.06,554.0,0.15,454.19,0.05,547.82,0.16,538.69
2026-01-07 05:33:38.810000+00:00,2026-01-07 05:33:36.212244+00:00,218.81,0.895,0.89,0.9,0.10500000000000001,0.1,0.11,229.0,292.39,292.39,229.0,0.88,387.96,0.91,540.29,0.87,401.49,0.92,166.0,0.86,537.86,0.93,168.28,0.85,454.19,0.94,554.0,0.84,538.69,0.95,547.82,0.09,540.29,0.12,387.96,0.08,166.0,0.13,401.49,0.07,168.28,0.14,537.86,0.06,554.0,0.15,454.19,0.05,547.82,0.16,538.69
2026-01-07 05:33:39.771000+00:00,2026-01-07 05:33:37.218601+00:00,219.771,0.895,0.89,0.9,0.10500000000000001,0.1,0.11,224.0,291.27,291.27,224.0,0.88,440.96,0.91,528.29,0.87,353.49,0.92,166.0,0.86,537.86,0.93,144.28,0.85,454.19,0.94,590.0,0.84,538.69,0.95,547.82,0.09,528.29,0.12,440.96,0.08,166.0,0.13,353.49,0.07,144.28,0.14,537.86,0.06,590.0,0.15,454.19,0.05,547.82,0.16,538.69
2026-01-07 05:33:40.804000+00:00,2026-01-07 05:33:38.225679+00:00,220.804,0.895,0.89,0.9,0.10500000000000001,0.1,0.11,229.0,291.27,291.27,229.0,0.88,435.96,0.91,528.29,0.87,382.49,0.92,166.0,0.86,508.86,0.93,144.28,0.85,454.19,0.94,590.0,0.84,538.69,0.95,547.82,0.09,528.29,0.12,435.96,0.08,166.0,0.13,382.49,0.07,144.28,0.14,508.86,0.06,590.0,0.15,454.19,0.05,547.82,0.16,538.69
2026-01-07 05:33:41.747000+00:00,2026-01-07 05:33:39.236514+00:00,221.747,0.895,0.89,0.9,0.10500000000000001,0.1,0.11,229.0,291.27,291.27,229.0,0.88,435.96,0.91,528.29,0.87,382.49,0.92,166.0,0.86,508.86,0.93,144.28,0.85,454.19,0.94,570.0,0.84,553.69,0.95,547.82,0.09,528.29,0.12,435.96,0.08,166.0,0.13,382.49,0.07,144.28,0.14,508.86,0.06,570.0,0.15,454.19,0.05,567.82,0.16,553.69
2026-01-07 05:33:42.793000+00:00,2026-01-07 05:33:40.242090+00:00,222.793,0.895,0.89,0.9,0.10500000000000001,0.1,0.11,229.0,281.27,281.27,229.0,0.88,435.96,0.91,528.29,0.87,382.49,0.92,166.0,0.86,508.86,0.93,144.28,0.85,454.19,0.94,570.0,0.84,553.69,0.95,547.82,0.09,528.29,0.12,435.96,0.08,166.0,0.13,382.49,0.07,144.28,0.14,508.86,0.06,590.0,0.15,454.19,0.05,547.82,0.16,553.69
2026-01-07 05:33:43.730000+00:00,2026-01-07 05:33:41.247997+00:00,223.73,0.895,0.89,0.9,0.10500000000000001,0.1,0.11,229.0,281.27,281.27,229.0,0.88,435.96,0.91,513.29,0.87,397.49,0.92,181.0,0.86,493.86,0.93,144.28,0.85,454.19,0.94,570.0,0.84,553.69,0.95,567.82,0.09,513.29,0.12,435.96,0.08,181.0,0.13,397.49,0.07,144.28,0.14,493.86,0.06,570.0,0.15,454.19,0.05,567.82,0.16,553.69
2026-01-07 05:33:44.850000+00:00,2026-01-07 05:33:42.252705+00:00,224.85,0.885,0.88,0.89,0.11499999999999999,0.11,0.12,232.96,185.0,185.0,232.96,0.87,611.49,0.9,297.85,0.86,490.86,0.91,516.29,0.85,384.19,0.92,163.0,0.84,538.69,0.93,380.28,0.83,583.31,0.94,330.0,0.1,297.85,0.13,611.49,0.09,516.29,0.14,490.86,0.08,163.0,0.15,384.19,0.07,380.28,0.16,538.69,0.06,330.0,0.17,583.31
2026-01-07 05:33:45.831000+00:00,2026-01-07 05:33:43.273879+00:00,225.831,0.885,0.88,0.89,0.11499999999999999,0.11,0.12,232.96,212.0,212.0,232.96,0.87,563.49,0.9,284.85,0.86,514.86,0.91,525.29,0.85,408.19,0.92,163.0,0.84,538.69,0.93,356.28,0.83,568.31,0.94,295.0,0.1,284.85,0.13,563.49,0.09,525.29,0.14,514.86,0.08,163.0,0.15,408.19,0.07,356.28,0.16,538.69,0.06,295.0,0.17,568.31
2026-01-07 05:33:46.722000+00:00,2026-01-07 05:33:44.280844+00:00,226.722,0.885,0.88,0.89,0.11499999999999999,0.11,0.12,237.96,200.0,200.0,237.96,0.87,558.49,0.9,296.85,0.86,485.86,0.91,540.29,0.85,437.19,0.92,163.0,0.84,538.69,0.93,356.28,0.83,568.31,0.94,295.0,0.1,296.85,0.13,558.49,0.09,540.29,0.14,485.86,0.08,163.0,0.15,437.19,0.07,356.28,0.16,538.69,0.06,295.0,0.17,568.31
2026-01-07 05:33:47.795000+00:00,2026-01-07 05:33:45.287769+00:00,227.795,0.885,0.88,0.89,0.11499999999999999,0.11,0.12,237.96,220.0,220.0,237.96,0.87,630.49,0.9,260.85,0.86,437.86,0.91,552.29,0.85,413.19,0.92,151.0,0.84,538.69,0.93,392.28,0.83,568.31,0.94,295.0,0.1,260.85,0.13,630.49,0.09,552.29,0.14,437.86,0.08,151.0,0.15,413.19,0.07,392.28,0.16,538.69,0.06,295.0,0.17,568.31
2026-01-07 05:33:48.915000+00:00,2026-01-07 05:33:46.309191+00:00,228.915,0.885,0.88,0.89,0.11499999999999999,0.11,0.12,232.96,210.0,210.0,232.96,0.87,635.49,0.9,260.85,0.86,507.86,0.91,552.29,0.85,483.19,0.92,151.0,0.84,538.69,0.93,392.28,0.83,568.31,0.94,295.0,0.1,260.85,0.13,635.49,0.09,552.29,0.14,507.86,0.08,151.0,0.15,483.19,0.07,392.28,0.16,538.69,0.06,295.0,0.17,583.31
2026-01-07 05:33:49.891000+00:00,2026-01-07 05:33:47.313813+00:00,229.891,0.885,0.88,0.89,0.11499999999999999,0.11,0.12,237.96,225.0,225.0,237.96,0.87,630.49,0.9,260.85,0.86,507.86,0.91,552.29,0.85,483.19,0.92,151.0,0.84,538.69,0.93,392.28,0.83,583.31,0.94,295.0,0.1,260.85,0.13,630.49,0.09,552.29,0.14,507.86,0.08,151.0,0.15,483.19,0.07,392.28,0.16,538.69,0.06,295.0,0.17,583.31
2026-01-07 05:33:50.285000+00:00,2026-01-07 05:33:48.304516+00:00,230.285,0.885,0.88,0.89,0.11499999999999999,0.11,0.12,237.96,185.0,185.0,237.96,0.87,595.49,0.9,260.85,0.86,532.86,0.91,552.29,0.85,458.19,0.92,151.0,0.84,538.69,0.93,392.28,0.83,583.31,0.94,295.0,0.1,260.85,0.13,595.49,0.09,552.29,0.14,532.86,0.08,151.0,0.15,458.19,0.07,392.28,0.16,538.69,0.06,295.0,0.17,583.31
2026-01-07 05:33:51.752000+00:00,2026-01-07 05:33:49.313523+00:00,231.752,0.885,0.88,0.89,0.11499999999999999,0.11,0.12,429.96,115.0,115.0,414.96,0.87,497.49,0.9,279.21,0.86,508.86,0.91,528.29,0.85,458.19,0.92,175.0,0.84,538.69,0.93,404.28,0.83,583.31,0.94,295.0,0.1,279.21,0.13,497.49,0.09,528.29,0.14,508.86,0.08,175.0,0.15,458.19,0.07,380.28,0.16,538.69,0.06,319.0,0.17,583.31
2026-01-07 05:33:52.909000+00:00,2026-01-07 05:33:50.319124+00:00,232.909,0.885,0.88,0.89,0.11499999999999999,0.11,0.12,404.96,115.0,115.0,394.96,0.87,497.49,0.9,279.21,0.86,508.86,0.91,528.29,0.85,458.19,0.92,175.0,0.84,553.69,0.93,380.28,0.83,568.31,0.94,319.0,0.1,279.21,0.13,497.49,0.09,528.29,0.14,508.86,0.08,175.0,0.15,458.19,0.07,404.28,0.16,553.69,0.06,295.0,0.17,568.31
2026-01-07 05:33:53.786000+00:00,2026-01-07 05:33:51.321070+00:00,233.786,0.885,0.88,0.89,0.11499999999999999,0.11,0.12,394.96,35.0,35.0,379.96,0.87,513.49,0.9,279.21,0.86,508.86,0.91,544.29,0.85,458.19,0.92,175.0,0.84,553.69,0.93,404.28,0.83,568.31,0.94,295.0,0.1,279.21,0.13,528.49,0.09,544.29,0.14,508.86,0.08,175.0,0.15,458.19,0.07,404.28,0.16,553.69,0.06,295.0,0.17,568.31
2026-01-07 05:33:54.934000+00:00,2026-01-07 05:33:52.327660+00:00,234.934,0.885,0.88,0.89,0.11499999999999999,0.11,0.12,273.96,105.0,145.0,237.96,0.87,586.49,0.9,248.85,0.86,514.98,0.91,532.29,0.85,483.19,0.92,139.0,0.84,553.69,0.93,392.28,0.83,568.31,0.94,295.0,0.1,260.85,0.13,611.49,0.09,556.29,0.14,563.98,0.08,151.0,0.15,429.19,0.07,502.28,0.16,583.69,0.06,295.0,0.17,568.31
2026-01-07 05:33:55.772000+00:00,2026-01-07 05:33:53.324123+00:00,235.772,0.885,0.88,0.89,0.11499999999999999,0.11,0.12,227.96,101.62,101.62,227.96,0.87,611.49,0.9,260.85,0.86,563.98,0.91,568.29,0.85,429.19,0.92,151.0,0.84,583.69,0.93,575.28,0.83,568.31,0.94,295.0,0.1,260.85,0.13,611.49,0.09,568.29,0.14,563.98,0.08,151.0,0.15,429.19,0.07,575.28,0.16,583.69,0.06,295.0,0.17,568.31
2026-01-07 05:33:56.657000+00:00,2026-01-07 05:33:54.333845+00:00,236.657,0.885,0.88,0.89,0.11499999999999999,0.11,0.12,209.74,101.62,101.62,209.74,0.87,611.49,0.9,260.85,0.86,563.98,0.91,568.29,0.85,444.19,0.92,151.0,0.84,568.69,0.93,575.28,0.83,568.31,0.94,295.0,0.1,245.85,0.13,611.49,0.09,553.29,0.14,563.98,0.08,151.0,0.15,444.19,0.07,575.28,0.16,568.69,0.06,295.0,0.17,568.31
2026-01-07 05:33:57.663000+00:00,2026-01-07 05:33:55.354233+00:00,237.663,0.885,0.88,0.89,0.11499999999999999,0.11,0.12,209.74,101.62,101.62,209.74,0.87,611.49,0.9,245.85,0.86,563.98,0.91,553.29,0.85,444.19,0.92,151.0,0.84,568.69,0.93,575.28,0.83,568.31,0.94,295.0,0.1,245.85,0.13,611.49,0.09,553.29,0.14,563.98,0.08,151.0,0.15,444.19,0.07,575.28,0.16,568.69,0.06,295.0,0.17,568.31
2026-01-07 05:33:58.776000+00:00,2026-01-07 05:33:56.361044+00:00,238.776,0.885,0.88,0.89,0.11499999999999999,0.11,0.12,209.74,101.62,101.62,209.74,0.87,611.49,0.9,245.85,0.86,563.98,0.91,553.29,0.85,444.19,0.92,151.0,0.84,568.69,0.93,575.28,0.83,568.31,0.94,295.0,0.1,245.85,0.13,611.49,0.09,553.29,0.14,563.98,0.08,151.0,0.15,444.19,0.07,575.28,0.16,568.69,0.06,295.0,0.17,568.31
2026-01-07 05:33:59.941000+00:00,2026-01-07 05:33:57.367529+00:00,239.941,0.885,0.88,0.89,0.11499999999999999,0.11,0.12,209.74,101.62,101.62,217.74,0.87,611.49,0.9,245.85,0.86,578.98,0.91,553.29,0.85,429.19,0.92,151.0,0.84,568.69,0.93,575.28,0.83,568.31,0.94,295.0,0.1,245.85,0.13,611.49,0.09,553.29,0.14,566.98,0.08,151.0,0.15,429.19,0.07,575.28,0.16,568.69,0.06,295.0,0.17,568.31
2026-01-07 05:34:00.960000+00:00,2026-01-07 05:33:58.374652+00:00,240.96,0.895,0.89,0.9,0.10500000000000001,0.1,0.11,818.0,123.85,123.85,799.0,0.88,623.74,0.91,451.29,0.87,502.49,0.92,96.0,0.86,553.98,0.93,73.28,0.85,454.19,0.94,105.0,0.84,503.69,0.95,356.82,0.09,451.29,0.12,623.74,0.08,96.0,0.13,502.49,0.07,73.28,0.14,553.98,0.06,105.0,0.15,454.19,0.05,356.82,0.16,503.69
2026-01-07 05:34:01.955000+00:00,2026-01-07 05:33:59.379221+00:00,241.955,0.895,0.89,0.9,0.10500000000000001,0.1,0.11,469.0,179.21,179.21,469.0,0.88,593.74,0.91,426.29,0.87,502.49,0.92,96.0,0.86,553.98,0.93,73.28,0.85,454.19,0.94,105.0,0.84,503.69,0.95,376.82,0.09,426.29,0.12,593.74,0.08,96.0,0.13,502.49,0.07,73.28,0.14,553.98,0.06,105.0,0.15,454.19,0.05,364.82,0.16,503.69
2026-01-07 05:34:02.944000+00:00,2026-01-07 05:34:00.383640+00:00,242.944,0.895,0.89,0.9,0.10500000000000001,0.1,0.11,378.09,121.42,121.42,378.09,0.88,593.74,0.91,426.29,0.87,502.49,0.92,108.0,0.86,524.98,0.93,61.28,0.85,483.19,0.94,105.0,0.84,503.69,0.95,324.82,0.09,426.29,0.12,593.74,0.08,108.0,0.13,502.49,0.07,61.28,0.14,524.98,0.06,105.0,0.15,483.19,0.05,324.82,0.16,503.69
2026-01-07 05:34:04.904000+00:00,2026-01-07 05:34:02.396722+00:00,244.904,0.895,0.89,0.9,0.10500000000000001,0.1,0.11,383.09,153.19,128.19,383.09,0.88,572.74,0.91,496.29,0.87,502.49,0.92,178.0,0.86,524.98,0.93,131.28,0.85,483.19,0.94,399.0,0.84,503.69,0.95,394.82,0.09,496.29,0.12,572.74,0.08,178.0,0.13,502.49,0.07,131.28,0.14,524.98,0.06,399.0,0.15,483.19,0.05,394.82,0.16,503.69
2026-01-07 05:34:06.002000+00:00,2026-01-07 05:34:03.406571+00:00,246.002,0.895,0.89,0.9,0.10500000000000001,0.1,0.11,368.09,113.19,113.19,368.09,0.88,572.74,0.91,484.29,0.87,502.49,0.92,178.0,0.86,524.98,0.93,131.28,0.85,483.19,0.94,399.0,0.84,503.69,0.95,394.82,0.09,484.29,0.12,572.74,0.08,178.0,0.13,502.49,0.07,131.28,0.14,524.98,0.06,399.0,0.15,483.19,0.05,394.82,0.16,503.69
2026-01-07 05:34:07.007000+00:00,2026-01-07 05:34:04.410881+00:00,247.007,0.895,0.89,0.9,0.10500000000000001,0.1,0.11,514.09,35.0,35.0,520.09,0.88,507.74,0.91,509.29,0.87,502.49,0.92,209.0,0.86,553.98,0.93,131.28,0.85,454.19,0.94,399.0,0.84,503.69,0.95,394.82,0.09,509.29,0.12,507.74,0.08,209.0,0.13,502.49,0.07,131.28,0.14,553.98,0.06,399.0,0.15,454.19,0.05,394.82,0.16,503.69
2026-01-07 05:34:08.898000+00:00,2026-01-07 05:34:06.437341+00:00,248.898,0.895,0.89,0.9,0.10500000000000001,0.1,0.11,464.09,35.0,35.0,479.09,0.88,522.74,0.91,559.29,0.87,502.49,0.92,169.0,0.86,553.98,0.93,156.28,0.85,454.19,0.94,399.0,0.84,503.69,0.95,394.82,0.09,559.29,0.12,522.74,0.08,169.0,0.13,502.49,0.07,156.28,0.14,553.98,0.06,399.0,0.15,454.19,0.05,394.82,0.16,503.69
2026-01-07 05:34:09.965000+00:00,2026-01-07 05:34:07.443719+00:00,249.965,0.895,0.89,0.9,0.10500000000000001,0.1,0.11,464.09,35.0,35.0,479.09,0.88,522.74,0.91,559.29,0.87,502.49,0.92,169.0,0.86,553.98,0.93,156.28,0.85,454.19,0.94,399.0,0.84,503.69,0.95,394.82,0.09,559.29,0.12,522.74,0.08,169.0,0.13,502.49,0.07,156.28,0.14,553.98,0.06,399.0,0.15,454.19,0.05,394.82,0.16,503.69
2026-01-07 05:34:11.070000+00:00,2026-01-07 05:34:08.449841+00:00,251.07,0.895,0.89,0.9,0.095,0.09,0.1,586.09,12.0,457.29,60.0,0.88,451.74,0.91,439.29,0.87,519.49,0.92,154.0,0.86,524.98,0.93,107.28,0.85,454.19,0.94,387.0,0.84,503.69,0.95,406.82,0.08,154.0,0.11,581.09,0.07,107.28,0.12,451.74,0.06,387.0,0.13,519.49,0.05,406.82,0.14,524.98,0.04,336.0,0.15,454.19
2026-01-07 05:34:12.046000+00:00,2026-01-07 05:34:09.454972+00:00,252.046,0.905,0.9,0.91,0.095,0.09,0.1,204.0,561.29,561.29,204.0,0.89,333.09,0.92,165.0,0.88,453.74,0.93,144.28,0.87,473.49,0.94,387.0,0.86,524.98,0.95,394.82,0.85,454.19,0.96,253.0,0.08,165.0,0.11,333.09,0.07,144.28,0.12,453.74,0.06,387.0,0.13,473.49,0.05,394.82,0.14,524.98,0.04,253.0,0.15,529.19
2026-01-07 05:34:13.892000+00:00,2026-01-07 05:34:11.479089+00:00,253.892,0.905,0.9,0.91,0.095,0.09,0.1,209.0,579.29,552.29,209.0,0.89,400.09,0.92,141.0,0.88,405.74,0.93,168.28,0.87,449.49,0.94,363.0,0.86,524.98,0.95,430.82,0.85,529.19,0.96,253.0,0.08,141.0,0.11,400.09,0.07,168.28,0.12,405.74,0.06,363.0,0.13,449.49,0.05,430.82,0.14,524.98,0.04,253.0,0.15,529.19
2026-01-07 05:34:15.599000+00:00,2026-01-07 05:34:13.487182+00:00,255.599,0.905,0.9,0.91,0.095,0.09,0.1,308.0,544.29,544.29,308.0,0.89,400.09,0.92,141.0,0.88,503.74,0.93,168.28,0.87,490.49,0.94,363.0,0.86,583.83,0.95,430.82,0.85,529.19,0.96,253.0,0.08,141.0,0.11,400.09,0.07,168.28,0.12,503.74,0.06,363.0,0.13,490.49,0.05,430.82,0.14,583.83,0.04,253.0,0.15,529.19
2026-01-07 05:34:17.027000+00:00,2026-01-07 05:34:14.489314+00:00,257.027,0.905,0.9,0.91,0.095,0.09,0.1,323.0,544.29,544.29,359.0,0.89,389.09,0.92,114.0,0.88,519.74,0.93,183.28,0.87,450.49,0.94,375.0,0.86,583.83,0.95,430.82,0.85,536.34,0.96,253.0,0.08,114.0,0.11,329.09,0.07,159.28,0.12,519.74,0.06,363.0,0.13,450.49,0.05,430.82,0.14,583.83,0.04,253.0,0.15,536.34
2026-01-07 05:34:18.645000+00:00,2026-01-07 05:34:16.516522+00:00,258.645,0.905,0.9,0.91,0.095,0.09,0.1,313.0,541.29,541.29,313.0,0.89,293.09,0.92,138.0,0.88,591.74,0.93,171.28,0.87,474.49,0.94,387.0,0.86,583.83,0.95,394.82,0.85,536.34,0.96,253.0,0.08,138.0,0.11,293.09,0.07,171.28,0.12,591.74,0.06,387.0,0.13,474.49,0.05,394.82,0.14,583.83,0.04,253.0,0.15,536.34
2026-01-07 05:34:20.122000+00:00,2026-01-07 05:34:17.523693+00:00,260.122,0.905,0.9,0.91,0.095,0.09,0.1,331.0,529.29,529.29,331.0,0.89,365.09,0.92,126.0,0.88,543.74,0.93,198.28,0.87,450.49,0.94,363.0,0.86,583.83,0.95,430.82,0.85,536.34,0.96,253.0,0.08,126.0,0.11,365.09,0.07,198.28,0.12,543.74,0.06,363.0,0.13,450.49,0.05,430.82,0.14,583.83,0.04,253.0,0.15,536.34
2026-01-07 05:34:21.074000+00:00,2026-01-07 05:34:18.543180+00:00,261.074,0.905,0.9,0.91,0.095,0.09,0.1,333.0,529.29,529.29,333.0,0.89,365.09,0.92,126.0,0.88,543.74,0.93,198.28,0.87,450.49,0.94,363.0,0.86,583.83,0.95,430.82,0.85,536.34,0.96,253.0,0.08,126.0,0.11,365.09,0.07,198.28,0.12,543.74,0.06,363.0,0.13,450.49,0.05,430.82,0.14,583.83,0.04,253.0,0.15,536.34
2026-01-07 05:34:22.168000+00:00,2026-01-07 05:34:19.548958+00:00,262.168,0.905,0.9,0.91,0.095,0.09,0.1,333.0,529.29,529.29,333.0,0.89,365.09,0.92,126.0,0.88,543.74,0.93,198.28,0.87,450.49,0.94,363.0,0.86,583.83,0.95,430.82,0.85,536.34,0.96,253.0,0.08,126.0,0.11,365.09,0.07,198.28,0.12,543.74,0.06,363.0,0.13,450.49,0.05,430.82,0.14,583.83,0.04,253.0,0.15,536.34
2026-01-07 05:34:23.167000+00:00,2026-01-07 05:34:20.557803+00:00,263.167,0.905,0.9,0.91,0.095,0.09,0.1,323.0,586.29,586.29,318.0,0.89,293.09,0.92,153.0,0.88,548.74,0.93,171.28,0.87,518.49,0.94,387.0,0.86,583.83,0.95,394.82,0.85,536.34,0.96,253.0,0.08,180.0,0.11,298.09,0.07,180.28,0.12,524.74,0.06,351.0,0.13,542.49,0.05,394.82,0.14,583.83,0.04,253.0,0.15,536.34
2026-01-07 05:34:24.126000+00:00,2026-01-07 05:34:21.564310+00:00,264.126,0.905,0.9,0.91,0.095,0.09,0.1,318.0,541.29,541.29,318.0,0.89,298.09,0.92,165.0,0.88,533.0,0.93,195.28,0.87,527.49,0.94,351.0,0.86,583.83,0.95,394.82,0.85,536.34,0.96,253.0,0.08,165.0,0.11,298.09,0.07,195.28,0.12,518.0,0.06,351.0,0.13,527.49,0.05,394.82,0.14,583.83,0.04,253.0,0.15,536.34
2026-01-07 05:34:25.175000+00:00,2026-01-07 05:34:22.569463+00:00,265.175,0.905,0.9,0.91,0.095,0.09,0.1,323.0,541.29,541.29,323.0,0.89,305.09,0.92,138.0,0.88,557.0,0.93,174.28,0.87,491.49,0.94,387.0,0.86,583.83,0.95,394.82,0.85,536.34,0.96,253.0,0.08,138.0,0.11,305.09,0.07,174.28,0.12,557.0,0.06,399.0,0.13,491.49,0.05,394.82,0.14,583.83,0.04,253.0,0.15,536.34
2026-01-07 05:34:26.210000+00:00,2026-01-07 05:34:23.560924+00:00,266.21,0.905,0.9,0.91,0.095,0.09,0.1,960.0,374.29,338.85,890.0,0.89,343.09,0.92,94.36,0.88,470.0,0.93,27.28,0.87,475.49,0.94,57.0,0.86,583.83,0.95,116.82,0.85,501.34,0.96,283.0,0.08,94.36,0.11,273.09,0.07,27.28,0.12,470.0,0.06,57.0,0.13,475.49,0.05,116.82,0.14,583.83,0.04,298.0,0.15,501.34
2026-01-07 05:34:27.185000+00:00,2026-01-07 05:34:24.566137+00:00,267.185,0.915,0.91,0.92,0.08499999999999999,0.08,0.09,305.0,79.36,79.36,289.0,0.9,605.0,0.93,89.28,0.89,305.09,0.94,83.0,0.88,415.0,0.95,255.82,0.87,405.49,0.96,478.0,0.86,583.83,0.97,459.63,0.07,89.28,0.1,422.0,0.06,83.0,0.11,305.09,0.05,396.82,0.12,415.0,0.04,478.0,0.13,405.49,0.03,379.63,0.14,583.83
2026-01-07 05:34:28.209000+00:00,2026-01-07 05:34:25.589161+00:00,268.209,0.915,0.91,0.92,0.08499999999999999,0.08,0.09,296.0,53.12,53.12,330.0,0.9,386.0,0.93,62.28,0.89,308.09,0.94,56.0,0.88,400.0,0.95,343.82,0.87,405.49,0.96,558.0,0.86,583.83,0.97,379.63,0.07,62.28,0.1,398.0,0.06,44.0,0.11,296.09,0.05,343.82,0.12,400.0,0.04,570.0,0.13,405.49,0.03,379.63,0.14,583.83
2026-01-07 05:34:29.929000+00:00,2026-01-07 05:34:27.603456+00:00,269.929,0.915,0.91,0.92,0.08499999999999999,0.08,0.09,295.0,38.12,38.12,295.0,0.9,410.0,0.93,142.28,0.89,296.09,0.94,150.0,0.88,470.0,0.95,386.82,0.87,475.49,0.96,548.0,0.86,658.83,0.97,379.63,0.07,142.28,0.1,410.0,0.06,150.0,0.11,296.09,0.05,386.82,0.12,470.0,0.04,548.0,0.13,475.49,0.03,379.63,0.14,658.83
2026-01-07 05:34:31.176000+00:00,2026-01-07 05:34:28.612829+00:00,271.176,0.915,0.91,0.92,0.08499999999999999,0.08,0.09,249.0,170.12,185.12,249.0,0.9,383.0,0.93,183.28,0.89,395.09,0.94,126.0,0.88,509.0,0.95,398.82,0.87,475.49,0.96,512.0,0.86,658.83,0.97,379.63,0.07,183.28,0.1,383.0,0.06,126.0,0.11,395.09,0.05,398.82,0.12,509.0,0.04,512.0,0.13,475.49,0.03,379.63,0.14,658.83
2026-01-07 05:34:32.243000+00:00,2026-01-07 05:34:29.634926+00:00,272.243,0.915,0.91,0.92,0.08499999999999999,0.08,0.09,249.0,281.12,286.12,264.0,0.9,320.0,0.93,134.28,0.89,214.0,0.94,178.0,0.88,462.0,0.95,613.82,0.87,499.49,0.96,313.0,0.86,658.83,0.97,309.63,0.07,134.28,0.1,340.0,0.06,300.0,0.11,214.0,0.05,613.82,0.12,462.0,0.04,313.0,0.13,489.5,0.03,309.63,0.14,658.83
2026-01-07 05:34:33.270000+00:00,2026-01-07 05:34:30.640166+00:00,273.27,0.915,0.91,0.92,0.08499999999999999,0.08,0.09,264.0,206.12,206.12,269.0,0.9,214.0,0.93,134.28,0.89,214.0,0.94,361.0,0.88,462.0,0.95,613.82,0.87,489.5,0.96,313.0,0.86,658.83,0.97,309.63,0.07,134.28,0.1,214.0,0.06,346.0,0.11,186.0,0.05,613.82,0.12,490.0,0.04,313.0,0.13,489.5,0.03,309.63,0.14,658.83
2026-01-07 05:34:34.254000+00:00,2026-01-07 05:34:31.645815+00:00,274.254,0.915,0.91,0.92,0.08499999999999999,0.08,0.09,284.0,158.12,158.12,284.0,0.9,238.0,0.93,182.28,0.89,250.0,0.94,322.0,0.88,402.0,0.95,625.82,0.87,465.5,0.96,313.0,0.86,658.83,0.97,309.63,0.07,182.28,0.1,250.0,0.06,322.0,0.11,262.0,0.05,625.82,0.12,390.0,0.04,325.0,0.13,465.5,0.03,309.63,0.14,658.83
2026-01-07 05:34:35.244000+00:00,2026-01-07 05:34:32.665997+00:00,275.244,0.915,0.91,0.92,0.08499999999999999,0.08,0.09,368.0,158.12,158.12,368.0,0.9,286.0,0.93,146.28,0.89,238.0,0.94,361.0,0.88,460.0,0.95,610.82,0.87,465.5,0.96,337.0,0.86,658.83,0.97,309.63,0.07,146.28,0.1,286.0,0.06,361.0,0.11,238.0,0.05,610.82,0.12,460.0,0.04,337.0,0.13,465.5,0.03,309.63,0.14,658.83
2026-01-07 05:34:36.271000+00:00,2026-01-07 05:34:33.655919+00:00,276.271,0.915,0.91,0.92,0.08499999999999999,0.08,0.09,368.0,158.12,158.12,376.0,0.9,286.0,0.93,146.28,0.89,296.0,0.94,349.0,0.88,460.0,0.95,610.82,0.87,465.5,0.96,337.0,0.86,658.83,0.97,309.63,0.07,146.28,0.1,286.0,0.06,361.0,0.11,308.0,0.05,610.82,0.12,460.0,0.04,337.0,0.13,465.5,0.03,309.63,0.14,658.83
2026-01-07 05:34:37.109000+00:00,2026-01-07 05:34:34.664879+00:00,277.109,0.915,0.91,0.92,0.08499999999999999,0.08,0.09,368.0,71.07,45.56,368.0,0.9,286.0,0.93,134.28,0.89,308.0,0.94,373.0,0.88,460.0,0.95,610.82,0.87,465.5,0.96,337.0,0.86,658.83,0.97,309.63,0.07,124.28,0.1,286.0,0.06,338.0,0.11,273.0,0.05,610.82,0.12,450.0,0.04,337.0,0.13,465.5,0.03,309.63,0.14,658.83
2026-01-07 05:34:38.960000+00:00,2026-01-07 05:34:36.683369+00:00,278.96,0.915,0.91,0.92,0.08499999999999999,0.08,0.09,412.0,3.97,3.97,490.0,0.9,322.0,0.93,27.28,0.89,271.0,0.94,57.0,0.88,470.0,0.95,515.82,0.87,465.5,0.96,361.0,0.86,623.83,0.97,344.63,0.07,27.28,0.1,334.0,0.06,57.0,0.11,271.0,0.05,527.82,0.12,470.0,0.04,325.0,0.13,465.5,0.03,380.63,0.14,623.83
2026-01-07 05:34:40.165000+00:00,2026-01-07 05:34:37.691196+00:00,280.165,0.925,0.92,0.93,0.07500000000000001,0.07,0.08,20.0,51.25,51.25,20.0,0.91,455.0,0.94,57.0,0.9,346.0,0.95,563.82,0.89,271.0,0.96,313.0,0.88,470.0,0.97,380.63,0.87,465.5,0.98,892.75,0.06,57.0,0.09,455.0,0.05,563.82,0.1,346.0,0.04,313.0,0.11,271.0,0.03,380.63,0.12,470.0,0.02,892.75,0.13,465.5
2026-01-07 05:34:41.274000+00:00,2026-01-07 05:34:38.715182+00:00,281.274,0.925,0.92,0.93,0.07500000000000001,0.07,0.08,35.0,36.25,36.25,35.0,0.91,455.0,0.94,69.0,0.9,346.0,0.95,551.82,0.89,271.0,0.96,313.0,0.88,470.0,0.97,380.63,0.87,465.5,0.98,892.75,0.06,69.0,0.09,455.0,0.05,551.82,0.1,346.0,0.04,313.0,0.11,271.0,0.03,380.63,0.12,470.0,0.02,892.75,0.13,465.5
2026-01-07 05:34:42.395000+00:00,2026-01-07 05:34:39.720433+00:00,282.395,0.925,0.92,0.93,0.07500000000000001,0.07,0.08,20.0,36.25,36.25,20.0,0.91,246.0,0.94,154.0,0.9,346.0,0.95,604.0,0.89,271.0,0.96,313.0,0.88,470.0,0.97,358.0,0.87,465.5,0.98,884.23,0.06,61.0,0.09,311.0,0.05,594.0,0.1,266.0,0.04,290.0,0.11,271.0,0.03,358.0,0.12,470.0,0.02,884.23,0.13,430.5
2026-01-07 05:34:43.363000+00:00,2026-01-07 05:34:40.727075+00:00,283.363,0.925,0.92,0.93,0.07500000000000001,0.07,0.08,455.0,34.56,34.56,475.0,0.91,331.0,0.94,27.64,0.9,385.0,0.95,299.0,0.89,439.0,0.96,217.0,0.88,470.0,0.97,637.09,0.87,430.5,0.98,708.93,0.06,27.64,0.09,331.0,0.05,299.0,0.1,385.0,0.04,217.0,0.11,439.0,0.03,637.09,0.12,470.0,0.02,708.93,0.13,430.5
2026-01-07 05:34:44.181000+00:00,2026-01-07 05:34:41.734655+00:00,284.181,0.935,0.93,0.94,0.065,0.06,0.07,336.0,12.64,12.64,351.0,0.92,119.0,0.95,264.0,0.91,477.0,0.96,230.0,0.9,507.0,0.97,554.09,0.89,439.0,0.98,708.93,0.88,435.0,0.99,1993.9,0.05,81.0,0.08,119.0,0.04,230.0,0.09,477.0,0.03,554.09,0.1,568.0,0.02,708.93,0.11,439.0,0.01,1993.9,0.12,435.0
2026-01-07 05:34:45.292000+00:00,2026-01-07 05:34:42.742054+00:00,285.292,0.945,0.94,0.95,0.055,0.05,0.06,5.0,78.64,78.64,5.0,0.93,346.0,0.96,310.0,0.92,119.0,0.97,519.09,0.91,477.0,0.98,758.93,0.9,568.0,0.99,1993.9,0.89,439.0,,,0.04,310.0,0.07,346.0,0.03,519.09,0.08,119.0,0.02,758.93,0.09,477.0,0.01,1993.9,0.1,568.0,,,0.11,439.0
2026-01-07 05:34:46.338000+00:00,2026-01-07 05:34:43.752182+00:00,286.338,0.945,0.94,0.95,0.055,0.05,0.06,5.0,146.32,161.32,5.0,0.93,307.0,0.96,242.0,0.92,143.0,0.97,577.09,0.91,477.0,0.98,758.93,0.9,568.0,0.99,1993.9,0.89,439.0,,,0.04,242.0,0.07,307.0,0.03,577.09,0.08,143.0,0.02,718.14,0.09,477.0,0.01,1993.9,0.1,568.0,,,0.11,439.0
2026-01-07 05:34:47.125000+00:00,2026-01-07 05:34:44.742304+00:00,287.125,0.945,0.94,0.95,0.055,0.05,0.06,5.0,146.32,146.32,5.0,0.93,322.0,0.96,312.0,0.92,143.0,0.97,592.09,0.91,477.0,0.98,718.14,0.9,568.0,0.99,1993.9,0.89,439.0,,,0.04,312.0,0.07,307.0,0.03,592.09,0.08,143.0,0.02,718.14,0.09,477.0,0.01,1993.9,0.1,568.0,,,0.11,439.0
2026-01-07 05:34:48.272000+00:00,2026-01-07 05:34:45.749795+00:00,288.272,0.945,0.94,0.95,0.055,0.05,0.06,5.0,129.8,129.8,10.0,0.93,108.0,0.96,312.0,0.92,243.0,0.97,569.0,0.91,407.0,0.98,718.14,0.9,568.0,0.99,1993.9,0.89,439.0,,,0.04,312.0,0.07,121.0,0.03,569.0,0.08,243.0,0.02,718.14,0.09,407.0,0.01,1993.9,0.1,568.0,,,0.11,514.0
2026-01-07 05:34:49.392000+00:00,2026-01-07 05:34:46.773132+00:00,289.392,0.945,0.94,0.95,0.055,0.05,0.06,320.34,70.67,30.67,320.34,0.93,151.0,0.96,293.65,0.92,354.0,0.97,547.0,0.91,407.0,0.98,686.14,0.9,568.0,0.99,1872.9,0.89,479.0,,,0.04,340.65,0.07,156.0,0.03,569.0,0.08,376.0,0.02,733.14,0.09,407.0,0.01,1860.9,0.1,568.0,,,0.11,514.0
2026-01-07 05:34:50.383000+00:00,2026-01-07 05:34:47.780216+00:00,290.383,0.945,0.94,0.95,0.055,0.05,0.06,101.34,166.67,131.67,76.34,0.93,15.0,0.96,293.65,0.92,495.0,0.97,373.0,0.91,427.0,0.98,706.14,0.9,620.0,0.99,1848.9,0.89,514.0,,,0.04,283.65,0.08,460.0,0.03,373.0,0.09,347.0,0.02,706.14,0.1,585.0,0.01,1813.9,0.11,514.0,,,0.12,545.0
2026-01-07 05:34:51.377000+00:00,2026-01-07 05:34:48.785900+00:00,291.377,0.935,0.93,0.94,0.065,0.06,0.07,20.0,82.74,148.74,20.0,0.92,495.0,0.95,334.67,0.91,297.0,0.96,529.65,0.9,497.0,0.97,384.0,0.89,514.0,0.98,656.14,0.88,545.0,0.99,1848.9,0.05,334.67,0.08,495.0,0.04,529.65,0.09,297.0,0.03,369.0,0.1,497.0,0.02,656.14,0.11,514.0,0.01,1848.9,0.12,545.0
2026-01-07 05:34:52.401000+00:00,2026-01-07 05:34:49.790877+00:00,292.401,0.935,0.93,0.94,0.065,0.06,0.07,20.0,129.74,144.74,20.0,0.92,519.0,0.95,334.67,0.91,345.0,0.96,517.65,0.9,425.0,0.97,393.0,0.89,514.0,0.98,683.14,0.88,545.0,0.99,1848.9,0.05,334.67,0.08,543.0,0.04,517.65,0.09,333.0,0.03,393.0,0.1,413.0,0.02,683.14,0.11,514.0,0.01,1848.9,0.12,557.82
2026-01-07 05:34:53.330000+00:00,2026-01-07 05:34:50.814637+00:00,293.33,0.935,0.93,0.94,0.065,0.06,0.07,30.0,114.74,134.74,30.0,0.92,548.0,0.95,334.67,0.91,403.0,0.96,517.65,0.9,437.16,0.97,408.0,0.89,514.0,0.98,734.44,0.88,557.82,0.99,1848.9,0.05,334.67,0.08,548.0,0.04,517.65,0.09,403.0,0.03,408.0,0.1,437.16,0.02,734.44,0.11,514.0,0.01,1969.9,0.12,557.82
2026-01-07 05:34:54.425000+00:00,2026-01-07 05:34:51.821457+00:00,294.425,0.935,0.93,0.94,0.065,0.06,0.07,35.0,164.74,164.74,75.0,0.92,446.0,0.95,354.67,0.91,379.0,0.96,517.65,0.9,437.16,0.97,408.0,0.89,514.0,0.98,734.44,0.88,557.82,0.99,1969.9,0.05,354.67,0.08,446.0,0.04,517.65,0.09,379.0,0.03,408.0,0.1,437.16,0.02,734.44,0.11,514.0,0.01,1969.9,0.12,557.82
2026-01-07 05:34:55.416000+00:00,2026-01-07 05:34:52.824941+00:00,295.416,0.935,0.93,0.94,0.065,0.06,0.07,174.0,164.74,164.74,174.0,0.92,446.0,0.95,388.67,0.91,394.0,0.96,553.65,0.9,422.16,0.97,396.0,0.89,514.0,0.98,746.44,0.88,557.82,0.99,1969.9,0.05,388.67,0.08,446.0,0.04,553.65,0.09,394.0,0.03,396.0,0.1,422.16,0.02,746.44,0.11,514.0,0.01,1969.9,0.12,557.82
