timestamp,seconds,mid,bid,ask,asset
2026-01-07 07:15:00+00:00,0.0,3256.791,3256.72,3256.94,ETH
2026-01-07 07:15:01+00:00,1.0,3256.641,3256.54,3256.72,ETH
2026-01-07 07:15:02+00:00,2.0,3256.431,3256.32,3256.46,ETH
2026-01-07 07:15:03+00:00,3.0,3256.371,3256.28,3256.41,ETH
2026-01-07 07:15:04+00:00,4.0,3256.281,3256.22,3256.38,ETH
2026-01-07 07:15:05+00:00,5.0,3256.101,3256.06,3256.29,ETH
2026-01-07 07:15:06+00:00,6.0,3255.891,3255.87,3256.12,ETH
2026-01-07 07:15:07+00:00,7.0,3255.771,3255.75,3256.02,ETH
2026-01-07 07:15:08+00:00,8.0,3255.871,3255.82,3256.02,ETH
2026-01-07 07:15:09+00:00,9.0,3255.971,3255.93,3256.02,ETH
2026-01-07 07:15:10+00:00,10.0,3255.971,3255.93,3256.02,ETH
2026-01-07 07:15:11+00:00,11.0,3255.981,3255.93,3256.02,ETH
2026-01-07 07:15:12+00:00,12.0,3255.971,3255.93,3256.02,ETH
2026-01-07 07:15:13+00:00,13.0,3255.931,3255.88,3255.97,ETH
2026-01-07 07:15:14+00:00,14.0,3255.891,3255.84,3255.94,ETH
2026-01-07 07:15:15+00:00,15.0,3255.911,3255.84,3255.96,ETH
2026-01-07 07:15:16+00:00,16.0,3255.911,3255.84,3256.01,ETH
2026-01-07 07:15:17+00:00,17.0,3255.911,3255.84,3256.05,ETH
2026-01-07 07:15:18+00:00,18.0,3255.831,3255.78,3255.94,ETH
2026-01-07 07:15:19+00:00,19.0,3255.761,3255.74,3255.89,ETH
2026-01-07 07:15:20+00:00,20.0,3255.761,3255.76,3255.95,ETH
2026-01-07 07:15:21+00:00,21.0,3255.761,3255.75,3255.95,ETH
2026-01-07 07:15:22+00:00,22.0,3255.761,3255.75,3255.93,ETH
2026-01-07 07:15:23+00:00,23.0,3255.761,3255.75,3255.93,ETH
2026-01-07 07:15:24+00:00,24.0,3255.761,3255.76,3255.95,ETH
2026-01-07 07:15:25+00:00,25.0,3255.761,3255.76,3255.96,ETH
2026-01-07 07:15:26+00:00,26.0,3255.761,3255.76,3255.97,ETH
2026-01-07 07:15:27+00:00,27.0,3255.831,3255.74,3255.99,ETH
2026-01-07 07:15:28+00:00,28.0,3255.911,3255.79,3256.08,ETH
2026-01-07 07:15:29+00:00,29.0,3255.911,3255.86,3256.09,ETH
2026-01-07 07:15:30+00:00,30.0,3255.911,3255.87,3256.03,ETH
2026-01-07 07:15:31+00:00,31.0,3255.911,3255.86,3255.99,ETH
2026-01-07 07:15:32+00:00,32.0,3255.911,3255.84,3255.97,ETH
2026-01-07 07:15:33+00:00,33.0,3256.001,3255.89,3256.07,ETH
2026-01-07 07:15:34+00:00,34.0,3256.121,3255.94,3256.19,ETH
2026-01-07 07:15:35+00:00,35.0,3256.161,3256.0,3256.25,ETH
2026-01-07 07:15:36+00:00,36.0,3256.191,3256.06,3256.3,ETH
2026-01-07 07:15:37+00:00,37.0,3256.231,3256.12,3256.37,ETH
2026-01-07 07:15:38+00:00,38.0,3256.301,3256.21,3256.44,ETH
2026-01-07 07:15:39+00:00,39.0,3256.341,3256.26,3256.47,ETH
2026-01-07 07:15:40+00:00,40.0,3256.371,3256.27,3256.47,ETH
2026-01-07 07:15:41+00:00,41.0,3256.431,3256.27,3256.52,ETH
2026-01-07 07:15:42+00:00,42.0,3256.471,3256.27,3256.59,ETH
2026-01-07 07:15:43+00:00,43.0,3256.541,3256.32,3256.67,ETH
2026-01-07 07:15:44+00:00,44.0,3256.721,3256.46,3256.9,ETH
2026-01-07 07:15:45+00:00,45.0,3256.921,3256.69,3257.07,ETH
2026-01-07 07:15:46+00:00,46.0,3257.031,3256.82,3257.07,ETH
2026-01-07 07:15:47+00:00,47.0,3257.051,3256.89,3257.09,ETH
2026-01-07 07:15:48+00:00,48.0,3257.021,3256.89,3257.07,ETH
2026-01-07 07:15:49+00:00,49.0,3257.031,3256.88,3257.21,ETH
2026-01-07 07:15:50+00:00,50.0,3257.051,3256.88,3257.21,ETH
2026-01-07 07:15:51+00:00,51.0,3257.071,3256.88,3257.21,ETH
2026-01-07 07:15:52+00:00,52.0,3257.061,3256.88,3257.21,ETH
2026-01-07 07:15:53+00:00,53.0,3257.061,3256.89,3257.21,ETH
2026-01-07 07:15:54+00:00,54.0,3257.261,3257.04,3257.38,ETH
2026-01-07 07:15:55+00:00,55.0,3257.411,3257.17,3257.55,ETH
2026-01-07 07:15:56+00:00,56.0,3257.351,3257.16,3257.56,ETH
2026-01-07 07:15:57+00:00,57.0,3257.321,3257.13,3257.52,ETH
2026-01-07 07:15:58+00:00,58.0,3257.321,3257.11,3257.48,ETH
2026-01-07 07:15:59+00:00,59.0,3257.321,3257.12,3257.47,ETH
2026-01-07 07:16:00+00:00,60.0,3257.321,3257.13,3257.42,ETH
2026-01-07 07:16:01+00:00,61.0,3257.321,3257.13,3257.37,ETH
2026-01-07 07:16:02+00:00,62.0,3256.991,3256.87,3257.04,ETH
2026-01-07 07:16:03+00:00,63.0,3256.661,3256.53,3256.7,ETH
2026-01-07 07:16:04+00:00,64.0,3256.641,3256.46,3256.68,ETH
2026-01-07 07:16:05+00:00,65.0,3256.691,3256.53,3256.74,ETH
2026-01-07 07:16:06+00:00,66.0,3256.771,3256.62,3256.86,ETH
2026-01-07 07:16:07+00:00,67.0,3256.801,3256.64,3256.92,ETH
2026-01-07 07:16:08+00:00,68.0,3256.801,3256.63,3256.91,ETH
2026-01-07 07:16:09+00:00,69.0,3256.801,3256.63,3256.9,ETH
2026-01-07 07:16:10+00:00,70.0,3256.801,3256.63,3256.92,ETH
2026-01-07 07:16:11+00:00,71.0,3257.851,3257.79,3258.31,ETH
2026-01-07 07:16:12+00:00,72.0,3258.361,3258.3,3258.5,ETH
2026-01-07 07:16:13+00:00,73.0,3258.371,3258.32,3258.5,ETH
2026-01-07 07:16:14+00:00,74.0,3258.671,3258.61,3258.73,ETH
2026-01-07 07:16:15+00:00,75.0,3258.671,3258.61,3258.77,ETH
2026-01-07 07:16:16+00:00,76.0,3258.671,3258.62,3258.81,ETH
2026-01-07 07:16:17+00:00,77.0,3258.681,3258.62,3258.85,ETH
2026-01-07 07:16:18+00:00,78.0,3258.681,3258.62,3258.9,ETH
2026-01-07 07:16:19+00:00,79.0,3258.641,3258.45,3258.79,ETH
2026-01-07 07:16:20+00:00,80.0,3258.461,3258.43,3258.78,ETH
2026-01-07 07:16:21+00:00,81.0,3258.461,3258.4,3258.75,ETH
2026-01-07 07:16:22+00:00,82.0,3258.461,3258.4,3258.8,ETH
2026-01-07 07:16:23+00:00,83.0,3258.461,3258.4,3258.71,ETH
2026-01-07 07:16:24+00:00,84.0,3258.461,3258.42,3258.75,ETH
2026-01-07 07:16:25+00:00,85.0,3258.461,3258.36,3258.71,ETH
2026-01-07 07:16:26+00:00,86.0,3258.461,3258.36,3258.7,ETH
2026-01-07 07:16:27+00:00,87.0,3258.251,3258.24,3258.49,ETH
2026-01-07 07:16:28+00:00,88.0,3258.161,3258.09,3258.43,ETH
2026-01-07 07:16:29+00:00,89.0,3257.901,3257.8,3257.93,ETH
2026-01-07 07:16:30+00:00,90.0,3257.881,3257.8,3257.93,ETH
2026-01-07 07:16:31+00:00,91.0,3257.871,3257.8,3257.93,ETH
2026-01-07 07:16:32+00:00,92.0,3257.851,3257.75,3257.93,ETH
2026-01-07 07:16:33+00:00,93.0,3257.851,3257.81,3257.95,ETH
2026-01-07 07:16:34+00:00,94.0,3257.851,3257.81,3257.96,ETH
2026-01-07 07:16:35+00:00,95.0,3257.871,3257.81,3258.01,ETH
2026-01-07 07:16:36+00:00,96.0,3258.001,3258.0,3258.2,ETH
2026-01-07 07:16:37+00:00,97.0,3258.001,3258.0,3258.16,ETH
2026-01-07 07:16:38+00:00,98.0,3258.001,3257.96,3258.09,ETH
2026-01-07 07:16:39+00:00,99.0,3257.951,3257.9,3258.01,ETH
2026-01-07 07:16:40+00:00,100.0,3257.991,3257.93,3258.03,ETH
2026-01-07 07:16:41+00:00,101.0,3258.001,3257.93,3258.04,ETH
2026-01-07 07:16:42+00:00,102.0,3258.001,3257.97,3258.15,ETH
2026-01-07 07:16:43+00:00,103.0,3258.001,3257.97,3258.23,ETH
2026-01-07 07:16:44+00:00,104.0,3258.001,3257.98,3258.31,ETH
2026-01-07 07:16:45+00:00,105.0,3258.051,3257.99,3258.28,ETH
2026-01-07 07:16:46+00:00,106.0,3258.101,3258.0,3258.28,ETH
2026-01-07 07:16:47+00:00,107.0,3258.101,3258.0,3258.3,ETH
2026-01-07 07:16:48+00:00,108.0,3258.101,3258.0,3258.26,ETH
2026-01-07 07:16:49+00:00,109.0,3258.101,3258.0,3258.24,ETH
2026-01-07 07:16:50+00:00,110.0,3258.101,3258.0,3258.23,ETH
2026-01-07 07:16:51+00:00,111.0,3258.081,3257.99,3258.22,ETH
2026-01-07 07:16:52+00:00,112.0,3258.061,3257.98,3258.19,ETH
2026-01-07 07:16:53+00:00,113.0,3258.051,3257.98,3258.17,ETH
2026-01-07 07:16:54+00:00,114.0,3258.031,3257.96,3258.19,ETH
2026-01-07 07:16:55+00:00,115.0,3258.021,3257.93,3258.19,ETH
2026-01-07 07:16:56+00:00,116.0,3258.021,3257.93,3258.15,ETH
2026-01-07 07:16:57+00:00,117.0,3258.031,3257.94,3258.13,ETH
2026-01-07 07:16:58+00:00,118.0,3258.031,3257.94,3258.12,ETH
2026-01-07 07:16:59+00:00,119.0,3258.031,3257.93,3258.15,ETH
2026-01-07 07:17:00+00:00,120.0,3258.031,3257.93,3258.13,ETH
2026-01-07 07:17:01+00:00,121.0,3258.031,3257.93,3258.13,ETH
2026-01-07 07:17:02+00:00,122.0,3258.011,3257.9,3258.07,ETH
2026-01-07 07:17:03+00:00,123.0,3258.021,3257.87,3258.12,ETH
2026-01-07 07:17:04+00:00,124.0,3258.021,3257.87,3258.14,ETH
2026-01-07 07:17:05+00:00,125.0,3258.021,3257.87,3258.09,ETH
2026-01-07 07:17:06+00:00,126.0,3257.981,3257.87,3258.13,ETH
2026-01-07 07:17:07+00:00,127.0,3257.981,3257.86,3258.13,ETH
2026-01-07 07:17:08+00:00,128.0,3257.981,3257.86,3258.13,ETH
2026-01-07 07:17:09+00:00,129.0,3257.981,3257.86,3258.13,ETH
2026-01-07 07:17:10+00:00,130.0,3257.981,3257.86,3258.13,ETH
2026-01-07 07:17:11+00:00,131.0,3257.981,3257.86,3258.12,ETH
2026-01-07 07:17:12+00:00,132.0,3257.851,3257.85,3258.1,ETH
2026-01-07 07:17:13+00:00,133.0,3257.851,3257.82,3258.01,ETH
2026-01-07 07:17:14+00:00,134.0,3257.851,3257.63,3257.97,ETH
2026-01-07 07:17:15+00:00,135.0,3257.851,3257.63,3257.95,ETH
2026-01-07 07:17:16+00:00,136.0,3257.851,3257.63,3257.95,ETH
2026-01-07 07:17:17+00:00,137.0,3257.871,3257.63,3257.94,ETH
2026-01-07 07:17:18+00:00,138.0,3257.851,3257.64,3258.03,ETH
2026-01-07 07:17:19+00:00,139.0,3257.851,3257.64,3257.99,ETH
2026-01-07 07:17:20+00:00,140.0,3257.851,3257.64,3258.0,ETH
2026-01-07 07:17:21+00:00,141.0,3257.851,3257.63,3257.99,ETH
2026-01-07 07:17:22+00:00,142.0,3257.851,3257.63,3257.98,ETH
2026-01-07 07:17:23+00:00,143.0,3257.851,3257.63,3257.98,ETH
2026-01-07 07:17:24+00:00,144.0,3257.851,3257.62,3257.97,ETH
2026-01-07 07:17:25+00:00,145.0,3257.761,3257.62,3257.85,ETH
2026-01-07 07:17:26+00:00,146.0,3257.741,3257.62,3257.85,ETH
2026-01-07 07:17:27+00:00,147.0,3257.841,3257.62,3257.88,ETH
2026-01-07 07:17:28+00:00,148.0,3257.741,3257.63,3257.85,ETH
2026-01-07 07:17:29+00:00,149.0,3257.731,3257.63,3257.85,ETH
2026-01-07 07:17:30+00:00,150.0,3257.851,3257.63,3257.9,ETH
2026-01-07 07:17:31+00:00,151.0,3257.711,3257.56,3257.88,ETH
2026-01-07 07:17:32+00:00,152.0,3257.711,3257.56,3257.88,ETH
2026-01-07 07:17:33+00:00,153.0,3257.691,3257.58,3257.73,ETH
2026-01-07 07:17:34+00:00,154.0,3257.691,3257.58,3257.74,ETH
2026-01-07 07:17:35+00:00,155.0,3257.711,3257.58,3257.76,ETH
2026-01-07 07:17:36+00:00,156.0,3257.711,3257.58,3257.75,ETH
2026-01-07 07:17:37+00:00,157.0,3257.511,3257.46,3257.56,ETH
2026-01-07 07:17:38+00:00,158.0,3257.471,3257.38,3257.56,ETH
2026-01-07 07:17:39+00:00,159.0,3257.551,3257.45,3257.62,ETH
2026-01-07 07:17:40+00:00,160.0,3257.551,3257.45,3257.64,ETH
2026-01-07 07:17:41+00:00,161.0,3257.551,3257.45,3257.64,ETH
2026-01-07 07:17:42+00:00,162.0,3257.491,3257.45,3257.56,ETH
2026-01-07 07:17:43+00:00,163.0,3257.501,3257.45,3257.56,ETH
2026-01-07 07:17:44+00:00,164.0,3257.531,3257.44,3257.61,ETH
2026-01-07 07:17:45+00:00,165.0,3257.551,3257.45,3257.66,ETH
2026-01-07 07:17:46+00:00,166.0,3257.551,3257.45,3257.65,ETH
2026-01-07 07:17:47+00:00,167.0,3257.551,3257.45,3257.64,ETH
2026-01-07 07:17:48+00:00,168.0,3257.551,3257.45,3257.63,ETH
2026-01-07 07:17:49+00:00,169.0,3257.501,3257.45,3257.56,ETH
2026-01-07 07:17:50+00:00,170.0,3257.321,3257.32,3257.66,ETH
2026-01-07 07:17:51+00:00,171.0,3257.321,3257.32,3257.66,ETH
2026-01-07 07:17:52+00:00,172.0,3257.321,3257.32,3257.52,ETH
2026-01-07 07:17:53+00:00,173.0,3257.321,3257.32,3257.51,ETH
2026-01-07 07:17:54+00:00,174.0,3257.321,3257.32,3257.5,ETH
2026-01-07 07:17:55+00:00,175.0,3257.321,3257.29,3257.46,ETH
2026-01-07 07:17:56+00:00,176.0,3257.321,3257.3,3257.52,ETH
2026-01-07 07:17:57+00:00,177.0,3257.321,3257.3,3257.51,ETH
2026-01-07 07:17:58+00:00,178.0,3257.321,3257.3,3257.53,ETH
2026-01-07 07:17:59+00:00,179.0,3257.321,3257.31,3257.49,ETH
2026-01-07 07:18:00+00:00,180.0,3257.321,3257.31,3257.51,ETH
2026-01-07 07:18:01+00:00,181.0,3257.321,3257.31,3257.53,ETH
2026-01-07 07:18:02+00:00,182.0,3257.321,3257.31,3257.56,ETH
2026-01-07 07:18:03+00:00,183.0,3257.321,3257.31,3257.56,ETH
2026-01-07 07:18:04+00:00,184.0,3257.321,3257.31,3257.54,ETH
2026-01-07 07:18:05+00:00,185.0,3257.321,3257.31,3257.54,ETH
2026-01-07 07:18:06+00:00,186.0,3257.321,3257.31,3257.54,ETH
2026-01-07 07:18:07+00:00,187.0,3257.391,3257.32,3257.55,ETH
2026-01-07 07:18:08+00:00,188.0,3257.521,3257.36,3257.58,ETH
2026-01-07 07:18:09+00:00,189.0,3257.581,3257.39,3257.61,ETH
2026-01-07 07:18:10+00:00,190.0,3257.581,3257.39,3257.61,ETH
2026-01-07 07:18:11+00:00,191.0,3257.511,3257.39,3257.61,ETH
2026-01-07 07:18:12+00:00,192.0,3257.511,3257.39,3257.61,ETH
2026-01-07 07:18:13+00:00,193.0,3257.611,3257.39,3257.67,ETH
2026-01-07 07:18:14+00:00,194.0,3257.611,3257.39,3257.68,ETH
2026-01-07 07:18:15+00:00,195.0,3257.611,3257.39,3257.66,ETH
2026-01-07 07:18:16+00:00,196.0,3257.491,3257.36,3257.65,ETH
2026-01-07 07:18:17+00:00,197.0,3257.491,3257.36,3257.52,ETH
2026-01-07 07:18:18+00:00,198.0,3257.491,3257.36,3257.68,ETH
2026-01-07 07:18:19+00:00,199.0,3257.491,3257.35,3257.68,ETH
2026-01-07 07:18:20+00:00,200.0,3257.491,3257.36,3257.67,ETH
2026-01-07 07:18:21+00:00,201.0,3257.491,3257.36,3257.66,ETH
2026-01-07 07:18:22+00:00,202.0,3257.491,3257.35,3257.59,ETH
2026-01-07 07:18:23+00:00,203.0,3257.491,3257.35,3257.56,ETH
2026-01-07 07:18:24+00:00,204.0,3257.531,3257.35,3257.58,ETH
2026-01-07 07:18:25+00:00,205.0,3257.531,3257.37,3257.57,ETH
2026-01-07 07:18:26+00:00,206.0,3257.511,3257.35,3257.64,ETH
2026-01-07 07:18:27+00:00,207.0,3257.511,3257.37,3257.67,ETH
2026-01-07 07:18:28+00:00,208.0,3257.501,3257.36,3257.68,ETH
2026-01-07 07:18:29+00:00,209.0,3257.501,3257.36,3257.69,ETH
2026-01-07 07:18:30+00:00,210.0,3257.501,3257.36,3257.68,ETH
2026-01-07 07:18:31+00:00,211.0,3257.501,3257.36,3257.69,ETH
2026-01-07 07:18:32+00:00,212.0,3257.631,3257.41,3257.71,ETH
2026-01-07 07:18:33+00:00,213.0,3257.691,3257.57,3257.81,ETH
2026-01-07 07:18:34+00:00,214.0,3257.691,3257.69,3257.88,ETH
2026-01-07 07:18:35+00:00,215.0,3257.741,3257.73,3257.85,ETH
2026-01-07 07:18:36+00:00,216.0,3257.741,3257.73,3257.83,ETH
2026-01-07 07:18:37+00:00,217.0,3257.741,3257.73,3257.83,ETH
2026-01-07 07:18:38+00:00,218.0,3257.741,3257.73,3257.83,ETH
2026-01-07 07:18:39+00:00,219.0,3257.741,3257.73,3257.82,ETH
2026-01-07 07:18:40+00:00,220.0,3257.741,3257.73,3257.85,ETH
2026-01-07 07:18:41+00:00,221.0,3257.741,3257.73,3257.86,ETH
2026-01-07 07:18:42+00:00,222.0,3257.741,3257.73,3257.9,ETH
2026-01-07 07:18:43+00:00,223.0,3257.741,3257.73,3257.9,ETH
2026-01-07 07:18:44+00:00,224.0,3257.741,3257.74,3257.85,ETH
2026-01-07 07:18:45+00:00,225.0,3257.741,3257.74,3257.86,ETH
2026-01-07 07:18:46+00:00,226.0,3257.741,3257.74,3257.86,ETH
2026-01-07 07:18:47+00:00,227.0,3257.851,3257.78,3257.93,ETH
2026-01-07 07:18:48+00:00,228.0,3257.851,3257.78,3257.98,ETH
2026-01-07 07:18:49+00:00,229.0,3258.221,3258.1,3258.26,ETH
2026-01-07 07:18:50+00:00,230.0,3258.251,3258.09,3258.26,ETH
2026-01-07 07:18:51+00:00,231.0,3258.251,3258.15,3258.42,ETH
2026-01-07 07:18:52+00:00,232.0,3258.481,3258.28,3258.6,ETH
2026-01-07 07:18:53+00:00,233.0,3258.291,3258.26,3258.38,ETH
2026-01-07 07:18:54+00:00,234.0,3258.181,3258.14,3258.29,ETH
2026-01-07 07:18:55+00:00,235.0,3258.221,3258.17,3258.29,ETH
2026-01-07 07:18:56+00:00,236.0,3258.271,3258.21,3258.32,ETH
2026-01-07 07:18:57+00:00,237.0,3258.291,3258.21,3258.38,ETH
2026-01-07 07:18:58+00:00,238.0,3258.291,3258.17,3258.41,ETH
2026-01-07 07:18:59+00:00,239.0,3258.291,3258.17,3258.41,ETH
2026-01-07 07:19:00+00:00,240.0,3258.291,3258.17,3258.41,ETH
2026-01-07 07:19:01+00:00,241.0,3258.261,3258.18,3258.35,ETH
2026-01-07 07:19:02+00:00,242.0,3258.161,3258.11,3258.29,ETH
2026-01-07 07:19:03+00:00,243.0,3258.181,3258.13,3258.29,ETH
2026-01-07 07:19:04+00:00,244.0,3258.291,3258.16,3258.44,ETH
2026-01-07 07:19:05+00:00,245.0,3258.291,3258.17,3258.52,ETH
2026-01-07 07:19:06+00:00,246.0,3258.291,3258.23,3258.51,ETH
2026-01-07 07:19:07+00:00,247.0,3258.291,3258.23,3258.58,ETH
2026-01-07 07:19:08+00:00,248.0,3258.581,3258.41,3258.76,ETH
2026-01-07 07:19:09+00:00,249.0,3258.581,3258.51,3258.75,ETH
2026-01-07 07:19:10+00:00,250.0,3258.581,3258.51,3258.73,ETH
2026-01-07 07:19:11+00:00,251.0,3258.581,3258.49,3258.75,ETH
2026-01-07 07:19:12+00:00,252.0,3258.581,3258.49,3258.76,ETH
2026-01-07 07:19:13+00:00,253.0,3258.581,3258.49,3258.74,ETH
2026-01-07 07:19:14+00:00,254.0,3258.581,3258.5,3258.77,ETH
2026-01-07 07:19:15+00:00,255.0,3258.581,3258.52,3258.76,ETH
2026-01-07 07:19:16+00:00,256.0,3258.581,3258.53,3258.74,ETH
2026-01-07 07:19:17+00:00,257.0,3258.581,3258.53,3258.71,ETH
2026-01-07 07:19:18+00:00,258.0,3258.581,3258.49,3258.72,ETH
2026-01-07 07:19:19+00:00,259.0,3258.581,3258.49,3258.72,ETH
2026-01-07 07:19:20+00:00,260.0,3258.581,3258.49,3258.71,ETH
2026-01-07 07:19:21+00:00,261.0,3258.581,3258.49,3258.71,ETH
2026-01-07 07:19:22+00:00,262.0,3258.571,3258.49,3258.74,ETH
2026-01-07 07:19:23+00:00,263.0,3258.581,3258.49,3258.71,ETH
2026-01-07 07:19:24+00:00,264.0,3258.571,3258.49,3258.71,ETH
2026-01-07 07:19:25+00:00,265.0,3258.571,3258.49,3258.72,ETH
2026-01-07 07:19:26+00:00,266.0,3258.611,3258.51,3258.71,ETH
2026-01-07 07:19:28+00:00,268.0,3258.641,3258.53,3258.69,ETH
2026-01-07 07:19:29+00:00,269.0,3258.651,3258.55,3258.72,ETH
2026-01-07 07:19:30+00:00,270.0,3258.821,3258.55,3258.89,ETH
2026-01-07 07:19:31+00:00,271.0,3259.011,3258.89,3259.09,ETH
2026-01-07 07:19:32+00:00,272.0,3258.981,3258.92,3259.02,ETH
2026-01-07 07:19:33+00:00,273.0,3259.001,3258.93,3259.06,ETH
2026-01-07 07:19:34+00:00,274.0,3259.011,3258.94,3259.12,ETH
2026-01-07 07:19:35+00:00,275.0,3259.011,3258.94,3259.13,ETH
2026-01-07 07:19:36+00:00,276.0,3259.011,3258.93,3259.12,ETH
2026-01-07 07:19:37+00:00,277.0,3259.011,3258.94,3259.1,ETH
2026-01-07 07:19:38+00:00,278.0,3259.011,3258.94,3259.12,ETH
2026-01-07 07:19:39+00:00,279.0,3259.011,3258.93,3259.1,ETH
2026-01-07 07:19:40+00:00,280.0,3259.011,3258.93,3259.11,ETH
2026-01-07 07:19:41+00:00,281.0,3259.011,3258.95,3259.14,ETH
2026-01-07 07:19:42+00:00,282.0,3259.011,3258.95,3259.09,ETH
2026-01-07 07:19:43+00:00,283.0,3259.011,3258.95,3259.08,ETH
2026-01-07 07:19:44+00:00,284.0,3259.011,3258.95,3259.08,ETH
2026-01-07 07:19:45+00:00,285.0,3259.011,3258.95,3259.09,ETH
2026-01-07 07:19:46+00:00,286.0,3259.011,3258.95,3259.12,ETH
2026-01-07 07:19:47+00:00,287.0,3259.011,3258.95,3259.21,ETH
2026-01-07 07:19:48+00:00,288.0,3259.101,3258.95,3259.26,ETH
2026-01-07 07:19:49+00:00,289.0,3259.191,3259.01,3259.29,ETH
2026-01-07 07:19:50+00:00,290.0,3259.191,3259.06,3259.28,ETH
2026-01-07 07:19:51+00:00,291.0,3259.191,3259.06,3259.3,ETH
2026-01-07 07:19:52+00:00,292.0,3259.191,3259.06,3259.32,ETH
2026-01-07 07:19:53+00:00,293.0,3259.191,3259.07,3259.31,ETH
2026-01-07 07:19:54+00:00,294.0,3259.211,3259.07,3259.33,ETH
2026-01-07 07:19:55+00:00,295.0,3259.271,3259.09,3259.4,ETH
2026-01-07 07:19:56+00:00,296.0,3259.441,3259.23,3259.53,ETH
2026-01-07 07:19:57+00:00,297.0,3259.591,3259.37,3259.65,ETH
2026-01-07 07:19:58+00:00,298.0,3259.561,3259.38,3259.66,ETH
2026-01-07 07:19:59+00:00,299.0,3259.541,3259.39,3259.64,ETH
2026-01-07 07:20:00+00:00,300.0,3259.571,3259.41,3259.64,ETH
2026-01-07 07:20:01+00:00,301.0,3259.471,3259.38,3259.59,ETH
2026-01-07 07:20:02+00:00,302.0,3259.261,3259.24,3259.5,ETH
2026-01-07 07:20:03+00:00,303.0,3259.091,3259.03,3259.41,ETH
2026-01-07 07:20:04+00:00,304.0,3258.971,3258.9,3259.21,ETH
2026-01-07 07:20:05+00:00,305.0,3258.921,3258.86,3259.02,ETH
2026-01-07 07:20:06+00:00,306.0,3258.891,3258.84,3258.95,ETH
2026-01-07 07:20:07+00:00,307.0,3258.891,3258.82,3258.93,ETH
2026-01-07 07:20:08+00:00,308.0,3258.531,3258.4,3258.55,ETH
2026-01-07 07:20:10+00:00,310.0,3257.951,3257.9,3258.16,ETH
2026-01-07 07:20:11+00:00,311.0,3258.001,3257.94,3258.15,ETH
2026-01-07 07:20:12+00:00,312.0,3257.961,3257.92,3258.01,ETH
2026-01-07 07:20:13+00:00,313.0,3257.741,3257.74,3257.85,ETH
2026-01-07 07:20:14+00:00,314.0,3257.631,3257.6,3257.76,ETH
2026-01-07 07:20:15+00:00,315.0,3257.631,3257.57,3257.69,ETH
2026-01-07 07:20:16+00:00,316.0,3257.631,3257.58,3257.67,ETH
2026-01-07 07:20:17+00:00,317.0,3257.631,3257.58,3257.63,ETH
2026-01-07 07:20:18+00:00,318.0,3257.631,3257.58,3257.63,ETH
2026-01-07 07:20:19+00:00,319.0,3257.631,3257.58,3257.63,ETH
2026-01-07 07:20:20+00:00,320.0,3257.631,3257.58,3257.63,ETH
2026-01-07 07:20:21+00:00,321.0,3257.631,3257.58,3257.68,ETH
2026-01-07 07:20:22+00:00,322.0,3257.631,3257.58,3257.72,ETH
2026-01-07 07:20:23+00:00,323.0,3257.631,3257.58,3257.71,ETH
2026-01-07 07:20:24+00:00,324.0,3257.631,3257.58,3257.71,ETH
2026-01-07 07:20:25+00:00,325.0,3257.631,3257.58,3257.7,ETH
2026-01-07 07:20:26+00:00,326.0,3257.631,3257.58,3257.69,ETH
2026-01-07 07:20:27+00:00,327.0,3257.631,3257.58,3257.71,ETH
2026-01-07 07:20:28+00:00,328.0,3257.631,3257.58,3257.71,ETH
2026-01-07 07:20:29+00:00,329.0,3257.631,3257.57,3257.69,ETH
2026-01-07 07:20:30+00:00,330.0,3257.631,3257.57,3257.7,ETH
2026-01-07 07:20:31+00:00,331.0,3257.631,3257.57,3257.71,ETH
2026-01-07 07:20:32+00:00,332.0,3257.631,3257.57,3257.73,ETH
2026-01-07 07:20:33+00:00,333.0,3257.631,3257.57,3257.73,ETH
2026-01-07 07:20:34+00:00,334.0,3257.631,3257.57,3257.73,ETH
2026-01-07 07:20:35+00:00,335.0,3257.631,3257.57,3257.73,ETH
2026-01-07 07:20:36+00:00,336.0,3257.631,3257.58,3257.73,ETH
2026-01-07 07:20:37+00:00,337.0,3257.631,3257.58,3257.74,ETH
2026-01-07 07:20:38+00:00,338.0,3257.631,3257.58,3257.75,ETH
2026-01-07 07:20:39+00:00,339.0,3257.631,3257.58,3257.75,ETH
2026-01-07 07:20:40+00:00,340.0,3257.631,3257.58,3257.74,ETH
2026-01-07 07:20:41+00:00,341.0,3257.631,3257.58,3257.74,ETH
2026-01-07 07:20:42+00:00,342.0,3257.631,3257.59,3257.75,ETH
2026-01-07 07:20:43+00:00,343.0,3257.631,3257.59,3257.75,ETH
2026-01-07 07:20:44+00:00,344.0,3257.631,3257.59,3257.73,ETH
2026-01-07 07:20:45+00:00,345.0,3257.631,3257.59,3257.72,ETH
2026-01-07 07:20:46+00:00,346.0,3257.631,3257.58,3257.71,ETH
2026-01-07 07:20:47+00:00,347.0,3257.621,3257.56,3257.68,ETH
2026-01-07 07:20:48+00:00,348.0,3257.611,3257.56,3257.67,ETH
2026-01-07 07:20:49+00:00,349.0,3257.621,3257.57,3257.66,ETH
2026-01-07 07:20:50+00:00,350.0,3257.611,3257.57,3257.66,ETH
2026-01-07 07:20:51+00:00,351.0,3257.621,3257.57,3257.68,ETH
2026-01-07 07:20:52+00:00,352.0,3257.631,3257.58,3257.69,ETH
2026-01-07 07:20:53+00:00,353.0,3257.601,3257.55,3257.65,ETH
2026-01-07 07:20:54+00:00,354.0,3257.601,3257.55,3257.66,ETH
2026-01-07 07:20:55+00:00,355.0,3257.631,3257.59,3257.69,ETH
2026-01-07 07:20:56+00:00,356.0,3257.631,3257.58,3257.69,ETH
2026-01-07 07:20:57+00:00,357.0,3257.631,3257.58,3257.68,ETH
2026-01-07 07:20:58+00:00,358.0,3257.621,3257.56,3257.66,ETH
2026-01-07 07:20:59+00:00,359.0,3257.611,3257.55,3257.63,ETH
2026-01-07 07:21:00+00:00,360.0,3257.621,3257.57,3257.67,ETH
2026-01-07 07:21:01+00:00,361.0,3257.621,3257.57,3257.66,ETH
2026-01-07 07:21:02+00:00,362.0,3257.631,3257.59,3257.67,ETH
2026-01-07 07:21:03+00:00,363.0,3257.631,3257.56,3257.72,ETH
2026-01-07 07:21:04+00:00,364.0,3257.611,3257.56,3257.66,ETH
2026-01-07 07:21:05+00:00,365.0,3257.311,3257.3,3257.61,ETH
2026-01-07 07:21:06+00:00,366.0,3257.591,3257.5,3257.7,ETH
2026-01-07 07:21:07+00:00,367.0,3257.741,3257.64,3257.81,ETH
2026-01-07 07:21:08+00:00,368.0,3257.701,3257.66,3257.81,ETH
2026-01-07 07:21:09+00:00,369.0,3257.711,3257.65,3257.81,ETH
2026-01-07 07:21:10+00:00,370.0,3257.731,3257.65,3257.81,ETH
2026-01-07 07:21:11+00:00,371.0,3257.701,3257.63,3257.81,ETH
2026-01-07 07:21:12+00:00,372.0,3257.561,3257.52,3257.76,ETH
2026-01-07 07:21:13+00:00,373.0,3257.441,3257.44,3257.67,ETH
2026-01-07 07:21:14+00:00,374.0,3257.441,3257.44,3257.63,ETH
2026-01-07 07:21:15+00:00,375.0,3257.441,3257.44,3257.65,ETH
2026-01-07 07:21:16+00:00,376.0,3257.441,3257.44,3257.65,ETH
2026-01-07 07:21:17+00:00,377.0,3257.441,3257.44,3257.64,ETH
2026-01-07 07:21:18+00:00,378.0,3257.431,3257.42,3257.61,ETH
2026-01-07 07:21:19+00:00,379.0,3257.421,3257.41,3257.55,ETH
2026-01-07 07:21:20+00:00,380.0,3257.341,3257.33,3257.52,ETH
2026-01-07 07:21:21+00:00,381.0,3257.261,3257.25,3257.43,ETH
2026-01-07 07:21:22+00:00,382.0,3257.261,3257.25,3257.36,ETH
2026-01-07 07:21:23+00:00,383.0,3257.261,3257.25,3257.36,ETH
2026-01-07 07:21:24+00:00,384.0,3257.261,3257.25,3257.36,ETH
2026-01-07 07:21:25+00:00,385.0,3257.261,3257.25,3257.36,ETH
2026-01-07 07:21:26+00:00,386.0,3257.261,3257.25,3257.39,ETH
2026-01-07 07:21:27+00:00,387.0,3257.261,3257.25,3257.38,ETH
2026-01-07 07:21:28+00:00,388.0,3257.261,3257.25,3257.37,ETH
2026-01-07 07:21:29+00:00,389.0,3257.261,3257.25,3257.35,ETH
2026-01-07 07:21:30+00:00,390.0,3257.261,3257.25,3257.35,ETH
2026-01-07 07:21:31+00:00,391.0,3257.261,3257.25,3257.38,ETH
2026-01-07 07:21:32+00:00,392.0,3257.261,3257.25,3257.4,ETH
2026-01-07 07:21:33+00:00,393.0,3257.261,3257.25,3257.4,ETH
2026-01-07 07:21:34+00:00,394.0,3257.461,3257.4,3257.51,ETH
2026-01-07 07:21:35+00:00,395.0,3257.501,3257.45,3257.71,ETH
2026-01-07 07:21:36+00:00,396.0,3257.481,3257.43,3257.71,ETH
2026-01-07 07:21:37+00:00,397.0,3257.711,3257.65,3257.83,ETH
2026-01-07 07:21:38+00:00,398.0,3257.711,3257.64,3257.82,ETH
2026-01-07 07:21:39+00:00,399.0,3257.711,3257.64,3257.79,ETH
2026-01-07 07:21:40+00:00,400.0,3257.711,3257.64,3257.79,ETH
2026-01-07 07:21:41+00:00,401.0,3257.691,3257.62,3257.79,ETH
2026-01-07 07:21:42+00:00,402.0,3257.521,3257.52,3257.78,ETH
2026-01-07 07:21:43+00:00,403.0,3257.521,3257.52,3257.88,ETH
2026-01-07 07:21:44+00:00,404.0,3257.521,3257.52,3257.7,ETH
2026-01-07 07:21:45+00:00,405.0,3257.521,3257.52,3257.7,ETH
2026-01-07 07:21:46+00:00,406.0,3257.631,3257.58,3257.71,ETH
2026-01-07 07:21:47+00:00,407.0,3257.631,3257.58,3257.71,ETH
2026-01-07 07:21:48+00:00,408.0,3257.611,3257.55,3257.76,ETH
2026-01-07 07:21:49+00:00,409.0,3257.651,3257.61,3257.74,ETH
2026-01-07 07:21:50+00:00,410.0,3257.681,3257.63,3257.8,ETH
2026-01-07 07:21:51+00:00,411.0,3257.711,3257.66,3257.8,ETH
2026-01-07 07:21:52+00:00,412.0,3257.701,3257.66,3257.8,ETH
2026-01-07 07:21:53+00:00,413.0,3257.741,3257.66,3257.8,ETH
2026-01-07 07:21:54+00:00,414.0,3257.751,3257.67,3257.8,ETH
2026-01-07 07:21:55+00:00,415.0,3257.761,3257.67,3257.81,ETH
2026-01-07 07:21:56+00:00,416.0,3257.701,3257.66,3257.79,ETH
2026-01-07 07:21:57+00:00,417.0,3257.701,3257.64,3257.85,ETH
2026-01-07 07:21:58+00:00,418.0,3257.691,3257.64,3257.74,ETH
2026-01-07 07:21:59+00:00,419.0,3257.701,3257.64,3257.76,ETH
2026-01-07 07:22:00+00:00,420.0,3257.531,3257.53,3257.76,ETH
2026-01-07 07:22:01+00:00,421.0,3257.531,3257.53,3257.77,ETH
2026-01-07 07:22:02+00:00,422.0,3257.531,3257.53,3257.75,ETH
2026-01-07 07:22:03+00:00,423.0,3257.661,3257.61,3257.75,ETH
2026-01-07 07:22:04+00:00,424.0,3257.711,3257.62,3257.77,ETH
2026-01-07 07:22:05+00:00,425.0,3257.701,3257.66,3257.8,ETH
2026-01-07 07:22:06+00:00,426.0,3257.701,3257.66,3257.74,ETH
2026-01-07 07:22:07+00:00,427.0,3257.701,3257.64,3257.74,ETH
2026-01-07 07:22:08+00:00,428.0,3257.701,3257.64,3257.75,ETH
2026-01-07 07:22:09+00:00,429.0,3257.731,3257.67,3257.9,ETH
2026-01-07 07:22:10+00:00,430.0,3257.741,3257.7,3257.9,ETH
2026-01-07 07:22:11+00:00,431.0,3257.761,3257.7,3257.9,ETH
2026-01-07 07:22:12+00:00,432.0,3257.761,3257.7,3257.89,ETH
2026-01-07 07:22:13+00:00,433.0,3257.751,3257.7,3257.89,ETH
2026-01-07 07:22:14+00:00,434.0,3257.761,3257.7,3257.82,ETH
2026-01-07 07:22:15+00:00,435.0,3257.751,3257.7,3257.82,ETH
2026-01-07 07:22:16+00:00,436.0,3257.761,3257.72,3257.88,ETH
2026-01-07 07:22:17+00:00,437.0,3257.741,3257.7,3257.8,ETH
2026-01-07 07:22:18+00:00,438.0,3257.741,3257.68,3257.8,ETH
2026-01-07 07:22:19+00:00,439.0,3257.721,3257.68,3257.78,ETH
2026-01-07 07:22:20+00:00,440.0,3257.711,3257.67,3257.75,ETH
2026-01-07 07:22:21+00:00,441.0,3257.711,3257.67,3257.75,ETH
2026-01-07 07:22:22+00:00,442.0,3257.691,3257.65,3257.75,ETH
2026-01-07 07:22:23+00:00,443.0,3257.631,3257.63,3257.7,ETH
2026-01-07 07:22:24+00:00,444.0,3257.631,3257.61,3257.7,ETH
2026-01-07 07:22:25+00:00,445.0,3257.481,3257.43,3257.56,ETH
2026-01-07 07:22:26+00:00,446.0,3257.511,3257.45,3257.58,ETH
2026-01-07 07:22:27+00:00,447.0,3257.461,3257.41,3257.56,ETH
2026-01-07 07:22:28+00:00,448.0,3257.501,3257.46,3257.56,ETH
2026-01-07 07:22:29+00:00,449.0,3257.511,3257.48,3257.56,ETH
2026-01-07 07:22:30+00:00,450.0,3257.421,3257.41,3257.64,ETH
2026-01-07 07:22:31+00:00,451.0,3257.441,3257.42,3257.54,ETH
2026-01-07 07:22:32+00:00,452.0,3257.411,3257.35,3257.55,ETH
2026-01-07 07:22:33+00:00,453.0,3257.401,3257.39,3257.55,ETH
2026-01-07 07:22:34+00:00,454.0,3257.271,3257.26,3257.41,ETH
2026-01-07 07:22:35+00:00,455.0,3257.121,3257.0,3257.31,ETH
2026-01-07 07:22:36+00:00,456.0,3257.111,3256.88,3257.37,ETH
2026-01-07 07:22:37+00:00,457.0,3257.041,3256.8,3257.33,ETH
2026-01-07 07:22:38+00:00,458.0,3256.971,3256.71,3257.2,ETH
2026-01-07 07:22:39+00:00,459.0,3256.971,3256.69,3257.09,ETH
2026-01-07 07:22:40+00:00,460.0,3256.971,3256.69,3257.06,ETH
2026-01-07 07:22:41+00:00,461.0,3256.971,3256.7,3257.06,ETH
2026-01-07 07:22:42+00:00,462.0,3256.971,3256.69,3257.06,ETH
2026-01-07 07:22:43+00:00,463.0,3256.971,3256.69,3257.07,ETH
2026-01-07 07:22:45+00:00,465.0,3256.971,3256.69,3257.1,ETH
2026-01-07 07:22:46+00:00,466.0,3256.961,3256.68,3257.05,ETH
2026-01-07 07:22:47+00:00,467.0,3256.961,3256.68,3257.0,ETH
2026-01-07 07:22:48+00:00,468.0,3256.961,3256.69,3257.04,ETH
2026-01-07 07:22:49+00:00,469.0,3256.961,3256.66,3257.06,ETH
2026-01-07 07:22:50+00:00,470.0,3256.941,3256.66,3256.98,ETH
2026-01-07 07:22:51+00:00,471.0,3256.911,3256.69,3256.96,ETH
2026-01-07 07:22:52+00:00,472.0,3256.811,3256.66,3256.96,ETH
2026-01-07 07:22:53+00:00,473.0,3256.651,3256.62,3256.96,ETH
2026-01-07 07:22:54+00:00,474.0,3256.651,3256.62,3256.96,ETH
2026-01-07 07:22:55+00:00,475.0,3256.641,3256.59,3256.96,ETH
2026-01-07 07:22:56+00:00,476.0,3256.641,3256.59,3256.96,ETH
2026-01-07 07:22:57+00:00,477.0,3256.581,3256.54,3256.96,ETH
2026-01-07 07:22:58+00:00,478.0,3256.581,3256.54,3256.96,ETH
2026-01-07 07:22:59+00:00,479.0,3256.731,3256.65,3257.01,ETH
2026-01-07 07:23:00+00:00,480.0,3256.911,3256.77,3257.09,ETH
2026-01-07 07:23:01+00:00,481.0,3256.981,3256.8,3257.13,ETH
2026-01-07 07:23:02+00:00,482.0,3256.991,3256.8,3257.13,ETH
2026-01-07 07:23:03+00:00,483.0,3256.961,3256.79,3257.13,ETH
2026-01-07 07:23:04+00:00,484.0,3256.851,3256.71,3257.02,ETH
2026-01-07 07:23:05+00:00,485.0,3256.781,3256.65,3256.88,ETH
2026-01-07 07:23:06+00:00,486.0,3256.811,3256.65,3256.87,ETH
2026-01-07 07:23:07+00:00,487.0,3256.821,3256.65,3256.9,ETH
2026-01-07 07:23:08+00:00,488.0,3256.841,3256.66,3256.9,ETH
2026-01-07 07:23:09+00:00,489.0,3256.881,3256.65,3256.93,ETH
2026-01-07 07:23:11+00:00,491.0,3256.881,3256.65,3256.92,ETH
2026-01-07 07:23:12+00:00,492.0,3256.661,3256.39,3256.84,ETH
2026-01-07 07:23:13+00:00,493.0,3256.221,3256.15,3256.26,ETH
2026-01-07 07:23:14+00:00,494.0,3256.221,3256.15,3256.26,ETH
2026-01-07 07:23:15+00:00,495.0,3256.181,3256.13,3256.22,ETH
2026-01-07 07:23:16+00:00,496.0,3256.081,3256.07,3256.2,ETH
2026-01-07 07:23:17+00:00,497.0,3255.921,3255.88,3255.96,ETH
2026-01-07 07:23:18+00:00,498.0,3255.921,3255.88,3255.95,ETH
2026-01-07 07:23:19+00:00,499.0,3255.921,3255.88,3255.96,ETH
2026-01-07 07:23:20+00:00,500.0,3255.921,3255.88,3255.96,ETH
2026-01-07 07:23:21+00:00,501.0,3255.931,3255.91,3255.98,ETH
2026-01-07 07:23:22+00:00,502.0,3255.931,3255.9,3255.96,ETH
2026-01-07 07:23:23+00:00,503.0,3255.911,3255.86,3256.08,ETH
2026-01-07 07:23:24+00:00,504.0,3255.921,3255.88,3256.08,ETH
2026-01-07 07:23:25+00:00,505.0,3255.931,3255.89,3256.08,ETH
2026-01-07 07:23:26+00:00,506.0,3255.931,3255.89,3256.08,ETH
2026-01-07 07:23:27+00:00,507.0,3255.931,3255.88,3256.08,ETH
2026-01-07 07:23:28+00:00,508.0,3255.921,3255.87,3256.08,ETH
2026-01-07 07:23:29+00:00,509.0,3255.921,3255.87,3256.08,ETH
2026-01-07 07:23:30+00:00,510.0,3255.921,3255.87,3256.08,ETH
2026-01-07 07:23:31+00:00,511.0,3255.921,3255.88,3256.08,ETH
2026-01-07 07:23:32+00:00,512.0,3255.921,3255.88,3256.08,ETH
2026-01-07 07:23:33+00:00,513.0,3255.931,3255.89,3256.08,ETH
2026-01-07 07:23:34+00:00,514.0,3255.921,3255.87,3256.08,ETH
2026-01-07 07:23:35+00:00,515.0,3255.891,3255.84,3256.08,ETH
2026-01-07 07:23:36+00:00,516.0,3255.871,3255.83,3256.08,ETH
2026-01-07 07:23:37+00:00,517.0,3255.861,3255.82,3256.08,ETH
2026-01-07 07:23:38+00:00,518.0,3255.901,3255.84,3256.08,ETH
2026-01-07 07:23:39+00:00,519.0,3255.961,3255.91,3256.08,ETH
2026-01-07 07:23:40+00:00,520.0,3256.151,3256.08,3256.26,ETH
2026-01-07 07:23:41+00:00,521.0,3256.311,3256.23,3256.44,ETH
2026-01-07 07:23:42+00:00,522.0,3256.311,3256.24,3256.44,ETH
2026-01-07 07:23:43+00:00,523.0,3256.311,3256.24,3256.45,ETH
2026-01-07 07:23:44+00:00,524.0,3256.401,3256.25,3256.54,ETH
2026-01-07 07:23:45+00:00,525.0,3256.691,3256.5,3256.8,ETH
2026-01-07 07:23:46+00:00,526.0,3256.871,3256.78,3256.94,ETH
2026-01-07 07:23:47+00:00,527.0,3256.851,3256.79,3256.94,ETH
2026-01-07 07:23:48+00:00,528.0,3256.911,3256.79,3256.95,ETH
2026-01-07 07:23:49+00:00,529.0,3256.941,3256.79,3257.09,ETH
2026-01-07 07:23:50+00:00,530.0,3256.981,3256.87,3257.09,ETH
2026-01-07 07:23:51+00:00,531.0,3256.981,3256.87,3257.09,ETH
2026-01-07 07:23:52+00:00,532.0,3256.981,3256.87,3257.09,ETH
2026-01-07 07:23:53+00:00,533.0,3256.991,3256.87,3257.09,ETH
2026-01-07 07:23:54+00:00,534.0,3256.991,3256.88,3257.09,ETH
2026-01-07 07:23:55+00:00,535.0,3257.001,3256.9,3257.09,ETH
2026-01-07 07:23:56+00:00,536.0,3257.001,3256.9,3257.06,ETH
2026-01-07 07:23:57+00:00,537.0,3257.001,3256.9,3257.06,ETH
2026-01-07 07:23:58+00:00,538.0,3257.141,3256.9,3257.21,ETH
2026-01-07 07:23:59+00:00,539.0,3257.031,3256.92,3257.17,ETH
2026-01-07 07:24:00+00:00,540.0,3257.121,3256.9,3257.17,ETH
2026-01-07 07:24:01+00:00,541.0,3257.021,3256.89,3257.14,ETH
2026-01-07 07:24:02+00:00,542.0,3257.081,3256.93,3257.23,ETH
2026-01-07 07:24:03+00:00,543.0,3257.081,3256.93,3257.19,ETH
2026-01-07 07:24:04+00:00,544.0,3257.081,3256.93,3257.2,ETH
2026-01-07 07:24:05+00:00,545.0,3257.081,3256.94,3257.21,ETH
2026-01-07 07:24:06+00:00,546.0,3257.281,3256.94,3257.39,ETH
2026-01-07 07:24:07+00:00,547.0,3257.691,3257.51,3257.69,ETH
2026-01-07 07:24:08+00:00,548.0,3257.691,3257.58,3257.81,ETH
2026-01-07 07:24:09+00:00,549.0,3257.691,3257.58,3257.78,ETH
2026-01-07 07:24:10+00:00,550.0,3257.611,3257.48,3257.65,ETH
2026-01-07 07:24:11+00:00,551.0,3257.561,3257.46,3257.66,ETH
2026-01-07 07:24:12+00:00,552.0,3257.561,3257.46,3257.67,ETH
2026-01-07 07:24:13+00:00,553.0,3257.561,3257.47,3257.73,ETH
2026-01-07 07:24:14+00:00,554.0,3257.561,3257.47,3257.71,ETH
2026-01-07 07:24:15+00:00,555.0,3257.561,3257.47,3257.7,ETH
2026-01-07 07:24:16+00:00,556.0,3257.561,3257.48,3257.75,ETH
2026-01-07 07:24:17+00:00,557.0,3257.561,3257.49,3257.75,ETH
2026-01-07 07:24:19+00:00,559.0,3257.831,3257.65,3257.97,ETH
2026-01-07 07:24:20+00:00,560.0,3257.951,3257.65,3257.99,ETH
2026-01-07 07:24:21+00:00,561.0,3258.121,3257.91,3258.19,ETH
2026-01-07 07:24:22+00:00,562.0,3258.121,3257.94,3258.22,ETH
2026-01-07 07:24:23+00:00,563.0,3258.111,3257.89,3258.15,ETH
2026-01-07 07:24:24+00:00,564.0,3258.091,3257.86,3258.19,ETH
2026-01-07 07:24:25+00:00,565.0,3257.961,3257.79,3258.23,ETH
2026-01-07 07:24:26+00:00,566.0,3257.911,3257.76,3257.96,ETH
2026-01-07 07:24:27+00:00,567.0,3257.831,3257.57,3257.88,ETH
2026-01-07 07:24:28+00:00,568.0,3257.871,3257.6,3257.92,ETH
2026-01-07 07:24:29+00:00,569.0,3257.701,3257.6,3257.75,ETH
2026-01-07 07:24:30+00:00,570.0,3257.701,3257.53,3257.76,ETH
2026-01-07 07:24:31+00:00,571.0,3257.701,3257.53,3257.88,ETH
2026-01-07 07:24:32+00:00,572.0,3257.701,3257.53,3257.89,ETH
2026-01-07 07:24:33+00:00,573.0,3257.791,3257.56,3257.88,ETH
2026-01-07 07:24:34+00:00,574.0,3257.791,3257.55,3257.89,ETH
2026-01-07 07:24:35+00:00,575.0,3257.701,3257.54,3257.87,ETH
2026-01-07 07:24:36+00:00,576.0,3257.701,3257.52,3257.86,ETH
2026-01-07 07:24:37+00:00,577.0,3257.701,3257.52,3257.86,ETH
2026-01-07 07:24:38+00:00,578.0,3257.701,3257.52,3257.85,ETH
2026-01-07 07:24:39+00:00,579.0,3257.701,3257.52,3257.86,ETH
2026-01-07 07:24:40+00:00,580.0,3257.701,3257.53,3257.86,ETH
2026-01-07 07:24:41+00:00,581.0,3257.741,3257.53,3257.9,ETH
2026-01-07 07:24:42+00:00,582.0,3257.791,3257.54,3257.93,ETH
2026-01-07 07:24:43+00:00,583.0,3257.791,3257.56,3257.93,ETH
2026-01-07 07:24:44+00:00,584.0,3257.791,3257.56,3257.93,ETH
2026-01-07 07:24:45+00:00,585.0,3257.791,3257.56,3257.92,ETH
2026-01-07 07:24:46+00:00,586.0,3257.791,3257.55,3257.91,ETH
2026-01-07 07:24:47+00:00,587.0,3257.771,3257.55,3257.91,ETH
2026-01-07 07:24:48+00:00,588.0,3257.751,3257.54,3257.92,ETH
2026-01-07 07:24:49+00:00,589.0,3257.731,3257.53,3257.94,ETH
2026-01-07 07:24:50+00:00,590.0,3257.701,3257.51,3257.92,ETH
2026-01-07 07:24:51+00:00,591.0,3257.691,3257.48,3257.88,ETH
2026-01-07 07:24:52+00:00,592.0,3257.691,3257.48,3257.88,ETH
2026-01-07 07:24:53+00:00,593.0,3257.691,3257.47,3257.88,ETH
2026-01-07 07:24:54+00:00,594.0,3257.691,3257.48,3257.88,ETH
2026-01-07 07:24:55+00:00,595.0,3257.691,3257.48,3257.87,ETH
2026-01-07 07:24:56+00:00,596.0,3257.691,3257.48,3257.86,ETH
2026-01-07 07:24:57+00:00,597.0,3257.691,3257.48,3257.86,ETH
2026-01-07 07:24:58+00:00,598.0,3257.691,3257.48,3257.86,ETH
2026-01-07 07:24:59+00:00,599.0,3257.691,3257.48,3257.85,ETH
2026-01-07 07:25:00+00:00,600.0,3257.691,3257.48,3257.88,ETH
2026-01-07 07:25:01+00:00,601.0,3257.701,3257.48,3257.88,ETH
2026-01-07 07:25:02+00:00,602.0,3257.701,3257.49,3257.83,ETH
2026-01-07 07:25:03+00:00,603.0,3257.701,3257.49,3257.96,ETH
2026-01-07 07:25:04+00:00,604.0,3257.751,3257.54,3257.89,ETH
2026-01-07 07:25:05+00:00,605.0,3257.751,3257.6,3257.92,ETH
2026-01-07 07:25:06+00:00,606.0,3257.751,3257.6,3257.95,ETH
2026-01-07 07:25:07+00:00,607.0,3257.751,3257.6,3257.85,ETH
2026-01-07 07:25:08+00:00,608.0,3257.751,3257.6,3257.95,ETH
2026-01-07 07:25:09+00:00,609.0,3258.081,3257.91,3258.12,ETH
2026-01-07 07:25:10+00:00,610.0,3258.081,3257.92,3258.17,ETH
2026-01-07 07:25:11+00:00,611.0,3258.081,3257.92,3258.14,ETH
2026-01-07 07:25:12+00:00,612.0,3258.071,3257.88,3258.11,ETH
2026-01-07 07:25:13+00:00,613.0,3257.551,3257.54,3257.56,ETH
2026-01-07 07:25:14+00:00,614.0,3257.171,3257.09,3257.27,ETH
2026-01-07 07:25:15+00:00,615.0,3257.021,3256.95,3257.05,ETH
2026-01-07 07:25:16+00:00,616.0,3256.941,3256.91,3256.95,ETH
2026-01-07 07:25:17+00:00,617.0,3256.801,3256.76,3256.87,ETH
2026-01-07 07:25:18+00:00,618.0,3256.631,3256.59,3256.8,ETH
2026-01-07 07:25:19+00:00,619.0,3256.601,3256.56,3256.81,ETH
2026-01-07 07:25:20+00:00,620.0,3256.591,3256.54,3256.81,ETH
2026-01-07 07:25:21+00:00,621.0,3256.581,3256.54,3256.8,ETH
2026-01-07 07:25:22+00:00,622.0,3256.561,3256.53,3256.8,ETH
2026-01-07 07:25:23+00:00,623.0,3256.551,3256.52,3256.8,ETH
2026-01-07 07:25:24+00:00,624.0,3256.541,3256.51,3256.79,ETH
2026-01-07 07:25:25+00:00,625.0,3256.671,3256.61,3256.79,ETH
2026-01-07 07:25:26+00:00,626.0,3256.801,3256.73,3256.81,ETH
2026-01-07 07:25:27+00:00,627.0,3256.661,3256.61,3256.79,ETH
2026-01-07 07:25:28+00:00,628.0,3256.521,3256.49,3256.79,ETH
2026-01-07 07:25:29+00:00,629.0,3256.541,3256.5,3256.8,ETH
2026-01-07 07:25:30+00:00,630.0,3256.561,3256.52,3256.8,ETH
2026-01-07 07:25:31+00:00,631.0,3256.571,3256.52,3256.8,ETH
2026-01-07 07:25:32+00:00,632.0,3256.541,3256.5,3256.76,ETH
2026-01-07 07:25:33+00:00,633.0,3256.531,3256.49,3256.76,ETH
2026-01-07 07:25:34+00:00,634.0,3256.531,3256.49,3256.81,ETH
2026-01-07 07:25:35+00:00,635.0,3256.481,3256.44,3256.8,ETH
2026-01-07 07:25:36+00:00,636.0,3256.441,3256.41,3256.79,ETH
2026-01-07 07:25:37+00:00,637.0,3256.471,3256.43,3256.79,ETH
2026-01-07 07:25:38+00:00,638.0,3256.471,3256.42,3256.8,ETH
2026-01-07 07:25:39+00:00,639.0,3256.471,3256.42,3256.8,ETH
2026-01-07 07:25:40+00:00,640.0,3256.511,3256.47,3256.8,ETH
2026-01-07 07:25:41+00:00,641.0,3256.871,3256.73,3257.03,ETH
2026-01-07 07:25:42+00:00,642.0,3257.201,3257.02,3257.24,ETH
2026-01-07 07:25:43+00:00,643.0,3257.201,3257.08,3257.27,ETH
2026-01-07 07:25:44+00:00,644.0,3257.241,3257.09,3257.29,ETH
2026-01-07 07:25:45+00:00,645.0,3257.241,3257.08,3257.28,ETH
2026-01-07 07:25:46+00:00,646.0,3257.241,3257.09,3257.28,ETH
2026-01-07 07:25:47+00:00,647.0,3257.241,3257.09,3257.42,ETH
2026-01-07 07:25:48+00:00,648.0,3257.121,3257.09,3257.5,ETH
2026-01-07 07:25:49+00:00,649.0,3257.121,3257.07,3257.32,ETH
2026-01-07 07:25:50+00:00,650.0,3257.121,3257.08,3257.27,ETH
2026-01-07 07:25:51+00:00,651.0,3257.131,3257.08,3257.29,ETH
2026-01-07 07:25:52+00:00,652.0,3257.121,3257.09,3257.24,ETH
2026-01-07 07:25:53+00:00,653.0,3257.121,3257.09,3257.37,ETH
2026-01-07 07:25:54+00:00,654.0,3257.121,3257.08,3257.39,ETH
2026-01-07 07:25:55+00:00,655.0,3257.121,3257.08,3257.37,ETH
2026-01-07 07:25:56+00:00,656.0,3257.121,3257.08,3257.37,ETH
2026-01-07 07:25:57+00:00,657.0,3257.121,3257.08,3257.27,ETH
2026-01-07 07:25:58+00:00,658.0,3257.121,3257.09,3257.23,ETH
2026-01-07 07:25:59+00:00,659.0,3257.121,3257.09,3257.22,ETH
2026-01-07 07:26:00+00:00,660.0,3257.121,3257.09,3257.2,ETH
2026-01-07 07:26:01+00:00,661.0,3257.121,3257.09,3257.26,ETH
2026-01-07 07:26:02+00:00,662.0,3257.121,3257.08,3257.26,ETH
2026-01-07 07:26:03+00:00,663.0,3257.121,3257.08,3257.28,ETH
2026-01-07 07:26:04+00:00,664.0,3257.121,3257.08,3257.33,ETH
2026-01-07 07:26:05+00:00,665.0,3257.121,3257.08,3257.33,ETH
2026-01-07 07:26:06+00:00,666.0,3257.121,3257.08,3257.3,ETH
2026-01-07 07:26:07+00:00,667.0,3257.251,3257.11,3257.28,ETH
2026-01-07 07:26:08+00:00,668.0,3257.251,3257.17,3257.3,ETH
2026-01-07 07:26:09+00:00,669.0,3257.251,3257.17,3257.34,ETH
2026-01-07 07:26:10+00:00,670.0,3257.251,3257.17,3257.31,ETH
2026-01-07 07:26:11+00:00,671.0,3257.441,3257.12,3257.48,ETH
2026-01-07 07:26:12+00:00,672.0,3257.461,3257.28,3257.53,ETH
2026-01-07 07:26:13+00:00,673.0,3257.461,3257.29,3257.5,ETH
2026-01-07 07:26:14+00:00,674.0,3257.431,3257.29,3257.48,ETH
2026-01-07 07:26:15+00:00,675.0,3257.431,3257.29,3257.48,ETH
2026-01-07 07:26:16+00:00,676.0,3257.421,3257.29,3257.47,ETH
2026-01-07 07:26:17+00:00,677.0,3257.431,3257.29,3257.47,ETH
2026-01-07 07:26:18+00:00,678.0,3257.431,3257.29,3257.47,ETH
2026-01-07 07:26:19+00:00,679.0,3257.421,3257.3,3257.47,ETH
2026-01-07 07:26:20+00:00,680.0,3257.441,3257.34,3257.48,ETH
2026-01-07 07:26:21+00:00,681.0,3257.431,3257.3,3257.48,ETH
2026-01-07 07:26:22+00:00,682.0,3257.381,3257.27,3257.47,ETH
2026-01-07 07:26:23+00:00,683.0,3257.421,3257.28,3257.47,ETH
2026-01-07 07:26:24+00:00,684.0,3257.171,3257.17,3257.28,ETH
2026-01-07 07:26:25+00:00,685.0,3257.171,3257.16,3257.34,ETH
2026-01-07 07:26:26+00:00,686.0,3257.171,3257.14,3257.23,ETH
2026-01-07 07:26:27+00:00,687.0,3257.171,3257.15,3257.24,ETH
2026-01-07 07:26:28+00:00,688.0,3257.171,3257.15,3257.23,ETH
2026-01-07 07:26:29+00:00,689.0,3257.171,3257.13,3257.21,ETH
2026-01-07 07:26:30+00:00,690.0,3257.171,3257.15,3257.21,ETH
2026-01-07 07:26:31+00:00,691.0,3257.171,3257.14,3257.22,ETH
2026-01-07 07:26:32+00:00,692.0,3257.171,3257.14,3257.2,ETH
2026-01-07 07:26:33+00:00,693.0,3256.691,3256.68,3256.93,ETH
2026-01-07 07:26:34+00:00,694.0,3256.691,3256.69,3256.93,ETH
2026-01-07 07:26:35+00:00,695.0,3256.761,3256.76,3256.92,ETH
2026-01-07 07:26:36+00:00,696.0,3256.921,3256.87,3257.0,ETH
2026-01-07 07:26:37+00:00,697.0,3256.961,3256.9,3257.05,ETH
2026-01-07 07:26:38+00:00,698.0,3256.921,3256.88,3257.01,ETH
2026-01-07 07:26:39+00:00,699.0,3256.951,3256.9,3257.01,ETH
2026-01-07 07:26:40+00:00,700.0,3256.961,3256.91,3257.01,ETH
2026-01-07 07:26:41+00:00,701.0,3256.961,3256.89,3257.01,ETH
2026-01-07 07:26:42+00:00,702.0,3256.961,3256.88,3257.01,ETH
2026-01-07 07:26:43+00:00,703.0,3256.951,3256.88,3257.01,ETH
2026-01-07 07:26:44+00:00,704.0,3256.941,3256.88,3257.01,ETH
2026-01-07 07:26:45+00:00,705.0,3256.951,3256.88,3257.01,ETH
2026-01-07 07:26:46+00:00,706.0,3256.941,3256.88,3257.0,ETH
2026-01-07 07:26:47+00:00,707.0,3256.941,3256.89,3257.0,ETH
2026-01-07 07:26:48+00:00,708.0,3256.931,3256.89,3257.0,ETH
2026-01-07 07:26:49+00:00,709.0,3256.931,3256.88,3257.0,ETH
2026-01-07 07:26:50+00:00,710.0,3256.931,3256.88,3257.0,ETH
2026-01-07 07:26:51+00:00,711.0,3256.941,3256.88,3257.0,ETH
2026-01-07 07:26:52+00:00,712.0,3256.961,3256.89,3257.01,ETH
2026-01-07 07:26:53+00:00,713.0,3256.971,3256.89,3257.01,ETH
2026-01-07 07:26:54+00:00,714.0,3257.011,3256.95,3257.06,ETH
2026-01-07 07:26:55+00:00,715.0,3257.051,3257.02,3257.12,ETH
2026-01-07 07:26:56+00:00,716.0,3257.071,3257.05,3257.15,ETH
2026-01-07 07:26:57+00:00,717.0,3257.091,3257.08,3257.16,ETH
2026-01-07 07:26:58+00:00,718.0,3257.091,3257.06,3257.15,ETH
2026-01-07 07:26:59+00:00,719.0,3257.091,3257.04,3257.14,ETH
2026-01-07 07:27:00+00:00,720.0,3257.081,3257.03,3257.13,ETH
2026-01-07 07:27:01+00:00,721.0,3257.041,3257.01,3257.09,ETH
2026-01-07 07:27:02+00:00,722.0,3256.861,3256.85,3256.99,ETH
2026-01-07 07:27:03+00:00,723.0,3256.701,3256.69,3256.92,ETH
2026-01-07 07:27:04+00:00,724.0,3256.701,3256.69,3256.94,ETH
2026-01-07 07:27:05+00:00,725.0,3256.701,3256.69,3256.96,ETH
2026-01-07 07:27:07+00:00,727.0,3256.791,3256.78,3256.95,ETH
2026-01-07 07:27:08+00:00,728.0,3256.791,3256.78,3256.94,ETH
2026-01-07 07:27:09+00:00,729.0,3256.791,3256.78,3256.94,ETH
2026-01-07 07:27:10+00:00,730.0,3256.791,3256.78,3256.9,ETH
2026-01-07 07:27:11+00:00,731.0,3256.791,3256.78,3256.9,ETH
2026-01-07 07:27:12+00:00,732.0,3257.021,3256.92,3257.06,ETH
2026-01-07 07:27:13+00:00,733.0,3257.061,3257.02,3257.07,ETH
2026-01-07 07:27:14+00:00,734.0,3256.961,3256.92,3257.21,ETH
2026-01-07 07:27:15+00:00,735.0,3257.011,3256.97,3257.22,ETH
2026-01-07 07:27:16+00:00,736.0,3256.991,3256.96,3257.22,ETH
2026-01-07 07:27:17+00:00,737.0,3257.041,3256.99,3257.38,ETH
2026-01-07 07:27:18+00:00,738.0,3257.291,3257.22,3257.65,ETH
2026-01-07 07:27:19+00:00,739.0,3257.351,3257.31,3257.65,ETH
2026-01-07 07:27:20+00:00,740.0,3257.411,3257.38,3257.65,ETH
2026-01-07 07:27:21+00:00,741.0,3257.431,3257.36,3257.65,ETH
2026-01-07 07:27:22+00:00,742.0,3257.491,3257.45,3257.65,ETH
2026-01-07 07:27:23+00:00,743.0,3257.491,3257.45,3257.65,ETH
2026-01-07 07:27:24+00:00,744.0,3257.491,3257.45,3257.65,ETH
2026-01-07 07:27:26+00:00,746.0,3257.501,3257.46,3257.65,ETH
2026-01-07 07:27:27+00:00,747.0,3257.651,3257.53,3257.75,ETH
2026-01-07 07:27:28+00:00,748.0,3257.581,3257.5,3257.73,ETH
2026-01-07 07:27:29+00:00,749.0,3257.651,3257.53,3257.8,ETH
2026-01-07 07:27:30+00:00,750.0,3257.641,3257.53,3257.79,ETH
2026-01-07 07:27:31+00:00,751.0,3257.641,3257.5,3257.76,ETH
2026-01-07 07:27:32+00:00,752.0,3257.641,3257.5,3257.72,ETH
2026-01-07 07:27:33+00:00,753.0,3257.641,3257.5,3257.65,ETH
2026-01-07 07:27:34+00:00,754.0,3257.641,3257.5,3257.72,ETH
2026-01-07 07:27:35+00:00,755.0,3257.641,3257.5,3257.7,ETH
2026-01-07 07:27:36+00:00,756.0,3257.661,3257.5,3257.71,ETH
2026-01-07 07:27:37+00:00,757.0,3257.661,3257.5,3257.75,ETH
2026-01-07 07:27:38+00:00,758.0,3257.661,3257.51,3257.77,ETH
2026-01-07 07:27:39+00:00,759.0,3257.661,3257.5,3257.76,ETH
2026-01-07 07:27:40+00:00,760.0,3257.661,3257.5,3257.76,ETH
2026-01-07 07:27:41+00:00,761.0,3257.661,3257.5,3257.78,ETH
2026-01-07 07:27:42+00:00,762.0,3257.661,3257.5,3257.78,ETH
2026-01-07 07:27:43+00:00,763.0,3257.661,3257.5,3257.78,ETH
2026-01-07 07:27:44+00:00,764.0,3257.661,3257.5,3257.76,ETH
2026-01-07 07:27:45+00:00,765.0,3257.661,3257.5,3257.76,ETH
2026-01-07 07:27:46+00:00,766.0,3257.661,3257.53,3257.83,ETH
2026-01-07 07:27:47+00:00,767.0,3257.661,3257.53,3257.89,ETH
2026-01-07 07:27:48+00:00,768.0,3257.661,3257.52,3257.87,ETH
2026-01-07 07:27:49+00:00,769.0,3257.661,3257.52,3257.86,ETH
2026-01-07 07:27:50+00:00,770.0,3257.661,3257.52,3257.84,ETH
2026-01-07 07:27:51+00:00,771.0,3257.661,3257.52,3257.83,ETH
2026-01-07 07:27:52+00:00,772.0,3257.661,3257.52,3257.82,ETH
2026-01-07 07:27:54+00:00,774.0,3257.661,3257.53,3257.83,ETH
2026-01-07 07:27:55+00:00,775.0,3257.661,3257.53,3257.83,ETH
2026-01-07 07:27:56+00:00,776.0,3257.661,3257.54,3257.9,ETH
2026-01-07 07:27:57+00:00,777.0,3257.661,3257.54,3257.89,ETH
2026-01-07 07:27:58+00:00,778.0,3257.661,3257.54,3257.88,ETH
2026-01-07 07:27:59+00:00,779.0,3257.661,3257.54,3257.87,ETH
2026-01-07 07:28:01+00:00,781.0,3257.661,3257.54,3257.91,ETH
2026-01-07 07:28:02+00:00,782.0,3257.661,3257.55,3257.79,ETH
2026-01-07 07:28:03+00:00,783.0,3257.661,3257.5,3257.82,ETH
2026-01-07 07:28:04+00:00,784.0,3257.661,3257.5,3257.77,ETH
2026-01-07 07:28:05+00:00,785.0,3257.661,3257.5,3257.76,ETH
2026-01-07 07:28:06+00:00,786.0,3257.661,3257.49,3257.77,ETH
2026-01-07 07:28:07+00:00,787.0,3257.671,3257.49,3257.78,ETH
2026-01-07 07:28:08+00:00,788.0,3257.671,3257.49,3257.78,ETH
2026-01-07 07:28:09+00:00,789.0,3257.671,3257.49,3257.83,ETH
2026-01-07 07:28:10+00:00,790.0,3257.671,3257.5,3257.84,ETH
2026-01-07 07:28:11+00:00,791.0,3257.671,3257.49,3257.78,ETH
2026-01-07 07:28:12+00:00,792.0,3257.671,3257.5,3257.83,ETH
2026-01-07 07:28:13+00:00,793.0,3257.671,3257.5,3257.84,ETH
2026-01-07 07:28:14+00:00,794.0,3257.671,3257.51,3257.84,ETH
2026-01-07 07:28:15+00:00,795.0,3257.671,3257.51,3257.84,ETH
2026-01-07 07:28:16+00:00,796.0,3257.671,3257.51,3257.84,ETH
2026-01-07 07:28:17+00:00,797.0,3257.671,3257.51,3257.83,ETH
2026-01-07 07:28:18+00:00,798.0,3257.671,3257.51,3257.84,ETH
2026-01-07 07:28:19+00:00,799.0,3257.671,3257.51,3257.85,ETH
2026-01-07 07:28:20+00:00,800.0,3257.671,3257.51,3257.85,ETH
2026-01-07 07:28:21+00:00,801.0,3257.671,3257.52,3257.85,ETH
2026-01-07 07:28:22+00:00,802.0,3257.671,3257.52,3257.87,ETH
2026-01-07 07:28:23+00:00,803.0,3257.671,3257.52,3257.86,ETH
2026-01-07 07:28:24+00:00,804.0,3257.671,3257.52,3257.82,ETH
2026-01-07 07:28:25+00:00,805.0,3257.671,3257.52,3257.84,ETH
2026-01-07 07:28:26+00:00,806.0,3257.671,3257.52,3257.86,ETH
2026-01-07 07:28:27+00:00,807.0,3257.671,3257.52,3257.82,ETH
2026-01-07 07:28:28+00:00,808.0,3257.671,3257.52,3257.79,ETH
2026-01-07 07:28:29+00:00,809.0,3257.671,3257.52,3257.8,ETH
2026-01-07 07:28:30+00:00,810.0,3257.671,3257.51,3257.83,ETH
2026-01-07 07:28:31+00:00,811.0,3257.671,3257.51,3257.83,ETH
2026-01-07 07:28:32+00:00,812.0,3257.671,3257.51,3257.84,ETH
2026-01-07 07:28:33+00:00,813.0,3257.681,3257.52,3257.82,ETH
2026-01-07 07:28:34+00:00,814.0,3257.701,3257.52,3257.8,ETH
2026-01-07 07:28:35+00:00,815.0,3257.701,3257.52,3257.8,ETH
2026-01-07 07:28:36+00:00,816.0,3257.701,3257.52,3257.79,ETH
2026-01-07 07:28:37+00:00,817.0,3257.701,3257.52,3257.8,ETH
2026-01-07 07:28:38+00:00,818.0,3257.701,3257.53,3257.82,ETH
2026-01-07 07:28:39+00:00,819.0,3257.701,3257.53,3257.82,ETH
2026-01-07 07:28:40+00:00,820.0,3257.701,3257.53,3257.84,ETH
2026-01-07 07:28:41+00:00,821.0,3257.821,3257.53,3257.86,ETH
2026-01-07 07:28:42+00:00,822.0,3257.771,3257.61,3257.84,ETH
2026-01-07 07:28:43+00:00,823.0,3257.841,3257.61,3257.9,ETH
2026-01-07 07:28:44+00:00,824.0,3257.841,3257.61,3257.89,ETH
2026-01-07 07:28:45+00:00,825.0,3257.841,3257.61,3257.88,ETH
2026-01-07 07:28:46+00:00,826.0,3257.841,3257.61,3257.91,ETH
2026-01-07 07:28:47+00:00,827.0,3257.851,3257.61,3257.92,ETH
2026-01-07 07:28:48+00:00,828.0,3257.871,3257.61,3257.92,ETH
2026-01-07 07:28:49+00:00,829.0,3257.881,3257.61,3257.93,ETH
2026-01-07 07:28:50+00:00,830.0,3257.871,3257.61,3257.92,ETH
2026-01-07 07:28:51+00:00,831.0,3257.861,3257.62,3257.9,ETH
2026-01-07 07:28:52+00:00,832.0,3257.871,3257.62,3257.89,ETH
2026-01-07 07:28:53+00:00,833.0,3257.891,3257.64,3257.89,ETH
2026-01-07 07:28:54+00:00,834.0,3257.881,3257.67,3257.9,ETH
2026-01-07 07:28:55+00:00,835.0,3257.861,3257.66,3257.91,ETH
2026-01-07 07:28:56+00:00,836.0,3257.881,3257.66,3257.92,ETH
2026-01-07 07:28:57+00:00,837.0,3257.861,3257.66,3257.91,ETH
2026-01-07 07:28:58+00:00,838.0,3257.841,3257.66,3257.89,ETH
2026-01-07 07:28:59+00:00,839.0,3257.861,3257.66,3257.9,ETH
2026-01-07 07:29:00+00:00,840.0,3257.851,3257.66,3257.9,ETH
2026-01-07 07:29:01+00:00,841.0,3257.851,3257.66,3257.89,ETH
2026-01-07 07:29:02+00:00,842.0,3257.961,3257.77,3258.08,ETH
2026-01-07 07:29:03+00:00,843.0,3257.861,3257.77,3257.97,ETH
2026-01-07 07:29:04+00:00,844.0,3257.931,3257.81,3257.97,ETH
2026-01-07 07:29:05+00:00,845.0,3257.891,3257.81,3257.97,ETH
2026-01-07 07:29:06+00:00,846.0,3257.911,3257.81,3257.96,ETH
2026-01-07 07:29:07+00:00,847.0,3257.881,3257.81,3257.96,ETH
2026-01-07 07:29:08+00:00,848.0,3258.061,3257.82,3258.28,ETH
2026-01-07 07:29:09+00:00,849.0,3258.191,3258.14,3258.41,ETH
2026-01-07 07:29:10+00:00,850.0,3258.211,3258.16,3258.41,ETH
2026-01-07 07:29:11+00:00,851.0,3258.221,3258.18,3258.41,ETH
2026-01-07 07:29:12+00:00,852.0,3258.221,3258.18,3258.41,ETH
2026-01-07 07:29:13+00:00,853.0,3258.211,3258.17,3258.42,ETH
2026-01-07 07:29:14+00:00,854.0,3258.231,3258.19,3258.42,ETH
2026-01-07 07:29:15+00:00,855.0,3258.241,3258.19,3258.42,ETH
2026-01-07 07:29:16+00:00,856.0,3258.261,3258.22,3258.42,ETH
2026-01-07 07:29:17+00:00,857.0,3258.321,3258.21,3258.42,ETH
2026-01-07 07:29:18+00:00,858.0,3258.321,3258.21,3258.42,ETH
2026-01-07 07:29:19+00:00,859.0,3258.311,3258.21,3258.42,ETH
2026-01-07 07:29:20+00:00,860.0,3258.281,3258.21,3258.42,ETH
2026-01-07 07:29:21+00:00,861.0,3258.281,3258.21,3258.42,ETH
2026-01-07 07:29:22+00:00,862.0,3258.281,3258.21,3258.41,ETH
2026-01-07 07:29:23+00:00,863.0,3258.321,3258.22,3258.42,ETH
2026-01-07 07:29:24+00:00,864.0,3258.361,3258.22,3258.42,ETH
2026-01-07 07:29:25+00:00,865.0,3258.411,3258.26,3258.48,ETH
2026-01-07 07:29:26+00:00,866.0,3258.461,3258.32,3258.58,ETH
2026-01-07 07:29:27+00:00,867.0,3258.531,3258.37,3258.62,ETH
2026-01-07 07:29:29+00:00,869.0,3258.611,3258.5,3258.7,ETH
2026-01-07 07:29:30+00:00,870.0,3258.621,3258.49,3258.7,ETH
2026-01-07 07:29:31+00:00,871.0,3258.481,3258.44,3258.66,ETH
2026-01-07 07:29:32+00:00,872.0,3258.481,3258.4,3258.6,ETH
2026-01-07 07:29:33+00:00,873.0,3258.481,3258.41,3258.6,ETH
2026-01-07 07:29:34+00:00,874.0,3258.591,3258.5,3258.68,ETH
2026-01-07 07:29:35+00:00,875.0,3258.591,3258.5,3258.68,ETH
2026-01-07 07:29:36+00:00,876.0,3258.621,3258.5,3258.67,ETH
2026-01-07 07:29:37+00:00,877.0,3258.601,3258.5,3258.67,ETH
2026-01-07 07:29:38+00:00,878.0,3258.481,3258.39,3258.51,ETH
2026-01-07 07:29:39+00:00,879.0,3258.481,3258.4,3258.51,ETH
2026-01-07 07:29:40+00:00,880.0,3258.481,3258.4,3258.49,ETH
2026-01-07 07:29:41+00:00,881.0,3258.481,3258.4,3258.49,ETH
2026-01-07 07:29:42+00:00,882.0,3258.481,3258.4,3258.52,ETH
2026-01-07 07:29:43+00:00,883.0,3258.481,3258.4,3258.55,ETH
2026-01-07 07:29:44+00:00,884.0,3258.421,3258.39,3258.54,ETH
2026-01-07 07:29:45+00:00,885.0,3258.421,3258.39,3258.55,ETH
2026-01-07 07:29:46+00:00,886.0,3258.421,3258.38,3258.55,ETH
2026-01-07 07:29:47+00:00,887.0,3258.421,3258.39,3258.53,ETH
2026-01-07 07:29:48+00:00,888.0,3258.421,3258.38,3258.53,ETH
2026-01-07 07:29:49+00:00,889.0,3258.421,3258.37,3258.53,ETH
2026-01-07 07:29:50+00:00,890.0,3258.421,3258.37,3258.51,ETH
2026-01-07 07:29:51+00:00,891.0,3258.421,3258.39,3258.5,ETH
2026-01-07 07:29:52+00:00,892.0,3258.421,3258.39,3258.56,ETH
2026-01-07 07:29:53+00:00,893.0,3258.421,3258.39,3258.59,ETH
2026-01-07 07:29:54+00:00,894.0,3258.421,3258.39,3258.59,ETH
2026-01-07 07:29:55+00:00,895.0,3258.421,3258.39,3258.57,ETH
2026-01-07 07:29:56+00:00,896.0,3258.421,3258.39,3258.51,ETH
2026-01-07 07:29:57+00:00,897.0,3258.431,3258.39,3258.51,ETH
2026-01-07 07:29:58+00:00,898.0,3258.431,3258.39,3258.56,ETH
2026-01-07 07:29:59+00:00,899.0,3258.421,3258.34,3258.51,ETH
