timestamp,collected_at,seconds,up_mid,up_best_bid,up_best_ask,down_mid,down_best_bid,down_best_ask,up_best_bid_size,up_best_ask_size,down_best_bid_size,down_best_ask_size,up_bid_2,up_bid_2_size,up_ask_2,up_ask_2_size,up_bid_3,up_bid_3_size,up_ask_3,up_ask_3_size,up_bid_4,up_bid_4_size,up_ask_4,up_ask_4_size,up_bid_5,up_bid_5_size,up_ask_5,up_ask_5_size,up_bid_6,up_bid_6_size,up_ask_6,up_ask_6_size,down_bid_2,down_bid_2_size,down_ask_2,down_ask_2_size,down_bid_3,down_bid_3_size,down_ask_3,down_ask_3_size,down_bid_4,down_bid_4_size,down_ask_4,down_ask_4_size,down_bid_5,down_bid_5_size,down_ask_5,down_ask_5_size,down_bid_6,down_bid_6_size,down_ask_6,down_ask_6_size
2026-01-07 07:15:00.219000+00:00,2026-01-07 07:14:57.683055+00:00,0.219,0.99,0.99,,0.01,,0.01,23138.86,,,28138.86,0.98,289.68,,,0.97,173.94,,,0.96,45.0,,,0.95,243.55,,,0.94,580.2,,,,,0.02,289.68,,,0.03,173.94,,,0.04,45.0,,,0.05,243.55,,,0.06,580.2
2026-01-07 07:15:01.001000+00:00,2026-01-07 07:14:58.673936+00:00,1.001,0.99,0.99,,0.01,,0.01,28138.86,,,119552.86,0.98,289.68,,,0.97,173.94,,,0.96,45.0,,,0.95,243.55,,,0.94,580.2,,,,,0.02,289.68,,,0.03,168.94,,,0.04,45.0,,,0.05,243.55,,,0.06,580.2
2026-01-07 07:15:02.064000+00:00,2026-01-07 07:14:59.691846+00:00,2.064,0.99,0.99,,0.01,,0.01,201126.88,,,201126.88,0.98,289.68,,,0.97,168.94,,,0.96,45.0,,,0.95,243.55,,,0.94,580.2,,,,,0.02,289.68,,,0.03,168.94,,,0.04,45.0,,,0.05,243.55,,,0.06,580.2
2026-01-07 07:15:03.175000+00:00,2026-01-07 07:15:00.696318+00:00,3.175,0.47,0.45,0.49,0.53,0.51,0.55,5.0,547.23,547.23,5.0,0.44,40.49,0.5,732.71,0.42,100.0,0.51,373.48,0.4,55.0,0.52,20.25,0.38,66.0,0.54,300.0,0.35,5.0,0.55,30.0,0.5,732.71,0.56,65.49,0.49,373.48,0.58,100.0,0.48,20.25,0.6,55.0,0.46,300.0,0.62,66.0,0.45,30.0,0.65,5.0
2026-01-07 07:15:04.270000+00:00,2026-01-07 07:15:01.702944+00:00,4.27,0.455,0.45,0.46,0.545,0.54,0.55,152.0,55.0,60.0,263.0,0.44,222.49,0.47,45.0,0.43,243.0,0.48,30.0,0.42,343.0,0.49,547.23,0.41,121.0,0.5,732.71,0.4,186.0,0.51,373.48,0.53,35.0,0.56,236.0,0.52,15.0,0.57,319.0,0.51,547.23,0.58,404.0,0.5,732.71,0.59,121.0,0.49,373.48,0.6,186.0
2026-01-07 07:15:05.258000+00:00,2026-01-07 07:15:02.706815+00:00,5.258,0.485,0.48,0.49,0.515,0.51,0.52,262.0,434.1,383.07,262.0,0.47,182.0,0.5,732.71,0.46,414.0,0.51,378.48,0.45,404.0,0.52,203.25,0.44,392.0,0.53,213.0,0.43,319.0,0.54,669.0,0.5,732.71,0.53,243.0,0.49,378.48,0.54,414.0,0.48,20.25,0.55,404.0,0.47,243.0,0.56,392.0,0.46,654.0,0.57,377.0
2026-01-07 07:15:06.280000+00:00,2026-01-07 07:15:03.714382+00:00,6.28,0.495,0.49,0.5,0.505,0.5,0.51,159.41,742.71,720.85,224.41,0.48,243.42,0.51,373.48,0.47,263.0,0.52,20.25,0.46,414.0,0.53,60.0,0.45,399.0,0.54,400.0,0.44,357.0,0.55,359.0,0.49,373.48,0.52,243.42,0.48,20.25,0.53,263.0,0.47,60.0,0.54,414.0,0.46,400.0,0.55,384.0,0.45,359.0,0.56,342.0
2026-01-07 07:15:07.274000+00:00,2026-01-07 07:15:04.720360+00:00,7.274,0.495,0.49,0.5,0.505,0.5,0.51,313.41,302.25,42.65,318.41,0.48,364.42,0.51,378.48,0.47,384.0,0.52,80.25,0.46,414.0,0.53,35.0,0.45,384.0,0.54,300.0,0.44,399.0,0.55,279.0,0.49,378.48,0.52,359.42,0.48,80.25,0.53,384.0,0.47,35.0,0.54,414.0,0.46,315.0,0.55,384.0,0.45,264.0,0.56,399.0
2026-01-07 07:15:08.252000+00:00,2026-01-07 07:15:05.726899+00:00,8.252,0.505,0.5,0.51,0.495,0.49,0.5,161.0,329.13,329.13,161.0,0.49,233.41,0.52,100.25,0.48,399.42,0.53,15.0,0.47,384.0,0.54,437.0,0.46,468.0,0.55,264.0,0.45,349.0,0.56,1004.0,0.48,100.25,0.51,233.41,0.47,15.0,0.52,399.42,0.46,437.0,0.53,384.0,0.45,264.0,0.54,414.0,0.44,1004.0,0.55,405.0
2026-01-07 07:15:09.278000+00:00,2026-01-07 07:15:06.746581+00:00,9.278,0.505,0.5,0.51,0.495,0.49,0.5,95.0,377.13,377.13,95.0,0.49,65.0,0.52,100.25,0.48,348.42,0.53,15.0,0.47,454.0,0.54,498.0,0.46,484.0,0.55,264.0,0.45,475.0,0.56,1009.0,0.48,100.25,0.51,65.0,0.47,15.0,0.52,348.42,0.46,498.0,0.53,454.0,0.45,264.0,0.54,484.0,0.44,1009.0,0.55,475.0
2026-01-07 07:15:10.220000+00:00,2026-01-07 07:15:07.753531+00:00,10.22,0.505,0.5,0.51,0.495,0.49,0.5,95.0,377.13,292.13,110.0,0.49,89.0,0.52,172.25,0.48,420.42,0.53,109.0,0.47,454.0,0.54,568.0,0.46,489.0,0.55,334.0,0.45,419.0,0.56,1079.0,0.48,172.25,0.51,89.0,0.47,109.0,0.52,420.42,0.46,568.0,0.53,454.0,0.45,334.0,0.54,489.0,0.44,1079.0,0.55,419.0
2026-01-07 07:15:11.260000+00:00,2026-01-07 07:15:08.777839+00:00,11.26,0.505,0.5,0.51,0.495,0.49,0.5,143.8,292.13,292.13,143.8,0.49,152.0,0.52,105.25,0.48,333.42,0.53,222.0,0.47,459.0,0.54,577.0,0.46,489.0,0.55,349.0,0.45,475.0,0.56,1074.0,0.48,105.25,0.51,152.0,0.47,222.0,0.52,333.42,0.46,577.0,0.53,459.0,0.45,349.0,0.54,489.0,0.44,1074.0,0.55,475.0
2026-01-07 07:15:12.354000+00:00,2026-01-07 07:15:09.785260+00:00,12.354,0.505,0.5,0.51,0.495,0.49,0.5,126.6,292.13,292.13,126.6,0.49,116.0,0.52,120.25,0.48,369.42,0.53,222.0,0.47,459.0,0.54,553.0,0.46,494.0,0.55,349.0,0.45,475.0,0.56,1074.0,0.48,120.25,0.51,116.0,0.47,234.0,0.52,381.42,0.46,553.0,0.53,459.0,0.45,349.0,0.54,494.0,0.44,1074.0,0.55,475.0
2026-01-07 07:15:13.284000+00:00,2026-01-07 07:15:10.792453+00:00,13.284,0.505,0.5,0.51,0.495,0.49,0.5,189.6,287.13,287.13,201.6,0.49,84.0,0.52,95.25,0.48,333.42,0.53,130.0,0.47,459.0,0.54,714.0,0.46,494.0,0.55,349.0,0.45,475.0,0.56,1074.0,0.48,95.25,0.51,84.0,0.47,130.0,0.52,333.42,0.46,714.0,0.53,459.0,0.45,349.0,0.54,494.0,0.44,1074.0,0.55,475.0
2026-01-07 07:15:14.355000+00:00,2026-01-07 07:15:11.800396+00:00,14.355,0.505,0.5,0.51,0.495,0.49,0.5,124.6,292.13,282.28,124.6,0.49,137.0,0.52,114.25,0.48,357.42,0.53,190.0,0.47,459.0,0.54,618.0,0.46,494.0,0.55,349.0,0.45,475.0,0.56,1079.0,0.48,114.25,0.51,137.0,0.47,202.0,0.52,357.42,0.46,618.0,0.53,459.0,0.45,349.0,0.54,494.0,0.44,1079.0,0.55,475.0
2026-01-07 07:15:15.201000+00:00,2026-01-07 07:15:12.809327+00:00,15.201,0.505,0.5,0.51,0.495,0.49,0.5,124.6,248.33,244.33,124.6,0.49,137.0,0.52,319.02,0.48,357.42,0.53,202.0,0.47,459.0,0.54,618.0,0.46,494.0,0.55,349.0,0.45,475.0,0.56,1074.0,0.48,319.02,0.51,137.0,0.47,202.0,0.52,357.42,0.46,618.0,0.53,459.0,0.45,349.0,0.54,494.0,0.44,1074.0,0.55,475.0
2026-01-07 07:15:16.295000+00:00,2026-01-07 07:15:13.815291+00:00,16.295,0.505,0.5,0.51,0.495,0.49,0.5,109.6,149.48,149.48,109.6,0.49,80.0,0.52,343.02,0.48,405.42,0.53,174.0,0.47,483.0,0.54,598.0,0.46,494.0,0.55,349.0,0.45,475.0,0.56,1074.0,0.48,343.02,0.51,80.0,0.47,174.0,0.52,405.42,0.46,598.0,0.53,483.0,0.45,349.0,0.54,494.0,0.44,1074.0,0.55,475.0
2026-01-07 07:15:17.374000+00:00,2026-01-07 07:15:14.823332+00:00,17.374,0.505,0.5,0.51,0.495,0.49,0.5,109.6,109.26,109.26,79.6,0.49,80.0,0.52,367.02,0.48,345.42,0.53,135.0,0.47,543.0,0.54,613.0,0.46,494.0,0.55,304.0,0.45,419.0,0.56,1074.0,0.48,367.02,0.51,80.0,0.47,135.0,0.52,345.42,0.46,613.0,0.53,543.0,0.45,304.0,0.54,494.0,0.44,1074.0,0.55,419.0
2026-01-07 07:15:18.266000+00:00,2026-01-07 07:15:15.827741+00:00,18.266,0.515,0.51,0.52,0.485,0.48,0.49,100.0,234.68,232.48,100.0,0.5,54.6,0.53,80.0,0.49,136.0,0.54,543.0,0.48,393.42,0.55,234.0,0.47,459.0,0.56,1079.0,0.46,459.0,0.57,409.0,0.47,80.0,0.5,54.6,0.46,543.0,0.51,136.0,0.45,234.0,0.52,393.42,0.44,1079.0,0.53,459.0,0.43,409.0,0.54,459.0
2026-01-07 07:15:19.270000+00:00,2026-01-07 07:15:16.835702+00:00,19.27,0.515,0.51,0.52,0.485,0.48,0.49,100.0,176.24,221.24,85.0,0.5,54.6,0.53,80.0,0.49,206.0,0.54,543.0,0.48,393.42,0.55,234.0,0.47,459.0,0.56,1114.0,0.46,459.0,0.57,384.0,0.47,80.0,0.5,54.6,0.46,543.0,0.51,206.0,0.45,234.0,0.52,393.42,0.44,1109.0,0.53,459.0,0.43,384.0,0.54,459.0
2026-01-07 07:15:20.201000+00:00,2026-01-07 07:15:17.855373+00:00,20.201,0.515,0.51,0.52,0.485,0.48,0.49,85.0,206.24,206.24,85.0,0.5,83.2,0.53,80.0,0.49,206.0,0.54,579.0,0.48,393.42,0.55,234.0,0.47,459.0,0.56,1109.0,0.46,459.0,0.57,384.0,0.47,80.0,0.5,83.2,0.46,579.0,0.51,206.0,0.45,234.0,0.52,393.42,0.44,1109.0,0.53,459.0,0.43,384.0,0.54,459.0
2026-01-07 07:15:21.975000+00:00,2026-01-07 07:15:19.881512+00:00,21.975,0.515,0.51,0.52,0.485,0.48,0.49,100.0,116.24,114.31,100.0,0.5,225.2,0.53,104.0,0.49,377.0,0.54,381.0,0.48,454.42,0.55,273.0,0.47,459.0,0.56,1000.0,0.46,464.0,0.57,384.0,0.47,104.0,0.5,225.2,0.46,381.0,0.51,377.0,0.45,273.0,0.52,454.42,0.44,1000.0,0.53,459.0,0.43,384.0,0.54,464.0
2026-01-07 07:15:23.875000+00:00,2026-01-07 07:15:21.909193+00:00,23.875,0.515,0.51,0.52,0.485,0.48,0.49,87.87,88.38,88.38,87.87,0.5,240.2,0.53,104.0,0.49,362.0,0.54,381.0,0.48,454.42,0.55,308.0,0.47,459.0,0.56,975.0,0.46,459.0,0.57,409.0,0.47,104.0,0.5,240.2,0.46,381.0,0.51,362.0,0.45,308.0,0.52,454.42,0.44,975.0,0.53,459.0,0.43,409.0,0.54,459.0
2026-01-07 07:15:25.476000+00:00,2026-01-07 07:15:22.929849+00:00,25.476,0.515,0.51,0.52,0.485,0.48,0.49,116.87,78.38,78.38,116.87,0.5,228.2,0.53,60.0,0.49,350.0,0.54,425.0,0.48,454.42,0.55,296.0,0.47,459.0,0.56,987.0,0.46,459.0,0.57,409.0,0.47,60.0,0.5,228.2,0.46,425.0,0.51,350.0,0.45,296.0,0.52,454.42,0.44,987.0,0.53,459.0,0.43,409.0,0.54,459.0
2026-01-07 07:15:26.504000+00:00,2026-01-07 07:15:23.937237+00:00,26.504,0.515,0.51,0.52,0.485,0.48,0.49,25.82,144.61,168.61,25.82,0.5,168.2,0.53,89.0,0.49,401.0,0.54,372.0,0.48,466.42,0.55,293.0,0.47,459.0,0.56,893.0,0.46,464.0,0.57,409.0,0.47,89.0,0.5,168.2,0.46,384.0,0.51,425.0,0.45,281.0,0.52,478.42,0.44,893.0,0.53,459.0,0.43,409.0,0.54,464.0
2026-01-07 07:15:27.492000+00:00,2026-01-07 07:15:24.943232+00:00,27.492,0.515,0.51,0.52,0.485,0.48,0.49,25.82,188.61,188.61,25.82,0.5,168.2,0.53,69.0,0.49,389.0,0.54,384.0,0.48,563.02,0.55,281.0,0.47,459.0,0.56,893.0,0.46,464.0,0.57,409.0,0.47,69.0,0.5,168.2,0.46,384.0,0.51,389.0,0.45,281.0,0.52,563.02,0.44,893.0,0.53,459.0,0.43,409.0,0.54,464.0
2026-01-07 07:15:28.532000+00:00,2026-01-07 07:15:25.952209+00:00,28.532,0.515,0.51,0.52,0.485,0.48,0.49,333.72,22.61,22.61,403.72,0.5,457.2,0.53,89.0,0.49,483.0,0.54,405.0,0.48,506.42,0.55,237.31,0.47,459.0,0.56,940.0,0.46,459.0,0.57,354.0,0.47,94.0,0.5,457.2,0.46,405.0,0.51,483.0,0.45,237.31,0.52,506.42,0.44,940.0,0.53,459.0,0.43,354.0,0.54,459.0
2026-01-07 07:15:29.507000+00:00,2026-01-07 07:15:26.961284+00:00,29.507,0.515,0.51,0.52,0.485,0.48,0.49,338.72,18.76,18.76,338.72,0.5,406.2,0.53,9.0,0.49,459.0,0.54,385.0,0.48,506.42,0.55,258.31,0.47,459.0,0.56,967.0,0.46,459.0,0.57,351.0,0.47,9.0,0.5,406.2,0.46,385.0,0.51,459.0,0.45,258.31,0.52,506.42,0.44,967.0,0.53,459.0,0.43,351.0,0.54,459.0
2026-01-07 07:15:30.501000+00:00,2026-01-07 07:15:27.984477+00:00,30.501,0.525,0.52,0.53,0.475,0.47,0.48,35.0,182.0,151.0,35.0,0.51,75.0,0.54,357.0,0.5,526.2,0.55,249.31,0.49,507.0,0.56,928.0,0.48,506.42,0.57,339.0,0.47,424.0,0.58,314.0,0.46,564.0,0.49,15.0,0.45,304.31,0.5,314.6,0.44,1119.0,0.51,356.0,0.43,374.0,0.52,442.41,0.42,374.0,0.53,359.68
2026-01-07 07:15:31.529000+00:00,2026-01-07 07:15:28.990033+00:00,31.529,0.505,0.5,0.51,0.495,0.49,0.5,76.5,120.0,135.0,66.5,0.49,40.0,0.52,271.67,0.48,86.41,0.53,237.0,0.47,383.68,0.54,528.0,0.46,589.0,0.55,198.31,0.45,416.0,0.56,1119.0,0.48,259.67,0.51,40.0,0.47,237.0,0.52,86.41,0.46,528.0,0.53,383.68,0.45,198.31,0.54,589.0,0.44,1119.0,0.55,416.0
2026-01-07 07:15:32.578000+00:00,2026-01-07 07:15:30.012145+00:00,32.578,0.505,0.5,0.51,0.495,0.49,0.5,15.6,105.0,160.0,50.6,0.49,52.0,0.52,271.67,0.48,193.51,0.53,261.0,0.47,383.68,0.54,552.0,0.46,524.0,0.55,198.31,0.45,460.0,0.56,1119.0,0.48,306.67,0.51,62.0,0.47,271.0,0.52,193.51,0.46,587.0,0.53,418.68,0.45,233.31,0.54,559.0,0.44,1154.0,0.55,460.0
2026-01-07 07:15:33.458000+00:00,2026-01-07 07:15:31.021560+00:00,33.458,0.505,0.5,0.51,0.495,0.49,0.5,50.6,120.0,67.35,50.6,0.49,140.0,0.52,294.67,0.48,163.52,0.53,271.0,0.47,394.68,0.54,599.0,0.46,559.0,0.55,233.31,0.45,460.0,0.56,1154.0,0.48,267.67,0.51,210.0,0.47,271.0,0.52,233.52,0.46,587.0,0.53,464.68,0.45,233.31,0.54,489.0,0.44,1154.0,0.55,460.0
2026-01-07 07:15:34.609000+00:00,2026-01-07 07:15:32.045096+00:00,34.609,0.505,0.5,0.51,0.495,0.49,0.5,199.6,5.0,5.0,163.6,0.49,157.0,0.52,293.0,0.48,197.52,0.53,247.0,0.47,459.0,0.54,602.0,0.46,489.0,0.55,245.31,0.45,404.0,0.56,1214.0,0.48,258.0,0.51,145.0,0.47,267.0,0.52,197.52,0.46,590.0,0.53,459.0,0.45,257.31,0.54,489.0,0.44,1178.0,0.55,460.0
2026-01-07 07:15:35.574000+00:00,2026-01-07 07:15:33.049264+00:00,35.574,0.505,0.5,0.51,0.495,0.49,0.5,175.6,5.0,5.0,122.6,0.49,168.82,0.52,293.0,0.48,197.52,0.53,247.0,0.47,459.0,0.54,590.0,0.46,489.0,0.55,245.31,0.45,460.0,0.56,1178.0,0.48,293.0,0.51,192.82,0.47,259.0,0.52,197.52,0.46,578.0,0.53,459.0,0.45,233.31,0.54,489.0,0.44,1154.0,0.55,460.0
2026-01-07 07:15:36.546000+00:00,2026-01-07 07:15:34.055252+00:00,36.546,0.515,0.51,0.52,0.485,0.48,0.49,105.0,213.0,213.0,105.0,0.5,131.6,0.53,306.0,0.49,350.82,0.54,587.0,0.48,440.52,0.55,284.31,0.47,459.0,0.56,1154.0,0.46,489.0,0.57,374.0,0.47,306.0,0.5,131.6,0.46,587.0,0.51,350.82,0.45,296.31,0.52,440.52,0.44,1084.0,0.53,459.0,0.43,374.0,0.54,489.0
2026-01-07 07:15:37.619000+00:00,2026-01-07 07:15:35.061003+00:00,37.619,0.515,0.51,0.52,0.485,0.48,0.49,304.0,213.0,213.0,304.0,0.5,178.6,0.53,123.0,0.49,384.82,0.54,392.0,0.48,501.52,0.55,260.31,0.47,459.0,0.56,1125.0,0.46,489.0,0.57,374.0,0.47,123.0,0.5,178.6,0.46,392.0,0.51,384.82,0.45,260.31,0.52,501.52,0.44,1125.0,0.53,459.0,0.43,374.0,0.54,543.0
2026-01-07 07:15:38.566000+00:00,2026-01-07 07:15:36.067016+00:00,38.566,0.515,0.51,0.52,0.485,0.48,0.49,289.0,201.36,201.36,289.0,0.5,309.6,0.53,111.0,0.49,496.82,0.54,404.0,0.48,501.52,0.55,272.31,0.47,459.0,0.56,1125.0,0.46,543.0,0.57,374.0,0.47,111.0,0.5,370.6,0.46,404.0,0.51,496.82,0.45,89.31,0.52,501.52,0.44,1004.0,0.53,459.0,0.43,253.0,0.54,543.0
2026-01-07 07:15:39.451000+00:00,2026-01-07 07:15:37.071360+00:00,39.451,0.515,0.51,0.52,0.485,0.48,0.49,304.0,201.36,201.36,304.0,0.5,385.6,0.53,111.0,0.49,481.82,0.54,404.0,0.48,501.52,0.55,89.31,0.47,459.0,0.56,1004.0,0.46,543.0,0.57,253.0,0.47,111.0,0.5,385.6,0.46,404.0,0.51,481.82,0.45,89.31,0.52,501.52,0.44,1004.0,0.53,459.0,0.43,253.0,0.54,543.0
2026-01-07 07:15:40.654000+00:00,2026-01-07 07:15:38.090486+00:00,40.654,0.515,0.51,0.52,0.485,0.48,0.49,309.0,201.36,201.36,309.0,0.5,373.6,0.53,111.0,0.49,481.82,0.54,404.0,0.48,501.52,0.55,89.31,0.47,459.0,0.56,999.0,0.46,543.0,0.57,253.0,0.47,111.0,0.5,443.6,0.46,404.0,0.51,481.82,0.45,89.31,0.52,501.52,0.44,999.0,0.53,459.0,0.43,253.0,0.54,543.0
2026-01-07 07:15:41.596000+00:00,2026-01-07 07:15:39.093065+00:00,41.596,0.515,0.51,0.52,0.485,0.48,0.49,316.0,167.36,167.36,316.0,0.5,443.6,0.53,111.0,0.49,530.82,0.54,404.0,0.48,454.42,0.55,89.31,0.47,459.0,0.56,999.0,0.46,512.0,0.57,253.0,0.47,111.0,0.5,443.6,0.46,404.0,0.51,530.82,0.45,89.31,0.52,454.42,0.44,999.0,0.53,459.0,0.43,253.0,0.54,512.0
2026-01-07 07:15:42.667000+00:00,2026-01-07 07:15:40.096215+00:00,42.667,0.515,0.51,0.52,0.485,0.48,0.49,490.0,132.36,132.36,557.0,0.5,428.6,0.53,21.0,0.49,518.82,0.54,414.0,0.48,454.42,0.55,62.31,0.47,459.0,0.56,1026.0,0.46,512.0,0.57,253.0,0.47,44.0,0.5,516.6,0.46,375.0,0.51,506.82,0.45,101.31,0.52,506.42,0.44,975.0,0.53,459.0,0.43,254.0,0.54,459.0
2026-01-07 07:15:43.661000+00:00,2026-01-07 07:15:41.119390+00:00,43.661,0.515,0.51,0.52,0.485,0.48,0.49,524.95,44.82,39.82,527.95,0.5,516.6,0.53,44.0,0.49,506.82,0.54,390.0,0.48,454.42,0.55,101.31,0.47,459.0,0.56,792.0,0.46,512.0,0.57,266.0,0.47,44.0,0.5,622.6,0.46,402.0,0.51,506.82,0.45,74.31,0.52,454.42,0.44,819.0,0.53,459.0,0.43,242.0,0.54,512.0
2026-01-07 07:15:44.679000+00:00,2026-01-07 07:15:42.128070+00:00,44.679,0.515,0.51,0.52,0.485,0.48,0.49,532.95,39.82,39.82,532.95,0.5,622.6,0.53,49.0,0.49,557.82,0.54,414.0,0.48,454.42,0.55,89.31,0.47,459.0,0.56,821.0,0.46,459.0,0.57,230.0,0.47,49.0,0.5,622.6,0.46,414.0,0.51,557.82,0.45,89.31,0.52,454.42,0.44,821.0,0.53,459.0,0.43,230.0,0.54,459.0
2026-01-07 07:15:45.637000+00:00,2026-01-07 07:15:43.147881+00:00,45.637,0.515,0.51,0.52,0.485,0.48,0.49,537.95,29.82,29.82,698.95,0.5,622.6,0.53,49.0,0.49,557.82,0.54,414.0,0.48,454.42,0.55,89.31,0.47,459.0,0.56,816.0,0.46,459.0,0.57,230.0,0.47,14.0,0.5,572.6,0.46,324.0,0.51,547.82,0.45,119.31,0.52,454.42,0.44,816.0,0.53,424.0,0.43,245.0,0.54,430.9
2026-01-07 07:15:46.680000+00:00,2026-01-07 07:15:44.156055+00:00,46.68,0.535,0.53,0.54,0.46499999999999997,0.46,0.47,224.18,359.0,335.0,224.18,0.52,218.0,0.55,129.31,0.51,718.95,0.56,831.0,0.5,587.6,0.57,47.0,0.49,531.82,0.58,218.0,0.48,454.42,0.59,183.0,0.45,129.31,0.48,218.0,0.44,807.0,0.49,718.95,0.43,71.0,0.5,539.6,0.42,218.0,0.51,531.82,0.41,183.0,0.52,454.42
2026-01-07 07:15:47.577000+00:00,2026-01-07 07:15:45.163253+00:00,47.577,0.535,0.53,0.54,0.46499999999999997,0.46,0.47,198.08,335.0,335.0,183.08,0.52,266.0,0.55,129.31,0.51,798.75,0.56,807.0,0.5,489.6,0.57,71.0,0.49,482.82,0.58,242.0,0.48,454.42,0.59,183.0,0.45,129.31,0.48,266.0,0.44,807.0,0.49,798.75,0.43,71.0,0.5,489.6,0.42,242.0,0.51,482.82,0.41,183.0,0.52,454.42
2026-01-07 07:15:48.660000+00:00,2026-01-07 07:15:46.182706+00:00,48.66,0.535,0.53,0.54,0.46499999999999997,0.46,0.47,198.08,335.0,335.0,198.08,0.52,283.0,0.55,117.31,0.51,786.75,0.56,819.0,0.5,489.6,0.57,71.0,0.49,482.82,0.58,247.0,0.48,454.42,0.59,183.0,0.45,117.31,0.48,283.0,0.44,819.0,0.49,786.75,0.43,71.0,0.5,489.6,0.42,247.0,0.51,482.82,0.41,183.0,0.52,454.42
2026-01-07 07:15:49.760000+00:00,2026-01-07 07:15:47.190869+00:00,49.76,0.535,0.53,0.54,0.46499999999999997,0.46,0.47,177.48,324.81,324.81,177.48,0.52,353.0,0.55,105.31,0.51,786.75,0.56,819.0,0.5,489.6,0.57,71.0,0.49,482.82,0.58,242.0,0.48,454.42,0.59,183.0,0.45,105.31,0.48,353.0,0.44,831.0,0.49,562.75,0.43,71.0,0.5,489.6,0.42,242.0,0.51,482.82,0.41,183.0,0.52,454.42
2026-01-07 07:15:50.656000+00:00,2026-01-07 07:15:48.212635+00:00,50.656,0.535,0.53,0.54,0.46499999999999997,0.46,0.47,192.48,289.81,289.81,192.48,0.52,353.0,0.55,130.31,0.51,562.75,0.56,806.0,0.5,501.51,0.57,71.0,0.49,482.82,0.58,242.0,0.48,454.42,0.59,218.0,0.45,130.31,0.48,353.0,0.44,806.0,0.49,562.75,0.43,71.0,0.5,501.51,0.42,242.0,0.51,482.82,0.41,218.0,0.52,454.42
2026-01-07 07:15:51.749000+00:00,2026-01-07 07:15:49.218917+00:00,51.749,0.535,0.53,0.54,0.46499999999999997,0.46,0.47,192.48,289.81,289.81,177.48,0.52,353.0,0.55,130.31,0.51,562.75,0.56,806.0,0.5,501.51,0.57,71.0,0.49,482.82,0.58,242.0,0.48,454.42,0.59,218.0,0.45,130.31,0.48,353.0,0.44,806.0,0.49,562.75,0.43,71.0,0.5,501.51,0.42,242.0,0.51,482.82,0.41,218.0,0.52,454.42
2026-01-07 07:15:52.775000+00:00,2026-01-07 07:15:50.209652+00:00,52.775,0.535,0.53,0.54,0.46499999999999997,0.46,0.47,664.48,241.75,63.72,664.48,0.52,486.4,0.55,15.31,0.51,451.95,0.56,700.0,0.5,516.51,0.57,35.0,0.49,482.82,0.58,90.0,0.48,424.42,0.59,80.0,0.45,6.0,0.48,476.4,0.44,700.0,0.49,451.95,0.43,35.0,0.5,516.51,0.42,104.98,0.51,482.82,0.41,80.0,0.52,424.42
2026-01-07 07:15:53.783000+00:00,2026-01-07 07:15:51.215647+00:00,53.783,0.545,0.54,0.55,0.455,0.45,0.46,79.14,6.0,18.0,84.14,0.53,585.48,0.56,700.0,0.52,641.4,0.57,127.0,0.51,451.95,0.58,79.0,0.5,516.51,0.59,134.0,0.49,447.82,0.6,140.0,0.44,737.0,0.47,526.48,0.43,154.0,0.48,629.4,0.42,103.0,0.49,475.95,0.41,110.0,0.5,516.51,0.4,140.0,0.51,447.82
2026-01-07 07:15:54.754000+00:00,2026-01-07 07:15:52.223353+00:00,54.754,0.545,0.54,0.55,0.455,0.45,0.46,84.14,20.81,20.81,119.14,0.53,578.48,0.56,712.0,0.52,641.4,0.57,134.0,0.51,463.95,0.58,123.0,0.5,516.51,0.59,110.0,0.49,447.82,0.6,135.0,0.44,712.0,0.47,588.48,0.43,154.0,0.48,641.4,0.42,103.0,0.49,463.95,0.41,110.0,0.5,516.51,0.4,135.0,0.51,447.82
2026-01-07 07:15:55.692000+00:00,2026-01-07 07:15:53.223801+00:00,55.692,0.545,0.54,0.55,0.455,0.45,0.46,160.14,8.81,8.81,160.14,0.53,553.48,0.56,724.0,0.52,641.4,0.57,142.0,0.51,451.95,0.58,115.0,0.5,516.51,0.59,110.0,0.49,447.82,0.6,205.0,0.44,724.0,0.47,553.48,0.43,142.0,0.48,641.4,0.42,115.0,0.49,451.95,0.41,110.0,0.5,516.51,0.4,205.0,0.51,447.82
2026-01-07 07:15:56.802000+00:00,2026-01-07 07:15:54.247281+00:00,56.802,0.545,0.54,0.55,0.455,0.45,0.46,200.14,28.81,28.81,200.14,0.53,411.48,0.56,724.0,0.52,559.4,0.57,142.0,0.51,451.95,0.58,103.0,0.5,516.51,0.59,122.0,0.49,447.82,0.6,205.0,0.44,724.0,0.47,411.48,0.43,142.0,0.48,559.4,0.42,103.0,0.49,451.95,0.41,122.0,0.5,516.51,0.4,205.0,0.51,447.82
2026-01-07 07:15:57.796000+00:00,2026-01-07 07:15:55.253091+00:00,57.796,0.555,0.55,0.56,0.445,0.44,0.45,45.0,659.48,659.48,45.0,0.54,205.14,0.57,154.0,0.53,406.48,0.58,103.0,0.52,559.4,0.59,122.0,0.51,451.95,0.6,210.0,0.5,516.51,0.61,288.0,0.43,154.0,0.46,205.14,0.42,103.0,0.47,406.48,0.41,122.0,0.48,559.4,0.4,140.0,0.49,451.95,0.39,288.0,0.5,516.51
2026-01-07 07:15:58.705000+00:00,2026-01-07 07:15:56.257604+00:00,58.705,0.545,0.54,0.55,0.455,0.45,0.46,114.14,157.0,157.0,114.14,0.53,358.48,0.56,716.48,0.52,511.4,0.57,146.0,0.51,536.95,0.58,75.0,0.5,576.51,0.59,80.0,0.49,432.82,0.6,135.0,0.44,716.48,0.47,358.48,0.43,146.0,0.48,511.4,0.42,75.0,0.49,536.95,0.41,80.0,0.5,576.51,0.4,135.0,0.51,432.82
2026-01-07 07:15:59.618000+00:00,2026-01-07 07:15:57.279694+00:00,59.618,0.545,0.54,0.55,0.455,0.45,0.46,114.14,126.0,13.0,159.14,0.53,358.48,0.56,704.48,0.52,511.4,0.57,130.0,0.51,500.95,0.58,55.0,0.5,516.51,0.59,80.0,0.49,432.82,0.6,135.0,0.44,754.48,0.47,358.48,0.43,130.0,0.48,511.4,0.42,67.0,0.49,463.95,0.41,80.0,0.5,516.51,0.4,135.0,0.51,432.82
2026-01-07 07:16:00.716000+00:00,2026-01-07 07:15:58.285510+00:00,60.716,0.545,0.54,0.55,0.455,0.45,0.46,338.14,100.0,100.0,338.14,0.53,125.0,0.56,728.48,0.52,595.4,0.57,142.0,0.51,512.95,0.58,286.0,0.5,516.51,0.59,263.0,0.49,432.82,0.6,318.0,0.44,728.48,0.47,125.0,0.43,142.0,0.48,595.4,0.42,286.0,0.49,512.95,0.41,263.0,0.5,516.51,0.4,318.0,0.51,432.82
2026-01-07 07:16:01.876000+00:00,2026-01-07 07:15:59.310650+00:00,61.876,0.545,0.54,0.55,0.455,0.45,0.46,338.14,98.18,375.18,298.14,0.53,182.0,0.56,736.48,0.52,535.4,0.57,107.0,0.51,500.95,0.58,262.0,0.5,516.51,0.59,299.0,0.49,432.82,0.6,318.0,0.44,856.48,0.47,5.0,0.43,167.0,0.48,361.4,0.42,349.0,0.49,304.0,0.41,608.0,0.5,400.51,0.4,404.0,0.51,367.82
2026-01-07 07:16:02.860000+00:00,2026-01-07 07:16:00.314606+00:00,62.86,0.515,0.51,0.52,0.485,0.48,0.49,96.89,271.0,332.0,40.89,0.5,62.51,0.53,213.0,0.49,28.82,0.54,384.0,0.48,105.41,0.55,447.18,0.47,84.0,0.56,1046.48,0.46,509.0,0.57,349.0,0.47,238.0,0.5,62.51,0.46,396.0,0.51,28.82,0.45,444.18,0.52,141.41,0.44,1046.48,0.53,108.0,0.43,364.0,0.54,461.0
2026-01-07 07:16:03.853000+00:00,2026-01-07 07:16:01.321585+00:00,63.853,0.515,0.51,0.52,0.485,0.48,0.49,40.89,375.51,390.51,40.89,0.5,62.51,0.53,267.0,0.49,64.82,0.54,396.0,0.48,165.41,0.55,447.0,0.47,60.0,0.56,1031.48,0.46,449.0,0.57,379.0,0.47,267.0,0.5,62.51,0.46,396.0,0.51,64.82,0.45,447.0,0.52,165.41,0.44,1031.48,0.53,60.0,0.43,379.0,0.54,449.0
2026-01-07 07:16:04.883000+00:00,2026-01-07 07:16:02.330741+00:00,64.883,0.515,0.51,0.52,0.485,0.48,0.49,40.89,381.66,381.66,40.89,0.5,98.51,0.53,267.0,0.49,88.82,0.54,396.0,0.48,105.41,0.55,447.0,0.47,109.0,0.56,1031.48,0.46,519.0,0.57,364.0,0.47,267.0,0.5,98.51,0.46,396.0,0.51,88.82,0.45,447.0,0.52,105.41,0.44,1031.48,0.53,109.0,0.43,364.0,0.54,519.0
2026-01-07 07:16:05.893000+00:00,2026-01-07 07:16:03.338045+00:00,65.893,0.495,0.49,0.5,0.505,0.5,0.51,28.82,177.52,177.52,28.82,0.48,80.42,0.51,67.0,0.47,41.0,0.52,343.66,0.46,359.79,0.53,408.0,0.45,200.0,0.54,420.0,0.44,499.0,0.55,588.0,0.49,67.0,0.52,56.42,0.48,343.66,0.53,29.0,0.47,408.0,0.54,159.8,0.46,420.0,0.55,155.0,0.45,588.0,0.56,559.0
2026-01-07 07:16:06.894000+00:00,2026-01-07 07:16:04.346053+00:00,66.894,0.475,0.47,0.48,0.525,0.52,0.53,5.0,258.06,243.06,5.0,0.46,229.0,0.49,201.0,0.45,101.2,0.5,338.52,0.44,465.0,0.51,249.0,0.43,463.99,0.52,435.66,0.42,584.0,0.53,349.0,0.51,201.0,0.54,229.0,0.5,338.52,0.55,101.2,0.49,249.0,0.56,465.0,0.48,435.66,0.57,463.99,0.47,349.0,0.58,584.0
2026-01-07 07:16:07.772000+00:00,2026-01-07 07:16:05.350982+00:00,67.772,0.46499999999999997,0.46,0.47,0.535,0.53,0.54,214.0,393.0,393.0,214.0,0.45,77.2,0.48,238.0,0.44,185.0,0.49,299.0,0.43,159.99,0.5,338.52,0.42,514.0,0.51,237.0,0.41,554.0,0.52,369.47,0.52,238.0,0.55,77.2,0.51,299.0,0.56,185.0,0.5,338.52,0.57,159.99,0.49,237.0,0.58,514.0,0.48,369.47,0.59,554.0
2026-01-07 07:16:08.910000+00:00,2026-01-07 07:16:06.357312+00:00,68.91,0.46499999999999997,0.46,0.47,0.535,0.53,0.54,298.0,358.0,358.0,298.0,0.45,53.2,0.48,238.0,0.44,185.0,0.49,263.0,0.43,145.0,0.5,338.52,0.42,514.0,0.51,225.0,0.41,554.0,0.52,371.15,0.52,238.0,0.55,53.2,0.51,263.0,0.56,185.0,0.5,338.52,0.57,145.0,0.49,213.0,0.58,514.0,0.48,383.15,0.59,554.0
2026-01-07 07:16:09.772000+00:00,2026-01-07 07:16:07.363479+00:00,69.772,0.46499999999999997,0.46,0.47,0.535,0.53,0.54,240.0,366.0,366.0,240.0,0.45,101.2,0.48,238.0,0.44,140.0,0.49,287.0,0.43,159.99,0.5,326.52,0.42,584.0,0.51,249.0,0.41,484.0,0.52,347.15,0.52,238.0,0.55,101.2,0.51,287.0,0.56,140.0,0.5,326.52,0.57,159.99,0.49,249.0,0.58,584.0,0.48,347.15,0.59,484.0
2026-01-07 07:16:10.843000+00:00,2026-01-07 07:16:08.384478+00:00,70.843,0.46499999999999997,0.46,0.47,0.535,0.53,0.54,204.0,183.0,208.0,204.0,0.45,147.2,0.48,91.0,0.44,243.0,0.49,287.0,0.43,424.99,0.5,217.52,0.42,584.0,0.51,233.0,0.41,484.0,0.52,559.15,0.52,91.0,0.55,147.2,0.51,287.0,0.56,243.0,0.5,217.52,0.57,424.99,0.49,233.0,0.58,584.0,0.48,559.15,0.59,484.0
2026-01-07 07:16:11.915000+00:00,2026-01-07 07:16:09.406205+00:00,71.915,0.46499999999999997,0.46,0.47,0.535,0.53,0.54,225.29,179.6,174.6,225.29,0.45,178.2,0.48,250.0,0.44,219.0,0.49,287.0,0.43,351.99,0.5,217.52,0.42,589.0,0.51,440.0,0.41,484.0,0.52,559.15,0.52,72.0,0.55,178.2,0.51,287.0,0.56,219.0,0.5,217.52,0.57,412.99,0.49,440.0,0.58,589.0,0.48,559.15,0.59,484.0
2026-01-07 07:16:12.944000+00:00,2026-01-07 07:16:10.413861+00:00,72.944,0.46499999999999997,0.46,0.47,0.535,0.53,0.54,225.29,165.6,190.6,225.29,0.45,178.2,0.48,72.0,0.44,219.0,0.49,287.0,0.43,412.99,0.5,217.52,0.42,589.0,0.51,440.0,0.41,484.0,0.52,559.15,0.52,194.0,0.55,154.2,0.51,275.0,0.56,219.0,0.5,217.52,0.57,412.99,0.49,404.0,0.58,589.0,0.48,559.15,0.59,484.0
2026-01-07 07:16:13.988000+00:00,2026-01-07 07:16:11.417691+00:00,73.988,0.455,0.45,0.46,0.545,0.54,0.55,36.2,60.0,165.51,36.2,0.44,244.0,0.47,363.6,0.43,150.0,0.48,262.0,0.42,376.0,0.49,369.0,0.41,504.0,0.5,384.52,0.4,549.0,0.51,474.0,0.53,304.0,0.56,244.0,0.52,287.0,0.57,150.0,0.51,369.0,0.58,376.0,0.5,384.52,0.59,504.0,0.49,464.0,0.6,549.0
2026-01-07 07:16:14.944000+00:00,2026-01-07 07:16:12.412507+00:00,74.944,0.455,0.45,0.46,0.545,0.54,0.55,36.2,348.51,348.51,36.2,0.44,244.0,0.47,279.0,0.43,150.0,0.48,287.0,0.42,306.0,0.49,299.0,0.41,391.0,0.5,314.52,0.4,549.0,0.51,464.0,0.53,279.0,0.56,244.0,0.52,287.0,0.57,150.0,0.51,299.0,0.58,294.0,0.5,314.52,0.59,391.0,0.49,464.0,0.6,549.0
2026-01-07 07:16:15.892000+00:00,2026-01-07 07:16:13.417272+00:00,75.892,0.445,0.44,0.45,0.555,0.55,0.56,314.0,135.0,135.0,307.0,0.43,209.99,0.46,268.51,0.42,255.0,0.47,268.0,0.41,391.0,0.48,319.0,0.4,549.0,0.49,287.0,0.39,484.0,0.5,315.52,0.54,268.51,0.57,192.99,0.53,268.0,0.58,255.0,0.52,295.0,0.59,391.0,0.51,287.0,0.6,549.0,0.5,315.52,0.61,484.0
2026-01-07 07:16:16.752000+00:00,2026-01-07 07:16:14.426474+00:00,76.752,0.445,0.44,0.45,0.555,0.55,0.56,244.0,135.0,135.0,244.0,0.43,337.99,0.46,268.51,0.42,337.0,0.47,304.0,0.41,321.0,0.48,307.0,0.4,549.0,0.49,299.0,0.39,484.0,0.5,279.52,0.54,268.51,0.57,337.99,0.53,304.0,0.58,337.0,0.52,307.0,0.59,321.0,0.51,299.0,0.6,554.0,0.5,279.52,0.61,484.0
2026-01-07 07:16:17.892000+00:00,2026-01-07 07:16:15.447600+00:00,77.892,0.445,0.44,0.45,0.555,0.55,0.56,241.82,125.37,125.37,241.82,0.43,337.99,0.46,268.51,0.42,337.0,0.47,304.0,0.41,321.0,0.48,307.0,0.4,554.0,0.49,299.0,0.39,484.0,0.5,503.52,0.54,268.51,0.57,337.99,0.53,304.0,0.58,337.0,0.52,307.0,0.59,321.0,0.51,299.0,0.6,554.0,0.5,503.52,0.61,484.0
2026-01-07 07:16:19.009000+00:00,2026-01-07 07:16:16.450610+00:00,79.009,0.435,0.43,0.44,0.565,0.56,0.57,64.0,109.18,284.69,64.0,0.42,245.0,0.45,389.74,0.41,228.0,0.46,274.0,0.4,328.0,0.47,292.0,0.39,301.0,0.48,404.0,0.38,484.0,0.49,384.0,0.55,264.0,0.58,245.0,0.54,299.0,0.59,228.0,0.53,292.0,0.6,328.0,0.52,404.0,0.61,301.0,0.51,349.0,0.62,484.0
2026-01-07 07:16:20.006000+00:00,2026-01-07 07:16:17.457343+00:00,80.006,0.435,0.43,0.44,0.565,0.56,0.57,64.0,335.94,325.94,64.0,0.42,257.0,0.45,247.0,0.41,287.99,0.46,275.0,0.4,279.0,0.47,328.0,0.39,301.0,0.48,404.0,0.38,484.0,0.49,419.0,0.55,247.0,0.58,257.0,0.54,275.0,0.59,263.99,0.53,304.0,0.6,255.0,0.52,404.0,0.61,301.0,0.51,419.0,0.62,484.0
2026-01-07 07:16:21.020000+00:00,2026-01-07 07:16:18.464800+00:00,81.02,0.435,0.43,0.44,0.565,0.56,0.57,153.0,135.0,140.0,153.0,0.42,312.0,0.45,75.0,0.41,225.0,0.46,263.0,0.4,559.0,0.47,299.0,0.39,484.0,0.48,287.0,0.38,484.0,0.49,455.0,0.55,75.0,0.58,312.0,0.54,263.0,0.59,225.0,0.53,299.0,0.6,559.0,0.52,287.0,0.61,484.0,0.51,455.0,0.62,484.0
2026-01-07 07:16:22.850000+00:00,2026-01-07 07:16:20.492727+00:00,82.85,0.435,0.43,0.44,0.565,0.56,0.57,368.0,100.0,100.0,368.0,0.42,374.0,0.45,29.43,0.41,237.0,0.46,319.0,0.4,584.0,0.47,262.0,0.39,484.0,0.48,299.0,0.38,449.0,0.49,454.0,0.55,29.43,0.58,374.0,0.54,319.0,0.59,237.0,0.53,262.0,0.6,584.0,0.52,299.0,0.61,484.0,0.51,454.0,0.62,449.0
2026-01-07 07:16:24.918000+00:00,2026-01-07 07:16:22.505402+00:00,84.918,0.455,0.45,0.46,0.545,0.54,0.55,99.0,149.7,146.41,99.0,0.44,77.0,0.47,268.0,0.43,339.0,0.48,263.0,0.42,425.0,0.49,299.0,0.41,529.0,0.5,311.52,0.4,584.0,0.51,452.0,0.53,268.0,0.56,77.0,0.52,263.0,0.57,339.0,0.51,299.0,0.58,425.0,0.5,311.52,0.59,529.0,0.49,452.0,0.6,584.0
2026-01-07 07:16:26.951000+00:00,2026-01-07 07:16:24.554251+00:00,86.951,0.455,0.45,0.46,0.545,0.54,0.55,15.0,126.41,126.41,15.0,0.44,142.0,0.47,294.0,0.43,399.0,0.48,305.0,0.42,319.0,0.49,535.0,0.41,529.0,0.5,304.52,0.4,584.0,0.51,334.0,0.53,294.0,0.56,142.0,0.52,305.0,0.57,399.0,0.51,535.0,0.58,319.0,0.5,304.52,0.59,529.0,0.49,334.0,0.6,584.0
2026-01-07 07:16:28.113000+00:00,2026-01-07 07:16:25.563887+00:00,88.113,0.455,0.45,0.46,0.545,0.54,0.55,145.0,20.0,20.0,145.0,0.44,299.0,0.47,75.0,0.43,419.0,0.48,102.0,0.42,623.0,0.49,129.51,0.41,529.0,0.5,207.52,0.4,584.0,0.51,284.0,0.53,75.0,0.56,369.0,0.52,102.0,0.57,419.0,0.51,129.51,0.58,623.0,0.5,202.52,0.59,529.0,0.49,284.0,0.6,584.0
2026-01-07 07:16:29.099000+00:00,2026-01-07 07:16:26.568535+00:00,89.099,0.475,0.47,0.48,0.52,0.51,0.53,112.99,25.77,140.0,112.99,0.46,128.0,0.49,115.0,0.45,349.0,0.5,208.52,0.44,333.0,0.51,299.0,0.43,444.0,0.52,379.15,0.42,623.0,0.53,370.0,0.5,183.52,0.54,128.0,0.49,299.0,0.55,349.0,0.48,379.15,0.56,333.0,0.47,405.0,0.57,444.0,0.46,403.6,0.58,623.0
2026-01-07 07:16:30.058000+00:00,2026-01-07 07:16:27.590919+00:00,90.058,0.48,0.47,0.49,0.52,0.51,0.53,102.99,140.0,130.0,102.99,0.46,128.0,0.5,192.52,0.45,349.0,0.51,285.51,0.44,333.0,0.52,391.15,0.43,444.0,0.53,381.0,0.42,623.0,0.54,403.6,0.5,192.52,0.54,128.0,0.49,285.51,0.55,349.0,0.48,415.15,0.56,540.44,0.47,369.0,0.57,444.0,0.46,403.6,0.58,623.0
2026-01-07 07:16:31.182000+00:00,2026-01-07 07:16:28.596671+00:00,91.182,0.46499999999999997,0.46,0.47,0.535,0.53,0.54,35.0,136.0,181.0,35.0,0.45,363.99,0.48,271.0,0.44,552.44,0.49,253.0,0.43,528.0,0.5,168.52,0.42,623.0,0.51,369.0,0.41,494.0,0.52,355.15,0.52,226.0,0.55,368.99,0.51,253.0,0.56,552.44,0.5,168.52,0.57,516.0,0.49,369.0,0.58,635.0,0.48,355.15,0.59,494.0
2026-01-07 07:16:32.183000+00:00,2026-01-07 07:16:29.621250+00:00,92.183,0.46499999999999997,0.46,0.47,0.535,0.53,0.54,2040.0,148.0,112.0,2040.0,0.45,304.0,0.48,275.0,0.44,421.44,0.49,319.0,0.43,188.0,0.5,168.52,0.42,622.0,0.51,369.0,0.41,494.0,0.52,355.15,0.52,294.0,0.55,304.0,0.51,300.0,0.56,421.44,0.5,168.52,0.57,152.0,0.49,369.0,0.58,646.0,0.48,355.15,0.59,506.0
2026-01-07 07:16:33.159000+00:00,2026-01-07 07:16:30.625718+00:00,93.159,0.475,0.47,0.48,0.525,0.52,0.53,139.99,183.0,183.0,139.99,0.46,2115.4,0.49,293.0,0.45,247.0,0.5,188.52,0.44,600.44,0.51,435.0,0.43,383.0,0.52,591.15,0.42,574.0,0.53,405.0,0.51,293.0,0.54,2185.4,0.5,188.52,0.55,247.0,0.49,435.0,0.56,600.44,0.48,591.15,0.57,383.0,0.47,417.0,0.58,574.0
2026-01-07 07:16:34.204000+00:00,2026-01-07 07:16:31.632161+00:00,94.204,0.495,0.49,0.5,0.505,0.5,0.51,5.0,114.99,94.99,5.0,0.48,30.0,0.51,40.0,0.47,79.99,0.52,80.51,0.46,2165.2,0.53,369.0,0.45,298.0,0.54,471.6,0.44,661.44,0.55,394.0,0.49,65.0,0.52,143.0,0.48,55.51,0.53,83.99,0.47,381.0,0.54,2220.2,0.46,437.6,0.55,333.0,0.45,359.0,0.56,661.44
2026-01-07 07:16:35.923000+00:00,2026-01-07 07:16:33.639392+00:00,95.923,0.505,0.5,0.51,0.495,0.49,0.5,76.0,140.0,140.0,76.0,0.49,144.99,0.52,35.51,0.48,487.0,0.53,263.0,0.47,361.0,0.54,413.6,0.46,2353.0,0.55,395.0,0.45,454.0,0.56,1021.48,0.48,35.51,0.51,144.99,0.47,263.0,0.52,487.0,0.46,413.6,0.53,361.0,0.45,431.0,0.54,2353.0,0.44,1033.48,0.55,454.0
2026-01-07 07:16:37.213000+00:00,2026-01-07 07:16:34.646224+00:00,97.213,0.515,0.51,0.52,0.485,0.48,0.49,213.99,10.51,10.51,188.99,0.5,237.0,0.53,218.0,0.49,177.0,0.54,446.6,0.48,263.0,0.55,603.0,0.47,422.0,0.56,986.48,0.46,2474.0,0.57,423.0,0.47,35.0,0.5,298.0,0.46,142.6,0.51,308.0,0.45,299.0,0.52,333.0,0.44,986.48,0.53,492.0,0.43,423.0,0.54,2474.0
2026-01-07 07:16:38.014000+00:00,2026-01-07 07:16:35.651998+00:00,98.014,0.515,0.51,0.52,0.485,0.48,0.49,117.96,10.51,10.51,122.96,0.5,278.0,0.53,40.0,0.49,308.0,0.54,142.6,0.48,333.0,0.55,428.0,0.47,492.0,0.56,998.48,0.46,2474.0,0.57,411.0,0.47,5.0,0.5,228.0,0.46,32.6,0.51,298.0,0.45,463.0,0.52,333.0,0.44,1013.48,0.53,457.0,0.43,411.0,0.54,2439.0
2026-01-07 07:16:39.195000+00:00,2026-01-07 07:16:36.660052+00:00,99.195,0.535,0.53,0.54,0.46499999999999997,0.46,0.47,75.0,72.6,67.6,75.0,0.52,108.0,0.55,215.0,0.51,569.0,0.56,709.48,0.5,125.0,0.57,387.0,0.49,382.0,0.58,351.0,0.48,506.0,0.59,304.0,0.45,215.0,0.48,108.0,0.44,714.48,0.49,569.0,0.43,387.0,0.5,125.0,0.42,351.0,0.51,382.0,0.41,304.0,0.52,506.0
2026-01-07 07:16:40.122000+00:00,2026-01-07 07:16:37.665278+00:00,100.122,0.535,0.53,0.54,0.46499999999999997,0.46,0.47,80.0,67.6,67.6,80.0,0.52,108.0,0.55,220.0,0.51,613.0,0.56,709.48,0.5,125.0,0.57,387.0,0.49,382.0,0.58,351.0,0.48,506.0,0.59,304.0,0.45,220.0,0.48,108.0,0.44,709.48,0.49,613.0,0.43,387.0,0.5,125.0,0.42,351.0,0.51,382.0,0.41,304.0,0.52,506.0
2026-01-07 07:16:41.125000+00:00,2026-01-07 07:16:38.673906+00:00,101.125,0.535,0.53,0.54,0.46499999999999997,0.46,0.47,56.8,72.6,72.6,56.8,0.52,120.0,0.55,215.0,0.51,613.0,0.56,892.48,0.5,125.0,0.57,387.0,0.49,382.0,0.58,351.0,0.48,454.0,0.59,304.0,0.45,215.0,0.48,120.0,0.44,892.48,0.49,613.0,0.43,387.0,0.5,125.0,0.42,351.0,0.51,382.0,0.41,304.0,0.52,454.0
2026-01-07 07:16:42.229000+00:00,2026-01-07 07:16:39.665875+00:00,102.229,0.535,0.53,0.54,0.46499999999999997,0.46,0.47,91.54,67.6,67.6,121.54,0.52,2120.0,0.55,196.0,0.51,589.0,0.56,936.48,0.5,125.0,0.57,363.0,0.49,382.0,0.58,375.0,0.48,454.0,0.59,304.0,0.45,81.0,0.48,2280.0,0.44,1031.51,0.49,315.0,0.43,366.0,0.5,237.0,0.42,611.0,0.51,503.0,0.41,304.0,0.52,419.0
2026-01-07 07:16:43.223000+00:00,2026-01-07 07:16:40.659216+00:00,103.223,0.555,0.55,0.56,0.445,0.44,0.45,60.0,682.48,687.48,167.06,0.54,236.58,0.57,15.0,0.53,318.0,0.58,50.0,0.52,2658.0,0.59,181.03,0.51,459.0,0.6,319.98,0.5,504.0,0.61,387.2,0.43,10.0,0.46,266.58,0.42,85.0,0.47,313.0,0.41,161.03,0.48,2678.0,0.4,319.98,0.49,459.0,0.39,387.2,0.5,504.0
2026-01-07 07:16:44.177000+00:00,2026-01-07 07:16:41.679448+00:00,104.177,0.555,0.55,0.56,0.445,0.44,0.45,310.72,652.48,652.48,359.72,0.54,268.58,0.57,5.0,0.53,439.0,0.58,71.0,0.52,2454.0,0.59,132.03,0.51,544.5,0.6,340.98,0.5,419.0,0.61,578.0,0.43,5.0,0.46,256.58,0.42,71.0,0.47,439.0,0.41,132.03,0.48,2454.0,0.4,133.98,0.49,544.5,0.39,578.0,0.5,419.0
2026-01-07 07:16:45.255000+00:00,2026-01-07 07:16:42.701968+00:00,105.255,0.555,0.55,0.56,0.445,0.44,0.45,623.82,513.3,452.3,618.82,0.54,331.58,0.58,40.0,0.53,454.0,0.59,35.03,0.52,2454.0,0.6,145.98,0.51,459.0,0.61,356.0,0.5,419.0,0.62,387.0,0.43,5.0,0.46,331.58,0.41,25.03,0.47,454.0,0.4,110.98,0.48,2454.0,0.39,271.0,0.49,459.0,0.38,472.0,0.5,419.0
2026-01-07 07:16:46.281000+00:00,2026-01-07 07:16:43.708329+00:00,106.281,0.555,0.55,0.56,0.445,0.44,0.45,788.1,203.3,81.3,761.1,0.54,411.58,0.57,5.0,0.53,454.0,0.58,12.0,0.52,2454.0,0.59,37.03,0.51,459.0,0.6,121.98,0.5,419.0,0.61,58.0,0.43,5.0,0.46,442.58,0.42,12.0,0.47,454.0,0.41,25.03,0.48,2454.0,0.4,121.98,0.49,459.0,0.39,22.0,0.5,419.0
2026-01-07 07:16:47.282000+00:00,2026-01-07 07:16:44.720479+00:00,107.282,0.555,0.55,0.56,0.445,0.44,0.45,708.0,70.58,70.58,708.0,0.54,585.58,0.57,29.0,0.53,490.0,0.58,12.0,0.52,2454.0,0.59,85.03,0.51,459.0,0.6,109.98,0.5,419.0,0.61,95.0,0.43,29.0,0.46,585.58,0.42,12.0,0.47,490.0,0.41,85.03,0.48,2454.0,0.4,109.98,0.49,459.0,0.39,95.0,0.5,419.0
2026-01-07 07:16:48.271000+00:00,2026-01-07 07:16:45.727135+00:00,108.271,0.555,0.55,0.56,0.445,0.44,0.45,708.0,59.77,59.77,663.0,0.54,573.58,0.57,24.0,0.53,490.0,0.58,17.0,0.52,2466.0,0.59,85.03,0.51,459.0,0.6,194.98,0.5,419.0,0.61,70.0,0.43,24.0,0.46,619.58,0.42,17.0,0.47,490.0,0.41,85.03,0.48,2466.0,0.4,194.98,0.49,459.0,0.39,70.0,0.5,419.0
2026-01-07 07:16:49.273000+00:00,2026-01-07 07:16:46.747207+00:00,109.273,0.555,0.55,0.56,0.445,0.44,0.45,653.45,24.77,24.77,653.45,0.54,619.58,0.57,29.0,0.53,490.0,0.58,12.0,0.52,2466.0,0.59,85.03,0.51,459.0,0.6,194.98,0.5,419.0,0.61,55.0,0.43,29.0,0.46,619.58,0.42,12.0,0.47,490.0,0.41,90.03,0.48,2466.0,0.4,194.98,0.49,459.0,0.39,55.0,0.5,419.0
2026-01-07 07:16:50.278000+00:00,2026-01-07 07:16:47.753969+00:00,110.278,0.555,0.55,0.56,0.445,0.44,0.45,618.45,0.77,0.77,618.45,0.54,609.58,0.57,29.0,0.53,502.0,0.58,12.0,0.52,2454.0,0.59,78.03,0.51,424.0,0.6,206.98,0.5,419.0,0.61,70.0,0.43,29.0,0.46,609.58,0.42,12.0,0.47,502.0,0.41,78.03,0.48,2454.0,0.4,206.98,0.49,424.0,0.39,70.0,0.5,419.0
2026-01-07 07:16:51.222000+00:00,2026-01-07 07:16:48.774099+00:00,111.222,0.595,0.59,0.6,0.405,0.4,0.41,85.0,95.0,95.0,80.0,0.58,93.0,0.61,134.03,0.57,93.0,0.62,121.98,0.56,99.23,0.63,399.0,0.55,658.45,0.64,563.0,0.54,515.58,0.65,399.0,0.39,134.03,0.42,98.0,0.38,121.98,0.43,93.0,0.37,387.0,0.44,99.23,0.36,563.0,0.45,658.45,0.35,399.0,0.46,515.58
2026-01-07 07:16:52.276000+00:00,2026-01-07 07:16:49.780750+00:00,112.276,0.595,0.59,0.6,0.405,0.4,0.41,5.0,249.0,249.0,5.0,0.58,80.0,0.61,219.0,0.57,115.0,0.62,226.0,0.56,170.23,0.63,375.0,0.55,693.45,0.64,563.0,0.54,550.58,0.65,399.0,0.39,280.0,0.42,80.0,0.38,287.0,0.43,115.0,0.37,375.0,0.44,170.23,0.36,563.0,0.45,648.45,0.35,399.0,0.46,596.58
2026-01-07 07:16:53.357000+00:00,2026-01-07 07:16:50.785379+00:00,113.357,0.58,0.57,0.59,0.42,0.41,0.43,50.0,110.03,145.03,85.0,0.56,77.0,0.6,179.0,0.55,800.45,0.61,316.0,0.54,457.58,0.62,263.0,0.53,404.0,0.63,339.0,0.52,2404.0,0.64,563.0,0.4,152.0,0.44,87.0,0.39,280.0,0.45,835.45,0.38,263.0,0.46,492.58,0.37,339.0,0.47,439.0,0.36,563.0,0.48,2404.0
2026-01-07 07:16:54.376000+00:00,2026-01-07 07:16:51.808267+00:00,114.376,0.585,0.58,0.59,0.415,0.41,0.42,119.0,5.0,5.0,159.0,0.57,162.0,0.6,215.0,0.56,145.0,0.61,238.0,0.55,494.45,0.62,328.98,0.54,526.58,0.63,351.0,0.53,439.0,0.64,611.0,0.4,100.0,0.43,162.0,0.39,303.03,0.44,267.0,0.38,328.98,0.45,494.45,0.37,351.0,0.46,526.58,0.36,611.0,0.47,439.0
2026-01-07 07:16:55.386000+00:00,2026-01-07 07:16:52.813776+00:00,115.386,0.595,0.59,0.6,0.405,0.4,0.41,15.0,60.0,60.0,80.0,0.58,623.4,0.62,248.0,0.57,436.0,0.63,278.0,0.56,449.0,0.64,608.0,0.55,494.45,0.65,407.0,0.54,431.58,0.66,351.0,0.38,35.0,0.42,736.4,0.37,120.03,0.43,454.0,0.36,304.0,0.44,474.0,0.35,300.98,0.45,494.45,0.34,230.0,0.46,396.58
2026-01-07 07:16:56.381000+00:00,2026-01-07 07:16:53.820171+00:00,116.381,0.595,0.59,0.6,0.405,0.4,0.41,116.0,5.0,10.0,116.0,0.58,725.4,0.61,39.0,0.57,478.0,0.62,177.0,0.56,518.0,0.63,113.98,0.55,494.45,0.64,316.0,0.54,396.58,0.65,259.0,0.39,12.0,0.42,725.4,0.38,162.0,0.43,478.0,0.37,230.98,0.44,474.0,0.36,438.0,0.45,494.45,0.35,259.0,0.46,396.58
2026-01-07 07:16:57.415000+00:00,2026-01-07 07:16:54.844272+00:00,117.415,0.595,0.59,0.6,0.405,0.4,0.41,40.0,130.0,130.0,35.0,0.58,111.1,0.61,267.0,0.57,174.0,0.62,305.0,0.56,499.0,0.63,262.0,0.55,494.45,0.64,487.0,0.54,381.58,0.65,344.0,0.39,240.0,0.42,99.1,0.38,305.0,0.43,150.0,0.37,238.0,0.44,499.0,0.36,487.0,0.45,530.45,0.35,344.0,0.46,381.58
2026-01-07 07:16:58.421000+00:00,2026-01-07 07:16:55.849508+00:00,118.421,0.595,0.59,0.6,0.405,0.4,0.41,77.44,102.0,102.0,77.44,0.58,111.6,0.61,260.0,0.57,256.0,0.62,341.0,0.56,559.0,0.63,238.0,0.55,494.45,0.64,487.0,0.54,381.58,0.65,344.0,0.39,260.0,0.42,111.6,0.38,341.0,0.43,256.0,0.37,238.0,0.44,559.0,0.36,487.0,0.45,494.45,0.35,344.0,0.46,381.58
2026-01-07 07:16:59.352000+00:00,2026-01-07 07:16:56.859352+00:00,119.352,0.605,0.6,0.61,0.395,0.39,0.4,57.0,200.0,200.0,57.0,0.59,106.44,0.62,345.0,0.58,236.6,0.63,279.98,0.57,162.0,0.64,540.0,0.56,499.0,0.65,344.0,0.55,494.45,0.66,339.0,0.38,345.0,0.41,106.44,0.37,291.98,0.42,236.6,0.36,540.0,0.43,162.0,0.35,344.0,0.44,499.0,0.34,339.0,0.45,494.45
2026-01-07 07:17:00.401000+00:00,2026-01-07 07:16:57.863942+00:00,120.401,0.605,0.6,0.61,0.395,0.39,0.4,45.0,188.0,188.0,15.0,0.59,125.44,0.62,333.0,0.58,185.5,0.63,274.0,0.57,150.0,0.64,570.0,0.56,499.0,0.65,356.0,0.55,494.45,0.66,339.0,0.38,333.0,0.41,70.44,0.37,274.0,0.42,185.5,0.36,565.0,0.43,150.0,0.35,356.0,0.44,499.0,0.34,339.0,0.45,494.45
2026-01-07 07:17:01.392000+00:00,2026-01-07 07:16:58.873535+00:00,121.392,0.595,0.59,0.6,0.405,0.4,0.41,251.44,90.0,90.0,251.44,0.58,170.5,0.61,332.03,0.57,198.0,0.62,305.0,0.56,429.0,0.63,311.0,0.55,539.45,0.64,499.0,0.54,416.58,0.65,309.0,0.39,332.03,0.42,170.5,0.38,305.0,0.43,198.0,0.37,311.0,0.44,429.0,0.36,499.0,0.45,539.45,0.35,309.0,0.46,416.58
2026-01-07 07:17:02.445000+00:00,2026-01-07 07:16:59.878068+00:00,122.445,0.555,0.55,0.56,0.445,0.44,0.45,89.45,84.0,170.0,89.45,0.53,224.0,0.57,30.0,0.52,2005.0,0.58,114.5,0.51,231.0,0.59,546.53,0.5,251.0,0.6,594.0,0.49,486.0,0.61,499.0,0.43,202.0,0.47,224.0,0.42,167.5,0.48,2005.0,0.41,544.53,0.49,110.0,0.4,549.0,0.5,130.0,0.39,454.0,0.51,134.0
2026-01-07 07:17:03.424000+00:00,2026-01-07 07:17:00.886317+00:00,123.424,0.525,0.52,0.53,0.475,0.47,0.48,1939.55,205.0,259.98,1878.55,0.51,35.0,0.54,226.35,0.5,15.0,0.55,342.55,0.49,240.45,0.56,396.0,0.48,161.0,0.57,384.0,0.47,414.0,0.58,296.5,0.46,226.35,0.49,35.0,0.45,330.55,0.5,15.0,0.44,396.0,0.51,264.45,0.43,384.0,0.52,137.0,0.42,296.5,0.53,414.0
2026-01-07 07:17:04.451000+00:00,2026-01-07 07:17:01.889118+00:00,124.451,0.525,0.52,0.53,0.475,0.47,0.48,1883.55,264.29,264.29,1883.55,0.5,95.0,0.54,226.35,0.49,116.45,0.55,285.55,0.48,125.0,0.56,408.0,0.47,414.0,0.57,428.0,0.46,2468.0,0.58,296.5,0.46,226.35,0.5,107.0,0.45,285.55,0.51,104.45,0.44,408.0,0.52,125.0,0.43,428.0,0.53,414.0,0.42,296.5,0.54,2468.0
2026-01-07 07:17:05.464000+00:00,2026-01-07 07:17:02.897823+00:00,125.464,0.525,0.52,0.53,0.45,0.44,0.46,2419.55,10.31,20.0,85.0,0.51,323.0,0.54,154.35,0.5,393.0,0.55,234.55,0.49,418.45,0.56,353.98,0.48,456.7,0.57,339.0,0.47,449.0,0.58,391.5,0.43,35.0,0.47,55.0,0.42,120.03,0.48,2366.55,0.41,130.0,0.49,348.0,0.4,129.0,0.5,393.0,0.39,284.0,0.51,444.45
2026-01-07 07:17:06.456000+00:00,2026-01-07 07:17:03.901590+00:00,126.456,0.565,0.56,0.57,0.435,0.43,0.44,227.0,55.0,55.0,227.0,0.55,293.0,0.58,120.03,0.54,396.0,0.59,130.0,0.53,429.0,0.6,165.0,0.52,2385.55,0.61,77.0,0.51,409.0,0.62,261.0,0.42,120.03,0.45,293.0,0.41,130.0,0.46,396.0,0.4,165.0,0.47,429.0,0.39,77.0,0.48,2385.55,0.38,261.0,0.49,409.0
2026-01-07 07:17:07.475000+00:00,2026-01-07 07:17:04.919882+00:00,127.475,0.565,0.56,0.57,0.435,0.43,0.44,227.0,55.0,55.0,227.0,0.55,293.0,0.58,120.03,0.54,396.0,0.59,166.0,0.53,439.0,0.6,141.0,0.52,2385.55,0.61,101.0,0.51,409.0,0.62,213.0,0.42,120.03,0.45,293.0,0.41,166.0,0.46,396.0,0.4,153.0,0.47,439.0,0.39,101.0,0.48,2385.55,0.38,213.0,0.49,409.0
2026-01-07 07:17:08.457000+00:00,2026-01-07 07:17:05.940836+00:00,128.457,0.565,0.56,0.57,0.435,0.43,0.44,173.0,155.0,155.0,173.0,0.55,293.0,0.58,67.0,0.54,420.0,0.59,146.0,0.53,439.0,0.6,165.0,0.52,2385.55,0.61,77.0,0.51,409.0,0.62,213.0,0.42,67.0,0.45,293.0,0.41,146.0,0.46,420.0,0.4,165.0,0.47,439.0,0.39,77.0,0.48,2385.55,0.38,213.0,0.49,409.0
2026-01-07 07:17:09.344000+00:00,2026-01-07 07:17:06.945116+00:00,129.344,0.565,0.56,0.57,0.435,0.43,0.44,168.09,155.0,155.0,168.09,0.55,363.0,0.58,67.0,0.54,714.0,0.59,146.0,0.53,439.0,0.6,165.0,0.52,2385.55,0.61,82.0,0.51,409.0,0.62,213.0,0.42,67.0,0.45,363.0,0.41,146.0,0.46,714.0,0.4,165.0,0.47,439.0,0.39,82.0,0.48,2385.55,0.38,213.0,0.49,409.0
2026-01-07 07:17:10.531000+00:00,2026-01-07 07:17:07.967905+00:00,130.531,0.565,0.56,0.57,0.435,0.43,0.44,579.18,30.0,30.0,534.18,0.55,434.0,0.59,15.0,0.54,454.0,0.61,5.0,0.53,464.0,0.62,183.0,0.52,2337.55,0.63,304.0,0.51,374.0,0.64,304.0,0.41,15.0,0.45,429.0,0.39,5.0,0.46,454.0,0.35,2005.0,0.47,464.0,0.34,5.0,0.48,2337.55,0.33,10.0,0.49,374.0
2026-01-07 07:17:11.557000+00:00,2026-01-07 07:17:08.973633+00:00,131.557,0.715,0.71,0.72,0.28500000000000003,0.28,0.29,136.0,107.0,132.0,136.0,0.7,61.0,0.73,198.0,0.69,55.0,0.74,400.0,0.68,141.0,0.75,369.0,0.67,86.0,0.76,324.0,0.66,157.59,0.77,304.0,0.27,208.0,0.3,96.0,0.26,400.0,0.31,55.0,0.25,369.0,0.32,141.0,0.24,359.0,0.33,121.0,0.23,304.0,0.34,157.59
2026-01-07 07:17:12.535000+00:00,2026-01-07 07:17:09.979986+00:00,132.535,0.705,0.7,0.71,0.295,0.29,0.3,91.72,12.93,68.85,91.72,0.69,80.0,0.72,109.44,0.68,55.0,0.73,208.0,0.67,72.0,0.74,400.0,0.66,152.0,0.75,344.0,0.65,52.0,0.76,388.98,0.28,109.44,0.31,80.0,0.27,208.0,0.32,55.0,0.26,400.0,0.33,72.0,0.25,344.0,0.34,140.0,0.24,388.98,0.35,52.0
2026-01-07 07:17:13.525000+00:00,2026-01-07 07:17:10.971149+00:00,133.525,0.695,0.69,0.7,0.305,0.3,0.31,111.0,54.78,54.78,111.0,0.68,139.0,0.71,73.85,0.67,72.0,0.72,73.44,0.66,80.0,0.73,220.0,0.65,40.0,0.74,424.0,0.64,548.0,0.75,344.0,0.29,73.85,0.32,139.0,0.28,73.44,0.33,72.0,0.27,220.0,0.34,80.0,0.26,424.0,0.35,40.0,0.25,374.0,0.36,548.0
2026-01-07 07:17:14.604000+00:00,2026-01-07 07:17:11.990843+00:00,134.604,0.705,0.7,0.71,0.305,0.3,0.31,19.83,251.0,148.17,40.0,0.69,76.0,0.72,148.44,0.68,128.0,0.73,472.99,0.67,83.0,0.74,743.0,0.66,80.0,0.75,438.0,0.65,40.0,0.76,394.0,0.29,208.0,0.32,165.0,0.28,173.44,0.33,83.0,0.27,472.99,0.34,80.0,0.26,743.0,0.35,40.0,0.25,403.0,0.36,85.0
2026-01-07 07:17:15.497000+00:00,2026-01-07 07:17:12.997485+00:00,135.497,0.695,0.69,0.7,0.305,0.3,0.31,54.83,201.74,201.74,54.83,0.68,165.0,0.71,208.0,0.67,83.0,0.72,173.44,0.66,80.0,0.73,431.0,0.65,110.0,0.74,755.0,0.64,155.0,0.75,391.0,0.29,193.0,0.32,153.0,0.28,173.44,0.33,35.0,0.27,431.0,0.34,80.0,0.26,743.0,0.35,110.0,0.25,391.0,0.36,155.0
2026-01-07 07:17:16.573000+00:00,2026-01-07 07:17:14.003113+00:00,136.573,0.7,0.69,0.71,0.275,0.27,0.28,746.68,183.0,10.63,83.41,0.68,368.0,0.72,23.44,0.67,394.8,0.73,198.63,0.66,393.0,0.74,359.0,0.65,353.0,0.75,319.0,0.64,363.0,0.76,359.0,0.26,55.0,0.29,80.0,0.25,198.0,0.3,45.0,0.24,238.0,0.31,807.68,0.23,318.0,0.32,454.0,0.22,268.0,0.33,455.8
2026-01-07 07:17:17.530000+00:00,2026-01-07 07:17:15.023226+00:00,137.53,0.735,0.73,0.74,0.265,0.26,0.27,93.96,60.0,60.0,93.96,0.72,121.35,0.75,198.0,0.71,55.0,0.76,238.0,0.7,80.0,0.77,298.0,0.69,756.68,0.78,288.0,0.68,454.0,0.79,394.0,0.25,198.0,0.28,121.35,0.24,238.0,0.29,55.0,0.23,263.0,0.3,80.0,0.22,323.0,0.31,756.68,0.21,382.0,0.32,454.0
2026-01-07 07:17:18.591000+00:00,2026-01-07 07:17:16.028841+00:00,138.591,0.725,0.72,0.73,0.275,0.27,0.28,30.0,298.0,289.04,25.0,0.71,45.0,0.74,452.99,0.7,45.0,0.75,654.99,0.69,136.68,0.76,458.0,0.68,115.0,0.77,384.0,0.67,79.9,0.78,366.0,0.26,452.99,0.29,45.0,0.25,654.99,0.3,45.0,0.24,507.0,0.31,100.68,0.23,384.0,0.32,115.0,0.22,366.0,0.33,60.0
2026-01-07 07:17:19.546000+00:00,2026-01-07 07:17:17.021339+00:00,139.546,0.695,0.69,0.7,0.305,0.3,0.31,124.68,73.15,5.0,88.68,0.68,103.0,0.71,207.0,0.67,84.0,0.72,213.36,0.66,388.0,0.73,190.4,0.65,363.0,0.74,477.99,0.64,414.0,0.75,613.0,0.29,85.0,0.32,103.0,0.28,213.36,0.33,84.0,0.27,175.4,0.34,449.0,0.26,356.99,0.35,424.0,0.25,492.0,0.36,414.0
2026-01-07 07:17:20.590000+00:00,2026-01-07 07:17:18.041688+00:00,140.59,0.705,0.7,0.71,0.295,0.29,0.3,302.13,52.45,52.45,302.13,0.69,208.68,0.72,242.36,0.68,55.0,0.73,163.4,0.67,60.0,0.74,332.99,0.66,519.0,0.75,504.0,0.65,424.0,0.76,495.0,0.28,230.36,0.31,196.68,0.27,175.4,0.32,55.0,0.26,332.99,0.33,60.0,0.25,516.0,0.34,519.0,0.24,507.0,0.35,424.0
2026-01-07 07:17:21.564000+00:00,2026-01-07 07:17:19.047099+00:00,141.564,0.715,0.71,0.72,0.28500000000000003,0.28,0.29,64.0,213.36,153.98,64.0,0.7,438.5,0.73,192.4,0.69,160.68,0.74,332.99,0.68,55.0,0.75,504.0,0.67,130.0,0.76,495.0,0.66,514.0,0.77,419.0,0.27,192.4,0.3,462.5,0.26,332.99,0.31,88.68,0.25,492.0,0.32,92.0,0.24,507.0,0.33,130.0,0.23,431.0,0.34,514.0
2026-01-07 07:17:22.608000+00:00,2026-01-07 07:17:20.050408+00:00,142.608,0.715,0.71,0.72,0.28500000000000003,0.28,0.29,50.02,130.59,130.59,50.02,0.7,474.5,0.73,180.4,0.69,124.68,0.74,245.0,0.68,125.0,0.75,352.0,0.67,354.0,0.76,519.0,0.66,514.0,0.77,431.0,0.27,180.4,0.3,474.5,0.26,245.0,0.31,124.68,0.25,352.0,0.32,125.0,0.24,519.0,0.33,354.0,0.23,431.0,0.34,514.0
2026-01-07 07:17:23.485000+00:00,2026-01-07 07:17:21.051786+00:00,143.485,0.715,0.71,0.72,0.28500000000000003,0.28,0.29,52.5,129.2,129.2,42.98,0.7,498.5,0.73,168.4,0.69,158.68,0.74,257.0,0.68,125.0,0.75,352.0,0.67,354.0,0.76,458.0,0.66,535.1,0.77,443.0,0.27,168.4,0.3,498.5,0.26,257.0,0.31,158.68,0.25,352.0,0.32,125.0,0.24,458.0,0.33,359.0,0.23,443.0,0.34,535.1
2026-01-07 07:17:24.519000+00:00,2026-01-07 07:17:22.058034+00:00,144.519,0.705,0.7,0.71,0.295,0.29,0.3,488.5,168.0,229.0,488.5,0.69,53.68,0.72,112.46,0.68,187.0,0.73,436.4,0.67,334.0,0.74,381.0,0.66,414.1,0.75,445.0,0.65,368.0,0.76,393.0,0.28,112.46,0.31,53.68,0.27,436.4,0.32,150.0,0.26,369.0,0.33,371.0,0.25,445.0,0.34,414.1,0.24,393.0,0.35,368.0
2026-01-07 07:17:25.587000+00:00,2026-01-07 07:17:23.066216+00:00,145.587,0.705,0.7,0.71,0.295,0.29,0.3,395.2,195.59,195.59,395.2,0.69,137.68,0.72,112.46,0.68,220.0,0.73,450.4,0.67,371.0,0.74,369.0,0.66,417.1,0.75,460.0,0.65,368.0,0.76,451.0,0.28,124.46,0.31,137.68,0.27,450.4,0.32,257.0,0.26,369.0,0.33,334.0,0.25,460.0,0.34,417.1,0.24,451.0,0.35,368.0
2026-01-07 07:17:26.644000+00:00,2026-01-07 07:17:24.084775+00:00,146.644,0.705,0.7,0.71,0.295,0.29,0.3,314.7,348.17,557.18,314.7,0.69,18.68,0.72,198.46,0.68,220.0,0.73,396.39,0.67,371.0,0.74,381.0,0.66,270.0,0.75,406.0,0.65,404.0,0.76,439.0,0.28,334.46,0.33,80.0,0.27,366.4,0.34,151.0,0.26,415.0,0.35,404.0,0.25,401.0,0.36,398.0,0.24,454.0,0.37,524.0
2026-01-07 07:17:27.667000+00:00,2026-01-07 07:17:25.103121+00:00,147.667,0.685,0.68,0.69,0.315,0.31,0.32,120.0,5.0,81.0,45.0,0.67,86.0,0.7,76.0,0.66,190.0,0.71,597.7,0.65,302.0,0.72,327.46,0.64,262.0,0.73,369.4,0.63,484.0,0.74,370.0,0.3,210.99,0.33,133.0,0.29,566.7,0.34,162.0,0.28,318.46,0.35,270.0,0.27,378.4,0.36,262.0,0.26,369.0,0.37,484.0
2026-01-07 07:17:28.669000+00:00,2026-01-07 07:17:26.104399+00:00,148.669,0.675,0.67,0.68,0.325,0.32,0.33,5.0,706.99,796.99,5.0,0.65,5.0,0.69,248.42,0.64,70.0,0.7,262.0,0.63,456.0,0.71,338.7,0.62,218.0,0.72,300.46,0.61,288.0,0.73,349.4,0.31,236.42,0.35,5.0,0.3,322.0,0.36,70.0,0.29,338.7,0.37,249.0,0.28,370.46,0.38,290.0,0.27,419.4,0.39,358.0
2026-01-07 07:17:29.627000+00:00,2026-01-07 07:17:27.111310+00:00,149.627,0.655,0.65,0.66,0.345,0.34,0.35,5.0,118.78,118.78,5.0,0.64,65.0,0.67,434.0,0.63,276.0,0.68,624.76,0.62,119.0,0.69,285.42,0.61,218.0,0.7,274.0,0.6,430.0,0.71,373.7,0.33,434.0,0.36,65.0,0.32,624.76,0.37,276.0,0.31,285.42,0.38,119.0,0.3,274.0,0.39,218.0,0.29,373.7,0.4,430.0
2026-01-07 07:17:30.707000+00:00,2026-01-07 07:17:28.132079+00:00,150.707,0.645,0.64,0.65,0.365,0.36,0.37,46.58,59.0,28.43,24.66,0.63,316.5,0.66,134.85,0.62,35.0,0.67,426.0,0.61,218.0,0.68,637.76,0.6,373.0,0.69,273.42,0.59,373.0,0.7,274.0,0.35,74.0,0.38,95.0,0.34,141.85,0.39,218.0,0.33,414.0,0.4,358.0,0.32,686.76,0.41,343.0,0.31,273.42,0.42,358.0
2026-01-07 07:17:31.556000+00:00,2026-01-07 07:17:29.136059+00:00,151.556,0.625,0.62,0.63,0.375,0.37,0.38,49.2,77.33,77.33,49.2,0.61,10.0,0.64,41.42,0.6,400.0,0.65,94.0,0.59,477.99,0.66,267.85,0.58,393.0,0.67,451.0,0.57,492.17,0.68,625.76,0.36,41.42,0.39,80.0,0.35,94.0,0.4,330.0,0.34,267.85,0.41,477.99,0.33,463.0,0.42,393.0,0.32,625.76,0.43,492.17
2026-01-07 07:17:32.642000+00:00,2026-01-07 07:17:30.141794+00:00,152.642,0.625,0.62,0.63,0.375,0.37,0.38,79.59,46.07,46.07,84.59,0.61,121.0,0.64,41.42,0.6,403.0,0.65,80.0,0.59,423.0,0.66,291.85,0.58,408.0,0.67,487.0,0.57,464.0,0.68,413.76,0.36,41.42,0.39,121.0,0.35,80.0,0.4,403.0,0.34,291.85,0.41,423.0,0.33,487.0,0.42,408.0,0.32,413.76,0.43,464.0
2026-01-07 07:17:33.655000+00:00,2026-01-07 07:17:31.146257+00:00,153.655,0.625,0.62,0.63,0.375,0.37,0.38,91.2,41.98,29.5,91.2,0.61,121.0,0.64,76.42,0.6,403.0,0.65,103.0,0.59,438.0,0.66,304.85,0.58,393.0,0.67,453.0,0.57,464.0,0.68,401.76,0.36,76.42,0.39,121.0,0.35,115.0,0.4,403.0,0.34,316.85,0.41,438.0,0.33,453.0,0.42,393.0,0.32,401.76,0.43,464.0
2026-01-07 07:17:34.716000+00:00,2026-01-07 07:17:32.155565+00:00,154.716,0.635,0.63,0.64,0.365,0.36,0.37,279.72,50.0,20.0,461.71,0.62,302.2,0.65,62.0,0.61,435.0,0.66,293.85,0.6,466.0,0.67,475.0,0.59,534.0,0.68,583.0,0.58,479.0,0.69,266.42,0.34,30.0,0.38,339.2,0.33,135.0,0.39,454.0,0.32,462.0,0.4,454.0,0.31,314.42,0.41,534.0,0.3,283.0,0.42,479.0
2026-01-07 07:17:35.758000+00:00,2026-01-07 07:17:33.160665+00:00,155.758,0.665,0.66,0.67,0.335,0.33,0.34,24.0,133.59,131.51,12.0,0.65,159.98,0.68,279.0,0.64,303.0,0.69,97.0,0.63,378.0,0.7,162.0,0.62,364.2,0.71,323.7,0.61,454.0,0.72,273.46,0.32,279.0,0.35,68.0,0.31,145.0,0.36,357.0,0.3,150.0,0.37,378.0,0.29,323.7,0.38,364.2,0.28,273.46,0.39,454.0
2026-01-07 07:17:36.757000+00:00,2026-01-07 07:17:34.182972+00:00,156.757,0.66,0.65,0.67,0.33999999999999997,0.33,0.35,168.0,114.49,114.49,168.0,0.64,287.0,0.68,291.0,0.63,378.0,0.69,145.0,0.62,364.2,0.7,126.0,0.61,454.0,0.71,323.7,0.6,454.0,0.72,268.46,0.32,303.0,0.36,299.0,0.31,145.0,0.37,378.0,0.3,126.0,0.38,364.2,0.29,323.7,0.39,454.0,0.28,268.46,0.4,454.0
2026-01-07 07:17:37.732000+00:00,2026-01-07 07:17:35.185947+00:00,157.732,0.655,0.65,0.66,0.355,0.35,0.36,134.0,20.0,45.0,350.78,0.64,346.89,0.67,109.49,0.63,338.0,0.68,339.0,0.62,404.2,0.69,109.0,0.61,454.0,0.7,126.0,0.6,454.0,0.71,323.7,0.34,117.0,0.37,377.99,0.33,121.49,0.38,434.19,0.32,279.0,0.39,454.0,0.31,85.0,0.4,454.0,0.3,126.0,0.41,479.0
2026-01-07 07:17:38.742000+00:00,2026-01-07 07:17:36.193306+00:00,158.742,0.645,0.64,0.65,0.355,0.35,0.36,31.55,127.0,127.0,31.55,0.62,54.2,0.66,197.0,0.61,289.0,0.67,292.49,0.6,317.0,0.68,384.0,0.59,603.99,0.69,401.0,0.58,499.0,0.7,212.0,0.34,258.0,0.37,5.0,0.33,292.49,0.38,54.2,0.32,384.0,0.39,289.0,0.31,401.0,0.4,317.0,0.3,282.0,0.41,673.99
2026-01-07 07:17:39.755000+00:00,2026-01-07 07:17:37.199960+00:00,159.755,0.645,0.64,0.65,0.355,0.35,0.36,84.35,119.98,96.37,84.35,0.63,5.0,0.66,294.0,0.62,78.2,0.67,304.49,0.61,385.0,0.68,384.0,0.6,292.0,0.69,369.0,0.59,473.99,0.7,282.0,0.34,294.0,0.37,5.0,0.33,304.49,0.38,78.2,0.32,384.0,0.39,385.0,0.31,369.0,0.4,280.0,0.3,282.0,0.41,473.99
2026-01-07 07:17:40.553000+00:00,2026-01-07 07:17:38.206221+00:00,160.553,0.645,0.64,0.65,0.355,0.35,0.36,93.24,72.37,72.37,83.26,0.63,17.0,0.66,318.0,0.62,154.2,0.67,316.49,0.61,320.0,0.68,396.0,0.6,280.0,0.69,369.0,0.59,543.99,0.7,282.0,0.34,318.0,0.37,17.0,0.33,316.49,0.38,114.2,0.32,396.0,0.39,361.0,0.31,369.0,0.4,280.0,0.3,282.0,0.41,543.99
2026-01-07 07:17:41.765000+00:00,2026-01-07 07:17:39.228177+00:00,161.765,0.645,0.64,0.65,0.355,0.35,0.36,194.26,48.24,48.24,199.39,0.63,121.0,0.66,80.0,0.62,474.2,0.67,121.49,0.61,307.99,0.68,311.0,0.6,333.0,0.69,393.0,0.59,514.0,0.7,294.0,0.34,80.0,0.37,121.0,0.33,121.49,0.38,439.2,0.32,311.0,0.39,531.99,0.31,393.0,0.4,333.0,0.3,294.0,0.41,514.0
2026-01-07 07:17:42.785000+00:00,2026-01-07 07:17:40.232764+00:00,162.785,0.645,0.64,0.65,0.355,0.35,0.36,164.33,11.98,11.98,164.33,0.63,201.0,0.66,105.0,0.62,434.2,0.67,96.49,0.61,597.99,0.68,311.0,0.6,333.0,0.69,381.0,0.59,479.0,0.7,329.0,0.34,105.0,0.37,301.0,0.33,96.49,0.38,404.2,0.32,323.0,0.39,556.99,0.31,381.0,0.4,333.0,0.3,329.0,0.41,479.0
2026-01-07 07:17:43.748000+00:00,2026-01-07 07:17:41.239968+00:00,163.748,0.645,0.64,0.65,0.355,0.35,0.36,186.46,11.98,8.34,186.46,0.63,277.0,0.66,105.0,0.62,378.2,0.67,84.49,0.61,597.99,0.68,323.0,0.6,333.0,0.69,393.0,0.59,479.0,0.7,259.0,0.34,105.0,0.37,277.0,0.33,84.49,0.38,378.2,0.32,323.0,0.39,597.99,0.31,393.0,0.4,333.0,0.3,259.0,0.41,479.0
2026-01-07 07:17:44.813000+00:00,2026-01-07 07:17:42.260135+00:00,164.813,0.645,0.64,0.65,0.355,0.35,0.36,172.11,8.34,8.34,172.11,0.63,277.0,0.66,119.0,0.62,433.2,0.67,84.49,0.61,542.0,0.68,323.0,0.6,333.0,0.69,393.0,0.59,479.0,0.7,259.0,0.34,119.0,0.37,332.0,0.33,84.49,0.38,379.0,0.32,323.0,0.39,542.0,0.31,393.0,0.4,333.0,0.3,259.0,0.41,479.0
2026-01-07 07:17:45.823000+00:00,2026-01-07 07:17:43.267631+00:00,165.823,0.645,0.64,0.65,0.355,0.35,0.36,109.36,5.32,3.78,109.36,0.63,380.0,0.66,96.0,0.62,376.0,0.67,169.49,0.61,573.99,0.68,474.0,0.6,333.0,0.69,381.0,0.59,479.0,0.7,247.0,0.34,96.0,0.37,380.0,0.33,169.49,0.38,376.0,0.32,474.0,0.39,573.99,0.31,381.0,0.4,333.0,0.3,247.0,0.41,479.0
2026-01-07 07:17:46.628000+00:00,2026-01-07 07:17:44.273524+00:00,166.628,0.645,0.64,0.65,0.355,0.35,0.36,169.49,17.78,17.78,169.49,0.63,310.0,0.66,82.0,0.62,376.0,0.67,169.49,0.61,568.99,0.68,474.0,0.6,333.0,0.69,260.0,0.59,479.0,0.7,247.0,0.34,82.0,0.37,310.0,0.33,169.49,0.38,391.0,0.32,474.0,0.39,553.99,0.31,260.0,0.4,333.0,0.3,247.0,0.41,479.0
2026-01-07 07:17:47.812000+00:00,2026-01-07 07:17:45.266428+00:00,167.812,0.645,0.64,0.65,0.355,0.35,0.36,84.49,17.78,3.78,114.62,0.63,340.0,0.66,82.0,0.62,446.0,0.67,169.49,0.61,539.0,0.68,474.0,0.6,333.0,0.69,260.0,0.59,479.0,0.7,247.0,0.34,96.0,0.37,340.0,0.33,169.49,0.38,446.0,0.32,474.0,0.39,539.0,0.31,260.0,0.4,333.0,0.3,247.0,0.41,479.0
2026-01-07 07:17:48.793000+00:00,2026-01-07 07:17:46.270146+00:00,168.793,0.645,0.64,0.65,0.355,0.35,0.36,75.73,17.78,19.76,65.86,0.63,563.0,0.66,82.0,0.62,406.0,0.67,169.49,0.61,539.0,0.68,291.0,0.6,333.0,0.69,260.0,0.59,479.0,0.7,247.0,0.34,77.0,0.37,563.0,0.33,169.49,0.38,406.0,0.32,291.0,0.39,539.0,0.31,260.0,0.4,333.0,0.3,247.0,0.41,479.0
2026-01-07 07:17:49.675000+00:00,2026-01-07 07:17:47.275560+00:00,169.675,0.645,0.64,0.65,0.355,0.35,0.36,104.86,19.76,19.76,80.24,0.63,523.0,0.66,77.0,0.62,406.0,0.67,169.49,0.61,544.0,0.68,291.0,0.6,333.0,0.69,260.0,0.59,479.0,0.7,247.0,0.34,77.0,0.37,523.0,0.33,169.49,0.38,406.0,0.32,291.0,0.39,544.0,0.31,260.0,0.4,333.0,0.3,247.0,0.41,479.0
2026-01-07 07:17:50.798000+00:00,2026-01-07 07:17:48.281182+00:00,170.798,0.645,0.64,0.65,0.355,0.35,0.36,74.0,19.76,5.76,35.0,0.63,548.0,0.66,112.0,0.62,366.0,0.67,144.49,0.61,553.99,0.68,316.0,0.6,333.0,0.69,260.0,0.59,514.0,0.7,247.0,0.34,126.0,0.37,548.0,0.33,144.49,0.38,366.0,0.32,316.0,0.39,553.99,0.31,260.0,0.4,333.0,0.3,247.0,0.41,514.0
2026-01-07 07:17:51.703000+00:00,2026-01-07 07:17:49.287140+00:00,171.703,0.645,0.64,0.65,0.355,0.35,0.36,20.0,19.76,19.76,20.0,0.63,533.0,0.66,112.0,0.62,402.9,0.67,144.49,0.61,568.99,0.68,316.0,0.6,333.0,0.69,260.0,0.59,514.0,0.7,247.0,0.34,112.0,0.37,533.0,0.33,144.49,0.38,417.9,0.32,316.0,0.39,539.0,0.31,260.0,0.4,333.0,0.3,247.0,0.41,514.0
2026-01-07 07:17:52.871000+00:00,2026-01-07 07:17:50.310805+00:00,172.871,0.645,0.64,0.65,0.355,0.35,0.36,20.0,18.57,18.57,20.0,0.63,573.0,0.66,112.0,0.62,362.9,0.67,144.49,0.61,568.99,0.68,316.0,0.6,333.0,0.69,260.0,0.59,514.0,0.7,247.0,0.34,112.0,0.37,573.0,0.33,144.49,0.38,362.9,0.32,316.0,0.39,568.99,0.31,260.0,0.4,333.0,0.3,247.0,0.41,514.0
2026-01-07 07:17:53.859000+00:00,2026-01-07 07:17:51.317289+00:00,173.859,0.645,0.64,0.65,0.35,0.34,0.36,90.0,4.57,85.69,90.0,0.63,463.0,0.66,126.0,0.62,402.9,0.67,144.49,0.61,573.99,0.68,316.0,0.6,333.0,0.69,260.0,0.59,514.0,0.7,247.0,0.33,96.49,0.37,336.0,0.32,304.0,0.38,460.9,0.31,248.0,0.39,532.0,0.3,247.0,0.4,363.0,0.29,378.7,0.41,514.0
2026-01-07 07:17:54.871000+00:00,2026-01-07 07:17:52.342552+00:00,174.871,0.645,0.64,0.65,0.355,0.35,0.36,25.0,91.81,91.81,25.0,0.63,175.0,0.66,88.69,0.62,306.9,0.67,218.49,0.61,735.0,0.68,608.0,0.6,387.0,0.69,369.0,0.59,405.0,0.7,247.0,0.34,88.69,0.37,175.0,0.33,218.49,0.38,291.9,0.32,608.0,0.39,735.0,0.31,369.0,0.4,387.0,0.3,247.0,0.41,405.0
2026-01-07 07:17:55.930000+00:00,2026-01-07 07:17:53.364819+00:00,175.93,0.645,0.64,0.65,0.355,0.35,0.36,60.0,29.0,15.0,108.0,0.63,150.0,0.66,29.69,0.62,170.9,0.67,292.49,0.61,609.0,0.68,583.0,0.6,405.0,0.69,369.0,0.59,358.0,0.7,247.0,0.34,43.69,0.37,289.0,0.33,316.49,0.38,180.9,0.32,631.0,0.39,632.99,0.31,381.0,0.4,333.0,0.3,259.0,0.41,358.0
2026-01-07 07:17:56.951000+00:00,2026-01-07 07:17:54.388913+00:00,176.951,0.65,0.64,0.66,0.35,0.34,0.36,120.0,80.5,80.5,109.61,0.63,174.0,0.67,316.49,0.62,290.9,0.68,631.0,0.61,598.99,0.69,381.0,0.6,333.0,0.7,259.0,0.59,358.0,0.71,413.7,0.33,316.49,0.37,174.0,0.32,631.0,0.38,250.9,0.31,381.0,0.39,639.99,0.3,259.0,0.4,333.0,0.29,413.7,0.41,358.0
2026-01-07 07:17:57.921000+00:00,2026-01-07 07:17:55.380958+00:00,177.921,0.645,0.64,0.65,0.355,0.35,0.36,61.61,14.0,14.0,49.61,0.63,162.0,0.66,85.5,0.62,248.9,0.67,340.49,0.61,639.99,0.68,595.0,0.6,333.0,0.69,381.0,0.59,358.0,0.7,247.0,0.34,97.5,0.37,198.0,0.33,340.49,0.38,272.9,0.32,595.0,0.39,627.99,0.31,381.0,0.4,345.0,0.3,247.0,0.41,358.0
2026-01-07 07:17:58.843000+00:00,2026-01-07 07:17:56.401458+00:00,178.843,0.65,0.64,0.66,0.35,0.34,0.36,49.61,94.5,94.5,49.61,0.63,177.0,0.67,340.49,0.62,296.9,0.68,583.0,0.61,639.99,0.69,381.0,0.6,345.0,0.7,247.0,0.59,358.0,0.71,393.7,0.33,340.49,0.37,177.0,0.32,583.0,0.38,296.9,0.31,381.0,0.39,639.99,0.3,247.0,0.4,345.0,0.29,393.7,0.41,358.0
2026-01-07 07:17:59.961000+00:00,2026-01-07 07:17:57.407626+00:00,179.961,0.65,0.64,0.66,0.35,0.34,0.36,49.61,107.31,107.31,49.61,0.63,189.0,0.67,340.49,0.62,284.9,0.68,583.0,0.61,603.99,0.69,381.0,0.6,392.4,0.7,247.0,0.59,363.4,0.71,428.7,0.33,340.49,0.37,189.0,0.32,583.0,0.38,284.9,0.31,381.0,0.39,603.99,0.3,247.0,0.4,350.4,0.29,393.7,0.41,363.4
2026-01-07 07:18:00.925000+00:00,2026-01-07 07:17:58.398485+00:00,180.925,0.65,0.64,0.66,0.35,0.34,0.36,131.61,93.31,93.31,119.61,0.63,130.0,0.67,340.49,0.62,272.9,0.68,595.0,0.61,386.0,0.69,381.0,0.6,368.4,0.7,247.0,0.59,363.4,0.71,393.7,0.33,340.49,0.37,130.0,0.32,595.0,0.38,272.9,0.31,381.0,0.39,386.0,0.3,247.0,0.4,368.4,0.29,393.7,0.41,363.4
2026-01-07 07:18:01.937000+00:00,2026-01-07 07:17:59.406981+00:00,181.937,0.645,0.64,0.65,0.355,0.35,0.36,35.0,50.0,38.0,35.0,0.63,150.0,0.66,103.31,0.62,177.9,0.67,292.49,0.61,492.0,0.68,595.0,0.6,363.0,0.69,369.0,0.59,370.0,0.7,247.0,0.34,115.31,0.37,150.0,0.33,292.49,0.38,177.9,0.32,595.0,0.39,492.0,0.31,369.0,0.4,363.0,0.3,247.0,0.41,370.0
2026-01-07 07:18:02.955000+00:00,2026-01-07 07:18:00.413599+00:00,182.955,0.645,0.64,0.65,0.355,0.35,0.36,40.0,38.0,38.0,40.0,0.63,162.0,0.66,91.31,0.62,196.9,0.67,316.49,0.61,456.0,0.68,583.0,0.6,363.0,0.69,381.0,0.59,370.0,0.7,247.0,0.34,91.31,0.37,162.0,0.33,316.49,0.38,196.9,0.32,583.0,0.39,456.0,0.31,381.0,0.4,363.0,0.3,247.0,0.41,370.0
2026-01-07 07:18:03.903000+00:00,2026-01-07 07:18:01.421137+00:00,183.903,0.645,0.64,0.65,0.355,0.35,0.36,40.0,14.0,14.0,40.0,0.63,186.0,0.66,103.31,0.62,184.9,0.67,328.49,0.61,403.0,0.68,583.0,0.6,417.0,0.69,381.0,0.59,358.0,0.7,247.0,0.34,103.31,0.37,186.0,0.33,328.49,0.38,184.9,0.32,583.0,0.39,444.0,0.31,381.0,0.4,375.0,0.3,247.0,0.41,358.0
2026-01-07 07:18:04.861000+00:00,2026-01-07 07:18:02.441944+00:00,184.861,0.645,0.64,0.65,0.355,0.35,0.36,40.0,14.0,14.0,40.0,0.63,186.0,0.66,103.31,0.62,411.0,0.67,328.49,0.61,457.5,0.68,583.0,0.6,375.0,0.69,401.0,0.59,358.0,0.7,247.0,0.34,103.31,0.37,186.0,0.33,328.49,0.38,411.0,0.32,583.0,0.39,457.5,0.31,401.0,0.4,375.0,0.3,247.0,0.41,358.0
2026-01-07 07:18:06.011000+00:00,2026-01-07 07:18:03.465558+00:00,186.011,0.645,0.64,0.65,0.355,0.35,0.36,35.0,14.0,14.0,35.0,0.63,198.0,0.66,103.31,0.62,399.0,0.67,328.49,0.61,452.5,0.68,583.0,0.6,375.0,0.69,401.0,0.59,358.0,0.7,247.0,0.34,103.31,0.37,198.0,0.33,328.49,0.38,399.0,0.32,583.0,0.39,452.5,0.31,401.0,0.4,375.0,0.3,247.0,0.41,358.0
2026-01-07 07:18:07.842000+00:00,2026-01-07 07:18:05.480571+00:00,187.842,0.65,0.64,0.66,0.35,0.34,0.36,130.0,93.31,93.31,130.0,0.63,166.0,0.67,328.49,0.62,461.0,0.68,607.0,0.61,341.5,0.69,401.0,0.6,417.0,0.7,247.0,0.59,363.4,0.71,428.7,0.33,328.49,0.37,166.0,0.32,607.0,0.38,461.0,0.31,401.0,0.39,341.5,0.3,247.0,0.4,417.0,0.29,428.7,0.41,363.4
2026-01-07 07:18:09.782000+00:00,2026-01-07 07:18:07.493097+00:00,189.782,0.65,0.64,0.66,0.35,0.34,0.36,130.0,108.31,93.31,130.0,0.63,166.0,0.67,328.49,0.62,441.0,0.68,607.0,0.61,361.5,0.69,381.0,0.6,417.0,0.7,267.0,0.59,363.4,0.71,428.7,0.33,328.49,0.37,166.0,0.32,607.0,0.38,441.0,0.31,381.0,0.39,361.5,0.3,267.0,0.4,417.0,0.29,428.7,0.41,363.4
2026-01-07 07:18:11.007000+00:00,2026-01-07 07:18:08.510690+00:00,191.007,0.65,0.64,0.66,0.35,0.34,0.36,130.0,93.31,93.31,130.0,0.63,166.0,0.67,328.49,0.62,461.0,0.68,607.0,0.61,353.5,0.69,381.0,0.6,405.0,0.7,267.0,0.59,363.4,0.71,428.7,0.33,328.49,0.37,166.0,0.32,607.0,0.38,461.0,0.31,381.0,0.39,353.5,0.3,267.0,0.4,405.0,0.29,428.7,0.41,363.4
2026-01-07 07:18:12.070000+00:00,2026-01-07 07:18:09.514674+00:00,192.07,0.645,0.64,0.65,0.355,0.35,0.36,18.49,136.9,136.9,18.49,0.63,5.0,0.66,193.31,0.62,249.0,0.67,462.49,0.61,352.5,0.68,384.0,0.6,299.0,0.69,369.0,0.59,435.0,0.7,302.0,0.34,193.31,0.37,5.0,0.33,462.49,0.38,66.0,0.32,384.0,0.39,352.5,0.31,369.0,0.4,299.0,0.3,302.0,0.41,435.0
2026-01-07 07:18:13.071000+00:00,2026-01-07 07:18:10.521644+00:00,193.071,0.655,0.65,0.66,0.345,0.34,0.35,2739.37,230.31,220.31,2597.94,0.64,40.0,0.67,400.49,0.63,10.0,0.68,421.0,0.62,40.0,0.69,369.0,0.61,243.5,0.7,267.0,0.6,380.99,0.71,358.7,0.33,400.49,0.36,35.0,0.32,421.0,0.37,10.0,0.31,369.0,0.38,40.0,0.3,267.0,0.39,279.5,0.29,358.7,0.4,356.99
2026-01-07 07:18:14.045000+00:00,2026-01-07 07:18:11.528220+00:00,194.045,0.655,0.65,0.66,0.345,0.34,0.35,2597.94,398.31,398.31,2597.94,0.64,35.0,0.67,393.49,0.63,46.0,0.68,396.0,0.62,88.0,0.69,405.0,0.61,123.5,0.7,267.0,0.6,332.99,0.71,358.7,0.33,393.49,0.36,35.0,0.32,396.0,0.37,60.0,0.31,405.0,0.38,88.0,0.3,267.0,0.39,123.5,0.29,358.7,0.4,332.99
2026-01-07 07:18:15.104000+00:00,2026-01-07 07:18:12.536935+00:00,195.104,0.655,0.65,0.66,0.345,0.34,0.35,2626.94,458.31,433.31,2626.94,0.64,72.0,0.67,393.49,0.63,35.0,0.68,396.0,0.62,29.0,0.69,405.0,0.61,63.5,0.7,283.0,0.6,542.0,0.71,382.7,0.33,393.49,0.36,72.0,0.32,396.0,0.37,35.0,0.31,405.0,0.38,29.0,0.3,283.0,0.39,123.5,0.29,382.7,0.4,527.0
2026-01-07 07:18:16.098000+00:00,2026-01-07 07:18:13.559021+00:00,196.098,0.655,0.65,0.66,0.345,0.34,0.35,2312.94,418.31,418.31,2312.94,0.64,72.0,0.67,393.49,0.63,49.0,0.68,408.0,0.62,15.0,0.69,405.0,0.61,193.5,0.7,283.0,0.6,414.0,0.71,382.7,0.33,393.49,0.36,72.0,0.32,408.0,0.37,49.0,0.31,405.0,0.38,15.0,0.3,283.0,0.39,188.5,0.29,382.7,0.4,414.0
2026-01-07 07:18:17.887000+00:00,2026-01-07 07:18:15.573521+00:00,197.887,0.655,0.65,0.66,0.345,0.34,0.35,2312.81,458.31,458.31,2312.81,0.64,92.0,0.67,629.49,0.63,119.0,0.68,396.0,0.62,85.0,0.69,417.0,0.61,188.5,0.7,271.0,0.6,414.0,0.71,389.0,0.33,629.49,0.36,92.0,0.32,396.0,0.37,119.0,0.31,417.0,0.38,85.0,0.3,271.0,0.39,188.5,0.29,389.0,0.4,414.0
2026-01-07 07:18:19.098000+00:00,2026-01-07 07:18:16.579108+00:00,199.098,0.655,0.65,0.66,0.345,0.34,0.35,2322.81,453.31,453.31,2322.81,0.64,162.0,0.67,629.49,0.63,119.0,0.68,433.0,0.62,85.0,0.69,381.0,0.61,188.5,0.7,271.0,0.6,414.0,0.71,389.0,0.33,629.49,0.36,162.0,0.32,396.0,0.37,119.0,0.31,417.0,0.38,85.0,0.3,271.0,0.39,188.5,0.29,389.0,0.4,414.0
2026-01-07 07:18:20.817000+00:00,2026-01-07 07:18:18.597095+00:00,200.817,0.655,0.65,0.66,0.345,0.34,0.35,2322.81,422.26,422.26,2392.81,0.64,162.0,0.67,649.49,0.63,119.0,0.68,396.0,0.62,85.0,0.69,381.0,0.61,188.5,0.7,271.0,0.6,443.99,0.71,389.0,0.33,649.49,0.36,162.0,0.32,396.0,0.37,119.0,0.31,417.0,0.38,85.0,0.3,271.0,0.39,188.5,0.29,389.0,0.4,443.99
2026-01-07 07:18:22.988000+00:00,2026-01-07 07:18:20.631039+00:00,202.988,0.655,0.65,0.66,0.345,0.34,0.35,2319.95,389.26,389.26,2319.95,0.64,232.0,0.67,649.49,0.63,119.0,0.68,396.0,0.62,200.0,0.69,429.0,0.61,158.5,0.7,259.0,0.6,403.99,0.71,389.0,0.33,637.49,0.36,232.0,0.32,396.0,0.37,119.0,0.31,369.0,0.38,200.0,0.3,295.0,0.39,188.5,0.29,389.0,0.4,496.0
2026-01-07 07:18:24.099000+00:00,2026-01-07 07:18:21.639740+00:00,204.099,0.655,0.65,0.66,0.345,0.34,0.35,2319.95,399.26,399.26,2319.95,0.64,232.0,0.67,637.49,0.63,119.0,0.68,408.0,0.62,205.0,0.69,369.0,0.61,158.5,0.7,283.0,0.6,628.99,0.71,424.0,0.33,637.49,0.36,232.0,0.32,408.0,0.37,119.0,0.31,369.0,0.38,205.0,0.3,283.0,0.39,158.5,0.29,424.0,0.4,628.99
2026-01-07 07:18:25.218000+00:00,2026-01-07 07:18:22.662048+00:00,205.218,0.655,0.65,0.66,0.345,0.34,0.35,2303.79,227.0,227.0,2373.79,0.64,267.0,0.67,662.49,0.63,94.0,0.68,383.0,0.62,225.0,0.69,369.0,0.61,158.5,0.7,283.0,0.6,628.99,0.71,459.0,0.33,662.49,0.36,197.0,0.32,383.0,0.37,94.0,0.31,369.0,0.38,225.0,0.3,283.0,0.39,158.5,0.29,459.0,0.4,628.99
2026-01-07 07:18:26.223000+00:00,2026-01-07 07:18:23.668723+00:00,206.223,0.655,0.65,0.66,0.345,0.34,0.35,2263.12,227.0,227.0,2263.12,0.64,197.0,0.67,662.49,0.63,94.0,0.68,383.0,0.62,225.0,0.69,369.0,0.61,158.5,0.7,283.0,0.6,628.99,0.71,459.0,0.33,662.49,0.36,267.0,0.32,383.0,0.37,94.0,0.31,369.0,0.38,225.0,0.3,283.0,0.39,158.5,0.29,459.0,0.4,628.99
2026-01-07 07:18:27.193000+00:00,2026-01-07 07:18:24.675879+00:00,207.193,0.655,0.65,0.66,0.345,0.34,0.35,2251.34,227.0,242.0,2251.34,0.64,267.0,0.67,662.49,0.63,94.0,0.68,383.0,0.62,225.0,0.69,405.0,0.61,158.5,0.7,283.0,0.6,586.99,0.71,424.0,0.33,662.49,0.36,267.0,0.32,383.0,0.37,94.0,0.31,405.0,0.38,225.0,0.3,283.0,0.39,158.5,0.29,424.0,0.4,586.99
2026-01-07 07:18:28.252000+00:00,2026-01-07 07:18:25.682281+00:00,208.252,0.655,0.65,0.66,0.345,0.34,0.35,2251.34,228.0,248.0,2251.34,0.64,267.0,0.67,656.49,0.63,94.0,0.68,420.0,0.62,225.0,0.69,369.0,0.61,188.5,0.7,283.0,0.6,557.0,0.71,424.0,0.33,656.49,0.36,267.0,0.32,383.0,0.37,94.0,0.31,405.0,0.38,225.0,0.3,283.0,0.39,188.5,0.29,424.0,0.4,557.0
2026-01-07 07:18:29.251000+00:00,2026-01-07 07:18:26.689396+00:00,209.251,0.655,0.65,0.66,0.345,0.34,0.35,2248.48,248.0,248.0,2248.48,0.64,267.0,0.67,656.49,0.63,94.0,0.68,383.0,0.62,230.0,0.69,369.0,0.61,188.5,0.7,283.0,0.6,557.0,0.71,424.0,0.33,656.49,0.36,267.0,0.32,420.0,0.37,94.0,0.31,369.0,0.38,230.0,0.3,283.0,0.39,188.5,0.29,424.0,0.4,557.0
2026-01-07 07:18:30.943000+00:00,2026-01-07 07:18:28.715554+00:00,210.943,0.655,0.65,0.66,0.345,0.34,0.35,2213.89,233.0,233.0,2213.89,0.64,381.0,0.67,656.49,0.63,95.0,0.68,420.0,0.62,184.99,0.69,369.0,0.61,150.0,0.7,332.0,0.6,557.0,0.71,424.0,0.33,656.49,0.36,381.0,0.32,420.0,0.37,95.0,0.31,369.0,0.38,184.99,0.3,332.0,0.39,150.0,0.29,424.0,0.4,557.0
2026-01-07 07:18:32.100000+00:00,2026-01-07 07:18:29.720210+00:00,212.1,0.655,0.65,0.66,0.345,0.34,0.35,2213.89,233.0,233.0,2213.89,0.64,396.0,0.67,656.49,0.63,95.0,0.68,420.0,0.62,184.99,0.69,369.0,0.61,150.0,0.7,283.0,0.6,557.0,0.71,473.0,0.33,656.49,0.36,396.0,0.32,420.0,0.37,95.0,0.31,369.0,0.38,184.99,0.3,283.0,0.39,150.0,0.29,473.0,0.4,557.0
2026-01-07 07:18:33.237000+00:00,2026-01-07 07:18:30.733699+00:00,213.237,0.655,0.65,0.66,0.345,0.34,0.35,2003.65,245.84,245.84,2003.65,0.64,396.0,0.67,656.49,0.63,95.0,0.68,420.0,0.62,184.99,0.69,369.0,0.61,150.0,0.7,283.0,0.6,557.0,0.71,466.7,0.33,656.49,0.36,396.0,0.32,420.0,0.37,95.0,0.31,369.0,0.38,184.99,0.3,283.0,0.39,150.0,0.29,466.7,0.4,557.0
2026-01-07 07:18:34.160000+00:00,2026-01-07 07:18:31.737726+00:00,214.16,0.655,0.65,0.66,0.345,0.34,0.35,1883.14,30.0,30.0,1883.14,0.64,396.0,0.67,656.49,0.63,95.0,0.68,383.0,0.62,184.99,0.69,405.0,0.61,333.0,0.7,283.0,0.6,557.0,0.71,466.7,0.33,676.49,0.36,396.0,0.32,383.0,0.37,95.0,0.31,405.0,0.38,184.99,0.3,283.0,0.39,333.0,0.29,466.7,0.4,557.0
2026-01-07 07:18:35.277000+00:00,2026-01-07 07:18:32.745427+00:00,215.277,0.655,0.65,0.66,0.345,0.34,0.35,1883.14,30.0,30.0,1883.14,0.64,396.0,0.67,676.49,0.63,95.0,0.68,383.0,0.62,189.99,0.69,405.0,0.61,333.0,0.7,283.0,0.6,557.0,0.71,466.7,0.33,676.49,0.36,396.0,0.32,383.0,0.37,95.0,0.31,405.0,0.38,189.99,0.3,283.0,0.39,333.0,0.29,466.7,0.4,557.0
2026-01-07 07:18:36.157000+00:00,2026-01-07 07:18:33.735534+00:00,216.157,0.655,0.65,0.66,0.345,0.34,0.35,1877.59,30.0,30.0,1877.59,0.64,396.0,0.67,676.49,0.63,95.0,0.68,383.0,0.62,184.99,0.69,405.0,0.61,333.0,0.7,283.0,0.6,557.0,0.71,473.0,0.33,676.49,0.36,396.0,0.32,383.0,0.37,95.0,0.31,405.0,0.38,184.99,0.3,283.0,0.39,333.0,0.29,473.0,0.4,557.0
2026-01-07 07:18:37.307000+00:00,2026-01-07 07:18:34.744697+00:00,217.307,0.655,0.65,0.66,0.345,0.34,0.35,1838.87,423.0,461.0,1595.87,0.64,5.0,0.67,425.49,0.63,35.0,0.68,396.0,0.62,130.0,0.69,369.0,0.61,174.0,0.7,247.0,0.6,403.99,0.71,407.7,0.33,449.49,0.36,5.0,0.32,408.0,0.37,35.0,0.31,451.0,0.38,130.0,0.3,317.0,0.39,280.0,0.29,407.7,0.4,427.99
2026-01-07 07:18:38.335000+00:00,2026-01-07 07:18:35.763626+00:00,218.335,0.655,0.65,0.66,0.345,0.34,0.35,1517.87,423.0,473.0,1517.87,0.63,35.0,0.67,437.49,0.62,154.0,0.68,396.0,0.61,240.0,0.69,393.0,0.6,374.0,0.7,265.2,0.59,417.6,0.71,414.0,0.33,437.49,0.37,35.0,0.32,396.0,0.38,178.0,0.31,393.0,0.39,298.0,0.3,265.2,0.4,374.0,0.29,414.0,0.41,417.6
2026-01-07 07:18:39.343000+00:00,2026-01-07 07:18:36.768868+00:00,219.343,0.655,0.65,0.66,0.345,0.34,0.35,1512.87,398.0,398.0,1517.87,0.64,72.0,0.67,462.49,0.63,258.0,0.68,396.0,0.62,74.0,0.69,430.0,0.61,250.0,0.7,265.2,0.6,374.0,0.71,389.0,0.33,442.49,0.36,142.0,0.32,396.0,0.37,258.0,0.31,430.0,0.38,135.0,0.3,277.2,0.39,180.0,0.29,389.0,0.4,374.0
2026-01-07 07:18:40.901000+00:00,2026-01-07 07:18:38.784589+00:00,220.901,0.655,0.65,0.66,0.345,0.34,0.35,1517.87,665.0,665.0,1517.87,0.64,142.0,0.67,393.49,0.63,258.0,0.68,408.0,0.62,159.99,0.69,418.0,0.61,150.0,0.7,289.2,0.6,374.0,0.71,389.0,0.33,393.49,0.36,142.0,0.32,408.0,0.37,258.0,0.31,418.0,0.38,159.99,0.3,289.2,0.39,150.0,0.29,389.0,0.4,374.0
2026-01-07 07:18:42.150000+00:00,2026-01-07 07:18:39.779440+00:00,222.15,0.655,0.65,0.66,0.345,0.34,0.35,1517.87,728.89,728.89,1517.87,0.64,142.0,0.67,417.69,0.63,258.0,0.68,408.0,0.62,159.99,0.69,418.0,0.61,150.0,0.7,289.2,0.6,374.0,0.71,389.0,0.33,417.69,0.36,142.0,0.32,408.0,0.37,258.0,0.31,418.0,0.38,179.99,0.3,289.2,0.39,150.0,0.29,389.0,0.4,374.0
2026-01-07 07:18:43.330000+00:00,2026-01-07 07:18:40.788858+00:00,223.33,0.655,0.65,0.66,0.345,0.34,0.35,1517.87,703.89,520.89,1515.98,0.64,142.0,0.67,417.69,0.63,258.0,0.68,408.0,0.62,179.99,0.69,418.0,0.61,272.0,0.7,289.2,0.6,496.0,0.71,389.0,0.33,417.69,0.36,142.0,0.32,408.0,0.37,258.0,0.31,418.0,0.38,179.99,0.3,289.2,0.39,333.0,0.29,389.0,0.4,557.0
2026-01-07 07:18:44.378000+00:00,2026-01-07 07:18:41.796332+00:00,224.378,0.655,0.65,0.66,0.345,0.34,0.35,1515.98,530.89,545.89,1515.98,0.64,142.0,0.67,417.69,0.63,258.0,0.68,408.0,0.62,184.99,0.69,418.0,0.61,333.0,0.7,289.2,0.6,557.0,0.71,389.0,0.33,417.69,0.36,142.0,0.32,408.0,0.37,258.0,0.31,418.0,0.38,184.99,0.3,289.2,0.39,333.0,0.29,389.0,0.4,557.0
2026-01-07 07:18:45.273000+00:00,2026-01-07 07:18:42.804627+00:00,225.273,0.655,0.65,0.66,0.345,0.34,0.35,1505.98,667.89,703.89,1505.98,0.64,142.0,0.67,417.69,0.63,258.0,0.68,408.0,0.62,184.99,0.69,418.0,0.61,333.0,0.7,283.0,0.6,557.0,0.71,389.0,0.33,417.69,0.36,142.0,0.32,408.0,0.37,258.0,0.31,418.0,0.38,184.99,0.3,283.0,0.39,150.0,0.29,389.0,0.4,557.0
2026-01-07 07:18:46.349000+00:00,2026-01-07 07:18:43.813136+00:00,226.349,0.655,0.65,0.66,0.345,0.34,0.35,1496.0,688.89,703.89,1496.0,0.64,142.0,0.67,417.69,0.63,258.0,0.68,408.0,0.62,179.99,0.69,418.0,0.61,150.0,0.7,283.0,0.6,557.0,0.71,389.0,0.33,417.69,0.36,142.0,0.32,408.0,0.37,258.0,0.31,418.0,0.38,179.99,0.3,283.0,0.39,150.0,0.29,389.0,0.4,557.0
2026-01-07 07:18:47.307000+00:00,2026-01-07 07:18:44.817741+00:00,227.307,0.655,0.65,0.66,0.345,0.34,0.35,1455.36,728.89,728.89,1455.36,0.64,142.0,0.67,417.69,0.63,258.0,0.68,408.0,0.62,179.99,0.69,418.0,0.61,150.0,0.7,283.0,0.6,557.0,0.71,389.0,0.33,417.69,0.36,142.0,0.32,408.0,0.37,258.0,0.31,418.0,0.38,179.99,0.3,283.0,0.39,150.0,0.29,389.0,0.4,557.0
2026-01-07 07:18:48.318000+00:00,2026-01-07 07:18:45.811866+00:00,228.318,0.655,0.65,0.66,0.345,0.34,0.35,1449.98,727.89,727.89,1449.98,0.64,142.0,0.67,417.69,0.63,258.0,0.68,408.0,0.62,179.99,0.69,418.0,0.61,150.0,0.7,283.0,0.6,557.0,0.71,389.0,0.33,417.69,0.36,142.0,0.32,408.0,0.37,258.0,0.31,418.0,0.38,179.99,0.3,283.0,0.39,150.0,0.29,389.0,0.4,557.0
2026-01-07 07:18:49.254000+00:00,2026-01-07 07:18:46.816380+00:00,229.254,0.655,0.65,0.66,0.345,0.34,0.35,1421.4,697.89,697.89,1421.4,0.64,222.0,0.67,417.69,0.63,208.0,0.68,408.0,0.62,179.99,0.69,418.0,0.61,150.0,0.7,283.0,0.6,557.0,0.71,389.0,0.33,417.69,0.36,222.0,0.32,408.0,0.37,208.0,0.31,418.0,0.38,184.99,0.3,283.0,0.39,150.0,0.29,389.0,0.4,557.0
2026-01-07 07:18:50.165000+00:00,2026-01-07 07:18:47.841368+00:00,230.165,0.655,0.65,0.66,0.345,0.34,0.35,1416.4,697.89,697.89,1416.4,0.64,286.0,0.67,466.69,0.63,164.0,0.68,408.0,0.62,184.99,0.69,369.0,0.61,150.0,0.7,283.0,0.6,557.0,0.71,389.0,0.33,466.69,0.36,281.0,0.32,408.0,0.37,164.0,0.31,369.0,0.38,179.99,0.3,283.0,0.39,150.0,0.29,389.0,0.4,557.0
2026-01-07 07:18:51.328000+00:00,2026-01-07 07:18:48.849601+00:00,231.328,0.655,0.65,0.66,0.345,0.34,0.35,1362.98,697.89,722.89,1362.98,0.64,286.0,0.67,466.69,0.63,164.0,0.68,408.0,0.62,179.99,0.69,369.0,0.61,150.0,0.7,283.0,0.6,557.0,0.71,389.0,0.33,466.69,0.36,286.0,0.32,408.0,0.37,164.0,0.31,369.0,0.38,179.99,0.3,283.0,0.39,150.0,0.29,389.0,0.4,557.0
2026-01-07 07:18:52.188000+00:00,2026-01-07 07:18:49.869671+00:00,232.188,0.655,0.65,0.66,0.345,0.34,0.35,1367.98,720.89,720.89,1367.98,0.64,281.0,0.67,466.69,0.63,164.0,0.68,408.0,0.62,179.99,0.69,369.0,0.61,150.0,0.7,283.0,0.6,557.0,0.71,389.0,0.33,466.69,0.36,281.0,0.32,408.0,0.37,164.0,0.31,369.0,0.38,179.99,0.3,283.0,0.39,150.0,0.29,389.0,0.4,557.0
2026-01-07 07:18:53.269000+00:00,2026-01-07 07:18:50.876644+00:00,233.269,0.655,0.65,0.66,0.345,0.34,0.35,1367.98,712.28,702.28,1367.98,0.64,281.0,0.67,466.69,0.63,164.0,0.68,408.0,0.62,179.99,0.69,369.0,0.61,150.0,0.7,283.0,0.6,557.0,0.71,389.0,0.33,466.69,0.36,281.0,0.32,408.0,0.37,164.0,0.31,369.0,0.38,184.99,0.3,283.0,0.39,150.0,0.29,389.0,0.4,557.0
2026-01-07 07:18:54.323000+00:00,2026-01-07 07:18:51.882823+00:00,234.323,0.655,0.65,0.66,0.345,0.34,0.35,1379.98,678.28,678.28,1379.98,0.64,269.0,0.67,480.69,0.63,180.0,0.68,408.0,0.62,184.99,0.69,369.0,0.61,272.0,0.7,283.0,0.6,557.0,0.71,389.0,0.33,480.69,0.36,269.0,0.32,408.0,0.37,194.0,0.31,369.0,0.38,184.99,0.3,283.0,0.39,272.0,0.29,389.0,0.4,557.0
2026-01-07 07:18:55.328000+00:00,2026-01-07 07:18:52.892174+00:00,235.328,0.655,0.65,0.66,0.345,0.34,0.35,1367.98,403.28,403.28,1367.98,0.64,245.0,0.67,490.69,0.63,200.0,0.68,384.0,0.62,179.99,0.69,405.0,0.61,333.0,0.7,271.0,0.6,557.0,0.71,365.0,0.33,490.69,0.36,245.0,0.32,384.0,0.37,200.0,0.31,405.0,0.38,179.99,0.3,271.0,0.39,333.0,0.29,365.0,0.4,557.0
2026-01-07 07:18:56.419000+00:00,2026-01-07 07:18:53.898692+00:00,236.419,0.655,0.65,0.66,0.345,0.34,0.35,1365.81,396.28,396.28,1365.81,0.64,281.0,0.67,466.69,0.63,164.0,0.68,408.0,0.62,179.99,0.69,369.0,0.61,333.0,0.7,283.0,0.6,557.0,0.71,389.0,0.33,466.69,0.36,281.0,0.32,408.0,0.37,164.0,0.31,369.0,0.38,179.99,0.3,283.0,0.39,333.0,0.29,389.0,0.4,557.0
2026-01-07 07:18:57.348000+00:00,2026-01-07 07:18:54.907684+00:00,237.348,0.655,0.65,0.66,0.345,0.34,0.35,1365.81,388.28,396.28,1365.81,0.64,281.0,0.67,466.69,0.63,164.0,0.68,408.0,0.62,179.99,0.69,369.0,0.61,333.0,0.7,283.0,0.6,557.0,0.71,389.0,0.33,466.69,0.36,269.0,0.32,408.0,0.37,164.0,0.31,369.0,0.38,179.99,0.3,283.0,0.39,333.0,0.29,389.0,0.4,557.0
2026-01-07 07:18:58.446000+00:00,2026-01-07 07:18:55.914392+00:00,238.446,0.655,0.65,0.66,0.345,0.34,0.35,1413.81,389.28,403.28,1437.81,0.64,185.0,0.67,480.69,0.63,194.0,0.68,396.0,0.62,155.0,0.69,369.0,0.61,333.0,0.7,247.0,0.6,557.0,0.71,377.0,0.33,466.69,0.36,209.0,0.32,396.0,0.37,194.0,0.31,381.0,0.38,155.0,0.3,259.0,0.39,333.0,0.29,389.0,0.4,557.0
2026-01-07 07:18:59.454000+00:00,2026-01-07 07:18:56.921131+00:00,239.454,0.655,0.65,0.66,0.345,0.34,0.35,1365.81,413.28,413.28,1365.81,0.64,257.0,0.67,466.69,0.63,188.0,0.68,408.0,0.62,179.99,0.69,381.0,0.61,333.0,0.7,271.0,0.6,557.0,0.71,389.0,0.33,466.69,0.36,257.0,0.32,408.0,0.37,188.0,0.31,381.0,0.38,179.99,0.3,271.0,0.39,333.0,0.29,389.0,0.4,557.0
2026-01-07 07:19:00.342000+00:00,2026-01-07 07:18:57.927826+00:00,240.342,0.655,0.65,0.66,0.345,0.34,0.35,1365.81,421.28,413.28,1365.81,0.64,257.0,0.67,466.69,0.63,188.0,0.68,408.0,0.62,179.99,0.69,381.0,0.61,333.0,0.7,271.0,0.6,557.0,0.71,389.0,0.33,466.69,0.36,257.0,0.32,408.0,0.37,188.0,0.31,381.0,0.38,179.99,0.3,271.0,0.39,333.0,0.29,389.0,0.4,557.0
2026-01-07 07:19:01.472000+00:00,2026-01-07 07:18:58.946851+00:00,241.472,0.655,0.65,0.66,0.345,0.34,0.35,1440.81,373.28,388.28,1425.81,0.64,221.0,0.67,466.69,0.63,194.0,0.68,396.0,0.62,150.0,0.69,369.0,0.61,333.0,0.7,259.0,0.6,557.0,0.71,377.0,0.33,466.69,0.36,221.0,0.32,396.0,0.37,194.0,0.31,381.0,0.38,150.0,0.3,259.0,0.39,333.0,0.29,389.0,0.4,557.0
2026-01-07 07:19:02.446000+00:00,2026-01-07 07:18:59.950625+00:00,242.446,0.655,0.65,0.66,0.345,0.34,0.35,1552.81,353.37,353.37,1552.81,0.64,139.0,0.67,466.69,0.63,194.0,0.68,384.0,0.62,155.0,0.69,393.0,0.61,333.0,0.7,259.0,0.6,557.0,0.71,389.0,0.33,466.69,0.36,139.0,0.32,384.0,0.37,194.0,0.31,393.0,0.38,155.0,0.3,259.0,0.39,333.0,0.29,389.0,0.4,557.0
2026-01-07 07:19:03.513000+00:00,2026-01-07 07:19:00.958355+00:00,243.513,0.655,0.65,0.66,0.345,0.34,0.35,1472.23,301.37,301.37,1484.23,0.64,158.99,0.67,508.2,0.63,150.0,0.68,384.0,0.62,155.0,0.69,369.0,0.61,333.0,0.7,271.0,0.6,557.0,0.71,365.0,0.33,508.2,0.36,158.99,0.32,384.0,0.37,150.0,0.31,369.0,0.38,155.0,0.3,271.0,0.39,333.0,0.29,365.0,0.4,557.0
2026-01-07 07:19:04.522000+00:00,2026-01-07 07:19:01.981295+00:00,244.522,0.655,0.65,0.66,0.345,0.34,0.35,1493.37,293.14,293.14,1505.37,0.64,170.99,0.67,508.2,0.63,150.0,0.68,396.0,0.62,155.0,0.69,381.0,0.61,333.0,0.7,247.0,0.6,557.0,0.71,401.0,0.33,508.2,0.36,170.99,0.32,396.0,0.37,150.0,0.31,381.0,0.38,155.0,0.3,247.0,0.39,333.0,0.29,401.0,0.4,557.0
2026-01-07 07:19:05.510000+00:00,2026-01-07 07:19:02.989848+00:00,245.51,0.655,0.65,0.66,0.345,0.34,0.35,1481.28,293.14,293.14,1481.28,0.64,218.99,0.67,508.2,0.63,150.0,0.68,408.0,0.62,150.0,0.69,369.0,0.61,333.0,0.7,283.0,0.6,557.0,0.71,389.0,0.33,508.2,0.36,230.99,0.32,408.0,0.37,150.0,0.31,369.0,0.38,150.0,0.3,283.0,0.39,333.0,0.29,389.0,0.4,557.0
2026-01-07 07:19:06.031000+00:00,2026-01-07 07:19:04.007463+00:00,246.031,0.655,0.65,0.66,0.345,0.34,0.35,1481.28,291.62,291.62,1481.28,0.64,230.99,0.67,508.2,0.63,150.0,0.68,408.0,0.62,150.0,0.69,369.0,0.61,333.0,0.7,283.0,0.6,557.0,0.71,389.0,0.33,508.2,0.36,230.99,0.32,408.0,0.37,150.0,0.31,369.0,0.38,150.0,0.3,283.0,0.39,333.0,0.29,389.0,0.4,557.0
2026-01-07 07:19:07.594000+00:00,2026-01-07 07:19:05.029669+00:00,247.594,0.655,0.65,0.66,0.345,0.34,0.35,1481.28,291.62,291.62,1481.28,0.64,230.99,0.67,417.2,0.63,150.0,0.68,450.0,0.62,150.0,0.69,369.0,0.61,333.0,0.7,283.0,0.6,557.0,0.71,389.0,0.33,417.2,0.36,230.99,0.32,450.0,0.37,150.0,0.31,369.0,0.38,150.0,0.3,283.0,0.39,333.0,0.29,389.0,0.4,557.0
2026-01-07 07:19:08.320000+00:00,2026-01-07 07:19:06.035634+00:00,248.32,0.655,0.65,0.66,0.345,0.34,0.35,1481.28,291.62,291.62,1481.28,0.64,230.99,0.67,417.2,0.63,150.0,0.68,413.0,0.62,155.0,0.69,369.0,0.61,333.0,0.7,283.0,0.6,599.0,0.71,424.0,0.33,417.2,0.36,230.99,0.32,413.0,0.37,150.0,0.31,369.0,0.38,155.0,0.3,283.0,0.39,333.0,0.29,424.0,0.4,599.0
2026-01-07 07:19:09.444000+00:00,2026-01-07 07:19:07.058488+00:00,249.444,0.655,0.65,0.66,0.345,0.34,0.35,1481.28,291.62,313.99,1481.28,0.64,230.99,0.67,417.2,0.63,150.0,0.68,413.0,0.62,150.0,0.69,369.0,0.61,333.0,0.7,283.0,0.6,599.0,0.71,473.0,0.33,417.2,0.36,230.99,0.32,413.0,0.37,150.0,0.31,369.0,0.38,150.0,0.3,283.0,0.39,333.0,0.29,473.0,0.4,599.0
2026-01-07 07:19:10.542000+00:00,2026-01-07 07:19:08.065203+00:00,250.542,0.655,0.65,0.66,0.345,0.34,0.35,1469.53,313.99,313.99,1469.53,0.64,230.99,0.67,422.2,0.63,150.0,0.68,408.0,0.62,150.0,0.69,369.0,0.61,333.0,0.7,283.0,0.6,599.0,0.71,473.0,0.33,422.2,0.36,230.99,0.32,408.0,0.37,150.0,0.31,369.0,0.38,150.0,0.3,283.0,0.39,333.0,0.29,473.0,0.4,599.0
2026-01-07 07:19:11.526000+00:00,2026-01-07 07:19:09.069139+00:00,251.526,0.655,0.65,0.66,0.345,0.34,0.35,1469.53,313.99,313.99,1469.53,0.64,230.99,0.67,422.2,0.63,150.0,0.68,408.0,0.62,150.0,0.69,369.0,0.61,333.0,0.7,283.0,0.6,599.0,0.71,466.7,0.33,422.2,0.36,230.99,0.32,408.0,0.37,150.0,0.31,369.0,0.38,150.0,0.3,283.0,0.39,333.0,0.29,466.7,0.4,599.0
2026-01-07 07:19:12.615000+00:00,2026-01-07 07:19:10.077236+00:00,252.615,0.655,0.65,0.66,0.345,0.34,0.35,1469.53,293.57,293.57,1469.53,0.64,265.99,0.67,422.2,0.63,125.0,0.68,408.0,0.62,180.0,0.69,369.0,0.61,333.0,0.7,283.0,0.6,599.0,0.71,466.7,0.33,422.2,0.36,265.99,0.32,408.0,0.37,125.0,0.31,369.0,0.38,180.0,0.3,283.0,0.39,333.0,0.29,466.7,0.4,599.0
2026-01-07 07:19:13.573000+00:00,2026-01-07 07:19:11.083015+00:00,253.573,0.655,0.65,0.66,0.345,0.34,0.35,1469.53,273.44,273.44,1469.53,0.64,265.99,0.67,447.2,0.63,125.0,0.68,383.0,0.62,180.0,0.69,369.0,0.61,374.0,0.7,283.0,0.6,557.0,0.71,473.0,0.33,447.2,0.36,265.99,0.32,383.0,0.37,125.0,0.31,369.0,0.38,180.0,0.3,283.0,0.39,374.0,0.29,473.0,0.4,557.0
2026-01-07 07:19:14.591000+00:00,2026-01-07 07:19:12.105286+00:00,254.591,0.655,0.65,0.66,0.345,0.34,0.35,1469.53,263.52,263.52,1457.44,0.64,265.99,0.67,467.2,0.63,125.0,0.68,383.0,0.62,175.0,0.69,369.0,0.61,374.0,0.7,283.0,0.6,557.0,0.71,466.7,0.33,467.2,0.36,265.99,0.32,383.0,0.37,125.0,0.31,369.0,0.38,175.0,0.3,283.0,0.39,374.0,0.29,473.0,0.4,557.0
2026-01-07 07:19:15.598000+00:00,2026-01-07 07:19:13.114687+00:00,255.598,0.655,0.65,0.66,0.345,0.34,0.35,1328.44,308.52,278.52,1413.44,0.64,244.0,0.67,555.2,0.63,222.0,0.68,396.0,0.62,175.0,0.69,405.0,0.61,333.0,0.7,271.0,0.6,557.0,0.71,412.0,0.33,555.2,0.36,189.0,0.32,396.0,0.37,222.0,0.31,405.0,0.38,175.0,0.3,271.0,0.39,333.0,0.29,412.0,0.4,557.0
2026-01-07 07:19:16.576000+00:00,2026-01-07 07:19:14.121685+00:00,256.576,0.655,0.65,0.66,0.345,0.34,0.35,1438.44,263.52,263.52,1438.44,0.64,236.0,0.67,543.2,0.63,179.0,0.68,408.0,0.62,175.0,0.69,381.0,0.61,333.0,0.7,271.0,0.6,557.0,0.71,436.0,0.33,489.2,0.36,236.0,0.32,413.0,0.37,155.0,0.31,381.0,0.38,175.0,0.3,271.0,0.39,333.0,0.29,424.0,0.4,557.0
2026-01-07 07:19:17.520000+00:00,2026-01-07 07:19:15.128290+00:00,257.52,0.655,0.65,0.66,0.345,0.34,0.35,1462.44,308.52,298.52,1462.44,0.64,236.0,0.67,457.2,0.63,155.0,0.68,408.0,0.62,180.0,0.69,405.0,0.61,333.0,0.7,283.0,0.6,557.0,0.71,389.0,0.33,457.2,0.36,265.99,0.32,408.0,0.37,125.0,0.31,405.0,0.38,180.0,0.3,283.0,0.39,333.0,0.29,389.0,0.4,557.0
2026-01-07 07:19:18.678000+00:00,2026-01-07 07:19:16.133880+00:00,258.678,0.655,0.65,0.66,0.345,0.34,0.35,1486.44,297.0,297.0,1486.44,0.64,241.99,0.67,462.2,0.63,125.0,0.68,408.0,0.62,180.0,0.69,405.0,0.61,333.0,0.7,283.0,0.6,557.0,0.71,377.0,0.33,462.2,0.36,241.99,0.32,408.0,0.37,125.0,0.31,405.0,0.38,180.0,0.3,332.0,0.39,333.0,0.29,377.0,0.4,557.0
2026-01-07 07:19:19.656000+00:00,2026-01-07 07:19:17.141481+00:00,259.656,0.655,0.65,0.66,0.345,0.34,0.35,1498.44,297.0,297.0,1498.44,0.64,229.99,0.67,158.2,0.63,308.0,0.68,213.0,0.62,358.0,0.69,417.0,0.61,333.0,0.7,320.0,0.6,557.0,0.71,370.7,0.33,158.2,0.36,229.99,0.32,213.0,0.37,308.0,0.31,417.0,0.38,358.0,0.3,320.0,0.39,333.0,0.29,370.7,0.4,557.0
2026-01-07 07:19:20.718000+00:00,2026-01-07 07:19:18.145770+00:00,260.718,0.655,0.65,0.66,0.345,0.34,0.35,1438.44,432.0,447.0,1403.44,0.64,30.0,0.67,436.2,0.63,366.99,0.68,335.0,0.62,357.0,0.69,381.0,0.61,333.0,0.7,308.0,0.6,557.0,0.71,370.7,0.33,411.2,0.36,65.0,0.32,347.0,0.37,378.99,0.31,417.0,0.38,357.0,0.3,320.0,0.39,333.0,0.29,370.7,0.4,557.0
2026-01-07 07:19:21.706000+00:00,2026-01-07 07:19:19.165673+00:00,261.706,0.655,0.65,0.66,0.345,0.34,0.35,1438.44,438.0,438.0,1438.44,0.64,155.0,0.67,442.2,0.63,109.99,0.68,408.0,0.62,220.0,0.69,405.0,0.61,333.0,0.7,332.0,0.6,557.0,0.71,389.0,0.33,442.2,0.36,143.0,0.32,408.0,0.37,109.99,0.31,405.0,0.38,220.0,0.3,332.0,0.39,333.0,0.29,389.0,0.4,557.0
2026-01-07 07:19:22.694000+00:00,2026-01-07 07:19:20.172854+00:00,262.694,0.655,0.65,0.66,0.345,0.34,0.35,1462.44,436.48,436.48,1462.44,0.64,119.0,0.67,442.2,0.63,109.99,0.68,408.0,0.62,225.0,0.69,405.0,0.61,333.0,0.7,332.0,0.6,557.0,0.71,377.0,0.33,442.2,0.36,131.0,0.32,408.0,0.37,109.99,0.31,405.0,0.38,225.0,0.3,332.0,0.39,333.0,0.29,377.0,0.4,557.0
2026-01-07 07:19:23.606000+00:00,2026-01-07 07:19:21.179178+00:00,263.606,0.655,0.65,0.66,0.345,0.34,0.35,1461.25,315.48,315.48,1461.25,0.64,161.0,0.67,259.2,0.63,80.0,0.68,408.0,0.62,408.0,0.69,369.0,0.61,333.0,0.7,368.0,0.6,557.0,0.71,389.0,0.33,259.2,0.36,161.0,0.32,408.0,0.37,80.0,0.31,369.0,0.38,408.0,0.3,368.0,0.39,333.0,0.29,389.0,0.4,557.0
2026-01-07 07:19:24.719000+00:00,2026-01-07 07:19:22.186367+00:00,264.719,0.655,0.65,0.66,0.345,0.34,0.35,1460.06,295.3,295.3,1460.06,0.64,231.0,0.67,259.2,0.63,150.0,0.68,408.0,0.62,333.0,0.69,369.0,0.61,333.0,0.7,368.0,0.6,557.0,0.71,389.0,0.33,259.2,0.36,231.0,0.32,408.0,0.37,150.0,0.31,369.0,0.38,333.0,0.3,368.0,0.39,333.0,0.29,389.0,0.4,557.0
2026-01-07 07:19:25.566000+00:00,2026-01-07 07:19:23.192633+00:00,265.566,0.655,0.65,0.66,0.345,0.34,0.35,1433.06,275.44,360.44,1318.06,0.64,225.0,0.67,254.2,0.63,179.99,0.68,413.0,0.62,333.0,0.69,405.0,0.61,333.0,0.7,332.0,0.6,557.0,0.71,382.7,0.33,254.2,0.36,295.0,0.32,384.0,0.37,179.99,0.31,405.0,0.38,333.0,0.3,320.0,0.39,333.0,0.29,370.7,0.4,557.0
2026-01-07 07:19:26.749000+00:00,2026-01-07 07:19:24.197650+00:00,266.749,0.655,0.65,0.66,0.345,0.34,0.35,1433.06,255.82,255.82,1433.06,0.64,225.0,0.67,271.2,0.63,179.99,0.68,396.0,0.62,333.0,0.69,417.0,0.61,333.0,0.7,320.0,0.6,557.0,0.71,382.7,0.33,271.2,0.36,225.0,0.32,396.0,0.37,179.99,0.31,417.0,0.38,333.0,0.3,320.0,0.39,333.0,0.29,382.7,0.4,557.0
2026-01-07 07:19:27.763000+00:00,2026-01-07 07:19:25.206548+00:00,267.763,0.655,0.65,0.66,0.345,0.34,0.35,1442.2,206.51,206.51,1442.2,0.64,213.0,0.67,271.2,0.63,179.99,0.68,396.0,0.62,338.0,0.69,405.0,0.61,333.0,0.7,332.0,0.6,557.0,0.71,382.7,0.33,291.2,0.36,213.0,0.32,396.0,0.37,179.99,0.31,405.0,0.38,338.0,0.3,332.0,0.39,333.0,0.29,382.7,0.4,557.0
2026-01-07 07:19:28.759000+00:00,2026-01-07 07:19:26.230231+00:00,268.759,0.655,0.65,0.66,0.345,0.34,0.35,1442.2,206.51,206.51,1442.2,0.64,243.0,0.67,265.2,0.63,150.0,0.68,422.0,0.62,333.0,0.69,405.0,0.61,333.0,0.7,332.0,0.6,557.0,0.71,370.7,0.33,265.2,0.36,243.0,0.32,422.0,0.37,150.0,0.31,405.0,0.38,333.0,0.3,332.0,0.39,333.0,0.29,370.7,0.4,557.0
2026-01-07 07:19:29.795000+00:00,2026-01-07 07:19:27.234692+00:00,269.795,0.655,0.65,0.66,0.345,0.34,0.35,1442.2,167.48,167.48,1442.2,0.64,243.0,0.67,265.2,0.63,150.0,0.68,422.0,0.62,333.0,0.69,405.0,0.61,333.0,0.7,332.0,0.6,557.0,0.71,370.7,0.33,265.2,0.36,243.0,0.32,422.0,0.37,150.0,0.31,405.0,0.38,333.0,0.3,332.0,0.39,333.0,0.29,370.7,0.4,557.0
2026-01-07 07:19:30.801000+00:00,2026-01-07 07:19:28.253796+00:00,270.801,0.655,0.65,0.66,0.345,0.34,0.35,1442.2,118.45,108.89,1442.2,0.64,243.0,0.67,235.2,0.63,150.0,0.68,422.0,0.62,333.0,0.69,405.0,0.61,333.0,0.7,352.64,0.6,557.0,0.71,370.7,0.33,235.2,0.36,243.0,0.32,422.0,0.37,150.0,0.31,405.0,0.38,333.0,0.3,352.64,0.39,333.0,0.29,370.7,0.4,557.0
2026-01-07 07:19:31.816000+00:00,2026-01-07 07:19:29.261329+00:00,271.816,0.655,0.65,0.66,0.345,0.34,0.35,1330.19,378.13,372.13,1395.2,0.64,185.0,0.67,372.2,0.63,164.0,0.68,384.0,0.62,338.0,0.69,369.0,0.61,333.0,0.7,352.64,0.6,557.0,0.71,358.7,0.33,372.2,0.36,115.0,0.32,420.0,0.37,242.0,0.31,393.0,0.38,386.0,0.3,352.64,0.39,333.0,0.29,370.7,0.4,557.0
2026-01-07 07:19:32.836000+00:00,2026-01-07 07:19:30.282087+00:00,272.836,0.655,0.65,0.66,0.345,0.34,0.35,1751.2,345.13,31.62,1868.2,0.64,407.0,0.67,368.2,0.63,393.0,0.68,304.0,0.62,423.0,0.69,339.0,0.61,393.0,0.7,266.64,0.6,419.0,0.71,532.7,0.33,64.2,0.36,429.0,0.3,69.64,0.37,494.0,0.28,342.46,0.38,479.0,0.27,339.4,0.39,454.0,0.26,367.0,0.4,419.0
2026-01-07 07:19:33.807000+00:00,2026-01-07 07:19:31.286978+00:00,273.807,0.695,0.69,0.7,0.305,0.3,0.31,119.0,118.71,69.71,119.0,0.68,230.8,0.71,55.0,0.67,242.0,0.72,145.11,0.66,273.0,0.73,65.0,0.65,2058.2,0.74,397.0,0.64,454.0,0.75,328.0,0.29,55.0,0.32,230.8,0.28,145.11,0.33,242.0,0.27,65.0,0.34,273.0,0.26,397.0,0.35,2058.2,0.25,328.0,0.36,454.0
2026-01-07 07:19:34.805000+00:00,2026-01-07 07:19:32.295916+00:00,274.805,0.695,0.69,0.7,0.305,0.3,0.31,105.0,44.56,44.56,105.0,0.68,219.8,0.71,67.0,0.67,272.0,0.72,133.11,0.66,273.0,0.73,77.0,0.65,2096.2,0.74,363.0,0.64,454.0,0.75,328.0,0.29,67.0,0.32,219.8,0.28,133.11,0.33,272.0,0.27,77.0,0.34,273.0,0.26,363.0,0.35,2096.2,0.25,328.0,0.36,454.0
2026-01-07 07:19:35.855000+00:00,2026-01-07 07:19:33.298535+00:00,275.855,0.695,0.69,0.7,0.305,0.3,0.31,90.0,99.56,99.56,90.0,0.68,198.8,0.71,79.0,0.67,308.0,0.72,121.11,0.66,273.0,0.73,89.0,0.65,2058.2,0.74,363.0,0.64,493.0,0.75,349.0,0.29,93.0,0.32,198.8,0.28,170.11,0.33,308.0,0.27,89.0,0.34,273.0,0.26,363.0,0.35,2058.2,0.25,349.0,0.36,493.0
2026-01-07 07:19:36.563000+00:00,2026-01-07 07:19:34.302905+00:00,276.563,0.69,0.68,0.7,0.31,0.3,0.32,318.8,135.56,133.56,318.8,0.67,302.0,0.71,55.0,0.66,469.0,0.72,206.11,0.65,1988.2,0.73,89.0,0.64,454.0,0.74,385.0,0.63,499.6,0.75,304.0,0.29,55.0,0.33,302.0,0.28,206.11,0.34,469.0,0.27,313.0,0.35,1764.2,0.26,385.0,0.36,454.0,0.25,304.0,0.37,499.6
2026-01-07 07:19:37.876000+00:00,2026-01-07 07:19:35.324467+00:00,277.876,0.69,0.68,0.7,0.31,0.3,0.32,332.8,89.56,89.56,332.8,0.67,402.0,0.71,93.0,0.66,343.0,0.72,190.11,0.65,1764.2,0.73,325.0,0.64,493.0,0.74,368.0,0.63,459.6,0.75,349.0,0.29,93.0,0.33,414.0,0.28,190.11,0.34,343.0,0.27,325.0,0.35,1764.2,0.26,368.0,0.36,493.0,0.25,349.0,0.37,459.6
2026-01-07 07:19:38.910000+00:00,2026-01-07 07:19:36.330375+00:00,278.91,0.69,0.68,0.7,0.31,0.3,0.32,392.8,129.56,129.56,380.8,0.67,366.0,0.71,81.0,0.66,373.0,0.72,202.11,0.65,1764.2,0.73,469.0,0.64,454.0,0.74,368.0,0.63,459.6,0.75,316.0,0.29,81.0,0.33,352.0,0.28,190.11,0.34,373.0,0.27,469.0,0.35,1764.2,0.26,356.0,0.36,454.0,0.25,374.0,0.37,459.6
2026-01-07 07:19:39.885000+00:00,2026-01-07 07:19:37.333382+00:00,279.885,0.685,0.68,0.69,0.31,0.3,0.32,175.0,7.42,115.56,120.0,0.67,377.0,0.7,148.56,0.66,385.0,0.71,67.0,0.65,1643.2,0.72,202.11,0.64,454.0,0.73,496.0,0.63,499.6,0.74,402.0,0.29,67.0,0.33,377.0,0.28,202.11,0.34,385.0,0.27,496.0,0.35,1643.2,0.26,402.0,0.36,454.0,0.25,386.0,0.37,499.6
2026-01-07 07:19:40.856000+00:00,2026-01-07 07:19:38.354559+00:00,280.856,0.69,0.68,0.7,0.31,0.3,0.32,180.0,89.56,89.56,180.0,0.67,453.0,0.71,81.0,0.66,343.0,0.72,202.11,0.65,1643.2,0.73,530.0,0.64,454.0,0.74,363.0,0.63,459.6,0.75,386.0,0.29,81.0,0.33,453.0,0.28,202.11,0.34,567.0,0.27,306.0,0.35,1643.2,0.26,363.0,0.36,454.0,0.25,386.0,0.37,459.6
2026-01-07 07:19:41.908000+00:00,2026-01-07 07:19:39.363389+00:00,281.908,0.69,0.68,0.7,0.31,0.3,0.32,218.0,89.56,89.56,204.0,0.67,403.0,0.71,69.0,0.66,567.0,0.72,202.11,0.65,1643.2,0.73,248.0,0.64,493.0,0.74,375.0,0.63,459.6,0.75,431.0,0.29,69.0,0.33,403.0,0.28,202.11,0.34,567.0,0.27,248.0,0.35,1643.2,0.26,375.0,0.36,493.0,0.25,431.0,0.37,459.6
2026-01-07 07:19:42.959000+00:00,2026-01-07 07:19:40.401852+00:00,282.959,0.69,0.68,0.7,0.31,0.3,0.32,204.0,89.56,89.56,204.0,0.67,429.0,0.71,81.0,0.66,572.0,0.72,202.11,0.65,1643.2,0.73,248.0,0.64,493.0,0.74,375.0,0.63,459.6,0.75,431.0,0.29,81.0,0.33,429.0,0.28,202.11,0.34,572.0,0.27,248.0,0.35,1643.2,0.26,375.0,0.36,493.0,0.25,431.0,0.37,459.6
2026-01-07 07:19:43.578000+00:00,2026-01-07 07:19:41.409184+00:00,283.578,0.69,0.68,0.7,0.31,0.3,0.32,274.0,89.56,89.56,274.0,0.67,359.0,0.71,81.0,0.66,572.0,0.72,202.11,0.65,1643.2,0.73,248.0,0.64,493.0,0.74,375.0,0.63,459.6,0.75,431.0,0.29,81.0,0.33,359.0,0.28,202.11,0.34,572.0,0.27,248.0,0.35,1643.2,0.26,375.0,0.36,493.0,0.25,431.0,0.37,459.6
2026-01-07 07:19:44.990000+00:00,2026-01-07 07:19:42.429118+00:00,284.99,0.69,0.68,0.7,0.31,0.3,0.32,262.0,98.52,98.52,257.0,0.67,371.0,0.71,67.0,0.66,567.0,0.72,406.11,0.65,348.0,0.73,292.0,0.64,454.0,0.74,363.0,0.63,459.6,0.75,419.0,0.29,67.0,0.33,371.0,0.28,406.11,0.34,567.0,0.27,292.0,0.35,348.0,0.26,363.0,0.36,493.0,0.25,419.0,0.37,459.6
2026-01-07 07:19:45.904000+00:00,2026-01-07 07:19:43.452541+00:00,285.904,0.695,0.69,0.7,0.305,0.3,0.31,100.0,15.0,15.0,100.0,0.68,222.0,0.71,111.0,0.67,346.0,0.72,381.11,0.66,592.0,0.73,292.0,0.65,386.0,0.74,363.0,0.64,454.0,0.75,421.0,0.29,111.0,0.32,222.0,0.28,381.11,0.33,346.0,0.27,292.0,0.34,592.0,0.26,363.0,0.35,386.0,0.25,421.0,0.36,454.0
2026-01-07 07:19:47.032000+00:00,2026-01-07 07:19:44.474174+00:00,287.032,0.695,0.69,0.7,0.305,0.3,0.31,179.0,5.0,5.0,154.0,0.68,194.0,0.71,35.0,0.67,278.0,0.72,369.11,0.66,592.0,0.73,268.0,0.65,386.0,0.74,351.0,0.64,454.0,0.75,409.0,0.29,64.0,0.32,194.0,0.28,383.11,0.33,278.0,0.27,280.0,0.34,630.0,0.26,351.0,0.35,348.0,0.25,409.0,0.36,459.6
2026-01-07 07:19:48.934000+00:00,2026-01-07 07:19:46.488443+00:00,288.934,0.735,0.73,0.74,0.265,0.26,0.27,120.0,40.0,34.25,120.0,0.72,296.89,0.75,55.0,0.71,328.0,0.76,283.0,0.7,328.0,0.77,40.0,0.69,454.0,0.78,375.0,0.68,454.0,0.79,328.0,0.25,55.0,0.28,296.89,0.24,283.0,0.29,328.0,0.23,40.0,0.3,328.0,0.22,375.0,0.31,454.0,0.21,328.0,0.32,454.0
2026-01-07 07:19:50.043000+00:00,2026-01-07 07:19:47.505979+00:00,290.043,0.735,0.73,0.74,0.265,0.26,0.27,155.0,5.0,5.0,140.0,0.72,331.89,0.75,80.0,0.71,303.0,0.76,307.0,0.7,358.0,0.77,40.0,0.69,454.0,0.78,375.0,0.68,454.0,0.79,363.0,0.25,80.0,0.28,331.89,0.24,307.0,0.29,303.0,0.23,35.0,0.3,358.0,0.22,375.0,0.31,454.0,0.21,363.0,0.32,454.0
2026-01-07 07:19:51.084000+00:00,2026-01-07 07:19:48.527513+00:00,291.084,0.755,0.75,0.76,0.24,0.23,0.25,166.98,49.0,80.0,177.98,0.74,247.0,0.77,80.0,0.73,277.99,0.78,34.0,0.72,327.59,0.79,223.0,0.71,557.0,0.8,378.0,0.7,479.0,0.81,351.0,0.22,34.0,0.26,213.0,0.21,223.0,0.27,277.99,0.2,366.0,0.28,327.59,0.19,363.0,0.29,557.0,0.18,316.0,0.3,479.0
2026-01-07 07:19:52.094000+00:00,2026-01-07 07:19:49.531666+00:00,292.094,0.765,0.76,0.77,0.235,0.23,0.24,20.0,69.87,39.48,20.0,0.75,219.98,0.78,27.0,0.74,436.0,0.79,47.0,0.73,308.0,0.8,233.0,0.72,297.59,0.81,375.0,0.71,678.0,0.82,328.0,0.22,27.0,0.25,219.98,0.21,12.0,0.26,401.0,0.2,233.0,0.27,298.0,0.19,340.0,0.28,297.59,0.18,328.0,0.29,678.0
2026-01-07 07:19:53.108000+00:00,2026-01-07 07:19:50.540239+00:00,293.108,0.725,0.72,0.73,0.275,0.27,0.28,130.69,24.0,39.0,120.69,0.71,191.3,0.74,45.0,0.7,394.2,0.75,103.26,0.69,515.1,0.76,275.0,0.68,522.0,0.77,589.48,0.67,485.6,0.78,351.0,0.26,59.0,0.29,191.3,0.25,79.26,0.3,374.2,0.24,275.0,0.31,515.1,0.23,589.48,0.32,485.0,0.22,400.0,0.33,469.9
2026-01-07 07:19:54.027000+00:00,2026-01-07 07:19:51.562282+00:00,294.027,0.735,0.73,0.74,0.265,0.26,0.27,8.07,41.54,41.54,8.07,0.72,145.69,0.75,60.26,0.71,209.0,0.76,275.0,0.7,410.2,0.77,591.48,0.69,491.1,0.78,400.0,0.68,485.0,0.79,316.0,0.25,60.26,0.28,145.69,0.24,275.0,0.29,209.0,0.23,591.48,0.3,410.2,0.22,400.0,0.31,486.1,0.21,316.0,0.32,485.0
2026-01-07 07:19:55.054000+00:00,2026-01-07 07:19:52.568201+00:00,295.054,0.735,0.73,0.74,0.265,0.26,0.27,29.0,76.54,88.78,29.0,0.72,212.69,0.75,58.26,0.71,220.0,0.76,263.0,0.7,385.2,0.77,602.48,0.69,414.1,0.78,424.0,0.68,520.0,0.79,328.0,0.25,58.26,0.28,212.69,0.24,263.0,0.29,220.0,0.23,602.48,0.3,349.2,0.22,424.0,0.31,414.1,0.21,328.0,0.32,520.0
2026-01-07 07:19:56.091000+00:00,2026-01-07 07:19:53.591141+00:00,296.091,0.735,0.73,0.74,0.265,0.26,0.27,32.77,93.78,93.78,32.77,0.72,200.69,0.75,53.26,0.71,234.0,0.76,312.0,0.7,343.0,0.77,602.48,0.69,450.1,0.78,387.0,0.68,520.0,0.79,328.0,0.25,53.26,0.28,200.69,0.24,312.0,0.29,234.0,0.23,602.48,0.3,343.0,0.22,399.0,0.31,450.1,0.21,328.0,0.32,520.0
2026-01-07 07:19:57.158000+00:00,2026-01-07 07:19:54.594386+00:00,297.158,0.735,0.73,0.74,0.265,0.26,0.27,227.0,40.0,40.0,215.0,0.72,170.7,0.75,39.0,0.71,164.0,0.76,312.0,0.7,313.0,0.77,378.48,0.69,679.1,0.78,339.0,0.68,520.0,0.79,352.0,0.25,69.0,0.28,292.7,0.24,312.0,0.29,286.0,0.23,378.48,0.3,434.0,0.22,339.0,0.31,764.1,0.21,364.0,0.32,520.0
2026-01-07 07:19:58.097000+00:00,2026-01-07 07:19:55.592121+00:00,298.097,0.735,0.73,0.74,0.265,0.26,0.27,382.0,40.0,40.0,382.0,0.72,323.7,0.75,10.0,0.71,368.0,0.76,129.0,0.7,434.0,0.77,74.48,0.69,759.1,0.78,218.0,0.68,520.0,0.79,304.0,0.25,10.0,0.28,323.7,0.24,129.0,0.29,368.0,0.23,74.48,0.3,434.0,0.22,218.0,0.31,759.1,0.21,304.0,0.32,520.0
2026-01-07 07:19:59.012000+00:00,2026-01-07 07:19:56.594588+00:00,299.012,0.735,0.73,0.74,0.265,0.26,0.27,357.11,38.0,38.0,357.11,0.72,367.7,0.75,69.0,0.71,368.0,0.76,129.0,0.7,434.0,0.77,74.48,0.69,759.1,0.78,238.0,0.68,520.0,0.79,316.0,0.25,69.0,0.28,367.7,0.24,129.0,0.29,368.0,0.23,74.48,0.3,434.0,0.22,238.0,0.31,759.1,0.21,316.0,0.32,520.0
