timestamp,collected_at,seconds,mid,bid,ask,asset
2026-01-06 17:45:00+00:00,,0.0,ETH,3238.38,3238.24,17:45:00
2026-01-06 17:45:01+00:00,,1.0,ETH,3238.17,3238.1,17:45:01
2026-01-06 17:45:02+00:00,,2.0,ETH,3238.08,3237.91,17:45:02
2026-01-06 17:45:03+00:00,,3.0,ETH,3237.94,3237.78,17:45:03
2026-01-06 17:45:04+00:00,,4.0,ETH,3237.38,3237.33,17:45:04
2026-01-06 17:45:05+00:00,,5.0,ETH,3237.06,3237.0,17:45:05
2026-01-06 17:45:06+00:00,,6.0,ETH,3236.81,3236.72,17:45:06
2026-01-06 17:45:07+00:00,,7.0,ETH,3236.84,3236.69,17:45:07
2026-01-06 17:45:08+00:00,,8.0,ETH,3236.75,3236.71,17:45:08
2026-01-06 17:45:09+00:00,,9.0,ETH,3237.66,3237.52,17:45:09
2026-01-06 17:45:10+00:00,,10.0,ETH,3237.66,3237.56,17:45:10
2026-01-06 17:45:11+00:00,,11.0,ETH,3237.73,3237.56,17:45:11
2026-01-06 17:45:12+00:00,,12.0,ETH,3237.82,3237.74,17:45:12
2026-01-06 17:45:13+00:00,,13.0,ETH,3238.39,3238.2,17:45:13
2026-01-06 17:45:14+00:00,,14.0,ETH,3238.43,3238.2,17:45:14
2026-01-06 17:45:15+00:00,,15.0,ETH,3238.7,3238.51,17:45:15
2026-01-06 17:45:16+00:00,,16.0,ETH,3238.69,3238.61,17:45:16
2026-01-06 17:45:17+00:00,,17.0,ETH,3239.32,3239.12,17:45:17
2026-01-06 17:45:18+00:00,,18.0,ETH,3239.24,3239.12,17:45:18
2026-01-06 17:45:19+00:00,,19.0,ETH,3239.11,3238.93,17:45:19
2026-01-06 17:45:20+00:00,,20.0,ETH,3239.34,3239.19,17:45:20
2026-01-06 17:45:21+00:00,,21.0,ETH,3239.34,3239.22,17:45:21
2026-01-06 17:45:22+00:00,,22.0,ETH,3239.24,3239.22,17:45:22
2026-01-06 17:45:23+00:00,,23.0,ETH,3239.07,3238.93,17:45:23
2026-01-06 17:45:24+00:00,,24.0,ETH,3239.16,3238.92,17:45:24
2026-01-06 17:45:25+00:00,,25.0,ETH,3239.22,3239.05,17:45:25
2026-01-06 17:45:26+00:00,,26.0,ETH,3239.29,3239.02,17:45:26
2026-01-06 17:45:27+00:00,,27.0,ETH,3239.36,3239.15,17:45:27
2026-01-06 17:45:28+00:00,,28.0,ETH,3239.41,3239.27,17:45:28
2026-01-06 17:45:29+00:00,,29.0,ETH,3239.58,3239.41,17:45:29
2026-01-06 17:45:30+00:00,,30.0,ETH,3239.75,3239.57,17:45:30
2026-01-06 17:45:31+00:00,,31.0,ETH,3239.62,3239.47,17:45:31
2026-01-06 17:45:32+00:00,,32.0,ETH,3239.42,3239.28,17:45:32
2026-01-06 17:45:33+00:00,,33.0,ETH,3239.23,3239.15,17:45:33
2026-01-06 17:45:34+00:00,,34.0,ETH,3239.18,3239.06,17:45:34
2026-01-06 17:45:35+00:00,,35.0,ETH,3239.17,3239.06,17:45:35
2026-01-06 17:45:36+00:00,,36.0,ETH,3239.02,3238.96,17:45:36
2026-01-06 17:45:37+00:00,,37.0,ETH,3238.87,3238.82,17:45:37
2026-01-06 17:45:38+00:00,,38.0,ETH,3238.6,3238.59,17:45:38
2026-01-06 17:45:39+00:00,,39.0,ETH,3238.4,3238.39,17:45:39
2026-01-06 17:45:40+00:00,,40.0,ETH,3238.41,3238.39,17:45:40
2026-01-06 17:45:41+00:00,,41.0,ETH,3238.4,3238.38,17:45:41
2026-01-06 17:45:42+00:00,,42.0,ETH,3238.38,3238.37,17:45:42
2026-01-06 17:45:43+00:00,,43.0,ETH,3238.38,3238.36,17:45:43
2026-01-06 17:45:44+00:00,,44.0,ETH,3238.38,3238.36,17:45:44
2026-01-06 17:45:45+00:00,,45.0,ETH,3238.23,3238.05,17:45:45
2026-01-06 17:45:00+00:00,,0.0,ETH,3238.38,3238.24,17:45:00
2026-01-06 17:45:46+00:00,,46.0,ETH,3237.52,3237.29,17:45:46
2026-01-06 17:45:01+00:00,,1.0,ETH,3238.17,3238.1,17:45:01
2026-01-06 17:45:47+00:00,,47.0,ETH,3236.77,3236.7,17:45:47
2026-01-06 17:45:02+00:00,,2.0,ETH,3238.08,3237.91,17:45:02
2026-01-06 17:45:48+00:00,,48.0,ETH,3236.46,3236.4,17:45:48
2026-01-06 17:45:03+00:00,,3.0,ETH,3237.94,3237.78,17:45:03
2026-01-06 17:45:49+00:00,,49.0,ETH,3236.24,3236.18,17:45:49
2026-01-06 17:45:04+00:00,,4.0,ETH,3237.38,3237.33,17:45:04
2026-01-06 17:45:50+00:00,,50.0,ETH,3236.01,3235.99,17:45:50
2026-01-06 17:45:05+00:00,,5.0,ETH,3236.93,3236.86,17:45:05
2026-01-06 17:45:51+00:00,,51.0,ETH,3235.89,3235.86,17:45:51
2026-01-06 17:45:06+00:00,,6.0,ETH,3236.82,3236.71,17:45:06
2026-01-06 17:45:52+00:00,,52.0,ETH,3235.9,3235.88,17:45:52
2026-01-06 17:45:07+00:00,,7.0,ETH,3236.79,3236.7,17:45:07
2026-01-06 17:45:53+00:00,,53.0,ETH,3235.9,3235.88,17:45:53
2026-01-06 17:45:08+00:00,,8.0,ETH,3237.21,3237.12,17:45:08
2026-01-06 17:45:54+00:00,,54.0,ETH,3235.96,3235.92,17:45:54
2026-01-06 17:45:09+00:00,,9.0,ETH,3237.66,3237.54,17:45:09
2026-01-06 17:45:55+00:00,,55.0,ETH,3236.32,3236.24,17:45:55
2026-01-06 17:45:10+00:00,,10.0,ETH,3237.7,3237.56,17:45:10
2026-01-06 17:45:56+00:00,,56.0,ETH,3236.61,3236.48,17:45:56
2026-01-06 17:45:11+00:00,,11.0,ETH,3237.78,3237.65,17:45:11
2026-01-06 17:45:57+00:00,,57.0,ETH,3236.8,3236.68,17:45:57
2026-01-06 17:45:12+00:00,,12.0,ETH,3238.11,3237.97,17:45:12
2026-01-06 17:45:58+00:00,,58.0,ETH,3236.98,3236.78,17:45:58
2026-01-06 17:45:13+00:00,,13.0,ETH,3238.41,3238.2,17:45:13
2026-01-06 17:45:59+00:00,,59.0,ETH,3237.07,3236.91,17:45:59
2026-01-06 17:45:14+00:00,,14.0,ETH,3238.57,3238.35,17:45:14
2026-01-06 17:46:00+00:00,,60.0,ETH,3236.94,3236.82,17:46:00
2026-01-06 17:45:15+00:00,,15.0,ETH,3238.69,3238.56,17:45:15
2026-01-06 17:46:01+00:00,,61.0,ETH,3236.77,3236.63,17:46:01
2026-01-06 17:45:16+00:00,,16.0,ETH,3239.0,3238.86,17:45:16
2026-01-06 17:46:02+00:00,,62.0,ETH,3236.69,3236.57,17:46:02
2026-01-06 17:45:17+00:00,,17.0,ETH,3239.28,3239.12,17:45:17
2026-01-06 17:46:03+00:00,,63.0,ETH,3236.6,3236.5,17:46:03
2026-01-06 17:45:18+00:00,,18.0,ETH,3239.17,3239.03,17:45:18
2026-01-06 17:46:04+00:00,,64.0,ETH,3236.38,3236.18,17:46:04
2026-01-06 17:45:19+00:00,,19.0,ETH,3239.23,3239.06,17:45:19
2026-01-06 17:46:05+00:00,,65.0,ETH,3236.05,3235.8,17:46:05
2026-01-06 17:45:20+00:00,,20.0,ETH,3239.34,3239.2,17:45:20
2026-01-06 17:46:06+00:00,,66.0,ETH,3235.79,3235.64,17:46:06
2026-01-06 17:45:21+00:00,,21.0,ETH,3239.29,3239.22,17:45:21
2026-01-06 17:46:07+00:00,,67.0,ETH,3235.67,3235.59,17:46:07
2026-01-06 17:45:22+00:00,,22.0,ETH,3239.16,3239.07,17:45:22
2026-01-06 17:46:08+00:00,,68.0,ETH,3235.48,3235.43,17:46:08
2026-01-06 17:45:23+00:00,,23.0,ETH,3239.11,3238.92,17:45:23
2026-01-06 17:46:09+00:00,,69.0,ETH,3235.23,3235.22,17:46:09
2026-01-06 17:45:24+00:00,,24.0,ETH,3239.19,3238.99,17:45:24
2026-01-06 17:46:10+00:00,,70.0,ETH,3234.88,3234.76,17:46:10
2026-01-06 17:45:25+00:00,,25.0,ETH,3239.26,3239.04,17:45:25
2026-01-06 17:46:11+00:00,,71.0,ETH,3234.67,3234.48,17:46:11
2026-01-06 17:45:26+00:00,,26.0,ETH,3239.33,3239.09,17:45:26
2026-01-06 17:46:12+00:00,,72.0,ETH,3235.09,3234.99,17:46:12
2026-01-06 17:45:27+00:00,,27.0,ETH,3239.38,3239.21,17:45:27
2026-01-06 17:46:13+00:00,,73.0,ETH,3235.74,3235.7,17:46:13
2026-01-06 17:45:28+00:00,,28.0,ETH,3239.41,3239.26,17:45:28
2026-01-06 17:46:14+00:00,,74.0,ETH,3236.09,3236.02,17:46:14
2026-01-06 17:45:29+00:00,,29.0,ETH,3239.58,3239.41,17:45:29
2026-01-06 17:46:15+00:00,,75.0,ETH,3236.2,3236.1,17:46:15
2026-01-06 17:45:30+00:00,,30.0,ETH,3239.75,3239.57,17:45:30
2026-01-06 17:46:16+00:00,,76.0,ETH,3236.24,3236.14,17:46:16
2026-01-06 17:45:31+00:00,,31.0,ETH,3239.75,3239.58,17:45:31
2026-01-06 17:46:17+00:00,,77.0,ETH,3236.26,3236.15,17:46:17
2026-01-06 17:45:32+00:00,,32.0,ETH,3239.5,3239.36,17:45:32
2026-01-06 17:46:18+00:00,,78.0,ETH,3236.46,3236.37,17:46:18
2026-01-06 17:45:33+00:00,,33.0,ETH,3239.34,3239.2,17:45:33
2026-01-06 17:46:19+00:00,,79.0,ETH,3236.71,3236.59,17:46:19
2026-01-06 17:45:34+00:00,,34.0,ETH,3239.12,3239.09,17:45:34
2026-01-06 17:46:20+00:00,,80.0,ETH,3236.41,3236.23,17:46:20
2026-01-06 17:45:35+00:00,,35.0,ETH,3239.24,3239.04,17:45:35
2026-01-06 17:46:21+00:00,,81.0,ETH,3235.98,3235.86,17:46:21
2026-01-06 17:45:36+00:00,,36.0,ETH,3239.1,3239.09,17:45:36
2026-01-06 17:46:22+00:00,,82.0,ETH,3235.86,3235.84,17:46:22
2026-01-06 17:45:37+00:00,,37.0,ETH,3238.95,3238.84,17:45:37
2026-01-06 17:46:23+00:00,,83.0,ETH,3235.73,3235.71,17:46:23
2026-01-06 17:45:38+00:00,,38.0,ETH,3238.8,3238.79,17:45:38
2026-01-06 17:46:24+00:00,,84.0,ETH,3235.55,3235.52,17:46:24
2026-01-06 17:45:39+00:00,,39.0,ETH,3238.4,3238.39,17:45:39
2026-01-06 17:46:25+00:00,,85.0,ETH,3235.49,3235.46,17:46:25
2026-01-06 17:45:40+00:00,,40.0,ETH,3238.4,3238.39,17:45:40
2026-01-06 17:46:26+00:00,,86.0,ETH,3235.23,3235.18,17:46:26
2026-01-06 17:45:41+00:00,,41.0,ETH,3238.41,3238.4,17:45:41
2026-01-06 17:46:27+00:00,,87.0,ETH,3234.85,3234.82,17:46:27
2026-01-06 17:45:42+00:00,,42.0,ETH,3238.39,3238.37,17:45:42
2026-01-06 17:46:28+00:00,,88.0,ETH,3234.71,3234.69,17:46:28
2026-01-06 17:45:43+00:00,,43.0,ETH,3238.38,3238.36,17:45:43
2026-01-06 17:46:29+00:00,,89.0,ETH,3234.77,3234.71,17:46:29
2026-01-06 17:45:44+00:00,,44.0,ETH,3238.38,3238.36,17:45:44
2026-01-06 17:46:30+00:00,,90.0,ETH,3234.97,3234.86,17:46:30
2026-01-06 17:45:45+00:00,,45.0,ETH,3238.38,3238.36,17:45:45
2026-01-06 17:46:31+00:00,,91.0,ETH,3235.03,3234.94,17:46:31
2026-01-06 17:45:46+00:00,,46.0,ETH,3238.07,3237.75,17:45:46
2026-01-06 17:46:32+00:00,,92.0,ETH,3235.13,3235.05,17:46:32
2026-01-06 17:45:47+00:00,,47.0,ETH,3236.96,3236.84,17:45:47
2026-01-06 17:46:33+00:00,,93.0,ETH,3235.58,3235.52,17:46:33
2026-01-06 17:45:48+00:00,,48.0,ETH,3236.58,3236.57,17:45:48
2026-01-06 17:46:34+00:00,,94.0,ETH,3235.82,3235.76,17:46:34
2026-01-06 17:45:49+00:00,,49.0,ETH,3236.34,3236.23,17:45:49
2026-01-06 17:46:35+00:00,,95.0,ETH,3235.64,3235.56,17:46:35
2026-01-06 17:45:50+00:00,,50.0,ETH,3236.15,3236.13,17:45:50
2026-01-06 17:46:36+00:00,,96.0,ETH,3235.42,3235.35,17:46:36
2026-01-06 17:45:51+00:00,,51.0,ETH,3235.87,3235.85,17:45:51
2026-01-06 17:46:37+00:00,,97.0,ETH,3235.37,3235.3,17:46:37
2026-01-06 17:45:52+00:00,,52.0,ETH,3235.9,3235.88,17:45:52
2026-01-06 17:46:38+00:00,,98.0,ETH,3235.43,3235.36,17:46:38
2026-01-06 17:45:53+00:00,,53.0,ETH,3235.9,3235.88,17:45:53
2026-01-06 17:46:39+00:00,,99.0,ETH,3235.15,3235.0,17:46:39
2026-01-06 17:45:54+00:00,,54.0,ETH,3235.96,3235.92,17:45:54
2026-01-06 17:46:40+00:00,,100.0,ETH,3234.7,3234.58,17:46:40
2026-01-06 17:45:55+00:00,,55.0,ETH,3236.32,3236.24,17:45:55
2026-01-06 17:46:41+00:00,,101.0,ETH,3234.49,3234.49,17:46:41
2026-01-06 17:46:42+00:00,,102.0,ETH,3234.49,3234.49,17:46:42
2026-01-06 17:45:56+00:00,,56.0,ETH,3236.61,3236.48,17:45:56
2026-01-06 17:46:43+00:00,,103.0,ETH,3233.77,3233.48,17:46:43
2026-01-06 17:45:57+00:00,,57.0,ETH,3236.8,3236.68,17:45:57
2026-01-06 17:46:44+00:00,,104.0,ETH,3233.49,3233.13,17:46:44
2026-01-06 17:45:58+00:00,,58.0,ETH,3236.98,3236.78,17:45:58
2026-01-06 17:46:45+00:00,,105.0,ETH,3233.79,3233.72,17:46:45
2026-01-06 17:45:59+00:00,,59.0,ETH,3237.07,3236.91,17:45:59
2026-01-06 17:46:46+00:00,,106.0,ETH,3235.12,3235.02,17:46:46
2026-01-06 17:46:00+00:00,,60.0,ETH,3236.94,3236.82,17:46:00
2026-01-06 17:46:47+00:00,,107.0,ETH,3235.22,3235.14,17:46:47
2026-01-06 17:46:01+00:00,,61.0,ETH,3236.77,3236.63,17:46:01
2026-01-06 17:46:48+00:00,,108.0,ETH,3235.26,3235.12,17:46:48
2026-01-06 17:46:02+00:00,,62.0,ETH,3236.69,3236.57,17:46:02
2026-01-06 17:46:49+00:00,,109.0,ETH,3235.25,3235.15,17:46:49
2026-01-06 17:46:03+00:00,,63.0,ETH,3236.6,3236.5,17:46:03
2026-01-06 17:46:50+00:00,,110.0,ETH,3235.26,3235.16,17:46:50
2026-01-06 17:46:04+00:00,,64.0,ETH,3236.38,3236.18,17:46:04
2026-01-06 17:46:51+00:00,,111.0,ETH,3234.88,3234.81,17:46:51
2026-01-06 17:46:05+00:00,,65.0,ETH,3236.05,3235.8,17:46:05
2026-01-06 17:46:52+00:00,,112.0,ETH,3235.01,3234.83,17:46:52
2026-01-06 17:46:06+00:00,,66.0,ETH,3235.79,3235.64,17:46:06
2026-01-06 17:46:53+00:00,,113.0,ETH,3235.13,3235.05,17:46:53
2026-01-06 17:46:07+00:00,,67.0,ETH,3235.67,3235.59,17:46:07
2026-01-06 17:46:54+00:00,,114.0,ETH,3234.97,3234.93,17:46:54
2026-01-06 17:46:08+00:00,,68.0,ETH,3235.48,3235.43,17:46:08
2026-01-06 17:46:55+00:00,,115.0,ETH,3234.97,3234.89,17:46:55
2026-01-06 17:46:09+00:00,,69.0,ETH,3235.23,3235.22,17:46:09
2026-01-06 17:46:56+00:00,,116.0,ETH,3234.77,3234.73,17:46:56
2026-01-06 17:46:10+00:00,,70.0,ETH,3234.88,3234.76,17:46:10
2026-01-06 17:46:57+00:00,,117.0,ETH,3234.46,3234.43,17:46:57
2026-01-06 17:46:11+00:00,,71.0,ETH,3234.67,3234.48,17:46:11
2026-01-06 17:46:58+00:00,,118.0,ETH,3233.75,3233.37,17:46:58
2026-01-06 17:46:13+00:00,,73.0,ETH,3235.48,3235.43,17:46:13
2026-01-06 17:46:59+00:00,,119.0,ETH,3232.87,3232.76,17:46:59
2026-01-06 17:46:14+00:00,,74.0,ETH,3236.0,3235.97,17:46:14
2026-01-06 17:47:00+00:00,,120.0,ETH,3232.71,3232.57,17:47:00
2026-01-06 17:46:15+00:00,,75.0,ETH,3236.19,3236.07,17:46:15
2026-01-06 17:47:01+00:00,,121.0,ETH,3230.09,3229.86,17:47:01
2026-01-06 17:46:16+00:00,,76.0,ETH,3236.22,3236.14,17:46:16
2026-01-06 17:47:02+00:00,,122.0,ETH,3226.88,3226.66,17:47:02
2026-01-06 17:46:17+00:00,,77.0,ETH,3236.26,3236.14,17:46:17
2026-01-06 17:47:03+00:00,,123.0,ETH,3219.8,3219.63,17:47:03
2026-01-06 17:46:18+00:00,,78.0,ETH,3236.27,3236.17,17:46:18
2026-01-06 17:47:04+00:00,,124.0,ETH,3219.8,3219.63,17:47:04
2026-01-06 17:46:19+00:00,,79.0,ETH,3236.65,3236.57,17:46:19
2026-01-06 17:47:05+00:00,,125.0,ETH,3218.03,3217.72,17:47:05
2026-01-06 17:46:20+00:00,,80.0,ETH,3236.76,3236.6,17:46:20
2026-01-06 17:47:06+00:00,,126.0,ETH,3217.83,3217.58,17:47:06
2026-01-06 17:47:07+00:00,,127.0,ETH,3218.13,3217.97,17:47:07
2026-01-06 17:46:21+00:00,,81.0,ETH,3235.98,3235.86,17:46:21
2026-01-06 17:47:08+00:00,,128.0,ETH,3219.45,3219.27,17:47:08
2026-01-06 17:46:22+00:00,,82.0,ETH,3235.86,3235.84,17:46:22
2026-01-06 17:47:09+00:00,,129.0,ETH,3219.46,3219.37,17:47:09
2026-01-06 17:46:23+00:00,,83.0,ETH,3235.73,3235.71,17:46:23
2026-01-06 17:47:10+00:00,,130.0,ETH,3219.41,3219.31,17:47:10
2026-01-06 17:46:24+00:00,,84.0,ETH,3235.55,3235.52,17:46:24
2026-01-06 17:47:11+00:00,,131.0,ETH,3219.27,3219.02,17:47:11
2026-01-06 17:46:25+00:00,,85.0,ETH,3235.49,3235.46,17:46:25
2026-01-06 17:47:12+00:00,,132.0,ETH,3219.02,3218.68,17:47:12
2026-01-06 17:46:26+00:00,,86.0,ETH,3235.23,3235.18,17:46:26
2026-01-06 17:47:13+00:00,,133.0,ETH,3218.52,3218.19,17:47:13
2026-01-06 17:46:27+00:00,,87.0,ETH,3234.85,3234.82,17:46:27
2026-01-06 17:47:14+00:00,,134.0,ETH,3218.19,3217.95,17:47:14
2026-01-06 17:46:28+00:00,,88.0,ETH,3234.71,3234.69,17:46:28
2026-01-06 17:47:15+00:00,,135.0,ETH,3218.43,3218.22,17:47:15
2026-01-06 17:46:29+00:00,,89.0,ETH,3234.77,3234.71,17:46:29
2026-01-06 17:47:16+00:00,,136.0,ETH,3218.63,3218.41,17:47:16
2026-01-06 17:46:30+00:00,,90.0,ETH,3234.97,3234.86,17:46:30
2026-01-06 17:47:17+00:00,,137.0,ETH,3218.44,3218.33,17:47:17
2026-01-06 17:46:31+00:00,,91.0,ETH,3235.03,3234.94,17:46:31
2026-01-06 17:47:18+00:00,,138.0,ETH,3218.14,3217.95,17:47:18
2026-01-06 17:46:32+00:00,,92.0,ETH,3235.13,3235.05,17:46:32
2026-01-06 17:47:19+00:00,,139.0,ETH,3217.22,3217.06,17:47:19
2026-01-06 17:46:33+00:00,,93.0,ETH,3235.58,3235.52,17:46:33
2026-01-06 17:47:20+00:00,,140.0,ETH,3216.39,3216.31,17:47:20
2026-01-06 17:46:34+00:00,,94.0,ETH,3235.82,3235.76,17:46:34
2026-01-06 17:47:21+00:00,,141.0,ETH,3216.43,3216.31,17:47:21
2026-01-06 17:46:35+00:00,,95.0,ETH,3235.64,3235.56,17:46:35
2026-01-06 17:47:22+00:00,,142.0,ETH,3216.9,3216.81,17:47:22
2026-01-06 17:46:36+00:00,,96.0,ETH,3235.42,3235.35,17:46:36
2026-01-06 17:47:23+00:00,,143.0,ETH,3217.52,3217.39,17:47:23
2026-01-06 17:46:37+00:00,,97.0,ETH,3235.37,3235.3,17:46:37
2026-01-06 17:47:24+00:00,,144.0,ETH,3217.83,3217.7,17:47:24
2026-01-06 17:46:38+00:00,,98.0,ETH,3235.43,3235.36,17:46:38
2026-01-06 17:47:25+00:00,,145.0,ETH,3217.97,3217.85,17:47:25
2026-01-06 17:46:39+00:00,,99.0,ETH,3235.15,3235.0,17:46:39
2026-01-06 17:47:26+00:00,,146.0,ETH,3218.08,3217.96,17:47:26
2026-01-06 17:46:40+00:00,,100.0,ETH,3234.7,3234.58,17:46:40
2026-01-06 17:47:27+00:00,,147.0,ETH,3218.57,3218.46,17:47:27
2026-01-06 17:46:41+00:00,,101.0,ETH,3234.49,3234.49,17:46:41
2026-01-06 17:47:28+00:00,,148.0,ETH,3219.03,3218.93,17:47:28
2026-01-06 17:46:42+00:00,,102.0,ETH,3234.13,3233.98,17:46:42
2026-01-06 17:47:29+00:00,,149.0,ETH,3219.01,3218.92,17:47:29
2026-01-06 17:46:43+00:00,,103.0,ETH,3233.77,3233.48,17:46:43
2026-01-06 17:47:30+00:00,,150.0,ETH,3219.08,3219.03,17:47:30
2026-01-06 17:46:44+00:00,,104.0,ETH,3233.49,3233.13,17:46:44
2026-01-06 17:47:31+00:00,,151.0,ETH,3219.53,3219.39,17:47:31
2026-01-06 17:46:45+00:00,,105.0,ETH,3233.79,3233.72,17:46:45
2026-01-06 17:47:32+00:00,,152.0,ETH,3219.5,3219.37,17:47:32
2026-01-06 17:46:46+00:00,,106.0,ETH,3235.12,3235.02,17:46:46
2026-01-06 17:47:33+00:00,,153.0,ETH,3219.54,3219.42,17:47:33
2026-01-06 17:46:47+00:00,,107.0,ETH,3235.22,3235.14,17:46:47
2026-01-06 17:47:34+00:00,,154.0,ETH,3220.13,3219.9,17:47:34
2026-01-06 17:46:48+00:00,,108.0,ETH,3235.26,3235.12,17:46:48
2026-01-06 17:47:35+00:00,,155.0,ETH,3219.86,3219.55,17:47:35
2026-01-06 17:46:49+00:00,,109.0,ETH,3235.25,3235.15,17:46:49
2026-01-06 17:47:36+00:00,,156.0,ETH,3219.6,3219.2,17:47:36
2026-01-06 17:46:50+00:00,,110.0,ETH,3235.26,3235.16,17:46:50
2026-01-06 17:47:37+00:00,,157.0,ETH,3219.46,3219.42,17:47:37
2026-01-06 17:46:51+00:00,,111.0,ETH,3234.88,3234.81,17:46:51
2026-01-06 17:47:38+00:00,,158.0,ETH,3219.08,3218.75,17:47:38
2026-01-06 17:46:52+00:00,,112.0,ETH,3235.01,3234.83,17:46:52
2026-01-06 17:47:39+00:00,,159.0,ETH,3218.77,3218.69,17:47:39
2026-01-06 17:46:53+00:00,,113.0,ETH,3235.13,3235.05,17:46:53
2026-01-06 17:47:40+00:00,,160.0,ETH,3219.18,3219.07,17:47:40
2026-01-06 17:46:54+00:00,,114.0,ETH,3234.97,3234.93,17:46:54
2026-01-06 17:47:41+00:00,,161.0,ETH,3219.66,3219.45,17:47:41
2026-01-06 17:46:55+00:00,,115.0,ETH,3234.97,3234.89,17:46:55
2026-01-06 17:47:42+00:00,,162.0,ETH,3219.62,3219.49,17:47:42
2026-01-06 17:46:56+00:00,,116.0,ETH,3234.77,3234.73,17:46:56
2026-01-06 17:47:43+00:00,,163.0,ETH,3219.38,3219.24,17:47:43
2026-01-06 17:46:57+00:00,,117.0,ETH,3234.46,3234.43,17:46:57
2026-01-06 17:47:44+00:00,,164.0,ETH,3219.34,3219.27,17:47:44
2026-01-06 17:46:58+00:00,,118.0,ETH,3233.75,3233.37,17:46:58
2026-01-06 17:47:45+00:00,,165.0,ETH,3218.88,3218.87,17:47:45
2026-01-06 17:46:59+00:00,,119.0,ETH,3232.87,3232.76,17:46:59
2026-01-06 17:47:46+00:00,,166.0,ETH,3218.91,3218.85,17:47:46
2026-01-06 17:47:00+00:00,,120.0,ETH,3232.71,3232.57,17:47:00
2026-01-06 17:47:47+00:00,,167.0,ETH,3219.46,3219.35,17:47:47
2026-01-06 17:47:01+00:00,,121.0,ETH,3230.09,3229.86,17:47:01
2026-01-06 17:47:48+00:00,,168.0,ETH,3219.86,3219.67,17:47:48
2026-01-06 17:47:02+00:00,,122.0,ETH,3226.88,3226.66,17:47:02
2026-01-06 17:47:49+00:00,,169.0,ETH,3219.54,3219.16,17:47:49
2026-01-06 17:47:03+00:00,,123.0,ETH,3219.8,3219.63,17:47:03
2026-01-06 17:47:50+00:00,,170.0,ETH,3219.13,3218.75,17:47:50
2026-01-06 17:47:04+00:00,,124.0,ETH,3219.8,3219.63,17:47:04
2026-01-06 17:47:51+00:00,,171.0,ETH,3218.8,3218.7,17:47:51
2026-01-06 17:47:05+00:00,,125.0,ETH,3218.53,3218.24,17:47:05
2026-01-06 17:47:52+00:00,,172.0,ETH,3219.03,3218.88,17:47:52
2026-01-06 17:47:06+00:00,,126.0,ETH,3217.54,3217.2,17:47:06
2026-01-06 17:47:53+00:00,,173.0,ETH,3219.16,3218.99,17:47:52
2026-01-06 17:47:54+00:00,,174.0,ETH,3219.45,3219.2,17:47:54
2026-01-06 17:47:07+00:00,,127.0,ETH,3218.79,3218.6,17:47:07
2026-01-06 17:47:55+00:00,,175.0,ETH,3219.11,3218.69,17:47:55
2026-01-06 17:47:08+00:00,,128.0,ETH,3219.45,3219.27,17:47:08
2026-01-06 17:47:56+00:00,,176.0,ETH,3217.62,3217.45,17:47:56
2026-01-06 17:47:09+00:00,,129.0,ETH,3219.46,3219.37,17:47:09
2026-01-06 17:47:57+00:00,,177.0,ETH,3217.8,3217.67,17:47:57
2026-01-06 17:47:10+00:00,,130.0,ETH,3219.41,3219.31,17:47:10
2026-01-06 17:47:58+00:00,,178.0,ETH,3218.53,3218.42,17:47:58
2026-01-06 17:47:11+00:00,,131.0,ETH,3219.27,3219.02,17:47:11
2026-01-06 17:47:59+00:00,,179.0,ETH,3219.29,3219.15,17:47:59
2026-01-06 17:47:12+00:00,,132.0,ETH,3219.02,3218.68,17:47:12
2026-01-06 17:48:00+00:00,,180.0,ETH,3219.26,3219.15,17:48:00
2026-01-06 17:47:13+00:00,,133.0,ETH,3218.52,3218.19,17:47:13
2026-01-06 17:48:01+00:00,,181.0,ETH,3218.51,3218.18,17:48:01
2026-01-06 17:47:14+00:00,,134.0,ETH,3218.19,3217.95,17:47:14
2026-01-06 17:48:02+00:00,,182.0,ETH,3217.87,3217.83,17:48:02
2026-01-06 17:47:15+00:00,,135.0,ETH,3218.43,3218.22,17:47:15
2026-01-06 17:48:03+00:00,,183.0,ETH,3217.66,3217.66,17:48:03
2026-01-06 17:47:17+00:00,,137.0,ETH,3218.58,3218.42,17:47:17
2026-01-06 17:48:04+00:00,,184.0,ETH,3218.95,3218.9,17:48:04
2026-01-06 17:47:18+00:00,,138.0,ETH,3218.29,3218.24,17:47:18
2026-01-06 17:48:05+00:00,,185.0,ETH,3218.2,3217.77,17:48:05
2026-01-06 17:47:19+00:00,,139.0,ETH,3217.98,3217.67,17:47:19
2026-01-06 17:48:06+00:00,,186.0,ETH,3217.42,3217.25,17:48:06
2026-01-06 17:47:20+00:00,,140.0,ETH,3216.46,3216.44,17:47:20
2026-01-06 17:48:07+00:00,,187.0,ETH,3216.07,3215.87,17:48:07
2026-01-06 17:47:21+00:00,,141.0,ETH,3216.32,3216.18,17:47:21
2026-01-06 17:48:08+00:00,,188.0,ETH,3215.72,3215.66,17:48:08
2026-01-06 17:47:22+00:00,,142.0,ETH,3216.53,3216.45,17:47:22
2026-01-06 17:48:09+00:00,,189.0,ETH,3215.75,3215.7,17:48:09
2026-01-06 17:47:23+00:00,,143.0,ETH,3217.26,3217.16,17:47:23
2026-01-06 17:48:10+00:00,,190.0,ETH,3215.87,3215.78,17:48:10
2026-01-06 17:47:24+00:00,,144.0,ETH,3217.77,3217.62,17:47:24
2026-01-06 17:48:11+00:00,,191.0,ETH,3214.82,3214.68,17:48:11
2026-01-06 17:47:25+00:00,,145.0,ETH,3217.88,3217.77,17:47:25
2026-01-06 17:48:12+00:00,,192.0,ETH,3214.73,3214.54,17:48:12
2026-01-06 17:47:26+00:00,,146.0,ETH,3218.06,3217.93,17:47:26
2026-01-06 17:48:13+00:00,,193.0,ETH,3214.81,3214.68,17:48:13
2026-01-06 17:47:27+00:00,,147.0,ETH,3218.09,3217.98,17:47:27
2026-01-06 17:48:14+00:00,,194.0,ETH,3213.78,3213.64,17:48:14
2026-01-06 17:47:28+00:00,,148.0,ETH,3219.05,3218.95,17:47:28
2026-01-06 17:48:15+00:00,,195.0,ETH,3212.97,3212.79,17:48:15
2026-01-06 17:47:29+00:00,,149.0,ETH,3219.01,3218.92,17:47:29
2026-01-06 17:48:16+00:00,,196.0,ETH,3213.27,3213.09,17:48:16
2026-01-06 17:47:30+00:00,,150.0,ETH,3219.08,3219.03,17:47:30
2026-01-06 17:48:17+00:00,,197.0,ETH,3213.74,3213.64,17:48:17
2026-01-06 17:47:31+00:00,,151.0,ETH,3219.51,3219.38,17:47:31
2026-01-06 17:48:18+00:00,,198.0,ETH,3214.2,3214.11,17:48:18
2026-01-06 17:47:32+00:00,,152.0,ETH,3219.52,3219.4,17:47:32
2026-01-06 17:48:19+00:00,,199.0,ETH,3213.61,3213.57,17:48:19
2026-01-06 17:47:33+00:00,,153.0,ETH,3219.84,3219.66,17:47:33
2026-01-06 17:48:20+00:00,,200.0,ETH,3212.99,3212.84,17:48:20
2026-01-06 17:47:34+00:00,,154.0,ETH,3220.0,3219.73,17:47:34
2026-01-06 17:48:21+00:00,,201.0,ETH,3213.24,3212.96,17:48:21
2026-01-06 17:47:35+00:00,,155.0,ETH,3219.73,3219.37,17:47:35
2026-01-06 17:48:22+00:00,,202.0,ETH,3213.39,3213.2,17:48:22
2026-01-06 17:47:36+00:00,,156.0,ETH,3219.53,3219.31,17:47:36
2026-01-06 17:48:23+00:00,,203.0,ETH,3213.31,3213.15,17:48:23
2026-01-06 17:47:37+00:00,,157.0,ETH,3219.27,3219.08,17:47:37
2026-01-06 17:48:24+00:00,,204.0,ETH,3213.35,3213.14,17:48:24
2026-01-06 17:47:38+00:00,,158.0,ETH,3218.93,3218.72,17:47:38
2026-01-06 17:48:25+00:00,,205.0,ETH,3213.28,3213.12,17:48:25
2026-01-06 17:47:39+00:00,,159.0,ETH,3218.98,3218.88,17:47:39
2026-01-06 17:48:26+00:00,,206.0,ETH,3213.04,3212.92,17:48:26
2026-01-06 17:47:40+00:00,,160.0,ETH,3219.42,3219.26,17:47:40
2026-01-06 17:48:27+00:00,,207.0,ETH,3212.82,3212.72,17:48:27
2026-01-06 17:47:41+00:00,,161.0,ETH,3219.64,3219.47,17:47:41
2026-01-06 17:48:28+00:00,,208.0,ETH,3212.81,3212.69,17:48:28
2026-01-06 17:47:42+00:00,,162.0,ETH,3219.5,3219.37,17:47:42
2026-01-06 17:48:29+00:00,,209.0,ETH,3212.63,3212.43,17:48:29
2026-01-06 17:47:43+00:00,,163.0,ETH,3219.36,3219.26,17:47:43
2026-01-06 17:48:30+00:00,,210.0,ETH,3212.25,3212.13,17:48:30
2026-01-06 17:47:44+00:00,,164.0,ETH,3219.11,3219.07,17:47:44
2026-01-06 17:48:31+00:00,,211.0,ETH,3212.45,3212.41,17:48:31
2026-01-06 17:47:45+00:00,,165.0,ETH,3218.89,3218.86,17:47:45
2026-01-06 17:48:32+00:00,,212.0,ETH,3213.02,3212.94,17:48:32
2026-01-06 17:47:46+00:00,,166.0,ETH,3219.18,3219.1,17:47:46
2026-01-06 17:48:33+00:00,,213.0,ETH,3213.42,3213.37,17:48:33
2026-01-06 17:47:47+00:00,,167.0,ETH,3219.66,3219.51,17:47:47
2026-01-06 17:48:34+00:00,,214.0,ETH,3214.1,3214.0,17:48:34
2026-01-06 17:47:48+00:00,,168.0,ETH,3219.7,3219.41,17:47:48
2026-01-06 17:48:35+00:00,,215.0,ETH,3214.78,3214.66,17:48:35
2026-01-06 17:47:49+00:00,,169.0,ETH,3219.33,3218.95,17:47:49
2026-01-06 17:48:36+00:00,,216.0,ETH,3215.0,3214.93,17:48:36
2026-01-06 17:47:50+00:00,,170.0,ETH,3218.97,3218.72,17:47:50
2026-01-06 17:48:37+00:00,,217.0,ETH,3214.77,3214.68,17:48:37
2026-01-06 17:47:51+00:00,,171.0,ETH,3218.92,3218.79,17:47:51
2026-01-06 17:48:38+00:00,,218.0,ETH,3214.66,3214.55,17:48:38
2026-01-06 17:47:52+00:00,,172.0,ETH,3219.16,3218.99,17:47:52
2026-01-06 17:48:39+00:00,,219.0,ETH,3214.87,3214.77,17:48:39
2026-01-06 17:47:53+00:00,,173.0,ETH,3219.37,3219.15,17:47:53
2026-01-06 17:48:40+00:00,,220.0,ETH,3214.83,3214.67,17:48:40
2026-01-06 17:47:54+00:00,,174.0,ETH,3219.28,3218.94,17:47:54
2026-01-06 17:48:41+00:00,,221.0,ETH,3214.59,3214.45,17:48:41
2026-01-06 17:47:55+00:00,,175.0,ETH,3219.11,3218.69,17:47:55
2026-01-06 17:48:42+00:00,,222.0,ETH,3214.48,3214.46,17:48:42
2026-01-06 17:47:56+00:00,,176.0,ETH,3217.62,3217.45,17:47:56
2026-01-06 17:48:43+00:00,,223.0,ETH,3214.83,3214.74,17:48:43
2026-01-06 17:47:57+00:00,,177.0,ETH,3217.8,3217.67,17:47:57
2026-01-06 17:48:44+00:00,,224.0,ETH,3214.84,3214.81,17:48:44
2026-01-06 17:47:58+00:00,,178.0,ETH,3218.53,3218.42,17:47:58
2026-01-06 17:48:45+00:00,,225.0,ETH,3214.87,3214.84,17:48:45
2026-01-06 17:47:59+00:00,,179.0,ETH,3219.29,3219.15,17:47:59
2026-01-06 17:48:46+00:00,,226.0,ETH,3214.93,3214.86,17:48:46
2026-01-06 17:48:00+00:00,,180.0,ETH,3219.26,3219.15,17:48:00
2026-01-06 17:48:47+00:00,,227.0,ETH,3214.97,3214.77,17:48:47
2026-01-06 17:48:01+00:00,,181.0,ETH,3218.19,3218.0,17:48:01
2026-01-06 17:48:48+00:00,,228.0,ETH,3215.09,3214.91,17:48:48
2026-01-06 17:48:02+00:00,,182.0,ETH,3217.77,3217.74,17:48:02
2026-01-06 17:48:49+00:00,,229.0,ETH,3215.09,3214.96,17:48:49
2026-01-06 17:48:03+00:00,,183.0,ETH,3218.31,3218.28,17:48:03
2026-01-06 17:48:50+00:00,,230.0,ETH,3215.14,3215.02,17:48:50
2026-01-06 17:48:04+00:00,,184.0,ETH,3218.57,3218.33,17:48:04
2026-01-06 17:48:51+00:00,,231.0,ETH,3214.35,3214.16,17:48:51
2026-01-06 17:48:05+00:00,,185.0,ETH,3217.81,3217.51,17:48:05
2026-01-06 17:48:52+00:00,,232.0,ETH,3214.09,3213.92,17:48:52
2026-01-06 17:48:06+00:00,,186.0,ETH,3216.75,3216.56,17:48:06
2026-01-06 17:48:53+00:00,,233.0,ETH,3214.03,3213.93,17:48:53
2026-01-06 17:48:07+00:00,,187.0,ETH,3215.89,3215.76,17:48:07
2026-01-06 17:48:54+00:00,,234.0,ETH,3213.93,3213.86,17:48:54
2026-01-06 17:48:08+00:00,,188.0,ETH,3215.73,3215.68,17:48:08
2026-01-06 17:48:55+00:00,,235.0,ETH,3213.74,3213.66,17:48:55
2026-01-06 17:48:09+00:00,,189.0,ETH,3215.81,3215.74,17:48:09
2026-01-06 17:48:56+00:00,,236.0,ETH,3213.62,3213.48,17:48:56
2026-01-06 17:48:10+00:00,,190.0,ETH,3215.35,3215.23,17:48:10
2026-01-06 17:48:57+00:00,,237.0,ETH,3213.72,3213.56,17:48:57
2026-01-06 17:48:11+00:00,,191.0,ETH,3214.77,3214.61,17:48:11
2026-01-06 17:48:58+00:00,,238.0,ETH,3213.84,3213.72,17:48:58
2026-01-06 17:48:12+00:00,,192.0,ETH,3214.77,3214.61,17:48:12
2026-01-06 17:48:59+00:00,,239.0,ETH,3214.02,3213.78,17:48:59
2026-01-06 17:48:13+00:00,,193.0,ETH,3214.3,3214.16,17:48:13
2026-01-06 17:49:00+00:00,,240.0,ETH,3214.22,3214.05,17:49:00
2026-01-06 17:48:14+00:00,,194.0,ETH,3213.38,3213.22,17:48:14
2026-01-06 17:49:01+00:00,,241.0,ETH,3214.51,3214.44,17:49:01
2026-01-06 17:48:15+00:00,,195.0,ETH,3213.12,3212.94,17:48:15
2026-01-06 17:49:02+00:00,,242.0,ETH,3214.84,3214.71,17:49:02
2026-01-06 17:48:16+00:00,,196.0,ETH,3213.51,3213.36,17:48:16
2026-01-06 17:49:03+00:00,,243.0,ETH,3215.27,3215.17,17:49:03
2026-01-06 17:48:17+00:00,,197.0,ETH,3213.97,3213.86,17:48:17
2026-01-06 17:49:04+00:00,,244.0,ETH,3215.73,3215.66,17:49:04
2026-01-06 17:48:18+00:00,,198.0,ETH,3214.2,3214.11,17:48:18
2026-01-06 17:49:05+00:00,,245.0,ETH,3215.89,3215.82,17:49:05
2026-01-06 17:48:19+00:00,,199.0,ETH,3213.61,3213.57,17:48:19
2026-01-06 17:49:06+00:00,,246.0,ETH,3215.9,3215.84,17:49:06
2026-01-06 17:48:20+00:00,,200.0,ETH,3212.99,3212.84,17:48:20
2026-01-06 17:49:07+00:00,,247.0,ETH,3216.18,3216.05,17:49:07
2026-01-06 17:48:21+00:00,,201.0,ETH,3213.24,3212.96,17:48:21
2026-01-06 17:49:08+00:00,,248.0,ETH,3216.5,3216.42,17:49:08
2026-01-06 17:48:22+00:00,,202.0,ETH,3213.39,3213.2,17:48:22
2026-01-06 17:49:09+00:00,,249.0,ETH,3216.32,3216.23,17:49:09
2026-01-06 17:48:23+00:00,,203.0,ETH,3213.31,3213.15,17:48:23
2026-01-06 17:49:10+00:00,,250.0,ETH,3216.62,3216.41,17:49:10
2026-01-06 17:48:24+00:00,,204.0,ETH,3213.35,3213.14,17:48:24
2026-01-06 17:49:11+00:00,,251.0,ETH,3216.21,3216.16,17:49:11
2026-01-06 17:48:25+00:00,,205.0,ETH,3213.28,3213.12,17:48:25
2026-01-06 17:49:12+00:00,,252.0,ETH,3215.96,3215.86,17:49:12
2026-01-06 17:48:26+00:00,,206.0,ETH,3213.04,3212.92,17:48:26
2026-01-06 17:49:13+00:00,,253.0,ETH,3215.97,3215.87,17:49:13
2026-01-06 17:48:27+00:00,,207.0,ETH,3212.82,3212.72,17:48:27
2026-01-06 17:49:14+00:00,,254.0,ETH,3215.98,3215.89,17:49:14
2026-01-06 17:48:28+00:00,,208.0,ETH,3212.81,3212.69,17:48:28
2026-01-06 17:49:15+00:00,,255.0,ETH,3216.0,3215.9,17:49:15
2026-01-06 17:48:29+00:00,,209.0,ETH,3212.63,3212.43,17:48:29
2026-01-06 17:49:16+00:00,,256.0,ETH,3216.0,3215.9,17:49:16
2026-01-06 17:48:30+00:00,,210.0,ETH,3212.25,3212.13,17:48:30
2026-01-06 17:49:17+00:00,,257.0,ETH,3216.31,3216.29,17:49:17
2026-01-06 17:48:31+00:00,,211.0,ETH,3212.45,3212.41,17:48:31
2026-01-06 17:49:18+00:00,,258.0,ETH,3217.17,3217.13,17:49:18
2026-01-06 17:48:32+00:00,,212.0,ETH,3213.02,3212.94,17:48:32
2026-01-06 17:49:19+00:00,,259.0,ETH,3217.24,3216.88,17:49:19
2026-01-06 17:48:33+00:00,,213.0,ETH,3213.42,3213.37,17:48:33
2026-01-06 17:49:20+00:00,,260.0,ETH,3217.07,3216.87,17:49:20
2026-01-06 17:48:34+00:00,,214.0,ETH,3214.1,3214.0,17:48:34
2026-01-06 17:49:21+00:00,,261.0,ETH,3216.23,3216.11,17:49:21
2026-01-06 17:48:35+00:00,,215.0,ETH,3214.78,3214.66,17:48:35
2026-01-06 17:49:22+00:00,,262.0,ETH,3215.98,3215.86,17:49:22
2026-01-06 17:48:36+00:00,,216.0,ETH,3215.0,3214.93,17:48:36
2026-01-06 17:49:23+00:00,,263.0,ETH,3215.48,3215.19,17:49:23
2026-01-06 17:48:37+00:00,,217.0,ETH,3214.77,3214.68,17:48:37
2026-01-06 17:49:24+00:00,,264.0,ETH,3215.3,3215.21,17:49:24
2026-01-06 17:48:38+00:00,,218.0,ETH,3214.66,3214.55,17:48:38
2026-01-06 17:49:25+00:00,,265.0,ETH,3215.03,3214.39,17:49:25
2026-01-06 17:48:39+00:00,,219.0,ETH,3214.87,3214.77,17:48:39
2026-01-06 17:49:26+00:00,,266.0,ETH,3214.48,3214.38,17:49:26
2026-01-06 17:48:40+00:00,,220.0,ETH,3214.83,3214.67,17:48:40
2026-01-06 17:49:27+00:00,,267.0,ETH,3214.51,3214.46,17:49:27
2026-01-06 17:48:41+00:00,,221.0,ETH,3214.59,3214.45,17:48:41
2026-01-06 17:49:28+00:00,,268.0,ETH,3214.75,3214.62,17:49:28
2026-01-06 17:48:42+00:00,,222.0,ETH,3214.66,3214.6,17:48:42
2026-01-06 17:48:43+00:00,,223.0,ETH,3214.83,3214.74,17:48:43
2026-01-06 17:49:29+00:00,,269.0,ETH,3215.16,3214.9,17:49:29
2026-01-06 17:48:44+00:00,,224.0,ETH,3214.84,3214.81,17:48:44
2026-01-06 17:49:30+00:00,,270.0,ETH,3215.39,3215.24,17:49:30
2026-01-06 17:48:45+00:00,,225.0,ETH,3214.87,3214.84,17:48:45
2026-01-06 17:49:31+00:00,,271.0,ETH,3215.82,3215.63,17:49:31
2026-01-06 17:48:46+00:00,,226.0,ETH,3214.93,3214.86,17:48:46
2026-01-06 17:49:32+00:00,,272.0,ETH,3215.72,3215.46,17:49:32
2026-01-06 17:48:47+00:00,,227.0,ETH,3214.97,3214.77,17:48:47
2026-01-06 17:49:33+00:00,,273.0,ETH,3215.31,3215.1,17:49:33
2026-01-06 17:48:48+00:00,,228.0,ETH,3215.09,3214.91,17:48:48
2026-01-06 17:49:35+00:00,,275.0,ETH,3214.96,3214.93,17:49:35
2026-01-06 17:48:49+00:00,,229.0,ETH,3215.09,3214.96,17:48:49
2026-01-06 17:49:36+00:00,,276.0,ETH,3214.37,3214.28,17:49:36
2026-01-06 17:48:50+00:00,,230.0,ETH,3215.14,3215.02,17:48:50
2026-01-06 17:49:37+00:00,,277.0,ETH,3214.8,3214.72,17:49:37
2026-01-06 17:48:51+00:00,,231.0,ETH,3214.61,3214.39,17:48:51
2026-01-06 17:49:38+00:00,,278.0,ETH,3215.18,3215.09,17:49:38
2026-01-06 17:48:52+00:00,,232.0,ETH,3214.09,3213.93,17:48:52
2026-01-06 17:49:39+00:00,,279.0,ETH,3215.67,3215.56,17:49:39
2026-01-06 17:48:53+00:00,,233.0,ETH,3214.08,3213.9,17:48:53
2026-01-06 17:49:40+00:00,,280.0,ETH,3215.66,3215.54,17:49:40
2026-01-06 17:48:54+00:00,,234.0,ETH,3213.98,3213.96,17:48:54
2026-01-06 17:49:41+00:00,,281.0,ETH,3215.93,3215.67,17:49:41
2026-01-06 17:48:55+00:00,,235.0,ETH,3213.88,3213.77,17:48:55
2026-01-06 17:49:42+00:00,,282.0,ETH,3216.06,3215.82,17:49:42
2026-01-06 17:48:56+00:00,,236.0,ETH,3213.59,3213.55,17:48:56
2026-01-06 17:49:43+00:00,,283.0,ETH,3216.05,3215.8,17:49:43
2026-01-06 17:48:57+00:00,,237.0,ETH,3213.65,3213.41,17:48:57
2026-01-06 17:49:44+00:00,,284.0,ETH,3216.05,3215.39,17:49:44
2026-01-06 17:48:58+00:00,,238.0,ETH,3213.78,3213.71,17:48:58
2026-01-06 17:49:45+00:00,,285.0,ETH,3215.36,3215.21,17:49:45
2026-01-06 17:48:59+00:00,,239.0,ETH,3214.02,3213.78,17:48:59
2026-01-06 17:49:46+00:00,,286.0,ETH,3215.36,3215.22,17:49:46
2026-01-06 17:49:00+00:00,,240.0,ETH,3214.22,3214.05,17:49:00
2026-01-06 17:49:47+00:00,,287.0,ETH,3215.4,3215.31,17:49:47
2026-01-06 17:49:01+00:00,,241.0,ETH,3214.51,3214.44,17:49:01
2026-01-06 17:49:48+00:00,,288.0,ETH,3216.4,3216.25,17:49:48
2026-01-06 17:49:02+00:00,,242.0,ETH,3214.84,3214.71,17:49:02
2026-01-06 17:49:49+00:00,,289.0,ETH,3216.54,3216.26,17:49:49
2026-01-06 17:49:03+00:00,,243.0,ETH,3215.27,3215.17,17:49:03
2026-01-06 17:49:50+00:00,,290.0,ETH,3216.7,3216.38,17:49:50
2026-01-06 17:49:04+00:00,,244.0,ETH,3215.73,3215.66,17:49:04
2026-01-06 17:49:51+00:00,,291.0,ETH,3217.05,3217.03,17:49:51
2026-01-06 17:49:05+00:00,,245.0,ETH,3215.89,3215.82,17:49:05
2026-01-06 17:49:52+00:00,,292.0,ETH,3217.16,3217.06,17:49:52
2026-01-06 17:49:06+00:00,,246.0,ETH,3216.04,3215.95,17:49:06
2026-01-06 17:49:53+00:00,,293.0,ETH,3217.27,3217.09,17:49:53
2026-01-06 17:49:07+00:00,,247.0,ETH,3216.34,3216.24,17:49:07
2026-01-06 17:49:08+00:00,,248.0,ETH,3216.5,3216.42,17:49:08
2026-01-06 17:49:54+00:00,,294.0,ETH,3217.62,3217.32,17:49:54
2026-01-06 17:49:09+00:00,,249.0,ETH,3216.32,3216.23,17:49:09
2026-01-06 17:49:55+00:00,,295.0,ETH,3217.88,3217.64,17:49:55
2026-01-06 17:49:10+00:00,,250.0,ETH,3216.62,3216.41,17:49:10
2026-01-06 17:49:56+00:00,,296.0,ETH,3217.88,3217.46,17:49:56
2026-01-06 17:49:11+00:00,,251.0,ETH,3216.21,3216.16,17:49:11
2026-01-06 17:49:57+00:00,,297.0,ETH,3217.56,3217.13,17:49:57
2026-01-06 17:49:12+00:00,,252.0,ETH,3215.96,3215.86,17:49:12
2026-01-06 17:49:58+00:00,,298.0,ETH,3217.65,3217.5,17:49:58
2026-01-06 17:49:13+00:00,,253.0,ETH,3215.97,3215.87,17:49:13
2026-01-06 17:49:59+00:00,,299.0,ETH,3218.14,3218.06,17:49:59
2026-01-06 17:49:14+00:00,,254.0,ETH,3215.98,3215.89,17:49:14
2026-01-06 17:50:00+00:00,,300.0,ETH,3218.11,3217.93,17:50:00
2026-01-06 17:49:15+00:00,,255.0,ETH,3216.0,3215.9,17:49:15
2026-01-06 17:50:01+00:00,,301.0,ETH,3217.66,3217.32,17:50:01
2026-01-06 17:49:16+00:00,,256.0,ETH,3216.0,3215.9,17:49:16
2026-01-06 17:50:02+00:00,,302.0,ETH,3217.37,3217.1,17:50:02
2026-01-06 17:49:17+00:00,,257.0,ETH,3216.31,3216.29,17:49:17
2026-01-06 17:50:03+00:00,,303.0,ETH,3217.69,3217.53,17:50:03
2026-01-06 17:49:18+00:00,,258.0,ETH,3217.17,3217.13,17:49:18
2026-01-06 17:50:04+00:00,,304.0,ETH,3218.28,3218.2,17:50:04
2026-01-06 17:49:19+00:00,,259.0,ETH,3217.16,3216.88,17:49:19
2026-01-06 17:50:05+00:00,,305.0,ETH,3218.54,3218.54,17:50:05
2026-01-06 17:49:20+00:00,,260.0,ETH,3216.65,3216.49,17:49:20
2026-01-06 17:50:06+00:00,,306.0,ETH,3218.68,3218.56,17:50:06
2026-01-06 17:49:21+00:00,,261.0,ETH,3216.1,3215.99,17:49:21
2026-01-06 17:50:07+00:00,,307.0,ETH,3219.15,3219.01,17:50:07
2026-01-06 17:49:22+00:00,,262.0,ETH,3215.73,3215.53,17:49:22
2026-01-06 17:50:08+00:00,,308.0,ETH,3219.41,3219.23,17:50:08
2026-01-06 17:49:23+00:00,,263.0,ETH,3215.39,3215.2,17:49:23
2026-01-06 17:50:09+00:00,,309.0,ETH,3219.4,3219.09,17:50:09
2026-01-06 17:49:24+00:00,,264.0,ETH,3215.16,3214.8,17:49:24
2026-01-06 17:50:10+00:00,,310.0,ETH,3219.54,3219.31,17:50:10
2026-01-06 17:49:25+00:00,,265.0,ETH,3214.75,3214.38,17:49:25
2026-01-06 17:50:11+00:00,,311.0,ETH,3219.75,3219.68,17:50:11
2026-01-06 17:49:26+00:00,,266.0,ETH,3214.5,3214.42,17:49:26
2026-01-06 17:50:12+00:00,,312.0,ETH,3220.01,3219.82,17:50:12
2026-01-06 17:49:27+00:00,,267.0,ETH,3214.63,3214.54,17:49:27
2026-01-06 17:50:13+00:00,,313.0,ETH,3220.12,3219.84,17:50:13
2026-01-06 17:49:28+00:00,,268.0,ETH,3214.98,3214.76,17:49:28
2026-01-06 17:50:14+00:00,,314.0,ETH,3220.08,3219.98,17:50:14
2026-01-06 17:49:29+00:00,,269.0,ETH,3215.16,3214.9,17:49:29
2026-01-06 17:50:15+00:00,,315.0,ETH,3220.16,3220.05,17:50:15
2026-01-06 17:49:30+00:00,,270.0,ETH,3215.39,3215.24,17:49:30
2026-01-06 17:50:16+00:00,,316.0,ETH,3220.28,3220.1,17:50:16
2026-01-06 17:49:31+00:00,,271.0,ETH,3215.82,3215.63,17:49:31
2026-01-06 17:50:17+00:00,,317.0,ETH,3220.15,3219.92,17:50:17
2026-01-06 17:49:32+00:00,,272.0,ETH,3215.97,3215.68,17:49:32
2026-01-06 17:50:18+00:00,,318.0,ETH,3219.98,3219.7,17:50:18
2026-01-06 17:49:33+00:00,,273.0,ETH,3215.48,3215.23,17:49:33
2026-01-06 17:50:19+00:00,,319.0,ETH,3219.37,3219.22,17:50:19
2026-01-06 17:49:34+00:00,,274.0,ETH,3215.14,3214.96,17:49:34
2026-01-06 17:50:20+00:00,,320.0,ETH,3219.14,3218.94,17:50:20
2026-01-06 17:49:35+00:00,,275.0,ETH,3214.96,3214.93,17:49:35
2026-01-06 17:50:21+00:00,,321.0,ETH,3218.56,3218.09,17:50:21
2026-01-06 17:49:36+00:00,,276.0,ETH,3214.37,3214.28,17:49:36
2026-01-06 17:50:22+00:00,,322.0,ETH,3218.32,3218.24,17:50:22
2026-01-06 17:49:37+00:00,,277.0,ETH,3214.8,3214.72,17:49:37
2026-01-06 17:50:23+00:00,,323.0,ETH,3218.07,3218.02,17:50:23
2026-01-06 17:49:38+00:00,,278.0,ETH,3215.18,3215.09,17:49:38
2026-01-06 17:50:24+00:00,,324.0,ETH,3218.19,3218.11,17:50:24
2026-01-06 17:49:39+00:00,,279.0,ETH,3215.67,3215.56,17:49:39
2026-01-06 17:50:25+00:00,,325.0,ETH,3218.09,3218.02,17:50:25
2026-01-06 17:49:40+00:00,,280.0,ETH,3215.66,3215.54,17:49:40
2026-01-06 17:50:26+00:00,,326.0,ETH,3217.97,3217.89,17:50:26
2026-01-06 17:49:41+00:00,,281.0,ETH,3215.93,3215.67,17:49:41
2026-01-06 17:50:27+00:00,,327.0,ETH,3218.69,3218.65,17:50:27
2026-01-06 17:49:42+00:00,,282.0,ETH,3216.06,3215.82,17:49:42
2026-01-06 17:50:28+00:00,,328.0,ETH,3218.82,3218.67,17:50:28
2026-01-06 17:49:43+00:00,,283.0,ETH,3216.05,3215.8,17:49:43
2026-01-06 17:50:29+00:00,,329.0,ETH,3218.68,3218.59,17:50:29
2026-01-06 17:49:44+00:00,,284.0,ETH,3216.05,3215.39,17:49:44
2026-01-06 17:50:30+00:00,,330.0,ETH,3218.44,3218.23,17:50:30
2026-01-06 17:49:45+00:00,,285.0,ETH,3215.36,3215.21,17:49:45
2026-01-06 17:50:31+00:00,,331.0,ETH,3218.25,3218.23,17:50:31
2026-01-06 17:49:46+00:00,,286.0,ETH,3215.36,3215.22,17:49:46
2026-01-06 17:50:32+00:00,,332.0,ETH,3218.19,3218.17,17:50:32
2026-01-06 17:49:47+00:00,,287.0,ETH,3215.4,3215.31,17:49:47
2026-01-06 17:50:33+00:00,,333.0,ETH,3218.13,3218.12,17:50:33
2026-01-06 17:49:48+00:00,,288.0,ETH,3216.4,3216.25,17:49:48
2026-01-06 17:50:34+00:00,,334.0,ETH,3218.13,3218.12,17:50:34
2026-01-06 17:49:49+00:00,,289.0,ETH,3216.54,3216.26,17:49:49
2026-01-06 17:50:35+00:00,,335.0,ETH,3217.95,3217.79,17:50:35
2026-01-06 17:49:50+00:00,,290.0,ETH,3216.7,3216.38,17:49:50
2026-01-06 17:50:36+00:00,,336.0,ETH,3218.11,3218.0,17:50:36
2026-01-06 17:49:51+00:00,,291.0,ETH,3217.05,3217.03,17:49:51
2026-01-06 17:50:37+00:00,,337.0,ETH,3218.55,3218.55,17:50:37
2026-01-06 17:49:52+00:00,,292.0,ETH,3217.16,3217.06,17:49:52
2026-01-06 17:50:38+00:00,,338.0,ETH,3218.83,3218.69,17:50:38
2026-01-06 17:49:53+00:00,,293.0,ETH,3217.27,3217.09,17:49:53
2026-01-06 17:50:39+00:00,,339.0,ETH,3218.87,3218.69,17:50:39
2026-01-06 17:49:54+00:00,,294.0,ETH,3217.39,3217.12,17:49:54
2026-01-06 17:50:40+00:00,,340.0,ETH,3218.59,3218.31,17:50:40
2026-01-06 17:49:55+00:00,,295.0,ETH,3217.86,3217.51,17:49:55
2026-01-06 17:50:41+00:00,,341.0,ETH,3218.28,3218.1,17:50:41
2026-01-06 17:50:42+00:00,,342.0,ETH,3218.12,3218.1,17:50:42
2026-01-06 17:49:56+00:00,,296.0,ETH,3217.88,3217.46,17:49:56
2026-01-06 17:50:43+00:00,,343.0,ETH,3218.4,3218.38,17:50:43
2026-01-06 17:49:58+00:00,,298.0,ETH,3217.27,3217.12,17:49:58
2026-01-06 17:50:44+00:00,,344.0,ETH,3218.68,3218.51,17:50:44
2026-01-06 17:49:59+00:00,,299.0,ETH,3218.02,3217.88,17:49:59
2026-01-06 17:50:45+00:00,,345.0,ETH,3218.54,3218.36,17:50:45
2026-01-06 17:50:00+00:00,,300.0,ETH,3218.25,3218.25,17:50:00
2026-01-06 17:50:46+00:00,,346.0,ETH,3218.34,3218.13,17:50:46
2026-01-06 17:50:01+00:00,,301.0,ETH,3217.96,3217.61,17:50:01
2026-01-06 17:50:47+00:00,,347.0,ETH,3218.31,3218.26,17:50:47
2026-01-06 17:50:02+00:00,,302.0,ETH,3217.37,3217.02,17:50:02
2026-01-06 17:50:48+00:00,,348.0,ETH,3218.46,3218.45,17:50:48
2026-01-06 17:50:03+00:00,,303.0,ETH,3217.37,3217.18,17:50:03
2026-01-06 17:50:49+00:00,,349.0,ETH,3218.46,3218.4,17:50:49
2026-01-06 17:50:04+00:00,,304.0,ETH,3218.02,3217.87,17:50:04
2026-01-06 17:50:50+00:00,,350.0,ETH,3218.32,3218.26,17:50:50
2026-01-06 17:50:05+00:00,,305.0,ETH,3218.54,3218.54,17:50:05
2026-01-06 17:50:51+00:00,,351.0,ETH,3218.26,3218.25,17:50:51
2026-01-06 17:50:06+00:00,,306.0,ETH,3218.54,3218.54,17:50:06
2026-01-06 17:50:52+00:00,,352.0,ETH,3218.08,3217.94,17:50:52
2026-01-06 17:50:07+00:00,,307.0,ETH,3218.82,3218.59,17:50:07
2026-01-06 17:50:53+00:00,,353.0,ETH,3217.77,3217.66,17:50:53
2026-01-06 17:50:08+00:00,,308.0,ETH,3219.49,3219.43,17:50:08
2026-01-06 17:50:54+00:00,,354.0,ETH,3217.74,3217.68,17:50:54
2026-01-06 17:50:09+00:00,,309.0,ETH,3219.34,3219.04,17:50:09
2026-01-06 17:50:55+00:00,,355.0,ETH,3217.73,3217.65,17:50:55
2026-01-06 17:50:10+00:00,,310.0,ETH,3219.46,3219.13,17:50:10
2026-01-06 17:50:56+00:00,,356.0,ETH,3217.61,3217.48,17:50:56
2026-01-06 17:50:11+00:00,,311.0,ETH,3219.62,3219.49,17:50:11
2026-01-06 17:50:57+00:00,,357.0,ETH,3217.6,3217.48,17:50:57
2026-01-06 17:50:12+00:00,,312.0,ETH,3219.87,3219.87,17:50:12
2026-01-06 17:50:58+00:00,,358.0,ETH,3217.69,3217.64,17:50:58
2026-01-06 17:50:13+00:00,,313.0,ETH,3220.15,3219.77,17:50:13
2026-01-06 17:50:59+00:00,,359.0,ETH,3217.75,3217.69,17:50:59
2026-01-06 17:50:14+00:00,,314.0,ETH,3220.08,3219.91,17:50:14
2026-01-06 17:51:00+00:00,,360.0,ETH,3217.64,3217.55,17:51:00
2026-01-06 17:50:15+00:00,,315.0,ETH,3220.09,3220.04,17:50:15
2026-01-06 17:51:01+00:00,,361.0,ETH,3217.66,3217.42,17:51:01
2026-01-06 17:50:16+00:00,,316.0,ETH,3220.24,3220.06,17:50:16
2026-01-06 17:51:02+00:00,,362.0,ETH,3217.64,3217.38,17:51:02
2026-01-06 17:50:17+00:00,,317.0,ETH,3220.31,3220.15,17:50:17
2026-01-06 17:51:03+00:00,,363.0,ETH,3217.48,3217.34,17:51:03
2026-01-06 17:50:18+00:00,,318.0,ETH,3219.98,3219.7,17:50:18
2026-01-06 17:51:04+00:00,,364.0,ETH,3217.65,3217.53,17:51:04
2026-01-06 17:50:19+00:00,,319.0,ETH,3219.37,3219.22,17:50:19
2026-01-06 17:51:05+00:00,,365.0,ETH,3217.83,3217.69,17:51:05
2026-01-06 17:50:20+00:00,,320.0,ETH,3219.14,3218.94,17:50:20
2026-01-06 17:51:06+00:00,,366.0,ETH,3217.81,3217.68,17:51:06
2026-01-06 17:50:21+00:00,,321.0,ETH,3218.56,3218.09,17:50:21
2026-01-06 17:51:07+00:00,,367.0,ETH,3217.78,3217.68,17:51:07
2026-01-06 17:51:08+00:00,,368.0,ETH,3217.98,3217.88,17:51:08
2026-01-06 17:50:22+00:00,,322.0,ETH,3218.2,3218.13,17:50:22
2026-01-06 17:51:09+00:00,,369.0,ETH,3217.97,3217.88,17:51:09
2026-01-06 17:50:23+00:00,,323.0,ETH,3218.13,3218.07,17:50:23
2026-01-06 17:51:10+00:00,,370.0,ETH,3217.77,3217.66,17:51:10
2026-01-06 17:50:24+00:00,,324.0,ETH,3218.14,3218.07,17:50:24
2026-01-06 17:51:11+00:00,,371.0,ETH,3217.51,3217.51,17:51:11
2026-01-06 17:50:25+00:00,,325.0,ETH,3218.03,3217.96,17:50:25
2026-01-06 17:51:12+00:00,,372.0,ETH,3217.67,3217.64,17:51:12
2026-01-06 17:50:26+00:00,,326.0,ETH,3218.33,3218.27,17:50:26
2026-01-06 17:51:13+00:00,,373.0,ETH,3217.61,3217.57,17:51:13
2026-01-06 17:50:27+00:00,,327.0,ETH,3218.76,3218.66,17:50:27
2026-01-06 17:51:14+00:00,,374.0,ETH,3217.54,3217.5,17:51:14
2026-01-06 17:50:28+00:00,,328.0,ETH,3218.75,3218.63,17:50:28
2026-01-06 17:51:15+00:00,,375.0,ETH,3217.4,3217.39,17:51:15
2026-01-06 17:50:29+00:00,,329.0,ETH,3218.56,3218.41,17:50:29
2026-01-06 17:51:16+00:00,,376.0,ETH,3217.34,3217.33,17:51:16
2026-01-06 17:50:30+00:00,,330.0,ETH,3218.35,3218.23,17:50:30
2026-01-06 17:51:17+00:00,,377.0,ETH,3217.29,3217.28,17:51:17
2026-01-06 17:50:31+00:00,,331.0,ETH,3218.22,3218.2,17:50:31
2026-01-06 17:51:18+00:00,,378.0,ETH,3217.52,3217.51,17:51:18
2026-01-06 17:50:32+00:00,,332.0,ETH,3218.16,3218.15,17:50:32
2026-01-06 17:51:19+00:00,,379.0,ETH,3217.57,3217.28,17:51:19
2026-01-06 17:50:33+00:00,,333.0,ETH,3218.13,3218.12,17:50:33
2026-01-06 17:51:20+00:00,,380.0,ETH,3217.3,3217.28,17:51:20
2026-01-06 17:50:34+00:00,,334.0,ETH,3218.04,3217.96,17:50:34
2026-01-06 17:51:21+00:00,,381.0,ETH,3217.29,3217.28,17:51:21
2026-01-06 17:50:35+00:00,,335.0,ETH,3218.03,3217.89,17:50:35
2026-01-06 17:51:22+00:00,,382.0,ETH,3217.54,3217.45,17:51:22
2026-01-06 17:50:36+00:00,,336.0,ETH,3218.33,3218.27,17:50:36
2026-01-06 17:51:23+00:00,,383.0,ETH,3217.57,3217.53,17:51:23
2026-01-06 17:50:37+00:00,,337.0,ETH,3218.69,3218.62,17:50:37
2026-01-06 17:51:24+00:00,,384.0,ETH,3217.57,3217.43,17:51:24
2026-01-06 17:50:38+00:00,,338.0,ETH,3218.85,3218.69,17:50:38
2026-01-06 17:51:25+00:00,,385.0,ETH,3217.54,3217.51,17:51:25
2026-01-06 17:50:39+00:00,,339.0,ETH,3218.81,3218.6,17:50:39
2026-01-06 17:51:26+00:00,,386.0,ETH,3217.36,3217.26,17:51:26
2026-01-06 17:50:40+00:00,,340.0,ETH,3218.59,3218.31,17:50:40
2026-01-06 17:51:27+00:00,,387.0,ETH,3217.3,3217.29,17:51:27
2026-01-06 17:50:41+00:00,,341.0,ETH,3218.28,3218.1,17:50:41
2026-01-06 17:51:28+00:00,,388.0,ETH,3217.7,3217.68,17:51:28
2026-01-06 17:50:42+00:00,,342.0,ETH,3218.26,3218.24,17:50:42
2026-01-06 17:51:29+00:00,,389.0,ETH,3218.16,3217.97,17:51:29
2026-01-06 17:50:43+00:00,,343.0,ETH,3218.54,3218.45,17:50:43
2026-01-06 17:51:30+00:00,,390.0,ETH,3218.26,3218.12,17:51:30
2026-01-06 17:50:44+00:00,,344.0,ETH,3218.61,3218.44,17:50:44
2026-01-06 17:51:31+00:00,,391.0,ETH,3218.26,3218.12,17:51:31
2026-01-06 17:50:45+00:00,,345.0,ETH,3218.54,3218.36,17:50:45
2026-01-06 17:51:32+00:00,,392.0,ETH,3218.28,3218.12,17:51:32
2026-01-06 17:50:46+00:00,,346.0,ETH,3218.34,3218.13,17:50:46
2026-01-06 17:51:33+00:00,,393.0,ETH,3218.3,3218.12,17:51:33
2026-01-06 17:50:47+00:00,,347.0,ETH,3218.31,3218.26,17:50:47
2026-01-06 17:51:34+00:00,,394.0,ETH,3217.9,3217.77,17:51:34
2026-01-06 17:50:48+00:00,,348.0,ETH,3218.46,3218.45,17:50:48
2026-01-06 17:51:35+00:00,,395.0,ETH,3217.64,3217.53,17:51:35
2026-01-06 17:50:49+00:00,,349.0,ETH,3218.46,3218.4,17:50:49
2026-01-06 17:51:36+00:00,,396.0,ETH,3217.53,3217.44,17:51:36
2026-01-06 17:50:50+00:00,,350.0,ETH,3218.32,3218.26,17:50:50
2026-01-06 17:51:37+00:00,,397.0,ETH,3217.54,3217.44,17:51:37
2026-01-06 17:50:51+00:00,,351.0,ETH,3218.26,3218.25,17:50:51
2026-01-06 17:51:38+00:00,,398.0,ETH,3217.54,3217.44,17:51:38
2026-01-06 17:50:52+00:00,,352.0,ETH,3218.29,3218.23,17:50:52
2026-01-06 17:51:39+00:00,,399.0,ETH,3217.36,3217.35,17:51:39
2026-01-06 17:50:53+00:00,,353.0,ETH,3217.87,3217.66,17:50:53
2026-01-06 17:51:40+00:00,,400.0,ETH,3217.36,3217.35,17:51:40
2026-01-06 17:50:54+00:00,,354.0,ETH,3217.67,3217.66,17:50:54
2026-01-06 17:51:41+00:00,,401.0,ETH,3217.41,3217.41,17:51:41
2026-01-06 17:50:55+00:00,,355.0,ETH,3217.73,3217.65,17:50:55
2026-01-06 17:51:42+00:00,,402.0,ETH,3217.41,3217.41,17:51:42
2026-01-06 17:50:56+00:00,,356.0,ETH,3217.61,3217.48,17:50:56
2026-01-06 17:51:43+00:00,,403.0,ETH,3217.88,3217.74,17:51:43
2026-01-06 17:50:57+00:00,,357.0,ETH,3217.6,3217.48,17:50:57
2026-01-06 17:51:44+00:00,,404.0,ETH,3218.18,3218.05,17:51:44
2026-01-06 17:50:58+00:00,,358.0,ETH,3217.69,3217.64,17:50:58
2026-01-06 17:51:45+00:00,,405.0,ETH,3218.22,3218.09,17:51:45
2026-01-06 17:50:59+00:00,,359.0,ETH,3217.75,3217.69,17:50:59
2026-01-06 17:51:46+00:00,,406.0,ETH,3217.89,3217.72,17:51:46
2026-01-06 17:51:00+00:00,,360.0,ETH,3217.64,3217.55,17:51:00
2026-01-06 17:51:47+00:00,,407.0,ETH,3217.6,3217.48,17:51:47
2026-01-06 17:51:01+00:00,,361.0,ETH,3217.66,3217.42,17:51:01
2026-01-06 17:51:48+00:00,,408.0,ETH,3217.51,3217.45,17:51:48
2026-01-06 17:51:02+00:00,,362.0,ETH,3217.64,3217.38,17:51:02
2026-01-06 17:51:49+00:00,,409.0,ETH,3217.51,3217.42,17:51:49
2026-01-06 17:51:03+00:00,,363.0,ETH,3217.48,3217.34,17:51:03
2026-01-06 17:51:50+00:00,,410.0,ETH,3217.42,3217.36,17:51:50
2026-01-06 17:51:04+00:00,,364.0,ETH,3217.65,3217.53,17:51:04
2026-01-06 17:51:51+00:00,,411.0,ETH,3217.41,3217.35,17:51:51
2026-01-06 17:51:05+00:00,,365.0,ETH,3217.83,3217.69,17:51:05
2026-01-06 17:51:52+00:00,,412.0,ETH,3217.49,3217.42,17:51:52
2026-01-06 17:51:06+00:00,,366.0,ETH,3217.81,3217.68,17:51:06
2026-01-06 17:51:53+00:00,,413.0,ETH,3217.07,3217.02,17:51:53
2026-01-06 17:51:07+00:00,,367.0,ETH,3217.88,3217.78,17:51:07
2026-01-06 17:51:54+00:00,,414.0,ETH,3217.0,3216.84,17:51:54
2026-01-06 17:51:08+00:00,,368.0,ETH,3217.98,3217.88,17:51:08
2026-01-06 17:51:55+00:00,,415.0,ETH,3217.43,3217.27,17:51:55
2026-01-06 17:51:09+00:00,,369.0,ETH,3217.97,3217.88,17:51:09
2026-01-06 17:51:56+00:00,,416.0,ETH,3217.52,3217.48,17:51:56
2026-01-06 17:51:10+00:00,,370.0,ETH,3217.77,3217.66,17:51:10
2026-01-06 17:51:57+00:00,,417.0,ETH,3217.6,3217.52,17:51:57
2026-01-06 17:51:11+00:00,,371.0,ETH,3217.51,3217.51,17:51:11
2026-01-06 17:51:58+00:00,,418.0,ETH,3217.77,3217.57,17:51:58
2026-01-06 17:51:12+00:00,,372.0,ETH,3217.67,3217.64,17:51:12
2026-01-06 17:51:59+00:00,,419.0,ETH,3217.88,3217.77,17:51:59
2026-01-06 17:51:13+00:00,,373.0,ETH,3217.61,3217.57,17:51:13
2026-01-06 17:52:00+00:00,,420.0,ETH,3218.42,3218.33,17:52:00
2026-01-06 17:51:14+00:00,,374.0,ETH,3217.54,3217.5,17:51:14
2026-01-06 17:52:01+00:00,,421.0,ETH,3218.41,3217.78,17:52:01
2026-01-06 17:51:15+00:00,,375.0,ETH,3217.4,3217.39,17:51:15
2026-01-06 17:52:02+00:00,,422.0,ETH,3217.36,3216.94,17:52:02
2026-01-06 17:51:16+00:00,,376.0,ETH,3217.34,3217.33,17:51:16
2026-01-06 17:52:03+00:00,,423.0,ETH,3217.18,3216.98,17:52:03
2026-01-06 17:51:17+00:00,,377.0,ETH,3217.29,3217.28,17:51:17
2026-01-06 17:52:04+00:00,,424.0,ETH,3216.95,3216.74,17:52:04
2026-01-06 17:51:18+00:00,,378.0,ETH,3217.52,3217.51,17:51:18
2026-01-06 17:52:05+00:00,,425.0,ETH,3216.78,3216.69,17:52:05
2026-01-06 17:51:19+00:00,,379.0,ETH,3217.57,3217.28,17:51:19
2026-01-06 17:52:06+00:00,,426.0,ETH,3217.03,3216.9,17:52:06
2026-01-06 17:51:20+00:00,,380.0,ETH,3217.3,3217.28,17:51:20
2026-01-06 17:52:07+00:00,,427.0,ETH,3216.85,3216.59,17:52:07
2026-01-06 17:51:21+00:00,,381.0,ETH,3217.29,3217.28,17:51:21
2026-01-06 17:52:08+00:00,,428.0,ETH,3216.83,3216.59,17:52:08
2026-01-06 17:51:22+00:00,,382.0,ETH,3217.54,3217.45,17:51:22
2026-01-06 17:52:09+00:00,,429.0,ETH,3216.83,3216.69,17:52:09
2026-01-06 17:51:23+00:00,,383.0,ETH,3217.57,3217.53,17:51:23
2026-01-06 17:52:10+00:00,,430.0,ETH,3216.99,3216.94,17:52:10
2026-01-06 17:51:24+00:00,,384.0,ETH,3217.57,3217.43,17:51:24
2026-01-06 17:52:11+00:00,,431.0,ETH,3217.15,3216.96,17:52:11
2026-01-06 17:51:25+00:00,,385.0,ETH,3217.54,3217.51,17:51:25
2026-01-06 17:52:12+00:00,,432.0,ETH,3217.24,3217.2,17:52:12
2026-01-06 17:51:26+00:00,,386.0,ETH,3217.36,3217.26,17:51:26
2026-01-06 17:52:13+00:00,,433.0,ETH,3217.21,3217.16,17:52:13
2026-01-06 17:51:27+00:00,,387.0,ETH,3217.3,3217.29,17:51:27
2026-01-06 17:52:14+00:00,,434.0,ETH,3217.08,3216.96,17:52:14
2026-01-06 17:51:28+00:00,,388.0,ETH,3217.7,3217.68,17:51:28
2026-01-06 17:52:15+00:00,,435.0,ETH,3216.89,3216.73,17:52:15
2026-01-06 17:51:29+00:00,,389.0,ETH,3218.16,3217.97,17:51:29
2026-01-06 17:52:16+00:00,,436.0,ETH,3216.2,3215.95,17:52:16
2026-01-06 17:51:30+00:00,,390.0,ETH,3218.26,3218.12,17:51:30
2026-01-06 17:52:17+00:00,,437.0,ETH,3215.66,3215.51,17:52:17
2026-01-06 17:51:31+00:00,,391.0,ETH,3218.26,3218.12,17:51:31
2026-01-06 17:52:18+00:00,,438.0,ETH,3215.87,3215.74,17:52:18
2026-01-06 17:51:32+00:00,,392.0,ETH,3218.28,3218.12,17:51:32
2026-01-06 17:52:19+00:00,,439.0,ETH,3215.79,3215.64,17:52:19
2026-01-06 17:51:33+00:00,,393.0,ETH,3218.1,3217.94,17:51:33
2026-01-06 17:52:20+00:00,,440.0,ETH,3216.01,3215.85,17:52:20
2026-01-06 17:51:34+00:00,,394.0,ETH,3217.77,3217.65,17:51:34
2026-01-06 17:52:21+00:00,,441.0,ETH,3215.94,3215.81,17:52:21
2026-01-06 17:51:35+00:00,,395.0,ETH,3217.59,3217.48,17:51:35
2026-01-06 17:52:22+00:00,,442.0,ETH,3215.86,3215.79,17:52:22
2026-01-06 17:51:36+00:00,,396.0,ETH,3217.54,3217.44,17:51:36
2026-01-06 17:52:23+00:00,,443.0,ETH,3215.62,3215.56,17:52:23
2026-01-06 17:51:37+00:00,,397.0,ETH,3217.54,3217.44,17:51:37
2026-01-06 17:52:24+00:00,,444.0,ETH,3215.13,3214.98,17:52:24
2026-01-06 17:51:38+00:00,,398.0,ETH,3217.45,3217.39,17:51:38
2026-01-06 17:52:25+00:00,,445.0,ETH,3214.36,3214.23,17:52:25
2026-01-06 17:51:39+00:00,,399.0,ETH,3217.36,3217.35,17:51:39
2026-01-06 17:52:26+00:00,,446.0,ETH,3214.02,3213.98,17:52:26
2026-01-06 17:51:40+00:00,,400.0,ETH,3217.39,3217.38,17:51:40
2026-01-06 17:52:27+00:00,,447.0,ETH,3214.28,3214.16,17:52:27
2026-01-06 17:51:41+00:00,,401.0,ETH,3217.41,3217.41,17:51:41
2026-01-06 17:52:28+00:00,,448.0,ETH,3214.52,3214.39,17:52:28
2026-01-06 17:51:42+00:00,,402.0,ETH,3217.65,3217.57,17:51:42
2026-01-06 17:52:29+00:00,,449.0,ETH,3214.78,3214.7,17:52:29
2026-01-06 17:51:43+00:00,,403.0,ETH,3217.96,3217.81,17:51:43
2026-01-06 17:52:30+00:00,,450.0,ETH,3214.94,3214.77,17:52:30
2026-01-06 17:51:44+00:00,,404.0,ETH,3218.18,3218.05,17:51:44
2026-01-06 17:52:31+00:00,,451.0,ETH,3214.81,3214.5,17:52:31
2026-01-06 17:51:45+00:00,,405.0,ETH,3218.22,3218.09,17:51:45
2026-01-06 17:52:32+00:00,,452.0,ETH,3214.65,3214.42,17:52:32
2026-01-06 17:51:46+00:00,,406.0,ETH,3217.89,3217.72,17:51:46
2026-01-06 17:52:34+00:00,,454.0,ETH,3214.93,3214.92,17:52:34
2026-01-06 17:51:47+00:00,,407.0,ETH,3217.6,3217.48,17:51:47
2026-01-06 17:52:35+00:00,,455.0,ETH,3215.77,3215.62,17:52:35
2026-01-06 17:51:48+00:00,,408.0,ETH,3217.51,3217.45,17:51:48
2026-01-06 17:52:36+00:00,,456.0,ETH,3215.98,3215.9,17:52:36
2026-01-06 17:51:49+00:00,,409.0,ETH,3217.51,3217.42,17:51:49
2026-01-06 17:52:37+00:00,,457.0,ETH,3216.38,3216.3,17:52:37
2026-01-06 17:51:50+00:00,,410.0,ETH,3217.42,3217.36,17:51:50
2026-01-06 17:52:38+00:00,,458.0,ETH,3216.52,3216.44,17:52:38
2026-01-06 17:51:51+00:00,,411.0,ETH,3217.41,3217.35,17:51:51
2026-01-06 17:52:39+00:00,,459.0,ETH,3216.97,3216.94,17:52:39
2026-01-06 17:51:52+00:00,,412.0,ETH,3217.49,3217.42,17:51:52
2026-01-06 17:52:40+00:00,,460.0,ETH,3217.2,3217.15,17:52:40
2026-01-06 17:51:53+00:00,,413.0,ETH,3217.07,3217.02,17:51:53
2026-01-06 17:52:41+00:00,,461.0,ETH,3217.41,3217.17,17:52:41
2026-01-06 17:51:54+00:00,,414.0,ETH,3217.0,3216.84,17:51:54
2026-01-06 17:52:42+00:00,,462.0,ETH,3217.34,3217.3,17:52:42
2026-01-06 17:51:55+00:00,,415.0,ETH,3217.43,3217.27,17:51:55
2026-01-06 17:51:56+00:00,,416.0,ETH,3217.52,3217.48,17:51:56
2026-01-06 17:52:43+00:00,,463.0,ETH,3217.38,3217.33,17:52:43
2026-01-06 17:51:57+00:00,,417.0,ETH,3217.6,3217.52,17:51:57
2026-01-06 17:52:44+00:00,,464.0,ETH,3217.3,3217.22,17:52:44
2026-01-06 17:51:58+00:00,,418.0,ETH,3217.77,3217.57,17:51:58
2026-01-06 17:52:45+00:00,,465.0,ETH,3217.17,3217.07,17:52:45
2026-01-06 17:51:59+00:00,,419.0,ETH,3217.88,3217.77,17:51:59
2026-01-06 17:52:46+00:00,,466.0,ETH,3217.25,3217.19,17:52:46
2026-01-06 17:52:00+00:00,,420.0,ETH,3218.42,3218.33,17:52:00
2026-01-06 17:52:47+00:00,,467.0,ETH,3217.43,3217.38,17:52:47
2026-01-06 17:52:01+00:00,,421.0,ETH,3218.41,3217.78,17:52:01
2026-01-06 17:52:48+00:00,,468.0,ETH,3217.55,3217.44,17:52:48
2026-01-06 17:52:02+00:00,,422.0,ETH,3217.36,3216.94,17:52:02
2026-01-06 17:52:49+00:00,,469.0,ETH,3217.84,3217.68,17:52:49
2026-01-06 17:52:03+00:00,,423.0,ETH,3217.18,3216.98,17:52:03
2026-01-06 17:52:50+00:00,,470.0,ETH,3218.16,3218.09,17:52:50
2026-01-06 17:52:04+00:00,,424.0,ETH,3216.95,3216.74,17:52:04
2026-01-06 17:52:51+00:00,,471.0,ETH,3218.49,3218.35,17:52:51
2026-01-06 17:52:05+00:00,,425.0,ETH,3216.78,3216.69,17:52:05
2026-01-06 17:52:52+00:00,,472.0,ETH,3218.56,3218.37,17:52:52
2026-01-06 17:52:06+00:00,,426.0,ETH,3217.03,3216.9,17:52:06
2026-01-06 17:52:53+00:00,,473.0,ETH,3218.52,3218.43,17:52:53
2026-01-06 17:52:07+00:00,,427.0,ETH,3216.85,3216.59,17:52:07
2026-01-06 17:52:54+00:00,,474.0,ETH,3218.42,3218.36,17:52:54
2026-01-06 17:52:08+00:00,,428.0,ETH,3216.83,3216.59,17:52:08
2026-01-06 17:52:55+00:00,,475.0,ETH,3218.24,3218.19,17:52:55
2026-01-06 17:52:09+00:00,,429.0,ETH,3216.83,3216.69,17:52:09
2026-01-06 17:52:56+00:00,,476.0,ETH,3218.34,3218.23,17:52:56
2026-01-06 17:52:10+00:00,,430.0,ETH,3216.99,3216.94,17:52:10
2026-01-06 17:52:57+00:00,,477.0,ETH,3218.51,3218.39,17:52:57
2026-01-06 17:52:11+00:00,,431.0,ETH,3217.15,3216.96,17:52:11
2026-01-06 17:52:58+00:00,,478.0,ETH,3218.82,3218.78,17:52:58
2026-01-06 17:52:12+00:00,,432.0,ETH,3217.24,3217.2,17:52:12
2026-01-06 17:52:59+00:00,,479.0,ETH,3219.13,3219.07,17:52:59
2026-01-06 17:52:13+00:00,,433.0,ETH,3217.21,3217.16,17:52:13
2026-01-06 17:53:00+00:00,,480.0,ETH,3219.22,3219.04,17:53:00
2026-01-06 17:52:14+00:00,,434.0,ETH,3216.98,3216.84,17:52:14
2026-01-06 17:53:01+00:00,,481.0,ETH,3219.29,3219.06,17:53:01
2026-01-06 17:52:15+00:00,,435.0,ETH,3216.54,3216.34,17:52:15
2026-01-06 17:53:02+00:00,,482.0,ETH,3219.09,3218.79,17:53:02
2026-01-06 17:52:16+00:00,,436.0,ETH,3215.93,3215.73,17:52:16
2026-01-06 17:53:03+00:00,,483.0,ETH,3218.76,3218.54,17:53:03
2026-01-06 17:52:17+00:00,,437.0,ETH,3215.76,3215.63,17:52:17
2026-01-06 17:53:04+00:00,,484.0,ETH,3218.58,3218.55,17:53:04
2026-01-06 17:52:18+00:00,,438.0,ETH,3215.83,3215.69,17:52:18
2026-01-06 17:53:05+00:00,,485.0,ETH,3218.31,3218.3,17:53:05
2026-01-06 17:52:19+00:00,,439.0,ETH,3215.9,3215.76,17:52:19
2026-01-06 17:53:06+00:00,,486.0,ETH,3218.12,3218.12,17:53:06
2026-01-06 17:52:20+00:00,,440.0,ETH,3216.01,3215.85,17:52:20
2026-01-06 17:53:07+00:00,,487.0,ETH,3218.14,3218.14,17:53:07
2026-01-06 17:52:21+00:00,,441.0,ETH,3216.01,3215.82,17:52:21
2026-01-06 17:53:08+00:00,,488.0,ETH,3218.16,3218.15,17:53:08
2026-01-06 17:52:22+00:00,,442.0,ETH,3215.88,3215.8,17:52:22
2026-01-06 17:53:09+00:00,,489.0,ETH,3218.17,3218.16,17:53:09
2026-01-06 17:52:23+00:00,,443.0,ETH,3215.83,3215.78,17:52:23
2026-01-06 17:53:10+00:00,,490.0,ETH,3218.03,3217.9,17:53:10
2026-01-06 17:52:24+00:00,,444.0,ETH,3215.41,3215.34,17:52:24
2026-01-06 17:53:11+00:00,,491.0,ETH,3217.73,3217.59,17:53:11
2026-01-06 17:52:25+00:00,,445.0,ETH,3214.84,3214.62,17:52:25
2026-01-06 17:53:12+00:00,,492.0,ETH,3217.53,3217.51,17:53:12
2026-01-06 17:52:26+00:00,,446.0,ETH,3213.87,3213.85,17:52:26
2026-01-06 17:53:13+00:00,,493.0,ETH,3217.55,3217.5,17:53:13
2026-01-06 17:52:27+00:00,,447.0,ETH,3214.17,3214.11,17:52:27
2026-01-06 17:53:14+00:00,,494.0,ETH,3217.59,3217.5,17:53:14
2026-01-06 17:52:28+00:00,,448.0,ETH,3214.39,3214.22,17:52:28
2026-01-06 17:53:15+00:00,,495.0,ETH,3217.44,3217.4,17:53:15
2026-01-06 17:52:29+00:00,,449.0,ETH,3214.65,3214.56,17:52:29
2026-01-06 17:53:16+00:00,,496.0,ETH,3217.35,3217.3,17:53:16
2026-01-06 17:52:30+00:00,,450.0,ETH,3214.92,3214.85,17:52:30
2026-01-06 17:53:17+00:00,,497.0,ETH,3217.41,3217.34,17:53:17
2026-01-06 17:52:31+00:00,,451.0,ETH,3214.97,3214.69,17:52:31
2026-01-06 17:53:18+00:00,,498.0,ETH,3217.42,3217.37,17:53:18
2026-01-06 17:52:32+00:00,,452.0,ETH,3214.65,3214.3,17:52:32
2026-01-06 17:53:19+00:00,,499.0,ETH,3217.41,3217.36,17:53:19
2026-01-06 17:52:33+00:00,,453.0,ETH,3214.66,3214.53,17:52:33
2026-01-06 17:53:20+00:00,,500.0,ETH,3217.42,3217.37,17:53:20
2026-01-06 17:52:34+00:00,,454.0,ETH,3214.93,3214.92,17:52:34
2026-01-06 17:53:21+00:00,,501.0,ETH,3217.18,3217.02,17:53:21
2026-01-06 17:52:35+00:00,,455.0,ETH,3215.77,3215.62,17:52:35
2026-01-06 17:53:22+00:00,,502.0,ETH,3216.86,3216.64,17:53:22
2026-01-06 17:52:36+00:00,,456.0,ETH,3215.98,3215.9,17:52:36
2026-01-06 17:53:23+00:00,,503.0,ETH,3216.77,3216.64,17:53:23
2026-01-06 17:52:37+00:00,,457.0,ETH,3216.38,3216.3,17:52:37
2026-01-06 17:53:24+00:00,,504.0,ETH,3216.71,3216.64,17:53:24
2026-01-06 17:52:38+00:00,,458.0,ETH,3216.52,3216.44,17:52:38
2026-01-06 17:53:25+00:00,,505.0,ETH,3216.69,3216.62,17:53:25
2026-01-06 17:52:39+00:00,,459.0,ETH,3216.97,3216.94,17:52:39
2026-01-06 17:53:26+00:00,,506.0,ETH,3216.67,3216.6,17:53:26
2026-01-06 17:52:40+00:00,,460.0,ETH,3217.2,3217.15,17:52:40
2026-01-06 17:53:27+00:00,,507.0,ETH,3216.48,3216.3,17:53:27
2026-01-06 17:52:41+00:00,,461.0,ETH,3217.41,3217.17,17:52:41
2026-01-06 17:53:28+00:00,,508.0,ETH,3216.24,3216.06,17:53:28
2026-01-06 17:52:42+00:00,,462.0,ETH,3217.34,3217.3,17:52:42
2026-01-06 17:53:29+00:00,,509.0,ETH,3216.02,3215.98,17:53:29
2026-01-06 17:52:43+00:00,,463.0,ETH,3217.42,3217.34,17:52:43
2026-01-06 17:53:31+00:00,,511.0,ETH,3215.83,3215.65,17:53:31
2026-01-06 17:52:44+00:00,,464.0,ETH,3217.34,3217.33,17:52:44
2026-01-06 17:53:32+00:00,,512.0,ETH,3215.71,3215.55,17:53:32
2026-01-06 17:52:45+00:00,,465.0,ETH,3217.17,3217.07,17:52:45
2026-01-06 17:53:33+00:00,,513.0,ETH,3215.5,3215.38,17:53:33
2026-01-06 17:52:46+00:00,,466.0,ETH,3217.25,3217.19,17:52:46
2026-01-06 17:53:34+00:00,,514.0,ETH,3215.42,3215.24,17:53:34
2026-01-06 17:52:47+00:00,,467.0,ETH,3217.43,3217.38,17:52:47
2026-01-06 17:53:35+00:00,,515.0,ETH,3215.24,3215.03,17:53:35
2026-01-06 17:52:48+00:00,,468.0,ETH,3217.55,3217.44,17:52:48
2026-01-06 17:53:36+00:00,,516.0,ETH,3215.0,3214.88,17:53:36
2026-01-06 17:52:49+00:00,,469.0,ETH,3217.84,3217.68,17:52:49
2026-01-06 17:53:37+00:00,,517.0,ETH,3214.97,3214.94,17:53:37
2026-01-06 17:52:50+00:00,,470.0,ETH,3218.16,3218.09,17:52:50
2026-01-06 17:53:38+00:00,,518.0,ETH,3214.99,3214.89,17:53:38
2026-01-06 17:52:51+00:00,,471.0,ETH,3218.49,3218.35,17:52:51
2026-01-06 17:53:39+00:00,,519.0,ETH,3214.96,3214.85,17:53:39
2026-01-06 17:52:52+00:00,,472.0,ETH,3218.56,3218.37,17:52:52
2026-01-06 17:53:40+00:00,,520.0,ETH,3214.93,3214.83,17:53:40
2026-01-06 17:52:53+00:00,,473.0,ETH,3218.52,3218.43,17:52:53
2026-01-06 17:53:41+00:00,,521.0,ETH,3215.08,3215.01,17:53:41
2026-01-06 17:52:54+00:00,,474.0,ETH,3218.42,3218.36,17:52:54
2026-01-06 17:53:42+00:00,,522.0,ETH,3215.4,3215.37,17:53:42
2026-01-06 17:52:55+00:00,,475.0,ETH,3218.24,3218.19,17:52:55
2026-01-06 17:53:43+00:00,,523.0,ETH,3215.56,3215.24,17:53:43
2026-01-06 17:52:56+00:00,,476.0,ETH,3218.34,3218.23,17:52:56
2026-01-06 17:53:44+00:00,,524.0,ETH,3215.31,3214.88,17:53:44
2026-01-06 17:52:57+00:00,,477.0,ETH,3218.51,3218.39,17:52:57
2026-01-06 17:53:45+00:00,,525.0,ETH,3214.88,3214.73,17:53:45
2026-01-06 17:52:58+00:00,,478.0,ETH,3218.82,3218.78,17:52:58
2026-01-06 17:53:46+00:00,,526.0,ETH,3214.56,3214.5,17:53:46
2026-01-06 17:52:59+00:00,,479.0,ETH,3219.13,3219.07,17:52:59
2026-01-06 17:53:47+00:00,,527.0,ETH,3214.38,3214.35,17:53:47
2026-01-06 17:53:00+00:00,,480.0,ETH,3219.22,3219.04,17:53:00
2026-01-06 17:53:48+00:00,,528.0,ETH,3214.36,3214.34,17:53:48
2026-01-06 17:53:01+00:00,,481.0,ETH,3219.29,3219.06,17:53:01
2026-01-06 17:53:49+00:00,,529.0,ETH,3214.27,3214.26,17:53:49
2026-01-06 17:53:02+00:00,,482.0,ETH,3219.09,3218.79,17:53:02
2026-01-06 17:53:50+00:00,,530.0,ETH,3214.14,3214.1,17:53:50
2026-01-06 17:53:03+00:00,,483.0,ETH,3218.76,3218.54,17:53:03
2026-01-06 17:53:51+00:00,,531.0,ETH,3214.13,3214.07,17:53:51
2026-01-06 17:53:04+00:00,,484.0,ETH,3218.58,3218.55,17:53:04
2026-01-06 17:53:52+00:00,,532.0,ETH,3213.95,3213.77,17:53:52
2026-01-06 17:53:05+00:00,,485.0,ETH,3218.31,3218.3,17:53:05
2026-01-06 17:53:53+00:00,,533.0,ETH,3213.43,3213.12,17:53:53
2026-01-06 17:53:06+00:00,,486.0,ETH,3218.12,3218.12,17:53:06
2026-01-06 17:53:54+00:00,,534.0,ETH,3212.98,3212.72,17:53:54
2026-01-06 17:53:07+00:00,,487.0,ETH,3218.14,3218.14,17:53:07
2026-01-06 17:53:55+00:00,,535.0,ETH,3212.71,3212.56,17:53:55
2026-01-06 17:53:08+00:00,,488.0,ETH,3218.15,3218.14,17:53:08
2026-01-06 17:53:56+00:00,,536.0,ETH,3212.53,3212.47,17:53:56
2026-01-06 17:53:09+00:00,,489.0,ETH,3218.17,3218.16,17:53:09
2026-01-06 17:53:57+00:00,,537.0,ETH,3212.45,3212.42,17:53:57
2026-01-06 17:53:10+00:00,,490.0,ETH,3218.17,3218.16,17:53:10
2026-01-06 17:53:58+00:00,,538.0,ETH,3212.29,3212.26,17:53:58
2026-01-06 17:53:11+00:00,,491.0,ETH,3217.9,3217.64,17:53:11
2026-01-06 17:53:59+00:00,,539.0,ETH,3211.75,3211.69,17:53:59
2026-01-06 17:53:12+00:00,,492.0,ETH,3217.57,3217.54,17:53:12
2026-01-06 17:54:00+00:00,,540.0,ETH,3210.9,3210.71,17:54:00
2026-01-06 17:53:13+00:00,,493.0,ETH,3217.5,3217.49,17:53:13
2026-01-06 17:54:01+00:00,,541.0,ETH,3210.01,3209.64,17:54:01
2026-01-06 17:53:14+00:00,,494.0,ETH,3217.61,3217.5,17:53:14
2026-01-06 17:54:02+00:00,,542.0,ETH,3209.18,3208.79,17:54:02
2026-01-06 17:53:15+00:00,,495.0,ETH,3217.57,3217.5,17:53:15
2026-01-06 17:54:03+00:00,,543.0,ETH,3208.78,3208.46,17:54:03
2026-01-06 17:53:16+00:00,,496.0,ETH,3217.3,3217.3,17:53:16
2026-01-06 17:54:04+00:00,,544.0,ETH,3208.59,3208.43,17:54:04
2026-01-06 17:53:17+00:00,,497.0,ETH,3217.39,3217.31,17:53:17
2026-01-06 17:54:05+00:00,,545.0,ETH,3208.2,3208.08,17:54:05
2026-01-06 17:53:18+00:00,,498.0,ETH,3217.42,3217.37,17:53:18
2026-01-06 17:54:06+00:00,,546.0,ETH,3207.53,3207.36,17:54:06
2026-01-06 17:53:19+00:00,,499.0,ETH,3217.42,3217.37,17:53:19
2026-01-06 17:54:07+00:00,,547.0,ETH,3207.05,3206.86,17:54:07
2026-01-06 17:53:20+00:00,,500.0,ETH,3217.42,3217.37,17:53:20
2026-01-06 17:54:08+00:00,,548.0,ETH,3206.9,3206.66,17:54:08
2026-01-06 17:53:21+00:00,,501.0,ETH,3217.18,3217.02,17:53:21
2026-01-06 17:54:09+00:00,,549.0,ETH,3206.93,3206.73,17:54:09
2026-01-06 17:53:22+00:00,,502.0,ETH,3216.86,3216.64,17:53:22
2026-01-06 17:54:10+00:00,,550.0,ETH,3207.08,3206.87,17:54:10
2026-01-06 17:53:23+00:00,,503.0,ETH,3216.77,3216.64,17:53:23
2026-01-06 17:54:11+00:00,,551.0,ETH,3207.01,3206.79,17:54:11
2026-01-06 17:53:24+00:00,,504.0,ETH,3216.71,3216.64,17:53:24
2026-01-06 17:54:12+00:00,,552.0,ETH,3206.94,3206.72,17:54:12
2026-01-06 17:53:25+00:00,,505.0,ETH,3216.69,3216.62,17:53:25
2026-01-06 17:54:13+00:00,,553.0,ETH,3207.19,3207.0,17:54:13
2026-01-06 17:53:26+00:00,,506.0,ETH,3216.67,3216.6,17:53:26
2026-01-06 17:54:14+00:00,,554.0,ETH,3207.53,3207.34,17:54:14
2026-01-06 17:53:27+00:00,,507.0,ETH,3216.48,3216.3,17:53:27
2026-01-06 17:54:15+00:00,,555.0,ETH,3207.71,3207.57,17:54:15
2026-01-06 17:53:28+00:00,,508.0,ETH,3216.24,3216.06,17:53:28
2026-01-06 17:54:16+00:00,,556.0,ETH,3208.01,3207.93,17:54:16
2026-01-06 17:53:29+00:00,,509.0,ETH,3216.02,3215.98,17:53:29
2026-01-06 17:54:17+00:00,,557.0,ETH,3208.46,3208.32,17:54:17
2026-01-06 17:53:30+00:00,,510.0,ETH,3215.86,3215.75,17:53:30
2026-01-06 17:54:18+00:00,,558.0,ETH,3208.56,3208.32,17:54:18
2026-01-06 17:53:31+00:00,,511.0,ETH,3215.83,3215.62,17:53:31
2026-01-06 17:54:19+00:00,,559.0,ETH,3207.98,3207.77,17:54:19
2026-01-06 17:53:32+00:00,,512.0,ETH,3215.84,3215.58,17:53:32
2026-01-06 17:54:20+00:00,,560.0,ETH,3207.57,3207.46,17:54:20
2026-01-06 17:53:33+00:00,,513.0,ETH,3215.59,3215.52,17:53:33
2026-01-06 17:54:21+00:00,,561.0,ETH,3207.09,3206.83,17:54:21
2026-01-06 17:53:34+00:00,,514.0,ETH,3215.41,3215.24,17:53:34
2026-01-06 17:54:22+00:00,,562.0,ETH,3206.14,3205.95,17:54:22
2026-01-06 17:53:35+00:00,,515.0,ETH,3215.43,3215.25,17:53:35
2026-01-06 17:54:23+00:00,,563.0,ETH,3206.02,3205.91,17:54:23
2026-01-06 17:53:36+00:00,,516.0,ETH,3215.05,3214.81,17:53:36
2026-01-06 17:54:24+00:00,,564.0,ETH,3206.12,3205.78,17:54:24
2026-01-06 17:53:37+00:00,,517.0,ETH,3214.96,3214.94,17:53:37
2026-01-06 17:54:25+00:00,,565.0,ETH,3203.78,3203.58,17:54:25
2026-01-06 17:53:38+00:00,,518.0,ETH,3214.99,3214.93,17:53:38
2026-01-06 17:54:26+00:00,,566.0,ETH,3203.76,3203.11,17:54:26
2026-01-06 17:53:39+00:00,,519.0,ETH,3215.0,3214.85,17:53:39
2026-01-06 17:54:27+00:00,,567.0,ETH,3203.5,3203.34,17:54:27
2026-01-06 17:53:40+00:00,,520.0,ETH,3214.93,3214.86,17:53:40
2026-01-06 17:54:28+00:00,,568.0,ETH,3203.99,3203.87,17:54:28
2026-01-06 17:53:41+00:00,,521.0,ETH,3214.93,3214.81,17:53:41
2026-01-06 17:54:29+00:00,,569.0,ETH,3203.87,3203.61,17:54:29
2026-01-06 17:53:42+00:00,,522.0,ETH,3215.23,3215.2,17:53:42
2026-01-06 17:54:30+00:00,,570.0,ETH,3203.46,3203.22,17:54:30
2026-01-06 17:53:43+00:00,,523.0,ETH,3215.56,3215.53,17:53:43
2026-01-06 17:54:31+00:00,,571.0,ETH,3203.0,3202.74,17:54:31
2026-01-06 17:53:44+00:00,,524.0,ETH,3215.57,3214.94,17:53:44
2026-01-06 17:54:32+00:00,,572.0,ETH,3201.73,3201.54,17:54:32
2026-01-06 17:53:45+00:00,,525.0,ETH,3215.04,3214.82,17:53:45
2026-01-06 17:54:33+00:00,,573.0,ETH,3200.27,3200.09,17:54:33
2026-01-06 17:53:46+00:00,,526.0,ETH,3214.72,3214.65,17:53:46
2026-01-06 17:54:34+00:00,,574.0,ETH,3200.09,3199.78,17:54:34
2026-01-06 17:53:47+00:00,,527.0,ETH,3214.4,3214.35,17:53:47
2026-01-06 17:54:35+00:00,,575.0,ETH,3200.43,3200.17,17:54:35
2026-01-06 17:53:48+00:00,,528.0,ETH,3214.36,3214.34,17:53:48
2026-01-06 17:54:36+00:00,,576.0,ETH,3200.62,3200.39,17:54:36
2026-01-06 17:53:49+00:00,,529.0,ETH,3214.36,3214.34,17:53:49
2026-01-06 17:54:37+00:00,,577.0,ETH,3201.06,3200.71,17:54:37
2026-01-06 17:53:50+00:00,,530.0,ETH,3214.19,3214.17,17:53:50
2026-01-06 17:54:38+00:00,,578.0,ETH,3201.44,3201.03,17:54:38
2026-01-06 17:53:51+00:00,,531.0,ETH,3214.08,3214.03,17:53:51
2026-01-06 17:54:39+00:00,,579.0,ETH,3201.23,3201.0,17:54:39
2026-01-06 17:53:52+00:00,,532.0,ETH,3214.17,3214.12,17:53:52
2026-01-06 17:54:40+00:00,,580.0,ETH,3201.01,3200.9,17:54:40
2026-01-06 17:53:53+00:00,,533.0,ETH,3213.72,3213.42,17:53:53
2026-01-06 17:54:41+00:00,,581.0,ETH,3200.54,3200.44,17:54:41
2026-01-06 17:53:54+00:00,,534.0,ETH,3213.14,3212.82,17:53:54
2026-01-06 17:54:42+00:00,,582.0,ETH,3199.84,3199.76,17:54:42
2026-01-06 17:53:55+00:00,,535.0,ETH,3212.82,3212.63,17:53:55
2026-01-06 17:54:43+00:00,,583.0,ETH,3199.55,3199.47,17:54:43
2026-01-06 17:53:56+00:00,,536.0,ETH,3212.61,3212.5,17:53:56
2026-01-06 17:54:44+00:00,,584.0,ETH,3200.78,3200.4,17:54:44
2026-01-06 17:53:57+00:00,,537.0,ETH,3212.46,3212.43,17:53:57
2026-01-06 17:54:45+00:00,,585.0,ETH,3200.64,3200.44,17:54:45
2026-01-06 17:53:58+00:00,,538.0,ETH,3212.43,3212.4,17:53:58
2026-01-06 17:54:46+00:00,,586.0,ETH,3200.16,3199.89,17:54:46
2026-01-06 17:53:59+00:00,,539.0,ETH,3212.15,3212.12,17:53:59
2026-01-06 17:54:47+00:00,,587.0,ETH,3200.11,3199.87,17:54:47
2026-01-06 17:54:00+00:00,,540.0,ETH,3211.36,3211.26,17:54:00
2026-01-06 17:54:48+00:00,,588.0,ETH,3199.91,3199.81,17:54:48
2026-01-06 17:54:01+00:00,,541.0,ETH,3210.44,3210.15,17:54:01
2026-01-06 17:54:49+00:00,,589.0,ETH,3200.29,3200.13,17:54:49
2026-01-06 17:54:02+00:00,,542.0,ETH,3209.57,3209.13,17:54:02
2026-01-06 17:54:50+00:00,,590.0,ETH,3200.44,3200.25,17:54:50
2026-01-06 17:54:03+00:00,,543.0,ETH,3208.78,3208.45,17:54:03
2026-01-06 17:54:51+00:00,,591.0,ETH,3200.68,3200.5,17:54:51
2026-01-06 17:54:04+00:00,,544.0,ETH,3208.78,3208.47,17:54:04
2026-01-06 17:54:52+00:00,,592.0,ETH,3200.43,3200.03,17:54:52
2026-01-06 17:54:05+00:00,,545.0,ETH,3208.39,3208.39,17:54:05
2026-01-06 17:54:53+00:00,,593.0,ETH,3200.43,3200.06,17:54:53
2026-01-06 17:54:06+00:00,,546.0,ETH,3208.01,3207.77,17:54:06
2026-01-06 17:54:54+00:00,,594.0,ETH,3201.45,3201.3,17:54:54
2026-01-06 17:54:07+00:00,,547.0,ETH,3207.05,3206.95,17:54:07
2026-01-06 17:54:55+00:00,,595.0,ETH,3201.49,3201.43,17:54:55
2026-01-06 17:54:08+00:00,,548.0,ETH,3207.05,3206.77,17:54:08
2026-01-06 17:54:56+00:00,,596.0,ETH,3201.98,3201.92,17:54:56
2026-01-06 17:54:09+00:00,,549.0,ETH,3206.75,3206.56,17:54:09
2026-01-06 17:54:57+00:00,,597.0,ETH,3202.09,3201.93,17:54:57
2026-01-06 17:54:10+00:00,,550.0,ETH,3207.12,3206.91,17:54:10
2026-01-06 17:54:58+00:00,,598.0,ETH,3202.22,3202.05,17:54:58
2026-01-06 17:54:11+00:00,,551.0,ETH,3207.05,3206.83,17:54:11
2026-01-06 17:54:59+00:00,,599.0,ETH,3202.34,3202.2,17:54:59
2026-01-06 17:54:12+00:00,,552.0,ETH,3206.98,3206.76,17:54:12
2026-01-06 17:55:00+00:00,,600.0,ETH,3203.32,3203.25,17:55:00
2026-01-06 17:54:13+00:00,,553.0,ETH,3206.91,3206.68,17:54:13
2026-01-06 17:55:01+00:00,,601.0,ETH,3203.71,3203.49,17:55:01
2026-01-06 17:54:14+00:00,,554.0,ETH,3207.47,3207.31,17:54:14
2026-01-06 17:55:02+00:00,,602.0,ETH,3202.4,3202.32,17:55:02
2026-01-06 17:54:15+00:00,,555.0,ETH,3207.59,3207.36,17:54:15
2026-01-06 17:55:03+00:00,,603.0,ETH,3201.61,3201.48,17:55:03
2026-01-06 17:54:16+00:00,,556.0,ETH,3207.83,3207.78,17:54:16
2026-01-06 17:55:04+00:00,,604.0,ETH,3201.73,3201.68,17:55:04
2026-01-06 17:54:17+00:00,,557.0,ETH,3208.19,3208.08,17:54:17
2026-01-06 17:55:05+00:00,,605.0,ETH,3201.9,3201.7,17:55:05
2026-01-06 17:54:18+00:00,,558.0,ETH,3208.73,3208.56,17:54:18
2026-01-06 17:55:06+00:00,,606.0,ETH,3199.9,3199.83,17:55:06
2026-01-06 17:54:19+00:00,,559.0,ETH,3208.39,3208.08,17:54:19
2026-01-06 17:55:07+00:00,,607.0,ETH,3199.83,3199.8,17:55:07
2026-01-06 17:54:20+00:00,,560.0,ETH,3207.57,3207.46,17:54:20
2026-01-06 17:55:08+00:00,,608.0,ETH,3199.93,3199.82,17:55:08
2026-01-06 17:54:21+00:00,,561.0,ETH,3207.09,3206.83,17:54:21
2026-01-06 17:54:22+00:00,,562.0,ETH,3206.14,3205.95,17:54:22
2026-01-06 17:55:09+00:00,,609.0,ETH,3200.1,3200.03,17:55:09
2026-01-06 17:54:23+00:00,,563.0,ETH,3206.02,3205.91,17:54:23
2026-01-06 17:55:10+00:00,,610.0,ETH,3200.3,3200.17,17:55:10
2026-01-06 17:54:24+00:00,,564.0,ETH,3206.12,3205.78,17:54:24
2026-01-06 17:55:11+00:00,,611.0,ETH,3199.69,3199.5,17:55:11
2026-01-06 17:54:25+00:00,,565.0,ETH,3203.78,3203.58,17:54:25
2026-01-06 17:55:12+00:00,,612.0,ETH,3199.41,3199.33,17:55:12
2026-01-06 17:54:26+00:00,,566.0,ETH,3203.76,3203.11,17:54:26
2026-01-06 17:55:13+00:00,,613.0,ETH,3199.24,3199.1,17:55:13
2026-01-06 17:54:27+00:00,,567.0,ETH,3203.5,3203.34,17:54:27
2026-01-06 17:55:14+00:00,,614.0,ETH,3200.05,3199.68,17:55:14
2026-01-06 17:54:28+00:00,,568.0,ETH,3203.99,3203.87,17:54:28
2026-01-06 17:55:15+00:00,,615.0,ETH,3200.41,3200.37,17:55:15
2026-01-06 17:54:29+00:00,,569.0,ETH,3203.97,3203.75,17:54:29
2026-01-06 17:55:16+00:00,,616.0,ETH,3200.61,3200.55,17:55:16
2026-01-06 17:54:30+00:00,,570.0,ETH,3203.77,3203.47,17:54:30
2026-01-06 17:55:17+00:00,,617.0,ETH,3200.55,3200.42,17:55:17
2026-01-06 17:54:31+00:00,,571.0,ETH,3203.15,3202.98,17:54:31
2026-01-06 17:55:18+00:00,,618.0,ETH,3200.81,3200.67,17:55:18
2026-01-06 17:54:32+00:00,,572.0,ETH,3202.85,3202.51,17:54:32
2026-01-06 17:55:19+00:00,,619.0,ETH,3201.05,3200.9,17:55:19
2026-01-06 17:54:33+00:00,,573.0,ETH,3200.6,3200.57,17:54:33
2026-01-06 17:55:20+00:00,,620.0,ETH,3200.41,3200.28,17:55:20
2026-01-06 17:54:34+00:00,,574.0,ETH,3199.94,3199.61,17:54:34
2026-01-06 17:55:21+00:00,,621.0,ETH,3199.86,3199.55,17:55:21
2026-01-06 17:54:35+00:00,,575.0,ETH,3200.24,3199.95,17:54:35
2026-01-06 17:55:22+00:00,,622.0,ETH,3199.55,3199.11,17:55:22
2026-01-06 17:54:36+00:00,,576.0,ETH,3200.62,3200.39,17:54:36
2026-01-06 17:55:23+00:00,,623.0,ETH,3199.36,3199.15,17:55:23
2026-01-06 17:54:37+00:00,,577.0,ETH,3200.62,3200.39,17:54:37
2026-01-06 17:55:24+00:00,,624.0,ETH,3199.34,3199.24,17:55:24
2026-01-06 17:54:38+00:00,,578.0,ETH,3201.51,3201.03,17:54:38
2026-01-06 17:55:25+00:00,,625.0,ETH,3199.15,3199.01,17:55:25
2026-01-06 17:54:39+00:00,,579.0,ETH,3201.37,3201.03,17:54:39
2026-01-06 17:55:26+00:00,,626.0,ETH,3198.94,3198.77,17:55:26
2026-01-06 17:54:40+00:00,,580.0,ETH,3201.08,3200.97,17:54:40
2026-01-06 17:55:27+00:00,,627.0,ETH,3198.87,3198.69,17:55:27
2026-01-06 17:54:41+00:00,,581.0,ETH,3200.94,3200.82,17:54:41
2026-01-06 17:55:28+00:00,,628.0,ETH,3198.76,3198.53,17:55:28
2026-01-06 17:54:42+00:00,,582.0,ETH,3200.14,3200.05,17:54:42
2026-01-06 17:55:29+00:00,,629.0,ETH,3197.59,3197.37,17:55:29
2026-01-06 17:54:43+00:00,,583.0,ETH,3199.55,3199.47,17:54:43
2026-01-06 17:55:30+00:00,,630.0,ETH,3195.4,3195.15,17:55:30
2026-01-06 17:54:44+00:00,,584.0,ETH,3200.78,3200.4,17:54:44
2026-01-06 17:55:31+00:00,,631.0,ETH,3194.15,3193.97,17:55:31
2026-01-06 17:54:45+00:00,,585.0,ETH,3200.64,3200.44,17:54:45
2026-01-06 17:55:32+00:00,,632.0,ETH,3194.15,3194.09,17:55:32
2026-01-06 17:55:33+00:00,,633.0,ETH,3194.32,3194.27,17:55:33
2026-01-06 17:54:46+00:00,,586.0,ETH,3200.13,3199.88,17:54:46
2026-01-06 17:55:34+00:00,,634.0,ETH,3194.31,3194.28,17:55:34
2026-01-06 17:54:47+00:00,,587.0,ETH,3200.01,3199.84,17:54:47
2026-01-06 17:55:35+00:00,,635.0,ETH,3193.98,3193.89,17:55:35
2026-01-06 17:54:48+00:00,,588.0,ETH,3200.1,3199.97,17:54:48
2026-01-06 17:55:36+00:00,,636.0,ETH,3194.38,3194.34,17:55:36
2026-01-06 17:54:49+00:00,,589.0,ETH,3200.36,3200.19,17:54:49
2026-01-06 17:55:37+00:00,,637.0,ETH,3193.74,3193.45,17:55:37
2026-01-06 17:54:50+00:00,,590.0,ETH,3200.56,3200.38,17:54:50
2026-01-06 17:55:38+00:00,,638.0,ETH,3193.44,3193.2,17:55:38
2026-01-06 17:54:51+00:00,,591.0,ETH,3200.56,3200.27,17:54:51
2026-01-06 17:55:39+00:00,,639.0,ETH,3193.88,3193.61,17:55:39
2026-01-06 17:54:52+00:00,,592.0,ETH,3200.43,3200.05,17:54:52
2026-01-06 17:55:40+00:00,,640.0,ETH,3193.87,3193.43,17:55:40
2026-01-06 17:54:53+00:00,,593.0,ETH,3200.94,3200.68,17:54:53
2026-01-06 17:55:41+00:00,,641.0,ETH,3194.12,3193.99,17:55:41
2026-01-06 17:54:54+00:00,,594.0,ETH,3201.47,3201.37,17:54:54
2026-01-06 17:55:42+00:00,,642.0,ETH,3194.25,3194.05,17:55:42
2026-01-06 17:54:55+00:00,,595.0,ETH,3201.73,3201.68,17:54:55
2026-01-06 17:55:43+00:00,,643.0,ETH,3193.12,3192.98,17:55:43
2026-01-06 17:54:56+00:00,,596.0,ETH,3202.04,3201.93,17:54:56
2026-01-06 17:55:44+00:00,,644.0,ETH,3192.74,3192.62,17:55:44
2026-01-06 17:54:57+00:00,,597.0,ETH,3202.16,3201.99,17:54:57
2026-01-06 17:55:45+00:00,,645.0,ETH,3192.66,3192.5,17:55:45
2026-01-06 17:54:58+00:00,,598.0,ETH,3202.28,3202.12,17:54:58
2026-01-06 17:55:46+00:00,,646.0,ETH,3192.44,3192.35,17:55:46
2026-01-06 17:54:59+00:00,,599.0,ETH,3202.83,3202.73,17:54:59
2026-01-06 17:55:47+00:00,,647.0,ETH,3192.3,3192.26,17:55:47
2026-01-06 17:55:00+00:00,,600.0,ETH,3203.51,3203.37,17:55:00
2026-01-06 17:55:48+00:00,,648.0,ETH,3192.36,3192.32,17:55:48
2026-01-06 17:55:01+00:00,,601.0,ETH,3203.06,3202.9,17:55:01
2026-01-06 17:55:49+00:00,,649.0,ETH,3192.52,3192.48,17:55:49
2026-01-06 17:55:02+00:00,,602.0,ETH,3202.01,3201.9,17:55:02
2026-01-06 17:55:50+00:00,,650.0,ETH,3193.07,3192.92,17:55:50
2026-01-06 17:55:03+00:00,,603.0,ETH,3201.67,3201.58,17:55:03
2026-01-06 17:55:51+00:00,,651.0,ETH,3193.67,3193.4,17:55:51
2026-01-06 17:55:04+00:00,,604.0,ETH,3201.81,3201.69,17:55:04
2026-01-06 17:55:52+00:00,,652.0,ETH,3193.91,3193.65,17:55:52
2026-01-06 17:55:05+00:00,,605.0,ETH,3200.9,3200.76,17:55:05
2026-01-06 17:55:53+00:00,,653.0,ETH,3194.3,3194.09,17:55:53
2026-01-06 17:55:06+00:00,,606.0,ETH,3199.87,3199.82,17:55:06
2026-01-06 17:55:54+00:00,,654.0,ETH,3194.85,3194.72,17:55:54
2026-01-06 17:55:07+00:00,,607.0,ETH,3199.88,3199.81,17:55:07
2026-01-06 17:55:55+00:00,,655.0,ETH,3195.22,3195.16,17:55:55
2026-01-06 17:55:08+00:00,,608.0,ETH,3200.01,3199.92,17:55:08
2026-01-06 17:55:56+00:00,,656.0,ETH,3195.32,3195.29,17:55:56
2026-01-06 17:55:09+00:00,,609.0,ETH,3200.1,3200.03,17:55:09
2026-01-06 17:55:57+00:00,,657.0,ETH,3194.77,3194.72,17:55:57
2026-01-06 17:55:10+00:00,,610.0,ETH,3200.3,3200.17,17:55:10
2026-01-06 17:55:58+00:00,,658.0,ETH,3194.91,3194.7,17:55:58
2026-01-06 17:55:11+00:00,,611.0,ETH,3199.69,3199.5,17:55:11
2026-01-06 17:55:59+00:00,,659.0,ETH,3195.47,3195.3,17:55:59
2026-01-06 17:55:12+00:00,,612.0,ETH,3199.41,3199.33,17:55:12
2026-01-06 17:56:00+00:00,,660.0,ETH,3194.66,3194.46,17:56:00
2026-01-06 17:55:13+00:00,,613.0,ETH,3199.24,3199.1,17:55:13
2026-01-06 17:56:01+00:00,,661.0,ETH,3192.91,3192.8,17:56:01
2026-01-06 17:55:14+00:00,,614.0,ETH,3200.05,3199.68,17:55:14
2026-01-06 17:56:02+00:00,,662.0,ETH,3191.16,3191.14,17:56:02
2026-01-06 17:55:15+00:00,,615.0,ETH,3200.36,3200.34,17:55:15
2026-01-06 17:56:03+00:00,,663.0,ETH,3191.39,3191.38,17:56:03
2026-01-06 17:55:16+00:00,,616.0,ETH,3200.46,3200.4,17:55:16
2026-01-06 17:56:04+00:00,,664.0,ETH,3191.63,3191.62,17:56:04
2026-01-06 17:55:17+00:00,,617.0,ETH,3200.55,3200.42,17:55:17
2026-01-06 17:56:05+00:00,,665.0,ETH,3192.23,3192.11,17:56:05
2026-01-06 17:55:18+00:00,,618.0,ETH,3200.81,3200.67,17:55:18
2026-01-06 17:56:06+00:00,,666.0,ETH,3191.75,3191.58,17:56:06
2026-01-06 17:55:19+00:00,,619.0,ETH,3201.05,3200.9,17:55:19
2026-01-06 17:56:07+00:00,,667.0,ETH,3191.11,3190.94,17:56:07
2026-01-06 17:55:20+00:00,,620.0,ETH,3200.41,3200.28,17:55:20
2026-01-06 17:56:08+00:00,,668.0,ETH,3191.26,3191.19,17:56:08
2026-01-06 17:55:21+00:00,,621.0,ETH,3199.86,3199.55,17:55:21
2026-01-06 17:56:09+00:00,,669.0,ETH,3191.32,3191.18,17:56:09
2026-01-06 17:55:22+00:00,,622.0,ETH,3199.55,3199.11,17:55:22
2026-01-06 17:56:10+00:00,,670.0,ETH,3191.22,3191.18,17:56:10
2026-01-06 17:55:23+00:00,,623.0,ETH,3199.36,3199.15,17:55:23
2026-01-06 17:56:11+00:00,,671.0,ETH,3190.89,3190.8,17:56:11
2026-01-06 17:55:24+00:00,,624.0,ETH,3199.34,3199.24,17:55:24
2026-01-06 17:56:12+00:00,,672.0,ETH,3190.61,3190.59,17:56:12
2026-01-06 17:55:25+00:00,,625.0,ETH,3199.15,3199.01,17:55:25
2026-01-06 17:56:13+00:00,,673.0,ETH,3189.73,3189.69,17:56:13
2026-01-06 17:55:26+00:00,,626.0,ETH,3198.94,3198.77,17:55:26
2026-01-06 17:56:14+00:00,,674.0,ETH,3189.82,3189.76,17:56:14
2026-01-06 17:55:27+00:00,,627.0,ETH,3198.87,3198.69,17:55:27
2026-01-06 17:56:15+00:00,,675.0,ETH,3190.25,3189.98,17:56:15
2026-01-06 17:55:28+00:00,,628.0,ETH,3198.76,3198.53,17:55:28
2026-01-06 17:56:16+00:00,,676.0,ETH,3190.21,3190.02,17:56:16
2026-01-06 17:55:29+00:00,,629.0,ETH,3197.59,3197.37,17:55:29
2026-01-06 17:56:17+00:00,,677.0,ETH,3190.25,3190.1,17:56:17
2026-01-06 17:55:30+00:00,,630.0,ETH,3195.4,3195.15,17:55:30
2026-01-06 17:56:18+00:00,,678.0,ETH,3190.34,3190.15,17:56:18
2026-01-06 17:55:31+00:00,,631.0,ETH,3194.15,3193.97,17:55:31
2026-01-06 17:56:19+00:00,,679.0,ETH,3190.24,3190.2,17:56:19
2026-01-06 17:55:32+00:00,,632.0,ETH,3194.15,3194.09,17:55:32
2026-01-06 17:56:20+00:00,,680.0,ETH,3191.34,3191.24,17:56:20
2026-01-06 17:55:33+00:00,,633.0,ETH,3194.32,3194.27,17:55:33
2026-01-06 17:55:34+00:00,,634.0,ETH,3194.31,3194.28,17:55:34
2026-01-06 17:56:21+00:00,,681.0,ETH,3191.75,3191.67,17:56:21
2026-01-06 17:55:35+00:00,,635.0,ETH,3193.98,3193.89,17:55:35
2026-01-06 17:56:22+00:00,,682.0,ETH,3192.22,3192.17,17:56:22
2026-01-06 17:55:36+00:00,,636.0,ETH,3194.38,3194.34,17:55:36
2026-01-06 17:56:23+00:00,,683.0,ETH,3192.41,3192.26,17:56:23
2026-01-06 17:55:37+00:00,,637.0,ETH,3193.74,3193.45,17:55:37
2026-01-06 17:56:24+00:00,,684.0,ETH,3192.44,3192.28,17:56:24
2026-01-06 17:55:38+00:00,,638.0,ETH,3193.44,3193.2,17:55:38
2026-01-06 17:56:25+00:00,,685.0,ETH,3192.65,3192.54,17:56:25
2026-01-06 17:55:39+00:00,,639.0,ETH,3193.88,3193.61,17:55:39
2026-01-06 17:56:26+00:00,,686.0,ETH,3192.62,3192.49,17:56:26
2026-01-06 17:55:40+00:00,,640.0,ETH,3193.87,3193.43,17:55:40
2026-01-06 17:56:27+00:00,,687.0,ETH,3192.57,3192.47,17:56:27
2026-01-06 17:55:41+00:00,,641.0,ETH,3193.99,3193.92,17:55:41
2026-01-06 17:56:28+00:00,,688.0,ETH,3192.83,3192.76,17:56:28
2026-01-06 17:55:42+00:00,,642.0,ETH,3194.25,3194.05,17:55:42
2026-01-06 17:56:30+00:00,,690.0,ETH,3193.18,3193.18,17:56:30
2026-01-06 17:56:31+00:00,,691.0,ETH,3193.13,3193.11,17:56:31
2026-01-06 17:55:43+00:00,,643.0,ETH,3193.53,3193.27,17:55:43
2026-01-06 17:56:32+00:00,,692.0,ETH,3193.41,3193.28,17:56:31
2026-01-06 17:55:44+00:00,,644.0,ETH,3192.74,3192.62,17:55:44
2026-01-06 17:56:33+00:00,,693.0,ETH,3194.19,3194.04,17:56:33
2026-01-06 17:55:45+00:00,,645.0,ETH,3192.66,3192.5,17:55:45
2026-01-06 17:55:46+00:00,,646.0,ETH,3192.44,3192.35,17:55:46
2026-01-06 17:56:34+00:00,,694.0,ETH,3194.77,3194.66,17:56:34
2026-01-06 17:56:35+00:00,,695.0,ETH,3194.75,3194.44,17:56:35
2026-01-06 17:55:47+00:00,,647.0,ETH,3192.3,3192.26,17:55:47
2026-01-06 17:55:48+00:00,,648.0,ETH,3192.36,3192.32,17:55:48
2026-01-06 17:56:36+00:00,,696.0,ETH,3194.41,3194.38,17:56:36
2026-01-06 17:55:49+00:00,,649.0,ETH,3192.52,3192.48,17:55:49
2026-01-06 17:56:37+00:00,,697.0,ETH,3194.41,3194.28,17:56:37
2026-01-06 17:55:50+00:00,,650.0,ETH,3193.07,3192.92,17:55:50
2026-01-06 17:56:38+00:00,,698.0,ETH,3194.46,3194.43,17:56:38
2026-01-06 17:55:51+00:00,,651.0,ETH,3193.67,3193.4,17:55:51
2026-01-06 17:56:39+00:00,,699.0,ETH,3194.47,3194.44,17:56:39
2026-01-06 17:55:52+00:00,,652.0,ETH,3193.91,3193.65,17:55:52
2026-01-06 17:56:40+00:00,,700.0,ETH,3193.64,3193.58,17:56:40
2026-01-06 17:55:53+00:00,,653.0,ETH,3194.3,3194.09,17:55:53
2026-01-06 17:56:41+00:00,,701.0,ETH,3193.83,3193.73,17:56:41
2026-01-06 17:56:42+00:00,,702.0,ETH,3194.02,3193.88,17:56:42
2026-01-06 17:55:54+00:00,,654.0,ETH,3194.85,3194.72,17:55:54
2026-01-06 17:55:55+00:00,,655.0,ETH,3195.22,3195.16,17:55:55
2026-01-06 17:56:43+00:00,,703.0,ETH,3193.89,3193.79,17:56:43
2026-01-06 17:55:56+00:00,,656.0,ETH,3195.04,3195.01,17:55:56
2026-01-06 17:56:44+00:00,,704.0,ETH,3193.7,3193.63,17:56:44
2026-01-06 17:55:57+00:00,,657.0,ETH,3194.77,3194.72,17:55:57
2026-01-06 17:55:58+00:00,,658.0,ETH,3194.91,3194.7,17:55:58
2026-01-06 17:56:45+00:00,,705.0,ETH,3193.9,3193.81,17:56:45
2026-01-06 17:55:59+00:00,,659.0,ETH,3195.47,3195.3,17:55:59
2026-01-06 17:56:46+00:00,,706.0,ETH,3193.62,3193.59,17:56:46
2026-01-06 17:56:00+00:00,,660.0,ETH,3194.66,3194.46,17:56:00
2026-01-06 17:56:47+00:00,,707.0,ETH,3193.55,3193.43,17:56:47
2026-01-06 17:56:01+00:00,,661.0,ETH,3192.91,3192.8,17:56:01
2026-01-06 17:56:48+00:00,,708.0,ETH,3193.74,3193.61,17:56:48
2026-01-06 17:56:02+00:00,,662.0,ETH,3191.16,3191.14,17:56:02
2026-01-06 17:56:49+00:00,,709.0,ETH,3193.81,3193.76,17:56:49
2026-01-06 17:56:03+00:00,,663.0,ETH,3191.39,3191.38,17:56:03
2026-01-06 17:56:50+00:00,,710.0,ETH,3193.83,3193.68,17:56:50
2026-01-06 17:56:04+00:00,,664.0,ETH,3191.63,3191.62,17:56:04
2026-01-06 17:56:51+00:00,,711.0,ETH,3194.16,3194.0,17:56:51
2026-01-06 17:56:05+00:00,,665.0,ETH,3192.23,3192.11,17:56:05
2026-01-06 17:56:52+00:00,,712.0,ETH,3194.84,3194.73,17:56:52
2026-01-06 17:56:06+00:00,,666.0,ETH,3191.75,3191.58,17:56:06
2026-01-06 17:56:53+00:00,,713.0,ETH,3195.48,3195.41,17:56:53
2026-01-06 17:56:07+00:00,,667.0,ETH,3191.11,3190.94,17:56:07
2026-01-06 17:56:54+00:00,,714.0,ETH,3196.13,3196.07,17:56:54
2026-01-06 17:56:08+00:00,,668.0,ETH,3191.26,3191.19,17:56:08
2026-01-06 17:56:55+00:00,,715.0,ETH,3196.51,3196.44,17:56:55
2026-01-06 17:56:09+00:00,,669.0,ETH,3191.32,3191.18,17:56:09
2026-01-06 17:56:56+00:00,,716.0,ETH,3196.48,3196.4,17:56:56
2026-01-06 17:56:10+00:00,,670.0,ETH,3191.22,3191.18,17:56:10
2026-01-06 17:56:57+00:00,,717.0,ETH,3196.49,3196.35,17:56:57
2026-01-06 17:56:11+00:00,,671.0,ETH,3190.89,3190.8,17:56:11
2026-01-06 17:56:58+00:00,,718.0,ETH,3196.38,3196.22,17:56:58
2026-01-06 17:56:12+00:00,,672.0,ETH,3190.61,3190.59,17:56:12
2026-01-06 17:56:59+00:00,,719.0,ETH,3196.31,3196.23,17:56:59
2026-01-06 17:56:13+00:00,,673.0,ETH,3189.73,3189.69,17:56:13
2026-01-06 17:57:00+00:00,,720.0,ETH,3196.38,3196.25,17:57:00
2026-01-06 17:56:14+00:00,,674.0,ETH,3189.82,3189.76,17:56:14
2026-01-06 17:57:01+00:00,,721.0,ETH,3196.17,3196.04,17:57:01
2026-01-06 17:56:15+00:00,,675.0,ETH,3190.25,3189.98,17:56:15
2026-01-06 17:57:02+00:00,,722.0,ETH,3196.29,3196.22,17:57:02
2026-01-06 17:56:16+00:00,,676.0,ETH,3190.21,3190.02,17:56:16
2026-01-06 17:57:03+00:00,,723.0,ETH,3197.3,3197.16,17:57:03
2026-01-06 17:56:17+00:00,,677.0,ETH,3190.25,3190.1,17:56:17
2026-01-06 17:57:04+00:00,,724.0,ETH,3197.81,3197.53,17:57:04
2026-01-06 17:56:18+00:00,,678.0,ETH,3190.34,3190.15,17:56:18
2026-01-06 17:57:05+00:00,,725.0,ETH,3197.41,3197.18,17:57:05
2026-01-06 17:56:19+00:00,,679.0,ETH,3190.24,3190.2,17:56:19
2026-01-06 17:57:06+00:00,,726.0,ETH,3197.11,3197.02,17:57:06
2026-01-06 17:56:20+00:00,,680.0,ETH,3191.34,3191.24,17:56:20
2026-01-06 17:57:07+00:00,,727.0,ETH,3197.0,3196.93,17:57:07
2026-01-06 17:56:21+00:00,,681.0,ETH,3191.57,3191.45,17:56:21
2026-01-06 17:57:08+00:00,,728.0,ETH,3197.13,3197.04,17:57:08
2026-01-06 17:57:09+00:00,,729.0,ETH,3197.35,3197.18,17:57:09
2026-01-06 17:56:22+00:00,,682.0,ETH,3192.22,3192.17,17:56:22
2026-01-06 17:57:10+00:00,,730.0,ETH,3197.6,3197.46,17:57:10
2026-01-06 17:56:23+00:00,,683.0,ETH,3192.41,3192.26,17:56:23
2026-01-06 17:57:11+00:00,,731.0,ETH,3197.86,3197.75,17:57:11
2026-01-06 17:56:24+00:00,,684.0,ETH,3192.44,3192.28,17:56:24
2026-01-06 17:57:12+00:00,,732.0,ETH,3197.72,3197.5,17:57:12
2026-01-06 17:56:25+00:00,,685.0,ETH,3192.65,3192.54,17:56:25
2026-01-06 17:57:13+00:00,,733.0,ETH,3197.13,3196.93,17:57:13
2026-01-06 17:56:26+00:00,,686.0,ETH,3192.62,3192.49,17:56:26
2026-01-06 17:57:14+00:00,,734.0,ETH,3196.63,3196.46,17:57:14
2026-01-06 17:56:27+00:00,,687.0,ETH,3192.57,3192.47,17:56:27
2026-01-06 17:57:15+00:00,,735.0,ETH,3196.69,3196.54,17:57:15
2026-01-06 17:56:28+00:00,,688.0,ETH,3192.83,3192.76,17:56:28
2026-01-06 17:57:16+00:00,,736.0,ETH,3196.77,3196.71,17:57:16
2026-01-06 17:56:29+00:00,,689.0,ETH,3193.1,3193.09,17:56:29
2026-01-06 17:57:17+00:00,,737.0,ETH,3196.66,3196.61,17:57:17
2026-01-06 17:56:30+00:00,,690.0,ETH,3193.16,3193.15,17:56:30
2026-01-06 17:57:18+00:00,,738.0,ETH,3196.57,3196.47,17:57:18
2026-01-06 17:56:31+00:00,,691.0,ETH,3193.41,3193.28,17:56:31
2026-01-06 17:57:19+00:00,,739.0,ETH,3196.19,3195.93,17:57:19
2026-01-06 17:56:32+00:00,,692.0,ETH,3193.94,3193.74,17:56:32
2026-01-06 17:57:20+00:00,,740.0,ETH,3195.91,3195.65,17:57:20
2026-01-06 17:56:33+00:00,,693.0,ETH,3194.48,3194.35,17:56:33
2026-01-06 17:57:21+00:00,,741.0,ETH,3195.85,3195.76,17:57:21
2026-01-06 17:56:34+00:00,,694.0,ETH,3194.76,3194.55,17:56:34
2026-01-06 17:57:22+00:00,,742.0,ETH,3195.76,3195.72,17:57:22
2026-01-06 17:56:35+00:00,,695.0,ETH,3194.58,3194.41,17:56:35
2026-01-06 17:57:23+00:00,,743.0,ETH,3195.79,3195.71,17:57:23
2026-01-06 17:56:36+00:00,,696.0,ETH,3194.41,3194.33,17:56:36
2026-01-06 17:57:24+00:00,,744.0,ETH,3195.8,3195.59,17:57:24
2026-01-06 17:56:37+00:00,,697.0,ETH,3194.43,3194.36,17:56:37
2026-01-06 17:57:25+00:00,,745.0,ETH,3195.75,3195.43,17:57:25
2026-01-06 17:56:38+00:00,,698.0,ETH,3194.47,3194.44,17:56:38
2026-01-06 17:57:27+00:00,,747.0,ETH,3195.27,3195.22,17:57:27
2026-01-06 17:56:39+00:00,,699.0,ETH,3194.06,3194.01,17:56:39
2026-01-06 17:57:28+00:00,,748.0,ETH,3195.35,3195.26,17:57:27
2026-01-06 17:56:40+00:00,,700.0,ETH,3193.73,3193.65,17:56:40
2026-01-06 17:57:29+00:00,,749.0,ETH,3195.57,3195.43,17:57:29
2026-01-06 17:56:41+00:00,,701.0,ETH,3193.92,3193.8,17:56:41
2026-01-06 17:57:30+00:00,,750.0,ETH,3195.55,3195.43,17:57:30
2026-01-06 17:56:42+00:00,,702.0,ETH,3193.96,3193.83,17:56:42
2026-01-06 17:57:31+00:00,,751.0,ETH,3195.38,3195.25,17:57:31
2026-01-06 17:56:43+00:00,,703.0,ETH,3193.8,3193.71,17:56:43
2026-01-06 17:57:32+00:00,,752.0,ETH,3195.71,3195.7,17:57:32
2026-01-06 17:56:44+00:00,,704.0,ETH,3193.88,3193.77,17:56:44
2026-01-06 17:57:33+00:00,,753.0,ETH,3196.09,3196.0,17:57:33
2026-01-06 17:56:45+00:00,,705.0,ETH,3193.9,3193.81,17:56:45
2026-01-06 17:56:46+00:00,,706.0,ETH,3193.75,3193.7,17:56:46
2026-01-06 17:57:34+00:00,,754.0,ETH,3196.91,3196.88,17:57:34
2026-01-06 17:56:47+00:00,,707.0,ETH,3193.49,3193.48,17:56:47
2026-01-06 17:57:35+00:00,,755.0,ETH,3197.32,3197.29,17:57:35
2026-01-06 17:56:48+00:00,,708.0,ETH,3193.61,3193.37,17:56:48
2026-01-06 17:57:36+00:00,,756.0,ETH,3197.74,3197.6,17:57:36
2026-01-06 17:56:49+00:00,,709.0,ETH,3193.81,3193.76,17:56:49
2026-01-06 17:57:37+00:00,,757.0,ETH,3197.94,3197.71,17:57:37
2026-01-06 17:56:50+00:00,,710.0,ETH,3193.83,3193.68,17:56:50
2026-01-06 17:57:38+00:00,,758.0,ETH,3197.89,3197.79,17:57:38
2026-01-06 17:56:51+00:00,,711.0,ETH,3194.16,3194.0,17:56:51
2026-01-06 17:57:39+00:00,,759.0,ETH,3197.87,3197.81,17:57:39
2026-01-06 17:56:52+00:00,,712.0,ETH,3194.84,3194.73,17:56:52
2026-01-06 17:57:40+00:00,,760.0,ETH,3197.9,3197.81,17:57:40
2026-01-06 17:56:53+00:00,,713.0,ETH,3195.48,3195.41,17:56:53
2026-01-06 17:57:41+00:00,,761.0,ETH,3198.01,3197.88,17:57:41
2026-01-06 17:56:54+00:00,,714.0,ETH,3196.13,3196.07,17:56:54
2026-01-06 17:57:42+00:00,,762.0,ETH,3198.11,3197.92,17:57:42
2026-01-06 17:56:55+00:00,,715.0,ETH,3196.51,3196.44,17:56:55
2026-01-06 17:57:43+00:00,,763.0,ETH,3198.2,3198.07,17:57:43
2026-01-06 17:56:56+00:00,,716.0,ETH,3196.48,3196.4,17:56:56
2026-01-06 17:57:44+00:00,,764.0,ETH,3198.15,3198.09,17:57:44
2026-01-06 17:56:57+00:00,,717.0,ETH,3196.49,3196.35,17:56:57
2026-01-06 17:57:45+00:00,,765.0,ETH,3197.98,3197.88,17:57:45
2026-01-06 17:56:58+00:00,,718.0,ETH,3196.38,3196.22,17:56:58
2026-01-06 17:57:46+00:00,,766.0,ETH,3197.92,3197.75,17:57:46
2026-01-06 17:56:59+00:00,,719.0,ETH,3196.31,3196.23,17:56:59
2026-01-06 17:57:47+00:00,,767.0,ETH,3197.87,3197.71,17:57:47
2026-01-06 17:57:00+00:00,,720.0,ETH,3196.38,3196.25,17:57:00
2026-01-06 17:57:48+00:00,,768.0,ETH,3197.9,3197.82,17:57:48
2026-01-06 17:57:01+00:00,,721.0,ETH,3196.17,3196.04,17:57:01
2026-01-06 17:57:49+00:00,,769.0,ETH,3198.03,3197.92,17:57:49
2026-01-06 17:57:02+00:00,,722.0,ETH,3196.29,3196.22,17:57:02
2026-01-06 17:57:50+00:00,,770.0,ETH,3197.92,3197.72,17:57:50
2026-01-06 17:57:03+00:00,,723.0,ETH,3197.3,3197.16,17:57:03
2026-01-06 17:57:51+00:00,,771.0,ETH,3197.55,3197.42,17:57:51
2026-01-06 17:57:04+00:00,,724.0,ETH,3197.81,3197.53,17:57:04
2026-01-06 17:57:52+00:00,,772.0,ETH,3197.23,3197.08,17:57:52
2026-01-06 17:57:05+00:00,,725.0,ETH,3197.41,3197.18,17:57:05
2026-01-06 17:57:53+00:00,,773.0,ETH,3197.33,3197.11,17:57:53
2026-01-06 17:57:06+00:00,,726.0,ETH,3197.11,3197.02,17:57:06
2026-01-06 17:57:54+00:00,,774.0,ETH,3197.43,3196.97,17:57:54
2026-01-06 17:57:07+00:00,,727.0,ETH,3197.0,3196.93,17:57:07
2026-01-06 17:57:55+00:00,,775.0,ETH,3196.68,3196.23,17:57:55
2026-01-06 17:57:08+00:00,,728.0,ETH,3197.13,3197.04,17:57:08
2026-01-06 17:57:56+00:00,,776.0,ETH,3195.8,3195.6,17:57:56
2026-01-06 17:57:09+00:00,,729.0,ETH,3197.35,3197.18,17:57:09
2026-01-06 17:57:57+00:00,,777.0,ETH,3195.54,3195.35,17:57:57
2026-01-06 17:57:10+00:00,,730.0,ETH,3197.6,3197.46,17:57:10
2026-01-06 17:57:58+00:00,,778.0,ETH,3195.49,3195.35,17:57:58
2026-01-06 17:57:11+00:00,,731.0,ETH,3197.86,3197.75,17:57:11
2026-01-06 17:57:59+00:00,,779.0,ETH,3195.24,3195.14,17:57:59
2026-01-06 17:57:12+00:00,,732.0,ETH,3197.72,3197.5,17:57:12
2026-01-06 17:58:00+00:00,,780.0,ETH,3194.17,3193.94,17:58:00
2026-01-06 17:57:13+00:00,,733.0,ETH,3197.13,3196.93,17:57:13
2026-01-06 17:58:01+00:00,,781.0,ETH,3193.0,3192.71,17:58:01
2026-01-06 17:57:14+00:00,,734.0,ETH,3196.63,3196.46,17:57:14
2026-01-06 17:58:02+00:00,,782.0,ETH,3192.02,3191.85,17:58:02
2026-01-06 17:57:15+00:00,,735.0,ETH,3196.69,3196.54,17:57:15
2026-01-06 17:58:03+00:00,,783.0,ETH,3191.21,3191.17,17:58:03
2026-01-06 17:57:16+00:00,,736.0,ETH,3196.77,3196.71,17:57:16
2026-01-06 17:58:04+00:00,,784.0,ETH,3191.19,3191.18,17:58:04
2026-01-06 17:57:17+00:00,,737.0,ETH,3196.66,3196.61,17:57:17
2026-01-06 17:58:05+00:00,,785.0,ETH,3190.87,3190.73,17:58:05
2026-01-06 17:57:18+00:00,,738.0,ETH,3196.57,3196.47,17:57:18
2026-01-06 17:58:06+00:00,,786.0,ETH,3190.7,3190.49,17:58:06
2026-01-06 17:57:19+00:00,,739.0,ETH,3196.19,3195.93,17:57:19
2026-01-06 17:58:07+00:00,,787.0,ETH,3191.16,3191.14,17:58:07
2026-01-06 17:57:20+00:00,,740.0,ETH,3195.91,3195.65,17:57:20
2026-01-06 17:58:08+00:00,,788.0,ETH,3191.39,3191.25,17:58:08
2026-01-06 17:57:21+00:00,,741.0,ETH,3195.85,3195.76,17:57:21
2026-01-06 17:58:09+00:00,,789.0,ETH,3191.61,3191.53,17:58:09
2026-01-06 17:57:22+00:00,,742.0,ETH,3195.76,3195.72,17:57:22
2026-01-06 17:58:10+00:00,,790.0,ETH,3191.72,3191.55,17:58:10
2026-01-06 17:57:23+00:00,,743.0,ETH,3195.79,3195.71,17:57:23
2026-01-06 17:58:11+00:00,,791.0,ETH,3191.74,3191.72,17:58:11
2026-01-06 17:57:24+00:00,,744.0,ETH,3195.8,3195.59,17:57:24
2026-01-06 17:58:12+00:00,,792.0,ETH,3191.78,3191.77,17:58:12
2026-01-06 17:57:25+00:00,,745.0,ETH,3195.75,3195.43,17:57:25
2026-01-06 17:58:13+00:00,,793.0,ETH,3191.86,3191.84,17:58:13
2026-01-06 17:57:26+00:00,,746.0,ETH,3195.5,3195.33,17:57:26
2026-01-06 17:58:14+00:00,,794.0,ETH,3191.86,3191.84,17:58:14
2026-01-06 17:57:27+00:00,,747.0,ETH,3195.35,3195.26,17:57:27
2026-01-06 17:58:15+00:00,,795.0,ETH,3191.45,3191.38,17:58:15
2026-01-06 17:57:28+00:00,,748.0,ETH,3195.5,3195.37,17:57:28
2026-01-06 17:58:16+00:00,,796.0,ETH,3191.52,3191.38,17:58:16
2026-01-06 17:57:29+00:00,,749.0,ETH,3195.56,3195.43,17:57:29
2026-01-06 17:58:17+00:00,,797.0,ETH,3191.59,3191.38,17:58:17
2026-01-06 17:57:30+00:00,,750.0,ETH,3195.46,3195.34,17:57:30
2026-01-06 17:58:18+00:00,,798.0,ETH,3191.53,3191.38,17:58:18
2026-01-06 17:57:31+00:00,,751.0,ETH,3195.55,3195.47,17:57:31
2026-01-06 17:58:19+00:00,,799.0,ETH,3191.35,3191.26,17:58:19
2026-01-06 17:57:32+00:00,,752.0,ETH,3195.9,3195.85,17:57:32
2026-01-06 17:58:20+00:00,,800.0,ETH,3191.41,3191.32,17:58:20
2026-01-06 17:57:33+00:00,,753.0,ETH,3196.4,3196.35,17:57:33
2026-01-06 17:58:21+00:00,,801.0,ETH,3192.13,3192.0,17:58:21
2026-01-06 17:57:34+00:00,,754.0,ETH,3196.71,3196.7,17:57:34
2026-01-06 17:58:22+00:00,,802.0,ETH,3192.15,3192.14,17:58:22
2026-01-06 17:57:35+00:00,,755.0,ETH,3197.11,3197.07,17:57:35
2026-01-06 17:58:23+00:00,,803.0,ETH,3192.3,3192.2,17:58:23
2026-01-06 17:57:36+00:00,,756.0,ETH,3197.52,3197.5,17:57:36
2026-01-06 17:58:24+00:00,,804.0,ETH,3192.74,3192.7,17:58:24
2026-01-06 17:57:37+00:00,,757.0,ETH,3197.97,3197.7,17:57:37
2026-01-06 17:58:25+00:00,,805.0,ETH,3192.84,3192.69,17:58:25
2026-01-06 17:57:38+00:00,,758.0,ETH,3197.91,3197.72,17:57:38
2026-01-06 17:58:26+00:00,,806.0,ETH,3192.73,3192.57,17:58:26
2026-01-06 17:57:39+00:00,,759.0,ETH,3197.88,3197.86,17:57:39
2026-01-06 17:58:27+00:00,,807.0,ETH,3192.72,3192.57,17:58:27
2026-01-06 17:57:40+00:00,,760.0,ETH,3197.86,3197.76,17:57:40
2026-01-06 17:58:28+00:00,,808.0,ETH,3192.76,3192.62,17:58:28
2026-01-06 17:57:41+00:00,,761.0,ETH,3197.93,3197.87,17:57:41
2026-01-06 17:58:29+00:00,,809.0,ETH,3192.76,3192.68,17:58:29
2026-01-06 17:57:42+00:00,,762.0,ETH,3198.09,3197.89,17:57:42
2026-01-06 17:58:30+00:00,,810.0,ETH,3192.85,3192.67,17:58:30
2026-01-06 17:57:43+00:00,,763.0,ETH,3198.12,3197.96,17:57:43
2026-01-06 17:58:31+00:00,,811.0,ETH,3192.68,3192.34,17:58:31
2026-01-06 17:57:44+00:00,,764.0,ETH,3198.27,3198.18,17:57:44
2026-01-06 17:58:32+00:00,,812.0,ETH,3192.72,3192.58,17:58:32
2026-01-06 17:57:45+00:00,,765.0,ETH,3198.04,3197.99,17:57:45
2026-01-06 17:58:33+00:00,,813.0,ETH,3192.8,3192.53,17:58:33
2026-01-06 17:58:34+00:00,,814.0,ETH,3192.86,3192.82,17:58:34
2026-01-06 17:57:46+00:00,,766.0,ETH,3197.92,3197.76,17:57:46
2026-01-06 17:58:35+00:00,,815.0,ETH,3192.85,3192.73,17:58:35
2026-01-06 17:57:47+00:00,,767.0,ETH,3197.92,3197.74,17:57:47
2026-01-06 17:58:36+00:00,,816.0,ETH,3192.84,3192.5,17:58:36
2026-01-06 17:57:48+00:00,,768.0,ETH,3197.9,3197.82,17:57:48
2026-01-06 17:58:37+00:00,,817.0,ETH,3192.63,3192.32,17:58:37
2026-01-06 17:57:49+00:00,,769.0,ETH,3198.03,3197.92,17:57:49
2026-01-06 17:58:38+00:00,,818.0,ETH,3192.57,3192.31,17:58:38
2026-01-06 17:57:50+00:00,,770.0,ETH,3197.92,3197.72,17:57:50
2026-01-06 17:58:39+00:00,,819.0,ETH,3192.54,3192.31,17:58:39
2026-01-06 17:57:51+00:00,,771.0,ETH,3197.55,3197.42,17:57:51
2026-01-06 17:58:40+00:00,,820.0,ETH,3192.53,3192.38,17:58:40
2026-01-06 17:57:52+00:00,,772.0,ETH,3197.23,3197.08,17:57:52
2026-01-06 17:58:41+00:00,,821.0,ETH,3192.62,3192.38,17:58:41
2026-01-06 17:57:53+00:00,,773.0,ETH,3197.33,3197.11,17:57:53
2026-01-06 17:58:42+00:00,,822.0,ETH,3192.68,3192.39,17:58:42
2026-01-06 17:57:54+00:00,,774.0,ETH,3197.43,3196.97,17:57:54
2026-01-06 17:58:43+00:00,,823.0,ETH,3192.71,3192.68,17:58:43
2026-01-06 17:57:55+00:00,,775.0,ETH,3196.68,3196.23,17:57:55
2026-01-06 17:58:44+00:00,,824.0,ETH,3192.79,3192.71,17:58:44
2026-01-06 17:57:56+00:00,,776.0,ETH,3195.8,3195.6,17:57:56
2026-01-06 17:58:45+00:00,,825.0,ETH,3192.71,3192.48,17:58:45
2026-01-06 17:57:57+00:00,,777.0,ETH,3195.54,3195.35,17:57:57
2026-01-06 17:58:46+00:00,,826.0,ETH,3192.65,3192.48,17:58:46
2026-01-06 17:57:58+00:00,,778.0,ETH,3195.37,3195.25,17:57:58
2026-01-06 17:57:59+00:00,,779.0,ETH,3195.24,3195.14,17:57:59
2026-01-06 17:58:47+00:00,,827.0,ETH,3193.25,3193.13,17:58:47
2026-01-06 17:58:00+00:00,,780.0,ETH,3194.17,3193.94,17:58:00
2026-01-06 17:58:48+00:00,,828.0,ETH,3194.0,3193.89,17:58:48
2026-01-06 17:58:01+00:00,,781.0,ETH,3193.0,3192.71,17:58:01
2026-01-06 17:58:49+00:00,,829.0,ETH,3194.42,3194.35,17:58:49
2026-01-06 17:58:02+00:00,,782.0,ETH,3192.02,3191.85,17:58:02
2026-01-06 17:58:50+00:00,,830.0,ETH,3194.3,3194.09,17:58:50
2026-01-06 17:58:03+00:00,,783.0,ETH,3191.21,3191.17,17:58:03
2026-01-06 17:58:51+00:00,,831.0,ETH,3194.13,3193.9,17:58:51
2026-01-06 17:58:04+00:00,,784.0,ETH,3191.19,3191.18,17:58:04
2026-01-06 17:58:52+00:00,,832.0,ETH,3194.16,3194.04,17:58:52
2026-01-06 17:58:05+00:00,,785.0,ETH,3190.87,3190.73,17:58:05
2026-01-06 17:58:53+00:00,,833.0,ETH,3194.47,3194.38,17:58:53
2026-01-06 17:58:06+00:00,,786.0,ETH,3190.7,3190.49,17:58:06
2026-01-06 17:58:54+00:00,,834.0,ETH,3194.73,3194.66,17:58:54
2026-01-06 17:58:07+00:00,,787.0,ETH,3191.16,3191.14,17:58:07
2026-01-06 17:58:55+00:00,,835.0,ETH,3194.84,3194.7,17:58:55
2026-01-06 17:58:08+00:00,,788.0,ETH,3191.39,3191.25,17:58:08
2026-01-06 17:58:56+00:00,,836.0,ETH,3194.95,3194.74,17:58:56
2026-01-06 17:58:09+00:00,,789.0,ETH,3191.61,3191.53,17:58:09
2026-01-06 17:58:57+00:00,,837.0,ETH,3194.99,3194.81,17:58:57
