timestamp,collected_at,seconds,up_mid,up_best_bid,up_best_ask,down_mid,down_best_bid,down_best_ask,up_best_bid_size,up_best_ask_size,down_best_bid_size,down_best_ask_size,up_bid_2,up_bid_2_size,up_ask_2,up_ask_2_size,down_bid_2,down_bid_2_size,down_ask_2,down_ask_2_size
2026-01-06 17:45:00.376000+00:00,2026-01-06 17:45:00.876416+00:00,0.376,0.555,0.55,0.56,0.445,0.44,0.45,59.44,100.0,100.0,59.44,0.54,191.0,0.57,85.0,0.43,85.0,0.46,191.0
2026-01-06 17:45:00.837000+00:00,2026-01-06 17:45:01.390942+00:00,0.837,0.555,0.55,0.56,0.445,0.44,0.45,9.44,100.0,100.0,9.44,0.54,211.0,0.57,85.0,0.43,85.0,0.46,273.0
2026-01-06 17:45:01.361000+00:00,2026-01-06 17:45:01.878405+00:00,1.361,0.555,0.55,0.56,0.445,0.44,0.45,9.44,106.19,126.19,9.44,0.54,298.0,0.57,95.0,0.43,95.0,0.46,298.0
2026-01-06 17:45:01.896000+00:00,2026-01-06 17:45:02.395314+00:00,1.896,0.555,0.55,0.56,0.445,0.44,0.45,7.21,258.19,319.19,7.21,0.54,298.0,0.57,212.0,0.43,273.0,0.46,435.0
2026-01-06 17:45:02.414000+00:00,2026-01-06 17:45:02.888295+00:00,2.414,0.545,0.54,0.55,0.455,0.45,0.46,290.21,127.0,188.0,229.21,0.53,397.49,0.56,289.19,0.44,289.19,0.47,417.49
2026-01-06 17:45:02.890000+00:00,2026-01-06 17:45:03.401203+00:00,2.89,0.54,0.53,0.55,0.45999999999999996,0.45,0.47,293.12,188.0,213.0,235.16,0.52,354.0,0.56,289.19,0.44,289.19,0.48,354.0
2026-01-06 17:45:03.403000+00:00,2026-01-06 17:45:03.890394+00:00,3.403,0.48,0.46,0.5,0.52,0.5,0.54,272.0,122.0,314.0,14.72,0.45,218.0,0.55,168.0,0.49,61.0,0.55,218.0
2026-01-06 17:45:03.902000+00:00,2026-01-06 17:45:04.399352+00:00,3.902,0.475,0.47,0.48,0.525,0.52,0.53,117.0,20.0,20.0,193.0,0.46,14.72,0.5,375.0,0.5,253.0,0.54,14.72
2026-01-06 17:45:04.432000+00:00,2026-01-06 17:45:04.900505+00:00,4.432,0.475,0.47,0.48,0.525,0.52,0.53,183.0,83.75,118.75,183.0,0.46,135.72,0.49,121.0,0.51,131.0,0.54,150.72
2026-01-06 17:45:04.911000+00:00,2026-01-06 17:45:05.400205+00:00,4.911,0.485,0.48,0.49,0.515,0.51,0.52,33.87,237.0,176.0,93.65,0.47,193.0,0.5,395.0,0.5,495.0,0.53,193.0
2026-01-06 17:45:05.438000+00:00,2026-01-06 17:45:05.912485+00:00,5.438,0.475,0.47,0.48,0.53,0.52,0.54,73.28,297.0,297.0,41.08,0.46,69.72,0.49,484.0,0.51,484.0,0.55,389.0
2026-01-06 17:45:05.933000+00:00,2026-01-06 17:45:06.418771+00:00,5.933,0.475,0.47,0.48,0.525,0.52,0.53,46.0,116.0,106.0,23.01,0.46,35.0,0.49,374.0,0.51,374.0,0.54,35.0
2026-01-06 17:45:06.429000+00:00,2026-01-06 17:45:06.922288+00:00,6.429,0.46499999999999997,0.46,0.47,0.535,0.53,0.54,50.0,55.0,55.0,50.0,0.45,205.87,0.48,116.0,0.52,116.0,0.55,205.87
2026-01-06 17:45:06.946000+00:00,2026-01-06 17:45:07.428920+00:00,6.946,0.46499999999999997,0.46,0.47,0.535,0.53,0.54,30.0,68.0,60.0,50.0,0.45,225.87,0.48,91.0,0.52,116.0,0.55,210.87
2026-01-06 17:45:07.445000+00:00,2026-01-06 17:45:07.928427+00:00,7.445,0.455,0.45,0.46,0.545,0.54,0.55,245.87,20.0,45.0,240.87,0.44,248.0,0.47,50.0,0.53,181.0,0.56,213.0
2026-01-06 17:45:07.942000+00:00,2026-01-06 17:45:08.445714+00:00,7.942,0.455,0.45,0.46,0.545,0.54,0.55,87.87,5.0,20.0,62.87,0.44,263.0,0.47,201.0,0.53,201.0,0.56,248.0
2026-01-06 17:45:08.389000+00:00,2026-01-06 17:45:08.920647+00:00,8.389,0.455,0.45,0.46,0.545,0.54,0.55,57.87,50.0,55.0,67.87,0.44,253.0,0.47,176.0,0.53,176.0,0.56,253.0
2026-01-06 17:45:08.974000+00:00,2026-01-06 17:45:09.472834+00:00,8.974,0.455,0.45,0.46,0.545,0.54,0.55,45.0,60.0,155.65,10.0,0.44,238.0,0.47,237.0,0.53,247.0,0.56,273.0
2026-01-06 17:45:09.440000+00:00,2026-01-06 17:45:09.932295+00:00,9.44,0.455,0.45,0.46,0.555,0.55,0.56,10.0,226.0,15.0,50.0,0.44,50.0,0.47,369.0,0.54,226.0,0.57,333.0
2026-01-06 17:45:09.901000+00:00,2026-01-06 17:45:10.464390+00:00,9.901,0.445,0.44,0.45,0.545,0.54,0.55,50.0,15.0,226.0,36.0,0.43,155.0,0.46,251.0,0.53,430.0,0.56,145.0
2026-01-06 17:45:10.469000+00:00,2026-01-06 17:45:10.950106+00:00,10.469,0.455,0.45,0.46,0.545,0.54,0.55,29.23,206.0,161.0,79.23,0.44,168.0,0.47,500.0,0.53,500.0,0.56,158.0
2026-01-06 17:45:10.986000+00:00,2026-01-06 17:45:11.476860+00:00,10.986,0.455,0.45,0.46,0.545,0.54,0.55,473.0,0.49,0.49,544.0,0.44,434.0,0.47,71.0,0.53,71.0,0.56,434.0
2026-01-06 17:45:11.474000+00:00,2026-01-06 17:45:11.959848+00:00,11.474,0.475,0.47,0.48,0.525,0.52,0.53,251.0,35.0,35.0,266.0,0.46,162.0,0.49,45.0,0.51,45.0,0.54,223.0
2026-01-06 17:45:11.977000+00:00,2026-01-06 17:45:12.477901+00:00,11.977,0.475,0.47,0.48,0.525,0.52,0.53,357.94,15.0,15.0,307.94,0.46,223.0,0.49,45.0,0.51,30.0,0.54,238.0
2026-01-06 17:45:12.458000+00:00,2026-01-06 17:45:12.966238+00:00,12.458,0.475,0.47,0.48,0.525,0.52,0.53,253.94,50.0,50.0,324.94,0.46,312.0,0.49,30.0,0.51,30.0,0.54,312.0
2026-01-06 17:45:12.851000+00:00,2026-01-06 17:45:13.494397+00:00,12.851,0.475,0.47,0.48,0.525,0.52,0.53,324.94,38.0,38.0,324.94,0.46,312.0,0.49,30.0,0.51,30.0,0.54,312.0
2026-01-06 17:45:13.468000+00:00,2026-01-06 17:45:13.973824+00:00,13.468,0.475,0.47,0.48,0.525,0.52,0.53,182.0,38.0,3.0,237.0,0.46,312.0,0.49,48.0,0.51,63.0,0.54,277.0
2026-01-06 17:45:14.493000+00:00,2026-01-06 17:45:14.982549+00:00,14.493,0.475,0.47,0.48,0.525,0.52,0.53,294.96,73.0,63.0,360.0,0.46,258.0,0.49,415.0,0.51,239.0,0.54,258.0
2026-01-06 17:45:14.971000+00:00,2026-01-06 17:45:15.506807+00:00,14.971,0.475,0.47,0.48,0.525,0.52,0.53,469.0,30.0,50.0,469.0,0.46,419.0,0.49,111.0,0.51,50.0,0.54,419.0
2026-01-06 17:45:15.520000+00:00,2026-01-06 17:45:15.983611+00:00,15.52,0.475,0.47,0.48,0.525,0.52,0.53,379.0,35.0,30.0,369.0,0.46,429.0,0.49,45.0,0.51,45.0,0.54,429.0
2026-01-06 17:45:16.022000+00:00,2026-01-06 17:45:16.510843+00:00,16.022,0.485,0.48,0.49,0.515,0.51,0.52,110.0,45.0,115.0,168.0,0.47,354.0,0.5,176.0,0.5,161.0,0.53,307.0
2026-01-06 17:45:16.500000+00:00,2026-01-06 17:45:16.988534+00:00,16.5,0.485,0.48,0.49,0.52,0.51,0.53,132.0,399.0,455.0,71.0,0.47,71.0,0.5,409.0,0.5,470.0,0.54,85.0
2026-01-06 17:45:17.025000+00:00,2026-01-06 17:45:17.510417+00:00,17.025,0.46499999999999997,0.46,0.47,0.54,0.53,0.55,35.0,30.0,71.0,241.07,0.45,325.07,0.48,53.0,0.52,413.0,0.56,213.0
2026-01-06 17:45:17.529000+00:00,2026-01-06 17:45:18.010132+00:00,17.529,0.455,0.45,0.46,0.545,0.54,0.55,73.07,5.0,5.0,73.07,0.44,70.0,0.47,179.92,0.53,90.92,0.56,50.0
2026-01-06 17:45:18.417000+00:00,2026-01-06 17:45:19.026653+00:00,18.417,0.45999999999999996,0.45,0.47,0.54,0.53,0.55,176.88,90.92,115.92,176.88,0.44,256.0,0.48,542.0,0.52,539.0,0.56,241.0
2026-01-06 17:45:18.891000+00:00,2026-01-06 17:45:19.524571+00:00,18.891,0.45999999999999996,0.45,0.47,0.54,0.53,0.55,171.88,75.66,75.66,171.88,0.44,312.0,0.48,539.0,0.52,539.0,0.56,312.0
2026-01-06 17:45:19.518000+00:00,2026-01-06 17:45:20.031927+00:00,19.518,0.45999999999999996,0.45,0.47,0.54,0.53,0.55,110.88,110.66,110.66,110.88,0.44,312.0,0.48,614.0,0.52,614.0,0.56,327.0
2026-01-06 17:45:20.004000+00:00,2026-01-06 17:45:20.536034+00:00,20.004,0.45999999999999996,0.45,0.47,0.54,0.53,0.55,110.88,102.66,94.14,110.88,0.44,327.0,0.48,493.0,0.52,493.0,0.56,327.0
2026-01-06 17:45:20.481000+00:00,2026-01-06 17:45:21.033579+00:00,20.481,0.45999999999999996,0.45,0.47,0.55,0.54,0.56,110.88,94.14,157.0,439.0,0.44,382.0,0.48,493.0,0.53,198.22,0.57,514.0
2026-01-06 17:45:21.064000+00:00,2026-01-06 17:45:21.543020+00:00,21.064,0.455,0.45,0.46,0.545,0.54,0.55,58.07,89.0,104.0,43.07,0.44,172.0,0.47,365.14,0.53,365.14,0.56,172.0
2026-01-06 17:45:21.550000+00:00,2026-01-06 17:45:22.039771+00:00,21.55,0.455,0.45,0.46,0.545,0.54,0.55,73.07,93.13,93.13,73.07,0.44,177.0,0.47,581.14,0.53,581.14,0.56,177.0
2026-01-06 17:45:22.030000+00:00,2026-01-06 17:45:22.552719+00:00,22.03,0.455,0.45,0.46,0.545,0.54,0.55,15.0,123.13,98.13,63.07,0.44,156.0,0.47,574.22,0.53,599.14,0.56,101.0
2026-01-06 17:45:22.542000+00:00,2026-01-06 17:45:23.058809+00:00,22.542,0.45,0.44,0.46,0.55,0.54,0.56,151.0,123.13,164.13,151.0,0.43,429.0,0.47,275.22,0.53,288.22,0.57,429.0
2026-01-06 17:45:23.043000+00:00,2026-01-06 17:45:23.565254+00:00,23.043,0.455,0.45,0.46,0.545,0.54,0.55,58.07,116.13,83.13,73.07,0.44,101.0,0.47,313.14,0.53,277.14,0.56,83.0
2026-01-06 17:45:23.579000+00:00,2026-01-06 17:45:24.064966+00:00,23.579,0.455,0.45,0.46,0.545,0.54,0.55,91.07,109.63,113.63,139.07,0.44,274.0,0.47,263.14,0.53,132.0,0.56,353.0
2026-01-06 17:45:24.096000+00:00,2026-01-06 17:45:24.576545+00:00,24.096,0.455,0.45,0.46,0.525,0.51,0.54,612.07,16.13,36.92,30.0,0.44,500.0,0.47,66.0,0.5,30.0,0.55,638.07
2026-01-06 17:45:24.597000+00:00,2026-01-06 17:45:25.070910+00:00,24.597,0.495,0.49,0.5,0.505,0.5,0.51,70.08,45.0,45.0,60.08,0.48,339.0,0.51,441.0,0.49,441.0,0.52,339.0
2026-01-06 17:45:25.087000+00:00,2026-01-06 17:45:25.590666+00:00,25.087,0.495,0.49,0.5,0.505,0.5,0.51,121.08,45.0,55.0,31.08,0.48,339.0,0.51,446.0,0.49,441.0,0.52,339.0
2026-01-06 17:45:25.559000+00:00,2026-01-06 17:45:26.076143+00:00,25.559,0.485,0.48,0.49,0.515,0.51,0.52,339.0,30.0,194.89,304.0,0.47,430.0,0.5,145.0,0.5,391.0,0.53,304.0
2026-01-06 17:45:26.103000+00:00,2026-01-06 17:45:26.596229+00:00,26.103,0.45999999999999996,0.45,0.47,0.545,0.54,0.55,86.0,35.0,30.0,86.0,0.44,368.99,0.48,65.0,0.53,131.0,0.56,185.99
2026-01-06 17:45:26.618000+00:00,2026-01-06 17:45:27.099976+00:00,26.618,0.455,0.45,0.46,0.545,0.54,0.55,86.0,325.0,450.0,86.0,0.44,185.99,0.47,474.0,0.53,349.0,0.56,71.0
2026-01-06 17:45:27.001000+00:00,2026-01-06 17:45:27.598011+00:00,27.001,0.455,0.45,0.46,0.56,0.55,0.57,15.0,514.0,18.38,164.99,0.44,65.0,0.47,359.0,0.54,496.0,0.58,201.0
2026-01-06 17:45:27.620000+00:00,2026-01-06 17:45:28.114877+00:00,27.62,0.435,0.43,0.44,0.575,0.57,0.58,85.0,402.86,21.7,115.0,0.42,115.0,0.45,162.0,0.56,463.86,0.59,25.0
2026-01-06 17:45:28.119000+00:00,2026-01-06 17:45:28.604687+00:00,28.119,0.435,0.43,0.44,0.565,0.56,0.57,125.0,311.26,300.86,318.0,0.42,288.0,0.45,447.0,0.55,375.0,0.58,237.0
2026-01-06 17:45:28.645000+00:00,2026-01-06 17:45:29.137023+00:00,28.645,0.445,0.44,0.45,0.555,0.55,0.56,156.0,71.0,71.0,194.0,0.43,431.97,0.46,96.0,0.54,66.0,0.57,346.97
2026-01-06 17:45:29.098000+00:00,2026-01-06 17:45:29.616233+00:00,29.098,0.445,0.44,0.45,0.555,0.55,0.56,235.0,71.0,23.17,296.0,0.43,316.97,0.47,170.0,0.53,175.0,0.57,316.97
2026-01-06 17:45:29.648000+00:00,2026-01-06 17:45:30.143277+00:00,29.648,0.445,0.44,0.45,0.565,0.56,0.57,183.0,355.0,31.93,71.0,0.43,318.99,0.46,378.0,0.55,394.0,0.58,308.0
2026-01-06 17:45:30.133000+00:00,2026-01-06 17:45:30.614342+00:00,30.133,0.435,0.43,0.44,0.565,0.56,0.57,103.99,248.95,248.95,103.99,0.42,161.0,0.45,521.0,0.55,536.0,0.58,161.0
2026-01-06 17:45:30.598000+00:00,2026-01-06 17:45:31.148211+00:00,30.598,0.435,0.43,0.44,0.565,0.56,0.57,300.99,171.95,50.95,300.99,0.42,294.0,0.45,156.0,0.55,20.0,0.58,355.0
2026-01-06 17:45:31.138000+00:00,2026-01-06 17:45:31.623389+00:00,31.138,0.435,0.43,0.44,0.565,0.56,0.57,504.99,45.95,45.95,504.99,0.42,440.0,0.45,15.0,0.54,25.5,0.58,440.0
2026-01-06 17:45:31.679000+00:00,2026-01-06 17:45:32.167728+00:00,31.679,0.445,0.44,0.45,0.555,0.55,0.56,423.0,5.0,5.0,423.0,0.43,441.0,0.46,40.5,0.54,40.5,0.57,441.0
2026-01-06 17:45:32.144000+00:00,2026-01-06 17:45:32.625735+00:00,32.144,0.45,0.44,0.46,0.55,0.54,0.56,405.0,45.5,86.54,369.0,0.43,380.0,0.47,386.0,0.53,632.0,0.57,365.0
2026-01-06 17:45:32.695000+00:00,2026-01-06 17:45:33.196666+00:00,32.695,0.445,0.44,0.45,0.555,0.55,0.56,65.44,122.0,38.0,80.44,0.43,205.99,0.46,374.0,0.54,394.8,0.57,156.0
2026-01-06 17:45:33.111000+00:00,2026-01-06 17:45:33.632106+00:00,33.111,0.445,0.44,0.45,0.555,0.55,0.56,15.0,20.0,23.0,50.0,0.43,208.99,0.46,490.25,0.54,490.25,0.57,188.99
2026-01-06 17:45:33.707000+00:00,2026-01-06 17:45:34.203516+00:00,33.707,0.445,0.44,0.45,0.545,0.54,0.55,65.0,20.77,312.45,62.0,0.43,173.99,0.46,530.25,0.53,678.1,0.56,160.0
2026-01-06 17:45:34.163000+00:00,2026-01-06 17:45:34.644012+00:00,34.163,0.455,0.45,0.46,0.545,0.54,0.55,70.0,8.45,13.45,51.69,0.44,160.0,0.47,256.0,0.53,256.0,0.56,155.0
2026-01-06 17:45:34.624000+00:00,2026-01-06 17:45:35.216692+00:00,34.624,0.455,0.45,0.46,0.545,0.54,0.55,66.69,18.45,33.45,20.0,0.44,155.0,0.47,256.0,0.53,256.0,0.56,215.0
2026-01-06 17:45:35.143000+00:00,2026-01-06 17:45:35.648040+00:00,35.143,0.455,0.45,0.46,0.545,0.54,0.55,10.0,58.45,51.05,25.0,0.44,215.0,0.47,241.0,0.53,295.0,0.56,215.0
2026-01-06 17:45:35.763000+00:00,2026-01-06 17:45:36.231401+00:00,35.763,0.455,0.45,0.46,0.545,0.54,0.55,10.0,59.52,59.52,10.0,0.44,215.0,0.47,417.0,0.53,417.0,0.56,215.0
2026-01-06 17:45:36.139000+00:00,2026-01-06 17:45:36.649048+00:00,36.139,0.455,0.45,0.46,0.545,0.54,0.55,81.0,51.92,69.92,96.0,0.44,220.0,0.47,413.7,0.53,413.7,0.56,130.0
2026-01-06 17:45:36.674000+00:00,2026-01-06 17:45:37.222390+00:00,36.674,0.455,0.45,0.46,0.545,0.54,0.55,86.0,64.92,83.57,76.9,0.44,200.0,0.47,253.7,0.53,388.7,0.56,200.0
2026-01-06 17:45:37.175000+00:00,2026-01-06 17:45:37.667807+00:00,37.175,0.455,0.45,0.46,0.545,0.54,0.55,71.9,83.57,83.57,71.9,0.44,200.0,0.47,388.3,0.53,449.3,0.56,200.0
2026-01-06 17:45:37.663000+00:00,2026-01-06 17:45:38.213770+00:00,37.663,0.455,0.45,0.46,0.545,0.54,0.55,62.81,80.76,76.41,62.81,0.44,200.0,0.47,590.3,0.53,590.3,0.56,200.0
2026-01-06 17:45:38.188000+00:00,2026-01-06 17:45:38.673672+00:00,38.188,0.455,0.45,0.46,0.545,0.54,0.55,44.81,157.41,152.41,44.81,0.44,90.0,0.47,665.3,0.53,665.3,0.56,75.0
2026-01-06 17:45:38.736000+00:00,2026-01-06 17:45:39.227864+00:00,38.736,0.455,0.45,0.46,0.545,0.54,0.55,20.0,258.65,81.0,20.0,0.44,255.0,0.47,620.3,0.53,316.3,0.56,255.0
2026-01-06 17:45:39.123000+00:00,2026-01-06 17:45:39.682005+00:00,39.123,0.455,0.45,0.46,0.54,0.53,0.55,64.72,66.0,504.3,62.35,0.44,290.0,0.47,438.3,0.52,606.0,0.56,290.0
2026-01-06 17:45:39.691000+00:00,2026-01-06 17:45:40.227834+00:00,39.691,0.455,0.45,0.46,0.545,0.54,0.55,27.35,20.0,5.0,47.35,0.44,310.0,0.47,499.3,0.53,499.3,0.56,290.0
2026-01-06 17:45:40.170000+00:00,2026-01-06 17:45:40.681935+00:00,40.17,0.455,0.45,0.46,0.545,0.54,0.55,10.04,30.15,30.15,10.04,0.44,325.0,0.47,319.3,0.53,319.3,0.56,325.0
2026-01-06 17:45:40.768000+00:00,2026-01-06 17:45:41.231217+00:00,40.768,0.455,0.45,0.46,0.535,0.53,0.54,413.0,5.0,198.0,65.0,0.44,459.0,0.47,213.0,0.52,354.0,0.55,540.0
2026-01-06 17:45:41.212000+00:00,2026-01-06 17:45:41.703325+00:00,41.212,0.46499999999999997,0.46,0.47,0.535,0.53,0.54,131.0,188.0,103.74,288.0,0.45,612.0,0.48,50.0,0.52,50.0,0.55,497.0
2026-01-06 17:45:41.760000+00:00,2026-01-06 17:45:42.248493+00:00,41.76,0.46499999999999997,0.46,0.47,0.535,0.53,0.54,223.0,61.0,81.2,288.0,0.45,553.0,0.48,75.0,0.52,180.0,0.55,420.0
2026-01-06 17:45:42.233000+00:00,2026-01-06 17:45:42.719408+00:00,42.233,0.46499999999999997,0.46,0.47,0.535,0.53,0.54,616.0,510.0,510.0,555.0,0.45,455.0,0.48,5.0,0.52,5.0,0.55,450.0
2026-01-06 17:45:42.762000+00:00,2026-01-06 17:45:43.247238+00:00,42.762,0.475,0.47,0.48,0.51,0.5,0.52,307.0,5.0,80.0,219.68,0.46,563.0,0.5,80.0,0.49,125.0,0.53,352.0
2026-01-06 17:45:43.246000+00:00,2026-01-06 17:45:43.732147+00:00,43.246,0.49,0.48,0.5,0.51,0.5,0.52,561.68,80.0,80.0,541.68,0.47,359.0,0.51,130.0,0.49,130.0,0.53,359.0
2026-01-06 17:45:43.722000+00:00,2026-01-06 17:45:44.267632+00:00,43.722,0.49,0.48,0.5,0.51,0.5,0.52,556.68,80.0,80.0,556.68,0.47,362.0,0.51,130.0,0.49,125.0,0.53,362.0
2026-01-06 17:45:44.251000+00:00,2026-01-06 17:45:44.727041+00:00,44.251,0.485,0.48,0.49,0.515,0.51,0.52,500.0,45.0,45.0,410.0,0.47,382.0,0.5,70.0,0.5,70.0,0.53,384.0
2026-01-06 17:45:44.794000+00:00,2026-01-06 17:45:45.279138+00:00,44.794,0.485,0.48,0.49,0.515,0.51,0.52,223.0,85.0,85.0,206.84,0.47,443.0,0.5,117.0,0.5,117.0,0.53,428.0
2026-01-06 17:45:45.198000+00:00,2026-01-06 17:45:45.729207+00:00,45.198,0.485,0.48,0.49,0.515,0.51,0.52,184.69,85.0,90.0,179.69,0.47,423.0,0.5,117.0,0.5,160.0,0.53,369.0
2026-01-06 17:45:45.801000+00:00,2026-01-06 17:45:46.276852+00:00,45.801,0.485,0.48,0.49,0.515,0.51,0.52,179.69,85.0,90.0,179.69,0.47,374.0,0.5,250.0,0.5,145.0,0.53,374.0
2026-01-06 17:45:46.229000+00:00,2026-01-06 17:45:46.723493+00:00,46.229,0.485,0.48,0.49,0.515,0.51,0.52,108.69,90.0,85.0,108.69,0.47,374.0,0.5,145.0,0.5,145.0,0.53,374.0
2026-01-06 17:45:46.638000+00:00,2026-01-06 17:45:47.290460+00:00,46.638,0.485,0.48,0.49,0.515,0.51,0.52,108.69,526.0,541.0,108.69,0.47,452.0,0.5,145.0,0.5,130.0,0.53,452.0
2026-01-06 17:45:47.248000+00:00,2026-01-06 17:45:47.735550+00:00,47.248,0.485,0.48,0.49,0.515,0.51,0.52,312.68,484.0,484.0,396.68,0.47,478.0,0.5,60.0,0.5,60.0,0.53,475.0
2026-01-06 17:45:47.745000+00:00,2026-01-06 17:45:48.295492+00:00,47.745,0.485,0.48,0.49,0.515,0.51,0.52,425.68,484.0,480.91,425.68,0.47,424.0,0.5,60.0,0.5,60.0,0.53,424.0
2026-01-06 17:45:48.268000+00:00,2026-01-06 17:45:48.758841+00:00,48.268,0.485,0.48,0.49,0.515,0.51,0.52,407.68,480.91,480.91,302.68,0.47,459.0,0.5,60.0,0.5,55.0,0.53,549.0
2026-01-06 17:45:48.776000+00:00,2026-01-06 17:45:49.308295+00:00,48.776,0.505,0.5,0.51,0.495,0.49,0.5,62.0,449.0,486.0,81.0,0.49,178.0,0.52,104.25,0.48,89.25,0.51,149.0
2026-01-06 17:45:49.294000+00:00,2026-01-06 17:45:49.778089+00:00,49.294,0.505,0.5,0.51,0.495,0.49,0.5,407.0,2.8,2.8,387.0,0.49,463.0,0.52,122.25,0.48,91.25,0.51,499.0
2026-01-06 17:45:49.767000+00:00,2026-01-06 17:45:50.310319+00:00,49.767,0.515,0.51,0.52,0.485,0.48,0.49,55.54,55.0,55.0,55.54,0.5,427.0,0.53,181.0,0.47,156.0,0.5,123.0
2026-01-06 17:45:50.315000+00:00,2026-01-06 17:45:50.792617+00:00,50.315,0.515,0.51,0.52,0.485,0.48,0.49,55.54,37.0,37.0,55.54,0.5,123.0,0.53,140.0,0.47,145.0,0.5,123.0
2026-01-06 17:45:50.826000+00:00,2026-01-06 17:45:51.299636+00:00,50.826,0.515,0.51,0.52,0.485,0.48,0.49,55.54,149.0,154.0,55.54,0.5,268.0,0.53,152.0,0.47,147.0,0.5,268.0
2026-01-06 17:45:51.231000+00:00,2026-01-06 17:45:51.790301+00:00,51.231,0.505,0.5,0.51,0.495,0.49,0.5,329.0,102.0,167.0,329.0,0.49,495.0,0.52,154.0,0.48,261.0,0.51,495.0
2026-01-06 17:45:51.823000+00:00,2026-01-06 17:45:52.324355+00:00,51.823,0.505,0.5,0.51,0.495,0.49,0.5,25.0,203.0,178.0,25.0,0.49,192.0,0.52,770.0,0.48,770.0,0.51,121.0
2026-01-06 17:45:52.317000+00:00,2026-01-06 17:45:52.790234+00:00,52.317,0.495,0.49,0.5,0.505,0.5,0.51,110.0,47.0,42.0,109.8,0.48,222.0,0.51,155.0,0.49,125.0,0.52,227.0
2026-01-06 17:45:52.843000+00:00,2026-01-06 17:45:53.339010+00:00,52.843,0.495,0.49,0.5,0.505,0.5,0.51,468.8,42.0,42.0,589.8,0.48,298.0,0.51,24.0,0.49,24.0,0.52,368.0
2026-01-06 17:45:53.307000+00:00,2026-01-06 17:45:53.797635+00:00,53.307,0.515,0.51,0.52,0.485,0.48,0.49,189.0,108.0,108.0,189.0,0.5,456.0,0.53,35.0,0.47,40.0,0.5,474.0
2026-01-06 17:45:53.785000+00:00,2026-01-06 17:45:54.344713+00:00,53.785,0.515,0.51,0.52,0.485,0.48,0.49,250.0,113.0,138.0,250.0,0.5,424.0,0.53,109.0,0.47,109.0,0.5,424.0
2026-01-06 17:45:54.448000+00:00,2026-01-06 17:45:54.810482+00:00,54.448,0.515,0.51,0.52,0.485,0.48,0.49,71.0,155.97,109.97,76.0,0.5,424.0,0.53,122.0,0.47,145.0,0.5,424.0
2026-01-06 17:45:54.869000+00:00,2026-01-06 17:45:55.348725+00:00,54.869,0.515,0.51,0.52,0.485,0.48,0.49,76.0,67.89,344.89,76.0,0.5,339.0,0.53,77.0,0.47,673.0,0.5,369.0
2026-01-06 17:45:55.337000+00:00,2026-01-06 17:45:55.822609+00:00,55.337,0.515,0.51,0.52,0.485,0.48,0.49,147.0,370.89,284.0,147.0,0.5,478.0,0.53,604.0,0.47,586.0,0.5,496.0
2026-01-06 17:45:55.867000+00:00,2026-01-06 17:45:56.354294+00:00,55.867,0.515,0.51,0.52,0.485,0.48,0.49,147.0,294.0,294.0,76.0,0.5,442.0,0.53,614.0,0.47,632.0,0.5,442.0
2026-01-06 17:45:56.350000+00:00,2026-01-06 17:45:56.823320+00:00,56.35,0.515,0.51,0.52,0.485,0.48,0.49,76.0,294.0,111.0,76.0,0.5,442.0,0.53,632.0,0.47,571.0,0.5,512.0
2026-01-06 17:45:56.879000+00:00,2026-01-06 17:45:57.361971+00:00,56.879,0.515,0.51,0.52,0.485,0.48,0.49,71.0,106.0,167.0,71.0,0.5,482.0,0.53,571.0,0.47,589.0,0.5,409.0
2026-01-06 17:45:57.354000+00:00,2026-01-06 17:45:57.834422+00:00,57.354,0.515,0.51,0.52,0.485,0.48,0.49,71.0,243.0,266.0,66.0,0.5,304.0,0.53,685.0,0.47,427.0,0.5,304.0
2026-01-06 17:45:57.896000+00:00,2026-01-06 17:45:58.370135+00:00,57.896,0.505,0.5,0.51,0.495,0.49,0.5,5.0,131.0,328.0,10.0,0.48,151.0,0.52,303.0,0.48,232.0,0.52,119.0
2026-01-06 17:45:58.328000+00:00,2026-01-06 17:45:58.855261+00:00,58.328,0.49,0.48,0.5,0.515,0.51,0.52,169.0,30.0,5.0,169.0,0.47,534.0,0.51,289.0,0.5,30.0,0.53,534.0
2026-01-06 17:45:58.886000+00:00,2026-01-06 17:45:59.371959+00:00,58.886,0.505,0.5,0.51,0.495,0.49,0.5,5.0,253.0,248.0,5.0,0.49,113.0,0.52,165.0,0.48,240.0,0.51,131.0
2026-01-06 17:45:59.409000+00:00,2026-01-06 17:45:59.871558+00:00,59.409,0.495,0.49,0.5,0.505,0.5,0.51,15.0,105.0,156.0,15.0,0.48,308.0,0.51,695.0,0.49,833.0,0.52,278.0
2026-01-06 17:45:59.895000+00:00,2026-01-06 17:46:00.378608+00:00,59.895,0.485,0.48,0.49,0.515,0.51,0.52,132.0,84.0,142.0,71.0,0.47,80.0,0.5,319.0,0.5,324.0,0.53,80.0
2026-01-06 17:46:00.399000+00:00,2026-01-06 17:46:00.884151+00:00,60.399,0.485,0.48,0.49,0.515,0.51,0.52,420.0,193.0,188.0,384.0,0.47,455.0,0.5,309.0,0.5,258.0,0.53,490.0
2026-01-06 17:46:00.889000+00:00,2026-01-06 17:46:01.374561+00:00,60.889,0.49,0.48,0.5,0.51,0.5,0.52,394.8,90.0,65.0,376.8,0.47,551.0,0.51,234.0,0.49,134.0,0.53,453.0
2026-01-06 17:46:01.413000+00:00,2026-01-06 17:46:01.885660+00:00,61.413,0.495,0.49,0.5,0.505,0.5,0.51,23.0,65.0,938.0,5.0,0.48,314.8,0.51,238.0,0.49,354.0,0.52,309.8
2026-01-06 17:46:01.908000+00:00,2026-01-06 17:46:02.381716+00:00,61.908,0.485,0.48,0.49,0.515,0.51,0.52,71.0,155.0,701.0,35.0,0.47,20.0,0.5,495.0,0.5,495.0,0.53,20.0
2026-01-06 17:46:02.418000+00:00,2026-01-06 17:46:02.903062+00:00,62.418,0.485,0.48,0.49,0.52,0.51,0.53,35.0,871.0,858.0,20.0,0.47,20.0,0.5,485.0,0.5,503.0,0.54,106.0
2026-01-06 17:46:02.905000+00:00,2026-01-06 17:46:03.389058+00:00,62.905,0.475,0.47,0.48,0.525,0.52,0.53,20.0,256.49,279.66,20.0,0.46,106.0,0.49,344.0,0.51,349.0,0.54,106.0
2026-01-06 17:46:03.432000+00:00,2026-01-06 17:46:03.913043+00:00,63.432,0.455,0.45,0.46,0.545,0.54,0.55,80.0,10.0,289.0,80.0,0.44,45.0,0.47,386.0,0.53,379.0,0.56,75.0
2026-01-06 17:46:03.935000+00:00,2026-01-06 17:46:04.410576+00:00,63.935,0.445,0.44,0.45,0.555,0.55,0.56,100.73,293.47,288.0,105.73,0.43,103.0,0.46,827.0,0.54,550.0,0.57,297.0
2026-01-06 17:46:04.420000+00:00,2026-01-06 17:46:04.936825+00:00,64.42,0.445,0.44,0.45,0.555,0.55,0.56,105.73,172.0,257.0,103.8,0.43,291.0,0.46,730.0,0.54,730.0,0.57,134.0
2026-01-06 17:46:05.478000+00:00,2026-01-06 17:46:05.947931+00:00,65.478,0.445,0.44,0.45,0.555,0.55,0.56,36.89,767.8,767.8,36.89,0.42,85.73,0.46,302.0,0.54,302.0,0.58,85.73
2026-01-06 17:46:05.939000+00:00,2026-01-06 17:46:06.424936+00:00,65.939,0.405,0.4,0.41,0.595,0.59,0.6,204.94,41.0,24.09,440.94,0.39,72.0,0.42,35.27,0.58,70.27,0.61,193.0
2026-01-06 17:46:06.485000+00:00,2026-01-06 17:46:06.962686+00:00,66.485,0.425,0.42,0.43,0.575,0.57,0.58,64.14,96.0,35.0,64.14,0.41,63.0,0.44,71.0,0.56,10.0,0.59,124.0
2026-01-06 17:46:06.931000+00:00,2026-01-06 17:46:07.420764+00:00,66.931,0.44,0.43,0.45,0.565,0.56,0.57,60.0,356.0,35.0,85.0,0.42,125.0,0.46,530.7,0.55,231.0,0.58,120.0
2026-01-06 17:46:07.473000+00:00,2026-01-06 17:46:07.972523+00:00,67.473,0.435,0.43,0.44,0.565,0.56,0.57,151.0,449.0,449.0,227.0,0.42,207.0,0.45,185.9,0.55,185.9,0.58,207.0
2026-01-06 17:46:07.957000+00:00,2026-01-06 17:46:08.422347+00:00,67.957,0.435,0.43,0.44,0.565,0.56,0.57,222.0,413.2,20.0,222.0,0.42,299.0,0.45,64.9,0.55,69.9,0.58,283.79
2026-01-06 17:46:08.492000+00:00,2026-01-06 17:46:08.975274+00:00,68.492,0.455,0.45,0.46,0.545,0.54,0.55,177.0,20.0,20.0,228.0,0.44,282.79,0.47,304.0,0.53,313.43,0.56,307.79
2026-01-06 17:46:08.947000+00:00,2026-01-06 17:46:09.429280+00:00,68.947,0.46499999999999997,0.45,0.48,0.535,0.53,0.54,243.13,150.98,20.0,68.0,0.44,475.79,0.49,450.0,0.52,114.98,0.55,299.0
2026-01-06 17:46:09.504000+00:00,2026-01-06 17:46:09.979717+00:00,69.504,0.46499999999999997,0.46,0.47,0.535,0.53,0.54,121.0,5.0,5.0,121.0,0.45,277.0,0.48,137.98,0.52,119.98,0.55,297.0
2026-01-06 17:46:09.952000+00:00,2026-01-06 17:46:10.433907+00:00,69.952,0.46499999999999997,0.46,0.47,0.535,0.53,0.54,110.62,5.0,108.0,71.0,0.45,297.0,0.48,119.98,0.52,83.0,0.55,271.13
2026-01-06 17:46:10.515000+00:00,2026-01-06 17:46:10.999459+00:00,70.515,0.46499999999999997,0.46,0.47,0.535,0.53,0.54,121.0,10.0,10.0,157.0,0.45,312.0,0.48,168.98,0.52,119.98,0.55,330.0
2026-01-06 17:46:10.934000+00:00,2026-01-06 17:46:11.441529+00:00,70.934,0.46499999999999997,0.46,0.47,0.535,0.53,0.54,121.0,15.0,5.0,121.0,0.45,312.0,0.48,186.98,0.52,132.98,0.55,327.0
2026-01-06 17:46:11.518000+00:00,2026-01-06 17:46:12.007636+00:00,71.518,0.475,0.47,0.48,0.525,0.52,0.53,228.13,79.98,20.0,308.75,0.46,487.0,0.49,235.0,0.51,204.0,0.54,568.0
2026-01-06 17:46:11.983000+00:00,2026-01-06 17:46:12.465391+00:00,71.983,0.475,0.47,0.48,0.515,0.51,0.52,303.36,20.0,86.2,243.0,0.46,568.0,0.49,209.0,0.5,586.98,0.53,614.61
2026-01-06 17:46:12.526000+00:00,2026-01-06 17:46:13.007582+00:00,72.526,0.485,0.48,0.49,0.515,0.51,0.52,193.72,86.2,121.2,254.72,0.47,618.48,0.5,563.98,0.5,538.98,0.53,536.48
2026-01-06 17:46:12.991000+00:00,2026-01-06 17:46:13.491239+00:00,72.991,0.495,0.49,0.5,0.505,0.5,0.51,20.8,563.98,563.98,20.8,0.48,325.72,0.51,131.0,0.49,91.0,0.52,325.72
2026-01-06 17:46:13.441000+00:00,2026-01-06 17:46:14.010039+00:00,73.441,0.495,0.49,0.5,0.505,0.5,0.51,5.8,568.98,568.98,5.8,0.48,310.72,0.51,86.0,0.49,86.0,0.52,310.72
2026-01-06 17:46:14.025000+00:00,2026-01-06 17:46:14.496564+00:00,74.025,0.495,0.49,0.5,0.505,0.5,0.51,307.8,79.98,79.98,368.8,0.48,327.72,0.51,65.0,0.49,65.0,0.52,327.72
2026-01-06 17:46:14.446000+00:00,2026-01-06 17:46:15.029550+00:00,74.446,0.495,0.49,0.5,0.505,0.5,0.51,358.8,79.98,79.98,358.8,0.48,312.72,0.51,65.0,0.49,65.0,0.52,312.72
2026-01-06 17:46:15.014000+00:00,2026-01-06 17:46:15.494860+00:00,75.014,0.505,0.5,0.51,0.495,0.49,0.5,5.0,130.0,15.0,350.0,0.49,408.93,0.52,583.0,0.48,119.98,0.51,410.8
2026-01-06 17:46:15.550000+00:00,2026-01-06 17:46:16.051048+00:00,75.55,0.505,0.5,0.51,0.485,0.48,0.49,576.0,15.0,79.98,106.0,0.49,485.8,0.52,79.98,0.47,108.0,0.5,576.0
2026-01-06 17:46:16.018000+00:00,2026-01-06 17:46:16.495064+00:00,76.018,0.525,0.52,0.53,0.475,0.47,0.48,117.02,80.0,80.0,117.02,0.51,228.0,0.54,547.3,0.46,552.3,0.49,289.0
2026-01-06 17:46:16.508000+00:00,2026-01-06 17:46:17.062612+00:00,76.508,0.525,0.52,0.53,0.475,0.47,0.48,5.0,80.0,80.0,5.0,0.51,203.0,0.54,534.3,0.46,534.3,0.49,203.0
2026-01-06 17:46:17.574000+00:00,2026-01-06 17:46:18.064309+00:00,77.574,0.515,0.51,0.52,0.485,0.48,0.49,126.2,296.78,314.78,126.2,0.5,304.0,0.53,372.0,0.47,372.0,0.5,304.0
2026-01-06 17:46:17.986000+00:00,2026-01-06 17:46:18.502755+00:00,77.986,0.5,0.49,0.51,0.5,0.49,0.51,150.0,29.0,47.0,165.0,0.48,390.7,0.52,290.78,0.48,272.78,0.52,385.7
2026-01-06 17:46:18.591000+00:00,2026-01-06 17:46:19.071789+00:00,78.591,0.515,0.51,0.52,0.485,0.48,0.49,30.0,188.0,198.0,300.0,0.5,433.0,0.53,783.0,0.47,783.0,0.5,447.55
2026-01-06 17:46:19.009000+00:00,2026-01-06 17:46:19.524571+00:00,79.009,0.52,0.51,0.53,0.48,0.47,0.49,391.0,600.0,600.0,259.0,0.5,529.55,0.54,62.3,0.46,62.3,0.5,459.55
2026-01-06 17:46:19.611000+00:00,2026-01-06 17:46:20.092246+00:00,79.611,0.515,0.51,0.52,0.485,0.48,0.49,101.0,13.92,28.92,101.0,0.5,519.55,0.53,600.0,0.47,605.0,0.5,627.55
2026-01-06 17:46:20.040000+00:00,2026-01-06 17:46:20.524376+00:00,80.04,0.515,0.51,0.52,0.485,0.48,0.49,25.0,251.63,192.0,418.98,0.5,160.55,0.53,764.0,0.47,687.0,0.5,438.55
2026-01-06 17:46:20.605000+00:00,2026-01-06 17:46:21.090260+00:00,80.605,0.515,0.51,0.52,0.485,0.48,0.49,465.0,101.0,106.0,465.0,0.5,502.55,0.53,249.0,0.47,195.0,0.5,592.55
2026-01-06 17:46:21.037000+00:00,2026-01-06 17:46:21.527415+00:00,81.037,0.515,0.51,0.52,0.485,0.48,0.49,430.0,106.0,136.0,425.0,0.5,593.0,0.53,124.0,0.47,160.0,0.5,439.0
2026-01-06 17:46:21.604000+00:00,2026-01-06 17:46:22.096930+00:00,81.604,0.515,0.51,0.52,0.485,0.48,0.49,71.0,284.0,266.0,53.0,0.5,106.0,0.53,146.0,0.47,164.0,0.5,106.0
2026-01-06 17:46:22.070000+00:00,2026-01-06 17:46:22.544282+00:00,82.07,0.505,0.5,0.51,0.495,0.49,0.5,162.0,30.0,35.0,177.0,0.49,509.9,0.52,217.0,0.48,202.0,0.51,534.9
2026-01-06 17:46:22.610000+00:00,2026-01-06 17:46:23.095686+00:00,82.61,0.505,0.5,0.51,0.495,0.49,0.5,261.0,30.0,15.0,301.0,0.49,619.9,0.52,157.67,0.48,162.67,0.51,569.9
2026-01-06 17:46:23.063000+00:00,2026-01-06 17:46:23.561936+00:00,83.063,0.505,0.5,0.51,0.495,0.49,0.5,266.0,44.49,30.0,266.0,0.49,619.9,0.52,106.0,0.48,71.8,0.51,619.9
2026-01-06 17:46:23.600000+00:00,2026-01-06 17:46:24.102076+00:00,83.6,0.505,0.5,0.51,0.495,0.49,0.5,233.0,54.17,29.17,198.0,0.49,552.9,0.52,340.8,0.48,358.8,0.51,577.9
2026-01-06 17:46:24.083000+00:00,2026-01-06 17:46:24.568262+00:00,84.083,0.505,0.5,0.51,0.495,0.49,0.5,398.0,5.0,5.0,434.0,0.49,499.9,0.52,395.0,0.48,355.0,0.51,499.9
2026-01-06 17:46:24.637000+00:00,2026-01-06 17:46:25.106912+00:00,84.637,0.515,0.51,0.52,0.485,0.48,0.49,72.0,172.0,172.0,40.0,0.5,454.0,0.53,547.0,0.47,547.0,0.5,514.0
2026-01-06 17:46:25.067000+00:00,2026-01-06 17:46:25.586440+00:00,85.067,0.515,0.51,0.52,0.485,0.48,0.49,35.0,101.0,101.0,35.0,0.5,537.0,0.53,534.0,0.47,534.0,0.5,537.0
2026-01-06 17:46:25.609000+00:00,2026-01-06 17:46:26.104670+00:00,85.609,0.515,0.51,0.52,0.485,0.48,0.49,468.0,71.0,86.0,413.0,0.5,480.55,0.53,45.0,0.47,80.0,0.5,500.55
2026-01-06 17:46:26.107000+00:00,2026-01-06 17:46:26.590259+00:00,86.107,0.515,0.51,0.52,0.485,0.48,0.49,375.0,101.0,101.0,375.0,0.5,586.55,0.53,80.0,0.47,80.0,0.5,586.55
2026-01-06 17:46:26.598000+00:00,2026-01-06 17:46:27.095698+00:00,86.598,0.515,0.51,0.52,0.485,0.48,0.49,511.0,71.0,71.0,511.0,0.5,516.55,0.53,45.0,0.47,45.0,0.5,516.55
2026-01-06 17:46:27.098000+00:00,2026-01-06 17:46:27.593909+00:00,87.098,0.525,0.52,0.53,0.475,0.47,0.48,5.0,80.0,80.0,5.0,0.51,207.0,0.54,114.3,0.46,114.3,0.49,243.0
2026-01-06 17:46:27.582000+00:00,2026-01-06 17:46:28.101595+00:00,87.582,0.525,0.52,0.53,0.475,0.47,0.48,5.0,80.0,80.0,5.0,0.51,238.0,0.54,119.3,0.46,119.3,0.49,238.0
2026-01-06 17:46:28.085000+00:00,2026-01-06 17:46:28.598859+00:00,88.085,0.52,0.51,0.53,0.48,0.47,0.49,243.0,80.0,73.0,243.0,0.5,461.0,0.54,119.3,0.46,119.3,0.5,461.0
2026-01-06 17:46:28.635000+00:00,2026-01-06 17:46:29.106880+00:00,88.635,0.52,0.51,0.53,0.48,0.47,0.49,243.0,73.0,32.71,243.0,0.5,531.0,0.54,119.3,0.46,109.3,0.5,560.98
2026-01-06 17:46:29.640000+00:00,2026-01-06 17:46:30.119919+00:00,89.64,0.535,0.53,0.54,0.46499999999999997,0.46,0.47,284.0,46.3,46.3,284.0,0.52,529.0,0.55,494.0,0.45,494.0,0.48,529.0
2026-01-06 17:46:29.937000+00:00,2026-01-06 17:46:30.612925+00:00,89.937,0.535,0.53,0.54,0.46499999999999997,0.46,0.47,365.0,46.3,46.3,365.0,0.52,529.0,0.55,494.0,0.45,494.0,0.48,529.0
2026-01-06 17:46:30.617000+00:00,2026-01-06 17:46:31.132572+00:00,90.617,0.535,0.53,0.54,0.46499999999999997,0.46,0.47,365.0,44.33,44.33,365.0,0.52,529.0,0.55,494.0,0.45,494.0,0.48,529.0
2026-01-06 17:46:30.908000+00:00,2026-01-06 17:46:31.626913+00:00,90.908,0.535,0.53,0.54,0.46499999999999997,0.46,0.47,365.0,42.36,156.36,329.0,0.52,548.55,0.55,494.0,0.45,706.0,0.48,358.55
2026-01-06 17:46:31.670000+00:00,2026-01-06 17:46:32.139951+00:00,91.67,0.535,0.53,0.54,0.46499999999999997,0.46,0.47,20.0,304.5,370.5,10.0,0.52,19.55,0.55,727.7,0.45,722.7,0.48,19.55
2026-01-06 17:46:32.137000+00:00,2026-01-06 17:46:32.645100+00:00,92.137,0.525,0.52,0.53,0.475,0.47,0.48,1.55,240.0,237.92,1.55,0.51,61.18,0.54,345.5,0.46,345.5,0.49,66.18
2026-01-06 17:46:32.562000+00:00,2026-01-06 17:46:33.137009+00:00,92.562,0.525,0.52,0.53,0.475,0.47,0.48,1.55,183.92,213.92,1.55,0.51,66.18,0.54,451.5,0.46,451.5,0.49,66.18
2026-01-06 17:46:33.179000+00:00,2026-01-06 17:46:33.659716+00:00,93.179,0.525,0.52,0.53,0.485,0.48,0.49,5.0,360.92,205.0,66.18,0.51,61.18,0.54,569.5,0.47,315.92,0.5,539.0
2026-01-06 17:46:33.671000+00:00,2026-01-06 17:46:34.161793+00:00,93.671,0.515,0.51,0.52,0.485,0.48,0.49,50.0,344.0,319.0,50.0,0.5,100.0,0.53,934.92,0.47,934.92,0.5,102.0
2026-01-06 17:46:34.191000+00:00,2026-01-06 17:46:34.675132+00:00,94.191,0.505,0.5,0.51,0.495,0.49,0.5,189.0,67.0,67.0,412.0,0.49,186.9,0.52,284.0,0.48,259.0,0.51,365.9
2026-01-06 17:46:34.667000+00:00,2026-01-06 17:46:35.155908+00:00,94.667,0.505,0.5,0.51,0.485,0.48,0.49,508.0,61.0,101.0,19.0,0.49,488.9,0.52,101.0,0.47,637.92,0.5,503.0
2026-01-06 17:46:35.199000+00:00,2026-01-06 17:46:35.685158+00:00,95.199,0.515,0.51,0.52,0.485,0.48,0.49,41.0,101.0,101.0,41.0,0.5,629.0,0.53,564.0,0.47,564.0,0.5,647.0
2026-01-06 17:46:35.673000+00:00,2026-01-06 17:46:36.158221+00:00,95.673,0.505,0.5,0.51,0.495,0.49,0.5,395.0,30.0,156.0,395.0,0.49,507.88,0.52,264.0,0.48,292.0,0.51,542.88
2026-01-06 17:46:36.191000+00:00,2026-01-06 17:46:36.703603+00:00,96.191,0.505,0.5,0.51,0.495,0.49,0.5,91.0,151.0,151.0,91.0,0.49,179.88,0.52,406.0,0.48,406.0,0.51,179.88
2026-01-06 17:46:36.679000+00:00,2026-01-06 17:46:37.178038+00:00,96.679,0.505,0.5,0.51,0.495,0.49,0.5,91.0,126.0,101.0,91.0,0.49,184.88,0.52,424.0,0.48,424.0,0.51,184.88
2026-01-06 17:46:37.127000+00:00,2026-01-06 17:46:37.717276+00:00,97.127,0.505,0.5,0.51,0.495,0.49,0.5,91.0,101.0,101.0,91.0,0.49,184.88,0.52,353.0,0.48,353.0,0.51,184.88
2026-01-06 17:46:37.692000+00:00,2026-01-06 17:46:38.190513+00:00,97.692,0.505,0.5,0.51,0.495,0.49,0.5,91.0,176.47,176.47,91.0,0.49,179.88,0.52,423.0,0.48,423.0,0.51,85.0
2026-01-06 17:46:38.232000+00:00,2026-01-06 17:46:38.728280+00:00,98.232,0.505,0.5,0.51,0.495,0.49,0.5,20.0,1024.47,1095.47,20.0,0.49,50.0,0.52,439.0,0.48,424.0,0.51,50.0
2026-01-06 17:46:38.610000+00:00,2026-01-06 17:46:39.200139+00:00,98.61,0.485,0.48,0.49,0.515,0.51,0.52,100.0,100.42,171.42,111.18,0.47,68.86,0.5,241.0,0.5,307.0,0.53,73.86
2026-01-06 17:46:39.709000+00:00,2026-01-06 17:46:40.197686+00:00,99.709,0.485,0.48,0.49,0.515,0.51,0.52,109.18,212.87,212.87,109.18,0.47,96.86,0.5,307.0,0.5,307.0,0.53,114.86
2026-01-06 17:46:39.909000+00:00,2026-01-06 17:46:40.768881+00:00,99.909,0.485,0.48,0.49,0.515,0.51,0.52,129.18,212.87,206.87,129.18,0.47,114.86,0.5,307.0,0.5,322.0,0.53,184.86
2026-01-06 17:46:40.727000+00:00,2026-01-06 17:46:41.213707+00:00,100.727,0.485,0.48,0.49,0.515,0.51,0.52,209.18,206.87,206.87,444.18,0.47,184.86,0.5,253.0,0.5,188.0,0.53,391.86
2026-01-06 17:46:41.245000+00:00,2026-01-06 17:46:41.780522+00:00,101.245,0.485,0.48,0.49,0.515,0.51,0.52,428.18,68.4,68.4,428.18,0.47,527.86,0.5,35.0,0.5,35.0,0.53,527.86
2026-01-06 17:46:41.659000+00:00,2026-01-06 17:46:42.222243+00:00,101.659,0.485,0.48,0.49,0.515,0.51,0.52,295.0,43.4,43.4,290.0,0.47,436.86,0.5,30.0,0.5,30.0,0.53,391.86
2026-01-06 17:46:42.258000+00:00,2026-01-06 17:46:42.775133+00:00,102.258,0.49,0.48,0.5,0.51,0.5,0.52,290.0,109.0,231.0,285.0,0.47,337.86,0.51,863.0,0.49,863.0,0.53,337.86
2026-01-06 17:46:42.746000+00:00,2026-01-06 17:46:43.228471+00:00,102.746,0.49,0.48,0.5,0.51,0.5,0.52,285.0,170.0,91.0,290.0,0.47,395.86,0.51,963.0,0.49,981.0,0.53,395.86
2026-01-06 17:46:43.270000+00:00,2026-01-06 17:46:43.775317+00:00,103.27,0.49,0.48,0.5,0.51,0.5,0.52,290.0,103.26,103.26,290.0,0.47,386.86,0.51,920.0,0.49,920.0,0.53,386.86
2026-01-06 17:46:43.700000+00:00,2026-01-06 17:46:44.252912+00:00,103.7,0.485,0.48,0.49,0.515,0.51,0.52,229.0,76.0,71.0,229.0,0.47,203.86,0.5,83.26,0.5,83.26,0.53,203.86
2026-01-06 17:46:44.108000+00:00,2026-01-06 17:46:44.791775+00:00,104.108,0.485,0.48,0.49,0.515,0.51,0.52,158.0,71.0,71.0,158.0,0.47,203.86,0.5,153.26,0.5,153.26,0.53,203.86
2026-01-06 17:46:44.108000+00:00,2026-01-06 17:46:45.245780+00:00,104.108,0.485,0.48,0.49,0.515,0.51,0.52,158.0,71.0,71.0,158.0,0.47,203.86,0.5,153.26,0.5,153.26,0.53,203.86
2026-01-06 17:46:45.304000+00:00,2026-01-06 17:46:45.803408+00:00,105.304,0.485,0.48,0.49,0.515,0.51,0.52,158.0,68.95,68.95,153.0,0.47,167.86,0.5,171.26,0.5,156.26,0.53,167.86
2026-01-06 17:46:45.763000+00:00,2026-01-06 17:46:46.249421+00:00,105.763,0.46499999999999997,0.46,0.47,0.535,0.53,0.54,269.0,280.0,343.63,86.0,0.45,308.0,0.48,349.0,0.52,800.7,0.55,125.0
2026-01-06 17:46:46.325000+00:00,2026-01-06 17:46:46.808538+00:00,106.325,0.455,0.45,0.46,0.555,0.55,0.56,19.55,122.0,370.0,11.18,0.44,46.18,0.47,958.0,0.54,313.0,0.57,100.0
2026-01-06 17:46:46.766000+00:00,2026-01-06 17:46:47.258002+00:00,106.766,0.435,0.43,0.44,0.565,0.56,0.57,100.0,118.3,189.3,100.0,0.42,80.0,0.45,418.0,0.55,479.0,0.58,50.0
2026-01-06 17:46:47.276000+00:00,2026-01-06 17:46:47.801279+00:00,107.276,0.425,0.42,0.43,0.575,0.57,0.58,97.85,214.0,749.34,97.85,0.41,35.0,0.44,554.3,0.56,524.3,0.59,35.0
2026-01-06 17:46:47.792000+00:00,2026-01-06 17:46:48.278100+00:00,107.792,0.41000000000000003,0.4,0.42,0.595,0.59,0.6,155.94,218.15,157.0,162.94,0.39,105.0,0.43,799.34,0.58,221.15,0.61,105.0
2026-01-06 17:46:48.347000+00:00,2026-01-06 17:46:48.819473+00:00,108.347,0.405,0.4,0.41,0.595,0.59,0.6,41.94,100.01,25.03,41.94,0.39,105.0,0.42,221.15,0.58,211.15,0.61,115.0
2026-01-06 17:46:48.815000+00:00,2026-01-06 17:46:49.301441+00:00,108.815,0.405,0.4,0.41,0.585,0.58,0.59,74.9,20.03,364.15,30.0,0.39,106.55,0.42,364.15,0.57,289.34,0.6,74.9
2026-01-06 17:46:49.338000+00:00,2026-01-06 17:46:49.825962+00:00,109.338,0.415,0.41,0.42,0.585,0.58,0.59,27.13,241.15,241.15,27.13,0.4,115.9,0.43,390.79,0.57,390.79,0.6,115.9
2026-01-06 17:46:49.813000+00:00,2026-01-06 17:46:50.318134+00:00,109.813,0.405,0.4,0.41,0.595,0.59,0.6,45.0,114.0,164.85,30.0,0.39,83.0,0.42,944.15,0.58,364.15,0.61,50.0
2026-01-06 17:46:50.361000+00:00,2026-01-06 17:46:50.840488+00:00,110.361,0.405,0.4,0.41,0.595,0.59,0.6,62.0,510.85,510.85,52.0,0.39,201.0,0.42,246.15,0.58,99.15,0.61,165.0
2026-01-06 17:46:50.812000+00:00,2026-01-06 17:46:51.325245+00:00,110.812,0.405,0.4,0.41,0.595,0.59,0.6,52.0,435.85,435.85,52.0,0.39,231.0,0.42,58.0,0.58,23.0,0.61,285.0
2026-01-06 17:46:51.352000+00:00,2026-01-06 17:46:51.837444+00:00,111.352,0.405,0.4,0.41,0.595,0.59,0.6,62.0,415.94,403.54,62.0,0.39,267.0,0.42,284.0,0.58,327.0,0.61,172.0
2026-01-06 17:46:51.848000+00:00,2026-01-06 17:46:52.329941+00:00,111.848,0.405,0.4,0.41,0.595,0.59,0.6,30.0,403.54,403.54,30.0,0.39,197.0,0.42,362.0,0.58,398.0,0.61,197.0
2026-01-06 17:46:52.384000+00:00,2026-01-06 17:46:52.845365+00:00,112.384,0.405,0.4,0.41,0.595,0.59,0.6,110.0,10.0,60.2,80.0,0.39,159.52,0.42,345.0,0.58,392.0,0.61,218.52
2026-01-06 17:46:52.839000+00:00,2026-01-06 17:46:53.327807+00:00,112.839,0.415,0.41,0.42,0.585,0.58,0.59,30.0,853.64,856.04,30.0,0.4,110.0,0.43,467.79,0.57,472.79,0.6,30.0
2026-01-06 17:46:53.314000+00:00,2026-01-06 17:46:53.845091+00:00,113.314,0.385,0.38,0.39,0.615,0.61,0.62,629.0,84.68,61.0,629.0,0.37,848.0,0.4,132.0,0.6,71.0,0.63,848.0
2026-01-06 17:46:53.829000+00:00,2026-01-06 17:46:54.331364+00:00,113.829,0.415,0.41,0.42,0.585,0.58,0.59,101.0,35.0,35.0,101.0,0.4,30.0,0.43,166.0,0.57,166.0,0.6,30.0
2026-01-06 17:46:54.377000+00:00,2026-01-06 17:46:54.862504+00:00,114.377,0.415,0.41,0.42,0.585,0.58,0.59,77.95,5.0,5.0,67.95,0.4,144.0,0.43,169.0,0.57,89.0,0.6,144.0
2026-01-06 17:46:54.840000+00:00,2026-01-06 17:46:55.331987+00:00,114.84,0.425,0.42,0.43,0.575,0.57,0.58,26.79,40.0,40.0,26.79,0.41,21.06,0.44,769.09,0.56,669.09,0.59,21.06
2026-01-06 17:46:55.321000+00:00,2026-01-06 17:46:55.853824+00:00,115.321,0.425,0.42,0.43,0.575,0.57,0.58,56.79,35.0,35.0,31.79,0.41,21.06,0.44,796.09,0.56,857.09,0.59,21.06
2026-01-06 17:46:55.844000+00:00,2026-01-06 17:46:56.329859+00:00,115.844,0.435,0.43,0.44,0.565,0.56,0.57,101.0,241.09,40.09,101.0,0.42,268.0,0.45,477.5,0.55,531.5,0.58,268.0
2026-01-06 17:46:56.370000+00:00,2026-01-06 17:46:56.866933+00:00,116.37,0.435,0.43,0.44,0.565,0.56,0.57,101.0,40.09,40.09,101.0,0.42,319.0,0.45,301.5,0.55,291.0,0.58,94.0
2026-01-06 17:46:56.858000+00:00,2026-01-06 17:46:57.340452+00:00,116.858,0.435,0.43,0.44,0.565,0.56,0.57,78.71,40.09,40.09,78.71,0.42,251.0,0.45,250.0,0.55,250.0,0.58,322.0
2026-01-06 17:46:57.396000+00:00,2026-01-06 17:46:57.878545+00:00,117.396,0.435,0.43,0.44,0.565,0.56,0.57,48.71,155.09,217.09,46.27,0.42,298.34,0.45,144.0,0.55,198.0,0.58,280.34
2026-01-06 17:46:57.871000+00:00,2026-01-06 17:46:58.343241+00:00,117.871,0.44,0.43,0.45,0.555,0.55,0.56,279.27,71.0,186.0,243.0,0.42,347.0,0.46,478.1,0.54,466.1,0.57,398.27
2026-01-06 17:46:58.379000+00:00,2026-01-06 17:46:58.873161+00:00,118.379,0.445,0.44,0.45,0.555,0.55,0.56,221.89,142.0,142.0,118.34,0.43,340.0,0.46,407.0,0.54,387.0,0.57,218.0
2026-01-06 17:46:58.852000+00:00,2026-01-06 17:46:59.340240+00:00,118.852,0.44,0.43,0.45,0.56,0.55,0.57,197.0,329.0,329.0,197.0,0.42,386.55,0.46,340.0,0.54,340.0,0.58,386.55
2026-01-06 17:46:59.309000+00:00,2026-01-06 17:46:59.883364+00:00,119.309,0.435,0.43,0.44,0.565,0.56,0.57,62.01,45.0,45.0,62.01,0.42,341.55,0.45,339.0,0.55,339.0,0.58,341.55
2026-01-06 17:46:59.851000+00:00,2026-01-06 17:47:00.348667+00:00,119.851,0.435,0.43,0.44,0.565,0.56,0.57,62.01,117.0,303.0,32.01,0.42,288.55,0.45,339.0,0.55,248.0,0.58,229.89
2026-01-06 17:47:00.388000+00:00,2026-01-06 17:47:00.903366+00:00,120.388,0.425,0.42,0.43,0.575,0.57,0.58,96.89,5.0,5.0,96.89,0.41,336.24,0.44,186.0,0.56,221.0,0.59,371.24
2026-01-06 17:47:00.846000+00:00,2026-01-06 17:47:01.351938+00:00,120.846,0.425,0.42,0.43,0.575,0.57,0.58,77.34,162.0,167.0,77.34,0.41,353.24,0.44,415.0,0.56,415.0,0.59,38.06
2026-01-06 17:47:01.453000+00:00,2026-01-06 17:47:01.920330+00:00,121.453,0.425,0.42,0.43,0.575,0.57,0.58,75.65,250.0,171.0,75.65,0.41,21.06,0.44,701.0,0.56,418.0,0.59,21.06
2026-01-06 17:47:01.731000+00:00,2026-01-06 17:47:02.363834+00:00,121.731,0.425,0.42,0.43,0.575,0.57,0.58,59.65,171.0,171.0,59.65,0.41,21.06,0.44,338.0,0.56,338.0,0.59,264.06
2026-01-06 17:47:02.475000+00:00,2026-01-06 17:47:02.933654+00:00,122.475,0.425,0.42,0.43,0.575,0.57,0.58,24.65,202.0,210.77,24.65,0.41,342.06,0.44,320.0,0.56,320.0,0.59,342.06
2026-01-06 17:47:02.931000+00:00,2026-01-06 17:47:03.366185+00:00,122.931,0.42,0.41,0.43,0.585,0.58,0.59,342.06,283.77,99.0,186.06,0.4,227.0,0.44,250.0,0.57,544.77,0.6,270.0
2026-01-06 17:47:03.457000+00:00,2026-01-06 17:47:03.944034+00:00,123.457,0.415,0.41,0.42,0.585,0.58,0.59,35.0,233.0,294.0,65.0,0.4,213.0,0.43,905.77,0.57,351.77,0.6,291.0
2026-01-06 17:47:03.895000+00:00,2026-01-06 17:47:04.385508+00:00,123.895,0.415,0.41,0.42,0.585,0.58,0.59,90.0,167.0,131.0,90.0,0.4,308.0,0.43,136.77,0.57,85.77,0.6,343.0
2026-01-06 17:47:04.465000+00:00,2026-01-06 17:47:04.945355+00:00,124.465,0.405,0.4,0.41,0.595,0.59,0.6,379.0,967.0,1057.0,75.0,0.39,375.0,0.42,434.0,0.58,434.0,0.61,71.0
2026-01-06 17:47:04.908000+00:00,2026-01-06 17:47:05.390044+00:00,124.908,0.395,0.39,0.4,0.615,0.61,0.62,86.0,41.47,76.0,15.0,0.38,15.0,0.41,1107.0,0.6,190.47,0.63,86.0
2026-01-06 17:47:05.482000+00:00,2026-01-06 17:47:05.955489+00:00,125.482,0.375,0.37,0.38,0.615,0.61,0.62,454.0,23.86,132.0,15.0,0.36,341.5,0.39,132.0,0.6,96.0,0.63,533.0
2026-01-06 17:47:05.890000+00:00,2026-01-06 17:47:06.391977+00:00,125.89,0.385,0.38,0.39,0.615,0.61,0.62,198.0,43.01,43.01,234.0,0.37,566.0,0.4,106.0,0.6,106.0,0.63,543.0
2026-01-06 17:47:06.471000+00:00,2026-01-06 17:47:06.958861+00:00,126.471,0.39,0.38,0.4,0.615,0.61,0.62,15.0,398.0,110.44,15.0,0.37,353.0,0.41,765.0,0.6,397.0,0.63,353.0
2026-01-06 17:47:06.872000+00:00,2026-01-06 17:47:07.404983+00:00,126.872,0.385,0.38,0.39,0.615,0.61,0.62,15.0,142.17,142.17,15.0,0.37,205.0,0.4,483.0,0.6,483.0,0.63,205.0
2026-01-06 17:47:07.456000+00:00,2026-01-06 17:47:07.979217+00:00,127.456,0.385,0.38,0.39,0.615,0.61,0.62,15.0,139.6,139.6,15.0,0.37,327.0,0.4,458.0,0.6,275.0,0.63,388.0
2026-01-06 17:47:07.944000+00:00,2026-01-06 17:47:08.424644+00:00,127.944,0.385,0.38,0.39,0.615,0.61,0.62,15.0,140.83,210.83,15.0,0.37,388.0,0.4,293.0,0.6,258.0,0.63,353.0
2026-01-06 17:47:08.493000+00:00,2026-01-06 17:47:08.997088+00:00,128.493,0.385,0.38,0.39,0.615,0.61,0.62,9.75,504.83,512.43,9.75,0.37,170.0,0.4,642.0,0.6,642.0,0.63,170.0
2026-01-06 17:47:08.873000+00:00,2026-01-06 17:47:09.437881+00:00,128.873,0.385,0.38,0.39,0.615,0.61,0.62,9.75,517.43,492.43,9.75,0.37,170.0,0.4,642.0,0.6,571.0,0.63,28.0
2026-01-06 17:47:09.567000+00:00,2026-01-06 17:47:10.002141+00:00,129.567,0.375,0.37,0.38,0.625,0.62,0.63,28.0,458.81,458.81,28.0,0.36,271.5,0.39,1038.43,0.61,1038.43,0.64,88.5
2026-01-06 17:47:09.948000+00:00,2026-01-06 17:47:10.443102+00:00,129.948,0.37,0.36,0.38,0.635,0.63,0.64,66.5,514.81,8.0,81.5,0.35,35.0,0.39,1099.43,0.62,514.81,0.65,35.0
2026-01-06 17:47:10.487000+00:00,2026-01-06 17:47:11.010294+00:00,130.487,0.365,0.36,0.37,0.635,0.63,0.64,76.5,2.75,44.75,76.5,0.35,40.0,0.38,527.87,0.62,507.87,0.65,40.0
2026-01-06 17:47:10.975000+00:00,2026-01-06 17:47:11.461012+00:00,130.975,0.355,0.35,0.36,0.645,0.64,0.65,9.18,370.0,370.0,9.18,0.34,197.99,0.37,990.69,0.63,995.69,0.66,197.99
2026-01-06 17:47:11.545000+00:00,2026-01-06 17:47:12.027197+00:00,131.545,0.345,0.34,0.35,0.655,0.65,0.66,29.99,126.82,122.66,29.99,0.33,259.0,0.36,365.0,0.64,365.0,0.67,264.0
2026-01-06 17:47:11.968000+00:00,2026-01-06 17:47:12.471875+00:00,131.968,0.345,0.34,0.35,0.655,0.65,0.66,29.99,112.66,107.41,252.99,0.33,229.0,0.36,365.0,0.64,258.0,0.67,359.0
2026-01-06 17:47:12.566000+00:00,2026-01-06 17:47:13.035941+00:00,132.566,0.355,0.35,0.36,0.645,0.64,0.65,232.0,71.0,71.0,282.0,0.34,273.99,0.37,641.0,0.63,192.0,0.66,376.99
2026-01-06 17:47:13.558000+00:00,2026-01-06 17:47:14.044061+00:00,133.558,0.385,0.38,0.39,0.615,0.61,0.62,188.94,15.0,8.4,249.94,0.37,262.0,0.41,52.0,0.59,177.71,0.63,244.0
2026-01-06 17:47:13.991000+00:00,2026-01-06 17:47:14.496079+00:00,133.991,0.405,0.4,0.41,0.595,0.59,0.6,228.0,202.71,344.71,259.0,0.39,182.0,0.42,246.25,0.58,299.23,0.61,233.0
2026-01-06 17:47:14.519000+00:00,2026-01-06 17:47:15.057171+00:00,134.519,0.405,0.4,0.41,0.595,0.59,0.6,157.0,236.17,114.17,157.0,0.39,102.0,0.42,457.43,0.58,274.43,0.61,173.0
2026-01-06 17:47:15.009000+00:00,2026-01-06 17:47:15.503835+00:00,135.009,0.405,0.4,0.41,0.595,0.59,0.6,152.11,114.17,87.95,157.11,0.39,173.0,0.42,274.43,0.58,274.43,0.61,168.0
2026-01-06 17:47:15.508000+00:00,2026-01-06 17:47:16.066163+00:00,135.508,0.405,0.4,0.41,0.595,0.59,0.6,121.11,82.95,137.66,101.11,0.39,289.0,0.42,333.43,0.58,236.25,0.61,222.0
2026-01-06 17:47:16.020000+00:00,2026-01-06 17:47:16.509413+00:00,136.02,0.405,0.4,0.41,0.595,0.59,0.6,116.11,90.95,90.95,116.11,0.39,222.0,0.42,351.43,0.58,351.43,0.61,222.0
2026-01-06 17:47:16.590000+00:00,2026-01-06 17:47:17.080446+00:00,136.59,0.405,0.4,0.41,0.595,0.59,0.6,61.31,54.95,54.95,61.31,0.39,126.0,0.42,351.43,0.58,351.43,0.61,126.0
2026-01-06 17:47:17.006000+00:00,2026-01-06 17:47:17.518565+00:00,137.006,0.405,0.4,0.41,0.595,0.59,0.6,15.0,36.95,36.95,15.0,0.39,126.0,0.42,351.43,0.58,351.43,0.61,126.0
2026-01-06 17:47:17.587000+00:00,2026-01-06 17:47:18.094261+00:00,137.587,0.405,0.4,0.41,0.59,0.58,0.6,98.0,0.95,309.43,73.0,0.39,192.61,0.42,239.43,0.57,809.77,0.61,192.61
2026-01-06 17:47:18.608000+00:00,2026-01-06 17:47:19.094597+00:00,138.608,0.425,0.42,0.43,0.575,0.57,0.58,248.0,282.48,211.48,248.0,0.41,432.46,0.44,145.0,0.56,140.0,0.59,432.46
2026-01-06 17:47:18.968000+00:00,2026-01-06 17:47:19.539551+00:00,138.968,0.425,0.42,0.43,0.575,0.57,0.58,309.0,216.48,216.48,309.0,0.41,450.46,0.44,122.0,0.56,122.0,0.59,450.46
2026-01-06 17:47:19.601000+00:00,2026-01-06 17:47:20.108305+00:00,139.601,0.42,0.41,0.43,0.58,0.57,0.59,115.46,260.48,288.48,115.46,0.4,373.4,0.44,267.0,0.56,231.0,0.6,373.4
2026-01-06 17:47:19.881000+00:00,2026-01-06 17:47:20.548948+00:00,139.881,0.42,0.41,0.43,0.585,0.58,0.59,115.46,288.48,189.0,69.56,0.4,391.4,0.44,292.0,0.57,397.77,0.6,354.0
2026-01-06 17:47:20.642000+00:00,2026-01-06 17:47:21.125004+00:00,140.642,0.415,0.41,0.42,0.61,0.6,0.62,31.18,1091.0,45.0,15.0,0.38,233.0,0.43,620.77,0.59,121.0,0.63,36.61
2026-01-06 17:47:21.071000+00:00,2026-01-06 17:47:21.558491+00:00,141.071,0.385,0.38,0.39,0.62,0.61,0.63,30.0,54.0,61.23,63.61,0.37,56.61,0.4,407.0,0.6,407.0,0.64,652.5
2026-01-06 17:47:21.580000+00:00,2026-01-06 17:47:22.151280+00:00,141.58,0.385,0.38,0.39,0.615,0.61,0.62,15.0,25.23,15.23,20.0,0.37,73.61,0.4,382.0,0.6,364.0,0.63,61.61
2026-01-06 17:47:22.012000+00:00,2026-01-06 17:47:22.574853+00:00,142.012,0.395,0.39,0.4,0.605,0.6,0.61,20.0,162.0,193.0,20.0,0.38,32.0,0.41,482.0,0.59,523.0,0.62,38.0
2026-01-06 17:47:22.644000+00:00,2026-01-06 17:47:23.163442+00:00,142.644,0.395,0.39,0.4,0.605,0.6,0.61,10.0,193.0,53.0,10.0,0.38,73.0,0.41,541.0,0.59,523.0,0.62,73.0
2026-01-06 17:47:23.095000+00:00,2026-01-06 17:47:23.575081+00:00,143.095,0.39,0.38,0.4,0.615,0.61,0.62,73.0,261.0,171.0,5.0,0.37,270.61,0.41,288.0,0.6,468.0,0.63,271.0
2026-01-06 17:47:23.621000+00:00,2026-01-06 17:47:24.176894+00:00,143.621,0.375,0.37,0.38,0.625,0.62,0.63,55.0,41.0,61.0,55.0,0.36,33.4,0.39,395.0,0.61,390.0,0.64,33.4
2026-01-06 17:47:24.097000+00:00,2026-01-06 17:47:24.592069+00:00,144.097,0.375,0.37,0.38,0.625,0.62,0.63,55.0,36.0,36.0,55.0,0.36,38.4,0.39,408.0,0.61,408.0,0.64,38.4
2026-01-06 17:47:24.690000+00:00,2026-01-06 17:47:25.189695+00:00,144.69,0.38,0.37,0.39,0.62,0.61,0.63,60.0,372.0,354.0,60.0,0.36,87.4,0.4,612.0,0.6,630.0,0.64,105.4
2026-01-06 17:47:25.119000+00:00,2026-01-06 17:47:25.609126+00:00,145.119,0.375,0.37,0.38,0.625,0.62,0.63,10.0,35.0,35.0,10.0,0.36,95.4,0.39,382.0,0.61,382.0,0.64,100.4
2026-01-06 17:47:25.723000+00:00,2026-01-06 17:47:26.213022+00:00,145.723,0.375,0.37,0.38,0.625,0.62,0.63,5.0,106.0,106.0,5.0,0.36,87.4,0.39,382.0,0.61,382.0,0.64,82.4
2026-01-06 17:47:26.127000+00:00,2026-01-06 17:47:26.609849+00:00,146.127,0.365,0.36,0.37,0.635,0.63,0.64,23.4,387.0,511.0,23.4,0.35,8.12,0.38,580.0,0.62,548.0,0.65,8.12
2026-01-06 17:47:26.736000+00:00,2026-01-06 17:47:27.227279+00:00,146.736,0.345,0.34,0.35,0.655,0.65,0.66,29.99,35.0,96.0,29.99,0.33,59.0,0.36,122.6,0.64,260.6,0.67,59.0
2026-01-06 17:47:27.113000+00:00,2026-01-06 17:47:27.626872+00:00,147.113,0.335,0.33,0.34,0.665,0.66,0.67,313.0,66.01,14.53,264.0,0.32,279.62,0.35,380.0,0.65,319.0,0.68,351.62
2026-01-06 17:47:27.718000+00:00,2026-01-06 17:47:28.240325+00:00,147.718,0.345,0.34,0.35,0.655,0.65,0.66,6.77,303.0,258.05,6.77,0.33,272.0,0.36,460.0,0.64,460.0,0.67,262.0
2026-01-06 17:47:28.121000+00:00,2026-01-06 17:47:28.628094+00:00,148.121,0.345,0.34,0.35,0.655,0.65,0.66,6.77,137.05,137.05,6.77,0.33,298.0,0.36,218.0,0.64,130.0,0.67,280.0
2026-01-06 17:47:28.764000+00:00,2026-01-06 17:47:29.254809+00:00,148.764,0.345,0.34,0.35,0.66,0.65,0.67,15.0,465.05,429.05,94.55,0.33,56.0,0.36,562.0,0.64,757.0,0.68,356.62
2026-01-06 17:47:29.148000+00:00,2026-01-06 17:47:29.639691+00:00,149.148,0.345,0.34,0.35,0.655,0.65,0.66,16.0,268.05,85.05,21.0,0.33,324.55,0.36,401.0,0.64,89.0,0.67,324.55
2026-01-06 17:47:29.774000+00:00,2026-01-06 17:47:30.259005+00:00,149.774,0.365,0.36,0.37,0.635,0.63,0.64,15.0,7.93,7.93,32.0,0.35,168.0,0.38,469.0,0.62,165.0,0.65,166.0
2026-01-06 17:47:30.128000+00:00,2026-01-06 17:47:30.637243+00:00,150.128,0.365,0.36,0.37,0.635,0.63,0.64,20.0,7.93,7.93,20.0,0.35,104.0,0.38,201.0,0.62,201.0,0.65,104.0
2026-01-06 17:47:30.780000+00:00,2026-01-06 17:47:31.265360+00:00,150.78,0.365,0.36,0.37,0.635,0.63,0.64,15.0,61.93,76.93,15.0,0.35,104.0,0.38,248.0,0.62,284.0,0.65,68.0
2026-01-06 17:47:31.151000+00:00,2026-01-06 17:47:31.644603+00:00,151.151,0.365,0.36,0.37,0.635,0.63,0.64,8.4,189.73,189.73,8.4,0.35,68.0,0.38,406.0,0.62,406.0,0.65,73.0
2026-01-06 17:47:31.799000+00:00,2026-01-06 17:47:32.274400+00:00,151.799,0.365,0.36,0.37,0.635,0.63,0.64,259.16,244.93,61.93,233.75,0.35,322.0,0.38,225.0,0.62,42.0,0.65,383.0
2026-01-06 17:47:32.159000+00:00,2026-01-06 17:47:32.660271+00:00,152.159,0.365,0.36,0.37,0.625,0.62,0.63,323.0,51.93,42.0,34.07,0.35,427.0,0.38,42.0,0.61,189.0,0.64,283.0
2026-01-06 17:47:32.784000+00:00,2026-01-06 17:47:33.271537+00:00,152.784,0.375,0.37,0.38,0.62,0.61,0.63,16.63,5.0,254.2,36.63,0.36,129.0,0.39,272.2,0.6,361.0,0.64,125.0
2026-01-06 17:47:33.200000+00:00,2026-01-06 17:47:33.670346+00:00,153.2,0.385,0.38,0.39,0.615,0.61,0.62,96.0,61.0,61.0,491.0,0.37,268.0,0.4,325.0,0.6,237.0,0.63,369.0
2026-01-06 17:47:33.804000+00:00,2026-01-06 17:47:34.286701+00:00,153.804,0.395,0.39,0.4,0.605,0.6,0.61,232.0,82.0,45.0,232.0,0.38,479.69,0.41,378.0,0.59,398.0,0.62,255.0
2026-01-06 17:47:34.159000+00:00,2026-01-06 17:47:34.665039+00:00,154.159,0.395,0.39,0.4,0.605,0.6,0.61,232.0,155.0,160.0,197.0,0.38,219.0,0.41,339.0,0.59,393.0,0.62,190.0
2026-01-06 17:47:34.791000+00:00,2026-01-06 17:47:35.286811+00:00,154.791,0.395,0.39,0.4,0.605,0.6,0.61,71.0,560.0,578.0,21.0,0.38,94.0,0.41,380.0,0.59,380.0,0.62,71.0
2026-01-06 17:47:35.175000+00:00,2026-01-06 17:47:35.669849+00:00,155.175,0.395,0.39,0.4,0.615,0.61,0.62,11.0,625.0,146.0,71.0,0.38,71.0,0.41,358.0,0.6,445.0,0.64,539.0
2026-01-06 17:47:35.797000+00:00,2026-01-06 17:47:36.281504+00:00,155.797,0.385,0.38,0.39,0.615,0.61,0.62,71.0,626.0,665.0,71.0,0.36,8.0,0.4,999.0,0.6,545.0,0.64,8.0
2026-01-06 17:47:36.183000+00:00,2026-01-06 17:47:36.678285+00:00,156.183,0.37,0.36,0.38,0.635,0.63,0.64,23.0,23.51,18.0,23.0,0.35,55.0,0.39,695.0,0.62,270.0,0.65,55.0
2026-01-06 17:47:36.806000+00:00,2026-01-06 17:47:37.291249+00:00,156.806,0.365,0.36,0.37,0.635,0.63,0.64,22.0,84.0,124.0,22.0,0.34,45.89,0.38,389.99,0.62,394.99,0.66,80.89
2026-01-06 17:47:37.185000+00:00,2026-01-06 17:47:37.675819+00:00,157.185,0.365,0.36,0.37,0.635,0.63,0.64,375.0,71.0,71.0,385.0,0.35,314.0,0.38,188.0,0.62,183.0,0.65,324.0
2026-01-06 17:47:37.822000+00:00,2026-01-06 17:47:38.304922+00:00,157.822,0.38,0.37,0.39,0.615,0.61,0.62,33.0,236.0,256.0,5.0,0.36,420.0,0.4,317.0,0.6,378.0,0.63,33.0
2026-01-06 17:47:38.206000+00:00,2026-01-06 17:47:38.691983+00:00,158.206,0.365,0.36,0.37,0.635,0.63,0.64,223.0,134.0,271.0,205.0,0.35,308.0,0.38,273.0,0.62,339.0,0.65,272.0
2026-01-06 17:47:38.823000+00:00,2026-01-06 17:47:39.307722+00:00,158.823,0.365,0.36,0.37,0.635,0.63,0.64,12.0,357.0,244.18,27.0,0.35,261.0,0.38,400.0,0.62,400.0,0.65,322.0
2026-01-06 17:47:39.226000+00:00,2026-01-06 17:47:39.709224+00:00,159.226,0.365,0.36,0.37,0.635,0.63,0.64,27.0,156.0,161.0,25.43,0.35,200.0,0.38,395.0,0.62,413.0,0.65,200.0
2026-01-06 17:47:39.848000+00:00,2026-01-06 17:47:40.308548+00:00,159.848,0.365,0.36,0.37,0.635,0.63,0.64,0.43,604.0,725.0,0.43,0.35,132.0,0.38,502.0,0.62,502.0,0.65,71.0
2026-01-06 17:47:40.223000+00:00,2026-01-06 17:47:40.710761+00:00,160.223,0.33499999999999996,0.32,0.35,0.665,0.66,0.67,66.17,314.0,5.0,20.0,0.31,64.0,0.36,412.0,0.65,314.0,0.68,207.17
2026-01-06 17:47:40.822000+00:00,2026-01-06 17:47:41.315567+00:00,160.822,0.335,0.33,0.34,0.665,0.66,0.67,20.0,116.0,81.0,25.0,0.32,127.17,0.35,963.98,0.65,874.0,0.68,127.17
2026-01-06 17:47:41.185000+00:00,2026-01-06 17:47:41.716028+00:00,161.185,0.335,0.33,0.34,0.665,0.66,0.67,15.0,76.0,76.0,15.0,0.32,127.17,0.35,989.0,0.65,828.0,0.68,127.17
2026-01-06 17:47:41.850000+00:00,2026-01-06 17:47:42.334223+00:00,161.85,0.335,0.33,0.34,0.665,0.66,0.67,15.0,147.0,147.0,15.0,0.32,260.17,0.35,874.0,0.65,874.0,0.68,260.17
2026-01-06 17:47:42.264000+00:00,2026-01-06 17:47:42.725940+00:00,162.264,0.335,0.33,0.34,0.665,0.66,0.67,18.0,303.18,1074.97,1.34,0.32,318.17,0.35,831.0,0.65,422.0,0.68,196.17
2026-01-06 17:47:42.865000+00:00,2026-01-06 17:47:43.339443+00:00,162.865,0.315,0.31,0.32,0.715,0.71,0.72,30.95,142.34,146.55,15.0,0.3,22.0,0.33,941.38,0.7,236.0,0.73,163.0
2026-01-06 17:47:43.232000+00:00,2026-01-06 17:47:43.718324+00:00,163.232,0.28500000000000003,0.28,0.29,0.715,0.71,0.72,34.0,410.55,405.55,164.0,0.27,331.0,0.3,317.0,0.7,282.0,0.73,306.0
2026-01-06 17:47:43.870000+00:00,2026-01-06 17:47:44.351201+00:00,163.87,0.28500000000000003,0.28,0.29,0.69,0.67,0.71,822.0,3.41,35.0,18.0,0.27,340.99,0.33,315.38,0.66,386.0,0.72,817.0
2026-01-06 17:47:44.242000+00:00,2026-01-06 17:47:44.736459+00:00,164.242,0.325,0.32,0.33,0.675,0.67,0.68,196.52,40.0,40.0,152.98,0.31,201.0,0.34,924.0,0.66,929.0,0.69,229.0
2026-01-06 17:47:44.882000+00:00,2026-01-06 17:47:45.375149+00:00,164.882,0.325,0.32,0.33,0.675,0.67,0.68,10.0,15.0,115.0,80.0,0.31,53.48,0.34,993.0,0.66,825.0,0.69,50.48
2026-01-06 17:47:45.256000+00:00,2026-01-06 17:47:45.743457+00:00,165.256,0.33,0.32,0.34,0.665,0.66,0.67,716.06,325.0,142.0,499.0,0.31,416.48,0.35,198.0,0.65,15.0,0.68,222.7
2026-01-06 17:47:45.906000+00:00,2026-01-06 17:47:46.395675+00:00,165.906,0.385,0.38,0.39,0.615,0.61,0.62,26.0,651.0,712.0,31.0,0.37,159.6,0.4,211.0,0.6,267.0,0.63,220.6
2026-01-06 17:47:46.277000+00:00,2026-01-06 17:47:46.753397+00:00,166.277,0.365,0.36,0.37,0.635,0.63,0.64,164.87,135.0,135.0,71.0,0.35,352.0,0.38,182.0,0.62,235.0,0.65,513.0
2026-01-06 17:47:46.919000+00:00,2026-01-06 17:47:47.417490+00:00,166.919,0.365,0.36,0.37,0.635,0.63,0.64,50.98,152.0,152.0,50.98,0.35,227.0,0.38,314.0,0.62,314.0,0.65,227.0
2026-01-06 17:47:47.267000+00:00,2026-01-06 17:47:47.754161+00:00,167.267,0.365,0.36,0.37,0.635,0.63,0.64,34.58,152.0,49.98,119.58,0.35,227.0,0.38,314.0,0.62,368.99,0.65,157.0
2026-01-06 17:47:47.847000+00:00,2026-01-06 17:47:48.416450+00:00,167.847,0.365,0.36,0.37,0.635,0.63,0.64,8.28,133.9,21.87,108.28,0.35,447.0,0.38,332.0,0.62,368.99,0.65,444.07
2026-01-06 17:47:48.259000+00:00,2026-01-06 17:47:48.753867+00:00,168.259,0.365,0.36,0.37,0.64,0.63,0.65,11.71,113.9,128.9,330.07,0.35,277.07,0.38,314.0,0.62,314.0,0.66,117.75
2026-01-06 17:47:48.948000+00:00,2026-01-06 17:47:49.427096+00:00,168.948,0.365,0.36,0.37,0.635,0.63,0.64,35.87,68.9,68.9,40.87,0.35,251.0,0.38,354.0,0.62,354.0,0.65,251.0
2026-01-06 17:47:49.258000+00:00,2026-01-06 17:47:49.765696+00:00,169.258,0.36,0.35,0.37,0.64,0.63,0.65,293.48,108.9,123.9,308.48,0.34,118.99,0.38,319.0,0.62,399.0,0.66,103.99
2026-01-06 17:47:49.928000+00:00,2026-01-06 17:47:50.418032+00:00,169.928,0.36,0.35,0.37,0.645,0.64,0.65,369.67,285.15,215.0,197.0,0.34,224.99,0.38,384.0,0.63,431.11,0.66,240.6
2026-01-06 17:47:50.288000+00:00,2026-01-06 17:47:50.775622+00:00,170.288,0.355,0.35,0.36,0.645,0.64,0.65,229.48,352.0,282.0,59.6,0.34,235.0,0.37,855.12,0.63,911.12,0.66,89.0
2026-01-06 17:47:50.935000+00:00,2026-01-06 17:47:51.430500+00:00,170.935,0.355,0.35,0.36,0.645,0.64,0.65,65.76,130.72,130.72,65.76,0.34,411.6,0.37,592.12,0.63,585.87,0.66,447.6
2026-01-06 17:47:51.327000+00:00,2026-01-06 17:47:51.786823+00:00,171.327,0.355,0.35,0.36,0.645,0.64,0.65,67.58,96.0,10.0,200.58,0.34,274.38,0.37,161.87,0.63,161.87,0.66,205.6
2026-01-06 17:47:51.951000+00:00,2026-01-06 17:47:52.433623+00:00,171.951,0.36,0.35,0.37,0.64,0.63,0.65,155.99,161.87,161.87,34.99,0.34,226.6,0.38,380.0,0.62,360.0,0.66,236.6
2026-01-06 17:47:52.312000+00:00,2026-01-06 17:47:52.801196+00:00,172.312,0.36,0.35,0.37,0.64,0.63,0.65,111.99,161.87,161.87,81.99,0.34,236.6,0.38,324.0,0.62,324.0,0.66,241.6
2026-01-06 17:47:52.947000+00:00,2026-01-06 17:47:53.440918+00:00,172.947,0.355,0.35,0.36,0.645,0.64,0.65,85.59,20.0,20.0,70.59,0.34,265.67,0.37,161.87,0.63,161.87,0.66,265.67
2026-01-06 17:47:53.335000+00:00,2026-01-06 17:47:53.818455+00:00,173.335,0.35,0.34,0.36,0.65,0.64,0.66,277.6,20.0,10.0,295.6,0.33,252.0,0.37,197.87,0.63,197.87,0.67,234.0
2026-01-06 17:47:53.932000+00:00,2026-01-06 17:47:54.436816+00:00,173.932,0.345,0.34,0.35,0.655,0.65,0.66,170.6,50.0,46.7,43.6,0.33,443.99,0.36,183.0,0.64,305.0,0.67,448.99
2026-01-06 17:47:54.355000+00:00,2026-01-06 17:47:54.839322+00:00,174.355,0.345,0.34,0.35,0.655,0.65,0.66,28.0,38.3,13.3,33.0,0.33,430.99,0.36,305.0,0.64,366.0,0.67,121.99
2026-01-06 17:47:54.972000+00:00,2026-01-06 17:47:55.444246+00:00,174.972,0.345,0.34,0.35,0.655,0.65,0.66,96.45,40.0,40.0,91.22,0.32,233.7,0.36,409.55,0.64,383.55,0.67,14.99
2026-01-06 17:47:55.372000+00:00,2026-01-06 17:47:55.843323+00:00,175.372,0.345,0.34,0.35,0.655,0.65,0.66,135.7,5.0,5.0,135.7,0.33,312.99,0.36,423.55,0.64,240.55,0.67,312.99
2026-01-06 17:47:55.978000+00:00,2026-01-06 17:47:56.456222+00:00,175.978,0.345,0.34,0.35,0.655,0.65,0.66,107.69,338.88,466.88,107.69,0.33,304.0,0.36,248.4,0.64,474.4,0.67,304.0
2026-01-06 17:47:56.382000+00:00,2026-01-06 17:47:56.856017+00:00,176.382,0.345,0.34,0.35,0.665,0.66,0.67,104.69,354.88,122.0,34.37,0.33,14.37,0.36,633.4,0.65,309.88,0.69,260.99
2026-01-06 17:47:56.971000+00:00,2026-01-06 17:47:57.474975+00:00,176.971,0.335,0.33,0.34,0.665,0.66,0.67,55.0,380.79,380.79,55.0,0.32,35.0,0.35,318.0,0.65,333.0,0.68,35.0
2026-01-06 17:47:57.400000+00:00,2026-01-06 17:47:57.877490+00:00,177.4,0.335,0.33,0.34,0.665,0.66,0.67,55.0,433.79,408.79,37.0,0.32,35.0,0.35,524.0,0.65,1073.0,0.68,35.0
2026-01-06 17:47:58.008000+00:00,2026-01-06 17:47:58.486395+00:00,178.008,0.335,0.33,0.34,0.665,0.66,0.67,37.0,576.79,1079.79,37.0,0.31,10.0,0.35,488.0,0.65,488.0,0.69,10.0
2026-01-06 17:47:58.384000+00:00,2026-01-06 17:47:58.872797+00:00,178.384,0.335,0.33,0.34,0.665,0.66,0.67,37.0,1140.37,1140.37,10.0,0.31,10.0,0.35,408.0,0.65,408.0,0.69,10.0
2026-01-06 17:47:59.024000+00:00,2026-01-06 17:47:59.494883+00:00,179.024,0.28500000000000003,0.28,0.29,0.725,0.72,0.73,67.0,314.0,258.0,49.35,0.27,24.99,0.3,533.6,0.71,314.0,0.74,240.0
2026-01-06 17:47:59.400000+00:00,2026-01-06 17:47:59.890745+00:00,179.4,0.275,0.27,0.28,0.725,0.72,0.73,49.35,263.0,324.0,109.35,0.26,275.0,0.29,362.0,0.71,327.0,0.74,336.0
2026-01-06 17:48:00.021000+00:00,2026-01-06 17:48:00.506108+00:00,180.021,0.265,0.26,0.27,0.735,0.73,0.74,186.0,24.14,34.14,118.0,0.25,350.04,0.28,5.0,0.72,314.0,0.75,358.04
2026-01-06 17:48:00.404000+00:00,2026-01-06 17:48:00.894540+00:00,180.404,0.265,0.26,0.27,0.735,0.73,0.74,240.0,10.0,156.0,254.19,0.25,193.04,0.28,314.0,0.72,150.0,0.75,238.04
2026-01-06 17:48:01.044000+00:00,2026-01-06 17:48:01.520135+00:00,181.044,0.255,0.25,0.26,0.745,0.74,0.75,124.14,130.0,185.0,101.85,0.24,92.0,0.27,514.11,0.73,524.11,0.76,92.0
2026-01-06 17:48:01.424000+00:00,2026-01-06 17:48:01.898393+00:00,181.424,0.22499999999999998,0.21,0.24,0.875,0.87,0.88,61.0,154.0,50.37,124.62,0.2,58.74,0.25,237.0,0.85,18.0,0.89,192.45
2026-01-06 17:48:02.047000+00:00,2026-01-06 17:48:02.531415+00:00,182.047,0.08499999999999999,0.08,0.09,0.925,0.92,0.93,29.56,187.11,85.9,323.52,0.07,321.52,0.1,928.99,0.91,166.11,0.94,291.2
2026-01-06 17:48:02.421000+00:00,2026-01-06 17:48:02.907108+00:00,182.421,0.08,0.07,0.09,0.92,0.91,0.93,36.0,236.08,154.2,194.0,0.06,309.2,0.1,886.0,0.9,457.0,0.94,237.2
2026-01-06 17:48:03.061000+00:00,2026-01-06 17:48:03.548604+00:00,183.061,0.095,0.09,0.1,0.915,0.91,0.92,86.0,591.18,15.0,135.12,0.08,265.91,0.11,479.0,0.9,559.3,0.93,343.0
2026-01-06 17:48:03.435000+00:00,2026-01-06 17:48:03.924759+00:00,183.435,0.08499999999999999,0.08,0.09,0.915,0.91,0.92,130.77,75.0,100.6,112.77,0.07,283.0,0.1,559.3,0.9,681.3,0.93,278.0
2026-01-06 17:48:04.031000+00:00,2026-01-06 17:48:04.550490+00:00,184.031,0.095,0.09,0.1,0.925,0.92,0.93,22.0,400.3,180.97,198.0,0.08,22.77,0.11,543.0,0.91,75.0,0.94,327.2
2026-01-06 17:48:04.431000+00:00,2026-01-06 17:48:04.926165+00:00,184.431,0.07500000000000001,0.07,0.08,0.925,0.92,0.93,218.0,199.97,247.97,203.0,0.06,303.2,0.09,139.0,0.91,340.0,0.94,301.2
2026-01-06 17:48:05.069000+00:00,2026-01-06 17:48:05.559774+00:00,185.069,0.065,0.06,0.07,0.935,0.93,0.94,246.2,60.0,34.85,302.2,0.05,671.2,0.08,252.97,0.92,686.97,0.95,650.2
2026-01-06 17:48:05.431000+00:00,2026-01-06 17:48:05.925533+00:00,185.431,0.065,0.06,0.07,0.925,0.92,0.93,411.13,39.99,507.97,82.01,0.05,650.2,0.08,686.97,0.91,304.0,0.94,409.74
2026-01-06 17:48:06.098000+00:00,2026-01-06 17:48:06.575484+00:00,186.098,0.07500000000000001,0.07,0.08,0.925,0.92,0.93,59.98,60.0,80.0,5.0,0.06,238.74,0.09,620.88,0.91,620.88,0.94,98.74
2026-01-06 17:48:06.449000+00:00,2026-01-06 17:48:06.944120+00:00,186.449,0.07500000000000001,0.07,0.08,0.925,0.92,0.93,5.0,520.87,70.0,121.84,0.06,163.53,0.09,261.88,0.91,161.88,0.94,268.74
2026-01-06 17:48:07.092000+00:00,2026-01-06 17:48:07.570565+00:00,187.092,0.07500000000000001,0.07,0.08,0.925,0.92,0.93,432.58,173.32,173.32,478.58,0.06,656.99,0.09,274.88,0.91,304.88,0.94,383.99
2026-01-06 17:48:07.453000+00:00,2026-01-06 17:48:07.959070+00:00,187.453,0.08499999999999999,0.08,0.09,0.915,0.91,0.92,540.38,289.88,228.21,652.31,0.07,523.58,0.1,414.3,0.9,467.3,0.93,440.58
2026-01-06 17:48:08.025000+00:00,2026-01-06 17:48:08.590706+00:00,188.025,0.08499999999999999,0.08,0.09,0.915,0.91,0.92,628.72,166.09,25.0,583.72,0.07,794.58,0.1,452.3,0.9,472.3,0.93,794.58
2026-01-06 17:48:08.506000+00:00,2026-01-06 17:48:08.969068+00:00,188.506,0.08499999999999999,0.08,0.09,0.915,0.91,0.92,531.54,207.0,241.1,513.84,0.07,245.58,0.1,450.3,0.9,532.3,0.93,774.58
2026-01-06 17:48:09.107000+00:00,2026-01-06 17:48:09.599001+00:00,189.107,0.08499999999999999,0.08,0.09,0.915,0.91,0.92,382.54,208.0,238.0,289.45,0.07,839.58,0.1,396.3,0.9,396.3,0.93,844.58
2026-01-06 17:48:09.461000+00:00,2026-01-06 17:48:09.967928+00:00,189.461,0.08499999999999999,0.08,0.09,0.915,0.91,0.92,261.34,223.0,223.0,246.34,0.07,809.58,0.1,396.3,0.9,396.3,0.93,879.58
2026-01-06 17:48:10.129000+00:00,2026-01-06 17:48:10.603533+00:00,190.129,0.08499999999999999,0.08,0.09,0.915,0.91,0.92,129.55,325.45,330.45,129.55,0.07,884.92,0.1,532.3,0.9,532.3,0.93,506.92
2026-01-06 17:48:10.489000+00:00,2026-01-06 17:48:10.974059+00:00,190.489,0.08499999999999999,0.08,0.09,0.92,0.91,0.93,17.7,491.45,431.45,401.0,0.07,500.86,0.1,612.3,0.9,682.3,0.94,374.0
2026-01-06 17:48:11.116000+00:00,2026-01-06 17:48:11.602356+00:00,191.116,0.08499999999999999,0.08,0.09,0.915,0.91,0.92,271.91,481.45,446.45,271.91,0.07,368.0,0.1,462.3,0.9,559.3,0.93,351.0
2026-01-06 17:48:11.499000+00:00,2026-01-06 17:48:11.984877+00:00,191.499,0.08499999999999999,0.08,0.09,0.915,0.91,0.92,237.91,440.22,435.22,230.34,0.07,896.0,0.1,463.3,0.9,630.3,0.93,412.0
2026-01-06 17:48:12.087000+00:00,2026-01-06 17:48:12.610456+00:00,192.087,0.08499999999999999,0.08,0.09,0.925,0.92,0.93,127.0,320.22,15.0,409.34,0.07,409.34,0.1,699.3,0.91,307.22,0.94,676.0
2026-01-06 17:48:12.461000+00:00,2026-01-06 17:48:12.994599+00:00,192.461,0.07500000000000001,0.07,0.08,0.925,0.92,0.93,409.34,20.0,5.0,524.34,0.06,798.0,0.09,344.22,0.91,233.87,0.94,342.0
2026-01-06 17:48:13.120000+00:00,2026-01-06 17:48:13.608569+00:00,193.12,0.08499999999999999,0.08,0.09,0.915,0.91,0.92,61.0,595.87,479.87,123.77,0.07,403.34,0.1,628.3,0.9,548.3,0.93,403.34
2026-01-06 17:48:13.506000+00:00,2026-01-06 17:48:14.003072+00:00,193.506,0.08499999999999999,0.08,0.09,0.915,0.91,0.92,87.68,440.87,511.87,86.59,0.07,403.34,0.1,558.3,0.9,558.3,0.93,403.34
2026-01-06 17:48:14.048000+00:00,2026-01-06 17:48:14.604094+00:00,194.048,0.08499999999999999,0.08,0.09,0.915,0.91,0.92,71.59,506.87,455.87,70.5,0.07,270.34,0.1,478.3,0.9,478.3,0.93,285.34
2026-01-06 17:48:14.485000+00:00,2026-01-06 17:48:15.000260+00:00,194.485,0.08499999999999999,0.08,0.09,0.915,0.91,0.92,70.5,443.11,407.11,70.5,0.07,290.34,0.1,478.3,0.9,514.3,0.93,305.34
2026-01-06 17:48:15.098000+00:00,2026-01-06 17:48:15.620348+00:00,195.098,0.08499999999999999,0.08,0.09,0.915,0.91,0.92,55.5,561.0,632.0,55.5,0.07,305.34,0.1,461.3,0.9,461.3,0.93,305.34
2026-01-06 17:48:15.522000+00:00,2026-01-06 17:48:15.998424+00:00,195.522,0.08499999999999999,0.08,0.09,0.915,0.91,0.92,39.88,721.0,736.0,38.79,0.07,305.34,0.1,443.3,0.9,443.3,0.93,375.34
2026-01-06 17:48:16.149000+00:00,2026-01-06 17:48:16.625942+00:00,196.149,0.08499999999999999,0.08,0.09,0.915,0.91,0.92,80.0,754.0,742.0,70.0,0.07,824.34,0.1,514.3,0.9,504.3,0.93,340.34
2026-01-06 17:48:16.590000+00:00,2026-01-06 17:48:17.010847+00:00,196.59,0.08499999999999999,0.08,0.09,0.925,0.92,0.93,65.0,794.77,14.99,252.34,0.07,272.34,0.1,494.3,0.91,748.77,0.94,641.0
2026-01-06 17:48:17.158000+00:00,2026-01-06 17:48:17.644287+00:00,197.158,0.065,0.06,0.07,0.935,0.93,0.94,953.0,22.0,2.0,947.94,0.05,473.2,0.08,198.0,0.92,198.0,0.95,473.2
2026-01-06 17:48:17.545000+00:00,2026-01-06 17:48:18.020482+00:00,197.545,0.065,0.06,0.07,0.925,0.92,0.93,884.61,29.99,198.0,121.86,0.05,473.2,0.08,198.0,0.91,538.0,0.94,884.61
2026-01-06 17:48:18.171000+00:00,2026-01-06 17:48:18.659806+00:00,198.171,0.07500000000000001,0.07,0.08,0.925,0.92,0.93,323.78,264.0,284.0,533.78,0.06,448.61,0.09,530.0,0.91,530.0,0.94,848.61
2026-01-06 17:48:18.584000+00:00,2026-01-06 17:48:19.020112+00:00,198.584,0.08499999999999999,0.08,0.09,0.915,0.91,0.92,21.0,545.0,536.0,4.91,0.07,331.83,0.1,478.3,0.9,478.3,0.93,331.83
2026-01-06 17:48:19.171000+00:00,2026-01-06 17:48:19.657985+00:00,199.171,0.08499999999999999,0.08,0.09,0.915,0.91,0.92,29.84,548.0,628.0,6.84,0.07,331.83,0.1,459.3,0.9,459.3,0.93,331.83
2026-01-06 17:48:19.528000+00:00,2026-01-06 17:48:20.022430+00:00,199.528,0.07500000000000001,0.07,0.08,0.925,0.92,0.93,199.83,192.99,199.99,184.83,0.06,226.61,0.09,588.0,0.91,474.0,0.94,226.61
2026-01-06 17:48:20.160000+00:00,2026-01-06 17:48:20.662019+00:00,200.16,0.065,0.06,0.07,0.935,0.93,0.94,285.49,46.0,46.0,376.49,0.05,508.2,0.08,185.0,0.92,167.0,0.95,851.2
2026-01-06 17:48:20.516000+00:00,2026-01-06 17:48:21.028231+00:00,200.516,0.065,0.06,0.07,0.935,0.93,0.94,381.49,71.0,46.0,345.49,0.05,402.2,0.08,167.0,0.92,238.0,0.95,438.2
2026-01-06 17:48:21.204000+00:00,2026-01-06 17:48:21.675748+00:00,201.204,0.065,0.06,0.07,0.935,0.93,0.94,200.88,46.0,46.0,76.0,0.05,887.2,0.08,203.0,0.92,203.0,0.95,887.2
2026-01-06 17:48:21.560000+00:00,2026-01-06 17:48:22.040050+00:00,201.56,0.065,0.06,0.07,0.935,0.93,0.94,86.0,46.0,46.0,124.0,0.05,957.2,0.08,203.0,0.92,203.0,0.95,1121.2
2026-01-06 17:48:22.184000+00:00,2026-01-06 17:48:22.678551+00:00,202.184,0.065,0.06,0.07,0.935,0.93,0.94,628.34,8.38,8.38,736.34,0.05,550.2,0.08,146.99,0.92,146.99,0.95,550.2
2026-01-06 17:48:22.560000+00:00,2026-01-06 17:48:23.052047+00:00,202.56,0.07500000000000001,0.07,0.08,0.925,0.92,0.93,10.0,146.99,146.99,10.0,0.06,736.34,0.09,259.0,0.91,259.0,0.94,736.34
2026-01-06 17:48:23.189000+00:00,2026-01-06 17:48:23.691423+00:00,203.189,0.07,0.06,0.08,0.9299999999999999,0.92,0.94,851.34,222.99,217.99,735.25,0.05,489.2,0.09,259.0,0.91,259.0,0.95,489.2
2026-01-06 17:48:23.558000+00:00,2026-01-06 17:48:24.048803+00:00,203.558,0.07,0.06,0.08,0.9299999999999999,0.92,0.94,730.09,323.99,323.99,672.0,0.05,514.2,0.09,252.0,0.91,252.0,0.95,514.2
2026-01-06 17:48:24.244000+00:00,2026-01-06 17:48:24.709863+00:00,204.244,0.07500000000000001,0.07,0.08,0.925,0.92,0.93,15.0,177.0,125.75,15.0,0.06,672.0,0.09,267.0,0.91,267.0,0.94,672.0
2026-01-06 17:48:24.562000+00:00,2026-01-06 17:48:25.053289+00:00,204.562,0.07500000000000001,0.07,0.08,0.925,0.92,0.93,15.0,125.75,102.75,95.0,0.06,672.0,0.09,231.0,0.91,48.0,0.94,672.0
2026-01-06 17:48:25.235000+00:00,2026-01-06 17:48:25.724485+00:00,205.235,0.07,0.06,0.08,0.925,0.92,0.93,672.0,313.12,288.12,5.0,0.05,697.2,0.09,421.0,0.91,416.0,0.94,672.0
2026-01-06 17:48:25.568000+00:00,2026-01-06 17:48:26.065992+00:00,205.568,0.07500000000000001,0.07,0.08,0.925,0.92,0.93,20.0,273.12,288.12,5.0,0.06,732.0,0.09,431.0,0.91,416.0,0.94,732.0
2026-01-06 17:48:26.245000+00:00,2026-01-06 17:48:26.738577+00:00,206.245,0.07500000000000001,0.07,0.08,0.935,0.93,0.94,16.23,283.12,122.0,732.0,0.06,732.0,0.09,405.0,0.92,383.12,0.95,697.2
2026-01-06 17:48:26.596000+00:00,2026-01-06 17:48:27.083966+00:00,206.596,0.065,0.06,0.07,0.935,0.93,0.94,563.45,90.85,133.56,559.54,0.05,697.2,0.08,570.12,0.92,490.12,0.95,697.2
2026-01-06 17:48:27.278000+00:00,2026-01-06 17:48:27.741808+00:00,207.278,0.065,0.06,0.07,0.935,0.93,0.94,699.54,131.98,131.98,674.54,0.05,672.2,0.08,304.0,0.92,299.0,0.95,672.2
2026-01-06 17:48:27.600000+00:00,2026-01-06 17:48:28.088902+00:00,207.6,0.065,0.06,0.07,0.925,0.92,0.93,704.54,131.98,279.0,12.84,0.05,672.2,0.08,269.0,0.91,345.0,0.94,668.02
2026-01-06 17:48:28.253000+00:00,2026-01-06 17:48:28.751082+00:00,208.253,0.07500000000000001,0.07,0.08,0.925,0.92,0.93,107.62,284.0,284.0,106.17,0.06,139.02,0.09,223.0,0.91,218.0,0.94,109.02
2026-01-06 17:48:28.607000+00:00,2026-01-06 17:48:29.100961+00:00,208.607,0.07500000000000001,0.07,0.08,0.925,0.92,0.93,106.17,309.0,251.0,475.17,0.06,109.02,0.09,233.0,0.91,238.0,0.94,109.02
2026-01-06 17:48:29.231000+00:00,2026-01-06 17:48:29.753003+00:00,209.231,0.07500000000000001,0.07,0.08,0.925,0.92,0.93,474.09,256.0,251.0,474.09,0.06,109.02,0.09,218.0,0.91,218.0,0.94,109.02
2026-01-06 17:48:29.499000+00:00,2026-01-06 17:48:30.104623+00:00,209.499,0.07500000000000001,0.07,0.08,0.925,0.92,0.93,474.09,251.0,51.0,474.09,0.06,109.02,0.09,236.0,0.91,236.0,0.94,109.02
2026-01-06 17:48:30.281000+00:00,2026-01-06 17:48:30.770152+00:00,210.281,0.07500000000000001,0.07,0.08,0.925,0.92,0.93,665.49,175.0,465.0,216.49,0.06,109.02,0.09,305.0,0.91,381.0,0.94,74.02
2026-01-06 17:48:30.619000+00:00,2026-01-06 17:48:31.103660+00:00,210.619,0.07500000000000001,0.07,0.08,0.925,0.92,0.93,200.0,301.57,326.57,669.0,0.06,109.02,0.09,371.0,0.91,406.0,0.94,109.02
2026-01-06 17:48:31.198000+00:00,2026-01-06 17:48:31.782293+00:00,211.198,0.07500000000000001,0.07,0.08,0.925,0.92,0.93,598.0,231.57,321.57,448.0,0.06,109.02,0.09,408.0,0.91,403.0,0.94,109.02
2026-01-06 17:48:31.609000+00:00,2026-01-06 17:48:32.103983+00:00,211.609,0.07500000000000001,0.07,0.08,0.925,0.92,0.93,448.0,298.0,97.3,448.0,0.06,109.02,0.09,458.0,0.91,458.0,0.94,109.02
2026-01-06 17:48:32.293000+00:00,2026-01-06 17:48:32.806086+00:00,212.293,0.07500000000000001,0.07,0.08,0.925,0.92,0.93,456.84,90.0,80.0,456.84,0.06,108.91,0.09,473.0,0.91,473.0,0.94,108.91
2026-01-06 17:48:32.471000+00:00,2026-01-06 17:48:33.113059+00:00,212.471,0.07500000000000001,0.07,0.08,0.925,0.92,0.93,456.84,80.0,80.0,474.75,0.06,108.91,0.09,473.0,0.91,473.0,0.94,108.91
2026-01-06 17:48:33.301000+00:00,2026-01-06 17:48:33.803798+00:00,213.301,0.07500000000000001,0.07,0.08,0.925,0.92,0.93,453.74,188.0,188.0,533.74,0.06,108.91,0.09,455.0,0.91,251.0,0.94,126.91
2026-01-06 17:48:33.588000+00:00,2026-01-06 17:48:34.132118+00:00,213.588,0.07500000000000001,0.07,0.08,0.915,0.91,0.92,493.74,183.0,218.0,15.0,0.06,196.91,0.09,218.0,0.9,529.3,0.93,493.74
2026-01-06 17:48:34.323000+00:00,2026-01-06 17:48:34.818445+00:00,214.323,0.08,0.07,0.09,0.915,0.91,0.92,246.44,430.0,510.0,15.0,0.06,196.91,0.1,496.3,0.9,496.3,0.93,245.36
2026-01-06 17:48:34.651000+00:00,2026-01-06 17:48:35.135764+00:00,214.651,0.08499999999999999,0.08,0.09,0.915,0.91,0.92,13.41,405.0,325.0,10.13,0.07,245.36,0.1,496.3,0.9,511.3,0.93,245.36
2026-01-06 17:48:35.292000+00:00,2026-01-06 17:48:35.819970+00:00,215.292,0.08499999999999999,0.08,0.09,0.92,0.91,0.93,7.31,527.0,527.0,239.7,0.07,245.36,0.1,424.3,0.9,424.3,0.94,108.91
2026-01-06 17:48:35.649000+00:00,2026-01-06 17:48:36.142816+00:00,215.649,0.07,0.06,0.08,0.9299999999999999,0.92,0.94,108.91,55.0,142.62,552.91,0.05,560.2,0.09,343.0,0.91,468.0,0.95,495.2
2026-01-06 17:48:36.339000+00:00,2026-01-06 17:48:36.826451+00:00,216.339,0.07500000000000001,0.07,0.08,0.925,0.92,0.93,20.0,203.62,42.12,45.0,0.06,504.91,0.09,529.0,0.91,519.0,0.94,514.91
2026-01-06 17:48:36.672000+00:00,2026-01-06 17:48:37.163155+00:00,216.672,0.07500000000000001,0.07,0.08,0.925,0.92,0.93,55.0,42.12,25.62,49.78,0.06,514.91,0.09,519.0,0.91,519.0,0.94,514.91
2026-01-06 17:48:37.341000+00:00,2026-01-06 17:48:37.833465+00:00,217.341,0.08499999999999999,0.08,0.09,0.915,0.91,0.92,5.0,395.0,274.0,5.0,0.07,500.84,0.1,431.3,0.9,388.3,0.93,20.0
2026-01-06 17:48:37.690000+00:00,2026-01-06 17:48:38.175761+00:00,217.69,0.08499999999999999,0.08,0.09,0.915,0.91,0.92,20.0,254.0,254.0,20.0,0.07,20.0,0.1,378.3,0.9,378.3,0.93,20.0
2026-01-06 17:48:38.335000+00:00,2026-01-06 17:48:38.843178+00:00,218.335,0.055,0.05,0.06,0.945,0.94,0.95,962.2,69.08,55.16,1148.2,0.04,741.7,0.07,218.0,0.93,218.0,0.96,722.7
2026-01-06 17:48:38.753000+00:00,2026-01-06 17:48:39.180991+00:00,218.753,0.065,0.06,0.07,0.9299999999999999,0.92,0.94,5.0,111.0,178.0,671.0,0.05,1209.2,0.08,196.0,0.91,153.0,0.95,831.2
2026-01-06 17:48:39.339000+00:00,2026-01-06 17:48:39.836979+00:00,219.339,0.07500000000000001,0.07,0.08,0.925,0.92,0.93,5.0,121.0,121.0,5.0,0.06,754.84,0.09,46.0,0.91,118.0,0.94,558.0
2026-01-06 17:48:39.723000+00:00,2026-01-06 17:48:40.202045+00:00,219.723,0.07,0.06,0.08,0.9299999999999999,0.92,0.94,538.0,121.0,121.0,538.0,0.05,839.2,0.09,123.0,0.91,123.0,0.95,839.2
2026-01-06 17:48:40.319000+00:00,2026-01-06 17:48:40.838069+00:00,220.319,0.07500000000000001,0.07,0.08,0.925,0.92,0.93,25.0,106.0,106.0,5.0,0.06,538.0,0.09,120.0,0.91,120.0,0.94,538.0
2026-01-06 17:48:40.734000+00:00,2026-01-06 17:48:41.224649+00:00,220.734,0.075,0.06,0.09,0.92,0.91,0.93,506.41,110.0,140.0,0.78,0.05,875.2,0.1,282.3,0.9,292.3,0.94,531.41
2026-01-06 17:48:41.347000+00:00,2026-01-06 17:48:41.844028+00:00,221.347,0.08,0.07,0.09,0.92,0.91,0.93,446.22,114.0,114.0,466.22,0.06,241.0,0.1,328.3,0.9,408.3,0.94,119.0
2026-01-06 17:48:41.733000+00:00,2026-01-06 17:48:42.224556+00:00,221.733,0.08,0.07,0.09,0.925,0.92,0.93,457.8,68.0,5.0,11.58,0.06,137.0,0.1,351.3,0.91,139.0,0.94,137.0
2026-01-06 17:48:42.349000+00:00,2026-01-06 17:48:42.838686+00:00,222.349,0.07,0.06,0.08,0.9299999999999999,0.92,0.94,507.0,80.0,95.0,507.0,0.05,743.2,0.09,467.0,0.91,532.0,0.95,743.2
2026-01-06 17:48:42.738000+00:00,2026-01-06 17:48:43.236159+00:00,222.738,0.07500000000000001,0.07,0.08,0.9299999999999999,0.92,0.94,5.0,70.0,70.0,500.85,0.06,507.0,0.09,452.0,0.91,452.0,0.95,743.2
2026-01-06 17:48:43.360000+00:00,2026-01-06 17:48:43.852001+00:00,223.36,0.07,0.06,0.08,0.9299999999999999,0.92,0.94,395.53,35.0,70.0,395.53,0.05,768.2,0.09,452.0,0.91,452.0,0.95,768.2
2026-01-06 17:48:43.756000+00:00,2026-01-06 17:48:44.244817+00:00,223.756,0.075,0.06,0.09,0.925,0.91,0.94,395.53,442.0,458.77,435.53,0.05,768.2,0.1,414.3,0.9,424.3,0.95,743.2
2026-01-06 17:48:44.374000+00:00,2026-01-06 17:48:44.861734+00:00,224.374,0.08499999999999999,0.08,0.09,0.915,0.91,0.92,10.0,293.1,293.1,10.0,0.07,215.0,0.1,478.3,0.9,478.3,0.93,215.0
2026-01-06 17:48:44.727000+00:00,2026-01-06 17:48:45.249996+00:00,224.727,0.08499999999999999,0.08,0.09,0.925,0.92,0.93,10.0,284.1,155.0,210.0,0.07,215.0,0.1,478.3,0.91,304.1,0.94,471.53
2026-01-06 17:48:45.359000+00:00,2026-01-06 17:48:45.869165+00:00,225.359,0.07500000000000001,0.07,0.08,0.925,0.92,0.93,88.0,283.0,272.9,88.0,0.06,53.0,0.09,413.1,0.91,413.1,0.94,53.0
2026-01-06 17:48:45.745000+00:00,2026-01-06 17:48:46.266624+00:00,225.745,0.065,0.06,0.07,0.935,0.93,0.94,53.0,67.0,52.71,493.0,0.05,419.2,0.08,192.9,0.92,172.9,0.95,424.2
2026-01-06 17:48:46.375000+00:00,2026-01-06 17:48:46.867108+00:00,226.375,0.075,0.06,0.09,0.925,0.91,0.94,579.09,214.1,214.1,579.09,0.05,489.2,0.1,496.3,0.9,496.3,0.95,489.2
2026-01-06 17:48:46.796000+00:00,2026-01-06 17:48:47.282793+00:00,226.796,0.07500000000000001,0.07,0.08,0.925,0.92,0.93,10.0,35.0,35.0,10.0,0.06,499.09,0.09,171.1,0.91,171.1,0.94,489.09
2026-01-06 17:48:47.346000+00:00,2026-01-06 17:48:47.869511+00:00,227.346,0.08499999999999999,0.08,0.09,0.915,0.91,0.92,5.0,196.1,196.1,5.0,0.07,40.0,0.1,364.3,0.9,444.3,0.93,40.0
2026-01-06 17:48:47.795000+00:00,2026-01-06 17:48:48.286533+00:00,227.795,0.08499999999999999,0.08,0.09,0.915,0.91,0.92,5.0,191.1,252.1,10.0,0.07,133.0,0.1,364.3,0.9,364.3,0.93,133.0
2026-01-06 17:48:48.355000+00:00,2026-01-06 17:48:48.868493+00:00,228.355,0.08,0.07,0.09,0.915,0.91,0.92,43.91,252.1,332.1,5.0,0.06,88.09,0.1,444.3,0.9,444.3,0.93,43.91
2026-01-06 17:48:48.802000+00:00,2026-01-06 17:48:49.305072+00:00,228.802,0.08,0.07,0.09,0.925,0.92,0.93,25.74,298.64,216.0,5.74,0.06,93.09,0.1,408.3,0.91,425.64,0.94,520.0
2026-01-06 17:48:49.371000+00:00,2026-01-06 17:48:49.876732+00:00,229.371,0.065,0.06,0.07,0.935,0.93,0.94,5.0,5.0,5.0,5.0,0.05,964.2,0.08,277.0,0.92,277.0,0.95,964.2
2026-01-06 17:48:49.841000+00:00,2026-01-06 17:48:50.312479+00:00,229.841,0.065,0.06,0.07,0.935,0.93,0.94,40.0,5.0,5.0,35.0,0.05,944.2,0.08,207.0,0.92,287.0,0.95,944.2
2026-01-06 17:48:50.351000+00:00,2026-01-06 17:48:50.887557+00:00,230.351,0.065,0.06,0.07,0.935,0.93,0.94,24.78,54.78,125.78,24.78,0.05,873.2,0.08,207.0,0.92,367.0,0.95,891.2
2026-01-06 17:48:50.824000+00:00,2026-01-06 17:48:51.324297+00:00,230.824,0.065,0.06,0.07,0.935,0.93,0.94,64.78,125.78,125.78,44.78,0.05,891.2,0.08,367.0,0.92,287.0,0.95,909.2
2026-01-06 17:48:51.408000+00:00,2026-01-06 17:48:51.902258+00:00,231.408,0.065,0.06,0.07,0.935,0.93,0.94,54.78,125.78,125.78,54.78,0.05,927.2,0.08,207.0,0.92,207.0,0.95,927.2
2026-01-06 17:48:51.731000+00:00,2026-01-06 17:48:52.342404+00:00,231.731,0.065,0.06,0.07,0.935,0.93,0.94,57.78,97.2,97.2,57.78,0.05,927.2,0.08,153.0,0.92,153.0,0.95,927.2
2026-01-06 17:48:52.406000+00:00,2026-01-06 17:48:52.905355+00:00,232.406,0.07500000000000001,0.07,0.08,0.925,0.92,0.93,5.0,153.0,153.0,15.0,0.06,113.78,0.09,500.13,0.91,500.13,0.94,88.78
2026-01-06 17:48:52.719000+00:00,2026-01-06 17:48:53.350668+00:00,232.719,0.07500000000000001,0.07,0.08,0.925,0.92,0.93,15.0,153.0,82.0,15.0,0.06,88.78,0.09,500.13,0.91,411.13,0.94,88.78
2026-01-06 17:48:53.332000+00:00,2026-01-06 17:48:53.918999+00:00,233.332,0.07500000000000001,0.07,0.08,0.925,0.92,0.93,8.87,82.0,82.0,8.87,0.06,88.78,0.09,411.13,0.91,411.13,0.94,113.78
2026-01-06 17:48:53.788000+00:00,2026-01-06 17:48:54.348190+00:00,233.788,0.07500000000000001,0.07,0.08,0.925,0.92,0.93,8.87,87.0,74.0,8.87,0.06,88.78,0.09,411.13,0.91,411.13,0.94,88.78
2026-01-06 17:48:54.439000+00:00,2026-01-06 17:48:54.926209+00:00,234.439,0.07500000000000001,0.07,0.08,0.925,0.92,0.93,8.87,230.0,307.0,8.87,0.06,83.78,0.09,411.13,0.91,357.13,0.94,24.78
2026-01-06 17:48:54.864000+00:00,2026-01-06 17:48:55.347500+00:00,234.864,0.07500000000000001,0.07,0.08,0.94,0.93,0.95,8.87,318.0,193.0,384.67,0.05,426.2,0.09,275.13,0.92,377.0,0.96,1149.7
2026-01-06 17:48:55.453000+00:00,2026-01-06 17:48:55.939964+00:00,235.453,0.055,0.05,0.06,0.945,0.94,0.95,313.67,107.0,107.0,313.67,0.04,1167.7,0.07,334.0,0.93,334.0,0.96,1289.7
2026-01-06 17:48:55.906000+00:00,2026-01-06 17:48:56.369588+00:00,235.906,0.055,0.05,0.06,0.935,0.93,0.94,341.07,61.0,71.0,19.0,0.04,1289.7,0.07,71.0,0.92,308.0,0.95,457.07
2026-01-06 17:48:56.450000+00:00,2026-01-06 17:48:56.949249+00:00,236.45,0.065,0.06,0.07,0.935,0.93,0.94,111.0,71.0,71.0,146.0,0.05,473.07,0.08,270.0,0.92,217.0,0.95,842.07
2026-01-06 17:48:56.822000+00:00,2026-01-06 17:48:57.379138+00:00,236.822,0.065,0.06,0.07,0.935,0.93,0.94,121.0,71.0,71.0,136.0,0.05,842.07,0.08,252.0,0.92,181.0,0.95,842.07
2026-01-06 17:48:57.469000+00:00,2026-01-06 17:48:57.967296+00:00,237.469,0.065,0.06,0.07,0.935,0.93,0.94,235.76,42.42,42.42,276.76,0.05,999.07,0.08,5.0,0.92,5.0,0.95,597.07
2026-01-06 17:48:57.870000+00:00,2026-01-06 17:48:58.398057+00:00,237.87,0.065,0.06,0.07,0.925,0.92,0.93,748.69,42.42,5.0,10.0,0.05,658.07,0.08,5.0,0.91,59.49,0.94,713.69
2026-01-06 17:48:58.427000+00:00,2026-01-06 17:48:58.961028+00:00,238.427,0.07500000000000001,0.07,0.08,0.925,0.92,0.93,60.0,95.0,95.0,60.0,0.06,698.69,0.09,94.49,0.91,94.49,0.94,769.69
2026-01-06 17:48:58.925000+00:00,2026-01-06 17:48:59.405428+00:00,238.925,0.07500000000000001,0.07,0.08,0.925,0.92,0.93,260.0,15.0,15.0,260.0,0.06,769.69,0.09,94.49,0.91,94.49,0.94,711.0
2026-01-06 17:48:59.404000+00:00,2026-01-06 17:48:59.975040+00:00,239.404,0.07500000000000001,0.07,0.08,0.925,0.92,0.93,278.0,10.0,10.0,278.0,0.06,693.0,0.09,58.49,0.91,40.49,0.94,693.0
2026-01-06 17:48:59.688000+00:00,2026-01-06 17:49:00.410632+00:00,239.688,0.07500000000000001,0.07,0.08,0.925,0.92,0.93,78.0,10.0,10.0,78.0,0.06,693.0,0.09,40.49,0.91,5.49,0.94,693.0
2026-01-06 17:49:00.484000+00:00,2026-01-06 17:49:00.979758+00:00,240.484,0.07500000000000001,0.07,0.08,0.925,0.92,0.93,43.0,212.0,283.0,25.0,0.06,683.0,0.09,222.49,0.91,442.49,0.94,282.0
2026-01-06 17:49:00.932000+00:00,2026-01-06 17:49:01.418208+00:00,240.932,0.07500000000000001,0.07,0.08,0.925,0.92,0.93,8.07,354.0,449.0,8.07,0.06,223.0,0.09,461.49,0.91,496.49,0.94,134.0
2026-01-06 17:49:01.511000+00:00,2026-01-06 17:49:01.989941+00:00,241.511,0.055,0.05,0.06,0.945,0.94,0.95,383.07,16.0,16.0,360.07,0.04,1632.7,0.07,273.0,0.93,254.0,0.96,1703.7
2026-01-06 17:49:01.934000+00:00,2026-01-06 17:49:02.422577+00:00,241.934,0.055,0.05,0.06,0.945,0.94,0.95,564.96,61.0,44.33,554.96,0.04,2121.7,0.07,55.0,0.93,126.0,0.96,1721.7
2026-01-06 17:49:02.501000+00:00,2026-01-06 17:49:03.007324+00:00,242.501,0.065,0.06,0.07,0.935,0.93,0.94,235.0,71.0,71.0,235.0,0.05,542.56,0.08,328.0,0.92,328.0,0.95,542.56
2026-01-06 17:49:02.943000+00:00,2026-01-06 17:49:03.436071+00:00,242.943,0.065,0.06,0.07,0.935,0.93,0.94,181.8,106.0,106.0,186.8,0.05,532.56,0.08,338.0,0.92,323.0,0.95,567.56
2026-01-06 17:49:03.535000+00:00,2026-01-06 17:49:04.021294+00:00,243.535,0.065,0.06,0.07,0.935,0.93,0.94,413.67,71.0,71.0,413.67,0.05,1280.56,0.08,294.0,0.92,111.0,0.95,1377.96
2026-01-06 17:49:03.931000+00:00,2026-01-06 17:49:04.435705+00:00,243.931,0.065,0.06,0.07,0.935,0.93,0.94,338.67,71.0,71.0,338.67,0.05,1236.96,0.08,111.0,0.92,40.0,0.95,1156.96
2026-01-06 17:49:04.440000+00:00,2026-01-06 17:49:05.024477+00:00,244.44,0.065,0.06,0.07,0.935,0.93,0.94,256.67,71.0,106.0,202.67,0.05,1156.96,0.08,40.0,0.92,375.0,0.95,650.96
2026-01-06 17:49:04.951000+00:00,2026-01-06 17:49:05.442362+00:00,244.951,0.065,0.06,0.07,0.935,0.93,0.94,179.67,459.0,388.0,184.67,0.05,562.56,0.08,473.0,0.92,534.0,0.95,527.56
2026-01-06 17:49:05.481000+00:00,2026-01-06 17:49:06.041548+00:00,245.481,0.065,0.06,0.07,0.935,0.93,0.94,5.0,369.0,384.0,5.0,0.05,527.56,0.08,524.0,0.92,524.0,0.95,527.56
2026-01-06 17:49:05.924000+00:00,2026-01-06 17:49:06.432018+00:00,245.924,0.055,0.05,0.06,0.945,0.94,0.95,272.33,127.0,212.0,272.33,0.04,996.7,0.07,545.0,0.93,616.0,0.96,996.7
2026-01-06 17:49:06.525000+00:00,2026-01-06 17:49:07.058199+00:00,246.525,0.055,0.05,0.06,0.945,0.94,0.95,72.33,308.0,385.33,72.33,0.04,891.8,0.07,679.0,0.93,679.0,0.96,891.8
2026-01-06 17:49:06.958000+00:00,2026-01-06 17:49:07.443567+00:00,246.958,0.055,0.05,0.06,0.945,0.94,0.95,72.33,207.33,207.33,72.33,0.04,925.7,0.07,697.0,0.93,697.0,0.96,749.8
2026-01-06 17:49:07.545000+00:00,2026-01-06 17:49:08.048326+00:00,247.545,0.065,0.06,0.07,0.94,0.93,0.95,7.67,697.0,687.0,72.33,0.05,72.33,0.08,477.0,0.92,477.0,0.96,784.8
2026-01-06 17:49:07.942000+00:00,2026-01-06 17:49:08.458058+00:00,247.942,0.055,0.05,0.06,0.945,0.94,0.95,102.33,186.33,186.33,102.33,0.04,759.8,0.07,687.0,0.93,616.0,0.96,764.8
2026-01-06 17:49:08.491000+00:00,2026-01-06 17:49:09.052021+00:00,248.491,0.055,0.05,0.06,0.945,0.94,0.95,102.33,132.0,132.0,102.33,0.04,880.8,0.07,448.0,0.93,448.0,0.96,914.7
2026-01-06 17:49:08.939000+00:00,2026-01-06 17:49:09.470066+00:00,248.939,0.055,0.05,0.06,0.945,0.94,0.95,102.33,208.0,213.0,102.33,0.04,914.7,0.07,528.0,0.93,386.0,0.96,834.7
2026-01-06 17:49:09.521000+00:00,2026-01-06 17:49:10.067873+00:00,249.521,0.055,0.05,0.06,0.945,0.94,0.95,102.33,203.0,203.0,102.33,0.04,834.7,0.07,306.0,0.93,306.0,0.96,904.7
2026-01-06 17:49:09.966000+00:00,2026-01-06 17:49:10.473308+00:00,249.966,0.055,0.05,0.06,0.945,0.94,0.95,102.33,191.33,196.33,102.33,0.04,904.7,0.07,386.0,0.93,386.0,0.96,704.7
2026-01-06 17:49:10.556000+00:00,2026-01-06 17:49:11.061142+00:00,250.556,0.055,0.05,0.06,0.955,0.95,0.96,102.33,191.33,255.45,534.8,0.04,577.8,0.07,501.0,0.94,191.33,0.97,1317.2
2026-01-06 17:49:11.002000+00:00,2026-01-06 17:49:11.486144+00:00,251.002,0.045,0.04,0.05,0.955,0.95,0.96,539.8,280.45,341.45,539.8,0.03,1347.2,0.06,252.0,0.94,252.0,0.97,1329.2
2026-01-06 17:49:11.488000+00:00,2026-01-06 17:49:12.076205+00:00,251.488,0.045,0.04,0.05,0.955,0.95,0.96,526.8,346.45,341.45,526.8,0.03,1347.2,0.06,342.0,0.94,342.0,0.97,1347.2
2026-01-06 17:49:12.594000+00:00,2026-01-06 17:49:13.088207+00:00,252.594,0.045,0.04,0.05,0.955,0.95,0.96,541.8,290.45,341.45,526.8,0.03,1347.2,0.06,342.0,0.94,342.0,0.97,1347.2
2026-01-06 17:49:12.998000+00:00,2026-01-06 17:49:13.505282+00:00,252.998,0.045,0.04,0.05,0.955,0.95,0.96,299.71,304.45,243.45,299.71,0.03,721.2,0.06,413.0,0.94,554.0,0.97,503.2
2026-01-06 17:49:13.618000+00:00,2026-01-06 17:49:14.097138+00:00,253.618,0.045,0.04,0.05,0.955,0.95,0.96,255.63,243.45,365.45,236.54,0.03,503.2,0.06,519.0,0.94,554.0,0.97,503.2
2026-01-06 17:49:14.018000+00:00,2026-01-06 17:49:14.510092+00:00,254.018,0.045,0.04,0.05,0.955,0.95,0.96,236.54,308.0,308.0,241.54,0.03,453.5,0.06,554.0,0.94,519.0,0.97,435.5
2026-01-06 17:49:14.583000+00:00,2026-01-06 17:49:15.101047+00:00,254.583,0.045,0.04,0.05,0.955,0.95,0.96,231.54,250.0,220.0,151.54,0.03,440.5,0.06,618.0,0.94,618.0,0.97,435.5
2026-01-06 17:49:15.002000+00:00,2026-01-06 17:49:15.509653+00:00,255.002,0.045,0.04,0.05,0.95,0.94,0.96,155.31,220.0,543.66,155.15,0.03,435.5,0.06,547.0,0.93,384.0,0.97,435.5
2026-01-06 17:49:15.591000+00:00,2026-01-06 17:49:16.106700+00:00,255.591,0.055,0.05,0.06,0.945,0.94,0.95,10.0,515.66,514.0,10.0,0.04,190.15,0.07,419.0,0.93,419.0,0.96,170.15
2026-01-06 17:49:16.003000+00:00,2026-01-06 17:49:16.522805+00:00,256.003,0.055,0.05,0.06,0.945,0.94,0.95,10.0,566.0,486.0,10.0,0.04,170.15,0.07,357.0,0.93,339.0,0.96,170.15
2026-01-06 17:49:16.628000+00:00,2026-01-06 17:49:17.113011+00:00,256.628,0.055,0.05,0.06,0.945,0.94,0.95,8.83,432.0,432.0,5.0,0.04,250.15,0.07,323.0,0.93,323.0,0.96,250.15
2026-01-06 17:49:17.059000+00:00,2026-01-06 17:49:17.534813+00:00,257.059,0.055,0.05,0.06,0.945,0.94,0.95,85.0,366.0,348.0,85.0,0.04,268.15,0.07,305.0,0.93,323.0,0.96,188.15
2026-01-06 17:49:17.640000+00:00,2026-01-06 17:49:18.128056+00:00,257.64,0.055,0.05,0.06,0.945,0.94,0.95,40.0,330.0,330.0,40.0,0.04,269.15,0.07,359.0,0.93,359.0,0.96,269.15
2026-01-06 17:49:18+00:00,2026-01-06 17:49:18.539006+00:00,258.0,0.055,0.05,0.06,0.945,0.94,0.95,35.0,259.0,231.0,29.94,0.04,269.15,0.07,359.0,0.93,359.0,0.96,269.15
2026-01-06 17:49:18.545000+00:00,2026-01-06 17:49:19.137024+00:00,258.545,0.05,0.04,0.06,0.955,0.95,0.96,294.15,219.0,5.0,294.15,0.03,974.2,0.07,359.0,0.94,219.0,0.97,974.2
2026-01-06 17:49:19.052000+00:00,2026-01-06 17:49:19.556298+00:00,259.052,0.045,0.04,0.05,0.955,0.95,0.96,158.15,203.0,208.26,163.15,0.03,491.2,0.06,353.0,0.94,353.0,0.97,446.5
2026-01-06 17:49:19.679000+00:00,2026-01-06 17:49:20.150104+00:00,259.679,0.045,0.04,0.05,0.955,0.95,0.96,283.15,501.26,506.26,283.15,0.03,451.5,0.06,423.0,0.94,423.0,0.97,451.5
2026-01-06 17:49:20.032000+00:00,2026-01-06 17:49:20.557731+00:00,260.032,0.045,0.04,0.05,0.955,0.95,0.96,277.99,561.26,561.26,277.99,0.03,451.5,0.06,423.0,0.94,423.0,0.97,451.5
2026-01-06 17:49:20.553000+00:00,2026-01-06 17:49:21.146963+00:00,260.553,0.045,0.04,0.05,0.955,0.95,0.96,281.76,401.26,401.26,286.76,0.03,446.5,0.06,423.0,0.94,423.0,0.97,526.5
2026-01-06 17:49:21.074000+00:00,2026-01-06 17:49:21.568063+00:00,261.074,0.045,0.04,0.05,0.955,0.95,0.96,361.76,400.18,400.18,366.76,0.03,526.5,0.06,273.0,0.94,273.0,0.97,526.5
2026-01-06 17:49:21.659000+00:00,2026-01-06 17:49:22.160075+00:00,261.659,0.045,0.04,0.05,0.955,0.95,0.96,291.76,481.18,481.18,291.76,0.03,446.5,0.06,273.0,0.94,273.0,0.97,446.5
2026-01-06 17:49:22.085000+00:00,2026-01-06 17:49:22.583539+00:00,262.085,0.045,0.04,0.05,0.955,0.95,0.96,266.76,435.18,415.18,271.76,0.03,451.5,0.06,273.0,0.94,273.0,0.97,446.5
2026-01-06 17:49:22.628000+00:00,2026-01-06 17:49:23.162504+00:00,262.628,0.045,0.04,0.05,0.955,0.95,0.96,276.76,420.18,420.18,268.02,0.03,446.5,0.06,353.0,0.94,273.0,0.97,446.5
2026-01-06 17:49:23.033000+00:00,2026-01-06 17:49:23.596116+00:00,263.033,0.045,0.04,0.05,0.955,0.95,0.96,268.02,258.18,258.18,273.02,0.03,246.5,0.06,273.0,0.94,273.0,0.97,246.5
2026-01-06 17:49:23.663000+00:00,2026-01-06 17:49:24.151294+00:00,263.663,0.045,0.04,0.05,0.955,0.95,0.96,278.02,263.18,263.18,278.02,0.03,316.5,0.06,353.0,0.94,353.0,0.97,316.5
2026-01-06 17:49:24.119000+00:00,2026-01-06 17:49:24.606088+00:00,264.119,0.045,0.04,0.05,0.955,0.95,0.96,268.02,258.18,258.18,273.02,0.03,316.5,0.06,273.0,0.94,273.0,0.97,316.5
2026-01-06 17:49:24.634000+00:00,2026-01-06 17:49:25.174326+00:00,264.634,0.045,0.04,0.05,0.955,0.95,0.96,268.02,414.18,414.18,268.02,0.03,451.5,0.06,423.0,0.94,423.0,0.97,451.5
2026-01-06 17:49:25.132000+00:00,2026-01-06 17:49:25.618230+00:00,265.132,0.045,0.04,0.05,0.955,0.95,0.96,258.02,338.18,338.18,258.02,0.03,446.5,0.06,423.0,0.94,423.0,0.97,446.5
2026-01-06 17:49:25.624000+00:00,2026-01-06 17:49:26.174256+00:00,265.624,0.045,0.04,0.05,0.955,0.95,0.96,268.02,263.18,293.18,268.02,0.03,446.5,0.06,423.0,0.94,423.0,0.97,446.5
2026-01-06 17:49:26.099000+00:00,2026-01-06 17:49:26.621278+00:00,266.099,0.045,0.04,0.05,0.955,0.95,0.96,258.02,414.18,570.18,253.02,0.03,446.5,0.06,423.0,0.94,423.0,0.97,451.5
2026-01-06 17:49:26.677000+00:00,2026-01-06 17:49:27.180467+00:00,266.677,0.045,0.04,0.05,0.955,0.95,0.96,240.02,575.18,500.18,118.02,0.03,451.5,0.06,423.0,0.94,423.0,0.97,451.5
2026-01-06 17:49:27.119000+00:00,2026-01-06 17:49:27.616479+00:00,267.119,0.045,0.04,0.05,0.955,0.95,0.96,40.79,586.18,506.18,40.79,0.03,476.5,0.06,433.0,0.94,433.0,0.97,476.5
2026-01-06 17:49:27.691000+00:00,2026-01-06 17:49:28.195206+00:00,267.691,0.045,0.04,0.05,0.955,0.95,0.96,45.79,511.18,511.18,45.63,0.03,476.5,0.06,433.0,0.94,433.0,0.97,476.5
2026-01-06 17:49:28.111000+00:00,2026-01-06 17:49:28.616055+00:00,268.111,0.045,0.04,0.05,0.955,0.95,0.96,30.63,551.81,556.81,30.63,0.03,476.5,0.06,433.0,0.94,433.0,0.97,476.5
2026-01-06 17:49:28.685000+00:00,2026-01-06 17:49:29.190539+00:00,268.685,0.045,0.04,0.05,0.955,0.95,0.96,40.63,561.81,561.81,45.63,0.03,476.5,0.06,433.0,0.94,433.0,0.97,476.5
2026-01-06 17:49:29+00:00,2026-01-06 17:49:29.616638+00:00,269.0,0.045,0.04,0.05,0.955,0.95,0.96,50.63,495.81,551.81,30.63,0.03,476.5,0.06,433.0,0.94,433.0,0.97,476.5
2026-01-06 17:49:29.712000+00:00,2026-01-06 17:49:30.202463+00:00,269.712,0.045,0.04,0.05,0.955,0.95,0.96,30.63,641.81,646.81,30.63,0.03,441.5,0.06,433.0,0.94,433.0,0.97,441.5
2026-01-06 17:49:30.070000+00:00,2026-01-06 17:49:30.618450+00:00,270.07,0.045,0.04,0.05,0.955,0.95,0.96,30.63,504.81,489.81,30.63,0.03,241.5,0.06,433.0,0.94,433.0,0.97,241.5
2026-01-06 17:49:30.629000+00:00,2026-01-06 17:49:31.207471+00:00,270.629,0.035,0.03,0.04,0.965,0.96,0.97,210.5,65.37,65.37,258.85,0.02,1665.51,0.05,530.81,0.95,530.81,0.98,1665.51
2026-01-06 17:49:31.084000+00:00,2026-01-06 17:49:31.624588+00:00,271.084,0.035,0.03,0.04,0.965,0.96,0.97,383.85,65.37,65.37,393.85,0.02,1640.51,0.05,450.81,0.95,450.81,0.98,1640.51
2026-01-06 17:49:31.650000+00:00,2026-01-06 17:49:32.198112+00:00,271.65,0.04,0.03,0.05,0.955,0.95,0.96,293.85,440.81,493.81,5.0,0.02,1640.51,0.06,301.0,0.94,301.0,0.97,311.85
2026-01-06 17:49:32.136000+00:00,2026-01-06 17:49:32.628296+00:00,272.136,0.045,0.04,0.05,0.955,0.95,0.96,10.0,404.81,404.81,15.0,0.03,386.85,0.06,283.0,0.94,283.0,0.97,386.85
2026-01-06 17:49:32.726000+00:00,2026-01-06 17:49:33.217135+00:00,272.726,0.045,0.04,0.05,0.955,0.95,0.96,10.0,404.81,404.81,15.0,0.03,291.85,0.06,283.0,0.94,283.0,0.97,291.85
2026-01-06 17:49:33.141000+00:00,2026-01-06 17:49:33.644621+00:00,273.141,0.045,0.04,0.05,0.955,0.95,0.96,15.0,333.81,333.81,20.0,0.03,491.85,0.06,283.0,0.94,283.0,0.97,491.85
2026-01-06 17:49:33.727000+00:00,2026-01-06 17:49:34.231659+00:00,273.727,0.045,0.04,0.05,0.955,0.95,0.96,20.0,338.81,338.81,20.0,0.03,491.85,0.06,283.0,0.94,283.0,0.97,491.85
2026-01-06 17:49:34.160000+00:00,2026-01-06 17:49:34.647835+00:00,274.16,0.045,0.04,0.05,0.955,0.95,0.96,110.0,303.81,303.81,115.0,0.03,1035.85,0.06,308.0,0.94,308.0,0.97,1028.85
2026-01-06 17:49:34.733000+00:00,2026-01-06 17:49:35.230074+00:00,274.733,0.045,0.04,0.05,0.955,0.95,0.96,25.0,270.81,270.81,25.0,0.03,1060.2,0.06,308.0,0.94,308.0,0.97,1035.2
2026-01-06 17:49:35.083000+00:00,2026-01-06 17:49:35.636095+00:00,275.083,0.045,0.04,0.05,0.955,0.95,0.96,133.0,45.89,50.89,133.0,0.03,1017.2,0.06,308.0,0.94,308.0,0.97,1017.2
2026-01-06 17:49:35.736000+00:00,2026-01-06 17:49:36.240994+00:00,275.736,0.05,0.04,0.06,0.95,0.94,0.96,28.0,308.0,308.0,28.0,0.03,1017.2,0.07,244.0,0.93,244.0,0.97,1017.2
2026-01-06 17:49:36.089000+00:00,2026-01-06 17:49:36.643667+00:00,276.089,0.05,0.04,0.06,0.95,0.94,0.96,46.0,272.0,272.0,46.0,0.03,999.2,0.07,280.0,0.93,280.0,0.97,999.2
2026-01-06 17:49:36.756000+00:00,2026-01-06 17:49:37.244447+00:00,276.756,0.055,0.05,0.06,0.945,0.94,0.95,5.0,272.0,277.0,5.0,0.04,41.0,0.07,360.0,0.93,360.0,0.96,41.0
2026-01-06 17:49:37.157000+00:00,2026-01-06 17:49:37.666767+00:00,277.157,0.055,0.05,0.06,0.945,0.94,0.95,5.0,460.0,426.66,5.0,0.04,41.0,0.07,412.0,0.93,412.0,0.96,41.0
2026-01-06 17:49:37.717000+00:00,2026-01-06 17:49:38.246277+00:00,277.717,0.045,0.04,0.05,0.955,0.95,0.96,18.0,188.0,249.0,28.0,0.03,929.2,0.06,336.66,0.94,336.66,0.97,954.2
2026-01-06 17:49:38.759000+00:00,2026-01-06 17:49:39.265569+00:00,278.759,0.045,0.04,0.05,0.955,0.95,0.96,146.35,249.0,249.0,151.35,0.03,1017.2,0.06,256.66,0.94,256.66,0.97,1017.2
2026-01-06 17:49:38.980000+00:00,2026-01-06 17:49:39.707209+00:00,278.98,0.045,0.04,0.05,0.955,0.95,0.96,151.35,249.0,249.0,71.35,0.03,1017.2,0.06,256.66,0.94,256.66,0.97,1017.2
2026-01-06 17:49:39.590000+00:00,2026-01-06 17:49:40.280809+00:00,279.59,0.045,0.04,0.05,0.955,0.95,0.96,261.35,249.0,249.0,261.35,0.03,1017.2,0.06,256.66,0.94,274.66,0.97,1017.2
2026-01-06 17:49:40.783000+00:00,2026-01-06 17:49:41.288644+00:00,280.783,0.045,0.04,0.05,0.955,0.95,0.96,43.35,400.0,400.0,25.35,0.03,483.5,0.06,424.66,0.94,424.66,0.97,458.5
2026-01-06 17:49:40.977000+00:00,2026-01-06 17:49:41.729883+00:00,280.977,0.045,0.04,0.05,0.955,0.95,0.96,25.35,400.0,400.0,25.35,0.03,503.2,0.06,424.66,0.94,424.66,0.97,503.2
2026-01-06 17:49:41.761000+00:00,2026-01-06 17:49:42.296695+00:00,281.761,0.045,0.04,0.05,0.955,0.95,0.96,30.35,320.0,300.0,35.35,0.03,947.2,0.06,424.66,0.94,424.66,0.97,947.2
2026-01-06 17:49:42.177000+00:00,2026-01-06 17:49:42.750051+00:00,282.177,0.045,0.04,0.05,0.955,0.95,0.96,35.35,142.0,142.0,35.35,0.03,965.2,0.06,424.66,0.94,424.66,0.97,965.2
2026-01-06 17:49:42.712000+00:00,2026-01-06 17:49:43.305632+00:00,282.712,0.045,0.04,0.05,0.955,0.95,0.96,30.35,264.0,269.0,15.0,0.03,965.2,0.06,424.66,0.94,424.66,0.97,965.2
2026-01-06 17:49:43.190000+00:00,2026-01-06 17:49:43.754790+00:00,283.19,0.045,0.04,0.05,0.955,0.95,0.96,20.0,335.0,335.0,20.0,0.03,1035.2,0.06,424.66,0.94,424.66,0.97,1035.2
2026-01-06 17:49:43.783000+00:00,2026-01-06 17:49:44.305891+00:00,283.783,0.045,0.04,0.05,0.955,0.95,0.96,5.0,401.0,401.0,10.0,0.03,1040.2,0.06,424.66,0.94,424.66,0.97,1040.2
2026-01-06 17:49:44.229000+00:00,2026-01-06 17:49:44.765184+00:00,284.229,0.045,0.04,0.05,0.955,0.95,0.96,18.12,259.0,259.0,23.12,0.03,1035.2,0.06,424.66,0.94,424.66,0.97,1035.2
2026-01-06 17:49:44.734000+00:00,2026-01-06 17:49:45.306098+00:00,284.734,0.045,0.04,0.05,0.955,0.95,0.96,5.0,254.0,254.0,5.0,0.03,1035.2,0.06,424.66,0.94,424.66,0.97,1035.2
2026-01-06 17:49:45.273000+00:00,2026-01-06 17:49:45.782513+00:00,285.273,0.045,0.04,0.05,0.955,0.95,0.96,10.0,254.0,254.0,10.0,0.03,1035.2,0.06,424.66,0.94,424.66,0.97,1035.2
2026-01-06 17:49:45.771000+00:00,2026-01-06 17:49:46.315637+00:00,285.771,0.04,0.03,0.05,0.96,0.95,0.97,1025.2,254.0,254.0,1025.2,0.02,1262.51,0.06,424.66,0.94,424.66,0.98,1262.51
2026-01-06 17:49:46.299000+00:00,2026-01-06 17:49:46.785203+00:00,286.299,0.035,0.03,0.04,0.965,0.96,0.97,901.2,16.0,21.0,407.5,0.02,1280.51,0.05,352.0,0.95,423.0,0.98,1747.51
2026-01-06 17:49:46.807000+00:00,2026-01-06 17:49:47.309988+00:00,286.807,0.035,0.03,0.04,0.965,0.96,0.97,1032.55,11.0,11.0,1032.55,0.02,1287.51,0.05,325.0,0.95,325.0,0.98,1244.51
2026-01-06 17:49:47.306000+00:00,2026-01-06 17:49:47.803896+00:00,287.306,0.055,0.05,0.06,0.945,0.94,0.95,736.0,424.66,424.66,736.0,0.04,205.0,0.07,394.0,0.93,394.0,0.96,5.0
2026-01-06 17:49:47.834000+00:00,2026-01-06 17:49:48.326253+00:00,287.834,0.055,0.05,0.06,0.945,0.94,0.95,725.0,424.66,509.66,750.0,0.04,5.0,0.07,394.0,0.93,394.0,0.96,5.0
2026-01-06 17:49:48.321000+00:00,2026-01-06 17:49:48.811182+00:00,288.321,0.055,0.05,0.06,0.945,0.94,0.95,573.73,473.66,243.66,523.55,0.04,23.0,0.07,430.0,0.93,430.0,0.96,23.0
2026-01-06 17:49:48.625000+00:00,2026-01-06 17:49:49.338167+00:00,288.625,0.055,0.05,0.06,0.945,0.94,0.95,508.33,261.33,251.33,508.33,0.04,23.0,0.07,445.0,0.93,445.0,0.96,223.0
2026-01-06 17:49:49.066000+00:00,2026-01-06 17:49:49.823119+00:00,289.066,0.055,0.05,0.06,0.945,0.94,0.95,508.33,336.33,336.33,533.33,0.04,23.0,0.07,445.0,0.93,445.0,0.96,23.0
2026-01-06 17:49:49.863000+00:00,2026-01-06 17:49:50.348436+00:00,289.863,0.055,0.05,0.06,0.945,0.94,0.95,508.33,358.33,268.33,508.33,0.04,59.0,0.07,445.0,0.93,445.0,0.96,59.0
2026-01-06 17:49:50.293000+00:00,2026-01-06 17:49:50.828705+00:00,290.293,0.055,0.05,0.06,0.945,0.94,0.95,508.33,268.33,268.33,508.33,0.04,59.0,0.07,277.0,0.93,277.0,0.96,59.0
2026-01-06 17:49:50.861000+00:00,2026-01-06 17:49:51.347247+00:00,290.861,0.055,0.05,0.06,0.945,0.94,0.95,573.33,298.33,443.33,573.33,0.04,74.0,0.07,418.0,0.93,516.0,0.96,74.0
2026-01-06 17:49:51.313000+00:00,2026-01-06 17:49:51.849488+00:00,291.313,0.055,0.05,0.06,0.945,0.94,0.95,493.33,529.33,534.64,371.33,0.04,74.0,0.07,516.0,0.93,516.0,0.96,74.0
