timestamp,collected_at,seconds,mid,bid,ask,asset
2026-01-06 09:00:00+00:00,2026-01-06 09:06:48.287722+00:00,0.0,3216.642,3216.5,3216.74,ETH
2026-01-06 09:00:01+00:00,2026-01-06 09:06:49.286075+00:00,1.0,3216.862,3216.75,3217.19,ETH
2026-01-06 09:00:02+00:00,2026-01-06 09:06:50.298820+00:00,2.0,3217.392,3217.27,3217.83,ETH
2026-01-06 09:00:03+00:00,2026-01-06 09:06:51.322160+00:00,3.0,3218.022,3217.85,3218.35,ETH
2026-01-06 09:00:04+00:00,2026-01-06 09:06:52.337052+00:00,4.0,3218.272,3218.09,3218.53,ETH
2026-01-06 09:00:05+00:00,2026-01-06 09:06:53.338085+00:00,5.0,3218.262,3218.09,3218.54,ETH
2026-01-06 09:00:06+00:00,2026-01-06 09:06:54.337042+00:00,6.0,3218.272,3218.04,3218.5,ETH
2026-01-06 09:00:07+00:00,2026-01-06 09:06:55.334999+00:00,7.0,3218.222,3217.99,3218.44,ETH
2026-01-06 09:00:08+00:00,2026-01-06 09:06:56.359903+00:00,8.0,3218.112,3217.99,3218.43,ETH
2026-01-06 09:00:09+00:00,2026-01-06 09:06:57.365700+00:00,9.0,3218.052,3217.87,3218.32,ETH
2026-01-06 09:00:10+00:00,2026-01-06 09:06:58.350440+00:00,10.0,3217.852,3217.61,3217.97,ETH
2026-01-06 09:00:11+00:00,2026-01-06 09:06:59.349884+00:00,11.0,3217.652,3217.47,3217.73,ETH
2026-01-06 09:00:12+00:00,2026-01-06 09:07:00.353346+00:00,12.0,3217.652,3217.47,3217.74,ETH
2026-01-06 09:00:13+00:00,2026-01-06 09:07:01.367064+00:00,13.0,3217.652,3217.47,3217.74,ETH
2026-01-06 09:00:14+00:00,2026-01-06 09:07:02.458304+00:00,14.0,3217.652,3217.47,3217.74,ETH
2026-01-06 09:00:15+00:00,2026-01-06 09:07:03.451132+00:00,15.0,3217.652,3217.47,3217.86,ETH
2026-01-06 09:00:16+00:00,2026-01-06 09:07:04.467932+00:00,16.0,3217.982,3217.8,3218.16,ETH
2026-01-06 09:00:17+00:00,2026-01-06 09:07:05.493280+00:00,17.0,3217.982,3217.83,3218.17,ETH
2026-01-06 09:00:18+00:00,2026-01-06 09:07:06.480992+00:00,18.0,3217.982,3217.84,3218.45,ETH
2026-01-06 09:00:19+00:00,2026-01-06 09:07:07.488521+00:00,19.0,3217.982,3217.84,3218.45,ETH
2026-01-06 09:00:20+00:00,2026-01-06 09:07:08.488580+00:00,20.0,3217.982,3217.84,3218.35,ETH
2026-01-06 09:00:21+00:00,2026-01-06 09:07:09.484594+00:00,21.0,3218.092,3217.95,3218.39,ETH
2026-01-06 09:00:22+00:00,2026-01-06 09:07:10.502132+00:00,22.0,3218.212,3217.98,3218.46,ETH
2026-01-06 09:00:23+00:00,2026-01-06 09:07:11.513871+00:00,23.0,3218.292,3217.99,3218.44,ETH
2026-01-06 09:00:24+00:00,2026-01-06 09:07:12.523215+00:00,24.0,3218.552,3218.3,3218.72,ETH
2026-01-06 09:00:25+00:00,2026-01-06 09:07:13.534891+00:00,25.0,3218.482,3218.3,3218.75,ETH
2026-01-06 09:00:26+00:00,2026-01-06 09:07:14.536131+00:00,26.0,3218.482,3218.3,3218.74,ETH
2026-01-06 09:00:27+00:00,2026-01-06 09:07:15.552945+00:00,27.0,3218.662,3218.48,3218.97,ETH
2026-01-06 09:00:28+00:00,2026-01-06 09:07:16.551716+00:00,28.0,3219.672,3219.37,3219.79,ETH
2026-01-06 09:00:29+00:00,2026-01-06 09:07:17.563378+00:00,29.0,3219.832,3219.63,3219.96,ETH
2026-01-06 09:00:30+00:00,2026-01-06 09:07:18.586064+00:00,30.0,3219.992,3219.89,3220.13,ETH
2026-01-06 09:00:31+00:00,2026-01-06 09:07:19.578615+00:00,31.0,3219.672,3219.57,3219.74,ETH
2026-01-06 09:00:32+00:00,2026-01-06 09:07:20.585999+00:00,32.0,3219.152,3219.07,3219.19,ETH
2026-01-06 09:00:33+00:00,2026-01-06 09:07:21.601707+00:00,33.0,3218.572,3218.44,3218.96,ETH
2026-01-06 09:00:34+00:00,2026-01-06 09:07:22.601316+00:00,34.0,3218.462,3218.38,3218.76,ETH
2026-01-06 09:00:35+00:00,2026-01-06 09:07:23.606274+00:00,35.0,3218.422,3218.28,3218.55,ETH
2026-01-06 09:00:36+00:00,2026-01-06 09:07:24.615231+00:00,36.0,3218.422,3218.27,3218.56,ETH
2026-01-06 09:00:37+00:00,2026-01-06 09:07:25.618316+00:00,37.0,3218.422,3218.31,3218.55,ETH
2026-01-06 09:00:38+00:00,2026-01-06 09:07:26.626144+00:00,38.0,3218.422,3218.28,3218.56,ETH
2026-01-06 09:00:39+00:00,2026-01-06 09:07:27.685448+00:00,39.0,3218.402,3218.16,3218.51,ETH
2026-01-06 09:00:40+00:00,2026-01-06 09:07:28.692730+00:00,40.0,3218.422,3218.28,3218.71,ETH
2026-01-06 09:00:41+00:00,2026-01-06 09:07:29.697874+00:00,41.0,3218.422,3218.27,3218.72,ETH
2026-01-06 09:00:42+00:00,2026-01-06 09:07:30.717765+00:00,42.0,3218.422,3218.31,3218.76,ETH
2026-01-06 09:00:43+00:00,2026-01-06 09:07:31.704088+00:00,43.0,3218.422,3218.31,3218.56,ETH
2026-01-06 09:00:44+00:00,2026-01-06 09:07:32.701415+00:00,44.0,3218.422,3218.33,3218.56,ETH
2026-01-06 09:00:45+00:00,2026-01-06 09:07:33.707790+00:00,45.0,3218.422,3218.31,3218.55,ETH
2026-01-06 09:00:46+00:00,2026-01-06 09:07:34.712278+00:00,46.0,3218.422,3218.31,3218.55,ETH
2026-01-06 09:00:47+00:00,2026-01-06 09:07:35.716645+00:00,47.0,3218.272,3218.17,3218.53,ETH
2026-01-06 09:00:48+00:00,2026-01-06 09:07:36.731238+00:00,48.0,3218.272,3218.17,3218.53,ETH
2026-01-06 09:00:49+00:00,2026-01-06 09:07:37.748372+00:00,49.0,3218.302,3218.1,3218.45,ETH
2026-01-06 09:00:50+00:00,2026-01-06 09:07:38.767860+00:00,50.0,3218.302,3218.1,3218.38,ETH
2026-01-06 09:00:51+00:00,2026-01-06 09:07:39.800031+00:00,51.0,3218.222,3218.1,3218.37,ETH
2026-01-06 09:00:52+00:00,2026-01-06 09:07:40.797740+00:00,52.0,3218.202,3218.1,3218.31,ETH
2026-01-06 09:00:53+00:00,2026-01-06 09:07:41.801568+00:00,53.0,3218.202,3218.1,3218.32,ETH
2026-01-06 09:00:54+00:00,2026-01-06 09:07:42.800591+00:00,54.0,3218.182,3218.1,3218.21,ETH
2026-01-06 09:00:55+00:00,2026-01-06 09:07:43.801573+00:00,55.0,3218.112,3218.1,3218.31,ETH
2026-01-06 09:00:56+00:00,2026-01-06 09:07:44.801013+00:00,56.0,3218.142,3218.1,3218.26,ETH
2026-01-06 09:00:57+00:00,2026-01-06 09:07:45.815817+00:00,57.0,3218.142,3218.1,3218.21,ETH
2026-01-06 09:00:58+00:00,2026-01-06 09:07:46.817097+00:00,58.0,3218.162,3218.1,3218.21,ETH
2026-01-06 09:00:59+00:00,2026-01-06 09:07:47.831727+00:00,59.0,3218.222,3218.1,3218.24,ETH
2026-01-06 09:01:00+00:00,2026-01-06 09:07:48.838852+00:00,60.0,3218.132,3218.09,3218.25,ETH
2026-01-06 09:01:01+00:00,2026-01-06 09:07:49.837417+00:00,61.0,3218.132,3218.09,3218.24,ETH
2026-01-06 09:01:02+00:00,2026-01-06 09:07:50.850051+00:00,62.0,3218.102,3218.09,3218.22,ETH
2026-01-06 09:01:03+00:00,2026-01-06 09:07:51.871948+00:00,63.0,3218.102,3218.09,3218.21,ETH
2026-01-06 09:01:04+00:00,2026-01-06 09:07:53.834840+00:00,64.0,3218.102,3218.09,3218.19,ETH
2026-01-06 09:01:05+00:00,2026-01-06 09:07:54.842075+00:00,65.0,3218.102,3218.09,3218.19,ETH
2026-01-06 09:01:06+00:00,2026-01-06 09:07:55.848296+00:00,66.0,3218.102,3218.08,3218.17,ETH
2026-01-06 09:01:07+00:00,2026-01-06 09:07:56.849064+00:00,67.0,3218.102,3218.08,3218.16,ETH
2026-01-06 09:01:08+00:00,2026-01-06 09:07:57.833816+00:00,68.0,3218.072,3218.04,3218.18,ETH
2026-01-06 09:01:09+00:00,2026-01-06 09:07:58.847983+00:00,69.0,3218.022,3217.96,3218.18,ETH
2026-01-06 09:01:10+00:00,2026-01-06 09:07:59.835595+00:00,70.0,3218.012,3217.92,3218.18,ETH
2026-01-06 09:01:11+00:00,2026-01-06 09:08:00.832450+00:00,71.0,3218.022,3217.92,3218.19,ETH
2026-01-06 09:01:12+00:00,2026-01-06 09:08:01.866813+00:00,72.0,3218.122,3218.02,3218.3,ETH
2026-01-06 09:01:13+00:00,2026-01-06 09:08:02.868196+00:00,73.0,3218.602,3218.56,3218.8,ETH
2026-01-06 09:01:14+00:00,2026-01-06 09:08:03.880583+00:00,74.0,3219.132,3219.0,3219.4,ETH
2026-01-06 09:01:15+00:00,2026-01-06 09:08:04.904210+00:00,75.0,3219.302,3219.05,3219.58,ETH
2026-01-06 09:01:16+00:00,2026-01-06 09:08:05.903354+00:00,76.0,3219.362,3219.13,3219.56,ETH
2026-01-06 09:01:17+00:00,2026-01-06 09:08:06.916471+00:00,77.0,3219.462,3219.22,3219.58,ETH
2026-01-06 09:01:18+00:00,2026-01-06 09:08:07.931362+00:00,78.0,3219.932,3219.71,3220.06,ETH
2026-01-06 09:01:19+00:00,2026-01-06 09:08:08.949034+00:00,79.0,3220.402,3220.21,3220.57,ETH
2026-01-06 09:01:20+00:00,2026-01-06 09:08:09.952204+00:00,80.0,3220.352,3220.17,3220.58,ETH
2026-01-06 09:01:21+00:00,2026-01-06 09:08:10.968023+00:00,81.0,3220.152,3219.98,3220.46,ETH
2026-01-06 09:01:22+00:00,2026-01-06 09:08:11.968643+00:00,82.0,3220.002,3219.81,3220.32,ETH
2026-01-06 09:01:23+00:00,2026-01-06 09:08:12.977584+00:00,83.0,3219.952,3219.76,3220.22,ETH
2026-01-06 09:01:24+00:00,2026-01-06 09:08:13.966226+00:00,84.0,3219.972,3219.83,3220.23,ETH
2026-01-06 09:01:25+00:00,2026-01-06 09:08:14.964482+00:00,85.0,3219.962,3219.88,3220.25,ETH
2026-01-06 09:01:26+00:00,2026-01-06 09:08:15.973060+00:00,86.0,3219.982,3219.93,3220.39,ETH
2026-01-06 09:01:27+00:00,2026-01-06 09:08:16.978828+00:00,87.0,3220.002,3219.99,3220.52,ETH
2026-01-06 09:01:28+00:00,2026-01-06 09:08:17.992449+00:00,88.0,3220.362,3219.99,3220.68,ETH
2026-01-06 09:01:29+00:00,2026-01-06 09:08:18.993718+00:00,89.0,3220.242,3220.18,3220.81,ETH
2026-01-06 09:01:30+00:00,2026-01-06 09:08:20.001142+00:00,90.0,3220.192,3220.18,3220.59,ETH
2026-01-06 09:01:31+00:00,2026-01-06 09:08:21.001613+00:00,91.0,3220.192,3220.14,3220.45,ETH
2026-01-06 09:01:32+00:00,2026-01-06 09:08:22.058255+00:00,92.0,3220.192,3220.14,3220.44,ETH
2026-01-06 09:01:33+00:00,2026-01-06 09:08:23.065033+00:00,93.0,3220.192,3220.14,3220.45,ETH
2026-01-06 09:01:34+00:00,2026-01-06 09:08:24.060374+00:00,94.0,3220.192,3220.16,3220.46,ETH
2026-01-06 09:01:35+00:00,2026-01-06 09:08:25.095121+00:00,95.0,3220.222,3220.16,3220.49,ETH
2026-01-06 09:01:36+00:00,2026-01-06 09:08:26.096748+00:00,96.0,3220.282,3220.16,3220.49,ETH
2026-01-06 09:01:37+00:00,2026-01-06 09:08:27.101333+00:00,97.0,3220.342,3220.21,3220.53,ETH
2026-01-06 09:01:38+00:00,2026-01-06 09:08:28.108944+00:00,98.0,3220.372,3220.21,3220.44,ETH
2026-01-06 09:01:39+00:00,2026-01-06 09:08:29.119929+00:00,99.0,3220.322,3220.21,3220.39,ETH
2026-01-06 09:01:40+00:00,2026-01-06 09:08:30.116764+00:00,100.0,3220.332,3220.25,3220.43,ETH
2026-01-06 09:01:41+00:00,2026-01-06 09:08:31.110363+00:00,101.0,3220.332,3220.25,3220.42,ETH
2026-01-06 09:01:42+00:00,2026-01-06 09:08:32.167354+00:00,102.0,3220.442,3220.29,3220.54,ETH
2026-01-06 09:01:43+00:00,2026-01-06 09:08:33.172343+00:00,103.0,3220.482,3220.34,3220.57,ETH
2026-01-06 09:01:44+00:00,2026-01-06 09:08:34.196422+00:00,104.0,3220.502,3220.35,3220.54,ETH
2026-01-06 09:01:45+00:00,2026-01-06 09:08:35.188631+00:00,105.0,3220.492,3220.32,3220.6,ETH
2026-01-06 09:01:46+00:00,2026-01-06 09:08:36.184319+00:00,106.0,3220.482,3220.3,3220.67,ETH
2026-01-06 09:01:47+00:00,2026-01-06 09:08:37.194635+00:00,107.0,3220.562,3220.41,3220.86,ETH
2026-01-06 09:01:48+00:00,2026-01-06 09:08:38.194839+00:00,108.0,3220.682,3220.53,3221.01,ETH
2026-01-06 09:01:49+00:00,2026-01-06 09:08:39.188697+00:00,109.0,3220.722,3220.53,3220.97,ETH
2026-01-06 09:01:50+00:00,2026-01-06 09:08:40.212529+00:00,110.0,3220.712,3220.53,3220.92,ETH
2026-01-06 09:01:51+00:00,2026-01-06 09:08:41.208652+00:00,111.0,3220.672,3220.52,3220.96,ETH
2026-01-06 09:01:52+00:00,2026-01-06 09:08:42.229287+00:00,112.0,3220.632,3220.51,3221.02,ETH
2026-01-06 09:01:53+00:00,2026-01-06 09:08:43.226878+00:00,113.0,3220.632,3220.52,3221.01,ETH
2026-01-06 09:01:54+00:00,2026-01-06 09:08:44.262410+00:00,114.0,3220.632,3220.52,3221.03,ETH
2026-01-06 09:01:55+00:00,2026-01-06 09:08:45.248257+00:00,115.0,3220.632,3220.51,3220.87,ETH
2026-01-06 09:01:56+00:00,2026-01-06 09:08:46.263752+00:00,116.0,3220.632,3220.51,3220.88,ETH
2026-01-06 09:01:57+00:00,2026-01-06 09:08:47.281272+00:00,117.0,3220.632,3220.51,3220.87,ETH
2026-01-06 09:01:58+00:00,2026-01-06 09:08:48.278865+00:00,118.0,3220.642,3220.52,3220.89,ETH
2026-01-06 09:01:59+00:00,2026-01-06 09:08:49.286754+00:00,119.0,3220.632,3220.52,3220.87,ETH
2026-01-06 09:02:00+00:00,2026-01-06 09:08:50.281751+00:00,120.0,3220.472,3220.38,3220.92,ETH
2026-01-06 09:02:01+00:00,2026-01-06 09:08:51.328288+00:00,121.0,3220.352,3220.29,3220.95,ETH
2026-01-06 09:02:02+00:00,2026-01-06 09:08:52.363117+00:00,122.0,3220.402,3220.29,3220.93,ETH
2026-01-06 09:02:03+00:00,2026-01-06 09:08:53.367178+00:00,123.0,3220.382,3220.2,3220.78,ETH
2026-01-06 09:02:04+00:00,2026-01-06 09:08:54.381865+00:00,124.0,3220.412,3220.38,3220.81,ETH
2026-01-06 09:02:05+00:00,2026-01-06 09:08:55.366634+00:00,125.0,3220.412,3220.38,3220.91,ETH
2026-01-06 09:02:06+00:00,2026-01-06 09:08:56.365310+00:00,126.0,3220.362,3220.29,3220.91,ETH
2026-01-06 09:02:07+00:00,2026-01-06 09:08:57.365007+00:00,127.0,3220.402,3220.35,3220.75,ETH
2026-01-06 09:02:08+00:00,2026-01-06 09:08:58.380027+00:00,128.0,3220.422,3220.35,3220.55,ETH
2026-01-06 09:02:09+00:00,2026-01-06 09:08:59.385611+00:00,129.0,3220.512,3220.37,3220.75,ETH
2026-01-06 09:02:10+00:00,2026-01-06 09:09:00.401760+00:00,130.0,3220.532,3220.38,3220.91,ETH
2026-01-06 09:02:11+00:00,2026-01-06 09:09:01.401265+00:00,131.0,3220.552,3220.42,3220.65,ETH
2026-01-06 09:02:12+00:00,2026-01-06 09:09:02.399583+00:00,132.0,3220.552,3220.42,3220.65,ETH
2026-01-06 09:02:13+00:00,2026-01-06 09:09:03.397589+00:00,133.0,3220.942,3220.79,3221.11,ETH
2026-01-06 09:02:14+00:00,2026-01-06 09:09:04.417270+00:00,134.0,3220.842,3220.79,3221.2,ETH
2026-01-06 09:02:15+00:00,2026-01-06 09:09:05.411568+00:00,135.0,3220.822,3220.76,3221.05,ETH
2026-01-06 09:02:16+00:00,2026-01-06 09:09:06.415777+00:00,136.0,3220.802,3220.73,3221.01,ETH
2026-01-06 09:02:17+00:00,2026-01-06 09:09:07.416779+00:00,137.0,3220.802,3220.73,3221.1,ETH
2026-01-06 09:02:18+00:00,2026-01-06 09:09:08.434218+00:00,138.0,3220.802,3220.69,3221.09,ETH
2026-01-06 09:02:19+00:00,2026-01-06 09:09:09.436105+00:00,139.0,3220.802,3220.65,3221.09,ETH
2026-01-06 09:02:20+00:00,2026-01-06 09:09:10.442695+00:00,140.0,3220.862,3220.66,3221.06,ETH
2026-01-06 09:02:21+00:00,2026-01-06 09:09:11.466036+00:00,141.0,3221.152,3220.95,3221.31,ETH
2026-01-06 09:02:22+00:00,2026-01-06 09:09:12.442774+00:00,142.0,3221.392,3221.23,3221.67,ETH
2026-01-06 09:02:23+00:00,2026-01-06 09:09:13.466669+00:00,143.0,3221.402,3221.23,3221.74,ETH
2026-01-06 09:02:24+00:00,2026-01-06 09:09:14.462296+00:00,144.0,3221.402,3221.21,3221.74,ETH
2026-01-06 09:02:25+00:00,2026-01-06 09:09:15.466331+00:00,145.0,3221.392,3221.18,3221.7,ETH
2026-01-06 09:02:26+00:00,2026-01-06 09:09:16.478228+00:00,146.0,3221.172,3221.05,3221.49,ETH
2026-01-06 09:02:27+00:00,2026-01-06 09:09:17.478918+00:00,147.0,3220.882,3220.75,3221.2,ETH
2026-01-06 09:02:28+00:00,2026-01-06 09:09:18.479521+00:00,148.0,3220.802,3220.56,3221.03,ETH
2026-01-06 09:02:29+00:00,2026-01-06 09:09:19.492354+00:00,149.0,3220.802,3220.53,3220.94,ETH
2026-01-06 09:02:30+00:00,2026-01-06 09:09:20.501370+00:00,150.0,3220.832,3220.55,3221.06,ETH
2026-01-06 09:02:31+00:00,2026-01-06 09:09:21.495907+00:00,151.0,3221.002,3220.71,3221.27,ETH
2026-01-06 09:02:32+00:00,2026-01-06 09:09:22.506590+00:00,152.0,3221.242,3220.94,3221.37,ETH
2026-01-06 09:02:33+00:00,2026-01-06 09:09:23.551457+00:00,153.0,3221.362,3221.06,3221.49,ETH
2026-01-06 09:02:34+00:00,2026-01-06 09:09:24.547075+00:00,154.0,3221.362,3221.06,3221.59,ETH
2026-01-06 09:02:35+00:00,2026-01-06 09:09:25.558235+00:00,155.0,3221.342,3221.05,3221.54,ETH
2026-01-06 09:02:36+00:00,2026-01-06 09:09:26.565051+00:00,156.0,3221.342,3221.05,3221.58,ETH
2026-01-06 09:02:37+00:00,2026-01-06 09:09:27.572650+00:00,157.0,3221.462,3221.2,3221.67,ETH
2026-01-06 09:02:38+00:00,2026-01-06 09:09:28.581966+00:00,158.0,3221.542,3221.31,3221.63,ETH
2026-01-06 09:02:39+00:00,2026-01-06 09:09:29.592612+00:00,159.0,3221.562,3221.32,3221.62,ETH
2026-01-06 09:02:40+00:00,2026-01-06 09:09:31.591180+00:00,160.0,3221.502,3221.33,3221.61,ETH
2026-01-06 09:02:41+00:00,2026-01-06 09:09:32.608542+00:00,161.0,3221.612,3221.33,3221.8,ETH
2026-01-06 09:02:42+00:00,2026-01-06 09:09:33.631018+00:00,162.0,3221.642,3221.35,3221.81,ETH
2026-01-06 09:02:43+00:00,2026-01-06 09:09:34.640284+00:00,163.0,3221.682,3221.37,3221.81,ETH
2026-01-06 09:02:45+00:00,2026-01-06 09:09:35.703098+00:00,165.0,3221.682,3221.37,3221.84,ETH
2026-01-06 09:02:46+00:00,2026-01-06 09:09:36.712745+00:00,166.0,3221.672,3221.36,3221.82,ETH
2026-01-06 09:02:47+00:00,2026-01-06 09:09:37.700032+00:00,167.0,3221.672,3221.36,3221.8,ETH
2026-01-06 09:02:48+00:00,2026-01-06 09:09:38.713350+00:00,168.0,3221.672,3221.36,3221.8,ETH
2026-01-06 09:02:49+00:00,2026-01-06 09:09:39.712425+00:00,169.0,3221.672,3221.36,3221.8,ETH
2026-01-06 09:02:50+00:00,2026-01-06 09:09:40.702220+00:00,170.0,3221.682,3221.36,3221.9,ETH
2026-01-06 09:02:51+00:00,2026-01-06 09:09:41.696364+00:00,171.0,3221.692,3221.37,3221.9,ETH
2026-01-06 09:02:52+00:00,2026-01-06 09:09:43.709276+00:00,172.0,3221.682,3221.38,3221.81,ETH
2026-01-06 09:02:53+00:00,2026-01-06 09:09:44.725948+00:00,173.0,3221.692,3221.38,3221.82,ETH
2026-01-06 09:02:54+00:00,2026-01-06 09:09:45.723635+00:00,174.0,3221.702,3221.39,3221.92,ETH
2026-01-06 09:02:55+00:00,2026-01-06 09:09:46.747132+00:00,175.0,3221.852,3221.55,3222.04,ETH
2026-01-06 09:02:56+00:00,2026-01-06 09:09:47.747923+00:00,176.0,3221.942,3221.7,3221.98,ETH
2026-01-06 09:02:57+00:00,2026-01-06 09:09:48.764958+00:00,177.0,3221.872,3221.68,3221.91,ETH
2026-01-06 09:02:58+00:00,2026-01-06 09:09:49.778918+00:00,178.0,3221.922,3221.69,3222.07,ETH
2026-01-06 09:02:59+00:00,2026-01-06 09:09:50.780479+00:00,179.0,3221.972,3221.71,3222.17,ETH
2026-01-06 09:03:00+00:00,2026-01-06 09:09:51.798176+00:00,180.0,3221.992,3221.74,3222.17,ETH
2026-01-06 09:03:01+00:00,2026-01-06 09:09:52.816537+00:00,181.0,3222.012,3221.78,3222.24,ETH
2026-01-06 09:03:02+00:00,2026-01-06 09:09:53.814045+00:00,182.0,3221.882,3221.79,3222.06,ETH
2026-01-06 09:03:03+00:00,2026-01-06 09:09:54.814296+00:00,183.0,3221.832,3221.74,3222.23,ETH
2026-01-06 09:03:04+00:00,2026-01-06 09:09:55.829851+00:00,184.0,3221.812,3221.74,3222.3,ETH
2026-01-06 09:03:05+00:00,2026-01-06 09:09:56.829887+00:00,185.0,3221.812,3221.74,3222.35,ETH
2026-01-06 09:03:06+00:00,2026-01-06 09:09:57.827457+00:00,186.0,3222.022,3221.83,3222.31,ETH
2026-01-06 09:03:07+00:00,2026-01-06 09:09:58.847894+00:00,187.0,3222.022,3221.83,3222.29,ETH
2026-01-06 09:03:08+00:00,2026-01-06 09:09:59.861324+00:00,188.0,3222.022,3221.85,3222.44,ETH
2026-01-06 09:03:09+00:00,2026-01-06 09:10:00.868123+00:00,189.0,3222.152,3221.85,3222.27,ETH
2026-01-06 09:03:10+00:00,2026-01-06 09:10:01.864259+00:00,190.0,3222.182,3221.86,3222.27,ETH
2026-01-06 09:03:11+00:00,2026-01-06 09:10:02.842049+00:00,191.0,3222.182,3221.86,3222.51,ETH
2026-01-06 09:03:12+00:00,2026-01-06 09:10:03.844932+00:00,192.0,3222.352,3222.03,3222.46,ETH
2026-01-06 09:03:13+00:00,2026-01-06 09:10:04.846285+00:00,193.0,3222.332,3222.02,3222.53,ETH
2026-01-06 09:03:14+00:00,2026-01-06 09:10:05.845867+00:00,194.0,3222.322,3221.99,3222.65,ETH
2026-01-06 09:03:15+00:00,2026-01-06 09:10:06.853293+00:00,195.0,3222.322,3221.99,3222.65,ETH
2026-01-06 09:03:16+00:00,2026-01-06 09:10:07.857552+00:00,196.0,3222.312,3221.97,3222.65,ETH
2026-01-06 09:03:17+00:00,2026-01-06 09:10:08.857824+00:00,197.0,3222.342,3222.02,3222.66,ETH
2026-01-06 09:03:18+00:00,2026-01-06 09:10:09.892926+00:00,198.0,3222.342,3222.02,3222.59,ETH
2026-01-06 09:03:19+00:00,2026-01-06 09:10:10.880165+00:00,199.0,3222.382,3222.07,3222.6,ETH
2026-01-06 09:03:20+00:00,2026-01-06 09:10:11.878787+00:00,200.0,3222.382,3222.07,3222.58,ETH
2026-01-06 09:03:21+00:00,2026-01-06 09:10:12.878623+00:00,201.0,3222.372,3222.03,3222.7,ETH
2026-01-06 09:03:22+00:00,2026-01-06 09:10:13.876881+00:00,202.0,3222.372,3222.03,3222.71,ETH
2026-01-06 09:03:23+00:00,2026-01-06 09:10:14.877659+00:00,203.0,3222.372,3222.03,3222.64,ETH
2026-01-06 09:03:24+00:00,2026-01-06 09:10:15.894763+00:00,204.0,3222.482,3222.16,3222.77,ETH
2026-01-06 09:03:25+00:00,2026-01-06 09:10:16.894955+00:00,205.0,3222.782,3222.49,3222.83,ETH
2026-01-06 09:03:26+00:00,2026-01-06 09:10:17.913521+00:00,206.0,3222.782,3222.5,3222.88,ETH
2026-01-06 09:03:27+00:00,2026-01-06 09:10:18.914030+00:00,207.0,3222.602,3222.45,3222.8,ETH
2026-01-06 09:03:28+00:00,2026-01-06 09:10:19.928175+00:00,208.0,3222.602,3222.45,3222.96,ETH
2026-01-06 09:03:29+00:00,2026-01-06 09:10:20.928099+00:00,209.0,3222.602,3222.35,3222.66,ETH
2026-01-06 09:03:30+00:00,2026-01-06 09:10:21.943046+00:00,210.0,3222.602,3222.33,3222.68,ETH
2026-01-06 09:03:31+00:00,2026-01-06 09:10:23.225230+00:00,211.0,3222.452,3222.34,3222.72,ETH
2026-01-06 09:03:32+00:00,2026-01-06 09:10:24.229522+00:00,212.0,3222.602,3222.33,3222.67,ETH
2026-01-06 09:03:33+00:00,2026-01-06 09:10:25.241693+00:00,213.0,3222.612,3222.31,3222.73,ETH
2026-01-06 09:03:34+00:00,2026-01-06 09:10:26.235961+00:00,214.0,3222.612,3222.35,3222.69,ETH
2026-01-06 09:03:35+00:00,2026-01-06 09:10:27.256253+00:00,215.0,3222.612,3222.35,3222.72,ETH
2026-01-06 09:03:36+00:00,2026-01-06 09:10:28.258286+00:00,216.0,3222.612,3222.35,3222.85,ETH
2026-01-06 09:03:37+00:00,2026-01-06 09:10:29.258988+00:00,217.0,3222.612,3222.35,3222.67,ETH
2026-01-06 09:03:39+00:00,2026-01-06 09:10:30.303898+00:00,219.0,3222.612,3222.34,3222.78,ETH
2026-01-06 09:03:40+00:00,2026-01-06 09:10:31.314167+00:00,220.0,3222.452,3222.23,3222.69,ETH
2026-01-06 09:03:41+00:00,2026-01-06 09:10:32.311416+00:00,221.0,3222.302,3222.11,3222.56,ETH
2026-01-06 09:03:42+00:00,2026-01-06 09:10:33.317557+00:00,222.0,3222.302,3222.12,3222.54,ETH
2026-01-06 09:03:43+00:00,2026-01-06 09:10:34.318259+00:00,223.0,3222.312,3222.12,3222.55,ETH
2026-01-06 09:03:44+00:00,2026-01-06 09:10:35.322371+00:00,224.0,3222.322,3222.12,3222.59,ETH
2026-01-06 09:03:45+00:00,2026-01-06 09:10:36.325010+00:00,225.0,3222.322,3222.11,3222.62,ETH
2026-01-06 09:03:46+00:00,2026-01-06 09:10:37.339682+00:00,226.0,3222.322,3222.11,3222.63,ETH
2026-01-06 09:03:47+00:00,2026-01-06 09:10:38.345190+00:00,227.0,3222.312,3222.11,3222.55,ETH
2026-01-06 09:03:48+00:00,2026-01-06 09:10:39.345841+00:00,228.0,3222.312,3222.11,3222.47,ETH
2026-01-06 09:03:49+00:00,2026-01-06 09:10:40.348086+00:00,229.0,3222.312,3222.11,3222.43,ETH
2026-01-06 09:03:50+00:00,2026-01-06 09:10:41.345966+00:00,230.0,3222.302,3222.11,3222.48,ETH
2026-01-06 09:03:51+00:00,2026-01-06 09:10:42.338260+00:00,231.0,3222.302,3222.12,3222.52,ETH
2026-01-06 09:03:52+00:00,2026-01-06 09:10:44.378330+00:00,232.0,3222.452,3222.17,3222.6,ETH
2026-01-06 09:03:53+00:00,2026-01-06 09:10:45.380978+00:00,233.0,3222.512,3222.21,3222.74,ETH
2026-01-06 09:03:54+00:00,2026-01-06 09:10:46.375279+00:00,234.0,3222.512,3222.22,3222.71,ETH
2026-01-06 09:03:55+00:00,2026-01-06 09:10:47.381405+00:00,235.0,3222.512,3222.22,3222.6,ETH
2026-01-06 09:03:56+00:00,2026-01-06 09:10:48.397573+00:00,236.0,3222.542,3222.25,3222.7,ETH
2026-01-06 09:03:57+00:00,2026-01-06 09:10:49.393339+00:00,237.0,3222.432,3222.22,3222.67,ETH
2026-01-06 09:03:58+00:00,2026-01-06 09:10:50.393077+00:00,238.0,3222.442,3222.21,3222.66,ETH
2026-01-06 09:03:59+00:00,2026-01-06 09:10:51.392912+00:00,239.0,3222.442,3222.21,3222.5,ETH
2026-01-06 09:04:00+00:00,2026-01-06 09:10:52.397971+00:00,240.0,3222.502,3222.21,3222.69,ETH
2026-01-06 09:04:01+00:00,2026-01-06 09:10:53.411465+00:00,241.0,3222.452,3222.21,3222.68,ETH
2026-01-06 09:04:02+00:00,2026-01-06 09:10:54.411745+00:00,242.0,3222.442,3222.21,3222.68,ETH
2026-01-06 09:04:03+00:00,2026-01-06 09:10:55.414296+00:00,243.0,3222.502,3222.21,3222.76,ETH
2026-01-06 09:04:04+00:00,2026-01-06 09:10:56.411656+00:00,244.0,3222.602,3222.3,3222.73,ETH
2026-01-06 09:04:05+00:00,2026-01-06 09:10:57.407385+00:00,245.0,3222.602,3222.3,3222.72,ETH
2026-01-06 09:04:06+00:00,2026-01-06 09:10:58.424793+00:00,246.0,3222.602,3222.3,3222.7,ETH
2026-01-06 09:04:07+00:00,2026-01-06 09:10:59.430489+00:00,247.0,3222.592,3222.29,3222.78,ETH
2026-01-06 09:04:08+00:00,2026-01-06 09:11:00.428554+00:00,248.0,3222.582,3222.28,3222.88,ETH
2026-01-06 09:04:09+00:00,2026-01-06 09:11:01.427713+00:00,249.0,3222.582,3222.28,3222.68,ETH
2026-01-06 09:04:10+00:00,2026-01-06 09:11:02.426051+00:00,250.0,3222.582,3222.28,3222.7,ETH
2026-01-06 09:04:11+00:00,2026-01-06 09:11:03.427949+00:00,251.0,3222.592,3222.29,3222.67,ETH
2026-01-06 09:04:12+00:00,2026-01-06 09:11:04.440236+00:00,252.0,3222.582,3222.28,3222.68,ETH
2026-01-06 09:04:13+00:00,2026-01-06 09:11:05.447544+00:00,253.0,3222.572,3222.27,3222.73,ETH
2026-01-06 09:04:14+00:00,2026-01-06 09:11:06.463440+00:00,254.0,3222.582,3222.28,3222.7,ETH
2026-01-06 09:04:15+00:00,2026-01-06 09:11:07.461041+00:00,255.0,3222.572,3222.27,3222.68,ETH
2026-01-06 09:04:16+00:00,2026-01-06 09:11:09.476879+00:00,256.0,3222.632,3222.31,3222.83,ETH
2026-01-06 09:04:17+00:00,2026-01-06 09:11:10.477351+00:00,257.0,3222.692,3222.36,3222.97,ETH
2026-01-06 09:04:18+00:00,2026-01-06 09:11:11.490022+00:00,258.0,3222.692,3222.36,3222.98,ETH
2026-01-06 09:04:19+00:00,2026-01-06 09:11:12.488494+00:00,259.0,3222.692,3222.36,3222.98,ETH
2026-01-06 09:04:20+00:00,2026-01-06 09:11:13.493497+00:00,260.0,3222.692,3222.37,3222.98,ETH
2026-01-06 09:04:21+00:00,2026-01-06 09:11:14.494438+00:00,261.0,3222.702,3222.37,3222.97,ETH
2026-01-06 09:04:22+00:00,2026-01-06 09:11:15.507607+00:00,262.0,3222.702,3222.37,3222.97,ETH
2026-01-06 09:04:23+00:00,2026-01-06 09:11:16.497386+00:00,263.0,3222.702,3222.37,3222.97,ETH
2026-01-06 09:04:24+00:00,2026-01-06 09:11:17.507481+00:00,264.0,3222.702,3222.37,3222.98,ETH
2026-01-06 09:04:25+00:00,2026-01-06 09:11:18.509650+00:00,265.0,3222.702,3222.37,3223.01,ETH
2026-01-06 09:04:26+00:00,2026-01-06 09:11:19.527387+00:00,266.0,3222.772,3222.51,3223.08,ETH
2026-01-06 09:04:27+00:00,2026-01-06 09:11:20.544533+00:00,267.0,3223.042,3222.79,3223.31,ETH
2026-01-06 09:04:28+00:00,2026-01-06 09:11:21.553617+00:00,268.0,3223.272,3222.95,3223.48,ETH
2026-01-06 09:04:29+00:00,2026-01-06 09:11:22.558786+00:00,269.0,3223.292,3222.97,3223.52,ETH
2026-01-06 09:04:30+00:00,2026-01-06 09:11:23.565228+00:00,270.0,3223.342,3223.01,3223.6,ETH
2026-01-06 09:04:31+00:00,2026-01-06 09:11:24.576228+00:00,271.0,3223.222,3222.98,3223.39,ETH
2026-01-06 09:04:32+00:00,2026-01-06 09:11:25.576847+00:00,272.0,3223.022,3222.8,3223.11,ETH
2026-01-06 09:04:33+00:00,2026-01-06 09:11:26.577571+00:00,273.0,3222.922,3222.61,3223.03,ETH
2026-01-06 09:04:34+00:00,2026-01-06 09:11:27.606608+00:00,274.0,3222.852,3222.54,3222.96,ETH
2026-01-06 09:04:35+00:00,2026-01-06 09:11:28.611649+00:00,275.0,3222.852,3222.54,3222.98,ETH
2026-01-06 09:04:36+00:00,2026-01-06 09:11:29.609400+00:00,276.0,3222.852,3222.54,3223.01,ETH
2026-01-06 09:04:37+00:00,2026-01-06 09:11:30.620146+00:00,277.0,3222.852,3222.54,3223.0,ETH
2026-01-06 09:04:38+00:00,2026-01-06 09:11:31.626279+00:00,278.0,3222.852,3222.54,3222.99,ETH
2026-01-06 09:04:39+00:00,2026-01-06 09:11:32.648257+00:00,279.0,3222.802,3222.53,3222.96,ETH
2026-01-06 09:04:40+00:00,2026-01-06 09:11:33.643985+00:00,280.0,3222.752,3222.5,3222.92,ETH
2026-01-06 09:04:41+00:00,2026-01-06 09:11:34.642454+00:00,281.0,3222.752,3222.49,3222.92,ETH
2026-01-06 09:04:42+00:00,2026-01-06 09:11:35.657764+00:00,282.0,3222.752,3222.48,3222.93,ETH
2026-01-06 09:04:43+00:00,2026-01-06 09:11:36.682957+00:00,283.0,3222.752,3222.48,3222.91,ETH
2026-01-06 09:04:44+00:00,2026-01-06 09:11:37.690297+00:00,284.0,3222.752,3222.47,3222.86,ETH
2026-01-06 09:04:45+00:00,2026-01-06 09:11:38.705882+00:00,285.0,3222.752,3222.47,3222.88,ETH
2026-01-06 09:04:46+00:00,2026-01-06 09:11:39.726835+00:00,286.0,3222.762,3222.48,3222.93,ETH
2026-01-06 09:04:47+00:00,2026-01-06 09:11:40.741336+00:00,287.0,3222.772,3222.5,3222.91,ETH
2026-01-06 09:04:48+00:00,2026-01-06 09:11:41.726527+00:00,288.0,3222.782,3222.5,3222.91,ETH
2026-01-06 09:04:49+00:00,2026-01-06 09:11:42.739684+00:00,289.0,3222.782,3222.5,3222.92,ETH
2026-01-06 09:04:50+00:00,2026-01-06 09:11:43.723633+00:00,290.0,3222.782,3222.5,3222.92,ETH
2026-01-06 09:04:51+00:00,2026-01-06 09:11:44.722489+00:00,291.0,3222.812,3222.53,3222.94,ETH
2026-01-06 09:04:52+00:00,2026-01-06 09:11:45.721785+00:00,292.0,3222.842,3222.56,3223.07,ETH
2026-01-06 09:04:53+00:00,2026-01-06 09:11:46.743487+00:00,293.0,3223.002,3222.77,3223.19,ETH
2026-01-06 09:04:54+00:00,2026-01-06 09:11:47.758070+00:00,294.0,3223.232,3223.0,3223.37,ETH
2026-01-06 09:04:55+00:00,2026-01-06 09:11:48.761627+00:00,295.0,3223.342,3223.09,3223.58,ETH
2026-01-06 09:04:56+00:00,2026-01-06 09:11:49.792036+00:00,296.0,3223.422,3223.15,3223.63,ETH
2026-01-06 09:04:57+00:00,2026-01-06 09:11:50.771458+00:00,297.0,3223.532,3223.22,3223.71,ETH
2026-01-06 09:04:58+00:00,2026-01-06 09:11:51.776480+00:00,298.0,3223.592,3223.27,3223.79,ETH
2026-01-06 09:04:59+00:00,2026-01-06 09:11:52.798065+00:00,299.0,3223.572,3223.26,3223.79,ETH
2026-01-06 09:05:00+00:00,2026-01-06 09:11:53.809743+00:00,300.0,3223.572,3223.26,3223.79,ETH
2026-01-06 09:05:01+00:00,2026-01-06 09:11:54.823079+00:00,301.0,3223.572,3223.26,3223.78,ETH
2026-01-06 09:05:03+00:00,2026-01-06 09:11:55.871611+00:00,303.0,3223.572,3223.26,3223.88,ETH
2026-01-06 09:05:04+00:00,2026-01-06 09:11:57.857999+00:00,304.0,3223.872,3223.59,3224.12,ETH
2026-01-06 09:05:05+00:00,2026-01-06 09:11:58.861545+00:00,305.0,3224.182,3223.9,3224.35,ETH
2026-01-06 09:05:06+00:00,2026-01-06 09:11:59.842189+00:00,306.0,3224.202,3223.9,3224.35,ETH
2026-01-06 09:05:07+00:00,2026-01-06 09:12:00.865906+00:00,307.0,3224.162,3223.89,3224.36,ETH
2026-01-06 09:05:08+00:00,2026-01-06 09:12:01.859450+00:00,308.0,3224.062,3223.81,3224.26,ETH
2026-01-06 09:05:09+00:00,2026-01-06 09:12:02.863544+00:00,309.0,3223.942,3223.7,3224.11,ETH
2026-01-06 09:05:10+00:00,2026-01-06 09:12:03.880476+00:00,310.0,3223.912,3223.71,3224.14,ETH
2026-01-06 09:05:11+00:00,2026-01-06 09:12:04.875803+00:00,311.0,3223.972,3223.76,3224.2,ETH
2026-01-06 09:05:12+00:00,2026-01-06 09:12:05.892808+00:00,312.0,3224.062,3223.79,3224.23,ETH
2026-01-06 09:05:13+00:00,2026-01-06 09:12:06.901513+00:00,313.0,3224.092,3223.81,3224.28,ETH
2026-01-06 09:05:14+00:00,2026-01-06 09:12:07.905448+00:00,314.0,3224.102,3223.8,3224.35,ETH
2026-01-06 09:05:15+00:00,2026-01-06 09:12:08.903907+00:00,315.0,3224.152,3223.87,3224.49,ETH
2026-01-06 09:05:16+00:00,2026-01-06 09:12:09.920372+00:00,316.0,3224.372,3224.13,3224.83,ETH
2026-01-06 09:05:17+00:00,2026-01-06 09:12:10.911038+00:00,317.0,3224.642,3224.38,3225.05,ETH
2026-01-06 09:05:18+00:00,2026-01-06 09:12:11.918863+00:00,318.0,3224.782,3224.46,3225.05,ETH
2026-01-06 09:05:19+00:00,2026-01-06 09:12:12.932970+00:00,319.0,3224.802,3224.48,3225.07,ETH
2026-01-06 09:05:20+00:00,2026-01-06 09:12:13.938594+00:00,320.0,3224.812,3224.49,3225.06,ETH
2026-01-06 09:05:21+00:00,2026-01-06 09:12:14.925515+00:00,321.0,3224.822,3224.51,3225.07,ETH
2026-01-06 09:05:22+00:00,2026-01-06 09:12:15.942321+00:00,322.0,3225.032,3224.71,3225.31,ETH
2026-01-06 09:05:23+00:00,2026-01-06 09:12:16.961072+00:00,323.0,3225.242,3224.93,3225.62,ETH
2026-01-06 09:05:24+00:00,2026-01-06 09:12:17.975355+00:00,324.0,3225.372,3225.07,3225.76,ETH
2026-01-06 09:05:25+00:00,2026-01-06 09:12:18.974824+00:00,325.0,3225.482,3225.17,3225.67,ETH
2026-01-06 09:05:26+00:00,2026-01-06 09:12:19.998694+00:00,326.0,3225.392,3225.08,3225.59,ETH
2026-01-06 09:05:27+00:00,2026-01-06 09:12:20.992434+00:00,327.0,3225.312,3225.02,3225.61,ETH
2026-01-06 09:05:28+00:00,2026-01-06 09:12:21.988606+00:00,328.0,3225.312,3225.04,3225.61,ETH
2026-01-06 09:05:29+00:00,2026-01-06 09:12:22.989619+00:00,329.0,3225.352,3225.04,3225.63,ETH
2026-01-06 09:05:30+00:00,2026-01-06 09:12:23.986851+00:00,330.0,3225.362,3225.05,3225.63,ETH
2026-01-06 09:05:31+00:00,2026-01-06 09:12:25.026988+00:00,331.0,3225.562,3225.25,3225.85,ETH
2026-01-06 09:05:32+00:00,2026-01-06 09:12:26.008701+00:00,332.0,3225.812,3225.51,3226.05,ETH
2026-01-06 09:05:33+00:00,2026-01-06 09:12:27.011020+00:00,333.0,3225.812,3225.67,3226.19,ETH
2026-01-06 09:05:34+00:00,2026-01-06 09:12:28.024939+00:00,334.0,3226.242,3225.92,3226.49,ETH
2026-01-06 09:05:35+00:00,2026-01-06 09:12:29.025164+00:00,335.0,3226.242,3225.92,3226.49,ETH
2026-01-06 09:05:36+00:00,2026-01-06 09:12:30.039489+00:00,336.0,3226.312,3225.99,3226.57,ETH
2026-01-06 09:05:37+00:00,2026-01-06 09:12:31.048284+00:00,337.0,3226.312,3225.99,3226.52,ETH
2026-01-06 09:05:38+00:00,2026-01-06 09:12:32.130482+00:00,338.0,3226.262,3225.93,3226.41,ETH
2026-01-06 09:05:39+00:00,2026-01-06 09:12:33.141338+00:00,339.0,3226.132,3225.9,3226.31,ETH
2026-01-06 09:05:40+00:00,2026-01-06 09:12:34.160831+00:00,340.0,3226.092,3225.9,3226.14,ETH
2026-01-06 09:05:41+00:00,2026-01-06 09:12:35.157618+00:00,341.0,3226.072,3225.89,3226.13,ETH
2026-01-06 09:05:42+00:00,2026-01-06 09:12:36.156724+00:00,342.0,3225.912,3225.76,3226.05,ETH
2026-01-06 09:05:43+00:00,2026-01-06 09:12:37.153885+00:00,343.0,3225.682,3225.39,3225.82,ETH
2026-01-06 09:05:44+00:00,2026-01-06 09:12:38.156506+00:00,344.0,3225.562,3225.39,3225.76,ETH
2026-01-06 09:05:45+00:00,2026-01-06 09:12:39.158380+00:00,345.0,3225.662,3225.37,3225.77,ETH
2026-01-06 09:05:46+00:00,2026-01-06 09:12:40.155334+00:00,346.0,3225.652,3225.38,3225.9,ETH
2026-01-06 09:05:47+00:00,2026-01-06 09:12:41.219785+00:00,347.0,3225.872,3225.59,3226.14,ETH
2026-01-06 09:05:48+00:00,2026-01-06 09:12:42.246621+00:00,348.0,3226.032,3225.76,3226.3,ETH
2026-01-06 09:05:49+00:00,2026-01-06 09:12:43.257689+00:00,349.0,3225.862,3225.63,3226.1,ETH
2026-01-06 09:05:50+00:00,2026-01-06 09:12:44.272754+00:00,350.0,3225.642,3225.43,3225.88,ETH
2026-01-06 09:05:51+00:00,2026-01-06 09:12:45.272187+00:00,351.0,3225.642,3225.43,3225.82,ETH
2026-01-06 09:05:52+00:00,2026-01-06 09:12:46.274304+00:00,352.0,3225.662,3225.42,3225.85,ETH
2026-01-06 09:05:53+00:00,2026-01-06 09:12:47.272273+00:00,353.0,3225.682,3225.42,3225.95,ETH
2026-01-06 09:05:54+00:00,2026-01-06 09:12:48.267827+00:00,354.0,3225.682,3225.42,3225.8,ETH
2026-01-06 09:05:55+00:00,2026-01-06 09:12:49.269413+00:00,355.0,3225.642,3225.41,3225.88,ETH
2026-01-06 09:05:56+00:00,2026-01-06 09:12:50.286885+00:00,356.0,3225.642,3225.41,3225.9,ETH
2026-01-06 09:05:57+00:00,2026-01-06 09:12:51.291105+00:00,357.0,3225.622,3225.34,3225.81,ETH
2026-01-06 09:05:58+00:00,2026-01-06 09:12:52.305020+00:00,358.0,3225.522,3225.21,3225.6,ETH
2026-01-06 09:05:59+00:00,2026-01-06 09:12:53.299154+00:00,359.0,3225.522,3225.21,3225.6,ETH
2026-01-06 09:06:00+00:00,2026-01-06 09:12:54.299325+00:00,360.0,3225.502,3225.19,3225.6,ETH
2026-01-06 09:06:01+00:00,2026-01-06 09:12:55.372358+00:00,361.0,3225.102,3224.95,3225.17,ETH
2026-01-06 09:06:02+00:00,2026-01-06 09:12:56.365859+00:00,362.0,3225.102,3224.92,3225.14,ETH
2026-01-06 09:06:03+00:00,2026-01-06 09:12:57.361090+00:00,363.0,3224.972,3224.87,3225.03,ETH
2026-01-06 09:06:04+00:00,2026-01-06 09:12:58.365144+00:00,364.0,3224.832,3224.69,3224.95,ETH
2026-01-06 09:06:05+00:00,2026-01-06 09:12:59.373733+00:00,365.0,3224.802,3224.55,3224.99,ETH
2026-01-06 09:06:06+00:00,2026-01-06 09:13:00.368434+00:00,366.0,3224.732,3224.52,3225.0,ETH
2026-01-06 09:06:07+00:00,2026-01-06 09:13:01.362496+00:00,367.0,3224.702,3224.51,3225.0,ETH
2026-01-06 09:06:08+00:00,2026-01-06 09:13:02.361918+00:00,368.0,3224.732,3224.51,3225.0,ETH
2026-01-06 09:06:09+00:00,2026-01-06 09:13:03.361387+00:00,369.0,3224.692,3224.51,3224.85,ETH
2026-01-06 09:06:10+00:00,2026-01-06 09:13:04.370305+00:00,370.0,3224.692,3224.48,3224.75,ETH
2026-01-06 09:06:11+00:00,2026-01-06 09:13:05.382530+00:00,371.0,3224.732,3224.45,3224.79,ETH
2026-01-06 09:06:12+00:00,2026-01-06 09:13:06.385304+00:00,372.0,3224.712,3224.45,3224.77,ETH
2026-01-06 09:06:13+00:00,2026-01-06 09:13:07.392497+00:00,373.0,3224.702,3224.45,3224.74,ETH
2026-01-06 09:06:14+00:00,2026-01-06 09:13:08.401567+00:00,374.0,3224.702,3224.46,3224.74,ETH
2026-01-06 09:06:15+00:00,2026-01-06 09:13:09.403450+00:00,375.0,3224.702,3224.46,3224.75,ETH
2026-01-06 09:06:16+00:00,2026-01-06 09:13:10.406066+00:00,376.0,3224.672,3224.45,3224.74,ETH
2026-01-06 09:06:17+00:00,2026-01-06 09:13:11.407261+00:00,377.0,3224.642,3224.45,3224.72,ETH
2026-01-06 09:06:18+00:00,2026-01-06 09:13:12.404322+00:00,378.0,3224.522,3224.4,3224.7,ETH
2026-01-06 09:06:19+00:00,2026-01-06 09:13:13.420499+00:00,379.0,3224.382,3224.27,3224.56,ETH
2026-01-06 09:06:20+00:00,2026-01-06 09:13:14.406616+00:00,380.0,3224.362,3224.27,3224.56,ETH
2026-01-06 09:06:21+00:00,2026-01-06 09:13:15.420100+00:00,381.0,3224.382,3224.26,3224.56,ETH
2026-01-06 09:06:22+00:00,2026-01-06 09:13:16.437315+00:00,382.0,3224.382,3224.26,3224.6,ETH
2026-01-06 09:06:23+00:00,2026-01-06 09:13:17.454165+00:00,383.0,3224.352,3224.23,3224.47,ETH
2026-01-06 09:06:24+00:00,2026-01-06 09:13:18.471099+00:00,384.0,3224.392,3224.23,3224.7,ETH
2026-01-06 09:06:25+00:00,2026-01-06 09:13:19.475334+00:00,385.0,3224.342,3224.25,3224.51,ETH
2026-01-06 09:06:26+00:00,2026-01-06 09:13:20.474573+00:00,386.0,3224.332,3224.25,3224.51,ETH
2026-01-06 09:06:27+00:00,2026-01-06 09:13:21.475264+00:00,387.0,3224.302,3224.24,3224.49,ETH
2026-01-06 09:06:28+00:00,2026-01-06 09:13:22.471486+00:00,388.0,3224.332,3224.21,3224.45,ETH
2026-01-06 09:06:29+00:00,2026-01-06 09:13:23.489062+00:00,389.0,3224.322,3224.21,3224.45,ETH
2026-01-06 09:06:30+00:00,2026-01-06 09:13:24.490259+00:00,390.0,3224.392,3224.21,3224.44,ETH
2026-01-06 09:06:31+00:00,2026-01-06 09:13:25.501817+00:00,391.0,3224.382,3224.18,3224.44,ETH
2026-01-06 09:06:32+00:00,2026-01-06 09:13:26.500642+00:00,392.0,3224.442,3224.17,3224.54,ETH
2026-01-06 09:06:33+00:00,2026-01-06 09:13:27.523160+00:00,393.0,3224.432,3224.17,3224.51,ETH
2026-01-06 09:06:34+00:00,2026-01-06 09:13:28.520708+00:00,394.0,3224.322,3224.17,3224.47,ETH
2026-01-06 09:06:35+00:00,2026-01-06 09:13:29.537247+00:00,395.0,3224.292,3223.97,3224.43,ETH
2026-01-06 09:06:36+00:00,2026-01-06 09:13:30.550530+00:00,396.0,3224.092,3223.96,3224.28,ETH
2026-01-06 09:06:37+00:00,2026-01-06 09:13:31.549782+00:00,397.0,3224.072,3223.78,3224.1,ETH
2026-01-06 09:06:38+00:00,2026-01-06 09:13:32.555790+00:00,398.0,3224.072,3223.78,3224.1,ETH
2026-01-06 09:06:39+00:00,2026-01-06 09:13:33.553503+00:00,399.0,3224.032,3223.74,3224.1,ETH
2026-01-06 09:06:40+00:00,2026-01-06 09:13:34.576119+00:00,400.0,3223.952,3223.74,3224.03,ETH
2026-01-06 09:06:41+00:00,2026-01-06 09:13:35.569925+00:00,401.0,3224.012,3223.77,3224.06,ETH
2026-01-06 09:06:42+00:00,2026-01-06 09:13:36.578078+00:00,402.0,3223.802,3223.71,3223.93,ETH
2026-01-06 09:06:43+00:00,2026-01-06 09:13:37.583948+00:00,403.0,3223.492,3223.21,3223.59,ETH
2026-01-06 09:06:44+00:00,2026-01-06 09:13:38.586803+00:00,404.0,3223.492,3223.21,3223.76,ETH
2026-01-06 09:06:45+00:00,2026-01-06 09:13:39.604016+00:00,405.0,3223.412,3223.13,3223.55,ETH
2026-01-06 09:06:46+00:00,2026-01-06 09:13:40.589086+00:00,406.0,3223.452,3223.14,3223.55,ETH
2026-01-06 09:06:47+00:00,2026-01-06 09:13:41.627674+00:00,407.0,3223.492,3223.25,3223.74,ETH
2026-01-06 09:06:48+00:00,2026-01-06 09:13:42.621661+00:00,408.0,3223.632,3223.36,3223.77,ETH
2026-01-06 09:06:49+00:00,2026-01-06 09:13:43.637651+00:00,409.0,3223.452,3223.28,3223.65,ETH
2026-01-06 09:06:50+00:00,2026-01-06 09:13:44.638994+00:00,410.0,3223.592,3223.3,3223.85,ETH
2026-01-06 09:06:51+00:00,2026-01-06 09:13:45.667102+00:00,411.0,3223.372,3223.18,3223.65,ETH
2026-01-06 09:06:52+00:00,2026-01-06 09:13:46.661822+00:00,412.0,3223.522,3223.18,3223.66,ETH
2026-01-06 09:06:53+00:00,2026-01-06 09:13:47.663672+00:00,413.0,3223.522,3223.19,3223.66,ETH
2026-01-06 09:06:54+00:00,2026-01-06 09:13:48.684798+00:00,414.0,3223.522,3223.19,3223.66,ETH
2026-01-06 09:06:55+00:00,2026-01-06 09:13:49.691054+00:00,415.0,3223.522,3223.19,3223.68,ETH
2026-01-06 09:06:56+00:00,2026-01-06 09:13:50.717461+00:00,416.0,3223.532,3223.2,3223.67,ETH
2026-01-06 09:06:57+00:00,2026-01-06 09:13:51.724197+00:00,417.0,3223.192,3223.15,3223.64,ETH
2026-01-06 09:06:58+00:00,2026-01-06 09:13:52.720748+00:00,418.0,3223.152,3223.11,3223.64,ETH
2026-01-06 09:06:59+00:00,2026-01-06 09:13:53.738118+00:00,419.0,3223.532,3223.21,3223.66,ETH
2026-01-06 09:07:00+00:00,2026-01-06 09:13:54.734783+00:00,420.0,3223.532,3223.21,3223.66,ETH
2026-01-06 09:07:01+00:00,2026-01-06 09:13:55.743439+00:00,421.0,3223.532,3223.21,3223.65,ETH
2026-01-06 09:07:02+00:00,2026-01-06 09:13:56.737752+00:00,422.0,3223.532,3223.21,3223.66,ETH
2026-01-06 09:07:03+00:00,2026-01-06 09:13:57.747823+00:00,423.0,3223.502,3223.21,3223.56,ETH
2026-01-06 09:07:04+00:00,2026-01-06 09:13:58.754860+00:00,424.0,3223.202,3222.99,3223.32,ETH
2026-01-06 09:07:05+00:00,2026-01-06 09:13:59.751571+00:00,425.0,3223.202,3222.96,3223.3,ETH
2026-01-06 09:07:06+00:00,2026-01-06 09:14:00.815896+00:00,426.0,3223.052,3222.91,3223.21,ETH
2026-01-06 09:07:07+00:00,2026-01-06 09:14:01.821459+00:00,427.0,3222.752,3222.58,3222.97,ETH
2026-01-06 09:07:08+00:00,2026-01-06 09:14:02.822100+00:00,428.0,3222.752,3222.46,3222.76,ETH
2026-01-06 09:07:09+00:00,2026-01-06 09:14:03.823360+00:00,429.0,3222.752,3222.46,3222.82,ETH
2026-01-06 09:07:10+00:00,2026-01-06 09:14:04.821405+00:00,430.0,3222.722,3222.47,3222.76,ETH
2026-01-06 09:07:11+00:00,2026-01-06 09:14:05.819868+00:00,431.0,3222.712,3222.47,3222.74,ETH
2026-01-06 09:07:12+00:00,2026-01-06 09:14:06.819150+00:00,432.0,3222.702,3222.38,3222.76,ETH
2026-01-06 09:07:13+00:00,2026-01-06 09:14:07.820540+00:00,433.0,3222.702,3222.38,3222.76,ETH
2026-01-06 09:07:14+00:00,2026-01-06 09:14:08.825265+00:00,434.0,3222.702,3222.39,3222.78,ETH
2026-01-06 09:07:15+00:00,2026-01-06 09:14:09.836250+00:00,435.0,3222.702,3222.39,3222.77,ETH
2026-01-06 09:07:16+00:00,2026-01-06 09:14:10.817140+00:00,436.0,3222.692,3222.37,3222.84,ETH
2026-01-06 09:07:17+00:00,2026-01-06 09:14:11.820688+00:00,437.0,3222.602,3222.37,3222.76,ETH
2026-01-06 09:07:18+00:00,2026-01-06 09:14:12.819799+00:00,438.0,3222.572,3222.37,3222.61,ETH
2026-01-06 09:07:19+00:00,2026-01-06 09:14:13.821103+00:00,439.0,3222.422,3222.06,3222.53,ETH
2026-01-06 09:07:20+00:00,2026-01-06 09:14:14.820240+00:00,440.0,3222.392,3222.04,3222.61,ETH
2026-01-06 09:07:21+00:00,2026-01-06 09:14:15.828066+00:00,441.0,3222.382,3222.04,3222.47,ETH
2026-01-06 09:07:22+00:00,2026-01-06 09:14:16.837231+00:00,442.0,3221.852,3221.63,3222.08,ETH
2026-01-06 09:07:23+00:00,2026-01-06 09:14:17.850690+00:00,443.0,3221.692,3221.46,3221.82,ETH
2026-01-06 09:07:24+00:00,2026-01-06 09:14:18.853719+00:00,444.0,3221.522,3221.33,3221.56,ETH
2026-01-06 09:07:25+00:00,2026-01-06 09:14:19.854291+00:00,445.0,3221.552,3221.27,3221.58,ETH
2026-01-06 09:07:26+00:00,2026-01-06 09:14:20.866871+00:00,446.0,3221.592,3221.28,3221.71,ETH
2026-01-06 09:07:27+00:00,2026-01-06 09:14:21.870737+00:00,447.0,3221.492,3221.3,3221.71,ETH
2026-01-06 09:07:28+00:00,2026-01-06 09:14:22.887084+00:00,448.0,3221.612,3221.31,3221.71,ETH
2026-01-06 09:07:29+00:00,2026-01-06 09:14:23.901732+00:00,449.0,3221.612,3221.31,3221.71,ETH
2026-01-06 09:07:30+00:00,2026-01-06 09:14:24.920891+00:00,450.0,3220.942,3220.92,3221.14,ETH
2026-01-06 09:07:31+00:00,2026-01-06 09:14:26.950250+00:00,451.0,3220.902,3220.71,3220.94,ETH
2026-01-06 09:07:32+00:00,2026-01-06 09:14:27.951108+00:00,452.0,3220.882,3220.67,3220.92,ETH
2026-01-06 09:07:33+00:00,2026-01-06 09:14:28.971211+00:00,453.0,3220.882,3220.67,3220.97,ETH
2026-01-06 09:07:34+00:00,2026-01-06 09:14:29.970188+00:00,454.0,3220.902,3220.67,3221.02,ETH
2026-01-06 09:07:35+00:00,2026-01-06 09:14:31.016202+00:00,455.0,3221.302,3221.1,3221.39,ETH
2026-01-06 09:07:36+00:00,2026-01-06 09:14:32.001440+00:00,456.0,3221.712,3221.54,3221.95,ETH
2026-01-06 09:07:37+00:00,2026-01-06 09:14:32.997860+00:00,457.0,3221.722,3221.54,3222.03,ETH
2026-01-06 09:07:38+00:00,2026-01-06 09:14:34.018268+00:00,458.0,3221.712,3221.54,3221.93,ETH
2026-01-06 09:07:39+00:00,2026-01-06 09:14:35.032214+00:00,459.0,3221.702,3221.53,3221.94,ETH
2026-01-06 09:07:40+00:00,2026-01-06 09:14:36.030331+00:00,460.0,3221.702,3221.5,3221.83,ETH
2026-01-06 09:07:41+00:00,2026-01-06 09:14:37.032185+00:00,461.0,3221.632,3221.45,3221.71,ETH
2026-01-06 09:07:42+00:00,2026-01-06 09:14:38.033563+00:00,462.0,3221.552,3221.44,3221.71,ETH
2026-01-06 09:07:43+00:00,2026-01-06 09:14:39.050420+00:00,463.0,3221.612,3221.41,3221.72,ETH
2026-01-06 09:07:44+00:00,2026-01-06 09:14:40.066929+00:00,464.0,3221.712,3221.42,3221.74,ETH
2026-01-06 09:07:45+00:00,2026-01-06 09:14:41.069017+00:00,465.0,3221.732,3221.46,3221.79,ETH
2026-01-06 09:07:46+00:00,2026-01-06 09:14:42.084648+00:00,466.0,3221.732,3221.47,3221.84,ETH
2026-01-06 09:07:47+00:00,2026-01-06 09:14:43.070186+00:00,467.0,3221.782,3221.5,3221.92,ETH
2026-01-06 09:07:48+00:00,2026-01-06 09:14:44.094714+00:00,468.0,3221.842,3221.52,3222.02,ETH
2026-01-06 09:07:49+00:00,2026-01-06 09:14:45.101528+00:00,469.0,3221.842,3221.52,3222.04,ETH
2026-01-06 09:07:50+00:00,2026-01-06 09:14:46.093522+00:00,470.0,3221.852,3221.53,3222.04,ETH
2026-01-06 09:07:51+00:00,2026-01-06 09:14:47.095921+00:00,471.0,3221.852,3221.53,3222.04,ETH
2026-01-06 09:07:52+00:00,2026-01-06 09:14:48.110657+00:00,472.0,3221.832,3221.5,3222.04,ETH
2026-01-06 09:07:53+00:00,2026-01-06 09:14:49.115096+00:00,473.0,3221.812,3221.47,3222.04,ETH
2026-01-06 09:07:54+00:00,2026-01-06 09:14:50.100268+00:00,474.0,3221.812,3221.48,3222.04,ETH
2026-01-06 09:07:55+00:00,2026-01-06 09:14:51.101237+00:00,475.0,3221.812,3221.48,3222.04,ETH
2026-01-06 09:07:56+00:00,2026-01-06 09:14:52.085727+00:00,476.0,3221.812,3221.47,3222.04,ETH
2026-01-06 09:07:57+00:00,2026-01-06 09:14:53.084582+00:00,477.0,3221.802,3221.47,3222.01,ETH
2026-01-06 09:07:58+00:00,2026-01-06 09:14:54.102444+00:00,478.0,3221.802,3221.47,3221.99,ETH
2026-01-06 09:07:59+00:00,2026-01-06 09:14:55.097578+00:00,479.0,3221.802,3221.47,3222.01,ETH
2026-01-06 09:08:00+00:00,2026-01-06 09:14:56.099357+00:00,480.0,3221.802,3221.46,3222.02,ETH
2026-01-06 09:08:01+00:00,2026-01-06 09:14:57.118701+00:00,481.0,3221.562,3221.28,3221.75,ETH
2026-01-06 09:08:02+00:00,2026-01-06 09:14:58.100838+00:00,482.0,3221.312,3221.09,3221.43,ETH
2026-01-06 09:08:03+00:00,2026-01-06 09:14:59.102727+00:00,483.0,3221.292,3221.09,3221.35,ETH
2026-01-06 09:08:04+00:00,2026-01-06 09:15:00.120511+00:00,484.0,3221.282,3221.09,3221.32,ETH
2026-01-06 09:08:05+00:00,2026-01-06 09:15:01.130385+00:00,485.0,3221.292,3221.09,3221.33,ETH
2026-01-06 09:08:06+00:00,2026-01-06 09:15:02.133118+00:00,486.0,3221.272,3221.09,3221.31,ETH
2026-01-06 09:08:07+00:00,2026-01-06 09:15:03.149198+00:00,487.0,3221.372,3221.17,3221.43,ETH
2026-01-06 09:08:08+00:00,2026-01-06 09:15:04.193765+00:00,488.0,3221.472,3221.24,3221.59,ETH
2026-01-06 09:08:09+00:00,2026-01-06 09:15:05.224679+00:00,489.0,3221.472,3221.24,3221.59,ETH
2026-01-06 09:08:10+00:00,2026-01-06 09:15:06.217654+00:00,490.0,3221.502,3221.25,3221.62,ETH
2026-01-06 09:08:11+00:00,2026-01-06 09:15:07.216524+00:00,491.0,3221.532,3221.26,3221.72,ETH
2026-01-06 09:08:12+00:00,2026-01-06 09:15:08.212113+00:00,492.0,3221.522,3221.26,3221.67,ETH
2026-01-06 09:08:13+00:00,2026-01-06 09:15:09.226977+00:00,493.0,3221.512,3221.23,3221.58,ETH
2026-01-06 09:08:14+00:00,2026-01-06 09:15:10.216513+00:00,494.0,3221.482,3221.2,3221.56,ETH
2026-01-06 09:08:15+00:00,2026-01-06 09:15:11.211863+00:00,495.0,3221.352,3221.2,3221.5,ETH
2026-01-06 09:08:16+00:00,2026-01-06 09:15:12.218600+00:00,496.0,3221.282,3221.16,3221.42,ETH
2026-01-06 09:08:18+00:00,2026-01-06 09:15:13.293430+00:00,498.0,3221.312,3221.13,3221.42,ETH
2026-01-06 09:08:19+00:00,2026-01-06 09:15:15.316730+00:00,499.0,3221.312,3221.13,3221.42,ETH
2026-01-06 09:08:20+00:00,2026-01-06 09:15:16.318639+00:00,500.0,3221.322,3221.12,3221.42,ETH
2026-01-06 09:08:21+00:00,2026-01-06 09:15:17.346886+00:00,501.0,3221.202,3221.09,3221.34,ETH
2026-01-06 09:08:22+00:00,2026-01-06 09:15:18.338450+00:00,502.0,3221.002,3220.95,3221.21,ETH
2026-01-06 09:08:23+00:00,2026-01-06 09:15:19.351982+00:00,503.0,3220.832,3220.74,3221.09,ETH
2026-01-06 09:08:24+00:00,2026-01-06 09:15:20.366630+00:00,504.0,3220.692,3220.56,3220.92,ETH
2026-01-06 09:08:25+00:00,2026-01-06 09:15:21.365749+00:00,505.0,3220.542,3220.44,3220.72,ETH
2026-01-06 09:08:26+00:00,2026-01-06 09:15:22.364456+00:00,506.0,3220.412,3220.38,3220.61,ETH
2026-01-06 09:08:27+00:00,2026-01-06 09:15:23.365009+00:00,507.0,3220.382,3220.35,3220.61,ETH
2026-01-06 09:08:28+00:00,2026-01-06 09:15:24.379249+00:00,508.0,3220.162,3220.06,3220.38,ETH
2026-01-06 09:08:29+00:00,2026-01-06 09:15:25.368103+00:00,509.0,3219.882,3219.78,3220.12,ETH
2026-01-06 09:08:30+00:00,2026-01-06 09:15:26.383147+00:00,510.0,3219.862,3219.77,3220.08,ETH
2026-01-06 09:08:31+00:00,2026-01-06 09:15:27.380936+00:00,511.0,3219.922,3219.78,3220.1,ETH
2026-01-06 09:08:32+00:00,2026-01-06 09:15:28.370667+00:00,512.0,3219.912,3219.79,3220.12,ETH
2026-01-06 09:08:33+00:00,2026-01-06 09:15:29.399653+00:00,513.0,3219.842,3219.76,3220.11,ETH
2026-01-06 09:08:34+00:00,2026-01-06 09:15:30.396946+00:00,514.0,3219.882,3219.67,3220.15,ETH
2026-01-06 09:08:35+00:00,2026-01-06 09:15:31.436900+00:00,515.0,3220.172,3219.79,3220.41,ETH
2026-01-06 09:08:36+00:00,2026-01-06 09:15:32.451388+00:00,516.0,3220.472,3220.11,3220.71,ETH
2026-01-06 09:08:37+00:00,2026-01-06 09:15:33.449426+00:00,517.0,3220.562,3220.26,3220.77,ETH
2026-01-06 09:08:38+00:00,2026-01-06 09:15:34.499482+00:00,518.0,3220.572,3220.26,3220.78,ETH
2026-01-06 09:08:39+00:00,2026-01-06 09:15:35.504289+00:00,519.0,3220.572,3220.27,3220.84,ETH
2026-01-06 09:08:40+00:00,2026-01-06 09:15:36.501818+00:00,520.0,3220.572,3220.26,3220.87,ETH
2026-01-06 09:08:41+00:00,2026-01-06 09:15:37.548791+00:00,521.0,3220.652,3220.35,3220.93,ETH
2026-01-06 09:08:42+00:00,2026-01-06 09:15:38.547113+00:00,522.0,3220.842,3220.56,3221.01,ETH
2026-01-06 09:08:43+00:00,2026-01-06 09:15:39.549364+00:00,523.0,3220.932,3220.69,3221.03,ETH
2026-01-06 09:08:44+00:00,2026-01-06 09:15:40.558298+00:00,524.0,3220.932,3220.69,3221.02,ETH
2026-01-06 09:08:45+00:00,2026-01-06 09:15:41.600409+00:00,525.0,3220.992,3220.64,3221.12,ETH
2026-01-06 09:08:46+00:00,2026-01-06 09:15:42.600651+00:00,526.0,3220.962,3220.62,3221.07,ETH
2026-01-06 09:08:47+00:00,2026-01-06 09:15:43.598162+00:00,527.0,3220.922,3220.61,3221.03,ETH
2026-01-06 09:08:48+00:00,2026-01-06 09:15:44.598801+00:00,528.0,3220.892,3220.6,3220.99,ETH
2026-01-06 09:08:49+00:00,2026-01-06 09:15:45.599689+00:00,529.0,3220.822,3220.5,3221.08,ETH
2026-01-06 09:08:50+00:00,2026-01-06 09:15:46.649889+00:00,530.0,3220.842,3220.53,3221.01,ETH
2026-01-06 09:08:51+00:00,2026-01-06 09:15:47.717261+00:00,531.0,3220.822,3220.51,3221.08,ETH
2026-01-06 09:08:52+00:00,2026-01-06 09:15:48.733004+00:00,532.0,3220.822,3220.51,3220.97,ETH
2026-01-06 09:08:53+00:00,2026-01-06 09:15:49.712202+00:00,533.0,3220.822,3220.51,3220.89,ETH
2026-01-06 09:08:54+00:00,2026-01-06 09:15:50.719591+00:00,534.0,3220.822,3220.51,3220.89,ETH
2026-01-06 09:08:55+00:00,2026-01-06 09:15:51.726531+00:00,535.0,3220.712,3220.51,3220.83,ETH
2026-01-06 09:08:56+00:00,2026-01-06 09:15:52.702016+00:00,536.0,3220.602,3220.46,3220.77,ETH
2026-01-06 09:08:57+00:00,2026-01-06 09:15:53.711859+00:00,537.0,3220.602,3220.41,3220.78,ETH
2026-01-06 09:08:58+00:00,2026-01-06 09:15:54.740631+00:00,538.0,3220.602,3220.41,3220.87,ETH
2026-01-06 09:08:59+00:00,2026-01-06 09:15:55.743986+00:00,539.0,3220.602,3220.41,3220.94,ETH
2026-01-06 09:09:00+00:00,2026-01-06 09:15:56.744480+00:00,540.0,3220.542,3220.4,3220.86,ETH
2026-01-06 09:09:01+00:00,2026-01-06 09:15:57.766560+00:00,541.0,3220.492,3220.34,3220.77,ETH
2026-01-06 09:09:02+00:00,2026-01-06 09:15:58.769573+00:00,542.0,3220.552,3220.31,3220.79,ETH
2026-01-06 09:09:03+00:00,2026-01-06 09:15:59.768215+00:00,543.0,3220.692,3220.4,3220.88,ETH
2026-01-06 09:09:04+00:00,2026-01-06 09:16:00.776248+00:00,544.0,3220.772,3220.48,3220.95,ETH
2026-01-06 09:09:05+00:00,2026-01-06 09:16:01.810249+00:00,545.0,3220.822,3220.53,3221.02,ETH
2026-01-06 09:09:06+00:00,2026-01-06 09:16:02.799650+00:00,546.0,3220.892,3220.58,3221.07,ETH
2026-01-06 09:09:07+00:00,2026-01-06 09:16:03.799759+00:00,547.0,3220.912,3220.58,3221.09,ETH
2026-01-06 09:09:08+00:00,2026-01-06 09:16:04.811222+00:00,548.0,3220.912,3220.58,3221.1,ETH
2026-01-06 09:09:09+00:00,2026-01-06 09:16:05.812518+00:00,549.0,3220.912,3220.58,3221.09,ETH
2026-01-06 09:09:10+00:00,2026-01-06 09:16:06.816215+00:00,550.0,3220.902,3220.57,3221.09,ETH
2026-01-06 09:09:11+00:00,2026-01-06 09:16:07.849774+00:00,551.0,3220.792,3220.57,3221.03,ETH
2026-01-06 09:09:12+00:00,2026-01-06 09:16:08.849936+00:00,552.0,3220.892,3220.58,3220.98,ETH
2026-01-06 09:09:13+00:00,2026-01-06 09:16:09.859461+00:00,553.0,3220.892,3220.59,3220.98,ETH
2026-01-06 09:09:14+00:00,2026-01-06 09:16:10.866233+00:00,554.0,3220.862,3220.58,3221.16,ETH
2026-01-06 09:09:15+00:00,2026-01-06 09:16:11.861552+00:00,555.0,3220.872,3220.58,3221.03,ETH
2026-01-06 09:09:16+00:00,2026-01-06 09:16:12.879711+00:00,556.0,3220.852,3220.6,3221.03,ETH
2026-01-06 09:09:17+00:00,2026-01-06 09:16:13.877256+00:00,557.0,3220.912,3220.6,3221.03,ETH
2026-01-06 09:09:18+00:00,2026-01-06 09:16:14.885085+00:00,558.0,3220.952,3220.76,3221.18,ETH
2026-01-06 09:09:19+00:00,2026-01-06 09:16:15.880359+00:00,559.0,3221.022,3220.72,3221.07,ETH
2026-01-06 09:09:20+00:00,2026-01-06 09:16:16.899492+00:00,560.0,3221.012,3220.72,3221.2,ETH
2026-01-06 09:09:21+00:00,2026-01-06 09:16:17.899511+00:00,561.0,3220.982,3220.7,3221.03,ETH
2026-01-06 09:09:22+00:00,2026-01-06 09:16:18.896257+00:00,562.0,3220.922,3220.7,3221.17,ETH
2026-01-06 09:09:23+00:00,2026-01-06 09:16:19.882819+00:00,563.0,3220.962,3220.68,3221.09,ETH
2026-01-06 09:09:24+00:00,2026-01-06 09:16:20.881534+00:00,564.0,3220.942,3220.69,3220.98,ETH
2026-01-06 09:09:25+00:00,2026-01-06 09:16:21.882102+00:00,565.0,3220.932,3220.68,3220.97,ETH
2026-01-06 09:09:26+00:00,2026-01-06 09:16:22.882440+00:00,566.0,3220.952,3220.68,3220.97,ETH
2026-01-06 09:09:27+00:00,2026-01-06 09:16:23.882298+00:00,567.0,3220.932,3220.68,3220.96,ETH
2026-01-06 09:09:28+00:00,2026-01-06 09:16:24.878407+00:00,568.0,3220.952,3220.68,3221.15,ETH
2026-01-06 09:09:29+00:00,2026-01-06 09:16:25.866053+00:00,569.0,3220.922,3220.6,3221.14,ETH
2026-01-06 09:09:30+00:00,2026-01-06 09:16:26.868153+00:00,570.0,3220.922,3220.6,3221.09,ETH
2026-01-06 09:09:31+00:00,2026-01-06 09:16:27.929257+00:00,571.0,3220.922,3220.6,3221.09,ETH
2026-01-06 09:09:32+00:00,2026-01-06 09:16:28.946396+00:00,572.0,3220.902,3220.6,3220.95,ETH
2026-01-06 09:09:33+00:00,2026-01-06 09:16:30.965837+00:00,573.0,3220.672,3220.36,3220.96,ETH
2026-01-06 09:09:34+00:00,2026-01-06 09:16:31.965543+00:00,574.0,3220.652,3220.37,3220.93,ETH
2026-01-06 09:09:35+00:00,2026-01-06 09:16:33.008206+00:00,575.0,3220.652,3220.38,3220.89,ETH
2026-01-06 09:09:36+00:00,2026-01-06 09:16:33.998191+00:00,576.0,3220.672,3220.37,3220.9,ETH
2026-01-06 09:09:37+00:00,2026-01-06 09:16:35.000259+00:00,577.0,3220.692,3220.36,3220.91,ETH
2026-01-06 09:09:38+00:00,2026-01-06 09:16:36.012709+00:00,578.0,3220.792,3220.48,3220.98,ETH
2026-01-06 09:09:39+00:00,2026-01-06 09:16:37.032569+00:00,579.0,3220.902,3220.6,3221.08,ETH
2026-01-06 09:09:40+00:00,2026-01-06 09:16:38.062079+00:00,580.0,3220.922,3220.62,3221.11,ETH
2026-01-06 09:09:41+00:00,2026-01-06 09:16:39.072785+00:00,581.0,3220.932,3220.64,3221.12,ETH
2026-01-06 09:09:42+00:00,2026-01-06 09:16:40.094718+00:00,582.0,3220.922,3220.64,3221.13,ETH
2026-01-06 09:09:43+00:00,2026-01-06 09:16:41.118653+00:00,583.0,3220.922,3220.65,3221.12,ETH
2026-01-06 09:09:44+00:00,2026-01-06 09:16:42.133616+00:00,584.0,3220.922,3220.65,3221.11,ETH
2026-01-06 09:09:45+00:00,2026-01-06 09:16:43.121223+00:00,585.0,3220.922,3220.65,3221.12,ETH
2026-01-06 09:09:46+00:00,2026-01-06 09:16:44.128048+00:00,586.0,3220.922,3220.65,3221.13,ETH
2026-01-06 09:09:47+00:00,2026-01-06 09:16:45.148343+00:00,587.0,3220.922,3220.65,3221.14,ETH
2026-01-06 09:09:48+00:00,2026-01-06 09:16:46.162879+00:00,588.0,3220.922,3220.66,3221.17,ETH
2026-01-06 09:09:49+00:00,2026-01-06 09:16:47.158514+00:00,589.0,3220.922,3220.66,3221.17,ETH
2026-01-06 09:09:50+00:00,2026-01-06 09:16:48.159279+00:00,590.0,3220.922,3220.66,3221.16,ETH
2026-01-06 09:09:51+00:00,2026-01-06 09:16:49.159762+00:00,591.0,3220.922,3220.66,3221.22,ETH
2026-01-06 09:09:52+00:00,2026-01-06 09:16:50.155839+00:00,592.0,3220.922,3220.66,3221.23,ETH
2026-01-06 09:09:54+00:00,2026-01-06 09:16:51.211458+00:00,594.0,3220.922,3220.66,3221.17,ETH
2026-01-06 09:09:55+00:00,2026-01-06 09:16:52.203439+00:00,595.0,3220.922,3220.66,3221.16,ETH
2026-01-06 09:09:56+00:00,2026-01-06 09:16:53.217994+00:00,596.0,3220.922,3220.66,3221.15,ETH
2026-01-06 09:09:57+00:00,2026-01-06 09:16:55.215407+00:00,597.0,3220.992,3220.72,3221.21,ETH
2026-01-06 09:09:58+00:00,2026-01-06 09:16:56.202650+00:00,598.0,3221.072,3220.79,3221.28,ETH
2026-01-06 09:09:59+00:00,2026-01-06 09:16:57.249040+00:00,599.0,3221.102,3220.82,3221.32,ETH
2026-01-06 09:10:00+00:00,2026-01-06 09:16:58.231392+00:00,600.0,3221.152,3220.88,3221.36,ETH
2026-01-06 09:10:01+00:00,2026-01-06 09:16:59.245982+00:00,601.0,3221.302,3221.01,3221.54,ETH
2026-01-06 09:10:02+00:00,2026-01-06 09:17:00.266774+00:00,602.0,3221.452,3221.14,3221.75,ETH
2026-01-06 09:10:03+00:00,2026-01-06 09:17:01.263885+00:00,603.0,3221.502,3221.19,3221.81,ETH
2026-01-06 09:10:04+00:00,2026-01-06 09:17:02.275675+00:00,604.0,3221.552,3221.24,3221.86,ETH
2026-01-06 09:10:05+00:00,2026-01-06 09:17:03.297952+00:00,605.0,3221.542,3221.25,3221.85,ETH
2026-01-06 09:10:06+00:00,2026-01-06 09:17:04.284749+00:00,606.0,3221.512,3221.23,3221.81,ETH
2026-01-06 09:10:07+00:00,2026-01-06 09:17:05.296710+00:00,607.0,3221.512,3221.22,3221.82,ETH
2026-01-06 09:10:08+00:00,2026-01-06 09:17:06.308522+00:00,608.0,3221.512,3221.23,3221.82,ETH
2026-01-06 09:10:09+00:00,2026-01-06 09:17:07.315688+00:00,609.0,3221.512,3221.25,3221.84,ETH
2026-01-06 09:10:10+00:00,2026-01-06 09:17:08.326138+00:00,610.0,3221.512,3221.24,3221.81,ETH
2026-01-06 09:10:11+00:00,2026-01-06 09:17:09.352498+00:00,611.0,3221.512,3221.23,3221.74,ETH
2026-01-06 09:10:12+00:00,2026-01-06 09:17:10.346290+00:00,612.0,3221.512,3221.23,3221.74,ETH
2026-01-06 09:10:13+00:00,2026-01-06 09:17:11.374150+00:00,613.0,3221.382,3221.12,3221.63,ETH
2026-01-06 09:10:14+00:00,2026-01-06 09:17:12.378913+00:00,614.0,3221.202,3221.0,3221.37,ETH
2026-01-06 09:10:15+00:00,2026-01-06 09:17:13.380048+00:00,615.0,3221.192,3220.99,3221.36,ETH
2026-01-06 09:10:16+00:00,2026-01-06 09:17:14.375739+00:00,616.0,3221.242,3220.99,3221.48,ETH
2026-01-06 09:10:17+00:00,2026-01-06 09:17:15.377881+00:00,617.0,3221.242,3220.99,3221.41,ETH
2026-01-06 09:10:18+00:00,2026-01-06 09:17:16.413672+00:00,618.0,3221.242,3220.99,3221.41,ETH
2026-01-06 09:10:19+00:00,2026-01-06 09:17:17.432899+00:00,619.0,3221.242,3220.99,3221.46,ETH
2026-01-06 09:10:20+00:00,2026-01-06 09:17:18.430474+00:00,620.0,3221.242,3220.99,3221.43,ETH
2026-01-06 09:10:21+00:00,2026-01-06 09:17:19.458202+00:00,621.0,3221.242,3220.99,3221.45,ETH
2026-01-06 09:10:22+00:00,2026-01-06 09:17:20.465333+00:00,622.0,3221.222,3220.99,3221.48,ETH
2026-01-06 09:10:23+00:00,2026-01-06 09:17:21.496894+00:00,623.0,3221.192,3220.97,3221.5,ETH
2026-01-06 09:10:24+00:00,2026-01-06 09:17:22.509721+00:00,624.0,3221.142,3220.92,3221.42,ETH
2026-01-06 09:10:25+00:00,2026-01-06 09:17:23.497031+00:00,625.0,3221.102,3220.88,3221.35,ETH
2026-01-06 09:10:26+00:00,2026-01-06 09:17:24.513627+00:00,626.0,3221.102,3220.88,3221.35,ETH
2026-01-06 09:10:27+00:00,2026-01-06 09:17:25.519243+00:00,627.0,3221.102,3220.88,3221.33,ETH
2026-01-06 09:10:28+00:00,2026-01-06 09:17:26.529063+00:00,628.0,3221.102,3220.87,3221.34,ETH
2026-01-06 09:10:29+00:00,2026-01-06 09:17:27.539268+00:00,629.0,3221.022,3220.86,3221.33,ETH
2026-01-06 09:10:30+00:00,2026-01-06 09:17:28.529341+00:00,630.0,3220.952,3220.85,3221.32,ETH
2026-01-06 09:10:31+00:00,2026-01-06 09:17:29.528568+00:00,631.0,3220.952,3220.83,3221.31,ETH
2026-01-06 09:10:32+00:00,2026-01-06 09:17:30.550485+00:00,632.0,3220.952,3220.83,3221.29,ETH
2026-01-06 09:10:33+00:00,2026-01-06 09:17:31.528788+00:00,633.0,3220.952,3220.84,3221.3,ETH
2026-01-06 09:10:34+00:00,2026-01-06 09:17:32.542369+00:00,634.0,3220.952,3220.84,3221.29,ETH
2026-01-06 09:10:35+00:00,2026-01-06 09:17:33.549553+00:00,635.0,3220.952,3220.84,3221.27,ETH
2026-01-06 09:10:36+00:00,2026-01-06 09:17:34.547859+00:00,636.0,3220.952,3220.85,3221.29,ETH
2026-01-06 09:10:37+00:00,2026-01-06 09:17:35.551018+00:00,637.0,3220.952,3220.85,3221.34,ETH
2026-01-06 09:10:38+00:00,2026-01-06 09:17:36.545786+00:00,638.0,3220.882,3220.77,3221.38,ETH
2026-01-06 09:10:39+00:00,2026-01-06 09:17:37.575920+00:00,639.0,3220.772,3220.7,3221.3,ETH
2026-01-06 09:10:40+00:00,2026-01-06 09:17:38.556963+00:00,640.0,3220.752,3220.69,3221.14,ETH
2026-01-06 09:10:41+00:00,2026-01-06 09:17:39.558741+00:00,641.0,3220.752,3220.67,3221.06,ETH
2026-01-06 09:10:42+00:00,2026-01-06 09:17:40.559590+00:00,642.0,3220.742,3220.66,3221.03,ETH
2026-01-06 09:10:43+00:00,2026-01-06 09:17:41.561590+00:00,643.0,3220.732,3220.66,3221.02,ETH
2026-01-06 09:10:44+00:00,2026-01-06 09:17:42.578242+00:00,644.0,3220.742,3220.66,3221.03,ETH
2026-01-06 09:10:45+00:00,2026-01-06 09:17:43.590968+00:00,645.0,3220.742,3220.66,3221.05,ETH
2026-01-06 09:10:46+00:00,2026-01-06 09:17:44.608930+00:00,646.0,3220.742,3220.66,3221.11,ETH
2026-01-06 09:10:47+00:00,2026-01-06 09:17:45.608226+00:00,647.0,3220.742,3220.66,3221.09,ETH
2026-01-06 09:10:48+00:00,2026-01-06 09:17:46.609559+00:00,648.0,3220.852,3220.69,3221.16,ETH
2026-01-06 09:10:49+00:00,2026-01-06 09:17:47.607626+00:00,649.0,3220.852,3220.69,3221.16,ETH
2026-01-06 09:10:50+00:00,2026-01-06 09:17:48.628304+00:00,650.0,3220.952,3220.7,3221.0,ETH
2026-01-06 09:10:51+00:00,2026-01-06 09:17:49.643577+00:00,651.0,3221.022,3220.7,3221.26,ETH
2026-01-06 09:10:52+00:00,2026-01-06 09:17:50.645606+00:00,652.0,3221.172,3220.86,3221.28,ETH
2026-01-06 09:10:53+00:00,2026-01-06 09:17:51.639133+00:00,653.0,3221.172,3220.86,3221.48,ETH
2026-01-06 09:10:54+00:00,2026-01-06 09:17:52.644505+00:00,654.0,3221.382,3221.12,3221.65,ETH
2026-01-06 09:10:55+00:00,2026-01-06 09:17:53.657228+00:00,655.0,3221.382,3221.2,3221.63,ETH
2026-01-06 09:10:56+00:00,2026-01-06 09:17:54.676012+00:00,656.0,3221.382,3221.18,3221.83,ETH
2026-01-06 09:10:57+00:00,2026-01-06 09:17:55.734384+00:00,657.0,3221.382,3221.18,3221.67,ETH
2026-01-06 09:10:58+00:00,2026-01-06 09:17:56.723128+00:00,658.0,3221.382,3221.18,3221.65,ETH
2026-01-06 09:10:59+00:00,2026-01-06 09:17:57.724859+00:00,659.0,3221.442,3221.18,3221.69,ETH
2026-01-06 09:11:00+00:00,2026-01-06 09:17:58.720685+00:00,660.0,3221.702,3221.39,3221.92,ETH
2026-01-06 09:11:01+00:00,2026-01-06 09:17:59.734663+00:00,661.0,3221.902,3221.6,3222.15,ETH
2026-01-06 09:11:02+00:00,2026-01-06 09:18:00.748458+00:00,662.0,3221.952,3221.67,3222.24,ETH
2026-01-06 09:11:03+00:00,2026-01-06 09:18:01.725127+00:00,663.0,3222.012,3221.73,3222.27,ETH
2026-01-06 09:11:04+00:00,2026-01-06 09:18:02.732906+00:00,664.0,3222.072,3221.81,3222.28,ETH
2026-01-06 09:11:05+00:00,2026-01-06 09:18:03.727950+00:00,665.0,3222.112,3221.87,3222.28,ETH
2026-01-06 09:11:06+00:00,2026-01-06 09:18:04.737431+00:00,666.0,3222.112,3221.86,3222.26,ETH
2026-01-06 09:11:07+00:00,2026-01-06 09:18:05.736231+00:00,667.0,3222.122,3221.88,3222.3,ETH
2026-01-06 09:11:08+00:00,2026-01-06 09:18:06.741472+00:00,668.0,3222.222,3221.98,3222.41,ETH
2026-01-06 09:11:09+00:00,2026-01-06 09:18:07.743386+00:00,669.0,3222.312,3222.08,3222.5,ETH
2026-01-06 09:11:10+00:00,2026-01-06 09:18:08.753308+00:00,670.0,3222.362,3222.08,3222.6,ETH
2026-01-06 09:11:11+00:00,2026-01-06 09:18:09.760725+00:00,671.0,3222.422,3222.17,3222.62,ETH
2026-01-06 09:11:12+00:00,2026-01-06 09:18:10.761655+00:00,672.0,3222.422,3222.17,3222.66,ETH
2026-01-06 09:11:13+00:00,2026-01-06 09:18:11.771560+00:00,673.0,3222.422,3222.17,3222.48,ETH
2026-01-06 09:11:14+00:00,2026-01-06 09:18:12.768841+00:00,674.0,3222.422,3222.18,3222.73,ETH
2026-01-06 09:11:15+00:00,2026-01-06 09:18:13.782209+00:00,675.0,3222.442,3222.24,3222.77,ETH
2026-01-06 09:11:16+00:00,2026-01-06 09:18:14.790864+00:00,676.0,3222.442,3222.24,3222.77,ETH
2026-01-06 09:11:17+00:00,2026-01-06 09:18:15.805613+00:00,677.0,3222.442,3222.24,3222.77,ETH
2026-01-06 09:11:18+00:00,2026-01-06 09:18:16.820987+00:00,678.0,3222.442,3222.24,3222.77,ETH
2026-01-06 09:11:19+00:00,2026-01-06 09:18:17.828645+00:00,679.0,3222.442,3222.24,3222.77,ETH
2026-01-06 09:11:20+00:00,2026-01-06 09:18:18.844599+00:00,680.0,3222.472,3222.24,3222.78,ETH
2026-01-06 09:11:21+00:00,2026-01-06 09:18:19.857632+00:00,681.0,3222.512,3222.25,3222.78,ETH
2026-01-06 09:11:22+00:00,2026-01-06 09:18:20.859832+00:00,682.0,3222.532,3222.25,3222.75,ETH
2026-01-06 09:11:23+00:00,2026-01-06 09:18:21.881546+00:00,683.0,3222.782,3222.56,3223.01,ETH
2026-01-06 09:11:24+00:00,2026-01-06 09:18:22.892206+00:00,684.0,3222.722,3222.44,3222.92,ETH
2026-01-06 09:11:25+00:00,2026-01-06 09:18:23.892733+00:00,685.0,3222.232,3222.0,3222.29,ETH
2026-01-06 09:11:26+00:00,2026-01-06 09:18:24.923733+00:00,686.0,3222.012,3222.0,3222.39,ETH
2026-01-06 09:11:27+00:00,2026-01-06 09:18:25.921295+00:00,687.0,3222.012,3222.0,3222.37,ETH
2026-01-06 09:11:28+00:00,2026-01-06 09:18:26.923338+00:00,688.0,3222.012,3222.0,3222.21,ETH
2026-01-06 09:11:29+00:00,2026-01-06 09:18:27.926376+00:00,689.0,3222.012,3221.95,3222.22,ETH
2026-01-06 09:11:30+00:00,2026-01-06 09:18:28.942364+00:00,690.0,3222.012,3221.95,3222.23,ETH
2026-01-06 09:11:31+00:00,2026-01-06 09:18:29.923035+00:00,691.0,3222.012,3221.95,3222.23,ETH
2026-01-06 09:11:32+00:00,2026-01-06 09:18:30.953769+00:00,692.0,3222.012,3221.96,3222.23,ETH
2026-01-06 09:11:33+00:00,2026-01-06 09:18:31.959068+00:00,693.0,3222.012,3221.96,3222.41,ETH
2026-01-06 09:11:34+00:00,2026-01-06 09:18:33.957564+00:00,694.0,3222.122,3221.99,3222.38,ETH
2026-01-06 09:11:35+00:00,2026-01-06 09:18:34.972439+00:00,695.0,3222.242,3222.02,3222.37,ETH
2026-01-06 09:11:36+00:00,2026-01-06 09:18:36.008185+00:00,696.0,3222.242,3222.02,3222.38,ETH
2026-01-06 09:11:37+00:00,2026-01-06 09:18:37.014447+00:00,697.0,3222.242,3222.02,3222.37,ETH
2026-01-06 09:11:38+00:00,2026-01-06 09:18:38.013039+00:00,698.0,3222.242,3222.04,3222.35,ETH
2026-01-06 09:11:39+00:00,2026-01-06 09:18:39.023796+00:00,699.0,3222.242,3222.04,3222.35,ETH
2026-01-06 09:11:40+00:00,2026-01-06 09:18:40.026499+00:00,700.0,3222.242,3222.04,3222.36,ETH
2026-01-06 09:11:41+00:00,2026-01-06 09:18:41.038740+00:00,701.0,3222.242,3222.04,3222.37,ETH
2026-01-06 09:11:42+00:00,2026-01-06 09:18:42.039438+00:00,702.0,3222.242,3222.05,3222.37,ETH
2026-01-06 09:11:43+00:00,2026-01-06 09:18:43.044685+00:00,703.0,3222.242,3222.04,3222.35,ETH
2026-01-06 09:11:44+00:00,2026-01-06 09:18:44.043492+00:00,704.0,3222.372,3222.17,3222.57,ETH
2026-01-06 09:11:45+00:00,2026-01-06 09:18:45.056460+00:00,705.0,3222.512,3222.29,3222.83,ETH
2026-01-06 09:11:46+00:00,2026-01-06 09:18:46.059487+00:00,706.0,3222.482,3222.3,3222.84,ETH
2026-01-06 09:11:47+00:00,2026-01-06 09:18:47.069858+00:00,707.0,3222.452,3222.3,3222.84,ETH
2026-01-06 09:11:48+00:00,2026-01-06 09:18:48.077580+00:00,708.0,3222.452,3222.3,3222.84,ETH
2026-01-06 09:11:49+00:00,2026-01-06 09:18:49.090677+00:00,709.0,3222.452,3222.3,3222.84,ETH
2026-01-06 09:11:50+00:00,2026-01-06 09:18:50.104698+00:00,710.0,3222.452,3222.3,3222.84,ETH
2026-01-06 09:11:51+00:00,2026-01-06 09:18:51.127208+00:00,711.0,3222.452,3222.3,3222.75,ETH
2026-01-06 09:11:52+00:00,2026-01-06 09:18:52.119777+00:00,712.0,3222.452,3222.3,3222.65,ETH
2026-01-06 09:11:53+00:00,2026-01-06 09:18:53.122514+00:00,713.0,3222.452,3222.3,3222.64,ETH
2026-01-06 09:11:54+00:00,2026-01-06 09:18:54.122783+00:00,714.0,3222.452,3222.3,3222.64,ETH
2026-01-06 09:11:55+00:00,2026-01-06 09:18:55.144540+00:00,715.0,3222.452,3222.3,3222.65,ETH
2026-01-06 09:11:56+00:00,2026-01-06 09:18:56.159276+00:00,716.0,3222.452,3222.3,3222.64,ETH
2026-01-06 09:11:57+00:00,2026-01-06 09:18:57.155242+00:00,717.0,3222.452,3222.3,3222.63,ETH
2026-01-06 09:11:58+00:00,2026-01-06 09:18:58.226755+00:00,718.0,3222.442,3222.3,3222.65,ETH
2026-01-06 09:11:59+00:00,2026-01-06 09:18:59.156770+00:00,719.0,3222.442,3222.3,3222.63,ETH
2026-01-06 09:12:00+00:00,2026-01-06 09:19:00.219063+00:00,720.0,3222.452,3222.29,3222.68,ETH
2026-01-06 09:12:01+00:00,2026-01-06 09:19:01.240197+00:00,721.0,3222.452,3222.3,3222.67,ETH
2026-01-06 09:12:02+00:00,2026-01-06 09:19:02.247518+00:00,722.0,3222.452,3222.3,3222.64,ETH
2026-01-06 09:12:03+00:00,2026-01-06 09:19:03.238665+00:00,723.0,3222.452,3222.29,3222.64,ETH
2026-01-06 09:12:04+00:00,2026-01-06 09:19:04.216102+00:00,724.0,3222.452,3222.29,3222.65,ETH
2026-01-06 09:12:05+00:00,2026-01-06 09:19:05.220829+00:00,725.0,3222.452,3222.29,3222.64,ETH
2026-01-06 09:12:06+00:00,2026-01-06 09:19:06.227515+00:00,726.0,3222.452,3222.27,3222.64,ETH
2026-01-06 09:12:07+00:00,2026-01-06 09:19:07.241929+00:00,727.0,3222.452,3222.26,3222.64,ETH
2026-01-06 09:12:08+00:00,2026-01-06 09:19:08.236862+00:00,728.0,3222.452,3222.27,3222.64,ETH
2026-01-06 09:12:09+00:00,2026-01-06 09:19:09.253424+00:00,729.0,3222.452,3222.27,3222.62,ETH
2026-01-06 09:12:10+00:00,2026-01-06 09:19:10.253077+00:00,730.0,3222.452,3222.27,3222.61,ETH
2026-01-06 09:12:11+00:00,2026-01-06 09:19:11.276606+00:00,731.0,3222.452,3222.27,3222.62,ETH
2026-01-06 09:12:12+00:00,2026-01-06 09:19:12.277905+00:00,732.0,3222.462,3222.27,3222.63,ETH
2026-01-06 09:12:13+00:00,2026-01-06 09:19:13.279331+00:00,733.0,3222.462,3222.27,3222.63,ETH
2026-01-06 09:12:14+00:00,2026-01-06 09:19:14.296455+00:00,734.0,3222.592,3222.35,3222.72,ETH
2026-01-06 09:12:15+00:00,2026-01-06 09:19:15.301246+00:00,735.0,3222.732,3222.45,3222.89,ETH
2026-01-06 09:12:16+00:00,2026-01-06 09:19:16.292275+00:00,736.0,3222.742,3222.47,3223.0,ETH
2026-01-06 09:12:17+00:00,2026-01-06 09:19:17.295129+00:00,737.0,3222.742,3222.47,3223.02,ETH
2026-01-06 09:12:18+00:00,2026-01-06 09:19:18.308038+00:00,738.0,3222.742,3222.5,3223.04,ETH
2026-01-06 09:12:19+00:00,2026-01-06 09:19:19.322342+00:00,739.0,3222.742,3222.53,3223.05,ETH
2026-01-06 09:12:20+00:00,2026-01-06 09:19:20.339141+00:00,740.0,3222.742,3222.52,3222.99,ETH
2026-01-06 09:12:21+00:00,2026-01-06 09:19:21.338593+00:00,741.0,3222.742,3222.52,3222.92,ETH
2026-01-06 09:12:22+00:00,2026-01-06 09:19:22.357905+00:00,742.0,3222.652,3222.37,3222.91,ETH
2026-01-06 09:12:23+00:00,2026-01-06 09:19:23.371987+00:00,743.0,3222.652,3222.37,3222.74,ETH
2026-01-06 09:12:24+00:00,2026-01-06 09:19:24.374524+00:00,744.0,3222.422,3222.13,3222.51,ETH
2026-01-06 09:12:25+00:00,2026-01-06 09:19:25.372358+00:00,745.0,3222.392,3222.09,3222.47,ETH
2026-01-06 09:12:26+00:00,2026-01-06 09:19:26.389630+00:00,746.0,3222.392,3222.09,3222.44,ETH
2026-01-06 09:12:27+00:00,2026-01-06 09:19:27.371076+00:00,747.0,3222.402,3222.09,3222.44,ETH
2026-01-06 09:12:28+00:00,2026-01-06 09:19:28.374023+00:00,748.0,3222.292,3222.12,3222.42,ETH
2026-01-06 09:12:29+00:00,2026-01-06 09:19:29.374996+00:00,749.0,3222.292,3222.12,3222.37,ETH
2026-01-06 09:12:30+00:00,2026-01-06 09:19:30.387017+00:00,750.0,3222.292,3222.04,3222.39,ETH
2026-01-06 09:12:31+00:00,2026-01-06 09:19:31.389148+00:00,751.0,3222.292,3222.15,3222.46,ETH
2026-01-06 09:12:32+00:00,2026-01-06 09:19:32.396429+00:00,752.0,3222.292,3222.14,3222.73,ETH
2026-01-06 09:12:33+00:00,2026-01-06 09:19:33.389907+00:00,753.0,3222.292,3222.15,3222.61,ETH
2026-01-06 09:12:34+00:00,2026-01-06 09:19:34.390717+00:00,754.0,3222.302,3222.15,3222.61,ETH
2026-01-06 09:12:35+00:00,2026-01-06 09:19:35.392357+00:00,755.0,3222.302,3222.2,3222.5,ETH
2026-01-06 09:12:36+00:00,2026-01-06 09:19:36.406245+00:00,756.0,3222.302,3222.17,3222.51,ETH
2026-01-06 09:12:37+00:00,2026-01-06 09:19:37.392954+00:00,757.0,3222.372,3222.18,3222.53,ETH
2026-01-06 09:12:38+00:00,2026-01-06 09:19:38.392600+00:00,758.0,3222.372,3222.17,3222.51,ETH
2026-01-06 09:12:39+00:00,2026-01-06 09:19:39.404017+00:00,759.0,3222.372,3222.17,3222.55,ETH
2026-01-06 09:12:40+00:00,2026-01-06 09:19:40.409563+00:00,760.0,3222.302,3222.15,3222.48,ETH
2026-01-06 09:12:41+00:00,2026-01-06 09:19:41.424395+00:00,761.0,3222.302,3222.14,3222.53,ETH
2026-01-06 09:12:42+00:00,2026-01-06 09:19:42.425141+00:00,762.0,3222.302,3222.14,3222.41,ETH
2026-01-06 09:12:43+00:00,2026-01-06 09:19:43.449121+00:00,763.0,3222.292,3222.06,3222.44,ETH
2026-01-06 09:12:44+00:00,2026-01-06 09:19:44.460528+00:00,764.0,3222.292,3222.04,3222.34,ETH
2026-01-06 09:12:45+00:00,2026-01-06 09:19:46.471961+00:00,765.0,3222.282,3221.98,3222.36,ETH
2026-01-06 09:12:46+00:00,2026-01-06 09:19:47.489551+00:00,766.0,3222.282,3221.99,3222.4,ETH
2026-01-06 09:12:47+00:00,2026-01-06 09:19:48.487439+00:00,767.0,3222.232,3221.99,3222.43,ETH
2026-01-06 09:12:48+00:00,2026-01-06 09:19:49.490611+00:00,768.0,3222.102,3221.97,3222.29,ETH
2026-01-06 09:12:49+00:00,2026-01-06 09:19:50.486043+00:00,769.0,3222.092,3221.95,3222.22,ETH
2026-01-06 09:12:50+00:00,2026-01-06 09:19:51.502701+00:00,770.0,3222.142,3221.95,3222.31,ETH
2026-01-06 09:12:51+00:00,2026-01-06 09:19:52.506030+00:00,771.0,3222.142,3221.97,3222.35,ETH
2026-01-06 09:12:52+00:00,2026-01-06 09:19:53.507108+00:00,772.0,3222.152,3221.98,3222.37,ETH
2026-01-06 09:12:53+00:00,2026-01-06 09:19:54.507140+00:00,773.0,3222.152,3221.97,3222.36,ETH
2026-01-06 09:12:54+00:00,2026-01-06 09:19:55.518481+00:00,774.0,3222.152,3221.97,3222.35,ETH
2026-01-06 09:12:55+00:00,2026-01-06 09:19:56.520817+00:00,775.0,3222.152,3221.97,3222.36,ETH
2026-01-06 09:12:56+00:00,2026-01-06 09:19:57.510340+00:00,776.0,3222.152,3221.95,3222.37,ETH
2026-01-06 09:12:57+00:00,2026-01-06 09:19:58.518647+00:00,777.0,3222.152,3221.93,3222.37,ETH
2026-01-06 09:12:58+00:00,2026-01-06 09:19:59.520762+00:00,778.0,3222.152,3221.93,3222.36,ETH
2026-01-06 09:12:59+00:00,2026-01-06 09:20:00.539302+00:00,779.0,3222.152,3221.94,3222.36,ETH
2026-01-06 09:13:00+00:00,2026-01-06 09:20:01.561563+00:00,780.0,3222.152,3221.94,3222.37,ETH
2026-01-06 09:13:01+00:00,2026-01-06 09:20:02.549850+00:00,781.0,3222.152,3221.94,3222.36,ETH
2026-01-06 09:13:02+00:00,2026-01-06 09:20:03.568220+00:00,782.0,3222.152,3221.94,3222.34,ETH
2026-01-06 09:13:03+00:00,2026-01-06 09:20:04.570163+00:00,783.0,3222.142,3221.93,3222.35,ETH
2026-01-06 09:13:04+00:00,2026-01-06 09:20:05.578871+00:00,784.0,3222.142,3221.93,3222.37,ETH
2026-01-06 09:13:05+00:00,2026-01-06 09:20:06.602606+00:00,785.0,3222.142,3221.94,3222.38,ETH
2026-01-06 09:13:06+00:00,2026-01-06 09:20:07.597613+00:00,786.0,3222.142,3221.94,3222.37,ETH
2026-01-06 09:13:07+00:00,2026-01-06 09:20:08.588927+00:00,787.0,3222.142,3221.94,3222.34,ETH
2026-01-06 09:13:08+00:00,2026-01-06 09:20:09.599777+00:00,788.0,3222.142,3221.94,3222.32,ETH
2026-01-06 09:13:09+00:00,2026-01-06 09:20:10.605429+00:00,789.0,3222.142,3221.94,3222.42,ETH
2026-01-06 09:13:10+00:00,2026-01-06 09:20:11.620427+00:00,790.0,3222.162,3221.94,3222.39,ETH
2026-01-06 09:13:11+00:00,2026-01-06 09:20:12.619100+00:00,791.0,3222.162,3221.96,3222.32,ETH
2026-01-06 09:13:12+00:00,2026-01-06 09:20:13.618766+00:00,792.0,3222.162,3221.96,3222.27,ETH
2026-01-06 09:13:13+00:00,2026-01-06 09:20:14.632386+00:00,793.0,3222.162,3221.96,3222.32,ETH
2026-01-06 09:13:14+00:00,2026-01-06 09:20:15.633620+00:00,794.0,3222.162,3221.96,3222.3,ETH
2026-01-06 09:13:15+00:00,2026-01-06 09:20:16.634341+00:00,795.0,3222.162,3221.95,3222.3,ETH
2026-01-06 09:13:16+00:00,2026-01-06 09:20:17.628717+00:00,796.0,3222.162,3221.93,3222.29,ETH
2026-01-06 09:13:17+00:00,2026-01-06 09:20:18.641560+00:00,797.0,3222.162,3221.93,3222.29,ETH
2026-01-06 09:13:18+00:00,2026-01-06 09:20:19.692072+00:00,798.0,3221.932,3221.87,3222.08,ETH
2026-01-06 09:13:19+00:00,2026-01-06 09:20:20.709555+00:00,799.0,3221.782,3221.69,3221.94,ETH
2026-01-06 09:13:20+00:00,2026-01-06 09:20:21.695393+00:00,800.0,3221.612,3221.54,3221.82,ETH
2026-01-06 09:13:21+00:00,2026-01-06 09:20:22.704274+00:00,801.0,3221.462,3221.44,3221.63,ETH
2026-01-06 09:13:22+00:00,2026-01-06 09:20:23.725313+00:00,802.0,3221.392,3221.3,3221.58,ETH
2026-01-06 09:13:23+00:00,2026-01-06 09:20:24.699093+00:00,803.0,3221.392,3221.23,3221.58,ETH
2026-01-06 09:13:24+00:00,2026-01-06 09:20:25.720571+00:00,804.0,3221.462,3221.23,3221.61,ETH
2026-01-06 09:13:25+00:00,2026-01-06 09:20:26.746037+00:00,805.0,3221.602,3221.32,3221.75,ETH
2026-01-06 09:13:26+00:00,2026-01-06 09:20:27.763134+00:00,806.0,3221.682,3221.4,3221.81,ETH
2026-01-06 09:13:27+00:00,2026-01-06 09:20:28.765234+00:00,807.0,3221.672,3221.42,3221.78,ETH
2026-01-06 09:13:28+00:00,2026-01-06 09:20:29.787064+00:00,808.0,3221.662,3221.44,3221.74,ETH
2026-01-06 09:13:29+00:00,2026-01-06 09:20:30.764930+00:00,809.0,3221.662,3221.44,3221.78,ETH
2026-01-06 09:13:30+00:00,2026-01-06 09:20:31.971481+00:00,810.0,3221.662,3221.44,3221.84,ETH
2026-01-06 09:13:31+00:00,2026-01-06 09:20:32.969640+00:00,811.0,3221.662,3221.44,3221.82,ETH
2026-01-06 09:13:32+00:00,2026-01-06 09:20:33.989230+00:00,812.0,3221.602,3221.43,3221.74,ETH
2026-01-06 09:13:33+00:00,2026-01-06 09:20:35.016713+00:00,813.0,3221.542,3221.43,3221.66,ETH
2026-01-06 09:13:34+00:00,2026-01-06 09:20:36.004057+00:00,814.0,3221.542,3221.4,3221.66,ETH
2026-01-06 09:13:35+00:00,2026-01-06 09:20:37.005300+00:00,815.0,3221.582,3221.39,3221.66,ETH
2026-01-06 09:13:36+00:00,2026-01-06 09:20:38.024463+00:00,816.0,3221.572,3221.39,3221.66,ETH
2026-01-06 09:13:37+00:00,2026-01-06 09:20:39.002823+00:00,817.0,3221.572,3221.41,3221.66,ETH
2026-01-06 09:13:38+00:00,2026-01-06 09:20:40.016682+00:00,818.0,3221.602,3221.41,3221.66,ETH
2026-01-06 09:13:39+00:00,2026-01-06 09:20:41.039024+00:00,819.0,3221.572,3221.41,3221.66,ETH
2026-01-06 09:13:40+00:00,2026-01-06 09:20:42.035987+00:00,820.0,3221.632,3221.41,3221.67,ETH
2026-01-06 09:13:41+00:00,2026-01-06 09:20:43.036105+00:00,821.0,3221.632,3221.42,3221.67,ETH
2026-01-06 09:13:42+00:00,2026-01-06 09:20:44.039117+00:00,822.0,3221.582,3221.42,3221.66,ETH
2026-01-06 09:13:43+00:00,2026-01-06 09:20:45.041470+00:00,823.0,3221.612,3221.42,3221.66,ETH
2026-01-06 09:13:44+00:00,2026-01-06 09:20:46.063593+00:00,824.0,3221.652,3221.42,3221.87,ETH
2026-01-06 09:13:45+00:00,2026-01-06 09:20:47.063321+00:00,825.0,3221.652,3221.4,3221.77,ETH
2026-01-06 09:13:46+00:00,2026-01-06 09:20:48.055679+00:00,826.0,3221.652,3221.42,3221.78,ETH
2026-01-06 09:13:47+00:00,2026-01-06 09:20:49.066125+00:00,827.0,3221.652,3221.42,3221.76,ETH
2026-01-06 09:13:48+00:00,2026-01-06 09:20:50.054777+00:00,828.0,3221.652,3221.42,3221.75,ETH
2026-01-06 09:13:49+00:00,2026-01-06 09:20:51.071508+00:00,829.0,3221.652,3221.42,3221.86,ETH
2026-01-06 09:13:50+00:00,2026-01-06 09:20:52.074234+00:00,830.0,3221.632,3221.42,3221.66,ETH
2026-01-06 09:13:51+00:00,2026-01-06 09:20:53.073935+00:00,831.0,3221.652,3221.42,3221.9,ETH
2026-01-06 09:13:52+00:00,2026-01-06 09:20:54.086842+00:00,832.0,3221.652,3221.42,3221.77,ETH
2026-01-06 09:13:53+00:00,2026-01-06 09:20:55.085975+00:00,833.0,3221.652,3221.42,3221.78,ETH
2026-01-06 09:13:54+00:00,2026-01-06 09:20:56.102416+00:00,834.0,3221.572,3221.42,3221.72,ETH
2026-01-06 09:13:55+00:00,2026-01-06 09:20:57.087781+00:00,835.0,3221.652,3221.42,3221.75,ETH
2026-01-06 09:13:56+00:00,2026-01-06 09:20:58.103143+00:00,836.0,3221.652,3221.4,3221.8,ETH
2026-01-06 09:13:57+00:00,2026-01-06 09:20:59.109613+00:00,837.0,3221.652,3221.41,3221.79,ETH
2026-01-06 09:13:58+00:00,2026-01-06 09:21:00.098974+00:00,838.0,3221.652,3221.42,3221.76,ETH
2026-01-06 09:13:59+00:00,2026-01-06 09:21:01.098264+00:00,839.0,3221.652,3221.41,3221.74,ETH
2026-01-06 09:14:00+00:00,2026-01-06 09:21:02.112289+00:00,840.0,3221.652,3221.41,3221.74,ETH
2026-01-06 09:14:01+00:00,2026-01-06 09:21:03.100069+00:00,841.0,3221.651,3221.42,3221.76,ETH
2026-01-06 09:14:02+00:00,2026-01-06 09:21:04.101859+00:00,842.0,3221.651,3221.43,3221.74,ETH
2026-01-06 09:14:03+00:00,2026-01-06 09:21:05.104591+00:00,843.0,3221.691,3221.42,3221.85,ETH
2026-01-06 09:14:04+00:00,2026-01-06 09:21:06.104129+00:00,844.0,3222.311,3222.07,3222.54,ETH
2026-01-06 09:14:05+00:00,2026-01-06 09:21:07.106329+00:00,845.0,3222.991,3222.83,3223.12,ETH
2026-01-06 09:14:06+00:00,2026-01-06 09:21:08.121056+00:00,846.0,3222.961,3222.83,3223.03,ETH
2026-01-06 09:14:07+00:00,2026-01-06 09:21:09.137065+00:00,847.0,3222.821,3222.68,3222.91,ETH
2026-01-06 09:14:08+00:00,2026-01-06 09:21:10.212185+00:00,848.0,3222.751,3222.58,3222.92,ETH
2026-01-06 09:14:09+00:00,2026-01-06 09:21:11.184258+00:00,849.0,3222.811,3222.68,3222.93,ETH
2026-01-06 09:14:10+00:00,2026-01-06 09:21:12.208481+00:00,850.0,3222.881,3222.74,3223.08,ETH
2026-01-06 09:14:11+00:00,2026-01-06 09:21:13.218911+00:00,851.0,3222.851,3222.76,3223.07,ETH
2026-01-06 09:14:12+00:00,2026-01-06 09:21:14.189177+00:00,852.0,3222.871,3222.76,3223.07,ETH
2026-01-06 09:14:13+00:00,2026-01-06 09:21:15.202806+00:00,853.0,3222.881,3222.76,3223.07,ETH
2026-01-06 09:14:14+00:00,2026-01-06 09:21:16.200649+00:00,854.0,3222.831,3222.76,3222.99,ETH
2026-01-06 09:14:15+00:00,2026-01-06 09:21:17.196861+00:00,855.0,3222.781,3222.67,3222.91,ETH
2026-01-06 09:14:16+00:00,2026-01-06 09:21:18.197076+00:00,856.0,3223.061,3222.9,3223.13,ETH
2026-01-06 09:14:17+00:00,2026-01-06 09:21:19.215022+00:00,857.0,3223.051,3222.91,3223.26,ETH
2026-01-06 09:14:18+00:00,2026-01-06 09:21:20.181231+00:00,858.0,3223.101,3222.91,3223.26,ETH
2026-01-06 09:14:19+00:00,2026-01-06 09:21:21.190197+00:00,859.0,3223.211,3222.91,3223.26,ETH
2026-01-06 09:14:20+00:00,2026-01-06 09:21:22.200862+00:00,860.0,3223.181,3222.91,3223.26,ETH
2026-01-06 09:14:21+00:00,2026-01-06 09:21:23.181265+00:00,861.0,3223.181,3222.91,3223.23,ETH
2026-01-06 09:14:22+00:00,2026-01-06 09:21:24.229634+00:00,862.0,3223.181,3222.91,3223.22,ETH
2026-01-06 09:14:23+00:00,2026-01-06 09:21:25.198573+00:00,863.0,3223.171,3222.91,3223.22,ETH
2026-01-06 09:14:24+00:00,2026-01-06 09:21:26.213724+00:00,864.0,3223.171,3222.92,3223.2,ETH
2026-01-06 09:14:25+00:00,2026-01-06 09:21:27.240946+00:00,865.0,3223.081,3222.91,3223.16,ETH
2026-01-06 09:14:26+00:00,2026-01-06 09:21:28.230754+00:00,866.0,3223.091,3222.91,3223.18,ETH
2026-01-06 09:14:27+00:00,2026-01-06 09:21:29.245335+00:00,867.0,3223.221,3222.96,3223.28,ETH
2026-01-06 09:14:28+00:00,2026-01-06 09:21:30.245707+00:00,868.0,3223.261,3223.01,3223.31,ETH
2026-01-06 09:14:29+00:00,2026-01-06 09:21:31.247790+00:00,869.0,3223.261,3223.03,3223.33,ETH
2026-01-06 09:14:30+00:00,2026-01-06 09:21:32.265371+00:00,870.0,3223.231,3223.06,3223.3,ETH
2026-01-06 09:14:31+00:00,2026-01-06 09:21:33.269503+00:00,871.0,3223.211,3223.03,3223.26,ETH
2026-01-06 09:14:32+00:00,2026-01-06 09:21:34.294312+00:00,872.0,3223.211,3223.01,3223.27,ETH
2026-01-06 09:14:33+00:00,2026-01-06 09:21:35.288701+00:00,873.0,3223.201,3223.01,3223.28,ETH
2026-01-06 09:14:34+00:00,2026-01-06 09:21:37.300535+00:00,874.0,3223.201,3223.01,3223.24,ETH
2026-01-06 09:14:35+00:00,2026-01-06 09:21:38.301688+00:00,875.0,3223.201,3223.01,3223.24,ETH
2026-01-06 09:14:36+00:00,2026-01-06 09:21:39.299561+00:00,876.0,3223.201,3223.02,3223.26,ETH
2026-01-06 09:14:37+00:00,2026-01-06 09:21:40.306508+00:00,877.0,3223.201,3223.02,3223.29,ETH
2026-01-06 09:14:38+00:00,2026-01-06 09:21:41.314190+00:00,878.0,3223.231,3223.03,3223.37,ETH
2026-01-06 09:14:39+00:00,2026-01-06 09:21:42.333843+00:00,879.0,3223.291,3223.08,3223.45,ETH
2026-01-06 09:14:40+00:00,2026-01-06 09:21:43.334348+00:00,880.0,3223.341,3223.14,3223.45,ETH
2026-01-06 09:14:41+00:00,2026-01-06 09:21:44.337954+00:00,881.0,3223.712,3223.47,3223.8,ETH
2026-01-06 09:14:42+00:00,2026-01-06 09:21:45.332371+00:00,882.0,3224.062,3223.79,3224.14,ETH
2026-01-06 09:14:43+00:00,2026-01-06 09:21:46.339282+00:00,883.0,3224.062,3223.79,3224.14,ETH
2026-01-06 09:14:44+00:00,2026-01-06 09:21:47.335113+00:00,884.0,3224.072,3223.79,3224.14,ETH
2026-01-06 09:14:45+00:00,2026-01-06 09:21:48.336553+00:00,885.0,3224.072,3223.79,3224.14,ETH
2026-01-06 09:14:46+00:00,2026-01-06 09:21:49.338960+00:00,886.0,3224.072,3223.79,3224.14,ETH
2026-01-06 09:14:47+00:00,2026-01-06 09:21:50.352078+00:00,887.0,3224.012,3223.79,3224.07,ETH
2026-01-06 09:14:48+00:00,2026-01-06 09:21:51.350525+00:00,888.0,3223.962,3223.8,3223.99,ETH
2026-01-06 09:14:49+00:00,2026-01-06 09:21:52.365149+00:00,889.0,3223.972,3223.77,3224.0,ETH
2026-01-06 09:14:50+00:00,2026-01-06 09:21:53.402038+00:00,890.0,3223.992,3223.77,3224.03,ETH
2026-01-06 09:14:51+00:00,2026-01-06 09:21:54.418769+00:00,891.0,3223.912,3223.76,3223.99,ETH
2026-01-06 09:14:52+00:00,2026-01-06 09:21:55.434265+00:00,892.0,3223.932,3223.74,3223.97,ETH
2026-01-06 09:14:53+00:00,2026-01-06 09:21:56.450248+00:00,893.0,3223.952,3223.73,3224.0,ETH
2026-01-06 09:14:54+00:00,2026-01-06 09:21:57.466181+00:00,894.0,3223.641,3223.5,3223.92,ETH
2026-01-06 09:14:55+00:00,2026-01-06 09:21:58.454321+00:00,895.0,3223.641,3223.49,3223.79,ETH
2026-01-06 09:14:56+00:00,2026-01-06 09:21:59.449113+00:00,896.0,3223.641,3223.49,3223.77,ETH
2026-01-06 09:14:57+00:00,2026-01-06 09:22:00.453281+00:00,897.0,3223.641,3223.5,3223.74,ETH
2026-01-06 09:14:58+00:00,2026-01-06 09:22:01.560498+00:00,898.0,3223.641,3223.5,3223.68,ETH
2026-01-06 09:14:59+00:00,2026-01-06 09:22:02.564593+00:00,899.0,3223.641,3223.46,3223.73,ETH
