timestamp,collected_at,seconds,up_mid,up_best_bid,up_best_ask,down_mid,down_best_bid,down_best_ask,up_best_bid_size,up_best_ask_size,down_best_bid_size,down_best_ask_size
2026-01-06 09:00:00.740000+00:00,2026-01-06 09:00:00.964258+00:00,0.74,0.535,0.53,0.54,0.4649999999999999,0.46,0.47,,,,
2026-01-06 09:00:01.755000+00:00,2026-01-06 09:00:01.961675+00:00,1.755,0.535,0.53,0.54,0.4649999999999999,0.46,0.47,,,,
2026-01-06 09:00:02.767000+00:00,2026-01-06 09:00:02.969651+00:00,2.767,0.335,0.33,0.34,0.665,0.66,0.67,,,,
2026-01-06 09:00:03.571000+00:00,2026-01-06 09:00:03.970338+00:00,3.571,0.335,0.33,0.34,0.665,0.66,0.67,,,,
2026-01-06 09:00:04.771000+00:00,2026-01-06 09:00:04.973581+00:00,4.771,0.335,0.33,0.34,0.655,0.65,0.66,,,,
2026-01-06 09:00:05.787000+00:00,2026-01-06 09:00:05.989026+00:00,5.787,0.405,0.39,0.42,0.595,0.58,0.61,,,,
2026-01-06 09:00:06.800000+00:00,2026-01-06 09:00:07.005265+00:00,6.8,0.4,0.39,0.41,0.6,0.59,0.61,,,,
2026-01-06 09:00:07.798000+00:00,2026-01-06 09:00:08.013580+00:00,7.798,0.41,0.4,0.42,0.59,0.58,0.6,,,,
2026-01-06 09:00:08.821000+00:00,2026-01-06 09:00:09.025238+00:00,8.821,0.435,0.43,0.44,0.565,0.56,0.57,,,,
2026-01-06 09:00:09.816000+00:00,2026-01-06 09:00:10.022803+00:00,9.816,0.475,0.47,0.48,0.525,0.52,0.53,,,,
2026-01-06 09:00:10.836000+00:00,2026-01-06 09:00:11.040340+00:00,10.836,0.475,0.47,0.48,0.525,0.52,0.53,,,,
2026-01-06 09:00:11.833000+00:00,2026-01-06 09:00:12.045219+00:00,11.833,0.47,0.46,0.48,0.525,0.52,0.53,,,,
2026-01-06 09:00:12.844000+00:00,2026-01-06 09:00:13.057333+00:00,12.844,0.47,0.46,0.48,0.53,0.52,0.54,,,,
2026-01-06 09:00:13.701000+00:00,2026-01-06 09:00:14.058251+00:00,13.701,0.47,0.46,0.48,0.515,0.51,0.52,,,,
2026-01-06 09:00:14.851000+00:00,2026-01-06 09:00:15.056096+00:00,14.851,0.485,0.48,0.49,0.515,0.51,0.52,,,,
2026-01-06 09:00:15.843000+00:00,2026-01-06 09:00:16.082058+00:00,15.843,0.485,0.48,0.49,0.515,0.51,0.52,,,,
2026-01-06 09:00:16.708000+00:00,2026-01-06 09:00:17.088236+00:00,16.708,0.485,0.48,0.49,0.515,0.51,0.52,,,,
2026-01-06 09:00:17.788000+00:00,2026-01-06 09:00:18.095555+00:00,17.788,0.485,0.48,0.49,0.515,0.51,0.52,,,,
2026-01-06 09:00:18.864000+00:00,2026-01-06 09:00:19.091443+00:00,18.864,0.495,0.49,0.5,0.505,0.5,0.51,,,,
2026-01-06 09:00:19.811000+00:00,2026-01-06 09:00:20.105221+00:00,19.811,0.495,0.49,0.5,0.505,0.5,0.51,,,,
2026-01-06 09:00:20.921000+00:00,2026-01-06 09:00:21.096267+00:00,20.921,0.485,0.48,0.49,0.585,0.57,0.6,,,,
2026-01-06 09:00:21.877000+00:00,2026-01-06 09:00:22.106781+00:00,21.877,0.405,0.4,0.41,0.595,0.59,0.6,,,,
2026-01-06 09:00:22.865000+00:00,2026-01-06 09:00:23.107249+00:00,22.865,0.405,0.4,0.41,0.595,0.59,0.6,,,,
2026-01-06 09:00:23.644000+00:00,2026-01-06 09:00:24.113987+00:00,23.644,0.415,0.41,0.42,0.585,0.58,0.59,,,,
2026-01-06 09:00:24.912000+00:00,2026-01-06 09:00:25.125606+00:00,24.912,0.415,0.41,0.42,0.585,0.58,0.59,,,,
2026-01-06 09:00:25.936000+00:00,2026-01-06 09:00:26.134694+00:00,25.936,0.415,0.41,0.42,0.585,0.58,0.59,,,,
2026-01-06 09:00:26.863000+00:00,2026-01-06 09:00:27.154056+00:00,26.863,0.415,0.41,0.42,0.585,0.58,0.59,,,,
2026-01-06 09:00:27.960000+00:00,2026-01-06 09:00:28.164090+00:00,27.96,0.415,0.41,0.42,0.585,0.58,0.59,,,,
2026-01-06 09:00:28.967000+00:00,2026-01-06 09:00:29.187165+00:00,28.967,0.415,0.41,0.42,0.585,0.58,0.59,,,,
2026-01-06 09:00:29.982000+00:00,2026-01-06 09:00:30.184270+00:00,29.982,0.415,0.41,0.42,0.585,0.58,0.59,,,,
2026-01-06 09:00:30.969000+00:00,2026-01-06 09:00:31.188172+00:00,30.969,0.38,0.37,0.39,0.62,0.61,0.63,,,,
2026-01-06 09:00:31.996000+00:00,2026-01-06 09:00:32.196528+00:00,31.996,0.365,0.36,0.37,0.635,0.63,0.64,,,,
2026-01-06 09:00:33.006000+00:00,2026-01-06 09:00:33.205562+00:00,33.006,0.335,0.33,0.34,0.665,0.66,0.67,,,,
2026-01-06 09:00:34.002000+00:00,2026-01-06 09:00:34.205392+00:00,34.002,0.335,0.33,0.34,0.665,0.66,0.67,,,,
2026-01-06 09:00:35.004000+00:00,2026-01-06 09:00:35.219020+00:00,35.004,0.335,0.33,0.34,0.665,0.66,0.67,,,,
2026-01-06 09:00:36.987000+00:00,2026-01-06 09:00:37.251225+00:00,36.987,0.335,0.33,0.34,0.665,0.66,0.67,,,,
2026-01-06 09:00:38.016000+00:00,2026-01-06 09:00:38.263701+00:00,38.016,0.325,0.32,0.33,0.675,0.67,0.68,,,,
2026-01-06 09:00:39.042000+00:00,2026-01-06 09:00:39.272790+00:00,39.042,0.325,0.32,0.33,0.685,0.68,0.69,,,,
2026-01-06 09:00:40.083000+00:00,2026-01-06 09:00:40.289090+00:00,40.083,0.315,0.31,0.32,0.685,0.68,0.69,,,,
2026-01-06 09:00:41.041000+00:00,2026-01-06 09:00:41.297661+00:00,41.041,0.32,0.31,0.33,0.6799999999999999,0.67,0.69,,,,
2026-01-06 09:00:42.002000+00:00,2026-01-06 09:00:42.310628+00:00,42.002,0.32,0.31,0.33,0.6799999999999999,0.67,0.69,,,,
2026-01-06 09:00:43.024000+00:00,2026-01-06 09:00:43.324566+00:00,43.024,0.32,0.31,0.33,0.6799999999999999,0.67,0.69,,,,
2026-01-06 09:00:44.041000+00:00,2026-01-06 09:00:44.340958+00:00,44.041,0.315,0.31,0.32,0.685,0.68,0.69,,,,
2026-01-06 09:00:45.148000+00:00,2026-01-06 09:00:45.358966+00:00,45.148,0.315,0.31,0.32,0.685,0.68,0.69,,,,
2026-01-06 09:00:46.155000+00:00,2026-01-06 09:00:46.371950+00:00,46.155,0.325,0.32,0.33,0.675,0.67,0.68,,,,
2026-01-06 09:00:47.142000+00:00,2026-01-06 09:00:47.388574+00:00,47.142,0.325,0.32,0.33,0.675,0.67,0.68,,,,
2026-01-06 09:00:48.172000+00:00,2026-01-06 09:00:48.393916+00:00,48.172,0.3399999999999999,0.33,0.35,0.66,0.65,0.67,,,,
2026-01-06 09:00:49.203000+00:00,2026-01-06 09:00:49.404749+00:00,49.203,0.3399999999999999,0.33,0.35,0.66,0.65,0.67,,,,
2026-01-06 09:00:50.206000+00:00,2026-01-06 09:00:50.410744+00:00,50.206,0.345,0.34,0.35,0.655,0.65,0.66,,,,
2026-01-06 09:00:51.093000+00:00,2026-01-06 09:00:51.423283+00:00,51.093,0.335,0.33,0.34,0.665,0.66,0.67,,,,
2026-01-06 09:00:52.244000+00:00,2026-01-06 09:00:52.441087+00:00,52.244,0.335,0.33,0.34,0.665,0.66,0.67,,,,
2026-01-06 09:00:53.325000+00:00,2026-01-06 09:00:53.444309+00:00,53.325,0.325,0.32,0.33,0.675,0.67,0.68,,,,
2026-01-06 09:00:54.249000+00:00,2026-01-06 09:00:54.455411+00:00,54.249,0.32,0.31,0.33,0.6799999999999999,0.67,0.69,,,,
2026-01-06 09:00:55.266000+00:00,2026-01-06 09:00:55.472012+00:00,55.266,0.335,0.33,0.34,0.665,0.66,0.67,,,,
2026-01-06 09:00:56.274000+00:00,2026-01-06 09:00:56.476935+00:00,56.274,0.35,0.34,0.36,0.645,0.64,0.65,,,,
2026-01-06 09:00:57.278000+00:00,2026-01-06 09:00:57.487780+00:00,57.278,0.37,0.36,0.38,0.63,0.62,0.64,,,,
2026-01-06 09:00:58.230000+00:00,2026-01-06 09:00:58.495501+00:00,58.23,0.37,0.36,0.38,0.63,0.62,0.64,,,,
2026-01-06 09:00:59.272000+00:00,2026-01-06 09:00:59.505139+00:00,59.272,0.37,0.36,0.38,0.635,0.63,0.64,,,,
2026-01-06 09:01:00.297000+00:00,2026-01-06 09:01:00.503561+00:00,60.297,0.365,0.36,0.37,0.64,0.63,0.65,,,,
2026-01-06 09:01:01.301000+00:00,2026-01-06 09:01:01.504023+00:00,61.301,0.385,0.38,0.39,0.615,0.61,0.62,,,,
2026-01-06 09:01:02.307000+00:00,2026-01-06 09:01:02.511089+00:00,62.307,0.4649999999999999,0.46,0.47,0.535,0.53,0.54,,,,
2026-01-06 09:01:03.317000+00:00,2026-01-06 09:01:03.510276+00:00,63.317,0.495,0.49,0.5,0.495,0.49,0.5,,,,
2026-01-06 09:01:04.317000+00:00,2026-01-06 09:01:04.521731+00:00,64.317,0.515,0.51,0.52,0.49,0.48,0.5,,,,
2026-01-06 09:01:05.326000+00:00,2026-01-06 09:01:05.538021+00:00,65.326,0.5,0.49,0.51,0.5,0.49,0.51,,,,
2026-01-06 09:01:06.333000+00:00,2026-01-06 09:01:06.548126+00:00,66.333,0.5,0.49,0.51,0.5,0.49,0.51,,,,
2026-01-06 09:01:07.327000+00:00,2026-01-06 09:01:07.544217+00:00,67.327,0.495,0.49,0.5,0.515,0.51,0.52,,,,
2026-01-06 09:01:08.263000+00:00,2026-01-06 09:01:08.547862+00:00,68.263,0.475,0.47,0.48,0.525,0.52,0.53,,,,
2026-01-06 09:01:09.352000+00:00,2026-01-06 09:01:09.554218+00:00,69.352,0.4649999999999999,0.46,0.47,0.535,0.53,0.54,,,,
2026-01-06 09:01:10.347000+00:00,2026-01-06 09:01:10.544805+00:00,70.347,0.4649999999999999,0.46,0.47,0.545,0.54,0.55,,,,
2026-01-06 09:01:11.355000+00:00,2026-01-06 09:01:11.557208+00:00,71.355,0.415,0.41,0.42,0.585,0.58,0.59,,,,
2026-01-06 09:01:12.366000+00:00,2026-01-06 09:01:12.568693+00:00,72.366,0.425,0.42,0.43,0.575,0.57,0.58,,,,
2026-01-06 09:01:13.374000+00:00,2026-01-06 09:01:13.579089+00:00,73.374,0.425,0.42,0.43,0.575,0.57,0.58,,,,
2026-01-06 09:01:14.209000+00:00,2026-01-06 09:01:14.588440+00:00,74.209,0.425,0.42,0.43,0.575,0.57,0.58,,,,
2026-01-06 09:01:15.378000+00:00,2026-01-06 09:01:15.588063+00:00,75.378,0.425,0.42,0.43,0.575,0.57,0.58,,,,
2026-01-06 09:01:16.376000+00:00,2026-01-06 09:01:16.591470+00:00,76.376,0.4649999999999999,0.46,0.47,0.535,0.53,0.54,,,,
2026-01-06 09:01:17.283000+00:00,2026-01-06 09:01:17.595017+00:00,77.283,0.4649999999999999,0.46,0.47,0.535,0.53,0.54,,,,
2026-01-06 09:01:18.392000+00:00,2026-01-06 09:01:18.608037+00:00,78.392,0.4599999999999999,0.45,0.47,0.54,0.53,0.55,,,,
2026-01-06 09:01:19.346000+00:00,2026-01-06 09:01:19.620811+00:00,79.346,0.455,0.45,0.46,0.545,0.54,0.55,,,,
2026-01-06 09:01:20.268000+00:00,2026-01-06 09:01:20.612862+00:00,80.268,0.4649999999999999,0.46,0.47,0.525,0.51,0.54,,,,
2026-01-06 09:01:21.415000+00:00,2026-01-06 09:01:21.627085+00:00,81.415,0.48,0.47,0.49,0.515,0.51,0.52,,,,
2026-01-06 09:01:22.437000+00:00,2026-01-06 09:01:22.640823+00:00,82.437,0.485,0.48,0.49,0.515,0.51,0.52,,,,
2026-01-06 09:01:23.439000+00:00,2026-01-06 09:01:23.647546+00:00,83.439,0.52,0.51,0.53,0.48,0.47,0.49,,,,
2026-01-06 09:01:24.450000+00:00,2026-01-06 09:01:24.655478+00:00,84.45,0.51,0.5,0.52,0.49,0.48,0.5,,,,
2026-01-06 09:01:25.438000+00:00,2026-01-06 09:01:25.663568+00:00,85.438,0.51,0.5,0.52,0.49,0.48,0.5,,,,
2026-01-06 09:01:26.475000+00:00,2026-01-06 09:01:26.677018+00:00,86.475,0.515,0.51,0.52,0.475,0.46,0.49,,,,
2026-01-06 09:01:27.488000+00:00,2026-01-06 09:01:27.695025+00:00,87.488,0.535,0.53,0.54,0.4599999999999999,0.45,0.47,,,,
2026-01-06 09:01:28.473000+00:00,2026-01-06 09:01:28.693251+00:00,88.473,0.545,0.54,0.55,0.455,0.45,0.46,,,,
2026-01-06 09:01:29.488000+00:00,2026-01-06 09:01:29.693586+00:00,89.488,0.61,0.6,0.62,0.39,0.38,0.4,,,,
2026-01-06 09:01:30.480000+00:00,2026-01-06 09:01:30.690735+00:00,90.48,0.625,0.62,0.63,0.375,0.37,0.38,,,,
2026-01-06 09:01:31.487000+00:00,2026-01-06 09:01:31.685739+00:00,91.487,0.53,0.52,0.54,0.475,0.47,0.48,,,,
2026-01-06 09:01:32.499000+00:00,2026-01-06 09:01:32.701991+00:00,92.499,0.51,0.5,0.52,0.495,0.49,0.5,,,,
2026-01-06 09:01:33.491000+00:00,2026-01-06 09:01:33.701647+00:00,93.491,0.495,0.49,0.5,0.505,0.5,0.51,,,,
2026-01-06 09:01:34.487000+00:00,2026-01-06 09:01:34.703162+00:00,94.487,0.455,0.45,0.46,0.545,0.54,0.55,,,,
2026-01-06 09:01:35.504000+00:00,2026-01-06 09:01:35.710356+00:00,95.504,0.455,0.45,0.46,0.545,0.54,0.55,,,,
2026-01-06 09:01:36.482000+00:00,2026-01-06 09:01:36.709796+00:00,96.482,0.455,0.45,0.46,0.545,0.54,0.55,,,,
2026-01-06 09:01:37.481000+00:00,2026-01-06 09:01:37.707581+00:00,97.481,0.455,0.45,0.46,0.535,0.53,0.54,,,,
2026-01-06 09:01:38.516000+00:00,2026-01-06 09:01:38.721249+00:00,98.516,0.475,0.47,0.48,0.525,0.52,0.53,,,,
2026-01-06 09:01:39.339000+00:00,2026-01-06 09:01:39.726647+00:00,99.339,0.47,0.46,0.48,0.53,0.52,0.54,,,,
2026-01-06 09:01:40.431000+00:00,2026-01-06 09:01:40.736682+00:00,100.431,0.47,0.46,0.48,0.53,0.52,0.54,,,,
2026-01-06 09:01:41.538000+00:00,2026-01-06 09:01:41.740141+00:00,101.538,0.48,0.47,0.49,0.515,0.51,0.52,,,,
2026-01-06 09:01:42.497000+00:00,2026-01-06 09:01:42.749038+00:00,102.497,0.49,0.48,0.5,0.51,0.5,0.52,,,,
2026-01-06 09:01:43.533000+00:00,2026-01-06 09:01:43.759885+00:00,103.533,0.48,0.47,0.49,0.52,0.51,0.53,,,,
2026-01-06 09:01:44.554000+00:00,2026-01-06 09:01:44.757817+00:00,104.554,0.48,0.47,0.49,0.52,0.51,0.53,,,,
2026-01-06 09:01:45.562000+00:00,2026-01-06 09:01:45.766113+00:00,105.562,0.48,0.47,0.49,0.52,0.51,0.53,,,,
2026-01-06 09:01:46.570000+00:00,2026-01-06 09:01:46.775592+00:00,106.57,0.47,0.46,0.48,0.53,0.52,0.54,,,,
2026-01-06 09:01:47.569000+00:00,2026-01-06 09:01:47.772903+00:00,107.569,0.47,0.46,0.48,0.53,0.52,0.54,,,,
2026-01-06 09:01:48.553000+00:00,2026-01-06 09:01:48.793223+00:00,108.553,0.485,0.48,0.49,0.515,0.51,0.52,,,,
2026-01-06 09:01:49.556000+00:00,2026-01-06 09:01:49.787945+00:00,109.556,0.475,0.47,0.48,0.53,0.52,0.54,,,,
2026-01-06 09:01:50.521000+00:00,2026-01-06 09:01:50.793010+00:00,110.521,0.4649999999999999,0.46,0.47,0.535,0.53,0.54,,,,
2026-01-06 09:01:51.368000+00:00,2026-01-06 09:01:51.791137+00:00,111.368,0.4649999999999999,0.46,0.47,0.535,0.53,0.54,,,,
2026-01-06 09:01:52.580000+00:00,2026-01-06 09:01:52.791585+00:00,112.58,0.47,0.46,0.48,0.53,0.52,0.54,,,,
2026-01-06 09:01:53.543000+00:00,2026-01-06 09:01:53.793981+00:00,113.543,0.4599999999999999,0.45,0.47,0.54,0.53,0.55,,,,
2026-01-06 09:01:54.486000+00:00,2026-01-06 09:01:54.800577+00:00,114.486,0.4599999999999999,0.45,0.47,0.54,0.53,0.55,,,,
2026-01-06 09:01:55.594000+00:00,2026-01-06 09:01:55.802340+00:00,115.594,0.485,0.48,0.49,0.515,0.51,0.52,,,,
2026-01-06 09:01:56.463000+00:00,2026-01-06 09:01:56.806502+00:00,116.463,0.475,0.47,0.48,0.525,0.52,0.53,,,,
2026-01-06 09:01:57.611000+00:00,2026-01-06 09:01:57.817960+00:00,117.611,0.475,0.47,0.48,0.525,0.52,0.53,,,,
2026-01-06 09:01:58.400000+00:00,2026-01-06 09:01:58.820104+00:00,118.4,0.4649999999999999,0.46,0.47,0.53,0.52,0.54,,,,
2026-01-06 09:01:59.593000+00:00,2026-01-06 09:01:59.830089+00:00,119.593,0.4649999999999999,0.46,0.47,0.535,0.53,0.54,,,,
2026-01-06 09:02:00.635000+00:00,2026-01-06 09:02:00.839142+00:00,120.635,0.4649999999999999,0.46,0.47,0.535,0.53,0.54,,,,
2026-01-06 09:02:01.658000+00:00,2026-01-06 09:02:01.857685+00:00,121.658,0.455,0.45,0.46,0.545,0.54,0.55,,,,
2026-01-06 09:02:02.657000+00:00,2026-01-06 09:02:02.868354+00:00,122.657,0.4599999999999999,0.45,0.47,0.54,0.53,0.55,,,,
2026-01-06 09:02:03.613000+00:00,2026-01-06 09:02:03.873422+00:00,123.613,0.4599999999999999,0.45,0.47,0.54,0.53,0.55,,,,
2026-01-06 09:02:04.615000+00:00,2026-01-06 09:02:04.882524+00:00,124.615,0.4599999999999999,0.45,0.47,0.54,0.53,0.55,,,,
2026-01-06 09:02:05.633000+00:00,2026-01-06 09:02:05.882503+00:00,125.633,0.4599999999999999,0.45,0.47,0.54,0.53,0.55,,,,
2026-01-06 09:02:06.642000+00:00,2026-01-06 09:02:06.889550+00:00,126.642,0.455,0.45,0.46,0.55,0.54,0.56,,,,
2026-01-06 09:02:07.632000+00:00,2026-01-06 09:02:07.892737+00:00,127.632,0.45,0.44,0.46,0.555,0.55,0.56,,,,
2026-01-06 09:02:08.706000+00:00,2026-01-06 09:02:08.901036+00:00,128.706,0.455,0.45,0.46,0.545,0.54,0.55,,,,
2026-01-06 09:02:09.571000+00:00,2026-01-06 09:02:09.897863+00:00,129.571,0.4599999999999999,0.45,0.47,0.54,0.53,0.55,,,,
2026-01-06 09:02:10.648000+00:00,2026-01-06 09:02:10.908260+00:00,130.648,0.4599999999999999,0.45,0.47,0.54,0.53,0.55,,,,
2026-01-06 09:02:11.667000+00:00,2026-01-06 09:02:11.905419+00:00,131.667,0.4599999999999999,0.45,0.47,0.54,0.53,0.55,,,,
2026-01-06 09:02:12.712000+00:00,2026-01-06 09:02:12.916487+00:00,132.712,0.4649999999999999,0.46,0.47,0.535,0.53,0.54,,,,
2026-01-06 09:02:13.721000+00:00,2026-01-06 09:02:13.917100+00:00,133.721,0.545,0.54,0.55,0.43,0.42,0.44,,,,
2026-01-06 09:02:14.706000+00:00,2026-01-06 09:02:14.925203+00:00,134.706,0.58,0.57,0.59,0.42,0.41,0.43,,,,
2026-01-06 09:02:15.626000+00:00,2026-01-06 09:02:15.925097+00:00,135.626,0.58,0.57,0.59,0.425,0.42,0.43,,,,
2026-01-06 09:02:16.712000+00:00,2026-01-06 09:02:16.926477+00:00,136.712,0.585,0.58,0.59,0.415,0.41,0.42,,,,
2026-01-06 09:02:17.759000+00:00,2026-01-06 09:02:17.934755+00:00,137.759,0.595,0.59,0.6,0.405,0.4,0.41,,,,
2026-01-06 09:02:18.745000+00:00,2026-01-06 09:02:18.942057+00:00,138.745,0.635,0.63,0.64,0.355,0.35,0.36,,,,
2026-01-06 09:02:19.738000+00:00,2026-01-06 09:02:19.945809+00:00,139.738,0.665,0.66,0.67,0.35,0.34,0.36,,,,
2026-01-06 09:02:20.768000+00:00,2026-01-06 09:02:20.969668+00:00,140.768,0.625,0.62,0.63,0.375,0.37,0.38,,,,
2026-01-06 09:02:21.773000+00:00,2026-01-06 09:02:21.976857+00:00,141.773,0.6,0.59,0.61,0.405,0.39,0.42,,,,
2026-01-06 09:02:22.787000+00:00,2026-01-06 09:02:22.986823+00:00,142.787,0.61,0.6,0.62,0.39,0.38,0.4,,,,
2026-01-06 09:02:23.742000+00:00,2026-01-06 09:02:23.983509+00:00,143.742,0.615,0.61,0.62,0.385,0.38,0.39,,,,
2026-01-06 09:02:24.742000+00:00,2026-01-06 09:02:24.980837+00:00,144.742,0.61,0.6,0.62,0.39,0.38,0.4,,,,
2026-01-06 09:02:25.766000+00:00,2026-01-06 09:02:25.983019+00:00,145.766,0.61,0.6,0.62,0.39,0.38,0.4,,,,
2026-01-06 09:02:26.797000+00:00,2026-01-06 09:02:27.000697+00:00,146.797,0.65,0.64,0.66,0.35,0.34,0.36,,,,
2026-01-06 09:02:27.780000+00:00,2026-01-06 09:02:27.999552+00:00,147.78,0.65,0.64,0.66,0.36,0.35,0.37,,,,
2026-01-06 09:02:28.797000+00:00,2026-01-06 09:02:29.013774+00:00,148.797,0.655,0.65,0.66,0.345,0.34,0.35,,,,
2026-01-06 09:02:29.806000+00:00,2026-01-06 09:02:30.016523+00:00,149.806,0.655,0.65,0.66,0.345,0.34,0.35,,,,
2026-01-06 09:02:30.813000+00:00,2026-01-06 09:02:31.024536+00:00,150.813,0.64,0.63,0.65,0.36,0.35,0.37,,,,
2026-01-06 09:02:31.827000+00:00,2026-01-06 09:02:32.039679+00:00,151.827,0.635,0.63,0.64,0.365,0.36,0.37,,,,
2026-01-06 09:02:32.790000+00:00,2026-01-06 09:02:33.040098+00:00,152.79,0.64,0.63,0.65,0.36,0.35,0.37,,,,
2026-01-06 09:02:33.790000+00:00,2026-01-06 09:02:34.038920+00:00,153.79,0.645,0.64,0.65,0.355,0.35,0.36,,,,
2026-01-06 09:02:34.825000+00:00,2026-01-06 09:02:35.037379+00:00,154.825,0.645,0.64,0.65,0.355,0.35,0.36,,,,
2026-01-06 09:02:35.814000+00:00,2026-01-06 09:02:36.034011+00:00,155.814,0.645,0.64,0.65,0.345,0.34,0.35,,,,
2026-01-06 09:02:36.818000+00:00,2026-01-06 09:02:37.033022+00:00,156.818,0.655,0.65,0.66,0.345,0.34,0.35,,,,
2026-01-06 09:02:37.832000+00:00,2026-01-06 09:02:38.036935+00:00,157.832,0.64,0.63,0.65,0.36,0.35,0.37,,,,
2026-01-06 09:02:38.809000+00:00,2026-01-06 09:02:39.040879+00:00,158.809,0.64,0.63,0.65,0.36,0.35,0.37,,,,
2026-01-06 09:02:39.763000+00:00,2026-01-06 09:02:40.064908+00:00,159.763,0.645,0.64,0.65,0.355,0.35,0.36,,,,
2026-01-06 09:02:40.822000+00:00,2026-01-06 09:02:41.072318+00:00,160.822,0.645,0.64,0.65,0.36,0.35,0.37,,,,
2026-01-06 09:02:41.762000+00:00,2026-01-06 09:02:42.086275+00:00,161.762,0.655,0.65,0.66,0.345,0.34,0.35,,,,
2026-01-06 09:02:42.881000+00:00,2026-01-06 09:02:43.104986+00:00,162.881,0.655,0.65,0.66,0.345,0.34,0.35,,,,
2026-01-06 09:02:43.911000+00:00,2026-01-06 09:02:44.121859+00:00,163.911,0.675,0.67,0.68,0.325,0.32,0.33,,,,
2026-01-06 09:02:44.954000+00:00,2026-01-06 09:02:45.137636+00:00,164.954,0.67,0.66,0.68,0.335,0.33,0.34,,,,
2026-01-06 09:02:45.959000+00:00,2026-01-06 09:02:46.167545+00:00,165.959,0.67,0.66,0.68,0.33,0.32,0.34,,,,
2026-01-06 09:02:46.953000+00:00,2026-01-06 09:02:47.175416+00:00,166.953,0.675,0.67,0.68,0.32,0.31,0.33,,,,
2026-01-06 09:02:47.970000+00:00,2026-01-06 09:02:48.192085+00:00,167.97,0.685,0.68,0.69,0.31,0.3,0.32,,,,
2026-01-06 09:02:48.798000+00:00,2026-01-06 09:02:49.203133+00:00,168.798,0.685,0.68,0.69,0.315,0.31,0.32,,,,
2026-01-06 09:02:49.925000+00:00,2026-01-06 09:02:50.207125+00:00,169.925,0.6799999999999999,0.67,0.69,0.32,0.31,0.33,,,,
2026-01-06 09:02:50.970000+00:00,2026-01-06 09:02:51.202519+00:00,170.97,0.66,0.65,0.67,0.3399999999999999,0.33,0.35,,,,
2026-01-06 09:02:51.955000+00:00,2026-01-06 09:02:52.214285+00:00,171.955,0.665,0.66,0.67,0.335,0.33,0.34,,,,
2026-01-06 09:02:52.941000+00:00,2026-01-06 09:02:53.218274+00:00,172.941,0.665,0.66,0.67,0.335,0.33,0.34,,,,
2026-01-06 09:02:54.011000+00:00,2026-01-06 09:02:54.218573+00:00,174.011,0.66,0.65,0.67,0.3399999999999999,0.33,0.35,,,,
2026-01-06 09:02:55.997000+00:00,2026-01-06 09:02:56.214081+00:00,175.997,0.665,0.66,0.67,0.335,0.33,0.34,,,,
2026-01-06 09:02:57.006000+00:00,2026-01-06 09:02:57.217095+00:00,177.006,0.665,0.66,0.67,0.335,0.33,0.34,,,,
2026-01-06 09:02:58.003000+00:00,2026-01-06 09:02:58.233566+00:00,178.003,0.665,0.66,0.67,0.335,0.33,0.34,,,,
2026-01-06 09:02:59.017000+00:00,2026-01-06 09:02:59.233694+00:00,179.017,0.655,0.65,0.66,0.3399999999999999,0.33,0.35,,,,
2026-01-06 09:03:00.026000+00:00,2026-01-06 09:03:00.238560+00:00,180.026,0.645,0.64,0.65,0.355,0.35,0.36,,,,
2026-01-06 09:03:01.022000+00:00,2026-01-06 09:03:01.238585+00:00,181.022,0.645,0.64,0.65,0.355,0.35,0.36,,,,
2026-01-06 09:03:02.014000+00:00,2026-01-06 09:03:02.246583+00:00,182.014,0.645,0.64,0.65,0.355,0.35,0.36,,,,
2026-01-06 09:03:03.049000+00:00,2026-01-06 09:03:03.253130+00:00,183.049,0.645,0.64,0.65,0.36,0.35,0.37,,,,
2026-01-06 09:03:04.911000+00:00,2026-01-06 09:03:05.257272+00:00,184.911,0.645,0.64,0.65,0.355,0.35,0.36,,,,
2026-01-06 09:03:05.970000+00:00,2026-01-06 09:03:06.278755+00:00,185.97,0.645,0.64,0.65,0.35,0.34,0.36,,,,
2026-01-06 09:03:07.019000+00:00,2026-01-06 09:03:07.281957+00:00,187.019,0.645,0.64,0.65,0.355,0.35,0.36,,,,
2026-01-06 09:03:08.867000+00:00,2026-01-06 09:03:09.310043+00:00,188.867,0.65,0.64,0.66,0.35,0.34,0.36,,,,
2026-01-06 09:03:10.899000+00:00,2026-01-06 09:03:11.327526+00:00,190.899,0.655,0.64,0.67,0.345,0.33,0.36,,,,
2026-01-06 09:03:12.118000+00:00,2026-01-06 09:03:12.331625+00:00,192.118,0.675,0.67,0.68,0.31,0.3,0.32,,,,
2026-01-06 09:03:13.131000+00:00,2026-01-06 09:03:13.338330+00:00,193.131,0.695,0.69,0.7,0.305,0.3,0.31,,,,
2026-01-06 09:03:14.145000+00:00,2026-01-06 09:03:14.348577+00:00,194.145,0.6799999999999999,0.67,0.69,0.32,0.31,0.33,,,,
2026-01-06 09:03:15.156000+00:00,2026-01-06 09:03:15.364561+00:00,195.156,0.685,0.68,0.69,0.32,0.31,0.33,,,,
2026-01-06 09:03:16.091000+00:00,2026-01-06 09:03:16.364442+00:00,196.091,0.6799999999999999,0.67,0.69,0.32,0.31,0.33,,,,
2026-01-06 09:03:17.159000+00:00,2026-01-06 09:03:17.380723+00:00,197.159,0.675,0.67,0.68,0.325,0.32,0.33,,,,
2026-01-06 09:03:18.147000+00:00,2026-01-06 09:03:18.389548+00:00,198.147,0.675,0.67,0.68,0.325,0.32,0.33,,,,
2026-01-06 09:03:19.001000+00:00,2026-01-06 09:03:19.408078+00:00,199.001,0.675,0.67,0.68,0.325,0.32,0.33,,,,
2026-01-06 09:03:20.206000+00:00,2026-01-06 09:03:20.416000+00:00,200.206,0.695,0.69,0.7,0.28,0.27,0.29,,,,
2026-01-06 09:03:21.145000+00:00,2026-01-06 09:03:21.414177+00:00,201.145,0.735,0.73,0.74,0.265,0.26,0.27,,,,
2026-01-06 09:03:22.095000+00:00,2026-01-06 09:03:22.413218+00:00,202.095,0.735,0.73,0.74,0.265,0.26,0.27,,,,
2026-01-06 09:03:23.237000+00:00,2026-01-06 09:03:23.414871+00:00,203.237,0.735,0.73,0.74,0.265,0.26,0.27,,,,
2026-01-06 09:03:24.207000+00:00,2026-01-06 09:03:24.420378+00:00,204.207,0.725,0.72,0.73,0.28,0.27,0.29,,,,
2026-01-06 09:03:25.223000+00:00,2026-01-06 09:03:25.422184+00:00,205.223,0.695,0.69,0.7,0.305,0.3,0.31,,,,
2026-01-06 09:03:26.220000+00:00,2026-01-06 09:03:26.431056+00:00,206.22,0.665,0.66,0.67,0.335,0.33,0.34,,,,
2026-01-06 09:03:27.200000+00:00,2026-01-06 09:03:27.439350+00:00,207.2,0.645,0.64,0.65,0.355,0.35,0.36,,,,
2026-01-06 09:03:28.239000+00:00,2026-01-06 09:03:28.438691+00:00,208.239,0.655,0.65,0.66,0.345,0.34,0.35,,,,
2026-01-06 09:03:29.220000+00:00,2026-01-06 09:03:29.438623+00:00,209.22,0.6799999999999999,0.67,0.69,0.32,0.31,0.33,,,,
2026-01-06 09:03:30.233000+00:00,2026-01-06 09:03:30.438141+00:00,210.233,0.695,0.69,0.7,0.295,0.28,0.31,,,,
2026-01-06 09:03:31.222000+00:00,2026-01-06 09:03:31.444296+00:00,211.222,0.72,0.71,0.73,0.28,0.27,0.29,,,,
2026-01-06 09:03:32.171000+00:00,2026-01-06 09:03:32.467941+00:00,212.171,0.72,0.71,0.73,0.28,0.27,0.29,,,,
2026-01-06 09:03:33.277000+00:00,2026-01-06 09:03:33.484149+00:00,213.277,0.72,0.71,0.73,0.28,0.27,0.29,,,,
2026-01-06 09:03:34.283000+00:00,2026-01-06 09:03:34.490103+00:00,214.283,0.725,0.72,0.73,0.275,0.27,0.28,,,,
2026-01-06 09:03:35.267000+00:00,2026-01-06 09:03:35.498227+00:00,215.267,0.725,0.72,0.73,0.275,0.27,0.28,,,,
2026-01-06 09:03:36.250000+00:00,2026-01-06 09:03:36.500371+00:00,216.25,0.745,0.74,0.75,0.255,0.25,0.26,,,,
2026-01-06 09:03:37.280000+00:00,2026-01-06 09:03:37.505525+00:00,217.28,0.745,0.74,0.75,0.255,0.25,0.26,,,,
2026-01-06 09:03:38.256000+00:00,2026-01-06 09:03:38.516870+00:00,218.256,0.745,0.74,0.75,0.255,0.25,0.26,,,,
2026-01-06 09:03:39.326000+00:00,2026-01-06 09:03:39.532094+00:00,219.326,0.74,0.73,0.75,0.265,0.26,0.27,,,,
2026-01-06 09:03:40.270000+00:00,2026-01-06 09:03:40.535529+00:00,220.27,0.74,0.73,0.75,0.26,0.25,0.27,,,,
2026-01-06 09:03:41.190000+00:00,2026-01-06 09:03:41.536058+00:00,221.19,0.745,0.74,0.75,0.255,0.25,0.26,,,,
2026-01-06 09:03:42.193000+00:00,2026-01-06 09:03:42.547377+00:00,222.193,0.745,0.74,0.75,0.25,0.24,0.26,,,,
2026-01-06 09:03:43.354000+00:00,2026-01-06 09:03:43.564778+00:00,223.354,0.74,0.73,0.75,0.26,0.25,0.27,,,,
2026-01-06 09:03:44.370000+00:00,2026-01-06 09:03:44.572788+00:00,224.37,0.745,0.74,0.75,0.255,0.25,0.26,,,,
2026-01-06 09:03:45.112000+00:00,2026-01-06 09:03:45.581491+00:00,225.112,0.745,0.74,0.75,0.26,0.25,0.27,,,,
2026-01-06 09:03:46.370000+00:00,2026-01-06 09:03:46.581324+00:00,226.37,0.75,0.74,0.76,0.25,0.24,0.26,,,,
2026-01-06 09:03:47.372000+00:00,2026-01-06 09:03:47.590301+00:00,227.372,0.75,0.74,0.76,0.25,0.24,0.26,,,,
2026-01-06 09:03:48.166000+00:00,2026-01-06 09:03:48.597668+00:00,228.166,0.745,0.74,0.75,0.255,0.25,0.26,,,,
2026-01-06 09:03:49.338000+00:00,2026-01-06 09:03:49.597023+00:00,229.338,0.745,0.74,0.75,0.255,0.25,0.26,,,,
2026-01-06 09:03:50.410000+00:00,2026-01-06 09:03:50.613652+00:00,230.41,0.745,0.74,0.75,0.25,0.24,0.26,,,,
2026-01-06 09:03:51.145000+00:00,2026-01-06 09:03:51.631798+00:00,231.145,0.745,0.74,0.75,0.255,0.25,0.26,,,,
2026-01-06 09:03:52.442000+00:00,2026-01-06 09:03:52.636141+00:00,232.442,0.745,0.74,0.75,0.255,0.25,0.26,,,,
2026-01-06 09:03:53.259000+00:00,2026-01-06 09:03:53.631334+00:00,233.259,0.745,0.74,0.75,0.255,0.25,0.26,,,,
2026-01-06 09:03:54.439000+00:00,2026-01-06 09:03:54.644218+00:00,234.439,0.75,0.74,0.76,0.245,0.24,0.25,,,,
2026-01-06 09:03:55.436000+00:00,2026-01-06 09:03:55.645190+00:00,235.436,0.77,0.76,0.78,0.2299999999999999,0.22,0.24,,,,
2026-01-06 09:03:56.455000+00:00,2026-01-06 09:03:56.667317+00:00,236.455,0.77,0.76,0.78,0.2299999999999999,0.22,0.24,,,,
2026-01-06 09:03:57.451000+00:00,2026-01-06 09:03:57.664662+00:00,237.451,0.77,0.76,0.78,0.235,0.23,0.24,,,,
2026-01-06 09:03:58.486000+00:00,2026-01-06 09:03:58.688748+00:00,238.486,0.77,0.76,0.78,0.2299999999999999,0.22,0.24,,,,
2026-01-06 09:03:59.472000+00:00,2026-01-06 09:03:59.681577+00:00,239.472,0.775,0.77,0.78,0.225,0.22,0.23,,,,
2026-01-06 09:04:00.490000+00:00,2026-01-06 09:04:00.701673+00:00,240.49,0.77,0.76,0.78,0.2299999999999999,0.22,0.24,,,,
2026-01-06 09:04:01.436000+00:00,2026-01-06 09:04:01.696582+00:00,241.436,0.795,0.79,0.8,0.205,0.2,0.21,,,,
2026-01-06 09:04:02.480000+00:00,2026-01-06 09:04:02.711241+00:00,242.48,0.77,0.76,0.78,0.235,0.23,0.24,,,,
2026-01-06 09:04:03.513000+00:00,2026-01-06 09:04:03.727912+00:00,243.513,0.765,0.76,0.77,0.235,0.23,0.24,,,,
2026-01-06 09:04:04.466000+00:00,2026-01-06 09:04:04.747842+00:00,244.466,0.765,0.76,0.77,0.235,0.23,0.24,,,,
2026-01-06 09:04:05.465000+00:00,2026-01-06 09:04:05.753455+00:00,245.465,0.765,0.76,0.77,0.235,0.23,0.24,,,,
2026-01-06 09:04:06.463000+00:00,2026-01-06 09:04:06.764403+00:00,246.463,0.765,0.76,0.77,0.235,0.23,0.24,,,,
2026-01-06 09:04:07.591000+00:00,2026-01-06 09:04:07.780205+00:00,247.591,0.765,0.76,0.77,0.235,0.23,0.24,,,,
2026-01-06 09:04:08.582000+00:00,2026-01-06 09:04:08.781094+00:00,248.582,0.785,0.78,0.79,0.215,0.21,0.22,,,,
2026-01-06 09:04:09.436000+00:00,2026-01-06 09:04:09.786679+00:00,249.436,0.785,0.78,0.79,0.215,0.21,0.22,,,,
2026-01-06 09:04:10.552000+00:00,2026-01-06 09:04:10.797044+00:00,250.552,0.785,0.77,0.8,0.215,0.2,0.23,,,,
2026-01-06 09:04:11.574000+00:00,2026-01-06 09:04:11.796617+00:00,251.574,0.795,0.79,0.8,0.205,0.2,0.21,,,,
2026-01-06 09:04:12.474000+00:00,2026-01-06 09:04:12.806660+00:00,252.474,0.795,0.79,0.8,0.205,0.2,0.21,,,,
2026-01-06 09:04:13.456000+00:00,2026-01-06 09:04:13.813980+00:00,253.456,0.795,0.79,0.8,0.225,0.22,0.23,,,,
2026-01-06 09:04:14.391000+00:00,2026-01-06 09:04:14.814551+00:00,254.391,0.795,0.79,0.8,0.205,0.2,0.21,,,,
2026-01-06 09:04:15.576000+00:00,2026-01-06 09:04:15.814255+00:00,255.576,0.795,0.79,0.8,0.205,0.2,0.21,,,,
2026-01-06 09:04:16.602000+00:00,2026-01-06 09:04:16.805529+00:00,256.602,0.79,0.78,0.8,0.21,0.2,0.22,,,,
2026-01-06 09:04:17.448000+00:00,2026-01-06 09:04:17.817715+00:00,257.448,0.79,0.78,0.8,0.21,0.2,0.22,,,,
2026-01-06 09:04:18.341000+00:00,2026-01-06 09:04:18.819469+00:00,258.341,0.79,0.78,0.8,0.21,0.2,0.22,,,,
2026-01-06 09:04:19.590000+00:00,2026-01-06 09:04:19.816587+00:00,259.59,0.79,0.78,0.8,0.205,0.19,0.22,,,,
2026-01-06 09:04:20.604000+00:00,2026-01-06 09:04:20.826021+00:00,260.604,0.795,0.79,0.8,0.205,0.2,0.21,,,,
2026-01-06 09:04:21.623000+00:00,2026-01-06 09:04:21.823372+00:00,261.623,0.785,0.78,0.79,0.215,0.21,0.22,,,,
2026-01-06 09:04:22.568000+00:00,2026-01-06 09:04:22.841775+00:00,262.568,0.8,0.79,0.81,0.2,0.19,0.21,,,,
2026-01-06 09:04:23.638000+00:00,2026-01-06 09:04:23.848595+00:00,263.638,0.81,0.8,0.82,0.19,0.18,0.2,,,,
2026-01-06 09:04:24.639000+00:00,2026-01-06 09:04:24.854384+00:00,264.639,0.815,0.81,0.82,0.185,0.18,0.19,,,,
2026-01-06 09:04:25.650000+00:00,2026-01-06 09:04:25.853296+00:00,265.65,0.815,0.81,0.82,0.19,0.18,0.2,,,,
2026-01-06 09:04:26.625000+00:00,2026-01-06 09:04:26.846305+00:00,266.625,0.81,0.8,0.82,0.19,0.18,0.2,,,,
2026-01-06 09:04:27.440000+00:00,2026-01-06 09:04:27.863165+00:00,267.44,0.81,0.8,0.82,0.19,0.18,0.2,,,,
2026-01-06 09:04:28.655000+00:00,2026-01-06 09:04:28.862750+00:00,268.655,0.805,0.8,0.81,0.2,0.19,0.21,,,,
2026-01-06 09:04:29.656000+00:00,2026-01-06 09:04:29.867933+00:00,269.656,0.795,0.79,0.8,0.21,0.2,0.22,,,,
2026-01-06 09:04:30.700000+00:00,2026-01-06 09:04:30.879291+00:00,270.7,0.79,0.78,0.8,0.215,0.21,0.22,,,,
2026-01-06 09:04:31.650000+00:00,2026-01-06 09:04:31.879069+00:00,271.65,0.79,0.78,0.8,0.21,0.2,0.22,,,,
2026-01-06 09:04:32.645000+00:00,2026-01-06 09:04:32.879391+00:00,272.645,0.79,0.78,0.8,0.21,0.2,0.22,,,,
2026-01-06 09:04:33.657000+00:00,2026-01-06 09:04:33.874254+00:00,273.657,0.795,0.79,0.8,0.205,0.2,0.21,,,,
2026-01-06 09:04:34.479000+00:00,2026-01-06 09:04:34.882065+00:00,274.479,0.79,0.78,0.8,0.21,0.2,0.22,,,,
2026-01-06 09:04:35.652000+00:00,2026-01-06 09:04:35.881328+00:00,275.652,0.805,0.8,0.81,0.195,0.19,0.2,,,,
2026-01-06 09:04:36.258000+00:00,2026-01-06 09:04:36.878689+00:00,276.258,0.8,0.79,0.81,0.2,0.19,0.21,,,,
2026-01-06 09:04:37.676000+00:00,2026-01-06 09:04:37.885178+00:00,277.676,0.8,0.79,0.81,0.2,0.19,0.21,,,,
2026-01-06 09:04:38.647000+00:00,2026-01-06 09:04:38.878839+00:00,278.647,0.795,0.79,0.8,0.205,0.2,0.21,,,,
2026-01-06 09:04:39.667000+00:00,2026-01-06 09:04:39.878997+00:00,279.667,0.785,0.78,0.79,0.215,0.21,0.22,,,,
2026-01-06 09:04:40.645000+00:00,2026-01-06 09:04:40.879023+00:00,280.645,0.79,0.78,0.8,0.215,0.21,0.22,,,,
2026-01-06 09:04:41.666000+00:00,2026-01-06 09:04:41.886949+00:00,281.666,0.795,0.79,0.8,0.205,0.2,0.21,,,,
2026-01-06 09:04:42.686000+00:00,2026-01-06 09:04:42.897507+00:00,282.686,0.79,0.78,0.8,0.21,0.2,0.22,,,,
2026-01-06 09:04:43.631000+00:00,2026-01-06 09:04:43.897960+00:00,283.631,0.785,0.78,0.79,0.215,0.21,0.22,,,,
2026-01-06 09:04:44.669000+00:00,2026-01-06 09:04:44.912408+00:00,284.669,0.785,0.78,0.79,0.215,0.21,0.22,,,,
2026-01-06 09:04:45.690000+00:00,2026-01-06 09:04:45.912198+00:00,285.69,0.785,0.78,0.79,0.215,0.21,0.22,,,,
2026-01-06 09:04:46.709000+00:00,2026-01-06 09:04:46.929500+00:00,286.709,0.785,0.78,0.79,0.215,0.21,0.22,,,,
2026-01-06 09:04:47.712000+00:00,2026-01-06 09:04:47.928780+00:00,287.712,0.785,0.78,0.79,0.215,0.21,0.22,,,,
2026-01-06 09:04:48.644000+00:00,2026-01-06 09:04:48.935659+00:00,288.644,0.79,0.78,0.8,0.21,0.2,0.22,,,,
2026-01-06 09:04:49.636000+00:00,2026-01-06 09:04:49.938437+00:00,289.636,0.79,0.78,0.8,0.21,0.2,0.22,,,,
2026-01-06 09:04:50.739000+00:00,2026-01-06 09:04:50.943975+00:00,290.739,0.8,0.79,0.81,0.2,0.19,0.21,,,,
2026-01-06 09:04:51.752000+00:00,2026-01-06 09:04:51.961779+00:00,291.752,0.815,0.81,0.82,0.185,0.18,0.19,,,,
2026-01-06 09:04:52.742000+00:00,2026-01-06 09:04:52.980690+00:00,292.742,0.815,0.81,0.82,0.185,0.18,0.19,,,,
2026-01-06 09:04:53.727000+00:00,2026-01-06 09:04:53.978273+00:00,293.727,0.815,0.81,0.82,0.185,0.18,0.19,,,,
2026-01-06 09:04:54.780000+00:00,2026-01-06 09:04:54.994249+00:00,294.78,0.8200000000000001,0.81,0.83,0.185,0.18,0.19,,,,
2026-01-06 09:04:55.779000+00:00,2026-01-06 09:04:55.995698+00:00,295.779,0.815,0.81,0.82,0.185,0.18,0.19,,,,
2026-01-06 09:04:56.774000+00:00,2026-01-06 09:04:57.007447+00:00,296.774,0.805,0.8,0.81,0.195,0.19,0.2,,,,
2026-01-06 09:04:57.814000+00:00,2026-01-06 09:04:58.019896+00:00,297.814,0.8,0.79,0.81,0.195,0.18,0.21,,,,
2026-01-06 09:04:58.829000+00:00,2026-01-06 09:04:59.028301+00:00,298.829,0.805,0.8,0.81,0.195,0.19,0.2,,,,
2026-01-06 09:04:59.702000+00:00,2026-01-06 09:05:00.030204+00:00,299.702,0.805,0.8,0.81,0.195,0.19,0.2,,,,
2026-01-06 09:05:00.787000+00:00,2026-01-06 09:05:01.033450+00:00,300.787,0.805,0.8,0.81,0.195,0.19,0.2,,,,
2026-01-06 09:05:01.845000+00:00,2026-01-06 09:05:02.049485+00:00,301.845,0.805,0.8,0.81,0.195,0.19,0.2,,,,
2026-01-06 09:05:02.815000+00:00,2026-01-06 09:05:03.061608+00:00,302.815,0.825,0.82,0.83,0.175,0.17,0.18,,,,
2026-01-06 09:05:03.779000+00:00,2026-01-06 09:05:04.070453+00:00,303.779,0.835,0.83,0.84,0.16,0.15,0.17,,,,
2026-01-06 09:05:04.840000+00:00,2026-01-06 09:05:05.077580+00:00,304.84,0.825,0.82,0.83,0.175,0.17,0.18,,,,
2026-01-06 09:05:05.860000+00:00,2026-01-06 09:05:06.086205+00:00,305.86,0.83,0.82,0.84,0.1699999999999999,0.16,0.18,,,,
2026-01-06 09:05:06.896000+00:00,2026-01-06 09:05:07.092458+00:00,306.896,0.835,0.83,0.84,0.165,0.16,0.17,,,,
2026-01-06 09:05:07.829000+00:00,2026-01-06 09:05:08.103681+00:00,307.829,0.825,0.82,0.83,0.18,0.17,0.19,,,,
2026-01-06 09:05:08.853000+00:00,2026-01-06 09:05:09.114834+00:00,308.853,0.8200000000000001,0.81,0.83,0.18,0.17,0.19,,,,
2026-01-06 09:05:09.918000+00:00,2026-01-06 09:05:10.122656+00:00,309.918,0.83,0.82,0.84,0.1699999999999999,0.16,0.18,,,,
2026-01-06 09:05:10.890000+00:00,2026-01-06 09:05:11.123763+00:00,310.89,0.83,0.82,0.84,0.1699999999999999,0.16,0.18,,,,
2026-01-06 09:05:11.909000+00:00,2026-01-06 09:05:12.116952+00:00,311.909,0.825,0.82,0.83,0.175,0.17,0.18,,,,
2026-01-06 09:05:12.910000+00:00,2026-01-06 09:05:13.129519+00:00,312.91,0.815,0.81,0.82,0.185,0.18,0.19,,,,
2026-01-06 09:05:13.918000+00:00,2026-01-06 09:05:14.135470+00:00,313.918,0.825,0.82,0.83,0.1699999999999999,0.16,0.18,,,,
2026-01-06 09:05:14.941000+00:00,2026-01-06 09:05:15.144759+00:00,314.941,0.83,0.82,0.84,0.1699999999999999,0.16,0.18,,,,
2026-01-06 09:05:15.938000+00:00,2026-01-06 09:05:16.146102+00:00,315.938,0.84,0.83,0.85,0.16,0.15,0.17,,,,
2026-01-06 09:05:16.882000+00:00,2026-01-06 09:05:17.165108+00:00,316.882,0.84,0.83,0.85,0.16,0.15,0.17,,,,
2026-01-06 09:05:17.966000+00:00,2026-01-06 09:05:18.163058+00:00,317.966,0.835,0.83,0.84,0.16,0.15,0.17,,,,
2026-01-06 09:05:18.961000+00:00,2026-01-06 09:05:19.180859+00:00,318.961,0.84,0.83,0.85,0.1649999999999999,0.15,0.18,,,,
2026-01-06 09:05:19.978000+00:00,2026-01-06 09:05:20.192540+00:00,319.978,0.845,0.84,0.85,0.16,0.15,0.17,,,,
2026-01-06 09:05:20.865000+00:00,2026-01-06 09:05:21.209643+00:00,320.865,0.85,0.84,0.86,0.15,0.14,0.16,,,,
2026-01-06 09:05:22.867000+00:00,2026-01-06 09:05:23.218533+00:00,322.867,0.845,0.84,0.85,0.155,0.15,0.16,,,,
2026-01-06 09:05:23.991000+00:00,2026-01-06 09:05:24.226254+00:00,323.991,0.845,0.84,0.85,0.155,0.15,0.16,,,,
2026-01-06 09:05:24.993000+00:00,2026-01-06 09:05:25.242316+00:00,324.993,0.84,0.83,0.85,0.16,0.15,0.17,,,,
2026-01-06 09:05:26.018000+00:00,2026-01-06 09:05:26.241665+00:00,326.018,0.845,0.84,0.85,0.155,0.15,0.16,,,,
2026-01-06 09:05:27.070000+00:00,2026-01-06 09:05:27.259738+00:00,327.07,0.865,0.86,0.87,0.135,0.13,0.14,,,,
2026-01-06 09:05:28.946000+00:00,2026-01-06 09:05:29.280787+00:00,328.946,0.88,0.87,0.89,0.1149999999999999,0.11,0.12,,,,
2026-01-06 09:05:30.053000+00:00,2026-01-06 09:05:30.277846+00:00,330.053,0.87,0.86,0.88,0.125,0.12,0.13,,,,
2026-01-06 09:05:31.067000+00:00,2026-01-06 09:05:31.295913+00:00,331.067,0.875,0.87,0.88,0.125,0.12,0.13,,,,
2026-01-06 09:05:32.089000+00:00,2026-01-06 09:05:32.293354+00:00,332.089,0.865,0.86,0.87,0.15,0.13,0.17,,,,
2026-01-06 09:05:33.082000+00:00,2026-01-06 09:05:33.293422+00:00,333.082,0.835,0.83,0.84,0.165,0.16,0.17,,,,
2026-01-06 09:05:34.073000+00:00,2026-01-06 09:05:34.294195+00:00,334.073,0.835,0.83,0.84,0.165,0.16,0.17,,,,
2026-01-06 09:05:35.083000+00:00,2026-01-06 09:05:35.309757+00:00,335.083,0.835,0.83,0.84,0.165,0.16,0.17,,,,
2026-01-06 09:05:36.013000+00:00,2026-01-06 09:05:36.325878+00:00,336.013,0.835,0.83,0.84,0.165,0.16,0.17,,,,
2026-01-06 09:05:37.047000+00:00,2026-01-06 09:05:37.342973+00:00,337.047,0.835,0.83,0.84,0.165,0.16,0.17,,,,
2026-01-06 09:05:38.156000+00:00,2026-01-06 09:05:38.358440+00:00,338.156,0.835,0.83,0.84,0.165,0.16,0.17,,,,
2026-01-06 09:05:39.096000+00:00,2026-01-06 09:05:39.363617+00:00,339.096,0.835,0.83,0.84,0.165,0.16,0.17,,,,
2026-01-06 09:05:40.494000+00:00,2026-01-06 09:05:41.393468+00:00,340.494,0.83,0.82,0.84,0.1699999999999999,0.16,0.18,,,,
2026-01-06 09:05:42.085000+00:00,2026-01-06 09:05:42.392006+00:00,342.085,0.83,0.82,0.84,0.1699999999999999,0.16,0.18,,,,
2026-01-06 09:05:43.206000+00:00,2026-01-06 09:05:43.410507+00:00,343.206,0.835,0.83,0.84,0.165,0.16,0.17,,,,
2026-01-06 09:05:44.204000+00:00,2026-01-06 09:05:44.420054+00:00,344.204,0.835,0.83,0.84,0.165,0.16,0.17,,,,
2026-01-06 09:05:45.190000+00:00,2026-01-06 09:05:45.418526+00:00,345.19,0.835,0.83,0.84,0.165,0.16,0.17,,,,
2026-01-06 09:05:46.210000+00:00,2026-01-06 09:05:46.429743+00:00,346.21,0.835,0.83,0.84,0.165,0.16,0.17,,,,
2026-01-06 09:05:47.205000+00:00,2026-01-06 09:05:47.428099+00:00,347.205,0.845,0.84,0.85,0.155,0.15,0.16,,,,
2026-01-06 09:05:48.209000+00:00,2026-01-06 09:05:48.447898+00:00,348.209,0.85,0.84,0.86,0.15,0.14,0.16,,,,
2026-01-06 09:05:49.242000+00:00,2026-01-06 09:05:49.450448+00:00,349.242,0.85,0.84,0.86,0.15,0.14,0.16,,,,
2026-01-06 09:05:50.273000+00:00,2026-01-06 09:05:50.464201+00:00,350.273,0.855,0.85,0.86,0.145,0.14,0.15,,,,
2026-01-06 09:05:51.236000+00:00,2026-01-06 09:05:51.464052+00:00,351.236,0.855,0.85,0.86,0.145,0.14,0.15,,,,
2026-01-06 09:05:52.103000+00:00,2026-01-06 09:05:52.459638+00:00,352.103,0.855,0.85,0.86,0.14,0.13,0.15,,,,
2026-01-06 09:05:53.265000+00:00,2026-01-06 09:05:53.465141+00:00,353.265,0.875,0.87,0.88,0.125,0.12,0.13,,,,
2026-01-06 09:05:54.275000+00:00,2026-01-06 09:05:54.477094+00:00,354.275,0.875,0.87,0.88,0.125,0.12,0.13,,,,
2026-01-06 09:05:55.260000+00:00,2026-01-06 09:05:55.476507+00:00,355.26,0.89,0.88,0.9,0.105,0.1,0.11,,,,
2026-01-06 09:05:56.266000+00:00,2026-01-06 09:05:56.479925+00:00,356.266,0.89,0.88,0.9,0.11,0.1,0.12,,,,
2026-01-06 09:05:57.414000+00:00,2026-01-06 09:05:57.493277+00:00,357.414,0.89,0.88,0.9,0.105,0.1,0.11,,,,
2026-01-06 09:05:58.004000+00:00,2026-01-06 09:05:58.502807+00:00,358.004,0.895,0.89,0.9,0.11,0.1,0.12,,,,
2026-01-06 09:05:59.212000+00:00,2026-01-06 09:05:59.512518+00:00,359.212,0.885,0.88,0.89,0.1149999999999999,0.11,0.12,,,,
2026-01-06 09:06:00.286000+00:00,2026-01-06 09:06:00.510809+00:00,360.286,0.89,0.88,0.9,0.11,0.1,0.12,,,,
2026-01-06 09:06:01.322000+00:00,2026-01-06 09:06:01.536121+00:00,361.322,0.89,0.88,0.9,0.11,0.1,0.12,,,,
2026-01-06 09:06:02.266000+00:00,2026-01-06 09:06:02.524661+00:00,362.266,0.89,0.88,0.9,0.11,0.1,0.12,,,,
2026-01-06 09:06:03.326000+00:00,2026-01-06 09:06:03.542220+00:00,363.326,0.89,0.88,0.9,0.11,0.1,0.12,,,,
2026-01-06 09:06:04.358000+00:00,2026-01-06 09:06:04.548965+00:00,364.358,0.895,0.89,0.9,0.105,0.1,0.11,,,,
2026-01-06 09:06:05.353000+00:00,2026-01-06 09:06:05.561462+00:00,365.353,0.91,0.9,0.92,0.09,0.08,0.1,,,,
2026-01-06 09:06:06.370000+00:00,2026-01-06 09:06:06.577061+00:00,366.37,0.885,0.88,0.89,0.1149999999999999,0.11,0.12,,,,
2026-01-06 09:06:07.326000+00:00,2026-01-06 09:06:07.575943+00:00,367.326,0.89,0.88,0.9,0.11,0.1,0.12,,,,
2026-01-06 09:06:08.375000+00:00,2026-01-06 09:06:08.592644+00:00,368.375,0.885,0.88,0.89,0.12,0.11,0.13,,,,
2026-01-06 09:06:09.402000+00:00,2026-01-06 09:06:09.608801+00:00,369.402,0.875,0.87,0.88,0.125,0.12,0.13,,,,
2026-01-06 09:06:10.379000+00:00,2026-01-06 09:06:10.627131+00:00,370.379,0.89,0.88,0.9,0.11,0.1,0.12,,,,
2026-01-06 09:06:11.410000+00:00,2026-01-06 09:06:11.637309+00:00,371.41,0.905,0.9,0.91,0.095,0.09,0.1,,,,
2026-01-06 09:06:12.406000+00:00,2026-01-06 09:06:12.631104+00:00,372.406,0.905,0.9,0.91,0.095,0.09,0.1,,,,
2026-01-06 09:06:13.393000+00:00,2026-01-06 09:06:13.635244+00:00,373.393,0.915,0.91,0.92,0.0849999999999999,0.08,0.09,,,,
2026-01-06 09:06:14.442000+00:00,2026-01-06 09:06:14.636349+00:00,374.442,0.91,0.9,0.92,0.09,0.08,0.1,,,,
2026-01-06 09:06:15.445000+00:00,2026-01-06 09:06:15.661242+00:00,375.445,0.915,0.91,0.92,0.0849999999999999,0.08,0.09,,,,
2026-01-06 09:06:16.339000+00:00,2026-01-06 09:06:16.658578+00:00,376.339,0.915,0.91,0.92,0.0849999999999999,0.08,0.09,,,,
2026-01-06 09:06:17.422000+00:00,2026-01-06 09:06:17.677385+00:00,377.422,0.915,0.91,0.92,0.0849999999999999,0.08,0.09,,,,
2026-01-06 09:06:18.491000+00:00,2026-01-06 09:06:18.694065+00:00,378.491,0.915,0.91,0.92,0.0849999999999999,0.08,0.09,,,,
2026-01-06 09:06:19.509000+00:00,2026-01-06 09:06:19.710441+00:00,379.509,0.915,0.91,0.92,0.0849999999999999,0.08,0.09,,,,
2026-01-06 09:06:20.454000+00:00,2026-01-06 09:06:20.726859+00:00,380.454,0.915,0.91,0.92,0.0849999999999999,0.08,0.09,,,,
2026-01-06 09:06:21.459000+00:00,2026-01-06 09:06:21.725366+00:00,381.459,0.915,0.91,0.92,0.0849999999999999,0.08,0.09,,,,
2026-01-06 09:06:22.525000+00:00,2026-01-06 09:06:22.730673+00:00,382.525,0.935,0.93,0.94,0.065,0.06,0.07,,,,
2026-01-06 09:06:23.535000+00:00,2026-01-06 09:06:23.745730+00:00,383.535,0.935,0.93,0.94,0.065,0.06,0.07,,,,
2026-01-06 09:06:24.435000+00:00,2026-01-06 09:06:24.757358+00:00,384.435,0.945,0.94,0.95,0.055,0.05,0.06,,,,
2026-01-06 09:06:25.545000+00:00,2026-01-06 09:06:25.758743+00:00,385.545,0.945,0.94,0.95,0.055,0.05,0.06,,,,
2026-01-06 09:06:26.569000+00:00,2026-01-06 09:06:26.774487+00:00,386.569,0.945,0.94,0.95,0.055,0.05,0.06,,,,
2026-01-06 09:06:27.563000+00:00,2026-01-06 09:06:27.780017+00:00,387.563,0.935,0.93,0.94,0.065,0.06,0.07,,,,
2026-01-06 09:06:28.575000+00:00,2026-01-06 09:06:28.786755+00:00,388.575,0.935,0.93,0.94,0.06,0.05,0.07,,,,
2026-01-06 09:06:29.583000+00:00,2026-01-06 09:06:29.796566+00:00,389.583,0.94,0.93,0.95,0.06,0.05,0.07,,,,
2026-01-06 09:06:30.593000+00:00,2026-01-06 09:06:30.796250+00:00,390.593,0.945,0.94,0.95,0.055,0.05,0.06,,,,
2026-01-06 09:06:31.551000+00:00,2026-01-06 09:06:31.808549+00:00,391.551,0.945,0.94,0.95,0.055,0.05,0.06,,,,
2026-01-06 09:06:32.512000+00:00,2026-01-06 09:06:32.807929+00:00,392.512,0.945,0.94,0.95,0.055,0.05,0.06,,,,
2026-01-06 09:06:33.594000+00:00,2026-01-06 09:06:33.808103+00:00,393.594,0.945,0.94,0.95,0.055,0.05,0.06,,,,
2026-01-06 09:06:34.601000+00:00,2026-01-06 09:06:34.807900+00:00,394.601,0.945,0.94,0.95,0.055,0.05,0.06,,,,
2026-01-06 09:06:35.707000+00:00,2026-01-06 09:06:35.825513+00:00,395.707,0.955,0.95,0.96,0.05,0.04,0.06,,,,
2026-01-06 09:06:36.604000+00:00,2026-01-06 09:06:36.838518+00:00,396.604,0.94,0.93,0.95,0.06,0.05,0.07,,,,
2026-01-06 09:06:37.658000+00:00,2026-01-06 09:06:37.855455+00:00,397.658,0.95,0.94,0.96,0.05,0.04,0.06,,,,
2026-01-06 09:06:38.609000+00:00,2026-01-06 09:06:38.857120+00:00,398.609,0.945,0.93,0.96,0.055,0.04,0.07,,,,
2026-01-06 09:06:39.624000+00:00,2026-01-06 09:06:39.859747+00:00,399.624,0.935,0.93,0.94,0.055,0.04,0.07,,,,
2026-01-06 09:06:40.630000+00:00,2026-01-06 09:06:40.857392+00:00,400.63,0.955,0.95,0.96,0.045,0.04,0.05,,,,
2026-01-06 09:06:41.647000+00:00,2026-01-06 09:06:41.877259+00:00,401.647,0.955,0.95,0.96,0.045,0.04,0.05,,,,
2026-01-06 09:06:42.668000+00:00,2026-01-06 09:06:42.885946+00:00,402.668,0.955,0.95,0.96,0.055,0.05,0.06,,,,
2026-01-06 09:06:43.672000+00:00,2026-01-06 09:06:43.874782+00:00,403.672,0.935,0.93,0.94,0.065,0.06,0.07,,,,
2026-01-06 09:06:44.663000+00:00,2026-01-06 09:06:44.893029+00:00,404.663,0.935,0.93,0.94,0.065,0.06,0.07,,,,
2026-01-06 09:06:45.696000+00:00,2026-01-06 09:06:45.903744+00:00,405.696,0.95,0.94,0.96,0.05,0.04,0.06,,,,
2026-01-06 09:06:46.684000+00:00,2026-01-06 09:06:46.903241+00:00,406.684,0.95,0.94,0.96,0.045,0.04,0.05,,,,
2026-01-06 09:06:47.693000+00:00,2026-01-06 09:06:47.905987+00:00,407.693,0.965,0.96,0.97,0.035,0.03,0.04,,,,
2026-01-06 09:06:48.661000+00:00,2026-01-06 09:06:48.907541+00:00,408.661,0.965,0.96,0.97,0.035,0.03,0.04,,,,
2026-01-06 09:06:49.707000+00:00,2026-01-06 09:06:49.926252+00:00,409.707,0.955,0.95,0.96,0.045,0.04,0.05,,,,
2026-01-06 09:06:50.657000+00:00,2026-01-06 09:06:50.942802+00:00,410.657,0.955,0.95,0.96,0.045,0.04,0.05,,,,
2026-01-06 09:06:51.749000+00:00,2026-01-06 09:06:51.959815+00:00,411.749,0.955,0.95,0.96,0.045,0.04,0.05,,,,
2026-01-06 09:06:52.741000+00:00,2026-01-06 09:06:52.955710+00:00,412.741,0.955,0.95,0.96,0.045,0.04,0.05,,,,
2026-01-06 09:06:53.748000+00:00,2026-01-06 09:06:53.973862+00:00,413.748,0.955,0.95,0.96,0.045,0.04,0.05,,,,
2026-01-06 09:06:54.754000+00:00,2026-01-06 09:06:54.990003+00:00,414.754,0.955,0.95,0.96,0.045,0.04,0.05,,,,
2026-01-06 09:06:55.612000+00:00,2026-01-06 09:06:55.990880+00:00,415.612,0.955,0.95,0.96,0.045,0.04,0.05,,,,
2026-01-06 09:06:56.657000+00:00,2026-01-06 09:06:57.007610+00:00,416.657,0.955,0.95,0.96,0.045,0.04,0.05,,,,
2026-01-06 09:06:57.812000+00:00,2026-01-06 09:06:58.006583+00:00,417.812,0.955,0.95,0.96,0.045,0.04,0.05,,,,
2026-01-06 09:06:58.800000+00:00,2026-01-06 09:06:59.016850+00:00,418.8,0.945,0.94,0.95,0.055,0.05,0.06,,,,
2026-01-06 09:06:59.836000+00:00,2026-01-06 09:07:00.038990+00:00,419.836,0.945,0.94,0.95,0.055,0.05,0.06,,,,
2026-01-06 09:07:00.836000+00:00,2026-01-06 09:07:01.039338+00:00,420.836,0.945,0.94,0.95,0.055,0.05,0.06,,,,
2026-01-06 09:07:01.806000+00:00,2026-01-06 09:07:02.056198+00:00,421.806,0.945,0.94,0.95,0.055,0.05,0.06,,,,
2026-01-06 09:07:02.838000+00:00,2026-01-06 09:07:03.055272+00:00,422.838,0.935,0.93,0.94,0.065,0.06,0.07,,,,
2026-01-06 09:07:03.779000+00:00,2026-01-06 09:07:04.062114+00:00,423.779,0.935,0.93,0.94,0.065,0.06,0.07,,,,
2026-01-06 09:07:04.863000+00:00,2026-01-06 09:07:05.068706+00:00,424.863,0.935,0.93,0.94,0.065,0.06,0.07,,,,
2026-01-06 09:07:05.864000+00:00,2026-01-06 09:07:06.072590+00:00,425.864,0.925,0.92,0.93,0.075,0.07,0.08,,,,
2026-01-06 09:07:06.853000+00:00,2026-01-06 09:07:07.074205+00:00,426.853,0.935,0.93,0.94,0.065,0.06,0.07,,,,
2026-01-06 09:07:07.759000+00:00,2026-01-06 09:07:08.089872+00:00,427.759,0.935,0.93,0.94,0.065,0.06,0.07,,,,
2026-01-06 09:07:08.796000+00:00,2026-01-06 09:07:09.091100+00:00,428.796,0.935,0.93,0.94,0.065,0.06,0.07,,,,
2026-01-06 09:07:09.901000+00:00,2026-01-06 09:07:10.106986+00:00,429.901,0.925,0.92,0.93,0.075,0.07,0.08,,,,
2026-01-06 09:07:10.662000+00:00,2026-01-06 09:07:11.106289+00:00,430.662,0.925,0.92,0.93,0.075,0.07,0.08,,,,
2026-01-06 09:07:11.824000+00:00,2026-01-06 09:07:12.105191+00:00,431.824,0.925,0.92,0.93,0.075,0.07,0.08,,,,
2026-01-06 09:07:12.911000+00:00,2026-01-06 09:07:13.108763+00:00,432.911,0.925,0.92,0.93,0.075,0.07,0.08,,,,
2026-01-06 09:07:13.836000+00:00,2026-01-06 09:07:14.119346+00:00,433.836,0.925,0.92,0.93,0.075,0.07,0.08,,,,
2026-01-06 09:07:14.774000+00:00,2026-01-06 09:07:15.133216+00:00,434.774,0.925,0.92,0.93,0.075,0.07,0.08,,,,
2026-01-06 09:07:15.559000+00:00,2026-01-06 09:07:16.139935+00:00,435.559,0.925,0.92,0.93,0.075,0.07,0.08,,,,
2026-01-06 09:07:16.939000+00:00,2026-01-06 09:07:17.154093+00:00,436.939,0.915,0.91,0.92,0.0849999999999999,0.08,0.09,,,,
2026-01-06 09:07:17.925000+00:00,2026-01-06 09:07:18.162303+00:00,437.925,0.915,0.91,0.92,0.0849999999999999,0.08,0.09,,,,
2026-01-06 09:07:18.951000+00:00,2026-01-06 09:07:19.158897+00:00,438.951,0.915,0.91,0.92,0.0849999999999999,0.08,0.09,,,,
2026-01-06 09:07:19.953000+00:00,2026-01-06 09:07:20.172366+00:00,439.953,0.915,0.91,0.92,0.0849999999999999,0.08,0.09,,,,
2026-01-06 09:07:20.944000+00:00,2026-01-06 09:07:21.188627+00:00,440.944,0.91,0.9,0.92,0.09,0.08,0.1,,,,
2026-01-06 09:07:21.936000+00:00,2026-01-06 09:07:22.192945+00:00,441.936,0.91,0.9,0.92,0.09,0.08,0.1,,,,
2026-01-06 09:07:22.993000+00:00,2026-01-06 09:07:23.201478+00:00,442.993,0.905,0.9,0.91,0.09,0.08,0.1,,,,
2026-01-06 09:07:23.922000+00:00,2026-01-06 09:07:24.204295+00:00,443.922,0.91,0.9,0.92,0.09,0.08,0.1,,,,
2026-01-06 09:07:24.980000+00:00,2026-01-06 09:07:25.208148+00:00,444.98,0.91,0.9,0.92,0.09,0.08,0.1,,,,
2026-01-06 09:07:26.032000+00:00,2026-01-06 09:07:26.217445+00:00,446.032,0.9,0.89,0.91,0.105,0.1,0.11,,,,
2026-01-06 09:07:27.950000+00:00,2026-01-06 09:07:28.235623+00:00,447.95,0.91,0.9,0.92,0.09,0.08,0.1,,,,
2026-01-06 09:07:28.967000+00:00,2026-01-06 09:07:29.239666+00:00,448.967,0.91,0.9,0.92,0.09,0.08,0.1,,,,
2026-01-06 09:07:29.987000+00:00,2026-01-06 09:07:30.238932+00:00,449.987,0.91,0.9,0.92,0.095,0.08,0.11,,,,
2026-01-06 09:07:30.936000+00:00,2026-01-06 09:07:31.239007+00:00,450.936,0.91,0.9,0.92,0.09,0.08,0.1,,,,
2026-01-06 09:07:32.051000+00:00,2026-01-06 09:07:32.255324+00:00,452.051,0.905,0.9,0.91,0.105,0.1,0.11,,,,
2026-01-06 09:07:33.047000+00:00,2026-01-06 09:07:33.271837+00:00,453.047,0.905,0.9,0.91,0.095,0.09,0.1,,,,
2026-01-06 09:07:34.843000+00:00,2026-01-06 09:07:35.282221+00:00,454.843,0.9,0.89,0.91,0.1,0.09,0.11,,,,
2026-01-06 09:07:36.086000+00:00,2026-01-06 09:07:36.289461+00:00,456.086,0.89,0.88,0.9,0.11,0.1,0.12,,,,
2026-01-06 09:07:37.080000+00:00,2026-01-06 09:07:37.296537+00:00,457.08,0.9,0.89,0.91,0.1,0.09,0.11,,,,
2026-01-06 09:07:38.001000+00:00,2026-01-06 09:07:38.293715+00:00,458.001,0.9,0.89,0.91,0.1,0.09,0.11,,,,
2026-01-06 09:07:39.107000+00:00,2026-01-06 09:07:39.306458+00:00,459.107,0.9,0.89,0.91,0.1,0.09,0.11,,,,
2026-01-06 09:07:40.004000+00:00,2026-01-06 09:07:40.320099+00:00,460.004,0.895,0.89,0.9,0.105,0.1,0.11,,,,
2026-01-06 09:07:41.111000+00:00,2026-01-06 09:07:41.321097+00:00,461.111,0.89,0.88,0.9,0.1149999999999999,0.11,0.12,,,,
2026-01-06 09:07:42.065000+00:00,2026-01-06 09:07:42.324326+00:00,462.065,0.865,0.86,0.87,0.125,0.12,0.13,,,,
2026-01-06 09:07:43.125000+00:00,2026-01-06 09:07:43.343910+00:00,463.125,0.875,0.87,0.88,0.125,0.12,0.13,,,,
2026-01-06 09:07:44.153000+00:00,2026-01-06 09:07:44.356567+00:00,464.153,0.885,0.88,0.89,0.1149999999999999,0.11,0.12,,,,
2026-01-06 09:07:45.163000+00:00,2026-01-06 09:07:45.372145+00:00,465.163,0.875,0.87,0.88,0.1149999999999999,0.11,0.12,,,,
2026-01-06 09:07:46.125000+00:00,2026-01-06 09:07:46.387152+00:00,466.125,0.885,0.88,0.89,0.12,0.11,0.13,,,,
2026-01-06 09:07:47.151000+00:00,2026-01-06 09:07:47.386959+00:00,467.151,0.895,0.89,0.9,0.105,0.1,0.11,,,,
2026-01-06 09:07:48.162000+00:00,2026-01-06 09:07:48.388233+00:00,468.162,0.89,0.88,0.9,0.11,0.1,0.12,,,,
2026-01-06 09:07:49.098000+00:00,2026-01-06 09:07:49.387813+00:00,469.098,0.895,0.89,0.9,0.105,0.1,0.11,,,,
2026-01-06 09:07:50.186000+00:00,2026-01-06 09:07:50.403935+00:00,470.186,0.895,0.89,0.9,0.105,0.1,0.11,,,,
2026-01-06 09:07:51.201000+00:00,2026-01-06 09:07:51.404566+00:00,471.201,0.88,0.87,0.89,0.12,0.11,0.13,,,,
2026-01-06 09:07:52.919000+00:00,2026-01-06 09:07:53.411213+00:00,472.919,0.88,0.87,0.89,0.12,0.11,0.13,,,,
2026-01-06 09:07:54.208000+00:00,2026-01-06 09:07:54.420433+00:00,474.208,0.88,0.87,0.89,0.12,0.11,0.13,,,,
2026-01-06 09:07:55.049000+00:00,2026-01-06 09:07:55.436893+00:00,475.049,0.89,0.88,0.9,0.11,0.1,0.12,,,,
2026-01-06 09:07:56.233000+00:00,2026-01-06 09:07:56.437537+00:00,476.233,0.885,0.88,0.89,0.12,0.11,0.13,,,,
2026-01-06 09:07:57.158000+00:00,2026-01-06 09:07:57.432746+00:00,477.158,0.88,0.87,0.89,0.12,0.11,0.13,,,,
2026-01-06 09:07:58.165000+00:00,2026-01-06 09:07:58.438138+00:00,478.165,0.88,0.87,0.89,0.12,0.11,0.13,,,,
2026-01-06 09:07:59.152000+00:00,2026-01-06 09:07:59.439646+00:00,479.152,0.88,0.87,0.89,0.12,0.11,0.13,,,,
2026-01-06 09:08:00.250000+00:00,2026-01-06 09:08:00.451449+00:00,480.25,0.885,0.88,0.89,0.12,0.11,0.13,,,,
2026-01-06 09:08:01.276000+00:00,2026-01-06 09:08:01.470216+00:00,481.276,0.885,0.88,0.89,0.105,0.1,0.11,,,,
2026-01-06 09:08:02.201000+00:00,2026-01-06 09:08:02.496630+00:00,482.201,0.9,0.89,0.91,0.1,0.09,0.11,,,,
2026-01-06 09:08:03.317000+00:00,2026-01-06 09:08:03.513127+00:00,483.317,0.885,0.88,0.89,0.1149999999999999,0.11,0.12,,,,
2026-01-06 09:08:04.324000+00:00,2026-01-06 09:08:04.527616+00:00,484.324,0.895,0.89,0.9,0.105,0.1,0.11,,,,
2026-01-06 09:08:05.358000+00:00,2026-01-06 09:08:05.553720+00:00,485.358,0.88,0.87,0.89,0.12,0.11,0.13,,,,
2026-01-06 09:08:06.354000+00:00,2026-01-06 09:08:06.556123+00:00,486.354,0.865,0.86,0.87,0.135,0.13,0.14,,,,
2026-01-06 09:08:07.334000+00:00,2026-01-06 09:08:07.564016+00:00,487.334,0.86,0.85,0.87,0.14,0.13,0.15,,,,
2026-01-06 09:08:08.365000+00:00,2026-01-06 09:08:08.575900+00:00,488.365,0.86,0.85,0.87,0.14,0.13,0.15,,,,
2026-01-06 09:08:09.406000+00:00,2026-01-06 09:08:09.588540+00:00,489.406,0.86,0.85,0.87,0.14,0.13,0.15,,,,
2026-01-06 09:08:10.371000+00:00,2026-01-06 09:08:10.601323+00:00,490.371,0.845,0.84,0.85,0.155,0.15,0.16,,,,
2026-01-06 09:08:11.338000+00:00,2026-01-06 09:08:11.604353+00:00,491.338,0.84,0.83,0.85,0.16,0.15,0.17,,,,
2026-01-06 09:08:12.388000+00:00,2026-01-06 09:08:12.620985+00:00,492.388,0.84,0.83,0.85,0.155,0.15,0.16,,,,
2026-01-06 09:08:13.441000+00:00,2026-01-06 09:08:13.637836+00:00,493.441,0.86,0.85,0.87,0.14,0.13,0.15,,,,
2026-01-06 09:08:14.260000+00:00,2026-01-06 09:08:14.654020+00:00,494.26,0.865,0.86,0.87,0.135,0.13,0.14,,,,
2026-01-06 09:08:15.418000+00:00,2026-01-06 09:08:15.652207+00:00,495.418,0.85,0.84,0.86,0.15,0.14,0.16,,,,
2026-01-06 09:08:16.356000+00:00,2026-01-06 09:08:16.656164+00:00,496.356,0.855,0.85,0.86,0.145,0.14,0.15,,,,
2026-01-06 09:08:17.413000+00:00,2026-01-06 09:08:17.650398+00:00,497.413,0.85,0.84,0.86,0.155,0.15,0.16,,,,
2026-01-06 09:08:18.442000+00:00,2026-01-06 09:08:18.654101+00:00,498.442,0.835,0.83,0.84,0.165,0.16,0.17,,,,
2026-01-06 09:08:19.450000+00:00,2026-01-06 09:08:19.667305+00:00,499.45,0.845,0.84,0.85,0.155,0.15,0.16,,,,
2026-01-06 09:08:20.419000+00:00,2026-01-06 09:08:20.679433+00:00,500.419,0.855,0.85,0.86,0.155,0.14,0.17,,,,
2026-01-06 09:08:21.489000+00:00,2026-01-06 09:08:21.700930+00:00,501.489,0.825,0.82,0.83,0.175,0.17,0.18,,,,
2026-01-06 09:08:22.510000+00:00,2026-01-06 09:08:22.718175+00:00,502.51,0.805,0.8,0.81,0.195,0.19,0.2,,,,
2026-01-06 09:08:23.531000+00:00,2026-01-06 09:08:23.737563+00:00,503.531,0.805,0.8,0.81,0.195,0.19,0.2,,,,
2026-01-06 09:08:24.545000+00:00,2026-01-06 09:08:24.758872+00:00,504.545,0.795,0.79,0.8,0.205,0.2,0.21,,,,
2026-01-06 09:08:25.550000+00:00,2026-01-06 09:08:25.757424+00:00,505.55,0.815,0.81,0.82,0.185,0.18,0.19,,,,
2026-01-06 09:08:26.539000+00:00,2026-01-06 09:08:26.762640+00:00,506.539,0.815,0.81,0.82,0.185,0.18,0.19,,,,
2026-01-06 09:08:27.544000+00:00,2026-01-06 09:08:27.765339+00:00,507.544,0.8200000000000001,0.81,0.83,0.18,0.17,0.19,,,,
2026-01-06 09:08:28.510000+00:00,2026-01-06 09:08:28.775765+00:00,508.51,0.8200000000000001,0.81,0.83,0.18,0.17,0.19,,,,
2026-01-06 09:08:29.577000+00:00,2026-01-06 09:08:29.786856+00:00,509.577,0.815,0.81,0.82,0.185,0.18,0.19,,,,
2026-01-06 09:08:30.578000+00:00,2026-01-06 09:08:30.785970+00:00,510.578,0.755,0.75,0.76,0.245,0.24,0.25,,,,
2026-01-06 09:08:31.588000+00:00,2026-01-06 09:08:31.795390+00:00,511.588,0.735,0.73,0.74,0.275,0.27,0.28,,,,
2026-01-06 09:08:32.576000+00:00,2026-01-06 09:08:32.803067+00:00,512.576,0.755,0.75,0.76,0.245,0.24,0.25,,,,
2026-01-06 09:08:33.616000+00:00,2026-01-06 09:08:33.822062+00:00,513.616,0.755,0.75,0.76,0.245,0.24,0.25,,,,
2026-01-06 09:08:34.619000+00:00,2026-01-06 09:08:34.829129+00:00,514.619,0.805,0.8,0.81,0.195,0.19,0.2,,,,
2026-01-06 09:08:35.654000+00:00,2026-01-06 09:08:35.841682+00:00,515.654,0.805,0.8,0.81,0.195,0.19,0.2,,,,
2026-01-06 09:08:36.640000+00:00,2026-01-06 09:08:36.843605+00:00,516.64,0.895,0.89,0.9,0.125,0.1,0.15,,,,
2026-01-06 09:08:37.640000+00:00,2026-01-06 09:08:37.854969+00:00,517.64,0.84,0.83,0.85,0.16,0.15,0.17,,,,
2026-01-06 09:08:38.666000+00:00,2026-01-06 09:08:38.874506+00:00,518.666,0.84,0.83,0.85,0.16,0.15,0.17,,,,
2026-01-06 09:08:39.667000+00:00,2026-01-06 09:08:39.876738+00:00,519.667,0.805,0.8,0.81,0.195,0.19,0.2,,,,
2026-01-06 09:08:40.666000+00:00,2026-01-06 09:08:40.875209+00:00,520.666,0.8200000000000001,0.81,0.83,0.18,0.17,0.19,,,,
2026-01-06 09:08:41.681000+00:00,2026-01-06 09:08:41.891561+00:00,521.681,0.815,0.8,0.83,0.185,0.17,0.2,,,,
2026-01-06 09:08:42.693000+00:00,2026-01-06 09:08:42.896538+00:00,522.693,0.835,0.83,0.84,0.165,0.16,0.17,,,,
2026-01-06 09:08:43.698000+00:00,2026-01-06 09:08:43.903728+00:00,523.698,0.825,0.82,0.83,0.175,0.17,0.18,,,,
2026-01-06 09:08:44.695000+00:00,2026-01-06 09:08:44.918326+00:00,524.695,0.845,0.84,0.85,0.155,0.15,0.16,,,,
2026-01-06 09:08:45.682000+00:00,2026-01-06 09:08:45.924618+00:00,525.682,0.85,0.84,0.86,0.15,0.14,0.16,,,,
2026-01-06 09:08:46.718000+00:00,2026-01-06 09:08:46.930109+00:00,526.718,0.835,0.83,0.84,0.16,0.15,0.17,,,,
2026-01-06 09:08:47.730000+00:00,2026-01-06 09:08:47.926938+00:00,527.73,0.855,0.85,0.86,0.14,0.13,0.15,,,,
2026-01-06 09:08:48.676000+00:00,2026-01-06 09:08:48.925058+00:00,528.676,0.86,0.85,0.87,0.14,0.13,0.15,,,,
2026-01-06 09:08:49.680000+00:00,2026-01-06 09:08:49.941576+00:00,529.68,0.865,0.86,0.87,0.135,0.13,0.14,,,,
2026-01-06 09:08:50.671000+00:00,2026-01-06 09:08:50.942259+00:00,530.671,0.865,0.86,0.87,0.135,0.13,0.14,,,,
2026-01-06 09:08:51.773000+00:00,2026-01-06 09:08:51.956946+00:00,531.773,0.855,0.85,0.86,0.145,0.14,0.15,,,,
2026-01-06 09:08:52.750000+00:00,2026-01-06 09:08:52.958071+00:00,532.75,0.835,0.83,0.84,0.15,0.14,0.16,,,,
2026-01-06 09:08:53.548000+00:00,2026-01-06 09:08:53.955114+00:00,533.548,0.855,0.85,0.86,0.145,0.14,0.15,,,,
2026-01-06 09:08:54.734000+00:00,2026-01-06 09:08:54.958328+00:00,534.734,0.865,0.86,0.87,0.135,0.13,0.14,,,,
2026-01-06 09:08:55.706000+00:00,2026-01-06 09:08:55.974761+00:00,535.706,0.865,0.86,0.87,0.135,0.13,0.14,,,,
2026-01-06 09:08:56.758000+00:00,2026-01-06 09:08:56.972198+00:00,536.758,0.855,0.85,0.86,0.145,0.14,0.15,,,,
2026-01-06 09:08:57.757000+00:00,2026-01-06 09:08:57.978742+00:00,537.757,0.845,0.84,0.85,0.155,0.15,0.16,,,,
2026-01-06 09:08:58.766000+00:00,2026-01-06 09:08:58.977461+00:00,538.766,0.85,0.84,0.86,0.15,0.14,0.16,,,,
2026-01-06 09:08:59.743000+00:00,2026-01-06 09:08:59.980826+00:00,539.743,0.85,0.84,0.86,0.155,0.15,0.16,,,,
2026-01-06 09:09:00.780000+00:00,2026-01-06 09:09:00.990376+00:00,540.78,0.835,0.83,0.84,0.165,0.16,0.17,,,,
2026-01-06 09:09:01.788000+00:00,2026-01-06 09:09:01.991747+00:00,541.788,0.805,0.8,0.81,0.19,0.18,0.2,,,,
2026-01-06 09:09:02.776000+00:00,2026-01-06 09:09:03.006613+00:00,542.776,0.81,0.8,0.82,0.19,0.18,0.2,,,,
2026-01-06 09:09:03.719000+00:00,2026-01-06 09:09:04.007386+00:00,543.719,0.81,0.8,0.82,0.19,0.18,0.2,,,,
2026-01-06 09:09:04.819000+00:00,2026-01-06 09:09:05.004448+00:00,544.819,0.815,0.81,0.82,0.185,0.18,0.19,,,,
2026-01-06 09:09:05.766000+00:00,2026-01-06 09:09:06.005483+00:00,545.766,0.81,0.8,0.82,0.19,0.18,0.2,,,,
2026-01-06 09:09:06.765000+00:00,2026-01-06 09:09:07.000794+00:00,546.765,0.805,0.8,0.81,0.195,0.19,0.2,,,,
2026-01-06 09:09:07.801000+00:00,2026-01-06 09:09:08.013099+00:00,547.801,0.835,0.83,0.84,0.16,0.15,0.17,,,,
2026-01-06 09:09:08.746000+00:00,2026-01-06 09:09:09.017812+00:00,548.746,0.845,0.84,0.85,0.155,0.15,0.16,,,,
2026-01-06 09:09:09.845000+00:00,2026-01-06 09:09:10.034871+00:00,549.845,0.83,0.82,0.84,0.1699999999999999,0.16,0.18,,,,
2026-01-06 09:09:10.814000+00:00,2026-01-06 09:09:11.051923+00:00,550.814,0.825,0.82,0.83,0.175,0.17,0.18,,,,
2026-01-06 09:09:11.779000+00:00,2026-01-06 09:09:12.056993+00:00,551.779,0.835,0.83,0.84,0.175,0.17,0.18,,,,
2026-01-06 09:09:12.825000+00:00,2026-01-06 09:09:13.066426+00:00,552.825,0.835,0.83,0.84,0.165,0.16,0.17,,,,
2026-01-06 09:09:13.843000+00:00,2026-01-06 09:09:14.060176+00:00,553.843,0.825,0.82,0.83,0.175,0.17,0.18,,,,
2026-01-06 09:09:14.853000+00:00,2026-01-06 09:09:15.071551+00:00,554.853,0.8200000000000001,0.81,0.83,0.18,0.17,0.19,,,,
2026-01-06 09:09:15.782000+00:00,2026-01-06 09:09:16.068511+00:00,555.782,0.815,0.81,0.82,0.185,0.18,0.19,,,,
2026-01-06 09:09:16.843000+00:00,2026-01-06 09:09:17.067868+00:00,556.843,0.815,0.81,0.82,0.185,0.18,0.19,,,,
2026-01-06 09:09:17.481000+00:00,2026-01-06 09:09:18.088258+00:00,557.481,0.825,0.82,0.83,0.175,0.17,0.18,,,,
2026-01-06 09:09:18.893000+00:00,2026-01-06 09:09:19.099170+00:00,558.893,0.815,0.81,0.82,0.185,0.18,0.19,,,,
2026-01-06 09:09:19.763000+00:00,2026-01-06 09:09:20.116958+00:00,559.763,0.815,0.81,0.82,0.185,0.18,0.19,,,,
2026-01-06 09:09:20.821000+00:00,2026-01-06 09:09:21.120265+00:00,560.821,0.815,0.81,0.82,0.185,0.18,0.19,,,,
2026-01-06 09:09:21.897000+00:00,2026-01-06 09:09:22.130941+00:00,561.897,0.815,0.81,0.82,0.185,0.18,0.19,,,,
2026-01-06 09:09:22.906000+00:00,2026-01-06 09:09:23.138088+00:00,562.906,0.805,0.8,0.81,0.195,0.19,0.2,,,,
2026-01-06 09:09:23.923000+00:00,2026-01-06 09:09:24.144098+00:00,563.923,0.775,0.77,0.78,0.225,0.22,0.23,,,,
2026-01-06 09:09:24.935000+00:00,2026-01-06 09:09:25.148950+00:00,564.935,0.76,0.75,0.77,0.24,0.23,0.25,,,,
2026-01-06 09:09:25.960000+00:00,2026-01-06 09:09:26.167936+00:00,565.96,0.755,0.75,0.76,0.245,0.24,0.25,,,,
2026-01-06 09:09:26.989000+00:00,2026-01-06 09:09:27.173461+00:00,566.989,0.755,0.75,0.76,0.245,0.24,0.25,,,,
2026-01-06 09:09:27.972000+00:00,2026-01-06 09:09:28.189986+00:00,567.972,0.745,0.74,0.75,0.255,0.25,0.26,,,,
2026-01-06 09:09:28.976000+00:00,2026-01-06 09:09:29.187766+00:00,568.976,0.665,0.66,0.67,0.335,0.33,0.34,,,,
2026-01-06 09:09:29.978000+00:00,2026-01-06 09:09:30.188430+00:00,569.978,0.675,0.67,0.68,0.325,0.32,0.33,,,,
2026-01-06 09:09:30.990000+00:00,2026-01-06 09:09:31.198844+00:00,570.99,0.6799999999999999,0.67,0.69,0.32,0.31,0.33,,,,
2026-01-06 09:09:32.007000+00:00,2026-01-06 09:09:32.214129+00:00,572.007,0.695,0.69,0.7,0.305,0.3,0.31,,,,
2026-01-06 09:09:33.012000+00:00,2026-01-06 09:09:33.221357+00:00,573.012,0.7,0.69,0.71,0.305,0.3,0.31,,,,
2026-01-06 09:09:34.017000+00:00,2026-01-06 09:09:34.238975+00:00,574.017,0.685,0.68,0.69,0.315,0.31,0.32,,,,
2026-01-06 09:09:35.026000+00:00,2026-01-06 09:09:35.250045+00:00,575.026,0.7,0.69,0.71,0.3,0.29,0.31,,,,
2026-01-06 09:09:36.059000+00:00,2026-01-06 09:09:36.268343+00:00,576.059,0.79,0.78,0.8,0.21,0.2,0.22,,,,
2026-01-06 09:09:37.068000+00:00,2026-01-06 09:09:37.277958+00:00,577.068,0.77,0.76,0.78,0.22,0.21,0.23,,,,
2026-01-06 09:09:38.068000+00:00,2026-01-06 09:09:38.293326+00:00,578.068,0.78,0.77,0.79,0.215,0.21,0.22,,,,
2026-01-06 09:09:39.093000+00:00,2026-01-06 09:09:39.300147+00:00,579.093,0.775,0.77,0.78,0.215,0.21,0.22,,,,
2026-01-06 09:09:40.104000+00:00,2026-01-06 09:09:40.300311+00:00,580.104,0.775,0.77,0.78,0.225,0.22,0.23,,,,
2026-01-06 09:09:41.046000+00:00,2026-01-06 09:09:41.300044+00:00,581.046,0.775,0.77,0.78,0.225,0.22,0.23,,,,
2026-01-06 09:09:42.053000+00:00,2026-01-06 09:09:42.305593+00:00,582.053,0.805,0.8,0.81,0.195,0.19,0.2,,,,
2026-01-06 09:09:43.114000+00:00,2026-01-06 09:09:43.319757+00:00,583.114,0.835,0.83,0.84,0.165,0.16,0.17,,,,
2026-01-06 09:09:44.993000+00:00,2026-01-06 09:09:45.332803+00:00,584.993,0.84,0.83,0.85,0.16,0.15,0.17,,,,
2026-01-06 09:09:45.922000+00:00,2026-01-06 09:09:46.337844+00:00,585.922,0.84,0.83,0.85,0.16,0.15,0.17,,,,
2026-01-06 09:09:47.152000+00:00,2026-01-06 09:09:47.354389+00:00,587.152,0.825,0.82,0.83,0.175,0.17,0.18,,,,
2026-01-06 09:09:48.147000+00:00,2026-01-06 09:09:48.373361+00:00,588.147,0.785,0.78,0.79,0.225,0.22,0.23,,,,
2026-01-06 09:09:49.139000+00:00,2026-01-06 09:09:49.372119+00:00,589.139,0.775,0.77,0.78,0.225,0.22,0.23,,,,
2026-01-06 09:09:50.162000+00:00,2026-01-06 09:09:50.384987+00:00,590.162,0.785,0.78,0.79,0.215,0.21,0.22,,,,
2026-01-06 09:09:51.013000+00:00,2026-01-06 09:09:51.399671+00:00,591.013,0.78,0.77,0.79,0.22,0.21,0.23,,,,
2026-01-06 09:09:52.175000+00:00,2026-01-06 09:09:52.404824+00:00,592.175,0.78,0.77,0.79,0.22,0.21,0.23,,,,
2026-01-06 09:09:53.211000+00:00,2026-01-06 09:09:53.427043+00:00,593.211,0.78,0.77,0.79,0.22,0.21,0.23,,,,
2026-01-06 09:09:54.101000+00:00,2026-01-06 09:09:54.452209+00:00,594.101,0.79,0.78,0.8,0.205,0.2,0.21,,,,
2026-01-06 09:09:55.242000+00:00,2026-01-06 09:09:55.453325+00:00,595.242,0.795,0.79,0.8,0.2249999999999999,0.21,0.24,,,,
2026-01-06 09:09:56.132000+00:00,2026-01-06 09:09:56.453309+00:00,596.132,0.77,0.76,0.78,0.2299999999999999,0.22,0.24,,,,
2026-01-06 09:09:57.249000+00:00,2026-01-06 09:09:57.468947+00:00,597.249,0.77,0.76,0.78,0.2299999999999999,0.22,0.24,,,,
2026-01-06 09:09:58.202000+00:00,2026-01-06 09:09:58.470364+00:00,598.202,0.77,0.76,0.78,0.2299999999999999,0.22,0.24,,,,
2026-01-06 09:09:59.257000+00:00,2026-01-06 09:09:59.465656+00:00,599.257,0.775,0.77,0.78,0.225,0.22,0.23,,,,
2026-01-06 09:10:00.261000+00:00,2026-01-06 09:10:00.468645+00:00,600.261,0.765,0.76,0.77,0.235,0.23,0.24,,,,
2026-01-06 09:10:01.258000+00:00,2026-01-06 09:10:01.470049+00:00,601.258,0.78,0.77,0.79,0.22,0.21,0.23,,,,
2026-01-06 09:10:02.221000+00:00,2026-01-06 09:10:02.471929+00:00,602.221,0.79,0.78,0.8,0.205,0.2,0.21,,,,
2026-01-06 09:10:03.267000+00:00,2026-01-06 09:10:03.474575+00:00,603.267,0.805,0.8,0.81,0.185,0.18,0.19,,,,
2026-01-06 09:10:04.257000+00:00,2026-01-06 09:10:04.486743+00:00,604.257,0.815,0.81,0.82,0.185,0.18,0.19,,,,
2026-01-06 09:10:05.282000+00:00,2026-01-06 09:10:05.500057+00:00,605.282,0.8200000000000001,0.81,0.83,0.175,0.17,0.18,,,,
2026-01-06 09:10:06.299000+00:00,2026-01-06 09:10:06.520519+00:00,606.299,0.835,0.82,0.85,0.16,0.15,0.17,,,,
2026-01-06 09:10:07.265000+00:00,2026-01-06 09:10:07.515217+00:00,607.265,0.84,0.83,0.85,0.155,0.15,0.16,,,,
2026-01-06 09:10:08.245000+00:00,2026-01-06 09:10:08.522000+00:00,608.245,0.84,0.83,0.85,0.16,0.15,0.17,,,,
2026-01-06 09:10:09.248000+00:00,2026-01-06 09:10:09.530562+00:00,609.248,0.83,0.82,0.84,0.1699999999999999,0.16,0.18,,,,
2026-01-06 09:10:10.313000+00:00,2026-01-06 09:10:10.539351+00:00,610.313,0.8300000000000001,0.81,0.85,0.175,0.16,0.19,,,,
2026-01-06 09:10:11.337000+00:00,2026-01-06 09:10:11.553703+00:00,611.337,0.83,0.82,0.84,0.1699999999999999,0.16,0.18,,,,
2026-01-06 09:10:12.302000+00:00,2026-01-06 09:10:12.548420+00:00,612.302,0.84,0.83,0.85,0.155,0.15,0.16,,,,
2026-01-06 09:10:13.305000+00:00,2026-01-06 09:10:13.550671+00:00,613.305,0.835,0.82,0.85,0.1649999999999999,0.15,0.18,,,,
2026-01-06 09:10:14.306000+00:00,2026-01-06 09:10:14.554691+00:00,614.306,0.835,0.83,0.84,0.165,0.16,0.17,,,,
2026-01-06 09:10:15.294000+00:00,2026-01-06 09:10:15.570337+00:00,615.294,0.835,0.83,0.84,0.165,0.16,0.17,,,,
2026-01-06 09:10:16.356000+00:00,2026-01-06 09:10:16.578831+00:00,616.356,0.835,0.83,0.84,0.165,0.16,0.17,,,,
2026-01-06 09:10:17.379000+00:00,2026-01-06 09:10:17.586744+00:00,617.379,0.855,0.85,0.86,0.145,0.14,0.15,,,,
2026-01-06 09:10:18.382000+00:00,2026-01-06 09:10:18.587118+00:00,618.382,0.855,0.85,0.86,0.145,0.14,0.15,,,,
2026-01-06 09:10:19.366000+00:00,2026-01-06 09:10:19.598773+00:00,619.366,0.825,0.82,0.83,0.175,0.17,0.18,,,,
2026-01-06 09:10:20.391000+00:00,2026-01-06 09:10:20.614543+00:00,620.391,0.83,0.82,0.84,0.1649999999999999,0.15,0.18,,,,
2026-01-06 09:10:21.387000+00:00,2026-01-06 09:10:21.614880+00:00,621.387,0.825,0.82,0.83,0.175,0.17,0.18,,,,
2026-01-06 09:10:22.407000+00:00,2026-01-06 09:10:22.622620+00:00,622.407,0.83,0.82,0.84,0.165,0.16,0.17,,,,
2026-01-06 09:10:23.424000+00:00,2026-01-06 09:10:23.669930+00:00,623.424,0.835,0.83,0.84,0.165,0.16,0.17,,,,
2026-01-06 09:10:24.388000+00:00,2026-01-06 09:10:24.667244+00:00,624.388,0.835,0.83,0.84,0.165,0.16,0.17,,,,
2026-01-06 09:10:25.312000+00:00,2026-01-06 09:10:25.672647+00:00,625.312,0.835,0.83,0.84,0.165,0.16,0.17,,,,
2026-01-06 09:10:26.461000+00:00,2026-01-06 09:10:26.682647+00:00,626.461,0.825,0.82,0.83,0.175,0.17,0.18,,,,
2026-01-06 09:10:27.486000+00:00,2026-01-06 09:10:27.698000+00:00,627.486,0.825,0.82,0.83,0.175,0.17,0.18,,,,
2026-01-06 09:10:28.479000+00:00,2026-01-06 09:10:28.697298+00:00,628.479,0.815,0.81,0.82,0.185,0.18,0.19,,,,
2026-01-06 09:10:29.496000+00:00,2026-01-06 09:10:29.697786+00:00,629.496,0.815,0.81,0.82,0.185,0.18,0.19,,,,
2026-01-06 09:10:30.479000+00:00,2026-01-06 09:10:30.713152+00:00,630.479,0.805,0.8,0.81,0.195,0.19,0.2,,,,
2026-01-06 09:10:31.509000+00:00,2026-01-06 09:10:31.720079+00:00,631.509,0.805,0.8,0.81,0.21,0.19,0.23,,,,
2026-01-06 09:10:32.420000+00:00,2026-01-06 09:10:32.719198+00:00,632.42,0.785,0.78,0.79,0.215,0.21,0.22,,,,
2026-01-06 09:10:33.512000+00:00,2026-01-06 09:10:33.712715+00:00,633.512,0.78,0.77,0.79,0.215,0.21,0.22,,,,
2026-01-06 09:10:34.507000+00:00,2026-01-06 09:10:34.719244+00:00,634.507,0.79,0.78,0.8,0.21,0.2,0.22,,,,
2026-01-06 09:10:35.339000+00:00,2026-01-06 09:10:35.728743+00:00,635.339,0.785,0.77,0.8,0.21,0.2,0.22,,,,
2026-01-06 09:10:36.517000+00:00,2026-01-06 09:10:36.729139+00:00,636.517,0.795,0.79,0.8,0.205,0.2,0.21,,,,
2026-01-06 09:10:37.467000+00:00,2026-01-06 09:10:37.729396+00:00,637.467,0.79,0.78,0.8,0.21,0.2,0.22,,,,
2026-01-06 09:10:38.504000+00:00,2026-01-06 09:10:38.736251+00:00,638.504,0.825,0.82,0.83,0.175,0.17,0.18,,,,
2026-01-06 09:10:39.499000+00:00,2026-01-06 09:10:39.735512+00:00,639.499,0.845,0.84,0.85,0.155,0.15,0.16,,,,
2026-01-06 09:10:40.649000+00:00,2026-01-06 09:10:40.763053+00:00,640.649,0.865,0.86,0.87,0.135,0.13,0.14,,,,
2026-01-06 09:10:41.552000+00:00,2026-01-06 09:10:41.772631+00:00,641.552,0.865,0.86,0.87,0.135,0.13,0.14,,,,
2026-01-06 09:10:42.570000+00:00,2026-01-06 09:10:42.779408+00:00,642.57,0.84,0.83,0.85,0.16,0.15,0.17,,,,
2026-01-06 09:10:43.450000+00:00,2026-01-06 09:10:43.794609+00:00,643.45,0.84,0.83,0.85,0.1649999999999999,0.15,0.18,,,,
2026-01-06 09:10:44.534000+00:00,2026-01-06 09:10:44.798509+00:00,644.534,0.835,0.82,0.85,0.1699999999999999,0.16,0.18,,,,
2026-01-06 09:10:45.366000+00:00,2026-01-06 09:10:45.804704+00:00,645.366,0.84,0.83,0.85,0.16,0.15,0.17,,,,
2026-01-06 09:10:46.610000+00:00,2026-01-06 09:10:46.830981+00:00,646.61,0.84,0.83,0.85,0.16,0.15,0.17,,,,
2026-01-06 09:10:47.607000+00:00,2026-01-06 09:10:47.852175+00:00,647.607,0.84,0.83,0.85,0.145,0.14,0.15,,,,
2026-01-06 09:10:48.560000+00:00,2026-01-06 09:10:48.855193+00:00,648.56,0.855,0.85,0.86,0.145,0.14,0.15,,,,
2026-01-06 09:10:49.646000+00:00,2026-01-06 09:10:49.868190+00:00,649.646,0.85,0.84,0.86,0.15,0.14,0.16,,,,
2026-01-06 09:10:50.657000+00:00,2026-01-06 09:10:50.870174+00:00,650.657,0.855,0.85,0.86,0.145,0.14,0.15,,,,
2026-01-06 09:10:51.471000+00:00,2026-01-06 09:10:51.875337+00:00,651.471,0.845,0.83,0.86,0.16,0.15,0.17,,,,
2026-01-06 09:10:52.642000+00:00,2026-01-06 09:10:52.885762+00:00,652.642,0.84,0.83,0.85,0.15,0.14,0.16,,,,
2026-01-06 09:10:53.637000+00:00,2026-01-06 09:10:53.885449+00:00,653.637,0.85,0.84,0.86,0.155,0.14,0.17,,,,
2026-01-06 09:10:54.546000+00:00,2026-01-06 09:10:54.889882+00:00,654.546,0.85,0.84,0.86,0.15,0.14,0.16,,,,
2026-01-06 09:10:55.620000+00:00,2026-01-06 09:10:55.901478+00:00,655.62,0.855,0.85,0.86,0.155,0.15,0.16,,,,
2026-01-06 09:10:56.695000+00:00,2026-01-06 09:10:56.932916+00:00,656.695,0.85,0.84,0.86,0.15,0.14,0.16,,,,
2026-01-06 09:10:57.739000+00:00,2026-01-06 09:10:57.946669+00:00,657.739,0.865,0.86,0.87,0.135,0.13,0.14,,,,
2026-01-06 09:10:58.736000+00:00,2026-01-06 09:10:58.951435+00:00,658.736,0.87,0.86,0.88,0.13,0.12,0.14,,,,
2026-01-06 09:10:59.698000+00:00,2026-01-06 09:10:59.959640+00:00,659.698,0.875,0.87,0.88,0.125,0.12,0.13,,,,
2026-01-06 09:11:00.736000+00:00,2026-01-06 09:11:00.964028+00:00,660.736,0.875,0.87,0.88,0.125,0.12,0.13,,,,
2026-01-06 09:11:01.740000+00:00,2026-01-06 09:11:01.962860+00:00,661.74,0.89,0.88,0.9,0.11,0.1,0.12,,,,
2026-01-06 09:11:02.777000+00:00,2026-01-06 09:11:02.977889+00:00,662.777,0.895,0.89,0.9,0.105,0.1,0.11,,,,
2026-01-06 09:11:03.642000+00:00,2026-01-06 09:11:03.973669+00:00,663.642,0.89,0.88,0.9,0.11,0.1,0.12,,,,
2026-01-06 09:11:04.772000+00:00,2026-01-06 09:11:04.984812+00:00,664.772,0.895,0.89,0.9,0.105,0.1,0.11,,,,
2026-01-06 09:11:05.762000+00:00,2026-01-06 09:11:05.999510+00:00,665.762,0.895,0.89,0.9,0.105,0.1,0.11,,,,
2026-01-06 09:11:06.789000+00:00,2026-01-06 09:11:07.000995+00:00,666.789,0.895,0.89,0.9,0.11,0.1,0.12,,,,
2026-01-06 09:11:07.776000+00:00,2026-01-06 09:11:08.002289+00:00,667.776,0.89,0.88,0.9,0.11,0.1,0.12,,,,
2026-01-06 09:11:08.780000+00:00,2026-01-06 09:11:09.005364+00:00,668.78,0.905,0.9,0.91,0.095,0.09,0.1,,,,
2026-01-06 09:11:09.758000+00:00,2026-01-06 09:11:10.017174+00:00,669.758,0.905,0.9,0.91,0.095,0.09,0.1,,,,
2026-01-06 09:11:10.829000+00:00,2026-01-06 09:11:11.029110+00:00,670.829,0.895,0.89,0.9,0.105,0.1,0.11,,,,
2026-01-06 09:11:11.841000+00:00,2026-01-06 09:11:12.029019+00:00,671.841,0.89,0.88,0.9,0.1149999999999999,0.11,0.12,,,,
2026-01-06 09:11:12.766000+00:00,2026-01-06 09:11:13.036575+00:00,672.766,0.9,0.89,0.91,0.095,0.09,0.1,,,,
2026-01-06 09:11:13.842000+00:00,2026-01-06 09:11:14.051670+00:00,673.842,0.885,0.88,0.89,0.1149999999999999,0.11,0.12,,,,
2026-01-06 09:11:14.825000+00:00,2026-01-06 09:11:15.062416+00:00,674.825,0.885,0.88,0.89,0.1149999999999999,0.11,0.12,,,,
2026-01-06 09:11:15.692000+00:00,2026-01-06 09:11:16.077106+00:00,675.692,0.875,0.86,0.89,0.125,0.11,0.14,,,,
2026-01-06 09:11:16.710000+00:00,2026-01-06 09:11:17.081046+00:00,676.71,0.88,0.87,0.89,0.105,0.1,0.11,,,,
2026-01-06 09:11:17.871000+00:00,2026-01-06 09:11:18.088742+00:00,677.871,0.89,0.88,0.9,0.11,0.1,0.12,,,,
2026-01-06 09:11:18.890000+00:00,2026-01-06 09:11:19.096745+00:00,678.89,0.885,0.88,0.89,0.1149999999999999,0.11,0.12,,,,
2026-01-06 09:11:19.892000+00:00,2026-01-06 09:11:20.102941+00:00,679.892,0.88,0.87,0.89,0.12,0.11,0.13,,,,
2026-01-06 09:11:20.884000+00:00,2026-01-06 09:11:21.117605+00:00,680.884,0.895,0.89,0.9,0.11,0.1,0.12,,,,
2026-01-06 09:11:21.904000+00:00,2026-01-06 09:11:22.117696+00:00,681.904,0.875,0.87,0.88,0.125,0.12,0.13,,,,
2026-01-06 09:11:22.922000+00:00,2026-01-06 09:11:23.133138+00:00,682.922,0.875,0.87,0.88,0.125,0.12,0.13,,,,
2026-01-06 09:11:23.754000+00:00,2026-01-06 09:11:24.136746+00:00,683.754,0.895,0.88,0.91,0.1149999999999999,0.11,0.12,,,,
2026-01-06 09:11:24.768000+00:00,2026-01-06 09:11:25.136346+00:00,684.768,0.87,0.86,0.88,0.13,0.12,0.14,,,,
2026-01-06 09:11:25.922000+00:00,2026-01-06 09:11:26.133663+00:00,685.922,0.865,0.86,0.87,0.13,0.12,0.14,,,,
2026-01-06 09:11:26.938000+00:00,2026-01-06 09:11:27.152843+00:00,686.938,0.865,0.86,0.87,0.135,0.13,0.14,,,,
2026-01-06 09:11:27.954000+00:00,2026-01-06 09:11:28.161943+00:00,687.954,0.865,0.86,0.87,0.135,0.13,0.14,,,,
2026-01-06 09:11:28.955000+00:00,2026-01-06 09:11:29.161642+00:00,688.955,0.865,0.86,0.87,0.135,0.13,0.14,,,,
2026-01-06 09:11:29.967000+00:00,2026-01-06 09:11:30.178357+00:00,689.967,0.855,0.85,0.86,0.145,0.14,0.15,,,,
2026-01-06 09:11:30.963000+00:00,2026-01-06 09:11:31.177827+00:00,690.963,0.865,0.86,0.87,0.135,0.13,0.14,,,,
2026-01-06 09:11:31.880000+00:00,2026-01-06 09:11:32.194970+00:00,691.88,0.865,0.86,0.87,0.13,0.12,0.14,,,,
2026-01-06 09:11:32.880000+00:00,2026-01-06 09:11:33.186811+00:00,692.88,0.87,0.86,0.88,0.13,0.12,0.14,,,,
2026-01-06 09:11:33.887000+00:00,2026-01-06 09:11:34.185641+00:00,693.887,0.875,0.87,0.88,0.125,0.12,0.13,,,,
2026-01-06 09:11:34.941000+00:00,2026-01-06 09:11:35.194328+00:00,694.941,0.88,0.87,0.89,0.12,0.11,0.13,,,,
2026-01-06 09:11:35.775000+00:00,2026-01-06 09:11:36.195435+00:00,695.775,0.865,0.86,0.87,0.12,0.11,0.13,,,,
2026-01-06 09:11:36.977000+00:00,2026-01-06 09:11:37.195316+00:00,696.977,0.88,0.87,0.89,0.12,0.11,0.13,,,,
2026-01-06 09:11:37.992000+00:00,2026-01-06 09:11:38.209586+00:00,697.992,0.87,0.86,0.88,0.13,0.12,0.14,,,,
2026-01-06 09:11:38.939000+00:00,2026-01-06 09:11:39.211525+00:00,698.939,0.87,0.86,0.88,0.13,0.12,0.14,,,,
2026-01-06 09:11:39.994000+00:00,2026-01-06 09:11:40.219030+00:00,699.994,0.865,0.85,0.88,0.14,0.13,0.15,,,,
2026-01-06 09:11:41.943000+00:00,2026-01-06 09:11:42.233196+00:00,701.943,0.865,0.86,0.87,0.135,0.13,0.14,,,,
2026-01-06 09:11:43.021000+00:00,2026-01-06 09:11:43.245343+00:00,703.021,0.855,0.85,0.86,0.145,0.14,0.15,,,,
2026-01-06 09:11:44.024000+00:00,2026-01-06 09:11:44.248533+00:00,704.024,0.855,0.85,0.86,0.145,0.14,0.15,,,,
2026-01-06 09:11:45.010000+00:00,2026-01-06 09:11:45.259680+00:00,705.01,0.85,0.84,0.86,0.15,0.14,0.16,,,,
2026-01-06 09:11:46.027000+00:00,2026-01-06 09:11:46.261774+00:00,706.027,0.855,0.85,0.86,0.145,0.14,0.15,,,,
2026-01-06 09:11:47.986000+00:00,2026-01-06 09:11:48.280966+00:00,707.986,0.885,0.88,0.89,0.1149999999999999,0.11,0.12,,,,
2026-01-06 09:11:49.055000+00:00,2026-01-06 09:11:49.283113+00:00,709.055,0.88,0.87,0.89,0.12,0.11,0.13,,,,
2026-01-06 09:11:50.968000+00:00,2026-01-06 09:11:51.295641+00:00,710.968,0.9,0.89,0.91,0.09,0.08,0.1,,,,
2026-01-06 09:11:52.113000+00:00,2026-01-06 09:11:52.319692+00:00,712.113,0.915,0.91,0.92,0.0849999999999999,0.08,0.09,,,,
2026-01-06 09:11:53.068000+00:00,2026-01-06 09:11:53.316834+00:00,713.068,0.925,0.92,0.93,0.075,0.07,0.08,,,,
2026-01-06 09:11:54.099000+00:00,2026-01-06 09:11:54.330750+00:00,714.099,0.925,0.92,0.93,0.075,0.07,0.08,,,,
2026-01-06 09:11:55.124000+00:00,2026-01-06 09:11:55.341681+00:00,715.124,0.92,0.91,0.93,0.08,0.07,0.09,,,,
2026-01-06 09:11:56.024000+00:00,2026-01-06 09:11:56.344391+00:00,716.024,0.925,0.92,0.93,0.075,0.07,0.08,,,,
2026-01-06 09:11:57.138000+00:00,2026-01-06 09:11:57.351923+00:00,717.138,0.92,0.91,0.93,0.08,0.07,0.09,,,,
2026-01-06 09:11:58.118000+00:00,2026-01-06 09:11:58.351766+00:00,718.118,0.92,0.91,0.93,0.08,0.07,0.09,,,,
2026-01-06 09:11:59.138000+00:00,2026-01-06 09:11:59.368313+00:00,719.138,0.93,0.92,0.94,0.07,0.06,0.08,,,,
2026-01-06 09:12:00.163000+00:00,2026-01-06 09:12:00.384454+00:00,720.163,0.935,0.93,0.94,0.065,0.06,0.07,,,,
2026-01-06 09:12:01.018000+00:00,2026-01-06 09:12:01.401801+00:00,721.018,0.96,0.95,0.97,0.04,0.03,0.05,,,,
2026-01-06 09:12:02.198000+00:00,2026-01-06 09:12:02.405852+00:00,722.198,0.965,0.95,0.98,0.035,0.02,0.05,,,,
2026-01-06 09:12:03.077000+00:00,2026-01-06 09:12:03.414010+00:00,723.077,0.975,0.97,0.98,0.025,0.02,0.03,,,,
2026-01-06 09:12:04.220000+00:00,2026-01-06 09:12:04.430159+00:00,724.22,0.97,0.96,0.98,0.03,0.02,0.04,,,,
2026-01-06 09:12:05.157000+00:00,2026-01-06 09:12:05.446987+00:00,725.157,0.975,0.97,0.98,0.025,0.02,0.03,,,,
2026-01-06 09:12:06.078000+00:00,2026-01-06 09:12:06.465948+00:00,726.078,0.975,0.97,0.98,0.025,0.02,0.03,,,,
2026-01-06 09:12:07.169000+00:00,2026-01-06 09:12:07.481287+00:00,727.169,0.975,0.97,0.98,0.025,0.02,0.03,,,,
2026-01-06 09:12:08.178000+00:00,2026-01-06 09:12:08.480203+00:00,728.178,0.975,0.97,0.98,0.025,0.02,0.03,,,,
2026-01-06 09:12:09.271000+00:00,2026-01-06 09:12:09.484405+00:00,729.271,0.975,0.97,0.98,0.025,0.02,0.03,,,,
2026-01-06 09:12:10.227000+00:00,2026-01-06 09:12:10.479783+00:00,730.227,0.975,0.97,0.98,0.025,0.02,0.03,,,,
2026-01-06 09:12:11.137000+00:00,2026-01-06 09:12:11.483490+00:00,731.137,0.975,0.97,0.98,0.025,0.02,0.03,,,,
2026-01-06 09:12:12.231000+00:00,2026-01-06 09:12:12.480109+00:00,732.231,0.975,0.97,0.98,0.025,0.02,0.03,,,,
2026-01-06 09:12:13.109000+00:00,2026-01-06 09:12:13.485478+00:00,733.109,0.975,0.97,0.98,0.025,0.02,0.03,,,,
2026-01-06 09:12:14.260000+00:00,2026-01-06 09:12:14.508970+00:00,734.26,0.975,0.97,0.98,0.025,0.02,0.03,,,,
2026-01-06 09:12:15.265000+00:00,2026-01-06 09:12:15.510097+00:00,735.265,0.975,0.97,0.98,0.025,0.02,0.03,,,,
2026-01-06 09:12:16.266000+00:00,2026-01-06 09:12:16.534850+00:00,736.266,0.975,0.97,0.98,0.025,0.02,0.03,,,,
2026-01-06 09:12:17.244000+00:00,2026-01-06 09:12:17.550024+00:00,737.244,0.975,0.97,0.98,0.025,0.02,0.03,,,,
2026-01-06 09:12:18.340000+00:00,2026-01-06 09:12:18.561073+00:00,738.34,0.975,0.97,0.98,0.025,0.02,0.03,,,,
2026-01-06 09:12:19.336000+00:00,2026-01-06 09:12:19.580712+00:00,739.336,0.97,0.96,0.98,0.03,0.02,0.04,,,,
2026-01-06 09:12:20.335000+00:00,2026-01-06 09:12:20.587730+00:00,740.335,0.97,0.96,0.98,0.03,0.02,0.04,,,,
2026-01-06 09:12:21.328000+00:00,2026-01-06 09:12:21.592476+00:00,741.328,0.97,0.96,0.98,0.03,0.02,0.04,,,,
2026-01-06 09:12:22.400000+00:00,2026-01-06 09:12:22.611013+00:00,742.4,0.98,0.97,0.99,0.02,0.01,0.03,,,,
2026-01-06 09:12:23.410000+00:00,2026-01-06 09:12:23.617498+00:00,743.41,0.965,0.96,0.97,0.035,0.03,0.04,,,,
2026-01-06 09:12:24.405000+00:00,2026-01-06 09:12:24.636808+00:00,744.405,0.985,0.98,0.99,0.015,0.01,0.02,,,,
2026-01-06 09:12:25.411000+00:00,2026-01-06 09:12:25.647389+00:00,745.411,0.965,0.96,0.97,0.03,0.02,0.04,,,,
2026-01-06 09:12:26.439000+00:00,2026-01-06 09:12:26.663225+00:00,746.439,0.955,0.94,0.97,0.045,0.03,0.06,,,,
2026-01-06 09:12:27.473000+00:00,2026-01-06 09:12:27.683933+00:00,747.473,0.97,0.96,0.98,0.03,0.02,0.04,,,,
2026-01-06 09:12:28.469000+00:00,2026-01-06 09:12:28.692899+00:00,748.469,0.955,0.95,0.96,0.035,0.02,0.05,,,,
2026-01-06 09:12:29.496000+00:00,2026-01-06 09:12:29.712170+00:00,749.496,0.955,0.95,0.96,0.045,0.04,0.05,,,,
2026-01-06 09:12:30.456000+00:00,2026-01-06 09:12:30.721998+00:00,750.456,0.955,0.95,0.96,0.045,0.04,0.05,,,,
2026-01-06 09:12:31.531000+00:00,2026-01-06 09:12:31.743858+00:00,751.531,0.955,0.95,0.96,0.045,0.04,0.05,,,,
2026-01-06 09:12:32.430000+00:00,2026-01-06 09:12:32.760405+00:00,752.43,0.955,0.95,0.96,0.055,0.05,0.06,,,,
2026-01-06 09:12:33.566000+00:00,2026-01-06 09:12:33.781125+00:00,753.566,0.95,0.94,0.96,0.045,0.04,0.05,,,,
2026-01-06 09:12:34.583000+00:00,2026-01-06 09:12:34.798481+00:00,754.583,0.975,0.97,0.98,0.025,0.02,0.03,,,,
2026-01-06 09:12:35.590000+00:00,2026-01-06 09:12:35.803335+00:00,755.59,0.98,0.97,0.99,0.02,0.01,0.03,,,,
2026-01-06 09:12:36.588000+00:00,2026-01-06 09:12:36.799535+00:00,756.588,0.98,0.97,0.99,0.02,0.01,0.03,,,,
2026-01-06 09:12:37.577000+00:00,2026-01-06 09:12:37.810788+00:00,757.577,0.985,0.98,0.99,0.015,0.01,0.02,,,,
2026-01-06 09:12:38.576000+00:00,2026-01-06 09:12:38.819488+00:00,758.576,0.985,0.98,0.99,0.015,0.01,0.02,,,,
2026-01-06 09:12:39.445000+00:00,2026-01-06 09:12:39.835771+00:00,759.445,0.98,0.97,0.99,0.02,0.01,0.03,,,,
2026-01-06 09:12:40.606000+00:00,2026-01-06 09:12:40.837363+00:00,760.606,0.98,0.97,0.99,0.025,0.02,0.03,,,,
2026-01-06 09:12:41.523000+00:00,2026-01-06 09:12:41.837003+00:00,761.523,0.98,0.97,0.99,0.02,0.01,0.03,,,,
2026-01-06 09:12:42.566000+00:00,2026-01-06 09:12:42.839898+00:00,762.566,0.98,0.97,0.99,0.02,0.01,0.03,,,,
2026-01-06 09:12:43.112000+00:00,2026-01-06 09:12:43.833333+00:00,763.112,0.975,0.96,0.99,0.02,0.01,0.03,,,,
2026-01-06 09:12:44.627000+00:00,2026-01-06 09:12:44.841988+00:00,764.627,0.985,0.98,0.99,0.015,0.01,0.02,,,,
2026-01-06 09:12:45.597000+00:00,2026-01-06 09:12:45.842483+00:00,765.597,0.985,0.98,0.99,0.015,0.01,0.02,,,,
2026-01-06 09:12:46.617000+00:00,2026-01-06 09:12:46.846524+00:00,766.617,0.985,0.98,0.99,0.015,0.01,0.02,,,,
2026-01-06 09:12:47.472000+00:00,2026-01-06 09:12:47.847145+00:00,767.472,0.985,0.98,0.99,0.015,0.01,0.02,,,,
2026-01-06 09:12:48.593000+00:00,2026-01-06 09:12:48.840269+00:00,768.593,0.98,0.97,0.99,0.02,0.01,0.03,,,,
2026-01-06 09:12:49.632000+00:00,2026-01-06 09:12:49.837938+00:00,769.632,0.985,0.98,0.99,0.015,0.01,0.02,,,,
2026-01-06 09:12:50.344000+00:00,2026-01-06 09:12:50.855020+00:00,770.344,0.985,0.98,0.99,0.015,0.01,0.02,,,,
2026-01-06 09:12:51.640000+00:00,2026-01-06 09:12:51.859026+00:00,771.64,0.97,0.96,0.98,0.03,0.02,0.04,,,,
2026-01-06 09:12:52.498000+00:00,2026-01-06 09:12:52.872456+00:00,772.498,0.985,0.98,0.99,0.015,0.01,0.02,,,,
2026-01-06 09:12:53.660000+00:00,2026-01-06 09:12:53.868037+00:00,773.66,0.975,0.96,0.99,0.025,0.01,0.04,,,,
2026-01-06 09:12:54.513000+00:00,2026-01-06 09:12:54.862959+00:00,774.513,0.975,0.96,0.99,0.025,0.01,0.04,,,,
2026-01-06 09:12:55.592000+00:00,2026-01-06 09:12:55.876027+00:00,775.592,0.98,0.97,0.99,0.015,0.01,0.02,,,,
2026-01-06 09:12:56.665000+00:00,2026-01-06 09:12:56.875036+00:00,776.665,0.985,0.98,0.99,0.015,0.01,0.02,,,,
2026-01-06 09:12:57.840000+00:00,2026-01-06 09:12:58.892809+00:00,777.84,0.985,0.98,0.99,0.015,0.01,0.02,,,,
2026-01-06 09:12:59.684000+00:00,2026-01-06 09:12:59.902522+00:00,779.684,0.985,0.98,0.99,0.015,0.01,0.02,,,,
2026-01-06 09:13:00.565000+00:00,2026-01-06 09:13:00.900491+00:00,780.565,0.985,0.98,0.99,0.015,0.01,0.02,,,,
2026-01-06 09:13:01.650000+00:00,2026-01-06 09:13:01.896588+00:00,781.65,0.985,0.98,0.99,0.015,0.01,0.02,,,,
2026-01-06 09:13:02.607000+00:00,2026-01-06 09:13:02.900719+00:00,782.607,0.985,0.98,0.99,0.015,0.01,0.02,,,,
2026-01-06 09:13:03.575000+00:00,2026-01-06 09:13:03.906911+00:00,783.575,0.985,0.98,0.99,0.015,0.01,0.02,,,,
2026-01-06 09:13:04.572000+00:00,2026-01-06 09:13:04.898645+00:00,784.572,0.98,0.97,0.99,0.02,0.01,0.03,,,,
2026-01-06 09:13:05.695000+00:00,2026-01-06 09:13:05.902497+00:00,785.695,0.98,0.97,0.99,0.02,0.01,0.03,,,,
2026-01-06 09:13:06.621000+00:00,2026-01-06 09:13:06.914620+00:00,786.621,0.985,0.98,0.99,0.015,0.01,0.02,,,,
2026-01-06 09:13:07.692000+00:00,2026-01-06 09:13:07.924641+00:00,787.692,0.985,0.98,0.99,0.015,0.01,0.02,,,,
2026-01-06 09:13:08.621000+00:00,2026-01-06 09:13:08.942285+00:00,788.621,0.985,0.98,0.99,0.015,0.01,0.02,,,,
2026-01-06 09:13:09.643000+00:00,2026-01-06 09:13:09.943508+00:00,789.643,0.985,0.98,0.99,0.015,0.01,0.02,,,,
2026-01-06 09:13:10.668000+00:00,2026-01-06 09:13:10.956612+00:00,790.668,0.985,0.98,0.99,0.015,0.01,0.02,,,,
2026-01-06 09:13:11.718000+00:00,2026-01-06 09:13:11.965140+00:00,791.718,0.985,0.98,0.99,0.015,0.01,0.02,,,,
2026-01-06 09:13:12.700000+00:00,2026-01-06 09:13:12.981158+00:00,792.7,0.985,0.98,0.99,0.015,0.01,0.02,,,,
2026-01-06 09:13:13.759000+00:00,2026-01-06 09:13:13.987463+00:00,793.759,0.985,0.98,0.99,0.015,0.01,0.02,,,,
2026-01-06 09:13:14.756000+00:00,2026-01-06 09:13:15.009717+00:00,794.756,0.99,0.99,,0.01,,0.01,,,,
2026-01-06 09:13:15.723000+00:00,2026-01-06 09:13:16.007443+00:00,795.723,0.99,0.99,,0.01,,0.01,,,,
2026-01-06 09:13:16.807000+00:00,2026-01-06 09:13:17.020514+00:00,796.807,0.99,0.99,,0.01,,0.01,,,,
2026-01-06 09:13:17.777000+00:00,2026-01-06 09:13:18.022108+00:00,797.777,0.99,0.99,,0.01,,0.01,,,,
2026-01-06 09:13:18.804000+00:00,2026-01-06 09:13:19.031656+00:00,798.804,0.99,0.99,,0.01,,0.01,,,,
2026-01-06 09:13:19.838000+00:00,2026-01-06 09:13:20.047256+00:00,799.838,0.99,0.99,,0.01,,0.01,,,,
2026-01-06 09:13:20.702000+00:00,2026-01-06 09:13:21.063650+00:00,800.702,0.99,0.99,,0.01,,0.01,,,,
2026-01-06 09:13:21.732000+00:00,2026-01-06 09:13:22.074952+00:00,801.732,0.99,0.99,,0.01,,0.01,,,,
2026-01-06 09:13:22.430000+00:00,2026-01-06 09:13:23.082436+00:00,802.43,0.99,0.99,,0.01,,0.01,,,,
2026-01-06 09:13:23.747000+00:00,2026-01-06 09:13:24.083871+00:00,803.747,0.99,0.99,,0.01,,0.01,,,,
2026-01-06 09:13:24.823000+00:00,2026-01-06 09:13:25.112375+00:00,804.823,0.99,0.99,,0.01,,0.01,,,,
2026-01-06 09:13:25.783000+00:00,2026-01-06 09:13:27.115469+00:00,805.783,0.99,0.99,,0.01,,0.01,,,,
2026-01-06 09:13:27.820000+00:00,2026-01-06 09:13:28.112950+00:00,807.82,0.99,0.99,,0.01,,0.01,,,,
2026-01-06 09:13:28.856000+00:00,2026-01-06 09:13:29.110351+00:00,808.856,0.99,0.99,,0.01,,0.01,,,,
2026-01-06 09:13:29.912000+00:00,2026-01-06 09:13:30.122818+00:00,809.912,0.99,0.99,,0.01,,0.01,,,,
2026-01-06 09:13:30.815000+00:00,2026-01-06 09:13:31.127700+00:00,810.815,0.99,0.99,,0.01,,0.01,,,,
2026-01-06 09:13:31.879000+00:00,2026-01-06 09:13:32.129657+00:00,811.879,0.99,0.99,,0.01,,0.01,,,,
2026-01-06 09:13:32.368000+00:00,2026-01-06 09:13:33.129022+00:00,812.368,0.99,0.99,,0.01,,0.01,,,,
2026-01-06 09:13:33.716000+00:00,2026-01-06 09:13:34.147036+00:00,813.716,0.99,0.99,,0.01,,0.01,,,,
2026-01-06 09:13:34.915000+00:00,2026-01-06 09:13:35.146346+00:00,814.915,0.99,0.99,,0.01,,0.01,,,,
2026-01-06 09:13:35.826000+00:00,2026-01-06 09:13:36.144913+00:00,815.826,0.99,0.99,,0.01,,0.01,,,,
2026-01-06 09:13:36.890000+00:00,2026-01-06 09:13:37.147132+00:00,816.89,0.99,0.99,,0.01,,0.01,,,,
2026-01-06 09:13:37.740000+00:00,2026-01-06 09:13:38.145049+00:00,817.74,0.99,0.99,,0.01,,0.01,,,,
2026-01-06 09:13:38.873000+00:00,2026-01-06 09:13:39.157856+00:00,818.873,0.99,0.99,,0.01,,0.01,,,,
2026-01-06 09:13:39.685000+00:00,2026-01-06 09:13:40.177928+00:00,819.685,0.99,0.99,,0.01,,0.01,,,,
2026-01-06 09:13:40.306000+00:00,2026-01-06 09:13:41.178101+00:00,820.306,0.99,0.99,,0.01,,0.01,,,,
2026-01-06 09:13:41.665000+00:00,2026-01-06 09:13:42.179638+00:00,821.665,0.99,0.99,,0.01,,0.01,,,,
2026-01-06 09:13:42.970000+00:00,2026-01-06 09:13:43.197708+00:00,822.97,0.99,0.99,,0.01,,0.01,,,,
2026-01-06 09:13:43.748000+00:00,2026-01-06 09:13:44.187615+00:00,823.748,0.99,0.99,,0.01,,0.01,,,,
2026-01-06 09:13:44.879000+00:00,2026-01-06 09:13:45.198708+00:00,824.879,0.99,0.99,,0.01,,0.01,,,,
2026-01-06 09:13:45.915000+00:00,2026-01-06 09:13:46.213596+00:00,825.915,0.99,0.99,,0.01,,0.01,,,,
2026-01-06 09:13:46.317000+00:00,2026-01-06 09:13:47.215094+00:00,826.317,0.99,0.99,,0.01,,0.01,,,,
2026-01-06 09:13:48.911000+00:00,2026-01-06 09:13:49.243740+00:00,828.911,0.99,0.99,,0.01,,0.01,,,,
2026-01-06 09:13:49.077000+00:00,2026-01-06 09:13:50.240292+00:00,829.077,0.99,0.99,,0.01,,0.01,,,,
2026-01-06 09:13:50.770000+00:00,2026-01-06 09:13:51.262046+00:00,830.77,0.99,0.99,,0.01,,0.01,,,,
2026-01-06 09:13:51.812000+00:00,2026-01-06 09:13:52.275437+00:00,831.812,0.99,0.99,,0.01,,0.01,,,,
2026-01-06 09:13:53.688000+00:00,2026-01-06 09:13:54.292754+00:00,833.688,0.99,0.99,,0.01,,0.01,,,,
2026-01-06 09:13:55.928000+00:00,2026-01-06 09:13:56.287559+00:00,835.928,0.99,0.99,,0.01,,0.01,,,,
2026-01-06 09:13:57.687000+00:00,2026-01-06 09:13:58.294892+00:00,837.687,0.99,0.99,,0.01,,0.01,,,,
2026-01-06 09:13:58.769000+00:00,2026-01-06 09:13:59.296762+00:00,838.769,0.99,0.99,,0.01,,0.01,,,,
2026-01-06 09:14:00.115000+00:00,2026-01-06 09:14:00.490494+00:00,840.115,0.99,0.99,,0.01,,0.01,,,,
2026-01-06 09:14:01.804000+00:00,2026-01-06 09:14:02.314056+00:00,841.804,0.99,0.99,,0.01,,0.01,,,,
2026-01-06 09:14:02.992000+00:00,2026-01-06 09:14:04.333760+00:00,842.992,0.99,0.99,,0.01,,0.01,,,,
2026-01-06 09:14:04.863000+00:00,2026-01-06 09:14:05.347593+00:00,844.863,0.99,0.99,,0.01,,0.01,,,,
2026-01-06 09:14:06.108000+00:00,2026-01-06 09:14:06.362426+00:00,846.108,0.99,0.99,,0.01,,0.01,,,,
2026-01-06 09:14:07.825000+00:00,2026-01-06 09:14:08.372479+00:00,847.825,0.99,0.99,,0.01,,0.01,,,,
2026-01-06 09:14:09.170000+00:00,2026-01-06 09:14:10.396918+00:00,849.17,0.99,0.99,,0.01,,0.01,,,,
2026-01-06 09:14:10.252000+00:00,2026-01-06 09:14:11.410346+00:00,850.252,0.99,0.99,,0.01,,0.01,,,,
2026-01-06 09:14:11.745000+00:00,2026-01-06 09:14:12.408660+00:00,851.745,0.99,0.99,,0.01,,0.01,,,,
2026-01-06 09:14:13.851000+00:00,2026-01-06 09:14:15.441928+00:00,853.851,0.99,0.99,,0.01,,0.01,,,,
2026-01-06 09:14:15.809000+00:00,2026-01-06 09:14:16.460516+00:00,855.809,0.99,0.99,,0.01,,0.01,,,,
2026-01-06 09:14:16.454000+00:00,2026-01-06 09:14:17.473608+00:00,856.454,0.99,0.99,,0.01,,0.01,,,,
2026-01-06 09:14:18.833000+00:00,2026-01-06 09:14:19.476693+00:00,858.833,0.99,0.99,,0.01,,0.01,,,,
2026-01-06 09:14:20.205000+00:00,2026-01-06 09:14:20.481155+00:00,860.205,0.99,0.99,,0.01,,0.01,,,,
2026-01-06 09:14:21.724000+00:00,2026-01-06 09:14:22.494829+00:00,861.724,0.99,0.99,,0.01,,0.01,,,,
2026-01-06 09:14:22.773000+00:00,2026-01-06 09:14:23.501869+00:00,862.773,0.99,0.99,,0.01,,0.01,,,,
2026-01-06 09:14:23.709000+00:00,2026-01-06 09:14:24.524421+00:00,863.709,0.99,0.99,,0.01,,0.01,,,,
2026-01-06 09:14:25.381000+00:00,2026-01-06 09:14:26.530019+00:00,865.381,0.99,0.99,,0.01,,0.01,,,,
2026-01-06 09:14:27.866000+00:00,2026-01-06 09:14:29.543204+00:00,867.866,0.99,0.99,,0.01,,0.01,,,,
2026-01-06 09:14:30.336000+00:00,2026-01-06 09:14:30.553145+00:00,870.336,0.99,0.99,,0.01,,0.01,,,,
2026-01-06 09:14:31.317000+00:00,2026-01-06 09:14:31.554658+00:00,871.317,0.99,0.99,,0.01,,0.01,,,,
2026-01-06 09:14:32.324000+00:00,2026-01-06 09:14:32.559413+00:00,872.324,0.99,0.99,,0.01,,0.01,,,,
2026-01-06 09:14:33.392000+00:00,2026-01-06 09:14:34.562763+00:00,873.392,0.99,0.99,,0.01,,0.01,,,,
2026-01-06 09:14:35.379000+00:00,2026-01-06 09:14:36.588757+00:00,875.379,0.99,0.99,,0.01,,0.01,,,,
2026-01-06 09:14:37+00:00,2026-01-06 09:14:37.592511+00:00,877.0,0.99,0.99,,0.01,,0.01,,,,
2026-01-06 09:14:38.238000+00:00,2026-01-06 09:14:38.593569+00:00,878.238,0.99,0.99,,0.01,,0.01,,,,
2026-01-06 09:14:39.349000+00:00,2026-01-06 09:14:44.652380+00:00,879.349,0.99,0.99,,0.01,,0.01,,,,
2026-01-06 09:14:45.357000+00:00,2026-01-06 09:14:46.669604+00:00,885.357,0.99,0.99,,0.01,,0.01,,,,
2026-01-06 09:14:47.187000+00:00,2026-01-06 09:14:47.670613+00:00,887.187,0.99,0.99,,0.01,,0.01,,,,
2026-01-06 09:14:48.143000+00:00,2026-01-06 09:14:49.694724+00:00,888.143,0.99,0.99,,0.01,,0.01,,,,
2026-01-06 09:14:50.919000+00:00,2026-01-06 09:14:51.718858+00:00,890.919,0.99,0.99,,0.01,,0.01,,,,
2026-01-06 09:14:52.493000+00:00,2026-01-06 09:14:52.726256+00:00,892.493,0.99,0.99,,0.01,,0.01,,,,
2026-01-06 09:14:53.154000+00:00,2026-01-06 09:14:53.736525+00:00,893.154,0.99,0.99,,0.01,,0.01,,,,
2026-01-06 09:14:54.490000+00:00,2026-01-06 09:14:54.736606+00:00,894.49,0.99,0.99,,0.01,,0.01,,,,
2026-01-06 09:14:55.371000+00:00,2026-01-06 09:14:55.737133+00:00,895.371,0.99,0.99,,0.01,,0.01,,,,
2026-01-06 09:14:56.471000+00:00,2026-01-06 09:14:56.747981+00:00,896.471,0.99,0.99,,0.01,,0.01,,,,
2026-01-06 09:14:57.466000+00:00,2026-01-06 09:14:57.758151+00:00,897.466,0.99,0.99,,0.01,,0.01,,,,
2026-01-06 09:14:58.518000+00:00,2026-01-06 09:14:58.757714+00:00,898.518,0.99,0.99,,0.01,,0.01,,,,
2026-01-06 09:14:59.316000+00:00,2026-01-06 09:14:59.777733+00:00,899.316,0.99,0.99,,0.01,,0.01,,,,
