timestamp,seconds,mid,bid,ask,asset
2026-01-07 04:30:00+00:00,0.0,3261.461,3261.46,3261.62,ETH
2026-01-07 04:30:01+00:00,1.0,3261.461,3261.46,3261.59,ETH
2026-01-07 04:30:02+00:00,2.0,3261.401,3261.36,3261.47,ETH
2026-01-07 04:30:03+00:00,3.0,3261.101,3261.03,3261.17,ETH
2026-01-07 04:30:04+00:00,4.0,3261.151,3261.07,3261.2,ETH
2026-01-07 04:30:05+00:00,5.0,3261.151,3261.09,3261.23,ETH
2026-01-07 04:30:06+00:00,6.0,3261.151,3261.08,3261.22,ETH
2026-01-07 04:30:07+00:00,7.0,3261.141,3261.08,3261.18,ETH
2026-01-07 04:30:08+00:00,8.0,3261.061,3261.01,3261.18,ETH
2026-01-07 04:30:09+00:00,9.0,3261.041,3261.0,3261.2,ETH
2026-01-07 04:30:10+00:00,10.0,3261.141,3261.1,3261.32,ETH
2026-01-07 04:30:11+00:00,11.0,3260.991,3260.92,3261.1,ETH
2026-01-07 04:30:12+00:00,12.0,3261.091,3261.09,3261.29,ETH
2026-01-07 04:30:13+00:00,13.0,3261.061,3261.02,3261.15,ETH
2026-01-07 04:30:14+00:00,14.0,3261.061,3261.03,3261.15,ETH
2026-01-07 04:30:15+00:00,15.0,3260.991,3260.95,3261.12,ETH
2026-01-07 04:30:16+00:00,16.0,3261.041,3260.99,3261.12,ETH
2026-01-07 04:30:17+00:00,17.0,3261.111,3261.1,3261.18,ETH
2026-01-07 04:30:18+00:00,18.0,3261.111,3261.11,3261.2,ETH
2026-01-07 04:30:19+00:00,19.0,3261.111,3261.11,3261.34,ETH
2026-01-07 04:30:21+00:00,21.0,3261.111,3261.11,3261.38,ETH
2026-01-07 04:30:22+00:00,22.0,3261.211,3261.15,3261.35,ETH
2026-01-07 04:30:23+00:00,23.0,3261.211,3261.15,3261.37,ETH
2026-01-07 04:30:25+00:00,25.0,3261.211,3261.15,3261.34,ETH
2026-01-07 04:30:26+00:00,26.0,3261.061,3261.0,3261.19,ETH
2026-01-07 04:30:27+00:00,27.0,3260.921,3260.85,3261.03,ETH
2026-01-07 04:30:28+00:00,28.0,3260.891,3260.85,3261.0,ETH
2026-01-07 04:30:29+00:00,29.0,3260.861,3260.85,3261.0,ETH
2026-01-07 04:30:30+00:00,30.0,3260.861,3260.85,3260.98,ETH
2026-01-07 04:30:31+00:00,31.0,3260.861,3260.85,3260.96,ETH
2026-01-07 04:30:32+00:00,32.0,3260.751,3260.74,3260.95,ETH
2026-01-07 04:30:33+00:00,33.0,3260.651,3260.64,3260.94,ETH
2026-01-07 04:30:34+00:00,34.0,3260.651,3260.65,3260.94,ETH
2026-01-07 04:30:35+00:00,35.0,3260.651,3260.65,3260.95,ETH
2026-01-07 04:30:37+00:00,37.0,3260.861,3260.85,3261.09,ETH
2026-01-07 04:30:38+00:00,38.0,3260.861,3260.8,3261.04,ETH
2026-01-07 04:30:39+00:00,39.0,3260.861,3260.8,3261.12,ETH
2026-01-07 04:30:40+00:00,40.0,3260.861,3260.76,3261.0,ETH
2026-01-07 04:30:41+00:00,41.0,3260.861,3260.76,3261.01,ETH
2026-01-07 04:30:42+00:00,42.0,3260.861,3260.76,3260.98,ETH
2026-01-07 04:30:43+00:00,43.0,3260.851,3260.76,3261.0,ETH
2026-01-07 04:30:44+00:00,44.0,3260.851,3260.76,3260.97,ETH
2026-01-07 04:30:45+00:00,45.0,3260.861,3260.76,3260.96,ETH
2026-01-07 04:30:46+00:00,46.0,3260.861,3260.76,3260.98,ETH
2026-01-07 04:30:47+00:00,47.0,3260.861,3260.76,3260.98,ETH
2026-01-07 04:30:48+00:00,48.0,3260.861,3260.78,3260.98,ETH
2026-01-07 04:30:49+00:00,49.0,3260.931,3260.8,3261.05,ETH
2026-01-07 04:30:50+00:00,50.0,3261.041,3260.82,3261.12,ETH
2026-01-07 04:30:51+00:00,51.0,3261.091,3260.84,3261.12,ETH
2026-01-07 04:30:52+00:00,52.0,3261.051,3260.83,3261.12,ETH
2026-01-07 04:30:53+00:00,53.0,3261.001,3260.82,3261.12,ETH
2026-01-07 04:30:54+00:00,54.0,3261.001,3260.82,3261.1,ETH
2026-01-07 04:30:55+00:00,55.0,3261.001,3260.82,3261.08,ETH
2026-01-07 04:30:56+00:00,56.0,3261.051,3260.84,3261.27,ETH
2026-01-07 04:30:57+00:00,57.0,3261.271,3261.09,3261.49,ETH
2026-01-07 04:30:58+00:00,58.0,3261.451,3261.34,3261.6,ETH
2026-01-07 04:30:59+00:00,59.0,3261.581,3261.42,3261.75,ETH
2026-01-07 04:31:00+00:00,60.0,3261.721,3261.49,3261.81,ETH
2026-01-07 04:31:01+00:00,61.0,3261.701,3261.48,3261.75,ETH
2026-01-07 04:31:02+00:00,62.0,3261.531,3261.42,3261.56,ETH
2026-01-07 04:31:04+00:00,64.0,3261.271,3261.13,3261.51,ETH
2026-01-07 04:31:05+00:00,65.0,3261.411,3261.21,3261.57,ETH
2026-01-07 04:31:06+00:00,66.0,3261.041,3261.02,3261.51,ETH
2026-01-07 04:31:07+00:00,67.0,3260.881,3260.84,3260.92,ETH
2026-01-07 04:31:08+00:00,68.0,3260.891,3260.85,3260.96,ETH
2026-01-07 04:31:09+00:00,69.0,3261.301,3261.0,3261.5,ETH
2026-01-07 04:31:10+00:00,70.0,3261.271,3261.22,3261.32,ETH
2026-01-07 04:31:11+00:00,71.0,3261.301,3261.3,3261.58,ETH
2026-01-07 04:31:12+00:00,72.0,3261.281,3261.24,3261.32,ETH
2026-01-07 04:31:13+00:00,73.0,3261.281,3261.13,3261.32,ETH
2026-01-07 04:31:14+00:00,74.0,3261.301,3261.13,3261.55,ETH
2026-01-07 04:31:15+00:00,75.0,3261.301,3261.2,3261.55,ETH
2026-01-07 04:31:16+00:00,76.0,3261.301,3261.24,3261.59,ETH
2026-01-07 04:31:17+00:00,77.0,3261.301,3261.24,3261.62,ETH
2026-01-07 04:31:18+00:00,78.0,3261.691,3261.49,3261.72,ETH
2026-01-07 04:31:19+00:00,79.0,3261.671,3261.49,3261.72,ETH
2026-01-07 04:31:20+00:00,80.0,3261.711,3261.48,3261.88,ETH
2026-01-07 04:31:21+00:00,81.0,3261.711,3261.51,3261.82,ETH
2026-01-07 04:31:22+00:00,82.0,3261.711,3261.51,3261.82,ETH
2026-01-07 04:31:23+00:00,83.0,3261.711,3261.51,3261.8,ETH
2026-01-07 04:31:24+00:00,84.0,3261.681,3261.44,3261.73,ETH
2026-01-07 04:31:25+00:00,85.0,3261.711,3261.48,3261.8,ETH
2026-01-07 04:31:26+00:00,86.0,3261.711,3261.49,3261.76,ETH
2026-01-07 04:31:27+00:00,87.0,3261.691,3261.49,3261.73,ETH
2026-01-07 04:31:28+00:00,88.0,3261.691,3261.48,3261.74,ETH
2026-01-07 04:31:29+00:00,89.0,3261.681,3261.48,3261.74,ETH
2026-01-07 04:31:30+00:00,90.0,3261.701,3261.48,3261.75,ETH
2026-01-07 04:31:31+00:00,91.0,3261.711,3261.48,3261.84,ETH
2026-01-07 04:31:32+00:00,92.0,3261.711,3261.49,3261.81,ETH
2026-01-07 04:31:33+00:00,93.0,3261.701,3261.44,3261.83,ETH
2026-01-07 04:31:34+00:00,94.0,3261.701,3261.4,3261.85,ETH
2026-01-07 04:31:35+00:00,95.0,3261.611,3261.35,3261.71,ETH
2026-01-07 04:31:36+00:00,96.0,3261.411,3261.26,3261.52,ETH
2026-01-07 04:31:37+00:00,97.0,3261.271,3261.16,3261.39,ETH
2026-01-07 04:31:38+00:00,98.0,3261.231,3261.09,3261.31,ETH
2026-01-07 04:31:39+00:00,99.0,3261.241,3261.09,3261.31,ETH
2026-01-07 04:31:40+00:00,100.0,3261.021,3260.92,3261.31,ETH
2026-01-07 04:31:42+00:00,102.0,3260.721,3260.69,3260.9,ETH
2026-01-07 04:31:43+00:00,103.0,3260.721,3260.67,3260.83,ETH
2026-01-07 04:31:44+00:00,104.0,3260.721,3260.67,3260.82,ETH
2026-01-07 04:31:45+00:00,105.0,3260.721,3260.68,3260.85,ETH
2026-01-07 04:31:46+00:00,106.0,3260.721,3260.68,3260.87,ETH
2026-01-07 04:31:47+00:00,107.0,3260.721,3260.68,3260.8,ETH
2026-01-07 04:31:48+00:00,108.0,3260.721,3260.72,3260.83,ETH
2026-01-07 04:31:49+00:00,109.0,3260.721,3260.71,3260.84,ETH
2026-01-07 04:31:50+00:00,110.0,3260.721,3260.71,3260.84,ETH
2026-01-07 04:31:51+00:00,111.0,3260.721,3260.71,3260.85,ETH
2026-01-07 04:31:52+00:00,112.0,3260.761,3260.74,3260.84,ETH
2026-01-07 04:31:53+00:00,113.0,3260.761,3260.75,3260.84,ETH
2026-01-07 04:31:54+00:00,114.0,3260.761,3260.73,3260.8,ETH
2026-01-07 04:31:55+00:00,115.0,3260.761,3260.73,3260.81,ETH
2026-01-07 04:31:56+00:00,116.0,3260.761,3260.73,3260.81,ETH
2026-01-07 04:31:57+00:00,117.0,3260.581,3260.5,3260.69,ETH
2026-01-07 04:31:58+00:00,118.0,3260.371,3260.28,3260.57,ETH
2026-01-07 04:31:59+00:00,119.0,3260.331,3260.26,3260.57,ETH
2026-01-07 04:32:00+00:00,120.0,3260.261,3260.19,3260.57,ETH
2026-01-07 04:32:01+00:00,121.0,3260.181,3260.13,3260.57,ETH
2026-01-07 04:32:02+00:00,122.0,3260.101,3260.07,3260.57,ETH
2026-01-07 04:32:03+00:00,123.0,3260.101,3260.08,3260.57,ETH
2026-01-07 04:32:04+00:00,124.0,3260.201,3260.15,3260.57,ETH
2026-01-07 04:32:05+00:00,125.0,3260.221,3260.17,3260.57,ETH
2026-01-07 04:32:06+00:00,126.0,3260.251,3260.17,3260.57,ETH
2026-01-07 04:32:07+00:00,127.0,3260.351,3260.2,3260.57,ETH
2026-01-07 04:32:08+00:00,128.0,3260.421,3260.21,3260.57,ETH
2026-01-07 04:32:09+00:00,129.0,3260.361,3260.21,3260.57,ETH
2026-01-07 04:32:10+00:00,130.0,3260.311,3260.21,3260.57,ETH
2026-01-07 04:32:11+00:00,131.0,3260.311,3260.19,3260.57,ETH
2026-01-07 04:32:12+00:00,132.0,3260.311,3260.18,3260.49,ETH
2026-01-07 04:32:13+00:00,133.0,3260.291,3260.18,3260.41,ETH
2026-01-07 04:32:14+00:00,134.0,3260.271,3260.15,3260.41,ETH
2026-01-07 04:32:15+00:00,135.0,3260.271,3260.16,3260.41,ETH
2026-01-07 04:32:16+00:00,136.0,3260.281,3260.18,3260.47,ETH
2026-01-07 04:32:17+00:00,137.0,3260.281,3260.17,3260.53,ETH
2026-01-07 04:32:18+00:00,138.0,3260.491,3260.46,3260.54,ETH
2026-01-07 04:32:19+00:00,139.0,3260.461,3260.43,3260.51,ETH
2026-01-07 04:32:20+00:00,140.0,3260.371,3260.36,3260.47,ETH
2026-01-07 04:32:21+00:00,141.0,3260.391,3260.39,3260.53,ETH
2026-01-07 04:32:22+00:00,142.0,3260.391,3260.39,3260.52,ETH
2026-01-07 04:32:23+00:00,143.0,3260.401,3260.4,3260.55,ETH
2026-01-07 04:32:24+00:00,144.0,3260.381,3260.38,3260.55,ETH
2026-01-07 04:32:25+00:00,145.0,3260.381,3260.38,3260.49,ETH
2026-01-07 04:32:26+00:00,146.0,3260.391,3260.38,3260.49,ETH
2026-01-07 04:32:27+00:00,147.0,3260.391,3260.39,3260.49,ETH
2026-01-07 04:32:28+00:00,148.0,3260.391,3260.39,3260.49,ETH
2026-01-07 04:32:29+00:00,149.0,3260.391,3260.38,3260.49,ETH
2026-01-07 04:32:30+00:00,150.0,3260.151,3260.11,3260.39,ETH
2026-01-07 04:32:31+00:00,151.0,3260.111,3260.11,3260.43,ETH
2026-01-07 04:32:32+00:00,152.0,3260.111,3260.11,3260.41,ETH
2026-01-07 04:32:33+00:00,153.0,3260.481,3260.34,3260.56,ETH
2026-01-07 04:32:34+00:00,154.0,3260.481,3260.36,3260.53,ETH
2026-01-07 04:32:35+00:00,155.0,3260.281,3260.03,3260.48,ETH
2026-01-07 04:32:36+00:00,156.0,3260.441,3260.4,3260.49,ETH
2026-01-07 04:32:37+00:00,157.0,3260.481,3260.43,3260.53,ETH
2026-01-07 04:32:38+00:00,158.0,3260.431,3260.4,3260.53,ETH
2026-01-07 04:32:39+00:00,159.0,3260.461,3260.43,3260.54,ETH
2026-01-07 04:32:40+00:00,160.0,3260.471,3260.45,3260.51,ETH
2026-01-07 04:32:41+00:00,161.0,3260.471,3260.45,3260.52,ETH
2026-01-07 04:32:42+00:00,162.0,3260.471,3260.44,3260.5,ETH
2026-01-07 04:32:43+00:00,163.0,3260.471,3260.44,3260.5,ETH
2026-01-07 04:32:44+00:00,164.0,3260.451,3260.41,3260.49,ETH
2026-01-07 04:32:45+00:00,165.0,3260.441,3260.38,3260.5,ETH
2026-01-07 04:32:46+00:00,166.0,3260.481,3260.43,3260.53,ETH
2026-01-07 04:32:47+00:00,167.0,3260.481,3260.45,3260.55,ETH
2026-01-07 04:32:48+00:00,168.0,3260.481,3260.45,3260.57,ETH
2026-01-07 04:32:49+00:00,169.0,3260.481,3260.44,3260.65,ETH
2026-01-07 04:32:50+00:00,170.0,3260.481,3260.44,3260.65,ETH
2026-01-07 04:32:51+00:00,171.0,3260.481,3260.47,3260.56,ETH
2026-01-07 04:32:52+00:00,172.0,3260.541,3260.47,3260.63,ETH
2026-01-07 04:32:53+00:00,173.0,3260.571,3260.48,3260.87,ETH
2026-01-07 04:32:54+00:00,174.0,3260.401,3260.4,3260.77,ETH
2026-01-07 04:32:55+00:00,175.0,3260.401,3260.37,3260.58,ETH
2026-01-07 04:32:56+00:00,176.0,3260.431,3260.39,3260.48,ETH
2026-01-07 04:32:57+00:00,177.0,3260.471,3260.44,3260.53,ETH
2026-01-07 04:32:58+00:00,178.0,3260.471,3260.44,3260.51,ETH
2026-01-07 04:32:59+00:00,179.0,3260.471,3260.45,3260.53,ETH
2026-01-07 04:33:00+00:00,180.0,3260.451,3260.45,3260.55,ETH
2026-01-07 04:33:01+00:00,181.0,3260.421,3260.42,3260.54,ETH
2026-01-07 04:33:02+00:00,182.0,3260.401,3260.39,3260.5,ETH
2026-01-07 04:33:03+00:00,183.0,3260.371,3260.35,3260.46,ETH
2026-01-07 04:33:04+00:00,184.0,3260.311,3260.28,3260.44,ETH
2026-01-07 04:33:05+00:00,185.0,3260.291,3260.25,3260.39,ETH
2026-01-07 04:33:06+00:00,186.0,3260.301,3260.25,3260.35,ETH
2026-01-07 04:33:07+00:00,187.0,3260.231,3260.19,3260.33,ETH
2026-01-07 04:33:08+00:00,188.0,3260.321,3260.28,3260.35,ETH
2026-01-07 04:33:09+00:00,189.0,3260.311,3260.28,3260.36,ETH
2026-01-07 04:33:10+00:00,190.0,3260.261,3260.22,3260.34,ETH
2026-01-07 04:33:11+00:00,191.0,3260.271,3260.23,3260.34,ETH
2026-01-07 04:33:12+00:00,192.0,3260.311,3260.26,3260.35,ETH
2026-01-07 04:33:13+00:00,193.0,3260.251,3260.21,3260.33,ETH
2026-01-07 04:33:14+00:00,194.0,3260.211,3260.17,3260.33,ETH
2026-01-07 04:33:15+00:00,195.0,3260.271,3260.22,3260.33,ETH
2026-01-07 04:33:16+00:00,196.0,3260.241,3260.19,3260.33,ETH
2026-01-07 04:33:17+00:00,197.0,3260.271,3260.22,3260.37,ETH
2026-01-07 04:33:18+00:00,198.0,3260.291,3260.25,3260.44,ETH
2026-01-07 04:33:19+00:00,199.0,3260.251,3260.21,3260.44,ETH
2026-01-07 04:33:20+00:00,200.0,3260.251,3260.21,3260.39,ETH
2026-01-07 04:33:21+00:00,201.0,3260.241,3260.19,3260.39,ETH
2026-01-07 04:33:22+00:00,202.0,3260.241,3260.21,3260.28,ETH
2026-01-07 04:33:23+00:00,203.0,3260.251,3260.21,3260.29,ETH
2026-01-07 04:33:24+00:00,204.0,3260.241,3260.2,3260.29,ETH
2026-01-07 04:33:25+00:00,205.0,3260.241,3260.18,3260.31,ETH
2026-01-07 04:33:26+00:00,206.0,3260.181,3260.15,3260.3,ETH
2026-01-07 04:33:27+00:00,207.0,3260.181,3260.15,3260.22,ETH
2026-01-07 04:33:28+00:00,208.0,3259.821,3259.73,3259.85,ETH
2026-01-07 04:33:29+00:00,209.0,3259.851,3259.84,3260.08,ETH
2026-01-07 04:33:30+00:00,210.0,3259.881,3259.88,3260.08,ETH
2026-01-07 04:33:31+00:00,211.0,3259.741,3259.72,3259.95,ETH
2026-01-07 04:33:32+00:00,212.0,3259.681,3259.63,3259.83,ETH
2026-01-07 04:33:33+00:00,213.0,3259.761,3259.72,3259.83,ETH
2026-01-07 04:33:34+00:00,214.0,3259.801,3259.75,3259.84,ETH
2026-01-07 04:33:35+00:00,215.0,3259.751,3259.69,3259.84,ETH
2026-01-07 04:33:37+00:00,217.0,3259.671,3259.62,3259.82,ETH
2026-01-07 04:33:38+00:00,218.0,3259.671,3259.63,3259.82,ETH
2026-01-07 04:33:39+00:00,219.0,3259.671,3259.63,3259.82,ETH
2026-01-07 04:33:40+00:00,220.0,3259.671,3259.63,3259.82,ETH
2026-01-07 04:33:41+00:00,221.0,3259.571,3259.53,3259.82,ETH
2026-01-07 04:33:42+00:00,222.0,3259.611,3259.57,3259.82,ETH
2026-01-07 04:33:43+00:00,223.0,3259.601,3259.56,3259.82,ETH
2026-01-07 04:33:44+00:00,224.0,3259.591,3259.55,3259.82,ETH
2026-01-07 04:33:45+00:00,225.0,3259.271,3259.26,3259.35,ETH
2026-01-07 04:33:46+00:00,226.0,3259.271,3259.25,3259.34,ETH
2026-01-07 04:33:47+00:00,227.0,3259.271,3259.24,3259.33,ETH
2026-01-07 04:33:48+00:00,228.0,3259.281,3259.23,3259.32,ETH
2026-01-07 04:33:49+00:00,229.0,3259.401,3259.34,3259.45,ETH
2026-01-07 04:33:50+00:00,230.0,3259.391,3259.34,3259.44,ETH
2026-01-07 04:33:51+00:00,231.0,3259.391,3259.34,3259.43,ETH
2026-01-07 04:33:52+00:00,232.0,3259.381,3259.34,3259.43,ETH
2026-01-07 04:33:53+00:00,233.0,3259.351,3259.3,3259.46,ETH
2026-01-07 04:33:54+00:00,234.0,3259.351,3259.3,3259.41,ETH
2026-01-07 04:33:55+00:00,235.0,3259.341,3259.3,3259.41,ETH
2026-01-07 04:33:56+00:00,236.0,3259.281,3259.23,3259.41,ETH
2026-01-07 04:33:57+00:00,237.0,3259.401,3259.4,3259.52,ETH
2026-01-07 04:33:58+00:00,238.0,3259.401,3259.36,3259.44,ETH
2026-01-07 04:33:59+00:00,239.0,3259.361,3259.32,3259.4,ETH
2026-01-07 04:34:00+00:00,240.0,3259.381,3259.27,3259.42,ETH
2026-01-07 04:34:01+00:00,241.0,3259.391,3259.27,3259.57,ETH
2026-01-07 04:34:02+00:00,242.0,3259.631,3259.47,3259.75,ETH
2026-01-07 04:34:03+00:00,243.0,3259.861,3259.66,3259.94,ETH
2026-01-07 04:34:04+00:00,244.0,3259.931,3259.92,3260.24,ETH
2026-01-07 04:34:05+00:00,245.0,3259.831,3259.79,3260.14,ETH
2026-01-07 04:34:06+00:00,246.0,3259.721,3259.65,3260.05,ETH
2026-01-07 04:34:07+00:00,247.0,3259.861,3259.82,3260.01,ETH
2026-01-07 04:34:08+00:00,248.0,3259.861,3259.84,3260.19,ETH
2026-01-07 04:34:09+00:00,249.0,3259.861,3259.84,3260.2,ETH
2026-01-07 04:34:10+00:00,250.0,3259.861,3259.85,3260.19,ETH
2026-01-07 04:34:11+00:00,251.0,3260.211,3259.95,3260.25,ETH
2026-01-07 04:34:12+00:00,252.0,3260.011,3259.97,3260.24,ETH
2026-01-07 04:34:13+00:00,253.0,3260.171,3260.12,3260.23,ETH
2026-01-07 04:34:14+00:00,254.0,3260.171,3260.11,3260.23,ETH
2026-01-07 04:34:15+00:00,255.0,3260.171,3260.09,3260.23,ETH
2026-01-07 04:34:16+00:00,256.0,3260.221,3260.09,3260.26,ETH
2026-01-07 04:34:17+00:00,257.0,3260.221,3260.11,3260.25,ETH
2026-01-07 04:34:18+00:00,258.0,3260.001,3259.96,3260.05,ETH
2026-01-07 04:34:19+00:00,259.0,3260.021,3259.97,3260.06,ETH
2026-01-07 04:34:20+00:00,260.0,3260.031,3259.97,3260.06,ETH
2026-01-07 04:34:21+00:00,261.0,3259.991,3259.87,3260.05,ETH
2026-01-07 04:34:22+00:00,262.0,3259.951,3259.78,3260.04,ETH
2026-01-07 04:34:23+00:00,263.0,3259.941,3259.76,3260.04,ETH
2026-01-07 04:34:24+00:00,264.0,3259.741,3259.63,3260.04,ETH
2026-01-07 04:34:25+00:00,265.0,3259.761,3259.64,3260.07,ETH
2026-01-07 04:34:26+00:00,266.0,3259.911,3259.78,3260.11,ETH
2026-01-07 04:34:27+00:00,267.0,3259.831,3259.75,3260.01,ETH
2026-01-07 04:34:28+00:00,268.0,3259.791,3259.71,3259.86,ETH
2026-01-07 04:34:29+00:00,269.0,3259.721,3259.68,3259.83,ETH
2026-01-07 04:34:30+00:00,270.0,3259.591,3259.49,3259.68,ETH
2026-01-07 04:34:31+00:00,271.0,3259.451,3259.34,3259.53,ETH
2026-01-07 04:34:32+00:00,272.0,3259.441,3259.35,3259.53,ETH
2026-01-07 04:34:33+00:00,273.0,3259.441,3259.35,3259.53,ETH
2026-01-07 04:34:34+00:00,274.0,3259.241,3259.18,3259.35,ETH
2026-01-07 04:34:35+00:00,275.0,3259.061,3259.03,3259.18,ETH
2026-01-07 04:34:36+00:00,276.0,3259.071,3259.06,3259.19,ETH
2026-01-07 04:34:37+00:00,277.0,3259.061,3259.03,3259.14,ETH
2026-01-07 04:34:38+00:00,278.0,3258.941,3258.89,3259.02,ETH
2026-01-07 04:34:39+00:00,279.0,3258.861,3258.81,3258.93,ETH
2026-01-07 04:34:40+00:00,280.0,3258.811,3258.77,3258.93,ETH
2026-01-07 04:34:41+00:00,281.0,3258.731,3258.69,3258.93,ETH
2026-01-07 04:34:42+00:00,282.0,3258.781,3258.75,3258.93,ETH
2026-01-07 04:34:43+00:00,283.0,3258.771,3258.73,3258.93,ETH
2026-01-07 04:34:44+00:00,284.0,3258.641,3258.61,3258.86,ETH
2026-01-07 04:34:45+00:00,285.0,3258.581,3258.54,3258.79,ETH
2026-01-07 04:34:46+00:00,286.0,3258.391,3258.37,3258.54,ETH
2026-01-07 04:34:47+00:00,287.0,3258.211,3258.2,3258.31,ETH
2026-01-07 04:34:48+00:00,288.0,3258.211,3258.21,3258.35,ETH
2026-01-07 04:34:49+00:00,289.0,3258.341,3258.33,3258.52,ETH
2026-01-07 04:34:50+00:00,290.0,3257.931,3257.93,3258.03,ETH
2026-01-07 04:34:51+00:00,291.0,3257.201,3257.16,3257.23,ETH
2026-01-07 04:34:52+00:00,292.0,3256.981,3256.91,3257.07,ETH
2026-01-07 04:34:53+00:00,293.0,3256.841,3256.6,3256.96,ETH
2026-01-07 04:34:54+00:00,294.0,3256.531,3256.3,3256.63,ETH
2026-01-07 04:34:55+00:00,295.0,3256.36,3256.31,3256.43,ETH
2026-01-07 04:34:56+00:00,296.0,3256.4,3256.34,3256.45,ETH
2026-01-07 04:34:57+00:00,297.0,3256.41,3256.37,3256.46,ETH
2026-01-07 04:34:58+00:00,298.0,3256.39,3256.34,3256.44,ETH
2026-01-07 04:34:59+00:00,299.0,3256.37,3256.32,3256.43,ETH
2026-01-07 04:35:00+00:00,300.0,3256.641,3256.49,3256.78,ETH
2026-01-07 04:35:01+00:00,301.0,3256.891,3256.75,3257.13,ETH
2026-01-07 04:35:02+00:00,302.0,3257.041,3256.97,3257.19,ETH
2026-01-07 04:35:03+00:00,303.0,3257.161,3257.09,3257.25,ETH
2026-01-07 04:35:04+00:00,304.0,3257.131,3257.09,3257.25,ETH
2026-01-07 04:35:05+00:00,305.0,3257.201,3257.16,3257.25,ETH
2026-01-07 04:35:06+00:00,306.0,3257.291,3257.25,3257.44,ETH
2026-01-07 04:35:07+00:00,307.0,3257.391,3257.31,3257.44,ETH
2026-01-07 04:35:08+00:00,308.0,3257.391,3257.31,3257.44,ETH
2026-01-07 04:35:09+00:00,309.0,3257.401,3257.3,3257.44,ETH
2026-01-07 04:35:10+00:00,310.0,3257.421,3257.31,3257.45,ETH
2026-01-07 04:35:11+00:00,311.0,3257.411,3257.32,3257.45,ETH
2026-01-07 04:35:12+00:00,312.0,3257.381,3257.32,3257.44,ETH
2026-01-07 04:35:13+00:00,313.0,3257.321,3257.28,3257.64,ETH
2026-01-07 04:35:14+00:00,314.0,3257.351,3257.31,3257.63,ETH
2026-01-07 04:35:15+00:00,315.0,3257.451,3257.33,3257.58,ETH
2026-01-07 04:35:16+00:00,316.0,3257.071,3257.01,3257.13,ETH
2026-01-07 04:35:17+00:00,317.0,3257.041,3257.03,3257.15,ETH
2026-01-07 04:35:18+00:00,318.0,3257.031,3256.98,3257.09,ETH
2026-01-07 04:35:19+00:00,319.0,3256.951,3256.91,3257.04,ETH
2026-01-07 04:35:20+00:00,320.0,3256.971,3256.94,3257.04,ETH
2026-01-07 04:35:21+00:00,321.0,3256.921,3256.86,3257.04,ETH
2026-01-07 04:35:22+00:00,322.0,3256.971,3256.89,3257.08,ETH
2026-01-07 04:35:23+00:00,323.0,3256.911,3256.74,3257.08,ETH
2026-01-07 04:35:24+00:00,324.0,3256.941,3256.8,3257.08,ETH
2026-01-07 04:35:25+00:00,325.0,3256.941,3256.78,3257.08,ETH
2026-01-07 04:35:26+00:00,326.0,3256.881,3256.81,3257.22,ETH
2026-01-07 04:35:27+00:00,327.0,3257.151,3257.1,3257.22,ETH
2026-01-07 04:35:28+00:00,328.0,3257.221,3257.18,3257.27,ETH
2026-01-07 04:35:29+00:00,329.0,3257.221,3257.18,3257.3,ETH
2026-01-07 04:35:30+00:00,330.0,3257.211,3257.17,3257.27,ETH
2026-01-07 04:35:31+00:00,331.0,3257.191,3257.14,3257.25,ETH
2026-01-07 04:35:32+00:00,332.0,3257.171,3257.12,3257.22,ETH
2026-01-07 04:35:33+00:00,333.0,3257.191,3257.14,3257.24,ETH
2026-01-07 04:35:34+00:00,334.0,3257.221,3257.18,3257.28,ETH
2026-01-07 04:35:35+00:00,335.0,3257.221,3257.21,3257.32,ETH
2026-01-07 04:35:36+00:00,336.0,3257.221,3257.21,3257.35,ETH
2026-01-07 04:35:37+00:00,337.0,3257.221,3257.21,3257.35,ETH
2026-01-07 04:35:38+00:00,338.0,3257.221,3257.21,3257.37,ETH
2026-01-07 04:35:39+00:00,339.0,3257.221,3257.21,3257.37,ETH
2026-01-07 04:35:40+00:00,340.0,3257.041,3257.0,3257.08,ETH
2026-01-07 04:35:41+00:00,341.0,3257.191,3257.12,3257.32,ETH
2026-01-07 04:35:42+00:00,342.0,3257.151,3257.1,3257.32,ETH
2026-01-07 04:35:43+00:00,343.0,3257.071,3256.92,3257.21,ETH
2026-01-07 04:35:44+00:00,344.0,3257.141,3257.09,3257.21,ETH
2026-01-07 04:35:45+00:00,345.0,3257.011,3256.95,3257.43,ETH
2026-01-07 04:35:46+00:00,346.0,3257.021,3256.95,3257.43,ETH
2026-01-07 04:35:47+00:00,347.0,3257.251,3257.23,3257.33,ETH
2026-01-07 04:35:48+00:00,348.0,3257.011,3256.97,3257.26,ETH
2026-01-07 04:35:49+00:00,349.0,3257.031,3256.99,3257.26,ETH
2026-01-07 04:35:50+00:00,350.0,3257.071,3257.0,3257.26,ETH
2026-01-07 04:35:51+00:00,351.0,3257.201,3257.16,3257.26,ETH
2026-01-07 04:35:52+00:00,352.0,3257.211,3257.16,3257.27,ETH
2026-01-07 04:35:53+00:00,353.0,3257.111,3257.05,3257.27,ETH
2026-01-07 04:35:54+00:00,354.0,3257.131,3257.08,3257.28,ETH
2026-01-07 04:35:55+00:00,355.0,3257.231,3257.17,3257.39,ETH
2026-01-07 04:35:56+00:00,356.0,3257.331,3257.24,3257.51,ETH
2026-01-07 04:35:57+00:00,357.0,3257.461,3257.34,3257.53,ETH
2026-01-07 04:35:58+00:00,358.0,3257.371,3257.31,3257.44,ETH
2026-01-07 04:35:59+00:00,359.0,3257.281,3257.2,3257.38,ETH
2026-01-07 04:36:00+00:00,360.0,3257.151,3257.03,3257.24,ETH
2026-01-07 04:36:01+00:00,361.0,3256.931,3256.88,3257.02,ETH
2026-01-07 04:36:02+00:00,362.0,3256.881,3256.82,3256.96,ETH
2026-01-07 04:36:03+00:00,363.0,3256.921,3256.82,3256.98,ETH
2026-01-07 04:36:04+00:00,364.0,3256.941,3256.8,3257.02,ETH
2026-01-07 04:36:05+00:00,365.0,3256.951,3256.79,3257.04,ETH
2026-01-07 04:36:06+00:00,366.0,3257.041,3256.85,3257.12,ETH
2026-01-07 04:36:07+00:00,367.0,3257.171,3256.96,3257.29,ETH
2026-01-07 04:36:08+00:00,368.0,3257.211,3257.03,3257.35,ETH
2026-01-07 04:36:09+00:00,369.0,3257.001,3256.81,3257.18,ETH
2026-01-07 04:36:10+00:00,370.0,3256.751,3256.59,3257.02,ETH
2026-01-07 04:36:11+00:00,371.0,3256.641,3256.59,3256.98,ETH
2026-01-07 04:36:12+00:00,372.0,3256.721,3256.7,3256.94,ETH
2026-01-07 04:36:13+00:00,373.0,3256.821,3256.78,3256.92,ETH
2026-01-07 04:36:14+00:00,374.0,3256.771,3256.73,3256.92,ETH
2026-01-07 04:36:15+00:00,375.0,3256.761,3256.69,3256.93,ETH
2026-01-07 04:36:16+00:00,376.0,3256.771,3256.66,3256.93,ETH
2026-01-07 04:36:17+00:00,377.0,3256.701,3256.66,3256.93,ETH
2026-01-07 04:36:18+00:00,378.0,3256.781,3256.73,3256.93,ETH
2026-01-07 04:36:19+00:00,379.0,3256.771,3256.73,3256.93,ETH
2026-01-07 04:36:20+00:00,380.0,3256.771,3256.74,3256.95,ETH
2026-01-07 04:36:21+00:00,381.0,3256.931,3256.87,3257.02,ETH
2026-01-07 04:36:22+00:00,382.0,3256.861,3256.86,3256.93,ETH
2026-01-07 04:36:23+00:00,383.0,3256.861,3256.86,3257.2,ETH
2026-01-07 04:36:24+00:00,384.0,3256.791,3256.74,3256.87,ETH
2026-01-07 04:36:25+00:00,385.0,3256.861,3256.84,3256.93,ETH
2026-01-07 04:36:26+00:00,386.0,3256.861,3256.86,3256.94,ETH
2026-01-07 04:36:27+00:00,387.0,3256.791,3256.74,3256.87,ETH
2026-01-07 04:36:28+00:00,388.0,3256.741,3256.7,3256.87,ETH
2026-01-07 04:36:29+00:00,389.0,3256.791,3256.76,3256.87,ETH
2026-01-07 04:36:30+00:00,390.0,3256.801,3256.76,3256.87,ETH
2026-01-07 04:36:31+00:00,391.0,3256.861,3256.8,3256.98,ETH
2026-01-07 04:36:32+00:00,392.0,3256.961,3256.89,3257.04,ETH
2026-01-07 04:36:33+00:00,393.0,3257.061,3257.03,3257.22,ETH
2026-01-07 04:36:34+00:00,394.0,3257.101,3257.05,3257.33,ETH
2026-01-07 04:36:35+00:00,395.0,3257.081,3257.03,3257.33,ETH
2026-01-07 04:36:36+00:00,396.0,3257.051,3256.98,3257.25,ETH
2026-01-07 04:36:37+00:00,397.0,3257.041,3256.98,3257.17,ETH
2026-01-07 04:36:38+00:00,398.0,3257.051,3257.01,3257.12,ETH
2026-01-07 04:36:39+00:00,399.0,3257.021,3256.97,3257.07,ETH
2026-01-07 04:36:40+00:00,400.0,3257.021,3256.98,3257.06,ETH
2026-01-07 04:36:41+00:00,401.0,3257.101,3257.04,3257.18,ETH
2026-01-07 04:36:42+00:00,402.0,3257.051,3257.0,3257.18,ETH
2026-01-07 04:36:43+00:00,403.0,3257.011,3256.96,3257.07,ETH
2026-01-07 04:36:44+00:00,404.0,3257.051,3257.0,3257.06,ETH
2026-01-07 04:36:45+00:00,405.0,3257.001,3256.96,3257.06,ETH
2026-01-07 04:36:46+00:00,406.0,3256.721,3256.72,3257.02,ETH
2026-01-07 04:36:47+00:00,407.0,3256.671,3256.66,3256.85,ETH
2026-01-07 04:36:48+00:00,408.0,3256.36,3256.35,3256.78,ETH
2026-01-07 04:36:49+00:00,409.0,3256.36,3256.35,3256.84,ETH
2026-01-07 04:36:50+00:00,410.0,3256.601,3256.59,3256.8,ETH
2026-01-07 04:36:51+00:00,411.0,3256.601,3256.59,3256.77,ETH
2026-01-07 04:36:52+00:00,412.0,3256.601,3256.59,3256.77,ETH
2026-01-07 04:36:53+00:00,413.0,3256.43,3256.43,3256.7,ETH
2026-01-07 04:36:54+00:00,414.0,3256.43,3256.43,3256.7,ETH
2026-01-07 04:36:55+00:00,415.0,3256.43,3256.42,3256.64,ETH
2026-01-07 04:36:56+00:00,416.0,3256.43,3256.4,3256.67,ETH
2026-01-07 04:36:57+00:00,417.0,3256.43,3256.4,3256.57,ETH
2026-01-07 04:36:58+00:00,418.0,3256.43,3256.41,3256.76,ETH
2026-01-07 04:36:59+00:00,419.0,3256.43,3256.43,3256.76,ETH
2026-01-07 04:37:00+00:00,420.0,3256.451,3256.44,3256.52,ETH
2026-01-07 04:37:01+00:00,421.0,3256.441,3256.39,3256.5,ETH
2026-01-07 04:37:02+00:00,422.0,3256.491,3256.44,3256.55,ETH
2026-01-07 04:37:03+00:00,423.0,3256.39,3256.34,3256.53,ETH
2026-01-07 04:37:04+00:00,424.0,3256.511,3256.32,3256.7,ETH
2026-01-07 04:37:05+00:00,425.0,3256.771,3256.43,3256.94,ETH
2026-01-07 04:37:06+00:00,426.0,3257.031,3256.72,3257.33,ETH
2026-01-07 04:37:07+00:00,427.0,3257.091,3256.96,3257.24,ETH
2026-01-07 04:37:08+00:00,428.0,3257.171,3256.95,3257.24,ETH
2026-01-07 04:37:09+00:00,429.0,3257.161,3256.96,3257.24,ETH
2026-01-07 04:37:10+00:00,430.0,3256.881,3256.83,3257.01,ETH
2026-01-07 04:37:11+00:00,431.0,3256.731,3256.67,3256.88,ETH
2026-01-07 04:37:12+00:00,432.0,3256.761,3256.65,3256.89,ETH
2026-01-07 04:37:13+00:00,433.0,3256.661,3256.62,3256.88,ETH
2026-01-07 04:37:14+00:00,434.0,3256.671,3256.61,3256.88,ETH
2026-01-07 04:37:15+00:00,435.0,3256.881,3256.71,3256.96,ETH
2026-01-07 04:37:16+00:00,436.0,3256.711,3256.65,3256.88,ETH
2026-01-07 04:37:17+00:00,437.0,3256.681,3256.61,3256.88,ETH
2026-01-07 04:37:18+00:00,438.0,3256.651,3256.59,3256.88,ETH
2026-01-07 04:37:19+00:00,439.0,3256.821,3256.74,3256.88,ETH
2026-01-07 04:37:20+00:00,440.0,3256.881,3256.74,3256.88,ETH
2026-01-07 04:37:21+00:00,441.0,3256.861,3256.71,3256.88,ETH
2026-01-07 04:37:22+00:00,442.0,3256.531,3256.47,3256.81,ETH
2026-01-07 04:37:23+00:00,443.0,3256.39,3256.36,3256.67,ETH
2026-01-07 04:37:24+00:00,444.0,3256.571,3256.34,3256.7,ETH
2026-01-07 04:37:25+00:00,445.0,3256.521,3256.35,3256.63,ETH
2026-01-07 04:37:26+00:00,446.0,3256.471,3256.35,3256.57,ETH
2026-01-07 04:37:27+00:00,447.0,3256.26,3256.21,3256.52,ETH
2026-01-07 04:37:28+00:00,448.0,3256.17,3256.12,3256.52,ETH
2026-01-07 04:37:29+00:00,449.0,3256.13,3256.07,3256.52,ETH
2026-01-07 04:37:30+00:00,450.0,3256.36,3256.31,3256.52,ETH
2026-01-07 04:37:31+00:00,451.0,3255.97,3255.9,3256.04,ETH
2026-01-07 04:37:32+00:00,452.0,3255.94,3255.89,3256.0,ETH
2026-01-07 04:37:33+00:00,453.0,3255.97,3255.89,3256.03,ETH
2026-01-07 04:37:34+00:00,454.0,3255.77,3255.76,3255.99,ETH
2026-01-07 04:37:35+00:00,455.0,3255.76,3255.7,3255.78,ETH
2026-01-07 04:37:36+00:00,456.0,3255.7,3255.64,3255.77,ETH
2026-01-07 04:37:37+00:00,457.0,3255.75,3255.69,3255.82,ETH
2026-01-07 04:37:38+00:00,458.0,3255.77,3255.73,3255.86,ETH
2026-01-07 04:37:39+00:00,459.0,3255.77,3255.73,3255.85,ETH
2026-01-07 04:37:40+00:00,460.0,3255.79,3255.74,3255.87,ETH
2026-01-07 04:37:41+00:00,461.0,3255.78,3255.73,3255.83,ETH
2026-01-07 04:37:42+00:00,462.0,3255.83,3255.77,3255.89,ETH
2026-01-07 04:37:43+00:00,463.0,3255.95,3255.77,3256.14,ETH
2026-01-07 04:37:44+00:00,464.0,3256.16,3256.05,3256.24,ETH
2026-01-07 04:37:45+00:00,465.0,3256.16,3256.07,3256.24,ETH
2026-01-07 04:37:46+00:00,466.0,3256.23,3256.07,3256.29,ETH
2026-01-07 04:37:47+00:00,467.0,3256.19,3256.07,3256.31,ETH
2026-01-07 04:37:48+00:00,468.0,3256.16,3256.07,3256.31,ETH
2026-01-07 04:37:49+00:00,469.0,3256.13,3256.08,3256.3,ETH
2026-01-07 04:37:50+00:00,470.0,3256.15,3256.07,3256.23,ETH
2026-01-07 04:37:51+00:00,471.0,3256.15,3256.07,3256.23,ETH
2026-01-07 04:37:52+00:00,472.0,3256.17,3256.07,3256.23,ETH
2026-01-07 04:37:53+00:00,473.0,3256.16,3256.07,3256.23,ETH
2026-01-07 04:37:54+00:00,474.0,3256.17,3256.06,3256.23,ETH
2026-01-07 04:37:55+00:00,475.0,3256.12,3256.04,3256.18,ETH
2026-01-07 04:37:56+00:00,476.0,3256.12,3256.01,3256.2,ETH
2026-01-07 04:37:57+00:00,477.0,3256.12,3256.02,3256.17,ETH
2026-01-07 04:37:58+00:00,478.0,3256.1,3256.02,3256.15,ETH
2026-01-07 04:37:59+00:00,479.0,3255.86,3255.8,3255.96,ETH
2026-01-07 04:38:00+00:00,480.0,3255.95,3255.87,3256.0,ETH
2026-01-07 04:38:01+00:00,481.0,3255.84,3255.79,3255.98,ETH
2026-01-07 04:38:02+00:00,482.0,3255.8,3255.79,3255.9,ETH
2026-01-07 04:38:03+00:00,483.0,3255.89,3255.85,3256.1,ETH
2026-01-07 04:38:04+00:00,484.0,3255.79,3255.74,3255.84,ETH
2026-01-07 04:38:05+00:00,485.0,3255.59,3255.53,3255.8,ETH
2026-01-07 04:38:06+00:00,486.0,3255.71,3255.66,3255.8,ETH
2026-01-07 04:38:07+00:00,487.0,3255.69,3255.64,3255.76,ETH
2026-01-07 04:38:08+00:00,488.0,3255.67,3255.64,3255.7,ETH
2026-01-07 04:38:09+00:00,489.0,3255.56,3255.5,3255.7,ETH
2026-01-07 04:38:10+00:00,490.0,3255.56,3255.51,3255.7,ETH
2026-01-07 04:38:11+00:00,491.0,3255.56,3255.53,3255.71,ETH
2026-01-07 04:38:12+00:00,492.0,3255.57,3255.55,3255.71,ETH
2026-01-07 04:38:13+00:00,493.0,3255.57,3255.56,3255.72,ETH
2026-01-07 04:38:14+00:00,494.0,3255.57,3255.56,3255.63,ETH
2026-01-07 04:38:15+00:00,495.0,3255.57,3255.56,3255.67,ETH
2026-01-07 04:38:16+00:00,496.0,3255.57,3255.55,3255.63,ETH
2026-01-07 04:38:17+00:00,497.0,3255.57,3255.56,3255.64,ETH
2026-01-07 04:38:18+00:00,498.0,3255.51,3255.49,3255.61,ETH
2026-01-07 04:38:20+00:00,500.0,3255.51,3255.45,3255.57,ETH
2026-01-07 04:38:21+00:00,501.0,3255.37,3255.33,3255.57,ETH
2026-01-07 04:38:22+00:00,502.0,3255.28,3255.28,3255.48,ETH
2026-01-07 04:38:23+00:00,503.0,3255.28,3255.28,3255.43,ETH
2026-01-07 04:38:24+00:00,504.0,3255.4,3255.36,3255.45,ETH
2026-01-07 04:38:25+00:00,505.0,3255.42,3255.38,3255.49,ETH
2026-01-07 04:38:26+00:00,506.0,3255.41,3255.36,3255.52,ETH
2026-01-07 04:38:27+00:00,507.0,3255.38,3255.31,3255.45,ETH
2026-01-07 04:38:28+00:00,508.0,3255.34,3255.28,3255.45,ETH
2026-01-07 04:38:29+00:00,509.0,3255.19,3255.19,3255.3,ETH
2026-01-07 04:38:30+00:00,510.0,3255.23,3255.23,3255.43,ETH
2026-01-07 04:38:31+00:00,511.0,3255.23,3255.23,3255.41,ETH
2026-01-07 04:38:32+00:00,512.0,3255.23,3255.23,3255.39,ETH
2026-01-07 04:38:33+00:00,513.0,3255.23,3255.23,3255.41,ETH
2026-01-07 04:38:34+00:00,514.0,3255.23,3255.23,3255.4,ETH
2026-01-07 04:38:35+00:00,515.0,3255.23,3255.22,3255.41,ETH
2026-01-07 04:38:36+00:00,516.0,3255.6,3255.45,3255.66,ETH
2026-01-07 04:38:37+00:00,517.0,3255.35,3255.34,3255.48,ETH
2026-01-07 04:38:38+00:00,518.0,3255.45,3255.41,3255.51,ETH
2026-01-07 04:38:39+00:00,519.0,3255.47,3255.42,3255.59,ETH
2026-01-07 04:38:40+00:00,520.0,3255.47,3255.42,3255.6,ETH
2026-01-07 04:38:41+00:00,521.0,3255.54,3255.44,3255.65,ETH
2026-01-07 04:38:42+00:00,522.0,3255.72,3255.61,3255.88,ETH
2026-01-07 04:38:43+00:00,523.0,3255.85,3255.79,3256.09,ETH
2026-01-07 04:38:44+00:00,524.0,3255.89,3255.84,3256.13,ETH
2026-01-07 04:38:45+00:00,525.0,3255.89,3255.84,3256.12,ETH
2026-01-07 04:38:46+00:00,526.0,3255.68,3255.64,3255.78,ETH
2026-01-07 04:38:47+00:00,527.0,3255.39,3255.36,3255.47,ETH
2026-01-07 04:38:48+00:00,528.0,3255.18,3255.13,3255.27,ETH
2026-01-07 04:38:49+00:00,529.0,3254.64,3254.45,3254.73,ETH
2026-01-07 04:38:50+00:00,530.0,3254.05,3253.86,3254.15,ETH
2026-01-07 04:38:51+00:00,531.0,3253.83,3253.77,3253.92,ETH
2026-01-07 04:38:52+00:00,532.0,3253.93,3253.83,3254.1,ETH
2026-01-07 04:38:53+00:00,533.0,3254.16,3254.04,3254.39,ETH
2026-01-07 04:38:54+00:00,534.0,3254.25,3254.19,3254.44,ETH
2026-01-07 04:38:55+00:00,535.0,3254.27,3254.22,3254.37,ETH
2026-01-07 04:38:56+00:00,536.0,3254.29,3254.24,3254.37,ETH
2026-01-07 04:38:57+00:00,537.0,3253.9,3253.52,3253.97,ETH
2026-01-07 04:38:58+00:00,538.0,3253.13,3252.71,3253.24,ETH
2026-01-07 04:39:00+00:00,540.0,3252.58,3252.51,3252.66,ETH
2026-01-07 04:39:01+00:00,541.0,3252.6,3252.55,3252.66,ETH
2026-01-07 04:39:02+00:00,542.0,3253.18,3253.18,3253.6,ETH
2026-01-07 04:39:03+00:00,543.0,3254.05,3253.89,3254.1,ETH
2026-01-07 04:39:04+00:00,544.0,3254.15,3253.95,3254.22,ETH
2026-01-07 04:39:05+00:00,545.0,3254.35,3254.17,3254.46,ETH
2026-01-07 04:39:06+00:00,546.0,3254.42,3254.32,3254.66,ETH
2026-01-07 04:39:07+00:00,547.0,3254.31,3254.2,3254.7,ETH
2026-01-07 04:39:08+00:00,548.0,3254.31,3254.19,3254.58,ETH
2026-01-07 04:39:09+00:00,549.0,3254.29,3254.21,3254.43,ETH
2026-01-07 04:39:10+00:00,550.0,3254.25,3254.2,3254.4,ETH
2026-01-07 04:39:11+00:00,551.0,3254.33,3254.27,3254.46,ETH
2026-01-07 04:39:12+00:00,552.0,3254.36,3254.3,3254.46,ETH
2026-01-07 04:39:13+00:00,553.0,3254.33,3254.28,3254.4,ETH
2026-01-07 04:39:14+00:00,554.0,3254.33,3254.27,3254.4,ETH
2026-01-07 04:39:15+00:00,555.0,3254.32,3254.27,3254.4,ETH
2026-01-07 04:39:16+00:00,556.0,3254.36,3254.31,3254.46,ETH
2026-01-07 04:39:17+00:00,557.0,3254.35,3254.3,3254.46,ETH
2026-01-07 04:39:18+00:00,558.0,3254.36,3254.31,3254.54,ETH
2026-01-07 04:39:19+00:00,559.0,3254.48,3254.39,3254.68,ETH
2026-01-07 04:39:20+00:00,560.0,3254.48,3254.39,3254.69,ETH
2026-01-07 04:39:21+00:00,561.0,3254.4,3254.36,3254.69,ETH
2026-01-07 04:39:22+00:00,562.0,3254.61,3254.53,3254.79,ETH
2026-01-07 04:39:23+00:00,563.0,3254.8,3254.71,3254.87,ETH
2026-01-07 04:39:24+00:00,564.0,3254.82,3254.76,3254.94,ETH
2026-01-07 04:39:25+00:00,565.0,3255.0,3254.82,3255.16,ETH
2026-01-07 04:39:26+00:00,566.0,3255.26,3255.07,3255.43,ETH
2026-01-07 04:39:27+00:00,567.0,3255.38,3255.32,3255.56,ETH
2026-01-07 04:39:28+00:00,568.0,3255.46,3255.39,3255.56,ETH
2026-01-07 04:39:29+00:00,569.0,3255.66,3255.58,3255.9,ETH
2026-01-07 04:39:30+00:00,570.0,3255.72,3255.59,3255.89,ETH
2026-01-07 04:39:31+00:00,571.0,3255.82,3255.59,3256.05,ETH
2026-01-07 04:39:32+00:00,572.0,3255.99,3255.92,3256.19,ETH
2026-01-07 04:39:33+00:00,573.0,3256.15,3256.06,3256.35,ETH
2026-01-07 04:39:34+00:00,574.0,3256.42,3256.35,3256.5,ETH
2026-01-07 04:39:35+00:00,575.0,3256.38,3256.32,3256.5,ETH
2026-01-07 04:39:36+00:00,576.0,3256.4,3256.33,3256.5,ETH
2026-01-07 04:39:37+00:00,577.0,3256.19,3256.03,3256.35,ETH
2026-01-07 04:39:38+00:00,578.0,3256.21,3256.11,3256.36,ETH
2026-01-07 04:39:39+00:00,579.0,3256.29,3256.2,3256.46,ETH
2026-01-07 04:39:40+00:00,580.0,3256.26,3256.19,3256.47,ETH
2026-01-07 04:39:41+00:00,581.0,3256.34,3256.21,3256.5,ETH
2026-01-07 04:39:42+00:00,582.0,3256.511,3256.32,3256.63,ETH
2026-01-07 04:39:43+00:00,583.0,3256.571,3256.42,3256.7,ETH
2026-01-07 04:39:44+00:00,584.0,3256.561,3256.48,3256.68,ETH
2026-01-07 04:39:45+00:00,585.0,3256.561,3256.49,3256.68,ETH
2026-01-07 04:39:46+00:00,586.0,3256.591,3256.49,3256.68,ETH
2026-01-07 04:39:47+00:00,587.0,3256.631,3256.49,3256.68,ETH
2026-01-07 04:39:48+00:00,588.0,3256.611,3256.52,3256.68,ETH
2026-01-07 04:39:49+00:00,589.0,3256.611,3256.54,3256.69,ETH
2026-01-07 04:39:50+00:00,590.0,3256.621,3256.54,3256.69,ETH
2026-01-07 04:39:51+00:00,591.0,3256.691,3256.58,3256.73,ETH
2026-01-07 04:39:52+00:00,592.0,3256.521,3256.47,3256.73,ETH
2026-01-07 04:39:53+00:00,593.0,3256.601,3256.54,3256.73,ETH
2026-01-07 04:39:54+00:00,594.0,3256.571,3256.5,3256.73,ETH
2026-01-07 04:39:55+00:00,595.0,3256.541,3256.5,3256.73,ETH
2026-01-07 04:39:56+00:00,596.0,3256.561,3256.51,3256.73,ETH
2026-01-07 04:39:57+00:00,597.0,3256.541,3256.49,3256.73,ETH
2026-01-07 04:39:58+00:00,598.0,3256.581,3256.52,3256.73,ETH
2026-01-07 04:39:59+00:00,599.0,3256.441,3256.39,3256.73,ETH
2026-01-07 04:40:00+00:00,600.0,3256.531,3256.48,3256.73,ETH
2026-01-07 04:40:01+00:00,601.0,3256.521,3256.47,3256.73,ETH
2026-01-07 04:40:02+00:00,602.0,3256.521,3256.47,3256.73,ETH
2026-01-07 04:40:03+00:00,603.0,3256.641,3256.56,3256.73,ETH
2026-01-07 04:40:04+00:00,604.0,3256.641,3256.59,3257.0,ETH
2026-01-07 04:40:05+00:00,605.0,3256.681,3256.63,3257.0,ETH
2026-01-07 04:40:06+00:00,606.0,3256.671,3256.48,3256.75,ETH
2026-01-07 04:40:07+00:00,607.0,3256.36,3256.09,3256.36,ETH
2026-01-07 04:40:08+00:00,608.0,3255.92,3255.82,3256.06,ETH
2026-01-07 04:40:09+00:00,609.0,3255.85,3255.78,3256.06,ETH
2026-01-07 04:40:10+00:00,610.0,3255.84,3255.78,3256.06,ETH
2026-01-07 04:40:11+00:00,611.0,3255.84,3255.78,3256.06,ETH
2026-01-07 04:40:12+00:00,612.0,3255.82,3255.77,3256.06,ETH
2026-01-07 04:40:13+00:00,613.0,3255.81,3255.75,3256.06,ETH
2026-01-07 04:40:14+00:00,614.0,3255.93,3255.87,3256.06,ETH
2026-01-07 04:40:15+00:00,615.0,3255.94,3255.87,3256.04,ETH
2026-01-07 04:40:16+00:00,616.0,3256.06,3255.99,3256.14,ETH
2026-01-07 04:40:17+00:00,617.0,3256.21,3256.15,3256.36,ETH
2026-01-07 04:40:18+00:00,618.0,3256.33,3256.28,3256.51,ETH
2026-01-07 04:40:19+00:00,619.0,3256.35,3256.3,3256.5,ETH
2026-01-07 04:40:20+00:00,620.0,3256.32,3256.27,3256.5,ETH
2026-01-07 04:40:21+00:00,621.0,3256.29,3256.23,3256.5,ETH
2026-01-07 04:40:22+00:00,622.0,3256.33,3256.27,3256.5,ETH
2026-01-07 04:40:23+00:00,623.0,3256.39,3256.33,3256.5,ETH
2026-01-07 04:40:24+00:00,624.0,3256.38,3256.31,3256.5,ETH
2026-01-07 04:40:25+00:00,625.0,3256.42,3256.36,3256.52,ETH
2026-01-07 04:40:26+00:00,626.0,3256.441,3256.38,3256.52,ETH
2026-01-07 04:40:27+00:00,627.0,3256.451,3256.37,3256.53,ETH
2026-01-07 04:40:28+00:00,628.0,3256.471,3256.39,3256.53,ETH
2026-01-07 04:40:29+00:00,629.0,3256.28,3256.18,3256.32,ETH
2026-01-07 04:40:30+00:00,630.0,3256.12,3256.05,3256.19,ETH
2026-01-07 04:40:31+00:00,631.0,3255.99,3255.96,3256.11,ETH
2026-01-07 04:40:32+00:00,632.0,3255.84,3255.79,3255.98,ETH
2026-01-07 04:40:33+00:00,633.0,3255.86,3255.8,3256.03,ETH
2026-01-07 04:40:34+00:00,634.0,3255.86,3255.82,3256.11,ETH
2026-01-07 04:40:35+00:00,635.0,3255.86,3255.8,3256.13,ETH
2026-01-07 04:40:36+00:00,636.0,3255.87,3255.77,3256.14,ETH
2026-01-07 04:40:37+00:00,637.0,3255.84,3255.74,3256.14,ETH
2026-01-07 04:40:38+00:00,638.0,3255.86,3255.79,3256.14,ETH
2026-01-07 04:40:39+00:00,639.0,3255.88,3255.83,3256.14,ETH
2026-01-07 04:40:40+00:00,640.0,3255.86,3255.81,3256.14,ETH
2026-01-07 04:40:41+00:00,641.0,3255.86,3255.81,3256.14,ETH
2026-01-07 04:40:42+00:00,642.0,3255.91,3255.86,3256.14,ETH
2026-01-07 04:40:43+00:00,643.0,3256.01,3255.95,3256.13,ETH
2026-01-07 04:40:44+00:00,644.0,3256.2,3256.11,3256.31,ETH
2026-01-07 04:40:45+00:00,645.0,3256.41,3256.33,3256.52,ETH
2026-01-07 04:40:46+00:00,646.0,3256.491,3256.43,3256.55,ETH
2026-01-07 04:40:47+00:00,647.0,3256.491,3256.42,3256.56,ETH
2026-01-07 04:40:48+00:00,648.0,3256.491,3256.42,3256.56,ETH
2026-01-07 04:40:49+00:00,649.0,3256.461,3256.39,3256.52,ETH
2026-01-07 04:40:50+00:00,650.0,3256.34,3256.31,3256.5,ETH
2026-01-07 04:40:51+00:00,651.0,3256.32,3256.27,3256.5,ETH
2026-01-07 04:40:52+00:00,652.0,3256.21,3256.16,3256.43,ETH
2026-01-07 04:40:53+00:00,653.0,3256.1,3256.1,3256.36,ETH
2026-01-07 04:40:54+00:00,654.0,3256.23,3256.13,3256.38,ETH
2026-01-07 04:40:55+00:00,655.0,3256.29,3256.1,3256.41,ETH
2026-01-07 04:40:56+00:00,656.0,3256.28,3256.11,3256.41,ETH
2026-01-07 04:40:57+00:00,657.0,3256.27,3256.11,3256.36,ETH
2026-01-07 04:40:58+00:00,658.0,3256.24,3256.12,3256.31,ETH
2026-01-07 04:40:59+00:00,659.0,3256.4,3256.24,3256.57,ETH
2026-01-07 04:41:00+00:00,660.0,3256.621,3256.44,3256.89,ETH
2026-01-07 04:41:01+00:00,661.0,3256.891,3256.63,3257.12,ETH
2026-01-07 04:41:02+00:00,662.0,3257.301,3257.01,3257.48,ETH
2026-01-07 04:41:03+00:00,663.0,3257.521,3257.31,3257.63,ETH
2026-01-07 04:41:04+00:00,664.0,3257.541,3257.36,3257.6,ETH
2026-01-07 04:41:05+00:00,665.0,3257.661,3257.48,3257.79,ETH
2026-01-07 04:41:06+00:00,666.0,3257.861,3257.71,3257.99,ETH
2026-01-07 04:41:07+00:00,667.0,3257.901,3257.82,3257.99,ETH
2026-01-07 04:41:08+00:00,668.0,3257.891,3257.82,3257.99,ETH
2026-01-07 04:41:09+00:00,669.0,3257.911,3257.83,3258.09,ETH
2026-01-07 04:41:10+00:00,670.0,3257.911,3257.84,3258.22,ETH
2026-01-07 04:41:11+00:00,671.0,3257.961,3257.86,3258.24,ETH
2026-01-07 04:41:12+00:00,672.0,3258.001,3257.88,3258.25,ETH
2026-01-07 04:41:13+00:00,673.0,3257.991,3257.89,3258.25,ETH
2026-01-07 04:41:14+00:00,674.0,3258.051,3257.89,3258.25,ETH
2026-01-07 04:41:15+00:00,675.0,3258.111,3257.95,3258.25,ETH
2026-01-07 04:41:16+00:00,676.0,3258.111,3258.01,3258.25,ETH
2026-01-07 04:41:17+00:00,677.0,3258.191,3258.01,3258.33,ETH
2026-01-07 04:41:18+00:00,678.0,3258.251,3258.07,3258.48,ETH
2026-01-07 04:41:19+00:00,679.0,3258.251,3258.11,3258.52,ETH
2026-01-07 04:41:20+00:00,680.0,3258.251,3258.1,3258.49,ETH
2026-01-07 04:41:21+00:00,681.0,3258.281,3258.12,3258.5,ETH
2026-01-07 04:41:22+00:00,682.0,3258.321,3258.18,3258.61,ETH
2026-01-07 04:41:23+00:00,683.0,3258.381,3258.26,3258.71,ETH
2026-01-07 04:41:24+00:00,684.0,3258.521,3258.36,3258.75,ETH
2026-01-07 04:41:25+00:00,685.0,3258.661,3258.47,3258.8,ETH
2026-01-07 04:41:26+00:00,686.0,3258.721,3258.52,3258.82,ETH
2026-01-07 04:41:27+00:00,687.0,3258.511,3258.42,3258.82,ETH
2026-01-07 04:41:28+00:00,688.0,3258.391,3258.31,3258.46,ETH
2026-01-07 04:41:29+00:00,689.0,3258.451,3258.31,3258.59,ETH
2026-01-07 04:41:30+00:00,690.0,3257.851,3257.54,3257.86,ETH
2026-01-07 04:41:31+00:00,691.0,3257.601,3257.53,3257.75,ETH
2026-01-07 04:41:32+00:00,692.0,3257.831,3257.53,3258.05,ETH
2026-01-07 04:41:33+00:00,693.0,3257.851,3257.68,3258.14,ETH
2026-01-07 04:41:34+00:00,694.0,3258.011,3257.79,3258.09,ETH
2026-01-07 04:41:35+00:00,695.0,3258.011,3257.79,3258.02,ETH
2026-01-07 04:41:36+00:00,696.0,3257.751,3257.71,3257.84,ETH
2026-01-07 04:41:37+00:00,697.0,3257.871,3257.82,3258.05,ETH
2026-01-07 04:41:38+00:00,698.0,3258.031,3257.95,3258.14,ETH
2026-01-07 04:41:39+00:00,699.0,3258.091,3257.98,3258.18,ETH
2026-01-07 04:41:40+00:00,700.0,3258.141,3257.99,3258.21,ETH
2026-01-07 04:41:41+00:00,701.0,3258.321,3258.03,3258.4,ETH
2026-01-07 04:41:42+00:00,702.0,3258.291,3258.13,3258.41,ETH
2026-01-07 04:41:43+00:00,703.0,3258.211,3258.16,3258.39,ETH
2026-01-07 04:41:44+00:00,704.0,3258.131,3258.03,3258.28,ETH
2026-01-07 04:41:45+00:00,705.0,3258.121,3258.0,3258.22,ETH
2026-01-07 04:41:46+00:00,706.0,3258.171,3258.03,3258.25,ETH
2026-01-07 04:41:47+00:00,707.0,3258.161,3258.04,3258.26,ETH
2026-01-07 04:41:48+00:00,708.0,3258.151,3258.04,3258.26,ETH
2026-01-07 04:41:49+00:00,709.0,3258.221,3258.06,3258.33,ETH
2026-01-07 04:41:50+00:00,710.0,3258.271,3258.07,3258.4,ETH
2026-01-07 04:41:51+00:00,711.0,3258.331,3258.19,3258.39,ETH
2026-01-07 04:41:52+00:00,712.0,3258.281,3258.17,3258.39,ETH
2026-01-07 04:41:53+00:00,713.0,3258.381,3258.2,3258.44,ETH
2026-01-07 04:41:54+00:00,714.0,3258.291,3258.21,3258.39,ETH
2026-01-07 04:41:55+00:00,715.0,3258.291,3258.21,3258.39,ETH
2026-01-07 04:41:56+00:00,716.0,3258.381,3258.21,3258.46,ETH
2026-01-07 04:41:57+00:00,717.0,3258.311,3258.17,3258.39,ETH
2026-01-07 04:41:58+00:00,718.0,3258.301,3258.17,3258.39,ETH
2026-01-07 04:41:59+00:00,719.0,3258.281,3258.17,3258.39,ETH
2026-01-07 04:42:00+00:00,720.0,3258.381,3258.24,3258.44,ETH
2026-01-07 04:42:01+00:00,721.0,3258.341,3258.24,3258.39,ETH
2026-01-07 04:42:02+00:00,722.0,3258.251,3258.21,3258.39,ETH
2026-01-07 04:42:03+00:00,723.0,3258.331,3258.25,3258.39,ETH
2026-01-07 04:42:04+00:00,724.0,3258.371,3258.25,3258.42,ETH
2026-01-07 04:42:05+00:00,725.0,3258.251,3258.2,3258.39,ETH
2026-01-07 04:42:06+00:00,726.0,3258.221,3258.18,3258.39,ETH
2026-01-07 04:42:07+00:00,727.0,3258.331,3258.24,3258.39,ETH
2026-01-07 04:42:08+00:00,728.0,3258.301,3258.23,3258.39,ETH
2026-01-07 04:42:09+00:00,729.0,3258.271,3258.23,3258.39,ETH
2026-01-07 04:42:10+00:00,730.0,3258.281,3258.24,3258.39,ETH
2026-01-07 04:42:11+00:00,731.0,3258.341,3258.24,3258.4,ETH
2026-01-07 04:42:12+00:00,732.0,3258.351,3258.24,3258.39,ETH
2026-01-07 04:42:13+00:00,733.0,3258.351,3258.24,3258.41,ETH
2026-01-07 04:42:14+00:00,734.0,3258.381,3258.23,3258.43,ETH
2026-01-07 04:42:15+00:00,735.0,3258.321,3258.24,3258.41,ETH
2026-01-07 04:42:16+00:00,736.0,3258.281,3258.22,3258.39,ETH
2026-01-07 04:42:17+00:00,737.0,3258.321,3258.27,3258.41,ETH
2026-01-07 04:42:18+00:00,738.0,3258.341,3258.29,3258.41,ETH
2026-01-07 04:42:19+00:00,739.0,3258.371,3258.32,3258.47,ETH
2026-01-07 04:42:20+00:00,740.0,3258.441,3258.39,3258.53,ETH
2026-01-07 04:42:21+00:00,741.0,3258.671,3258.56,3258.73,ETH
2026-01-07 04:42:22+00:00,742.0,3258.881,3258.74,3258.94,ETH
2026-01-07 04:42:23+00:00,743.0,3258.871,3258.76,3258.92,ETH
2026-01-07 04:42:24+00:00,744.0,3258.871,3258.75,3258.93,ETH
2026-01-07 04:42:25+00:00,745.0,3258.871,3258.74,3258.95,ETH
2026-01-07 04:42:26+00:00,746.0,3258.871,3258.75,3258.96,ETH
2026-01-07 04:42:27+00:00,747.0,3258.871,3258.75,3258.97,ETH
2026-01-07 04:42:28+00:00,748.0,3258.881,3258.74,3258.98,ETH
2026-01-07 04:42:29+00:00,749.0,3258.861,3258.72,3258.94,ETH
2026-01-07 04:42:30+00:00,750.0,3258.861,3258.66,3258.93,ETH
2026-01-07 04:42:31+00:00,751.0,3258.871,3258.63,3258.96,ETH
2026-01-07 04:42:32+00:00,752.0,3258.871,3258.69,3258.96,ETH
2026-01-07 04:42:33+00:00,753.0,3258.871,3258.69,3258.96,ETH
2026-01-07 04:42:34+00:00,754.0,3258.691,3258.59,3258.85,ETH
2026-01-07 04:42:35+00:00,755.0,3258.461,3258.42,3258.64,ETH
2026-01-07 04:42:36+00:00,756.0,3258.401,3258.34,3258.51,ETH
2026-01-07 04:42:37+00:00,757.0,3258.401,3258.33,3258.51,ETH
2026-01-07 04:42:38+00:00,758.0,3258.421,3258.31,3258.51,ETH
2026-01-07 04:42:39+00:00,759.0,3258.371,3258.32,3258.55,ETH
2026-01-07 04:42:40+00:00,760.0,3258.371,3258.31,3258.55,ETH
2026-01-07 04:42:41+00:00,761.0,3258.341,3258.29,3258.5,ETH
2026-01-07 04:42:42+00:00,762.0,3258.351,3258.29,3258.51,ETH
2026-01-07 04:42:43+00:00,763.0,3258.391,3258.32,3258.5,ETH
2026-01-07 04:42:44+00:00,764.0,3258.391,3258.31,3258.52,ETH
2026-01-07 04:42:45+00:00,765.0,3258.361,3258.29,3258.47,ETH
2026-01-07 04:42:46+00:00,766.0,3258.311,3258.26,3258.37,ETH
2026-01-07 04:42:47+00:00,767.0,3258.291,3258.24,3258.35,ETH
2026-01-07 04:42:48+00:00,768.0,3258.281,3258.23,3258.35,ETH
2026-01-07 04:42:49+00:00,769.0,3258.291,3258.25,3258.37,ETH
2026-01-07 04:42:50+00:00,770.0,3258.351,3258.31,3258.43,ETH
2026-01-07 04:42:51+00:00,771.0,3258.451,3258.37,3258.58,ETH
2026-01-07 04:42:52+00:00,772.0,3258.431,3258.35,3258.6,ETH
2026-01-07 04:42:53+00:00,773.0,3258.341,3258.3,3258.5,ETH
2026-01-07 04:42:54+00:00,774.0,3258.361,3258.28,3258.5,ETH
2026-01-07 04:42:55+00:00,775.0,3258.421,3258.33,3258.51,ETH
2026-01-07 04:42:56+00:00,776.0,3258.481,3258.43,3258.53,ETH
2026-01-07 04:42:57+00:00,777.0,3258.501,3258.45,3258.63,ETH
2026-01-07 04:42:58+00:00,778.0,3258.511,3258.46,3258.69,ETH
2026-01-07 04:42:59+00:00,779.0,3258.521,3258.47,3258.67,ETH
2026-01-07 04:43:00+00:00,780.0,3258.541,3258.49,3258.67,ETH
2026-01-07 04:43:01+00:00,781.0,3258.531,3258.47,3258.67,ETH
2026-01-07 04:43:02+00:00,782.0,3258.501,3258.45,3258.67,ETH
2026-01-07 04:43:03+00:00,783.0,3258.491,3258.45,3258.67,ETH
2026-01-07 04:43:04+00:00,784.0,3258.501,3258.49,3258.68,ETH
2026-01-07 04:43:05+00:00,785.0,3258.501,3258.45,3258.68,ETH
2026-01-07 04:43:06+00:00,786.0,3258.551,3258.45,3258.6,ETH
2026-01-07 04:43:07+00:00,787.0,3258.581,3258.47,3258.77,ETH
2026-01-07 04:43:08+00:00,788.0,3258.501,3258.45,3258.6,ETH
2026-01-07 04:43:09+00:00,789.0,3258.591,3258.54,3258.66,ETH
2026-01-07 04:43:10+00:00,790.0,3258.591,3258.54,3258.66,ETH
2026-01-07 04:43:11+00:00,791.0,3258.611,3258.54,3258.79,ETH
2026-01-07 04:43:12+00:00,792.0,3258.621,3258.56,3258.79,ETH
2026-01-07 04:43:13+00:00,793.0,3258.711,3258.6,3258.79,ETH
2026-01-07 04:43:14+00:00,794.0,3258.721,3258.6,3258.79,ETH
2026-01-07 04:43:15+00:00,795.0,3258.711,3258.56,3258.79,ETH
2026-01-07 04:43:16+00:00,796.0,3258.981,3258.78,3259.33,ETH
2026-01-07 04:43:17+00:00,797.0,3259.291,3259.24,3259.5,ETH
2026-01-07 04:43:18+00:00,798.0,3259.491,3259.31,3259.64,ETH
2026-01-07 04:43:19+00:00,799.0,3259.751,3259.74,3260.03,ETH
2026-01-07 04:43:20+00:00,800.0,3260.351,3260.32,3260.44,ETH
2026-01-07 04:43:21+00:00,801.0,3260.331,3260.28,3260.36,ETH
2026-01-07 04:43:22+00:00,802.0,3260.311,3260.26,3260.36,ETH
2026-01-07 04:43:23+00:00,803.0,3260.301,3260.25,3260.35,ETH
2026-01-07 04:43:24+00:00,804.0,3260.311,3260.27,3260.36,ETH
2026-01-07 04:43:25+00:00,805.0,3260.231,3260.18,3260.3,ETH
2026-01-07 04:43:26+00:00,806.0,3260.081,3260.01,3260.14,ETH
2026-01-07 04:43:27+00:00,807.0,3260.031,3259.99,3260.09,ETH
2026-01-07 04:43:28+00:00,808.0,3259.951,3259.91,3260.07,ETH
2026-01-07 04:43:29+00:00,809.0,3259.871,3259.82,3260.03,ETH
2026-01-07 04:43:30+00:00,810.0,3259.851,3259.81,3260.03,ETH
2026-01-07 04:43:31+00:00,811.0,3259.871,3259.83,3260.03,ETH
2026-01-07 04:43:32+00:00,812.0,3259.871,3259.83,3260.03,ETH
2026-01-07 04:43:33+00:00,813.0,3259.821,3259.81,3260.03,ETH
2026-01-07 04:43:34+00:00,814.0,3259.831,3259.82,3260.03,ETH
2026-01-07 04:43:36+00:00,816.0,3259.941,3259.89,3260.03,ETH
2026-01-07 04:43:37+00:00,817.0,3259.961,3259.89,3260.03,ETH
2026-01-07 04:43:38+00:00,818.0,3259.871,3259.83,3260.03,ETH
2026-01-07 04:43:39+00:00,819.0,3260.001,3259.89,3260.05,ETH
2026-01-07 04:43:40+00:00,820.0,3259.971,3259.92,3260.23,ETH
2026-01-07 04:43:41+00:00,821.0,3260.041,3259.92,3260.43,ETH
2026-01-07 04:43:42+00:00,822.0,3260.101,3259.94,3260.43,ETH
2026-01-07 04:43:43+00:00,823.0,3260.121,3260.02,3260.43,ETH
2026-01-07 04:43:44+00:00,824.0,3260.131,3260.06,3260.43,ETH
2026-01-07 04:43:45+00:00,825.0,3260.241,3260.17,3260.42,ETH
2026-01-07 04:43:46+00:00,826.0,3260.241,3260.17,3260.38,ETH
2026-01-07 04:43:47+00:00,827.0,3260.151,3260.0,3260.33,ETH
2026-01-07 04:43:48+00:00,828.0,3260.151,3260.06,3260.42,ETH
2026-01-07 04:43:49+00:00,829.0,3260.151,3260.15,3260.33,ETH
2026-01-07 04:43:50+00:00,830.0,3260.151,3260.08,3260.33,ETH
2026-01-07 04:43:51+00:00,831.0,3260.151,3260.08,3260.3,ETH
2026-01-07 04:43:52+00:00,832.0,3260.151,3260.08,3260.32,ETH
2026-01-07 04:43:53+00:00,833.0,3260.291,3260.19,3260.4,ETH
2026-01-07 04:43:54+00:00,834.0,3260.401,3260.19,3260.47,ETH
2026-01-07 04:43:55+00:00,835.0,3260.311,3260.19,3260.4,ETH
2026-01-07 04:43:56+00:00,836.0,3260.281,3260.2,3260.4,ETH
2026-01-07 04:43:57+00:00,837.0,3260.271,3260.2,3260.4,ETH
2026-01-07 04:43:58+00:00,838.0,3260.241,3260.19,3260.4,ETH
2026-01-07 04:43:59+00:00,839.0,3260.021,3260.02,3260.34,ETH
2026-01-07 04:44:00+00:00,840.0,3260.111,3260.1,3260.3,ETH
2026-01-07 04:44:01+00:00,841.0,3260.021,3259.95,3260.13,ETH
2026-01-07 04:44:02+00:00,842.0,3260.051,3259.98,3260.17,ETH
2026-01-07 04:44:03+00:00,843.0,3259.931,3259.88,3260.13,ETH
2026-01-07 04:44:04+00:00,844.0,3259.991,3259.94,3260.13,ETH
2026-01-07 04:44:05+00:00,845.0,3260.001,3259.95,3260.13,ETH
2026-01-07 04:44:06+00:00,846.0,3259.951,3259.9,3260.13,ETH
2026-01-07 04:44:07+00:00,847.0,3259.661,3259.64,3259.67,ETH
2026-01-07 04:44:08+00:00,848.0,3259.371,3259.37,3259.74,ETH
2026-01-07 04:44:09+00:00,849.0,3259.371,3259.37,3259.54,ETH
2026-01-07 04:44:10+00:00,850.0,3259.301,3259.24,3259.37,ETH
2026-01-07 04:44:11+00:00,851.0,3259.281,3259.24,3259.37,ETH
2026-01-07 04:44:12+00:00,852.0,3259.301,3259.26,3259.34,ETH
2026-01-07 04:44:13+00:00,853.0,3259.301,3259.25,3259.35,ETH
2026-01-07 04:44:14+00:00,854.0,3259.171,3259.11,3259.27,ETH
2026-01-07 04:44:15+00:00,855.0,3259.051,3259.0,3259.23,ETH
2026-01-07 04:44:16+00:00,856.0,3258.981,3258.93,3259.22,ETH
2026-01-07 04:44:17+00:00,857.0,3259.021,3258.97,3259.22,ETH
2026-01-07 04:44:19+00:00,859.0,3259.081,3259.04,3259.22,ETH
2026-01-07 04:44:20+00:00,860.0,3259.181,3259.13,3259.25,ETH
2026-01-07 04:44:21+00:00,861.0,3259.211,3259.17,3259.28,ETH
2026-01-07 04:44:22+00:00,862.0,3258.921,3258.91,3259.12,ETH
2026-01-07 04:44:23+00:00,863.0,3258.921,3258.91,3259.06,ETH
2026-01-07 04:44:24+00:00,864.0,3258.821,3258.76,3258.92,ETH
2026-01-07 04:44:25+00:00,865.0,3258.881,3258.83,3258.94,ETH
2026-01-07 04:44:26+00:00,866.0,3259.161,3259.15,3259.34,ETH
2026-01-07 04:44:27+00:00,867.0,3259.221,3259.22,3259.38,ETH
2026-01-07 04:44:28+00:00,868.0,3259.321,3259.27,3259.36,ETH
2026-01-07 04:44:29+00:00,869.0,3259.311,3259.24,3259.35,ETH
2026-01-07 04:44:30+00:00,870.0,3259.511,3259.42,3259.77,ETH
2026-01-07 04:44:31+00:00,871.0,3259.651,3259.54,3259.72,ETH
2026-01-07 04:44:32+00:00,872.0,3259.691,3259.54,3259.74,ETH
2026-01-07 04:44:33+00:00,873.0,3259.711,3259.56,3259.78,ETH
2026-01-07 04:44:34+00:00,874.0,3259.851,3259.79,3260.07,ETH
2026-01-07 04:44:35+00:00,875.0,3259.851,3259.8,3260.02,ETH
2026-01-07 04:44:36+00:00,876.0,3259.841,3259.8,3260.02,ETH
2026-01-07 04:44:37+00:00,877.0,3259.921,3259.86,3260.08,ETH
2026-01-07 04:44:38+00:00,878.0,3259.871,3259.81,3260.04,ETH
2026-01-07 04:44:39+00:00,879.0,3259.811,3259.66,3259.85,ETH
2026-01-07 04:44:40+00:00,880.0,3259.671,3259.66,3259.9,ETH
2026-01-07 04:44:41+00:00,881.0,3259.671,3259.66,3259.95,ETH
2026-01-07 04:44:42+00:00,882.0,3259.671,3259.66,3260.02,ETH
2026-01-07 04:44:43+00:00,883.0,3259.911,3259.75,3260.03,ETH
2026-01-07 04:44:44+00:00,884.0,3259.811,3259.76,3260.04,ETH
2026-01-07 04:44:45+00:00,885.0,3259.971,3259.8,3260.04,ETH
2026-01-07 04:44:46+00:00,886.0,3260.011,3259.81,3260.06,ETH
2026-01-07 04:44:47+00:00,887.0,3260.021,3259.83,3260.06,ETH
2026-01-07 04:44:48+00:00,888.0,3260.041,3259.82,3260.1,ETH
2026-01-07 04:44:49+00:00,889.0,3260.041,3259.94,3260.18,ETH
2026-01-07 04:44:50+00:00,890.0,3260.041,3259.94,3260.16,ETH
2026-01-07 04:44:51+00:00,891.0,3260.041,3259.93,3260.15,ETH
2026-01-07 04:44:52+00:00,892.0,3260.041,3259.93,3260.1,ETH
2026-01-07 04:44:53+00:00,893.0,3260.041,3259.92,3260.15,ETH
2026-01-07 04:44:54+00:00,894.0,3260.041,3259.92,3260.1,ETH
2026-01-07 04:44:55+00:00,895.0,3260.041,3259.92,3260.22,ETH
2026-01-07 04:44:56+00:00,896.0,3260.041,3259.92,3260.11,ETH
2026-01-07 04:44:57+00:00,897.0,3260.041,3259.92,3260.13,ETH
2026-01-07 04:44:58+00:00,898.0,3260.081,3259.93,3260.11,ETH
2026-01-07 04:44:59+00:00,899.0,3260.041,3259.93,3260.11,ETH
