timestamp,seconds,mid,bid,ask,asset
2026-01-07 12:15:00+00:00,0.0,3215.14,3215.07,3215.31,ETH
2026-01-07 12:15:01+00:00,1.0,3215.23,3215.21,3215.62,ETH
2026-01-07 12:15:02+00:00,2.0,3215.44,3215.31,3215.64,ETH
2026-01-07 12:15:03+00:00,3.0,3215.4,3215.31,3215.45,ETH
2026-01-07 12:15:04+00:00,4.0,3215.33,3215.12,3215.33,ETH
2026-01-07 12:15:05+00:00,5.0,3215.2,3215.14,3215.33,ETH
2026-01-07 12:15:06+00:00,6.0,3215.2,3215.15,3215.33,ETH
2026-01-07 12:15:07+00:00,7.0,3215.34,3215.26,3215.63,ETH
2026-01-07 12:15:08+00:00,8.0,3215.5,3215.42,3215.65,ETH
2026-01-07 12:15:09+00:00,9.0,3215.74,3215.62,3216.01,ETH
2026-01-07 12:15:10+00:00,10.0,3215.91,3215.68,3216.04,ETH
2026-01-07 12:15:11+00:00,11.0,3215.95,3215.76,3216.04,ETH
2026-01-07 12:15:12+00:00,12.0,3216.04,3215.92,3216.13,ETH
2026-01-07 12:15:13+00:00,13.0,3215.98,3215.88,3216.09,ETH
2026-01-07 12:15:14+00:00,14.0,3216.04,3215.92,3216.14,ETH
2026-01-07 12:15:15+00:00,15.0,3215.96,3215.89,3216.2,ETH
2026-01-07 12:15:16+00:00,16.0,3216.02,3215.91,3216.2,ETH
2026-01-07 12:15:17+00:00,17.0,3216.05,3215.94,3216.22,ETH
2026-01-07 12:15:18+00:00,18.0,3216.01,3215.93,3216.22,ETH
2026-01-07 12:15:19+00:00,19.0,3216.01,3215.93,3216.22,ETH
2026-01-07 12:15:20+00:00,20.0,3216.0,3215.95,3216.22,ETH
2026-01-07 12:15:21+00:00,21.0,3216.0,3215.95,3216.21,ETH
2026-01-07 12:15:22+00:00,22.0,3216.0,3215.95,3216.21,ETH
2026-01-07 12:15:23+00:00,23.0,3216.01,3215.95,3216.21,ETH
2026-01-07 12:15:24+00:00,24.0,3216.01,3215.95,3216.22,ETH
2026-01-07 12:15:25+00:00,25.0,3216.01,3215.94,3216.22,ETH
2026-01-07 12:15:26+00:00,26.0,3216.0,3215.94,3216.22,ETH
2026-01-07 12:15:27+00:00,27.0,3216.0,3215.94,3216.22,ETH
2026-01-07 12:15:28+00:00,28.0,3216.06,3215.95,3216.22,ETH
2026-01-07 12:15:29+00:00,29.0,3216.06,3215.96,3216.22,ETH
2026-01-07 12:15:30+00:00,30.0,3216.07,3215.96,3216.22,ETH
2026-01-07 12:15:31+00:00,31.0,3216.08,3215.96,3216.22,ETH
2026-01-07 12:15:32+00:00,32.0,3216.08,3215.97,3216.24,ETH
2026-01-07 12:15:33+00:00,33.0,3216.23,3216.18,3216.39,ETH
2026-01-07 12:15:34+00:00,34.0,3216.3,3216.2,3216.59,ETH
2026-01-07 12:15:35+00:00,35.0,3216.35,3216.2,3216.59,ETH
2026-01-07 12:15:36+00:00,36.0,3216.36,3216.22,3216.48,ETH
2026-01-07 12:15:37+00:00,37.0,3216.22,3216.13,3216.26,ETH
2026-01-07 12:15:38+00:00,38.0,3216.17,3216.03,3216.23,ETH
2026-01-07 12:15:39+00:00,39.0,3216.19,3216.01,3216.23,ETH
2026-01-07 12:15:40+00:00,40.0,3216.17,3216.01,3216.23,ETH
2026-01-07 12:15:41+00:00,41.0,3216.17,3216.01,3216.23,ETH
2026-01-07 12:15:42+00:00,42.0,3216.17,3216.01,3216.23,ETH
2026-01-07 12:15:43+00:00,43.0,3216.17,3216.01,3216.23,ETH
2026-01-07 12:15:44+00:00,44.0,3216.17,3216.01,3216.23,ETH
2026-01-07 12:15:45+00:00,45.0,3216.17,3216.01,3216.23,ETH
2026-01-07 12:15:46+00:00,46.0,3216.17,3216.01,3216.23,ETH
2026-01-07 12:15:47+00:00,47.0,3216.17,3216.01,3216.23,ETH
2026-01-07 12:15:48+00:00,48.0,3216.17,3216.01,3216.22,ETH
2026-01-07 12:15:49+00:00,49.0,3216.18,3216.04,3216.23,ETH
2026-01-07 12:15:50+00:00,50.0,3216.18,3216.08,3216.23,ETH
2026-01-07 12:15:51+00:00,51.0,3216.18,3216.11,3216.23,ETH
2026-01-07 12:15:52+00:00,52.0,3216.19,3216.14,3216.23,ETH
2026-01-07 12:15:53+00:00,53.0,3216.15,3216.01,3216.22,ETH
2026-01-07 12:15:54+00:00,54.0,3216.15,3216.01,3216.22,ETH
2026-01-07 12:15:55+00:00,55.0,3216.15,3216.01,3216.22,ETH
2026-01-07 12:15:56+00:00,56.0,3216.15,3216.01,3216.22,ETH
2026-01-07 12:15:57+00:00,57.0,3216.15,3216.01,3216.22,ETH
2026-01-07 12:15:58+00:00,58.0,3216.15,3216.01,3216.22,ETH
2026-01-07 12:15:59+00:00,59.0,3216.15,3216.01,3216.22,ETH
2026-01-07 12:16:00+00:00,60.0,3216.15,3216.01,3216.22,ETH
2026-01-07 12:16:01+00:00,61.0,3216.15,3216.01,3216.22,ETH
2026-01-07 12:16:02+00:00,62.0,3216.15,3215.98,3216.22,ETH
2026-01-07 12:16:03+00:00,63.0,3216.15,3215.98,3216.22,ETH
2026-01-07 12:16:04+00:00,64.0,3216.21,3216.11,3216.28,ETH
2026-01-07 12:16:05+00:00,65.0,3216.21,3216.03,3216.25,ETH
2026-01-07 12:16:06+00:00,66.0,3216.11,3216.05,3216.22,ETH
2026-01-07 12:16:07+00:00,67.0,3216.11,3216.03,3216.22,ETH
2026-01-07 12:16:08+00:00,68.0,3216.11,3216.03,3216.22,ETH
2026-01-07 12:16:09+00:00,69.0,3216.13,3216.03,3216.22,ETH
2026-01-07 12:16:10+00:00,70.0,3216.13,3216.03,3216.22,ETH
2026-01-07 12:16:11+00:00,71.0,3216.13,3216.03,3216.22,ETH
2026-01-07 12:16:12+00:00,72.0,3216.14,3216.06,3216.22,ETH
2026-01-07 12:16:13+00:00,73.0,3216.15,3216.14,3216.22,ETH
2026-01-07 12:16:14+00:00,74.0,3217.18,3217.16,3217.49,ETH
2026-01-07 12:16:15+00:00,75.0,3217.42,3217.34,3217.5,ETH
2026-01-07 12:16:16+00:00,76.0,3217.43,3217.23,3217.5,ETH
2026-01-07 12:16:17+00:00,77.0,3217.41,3217.25,3217.5,ETH
2026-01-07 12:16:18+00:00,78.0,3217.41,3217.27,3217.49,ETH
2026-01-07 12:16:19+00:00,79.0,3217.41,3217.27,3217.43,ETH
2026-01-07 12:16:20+00:00,80.0,3217.41,3217.27,3217.43,ETH
2026-01-07 12:16:21+00:00,81.0,3217.41,3217.34,3217.43,ETH
2026-01-07 12:16:22+00:00,82.0,3217.42,3217.39,3217.47,ETH
2026-01-07 12:16:23+00:00,83.0,3217.01,3217.01,3217.43,ETH
2026-01-07 12:16:24+00:00,84.0,3216.99,3216.77,3217.0,ETH
2026-01-07 12:16:25+00:00,85.0,3216.71,3216.59,3216.86,ETH
2026-01-07 12:16:26+00:00,86.0,3216.55,3216.53,3216.57,ETH
2026-01-07 12:16:27+00:00,87.0,3216.5,3216.49,3216.56,ETH
2026-01-07 12:16:28+00:00,88.0,3216.5,3216.49,3216.55,ETH
2026-01-07 12:16:29+00:00,89.0,3216.5,3216.49,3216.55,ETH
2026-01-07 12:16:30+00:00,90.0,3216.38,3216.25,3216.54,ETH
2026-01-07 12:16:31+00:00,91.0,3216.26,3216.24,3216.33,ETH
2026-01-07 12:16:33+00:00,93.0,3216.22,3216.17,3216.26,ETH
2026-01-07 12:16:34+00:00,94.0,3216.12,3216.11,3216.27,ETH
2026-01-07 12:16:35+00:00,95.0,3216.1,3216.09,3216.48,ETH
2026-01-07 12:16:36+00:00,96.0,3216.04,3216.03,3216.47,ETH
2026-01-07 12:16:37+00:00,97.0,3216.03,3216.03,3216.46,ETH
2026-01-07 12:16:38+00:00,98.0,3216.03,3216.03,3216.46,ETH
2026-01-07 12:16:39+00:00,99.0,3216.03,3216.03,3216.49,ETH
2026-01-07 12:16:40+00:00,100.0,3216.02,3216.01,3216.51,ETH
2026-01-07 12:16:41+00:00,101.0,3216.02,3215.99,3216.46,ETH
2026-01-07 12:16:42+00:00,102.0,3216.0,3215.99,3216.44,ETH
2026-01-07 12:16:43+00:00,103.0,3215.98,3215.84,3216.25,ETH
2026-01-07 12:16:44+00:00,104.0,3215.72,3215.71,3216.26,ETH
2026-01-07 12:16:45+00:00,105.0,3215.72,3215.71,3216.23,ETH
2026-01-07 12:16:46+00:00,106.0,3215.72,3215.71,3216.25,ETH
2026-01-07 12:16:47+00:00,107.0,3215.5,3215.31,3215.6,ETH
2026-01-07 12:16:48+00:00,108.0,3215.3,3215.29,3215.5,ETH
2026-01-07 12:16:49+00:00,109.0,3215.25,3215.22,3215.34,ETH
2026-01-07 12:16:50+00:00,110.0,3215.17,3215.16,3215.25,ETH
2026-01-07 12:16:51+00:00,111.0,3215.17,3215.13,3215.25,ETH
2026-01-07 12:16:52+00:00,112.0,3215.18,3215.13,3215.25,ETH
2026-01-07 12:16:53+00:00,113.0,3215.17,3215.13,3215.25,ETH
2026-01-07 12:16:54+00:00,114.0,3215.15,3215.13,3215.25,ETH
2026-01-07 12:16:55+00:00,115.0,3215.17,3215.16,3215.25,ETH
2026-01-07 12:16:56+00:00,116.0,3215.21,3215.2,3215.31,ETH
2026-01-07 12:16:57+00:00,117.0,3215.21,3215.2,3215.31,ETH
2026-01-07 12:16:58+00:00,118.0,3215.17,3215.16,3215.25,ETH
2026-01-07 12:16:59+00:00,119.0,3215.17,3215.16,3215.25,ETH
2026-01-07 12:17:00+00:00,120.0,3215.17,3215.16,3215.25,ETH
2026-01-07 12:17:01+00:00,121.0,3215.17,3215.16,3215.25,ETH
2026-01-07 12:17:02+00:00,122.0,3215.17,3215.16,3215.25,ETH
2026-01-07 12:17:03+00:00,123.0,3215.17,3215.16,3215.25,ETH
2026-01-07 12:17:04+00:00,124.0,3215.18,3215.17,3215.25,ETH
2026-01-07 12:17:05+00:00,125.0,3215.18,3215.17,3215.25,ETH
2026-01-07 12:17:06+00:00,126.0,3215.18,3215.17,3215.25,ETH
2026-01-07 12:17:07+00:00,127.0,3215.16,3215.15,3215.25,ETH
2026-01-07 12:17:08+00:00,128.0,3215.15,3215.14,3215.22,ETH
2026-01-07 12:17:09+00:00,129.0,3215.07,3215.06,3215.18,ETH
2026-01-07 12:17:10+00:00,130.0,3214.99,3214.98,3215.17,ETH
2026-01-07 12:17:11+00:00,131.0,3214.95,3214.94,3215.17,ETH
2026-01-07 12:17:12+00:00,132.0,3214.77,3214.74,3214.92,ETH
2026-01-07 12:17:13+00:00,133.0,3214.62,3214.58,3214.75,ETH
2026-01-07 12:17:14+00:00,134.0,3214.64,3214.6,3214.91,ETH
2026-01-07 12:17:15+00:00,135.0,3214.6,3214.57,3214.81,ETH
2026-01-07 12:17:16+00:00,136.0,3214.56,3214.51,3214.66,ETH
2026-01-07 12:17:17+00:00,137.0,3214.57,3214.52,3214.7,ETH
2026-01-07 12:17:18+00:00,138.0,3214.62,3214.54,3214.76,ETH
2026-01-07 12:17:19+00:00,139.0,3214.67,3214.57,3214.81,ETH
2026-01-07 12:17:20+00:00,140.0,3214.66,3214.6,3214.75,ETH
2026-01-07 12:17:21+00:00,141.0,3214.58,3214.54,3214.68,ETH
2026-01-07 12:17:22+00:00,142.0,3214.57,3214.52,3214.86,ETH
2026-01-07 12:17:23+00:00,143.0,3214.5,3214.44,3214.68,ETH
2026-01-07 12:17:24+00:00,144.0,3214.52,3214.47,3214.68,ETH
2026-01-07 12:17:25+00:00,145.0,3214.52,3214.5,3214.68,ETH
2026-01-07 12:17:26+00:00,146.0,3214.53,3214.5,3214.68,ETH
2026-01-07 12:17:27+00:00,147.0,3214.51,3214.5,3214.68,ETH
2026-01-07 12:17:28+00:00,148.0,3214.51,3214.5,3214.82,ETH
2026-01-07 12:17:29+00:00,149.0,3214.51,3214.5,3214.67,ETH
2026-01-07 12:17:30+00:00,150.0,3214.51,3214.5,3214.64,ETH
2026-01-07 12:17:31+00:00,151.0,3214.51,3214.5,3214.65,ETH
2026-01-07 12:17:32+00:00,152.0,3214.51,3214.5,3214.64,ETH
2026-01-07 12:17:33+00:00,153.0,3214.51,3214.5,3214.83,ETH
2026-01-07 12:17:34+00:00,154.0,3214.51,3214.5,3214.69,ETH
2026-01-07 12:17:35+00:00,155.0,3214.51,3214.5,3214.69,ETH
2026-01-07 12:17:36+00:00,156.0,3214.51,3214.5,3214.62,ETH
2026-01-07 12:17:37+00:00,157.0,3214.52,3214.5,3214.55,ETH
2026-01-07 12:17:38+00:00,158.0,3214.52,3214.51,3214.71,ETH
2026-01-07 12:17:39+00:00,159.0,3214.72,3214.65,3214.94,ETH
2026-01-07 12:17:40+00:00,160.0,3214.87,3214.79,3215.0,ETH
2026-01-07 12:17:41+00:00,161.0,3214.84,3214.79,3215.0,ETH
2026-01-07 12:17:42+00:00,162.0,3214.84,3214.79,3215.0,ETH
2026-01-07 12:17:43+00:00,163.0,3214.85,3214.77,3215.13,ETH
2026-01-07 12:17:44+00:00,164.0,3214.85,3214.77,3215.13,ETH
2026-01-07 12:17:45+00:00,165.0,3214.84,3214.78,3215.13,ETH
2026-01-07 12:17:46+00:00,166.0,3214.83,3214.78,3215.13,ETH
2026-01-07 12:17:47+00:00,167.0,3214.83,3214.76,3214.96,ETH
2026-01-07 12:17:48+00:00,168.0,3214.83,3214.76,3214.96,ETH
2026-01-07 12:17:49+00:00,169.0,3214.79,3214.67,3214.86,ETH
2026-01-07 12:17:50+00:00,170.0,3214.79,3214.68,3214.87,ETH
2026-01-07 12:17:51+00:00,171.0,3214.85,3214.71,3214.96,ETH
2026-01-07 12:17:52+00:00,172.0,3214.86,3214.72,3214.92,ETH
2026-01-07 12:17:53+00:00,173.0,3214.89,3214.73,3214.92,ETH
2026-01-07 12:17:54+00:00,174.0,3214.9,3214.73,3214.92,ETH
2026-01-07 12:17:55+00:00,175.0,3214.9,3214.73,3214.92,ETH
2026-01-07 12:17:56+00:00,176.0,3214.9,3214.73,3214.92,ETH
2026-01-07 12:17:57+00:00,177.0,3214.9,3214.73,3214.92,ETH
2026-01-07 12:17:58+00:00,178.0,3214.91,3214.75,3214.92,ETH
2026-01-07 12:17:59+00:00,179.0,3214.92,3214.76,3214.93,ETH
2026-01-07 12:18:00+00:00,180.0,3214.92,3214.76,3214.93,ETH
2026-01-07 12:18:01+00:00,181.0,3214.91,3214.8,3215.03,ETH
2026-01-07 12:18:02+00:00,182.0,3214.91,3214.8,3215.03,ETH
2026-01-07 12:18:03+00:00,183.0,3214.97,3214.85,3215.02,ETH
2026-01-07 12:18:04+00:00,184.0,3214.91,3214.8,3215.02,ETH
2026-01-07 12:18:05+00:00,185.0,3214.92,3214.8,3215.02,ETH
2026-01-07 12:18:06+00:00,186.0,3214.92,3214.8,3215.02,ETH
2026-01-07 12:18:07+00:00,187.0,3214.91,3214.8,3215.02,ETH
2026-01-07 12:18:08+00:00,188.0,3214.91,3214.8,3215.02,ETH
2026-01-07 12:18:09+00:00,189.0,3214.91,3214.8,3215.02,ETH
2026-01-07 12:18:10+00:00,190.0,3214.93,3214.8,3215.07,ETH
2026-01-07 12:18:11+00:00,191.0,3214.93,3214.8,3215.03,ETH
2026-01-07 12:18:12+00:00,192.0,3214.93,3214.8,3215.02,ETH
2026-01-07 12:18:13+00:00,193.0,3214.93,3214.8,3215.02,ETH
2026-01-07 12:18:14+00:00,194.0,3214.93,3214.8,3215.02,ETH
2026-01-07 12:18:15+00:00,195.0,3214.93,3214.81,3215.17,ETH
2026-01-07 12:18:16+00:00,196.0,3214.92,3214.79,3215.07,ETH
2026-01-07 12:18:17+00:00,197.0,3214.93,3214.8,3215.17,ETH
2026-01-07 12:18:18+00:00,198.0,3215.04,3214.99,3215.29,ETH
2026-01-07 12:18:19+00:00,199.0,3215.22,3215.09,3215.57,ETH
2026-01-07 12:18:20+00:00,200.0,3215.53,3215.41,3215.7,ETH
2026-01-07 12:18:21+00:00,201.0,3215.65,3215.52,3215.92,ETH
2026-01-07 12:18:22+00:00,202.0,3215.65,3215.52,3215.92,ETH
2026-01-07 12:18:23+00:00,203.0,3215.55,3215.37,3215.71,ETH
2026-01-07 12:18:24+00:00,204.0,3215.5,3215.35,3215.8,ETH
2026-01-07 12:18:25+00:00,205.0,3215.55,3215.36,3215.8,ETH
2026-01-07 12:18:26+00:00,206.0,3215.55,3215.38,3215.81,ETH
2026-01-07 12:18:27+00:00,207.0,3215.56,3215.39,3215.81,ETH
2026-01-07 12:18:28+00:00,208.0,3215.56,3215.39,3215.81,ETH
2026-01-07 12:18:29+00:00,209.0,3215.56,3215.39,3215.81,ETH
2026-01-07 12:18:30+00:00,210.0,3215.57,3215.37,3215.86,ETH
2026-01-07 12:18:31+00:00,211.0,3215.57,3215.37,3215.85,ETH
2026-01-07 12:18:32+00:00,212.0,3215.57,3215.41,3215.85,ETH
2026-01-07 12:18:33+00:00,213.0,3215.72,3215.56,3216.01,ETH
2026-01-07 12:18:34+00:00,214.0,3215.91,3215.68,3216.24,ETH
2026-01-07 12:18:35+00:00,215.0,3215.97,3215.69,3216.27,ETH
2026-01-07 12:18:36+00:00,216.0,3215.98,3215.76,3216.25,ETH
2026-01-07 12:18:37+00:00,217.0,3215.98,3215.86,3216.31,ETH
2026-01-07 12:18:38+00:00,218.0,3216.0,3215.93,3216.35,ETH
2026-01-07 12:18:39+00:00,219.0,3216.04,3215.99,3216.38,ETH
2026-01-07 12:18:40+00:00,220.0,3216.18,3216.06,3216.54,ETH
2026-01-07 12:18:41+00:00,221.0,3216.33,3216.17,3216.7,ETH
2026-01-07 12:18:42+00:00,222.0,3216.37,3216.21,3216.75,ETH
2026-01-07 12:18:43+00:00,223.0,3216.42,3216.27,3216.77,ETH
2026-01-07 12:18:44+00:00,224.0,3216.49,3216.29,3216.85,ETH
2026-01-07 12:18:45+00:00,225.0,3216.53,3216.25,3216.95,ETH
2026-01-07 12:18:46+00:00,226.0,3216.61,3216.37,3217.02,ETH
2026-01-07 12:18:47+00:00,227.0,3216.77,3216.51,3217.08,ETH
2026-01-07 12:18:48+00:00,228.0,3216.76,3216.56,3217.01,ETH
2026-01-07 12:18:49+00:00,229.0,3216.74,3216.64,3216.93,ETH
2026-01-07 12:18:50+00:00,230.0,3216.53,3216.39,3216.7,ETH
2026-01-07 12:18:51+00:00,231.0,3216.3,3216.12,3216.49,ETH
2026-01-07 12:18:52+00:00,232.0,3216.33,3216.19,3216.55,ETH
2026-01-07 12:18:53+00:00,233.0,3216.39,3216.24,3216.61,ETH
2026-01-07 12:18:54+00:00,234.0,3216.42,3216.25,3216.63,ETH
2026-01-07 12:18:55+00:00,235.0,3216.34,3216.24,3216.43,ETH
2026-01-07 12:18:56+00:00,236.0,3216.35,3216.24,3216.5,ETH
2026-01-07 12:18:57+00:00,237.0,3216.36,3216.24,3216.5,ETH
2026-01-07 12:18:58+00:00,238.0,3216.26,3216.16,3216.5,ETH
2026-01-07 12:18:59+00:00,239.0,3216.38,3216.11,3216.5,ETH
2026-01-07 12:19:00+00:00,240.0,3216.38,3216.33,3216.78,ETH
2026-01-07 12:19:01+00:00,241.0,3216.91,3216.8,3217.37,ETH
2026-01-07 12:19:02+00:00,242.0,3216.94,3216.74,3217.38,ETH
2026-01-07 12:19:03+00:00,243.0,3216.94,3216.67,3217.37,ETH
2026-01-07 12:19:04+00:00,244.0,3216.87,3216.63,3217.16,ETH
2026-01-07 12:19:05+00:00,245.0,3216.76,3216.62,3216.99,ETH
2026-01-07 12:19:06+00:00,246.0,3216.59,3216.45,3216.96,ETH
2026-01-07 12:19:07+00:00,247.0,3216.55,3216.45,3216.95,ETH
2026-01-07 12:19:08+00:00,248.0,3216.54,3216.44,3216.96,ETH
2026-01-07 12:19:09+00:00,249.0,3216.58,3216.52,3216.66,ETH
2026-01-07 12:19:10+00:00,250.0,3216.24,3216.23,3216.43,ETH
2026-01-07 12:19:11+00:00,251.0,3216.2,3216.11,3216.43,ETH
2026-01-07 12:19:12+00:00,252.0,3216.18,3216.05,3216.43,ETH
2026-01-07 12:19:13+00:00,253.0,3216.32,3216.16,3216.48,ETH
2026-01-07 12:19:14+00:00,254.0,3216.31,3216.09,3216.45,ETH
2026-01-07 12:19:15+00:00,255.0,3216.1,3216.05,3216.39,ETH
2026-01-07 12:19:16+00:00,256.0,3216.2,3216.05,3216.41,ETH
2026-01-07 12:19:17+00:00,257.0,3216.13,3216.02,3216.4,ETH
2026-01-07 12:19:18+00:00,258.0,3216.13,3216.01,3216.39,ETH
2026-01-07 12:19:19+00:00,259.0,3215.96,3215.87,3216.06,ETH
2026-01-07 12:19:20+00:00,260.0,3215.74,3215.57,3216.03,ETH
2026-01-07 12:19:21+00:00,261.0,3215.7,3215.55,3215.76,ETH
2026-01-07 12:19:22+00:00,262.0,3215.49,3215.48,3215.71,ETH
2026-01-07 12:19:23+00:00,263.0,3215.6,3215.48,3215.71,ETH
2026-01-07 12:19:24+00:00,264.0,3215.45,3215.44,3216.0,ETH
2026-01-07 12:19:25+00:00,265.0,3215.84,3215.72,3216.14,ETH
2026-01-07 12:19:26+00:00,266.0,3216.13,3215.97,3216.39,ETH
2026-01-07 12:19:27+00:00,267.0,3216.17,3215.97,3216.39,ETH
2026-01-07 12:19:28+00:00,268.0,3216.16,3215.98,3216.39,ETH
2026-01-07 12:19:29+00:00,269.0,3216.32,3216.31,3216.56,ETH
2026-01-07 12:19:30+00:00,270.0,3216.69,3216.58,3216.76,ETH
2026-01-07 12:19:31+00:00,271.0,3216.75,3216.54,3216.94,ETH
2026-01-07 12:19:32+00:00,272.0,3216.78,3216.56,3216.94,ETH
2026-01-07 12:19:33+00:00,273.0,3216.79,3216.64,3216.94,ETH
2026-01-07 12:19:34+00:00,274.0,3216.86,3216.59,3216.94,ETH
2026-01-07 12:19:35+00:00,275.0,3216.86,3216.59,3216.94,ETH
2026-01-07 12:19:36+00:00,276.0,3216.86,3216.59,3216.94,ETH
2026-01-07 12:19:37+00:00,277.0,3216.86,3216.59,3216.94,ETH
2026-01-07 12:19:38+00:00,278.0,3216.85,3216.62,3216.94,ETH
2026-01-07 12:19:39+00:00,279.0,3216.85,3216.62,3216.94,ETH
2026-01-07 12:19:40+00:00,280.0,3216.85,3216.63,3216.94,ETH
2026-01-07 12:19:41+00:00,281.0,3216.85,3216.63,3216.94,ETH
2026-01-07 12:19:42+00:00,282.0,3216.85,3216.63,3216.94,ETH
2026-01-07 12:19:43+00:00,283.0,3216.85,3216.64,3216.94,ETH
2026-01-07 12:19:44+00:00,284.0,3216.86,3216.64,3216.94,ETH
2026-01-07 12:19:45+00:00,285.0,3216.86,3216.64,3216.94,ETH
2026-01-07 12:19:46+00:00,286.0,3216.83,3216.66,3216.94,ETH
2026-01-07 12:19:47+00:00,287.0,3216.83,3216.66,3216.94,ETH
2026-01-07 12:19:48+00:00,288.0,3216.83,3216.72,3216.94,ETH
2026-01-07 12:19:49+00:00,289.0,3216.85,3216.79,3216.94,ETH
2026-01-07 12:19:50+00:00,290.0,3216.82,3216.61,3216.94,ETH
2026-01-07 12:19:51+00:00,291.0,3216.82,3216.61,3216.94,ETH
2026-01-07 12:19:52+00:00,292.0,3216.83,3216.61,3216.94,ETH
2026-01-07 12:19:53+00:00,293.0,3216.83,3216.61,3216.94,ETH
2026-01-07 12:19:54+00:00,294.0,3216.82,3216.65,3216.94,ETH
2026-01-07 12:19:55+00:00,295.0,3216.81,3216.74,3216.94,ETH
2026-01-07 12:19:56+00:00,296.0,3216.81,3216.59,3216.94,ETH
2026-01-07 12:19:57+00:00,297.0,3216.81,3216.6,3216.94,ETH
2026-01-07 12:19:58+00:00,298.0,3216.81,3216.67,3216.94,ETH
2026-01-07 12:19:59+00:00,299.0,3216.81,3216.62,3216.94,ETH
2026-01-07 12:20:00+00:00,300.0,3216.81,3216.62,3216.94,ETH
2026-01-07 12:20:01+00:00,301.0,3216.81,3216.63,3216.94,ETH
2026-01-07 12:20:02+00:00,302.0,3216.81,3216.63,3216.94,ETH
2026-01-07 12:20:03+00:00,303.0,3216.82,3216.63,3216.94,ETH
2026-01-07 12:20:04+00:00,304.0,3216.83,3216.63,3216.94,ETH
2026-01-07 12:20:05+00:00,305.0,3216.83,3216.63,3216.94,ETH
2026-01-07 12:20:06+00:00,306.0,3216.79,3216.61,3216.85,ETH
2026-01-07 12:20:07+00:00,307.0,3216.77,3216.6,3216.93,ETH
2026-01-07 12:20:08+00:00,308.0,3216.83,3216.72,3217.08,ETH
2026-01-07 12:20:10+00:00,310.0,3216.86,3216.73,3217.08,ETH
2026-01-07 12:20:11+00:00,311.0,3216.74,3216.59,3217.08,ETH
2026-01-07 12:20:12+00:00,312.0,3216.72,3216.55,3217.07,ETH
2026-01-07 12:20:13+00:00,313.0,3216.7,3216.55,3216.74,ETH
2026-01-07 12:20:14+00:00,314.0,3216.68,3216.52,3216.74,ETH
2026-01-07 12:20:15+00:00,315.0,3216.69,3216.54,3216.74,ETH
2026-01-07 12:20:16+00:00,316.0,3216.71,3216.57,3216.92,ETH
2026-01-07 12:20:17+00:00,317.0,3216.73,3216.64,3216.95,ETH
2026-01-07 12:20:18+00:00,318.0,3216.86,3216.64,3216.95,ETH
2026-01-07 12:20:19+00:00,319.0,3216.86,3216.64,3216.95,ETH
2026-01-07 12:20:20+00:00,320.0,3216.85,3216.78,3217.21,ETH
2026-01-07 12:20:21+00:00,321.0,3216.9,3216.84,3217.27,ETH
2026-01-07 12:20:22+00:00,322.0,3216.94,3216.83,3217.27,ETH
2026-01-07 12:20:23+00:00,323.0,3216.94,3216.79,3217.08,ETH
2026-01-07 12:20:24+00:00,324.0,3216.94,3216.77,3217.08,ETH
2026-01-07 12:20:25+00:00,325.0,3216.94,3216.76,3217.08,ETH
2026-01-07 12:20:26+00:00,326.0,3216.92,3216.76,3217.08,ETH
2026-01-07 12:20:27+00:00,327.0,3216.89,3216.76,3217.09,ETH
2026-01-07 12:20:28+00:00,328.0,3216.89,3216.78,3217.09,ETH
2026-01-07 12:20:29+00:00,329.0,3216.89,3216.76,3217.09,ETH
2026-01-07 12:20:30+00:00,330.0,3216.89,3216.76,3217.09,ETH
2026-01-07 12:20:31+00:00,331.0,3216.92,3216.85,3217.09,ETH
2026-01-07 12:20:32+00:00,332.0,3217.02,3216.92,3217.09,ETH
2026-01-07 12:20:33+00:00,333.0,3217.09,3216.92,3217.09,ETH
2026-01-07 12:20:34+00:00,334.0,3217.09,3216.93,3217.13,ETH
2026-01-07 12:20:35+00:00,335.0,3217.09,3216.94,3217.16,ETH
2026-01-07 12:20:36+00:00,336.0,3217.11,3216.99,3217.22,ETH
2026-01-07 12:20:37+00:00,337.0,3217.23,3217.17,3217.39,ETH
2026-01-07 12:20:38+00:00,338.0,3217.37,3217.32,3217.57,ETH
2026-01-07 12:20:39+00:00,339.0,3217.51,3217.37,3217.73,ETH
2026-01-07 12:20:40+00:00,340.0,3217.62,3217.35,3217.83,ETH
2026-01-07 12:20:41+00:00,341.0,3217.44,3217.26,3217.58,ETH
2026-01-07 12:20:42+00:00,342.0,3217.29,3217.16,3217.35,ETH
2026-01-07 12:20:43+00:00,343.0,3217.28,3217.11,3217.35,ETH
2026-01-07 12:20:44+00:00,344.0,3217.26,3217.11,3217.34,ETH
2026-01-07 12:20:45+00:00,345.0,3217.25,3217.12,3217.34,ETH
2026-01-07 12:20:46+00:00,346.0,3217.25,3217.11,3217.34,ETH
2026-01-07 12:20:47+00:00,347.0,3217.4,3217.3,3217.59,ETH
2026-01-07 12:20:48+00:00,348.0,3217.61,3217.52,3217.83,ETH
2026-01-07 12:20:49+00:00,349.0,3217.67,3217.54,3217.83,ETH
2026-01-07 12:20:50+00:00,350.0,3217.67,3217.55,3217.83,ETH
2026-01-07 12:20:51+00:00,351.0,3217.68,3217.55,3217.83,ETH
2026-01-07 12:20:52+00:00,352.0,3217.68,3217.55,3217.83,ETH
2026-01-07 12:20:53+00:00,353.0,3217.68,3217.55,3217.83,ETH
2026-01-07 12:20:55+00:00,355.0,3217.72,3217.55,3217.83,ETH
2026-01-07 12:20:56+00:00,356.0,3217.76,3217.61,3217.83,ETH
2026-01-07 12:20:58+00:00,358.0,3217.68,3217.55,3217.83,ETH
2026-01-07 12:20:59+00:00,359.0,3217.7,3217.55,3217.83,ETH
2026-01-07 12:21:00+00:00,360.0,3217.68,3217.55,3217.83,ETH
2026-01-07 12:21:01+00:00,361.0,3217.68,3217.55,3217.83,ETH
2026-01-07 12:21:02+00:00,362.0,3217.31,3217.3,3217.4,ETH
2026-01-07 12:21:03+00:00,363.0,3217.19,3217.17,3217.3,ETH
2026-01-07 12:21:04+00:00,364.0,3216.78,3216.76,3217.1,ETH
2026-01-07 12:21:05+00:00,365.0,3216.75,3216.63,3217.1,ETH
2026-01-07 12:21:06+00:00,366.0,3216.72,3216.59,3217.07,ETH
2026-01-07 12:21:07+00:00,367.0,3216.62,3216.59,3217.09,ETH
2026-01-07 12:21:08+00:00,368.0,3216.63,3216.6,3217.09,ETH
2026-01-07 12:21:09+00:00,369.0,3216.66,3216.6,3217.09,ETH
2026-01-07 12:21:10+00:00,370.0,3216.66,3216.6,3217.1,ETH
2026-01-07 12:21:11+00:00,371.0,3216.66,3216.53,3216.78,ETH
2026-01-07 12:21:12+00:00,372.0,3216.63,3216.53,3216.78,ETH
2026-01-07 12:21:13+00:00,373.0,3216.63,3216.58,3216.78,ETH
2026-01-07 12:21:14+00:00,374.0,3216.63,3216.58,3216.78,ETH
2026-01-07 12:21:15+00:00,375.0,3216.64,3216.58,3216.78,ETH
2026-01-07 12:21:16+00:00,376.0,3216.37,3216.34,3216.76,ETH
2026-01-07 12:21:17+00:00,377.0,3216.47,3216.37,3216.76,ETH
2026-01-07 12:21:18+00:00,378.0,3216.66,3216.46,3216.87,ETH
2026-01-07 12:21:19+00:00,379.0,3216.66,3216.46,3216.87,ETH
2026-01-07 12:21:20+00:00,380.0,3216.61,3216.48,3216.78,ETH
2026-01-07 12:21:21+00:00,381.0,3216.64,3216.62,3217.0,ETH
2026-01-07 12:21:22+00:00,382.0,3216.88,3216.71,3217.0,ETH
2026-01-07 12:21:23+00:00,383.0,3216.95,3216.79,3217.14,ETH
2026-01-07 12:21:24+00:00,384.0,3217.1,3216.92,3217.14,ETH
2026-01-07 12:21:25+00:00,385.0,3216.88,3216.83,3217.05,ETH
2026-01-07 12:21:26+00:00,386.0,3216.87,3216.78,3216.94,ETH
2026-01-07 12:21:27+00:00,387.0,3216.87,3216.78,3216.94,ETH
2026-01-07 12:21:28+00:00,388.0,3216.87,3216.77,3216.95,ETH
2026-01-07 12:21:29+00:00,389.0,3216.87,3216.78,3216.94,ETH
2026-01-07 12:21:30+00:00,390.0,3216.87,3216.78,3216.93,ETH
2026-01-07 12:21:31+00:00,391.0,3216.87,3216.76,3216.93,ETH
2026-01-07 12:21:32+00:00,392.0,3216.87,3216.77,3216.94,ETH
2026-01-07 12:21:33+00:00,393.0,3216.87,3216.76,3216.94,ETH
2026-01-07 12:21:34+00:00,394.0,3216.87,3216.76,3216.94,ETH
2026-01-07 12:21:35+00:00,395.0,3216.87,3216.77,3216.94,ETH
2026-01-07 12:21:36+00:00,396.0,3216.87,3216.76,3216.94,ETH
2026-01-07 12:21:37+00:00,397.0,3216.58,3216.58,3216.65,ETH
2026-01-07 12:21:38+00:00,398.0,3216.31,3216.3,3216.59,ETH
2026-01-07 12:21:39+00:00,399.0,3216.29,3216.28,3216.59,ETH
2026-01-07 12:21:40+00:00,400.0,3216.27,3216.27,3216.59,ETH
2026-01-07 12:21:41+00:00,401.0,3216.27,3216.27,3216.59,ETH
2026-01-07 12:21:42+00:00,402.0,3216.28,3216.27,3216.59,ETH
2026-01-07 12:21:43+00:00,403.0,3216.28,3216.27,3216.59,ETH
2026-01-07 12:21:44+00:00,404.0,3216.28,3216.27,3216.59,ETH
2026-01-07 12:21:45+00:00,405.0,3216.28,3216.27,3216.59,ETH
2026-01-07 12:21:46+00:00,406.0,3216.28,3216.27,3216.59,ETH
2026-01-07 12:21:47+00:00,407.0,3216.28,3216.27,3216.59,ETH
2026-01-07 12:21:48+00:00,408.0,3216.27,3216.27,3216.59,ETH
2026-01-07 12:21:49+00:00,409.0,3216.25,3216.24,3216.58,ETH
2026-01-07 12:21:50+00:00,410.0,3216.25,3216.24,3216.58,ETH
2026-01-07 12:21:51+00:00,411.0,3216.25,3216.24,3216.58,ETH
2026-01-07 12:21:52+00:00,412.0,3216.25,3216.24,3216.58,ETH
2026-01-07 12:21:53+00:00,413.0,3216.25,3216.24,3216.26,ETH
2026-01-07 12:21:54+00:00,414.0,3216.25,3216.25,3216.28,ETH
2026-01-07 12:21:55+00:00,415.0,3216.25,3216.25,3216.27,ETH
2026-01-07 12:21:56+00:00,416.0,3216.25,3216.25,3216.27,ETH
2026-01-07 12:21:57+00:00,417.0,3216.25,3216.25,3216.28,ETH
2026-01-07 12:21:58+00:00,418.0,3216.25,3216.25,3216.28,ETH
2026-01-07 12:21:59+00:00,419.0,3216.19,3216.18,3216.26,ETH
2026-01-07 12:22:00+00:00,420.0,3216.19,3216.18,3216.26,ETH
2026-01-07 12:22:01+00:00,421.0,3216.19,3216.18,3216.26,ETH
2026-01-07 12:22:02+00:00,422.0,3216.19,3216.18,3216.26,ETH
2026-01-07 12:22:03+00:00,423.0,3216.18,3216.18,3216.26,ETH
2026-01-07 12:22:04+00:00,424.0,3216.12,3216.12,3216.26,ETH
2026-01-07 12:22:05+00:00,425.0,3216.12,3216.11,3216.26,ETH
2026-01-07 12:22:06+00:00,426.0,3216.07,3216.07,3216.25,ETH
2026-01-07 12:22:07+00:00,427.0,3215.99,3215.98,3216.2,ETH
2026-01-07 12:22:08+00:00,428.0,3215.73,3215.67,3215.78,ETH
2026-01-07 12:22:09+00:00,429.0,3215.71,3215.68,3215.73,ETH
2026-01-07 12:22:10+00:00,430.0,3215.71,3215.68,3215.73,ETH
2026-01-07 12:22:11+00:00,431.0,3215.7,3215.67,3215.73,ETH
2026-01-07 12:22:12+00:00,432.0,3215.69,3215.67,3215.73,ETH
2026-01-07 12:22:13+00:00,433.0,3215.69,3215.67,3215.73,ETH
2026-01-07 12:22:14+00:00,434.0,3215.67,3215.66,3215.73,ETH
2026-01-07 12:22:15+00:00,435.0,3215.66,3215.65,3215.73,ETH
2026-01-07 12:22:16+00:00,436.0,3215.68,3215.65,3215.74,ETH
2026-01-07 12:22:17+00:00,437.0,3215.68,3215.65,3215.82,ETH
2026-01-07 12:22:18+00:00,438.0,3215.91,3215.84,3216.12,ETH
2026-01-07 12:22:19+00:00,439.0,3216.25,3216.11,3216.41,ETH
2026-01-07 12:22:20+00:00,440.0,3216.33,3216.17,3216.41,ETH
2026-01-07 12:22:21+00:00,441.0,3216.33,3216.15,3216.35,ETH
2026-01-07 12:22:22+00:00,442.0,3216.33,3216.16,3216.35,ETH
2026-01-07 12:22:23+00:00,443.0,3216.34,3216.18,3216.35,ETH
2026-01-07 12:22:24+00:00,444.0,3216.34,3216.2,3216.36,ETH
2026-01-07 12:22:25+00:00,445.0,3216.39,3216.26,3216.56,ETH
2026-01-07 12:22:26+00:00,446.0,3216.61,3216.47,3216.8,ETH
2026-01-07 12:22:27+00:00,447.0,3216.8,3216.63,3216.88,ETH
2026-01-07 12:22:28+00:00,448.0,3216.9,3216.72,3216.95,ETH
2026-01-07 12:22:29+00:00,449.0,3217.0,3216.81,3217.02,ETH
2026-01-07 12:22:30+00:00,450.0,3217.02,3216.81,3217.06,ETH
2026-01-07 12:22:31+00:00,451.0,3217.02,3216.84,3217.06,ETH
2026-01-07 12:22:32+00:00,452.0,3216.99,3216.84,3217.02,ETH
2026-01-07 12:22:33+00:00,453.0,3216.98,3216.82,3216.99,ETH
2026-01-07 12:22:34+00:00,454.0,3216.98,3216.81,3216.98,ETH
2026-01-07 12:22:35+00:00,455.0,3216.98,3216.84,3216.98,ETH
2026-01-07 12:22:36+00:00,456.0,3216.98,3216.78,3216.98,ETH
2026-01-07 12:22:37+00:00,457.0,3216.98,3216.78,3216.98,ETH
2026-01-07 12:22:38+00:00,458.0,3216.98,3216.78,3216.98,ETH
2026-01-07 12:22:39+00:00,459.0,3216.98,3216.79,3217.0,ETH
2026-01-07 12:22:40+00:00,460.0,3216.89,3216.73,3216.92,ETH
2026-01-07 12:22:41+00:00,461.0,3216.79,3216.67,3216.83,ETH
2026-01-07 12:22:42+00:00,462.0,3216.78,3216.67,3216.81,ETH
2026-01-07 12:22:43+00:00,463.0,3216.73,3216.65,3216.74,ETH
2026-01-07 12:22:44+00:00,464.0,3216.61,3216.52,3216.65,ETH
2026-01-07 12:22:45+00:00,465.0,3216.54,3216.41,3216.6,ETH
2026-01-07 12:22:46+00:00,466.0,3216.35,3216.28,3216.49,ETH
2026-01-07 12:22:47+00:00,467.0,3216.08,3216.07,3216.31,ETH
2026-01-07 12:22:48+00:00,468.0,3215.98,3215.97,3216.25,ETH
2026-01-07 12:22:49+00:00,469.0,3215.94,3215.93,3216.25,ETH
2026-01-07 12:22:50+00:00,470.0,3216.06,3215.96,3216.26,ETH
2026-01-07 12:22:51+00:00,471.0,3216.22,3216.09,3216.28,ETH
2026-01-07 12:22:52+00:00,472.0,3216.21,3216.13,3216.27,ETH
2026-01-07 12:22:53+00:00,473.0,3216.17,3216.1,3216.25,ETH
2026-01-07 12:22:54+00:00,474.0,3216.15,3216.1,3216.25,ETH
2026-01-07 12:22:55+00:00,475.0,3216.15,3216.12,3216.25,ETH
2026-01-07 12:22:56+00:00,476.0,3216.16,3216.14,3216.25,ETH
2026-01-07 12:22:57+00:00,477.0,3216.19,3216.15,3216.31,ETH
2026-01-07 12:22:58+00:00,478.0,3216.22,3216.18,3216.54,ETH
2026-01-07 12:22:59+00:00,479.0,3216.48,3216.37,3216.6,ETH
2026-01-07 12:23:00+00:00,480.0,3216.48,3216.4,3216.6,ETH
2026-01-07 12:23:01+00:00,481.0,3216.56,3216.42,3216.6,ETH
2026-01-07 12:23:02+00:00,482.0,3216.55,3216.42,3216.6,ETH
2026-01-07 12:23:03+00:00,483.0,3216.56,3216.42,3216.6,ETH
2026-01-07 12:23:04+00:00,484.0,3216.59,3216.42,3216.61,ETH
2026-01-07 12:23:05+00:00,485.0,3216.49,3216.37,3216.59,ETH
2026-01-07 12:23:06+00:00,486.0,3216.42,3216.36,3216.59,ETH
2026-01-07 12:23:07+00:00,487.0,3216.5,3216.36,3216.59,ETH
2026-01-07 12:23:08+00:00,488.0,3216.36,3216.36,3216.6,ETH
2026-01-07 12:23:09+00:00,489.0,3216.4,3216.36,3216.58,ETH
2026-01-07 12:23:10+00:00,490.0,3216.4,3216.36,3216.58,ETH
2026-01-07 12:23:11+00:00,491.0,3216.37,3216.36,3216.58,ETH
2026-01-07 12:23:12+00:00,492.0,3216.38,3216.36,3216.58,ETH
2026-01-07 12:23:13+00:00,493.0,3216.38,3216.36,3216.58,ETH
2026-01-07 12:23:14+00:00,494.0,3216.39,3216.36,3216.58,ETH
2026-01-07 12:23:15+00:00,495.0,3216.38,3216.36,3216.58,ETH
2026-01-07 12:23:16+00:00,496.0,3216.39,3216.36,3216.58,ETH
2026-01-07 12:23:17+00:00,497.0,3216.39,3216.36,3216.58,ETH
2026-01-07 12:23:18+00:00,498.0,3216.36,3216.34,3216.55,ETH
2026-01-07 12:23:19+00:00,499.0,3216.36,3216.32,3216.54,ETH
2026-01-07 12:23:20+00:00,500.0,3216.35,3216.29,3216.51,ETH
2026-01-07 12:23:21+00:00,501.0,3216.3,3216.22,3216.46,ETH
2026-01-07 12:23:22+00:00,502.0,3216.25,3216.18,3216.38,ETH
2026-01-07 12:23:23+00:00,503.0,3216.25,3216.18,3216.35,ETH
2026-01-07 12:23:24+00:00,504.0,3216.19,3216.15,3216.27,ETH
2026-01-07 12:23:25+00:00,505.0,3216.13,3216.12,3216.2,ETH
2026-01-07 12:23:26+00:00,506.0,3216.12,3216.11,3216.16,ETH
2026-01-07 12:23:27+00:00,507.0,3216.09,3216.06,3216.12,ETH
2026-01-07 12:23:28+00:00,508.0,3215.99,3215.95,3216.12,ETH
2026-01-07 12:23:29+00:00,509.0,3215.9,3215.89,3216.12,ETH
2026-01-07 12:23:30+00:00,510.0,3215.9,3215.9,3216.12,ETH
2026-01-07 12:23:31+00:00,511.0,3216.01,3215.96,3216.12,ETH
2026-01-07 12:23:32+00:00,512.0,3216.12,3216.06,3216.16,ETH
2026-01-07 12:23:33+00:00,513.0,3216.15,3216.11,3216.19,ETH
2026-01-07 12:23:34+00:00,514.0,3216.16,3216.11,3216.19,ETH
2026-01-07 12:23:35+00:00,515.0,3216.06,3216.04,3216.16,ETH
2026-01-07 12:23:36+00:00,516.0,3215.93,3215.92,3216.05,ETH
2026-01-07 12:23:37+00:00,517.0,3215.81,3215.8,3215.93,ETH
2026-01-07 12:23:39+00:00,519.0,3215.56,3215.55,3215.62,ETH
2026-01-07 12:23:40+00:00,520.0,3215.54,3215.53,3215.67,ETH
2026-01-07 12:23:41+00:00,521.0,3215.53,3215.52,3215.56,ETH
2026-01-07 12:23:42+00:00,522.0,3215.53,3215.51,3215.55,ETH
2026-01-07 12:23:43+00:00,523.0,3215.53,3215.5,3215.54,ETH
2026-01-07 12:23:44+00:00,524.0,3215.46,3215.43,3215.54,ETH
2026-01-07 12:23:45+00:00,525.0,3215.49,3215.41,3215.55,ETH
2026-01-07 12:23:46+00:00,526.0,3215.41,3215.33,3215.53,ETH
2026-01-07 12:23:47+00:00,527.0,3215.26,3215.21,3215.45,ETH
2026-01-07 12:23:48+00:00,528.0,3215.08,3215.04,3215.27,ETH
2026-01-07 12:23:50+00:00,530.0,3214.94,3214.91,3215.08,ETH
2026-01-07 12:23:51+00:00,531.0,3214.94,3214.9,3215.03,ETH
2026-01-07 12:23:52+00:00,532.0,3214.92,3214.86,3215.03,ETH
2026-01-07 12:23:53+00:00,533.0,3214.91,3214.83,3214.99,ETH
2026-01-07 12:23:54+00:00,534.0,3214.9,3214.83,3214.99,ETH
2026-01-07 12:23:55+00:00,535.0,3214.9,3214.86,3214.94,ETH
2026-01-07 12:23:56+00:00,536.0,3214.87,3214.8,3214.91,ETH
2026-01-07 12:23:57+00:00,537.0,3214.8,3214.75,3214.89,ETH
2026-01-07 12:23:58+00:00,538.0,3214.78,3214.76,3214.89,ETH
2026-01-07 12:23:59+00:00,539.0,3214.78,3214.75,3214.89,ETH
2026-01-07 12:24:00+00:00,540.0,3214.78,3214.57,3214.81,ETH
2026-01-07 12:24:01+00:00,541.0,3214.66,3214.54,3214.74,ETH
2026-01-07 12:24:02+00:00,542.0,3214.65,3214.54,3214.8,ETH
2026-01-07 12:24:03+00:00,543.0,3214.61,3214.54,3214.8,ETH
2026-01-07 12:24:04+00:00,544.0,3214.61,3214.56,3214.8,ETH
2026-01-07 12:24:05+00:00,545.0,3214.61,3214.58,3214.8,ETH
2026-01-07 12:24:06+00:00,546.0,3214.62,3214.58,3214.8,ETH
2026-01-07 12:24:07+00:00,547.0,3214.65,3214.58,3214.65,ETH
2026-01-07 12:24:08+00:00,548.0,3214.85,3214.76,3214.91,ETH
2026-01-07 12:24:09+00:00,549.0,3214.89,3214.76,3214.92,ETH
2026-01-07 12:24:10+00:00,550.0,3214.89,3214.75,3214.92,ETH
2026-01-07 12:24:11+00:00,551.0,3214.89,3214.74,3214.92,ETH
2026-01-07 12:24:12+00:00,552.0,3214.89,3214.73,3214.92,ETH
2026-01-07 12:24:13+00:00,553.0,3214.89,3214.73,3214.91,ETH
2026-01-07 12:24:14+00:00,554.0,3214.89,3214.81,3214.97,ETH
2026-01-07 12:24:15+00:00,555.0,3214.89,3214.81,3214.97,ETH
2026-01-07 12:24:16+00:00,556.0,3214.89,3214.73,3214.92,ETH
2026-01-07 12:24:17+00:00,557.0,3214.89,3214.73,3214.93,ETH
2026-01-07 12:24:18+00:00,558.0,3214.89,3214.73,3214.93,ETH
2026-01-07 12:24:19+00:00,559.0,3214.89,3214.73,3214.93,ETH
2026-01-07 12:24:20+00:00,560.0,3214.89,3214.73,3214.93,ETH
2026-01-07 12:24:21+00:00,561.0,3214.89,3214.73,3214.93,ETH
2026-01-07 12:24:22+00:00,562.0,3214.89,3214.73,3214.93,ETH
2026-01-07 12:24:23+00:00,563.0,3214.88,3214.73,3214.91,ETH
2026-01-07 12:24:24+00:00,564.0,3214.88,3214.73,3214.89,ETH
2026-01-07 12:24:25+00:00,565.0,3214.88,3214.73,3214.89,ETH
2026-01-07 12:24:26+00:00,566.0,3214.88,3214.79,3214.92,ETH
2026-01-07 12:24:27+00:00,567.0,3214.88,3214.79,3214.92,ETH
2026-01-07 12:24:28+00:00,568.0,3214.88,3214.73,3214.89,ETH
2026-01-07 12:24:29+00:00,569.0,3214.88,3214.73,3214.89,ETH
2026-01-07 12:24:30+00:00,570.0,3214.88,3214.73,3214.89,ETH
2026-01-07 12:24:31+00:00,571.0,3214.88,3214.73,3214.89,ETH
2026-01-07 12:24:32+00:00,572.0,3214.88,3214.76,3214.89,ETH
2026-01-07 12:24:33+00:00,573.0,3214.88,3214.8,3214.89,ETH
2026-01-07 12:24:34+00:00,574.0,3214.88,3214.73,3214.89,ETH
2026-01-07 12:24:35+00:00,575.0,3214.88,3214.71,3214.89,ETH
2026-01-07 12:24:36+00:00,576.0,3214.86,3214.72,3214.89,ETH
2026-01-07 12:24:37+00:00,577.0,3214.86,3214.72,3214.89,ETH
2026-01-07 12:24:38+00:00,578.0,3214.83,3214.71,3214.89,ETH
2026-01-07 12:24:39+00:00,579.0,3214.8,3214.71,3214.85,ETH
2026-01-07 12:24:40+00:00,580.0,3214.79,3214.7,3214.81,ETH
2026-01-07 12:24:41+00:00,581.0,3214.75,3214.66,3214.8,ETH
2026-01-07 12:24:42+00:00,582.0,3214.6,3214.53,3214.72,ETH
2026-01-07 12:24:43+00:00,583.0,3214.49,3214.48,3214.62,ETH
2026-01-07 12:24:44+00:00,584.0,3214.51,3214.5,3214.61,ETH
2026-01-07 12:24:45+00:00,585.0,3214.51,3214.5,3214.59,ETH
2026-01-07 12:24:46+00:00,586.0,3214.51,3214.5,3214.55,ETH
2026-01-07 12:24:47+00:00,587.0,3214.51,3214.5,3214.54,ETH
2026-01-07 12:24:48+00:00,588.0,3214.46,3214.45,3214.53,ETH
2026-01-07 12:24:49+00:00,589.0,3214.41,3214.41,3214.49,ETH
2026-01-07 12:24:50+00:00,590.0,3214.41,3214.41,3214.46,ETH
2026-01-07 12:24:51+00:00,591.0,3214.41,3214.41,3214.46,ETH
2026-01-07 12:24:52+00:00,592.0,3214.4,3214.38,3214.44,ETH
2026-01-07 12:24:53+00:00,593.0,3214.37,3214.33,3214.42,ETH
2026-01-07 12:24:54+00:00,594.0,3214.38,3214.34,3214.44,ETH
2026-01-07 12:24:55+00:00,595.0,3214.36,3214.33,3214.44,ETH
2026-01-07 12:24:56+00:00,596.0,3214.3,3214.27,3214.42,ETH
2026-01-07 12:24:57+00:00,597.0,3214.35,3214.26,3214.46,ETH
2026-01-07 12:24:58+00:00,598.0,3214.41,3214.27,3214.51,ETH
2026-01-07 12:24:59+00:00,599.0,3214.41,3214.27,3214.52,ETH
2026-01-07 12:25:00+00:00,600.0,3214.41,3214.27,3214.52,ETH
2026-01-07 12:25:01+00:00,601.0,3214.3,3214.23,3214.47,ETH
2026-01-07 12:25:02+00:00,602.0,3214.25,3214.23,3214.46,ETH
2026-01-07 12:25:03+00:00,603.0,3213.68,3213.57,3213.87,ETH
2026-01-07 12:25:04+00:00,604.0,3212.94,3212.83,3213.09,ETH
2026-01-07 12:25:05+00:00,605.0,3212.73,3212.69,3212.93,ETH
2026-01-07 12:25:06+00:00,606.0,3212.71,3212.66,3212.91,ETH
2026-01-07 12:25:07+00:00,607.0,3212.81,3212.73,3212.94,ETH
2026-01-07 12:25:08+00:00,608.0,3212.81,3212.73,3212.99,ETH
2026-01-07 12:25:09+00:00,609.0,3212.82,3212.75,3213.09,ETH
2026-01-07 12:25:10+00:00,610.0,3212.95,3212.89,3213.17,ETH
2026-01-07 12:25:11+00:00,611.0,3212.99,3212.92,3213.06,ETH
2026-01-07 12:25:12+00:00,612.0,3212.9,3212.85,3212.96,ETH
2026-01-07 12:25:13+00:00,613.0,3212.85,3212.81,3212.95,ETH
2026-01-07 12:25:14+00:00,614.0,3212.79,3212.73,3212.91,ETH
2026-01-07 12:25:15+00:00,615.0,3212.77,3212.71,3212.91,ETH
2026-01-07 12:25:16+00:00,616.0,3212.82,3212.75,3212.93,ETH
2026-01-07 12:25:17+00:00,617.0,3212.87,3212.81,3212.94,ETH
2026-01-07 12:25:18+00:00,618.0,3212.88,3212.85,3212.93,ETH
2026-01-07 12:25:19+00:00,619.0,3212.81,3212.75,3212.83,ETH
2026-01-07 12:25:20+00:00,620.0,3212.67,3212.61,3212.72,ETH
2026-01-07 12:25:21+00:00,621.0,3212.63,3212.61,3212.73,ETH
2026-01-07 12:25:22+00:00,622.0,3212.72,3212.66,3212.85,ETH
2026-01-07 12:25:23+00:00,623.0,3212.69,3212.64,3212.73,ETH
2026-01-07 12:25:24+00:00,624.0,3212.68,3212.63,3212.72,ETH
2026-01-07 12:25:25+00:00,625.0,3212.68,3212.63,3212.73,ETH
2026-01-07 12:25:26+00:00,626.0,3212.68,3212.63,3212.73,ETH
2026-01-07 12:25:27+00:00,627.0,3212.65,3212.62,3212.72,ETH
2026-01-07 12:25:28+00:00,628.0,3212.65,3212.6,3212.72,ETH
2026-01-07 12:25:29+00:00,629.0,3212.64,3212.61,3212.72,ETH
2026-01-07 12:25:30+00:00,630.0,3212.66,3212.63,3212.72,ETH
2026-01-07 12:25:31+00:00,631.0,3212.67,3212.62,3212.72,ETH
2026-01-07 12:25:32+00:00,632.0,3212.67,3212.63,3212.72,ETH
2026-01-07 12:25:33+00:00,633.0,3212.54,3212.49,3212.58,ETH
2026-01-07 12:25:34+00:00,634.0,3212.34,3212.25,3212.54,ETH
2026-01-07 12:25:35+00:00,635.0,3212.29,3212.17,3212.59,ETH
2026-01-07 12:25:36+00:00,636.0,3212.29,3212.17,3212.57,ETH
2026-01-07 12:25:37+00:00,637.0,3212.2,3212.07,3212.39,ETH
2026-01-07 12:25:38+00:00,638.0,3211.99,3211.89,3212.05,ETH
2026-01-07 12:25:39+00:00,639.0,3211.85,3211.77,3211.93,ETH
2026-01-07 12:25:40+00:00,640.0,3211.8,3211.7,3211.93,ETH
2026-01-07 12:25:41+00:00,641.0,3211.77,3211.65,3211.87,ETH
2026-01-07 12:25:42+00:00,642.0,3211.74,3211.63,3211.82,ETH
2026-01-07 12:25:43+00:00,643.0,3211.68,3211.57,3211.83,ETH
2026-01-07 12:25:44+00:00,644.0,3211.76,3211.61,3211.89,ETH
2026-01-07 12:25:45+00:00,645.0,3211.85,3211.71,3211.94,ETH
2026-01-07 12:25:46+00:00,646.0,3211.99,3211.78,3212.23,ETH
2026-01-07 12:25:47+00:00,647.0,3211.99,3211.83,3212.23,ETH
2026-01-07 12:25:48+00:00,648.0,3212.58,3212.44,3212.63,ETH
2026-01-07 12:25:49+00:00,649.0,3212.58,3212.43,3212.63,ETH
2026-01-07 12:25:50+00:00,650.0,3212.59,3212.43,3212.63,ETH
2026-01-07 12:25:51+00:00,651.0,3212.21,3212.1,3212.49,ETH
2026-01-07 12:25:52+00:00,652.0,3212.1,3212.07,3212.3,ETH
2026-01-07 12:25:53+00:00,653.0,3212.23,3212.07,3212.29,ETH
2026-01-07 12:25:54+00:00,654.0,3212.18,3212.06,3212.29,ETH
2026-01-07 12:25:55+00:00,655.0,3211.89,3211.86,3212.11,ETH
2026-01-07 12:25:56+00:00,656.0,3211.79,3211.77,3212.11,ETH
2026-01-07 12:25:57+00:00,657.0,3211.74,3211.74,3211.97,ETH
2026-01-07 12:25:58+00:00,658.0,3211.69,3211.59,3211.75,ETH
2026-01-07 12:25:59+00:00,659.0,3211.59,3211.53,3211.75,ETH
2026-01-07 12:26:00+00:00,660.0,3211.54,3211.53,3211.74,ETH
2026-01-07 12:26:01+00:00,661.0,3211.54,3211.44,3211.74,ETH
2026-01-07 12:26:02+00:00,662.0,3211.31,3211.3,3211.65,ETH
2026-01-07 12:26:03+00:00,663.0,3211.38,3211.37,3211.57,ETH
2026-01-07 12:26:04+00:00,664.0,3211.35,3211.35,3211.57,ETH
2026-01-07 12:26:05+00:00,665.0,3212.02,3211.84,3212.09,ETH
2026-01-07 12:26:06+00:00,666.0,3212.19,3212.18,3212.54,ETH
2026-01-07 12:26:07+00:00,667.0,3212.53,3212.29,3212.63,ETH
2026-01-07 12:26:08+00:00,668.0,3212.53,3212.29,3212.63,ETH
2026-01-07 12:26:09+00:00,669.0,3212.53,3212.3,3212.63,ETH
2026-01-07 12:26:10+00:00,670.0,3212.53,3212.35,3212.85,ETH
2026-01-07 12:26:11+00:00,671.0,3213.07,3212.92,3213.3,ETH
2026-01-07 12:26:12+00:00,672.0,3213.48,3213.33,3213.7,ETH
2026-01-07 12:26:13+00:00,673.0,3213.52,3213.29,3213.7,ETH
2026-01-07 12:26:14+00:00,674.0,3213.54,3213.29,3213.7,ETH
2026-01-07 12:26:15+00:00,675.0,3213.51,3213.24,3213.57,ETH
2026-01-07 12:26:16+00:00,676.0,3213.51,3213.27,3213.57,ETH
2026-01-07 12:26:17+00:00,677.0,3213.51,3213.27,3213.57,ETH
2026-01-07 12:26:18+00:00,678.0,3213.5,3213.27,3213.57,ETH
2026-01-07 12:26:19+00:00,679.0,3213.5,3213.27,3213.57,ETH
2026-01-07 12:26:20+00:00,680.0,3213.63,3213.41,3213.7,ETH
2026-01-07 12:26:21+00:00,681.0,3213.64,3213.41,3213.7,ETH
2026-01-07 12:26:22+00:00,682.0,3213.63,3213.41,3213.7,ETH
2026-01-07 12:26:23+00:00,683.0,3213.63,3213.44,3213.7,ETH
2026-01-07 12:26:24+00:00,684.0,3213.63,3213.55,3213.7,ETH
2026-01-07 12:26:25+00:00,685.0,3213.63,3213.43,3213.7,ETH
2026-01-07 12:26:26+00:00,686.0,3213.64,3213.43,3213.7,ETH
2026-01-07 12:26:27+00:00,687.0,3213.64,3213.43,3213.7,ETH
2026-01-07 12:26:28+00:00,688.0,3213.63,3213.41,3213.71,ETH
2026-01-07 12:26:29+00:00,689.0,3213.64,3213.42,3213.7,ETH
2026-01-07 12:26:30+00:00,690.0,3213.63,3213.41,3213.7,ETH
2026-01-07 12:26:31+00:00,691.0,3213.61,3213.41,3213.7,ETH
2026-01-07 12:26:32+00:00,692.0,3213.45,3213.34,3213.51,ETH
2026-01-07 12:26:33+00:00,693.0,3213.45,3213.34,3213.51,ETH
2026-01-07 12:26:34+00:00,694.0,3213.45,3213.34,3213.51,ETH
2026-01-07 12:26:35+00:00,695.0,3213.36,3213.26,3213.48,ETH
2026-01-07 12:26:36+00:00,696.0,3213.19,3213.09,3213.32,ETH
2026-01-07 12:26:37+00:00,697.0,3213.11,3213.01,3213.2,ETH
2026-01-07 12:26:38+00:00,698.0,3213.12,3213.06,3213.26,ETH
2026-01-07 12:26:39+00:00,699.0,3213.18,3213.1,3213.32,ETH
2026-01-07 12:26:40+00:00,700.0,3213.23,3213.1,3213.32,ETH
2026-01-07 12:26:41+00:00,701.0,3213.21,3213.1,3213.28,ETH
2026-01-07 12:26:42+00:00,702.0,3213.19,3213.08,3213.24,ETH
2026-01-07 12:26:43+00:00,703.0,3213.19,3213.05,3213.24,ETH
2026-01-07 12:26:44+00:00,704.0,3213.19,3213.05,3213.24,ETH
2026-01-07 12:26:45+00:00,705.0,3213.19,3213.05,3213.24,ETH
2026-01-07 12:26:46+00:00,706.0,3213.19,3213.05,3213.24,ETH
2026-01-07 12:26:47+00:00,707.0,3213.36,3213.2,3213.45,ETH
2026-01-07 12:26:48+00:00,708.0,3213.61,3213.49,3213.74,ETH
2026-01-07 12:26:49+00:00,709.0,3213.73,3213.64,3213.82,ETH
2026-01-07 12:26:50+00:00,710.0,3213.78,3213.64,3213.82,ETH
2026-01-07 12:26:51+00:00,711.0,3213.78,3213.64,3213.82,ETH
2026-01-07 12:26:52+00:00,712.0,3213.77,3213.62,3213.82,ETH
2026-01-07 12:26:53+00:00,713.0,3213.77,3213.6,3213.82,ETH
2026-01-07 12:26:54+00:00,714.0,3213.77,3213.6,3213.82,ETH
2026-01-07 12:26:55+00:00,715.0,3213.8,3213.64,3213.85,ETH
2026-01-07 12:26:56+00:00,716.0,3213.84,3213.67,3213.9,ETH
2026-01-07 12:26:57+00:00,717.0,3213.86,3213.67,3213.94,ETH
2026-01-07 12:26:58+00:00,718.0,3213.87,3213.68,3213.92,ETH
2026-01-07 12:26:59+00:00,719.0,3213.87,3213.69,3213.88,ETH
2026-01-07 12:27:00+00:00,720.0,3213.87,3213.67,3213.89,ETH
2026-01-07 12:27:01+00:00,721.0,3213.86,3213.67,3213.89,ETH
2026-01-07 12:27:02+00:00,722.0,3213.85,3213.68,3213.89,ETH
2026-01-07 12:27:03+00:00,723.0,3213.84,3213.67,3213.89,ETH
2026-01-07 12:27:04+00:00,724.0,3213.84,3213.67,3213.88,ETH
2026-01-07 12:27:05+00:00,725.0,3213.84,3213.67,3213.87,ETH
2026-01-07 12:27:06+00:00,726.0,3213.83,3213.67,3213.87,ETH
2026-01-07 12:27:07+00:00,727.0,3213.84,3213.67,3213.87,ETH
2026-01-07 12:27:08+00:00,728.0,3213.85,3213.67,3213.87,ETH
2026-01-07 12:27:10+00:00,730.0,3213.86,3213.68,3213.87,ETH
2026-01-07 12:27:11+00:00,731.0,3213.86,3213.67,3213.87,ETH
2026-01-07 12:27:12+00:00,732.0,3213.86,3213.67,3213.87,ETH
2026-01-07 12:27:13+00:00,733.0,3213.86,3213.67,3213.87,ETH
2026-01-07 12:27:14+00:00,734.0,3213.82,3213.67,3213.87,ETH
2026-01-07 12:27:15+00:00,735.0,3213.82,3213.67,3213.87,ETH
2026-01-07 12:27:16+00:00,736.0,3213.8,3213.67,3213.86,ETH
2026-01-07 12:27:17+00:00,737.0,3213.8,3213.67,3213.86,ETH
2026-01-07 12:27:18+00:00,738.0,3213.8,3213.67,3213.86,ETH
2026-01-07 12:27:19+00:00,739.0,3213.8,3213.67,3213.86,ETH
2026-01-07 12:27:20+00:00,740.0,3213.8,3213.67,3213.86,ETH
2026-01-07 12:27:21+00:00,741.0,3213.8,3213.67,3213.87,ETH
2026-01-07 12:27:22+00:00,742.0,3213.8,3213.68,3213.87,ETH
2026-01-07 12:27:23+00:00,743.0,3213.8,3213.68,3213.87,ETH
2026-01-07 12:27:24+00:00,744.0,3213.8,3213.68,3213.86,ETH
2026-01-07 12:27:25+00:00,745.0,3213.86,3213.78,3213.97,ETH
2026-01-07 12:27:26+00:00,746.0,3213.99,3213.92,3214.09,ETH
2026-01-07 12:27:27+00:00,747.0,3214.07,3213.97,3214.13,ETH
2026-01-07 12:27:28+00:00,748.0,3214.07,3213.97,3214.15,ETH
2026-01-07 12:27:29+00:00,749.0,3214.07,3213.97,3214.14,ETH
2026-01-07 12:27:30+00:00,750.0,3214.07,3213.96,3214.14,ETH
2026-01-07 12:27:31+00:00,751.0,3214.07,3213.96,3214.14,ETH
2026-01-07 12:27:32+00:00,752.0,3214.1,3213.99,3214.19,ETH
2026-01-07 12:27:33+00:00,753.0,3214.14,3214.04,3214.25,ETH
2026-01-07 12:27:34+00:00,754.0,3214.16,3214.05,3214.25,ETH
2026-01-07 12:27:35+00:00,755.0,3214.17,3214.06,3214.25,ETH
2026-01-07 12:27:36+00:00,756.0,3214.17,3214.06,3214.25,ETH
2026-01-07 12:27:37+00:00,757.0,3214.17,3214.06,3214.25,ETH
2026-01-07 12:27:38+00:00,758.0,3214.18,3214.05,3214.25,ETH
2026-01-07 12:27:39+00:00,759.0,3214.19,3214.05,3214.25,ETH
2026-01-07 12:27:40+00:00,760.0,3214.19,3214.05,3214.25,ETH
2026-01-07 12:27:41+00:00,761.0,3214.19,3214.05,3214.25,ETH
2026-01-07 12:27:42+00:00,762.0,3214.19,3214.05,3214.3,ETH
2026-01-07 12:27:43+00:00,763.0,3214.23,3214.07,3214.34,ETH
2026-01-07 12:27:44+00:00,764.0,3214.26,3214.09,3214.34,ETH
2026-01-07 12:27:45+00:00,765.0,3214.26,3214.09,3214.34,ETH
2026-01-07 12:27:46+00:00,766.0,3214.26,3214.08,3214.34,ETH
2026-01-07 12:27:47+00:00,767.0,3214.26,3214.09,3214.34,ETH
2026-01-07 12:27:48+00:00,768.0,3214.26,3214.08,3214.34,ETH
2026-01-07 12:27:49+00:00,769.0,3214.26,3214.08,3214.34,ETH
2026-01-07 12:27:50+00:00,770.0,3214.26,3214.08,3214.34,ETH
2026-01-07 12:27:51+00:00,771.0,3214.26,3214.08,3214.34,ETH
2026-01-07 12:27:52+00:00,772.0,3214.26,3214.08,3214.34,ETH
2026-01-07 12:27:53+00:00,773.0,3214.26,3214.08,3214.34,ETH
2026-01-07 12:27:54+00:00,774.0,3214.26,3214.1,3214.34,ETH
2026-01-07 12:27:55+00:00,775.0,3214.32,3214.1,3214.34,ETH
2026-01-07 12:27:56+00:00,776.0,3214.32,3214.1,3214.34,ETH
2026-01-07 12:27:57+00:00,777.0,3214.32,3214.1,3214.34,ETH
2026-01-07 12:27:58+00:00,778.0,3214.32,3214.11,3214.34,ETH
2026-01-07 12:27:59+00:00,779.0,3214.32,3214.11,3214.34,ETH
2026-01-07 12:28:00+00:00,780.0,3214.32,3214.11,3214.34,ETH
2026-01-07 12:28:01+00:00,781.0,3214.29,3214.09,3214.34,ETH
2026-01-07 12:28:02+00:00,782.0,3214.32,3214.09,3214.34,ETH
2026-01-07 12:28:03+00:00,783.0,3214.32,3214.1,3214.35,ETH
2026-01-07 12:28:04+00:00,784.0,3214.34,3214.14,3214.38,ETH
2026-01-07 12:28:05+00:00,785.0,3214.34,3214.1,3214.38,ETH
2026-01-07 12:28:06+00:00,786.0,3214.34,3214.2,3214.39,ETH
2026-01-07 12:28:07+00:00,787.0,3214.34,3214.12,3214.39,ETH
2026-01-07 12:28:08+00:00,788.0,3214.34,3214.12,3214.39,ETH
2026-01-07 12:28:09+00:00,789.0,3214.34,3214.12,3214.39,ETH
2026-01-07 12:28:10+00:00,790.0,3214.34,3214.12,3214.39,ETH
2026-01-07 12:28:11+00:00,791.0,3214.34,3214.12,3214.39,ETH
2026-01-07 12:28:12+00:00,792.0,3214.34,3214.25,3214.39,ETH
2026-01-07 12:28:13+00:00,793.0,3214.34,3214.1,3214.37,ETH
2026-01-07 12:28:14+00:00,794.0,3213.88,3213.88,3214.16,ETH
2026-01-07 12:28:15+00:00,795.0,3213.89,3213.89,3214.16,ETH
2026-01-07 12:28:16+00:00,796.0,3213.89,3213.79,3214.04,ETH
2026-01-07 12:28:17+00:00,797.0,3213.89,3213.78,3213.96,ETH
2026-01-07 12:28:18+00:00,798.0,3213.92,3213.83,3213.96,ETH
2026-01-07 12:28:19+00:00,799.0,3213.93,3213.88,3213.97,ETH
2026-01-07 12:28:20+00:00,800.0,3213.89,3213.75,3213.94,ETH
2026-01-07 12:28:21+00:00,801.0,3213.89,3213.75,3213.94,ETH
2026-01-07 12:28:22+00:00,802.0,3213.89,3213.75,3213.94,ETH
2026-01-07 12:28:23+00:00,803.0,3213.91,3213.82,3213.94,ETH
2026-01-07 12:28:24+00:00,804.0,3213.93,3213.89,3214.0,ETH
2026-01-07 12:28:25+00:00,805.0,3213.9,3213.82,3213.94,ETH
2026-01-07 12:28:26+00:00,806.0,3213.89,3213.74,3213.93,ETH
2026-01-07 12:28:27+00:00,807.0,3213.89,3213.74,3213.93,ETH
2026-01-07 12:28:28+00:00,808.0,3213.89,3213.74,3213.94,ETH
2026-01-07 12:28:29+00:00,809.0,3213.89,3213.74,3213.94,ETH
2026-01-07 12:28:30+00:00,810.0,3213.89,3213.76,3213.94,ETH
2026-01-07 12:28:31+00:00,811.0,3213.89,3213.76,3213.94,ETH
2026-01-07 12:28:32+00:00,812.0,3213.85,3213.76,3213.94,ETH
2026-01-07 12:28:33+00:00,813.0,3213.81,3213.76,3213.94,ETH
2026-01-07 12:28:34+00:00,814.0,3213.81,3213.75,3213.94,ETH
2026-01-07 12:28:35+00:00,815.0,3213.85,3213.8,3213.94,ETH
2026-01-07 12:28:36+00:00,816.0,3213.81,3213.75,3213.93,ETH
2026-01-07 12:28:37+00:00,817.0,3213.81,3213.75,3213.91,ETH
2026-01-07 12:28:38+00:00,818.0,3213.81,3213.72,3213.92,ETH
2026-01-07 12:28:39+00:00,819.0,3213.81,3213.72,3213.92,ETH
2026-01-07 12:28:40+00:00,820.0,3213.81,3213.72,3213.92,ETH
2026-01-07 12:28:41+00:00,821.0,3213.81,3213.74,3213.91,ETH
2026-01-07 12:28:42+00:00,822.0,3213.81,3213.74,3213.91,ETH
2026-01-07 12:28:43+00:00,823.0,3213.81,3213.74,3213.91,ETH
2026-01-07 12:28:44+00:00,824.0,3213.58,3213.5,3213.64,ETH
2026-01-07 12:28:45+00:00,825.0,3213.43,3213.28,3213.5,ETH
2026-01-07 12:28:46+00:00,826.0,3213.47,3213.28,3213.48,ETH
2026-01-07 12:28:47+00:00,827.0,3213.42,3213.27,3213.46,ETH
2026-01-07 12:28:48+00:00,828.0,3213.42,3213.26,3213.45,ETH
2026-01-07 12:28:49+00:00,829.0,3213.42,3213.26,3213.43,ETH
2026-01-07 12:28:50+00:00,830.0,3213.42,3213.27,3213.43,ETH
2026-01-07 12:28:51+00:00,831.0,3213.42,3213.37,3213.46,ETH
2026-01-07 12:28:52+00:00,832.0,3213.42,3213.35,3213.44,ETH
2026-01-07 12:28:53+00:00,833.0,3213.42,3213.26,3213.44,ETH
2026-01-07 12:28:54+00:00,834.0,3213.42,3213.26,3213.45,ETH
2026-01-07 12:28:55+00:00,835.0,3213.42,3213.31,3213.45,ETH
2026-01-07 12:28:56+00:00,836.0,3213.45,3213.3,3213.46,ETH
2026-01-07 12:28:57+00:00,837.0,3213.44,3213.31,3213.46,ETH
2026-01-07 12:28:58+00:00,838.0,3213.43,3213.31,3213.46,ETH
2026-01-07 12:28:59+00:00,839.0,3213.43,3213.31,3213.46,ETH
2026-01-07 12:29:00+00:00,840.0,3213.43,3213.31,3213.46,ETH
2026-01-07 12:29:01+00:00,841.0,3213.44,3213.31,3213.57,ETH
2026-01-07 12:29:02+00:00,842.0,3213.79,3213.64,3213.97,ETH
2026-01-07 12:29:03+00:00,843.0,3214.28,3214.11,3214.38,ETH
2026-01-07 12:29:04+00:00,844.0,3214.51,3214.27,3214.57,ETH
2026-01-07 12:29:05+00:00,845.0,3214.6,3214.33,3214.65,ETH
2026-01-07 12:29:06+00:00,846.0,3214.6,3214.39,3214.66,ETH
2026-01-07 12:29:07+00:00,847.0,3214.6,3214.4,3214.66,ETH
2026-01-07 12:29:08+00:00,848.0,3214.59,3214.4,3214.66,ETH
2026-01-07 12:29:09+00:00,849.0,3214.58,3214.4,3214.66,ETH
2026-01-07 12:29:10+00:00,850.0,3214.58,3214.38,3214.66,ETH
2026-01-07 12:29:12+00:00,852.0,3214.58,3214.39,3214.66,ETH
2026-01-07 12:29:13+00:00,853.0,3214.58,3214.38,3214.66,ETH
2026-01-07 12:29:14+00:00,854.0,3214.68,3214.58,3214.97,ETH
2026-01-07 12:29:15+00:00,855.0,3214.95,3214.76,3215.09,ETH
2026-01-07 12:29:16+00:00,856.0,3214.93,3214.78,3215.09,ETH
2026-01-07 12:29:17+00:00,857.0,3214.97,3214.83,3215.09,ETH
2026-01-07 12:29:18+00:00,858.0,3214.94,3214.81,3215.09,ETH
2026-01-07 12:29:19+00:00,859.0,3214.94,3214.83,3215.09,ETH
2026-01-07 12:29:20+00:00,860.0,3214.94,3214.83,3215.09,ETH
2026-01-07 12:29:21+00:00,861.0,3214.94,3214.83,3215.09,ETH
2026-01-07 12:29:22+00:00,862.0,3214.94,3214.87,3215.09,ETH
2026-01-07 12:29:23+00:00,863.0,3214.96,3214.87,3215.09,ETH
2026-01-07 12:29:24+00:00,864.0,3214.96,3214.84,3215.09,ETH
2026-01-07 12:29:25+00:00,865.0,3214.96,3214.85,3215.09,ETH
2026-01-07 12:29:26+00:00,866.0,3214.95,3214.81,3215.09,ETH
2026-01-07 12:29:27+00:00,867.0,3214.94,3214.81,3215.09,ETH
2026-01-07 12:29:28+00:00,868.0,3214.94,3214.81,3215.09,ETH
2026-01-07 12:29:29+00:00,869.0,3214.94,3214.82,3215.09,ETH
2026-01-07 12:29:30+00:00,870.0,3214.94,3214.8,3215.1,ETH
2026-01-07 12:29:31+00:00,871.0,3214.94,3214.8,3215.02,ETH
2026-01-07 12:29:32+00:00,872.0,3214.94,3214.8,3215.03,ETH
2026-01-07 12:29:33+00:00,873.0,3214.98,3214.93,3215.04,ETH
2026-01-07 12:29:34+00:00,874.0,3214.94,3214.86,3215.02,ETH
2026-01-07 12:29:35+00:00,875.0,3214.94,3214.87,3215.02,ETH
2026-01-07 12:29:36+00:00,876.0,3214.94,3214.81,3215.02,ETH
2026-01-07 12:29:37+00:00,877.0,3214.94,3214.8,3215.02,ETH
2026-01-07 12:29:38+00:00,878.0,3214.94,3214.84,3215.05,ETH
2026-01-07 12:29:39+00:00,879.0,3214.94,3214.81,3215.06,ETH
2026-01-07 12:29:40+00:00,880.0,3214.94,3214.84,3215.06,ETH
2026-01-07 12:29:41+00:00,881.0,3214.94,3214.8,3215.06,ETH
2026-01-07 12:29:42+00:00,882.0,3214.94,3214.88,3215.07,ETH
2026-01-07 12:29:43+00:00,883.0,3214.94,3214.79,3215.07,ETH
2026-01-07 12:29:44+00:00,884.0,3214.94,3214.81,3215.07,ETH
2026-01-07 12:29:45+00:00,885.0,3214.94,3214.8,3215.09,ETH
2026-01-07 12:29:46+00:00,886.0,3214.95,3214.82,3215.08,ETH
2026-01-07 12:29:47+00:00,887.0,3214.95,3214.82,3215.05,ETH
2026-01-07 12:29:48+00:00,888.0,3214.95,3214.81,3215.05,ETH
2026-01-07 12:29:49+00:00,889.0,3214.95,3214.82,3215.05,ETH
2026-01-07 12:29:50+00:00,890.0,3214.94,3214.82,3215.05,ETH
2026-01-07 12:29:51+00:00,891.0,3214.94,3214.82,3215.05,ETH
2026-01-07 12:29:52+00:00,892.0,3214.94,3214.82,3215.05,ETH
2026-01-07 12:29:53+00:00,893.0,3214.95,3214.82,3215.07,ETH
2026-01-07 12:29:54+00:00,894.0,3215.01,3214.88,3215.12,ETH
2026-01-07 12:29:55+00:00,895.0,3215.1,3214.99,3215.21,ETH
2026-01-07 12:29:56+00:00,896.0,3215.2,3215.11,3215.29,ETH
2026-01-07 12:29:57+00:00,897.0,3215.35,3215.22,3215.41,ETH
2026-01-07 12:29:58+00:00,898.0,3215.48,3215.29,3215.5,ETH
2026-01-07 12:29:59+00:00,899.0,3215.5,3215.3,3215.51,ETH
