timestamp,data_timestamp_raw,asset,mid,bid,ask,source,is_observed,collected_at
2026-01-06T03:10:26+00:00,03:10:26,BTC,93742.18,93738.8,93744.53,dom,1,2026-01-06T03:11:31.154326+00:00
2026-01-06T03:10:27+00:00,03:10:26,BTC,93742.03,93738.61,93744.42,dom,1,2026-01-06T03:11:32.211336+00:00
2026-01-06T03:10:28+00:00,03:10:26,BTC,93743.89,93741.09,93746.87,dom,1,2026-01-06T03:11:33.307499+00:00
2026-01-06T03:10:29+00:00,03:10:26,BTC,93743.89,93741.09,93746.87,dom,1,2026-01-06T03:11:34.292186+00:00
2026-01-06T03:10:30+00:00,03:10:26,BTC,93739.27,93736.1,93741.9,dom,1,2026-01-06T03:11:35.285970+00:00
2026-01-06T03:10:31+00:00,03:10:26,BTC,93742.86,93739.48,93745.68,dom,1,2026-01-06T03:11:36.305770+00:00
2026-01-06T03:10:32+00:00,03:10:26,BTC,93742.86,93739.48,93745.68,dom,1,2026-01-06T03:11:37.291708+00:00
2026-01-06T03:10:33+00:00,03:10:26,BTC,93741.34,93738.01,93744.15,dom,1,2026-01-06T03:11:38.291573+00:00
2026-01-06T03:10:34+00:00,03:10:26,BTC,93741.34,93738.01,93744.15,dom,1,2026-01-06T03:11:39.317911+00:00
2026-01-06T03:10:35+00:00,03:10:26,BTC,93743.68,93739.4,93746.64,dom,1,2026-01-06T03:11:40.307548+00:00
2026-01-06T03:10:36+00:00,03:10:26,BTC,93743.29,93739.4,93746.13,dom,1,2026-01-06T03:11:41.303368+00:00
2026-01-06T03:10:37+00:00,03:10:26,BTC,93742.35,93738.48,93745.18,dom,1,2026-01-06T03:11:42.346289+00:00
2026-01-06T03:10:38+00:00,03:10:26,BTC,93743.65,93740.3,93748.29,dom,1,2026-01-06T03:11:43.555957+00:00
2026-01-06T03:10:39+00:00,03:10:26,BTC,93742.92,93739.14,93745.72,dom,1,2026-01-06T03:11:44.571259+00:00
2026-01-06T03:10:40+00:00,03:10:26,BTC,93742.92,93739.13,93745.72,dom,1,2026-01-06T03:11:45.575510+00:00
2026-01-06T03:10:41+00:00,03:10:26,BTC,93743.61,93739.9,93746.37,dom,1,2026-01-06T03:11:46.576289+00:00
2026-01-06T03:10:42+00:00,03:10:26,BTC,93743.61,93739.9,93746.37,dom,1,2026-01-06T03:11:47.602613+00:00
2026-01-06T03:10:43+00:00,03:10:26,BTC,93742.82,93739.13,93745.78,dom,1,2026-01-06T03:11:48.604059+00:00
2026-01-06T03:10:44+00:00,03:10:26,BTC,93742.82,93739.13,93745.78,dom,1,2026-01-06T03:11:49.610117+00:00
2026-01-06T03:10:45+00:00,03:10:26,BTC,93742.26,93738.56,93745.18,dom,1,2026-01-06T03:11:50.623740+00:00
2026-01-06T03:10:46+00:00,03:10:26,BTC,93743.47,93739.79,93746.33,dom,1,2026-01-06T03:11:51.631055+00:00
2026-01-06T03:10:47+00:00,03:10:26,BTC,93743.47,93739.79,93746.33,dom,1,2026-01-06T03:11:52.641298+00:00
2026-01-06T03:10:48+00:00,03:10:26,BTC,93742.41,93738.51,93745.35,dom,1,2026-01-06T03:11:53.657592+00:00
2026-01-06T03:10:49+00:00,03:10:26,BTC,93742.41,93738.51,93745.35,dom,1,2026-01-06T03:11:54.655610+00:00
2026-01-06T03:10:50+00:00,03:10:26,BTC,93742.46,93738.68,93745.34,dom,1,2026-01-06T03:11:55.704143+00:00
2026-01-06T03:10:51+00:00,03:10:26,BTC,93742.28,93738.51,93745.19,dom,1,2026-01-06T03:11:56.667004+00:00
2026-01-06T03:10:52+00:00,03:10:26,BTC,93743.12,93739.17,93745.99,dom,1,2026-01-06T03:11:57.725274+00:00
2026-01-06T03:10:53+00:00,03:10:26,BTC,93736.26,93734.12,93736.81,dom,1,2026-01-06T03:11:58.764847+00:00
2026-01-06T03:10:54+00:00,03:10:26,BTC,93733.87,93729.82,93736.14,dom,1,2026-01-06T03:11:59.747248+00:00
2026-01-06T03:10:55+00:00,03:10:26,BTC,93733.87,93729.82,93736.14,dom,1,2026-01-06T03:12:00.726026+00:00
2026-01-06T03:10:56+00:00,03:10:26,BTC,93727.67,93724.37,93732.26,dom,1,2026-01-06T03:12:01.778327+00:00
2026-01-06T03:10:57+00:00,03:10:26,BTC,93727.22,93722.92,93731.45,dom,1,2026-01-06T03:12:02.786213+00:00
2026-01-06T03:10:58+00:00,03:10:26,BTC,93726.81,93722.92,93731.45,dom,1,2026-01-06T03:12:03.804414+00:00
2026-01-06T03:10:59+00:00,03:10:26,BTC,93726.67,93722.21,93731.2,dom,1,2026-01-06T03:12:04.802195+00:00
2026-01-06T03:11:00+00:00,03:10:26,BTC,93725.09,93721.29,93725.58,dom,1,2026-01-06T03:12:05.822249+00:00
2026-01-06T03:11:01+00:00,03:10:26,BTC,93724.86,93721.1,93725.34,dom,1,2026-01-06T03:12:06.842495+00:00
2026-01-06T03:11:02+00:00,03:10:26,BTC,93726.11,93721.91,93726.51,dom,1,2026-01-06T03:12:07.842054+00:00
2026-01-06T03:11:03+00:00,03:10:26,BTC,93718.85,93716.05,93719.41,dom,1,2026-01-06T03:12:08.858609+00:00
2026-01-06T03:11:04+00:00,03:10:26,BTC,93716.74,93714.91,93717.26,dom,1,2026-01-06T03:12:09.861888+00:00
2026-01-06T03:11:05+00:00,03:10:26,BTC,93716.61,93714.83,93717.06,dom,1,2026-01-06T03:12:10.883669+00:00
2026-01-06T03:11:06+00:00,03:10:26,BTC,93717.38,93715.24,93717.89,dom,1,2026-01-06T03:12:11.851646+00:00
2026-01-06T03:11:07+00:00,03:10:26,BTC,93717.38,93715.24,93717.89,dom,1,2026-01-06T03:12:12.871231+00:00
2026-01-06T03:11:08+00:00,03:10:26,BTC,93717.65,93715.5,93718.09,dom,1,2026-01-06T03:12:13.873322+00:00
2026-01-06T03:11:09+00:00,03:10:26,BTC,93717.65,93715.5,93718.09,dom,1,2026-01-06T03:12:14.915543+00:00
2026-01-06T03:11:10+00:00,03:10:26,BTC,93716.68,93714.56,93717.15,dom,1,2026-01-06T03:12:17.890639+00:00
2026-01-06T03:11:11+00:00,03:10:26,BTC,93715.99,93713.81,93716.53,dom,1,2026-01-06T03:12:18.940838+00:00
2026-01-06T03:11:12+00:00,03:10:26,BTC,93707.17,93703.71,93707.56,dom,1,2026-01-06T03:12:29.572857+00:00
2026-01-06T03:11:13+00:00,03:11:13,BTC,93710.67,93708.02,93715.51,dom,1,2026-01-06T03:13:19.520260+00:00
2026-01-06T03:11:15+00:00,03:11:15,BTC,93711.67,93709,93716.14,dom,1,2026-01-06T03:13:21.037897+00:00
2026-01-06T03:11:16+00:00,03:11:16,BTC,93711.46,93709.01,93716.04,dom,1,2026-01-06T03:13:22.953733+00:00
2026-01-06T03:11:17+00:00,03:11:17,BTC,93711.66,93709.01,93716.3,dom,1,2026-01-06T03:13:23.308338+00:00
2026-01-06T03:11:18+00:00,03:11:18,BTC,93711.87,93709.01,93716.55,dom,1,2026-01-06T03:13:24.382174+00:00
2026-01-06T03:11:19+00:00,03:11:19,BTC,93711.93,93708.99,93716.59,dom,1,2026-01-06T03:13:25.609691+00:00
2026-01-06T03:11:21+00:00,03:11:21,BTC,93711.9,93708.98,93716.56,dom,1,2026-01-06T03:13:27.004204+00:00
2026-01-06T03:11:22+00:00,03:11:22,BTC,93706.25,93703.6,93710.89,dom,1,2026-01-06T03:13:28.035843+00:00
2026-01-06T03:11:23+00:00,03:11:23,BTC,93706.36,93703.85,93711.23,dom,1,2026-01-06T03:13:29.063534+00:00
2026-01-06T03:11:24+00:00,03:11:24,BTC,93711.34,93708.95,93715.63,dom,1,2026-01-06T03:13:30.191458+00:00
2026-01-06T03:11:26+00:00,03:11:26,BTC,93718.18,93714.81,93721.55,dom,1,2026-01-06T03:13:31.856271+00:00
2026-01-06T03:11:27+00:00,03:11:27,BTC,93713.56,93712.64,93717.51,dom,1,2026-01-06T03:13:33.061632+00:00
2026-01-06T03:11:28+00:00,03:11:28,BTC,93713.56,93712.64,93717.53,dom,1,2026-01-06T03:13:34.220751+00:00
2026-01-06T03:11:30+00:00,03:11:30,BTC,93715.21,93713.7,93718.33,dom,1,2026-01-06T03:13:36.711835+00:00
2026-01-06T03:11:31+00:00,03:11:31,BTC,93715.28,93713.74,93719.4,dom,1,2026-01-06T03:13:37.677461+00:00
2026-01-06T03:11:32+00:00,03:11:32,BTC,93715.45,93713.91,93719.36,dom,1,2026-01-06T03:13:38.688793+00:00
2026-01-06T03:11:34+00:00,03:11:34,BTC,93712.89,93711.45,93716.9,dom,1,2026-01-06T03:13:40.378077+00:00
2026-01-06T03:11:35+00:00,03:11:35,BTC,93711.47,93709.41,93715.4,dom,1,2026-01-06T03:13:41.394999+00:00
2026-01-06T03:11:36+00:00,03:11:36,BTC,93710.09,93707.38,93713.9,dom,1,2026-01-06T03:13:42.370668+00:00
2026-01-06T03:11:37+00:00,03:11:37,BTC,93710.51,93707.86,93714.24,dom,1,2026-01-06T03:13:43.758865+00:00
2026-01-06T03:11:38+00:00,03:11:38,BTC,93711.9,93709.59,93715.72,dom,1,2026-01-06T03:13:45.384431+00:00
2026-01-06T03:11:39+00:00,03:11:39,BTC,93712.89,93710.84,93716.85,dom,1,2026-01-06T03:13:45.513497+00:00
2026-01-06T03:11:40+00:00,03:11:40,BTC,93712.91,93710.83,93716.88,dom,1,2026-01-06T03:13:47.416749+00:00
2026-01-06T03:11:41+00:00,03:11:41,BTC,93712.89,93710.59,93716.87,dom,1,2026-01-06T03:13:48.337671+00:00
2026-01-06T03:11:42+00:00,03:11:42,BTC,93708.53,93705.25,93710.7,dom,1,2026-01-06T03:13:49.092766+00:00
2026-01-06T03:11:43+00:00,03:11:43,BTC,93704.21,93700.12,93704.57,dom,1,2026-01-06T03:13:49.975309+00:00
2026-01-06T03:11:44+00:00,03:11:44,BTC,93704.53,93700.36,93704.95,dom,1,2026-01-06T03:13:51.027866+00:00
2026-01-06T03:11:45+00:00,03:11:45,BTC,93705.26,93701.01,93705.71,dom,1,2026-01-06T03:13:52.040781+00:00
2026-01-06T03:11:47+00:00,03:11:47,BTC,93705.66,93701.42,93706.1,dom,1,2026-01-06T03:13:53.074106+00:00
2026-01-06T03:11:48+00:00,03:11:48,BTC,93705.52,93702.16,93705.97,dom,1,2026-01-06T03:13:54.152860+00:00
2026-01-06T03:11:49+00:00,03:11:49,BTC,93701.32,93699.06,93701.9,dom,1,2026-01-06T03:13:55.258034+00:00
2026-01-06T03:11:50+00:00,03:11:50,BTC,93700.55,93696.03,93705.16,dom,1,2026-01-06T03:13:56.243857+00:00
2026-01-06T03:11:51+00:00,03:11:51,BTC,93700.55,93696.03,93705.16,dom,1,2026-01-06T03:13:57.277560+00:00
2026-01-06T03:11:52+00:00,03:11:52,BTC,93700.59,93695.77,93704.41,dom,1,2026-01-06T03:13:58.496811+00:00
2026-01-06T03:11:53+00:00,03:11:53,BTC,93700.59,93695.77,93704.41,dom,1,2026-01-06T03:13:59.411530+00:00
2026-01-06T03:11:54+00:00,03:11:54,BTC,93696.77,93692.19,93698.9,dom,1,2026-01-06T03:14:01.133863+00:00
2026-01-06T03:11:55+00:00,03:11:55,BTC,93696.02,93691.53,93697.63,dom,1,2026-01-06T03:14:01.838696+00:00
2026-01-06T03:11:56+00:00,03:11:56,BTC,93696.22,93691.6,93698.92,dom,1,2026-01-06T03:14:02.858832+00:00
2026-01-06T03:11:57+00:00,03:11:57,BTC,93696.22,93691.6,93698.91,dom,1,2026-01-06T03:14:03.945093+00:00
2026-01-06T03:11:59+00:00,03:11:59,BTC,93693.71,93688.99,93694.42,dom,1,2026-01-06T03:14:05.802832+00:00
2026-01-06T03:12:00+00:00,03:12:00,BTC,93693.71,93688.99,93694.42,dom,1,2026-01-06T03:14:06.354119+00:00
2026-01-06T03:12:01+00:00,03:12:01,BTC,93695.71,93690.98,93699.13,dom,1,2026-01-06T03:14:07.557971+00:00
2026-01-06T03:12:02+00:00,03:12:02,BTC,93695.7,93690.99,93699.06,dom,1,2026-01-06T03:14:08.883739+00:00
2026-01-06T03:12:03+00:00,03:12:03,BTC,93694.81,93689.86,93696.75,dom,1,2026-01-06T03:14:09.915031+00:00
2026-01-06T03:12:04+00:00,03:12:04,BTC,93694.77,93689.86,93696.63,dom,1,2026-01-06T03:14:10.930578+00:00
2026-01-06T03:12:05+00:00,03:12:05,BTC,93695.5,93690.97,93698.73,dom,1,2026-01-06T03:14:12.153019+00:00
2026-01-06T03:12:07+00:00,03:12:07,BTC,93696.26,93691.83,93699.85,dom,1,2026-01-06T03:14:13.517892+00:00
2026-01-06T03:12:08+00:00,03:12:08,BTC,93697.15,93692.71,93700.94,dom,1,2026-01-06T03:14:14.526809+00:00
2026-01-06T03:12:09+00:00,03:12:09,BTC,93694.22,93689.73,93697.29,dom,1,2026-01-06T03:14:15.567163+00:00
2026-01-06T03:12:10+00:00,03:12:10,BTC,93697.97,93693.93,93702.78,dom,1,2026-01-06T03:14:16.582574+00:00
2026-01-06T03:12:11+00:00,03:12:11,BTC,93697.99,93693.93,93703.52,dom,1,2026-01-06T03:14:17.584795+00:00
2026-01-06T03:12:12+00:00,03:12:12,BTC,93698,93694.14,93703.52,dom,1,2026-01-06T03:14:19.075117+00:00
2026-01-06T03:12:13+00:00,03:12:13,BTC,93698,93694.14,93703.52,dom,1,2026-01-06T03:14:19.623765+00:00
2026-01-06T03:12:14+00:00,03:12:14,BTC,93698.02,93694.29,93703.52,dom,1,2026-01-06T03:14:20.680263+00:00
2026-01-06T03:12:15+00:00,03:12:15,BTC,93695.41,93691.22,93699.23,dom,1,2026-01-06T03:14:21.939685+00:00
2026-01-06T03:12:16+00:00,03:12:16,BTC,93698.03,93694.29,93703.52,dom,1,2026-01-06T03:14:22.797730+00:00
2026-01-06T03:12:17+00:00,03:12:17,BTC,93698.01,93694.28,93703.51,dom,1,2026-01-06T03:14:23.792895+00:00
2026-01-06T03:12:18+00:00,03:12:18,BTC,93697.96,93694.31,93703.5,dom,1,2026-01-06T03:14:24.911801+00:00
2026-01-06T03:12:19+00:00,03:12:19,BTC,93697.97,93694.31,93703.52,dom,1,2026-01-06T03:14:25.992339+00:00
2026-01-06T03:12:20+00:00,03:12:20,BTC,93695.6,93691.7,93700.3,dom,1,2026-01-06T03:14:27.001311+00:00
2026-01-06T03:12:21+00:00,03:12:21,BTC,93695.6,93691.7,93699.71,dom,1,2026-01-06T03:14:28.008388+00:00
2026-01-06T03:12:22+00:00,03:12:22,BTC,93697.98,93693.38,93701.86,dom,1,2026-01-06T03:14:29.244716+00:00
2026-01-06T03:12:23+00:00,03:12:23,BTC,93698,93693.38,93702.47,dom,1,2026-01-06T03:14:30.247886+00:00
2026-01-06T03:12:24+00:00,03:12:24,BTC,93695.72,93691.77,93700.41,dom,1,2026-01-06T03:14:31.231193+00:00
2026-01-06T03:12:25+00:00,03:12:25,BTC,93695.22,93690.83,93698.81,dom,1,2026-01-06T03:14:32.310889+00:00
2026-01-06T03:12:27+00:00,03:12:27,BTC,93697.13,93692.46,93700.55,dom,1,2026-01-06T03:14:33.432610+00:00
2026-01-06T03:12:28+00:00,03:12:28,BTC,93698.22,93693.58,93704.74,dom,1,2026-01-06T03:14:34.540509+00:00
2026-01-06T03:12:29+00:00,03:12:29,BTC,93708.6,93706.93,93712.61,dom,1,2026-01-06T03:14:35.904878+00:00
2026-01-06T03:12:30+00:00,03:12:30,BTC,93707.56,93705.85,93711.75,dom,1,2026-01-06T03:14:36.922153+00:00
2026-01-06T03:12:31+00:00,03:12:31,BTC,93707.51,93705.99,93711.7,dom,1,2026-01-06T03:14:37.974128+00:00
2026-01-06T03:12:32+00:00,03:12:32,BTC,93711.65,93710.44,93715.67,dom,1,2026-01-06T03:14:38.905109+00:00
2026-01-06T03:12:33+00:00,03:12:33,BTC,93724.79,93723.34,93728,dom,1,2026-01-06T03:14:39.901607+00:00
2026-01-06T03:12:34+00:00,03:12:34,BTC,93737.52,93735.28,93740.94,dom,1,2026-01-06T03:14:40.901272+00:00
2026-01-06T03:12:35+00:00,03:12:35,BTC,93740.89,93738.92,93745.25,dom,1,2026-01-06T03:14:41.989454+00:00
2026-01-06T03:12:36+00:00,03:12:36,BTC,93741.2,93740.01,93745.37,dom,1,2026-01-06T03:14:43.164961+00:00
2026-01-06T03:12:37+00:00,03:12:37,BTC,93740.95,93739.56,93745.37,dom,1,2026-01-06T03:14:44.297164+00:00
2026-01-06T03:12:38+00:00,03:12:38,BTC,93740.67,93739.11,93744.64,dom,1,2026-01-06T03:14:45.426504+00:00
2026-01-06T03:12:39+00:00,03:12:39,BTC,93740.4,93738.81,93744.35,dom,1,2026-01-06T03:14:46.421035+00:00
2026-01-06T03:12:40+00:00,03:12:40,BTC,93740.61,93739.03,93745.05,dom,1,2026-01-06T03:14:47.448060+00:00
2026-01-06T03:12:41+00:00,03:12:41,BTC,93739.44,93738.07,93742.99,dom,1,2026-01-06T03:14:48.539446+00:00
2026-01-06T03:12:42+00:00,03:12:42,BTC,93735.96,93734.48,93739.56,dom,1,2026-01-06T03:14:49.509909+00:00
2026-01-06T03:12:44+00:00,03:12:44,BTC,93734.73,93732.36,93738.98,dom,1,2026-01-06T03:14:50.863265+00:00
2026-01-06T03:12:45+00:00,03:12:45,BTC,93736.78,93734.31,93740.64,dom,1,2026-01-06T03:14:51.878033+00:00
2026-01-06T03:12:46+00:00,03:12:46,BTC,93735.07,93732.32,93739.4,dom,1,2026-01-06T03:14:52.900820+00:00
2026-01-06T03:12:47+00:00,03:12:47,BTC,93734.7,93732.1,93739.09,dom,1,2026-01-06T03:14:53.915113+00:00
2026-01-06T03:12:48+00:00,03:12:48,BTC,93734.7,93732.1,93738.95,dom,1,2026-01-06T03:14:54.916710+00:00
2026-01-06T03:12:49+00:00,03:12:49,BTC,93734.51,93732.22,93738.87,dom,1,2026-01-06T03:14:55.937022+00:00
2026-01-06T03:12:50+00:00,03:12:50,BTC,93734.54,93732.22,93738.9,dom,1,2026-01-06T03:14:56.942966+00:00
2026-01-06T03:12:51+00:00,03:12:51,BTC,93735.1,93732.8,93739.43,dom,1,2026-01-06T03:14:57.957084+00:00
2026-01-06T03:12:52+00:00,03:12:52,BTC,93735.47,93733.69,93739.83,dom,1,2026-01-06T03:14:59.223657+00:00
2026-01-06T03:12:53+00:00,03:12:53,BTC,93736.26,93734.87,93740.6,dom,1,2026-01-06T03:15:00.286989+00:00
2026-01-06T03:12:54+00:00,03:12:54,BTC,93736.95,93736.06,93741.29,dom,1,2026-01-06T03:15:01.292798+00:00
2026-01-06T03:12:55+00:00,03:12:55,BTC,93736.44,93735.22,93740.89,dom,1,2026-01-06T03:15:02.302924+00:00
2026-01-06T03:12:56+00:00,03:12:56,BTC,93736.03,93734.39,93740.58,dom,1,2026-01-06T03:15:03.372172+00:00
2026-01-06T03:12:58+00:00,03:12:58,BTC,93740.17,93739.13,93744.23,dom,1,2026-01-06T03:15:05.137381+00:00
2026-01-06T03:12:59+00:00,03:12:59,BTC,93737.27,93736,93741.81,dom,1,2026-01-06T03:15:06.129534+00:00
2026-01-06T03:13:00+00:00,03:13:00,BTC,93739.5,93738.84,93743.45,dom,1,2026-01-06T03:15:07.129785+00:00
2026-01-06T03:13:01+00:00,03:13:01,BTC,93739.34,93738.37,93743.54,dom,1,2026-01-06T03:15:08.135814+00:00
2026-01-06T03:13:02+00:00,03:13:02,BTC,93739.52,93738.8,93743.54,dom,1,2026-01-06T03:15:10.199392+00:00
2026-01-06T03:13:04+00:00,03:13:04,BTC,93745.54,93742.27,93749.84,dom,1,2026-01-06T03:15:11.383610+00:00
2026-01-06T03:13:05+00:00,03:13:05,BTC,93750.19,93749.38,93754.06,dom,1,2026-01-06T03:15:12.865667+00:00
2026-01-06T03:13:06+00:00,03:13:06,BTC,93753.5,93752.17,93757.51,dom,1,2026-01-06T03:15:14.492584+00:00
2026-01-06T03:13:07+00:00,03:13:07,BTC,93753.93,93751.28,93758.59,dom,1,2026-01-06T03:15:15.394683+00:00
2026-01-06T03:13:08+00:00,03:13:08,BTC,93753.22,93750.57,93758.03,dom,1,2026-01-06T03:15:16.423941+00:00
2026-01-06T03:13:09+00:00,03:13:09,BTC,93753.71,93751.09,93758.49,dom,1,2026-01-06T03:15:17.831892+00:00
2026-01-06T03:13:10+00:00,03:13:10,BTC,93754.91,93752.33,93759.53,dom,1,2026-01-06T03:15:18.670339+00:00
2026-01-06T03:13:12+00:00,03:13:12,BTC,93754.08,93751.49,93758.5,dom,1,2026-01-06T03:15:19.608626+00:00
2026-01-06T03:13:13+00:00,03:13:13,BTC,93754.16,93751.88,93758.63,dom,1,2026-01-06T03:15:20.856272+00:00
2026-01-06T03:13:14+00:00,03:13:14,BTC,93754.16,93751.99,93758.56,dom,1,2026-01-06T03:15:21.613975+00:00
2026-01-06T03:13:15+00:00,03:13:15,BTC,93754.23,93752.1,93758.65,dom,1,2026-01-06T03:15:22.663312+00:00
2026-01-06T03:13:16+00:00,03:13:16,BTC,93754.33,93751.86,93758.74,dom,1,2026-01-06T03:15:23.752126+00:00
2026-01-06T03:13:17+00:00,03:13:17,BTC,93754.33,93751.86,93758.74,dom,1,2026-01-06T03:15:24.753761+00:00
2026-01-06T03:13:18+00:00,03:13:18,BTC,93754.35,93751.75,93758.84,dom,1,2026-01-06T03:15:25.799741+00:00
2026-01-06T03:13:19+00:00,03:13:19,BTC,93754.35,93751.75,93758.84,dom,1,2026-01-06T03:15:26.714174+00:00
2026-01-06T03:13:20+00:00,03:13:20,BTC,93756.75,93753.97,93760.79,dom,1,2026-01-06T03:15:28.061282+00:00
2026-01-06T03:13:21+00:00,03:13:21,BTC,93755.97,93753.06,93760.44,dom,1,2026-01-06T03:15:28.745269+00:00
2026-01-06T03:13:22+00:00,03:13:22,BTC,93755.56,93752.49,93760.12,dom,1,2026-01-06T03:15:29.775858+00:00
2026-01-06T03:13:23+00:00,03:13:23,BTC,93756.43,93753.3,93760.73,dom,1,2026-01-06T03:15:30.791695+00:00
2026-01-06T03:13:24+00:00,03:13:24,BTC,93757.82,93754.72,93761.83,dom,1,2026-01-06T03:15:31.851442+00:00
2026-01-06T03:13:26+00:00,03:13:26,BTC,93757.82,93754.72,93761.85,dom,1,2026-01-06T03:15:33.881549+00:00
2026-01-06T03:13:27+00:00,03:13:27,BTC,93757.82,93754.72,93761.85,dom,1,2026-01-06T03:15:34.908429+00:00
2026-01-06T03:13:28+00:00,03:13:28,BTC,93756.38,93752.8,93760.88,dom,1,2026-01-06T03:15:35.963051+00:00
2026-01-06T03:13:29+00:00,03:13:29,BTC,93756.27,93752.8,93760.88,dom,1,2026-01-06T03:15:36.980180+00:00
2026-01-06T03:13:30+00:00,03:13:30,BTC,93757.67,93754.9,93761.79,dom,1,2026-01-06T03:15:38.022323+00:00
2026-01-06T03:13:31+00:00,03:13:31,BTC,93753.45,93750.81,93758.13,dom,1,2026-01-06T03:15:39.196336+00:00
2026-01-06T03:13:32+00:00,03:13:32,BTC,93756.11,93753.69,93760.57,dom,1,2026-01-06T03:15:40.375279+00:00
2026-01-06T03:13:33+00:00,03:13:33,BTC,93756.07,93753.76,93760.59,dom,1,2026-01-06T03:15:41.356989+00:00
2026-01-06T03:13:34+00:00,03:13:34,BTC,93757.06,93754.85,93761.42,dom,1,2026-01-06T03:15:42.295551+00:00
2026-01-06T03:13:35+00:00,03:13:35,BTC,93757.04,93754.77,93761.37,dom,1,2026-01-06T03:15:43.329600+00:00
2026-01-06T03:13:36+00:00,03:13:36,BTC,93755.45,93753.02,93760.05,dom,1,2026-01-06T03:15:44.309183+00:00
2026-01-06T03:13:37+00:00,03:13:37,BTC,93753.72,93751.18,93758.58,dom,1,2026-01-06T03:15:45.343481+00:00
2026-01-06T03:13:38+00:00,03:13:38,BTC,93755.31,93753.02,93759.91,dom,1,2026-01-06T03:15:46.398636+00:00
2026-01-06T03:13:39+00:00,03:13:39,BTC,93757.06,93754.92,93761.43,dom,1,2026-01-06T03:15:47.534382+00:00
2026-01-06T03:13:40+00:00,03:13:40,BTC,93757.06,93754.92,93761.42,dom,1,2026-01-06T03:15:48.624262+00:00
2026-01-06T03:13:41+00:00,03:13:41,BTC,93757.06,93754.92,93761.42,dom,1,2026-01-06T03:15:49.531121+00:00
2026-01-06T03:13:42+00:00,03:13:42,BTC,93757.03,93754.91,93761.33,dom,1,2026-01-06T03:15:50.576678+00:00
2026-01-06T03:13:44+00:00,03:13:44,BTC,93756.99,93754.91,93761.32,dom,1,2026-01-06T03:15:51.911882+00:00
2026-01-06T03:13:45+00:00,03:13:45,BTC,93757.02,93754.92,93761.26,dom,1,2026-01-06T03:15:52.898788+00:00
2026-01-06T03:13:46+00:00,03:13:46,BTC,93757.09,93755.09,93761.3,dom,1,2026-01-06T03:15:54.600496+00:00
2026-01-06T03:13:47+00:00,03:13:47,BTC,93755.75,93753.55,93760.13,dom,1,2026-01-06T03:15:55.855101+00:00
2026-01-06T03:13:48+00:00,03:13:48,BTC,93754.38,93751.84,93758.91,dom,1,2026-01-06T03:15:56.693895+00:00
2026-01-06T03:13:49+00:00,03:13:49,BTC,93754.41,93751.84,93758.91,dom,1,2026-01-06T03:15:57.754517+00:00
2026-01-06T03:13:50+00:00,03:13:50,BTC,93757.12,93755.4,93761.29,dom,1,2026-01-06T03:15:58.884395+00:00
2026-01-06T03:13:51+00:00,03:13:51,BTC,93757.12,93755.4,93761.29,dom,1,2026-01-06T03:15:59.902722+00:00
2026-01-06T03:13:52+00:00,03:13:52,BTC,93757.12,93755.4,93761.27,dom,1,2026-01-06T03:16:01.113965+00:00
2026-01-06T03:13:53+00:00,03:13:53,BTC,93757.11,93755.4,93761.24,dom,1,2026-01-06T03:16:02.310514+00:00
2026-01-06T03:13:54+00:00,03:13:54,BTC,93757.11,93755.41,93761.24,dom,1,2026-01-06T03:16:03.453589+00:00
2026-01-06T03:13:56+00:00,03:13:56,BTC,93756.07,93755.14,93758.4,dom,1,2026-01-06T03:16:04.653901+00:00
2026-01-06T03:13:57+00:00,03:13:57,BTC,93757.09,93755.3,93761.19,dom,1,2026-01-06T03:16:05.502195+00:00
2026-01-06T03:13:58+00:00,03:13:58,BTC,93755,93752.48,93759.66,dom,1,2026-01-06T03:16:06.666728+00:00
2026-01-06T03:13:59+00:00,03:13:59,BTC,93755,93752.48,93759.49,dom,1,2026-01-06T03:16:07.600480+00:00
2026-01-06T03:14:00+00:00,03:14:00,BTC,93755,93752.48,93759.31,dom,1,2026-01-06T03:16:08.803852+00:00
2026-01-06T03:14:01+00:00,03:14:01,BTC,93755,93752.48,93759.14,dom,1,2026-01-06T03:16:09.658630+00:00
2026-01-06T03:14:02+00:00,03:14:02,BTC,93757.36,93755.35,93761.48,dom,1,2026-01-06T03:16:10.694805+00:00
2026-01-06T03:14:03+00:00,03:14:03,BTC,93756.71,93755.34,93761.3,dom,1,2026-01-06T03:16:11.743690+00:00
2026-01-06T03:14:04+00:00,03:14:04,BTC,93756.65,93755.18,93761.14,dom,1,2026-01-06T03:16:12.753989+00:00
2026-01-06T03:14:05+00:00,03:14:05,BTC,93751.91,93749.85,93756.84,dom,1,2026-01-06T03:16:13.745625+00:00
2026-01-06T03:14:06+00:00,03:14:06,BTC,93754.69,93752.7,93759.19,dom,1,2026-01-06T03:16:14.799896+00:00
2026-01-06T03:14:07+00:00,03:14:07,BTC,93754.09,93751.4,93757.81,dom,1,2026-01-06T03:16:16.147872+00:00
2026-01-06T03:14:08+00:00,03:14:08,BTC,93753.7,93750.3,93756.51,dom,1,2026-01-06T03:16:16.839558+00:00
2026-01-06T03:14:09+00:00,03:14:09,BTC,93753.13,93749.66,93756.25,dom,1,2026-01-06T03:16:17.912442+00:00
2026-01-06T03:14:10+00:00,03:14:10,BTC,93752.75,93748.89,93756.5,dom,1,2026-01-06T03:16:18.927203+00:00
2026-01-06T03:14:11+00:00,03:14:11,BTC,93752.73,93749.09,93756.71,dom,1,2026-01-06T03:16:19.927329+00:00
2026-01-06T03:14:12+00:00,03:14:12,BTC,93752.45,93749.73,93756.43,dom,1,2026-01-06T03:16:21.051706+00:00
2026-01-06T03:14:13+00:00,03:14:13,BTC,93752.44,93749.64,93756.48,dom,1,2026-01-06T03:16:22.352624+00:00
2026-01-06T03:14:15+00:00,03:14:15,BTC,93752.69,93749.9,93756.83,dom,1,2026-01-06T03:16:23.444955+00:00
2026-01-06T03:14:16+00:00,03:14:16,BTC,93752.43,93749.16,93756.54,dom,1,2026-01-06T03:16:24.619870+00:00
2026-01-06T03:14:17+00:00,03:14:17,BTC,93752.75,93749.73,93757.11,dom,1,2026-01-06T03:16:25.564214+00:00
2026-01-06T03:14:18+00:00,03:14:18,BTC,93752.79,93750.05,93757.14,dom,1,2026-01-06T03:16:26.797555+00:00
2026-01-06T03:14:19+00:00,03:14:19,BTC,93751.94,93748.99,93756.08,dom,1,2026-01-06T03:16:28.188287+00:00
2026-01-06T03:14:20+00:00,03:14:20,BTC,93751.93,93748.99,93756.1,dom,1,2026-01-06T03:16:29.185175+00:00
2026-01-06T03:14:21+00:00,03:14:21,BTC,93752.77,93750.05,93757.14,dom,1,2026-01-06T03:16:30.640792+00:00
2026-01-06T03:14:22+00:00,03:14:22,BTC,93752.73,93750.05,93757.11,dom,1,2026-01-06T03:16:31.297961+00:00
2026-01-06T03:14:23+00:00,03:14:23,BTC,93752.69,93750.04,93757.09,dom,1,2026-01-06T03:16:32.297222+00:00
2026-01-06T03:14:24+00:00,03:14:24,BTC,93752.69,93750.05,93757.08,dom,1,2026-01-06T03:16:33.314030+00:00
2026-01-06T03:14:25+00:00,03:14:25,BTC,93752.54,93749.51,93756.6,dom,1,2026-01-06T03:16:34.303261+00:00
2026-01-06T03:14:27+00:00,03:14:27,BTC,93752.82,93749.78,93757.08,dom,1,2026-01-06T03:16:35.659134+00:00
2026-01-06T03:14:28+00:00,03:14:28,BTC,93752.88,93749.28,93757.05,dom,1,2026-01-06T03:16:36.895822+00:00
2026-01-06T03:14:29+00:00,03:14:29,BTC,93747.64,93744.01,93751.21,dom,1,2026-01-06T03:16:37.699227+00:00
2026-01-06T03:14:30+00:00,03:14:30,BTC,93747.56,93743.9,93752.2,dom,1,2026-01-06T03:16:38.772728+00:00
2026-01-06T03:14:31+00:00,03:14:31,BTC,93747.66,93744,93751.27,dom,1,2026-01-06T03:16:39.744536+00:00
2026-01-06T03:14:32+00:00,03:14:32,BTC,93752.91,93749.68,93757.16,dom,1,2026-01-06T03:16:40.815661+00:00
2026-01-06T03:14:33+00:00,03:14:33,BTC,93752.91,93749.68,93757.11,dom,1,2026-01-06T03:16:41.713817+00:00
2026-01-06T03:14:34+00:00,03:14:34,BTC,93756.38,93752.87,93760.46,dom,1,2026-01-06T03:16:43.789698+00:00
2026-01-06T03:14:35+00:00,03:14:35,BTC,93760,93756.13,93763.98,dom,1,2026-01-06T03:16:44.044131+00:00
2026-01-06T03:14:36+00:00,03:14:36,BTC,93761.1,93757.82,93765.25,dom,1,2026-01-06T03:16:45.119461+00:00
2026-01-06T03:14:37+00:00,03:14:37,BTC,93762.04,93759.51,93766.36,dom,1,2026-01-06T03:16:46.326296+00:00
2026-01-06T03:14:38+00:00,03:14:38,BTC,93762.56,93760.28,93766.69,dom,1,2026-01-06T03:16:47.276984+00:00
2026-01-06T03:14:39+00:00,03:14:39,BTC,93763.6,93761.49,93767.74,dom,1,2026-01-06T03:16:48.436578+00:00
2026-01-06T03:14:40+00:00,03:14:40,BTC,93764.51,93762.7,93768.85,dom,1,2026-01-06T03:16:49.369157+00:00
2026-01-06T03:14:41+00:00,03:14:41,BTC,93765.46,93764.47,93769.59,dom,1,2026-01-06T03:16:50.331080+00:00
2026-01-06T03:14:42+00:00,03:14:42,BTC,93766.34,93765.66,93770.22,dom,1,2026-01-06T03:16:51.334023+00:00
2026-01-06T03:14:43+00:00,03:14:43,BTC,93766.7,93765.87,93770.85,dom,1,2026-01-06T03:16:52.352386+00:00
2026-01-06T03:14:44+00:00,03:14:44,BTC,93766.91,93766.23,93771.2,dom,1,2026-01-06T03:16:54.222414+00:00
2026-01-06T03:14:46+00:00,03:14:46,BTC,93767.07,93766.52,93771.2,dom,1,2026-01-06T03:16:55.177304+00:00
2026-01-06T03:14:47+00:00,03:14:47,BTC,93774.14,93773.66,93776.98,dom,1,2026-01-06T03:16:56.506097+00:00
2026-01-06T03:14:48+00:00,03:14:48,BTC,93775.57,93773.66,93780.68,dom,1,2026-01-06T03:16:57.513008+00:00
2026-01-06T03:14:49+00:00,03:14:49,BTC,93784.86,93782.1,93789.12,dom,1,2026-01-06T03:16:58.605399+00:00
2026-01-06T03:14:50+00:00,03:14:50,BTC,93785.45,93783.47,93789.73,dom,1,2026-01-06T03:16:59.594674+00:00
2026-01-06T03:14:51+00:00,03:14:51,BTC,93787.06,93785.61,93791.77,dom,1,2026-01-06T03:17:00.922496+00:00
2026-01-06T03:14:53+00:00,03:14:53,BTC,93787.7,93786.22,93792.67,dom,1,2026-01-06T03:17:01.838391+00:00
2026-01-06T03:14:54+00:00,03:14:54,BTC,93792.65,93790.6,93797.16,dom,1,2026-01-06T03:17:03.033292+00:00
2026-01-06T03:14:55+00:00,03:14:55,BTC,93791.02,93789.26,93795.69,dom,1,2026-01-06T03:17:04.379710+00:00
2026-01-06T03:14:56+00:00,03:14:56,BTC,93793.14,93790.8,93798.44,dom,1,2026-01-06T03:17:05.382564+00:00
2026-01-06T03:14:57+00:00,03:14:57,BTC,93798.6,93795.69,93804.03,dom,1,2026-01-06T03:17:07.163491+00:00
2026-01-06T03:14:58+00:00,03:14:58,BTC,93799.82,93796.82,93804.99,dom,1,2026-01-06T03:17:07.418634+00:00
2026-01-06T03:14:59+00:00,03:14:59,BTC,93800.75,93798.24,93805.73,dom,1,2026-01-06T03:17:08.528915+00:00
2026-01-06T03:15:00+00:00,03:15:00,BTC,93801.83,93799.67,93806.57,dom,1,2026-01-06T03:17:09.632087+00:00
2026-01-06T03:15:01+00:00,03:15:01,BTC,93801.99,93799.69,93806.68,dom,1,2026-01-06T03:17:10.695547+00:00
2026-01-06T03:15:02+00:00,03:15:02,BTC,93801.97,93799.33,93806.69,dom,1,2026-01-06T03:17:11.782302+00:00
2026-01-06T03:15:03+00:00,03:15:03,BTC,93801.98,93799.03,93806.71,dom,1,2026-01-06T03:17:12.770755+00:00
2026-01-06T03:15:04+00:00,03:15:04,BTC,93800.63,93797.24,93805.54,dom,1,2026-01-06T03:17:13.854564+00:00
2026-01-06T03:15:05+00:00,03:15:05,BTC,93799.26,93795.74,93804.35,dom,1,2026-01-06T03:17:14.896202+00:00
2026-01-06T03:15:07+00:00,03:15:07,BTC,93801.86,93798.83,93806.6,dom,1,2026-01-06T03:17:16.330071+00:00
2026-01-06T03:15:08+00:00,03:15:08,BTC,93801.86,93798.83,93806.6,dom,1,2026-01-06T03:17:17.303574+00:00
2026-01-06T03:15:09+00:00,03:15:09,BTC,93798.62,93795.11,93803.86,dom,1,2026-01-06T03:17:18.318566+00:00
2026-01-06T03:15:10+00:00,03:15:10,BTC,93798.62,93795.11,93803.86,dom,1,2026-01-06T03:17:19.326082+00:00
2026-01-06T03:15:11+00:00,03:15:11,BTC,93794.88,93790.01,93799.77,dom,1,2026-01-06T03:17:20.349052+00:00
2026-01-06T03:15:12+00:00,03:15:12,BTC,93793.26,93788.97,93798.57,dom,1,2026-01-06T03:17:21.994810+00:00
2026-01-06T03:15:13+00:00,03:15:13,BTC,93792.46,93788.6,93796.7,dom,1,2026-01-06T03:17:23.138646+00:00
2026-01-06T03:15:15+00:00,03:15:15,BTC,93792.44,93788.66,93796.66,dom,1,2026-01-06T03:17:24.491491+00:00
2026-01-06T03:15:16+00:00,03:15:15,BTC,93791.04,93786.64,93793.83,dom,1,2026-01-06T03:17:25.527940+00:00
2026-01-06T03:15:17+00:00,03:15:17,BTC,93786.91,93782.97,93791.27,dom,1,2026-01-06T03:17:26.903366+00:00
2026-01-06T03:15:18+00:00,03:15:18,BTC,93786.82,93783.02,93791.22,dom,1,2026-01-06T03:17:27.841908+00:00
2026-01-06T03:15:19+00:00,03:15:19,BTC,93784.02,93780.44,93786.98,dom,1,2026-01-06T03:17:28.860872+00:00
2026-01-06T03:15:20+00:00,03:15:20,BTC,93779.02,93774.91,93780.61,dom,1,2026-01-06T03:17:29.877989+00:00
2026-01-06T03:15:21+00:00,03:15:21,BTC,93776.83,93771.97,93778.47,dom,1,2026-01-06T03:17:30.920652+00:00
2026-01-06T03:15:22+00:00,03:15:22,BTC,93776.8,93771.98,93778.37,dom,1,2026-01-06T03:17:32.209906+00:00
2026-01-06T03:15:23+00:00,03:15:23,BTC,93776.77,93772,93778.27,dom,1,2026-01-06T03:17:33.257921+00:00
2026-01-06T03:15:24+00:00,03:15:24,BTC,93776.34,93771.37,93778.03,dom,1,2026-01-06T03:17:34.206200+00:00
2026-01-06T03:15:25+00:00,03:15:25,BTC,93775.95,93770.75,93777.79,dom,1,2026-01-06T03:17:35.224631+00:00
2026-01-06T03:15:26+00:00,03:15:26,BTC,93776.65,93771.47,93779.52,dom,1,2026-01-06T03:17:36.336527+00:00
2026-01-06T03:15:28+00:00,03:15:28,BTC,93778.73,93773.65,93781.33,dom,1,2026-01-06T03:17:37.461075+00:00
2026-01-06T03:15:29+00:00,03:15:29,BTC,93778.57,93773.91,93780.98,dom,1,2026-01-06T03:17:38.492247+00:00
2026-01-06T03:15:30+00:00,03:15:30,BTC,93778.58,93773.91,93780.98,dom,1,2026-01-06T03:17:39.790863+00:00
2026-01-06T03:15:31+00:00,03:15:31,BTC,93778.85,93774.36,93780.67,dom,1,2026-01-06T03:17:40.868335+00:00
2026-01-06T03:15:32+00:00,03:15:32,BTC,93778.86,93774.73,93780.93,dom,1,2026-01-06T03:17:41.885882+00:00
2026-01-06T03:15:33+00:00,03:15:33,BTC,93782.73,93779.07,93785.71,dom,1,2026-01-06T03:17:42.990025+00:00
2026-01-06T03:15:34+00:00,03:15:34,BTC,93786.54,93783.41,93790.43,dom,1,2026-01-06T03:17:44.331111+00:00
2026-01-06T03:15:35+00:00,03:15:35,BTC,93786.73,93783.86,93790.51,dom,1,2026-01-06T03:17:45.360222+00:00
2026-01-06T03:15:37+00:00,03:15:37,BTC,93784.29,93781.6,93788.41,dom,1,2026-01-06T03:17:46.970716+00:00
2026-01-06T03:15:38+00:00,03:15:37,BTC,93786.37,93783.77,93790.4,dom,1,2026-01-06T03:17:47.361387+00:00
2026-01-06T03:15:39+00:00,03:15:39,BTC,93788.45,93785.95,93792.39,dom,1,2026-01-06T03:17:48.476105+00:00
2026-01-06T03:15:40+00:00,03:15:39,BTC,93788.63,93785.48,93792.59,dom,1,2026-01-06T03:17:49.361260+00:00
2026-01-06T03:15:41+00:00,03:15:41,BTC,93788.87,93785.01,93792.89,dom,1,2026-01-06T03:17:51.279369+00:00
2026-01-06T03:15:42+00:00,03:15:42,BTC,93791.34,93788.45,93795.55,dom,1,2026-01-06T03:17:52.258388+00:00
2026-01-06T03:15:43+00:00,03:15:43,BTC,93795.83,93792.63,93800.39,dom,1,2026-01-06T03:17:53.424038+00:00
2026-01-06T03:15:44+00:00,03:15:44,BTC,93800.66,93796.91,93805.32,dom,1,2026-01-06T03:17:55.015108+00:00
2026-01-06T03:15:45+00:00,03:15:45,BTC,93802.96,93799.38,93807.3,dom,1,2026-01-06T03:17:55.656708+00:00
2026-01-06T03:15:46+00:00,03:15:46,BTC,93805.52,93802.93,93809.68,dom,1,2026-01-06T03:17:56.466191+00:00
2026-01-06T03:15:47+00:00,03:15:47,BTC,93806.14,93804.1,93810.18,dom,1,2026-01-06T03:17:57.535466+00:00
2026-01-06T03:15:48+00:00,03:15:48,BTC,93806.45,93803.48,93810.67,dom,1,2026-01-06T03:17:58.554625+00:00
2026-01-06T03:15:49+00:00,03:15:49,BTC,93804.61,93800.6,93808.98,dom,1,2026-01-06T03:17:59.771565+00:00
2026-01-06T03:15:50+00:00,03:15:50,BTC,93805.15,93801.17,93809.33,dom,1,2026-01-06T03:18:00.708304+00:00
2026-01-06T03:15:51+00:00,03:15:51,BTC,93806.72,93802.78,93810.89,dom,1,2026-01-06T03:18:01.868015+00:00
2026-01-06T03:15:52+00:00,03:15:52,BTC,93804.46,93800.36,93808.92,dom,1,2026-01-06T03:18:02.933977+00:00
2026-01-06T03:15:53+00:00,03:15:53,BTC,93805.67,93801.5,93810.07,dom,1,2026-01-06T03:18:03.958703+00:00
2026-01-06T03:15:54+00:00,03:15:54,BTC,93807.48,93803.22,93811.79,dom,1,2026-01-06T03:18:04.973633+00:00
2026-01-06T03:15:55+00:00,03:15:55,BTC,93807.38,93803,93811.77,dom,1,2026-01-06T03:18:06.050397+00:00
2026-01-06T03:15:56+00:00,03:15:56,BTC,93807.83,93803.5,93812.18,dom,1,2026-01-06T03:18:07.255916+00:00
2026-01-06T03:15:57+00:00,03:15:57,BTC,93805.26,93800.91,93809.62,dom,1,2026-01-06T03:18:08.203587+00:00
2026-01-06T03:15:59+00:00,03:15:59,BTC,93808.81,93804.4,93813.23,dom,1,2026-01-06T03:18:09.152601+00:00
2026-01-06T03:16:00+00:00,03:16:00,BTC,93808.9,93804.88,93813.27,dom,1,2026-01-06T03:18:10.254597+00:00
2026-01-06T03:16:01+00:00,03:16:01,BTC,93810.44,93806.45,93814.47,dom,1,2026-01-06T03:18:11.672055+00:00
2026-01-06T03:16:02+00:00,03:16:02,BTC,93810,93806.29,93814.32,dom,1,2026-01-06T03:18:11.910299+00:00
2026-01-06T03:16:03+00:00,03:16:03,BTC,93811.48,93807.74,93815.91,dom,1,2026-01-06T03:18:13.989783+00:00
2026-01-06T03:16:04+00:00,03:16:04,BTC,93813.23,93809.38,93817.67,dom,1,2026-01-06T03:18:14.851254+00:00
2026-01-06T03:16:05+00:00,03:16:05,BTC,93815.73,93811.68,93820.13,dom,1,2026-01-06T03:18:15.954058+00:00
2026-01-06T03:16:06+00:00,03:16:06,BTC,93816.53,93812.33,93821.03,dom,1,2026-01-06T03:18:16.983374+00:00
2026-01-06T03:16:07+00:00,03:16:07,BTC,93816.61,93812.21,93821.31,dom,1,2026-01-06T03:18:18.071778+00:00
2026-01-06T03:16:09+00:00,03:16:09,BTC,93816.71,93811.94,93821.49,dom,1,2026-01-06T03:18:19.008310+00:00
2026-01-06T03:16:10+00:00,03:16:10,BTC,93817.13,93812.51,93821.88,dom,1,2026-01-06T03:18:20.221905+00:00
2026-01-06T03:16:11+00:00,03:16:11,BTC,93817.05,93812.29,93822,dom,1,2026-01-06T03:18:21.448571+00:00
2026-01-06T03:16:12+00:00,03:16:12,BTC,93817.49,93812.8,93822.36,dom,1,2026-01-06T03:18:22.447466+00:00
2026-01-06T03:16:13+00:00,03:16:13,BTC,93818.17,93813.56,93823.07,dom,1,2026-01-06T03:18:23.570059+00:00
2026-01-06T03:16:14+00:00,03:16:14,BTC,93818.49,93814.16,93823.35,dom,1,2026-01-06T03:18:24.540876+00:00
2026-01-06T03:16:15+00:00,03:16:15,BTC,93818.09,93813.73,93822.92,dom,1,2026-01-06T03:18:25.487645+00:00
2026-01-06T03:16:16+00:00,03:16:16,BTC,93817.69,93813.29,93822.49,dom,1,2026-01-06T03:18:26.489253+00:00
2026-01-06T03:16:17+00:00,03:16:17,BTC,93806.85,93801.26,93808.41,dom,1,2026-01-06T03:18:27.506288+00:00
2026-01-06T03:16:18+00:00,03:16:18,BTC,93801.72,93797.24,93805.61,dom,1,2026-01-06T03:18:28.865219+00:00
2026-01-06T03:16:19+00:00,03:16:19,BTC,93798.21,93793.42,93803.03,dom,1,2026-01-06T03:18:29.943036+00:00
2026-01-06T03:16:20+00:00,03:16:20,BTC,93798.24,93793.17,93802.17,dom,1,2026-01-06T03:18:30.943170+00:00
2026-01-06T03:16:21+00:00,03:16:21,BTC,93798.02,93792.81,93801.28,dom,1,2026-01-06T03:18:31.975909+00:00
2026-01-06T03:16:22+00:00,03:16:22,BTC,93797.77,93792.9,93801.56,dom,1,2026-01-06T03:18:32.941572+00:00
2026-01-06T03:16:23+00:00,03:16:23,BTC,93797.67,93792.76,93801.45,dom,1,2026-01-06T03:18:33.941191+00:00
2026-01-06T03:16:24+00:00,03:16:24,BTC,93797.57,93792.41,93801.03,dom,1,2026-01-06T03:18:34.970874+00:00
2026-01-06T03:16:25+00:00,03:16:25,BTC,93797.73,93792.56,93801.09,dom,1,2026-01-06T03:18:36.025293+00:00
2026-01-06T03:16:26+00:00,03:16:26,BTC,93795.72,93790.54,93799.06,dom,1,2026-01-06T03:18:37.003746+00:00
2026-01-06T03:16:27+00:00,03:16:27,BTC,93793.54,93788.37,93796.97,dom,1,2026-01-06T03:18:38.008012+00:00
2026-01-06T03:16:28+00:00,03:16:28,BTC,93795.73,93790.72,93799.07,dom,1,2026-01-06T03:18:39.024447+00:00
2026-01-06T03:16:29+00:00,03:16:29,BTC,93797.42,93792.46,93801.16,dom,1,2026-01-06T03:18:40.057507+00:00
2026-01-06T03:16:30+00:00,03:16:30,BTC,93797.38,93792.37,93801.08,dom,1,2026-01-06T03:18:41.077373+00:00
2026-01-06T03:16:31+00:00,03:16:31,BTC,93796.05,93790.96,93799.19,dom,1,2026-01-06T03:18:42.196031+00:00
2026-01-06T03:16:33+00:00,03:16:33,BTC,93797.8,93792.59,93800.87,dom,1,2026-01-06T03:18:43.631556+00:00
2026-01-06T03:16:34+00:00,03:16:34,BTC,93797.19,93792.27,93800.23,dom,1,2026-01-06T03:18:44.596561+00:00
2026-01-06T03:16:35+00:00,03:16:35,BTC,93797.19,93792.27,93800.23,dom,1,2026-01-06T03:18:45.613901+00:00
2026-01-06T03:16:36+00:00,03:16:36,BTC,93797.14,93792.54,93801.25,dom,1,2026-01-06T03:18:46.619829+00:00
2026-01-06T03:16:37+00:00,03:16:37,BTC,93788.24,93783.53,93791,dom,1,2026-01-06T03:18:48.656766+00:00
2026-01-06T03:16:39+00:00,03:16:39,BTC,93787.6,93783.24,93789.83,dom,1,2026-01-06T03:18:49.775563+00:00
2026-01-06T03:16:40+00:00,03:16:40,BTC,93787.17,93783.04,93789.05,dom,1,2026-01-06T03:18:50.847598+00:00
2026-01-06T03:16:41+00:00,03:16:41,BTC,93787.15,93783,93789.05,dom,1,2026-01-06T03:18:51.855105+00:00
2026-01-06T03:16:42+00:00,03:16:42,BTC,93784.1,93779.47,93786.12,dom,1,2026-01-06T03:18:53.182958+00:00
2026-01-06T03:16:43+00:00,03:16:43,BTC,93783.13,93778.09,93786.58,dom,1,2026-01-06T03:18:54.235550+00:00
2026-01-06T03:16:44+00:00,03:16:44,BTC,93783.07,93778.04,93787.87,dom,1,2026-01-06T03:18:55.217774+00:00
2026-01-06T03:16:45+00:00,03:16:45,BTC,93783.02,93777.96,93787.98,dom,1,2026-01-06T03:18:56.746966+00:00
2026-01-06T03:16:46+00:00,03:16:46,BTC,93782.99,93777.88,93788.08,dom,1,2026-01-06T03:18:57.607593+00:00
2026-01-06T03:16:47+00:00,03:16:47,BTC,93783.01,93777.98,93788.07,dom,1,2026-01-06T03:18:58.664650+00:00
2026-01-06T03:16:49+00:00,03:16:49,BTC,93783.02,93778.07,93788.06,dom,1,2026-01-06T03:19:00.002849+00:00
2026-01-06T03:16:50+00:00,03:16:50,BTC,93781.92,93776.17,93785.79,dom,1,2026-01-06T03:19:01.036917+00:00
2026-01-06T03:16:51+00:00,03:16:51,BTC,93781.92,93776.17,93785.79,dom,1,2026-01-06T03:19:02.229933+00:00
2026-01-06T03:16:52+00:00,03:16:52,BTC,93782.97,93777.96,93787.99,dom,1,2026-01-06T03:19:03.057205+00:00
2026-01-06T03:16:53+00:00,03:16:53,BTC,93782.91,93777.88,93787.99,dom,1,2026-01-06T03:19:04.130343+00:00
2026-01-06T03:16:54+00:00,03:16:54,BTC,93782.75,93777.55,93787.25,dom,1,2026-01-06T03:19:05.582915+00:00
2026-01-06T03:16:55+00:00,03:16:55,BTC,93782.74,93777.7,93787.57,dom,1,2026-01-06T03:19:06.597101+00:00
2026-01-06T03:16:56+00:00,03:16:56,BTC,93782.69,93777.62,93787.15,dom,1,2026-01-06T03:19:07.571208+00:00
2026-01-06T03:16:57+00:00,03:16:57,BTC,93782.77,93777.63,93787.32,dom,1,2026-01-06T03:19:08.570421+00:00
2026-01-06T03:16:58+00:00,03:16:58,BTC,93782.95,93777.94,93788.13,dom,1,2026-01-06T03:19:09.648033+00:00
2026-01-06T03:16:59+00:00,03:16:59,BTC,93782.83,93777.87,93787.96,dom,1,2026-01-06T03:19:10.737973+00:00
2026-01-06T03:17:00+00:00,03:17:00,BTC,93782.65,93777.75,93787.55,dom,1,2026-01-06T03:19:11.770460+00:00
2026-01-06T03:17:02+00:00,03:17:02,BTC,93791.06,93786.25,93795.87,dom,1,2026-01-06T03:19:13.168426+00:00
2026-01-06T03:17:03+00:00,03:17:03,BTC,93791.78,93787.62,93795.93,dom,1,2026-01-06T03:19:14.213501+00:00
2026-01-06T03:17:04+00:00,03:17:04,BTC,93791.78,93787.62,93795.93,dom,1,2026-01-06T03:19:15.221051+00:00
2026-01-06T03:17:05+00:00,03:17:05,BTC,93793.46,93789.61,93797.31,dom,1,2026-01-06T03:19:16.276159+00:00
2026-01-06T03:17:06+00:00,03:17:06,BTC,93793.56,93789.82,93797.3,dom,1,2026-01-06T03:19:17.354925+00:00
2026-01-06T03:17:07+00:00,03:17:07,BTC,93793.47,93789.46,93797.26,dom,1,2026-01-06T03:19:18.687349+00:00
2026-01-06T03:17:08+00:00,03:17:08,BTC,93793.58,93789.58,93797.36,dom,1,2026-01-06T03:19:19.940201+00:00
2026-01-06T03:17:10+00:00,03:17:10,BTC,93793.54,93789.58,93797.41,dom,1,2026-01-06T03:19:21.125163+00:00
2026-01-06T03:17:11+00:00,03:17:11,BTC,93793.33,93789.51,93797.15,dom,1,2026-01-06T03:19:22.296251+00:00
2026-01-06T03:17:12+00:00,03:17:12,BTC,93786.22,93779.6,93792.3,dom,1,2026-01-06T03:19:23.280250+00:00
2026-01-06T03:17:13+00:00,03:17:13,BTC,93788.82,93784.55,93793.08,dom,1,2026-01-06T03:19:24.296001+00:00
2026-01-06T03:17:14+00:00,03:17:14,BTC,93793.4,93789.52,93797.22,dom,1,2026-01-06T03:19:25.672065+00:00
2026-01-06T03:17:15+00:00,03:17:15,BTC,93793.35,93789.59,93797.12,dom,1,2026-01-06T03:19:26.854396+00:00
2026-01-06T03:17:16+00:00,03:17:16,BTC,93793.36,93789.6,93797.11,dom,1,2026-01-06T03:19:27.810816+00:00
2026-01-06T03:17:18+00:00,03:17:18,BTC,93793.26,93788.85,93797.4,dom,1,2026-01-06T03:19:29.016798+00:00
2026-01-06T03:17:19+00:00,03:17:19,BTC,93793.38,93788.97,93797.38,dom,1,2026-01-06T03:19:30.003211+00:00
2026-01-06T03:17:20+00:00,03:17:20,BTC,93793.5,93789.63,93797.37,dom,1,2026-01-06T03:19:31.005469+00:00
2026-01-06T03:17:21+00:00,03:17:21,BTC,93793.36,93789.61,93797.11,dom,1,2026-01-06T03:19:32.116054+00:00
2026-01-06T03:17:22+00:00,03:17:22,BTC,93793.51,93789.64,93797.37,dom,1,2026-01-06T03:19:33.303914+00:00
2026-01-06T03:17:23+00:00,03:17:23,BTC,93784.27,93780.91,93788.62,dom,1,2026-01-06T03:19:34.338910+00:00
2026-01-06T03:17:24+00:00,03:17:24,BTC,93784.27,93780.55,93788.62,dom,1,2026-01-06T03:19:35.441665+00:00
2026-01-06T03:17:25+00:00,03:17:25,BTC,93793.66,93789.77,93797.55,dom,1,2026-01-06T03:19:36.439734+00:00
2026-01-06T03:17:26+00:00,03:17:26,BTC,93792.71,93788.6,93796.84,dom,1,2026-01-06T03:19:37.454483+00:00
2026-01-06T03:17:27+00:00,03:17:27,BTC,93793.11,93789.34,93796.89,dom,1,2026-01-06T03:19:38.465897+00:00
2026-01-06T03:17:28+00:00,03:17:28,BTC,93793.11,93789.34,93796.89,dom,1,2026-01-06T03:19:39.477829+00:00
2026-01-06T03:17:29+00:00,03:17:29,BTC,93793.21,93789.34,93797.07,dom,1,2026-01-06T03:19:40.495480+00:00
2026-01-06T03:17:30+00:00,03:17:30,BTC,93793.21,93789.34,93797.07,dom,1,2026-01-06T03:19:41.877291+00:00
2026-01-06T03:17:31+00:00,03:17:31,BTC,93793.21,93789.34,93797.07,dom,1,2026-01-06T03:19:42.790556+00:00
2026-01-06T03:17:32+00:00,03:17:32,BTC,93788.2,93783.53,93791.64,dom,1,2026-01-06T03:19:43.838106+00:00
2026-01-06T03:17:33+00:00,03:17:33,BTC,93788.12,93783.51,93791.55,dom,1,2026-01-06T03:19:44.858685+00:00
2026-01-06T03:17:34+00:00,03:17:34,BTC,93788.15,93783.66,93791.36,dom,1,2026-01-06T03:19:45.887334+00:00
2026-01-06T03:17:35+00:00,03:17:35,BTC,93788.28,93783.87,93791.6,dom,1,2026-01-06T03:19:46.949763+00:00
2026-01-06T03:17:36+00:00,03:17:36,BTC,93788.2,93783.6,93791.37,dom,1,2026-01-06T03:19:48.284775+00:00
2026-01-06T03:17:38+00:00,03:17:38,BTC,93787.79,93783.15,93790.93,dom,1,2026-01-06T03:19:49.748596+00:00
2026-01-06T03:17:39+00:00,03:17:39,BTC,93786.06,93781.42,93789.26,dom,1,2026-01-06T03:19:50.801624+00:00
2026-01-06T03:17:40+00:00,03:17:40,BTC,93783.39,93778.82,93786.43,dom,1,2026-01-06T03:19:51.804894+00:00
2026-01-06T03:17:41+00:00,03:17:41,BTC,93786.88,93782.26,93790.02,dom,1,2026-01-06T03:19:52.859545+00:00
2026-01-06T03:17:42+00:00,03:17:42,BTC,93786.57,93781.92,93789.79,dom,1,2026-01-06T03:19:54.348041+00:00
2026-01-06T03:17:43+00:00,03:17:43,BTC,93786.83,93781.72,93790.32,dom,1,2026-01-06T03:19:55.185436+00:00
2026-01-06T03:17:44+00:00,03:17:44,BTC,93786.89,93782.3,93790.09,dom,1,2026-01-06T03:19:56.042364+00:00
2026-01-06T03:17:45+00:00,03:17:45,BTC,93783.15,93778.53,93786.37,dom,1,2026-01-06T03:19:57.063333+00:00
2026-01-06T03:17:46+00:00,03:17:46,BTC,93785.8,93781.17,93789.02,dom,1,2026-01-06T03:19:58.206897+00:00
2026-01-06T03:17:47+00:00,03:17:47,BTC,93785.76,93781.1,93789.05,dom,1,2026-01-06T03:19:59.149628+00:00
2026-01-06T03:17:48+00:00,03:17:48,BTC,93785.2,93780.57,93788.47,dom,1,2026-01-06T03:20:00.385487+00:00
2026-01-06T03:17:49+00:00,03:17:49,BTC,93786.61,93781.92,93789.92,dom,1,2026-01-06T03:20:01.671323+00:00
2026-01-06T03:17:51+00:00,03:17:51,BTC,93783.83,93779.19,93787.03,dom,1,2026-01-06T03:20:02.809662+00:00
2026-01-06T03:17:52+00:00,03:17:52,BTC,93787.31,93782.58,93790.65,dom,1,2026-01-06T03:20:04.165409+00:00
2026-01-06T03:17:53+00:00,03:17:53,BTC,93785.81,93781.14,93789.19,dom,1,2026-01-06T03:20:05.236380+00:00
2026-01-06T03:17:54+00:00,03:17:54,BTC,93787.18,93782.64,93790.78,dom,1,2026-01-06T03:20:06.229120+00:00
2026-01-06T03:17:55+00:00,03:17:55,BTC,93788.04,93783.59,93791.45,dom,1,2026-01-06T03:20:07.664422+00:00
2026-01-06T03:17:56+00:00,03:17:56,BTC,93788.22,93783.86,93791.41,dom,1,2026-01-06T03:20:08.360179+00:00
2026-01-06T03:17:57+00:00,03:17:57,BTC,93787.53,93783.15,93790.63,dom,1,2026-01-06T03:20:09.370483+00:00
2026-01-06T03:17:58+00:00,03:17:58,BTC,93786.58,93781.93,93789.57,dom,1,2026-01-06T03:20:10.394091+00:00
2026-01-06T03:17:59+00:00,03:17:59,BTC,93785.19,93780.5,93788.18,dom,1,2026-01-06T03:20:11.402138+00:00
2026-01-06T03:18:00+00:00,03:18:00,BTC,93785.45,93780.76,93788.42,dom,1,2026-01-06T03:20:12.401818+00:00
2026-01-06T03:18:01+00:00,03:18:01,BTC,93786.05,93781.23,93789.99,dom,1,2026-01-06T03:20:13.730831+00:00
2026-01-06T03:18:02+00:00,03:18:02,BTC,93787.04,93782.28,93791.79,dom,1,2026-01-06T03:20:14.781829+00:00
2026-01-06T03:18:03+00:00,03:18:03,BTC,93789.49,93784.96,93793.99,dom,1,2026-01-06T03:20:15.826243+00:00
2026-01-06T03:18:04+00:00,03:18:04,BTC,93789.79,93785.32,93794.24,dom,1,2026-01-06T03:20:16.822958+00:00
2026-01-06T03:18:05+00:00,03:18:05,BTC,93789.7,93785.32,93794.06,dom,1,2026-01-06T03:20:17.879106+00:00
2026-01-06T03:18:06+00:00,03:18:06,BTC,93790.04,93785.8,93794.26,dom,1,2026-01-06T03:20:18.994269+00:00
2026-01-06T03:18:07+00:00,03:18:07,BTC,93790.08,93785.77,93794.27,dom,1,2026-01-06T03:20:19.534572+00:00
2026-01-06T03:18:08+00:00,03:18:08,BTC,93790.07,93785.62,93794.14,dom,1,2026-01-06T03:20:20.534946+00:00
2026-01-06T03:18:09+00:00,03:18:09,BTC,93790.05,93785.55,93794.11,dom,1,2026-01-06T03:20:21.546911+00:00
2026-01-06T03:18:10+00:00,03:18:10,BTC,93790.06,93785.54,93794.24,dom,1,2026-01-06T03:20:22.952412+00:00
2026-01-06T03:18:11+00:00,03:18:11,BTC,93790.03,93785.61,93794.26,dom,1,2026-01-06T03:20:24.274159+00:00
2026-01-06T03:18:12+00:00,03:18:12,BTC,93790.02,93785.73,93794.25,dom,1,2026-01-06T03:20:25.250754+00:00
2026-01-06T03:18:14+00:00,03:18:14,BTC,93789.1,93784.26,93793.95,dom,1,2026-01-06T03:20:26.253904+00:00
2026-01-06T03:18:15+00:00,03:18:15,BTC,93786.07,93781.34,93790.8,dom,1,2026-01-06T03:20:27.288892+00:00
2026-01-06T03:18:16+00:00,03:18:16,BTC,93785.43,93780.88,93789.99,dom,1,2026-01-06T03:20:28.310559+00:00
2026-01-06T03:18:17+00:00,03:18:17,BTC,93785.43,93780.88,93789.99,dom,1,2026-01-06T03:20:29.421233+00:00
2026-01-06T03:18:18+00:00,03:18:18,BTC,93789.86,93785.26,93794.46,dom,1,2026-01-06T03:20:30.324241+00:00
2026-01-06T03:18:19+00:00,03:18:19,BTC,93789.75,93785.2,93794.3,dom,1,2026-01-06T03:20:31.457049+00:00
2026-01-06T03:18:20+00:00,03:18:20,BTC,93789.95,93785.35,93794.58,dom,1,2026-01-06T03:20:32.460191+00:00
2026-01-06T03:18:21+00:00,03:18:21,BTC,93793.6,93789.46,93797.74,dom,1,2026-01-06T03:20:33.398935+00:00
2026-01-06T03:18:22+00:00,03:18:22,BTC,93793.6,93789.46,93797.74,dom,1,2026-01-06T03:20:34.415651+00:00
2026-01-06T03:18:23+00:00,03:18:23,BTC,93795.53,93790.93,93800.13,dom,1,2026-01-06T03:20:35.444991+00:00
2026-01-06T03:18:24+00:00,03:18:24,BTC,93799.28,93795.2,93803.36,dom,1,2026-01-06T03:20:36.583186+00:00
2026-01-06T03:18:26+00:00,03:18:26,BTC,93803.03,93799.45,93806.59,dom,1,2026-01-06T03:20:37.864144+00:00
2026-01-06T03:18:27+00:00,03:18:27,BTC,93798.37,93794.38,93802.37,dom,1,2026-01-06T03:20:38.882449+00:00
2026-01-06T03:18:28+00:00,03:18:28,BTC,93798.27,93794.27,93802.27,dom,1,2026-01-06T03:20:39.890440+00:00
2026-01-06T03:18:29+00:00,03:18:29,BTC,93802.54,93798.49,93806.53,dom,1,2026-01-06T03:20:40.877613+00:00
2026-01-06T03:18:30+00:00,03:18:30,BTC,93802.84,93799.27,93806.4,dom,1,2026-01-06T03:20:41.882353+00:00
2026-01-06T03:18:31+00:00,03:18:31,BTC,93802.83,93799.07,93806.39,dom,1,2026-01-06T03:20:42.882444+00:00
2026-01-06T03:18:32+00:00,03:18:32,BTC,93802.77,93799.07,93806.38,dom,1,2026-01-06T03:20:43.896936+00:00
2026-01-06T03:18:33+00:00,03:18:33,BTC,93802.76,93799.14,93806.37,dom,1,2026-01-06T03:20:45.297763+00:00
2026-01-06T03:18:34+00:00,03:18:34,BTC,93800.22,93796.14,93804.3,dom,1,2026-01-06T03:20:46.799976+00:00
2026-01-06T03:18:35+00:00,03:18:35,BTC,93798.16,93794.09,93802.24,dom,1,2026-01-06T03:20:47.295013+00:00
2026-01-06T03:18:36+00:00,03:18:36,BTC,93798.9,93794.75,93803.05,dom,1,2026-01-06T03:20:48.332196+00:00
2026-01-06T03:18:37+00:00,03:18:37,BTC,93798.69,93794.66,93802.72,dom,1,2026-01-06T03:20:49.334399+00:00
2026-01-06T03:18:38+00:00,03:18:38,BTC,93802.87,93799.22,93806.5,dom,1,2026-01-06T03:20:50.393341+00:00
2026-01-06T03:18:39+00:00,03:18:39,BTC,93802.84,93799.22,93806.46,dom,1,2026-01-06T03:20:51.695419+00:00
2026-01-06T03:18:40+00:00,03:18:40,BTC,93802.85,93799.22,93806.47,dom,1,2026-01-06T03:20:52.943529+00:00
2026-01-06T03:18:41+00:00,03:18:41,BTC,93802.85,93799.22,93806.47,dom,1,2026-01-06T03:20:54.384597+00:00
2026-01-06T03:18:42+00:00,03:18:42,BTC,93802.85,93799.23,93806.46,dom,1,2026-01-06T03:20:54.999311+00:00
2026-01-06T03:18:43+00:00,03:18:43,BTC,93802.88,93799.31,93806.46,dom,1,2026-01-06T03:20:56.001229+00:00
2026-01-06T03:18:44+00:00,03:18:44,BTC,93803.22,93799.49,93806.95,dom,1,2026-01-06T03:20:57.005709+00:00
2026-01-06T03:18:45+00:00,03:18:45,BTC,93803.23,93799.49,93806.95,dom,1,2026-01-06T03:20:58.022204+00:00
2026-01-06T03:18:46+00:00,03:18:46,BTC,93802.97,93798.85,93806.9,dom,1,2026-01-06T03:20:59.062365+00:00
2026-01-06T03:18:47+00:00,03:18:47,BTC,93802.54,93798.41,93806.63,dom,1,2026-01-06T03:21:00.432384+00:00
2026-01-06T03:18:48+00:00,03:18:48,BTC,93802.37,93798.23,93806.45,dom,1,2026-01-06T03:21:01.700427+00:00
2026-01-06T03:18:49+00:00,03:18:49,BTC,93802.15,93798.09,93806.18,dom,1,2026-01-06T03:21:02.459613+00:00
2026-01-06T03:18:51+00:00,03:18:51,BTC,93801.7,93797.71,93805.72,dom,1,2026-01-06T03:21:03.534296+00:00
2026-01-06T03:18:52+00:00,03:18:52,BTC,93802.17,93798.12,93806.22,dom,1,2026-01-06T03:21:04.645950+00:00
2026-01-06T03:18:53+00:00,03:18:53,BTC,93802.12,93798.02,93805.98,dom,1,2026-01-06T03:21:05.853164+00:00
2026-01-06T03:18:54+00:00,03:18:54,BTC,93801.95,93797.84,93805.83,dom,1,2026-01-06T03:21:07.533482+00:00
2026-01-06T03:18:55+00:00,03:18:55,BTC,93801.53,93797.44,93805.62,dom,1,2026-01-06T03:21:08.554861+00:00
2026-01-06T03:18:56+00:00,03:18:56,BTC,93802.17,93798.11,93806.03,dom,1,2026-01-06T03:21:09.696026+00:00
2026-01-06T03:18:58+00:00,03:18:58,BTC,93802.62,93798.53,93806.71,dom,1,2026-01-06T03:21:10.696699+00:00
2026-01-06T03:18:59+00:00,03:18:59,BTC,93802.66,93798.83,93806.3,dom,1,2026-01-06T03:21:11.885303+00:00
2026-01-06T03:19:00+00:00,03:19:00,BTC,93796.93,93792.86,93801.57,dom,1,2026-01-06T03:21:13.084217+00:00
2026-01-06T03:19:01+00:00,03:19:01,BTC,93796.68,93792.6,93800.76,dom,1,2026-01-06T03:21:14.064177+00:00
2026-01-06T03:19:02+00:00,03:19:02,BTC,93797.78,93794.23,93801.32,dom,1,2026-01-06T03:21:15.080969+00:00
2026-01-06T03:19:03+00:00,03:19:03,BTC,93794.07,93787.31,93795.51,dom,1,2026-01-06T03:21:16.082426+00:00
2026-01-06T03:19:04+00:00,03:19:04,BTC,93790.73,93785.45,93795.27,dom,1,2026-01-06T03:21:17.459391+00:00
2026-01-06T03:19:05+00:00,03:19:05,BTC,93789.79,93784.62,93794.45,dom,1,2026-01-06T03:21:18.436158+00:00
2026-01-06T03:19:06+00:00,03:19:06,BTC,93788.8,93783.42,93792.1,dom,1,2026-01-06T03:21:19.451117+00:00
2026-01-06T03:19:07+00:00,03:19:07,BTC,93790.11,93784.63,93793.9,dom,1,2026-01-06T03:21:20.543682+00:00
2026-01-06T03:19:08+00:00,03:19:08,BTC,93791.58,93786.28,93796.57,dom,1,2026-01-06T03:21:21.471369+00:00
2026-01-06T03:19:09+00:00,03:19:09,BTC,93791.9,93787,93796.48,dom,1,2026-01-06T03:21:22.471736+00:00
2026-01-06T03:19:10+00:00,03:19:10,BTC,93791.23,93786.32,93795.8,dom,1,2026-01-06T03:21:23.525572+00:00
2026-01-06T03:19:11+00:00,03:19:11,BTC,93790.34,93785.09,93794.84,dom,1,2026-01-06T03:21:24.527479+00:00
2026-01-06T03:19:12+00:00,03:19:12,BTC,93790.55,93785.24,93795.02,dom,1,2026-01-06T03:21:25.679905+00:00
2026-01-06T03:19:13+00:00,03:19:13,BTC,93791.8,93787.13,93796.05,dom,1,2026-01-06T03:21:26.779822+00:00
2026-01-06T03:19:14+00:00,03:19:14,BTC,93792.68,93788.63,93796.72,dom,1,2026-01-06T03:21:27.670864+00:00
2026-01-06T03:19:16+00:00,03:19:16,BTC,93792.22,93787.77,93796.63,dom,1,2026-01-06T03:21:28.817744+00:00
2026-01-06T03:19:17+00:00,03:19:17,BTC,93795.17,93790.48,93799.57,dom,1,2026-01-06T03:21:29.775888+00:00
2026-01-06T03:19:18+00:00,03:19:18,BTC,93791.65,93787.04,93796.3,dom,1,2026-01-06T03:21:30.800188+00:00
2026-01-06T03:19:19+00:00,03:19:19,BTC,93791.65,93787.04,93796.3,dom,1,2026-01-06T03:21:31.851078+00:00
2026-01-06T03:19:20+00:00,03:19:20,BTC,93791.63,93787.1,93796.17,dom,1,2026-01-06T03:21:33.207321+00:00
2026-01-06T03:19:21+00:00,03:19:21,BTC,93795.54,93791.5,93799.58,dom,1,2026-01-06T03:21:34.203333+00:00
2026-01-06T03:19:22+00:00,03:19:22,BTC,93795.56,93791.49,93799.66,dom,1,2026-01-06T03:21:35.265824+00:00
2026-01-06T03:19:23+00:00,03:19:23,BTC,93791.71,93787.1,93796.31,dom,1,2026-01-06T03:21:37.280726+00:00
2026-01-06T03:19:24+00:00,03:19:24,BTC,93793.65,93789.3,93798.01,dom,1,2026-01-06T03:21:38.267320+00:00
2026-01-06T03:19:25+00:00,03:19:25,BTC,93795.67,93791.57,93799.87,dom,1,2026-01-06T03:21:39.334475+00:00
2026-01-06T03:19:26+00:00,03:19:26,BTC,93797.93,93794.06,93801.91,dom,1,2026-01-06T03:21:40.384464+00:00
2026-01-06T03:19:27+00:00,03:19:27,BTC,93800.14,93796.5,93803.8,dom,1,2026-01-06T03:21:41.386818+00:00
2026-01-06T03:19:28+00:00,03:19:28,BTC,93800.16,93796.52,93803.81,dom,1,2026-01-06T03:21:42.711033+00:00
2026-01-06T03:19:29+00:00,03:19:29,BTC,93800.2,93796.59,93803.81,dom,1,2026-01-06T03:21:43.033850+00:00
2026-01-06T03:19:30+00:00,03:19:30,BTC,93800.25,93796.66,93803.84,dom,1,2026-01-06T03:21:44.030248+00:00
2026-01-06T03:19:31+00:00,03:19:31,BTC,93800.26,93796.65,93803.87,dom,1,2026-01-06T03:21:45.028895+00:00
2026-01-06T03:19:32+00:00,03:19:32,BTC,93798.97,93795.11,93802.83,dom,1,2026-01-06T03:21:46.483298+00:00
2026-01-06T03:19:33+00:00,03:19:33,BTC,93798.94,93795.1,93802.79,dom,1,2026-01-06T03:21:47.881527+00:00
2026-01-06T03:19:34+00:00,03:19:34,BTC,93800.2,93796.62,93803.79,dom,1,2026-01-06T03:21:48.647435+00:00
2026-01-06T03:19:36+00:00,03:19:36,BTC,93795.12,93790.96,93799.28,dom,1,2026-01-06T03:21:49.637952+00:00
2026-01-06T03:19:37+00:00,03:19:37,BTC,93799.06,93795.11,93802.95,dom,1,2026-01-06T03:21:51.224925+00:00
2026-01-06T03:19:38+00:00,03:19:38,BTC,93800.02,93795.97,93803.9,dom,1,2026-01-06T03:21:52.175841+00:00
2026-01-06T03:19:39+00:00,03:19:39,BTC,93802.19,93798.23,93805.78,dom,1,2026-01-06T03:21:53.182157+00:00
2026-01-06T03:19:41+00:00,03:19:41,BTC,93799.21,93795.32,93803.1,dom,1,2026-01-06T03:21:54.498599+00:00
2026-01-06T03:19:42+00:00,03:19:42,BTC,93802.18,93798.29,93805.71,dom,1,2026-01-06T03:21:55.489049+00:00
2026-01-06T03:19:43+00:00,03:19:43,BTC,93799.21,93795.16,93803.27,dom,1,2026-01-06T03:21:56.879693+00:00
2026-01-06T03:19:44+00:00,03:19:44,BTC,93802.15,93798.59,93805.7,dom,1,2026-01-06T03:21:57.713437+00:00
2026-01-06T03:19:45+00:00,03:19:45,BTC,93802.19,93798.61,93805.8,dom,1,2026-01-06T03:21:59.030762+00:00
2026-01-06T03:19:46+00:00,03:19:46,BTC,93799.96,93795.92,93803.99,dom,1,2026-01-06T03:22:00.125384+00:00
2026-01-06T03:19:47+00:00,03:19:47,BTC,93801.63,93797.71,93805.36,dom,1,2026-01-06T03:22:01.668558+00:00
2026-01-06T03:19:48+00:00,03:19:48,BTC,93804.66,93800.96,93808.17,dom,1,2026-01-06T03:22:02.961893+00:00
2026-01-06T03:19:50+00:00,03:19:50,BTC,93804.65,93801.15,93808.15,dom,1,2026-01-06T03:22:04.075914+00:00
2026-01-06T03:19:51+00:00,03:19:51,BTC,93804.67,93801.14,93808.19,dom,1,2026-01-06T03:22:05.380541+00:00
2026-01-06T03:19:52+00:00,03:19:52,BTC,93804.67,93801.14,93808.19,dom,1,2026-01-06T03:22:05.793389+00:00
2026-01-06T03:19:53+00:00,03:19:53,BTC,93804.67,93800.87,93808.19,dom,1,2026-01-06T03:22:06.788161+00:00
2026-01-06T03:19:54+00:00,03:19:54,BTC,93799.98,93795.94,93804.03,dom,1,2026-01-06T03:22:07.799611+00:00
2026-01-06T03:19:55+00:00,03:19:55,BTC,93803.92,93800.38,93807.36,dom,1,2026-01-06T03:22:08.836576+00:00
2026-01-06T03:19:56+00:00,03:19:56,BTC,93803.92,93800.47,93807.35,dom,1,2026-01-06T03:22:09.853549+00:00
2026-01-06T03:19:57+00:00,03:19:57,BTC,93804.18,93800.62,93807.73,dom,1,2026-01-06T03:22:10.860555+00:00
2026-01-06T03:19:58+00:00,03:19:58,BTC,93804.17,93800.61,93807.73,dom,1,2026-01-06T03:22:11.865295+00:00
2026-01-06T03:19:59+00:00,03:19:59,BTC,93804.17,93800.61,93807.73,dom,1,2026-01-06T03:22:12.948039+00:00
2026-01-06T03:20:00+00:00,03:20:00,BTC,93804.16,93800.27,93807.72,dom,1,2026-01-06T03:22:14.003236+00:00
2026-01-06T03:20:01+00:00,03:20:01,BTC,93804.16,93800.27,93807.72,dom,1,2026-01-06T03:22:15.127612+00:00
2026-01-06T03:20:02+00:00,03:20:02,BTC,93804.24,93800.49,93807.82,dom,1,2026-01-06T03:22:16.311871+00:00
2026-01-06T03:20:03+00:00,03:20:03,BTC,93801.99,93798.06,93805.75,dom,1,2026-01-06T03:22:17.387780+00:00
2026-01-06T03:20:04+00:00,03:20:04,BTC,93803.27,93799.16,93807.29,dom,1,2026-01-06T03:22:18.382781+00:00
2026-01-06T03:20:05+00:00,03:20:05,BTC,93807.64,93803.45,93811.77,dom,1,2026-01-06T03:22:19.410958+00:00
2026-01-06T03:20:06+00:00,03:20:06,BTC,93809.89,93805.79,93813.81,dom,1,2026-01-06T03:22:20.397792+00:00
2026-01-06T03:20:07+00:00,03:20:07,BTC,93813.1,93808.84,93817.14,dom,1,2026-01-06T03:22:21.418650+00:00
2026-01-06T03:20:08+00:00,03:20:08,BTC,93815.06,93810.77,93819.21,dom,1,2026-01-06T03:22:22.605757+00:00
2026-01-06T03:20:10+00:00,03:20:10,BTC,93811.18,93806.8,93815.56,dom,1,2026-01-06T03:22:24.202648+00:00
2026-01-06T03:20:11+00:00,03:20:11,BTC,93815.05,93810.78,93818.97,dom,1,2026-01-06T03:22:25.113436+00:00
2026-01-06T03:20:12+00:00,03:20:12,BTC,93815.02,93810.76,93818.88,dom,1,2026-01-06T03:22:26.073984+00:00
2026-01-06T03:20:13+00:00,03:20:13,BTC,93815.07,93810.89,93818.96,dom,1,2026-01-06T03:22:27.113535+00:00
2026-01-06T03:20:14+00:00,03:20:14,BTC,93812.04,93807.77,93816.3,dom,1,2026-01-06T03:22:28.113018+00:00
2026-01-06T03:20:15+00:00,03:20:15,BTC,93813.44,93809.13,93817.63,dom,1,2026-01-06T03:22:29.592493+00:00
2026-01-06T03:20:16+00:00,03:20:16,BTC,93814.97,93810.83,93818.98,dom,1,2026-01-06T03:22:30.593128+00:00
2026-01-06T03:20:17+00:00,03:20:17,BTC,93813.24,93809.14,93817.32,dom,1,2026-01-06T03:22:31.620341+00:00
2026-01-06T03:20:18+00:00,03:20:18,BTC,93811.28,93806.93,93815.61,dom,1,2026-01-06T03:22:32.791051+00:00
2026-01-06T03:20:19+00:00,03:20:19,BTC,93813.09,93808.66,93817.34,dom,1,2026-01-06T03:22:33.853620+00:00
2026-01-06T03:20:20+00:00,03:20:20,BTC,93814.82,93810.49,93818.87,dom,1,2026-01-06T03:22:34.828094+00:00
2026-01-06T03:20:22+00:00,03:20:22,BTC,93814.72,93810.58,93818.78,dom,1,2026-01-06T03:22:36.163273+00:00
2026-01-06T03:20:23+00:00,03:20:23,BTC,93814.57,93810.18,93818.72,dom,1,2026-01-06T03:22:37.215517+00:00
2026-01-06T03:20:24+00:00,03:20:24,BTC,93814.25,93809.77,93818.71,dom,1,2026-01-06T03:22:38.389886+00:00
2026-01-06T03:20:25+00:00,03:20:25,BTC,93814.5,93810.1,93818.69,dom,1,2026-01-06T03:22:39.491501+00:00
2026-01-06T03:20:26+00:00,03:20:26,BTC,93810.66,93806.28,93815.04,dom,1,2026-01-06T03:22:40.408404+00:00
2026-01-06T03:20:27+00:00,03:20:27,BTC,93809.86,93805.41,93814.1,dom,1,2026-01-06T03:22:41.366238+00:00
2026-01-06T03:20:28+00:00,03:20:28,BTC,93808.12,93802.8,93812.5,dom,1,2026-01-06T03:22:42.444644+00:00
2026-01-06T03:20:29+00:00,03:20:29,BTC,93792.65,93787.83,93795.12,dom,1,2026-01-06T03:22:43.794897+00:00
2026-01-06T03:20:30+00:00,03:20:30,BTC,93789.89,93785.96,93791.13,dom,1,2026-01-06T03:22:44.835452+00:00
2026-01-06T03:20:31+00:00,03:20:31,BTC,93787.31,93783.2,93787.98,dom,1,2026-01-06T03:22:45.896141+00:00
2026-01-06T03:20:33+00:00,03:20:33,BTC,93786.1,93781.99,93788.9,dom,1,2026-01-06T03:22:47.236720+00:00
2026-01-06T03:20:34+00:00,03:20:34,BTC,93786.1,93781.99,93788.37,dom,1,2026-01-06T03:22:48.178665+00:00
2026-01-06T03:20:35+00:00,03:20:35,BTC,93785.36,93780.74,93789.31,dom,1,2026-01-06T03:22:50.190348+00:00
2026-01-06T03:20:37+00:00,03:20:37,BTC,93783.82,93779.8,93787.85,dom,1,2026-01-06T03:22:51.326091+00:00
2026-01-06T03:20:38+00:00,03:20:38,BTC,93783.8,93779.75,93787.62,dom,1,2026-01-06T03:22:52.413453+00:00
2026-01-06T03:20:39+00:00,03:20:39,BTC,93782.03,93777.85,93785.32,dom,1,2026-01-06T03:22:53.642903+00:00
2026-01-06T03:20:40+00:00,03:20:40,BTC,93780.27,93775.95,93783.03,dom,1,2026-01-06T03:22:54.620803+00:00
2026-01-06T03:20:41+00:00,03:20:41,BTC,93783.62,93779.19,93786.36,dom,1,2026-01-06T03:22:55.668867+00:00
2026-01-06T03:20:42+00:00,03:20:42,BTC,93783.3,93778.95,93785.98,dom,1,2026-01-06T03:22:56.793870+00:00
2026-01-06T03:20:43+00:00,03:20:43,BTC,93783.3,93779.16,93786.21,dom,1,2026-01-06T03:22:57.807328+00:00
2026-01-06T03:20:44+00:00,03:20:44,BTC,93784.06,93780.12,93787.38,dom,1,2026-01-06T03:22:58.817487+00:00
2026-01-06T03:20:45+00:00,03:20:45,BTC,93783.6,93779.48,93786.63,dom,1,2026-01-06T03:22:59.954528+00:00
2026-01-06T03:20:46+00:00,03:20:46,BTC,93783.63,93779.52,93786.72,dom,1,2026-01-06T03:23:01.028772+00:00
2026-01-06T03:20:47+00:00,03:20:47,BTC,93784.31,93780.18,93788.04,dom,1,2026-01-06T03:23:02.093744+00:00
2026-01-06T03:20:48+00:00,03:20:48,BTC,93786.24,93781.89,93790.36,dom,1,2026-01-06T03:23:03.121347+00:00
2026-01-06T03:20:49+00:00,03:20:49,BTC,93787.59,93783.25,93791.92,dom,1,2026-01-06T03:23:04.147404+00:00
2026-01-06T03:20:51+00:00,03:20:51,BTC,93787.63,93783.32,93791.92,dom,1,2026-01-06T03:23:05.285149+00:00
2026-01-06T03:20:52+00:00,03:20:52,BTC,93788.09,93783.75,93792.39,dom,1,2026-01-06T03:23:06.303790+00:00
2026-01-06T03:20:53+00:00,03:20:53,BTC,93788.86,93784.47,93793.24,dom,1,2026-01-06T03:23:07.386053+00:00
2026-01-06T03:20:54+00:00,03:20:54,BTC,93785.65,93781.33,93789.98,dom,1,2026-01-06T03:23:08.393492+00:00
2026-01-06T03:20:55+00:00,03:20:55,BTC,93784.41,93780.15,93788.34,dom,1,2026-01-06T03:23:09.411587+00:00
2026-01-06T03:20:56+00:00,03:20:56,BTC,93784.41,93780.15,93788.34,dom,1,2026-01-06T03:23:10.413362+00:00
2026-01-06T03:20:57+00:00,03:20:57,BTC,93785.59,93781.47,93789.75,dom,1,2026-01-06T03:23:11.448636+00:00
2026-01-06T03:20:58+00:00,03:20:58,BTC,93785.75,93781.78,93789.65,dom,1,2026-01-06T03:23:13.858657+00:00
2026-01-06T03:20:59+00:00,03:20:59,BTC,93785.97,93782.09,93789.78,dom,1,2026-01-06T03:23:14.657837+00:00
2026-01-06T03:21:01+00:00,03:21:01,BTC,93784.49,93780.05,93787.94,dom,1,2026-01-06T03:23:15.744723+00:00
2026-01-06T03:21:02+00:00,03:21:02,BTC,93784.17,93779.8,93787.94,dom,1,2026-01-06T03:23:16.767365+00:00
2026-01-06T03:21:03+00:00,03:21:03,BTC,93787.3,93783.01,93791.4,dom,1,2026-01-06T03:23:17.883167+00:00
2026-01-06T03:21:04+00:00,03:21:04,BTC,93787.31,93783.02,93791.41,dom,1,2026-01-06T03:23:18.988725+00:00
2026-01-06T03:21:05+00:00,03:21:05,BTC,93787.56,93783.54,93791.46,dom,1,2026-01-06T03:23:20.303353+00:00
2026-01-06T03:21:06+00:00,03:21:06,BTC,93787.59,93783.78,93791.4,dom,1,2026-01-06T03:23:21.662033+00:00
2026-01-06T03:21:08+00:00,03:21:08,BTC,93787.56,93783.78,93791.34,dom,1,2026-01-06T03:23:22.800983+00:00
2026-01-06T03:21:09+00:00,03:21:09,BTC,93787.17,93782.99,93791.35,dom,1,2026-01-06T03:23:23.761277+00:00
2026-01-06T03:21:10+00:00,03:21:10,BTC,93787.23,93783.01,93791.42,dom,1,2026-01-06T03:23:24.772787+00:00
2026-01-06T03:21:11+00:00,03:21:11,BTC,93791.88,93787.43,93796.32,dom,1,2026-01-06T03:23:26.161048+00:00
2026-01-06T03:21:12+00:00,03:21:12,BTC,93789.1,93784.83,93793.36,dom,1,2026-01-06T03:23:26.918608+00:00
2026-01-06T03:21:13+00:00,03:21:13,BTC,93789.1,93784.83,93793.36,dom,1,2026-01-06T03:23:27.889812+00:00
2026-01-06T03:21:14+00:00,03:21:14,BTC,93790.89,93786.6,93795.16,dom,1,2026-01-06T03:23:28.902896+00:00
2026-01-06T03:21:15+00:00,03:21:15,BTC,93791.98,93787.55,93795.69,dom,1,2026-01-06T03:23:29.878749+00:00
2026-01-06T03:21:16+00:00,03:21:16,BTC,93791.9,93787.57,93796.24,dom,1,2026-01-06T03:23:30.893740+00:00
2026-01-06T03:21:17+00:00,03:21:17,BTC,93791.9,93787.57,93796.24,dom,1,2026-01-06T03:23:31.927807+00:00
2026-01-06T03:21:18+00:00,03:21:18,BTC,93791.76,93787.43,93796.09,dom,1,2026-01-06T03:23:33.167100+00:00
2026-01-06T03:21:19+00:00,03:21:19,BTC,93791.8,93787.48,93796.13,dom,1,2026-01-06T03:23:34.185287+00:00
2026-01-06T03:21:20+00:00,03:21:20,BTC,93791.73,93787.41,93796.04,dom,1,2026-01-06T03:23:35.451838+00:00
2026-01-06T03:21:21+00:00,03:21:21,BTC,93791.5,93787.18,93795.82,dom,1,2026-01-06T03:23:36.209511+00:00
2026-01-06T03:21:22+00:00,03:21:21,BTC,93789.32,93785,93792.83,dom,1,2026-01-06T03:23:37.203556+00:00
2026-01-06T03:21:23+00:00,03:21:23,BTC,93786.89,93782.79,93790.97,dom,1,2026-01-06T03:23:38.341149+00:00
2026-01-06T03:21:24+00:00,03:21:24,BTC,93786.85,93782.73,93790.13,dom,1,2026-01-06T03:23:39.822274+00:00
2026-01-06T03:21:26+00:00,03:21:26,BTC,93786.84,93782.68,93789.28,dom,1,2026-01-06T03:23:41.577697+00:00
2026-01-06T03:21:27+00:00,03:21:27,BTC,93786.57,93781.84,93788.57,dom,1,2026-01-06T03:23:42.602869+00:00
2026-01-06T03:21:28+00:00,03:21:28,BTC,93786.56,93781.84,93788.57,dom,1,2026-01-06T03:23:43.609171+00:00
2026-01-06T03:21:29+00:00,03:21:29,BTC,93786,93781.28,93788.27,dom,1,2026-01-06T03:23:44.692452+00:00
2026-01-06T03:21:30+00:00,03:21:30,BTC,93785.96,93781.27,93788.22,dom,1,2026-01-06T03:23:45.837792+00:00
2026-01-06T03:21:31+00:00,03:21:31,BTC,93786.26,93781.56,93788.82,dom,1,2026-01-06T03:23:46.995304+00:00
2026-01-06T03:21:32+00:00,03:21:32,BTC,93786.03,93781.49,93789.51,dom,1,2026-01-06T03:23:47.989604+00:00
2026-01-06T03:21:34+00:00,03:21:34,BTC,93785.47,93781.25,93789.71,dom,1,2026-01-06T03:23:49.282896+00:00
2026-01-06T03:21:35+00:00,03:21:35,BTC,93785.2,93780.88,93789.53,dom,1,2026-01-06T03:23:50.258193+00:00
2026-01-06T03:21:36+00:00,03:21:36,BTC,93785.2,93780.88,93789.53,dom,1,2026-01-06T03:23:51.256323+00:00
2026-01-06T03:21:37+00:00,03:21:37,BTC,93785.46,93781.27,93789.67,dom,1,2026-01-06T03:23:52.290166+00:00
2026-01-06T03:21:38+00:00,03:21:38,BTC,93785.32,93781.35,93789.43,dom,1,2026-01-06T03:23:53.387567+00:00
2026-01-06T03:21:39+00:00,03:21:39,BTC,93785.55,93781.43,93788.85,dom,1,2026-01-06T03:23:54.528701+00:00
2026-01-06T03:21:40+00:00,03:21:40,BTC,93785.56,93781.48,93789.02,dom,1,2026-01-06T03:23:55.568627+00:00
2026-01-06T03:21:41+00:00,03:21:41,BTC,93785.56,93781.49,93789.49,dom,1,2026-01-06T03:23:56.615684+00:00
2026-01-06T03:21:42+00:00,03:21:42,BTC,93784.53,93779.72,93788.84,dom,1,2026-01-06T03:23:57.733632+00:00
2026-01-06T03:21:43+00:00,03:21:43,BTC,93783.3,93778.64,93786,dom,1,2026-01-06T03:23:58.813429+00:00
2026-01-06T03:21:44+00:00,03:21:44,BTC,93781.85,93777.36,93783.01,dom,1,2026-01-06T03:23:59.933039+00:00
2026-01-06T03:21:45+00:00,03:21:45,BTC,93773.51,93769.06,93776.29,dom,1,2026-01-06T03:24:01.274550+00:00
2026-01-06T03:21:46+00:00,03:21:46,BTC,93765.23,93760.9,93769.56,dom,1,2026-01-06T03:24:02.209950+00:00
2026-01-06T03:21:48+00:00,03:21:48,BTC,93764.28,93759.44,93768.6,dom,1,2026-01-06T03:24:03.573197+00:00
2026-01-06T03:21:49+00:00,03:21:49,BTC,93765.24,93760.65,93769.65,dom,1,2026-01-06T03:24:04.584119+00:00
2026-01-06T03:21:50+00:00,03:21:50,BTC,93764.92,93760.24,93769.3,dom,1,2026-01-06T03:24:05.589446+00:00
2026-01-06T03:21:51+00:00,03:21:51,BTC,93764.59,93759.84,93768.95,dom,1,2026-01-06T03:24:06.725918+00:00
2026-01-06T03:21:52+00:00,03:21:52,BTC,93764.27,93759.44,93768.6,dom,1,2026-01-06T03:24:08.507093+00:00
2026-01-06T03:21:53+00:00,03:21:53,BTC,93762.9,93758.2,93766.14,dom,1,2026-01-06T03:24:08.961675+00:00
2026-01-06T03:21:54+00:00,03:21:54,BTC,93757.67,93753.56,93760.38,dom,1,2026-01-06T03:24:09.948869+00:00
2026-01-06T03:21:55+00:00,03:21:55,BTC,93752.26,93748.35,93755.98,dom,1,2026-01-06T03:24:10.909120+00:00
2026-01-06T03:21:56+00:00,03:21:56,BTC,93751.6,93747.54,93755.73,dom,1,2026-01-06T03:24:11.908047+00:00
2026-01-06T03:21:57+00:00,03:21:57,BTC,93751.66,93747.62,93755.74,dom,1,2026-01-06T03:24:12.918778+00:00
2026-01-06T03:21:58+00:00,03:21:58,BTC,93751.51,93747.43,93755.6,dom,1,2026-01-06T03:24:14.020866+00:00
2026-01-06T03:21:59+00:00,03:21:59,BTC,93751.33,93747.21,93755.1,dom,1,2026-01-06T03:24:15.018463+00:00
2026-01-06T03:22:00+00:00,03:22:00,BTC,93752.42,93748.39,93756.12,dom,1,2026-01-06T03:24:16.263423+00:00
2026-01-06T03:22:02+00:00,03:22:02,BTC,93755.27,93750.77,93759.91,dom,1,2026-01-06T03:24:17.443340+00:00
2026-01-06T03:22:03+00:00,03:22:03,BTC,93756.05,93751.62,93761.13,dom,1,2026-01-06T03:24:18.406433+00:00
2026-01-06T03:22:04+00:00,03:22:04,BTC,93755.43,93750.55,93760.31,dom,1,2026-01-06T03:24:19.424425+00:00
2026-01-06T03:22:05+00:00,03:22:05,BTC,93759.66,93755.4,93763.92,dom,1,2026-01-06T03:24:20.449941+00:00
2026-01-06T03:22:06+00:00,03:22:06,BTC,93756.99,93752.28,93761.7,dom,1,2026-01-06T03:24:21.457132+00:00
2026-01-06T03:22:07+00:00,03:22:07,BTC,93756.63,93752.21,93761.05,dom,1,2026-01-06T03:24:22.491168+00:00
2026-01-06T03:22:08+00:00,03:22:08,BTC,93759.23,93755.11,93763.34,dom,1,2026-01-06T03:24:24.562620+00:00
2026-01-06T03:22:09+00:00,03:22:09,BTC,93759.28,93754.74,93763.65,dom,1,2026-01-06T03:24:25.556867+00:00
2026-01-06T03:22:10+00:00,03:22:10,BTC,93757.81,93753.42,93762.32,dom,1,2026-01-06T03:24:26.609089+00:00
2026-01-06T03:22:11+00:00,03:22:11,BTC,93756.42,93752.19,93760.81,dom,1,2026-01-06T03:24:27.709163+00:00
2026-01-06T03:22:12+00:00,03:22:12,BTC,93756.48,93751.99,93760.63,dom,1,2026-01-06T03:24:28.807115+00:00
2026-01-06T03:22:14+00:00,03:22:14,BTC,93756.13,93751.97,93760.23,dom,1,2026-01-06T03:24:30.457670+00:00
2026-01-06T03:22:15+00:00,03:22:15,BTC,93756.21,93752.01,93760.38,dom,1,2026-01-06T03:24:31.506451+00:00
2026-01-06T03:22:16+00:00,03:22:16,BTC,93756.17,93751.94,93760.38,dom,1,2026-01-06T03:24:32.489852+00:00
2026-01-06T03:22:17+00:00,03:22:17,BTC,93756.62,93752.65,93760.59,dom,1,2026-01-06T03:24:33.538767+00:00
2026-01-06T03:22:18+00:00,03:22:18,BTC,93756.65,93752.67,93760.59,dom,1,2026-01-06T03:24:34.591332+00:00
2026-01-06T03:22:19+00:00,03:22:19,BTC,93756.67,93752.69,93760.59,dom,1,2026-01-06T03:24:35.768527+00:00
2026-01-06T03:22:20+00:00,03:22:20,BTC,93756.71,93752.74,93760.62,dom,1,2026-01-06T03:24:36.671116+00:00
2026-01-06T03:22:21+00:00,03:22:21,BTC,93756.74,93752.78,93760.68,dom,1,2026-01-06T03:24:37.885896+00:00
2026-01-06T03:22:23+00:00,03:22:23,BTC,93756.75,93752.77,93760.71,dom,1,2026-01-06T03:24:38.809817+00:00
2026-01-06T03:22:24+00:00,03:22:24,BTC,93756.8,93752.84,93760.75,dom,1,2026-01-06T03:24:39.820383+00:00
2026-01-06T03:22:25+00:00,03:22:25,BTC,93756.79,93752.86,93760.82,dom,1,2026-01-06T03:24:40.868097+00:00
2026-01-06T03:22:26+00:00,03:22:26,BTC,93756.81,93752.88,93760.82,dom,1,2026-01-06T03:24:42.220249+00:00
2026-01-06T03:22:27+00:00,03:22:27,BTC,93756.81,93752.88,93760.73,dom,1,2026-01-06T03:24:43.321907+00:00
2026-01-06T03:22:28+00:00,03:22:28,BTC,93756.82,93752.9,93760.73,dom,1,2026-01-06T03:24:44.252426+00:00
2026-01-06T03:22:29+00:00,03:22:29,BTC,93756.06,93751.58,93760.43,dom,1,2026-01-06T03:24:45.298913+00:00
2026-01-06T03:22:30+00:00,03:22:30,BTC,93756.92,93753.02,93760.82,dom,1,2026-01-06T03:24:46.249865+00:00
2026-01-06T03:22:31+00:00,03:22:31,BTC,93756.91,93753.01,93760.82,dom,1,2026-01-06T03:24:47.706386+00:00
2026-01-06T03:22:32+00:00,03:22:32,BTC,93756.9,93752.99,93760.81,dom,1,2026-01-06T03:24:49.238462+00:00
2026-01-06T03:22:33+00:00,03:22:33,BTC,93756.89,93752.97,93760.8,dom,1,2026-01-06T03:24:49.695745+00:00
2026-01-06T03:22:34+00:00,03:22:34,BTC,93756.97,93753.01,93760.93,dom,1,2026-01-06T03:24:50.722759+00:00
2026-01-06T03:22:35+00:00,03:22:35,BTC,93756.59,93752.15,93760.72,dom,1,2026-01-06T03:24:51.709521+00:00
2026-01-06T03:22:36+00:00,03:22:36,BTC,93756.59,93752.24,93760.75,dom,1,2026-01-06T03:24:52.713609+00:00
2026-01-06T03:22:37+00:00,03:22:37,BTC,93756.68,93752.74,93760.61,dom,1,2026-01-06T03:24:53.901101+00:00
2026-01-06T03:22:39+00:00,03:22:39,BTC,93756.41,93751.75,93760.51,dom,1,2026-01-06T03:24:55.349067+00:00
2026-01-06T03:22:40+00:00,03:22:40,BTC,93755.25,93750.58,93759.93,dom,1,2026-01-06T03:24:56.788862+00:00
2026-01-06T03:22:41+00:00,03:22:41,BTC,93756.84,93752.67,93761.01,dom,1,2026-01-06T03:24:57.366737+00:00
2026-01-06T03:22:42+00:00,03:22:42,BTC,93756.75,93752.59,93760.94,dom,1,2026-01-06T03:24:58.337674+00:00
2026-01-06T03:22:43+00:00,03:22:43,BTC,93756.75,93752.59,93760.91,dom,1,2026-01-06T03:24:59.355167+00:00
2026-01-06T03:22:44+00:00,03:22:44,BTC,93756.76,93752.61,93760.91,dom,1,2026-01-06T03:25:00.378785+00:00
2026-01-06T03:22:45+00:00,03:22:45,BTC,93756.78,93752.57,93760.99,dom,1,2026-01-06T03:25:01.395251+00:00
2026-01-06T03:22:46+00:00,03:22:46,BTC,93756.76,93752.58,93760.95,dom,1,2026-01-06T03:25:02.459369+00:00
2026-01-06T03:22:47+00:00,03:22:47,BTC,93756.74,93752.54,93760.95,dom,1,2026-01-06T03:25:03.868331+00:00
2026-01-06T03:22:48+00:00,03:22:48,BTC,93756.74,93752.54,93760.94,dom,1,2026-01-06T03:25:05.168326+00:00
2026-01-06T03:22:49+00:00,03:22:49,BTC,93756.81,93752.83,93760.78,dom,1,2026-01-06T03:25:05.917308+00:00
2026-01-06T03:22:50+00:00,03:22:50,BTC,93756.18,93751.79,93760.14,dom,1,2026-01-06T03:25:06.982373+00:00
2026-01-06T03:22:51+00:00,03:22:51,BTC,93756.13,93751.57,93760.19,dom,1,2026-01-06T03:25:08.150129+00:00
2026-01-06T03:22:52+00:00,03:22:52,BTC,93756.91,93752.45,93760.95,dom,1,2026-01-06T03:25:09.200464+00:00
2026-01-06T03:22:54+00:00,03:22:54,BTC,93756.81,93752.24,93761.02,dom,1,2026-01-06T03:25:10.369369+00:00
2026-01-06T03:22:55+00:00,03:22:55,BTC,93757.02,93752.66,93761.03,dom,1,2026-01-06T03:25:11.350618+00:00
2026-01-06T03:22:56+00:00,03:22:56,BTC,93756.77,93752.72,93760.82,dom,1,2026-01-06T03:25:12.327027+00:00
2026-01-06T03:22:57+00:00,03:22:57,BTC,93756.79,93752.74,93760.83,dom,1,2026-01-06T03:25:14.337551+00:00
2026-01-06T03:22:58+00:00,03:22:58,BTC,93756.8,93752.65,93760.93,dom,1,2026-01-06T03:25:15.440795+00:00
2026-01-06T03:22:59+00:00,03:22:59,BTC,93756.91,93752.77,93761.03,dom,1,2026-01-06T03:25:16.430077+00:00
2026-01-06T03:23:00+00:00,03:23:00,BTC,93756.99,93752.96,93761.01,dom,1,2026-01-06T03:25:17.652809+00:00
2026-01-06T03:23:01+00:00,03:23:01,BTC,93757.55,93753.22,93761.81,dom,1,2026-01-06T03:25:18.675583+00:00
2026-01-06T03:23:03+00:00,03:23:03,BTC,93756.03,93751.53,93760.57,dom,1,2026-01-06T03:25:19.747625+00:00
2026-01-06T03:23:04+00:00,03:23:04,BTC,93758.36,93754.05,93762.68,dom,1,2026-01-06T03:25:20.755502+00:00
2026-01-06T03:23:05+00:00,03:23:05,BTC,93757.9,93753.5,93762.3,dom,1,2026-01-06T03:25:21.772656+00:00
2026-01-06T03:23:06+00:00,03:23:06,BTC,93758.73,93754.39,93763.02,dom,1,2026-01-06T03:25:22.880625+00:00
2026-01-06T03:23:07+00:00,03:23:07,BTC,93758.6,93754.23,93762.97,dom,1,2026-01-06T03:25:23.932267+00:00
2026-01-06T03:23:08+00:00,03:23:08,BTC,93758.04,93753.64,93762.35,dom,1,2026-01-06T03:25:25.249197+00:00
2026-01-06T03:23:09+00:00,03:23:09,BTC,93757.93,93753.52,93762.35,dom,1,2026-01-06T03:25:26.185479+00:00
2026-01-06T03:23:10+00:00,03:23:10,BTC,93756.84,93752.25,93761.31,dom,1,2026-01-06T03:25:27.240089+00:00
2026-01-06T03:23:11+00:00,03:23:11,BTC,93756.72,93752.08,93761.26,dom,1,2026-01-06T03:25:28.271928+00:00
2026-01-06T03:23:12+00:00,03:23:12,BTC,93758.29,93753.76,93762.81,dom,1,2026-01-06T03:25:29.281172+00:00
2026-01-06T03:23:13+00:00,03:23:13,BTC,93758.29,93753.82,93762.76,dom,1,2026-01-06T03:25:30.283164+00:00
2026-01-06T03:23:15+00:00,03:23:15,BTC,93758.23,93753.78,93762.72,dom,1,2026-01-06T03:25:31.802702+00:00
2026-01-06T03:23:16+00:00,03:23:16,BTC,93758.18,93753.65,93762.71,dom,1,2026-01-06T03:25:33.243944+00:00
2026-01-06T03:23:17+00:00,03:23:17,BTC,93758.18,93753.65,93762.71,dom,1,2026-01-06T03:25:34.349546+00:00
2026-01-06T03:23:18+00:00,03:23:18,BTC,93752.78,93748.77,93755.46,dom,1,2026-01-06T03:25:35.295596+00:00
2026-01-06T03:23:19+00:00,03:23:19,BTC,93750.82,93746.53,93754.47,dom,1,2026-01-06T03:25:36.452602+00:00
2026-01-06T03:23:20+00:00,03:23:20,BTC,93750.82,93746.53,93754.47,dom,1,2026-01-06T03:25:37.316997+00:00
2026-01-06T03:23:21+00:00,03:23:21,BTC,93749.37,93744.89,93751.2,dom,1,2026-01-06T03:25:38.604290+00:00
2026-01-06T03:23:22+00:00,03:23:22,BTC,93749.13,93744.64,93751.06,dom,1,2026-01-06T03:25:39.636458+00:00
2026-01-06T03:23:23+00:00,03:23:23,BTC,93750.43,93746.32,93754.21,dom,1,2026-01-06T03:25:40.778068+00:00
2026-01-06T03:23:24+00:00,03:23:24,BTC,93749.8,93745.47,93752.7,dom,1,2026-01-06T03:25:41.834474+00:00
2026-01-06T03:23:25+00:00,03:23:25,BTC,93748.96,93744.4,93750.97,dom,1,2026-01-06T03:25:42.891263+00:00
2026-01-06T03:23:26+00:00,03:23:26,BTC,93748.04,93743.47,93750.09,dom,1,2026-01-06T03:25:43.912483+00:00
2026-01-06T03:23:27+00:00,03:23:27,BTC,93748.13,93743.63,93751.34,dom,1,2026-01-06T03:25:44.914131+00:00
2026-01-06T03:23:28+00:00,03:23:28,BTC,93748.94,93744.36,93752.85,dom,1,2026-01-06T03:25:46.023333+00:00
2026-01-06T03:23:29+00:00,03:23:29,BTC,93748.74,93743.99,93752.22,dom,1,2026-01-06T03:25:47.049328+00:00
2026-01-06T03:23:30+00:00,03:23:30,BTC,93748.54,93743.75,93751.97,dom,1,2026-01-06T03:25:48.037675+00:00
2026-01-06T03:23:31+00:00,03:23:31,BTC,93748.34,93743.57,93751.76,dom,1,2026-01-06T03:25:49.070057+00:00
2026-01-06T03:23:32+00:00,03:23:32,BTC,93748.19,93743.4,93751.61,dom,1,2026-01-06T03:25:50.103709+00:00
2026-01-06T03:23:34+00:00,03:23:34,BTC,93748.24,93743.41,93751.69,dom,1,2026-01-06T03:25:51.319995+00:00
2026-01-06T03:23:35+00:00,03:23:35,BTC,93748.96,93744.27,93752.23,dom,1,2026-01-06T03:25:52.372323+00:00
2026-01-06T03:23:36+00:00,03:23:36,BTC,93747.08,93742.38,93750.34,dom,1,2026-01-06T03:25:53.539764+00:00
2026-01-06T03:23:37+00:00,03:23:37,BTC,93746.59,93741.91,93749.14,dom,1,2026-01-06T03:25:54.556917+00:00
2026-01-06T03:23:38+00:00,03:23:38,BTC,93743.24,93739.52,93745.33,dom,1,2026-01-06T03:25:55.585247+00:00
2026-01-06T03:23:39+00:00,03:23:39,BTC,93742.56,93738.92,93744.48,dom,1,2026-01-06T03:25:56.601546+00:00
2026-01-06T03:23:40+00:00,03:23:40,BTC,93741.79,93737.04,93746.12,dom,1,2026-01-06T03:25:57.807411+00:00
2026-01-06T03:23:42+00:00,03:23:42,BTC,93743.27,93738.13,93748.4,dom,1,2026-01-06T03:25:59.622977+00:00
2026-01-06T03:23:43+00:00,03:23:43,BTC,93743.27,93738.13,93748.4,dom,1,2026-01-06T03:26:00.684880+00:00
2026-01-06T03:23:44+00:00,03:23:44,BTC,93754.21,93749.39,93758.71,dom,1,2026-01-06T03:26:01.662151+00:00
2026-01-06T03:23:45+00:00,03:23:45,BTC,93750.31,93745.69,93754.94,dom,1,2026-01-06T03:26:03.791736+00:00
2026-01-06T03:23:46+00:00,03:23:46,BTC,93752.06,93747.68,93756.46,dom,1,2026-01-06T03:26:04.702071+00:00
2026-01-06T03:23:47+00:00,03:23:47,BTC,93753.85,93749.7,93758,dom,1,2026-01-06T03:26:05.397490+00:00
2026-01-06T03:23:48+00:00,03:23:48,BTC,93753.85,93749.7,93758,dom,1,2026-01-06T03:26:06.433632+00:00
2026-01-06T03:23:49+00:00,03:23:49,BTC,93752.59,93748.19,93756.99,dom,1,2026-01-06T03:26:08.168313+00:00
2026-01-06T03:23:50+00:00,03:23:50,BTC,93751.46,93746.83,93756.1,dom,1,2026-01-06T03:26:08.798939+00:00
2026-01-06T03:23:51+00:00,03:23:51,BTC,93751.51,93746.89,93756.13,dom,1,2026-01-06T03:26:09.794404+00:00
2026-01-06T03:23:52+00:00,03:23:52,BTC,93752.82,93748.16,93757.24,dom,1,2026-01-06T03:26:10.771607+00:00
2026-01-06T03:23:53+00:00,03:23:53,BTC,93754.18,93749.64,93758.39,dom,1,2026-01-06T03:26:11.887048+00:00
2026-01-06T03:23:54+00:00,03:23:54,BTC,93754.18,93749.79,93758.35,dom,1,2026-01-06T03:26:12.766701+00:00
2026-01-06T03:23:56+00:00,03:23:56,BTC,93754.33,93749.87,93758.52,dom,1,2026-01-06T03:26:13.952933+00:00
2026-01-06T03:23:57+00:00,03:23:56,BTC,93754.33,93749.99,93758.54,dom,1,2026-01-06T03:26:15.185242+00:00
2026-01-06T03:23:58+00:00,03:23:58,BTC,93754.6,93750.39,93758.81,dom,1,2026-01-06T03:26:16.032471+00:00
2026-01-06T03:23:59+00:00,03:23:59,BTC,93754.34,93750.12,93758.56,dom,1,2026-01-06T03:26:17.036328+00:00
2026-01-06T03:24:00+00:00,03:24:00,BTC,93754.34,93750.12,93758.56,dom,1,2026-01-06T03:26:18.120240+00:00
2026-01-06T03:24:01+00:00,03:24:01,BTC,93770.14,93765.66,93774.13,dom,1,2026-01-06T03:26:19.086809+00:00
2026-01-06T03:24:02+00:00,03:24:02,BTC,93769.04,93765.12,93772.94,dom,1,2026-01-06T03:26:20.606405+00:00
2026-01-06T03:24:04+00:00,03:24:04,BTC,93761.85,93757.92,93766.41,dom,1,2026-01-06T03:26:22.063968+00:00
2026-01-06T03:24:05+00:00,03:24:05,BTC,93762.63,93758.12,93768.13,dom,1,2026-01-06T03:26:23.129344+00:00
2026-01-06T03:24:06+00:00,03:24:06,BTC,93765.01,93760.2,93769.83,dom,1,2026-01-06T03:26:24.122264+00:00
2026-01-06T03:24:07+00:00,03:24:07,BTC,93764.03,93759.26,93768.81,dom,1,2026-01-06T03:26:25.190057+00:00
2026-01-06T03:24:08+00:00,03:24:08,BTC,93764.31,93759.36,93769.27,dom,1,2026-01-06T03:26:26.403612+00:00
2026-01-06T03:24:09+00:00,03:24:09,BTC,93764.03,93759.32,93768.74,dom,1,2026-01-06T03:26:27.396438+00:00
2026-01-06T03:24:10+00:00,03:24:10,BTC,93764.5,93759.76,93769.34,dom,1,2026-01-06T03:26:28.901756+00:00
2026-01-06T03:24:11+00:00,03:24:11,BTC,93765.58,93760.75,93770.4,dom,1,2026-01-06T03:26:29.571697+00:00
2026-01-06T03:24:12+00:00,03:24:12,BTC,93763.14,93758.45,93767.85,dom,1,2026-01-06T03:26:30.503805+00:00
2026-01-06T03:24:13+00:00,03:24:13,BTC,93763.1,93758.3,93767.02,dom,1,2026-01-06T03:26:32.521070+00:00
2026-01-06T03:24:14+00:00,03:24:14,BTC,93762.96,93758.11,93767.27,dom,1,2026-01-06T03:26:32.535597+00:00
2026-01-06T03:24:15+00:00,03:24:15,BTC,93762.17,93757.58,93766.42,dom,1,2026-01-06T03:26:33.713489+00:00
2026-01-06T03:24:16+00:00,03:24:16,BTC,93760.59,93756.19,93765,dom,1,2026-01-06T03:26:35.381162+00:00
2026-01-06T03:24:18+00:00,03:24:18,BTC,93760.59,93756.21,93764.96,dom,1,2026-01-06T03:26:36.265812+00:00
2026-01-06T03:24:19+00:00,03:24:19,BTC,93760.59,93756.22,93764.96,dom,1,2026-01-06T03:26:37.268125+00:00
2026-01-06T03:24:20+00:00,03:24:20,BTC,93760.15,93755.56,93764.73,dom,1,2026-01-06T03:26:38.280490+00:00
2026-01-06T03:24:21+00:00,03:24:21,BTC,93760.29,93755.55,93764.76,dom,1,2026-01-06T03:26:39.303898+00:00
2026-01-06T03:24:22+00:00,03:24:22,BTC,93761.27,93756.1,93766.45,dom,1,2026-01-06T03:26:40.403464+00:00
2026-01-06T03:24:23+00:00,03:24:23,BTC,93761.13,93755.97,93766.32,dom,1,2026-01-06T03:26:41.962954+00:00
2026-01-06T03:24:24+00:00,03:24:24,BTC,93761.62,93756.63,93766.52,dom,1,2026-01-06T03:26:43.283944+00:00
2026-01-06T03:24:25+00:00,03:24:25,BTC,93761.35,93756.35,93766.25,dom,1,2026-01-06T03:26:44.098370+00:00
2026-01-06T03:24:26+00:00,03:24:26,BTC,93760.74,93755.65,93765.84,dom,1,2026-01-06T03:26:45.053098+00:00
2026-01-06T03:24:27+00:00,03:24:27,BTC,93761.65,93756.8,93766.49,dom,1,2026-01-06T03:26:46.103394+00:00
2026-01-06T03:24:28+00:00,03:24:28,BTC,93762.19,93757.55,93766.83,dom,1,2026-01-06T03:26:47.143606+00:00
2026-01-06T03:24:29+00:00,03:24:29,BTC,93761.26,93756.07,93766.42,dom,1,2026-01-06T03:26:47.987274+00:00
2026-01-06T03:24:30+00:00,03:24:30,BTC,93758.11,93752.26,93763.59,dom,1,2026-01-06T03:26:49.055837+00:00
2026-01-06T03:24:32+00:00,03:24:32,BTC,93754.7,93749.62,93759.79,dom,1,2026-01-06T03:26:50.174638+00:00
2026-01-06T03:24:33+00:00,03:24:33,BTC,93754.45,93749.52,93758.31,dom,1,2026-01-06T03:26:52.205206+00:00
2026-01-06T03:24:34+00:00,03:24:34,BTC,93754.93,93750.01,93759.25,dom,1,2026-01-06T03:26:53.215299+00:00
2026-01-06T03:24:35+00:00,03:24:35,BTC,93755.17,93750.03,93759.84,dom,1,2026-01-06T03:26:54.841960+00:00
2026-01-06T03:24:36+00:00,03:24:36,BTC,93755.21,93750.02,93759.73,dom,1,2026-01-06T03:26:55.002016+00:00
2026-01-06T03:24:38+00:00,03:24:38,BTC,93755.47,93750.6,93760.17,dom,1,2026-01-06T03:26:56.869829+00:00
2026-01-06T03:24:39+00:00,03:24:39,BTC,93753.2,93747.77,93758.25,dom,1,2026-01-06T03:26:58.066458+00:00
2026-01-06T03:24:40+00:00,03:24:40,BTC,93752.09,93746.69,93757.49,dom,1,2026-01-06T03:26:59.011086+00:00
2026-01-06T03:24:41+00:00,03:24:41,BTC,93753.26,93748.04,93758.32,dom,1,2026-01-06T03:27:00.034913+00:00
2026-01-06T03:24:42+00:00,03:24:42,BTC,93753.3,93748.16,93758.27,dom,1,2026-01-06T03:27:01.182627+00:00
2026-01-06T03:24:43+00:00,03:24:43,BTC,93753.2,93748.2,93758.15,dom,1,2026-01-06T03:27:02.056022+00:00
2026-01-06T03:24:45+00:00,03:24:45,BTC,93752.44,93746.91,93757.98,dom,1,2026-01-06T03:27:03.487878+00:00
2026-01-06T03:24:46+00:00,03:24:46,BTC,93749.25,93743.92,93754.57,dom,1,2026-01-06T03:27:04.546039+00:00
2026-01-06T03:24:47+00:00,03:24:47,BTC,93747.96,93742.59,93753.34,dom,1,2026-01-06T03:27:05.619313+00:00
2026-01-06T03:24:48+00:00,03:24:48,BTC,93746.68,93741.25,93752.11,dom,1,2026-01-06T03:27:06.700235+00:00
2026-01-06T03:24:49+00:00,03:24:49,BTC,93752.7,93747.76,93757.64,dom,1,2026-01-06T03:27:07.807723+00:00
2026-01-06T03:24:50+00:00,03:24:50,BTC,93752.67,93747.75,93757.6,dom,1,2026-01-06T03:27:08.947298+00:00
2026-01-06T03:24:51+00:00,03:24:51,BTC,93752.04,93746.92,93757.16,dom,1,2026-01-06T03:27:09.857759+00:00
2026-01-06T03:24:52+00:00,03:24:52,BTC,93752,93746.98,93757.02,dom,1,2026-01-06T03:27:11.028822+00:00
2026-01-06T03:24:53+00:00,03:24:53,BTC,93752.58,93747.87,93757.28,dom,1,2026-01-06T03:27:12.343903+00:00
2026-01-06T03:24:54+00:00,03:24:54,BTC,93749.62,93744.7,93754.61,dom,1,2026-01-06T03:27:13.045064+00:00
2026-01-06T03:24:55+00:00,03:24:55,BTC,93749.64,93744.76,93754.61,dom,1,2026-01-06T03:27:14.128350+00:00
2026-01-06T03:24:56+00:00,03:24:56,BTC,93752.63,93747.99,93757.28,dom,1,2026-01-06T03:27:15.191155+00:00
2026-01-06T03:24:57+00:00,03:24:57,BTC,93752.64,93748,93757.28,dom,1,2026-01-06T03:27:16.223200+00:00
2026-01-06T03:24:59+00:00,03:24:59,BTC,93749.57,93744.49,93755.09,dom,1,2026-01-06T03:27:17.431831+00:00
2026-01-06T03:25:00+00:00,03:25:00,BTC,93752.7,93748.13,93757.27,dom,1,2026-01-06T03:27:18.455693+00:00
2026-01-06T03:26:44+00:00,03:26:44,BTC,93760.35,93756.28,93764.12,dom,1,2026-01-06T03:27:57.833636+00:00
2026-01-06T03:26:45+00:00,03:26:44,BTC,93760.36,93756.33,93764.12,dom,1,2026-01-06T03:27:58.792620+00:00
2026-01-06T03:26:46+00:00,03:26:44,BTC,93760.37,93756.38,93764.13,dom,1,2026-01-06T03:27:59.785022+00:00
2026-01-06T03:26:47+00:00,03:26:44,BTC,93760.72,93756.78,93764.67,dom,1,2026-01-06T03:28:00.854931+00:00
2026-01-06T03:26:48+00:00,03:26:44,BTC,93760.93,93756.76,93765.06,dom,1,2026-01-06T03:28:01.839174+00:00
2026-01-06T03:26:49+00:00,03:26:44,BTC,93763.01,93758.36,93767.65,dom,1,2026-01-06T03:28:02.826026+00:00
2026-01-06T03:26:50+00:00,03:26:44,BTC,93774.64,93770.11,93779.17,dom,1,2026-01-06T03:28:03.828993+00:00
2026-01-06T03:26:51+00:00,03:26:44,BTC,93777.97,93773.76,93782.26,dom,1,2026-01-06T03:28:04.832280+00:00
2026-01-06T03:26:52+00:00,03:26:44,BTC,93777.98,93773.89,93782.46,dom,1,2026-01-06T03:28:05.846447+00:00
2026-01-06T03:26:53+00:00,03:26:44,BTC,93779.84,93776.06,93784.23,dom,1,2026-01-06T03:28:06.862320+00:00
2026-01-06T03:26:54+00:00,03:26:44,BTC,93782.88,93779.34,93787.61,dom,1,2026-01-06T03:28:07.868600+00:00
2026-01-06T03:26:55+00:00,03:26:44,BTC,93782.88,93779.34,93787.61,dom,1,2026-01-06T03:28:08.883845+00:00
2026-01-06T03:26:56+00:00,03:26:44,BTC,93789.68,93786.16,93794.19,dom,1,2026-01-06T03:28:09.881003+00:00
2026-01-06T03:26:57+00:00,03:26:44,BTC,93793.9,93790.25,93798.53,dom,1,2026-01-06T03:28:10.879985+00:00
2026-01-06T03:26:58+00:00,03:26:44,BTC,93793.9,93791.22,93798.53,dom,1,2026-01-06T03:28:11.898317+00:00
2026-01-06T03:26:59+00:00,03:26:44,BTC,93795.06,93791.09,93800.39,dom,1,2026-01-06T03:28:12.898291+00:00
2026-01-06T03:27:00+00:00,03:26:44,BTC,93794.03,93790.81,93799.24,dom,1,2026-01-06T03:28:13.899927+00:00
2026-01-06T03:27:01+00:00,03:26:44,BTC,93794.09,93790.79,93800.3,dom,1,2026-01-06T03:28:14.902694+00:00
2026-01-06T03:27:02+00:00,03:26:44,BTC,93794.68,93791.31,93800.46,dom,1,2026-01-06T03:28:15.914424+00:00
2026-01-06T03:27:03+00:00,03:26:44,BTC,93794.81,93791.41,93800.1,dom,1,2026-01-06T03:28:16.930848+00:00
2026-01-06T03:27:04+00:00,03:26:44,BTC,93794.74,93791.42,93800.04,dom,1,2026-01-06T03:28:17.933741+00:00
2026-01-06T03:27:05+00:00,03:26:44,BTC,93795.2,93791.85,93800.5,dom,1,2026-01-06T03:28:18.931580+00:00
2026-01-06T03:27:06+00:00,03:26:44,BTC,93797.56,93794.05,93802.76,dom,1,2026-01-06T03:28:19.966813+00:00
2026-01-06T03:27:07+00:00,03:26:44,BTC,93799.85,93796.3,93805.11,dom,1,2026-01-06T03:28:20.984244+00:00
2026-01-06T03:27:08+00:00,03:26:44,BTC,93803.1,93799.79,93808.58,dom,1,2026-01-06T03:28:21.978787+00:00
2026-01-06T03:27:09+00:00,03:26:44,BTC,93813.08,93809.16,93818.24,dom,1,2026-01-06T03:28:23.001454+00:00
2026-01-06T03:27:10+00:00,03:26:44,BTC,93819.65,93814.96,93824.26,dom,1,2026-01-06T03:28:24.006679+00:00
2026-01-06T03:27:11+00:00,03:26:44,BTC,93819.53,93814.92,93824.06,dom,1,2026-01-06T03:28:25.001033+00:00
2026-01-06T03:27:12+00:00,03:26:44,BTC,93819.14,93814.37,93823.92,dom,1,2026-01-06T03:28:25.993506+00:00
2026-01-06T03:27:13+00:00,03:26:44,BTC,93818.34,93813.74,93823.41,dom,1,2026-01-06T03:28:27.011008+00:00
2026-01-06T03:27:14+00:00,03:26:44,BTC,93815.9,93811.13,93820.75,dom,1,2026-01-06T03:28:28.018565+00:00
2026-01-06T03:27:15+00:00,03:26:44,BTC,93813.73,93808.36,93818.2,dom,1,2026-01-06T03:28:29.045519+00:00
2026-01-06T03:27:16+00:00,03:26:44,BTC,93813.21,93808.2,93818.01,dom,1,2026-01-06T03:28:30.043399+00:00
2026-01-06T03:27:17+00:00,03:26:44,BTC,93812.94,93808.22,93817.95,dom,1,2026-01-06T03:28:31.047254+00:00
2026-01-06T03:27:18+00:00,03:26:44,BTC,93812.77,93807.84,93817.57,dom,1,2026-01-06T03:28:32.225616+00:00
2026-01-06T03:27:19+00:00,03:26:44,BTC,93812.46,93807.42,93817.26,dom,1,2026-01-06T03:28:33.225969+00:00
2026-01-06T03:27:20+00:00,03:26:44,BTC,93813.52,93808.91,93818,dom,1,2026-01-06T03:28:34.233526+00:00
2026-01-06T03:27:21+00:00,03:26:44,BTC,93814.88,93810.14,93819.95,dom,1,2026-01-06T03:28:35.245068+00:00
2026-01-06T03:27:22+00:00,03:26:44,BTC,93816.08,93811.24,93821.52,dom,1,2026-01-06T03:28:36.245765+00:00
2026-01-06T03:27:23+00:00,03:26:44,BTC,93818.62,93813.46,93823.78,dom,1,2026-01-06T03:28:37.263440+00:00
2026-01-06T03:27:24+00:00,03:26:44,BTC,93818.62,93813.43,93823.78,dom,1,2026-01-06T03:28:38.283713+00:00
2026-01-06T03:27:25+00:00,03:26:44,BTC,93818.86,93813.87,93823.83,dom,1,2026-01-06T03:28:39.299481+00:00
2026-01-06T03:27:26+00:00,03:26:44,BTC,93818.31,93813.31,93823.31,dom,1,2026-01-06T03:28:40.313085+00:00
2026-01-06T03:27:27+00:00,03:26:44,BTC,93818.35,93813.39,93823.32,dom,1,2026-01-06T03:28:41.343565+00:00
2026-01-06T03:27:28+00:00,03:26:44,BTC,93819.24,93814.46,93823.87,dom,1,2026-01-06T03:28:42.359882+00:00
2026-01-06T03:27:29+00:00,03:26:44,BTC,93819.25,93814.16,93823.88,dom,1,2026-01-06T03:28:43.350243+00:00
2026-01-06T03:27:30+00:00,03:26:44,BTC,93818.63,93813.32,93823.62,dom,1,2026-01-06T03:28:44.350476+00:00
2026-01-06T03:27:31+00:00,03:26:44,BTC,93817.37,93812.29,93822.45,dom,1,2026-01-06T03:28:45.354600+00:00
2026-01-06T03:27:32+00:00,03:26:44,BTC,93816.7,93811.83,93821.57,dom,1,2026-01-06T03:28:46.361502+00:00
2026-01-06T03:27:33+00:00,03:26:44,BTC,93816.74,93811.75,93821.56,dom,1,2026-01-06T03:28:47.362694+00:00
2026-01-06T03:27:34+00:00,03:26:44,BTC,93816.79,93811.72,93821.53,dom,1,2026-01-06T03:28:48.363770+00:00
2026-01-06T03:27:35+00:00,03:26:44,BTC,93816.48,93811.32,93821.48,dom,1,2026-01-06T03:28:49.376859+00:00
2026-01-06T03:27:36+00:00,03:26:44,BTC,93816.09,93810.91,93821.27,dom,1,2026-01-06T03:28:50.382711+00:00
2026-01-06T03:27:37+00:00,03:26:44,BTC,93816.43,93811.46,93821.31,dom,1,2026-01-06T03:28:51.387833+00:00
2026-01-06T03:27:38+00:00,03:26:44,BTC,93816.84,93811.99,93821.53,dom,1,2026-01-06T03:28:52.380274+00:00
2026-01-06T03:27:39+00:00,03:26:44,BTC,93816.47,93811.45,93821.41,dom,1,2026-01-06T03:28:53.397123+00:00
2026-01-06T03:27:40+00:00,03:26:44,BTC,93817.47,93812.41,93822.53,dom,1,2026-01-06T03:28:54.394331+00:00
2026-01-06T03:27:41+00:00,03:26:44,BTC,93819.51,93814.58,93824.4,dom,1,2026-01-06T03:28:55.416738+00:00
2026-01-06T03:27:42+00:00,03:26:44,BTC,93820.84,93815.93,93825.63,dom,1,2026-01-06T03:28:56.416377+00:00
2026-01-06T03:27:43+00:00,03:26:44,BTC,93821.54,93816.6,93826.24,dom,1,2026-01-06T03:28:57.416220+00:00
2026-01-06T03:27:44+00:00,03:27:44,BTC,93814.91,93809.88,93819.68,dom,1,2026-01-06T03:29:58.873875+00:00
2026-01-06T03:27:45+00:00,03:27:45,BTC,93814.9,93809.8,93819.85,dom,1,2026-01-06T03:29:59.885066+00:00
2026-01-06T03:27:46+00:00,03:27:46,BTC,93814.93,93809.8,93819.85,dom,1,2026-01-06T03:30:00.879372+00:00
2026-01-06T03:27:47+00:00,03:27:47,BTC,93814.19,93808.98,93819.41,dom,1,2026-01-06T03:30:01.876357+00:00
2026-01-06T03:27:48+00:00,03:27:48,BTC,93814.06,93808.74,93819.44,dom,1,2026-01-06T03:30:02.877813+00:00
2026-01-06T03:27:49+00:00,03:27:49,BTC,93814.68,93809.48,93819.8,dom,1,2026-01-06T03:30:03.876894+00:00
2026-01-06T03:27:50+00:00,03:27:50,BTC,93807.72,93802.14,93811.42,dom,1,2026-01-06T03:30:04.876316+00:00
2026-01-06T03:27:51+00:00,03:27:51,BTC,93807.26,93802.14,93811.42,dom,1,2026-01-06T03:30:05.890422+00:00
2026-01-06T03:27:52+00:00,03:27:52,BTC,93807.21,93802.15,93812.27,dom,1,2026-01-06T03:30:06.906053+00:00
2026-01-06T03:27:53+00:00,03:27:53,BTC,93808.12,93803.38,93812.86,dom,1,2026-01-06T03:30:07.930933+00:00
2026-01-06T03:27:54+00:00,03:27:54,BTC,93808.12,93803.38,93812.86,dom,1,2026-01-06T03:30:08.939681+00:00
2026-01-06T03:27:55+00:00,03:27:55,BTC,93808.36,93803.64,93813.08,dom,1,2026-01-06T03:30:09.943507+00:00
2026-01-06T03:27:56+00:00,03:27:56,BTC,93807.24,93802.06,93812.43,dom,1,2026-01-06T03:30:10.959631+00:00
2026-01-06T03:27:57+00:00,03:27:57,BTC,93806.75,93801.61,93811.89,dom,1,2026-01-06T03:30:11.958044+00:00
2026-01-06T03:27:58+00:00,03:27:58,BTC,93809.1,93804.55,93813.68,dom,1,2026-01-06T03:30:12.962842+00:00
2026-01-06T03:27:59+00:00,03:27:59,BTC,93809.06,93804.44,93813.67,dom,1,2026-01-06T03:30:13.974896+00:00
2026-01-06T03:28:00+00:00,03:28:00,BTC,93809.05,93804.43,93813.69,dom,1,2026-01-06T03:30:14.986588+00:00
2026-01-06T03:28:01+00:00,03:28:01,BTC,93809.07,93804.46,93813.68,dom,1,2026-01-06T03:30:16.994953+00:00
2026-01-06T03:28:02+00:00,03:28:02,BTC,93809.08,93804.48,93813.68,dom,1,2026-01-06T03:30:17.996573+00:00
2026-01-06T03:28:03+00:00,03:28:03,BTC,93808.66,93803.87,93813.46,dom,1,2026-01-06T03:30:19.011586+00:00
2026-01-06T03:28:04+00:00,03:28:04,BTC,93808.64,93803.86,93813.44,dom,1,2026-01-06T03:30:20.028445+00:00
2026-01-06T03:28:05+00:00,03:28:05,BTC,93809.04,93804.46,93813.63,dom,1,2026-01-06T03:30:21.040912+00:00
2026-01-06T03:28:06+00:00,03:28:06,BTC,93811.32,93806.48,93815.8,dom,1,2026-01-06T03:30:22.047245+00:00
2026-01-06T03:28:07+00:00,03:28:07,BTC,93813.59,93808.55,93817.97,dom,1,2026-01-06T03:30:23.063603+00:00
2026-01-06T03:28:09+00:00,03:28:09,BTC,93811.72,93807.79,93815.66,dom,1,2026-01-06T03:30:24.250041+00:00
2026-01-06T03:28:10+00:00,03:28:10,BTC,93811.7,93807.74,93815.65,dom,1,2026-01-06T03:30:25.277931+00:00
2026-01-06T03:28:11+00:00,03:28:11,BTC,93810.01,93805.65,93814.38,dom,1,2026-01-06T03:30:26.285597+00:00
2026-01-06T03:28:12+00:00,03:28:12,BTC,93810.01,93805.65,93814.38,dom,1,2026-01-06T03:30:27.296501+00:00
2026-01-06T03:28:13+00:00,03:28:13,BTC,93811.71,93807.77,93815.66,dom,1,2026-01-06T03:30:28.294868+00:00
2026-01-06T03:28:14+00:00,03:28:14,BTC,93811.69,93807.53,93815.62,dom,1,2026-01-06T03:30:29.311044+00:00
2026-01-06T03:28:15+00:00,03:28:15,BTC,93809.9,93805.48,93814.32,dom,1,2026-01-06T03:30:30.309547+00:00
2026-01-06T03:28:16+00:00,03:28:16,BTC,93806.78,93802.5,93809.97,dom,1,2026-01-06T03:30:31.329267+00:00
2026-01-06T03:28:17+00:00,03:28:17,BTC,93803.66,93799.52,93805.63,dom,1,2026-01-06T03:30:32.328992+00:00
2026-01-06T03:28:18+00:00,03:28:18,BTC,93800.94,93796.73,93805.14,dom,1,2026-01-06T03:30:33.329906+00:00
2026-01-06T03:28:19+00:00,03:28:19,BTC,93792.55,93787.11,93796.41,dom,1,2026-01-06T03:30:34.345625+00:00
2026-01-06T03:28:20+00:00,03:28:20,BTC,93791.48,93787.11,93795.4,dom,1,2026-01-06T03:30:35.362293+00:00
2026-01-06T03:28:21+00:00,03:28:21,BTC,93790.58,93786.29,93793.95,dom,1,2026-01-06T03:30:36.374778+00:00
2026-01-06T03:28:22+00:00,03:28:22,BTC,93793.83,93789.57,93798.13,dom,1,2026-01-06T03:30:37.395392+00:00
2026-01-06T03:28:23+00:00,03:28:23,BTC,93793.89,93789.69,93798.09,dom,1,2026-01-06T03:30:38.397890+00:00
2026-01-06T03:28:24+00:00,03:28:24,BTC,93792.09,93787.29,93796.89,dom,1,2026-01-06T03:30:39.394091+00:00
2026-01-06T03:28:25+00:00,03:28:25,BTC,93793.81,93789.41,93798.13,dom,1,2026-01-06T03:30:40.395193+00:00
2026-01-06T03:28:26+00:00,03:28:26,BTC,93793.89,93789.64,93798.21,dom,1,2026-01-06T03:30:41.415468+00:00
2026-01-06T03:28:27+00:00,03:28:27,BTC,93793.92,93789.73,93798.21,dom,1,2026-01-06T03:30:42.411764+00:00
2026-01-06T03:28:28+00:00,03:28:28,BTC,93793.79,93789.31,93798.27,dom,1,2026-01-06T03:30:43.426210+00:00
2026-01-06T03:28:29+00:00,03:28:29,BTC,93793.8,93789.35,93798.25,dom,1,2026-01-06T03:30:44.428432+00:00
2026-01-06T03:28:30+00:00,03:28:30,BTC,93793.83,93789.51,93798.19,dom,1,2026-01-06T03:30:45.421727+00:00
2026-01-06T03:28:31+00:00,03:28:31,BTC,93793.88,93789.56,93798.19,dom,1,2026-01-06T03:30:46.426883+00:00
2026-01-06T03:28:32+00:00,03:28:32,BTC,93793.87,93789.54,93798.19,dom,1,2026-01-06T03:30:47.426817+00:00
2026-01-06T03:28:33+00:00,03:28:33,BTC,93793.87,93789.54,93798.19,dom,1,2026-01-06T03:30:48.446209+00:00
2026-01-06T03:28:34+00:00,03:28:34,BTC,93793.87,93789.54,93798.19,dom,1,2026-01-06T03:30:49.444433+00:00
2026-01-06T03:28:35+00:00,03:28:35,BTC,93793.87,93789.54,93798.25,dom,1,2026-01-06T03:30:50.428501+00:00
2026-01-06T03:28:36+00:00,03:28:36,BTC,93793.69,93789.24,93798.13,dom,1,2026-01-06T03:30:51.444958+00:00
2026-01-06T03:28:37+00:00,03:28:37,BTC,93793.59,93788.98,93798.13,dom,1,2026-01-06T03:30:52.437877+00:00
2026-01-06T03:28:38+00:00,03:28:38,BTC,93793.65,93789.2,93798.11,dom,1,2026-01-06T03:30:53.442355+00:00
2026-01-06T03:28:39+00:00,03:28:39,BTC,93793.65,93789.2,93798.1,dom,1,2026-01-06T03:30:54.438516+00:00
2026-01-06T03:28:40+00:00,03:28:40,BTC,93791.31,93786.34,93796.38,dom,1,2026-01-06T03:30:55.461865+00:00
2026-01-06T03:28:41+00:00,03:28:41,BTC,93791.16,93786.21,93796.11,dom,1,2026-01-06T03:30:56.474470+00:00
2026-01-06T03:28:42+00:00,03:28:42,BTC,93793.61,93788.91,93798.32,dom,1,2026-01-06T03:30:57.474644+00:00
2026-01-06T03:28:43+00:00,03:28:43,BTC,93793.61,93788.91,93798.32,dom,1,2026-01-06T03:30:58.479004+00:00
2026-01-06T03:28:44+00:00,03:28:44,BTC,93793.63,93789.12,93798.14,dom,1,2026-01-06T03:30:59.478162+00:00
2026-01-06T03:28:45+00:00,03:28:45,BTC,93791.88,93786.65,93797.11,dom,1,2026-01-06T03:31:00.477463+00:00
2026-01-06T03:28:46+00:00,03:28:46,BTC,93795.48,93790.47,93800.49,dom,1,2026-01-06T03:31:01.477749+00:00
2026-01-06T03:28:47+00:00,03:28:47,BTC,93793.4,93788.28,93798.52,dom,1,2026-01-06T03:31:02.488077+00:00
2026-01-06T03:28:48+00:00,03:28:48,BTC,93793.27,93788.17,93798.37,dom,1,2026-01-06T03:31:03.489003+00:00
2026-01-06T03:28:49+00:00,03:28:49,BTC,93796.36,93791.8,93800.91,dom,1,2026-01-06T03:31:05.494741+00:00
2026-01-06T03:28:50+00:00,03:28:50,BTC,93796.5,93791.94,93801.06,dom,1,2026-01-06T03:31:06.492695+00:00
2026-01-06T03:28:51+00:00,03:28:51,BTC,93795.06,93790.3,93799.81,dom,1,2026-01-06T03:31:07.491671+00:00
2026-01-06T03:28:52+00:00,03:28:52,BTC,93795.08,93790.39,93799.77,dom,1,2026-01-06T03:31:08.511016+00:00
2026-01-06T03:28:53+00:00,03:28:53,BTC,93796.58,93792.07,93801.1,dom,1,2026-01-06T03:31:09.504495+00:00
2026-01-06T03:28:54+00:00,03:28:54,BTC,93796.38,93791.83,93800.94,dom,1,2026-01-06T03:31:10.510377+00:00
2026-01-06T03:28:55+00:00,03:28:55,BTC,93796.15,93791.69,93800.61,dom,1,2026-01-06T03:31:11.509982+00:00
2026-01-06T03:28:56+00:00,03:28:56,BTC,93795.34,93790.92,93799.75,dom,1,2026-01-06T03:31:12.511191+00:00
2026-01-06T03:28:57+00:00,03:28:57,BTC,93794,93789.57,93798.44,dom,1,2026-01-06T03:31:13.527921+00:00
2026-01-06T03:28:58+00:00,03:28:58,BTC,93793.34,93788.89,93797.78,dom,1,2026-01-06T03:31:14.520353+00:00
2026-01-06T03:28:59+00:00,03:28:59,BTC,93793.28,93788.85,93797.7,dom,1,2026-01-06T03:31:15.544420+00:00
2026-01-06T03:29:00+00:00,03:29:00,BTC,93793.24,93788.8,93797.67,dom,1,2026-01-06T03:31:16.563512+00:00
2026-01-06T03:29:01+00:00,03:29:01,BTC,93793.26,93788.77,93797.71,dom,1,2026-01-06T03:31:17.559244+00:00
2026-01-06T03:29:02+00:00,03:29:02,BTC,93793.49,93788.76,93797.86,dom,1,2026-01-06T03:31:18.568242+00:00
2026-01-06T03:29:03+00:00,03:29:03,BTC,93793.51,93788.83,93797.82,dom,1,2026-01-06T03:31:19.560596+00:00
2026-01-06T03:29:04+00:00,03:29:04,BTC,93793.25,93788.8,93797.63,dom,1,2026-01-06T03:31:20.568965+00:00
2026-01-06T03:29:05+00:00,03:29:05,BTC,93793.25,93788.76,93797.65,dom,1,2026-01-06T03:31:21.573530+00:00
2026-01-06T03:29:06+00:00,03:29:06,BTC,93793.31,93788.78,93797.74,dom,1,2026-01-06T03:31:22.592103+00:00
2026-01-06T03:29:07+00:00,03:29:07,BTC,93793.29,93788.74,93797.8,dom,1,2026-01-06T03:31:23.592117+00:00
2026-01-06T03:29:08+00:00,03:29:08,BTC,93796.68,93791.94,93801.42,dom,1,2026-01-06T03:31:24.590186+00:00
2026-01-06T03:29:09+00:00,03:29:09,BTC,93800.22,93795.49,93805.04,dom,1,2026-01-06T03:31:25.591713+00:00
2026-01-06T03:29:10+00:00,03:29:10,BTC,93799.04,93794.52,93803.67,dom,1,2026-01-06T03:31:26.594495+00:00
2026-01-06T03:29:11+00:00,03:29:11,BTC,93799.05,93794.87,93803.26,dom,1,2026-01-06T03:31:27.593604+00:00
2026-01-06T03:29:12+00:00,03:29:12,BTC,93800.36,93796.51,93804.22,dom,1,2026-01-06T03:31:28.620061+00:00
