timestamp,collected_at,seconds,up_mid,up_best_bid,up_best_ask,down_mid,down_best_bid,down_best_ask,up_best_bid_size,up_best_ask_size,down_best_bid_size,down_best_ask_size,up_bid_2,up_bid_2_size,up_ask_2,up_ask_2_size,up_bid_3,up_bid_3_size,up_ask_3,up_ask_3_size,up_bid_4,up_bid_4_size,up_ask_4,up_ask_4_size,up_bid_5,up_bid_5_size,up_ask_5,up_ask_5_size,up_bid_6,up_bid_6_size,up_ask_6,up_ask_6_size,down_bid_2,down_bid_2_size,down_ask_2,down_ask_2_size,down_bid_3,down_bid_3_size,down_ask_3,down_ask_3_size,down_bid_4,down_bid_4_size,down_ask_4,down_ask_4_size,down_bid_5,down_bid_5_size,down_ask_5,down_ask_5_size,down_bid_6,down_bid_6_size,down_ask_6,down_ask_6_size
2026-01-07 04:45:00.308000+00:00,2026-01-07 04:44:57.733050+00:00,0.308,0.01,,0.01,0.99,0.99,,,418.83,418.83,,,,0.02,147.19,,,0.09,30.0,,,0.1,1039.98,,,0.11,5.0,,,0.12,45.0,0.98,147.19,,,0.91,30.0,,,0.9,1039.98,,,0.89,5.0,,,0.88,45.0,,
2026-01-07 04:45:01.264000+00:00,2026-01-07 04:44:58.741111+00:00,1.264,0.01,,0.01,0.99,0.99,,,76339.54,76389.54,,,,0.02,122.19,,,0.09,30.0,,,0.1,9049.98,,,0.11,5.0,,,0.12,45.0,0.98,122.19,,,0.91,30.0,,,0.9,9049.98,,,0.89,5.0,,,0.88,45.0,,
2026-01-07 04:45:02.132000+00:00,2026-01-07 04:44:59.731296+00:00,2.132,0.01,,0.01,0.99,0.99,,,83144.32,83144.32,,,,0.02,122.19,,,0.09,30.0,,,0.1,9049.98,,,0.11,5.0,,,0.12,45.0,0.98,122.19,,,0.91,30.0,,,0.9,9049.98,,,0.89,5.0,,,0.88,45.0,,
2026-01-07 04:45:03.407000+00:00,2026-01-07 04:45:00.752359+00:00,3.407,0.55,0.54,0.56,0.45,0.44,0.46,148.26,10.0,10.0,148.26,0.53,795.21,0.57,163.0,0.52,2486.62,0.58,100.0,0.51,403.0,0.59,40.0,0.5,351.36,0.6,250.0,0.49,385.0,0.61,5.0,0.43,168.0,0.47,795.21,0.42,100.0,0.48,2486.62,0.41,40.0,0.49,403.0,0.4,250.0,0.5,351.36,0.39,5.0,0.51,385.0
2026-01-07 04:45:04.425000+00:00,2026-01-07 04:45:01.774237+00:00,4.425,0.55,0.54,0.56,0.45,0.44,0.46,95.86,111.0,126.0,110.86,0.53,795.21,0.57,110.0,0.52,2486.62,0.58,100.0,0.51,403.0,0.59,40.0,0.5,351.36,0.6,290.0,0.49,385.0,0.61,20.0,0.43,110.0,0.47,795.21,0.42,100.0,0.48,2486.62,0.41,40.0,0.49,403.0,0.4,290.0,0.5,351.36,0.39,20.0,0.51,385.0
2026-01-07 04:45:05.430000+00:00,2026-01-07 04:45:02.784796+00:00,5.43,0.535,0.53,0.54,0.46499999999999997,0.46,0.47,639.98,41.37,41.37,568.37,0.52,2186.62,0.55,50.0,0.51,403.0,0.56,121.0,0.5,366.36,0.57,95.0,0.49,450.0,0.58,100.0,0.48,65.0,0.59,40.0,0.45,50.0,0.48,2186.62,0.44,121.0,0.49,403.0,0.43,95.0,0.5,366.36,0.42,100.0,0.51,450.0,0.41,40.0,0.52,65.0
2026-01-07 04:45:06.448000+00:00,2026-01-07 04:45:03.791857+00:00,6.448,0.535,0.53,0.54,0.46499999999999997,0.46,0.47,389.11,205.37,210.37,389.11,0.52,2186.62,0.55,45.0,0.51,403.0,0.56,64.0,0.5,401.36,0.57,130.0,0.49,445.0,0.58,135.0,0.48,50.0,0.59,40.0,0.45,40.0,0.48,2186.62,0.44,64.0,0.49,403.0,0.43,130.0,0.5,351.36,0.42,135.0,0.51,435.0,0.41,40.0,0.52,80.0
2026-01-07 04:45:07.454000+00:00,2026-01-07 04:45:04.799694+00:00,7.454,0.555,0.55,0.56,0.445,0.44,0.45,48.78,236.0,211.0,28.82,0.53,394.11,0.57,40.0,0.52,2186.62,0.58,110.0,0.51,313.0,0.59,90.0,0.5,401.36,0.6,325.0,0.49,460.0,0.61,40.0,0.43,40.0,0.47,394.11,0.42,110.0,0.48,2186.62,0.41,90.0,0.49,313.0,0.4,325.0,0.5,401.36,0.39,40.0,0.51,430.0
2026-01-07 04:45:08.454000+00:00,2026-01-07 04:45:05.802623+00:00,8.454,0.535,0.53,0.54,0.46499999999999997,0.46,0.47,389.11,209.0,189.74,394.11,0.52,2186.62,0.55,55.0,0.51,363.0,0.56,79.0,0.5,411.36,0.57,40.0,0.49,445.0,0.58,135.0,0.48,65.0,0.59,55.0,0.45,55.0,0.48,2186.62,0.44,84.0,0.49,363.0,0.43,40.0,0.5,411.36,0.42,135.0,0.51,445.0,0.41,55.0,0.52,65.0
2026-01-07 04:45:09.244000+00:00,2026-01-07 04:45:06.804826+00:00,9.244,0.535,0.53,0.54,0.46499999999999997,0.46,0.47,399.11,177.33,177.33,469.11,0.52,2186.62,0.55,60.0,0.51,378.0,0.56,154.0,0.5,411.36,0.57,110.0,0.49,430.0,0.58,205.0,0.48,65.0,0.59,125.0,0.45,60.0,0.48,2256.62,0.44,154.0,0.49,378.0,0.43,110.0,0.5,411.36,0.42,205.0,0.51,430.0,0.41,125.0,0.52,135.0
2026-01-07 04:45:10.470000+00:00,2026-01-07 04:45:07.812263+00:00,10.47,0.535,0.53,0.54,0.46499999999999997,0.46,0.47,358.81,192.33,192.33,358.81,0.52,2340.62,0.55,72.0,0.51,460.0,0.56,233.0,0.5,481.36,0.57,110.0,0.49,500.0,0.58,205.0,0.48,135.0,0.59,125.0,0.45,72.0,0.48,2340.62,0.44,233.0,0.49,460.0,0.43,110.0,0.5,481.36,0.42,210.0,0.51,500.0,0.41,125.0,0.52,135.0
2026-01-07 04:45:11.470000+00:00,2026-01-07 04:45:08.818160+00:00,11.47,0.535,0.53,0.54,0.46499999999999997,0.46,0.47,353.81,190.33,265.33,345.81,0.52,2340.62,0.55,72.0,0.51,460.0,0.56,233.0,0.5,481.36,0.57,110.0,0.49,500.0,0.58,210.0,0.48,135.0,0.59,125.0,0.45,137.0,0.48,2340.62,0.44,233.0,0.49,475.0,0.43,110.0,0.5,481.36,0.42,210.0,0.51,500.0,0.41,125.0,0.52,135.0
2026-01-07 04:45:12.484000+00:00,2026-01-07 04:45:09.840545+00:00,12.484,0.535,0.53,0.54,0.46499999999999997,0.46,0.47,212.81,203.33,213.33,212.81,0.52,2340.62,0.55,137.0,0.51,475.0,0.56,233.0,0.5,481.36,0.57,110.0,0.49,500.0,0.58,210.0,0.48,135.0,0.59,125.0,0.45,193.0,0.48,2340.62,0.44,233.0,0.49,475.0,0.43,110.0,0.5,481.36,0.42,210.0,0.51,500.0,0.41,125.0,0.52,135.0
2026-01-07 04:45:13.499000+00:00,2026-01-07 04:45:10.846829+00:00,13.499,0.535,0.53,0.54,0.46499999999999997,0.46,0.47,212.81,272.33,272.33,212.81,0.52,2340.62,0.55,137.0,0.51,475.0,0.56,233.0,0.5,481.36,0.57,110.0,0.49,500.0,0.58,210.0,0.48,140.0,0.59,125.0,0.45,137.0,0.48,2340.62,0.44,233.0,0.49,475.0,0.43,110.0,0.5,481.36,0.42,210.0,0.51,500.0,0.41,125.0,0.52,140.0
2026-01-07 04:45:14.476000+00:00,2026-01-07 04:45:11.841657+00:00,14.476,0.535,0.53,0.54,0.46499999999999997,0.46,0.47,162.81,246.0,221.0,154.81,0.52,2261.62,0.55,197.0,0.51,385.0,0.56,161.0,0.5,443.36,0.57,110.0,0.49,515.0,0.58,210.0,0.48,150.0,0.59,125.0,0.45,197.0,0.48,2273.62,0.44,161.0,0.49,385.0,0.43,110.0,0.5,443.36,0.42,210.0,0.51,515.0,0.41,125.0,0.52,150.0
2026-01-07 04:45:15.504000+00:00,2026-01-07 04:45:12.848633+00:00,15.504,0.535,0.53,0.54,0.46499999999999997,0.46,0.47,33.81,122.0,207.0,28.81,0.52,2210.62,0.55,149.0,0.51,345.0,0.56,209.0,0.5,411.36,0.57,110.0,0.49,515.0,0.58,175.0,0.48,150.0,0.59,125.0,0.45,137.0,0.48,2186.62,0.44,149.0,0.49,318.0,0.43,110.0,0.5,423.36,0.42,175.0,0.51,477.0,0.41,125.0,0.52,150.0
2026-01-07 04:45:16.396000+00:00,2026-01-07 04:45:13.870785+00:00,16.396,0.525,0.52,0.53,0.475,0.47,0.48,2191.62,180.0,180.0,2191.62,0.51,313.0,0.54,278.0,0.5,435.36,0.55,162.0,0.49,477.0,0.56,149.0,0.48,65.0,0.57,75.0,0.47,140.0,0.58,170.0,0.46,278.0,0.49,313.0,0.45,162.0,0.5,435.36,0.44,149.0,0.51,477.0,0.43,75.0,0.52,65.0,0.42,170.0,0.53,140.0
2026-01-07 04:45:17.485000+00:00,2026-01-07 04:45:14.879326+00:00,17.485,0.525,0.52,0.53,0.475,0.47,0.48,2191.62,30.0,30.0,2216.62,0.51,385.0,0.54,230.0,0.5,445.36,0.55,210.0,0.49,535.0,0.56,114.0,0.48,230.0,0.57,75.0,0.47,140.0,0.58,170.0,0.46,206.0,0.49,373.0,0.45,210.0,0.5,513.36,0.44,114.0,0.51,500.0,0.43,75.0,0.52,245.0,0.42,170.0,0.53,125.0
2026-01-07 04:45:18.485000+00:00,2026-01-07 04:45:15.900160+00:00,18.485,0.525,0.52,0.53,0.475,0.47,0.48,2288.62,30.0,30.0,2273.62,0.51,407.0,0.54,194.0,0.5,501.36,0.55,240.0,0.49,605.0,0.56,198.0,0.48,140.0,0.57,87.0,0.47,125.0,0.58,170.0,0.46,194.0,0.49,407.0,0.45,240.0,0.5,501.36,0.44,198.0,0.51,590.0,0.43,87.0,0.52,155.0,0.42,170.0,0.53,125.0
2026-01-07 04:45:19.559000+00:00,2026-01-07 04:45:16.908336+00:00,19.559,0.525,0.52,0.53,0.475,0.47,0.48,2403.62,45.0,45.0,2403.62,0.51,463.0,0.54,70.0,0.5,481.36,0.55,80.0,0.49,535.0,0.56,101.0,0.48,150.0,0.57,65.0,0.47,250.0,0.58,136.0,0.46,70.0,0.49,463.0,0.45,170.0,0.5,481.36,0.44,44.0,0.51,535.0,0.43,65.0,0.52,130.0,0.42,136.0,0.53,250.0
2026-01-07 04:45:20.573000+00:00,2026-01-07 04:45:17.913000+00:00,20.573,0.525,0.52,0.53,0.475,0.47,0.48,2252.62,95.0,95.0,2252.62,0.51,443.0,0.54,213.0,0.5,501.36,0.55,164.0,0.49,500.0,0.56,56.0,0.48,165.0,0.57,5.0,0.47,135.0,0.58,170.0,0.46,213.0,0.49,443.0,0.45,164.0,0.5,501.36,0.44,56.0,0.51,500.0,0.43,5.0,0.52,165.0,0.42,170.0,0.53,135.0
2026-01-07 04:45:21.579000+00:00,2026-01-07 04:45:18.922217+00:00,21.579,0.525,0.52,0.53,0.475,0.47,0.48,2216.62,125.0,137.0,2216.62,0.51,467.0,0.54,208.0,0.5,501.36,0.55,164.0,0.49,500.0,0.56,44.0,0.48,165.0,0.57,5.0,0.47,135.0,0.58,170.0,0.46,292.0,0.49,313.0,0.45,80.0,0.5,493.36,0.44,44.0,0.51,547.0,0.43,5.0,0.52,115.0,0.42,170.0,0.53,175.0
2026-01-07 04:45:22.561000+00:00,2026-01-07 04:45:19.927492+00:00,22.561,0.525,0.52,0.53,0.475,0.47,0.48,2211.62,131.86,131.86,2157.51,0.51,318.0,0.54,297.0,0.5,481.36,0.55,80.0,0.49,547.0,0.56,44.0,0.48,115.0,0.57,75.0,0.47,175.0,0.58,170.0,0.46,297.0,0.49,318.0,0.45,80.0,0.5,493.36,0.44,44.0,0.51,559.0,0.43,75.0,0.52,115.0,0.42,170.0,0.53,175.0
2026-01-07 04:45:23.546000+00:00,2026-01-07 04:45:20.932876+00:00,23.546,0.525,0.52,0.53,0.475,0.47,0.48,2103.4,324.86,307.86,2093.77,0.51,318.0,0.54,213.0,0.5,351.36,0.55,150.0,0.49,551.0,0.56,114.0,0.48,150.0,0.57,75.0,0.47,140.0,0.58,175.0,0.46,237.0,0.49,318.0,0.45,150.0,0.5,399.36,0.44,114.0,0.51,503.0,0.43,75.0,0.52,150.0,0.42,175.0,0.53,140.0
2026-01-07 04:45:24.494000+00:00,2026-01-07 04:45:21.942423+00:00,24.494,0.525,0.52,0.53,0.475,0.47,0.48,2086.39,169.86,169.86,2086.39,0.51,325.0,0.54,278.0,0.5,435.36,0.55,162.0,0.49,455.0,0.56,114.0,0.48,150.0,0.57,75.0,0.47,140.0,0.58,175.0,0.46,278.0,0.49,325.0,0.45,162.0,0.5,435.36,0.44,114.0,0.51,455.0,0.43,75.0,0.52,150.0,0.42,175.0,0.53,140.0
2026-01-07 04:45:25.614000+00:00,2026-01-07 04:45:22.963069+00:00,25.614,0.525,0.52,0.53,0.475,0.47,0.48,2141.39,79.86,79.86,2111.39,0.51,393.0,0.54,65.0,0.5,466.36,0.55,85.0,0.49,515.0,0.56,44.0,0.48,115.0,0.57,201.0,0.47,125.0,0.58,118.0,0.46,65.0,0.49,393.0,0.45,85.0,0.5,481.36,0.44,101.0,0.51,500.0,0.43,201.0,0.52,115.0,0.42,118.0,0.53,250.0
2026-01-07 04:45:26.629000+00:00,2026-01-07 04:45:23.983166+00:00,26.629,0.525,0.52,0.53,0.475,0.47,0.48,2341.39,30.0,30.0,2341.39,0.51,523.0,0.54,35.0,0.5,466.36,0.55,85.0,0.49,535.0,0.56,44.0,0.48,125.0,0.57,95.0,0.47,160.0,0.59,127.0,0.46,35.0,0.49,443.0,0.45,80.0,0.5,466.36,0.44,49.0,0.51,535.0,0.43,153.0,0.52,125.0,0.41,127.0,0.53,160.0
2026-01-07 04:45:27.449000+00:00,2026-01-07 04:45:24.989626+00:00,27.449,0.525,0.52,0.53,0.475,0.47,0.48,2351.39,30.0,30.0,2336.39,0.51,428.0,0.54,35.0,0.5,466.36,0.55,85.0,0.49,535.0,0.56,44.0,0.48,173.0,0.57,5.0,0.47,160.0,0.58,72.0,0.46,35.0,0.49,428.0,0.45,85.0,0.5,466.36,0.44,44.0,0.51,535.0,0.43,5.0,0.52,173.0,0.42,162.0,0.53,160.0
2026-01-07 04:45:28.546000+00:00,2026-01-07 04:45:25.993841+00:00,28.546,0.525,0.52,0.53,0.475,0.47,0.48,2356.39,30.0,30.0,2356.39,0.51,428.0,0.54,40.0,0.5,466.36,0.55,50.0,0.49,535.0,0.56,44.0,0.48,125.0,0.57,5.0,0.47,207.0,0.58,227.0,0.46,45.0,0.49,428.0,0.45,80.0,0.5,466.36,0.44,44.0,0.51,535.0,0.43,5.0,0.52,125.0,0.42,203.0,0.53,207.0
2026-01-07 04:45:29.550000+00:00,2026-01-07 04:45:26.983364+00:00,29.55,0.525,0.52,0.53,0.475,0.47,0.48,2375.39,30.0,30.0,2375.39,0.51,428.0,0.54,40.0,0.5,466.36,0.55,155.0,0.49,535.0,0.56,150.0,0.48,125.0,0.57,283.0,0.47,160.0,0.58,70.0,0.46,40.0,0.49,428.0,0.45,155.0,0.5,466.36,0.44,150.0,0.51,535.0,0.43,225.0,0.52,125.0,0.42,130.0,0.53,207.0
2026-01-07 04:45:30.592000+00:00,2026-01-07 04:45:27.986715+00:00,30.592,0.555,0.55,0.56,0.445,0.44,0.45,70.0,35.0,35.0,70.0,0.54,159.0,0.57,132.0,0.53,237.0,0.58,74.0,0.52,2206.39,0.59,55.0,0.51,418.0,0.6,443.0,0.5,501.36,0.61,75.0,0.43,132.0,0.46,159.0,0.42,74.0,0.47,237.0,0.41,55.0,0.48,2206.39,0.4,443.0,0.49,418.0,0.39,75.0,0.5,501.36
2026-01-07 04:45:31.637000+00:00,2026-01-07 04:45:28.993366+00:00,31.637,0.555,0.55,0.56,0.445,0.44,0.45,85.0,40.0,40.0,85.0,0.54,99.41,0.57,60.0,0.53,189.0,0.58,141.0,0.52,2206.39,0.59,55.0,0.51,418.0,0.6,443.0,0.5,501.36,0.61,5.0,0.43,60.0,0.46,111.41,0.42,141.0,0.47,177.0,0.41,55.0,0.48,2230.39,0.4,443.0,0.49,418.0,0.39,5.0,0.5,501.36
2026-01-07 04:45:32.656000+00:00,2026-01-07 04:45:29.999206+00:00,32.656,0.555,0.55,0.56,0.445,0.44,0.45,149.0,40.0,40.0,207.0,0.54,54.41,0.57,105.0,0.53,150.0,0.58,50.0,0.52,2230.39,0.59,79.0,0.51,508.0,0.6,353.0,0.5,501.36,0.61,5.0,0.43,105.0,0.46,54.41,0.42,50.0,0.47,150.0,0.41,127.0,0.48,2230.39,0.4,314.0,0.49,559.0,0.39,5.0,0.5,501.36
2026-01-07 04:45:33.643000+00:00,2026-01-07 04:45:31.006219+00:00,33.643,0.575,0.57,0.58,0.425,0.42,0.43,72.0,5.0,5.0,72.0,0.56,232.0,0.59,95.0,0.55,180.0,0.6,377.0,0.54,144.41,0.61,29.0,0.53,230.0,0.62,66.0,0.52,2255.39,0.64,70.0,0.41,95.0,0.44,232.0,0.4,377.0,0.45,180.0,0.39,119.0,0.46,144.41,0.38,66.0,0.47,230.0,0.36,70.0,0.48,2255.39
2026-01-07 04:45:34.654000+00:00,2026-01-07 04:45:32.011365+00:00,34.654,0.585,0.58,0.59,0.415,0.41,0.42,69.9,95.0,92.83,69.9,0.57,57.0,0.6,377.0,0.56,279.0,0.61,119.0,0.55,251.0,0.63,68.0,0.54,144.41,0.65,75.0,0.53,150.0,0.66,70.0,0.4,377.0,0.43,57.0,0.39,119.0,0.44,279.0,0.38,66.0,0.45,251.0,0.35,75.0,0.46,144.41,0.34,70.0,0.47,150.0
2026-01-07 04:45:35.499000+00:00,2026-01-07 04:45:33.018113+00:00,35.499,0.585,0.58,0.59,0.415,0.41,0.42,60.04,92.83,92.83,60.04,0.57,127.0,0.6,377.0,0.56,279.0,0.61,119.0,0.55,251.0,0.63,68.0,0.54,144.41,0.65,75.0,0.53,150.0,0.66,70.0,0.4,377.0,0.43,127.0,0.39,119.0,0.44,279.0,0.37,68.0,0.45,251.0,0.35,75.0,0.46,144.41,0.34,70.0,0.47,150.0
2026-01-07 04:45:36.680000+00:00,2026-01-07 04:45:34.022341+00:00,36.68,0.575,0.57,0.58,0.425,0.42,0.43,144.0,86.47,310.47,144.0,0.56,213.0,0.59,168.83,0.55,287.0,0.6,353.0,0.54,144.41,0.61,107.0,0.53,150.0,0.63,68.0,0.52,2268.39,0.65,75.0,0.41,168.83,0.44,213.0,0.4,353.0,0.45,263.0,0.39,107.0,0.46,144.41,0.37,68.0,0.47,150.0,0.35,75.0,0.48,2268.39
2026-01-07 04:45:37.668000+00:00,2026-01-07 04:45:35.043723+00:00,37.668,0.575,0.57,0.58,0.425,0.42,0.43,149.37,325.47,325.47,139.62,0.56,186.0,0.59,180.83,0.55,278.0,0.6,353.0,0.54,156.41,0.61,165.0,0.53,150.0,0.62,70.0,0.52,2268.39,0.63,138.0,0.41,180.83,0.44,186.0,0.4,353.0,0.45,278.0,0.39,170.0,0.46,156.41,0.38,70.0,0.47,150.0,0.37,138.0,0.48,2268.39
2026-01-07 04:45:38.692000+00:00,2026-01-07 04:45:36.048512+00:00,38.692,0.555,0.55,0.56,0.445,0.44,0.45,80.0,131.0,95.0,80.0,0.54,60.06,0.57,138.0,0.53,91.0,0.58,153.47,0.52,2264.39,0.59,167.83,0.51,520.0,0.6,365.0,0.5,536.36,0.61,144.0,0.43,114.0,0.46,60.06,0.42,153.47,0.47,91.0,0.41,167.83,0.48,2240.39,0.4,365.0,0.49,520.0,0.39,144.0,0.5,536.36
2026-01-07 04:45:39.636000+00:00,2026-01-07 04:45:37.054341+00:00,39.636,0.555,0.55,0.56,0.445,0.44,0.45,80.0,90.0,90.0,70.0,0.54,65.06,0.57,152.62,0.53,127.0,0.58,172.47,0.52,2240.39,0.59,167.83,0.51,508.0,0.6,365.0,0.5,536.36,0.61,144.0,0.43,152.62,0.46,65.06,0.42,172.47,0.47,127.0,0.41,167.83,0.48,2240.39,0.4,365.0,0.49,508.0,0.39,144.0,0.5,536.36
2026-01-07 04:45:40.703000+00:00,2026-01-07 04:45:38.064291+00:00,40.703,0.555,0.55,0.56,0.445,0.44,0.45,70.0,90.0,90.0,70.0,0.54,77.06,0.57,162.62,0.53,127.0,0.58,172.47,0.52,2228.39,0.59,167.83,0.51,508.0,0.6,365.0,0.5,536.36,0.61,144.0,0.43,162.62,0.46,77.06,0.42,172.47,0.47,127.0,0.41,167.83,0.48,2228.39,0.4,365.0,0.49,508.0,0.39,144.0,0.5,536.36
2026-01-07 04:45:41.709000+00:00,2026-01-07 04:45:39.081616+00:00,41.709,0.555,0.55,0.56,0.445,0.44,0.45,75.0,90.0,90.0,75.0,0.54,166.06,0.57,162.62,0.53,173.0,0.58,242.47,0.52,2228.39,0.59,167.83,0.51,508.0,0.6,365.0,0.5,536.36,0.61,139.0,0.43,162.62,0.46,166.06,0.42,242.47,0.47,173.0,0.41,167.83,0.48,2228.39,0.4,365.0,0.49,508.0,0.39,139.0,0.5,536.36
2026-01-07 04:45:42.742000+00:00,2026-01-07 04:45:40.105979+00:00,42.742,0.565,0.56,0.57,0.435,0.43,0.44,80.0,45.0,45.0,80.0,0.55,183.37,0.58,274.47,0.54,241.06,0.59,305.83,0.53,137.0,0.6,365.0,0.52,2268.39,0.61,75.0,0.51,418.0,0.62,70.0,0.42,274.47,0.45,183.37,0.41,305.83,0.46,241.06,0.4,365.0,0.47,137.0,0.39,75.0,0.48,2268.39,0.38,70.0,0.49,418.0
2026-01-07 04:45:43.779000+00:00,2026-01-07 04:45:41.127602+00:00,43.779,0.565,0.56,0.57,0.435,0.43,0.44,162.0,239.0,239.0,162.0,0.55,242.37,0.58,116.47,0.54,192.06,0.59,289.83,0.53,203.0,0.6,319.0,0.52,2216.39,0.61,75.0,0.51,418.0,0.62,70.0,0.42,116.47,0.45,242.37,0.41,289.83,0.46,192.06,0.4,319.0,0.47,203.0,0.39,75.0,0.48,2216.39,0.38,70.0,0.49,418.0
2026-01-07 04:45:44.787000+00:00,2026-01-07 04:45:42.134154+00:00,44.787,0.565,0.56,0.57,0.435,0.43,0.44,125.36,234.0,234.0,125.36,0.55,230.37,0.58,246.1,0.54,204.06,0.59,233.83,0.53,162.0,0.6,295.0,0.52,2268.39,0.61,80.0,0.51,418.0,0.62,70.0,0.42,201.1,0.45,230.37,0.41,248.83,0.46,204.06,0.4,295.0,0.47,162.0,0.39,80.0,0.48,2268.39,0.38,70.0,0.49,418.0
2026-01-07 04:45:45.728000+00:00,2026-01-07 04:45:43.139685+00:00,45.728,0.565,0.56,0.57,0.435,0.43,0.44,55.0,234.0,234.0,55.0,0.55,233.62,0.58,176.47,0.54,204.06,0.59,264.19,0.53,162.0,0.6,295.0,0.52,2268.39,0.61,80.0,0.51,418.0,0.62,70.0,0.42,176.47,0.45,233.62,0.41,264.19,0.46,204.06,0.4,295.0,0.47,162.0,0.39,80.0,0.48,2268.39,0.38,70.0,0.49,418.0
2026-01-07 04:45:46.780000+00:00,2026-01-07 04:45:44.145687+00:00,46.78,0.565,0.56,0.57,0.435,0.43,0.44,75.36,234.0,234.0,75.36,0.55,298.62,0.58,174.47,0.54,139.06,0.59,172.19,0.53,162.0,0.6,375.0,0.52,2268.39,0.61,165.0,0.51,383.0,0.62,70.0,0.42,144.47,0.45,298.62,0.41,187.19,0.46,193.06,0.4,375.0,0.47,162.0,0.39,165.0,0.48,2216.39,0.38,70.0,0.49,383.0
2026-01-07 04:45:47.765000+00:00,2026-01-07 04:45:45.166825+00:00,47.765,0.565,0.56,0.57,0.435,0.43,0.44,90.36,316.0,304.0,90.36,0.55,262.62,0.58,223.47,0.54,217.06,0.59,245.19,0.53,162.0,0.6,375.0,0.52,2216.39,0.61,165.0,0.51,383.0,0.62,70.0,0.42,211.47,0.45,298.62,0.41,269.19,0.46,193.06,0.4,375.0,0.47,162.0,0.39,165.0,0.48,2216.39,0.38,70.0,0.49,383.0
2026-01-07 04:45:48.786000+00:00,2026-01-07 04:45:46.189711+00:00,48.786,0.565,0.56,0.57,0.435,0.43,0.44,90.36,234.0,234.0,90.36,0.55,298.62,0.58,187.47,0.54,139.06,0.59,258.19,0.53,215.0,0.6,400.0,0.52,2216.39,0.61,175.0,0.51,383.0,0.62,70.0,0.42,187.47,0.45,298.62,0.41,258.19,0.46,193.06,0.4,400.0,0.47,162.0,0.39,175.0,0.48,2216.39,0.38,70.0,0.49,383.0
2026-01-07 04:45:49.845000+00:00,2026-01-07 04:45:47.197018+00:00,49.845,0.565,0.56,0.57,0.435,0.43,0.44,90.36,234.0,234.0,90.36,0.55,298.62,0.58,199.47,0.54,193.06,0.59,281.19,0.53,162.0,0.6,375.0,0.52,2216.39,0.61,165.0,0.51,383.0,0.62,75.0,0.42,199.47,0.45,298.62,0.41,281.19,0.46,193.06,0.4,375.0,0.47,162.0,0.39,165.0,0.48,2216.39,0.38,75.0,0.49,383.0
2026-01-07 04:45:50.521000+00:00,2026-01-07 04:45:48.217889+00:00,50.521,0.565,0.56,0.57,0.435,0.43,0.44,83.36,234.0,234.0,75.36,0.55,298.62,0.58,199.47,0.54,193.06,0.59,281.19,0.53,162.0,0.6,375.0,0.52,2216.39,0.61,165.0,0.51,383.0,0.62,70.0,0.42,199.47,0.45,298.62,0.41,281.19,0.46,193.06,0.4,375.0,0.47,162.0,0.39,165.0,0.48,2216.39,0.38,70.0,0.49,383.0
2026-01-07 04:45:51.808000+00:00,2026-01-07 04:45:49.223700+00:00,51.808,0.565,0.56,0.57,0.435,0.43,0.44,65.61,344.0,344.0,63.33,0.55,238.62,0.58,305.1,0.54,199.06,0.59,214.83,0.53,203.0,0.6,375.0,0.52,2228.39,0.61,165.0,0.51,383.0,0.62,70.0,0.42,305.1,0.45,238.62,0.41,214.83,0.46,199.06,0.4,375.0,0.47,203.0,0.39,165.0,0.48,2228.39,0.38,70.0,0.49,383.0
2026-01-07 04:45:52.756000+00:00,2026-01-07 04:45:50.229336+00:00,52.756,0.565,0.56,0.57,0.435,0.43,0.44,78.33,342.15,342.15,78.33,0.55,286.62,0.58,293.1,0.54,139.06,0.59,226.83,0.53,215.0,0.6,375.0,0.52,2216.39,0.61,165.0,0.51,383.0,0.62,70.0,0.42,293.1,0.45,286.62,0.41,226.83,0.46,139.06,0.4,375.0,0.47,215.0,0.39,165.0,0.48,2216.39,0.38,70.0,0.49,383.0
2026-01-07 04:45:53.363000+00:00,2026-01-07 04:45:51.236397+00:00,53.363,0.565,0.56,0.57,0.435,0.43,0.44,78.33,302.15,302.15,78.33,0.55,298.62,0.58,293.1,0.54,139.06,0.59,226.83,0.53,215.0,0.6,375.0,0.52,2216.39,0.61,165.0,0.51,383.0,0.62,70.0,0.42,293.1,0.45,298.62,0.41,226.83,0.46,139.06,0.4,375.0,0.47,215.0,0.39,165.0,0.48,2216.39,0.38,70.0,0.49,383.0
2026-01-07 04:45:54.698000+00:00,2026-01-07 04:45:52.242624+00:00,54.698,0.565,0.56,0.57,0.435,0.43,0.44,30.0,302.15,302.15,30.0,0.55,278.2,0.58,328.1,0.54,126.06,0.59,201.83,0.53,215.0,0.6,400.0,0.52,2216.39,0.61,165.0,0.51,418.0,0.62,75.0,0.42,313.1,0.45,278.2,0.41,201.83,0.46,126.06,0.4,400.0,0.47,215.0,0.39,165.0,0.48,2216.39,0.38,75.0,0.49,418.0
2026-01-07 04:45:55.591000+00:00,2026-01-07 04:45:53.251116+00:00,55.591,0.565,0.56,0.57,0.435,0.43,0.44,30.0,302.15,302.15,30.0,0.55,278.2,0.58,328.1,0.54,168.06,0.59,201.83,0.53,186.0,0.6,400.0,0.52,2268.39,0.61,165.0,0.51,418.0,0.62,70.0,0.42,328.1,0.45,278.2,0.41,201.83,0.46,168.06,0.4,400.0,0.47,186.0,0.39,165.0,0.48,2268.39,0.38,70.0,0.49,418.0
2026-01-07 04:45:56.840000+00:00,2026-01-07 04:45:54.256922+00:00,56.84,0.565,0.56,0.57,0.435,0.43,0.44,50.0,302.15,302.15,50.0,0.55,278.2,0.58,328.1,0.54,168.06,0.59,201.83,0.53,186.0,0.6,400.0,0.52,2268.39,0.61,165.0,0.51,418.0,0.62,70.0,0.42,328.1,0.45,278.2,0.41,201.83,0.46,168.06,0.4,400.0,0.47,186.0,0.39,165.0,0.48,2268.39,0.38,70.0,0.49,418.0
2026-01-07 04:45:57.931000+00:00,2026-01-07 04:45:55.277772+00:00,57.931,0.565,0.56,0.57,0.435,0.43,0.44,40.13,302.15,302.15,40.13,0.55,278.2,0.58,328.1,0.54,126.06,0.59,201.83,0.53,220.0,0.6,405.0,0.52,2216.39,0.61,165.0,0.51,418.0,0.62,70.0,0.42,328.1,0.45,278.2,0.41,201.83,0.46,126.06,0.4,405.0,0.47,220.0,0.39,165.0,0.48,2216.39,0.38,70.0,0.49,418.0
2026-01-07 04:45:58.857000+00:00,2026-01-07 04:45:56.283953+00:00,58.857,0.565,0.56,0.57,0.435,0.43,0.44,20.0,489.51,489.51,20.0,0.55,265.2,0.58,231.47,0.54,90.06,0.59,177.83,0.53,268.0,0.6,405.0,0.52,2240.39,0.61,165.0,0.51,430.0,0.62,70.0,0.42,231.47,0.45,175.2,0.41,177.83,0.46,90.06,0.4,405.0,0.47,268.0,0.39,165.0,0.48,2240.39,0.38,70.0,0.49,430.0
2026-01-07 04:45:59.864000+00:00,2026-01-07 04:45:57.274964+00:00,59.864,0.555,0.55,0.56,0.445,0.44,0.45,90.57,64.0,64.0,90.57,0.54,95.06,0.57,449.51,0.53,230.0,0.58,321.47,0.52,2292.39,0.59,177.83,0.51,430.0,0.6,405.0,0.5,541.36,0.61,75.0,0.43,449.51,0.46,95.06,0.42,321.47,0.47,230.0,0.41,177.83,0.48,2292.39,0.4,405.0,0.49,430.0,0.39,75.0,0.5,541.36
2026-01-07 04:46:00.948000+00:00,2026-01-07 04:45:58.281667+00:00,60.948,0.565,0.56,0.57,0.44,0.43,0.45,55.15,108.15,168.51,95.57,0.55,75.57,0.58,403.1,0.54,182.06,0.59,201.83,0.53,174.0,0.6,405.0,0.52,2268.39,0.61,75.0,0.51,418.0,0.62,70.0,0.42,393.47,0.46,182.06,0.41,201.83,0.47,174.0,0.4,405.0,0.48,2268.39,0.39,75.0,0.49,418.0,0.38,70.0,0.5,556.36
2026-01-07 04:46:01.899000+00:00,2026-01-07 04:45:59.290269+00:00,61.899,0.555,0.55,0.56,0.445,0.44,0.45,90.57,279.0,349.0,90.57,0.54,151.06,0.57,228.51,0.53,288.0,0.58,357.47,0.52,2280.39,0.59,177.83,0.51,433.0,0.6,405.0,0.5,451.36,0.61,75.0,0.43,228.51,0.46,151.06,0.42,357.47,0.47,288.0,0.41,177.83,0.48,2280.39,0.4,405.0,0.49,433.0,0.39,75.0,0.5,451.36
2026-01-07 04:46:02.837000+00:00,2026-01-07 04:46:00.279933+00:00,62.837,0.555,0.55,0.56,0.445,0.44,0.45,74.49,324.0,324.0,74.49,0.54,175.06,0.57,192.51,0.53,269.0,0.58,393.47,0.52,2295.39,0.59,177.83,0.51,418.0,0.6,405.0,0.5,451.36,0.61,75.0,0.43,192.51,0.46,175.06,0.42,393.47,0.47,269.0,0.41,177.83,0.48,2295.39,0.4,405.0,0.49,418.0,0.39,75.0,0.5,451.36
2026-01-07 04:46:03.889000+00:00,2026-01-07 04:46:01.291333+00:00,63.889,0.555,0.55,0.56,0.445,0.44,0.45,182.49,309.0,309.0,182.49,0.54,185.06,0.57,128.15,0.53,267.0,0.58,369.1,0.52,2216.39,0.59,250.83,0.51,418.0,0.6,370.0,0.5,451.36,0.61,75.0,0.43,128.15,0.46,185.06,0.42,369.1,0.47,267.0,0.41,250.83,0.48,2216.39,0.4,370.0,0.49,418.0,0.39,75.0,0.5,451.36
2026-01-07 04:46:04.960000+00:00,2026-01-07 04:46:02.300444+00:00,64.96,0.555,0.55,0.56,0.445,0.44,0.45,67.55,376.0,376.0,67.55,0.54,115.06,0.57,287.51,0.53,392.0,0.58,296.47,0.52,2228.39,0.59,202.83,0.51,418.0,0.6,370.0,0.5,451.36,0.61,75.0,0.43,287.51,0.46,115.06,0.42,296.47,0.47,392.0,0.41,202.83,0.48,2228.39,0.4,370.0,0.49,418.0,0.39,75.0,0.5,451.36
2026-01-07 04:46:05.991000+00:00,2026-01-07 04:46:03.318479+00:00,65.991,0.545,0.54,0.55,0.455,0.45,0.46,70.0,239.36,250.36,70.0,0.52,2081.39,0.56,225.0,0.51,398.0,0.57,138.15,0.5,451.36,0.58,286.47,0.49,334.0,0.59,167.83,0.48,30.0,0.6,370.0,0.44,292.0,0.48,2081.39,0.43,173.15,0.49,333.0,0.42,286.47,0.5,416.36,0.41,167.83,0.51,337.0,0.4,370.0,0.52,89.0
2026-01-07 04:46:06.991000+00:00,2026-01-07 04:46:04.340641+00:00,66.991,0.525,0.52,0.53,0.475,0.47,0.48,2068.89,139.63,299.63,1858.89,0.51,318.0,0.54,245.0,0.5,369.36,0.55,261.0,0.49,386.0,0.56,165.0,0.48,60.0,0.57,138.15,0.47,92.0,0.58,196.47,0.46,155.0,0.49,318.0,0.45,261.0,0.5,369.36,0.44,165.0,0.51,386.0,0.43,138.15,0.52,60.0,0.42,196.47,0.53,92.0
2026-01-07 04:46:07.954000+00:00,2026-01-07 04:46:05.343693+00:00,67.954,0.525,0.52,0.53,0.475,0.47,0.48,1584.72,319.63,304.63,1579.72,0.51,313.0,0.54,209.0,0.5,369.36,0.55,145.0,0.49,306.0,0.56,165.0,0.48,15.0,0.57,138.15,0.47,145.0,0.58,196.47,0.46,208.0,0.49,318.0,0.45,145.0,0.5,369.36,0.44,165.0,0.51,306.0,0.43,138.15,0.52,30.0,0.42,196.47,0.53,130.0
2026-01-07 04:46:09.010000+00:00,2026-01-07 04:46:06.364097+00:00,69.01,0.525,0.52,0.53,0.475,0.47,0.48,1589.84,286.89,286.89,1589.84,0.51,313.0,0.54,155.0,0.5,369.36,0.55,201.0,0.49,306.0,0.56,165.0,0.48,145.99,0.57,138.15,0.47,143.0,0.58,196.47,0.46,179.0,0.49,313.0,0.45,201.0,0.5,369.36,0.44,165.0,0.51,306.0,0.43,138.15,0.52,145.99,0.42,196.47,0.53,107.0
2026-01-07 04:46:10.837000+00:00,2026-01-07 04:46:08.375814+00:00,70.837,0.525,0.52,0.53,0.475,0.47,0.48,1570.09,280.89,300.89,1570.09,0.51,373.0,0.54,182.0,0.5,393.36,0.55,285.0,0.49,318.0,0.56,145.0,0.48,114.99,0.57,138.15,0.47,165.0,0.58,196.47,0.46,182.0,0.49,373.0,0.45,285.0,0.5,393.36,0.44,145.0,0.51,318.0,0.43,138.15,0.52,114.99,0.42,196.47,0.53,165.0
2026-01-07 04:46:12.034000+00:00,2026-01-07 04:46:09.379147+00:00,72.034,0.525,0.52,0.53,0.475,0.47,0.48,1335.09,524.89,524.89,1350.09,0.51,373.0,0.54,264.0,0.5,393.36,0.55,216.0,0.49,323.0,0.56,145.0,0.48,114.99,0.57,138.15,0.47,165.0,0.58,196.47,0.46,264.0,0.49,373.0,0.45,216.0,0.5,393.36,0.44,145.0,0.51,323.0,0.43,138.15,0.52,114.99,0.42,196.47,0.53,165.0
2026-01-07 04:46:13.838000+00:00,2026-01-07 04:46:11.394019+00:00,73.838,0.525,0.52,0.53,0.475,0.47,0.48,1240.09,539.89,539.89,1215.09,0.51,373.0,0.54,279.77,0.5,408.36,0.55,221.59,0.49,323.0,0.56,145.0,0.48,114.99,0.57,138.15,0.47,165.0,0.58,196.47,0.46,279.77,0.49,373.0,0.45,221.59,0.5,408.36,0.44,145.0,0.51,323.0,0.43,138.15,0.52,114.99,0.42,196.47,0.53,165.0
2026-01-07 04:46:15.038000+00:00,2026-01-07 04:46:12.399064+00:00,75.038,0.525,0.52,0.53,0.475,0.47,0.48,1280.09,544.89,544.89,1280.09,0.51,337.0,0.54,248.77,0.5,381.36,0.55,173.59,0.49,411.0,0.56,229.0,0.48,185.0,0.57,138.15,0.47,180.0,0.58,196.47,0.46,248.77,0.49,337.0,0.45,173.59,0.5,381.36,0.44,229.0,0.51,411.0,0.43,138.15,0.52,185.0,0.42,196.47,0.53,180.0
2026-01-07 04:46:16.073000+00:00,2026-01-07 04:46:13.407331+00:00,76.073,0.525,0.52,0.53,0.475,0.47,0.48,1185.09,465.89,465.89,1185.09,0.51,397.0,0.54,299.0,0.5,381.36,0.55,216.0,0.49,326.0,0.56,169.0,0.48,200.0,0.57,138.15,0.47,180.0,0.58,196.47,0.46,299.0,0.49,397.0,0.45,216.0,0.5,381.36,0.44,157.0,0.51,326.0,0.43,138.15,0.52,200.0,0.42,196.47,0.53,180.0
2026-01-07 04:46:17.963000+00:00,2026-01-07 04:46:15.417519+00:00,77.963,0.525,0.52,0.53,0.475,0.47,0.48,1165.09,579.89,570.89,1155.09,0.51,313.0,0.54,306.0,0.5,429.36,0.55,156.0,0.49,355.0,0.56,145.0,0.48,32.0,0.57,138.15,0.47,245.0,0.58,196.47,0.46,306.0,0.49,313.0,0.45,156.0,0.5,429.36,0.44,145.0,0.51,355.0,0.43,138.15,0.52,32.0,0.42,196.47,0.53,245.0
2026-01-07 04:46:18.992000+00:00,2026-01-07 04:46:16.422953+00:00,78.992,0.525,0.52,0.53,0.475,0.47,0.48,1120.09,535.89,535.89,1120.09,0.51,373.0,0.54,258.0,0.5,393.36,0.55,228.0,0.49,338.0,0.56,145.0,0.48,35.0,0.57,138.15,0.47,230.0,0.58,196.47,0.46,258.0,0.49,373.0,0.45,228.0,0.5,393.36,0.44,145.0,0.51,338.0,0.43,138.15,0.52,35.0,0.42,196.47,0.53,230.0
2026-01-07 04:46:20.019000+00:00,2026-01-07 04:46:17.429347+00:00,80.019,0.525,0.52,0.53,0.475,0.47,0.48,1105.09,535.89,535.89,1042.59,0.51,373.0,0.54,246.0,0.5,393.36,0.55,240.0,0.49,338.0,0.56,145.0,0.48,130.0,0.57,138.15,0.47,180.0,0.58,196.47,0.46,246.0,0.49,373.0,0.45,240.0,0.5,393.36,0.44,145.0,0.51,338.0,0.43,138.15,0.52,130.0,0.42,196.47,0.53,180.0
2026-01-07 04:46:21.136000+00:00,2026-01-07 04:46:18.451476+00:00,81.136,0.525,0.52,0.53,0.475,0.47,0.48,1137.5,605.89,605.89,1127.5,0.51,325.0,0.54,175.0,0.5,404.36,0.55,212.0,0.49,401.0,0.56,169.0,0.48,150.0,0.57,210.15,0.47,165.0,0.58,196.47,0.46,175.0,0.49,325.0,0.45,212.0,0.5,369.36,0.44,169.0,0.51,436.0,0.43,210.15,0.52,150.0,0.42,196.47,0.53,165.0
2026-01-07 04:46:22.041000+00:00,2026-01-07 04:46:19.457723+00:00,82.041,0.525,0.52,0.53,0.475,0.47,0.48,1045.5,605.89,605.89,1045.5,0.51,373.0,0.54,211.0,0.5,393.36,0.55,260.0,0.49,448.0,0.56,157.0,0.48,150.0,0.57,138.15,0.47,165.0,0.58,196.47,0.46,235.0,0.49,373.0,0.45,248.0,0.5,393.36,0.44,145.0,0.51,453.0,0.43,138.15,0.52,150.0,0.42,196.47,0.53,165.0
2026-01-07 04:46:23.121000+00:00,2026-01-07 04:46:20.480673+00:00,83.121,0.525,0.52,0.53,0.475,0.47,0.48,792.16,541.89,547.75,792.16,0.51,313.0,0.54,159.0,0.5,439.36,0.55,156.0,0.49,413.0,0.56,145.0,0.48,272.0,0.57,138.15,0.47,227.0,0.58,196.47,0.46,159.0,0.49,313.0,0.45,156.0,0.5,369.36,0.44,145.0,0.51,343.0,0.43,138.15,0.52,202.0,0.42,196.47,0.53,227.0
2026-01-07 04:46:24.952000+00:00,2026-01-07 04:46:22.494112+00:00,84.952,0.525,0.52,0.53,0.475,0.47,0.48,767.03,526.18,526.18,759.03,0.51,313.0,0.54,305.0,0.5,468.36,0.55,180.0,0.49,326.0,0.56,145.0,0.48,32.0,0.57,138.15,0.47,65.0,0.58,196.47,0.46,293.0,0.49,313.0,0.45,192.0,0.5,468.36,0.44,145.0,0.51,326.0,0.43,138.15,0.52,32.0,0.42,196.47,0.53,175.0
2026-01-07 04:46:26.994000+00:00,2026-01-07 04:46:24.508591+00:00,86.994,0.525,0.52,0.53,0.475,0.47,0.48,760.9,521.18,521.18,760.9,0.51,373.0,0.54,245.0,0.5,396.36,0.55,216.0,0.49,303.0,0.56,145.0,0.48,20.0,0.57,150.15,0.47,230.0,0.58,196.47,0.46,254.77,0.49,373.0,0.45,221.59,0.5,396.36,0.44,145.0,0.51,303.0,0.43,150.15,0.52,20.0,0.42,196.47,0.53,230.0
2026-01-07 04:46:28.060000+00:00,2026-01-07 04:46:25.516594+00:00,88.06,0.525,0.52,0.53,0.475,0.47,0.48,738.77,521.18,521.18,738.77,0.51,373.0,0.54,249.77,0.5,408.36,0.55,245.59,0.49,298.0,0.56,145.0,0.48,20.0,0.57,138.15,0.47,230.0,0.58,196.47,0.46,249.77,0.49,373.0,0.45,221.59,0.5,408.36,0.44,145.0,0.51,298.0,0.43,138.15,0.52,20.0,0.42,196.47,0.53,230.0
2026-01-07 04:46:29.189000+00:00,2026-01-07 04:46:26.544364+00:00,89.189,0.525,0.52,0.53,0.475,0.47,0.48,728.64,548.18,548.18,728.64,0.51,349.0,0.54,273.77,0.5,408.36,0.55,209.59,0.49,298.0,0.56,145.0,0.48,20.0,0.57,138.15,0.47,230.0,0.58,196.47,0.46,273.77,0.49,349.0,0.45,209.59,0.5,432.36,0.44,145.0,0.51,298.0,0.43,138.15,0.52,20.0,0.42,196.47,0.53,230.0
2026-01-07 04:46:30.216000+00:00,2026-01-07 04:46:27.562149+00:00,90.216,0.525,0.52,0.53,0.475,0.47,0.48,798.64,521.18,521.18,798.64,0.51,325.0,0.54,229.0,0.5,396.36,0.55,168.0,0.49,286.0,0.56,229.0,0.48,130.0,0.57,138.15,0.47,165.0,0.58,196.47,0.46,224.0,0.49,325.0,0.45,168.0,0.5,396.36,0.44,229.0,0.51,286.0,0.43,138.15,0.52,130.0,0.42,196.47,0.53,165.0
2026-01-07 04:46:31.203000+00:00,2026-01-07 04:46:28.569992+00:00,91.203,0.525,0.52,0.53,0.475,0.47,0.48,761.64,521.18,521.18,725.64,0.51,325.0,0.54,224.0,0.5,396.36,0.55,156.0,0.49,286.0,0.56,205.0,0.48,130.0,0.57,138.15,0.47,165.0,0.58,196.47,0.46,165.0,0.49,385.0,0.45,204.0,0.5,396.36,0.44,169.0,0.51,291.0,0.43,138.15,0.52,130.0,0.42,196.47,0.53,165.0
2026-01-07 04:46:32.081000+00:00,2026-01-07 04:46:29.574310+00:00,92.081,0.525,0.52,0.53,0.475,0.47,0.48,725.64,521.18,521.18,725.64,0.51,385.0,0.54,218.0,0.5,396.36,0.55,228.0,0.49,291.0,0.56,169.0,0.48,130.0,0.57,138.15,0.47,165.0,0.58,201.47,0.46,218.0,0.49,385.0,0.45,228.0,0.5,396.36,0.44,169.0,0.51,291.0,0.43,138.15,0.52,130.0,0.42,201.47,0.53,165.0
2026-01-07 04:46:33.252000+00:00,2026-01-07 04:46:30.595839+00:00,93.252,0.525,0.52,0.53,0.475,0.47,0.48,703.64,521.18,521.18,703.64,0.51,373.0,0.54,237.0,0.5,408.36,0.55,216.0,0.49,298.0,0.56,145.0,0.48,130.0,0.57,138.15,0.47,165.0,0.58,201.47,0.46,237.0,0.49,373.0,0.45,228.0,0.5,408.36,0.44,145.0,0.51,298.0,0.43,138.15,0.52,130.0,0.42,201.47,0.53,165.0
2026-01-07 04:46:34.157000+00:00,2026-01-07 04:46:31.602709+00:00,94.157,0.525,0.52,0.53,0.475,0.47,0.48,678.64,484.6,484.6,678.64,0.51,325.0,0.54,295.77,0.5,456.36,0.55,173.59,0.49,298.0,0.56,145.0,0.48,130.0,0.57,138.15,0.47,165.0,0.58,201.47,0.46,295.77,0.49,325.0,0.45,173.59,0.5,456.36,0.44,145.0,0.51,298.0,0.43,138.15,0.52,130.0,0.42,201.47,0.53,165.0
2026-01-07 04:46:35.124000+00:00,2026-01-07 04:46:32.610607+00:00,95.124,0.525,0.52,0.53,0.475,0.47,0.48,683.64,472.6,472.6,683.64,0.51,373.0,0.54,242.77,0.5,423.36,0.55,233.59,0.49,298.0,0.56,145.0,0.48,130.0,0.57,138.15,0.47,165.0,0.58,201.47,0.46,242.77,0.49,373.0,0.45,233.59,0.5,423.36,0.44,145.0,0.51,298.0,0.43,138.15,0.52,130.0,0.42,201.47,0.53,165.0
2026-01-07 04:46:36.245000+00:00,2026-01-07 04:46:33.617637+00:00,96.245,0.525,0.52,0.53,0.475,0.47,0.48,658.64,472.6,472.6,658.64,0.51,325.0,0.54,281.0,0.5,456.36,0.55,185.59,0.49,303.0,0.56,145.0,0.48,130.0,0.57,138.15,0.47,255.0,0.58,201.47,0.46,281.0,0.49,325.0,0.45,180.0,0.5,456.36,0.44,145.0,0.51,303.0,0.43,138.15,0.52,130.0,0.42,201.47,0.53,255.0
2026-01-07 04:46:37.261000+00:00,2026-01-07 04:46:34.638216+00:00,97.261,0.525,0.52,0.53,0.475,0.47,0.48,648.64,470.44,470.44,648.64,0.51,325.0,0.54,280.0,0.5,456.36,0.55,180.0,0.49,303.0,0.56,150.0,0.48,20.0,0.57,138.15,0.47,320.0,0.58,201.47,0.46,280.0,0.49,325.0,0.45,180.0,0.5,456.36,0.44,150.0,0.51,303.0,0.43,138.15,0.52,20.0,0.42,201.47,0.53,320.0
2026-01-07 04:46:38.291000+00:00,2026-01-07 04:46:35.647049+00:00,98.291,0.525,0.52,0.53,0.475,0.47,0.48,648.64,470.44,470.44,648.64,0.51,373.0,0.54,280.0,0.5,408.36,0.55,180.0,0.49,298.0,0.56,150.0,0.48,20.0,0.57,138.15,0.47,230.0,0.58,201.47,0.46,280.0,0.49,373.0,0.45,180.0,0.5,408.36,0.44,150.0,0.51,298.0,0.43,138.15,0.52,20.0,0.42,201.47,0.53,230.0
2026-01-07 04:46:39.954000+00:00,2026-01-07 04:46:37.662532+00:00,99.954,0.525,0.52,0.53,0.475,0.47,0.48,641.64,470.44,470.44,641.64,0.51,373.0,0.54,232.0,0.5,408.36,0.55,228.0,0.49,298.0,0.56,150.0,0.48,20.0,0.57,138.15,0.47,230.0,0.58,201.47,0.46,232.0,0.49,373.0,0.45,228.0,0.5,408.36,0.44,150.0,0.51,298.0,0.43,138.15,0.52,20.0,0.42,201.47,0.53,230.0
2026-01-07 04:46:41.166000+00:00,2026-01-07 04:46:38.669096+00:00,101.166,0.525,0.52,0.53,0.475,0.47,0.48,641.64,485.44,485.44,641.64,0.51,373.0,0.54,232.0,0.5,408.36,0.55,228.0,0.49,303.0,0.56,150.0,0.48,20.0,0.57,138.15,0.47,230.0,0.58,201.47,0.46,232.0,0.49,373.0,0.45,228.0,0.5,408.36,0.44,150.0,0.51,303.0,0.43,138.15,0.52,20.0,0.42,201.47,0.53,230.0
2026-01-07 04:46:42.130000+00:00,2026-01-07 04:46:39.671487+00:00,102.13,0.525,0.52,0.53,0.475,0.47,0.48,631.64,470.44,470.44,631.64,0.51,373.0,0.54,237.0,0.5,408.36,0.55,228.0,0.49,303.0,0.56,150.0,0.48,20.0,0.57,138.15,0.47,230.0,0.58,201.47,0.46,246.77,0.49,373.0,0.45,233.59,0.5,408.36,0.44,150.0,0.51,303.0,0.43,138.15,0.52,20.0,0.42,201.47,0.53,230.0
2026-01-07 04:46:43.083000+00:00,2026-01-07 04:46:40.674629+00:00,103.083,0.525,0.52,0.53,0.475,0.47,0.48,594.22,470.44,470.44,594.22,0.51,373.0,0.54,246.77,0.5,408.36,0.55,233.59,0.49,298.0,0.56,150.0,0.48,20.0,0.57,138.15,0.47,230.0,0.58,201.47,0.46,246.77,0.49,373.0,0.45,233.59,0.5,408.36,0.44,150.0,0.51,298.0,0.43,138.15,0.52,20.0,0.42,201.47,0.53,230.0
2026-01-07 04:46:44.275000+00:00,2026-01-07 04:46:41.681327+00:00,104.275,0.525,0.52,0.53,0.475,0.47,0.48,584.22,480.44,480.44,584.22,0.51,373.0,0.54,246.77,0.5,408.36,0.55,233.59,0.49,298.0,0.56,150.0,0.48,20.0,0.57,138.15,0.47,230.0,0.58,201.47,0.46,234.77,0.49,313.0,0.45,173.59,0.5,408.36,0.44,150.0,0.51,298.0,0.43,138.15,0.52,20.0,0.42,201.47,0.53,230.0
2026-01-07 04:46:45.260000+00:00,2026-01-07 04:46:42.673084+00:00,105.26,0.525,0.52,0.53,0.475,0.47,0.48,584.22,490.44,515.44,574.22,0.51,313.0,0.54,285.0,0.5,456.36,0.55,168.0,0.49,310.0,0.56,150.0,0.48,20.0,0.57,138.15,0.47,230.0,0.58,201.47,0.46,285.0,0.49,313.0,0.45,168.0,0.5,456.36,0.44,150.0,0.51,310.0,0.43,138.15,0.52,20.0,0.42,201.47,0.53,230.0
2026-01-07 04:46:46.225000+00:00,2026-01-07 04:46:43.676508+00:00,106.225,0.525,0.52,0.53,0.475,0.47,0.48,574.22,470.44,470.44,574.22,0.51,325.0,0.54,285.0,0.5,456.36,0.55,180.0,0.49,303.0,0.56,150.0,0.48,20.0,0.57,138.15,0.47,230.0,0.58,201.47,0.46,285.0,0.49,325.0,0.45,180.0,0.5,456.36,0.44,150.0,0.51,303.0,0.43,138.15,0.52,20.0,0.42,201.47,0.53,230.0
2026-01-07 04:46:47.244000+00:00,2026-01-07 04:46:44.683168+00:00,107.244,0.525,0.52,0.53,0.475,0.47,0.48,564.22,470.44,470.44,564.22,0.51,325.0,0.54,237.0,0.5,456.36,0.55,228.0,0.49,303.0,0.56,150.0,0.48,20.0,0.57,138.15,0.47,230.0,0.58,201.47,0.46,237.0,0.49,325.0,0.45,228.0,0.5,456.36,0.44,150.0,0.51,303.0,0.43,138.15,0.52,20.0,0.42,201.47,0.53,230.0
2026-01-07 04:46:48.342000+00:00,2026-01-07 04:46:45.689458+00:00,108.342,0.525,0.52,0.53,0.475,0.47,0.48,564.22,478.44,478.44,560.05,0.51,325.0,0.54,257.6,0.5,396.36,0.55,228.0,0.49,303.0,0.56,150.0,0.48,20.0,0.57,138.15,0.47,230.0,0.58,201.47,0.46,257.6,0.49,325.0,0.45,228.0,0.5,396.36,0.44,150.0,0.51,303.0,0.43,138.15,0.52,20.0,0.42,201.47,0.53,230.0
2026-01-07 04:46:49.341000+00:00,2026-01-07 04:46:46.696808+00:00,109.341,0.525,0.52,0.53,0.475,0.47,0.48,519.63,478.44,463.44,519.63,0.51,325.0,0.54,327.37,0.5,456.36,0.55,185.59,0.49,298.0,0.56,150.0,0.48,20.0,0.57,138.15,0.47,230.0,0.58,201.47,0.46,327.37,0.49,325.0,0.45,185.59,0.5,456.36,0.44,150.0,0.51,298.0,0.43,138.15,0.52,20.0,0.42,201.47,0.53,230.0
2026-01-07 04:46:50.064000+00:00,2026-01-07 04:46:47.702813+00:00,110.064,0.525,0.52,0.53,0.475,0.47,0.48,519.63,469.44,469.44,509.63,0.51,325.0,0.54,327.37,0.5,456.36,0.55,185.59,0.49,298.0,0.56,150.0,0.48,20.0,0.57,138.15,0.47,230.0,0.58,201.47,0.46,279.37,0.49,325.0,0.45,185.59,0.5,456.36,0.44,150.0,0.51,298.0,0.43,138.15,0.52,20.0,0.42,201.47,0.53,230.0
2026-01-07 04:46:51.892000+00:00,2026-01-07 04:46:49.730177+00:00,111.892,0.525,0.52,0.53,0.475,0.47,0.48,559.63,463.44,463.44,559.63,0.51,337.0,0.54,245.6,0.5,396.36,0.55,180.0,0.49,291.0,0.56,222.0,0.48,20.0,0.57,138.15,0.47,230.0,0.58,201.47,0.46,245.6,0.49,337.0,0.45,180.0,0.5,396.36,0.44,222.0,0.51,291.0,0.43,138.15,0.52,20.0,0.42,201.47,0.53,230.0
2026-01-07 04:46:53.354000+00:00,2026-01-07 04:46:50.738188+00:00,113.354,0.525,0.52,0.53,0.475,0.47,0.48,489.63,463.44,463.44,489.63,0.51,325.0,0.54,318.6,0.5,456.36,0.55,180.0,0.49,298.0,0.56,150.0,0.48,20.0,0.57,138.15,0.47,230.0,0.58,201.47,0.46,318.6,0.49,325.0,0.45,180.0,0.5,456.36,0.44,150.0,0.51,298.0,0.43,138.15,0.52,20.0,0.42,201.47,0.53,230.0
2026-01-07 04:46:54.380000+00:00,2026-01-07 04:46:51.741786+00:00,114.38,0.525,0.52,0.53,0.475,0.47,0.48,434.59,452.06,449.11,434.59,0.51,325.0,0.54,318.6,0.5,456.36,0.55,180.0,0.49,298.0,0.56,150.0,0.48,20.0,0.57,138.15,0.47,230.0,0.58,201.47,0.46,317.6,0.49,325.0,0.45,180.0,0.5,456.36,0.44,150.0,0.51,298.0,0.43,138.15,0.52,20.0,0.42,201.47,0.53,230.0
2026-01-07 04:46:55.380000+00:00,2026-01-07 04:46:52.763358+00:00,115.38,0.525,0.52,0.53,0.475,0.47,0.48,414.17,449.11,419.93,414.17,0.51,325.0,0.54,281.6,0.5,456.36,0.55,216.0,0.49,298.0,0.56,150.0,0.48,20.0,0.57,138.15,0.47,230.0,0.58,201.47,0.46,281.6,0.49,325.0,0.45,216.0,0.5,456.36,0.44,150.0,0.51,298.0,0.43,138.15,0.52,20.0,0.42,201.47,0.53,230.0
2026-01-07 04:46:56.329000+00:00,2026-01-07 04:46:53.771964+00:00,116.329,0.525,0.52,0.53,0.475,0.47,0.48,414.17,408.09,408.09,414.17,0.51,325.0,0.54,291.37,0.5,456.36,0.55,221.59,0.49,303.0,0.56,150.0,0.48,20.0,0.57,138.15,0.47,230.0,0.58,201.47,0.46,291.37,0.49,325.0,0.45,221.59,0.5,456.36,0.44,150.0,0.51,303.0,0.43,138.15,0.52,20.0,0.42,201.47,0.53,230.0
2026-01-07 04:46:57.234000+00:00,2026-01-07 04:46:54.775730+00:00,117.234,0.525,0.52,0.53,0.475,0.47,0.48,414.17,403.06,393.95,414.17,0.51,325.0,0.54,291.37,0.5,456.36,0.55,210.59,0.49,303.0,0.56,150.0,0.48,20.0,0.57,138.15,0.47,230.0,0.58,201.47,0.46,291.37,0.49,325.0,0.45,210.59,0.5,456.36,0.44,150.0,0.51,303.0,0.43,138.15,0.52,20.0,0.42,201.47,0.53,230.0
2026-01-07 04:46:58.323000+00:00,2026-01-07 04:46:55.782255+00:00,118.323,0.525,0.52,0.53,0.475,0.47,0.48,414.17,408.95,408.95,414.17,0.51,361.0,0.54,269.6,0.5,420.36,0.55,217.0,0.49,303.0,0.56,150.0,0.48,20.0,0.57,138.15,0.47,230.0,0.58,201.47,0.46,269.6,0.49,361.0,0.45,217.0,0.5,420.36,0.44,150.0,0.51,303.0,0.43,138.15,0.52,20.0,0.42,201.47,0.53,230.0
2026-01-07 04:46:59.327000+00:00,2026-01-07 04:46:56.789495+00:00,119.327,0.525,0.52,0.53,0.475,0.47,0.48,414.17,391.0,376.28,394.17,0.51,361.0,0.54,269.6,0.5,420.36,0.55,217.0,0.49,298.0,0.56,150.0,0.48,20.0,0.57,138.15,0.47,320.0,0.58,201.47,0.46,269.6,0.49,361.0,0.45,217.0,0.5,420.36,0.44,150.0,0.51,298.0,0.43,138.15,0.52,20.0,0.42,201.47,0.53,320.0
2026-01-07 04:47:00.353000+00:00,2026-01-07 04:46:57.811066+00:00,120.353,0.525,0.52,0.53,0.475,0.47,0.48,394.17,373.33,373.33,394.17,0.51,361.0,0.54,281.6,0.5,420.36,0.55,205.0,0.49,298.0,0.56,150.0,0.48,20.0,0.57,138.15,0.47,320.0,0.58,201.47,0.46,281.6,0.49,361.0,0.45,205.0,0.5,420.36,0.44,150.0,0.51,298.0,0.43,138.15,0.52,20.0,0.42,201.47,0.53,320.0
2026-01-07 04:47:01.409000+00:00,2026-01-07 04:46:58.816671+00:00,121.409,0.525,0.52,0.53,0.475,0.47,0.48,394.17,388.33,388.33,373.75,0.51,332.0,0.54,317.6,0.5,432.36,0.55,169.0,0.49,310.0,0.56,150.0,0.48,20.0,0.57,138.15,0.47,210.0,0.58,201.47,0.46,317.6,0.49,332.0,0.45,169.0,0.5,432.36,0.44,150.0,0.51,310.0,0.43,138.15,0.52,20.0,0.42,201.47,0.53,210.0
2026-01-07 04:47:02.500000+00:00,2026-01-07 04:46:59.841529+00:00,122.5,0.525,0.52,0.53,0.475,0.47,0.48,373.75,397.33,397.33,373.75,0.51,332.0,0.54,303.37,0.5,408.36,0.55,174.59,0.49,339.0,0.56,150.0,0.48,20.0,0.57,138.15,0.47,180.0,0.58,201.47,0.46,303.37,0.49,332.0,0.45,174.59,0.5,408.36,0.44,150.0,0.51,339.0,0.43,138.15,0.52,20.0,0.42,201.47,0.53,135.0
2026-01-07 04:47:03.428000+00:00,2026-01-07 04:47:00.846035+00:00,123.428,0.525,0.52,0.53,0.475,0.47,0.48,104.75,373.33,373.33,104.75,0.51,344.0,0.54,303.37,0.5,396.36,0.55,198.59,0.49,310.0,0.56,150.0,0.48,20.0,0.57,138.15,0.47,65.0,0.58,201.47,0.46,303.37,0.49,344.0,0.45,198.59,0.5,420.36,0.44,150.0,0.51,310.0,0.43,138.15,0.52,20.0,0.42,201.47,0.53,65.0
2026-01-07 04:47:04.832000+00:00,2026-01-07 04:47:02.873415+00:00,124.832,0.525,0.52,0.53,0.485,0.48,0.49,25.0,373.33,80.0,368.0,0.51,368.0,0.54,305.6,0.5,408.36,0.55,181.0,0.49,298.0,0.56,150.0,0.48,20.0,0.57,138.15,0.47,160.0,0.58,201.47,0.47,348.33,0.5,408.36,0.46,295.6,0.51,298.0,0.45,181.0,0.52,20.0,0.44,150.0,0.53,160.0,0.43,138.15,0.54,347.6
2026-01-07 04:47:06.518000+00:00,2026-01-07 04:47:03.878397+00:00,126.518,0.515,0.51,0.52,0.485,0.48,0.49,368.0,254.23,254.23,308.0,0.5,408.36,0.53,334.0,0.49,303.0,0.54,295.6,0.48,20.0,0.55,181.0,0.47,65.0,0.56,150.0,0.46,397.6,0.57,138.15,0.47,334.0,0.5,444.36,0.46,331.6,0.51,327.0,0.45,145.0,0.52,20.0,0.44,150.0,0.53,130.0,0.43,138.15,0.54,347.6
2026-01-07 04:47:07.169000+00:00,2026-01-07 04:47:04.884921+00:00,127.169,0.515,0.51,0.52,0.485,0.48,0.49,313.0,260.48,260.48,313.0,0.5,444.36,0.53,115.0,0.49,327.0,0.54,331.6,0.48,20.0,0.55,145.0,0.47,65.0,0.56,150.0,0.46,397.6,0.57,138.15,0.47,115.0,0.5,444.36,0.46,331.6,0.51,322.0,0.45,145.0,0.52,20.0,0.44,150.0,0.53,65.0,0.43,138.15,0.54,397.6
2026-01-07 04:47:08.376000+00:00,2026-01-07 04:47:05.901916+00:00,128.376,0.515,0.51,0.52,0.485,0.48,0.49,307.89,260.48,260.48,307.89,0.5,444.36,0.53,139.0,0.49,310.0,0.54,308.6,0.48,32.0,0.55,145.0,0.47,65.0,0.56,150.0,0.46,397.6,0.57,138.15,0.47,139.0,0.5,444.36,0.46,296.6,0.51,310.0,0.45,145.0,0.52,32.0,0.44,150.0,0.53,65.0,0.43,138.15,0.54,397.6
2026-01-07 04:47:09.396000+00:00,2026-01-07 04:47:06.904075+00:00,129.396,0.515,0.51,0.52,0.485,0.48,0.49,307.89,260.48,260.48,307.89,0.5,444.36,0.53,163.0,0.49,310.0,0.54,283.6,0.48,32.0,0.55,145.0,0.47,65.0,0.56,150.0,0.46,397.6,0.57,138.15,0.47,163.0,0.5,444.36,0.46,283.6,0.51,310.0,0.45,145.0,0.52,32.0,0.44,150.0,0.53,65.0,0.43,138.15,0.54,397.6
2026-01-07 04:47:10.542000+00:00,2026-01-07 04:47:07.909901+00:00,130.542,0.515,0.51,0.52,0.485,0.48,0.49,307.89,260.48,260.48,307.89,0.5,444.36,0.53,163.0,0.49,310.0,0.54,283.6,0.48,32.0,0.55,145.0,0.47,65.0,0.56,150.0,0.46,397.6,0.57,138.15,0.47,163.0,0.5,444.36,0.46,283.6,0.51,310.0,0.45,145.0,0.52,32.0,0.44,150.0,0.53,65.0,0.43,138.15,0.54,397.6
2026-01-07 04:47:11.023000+00:00,2026-01-07 04:47:08.933112+00:00,131.023,0.515,0.51,0.52,0.485,0.48,0.49,307.89,484.48,484.48,307.89,0.5,444.36,0.53,163.0,0.49,310.0,0.54,283.6,0.48,37.0,0.55,145.0,0.47,65.0,0.56,150.0,0.46,397.6,0.57,138.15,0.47,163.0,0.5,444.36,0.46,283.6,0.51,310.0,0.45,145.0,0.52,37.0,0.44,150.0,0.53,65.0,0.43,138.15,0.54,397.6
2026-01-07 04:47:12.556000+00:00,2026-01-07 04:47:09.924627+00:00,132.556,0.515,0.51,0.52,0.485,0.48,0.49,307.89,484.48,484.48,307.89,0.5,444.36,0.53,151.0,0.49,310.0,0.54,295.6,0.48,37.0,0.55,145.0,0.47,65.0,0.56,150.0,0.46,397.6,0.57,138.15,0.47,151.0,0.5,444.36,0.46,295.6,0.51,310.0,0.45,145.0,0.52,37.0,0.44,150.0,0.53,65.0,0.43,138.15,0.54,397.6
2026-01-07 04:47:13.414000+00:00,2026-01-07 04:47:10.933518+00:00,133.414,0.515,0.51,0.52,0.485,0.48,0.49,307.89,484.48,529.48,307.89,0.5,444.36,0.53,151.0,0.49,310.0,0.54,295.6,0.48,32.0,0.55,145.0,0.47,65.0,0.56,150.0,0.46,397.6,0.57,138.15,0.47,151.0,0.5,396.36,0.46,206.6,0.51,310.0,0.45,145.0,0.52,20.0,0.44,150.0,0.53,65.0,0.43,138.15,0.54,232.6
2026-01-07 04:47:14.569000+00:00,2026-01-07 04:47:11.923238+00:00,134.569,0.505,0.5,0.51,0.495,0.49,0.5,410.36,117.0,238.0,424.36,0.49,286.0,0.52,301.48,0.48,20.0,0.53,114.77,0.47,149.0,0.54,188.19,0.46,232.6,0.55,145.0,0.45,212.0,0.56,150.0,0.48,229.48,0.51,286.0,0.47,114.77,0.52,20.0,0.46,188.19,0.53,149.0,0.45,145.0,0.54,232.6,0.44,150.0,0.55,212.0
2026-01-07 04:47:15.561000+00:00,2026-01-07 04:47:12.931611+00:00,135.561,0.505,0.5,0.51,0.495,0.49,0.5,356.36,363.0,351.0,349.36,0.49,286.0,0.52,139.48,0.48,32.0,0.53,114.77,0.47,137.0,0.54,188.19,0.46,244.6,0.55,145.0,0.45,200.0,0.56,150.0,0.48,139.48,0.51,286.0,0.47,114.77,0.52,32.0,0.46,188.19,0.53,137.0,0.45,145.0,0.54,244.6,0.44,150.0,0.55,200.0
2026-01-07 04:47:16.586000+00:00,2026-01-07 04:47:13.938777+00:00,136.586,0.505,0.5,0.51,0.495,0.49,0.5,247.36,336.0,406.0,247.36,0.49,286.0,0.52,139.48,0.48,37.0,0.53,114.77,0.47,137.0,0.54,188.19,0.46,232.6,0.55,145.0,0.45,282.0,0.56,150.0,0.48,139.48,0.51,286.0,0.47,105.0,0.52,37.0,0.46,188.19,0.53,137.0,0.45,145.0,0.54,232.6,0.44,150.0,0.55,282.0
2026-01-07 04:47:17.474000+00:00,2026-01-07 04:47:14.945415+00:00,137.474,0.505,0.5,0.51,0.495,0.49,0.5,237.36,430.0,430.0,237.36,0.49,286.0,0.52,115.48,0.48,20.0,0.53,105.0,0.47,125.0,0.54,182.6,0.46,256.6,0.55,145.0,0.45,282.0,0.56,150.0,0.48,115.48,0.51,286.0,0.47,105.0,0.52,20.0,0.46,182.6,0.53,137.0,0.45,145.0,0.54,232.6,0.44,150.0,0.55,282.0
2026-01-07 04:47:18.622000+00:00,2026-01-07 04:47:15.954879+00:00,138.622,0.495,0.49,0.5,0.505,0.5,0.51,323.7,359.0,359.0,303.7,0.48,90.0,0.51,116.0,0.47,250.0,0.52,45.48,0.46,402.6,0.53,35.0,0.45,315.0,0.54,112.6,0.44,115.0,0.55,157.0,0.49,121.0,0.52,90.0,0.48,45.48,0.53,285.0,0.47,35.0,0.54,397.6,0.46,112.6,0.55,380.0,0.45,145.0,0.56,150.0
2026-01-07 04:47:19.190000+00:00,2026-01-07 04:47:16.978023+00:00,139.19,0.495,0.49,0.5,0.51,0.5,0.52,93.7,138.0,127.8,20.0,0.48,90.0,0.51,160.0,0.47,285.0,0.52,45.48,0.46,397.6,0.53,35.0,0.45,470.0,0.54,165.6,0.44,150.0,0.55,75.0,0.49,360.0,0.53,215.0,0.48,45.48,0.54,357.6,0.47,35.0,0.55,440.0,0.46,165.6,0.56,150.0,0.45,75.0,0.57,150.0
2026-01-07 04:47:20.655000+00:00,2026-01-07 04:47:17.983436+00:00,140.655,0.485,0.48,0.49,0.515,0.51,0.52,80.0,147.0,232.0,43.03,0.47,82.0,0.5,45.0,0.46,267.6,0.51,250.0,0.45,325.0,0.52,69.48,0.44,80.0,0.53,107.0,0.43,109.57,0.54,182.6,0.5,95.0,0.53,104.0,0.49,250.0,0.54,267.6,0.48,69.48,0.55,325.0,0.47,107.0,0.56,80.0,0.46,262.6,0.57,199.57
2026-01-07 04:47:21.599000+00:00,2026-01-07 04:47:18.999914+00:00,141.599,0.485,0.48,0.49,0.515,0.51,0.52,39.0,232.0,232.0,15.0,0.47,92.0,0.5,167.0,0.46,318.6,0.51,250.0,0.45,340.0,0.52,57.48,0.44,107.0,0.53,117.0,0.43,199.57,0.54,262.6,0.5,167.0,0.53,92.0,0.49,250.0,0.54,318.6,0.48,45.48,0.55,340.0,0.47,105.0,0.56,107.0,0.46,262.6,0.57,199.57
2026-01-07 04:47:22.601000+00:00,2026-01-07 04:47:20.008411+00:00,142.601,0.485,0.48,0.49,0.515,0.51,0.52,15.0,307.88,307.88,15.0,0.47,104.0,0.5,261.0,0.46,318.6,0.51,320.0,0.45,352.0,0.52,115.48,0.44,107.0,0.53,105.0,0.43,199.57,0.54,182.6,0.5,261.0,0.53,104.0,0.49,320.0,0.54,318.6,0.48,115.48,0.55,352.0,0.47,105.0,0.56,107.0,0.46,182.6,0.57,199.57
2026-01-07 04:47:23.591000+00:00,2026-01-07 04:47:21.028794+00:00,143.591,0.485,0.48,0.49,0.515,0.51,0.52,15.0,307.88,307.88,15.0,0.47,99.0,0.5,270.77,0.46,318.6,0.51,125.59,0.45,352.0,0.52,115.48,0.44,107.0,0.53,105.0,0.43,223.57,0.54,182.6,0.5,220.77,0.53,99.0,0.49,176.59,0.54,318.6,0.48,115.48,0.55,352.0,0.47,105.0,0.56,107.0,0.46,182.6,0.57,223.57
2026-01-07 04:47:24.703000+00:00,2026-01-07 04:47:22.038895+00:00,144.703,0.485,0.48,0.49,0.515,0.51,0.52,60.0,198.67,198.67,55.0,0.47,123.0,0.5,274.77,0.46,374.6,0.51,161.59,0.45,319.0,0.52,115.48,0.44,190.0,0.53,105.0,0.43,174.0,0.54,235.6,0.5,274.77,0.53,123.0,0.49,161.59,0.54,374.6,0.48,115.48,0.55,319.0,0.47,105.0,0.56,190.0,0.46,235.6,0.57,174.0
2026-01-07 04:47:25.495000+00:00,2026-01-07 04:47:23.059197+00:00,145.495,0.485,0.48,0.49,0.515,0.51,0.52,91.0,178.67,172.79,91.0,0.47,99.0,0.5,205.0,0.46,421.6,0.51,180.0,0.45,300.0,0.52,151.48,0.44,209.0,0.53,105.0,0.43,150.0,0.54,235.6,0.5,205.0,0.53,99.0,0.49,180.0,0.54,421.6,0.48,151.48,0.55,300.0,0.47,105.0,0.56,209.0,0.46,235.6,0.57,150.0
2026-01-07 04:47:26.703000+00:00,2026-01-07 04:47:24.067731+00:00,146.703,0.485,0.48,0.49,0.515,0.51,0.52,88.0,172.79,172.79,88.0,0.47,214.0,0.5,205.0,0.46,339.6,0.51,120.0,0.45,329.0,0.52,211.48,0.44,185.0,0.53,105.0,0.43,150.0,0.54,235.6,0.5,205.0,0.53,214.0,0.49,120.0,0.54,339.6,0.48,211.48,0.55,329.0,0.47,105.0,0.56,185.0,0.46,235.6,0.57,150.0
2026-01-07 04:47:27.739000+00:00,2026-01-07 04:47:25.073156+00:00,147.739,0.5,0.49,0.51,0.495,0.49,0.5,176.0,107.0,107.0,12.0,0.48,74.0,0.52,115.48,0.47,222.0,0.53,161.0,0.46,331.6,0.54,242.6,0.45,305.0,0.55,130.0,0.44,60.0,0.56,192.0,0.48,45.48,0.51,191.0,0.47,161.0,0.52,104.0,0.46,322.6,0.53,225.0,0.45,130.0,0.54,351.6,0.44,192.0,0.55,340.0
2026-01-07 04:47:28.658000+00:00,2026-01-07 04:47:26.064136+00:00,148.658,0.5,0.49,0.51,0.5,0.49,0.51,160.9,101.12,101.12,160.9,0.48,116.0,0.52,81.48,0.47,249.0,0.53,185.0,0.46,327.6,0.54,332.6,0.45,319.0,0.55,186.0,0.44,165.0,0.56,135.0,0.48,81.48,0.52,116.0,0.47,185.0,0.53,249.0,0.46,332.6,0.54,327.6,0.45,130.0,0.55,364.0,0.44,192.0,0.56,165.0
2026-01-07 04:47:29.580000+00:00,2026-01-07 04:47:27.071579+00:00,149.58,0.495,0.49,0.5,0.505,0.5,0.51,148.9,9.77,9.77,133.9,0.48,128.0,0.51,142.71,0.47,237.0,0.52,105.48,0.46,339.6,0.53,125.0,0.45,319.0,0.54,332.6,0.44,165.0,0.55,186.0,0.49,142.71,0.52,128.0,0.48,105.48,0.53,237.0,0.47,125.0,0.54,339.6,0.46,332.6,0.55,319.0,0.45,186.0,0.56,165.0
2026-01-07 04:47:30.724000+00:00,2026-01-07 04:47:28.091770+00:00,150.724,0.505,0.5,0.51,0.485,0.48,0.49,223.0,5.0,6.25,150.0,0.49,96.57,0.52,6.25,0.48,162.0,0.53,59.0,0.47,314.0,0.54,241.6,0.46,443.6,0.55,60.0,0.45,330.0,0.56,65.0,0.47,47.0,0.5,103.0,0.46,331.6,0.51,121.57,0.45,60.0,0.52,92.0,0.44,145.0,0.53,314.0,0.43,243.0,0.54,408.6
2026-01-07 04:47:31.743000+00:00,2026-01-07 04:47:29.093878+00:00,151.743,0.515,0.51,0.52,0.485,0.48,0.49,35.0,84.0,84.0,35.0,0.5,125.0,0.53,107.0,0.49,248.0,0.54,259.6,0.48,80.0,0.55,60.0,0.47,142.0,0.56,272.0,0.46,374.6,0.57,120.0,0.47,107.0,0.5,125.0,0.46,259.6,0.51,248.0,0.45,60.0,0.52,80.0,0.44,215.0,0.53,142.0,0.43,120.0,0.54,374.6
2026-01-07 04:47:32.618000+00:00,2026-01-07 04:47:30.113281+00:00,152.618,0.515,0.51,0.52,0.485,0.48,0.49,30.0,45.0,45.0,30.0,0.5,173.0,0.53,131.0,0.49,200.0,0.54,259.6,0.48,104.0,0.55,116.0,0.47,130.0,0.56,215.0,0.46,386.6,0.57,120.0,0.47,131.0,0.5,173.0,0.46,259.6,0.51,200.0,0.45,116.0,0.52,104.0,0.44,215.0,0.53,130.0,0.43,120.0,0.54,386.6
2026-01-07 04:47:33.696000+00:00,2026-01-07 04:47:31.119028+00:00,153.696,0.515,0.51,0.52,0.485,0.48,0.49,30.0,129.0,221.0,30.0,0.5,125.0,0.53,35.0,0.49,200.0,0.54,259.6,0.48,128.0,0.55,60.0,0.47,142.0,0.56,272.0,0.46,374.6,0.57,115.0,0.47,35.0,0.5,125.0,0.46,259.6,0.51,200.0,0.45,60.0,0.52,128.0,0.44,192.0,0.53,142.0,0.43,115.0,0.54,374.6
2026-01-07 04:47:34.750000+00:00,2026-01-07 04:47:32.124495+00:00,154.75,0.515,0.51,0.52,0.485,0.48,0.49,30.0,188.34,152.34,30.0,0.5,125.0,0.53,105.0,0.49,200.0,0.54,329.6,0.48,128.0,0.55,130.0,0.47,142.0,0.56,192.0,0.46,374.6,0.57,115.0,0.47,114.77,0.5,125.0,0.46,335.19,0.51,200.0,0.45,130.0,0.52,116.0,0.44,192.0,0.53,142.0,0.43,115.0,0.54,362.6
2026-01-07 04:47:35.766000+00:00,2026-01-07 04:47:33.126707+00:00,155.766,0.515,0.51,0.52,0.485,0.48,0.49,30.0,152.34,152.34,30.0,0.5,125.0,0.53,141.0,0.49,182.0,0.54,329.6,0.48,158.0,0.55,130.0,0.47,142.0,0.56,192.0,0.46,374.6,0.57,115.0,0.47,141.0,0.5,125.0,0.46,329.6,0.51,187.0,0.45,130.0,0.52,170.0,0.44,192.0,0.53,142.0,0.43,115.0,0.54,374.6
2026-01-07 04:47:36.762000+00:00,2026-01-07 04:47:34.147983+00:00,156.762,0.515,0.51,0.52,0.485,0.48,0.49,30.0,128.34,128.34,30.0,0.5,125.0,0.53,177.0,0.49,223.0,0.54,329.6,0.48,134.0,0.55,186.0,0.47,142.0,0.56,135.0,0.46,374.6,0.57,115.0,0.47,177.0,0.5,125.0,0.46,329.6,0.51,223.0,0.45,186.0,0.52,134.0,0.44,135.0,0.53,142.0,0.43,115.0,0.54,374.6
2026-01-07 04:47:37.425000+00:00,2026-01-07 04:47:35.170243+00:00,157.425,0.515,0.51,0.52,0.485,0.48,0.49,30.0,128.34,128.34,30.0,0.5,125.0,0.53,177.0,0.49,218.0,0.54,329.6,0.48,134.0,0.55,186.0,0.47,142.0,0.56,135.0,0.46,374.6,0.57,115.0,0.47,177.0,0.5,125.0,0.46,329.6,0.51,218.0,0.45,186.0,0.52,134.0,0.44,135.0,0.53,142.0,0.43,115.0,0.54,374.6
2026-01-07 04:47:38.484000+00:00,2026-01-07 04:47:36.175543+00:00,158.484,0.515,0.51,0.52,0.485,0.48,0.49,30.0,136.34,136.34,30.0,0.5,137.0,0.53,177.0,0.49,218.0,0.54,341.6,0.48,122.0,0.55,130.0,0.47,142.0,0.56,192.0,0.46,374.6,0.57,115.0,0.47,177.0,0.5,137.0,0.46,341.6,0.51,218.0,0.45,130.0,0.52,122.0,0.44,192.0,0.53,142.0,0.43,115.0,0.54,374.6
2026-01-07 04:47:39.713000+00:00,2026-01-07 04:47:37.195071+00:00,159.713,0.505,0.5,0.51,0.495,0.49,0.5,35.0,251.0,236.0,35.0,0.49,155.0,0.52,124.34,0.48,95.0,0.53,105.0,0.47,196.0,0.54,383.6,0.46,351.6,0.55,130.0,0.45,342.0,0.56,135.0,0.48,124.34,0.51,155.0,0.47,105.0,0.52,95.0,0.46,383.6,0.53,208.0,0.45,130.0,0.54,351.6,0.44,135.0,0.55,272.0
2026-01-07 04:47:40.644000+00:00,2026-01-07 04:47:38.200668+00:00,160.644,0.505,0.5,0.51,0.495,0.49,0.5,35.0,246.0,236.0,35.0,0.49,100.0,0.52,129.34,0.48,150.0,0.53,105.0,0.47,208.0,0.54,383.6,0.46,351.6,0.55,130.0,0.45,272.0,0.56,135.0,0.48,129.34,0.51,100.0,0.47,105.0,0.52,155.0,0.46,382.6,0.53,208.0,0.45,130.0,0.54,351.6,0.44,135.0,0.55,272.0
2026-01-07 04:47:41.678000+00:00,2026-01-07 04:47:39.221208+00:00,161.678,0.505,0.5,0.51,0.495,0.49,0.5,35.0,144.11,144.11,35.0,0.49,100.0,0.52,225.34,0.48,215.0,0.53,105.0,0.47,184.0,0.54,382.6,0.46,327.6,0.55,130.0,0.45,272.0,0.56,135.0,0.48,225.34,0.51,100.0,0.47,105.0,0.52,215.0,0.46,382.6,0.53,184.0,0.45,130.0,0.54,327.6,0.44,135.0,0.55,272.0
2026-01-07 04:47:42.750000+00:00,2026-01-07 04:47:40.233493+00:00,162.75,0.505,0.5,0.51,0.495,0.49,0.5,35.0,149.11,149.11,35.0,0.49,100.0,0.52,235.11,0.48,210.0,0.53,110.59,0.47,184.0,0.54,383.6,0.46,327.6,0.55,130.0,0.45,272.0,0.56,135.0,0.48,235.11,0.51,100.0,0.47,110.59,0.52,210.0,0.46,382.6,0.53,184.0,0.45,130.0,0.54,327.6,0.44,135.0,0.55,272.0
2026-01-07 04:47:43.785000+00:00,2026-01-07 04:47:41.237137+00:00,163.785,0.505,0.5,0.51,0.495,0.49,0.5,35.0,169.11,169.11,35.0,0.49,100.0,0.52,215.11,0.48,210.0,0.53,110.59,0.47,184.0,0.54,325.6,0.46,327.6,0.55,130.0,0.45,272.0,0.56,135.0,0.48,215.11,0.51,100.0,0.47,110.59,0.52,210.0,0.46,325.6,0.53,184.0,0.45,130.0,0.54,327.6,0.44,135.0,0.55,272.0
2026-01-07 04:47:44.925000+00:00,2026-01-07 04:47:42.258848+00:00,164.925,0.495,0.49,0.5,0.505,0.5,0.51,35.0,365.0,365.0,35.0,0.48,239.0,0.51,201.11,0.47,181.0,0.52,190.34,0.46,381.6,0.53,105.0,0.45,295.0,0.54,325.6,0.44,57.0,0.55,130.0,0.49,201.11,0.52,227.0,0.48,190.34,0.53,193.0,0.47,105.0,0.54,381.6,0.46,272.6,0.55,295.0,0.45,130.0,0.56,57.0
2026-01-07 04:47:45.858000+00:00,2026-01-07 04:47:43.263118+00:00,165.858,0.495,0.49,0.5,0.505,0.5,0.51,35.0,350.0,350.0,35.0,0.48,232.0,0.51,201.11,0.47,223.0,0.52,190.34,0.46,351.6,0.53,105.0,0.45,295.0,0.54,325.6,0.44,57.0,0.55,130.0,0.49,201.11,0.52,232.0,0.48,190.34,0.53,223.0,0.47,105.0,0.54,351.6,0.46,325.6,0.55,295.0,0.45,130.0,0.56,57.0
2026-01-07 04:47:46.927000+00:00,2026-01-07 04:47:44.270761+00:00,166.927,0.495,0.49,0.5,0.505,0.5,0.51,35.0,365.0,377.0,35.0,0.48,220.0,0.51,201.11,0.47,193.0,0.52,166.34,0.46,381.6,0.53,105.0,0.45,295.0,0.54,325.6,0.44,57.0,0.55,130.0,0.49,213.11,0.52,125.0,0.48,166.34,0.53,205.0,0.47,105.0,0.54,381.6,0.46,325.6,0.55,295.0,0.45,130.0,0.56,57.0
2026-01-07 04:47:47.922000+00:00,2026-01-07 04:47:45.291086+00:00,167.922,0.495,0.49,0.5,0.525,0.52,0.53,35.0,402.0,63.0,65.0,0.48,125.0,0.51,213.11,0.47,193.0,0.52,256.34,0.46,393.6,0.53,105.0,0.45,295.0,0.54,235.6,0.44,57.0,0.55,130.0,0.51,138.0,0.54,307.58,0.5,422.0,0.55,284.0,0.49,129.11,0.56,121.57,0.48,251.34,0.57,120.0,0.47,105.0,0.58,30.0
2026-01-07 04:47:48.954000+00:00,2026-01-07 04:47:46.297378+00:00,168.954,0.475,0.47,0.48,0.525,0.52,0.53,29.05,202.0,212.0,29.05,0.46,247.6,0.49,164.0,0.45,215.0,0.5,350.0,0.44,35.0,0.51,109.11,0.42,110.0,0.52,109.34,0.41,48.0,0.53,105.0,0.51,164.0,0.54,247.6,0.5,350.0,0.55,215.0,0.49,109.11,0.56,35.0,0.48,109.34,0.58,110.0,0.47,105.0,0.59,48.0
2026-01-07 04:47:49.980000+00:00,2026-01-07 04:47:47.308527+00:00,169.98,0.475,0.47,0.48,0.525,0.52,0.53,8.67,317.0,317.0,8.67,0.46,247.6,0.49,246.0,0.45,227.0,0.5,350.0,0.44,71.0,0.51,109.11,0.43,24.0,0.52,109.34,0.42,145.0,0.53,105.0,0.51,246.0,0.54,247.6,0.5,350.0,0.55,227.0,0.49,109.11,0.56,59.0,0.48,104.34,0.57,24.0,0.47,105.0,0.58,145.0
2026-01-07 04:47:50.929000+00:00,2026-01-07 04:47:48.312945+00:00,170.929,0.475,0.47,0.48,0.525,0.52,0.53,8.67,302.0,302.0,8.67,0.46,237.28,0.49,267.77,0.45,263.0,0.5,367.59,0.44,59.0,0.51,109.11,0.42,157.0,0.52,104.34,0.41,10.0,0.53,105.0,0.51,267.77,0.54,237.28,0.5,367.59,0.55,263.0,0.49,109.11,0.56,59.0,0.48,104.34,0.58,157.0,0.47,105.0,0.59,10.0
2026-01-07 04:47:51.817000+00:00,2026-01-07 04:47:49.321637+00:00,171.817,0.475,0.47,0.48,0.525,0.52,0.53,1.53,312.0,312.0,1.53,0.46,237.28,0.49,267.77,0.45,263.0,0.5,367.59,0.44,59.0,0.51,109.11,0.42,157.0,0.52,104.34,0.41,10.0,0.53,105.0,0.51,267.77,0.54,237.28,0.5,367.59,0.55,263.0,0.49,109.11,0.56,59.0,0.48,104.34,0.58,157.0,0.47,105.0,0.59,10.0
2026-01-07 04:47:52.907000+00:00,2026-01-07 04:47:50.339881+00:00,172.907,0.475,0.47,0.48,0.525,0.52,0.53,13.53,302.0,302.0,13.53,0.46,273.28,0.49,186.0,0.45,239.0,0.5,422.0,0.44,105.0,0.51,121.11,0.43,82.0,0.52,104.34,0.42,215.0,0.53,105.0,0.51,186.0,0.54,273.28,0.5,422.0,0.55,239.0,0.49,121.11,0.56,105.0,0.48,104.34,0.57,82.0,0.47,105.0,0.58,215.0
2026-01-07 04:47:53.975000+00:00,2026-01-07 04:47:51.350050+00:00,173.975,0.475,0.47,0.48,0.525,0.52,0.53,22.75,291.58,291.58,22.75,0.46,261.28,0.49,174.0,0.45,227.0,0.5,374.0,0.44,105.0,0.51,169.11,0.43,177.0,0.52,116.34,0.42,165.0,0.53,105.0,0.51,174.0,0.54,261.28,0.5,374.0,0.55,227.0,0.49,169.11,0.56,105.0,0.48,116.34,0.57,177.0,0.47,105.0,0.58,165.0
2026-01-07 04:47:54.991000+00:00,2026-01-07 04:47:52.357021+00:00,174.991,0.46499999999999997,0.46,0.47,0.535,0.53,0.54,270.28,250.0,250.0,270.28,0.45,215.0,0.48,156.58,0.44,205.0,0.49,115.0,0.43,145.0,0.5,350.0,0.42,150.0,0.51,160.11,0.41,170.0,0.52,104.34,0.52,156.58,0.55,215.0,0.51,115.0,0.56,205.0,0.5,350.0,0.57,145.0,0.49,160.11,0.58,150.0,0.48,104.34,0.59,170.0
2026-01-07 04:47:55.982000+00:00,2026-01-07 04:47:53.362725+00:00,175.982,0.46499999999999997,0.46,0.47,0.535,0.53,0.54,252.4,250.0,250.0,252.4,0.45,227.0,0.48,134.77,0.44,205.0,0.49,125.59,0.43,145.0,0.5,350.0,0.42,150.0,0.51,160.11,0.41,170.0,0.52,152.34,0.52,134.77,0.55,227.0,0.51,125.59,0.56,205.0,0.5,350.0,0.57,145.0,0.49,160.11,0.58,150.0,0.48,188.34,0.59,170.0
2026-01-07 04:47:56.994000+00:00,2026-01-07 04:47:54.385261+00:00,176.994,0.46499999999999997,0.46,0.47,0.535,0.53,0.54,252.4,250.0,250.0,252.4,0.45,227.0,0.48,218.77,0.44,229.0,0.49,137.59,0.43,193.0,0.5,115.0,0.42,150.0,0.51,114.11,0.41,224.0,0.52,156.34,0.52,218.77,0.55,227.0,0.51,137.59,0.56,229.0,0.5,115.0,0.57,193.0,0.49,165.11,0.58,150.0,0.48,104.34,0.59,182.0
2026-01-07 04:47:57.952000+00:00,2026-01-07 04:47:55.388988+00:00,177.952,0.46499999999999997,0.46,0.47,0.535,0.53,0.54,219.4,310.0,310.0,219.4,0.45,215.0,0.48,170.77,0.44,200.0,0.49,120.59,0.43,151.0,0.5,165.0,0.42,216.0,0.51,114.11,0.41,182.0,0.52,109.34,0.52,161.0,0.55,215.0,0.51,120.59,0.56,200.0,0.5,165.0,0.57,151.0,0.49,114.11,0.58,216.0,0.48,109.34,0.59,182.0
2026-01-07 04:47:59.897000+00:00,2026-01-07 04:47:57.400149+00:00,179.897,0.46499999999999997,0.46,0.47,0.535,0.53,0.54,207.31,343.0,343.0,186.93,0.45,215.0,0.48,185.0,0.44,109.0,0.49,115.0,0.43,102.0,0.5,115.0,0.42,224.0,0.51,114.11,0.41,122.0,0.52,119.34,0.52,185.0,0.55,215.0,0.51,115.0,0.56,109.0,0.5,115.0,0.57,102.0,0.49,114.11,0.58,224.0,0.48,119.34,0.59,122.0
2026-01-07 04:48:00.928000+00:00,2026-01-07 04:47:58.407805+00:00,180.928,0.46499999999999997,0.46,0.47,0.535,0.53,0.54,184.93,319.0,319.0,184.93,0.45,227.0,0.48,209.0,0.44,109.0,0.49,132.0,0.43,131.0,0.5,115.0,0.42,117.0,0.51,109.11,0.41,202.0,0.52,109.34,0.52,209.0,0.55,227.0,0.51,132.0,0.56,109.0,0.5,115.0,0.57,131.0,0.49,109.11,0.58,117.0,0.48,109.34,0.59,202.0
2026-01-07 04:48:02.071000+00:00,2026-01-07 04:47:59.413067+00:00,182.071,0.46499999999999997,0.46,0.47,0.535,0.53,0.54,184.93,414.0,414.0,184.93,0.45,215.0,0.48,125.0,0.44,15.0,0.49,120.0,0.43,20.0,0.5,115.0,0.42,36.0,0.51,109.11,0.41,39.0,0.52,109.34,0.52,125.0,0.55,215.0,0.51,120.0,0.56,15.0,0.5,115.0,0.57,20.0,0.49,109.11,0.58,36.0,0.48,109.34,0.59,39.0
2026-01-07 04:48:03.055000+00:00,2026-01-07 04:48:00.435244+00:00,183.055,0.46499999999999997,0.46,0.47,0.535,0.53,0.54,128.39,360.0,348.0,128.39,0.45,215.0,0.48,125.0,0.44,15.0,0.49,120.0,0.43,20.0,0.5,115.0,0.41,51.0,0.51,109.11,0.4,382.0,0.52,109.34,0.52,137.0,0.55,215.0,0.51,120.0,0.56,27.0,0.5,115.0,0.57,44.0,0.49,109.11,0.59,51.0,0.48,109.34,0.6,382.0
2026-01-07 04:48:04.094000+00:00,2026-01-07 04:48:01.441907+00:00,184.094,0.455,0.45,0.46,0.545,0.54,0.55,210.91,116.21,116.21,225.91,0.44,39.0,0.47,271.0,0.43,56.0,0.48,189.77,0.42,12.0,0.49,125.59,0.41,15.0,0.5,115.0,0.4,382.0,0.51,109.11,0.53,271.0,0.56,39.0,0.52,189.77,0.57,56.0,0.51,125.59,0.58,12.0,0.5,115.0,0.59,27.0,0.49,109.11,0.6,382.0
2026-01-07 04:48:05.726000+00:00,2026-01-07 04:48:03.468865+00:00,185.726,0.455,0.45,0.46,0.545,0.54,0.55,208.72,286.21,286.21,208.72,0.44,39.0,0.47,169.2,0.43,73.0,0.48,213.77,0.42,82.0,0.49,125.59,0.41,97.0,0.5,115.0,0.4,440.0,0.51,109.11,0.53,169.2,0.56,39.0,0.52,201.77,0.57,49.0,0.51,125.59,0.58,106.0,0.5,115.0,0.59,85.0,0.49,109.11,0.6,452.0
2026-01-07 04:48:07.110000+00:00,2026-01-07 04:48:04.474882+00:00,187.11,0.455,0.45,0.46,0.545,0.54,0.55,124.34,301.47,301.47,124.34,0.44,27.0,0.47,209.2,0.43,32.0,0.48,146.77,0.42,106.0,0.49,125.59,0.41,97.0,0.5,115.0,0.4,547.0,0.51,109.11,0.53,221.2,0.56,27.0,0.52,146.77,0.57,44.0,0.51,125.59,0.58,106.0,0.5,115.0,0.59,97.0,0.49,109.11,0.6,547.0
2026-01-07 04:48:08.030000+00:00,2026-01-07 04:48:05.499725+00:00,188.03,0.455,0.45,0.46,0.545,0.54,0.55,124.34,291.47,291.47,22.52,0.44,27.0,0.47,226.2,0.43,44.0,0.48,137.0,0.42,106.0,0.49,115.0,0.41,97.0,0.5,115.0,0.4,517.0,0.51,109.11,0.53,226.2,0.56,27.0,0.52,137.0,0.57,44.0,0.51,115.0,0.58,106.0,0.5,115.0,0.59,97.0,0.49,109.11,0.6,517.0
2026-01-07 04:48:09.172000+00:00,2026-01-07 04:48:06.521219+00:00,189.172,0.445,0.44,0.45,0.555,0.55,0.56,15.0,229.0,229.0,15.0,0.43,26.0,0.46,292.47,0.42,94.0,0.47,132.2,0.41,133.0,0.48,125.0,0.4,452.0,0.49,115.0,0.39,227.0,0.5,115.0,0.54,292.47,0.57,26.0,0.53,137.2,0.58,94.0,0.52,125.0,0.59,133.0,0.51,115.0,0.6,452.0,0.5,115.0,0.61,227.0
2026-01-07 04:48:10.184000+00:00,2026-01-07 04:48:07.544470+00:00,190.184,0.435,0.43,0.44,0.565,0.56,0.57,18.59,182.0,177.0,18.59,0.41,136.0,0.45,252.0,0.4,496.0,0.46,137.47,0.39,227.0,0.47,137.2,0.38,152.0,0.48,115.0,0.37,195.0,0.49,115.0,0.55,252.0,0.59,136.0,0.54,137.47,0.6,496.0,0.53,137.2,0.61,227.0,0.52,115.0,0.62,152.0,0.51,115.0,0.63,195.0
2026-01-07 04:48:11.180000+00:00,2026-01-07 04:48:08.554039+00:00,191.18,0.435,0.43,0.44,0.565,0.56,0.57,18.59,222.0,302.0,18.59,0.41,136.0,0.45,282.0,0.4,476.0,0.46,137.47,0.39,227.0,0.47,127.2,0.38,152.0,0.48,115.0,0.37,195.0,0.49,115.0,0.55,202.0,0.59,136.0,0.54,137.47,0.6,491.0,0.53,127.2,0.61,227.0,0.52,115.0,0.62,152.0,0.51,115.0,0.63,195.0
2026-01-07 04:48:12.222000+00:00,2026-01-07 04:48:09.575674+00:00,192.222,0.42,0.41,0.43,0.585,0.58,0.59,121.0,45.0,80.0,151.0,0.4,591.0,0.44,222.0,0.39,177.0,0.45,242.0,0.38,167.0,0.46,117.47,0.37,195.0,0.47,127.2,0.36,105.0,0.48,115.0,0.57,55.0,0.6,591.0,0.56,230.0,0.61,192.0,0.55,242.0,0.62,152.0,0.54,117.47,0.63,195.0,0.53,127.2,0.64,105.0
2026-01-07 04:48:13.239000+00:00,2026-01-07 04:48:10.583432+00:00,193.239,0.455,0.45,0.46,0.545,0.54,0.55,46.0,37.53,37.53,46.0,0.44,174.0,0.47,147.2,0.43,79.0,0.48,129.0,0.42,110.0,0.49,69.0,0.41,162.0,0.5,167.0,0.4,610.0,0.51,115.0,0.53,147.2,0.56,174.0,0.52,129.0,0.57,79.0,0.51,69.0,0.58,110.0,0.5,167.0,0.59,162.0,0.49,195.0,0.6,610.0
2026-01-07 04:48:14.177000+00:00,2026-01-07 04:48:11.591469+00:00,194.177,0.445,0.44,0.45,0.555,0.55,0.56,43.0,45.0,45.0,8.0,0.43,161.0,0.46,49.53,0.42,122.0,0.47,219.2,0.41,174.0,0.48,141.0,0.4,610.0,0.49,45.0,0.39,183.0,0.5,95.0,0.54,61.53,0.57,174.0,0.53,207.2,0.58,87.0,0.52,129.0,0.59,139.0,0.51,45.0,0.6,610.0,0.5,95.0,0.61,183.0
2026-01-07 04:48:15.109000+00:00,2026-01-07 04:48:12.602473+00:00,195.109,0.44,0.43,0.45,0.56,0.55,0.57,160.0,45.0,69.0,160.0,0.42,121.0,0.46,146.53,0.41,186.0,0.47,169.2,0.4,622.0,0.48,129.0,0.39,218.0,0.49,45.0,0.38,105.0,0.5,100.0,0.54,122.53,0.58,121.0,0.53,169.2,0.59,186.0,0.52,129.0,0.6,622.0,0.51,45.0,0.61,218.0,0.5,100.0,0.62,105.0
2026-01-07 04:48:16.142000+00:00,2026-01-07 04:48:13.608318+00:00,196.142,0.445,0.44,0.45,0.555,0.55,0.56,160.0,80.0,80.0,160.0,0.43,116.0,0.46,156.53,0.42,126.0,0.47,299.2,0.41,162.0,0.48,199.0,0.4,622.0,0.49,115.0,0.39,206.0,0.5,170.0,0.54,144.53,0.57,116.0,0.53,299.2,0.58,126.0,0.52,199.0,0.59,162.0,0.51,115.0,0.6,622.0,0.5,165.0,0.61,206.0
2026-01-07 04:48:17.957000+00:00,2026-01-07 04:48:15.621259+00:00,197.957,0.445,0.44,0.45,0.555,0.55,0.56,155.0,100.0,100.0,155.0,0.43,80.0,0.46,202.3,0.42,114.0,0.47,244.79,0.41,186.0,0.48,199.0,0.4,622.0,0.49,164.0,0.39,177.0,0.5,115.0,0.54,226.3,0.57,80.0,0.53,244.79,0.58,126.0,0.52,199.0,0.59,186.0,0.51,164.0,0.6,622.0,0.5,115.0,0.61,177.0
2026-01-07 04:48:19.186000+00:00,2026-01-07 04:48:16.627007+00:00,199.186,0.445,0.44,0.45,0.555,0.55,0.56,155.0,100.0,20.0,155.0,0.43,80.0,0.46,226.3,0.42,126.0,0.47,244.79,0.41,186.0,0.48,199.0,0.4,622.0,0.49,115.0,0.39,218.0,0.5,165.0,0.54,216.53,0.57,80.0,0.53,239.2,0.58,126.0,0.52,199.0,0.59,186.0,0.51,115.0,0.6,622.0,0.5,165.0,0.61,218.0
2026-01-07 04:48:20.231000+00:00,2026-01-07 04:48:17.653313+00:00,200.231,0.46499999999999997,0.46,0.47,0.535,0.53,0.54,20.0,107.2,107.2,20.0,0.45,150.0,0.48,254.0,0.44,55.0,0.49,174.0,0.43,294.0,0.5,115.0,0.42,186.0,0.51,120.0,0.41,174.0,0.52,104.34,0.52,254.0,0.55,150.0,0.51,254.0,0.56,55.0,0.5,115.0,0.57,294.0,0.49,120.0,0.58,186.0,0.48,104.34,0.59,174.0
2026-01-07 04:48:21.064000+00:00,2026-01-07 04:48:18.660920+00:00,201.064,0.46499999999999997,0.46,0.47,0.535,0.53,0.54,1000.0,42.75,42.75,1000.0,0.45,174.0,0.48,302.0,0.44,91.0,0.49,302.0,0.43,294.0,0.5,115.0,0.42,150.0,0.51,120.0,0.41,162.0,0.52,104.34,0.52,302.0,0.55,174.0,0.51,302.0,0.56,91.0,0.5,115.0,0.57,294.0,0.49,120.0,0.58,150.0,0.48,104.34,0.59,162.0
2026-01-07 04:48:22.251000+00:00,2026-01-07 04:48:19.685661+00:00,202.251,0.46499999999999997,0.46,0.47,0.535,0.53,0.54,1000.0,164.75,254.75,1000.0,0.45,40.0,0.48,314.0,0.44,10.0,0.49,205.0,0.43,256.0,0.5,115.0,0.42,204.0,0.51,115.0,0.41,174.0,0.52,89.34,0.52,224.0,0.55,40.0,0.51,205.0,0.56,10.0,0.5,115.0,0.57,256.0,0.49,115.0,0.58,204.0,0.48,89.34,0.59,174.0
2026-01-07 04:48:23.340000+00:00,2026-01-07 04:48:20.690939+00:00,203.34,0.46499999999999997,0.46,0.47,0.535,0.53,0.54,1009.44,136.47,136.47,1021.44,0.45,35.0,0.48,164.0,0.44,125.0,0.49,137.0,0.43,180.0,0.5,165.0,0.42,150.0,0.51,115.0,0.41,150.0,0.52,94.34,0.52,176.0,0.55,59.0,0.51,185.0,0.56,149.0,0.5,189.0,0.57,204.0,0.49,115.0,0.58,150.0,0.48,94.34,0.59,162.0
2026-01-07 04:48:24.321000+00:00,2026-01-07 04:48:21.697126+00:00,204.321,0.46499999999999997,0.46,0.47,0.535,0.53,0.54,1012.44,206.47,206.47,1000.44,0.45,59.0,0.48,255.77,0.44,149.0,0.49,244.59,0.43,204.0,0.5,139.0,0.42,150.0,0.51,115.0,0.41,162.0,0.52,89.34,0.52,255.77,0.55,59.0,0.51,244.59,0.56,149.0,0.5,127.0,0.57,204.0,0.49,115.0,0.58,150.0,0.48,89.34,0.59,162.0
2026-01-07 04:48:25.285000+00:00,2026-01-07 04:48:22.705288+00:00,205.285,0.46499999999999997,0.46,0.47,0.535,0.53,0.54,1000.44,226.47,226.47,1000.44,0.45,59.0,0.48,282.0,0.44,161.0,0.49,222.0,0.43,204.0,0.5,115.0,0.42,150.0,0.51,115.0,0.41,162.0,0.52,94.34,0.52,282.0,0.55,59.0,0.51,222.0,0.56,161.0,0.5,115.0,0.57,204.0,0.49,115.0,0.58,150.0,0.48,94.34,0.59,162.0
2026-01-07 04:48:26.348000+00:00,2026-01-07 04:48:23.714162+00:00,206.348,0.46499999999999997,0.46,0.47,0.535,0.53,0.54,994.44,263.56,257.68,994.44,0.45,35.0,0.48,366.0,0.44,161.0,0.49,137.0,0.43,186.0,0.5,115.0,0.42,192.0,0.51,115.0,0.41,162.0,0.52,94.34,0.52,366.0,0.55,35.0,0.51,137.0,0.56,161.0,0.5,115.0,0.57,186.0,0.49,115.0,0.58,192.0,0.48,94.34,0.59,252.0
2026-01-07 04:48:27.269000+00:00,2026-01-07 04:48:24.720574+00:00,207.269,0.46499999999999997,0.46,0.47,0.535,0.53,0.54,988.88,241.68,241.68,988.88,0.45,35.0,0.48,294.0,0.44,161.0,0.49,186.0,0.43,174.0,0.5,115.0,0.42,204.0,0.51,115.0,0.41,252.0,0.52,99.34,0.52,294.0,0.55,35.0,0.51,186.0,0.56,161.0,0.5,115.0,0.57,174.0,0.49,115.0,0.58,204.0,0.48,99.34,0.59,252.0
2026-01-07 04:48:28.239000+00:00,2026-01-07 04:48:25.725644+00:00,208.239,0.46499999999999997,0.46,0.47,0.535,0.53,0.54,988.88,237.42,213.42,988.88,0.45,35.0,0.48,342.0,0.44,161.0,0.49,137.0,0.43,174.0,0.5,115.0,0.42,204.0,0.51,115.0,0.41,252.0,0.52,104.34,0.52,342.0,0.55,35.0,0.51,137.0,0.56,161.0,0.5,115.0,0.57,174.0,0.49,115.0,0.58,192.0,0.48,104.34,0.59,252.0
2026-01-07 04:48:29.414000+00:00,2026-01-07 04:48:26.748428+00:00,209.414,0.46499999999999997,0.46,0.47,0.535,0.53,0.54,988.88,228.42,228.42,988.88,0.45,35.0,0.48,318.0,0.44,161.0,0.49,186.0,0.43,186.0,0.5,115.0,0.42,192.0,0.51,115.0,0.41,252.0,0.52,114.34,0.52,318.0,0.55,35.0,0.51,186.0,0.56,46.0,0.5,115.0,0.57,244.0,0.49,115.0,0.58,192.0,0.48,114.34,0.59,252.0
2026-01-07 04:48:30.131000+00:00,2026-01-07 04:48:27.755665+00:00,210.131,0.46499999999999997,0.46,0.47,0.535,0.53,0.54,988.88,248.42,248.42,988.88,0.45,47.0,0.48,293.0,0.44,66.0,0.49,176.0,0.43,129.0,0.5,120.0,0.42,132.0,0.51,115.0,0.41,207.0,0.52,109.34,0.52,293.0,0.55,47.0,0.51,176.0,0.56,66.0,0.5,120.0,0.57,129.0,0.49,115.0,0.58,132.0,0.48,109.34,0.59,207.0
2026-01-07 04:48:31.392000+00:00,2026-01-07 04:48:28.777215+00:00,211.392,0.46499999999999997,0.46,0.47,0.535,0.53,0.54,988.88,304.42,304.42,988.88,0.45,35.0,0.48,257.0,0.44,66.0,0.49,176.0,0.43,117.0,0.5,120.0,0.42,156.0,0.51,115.0,0.41,207.0,0.52,99.34,0.52,257.0,0.55,35.0,0.51,176.0,0.56,66.0,0.5,120.0,0.57,117.0,0.49,115.0,0.58,156.0,0.48,99.34,0.59,207.0
2026-01-07 04:48:32.386000+00:00,2026-01-07 04:48:29.785065+00:00,212.386,0.46499999999999997,0.46,0.47,0.535,0.53,0.54,978.88,294.42,292.23,978.88,0.45,35.0,0.48,305.0,0.44,66.0,0.49,127.0,0.43,117.0,0.5,115.0,0.42,156.0,0.51,115.0,0.41,207.0,0.52,89.34,0.52,305.0,0.55,35.0,0.51,127.0,0.56,66.0,0.5,115.0,0.57,117.0,0.49,115.0,0.58,156.0,0.48,89.34,0.59,207.0
2026-01-07 04:48:33.464000+00:00,2026-01-07 04:48:30.805395+00:00,213.464,0.46499999999999997,0.46,0.47,0.535,0.53,0.54,978.88,246.23,246.23,1002.88,0.45,12.0,0.48,266.77,0.44,91.0,0.49,216.59,0.43,92.0,0.5,115.0,0.42,132.0,0.51,115.0,0.41,290.0,0.52,89.34,0.52,266.77,0.55,36.0,0.51,144.59,0.56,79.0,0.5,187.0,0.57,92.0,0.49,115.0,0.58,120.0,0.48,89.34,0.59,290.0
2026-01-07 04:48:34.463000+00:00,2026-01-07 04:48:31.811844+00:00,214.463,0.46499999999999997,0.46,0.47,0.535,0.53,0.54,1054.88,139.04,29.04,1034.5,0.45,24.0,0.48,208.77,0.44,12.0,0.49,120.59,0.43,184.98,0.5,115.0,0.42,145.0,0.51,262.0,0.41,240.0,0.52,89.34,0.52,243.77,0.55,59.0,0.51,130.59,0.56,137.0,0.5,165.0,0.57,150.0,0.49,211.0,0.58,180.0,0.48,89.34,0.59,240.0
2026-01-07 04:48:35.900000+00:00,2026-01-07 04:48:33.824357+00:00,215.9,0.46499999999999997,0.46,0.47,0.535,0.53,0.54,994.5,9.04,9.04,994.5,0.45,59.0,0.48,314.0,0.44,182.0,0.49,125.0,0.43,232.0,0.5,229.0,0.42,150.0,0.51,238.0,0.41,180.0,0.52,94.34,0.52,314.0,0.55,59.0,0.51,125.0,0.56,182.0,0.5,229.0,0.57,232.0,0.49,238.0,0.58,150.0,0.48,94.34,0.59,180.0
2026-01-07 04:48:37.412000+00:00,2026-01-07 04:48:34.833323+00:00,217.412,0.46499999999999997,0.46,0.47,0.535,0.53,0.54,958.5,95.04,95.04,958.5,0.45,47.0,0.48,309.0,0.44,194.0,0.49,161.0,0.43,161.0,0.5,205.0,0.42,212.0,0.51,166.0,0.41,192.0,0.52,94.34,0.52,294.0,0.55,47.0,0.51,161.0,0.56,194.0,0.5,205.0,0.57,161.0,0.49,166.0,0.58,212.0,0.48,94.34,0.59,192.0
2026-01-07 04:48:38.482000+00:00,2026-01-07 04:48:35.855386+00:00,218.482,0.46499999999999997,0.46,0.47,0.535,0.53,0.54,958.5,72.64,72.64,958.5,0.45,47.0,0.48,294.0,0.44,194.0,0.49,161.0,0.43,161.0,0.5,205.0,0.42,212.0,0.51,166.0,0.41,192.0,0.52,94.34,0.52,294.0,0.55,47.0,0.51,161.0,0.56,194.0,0.5,205.0,0.57,161.0,0.49,166.0,0.58,212.0,0.48,94.34,0.59,192.0
2026-01-07 04:48:39.405000+00:00,2026-01-07 04:48:36.860671+00:00,219.405,0.46499999999999997,0.46,0.47,0.535,0.53,0.54,958.5,105.29,125.29,958.5,0.45,71.0,0.48,269.0,0.44,194.0,0.49,151.0,0.43,137.0,0.5,205.0,0.42,224.0,0.51,166.0,0.41,180.0,0.52,89.34,0.52,269.0,0.55,71.0,0.51,151.0,0.56,194.0,0.5,205.0,0.57,137.0,0.49,166.0,0.58,224.0,0.48,89.34,0.59,180.0
2026-01-07 04:48:40.535000+00:00,2026-01-07 04:48:37.864369+00:00,220.535,0.46499999999999997,0.46,0.47,0.535,0.53,0.54,958.5,230.29,230.29,958.5,0.45,41.69,0.48,245.0,0.44,80.0,0.49,164.0,0.43,149.0,0.5,205.0,0.42,141.0,0.51,115.0,0.41,215.0,0.52,89.34,0.52,335.0,0.55,41.69,0.51,164.0,0.56,92.0,0.5,115.0,0.57,239.0,0.49,115.0,0.58,141.0,0.48,89.34,0.59,227.0
2026-01-07 04:48:41.550000+00:00,2026-01-07 04:48:38.889991+00:00,221.55,0.46499999999999997,0.46,0.47,0.535,0.53,0.54,958.5,187.29,175.29,958.5,0.45,6.69,0.48,347.0,0.44,35.0,0.49,115.0,0.43,120.0,0.5,115.0,0.42,71.0,0.51,115.0,0.41,144.0,0.52,89.34,0.52,263.0,0.55,6.69,0.51,100.0,0.56,35.0,0.5,100.0,0.57,30.0,0.49,100.0,0.58,35.0,0.48,89.34,0.59,144.0
2026-01-07 04:48:42.498000+00:00,2026-01-07 04:48:39.894489+00:00,222.498,0.46499999999999997,0.46,0.47,0.535,0.53,0.54,800.4,294.29,318.29,800.4,0.45,40.69,0.48,125.0,0.44,15.0,0.49,100.0,0.43,35.0,0.5,100.0,0.42,86.0,0.51,100.0,0.41,61.0,0.52,94.34,0.52,125.0,0.55,40.69,0.51,100.0,0.56,15.0,0.5,100.0,0.57,35.0,0.49,100.0,0.58,86.0,0.48,94.34,0.59,61.0
2026-01-07 04:48:43.561000+00:00,2026-01-07 04:48:40.898295+00:00,223.561,0.46499999999999997,0.46,0.47,0.535,0.53,0.54,800.4,372.29,372.29,800.4,0.45,40.69,0.48,125.0,0.44,15.0,0.49,100.0,0.43,35.0,0.5,100.0,0.42,15.0,0.51,100.0,0.41,15.0,0.52,89.34,0.52,134.77,0.55,40.69,0.51,105.59,0.56,15.0,0.5,100.0,0.57,35.0,0.49,100.0,0.58,15.0,0.48,89.34,0.59,15.0
2026-01-07 04:48:44.503000+00:00,2026-01-07 04:48:41.917033+00:00,224.503,0.46499999999999997,0.46,0.47,0.535,0.53,0.54,770.21,227.29,242.29,770.21,0.45,40.69,0.48,124.77,0.44,15.0,0.49,105.59,0.43,35.0,0.5,115.0,0.42,15.0,0.51,100.0,0.41,27.0,0.52,89.34,0.52,124.77,0.55,40.69,0.51,105.59,0.56,15.0,0.5,115.0,0.57,35.0,0.49,100.0,0.58,15.0,0.48,89.34,0.59,27.0
2026-01-07 04:48:45.555000+00:00,2026-01-07 04:48:42.905399+00:00,225.555,0.46499999999999997,0.46,0.47,0.535,0.53,0.54,749.37,227.29,242.29,749.37,0.45,40.69,0.48,124.77,0.44,15.0,0.49,105.59,0.43,35.0,0.5,115.0,0.42,15.0,0.51,100.0,0.41,39.0,0.52,89.34,0.52,124.77,0.55,40.69,0.51,105.59,0.56,15.0,0.5,115.0,0.57,35.0,0.49,100.0,0.58,15.0,0.48,89.34,0.59,51.0
2026-01-07 04:48:46.556000+00:00,2026-01-07 04:48:43.913442+00:00,226.556,0.46499999999999997,0.46,0.47,0.535,0.53,0.54,708.22,242.29,242.29,671.22,0.45,40.69,0.48,115.0,0.44,15.0,0.49,115.0,0.43,35.0,0.5,100.0,0.42,15.0,0.51,100.0,0.41,51.0,0.52,89.34,0.52,115.0,0.55,40.69,0.51,115.0,0.56,15.0,0.5,100.0,0.57,105.0,0.49,100.0,0.58,85.0,0.48,94.34,0.59,121.0
2026-01-07 04:48:47.491000+00:00,2026-01-07 04:48:44.933900+00:00,227.491,0.46499999999999997,0.46,0.47,0.535,0.53,0.54,665.22,239.29,239.29,665.22,0.45,40.69,0.48,115.0,0.44,15.0,0.49,115.0,0.43,105.0,0.5,100.0,0.42,121.0,0.51,100.0,0.41,121.0,0.52,94.34,0.52,115.0,0.55,40.69,0.51,115.0,0.56,15.0,0.5,100.0,0.57,105.0,0.49,100.0,0.58,121.0,0.48,94.34,0.59,121.0
2026-01-07 04:48:48.552000+00:00,2026-01-07 04:48:45.940959+00:00,228.552,0.46499999999999997,0.46,0.47,0.535,0.53,0.54,665.22,275.29,287.29,665.22,0.45,40.69,0.48,115.0,0.44,15.0,0.49,115.0,0.43,129.0,0.5,100.0,0.42,109.0,0.51,100.0,0.41,109.0,0.52,89.34,0.52,115.0,0.55,40.69,0.51,115.0,0.56,15.0,0.5,100.0,0.57,129.0,0.49,100.0,0.58,109.0,0.48,89.34,0.59,109.0
2026-01-07 04:48:49.501000+00:00,2026-01-07 04:48:46.946102+00:00,229.501,0.46499999999999997,0.46,0.47,0.535,0.53,0.54,655.47,227.29,180.29,655.47,0.45,64.69,0.48,190.0,0.44,39.0,0.49,136.0,0.43,141.0,0.5,100.0,0.42,85.0,0.51,100.0,0.41,97.0,0.52,89.34,0.52,190.0,0.55,64.69,0.51,136.0,0.56,39.0,0.5,100.0,0.57,141.0,0.49,100.0,0.58,85.0,0.48,89.34,0.59,97.0
2026-01-07 04:48:50.515000+00:00,2026-01-07 04:48:47.952404+00:00,230.515,0.46499999999999997,0.46,0.47,0.535,0.53,0.54,640.12,232.29,232.29,640.12,0.45,76.69,0.48,154.0,0.44,27.0,0.49,160.0,0.43,141.0,0.5,112.0,0.42,97.0,0.51,100.0,0.41,85.0,0.52,89.34,0.52,154.0,0.55,76.69,0.51,160.0,0.56,27.0,0.5,112.0,0.57,141.0,0.49,100.0,0.58,97.0,0.48,89.34,0.59,85.0
2026-01-07 04:48:51.465000+00:00,2026-01-07 04:48:48.956671+00:00,231.465,0.46499999999999997,0.46,0.47,0.535,0.53,0.54,603.08,247.29,247.29,603.08,0.45,76.69,0.48,154.0,0.44,27.0,0.49,160.0,0.43,141.0,0.5,112.0,0.42,97.0,0.51,100.0,0.41,85.0,0.52,94.34,0.52,154.0,0.55,76.69,0.51,160.0,0.56,27.0,0.5,112.0,0.57,141.0,0.49,100.0,0.58,97.0,0.48,94.34,0.59,85.0
2026-01-07 04:48:52.571000+00:00,2026-01-07 04:48:49.962598+00:00,232.571,0.46499999999999997,0.46,0.47,0.535,0.53,0.54,571.81,242.29,242.29,571.81,0.45,76.69,0.48,163.77,0.44,27.0,0.49,165.59,0.43,141.0,0.5,112.0,0.42,97.0,0.51,100.0,0.41,85.0,0.52,94.34,0.52,163.77,0.55,76.69,0.51,165.59,0.56,27.0,0.5,112.0,0.57,141.0,0.49,100.0,0.58,97.0,0.48,94.34,0.59,85.0
2026-01-07 04:48:53.624000+00:00,2026-01-07 04:48:50.972436+00:00,233.624,0.46499999999999997,0.46,0.47,0.535,0.53,0.54,561.93,257.29,257.29,529.43,0.45,40.69,0.48,223.77,0.44,51.0,0.49,117.59,0.43,141.0,0.5,100.0,0.42,97.0,0.51,100.0,0.41,97.0,0.52,89.34,0.52,223.77,0.55,40.69,0.51,117.59,0.56,51.0,0.5,100.0,0.57,141.0,0.49,100.0,0.58,97.0,0.48,89.34,0.59,97.0
2026-01-07 04:48:54.456000+00:00,2026-01-07 04:48:51.978411+00:00,234.456,0.46499999999999997,0.46,0.47,0.535,0.53,0.54,510.23,272.29,272.29,510.23,0.45,52.69,0.48,196.77,0.44,39.0,0.49,129.59,0.43,141.0,0.5,100.0,0.42,97.0,0.51,100.0,0.41,97.0,0.52,89.34,0.52,187.0,0.55,52.69,0.51,129.59,0.56,39.0,0.5,100.0,0.57,141.0,0.49,100.0,0.58,97.0,0.48,89.34,0.59,97.0
2026-01-07 04:48:55.532000+00:00,2026-01-07 04:48:52.997795+00:00,235.532,0.46499999999999997,0.46,0.47,0.535,0.53,0.54,500.48,272.29,272.29,500.48,0.45,52.69,0.48,175.0,0.44,39.0,0.49,136.0,0.43,141.0,0.5,100.0,0.42,97.0,0.51,100.0,0.41,97.0,0.52,89.34,0.52,175.0,0.55,52.69,0.51,136.0,0.56,39.0,0.5,100.0,0.57,141.0,0.49,100.0,0.58,97.0,0.48,89.34,0.59,97.0
2026-01-07 04:48:56.492000+00:00,2026-01-07 04:48:54.002928+00:00,236.492,0.46499999999999997,0.46,0.47,0.535,0.53,0.54,490.6,247.29,247.29,490.6,0.45,64.69,0.48,163.0,0.44,51.0,0.49,148.0,0.43,117.0,0.5,100.0,0.42,109.0,0.51,100.0,0.41,85.0,0.52,94.34,0.52,151.0,0.55,64.69,0.51,160.0,0.56,51.0,0.5,100.0,0.57,117.0,0.49,100.0,0.58,109.0,0.48,94.34,0.59,85.0
2026-01-07 04:48:57.602000+00:00,2026-01-07 04:48:55.010123+00:00,237.602,0.46499999999999997,0.46,0.47,0.535,0.53,0.54,380.72,247.29,247.29,380.72,0.45,64.69,0.48,151.0,0.44,51.0,0.49,160.0,0.43,117.0,0.5,100.0,0.42,109.0,0.51,100.0,0.41,85.0,0.52,89.34,0.52,151.0,0.55,64.69,0.51,160.0,0.56,51.0,0.5,100.0,0.57,117.0,0.49,100.0,0.58,109.0,0.48,89.34,0.59,85.0
2026-01-07 04:48:58.689000+00:00,2026-01-07 04:48:56.018175+00:00,238.689,0.46499999999999997,0.46,0.47,0.535,0.53,0.54,429.72,232.29,247.29,429.72,0.45,64.69,0.48,115.0,0.44,27.0,0.49,100.0,0.43,105.0,0.5,100.0,0.42,85.0,0.51,184.0,0.41,85.0,0.52,101.34,0.52,115.0,0.55,64.69,0.51,100.0,0.56,27.0,0.5,100.0,0.57,105.0,0.49,184.0,0.58,85.0,0.48,101.34,0.59,85.0
2026-01-07 04:48:59.691000+00:00,2026-01-07 04:48:57.040290+00:00,239.691,0.475,0.47,0.48,0.525,0.52,0.53,94.0,110.73,110.73,114.0,0.46,456.58,0.49,79.0,0.45,88.69,0.5,45.0,0.44,70.0,0.51,30.0,0.43,125.0,0.52,19.34,0.42,80.0,0.53,219.0,0.51,105.0,0.54,416.58,0.5,45.0,0.55,88.69,0.49,30.0,0.56,70.0,0.48,19.34,0.57,125.0,0.47,219.0,0.58,80.0
2026-01-07 04:49:00.692000+00:00,2026-01-07 04:48:58.044303+00:00,240.692,0.46499999999999997,0.46,0.47,0.535,0.53,0.54,334.58,52.0,52.0,334.58,0.45,18.69,0.48,129.73,0.44,24.0,0.49,68.0,0.43,56.0,0.5,60.0,0.42,47.0,0.51,45.0,0.41,107.0,0.52,39.34,0.52,129.73,0.55,18.69,0.51,68.0,0.56,24.0,0.5,45.0,0.57,56.0,0.49,45.0,0.58,47.0,0.48,39.34,0.59,107.0
2026-01-07 04:49:01.693000+00:00,2026-01-07 04:48:59.048658+00:00,241.693,0.46499999999999997,0.46,0.47,0.535,0.53,0.54,334.58,47.0,47.0,334.58,0.45,18.69,0.48,93.73,0.44,24.0,0.49,104.0,0.43,56.0,0.5,60.0,0.42,47.0,0.51,45.0,0.41,107.0,0.52,119.34,0.52,93.73,0.55,18.69,0.51,104.0,0.56,24.0,0.5,60.0,0.57,56.0,0.49,45.0,0.58,47.0,0.48,119.34,0.59,107.0
2026-01-07 04:49:02.702000+00:00,2026-01-07 04:49:00.053754+00:00,242.702,0.46499999999999997,0.46,0.47,0.535,0.53,0.54,334.58,117.0,117.0,327.38,0.45,42.69,0.48,163.73,0.44,24.0,0.49,189.0,0.43,32.0,0.5,115.0,0.42,59.0,0.51,115.0,0.41,95.0,0.52,109.34,0.52,163.73,0.55,42.69,0.51,189.0,0.56,24.0,0.5,115.0,0.57,32.0,0.49,115.0,0.58,59.0,0.48,109.34,0.59,95.0
2026-01-07 04:49:03.751000+00:00,2026-01-07 04:49:01.073495+00:00,243.751,0.46499999999999997,0.46,0.47,0.535,0.53,0.54,327.38,70.0,132.0,327.38,0.45,42.69,0.48,163.73,0.44,24.0,0.49,189.0,0.43,102.0,0.5,115.0,0.42,129.0,0.51,115.0,0.41,95.0,0.52,104.34,0.52,163.73,0.55,42.69,0.51,189.0,0.56,24.0,0.5,115.0,0.57,102.0,0.49,115.0,0.58,129.0,0.48,104.34,0.59,95.0
2026-01-07 04:49:04.708000+00:00,2026-01-07 04:49:02.081653+00:00,244.708,0.46499999999999997,0.46,0.47,0.535,0.53,0.54,327.38,284.0,259.0,327.38,0.45,6.69,0.48,125.5,0.43,32.0,0.49,131.59,0.42,24.0,0.5,115.0,0.41,63.0,0.51,115.0,0.4,410.0,0.52,104.34,0.52,125.5,0.55,6.69,0.51,131.59,0.57,32.0,0.5,115.0,0.58,24.0,0.49,115.0,0.59,51.0,0.48,104.34,0.6,422.0
2026-01-07 04:49:05.701000+00:00,2026-01-07 04:49:03.101258+00:00,245.701,0.46499999999999997,0.46,0.47,0.535,0.53,0.54,305.99,152.0,152.0,305.99,0.45,6.69,0.48,212.5,0.44,36.0,0.49,155.59,0.43,56.0,0.5,115.0,0.42,12.0,0.51,115.0,0.41,32.0,0.52,104.34,0.52,212.5,0.55,6.69,0.51,155.59,0.56,36.0,0.5,115.0,0.57,56.0,0.49,115.0,0.58,12.0,0.48,104.34,0.59,32.0
2026-01-07 04:49:06.653000+00:00,2026-01-07 04:49:04.107630+00:00,246.653,0.46499999999999997,0.46,0.47,0.535,0.53,0.54,305.99,152.0,137.0,305.99,0.45,6.69,0.48,202.73,0.44,36.0,0.49,150.0,0.43,56.0,0.5,115.0,0.42,12.0,0.51,115.0,0.41,32.0,0.52,104.34,0.52,202.73,0.55,6.69,0.51,150.0,0.56,36.0,0.5,115.0,0.57,56.0,0.49,115.0,0.58,12.0,0.48,104.34,0.59,32.0
2026-01-07 04:49:07.702000+00:00,2026-01-07 04:49:05.113007+00:00,247.702,0.46499999999999997,0.46,0.47,0.535,0.53,0.54,305.99,152.0,177.0,305.99,0.45,6.69,0.48,202.73,0.44,36.0,0.49,150.0,0.43,126.0,0.5,115.0,0.42,82.0,0.51,115.0,0.41,97.0,0.52,104.34,0.52,202.73,0.55,6.69,0.51,150.0,0.56,36.0,0.5,115.0,0.57,126.0,0.49,115.0,0.58,82.0,0.48,104.34,0.59,97.0
2026-01-07 04:49:08.783000+00:00,2026-01-07 04:49:06.124955+00:00,248.783,0.46499999999999997,0.46,0.47,0.535,0.53,0.54,305.99,167.0,167.0,305.99,0.45,6.69,0.48,202.73,0.44,36.0,0.49,150.0,0.43,56.0,0.5,115.0,0.42,82.0,0.51,115.0,0.41,97.0,0.52,104.34,0.52,202.73,0.55,6.69,0.51,150.0,0.56,36.0,0.5,115.0,0.57,56.0,0.49,115.0,0.58,82.0,0.48,104.34,0.59,97.0
2026-01-07 04:49:09.615000+00:00,2026-01-07 04:49:07.127631+00:00,249.615,0.46499999999999997,0.46,0.47,0.535,0.53,0.54,305.99,177.0,177.0,305.99,0.45,6.69,0.48,187.73,0.44,36.0,0.49,150.0,0.43,56.0,0.5,115.0,0.42,82.0,0.51,115.0,0.41,97.0,0.52,104.34,0.52,187.73,0.55,6.69,0.51,150.0,0.56,36.0,0.5,115.0,0.57,56.0,0.49,115.0,0.58,82.0,0.48,104.34,0.59,97.0
2026-01-07 04:49:10.796000+00:00,2026-01-07 04:49:08.132122+00:00,250.796,0.46499999999999997,0.46,0.47,0.535,0.53,0.54,305.99,292.0,287.0,305.99,0.45,6.69,0.48,110.73,0.43,20.0,0.49,100.0,0.41,27.0,0.5,100.0,0.4,404.0,0.51,100.0,0.39,51.0,0.52,89.34,0.52,110.73,0.55,6.69,0.51,100.0,0.57,20.0,0.5,100.0,0.59,27.0,0.49,100.0,0.6,380.0,0.48,94.34,0.61,39.0
2026-01-07 04:49:11.782000+00:00,2026-01-07 04:49:09.140107+00:00,251.782,0.46499999999999997,0.46,0.47,0.535,0.53,0.54,175.82,157.0,157.0,175.82,0.45,29.69,0.48,110.73,0.44,15.0,0.49,100.0,0.43,35.0,0.5,100.0,0.42,15.0,0.51,100.0,0.41,15.0,0.52,94.34,0.52,110.73,0.55,29.69,0.51,100.0,0.56,15.0,0.5,100.0,0.57,35.0,0.49,100.0,0.58,15.0,0.48,94.34,0.59,15.0
2026-01-07 04:49:12.757000+00:00,2026-01-07 04:49:10.145552+00:00,252.757,0.46499999999999997,0.46,0.47,0.535,0.53,0.54,89.09,157.0,157.0,89.09,0.45,29.69,0.48,110.73,0.44,15.0,0.49,100.0,0.43,35.0,0.5,100.0,0.42,39.0,0.51,100.0,0.41,27.0,0.52,89.34,0.52,110.73,0.55,29.69,0.51,100.0,0.56,15.0,0.5,100.0,0.57,35.0,0.49,100.0,0.58,39.0,0.48,89.34,0.59,27.0
2026-01-07 04:49:13.714000+00:00,2026-01-07 04:49:11.155289+00:00,253.714,0.46499999999999997,0.46,0.47,0.535,0.53,0.54,78.9,154.0,154.0,78.9,0.45,29.69,0.48,110.73,0.44,15.0,0.49,100.0,0.43,105.0,0.5,100.0,0.42,121.0,0.51,100.0,0.41,121.0,0.52,89.34,0.52,110.73,0.55,29.69,0.51,100.0,0.56,15.0,0.5,100.0,0.57,105.0,0.49,100.0,0.58,121.0,0.48,89.34,0.59,121.0
2026-01-07 04:49:14.827000+00:00,2026-01-07 04:49:12.163986+00:00,254.827,0.46499999999999997,0.46,0.47,0.535,0.53,0.54,41.86,181.0,166.0,31.67,0.45,29.69,0.48,170.73,0.44,51.0,0.49,112.0,0.43,141.0,0.5,100.0,0.42,97.0,0.51,100.0,0.41,97.0,0.52,89.34,0.52,170.73,0.55,29.69,0.51,112.0,0.56,51.0,0.5,100.0,0.57,141.0,0.49,100.0,0.58,97.0,0.48,89.34,0.59,97.0
2026-01-07 04:49:15.821000+00:00,2026-01-07 04:49:13.169274+00:00,255.821,0.45999999999999996,0.45,0.47,0.545,0.54,0.55,29.69,124.0,139.54,29.69,0.44,39.0,0.48,170.73,0.43,153.0,0.49,112.0,0.42,97.0,0.5,100.0,0.41,97.0,0.51,100.0,0.4,450.0,0.52,94.34,0.53,124.0,0.56,39.0,0.52,170.73,0.57,71.0,0.51,112.0,0.58,97.0,0.5,100.0,0.59,97.0,0.49,100.0,0.6,450.0
2026-01-07 04:49:16.834000+00:00,2026-01-07 04:49:14.190659+00:00,256.834,0.445,0.44,0.45,0.555,0.55,0.56,7.54,90.0,170.0,7.54,0.43,71.0,0.46,161.54,0.42,51.0,0.47,135.0,0.41,27.0,0.48,134.73,0.4,387.0,0.49,100.0,0.39,85.0,0.5,100.0,0.54,149.54,0.57,35.0,0.53,75.0,0.58,15.0,0.52,120.5,0.59,15.0,0.51,105.59,0.6,375.0,0.5,100.0,0.61,85.0
2026-01-07 04:49:17.819000+00:00,2026-01-07 04:49:15.213344+00:00,257.819,0.435,0.43,0.44,0.5700000000000001,0.56,0.58,15.0,126.0,206.0,12.27,0.42,15.0,0.45,180.0,0.41,39.0,0.46,149.54,0.4,423.0,0.47,75.0,0.39,97.0,0.48,120.5,0.38,82.0,0.49,105.59,0.55,180.0,0.59,39.0,0.54,149.54,0.6,423.0,0.53,75.0,0.61,97.0,0.52,120.5,0.62,82.0,0.51,105.59,0.63,70.0
2026-01-07 04:49:18.827000+00:00,2026-01-07 04:49:16.219817+00:00,258.827,0.415,0.41,0.42,0.585,0.58,0.59,35.05,45.0,45.0,25.05,0.4,411.0,0.43,100.0,0.39,121.0,0.44,185.0,0.38,70.0,0.45,149.0,0.37,82.0,0.46,149.54,0.36,70.0,0.47,75.0,0.57,100.0,0.6,411.0,0.56,185.0,0.61,121.0,0.55,149.0,0.62,70.0,0.54,149.54,0.63,82.0,0.53,75.0,0.64,70.0
2026-01-07 04:49:19.848000+00:00,2026-01-07 04:49:17.226905+00:00,259.848,0.405,0.4,0.41,0.595,0.59,0.6,372.88,39.46,39.46,364.21,0.39,121.0,0.42,111.0,0.38,94.0,0.43,117.0,0.37,94.0,0.44,125.0,0.36,82.0,0.45,125.0,0.35,373.0,0.46,149.54,0.58,111.0,0.61,121.0,0.57,117.0,0.62,94.0,0.56,125.0,0.63,94.0,0.55,125.0,0.64,82.0,0.54,149.54,0.65,373.0
2026-01-07 04:49:20.776000+00:00,2026-01-07 04:49:18.231098+00:00,260.776,0.405,0.4,0.41,0.595,0.59,0.6,201.24,96.46,96.46,104.09,0.39,85.0,0.42,147.0,0.38,94.0,0.43,130.0,0.37,106.0,0.44,115.0,0.36,94.0,0.45,120.0,0.35,385.0,0.46,149.54,0.58,147.0,0.61,85.0,0.57,130.0,0.62,94.0,0.56,115.0,0.63,106.0,0.55,120.0,0.64,94.0,0.54,149.54,0.65,385.0
2026-01-07 04:49:21.859000+00:00,2026-01-07 04:49:19.236198+00:00,261.859,0.405,0.4,0.41,0.595,0.59,0.6,37.15,169.72,163.72,37.15,0.39,15.0,0.42,217.0,0.38,94.0,0.43,120.0,0.37,106.0,0.44,115.0,0.36,110.0,0.45,120.0,0.35,385.0,0.46,129.54,0.58,217.0,0.61,15.0,0.57,120.0,0.62,94.0,0.56,115.0,0.63,106.0,0.55,120.0,0.64,110.0,0.54,129.54,0.65,385.0
2026-01-07 04:49:22.722000+00:00,2026-01-07 04:49:20.244614+00:00,262.722,0.405,0.4,0.41,0.595,0.59,0.6,37.15,173.72,173.72,37.15,0.39,15.0,0.42,217.0,0.38,94.0,0.43,125.0,0.37,106.0,0.44,115.0,0.36,110.0,0.45,120.0,0.35,385.0,0.46,129.54,0.58,217.0,0.61,15.0,0.57,125.0,0.62,94.0,0.56,115.0,0.63,106.0,0.55,120.0,0.64,110.0,0.54,129.54,0.65,385.0
2026-01-07 04:49:23.901000+00:00,2026-01-07 04:49:21.246600+00:00,263.901,0.405,0.4,0.41,0.595,0.59,0.6,35.48,161.72,161.72,35.48,0.39,20.0,0.42,229.0,0.38,94.0,0.43,125.0,0.37,118.0,0.44,115.0,0.36,98.0,0.45,120.0,0.35,385.0,0.46,129.54,0.58,187.0,0.61,15.0,0.57,125.0,0.62,94.0,0.56,115.0,0.63,118.0,0.55,120.0,0.64,98.0,0.54,129.54,0.65,385.0
2026-01-07 04:49:24.866000+00:00,2026-01-07 04:49:22.239322+00:00,264.866,0.405,0.4,0.41,0.595,0.59,0.6,35.48,161.72,161.72,35.48,0.39,15.0,0.42,229.0,0.38,94.0,0.43,120.0,0.37,118.0,0.44,120.0,0.36,98.0,0.45,120.0,0.35,385.0,0.46,129.54,0.58,229.0,0.61,15.0,0.57,120.0,0.62,94.0,0.56,120.0,0.63,118.0,0.55,120.0,0.64,98.0,0.54,129.54,0.65,385.0
2026-01-07 04:49:25.796000+00:00,2026-01-07 04:49:23.261609+00:00,265.796,0.405,0.4,0.41,0.595,0.59,0.6,13.11,161.72,161.72,13.11,0.39,20.0,0.42,229.0,0.38,94.0,0.43,120.0,0.37,118.0,0.44,120.0,0.36,98.0,0.45,120.0,0.35,385.0,0.46,129.54,0.58,229.0,0.61,15.0,0.57,120.0,0.62,94.0,0.56,120.0,0.63,118.0,0.55,120.0,0.64,98.0,0.54,129.54,0.65,385.0
2026-01-07 04:49:26.934000+00:00,2026-01-07 04:49:24.284857+00:00,266.934,0.405,0.4,0.41,0.595,0.59,0.6,0.11,161.72,161.72,0.11,0.39,15.0,0.42,238.77,0.38,94.0,0.43,125.59,0.37,118.0,0.44,120.0,0.36,98.0,0.45,120.0,0.35,385.0,0.46,129.54,0.58,238.77,0.61,15.0,0.57,125.59,0.62,94.0,0.56,120.0,0.63,118.0,0.55,120.0,0.64,98.0,0.54,129.54,0.65,385.0
2026-01-07 04:49:27.938000+00:00,2026-01-07 04:49:25.289861+00:00,267.938,0.405,0.4,0.41,0.595,0.59,0.6,0.11,161.72,161.72,0.11,0.39,20.0,0.42,238.77,0.38,94.0,0.43,125.59,0.37,118.0,0.44,120.0,0.36,98.0,0.45,120.0,0.35,385.0,0.46,129.54,0.58,238.77,0.61,20.0,0.57,125.59,0.62,94.0,0.56,120.0,0.63,118.0,0.55,120.0,0.64,98.0,0.54,129.54,0.65,385.0
2026-01-07 04:49:28.948000+00:00,2026-01-07 04:49:26.296526+00:00,268.948,0.405,0.4,0.41,0.595,0.59,0.6,0.11,137.72,137.72,0.11,0.39,52.0,0.42,217.0,0.38,134.0,0.43,161.59,0.37,122.0,0.44,125.0,0.36,82.0,0.45,120.0,0.35,385.0,0.46,129.54,0.58,217.0,0.61,67.0,0.57,161.59,0.62,94.0,0.56,125.0,0.63,106.0,0.55,120.0,0.64,98.0,0.54,129.54,0.65,385.0
2026-01-07 04:49:29.898000+00:00,2026-01-07 04:49:27.302327+00:00,269.898,0.405,0.4,0.41,0.595,0.59,0.6,65.11,67.72,62.72,10.0,0.39,102.0,0.42,297.0,0.38,94.0,0.43,151.0,0.37,106.0,0.44,120.0,0.36,98.0,0.45,120.0,0.35,420.0,0.46,129.54,0.58,297.0,0.61,102.0,0.57,151.0,0.62,94.0,0.56,120.0,0.63,106.0,0.55,120.0,0.64,98.0,0.54,129.54,0.65,420.0
2026-01-07 04:49:30.946000+00:00,2026-01-07 04:49:28.310009+00:00,270.946,0.395,0.39,0.4,0.605,0.6,0.61,15.0,129.75,129.75,15.0,0.37,106.0,0.41,92.72,0.36,122.0,0.42,219.0,0.35,420.0,0.43,115.0,0.34,92.0,0.44,125.0,0.33,115.0,0.45,120.0,0.59,92.72,0.63,106.0,0.58,219.0,0.64,122.0,0.57,115.0,0.65,420.0,0.56,125.0,0.66,92.0,0.55,120.0,0.67,115.0
2026-01-07 04:49:31.964000+00:00,2026-01-07 04:49:29.316114+00:00,271.964,0.395,0.39,0.4,0.61,0.6,0.62,15.0,232.75,215.75,5.0,0.38,5.0,0.41,44.72,0.37,70.0,0.42,195.0,0.36,122.0,0.43,115.0,0.35,444.0,0.44,125.0,0.34,92.0,0.45,120.0,0.59,44.72,0.63,70.0,0.58,195.0,0.64,122.0,0.57,115.0,0.65,444.0,0.56,125.0,0.66,92.0,0.55,120.0,0.67,127.0
2026-01-07 04:49:32.972000+00:00,2026-01-07 04:49:30.321213+00:00,272.972,0.395,0.39,0.4,0.605,0.6,0.61,28.0,49.37,30.99,53.0,0.38,117.0,0.41,32.72,0.37,105.0,0.42,45.0,0.36,105.0,0.43,103.0,0.35,408.0,0.44,45.0,0.34,70.0,0.45,47.0,0.59,32.72,0.62,117.0,0.58,45.0,0.63,105.0,0.57,103.0,0.64,105.0,0.56,45.0,0.65,408.0,0.55,47.0,0.66,70.0
2026-01-07 04:49:33.969000+00:00,2026-01-07 04:49:31.327842+00:00,273.969,0.395,0.39,0.4,0.605,0.6,0.61,62.74,70.99,70.99,62.74,0.38,51.0,0.41,96.72,0.37,35.0,0.42,102.0,0.36,117.0,0.43,99.0,0.35,408.0,0.44,120.0,0.34,75.0,0.45,35.0,0.59,96.72,0.62,51.0,0.58,102.0,0.63,35.0,0.57,111.0,0.64,117.0,0.56,120.0,0.65,408.0,0.55,35.0,0.66,75.0
2026-01-07 04:49:34.948000+00:00,2026-01-07 04:49:32.332388+00:00,274.948,0.395,0.39,0.4,0.605,0.6,0.61,50.74,30.99,30.99,50.74,0.38,15.0,0.41,156.72,0.37,71.0,0.42,138.0,0.36,141.0,0.43,75.0,0.35,408.0,0.44,60.0,0.34,87.0,0.45,35.0,0.59,156.72,0.62,10.0,0.58,138.0,0.63,71.0,0.57,75.0,0.64,141.0,0.56,60.0,0.65,408.0,0.55,35.0,0.66,87.0
2026-01-07 04:49:35.938000+00:00,2026-01-07 04:49:33.340372+00:00,275.938,0.395,0.39,0.4,0.605,0.6,0.61,21.0,100.99,100.99,21.0,0.38,35.0,0.41,227.49,0.37,46.0,0.42,171.59,0.36,141.0,0.43,188.0,0.35,408.0,0.44,130.0,0.34,122.0,0.45,105.0,0.59,227.49,0.62,40.0,0.58,171.59,0.63,46.0,0.57,188.0,0.64,141.0,0.56,130.0,0.65,408.0,0.55,105.0,0.66,122.0
2026-01-07 04:49:36.745000+00:00,2026-01-07 04:49:34.344628+00:00,276.745,0.395,0.39,0.4,0.605,0.6,0.61,21.0,100.99,100.99,21.0,0.38,35.0,0.41,227.49,0.37,46.0,0.42,171.59,0.36,141.0,0.43,188.0,0.35,408.0,0.44,130.0,0.34,117.0,0.45,105.0,0.59,227.49,0.62,35.0,0.58,171.59,0.63,46.0,0.57,188.0,0.64,141.0,0.56,130.0,0.65,408.0,0.55,105.0,0.66,117.0
2026-01-07 04:49:38.916000+00:00,2026-01-07 04:49:36.353713+00:00,278.916,0.385,0.38,0.39,0.615,0.61,0.62,37.85,174.0,174.0,37.85,0.37,10.0,0.4,239.99,0.36,59.0,0.41,157.72,0.35,456.0,0.42,130.0,0.34,105.0,0.43,130.0,0.33,92.0,0.44,130.0,0.6,239.99,0.63,10.0,0.59,157.72,0.64,59.0,0.58,130.0,0.65,456.0,0.57,130.0,0.66,105.0,0.56,130.0,0.67,92.0
2026-01-07 04:49:39.905000+00:00,2026-01-07 04:49:37.341406+00:00,279.905,0.385,0.38,0.39,0.615,0.61,0.62,53.85,169.0,169.0,53.85,0.37,10.0,0.4,217.99,0.36,59.0,0.41,157.72,0.35,456.0,0.42,188.0,0.34,105.0,0.43,130.0,0.33,92.0,0.44,130.0,0.6,212.99,0.63,10.0,0.59,157.72,0.64,59.0,0.58,188.0,0.65,456.0,0.57,130.0,0.66,105.0,0.56,130.0,0.67,92.0
2026-01-07 04:49:40.895000+00:00,2026-01-07 04:49:38.347739+00:00,280.895,0.385,0.38,0.39,0.615,0.61,0.62,48.85,169.0,169.0,48.85,0.37,15.0,0.4,192.99,0.36,59.0,0.41,157.72,0.35,456.0,0.42,203.0,0.34,110.0,0.43,130.0,0.33,92.0,0.44,130.0,0.6,192.99,0.63,15.0,0.59,157.72,0.64,59.0,0.58,203.0,0.65,456.0,0.57,130.0,0.66,110.0,0.56,130.0,0.67,92.0
2026-01-07 04:49:41.784000+00:00,2026-01-07 04:49:39.354181+00:00,281.784,0.385,0.38,0.39,0.615,0.61,0.62,48.85,174.0,174.0,48.85,0.37,15.0,0.4,192.99,0.36,59.0,0.41,157.72,0.35,456.0,0.42,203.0,0.34,105.0,0.43,130.0,0.33,92.0,0.44,130.0,0.6,192.99,0.63,15.0,0.59,157.72,0.64,59.0,0.58,203.0,0.65,456.0,0.57,130.0,0.66,105.0,0.56,130.0,0.67,92.0
2026-01-07 04:49:42.994000+00:00,2026-01-07 04:49:40.341535+00:00,282.994,0.375,0.37,0.38,0.625,0.62,0.63,16.0,84.0,114.0,16.0,0.36,35.0,0.39,219.0,0.35,337.0,0.4,142.99,0.34,83.0,0.41,173.72,0.33,45.0,0.42,145.0,0.32,212.53,0.43,130.0,0.61,192.0,0.64,35.0,0.6,142.99,0.65,337.0,0.59,109.72,0.66,83.0,0.58,145.0,0.67,45.0,0.57,130.0,0.68,212.53
2026-01-07 04:49:44.934000+00:00,2026-01-07 04:49:42.370899+00:00,284.934,0.375,0.37,0.38,0.625,0.62,0.63,16.0,115.0,115.0,16.0,0.36,59.0,0.39,156.0,0.35,325.0,0.4,166.99,0.34,59.0,0.41,93.72,0.33,50.0,0.42,161.0,0.32,142.53,0.43,130.0,0.61,156.0,0.64,59.0,0.6,166.99,0.65,325.0,0.59,93.72,0.66,59.0,0.58,161.0,0.67,50.0,0.57,130.0,0.68,52.53
2026-01-07 04:49:46.001000+00:00,2026-01-07 04:49:43.377650+00:00,286.001,0.365,0.36,0.37,0.635,0.63,0.64,46.75,140.0,140.0,46.75,0.35,325.0,0.38,175.0,0.34,71.0,0.39,144.0,0.33,62.0,0.4,154.99,0.32,40.53,0.41,109.72,0.31,172.0,0.42,130.0,0.62,175.0,0.65,325.0,0.61,144.0,0.66,71.0,0.6,154.99,0.67,57.0,0.59,109.72,0.68,40.53,0.58,130.0,0.69,172.0
2026-01-07 04:49:47.029000+00:00,2026-01-07 04:49:44.381736+00:00,287.029,0.365,0.36,0.37,0.635,0.63,0.64,50.75,140.0,145.0,50.75,0.35,330.0,0.38,184.77,0.34,59.0,0.39,137.59,0.33,57.0,0.4,142.99,0.32,110.53,0.41,93.72,0.31,172.0,0.42,130.0,0.62,208.77,0.65,330.0,0.61,137.59,0.66,59.0,0.6,142.99,0.67,57.0,0.59,93.72,0.68,110.53,0.58,130.0,0.69,172.0
2026-01-07 04:49:48.053000+00:00,2026-01-07 04:49:45.399673+00:00,288.053,0.365,0.36,0.37,0.635,0.63,0.64,50.75,162.0,150.0,50.75,0.35,318.0,0.38,196.77,0.34,71.0,0.39,117.59,0.33,69.0,0.4,142.99,0.32,122.53,0.41,93.72,0.31,160.0,0.42,130.0,0.62,208.77,0.65,318.0,0.61,117.59,0.66,71.0,0.6,142.99,0.67,81.0,0.59,93.72,0.68,110.53,0.58,130.0,0.69,172.0
2026-01-07 04:49:49.983000+00:00,2026-01-07 04:49:47.412409+00:00,289.983,0.365,0.36,0.37,0.635,0.63,0.64,72.75,55.0,55.0,60.75,0.35,347.0,0.38,45.0,0.34,161.0,0.39,252.0,0.33,115.0,0.4,124.99,0.32,122.53,0.41,93.72,0.31,190.0,0.42,172.0,0.62,45.0,0.65,347.0,0.61,240.0,0.66,149.0,0.6,119.99,0.67,115.0,0.59,93.72,0.68,122.53,0.58,172.0,0.69,190.0
2026-01-07 04:49:50.812000+00:00,2026-01-07 04:49:48.420081+00:00,290.812,0.365,0.36,0.37,0.635,0.63,0.64,65.75,55.0,55.0,50.75,0.35,354.0,0.38,81.0,0.34,137.0,0.39,216.0,0.33,139.0,0.4,107.99,0.32,122.53,0.41,93.72,0.31,185.0,0.42,172.0,0.62,81.0,0.65,354.0,0.61,216.0,0.66,137.0,0.6,107.99,0.67,139.0,0.59,93.72,0.68,122.53,0.58,130.0,0.69,221.0
2026-01-07 04:49:52.071000+00:00,2026-01-07 04:49:49.426915+00:00,292.071,0.365,0.36,0.37,0.635,0.63,0.64,50.75,264.0,249.0,50.75,0.35,313.0,0.38,127.0,0.34,35.0,0.39,100.0,0.33,81.0,0.4,137.99,0.32,76.53,0.41,93.72,0.3,82.0,0.42,130.0,0.62,115.0,0.65,313.0,0.61,100.0,0.66,35.0,0.6,137.99,0.67,69.0,0.59,93.72,0.68,52.53,0.58,130.0,0.69,126.0
2026-01-07 04:49:53.062000+00:00,2026-01-07 04:49:50.452872+00:00,293.062,0.365,0.36,0.37,0.635,0.63,0.64,16.0,209.0,185.0,16.0,0.35,343.0,0.38,150.0,0.34,10.0,0.39,110.0,0.33,45.0,0.4,153.99,0.32,64.53,0.41,93.72,0.31,137.0,0.42,130.0,0.62,186.0,0.65,343.0,0.61,110.0,0.66,22.0,0.6,153.99,0.67,57.0,0.59,93.72,0.68,76.53,0.58,130.0,0.69,137.0
2026-01-07 04:49:54.085000+00:00,2026-01-07 04:49:51.461062+00:00,294.085,0.365,0.36,0.37,0.635,0.63,0.64,16.0,218.0,230.0,16.0,0.35,338.0,0.38,186.0,0.34,22.0,0.39,110.0,0.33,81.0,0.4,153.99,0.32,64.53,0.41,93.72,0.31,125.0,0.42,130.0,0.62,186.0,0.65,338.0,0.61,110.0,0.66,22.0,0.6,153.99,0.67,81.0,0.59,93.72,0.68,64.53,0.58,130.0,0.69,125.0
2026-01-07 04:49:55.111000+00:00,2026-01-07 04:49:52.465892+00:00,295.111,0.365,0.36,0.37,0.635,0.63,0.64,6.0,212.0,237.0,6.0,0.35,343.0,0.38,183.77,0.34,22.0,0.39,131.59,0.33,81.0,0.4,95.99,0.32,64.53,0.41,108.72,0.31,125.0,0.42,130.0,0.62,183.77,0.65,343.0,0.61,172.59,0.66,22.0,0.6,95.99,0.67,81.0,0.59,108.72,0.68,64.53,0.58,130.0,0.69,125.0
2026-01-07 04:49:56.054000+00:00,2026-01-07 04:49:53.471931+00:00,296.054,0.365,0.36,0.37,0.635,0.63,0.64,16.0,105.0,105.0,16.0,0.35,362.0,0.38,219.77,0.34,46.0,0.39,139.59,0.33,57.0,0.4,153.99,0.32,110.53,0.41,108.72,0.31,207.0,0.42,315.0,0.62,219.77,0.65,362.0,0.61,151.59,0.66,46.0,0.6,153.99,0.67,57.0,0.59,108.72,0.68,110.53,0.58,315.0,0.69,207.0
2026-01-07 04:49:57.135000+00:00,2026-01-07 04:49:54.474361+00:00,297.135,0.365,0.36,0.37,0.635,0.63,0.64,16.0,125.0,130.0,16.0,0.35,367.0,0.38,207.77,0.34,46.0,0.39,163.59,0.33,57.0,0.4,153.99,0.32,110.53,0.41,93.72,0.31,207.0,0.42,315.0,0.62,198.0,0.65,367.0,0.61,179.59,0.66,46.0,0.6,137.99,0.67,57.0,0.59,108.72,0.68,110.53,0.58,315.0,0.69,207.0
2026-01-07 04:49:58.870000+00:00,2026-01-07 04:49:56.501818+00:00,298.87,0.355,0.35,0.36,0.645,0.64,0.65,287.0,211.0,211.0,287.0,0.34,35.0,0.37,169.77,0.33,20.0,0.38,130.59,0.32,64.53,0.39,141.0,0.31,71.0,0.4,110.99,0.3,122.0,0.41,93.72,0.63,169.77,0.66,40.0,0.62,130.59,0.67,20.0,0.61,141.0,0.68,64.53,0.6,110.99,0.69,71.0,0.59,93.72,0.7,122.0
