timestamp,collected_at,seconds,up_mid,up_best_bid,up_best_ask,down_mid,down_best_bid,down_best_ask,up_best_bid_size,up_best_ask_size,down_best_bid_size,down_best_ask_size,up_bid_2,up_bid_2_size,up_ask_2,up_ask_2_size,up_bid_3,up_bid_3_size,up_ask_3,up_ask_3_size,up_bid_4,up_bid_4_size,up_ask_4,up_ask_4_size,up_bid_5,up_bid_5_size,up_ask_5,up_ask_5_size,up_bid_6,up_bid_6_size,up_ask_6,up_ask_6_size,down_bid_2,down_bid_2_size,down_ask_2,down_ask_2_size,down_bid_3,down_bid_3_size,down_ask_3,down_ask_3_size,down_bid_4,down_bid_4_size,down_ask_4,down_ask_4_size,down_bid_5,down_bid_5_size,down_ask_5,down_ask_5_size,down_bid_6,down_bid_6_size,down_ask_6,down_ask_6_size
2026-01-07 04:00:00.446000+00:00,2026-01-07 03:59:57.981721+00:00,0.446,0.01,,0.01,0.99,0.99,,,6746.62,6751.62,,,,0.02,135.5,,,0.05,11.33,,,0.07,5.0,,,0.12,5.0,,,0.14,15.0,0.98,135.5,,,0.95,11.33,,,0.93,5.0,,,0.88,5.0,,,0.86,15.0,,
2026-01-07 04:00:01.581000+00:00,2026-01-07 03:59:58.975615+00:00,1.581,0.01,,0.01,0.99,0.99,,,81554.62,96253.55,,,,0.02,135.5,,,0.03,5.0,,,0.05,16.33,,,0.07,10.0,,,0.1,5510.0,0.98,135.5,,,0.97,5.0,,,0.95,16.33,,,0.93,10.0,,,0.91,5.0,,
2026-01-07 04:00:02.579000+00:00,2026-01-07 03:59:59.983225+00:00,2.579,0.01,,0.01,0.99,0.99,,,98090.93,98090.93,,,,0.02,135.5,,,0.03,15.0,,,0.05,16.33,,,0.06,6.1,,,0.07,10.0,0.98,135.5,,,0.97,15.0,,,0.95,16.33,,,0.94,6.1,,,0.93,10.0,,
2026-01-07 04:00:03.650000+00:00,2026-01-07 04:00:00.991403+00:00,3.65,0.58,0.57,0.59,0.425,0.42,0.43,10.0,197.0,20.0,10.0,0.56,20.0,0.6,265.0,0.55,232.56,0.61,309.0,0.54,283.0,0.62,304.0,0.53,394.0,0.63,304.0,0.52,483.92,0.64,304.0,0.41,197.0,0.44,20.0,0.4,265.0,0.45,247.56,0.39,309.0,0.46,283.0,0.38,304.0,0.47,394.0,0.37,304.0,0.48,483.92
2026-01-07 04:00:04.665000+00:00,2026-01-07 04:00:01.993325+00:00,4.665,0.575,0.57,0.58,0.425,0.42,0.43,50.0,36.0,5.0,50.0,0.56,47.95,0.59,197.0,0.55,232.56,0.6,290.0,0.54,283.0,0.61,324.0,0.53,394.0,0.62,319.0,0.52,483.92,0.63,304.0,0.41,227.0,0.44,47.95,0.4,305.0,0.45,232.56,0.39,339.0,0.46,283.0,0.38,319.0,0.47,394.0,0.37,304.0,0.48,483.92
2026-01-07 04:00:05.643000+00:00,2026-01-07 04:00:02.995710+00:00,5.643,0.585,0.58,0.59,0.415,0.41,0.42,85.0,107.0,107.0,85.0,0.57,54.92,0.6,260.0,0.56,32.95,0.61,354.0,0.55,232.56,0.62,319.0,0.54,283.0,0.63,319.0,0.53,394.0,0.64,304.0,0.4,350.0,0.43,54.92,0.39,354.0,0.44,32.95,0.38,319.0,0.45,322.56,0.37,319.0,0.46,283.0,0.36,304.0,0.47,304.0
2026-01-07 04:00:06.671000+00:00,2026-01-07 04:00:03.998987+00:00,6.671,0.595,0.59,0.6,0.405,0.4,0.41,67.0,350.0,350.0,67.0,0.58,56.0,0.61,339.0,0.57,34.92,0.62,349.0,0.56,32.95,0.63,319.0,0.55,322.56,0.64,304.0,0.54,283.0,0.65,309.0,0.39,339.0,0.42,56.0,0.38,349.0,0.43,34.92,0.37,319.0,0.44,32.95,0.36,304.0,0.45,322.56,0.35,309.0,0.46,283.0
2026-01-07 04:00:07.707000+00:00,2026-01-07 04:00:05.017821+00:00,7.707,0.595,0.59,0.6,0.405,0.4,0.41,50.34,350.0,420.0,50.34,0.58,56.0,0.61,354.0,0.57,34.92,0.62,349.0,0.56,32.95,0.63,319.0,0.55,322.56,0.64,304.0,0.54,283.0,0.65,309.0,0.39,424.0,0.42,41.0,0.38,419.0,0.43,49.92,0.37,389.0,0.44,102.95,0.36,374.0,0.45,392.56,0.35,379.0,0.46,353.0
2026-01-07 04:00:08.690000+00:00,2026-01-07 04:00:06.022519+00:00,8.69,0.595,0.59,0.6,0.405,0.4,0.41,50.34,663.0,663.0,50.34,0.58,41.0,0.61,424.0,0.57,49.92,0.62,419.0,0.56,102.95,0.63,389.0,0.55,392.56,0.64,374.0,0.54,353.0,0.65,379.0,0.39,424.0,0.42,41.0,0.38,419.0,0.43,119.92,0.37,389.0,0.44,102.95,0.36,374.0,0.45,392.56,0.35,379.0,0.46,353.0
2026-01-07 04:00:09.694000+00:00,2026-01-07 04:00:07.029158+00:00,9.694,0.575,0.57,0.58,0.425,0.42,0.43,109.92,35.79,10.79,109.92,0.56,137.95,0.59,233.0,0.55,190.0,0.6,769.0,0.54,267.0,0.61,439.0,0.53,409.0,0.62,459.0,0.52,586.92,0.63,384.0,0.41,233.0,0.44,137.95,0.4,784.0,0.45,190.0,0.39,439.0,0.46,267.0,0.38,459.0,0.47,409.0,0.37,384.0,0.48,586.92
2026-01-07 04:00:10.728000+00:00,2026-01-07 04:00:08.035956+00:00,10.728,0.585,0.58,0.59,0.415,0.41,0.42,90.0,197.0,14.0,141.0,0.57,268.92,0.6,658.0,0.56,142.95,0.61,508.0,0.55,504.0,0.62,486.0,0.54,388.0,0.63,384.0,0.53,409.0,0.64,409.0,0.4,628.0,0.43,164.92,0.39,424.0,0.44,263.95,0.38,507.0,0.45,504.0,0.37,411.0,0.46,388.0,0.36,409.0,0.47,409.0
2026-01-07 04:00:11.727000+00:00,2026-01-07 04:00:09.042464+00:00,11.727,0.595,0.59,0.6,0.405,0.4,0.41,42.0,385.0,335.0,42.0,0.58,239.0,0.61,393.0,0.57,154.92,0.62,523.0,0.56,471.95,0.63,421.0,0.55,504.0,0.64,384.0,0.54,388.0,0.65,414.0,0.39,393.0,0.42,239.0,0.38,523.0,0.43,154.92,0.37,421.0,0.44,471.95,0.36,384.0,0.45,504.0,0.35,414.0,0.46,388.0
2026-01-07 04:00:12.735000+00:00,2026-01-07 04:00:10.049187+00:00,12.735,0.575,0.57,0.58,0.435,0.43,0.44,50.0,60.0,11.0,137.95,0.56,137.95,0.59,446.0,0.55,262.0,0.6,668.0,0.54,129.0,0.61,514.0,0.53,288.0,0.62,424.0,0.52,586.92,0.63,409.0,0.42,116.0,0.45,257.0,0.41,516.0,0.46,129.0,0.4,738.0,0.47,288.0,0.39,514.0,0.48,581.92,0.38,424.0,0.49,507.75
2026-01-07 04:00:13.740000+00:00,2026-01-07 04:00:11.052878+00:00,13.74,0.575,0.57,0.58,0.425,0.42,0.43,74.18,113.0,113.0,74.18,0.56,86.95,0.59,521.0,0.55,161.0,0.6,723.0,0.54,40.0,0.61,529.0,0.53,223.0,0.62,419.0,0.52,524.92,0.63,409.0,0.41,521.0,0.44,110.95,0.4,723.0,0.45,161.0,0.39,529.0,0.46,40.0,0.38,419.0,0.47,223.0,0.37,409.0,0.48,524.92
2026-01-07 04:00:14.382000+00:00,2026-01-07 04:00:12.060189+00:00,14.382,0.575,0.57,0.58,0.425,0.42,0.43,44.18,113.0,113.0,44.18,0.56,142.95,0.59,511.0,0.55,136.0,0.6,733.0,0.54,40.0,0.61,529.0,0.53,223.0,0.62,454.0,0.52,511.92,0.63,384.0,0.41,511.0,0.44,130.95,0.4,733.0,0.45,148.0,0.39,529.0,0.46,40.0,0.38,454.0,0.47,223.0,0.37,384.0,0.48,511.92
2026-01-07 04:00:15.766000+00:00,2026-01-07 04:00:13.083081+00:00,15.766,0.575,0.57,0.58,0.425,0.42,0.43,107.18,257.0,257.0,128.18,0.56,67.95,0.59,384.0,0.55,100.0,0.6,639.0,0.54,86.0,0.61,562.0,0.53,223.0,0.62,517.0,0.52,511.92,0.63,384.0,0.41,384.0,0.44,82.95,0.4,639.0,0.45,100.0,0.39,562.0,0.46,86.0,0.38,517.0,0.47,223.0,0.37,384.0,0.48,511.92
2026-01-07 04:00:16.761000+00:00,2026-01-07 04:00:14.090253+00:00,16.761,0.575,0.57,0.58,0.425,0.42,0.43,80.18,190.2,195.2,56.18,0.56,106.95,0.59,394.0,0.55,100.0,0.6,629.0,0.54,86.0,0.61,565.0,0.53,223.0,0.62,454.0,0.52,511.92,0.63,384.0,0.41,389.0,0.44,142.95,0.4,677.0,0.45,100.0,0.39,553.0,0.46,86.0,0.38,454.0,0.47,223.0,0.37,384.0,0.48,511.92
2026-01-07 04:00:17.177000+00:00,2026-01-07 04:00:15.093122+00:00,17.177,0.575,0.57,0.58,0.425,0.42,0.43,56.18,195.2,195.2,56.18,0.56,154.95,0.59,389.0,0.55,112.0,0.6,713.0,0.54,40.0,0.61,541.0,0.53,270.0,0.62,454.0,0.52,511.92,0.63,384.0,0.41,389.0,0.44,154.95,0.4,713.0,0.45,112.0,0.39,541.0,0.46,40.0,0.38,454.0,0.47,270.0,0.37,384.0,0.48,511.92
2026-01-07 04:00:18.641000+00:00,2026-01-07 04:00:16.101571+00:00,18.641,0.575,0.57,0.58,0.425,0.42,0.43,21.58,164.0,164.0,21.58,0.56,114.95,0.59,419.0,0.55,283.0,0.6,656.0,0.54,223.0,0.61,529.0,0.53,344.0,0.62,454.0,0.52,559.92,0.63,384.0,0.41,419.0,0.44,114.95,0.4,656.0,0.45,283.0,0.39,529.0,0.46,223.0,0.38,454.0,0.47,344.0,0.37,384.0,0.48,559.92
2026-01-07 04:00:19.748000+00:00,2026-01-07 04:00:17.106601+00:00,19.748,0.575,0.57,0.58,0.425,0.42,0.43,21.58,164.0,164.0,21.58,0.56,99.95,0.59,518.0,0.55,367.0,0.6,656.0,0.54,223.0,0.61,529.0,0.53,396.0,0.62,454.0,0.52,511.92,0.63,384.0,0.41,518.0,0.44,99.95,0.4,656.0,0.45,367.0,0.39,529.0,0.46,223.0,0.38,454.0,0.47,349.0,0.37,384.0,0.48,559.92
2026-01-07 04:00:20.759000+00:00,2026-01-07 04:00:18.111904+00:00,20.759,0.575,0.57,0.58,0.425,0.42,0.43,21.58,164.0,164.0,21.58,0.56,114.95,0.59,533.0,0.55,367.0,0.6,641.0,0.54,223.0,0.61,529.0,0.53,349.0,0.62,454.0,0.52,559.92,0.63,384.0,0.41,533.0,0.44,114.95,0.4,641.0,0.45,367.0,0.39,529.0,0.46,223.0,0.38,454.0,0.47,349.0,0.37,384.0,0.48,559.92
2026-01-07 04:00:21.798000+00:00,2026-01-07 04:00:19.134437+00:00,21.798,0.575,0.57,0.58,0.425,0.42,0.43,21.58,94.0,94.0,26.58,0.56,109.95,0.59,533.0,0.55,367.0,0.6,641.0,0.54,223.0,0.61,529.0,0.53,349.0,0.62,454.0,0.52,559.92,0.63,384.0,0.41,533.0,0.44,109.95,0.4,641.0,0.45,367.0,0.39,529.0,0.46,223.0,0.38,454.0,0.47,349.0,0.37,384.0,0.48,559.92
2026-01-07 04:00:22.823000+00:00,2026-01-07 04:00:20.138595+00:00,22.823,0.555,0.55,0.56,0.455,0.45,0.46,218.0,202.0,45.0,5.0,0.54,203.0,0.57,368.0,0.53,349.0,0.58,507.0,0.52,521.92,0.59,424.0,0.51,510.75,0.6,629.0,0.5,601.28,0.61,514.0,0.44,170.0,0.47,10.0,0.43,499.0,0.48,355.92,0.42,508.0,0.49,438.75,0.41,424.0,0.5,607.28,0.4,629.0,0.51,663.5
2026-01-07 04:00:23.819000+00:00,2026-01-07 04:00:21.145817+00:00,23.819,0.53,0.52,0.54,0.47,0.46,0.48,365.92,442.72,442.72,295.92,0.51,139.75,0.55,456.87,0.5,353.28,0.56,454.0,0.49,505.5,0.57,454.0,0.48,437.3,0.58,463.0,0.47,402.1,0.59,444.0,0.45,492.87,0.49,139.75,0.44,439.0,0.5,425.28,0.43,469.0,0.51,517.5,0.42,463.0,0.52,437.3,0.41,444.0,0.53,402.1
2026-01-07 04:00:24.777000+00:00,2026-01-07 04:00:22.150020+00:00,24.777,0.525,0.52,0.53,0.475,0.47,0.48,175.62,291.0,381.0,175.62,0.51,119.75,0.54,475.72,0.5,455.28,0.55,425.87,0.49,697.5,0.56,454.0,0.48,449.3,0.57,479.0,0.47,437.1,0.58,463.0,0.46,475.72,0.49,119.75,0.45,425.87,0.5,455.28,0.44,454.0,0.51,697.5,0.43,479.0,0.52,449.3,0.42,463.0,0.53,437.1
2026-01-07 04:00:25.823000+00:00,2026-01-07 04:00:23.161730+00:00,25.823,0.525,0.52,0.53,0.485,0.48,0.49,134.78,388.0,199.22,84.75,0.51,84.75,0.54,353.72,0.5,273.28,0.55,450.87,0.49,309.5,0.56,479.0,0.48,389.3,0.57,512.0,0.47,500.1,0.58,428.0,0.47,323.0,0.5,273.28,0.46,378.72,0.51,309.5,0.45,450.87,0.52,384.3,0.44,479.0,0.53,595.1,0.43,477.0,0.54,469.5
2026-01-07 04:00:26.822000+00:00,2026-01-07 04:00:24.183539+00:00,26.822,0.515,0.51,0.52,0.485,0.48,0.49,84.75,326.86,414.78,84.75,0.5,278.28,0.53,534.0,0.49,294.5,0.54,448.72,0.48,384.3,0.55,450.87,0.47,590.1,0.56,521.0,0.46,469.5,0.57,419.0,0.47,444.0,0.5,278.28,0.46,448.72,0.51,294.5,0.45,450.87,0.52,384.3,0.44,464.0,0.53,590.1,0.43,477.0,0.54,469.5
2026-01-07 04:00:27.871000+00:00,2026-01-07 04:00:25.193130+00:00,27.871,0.505,0.5,0.51,0.495,0.49,0.5,151.28,542.25,542.25,29.28,0.49,259.5,0.52,341.22,0.48,98.3,0.53,479.0,0.47,146.1,0.54,502.72,0.46,223.5,0.55,450.87,0.45,384.0,0.56,419.0,0.48,351.22,0.51,259.5,0.47,479.0,0.52,98.3,0.46,502.72,0.53,146.1,0.45,450.87,0.54,223.5,0.44,419.0,0.55,384.0
2026-01-07 04:00:28.840000+00:00,2026-01-07 04:00:26.214277+00:00,28.84,0.495,0.49,0.5,0.515,0.51,0.52,198.5,255.0,45.0,98.3,0.48,103.3,0.51,473.25,0.47,170.1,0.52,361.22,0.46,382.5,0.53,469.0,0.45,349.0,0.54,502.72,0.44,444.0,0.55,430.87,0.5,230.0,0.53,175.1,0.49,451.25,0.54,382.5,0.48,361.22,0.55,349.0,0.47,469.0,0.56,444.0,0.46,467.72,0.57,314.0
2026-01-07 04:00:29.850000+00:00,2026-01-07 04:00:27.204794+00:00,29.85,0.485,0.48,0.49,0.515,0.51,0.52,103.3,239.87,239.87,103.3,0.47,170.1,0.5,200.0,0.46,337.5,0.51,438.25,0.45,349.0,0.52,361.22,0.44,459.0,0.53,469.0,0.43,314.0,0.54,467.72,0.5,200.0,0.53,170.1,0.49,438.25,0.54,337.5,0.48,361.22,0.55,349.0,0.47,469.0,0.56,424.0,0.46,467.72,0.57,339.0
2026-01-07 04:00:30.864000+00:00,2026-01-07 04:00:28.211713+00:00,30.864,0.485,0.48,0.49,0.515,0.51,0.52,103.3,259.87,259.87,22.0,0.47,170.1,0.5,200.0,0.46,337.5,0.51,448.25,0.45,349.0,0.52,366.22,0.44,424.0,0.53,454.0,0.43,339.0,0.54,467.72,0.5,200.0,0.53,87.0,0.49,448.25,0.54,252.6,0.48,366.22,0.55,349.0,0.47,454.0,0.56,424.0,0.46,467.72,0.57,339.0
2026-01-07 04:00:31.448000+00:00,2026-01-07 04:00:29.220193+00:00,31.448,0.485,0.48,0.49,0.515,0.51,0.52,17.0,224.87,224.87,17.0,0.47,68.0,0.5,212.0,0.46,321.6,0.51,448.25,0.45,349.0,0.52,339.22,0.44,424.0,0.53,469.0,0.43,339.0,0.54,467.72,0.5,212.0,0.53,68.0,0.49,448.25,0.54,321.6,0.48,354.22,0.55,349.0,0.47,454.0,0.56,424.0,0.46,467.72,0.57,339.0
2026-01-07 04:00:32.849000+00:00,2026-01-07 04:00:30.225950+00:00,32.849,0.485,0.48,0.49,0.515,0.51,0.52,17.0,154.87,154.87,17.0,0.47,68.0,0.5,212.0,0.46,321.6,0.51,448.25,0.45,349.0,0.52,354.22,0.44,424.0,0.53,454.0,0.43,339.0,0.54,467.72,0.5,212.0,0.53,68.0,0.49,448.25,0.54,321.6,0.48,354.22,0.55,349.0,0.47,454.0,0.56,424.0,0.46,467.72,0.57,339.0
2026-01-07 04:00:33.822000+00:00,2026-01-07 04:00:31.245021+00:00,33.822,0.485,0.48,0.49,0.515,0.51,0.52,22.0,397.87,407.87,22.0,0.47,41.0,0.5,514.0,0.46,80.6,0.51,438.25,0.45,57.0,0.52,354.22,0.44,303.0,0.53,454.0,0.43,339.0,0.54,413.72,0.5,504.0,0.53,41.0,0.49,438.25,0.54,80.6,0.48,354.22,0.55,57.0,0.47,454.0,0.56,303.0,0.46,413.72,0.57,339.0
2026-01-07 04:00:34.915000+00:00,2026-01-07 04:00:32.252560+00:00,34.915,0.485,0.48,0.49,0.515,0.51,0.52,22.0,382.87,390.87,22.0,0.47,41.0,0.5,514.0,0.46,80.6,0.51,438.25,0.45,57.0,0.52,354.22,0.44,303.0,0.53,454.0,0.43,339.0,0.54,413.72,0.5,514.0,0.53,41.0,0.49,438.25,0.54,80.6,0.48,354.22,0.55,57.0,0.47,454.0,0.56,303.0,0.46,413.72,0.57,339.0
2026-01-07 04:00:35.661000+00:00,2026-01-07 04:00:33.266226+00:00,35.661,0.485,0.48,0.49,0.515,0.51,0.52,22.0,402.87,402.87,22.0,0.47,29.0,0.5,504.0,0.46,92.6,0.51,438.25,0.45,57.0,0.52,354.22,0.44,303.0,0.53,454.0,0.43,339.0,0.54,413.72,0.5,504.0,0.53,24.0,0.49,438.25,0.54,97.6,0.48,354.22,0.55,27.0,0.47,454.0,0.56,288.0,0.46,413.72,0.57,368.99
2026-01-07 04:00:36.925000+00:00,2026-01-07 04:00:34.269928+00:00,36.925,0.46499999999999997,0.46,0.47,0.535,0.53,0.54,37.6,202.0,202.0,32.6,0.45,183.0,0.48,295.0,0.44,402.0,0.49,552.87,0.43,224.99,0.5,481.0,0.42,339.0,0.51,414.25,0.41,354.0,0.52,371.22,0.52,356.0,0.55,188.0,0.51,552.87,0.56,402.0,0.5,481.0,0.57,224.99,0.49,414.25,0.58,339.0,0.48,371.22,0.59,354.0
2026-01-07 04:00:37.943000+00:00,2026-01-07 04:00:35.293468+00:00,37.943,0.445,0.44,0.45,0.555,0.55,0.56,29.0,98.0,123.0,29.0,0.43,110.0,0.46,238.0,0.42,240.0,0.47,684.0,0.41,374.0,0.48,490.0,0.4,564.0,0.49,450.87,0.39,339.0,0.5,434.0,0.54,238.0,0.57,80.0,0.53,684.0,0.58,240.0,0.52,505.0,0.59,374.0,0.51,465.87,0.6,564.0,0.5,434.0,0.61,339.0
2026-01-07 04:00:38.798000+00:00,2026-01-07 04:00:36.299914+00:00,38.798,0.435,0.43,0.44,0.565,0.56,0.57,47.85,85.0,100.0,47.85,0.42,300.0,0.45,89.0,0.41,488.0,0.46,393.0,0.4,564.0,0.47,593.0,0.39,339.0,0.48,454.0,0.38,314.0,0.49,403.87,0.55,79.0,0.58,300.0,0.54,403.0,0.59,488.0,0.53,588.0,0.6,564.0,0.52,479.0,0.61,339.0,0.51,403.87,0.62,314.0
2026-01-07 04:00:39.928000+00:00,2026-01-07 04:00:37.306405+00:00,39.928,0.425,0.42,0.43,0.575,0.57,0.58,183.0,100.0,95.0,183.0,0.41,556.0,0.44,149.0,0.4,588.0,0.45,213.0,0.39,334.0,0.46,357.0,0.38,339.0,0.47,566.0,0.37,199.0,0.48,424.76,0.56,159.0,0.59,556.0,0.55,213.0,0.6,588.0,0.54,357.0,0.61,334.0,0.53,566.0,0.62,339.0,0.52,430.52,0.63,199.0
2026-01-07 04:00:40.898000+00:00,2026-01-07 04:00:38.312514+00:00,40.898,0.425,0.42,0.43,0.575,0.57,0.58,188.0,95.0,120.0,183.0,0.41,539.0,0.44,164.0,0.4,600.0,0.45,225.0,0.39,334.0,0.46,345.0,0.38,344.0,0.47,566.0,0.37,199.0,0.48,430.52,0.56,130.0,0.59,434.0,0.55,150.0,0.6,564.0,0.54,333.0,0.61,349.0,0.53,566.0,0.62,338.99,0.52,430.52,0.63,121.0
2026-01-07 04:00:41.954000+00:00,2026-01-07 04:00:39.317818+00:00,41.954,0.415,0.41,0.42,0.595,0.59,0.6,36.0,165.0,45.0,672.0,0.4,672.0,0.43,214.0,0.39,516.0,0.44,355.0,0.38,378.0,0.45,544.0,0.37,334.0,0.46,454.0,0.36,346.5,0.47,441.0,0.58,130.0,0.61,516.0,0.57,204.0,0.62,378.0,0.56,320.0,0.63,334.0,0.55,544.0,0.64,346.5,0.54,419.0,0.65,141.0
2026-01-07 04:00:43.979000+00:00,2026-01-07 04:00:41.344490+00:00,43.979,0.455,0.45,0.46,0.545,0.54,0.55,50.47,165.0,155.0,50.47,0.44,178.0,0.47,710.0,0.43,349.0,0.48,415.52,0.42,433.0,0.49,388.87,0.41,477.99,0.5,419.0,0.4,833.0,0.51,415.25,0.53,708.0,0.56,178.0,0.52,415.52,0.57,349.0,0.51,388.87,0.58,433.0,0.5,419.0,0.59,477.99,0.49,415.25,0.6,833.0
2026-01-07 04:00:45.032000+00:00,2026-01-07 04:00:42.349219+00:00,45.032,0.455,0.45,0.46,0.545,0.54,0.55,27.0,115.0,115.0,27.0,0.44,122.0,0.47,684.0,0.43,201.0,0.48,510.52,0.42,389.0,0.49,459.87,0.41,493.0,0.5,454.0,0.4,883.0,0.51,364.25,0.53,684.0,0.56,122.0,0.52,510.52,0.57,201.0,0.51,459.87,0.58,389.0,0.5,454.0,0.59,493.0,0.49,364.25,0.6,883.0
2026-01-07 04:00:46.050000+00:00,2026-01-07 04:00:43.369832+00:00,46.05,0.475,0.47,0.48,0.525,0.52,0.53,115.44,101.52,94.43,105.44,0.46,146.0,0.49,41.87,0.45,454.99,0.5,117.0,0.44,439.0,0.51,185.25,0.43,474.0,0.52,224.22,0.42,454.0,0.53,314.0,0.51,41.87,0.54,227.0,0.5,117.0,0.55,414.99,0.49,185.25,0.56,384.0,0.48,224.22,0.57,439.0,0.47,314.0,0.58,419.0
2026-01-07 04:00:47.848000+00:00,2026-01-07 04:00:45.384046+00:00,47.848,0.475,0.47,0.48,0.525,0.52,0.53,156.44,115.0,115.0,156.44,0.46,547.0,0.49,201.87,0.45,424.99,0.5,187.0,0.44,474.0,0.51,255.25,0.43,384.0,0.52,294.22,0.42,384.0,0.53,384.0,0.51,201.87,0.54,547.0,0.5,187.0,0.55,424.99,0.49,255.25,0.56,474.0,0.48,294.22,0.57,384.0,0.47,384.0,0.58,384.0
2026-01-07 04:00:49.993000+00:00,2026-01-07 04:00:47.398236+00:00,49.993,0.475,0.47,0.48,0.525,0.52,0.53,86.77,264.0,249.0,5.0,0.46,454.0,0.49,371.87,0.45,458.0,0.5,382.0,0.44,474.0,0.51,399.25,0.43,413.99,0.52,493.22,0.42,384.0,0.53,409.0,0.51,371.87,0.54,271.0,0.5,443.0,0.55,130.0,0.49,399.25,0.56,363.0,0.48,493.22,0.57,413.99,0.47,409.0,0.58,384.0
2026-01-07 04:00:51.065000+00:00,2026-01-07 04:00:48.404407+00:00,51.065,0.46499999999999997,0.46,0.47,0.535,0.53,0.54,300.0,185.0,185.0,300.0,0.45,130.0,0.48,310.0,0.44,180.0,0.49,432.87,0.43,413.99,0.5,443.0,0.42,384.0,0.51,399.25,0.41,358.0,0.52,493.22,0.52,310.0,0.55,130.0,0.51,432.87,0.56,180.0,0.5,443.0,0.57,413.99,0.49,399.25,0.58,384.0,0.48,493.22,0.59,358.0
2026-01-07 04:00:52.057000+00:00,2026-01-07 04:00:49.396336+00:00,52.057,0.46499999999999997,0.46,0.47,0.535,0.53,0.54,35.0,392.12,392.12,35.0,0.45,30.0,0.48,322.0,0.44,240.0,0.49,505.87,0.43,328.99,0.5,454.0,0.42,384.0,0.51,374.25,0.41,358.0,0.52,294.22,0.52,322.0,0.55,30.0,0.51,505.87,0.56,210.0,0.5,419.0,0.57,299.0,0.49,364.25,0.58,414.0,0.48,294.22,0.59,358.0
2026-01-07 04:00:53.079000+00:00,2026-01-07 04:00:50.388121+00:00,53.079,0.455,0.45,0.46,0.54,0.53,0.55,256.0,161.26,228.0,221.0,0.44,410.0,0.47,228.0,0.43,323.0,0.48,397.0,0.42,623.0,0.49,474.87,0.41,483.0,0.5,441.0,0.4,594.0,0.51,399.25,0.52,276.0,0.56,400.0,0.51,564.87,0.57,288.0,0.5,441.0,0.58,698.0,0.49,399.25,0.59,358.0,0.48,294.22,0.6,594.0
2026-01-07 04:00:54.044000+00:00,2026-01-07 04:00:51.396290+00:00,54.044,0.46499999999999997,0.46,0.47,0.535,0.53,0.54,45.0,60.0,51.48,45.0,0.45,243.0,0.48,105.0,0.44,571.0,0.49,466.87,0.43,437.99,0.5,466.0,0.42,608.0,0.51,374.25,0.41,349.0,0.52,346.22,0.52,105.0,0.55,243.0,0.51,466.87,0.56,571.0,0.5,466.0,0.57,437.99,0.49,374.25,0.58,608.0,0.48,346.22,0.59,349.0
2026-01-07 04:00:55.729000+00:00,2026-01-07 04:00:53.409708+00:00,55.729,0.46499999999999997,0.46,0.47,0.535,0.53,0.54,45.0,51.48,51.48,45.0,0.45,291.0,0.48,93.0,0.44,537.0,0.49,478.87,0.43,423.99,0.5,466.0,0.42,608.0,0.51,374.25,0.41,349.0,0.52,346.22,0.52,93.0,0.55,291.0,0.51,478.87,0.56,537.0,0.5,690.0,0.57,423.99,0.49,374.25,0.58,384.0,0.48,294.22,0.59,349.0
2026-01-07 04:00:57.075000+00:00,2026-01-07 04:00:54.424376+00:00,57.075,0.46499999999999997,0.46,0.47,0.535,0.53,0.54,45.0,130.48,106.48,45.0,0.45,243.0,0.48,127.0,0.44,534.0,0.49,384.87,0.43,474.99,0.5,678.0,0.42,384.0,0.51,374.25,0.41,349.0,0.52,346.22,0.52,187.0,0.55,243.0,0.51,396.87,0.56,558.0,0.5,678.0,0.57,450.99,0.49,374.25,0.58,384.0,0.48,346.22,0.59,349.0
2026-01-07 04:00:58.827000+00:00,2026-01-07 04:00:56.433085+00:00,58.827,0.46499999999999997,0.46,0.47,0.535,0.53,0.54,45.0,106.48,106.48,45.0,0.45,291.0,0.48,175.0,0.44,537.0,0.49,396.87,0.43,423.99,0.5,690.0,0.42,384.0,0.51,374.25,0.41,349.0,0.52,294.22,0.52,297.0,0.55,291.0,0.51,396.87,0.56,537.0,0.5,690.0,0.57,423.99,0.49,374.25,0.58,384.0,0.48,294.22,0.59,349.0
2026-01-07 04:00:59.893000+00:00,2026-01-07 04:00:57.439197+00:00,59.893,0.46499999999999997,0.46,0.47,0.535,0.53,0.54,45.0,106.48,106.48,45.0,0.45,108.0,0.48,358.0,0.44,218.0,0.49,396.87,0.43,423.99,0.5,690.0,0.42,384.0,0.51,374.25,0.41,349.0,0.52,294.22,0.52,358.0,0.55,108.0,0.51,396.87,0.56,442.0,0.5,690.0,0.57,423.99,0.49,374.25,0.58,384.0,0.48,294.22,0.59,349.0
2026-01-07 04:01:01.124000+00:00,2026-01-07 04:00:58.464759+00:00,61.124,0.46499999999999997,0.46,0.47,0.535,0.53,0.54,45.0,106.48,121.48,45.0,0.45,27.0,0.48,370.0,0.44,478.0,0.49,419.87,0.43,413.99,0.5,665.0,0.42,384.0,0.51,399.25,0.41,349.0,0.52,294.22,0.52,346.0,0.55,27.0,0.51,419.87,0.56,478.0,0.5,653.0,0.57,384.0,0.49,399.25,0.58,414.0,0.48,294.22,0.59,349.0
2026-01-07 04:01:02.134000+00:00,2026-01-07 04:00:59.471174+00:00,62.134,0.46499999999999997,0.46,0.47,0.55,0.54,0.56,40.0,145.48,45.0,400.0,0.45,15.0,0.48,334.0,0.44,478.0,0.49,419.87,0.43,396.0,0.5,653.0,0.42,414.0,0.51,399.25,0.41,349.0,0.52,294.22,0.53,157.48,0.57,361.0,0.52,334.0,0.58,414.0,0.51,384.87,0.59,349.0,0.5,643.0,0.6,664.0,0.49,399.25,0.61,404.0
2026-01-07 04:01:03.105000+00:00,2026-01-07 04:01:00.475505+00:00,63.105,0.45,0.44,0.46,0.55,0.54,0.56,435.0,133.41,133.41,483.0,0.43,400.99,0.47,177.48,0.42,384.0,0.48,332.0,0.41,384.0,0.49,419.87,0.4,629.0,0.5,678.0,0.39,404.0,0.51,399.25,0.53,177.48,0.57,400.99,0.52,356.0,0.58,384.0,0.51,419.87,0.59,384.0,0.5,678.0,0.6,629.0,0.49,399.25,0.61,404.0
2026-01-07 04:01:04.136000+00:00,2026-01-07 04:01:01.481475+00:00,64.136,0.45,0.44,0.46,0.55,0.54,0.56,483.0,75.41,80.41,483.0,0.43,386.0,0.47,287.48,0.42,399.0,0.48,368.0,0.41,384.0,0.49,540.87,0.4,629.0,0.5,678.0,0.39,404.0,0.51,399.25,0.53,287.48,0.57,265.0,0.52,368.0,0.58,469.0,0.51,540.87,0.59,454.0,0.5,678.0,0.6,699.0,0.49,399.25,0.61,404.0
2026-01-07 04:01:05.167000+00:00,2026-01-07 04:01:02.489501+00:00,65.167,0.45,0.44,0.46,0.55,0.54,0.56,399.0,88.41,88.41,406.0,0.43,313.0,0.47,408.48,0.42,508.0,0.48,308.0,0.41,454.0,0.49,540.87,0.4,699.0,0.5,678.0,0.39,404.0,0.51,399.25,0.53,408.48,0.57,135.0,0.52,308.0,0.58,508.0,0.51,540.87,0.59,454.0,0.5,678.0,0.6,699.0,0.49,399.25,0.61,404.0
2026-01-07 04:01:06.179000+00:00,2026-01-07 04:01:03.495986+00:00,66.179,0.45,0.44,0.46,0.555,0.55,0.56,406.0,133.41,20.0,406.0,0.43,120.0,0.47,408.48,0.42,543.0,0.48,308.0,0.41,454.0,0.49,540.87,0.4,699.0,0.5,454.0,0.39,404.0,0.51,399.25,0.54,133.41,0.57,120.0,0.53,408.48,0.58,543.0,0.52,308.0,0.59,454.0,0.51,540.87,0.6,699.0,0.5,454.0,0.61,404.0
2026-01-07 04:01:07.125000+00:00,2026-01-07 04:01:04.502371+00:00,67.125,0.445,0.44,0.45,0.555,0.55,0.56,406.0,130.0,130.0,406.0,0.43,120.0,0.46,120.41,0.42,543.0,0.47,408.48,0.41,454.0,0.48,308.0,0.4,699.0,0.49,540.87,0.39,404.0,0.5,454.0,0.54,120.41,0.57,120.0,0.53,373.48,0.58,543.0,0.52,298.0,0.59,454.0,0.51,540.87,0.6,699.0,0.5,454.0,0.61,404.0
2026-01-07 04:01:08.192000+00:00,2026-01-07 04:01:05.507566+00:00,68.192,0.42,0.41,0.43,0.585,0.58,0.59,552.0,110.0,144.0,528.0,0.4,668.99,0.44,323.0,0.39,349.0,0.45,440.0,0.38,384.0,0.46,453.41,0.37,304.0,0.47,457.48,0.36,311.5,0.48,419.0,0.57,133.0,0.6,689.0,0.56,345.0,0.61,407.0,0.55,448.0,0.62,440.0,0.54,453.41,0.63,351.0,0.53,634.48,0.64,346.5
2026-01-07 04:01:09.166000+00:00,2026-01-07 04:01:06.510848+00:00,69.166,0.415,0.41,0.42,0.585,0.58,0.59,183.83,149.0,139.0,183.83,0.4,511.0,0.43,286.0,0.39,395.0,0.44,345.0,0.38,435.0,0.45,443.0,0.37,363.0,0.46,453.41,0.36,346.5,0.47,634.48,0.57,371.0,0.6,506.0,0.56,345.0,0.61,395.0,0.55,443.0,0.62,435.0,0.54,453.41,0.63,363.0,0.53,634.48,0.64,346.5
2026-01-07 04:01:10.172000+00:00,2026-01-07 04:01:07.517496+00:00,70.172,0.405,0.4,0.41,0.595,0.59,0.6,350.0,95.0,95.0,350.0,0.39,174.0,0.42,274.0,0.38,621.0,0.43,406.0,0.37,368.99,0.44,345.0,0.36,321.5,0.45,564.0,0.35,419.0,0.46,418.41,0.58,344.0,0.61,189.0,0.57,406.0,0.62,621.0,0.56,345.0,0.63,368.99,0.55,564.0,0.64,321.5,0.54,418.41,0.65,419.0
2026-01-07 04:01:11.277000+00:00,2026-01-07 04:01:08.538215+00:00,71.277,0.405,0.4,0.41,0.595,0.59,0.6,310.0,135.0,135.0,310.0,0.39,255.0,0.42,315.0,0.38,585.0,0.43,403.0,0.37,333.99,0.44,443.0,0.36,311.5,0.45,509.0,0.35,419.0,0.46,418.41,0.58,315.0,0.61,243.0,0.57,403.0,0.62,402.0,0.56,443.0,0.63,333.99,0.55,509.0,0.64,311.5,0.54,418.41,0.65,419.0
2026-01-07 04:01:12.220000+00:00,2026-01-07 04:01:09.543339+00:00,72.22,0.405,0.4,0.41,0.595,0.59,0.6,370.0,170.0,185.0,370.0,0.39,369.0,0.42,145.0,0.38,455.0,0.43,150.0,0.37,314.0,0.44,345.0,0.36,346.5,0.45,495.0,0.35,419.0,0.46,430.41,0.58,130.0,0.61,354.0,0.57,150.0,0.62,470.0,0.56,345.0,0.63,314.0,0.55,495.0,0.64,346.5,0.54,430.41,0.65,419.0
2026-01-07 04:01:13.202000+00:00,2026-01-07 04:01:10.545838+00:00,73.202,0.405,0.4,0.41,0.595,0.59,0.6,370.0,160.6,160.6,382.0,0.39,381.0,0.42,267.0,0.38,577.0,0.43,284.0,0.37,314.0,0.44,333.0,0.36,346.5,0.45,616.0,0.35,419.0,0.46,430.41,0.58,267.0,0.61,381.0,0.57,284.0,0.62,577.0,0.56,333.0,0.63,314.0,0.55,616.0,0.64,346.5,0.54,430.41,0.65,419.0
2026-01-07 04:01:14.144000+00:00,2026-01-07 04:01:11.554200+00:00,74.144,0.405,0.4,0.41,0.595,0.59,0.6,310.0,165.6,165.6,310.0,0.39,137.0,0.42,335.0,0.38,732.0,0.43,405.0,0.37,384.0,0.44,569.0,0.36,416.5,0.45,544.0,0.35,489.0,0.46,418.41,0.58,335.0,0.61,137.0,0.57,405.0,0.62,732.0,0.56,569.0,0.63,384.0,0.55,544.0,0.64,416.5,0.54,418.41,0.65,489.0
2026-01-07 04:01:15.203000+00:00,2026-01-07 04:01:12.570236+00:00,75.203,0.405,0.4,0.41,0.595,0.59,0.6,220.0,395.45,355.45,220.0,0.39,76.0,0.42,335.0,0.38,533.0,0.43,454.0,0.37,490.0,0.44,678.0,0.36,481.5,0.45,544.0,0.35,489.0,0.46,418.41,0.58,335.0,0.61,76.0,0.57,454.0,0.62,578.0,0.56,678.0,0.63,490.0,0.55,544.0,0.64,481.5,0.54,418.41,0.65,579.0
2026-01-07 04:01:16.255000+00:00,2026-01-07 04:01:13.575739+00:00,76.255,0.405,0.4,0.41,0.595,0.59,0.6,16.66,427.0,447.0,16.66,0.39,15.0,0.42,425.0,0.38,274.0,0.43,454.0,0.37,276.0,0.44,678.0,0.36,481.5,0.45,454.0,0.35,489.0,0.46,418.41,0.58,410.0,0.62,224.0,0.57,454.0,0.63,288.0,0.56,678.0,0.64,469.5,0.55,454.0,0.65,489.0,0.54,418.41,0.66,484.0
2026-01-07 04:01:17.259000+00:00,2026-01-07 04:01:14.585843+00:00,77.259,0.405,0.4,0.41,0.595,0.59,0.6,11.66,416.0,416.0,11.66,0.39,5.0,0.42,400.0,0.38,224.0,0.43,454.0,0.37,288.0,0.44,678.0,0.36,469.5,0.45,419.0,0.35,489.0,0.46,464.41,0.58,388.0,0.61,5.0,0.57,454.0,0.62,224.0,0.56,678.0,0.63,276.0,0.55,419.0,0.64,445.5,0.54,464.41,0.65,489.0
2026-01-07 04:01:18.050000+00:00,2026-01-07 04:01:15.598085+00:00,78.05,0.395,0.39,0.4,0.605,0.6,0.61,5.0,160.34,148.34,5.0,0.38,224.0,0.41,353.0,0.37,324.0,0.42,412.0,0.36,423.5,0.43,454.0,0.35,489.0,0.44,678.0,0.34,484.0,0.45,419.0,0.59,341.0,0.62,236.0,0.58,424.0,0.63,324.0,0.57,454.0,0.64,411.5,0.56,678.0,0.65,489.0,0.55,419.0,0.66,484.0
2026-01-07 04:01:19.289000+00:00,2026-01-07 04:01:16.604404+00:00,79.289,0.395,0.39,0.4,0.605,0.6,0.61,5.0,148.34,148.34,5.0,0.38,341.0,0.41,317.0,0.37,264.0,0.42,459.0,0.36,421.5,0.43,454.0,0.35,489.0,0.44,454.0,0.34,484.0,0.45,419.0,0.59,317.0,0.62,341.0,0.58,483.0,0.63,264.0,0.57,466.0,0.64,421.5,0.56,454.0,0.65,489.0,0.55,419.0,0.66,484.0
2026-01-07 04:01:20.276000+00:00,2026-01-07 04:01:17.609605+00:00,80.276,0.395,0.39,0.4,0.605,0.6,0.61,176.0,140.0,140.0,176.0,0.38,274.0,0.41,293.0,0.37,269.99,0.42,333.0,0.36,391.5,0.43,514.0,0.35,489.0,0.44,490.0,0.34,484.0,0.45,419.0,0.59,293.0,0.62,359.0,0.58,333.0,0.63,179.99,0.57,514.0,0.64,391.5,0.56,580.0,0.65,489.0,0.55,419.0,0.66,484.0
2026-01-07 04:01:21.294000+00:00,2026-01-07 04:01:18.632113+00:00,81.294,0.395,0.39,0.4,0.585,0.58,0.59,523.99,30.0,105.0,293.0,0.38,519.0,0.41,70.0,0.37,454.0,0.42,110.0,0.36,416.5,0.43,125.0,0.35,585.0,0.44,374.0,0.34,464.0,0.45,300.0,0.57,125.0,0.6,341.0,0.56,379.0,0.61,474.0,0.55,300.0,0.62,429.0,0.54,359.0,0.63,474.0,0.53,395.48,0.64,416.5
2026-01-07 04:01:22.321000+00:00,2026-01-07 04:01:19.639306+00:00,82.321,0.41000000000000003,0.4,0.42,0.6,0.59,0.61,5.0,248.0,166.0,45.0,0.39,45.0,0.43,177.0,0.38,269.0,0.44,393.0,0.37,393.0,0.45,483.0,0.36,430.5,0.46,444.0,0.35,499.0,0.47,442.48,0.58,354.0,0.62,274.0,0.57,263.0,0.63,468.0,0.56,419.0,0.64,430.5,0.55,419.0,0.65,499.0,0.54,409.0,0.66,484.0
2026-01-07 04:01:23.283000+00:00,2026-01-07 04:01:20.662484+00:00,83.283,0.395,0.39,0.4,0.605,0.6,0.61,60.0,60.0,60.0,45.0,0.38,371.0,0.41,238.0,0.37,430.0,0.42,425.0,0.36,406.5,0.43,280.0,0.35,499.0,0.44,454.0,0.34,484.0,0.45,419.0,0.59,238.0,0.62,356.0,0.58,437.0,0.63,445.0,0.57,280.0,0.64,406.5,0.56,454.0,0.65,499.0,0.55,419.0,0.66,484.0
2026-01-07 04:01:24.331000+00:00,2026-01-07 04:01:21.666029+00:00,84.331,0.395,0.39,0.4,0.605,0.6,0.61,108.0,60.0,60.0,108.0,0.38,361.99,0.41,238.0,0.37,391.0,0.42,365.0,0.36,406.5,0.43,340.0,0.35,499.0,0.44,466.0,0.34,484.0,0.45,419.0,0.59,238.0,0.62,361.99,0.58,365.0,0.63,391.0,0.57,340.0,0.64,406.5,0.56,466.0,0.65,499.0,0.55,419.0,0.66,484.0
2026-01-07 04:01:25.286000+00:00,2026-01-07 04:01:22.672022+00:00,85.286,0.385,0.38,0.39,0.615,0.61,0.62,547.0,60.0,70.0,608.0,0.37,542.0,0.4,302.0,0.36,508.49,0.41,274.0,0.35,499.0,0.42,353.0,0.34,484.0,0.43,459.0,0.33,499.0,0.44,454.0,0.6,287.0,0.63,603.0,0.59,274.0,0.64,508.49,0.58,353.0,0.65,499.0,0.57,459.0,0.66,484.0,0.56,454.0,0.67,499.0
2026-01-07 04:01:26.268000+00:00,2026-01-07 04:01:23.680538+00:00,86.268,0.385,0.38,0.39,0.615,0.61,0.62,365.0,75.0,70.0,304.0,0.37,603.0,0.4,360.0,0.36,508.49,0.41,262.0,0.35,499.0,0.42,353.0,0.34,484.0,0.43,683.0,0.33,499.0,0.44,454.0,0.6,360.0,0.63,420.0,0.59,262.0,0.64,508.49,0.58,353.0,0.65,499.0,0.57,683.0,0.66,484.0,0.56,454.0,0.67,499.0
2026-01-07 04:01:27.394000+00:00,2026-01-07 04:01:24.684429+00:00,87.394,0.39,0.38,0.4,0.61,0.6,0.62,349.0,305.64,305.64,354.0,0.37,451.0,0.41,310.0,0.36,445.49,0.42,435.0,0.35,499.0,0.43,683.0,0.34,484.0,0.44,454.0,0.33,575.0,0.45,404.0,0.59,310.0,0.63,451.0,0.58,435.0,0.64,433.49,0.57,683.0,0.65,499.0,0.56,454.0,0.66,484.0,0.55,404.0,0.67,575.0
2026-01-07 04:01:28.304000+00:00,2026-01-07 04:01:25.688286+00:00,88.304,0.385,0.38,0.39,0.615,0.61,0.62,399.0,45.0,45.0,399.0,0.37,422.0,0.4,280.64,0.36,421.49,0.41,356.0,0.35,499.0,0.42,459.0,0.34,484.0,0.43,695.0,0.33,575.0,0.44,454.0,0.6,280.64,0.63,422.0,0.59,356.0,0.64,421.49,0.58,459.0,0.65,499.0,0.57,695.0,0.66,484.0,0.56,454.0,0.67,575.0
2026-01-07 04:01:29.391000+00:00,2026-01-07 04:01:26.707061+00:00,89.391,0.385,0.38,0.39,0.615,0.61,0.62,45.0,37.0,66.0,45.0,0.37,9.77,0.4,287.64,0.36,423.49,0.41,370.0,0.35,464.0,0.42,400.0,0.34,484.0,0.43,648.0,0.33,464.0,0.44,419.0,0.6,265.0,0.63,9.77,0.59,405.0,0.64,458.49,0.58,435.0,0.65,474.0,0.57,683.0,0.66,484.0,0.56,419.0,0.67,499.0
2026-01-07 04:01:30.383000+00:00,2026-01-07 04:01:27.726835+00:00,90.383,0.385,0.38,0.39,0.615,0.61,0.62,45.0,126.0,126.0,45.0,0.37,20.0,0.4,395.0,0.36,400.49,0.41,345.0,0.35,329.0,0.42,345.0,0.34,504.0,0.43,683.0,0.33,429.0,0.44,419.0,0.6,485.0,0.63,20.0,0.59,345.0,0.64,400.49,0.58,345.0,0.65,329.0,0.57,683.0,0.66,504.0,0.56,419.0,0.67,429.0
2026-01-07 04:01:31.390000+00:00,2026-01-07 04:01:28.735062+00:00,91.39,0.375,0.37,0.38,0.625,0.62,0.63,65.0,169.0,169.0,65.0,0.36,341.49,0.39,210.0,0.35,343.0,0.4,435.0,0.34,469.0,0.41,333.0,0.33,394.0,0.42,333.0,0.32,527.0,0.43,648.0,0.61,210.0,0.64,376.49,0.6,435.0,0.65,353.0,0.59,333.0,0.66,504.0,0.58,333.0,0.67,429.0,0.57,648.0,0.68,562.0
2026-01-07 04:01:32.430000+00:00,2026-01-07 04:01:29.740836+00:00,92.43,0.375,0.37,0.38,0.625,0.62,0.63,17.84,239.0,239.0,17.84,0.36,52.5,0.39,172.0,0.35,349.0,0.4,423.0,0.34,764.0,0.41,333.0,0.33,416.0,0.42,454.0,0.32,528.0,0.43,424.0,0.61,172.0,0.64,52.5,0.6,423.0,0.65,349.0,0.59,333.0,0.66,764.0,0.58,454.0,0.67,480.0,0.57,424.0,0.68,450.0
2026-01-07 04:01:33.416000+00:00,2026-01-07 04:01:30.747634+00:00,93.416,0.375,0.37,0.38,0.615,0.61,0.62,347.84,5.0,99.0,45.0,0.36,366.5,0.39,60.0,0.35,341.0,0.4,438.0,0.34,602.0,0.41,593.0,0.33,441.0,0.42,454.0,0.32,414.0,0.43,459.0,0.6,438.0,0.63,305.84,0.59,569.0,0.64,384.49,0.58,454.0,0.65,341.0,0.57,459.0,0.66,438.0,0.56,404.0,0.67,453.0
2026-01-07 04:01:34.437000+00:00,2026-01-07 04:01:31.752938+00:00,94.437,0.385,0.38,0.39,0.615,0.61,0.62,173.0,312.87,312.87,173.0,0.37,314.0,0.4,215.0,0.36,311.5,0.41,333.0,0.35,364.0,0.42,333.0,0.34,667.99,0.43,459.0,0.33,492.0,0.44,404.0,0.6,215.0,0.63,314.0,0.59,333.0,0.64,311.5,0.58,333.0,0.65,364.0,0.57,459.0,0.66,679.99,0.56,404.0,0.67,516.0
2026-01-07 04:01:35.397000+00:00,2026-01-07 04:01:32.755659+00:00,95.397,0.375,0.37,0.38,0.625,0.62,0.63,193.0,249.0,249.0,193.0,0.36,356.5,0.39,324.87,0.35,364.0,0.4,170.0,0.34,616.99,0.41,333.0,0.33,475.0,0.42,333.0,0.32,455.0,0.43,424.0,0.61,234.87,0.64,356.5,0.6,170.0,0.65,364.0,0.59,333.0,0.66,640.99,0.58,333.0,0.67,475.0,0.57,424.0,0.68,455.0
2026-01-07 04:01:36.439000+00:00,2026-01-07 04:01:33.761873+00:00,96.439,0.375,0.37,0.38,0.615,0.61,0.62,429.0,40.0,142.87,159.0,0.36,392.5,0.39,117.87,0.35,411.0,0.4,195.0,0.34,314.0,0.41,647.0,0.33,500.0,0.42,393.0,0.32,489.0,0.43,460.0,0.6,170.0,0.63,447.0,0.59,464.0,0.64,517.5,0.58,210.0,0.65,386.0,0.57,374.0,0.66,339.0,0.56,283.0,0.67,500.0
2026-01-07 04:01:37.450000+00:00,2026-01-07 04:01:34.771581+00:00,97.45,0.395,0.39,0.4,0.605,0.6,0.61,40.13,245.0,245.0,40.13,0.38,354.0,0.41,451.0,0.37,475.0,0.42,222.0,0.36,456.5,0.43,350.0,0.35,457.0,0.44,318.0,0.34,339.0,0.45,404.0,0.59,451.0,0.62,354.0,0.58,222.0,0.63,460.0,0.57,350.0,0.64,456.5,0.56,318.0,0.65,457.0,0.55,404.0,0.66,339.0
2026-01-07 04:01:38.466000+00:00,2026-01-07 04:01:35.793427+00:00,98.466,0.395,0.39,0.4,0.605,0.6,0.61,40.13,369.0,364.0,40.13,0.38,324.0,0.41,376.0,0.37,394.0,0.42,150.0,0.36,378.5,0.43,338.0,0.35,553.0,0.44,318.0,0.34,375.0,0.45,404.0,0.59,376.0,0.62,324.0,0.58,150.0,0.63,394.0,0.57,338.0,0.64,378.5,0.56,318.0,0.65,553.0,0.55,404.0,0.66,375.0
2026-01-07 04:01:39.424000+00:00,2026-01-07 04:01:36.798905+00:00,99.424,0.395,0.39,0.4,0.605,0.6,0.61,40.13,355.0,331.0,40.13,0.38,324.0,0.41,376.0,0.37,394.0,0.42,150.0,0.36,378.5,0.43,338.0,0.35,553.0,0.44,318.0,0.34,375.0,0.45,449.0,0.59,376.0,0.62,324.0,0.58,150.0,0.63,394.0,0.57,338.0,0.64,378.5,0.56,318.0,0.65,561.0,0.55,449.0,0.66,375.0
2026-01-07 04:01:40.367000+00:00,2026-01-07 04:01:37.814535+00:00,100.367,0.395,0.39,0.4,0.605,0.6,0.61,40.13,394.69,419.69,40.13,0.38,324.0,0.41,570.0,0.37,430.0,0.42,284.0,0.36,366.5,0.43,459.0,0.35,821.0,0.44,439.0,0.34,351.0,0.45,449.0,0.59,570.0,0.62,324.0,0.58,284.0,0.63,430.0,0.57,459.0,0.64,366.5,0.56,439.0,0.65,821.0,0.55,449.0,0.66,351.0
2026-01-07 04:01:41.433000+00:00,2026-01-07 04:01:38.821664+00:00,101.433,0.385,0.38,0.39,0.615,0.61,0.62,15.0,173.03,173.03,15.0,0.37,126.0,0.4,447.0,0.36,67.5,0.41,607.0,0.35,821.0,0.42,345.0,0.34,351.0,0.43,459.0,0.33,494.0,0.44,439.0,0.6,447.0,0.63,126.0,0.59,607.0,0.64,67.5,0.58,345.0,0.65,821.0,0.57,459.0,0.66,351.0,0.56,439.0,0.67,494.0
2026-01-07 04:01:42.336000+00:00,2026-01-07 04:01:39.828911+00:00,102.336,0.385,0.38,0.39,0.615,0.61,0.62,15.0,141.73,141.73,15.0,0.37,95.0,0.4,483.0,0.36,86.5,0.41,559.0,0.35,785.0,0.42,333.0,0.34,387.0,0.43,459.0,0.33,506.0,0.44,439.0,0.6,483.0,0.63,95.0,0.59,559.0,0.64,86.5,0.58,333.0,0.65,785.0,0.57,459.0,0.66,387.0,0.56,439.0,0.67,506.0
2026-01-07 04:01:43.508000+00:00,2026-01-07 04:01:40.834985+00:00,103.508,0.385,0.38,0.39,0.615,0.61,0.62,15.0,188.0,188.0,15.0,0.37,90.0,0.4,459.0,0.36,91.5,0.41,559.0,0.35,785.0,0.42,333.0,0.34,363.0,0.43,459.0,0.33,530.0,0.44,439.0,0.6,459.0,0.63,90.0,0.59,559.0,0.64,91.5,0.58,333.0,0.65,785.0,0.57,459.0,0.66,363.0,0.56,439.0,0.67,530.0
2026-01-07 04:01:44.516000+00:00,2026-01-07 04:01:41.841218+00:00,104.516,0.38,0.37,0.39,0.62,0.61,0.63,95.0,208.51,208.51,95.0,0.36,79.5,0.4,474.0,0.35,797.0,0.41,532.0,0.34,433.0,0.42,333.0,0.33,530.0,0.43,459.0,0.32,454.0,0.44,439.0,0.6,474.0,0.64,79.5,0.59,532.0,0.65,797.0,0.58,333.0,0.66,433.0,0.57,459.0,0.67,530.0,0.56,439.0,0.68,454.0
2026-01-07 04:01:45.530000+00:00,2026-01-07 04:01:42.848301+00:00,105.53,0.385,0.38,0.39,0.615,0.61,0.62,45.0,95.0,95.0,45.0,0.37,90.0,0.4,483.0,0.36,116.49,0.41,571.0,0.35,743.0,0.42,333.0,0.34,445.0,0.43,459.0,0.33,582.0,0.44,439.0,0.6,483.0,0.63,90.0,0.59,583.0,0.64,128.49,0.58,333.0,0.65,755.0,0.57,459.0,0.66,445.0,0.56,439.0,0.67,582.0
2026-01-07 04:01:46.441000+00:00,2026-01-07 04:01:43.868890+00:00,106.441,0.385,0.38,0.39,0.615,0.61,0.62,45.0,87.0,87.0,45.0,0.37,90.0,0.4,495.0,0.36,116.49,0.41,544.0,0.35,755.0,0.42,333.0,0.34,457.0,0.43,459.0,0.33,506.0,0.44,439.0,0.6,495.0,0.63,90.0,0.59,544.0,0.64,116.49,0.58,333.0,0.65,755.0,0.57,459.0,0.66,457.0,0.56,439.0,0.67,506.0
2026-01-07 04:01:47.534000+00:00,2026-01-07 04:01:44.889988+00:00,107.534,0.375,0.37,0.38,0.625,0.62,0.63,85.0,10.0,10.0,85.0,0.36,79.5,0.39,154.0,0.35,797.0,0.4,495.0,0.34,445.0,0.41,532.0,0.33,518.0,0.42,333.0,0.32,532.0,0.43,459.0,0.61,154.0,0.64,79.5,0.6,495.0,0.65,797.0,0.59,532.0,0.66,445.0,0.58,333.0,0.67,518.0,0.57,459.0,0.68,532.0
2026-01-07 04:01:48.544000+00:00,2026-01-07 04:01:45.897090+00:00,108.544,0.375,0.37,0.38,0.625,0.62,0.63,85.0,10.0,55.0,40.0,0.36,79.5,0.39,149.0,0.35,797.0,0.4,495.0,0.34,445.0,0.41,532.0,0.33,518.0,0.42,333.0,0.32,532.0,0.43,459.0,0.61,149.0,0.64,67.5,0.6,471.0,0.65,797.0,0.59,532.0,0.66,363.0,0.58,333.0,0.67,518.0,0.57,459.0,0.68,532.0
2026-01-07 04:01:49.578000+00:00,2026-01-07 04:01:46.905420+00:00,109.578,0.375,0.37,0.38,0.625,0.62,0.63,5.0,299.36,299.36,5.0,0.36,396.5,0.39,174.0,0.35,658.0,0.4,308.0,0.34,375.0,0.41,333.0,0.33,436.0,0.42,333.0,0.32,693.0,0.43,459.0,0.61,174.0,0.64,396.5,0.6,308.0,0.65,658.0,0.59,333.0,0.66,375.0,0.58,333.0,0.67,436.0,0.57,459.0,0.68,693.0
2026-01-07 04:01:50.585000+00:00,2026-01-07 04:01:47.910725+00:00,110.585,0.375,0.37,0.38,0.625,0.62,0.63,40.0,294.36,294.36,5.0,0.36,371.5,0.39,222.0,0.35,719.0,0.4,308.0,0.34,339.0,0.41,333.0,0.33,472.0,0.42,333.0,0.32,634.0,0.43,459.0,0.61,222.0,0.64,361.5,0.6,308.0,0.65,684.0,0.59,333.0,0.66,339.0,0.58,333.0,0.67,437.0,0.57,459.0,0.68,634.0
2026-01-07 04:01:51.502000+00:00,2026-01-07 04:01:48.920677+00:00,111.502,0.37,0.36,0.38,0.63,0.62,0.64,396.5,273.69,273.69,396.5,0.35,664.0,0.39,344.0,0.34,368.99,0.4,308.0,0.33,472.0,0.41,333.0,0.32,669.0,0.42,454.0,0.31,449.0,0.43,459.0,0.61,344.0,0.65,664.0,0.6,308.0,0.66,368.99,0.59,333.0,0.67,472.0,0.58,454.0,0.68,669.0,0.57,459.0,0.69,449.0
2026-01-07 04:01:52.501000+00:00,2026-01-07 04:01:49.928566+00:00,112.501,0.37,0.36,0.38,0.63,0.62,0.64,92.5,317.69,317.69,92.5,0.35,469.0,0.39,369.0,0.34,380.99,0.4,308.0,0.33,472.0,0.41,333.0,0.32,669.0,0.42,454.0,0.31,449.0,0.43,459.0,0.61,369.0,0.65,484.0,0.6,308.0,0.66,351.0,0.59,333.0,0.67,472.0,0.58,454.0,0.68,591.0,0.57,459.0,0.69,449.0
2026-01-07 04:01:53.592000+00:00,2026-01-07 04:01:50.919088+00:00,113.592,0.365,0.36,0.37,0.635,0.63,0.64,7.5,461.0,522.0,7.5,0.35,354.0,0.38,327.69,0.34,384.0,0.39,333.0,0.33,429.0,0.4,454.0,0.32,545.0,0.41,454.0,0.31,543.0,0.42,419.0,0.62,327.69,0.65,50.0,0.61,333.0,0.66,80.0,0.6,454.0,0.67,246.0,0.59,454.0,0.68,545.0,0.58,419.0,0.69,543.0
2026-01-07 04:01:54.620000+00:00,2026-01-07 04:01:51.926348+00:00,114.62,0.355,0.35,0.36,0.645,0.64,0.65,60.0,292.5,292.5,60.0,0.34,55.0,0.37,464.0,0.33,171.0,0.38,339.69,0.32,574.99,0.39,333.0,0.31,438.0,0.4,454.0,0.3,486.0,0.41,454.0,0.63,464.0,0.66,55.0,0.62,339.69,0.67,171.0,0.61,333.0,0.68,574.99,0.6,454.0,0.69,438.0,0.59,454.0,0.7,486.0
2026-01-07 04:01:55.574000+00:00,2026-01-07 04:01:52.927233+00:00,115.574,0.355,0.35,0.36,0.645,0.64,0.65,25.0,284.5,294.5,25.0,0.34,85.0,0.37,464.0,0.33,141.0,0.38,339.69,0.32,494.99,0.39,333.0,0.31,443.0,0.4,454.0,0.3,521.0,0.41,454.0,0.63,464.0,0.66,85.0,0.62,339.69,0.67,141.0,0.61,333.0,0.68,494.99,0.6,454.0,0.69,443.0,0.59,454.0,0.7,521.0
2026-01-07 04:01:56.602000+00:00,2026-01-07 04:01:53.936258+00:00,116.602,0.355,0.35,0.36,0.645,0.64,0.65,25.0,136.0,156.0,25.0,0.34,389.0,0.37,317.0,0.33,390.0,0.38,331.69,0.32,453.0,0.39,333.0,0.31,443.0,0.4,333.0,0.3,509.0,0.41,454.0,0.63,317.0,0.66,384.0,0.62,331.69,0.67,390.0,0.61,333.0,0.68,453.0,0.6,333.0,0.69,443.0,0.59,454.0,0.7,509.0
2026-01-07 04:01:57.510000+00:00,2026-01-07 04:01:54.943413+00:00,117.51,0.355,0.35,0.36,0.645,0.64,0.65,14.76,135.0,135.0,14.76,0.34,384.0,0.37,305.0,0.33,390.0,0.38,343.69,0.32,701.0,0.39,333.0,0.31,501.0,0.4,333.0,0.3,484.0,0.41,454.0,0.63,305.0,0.66,384.0,0.62,343.69,0.67,390.0,0.61,333.0,0.68,701.0,0.6,333.0,0.69,501.0,0.59,454.0,0.7,484.0
2026-01-07 04:01:58.498000+00:00,2026-01-07 04:01:55.949654+00:00,118.498,0.355,0.35,0.36,0.645,0.64,0.65,94.76,90.0,90.0,93.22,0.34,359.0,0.37,305.0,0.33,415.0,0.38,343.69,0.32,701.0,0.39,333.0,0.31,501.0,0.4,333.0,0.3,449.0,0.41,454.0,0.63,305.0,0.66,176.0,0.62,343.69,0.67,415.0,0.61,333.0,0.68,701.0,0.6,333.0,0.69,501.0,0.59,454.0,0.7,449.0
2026-01-07 04:01:59.484000+00:00,2026-01-07 04:01:56.955816+00:00,119.484,0.355,0.35,0.36,0.645,0.64,0.65,43.22,147.22,80.0,43.22,0.34,181.0,0.37,465.0,0.33,435.0,0.38,356.69,0.32,689.0,0.39,308.0,0.31,489.0,0.4,333.0,0.3,461.0,0.41,454.0,0.63,465.0,0.66,181.0,0.62,356.69,0.67,435.0,0.61,308.0,0.68,689.0,0.6,333.0,0.69,489.0,0.59,454.0,0.7,461.0
2026-01-07 04:02:00.579000+00:00,2026-01-07 04:01:57.978382+00:00,120.579,0.355,0.35,0.36,0.645,0.64,0.65,43.22,115.01,115.01,43.22,0.34,181.0,0.37,477.0,0.33,435.0,0.38,344.69,0.32,677.0,0.39,308.0,0.31,508.0,0.4,333.0,0.3,461.0,0.41,454.0,0.63,477.0,0.66,181.0,0.62,344.69,0.67,435.0,0.61,308.0,0.68,677.0,0.6,333.0,0.69,508.0,0.59,454.0,0.7,461.0
2026-01-07 04:02:01.606000+00:00,2026-01-07 04:01:58.983189+00:00,121.606,0.355,0.35,0.36,0.645,0.64,0.65,43.22,77.96,91.26,43.22,0.34,181.0,0.37,477.0,0.33,435.0,0.38,568.69,0.32,677.0,0.39,308.0,0.31,513.0,0.4,333.0,0.3,461.0,0.41,454.0,0.63,477.0,0.66,181.0,0.62,568.69,0.67,435.0,0.61,308.0,0.68,677.0,0.6,333.0,0.69,513.0,0.59,454.0,0.7,461.0
2026-01-07 04:02:02.652000+00:00,2026-01-07 04:02:00.004246+00:00,122.652,0.355,0.35,0.36,0.645,0.64,0.65,43.22,3.43,73.43,88.22,0.34,181.0,0.37,477.0,0.33,435.0,0.38,568.69,0.32,677.0,0.39,308.0,0.31,513.0,0.4,333.0,0.3,461.0,0.41,454.0,0.63,477.0,0.66,181.0,0.62,568.69,0.67,435.0,0.61,308.0,0.68,677.0,0.6,333.0,0.69,513.0,0.59,454.0,0.7,461.0
2026-01-07 04:02:03.663000+00:00,2026-01-07 04:02:01.010658+00:00,123.663,0.355,0.35,0.36,0.645,0.64,0.65,43.22,70.0,140.0,43.22,0.34,303.0,0.37,477.0,0.33,405.0,0.38,568.69,0.32,706.99,0.39,308.0,0.31,513.0,0.4,333.0,0.3,461.0,0.41,454.0,0.63,477.0,0.66,303.0,0.62,568.69,0.67,405.0,0.61,308.0,0.68,706.99,0.6,333.0,0.69,513.0,0.59,454.0,0.7,461.0
2026-01-07 04:02:04.689000+00:00,2026-01-07 04:02:02.015147+00:00,124.689,0.33999999999999997,0.33,0.35,0.665,0.66,0.67,50.0,312.78,106.0,45.0,0.32,55.0,0.36,292.22,0.31,191.0,0.37,303.0,0.3,450.0,0.38,453.69,0.29,426.0,0.39,454.0,0.28,415.0,0.4,461.0,0.65,373.78,0.68,60.0,0.64,327.22,0.69,191.0,0.63,308.0,0.7,450.0,0.62,453.69,0.71,426.0,0.61,454.0,0.72,415.0
2026-01-07 04:02:05.691000+00:00,2026-01-07 04:02:03.032627+00:00,125.691,0.335,0.33,0.34,0.665,0.66,0.67,45.0,159.0,159.0,45.0,0.32,181.0,0.35,298.0,0.31,374.0,0.36,327.22,0.3,450.0,0.37,308.0,0.29,426.0,0.38,332.69,0.28,415.0,0.39,454.0,0.65,298.0,0.68,181.0,0.64,327.22,0.69,374.0,0.63,308.0,0.7,414.0,0.62,332.69,0.71,426.0,0.61,454.0,0.72,379.0
2026-01-07 04:02:06.680000+00:00,2026-01-07 04:02:04.033371+00:00,126.68,0.335,0.33,0.34,0.665,0.66,0.67,45.0,135.0,125.0,45.0,0.32,181.0,0.35,322.0,0.31,410.0,0.36,327.22,0.3,414.0,0.37,308.0,0.29,532.0,0.38,332.69,0.28,461.0,0.39,454.0,0.65,322.0,0.68,181.0,0.64,327.22,0.69,410.0,0.63,308.0,0.7,414.0,0.62,332.69,0.71,532.0,0.61,454.0,0.72,461.0
2026-01-07 04:02:07.624000+00:00,2026-01-07 04:02:05.032941+00:00,127.624,0.335,0.33,0.34,0.665,0.66,0.67,50.0,130.0,130.0,50.0,0.32,181.0,0.35,322.0,0.31,410.0,0.36,327.22,0.3,414.0,0.37,308.0,0.29,532.0,0.38,332.69,0.28,461.0,0.39,454.0,0.65,392.0,0.68,181.0,0.64,327.22,0.69,410.0,0.63,308.0,0.7,414.0,0.62,332.69,0.71,532.0,0.61,454.0,0.72,461.0
2026-01-07 04:02:08.615000+00:00,2026-01-07 04:02:06.046453+00:00,128.615,0.345,0.34,0.35,0.655,0.65,0.66,191.17,218.22,218.22,252.17,0.33,379.0,0.36,234.0,0.32,395.0,0.37,137.0,0.31,374.0,0.38,332.69,0.3,462.0,0.39,333.0,0.29,720.0,0.4,318.0,0.64,234.0,0.67,379.0,0.63,137.0,0.68,395.0,0.62,332.69,0.69,374.0,0.61,333.0,0.7,462.0,0.6,318.0,0.71,720.0
2026-01-07 04:02:09.727000+00:00,2026-01-07 04:02:07.048085+00:00,129.727,0.345,0.34,0.35,0.655,0.65,0.66,250.65,218.22,266.22,250.65,0.33,334.0,0.36,222.0,0.32,403.0,0.37,137.0,0.31,374.0,0.38,332.69,0.3,532.0,0.39,333.0,0.29,720.0,0.4,318.0,0.64,198.0,0.67,334.0,0.63,125.0,0.68,391.0,0.62,332.69,0.69,398.0,0.61,333.0,0.7,532.0,0.6,318.0,0.71,708.0
2026-01-07 04:02:10.683000+00:00,2026-01-07 04:02:08.072309+00:00,130.683,0.345,0.34,0.35,0.655,0.65,0.66,250.65,225.22,218.84,8.17,0.33,379.0,0.36,344.0,0.32,415.0,0.37,247.0,0.31,374.0,0.38,332.69,0.3,532.0,0.39,454.0,0.29,720.0,0.4,439.0,0.64,641.0,0.67,80.0,0.63,308.0,0.68,232.0,0.62,332.69,0.69,374.0,0.61,454.0,0.7,532.0,0.6,439.0,0.71,720.0
2026-01-07 04:02:11.720000+00:00,2026-01-07 04:02:09.077268+00:00,131.72,0.345,0.34,0.35,0.655,0.65,0.66,43.17,221.84,221.84,43.17,0.33,20.0,0.36,641.0,0.32,257.0,0.37,320.0,0.31,374.0,0.38,332.69,0.3,532.0,0.39,454.0,0.29,685.0,0.4,439.0,0.64,641.0,0.67,65.0,0.63,320.0,0.68,286.99,0.62,332.69,0.69,344.0,0.61,454.0,0.7,532.0,0.6,439.0,0.71,685.0
2026-01-07 04:02:12.739000+00:00,2026-01-07 04:02:10.082856+00:00,132.739,0.345,0.34,0.35,0.655,0.65,0.66,43.17,452.84,457.84,8.17,0.33,20.0,0.36,593.0,0.32,233.0,0.37,308.0,0.31,386.0,0.38,332.69,0.3,520.0,0.39,454.0,0.29,673.0,0.4,439.0,0.64,593.0,0.67,60.0,0.63,308.0,0.68,196.0,0.62,332.69,0.69,398.0,0.61,454.0,0.7,508.0,0.6,439.0,0.71,744.0
2026-01-07 04:02:13.759000+00:00,2026-01-07 04:02:11.102634+00:00,133.759,0.345,0.34,0.35,0.655,0.65,0.66,92.17,344.84,344.84,92.17,0.33,132.0,0.36,557.0,0.32,305.0,0.37,356.0,0.31,356.0,0.38,380.69,0.3,484.0,0.39,454.0,0.29,798.0,0.4,439.0,0.64,557.0,0.67,132.0,0.63,356.0,0.68,305.0,0.62,380.69,0.69,356.0,0.61,454.0,0.7,484.0,0.6,439.0,0.71,798.0
2026-01-07 04:02:14.791000+00:00,2026-01-07 04:02:12.109056+00:00,134.791,0.345,0.34,0.35,0.655,0.65,0.66,59.17,90.0,160.0,59.17,0.33,120.0,0.36,593.0,0.32,305.0,0.37,356.0,0.31,344.0,0.38,344.69,0.3,508.0,0.39,454.0,0.29,810.0,0.4,439.0,0.64,593.0,0.67,120.0,0.63,356.0,0.68,305.0,0.62,344.69,0.69,344.0,0.61,454.0,0.7,508.0,0.6,439.0,0.71,810.0
2026-01-07 04:02:15.811000+00:00,2026-01-07 04:02:13.128736+00:00,135.811,0.345,0.34,0.35,0.655,0.65,0.66,325.41,12.0,24.0,386.41,0.33,333.0,0.36,467.0,0.32,318.0,0.37,345.0,0.31,344.0,0.38,307.69,0.3,622.0,0.39,454.0,0.29,461.0,0.4,439.0,0.64,296.0,0.67,464.0,0.63,150.0,0.68,376.0,0.62,124.69,0.69,426.0,0.61,333.0,0.7,622.0,0.6,318.0,0.71,461.0
2026-01-07 04:02:16.582000+00:00,2026-01-07 04:02:14.135114+00:00,136.582,0.355,0.35,0.36,0.645,0.64,0.65,80.0,386.0,374.88,80.0,0.34,57.41,0.37,298.0,0.33,419.0,0.38,332.69,0.32,388.0,0.39,308.0,0.31,504.0,0.4,439.0,0.3,497.0,0.41,439.0,0.63,298.0,0.66,57.41,0.62,332.69,0.67,419.0,0.61,308.0,0.68,388.0,0.6,439.0,0.69,504.0,0.59,439.0,0.7,497.0
2026-01-07 04:02:17.665000+00:00,2026-01-07 04:02:15.153522+00:00,137.665,0.355,0.35,0.36,0.645,0.64,0.65,80.0,303.63,303.63,80.0,0.34,57.41,0.37,346.0,0.33,467.0,0.38,344.69,0.32,352.0,0.39,308.0,0.31,540.0,0.4,439.0,0.3,461.0,0.41,439.0,0.63,346.0,0.66,57.41,0.62,344.69,0.67,467.0,0.61,308.0,0.68,352.0,0.6,439.0,0.69,540.0,0.59,439.0,0.7,461.0
2026-01-07 04:02:18.843000+00:00,2026-01-07 04:02:16.159441+00:00,138.843,0.345,0.34,0.35,0.665,0.66,0.67,5.0,70.0,84.0,45.0,0.33,344.0,0.36,580.63,0.32,261.99,0.37,333.0,0.31,438.0,0.38,307.69,0.3,685.0,0.39,454.0,0.29,473.0,0.4,404.0,0.65,200.0,0.68,196.0,0.64,641.63,0.69,488.0,0.63,308.0,0.7,732.0,0.62,332.69,0.71,508.0,0.61,454.0,0.72,461.0
2026-01-07 04:02:19.670000+00:00,2026-01-07 04:02:17.148061+00:00,139.67,0.335,0.33,0.34,0.665,0.66,0.67,40.0,57.0,45.23,40.0,0.32,201.0,0.35,382.0,0.31,476.0,0.36,624.63,0.3,674.0,0.37,308.0,0.29,484.0,0.38,332.69,0.28,485.0,0.39,454.0,0.65,382.0,0.68,201.0,0.64,624.63,0.69,476.0,0.63,308.0,0.7,674.0,0.62,332.69,0.71,484.0,0.61,454.0,0.72,485.0
2026-01-07 04:02:20.819000+00:00,2026-01-07 04:02:18.167614+00:00,140.819,0.335,0.33,0.34,0.665,0.66,0.67,45.0,35.23,35.23,45.0,0.32,208.0,0.35,358.0,0.31,500.0,0.36,648.63,0.3,638.0,0.37,308.0,0.29,450.0,0.38,332.69,0.28,449.0,0.39,454.0,0.65,358.0,0.68,208.0,0.64,648.63,0.69,500.0,0.63,308.0,0.7,638.0,0.62,332.69,0.71,450.0,0.61,454.0,0.72,449.0
2026-01-07 04:02:21.858000+00:00,2026-01-07 04:02:19.173674+00:00,141.858,0.335,0.33,0.34,0.665,0.66,0.67,40.0,120.46,120.46,40.0,0.32,131.0,0.35,310.0,0.31,435.0,0.36,624.63,0.3,654.99,0.37,308.0,0.29,414.0,0.38,453.69,0.28,473.0,0.39,454.0,0.65,310.0,0.68,131.0,0.64,624.63,0.69,496.0,0.63,308.0,0.7,628.99,0.62,332.69,0.71,414.0,0.61,454.0,0.72,473.0
2026-01-07 04:02:22.877000+00:00,2026-01-07 04:02:20.178697+00:00,142.877,0.325,0.32,0.33,0.675,0.67,0.68,35.0,198.0,153.0,65.0,0.31,162.0,0.34,293.46,0.3,508.99,0.35,345.0,0.29,496.0,0.36,599.63,0.28,508.0,0.37,454.0,0.27,461.0,0.38,453.69,0.66,293.46,0.69,162.0,0.65,345.0,0.7,520.99,0.64,599.63,0.71,484.0,0.63,454.0,0.72,508.0,0.62,453.69,0.73,461.0
2026-01-07 04:02:23.841000+00:00,2026-01-07 04:02:21.184226+00:00,143.841,0.325,0.32,0.33,0.675,0.67,0.68,212.12,137.93,137.93,212.12,0.31,436.0,0.34,221.46,0.3,606.99,0.35,417.0,0.29,508.0,0.36,611.63,0.28,496.0,0.37,454.0,0.27,449.0,0.38,453.69,0.66,221.46,0.69,436.0,0.65,417.0,0.7,606.99,0.64,611.63,0.71,508.0,0.63,454.0,0.72,496.0,0.62,453.69,0.73,449.0
2026-01-07 04:02:24.700000+00:00,2026-01-07 04:02:22.187625+00:00,144.7,0.325,0.32,0.33,0.67,0.66,0.68,91.12,0.63,336.46,91.12,0.31,314.0,0.34,326.46,0.3,597.99,0.35,392.0,0.29,508.0,0.36,636.63,0.28,496.0,0.37,333.0,0.27,449.0,0.38,453.69,0.65,402.0,0.69,314.0,0.64,636.63,0.7,597.99,0.63,333.0,0.71,508.0,0.62,453.69,0.72,496.0,0.61,404.0,0.73,449.0
2026-01-07 04:02:25.842000+00:00,2026-01-07 04:02:23.192395+00:00,145.842,0.33,0.32,0.34,0.67,0.66,0.68,62.0,324.69,324.69,62.0,0.31,339.0,0.35,402.0,0.3,572.99,0.36,624.63,0.29,508.0,0.37,333.0,0.28,496.0,0.38,453.69,0.27,484.0,0.39,404.0,0.65,414.0,0.69,339.0,0.64,624.63,0.7,572.99,0.63,333.0,0.71,508.0,0.62,453.69,0.72,496.0,0.61,404.0,0.73,484.0
2026-01-07 04:02:26.794000+00:00,2026-01-07 04:02:24.211964+00:00,146.794,0.33,0.32,0.34,0.67,0.66,0.68,171.0,177.92,177.92,171.0,0.31,510.0,0.35,183.0,0.3,616.99,0.36,624.63,0.29,484.0,0.37,333.0,0.28,520.0,0.38,332.69,0.27,484.0,0.39,404.0,0.65,183.0,0.69,510.0,0.64,624.63,0.7,616.99,0.63,333.0,0.71,484.0,0.62,332.69,0.72,520.0,0.61,404.0,0.73,484.0
2026-01-07 04:02:27.878000+00:00,2026-01-07 04:02:25.217122+00:00,147.878,0.33,0.32,0.34,0.67,0.66,0.68,100.0,349.15,349.15,100.0,0.31,302.0,0.35,381.0,0.3,641.99,0.36,624.63,0.29,484.0,0.37,333.0,0.28,520.0,0.38,453.69,0.27,449.0,0.39,404.0,0.65,381.0,0.69,302.0,0.64,624.63,0.7,641.99,0.63,333.0,0.71,484.0,0.62,453.69,0.72,520.0,0.61,404.0,0.73,449.0
2026-01-07 04:02:28.754000+00:00,2026-01-07 04:02:26.222015+00:00,148.754,0.33,0.32,0.34,0.67,0.66,0.68,100.0,314.15,302.38,100.0,0.31,302.0,0.35,406.0,0.3,641.99,0.36,398.0,0.29,484.0,0.37,333.0,0.28,520.0,0.38,453.69,0.27,449.0,0.39,439.0,0.65,406.0,0.69,302.0,0.64,398.0,0.7,641.99,0.63,333.0,0.71,484.0,0.62,453.69,0.72,520.0,0.61,439.0,0.73,449.0
2026-01-07 04:02:29.809000+00:00,2026-01-07 04:02:27.227626+00:00,149.809,0.33,0.32,0.34,0.675,0.67,0.68,94.11,307.38,45.0,50.0,0.31,307.0,0.35,406.0,0.3,641.99,0.36,398.0,0.29,484.0,0.37,333.0,0.28,520.0,0.38,453.69,0.27,449.0,0.39,439.0,0.66,307.38,0.69,307.0,0.65,406.0,0.7,641.99,0.64,398.0,0.71,484.0,0.63,333.0,0.72,520.0,0.62,453.69,0.73,449.0
2026-01-07 04:02:30.915000+00:00,2026-01-07 04:02:28.233108+00:00,150.915,0.335,0.33,0.34,0.67,0.66,0.68,52.0,35.0,18.58,162.0,0.32,124.0,0.35,333.0,0.31,296.0,0.36,410.0,0.3,612.0,0.37,357.0,0.29,496.0,0.38,453.69,0.28,484.0,0.39,439.0,0.65,369.0,0.69,314.0,0.64,422.0,0.7,617.99,0.63,333.0,0.71,508.0,0.62,453.69,0.72,496.0,0.61,439.0,0.73,449.0
2026-01-07 04:02:31.881000+00:00,2026-01-07 04:02:29.239917+00:00,151.881,0.325,0.32,0.33,0.675,0.67,0.68,35.0,110.0,134.0,35.0,0.31,271.0,0.34,100.0,0.3,668.0,0.35,328.0,0.29,526.0,0.36,398.0,0.28,520.0,0.37,333.0,0.27,461.0,0.38,453.69,0.66,100.0,0.69,271.0,0.65,328.0,0.7,668.0,0.64,398.0,0.71,526.0,0.63,333.0,0.72,508.0,0.62,453.69,0.73,449.0
2026-01-07 04:02:32.793000+00:00,2026-01-07 04:02:30.249413+00:00,152.793,0.325,0.32,0.33,0.675,0.67,0.68,35.0,159.06,159.06,35.0,0.31,226.0,0.34,100.0,0.3,683.0,0.35,328.0,0.29,550.0,0.36,622.0,0.28,508.0,0.37,333.0,0.27,449.0,0.38,453.69,0.66,100.0,0.69,226.0,0.65,328.0,0.7,683.0,0.64,622.0,0.71,550.0,0.63,333.0,0.72,508.0,0.62,453.69,0.73,461.0
2026-01-07 04:02:33.897000+00:00,2026-01-07 04:02:31.258505+00:00,153.897,0.325,0.32,0.33,0.6799999999999999,0.67,0.69,35.0,245.96,245.96,251.0,0.31,221.0,0.34,231.0,0.3,695.0,0.35,333.0,0.29,487.0,0.36,632.0,0.28,484.0,0.37,454.0,0.27,473.0,0.38,453.69,0.66,246.0,0.7,672.0,0.65,283.0,0.71,440.0,0.64,622.0,0.72,484.0,0.63,419.0,0.73,473.0,0.62,453.69,0.74,461.0
2026-01-07 04:02:34.794000+00:00,2026-01-07 04:02:32.266243+00:00,154.794,0.315,0.31,0.32,0.6799999999999999,0.67,0.69,139.88,38.56,288.0,184.88,0.3,511.0,0.33,283.0,0.29,439.0,0.34,402.0,0.28,484.0,0.35,293.0,0.27,589.0,0.36,657.0,0.26,461.0,0.37,454.0,0.66,402.0,0.7,564.99,0.65,293.0,0.71,409.0,0.64,657.0,0.72,484.0,0.63,454.0,0.73,589.0,0.62,438.69,0.74,461.0
2026-01-07 04:02:35.948000+00:00,2026-01-07 04:02:33.272247+00:00,155.948,0.32,0.31,0.33,0.6799999999999999,0.67,0.69,219.0,328.0,346.0,254.0,0.3,579.0,0.34,354.0,0.29,404.0,0.35,341.0,0.28,496.0,0.36,657.0,0.27,554.0,0.37,454.0,0.26,449.0,0.38,438.69,0.66,354.0,0.7,589.0,0.65,341.0,0.71,439.0,0.64,657.0,0.72,496.0,0.63,454.0,0.73,589.0,0.62,438.69,0.74,449.0
2026-01-07 04:02:36.898000+00:00,2026-01-07 04:02:34.276557+00:00,156.898,0.32,0.31,0.33,0.675,0.67,0.68,254.0,288.0,75.0,45.0,0.3,618.99,0.34,342.0,0.29,429.0,0.35,365.0,0.28,585.0,0.36,433.0,0.27,496.0,0.37,454.0,0.26,449.0,0.38,438.69,0.66,342.0,0.69,254.0,0.65,365.0,0.7,618.99,0.64,433.0,0.71,429.0,0.63,333.0,0.72,496.0,0.62,438.69,0.73,496.0
2026-01-07 04:02:37.944000+00:00,2026-01-07 04:02:35.281594+00:00,157.944,0.335,0.33,0.34,0.665,0.66,0.67,194.25,130.0,130.0,199.4,0.32,181.0,0.35,120.0,0.31,426.0,0.36,423.0,0.3,760.0,0.37,381.0,0.29,429.0,0.38,365.69,0.28,484.0,0.39,283.0,0.65,120.0,0.68,166.0,0.64,423.0,0.69,426.0,0.63,381.0,0.7,760.0,0.62,365.69,0.71,429.0,0.61,283.0,0.72,484.0
2026-01-07 04:02:38.962000+00:00,2026-01-07 04:02:36.287302+00:00,158.962,0.335,0.33,0.34,0.665,0.66,0.67,211.4,33.91,33.91,187.4,0.32,181.0,0.35,140.0,0.31,461.0,0.36,333.0,0.3,750.0,0.37,405.0,0.29,394.0,0.38,341.69,0.28,484.0,0.39,283.0,0.65,140.0,0.68,391.99,0.64,357.0,0.69,429.0,0.63,405.0,0.7,797.0,0.62,317.69,0.71,429.0,0.61,283.0,0.72,484.0
2026-01-07 04:02:39.977000+00:00,2026-01-07 04:02:37.294722+00:00,159.977,0.335,0.33,0.34,0.665,0.66,0.67,183.75,5.0,5.0,173.75,0.32,464.99,0.35,257.0,0.31,429.0,0.36,285.0,0.3,797.0,0.37,346.0,0.29,429.0,0.38,317.69,0.28,484.0,0.39,404.0,0.65,292.0,0.68,464.99,0.64,295.0,0.69,429.0,0.63,381.0,0.7,797.0,0.62,317.69,0.71,429.0,0.61,439.0,0.72,484.0
2026-01-07 04:02:40.981000+00:00,2026-01-07 04:02:38.302723+00:00,160.981,0.345,0.34,0.35,0.655,0.65,0.66,451.84,29.6,18.97,512.84,0.33,410.75,0.36,81.0,0.32,466.0,0.37,80.0,0.31,471.0,0.38,99.69,0.3,544.0,0.39,284.0,0.29,394.0,0.4,318.0,0.64,81.0,0.67,410.75,0.63,80.0,0.68,466.0,0.62,99.69,0.69,471.0,0.61,284.0,0.7,544.0,0.6,318.0,0.71,394.0
2026-01-07 04:02:41.961000+00:00,2026-01-07 04:02:39.310074+00:00,161.961,0.355,0.35,0.36,0.645,0.64,0.65,45.0,20.0,9.33,45.0,0.34,198.0,0.37,287.0,0.33,422.75,0.38,282.69,0.32,466.0,0.39,248.0,0.31,491.0,0.4,439.0,0.3,544.0,0.41,439.0,0.63,299.0,0.66,198.0,0.62,282.69,0.67,422.75,0.61,248.0,0.68,466.0,0.6,439.0,0.69,479.0,0.59,439.0,0.7,556.0
2026-01-07 04:02:43.998000+00:00,2026-01-07 04:02:41.324438+00:00,163.998,0.345,0.34,0.35,0.655,0.65,0.66,154.84,61.2,61.2,154.84,0.33,189.5,0.36,313.33,0.32,580.0,0.37,263.0,0.31,479.0,0.38,312.69,0.3,466.0,0.39,439.0,0.29,386.0,0.4,439.0,0.64,318.33,0.67,189.5,0.63,263.0,0.68,580.0,0.62,312.69,0.69,479.0,0.61,439.0,0.7,466.0,0.6,439.0,0.71,386.0
2026-01-07 04:02:44.967000+00:00,2026-01-07 04:02:42.346620+00:00,164.967,0.345,0.34,0.35,0.655,0.65,0.66,139.84,66.2,66.2,139.84,0.33,204.5,0.36,301.33,0.32,595.0,0.37,275.0,0.31,703.0,0.38,312.69,0.3,466.0,0.39,439.0,0.29,386.0,0.4,439.0,0.64,289.33,0.67,204.5,0.63,275.0,0.68,595.0,0.62,312.69,0.69,703.0,0.61,439.0,0.7,466.0,0.6,439.0,0.71,386.0
2026-01-07 04:02:46.013000+00:00,2026-01-07 04:02:43.369457+00:00,166.013,0.345,0.34,0.35,0.655,0.65,0.66,451.83,61.2,61.2,512.83,0.33,378.5,0.36,187.33,0.32,556.0,0.37,203.0,0.31,479.0,0.38,209.69,0.3,537.0,0.39,433.0,0.29,374.0,0.4,573.0,0.64,4.33,0.67,439.5,0.63,20.0,0.68,466.0,0.62,26.69,0.69,479.0,0.61,129.0,0.7,537.0,0.6,269.0,0.71,374.0
2026-01-07 04:02:47.134000+00:00,2026-01-07 04:02:44.373275+00:00,167.134,0.385,0.38,0.39,0.615,0.61,0.62,216.31,45.0,45.0,231.31,0.37,404.0,0.4,359.0,0.36,433.67,0.41,149.0,0.35,80.0,0.42,223.0,0.34,466.0,0.43,383.0,0.33,417.5,0.44,484.0,0.6,364.0,0.63,404.0,0.59,149.0,0.64,433.67,0.58,223.0,0.65,80.0,0.57,383.0,0.66,466.0,0.56,484.0,0.67,437.5
2026-01-07 04:02:48.070000+00:00,2026-01-07 04:02:45.381054+00:00,168.07,0.425,0.42,0.43,0.575,0.57,0.58,172.0,110.0,110.0,233.0,0.41,222.0,0.44,254.0,0.4,347.0,0.45,154.0,0.39,323.0,0.46,85.0,0.38,369.31,0.47,414.0,0.37,334.0,0.48,414.0,0.56,259.0,0.59,268.0,0.55,154.0,0.6,408.0,0.54,85.0,0.61,384.0,0.53,414.0,0.62,369.31,0.52,414.0,0.63,334.0
2026-01-07 04:02:49.074000+00:00,2026-01-07 04:02:46.402054+00:00,169.074,0.435,0.43,0.44,0.565,0.56,0.57,107.0,208.15,187.92,107.0,0.42,258.0,0.45,130.0,0.41,260.0,0.46,131.0,0.4,474.0,0.47,389.0,0.39,411.0,0.48,414.0,0.38,322.31,0.49,414.0,0.55,130.0,0.58,258.0,0.54,131.0,0.59,260.0,0.53,389.0,0.6,474.0,0.52,414.0,0.61,411.0,0.51,414.0,0.62,322.31
2026-01-07 04:02:50.015000+00:00,2026-01-07 04:02:47.409879+00:00,170.015,0.435,0.43,0.44,0.565,0.56,0.57,90.0,172.92,202.92,35.0,0.42,222.0,0.45,161.0,0.41,323.0,0.46,95.0,0.4,484.0,0.47,389.0,0.39,384.0,0.48,414.0,0.38,334.31,0.49,484.0,0.55,197.0,0.58,210.0,0.54,59.0,0.59,335.0,0.53,389.0,0.6,484.0,0.52,414.0,0.61,384.0,0.51,484.0,0.62,334.31
2026-01-07 04:02:51.065000+00:00,2026-01-07 04:02:48.414948+00:00,171.065,0.435,0.43,0.44,0.565,0.56,0.57,263.0,145.42,135.42,238.0,0.42,308.0,0.45,201.0,0.41,247.0,0.46,70.0,0.4,474.0,0.47,484.0,0.39,384.0,0.48,484.0,0.38,439.31,0.49,484.0,0.55,201.0,0.58,308.0,0.54,70.0,0.59,247.0,0.53,484.0,0.6,474.0,0.52,484.0,0.61,384.0,0.51,484.0,0.62,439.31
2026-01-07 04:02:52.111000+00:00,2026-01-07 04:02:49.424711+00:00,172.111,0.435,0.43,0.44,0.565,0.56,0.57,183.0,165.42,182.42,198.0,0.42,330.0,0.45,228.0,0.41,407.0,0.46,277.0,0.4,454.0,0.47,574.0,0.39,454.0,0.48,484.0,0.38,663.31,0.49,484.0,0.55,276.0,0.58,303.0,0.54,253.0,0.59,443.0,0.53,574.0,0.6,466.0,0.52,484.0,0.61,454.0,0.51,484.0,0.62,663.31
2026-01-07 04:02:53.094000+00:00,2026-01-07 04:02:50.431803+00:00,173.094,0.435,0.43,0.44,0.565,0.56,0.57,267.0,106.96,106.96,267.0,0.42,262.0,0.45,337.0,0.41,564.0,0.46,314.0,0.4,478.0,0.47,574.0,0.39,474.0,0.48,484.0,0.38,651.31,0.49,484.0,0.55,337.0,0.58,262.0,0.54,314.0,0.59,564.0,0.53,574.0,0.6,478.0,0.52,484.0,0.61,474.0,0.51,484.0,0.62,663.31
2026-01-07 04:02:54.861000+00:00,2026-01-07 04:02:52.454871+00:00,174.861,0.435,0.43,0.44,0.565,0.56,0.57,303.0,119.96,119.96,303.0,0.42,334.0,0.45,147.0,0.41,577.0,0.46,34.0,0.4,454.0,0.47,453.0,0.39,474.0,0.48,484.0,0.38,628.31,0.49,484.0,0.55,147.0,0.58,334.0,0.54,34.0,0.59,577.0,0.53,453.0,0.6,454.0,0.52,484.0,0.61,474.0,0.51,484.0,0.62,628.31
2026-01-07 04:02:56.130000+00:00,2026-01-07 04:02:53.461514+00:00,176.13,0.435,0.43,0.44,0.565,0.56,0.57,105.0,283.96,310.96,105.0,0.42,278.0,0.45,70.0,0.41,544.0,0.46,10.0,0.4,454.0,0.47,453.0,0.39,504.0,0.48,484.0,0.38,392.31,0.49,484.0,0.55,70.0,0.58,278.0,0.54,10.0,0.59,544.0,0.53,453.0,0.6,454.0,0.52,484.0,0.61,552.0,0.51,484.0,0.62,392.31
2026-01-07 04:02:57.164000+00:00,2026-01-07 04:02:54.482217+00:00,177.164,0.435,0.43,0.44,0.565,0.56,0.57,55.0,345.96,342.84,24.56,0.42,278.0,0.45,70.0,0.41,544.0,0.46,10.0,0.4,495.99,0.47,453.0,0.39,546.0,0.48,484.0,0.38,392.31,0.49,533.0,0.55,70.0,0.58,278.0,0.54,10.0,0.59,544.0,0.53,453.0,0.6,495.99,0.52,484.0,0.61,546.0,0.51,533.0,0.62,392.31
2026-01-07 04:02:58.151000+00:00,2026-01-07 04:02:55.489482+00:00,178.151,0.425,0.42,0.43,0.575,0.57,0.58,120.0,35.0,35.0,120.0,0.41,349.0,0.44,508.84,0.4,434.99,0.45,347.0,0.39,353.0,0.46,384.0,0.38,427.31,0.47,584.0,0.37,416.0,0.48,484.0,0.56,325.84,0.59,410.0,0.55,347.0,0.6,434.99,0.54,263.0,0.61,353.0,0.53,584.0,0.62,427.31,0.52,484.0,0.63,416.0
2026-01-07 04:02:59.170000+00:00,2026-01-07 04:02:56.514434+00:00,179.17,0.425,0.42,0.43,0.575,0.57,0.58,165.0,30.0,35.0,120.0,0.41,458.0,0.44,306.84,0.4,386.99,0.45,371.0,0.39,353.0,0.46,278.0,0.38,427.31,0.47,574.0,0.37,416.0,0.48,494.0,0.56,301.84,0.59,458.0,0.55,371.0,0.6,386.99,0.54,278.0,0.61,353.0,0.53,574.0,0.62,427.31,0.52,494.0,0.63,416.0
2026-01-07 04:03:00.195000+00:00,2026-01-07 04:02:57.519219+00:00,180.195,0.445,0.44,0.45,0.555,0.55,0.56,35.0,218.0,203.0,75.0,0.43,244.0,0.46,378.0,0.42,293.99,0.47,595.0,0.41,509.0,0.48,484.0,0.4,454.0,0.49,484.0,0.39,451.0,0.5,505.1,0.54,378.0,0.57,214.0,0.53,595.0,0.58,328.99,0.52,484.0,0.59,544.0,0.51,484.0,0.6,454.0,0.5,505.1,0.61,451.0
2026-01-07 04:03:01.189000+00:00,2026-01-07 04:02:58.525157+00:00,181.189,0.445,0.44,0.45,0.555,0.55,0.56,45.0,5.0,5.0,60.0,0.43,360.0,0.46,125.0,0.42,364.99,0.47,474.0,0.41,544.0,0.48,484.0,0.4,454.0,0.49,484.0,0.39,486.0,0.5,505.1,0.54,125.0,0.57,360.0,0.53,474.0,0.58,364.99,0.52,484.0,0.59,544.0,0.51,484.0,0.6,454.0,0.5,505.1,0.61,486.0
2026-01-07 04:03:02.207000+00:00,2026-01-07 04:02:59.529732+00:00,182.207,0.44,0.43,0.45,0.555,0.55,0.56,375.0,35.0,5.0,45.0,0.42,364.99,0.46,271.0,0.41,544.0,0.47,571.0,0.4,454.0,0.48,484.0,0.39,486.0,0.49,484.0,0.38,392.31,0.5,499.0,0.54,271.0,0.57,375.0,0.53,571.0,0.58,364.99,0.52,484.0,0.59,544.0,0.51,484.0,0.6,454.0,0.5,499.0,0.61,486.0
2026-01-07 04:03:03.191000+00:00,2026-01-07 04:03:00.532603+00:00,183.191,0.45,0.44,0.46,0.55,0.54,0.56,73.13,313.0,313.0,61.07,0.43,225.0,0.47,595.0,0.42,316.99,0.48,484.0,0.41,423.0,0.49,484.0,0.4,454.0,0.5,499.0,0.39,486.0,0.51,409.25,0.53,595.0,0.57,225.0,0.52,484.0,0.58,316.99,0.51,484.0,0.59,423.0,0.5,499.0,0.6,454.0,0.49,409.25,0.61,486.0
2026-01-07 04:03:04.144000+00:00,2026-01-07 04:03:01.540808+00:00,184.144,0.445,0.44,0.45,0.555,0.55,0.56,46.24,5.0,5.0,46.24,0.43,225.0,0.46,378.0,0.42,316.99,0.47,585.0,0.41,423.0,0.48,484.0,0.4,678.0,0.49,484.0,0.39,486.0,0.5,499.0,0.54,378.0,0.57,225.0,0.53,573.0,0.58,316.99,0.52,484.0,0.59,423.0,0.51,484.0,0.6,678.0,0.5,499.0,0.61,486.0
2026-01-07 04:03:05.062000+00:00,2026-01-07 04:03:02.545346+00:00,185.062,0.445,0.44,0.45,0.555,0.55,0.56,60.0,141.0,141.0,45.0,0.43,45.0,0.46,433.0,0.42,95.0,0.47,658.99,0.41,10.0,0.48,484.0,0.4,70.0,0.49,484.0,0.39,386.76,0.5,449.0,0.54,433.0,0.57,45.0,0.53,658.99,0.58,95.0,0.52,484.0,0.59,10.0,0.51,484.0,0.6,70.0,0.5,449.0,0.61,386.76
2026-01-07 04:03:06.193000+00:00,2026-01-07 04:03:03.550876+00:00,186.193,0.435,0.43,0.44,0.565,0.56,0.57,45.0,40.0,40.0,45.0,0.42,95.0,0.45,158.0,0.41,10.0,0.46,441.0,0.4,70.0,0.47,568.99,0.39,464.76,0.48,484.0,0.38,354.31,0.49,449.0,0.55,248.0,0.58,95.0,0.54,441.0,0.59,10.0,0.53,568.99,0.6,70.0,0.52,484.0,0.61,464.76,0.51,449.0,0.62,354.31
2026-01-07 04:03:07.232000+00:00,2026-01-07 04:03:04.573675+00:00,187.232,0.435,0.43,0.44,0.565,0.56,0.57,60.0,40.0,40.0,45.0,0.42,95.0,0.45,248.0,0.41,22.0,0.46,441.0,0.4,94.0,0.47,568.99,0.39,512.76,0.48,484.0,0.38,354.31,0.49,449.0,0.55,248.0,0.58,95.0,0.54,441.0,0.59,22.0,0.53,568.99,0.6,94.0,0.52,484.0,0.61,512.76,0.51,449.0,0.62,354.31
2026-01-07 04:03:08.253000+00:00,2026-01-07 04:03:05.581532+00:00,188.253,0.435,0.43,0.44,0.565,0.56,0.57,60.0,40.0,110.0,60.0,0.42,95.0,0.45,508.0,0.41,205.0,0.46,405.0,0.4,386.0,0.47,447.99,0.39,512.76,0.48,484.0,0.38,354.31,0.49,449.0,0.55,578.0,0.58,95.0,0.54,405.0,0.59,205.0,0.53,377.99,0.6,386.0,0.52,484.0,0.61,524.76,0.51,449.0,0.62,354.31
2026-01-07 04:03:09.263000+00:00,2026-01-07 04:03:06.601845+00:00,189.263,0.435,0.43,0.44,0.565,0.56,0.57,63.78,110.0,110.0,63.78,0.42,95.0,0.45,578.0,0.41,205.0,0.46,405.0,0.4,374.0,0.47,377.99,0.39,512.76,0.48,484.0,0.38,378.31,0.49,449.0,0.55,578.0,0.58,95.0,0.54,405.0,0.59,205.0,0.53,377.99,0.6,374.0,0.52,484.0,0.61,512.76,0.51,449.0,0.62,378.31
2026-01-07 04:03:10.156000+00:00,2026-01-07 04:03:07.609847+00:00,190.156,0.435,0.43,0.44,0.565,0.56,0.57,63.78,399.0,399.0,63.78,0.42,60.0,0.45,725.0,0.41,35.0,0.46,456.0,0.4,57.0,0.47,498.99,0.39,512.76,0.48,484.0,0.38,378.31,0.49,449.0,0.55,725.0,0.58,60.0,0.54,456.0,0.59,35.0,0.53,498.99,0.6,57.0,0.52,484.0,0.61,512.76,0.51,449.0,0.62,378.31
2026-01-07 04:03:11.301000+00:00,2026-01-07 04:03:08.616231+00:00,191.301,0.435,0.43,0.44,0.565,0.56,0.57,56.78,223.0,345.0,48.78,0.42,45.0,0.45,542.0,0.41,172.0,0.46,338.0,0.4,361.0,0.47,363.0,0.39,512.76,0.48,484.0,0.38,378.31,0.49,449.0,0.55,664.0,0.58,45.0,0.54,338.0,0.59,233.0,0.53,484.0,0.6,361.0,0.52,484.0,0.61,512.76,0.51,449.0,0.62,378.31
2026-01-07 04:03:12.156000+00:00,2026-01-07 04:03:09.637423+00:00,192.156,0.435,0.43,0.44,0.565,0.56,0.57,23.24,406.0,406.0,23.24,0.42,45.0,0.45,725.0,0.41,65.0,0.46,338.0,0.4,240.0,0.47,484.0,0.39,512.76,0.48,484.0,0.38,602.31,0.49,449.0,0.55,725.0,0.58,45.0,0.54,338.0,0.59,65.0,0.53,484.0,0.6,240.0,0.52,484.0,0.61,512.76,0.51,449.0,0.62,602.31
2026-01-07 04:03:13.160000+00:00,2026-01-07 04:03:10.644184+00:00,193.16,0.425,0.42,0.43,0.575,0.57,0.58,32.64,123.0,123.0,32.64,0.41,65.0,0.44,401.0,0.4,228.0,0.45,692.0,0.39,476.76,0.46,338.0,0.38,614.31,0.47,484.0,0.37,390.0,0.48,484.0,0.56,401.0,0.59,65.0,0.55,692.0,0.6,228.0,0.54,338.0,0.61,476.76,0.53,484.0,0.62,614.31,0.52,484.0,0.63,390.0
2026-01-07 04:03:14.307000+00:00,2026-01-07 04:03:11.646974+00:00,194.307,0.415,0.41,0.42,0.585,0.58,0.59,45.0,104.0,104.0,45.0,0.4,66.1,0.43,177.0,0.39,439.76,0.44,453.0,0.38,578.31,0.45,633.39,0.37,354.0,0.46,323.0,0.36,383.03,0.47,484.0,0.57,177.0,0.6,66.1,0.56,453.0,0.61,439.76,0.55,633.39,0.62,578.31,0.54,323.0,0.63,354.0,0.53,484.0,0.64,383.03
2026-01-07 04:03:15.335000+00:00,2026-01-07 04:03:12.653521+00:00,195.335,0.405,0.39,0.42,0.605,0.6,0.61,384.76,358.99,391.0,294.76,0.38,277.31,0.43,110.0,0.37,312.6,0.44,564.0,0.36,350.03,0.45,515.4,0.35,186.0,0.46,323.0,0.34,363.0,0.47,449.0,0.59,433.0,0.62,277.31,0.58,432.99,0.63,289.0,0.57,423.0,0.64,305.03,0.56,529.0,0.65,278.0,0.55,455.4,0.66,548.0
2026-01-07 04:03:16.351000+00:00,2026-01-07 04:03:13.673289+00:00,196.351,0.325,0.32,0.33,0.675,0.67,0.68,319.0,130.0,122.0,319.0,0.31,136.0,0.34,146.0,0.3,231.0,0.35,152.0,0.29,504.0,0.36,222.64,0.28,427.0,0.37,246.35,0.27,415.0,0.38,248.0,0.66,122.0,0.69,153.0,0.65,170.0,0.7,279.0,0.64,294.64,0.71,540.0,0.63,285.35,0.72,379.0,0.62,248.0,0.73,379.0
2026-01-07 04:03:17.359000+00:00,2026-01-07 04:03:14.679191+00:00,197.359,0.325,0.32,0.33,0.675,0.67,0.68,314.82,48.5,44.01,314.82,0.31,231.0,0.34,188.0,0.3,231.0,0.35,96.0,0.29,426.0,0.36,304.64,0.28,379.0,0.37,380.35,0.27,379.0,0.38,328.0,0.66,188.0,0.69,231.0,0.65,96.0,0.7,231.0,0.64,304.64,0.71,426.0,0.63,380.35,0.72,379.0,0.62,318.0,0.73,379.0
2026-01-07 04:03:18.356000+00:00,2026-01-07 04:03:15.684017+00:00,198.356,0.33999999999999997,0.33,0.35,0.655,0.65,0.66,430.15,15.0,15.0,177.0,0.32,359.64,0.36,5.0,0.31,378.0,0.38,35.0,0.3,231.0,0.39,131.0,0.29,379.0,0.4,608.0,0.28,468.0,0.41,561.0,0.64,5.0,0.67,551.15,0.62,35.0,0.68,445.64,0.61,10.0,0.69,349.0,0.6,304.0,0.7,196.0,0.59,242.0,0.71,379.0
2026-01-07 04:03:19.368000+00:00,2026-01-07 04:03:16.691803+00:00,199.368,0.385,0.38,0.39,0.615,0.61,0.62,193.0,15.0,85.0,193.0,0.37,389.0,0.4,304.0,0.36,341.0,0.41,287.0,0.35,517.0,0.42,373.0,0.34,435.0,0.43,373.0,0.33,466.15,0.44,303.0,0.6,456.0,0.63,389.0,0.59,345.0,0.64,341.0,0.58,303.0,0.65,517.0,0.57,303.0,0.66,435.0,0.56,303.0,0.67,466.15
2026-01-07 04:03:20.393000+00:00,2026-01-07 04:03:17.714364+00:00,200.393,0.385,0.38,0.39,0.615,0.61,0.62,198.0,85.0,85.0,198.0,0.37,384.0,0.4,540.0,0.36,351.0,0.41,285.0,0.35,517.0,0.42,303.0,0.34,408.0,0.43,303.0,0.33,478.15,0.44,303.0,0.6,540.0,0.63,384.0,0.59,285.0,0.64,351.0,0.58,303.0,0.65,517.0,0.57,303.0,0.66,408.0,0.56,303.0,0.67,478.15
2026-01-07 04:03:21.407000+00:00,2026-01-07 04:03:18.718154+00:00,201.407,0.385,0.38,0.39,0.615,0.61,0.62,90.0,155.0,155.0,90.0,0.37,384.0,0.4,540.0,0.36,341.0,0.41,215.0,0.35,527.0,0.42,303.0,0.34,396.0,0.43,303.0,0.33,478.15,0.44,424.0,0.6,540.0,0.63,384.0,0.59,215.0,0.64,341.0,0.58,303.0,0.65,515.0,0.57,303.0,0.66,396.0,0.56,424.0,0.67,502.15
2026-01-07 04:03:22.400000+00:00,2026-01-07 04:03:19.720946+00:00,202.4,0.385,0.38,0.39,0.615,0.61,0.62,85.0,15.0,15.0,52.74,0.37,367.6,0.4,219.0,0.36,575.0,0.41,149.0,0.35,517.0,0.42,387.99,0.34,406.0,0.43,363.0,0.33,455.15,0.44,494.0,0.6,219.0,0.63,63.6,0.59,210.0,0.64,575.0,0.58,387.99,0.65,517.0,0.57,363.0,0.66,406.0,0.56,494.0,0.67,455.15
2026-01-07 04:03:23.404000+00:00,2026-01-07 04:03:20.726425+00:00,203.404,0.425,0.42,0.43,0.575,0.57,0.58,134.72,15.0,15.0,261.72,0.41,145.0,0.44,63.0,0.4,141.0,0.45,30.4,0.39,719.28,0.46,140.0,0.38,512.74,0.47,262.99,0.37,385.0,0.48,389.0,0.56,63.0,0.59,261.0,0.55,45.4,0.6,384.0,0.54,140.0,0.61,719.28,0.53,262.99,0.62,532.74,0.52,389.0,0.63,385.0
2026-01-07 04:03:24.351000+00:00,2026-01-07 04:03:21.733419+00:00,204.351,0.455,0.45,0.46,0.545,0.54,0.55,257.6,144.95,144.95,252.6,0.44,236.0,0.47,262.99,0.43,404.0,0.48,389.0,0.42,392.72,0.49,419.0,0.41,384.0,0.5,414.0,0.4,361.1,0.51,374.25,0.53,262.99,0.56,236.0,0.52,389.0,0.57,404.0,0.51,419.0,0.58,392.72,0.5,414.0,0.59,384.0,0.49,374.25,0.6,361.1
2026-01-07 04:03:25.408000+00:00,2026-01-07 04:03:22.740690+00:00,205.408,0.455,0.45,0.46,0.545,0.54,0.55,260.6,140.95,140.95,260.6,0.44,248.0,0.47,262.99,0.43,392.0,0.48,413.0,0.42,392.72,0.49,484.0,0.41,474.0,0.5,484.0,0.4,361.1,0.51,444.25,0.53,248.0,0.56,260.0,0.52,498.0,0.57,395.0,0.51,554.0,0.58,377.72,0.5,554.0,0.59,474.0,0.49,444.25,0.6,361.1
2026-01-07 04:03:26.417000+00:00,2026-01-07 04:03:23.749456+00:00,206.417,0.455,0.45,0.46,0.545,0.54,0.55,246.0,160.95,160.95,258.0,0.44,80.0,0.47,358.0,0.43,55.0,0.48,721.53,0.42,256.72,0.49,484.0,0.41,474.0,0.5,583.0,0.4,361.1,0.51,456.25,0.53,358.0,0.56,80.0,0.52,646.53,0.57,55.0,0.51,409.0,0.58,256.72,0.5,583.0,0.59,384.0,0.49,456.25,0.6,361.1
2026-01-07 04:03:27.438000+00:00,2026-01-07 04:03:24.757226+00:00,207.438,0.46499999999999997,0.46,0.47,0.535,0.53,0.54,161.0,183.0,183.0,249.0,0.45,296.0,0.48,758.0,0.44,45.0,0.49,459.0,0.43,147.0,0.5,629.0,0.42,236.72,0.51,501.25,0.41,588.0,0.52,334.22,0.52,374.0,0.55,304.0,0.51,374.0,0.56,216.0,0.5,531.0,0.57,394.0,0.49,436.25,0.58,221.72,0.48,443.75,0.59,410.0
2026-01-07 04:03:28.442000+00:00,2026-01-07 04:03:25.764320+00:00,208.442,0.495,0.49,0.5,0.505,0.5,0.51,61.0,102.0,109.0,96.0,0.48,264.74,0.51,251.0,0.47,276.0,0.52,166.75,0.46,260.0,0.53,581.0,0.45,376.0,0.54,548.72,0.44,166.0,0.55,520.87,0.49,286.0,0.52,298.74,0.48,176.75,0.53,299.0,0.47,581.0,0.54,295.0,0.46,548.72,0.55,364.0,0.45,555.87,0.56,166.0
2026-01-07 04:03:29.438000+00:00,2026-01-07 04:03:26.771565+00:00,209.438,0.495,0.49,0.5,0.505,0.5,0.51,60.0,44.0,44.0,60.0,0.48,245.74,0.51,234.0,0.47,363.0,0.52,142.22,0.46,258.0,0.53,522.0,0.45,324.0,0.54,590.72,0.44,166.0,0.55,520.87,0.49,234.0,0.52,245.74,0.48,154.22,0.53,363.0,0.47,522.0,0.54,258.0,0.46,590.72,0.55,324.0,0.45,520.87,0.56,166.0
2026-01-07 04:03:30.470000+00:00,2026-01-07 04:03:27.778406+00:00,210.47,0.495,0.49,0.5,0.505,0.5,0.51,449.0,9.0,9.0,419.0,0.48,299.74,0.52,103.22,0.47,474.0,0.53,564.0,0.46,369.0,0.54,468.72,0.45,279.0,0.55,415.87,0.44,166.0,0.56,439.0,0.48,68.22,0.52,364.74,0.47,564.0,0.53,399.0,0.46,358.72,0.54,369.0,0.45,340.87,0.55,335.0,0.44,414.0,0.56,166.0
2026-01-07 04:03:31.473000+00:00,2026-01-07 04:03:28.786617+00:00,211.473,0.565,0.56,0.57,0.435,0.43,0.44,106.0,344.0,344.0,228.0,0.55,111.0,0.58,46.0,0.54,268.0,0.59,125.0,0.53,589.0,0.6,181.0,0.52,389.72,0.61,404.0,0.51,577.0,0.62,379.0,0.42,46.0,0.45,228.0,0.41,125.0,0.46,268.0,0.4,181.0,0.47,509.0,0.39,404.0,0.48,389.72,0.38,379.0,0.49,543.0
2026-01-07 04:03:32.459000+00:00,2026-01-07 04:03:29.794896+00:00,212.459,0.595,0.59,0.6,0.405,0.4,0.41,46.0,314.0,311.93,64.0,0.58,41.0,0.61,414.0,0.57,228.0,0.62,349.0,0.56,243.09,0.63,369.0,0.55,328.0,0.64,304.0,0.54,261.0,0.65,454.0,0.39,414.0,0.42,81.0,0.38,349.0,0.43,228.0,0.37,364.0,0.44,233.09,0.36,319.0,0.45,303.0,0.35,314.0,0.46,307.0
2026-01-07 04:03:33.505000+00:00,2026-01-07 04:03:30.802327+00:00,213.505,0.595,0.59,0.6,0.405,0.4,0.41,41.58,10.0,19.0,51.58,0.58,72.0,0.61,414.0,0.57,276.0,0.62,434.0,0.56,238.09,0.63,519.0,0.55,313.0,0.64,444.0,0.54,213.0,0.65,384.0,0.39,399.0,0.42,101.0,0.38,434.0,0.43,298.0,0.37,524.0,0.44,273.09,0.36,484.0,0.45,348.0,0.35,419.0,0.46,248.0
2026-01-07 04:03:34.445000+00:00,2026-01-07 04:03:31.811811+00:00,214.445,0.605,0.6,0.61,0.395,0.39,0.4,136.72,531.68,531.68,164.72,0.59,175.16,0.62,304.0,0.58,187.0,0.63,394.0,0.57,338.0,0.64,494.0,0.56,273.09,0.65,509.0,0.55,349.0,0.66,514.0,0.38,304.0,0.41,211.16,0.37,394.0,0.42,187.0,0.36,551.0,0.43,338.0,0.35,521.0,0.44,273.09,0.34,538.0,0.45,349.0
2026-01-07 04:03:35.476000+00:00,2026-01-07 04:03:32.820227+00:00,215.476,0.605,0.6,0.61,0.395,0.39,0.4,340.01,117.29,117.29,315.01,0.59,221.16,0.63,304.0,0.58,248.0,0.64,316.0,0.57,248.0,0.65,468.0,0.56,273.09,0.66,725.0,0.55,573.0,0.67,593.0,0.37,304.0,0.41,221.16,0.36,316.0,0.42,248.0,0.35,468.0,0.43,248.0,0.34,725.0,0.44,273.09,0.33,593.0,0.45,573.0
2026-01-07 04:03:36.502000+00:00,2026-01-07 04:03:33.829125+00:00,216.502,0.605,0.6,0.61,0.395,0.39,0.4,215.01,123.06,103.06,203.01,0.59,110.16,0.62,248.0,0.58,65.0,0.63,316.0,0.57,248.0,0.64,388.0,0.56,273.09,0.65,480.0,0.55,452.0,0.66,743.0,0.38,304.0,0.41,122.16,0.37,316.0,0.42,65.0,0.36,388.0,0.43,248.0,0.35,480.0,0.44,273.09,0.34,743.0,0.45,452.0
2026-01-07 04:03:37.504000+00:00,2026-01-07 04:03:34.819214+00:00,217.504,0.625,0.62,0.63,0.375,0.37,0.38,152.0,152.0,140.0,100.0,0.61,50.0,0.64,278.0,0.6,327.41,0.65,474.0,0.59,282.16,0.66,606.0,0.58,248.0,0.67,524.0,0.57,334.0,0.68,484.0,0.36,266.0,0.39,110.0,0.35,486.0,0.4,327.41,0.34,618.0,0.41,246.16,0.33,536.0,0.42,248.0,0.32,496.0,0.43,334.0
2026-01-07 04:03:38.499000+00:00,2026-01-07 04:03:35.822773+00:00,218.499,0.625,0.62,0.63,0.375,0.37,0.38,85.0,301.0,306.0,73.12,0.61,99.0,0.64,466.0,0.6,192.41,0.65,498.0,0.59,221.16,0.66,655.0,0.58,248.0,0.67,548.0,0.57,248.0,0.68,449.0,0.36,466.0,0.39,66.0,0.35,498.0,0.4,204.41,0.34,655.0,0.41,221.16,0.33,548.0,0.42,248.0,0.32,449.0,0.43,248.0
2026-01-07 04:03:39.464000+00:00,2026-01-07 04:03:36.831660+00:00,219.464,0.625,0.62,0.63,0.375,0.37,0.38,216.12,5.0,5.0,226.12,0.61,354.0,0.64,195.0,0.6,302.41,0.65,360.0,0.59,266.16,0.66,743.0,0.58,369.0,0.67,506.0,0.57,472.0,0.68,508.0,0.36,195.0,0.39,344.0,0.35,360.0,0.4,302.41,0.34,743.0,0.41,266.16,0.33,518.0,0.42,369.0,0.32,508.0,0.43,472.0
2026-01-07 04:03:40.543000+00:00,2026-01-07 04:03:37.856901+00:00,220.543,0.625,0.62,0.63,0.375,0.37,0.38,233.48,5.0,5.0,220.84,0.61,359.0,0.64,195.0,0.6,302.41,0.65,360.0,0.59,266.16,0.66,731.0,0.58,369.0,0.67,530.0,0.57,472.0,0.68,508.0,0.36,195.0,0.39,359.0,0.35,360.0,0.4,302.41,0.34,731.0,0.41,266.16,0.33,530.0,0.42,369.0,0.32,508.0,0.43,472.0
2026-01-07 04:03:41.487000+00:00,2026-01-07 04:03:38.863600+00:00,221.487,0.605,0.6,0.61,0.395,0.39,0.4,288.41,179.28,179.28,268.41,0.59,70.16,0.62,339.0,0.58,65.0,0.63,379.0,0.57,472.0,0.64,575.0,0.56,218.09,0.65,586.0,0.55,228.0,0.66,713.0,0.38,339.0,0.41,70.16,0.37,334.0,0.42,65.0,0.36,575.0,0.43,472.0,0.35,586.0,0.44,218.09,0.34,713.0,0.45,228.0
2026-01-07 04:03:42.490000+00:00,2026-01-07 04:03:39.868642+00:00,222.49,0.605,0.6,0.61,0.395,0.39,0.4,144.41,225.28,225.28,109.41,0.59,130.16,0.62,339.0,0.58,89.0,0.63,440.0,0.57,472.0,0.64,551.0,0.56,218.09,0.65,598.0,0.55,228.0,0.66,643.0,0.38,339.0,0.41,120.16,0.37,440.0,0.42,64.0,0.36,551.0,0.43,472.0,0.35,598.0,0.44,218.09,0.34,643.0,0.45,228.0
2026-01-07 04:03:43.487000+00:00,2026-01-07 04:03:40.876526+00:00,223.487,0.605,0.6,0.61,0.395,0.39,0.4,124.41,225.28,225.28,124.41,0.59,155.16,0.62,409.0,0.58,74.0,0.63,510.0,0.57,472.0,0.64,775.0,0.56,253.09,0.65,528.0,0.55,228.0,0.66,643.0,0.38,409.0,0.41,155.16,0.37,510.0,0.42,74.0,0.36,730.0,0.43,472.0,0.35,498.0,0.44,253.09,0.34,673.0,0.45,228.0
2026-01-07 04:03:44.546000+00:00,2026-01-07 04:03:41.866092+00:00,224.546,0.615,0.61,0.62,0.385,0.38,0.39,182.0,175.0,175.0,228.0,0.6,355.38,0.63,160.0,0.59,266.16,0.64,353.0,0.58,233.0,0.65,437.0,0.57,593.0,0.66,643.0,0.56,374.09,0.67,513.0,0.37,160.0,0.4,379.38,0.36,353.0,0.41,266.16,0.35,453.0,0.42,233.0,0.34,643.0,0.43,593.0,0.33,513.0,0.44,374.09
2026-01-07 04:03:45.556000+00:00,2026-01-07 04:03:42.876133+00:00,225.556,0.615,0.61,0.62,0.385,0.38,0.39,248.0,175.0,175.0,220.43,0.6,394.38,0.63,160.0,0.59,276.16,0.64,353.0,0.58,223.0,0.65,498.0,0.57,593.0,0.66,643.0,0.56,374.09,0.67,513.0,0.37,160.0,0.4,394.38,0.36,353.0,0.41,276.16,0.35,498.0,0.42,223.0,0.34,643.0,0.43,593.0,0.33,513.0,0.44,374.09
2026-01-07 04:03:46.561000+00:00,2026-01-07 04:03:43.885492+00:00,226.561,0.615,0.61,0.62,0.385,0.38,0.39,226.17,175.0,175.0,226.17,0.6,394.38,0.63,155.0,0.59,276.16,0.64,353.0,0.58,344.0,0.65,498.0,0.57,593.0,0.66,643.0,0.56,419.09,0.67,513.0,0.37,160.0,0.4,394.38,0.36,353.0,0.41,276.16,0.35,498.0,0.42,344.0,0.34,643.0,0.43,636.0,0.33,513.0,0.44,374.09
2026-01-07 04:03:47.563000+00:00,2026-01-07 04:03:44.893636+00:00,227.563,0.615,0.61,0.62,0.385,0.38,0.39,165.45,180.0,180.0,165.45,0.6,394.38,0.63,155.0,0.59,266.16,0.64,353.0,0.58,344.0,0.65,315.0,0.57,593.0,0.66,643.0,0.56,419.09,0.67,513.0,0.37,155.0,0.4,394.38,0.36,353.0,0.41,276.16,0.35,315.0,0.42,354.0,0.34,643.0,0.43,593.0,0.33,513.0,0.44,419.09
2026-01-07 04:03:48.582000+00:00,2026-01-07 04:03:45.897226+00:00,228.582,0.615,0.61,0.62,0.385,0.38,0.39,160.45,140.0,140.0,160.45,0.6,414.38,0.63,180.0,0.59,256.16,0.64,403.0,0.58,379.0,0.65,285.0,0.57,369.0,0.66,643.0,0.56,339.09,0.67,548.0,0.37,180.0,0.4,414.38,0.36,403.0,0.41,256.16,0.35,194.0,0.42,379.0,0.34,460.0,0.43,369.0,0.33,548.0,0.44,384.09
2026-01-07 04:03:49.552000+00:00,2026-01-07 04:03:46.900050+00:00,229.552,0.625,0.62,0.63,0.375,0.37,0.38,45.0,110.0,110.0,35.0,0.61,227.45,0.64,304.0,0.6,357.38,0.65,327.0,0.59,251.16,0.66,643.0,0.58,369.0,0.67,536.0,0.57,369.0,0.68,473.0,0.36,304.0,0.39,257.45,0.35,282.0,0.4,333.38,0.34,631.0,0.41,251.16,0.33,548.0,0.42,369.0,0.32,473.0,0.43,369.0
2026-01-07 04:03:50.483000+00:00,2026-01-07 04:03:47.906887+00:00,230.483,0.625,0.62,0.63,0.375,0.37,0.38,35.0,180.0,180.0,35.0,0.61,257.45,0.64,304.0,0.6,333.38,0.65,282.0,0.59,251.16,0.66,631.0,0.58,593.0,0.67,548.0,0.57,369.0,0.68,473.0,0.36,304.0,0.39,257.45,0.35,282.0,0.4,333.38,0.34,631.0,0.41,251.16,0.33,548.0,0.42,593.0,0.32,473.0,0.43,369.0
2026-01-07 04:03:51.553000+00:00,2026-01-07 04:03:48.914288+00:00,231.553,0.615,0.61,0.62,0.385,0.38,0.39,36.0,394.0,394.0,36.0,0.6,195.38,0.63,481.0,0.59,104.16,0.64,680.0,0.58,289.0,0.65,552.0,0.57,248.0,0.66,631.0,0.56,218.09,0.67,506.0,0.37,436.0,0.4,195.38,0.36,680.0,0.41,104.16,0.35,552.0,0.42,289.0,0.34,631.0,0.43,248.0,0.33,506.0,0.44,218.09
2026-01-07 04:03:52.528000+00:00,2026-01-07 04:03:49.921641+00:00,232.528,0.615,0.61,0.62,0.385,0.38,0.39,30.94,75.0,75.0,30.94,0.6,135.38,0.63,144.0,0.59,347.16,0.64,692.0,0.58,472.0,0.65,528.0,0.57,248.0,0.66,631.0,0.56,339.09,0.67,506.0,0.37,129.0,0.4,135.38,0.36,692.0,0.41,347.16,0.35,528.0,0.42,472.0,0.34,631.0,0.43,248.0,0.33,506.0,0.44,339.09
2026-01-07 04:03:53.101000+00:00,2026-01-07 04:03:50.928118+00:00,233.101,0.615,0.61,0.62,0.385,0.38,0.39,45.94,75.0,75.0,45.94,0.6,147.38,0.63,129.0,0.59,335.16,0.64,692.0,0.58,472.0,0.65,528.0,0.57,248.0,0.66,631.0,0.56,339.09,0.67,506.0,0.37,129.0,0.4,147.38,0.36,692.0,0.41,335.16,0.35,528.0,0.42,472.0,0.34,631.0,0.43,248.0,0.33,506.0,0.44,339.09
2026-01-07 04:03:54.617000+00:00,2026-01-07 04:03:51.935997+00:00,234.617,0.615,0.61,0.62,0.335,0.33,0.34,847.94,5.0,20.0,117.0,0.6,344.0,0.65,5.0,0.59,387.16,0.67,20.0,0.58,369.0,0.69,264.0,0.57,334.0,0.7,350.0,0.56,339.09,0.71,498.0,0.31,259.0,0.35,146.0,0.3,355.0,0.36,152.0,0.29,498.0,0.37,187.0,0.28,531.0,0.38,323.0,0.27,438.0,0.39,623.94
2026-01-07 04:03:55.587000+00:00,2026-01-07 04:03:52.941576+00:00,235.587,0.715,0.71,0.72,0.28500000000000003,0.28,0.29,30.0,133.0,133.0,55.0,0.7,65.0,0.73,423.0,0.69,40.0,0.74,470.0,0.68,222.0,0.75,550.98,0.67,112.0,0.76,426.0,0.66,111.51,0.77,298.0,0.27,328.0,0.3,30.0,0.26,430.0,0.31,30.0,0.25,441.0,0.32,309.0,0.24,456.0,0.33,173.0,0.23,298.0,0.34,111.51
2026-01-07 04:03:56.592000+00:00,2026-01-07 04:03:53.964826+00:00,236.592,0.715,0.71,0.72,0.28500000000000003,0.28,0.29,65.0,187.0,187.0,65.0,0.7,101.0,0.73,552.0,0.69,344.0,0.74,423.0,0.68,233.0,0.75,458.0,0.67,173.0,0.76,468.0,0.66,232.51,0.77,419.0,0.27,552.0,0.3,101.0,0.26,423.0,0.31,344.0,0.25,458.0,0.32,233.0,0.24,468.0,0.33,263.0,0.23,419.0,0.34,232.51
2026-01-07 04:03:57.640000+00:00,2026-01-07 04:03:54.973805+00:00,237.64,0.725,0.72,0.73,0.275,0.27,0.28,11.8,264.0,5.0,8.8,0.71,38.0,0.74,158.0,0.7,176.0,0.75,393.0,0.69,130.0,0.76,565.0,0.68,248.0,0.77,543.0,0.67,294.0,0.78,539.0,0.26,148.0,0.29,63.0,0.25,343.0,0.3,263.0,0.24,450.0,0.31,242.0,0.23,408.0,0.32,293.0,0.22,514.0,0.33,518.0
2026-01-07 04:03:58.655000+00:00,2026-01-07 04:03:55.981168+00:00,238.655,0.745,0.74,0.75,0.255,0.25,0.26,65.0,15.0,15.0,50.0,0.73,121.0,0.77,361.0,0.72,186.8,0.78,338.0,0.71,532.0,0.79,495.0,0.7,249.0,0.8,503.0,0.69,334.0,0.81,534.0,0.23,356.0,0.27,131.0,0.22,338.0,0.28,186.8,0.21,495.0,0.29,532.0,0.2,503.0,0.3,249.0,0.19,534.0,0.31,334.0
2026-01-07 04:03:59.641000+00:00,2026-01-07 04:03:56.987834+00:00,239.641,0.745,0.74,0.75,0.255,0.25,0.26,43.81,40.0,40.0,133.81,0.73,40.0,0.76,39.0,0.72,298.9,0.77,368.0,0.71,527.0,0.78,383.0,0.7,213.0,0.79,483.0,0.69,334.0,0.8,599.0,0.24,39.0,0.27,50.0,0.23,356.0,0.28,288.9,0.22,383.0,0.29,437.0,0.21,483.0,0.3,213.0,0.2,599.0,0.31,334.0
2026-01-07 04:04:00.661000+00:00,2026-01-07 04:03:57.994884+00:00,240.661,0.745,0.74,0.75,0.255,0.25,0.26,110.0,55.48,2.44,314.22,0.73,115.0,0.76,35.0,0.72,258.9,0.77,395.0,0.71,437.0,0.78,396.0,0.7,213.0,0.79,483.0,0.69,334.0,0.8,593.0,0.24,5.0,0.27,20.0,0.23,319.0,0.28,212.9,0.22,385.0,0.29,213.0,0.21,459.0,0.3,213.0,0.2,486.0,0.31,334.0
2026-01-07 04:04:01.665000+00:00,2026-01-07 04:03:59.002116+00:00,241.665,0.755,0.75,0.76,0.245,0.24,0.25,180.57,324.47,314.47,286.57,0.74,216.42,0.77,481.0,0.73,146.0,0.78,483.0,0.72,29.9,0.79,490.0,0.71,472.0,0.8,486.0,0.7,213.0,0.81,586.0,0.23,471.0,0.26,196.42,0.22,493.0,0.27,146.0,0.21,505.0,0.28,29.9,0.2,486.0,0.29,437.0,0.19,586.0,0.3,213.0
2026-01-07 04:04:02.639000+00:00,2026-01-07 04:04:00.007724+00:00,242.639,0.755,0.75,0.76,0.245,0.24,0.25,103.0,246.0,231.0,103.0,0.74,99.42,0.77,515.0,0.73,73.0,0.78,453.0,0.72,295.9,0.79,490.0,0.71,437.0,0.8,474.0,0.7,213.0,0.81,574.0,0.23,473.0,0.26,99.42,0.22,459.0,0.27,73.0,0.21,466.0,0.28,247.9,0.2,474.0,0.29,437.0,0.19,574.0,0.3,213.0
2026-01-07 04:04:03.628000+00:00,2026-01-07 04:04:01.014500+00:00,243.628,0.755,0.75,0.76,0.245,0.24,0.25,156.0,196.0,75.0,156.0,0.74,274.42,0.77,464.0,0.73,147.0,0.78,459.0,0.72,247.9,0.79,505.0,0.71,437.0,0.8,498.0,0.7,213.0,0.81,520.0,0.23,281.0,0.26,335.42,0.22,459.0,0.27,208.0,0.21,505.0,0.28,247.9,0.2,498.0,0.29,437.0,0.19,520.0,0.3,213.0
2026-01-07 04:04:04.690000+00:00,2026-01-07 04:04:02.019908+00:00,244.69,0.755,0.75,0.76,0.245,0.24,0.25,82.71,59.21,59.21,77.71,0.74,277.42,0.77,337.0,0.73,280.0,0.78,441.0,0.72,236.9,0.79,488.0,0.71,472.0,0.8,498.0,0.7,213.0,0.81,589.0,0.23,337.0,0.26,277.42,0.22,441.0,0.27,280.0,0.21,488.0,0.28,236.9,0.2,498.0,0.29,472.0,0.19,589.0,0.3,213.0
2026-01-07 04:04:05.730000+00:00,2026-01-07 04:04:03.045086+00:00,245.73,0.705,0.7,0.71,0.295,0.29,0.3,216.0,86.0,111.0,126.0,0.69,30.0,0.72,159.9,0.68,213.0,0.73,384.58,0.67,318.0,0.74,360.98,0.66,256.51,0.75,489.12,0.65,328.0,0.76,790.0,0.28,164.9,0.31,30.0,0.27,309.58,0.32,213.0,0.26,345.98,0.33,360.0,0.25,484.12,0.34,256.51,0.24,695.0,0.35,328.0
2026-01-07 04:04:06.718000+00:00,2026-01-07 04:04:04.049646+00:00,246.718,0.705,0.7,0.71,0.295,0.29,0.3,163.0,35.0,35.0,163.0,0.69,296.0,0.72,60.0,0.68,223.0,0.73,161.58,0.67,248.0,0.74,393.0,0.66,480.51,0.75,472.12,0.65,449.0,0.76,528.0,0.28,60.0,0.31,296.0,0.27,161.58,0.32,223.0,0.26,408.0,0.33,248.0,0.25,472.12,0.34,518.51,0.24,528.0,0.35,449.0
2026-01-07 04:04:07.747000+00:00,2026-01-07 04:04:05.067680+00:00,247.747,0.705,0.7,0.71,0.295,0.29,0.3,115.0,567.12,567.12,100.0,0.69,90.0,0.72,315.0,0.68,66.0,0.73,337.58,0.67,110.0,0.74,448.0,0.66,234.51,0.75,472.12,0.65,258.0,0.76,516.0,0.28,371.0,0.31,95.0,0.27,398.58,0.32,66.0,0.26,448.0,0.33,110.0,0.25,472.12,0.34,234.51,0.24,516.0,0.35,258.0
2026-01-07 04:04:08.300000+00:00,2026-01-07 04:04:06.063758+00:00,248.3,0.695,0.69,0.7,0.305,0.3,0.31,35.0,63.14,63.14,50.0,0.68,180.0,0.71,600.0,0.67,146.0,0.72,408.0,0.66,196.51,0.73,398.58,0.65,296.0,0.74,538.0,0.64,288.0,0.75,425.12,0.29,555.0,0.32,180.0,0.28,408.0,0.33,146.0,0.27,398.58,0.34,196.51,0.26,538.0,0.35,296.0,0.25,425.12,0.36,288.0
2026-01-07 04:04:09.733000+00:00,2026-01-07 04:04:07.071604+00:00,249.733,0.695,0.69,0.7,0.305,0.3,0.31,32.0,31.97,31.97,57.0,0.68,380.0,0.71,319.0,0.67,354.0,0.72,317.0,0.66,196.51,0.73,456.58,0.65,379.0,0.74,538.0,0.64,409.0,0.75,437.12,0.29,319.0,0.32,380.0,0.28,317.0,0.33,342.0,0.27,456.58,0.34,196.51,0.26,538.0,0.35,379.0,0.25,437.12,0.36,409.0
2026-01-07 04:04:10.720000+00:00,2026-01-07 04:04:08.061511+00:00,250.72,0.695,0.69,0.7,0.295,0.29,0.3,72.0,4.7,344.0,15.0,0.68,387.0,0.71,319.0,0.67,342.0,0.72,322.06,0.66,266.51,0.73,456.58,0.65,449.0,0.74,538.0,0.64,479.0,0.75,437.12,0.28,273.06,0.31,42.0,0.27,456.58,0.32,422.0,0.26,538.0,0.33,305.0,0.25,472.12,0.34,256.51,0.24,414.0,0.35,449.0
2026-01-07 04:04:11.757000+00:00,2026-01-07 04:04:09.068404+00:00,251.757,0.67,0.66,0.68,0.33,0.32,0.34,227.0,45.0,109.52,227.0,0.65,109.0,0.69,414.0,0.64,288.0,0.7,500.0,0.63,328.0,0.71,466.0,0.62,464.0,0.72,588.06,0.61,458.94,0.73,438.58,0.31,394.0,0.35,114.0,0.3,495.0,0.36,105.0,0.29,466.0,0.37,328.0,0.28,588.06,0.38,464.0,0.27,438.58,0.39,458.94
2026-01-07 04:04:12.749000+00:00,2026-01-07 04:04:10.073392+00:00,252.749,0.675,0.67,0.68,0.31,0.3,0.32,789.0,5.0,10.0,15.0,0.66,414.0,0.7,10.0,0.65,449.0,0.72,20.06,0.64,479.0,0.73,141.58,0.63,479.0,0.74,413.99,0.62,464.0,0.75,347.12,0.28,20.06,0.33,788.0,0.27,141.58,0.34,442.0,0.26,413.99,0.35,449.0,0.25,347.12,0.36,479.0,0.24,533.0,0.37,479.0
2026-01-07 04:04:13.756000+00:00,2026-01-07 04:04:11.078238+00:00,253.756,0.715,0.71,0.72,0.28500000000000003,0.28,0.29,131.0,5.06,5.06,131.0,0.7,257.0,0.73,314.58,0.69,76.0,0.74,425.99,0.68,198.0,0.75,335.12,0.67,459.0,0.76,475.0,0.66,334.0,0.77,378.0,0.27,314.58,0.3,257.0,0.26,425.99,0.31,76.0,0.25,335.12,0.32,198.0,0.24,463.0,0.33,459.0,0.23,378.0,0.34,334.0
2026-01-07 04:04:14.753000+00:00,2026-01-07 04:04:12.082404+00:00,254.753,0.725,0.72,0.73,0.275,0.27,0.28,10.0,55.8,55.8,15.0,0.71,39.65,0.74,413.0,0.7,211.0,0.75,377.12,0.69,76.0,0.76,373.0,0.68,198.0,0.77,366.0,0.67,459.0,0.78,436.0,0.26,425.0,0.29,39.65,0.25,365.12,0.3,211.0,0.24,463.0,0.31,76.0,0.23,366.0,0.32,198.0,0.22,436.0,0.33,459.0
2026-01-07 04:04:15.624000+00:00,2026-01-07 04:04:13.102763+00:00,255.624,0.725,0.72,0.73,0.275,0.27,0.28,15.0,45.8,85.8,10.0,0.71,39.65,0.74,455.0,0.7,211.0,0.75,335.12,0.69,76.0,0.76,463.0,0.68,198.0,0.77,366.0,0.67,459.0,0.78,436.0,0.26,455.0,0.29,39.65,0.25,335.12,0.3,211.0,0.24,463.0,0.31,76.0,0.23,366.0,0.32,198.0,0.22,436.0,0.33,459.0
2026-01-07 04:04:16.777000+00:00,2026-01-07 04:04:14.108020+00:00,256.777,0.705,0.7,0.71,0.295,0.29,0.3,140.0,181.35,181.35,140.0,0.69,30.0,0.72,334.0,0.68,222.0,0.73,727.45,0.67,494.0,0.74,453.0,0.66,442.0,0.75,430.12,0.65,449.0,0.76,509.0,0.28,334.0,0.31,30.0,0.27,727.45,0.32,222.0,0.26,453.0,0.33,494.0,0.25,430.12,0.34,442.0,0.24,509.0,0.35,449.0
2026-01-07 04:04:17.763000+00:00,2026-01-07 04:04:15.112798+00:00,257.763,0.705,0.7,0.71,0.295,0.29,0.3,135.0,176.75,176.75,135.0,0.69,30.0,0.72,373.0,0.68,258.0,0.73,722.45,0.67,492.0,0.74,480.0,0.66,442.0,0.75,430.12,0.65,449.0,0.76,509.0,0.28,373.0,0.31,54.0,0.27,722.45,0.32,270.0,0.26,468.0,0.33,492.0,0.25,442.12,0.34,442.0,0.24,509.0,0.35,449.0
2026-01-07 04:04:18.815000+00:00,2026-01-07 04:04:16.135691+00:00,258.815,0.715,0.71,0.72,0.29000000000000004,0.28,0.3,5.0,55.06,55.06,205.4,0.7,206.0,0.73,668.45,0.69,232.0,0.74,510.0,0.68,198.0,0.75,544.12,0.67,492.0,0.76,431.0,0.66,442.0,0.77,436.0,0.27,668.45,0.31,232.0,0.26,510.0,0.32,198.0,0.25,544.12,0.33,492.0,0.24,431.0,0.34,442.0,0.23,436.0,0.35,449.0
2026-01-07 04:04:19.822000+00:00,2026-01-07 04:04:17.140309+00:00,259.822,0.715,0.71,0.72,0.28500000000000003,0.28,0.29,15.0,75.0,75.0,114.0,0.7,194.06,0.73,643.35,0.69,208.0,0.74,444.0,0.68,198.0,0.75,538.12,0.67,492.0,0.76,419.0,0.66,404.0,0.77,424.0,0.27,633.0,0.3,90.0,0.26,434.06,0.31,208.0,0.25,550.12,0.32,235.0,0.24,431.0,0.33,492.0,0.23,448.0,0.34,404.0
2026-01-07 04:04:20.802000+00:00,2026-01-07 04:04:18.146546+00:00,260.802,0.72,0.71,0.73,0.28,0.27,0.29,139.0,474.35,474.35,154.0,0.7,70.0,0.74,434.0,0.69,298.0,0.75,562.12,0.68,235.0,0.76,443.0,0.67,492.0,0.77,448.0,0.66,404.0,0.78,413.0,0.26,434.0,0.3,70.0,0.25,562.12,0.31,298.0,0.24,443.0,0.32,198.0,0.23,448.0,0.33,529.0,0.22,413.0,0.34,404.0
2026-01-07 04:04:21.835000+00:00,2026-01-07 04:04:19.153575+00:00,261.835,0.725,0.72,0.73,0.275,0.27,0.28,398.0,191.0,121.0,426.0,0.71,573.55,0.74,304.0,0.7,278.0,0.75,304.0,0.69,445.0,0.76,367.51,0.68,389.0,0.77,597.0,0.67,389.0,0.78,358.0,0.26,304.0,0.29,568.55,0.25,304.0,0.3,278.0,0.24,391.51,0.31,445.0,0.23,615.0,0.32,319.0,0.22,393.0,0.33,319.0
2026-01-07 04:04:22.838000+00:00,2026-01-07 04:04:20.161227+00:00,262.838,0.745,0.74,0.75,0.28500000000000003,0.28,0.29,1.02,488.86,102.0,35.0,0.73,61.0,0.76,456.0,0.72,20.0,0.77,439.0,0.71,35.0,0.78,439.0,0.7,151.67,0.79,543.0,0.69,111.0,0.8,409.0,0.26,286.98,0.3,151.67,0.25,458.86,0.31,111.0,0.24,536.0,0.32,573.0,0.23,439.0,0.33,319.0,0.22,439.0,0.34,372.0
2026-01-07 04:04:23.833000+00:00,2026-01-07 04:04:21.168314+00:00,263.833,0.705,0.7,0.71,0.31,0.3,0.32,29.17,278.85,104.83,35.0,0.68,35.0,0.72,429.0,0.67,100.0,0.73,217.0,0.66,269.14,0.74,452.98,0.65,214.96,0.75,322.86,0.64,421.0,0.76,434.0,0.29,400.85,0.33,115.0,0.28,429.0,0.34,259.0,0.27,229.0,0.35,188.96,0.26,452.98,0.36,117.0,0.25,322.86,0.37,266.0
2026-01-07 04:04:24.753000+00:00,2026-01-07 04:04:22.173149+00:00,264.753,0.675,0.67,0.68,0.325,0.32,0.33,181.0,71.0,71.0,181.0,0.66,308.0,0.69,131.0,0.65,379.0,0.7,278.83,0.64,538.0,0.71,325.85,0.63,409.0,0.72,379.0,0.62,394.0,0.73,206.0,0.31,131.0,0.34,308.0,0.3,278.83,0.35,304.0,0.29,325.85,0.36,463.0,0.28,379.0,0.37,409.0,0.27,206.0,0.38,394.0
2026-01-07 04:04:25.790000+00:00,2026-01-07 04:04:23.177668+00:00,265.79,0.675,0.67,0.68,0.325,0.32,0.33,87.96,56.0,35.0,84.92,0.66,430.0,0.69,146.0,0.65,304.0,0.7,278.83,0.64,463.0,0.71,303.85,0.63,409.0,0.72,391.0,0.62,394.0,0.73,194.0,0.31,85.0,0.34,491.0,0.3,125.0,0.35,304.0,0.29,303.85,0.36,463.0,0.28,391.0,0.37,409.0,0.27,206.0,0.38,394.0
2026-01-07 04:04:26.861000+00:00,2026-01-07 04:04:24.197876+00:00,266.861,0.675,0.67,0.68,0.325,0.32,0.33,90.82,32.48,22.48,90.82,0.66,491.0,0.69,85.0,0.65,374.0,0.7,140.0,0.64,533.0,0.71,358.85,0.63,479.0,0.72,446.0,0.62,464.0,0.73,276.0,0.31,85.0,0.34,491.0,0.3,140.0,0.35,374.0,0.29,358.85,0.36,533.0,0.28,446.0,0.37,479.0,0.27,276.0,0.38,464.0
2026-01-07 04:04:27.873000+00:00,2026-01-07 04:04:25.205632+00:00,267.873,0.675,0.67,0.68,0.305,0.3,0.31,110.78,22.48,90.0,15.0,0.66,237.0,0.69,25.0,0.65,374.0,0.7,137.0,0.64,533.0,0.71,612.85,0.63,479.0,0.72,446.0,0.62,464.0,0.73,276.0,0.29,235.0,0.32,368.93,0.28,294.0,0.33,454.96,0.27,232.0,0.34,404.0,0.26,691.98,0.35,412.0,0.25,324.51,0.36,494.0
2026-01-07 04:04:28.880000+00:00,2026-01-07 04:04:26.207500+00:00,268.88,0.705,0.7,0.71,0.295,0.29,0.3,281.83,47.0,47.0,278.49,0.69,319.0,0.72,10.0,0.68,521.93,0.73,130.0,0.67,396.0,0.74,319.0,0.66,404.0,0.75,324.51,0.65,374.0,0.76,470.0,0.28,10.0,0.31,355.0,0.27,130.0,0.32,474.93,0.26,319.0,0.33,406.0,0.25,324.51,0.34,404.0,0.24,470.0,0.35,374.0
2026-01-07 04:04:29.782000+00:00,2026-01-07 04:04:27.220685+00:00,269.782,0.715,0.71,0.72,0.28500000000000003,0.28,0.29,30.0,40.0,70.0,15.0,0.7,134.83,0.73,283.0,0.69,27.0,0.74,526.0,0.68,474.93,0.75,278.51,0.67,443.0,0.76,469.0,0.66,404.0,0.77,413.0,0.27,325.0,0.3,104.84,0.26,511.0,0.31,68.96,0.25,266.51,0.32,474.93,0.24,481.0,0.33,443.0,0.23,401.0,0.34,404.0
2026-01-07 04:04:30.888000+00:00,2026-01-07 04:04:28.227001+00:00,270.888,0.705,0.7,0.71,0.295,0.29,0.3,56.84,50.0,50.0,37.04,0.69,101.96,0.72,70.0,0.68,499.93,0.73,347.0,0.67,396.0,0.74,523.0,0.66,442.0,0.75,242.51,0.65,374.0,0.76,458.0,0.28,70.0,0.31,101.96,0.27,347.0,0.32,499.93,0.26,523.0,0.33,396.0,0.25,242.51,0.34,442.0,0.24,458.0,0.35,374.0
2026-01-07 04:04:31.876000+00:00,2026-01-07 04:04:29.231936+00:00,271.876,0.705,0.7,0.71,0.295,0.29,0.3,25.04,40.0,40.0,25.04,0.69,169.0,0.72,70.0,0.68,504.93,0.73,429.0,0.67,433.0,0.74,702.0,0.66,404.0,0.75,433.51,0.65,389.0,0.76,458.0,0.28,70.0,0.31,169.0,0.27,429.0,0.32,504.93,0.26,702.0,0.33,657.0,0.25,433.51,0.34,404.0,0.24,458.0,0.35,389.0
2026-01-07 04:04:32.685000+00:00,2026-01-07 04:04:30.236217+00:00,272.685,0.705,0.7,0.71,0.295,0.29,0.3,110.04,35.0,35.0,95.04,0.69,320.96,0.72,75.0,0.68,511.93,0.73,429.0,0.67,620.0,0.74,702.0,0.66,404.0,0.75,433.51,0.65,389.0,0.76,458.0,0.28,70.0,0.31,381.96,0.27,246.0,0.32,511.93,0.26,581.0,0.33,620.0,0.25,433.51,0.34,404.0,0.24,458.0,0.35,389.0
2026-01-07 04:04:33.874000+00:00,2026-01-07 04:04:31.239373+00:00,273.874,0.705,0.7,0.71,0.295,0.29,0.3,85.04,40.0,40.0,85.04,0.69,198.96,0.72,70.0,0.68,353.93,0.73,429.0,0.67,657.0,0.74,702.0,0.66,404.0,0.75,433.51,0.65,389.0,0.76,458.0,0.28,70.0,0.31,198.96,0.27,429.0,0.32,353.93,0.26,702.0,0.33,657.0,0.25,433.51,0.34,404.0,0.24,458.0,0.35,389.0
2026-01-07 04:04:34.849000+00:00,2026-01-07 04:04:32.245957+00:00,274.849,0.705,0.7,0.71,0.295,0.29,0.3,92.87,32.85,32.85,92.87,0.69,352.0,0.72,75.0,0.68,504.93,0.73,246.0,0.67,657.0,0.74,581.0,0.66,404.0,0.75,433.51,0.65,374.0,0.76,458.0,0.28,145.0,0.31,352.0,0.27,246.0,0.32,504.93,0.26,581.0,0.33,657.0,0.25,433.51,0.34,404.0,0.24,458.0,0.35,374.0
2026-01-07 04:04:35.854000+00:00,2026-01-07 04:04:33.252309+00:00,275.854,0.71,0.7,0.72,0.29000000000000004,0.28,0.3,92.87,170.0,170.0,92.87,0.69,352.0,0.73,221.0,0.68,541.93,0.74,593.0,0.67,620.0,0.75,433.51,0.66,404.0,0.76,481.0,0.65,374.0,0.77,389.0,0.27,221.0,0.31,352.0,0.26,593.0,0.32,504.93,0.25,433.51,0.33,657.0,0.24,481.0,0.34,404.0,0.23,389.0,0.35,374.0
2026-01-07 04:04:36.911000+00:00,2026-01-07 04:04:34.259890+00:00,276.911,0.71,0.7,0.72,0.29000000000000004,0.28,0.3,121.87,170.0,170.0,15.0,0.69,294.96,0.73,242.0,0.68,526.93,0.74,581.0,0.67,620.0,0.75,457.51,0.66,404.0,0.76,469.0,0.65,374.0,0.77,389.0,0.27,266.0,0.31,381.96,0.26,593.0,0.32,474.93,0.25,433.51,0.33,657.0,0.24,481.0,0.34,404.0,0.23,389.0,0.35,374.0
2026-01-07 04:04:37.938000+00:00,2026-01-07 04:04:35.262874+00:00,277.938,0.775,0.77,0.78,0.225,0.22,0.23,38.0,180.99,158.99,38.0,0.76,84.0,0.79,610.0,0.75,303.0,0.8,431.0,0.74,292.0,0.81,339.0,0.73,332.96,0.82,339.0,0.72,282.0,0.83,394.0,0.21,603.0,0.24,84.0,0.2,431.0,0.25,303.0,0.19,339.0,0.26,292.0,0.18,339.0,0.27,272.96,0.17,394.0,0.28,412.0
2026-01-07 04:04:38.950000+00:00,2026-01-07 04:04:36.271695+00:00,278.95,0.775,0.77,0.78,0.225,0.22,0.23,73.0,252.45,520.45,73.0,0.76,145.0,0.79,598.0,0.75,364.0,0.8,431.0,0.74,319.0,0.81,339.0,0.73,367.96,0.82,339.0,0.72,473.0,0.83,304.0,0.21,374.0,0.24,145.0,0.2,431.0,0.25,334.0,0.19,339.0,0.26,368.0,0.18,339.0,0.27,319.0,0.17,319.0,0.28,418.0
2026-01-07 04:04:39.954000+00:00,2026-01-07 04:04:37.277030+00:00,279.954,0.755,0.75,0.76,0.245,0.24,0.25,15.0,373.83,373.83,15.0,0.74,44.35,0.77,302.0,0.73,65.96,0.78,386.46,0.72,414.0,0.79,399.0,0.71,319.0,0.8,431.0,0.7,389.0,0.81,339.0,0.23,302.0,0.26,44.35,0.22,398.46,0.27,65.96,0.21,399.0,0.28,402.0,0.2,431.0,0.29,319.0,0.19,339.0,0.3,459.0
2026-01-07 04:04:40.916000+00:00,2026-01-07 04:04:38.286219+00:00,280.916,0.745,0.74,0.75,0.255,0.25,0.26,56.35,150.0,150.0,56.35,0.73,296.96,0.76,55.83,0.72,354.0,0.77,287.0,0.71,319.0,0.78,403.45,0.7,459.0,0.79,399.0,0.69,404.0,0.8,443.0,0.24,70.83,0.27,296.96,0.23,297.0,0.28,354.0,0.22,403.45,0.29,319.0,0.21,399.0,0.3,459.0,0.2,443.0,0.31,404.0
2026-01-07 04:04:41.956000+00:00,2026-01-07 04:04:39.296078+00:00,281.956,0.745,0.74,0.75,0.255,0.25,0.26,122.07,125.0,123.66,122.07,0.73,183.96,0.76,55.83,0.72,424.0,0.77,297.0,0.71,389.0,0.78,403.45,0.7,389.0,0.79,399.0,0.69,404.0,0.8,443.0,0.24,55.83,0.27,183.96,0.23,297.0,0.28,424.0,0.22,403.45,0.29,389.0,0.21,399.0,0.3,389.0,0.2,443.0,0.31,404.0
2026-01-07 04:04:42.977000+00:00,2026-01-07 04:04:40.298987+00:00,282.977,0.745,0.74,0.75,0.24,0.23,0.25,588.07,93.66,35.0,28.34,0.73,206.0,0.77,65.0,0.72,389.0,0.78,110.0,0.71,404.0,0.79,124.0,0.7,389.0,0.8,310.0,0.69,404.0,0.81,351.0,0.22,110.0,0.26,550.07,0.21,136.0,0.27,206.0,0.2,322.0,0.28,389.0,0.19,351.0,0.29,404.0,0.18,421.0,0.3,389.0
2026-01-07 04:04:43.998000+00:00,2026-01-07 04:04:41.305613+00:00,283.998,0.765,0.76,0.77,0.235,0.23,0.24,67.0,90.0,90.0,108.0,0.75,255.34,0.78,45.0,0.74,509.07,0.79,207.0,0.73,221.0,0.8,348.99,0.72,389.0,0.81,363.0,0.71,389.0,0.82,433.0,0.22,45.0,0.25,340.3,0.21,207.0,0.26,424.07,0.2,348.99,0.27,445.0,0.19,363.0,0.28,389.0,0.18,433.0,0.29,389.0
2026-01-07 04:04:44.995000+00:00,2026-01-07 04:04:42.312007+00:00,284.995,0.775,0.77,0.78,0.225,0.22,0.23,752.13,5.0,5.0,782.13,0.76,569.0,0.79,15.0,0.75,360.34,0.8,35.0,0.74,504.07,0.81,183.0,0.73,311.0,0.82,188.0,0.72,389.0,0.83,399.0,0.21,15.0,0.24,559.0,0.2,35.0,0.25,360.34,0.19,183.0,0.26,504.07,0.18,218.0,0.27,311.0,0.17,399.0,0.28,389.0
2026-01-07 04:04:45.971000+00:00,2026-01-07 04:04:43.321719+00:00,285.971,0.795,0.79,0.8,0.20500000000000002,0.2,0.21,200.01,49.5,49.5,203.01,0.78,290.0,0.81,95.0,0.77,601.17,0.82,243.0,0.76,479.0,0.83,278.0,0.75,280.34,0.84,219.99,0.74,424.07,0.85,362.3,0.19,95.0,0.22,326.0,0.18,213.0,0.23,601.17,0.17,302.0,0.24,479.0,0.16,241.95,0.25,280.34,0.15,374.3,0.26,424.07
2026-01-07 04:04:46.986000+00:00,2026-01-07 04:04:44.325147+00:00,286.986,0.795,0.79,0.8,0.20500000000000002,0.2,0.21,205.01,26.0,26.0,212.0,0.78,274.0,0.81,95.0,0.77,616.17,0.82,210.0,0.76,479.0,0.83,314.0,0.75,280.34,0.84,241.95,0.74,424.07,0.85,362.3,0.19,95.0,0.22,266.0,0.18,195.0,0.23,639.15,0.17,326.0,0.24,479.0,0.16,229.95,0.25,280.34,0.15,362.3,0.26,424.07
2026-01-07 04:04:47.918000+00:00,2026-01-07 04:04:45.332177+00:00,287.918,0.795,0.79,0.8,0.20500000000000002,0.2,0.21,248.0,29.81,29.81,240.85,0.78,230.0,0.81,95.0,0.77,661.15,0.82,195.0,0.76,479.0,0.83,302.0,0.75,280.34,0.84,241.95,0.74,424.07,0.85,362.3,0.19,95.0,0.22,230.0,0.18,195.0,0.23,661.15,0.17,302.0,0.24,479.0,0.16,241.95,0.25,280.34,0.15,362.3,0.26,411.07
2026-01-07 04:04:48.961000+00:00,2026-01-07 04:04:46.337216+00:00,288.961,0.795,0.79,0.8,0.20500000000000002,0.2,0.21,279.85,29.33,29.33,269.85,0.78,286.0,0.81,5.0,0.77,402.15,0.82,285.0,0.76,494.0,0.83,302.0,0.75,280.34,0.84,450.96,0.74,411.07,0.85,447.3,0.19,5.0,0.22,525.0,0.18,285.0,0.23,402.15,0.17,326.0,0.24,479.0,0.16,426.96,0.25,280.34,0.15,459.3,0.26,411.07
2026-01-07 04:04:49.905000+00:00,2026-01-07 04:04:47.357269+00:00,289.905,0.795,0.79,0.8,0.20500000000000002,0.2,0.21,284.85,4.1,4.1,274.85,0.78,615.0,0.81,5.0,0.77,434.15,0.82,285.0,0.76,479.0,0.83,326.0,0.75,280.34,0.84,426.96,0.74,411.07,0.85,459.3,0.19,5.0,0.22,676.0,0.18,285.0,0.23,434.15,0.17,326.0,0.24,479.0,0.16,426.96,0.25,280.34,0.15,459.3,0.26,411.07
2026-01-07 04:04:51.054000+00:00,2026-01-07 04:04:48.367862+00:00,291.054,0.805,0.8,0.81,0.195,0.19,0.2,35.9,5.0,5.0,35.9,0.79,174.85,0.82,285.0,0.78,442.0,0.83,302.0,0.77,449.15,0.84,465.95,0.76,479.0,0.85,432.3,0.75,280.34,0.86,427.6,0.18,285.0,0.21,174.85,0.17,302.0,0.22,442.0,0.16,465.95,0.23,449.15,0.15,432.3,0.24,479.0,0.14,427.6,0.25,280.34
2026-01-07 04:04:52.817000+00:00,2026-01-07 04:04:50.382378+00:00,292.817,0.815,0.81,0.82,0.185,0.18,0.19,30.0,288.53,288.53,30.0,0.8,141.0,0.83,290.0,0.79,156.85,0.84,574.95,0.78,457.0,0.85,456.3,0.77,422.15,0.86,415.6,0.76,479.0,0.87,475.1,0.17,290.0,0.2,141.0,0.16,574.95,0.21,156.85,0.15,456.3,0.22,336.0,0.14,415.6,0.23,239.15,0.13,475.1,0.24,479.0
2026-01-07 04:04:54.953000+00:00,2026-01-07 04:04:52.396780+00:00,294.953,0.805,0.8,0.81,0.185,0.18,0.19,95.91,95.46,107.0,30.0,0.79,195.85,0.82,288.53,0.78,608.0,0.83,311.09,0.77,329.15,0.84,586.95,0.76,479.0,0.85,447.3,0.75,355.34,0.86,442.6,0.17,311.09,0.2,95.91,0.16,586.95,0.21,195.85,0.15,447.3,0.22,669.0,0.14,442.6,0.23,390.15,0.13,463.1,0.24,479.0
