timestamp,collected_at,seconds,up_mid,up_best_bid,up_best_ask,down_mid,down_best_bid,down_best_ask,up_best_bid_size,up_best_ask_size,down_best_bid_size,down_best_ask_size,up_bid_2,up_bid_2_size,up_ask_2,up_ask_2_size,up_bid_3,up_bid_3_size,up_ask_3,up_ask_3_size,up_bid_4,up_bid_4_size,up_ask_4,up_ask_4_size,up_bid_5,up_bid_5_size,up_ask_5,up_ask_5_size,up_bid_6,up_bid_6_size,up_ask_6,up_ask_6_size,down_bid_2,down_bid_2_size,down_ask_2,down_ask_2_size,down_bid_3,down_bid_3_size,down_ask_3,down_ask_3_size,down_bid_4,down_bid_4_size,down_ask_4,down_ask_4_size,down_bid_5,down_bid_5_size,down_ask_5,down_ask_5_size,down_bid_6,down_bid_6_size,down_ask_6,down_ask_6_size
2026-01-07 09:15:00.691000+00:00,2026-01-07 09:14:58.260223+00:00,0.691,0.001,,0.001,0.999,0.999,,,1310.0,1310.0,,,,0.01,21923.83,,,0.02,468.96,,,0.03,106.24,,,0.04,294.99,,,0.05,204.81,0.99,21923.83,,,0.98,468.96,,,0.97,106.24,,,0.96,294.99,,,0.95,204.81,,
2026-01-07 09:15:01.769000+00:00,2026-01-07 09:14:59.267282+00:00,1.769,0.001,,0.001,0.999,0.999,,,36903.01,41903.01,,,,0.009,50.0,,,0.01,155233.82,,,0.02,468.96,,,0.03,106.24,,,0.04,294.99,0.992,30.0,,,0.991,50.0,,,0.99,155233.82,,,0.98,468.96,,,0.97,106.24,,
2026-01-07 09:15:02.764000+00:00,2026-01-07 09:15:00.272732+00:00,2.764,0.555,0.55,0.56,0.445,0.44,0.45,423.15,159.63,159.63,448.15,0.54,111.52,0.57,61.0,0.53,4318.22,0.58,203.0,0.52,503.38,0.59,5.0,0.51,2376.02,0.6,260.0,0.5,1167.4,0.61,122.0,0.43,61.0,0.46,233.52,0.42,203.0,0.47,4318.22,0.41,5.0,0.48,503.38,0.4,197.0,0.49,2376.02,0.39,122.0,0.5,1167.4
2026-01-07 09:15:03.752000+00:00,2026-01-07 09:15:01.275859+00:00,3.752,0.595,0.59,0.6,0.38,0.36,0.4,88.0,75.0,69.0,74.0,0.58,122.0,0.64,69.0,0.57,122.0,0.65,188.0,0.56,61.48,0.66,273.0,0.55,479.15,0.67,235.0,0.54,294.52,0.68,203.0,0.35,188.0,0.41,183.0,0.34,183.0,0.42,212.0,0.33,235.0,0.43,122.0,0.32,203.0,0.44,110.48,0.31,183.0,0.45,479.15
2026-01-07 09:15:04.747000+00:00,2026-01-07 09:15:02.280456+00:00,4.747,0.62,0.61,0.63,0.38,0.37,0.39,137.0,105.0,105.0,198.0,0.6,108.0,0.65,259.0,0.59,183.0,0.66,183.0,0.58,273.0,0.67,235.0,0.57,183.0,0.68,203.0,0.56,105.48,0.69,183.0,0.35,259.0,0.4,108.0,0.34,183.0,0.41,183.0,0.33,235.0,0.42,273.0,0.32,203.0,0.43,183.0,0.31,183.0,0.44,105.48
2026-01-07 09:15:05.794000+00:00,2026-01-07 09:15:03.285603+00:00,5.794,0.615,0.61,0.62,0.375,0.37,0.38,215.14,100.0,30.0,37.0,0.6,108.0,0.63,15.0,0.59,218.0,0.64,15.0,0.58,353.0,0.65,5.0,0.57,248.0,0.66,35.0,0.56,105.48,0.67,62.0,0.35,20.0,0.39,185.14,0.34,125.0,0.4,128.0,0.33,138.0,0.41,248.0,0.32,238.0,0.42,353.0,0.31,218.0,0.43,228.0
2026-01-07 09:15:06.783000+00:00,2026-01-07 09:15:04.294726+00:00,6.783,0.625,0.62,0.63,0.385,0.38,0.39,19.28,75.0,80.0,150.14,0.61,150.14,0.64,45.0,0.6,163.0,0.65,95.0,0.59,278.0,0.66,137.0,0.58,318.0,0.67,250.0,0.57,243.0,0.68,238.0,0.37,160.0,0.4,128.0,0.36,45.0,0.41,278.0,0.35,5.0,0.42,318.0,0.34,198.0,0.43,243.0,0.33,311.0,0.44,105.48
2026-01-07 09:15:07.758000+00:00,2026-01-07 09:15:05.302271+00:00,7.758,0.615,0.61,0.62,0.385,0.38,0.39,99.92,93.0,93.0,99.92,0.6,143.0,0.63,145.0,0.59,278.0,0.64,45.0,0.58,318.0,0.65,17.98,0.57,243.0,0.66,269.03,0.56,105.48,0.67,246.01,0.37,145.0,0.4,143.0,0.36,45.0,0.41,278.0,0.35,17.98,0.42,318.0,0.34,269.03,0.43,243.0,0.33,246.01,0.44,105.48
2026-01-07 09:15:08.821000+00:00,2026-01-07 09:15:06.325338+00:00,8.821,0.615,0.61,0.62,0.385,0.38,0.39,379.72,31.0,41.0,425.72,0.6,248.0,0.63,70.0,0.59,423.0,0.64,45.0,0.58,348.0,0.65,87.98,0.57,333.0,0.66,265.03,0.56,232.48,0.67,427.01,0.37,70.0,0.4,253.0,0.36,45.0,0.41,438.0,0.35,177.98,0.42,333.0,0.34,92.03,0.43,333.0,0.33,427.01,0.44,232.48
2026-01-07 09:15:09.811000+00:00,2026-01-07 09:15:07.327640+00:00,9.811,0.59,0.58,0.6,0.41000000000000003,0.4,0.42,263.0,85.0,85.0,263.0,0.57,353.0,0.61,90.0,0.56,130.48,0.62,86.0,0.55,700.15,0.63,228.0,0.54,520.52,0.64,333.0,0.53,4605.22,0.65,270.98,0.39,90.0,0.43,353.0,0.38,176.0,0.44,130.48,0.37,228.0,0.45,700.15,0.36,333.0,0.46,520.52,0.35,270.98,0.47,4605.22
2026-01-07 09:15:10.812000+00:00,2026-01-07 09:15:08.333740+00:00,10.812,0.585,0.58,0.59,0.415,0.41,0.42,283.0,40.0,35.0,283.0,0.57,313.0,0.6,152.5,0.56,210.48,0.61,295.0,0.55,630.15,0.62,339.0,0.54,425.52,0.63,411.0,0.53,4535.22,0.64,298.0,0.4,152.5,0.43,313.0,0.39,295.0,0.44,210.48,0.38,339.0,0.45,630.15,0.37,411.0,0.46,425.52,0.36,298.0,0.47,4535.22
2026-01-07 09:15:11.809000+00:00,2026-01-07 09:15:09.338347+00:00,11.809,0.595,0.59,0.6,0.405,0.4,0.41,15.0,112.5,102.5,35.0,0.58,353.0,0.61,155.0,0.57,399.0,0.62,266.0,0.56,326.48,0.63,343.0,0.55,630.15,0.64,402.0,0.54,450.52,0.65,270.98,0.39,145.0,0.42,313.0,0.38,246.0,0.43,419.0,0.37,411.0,0.44,236.48,0.36,333.0,0.45,630.15,0.35,270.98,0.46,450.52
2026-01-07 09:15:12.842000+00:00,2026-01-07 09:15:10.342360+00:00,12.842,0.605,0.6,0.61,0.39,0.38,0.4,45.0,65.0,71.0,230.0,0.59,226.92,0.62,101.0,0.58,255.12,0.63,386.0,0.57,399.0,0.64,423.0,0.56,331.48,0.65,305.98,0.55,700.15,0.66,421.03,0.37,253.0,0.41,177.92,0.36,353.0,0.42,496.12,0.35,210.98,0.43,384.0,0.34,421.03,0.44,296.48,0.33,472.01,0.45,665.15
2026-01-07 09:15:13.857000+00:00,2026-01-07 09:15:11.342972+00:00,13.857,0.625,0.62,0.63,0.375,0.37,0.38,275.0,15.0,15.0,613.0,0.61,439.0,0.64,65.0,0.6,469.0,0.65,37.98,0.59,535.92,0.66,12.03,0.58,471.12,0.67,371.01,0.57,477.0,0.68,300.94,0.35,82.98,0.39,439.0,0.34,17.03,0.4,534.0,0.33,351.01,0.41,535.92,0.32,212.94,0.42,531.12,0.31,272.79,0.43,419.0
2026-01-07 09:15:14.842000+00:00,2026-01-07 09:15:12.346883+00:00,14.842,0.645,0.64,0.65,0.355,0.35,0.36,371.0,17.98,17.98,437.0,0.63,258.0,0.66,62.03,0.62,474.0,0.67,93.01,0.61,454.0,0.68,44.94,0.6,496.0,0.69,118.79,0.59,420.92,0.7,252.57,0.34,12.03,0.37,409.0,0.33,128.01,0.38,474.0,0.32,44.94,0.39,454.0,0.31,28.79,0.4,517.0,0.3,252.57,0.41,420.92
2026-01-07 09:15:15.833000+00:00,2026-01-07 09:15:13.371179+00:00,15.833,0.655,0.65,0.66,0.345,0.34,0.35,505.87,27.03,12.03,553.87,0.64,369.0,0.67,128.01,0.63,344.0,0.68,44.94,0.62,459.0,0.69,28.79,0.61,454.0,0.7,189.57,0.6,482.0,0.71,214.26,0.33,108.01,0.36,359.0,0.32,44.94,0.37,344.0,0.31,23.79,0.38,459.0,0.3,99.57,0.39,454.0,0.29,214.26,0.4,482.0
2026-01-07 09:15:16.801000+00:00,2026-01-07 09:15:14.380384+00:00,16.801,0.665,0.66,0.67,0.335,0.33,0.34,445.64,128.01,98.04,440.49,0.65,460.72,0.68,34.94,0.64,406.84,0.69,38.79,0.63,399.0,0.7,189.57,0.62,459.0,0.71,31.26,0.61,419.0,0.72,312.0,0.32,34.94,0.35,455.72,0.31,38.79,0.36,406.84,0.3,189.57,0.37,399.0,0.29,31.26,0.38,459.0,0.28,312.0,0.39,419.0
2026-01-07 09:15:17.883000+00:00,2026-01-07 09:15:15.386528+00:00,17.883,0.685,0.68,0.69,0.315,0.31,0.32,76.06,73.79,73.79,126.06,0.67,386.61,0.7,94.57,0.66,573.49,0.71,101.26,0.65,450.72,0.72,220.0,0.64,541.84,0.73,366.0,0.63,479.0,0.74,278.0,0.3,94.57,0.33,361.61,0.29,101.26,0.34,448.49,0.28,220.0,0.35,370.72,0.27,366.0,0.36,541.84,0.26,278.0,0.37,364.0
2026-01-07 09:15:18.884000+00:00,2026-01-07 09:15:16.388704+00:00,18.884,0.685,0.68,0.69,0.315,0.31,0.32,108.81,86.99,86.99,108.81,0.67,302.61,0.7,99.57,0.66,543.49,0.71,191.26,0.65,530.72,0.72,199.0,0.64,461.84,0.73,253.0,0.63,364.0,0.74,278.0,0.3,114.57,0.33,302.61,0.29,191.26,0.34,543.49,0.28,199.0,0.35,530.72,0.27,253.0,0.36,461.84,0.26,278.0,0.37,364.0
2026-01-07 09:15:19.879000+00:00,2026-01-07 09:15:17.396128+00:00,19.879,0.685,0.68,0.69,0.315,0.31,0.32,305.81,31.99,21.99,305.81,0.67,362.61,0.7,57.57,0.66,543.49,0.71,106.26,0.65,425.72,0.72,161.0,0.64,461.84,0.73,383.0,0.63,364.0,0.74,394.0,0.3,57.57,0.33,362.61,0.29,106.26,0.34,543.49,0.28,161.0,0.35,425.72,0.27,393.0,0.36,461.84,0.26,394.0,0.37,364.0
2026-01-07 09:15:20.864000+00:00,2026-01-07 09:15:18.418438+00:00,20.864,0.695,0.69,0.7,0.305,0.3,0.31,454.0,92.57,92.57,434.0,0.68,311.81,0.71,16.26,0.67,437.61,0.72,110.0,0.66,528.49,0.73,100.0,0.65,425.72,0.74,311.0,0.64,426.84,0.75,327.69,0.29,16.26,0.32,401.81,0.28,110.0,0.33,437.61,0.27,190.0,0.34,438.49,0.26,221.0,0.35,425.72,0.25,327.69,0.36,426.84
2026-01-07 09:15:21.845000+00:00,2026-01-07 09:15:19.424028+00:00,21.845,0.695,0.69,0.7,0.305,0.3,0.31,334.0,153.24,153.24,324.0,0.68,231.81,0.71,116.26,0.67,462.61,0.72,190.0,0.66,523.49,0.73,70.0,0.65,530.72,0.74,374.0,0.64,426.84,0.75,307.69,0.29,116.26,0.32,231.81,0.28,190.0,0.33,552.61,0.27,70.0,0.34,523.49,0.26,374.0,0.35,440.72,0.25,307.69,0.36,426.84
2026-01-07 09:15:22.924000+00:00,2026-01-07 09:15:20.431180+00:00,22.924,0.695,0.69,0.7,0.305,0.3,0.31,40.0,218.24,188.24,50.0,0.68,198.88,0.71,206.26,0.67,307.61,0.72,90.0,0.66,593.49,0.73,346.0,0.65,470.72,0.74,278.0,0.64,441.84,0.75,342.69,0.29,196.26,0.32,198.88,0.28,199.0,0.33,312.61,0.27,253.0,0.34,648.49,0.26,278.0,0.35,440.72,0.25,342.69,0.36,441.84
2026-01-07 09:15:23.939000+00:00,2026-01-07 09:15:21.439890+00:00,23.939,0.695,0.69,0.7,0.305,0.3,0.31,20.83,168.24,163.24,15.83,0.68,208.88,0.71,136.26,0.67,547.61,0.72,289.0,0.66,438.49,0.73,263.0,0.65,440.72,0.74,278.0,0.64,441.84,0.75,342.69,0.29,136.26,0.32,218.88,0.28,299.0,0.33,547.61,0.27,263.0,0.34,438.49,0.26,313.0,0.35,440.72,0.25,317.69,0.36,441.84
2026-01-07 09:15:24.965000+00:00,2026-01-07 09:15:22.463224+00:00,24.965,0.695,0.69,0.7,0.305,0.3,0.31,15.83,208.24,201.66,15.83,0.68,203.88,0.71,226.26,0.67,452.61,0.72,216.0,0.66,563.49,0.73,253.0,0.65,440.72,0.74,313.0,0.64,441.84,0.75,317.69,0.29,236.26,0.32,203.88,0.28,206.0,0.33,462.61,0.27,253.0,0.34,563.49,0.26,313.0,0.35,440.72,0.25,317.69,0.36,441.84
2026-01-07 09:15:26.943000+00:00,2026-01-07 09:15:24.489117+00:00,26.943,0.695,0.69,0.7,0.305,0.3,0.31,78.87,46.84,46.84,78.87,0.68,429.71,0.71,41.26,0.67,437.61,0.72,110.0,0.66,438.49,0.73,268.0,0.65,425.72,0.74,328.0,0.64,426.84,0.75,362.69,0.29,41.26,0.32,429.71,0.28,110.0,0.33,437.61,0.27,268.0,0.34,438.49,0.26,328.0,0.35,425.72,0.25,362.69,0.36,426.84
2026-01-07 09:15:27.969000+00:00,2026-01-07 09:15:25.496327+00:00,27.969,0.705,0.7,0.71,0.295,0.29,0.3,110.0,73.16,73.16,110.0,0.69,212.0,0.72,20.0,0.68,344.71,0.73,183.0,0.67,422.61,0.74,383.0,0.66,438.49,0.75,392.69,0.65,390.72,0.76,434.8,0.28,20.0,0.31,343.0,0.27,183.0,0.32,344.71,0.26,200.0,0.33,422.61,0.25,392.69,0.34,438.49,0.24,434.8,0.35,390.72
2026-01-07 09:15:28.988000+00:00,2026-01-07 09:15:26.502316+00:00,28.988,0.705,0.7,0.71,0.28500000000000003,0.28,0.29,529.0,1.61,85.0,170.39,0.69,524.0,0.72,55.0,0.68,450.71,0.73,45.0,0.67,422.61,0.74,50.0,0.66,438.49,0.75,164.69,0.65,390.72,0.76,184.8,0.27,45.0,0.3,574.0,0.26,50.0,0.31,434.0,0.25,164.69,0.32,415.71,0.24,184.8,0.33,387.61,0.23,193.0,0.34,403.49
2026-01-07 09:15:30.009000+00:00,2026-01-07 09:15:27.524701+00:00,30.009,0.725,0.72,0.73,0.275,0.27,0.28,108.0,113.49,33.49,204.84,0.71,216.39,0.74,261.0,0.7,509.0,0.75,64.69,0.69,474.0,0.76,145.8,0.68,465.71,0.77,263.0,0.67,387.61,0.78,324.8,0.26,276.0,0.29,344.39,0.25,129.69,0.3,469.0,0.24,145.8,0.31,474.0,0.23,263.0,0.32,450.71,0.22,324.8,0.33,387.61
2026-01-07 09:15:31.019000+00:00,2026-01-07 09:15:28.530281+00:00,31.019,0.725,0.72,0.73,0.275,0.27,0.28,138.84,5.0,5.0,128.84,0.71,349.39,0.74,155.0,0.7,429.0,0.75,339.69,0.69,474.0,0.76,145.8,0.68,450.71,0.77,263.0,0.67,387.61,0.78,324.8,0.26,251.0,0.29,349.39,0.25,239.69,0.3,429.0,0.24,110.8,0.31,474.0,0.23,253.0,0.32,450.71,0.22,324.8,0.33,387.61
2026-01-07 09:15:32.031000+00:00,2026-01-07 09:15:29.536323+00:00,32.031,0.725,0.72,0.73,0.275,0.27,0.28,133.84,3.49,3.49,133.84,0.71,414.39,0.74,161.0,0.7,394.0,0.75,254.69,0.69,384.0,0.76,220.8,0.68,450.71,0.77,263.0,0.67,387.61,0.78,324.8,0.26,161.0,0.29,414.39,0.25,254.69,0.3,394.0,0.24,220.8,0.31,384.0,0.23,263.0,0.32,540.71,0.22,324.8,0.33,387.61
2026-01-07 09:15:33.068000+00:00,2026-01-07 09:15:30.545763+00:00,33.068,0.735,0.73,0.74,0.265,0.26,0.27,5.0,337.0,421.0,5.0,0.71,394.39,0.75,381.69,0.7,384.0,0.76,287.8,0.69,439.0,0.77,409.0,0.68,535.71,0.78,445.8,0.67,387.61,0.79,399.0,0.25,301.69,0.29,266.39,0.24,287.8,0.3,384.0,0.23,409.0,0.31,379.0,0.22,445.8,0.32,535.71,0.21,399.0,0.33,422.61
2026-01-07 09:15:34.034000+00:00,2026-01-07 09:15:31.555220+00:00,34.034,0.705,0.7,0.71,0.295,0.29,0.3,96.84,64.67,49.67,96.84,0.69,391.0,0.72,181.0,0.68,425.71,0.73,150.0,0.67,387.61,0.74,391.0,0.66,423.49,0.75,387.69,0.65,500.72,0.76,434.8,0.28,181.0,0.31,391.0,0.27,165.0,0.32,440.71,0.26,391.0,0.33,372.61,0.25,387.69,0.34,423.49,0.24,434.8,0.35,500.72
2026-01-07 09:15:35.060000+00:00,2026-01-07 09:15:32.558914+00:00,35.06,0.715,0.71,0.72,0.28500000000000003,0.28,0.29,120.0,106.0,121.0,125.0,0.7,150.57,0.73,100.0,0.69,541.0,0.74,356.0,0.68,395.71,0.75,372.69,0.67,352.61,0.76,469.8,0.66,388.49,0.77,409.0,0.27,190.0,0.3,155.57,0.26,356.0,0.31,521.0,0.25,372.69,0.32,395.71,0.24,469.8,0.33,422.61,0.23,409.0,0.34,388.49
2026-01-07 09:15:36.058000+00:00,2026-01-07 09:15:33.563716+00:00,36.058,0.7,0.69,0.71,0.305,0.3,0.31,501.0,85.0,103.0,308.0,0.68,224.71,0.72,485.86,0.67,437.61,0.73,75.0,0.66,423.49,0.74,281.0,0.65,375.72,0.75,387.69,0.64,411.84,0.76,469.8,0.29,115.0,0.32,309.71,0.28,446.86,0.33,437.61,0.27,197.0,0.34,423.49,0.26,376.0,0.35,410.72,0.25,508.69,0.36,411.84
2026-01-07 09:15:37.056000+00:00,2026-01-07 09:15:34.554583+00:00,37.056,0.705,0.7,0.71,0.295,0.29,0.3,181.84,20.0,20.0,231.84,0.69,100.0,0.72,183.86,0.68,402.71,0.73,348.0,0.67,422.61,0.74,406.0,0.66,423.49,0.75,518.69,0.65,465.72,0.76,469.8,0.28,258.86,0.31,60.0,0.27,328.0,0.32,472.71,0.26,411.0,0.33,422.61,0.25,538.69,0.34,423.49,0.24,479.8,0.35,465.72
2026-01-07 09:15:38.007000+00:00,2026-01-07 09:15:35.560464+00:00,38.007,0.715,0.71,0.72,0.28500000000000003,0.28,0.29,175.0,415.86,415.86,175.0,0.7,95.0,0.73,80.0,0.69,187.0,0.74,391.0,0.68,344.71,0.75,528.69,0.67,422.61,0.76,489.8,0.66,478.49,0.77,419.0,0.27,80.0,0.3,223.0,0.26,208.0,0.31,318.0,0.25,407.69,0.32,344.71,0.24,489.8,0.33,422.61,0.23,419.0,0.34,478.49
2026-01-07 09:15:39.076000+00:00,2026-01-07 09:15:36.584650+00:00,39.076,0.715,0.71,0.72,0.28500000000000003,0.28,0.29,108.1,414.83,414.83,108.1,0.7,268.0,0.73,120.0,0.69,293.0,0.74,208.0,0.68,434.71,0.75,417.69,0.67,422.61,0.76,479.8,0.66,423.49,0.77,409.0,0.27,125.0,0.3,268.0,0.26,208.0,0.31,293.0,0.25,417.69,0.32,434.71,0.24,479.8,0.33,422.61,0.23,409.0,0.34,423.49
2026-01-07 09:15:40.081000+00:00,2026-01-07 09:15:37.589385+00:00,40.081,0.715,0.71,0.72,0.28500000000000003,0.28,0.29,97.75,409.83,409.83,97.75,0.7,258.0,0.73,145.0,0.69,303.0,0.74,188.0,0.68,434.71,0.75,397.69,0.67,422.61,0.76,469.8,0.66,423.49,0.77,409.0,0.27,145.0,0.3,258.0,0.26,198.0,0.31,303.0,0.25,407.69,0.32,434.71,0.24,479.8,0.33,422.61,0.23,409.0,0.34,423.49
2026-01-07 09:15:41.980000+00:00,2026-01-07 09:15:39.606913+00:00,41.98,0.715,0.71,0.72,0.28500000000000003,0.28,0.29,61.35,321.35,321.35,60.35,0.7,338.0,0.73,295.0,0.69,318.0,0.74,213.0,0.68,419.71,0.75,397.69,0.67,422.61,0.76,479.8,0.66,423.49,0.77,409.0,0.27,260.0,0.3,338.0,0.26,203.0,0.31,318.0,0.25,397.69,0.32,419.71,0.24,479.8,0.33,422.61,0.23,374.0,0.34,423.49
2026-01-07 09:15:43.100000+00:00,2026-01-07 09:15:40.612593+00:00,43.1,0.715,0.71,0.72,0.28500000000000003,0.28,0.29,265.35,308.0,298.0,265.35,0.7,288.0,0.73,69.0,0.69,408.0,0.74,338.0,0.68,450.71,0.75,397.69,0.67,422.61,0.76,378.8,0.66,388.49,0.77,409.0,0.27,69.0,0.3,288.0,0.26,338.0,0.31,408.0,0.25,397.69,0.32,450.71,0.24,378.8,0.33,422.61,0.23,409.0,0.34,388.49
2026-01-07 09:15:44.976000+00:00,2026-01-07 09:15:42.624571+00:00,44.976,0.695,0.69,0.7,0.305,0.3,0.31,207.54,158.0,193.0,163.0,0.68,45.0,0.71,469.0,0.67,135.0,0.72,427.0,0.66,307.85,0.73,343.0,0.65,340.72,0.74,497.0,0.64,446.84,0.75,473.69,0.29,428.0,0.32,121.84,0.28,363.0,0.33,95.0,0.27,343.0,0.34,297.85,0.26,497.0,0.35,340.72,0.25,473.69,0.36,446.84
2026-01-07 09:15:46.124000+00:00,2026-01-07 09:15:43.631055+00:00,46.124,0.695,0.69,0.7,0.305,0.3,0.31,278.35,307.0,307.0,273.35,0.68,110.0,0.71,279.0,0.67,253.0,0.72,150.0,0.66,332.85,0.73,363.0,0.65,340.72,0.74,507.0,0.64,446.84,0.75,508.69,0.29,279.0,0.32,110.0,0.28,150.0,0.33,253.0,0.27,363.0,0.34,332.85,0.26,507.0,0.35,340.72,0.25,508.69,0.36,446.84
2026-01-07 09:15:47.090000+00:00,2026-01-07 09:15:44.634889+00:00,47.09,0.695,0.69,0.7,0.305,0.3,0.31,248.35,307.0,307.0,248.35,0.68,130.0,0.71,279.0,0.67,253.0,0.72,160.0,0.66,332.85,0.73,353.0,0.65,340.72,0.74,507.0,0.64,446.84,0.75,508.69,0.29,279.0,0.32,140.0,0.28,160.0,0.33,253.0,0.27,343.0,0.34,332.85,0.26,507.0,0.35,340.72,0.25,508.69,0.36,446.84
2026-01-07 09:15:48+00:00,2026-01-07 09:15:45.641377+00:00,48.0,0.695,0.69,0.7,0.305,0.3,0.31,228.35,167.71,162.71,228.35,0.68,220.0,0.71,284.0,0.67,333.0,0.72,170.0,0.66,402.85,0.73,343.0,0.65,410.72,0.74,497.0,0.64,446.84,0.75,508.69,0.29,284.0,0.32,220.0,0.28,170.0,0.33,333.0,0.27,343.0,0.34,402.85,0.26,497.0,0.35,410.72,0.25,508.69,0.36,446.84
2026-01-07 09:15:49.146000+00:00,2026-01-07 09:15:46.645845+00:00,49.146,0.675,0.67,0.68,0.325,0.32,0.33,5.0,247.6,182.6,101.84,0.66,85.35,0.69,160.88,0.65,75.0,0.7,522.71,0.64,365.84,0.71,343.0,0.63,384.0,0.72,454.0,0.62,464.0,0.73,419.0,0.31,180.88,0.34,45.0,0.3,432.71,0.35,75.0,0.29,343.0,0.36,455.84,0.28,454.0,0.37,384.0,0.27,419.0,0.38,464.0
2026-01-07 09:15:50.146000+00:00,2026-01-07 09:15:47.668612+00:00,50.146,0.685,0.68,0.69,0.315,0.31,0.32,206.8,96.88,96.88,150.1,0.67,140.0,0.7,84.9,0.66,245.0,0.71,413.0,0.65,318.0,0.72,338.0,0.64,446.84,0.73,464.0,0.63,588.0,0.74,482.0,0.3,84.9,0.33,258.0,0.29,420.0,0.34,245.0,0.28,338.0,0.35,318.0,0.27,464.0,0.36,446.84,0.26,482.0,0.37,588.0
2026-01-07 09:15:51.152000+00:00,2026-01-07 09:15:48.672420+00:00,51.152,0.685,0.68,0.69,0.315,0.31,0.32,130.1,96.88,96.88,145.1,0.67,263.0,0.7,75.0,0.66,160.0,0.71,298.0,0.65,408.0,0.72,433.0,0.64,446.84,0.73,470.2,0.63,588.0,0.74,482.0,0.3,180.0,0.33,278.0,0.29,283.0,0.34,282.0,0.28,433.0,0.35,408.0,0.27,470.2,0.36,446.84,0.26,482.0,0.37,588.0
2026-01-07 09:15:52.144000+00:00,2026-01-07 09:15:49.680533+00:00,52.144,0.685,0.68,0.69,0.315,0.31,0.32,120.1,106.88,106.88,110.6,0.67,526.0,0.7,200.0,0.66,358.0,0.71,125.0,0.65,529.0,0.72,328.0,0.64,446.84,0.73,454.0,0.63,637.0,0.74,482.0,0.3,200.0,0.33,526.0,0.29,125.0,0.34,358.0,0.28,328.0,0.35,529.0,0.27,454.0,0.36,446.84,0.26,482.0,0.37,637.0
2026-01-07 09:15:53.176000+00:00,2026-01-07 09:15:50.672297+00:00,53.176,0.685,0.68,0.69,0.315,0.31,0.32,120.0,400.88,395.88,115.5,0.67,521.0,0.7,180.0,0.66,368.0,0.71,378.0,0.65,439.0,0.72,318.0,0.64,536.84,0.73,454.0,0.63,637.0,0.74,482.0,0.3,215.0,0.33,516.0,0.29,353.0,0.34,358.0,0.28,343.0,0.35,439.0,0.27,454.0,0.36,536.84,0.26,482.0,0.37,637.0
2026-01-07 09:15:54.169000+00:00,2026-01-07 09:15:51.693579+00:00,54.169,0.685,0.68,0.69,0.315,0.31,0.32,190.5,289.88,289.88,200.5,0.67,491.0,0.7,233.0,0.66,333.0,0.71,368.0,0.65,529.0,0.72,353.0,0.64,446.84,0.73,464.0,0.63,637.0,0.74,482.0,0.3,233.0,0.33,501.0,0.29,368.0,0.34,333.0,0.28,353.0,0.35,529.0,0.27,464.0,0.36,446.84,0.26,482.0,0.37,637.0
2026-01-07 09:15:55.154000+00:00,2026-01-07 09:15:52.699859+00:00,55.154,0.685,0.68,0.69,0.315,0.31,0.32,231.0,189.88,189.88,251.0,0.67,273.0,0.71,340.0,0.66,423.0,0.72,251.0,0.65,439.0,0.73,368.0,0.64,446.84,0.74,502.0,0.63,413.0,0.75,517.49,0.29,340.0,0.33,395.0,0.28,251.0,0.34,423.0,0.27,368.0,0.35,439.0,0.26,502.0,0.36,446.84,0.25,517.49,0.37,413.0
2026-01-07 09:15:56.189000+00:00,2026-01-07 09:15:53.706503+00:00,56.189,0.705,0.7,0.71,0.295,0.29,0.3,165.0,209.0,209.0,165.0,0.69,263.0,0.72,279.0,0.68,323.0,0.73,443.0,0.67,443.0,0.74,401.0,0.66,454.0,0.75,503.69,0.65,439.0,0.76,475.2,0.28,279.0,0.31,278.0,0.27,245.0,0.32,308.0,0.26,416.0,0.33,443.0,0.25,503.69,0.34,454.0,0.24,475.2,0.35,439.0
2026-01-07 09:15:57.221000+00:00,2026-01-07 09:15:54.730561+00:00,57.221,0.705,0.7,0.71,0.28,0.27,0.29,175.26,173.54,288.0,90.0,0.69,253.0,0.73,323.0,0.68,423.0,0.74,321.0,0.67,353.0,0.75,503.69,0.66,454.0,0.76,475.2,0.65,404.0,0.77,409.0,0.26,346.0,0.3,140.26,0.25,408.69,0.31,320.0,0.24,475.2,0.32,388.0,0.23,409.0,0.33,439.0,0.22,525.8,0.34,643.0
2026-01-07 09:15:58.236000+00:00,2026-01-07 09:15:55.750295+00:00,58.236,0.725,0.72,0.73,0.275,0.27,0.28,165.0,229.0,229.0,165.0,0.71,130.0,0.74,214.0,0.7,105.0,0.75,447.69,0.69,333.0,0.76,278.8,0.68,333.0,0.77,499.0,0.67,488.0,0.78,525.8,0.26,214.0,0.29,125.0,0.25,357.69,0.3,105.0,0.24,278.8,0.31,423.0,0.23,499.0,0.32,333.0,0.22,525.8,0.33,488.0
2026-01-07 09:15:59.239000+00:00,2026-01-07 09:15:56.757424+00:00,59.239,0.735,0.73,0.74,0.265,0.26,0.27,120.0,139.0,139.0,120.0,0.72,125.0,0.75,332.69,0.71,115.0,0.76,298.8,0.7,272.0,0.77,494.0,0.69,544.0,0.78,535.8,0.68,419.0,0.79,504.0,0.25,432.69,0.28,125.0,0.24,298.8,0.29,115.0,0.23,373.0,0.3,333.0,0.22,535.8,0.31,544.0,0.21,504.0,0.32,419.0
2026-01-07 09:16:00.246000+00:00,2026-01-07 09:15:57.761666+00:00,60.246,0.735,0.73,0.74,0.265,0.26,0.27,125.0,154.0,154.0,121.48,0.72,248.0,0.75,184.69,0.71,115.0,0.76,268.8,0.7,333.0,0.77,433.0,0.69,544.0,0.78,540.8,0.68,419.0,0.79,529.6,0.25,94.69,0.28,248.0,0.24,268.8,0.29,115.0,0.23,433.0,0.3,333.0,0.22,540.8,0.31,544.0,0.21,529.6,0.32,419.0
2026-01-07 09:16:01.263000+00:00,2026-01-07 09:15:58.767512+00:00,61.263,0.735,0.73,0.74,0.265,0.26,0.27,131.48,69.0,323.0,15.0,0.72,213.0,0.75,304.69,0.71,302.0,0.76,308.0,0.7,343.0,0.77,398.0,0.69,544.0,0.78,544.0,0.68,419.0,0.79,514.6,0.25,556.69,0.28,223.0,0.24,278.0,0.29,278.0,0.23,549.0,0.3,363.0,0.22,529.0,0.31,454.0,0.21,514.6,0.32,419.0
2026-01-07 09:16:02.279000+00:00,2026-01-07 09:15:59.792101+00:00,62.279,0.735,0.73,0.74,0.265,0.26,0.27,25.48,589.0,619.0,25.48,0.72,197.82,0.75,362.69,0.71,95.0,0.76,378.0,0.7,55.0,0.77,454.0,0.69,353.0,0.78,529.0,0.68,514.0,0.79,479.6,0.25,372.69,0.28,197.82,0.24,378.0,0.29,95.0,0.23,454.0,0.3,60.0,0.22,529.0,0.31,398.0,0.21,479.6,0.32,454.0
2026-01-07 09:16:03.295000+00:00,2026-01-07 09:16:00.794585+00:00,63.295,0.725,0.72,0.73,0.275,0.27,0.28,181.88,223.0,213.0,186.88,0.71,95.0,0.74,478.0,0.7,75.0,0.75,362.69,0.69,333.0,0.76,378.0,0.68,544.0,0.77,454.0,0.67,508.0,0.78,529.0,0.26,478.0,0.29,130.0,0.25,392.69,0.3,85.0,0.24,388.0,0.31,343.0,0.23,454.0,0.32,544.0,0.22,529.0,0.33,508.0
2026-01-07 09:16:04.253000+00:00,2026-01-07 09:16:01.800209+00:00,64.253,0.725,0.72,0.73,0.275,0.27,0.28,321.88,123.0,123.0,331.88,0.71,65.0,0.74,194.0,0.7,202.0,0.75,497.69,0.69,333.0,0.76,383.0,0.68,544.0,0.77,499.0,0.67,473.0,0.78,539.0,0.26,194.0,0.29,65.0,0.25,497.69,0.3,202.0,0.24,383.0,0.31,333.0,0.23,499.0,0.32,544.0,0.22,539.0,0.33,473.0
2026-01-07 09:16:05.297000+00:00,2026-01-07 09:16:02.806156+00:00,65.297,0.725,0.72,0.73,0.275,0.27,0.28,381.88,347.0,173.0,158.0,0.71,135.0,0.74,159.0,0.7,333.0,0.75,209.69,0.69,333.0,0.76,368.0,0.68,544.0,0.77,489.0,0.67,473.0,0.78,539.0,0.26,224.0,0.29,115.0,0.25,316.69,0.3,308.0,0.24,363.0,0.31,333.0,0.23,454.0,0.32,768.0,0.22,529.0,0.33,473.0
2026-01-07 09:16:06.221000+00:00,2026-01-07 09:16:03.811678+00:00,66.221,0.725,0.72,0.73,0.275,0.27,0.28,148.0,312.86,312.86,148.0,0.71,105.0,0.74,260.0,0.7,210.0,0.75,407.69,0.69,328.0,0.76,378.0,0.68,768.0,0.77,454.0,0.67,459.0,0.78,507.3,0.26,260.0,0.29,105.0,0.25,407.69,0.3,210.0,0.24,378.0,0.31,328.0,0.23,454.0,0.32,768.0,0.22,507.3,0.33,459.0
2026-01-07 09:16:07.337000+00:00,2026-01-07 09:16:04.817226+00:00,67.337,0.725,0.72,0.73,0.275,0.27,0.28,208.0,28.0,33.0,373.0,0.71,80.0,0.74,155.0,0.7,145.0,0.75,382.69,0.69,308.0,0.76,562.0,0.68,388.0,0.77,469.0,0.67,424.0,0.78,507.3,0.26,114.0,0.29,145.0,0.25,447.69,0.3,282.0,0.24,562.0,0.31,333.0,0.23,479.0,0.32,544.0,0.22,542.3,0.33,424.0
2026-01-07 09:16:08.361000+00:00,2026-01-07 09:16:05.838232+00:00,68.361,0.725,0.72,0.73,0.275,0.27,0.28,260.0,19.11,19.11,260.0,0.71,135.0,0.74,30.0,0.7,340.77,0.75,244.69,0.69,423.0,0.76,786.0,0.68,454.0,0.77,489.0,0.67,439.0,0.78,572.3,0.26,30.0,0.29,135.0,0.25,244.69,0.3,340.77,0.24,796.0,0.31,423.0,0.23,474.0,0.32,454.0,0.22,587.3,0.33,439.0
2026-01-07 09:16:09.344000+00:00,2026-01-07 09:16:06.847010+00:00,69.344,0.725,0.72,0.73,0.275,0.27,0.28,266.0,14.11,14.11,246.0,0.71,281.88,0.75,309.69,0.7,582.0,0.76,507.0,0.69,423.0,0.77,459.0,0.68,454.0,0.78,554.0,0.67,488.0,0.79,504.0,0.25,119.69,0.29,163.88,0.24,631.0,0.3,572.0,0.23,484.0,0.31,423.0,0.22,574.0,0.32,454.0,0.21,514.0,0.33,488.0
2026-01-07 09:16:10.358000+00:00,2026-01-07 09:16:07.853132+00:00,70.358,0.735,0.73,0.74,0.255,0.25,0.26,175.0,20.0,104.69,179.13,0.72,156.0,0.75,84.69,0.71,479.88,0.76,235.0,0.7,438.0,0.77,377.0,0.69,503.0,0.78,654.0,0.68,419.0,0.79,514.0,0.24,235.0,0.27,120.0,0.23,377.0,0.28,283.0,0.22,639.0,0.29,695.0,0.21,529.0,0.3,423.0,0.2,574.59,0.31,468.0
2026-01-07 09:16:11.355000+00:00,2026-01-07 09:16:08.859576+00:00,71.355,0.745,0.74,0.75,0.245,0.24,0.25,244.13,69.02,105.0,105.0,0.73,228.0,0.76,70.0,0.72,558.0,0.77,335.0,0.71,333.0,0.78,761.0,0.7,593.0,0.79,539.0,0.69,419.0,0.8,584.59,0.23,335.0,0.26,201.13,0.22,761.0,0.27,218.0,0.21,549.0,0.28,558.0,0.2,584.59,0.29,333.0,0.19,499.0,0.3,558.0
2026-01-07 09:16:12.301000+00:00,2026-01-07 09:16:09.862962+00:00,72.301,0.755,0.75,0.76,0.245,0.24,0.25,200.0,90.0,90.0,200.0,0.74,146.13,0.77,350.0,0.73,233.0,0.78,761.0,0.72,542.0,0.79,534.0,0.71,423.0,0.8,599.59,0.7,468.0,0.81,499.0,0.23,350.0,0.26,146.13,0.22,761.0,0.27,233.0,0.21,534.0,0.28,542.0,0.2,599.59,0.29,423.0,0.19,499.0,0.3,468.0
2026-01-07 09:16:13.360000+00:00,2026-01-07 09:16:10.869558+00:00,73.36,0.755,0.75,0.76,0.245,0.24,0.25,175.0,86.67,55.54,180.0,0.74,125.0,0.77,180.0,0.73,410.0,0.78,896.0,0.72,542.0,0.79,509.0,0.71,333.0,0.8,599.59,0.7,468.0,0.81,499.0,0.23,195.0,0.26,145.0,0.22,698.0,0.27,471.0,0.21,524.0,0.28,542.0,0.2,584.59,0.29,333.0,0.19,499.0,0.3,468.0
2026-01-07 09:16:14.355000+00:00,2026-01-07 09:16:11.874694+00:00,74.355,0.755,0.75,0.76,0.245,0.24,0.25,210.0,33.82,48.82,195.0,0.74,200.0,0.77,225.0,0.73,471.0,0.78,414.0,0.72,318.0,0.79,509.0,0.71,333.0,0.8,599.59,0.7,468.0,0.81,499.0,0.23,260.0,0.26,200.0,0.22,394.0,0.27,471.0,0.21,509.0,0.28,408.0,0.2,599.59,0.29,333.0,0.19,499.0,0.3,468.0
2026-01-07 09:16:15.365000+00:00,2026-01-07 09:16:12.881873+00:00,75.365,0.755,0.75,0.76,0.245,0.24,0.25,120.0,118.82,118.82,120.0,0.74,160.0,0.77,290.0,0.73,536.0,0.78,285.0,0.72,428.0,0.79,504.0,0.71,343.0,0.8,574.59,0.7,468.0,0.81,499.0,0.23,290.0,0.26,150.0,0.22,399.0,0.27,546.0,0.21,504.0,0.28,428.0,0.2,574.59,0.29,343.0,0.19,499.0,0.3,468.0
2026-01-07 09:16:16.389000+00:00,2026-01-07 09:16:13.887654+00:00,76.389,0.755,0.75,0.76,0.245,0.24,0.25,25.0,430.0,447.86,25.0,0.74,40.0,0.77,307.0,0.73,202.0,0.78,672.0,0.72,408.0,0.79,519.0,0.71,464.0,0.8,699.59,0.7,503.0,0.81,464.0,0.23,287.0,0.26,163.0,0.22,662.0,0.27,156.0,0.21,519.0,0.28,393.0,0.2,699.59,0.29,494.0,0.19,474.1,0.3,464.0
2026-01-07 09:16:17.335000+00:00,2026-01-07 09:16:14.894633+00:00,77.335,0.735,0.73,0.74,0.265,0.26,0.27,76.0,242.8,114.8,76.0,0.72,160.0,0.75,235.0,0.71,512.0,0.76,305.54,0.7,453.0,0.77,572.0,0.69,498.0,0.78,438.0,0.68,439.0,0.79,519.0,0.25,235.0,0.28,160.0,0.24,305.54,0.29,512.0,0.23,572.0,0.3,453.0,0.22,438.0,0.31,498.0,0.21,519.0,0.32,439.0
2026-01-07 09:16:18.398000+00:00,2026-01-07 09:16:15.899805+00:00,78.398,0.735,0.73,0.74,0.265,0.26,0.27,100.0,69.13,69.13,110.0,0.72,268.0,0.75,235.0,0.71,497.0,0.76,276.54,0.7,433.0,0.77,691.0,0.69,439.0,0.78,438.0,0.68,439.0,0.79,524.3,0.25,235.0,0.28,268.0,0.24,276.54,0.29,497.0,0.23,691.0,0.3,433.0,0.22,438.0,0.31,439.0,0.21,524.3,0.32,439.0
2026-01-07 09:16:19.311000+00:00,2026-01-07 09:16:16.906551+00:00,79.311,0.735,0.73,0.74,0.265,0.26,0.27,45.0,84.13,82.22,45.0,0.72,323.0,0.75,255.0,0.71,487.0,0.76,276.54,0.7,433.0,0.77,681.0,0.69,439.0,0.78,448.0,0.68,439.0,0.79,534.3,0.25,265.0,0.28,323.0,0.24,276.54,0.29,487.0,0.23,681.0,0.3,423.0,0.22,448.0,0.31,439.0,0.21,534.3,0.32,439.0
2026-01-07 09:16:20.304000+00:00,2026-01-07 09:16:17.913486+00:00,80.304,0.735,0.73,0.74,0.265,0.26,0.27,171.0,52.22,52.22,165.0,0.72,333.0,0.75,225.0,0.71,532.0,0.76,301.54,0.7,423.0,0.77,716.0,0.69,439.0,0.78,448.0,0.68,439.0,0.79,524.3,0.25,225.0,0.28,333.0,0.24,301.54,0.29,532.0,0.23,716.0,0.3,423.0,0.22,448.0,0.31,439.0,0.21,524.3,0.32,439.0
2026-01-07 09:16:21.379000+00:00,2026-01-07 09:16:18.922083+00:00,81.379,0.735,0.73,0.74,0.265,0.26,0.27,310.0,4.11,4.11,340.0,0.72,253.0,0.75,195.0,0.71,647.0,0.76,385.54,0.7,348.0,0.77,627.0,0.69,439.0,0.78,458.0,0.68,404.0,0.79,534.3,0.25,195.0,0.28,238.0,0.24,385.54,0.29,662.0,0.23,612.0,0.3,333.0,0.22,473.0,0.31,439.0,0.21,534.3,0.32,404.0
2026-01-07 09:16:22.422000+00:00,2026-01-07 09:16:19.930055+00:00,82.422,0.755,0.75,0.76,0.245,0.24,0.25,155.0,36.54,36.54,155.0,0.74,283.0,0.77,280.0,0.73,165.0,0.78,687.0,0.72,318.0,0.79,554.3,0.71,333.0,0.8,584.59,0.7,333.0,0.81,499.0,0.23,280.0,0.26,293.0,0.22,687.0,0.27,255.0,0.21,554.3,0.28,318.0,0.2,584.59,0.29,333.0,0.19,499.0,0.3,333.0
2026-01-07 09:16:23.402000+00:00,2026-01-07 09:16:20.936631+00:00,83.402,0.775,0.77,0.78,0.225,0.22,0.23,35.0,562.0,399.0,20.0,0.76,155.0,0.79,569.0,0.75,170.0,0.8,823.59,0.74,70.0,0.81,509.0,0.73,433.0,0.82,514.0,0.72,318.0,0.83,474.0,0.21,529.0,0.24,25.0,0.2,818.59,0.25,225.0,0.19,509.0,0.26,70.0,0.18,514.0,0.27,433.0,0.17,464.0,0.28,318.0
2026-01-07 09:16:24.417000+00:00,2026-01-07 09:16:21.941866+00:00,84.417,0.775,0.77,0.78,0.22999999999999998,0.22,0.24,15.0,234.4,217.86,343.0,0.76,233.0,0.79,748.0,0.75,170.0,0.8,818.59,0.74,70.0,0.81,509.0,0.73,433.0,0.82,524.0,0.72,318.0,0.83,464.0,0.21,743.0,0.25,150.0,0.2,833.59,0.26,55.0,0.19,509.0,0.27,433.0,0.18,524.0,0.28,318.0,0.17,464.0,0.29,382.0
2026-01-07 09:16:25.277000+00:00,2026-01-07 09:16:22.962037+00:00,85.277,0.77,0.76,0.78,0.22999999999999998,0.22,0.24,318.0,212.86,212.86,318.0,0.75,185.0,0.79,639.0,0.74,55.0,0.8,958.59,0.73,433.0,0.81,509.0,0.72,318.0,0.82,514.0,0.71,382.0,0.83,487.8,0.21,758.0,0.25,185.0,0.2,833.59,0.26,55.0,0.19,509.0,0.27,433.0,0.18,514.0,0.28,318.0,0.17,487.8,0.29,382.0
2026-01-07 09:16:26.449000+00:00,2026-01-07 09:16:23.970043+00:00,86.449,0.765,0.76,0.77,0.235,0.23,0.24,278.0,43.44,43.44,278.0,0.75,240.0,0.78,229.86,0.74,140.0,0.79,627.0,0.73,657.0,0.8,818.59,0.72,318.0,0.81,509.0,0.71,503.0,0.82,524.0,0.22,229.86,0.25,240.0,0.21,617.0,0.26,140.0,0.2,818.59,0.27,657.0,0.19,499.0,0.28,318.0,0.18,524.0,0.29,503.0
2026-01-07 09:16:27.476000+00:00,2026-01-07 09:16:24.979490+00:00,87.476,0.765,0.76,0.77,0.275,0.27,0.28,20.0,971.0,5.0,165.0,0.73,15.0,0.78,523.86,0.72,160.0,0.79,529.0,0.71,439.0,0.8,582.89,0.7,303.0,0.81,519.0,0.69,439.0,0.82,509.0,0.26,175.0,0.29,369.0,0.25,152.0,0.3,393.0,0.24,478.0,0.31,439.0,0.23,798.0,0.32,439.0,0.22,468.86,0.33,439.0
2026-01-07 09:16:28.492000+00:00,2026-01-07 09:16:25.986242+00:00,88.492,0.73,0.72,0.74,0.27,0.26,0.28,155.0,155.0,155.0,145.0,0.71,379.0,0.75,323.0,0.7,210.0,0.76,532.0,0.69,318.0,0.77,738.0,0.68,439.0,0.78,468.86,0.67,439.0,0.79,494.0,0.25,423.0,0.29,379.0,0.24,428.0,0.3,210.0,0.23,728.0,0.31,318.0,0.22,468.86,0.32,439.0,0.21,494.0,0.33,439.0
2026-01-07 09:16:29.455000+00:00,2026-01-07 09:16:26.991629+00:00,89.455,0.73,0.72,0.74,0.27,0.26,0.28,155.0,155.0,155.0,165.0,0.71,497.0,0.75,423.0,0.7,210.0,0.76,438.0,0.69,318.0,0.77,728.0,0.68,488.0,0.78,468.86,0.67,439.0,0.79,494.0,0.25,423.0,0.29,497.0,0.24,438.0,0.3,210.0,0.23,728.0,0.31,318.0,0.22,468.86,0.32,488.0,0.21,494.0,0.33,439.0
2026-01-07 09:16:30.450000+00:00,2026-01-07 09:16:27.996869+00:00,90.45,0.735,0.73,0.74,0.265,0.26,0.27,90.0,70.0,70.0,120.0,0.72,135.0,0.75,403.0,0.71,537.0,0.76,542.0,0.7,200.0,0.77,728.0,0.69,318.0,0.78,468.86,0.68,488.0,0.79,494.0,0.25,403.0,0.28,120.0,0.24,542.0,0.29,537.0,0.23,728.0,0.3,200.0,0.22,468.86,0.31,318.0,0.21,494.0,0.32,488.0
2026-01-07 09:16:31.436000+00:00,2026-01-07 09:16:29.018484+00:00,91.436,0.735,0.73,0.74,0.265,0.26,0.27,20.0,160.0,240.0,20.0,0.72,185.0,0.75,463.0,0.71,502.0,0.76,532.0,0.7,225.0,0.77,728.0,0.69,293.0,0.78,468.86,0.68,488.0,0.79,494.0,0.25,383.0,0.28,185.0,0.24,532.0,0.29,502.0,0.23,728.0,0.3,225.0,0.22,468.86,0.31,293.0,0.21,494.0,0.32,488.0
2026-01-07 09:16:32.461000+00:00,2026-01-07 09:16:30.027155+00:00,92.461,0.735,0.73,0.74,0.265,0.26,0.27,40.0,240.0,240.0,40.0,0.72,255.0,0.75,453.0,0.71,502.0,0.76,532.0,0.7,225.0,0.77,728.0,0.69,293.0,0.78,468.86,0.68,488.0,0.79,494.0,0.25,453.0,0.28,255.0,0.24,532.0,0.29,502.0,0.23,728.0,0.3,225.0,0.22,468.86,0.31,293.0,0.21,494.0,0.32,488.0
2026-01-07 09:16:33.428000+00:00,2026-01-07 09:16:31.034520+00:00,93.428,0.735,0.73,0.74,0.265,0.26,0.27,40.0,250.0,250.0,40.0,0.72,255.0,0.75,453.0,0.71,502.0,0.76,532.0,0.7,225.0,0.77,728.0,0.69,293.0,0.78,468.86,0.68,488.0,0.79,494.0,0.25,453.0,0.28,255.0,0.24,532.0,0.29,502.0,0.23,728.0,0.3,225.0,0.22,468.86,0.31,293.0,0.21,494.0,0.32,488.0
2026-01-07 09:16:34.528000+00:00,2026-01-07 09:16:32.036931+00:00,94.528,0.73,0.72,0.74,0.275,0.27,0.28,79.99,434.0,240.0,24.99,0.71,283.0,0.75,498.0,0.7,205.0,0.76,519.0,0.69,318.0,0.77,504.0,0.68,463.0,0.78,468.86,0.67,439.0,0.79,494.0,0.26,347.64,0.29,328.0,0.25,503.0,0.3,125.0,0.24,509.0,0.31,318.0,0.23,494.0,0.32,463.0,0.22,443.86,0.33,439.0
2026-01-07 09:16:35.506000+00:00,2026-01-07 09:16:33.045178+00:00,95.506,0.725,0.72,0.73,0.275,0.27,0.28,14.99,153.0,233.0,14.99,0.71,328.0,0.74,502.64,0.7,135.0,0.75,413.0,0.69,408.0,0.76,509.0,0.68,342.0,0.77,494.0,0.67,439.0,0.78,443.86,0.26,422.64,0.29,328.0,0.25,413.0,0.3,135.0,0.24,509.0,0.31,408.0,0.23,494.0,0.32,342.0,0.22,443.86,0.33,439.0
2026-01-07 09:16:36.511000+00:00,2026-01-07 09:16:34.050503+00:00,96.511,0.725,0.72,0.73,0.275,0.27,0.28,114.99,233.0,233.0,119.99,0.71,273.0,0.74,346.64,0.7,135.0,0.75,413.0,0.69,373.0,0.76,509.0,0.68,367.0,0.77,494.0,0.67,414.0,0.78,443.86,0.26,346.64,0.29,273.0,0.25,413.0,0.3,135.0,0.24,509.0,0.31,373.0,0.23,494.0,0.32,367.0,0.22,443.86,0.33,414.0
2026-01-07 09:16:37.076000+00:00,2026-01-07 09:16:35.054552+00:00,97.076,0.725,0.72,0.73,0.275,0.27,0.28,119.99,233.0,233.0,119.99,0.71,273.0,0.74,346.64,0.7,135.0,0.75,413.0,0.69,373.0,0.76,509.0,0.68,367.0,0.77,494.0,0.67,414.0,0.78,443.86,0.26,346.64,0.29,273.0,0.25,413.0,0.3,135.0,0.24,509.0,0.31,373.0,0.23,494.0,0.32,367.0,0.22,443.86,0.33,414.0
2026-01-07 09:16:38.548000+00:00,2026-01-07 09:16:36.059571+00:00,98.548,0.725,0.72,0.73,0.275,0.27,0.28,224.99,208.0,238.0,139.99,0.71,273.0,0.74,221.64,0.7,205.0,0.75,518.0,0.69,507.0,0.76,519.0,0.68,367.0,0.77,504.0,0.67,414.0,0.78,433.86,0.26,231.64,0.29,328.0,0.25,508.0,0.3,215.0,0.24,509.0,0.31,507.0,0.23,494.0,0.32,367.0,0.22,433.86,0.33,414.0
2026-01-07 09:16:39.533000+00:00,2026-01-07 09:16:37.066042+00:00,99.533,0.725,0.72,0.73,0.275,0.27,0.28,154.99,140.0,110.0,186.41,0.71,338.0,0.74,327.64,0.7,215.0,0.75,528.0,0.69,542.0,0.76,509.0,0.68,342.0,0.77,494.0,0.67,439.0,0.78,443.86,0.26,327.64,0.29,303.0,0.25,498.0,0.3,200.0,0.24,539.0,0.31,542.0,0.23,494.0,0.32,342.0,0.22,443.86,0.33,439.0
2026-01-07 09:16:40.423000+00:00,2026-01-07 09:16:38.073372+00:00,100.423,0.725,0.72,0.73,0.275,0.27,0.28,201.41,110.0,203.0,201.41,0.71,318.0,0.74,327.64,0.7,200.0,0.75,498.0,0.69,507.0,0.76,539.0,0.68,367.0,0.77,494.0,0.67,414.0,0.78,443.86,0.26,231.64,0.29,318.0,0.25,498.0,0.3,200.0,0.24,539.0,0.31,507.0,0.23,494.0,0.32,367.0,0.22,443.86,0.33,414.0
2026-01-07 09:16:41.391000+00:00,2026-01-07 09:16:39.080921+00:00,101.391,0.725,0.72,0.73,0.275,0.27,0.28,196.41,203.0,203.0,186.41,0.71,318.0,0.74,231.64,0.7,200.0,0.75,498.0,0.69,542.0,0.76,753.0,0.68,342.0,0.77,504.0,0.67,439.0,0.78,443.86,0.26,231.64,0.29,318.0,0.25,498.0,0.3,200.0,0.24,753.0,0.31,542.0,0.23,504.0,0.32,342.0,0.22,443.86,0.33,439.0
2026-01-07 09:16:42.554000+00:00,2026-01-07 09:16:40.102561+00:00,102.554,0.725,0.72,0.73,0.275,0.27,0.28,301.41,118.0,118.0,301.41,0.71,368.0,0.74,123.0,0.7,318.0,0.75,335.0,0.69,293.0,0.76,747.0,0.68,488.0,0.77,504.0,0.67,439.0,0.78,433.86,0.26,123.0,0.29,368.0,0.25,335.0,0.3,318.0,0.24,747.0,0.31,293.0,0.23,504.0,0.32,488.0,0.22,433.86,0.33,439.0
2026-01-07 09:16:43.593000+00:00,2026-01-07 09:16:41.109913+00:00,103.593,0.725,0.72,0.73,0.275,0.27,0.28,326.41,25.0,25.0,316.41,0.71,368.0,0.74,28.0,0.7,318.0,0.75,455.0,0.69,293.0,0.76,747.0,0.68,488.0,0.77,504.0,0.67,439.0,0.78,433.86,0.26,123.0,0.29,368.0,0.25,425.0,0.3,318.0,0.24,747.0,0.31,293.0,0.23,504.0,0.32,488.0,0.22,433.86,0.33,439.0
2026-01-07 09:16:44.608000+00:00,2026-01-07 09:16:42.115335+00:00,104.608,0.725,0.72,0.73,0.275,0.27,0.28,301.41,25.0,25.0,301.41,0.71,368.0,0.74,154.0,0.7,318.0,0.75,350.0,0.69,293.0,0.76,742.0,0.68,488.0,0.77,504.0,0.67,439.0,0.78,433.86,0.26,159.0,0.29,368.0,0.25,355.0,0.3,318.0,0.24,742.0,0.31,293.0,0.23,504.0,0.32,488.0,0.22,433.86,0.33,439.0
2026-01-07 09:16:45.457000+00:00,2026-01-07 09:16:43.119258+00:00,105.457,0.725,0.72,0.73,0.275,0.27,0.28,296.41,20.0,100.0,296.41,0.71,378.0,0.74,224.0,0.7,318.0,0.75,335.0,0.69,293.0,0.76,742.0,0.68,488.0,0.77,504.0,0.67,439.0,0.78,433.86,0.26,199.0,0.29,378.0,0.25,275.0,0.3,318.0,0.24,742.0,0.31,293.0,0.23,504.0,0.32,488.0,0.22,433.86,0.33,439.0
2026-01-07 09:16:46.625000+00:00,2026-01-07 09:16:44.141320+00:00,106.625,0.72,0.71,0.73,0.28500000000000003,0.28,0.29,263.0,408.0,40.0,278.0,0.7,344.0,0.74,228.0,0.69,403.0,0.75,403.0,0.68,293.0,0.76,602.0,0.67,529.0,0.77,469.0,0.66,439.0,0.78,444.16,0.27,498.0,0.3,344.0,0.26,263.0,0.31,403.0,0.25,403.0,0.32,293.0,0.24,602.0,0.33,529.0,0.23,469.0,0.34,439.0
2026-01-07 09:16:47.583000+00:00,2026-01-07 09:16:45.162308+00:00,107.583,0.715,0.71,0.72,0.28500000000000003,0.28,0.29,283.0,120.0,115.0,288.0,0.7,359.0,0.73,310.0,0.69,383.0,0.74,258.0,0.68,293.0,0.75,523.0,0.67,529.0,0.76,602.0,0.66,439.0,0.77,469.0,0.27,280.0,0.3,379.0,0.26,238.0,0.31,318.0,0.25,543.0,0.32,293.0,0.24,602.0,0.33,529.0,0.23,469.0,0.34,439.0
2026-01-07 09:16:48.660000+00:00,2026-01-07 09:16:46.167602+00:00,108.66,0.715,0.71,0.72,0.28500000000000003,0.28,0.29,358.0,80.0,80.0,338.0,0.7,384.0,0.73,215.0,0.69,383.0,0.74,329.0,0.68,318.0,0.75,533.0,0.67,439.0,0.76,612.0,0.66,488.0,0.77,494.0,0.27,215.0,0.3,404.0,0.26,344.0,0.31,293.0,0.25,518.0,0.32,318.0,0.24,612.0,0.33,439.0,0.23,494.0,0.34,488.0
2026-01-07 09:16:49.654000+00:00,2026-01-07 09:16:47.173489+00:00,109.654,0.715,0.71,0.72,0.28500000000000003,0.28,0.29,338.0,80.0,80.0,353.0,0.7,404.0,0.73,235.0,0.69,293.0,0.74,399.0,0.68,408.0,0.75,443.0,0.67,439.0,0.76,612.0,0.66,488.0,0.77,504.0,0.27,235.0,0.3,404.0,0.26,303.0,0.31,293.0,0.25,543.0,0.32,408.0,0.24,612.0,0.33,439.0,0.23,504.0,0.34,488.0
2026-01-07 09:16:50.646000+00:00,2026-01-07 09:16:48.181396+00:00,110.646,0.715,0.71,0.72,0.28500000000000003,0.28,0.29,348.0,65.0,65.0,348.0,0.7,374.0,0.73,105.0,0.69,293.0,0.74,298.0,0.68,408.0,0.75,473.0,0.67,439.0,0.76,726.0,0.66,488.0,0.77,504.0,0.27,105.0,0.3,374.0,0.26,298.0,0.31,293.0,0.25,473.0,0.32,408.0,0.24,726.0,0.33,439.0,0.23,504.0,0.34,488.0
2026-01-07 09:16:51.671000+00:00,2026-01-07 09:16:49.189231+00:00,111.671,0.725,0.72,0.73,0.28,0.27,0.29,116.42,150.0,215.0,333.0,0.71,293.0,0.74,323.0,0.7,384.0,0.75,538.0,0.69,383.0,0.76,612.0,0.68,318.0,0.77,504.0,0.67,439.0,0.78,452.76,0.26,308.0,0.3,384.0,0.25,543.0,0.31,383.0,0.24,612.0,0.32,318.0,0.23,494.0,0.33,439.0,0.22,442.76,0.34,488.0
2026-01-07 09:16:52.671000+00:00,2026-01-07 09:16:50.194421+00:00,112.671,0.695,0.69,0.7,0.305,0.3,0.31,146.42,10.0,10.0,146.42,0.68,75.0,0.71,183.0,0.67,378.0,0.72,442.0,0.66,408.0,0.73,561.0,0.65,478.0,0.74,517.0,0.64,416.84,0.75,524.0,0.29,193.0,0.32,75.0,0.28,442.0,0.33,468.0,0.27,561.0,0.34,328.0,0.26,517.0,0.35,478.0,0.25,524.0,0.36,416.84
2026-01-07 09:16:53.672000+00:00,2026-01-07 09:16:51.186866+00:00,113.672,0.69,0.68,0.7,0.31,0.3,0.32,150.0,142.32,124.32,150.0,0.67,457.0,0.71,245.0,0.66,358.0,0.72,417.0,0.65,447.0,0.73,723.0,0.64,416.84,0.74,527.0,0.63,399.0,0.75,479.0,0.29,235.0,0.33,457.0,0.28,417.0,0.34,368.0,0.27,723.0,0.35,357.0,0.26,492.0,0.36,416.84,0.25,479.0,0.37,399.0
2026-01-07 09:16:54.693000+00:00,2026-01-07 09:16:52.207276+00:00,114.693,0.675,0.67,0.68,0.325,0.32,0.33,294.42,35.0,35.0,294.42,0.66,115.0,0.69,131.0,0.65,462.0,0.7,249.0,0.64,321.84,0.71,448.0,0.63,399.0,0.72,595.0,0.62,434.0,0.73,474.0,0.31,125.0,0.34,205.0,0.3,332.0,0.35,462.0,0.29,448.0,0.36,321.84,0.28,509.0,0.37,399.0,0.27,474.0,0.38,434.0
2026-01-07 09:16:55.694000+00:00,2026-01-07 09:16:53.225822+00:00,115.694,0.675,0.67,0.68,0.32,0.31,0.33,294.42,35.0,106.88,294.42,0.66,205.0,0.69,125.0,0.65,462.0,0.7,380.0,0.64,321.84,0.71,528.0,0.63,399.0,0.72,595.0,0.62,434.0,0.73,474.0,0.3,355.0,0.34,115.0,0.29,528.0,0.35,462.0,0.28,595.0,0.36,321.84,0.27,474.0,0.37,399.0,0.26,490.2,0.38,434.0
2026-01-07 09:16:56.700000+00:00,2026-01-07 09:16:54.245214+00:00,116.7,0.6799999999999999,0.67,0.69,0.32,0.31,0.33,379.42,92.32,92.32,379.42,0.66,165.0,0.7,395.0,0.65,532.0,0.71,513.0,0.64,416.84,0.72,595.0,0.63,399.0,0.73,499.0,0.62,448.0,0.74,533.2,0.3,395.0,0.34,165.0,0.29,513.0,0.35,532.0,0.28,595.0,0.36,416.84,0.27,499.0,0.37,399.0,0.26,533.2,0.38,448.0
2026-01-07 09:16:57.796000+00:00,2026-01-07 09:16:55.253422+00:00,117.796,0.675,0.67,0.68,0.33,0.32,0.34,128.0,120.0,145.0,120.0,0.66,195.0,0.69,287.32,0.65,507.0,0.7,433.0,0.64,431.84,0.71,657.0,0.63,399.0,0.72,499.0,0.62,448.0,0.73,509.0,0.31,257.32,0.35,647.0,0.3,453.0,0.36,441.84,0.29,478.0,0.37,399.0,0.28,509.0,0.38,434.0,0.27,479.9,0.39,374.0
2026-01-07 09:16:58.757000+00:00,2026-01-07 09:16:56.258257+00:00,118.757,0.655,0.65,0.66,0.345,0.34,0.35,148.0,90.0,123.0,183.0,0.64,555.84,0.67,115.04,0.63,424.0,0.68,282.0,0.62,434.0,0.69,394.32,0.61,374.0,0.7,685.0,0.6,374.0,0.71,509.0,0.33,108.04,0.36,520.84,0.32,307.0,0.37,474.0,0.31,394.32,0.38,434.0,0.3,710.0,0.39,409.0,0.29,509.0,0.4,374.0
2026-01-07 09:16:59.743000+00:00,2026-01-07 09:16:57.249121+00:00,119.743,0.655,0.65,0.66,0.335,0.33,0.34,284.42,15.0,78.04,10.0,0.64,177.84,0.67,108.04,0.63,285.0,0.68,448.0,0.62,323.0,0.69,455.32,0.61,409.0,0.7,803.0,0.6,374.0,0.71,519.0,0.32,438.0,0.35,384.42,0.31,485.32,0.36,162.84,0.3,720.0,0.37,215.0,0.29,519.0,0.38,313.0,0.28,565.0,0.39,409.0
2026-01-07 09:17:00.736000+00:00,2026-01-07 09:16:58.252863+00:00,120.736,0.665,0.66,0.67,0.335,0.33,0.34,5.0,401.23,583.23,5.0,0.65,153.0,0.68,566.0,0.64,267.84,0.69,735.32,0.63,145.0,0.7,486.0,0.62,482.0,0.71,529.0,0.61,409.0,0.72,442.8,0.32,654.0,0.35,148.0,0.31,501.32,0.36,12.84,0.3,486.0,0.37,146.42,0.29,519.0,0.38,407.99,0.28,472.8,0.39,314.0
2026-01-07 09:17:01.767000+00:00,2026-01-07 09:16:59.277317+00:00,121.767,0.645,0.64,0.65,0.355,0.35,0.36,7.84,365.78,430.78,7.84,0.63,5.0,0.66,519.0,0.62,25.0,0.67,599.23,0.61,151.42,0.68,510.8,0.6,145.0,0.69,501.32,0.59,228.0,0.7,481.0,0.34,429.0,0.37,5.0,0.33,554.23,0.38,25.0,0.32,520.8,0.39,151.42,0.31,501.32,0.4,145.0,0.3,481.0,0.41,228.0
2026-01-07 09:17:02.774000+00:00,2026-01-07 09:17:00.282104+00:00,122.774,0.625,0.62,0.63,0.375,0.37,0.38,225.0,215.0,210.0,210.0,0.61,229.42,0.64,260.16,0.6,80.0,0.65,491.78,0.59,132.0,0.66,499.0,0.58,408.42,0.67,508.23,0.57,421.5,0.68,474.0,0.36,260.16,0.39,229.42,0.35,491.78,0.4,80.0,0.34,499.0,0.41,132.0,0.33,584.23,0.42,408.42,0.32,474.0,0.43,470.5
2026-01-07 09:17:03.771000+00:00,2026-01-07 09:17:01.288873+00:00,123.771,0.625,0.62,0.63,0.375,0.37,0.38,230.0,26.0,26.0,200.0,0.61,409.42,0.64,260.16,0.6,140.0,0.65,295.78,0.59,288.0,0.66,648.0,0.58,539.42,0.67,498.23,0.57,470.5,0.68,474.0,0.36,260.16,0.39,409.42,0.35,295.78,0.4,140.0,0.34,658.0,0.41,288.0,0.33,498.23,0.42,539.42,0.32,474.0,0.43,470.5
2026-01-07 09:17:04.750000+00:00,2026-01-07 09:17:02.283099+00:00,124.75,0.625,0.62,0.63,0.375,0.37,0.38,200.0,7.45,7.45,180.52,0.61,419.42,0.64,285.16,0.6,140.0,0.65,270.78,0.59,288.0,0.66,678.0,0.58,539.42,0.67,498.23,0.57,470.5,0.68,509.0,0.36,285.16,0.39,419.42,0.35,270.78,0.4,140.0,0.34,678.0,0.41,288.0,0.33,498.23,0.42,588.42,0.32,509.0,0.43,421.5
2026-01-07 09:17:05.787000+00:00,2026-01-07 09:17:03.304097+00:00,125.787,0.635,0.63,0.64,0.365,0.36,0.37,3.21,355.16,220.16,118.21,0.62,185.52,0.65,380.78,0.61,419.42,0.66,654.0,0.6,140.0,0.67,488.23,0.59,288.0,0.68,577.0,0.58,588.42,0.69,476.32,0.35,310.78,0.38,125.52,0.34,619.0,0.39,389.42,0.33,503.23,0.4,115.0,0.32,577.0,0.41,288.0,0.31,476.32,0.42,364.42
2026-01-07 09:17:08.740000+00:00,2026-01-07 09:17:06.329412+00:00,128.74,0.655,0.65,0.66,0.345,0.34,0.35,336.0,61.92,111.92,236.0,0.64,263.0,0.67,30.0,0.63,333.0,0.68,140.0,0.62,338.52,0.69,544.32,0.61,534.42,0.7,624.0,0.6,419.0,0.71,484.0,0.33,95.0,0.36,298.0,0.32,120.0,0.37,383.0,0.31,650.32,0.38,348.52,0.3,491.0,0.39,534.42,0.29,474.0,0.4,419.0
2026-01-07 09:17:09.713000+00:00,2026-01-07 09:17:07.340587+00:00,129.713,0.655,0.65,0.66,0.345,0.34,0.35,146.0,46.92,46.92,146.0,0.64,388.0,0.67,50.0,0.63,383.0,0.68,190.0,0.62,348.52,0.69,810.32,0.61,534.42,0.7,471.0,0.6,419.0,0.71,544.0,0.33,50.0,0.36,388.0,0.32,190.0,0.37,383.0,0.31,810.32,0.38,348.52,0.3,471.0,0.39,534.42,0.29,544.0,0.4,419.0
2026-01-07 09:17:11.270000+00:00,2026-01-07 09:17:08.345788+00:00,131.27,0.67,0.66,0.68,0.325,0.32,0.33,180.0,142.74,150.0,5.0,0.65,145.0,0.69,699.32,0.64,368.0,0.7,604.0,0.63,333.0,0.71,544.0,0.62,338.52,0.72,564.6,0.61,450.42,0.73,509.0,0.31,689.32,0.34,150.0,0.3,521.0,0.35,165.0,0.29,554.0,0.36,343.0,0.28,650.6,0.37,333.0,0.27,509.0,0.38,338.52
2026-01-07 09:17:12.757000+00:00,2026-01-07 09:17:10.464623+00:00,132.757,0.67,0.66,0.68,0.345,0.34,0.35,175.0,125.0,5.0,220.0,0.65,200.0,0.69,556.32,0.64,571.0,0.7,569.0,0.63,557.0,0.71,544.0,0.62,338.52,0.72,564.6,0.61,435.42,0.73,544.0,0.33,108.0,0.36,456.0,0.32,190.0,0.37,642.0,0.31,709.32,0.38,338.52,0.3,496.0,0.39,470.42,0.29,544.0,0.4,453.0
2026-01-07 09:17:15.357000+00:00,2026-01-07 09:17:11.467567+00:00,135.357,0.66,0.65,0.67,0.33999999999999997,0.33,0.35,240.0,40.0,48.0,240.0,0.64,635.0,0.68,190.0,0.63,557.0,0.69,795.32,0.62,338.52,0.7,486.0,0.61,470.42,0.71,554.0,0.6,453.0,0.72,574.6,0.32,190.0,0.36,625.0,0.31,785.32,0.37,557.0,0.3,496.0,0.38,338.52,0.29,554.0,0.39,470.42,0.28,574.6,0.4,453.0
2026-01-07 09:17:16.752000+00:00,2026-01-07 09:17:14.138138+00:00,136.752,0.67,0.66,0.68,0.325,0.32,0.33,145.0,160.0,70.0,175.0,0.65,230.0,0.69,724.32,0.64,565.0,0.7,506.0,0.63,557.0,0.71,544.0,0.62,338.52,0.72,584.6,0.61,470.42,0.73,509.0,0.31,604.32,0.34,110.0,0.3,476.0,0.35,140.0,0.29,579.0,0.36,575.0,0.28,688.6,0.37,557.0,0.27,564.0,0.38,338.52
2026-01-07 09:17:17.556000+00:00,2026-01-07 09:17:15.144943+00:00,137.556,0.675,0.67,0.68,0.325,0.32,0.33,180.0,70.0,70.0,180.0,0.66,115.0,0.69,421.32,0.65,230.0,0.7,566.0,0.64,485.0,0.71,579.0,0.63,557.0,0.72,688.6,0.62,338.52,0.73,564.0,0.31,421.32,0.34,110.0,0.3,576.0,0.35,352.0,0.29,594.0,0.36,485.0,0.28,673.6,0.37,557.0,0.27,554.0,0.38,338.52
2026-01-07 09:17:18.629000+00:00,2026-01-07 09:17:16.149552+00:00,138.629,0.685,0.68,0.69,0.315,0.31,0.32,5.0,197.32,127.32,15.0,0.67,240.0,0.7,471.0,0.66,232.0,0.71,609.0,0.65,423.0,0.72,584.6,0.64,709.0,0.73,647.0,0.63,333.0,0.74,537.0,0.3,167.0,0.33,245.0,0.29,390.0,0.34,282.0,0.28,589.6,0.35,333.0,0.27,647.0,0.36,709.0,0.26,537.0,0.37,333.0
2026-01-07 09:17:19.765000+00:00,2026-01-07 09:17:17.142730+00:00,139.765,0.685,0.68,0.69,0.315,0.31,0.32,337.16,47.32,4.23,280.32,0.67,267.0,0.7,60.0,0.66,503.0,0.71,150.0,0.65,333.0,0.72,625.0,0.64,527.0,0.73,484.0,0.63,487.0,0.74,678.0,0.3,60.0,0.33,546.0,0.29,150.0,0.34,333.0,0.28,534.0,0.35,333.0,0.27,479.0,0.36,527.0,0.26,678.0,0.37,487.0
2026-01-07 09:17:21.530000+00:00,2026-01-07 09:17:18.474304+00:00,141.53,0.685,0.68,0.69,0.305,0.3,0.31,295.32,4.23,60.0,418.0,0.67,546.0,0.7,60.0,0.66,333.0,0.71,150.0,0.65,454.0,0.72,534.0,0.64,527.0,0.73,489.0,0.63,487.0,0.74,668.0,0.29,30.0,0.32,314.0,0.28,125.0,0.33,459.0,0.27,160.0,0.34,454.0,0.26,203.0,0.35,454.0,0.25,529.0,0.36,561.0
2026-01-07 09:17:22.648000+00:00,2026-01-07 09:17:20.146662+00:00,142.648,0.695,0.69,0.7,0.295,0.29,0.3,602.0,55.07,30.0,382.93,0.68,314.0,0.71,30.0,0.67,459.0,0.72,35.0,0.66,544.0,0.73,160.0,0.65,454.0,0.74,298.0,0.64,561.0,0.75,270.0,0.28,35.0,0.31,547.0,0.27,160.0,0.32,339.0,0.26,394.0,0.33,459.0,0.25,170.0,0.34,544.0,0.24,500.3,0.35,419.0
2026-01-07 09:17:24.316000+00:00,2026-01-07 09:17:21.785483+00:00,144.316,0.705,0.7,0.71,0.295,0.29,0.3,372.93,30.0,25.0,360.69,0.69,547.0,0.72,35.0,0.68,339.0,0.73,160.0,0.67,454.0,0.74,384.0,0.66,544.0,0.75,180.0,0.65,419.0,0.76,500.3,0.28,35.0,0.31,547.0,0.27,160.0,0.32,339.0,0.26,298.0,0.33,544.0,0.25,280.0,0.34,454.0,0.24,500.3,0.35,419.0
2026-01-07 09:17:25.299000+00:00,2026-01-07 09:17:22.797339+00:00,145.299,0.705,0.7,0.71,0.295,0.29,0.3,366.69,25.0,17.95,351.69,0.69,532.0,0.72,35.0,0.68,211.0,0.73,175.0,0.67,544.0,0.74,328.0,0.66,454.0,0.75,330.0,0.65,419.0,0.76,759.3,0.28,35.0,0.31,532.0,0.27,100.0,0.32,211.0,0.26,248.0,0.33,544.0,0.25,345.0,0.34,454.0,0.24,734.3,0.35,419.0
2026-01-07 09:17:26.235000+00:00,2026-01-07 09:17:23.803568+00:00,146.235,0.715,0.71,0.72,0.28500000000000003,0.28,0.29,315.05,75.0,75.0,310.91,0.7,262.69,0.73,170.0,0.69,760.0,0.74,378.0,0.68,211.0,0.75,220.0,0.67,454.0,0.76,828.3,0.66,419.0,0.77,489.0,0.27,275.0,0.3,262.69,0.26,288.0,0.31,760.0,0.25,220.0,0.32,301.0,0.24,817.0,0.33,454.0,0.23,499.0,0.34,419.0
2026-01-07 09:17:29.073000+00:00,2026-01-07 09:17:24.806126+00:00,149.073,0.705,0.7,0.71,0.28500000000000003,0.28,0.29,203.69,7.7,25.27,155.0,0.69,256.0,0.72,175.27,0.68,419.0,0.73,295.0,0.67,333.0,0.74,313.0,0.66,454.0,0.75,727.0,0.65,439.0,0.76,504.0,0.27,195.0,0.3,105.0,0.26,248.0,0.31,231.0,0.25,622.0,0.32,653.0,0.24,554.0,0.33,382.0,0.23,608.0,0.34,528.0
2026-01-07 09:17:30.034000+00:00,2026-01-07 09:17:27.282396+00:00,150.034,0.715,0.71,0.72,0.28500000000000003,0.28,0.29,205.86,25.27,25.27,200.86,0.7,315.0,0.73,30.0,0.69,346.0,0.74,211.13,0.68,211.0,0.75,582.0,0.67,503.0,0.76,519.0,0.66,493.0,0.77,613.0,0.27,30.0,0.3,436.0,0.26,301.13,0.31,416.0,0.25,399.0,0.32,211.0,0.24,519.0,0.33,503.0,0.23,613.0,0.34,493.0
2026-01-07 09:17:31.662000+00:00,2026-01-07 09:17:28.282397+00:00,151.662,0.725,0.72,0.73,0.275,0.27,0.28,424.43,30.0,30.0,340.14,0.71,428.0,0.74,123.0,0.7,461.0,0.75,165.56,0.69,496.0,0.76,275.0,0.68,332.0,0.77,120.0,0.67,495.0,0.78,787.0,0.26,123.0,0.29,418.0,0.25,165.56,0.3,461.0,0.24,275.0,0.31,496.0,0.23,120.0,0.32,332.0,0.22,787.0,0.33,495.0
2026-01-07 09:17:32.021000+00:00,2026-01-07 09:17:29.546773+00:00,152.021,0.725,0.72,0.73,0.265,0.26,0.27,340.14,30.0,48.0,392.95,0.71,418.0,0.74,123.0,0.7,461.0,0.75,165.56,0.69,496.0,0.76,275.0,0.68,332.0,0.77,120.0,0.67,495.0,0.78,787.0,0.25,20.0,0.28,678.55,0.24,120.0,0.29,402.0,0.23,285.75,0.3,454.0,0.22,409.0,0.31,447.0,0.21,460.0,0.32,375.0
2026-01-07 09:17:34.003000+00:00,2026-01-07 09:17:31.516775+00:00,154.003,0.735,0.73,0.74,0.265,0.26,0.27,397.95,48.0,48.0,352.95,0.72,678.55,0.75,20.0,0.71,402.0,0.76,120.0,0.7,454.0,0.77,285.75,0.69,447.0,0.78,409.0,0.68,375.0,0.79,460.0,0.25,20.0,0.28,316.55,0.24,110.0,0.29,402.0,0.23,250.75,0.3,537.0,0.22,220.0,0.31,447.0,0.21,306.0,0.32,297.0
2026-01-07 09:17:35.030000+00:00,2026-01-07 09:17:32.538079+00:00,155.03,0.735,0.73,0.74,0.275,0.27,0.28,259.7,260.15,255.75,299.55,0.72,281.55,0.75,235.0,0.71,398.0,0.76,280.0,0.7,643.0,0.77,334.0,0.69,457.0,0.78,363.0,0.68,297.0,0.79,728.0,0.26,276.0,0.29,183.0,0.25,606.0,0.3,353.0,0.24,488.0,0.31,621.0,0.23,473.0,0.32,227.0,0.22,484.0,0.33,384.0
2026-01-07 09:17:36.595000+00:00,2026-01-07 09:17:33.528111+00:00,156.595,0.715,0.71,0.72,0.28500000000000003,0.28,0.29,116.15,179.15,139.15,112.15,0.69,317.0,0.73,305.0,0.68,246.0,0.74,409.0,0.67,303.0,0.75,677.0,0.66,379.0,0.76,549.0,0.65,439.0,0.77,499.0,0.27,240.0,0.31,317.0,0.26,399.0,0.32,261.0,0.25,677.0,0.33,263.0,0.24,549.0,0.34,369.0,0.23,499.0,0.35,439.0
2026-01-07 09:17:37.364000+00:00,2026-01-07 09:17:34.693581+00:00,157.364,0.715,0.71,0.72,0.28500000000000003,0.28,0.29,112.15,139.15,139.15,108.15,0.69,367.0,0.73,255.0,0.68,266.0,0.74,419.0,0.67,223.0,0.75,687.0,0.66,369.0,0.76,559.0,0.65,439.0,0.77,499.0,0.27,255.0,0.31,397.0,0.26,419.0,0.32,256.0,0.25,687.0,0.33,223.0,0.24,559.0,0.34,369.0,0.23,499.0,0.35,439.0
2026-01-07 09:17:38.205000+00:00,2026-01-07 09:17:35.703068+00:00,158.205,0.72,0.71,0.73,0.28500000000000003,0.28,0.29,108.15,230.46,70.75,104.15,0.7,10.0,0.74,515.0,0.69,397.0,0.75,587.0,0.68,246.0,0.76,559.0,0.67,223.0,0.77,499.0,0.66,418.0,0.78,480.7,0.27,240.46,0.3,45.0,0.26,525.0,0.31,422.0,0.25,587.0,0.32,246.0,0.24,559.0,0.33,248.0,0.23,499.0,0.34,418.0
2026-01-07 09:17:40.189000+00:00,2026-01-07 09:17:36.724138+00:00,160.189,0.715,0.71,0.72,0.28500000000000003,0.28,0.29,92.15,63.81,63.81,92.15,0.7,266.95,0.73,150.0,0.69,372.0,0.74,514.0,0.68,365.0,0.75,707.0,0.67,318.0,0.76,549.0,0.66,439.0,0.77,509.0,0.27,150.0,0.3,266.95,0.26,524.0,0.31,462.0,0.25,707.0,0.32,275.0,0.24,549.0,0.33,318.0,0.23,509.0,0.34,439.0
2026-01-07 09:17:41.575000+00:00,2026-01-07 09:17:38.099395+00:00,161.575,0.715,0.71,0.72,0.28500000000000003,0.28,0.29,228.0,0.49,0.49,250.0,0.7,531.0,0.73,14.98,0.69,326.0,0.74,146.0,0.68,260.0,0.75,474.0,0.67,480.0,0.76,376.0,0.66,404.0,0.77,579.0,0.27,14.98,0.3,541.0,0.26,146.0,0.31,326.0,0.25,474.0,0.32,260.0,0.24,376.0,0.33,515.0,0.23,579.0,0.34,404.0
2026-01-07 09:17:42.526000+00:00,2026-01-07 09:17:39.809380+00:00,162.526,0.715,0.71,0.72,0.29000000000000004,0.28,0.3,20.0,80.49,80.49,517.0,0.7,805.0,0.73,94.98,0.69,266.0,0.74,313.0,0.68,180.0,0.75,523.0,0.67,439.0,0.76,592.0,0.66,439.0,0.77,509.0,0.27,254.98,0.31,83.0,0.26,444.0,0.32,270.0,0.25,494.0,0.33,318.0,0.24,653.0,0.34,439.0,0.23,509.0,0.35,510.0
2026-01-07 09:17:43.615000+00:00,2026-01-07 09:17:40.812813+00:00,163.615,0.71,0.7,0.72,0.29000000000000004,0.28,0.3,537.0,145.49,145.49,537.0,0.69,128.0,0.73,239.98,0.68,255.0,0.74,459.0,0.67,318.0,0.75,494.0,0.66,439.0,0.76,653.0,0.65,510.0,0.77,509.0,0.27,239.98,0.31,128.0,0.26,459.0,0.32,255.0,0.25,494.0,0.33,318.0,0.24,653.0,0.34,439.0,0.23,509.0,0.35,510.0
2026-01-07 09:17:44.371000+00:00,2026-01-07 09:17:41.820342+00:00,164.371,0.71,0.7,0.72,0.29000000000000004,0.28,0.3,487.0,155.49,155.49,517.0,0.69,203.0,0.73,244.98,0.68,180.0,0.74,444.0,0.67,318.0,0.75,494.0,0.66,439.0,0.76,653.0,0.65,510.0,0.77,509.0,0.27,244.98,0.31,183.0,0.26,444.0,0.32,180.0,0.25,594.0,0.33,318.0,0.24,549.0,0.34,439.0,0.23,509.0,0.35,439.0
2026-01-07 09:17:46.461000+00:00,2026-01-07 09:17:44.229705+00:00,166.461,0.72,0.71,0.73,0.28500000000000003,0.28,0.29,230.0,194.98,45.0,25.0,0.7,293.0,0.74,206.0,0.69,406.0,0.75,743.0,0.68,260.0,0.76,673.0,0.67,318.0,0.77,534.0,0.66,439.0,0.78,479.0,0.27,104.98,0.3,403.0,0.26,341.0,0.31,416.0,0.25,818.0,0.32,260.0,0.24,549.0,0.33,318.0,0.23,544.0,0.34,439.0
2026-01-07 09:17:47.725000+00:00,2026-01-07 09:17:45.235864+00:00,167.725,0.715,0.71,0.72,0.28500000000000003,0.28,0.29,25.0,42.86,42.86,25.0,0.7,403.0,0.73,104.98,0.69,416.0,0.74,341.0,0.68,260.0,0.75,818.0,0.67,318.0,0.76,549.0,0.66,439.0,0.77,544.0,0.27,94.98,0.3,403.0,0.26,341.0,0.31,416.0,0.25,818.0,0.32,260.0,0.24,549.0,0.33,318.0,0.23,544.0,0.34,439.0
2026-01-07 09:17:48.731000+00:00,2026-01-07 09:17:46.243064+00:00,168.731,0.715,0.71,0.72,0.28500000000000003,0.28,0.29,60.0,37.86,37.86,60.0,0.7,378.0,0.73,104.98,0.69,441.0,0.74,341.0,0.68,260.0,0.75,728.0,0.67,318.0,0.76,643.0,0.66,404.0,0.77,544.0,0.27,104.98,0.3,378.0,0.26,341.0,0.31,441.0,0.25,728.0,0.32,260.0,0.24,643.0,0.33,318.0,0.23,544.0,0.34,404.0
2026-01-07 09:17:49.727000+00:00,2026-01-07 09:17:47.249386+00:00,169.727,0.715,0.71,0.72,0.28500000000000003,0.28,0.29,35.0,122.86,192.86,35.0,0.7,80.0,0.73,134.98,0.69,218.0,0.74,413.0,0.68,554.0,0.75,818.0,0.67,343.0,0.76,539.0,0.66,404.0,0.77,534.0,0.27,204.98,0.3,208.0,0.26,480.0,0.31,218.0,0.25,718.0,0.32,644.0,0.24,539.0,0.33,343.0,0.23,534.0,0.34,404.0
2026-01-07 09:17:50.735000+00:00,2026-01-07 09:17:48.254340+00:00,170.735,0.705,0.7,0.71,0.295,0.29,0.3,238.0,50.0,50.0,223.0,0.69,258.0,0.72,157.86,0.68,584.0,0.73,254.98,0.67,333.0,0.74,444.0,0.66,439.0,0.75,718.0,0.65,404.0,0.76,549.0,0.28,157.86,0.31,258.0,0.27,254.98,0.32,584.0,0.26,540.0,0.33,333.0,0.25,718.0,0.34,439.0,0.24,549.0,0.35,404.0
2026-01-07 09:17:51.720000+00:00,2026-01-07 09:17:49.275375+00:00,171.72,0.705,0.7,0.71,0.295,0.29,0.3,198.0,40.0,40.0,198.0,0.69,238.0,0.72,157.86,0.68,574.0,0.73,254.98,0.67,333.0,0.74,540.0,0.66,439.0,0.75,718.0,0.65,404.0,0.76,569.0,0.28,157.86,0.31,238.0,0.27,254.98,0.32,574.0,0.26,540.0,0.33,333.0,0.25,718.0,0.34,439.0,0.24,569.0,0.35,404.0
2026-01-07 09:17:52.583000+00:00,2026-01-07 09:17:50.297596+00:00,172.583,0.705,0.7,0.71,0.295,0.29,0.3,198.0,50.0,50.0,198.0,0.69,238.0,0.72,157.86,0.68,574.0,0.73,264.98,0.67,333.0,0.74,530.0,0.66,439.0,0.75,728.0,0.65,404.0,0.76,569.0,0.28,157.86,0.31,238.0,0.27,264.98,0.32,574.0,0.26,530.0,0.33,333.0,0.25,728.0,0.34,439.0,0.24,569.0,0.35,404.0
2026-01-07 09:17:53.743000+00:00,2026-01-07 09:17:51.305762+00:00,173.743,0.705,0.7,0.71,0.295,0.29,0.3,198.0,43.0,43.0,198.0,0.69,238.0,0.72,157.86,0.68,525.0,0.73,264.98,0.67,382.0,0.74,434.0,0.66,439.0,0.75,828.0,0.65,404.0,0.76,569.0,0.28,157.86,0.31,238.0,0.27,264.98,0.32,525.0,0.26,434.0,0.33,382.0,0.25,828.0,0.34,439.0,0.24,569.0,0.35,404.0
2026-01-07 09:17:54.810000+00:00,2026-01-07 09:17:52.325160+00:00,174.81,0.705,0.7,0.71,0.295,0.29,0.3,223.08,33.18,33.18,223.08,0.69,228.0,0.72,142.86,0.68,540.0,0.73,254.98,0.67,367.0,0.74,540.0,0.66,439.0,0.75,728.0,0.65,404.0,0.76,569.0,0.28,142.86,0.31,228.0,0.27,254.98,0.32,540.0,0.26,540.0,0.33,367.0,0.25,728.0,0.34,439.0,0.24,569.0,0.35,404.0
2026-01-07 09:17:55.774000+00:00,2026-01-07 09:17:53.334733+00:00,175.774,0.705,0.7,0.71,0.295,0.29,0.3,223.08,33.18,33.18,223.08,0.69,228.0,0.72,142.86,0.68,540.0,0.73,254.98,0.67,367.0,0.74,540.0,0.66,439.0,0.75,728.0,0.65,404.0,0.76,569.0,0.28,142.86,0.31,228.0,0.27,254.98,0.32,540.0,0.26,540.0,0.33,367.0,0.25,728.0,0.34,439.0,0.24,569.0,0.35,404.0
2026-01-07 09:17:56.785000+00:00,2026-01-07 09:17:54.357581+00:00,176.785,0.705,0.7,0.71,0.295,0.29,0.3,213.42,43.18,43.18,213.42,0.69,228.0,0.72,142.86,0.68,525.0,0.73,254.98,0.67,382.0,0.74,444.0,0.66,439.0,0.75,828.0,0.65,404.0,0.76,569.0,0.28,142.86,0.31,228.0,0.27,254.98,0.32,525.0,0.26,444.0,0.33,382.0,0.25,828.0,0.34,439.0,0.24,569.0,0.35,404.0
2026-01-07 09:17:57.708000+00:00,2026-01-07 09:17:55.374381+00:00,177.708,0.705,0.7,0.71,0.295,0.29,0.3,218.42,73.18,73.18,218.42,0.69,228.0,0.72,157.86,0.68,525.0,0.73,239.98,0.67,382.0,0.74,444.0,0.66,439.0,0.75,828.0,0.65,404.0,0.76,549.0,0.28,157.86,0.31,228.0,0.27,239.98,0.32,525.0,0.26,444.0,0.33,382.0,0.25,828.0,0.34,439.0,0.24,549.0,0.35,404.0
2026-01-07 09:17:58.854000+00:00,2026-01-07 09:17:56.380915+00:00,178.854,0.705,0.7,0.71,0.295,0.29,0.3,5.0,431.18,431.18,5.0,0.68,75.0,0.72,345.86,0.67,200.0,0.73,488.98,0.66,328.0,0.74,616.0,0.65,338.0,0.75,494.0,0.64,463.0,0.76,504.0,0.28,345.86,0.31,128.0,0.27,488.98,0.32,50.0,0.26,520.0,0.33,200.0,0.25,494.0,0.34,328.0,0.24,504.0,0.35,338.0
2026-01-07 09:17:59.871000+00:00,2026-01-07 09:17:57.383074+00:00,179.871,0.705,0.7,0.71,0.295,0.29,0.3,5.0,233.18,233.18,5.0,0.69,133.0,0.72,355.86,0.68,70.0,0.73,488.98,0.67,150.0,0.74,616.0,0.66,328.0,0.75,494.0,0.65,338.0,0.76,504.0,0.28,355.86,0.31,133.0,0.27,488.98,0.32,145.0,0.26,616.0,0.33,80.0,0.25,494.0,0.34,328.0,0.24,504.0,0.35,338.0
2026-01-07 09:18:00.876000+00:00,2026-01-07 09:17:58.402668+00:00,180.876,0.705,0.7,0.71,0.295,0.29,0.3,5.0,233.18,233.18,5.0,0.69,133.0,0.72,355.86,0.68,60.0,0.73,581.98,0.67,170.0,0.74,520.0,0.66,328.0,0.75,494.0,0.65,338.0,0.76,504.0,0.28,355.86,0.31,133.0,0.27,581.98,0.32,60.0,0.26,520.0,0.33,170.0,0.25,494.0,0.34,450.0,0.24,504.0,0.35,338.0
2026-01-07 09:18:01.740000+00:00,2026-01-07 09:17:59.410492+00:00,181.74,0.705,0.7,0.71,0.295,0.29,0.3,5.0,644.18,670.18,5.0,0.69,5.0,0.72,535.86,0.68,100.0,0.73,488.98,0.67,235.0,0.74,520.0,0.66,382.0,0.75,494.0,0.65,398.0,0.76,519.0,0.28,535.86,0.31,133.0,0.27,488.98,0.32,100.0,0.26,520.0,0.33,235.0,0.25,494.0,0.34,199.0,0.24,519.0,0.35,308.0
2026-01-07 09:18:02.920000+00:00,2026-01-07 09:18:00.431916+00:00,182.92,0.675,0.67,0.68,0.33,0.32,0.34,75.0,95.0,217.0,158.0,0.66,427.0,0.69,70.0,0.65,150.0,0.7,303.0,0.64,581.0,0.71,660.18,0.63,408.0,0.72,552.86,0.62,414.52,0.73,433.98,0.31,177.0,0.35,205.0,0.3,303.0,0.36,531.0,0.29,542.18,0.37,298.0,0.28,466.86,0.38,414.52,0.27,433.98,0.39,405.42
2026-01-07 09:18:03.952000+00:00,2026-01-07 09:18:01.443245+00:00,183.952,0.645,0.64,0.65,0.355,0.35,0.36,24.0,180.0,225.0,24.0,0.62,155.52,0.66,367.0,0.61,116.42,0.67,514.0,0.6,249.0,0.68,389.0,0.59,288.0,0.69,394.0,0.58,436.42,0.7,419.0,0.34,367.0,0.37,35.0,0.33,514.0,0.38,255.52,0.32,389.0,0.39,116.42,0.31,394.0,0.4,274.0,0.3,419.0,0.41,288.0
2026-01-07 09:18:04.937000+00:00,2026-01-07 09:18:02.447914+00:00,184.937,0.635,0.63,0.64,0.365,0.36,0.37,5.0,60.0,60.0,5.0,0.62,305.52,0.65,346.28,0.61,61.42,0.66,502.0,0.6,274.0,0.67,509.0,0.59,218.0,0.68,384.0,0.58,366.42,0.69,464.0,0.35,311.28,0.38,135.52,0.34,492.0,0.39,176.42,0.33,509.0,0.4,274.0,0.32,384.0,0.41,218.0,0.31,429.0,0.42,366.42
2026-01-07 09:18:05.948000+00:00,2026-01-07 09:18:03.453993+00:00,185.948,0.625,0.62,0.63,0.375,0.37,0.38,70.52,63.0,224.11,10.52,0.61,419.42,0.64,273.8,0.6,10.0,0.65,316.28,0.59,99.0,0.66,514.0,0.58,245.42,0.67,479.0,0.57,351.5,0.68,454.0,0.36,288.8,0.39,339.42,0.35,346.28,0.4,60.0,0.34,494.0,0.41,99.0,0.33,454.0,0.42,245.42,0.32,464.0,0.43,351.5
2026-01-07 09:18:06.960000+00:00,2026-01-07 09:18:04.458282+00:00,186.96,0.605,0.6,0.61,0.4,0.39,0.41,128.0,77.0,98.0,180.0,0.59,190.0,0.62,288.0,0.58,141.42,0.63,556.11,0.57,271.5,0.64,412.8,0.56,154.19,0.65,541.28,0.55,625.15,0.66,464.0,0.38,278.0,0.42,126.42,0.37,526.11,0.43,286.5,0.36,533.8,0.44,154.19,0.35,541.28,0.45,625.15,0.34,464.0,0.46,475.52
2026-01-07 09:18:07.944000+00:00,2026-01-07 09:18:05.479675+00:00,187.944,0.59,0.58,0.6,0.41000000000000003,0.4,0.42,297.2,283.0,268.0,297.2,0.57,235.5,0.61,268.0,0.56,38.71,0.62,613.0,0.55,728.15,0.63,558.11,0.54,440.52,0.64,444.8,0.53,4605.22,0.65,426.28,0.39,268.0,0.43,235.5,0.38,613.0,0.44,38.71,0.37,558.11,0.45,728.15,0.36,444.8,0.46,440.52,0.35,426.28,0.47,4605.22
2026-01-07 09:18:08.981000+00:00,2026-01-07 09:18:06.484839+00:00,188.981,0.585,0.58,0.59,0.415,0.41,0.42,163.2,50.0,50.0,163.2,0.57,294.5,0.6,225.0,0.56,118.71,0.61,383.0,0.55,321.15,0.62,570.0,0.54,294.52,0.63,448.11,0.53,4535.22,0.64,419.8,0.4,225.0,0.43,294.5,0.39,383.0,0.44,118.71,0.38,580.0,0.45,321.15,0.37,538.11,0.46,294.52,0.36,419.8,0.47,4535.22
2026-01-07 09:18:09.952000+00:00,2026-01-07 09:18:07.508962+00:00,189.952,0.585,0.58,0.59,0.41000000000000003,0.4,0.42,250.31,162.0,217.63,275.31,0.57,294.5,0.6,225.0,0.56,28.71,0.61,504.0,0.55,321.15,0.62,580.0,0.54,294.52,0.63,538.11,0.53,4535.22,0.64,419.8,0.39,484.0,0.43,264.5,0.38,560.0,0.44,28.71,0.37,558.11,0.45,321.15,0.36,409.8,0.46,294.52,0.35,411.28,0.47,4535.22
2026-01-07 09:18:11.006000+00:00,2026-01-07 09:18:08.515428+00:00,191.006,0.585,0.58,0.59,0.415,0.41,0.42,145.31,96.0,96.0,145.31,0.57,389.5,0.6,327.63,0.56,38.71,0.61,459.0,0.55,321.15,0.62,600.0,0.54,136.52,0.63,530.11,0.53,4414.22,0.64,454.8,0.4,327.63,0.43,389.5,0.39,459.0,0.44,38.71,0.38,600.0,0.45,321.15,0.37,530.11,0.46,136.52,0.36,454.8,0.47,4414.22
2026-01-07 09:18:12.974000+00:00,2026-01-07 09:18:10.531925+00:00,192.974,0.595,0.59,0.6,0.41000000000000003,0.4,0.42,5.0,273.39,273.39,395.31,0.58,395.31,0.61,469.0,0.57,334.5,0.62,484.0,0.56,133.71,0.63,618.11,0.55,391.15,0.64,444.8,0.54,389.52,0.65,461.28,0.39,469.0,0.43,334.5,0.38,484.0,0.44,133.71,0.37,638.11,0.45,391.15,0.36,444.8,0.46,389.52,0.35,461.28,0.47,4673.22
2026-01-07 09:18:14.009000+00:00,2026-01-07 09:18:11.550582+00:00,194.009,0.59,0.58,0.6,0.41000000000000003,0.4,0.42,405.31,273.39,308.39,405.31,0.57,344.5,0.61,449.0,0.56,133.71,0.62,459.0,0.55,391.15,0.63,638.11,0.54,389.52,0.64,444.8,0.53,4673.22,0.65,426.28,0.39,459.0,0.43,344.5,0.38,494.0,0.44,133.71,0.37,638.11,0.45,391.15,0.36,444.8,0.46,389.52,0.35,426.28,0.47,4673.22
2026-01-07 09:18:15.004000+00:00,2026-01-07 09:18:12.546336+00:00,195.004,0.585,0.58,0.59,0.415,0.41,0.42,410.31,4.0,4.0,410.31,0.57,329.5,0.6,150.0,0.56,118.71,0.61,308.0,0.55,588.15,0.62,469.0,0.54,389.52,0.63,605.11,0.53,4847.22,0.64,533.8,0.4,150.0,0.43,329.5,0.39,308.0,0.44,118.71,0.38,469.0,0.45,588.15,0.37,605.11,0.46,389.52,0.36,533.8,0.47,4847.22
2026-01-07 09:18:16.049000+00:00,2026-01-07 09:18:13.554306+00:00,196.049,0.585,0.58,0.59,0.415,0.41,0.42,260.31,31.52,46.52,260.31,0.57,434.5,0.6,506.0,0.56,133.71,0.61,338.0,0.55,574.15,0.62,484.0,0.54,389.52,0.63,643.11,0.53,4794.22,0.64,454.8,0.4,506.0,0.43,434.5,0.39,459.0,0.44,133.71,0.38,484.0,0.45,574.15,0.37,643.11,0.46,389.52,0.36,454.8,0.47,4794.22
2026-01-07 09:18:17.049000+00:00,2026-01-07 09:18:14.561706+00:00,197.049,0.59,0.58,0.6,0.41000000000000003,0.4,0.42,375.31,497.0,497.0,375.31,0.57,364.5,0.61,459.0,0.56,143.71,0.62,484.0,0.55,405.15,0.63,643.11,0.54,389.52,0.64,454.8,0.53,4673.22,0.65,416.28,0.39,459.0,0.43,364.5,0.38,484.0,0.44,143.71,0.37,643.11,0.45,405.15,0.36,454.8,0.46,389.52,0.35,416.28,0.47,4673.22
2026-01-07 09:18:18.030000+00:00,2026-01-07 09:18:15.567687+00:00,198.03,0.595,0.59,0.6,0.415,0.41,0.42,5.0,450.16,232.47,130.31,0.58,375.31,0.61,449.0,0.57,369.5,0.62,494.0,0.56,108.71,0.63,643.11,0.55,405.15,0.64,454.8,0.54,389.52,0.65,416.28,0.4,515.16,0.43,395.5,0.39,523.0,0.44,178.71,0.38,474.0,0.45,455.15,0.37,535.11,0.46,389.52,0.36,454.8,0.47,4708.22
2026-01-07 09:18:19.077000+00:00,2026-01-07 09:18:16.587631+00:00,199.077,0.585,0.58,0.59,0.415,0.41,0.42,18.31,539.47,761.47,18.31,0.57,12.5,0.6,504.0,0.56,108.71,0.61,564.0,0.55,426.15,0.62,454.0,0.54,229.52,0.63,455.11,0.53,4723.22,0.64,424.8,0.4,494.0,0.43,12.5,0.39,574.0,0.44,103.71,0.38,454.0,0.45,436.15,0.37,445.11,0.46,294.52,0.36,433.4,0.47,4519.22
2026-01-07 09:18:20.075000+00:00,2026-01-07 09:18:17.594060+00:00,200.075,0.565,0.56,0.57,0.435,0.43,0.44,200.71,291.5,61.0,200.71,0.55,381.15,0.58,262.69,0.54,303.52,0.59,434.98,0.53,4423.22,0.6,374.0,0.52,957.66,0.61,558.0,0.51,2455.67,0.62,474.0,0.42,61.0,0.45,406.15,0.41,96.7,0.46,339.52,0.4,278.0,0.47,4484.22,0.39,558.0,0.48,957.66,0.38,474.0,0.49,2455.67
2026-01-07 09:18:21.073000+00:00,2026-01-07 09:18:18.599280+00:00,201.073,0.565,0.56,0.57,0.435,0.43,0.44,221.52,28.73,28.73,241.52,0.55,476.15,0.58,96.0,0.54,409.52,0.59,76.7,0.53,4612.22,0.6,278.0,0.52,1006.66,0.61,558.0,0.51,2490.67,0.62,474.0,0.42,96.0,0.45,476.15,0.41,76.7,0.46,409.52,0.4,258.0,0.47,4612.22,0.39,558.0,0.48,1006.66,0.38,454.0,0.49,2490.67
2026-01-07 09:18:22.052000+00:00,2026-01-07 09:18:19.621564+00:00,202.052,0.575,0.57,0.58,0.425,0.42,0.43,208.77,33.2,33.2,208.77,0.56,115.0,0.59,76.7,0.55,619.15,0.6,273.0,0.54,458.52,0.61,509.0,0.53,4612.22,0.62,540.0,0.52,957.66,0.63,500.11,0.41,76.7,0.44,115.0,0.4,273.0,0.45,619.15,0.39,509.0,0.46,458.52,0.38,540.0,0.47,4612.22,0.37,505.71,0.48,957.66
2026-01-07 09:18:23.131000+00:00,2026-01-07 09:18:20.639247+00:00,203.131,0.55,0.54,0.56,0.46499999999999997,0.46,0.47,98.67,292.0,131.0,3929.89,0.53,4196.22,0.57,579.0,0.52,324.66,0.58,598.98,0.51,2081.67,0.59,454.0,0.5,1212.5,0.6,439.0,0.49,304.61,0.61,439.0,0.45,246.0,0.48,324.66,0.44,260.0,0.49,2081.67,0.43,659.0,0.5,1212.5,0.42,518.98,0.51,304.61,0.41,454.0,0.52,130.0
2026-01-07 09:18:24.137000+00:00,2026-01-07 09:18:21.646936+00:00,204.137,0.535,0.53,0.54,0.46499999999999997,0.46,0.47,2258.37,348.0,338.0,2243.37,0.52,324.66,0.55,327.0,0.51,2076.67,0.56,296.0,0.5,1327.5,0.57,454.0,0.49,364.61,0.58,509.28,0.48,247.0,0.59,439.8,0.45,257.0,0.48,324.66,0.44,286.0,0.49,2076.67,0.43,464.0,0.5,1307.5,0.42,509.28,0.51,419.6,0.41,434.0,0.52,227.0
2026-01-07 09:18:25.139000+00:00,2026-01-07 09:18:22.647916+00:00,205.139,0.535,0.53,0.54,0.46499999999999997,0.46,0.47,2173.4,279.0,318.0,2158.4,0.52,310.95,0.55,337.0,0.51,2101.67,0.56,286.0,0.5,1307.5,0.57,454.0,0.49,384.61,0.58,519.28,0.48,348.0,0.59,434.0,0.45,337.0,0.48,310.95,0.44,276.0,0.49,2098.41,0.43,454.0,0.5,1217.5,0.42,509.28,0.51,469.6,0.41,439.8,0.52,368.0
2026-01-07 09:18:26.152000+00:00,2026-01-07 09:18:23.654647+00:00,206.152,0.535,0.53,0.54,0.46499999999999997,0.46,0.47,1877.31,473.0,468.0,1877.31,0.52,310.95,0.55,307.0,0.51,2076.67,0.56,468.0,0.5,1212.5,0.57,454.0,0.49,304.61,0.58,511.08,0.47,352.99,0.59,445.2,0.45,307.0,0.48,310.95,0.44,468.0,0.49,2076.67,0.43,461.3,0.5,1212.5,0.42,504.28,0.51,304.61,0.41,445.2,0.52,95.0
2026-01-07 09:18:27.183000+00:00,2026-01-07 09:18:24.662621+00:00,207.183,0.535,0.53,0.54,0.46499999999999997,0.46,0.47,1337.32,692.0,692.0,1151.93,0.52,310.95,0.55,317.0,0.51,2076.67,0.56,419.3,0.5,1212.5,0.57,431.6,0.49,319.61,0.58,469.28,0.48,370.0,0.59,445.2,0.45,307.0,0.48,310.95,0.44,429.3,0.49,2076.67,0.43,431.6,0.5,1212.5,0.42,469.28,0.51,329.61,0.41,445.2,0.52,360.0
2026-01-07 09:18:28.146000+00:00,2026-01-07 09:18:25.683677+00:00,208.146,0.535,0.53,0.54,0.46499999999999997,0.46,0.47,963.52,697.2,697.2,963.52,0.52,310.95,0.55,312.3,0.51,2076.67,0.56,429.3,0.5,1212.5,0.57,431.6,0.49,359.61,0.58,469.28,0.48,340.0,0.59,445.2,0.45,312.3,0.48,310.95,0.44,429.3,0.49,2076.67,0.43,431.6,0.5,1282.5,0.42,469.28,0.51,429.61,0.41,445.2,0.52,340.0
2026-01-07 09:18:29.182000+00:00,2026-01-07 09:18:26.690981+00:00,209.182,0.535,0.53,0.54,0.46499999999999997,0.46,0.47,697.34,628.2,607.2,703.01,0.52,310.95,0.55,332.3,0.51,2076.67,0.56,419.3,0.5,1247.5,0.57,431.6,0.49,314.61,0.58,469.28,0.48,185.0,0.59,445.2,0.45,242.3,0.48,310.95,0.44,419.3,0.49,2076.67,0.43,431.6,0.5,1242.5,0.42,469.28,0.51,429.6,0.41,445.2,0.52,130.0
2026-01-07 09:18:30.166000+00:00,2026-01-07 09:18:27.678635+00:00,210.166,0.535,0.53,0.54,0.46499999999999997,0.46,0.47,438.68,700.77,831.77,408.5,0.52,310.95,0.55,262.3,0.51,2076.67,0.56,419.3,0.5,1327.5,0.57,441.6,0.49,414.61,0.58,474.28,0.48,185.0,0.59,450.2,0.45,332.3,0.48,310.95,0.44,419.3,0.49,2076.67,0.43,441.6,0.5,1327.5,0.42,474.28,0.51,414.61,0.41,450.2,0.52,185.0
2026-01-07 09:18:31.183000+00:00,2026-01-07 09:18:28.683252+00:00,211.183,0.535,0.53,0.54,0.46499999999999997,0.46,0.47,36.5,617.57,393.57,9.82,0.52,460.95,0.55,242.3,0.51,2146.67,0.56,349.3,0.5,1382.49,0.57,424.6,0.49,449.6,0.58,484.28,0.48,115.0,0.59,450.2,0.45,252.3,0.48,310.95,0.44,406.3,0.49,2176.67,0.43,446.6,0.5,1297.49,0.42,404.28,0.51,474.61,0.41,460.2,0.52,180.0
2026-01-07 09:18:32.179000+00:00,2026-01-07 09:18:29.687548+00:00,212.179,0.525,0.52,0.53,0.475,0.47,0.48,315.95,494.0,494.0,285.97,0.51,2126.67,0.54,368.57,0.5,1417.49,0.55,242.3,0.49,419.61,0.56,436.3,0.48,180.0,0.57,461.6,0.47,398.0,0.58,484.28,0.46,368.57,0.49,2126.67,0.45,242.3,0.5,1417.49,0.44,436.3,0.51,419.61,0.43,461.6,0.52,180.0,0.42,484.28,0.53,398.0
2026-01-07 09:18:33.185000+00:00,2026-01-07 09:18:30.698326+00:00,213.185,0.515,0.51,0.52,0.485,0.48,0.49,2076.67,148.03,223.03,1712.67,0.5,1212.5,0.53,534.0,0.49,379.61,0.54,348.77,0.48,184.99,0.55,252.3,0.47,269.99,0.56,439.3,0.46,165.6,0.57,456.6,0.47,534.0,0.5,1212.5,0.46,472.77,0.51,379.61,0.45,322.3,0.52,184.99,0.44,447.7,0.53,279.99,0.43,449.3,0.54,165.6
2026-01-07 09:18:34.193000+00:00,2026-01-07 09:18:31.701678+00:00,214.193,0.515,0.51,0.52,0.47,0.46,0.48,1986.66,20.0,125.0,114.99,0.5,1620.5,0.53,46.6,0.49,592.61,0.54,263.0,0.48,522.0,0.55,247.0,0.47,483.0,0.56,384.3,0.46,459.6,0.57,389.3,0.45,55.0,0.49,1846.66,0.44,238.3,0.5,1600.5,0.43,389.3,0.51,592.61,0.42,519.28,0.52,454.0,0.41,435.2,0.53,591.0
2026-01-07 09:18:35.214000+00:00,2026-01-07 09:18:32.726561+00:00,215.214,0.52,0.51,0.53,0.485,0.48,0.49,1681.67,566.58,202.0,1706.67,0.5,1382.5,0.54,494.0,0.49,359.61,0.55,495.0,0.48,85.0,0.56,515.1,0.47,65.0,0.57,539.3,0.46,263.6,0.58,459.28,0.47,391.58,0.5,1382.5,0.46,484.0,0.51,389.6,0.45,495.0,0.52,55.0,0.44,515.1,0.53,30.0,0.43,459.3,0.54,253.6
2026-01-07 09:18:36.222000+00:00,2026-01-07 09:18:33.731420+00:00,216.222,0.515,0.51,0.52,0.485,0.48,0.49,1647.27,231.0,231.0,1647.27,0.5,1357.5,0.53,278.0,0.49,369.61,0.54,324.0,0.48,120.0,0.55,434.3,0.47,223.0,0.56,512.1,0.46,288.6,0.57,459.3,0.47,283.0,0.5,1372.5,0.46,324.0,0.51,369.61,0.45,434.3,0.52,120.0,0.44,512.1,0.53,223.0,0.43,459.3,0.54,288.6
2026-01-07 09:18:37.235000+00:00,2026-01-07 09:18:34.738405+00:00,217.235,0.515,0.51,0.52,0.485,0.48,0.49,1728.7,145.0,20.0,1708.7,0.5,1272.5,0.53,388.0,0.49,399.6,0.54,329.2,0.48,45.0,0.55,354.3,0.47,152.0,0.56,449.3,0.46,334.6,0.57,514.6,0.47,428.0,0.5,1287.5,0.46,324.0,0.51,349.61,0.45,364.3,0.52,202.0,0.44,464.3,0.53,187.0,0.43,514.6,0.54,525.6
2026-01-07 09:18:38.253000+00:00,2026-01-07 09:18:35.761278+00:00,218.253,0.525,0.52,0.53,0.475,0.47,0.48,230.0,15.0,5.0,100.18,0.51,1627.41,0.54,40.0,0.5,1347.5,0.55,328.0,0.49,567.61,0.56,238.3,0.48,263.0,0.57,396.6,0.47,486.0,0.58,539.28,0.46,40.0,0.49,1597.42,0.45,145.0,0.5,1417.5,0.44,238.3,0.51,637.61,0.43,416.6,0.52,423.0,0.42,534.28,0.53,486.0
2026-01-07 09:18:39.274000+00:00,2026-01-07 09:18:36.781070+00:00,219.274,0.555,0.55,0.56,0.445,0.44,0.45,12.77,283.0,283.0,12.77,0.54,130.0,0.57,394.3,0.53,94.99,0.58,524.28,0.52,83.0,0.59,475.2,0.51,1597.42,0.6,467.4,0.5,1549.93,0.61,499.5,0.43,394.3,0.46,130.0,0.42,524.28,0.47,80.0,0.41,475.2,0.48,83.0,0.4,467.4,0.49,1597.42,0.39,499.5,0.5,1549.93
2026-01-07 09:18:40.283000+00:00,2026-01-07 09:18:37.789111+00:00,220.283,0.515,0.51,0.52,0.485,0.48,0.49,1515.17,631.69,646.49,1515.17,0.5,1212.93,0.53,226.86,0.49,394.61,0.54,429.0,0.48,252.99,0.55,405.0,0.47,248.0,0.56,429.3,0.46,458.6,0.57,454.3,0.47,236.86,0.5,1202.93,0.46,439.0,0.51,489.61,0.45,500.3,0.52,252.99,0.44,429.3,0.53,358.0,0.43,454.3,0.54,458.6
2026-01-07 09:18:41.295000+00:00,2026-01-07 09:18:38.809190+00:00,221.295,0.515,0.51,0.52,0.485,0.48,0.49,1542.71,904.49,904.49,1502.71,0.5,1242.5,0.53,372.86,0.49,439.61,0.54,434.2,0.48,104.99,0.55,434.3,0.47,140.0,0.56,486.3,0.46,288.6,0.57,462.7,0.47,382.86,0.5,1252.5,0.46,434.2,0.51,429.61,0.45,444.3,0.52,114.99,0.44,496.3,0.53,140.0,0.43,462.7,0.54,288.6
2026-01-07 09:18:42.308000+00:00,2026-01-07 09:18:39.832918+00:00,222.308,0.515,0.51,0.52,0.485,0.48,0.49,1547.71,879.69,879.69,1547.71,0.5,1365.8,0.53,342.86,0.49,379.61,0.54,539.2,0.48,94.99,0.55,424.3,0.47,130.0,0.56,496.3,0.46,288.6,0.57,462.7,0.47,362.86,0.5,1365.8,0.46,534.0,0.51,379.61,0.45,444.3,0.52,94.99,0.44,496.3,0.53,130.0,0.43,462.7,0.54,288.6
2026-01-07 09:18:43.332000+00:00,2026-01-07 09:18:40.853856+00:00,223.332,0.515,0.51,0.52,0.485,0.48,0.49,1459.94,1100.69,1085.69,1496.42,0.5,1212.5,0.53,512.86,0.49,304.61,0.54,486.4,0.48,203.3,0.55,424.3,0.47,148.0,0.56,429.3,0.46,358.6,0.57,474.3,0.47,437.86,0.5,1345.8,0.46,432.4,0.51,369.61,0.45,480.3,0.52,119.99,0.44,429.3,0.53,200.0,0.43,454.3,0.54,358.6
2026-01-07 09:18:44.348000+00:00,2026-01-07 09:18:41.858791+00:00,224.348,0.515,0.51,0.52,0.485,0.48,0.49,1503.79,889.69,889.69,1495.19,0.5,1540.8,0.53,352.86,0.49,479.61,0.54,384.2,0.48,150.0,0.55,519.3,0.47,257.0,0.56,496.3,0.46,448.6,0.57,454.3,0.47,342.86,0.5,1540.8,0.46,384.2,0.51,479.61,0.45,609.3,0.52,240.0,0.44,506.3,0.53,257.0,0.43,454.3,0.54,358.6
2026-01-07 09:18:45.352000+00:00,2026-01-07 09:18:42.863919+00:00,225.352,0.515,0.51,0.52,0.485,0.48,0.49,1467.02,575.69,560.69,1467.02,0.5,1470.8,0.53,256.86,0.49,529.61,0.54,479.2,0.48,177.99,0.55,504.3,0.47,318.0,0.56,506.3,0.46,407.6,0.57,454.3,0.47,271.86,0.5,1435.8,0.46,479.2,0.51,579.61,0.45,514.3,0.52,150.0,0.44,506.3,0.53,318.0,0.43,454.3,0.54,407.6
2026-01-07 09:18:46.351000+00:00,2026-01-07 09:18:43.870531+00:00,226.351,0.515,0.51,0.52,0.485,0.48,0.49,1591.2,312.69,307.48,1591.2,0.5,1337.5,0.53,30.0,0.49,637.61,0.54,150.0,0.48,382.0,0.55,333.0,0.47,439.0,0.56,238.3,0.46,520.6,0.57,477.3,0.47,30.0,0.5,1427.5,0.46,150.0,0.51,637.61,0.45,150.0,0.52,430.0,0.44,238.3,0.53,439.0,0.43,419.3,0.54,474.6
2026-01-07 09:18:47.336000+00:00,2026-01-07 09:18:44.877083+00:00,227.336,0.515,0.51,0.52,0.485,0.48,0.49,1595.76,247.82,247.82,1590.18,0.5,1427.5,0.53,30.0,0.49,637.61,0.54,150.0,0.48,382.0,0.55,150.0,0.47,486.0,0.56,318.3,0.46,444.6,0.57,479.3,0.47,30.0,0.5,1427.5,0.46,150.0,0.51,637.61,0.45,150.0,0.52,382.0,0.44,318.3,0.53,486.0,0.43,479.3,0.54,474.6
2026-01-07 09:18:48.377000+00:00,2026-01-07 09:18:45.886355+00:00,228.377,0.525,0.52,0.53,0.475,0.47,0.48,200.0,50.0,50.0,342.0,0.51,1733.18,0.56,76.69,0.5,1475.5,0.57,381.31,0.49,758.61,0.58,521.64,0.48,454.0,0.59,440.8,0.47,500.0,0.6,394.4,0.44,6.69,0.49,1854.18,0.43,188.0,0.5,1596.5,0.42,646.64,0.51,807.61,0.41,454.4,0.52,727.0,0.4,498.69,0.53,404.0
2026-01-07 09:18:49.395000+00:00,2026-01-07 09:18:46.896077+00:00,229.395,0.56,0.55,0.57,0.44,0.43,0.45,343.0,203.01,303.01,272.0,0.54,235.5,0.58,250.0,0.53,394.0,0.59,342.0,0.52,394.0,0.6,305.0,0.51,1879.18,0.61,514.5,0.5,1569.0,0.62,484.5,0.42,240.0,0.46,235.5,0.41,342.0,0.47,394.0,0.4,293.0,0.48,394.0,0.39,514.5,0.49,1879.18,0.38,484.5,0.5,1569.0
2026-01-07 09:18:50.392000+00:00,2026-01-07 09:18:47.901523+00:00,230.392,0.555,0.55,0.56,0.45,0.44,0.46,22.11,219.98,239.98,50.0,0.54,110.0,0.57,230.0,0.53,80.0,0.58,115.0,0.52,388.0,0.59,359.0,0.51,1799.18,0.6,283.0,0.5,1574.43,0.61,514.5,0.43,315.0,0.47,15.0,0.42,125.0,0.48,460.5,0.41,298.0,0.49,1809.18,0.4,283.0,0.5,1639.43,0.39,578.5,0.51,638.61
2026-01-07 09:18:51.386000+00:00,2026-01-07 09:18:48.907834+00:00,231.386,0.515,0.51,0.52,0.485,0.48,0.49,1375.18,70.0,128.72,1375.18,0.5,1480.39,0.53,230.0,0.49,517.61,0.54,167.0,0.48,388.99,0.55,432.59,0.47,409.0,0.56,419.0,0.46,409.6,0.57,514.0,0.47,283.0,0.5,1332.39,0.46,318.0,0.51,344.61,0.45,493.59,0.52,209.99,0.44,419.0,0.53,288.0,0.43,424.0,0.54,323.6
2026-01-07 09:18:52.418000+00:00,2026-01-07 09:18:49.928473+00:00,232.418,0.515,0.51,0.52,0.485,0.48,0.49,1362.93,676.72,666.52,1362.93,0.5,1220.0,0.53,374.0,0.49,304.61,0.54,434.0,0.48,114.99,0.55,427.59,0.47,137.5,0.56,499.0,0.46,398.6,0.57,424.0,0.47,364.0,0.5,1220.0,0.46,407.0,0.51,304.61,0.45,427.59,0.52,114.99,0.44,419.0,0.53,65.0,0.43,459.29,0.54,398.59
2026-01-07 09:18:53.392000+00:00,2026-01-07 09:18:50.920827+00:00,233.392,0.515,0.51,0.52,0.485,0.48,0.49,1293.31,678.58,683.38,1260.97,0.5,1220.0,0.53,384.0,0.49,304.61,0.54,434.0,0.48,135.0,0.55,427.59,0.47,102.5,0.56,424.3,0.46,388.6,0.57,429.3,0.47,384.0,0.5,1220.0,0.46,557.0,0.51,304.61,0.45,427.59,0.52,169.99,0.44,424.3,0.53,102.5,0.43,429.3,0.54,388.6
2026-01-07 09:18:54.390000+00:00,2026-01-07 09:18:51.928483+00:00,234.39,0.515,0.51,0.52,0.485,0.48,0.49,1253.97,698.18,698.18,1253.97,0.5,1220.0,0.53,464.0,0.49,319.61,0.54,482.2,0.48,154.99,0.55,439.39,0.47,112.5,0.56,424.3,0.46,378.6,0.57,469.3,0.47,464.0,0.5,1220.0,0.46,482.2,0.51,319.61,0.45,439.39,0.52,154.99,0.44,424.3,0.53,112.5,0.43,469.3,0.54,378.6
2026-01-07 09:18:55.333000+00:00,2026-01-07 09:18:52.949548+00:00,235.333,0.515,0.51,0.52,0.485,0.48,0.49,1248.39,769.85,724.85,1253.39,0.5,1225.0,0.53,474.2,0.49,424.61,0.54,502.2,0.48,204.99,0.55,439.39,0.47,172.5,0.56,424.3,0.46,438.6,0.57,469.3,0.47,474.2,0.5,1225.0,0.46,502.2,0.51,414.61,0.45,439.39,0.52,184.99,0.44,424.3,0.53,172.5,0.43,469.3,0.54,438.6
2026-01-07 09:18:56.432000+00:00,2026-01-07 09:18:53.956177+00:00,236.432,0.515,0.51,0.52,0.485,0.48,0.49,1243.39,779.85,779.85,1243.39,0.5,1220.0,0.53,449.2,0.49,419.61,0.54,482.2,0.48,204.99,0.55,439.39,0.47,182.5,0.56,424.3,0.46,438.6,0.57,469.3,0.47,449.2,0.5,1220.0,0.46,492.2,0.51,419.61,0.45,439.39,0.52,204.99,0.44,424.3,0.53,182.5,0.43,469.3,0.54,438.6
2026-01-07 09:18:57.456000+00:00,2026-01-07 09:18:54.978553+00:00,237.456,0.515,0.51,0.52,0.485,0.48,0.49,1203.35,819.85,834.85,1203.35,0.5,1225.0,0.53,464.2,0.49,424.61,0.54,502.2,0.48,204.99,0.55,439.39,0.47,172.5,0.56,424.3,0.46,438.6,0.57,469.3,0.47,449.2,0.5,1220.0,0.46,440.2,0.51,374.61,0.45,432.89,0.52,95.0,0.44,424.3,0.53,230.0,0.43,459.29,0.54,388.59
2026-01-07 09:18:58.387000+00:00,2026-01-07 09:18:55.985521+00:00,238.387,0.515,0.51,0.52,0.485,0.48,0.49,941.52,759.85,759.85,941.52,0.5,1217.5,0.53,459.2,0.49,414.61,0.54,503.2,0.48,229.99,0.55,432.89,0.47,160.0,0.56,444.3,0.46,270.59,0.57,459.29,0.47,459.2,0.5,1217.5,0.46,503.2,0.51,414.61,0.45,432.89,0.52,229.99,0.44,444.3,0.53,160.0,0.43,459.29,0.54,180.59
2026-01-07 09:18:59.463000+00:00,2026-01-07 09:18:56.990859+00:00,239.463,0.515,0.51,0.52,0.485,0.48,0.49,925.44,852.86,857.86,925.44,0.5,1222.5,0.53,459.2,0.49,389.61,0.54,488.2,0.48,130.0,0.55,432.89,0.47,185.0,0.56,444.3,0.46,190.6,0.57,459.29,0.47,465.3,0.5,1222.5,0.46,477.2,0.51,319.61,0.45,432.89,0.52,130.0,0.44,444.3,0.53,200.0,0.43,459.29,0.54,155.6
2026-01-07 09:19:00.455000+00:00,2026-01-07 09:18:58.012055+00:00,240.455,0.515,0.51,0.52,0.485,0.48,0.49,805.01,592.86,592.86,805.01,0.5,1222.5,0.53,545.3,0.49,329.61,0.54,487.2,0.48,50.0,0.55,482.89,0.47,20.0,0.56,424.3,0.46,235.59,0.57,459.29,0.47,545.3,0.5,1222.5,0.46,487.2,0.51,329.61,0.45,482.89,0.52,50.0,0.44,424.3,0.53,20.0,0.43,459.29,0.54,235.59
2026-01-07 09:19:01.523000+00:00,2026-01-07 09:18:59.017565+00:00,241.523,0.515,0.51,0.52,0.485,0.48,0.49,3.59,619.86,534.86,3.59,0.5,1212.5,0.53,465.3,0.49,339.61,0.54,424.2,0.48,40.0,0.55,482.89,0.47,130.0,0.56,424.3,0.46,110.6,0.57,459.29,0.47,455.3,0.5,1262.5,0.46,424.2,0.51,324.61,0.45,472.89,0.52,144.99,0.44,424.3,0.53,55.0,0.43,459.29,0.54,115.6
2026-01-07 09:19:02.524000+00:00,2026-01-07 09:19:00.039858+00:00,242.524,0.515,0.51,0.52,0.485,0.48,0.49,40.0,23.57,33.57,30.0,0.5,1422.49,0.53,150.0,0.49,419.61,0.54,239.3,0.48,232.49,0.55,241.89,0.47,298.0,0.56,389.3,0.46,338.6,0.57,579.29,0.47,150.0,0.5,1342.49,0.46,239.3,0.51,419.61,0.45,241.89,0.52,232.49,0.44,389.3,0.53,333.0,0.43,569.29,0.54,348.6
2026-01-07 09:19:03.548000+00:00,2026-01-07 09:19:01.045007+00:00,243.548,0.515,0.51,0.52,0.485,0.48,0.49,533.0,308.57,70.48,589.14,0.5,1650.5,0.53,60.0,0.49,727.61,0.54,55.0,0.48,519.0,0.55,278.0,0.47,454.0,0.56,329.0,0.46,609.6,0.57,461.99,0.47,95.0,0.5,1721.5,0.46,55.0,0.51,798.61,0.45,288.0,0.52,429.0,0.44,329.0,0.53,454.0,0.43,451.99,0.54,609.6
2026-01-07 09:19:04.508000+00:00,2026-01-07 09:19:02.052418+00:00,244.508,0.535,0.53,0.54,0.485,0.48,0.49,283.51,552.02,30.0,15.0,0.52,304.0,0.55,571.2,0.51,76.0,0.56,394.3,0.5,1425.47,0.57,524.3,0.49,642.61,0.58,424.3,0.48,374.0,0.59,444.39,0.47,151.0,0.5,1227.5,0.46,613.02,0.51,474.34,0.45,571.2,0.52,70.0,0.44,394.3,0.53,59.99,0.43,524.3,0.54,413.6
2026-01-07 09:19:05.567000+00:00,2026-01-07 09:19:03.071768+00:00,245.567,0.515,0.51,0.52,0.485,0.48,0.49,15.0,448.0,518.0,12.95,0.5,1237.5,0.53,423.1,0.49,329.61,0.54,538.19,0.48,124.97,0.55,434.3,0.47,70.0,0.56,394.3,0.46,362.6,0.57,465.37,0.47,358.1,0.5,1227.5,0.46,533.19,0.51,359.61,0.45,424.3,0.52,124.97,0.44,394.3,0.53,55.0,0.43,480.36,0.54,403.6
2026-01-07 09:19:06.562000+00:00,2026-01-07 09:19:04.075752+00:00,246.562,0.505,0.5,0.51,0.495,0.49,0.5,1316.43,80.0,80.0,1281.43,0.49,454.34,0.52,463.38,0.48,70.0,0.53,353.0,0.47,60.0,0.54,533.19,0.46,388.6,0.55,434.3,0.45,235.0,0.56,394.3,0.48,298.38,0.51,434.34,0.47,368.0,0.52,105.0,0.46,533.19,0.53,45.0,0.45,434.3,0.54,388.6,0.44,394.3,0.55,200.0
2026-01-07 09:19:07.557000+00:00,2026-01-07 09:19:05.082701+00:00,247.557,0.515,0.51,0.52,0.485,0.48,0.49,15.91,67.8,37.8,70.91,0.5,1321.4,0.53,135.0,0.49,474.61,0.54,283.19,0.48,250.0,0.55,323.3,0.47,308.0,0.56,527.0,0.46,439.6,0.57,497.3,0.47,150.0,0.5,1306.4,0.46,283.19,0.51,474.61,0.45,253.3,0.52,372.0,0.44,527.0,0.53,308.0,0.43,507.3,0.54,439.6
2026-01-07 09:19:08.597000+00:00,2026-01-07 09:19:06.105259+00:00,248.597,0.525,0.52,0.53,0.475,0.47,0.48,5.0,367.0,367.0,5.0,0.51,5.0,0.54,278.19,0.5,1211.43,0.55,374.3,0.49,434.34,0.56,552.0,0.48,348.0,0.57,429.3,0.47,439.0,0.58,409.3,0.46,278.19,0.49,10.0,0.45,510.3,0.5,1231.43,0.44,472.0,0.51,434.34,0.43,429.3,0.52,358.0,0.42,409.3,0.53,439.0
2026-01-07 09:19:09.588000+00:00,2026-01-07 09:19:07.109328+00:00,249.588,0.505,0.5,0.51,0.495,0.49,0.5,1226.43,185.0,190.0,1196.43,0.49,444.34,0.52,60.0,0.48,160.0,0.53,283.0,0.47,333.0,0.54,278.19,0.46,473.6,0.55,588.0,0.45,446.0,0.56,394.3,0.48,217.0,0.51,339.61,0.47,338.0,0.52,124.97,0.46,268.19,0.53,323.0,0.45,508.0,0.54,473.6,0.44,394.3,0.55,421.0
2026-01-07 09:19:10.608000+00:00,2026-01-07 09:19:08.115176+00:00,250.608,0.505,0.5,0.51,0.495,0.49,0.5,1175.55,447.0,617.0,1175.55,0.49,319.61,0.52,429.0,0.47,347.73,0.53,509.0,0.46,268.6,0.54,521.99,0.45,400.99,0.55,424.3,0.44,404.0,0.56,409.3,0.48,429.0,0.51,319.61,0.47,514.2,0.53,247.73,0.46,521.99,0.54,323.6,0.45,424.3,0.55,331.0,0.44,429.3,0.56,409.0
2026-01-07 09:19:11.641000+00:00,2026-01-07 09:19:09.137798+00:00,251.641,0.505,0.5,0.51,0.495,0.49,0.5,848.65,629.0,815.0,585.65,0.49,304.61,0.52,562.5,0.47,99.73,0.53,424.2,0.46,165.59,0.54,459.19,0.45,76.99,0.55,424.3,0.44,233.0,0.56,409.3,0.48,430.9,0.51,304.61,0.47,424.2,0.53,14.73,0.46,459.19,0.54,40.6,0.45,424.3,0.55,17.0,0.44,409.3,0.56,198.0
2026-01-07 09:19:12.632000+00:00,2026-01-07 09:19:10.140583+00:00,252.632,0.425,0.42,0.43,0.575,0.57,0.58,138.0,99.04,119.04,260.0,0.41,257.99,0.44,136.0,0.4,845.5,0.45,285.53,0.39,274.0,0.46,30.0,0.38,450.0,0.47,141.0,0.37,409.0,0.49,54.3,0.56,235.98,0.59,228.0,0.55,270.53,0.6,885.5,0.54,30.0,0.61,364.0,0.53,237.0,0.62,450.0,0.52,10.0,0.63,409.0
2026-01-07 09:19:13.626000+00:00,2026-01-07 09:19:11.141843+00:00,253.626,0.43,0.42,0.44,0.565,0.56,0.57,318.75,114.98,20.0,85.0,0.41,228.0,0.45,37.53,0.4,865.5,0.46,160.0,0.39,284.0,0.48,15.0,0.38,466.0,0.49,94.0,0.37,339.0,0.5,200.2,0.55,107.88,0.58,306.57,0.54,120.0,0.59,243.0,0.53,75.0,0.6,845.5,0.52,5.0,0.61,239.0,0.51,104.0,0.62,456.0
2026-01-07 09:19:14.632000+00:00,2026-01-07 09:19:12.147466+00:00,254.632,0.46499999999999997,0.46,0.47,0.525,0.52,0.53,10.0,110.35,114.98,20.0,0.45,313.0,0.49,45.0,0.44,277.99,0.5,65.2,0.43,273.0,0.51,230.2,0.42,447.57,0.52,270.2,0.41,586.0,0.53,228.2,0.51,45.0,0.54,190.0,0.5,65.2,0.55,258.0,0.49,250.2,0.56,312.99,0.48,270.2,0.57,248.0,0.47,228.2,0.58,472.57
2026-01-07 09:19:15.611000+00:00,2026-01-07 09:19:13.154514+00:00,255.611,0.475,0.47,0.48,0.525,0.52,0.53,2.39,114.98,134.98,2.39,0.46,237.0,0.49,45.0,0.45,248.0,0.5,135.0,0.44,367.99,0.51,145.2,0.43,384.0,0.52,310.2,0.42,447.57,0.53,228.9,0.51,45.0,0.54,298.0,0.5,135.0,0.55,248.0,0.49,145.2,0.56,277.99,0.48,258.2,0.57,384.0,0.47,228.9,0.58,447.57
2026-01-07 09:19:16.657000+00:00,2026-01-07 09:19:14.161798+00:00,256.657,0.475,0.47,0.48,0.525,0.52,0.53,473.97,20.0,20.0,473.97,0.46,514.0,0.51,130.18,0.45,474.0,0.52,35.2,0.44,534.0,0.53,80.2,0.43,454.0,0.54,267.5,0.42,486.57,0.55,359.3,0.5,94.99,0.54,514.0,0.49,74.99,0.55,384.0,0.48,30.0,0.56,534.0,0.47,170.2,0.57,499.0,0.46,267.5,0.58,486.57
2026-01-07 09:19:17.661000+00:00,2026-01-07 09:19:15.171547+00:00,257.661,0.495,0.49,0.5,0.495,0.49,0.5,591.32,5.0,99.99,213.4,0.48,409.0,0.51,99.99,0.47,384.0,0.53,115.18,0.46,464.0,0.54,302.68,0.45,384.0,0.55,218.3,0.44,369.0,0.56,344.3,0.48,95.0,0.51,553.5,0.47,60.0,0.52,408.99,0.46,111.2,0.53,384.0,0.45,166.3,0.54,464.0,0.44,203.3,0.55,384.0
2026-01-07 09:19:18.658000+00:00,2026-01-07 09:19:16.174005+00:00,258.658,0.525,0.52,0.53,0.475,0.47,0.48,412.99,98.32,76.32,473.99,0.51,443.82,0.55,94.99,0.5,499.0,0.56,45.48,0.49,378.5,0.57,180.3,0.48,502.0,0.58,80.3,0.47,548.0,0.59,324.4,0.45,94.99,0.49,443.82,0.44,45.48,0.5,499.0,0.43,180.3,0.51,427.5,0.42,80.3,0.52,454.0,0.41,160.4,0.53,548.0
2026-01-07 09:19:19.669000+00:00,2026-01-07 09:19:17.180436+00:00,259.669,0.545,0.54,0.55,0.455,0.45,0.46,5.0,94.99,99.99,5.0,0.53,184.91,0.56,20.3,0.52,468.98,0.57,165.3,0.51,389.01,0.58,250.3,0.5,384.0,0.59,150.4,0.49,497.5,0.6,401.4,0.44,20.18,0.47,64.91,0.43,110.0,0.48,438.99,0.42,230.3,0.49,368.83,0.41,150.4,0.5,408.99,0.4,401.4,0.51,497.5
2026-01-07 09:19:20.654000+00:00,2026-01-07 09:19:18.186942+00:00,260.654,0.535,0.53,0.54,0.485,0.48,0.49,40.0,111.16,95.0,299.01,0.51,399.01,0.55,135.0,0.5,364.0,0.56,90.3,0.49,403.32,0.57,426.3,0.48,449.0,0.58,333.3,0.47,469.0,0.59,333.4,0.47,165.58,0.5,404.0,0.46,155.0,0.51,403.32,0.45,120.0,0.52,394.0,0.44,90.3,0.53,459.0,0.43,426.3,0.54,595.0
2026-01-07 09:19:21.684000+00:00,2026-01-07 09:19:19.193213+00:00,261.684,0.515,0.51,0.52,0.48,0.47,0.49,414.92,10.0,234.99,414.92,0.5,369.0,0.53,154.99,0.49,418.5,0.54,230.18,0.48,379.0,0.55,120.3,0.47,516.0,0.56,95.6,0.46,549.0,0.57,368.3,0.46,150.18,0.5,369.0,0.45,120.3,0.51,418.5,0.44,95.6,0.52,379.0,0.43,368.3,0.53,516.0,0.42,393.3,0.54,539.0
2026-01-07 09:19:22.702000+00:00,2026-01-07 09:19:20.210950+00:00,262.702,0.545,0.54,0.55,0.455,0.45,0.46,53.0,108.03,108.03,35.0,0.53,226.76,0.56,15.0,0.52,387.8,0.57,445.1,0.51,404.92,0.58,363.3,0.5,394.0,0.59,394.4,0.49,378.5,0.6,338.4,0.44,15.0,0.47,226.76,0.43,342.1,0.48,387.8,0.42,180.3,0.49,404.92,0.41,394.4,0.5,394.0,0.4,338.4,0.51,398.5
2026-01-07 09:19:23.681000+00:00,2026-01-07 09:19:21.217653+00:00,263.681,0.545,0.54,0.55,0.455,0.45,0.46,95.0,13.04,13.04,125.0,0.53,389.0,0.56,110.0,0.52,438.81,0.57,130.0,0.51,449.92,0.58,380.3,0.5,504.0,0.59,150.4,0.49,468.5,0.6,338.4,0.44,110.0,0.47,419.0,0.43,115.0,0.48,414.0,0.42,385.48,0.49,449.92,0.41,150.4,0.5,504.0,0.4,338.4,0.51,468.5
2026-01-07 09:19:24.713000+00:00,2026-01-07 09:19:22.222055+00:00,264.713,0.535,0.53,0.54,0.46499999999999997,0.46,0.47,339.0,10.0,192.74,35.0,0.52,304.0,0.56,372.18,0.51,374.92,0.57,365.3,0.5,388.81,0.58,352.3,0.49,408.5,0.59,272.4,0.48,444.0,0.6,338.4,0.45,45.0,0.48,304.0,0.44,433.18,0.49,374.92,0.43,426.3,0.5,388.81,0.42,333.3,0.51,408.5,0.41,333.4,0.52,444.0
2026-01-07 09:19:25.734000+00:00,2026-01-07 09:19:23.244971+00:00,265.734,0.54,0.53,0.55,0.45999999999999996,0.45,0.47,135.0,115.0,115.0,124.12,0.52,344.0,0.56,100.48,0.51,414.92,0.57,335.3,0.5,369.0,0.58,399.5,0.49,438.5,0.59,333.4,0.48,439.0,0.6,338.4,0.44,100.48,0.48,344.0,0.43,335.3,0.49,424.92,0.42,399.5,0.5,369.0,0.41,333.4,0.51,438.5,0.4,338.4,0.52,439.0
2026-01-07 09:19:26.730000+00:00,2026-01-07 09:19:24.253511+00:00,266.73,0.545,0.54,0.55,0.455,0.45,0.46,85.0,5.0,5.0,130.0,0.53,398.12,0.56,125.29,0.52,378.81,0.57,170.3,0.51,464.92,0.58,86.5,0.5,494.0,0.59,141.4,0.49,468.5,0.6,418.4,0.44,89.99,0.47,403.12,0.43,170.3,0.48,388.81,0.42,116.5,0.49,484.92,0.41,80.4,0.5,454.0,0.4,481.4,0.51,517.5
2026-01-07 09:19:27.753000+00:00,2026-01-07 09:19:25.256167+00:00,267.753,0.555,0.55,0.56,0.445,0.44,0.45,113.11,281.62,326.62,113.11,0.54,90.47,0.57,471.7,0.52,80.0,0.58,378.3,0.51,121.0,0.59,333.4,0.5,304.0,0.6,459.4,0.49,403.5,0.61,489.5,0.43,471.7,0.46,86.0,0.42,378.3,0.49,121.0,0.41,333.4,0.5,304.0,0.4,459.4,0.51,333.5,0.39,489.5,0.52,399.0
2026-01-07 09:19:28.759000+00:00,2026-01-07 09:19:26.260503+00:00,268.759,0.46499999999999997,0.46,0.47,0.535,0.53,0.54,90.0,140.33,145.33,79.0,0.44,313.0,0.48,45.0,0.43,252.99,0.49,75.0,0.42,327.57,0.51,234.0,0.41,359.0,0.52,183.0,0.4,1053.5,0.53,304.0,0.52,45.0,0.56,313.0,0.51,75.0,0.57,252.99,0.49,234.0,0.58,327.57,0.48,203.0,0.59,359.0,0.47,304.0,0.6,1053.5
2026-01-07 09:19:29.651000+00:00,2026-01-07 09:19:27.273715+00:00,269.651,0.475,0.47,0.48,0.525,0.52,0.53,5.0,45.0,45.0,0.84,0.46,76.88,0.49,42.95,0.44,329.86,0.5,45.0,0.43,262.99,0.51,205.33,0.42,337.57,0.52,183.0,0.41,349.0,0.53,324.0,0.51,42.95,0.54,91.88,0.5,95.0,0.56,329.86,0.49,154.33,0.57,257.99,0.48,183.0,0.58,317.57,0.47,304.0,0.59,349.0
2026-01-07 09:19:30.777000+00:00,2026-01-07 09:19:28.281946+00:00,270.777,0.445,0.44,0.45,0.555,0.55,0.56,332.68,317.01,312.01,332.68,0.43,248.0,0.46,45.0,0.42,317.57,0.47,45.0,0.41,339.0,0.48,124.68,0.4,981.5,0.49,42.95,0.39,425.0,0.5,30.0,0.54,45.0,0.57,248.0,0.53,45.0,0.58,317.57,0.52,124.68,0.59,339.0,0.51,42.95,0.6,1023.5,0.5,30.0,0.61,425.0
2026-01-07 09:19:31.745000+00:00,2026-01-07 09:19:29.287285+00:00,271.745,0.445,0.44,0.45,0.54,0.53,0.55,270.65,302.56,45.0,129.99,0.43,248.0,0.47,45.0,0.42,317.57,0.48,144.68,0.41,409.0,0.49,42.95,0.4,1051.5,0.5,85.2,0.39,466.0,0.51,278.2,0.52,154.68,0.56,200.65,0.51,42.95,0.57,248.0,0.5,85.2,0.58,317.57,0.49,278.2,0.59,409.0,0.48,386.2,0.6,1051.5
2026-01-07 09:19:32.775000+00:00,2026-01-07 09:19:30.307476+00:00,272.775,0.475,0.47,0.48,0.525,0.52,0.53,152.92,54.68,54.68,152.92,0.46,110.0,0.49,57.94,0.45,222.0,0.5,130.2,0.44,190.65,0.51,376.7,0.43,203.0,0.52,278.2,0.42,377.57,0.53,278.2,0.51,57.94,0.54,110.0,0.5,130.2,0.55,283.0,0.49,193.7,0.56,190.65,0.48,258.2,0.57,203.0,0.47,258.2,0.58,377.57
2026-01-07 09:19:33.796000+00:00,2026-01-07 09:19:31.300509+00:00,273.796,0.455,0.45,0.46,0.545,0.54,0.55,188.09,604.0,604.0,314.99,0.44,225.65,0.47,6.5,0.43,263.0,0.48,164.68,0.42,422.57,0.49,142.95,0.41,409.0,0.5,155.2,0.4,1051.5,0.51,265.7,0.53,15.83,0.56,235.65,0.52,154.68,0.57,404.0,0.51,172.95,0.58,432.57,0.5,155.2,0.59,409.0,0.49,265.7,0.6,1051.5
2026-01-07 09:19:34.787000+00:00,2026-01-07 09:19:32.305479+00:00,274.787,0.455,0.45,0.46,0.545,0.54,0.55,370.8,472.0,450.0,375.8,0.44,431.65,0.47,15.83,0.43,409.0,0.48,20.0,0.42,455.57,0.49,112.95,0.41,409.0,0.5,235.0,0.4,1046.5,0.51,102.7,0.53,15.83,0.56,421.65,0.52,20.0,0.57,409.0,0.51,15.0,0.58,455.57,0.5,300.0,0.59,409.0,0.49,102.7,0.6,1046.5
2026-01-07 09:19:35.802000+00:00,2026-01-07 09:19:33.313654+00:00,275.802,0.5,0.49,0.51,0.495,0.49,0.5,60.0,307.5,47.5,45.0,0.48,95.0,0.52,105.2,0.47,217.73,0.53,273.2,0.46,231.0,0.54,265.2,0.45,436.8,0.55,362.3,0.44,341.65,0.56,421.92,0.48,295.0,0.51,63.0,0.47,273.2,0.52,75.0,0.46,265.2,0.53,279.73,0.45,382.3,0.54,241.0,0.44,441.92,0.55,506.8
2026-01-07 09:19:36.818000+00:00,2026-01-07 09:19:34.318777+00:00,276.818,0.515,0.51,0.52,0.485,0.48,0.49,96.92,15.0,15.0,105.0,0.5,55.0,0.53,115.0,0.49,238.0,0.54,165.2,0.48,424.0,0.55,265.3,0.47,376.73,0.56,357.92,0.46,291.0,0.57,353.3,0.47,115.0,0.5,70.0,0.46,165.2,0.51,238.0,0.45,265.3,0.52,424.0,0.44,357.92,0.53,376.73,0.43,353.3,0.54,291.0
2026-01-07 09:19:37.818000+00:00,2026-01-07 09:19:35.325183+00:00,277.818,0.525,0.52,0.53,0.475,0.47,0.48,85.0,70.0,115.0,8.0,0.51,46.79,0.54,214.88,0.5,70.0,0.55,181.3,0.49,394.0,0.56,370.92,0.48,369.0,0.57,353.3,0.47,411.73,0.58,363.3,0.46,210.2,0.49,66.79,0.45,125.3,0.5,70.0,0.44,370.92,0.51,394.0,0.43,411.3,0.52,399.0,0.42,363.3,0.53,401.73
2026-01-07 09:19:38.765000+00:00,2026-01-07 09:19:36.329844+00:00,278.765,0.515,0.51,0.52,0.485,0.48,0.49,40.66,5.31,10.31,40.66,0.5,70.0,0.53,175.0,0.49,394.0,0.54,60.2,0.48,369.0,0.55,125.3,0.47,501.73,0.56,427.92,0.46,276.0,0.57,353.3,0.47,195.0,0.5,60.0,0.46,65.19,0.51,409.0,0.45,125.3,0.52,439.0,0.44,427.92,0.53,501.73,0.43,353.3,0.54,276.0
2026-01-07 09:19:39.832000+00:00,2026-01-07 09:19:37.337664+00:00,279.832,0.505,0.5,0.51,0.495,0.49,0.5,60.0,65.0,25.0,75.0,0.49,60.0,0.52,209.99,0.48,399.0,0.53,115.0,0.47,436.73,0.54,135.19,0.46,286.0,0.55,363.3,0.45,640.8,0.56,357.92,0.48,229.99,0.51,60.0,0.47,115.0,0.52,399.0,0.46,135.19,0.53,436.73,0.45,363.3,0.54,286.0,0.44,357.92,0.55,640.8
2026-01-07 09:19:40.838000+00:00,2026-01-07 09:19:38.343663+00:00,280.838,0.505,0.5,0.51,0.495,0.49,0.5,60.0,25.0,25.0,60.0,0.49,60.0,0.52,244.68,0.48,394.0,0.53,115.0,0.47,426.73,0.54,135.19,0.46,256.0,0.55,363.3,0.45,610.8,0.56,357.92,0.48,244.68,0.51,75.0,0.47,115.0,0.52,414.0,0.46,135.19,0.53,436.73,0.45,419.3,0.54,286.0,0.44,300.92,0.55,565.8
2026-01-07 09:19:41.838000+00:00,2026-01-07 09:19:39.351467+00:00,281.838,0.485,0.48,0.49,0.525,0.52,0.53,324.0,175.0,20.0,183.0,0.47,304.0,0.5,159.99,0.46,364.0,0.51,115.0,0.45,470.79,0.52,317.0,0.44,326.65,0.53,237.0,0.43,314.0,0.54,295.2,0.51,245.0,0.54,364.0,0.5,235.0,0.55,440.8,0.49,115.0,0.56,301.65,0.48,317.0,0.57,359.0,0.47,242.2,0.58,370.57
2026-01-07 09:19:42.800000+00:00,2026-01-07 09:19:40.355246+00:00,282.8,0.46499999999999997,0.46,0.47,0.535,0.53,0.54,60.0,53.45,43.45,60.0,0.45,319.8,0.48,144.68,0.44,301.65,0.49,130.0,0.43,359.0,0.5,135.0,0.42,317.57,0.51,298.0,0.41,421.0,0.52,355.2,0.52,144.68,0.55,319.8,0.51,130.0,0.56,301.65,0.5,135.0,0.57,359.0,0.49,298.0,0.58,317.57,0.48,355.2,0.59,421.0
2026-01-07 09:19:43.792000+00:00,2026-01-07 09:19:41.361886+00:00,283.792,0.475,0.47,0.48,0.525,0.52,0.53,60.84,35.0,35.0,60.84,0.46,50.0,0.49,215.0,0.45,364.8,0.5,149.99,0.44,281.65,0.51,120.2,0.43,403.0,0.52,303.2,0.42,337.57,0.53,303.2,0.51,225.0,0.54,50.0,0.5,149.99,0.55,364.8,0.49,120.2,0.56,316.65,0.48,303.2,0.57,388.0,0.47,303.2,0.58,362.57
2026-01-07 09:19:44.881000+00:00,2026-01-07 09:19:42.384139+00:00,284.881,0.47,0.46,0.48,0.53,0.52,0.54,60.0,154.68,214.68,65.0,0.45,300.8,0.49,105.0,0.44,331.65,0.5,205.0,0.43,324.0,0.51,120.2,0.42,485.57,0.52,303.2,0.41,409.0,0.53,303.2,0.51,160.0,0.55,315.8,0.5,149.99,0.56,316.65,0.49,120.2,0.57,324.0,0.48,303.2,0.58,495.57,0.47,303.2,0.59,409.0
2026-01-07 09:19:45.974000+00:00,2026-01-07 09:19:43.390472+00:00,285.974,0.475,0.47,0.48,0.525,0.52,0.53,85.0,55.0,55.0,91.0,0.46,50.0,0.49,280.0,0.45,315.8,0.5,149.99,0.44,316.65,0.51,120.2,0.43,324.0,0.52,355.2,0.42,452.57,0.53,303.2,0.51,280.0,0.54,50.0,0.5,149.99,0.55,315.8,0.49,120.2,0.56,316.65,0.48,355.2,0.57,324.0,0.47,303.2,0.58,452.57
2026-01-07 09:19:46.891000+00:00,2026-01-07 09:19:44.399996+00:00,286.891,0.46499999999999997,0.46,0.47,0.535,0.53,0.54,65.0,5.0,5.0,65.0,0.45,280.8,0.48,234.68,0.44,351.65,0.49,195.0,0.43,324.0,0.5,120.2,0.42,432.57,0.51,293.2,0.41,468.0,0.52,303.2,0.52,279.68,0.55,280.8,0.51,125.0,0.56,351.65,0.5,115.0,0.57,324.0,0.49,293.2,0.58,432.57,0.48,303.2,0.59,478.0
2026-01-07 09:19:47.748000+00:00,2026-01-07 09:19:45.403672+00:00,287.748,0.46499999999999997,0.46,0.47,0.535,0.53,0.54,43.14,14.51,4.1,43.14,0.45,102.8,0.48,264.68,0.44,230.65,0.49,125.0,0.43,344.0,0.5,115.0,0.42,432.57,0.51,354.2,0.41,478.0,0.52,303.2,0.52,264.68,0.55,102.8,0.51,125.0,0.56,230.65,0.5,120.2,0.57,344.0,0.49,354.2,0.58,432.57,0.48,303.2,0.59,478.0
2026-01-07 09:19:48.776000+00:00,2026-01-07 09:19:46.408047+00:00,288.776,0.46499999999999997,0.46,0.47,0.535,0.53,0.54,37.62,119.1,104.1,37.62,0.45,102.8,0.48,234.68,0.44,76.86,0.49,125.0,0.43,293.0,0.5,353.2,0.42,432.57,0.51,303.2,0.41,478.0,0.52,303.2,0.52,234.68,0.55,102.8,0.51,125.0,0.56,76.86,0.5,353.2,0.57,293.0,0.49,303.2,0.58,432.57,0.48,303.2,0.59,478.0
2026-01-07 09:19:49.914000+00:00,2026-01-07 09:19:47.432719+00:00,289.914,0.46499999999999997,0.46,0.47,0.535,0.53,0.54,26.51,104.1,109.1,26.51,0.45,102.8,0.48,234.68,0.44,76.86,0.49,125.0,0.43,293.0,0.5,303.2,0.42,422.57,0.51,354.2,0.41,488.0,0.52,303.2,0.52,234.68,0.55,102.8,0.51,125.0,0.56,76.86,0.5,303.2,0.57,293.0,0.49,303.2,0.58,422.57,0.48,303.2,0.59,488.0
2026-01-07 09:19:50.884000+00:00,2026-01-07 09:19:48.440950+00:00,290.884,0.46499999999999997,0.46,0.47,0.535,0.53,0.54,15.4,119.1,119.1,15.4,0.45,102.8,0.48,224.68,0.44,76.86,0.49,125.0,0.43,293.0,0.5,353.2,0.42,422.57,0.51,303.2,0.41,488.0,0.52,303.2,0.52,224.68,0.55,102.8,0.51,125.0,0.56,76.86,0.5,353.2,0.57,293.0,0.49,303.2,0.58,422.57,0.48,303.2,0.59,488.0
2026-01-07 09:19:51.955000+00:00,2026-01-07 09:19:49.465122+00:00,291.955,0.46499999999999997,0.46,0.47,0.535,0.53,0.54,21.2,119.1,119.1,21.2,0.45,102.8,0.48,224.68,0.44,76.86,0.49,125.0,0.43,293.0,0.5,303.2,0.42,422.57,0.51,303.2,0.41,530.0,0.52,355.2,0.52,224.68,0.55,102.8,0.51,125.0,0.56,76.86,0.5,303.2,0.57,293.0,0.49,303.2,0.58,422.57,0.48,355.2,0.59,530.0
2026-01-07 09:19:52.900000+00:00,2026-01-07 09:19:50.469364+00:00,292.9,0.46499999999999997,0.46,0.47,0.535,0.53,0.54,19.16,129.1,129.1,19.16,0.45,102.8,0.48,214.68,0.44,76.86,0.49,125.0,0.43,283.0,0.5,298.0,0.42,422.57,0.51,303.2,0.41,540.0,0.52,355.2,0.52,214.68,0.55,102.8,0.51,125.0,0.56,76.86,0.5,298.0,0.57,283.0,0.49,303.2,0.58,422.57,0.48,355.2,0.59,540.0
2026-01-07 09:19:53.969000+00:00,2026-01-07 09:19:51.476458+00:00,293.969,0.455,0.45,0.46,0.545,0.54,0.55,132.8,126.75,146.75,132.8,0.44,76.86,0.47,135.0,0.43,283.0,0.48,211.63,0.42,422.57,0.49,125.0,0.41,540.0,0.5,298.0,0.4,1066.5,0.51,303.2,0.53,135.0,0.56,76.86,0.52,211.63,0.57,283.0,0.51,125.0,0.58,422.57,0.5,298.0,0.59,540.0,0.49,303.2,0.6,1066.5
2026-01-07 09:19:54.996000+00:00,2026-01-07 09:19:52.498364+00:00,294.996,0.455,0.45,0.46,0.545,0.54,0.55,130.61,151.75,151.75,130.61,0.44,198.86,0.47,140.0,0.43,283.0,0.48,201.63,0.42,422.57,0.49,110.0,0.41,540.0,0.5,317.99,0.4,1066.5,0.51,303.2,0.53,140.0,0.56,198.86,0.52,201.63,0.57,283.0,0.51,110.0,0.58,422.57,0.5,317.99,0.59,530.0,0.49,303.2,0.6,1076.5
2026-01-07 09:19:56.002000+00:00,2026-01-07 09:19:53.504760+00:00,296.002,0.455,0.45,0.46,0.545,0.54,0.55,118.36,146.75,161.75,118.36,0.44,249.86,0.47,100.0,0.43,263.0,0.48,176.95,0.42,465.57,0.49,125.0,0.41,478.0,0.5,120.0,0.4,1066.5,0.51,303.2,0.53,125.0,0.56,269.86,0.52,221.63,0.57,263.0,0.51,125.0,0.58,465.57,0.5,120.0,0.59,488.0,0.49,303.2,0.6,1076.5
2026-01-07 09:19:57.999000+00:00,2026-01-07 09:19:55.534988+00:00,297.999,0.42000000000000004,0.38,0.46,0.5549999999999999,0.54,0.57,226.9,223.31,223.31,45.0,0.37,379.0,0.47,250.0,0.36,374.0,0.48,121.95,0.35,384.0,0.49,130.2,0.34,389.0,0.5,247.2,0.33,404.0,0.51,374.2,0.53,250.0,0.58,45.0,0.52,121.95,0.59,45.0,0.51,145.2,0.6,94.99,0.5,358.2,0.61,117.51,0.49,323.2,0.62,261.9
