timestamp,collected_at,seconds,mid,bid,ask,asset
2026-01-06 04:45:00+00:00,2026-01-06 04:47:43.706404+00:00,0.0,3224.041,3223.71,3224.44,ETH
2026-01-06 04:45:01+00:00,2026-01-06 04:47:44.729472+00:00,1.0,3224.041,3223.78,3224.44,ETH
2026-01-06 04:45:02+00:00,2026-01-06 04:47:45.736012+00:00,2.0,3224.041,3223.84,3224.44,ETH
2026-01-06 04:45:03+00:00,2026-01-06 04:47:46.749350+00:00,3.0,3224.201,3223.86,3224.45,ETH
2026-01-06 04:45:04+00:00,2026-01-06 04:47:47.759858+00:00,4.0,3224.201,3223.88,3224.58,ETH
2026-01-06 04:45:05+00:00,2026-01-06 04:47:48.789669+00:00,5.0,3224.441,3224.04,3224.83,ETH
2026-01-06 04:45:06+00:00,2026-01-06 04:47:49.794592+00:00,6.0,3224.441,3224.19,3224.83,ETH
2026-01-06 04:45:07+00:00,2026-01-06 04:47:50.786940+00:00,7.0,3224.441,3224.19,3224.87,ETH
2026-01-06 04:45:08+00:00,2026-01-06 04:47:51.806341+00:00,8.0,3224.431,3224.12,3224.87,ETH
2026-01-06 04:45:09+00:00,2026-01-06 04:47:52.829977+00:00,9.0,3224.431,3224.12,3224.87,ETH
2026-01-06 04:45:10+00:00,2026-01-06 04:47:53.826678+00:00,10.0,3224.331,3224.12,3224.8,ETH
2026-01-06 04:45:11+00:00,2026-01-06 04:47:54.823665+00:00,11.0,3224.431,3224.12,3224.87,ETH
2026-01-06 04:45:12+00:00,2026-01-06 04:47:55.822741+00:00,12.0,3224.431,3224.12,3224.87,ETH
2026-01-06 04:45:13+00:00,2026-01-06 04:47:56.823783+00:00,13.0,3224.431,3224.1,3224.87,ETH
2026-01-06 04:45:14+00:00,2026-01-06 04:47:57.822553+00:00,14.0,3224.431,3224.06,3224.87,ETH
2026-01-06 04:45:15+00:00,2026-01-06 04:47:58.823443+00:00,15.0,3224.431,3224.06,3224.79,ETH
2026-01-06 04:45:16+00:00,2026-01-06 04:47:59.824264+00:00,16.0,3224.431,3224.06,3224.73,ETH
2026-01-06 04:45:17+00:00,2026-01-06 04:48:00.844589+00:00,17.0,3224.431,3224.06,3224.75,ETH
2026-01-06 04:45:18+00:00,2026-01-06 04:48:02.829286+00:00,18.0,3224.431,3224.04,3224.8,ETH
2026-01-06 04:45:19+00:00,2026-01-06 04:48:03.826293+00:00,19.0,3224.421,3224.04,3224.86,ETH
2026-01-06 04:45:20+00:00,2026-01-06 04:48:04.826395+00:00,20.0,3224.421,3224.04,3224.87,ETH
2026-01-06 04:45:21+00:00,2026-01-06 04:48:05.837315+00:00,21.0,3224.421,3224.04,3224.87,ETH
2026-01-06 04:45:22+00:00,2026-01-06 04:48:06.852155+00:00,22.0,3224.421,3224.04,3224.87,ETH
2026-01-06 04:45:23+00:00,2026-01-06 04:48:07.853444+00:00,23.0,3224.421,3224.04,3224.86,ETH
2026-01-06 04:45:24+00:00,2026-01-06 04:48:08.854373+00:00,24.0,3224.421,3224.04,3224.86,ETH
2026-01-06 04:45:25+00:00,2026-01-06 04:48:09.861359+00:00,25.0,3224.421,3224.04,3224.87,ETH
2026-01-06 04:45:26+00:00,2026-01-06 04:48:10.857232+00:00,26.0,3224.431,3224.04,3224.87,ETH
2026-01-06 04:45:27+00:00,2026-01-06 04:48:11.872242+00:00,27.0,3224.431,3224.04,3224.87,ETH
2026-01-06 04:45:28+00:00,2026-01-06 04:48:12.876097+00:00,28.0,3224.431,3224.04,3224.87,ETH
2026-01-06 04:45:29+00:00,2026-01-06 04:48:13.867387+00:00,29.0,3224.561,3224.15,3224.93,ETH
2026-01-06 04:45:30+00:00,2026-01-06 04:48:14.875405+00:00,30.0,3224.701,3224.25,3225.03,ETH
2026-01-06 04:45:31+00:00,2026-01-06 04:48:15.877532+00:00,31.0,3224.701,3224.35,3225.11,ETH
2026-01-06 04:45:32+00:00,2026-01-06 04:48:16.891331+00:00,32.0,3224.711,3224.45,3225.16,ETH
2026-01-06 04:45:33+00:00,2026-01-06 04:48:17.912418+00:00,33.0,3224.711,3224.45,3225.15,ETH
2026-01-06 04:45:34+00:00,2026-01-06 04:48:18.913312+00:00,34.0,3224.701,3224.45,3225.13,ETH
2026-01-06 04:45:35+00:00,2026-01-06 04:48:19.890330+00:00,35.0,3224.711,3224.46,3225.13,ETH
2026-01-06 04:45:36+00:00,2026-01-06 04:48:20.925790+00:00,36.0,3224.761,3224.47,3225.15,ETH
2026-01-06 04:45:37+00:00,2026-01-06 04:48:21.954124+00:00,37.0,3224.821,3224.5,3225.2,ETH
2026-01-06 04:45:38+00:00,2026-01-06 04:48:22.956054+00:00,38.0,3224.821,3224.52,3225.24,ETH
2026-01-06 04:45:39+00:00,2026-01-06 04:48:23.950475+00:00,39.0,3224.531,3224.21,3224.83,ETH
2026-01-06 04:45:40+00:00,2026-01-06 04:48:24.954768+00:00,40.0,3224.251,3223.89,3224.44,ETH
2026-01-06 04:45:41+00:00,2026-01-06 04:48:25.958128+00:00,41.0,3224.251,3223.81,3224.44,ETH
2026-01-06 04:45:42+00:00,2026-01-06 04:48:26.960426+00:00,42.0,3224.251,3223.82,3224.47,ETH
2026-01-06 04:45:43+00:00,2026-01-06 04:48:27.963935+00:00,43.0,3224.251,3223.82,3224.48,ETH
2026-01-06 04:45:44+00:00,2026-01-06 04:48:28.973283+00:00,44.0,3224.251,3223.82,3224.48,ETH
2026-01-06 04:45:45+00:00,2026-01-06 04:48:29.976793+00:00,45.0,3224.251,3223.82,3224.48,ETH
2026-01-06 04:45:46+00:00,2026-01-06 04:48:30.992201+00:00,46.0,3224.251,3223.81,3224.45,ETH
2026-01-06 04:45:47+00:00,2026-01-06 04:48:31.985612+00:00,47.0,3224.241,3223.8,3224.45,ETH
2026-01-06 04:45:48+00:00,2026-01-06 04:48:32.972078+00:00,48.0,3224.241,3223.8,3224.46,ETH
2026-01-06 04:45:49+00:00,2026-01-06 04:48:33.971310+00:00,49.0,3224.241,3223.8,3224.46,ETH
2026-01-06 04:45:50+00:00,2026-01-06 04:48:35.003386+00:00,50.0,3224.251,3223.82,3224.47,ETH
2026-01-06 04:45:51+00:00,2026-01-06 04:48:36.016947+00:00,51.0,3224.241,3223.8,3224.47,ETH
2026-01-06 04:45:52+00:00,2026-01-06 04:48:37.034509+00:00,52.0,3224.251,3223.82,3224.41,ETH
2026-01-06 04:45:53+00:00,2026-01-06 04:48:38.046096+00:00,53.0,3224.251,3223.82,3224.46,ETH
2026-01-06 04:45:54+00:00,2026-01-06 04:48:39.043648+00:00,54.0,3224.251,3223.82,3224.48,ETH
2026-01-06 04:45:55+00:00,2026-01-06 04:48:40.058180+00:00,55.0,3224.251,3223.81,3224.45,ETH
2026-01-06 04:45:56+00:00,2026-01-06 04:48:41.072676+00:00,56.0,3224.251,3223.82,3224.47,ETH
2026-01-06 04:45:57+00:00,2026-01-06 04:48:42.083267+00:00,57.0,3224.301,3223.91,3224.43,ETH
2026-01-06 04:45:58+00:00,2026-01-06 04:48:43.080238+00:00,58.0,3224.291,3223.91,3224.44,ETH
2026-01-06 04:45:59+00:00,2026-01-06 04:48:44.075523+00:00,59.0,3224.311,3223.91,3224.51,ETH
2026-01-06 04:46:00+00:00,2026-01-06 04:48:45.086895+00:00,60.0,3224.311,3223.91,3224.58,ETH
2026-01-06 04:46:01+00:00,2026-01-06 04:48:46.081903+00:00,61.0,3224.311,3223.9,3224.58,ETH
2026-01-06 04:46:02+00:00,2026-01-06 04:48:47.083851+00:00,62.0,3224.311,3223.89,3224.58,ETH
2026-01-06 04:46:03+00:00,2026-01-06 04:48:48.095286+00:00,63.0,3224.311,3223.89,3224.63,ETH
2026-01-06 04:46:04+00:00,2026-01-06 04:48:49.149951+00:00,64.0,3224.321,3223.9,3224.5,ETH
2026-01-06 04:46:05+00:00,2026-01-06 04:48:50.207275+00:00,65.0,3224.321,3223.92,3224.47,ETH
2026-01-06 04:46:06+00:00,2026-01-06 04:48:51.194167+00:00,66.0,3224.301,3223.92,3224.48,ETH
2026-01-06 04:46:07+00:00,2026-01-06 04:48:52.200864+00:00,67.0,3224.311,3223.92,3224.49,ETH
2026-01-06 04:46:08+00:00,2026-01-06 04:48:53.206220+00:00,68.0,3224.311,3223.89,3224.56,ETH
2026-01-06 04:46:09+00:00,2026-01-06 04:48:54.200465+00:00,69.0,3224.311,3223.89,3224.56,ETH
2026-01-06 04:46:10+00:00,2026-01-06 04:48:55.206973+00:00,70.0,3224.321,3223.91,3224.56,ETH
2026-01-06 04:46:11+00:00,2026-01-06 04:48:56.196895+00:00,71.0,3224.321,3223.91,3224.56,ETH
2026-01-06 04:46:12+00:00,2026-01-06 04:48:57.199325+00:00,72.0,3224.321,3223.89,3224.65,ETH
2026-01-06 04:46:13+00:00,2026-01-06 04:48:58.220950+00:00,73.0,3224.321,3223.89,3224.6,ETH
2026-01-06 04:46:14+00:00,2026-01-06 04:48:59.220615+00:00,74.0,3224.321,3223.89,3224.59,ETH
2026-01-06 04:46:15+00:00,2026-01-06 04:49:00.219663+00:00,75.0,3224.331,3223.91,3224.59,ETH
2026-01-06 04:46:16+00:00,2026-01-06 04:49:01.219882+00:00,76.0,3224.341,3223.91,3224.6,ETH
2026-01-06 04:46:17+00:00,2026-01-06 04:49:02.217676+00:00,77.0,3224.341,3223.91,3224.6,ETH
2026-01-06 04:46:18+00:00,2026-01-06 04:49:03.223812+00:00,78.0,3224.331,3223.91,3224.6,ETH
2026-01-06 04:46:19+00:00,2026-01-06 04:49:04.228094+00:00,79.0,3224.331,3223.9,3224.6,ETH
2026-01-06 04:46:20+00:00,2026-01-06 04:49:05.245962+00:00,80.0,3224.331,3223.9,3224.6,ETH
2026-01-06 04:46:21+00:00,2026-01-06 04:49:06.255354+00:00,81.0,3224.331,3223.9,3224.6,ETH
2026-01-06 04:46:22+00:00,2026-01-06 04:49:07.253511+00:00,82.0,3224.331,3223.9,3224.59,ETH
2026-01-06 04:46:23+00:00,2026-01-06 04:49:08.267941+00:00,83.0,3224.331,3223.9,3224.6,ETH
2026-01-06 04:46:24+00:00,2026-01-06 04:49:09.267882+00:00,84.0,3224.331,3223.9,3224.6,ETH
2026-01-06 04:46:25+00:00,2026-01-06 04:49:10.276822+00:00,85.0,3224.331,3223.9,3224.6,ETH
2026-01-06 04:46:26+00:00,2026-01-06 04:49:11.294971+00:00,86.0,3224.311,3223.9,3224.6,ETH
2026-01-06 04:46:27+00:00,2026-01-06 04:49:12.353030+00:00,87.0,3224.311,3223.9,3224.6,ETH
2026-01-06 04:46:28+00:00,2026-01-06 04:49:13.353911+00:00,88.0,3224.311,3223.9,3224.6,ETH
2026-01-06 04:46:29+00:00,2026-01-06 04:49:14.355196+00:00,89.0,3224.311,3223.9,3224.58,ETH
2026-01-06 04:46:30+00:00,2026-01-06 04:49:15.349696+00:00,90.0,3224.311,3223.9,3224.49,ETH
2026-01-06 04:46:31+00:00,2026-01-06 04:49:16.350030+00:00,91.0,3224.311,3223.91,3224.49,ETH
2026-01-06 04:46:32+00:00,2026-01-06 04:49:17.353939+00:00,92.0,3224.311,3223.91,3224.49,ETH
2026-01-06 04:46:33+00:00,2026-01-06 04:49:18.370145+00:00,93.0,3224.311,3223.9,3224.59,ETH
2026-01-06 04:46:34+00:00,2026-01-06 04:49:19.383940+00:00,94.0,3224.321,3223.9,3224.74,ETH
2026-01-06 04:46:35+00:00,2026-01-06 04:49:20.376018+00:00,95.0,3224.341,3223.93,3224.75,ETH
2026-01-06 04:46:36+00:00,2026-01-06 04:49:21.385390+00:00,96.0,3224.341,3223.94,3224.73,ETH
2026-01-06 04:46:37+00:00,2026-01-06 04:49:22.410388+00:00,97.0,3224.341,3223.94,3224.74,ETH
2026-01-06 04:46:38+00:00,2026-01-06 04:49:23.422746+00:00,98.0,3224.321,3223.92,3224.5,ETH
2026-01-06 04:46:39+00:00,2026-01-06 04:49:24.443614+00:00,99.0,3224.321,3223.92,3224.49,ETH
2026-01-06 04:46:40+00:00,2026-01-06 04:49:25.450741+00:00,100.0,3224.301,3223.91,3224.49,ETH
2026-01-06 04:46:41+00:00,2026-01-06 04:49:26.473025+00:00,101.0,3224.321,3223.93,3224.61,ETH
2026-01-06 04:46:42+00:00,2026-01-06 04:49:27.468388+00:00,102.0,3224.321,3223.92,3224.61,ETH
2026-01-06 04:46:43+00:00,2026-01-06 04:49:28.474397+00:00,103.0,3224.321,3223.92,3224.61,ETH
2026-01-06 04:46:44+00:00,2026-01-06 04:49:29.472782+00:00,104.0,3224.321,3223.92,3224.61,ETH
2026-01-06 04:46:45+00:00,2026-01-06 04:49:30.475730+00:00,105.0,3224.321,3223.92,3224.61,ETH
2026-01-06 04:46:46+00:00,2026-01-06 04:49:31.468527+00:00,106.0,3224.321,3223.92,3224.61,ETH
2026-01-06 04:46:47+00:00,2026-01-06 04:49:32.471498+00:00,107.0,3224.321,3223.92,3224.61,ETH
2026-01-06 04:46:48+00:00,2026-01-06 04:49:33.475841+00:00,108.0,3224.321,3223.92,3224.61,ETH
2026-01-06 04:46:49+00:00,2026-01-06 04:49:34.477015+00:00,109.0,3224.321,3223.92,3224.61,ETH
2026-01-06 04:46:50+00:00,2026-01-06 04:49:35.488191+00:00,110.0,3224.321,3223.92,3224.61,ETH
2026-01-06 04:46:51+00:00,2026-01-06 04:49:36.484546+00:00,111.0,3224.321,3223.92,3224.5,ETH
2026-01-06 04:46:52+00:00,2026-01-06 04:49:37.511258+00:00,112.0,3224.301,3223.91,3224.5,ETH
2026-01-06 04:46:53+00:00,2026-01-06 04:49:39.502387+00:00,113.0,3224.291,3223.91,3224.5,ETH
2026-01-06 04:46:54+00:00,2026-01-06 04:49:40.507851+00:00,114.0,3224.291,3223.91,3224.49,ETH
2026-01-06 04:46:55+00:00,2026-01-06 04:49:41.502402+00:00,115.0,3224.291,3223.91,3224.49,ETH
2026-01-06 04:46:56+00:00,2026-01-06 04:49:42.500672+00:00,116.0,3224.301,3223.92,3224.49,ETH
2026-01-06 04:46:57+00:00,2026-01-06 04:49:43.519762+00:00,117.0,3224.311,3223.92,3224.49,ETH
2026-01-06 04:46:59+00:00,2026-01-06 04:49:44.695518+00:00,119.0,3224.311,3223.92,3224.49,ETH
2026-01-06 04:47:00+00:00,2026-01-06 04:49:45.711156+00:00,120.0,3224.311,3223.92,3224.49,ETH
2026-01-06 04:47:01+00:00,2026-01-06 04:49:46.714572+00:00,121.0,3224.311,3223.92,3224.63,ETH
2026-01-06 04:47:02+00:00,2026-01-06 04:49:47.700682+00:00,122.0,3224.311,3223.93,3224.61,ETH
2026-01-06 04:47:03+00:00,2026-01-06 04:49:48.712722+00:00,123.0,3224.311,3223.93,3224.61,ETH
2026-01-06 04:47:04+00:00,2026-01-06 04:49:49.725010+00:00,124.0,3224.311,3223.93,3224.55,ETH
2026-01-06 04:47:05+00:00,2026-01-06 04:49:50.725060+00:00,125.0,3224.311,3223.95,3224.55,ETH
2026-01-06 04:47:06+00:00,2026-01-06 04:49:51.713624+00:00,126.0,3224.321,3223.95,3224.57,ETH
2026-01-06 04:47:07+00:00,2026-01-06 04:49:52.717425+00:00,127.0,3224.321,3223.95,3224.6,ETH
2026-01-06 04:47:08+00:00,2026-01-06 04:49:53.717369+00:00,128.0,3224.331,3223.96,3224.68,ETH
2026-01-06 04:47:09+00:00,2026-01-06 04:49:54.720315+00:00,129.0,3224.331,3223.96,3224.7,ETH
2026-01-06 04:47:10+00:00,2026-01-06 04:49:55.732568+00:00,130.0,3224.331,3223.96,3224.7,ETH
2026-01-06 04:47:11+00:00,2026-01-06 04:49:56.751172+00:00,131.0,3224.341,3223.97,3224.69,ETH
2026-01-06 04:47:12+00:00,2026-01-06 04:49:57.753742+00:00,132.0,3224.351,3223.97,3224.71,ETH
2026-01-06 04:47:13+00:00,2026-01-06 04:49:58.767415+00:00,133.0,3224.351,3223.97,3224.71,ETH
2026-01-06 04:47:14+00:00,2026-01-06 04:49:59.767187+00:00,134.0,3224.351,3223.97,3224.65,ETH
2026-01-06 04:47:15+00:00,2026-01-06 04:50:00.772453+00:00,135.0,3224.351,3223.97,3224.69,ETH
2026-01-06 04:47:16+00:00,2026-01-06 04:50:01.766534+00:00,136.0,3224.351,3223.97,3224.73,ETH
2026-01-06 04:47:17+00:00,2026-01-06 04:50:03.767280+00:00,137.0,3224.351,3223.97,3224.68,ETH
2026-01-06 04:47:18+00:00,2026-01-06 04:50:04.764263+00:00,138.0,3224.351,3223.97,3224.68,ETH
2026-01-06 04:47:19+00:00,2026-01-06 04:50:05.766522+00:00,139.0,3224.351,3223.97,3224.68,ETH
2026-01-06 04:47:20+00:00,2026-01-06 04:50:06.767244+00:00,140.0,3224.351,3223.97,3224.68,ETH
2026-01-06 04:47:21+00:00,2026-01-06 04:50:07.774446+00:00,141.0,3224.351,3223.97,3224.68,ETH
2026-01-06 04:47:22+00:00,2026-01-06 04:50:08.764905+00:00,142.0,3224.351,3223.97,3224.67,ETH
2026-01-06 04:47:23+00:00,2026-01-06 04:50:09.774151+00:00,143.0,3224.351,3223.97,3224.67,ETH
2026-01-06 04:47:24+00:00,2026-01-06 04:50:10.767681+00:00,144.0,3224.351,3223.97,3224.67,ETH
2026-01-06 04:47:25+00:00,2026-01-06 04:50:11.765819+00:00,145.0,3224.351,3223.97,3224.68,ETH
2026-01-06 04:47:26+00:00,2026-01-06 04:50:12.791658+00:00,146.0,3224.351,3223.97,3224.71,ETH
2026-01-06 04:47:27+00:00,2026-01-06 04:50:13.800949+00:00,147.0,3224.351,3223.97,3224.72,ETH
2026-01-06 04:47:28+00:00,2026-01-06 04:50:14.824089+00:00,148.0,3224.351,3223.97,3224.7,ETH
2026-01-06 04:47:29+00:00,2026-01-06 04:50:15.821679+00:00,149.0,3224.351,3223.97,3224.69,ETH
2026-01-06 04:47:30+00:00,2026-01-06 04:50:16.818492+00:00,150.0,3224.351,3223.97,3224.7,ETH
2026-01-06 04:47:31+00:00,2026-01-06 04:50:17.817809+00:00,151.0,3224.351,3223.97,3224.7,ETH
2026-01-06 04:47:32+00:00,2026-01-06 04:50:18.824637+00:00,152.0,3224.351,3223.97,3224.69,ETH
2026-01-06 04:47:33+00:00,2026-01-06 04:50:19.834570+00:00,153.0,3224.351,3223.97,3224.69,ETH
2026-01-06 04:47:34+00:00,2026-01-06 04:50:20.838523+00:00,154.0,3224.351,3223.97,3224.7,ETH
2026-01-06 04:47:35+00:00,2026-01-06 04:50:21.849129+00:00,155.0,3224.361,3223.99,3224.71,ETH
2026-01-06 04:47:36+00:00,2026-01-06 04:50:22.852569+00:00,156.0,3224.361,3224.0,3224.72,ETH
2026-01-06 04:47:37+00:00,2026-01-06 04:50:23.855615+00:00,157.0,3224.361,3224.0,3224.71,ETH
2026-01-06 04:47:38+00:00,2026-01-06 04:50:24.864143+00:00,158.0,3224.361,3224.0,3224.7,ETH
2026-01-06 04:47:39+00:00,2026-01-06 04:50:25.869373+00:00,159.0,3224.351,3224.0,3224.71,ETH
2026-01-06 04:47:40+00:00,2026-01-06 04:50:26.872637+00:00,160.0,3224.351,3224.0,3224.72,ETH
2026-01-06 04:47:41+00:00,2026-01-06 04:50:27.883438+00:00,161.0,3224.351,3224.0,3224.71,ETH
2026-01-06 04:47:42+00:00,2026-01-06 04:50:28.891671+00:00,162.0,3224.351,3224.0,3224.71,ETH
2026-01-06 04:47:43+00:00,2026-01-06 04:50:29.887959+00:00,163.0,3224.351,3224.25,3224.72,ETH
2026-01-06 04:47:44+00:00,2026-01-06 04:50:30.885968+00:00,164.0,3224.371,3224.35,3224.98,ETH
2026-01-06 04:47:45+00:00,2026-01-06 04:50:31.889264+00:00,165.0,3224.621,3224.37,3224.96,ETH
2026-01-06 04:47:46+00:00,2026-01-06 04:50:32.900375+00:00,166.0,3224.621,3224.37,3224.91,ETH
2026-01-06 04:47:47+00:00,2026-01-06 04:50:33.903596+00:00,167.0,3224.641,3224.35,3224.82,ETH
2026-01-06 04:47:48+00:00,2026-01-06 04:50:34.935898+00:00,168.0,3224.561,3224.27,3224.6,ETH
2026-01-06 04:47:49+00:00,2026-01-06 04:50:35.955575+00:00,169.0,3224.461,3224.1,3224.57,ETH
2026-01-06 04:47:50+00:00,2026-01-06 04:50:36.953701+00:00,170.0,3224.401,3224.04,3224.64,ETH
2026-01-06 04:47:51+00:00,2026-01-06 04:50:37.969176+00:00,171.0,3224.401,3224.05,3224.63,ETH
2026-01-06 04:47:52+00:00,2026-01-06 04:50:38.970876+00:00,172.0,3224.401,3224.05,3224.59,ETH
2026-01-06 04:47:53+00:00,2026-01-06 04:50:39.969986+00:00,173.0,3224.401,3224.05,3224.59,ETH
2026-01-06 04:47:54+00:00,2026-01-06 04:50:40.973100+00:00,174.0,3224.401,3224.05,3224.63,ETH
2026-01-06 04:47:55+00:00,2026-01-06 04:50:41.966333+00:00,175.0,3224.401,3224.05,3224.6,ETH
2026-01-06 04:47:56+00:00,2026-01-06 04:50:42.968309+00:00,176.0,3224.401,3224.05,3224.6,ETH
2026-01-06 04:47:57+00:00,2026-01-06 04:50:43.983655+00:00,177.0,3224.391,3224.02,3224.6,ETH
2026-01-06 04:47:58+00:00,2026-01-06 04:50:44.989395+00:00,178.0,3224.391,3224.02,3224.62,ETH
2026-01-06 04:47:59+00:00,2026-01-06 04:50:46.004360+00:00,179.0,3224.401,3224.03,3224.65,ETH
2026-01-06 04:48:00+00:00,2026-01-06 04:50:46.999833+00:00,180.0,3224.401,3224.03,3224.65,ETH
2026-01-06 04:48:01+00:00,2026-01-06 04:50:48.005518+00:00,181.0,3224.421,3224.03,3224.7,ETH
2026-01-06 04:48:02+00:00,2026-01-06 04:50:49.002670+00:00,182.0,3224.431,3224.04,3224.72,ETH
2026-01-06 04:48:03+00:00,2026-01-06 04:50:50.002284+00:00,183.0,3224.431,3224.05,3224.65,ETH
2026-01-06 04:48:04+00:00,2026-01-06 04:50:51.000718+00:00,184.0,3224.421,3224.04,3224.74,ETH
2026-01-06 04:48:05+00:00,2026-01-06 04:50:52.001357+00:00,185.0,3224.421,3224.04,3224.65,ETH
2026-01-06 04:48:06+00:00,2026-01-06 04:50:53.006445+00:00,186.0,3224.421,3224.04,3224.68,ETH
2026-01-06 04:48:07+00:00,2026-01-06 04:50:54.018740+00:00,187.0,3224.421,3224.04,3224.67,ETH
2026-01-06 04:48:08+00:00,2026-01-06 04:50:55.001254+00:00,188.0,3224.411,3224.03,3224.72,ETH
2026-01-06 04:48:09+00:00,2026-01-06 04:50:56.016595+00:00,189.0,3224.421,3224.04,3224.75,ETH
2026-01-06 04:48:10+00:00,2026-01-06 04:50:57.024348+00:00,190.0,3224.421,3224.04,3224.77,ETH
2026-01-06 04:48:11+00:00,2026-01-06 04:50:58.029446+00:00,191.0,3224.421,3224.04,3224.72,ETH
2026-01-06 04:48:12+00:00,2026-01-06 04:50:59.036131+00:00,192.0,3224.421,3224.04,3224.69,ETH
2026-01-06 04:48:13+00:00,2026-01-06 04:51:00.048405+00:00,193.0,3224.411,3224.03,3224.67,ETH
2026-01-06 04:48:14+00:00,2026-01-06 04:51:01.047502+00:00,194.0,3224.411,3224.03,3224.7,ETH
2026-01-06 04:48:15+00:00,2026-01-06 04:51:02.056211+00:00,195.0,3224.361,3224.03,3224.59,ETH
2026-01-06 04:48:16+00:00,2026-01-06 04:51:03.052454+00:00,196.0,3224.341,3224.06,3224.53,ETH
2026-01-06 04:48:17+00:00,2026-01-06 04:51:04.067729+00:00,197.0,3224.331,3224.06,3224.51,ETH
2026-01-06 04:48:18+00:00,2026-01-06 04:51:05.067200+00:00,198.0,3224.331,3224.06,3224.51,ETH
2026-01-06 04:48:19+00:00,2026-01-06 04:51:06.085954+00:00,199.0,3224.231,3224.06,3224.54,ETH
2026-01-06 04:48:20+00:00,2026-01-06 04:51:07.084936+00:00,200.0,3224.221,3224.06,3224.55,ETH
2026-01-06 04:48:21+00:00,2026-01-06 04:51:08.085091+00:00,201.0,3224.341,3224.02,3224.57,ETH
2026-01-06 04:48:22+00:00,2026-01-06 04:51:09.156928+00:00,202.0,3224.341,3224.02,3224.48,ETH
2026-01-06 04:48:23+00:00,2026-01-06 04:51:10.166514+00:00,203.0,3224.371,3224.05,3224.58,ETH
2026-01-06 04:48:24+00:00,2026-01-06 04:51:11.165820+00:00,204.0,3224.371,3224.05,3224.57,ETH
2026-01-06 04:48:25+00:00,2026-01-06 04:51:12.183851+00:00,205.0,3224.371,3224.05,3224.58,ETH
2026-01-06 04:48:26+00:00,2026-01-06 04:51:13.198199+00:00,206.0,3224.361,3224.04,3224.56,ETH
2026-01-06 04:48:27+00:00,2026-01-06 04:51:14.192451+00:00,207.0,3224.351,3224.04,3224.54,ETH
2026-01-06 04:48:28+00:00,2026-01-06 04:51:15.198253+00:00,208.0,3224.351,3224.04,3224.54,ETH
2026-01-06 04:48:29+00:00,2026-01-06 04:51:16.213492+00:00,209.0,3224.351,3224.05,3224.56,ETH
2026-01-06 04:48:30+00:00,2026-01-06 04:51:17.218046+00:00,210.0,3224.361,3224.05,3224.55,ETH
2026-01-06 04:48:31+00:00,2026-01-06 04:51:18.232163+00:00,211.0,3224.361,3224.05,3224.58,ETH
2026-01-06 04:48:32+00:00,2026-01-06 04:51:19.248343+00:00,212.0,3224.361,3224.04,3224.57,ETH
2026-01-06 04:48:33+00:00,2026-01-06 04:51:20.265161+00:00,213.0,3224.361,3224.02,3224.61,ETH
2026-01-06 04:48:34+00:00,2026-01-06 04:51:21.268161+00:00,214.0,3224.361,3224.01,3224.57,ETH
2026-01-06 04:48:35+00:00,2026-01-06 04:51:22.263657+00:00,215.0,3224.361,3224.03,3224.6,ETH
2026-01-06 04:48:36+00:00,2026-01-06 04:51:23.278045+00:00,216.0,3224.431,3224.06,3224.61,ETH
2026-01-06 04:48:37+00:00,2026-01-06 04:51:24.303779+00:00,217.0,3224.451,3224.08,3224.66,ETH
2026-01-06 04:48:38+00:00,2026-01-06 04:51:25.290013+00:00,218.0,3224.451,3224.08,3224.75,ETH
2026-01-06 04:48:39+00:00,2026-01-06 04:51:26.301942+00:00,219.0,3224.451,3224.08,3224.75,ETH
2026-01-06 04:48:40+00:00,2026-01-06 04:51:27.290305+00:00,220.0,3224.451,3224.08,3224.75,ETH
2026-01-06 04:48:41+00:00,2026-01-06 04:51:28.317569+00:00,221.0,3224.461,3224.08,3224.75,ETH
2026-01-06 04:48:42+00:00,2026-01-06 04:51:29.317770+00:00,222.0,3224.491,3224.11,3224.85,ETH
2026-01-06 04:48:43+00:00,2026-01-06 04:51:30.314145+00:00,223.0,3224.691,3224.28,3224.98,ETH
2026-01-06 04:48:44+00:00,2026-01-06 04:51:31.320462+00:00,224.0,3224.831,3224.55,3225.12,ETH
2026-01-06 04:48:45+00:00,2026-01-06 04:51:32.316776+00:00,225.0,3224.841,3224.59,3225.1,ETH
2026-01-06 04:48:46+00:00,2026-01-06 04:51:33.314177+00:00,226.0,3224.831,3224.59,3225.1,ETH
2026-01-06 04:48:47+00:00,2026-01-06 04:51:34.320936+00:00,227.0,3224.831,3224.59,3225.14,ETH
2026-01-06 04:48:48+00:00,2026-01-06 04:51:35.353244+00:00,228.0,3224.851,3224.59,3225.12,ETH
2026-01-06 04:48:49+00:00,2026-01-06 04:51:36.352734+00:00,229.0,3224.851,3224.59,3225.09,ETH
2026-01-06 04:48:50+00:00,2026-01-06 04:51:37.351214+00:00,230.0,3224.831,3224.59,3225.06,ETH
2026-01-06 04:48:51+00:00,2026-01-06 04:51:38.351412+00:00,231.0,3224.821,3224.59,3225.08,ETH
2026-01-06 04:48:52+00:00,2026-01-06 04:51:39.353240+00:00,232.0,3224.831,3224.59,3225.06,ETH
2026-01-06 04:48:53+00:00,2026-01-06 04:51:41.362901+00:00,233.0,3224.831,3224.59,3225.08,ETH
2026-01-06 04:48:54+00:00,2026-01-06 04:51:42.353467+00:00,234.0,3224.831,3224.6,3225.07,ETH
2026-01-06 04:48:55+00:00,2026-01-06 04:51:43.407267+00:00,235.0,3224.841,3224.6,3225.07,ETH
2026-01-06 04:48:56+00:00,2026-01-06 04:51:44.401189+00:00,236.0,3224.851,3224.6,3225.07,ETH
2026-01-06 04:48:57+00:00,2026-01-06 04:51:45.402174+00:00,237.0,3224.851,3224.6,3225.1,ETH
2026-01-06 04:48:58+00:00,2026-01-06 04:51:46.399172+00:00,238.0,3224.851,3224.59,3225.13,ETH
2026-01-06 04:48:59+00:00,2026-01-06 04:51:47.400324+00:00,239.0,3224.851,3224.6,3225.12,ETH
2026-01-06 04:49:00+00:00,2026-01-06 04:51:48.418316+00:00,240.0,3224.851,3224.6,3225.13,ETH
2026-01-06 04:49:01+00:00,2026-01-06 04:51:49.436302+00:00,241.0,3224.861,3224.6,3225.17,ETH
2026-01-06 04:49:02+00:00,2026-01-06 04:51:50.432687+00:00,242.0,3224.891,3224.6,3225.22,ETH
2026-01-06 04:49:03+00:00,2026-01-06 04:51:51.450659+00:00,243.0,3224.931,3224.61,3225.28,ETH
2026-01-06 04:49:04+00:00,2026-01-06 04:51:52.479030+00:00,244.0,3224.931,3224.63,3225.35,ETH
2026-01-06 04:49:05+00:00,2026-01-06 04:51:53.468405+00:00,245.0,3224.931,3224.63,3225.35,ETH
2026-01-06 04:49:06+00:00,2026-01-06 04:51:54.490722+00:00,246.0,3224.931,3224.63,3225.35,ETH
2026-01-06 04:49:07+00:00,2026-01-06 04:51:55.480038+00:00,247.0,3224.931,3224.63,3225.24,ETH
2026-01-06 04:49:08+00:00,2026-01-06 04:51:56.482161+00:00,248.0,3224.891,3224.63,3225.18,ETH
2026-01-06 04:49:09+00:00,2026-01-06 04:51:57.487081+00:00,249.0,3224.851,3224.6,3225.17,ETH
2026-01-06 04:49:10+00:00,2026-01-06 04:51:58.497729+00:00,250.0,3224.841,3224.59,3225.09,ETH
2026-01-06 04:49:11+00:00,2026-01-06 04:51:59.533001+00:00,251.0,3224.831,3224.58,3225.04,ETH
2026-01-06 04:49:12+00:00,2026-01-06 04:52:00.527413+00:00,252.0,3224.831,3224.58,3225.0,ETH
2026-01-06 04:49:13+00:00,2026-01-06 04:52:01.533373+00:00,253.0,3224.831,3224.53,3225.03,ETH
2026-01-06 04:49:14+00:00,2026-01-06 04:52:02.544223+00:00,254.0,3224.831,3224.49,3225.07,ETH
2026-01-06 04:49:15+00:00,2026-01-06 04:52:03.561867+00:00,255.0,3224.831,3224.49,3225.08,ETH
2026-01-06 04:49:16+00:00,2026-01-06 04:52:04.578622+00:00,256.0,3224.831,3224.49,3225.07,ETH
2026-01-06 04:49:17+00:00,2026-01-06 04:52:05.583395+00:00,257.0,3224.831,3224.49,3225.08,ETH
2026-01-06 04:49:18+00:00,2026-01-06 04:52:06.605829+00:00,258.0,3224.831,3224.49,3225.08,ETH
2026-01-06 04:49:19+00:00,2026-01-06 04:52:07.610205+00:00,259.0,3224.831,3224.49,3225.06,ETH
2026-01-06 04:49:20+00:00,2026-01-06 04:52:08.635453+00:00,260.0,3224.831,3224.49,3225.06,ETH
2026-01-06 04:49:21+00:00,2026-01-06 04:52:09.646368+00:00,261.0,3224.831,3224.49,3225.08,ETH
2026-01-06 04:49:22+00:00,2026-01-06 04:52:10.656885+00:00,262.0,3224.831,3224.49,3225.04,ETH
2026-01-06 04:49:23+00:00,2026-01-06 04:52:11.643197+00:00,263.0,3224.831,3224.48,3225.03,ETH
2026-01-06 04:49:24+00:00,2026-01-06 04:52:12.659492+00:00,264.0,3224.811,3224.48,3225.03,ETH
2026-01-06 04:49:25+00:00,2026-01-06 04:52:13.648609+00:00,265.0,3224.831,3224.48,3225.08,ETH
2026-01-06 04:49:26+00:00,2026-01-06 04:52:14.649511+00:00,266.0,3224.841,3224.48,3225.08,ETH
2026-01-06 04:49:27+00:00,2026-01-06 04:52:15.660133+00:00,267.0,3224.841,3224.48,3225.08,ETH
2026-01-06 04:49:28+00:00,2026-01-06 04:52:16.681683+00:00,268.0,3224.841,3224.48,3225.09,ETH
2026-01-06 04:49:29+00:00,2026-01-06 04:52:17.725966+00:00,269.0,3224.841,3224.48,3225.08,ETH
2026-01-06 04:49:30+00:00,2026-01-06 04:52:18.712174+00:00,270.0,3224.841,3224.48,3225.07,ETH
2026-01-06 04:49:31+00:00,2026-01-06 04:52:19.717519+00:00,271.0,3224.831,3224.48,3225.06,ETH
2026-01-06 04:49:32+00:00,2026-01-06 04:52:20.756677+00:00,272.0,3224.831,3224.47,3225.06,ETH
2026-01-06 04:49:33+00:00,2026-01-06 04:52:21.728496+00:00,273.0,3224.831,3224.47,3225.07,ETH
2026-01-06 04:49:34+00:00,2026-01-06 04:52:22.726261+00:00,274.0,3224.831,3224.47,3225.07,ETH
2026-01-06 04:49:35+00:00,2026-01-06 04:52:23.717437+00:00,275.0,3224.831,3224.47,3225.06,ETH
2026-01-06 04:49:36+00:00,2026-01-06 04:52:24.740237+00:00,276.0,3224.831,3224.47,3225.06,ETH
2026-01-06 04:49:37+00:00,2026-01-06 04:52:25.724933+00:00,277.0,3224.831,3224.47,3225.06,ETH
2026-01-06 04:49:38+00:00,2026-01-06 04:52:26.737260+00:00,278.0,3224.831,3224.47,3225.06,ETH
2026-01-06 04:49:39+00:00,2026-01-06 04:52:27.731901+00:00,279.0,3224.831,3224.47,3225.06,ETH
2026-01-06 04:49:40+00:00,2026-01-06 04:52:28.740780+00:00,280.0,3224.831,3224.48,3225.08,ETH
2026-01-06 04:49:41+00:00,2026-01-06 04:52:29.752552+00:00,281.0,3224.831,3224.48,3225.08,ETH
2026-01-06 04:49:42+00:00,2026-01-06 04:52:30.792915+00:00,282.0,3224.831,3224.48,3225.08,ETH
2026-01-06 04:49:43+00:00,2026-01-06 04:52:31.824100+00:00,283.0,3224.831,3224.48,3225.1,ETH
2026-01-06 04:49:44+00:00,2026-01-06 04:52:32.829165+00:00,284.0,3224.831,3224.48,3225.11,ETH
2026-01-06 04:49:45+00:00,2026-01-06 04:52:33.832344+00:00,285.0,3224.831,3224.48,3225.09,ETH
2026-01-06 04:49:46+00:00,2026-01-06 04:52:34.826470+00:00,286.0,3224.841,3224.48,3225.1,ETH
2026-01-06 04:49:47+00:00,2026-01-06 04:52:35.835951+00:00,287.0,3224.841,3224.48,3225.12,ETH
2026-01-06 04:49:48+00:00,2026-01-06 04:52:36.832003+00:00,288.0,3224.841,3224.48,3225.14,ETH
2026-01-06 04:49:49+00:00,2026-01-06 04:52:37.838693+00:00,289.0,3224.841,3224.48,3225.13,ETH
2026-01-06 04:49:50+00:00,2026-01-06 04:52:38.856265+00:00,290.0,3224.841,3224.48,3225.13,ETH
2026-01-06 04:49:51+00:00,2026-01-06 04:52:39.862726+00:00,291.0,3224.841,3224.48,3225.13,ETH
2026-01-06 04:49:52+00:00,2026-01-06 04:52:40.851074+00:00,292.0,3224.841,3224.48,3225.13,ETH
2026-01-06 04:49:53+00:00,2026-01-06 04:52:41.876079+00:00,293.0,3224.851,3224.48,3225.15,ETH
2026-01-06 04:49:54+00:00,2026-01-06 04:52:42.878561+00:00,294.0,3224.871,3224.48,3225.21,ETH
2026-01-06 04:49:55+00:00,2026-01-06 04:52:43.860941+00:00,295.0,3224.871,3224.55,3225.22,ETH
2026-01-06 04:49:56+00:00,2026-01-06 04:52:44.875614+00:00,296.0,3224.901,3224.69,3225.28,ETH
2026-01-06 04:49:57+00:00,2026-01-06 04:52:45.871338+00:00,297.0,3224.871,3224.69,3225.28,ETH
2026-01-06 04:49:58+00:00,2026-01-06 04:52:46.893648+00:00,298.0,3224.871,3224.69,3225.28,ETH
2026-01-06 04:49:59+00:00,2026-01-06 04:52:47.882975+00:00,299.0,3224.871,3224.69,3225.27,ETH
2026-01-06 04:50:00+00:00,2026-01-06 04:52:48.900941+00:00,300.0,3224.871,3224.69,3225.27,ETH
2026-01-06 04:50:01+00:00,2026-01-06 04:52:49.895578+00:00,301.0,3224.871,3224.7,3225.28,ETH
2026-01-06 04:50:02+00:00,2026-01-06 04:52:50.938656+00:00,302.0,3224.941,3224.7,3225.27,ETH
2026-01-06 04:50:03+00:00,2026-01-06 04:52:51.931507+00:00,303.0,3224.921,3224.7,3225.31,ETH
2026-01-06 04:50:04+00:00,2026-01-06 04:52:53.989287+00:00,304.0,3224.931,3224.7,3225.27,ETH
2026-01-06 04:50:05+00:00,2026-01-06 04:52:54.990436+00:00,305.0,3224.941,3224.7,3225.27,ETH
2026-01-06 04:50:06+00:00,2026-01-06 04:52:55.963261+00:00,306.0,3224.941,3224.7,3225.27,ETH
2026-01-06 04:50:07+00:00,2026-01-06 04:52:56.966911+00:00,307.0,3224.941,3224.7,3225.26,ETH
2026-01-06 04:50:08+00:00,2026-01-06 04:52:57.978276+00:00,308.0,3224.941,3224.7,3225.26,ETH
2026-01-06 04:50:09+00:00,2026-01-06 04:52:58.978447+00:00,309.0,3224.941,3224.7,3225.26,ETH
2026-01-06 04:50:10+00:00,2026-01-06 04:52:59.991953+00:00,310.0,3224.931,3224.71,3225.26,ETH
2026-01-06 04:50:11+00:00,2026-01-06 04:53:01.005625+00:00,311.0,3224.921,3224.71,3225.28,ETH
2026-01-06 04:50:12+00:00,2026-01-06 04:53:01.985685+00:00,312.0,3224.941,3224.71,3225.28,ETH
2026-01-06 04:50:13+00:00,2026-01-06 04:53:03.014350+00:00,313.0,3224.941,3224.71,3225.28,ETH
2026-01-06 04:50:14+00:00,2026-01-06 04:53:04.014601+00:00,314.0,3224.941,3224.71,3225.29,ETH
2026-01-06 04:50:15+00:00,2026-01-06 04:53:05.023380+00:00,315.0,3224.951,3224.71,3225.31,ETH
2026-01-06 04:50:16+00:00,2026-01-06 04:53:06.012360+00:00,316.0,3224.951,3224.71,3225.35,ETH
2026-01-06 04:50:17+00:00,2026-01-06 04:53:07.051936+00:00,317.0,3224.951,3224.71,3225.34,ETH
2026-01-06 04:50:18+00:00,2026-01-06 04:53:08.028578+00:00,318.0,3224.951,3224.71,3225.32,ETH
2026-01-06 04:50:19+00:00,2026-01-06 04:53:09.047119+00:00,319.0,3224.951,3224.71,3225.32,ETH
2026-01-06 04:50:20+00:00,2026-01-06 04:53:10.060767+00:00,320.0,3224.941,3224.71,3225.31,ETH
2026-01-06 04:50:21+00:00,2026-01-06 04:53:11.075532+00:00,321.0,3224.921,3224.72,3225.3,ETH
2026-01-06 04:50:22+00:00,2026-01-06 04:53:12.070324+00:00,322.0,3224.931,3224.73,3225.27,ETH
2026-01-06 04:50:23+00:00,2026-01-06 04:53:13.077198+00:00,323.0,3224.951,3224.72,3225.28,ETH
2026-01-06 04:50:24+00:00,2026-01-06 04:53:14.076207+00:00,324.0,3224.951,3224.71,3225.28,ETH
2026-01-06 04:50:25+00:00,2026-01-06 04:53:15.077613+00:00,325.0,3224.951,3224.71,3225.26,ETH
2026-01-06 04:50:26+00:00,2026-01-06 04:53:16.107091+00:00,326.0,3224.951,3224.71,3225.26,ETH
2026-01-06 04:50:27+00:00,2026-01-06 04:53:17.103139+00:00,327.0,3224.951,3224.71,3225.26,ETH
2026-01-06 04:50:28+00:00,2026-01-06 04:53:18.102987+00:00,328.0,3224.951,3224.71,3225.26,ETH
2026-01-06 04:50:29+00:00,2026-01-06 04:53:19.090997+00:00,329.0,3224.951,3224.71,3225.26,ETH
2026-01-06 04:50:30+00:00,2026-01-06 04:53:20.088256+00:00,330.0,3224.951,3224.7,3225.26,ETH
2026-01-06 04:50:31+00:00,2026-01-06 04:53:21.105636+00:00,331.0,3224.951,3224.7,3225.26,ETH
2026-01-06 04:50:32+00:00,2026-01-06 04:53:22.107103+00:00,332.0,3224.951,3224.7,3225.26,ETH
2026-01-06 04:50:33+00:00,2026-01-06 04:53:23.156326+00:00,333.0,3224.951,3224.7,3225.26,ETH
2026-01-06 04:50:34+00:00,2026-01-06 04:53:24.157227+00:00,334.0,3224.961,3224.7,3225.26,ETH
2026-01-06 04:50:35+00:00,2026-01-06 04:53:25.159491+00:00,335.0,3224.951,3224.7,3225.3,ETH
2026-01-06 04:50:36+00:00,2026-01-06 04:53:26.211224+00:00,336.0,3224.961,3224.7,3225.28,ETH
2026-01-06 04:50:37+00:00,2026-01-06 04:53:27.227298+00:00,337.0,3224.951,3224.7,3225.26,ETH
2026-01-06 04:50:38+00:00,2026-01-06 04:53:28.208716+00:00,338.0,3224.951,3224.72,3225.26,ETH
2026-01-06 04:50:39+00:00,2026-01-06 04:53:29.212316+00:00,339.0,3224.761,3224.48,3224.96,ETH
2026-01-06 04:50:40+00:00,2026-01-06 04:53:30.219791+00:00,340.0,3224.411,3224.15,3224.6,ETH
2026-01-06 04:50:41+00:00,2026-01-06 04:53:31.254732+00:00,341.0,3224.321,3224.08,3224.5,ETH
2026-01-06 04:50:42+00:00,2026-01-06 04:53:32.254918+00:00,342.0,3224.391,3224.11,3224.44,ETH
2026-01-06 04:50:43+00:00,2026-01-06 04:53:33.258021+00:00,343.0,3224.371,3224.11,3224.41,ETH
2026-01-06 04:50:44+00:00,2026-01-06 04:53:34.262054+00:00,344.0,3224.321,3224.05,3224.38,ETH
2026-01-06 04:50:45+00:00,2026-01-06 04:53:35.259095+00:00,345.0,3224.181,3223.95,3224.28,ETH
2026-01-06 04:50:46+00:00,2026-01-06 04:53:36.279913+00:00,346.0,3224.061,3223.85,3224.19,ETH
2026-01-06 04:50:47+00:00,2026-01-06 04:53:37.291645+00:00,347.0,3224.061,3223.77,3224.2,ETH
2026-01-06 04:50:48+00:00,2026-01-06 04:53:38.283041+00:00,348.0,3224.061,3223.76,3224.19,ETH
2026-01-06 04:50:49+00:00,2026-01-06 04:53:39.297976+00:00,349.0,3224.061,3223.76,3224.17,ETH
2026-01-06 04:50:50+00:00,2026-01-06 04:53:40.286695+00:00,350.0,3224.061,3223.76,3224.18,ETH
2026-01-06 04:50:51+00:00,2026-01-06 04:53:41.291754+00:00,351.0,3224.061,3223.75,3224.2,ETH
2026-01-06 04:50:52+00:00,2026-01-06 04:53:42.305826+00:00,352.0,3224.061,3223.74,3224.21,ETH
2026-01-06 04:50:53+00:00,2026-01-06 04:53:43.335566+00:00,353.0,3224.061,3223.74,3224.18,ETH
2026-01-06 04:50:54+00:00,2026-01-06 04:53:44.324161+00:00,354.0,3224.061,3223.74,3224.16,ETH
2026-01-06 04:50:55+00:00,2026-01-06 04:53:45.341780+00:00,355.0,3224.051,3223.74,3224.07,ETH
2026-01-06 04:50:56+00:00,2026-01-06 04:53:46.362606+00:00,356.0,3224.061,3223.75,3224.12,ETH
2026-01-06 04:50:57+00:00,2026-01-06 04:53:47.370353+00:00,357.0,3224.061,3223.75,3224.11,ETH
2026-01-06 04:50:58+00:00,2026-01-06 04:53:48.366702+00:00,358.0,3224.061,3223.75,3224.11,ETH
2026-01-06 04:50:59+00:00,2026-01-06 04:53:49.356002+00:00,359.0,3224.061,3223.76,3224.13,ETH
2026-01-06 04:51:00+00:00,2026-01-06 04:53:50.378324+00:00,360.0,3224.061,3223.75,3224.15,ETH
2026-01-06 04:51:01+00:00,2026-01-06 04:53:51.376835+00:00,361.0,3224.061,3223.76,3224.13,ETH
2026-01-06 04:51:02+00:00,2026-01-06 04:53:52.401468+00:00,362.0,3224.051,3223.76,3224.2,ETH
2026-01-06 04:51:03+00:00,2026-01-06 04:53:53.393856+00:00,363.0,3224.051,3223.75,3224.14,ETH
2026-01-06 04:51:04+00:00,2026-01-06 04:53:54.420215+00:00,364.0,3224.051,3223.76,3224.09,ETH
2026-01-06 04:51:05+00:00,2026-01-06 04:53:55.435022+00:00,365.0,3224.051,3223.76,3224.14,ETH
2026-01-06 04:51:06+00:00,2026-01-06 04:53:56.435761+00:00,366.0,3224.051,3223.76,3224.15,ETH
2026-01-06 04:51:07+00:00,2026-01-06 04:53:57.434676+00:00,367.0,3224.051,3223.76,3224.12,ETH
2026-01-06 04:51:08+00:00,2026-01-06 04:53:58.433627+00:00,368.0,3224.051,3223.76,3224.15,ETH
2026-01-06 04:51:09+00:00,2026-01-06 04:53:59.428899+00:00,369.0,3224.051,3223.76,3224.14,ETH
2026-01-06 04:51:10+00:00,2026-01-06 04:54:00.441990+00:00,370.0,3223.891,3223.75,3224.03,ETH
2026-01-06 04:51:11+00:00,2026-01-06 04:54:01.444028+00:00,371.0,3223.881,3223.75,3223.94,ETH
2026-01-06 04:51:12+00:00,2026-01-06 04:54:02.468386+00:00,372.0,3223.631,3223.53,3223.67,ETH
2026-01-06 04:51:13+00:00,2026-01-06 04:54:03.468523+00:00,373.0,3223.631,3223.45,3223.65,ETH
2026-01-06 04:51:14+00:00,2026-01-06 04:54:04.462138+00:00,374.0,3223.561,3223.27,3223.66,ETH
2026-01-06 04:51:15+00:00,2026-01-06 04:54:06.503490+00:00,375.0,3223.411,3223.25,3223.56,ETH
2026-01-06 04:51:16+00:00,2026-01-06 04:54:07.492891+00:00,376.0,3223.341,3223.17,3223.49,ETH
2026-01-06 04:51:17+00:00,2026-01-06 04:54:08.492657+00:00,377.0,3223.341,3223.11,3223.48,ETH
2026-01-06 04:51:18+00:00,2026-01-06 04:54:09.503921+00:00,378.0,3223.371,3223.12,3223.5,ETH
2026-01-06 04:51:19+00:00,2026-01-06 04:54:10.502051+00:00,379.0,3223.341,3223.12,3223.44,ETH
2026-01-06 04:51:20+00:00,2026-01-06 04:54:11.510661+00:00,380.0,3223.301,3223.12,3223.38,ETH
2026-01-06 04:51:21+00:00,2026-01-06 04:54:12.534775+00:00,381.0,3223.331,3223.12,3223.38,ETH
2026-01-06 04:51:22+00:00,2026-01-06 04:54:13.523135+00:00,382.0,3223.401,3223.13,3223.48,ETH
2026-01-06 04:51:23+00:00,2026-01-06 04:54:14.530473+00:00,383.0,3223.451,3223.14,3223.54,ETH
2026-01-06 04:51:24+00:00,2026-01-06 04:54:15.511236+00:00,384.0,3223.421,3223.14,3223.57,ETH
2026-01-06 04:51:25+00:00,2026-01-06 04:54:16.511464+00:00,385.0,3223.431,3223.14,3223.62,ETH
2026-01-06 04:51:26+00:00,2026-01-06 04:54:17.545086+00:00,386.0,3223.471,3223.14,3223.62,ETH
2026-01-06 04:51:27+00:00,2026-01-06 04:54:18.534561+00:00,387.0,3223.471,3223.14,3223.62,ETH
2026-01-06 04:51:28+00:00,2026-01-06 04:54:19.523634+00:00,388.0,3223.461,3223.14,3223.6,ETH
2026-01-06 04:51:29+00:00,2026-01-06 04:54:20.511816+00:00,389.0,3223.461,3223.14,3223.64,ETH
2026-01-06 04:51:30+00:00,2026-01-06 04:54:21.524957+00:00,390.0,3223.481,3223.15,3223.66,ETH
2026-01-06 04:51:31+00:00,2026-01-06 04:54:22.536571+00:00,391.0,3223.491,3223.15,3223.63,ETH
2026-01-06 04:51:32+00:00,2026-01-06 04:54:23.529561+00:00,392.0,3223.491,3223.14,3223.72,ETH
2026-01-06 04:51:33+00:00,2026-01-06 04:54:24.543815+00:00,393.0,3223.521,3223.15,3223.81,ETH
2026-01-06 04:51:34+00:00,2026-01-06 04:54:25.577152+00:00,394.0,3223.551,3223.18,3223.75,ETH
2026-01-06 04:51:35+00:00,2026-01-06 04:54:26.572656+00:00,395.0,3223.551,3223.19,3223.69,ETH
2026-01-06 04:51:36+00:00,2026-01-06 04:54:27.577810+00:00,396.0,3223.541,3223.18,3223.69,ETH
2026-01-06 04:51:37+00:00,2026-01-06 04:54:28.610792+00:00,397.0,3223.531,3223.18,3223.71,ETH
2026-01-06 04:51:38+00:00,2026-01-06 04:54:29.607543+00:00,398.0,3223.511,3223.18,3223.72,ETH
2026-01-06 04:51:39+00:00,2026-01-06 04:54:30.622959+00:00,399.0,3223.461,3223.12,3223.65,ETH
2026-01-06 04:51:40+00:00,2026-01-06 04:54:31.642936+00:00,400.0,3223.401,3223.07,3223.57,ETH
2026-01-06 04:51:41+00:00,2026-01-06 04:54:32.639255+00:00,401.0,3223.401,3223.07,3223.54,ETH
2026-01-06 04:51:42+00:00,2026-01-06 04:54:33.655168+00:00,402.0,3223.401,3223.07,3223.54,ETH
2026-01-06 04:51:43+00:00,2026-01-06 04:54:34.715954+00:00,403.0,3223.391,3223.06,3223.56,ETH
2026-01-06 04:51:44+00:00,2026-01-06 04:54:35.714154+00:00,404.0,3223.381,3223.05,3223.59,ETH
2026-01-06 04:51:45+00:00,2026-01-06 04:54:36.721245+00:00,405.0,3223.361,3223.05,3223.59,ETH
2026-01-06 04:51:46+00:00,2026-01-06 04:54:37.726257+00:00,406.0,3223.301,3223.04,3223.49,ETH
2026-01-06 04:51:47+00:00,2026-01-06 04:54:38.711624+00:00,407.0,3223.261,3223.03,3223.4,ETH
2026-01-06 04:51:48+00:00,2026-01-06 04:54:39.723756+00:00,408.0,3223.261,3222.97,3223.4,ETH
2026-01-06 04:51:49+00:00,2026-01-06 04:54:40.720301+00:00,409.0,3223.261,3222.92,3223.38,ETH
2026-01-06 04:51:50+00:00,2026-01-06 04:54:41.735178+00:00,410.0,3223.261,3222.91,3223.38,ETH
2026-01-06 04:51:51+00:00,2026-01-06 04:54:42.721757+00:00,411.0,3223.251,3222.9,3223.41,ETH
2026-01-06 04:51:52+00:00,2026-01-06 04:54:43.732241+00:00,412.0,3223.251,3222.9,3223.38,ETH
2026-01-06 04:51:53+00:00,2026-01-06 04:54:44.741907+00:00,413.0,3223.251,3222.9,3223.34,ETH
2026-01-06 04:51:54+00:00,2026-01-06 04:54:45.737277+00:00,414.0,3223.251,3222.9,3223.32,ETH
2026-01-06 04:51:55+00:00,2026-01-06 04:54:46.760630+00:00,415.0,3223.251,3222.9,3223.36,ETH
2026-01-06 04:51:56+00:00,2026-01-06 04:54:47.756277+00:00,416.0,3223.251,3222.9,3223.39,ETH
2026-01-06 04:51:57+00:00,2026-01-06 04:54:48.758468+00:00,417.0,3223.251,3222.9,3223.35,ETH
2026-01-06 04:51:58+00:00,2026-01-06 04:54:49.769008+00:00,418.0,3223.251,3222.9,3223.35,ETH
2026-01-06 04:51:59+00:00,2026-01-06 04:54:50.765925+00:00,419.0,3223.181,3222.89,3223.34,ETH
2026-01-06 04:52:00+00:00,2026-01-06 04:54:51.769512+00:00,420.0,3223.001,3222.85,3223.16,ETH
2026-01-06 04:52:01+00:00,2026-01-06 04:54:52.775541+00:00,421.0,3222.861,3222.67,3222.99,ETH
2026-01-06 04:52:02+00:00,2026-01-06 04:54:53.786271+00:00,422.0,3222.861,3222.53,3222.99,ETH
2026-01-06 04:52:03+00:00,2026-01-06 04:54:54.788704+00:00,423.0,3222.861,3222.53,3223.0,ETH
2026-01-06 04:52:04+00:00,2026-01-06 04:54:55.792026+00:00,424.0,3222.861,3222.53,3223.0,ETH
2026-01-06 04:52:05+00:00,2026-01-06 04:54:56.791086+00:00,425.0,3222.701,3222.45,3222.85,ETH
2026-01-06 04:52:06+00:00,2026-01-06 04:54:57.800889+00:00,426.0,3222.701,3222.44,3222.77,ETH
2026-01-06 04:52:07+00:00,2026-01-06 04:54:58.812471+00:00,427.0,3222.701,3222.43,3222.78,ETH
2026-01-06 04:52:08+00:00,2026-01-06 04:54:59.838001+00:00,428.0,3222.701,3222.43,3222.81,ETH
2026-01-06 04:52:09+00:00,2026-01-06 04:55:00.847886+00:00,429.0,3222.701,3222.43,3222.82,ETH
2026-01-06 04:52:10+00:00,2026-01-06 04:55:01.846988+00:00,430.0,3222.781,3222.45,3223.03,ETH
2026-01-06 04:52:11+00:00,2026-01-06 04:55:02.841992+00:00,431.0,3222.911,3222.54,3223.17,ETH
2026-01-06 04:52:12+00:00,2026-01-06 04:55:03.846949+00:00,432.0,3222.971,3222.59,3223.31,ETH
2026-01-06 04:52:13+00:00,2026-01-06 04:55:04.842483+00:00,433.0,3223.141,3222.75,3223.53,ETH
2026-01-06 04:52:14+00:00,2026-01-06 04:55:05.865035+00:00,434.0,3223.141,3222.75,3223.52,ETH
2026-01-06 04:52:15+00:00,2026-01-06 04:55:06.849231+00:00,435.0,3223.141,3222.75,3223.52,ETH
2026-01-06 04:52:16+00:00,2026-01-06 04:55:07.859204+00:00,436.0,3223.171,3222.78,3223.55,ETH
2026-01-06 04:52:17+00:00,2026-01-06 04:55:08.863296+00:00,437.0,3223.171,3222.78,3223.56,ETH
2026-01-06 04:52:18+00:00,2026-01-06 04:55:09.872749+00:00,438.0,3223.171,3222.78,3223.55,ETH
2026-01-06 04:52:19+00:00,2026-01-06 04:55:10.877951+00:00,439.0,3223.171,3222.79,3223.52,ETH
2026-01-06 04:52:20+00:00,2026-01-06 04:55:11.888859+00:00,440.0,3223.171,3222.8,3223.48,ETH
2026-01-06 04:52:21+00:00,2026-01-06 04:55:12.902685+00:00,441.0,3223.121,3222.8,3223.5,ETH
2026-01-06 04:52:22+00:00,2026-01-06 04:55:13.889604+00:00,442.0,3223.121,3222.79,3223.5,ETH
2026-01-06 04:52:23+00:00,2026-01-06 04:55:14.891858+00:00,443.0,3223.111,3222.79,3223.49,ETH
2026-01-06 04:52:24+00:00,2026-01-06 04:55:15.889062+00:00,444.0,3223.111,3222.81,3223.48,ETH
2026-01-06 04:52:25+00:00,2026-01-06 04:55:16.899894+00:00,445.0,3223.111,3222.8,3223.5,ETH
2026-01-06 04:52:26+00:00,2026-01-06 04:55:17.889622+00:00,446.0,3223.111,3222.79,3223.5,ETH
2026-01-06 04:52:27+00:00,2026-01-06 04:55:18.915923+00:00,447.0,3223.221,3222.84,3223.53,ETH
2026-01-06 04:52:28+00:00,2026-01-06 04:55:19.928577+00:00,448.0,3223.221,3222.87,3223.33,ETH
2026-01-06 04:52:29+00:00,2026-01-06 04:55:20.928051+00:00,449.0,3223.201,3222.87,3223.48,ETH
2026-01-06 04:52:30+00:00,2026-01-06 04:55:21.927330+00:00,450.0,3223.201,3222.87,3223.47,ETH
2026-01-06 04:52:31+00:00,2026-01-06 04:55:23.003816+00:00,451.0,3223.201,3222.87,3223.52,ETH
2026-01-06 04:52:32+00:00,2026-01-06 04:55:24.048468+00:00,452.0,3223.191,3222.88,3223.52,ETH
2026-01-06 04:52:33+00:00,2026-01-06 04:55:25.038109+00:00,453.0,3223.181,3222.88,3223.47,ETH
2026-01-06 04:52:34+00:00,2026-01-06 04:55:26.040293+00:00,454.0,3223.141,3222.87,3223.44,ETH
2026-01-06 04:52:35+00:00,2026-01-06 04:55:27.058785+00:00,455.0,3223.101,3222.87,3223.34,ETH
2026-01-06 04:52:36+00:00,2026-01-06 04:55:28.060731+00:00,456.0,3223.091,3222.85,3223.31,ETH
2026-01-06 04:52:37+00:00,2026-01-06 04:55:29.056501+00:00,457.0,3223.091,3222.83,3223.3,ETH
2026-01-06 04:52:38+00:00,2026-01-06 04:55:30.056082+00:00,458.0,3223.091,3222.83,3223.3,ETH
2026-01-06 04:52:39+00:00,2026-01-06 04:55:31.055071+00:00,459.0,3223.081,3222.83,3223.3,ETH
2026-01-06 04:52:40+00:00,2026-01-06 04:55:32.060984+00:00,460.0,3223.081,3222.8,3223.27,ETH
2026-01-06 04:52:41+00:00,2026-01-06 04:55:33.088156+00:00,461.0,3223.061,3222.79,3223.26,ETH
2026-01-06 04:52:42+00:00,2026-01-06 04:55:34.113752+00:00,462.0,3223.061,3222.7,3223.22,ETH
2026-01-06 04:52:43+00:00,2026-01-06 04:55:35.121690+00:00,463.0,3223.061,3222.69,3223.21,ETH
2026-01-06 04:52:44+00:00,2026-01-06 04:55:36.125948+00:00,464.0,3223.061,3222.69,3223.23,ETH
2026-01-06 04:52:45+00:00,2026-01-06 04:55:37.140852+00:00,465.0,3223.061,3222.69,3223.23,ETH
2026-01-06 04:52:46+00:00,2026-01-06 04:55:38.145623+00:00,466.0,3223.061,3222.68,3223.23,ETH
2026-01-06 04:52:47+00:00,2026-01-06 04:55:39.146500+00:00,467.0,3223.061,3222.69,3223.25,ETH
2026-01-06 04:52:48+00:00,2026-01-06 04:55:40.147656+00:00,468.0,3223.061,3222.69,3223.3,ETH
2026-01-06 04:52:49+00:00,2026-01-06 04:55:41.148272+00:00,469.0,3223.061,3222.69,3223.3,ETH
2026-01-06 04:52:50+00:00,2026-01-06 04:55:42.140865+00:00,470.0,3223.021,3222.7,3223.31,ETH
2026-01-06 04:52:51+00:00,2026-01-06 04:55:44.157860+00:00,471.0,3223.031,3222.7,3223.28,ETH
2026-01-06 04:52:53+00:00,2026-01-06 04:55:45.236117+00:00,473.0,3223.051,3222.7,3223.28,ETH
2026-01-06 04:52:54+00:00,2026-01-06 04:55:46.208731+00:00,474.0,3223.051,3222.7,3223.27,ETH
2026-01-06 04:52:55+00:00,2026-01-06 04:55:47.221088+00:00,475.0,3223.051,3222.7,3223.29,ETH
2026-01-06 04:52:56+00:00,2026-01-06 04:55:48.208103+00:00,476.0,3223.051,3222.68,3223.17,ETH
2026-01-06 04:52:57+00:00,2026-01-06 04:55:49.212618+00:00,477.0,3223.051,3222.68,3223.29,ETH
2026-01-06 04:52:58+00:00,2026-01-06 04:55:50.215543+00:00,478.0,3223.051,3222.69,3223.3,ETH
2026-01-06 04:52:59+00:00,2026-01-06 04:55:51.211529+00:00,479.0,3223.051,3222.69,3223.3,ETH
2026-01-06 04:53:00+00:00,2026-01-06 04:55:52.220447+00:00,480.0,3223.051,3222.69,3223.31,ETH
2026-01-06 04:53:01+00:00,2026-01-06 04:55:53.220077+00:00,481.0,3223.051,3222.69,3223.3,ETH
2026-01-06 04:53:02+00:00,2026-01-06 04:55:54.208544+00:00,482.0,3223.051,3222.69,3223.3,ETH
2026-01-06 04:53:03+00:00,2026-01-06 04:55:55.218041+00:00,483.0,3223.051,3222.69,3223.3,ETH
2026-01-06 04:53:04+00:00,2026-01-06 04:55:56.220099+00:00,484.0,3223.051,3222.69,3223.27,ETH
2026-01-06 04:53:05+00:00,2026-01-06 04:55:57.218403+00:00,485.0,3223.051,3222.69,3223.32,ETH
2026-01-06 04:53:06+00:00,2026-01-06 04:55:58.220348+00:00,486.0,3223.051,3222.68,3223.32,ETH
2026-01-06 04:53:07+00:00,2026-01-06 04:55:59.224207+00:00,487.0,3223.051,3222.69,3223.3,ETH
2026-01-06 04:53:08+00:00,2026-01-06 04:56:00.226733+00:00,488.0,3223.051,3222.69,3223.28,ETH
2026-01-06 04:53:09+00:00,2026-01-06 04:56:01.223840+00:00,489.0,3222.891,3222.7,3223.27,ETH
2026-01-06 04:53:10+00:00,2026-01-06 04:56:02.231942+00:00,490.0,3222.891,3222.7,3223.28,ETH
2026-01-06 04:53:11+00:00,2026-01-06 04:56:03.248699+00:00,491.0,3222.891,3222.7,3223.3,ETH
2026-01-06 04:53:12+00:00,2026-01-06 04:56:04.296922+00:00,492.0,3223.091,3222.86,3223.48,ETH
2026-01-06 04:53:13+00:00,2026-01-06 04:56:05.296618+00:00,493.0,3223.241,3222.91,3223.59,ETH
2026-01-06 04:53:14+00:00,2026-01-06 04:56:07.289188+00:00,494.0,3223.241,3222.92,3223.54,ETH
2026-01-06 04:53:15+00:00,2026-01-06 04:56:08.290911+00:00,495.0,3223.241,3222.93,3223.51,ETH
2026-01-06 04:53:16+00:00,2026-01-06 04:56:09.294756+00:00,496.0,3223.241,3222.98,3223.56,ETH
2026-01-06 04:53:17+00:00,2026-01-06 04:56:10.285426+00:00,497.0,3223.241,3223.03,3223.61,ETH
2026-01-06 04:53:18+00:00,2026-01-06 04:56:11.285541+00:00,498.0,3223.251,3223.03,3223.62,ETH
2026-01-06 04:53:19+00:00,2026-01-06 04:56:12.285616+00:00,499.0,3223.251,3223.03,3223.62,ETH
2026-01-06 04:53:20+00:00,2026-01-06 04:56:13.302863+00:00,500.0,3223.251,3223.03,3223.62,ETH
2026-01-06 04:53:21+00:00,2026-01-06 04:56:14.309970+00:00,501.0,3223.251,3223.04,3223.56,ETH
2026-01-06 04:53:22+00:00,2026-01-06 04:56:15.318598+00:00,502.0,3223.251,3223.04,3223.46,ETH
2026-01-06 04:53:23+00:00,2026-01-06 04:56:16.300565+00:00,503.0,3223.251,3223.04,3223.52,ETH
2026-01-06 04:53:24+00:00,2026-01-06 04:56:17.300434+00:00,504.0,3223.251,3223.04,3223.62,ETH
2026-01-06 04:53:25+00:00,2026-01-06 04:56:18.327407+00:00,505.0,3223.241,3223.04,3223.61,ETH
2026-01-06 04:53:26+00:00,2026-01-06 04:56:19.336365+00:00,506.0,3223.221,3223.04,3223.58,ETH
2026-01-06 04:53:27+00:00,2026-01-06 04:56:20.317919+00:00,507.0,3223.211,3223.03,3223.56,ETH
2026-01-06 04:53:28+00:00,2026-01-06 04:56:21.336914+00:00,508.0,3223.201,3223.03,3223.54,ETH
2026-01-06 04:53:29+00:00,2026-01-06 04:56:22.322296+00:00,509.0,3223.201,3223.02,3223.54,ETH
2026-01-06 04:53:30+00:00,2026-01-06 04:56:23.347711+00:00,510.0,3223.201,3223.01,3223.47,ETH
2026-01-06 04:53:31+00:00,2026-01-06 04:56:24.342360+00:00,511.0,3223.111,3222.99,3223.37,ETH
2026-01-06 04:53:32+00:00,2026-01-06 04:56:25.352247+00:00,512.0,3223.011,3222.98,3223.41,ETH
2026-01-06 04:53:33+00:00,2026-01-06 04:56:26.368704+00:00,513.0,3223.011,3222.98,3223.48,ETH
2026-01-06 04:53:34+00:00,2026-01-06 04:56:27.381092+00:00,514.0,3223.001,3222.98,3223.4,ETH
2026-01-06 04:53:35+00:00,2026-01-06 04:56:28.395041+00:00,515.0,3223.001,3222.98,3223.41,ETH
2026-01-06 04:53:36+00:00,2026-01-06 04:56:29.372667+00:00,516.0,3223.021,3222.98,3223.46,ETH
2026-01-06 04:53:37+00:00,2026-01-06 04:56:30.386790+00:00,517.0,3223.011,3222.97,3223.44,ETH
2026-01-06 04:53:38+00:00,2026-01-06 04:56:31.391734+00:00,518.0,3222.981,3222.97,3223.43,ETH
2026-01-06 04:53:39+00:00,2026-01-06 04:56:32.389349+00:00,519.0,3222.981,3222.97,3223.45,ETH
2026-01-06 04:53:40+00:00,2026-01-06 04:56:33.391073+00:00,520.0,3222.981,3222.91,3223.34,ETH
2026-01-06 04:53:41+00:00,2026-01-06 04:56:34.395811+00:00,521.0,3222.981,3222.81,3223.3,ETH
2026-01-06 04:53:42+00:00,2026-01-06 04:56:35.403785+00:00,522.0,3222.981,3222.81,3223.29,ETH
2026-01-06 04:53:43+00:00,2026-01-06 04:56:36.402997+00:00,523.0,3222.981,3222.81,3223.29,ETH
2026-01-06 04:53:44+00:00,2026-01-06 04:56:37.427914+00:00,524.0,3222.981,3222.81,3223.29,ETH
2026-01-06 04:53:45+00:00,2026-01-06 04:56:38.401992+00:00,525.0,3222.981,3222.81,3223.29,ETH
2026-01-06 04:53:46+00:00,2026-01-06 04:56:39.455921+00:00,526.0,3222.981,3222.81,3223.3,ETH
2026-01-06 04:53:47+00:00,2026-01-06 04:56:40.437467+00:00,527.0,3222.981,3222.79,3223.3,ETH
2026-01-06 04:53:48+00:00,2026-01-06 04:56:41.420540+00:00,528.0,3222.981,3222.79,3223.3,ETH
2026-01-06 04:53:49+00:00,2026-01-06 04:56:42.424193+00:00,529.0,3222.981,3222.79,3223.27,ETH
2026-01-06 04:53:50+00:00,2026-01-06 04:56:43.424114+00:00,530.0,3222.981,3222.79,3223.22,ETH
2026-01-06 04:53:51+00:00,2026-01-06 04:56:44.435362+00:00,531.0,3222.961,3222.79,3223.22,ETH
2026-01-06 04:53:52+00:00,2026-01-06 04:56:45.439274+00:00,532.0,3222.981,3222.79,3223.21,ETH
2026-01-06 04:53:53+00:00,2026-01-06 04:56:46.435124+00:00,533.0,3222.981,3222.77,3223.21,ETH
2026-01-06 04:53:54+00:00,2026-01-06 04:56:47.435657+00:00,534.0,3222.981,3222.77,3223.21,ETH
2026-01-06 04:53:55+00:00,2026-01-06 04:56:48.463970+00:00,535.0,3222.981,3222.77,3223.21,ETH
2026-01-06 04:53:56+00:00,2026-01-06 04:56:49.467820+00:00,536.0,3222.981,3222.77,3223.21,ETH
2026-01-06 04:53:57+00:00,2026-01-06 04:56:50.466672+00:00,537.0,3222.801,3222.77,3223.22,ETH
2026-01-06 04:53:58+00:00,2026-01-06 04:56:51.498952+00:00,538.0,3222.801,3222.76,3223.22,ETH
2026-01-06 04:53:59+00:00,2026-01-06 04:56:52.478013+00:00,539.0,3222.801,3222.76,3223.24,ETH
2026-01-06 04:54:00+00:00,2026-01-06 04:56:53.476131+00:00,540.0,3222.981,3222.78,3223.2,ETH
2026-01-06 04:54:01+00:00,2026-01-06 04:56:54.488654+00:00,541.0,3222.981,3222.78,3223.19,ETH
2026-01-06 04:54:02+00:00,2026-01-06 04:56:56.634490+00:00,542.0,3222.981,3222.78,3223.26,ETH
2026-01-06 04:54:03+00:00,2026-01-06 04:56:57.645295+00:00,543.0,3222.981,3222.78,3223.19,ETH
2026-01-06 04:54:04+00:00,2026-01-06 04:56:58.643521+00:00,544.0,3222.981,3222.78,3223.19,ETH
2026-01-06 04:54:05+00:00,2026-01-06 04:56:59.652307+00:00,545.0,3222.981,3222.78,3223.34,ETH
2026-01-06 04:54:07+00:00,2026-01-06 04:57:00.745081+00:00,547.0,3222.981,3222.77,3223.35,ETH
2026-01-06 04:54:08+00:00,2026-01-06 04:57:01.716338+00:00,548.0,3222.981,3222.77,3223.35,ETH
2026-01-06 04:54:09+00:00,2026-01-06 04:57:02.715496+00:00,549.0,3222.981,3222.77,3223.35,ETH
2026-01-06 04:54:10+00:00,2026-01-06 04:57:03.721709+00:00,550.0,3222.981,3222.77,3223.35,ETH
2026-01-06 04:54:11+00:00,2026-01-06 04:57:04.711501+00:00,551.0,3222.981,3222.78,3223.35,ETH
2026-01-06 04:54:12+00:00,2026-01-06 04:57:05.723477+00:00,552.0,3222.981,3222.78,3223.08,ETH
2026-01-06 04:54:13+00:00,2026-01-06 04:57:06.759874+00:00,553.0,3222.981,3222.78,3223.33,ETH
2026-01-06 04:54:14+00:00,2026-01-06 04:57:07.751325+00:00,554.0,3222.981,3222.78,3223.07,ETH
2026-01-06 04:54:15+00:00,2026-01-06 04:57:08.767596+00:00,555.0,3222.981,3222.78,3223.36,ETH
2026-01-06 04:54:16+00:00,2026-01-06 04:57:09.770970+00:00,556.0,3222.981,3222.77,3223.36,ETH
2026-01-06 04:54:17+00:00,2026-01-06 04:57:10.777413+00:00,557.0,3222.981,3222.77,3223.36,ETH
2026-01-06 04:54:18+00:00,2026-01-06 04:57:11.773739+00:00,558.0,3222.981,3222.77,3223.35,ETH
2026-01-06 04:54:19+00:00,2026-01-06 04:57:12.789884+00:00,559.0,3222.981,3222.77,3223.37,ETH
2026-01-06 04:54:20+00:00,2026-01-06 04:57:13.769314+00:00,560.0,3222.981,3222.79,3223.37,ETH
2026-01-06 04:54:21+00:00,2026-01-06 04:57:14.790664+00:00,561.0,3222.981,3222.79,3223.41,ETH
2026-01-06 04:54:22+00:00,2026-01-06 04:57:15.793890+00:00,562.0,3222.981,3222.78,3223.41,ETH
2026-01-06 04:54:23+00:00,2026-01-06 04:57:16.806304+00:00,563.0,3222.981,3222.78,3223.35,ETH
2026-01-06 04:54:24+00:00,2026-01-06 04:57:17.816000+00:00,564.0,3222.981,3222.78,3223.35,ETH
2026-01-06 04:54:25+00:00,2026-01-06 04:57:18.822130+00:00,565.0,3222.981,3222.78,3223.35,ETH
2026-01-06 04:54:26+00:00,2026-01-06 04:57:20.840020+00:00,566.0,3222.981,3222.78,3223.4,ETH
2026-01-06 04:54:27+00:00,2026-01-06 04:57:21.874497+00:00,567.0,3222.981,3222.78,3223.4,ETH
2026-01-06 04:54:28+00:00,2026-01-06 04:57:22.881282+00:00,568.0,3222.981,3222.78,3223.27,ETH
2026-01-06 04:54:29+00:00,2026-01-06 04:57:23.870066+00:00,569.0,3223.041,3222.78,3223.27,ETH
2026-01-06 04:54:30+00:00,2026-01-06 04:57:24.891857+00:00,570.0,3223.361,3223.13,3223.63,ETH
2026-01-06 04:54:31+00:00,2026-01-06 04:57:25.882142+00:00,571.0,3223.741,3223.52,3224.0,ETH
2026-01-06 04:54:32+00:00,2026-01-06 04:57:26.896704+00:00,572.0,3223.841,3223.58,3224.13,ETH
2026-01-06 04:54:33+00:00,2026-01-06 04:57:27.871576+00:00,573.0,3223.841,3223.59,3224.14,ETH
2026-01-06 04:54:34+00:00,2026-01-06 04:57:28.919951+00:00,574.0,3223.851,3223.58,3224.13,ETH
2026-01-06 04:54:35+00:00,2026-01-06 04:57:29.900921+00:00,575.0,3223.851,3223.57,3224.16,ETH
2026-01-06 04:54:36+00:00,2026-01-06 04:57:30.898225+00:00,576.0,3223.851,3223.57,3224.21,ETH
2026-01-06 04:54:37+00:00,2026-01-06 04:57:31.901783+00:00,577.0,3223.851,3223.57,3224.21,ETH
2026-01-06 04:54:38+00:00,2026-01-06 04:57:32.922670+00:00,578.0,3223.851,3223.56,3224.21,ETH
2026-01-06 04:54:39+00:00,2026-01-06 04:57:33.948474+00:00,579.0,3223.831,3223.55,3224.21,ETH
2026-01-06 04:54:40+00:00,2026-01-06 04:57:34.935234+00:00,580.0,3223.821,3223.55,3224.22,ETH
2026-01-06 04:54:41+00:00,2026-01-06 04:57:35.953061+00:00,581.0,3223.831,3223.55,3224.21,ETH
2026-01-06 04:54:42+00:00,2026-01-06 04:57:36.964695+00:00,582.0,3223.831,3223.55,3224.21,ETH
2026-01-06 04:54:43+00:00,2026-01-06 04:57:37.967980+00:00,583.0,3223.831,3223.55,3224.21,ETH
2026-01-06 04:54:44+00:00,2026-01-06 04:57:38.988275+00:00,584.0,3223.811,3223.55,3224.19,ETH
2026-01-06 04:54:45+00:00,2026-01-06 04:57:40.013734+00:00,585.0,3223.791,3223.55,3224.16,ETH
2026-01-06 04:54:46+00:00,2026-01-06 04:57:41.030066+00:00,586.0,3223.791,3223.56,3224.15,ETH
2026-01-06 04:54:47+00:00,2026-01-06 04:57:42.002746+00:00,587.0,3223.811,3223.57,3224.16,ETH
2026-01-06 04:54:48+00:00,2026-01-06 04:57:43.017342+00:00,588.0,3223.831,3223.56,3224.12,ETH
2026-01-06 04:54:49+00:00,2026-01-06 04:57:44.035887+00:00,589.0,3223.841,3223.55,3224.07,ETH
2026-01-06 04:54:50+00:00,2026-01-06 04:57:45.036150+00:00,590.0,3223.841,3223.58,3224.12,ETH
2026-01-06 04:54:51+00:00,2026-01-06 04:57:46.044137+00:00,591.0,3224.051,3223.95,3224.39,ETH
2026-01-06 04:54:52+00:00,2026-01-06 04:57:47.067654+00:00,592.0,3224.261,3224.02,3224.46,ETH
2026-01-06 04:54:53+00:00,2026-01-06 04:57:48.061840+00:00,593.0,3224.261,3224.03,3224.5,ETH
2026-01-06 04:54:54+00:00,2026-01-06 04:57:49.085087+00:00,594.0,3224.351,3224.06,3224.54,ETH
2026-01-06 04:54:55+00:00,2026-01-06 04:57:50.095942+00:00,595.0,3224.351,3224.06,3224.57,ETH
2026-01-06 04:54:56+00:00,2026-01-06 04:57:51.097194+00:00,596.0,3224.391,3224.07,3224.59,ETH
2026-01-06 04:54:57+00:00,2026-01-06 04:57:52.096853+00:00,597.0,3224.391,3224.08,3224.59,ETH
2026-01-06 04:54:58+00:00,2026-01-06 04:57:53.104465+00:00,598.0,3224.431,3224.1,3224.59,ETH
2026-01-06 04:54:59+00:00,2026-01-06 04:57:54.098947+00:00,599.0,3224.431,3224.1,3224.64,ETH
2026-01-06 04:55:00+00:00,2026-01-06 04:57:55.104525+00:00,600.0,3224.431,3224.18,3224.64,ETH
2026-01-06 04:55:01+00:00,2026-01-06 04:57:56.107315+00:00,601.0,3224.431,3224.18,3224.63,ETH
2026-01-06 04:55:02+00:00,2026-01-06 04:57:57.107209+00:00,602.0,3224.371,3224.01,3224.55,ETH
2026-01-06 04:55:03+00:00,2026-01-06 04:57:58.114249+00:00,603.0,3223.891,3223.63,3224.26,ETH
2026-01-06 04:55:04+00:00,2026-01-06 04:57:59.116132+00:00,604.0,3223.981,3223.71,3224.34,ETH
2026-01-06 04:55:05+00:00,2026-01-06 04:58:00.114908+00:00,605.0,3224.421,3224.39,3224.7,ETH
2026-01-06 04:55:06+00:00,2026-01-06 04:58:01.133424+00:00,606.0,3224.391,3224.17,3224.73,ETH
2026-01-06 04:55:07+00:00,2026-01-06 04:58:02.126191+00:00,607.0,3224.391,3224.17,3224.74,ETH
2026-01-06 04:55:08+00:00,2026-01-06 04:58:03.142287+00:00,608.0,3224.391,3224.17,3224.76,ETH
2026-01-06 04:55:09+00:00,2026-01-06 04:58:04.143109+00:00,609.0,3224.391,3224.17,3224.76,ETH
2026-01-06 04:55:10+00:00,2026-01-06 04:58:05.137182+00:00,610.0,3224.391,3224.17,3224.77,ETH
2026-01-06 04:55:11+00:00,2026-01-06 04:58:06.144480+00:00,611.0,3224.401,3224.17,3224.79,ETH
2026-01-06 04:55:12+00:00,2026-01-06 04:58:07.157510+00:00,612.0,3224.401,3224.17,3224.78,ETH
2026-01-06 04:55:13+00:00,2026-01-06 04:58:08.146874+00:00,613.0,3224.401,3224.17,3224.81,ETH
2026-01-06 04:55:14+00:00,2026-01-06 04:58:09.180468+00:00,614.0,3224.401,3224.17,3224.8,ETH
2026-01-06 04:55:15+00:00,2026-01-06 04:58:10.199182+00:00,615.0,3224.401,3224.17,3224.76,ETH
2026-01-06 04:55:16+00:00,2026-01-06 04:58:11.212174+00:00,616.0,3224.541,3224.18,3224.91,ETH
2026-01-06 04:55:17+00:00,2026-01-06 04:58:12.225562+00:00,617.0,3225.071,3224.81,3225.37,ETH
2026-01-06 04:55:18+00:00,2026-01-06 04:58:13.191762+00:00,618.0,3225.071,3224.79,3225.36,ETH
2026-01-06 04:55:19+00:00,2026-01-06 04:58:14.205725+00:00,619.0,3225.071,3224.81,3225.21,ETH
2026-01-06 04:55:20+00:00,2026-01-06 04:58:15.207084+00:00,620.0,3225.031,3224.81,3225.07,ETH
2026-01-06 04:55:21+00:00,2026-01-06 04:58:16.215123+00:00,621.0,3225.071,3224.81,3225.13,ETH
2026-01-06 04:55:22+00:00,2026-01-06 04:58:17.217659+00:00,622.0,3225.091,3224.81,3225.48,ETH
2026-01-06 04:55:23+00:00,2026-01-06 04:58:18.236274+00:00,623.0,3225.071,3224.83,3225.53,ETH
2026-01-06 04:55:24+00:00,2026-01-06 04:58:19.246433+00:00,624.0,3225.071,3224.87,3225.53,ETH
2026-01-06 04:55:25+00:00,2026-01-06 04:58:20.250123+00:00,625.0,3225.071,3224.87,3225.53,ETH
2026-01-06 04:55:26+00:00,2026-01-06 04:58:21.258296+00:00,626.0,3225.081,3224.87,3225.53,ETH
2026-01-06 04:55:27+00:00,2026-01-06 04:58:22.275495+00:00,627.0,3225.071,3224.87,3225.5,ETH
2026-01-06 04:55:28+00:00,2026-01-06 04:58:23.285067+00:00,628.0,3225.081,3224.87,3225.52,ETH
2026-01-06 04:55:29+00:00,2026-01-06 04:58:24.334549+00:00,629.0,3225.081,3224.87,3225.52,ETH
2026-01-06 04:55:30+00:00,2026-01-06 04:58:25.312195+00:00,630.0,3225.081,3224.87,3225.52,ETH
2026-01-06 04:55:31+00:00,2026-01-06 04:58:26.318268+00:00,631.0,3225.081,3224.87,3225.52,ETH
2026-01-06 04:55:32+00:00,2026-01-06 04:58:27.319987+00:00,632.0,3225.071,3224.87,3225.52,ETH
2026-01-06 04:55:33+00:00,2026-01-06 04:58:28.319959+00:00,633.0,3225.071,3224.87,3225.52,ETH
2026-01-06 04:55:34+00:00,2026-01-06 04:58:29.318485+00:00,634.0,3225.071,3224.87,3225.52,ETH
2026-01-06 04:55:35+00:00,2026-01-06 04:58:30.318268+00:00,635.0,3225.071,3224.86,3225.51,ETH
2026-01-06 04:55:36+00:00,2026-01-06 04:58:31.319570+00:00,636.0,3225.071,3224.84,3225.51,ETH
2026-01-06 04:55:37+00:00,2026-01-06 04:58:32.333604+00:00,637.0,3225.071,3224.85,3225.51,ETH
2026-01-06 04:55:38+00:00,2026-01-06 04:58:34.331516+00:00,638.0,3225.151,3224.85,3225.51,ETH
2026-01-06 04:55:39+00:00,2026-01-06 04:58:35.360790+00:00,639.0,3225.151,3224.85,3225.51,ETH
2026-01-06 04:55:40+00:00,2026-01-06 04:58:36.373007+00:00,640.0,3225.151,3224.85,3225.51,ETH
2026-01-06 04:55:41+00:00,2026-01-06 04:58:37.350430+00:00,641.0,3225.151,3224.85,3225.51,ETH
2026-01-06 04:55:42+00:00,2026-01-06 04:58:38.350233+00:00,642.0,3225.151,3224.85,3225.49,ETH
2026-01-06 04:55:43+00:00,2026-01-06 04:58:39.351982+00:00,643.0,3225.151,3224.85,3225.49,ETH
2026-01-06 04:55:44+00:00,2026-01-06 04:58:40.333302+00:00,644.0,3225.151,3224.85,3225.52,ETH
2026-01-06 04:55:45+00:00,2026-01-06 04:58:41.343569+00:00,645.0,3225.151,3224.85,3225.51,ETH
2026-01-06 04:55:46+00:00,2026-01-06 04:58:42.350392+00:00,646.0,3225.151,3224.84,3225.35,ETH
2026-01-06 04:55:47+00:00,2026-01-06 04:58:43.352953+00:00,647.0,3225.151,3224.84,3225.37,ETH
2026-01-06 04:55:48+00:00,2026-01-06 04:58:44.353489+00:00,648.0,3225.171,3224.84,3225.53,ETH
2026-01-06 04:55:49+00:00,2026-01-06 04:58:45.350362+00:00,649.0,3225.201,3224.84,3225.52,ETH
2026-01-06 04:55:50+00:00,2026-01-06 04:58:46.369900+00:00,650.0,3225.201,3224.84,3225.53,ETH
2026-01-06 04:55:51+00:00,2026-01-06 04:58:47.365161+00:00,651.0,3225.201,3224.84,3225.54,ETH
2026-01-06 04:55:52+00:00,2026-01-06 04:58:48.365719+00:00,652.0,3225.201,3224.84,3225.56,ETH
2026-01-06 04:55:53+00:00,2026-01-06 04:58:49.367472+00:00,653.0,3225.201,3224.85,3225.57,ETH
2026-01-06 04:55:54+00:00,2026-01-06 04:58:50.362297+00:00,654.0,3225.201,3224.85,3225.56,ETH
2026-01-06 04:55:55+00:00,2026-01-06 04:58:51.392579+00:00,655.0,3225.201,3224.85,3225.56,ETH
2026-01-06 04:55:56+00:00,2026-01-06 04:58:52.395660+00:00,656.0,3225.201,3224.85,3225.57,ETH
2026-01-06 04:55:57+00:00,2026-01-06 04:58:53.396476+00:00,657.0,3225.201,3224.85,3225.56,ETH
2026-01-06 04:55:58+00:00,2026-01-06 04:58:54.397153+00:00,658.0,3225.201,3224.85,3225.56,ETH
2026-01-06 04:55:59+00:00,2026-01-06 04:58:55.401403+00:00,659.0,3225.201,3224.85,3225.56,ETH
2026-01-06 04:56:00+00:00,2026-01-06 04:58:56.399973+00:00,660.0,3225.201,3224.85,3225.53,ETH
2026-01-06 04:56:01+00:00,2026-01-06 04:58:57.438620+00:00,661.0,3225.201,3224.85,3225.56,ETH
2026-01-06 04:56:02+00:00,2026-01-06 04:58:58.420780+00:00,662.0,3225.231,3224.85,3225.6,ETH
2026-01-06 04:56:03+00:00,2026-01-06 04:58:59.440395+00:00,663.0,3225.231,3224.87,3225.58,ETH
2026-01-06 04:56:04+00:00,2026-01-06 04:59:00.539787+00:00,664.0,3225.231,3224.87,3225.58,ETH
2026-01-06 04:56:05+00:00,2026-01-06 04:59:01.542179+00:00,665.0,3225.231,3224.87,3225.6,ETH
2026-01-06 04:56:06+00:00,2026-01-06 04:59:02.532662+00:00,666.0,3225.231,3224.87,3225.56,ETH
2026-01-06 04:56:07+00:00,2026-01-06 04:59:03.544123+00:00,667.0,3225.231,3224.87,3225.56,ETH
2026-01-06 04:56:08+00:00,2026-01-06 04:59:04.542811+00:00,668.0,3225.231,3224.87,3225.6,ETH
2026-01-06 04:56:09+00:00,2026-01-06 04:59:05.556186+00:00,669.0,3225.291,3224.92,3225.63,ETH
2026-01-06 04:56:10+00:00,2026-01-06 04:59:06.549737+00:00,670.0,3225.291,3225.0,3225.38,ETH
2026-01-06 04:56:11+00:00,2026-01-06 04:59:07.553434+00:00,671.0,3225.271,3224.98,3225.4,ETH
2026-01-06 04:56:12+00:00,2026-01-06 04:59:08.544792+00:00,672.0,3225.271,3224.96,3225.32,ETH
2026-01-06 04:56:13+00:00,2026-01-06 04:59:09.550355+00:00,673.0,3225.271,3224.96,3225.4,ETH
2026-01-06 04:56:14+00:00,2026-01-06 04:59:10.568286+00:00,674.0,3225.271,3224.97,3225.34,ETH
2026-01-06 04:56:15+00:00,2026-01-06 04:59:11.574815+00:00,675.0,3225.261,3224.97,3225.65,ETH
2026-01-06 04:56:16+00:00,2026-01-06 04:59:12.577205+00:00,676.0,3225.261,3224.97,3225.64,ETH
2026-01-06 04:56:17+00:00,2026-01-06 04:59:13.607273+00:00,677.0,3225.261,3224.97,3225.64,ETH
2026-01-06 04:56:18+00:00,2026-01-06 04:59:14.592620+00:00,678.0,3225.261,3224.98,3225.64,ETH
2026-01-06 04:56:19+00:00,2026-01-06 04:59:15.610544+00:00,679.0,3225.261,3224.98,3225.63,ETH
2026-01-06 04:56:20+00:00,2026-01-06 04:59:16.613855+00:00,680.0,3225.261,3224.98,3225.64,ETH
2026-01-06 04:56:21+00:00,2026-01-06 04:59:17.596390+00:00,681.0,3225.261,3224.98,3225.64,ETH
2026-01-06 04:56:22+00:00,2026-01-06 04:59:18.615804+00:00,682.0,3225.261,3224.98,3225.64,ETH
2026-01-06 04:56:23+00:00,2026-01-06 04:59:19.601865+00:00,683.0,3225.261,3224.98,3225.64,ETH
2026-01-06 04:56:24+00:00,2026-01-06 04:59:20.611142+00:00,684.0,3225.261,3224.98,3225.64,ETH
2026-01-06 04:56:25+00:00,2026-01-06 04:59:21.593936+00:00,685.0,3225.261,3224.98,3225.64,ETH
2026-01-06 04:56:26+00:00,2026-01-06 04:59:22.611080+00:00,686.0,3225.261,3224.98,3225.64,ETH
2026-01-06 04:56:27+00:00,2026-01-06 04:59:23.616449+00:00,687.0,3225.261,3224.98,3225.64,ETH
2026-01-06 04:56:28+00:00,2026-01-06 04:59:24.599744+00:00,688.0,3225.261,3224.98,3225.64,ETH
2026-01-06 04:56:29+00:00,2026-01-06 04:59:25.611116+00:00,689.0,3225.261,3224.98,3225.64,ETH
2026-01-06 04:56:30+00:00,2026-01-06 04:59:26.611216+00:00,690.0,3225.231,3224.97,3225.45,ETH
2026-01-06 04:56:31+00:00,2026-01-06 04:59:27.619653+00:00,691.0,3225.231,3224.97,3225.46,ETH
2026-01-06 04:56:32+00:00,2026-01-06 04:59:28.617083+00:00,692.0,3225.231,3224.97,3225.47,ETH
2026-01-06 04:56:33+00:00,2026-01-06 04:59:29.616152+00:00,693.0,3225.231,3224.97,3225.48,ETH
2026-01-06 04:56:34+00:00,2026-01-06 04:59:30.614240+00:00,694.0,3225.231,3224.96,3225.48,ETH
2026-01-06 04:56:35+00:00,2026-01-06 04:59:31.629085+00:00,695.0,3225.231,3224.96,3225.59,ETH
2026-01-06 04:56:36+00:00,2026-01-06 04:59:32.617459+00:00,696.0,3225.231,3224.98,3225.6,ETH
2026-01-06 04:56:37+00:00,2026-01-06 04:59:33.616273+00:00,697.0,3225.231,3224.98,3225.6,ETH
2026-01-06 04:56:38+00:00,2026-01-06 04:59:34.613938+00:00,698.0,3224.991,3224.94,3225.59,ETH
2026-01-06 04:56:39+00:00,2026-01-06 04:59:35.626845+00:00,699.0,3224.901,3224.81,3225.41,ETH
2026-01-06 04:56:40+00:00,2026-01-06 04:59:36.636286+00:00,700.0,3224.901,3224.61,3225.08,ETH
2026-01-06 04:56:41+00:00,2026-01-06 04:59:37.655354+00:00,701.0,3224.901,3224.61,3225.04,ETH
2026-01-06 04:56:42+00:00,2026-01-06 04:59:38.649506+00:00,702.0,3224.901,3224.61,3225.1,ETH
2026-01-06 04:56:43+00:00,2026-01-06 04:59:39.654181+00:00,703.0,3224.901,3224.61,3225.09,ETH
2026-01-06 04:56:44+00:00,2026-01-06 04:59:40.658008+00:00,704.0,3224.901,3224.61,3225.09,ETH
2026-01-06 04:56:45+00:00,2026-01-06 04:59:41.647894+00:00,705.0,3224.901,3224.61,3225.09,ETH
2026-01-06 04:56:46+00:00,2026-01-06 04:59:42.652971+00:00,706.0,3224.901,3224.61,3225.1,ETH
2026-01-06 04:56:47+00:00,2026-01-06 04:59:43.689611+00:00,707.0,3224.631,3224.61,3225.11,ETH
2026-01-06 04:56:48+00:00,2026-01-06 04:59:44.695313+00:00,708.0,3224.391,3224.01,3224.69,ETH
2026-01-06 04:56:49+00:00,2026-01-06 04:59:45.687686+00:00,709.0,3224.341,3223.99,3224.54,ETH
2026-01-06 04:56:50+00:00,2026-01-06 04:59:46.702184+00:00,710.0,3224.301,3223.95,3224.53,ETH
2026-01-06 04:56:51+00:00,2026-01-06 04:59:47.700066+00:00,711.0,3224.301,3223.95,3224.53,ETH
2026-01-06 04:56:52+00:00,2026-01-06 04:59:48.705087+00:00,712.0,3224.291,3223.96,3224.53,ETH
2026-01-06 04:56:53+00:00,2026-01-06 04:59:49.696480+00:00,713.0,3224.291,3223.96,3224.54,ETH
2026-01-06 04:56:54+00:00,2026-01-06 04:59:50.702425+00:00,714.0,3224.311,3223.96,3224.65,ETH
2026-01-06 04:56:55+00:00,2026-01-06 04:59:51.702207+00:00,715.0,3224.311,3223.96,3224.65,ETH
2026-01-06 04:56:56+00:00,2026-01-06 04:59:52.735799+00:00,716.0,3224.301,3223.96,3224.64,ETH
2026-01-06 04:56:57+00:00,2026-01-06 04:59:53.726011+00:00,717.0,3224.301,3223.96,3224.6,ETH
2026-01-06 04:56:58+00:00,2026-01-06 04:59:54.716900+00:00,718.0,3224.511,3224.19,3224.71,ETH
2026-01-06 04:56:59+00:00,2026-01-06 04:59:55.725530+00:00,719.0,3224.511,3224.29,3224.63,ETH
2026-01-06 04:57:00+00:00,2026-01-06 04:59:56.831566+00:00,720.0,3224.611,3224.29,3224.98,ETH
2026-01-06 04:57:01+00:00,2026-01-06 04:59:57.827678+00:00,721.0,3224.711,3224.35,3225.06,ETH
2026-01-06 04:57:02+00:00,2026-01-06 04:59:58.848561+00:00,722.0,3224.711,3224.35,3225.06,ETH
2026-01-06 04:57:03+00:00,2026-01-06 04:59:59.857310+00:00,723.0,3224.711,3224.36,3225.06,ETH
2026-01-06 04:57:04+00:00,2026-01-06 05:00:00.869421+00:00,724.0,3224.711,3224.36,3225.06,ETH
2026-01-06 04:57:05+00:00,2026-01-06 05:00:01.865848+00:00,725.0,3224.701,3224.36,3225.06,ETH
2026-01-06 04:57:06+00:00,2026-01-06 05:00:02.874509+00:00,726.0,3224.701,3224.36,3225.06,ETH
2026-01-06 04:57:07+00:00,2026-01-06 05:00:03.894351+00:00,727.0,3224.601,3224.36,3224.99,ETH
2026-01-06 04:57:08+00:00,2026-01-06 05:00:04.900378+00:00,728.0,3224.601,3224.35,3224.99,ETH
2026-01-06 04:57:09+00:00,2026-01-06 05:00:05.897666+00:00,729.0,3224.601,3224.35,3224.99,ETH
2026-01-06 04:57:10+00:00,2026-01-06 05:00:06.931503+00:00,730.0,3224.601,3224.35,3224.99,ETH
2026-01-06 04:57:11+00:00,2026-01-06 05:00:07.916834+00:00,731.0,3224.601,3224.35,3224.98,ETH
2026-01-06 04:57:12+00:00,2026-01-06 05:00:08.923668+00:00,732.0,3224.601,3224.33,3224.98,ETH
2026-01-06 04:57:13+00:00,2026-01-06 05:00:09.920629+00:00,733.0,3224.601,3224.33,3224.98,ETH
2026-01-06 04:57:14+00:00,2026-01-06 05:00:11.910246+00:00,734.0,3224.601,3224.33,3224.98,ETH
2026-01-06 04:57:15+00:00,2026-01-06 05:00:12.919033+00:00,735.0,3224.601,3224.33,3224.98,ETH
2026-01-06 04:57:16+00:00,2026-01-06 05:00:13.925957+00:00,736.0,3224.591,3224.32,3224.95,ETH
2026-01-06 04:57:17+00:00,2026-01-06 05:00:14.942454+00:00,737.0,3224.581,3224.31,3224.89,ETH
2026-01-06 04:57:18+00:00,2026-01-06 05:00:15.947630+00:00,738.0,3224.581,3224.3,3224.9,ETH
2026-01-06 04:57:19+00:00,2026-01-06 05:00:16.964978+00:00,739.0,3224.581,3224.3,3224.93,ETH
2026-01-06 04:57:20+00:00,2026-01-06 05:00:17.982161+00:00,740.0,3224.581,3224.3,3224.94,ETH
2026-01-06 04:57:21+00:00,2026-01-06 05:00:18.980794+00:00,741.0,3224.581,3224.3,3224.95,ETH
2026-01-06 04:57:22+00:00,2026-01-06 05:00:19.997812+00:00,742.0,3224.581,3224.3,3224.95,ETH
2026-01-06 04:57:23+00:00,2026-01-06 05:00:21.014521+00:00,743.0,3224.581,3224.3,3224.95,ETH
2026-01-06 04:57:24+00:00,2026-01-06 05:00:22.027187+00:00,744.0,3224.581,3224.3,3224.95,ETH
2026-01-06 04:57:25+00:00,2026-01-06 05:00:23.025028+00:00,745.0,3224.581,3224.3,3224.95,ETH
2026-01-06 04:57:26+00:00,2026-01-06 05:00:24.029892+00:00,746.0,3224.581,3224.3,3224.94,ETH
2026-01-06 04:57:27+00:00,2026-01-06 05:00:25.046697+00:00,747.0,3224.581,3224.3,3224.94,ETH
2026-01-06 04:57:28+00:00,2026-01-06 05:00:26.047177+00:00,748.0,3224.591,3224.3,3224.95,ETH
2026-01-06 04:57:29+00:00,2026-01-06 05:00:27.048784+00:00,749.0,3224.581,3224.3,3224.95,ETH
2026-01-06 04:57:30+00:00,2026-01-06 05:00:28.063806+00:00,750.0,3224.581,3224.3,3224.95,ETH
2026-01-06 04:57:31+00:00,2026-01-06 05:00:29.062200+00:00,751.0,3224.591,3224.3,3224.95,ETH
2026-01-06 04:57:32+00:00,2026-01-06 05:00:30.092283+00:00,752.0,3224.591,3224.3,3224.95,ETH
2026-01-06 04:57:33+00:00,2026-01-06 05:00:31.091976+00:00,753.0,3224.591,3224.3,3224.95,ETH
2026-01-06 04:57:34+00:00,2026-01-06 05:00:32.101947+00:00,754.0,3224.601,3224.31,3224.95,ETH
2026-01-06 04:57:35+00:00,2026-01-06 05:00:33.116891+00:00,755.0,3224.611,3224.31,3224.95,ETH
2026-01-06 04:57:36+00:00,2026-01-06 05:00:34.105097+00:00,756.0,3224.561,3224.31,3224.94,ETH
2026-01-06 04:57:37+00:00,2026-01-06 05:00:35.126796+00:00,757.0,3224.501,3224.31,3224.93,ETH
2026-01-06 04:57:38+00:00,2026-01-06 05:00:36.108421+00:00,758.0,3224.421,3224.31,3224.92,ETH
2026-01-06 04:57:39+00:00,2026-01-06 05:00:37.097904+00:00,759.0,3224.391,3224.28,3224.81,ETH
2026-01-06 04:57:40+00:00,2026-01-06 05:00:38.109102+00:00,760.0,3224.381,3224.28,3224.81,ETH
2026-01-06 04:57:41+00:00,2026-01-06 05:00:39.106270+00:00,761.0,3224.381,3224.28,3224.78,ETH
2026-01-06 04:57:42+00:00,2026-01-06 05:00:40.125458+00:00,762.0,3224.381,3224.28,3224.77,ETH
2026-01-06 04:57:43+00:00,2026-01-06 05:00:41.143310+00:00,763.0,3224.381,3224.28,3224.76,ETH
2026-01-06 04:57:44+00:00,2026-01-06 05:00:42.147626+00:00,764.0,3224.081,3223.72,3224.32,ETH
2026-01-06 04:57:45+00:00,2026-01-06 05:00:43.148486+00:00,765.0,3223.881,3223.72,3224.29,ETH
2026-01-06 04:57:46+00:00,2026-01-06 05:00:44.147350+00:00,766.0,3223.881,3223.72,3224.29,ETH
2026-01-06 04:57:47+00:00,2026-01-06 05:00:45.159909+00:00,767.0,3223.881,3223.72,3224.27,ETH
2026-01-06 04:57:48+00:00,2026-01-06 05:00:46.231023+00:00,768.0,3223.881,3223.69,3223.97,ETH
2026-01-06 04:57:49+00:00,2026-01-06 05:00:47.193987+00:00,769.0,3223.881,3223.69,3224.0,ETH
2026-01-06 04:57:50+00:00,2026-01-06 05:00:48.203897+00:00,770.0,3223.951,3223.7,3224.12,ETH
2026-01-06 04:57:51+00:00,2026-01-06 05:00:49.205000+00:00,771.0,3224.011,3223.73,3224.2,ETH
2026-01-06 04:57:52+00:00,2026-01-06 05:00:50.213340+00:00,772.0,3223.951,3223.74,3224.2,ETH
2026-01-06 04:57:53+00:00,2026-01-06 05:00:51.222578+00:00,773.0,3223.881,3223.72,3224.21,ETH
2026-01-06 04:57:54+00:00,2026-01-06 05:00:52.229142+00:00,774.0,3223.621,3223.51,3223.9,ETH
2026-01-06 04:57:55+00:00,2026-01-06 05:00:53.232692+00:00,775.0,3223.281,3223.25,3223.58,ETH
2026-01-06 04:57:56+00:00,2026-01-06 05:00:54.259633+00:00,776.0,3223.211,3223.05,3223.55,ETH
2026-01-06 04:57:57+00:00,2026-01-06 05:00:55.280242+00:00,777.0,3223.211,3222.94,3223.53,ETH
2026-01-06 04:57:58+00:00,2026-01-06 05:00:56.263017+00:00,778.0,3223.211,3222.93,3223.46,ETH
2026-01-06 04:57:59+00:00,2026-01-06 05:00:57.293612+00:00,779.0,3223.241,3222.93,3223.42,ETH
2026-01-06 04:58:00+00:00,2026-01-06 05:00:58.286311+00:00,780.0,3223.311,3222.97,3223.47,ETH
2026-01-06 04:58:01+00:00,2026-01-06 05:00:59.281591+00:00,781.0,3223.351,3223.01,3223.49,ETH
2026-01-06 04:58:02+00:00,2026-01-06 05:01:00.295457+00:00,782.0,3223.351,3223.01,3223.48,ETH
2026-01-06 04:58:03+00:00,2026-01-06 05:01:01.317362+00:00,783.0,3223.351,3223.01,3223.47,ETH
2026-01-06 04:58:04+00:00,2026-01-06 05:01:02.297453+00:00,784.0,3223.351,3223.01,3223.39,ETH
2026-01-06 04:58:05+00:00,2026-01-06 05:01:03.301897+00:00,785.0,3223.351,3223.01,3223.42,ETH
2026-01-06 04:58:06+00:00,2026-01-06 05:01:04.312622+00:00,786.0,3223.341,3223.0,3223.38,ETH
2026-01-06 04:58:07+00:00,2026-01-06 05:01:05.313419+00:00,787.0,3223.331,3222.98,3223.4,ETH
2026-01-06 04:58:08+00:00,2026-01-06 05:01:06.328420+00:00,788.0,3223.331,3222.97,3223.41,ETH
2026-01-06 04:58:09+00:00,2026-01-06 05:01:07.325143+00:00,789.0,3223.331,3222.97,3223.41,ETH
2026-01-06 04:58:10+00:00,2026-01-06 05:01:08.362257+00:00,790.0,3223.301,3222.94,3223.42,ETH
2026-01-06 04:58:11+00:00,2026-01-06 05:01:09.361738+00:00,791.0,3223.291,3222.91,3223.39,ETH
2026-01-06 04:58:12+00:00,2026-01-06 05:01:10.370534+00:00,792.0,3223.291,3222.92,3223.39,ETH
2026-01-06 04:58:13+00:00,2026-01-06 05:01:11.373506+00:00,793.0,3223.291,3222.92,3223.41,ETH
2026-01-06 04:58:14+00:00,2026-01-06 05:01:12.387589+00:00,794.0,3223.291,3222.92,3223.39,ETH
2026-01-06 04:58:15+00:00,2026-01-06 05:01:13.391044+00:00,795.0,3223.291,3222.92,3223.44,ETH
2026-01-06 04:58:16+00:00,2026-01-06 05:01:14.396136+00:00,796.0,3223.291,3222.92,3223.4,ETH
2026-01-06 04:58:17+00:00,2026-01-06 05:01:15.396117+00:00,797.0,3223.291,3222.92,3223.44,ETH
2026-01-06 04:58:18+00:00,2026-01-06 05:01:16.379605+00:00,798.0,3223.301,3222.93,3223.47,ETH
2026-01-06 04:58:19+00:00,2026-01-06 05:01:17.377302+00:00,799.0,3223.301,3222.93,3223.45,ETH
2026-01-06 04:58:20+00:00,2026-01-06 05:01:18.376385+00:00,800.0,3223.301,3222.93,3223.41,ETH
2026-01-06 04:58:21+00:00,2026-01-06 05:01:19.391495+00:00,801.0,3223.301,3222.93,3223.41,ETH
2026-01-06 04:58:22+00:00,2026-01-06 05:01:20.396501+00:00,802.0,3223.221,3223.0,3223.45,ETH
2026-01-06 04:58:23+00:00,2026-01-06 05:01:21.393289+00:00,803.0,3223.311,3223.0,3223.45,ETH
2026-01-06 04:58:24+00:00,2026-01-06 05:01:22.429921+00:00,804.0,3223.321,3222.97,3223.45,ETH
2026-01-06 04:58:25+00:00,2026-01-06 05:01:23.457914+00:00,805.0,3223.321,3222.97,3223.42,ETH
2026-01-06 04:58:26+00:00,2026-01-06 05:01:24.425258+00:00,806.0,3223.321,3222.97,3223.4,ETH
2026-01-06 04:58:27+00:00,2026-01-06 05:01:25.427629+00:00,807.0,3223.321,3222.97,3223.52,ETH
2026-01-06 04:58:28+00:00,2026-01-06 05:01:26.440575+00:00,808.0,3223.321,3222.97,3223.47,ETH
2026-01-06 04:58:29+00:00,2026-01-06 05:01:27.446661+00:00,809.0,3223.311,3222.95,3223.44,ETH
2026-01-06 04:58:30+00:00,2026-01-06 05:01:28.456432+00:00,810.0,3222.711,3222.67,3223.02,ETH
2026-01-06 04:58:31+00:00,2026-01-06 05:01:29.458923+00:00,811.0,3222.711,3222.66,3223.02,ETH
2026-01-06 04:58:32+00:00,2026-01-06 05:01:30.479661+00:00,812.0,3222.701,3222.46,3222.96,ETH
2026-01-06 04:58:33+00:00,2026-01-06 05:01:31.492461+00:00,813.0,3222.701,3222.47,3222.97,ETH
2026-01-06 04:58:34+00:00,2026-01-06 05:01:32.473322+00:00,814.0,3222.701,3222.47,3223.0,ETH
2026-01-06 04:58:35+00:00,2026-01-06 05:01:33.484679+00:00,815.0,3222.701,3222.47,3222.99,ETH
2026-01-06 04:58:36+00:00,2026-01-06 05:01:34.482775+00:00,816.0,3222.701,3222.47,3222.99,ETH
2026-01-06 04:58:37+00:00,2026-01-06 05:01:35.480181+00:00,817.0,3222.701,3222.47,3222.98,ETH
2026-01-06 04:58:38+00:00,2026-01-06 05:01:36.482914+00:00,818.0,3222.701,3222.47,3223.01,ETH
2026-01-06 04:58:39+00:00,2026-01-06 05:01:37.479435+00:00,819.0,3222.701,3222.47,3222.92,ETH
2026-01-06 04:58:40+00:00,2026-01-06 05:01:38.470325+00:00,820.0,3222.581,3222.44,3222.82,ETH
2026-01-06 04:58:41+00:00,2026-01-06 05:01:39.486478+00:00,821.0,3222.591,3222.46,3222.83,ETH
2026-01-06 04:58:42+00:00,2026-01-06 05:01:40.477246+00:00,822.0,3222.591,3222.46,3222.9,ETH
2026-01-06 04:58:43+00:00,2026-01-06 05:01:41.493007+00:00,823.0,3222.581,3222.41,3222.95,ETH
2026-01-06 04:58:44+00:00,2026-01-06 05:01:42.475024+00:00,824.0,3222.581,3222.41,3222.94,ETH
2026-01-06 04:58:45+00:00,2026-01-06 05:01:43.473805+00:00,825.0,3222.581,3222.41,3222.94,ETH
2026-01-06 04:58:46+00:00,2026-01-06 05:01:44.475564+00:00,826.0,3222.581,3222.46,3222.81,ETH
2026-01-06 04:58:47+00:00,2026-01-06 05:01:45.473882+00:00,827.0,3222.581,3222.46,3222.81,ETH
2026-01-06 04:58:48+00:00,2026-01-06 05:01:46.478601+00:00,828.0,3222.631,3222.46,3222.79,ETH
2026-01-06 04:58:49+00:00,2026-01-06 05:01:47.490659+00:00,829.0,3222.581,3222.46,3223.14,ETH
2026-01-06 04:58:50+00:00,2026-01-06 05:01:48.492910+00:00,830.0,3222.581,3222.42,3222.99,ETH
2026-01-06 04:58:51+00:00,2026-01-06 05:01:50.497003+00:00,831.0,3222.581,3222.33,3222.82,ETH
2026-01-06 04:58:52+00:00,2026-01-06 05:01:51.509796+00:00,832.0,3222.571,3222.24,3222.65,ETH
2026-01-06 04:58:53+00:00,2026-01-06 05:01:52.525972+00:00,833.0,3222.571,3222.24,3222.68,ETH
2026-01-06 04:58:54+00:00,2026-01-06 05:01:53.547337+00:00,834.0,3222.571,3222.24,3222.71,ETH
2026-01-06 04:58:55+00:00,2026-01-06 05:01:54.544154+00:00,835.0,3222.571,3222.25,3222.72,ETH
2026-01-06 04:58:56+00:00,2026-01-06 05:01:55.535576+00:00,836.0,3222.571,3222.25,3222.72,ETH
2026-01-06 04:58:57+00:00,2026-01-06 05:01:56.545778+00:00,837.0,3222.571,3222.25,3222.71,ETH
2026-01-06 04:58:58+00:00,2026-01-06 05:01:57.570473+00:00,838.0,3222.561,3222.23,3222.71,ETH
2026-01-06 04:58:59+00:00,2026-01-06 05:01:58.562299+00:00,839.0,3222.411,3222.22,3222.71,ETH
2026-01-06 04:59:00+00:00,2026-01-06 05:01:59.586246+00:00,840.0,3222.181,3222.12,3222.51,ETH
2026-01-06 04:59:01+00:00,2026-01-06 05:02:00.585942+00:00,841.0,3221.801,3221.72,3222.07,ETH
2026-01-06 04:59:02+00:00,2026-01-06 05:02:01.604118+00:00,842.0,3221.431,3221.36,3221.78,ETH
2026-01-06 04:59:03+00:00,2026-01-06 05:02:02.604088+00:00,843.0,3221.351,3221.2,3221.66,ETH
2026-01-06 04:59:04+00:00,2026-01-06 05:02:03.604257+00:00,844.0,3221.351,3221.12,3221.65,ETH
2026-01-06 04:59:05+00:00,2026-01-06 05:02:04.623450+00:00,845.0,3221.341,3221.14,3221.74,ETH
2026-01-06 04:59:06+00:00,2026-01-06 05:02:05.624620+00:00,846.0,3221.321,3221.15,3221.79,ETH
2026-01-06 04:59:07+00:00,2026-01-06 05:02:06.638570+00:00,847.0,3221.311,3221.14,3221.76,ETH
2026-01-06 04:59:09+00:00,2026-01-06 05:02:07.693131+00:00,849.0,3221.311,3221.11,3221.75,ETH
2026-01-06 04:59:10+00:00,2026-01-06 05:02:08.729069+00:00,850.0,3221.311,3221.11,3221.66,ETH
2026-01-06 04:59:11+00:00,2026-01-06 05:02:09.696117+00:00,851.0,3221.831,3221.56,3221.84,ETH
2026-01-06 04:59:12+00:00,2026-01-06 05:02:10.695035+00:00,852.0,3221.831,3221.59,3222.11,ETH
2026-01-06 04:59:13+00:00,2026-01-06 05:02:11.704566+00:00,853.0,3221.971,3221.63,3222.15,ETH
2026-01-06 04:59:14+00:00,2026-01-06 05:02:12.706186+00:00,854.0,3222.031,3221.87,3222.43,ETH
2026-01-06 04:59:15+00:00,2026-01-06 05:02:14.685665+00:00,855.0,3222.371,3222.14,3222.76,ETH
2026-01-06 04:59:16+00:00,2026-01-06 05:02:15.703688+00:00,856.0,3222.611,3222.43,3222.95,ETH
2026-01-06 04:59:17+00:00,2026-01-06 05:02:16.694441+00:00,857.0,3222.851,3222.7,3223.13,ETH
2026-01-06 04:59:18+00:00,2026-01-06 05:02:17.700418+00:00,858.0,3222.861,3222.72,3223.14,ETH
2026-01-06 04:59:19+00:00,2026-01-06 05:02:18.719357+00:00,859.0,3223.291,3222.97,3223.47,ETH
2026-01-06 04:59:20+00:00,2026-01-06 05:02:19.714294+00:00,860.0,3223.761,3223.5,3223.9,ETH
2026-01-06 04:59:22+00:00,2026-01-06 05:02:20.756285+00:00,862.0,3223.891,3223.76,3224.0,ETH
2026-01-06 04:59:23+00:00,2026-01-06 05:02:21.774538+00:00,863.0,3223.911,3223.76,3224.04,ETH
2026-01-06 04:59:24+00:00,2026-01-06 05:02:22.790574+00:00,864.0,3223.911,3223.76,3224.32,ETH
2026-01-06 04:59:25+00:00,2026-01-06 05:02:23.792449+00:00,865.0,3223.881,3223.76,3224.38,ETH
2026-01-06 04:59:26+00:00,2026-01-06 05:02:24.774460+00:00,866.0,3223.901,3223.76,3224.38,ETH
2026-01-06 04:59:27+00:00,2026-01-06 05:02:25.793746+00:00,867.0,3223.911,3223.77,3224.38,ETH
2026-01-06 04:59:28+00:00,2026-01-06 05:02:26.780594+00:00,868.0,3223.911,3223.77,3224.38,ETH
2026-01-06 04:59:29+00:00,2026-01-06 05:02:27.781353+00:00,869.0,3223.901,3223.77,3224.38,ETH
2026-01-06 04:59:30+00:00,2026-01-06 05:02:28.811367+00:00,870.0,3224.071,3223.99,3224.49,ETH
2026-01-06 04:59:31+00:00,2026-01-06 05:02:29.808548+00:00,871.0,3224.031,3223.99,3224.55,ETH
2026-01-06 04:59:32+00:00,2026-01-06 05:02:30.841627+00:00,872.0,3224.011,3223.93,3224.57,ETH
2026-01-06 04:59:33+00:00,2026-01-06 05:02:31.837476+00:00,873.0,3223.801,3223.78,3224.31,ETH
2026-01-06 04:59:34+00:00,2026-01-06 05:02:32.838390+00:00,874.0,3223.801,3223.78,3224.31,ETH
2026-01-06 04:59:35+00:00,2026-01-06 05:02:33.875035+00:00,875.0,3223.801,3223.78,3224.26,ETH
2026-01-06 04:59:36+00:00,2026-01-06 05:02:34.865245+00:00,876.0,3223.801,3223.78,3224.26,ETH
2026-01-06 04:59:37+00:00,2026-01-06 05:02:35.864034+00:00,877.0,3223.801,3223.78,3224.26,ETH
2026-01-06 04:59:38+00:00,2026-01-06 05:02:36.878370+00:00,878.0,3223.801,3223.78,3224.25,ETH
2026-01-06 04:59:39+00:00,2026-01-06 05:02:37.871152+00:00,879.0,3223.801,3223.78,3224.26,ETH
2026-01-06 04:59:40+00:00,2026-01-06 05:02:39.886804+00:00,880.0,3223.801,3223.71,3224.26,ETH
2026-01-06 04:59:41+00:00,2026-01-06 05:02:40.906263+00:00,881.0,3223.951,3223.68,3224.25,ETH
2026-01-06 04:59:42+00:00,2026-01-06 05:02:41.903923+00:00,882.0,3224.161,3223.74,3224.4,ETH
2026-01-06 04:59:43+00:00,2026-01-06 05:02:42.926431+00:00,883.0,3224.221,3223.84,3224.55,ETH
2026-01-06 04:59:44+00:00,2026-01-06 05:02:43.924045+00:00,884.0,3224.221,3223.86,3224.57,ETH
2026-01-06 04:59:45+00:00,2026-01-06 05:02:44.929751+00:00,885.0,3224.221,3223.87,3224.6,ETH
2026-01-06 04:59:46+00:00,2026-01-06 05:02:45.920559+00:00,886.0,3224.601,3224.25,3224.84,ETH
2026-01-06 04:59:47+00:00,2026-01-06 05:02:46.939990+00:00,887.0,3224.991,3224.64,3225.12,ETH
2026-01-06 04:59:48+00:00,2026-01-06 05:02:47.987991+00:00,888.0,3224.961,3224.67,3225.27,ETH
2026-01-06 04:59:49+00:00,2026-01-06 05:02:48.973523+00:00,889.0,3224.911,3224.66,3225.32,ETH
2026-01-06 04:59:50+00:00,2026-01-06 05:02:49.985888+00:00,890.0,3224.901,3224.66,3225.28,ETH
2026-01-06 04:59:51+00:00,2026-01-06 05:02:50.969763+00:00,891.0,3224.901,3224.66,3225.28,ETH
2026-01-06 04:59:52+00:00,2026-01-06 05:02:51.995488+00:00,892.0,3224.901,3224.66,3225.28,ETH
2026-01-06 04:59:53+00:00,2026-01-06 05:02:53.000248+00:00,893.0,3224.901,3224.66,3225.22,ETH
2026-01-06 04:59:54+00:00,2026-01-06 05:02:53.989796+00:00,894.0,3225.011,3224.85,3225.29,ETH
2026-01-06 04:59:55+00:00,2026-01-06 05:02:54.988308+00:00,895.0,3225.121,3225.03,3225.48,ETH
2026-01-06 04:59:56+00:00,2026-01-06 05:02:55.991664+00:00,896.0,3225.121,3225.02,3225.57,ETH
2026-01-06 04:59:57+00:00,2026-01-06 05:02:56.986358+00:00,897.0,3225.121,3225.01,3225.63,ETH
2026-01-06 04:59:58+00:00,2026-01-06 05:02:57.986675+00:00,898.0,3225.162,3225.01,3225.66,ETH
2026-01-06 04:59:59+00:00,2026-01-06 05:02:58.995141+00:00,899.0,3225.202,3225.02,3225.66,ETH
