timestamp,collected_at,seconds,up_mid,up_best_bid,up_best_ask,down_mid,down_best_bid,down_best_ask,up_best_bid_size,up_best_ask_size,down_best_bid_size,down_best_ask_size
2026-01-06 04:45:00.917000+00:00,2026-01-06 04:45:01.166392+00:00,0.917,0.535,0.52,0.55,0.4649999999999999,0.45,0.48,,,,
2026-01-06 04:45:01.912000+00:00,2026-01-06 04:45:02.167187+00:00,1.912,0.54,0.53,0.55,0.44,0.43,0.45,,,,
2026-01-06 04:45:03.144000+00:00,2026-01-06 04:45:03.183471+00:00,3.144,0.54,0.53,0.55,0.4499999999999999,0.43,0.47,,,,
2026-01-06 04:45:04.097000+00:00,2026-01-06 04:45:04.183848+00:00,4.097,0.525,0.52,0.53,0.475,0.47,0.48,,,,
2026-01-06 04:45:05.135000+00:00,2026-01-06 04:45:05.183668+00:00,5.135,0.515,0.51,0.52,0.485,0.48,0.49,,,,
2026-01-06 04:45:06.117000+00:00,2026-01-06 04:45:06.188568+00:00,6.117,0.515,0.51,0.52,0.485,0.48,0.49,,,,
2026-01-06 04:45:07.951000+00:00,2026-01-06 04:45:08.187209+00:00,7.951,0.505,0.5,0.51,0.495,0.49,0.5,,,,
2026-01-06 04:45:09.051000+00:00,2026-01-06 04:45:09.199799+00:00,9.051,0.505,0.5,0.51,0.495,0.49,0.5,,,,
2026-01-06 04:45:10.047000+00:00,2026-01-06 04:45:10.198596+00:00,10.047,0.505,0.5,0.51,0.495,0.49,0.5,,,,
2026-01-06 04:45:11.936000+00:00,2026-01-06 04:45:12.217285+00:00,11.936,0.505,0.5,0.51,0.495,0.49,0.5,,,,
2026-01-06 04:45:12.865000+00:00,2026-01-06 04:45:13.232226+00:00,12.865,0.505,0.5,0.51,0.495,0.49,0.5,,,,
2026-01-06 04:45:14.149000+00:00,2026-01-06 04:45:14.238598+00:00,14.149,0.505,0.5,0.51,0.495,0.49,0.5,,,,
2026-01-06 04:45:15.998000+00:00,2026-01-06 04:45:16.252057+00:00,15.998,0.505,0.5,0.51,0.495,0.49,0.5,,,,
2026-01-06 04:45:17.729000+00:00,2026-01-06 04:45:18.258756+00:00,17.729,0.505,0.5,0.51,0.495,0.49,0.5,,,,
2026-01-06 04:45:19.165000+00:00,2026-01-06 04:45:19.262946+00:00,19.165,0.51,0.5,0.52,0.49,0.48,0.5,,,,
2026-01-06 04:45:20.666000+00:00,2026-01-06 04:45:21.290759+00:00,20.666,0.505,0.5,0.51,0.495,0.49,0.5,,,,
2026-01-06 04:45:22.234000+00:00,2026-01-06 04:45:22.285547+00:00,22.234,0.505,0.5,0.51,0.495,0.49,0.5,,,,
2026-01-06 04:45:23.234000+00:00,2026-01-06 04:45:23.295262+00:00,23.234,0.455,0.45,0.46,0.545,0.54,0.55,,,,
2026-01-06 04:45:24.242000+00:00,2026-01-06 04:45:24.309177+00:00,24.242,0.45,0.44,0.46,0.545,0.54,0.55,,,,
2026-01-06 04:45:25.173000+00:00,2026-01-06 04:45:25.308856+00:00,25.173,0.445,0.44,0.45,0.555,0.55,0.56,,,,
2026-01-06 04:45:26.237000+00:00,2026-01-06 04:45:26.311939+00:00,26.237,0.455,0.45,0.46,0.545,0.54,0.55,,,,
2026-01-06 04:45:27.241000+00:00,2026-01-06 04:45:27.308217+00:00,27.241,0.445,0.44,0.45,0.555,0.55,0.56,,,,
2026-01-06 04:45:28.180000+00:00,2026-01-06 04:45:28.320987+00:00,28.18,0.455,0.45,0.46,0.545,0.54,0.55,,,,
2026-01-06 04:45:29.245000+00:00,2026-01-06 04:45:29.317617+00:00,29.245,0.4599999999999999,0.45,0.47,0.54,0.53,0.55,,,,
2026-01-06 04:45:30.259000+00:00,2026-01-06 04:45:30.325346+00:00,30.259,0.445,0.44,0.45,0.555,0.55,0.56,,,,
2026-01-06 04:45:31.254000+00:00,2026-01-06 04:45:31.325279+00:00,31.254,0.445,0.44,0.45,0.555,0.55,0.56,,,,
2026-01-06 04:45:32.940000+00:00,2026-01-06 04:45:33.324651+00:00,32.94,0.45,0.44,0.46,0.55,0.54,0.56,,,,
2026-01-06 04:45:34.260000+00:00,2026-01-06 04:45:34.325219+00:00,34.26,0.45,0.44,0.46,0.55,0.54,0.56,,,,
2026-01-06 04:45:35.142000+00:00,2026-01-06 04:45:35.328208+00:00,35.142,0.45,0.44,0.46,0.55,0.54,0.56,,,,
2026-01-06 04:45:36.190000+00:00,2026-01-06 04:45:36.345170+00:00,36.19,0.45,0.44,0.46,0.55,0.54,0.56,,,,
2026-01-06 04:45:37.253000+00:00,2026-01-06 04:45:37.340290+00:00,37.253,0.43,0.42,0.44,0.5700000000000001,0.56,0.58,,,,
2026-01-06 04:45:38.252000+00:00,2026-01-06 04:45:38.334306+00:00,38.252,0.435,0.43,0.44,0.565,0.56,0.57,,,,
2026-01-06 04:45:39.997000+00:00,2026-01-06 04:45:40.350260+00:00,39.997,0.44,0.43,0.45,0.56,0.55,0.57,,,,
2026-01-06 04:45:41.029000+00:00,2026-01-06 04:45:41.349657+00:00,41.029,0.44,0.43,0.45,0.56,0.55,0.57,,,,
2026-01-06 04:45:42.306000+00:00,2026-01-06 04:45:42.366012+00:00,42.306,0.4599999999999999,0.45,0.47,0.535,0.53,0.54,,,,
2026-01-06 04:45:43.135000+00:00,2026-01-06 04:45:43.377117+00:00,43.135,0.4649999999999999,0.46,0.47,0.535,0.53,0.54,,,,
2026-01-06 04:45:44.313000+00:00,2026-01-06 04:45:44.383895+00:00,44.313,0.475,0.47,0.48,0.535,0.53,0.54,,,,
2026-01-06 04:45:45.312000+00:00,2026-01-06 04:45:45.391354+00:00,45.312,0.4649999999999999,0.46,0.47,0.535,0.53,0.54,,,,
2026-01-06 04:45:46.331000+00:00,2026-01-06 04:45:46.402619+00:00,46.331,0.4649999999999999,0.46,0.47,0.535,0.53,0.54,,,,
2026-01-06 04:45:47.724000+00:00,2026-01-06 04:45:48.398875+00:00,47.724,0.4549999999999999,0.44,0.47,0.545,0.53,0.56,,,,
2026-01-06 04:45:49.312000+00:00,2026-01-06 04:45:49.389327+00:00,49.312,0.4549999999999999,0.44,0.47,0.545,0.53,0.56,,,,
2026-01-06 04:45:50.317000+00:00,2026-01-06 04:45:50.404369+00:00,50.317,0.4549999999999999,0.44,0.47,0.545,0.53,0.56,,,,
2026-01-06 04:45:51.267000+00:00,2026-01-06 04:45:51.406942+00:00,51.267,0.4549999999999999,0.44,0.47,0.55,0.54,0.56,,,,
2026-01-06 04:45:52.104000+00:00,2026-01-06 04:45:52.415871+00:00,52.104,0.45,0.44,0.46,0.55,0.54,0.56,,,,
2026-01-06 04:45:53.157000+00:00,2026-01-06 04:45:53.417112+00:00,53.157,0.445,0.43,0.46,0.5549999999999999,0.54,0.57,,,,
2026-01-06 04:45:54.300000+00:00,2026-01-06 04:45:54.416442+00:00,54.3,0.445,0.43,0.46,0.5549999999999999,0.54,0.57,,,,
2026-01-06 04:45:55.212000+00:00,2026-01-06 04:45:55.416690+00:00,55.212,0.445,0.43,0.46,0.5549999999999999,0.54,0.57,,,,
2026-01-06 04:45:56.366000+00:00,2026-01-06 04:45:56.430770+00:00,56.366,0.415,0.41,0.42,0.585,0.58,0.59,,,,
2026-01-06 04:45:57.353000+00:00,2026-01-06 04:45:57.453136+00:00,57.353,0.385,0.38,0.39,0.61,0.6,0.62,,,,
2026-01-06 04:45:58.403000+00:00,2026-01-06 04:45:58.456788+00:00,58.403,0.395,0.39,0.4,0.59,0.58,0.6,,,,
2026-01-06 04:45:59.327000+00:00,2026-01-06 04:45:59.465587+00:00,59.327,0.415,0.41,0.42,0.58,0.57,0.59,,,,
2026-01-06 04:46:00.412000+00:00,2026-01-06 04:46:00.465291+00:00,60.412,0.425,0.42,0.43,0.575,0.57,0.58,,,,
2026-01-06 04:46:01.396000+00:00,2026-01-06 04:46:01.475953+00:00,61.396,0.4649999999999999,0.46,0.47,0.545,0.54,0.55,,,,
2026-01-06 04:46:02.397000+00:00,2026-01-06 04:46:02.476439+00:00,62.397,0.4599999999999999,0.45,0.47,0.54,0.53,0.55,,,,
2026-01-06 04:46:03.390000+00:00,2026-01-06 04:46:03.482420+00:00,63.39,0.4649999999999999,0.46,0.47,0.535,0.53,0.54,,,,
2026-01-06 04:46:04.393000+00:00,2026-01-06 04:46:04.488686+00:00,64.393,0.47,0.46,0.48,0.53,0.52,0.54,,,,
2026-01-06 04:46:05.438000+00:00,2026-01-06 04:46:05.506728+00:00,65.438,0.48,0.47,0.49,0.52,0.51,0.53,,,,
2026-01-06 04:46:06.442000+00:00,2026-01-06 04:46:06.515300+00:00,66.442,0.485,0.48,0.49,0.535,0.53,0.54,,,,
2026-01-06 04:46:07.436000+00:00,2026-01-06 04:46:07.523445+00:00,67.436,0.4649999999999999,0.46,0.47,0.535,0.53,0.54,,,,
2026-01-06 04:46:08.435000+00:00,2026-01-06 04:46:08.533441+00:00,68.435,0.4649999999999999,0.46,0.47,0.535,0.53,0.54,,,,
2026-01-06 04:46:09.443000+00:00,2026-01-06 04:46:09.540366+00:00,69.443,0.4649999999999999,0.46,0.47,0.535,0.53,0.54,,,,
2026-01-06 04:46:10.439000+00:00,2026-01-06 04:46:10.532050+00:00,70.439,0.4649999999999999,0.46,0.47,0.53,0.52,0.54,,,,
2026-01-06 04:46:11.360000+00:00,2026-01-06 04:46:11.548476+00:00,71.36,0.4649999999999999,0.46,0.47,0.535,0.53,0.54,,,,
2026-01-06 04:46:12.483000+00:00,2026-01-06 04:46:12.548868+00:00,72.483,0.4649999999999999,0.46,0.47,0.535,0.53,0.54,,,,
2026-01-06 04:46:13.502000+00:00,2026-01-06 04:46:13.565398+00:00,73.502,0.4649999999999999,0.46,0.47,0.535,0.53,0.54,,,,
2026-01-06 04:46:14.501000+00:00,2026-01-06 04:46:14.571933+00:00,74.501,0.4649999999999999,0.46,0.47,0.535,0.53,0.54,,,,
2026-01-06 04:46:15.474000+00:00,2026-01-06 04:46:15.572207+00:00,75.474,0.4649999999999999,0.46,0.47,0.545,0.54,0.55,,,,
2026-01-06 04:46:16.503000+00:00,2026-01-06 04:46:16.587191+00:00,76.503,0.455,0.45,0.46,0.54,0.53,0.55,,,,
2026-01-06 04:46:17.415000+00:00,2026-01-06 04:46:17.588347+00:00,77.415,0.4599999999999999,0.45,0.47,0.535,0.53,0.54,,,,
2026-01-06 04:46:18.202000+00:00,2026-01-06 04:46:18.588510+00:00,78.202,0.4599999999999999,0.45,0.47,0.54,0.53,0.55,,,,
2026-01-06 04:46:19.489000+00:00,2026-01-06 04:46:19.600784+00:00,79.489,0.4599999999999999,0.45,0.47,0.54,0.53,0.55,,,,
2026-01-06 04:46:20.482000+00:00,2026-01-06 04:46:20.597446+00:00,80.482,0.4599999999999999,0.45,0.47,0.54,0.53,0.55,,,,
2026-01-06 04:46:21.626000+00:00,2026-01-06 04:46:21.613274+00:00,81.626,0.455,0.45,0.46,0.545,0.54,0.55,,,,
2026-01-06 04:46:22.546000+00:00,2026-01-06 04:46:22.609080+00:00,82.546,0.455,0.45,0.46,0.545,0.54,0.55,,,,
2026-01-06 04:46:23.401000+00:00,2026-01-06 04:46:23.613750+00:00,83.401,0.455,0.45,0.46,0.545,0.54,0.55,,,,
2026-01-06 04:46:24.547000+00:00,2026-01-06 04:46:24.631558+00:00,84.547,0.455,0.45,0.46,0.545,0.54,0.55,,,,
2026-01-06 04:46:25.218000+00:00,2026-01-06 04:46:25.636893+00:00,85.218,0.455,0.45,0.46,0.545,0.54,0.55,,,,
2026-01-06 04:46:26.454000+00:00,2026-01-06 04:46:26.646682+00:00,86.454,0.455,0.45,0.46,0.545,0.54,0.55,,,,
2026-01-06 04:46:27.548000+00:00,2026-01-06 04:46:27.647142+00:00,87.548,0.4599999999999999,0.45,0.47,0.54,0.53,0.55,,,,
2026-01-06 04:46:28.292000+00:00,2026-01-06 04:46:28.663794+00:00,88.292,0.4599999999999999,0.45,0.47,0.54,0.53,0.55,,,,
2026-01-06 04:46:29.621000+00:00,2026-01-06 04:46:29.679648+00:00,89.621,0.47,0.46,0.48,0.51,0.5,0.52,,,,
2026-01-06 04:46:30.570000+00:00,2026-01-06 04:46:30.682074+00:00,90.57,0.49,0.48,0.5,0.5,0.49,0.51,,,,
2026-01-06 04:46:31.595000+00:00,2026-01-06 04:46:31.696722+00:00,91.595,0.5,0.49,0.51,0.5,0.49,0.51,,,,
2026-01-06 04:46:32.478000+00:00,2026-01-06 04:46:32.698696+00:00,92.478,0.5,0.49,0.51,0.5,0.49,0.51,,,,
2026-01-06 04:46:33.456000+00:00,2026-01-06 04:46:33.712429+00:00,93.456,0.5,0.49,0.51,0.5,0.49,0.51,,,,
2026-01-06 04:46:34.633000+00:00,2026-01-06 04:46:34.728090+00:00,94.633,0.5,0.49,0.51,0.5,0.49,0.51,,,,
2026-01-06 04:46:35.523000+00:00,2026-01-06 04:46:35.739860+00:00,95.523,0.5,0.49,0.51,0.5,0.49,0.51,,,,
2026-01-06 04:46:36.683000+00:00,2026-01-06 04:46:36.746620+00:00,96.683,0.505,0.5,0.51,0.495,0.49,0.5,,,,
2026-01-06 04:46:37.564000+00:00,2026-01-06 04:46:37.746274+00:00,97.564,0.505,0.5,0.51,0.495,0.49,0.5,,,,
2026-01-06 04:46:38.647000+00:00,2026-01-06 04:46:38.754113+00:00,98.647,0.505,0.5,0.51,0.495,0.49,0.5,,,,
2026-01-06 04:46:39.695000+00:00,2026-01-06 04:46:39.757375+00:00,99.695,0.43,0.4,0.46,0.565,0.56,0.57,,,,
2026-01-06 04:46:40.695000+00:00,2026-01-06 04:46:40.759997+00:00,100.695,0.42,0.41,0.43,0.58,0.57,0.59,,,,
2026-01-06 04:46:41.699000+00:00,2026-01-06 04:46:41.762675+00:00,101.699,0.42,0.41,0.43,0.575,0.57,0.58,,,,
2026-01-06 04:46:42.622000+00:00,2026-01-06 04:46:42.767539+00:00,102.622,0.425,0.42,0.43,0.575,0.57,0.58,,,,
2026-01-06 04:46:43.675000+00:00,2026-01-06 04:46:43.777074+00:00,103.675,0.42,0.41,0.43,0.58,0.57,0.59,,,,
2026-01-06 04:46:44.279000+00:00,2026-01-06 04:46:44.782135+00:00,104.279,0.42,0.41,0.43,0.575,0.57,0.58,,,,
2026-01-06 04:46:45.708000+00:00,2026-01-06 04:46:45.796978+00:00,105.708,0.425,0.42,0.43,0.575,0.57,0.58,,,,
2026-01-06 04:46:46.608000+00:00,2026-01-06 04:46:46.808559+00:00,106.608,0.425,0.42,0.43,0.575,0.57,0.58,,,,
2026-01-06 04:46:47.362000+00:00,2026-01-06 04:46:47.814181+00:00,107.362,0.425,0.42,0.43,0.575,0.57,0.58,,,,
2026-01-06 04:46:48.743000+00:00,2026-01-06 04:46:48.820643+00:00,108.743,0.425,0.42,0.43,0.575,0.57,0.58,,,,
2026-01-06 04:46:49.651000+00:00,2026-01-06 04:46:49.822227+00:00,109.651,0.425,0.42,0.43,0.575,0.57,0.58,,,,
2026-01-06 04:46:50.261000+00:00,2026-01-06 04:46:50.833903+00:00,110.261,0.425,0.42,0.43,0.575,0.57,0.58,,,,
2026-01-06 04:46:51.522000+00:00,2026-01-06 04:46:51.821598+00:00,111.522,0.425,0.42,0.43,0.575,0.57,0.58,,,,
2026-01-06 04:46:52.755000+00:00,2026-01-06 04:46:52.836516+00:00,112.755,0.425,0.42,0.43,0.575,0.57,0.58,,,,
2026-01-06 04:46:53.517000+00:00,2026-01-06 04:46:53.856056+00:00,113.517,0.425,0.42,0.43,0.575,0.57,0.58,,,,
2026-01-06 04:46:54.434000+00:00,2026-01-06 04:46:54.847695+00:00,114.434,0.425,0.42,0.43,0.575,0.57,0.58,,,,
2026-01-06 04:46:55.459000+00:00,2026-01-06 04:46:55.846954+00:00,115.459,0.425,0.42,0.43,0.575,0.57,0.58,,,,
2026-01-06 04:46:56.639000+00:00,2026-01-06 04:46:56.854375+00:00,116.639,0.425,0.42,0.43,0.575,0.57,0.58,,,,
2026-01-06 04:46:57.601000+00:00,2026-01-06 04:46:57.862972+00:00,117.601,0.425,0.42,0.43,0.575,0.57,0.58,,,,
2026-01-06 04:46:58.809000+00:00,2026-01-06 04:46:58.857517+00:00,118.809,0.425,0.42,0.43,0.575,0.57,0.58,,,,
2026-01-06 04:46:59.587000+00:00,2026-01-06 04:46:59.872644+00:00,119.587,0.425,0.42,0.43,0.575,0.57,0.58,,,,
2026-01-06 04:47:00.834000+00:00,2026-01-06 04:47:00.890707+00:00,120.834,0.425,0.42,0.43,0.575,0.57,0.58,,,,
2026-01-06 04:47:01.738000+00:00,2026-01-06 04:47:01.880032+00:00,121.738,0.425,0.42,0.43,0.575,0.57,0.58,,,,
2026-01-06 04:47:02.761000+00:00,2026-01-06 04:47:02.897802+00:00,122.761,0.425,0.42,0.43,0.575,0.57,0.58,,,,
2026-01-06 04:47:03.838000+00:00,2026-01-06 04:47:03.902910+00:00,123.838,0.425,0.42,0.43,0.575,0.57,0.58,,,,
2026-01-06 04:47:04.858000+00:00,2026-01-06 04:47:04.913607+00:00,124.858,0.425,0.42,0.43,0.575,0.57,0.58,,,,
2026-01-06 04:47:05.875000+00:00,2026-01-06 04:47:05.941297+00:00,125.875,0.425,0.42,0.43,0.575,0.57,0.58,,,,
2026-01-06 04:47:06.717000+00:00,2026-01-06 04:47:06.947020+00:00,126.717,0.425,0.42,0.43,0.575,0.57,0.58,,,,
2026-01-06 04:47:07.870000+00:00,2026-01-06 04:47:07.941061+00:00,127.87,0.425,0.42,0.43,0.575,0.57,0.58,,,,
2026-01-06 04:47:08.853000+00:00,2026-01-06 04:47:08.947268+00:00,128.853,0.425,0.42,0.43,0.575,0.57,0.58,,,,
2026-01-06 04:47:09.813000+00:00,2026-01-06 04:47:09.946492+00:00,129.813,0.435,0.43,0.44,0.565,0.56,0.57,,,,
2026-01-06 04:47:10.565000+00:00,2026-01-06 04:47:10.956574+00:00,130.565,0.435,0.43,0.44,0.565,0.56,0.57,,,,
2026-01-06 04:47:11.888000+00:00,2026-01-06 04:47:11.964136+00:00,131.888,0.435,0.43,0.44,0.565,0.56,0.57,,,,
2026-01-06 04:47:12.814000+00:00,2026-01-06 04:47:12.979889+00:00,132.814,0.435,0.43,0.44,0.565,0.56,0.57,,,,
2026-01-06 04:47:13.451000+00:00,2026-01-06 04:47:13.974263+00:00,133.451,0.435,0.43,0.44,0.565,0.56,0.57,,,,
2026-01-06 04:47:14.916000+00:00,2026-01-06 04:47:14.978982+00:00,134.916,0.445,0.44,0.45,0.555,0.55,0.56,,,,
2026-01-06 04:47:15.602000+00:00,2026-01-06 04:47:15.979414+00:00,135.602,0.445,0.44,0.45,0.555,0.55,0.56,,,,
2026-01-06 04:47:16.886000+00:00,2026-01-06 04:47:16.979768+00:00,136.886,0.445,0.44,0.45,0.555,0.55,0.56,,,,
2026-01-06 04:47:17.197000+00:00,2026-01-06 04:47:17.996605+00:00,137.197,0.445,0.44,0.45,0.555,0.55,0.56,,,,
2026-01-06 04:47:18.907000+00:00,2026-01-06 04:47:19.012087+00:00,138.907,0.445,0.44,0.45,0.555,0.55,0.56,,,,
2026-01-06 04:47:19.814000+00:00,2026-01-06 04:47:20.018194+00:00,139.814,0.445,0.44,0.45,0.555,0.55,0.56,,,,
2026-01-06 04:47:20.860000+00:00,2026-01-06 04:47:21.021622+00:00,140.86,0.435,0.43,0.44,0.565,0.56,0.57,,,,
2026-01-06 04:47:21.966000+00:00,2026-01-06 04:47:22.038103+00:00,141.966,0.445,0.44,0.45,0.555,0.55,0.56,,,,
2026-01-06 04:47:22.991000+00:00,2026-01-06 04:47:23.063680+00:00,142.991,0.445,0.44,0.45,0.555,0.55,0.56,,,,
2026-01-06 04:47:24.989000+00:00,2026-01-06 04:47:25.078919+00:00,144.989,0.445,0.44,0.45,0.555,0.55,0.56,,,,
2026-01-06 04:47:25.825000+00:00,2026-01-06 04:47:26.085736+00:00,145.825,0.445,0.44,0.45,0.555,0.55,0.56,,,,
2026-01-06 04:47:27.956000+00:00,2026-01-06 04:47:28.096183+00:00,147.956,0.445,0.44,0.45,0.555,0.55,0.56,,,,
2026-01-06 04:47:29.027000+00:00,2026-01-06 04:47:29.114045+00:00,149.027,0.445,0.44,0.45,0.555,0.55,0.56,,,,
2026-01-06 04:47:30.037000+00:00,2026-01-06 04:47:30.130500+00:00,150.037,0.445,0.44,0.45,0.555,0.55,0.56,,,,
2026-01-06 04:47:31.065000+00:00,2026-01-06 04:47:31.127197+00:00,151.065,0.435,0.43,0.44,0.565,0.56,0.57,,,,
2026-01-06 04:47:32.045000+00:00,2026-01-06 04:47:32.128987+00:00,152.045,0.435,0.43,0.44,0.565,0.56,0.57,,,,
2026-01-06 04:47:33.003000+00:00,2026-01-06 04:47:33.144303+00:00,153.003,0.435,0.43,0.44,0.565,0.56,0.57,,,,
2026-01-06 04:47:34.097000+00:00,2026-01-06 04:47:34.162340+00:00,154.097,0.44,0.43,0.45,0.56,0.55,0.57,,,,
2026-01-06 04:47:35.110000+00:00,2026-01-06 04:47:35.160412+00:00,155.11,0.44,0.43,0.45,0.56,0.55,0.57,,,,
2026-01-06 04:47:36.079000+00:00,2026-01-06 04:47:36.162358+00:00,156.079,0.44,0.43,0.45,0.56,0.55,0.57,,,,
2026-01-06 04:47:37.090000+00:00,2026-01-06 04:47:37.162484+00:00,157.09,0.44,0.43,0.45,0.56,0.55,0.57,,,,
2026-01-06 04:47:38.069000+00:00,2026-01-06 04:47:38.177739+00:00,158.069,0.435,0.43,0.44,0.565,0.56,0.57,,,,
2026-01-06 04:47:39.118000+00:00,2026-01-06 04:47:39.182452+00:00,159.118,0.435,0.43,0.44,0.565,0.56,0.57,,,,
2026-01-06 04:47:40.116000+00:00,2026-01-06 04:47:40.193958+00:00,160.116,0.435,0.43,0.44,0.565,0.56,0.57,,,,
2026-01-06 04:47:41.003000+00:00,2026-01-06 04:47:41.205532+00:00,161.003,0.44,0.43,0.45,0.56,0.55,0.57,,,,
2026-01-06 04:47:42.095000+00:00,2026-01-06 04:47:42.219416+00:00,162.095,0.435,0.43,0.44,0.565,0.56,0.57,,,,
2026-01-06 04:47:43.072000+00:00,2026-01-06 04:47:43.233406+00:00,163.072,0.435,0.43,0.44,0.565,0.56,0.57,,,,
2026-01-06 04:47:44.004000+00:00,2026-01-06 04:47:44.244064+00:00,164.004,0.435,0.43,0.44,0.565,0.56,0.57,,,,
2026-01-06 04:47:45.183000+00:00,2026-01-06 04:47:45.246836+00:00,165.183,0.435,0.43,0.44,0.565,0.56,0.57,,,,
2026-01-06 04:47:46.118000+00:00,2026-01-06 04:47:46.249038+00:00,166.118,0.435,0.43,0.44,0.565,0.56,0.57,,,,
2026-01-06 04:47:47.147000+00:00,2026-01-06 04:47:47.247846+00:00,167.147,0.435,0.43,0.44,0.565,0.56,0.57,,,,
2026-01-06 04:47:48.184000+00:00,2026-01-06 04:47:48.259337+00:00,168.184,0.435,0.43,0.44,0.565,0.56,0.57,,,,
2026-01-06 04:47:49.180000+00:00,2026-01-06 04:47:49.266363+00:00,169.18,0.435,0.43,0.44,0.565,0.56,0.57,,,,
2026-01-06 04:47:50.213000+00:00,2026-01-06 04:47:50.278804+00:00,170.213,0.44,0.43,0.45,0.565,0.56,0.57,,,,
2026-01-06 04:47:51.225000+00:00,2026-01-06 04:47:51.289474+00:00,171.225,0.435,0.43,0.44,0.565,0.56,0.57,,,,
2026-01-06 04:47:52.205000+00:00,2026-01-06 04:47:52.294805+00:00,172.205,0.435,0.43,0.44,0.565,0.56,0.57,,,,
2026-01-06 04:47:53.192000+00:00,2026-01-06 04:47:53.302924+00:00,173.192,0.435,0.43,0.44,0.56,0.55,0.57,,,,
2026-01-06 04:47:54.215000+00:00,2026-01-06 04:47:54.321236+00:00,174.215,0.435,0.43,0.44,0.565,0.56,0.57,,,,
2026-01-06 04:47:55.907000+00:00,2026-01-06 04:47:56.344602+00:00,175.907,0.435,0.43,0.44,0.565,0.56,0.57,,,,
2026-01-06 04:47:57.204000+00:00,2026-01-06 04:47:57.351024+00:00,177.204,0.435,0.43,0.44,0.565,0.56,0.57,,,,
2026-01-06 04:47:58.270000+00:00,2026-01-06 04:47:58.361323+00:00,178.27,0.435,0.43,0.44,0.565,0.56,0.57,,,,
2026-01-06 04:47:59.272000+00:00,2026-01-06 04:47:59.366613+00:00,179.272,0.44,0.43,0.45,0.56,0.55,0.57,,,,
2026-01-06 04:48:00.301000+00:00,2026-01-06 04:48:00.366315+00:00,180.301,0.435,0.43,0.44,0.565,0.56,0.57,,,,
2026-01-06 04:48:01.300000+00:00,2026-01-06 04:48:01.377909+00:00,181.3,0.435,0.43,0.44,0.565,0.56,0.57,,,,
2026-01-06 04:48:02.277000+00:00,2026-01-06 04:48:02.383035+00:00,182.277,0.425,0.42,0.43,0.575,0.57,0.58,,,,
2026-01-06 04:48:03.326000+00:00,2026-01-06 04:48:03.397034+00:00,183.326,0.425,0.42,0.43,0.575,0.57,0.58,,,,
2026-01-06 04:48:04.187000+00:00,2026-01-06 04:48:04.394208+00:00,184.187,0.425,0.42,0.43,0.575,0.57,0.58,,,,
2026-01-06 04:48:05.200000+00:00,2026-01-06 04:48:05.401686+00:00,185.2,0.425,0.42,0.43,0.575,0.57,0.58,,,,
2026-01-06 04:48:06.029000+00:00,2026-01-06 04:48:06.402305+00:00,186.029,0.425,0.42,0.43,0.575,0.57,0.58,,,,
2026-01-06 04:48:07.332000+00:00,2026-01-06 04:48:07.410667+00:00,187.332,0.43,0.42,0.44,0.565,0.56,0.57,,,,
2026-01-06 04:48:08.352000+00:00,2026-01-06 04:48:08.417718+00:00,188.352,0.435,0.43,0.44,0.565,0.56,0.57,,,,
2026-01-06 04:48:09.330000+00:00,2026-01-06 04:48:09.427461+00:00,189.33,0.43,0.42,0.44,0.5700000000000001,0.56,0.58,,,,
2026-01-06 04:48:10.265000+00:00,2026-01-06 04:48:10.434288+00:00,190.265,0.435,0.43,0.44,0.565,0.56,0.57,,,,
2026-01-06 04:48:11.341000+00:00,2026-01-06 04:48:11.463032+00:00,191.341,0.435,0.43,0.44,0.565,0.56,0.57,,,,
2026-01-06 04:48:12.410000+00:00,2026-01-06 04:48:12.477409+00:00,192.41,0.43,0.42,0.44,0.5700000000000001,0.56,0.58,,,,
2026-01-06 04:48:13.390000+00:00,2026-01-06 04:48:13.476703+00:00,193.39,0.435,0.43,0.44,0.565,0.56,0.57,,,,
2026-01-06 04:48:14.321000+00:00,2026-01-06 04:48:14.482645+00:00,194.321,0.435,0.43,0.44,0.565,0.56,0.57,,,,
2026-01-06 04:48:15.331000+00:00,2026-01-06 04:48:15.494002+00:00,195.331,0.435,0.43,0.44,0.565,0.56,0.57,,,,
2026-01-06 04:48:16.401000+00:00,2026-01-06 04:48:16.500314+00:00,196.401,0.435,0.43,0.44,0.565,0.56,0.57,,,,
2026-01-06 04:48:17.167000+00:00,2026-01-06 04:48:17.493518+00:00,197.167,0.44,0.43,0.45,0.56,0.55,0.57,,,,
2026-01-06 04:48:18.443000+00:00,2026-01-06 04:48:18.500982+00:00,198.443,0.435,0.43,0.44,0.565,0.56,0.57,,,,
2026-01-06 04:48:19.272000+00:00,2026-01-06 04:48:19.523033+00:00,199.272,0.435,0.43,0.44,0.565,0.56,0.57,,,,
2026-01-06 04:48:20.002000+00:00,2026-01-06 04:48:20.525174+00:00,200.002,0.43,0.42,0.44,0.5700000000000001,0.56,0.58,,,,
2026-01-06 04:48:21.424000+00:00,2026-01-06 04:48:21.532455+00:00,201.424,0.435,0.43,0.44,0.565,0.56,0.57,,,,
2026-01-06 04:48:22.325000+00:00,2026-01-06 04:48:22.543695+00:00,202.325,0.44,0.43,0.45,0.565,0.56,0.57,,,,
2026-01-06 04:48:23.397000+00:00,2026-01-06 04:48:23.558975+00:00,203.397,0.435,0.43,0.44,0.565,0.56,0.57,,,,
2026-01-06 04:48:24.112000+00:00,2026-01-06 04:48:24.582166+00:00,204.112,0.435,0.43,0.44,0.565,0.56,0.57,,,,
2026-01-06 04:48:25.438000+00:00,2026-01-06 04:48:25.584121+00:00,205.438,0.435,0.43,0.44,0.565,0.56,0.57,,,,
2026-01-06 04:48:26.445000+00:00,2026-01-06 04:48:26.594194+00:00,206.445,0.435,0.43,0.44,0.565,0.56,0.57,,,,
2026-01-06 04:48:27.187000+00:00,2026-01-06 04:48:27.595430+00:00,207.187,0.435,0.43,0.44,0.565,0.56,0.57,,,,
2026-01-06 04:48:28.269000+00:00,2026-01-06 04:48:28.595267+00:00,208.269,0.44,0.43,0.45,0.56,0.55,0.57,,,,
2026-01-06 04:48:29.534000+00:00,2026-01-06 04:48:29.609642+00:00,209.534,0.44,0.43,0.45,0.56,0.55,0.57,,,,
2026-01-06 04:48:30.505000+00:00,2026-01-06 04:48:30.609070+00:00,210.505,0.445,0.44,0.45,0.565,0.56,0.57,,,,
2026-01-06 04:48:31.447000+00:00,2026-01-06 04:48:31.626672+00:00,211.447,0.435,0.43,0.44,0.565,0.56,0.57,,,,
2026-01-06 04:48:32.454000+00:00,2026-01-06 04:48:32.638636+00:00,212.454,0.435,0.43,0.44,0.565,0.56,0.57,,,,
2026-01-06 04:48:33.390000+00:00,2026-01-06 04:48:33.642509+00:00,213.39,0.435,0.43,0.44,0.565,0.56,0.57,,,,
2026-01-06 04:48:34.438000+00:00,2026-01-06 04:48:34.664464+00:00,214.438,0.435,0.43,0.44,0.565,0.56,0.57,,,,
2026-01-06 04:48:35.580000+00:00,2026-01-06 04:48:35.675284+00:00,215.58,0.435,0.43,0.44,0.565,0.56,0.57,,,,
2026-01-06 04:48:36.615000+00:00,2026-01-06 04:48:36.690207+00:00,216.615,0.435,0.43,0.44,0.565,0.56,0.57,,,,
2026-01-06 04:48:37.475000+00:00,2026-01-06 04:48:37.692536+00:00,217.475,0.435,0.43,0.44,0.565,0.56,0.57,,,,
2026-01-06 04:48:38.164000+00:00,2026-01-06 04:48:38.705268+00:00,218.164,0.435,0.43,0.44,0.565,0.56,0.57,,,,
2026-01-06 04:48:39.608000+00:00,2026-01-06 04:48:39.693949+00:00,219.608,0.435,0.43,0.44,0.565,0.56,0.57,,,,
2026-01-06 04:48:40.326000+00:00,2026-01-06 04:48:40.708970+00:00,220.326,0.435,0.43,0.44,0.565,0.56,0.57,,,,
2026-01-06 04:48:41.237000+00:00,2026-01-06 04:48:41.731665+00:00,221.237,0.435,0.43,0.44,0.565,0.56,0.57,,,,
2026-01-06 04:48:42.516000+00:00,2026-01-06 04:48:42.734225+00:00,222.516,0.435,0.43,0.44,0.565,0.56,0.57,,,,
2026-01-06 04:48:43.686000+00:00,2026-01-06 04:48:43.751540+00:00,223.686,0.47,0.46,0.48,0.53,0.52,0.54,,,,
2026-01-06 04:48:44.632000+00:00,2026-01-06 04:48:44.759293+00:00,224.632,0.475,0.47,0.48,0.525,0.52,0.53,,,,
2026-01-06 04:48:45.551000+00:00,2026-01-06 04:48:45.759911+00:00,225.551,0.47,0.46,0.48,0.53,0.52,0.54,,,,
2026-01-06 04:48:46.667000+00:00,2026-01-06 04:48:46.767002+00:00,226.667,0.47,0.46,0.48,0.53,0.52,0.54,,,,
2026-01-06 04:48:47.701000+00:00,2026-01-06 04:48:47.766703+00:00,227.701,0.455,0.45,0.46,0.545,0.54,0.55,,,,
2026-01-06 04:48:48.720000+00:00,2026-01-06 04:48:48.785160+00:00,228.72,0.415,0.41,0.42,0.585,0.58,0.59,,,,
2026-01-06 04:48:49.738000+00:00,2026-01-06 04:48:49.800971+00:00,229.738,0.41,0.4,0.42,0.59,0.58,0.6,,,,
2026-01-06 04:48:50.692000+00:00,2026-01-06 04:48:50.819134+00:00,230.692,0.41,0.4,0.42,0.585,0.58,0.59,,,,
2026-01-06 04:48:51.565000+00:00,2026-01-06 04:48:51.832606+00:00,231.565,0.415,0.41,0.42,0.585,0.58,0.59,,,,
2026-01-06 04:48:52.681000+00:00,2026-01-06 04:48:52.842334+00:00,232.681,0.415,0.41,0.42,0.585,0.58,0.59,,,,
2026-01-06 04:48:53.557000+00:00,2026-01-06 04:48:53.849868+00:00,233.557,0.415,0.41,0.42,0.585,0.58,0.59,,,,
2026-01-06 04:48:54.351000+00:00,2026-01-06 04:48:54.843281+00:00,234.351,0.415,0.41,0.42,0.585,0.58,0.59,,,,
2026-01-06 04:48:55.788000+00:00,2026-01-06 04:48:55.850622+00:00,235.788,0.415,0.41,0.42,0.585,0.58,0.59,,,,
2026-01-06 04:48:56.710000+00:00,2026-01-06 04:48:56.861418+00:00,236.71,0.41,0.4,0.42,0.59,0.58,0.6,,,,
2026-01-06 04:48:57.772000+00:00,2026-01-06 04:48:57.858574+00:00,237.772,0.41,0.4,0.42,0.59,0.58,0.6,,,,
2026-01-06 04:48:58.760000+00:00,2026-01-06 04:48:58.870077+00:00,238.76,0.41,0.4,0.42,0.585,0.58,0.59,,,,
2026-01-06 04:48:59.755000+00:00,2026-01-06 04:48:59.871675+00:00,239.755,0.415,0.41,0.42,0.585,0.58,0.59,,,,
2026-01-06 04:49:00.750000+00:00,2026-01-06 04:49:00.884427+00:00,240.75,0.41,0.4,0.42,0.59,0.58,0.6,,,,
2026-01-06 04:49:01.718000+00:00,2026-01-06 04:49:01.885841+00:00,241.718,0.415,0.41,0.42,0.585,0.58,0.59,,,,
2026-01-06 04:49:02.812000+00:00,2026-01-06 04:49:02.886269+00:00,242.812,0.415,0.41,0.42,0.585,0.58,0.59,,,,
2026-01-06 04:49:03.802000+00:00,2026-01-06 04:49:03.891413+00:00,243.802,0.415,0.41,0.42,0.585,0.58,0.59,,,,
2026-01-06 04:49:04.837000+00:00,2026-01-06 04:49:04.901248+00:00,244.837,0.415,0.41,0.42,0.585,0.58,0.59,,,,
2026-01-06 04:49:05.838000+00:00,2026-01-06 04:49:05.908345+00:00,245.838,0.42,0.41,0.43,0.575,0.57,0.58,,,,
2026-01-06 04:49:06.838000+00:00,2026-01-06 04:49:06.909031+00:00,246.838,0.425,0.42,0.43,0.575,0.57,0.58,,,,
2026-01-06 04:49:07.506000+00:00,2026-01-06 04:49:07.925243+00:00,247.506,0.425,0.42,0.43,0.575,0.57,0.58,,,,
2026-01-06 04:49:08.854000+00:00,2026-01-06 04:49:08.929975+00:00,248.854,0.425,0.42,0.43,0.575,0.57,0.58,,,,
2026-01-06 04:49:09.839000+00:00,2026-01-06 04:49:09.938587+00:00,249.839,0.425,0.42,0.43,0.575,0.57,0.58,,,,
2026-01-06 04:49:10.877000+00:00,2026-01-06 04:49:10.946648+00:00,250.877,0.425,0.42,0.43,0.575,0.57,0.58,,,,
2026-01-06 04:49:11.801000+00:00,2026-01-06 04:49:11.950238+00:00,251.801,0.425,0.42,0.43,0.575,0.57,0.58,,,,
2026-01-06 04:49:12.838000+00:00,2026-01-06 04:49:12.949341+00:00,252.838,0.415,0.41,0.42,0.585,0.58,0.59,,,,
2026-01-06 04:49:13.877000+00:00,2026-01-06 04:49:13.966345+00:00,253.877,0.415,0.41,0.42,0.585,0.58,0.59,,,,
2026-01-06 04:49:14.652000+00:00,2026-01-06 04:49:14.969833+00:00,254.652,0.415,0.41,0.42,0.585,0.58,0.59,,,,
2026-01-06 04:49:15.863000+00:00,2026-01-06 04:49:15.975428+00:00,255.863,0.415,0.41,0.42,0.585,0.58,0.59,,,,
2026-01-06 04:49:16.811000+00:00,2026-01-06 04:49:16.978212+00:00,256.811,0.405,0.4,0.41,0.595,0.59,0.6,,,,
2026-01-06 04:49:17.469000+00:00,2026-01-06 04:49:17.984849+00:00,257.469,0.405,0.4,0.41,0.595,0.59,0.6,,,,
2026-01-06 04:49:18.645000+00:00,2026-01-06 04:49:18.998639+00:00,258.645,0.405,0.4,0.41,0.595,0.59,0.6,,,,
2026-01-06 04:49:19.956000+00:00,2026-01-06 04:49:19.999123+00:00,259.956,0.405,0.4,0.41,0.595,0.59,0.6,,,,
2026-01-06 04:49:20.904000+00:00,2026-01-06 04:49:21.004568+00:00,260.904,0.395,0.39,0.4,0.605,0.6,0.61,,,,
2026-01-06 04:49:21.897000+00:00,2026-01-06 04:49:22.001513+00:00,261.897,0.395,0.39,0.4,0.605,0.6,0.61,,,,
2026-01-06 04:49:22.820000+00:00,2026-01-06 04:49:22.999991+00:00,262.82,0.395,0.39,0.4,0.605,0.6,0.61,,,,
2026-01-06 04:49:23.719000+00:00,2026-01-06 04:49:24.016704+00:00,263.719,0.395,0.39,0.4,0.605,0.6,0.61,,,,
2026-01-06 04:49:25.900000+00:00,2026-01-06 04:49:26.030504+00:00,265.9,0.4,0.39,0.41,0.605,0.6,0.61,,,,
2026-01-06 04:49:26.818000+00:00,2026-01-06 04:49:27.031783+00:00,266.818,0.4,0.39,0.41,0.6,0.59,0.61,,,,
2026-01-06 04:49:27.968000+00:00,2026-01-06 04:49:28.034048+00:00,267.968,0.4,0.39,0.41,0.6,0.59,0.61,,,,
2026-01-06 04:49:28.746000+00:00,2026-01-06 04:49:29.041612+00:00,268.746,0.4,0.39,0.41,0.6,0.59,0.61,,,,
2026-01-06 04:49:29.846000+00:00,2026-01-06 04:49:30.057131+00:00,269.846,0.4,0.39,0.41,0.605,0.6,0.61,,,,
2026-01-06 04:49:30.976000+00:00,2026-01-06 04:49:31.057212+00:00,270.976,0.395,0.39,0.4,0.605,0.6,0.61,,,,
2026-01-06 04:49:32.003000+00:00,2026-01-06 04:49:32.072239+00:00,272.003,0.395,0.39,0.4,0.605,0.6,0.61,,,,
2026-01-06 04:49:33.974000+00:00,2026-01-06 04:49:34.061178+00:00,273.974,0.415,0.41,0.42,0.585,0.58,0.59,,,,
2026-01-06 04:49:35.005000+00:00,2026-01-06 04:49:35.073907+00:00,275.005,0.415,0.41,0.42,0.585,0.58,0.59,,,,
2026-01-06 04:49:36.011000+00:00,2026-01-06 04:49:36.065562+00:00,276.011,0.42,0.41,0.43,0.58,0.57,0.59,,,,
2026-01-06 04:49:37.003000+00:00,2026-01-06 04:49:37.078639+00:00,277.003,0.425,0.42,0.43,0.575,0.57,0.58,,,,
2026-01-06 04:49:38.987000+00:00,2026-01-06 04:49:39.097172+00:00,278.987,0.42,0.41,0.43,0.58,0.57,0.59,,,,
2026-01-06 04:49:40.001000+00:00,2026-01-06 04:49:40.108283+00:00,280.001,0.42,0.41,0.43,0.58,0.57,0.59,,,,
2026-01-06 04:49:41.878000+00:00,2026-01-06 04:49:42.107153+00:00,281.878,0.425,0.42,0.43,0.575,0.57,0.58,,,,
2026-01-06 04:49:43.055000+00:00,2026-01-06 04:49:43.113565+00:00,283.055,0.445,0.44,0.45,0.555,0.55,0.56,,,,
2026-01-06 04:49:44.055000+00:00,2026-01-06 04:49:44.123343+00:00,284.055,0.49,0.48,0.5,0.51,0.5,0.52,,,,
2026-01-06 04:49:45.006000+00:00,2026-01-06 04:49:45.136828+00:00,285.006,0.49,0.48,0.5,0.51,0.5,0.52,,,,
2026-01-06 04:49:46.951000+00:00,2026-01-06 04:49:47.155541+00:00,286.951,0.5,0.49,0.51,0.51,0.5,0.52,,,,
2026-01-06 04:49:47.989000+00:00,2026-01-06 04:49:48.156533+00:00,287.989,0.485,0.48,0.49,0.515,0.51,0.52,,,,
2026-01-06 04:49:49.979000+00:00,2026-01-06 04:49:50.172233+00:00,289.979,0.475,0.47,0.48,0.525,0.52,0.53,,,,
2026-01-06 04:49:50.940000+00:00,2026-01-06 04:49:51.172389+00:00,290.94,0.47,0.46,0.48,0.53,0.52,0.54,,,,
2026-01-06 04:49:52.084000+00:00,2026-01-06 04:49:52.167639+00:00,292.084,0.475,0.47,0.48,0.525,0.52,0.53,,,,
2026-01-06 04:49:53.058000+00:00,2026-01-06 04:49:53.189929+00:00,293.058,0.475,0.47,0.48,0.525,0.52,0.53,,,,
2026-01-06 04:49:54.008000+00:00,2026-01-06 04:49:54.202583+00:00,294.008,0.475,0.47,0.48,0.525,0.52,0.53,,,,
2026-01-06 04:49:55.100000+00:00,2026-01-06 04:49:55.211773+00:00,295.1,0.475,0.47,0.48,0.525,0.52,0.53,,,,
2026-01-06 04:49:56.613000+00:00,2026-01-06 04:49:57.222019+00:00,296.613,0.48,0.47,0.49,0.515,0.51,0.52,,,,
2026-01-06 04:49:58.005000+00:00,2026-01-06 04:49:58.221593+00:00,298.005,0.485,0.48,0.49,0.515,0.51,0.52,,,,
2026-01-06 04:49:59.152000+00:00,2026-01-06 04:49:59.225181+00:00,299.152,0.485,0.48,0.49,0.515,0.51,0.52,,,,
2026-01-06 04:50:00.145000+00:00,2026-01-06 04:50:00.231055+00:00,300.145,0.485,0.48,0.49,0.515,0.51,0.52,,,,
2026-01-06 04:50:01.179000+00:00,2026-01-06 04:50:01.254501+00:00,301.179,0.485,0.48,0.49,0.515,0.51,0.52,,,,
2026-01-06 04:50:02.138000+00:00,2026-01-06 04:50:02.254780+00:00,302.138,0.485,0.48,0.49,0.515,0.51,0.52,,,,
2026-01-06 04:50:03.119000+00:00,2026-01-06 04:50:03.274264+00:00,303.119,0.495,0.49,0.5,0.505,0.5,0.51,,,,
2026-01-06 04:50:04.192000+00:00,2026-01-06 04:50:04.274608+00:00,304.192,0.495,0.49,0.5,0.505,0.5,0.51,,,,
2026-01-06 04:50:05.100000+00:00,2026-01-06 04:50:05.273382+00:00,305.1,0.495,0.49,0.5,0.505,0.5,0.51,,,,
2026-01-06 04:50:06.146000+00:00,2026-01-06 04:50:06.274882+00:00,306.146,0.49,0.48,0.5,0.51,0.5,0.52,,,,
2026-01-06 04:50:07.193000+00:00,2026-01-06 04:50:07.273059+00:00,307.193,0.495,0.49,0.5,0.505,0.5,0.51,,,,
2026-01-06 04:50:08.204000+00:00,2026-01-06 04:50:08.273653+00:00,308.204,0.485,0.48,0.49,0.515,0.51,0.52,,,,
2026-01-06 04:50:09.225000+00:00,2026-01-06 04:50:09.282427+00:00,309.225,0.4649999999999999,0.46,0.47,0.535,0.53,0.54,,,,
2026-01-06 04:50:10.218000+00:00,2026-01-06 04:50:10.290581+00:00,310.218,0.44,0.43,0.45,0.56,0.55,0.57,,,,
2026-01-06 04:50:11.213000+00:00,2026-01-06 04:50:11.281653+00:00,311.213,0.45,0.44,0.46,0.555,0.55,0.56,,,,
2026-01-06 04:50:12.167000+00:00,2026-01-06 04:50:12.290746+00:00,312.167,0.445,0.44,0.45,0.555,0.55,0.56,,,,
2026-01-06 04:50:13.228000+00:00,2026-01-06 04:50:13.289074+00:00,313.228,0.455,0.45,0.46,0.545,0.54,0.55,,,,
2026-01-06 04:50:14.216000+00:00,2026-01-06 04:50:14.288355+00:00,314.216,0.45,0.44,0.46,0.55,0.54,0.56,,,,
2026-01-06 04:50:15.150000+00:00,2026-01-06 04:50:15.289088+00:00,315.15,0.45,0.44,0.46,0.55,0.54,0.56,,,,
2026-01-06 04:50:16.184000+00:00,2026-01-06 04:50:16.289095+00:00,316.184,0.45,0.44,0.46,0.55,0.54,0.56,,,,
2026-01-06 04:50:17.216000+00:00,2026-01-06 04:50:17.299985+00:00,317.216,0.45,0.44,0.46,0.55,0.54,0.56,,,,
2026-01-06 04:50:18.192000+00:00,2026-01-06 04:50:18.306024+00:00,318.192,0.45,0.44,0.46,0.55,0.54,0.56,,,,
2026-01-06 04:50:19.048000+00:00,2026-01-06 04:50:19.299568+00:00,319.048,0.45,0.44,0.46,0.55,0.54,0.56,,,,
2026-01-06 04:50:20.096000+00:00,2026-01-06 04:50:20.302530+00:00,320.096,0.45,0.44,0.46,0.545,0.54,0.55,,,,
2026-01-06 04:50:21.994000+00:00,2026-01-06 04:50:22.310830+00:00,321.994,0.455,0.45,0.46,0.545,0.54,0.55,,,,
2026-01-06 04:50:23.912000+00:00,2026-01-06 04:50:24.334340+00:00,323.912,0.45,0.44,0.46,0.55,0.54,0.56,,,,
2026-01-06 04:50:25.281000+00:00,2026-01-06 04:50:25.338463+00:00,325.281,0.455,0.45,0.46,0.545,0.54,0.55,,,,
2026-01-06 04:50:26.029000+00:00,2026-01-06 04:50:26.360853+00:00,326.029,0.455,0.45,0.46,0.545,0.54,0.55,,,,
2026-01-06 04:50:27.297000+00:00,2026-01-06 04:50:27.379973+00:00,327.297,0.455,0.45,0.46,0.545,0.54,0.55,,,,
2026-01-06 04:50:28.096000+00:00,2026-01-06 04:50:28.381894+00:00,328.096,0.455,0.45,0.46,0.545,0.54,0.55,,,,
2026-01-06 04:50:29.165000+00:00,2026-01-06 04:50:29.388519+00:00,329.165,0.455,0.45,0.46,0.545,0.54,0.55,,,,
2026-01-06 04:50:30.968000+00:00,2026-01-06 04:50:31.427208+00:00,330.968,0.455,0.45,0.46,0.545,0.54,0.55,,,,
2026-01-06 04:50:32.830000+00:00,2026-01-06 04:50:33.437713+00:00,332.83,0.455,0.45,0.46,0.545,0.54,0.55,,,,
2026-01-06 04:50:34.199000+00:00,2026-01-06 04:50:34.447098+00:00,334.199,0.455,0.45,0.46,0.545,0.54,0.55,,,,
2026-01-06 04:50:35.245000+00:00,2026-01-06 04:50:35.443985+00:00,335.245,0.455,0.45,0.46,0.545,0.54,0.55,,,,
2026-01-06 04:50:36.221000+00:00,2026-01-06 04:50:36.463395+00:00,336.221,0.455,0.45,0.46,0.545,0.54,0.55,,,,
2026-01-06 04:50:37.064000+00:00,2026-01-06 04:50:37.463394+00:00,337.064,0.455,0.45,0.46,0.545,0.54,0.55,,,,
2026-01-06 04:50:38.029000+00:00,2026-01-06 04:50:38.471521+00:00,338.029,0.455,0.45,0.46,0.545,0.54,0.55,,,,
2026-01-06 04:50:39.386000+00:00,2026-01-06 04:50:39.471711+00:00,339.386,0.455,0.45,0.46,0.545,0.54,0.55,,,,
2026-01-06 04:50:40.358000+00:00,2026-01-06 04:50:40.471596+00:00,340.358,0.455,0.45,0.46,0.545,0.54,0.55,,,,
2026-01-06 04:50:41.406000+00:00,2026-01-06 04:50:41.471158+00:00,341.406,0.455,0.45,0.46,0.545,0.54,0.55,,,,
2026-01-06 04:50:42.192000+00:00,2026-01-06 04:50:42.464508+00:00,342.192,0.455,0.45,0.46,0.545,0.54,0.55,,,,
2026-01-06 04:50:43.184000+00:00,2026-01-06 04:50:43.480734+00:00,343.184,0.455,0.45,0.46,0.545,0.54,0.55,,,,
2026-01-06 04:50:44.119000+00:00,2026-01-06 04:50:44.484072+00:00,344.119,0.455,0.45,0.46,0.545,0.54,0.55,,,,
2026-01-06 04:50:45.404000+00:00,2026-01-06 04:50:45.492853+00:00,345.404,0.455,0.45,0.46,0.545,0.54,0.55,,,,
2026-01-06 04:50:46.346000+00:00,2026-01-06 04:50:46.503341+00:00,346.346,0.455,0.45,0.46,0.545,0.54,0.55,,,,
2026-01-06 04:50:47.372000+00:00,2026-01-06 04:50:47.516759+00:00,347.372,0.4649999999999999,0.46,0.47,0.535,0.53,0.54,,,,
2026-01-06 04:50:48.334000+00:00,2026-01-06 04:50:48.527783+00:00,348.334,0.4599999999999999,0.45,0.47,0.54,0.53,0.55,,,,
2026-01-06 04:50:49.472000+00:00,2026-01-06 04:50:49.544182+00:00,349.472,0.4649999999999999,0.46,0.47,0.535,0.53,0.54,,,,
2026-01-06 04:50:50.170000+00:00,2026-01-06 04:50:50.549983+00:00,350.17,0.4649999999999999,0.46,0.47,0.535,0.53,0.54,,,,
2026-01-06 04:50:51.223000+00:00,2026-01-06 04:50:51.568862+00:00,351.223,0.4599999999999999,0.45,0.47,0.54,0.53,0.55,,,,
2026-01-06 04:50:52.489000+00:00,2026-01-06 04:50:52.578626+00:00,352.489,0.4649999999999999,0.46,0.47,0.535,0.53,0.54,,,,
2026-01-06 04:50:53.503000+00:00,2026-01-06 04:50:53.600928+00:00,353.503,0.495,0.49,0.5,0.505,0.5,0.51,,,,
2026-01-06 04:50:54.534000+00:00,2026-01-06 04:50:54.603641+00:00,354.534,0.495,0.49,0.5,0.505,0.5,0.51,,,,
2026-01-06 04:50:55.508000+00:00,2026-01-06 04:50:55.602140+00:00,355.508,0.495,0.49,0.5,0.505,0.5,0.51,,,,
2026-01-06 04:50:56.526000+00:00,2026-01-06 04:50:56.608040+00:00,356.526,0.505,0.5,0.51,0.49,0.48,0.5,,,,
2026-01-06 04:50:57.545000+00:00,2026-01-06 04:50:57.612564+00:00,357.545,0.51,0.5,0.52,0.49,0.48,0.5,,,,
2026-01-06 04:50:58.305000+00:00,2026-01-06 04:50:58.620508+00:00,358.305,0.5,0.49,0.51,0.5,0.49,0.51,,,,
2026-01-06 04:50:59.402000+00:00,2026-01-06 04:50:59.627588+00:00,359.402,0.5,0.49,0.51,0.5,0.49,0.51,,,,
2026-01-06 04:51:00.537000+00:00,2026-01-06 04:51:00.645094+00:00,360.537,0.5,0.49,0.51,0.485,0.48,0.49,,,,
2026-01-06 04:51:01.449000+00:00,2026-01-06 04:51:01.654058+00:00,361.449,0.51,0.5,0.52,0.495,0.49,0.5,,,,
2026-01-06 04:51:02.319000+00:00,2026-01-06 04:51:02.668022+00:00,362.319,0.5,0.49,0.51,0.5,0.49,0.51,,,,
2026-01-06 04:51:03.588000+00:00,2026-01-06 04:51:03.680357+00:00,363.588,0.5,0.49,0.51,0.495,0.49,0.5,,,,
2026-01-06 04:51:04.626000+00:00,2026-01-06 04:51:04.692311+00:00,364.626,0.495,0.49,0.5,0.505,0.5,0.51,,,,
2026-01-06 04:51:05.601000+00:00,2026-01-06 04:51:05.707938+00:00,365.601,0.49,0.48,0.5,0.51,0.5,0.52,,,,
2026-01-06 04:51:06.485000+00:00,2026-01-06 04:51:06.709286+00:00,366.485,0.49,0.48,0.5,0.51,0.5,0.52,,,,
2026-01-06 04:51:07.376000+00:00,2026-01-06 04:51:07.730334+00:00,367.376,0.49,0.48,0.5,0.51,0.5,0.52,,,,
2026-01-06 04:51:08.652000+00:00,2026-01-06 04:51:08.747336+00:00,368.652,0.485,0.48,0.49,0.515,0.51,0.52,,,,
2026-01-06 04:51:09.623000+00:00,2026-01-06 04:51:09.771289+00:00,369.623,0.485,0.48,0.49,0.515,0.51,0.52,,,,
2026-01-06 04:51:10.632000+00:00,2026-01-06 04:51:10.772740+00:00,370.632,0.485,0.48,0.49,0.515,0.51,0.52,,,,
2026-01-06 04:51:11.697000+00:00,2026-01-06 04:51:11.786531+00:00,371.697,0.485,0.48,0.49,0.515,0.51,0.52,,,,
2026-01-06 04:51:12.728000+00:00,2026-01-06 04:51:12.791389+00:00,372.728,0.49,0.48,0.5,0.51,0.5,0.52,,,,
2026-01-06 04:51:13.734000+00:00,2026-01-06 04:51:13.806838+00:00,373.734,0.495,0.49,0.5,0.505,0.5,0.51,,,,
2026-01-06 04:51:14.716000+00:00,2026-01-06 04:51:14.806300+00:00,374.716,0.505,0.5,0.51,0.495,0.49,0.5,,,,
2026-01-06 04:51:15.738000+00:00,2026-01-06 04:51:15.813430+00:00,375.738,0.5,0.49,0.51,0.5,0.49,0.51,,,,
2026-01-06 04:51:16.700000+00:00,2026-01-06 04:51:16.804059+00:00,376.7,0.5,0.49,0.51,0.5,0.49,0.51,,,,
2026-01-06 04:51:17.730000+00:00,2026-01-06 04:51:17.796989+00:00,377.73,0.495,0.49,0.5,0.51,0.5,0.52,,,,
2026-01-06 04:51:18.429000+00:00,2026-01-06 04:51:18.803317+00:00,378.429,0.495,0.49,0.5,0.505,0.5,0.51,,,,
2026-01-06 04:51:19.700000+00:00,2026-01-06 04:51:19.805321+00:00,379.7,0.49,0.48,0.5,0.51,0.5,0.52,,,,
2026-01-06 04:51:20.616000+00:00,2026-01-06 04:51:20.811753+00:00,380.616,0.49,0.48,0.5,0.51,0.5,0.52,,,,
2026-01-06 04:51:21.662000+00:00,2026-01-06 04:51:21.825772+00:00,381.662,0.49,0.48,0.5,0.51,0.5,0.52,,,,
2026-01-06 04:51:22.751000+00:00,2026-01-06 04:51:22.825922+00:00,382.751,0.49,0.48,0.5,0.51,0.5,0.52,,,,
2026-01-06 04:51:23.639000+00:00,2026-01-06 04:51:23.843171+00:00,383.639,0.485,0.48,0.49,0.515,0.51,0.52,,,,
2026-01-06 04:51:24.740000+00:00,2026-01-06 04:51:24.858274+00:00,384.74,0.475,0.47,0.48,0.525,0.52,0.53,,,,
2026-01-06 04:51:25.731000+00:00,2026-01-06 04:51:25.869055+00:00,385.731,0.48,0.47,0.49,0.52,0.51,0.53,,,,
2026-01-06 04:51:26.749000+00:00,2026-01-06 04:51:26.869586+00:00,386.749,0.485,0.48,0.49,0.515,0.51,0.52,,,,
2026-01-06 04:51:27.632000+00:00,2026-01-06 04:51:27.870313+00:00,387.632,0.48,0.47,0.49,0.52,0.51,0.53,,,,
2026-01-06 04:51:28.733000+00:00,2026-01-06 04:51:28.893333+00:00,388.733,0.485,0.48,0.49,0.515,0.51,0.52,,,,
2026-01-06 04:51:29.319000+00:00,2026-01-06 04:51:29.909763+00:00,389.319,0.49,0.48,0.5,0.52,0.51,0.53,,,,
2026-01-06 04:51:30.800000+00:00,2026-01-06 04:51:30.924155+00:00,390.8,0.49,0.48,0.5,0.51,0.5,0.52,,,,
2026-01-06 04:51:31.244000+00:00,2026-01-06 04:51:31.922751+00:00,391.244,0.49,0.48,0.5,0.51,0.5,0.52,,,,
2026-01-06 04:51:32.774000+00:00,2026-01-06 04:51:32.926564+00:00,392.774,0.485,0.48,0.49,0.515,0.51,0.52,,,,
2026-01-06 04:51:33.827000+00:00,2026-01-06 04:51:33.935710+00:00,393.827,0.49,0.48,0.5,0.51,0.5,0.52,,,,
2026-01-06 04:51:34.747000+00:00,2026-01-06 04:51:34.944973+00:00,394.747,0.485,0.48,0.49,0.515,0.51,0.52,,,,
2026-01-06 04:51:35.898000+00:00,2026-01-06 04:51:35.959619+00:00,395.898,0.49,0.48,0.5,0.51,0.5,0.52,,,,
2026-01-06 04:51:36.728000+00:00,2026-01-06 04:51:36.961147+00:00,396.728,0.485,0.48,0.49,0.515,0.51,0.52,,,,
2026-01-06 04:51:37.901000+00:00,2026-01-06 04:51:37.973058+00:00,397.901,0.49,0.48,0.5,0.51,0.5,0.52,,,,
2026-01-06 04:51:38.901000+00:00,2026-01-06 04:51:38.989749+00:00,398.901,0.485,0.48,0.49,0.515,0.51,0.52,,,,
2026-01-06 04:51:39.930000+00:00,2026-01-06 04:51:39.997720+00:00,399.93,0.385,0.36,0.41,0.63,0.62,0.64,,,,
2026-01-06 04:51:40.934000+00:00,2026-01-06 04:51:41.011972+00:00,400.934,0.37,0.36,0.38,0.63,0.62,0.64,,,,
2026-01-06 04:51:41.904000+00:00,2026-01-06 04:51:42.001787+00:00,401.904,0.375,0.37,0.38,0.63,0.62,0.64,,,,
2026-01-06 04:51:43.964000+00:00,2026-01-06 04:51:44.023586+00:00,403.964,0.365,0.36,0.37,0.635,0.63,0.64,,,,
2026-01-06 04:51:44.960000+00:00,2026-01-06 04:51:45.017682+00:00,404.96,0.35,0.34,0.36,0.655,0.65,0.66,,,,
2026-01-06 04:51:45.925000+00:00,2026-01-06 04:51:46.035427+00:00,405.925,0.32,0.31,0.33,0.6799999999999999,0.67,0.69,,,,
2026-01-06 04:51:46.853000+00:00,2026-01-06 04:51:47.037643+00:00,406.853,0.32,0.31,0.33,0.6799999999999999,0.67,0.69,,,,
2026-01-06 04:51:47.968000+00:00,2026-01-06 04:51:48.050185+00:00,407.968,0.325,0.32,0.33,0.675,0.67,0.68,,,,
2026-01-06 04:51:48.772000+00:00,2026-01-06 04:51:49.040704+00:00,408.772,0.33,0.32,0.34,0.67,0.66,0.68,,,,
2026-01-06 04:51:49.943000+00:00,2026-01-06 04:51:50.041181+00:00,409.943,0.33,0.32,0.34,0.67,0.66,0.68,,,,
2026-01-06 04:51:50.953000+00:00,2026-01-06 04:51:51.036665+00:00,410.953,0.325,0.32,0.33,0.675,0.67,0.68,,,,
2026-01-06 04:51:51.964000+00:00,2026-01-06 04:51:52.036459+00:00,411.964,0.335,0.33,0.34,0.665,0.66,0.67,,,,
2026-01-06 04:51:52.972000+00:00,2026-01-06 04:51:53.037203+00:00,412.972,0.335,0.33,0.34,0.665,0.66,0.67,,,,
2026-01-06 04:51:53.750000+00:00,2026-01-06 04:51:54.042884+00:00,413.75,0.335,0.33,0.34,0.665,0.66,0.67,,,,
2026-01-06 04:51:54.881000+00:00,2026-01-06 04:51:55.051267+00:00,414.881,0.335,0.33,0.34,0.665,0.66,0.67,,,,
2026-01-06 04:51:55.968000+00:00,2026-01-06 04:51:56.067032+00:00,415.968,0.335,0.33,0.34,0.665,0.66,0.67,,,,
2026-01-06 04:51:57.992000+00:00,2026-01-06 04:51:58.085276+00:00,417.992,0.335,0.33,0.34,0.665,0.66,0.67,,,,
2026-01-06 04:51:58.877000+00:00,2026-01-06 04:51:59.079650+00:00,418.877,0.335,0.33,0.34,0.665,0.66,0.67,,,,
2026-01-06 04:52:00.896000+00:00,2026-01-06 04:52:01.101876+00:00,420.896,0.335,0.33,0.34,0.665,0.66,0.67,,,,
2026-01-06 04:52:02.002000+00:00,2026-01-06 04:52:02.102985+00:00,422.002,0.335,0.33,0.34,0.665,0.66,0.67,,,,
2026-01-06 04:52:03.002000+00:00,2026-01-06 04:52:03.116745+00:00,423.002,0.33,0.32,0.34,0.67,0.66,0.68,,,,
2026-01-06 04:52:04.582000+00:00,2026-01-06 04:52:05.133626+00:00,424.582,0.335,0.33,0.34,0.665,0.66,0.67,,,,
2026-01-06 04:52:05.757000+00:00,2026-01-06 04:52:06.149932+00:00,425.757,0.33,0.32,0.34,0.67,0.66,0.68,,,,
2026-01-06 04:52:07.714000+00:00,2026-01-06 04:52:08.151283+00:00,427.714,0.33,0.32,0.34,0.67,0.66,0.68,,,,
2026-01-06 04:52:09.092000+00:00,2026-01-06 04:52:09.166804+00:00,429.092,0.32,0.31,0.33,0.6799999999999999,0.67,0.69,,,,
2026-01-06 04:52:10.123000+00:00,2026-01-06 04:52:10.183284+00:00,430.123,0.315,0.31,0.32,0.685,0.68,0.69,,,,
2026-01-06 04:52:11.109000+00:00,2026-01-06 04:52:11.183999+00:00,431.109,0.285,0.28,0.29,0.715,0.71,0.72,,,,
2026-01-06 04:52:12.115000+00:00,2026-01-06 04:52:12.188795+00:00,432.115,0.25,0.24,0.26,0.75,0.74,0.76,,,,
2026-01-06 04:52:13.120000+00:00,2026-01-06 04:52:13.209686+00:00,433.12,0.25,0.24,0.26,0.75,0.74,0.76,,,,
2026-01-06 04:52:14.143000+00:00,2026-01-06 04:52:14.215864+00:00,434.143,0.245,0.24,0.25,0.755,0.75,0.76,,,,
2026-01-06 04:52:15.170000+00:00,2026-01-06 04:52:15.220291+00:00,435.17,0.245,0.24,0.25,0.755,0.75,0.76,,,,
2026-01-06 04:52:16.161000+00:00,2026-01-06 04:52:16.232839+00:00,436.161,0.2299999999999999,0.22,0.24,0.78,0.77,0.79,,,,
2026-01-06 04:52:17.184000+00:00,2026-01-06 04:52:17.250714+00:00,437.184,0.215,0.21,0.22,0.78,0.77,0.79,,,,
2026-01-06 04:52:18.182000+00:00,2026-01-06 04:52:18.250613+00:00,438.182,0.225,0.22,0.23,0.775,0.77,0.78,,,,
2026-01-06 04:52:19.143000+00:00,2026-01-06 04:52:19.271641+00:00,439.143,0.225,0.22,0.23,0.775,0.77,0.78,,,,
2026-01-06 04:52:20.216000+00:00,2026-01-06 04:52:20.284762+00:00,440.216,0.225,0.22,0.23,0.775,0.77,0.78,,,,
2026-01-06 04:52:21.197000+00:00,2026-01-06 04:52:21.286625+00:00,441.197,0.225,0.22,0.23,0.775,0.77,0.78,,,,
2026-01-06 04:52:22.239000+00:00,2026-01-06 04:52:22.301656+00:00,442.239,0.225,0.22,0.23,0.765,0.76,0.77,,,,
2026-01-06 04:52:23.224000+00:00,2026-01-06 04:52:23.317448+00:00,443.224,0.245,0.24,0.25,0.76,0.75,0.77,,,,
2026-01-06 04:52:24.246000+00:00,2026-01-06 04:52:24.327240+00:00,444.246,0.24,0.23,0.25,0.76,0.75,0.77,,,,
2026-01-06 04:52:25.232000+00:00,2026-01-06 04:52:25.323150+00:00,445.232,0.245,0.24,0.25,0.755,0.75,0.76,,,,
2026-01-06 04:52:26.275000+00:00,2026-01-06 04:52:26.343257+00:00,446.275,0.245,0.24,0.25,0.755,0.75,0.76,,,,
2026-01-06 04:52:27.018000+00:00,2026-01-06 04:52:27.348867+00:00,447.018,0.245,0.24,0.25,0.755,0.75,0.76,,,,
2026-01-06 04:52:28.317000+00:00,2026-01-06 04:52:28.361139+00:00,448.317,0.245,0.24,0.25,0.755,0.75,0.76,,,,
2026-01-06 04:52:29.022000+00:00,2026-01-06 04:52:29.366841+00:00,449.022,0.24,0.23,0.25,0.76,0.75,0.77,,,,
2026-01-06 04:52:30.072000+00:00,2026-01-06 04:52:30.378239+00:00,450.072,0.245,0.24,0.25,0.755,0.75,0.76,,,,
2026-01-06 04:52:31.196000+00:00,2026-01-06 04:52:31.384048+00:00,451.196,0.245,0.24,0.25,0.755,0.75,0.76,,,,
2026-01-06 04:52:32.315000+00:00,2026-01-06 04:52:32.383173+00:00,452.315,0.245,0.24,0.25,0.745,0.74,0.75,,,,
2026-01-06 04:52:33.330000+00:00,2026-01-06 04:52:33.393034+00:00,453.33,0.275,0.27,0.28,0.725,0.72,0.73,,,,
2026-01-06 04:52:34.301000+00:00,2026-01-06 04:52:34.399798+00:00,454.301,0.275,0.27,0.28,0.725,0.72,0.73,,,,
2026-01-06 04:52:35.295000+00:00,2026-01-06 04:52:35.400049+00:00,455.295,0.265,0.26,0.27,0.735,0.73,0.74,,,,
2026-01-06 04:52:36.343000+00:00,2026-01-06 04:52:36.402514+00:00,456.343,0.275,0.27,0.28,0.725,0.72,0.73,,,,
2026-01-06 04:52:37.147000+00:00,2026-01-06 04:52:37.399695+00:00,457.147,0.275,0.27,0.28,0.725,0.72,0.73,,,,
2026-01-06 04:52:38.269000+00:00,2026-01-06 04:52:38.400803+00:00,458.269,0.265,0.26,0.27,0.735,0.73,0.74,,,,
2026-01-06 04:52:39.324000+00:00,2026-01-06 04:52:39.416932+00:00,459.324,0.245,0.24,0.25,0.755,0.75,0.76,,,,
2026-01-06 04:52:40.354000+00:00,2026-01-06 04:52:40.424291+00:00,460.354,0.225,0.22,0.23,0.775,0.77,0.78,,,,
2026-01-06 04:52:41.354000+00:00,2026-01-06 04:52:41.427187+00:00,461.354,0.225,0.22,0.23,0.775,0.77,0.78,,,,
2026-01-06 04:52:42.358000+00:00,2026-01-06 04:52:42.440573+00:00,462.358,0.225,0.22,0.23,0.775,0.77,0.78,,,,
2026-01-06 04:52:43.291000+00:00,2026-01-06 04:52:43.452606+00:00,463.291,0.225,0.22,0.23,0.775,0.77,0.78,,,,
2026-01-06 04:52:44.349000+00:00,2026-01-06 04:52:44.474764+00:00,464.349,0.225,0.22,0.23,0.775,0.77,0.78,,,,
2026-01-06 04:52:45.386000+00:00,2026-01-06 04:52:45.488535+00:00,465.386,0.225,0.22,0.23,0.775,0.77,0.78,,,,
2026-01-06 04:52:46.422000+00:00,2026-01-06 04:52:46.490823+00:00,466.422,0.225,0.22,0.23,0.775,0.77,0.78,,,,
2026-01-06 04:52:47.378000+00:00,2026-01-06 04:52:47.482702+00:00,467.378,0.21,0.2,0.22,0.79,0.78,0.8,,,,
2026-01-06 04:52:48.361000+00:00,2026-01-06 04:52:48.502501+00:00,468.361,0.21,0.2,0.22,0.79,0.78,0.8,,,,
2026-01-06 04:52:49.398000+00:00,2026-01-06 04:52:49.505352+00:00,469.398,0.205,0.2,0.21,0.795,0.79,0.8,,,,
2026-01-06 04:52:50.294000+00:00,2026-01-06 04:52:50.514786+00:00,470.294,0.205,0.2,0.21,0.795,0.79,0.8,,,,
2026-01-06 04:52:51.451000+00:00,2026-01-06 04:52:51.521479+00:00,471.451,0.21,0.2,0.22,0.79,0.78,0.8,,,,
2026-01-06 04:52:52.365000+00:00,2026-01-06 04:52:52.538094+00:00,472.365,0.21,0.2,0.22,0.79,0.78,0.8,,,,
2026-01-06 04:52:53.369000+00:00,2026-01-06 04:52:53.550335+00:00,473.369,0.21,0.2,0.22,0.79,0.78,0.8,,,,
2026-01-06 04:52:54.310000+00:00,2026-01-06 04:52:54.560523+00:00,474.31,0.21,0.2,0.22,0.79,0.78,0.8,,,,
2026-01-06 04:52:55.400000+00:00,2026-01-06 04:52:55.566041+00:00,475.4,0.21,0.2,0.22,0.79,0.78,0.8,,,,
2026-01-06 04:52:56.036000+00:00,2026-01-06 04:52:56.570178+00:00,476.036,0.21,0.2,0.22,0.79,0.78,0.8,,,,
2026-01-06 04:52:57.511000+00:00,2026-01-06 04:52:57.583840+00:00,477.511,0.21,0.2,0.22,0.785,0.78,0.79,,,,
2026-01-06 04:52:58.499000+00:00,2026-01-06 04:52:58.582922+00:00,478.499,0.215,0.21,0.22,0.785,0.78,0.79,,,,
2026-01-06 04:52:59.517000+00:00,2026-01-06 04:52:59.582471+00:00,479.517,0.21,0.2,0.22,0.79,0.78,0.8,,,,
2026-01-06 04:53:00.517000+00:00,2026-01-06 04:53:00.588842+00:00,480.517,0.195,0.19,0.2,0.825,0.82,0.83,,,,
2026-01-06 04:53:01.476000+00:00,2026-01-06 04:53:01.598879+00:00,481.476,0.1699999999999999,0.16,0.18,0.83,0.82,0.84,,,,
2026-01-06 04:53:02.532000+00:00,2026-01-06 04:53:02.604907+00:00,482.532,0.1699999999999999,0.16,0.18,0.83,0.82,0.84,,,,
2026-01-06 04:53:03.506000+00:00,2026-01-06 04:53:03.618981+00:00,483.506,0.1699999999999999,0.16,0.18,0.83,0.82,0.84,,,,
2026-01-06 04:53:04.518000+00:00,2026-01-06 04:53:04.619136+00:00,484.518,0.155,0.15,0.16,0.845,0.84,0.85,,,,
2026-01-06 04:53:05.523000+00:00,2026-01-06 04:53:05.615771+00:00,485.523,0.155,0.15,0.16,0.84,0.83,0.85,,,,
2026-01-06 04:53:06.532000+00:00,2026-01-06 04:53:06.630818+00:00,486.532,0.16,0.15,0.17,0.84,0.83,0.85,,,,
2026-01-06 04:53:07.574000+00:00,2026-01-06 04:53:07.647059+00:00,487.574,0.16,0.15,0.17,0.84,0.83,0.85,,,,
2026-01-06 04:53:08.350000+00:00,2026-01-06 04:53:08.649223+00:00,488.35,0.16,0.15,0.17,0.84,0.83,0.85,,,,
2026-01-06 04:53:09.549000+00:00,2026-01-06 04:53:09.664283+00:00,489.549,0.16,0.15,0.17,0.84,0.83,0.85,,,,
2026-01-06 04:53:10.606000+00:00,2026-01-06 04:53:10.671176+00:00,490.606,0.215,0.2,0.23,0.795,0.79,0.8,,,,
2026-01-06 04:53:11.604000+00:00,2026-01-06 04:53:11.687266+00:00,491.604,0.205,0.2,0.21,0.795,0.79,0.8,,,,
2026-01-06 04:53:12.609000+00:00,2026-01-06 04:53:12.690810+00:00,492.609,0.245,0.24,0.25,0.755,0.75,0.76,,,,
2026-01-06 04:53:13.575000+00:00,2026-01-06 04:53:13.697828+00:00,493.575,0.235,0.23,0.24,0.765,0.76,0.77,,,,
2026-01-06 04:53:14.521000+00:00,2026-01-06 04:53:14.713978+00:00,494.521,0.235,0.23,0.24,0.765,0.76,0.77,,,,
2026-01-06 04:53:15.636000+00:00,2026-01-06 04:53:15.730847+00:00,495.636,0.2299999999999999,0.22,0.24,0.765,0.76,0.77,,,,
2026-01-06 04:53:16.606000+00:00,2026-01-06 04:53:16.748788+00:00,496.606,0.2299999999999999,0.22,0.24,0.77,0.76,0.78,,,,
2026-01-06 04:53:17.654000+00:00,2026-01-06 04:53:17.747944+00:00,497.654,0.2299999999999999,0.22,0.24,0.77,0.76,0.78,,,,
2026-01-06 04:53:18.682000+00:00,2026-01-06 04:53:18.746353+00:00,498.682,0.2299999999999999,0.22,0.24,0.77,0.76,0.78,,,,
2026-01-06 04:53:19.468000+00:00,2026-01-06 04:53:19.766982+00:00,499.468,0.2299999999999999,0.22,0.24,0.77,0.76,0.78,,,,
2026-01-06 04:53:20.695000+00:00,2026-01-06 04:53:20.782131+00:00,500.695,0.215,0.21,0.22,0.785,0.78,0.79,,,,
2026-01-06 04:53:21.600000+00:00,2026-01-06 04:53:21.799018+00:00,501.6,0.215,0.21,0.22,0.785,0.78,0.79,,,,
2026-01-06 04:53:22.728000+00:00,2026-01-06 04:53:22.814245+00:00,502.728,0.215,0.21,0.22,0.785,0.78,0.79,,,,
2026-01-06 04:53:23.738000+00:00,2026-01-06 04:53:23.820520+00:00,503.738,0.215,0.21,0.22,0.785,0.78,0.79,,,,
2026-01-06 04:53:24.714000+00:00,2026-01-06 04:53:24.825153+00:00,504.714,0.215,0.21,0.22,0.785,0.78,0.79,,,,
2026-01-06 04:53:25.593000+00:00,2026-01-06 04:53:25.822394+00:00,505.593,0.22,0.21,0.23,0.78,0.77,0.79,,,,
2026-01-06 04:53:26.767000+00:00,2026-01-06 04:53:26.832755+00:00,506.767,0.245,0.24,0.25,0.755,0.75,0.76,,,,
2026-01-06 04:53:27.772000+00:00,2026-01-06 04:53:27.839595+00:00,507.772,0.245,0.24,0.25,0.755,0.75,0.76,,,,
2026-01-06 04:53:28.746000+00:00,2026-01-06 04:53:28.840810+00:00,508.746,0.215,0.21,0.22,0.785,0.78,0.79,,,,
2026-01-06 04:53:29.695000+00:00,2026-01-06 04:53:29.854497+00:00,509.695,0.215,0.21,0.22,0.785,0.78,0.79,,,,
2026-01-06 04:53:30.658000+00:00,2026-01-06 04:53:30.873216+00:00,510.658,0.215,0.21,0.22,0.785,0.78,0.79,,,,
2026-01-06 04:53:31.708000+00:00,2026-01-06 04:53:31.871199+00:00,511.708,0.205,0.2,0.21,0.795,0.79,0.8,,,,
2026-01-06 04:53:32.865000+00:00,2026-01-06 04:53:32.873423+00:00,512.865,0.195,0.19,0.2,0.805,0.8,0.81,,,,
2026-01-06 04:53:33.798000+00:00,2026-01-06 04:53:33.877564+00:00,513.798,0.195,0.19,0.2,0.805,0.8,0.81,,,,
2026-01-06 04:53:34.805000+00:00,2026-01-06 04:53:34.873779+00:00,514.805,0.19,0.18,0.2,0.81,0.8,0.82,,,,
2026-01-06 04:53:35.817000+00:00,2026-01-06 04:53:35.887362+00:00,515.817,0.19,0.18,0.2,0.81,0.8,0.82,,,,
2026-01-06 04:53:36.644000+00:00,2026-01-06 04:53:36.890078+00:00,516.644,0.19,0.18,0.2,0.81,0.8,0.82,,,,
2026-01-06 04:53:37.720000+00:00,2026-01-06 04:53:37.887110+00:00,517.72,0.19,0.18,0.2,0.81,0.8,0.82,,,,
2026-01-06 04:53:38.799000+00:00,2026-01-06 04:53:38.881530+00:00,518.799,0.19,0.18,0.2,0.81,0.8,0.82,,,,
2026-01-06 04:53:39.798000+00:00,2026-01-06 04:53:39.875215+00:00,519.798,0.19,0.18,0.2,0.805,0.8,0.81,,,,
2026-01-06 04:53:40.826000+00:00,2026-01-06 04:53:40.890575+00:00,520.826,0.19,0.18,0.2,0.81,0.8,0.82,,,,
2026-01-06 04:53:41.726000+00:00,2026-01-06 04:53:41.891287+00:00,521.726,0.19,0.18,0.2,0.81,0.8,0.82,,,,
2026-01-06 04:53:42.343000+00:00,2026-01-06 04:53:42.897464+00:00,522.343,0.19,0.18,0.2,0.81,0.8,0.82,,,,
2026-01-06 04:53:43.832000+00:00,2026-01-06 04:53:43.910434+00:00,523.832,0.185,0.18,0.19,0.815,0.81,0.82,,,,
2026-01-06 04:53:44.534000+00:00,2026-01-06 04:53:44.904481+00:00,524.534,0.18,0.17,0.19,0.8200000000000001,0.81,0.83,,,,
2026-01-06 04:53:45.881000+00:00,2026-01-06 04:53:45.918873+00:00,525.881,0.18,0.17,0.19,0.8200000000000001,0.81,0.83,,,,
2026-01-06 04:53:46.721000+00:00,2026-01-06 04:53:46.920615+00:00,526.721,0.185,0.18,0.19,0.815,0.81,0.82,,,,
2026-01-06 04:53:47.705000+00:00,2026-01-06 04:53:47.921547+00:00,527.705,0.185,0.18,0.19,0.815,0.81,0.82,,,,
2026-01-06 04:53:48.626000+00:00,2026-01-06 04:53:48.921929+00:00,528.626,0.19,0.18,0.2,0.81,0.8,0.82,,,,
2026-01-06 04:53:49.862000+00:00,2026-01-06 04:53:49.924160+00:00,529.862,0.19,0.18,0.2,0.81,0.8,0.82,,,,
2026-01-06 04:53:50.639000+00:00,2026-01-06 04:53:50.929859+00:00,530.639,0.19,0.18,0.2,0.81,0.8,0.82,,,,
2026-01-06 04:53:51.882000+00:00,2026-01-06 04:53:51.951016+00:00,531.882,0.185,0.18,0.19,0.815,0.81,0.82,,,,
2026-01-06 04:53:52.829000+00:00,2026-01-06 04:53:52.950173+00:00,532.829,0.185,0.18,0.19,0.815,0.81,0.82,,,,
2026-01-06 04:53:53.449000+00:00,2026-01-06 04:53:53.957863+00:00,533.449,0.19,0.18,0.2,0.81,0.8,0.82,,,,
2026-01-06 04:53:54.905000+00:00,2026-01-06 04:53:54.975315+00:00,534.905,0.185,0.18,0.19,0.815,0.81,0.82,,,,
2026-01-06 04:53:55.533000+00:00,2026-01-06 04:53:55.974221+00:00,535.533,0.185,0.18,0.19,0.815,0.81,0.82,,,,
2026-01-06 04:53:56.919000+00:00,2026-01-06 04:53:56.988849+00:00,536.919,0.185,0.18,0.19,0.815,0.81,0.82,,,,
2026-01-06 04:53:57.714000+00:00,2026-01-06 04:53:57.984816+00:00,537.714,0.185,0.18,0.19,0.815,0.81,0.82,,,,
2026-01-06 04:53:58.916000+00:00,2026-01-06 04:53:58.988334+00:00,538.916,0.18,0.17,0.19,0.8200000000000001,0.81,0.83,,,,
2026-01-06 04:53:59.847000+00:00,2026-01-06 04:54:00.002076+00:00,539.847,0.18,0.17,0.19,0.825,0.82,0.83,,,,
2026-01-06 04:54:00.935000+00:00,2026-01-06 04:54:01.000943+00:00,540.935,0.165,0.16,0.17,0.835,0.83,0.84,,,,
2026-01-06 04:54:01.937000+00:00,2026-01-06 04:54:02.018350+00:00,541.937,0.16,0.15,0.17,0.845,0.84,0.85,,,,
2026-01-06 04:54:02.913000+00:00,2026-01-06 04:54:03.031478+00:00,542.913,0.1649999999999999,0.15,0.18,0.835,0.82,0.85,,,,
2026-01-06 04:54:03.934000+00:00,2026-01-06 04:54:04.024799+00:00,543.934,0.1699999999999999,0.16,0.18,0.83,0.82,0.84,,,,
2026-01-06 04:54:04.924000+00:00,2026-01-06 04:54:05.019941+00:00,544.924,0.18,0.17,0.19,0.8200000000000001,0.81,0.83,,,,
2026-01-06 04:54:05.934000+00:00,2026-01-06 04:54:06.015942+00:00,545.934,0.18,0.17,0.19,0.825,0.81,0.84,,,,
2026-01-06 04:54:06.916000+00:00,2026-01-06 04:54:07.017301+00:00,546.916,0.175,0.16,0.19,0.825,0.81,0.84,,,,
2026-01-06 04:54:07.894000+00:00,2026-01-06 04:54:08.015399+00:00,547.894,0.175,0.16,0.19,0.825,0.81,0.84,,,,
2026-01-06 04:54:08.905000+00:00,2026-01-06 04:54:09.011014+00:00,548.905,0.175,0.16,0.19,0.825,0.81,0.84,,,,
2026-01-06 04:54:09.776000+00:00,2026-01-06 04:54:10.013608+00:00,549.776,0.1699999999999999,0.16,0.18,0.83,0.82,0.84,,,,
2026-01-06 04:54:10.804000+00:00,2026-01-06 04:54:11.015191+00:00,550.804,0.1699999999999999,0.16,0.18,0.83,0.82,0.84,,,,
2026-01-06 04:54:11.958000+00:00,2026-01-06 04:54:12.017381+00:00,551.958,0.225,0.22,0.23,0.775,0.74,0.81,,,,
2026-01-06 04:54:12.969000+00:00,2026-01-06 04:54:13.034347+00:00,552.969,0.22,0.2,0.24,0.785,0.77,0.8,,,,
2026-01-06 04:54:13.970000+00:00,2026-01-06 04:54:14.038307+00:00,553.97,0.215,0.2,0.23,0.785,0.77,0.8,,,,
2026-01-06 04:54:14.920000+00:00,2026-01-06 04:54:15.049890+00:00,554.92,0.22,0.21,0.23,0.78,0.77,0.79,,,,
2026-01-06 04:54:15.941000+00:00,2026-01-06 04:54:16.065887+00:00,555.941,0.2249999999999999,0.21,0.24,0.775,0.76,0.79,,,,
2026-01-06 04:54:17.756000+00:00,2026-01-06 04:54:18.063837+00:00,557.756,0.2299999999999999,0.22,0.24,0.77,0.76,0.78,,,,
2026-01-06 04:54:19.001000+00:00,2026-01-06 04:54:19.080181+00:00,559.001,0.2299999999999999,0.22,0.24,0.77,0.76,0.78,,,,
2026-01-06 04:54:20.018000+00:00,2026-01-06 04:54:20.085134+00:00,560.018,0.2299999999999999,0.22,0.24,0.765,0.75,0.78,,,,
2026-01-06 04:54:21.964000+00:00,2026-01-06 04:54:22.117611+00:00,561.964,0.2299999999999999,0.22,0.24,0.77,0.76,0.78,,,,
2026-01-06 04:54:23.035000+00:00,2026-01-06 04:54:23.112559+00:00,563.035,0.225,0.22,0.23,0.775,0.77,0.78,,,,
2026-01-06 04:54:24.101000+00:00,2026-01-06 04:54:24.128263+00:00,564.101,0.2299999999999999,0.22,0.24,0.77,0.76,0.78,,,,
2026-01-06 04:54:25.042000+00:00,2026-01-06 04:54:25.134334+00:00,565.042,0.2299999999999999,0.22,0.24,0.77,0.76,0.78,,,,
2026-01-06 04:54:26.083000+00:00,2026-01-06 04:54:26.141007+00:00,566.083,0.215,0.21,0.22,0.785,0.78,0.79,,,,
2026-01-06 04:54:27.064000+00:00,2026-01-06 04:54:27.151959+00:00,567.064,0.215,0.21,0.22,0.785,0.78,0.79,,,,
2026-01-06 04:54:28.491000+00:00,2026-01-06 04:54:29.184073+00:00,568.491,0.215,0.2,0.23,0.79,0.78,0.8,,,,
2026-01-06 04:54:30.120000+00:00,2026-01-06 04:54:30.196216+00:00,570.12,0.21,0.2,0.22,0.795,0.79,0.8,,,,
2026-01-06 04:54:31.098000+00:00,2026-01-06 04:54:31.198603+00:00,571.098,0.205,0.2,0.21,0.795,0.79,0.8,,,,
2026-01-06 04:54:32.100000+00:00,2026-01-06 04:54:32.199078+00:00,572.1,0.195,0.19,0.2,0.805,0.8,0.81,,,,
2026-01-06 04:54:33.002000+00:00,2026-01-06 04:54:33.208412+00:00,573.002,0.19,0.18,0.2,0.81,0.8,0.82,,,,
2026-01-06 04:54:34.144000+00:00,2026-01-06 04:54:34.209703+00:00,574.144,0.19,0.17,0.21,0.8049999999999999,0.79,0.82,,,,
2026-01-06 04:54:35.062000+00:00,2026-01-06 04:54:35.208764+00:00,575.062,0.21,0.2,0.22,0.79,0.78,0.8,,,,
2026-01-06 04:54:36.927000+00:00,2026-01-06 04:54:37.211795+00:00,576.927,0.205,0.2,0.21,0.795,0.79,0.8,,,,
2026-01-06 04:54:37.934000+00:00,2026-01-06 04:54:38.212830+00:00,577.934,0.205,0.2,0.21,0.8049999999999999,0.79,0.82,,,,
2026-01-06 04:54:39.153000+00:00,2026-01-06 04:54:39.224512+00:00,579.153,0.175,0.17,0.18,0.825,0.82,0.83,,,,
2026-01-06 04:54:40.166000+00:00,2026-01-06 04:54:40.243606+00:00,580.166,0.165,0.16,0.17,0.835,0.83,0.84,,,,
2026-01-06 04:54:41.837000+00:00,2026-01-06 04:54:42.258284+00:00,581.837,0.1699999999999999,0.16,0.18,0.83,0.82,0.84,,,,
2026-01-06 04:54:42.935000+00:00,2026-01-06 04:54:43.259902+00:00,582.935,0.1699999999999999,0.16,0.18,0.83,0.82,0.84,,,,
2026-01-06 04:54:43.872000+00:00,2026-01-06 04:54:44.262707+00:00,583.872,0.1649999999999999,0.15,0.18,0.835,0.82,0.85,,,,
2026-01-06 04:54:44.879000+00:00,2026-01-06 04:54:45.278616+00:00,584.879,0.1649999999999999,0.15,0.18,0.835,0.82,0.85,,,,
2026-01-06 04:54:45.995000+00:00,2026-01-06 04:54:46.279309+00:00,585.995,0.1649999999999999,0.15,0.18,0.835,0.82,0.85,,,,
2026-01-06 04:54:47.167000+00:00,2026-01-06 04:54:47.295184+00:00,587.167,0.16,0.15,0.17,0.84,0.83,0.85,,,,
2026-01-06 04:54:48.235000+00:00,2026-01-06 04:54:48.303400+00:00,588.235,0.16,0.15,0.17,0.84,0.83,0.85,,,,
2026-01-06 04:54:49.193000+00:00,2026-01-06 04:54:49.305917+00:00,589.193,0.16,0.15,0.17,0.84,0.83,0.85,,,,
2026-01-06 04:54:50.249000+00:00,2026-01-06 04:54:50.317959+00:00,590.249,0.16,0.15,0.17,0.84,0.83,0.85,,,,
2026-01-06 04:54:51.210000+00:00,2026-01-06 04:54:51.317648+00:00,591.21,0.155,0.15,0.16,0.845,0.84,0.85,,,,
2026-01-06 04:54:52.203000+00:00,2026-01-06 04:54:52.332216+00:00,592.203,0.155,0.15,0.16,0.845,0.84,0.85,,,,
2026-01-06 04:54:53.274000+00:00,2026-01-06 04:54:53.336984+00:00,593.274,0.155,0.14,0.17,0.845,0.83,0.86,,,,
2026-01-06 04:54:54.192000+00:00,2026-01-06 04:54:54.332571+00:00,594.192,0.145,0.14,0.15,0.855,0.85,0.86,,,,
2026-01-06 04:54:55.235000+00:00,2026-01-06 04:54:55.328106+00:00,595.235,0.145,0.14,0.15,0.855,0.85,0.86,,,,
2026-01-06 04:54:56.031000+00:00,2026-01-06 04:54:56.335341+00:00,596.031,0.15,0.14,0.16,0.85,0.84,0.86,,,,
2026-01-06 04:54:57.243000+00:00,2026-01-06 04:54:57.336427+00:00,597.243,0.15,0.14,0.16,0.85,0.84,0.86,,,,
2026-01-06 04:54:58.160000+00:00,2026-01-06 04:54:58.344334+00:00,598.16,0.155,0.14,0.17,0.845,0.83,0.86,,,,
2026-01-06 04:54:59.275000+00:00,2026-01-06 04:54:59.349563+00:00,599.275,0.16,0.15,0.17,0.835,0.82,0.85,,,,
2026-01-06 04:55:00.282000+00:00,2026-01-06 04:55:00.361123+00:00,600.282,0.155,0.15,0.16,0.845,0.84,0.85,,,,
2026-01-06 04:55:01.282000+00:00,2026-01-06 04:55:01.369201+00:00,601.282,0.145,0.14,0.15,0.855,0.85,0.86,,,,
2026-01-06 04:55:02.215000+00:00,2026-01-06 04:55:02.377507+00:00,602.215,0.145,0.14,0.15,0.855,0.85,0.86,,,,
2026-01-06 04:55:03.881000+00:00,2026-01-06 04:55:05.385261+00:00,603.881,0.145,0.14,0.15,0.855,0.85,0.86,,,,
2026-01-06 04:55:05.967000+00:00,2026-01-06 04:55:06.387430+00:00,605.967,0.145,0.14,0.15,0.855,0.85,0.86,,,,
2026-01-06 04:55:07.283000+00:00,2026-01-06 04:55:07.381138+00:00,607.283,0.145,0.14,0.15,0.855,0.85,0.86,,,,
2026-01-06 04:55:08.333000+00:00,2026-01-06 04:55:08.397079+00:00,608.333,0.15,0.14,0.16,0.85,0.84,0.86,,,,
2026-01-06 04:55:09.339000+00:00,2026-01-06 04:55:09.410317+00:00,609.339,0.15,0.14,0.16,0.85,0.84,0.86,,,,
2026-01-06 04:55:10.315000+00:00,2026-01-06 04:55:10.398569+00:00,610.315,0.15,0.14,0.16,0.855,0.85,0.86,,,,
2026-01-06 04:55:11.235000+00:00,2026-01-06 04:55:11.410353+00:00,611.235,0.145,0.14,0.15,0.855,0.85,0.86,,,,
2026-01-06 04:55:12.329000+00:00,2026-01-06 04:55:12.413143+00:00,612.329,0.15,0.14,0.16,0.85,0.84,0.86,,,,
2026-01-06 04:55:13.337000+00:00,2026-01-06 04:55:13.435027+00:00,613.337,0.1699999999999999,0.16,0.18,0.835,0.82,0.85,,,,
2026-01-06 04:55:14.238000+00:00,2026-01-06 04:55:14.448188+00:00,614.238,0.16,0.15,0.17,0.84,0.83,0.85,,,,
2026-01-06 04:55:15.161000+00:00,2026-01-06 04:55:15.465183+00:00,615.161,0.16,0.15,0.17,0.84,0.83,0.85,,,,
2026-01-06 04:55:16.155000+00:00,2026-01-06 04:55:16.463481+00:00,616.155,0.1649999999999999,0.15,0.18,0.835,0.82,0.85,,,,
2026-01-06 04:55:17.360000+00:00,2026-01-06 04:55:17.467508+00:00,617.36,0.1649999999999999,0.15,0.18,0.835,0.82,0.85,,,,
2026-01-06 04:55:18.401000+00:00,2026-01-06 04:55:18.477615+00:00,618.401,0.1649999999999999,0.15,0.18,0.84,0.83,0.85,,,,
2026-01-06 04:55:19.271000+00:00,2026-01-06 04:55:19.492836+00:00,619.271,0.165,0.16,0.17,0.835,0.83,0.84,,,,
2026-01-06 04:55:20.274000+00:00,2026-01-06 04:55:20.504948+00:00,620.274,0.175,0.17,0.18,0.825,0.82,0.83,,,,
2026-01-06 04:55:21.438000+00:00,2026-01-06 04:55:21.498284+00:00,621.438,0.1699999999999999,0.16,0.18,0.835,0.83,0.84,,,,
2026-01-06 04:55:22.400000+00:00,2026-01-06 04:55:22.508694+00:00,622.4,0.155,0.15,0.16,0.845,0.84,0.85,,,,
2026-01-06 04:55:23.437000+00:00,2026-01-06 04:55:23.504096+00:00,623.437,0.16,0.15,0.17,0.84,0.83,0.85,,,,
2026-01-06 04:55:24.238000+00:00,2026-01-06 04:55:24.503563+00:00,624.238,0.16,0.15,0.17,0.84,0.83,0.85,,,,
2026-01-06 04:55:25.343000+00:00,2026-01-06 04:55:25.519105+00:00,625.343,0.16,0.15,0.17,0.84,0.83,0.85,,,,
2026-01-06 04:55:26.431000+00:00,2026-01-06 04:55:26.529558+00:00,626.431,0.155,0.14,0.17,0.845,0.83,0.86,,,,
2026-01-06 04:55:27.799000+00:00,2026-01-06 04:55:28.525949+00:00,627.799,0.16,0.15,0.17,0.84,0.83,0.85,,,,
2026-01-06 04:55:29.083000+00:00,2026-01-06 04:55:29.536630+00:00,629.083,0.16,0.15,0.17,0.84,0.83,0.85,,,,
2026-01-06 04:55:30.487000+00:00,2026-01-06 04:55:30.553471+00:00,630.487,0.305,0.3,0.31,0.695,0.69,0.7,,,,
2026-01-06 04:55:31.421000+00:00,2026-01-06 04:55:31.551452+00:00,631.421,0.305,0.29,0.32,0.6950000000000001,0.68,0.71,,,,
2026-01-06 04:55:32.345000+00:00,2026-01-06 04:55:32.560688+00:00,632.345,0.29,0.28,0.3,0.705,0.69,0.72,,,,
2026-01-06 04:55:33.328000+00:00,2026-01-06 04:55:33.563853+00:00,633.328,0.295,0.29,0.3,0.705,0.7,0.71,,,,
2026-01-06 04:55:34.426000+00:00,2026-01-06 04:55:34.563127+00:00,634.426,0.29,0.28,0.3,0.71,0.7,0.72,,,,
2026-01-06 04:55:35.234000+00:00,2026-01-06 04:55:35.560516+00:00,635.234,0.29,0.28,0.3,0.71,0.7,0.72,,,,
2026-01-06 04:55:36.293000+00:00,2026-01-06 04:55:36.559022+00:00,636.293,0.29,0.28,0.3,0.71,0.7,0.72,,,,
2026-01-06 04:55:37.486000+00:00,2026-01-06 04:55:37.567925+00:00,637.486,0.28,0.26,0.3,0.715,0.7,0.73,,,,
2026-01-06 04:55:38.495000+00:00,2026-01-06 04:55:38.576025+00:00,638.495,0.27,0.26,0.28,0.73,0.72,0.74,,,,
2026-01-06 04:55:39.440000+00:00,2026-01-06 04:55:39.575792+00:00,639.44,0.265,0.26,0.27,0.735,0.73,0.74,,,,
2026-01-06 04:55:40.430000+00:00,2026-01-06 04:55:40.575945+00:00,640.43,0.27,0.26,0.28,0.735,0.73,0.74,,,,
2026-01-06 04:55:41.517000+00:00,2026-01-06 04:55:41.593395+00:00,641.517,0.265,0.26,0.27,0.735,0.73,0.74,,,,
2026-01-06 04:55:42.528000+00:00,2026-01-06 04:55:42.597479+00:00,642.528,0.265,0.26,0.27,0.735,0.73,0.74,,,,
2026-01-06 04:55:43.520000+00:00,2026-01-06 04:55:43.608665+00:00,643.52,0.265,0.26,0.27,0.735,0.73,0.74,,,,
2026-01-06 04:55:44.532000+00:00,2026-01-06 04:55:44.618681+00:00,644.532,0.27,0.26,0.28,0.725,0.72,0.73,,,,
2026-01-06 04:55:45.547000+00:00,2026-01-06 04:55:45.625369+00:00,645.547,0.275,0.27,0.28,0.725,0.72,0.73,,,,
2026-01-06 04:55:46.554000+00:00,2026-01-06 04:55:46.624358+00:00,646.554,0.27,0.26,0.28,0.73,0.72,0.74,,,,
2026-01-06 04:55:47.249000+00:00,2026-01-06 04:55:47.624147+00:00,647.249,0.275,0.27,0.28,0.725,0.72,0.73,,,,
2026-01-06 04:55:48.506000+00:00,2026-01-06 04:55:48.624596+00:00,648.506,0.28,0.27,0.29,0.72,0.71,0.73,,,,
2026-01-06 04:55:49.495000+00:00,2026-01-06 04:55:49.623594+00:00,649.495,0.29,0.28,0.3,0.71,0.7,0.72,,,,
2026-01-06 04:55:50.567000+00:00,2026-01-06 04:55:50.641440+00:00,650.567,0.375,0.36,0.39,0.625,0.61,0.64,,,,
2026-01-06 04:55:51.551000+00:00,2026-01-06 04:55:51.640286+00:00,651.551,0.36,0.34,0.38,0.64,0.61,0.67,,,,
2026-01-06 04:55:52.605000+00:00,2026-01-06 04:55:52.658500+00:00,652.605,0.39,0.37,0.41,0.61,0.59,0.63,,,,
2026-01-06 04:55:53.535000+00:00,2026-01-06 04:55:53.658582+00:00,653.535,0.385,0.37,0.4,0.615,0.6,0.63,,,,
2026-01-06 04:55:54.583000+00:00,2026-01-06 04:55:54.657412+00:00,654.583,0.37,0.36,0.38,0.625,0.61,0.64,,,,
2026-01-06 04:55:55.540000+00:00,2026-01-06 04:55:55.673355+00:00,655.54,0.385,0.38,0.39,0.615,0.61,0.62,,,,
2026-01-06 04:55:56.604000+00:00,2026-01-06 04:55:56.675150+00:00,656.604,0.425,0.42,0.43,0.575,0.57,0.58,,,,
2026-01-06 04:55:57.546000+00:00,2026-01-06 04:55:57.676148+00:00,657.546,0.44,0.43,0.45,0.56,0.55,0.57,,,,
2026-01-06 04:55:58.601000+00:00,2026-01-06 04:55:58.690032+00:00,658.601,0.43,0.42,0.44,0.565,0.56,0.57,,,,
2026-01-06 04:55:59.558000+00:00,2026-01-06 04:55:59.708810+00:00,659.558,0.43,0.42,0.44,0.5700000000000001,0.56,0.58,,,,
2026-01-06 04:56:00.634000+00:00,2026-01-06 04:56:00.707344+00:00,660.634,0.455,0.45,0.46,0.545,0.54,0.55,,,,
2026-01-06 04:56:01.633000+00:00,2026-01-06 04:56:01.704600+00:00,661.633,0.385,0.38,0.39,0.615,0.61,0.62,,,,
2026-01-06 04:56:02.604000+00:00,2026-01-06 04:56:02.706127+00:00,662.604,0.22,0.21,0.23,0.775,0.77,0.78,,,,
2026-01-06 04:56:03.655000+00:00,2026-01-06 04:56:03.721480+00:00,663.655,0.255,0.25,0.26,0.745,0.74,0.75,,,,
2026-01-06 04:56:04.677000+00:00,2026-01-06 04:56:04.737065+00:00,664.677,0.365,0.36,0.37,0.635,0.63,0.64,,,,
2026-01-06 04:56:05.659000+00:00,2026-01-06 04:56:05.751470+00:00,665.659,0.37,0.36,0.38,0.63,0.62,0.64,,,,
2026-01-06 04:56:06.702000+00:00,2026-01-06 04:56:06.758655+00:00,666.702,0.365,0.36,0.37,0.635,0.63,0.64,,,,
2026-01-06 04:56:07.592000+00:00,2026-01-06 04:56:07.757620+00:00,667.592,0.365,0.36,0.37,0.635,0.63,0.64,,,,
2026-01-06 04:56:08.573000+00:00,2026-01-06 04:56:08.774788+00:00,668.573,0.365,0.36,0.37,0.635,0.63,0.64,,,,
2026-01-06 04:56:09.580000+00:00,2026-01-06 04:56:09.778475+00:00,669.58,0.365,0.36,0.37,0.635,0.63,0.64,,,,
2026-01-06 04:56:10.651000+00:00,2026-01-06 04:56:10.777620+00:00,670.651,0.365,0.36,0.37,0.635,0.63,0.64,,,,
2026-01-06 04:56:11.696000+00:00,2026-01-06 04:56:11.784408+00:00,671.696,0.365,0.36,0.37,0.635,0.63,0.64,,,,
2026-01-06 04:56:12.683000+00:00,2026-01-06 04:56:12.793208+00:00,672.683,0.36,0.35,0.37,0.64,0.63,0.65,,,,
2026-01-06 04:56:13.721000+00:00,2026-01-06 04:56:13.800516+00:00,673.721,0.36,0.35,0.37,0.64,0.63,0.65,,,,
2026-01-06 04:56:14.664000+00:00,2026-01-06 04:56:14.806762+00:00,674.664,0.365,0.36,0.37,0.635,0.63,0.64,,,,
2026-01-06 04:56:15.636000+00:00,2026-01-06 04:56:15.798168+00:00,675.636,0.36,0.35,0.37,0.635,0.63,0.64,,,,
2026-01-06 04:56:16.743000+00:00,2026-01-06 04:56:16.809137+00:00,676.743,0.565,0.56,0.57,0.43,0.42,0.44,,,,
2026-01-06 04:56:17.737000+00:00,2026-01-06 04:56:17.806966+00:00,677.737,0.525,0.49,0.56,0.4599999999999999,0.44,0.48,,,,
2026-01-06 04:56:18.742000+00:00,2026-01-06 04:56:18.814119+00:00,678.742,0.545,0.53,0.56,0.435,0.4,0.47,,,,
2026-01-06 04:56:19.757000+00:00,2026-01-06 04:56:19.829142+00:00,679.757,0.585,0.58,0.59,0.415,0.41,0.42,,,,
2026-01-06 04:56:20.662000+00:00,2026-01-06 04:56:20.829594+00:00,680.662,0.595,0.59,0.6,0.415,0.4,0.43,,,,
2026-01-06 04:56:21.748000+00:00,2026-01-06 04:56:21.850996+00:00,681.748,0.585,0.58,0.59,0.42,0.41,0.43,,,,
2026-01-06 04:56:22.796000+00:00,2026-01-06 04:56:22.866472+00:00,682.796,0.56,0.54,0.58,0.435,0.41,0.46,,,,
2026-01-06 04:56:23.807000+00:00,2026-01-06 04:56:23.874054+00:00,683.807,0.565,0.55,0.58,0.43,0.41,0.45,,,,
2026-01-06 04:56:24.796000+00:00,2026-01-06 04:56:24.863738+00:00,684.796,0.5700000000000001,0.55,0.59,0.43,0.4,0.46,,,,
2026-01-06 04:56:25.816000+00:00,2026-01-06 04:56:25.882357+00:00,685.816,0.5800000000000001,0.56,0.6,0.425,0.41,0.44,,,,
2026-01-06 04:56:26.826000+00:00,2026-01-06 04:56:26.904931+00:00,686.826,0.5700000000000001,0.55,0.59,0.435,0.42,0.45,,,,
2026-01-06 04:56:27.759000+00:00,2026-01-06 04:56:27.917288+00:00,687.759,0.5700000000000001,0.55,0.59,0.43,0.41,0.45,,,,
2026-01-06 04:56:28.848000+00:00,2026-01-06 04:56:28.924280+00:00,688.848,0.565,0.54,0.59,0.435,0.41,0.46,,,,
2026-01-06 04:56:29.873000+00:00,2026-01-06 04:56:29.946891+00:00,689.873,0.5549999999999999,0.54,0.57,0.445,0.43,0.46,,,,
2026-01-06 04:56:30.869000+00:00,2026-01-06 04:56:30.957405+00:00,690.869,0.5549999999999999,0.54,0.57,0.445,0.43,0.46,,,,
2026-01-06 04:56:31.775000+00:00,2026-01-06 04:56:31.978510+00:00,691.775,0.55,0.54,0.56,0.45,0.44,0.46,,,,
2026-01-06 04:56:32.936000+00:00,2026-01-06 04:56:33.000055+00:00,692.936,0.545,0.53,0.56,0.4549999999999999,0.44,0.47,,,,
2026-01-06 04:56:33.659000+00:00,2026-01-06 04:56:34.007512+00:00,693.659,0.54,0.53,0.55,0.47,0.45,0.49,,,,
2026-01-06 04:56:34.847000+00:00,2026-01-06 04:56:35.018864+00:00,694.847,0.535,0.52,0.55,0.4649999999999999,0.45,0.48,,,,
2026-01-06 04:56:35.941000+00:00,2026-01-06 04:56:36.023914+00:00,695.941,0.545,0.53,0.56,0.4549999999999999,0.44,0.47,,,,
2026-01-06 04:56:36.944000+00:00,2026-01-06 04:56:37.034944+00:00,696.944,0.545,0.53,0.56,0.4549999999999999,0.44,0.47,,,,
2026-01-06 04:56:37.914000+00:00,2026-01-06 04:56:38.046849+00:00,697.914,0.545,0.53,0.56,0.4549999999999999,0.44,0.47,,,,
2026-01-06 04:56:38.950000+00:00,2026-01-06 04:56:39.040745+00:00,698.95,0.555,0.55,0.56,0.445,0.44,0.45,,,,
2026-01-06 04:56:39.830000+00:00,2026-01-06 04:56:40.058216+00:00,699.83,0.555,0.55,0.56,0.445,0.44,0.45,,,,
2026-01-06 04:56:40.919000+00:00,2026-01-06 04:56:41.059747+00:00,700.919,0.555,0.55,0.56,0.445,0.44,0.45,,,,
2026-01-06 04:56:41.804000+00:00,2026-01-06 04:56:42.054734+00:00,701.804,0.55,0.54,0.56,0.45,0.44,0.46,,,,
2026-01-06 04:56:42.992000+00:00,2026-01-06 04:56:43.059704+00:00,702.992,0.55,0.54,0.56,0.45,0.44,0.46,,,,
2026-01-06 04:56:43.852000+00:00,2026-01-06 04:56:44.063743+00:00,703.852,0.55,0.54,0.56,0.45,0.44,0.46,,,,
2026-01-06 04:56:44.818000+00:00,2026-01-06 04:56:45.081071+00:00,704.818,0.55,0.54,0.56,0.45,0.44,0.46,,,,
2026-01-06 04:56:45.914000+00:00,2026-01-06 04:56:46.081417+00:00,705.914,0.55,0.54,0.56,0.45,0.44,0.46,,,,
2026-01-06 04:56:47.806000+00:00,2026-01-06 04:56:48.089932+00:00,707.806,0.55,0.54,0.56,0.45,0.44,0.46,,,,
2026-01-06 04:56:49.035000+00:00,2026-01-06 04:56:49.106609+00:00,709.035,0.55,0.54,0.56,0.45,0.44,0.46,,,,
2026-01-06 04:56:50.023000+00:00,2026-01-06 04:56:50.112302+00:00,710.023,0.545,0.53,0.56,0.4549999999999999,0.44,0.47,,,,
2026-01-06 04:56:51.058000+00:00,2026-01-06 04:56:51.127371+00:00,711.058,0.54,0.53,0.55,0.4599999999999999,0.45,0.47,,,,
2026-01-06 04:56:52.064000+00:00,2026-01-06 04:56:52.139997+00:00,712.064,0.55,0.54,0.56,0.45,0.44,0.46,,,,
2026-01-06 04:56:53.071000+00:00,2026-01-06 04:56:53.160848+00:00,713.071,0.545,0.53,0.56,0.4549999999999999,0.44,0.47,,,,
2026-01-06 04:56:54.089000+00:00,2026-01-06 04:56:54.167144+00:00,714.089,0.545,0.53,0.56,0.4549999999999999,0.44,0.47,,,,
2026-01-06 04:56:55.117000+00:00,2026-01-06 04:56:55.188058+00:00,715.117,0.545,0.53,0.56,0.4549999999999999,0.44,0.47,,,,
2026-01-06 04:56:56.129000+00:00,2026-01-06 04:56:56.189810+00:00,716.129,0.545,0.53,0.56,0.4549999999999999,0.44,0.47,,,,
2026-01-06 04:56:57.079000+00:00,2026-01-06 04:56:57.205332+00:00,717.079,0.53,0.5,0.56,0.48,0.46,0.5,,,,
2026-01-06 04:56:58.118000+00:00,2026-01-06 04:56:58.220585+00:00,718.118,0.53,0.51,0.55,0.47,0.45,0.49,,,,
2026-01-06 04:56:59.153000+00:00,2026-01-06 04:56:59.221143+00:00,719.153,0.535,0.52,0.55,0.4649999999999999,0.45,0.48,,,,
2026-01-06 04:57:00.146000+00:00,2026-01-06 04:57:00.221996+00:00,720.146,0.535,0.52,0.55,0.4649999999999999,0.45,0.48,,,,
2026-01-06 04:57:01.156000+00:00,2026-01-06 04:57:01.222429+00:00,721.156,0.54,0.53,0.55,0.455,0.45,0.46,,,,
2026-01-06 04:57:02.972000+00:00,2026-01-06 04:57:03.256627+00:00,722.972,0.53,0.52,0.54,0.47,0.46,0.48,,,,
2026-01-06 04:57:04.164000+00:00,2026-01-06 04:57:04.258214+00:00,724.164,0.53,0.52,0.54,0.47,0.46,0.48,,,,
2026-01-06 04:57:05.052000+00:00,2026-01-06 04:57:05.255034+00:00,725.052,0.545,0.53,0.56,0.4549999999999999,0.44,0.47,,,,
2026-01-06 04:57:06.190000+00:00,2026-01-06 04:57:06.272984+00:00,726.19,0.54,0.53,0.55,0.4549999999999999,0.44,0.47,,,,
2026-01-06 04:57:07.061000+00:00,2026-01-06 04:57:07.289941+00:00,727.061,0.545,0.53,0.56,0.4549999999999999,0.44,0.47,,,,
2026-01-06 04:57:08.225000+00:00,2026-01-06 04:57:08.290068+00:00,728.225,0.555,0.55,0.56,0.445,0.44,0.45,,,,
2026-01-06 04:57:09.220000+00:00,2026-01-06 04:57:09.290703+00:00,729.22,0.555,0.55,0.56,0.445,0.44,0.45,,,,
2026-01-06 04:57:10.081000+00:00,2026-01-06 04:57:10.291727+00:00,730.081,0.55,0.54,0.56,0.455,0.45,0.46,,,,
2026-01-06 04:57:11.202000+00:00,2026-01-06 04:57:11.306096+00:00,731.202,0.535,0.53,0.54,0.47,0.46,0.48,,,,
2026-01-06 04:57:12.030000+00:00,2026-01-06 04:57:12.312583+00:00,732.03,0.535,0.53,0.54,0.4649999999999999,0.46,0.47,,,,
2026-01-06 04:57:13.042000+00:00,2026-01-06 04:57:13.304416+00:00,733.042,0.535,0.52,0.55,0.4649999999999999,0.45,0.48,,,,
2026-01-06 04:57:14.208000+00:00,2026-01-06 04:57:14.305710+00:00,734.208,0.525,0.49,0.56,0.48,0.45,0.51,,,,
2026-01-06 04:57:15.165000+00:00,2026-01-06 04:57:15.306091+00:00,735.165,0.52,0.49,0.55,0.48,0.45,0.51,,,,
2026-01-06 04:57:16.222000+00:00,2026-01-06 04:57:16.314320+00:00,736.222,0.535,0.52,0.55,0.4649999999999999,0.45,0.48,,,,
2026-01-06 04:57:17.267000+00:00,2026-01-06 04:57:17.315858+00:00,737.267,0.525,0.52,0.53,0.475,0.47,0.48,,,,
2026-01-06 04:57:18.198000+00:00,2026-01-06 04:57:18.323076+00:00,738.198,0.53,0.52,0.54,0.47,0.46,0.48,,,,
2026-01-06 04:57:19.264000+00:00,2026-01-06 04:57:19.337907+00:00,739.264,0.545,0.54,0.55,0.4599999999999999,0.45,0.47,,,,
2026-01-06 04:57:20.202000+00:00,2026-01-06 04:57:20.344953+00:00,740.202,0.545,0.54,0.55,0.455,0.45,0.46,,,,
2026-01-06 04:57:21.265000+00:00,2026-01-06 04:57:21.354767+00:00,741.265,0.545,0.54,0.55,0.445,0.44,0.45,,,,
2026-01-06 04:57:22.949000+00:00,2026-01-06 04:57:23.371862+00:00,742.949,0.555,0.55,0.56,0.445,0.44,0.45,,,,
2026-01-06 04:57:24.185000+00:00,2026-01-06 04:57:24.392245+00:00,744.185,0.555,0.55,0.56,0.445,0.44,0.45,,,,
2026-01-06 04:57:25.115000+00:00,2026-01-06 04:57:25.416011+00:00,745.115,0.545,0.54,0.55,0.455,0.45,0.46,,,,
2026-01-06 04:57:26.157000+00:00,2026-01-06 04:57:26.443656+00:00,746.157,0.545,0.54,0.55,0.455,0.45,0.46,,,,
2026-01-06 04:57:27.388000+00:00,2026-01-06 04:57:27.455377+00:00,747.388,0.555,0.55,0.56,0.445,0.44,0.45,,,,
2026-01-06 04:57:28.393000+00:00,2026-01-06 04:57:28.462599+00:00,748.393,0.545,0.54,0.55,0.455,0.45,0.46,,,,
2026-01-06 04:57:29.410000+00:00,2026-01-06 04:57:29.472051+00:00,749.41,0.545,0.54,0.55,0.455,0.45,0.46,,,,
2026-01-06 04:57:30.345000+00:00,2026-01-06 04:57:30.479034+00:00,750.345,0.545,0.54,0.55,0.455,0.45,0.46,,,,
2026-01-06 04:57:31.352000+00:00,2026-01-06 04:57:31.478830+00:00,751.352,0.525,0.52,0.53,0.475,0.47,0.48,,,,
2026-01-06 04:57:32.209000+00:00,2026-01-06 04:57:32.478954+00:00,752.209,0.52,0.51,0.53,0.48,0.47,0.49,,,,
2026-01-06 04:57:33.391000+00:00,2026-01-06 04:57:33.495067+00:00,753.391,0.52,0.51,0.53,0.48,0.47,0.49,,,,
2026-01-06 04:57:34.376000+00:00,2026-01-06 04:57:34.493150+00:00,754.376,0.515,0.51,0.52,0.48,0.47,0.49,,,,
2026-01-06 04:57:35.387000+00:00,2026-01-06 04:57:35.494931+00:00,755.387,0.52,0.51,0.53,0.48,0.47,0.49,,,,
2026-01-06 04:57:36.137000+00:00,2026-01-06 04:57:36.504872+00:00,756.137,0.505,0.5,0.51,0.495,0.49,0.5,,,,
2026-01-06 04:57:37.420000+00:00,2026-01-06 04:57:37.508838+00:00,757.42,0.505,0.5,0.51,0.495,0.49,0.5,,,,
2026-01-06 04:57:38.443000+00:00,2026-01-06 04:57:38.515399+00:00,758.443,0.425,0.42,0.43,0.595,0.58,0.61,,,,
2026-01-06 04:57:39.466000+00:00,2026-01-06 04:57:39.527332+00:00,759.466,0.4,0.39,0.41,0.6,0.59,0.61,,,,
2026-01-06 04:57:40.430000+00:00,2026-01-06 04:57:40.541976+00:00,760.43,0.395,0.39,0.4,0.605,0.6,0.61,,,,
2026-01-06 04:57:41.326000+00:00,2026-01-06 04:57:41.555359+00:00,761.326,0.395,0.39,0.4,0.605,0.6,0.61,,,,
2026-01-06 04:57:42.441000+00:00,2026-01-06 04:57:42.558741+00:00,762.441,0.39,0.38,0.4,0.61,0.6,0.62,,,,
2026-01-06 04:57:43.239000+00:00,2026-01-06 04:57:43.571070+00:00,763.239,0.39,0.38,0.4,0.615,0.61,0.62,,,,
2026-01-06 04:57:44.429000+00:00,2026-01-06 04:57:44.575862+00:00,764.429,0.385,0.38,0.39,0.615,0.61,0.62,,,,
2026-01-06 04:57:45.300000+00:00,2026-01-06 04:57:45.573768+00:00,765.3,0.385,0.38,0.39,0.615,0.61,0.62,,,,
2026-01-06 04:57:46.505000+00:00,2026-01-06 04:57:46.576115+00:00,766.505,0.385,0.38,0.39,0.615,0.61,0.62,,,,
2026-01-06 04:57:47.519000+00:00,2026-01-06 04:57:47.577794+00:00,767.519,0.245,0.24,0.25,0.74,0.72,0.76,,,,
2026-01-06 04:57:48.490000+00:00,2026-01-06 04:57:48.582996+00:00,768.49,0.165,0.16,0.17,0.84,0.83,0.85,,,,
2026-01-06 04:57:49.516000+00:00,2026-01-06 04:57:49.592151+00:00,769.516,0.155,0.15,0.16,0.845,0.84,0.85,,,,
2026-01-06 04:57:50.444000+00:00,2026-01-06 04:57:50.592767+00:00,770.444,0.155,0.15,0.16,0.835,0.82,0.85,,,,
2026-01-06 04:57:51.516000+00:00,2026-01-06 04:57:51.591564+00:00,771.516,0.1699999999999999,0.16,0.18,0.83,0.82,0.84,,,,
2026-01-06 04:57:52.535000+00:00,2026-01-06 04:57:52.609129+00:00,772.535,0.21,0.2,0.22,0.785,0.78,0.79,,,,
2026-01-06 04:57:53.522000+00:00,2026-01-06 04:57:53.608176+00:00,773.522,0.215,0.21,0.22,0.785,0.78,0.79,,,,
2026-01-06 04:57:54.436000+00:00,2026-01-06 04:57:54.603052+00:00,774.436,0.225,0.22,0.23,0.775,0.77,0.78,,,,
2026-01-06 04:57:55.400000+00:00,2026-01-06 04:57:55.606229+00:00,775.4,0.225,0.22,0.23,0.775,0.77,0.78,,,,
2026-01-06 04:57:56.533000+00:00,2026-01-06 04:57:56.622260+00:00,776.533,0.225,0.22,0.23,0.775,0.77,0.78,,,,
2026-01-06 04:57:57.548000+00:00,2026-01-06 04:57:57.632827+00:00,777.548,0.225,0.22,0.23,0.775,0.77,0.78,,,,
2026-01-06 04:57:58.569000+00:00,2026-01-06 04:57:58.637630+00:00,778.569,0.41,0.4,0.42,0.585,0.57,0.6,,,,
2026-01-06 04:57:59.591000+00:00,2026-01-06 04:57:59.659327+00:00,779.591,0.4399999999999999,0.41,0.47,0.595,0.59,0.6,,,,
2026-01-06 04:58:00.580000+00:00,2026-01-06 04:58:00.685998+00:00,780.58,0.43,0.42,0.44,0.575,0.57,0.58,,,,
2026-01-06 04:58:01.607000+00:00,2026-01-06 04:58:01.690872+00:00,781.607,0.425,0.42,0.43,0.575,0.57,0.58,,,,
2026-01-06 04:58:02.563000+00:00,2026-01-06 04:58:02.700940+00:00,782.563,0.415,0.41,0.42,0.585,0.58,0.59,,,,
2026-01-06 04:58:03.327000+00:00,2026-01-06 04:58:03.702852+00:00,783.327,0.415,0.41,0.42,0.585,0.58,0.59,,,,
2026-01-06 04:58:04.638000+00:00,2026-01-06 04:58:04.718241+00:00,784.638,0.415,0.41,0.42,0.585,0.58,0.59,,,,
2026-01-06 04:58:05.633000+00:00,2026-01-06 04:58:05.722116+00:00,785.633,0.405,0.4,0.41,0.595,0.59,0.6,,,,
2026-01-06 04:58:06.642000+00:00,2026-01-06 04:58:06.718231+00:00,786.642,0.39,0.38,0.4,0.605,0.6,0.61,,,,
2026-01-06 04:58:07.626000+00:00,2026-01-06 04:58:07.719428+00:00,787.626,0.395,0.39,0.4,0.605,0.6,0.61,,,,
2026-01-06 04:58:08.649000+00:00,2026-01-06 04:58:08.736017+00:00,788.649,0.4,0.39,0.41,0.605,0.6,0.61,,,,
2026-01-06 04:58:09.642000+00:00,2026-01-06 04:58:09.738008+00:00,789.642,0.385,0.38,0.39,0.615,0.61,0.62,,,,
2026-01-06 04:58:10.630000+00:00,2026-01-06 04:58:10.755265+00:00,790.63,0.385,0.38,0.39,0.615,0.61,0.62,,,,
2026-01-06 04:58:11.603000+00:00,2026-01-06 04:58:11.749194+00:00,791.603,0.385,0.38,0.39,0.615,0.61,0.62,,,,
2026-01-06 04:58:12.623000+00:00,2026-01-06 04:58:12.745691+00:00,792.623,0.375,0.37,0.38,0.625,0.62,0.63,,,,
2026-01-06 04:58:13.676000+00:00,2026-01-06 04:58:13.754484+00:00,793.676,0.375,0.37,0.38,0.625,0.62,0.63,,,,
2026-01-06 04:58:14.696000+00:00,2026-01-06 04:58:14.769558+00:00,794.696,0.375,0.37,0.38,0.625,0.62,0.63,,,,
2026-01-06 04:58:15.525000+00:00,2026-01-06 04:58:15.776414+00:00,795.525,0.38,0.37,0.39,0.62,0.61,0.63,,,,
2026-01-06 04:58:16.699000+00:00,2026-01-06 04:58:16.772980+00:00,796.699,0.355,0.35,0.36,0.645,0.64,0.65,,,,
2026-01-06 04:58:17.716000+00:00,2026-01-06 04:58:17.787560+00:00,797.716,0.32,0.31,0.33,0.6799999999999999,0.67,0.69,,,,
2026-01-06 04:58:18.694000+00:00,2026-01-06 04:58:18.804377+00:00,798.694,0.32,0.31,0.33,0.6799999999999999,0.67,0.69,,,,
2026-01-06 04:58:19.734000+00:00,2026-01-06 04:58:19.806127+00:00,799.734,0.355,0.35,0.36,0.645,0.64,0.65,,,,
2026-01-06 04:58:20.725000+00:00,2026-01-06 04:58:20.819421+00:00,800.725,0.3399999999999999,0.33,0.35,0.66,0.65,0.67,,,,
2026-01-06 04:58:21.704000+00:00,2026-01-06 04:58:21.823764+00:00,801.704,0.3399999999999999,0.33,0.35,0.66,0.65,0.67,,,,
2026-01-06 04:58:22.756000+00:00,2026-01-06 04:58:22.825752+00:00,802.756,0.35,0.34,0.36,0.65,0.64,0.66,,,,
2026-01-06 04:58:23.770000+00:00,2026-01-06 04:58:23.835521+00:00,803.77,0.355,0.35,0.36,0.645,0.64,0.65,,,,
2026-01-06 04:58:24.759000+00:00,2026-01-06 04:58:24.851435+00:00,804.759,0.345,0.34,0.35,0.655,0.65,0.66,,,,
2026-01-06 04:58:25.681000+00:00,2026-01-06 04:58:25.852853+00:00,805.681,0.345,0.34,0.35,0.655,0.65,0.66,,,,
2026-01-06 04:58:26.603000+00:00,2026-01-06 04:58:26.869003+00:00,806.603,0.335,0.33,0.34,0.665,0.66,0.67,,,,
2026-01-06 04:58:27.788000+00:00,2026-01-06 04:58:27.869777+00:00,807.788,0.335,0.33,0.34,0.665,0.66,0.67,,,,
2026-01-06 04:58:28.549000+00:00,2026-01-06 04:58:28.876113+00:00,808.549,0.335,0.33,0.34,0.675,0.67,0.68,,,,
2026-01-06 04:58:29.649000+00:00,2026-01-06 04:58:29.875594+00:00,809.649,0.325,0.32,0.33,0.675,0.67,0.68,,,,
2026-01-06 04:58:30.544000+00:00,2026-01-06 04:58:30.890931+00:00,810.544,0.325,0.32,0.33,0.675,0.67,0.68,,,,
2026-01-06 04:58:31.806000+00:00,2026-01-06 04:58:31.900770+00:00,811.806,0.345,0.34,0.35,0.655,0.65,0.66,,,,
2026-01-06 04:58:32.788000+00:00,2026-01-06 04:58:32.902036+00:00,812.788,0.345,0.34,0.35,0.655,0.65,0.66,,,,
2026-01-06 04:58:33.828000+00:00,2026-01-06 04:58:33.902918+00:00,813.828,0.33,0.32,0.34,0.67,0.66,0.68,,,,
2026-01-06 04:58:34.838000+00:00,2026-01-06 04:58:34.907258+00:00,814.838,0.31,0.3,0.32,0.69,0.68,0.7,,,,
2026-01-06 04:58:35.834000+00:00,2026-01-06 04:58:35.903099+00:00,815.834,0.315,0.31,0.32,0.685,0.68,0.69,,,,
2026-01-06 04:58:36.821000+00:00,2026-01-06 04:58:36.912779+00:00,816.821,0.315,0.31,0.32,0.685,0.68,0.69,,,,
2026-01-06 04:58:37.776000+00:00,2026-01-06 04:58:37.919132+00:00,817.776,0.295,0.29,0.3,0.705,0.7,0.71,,,,
2026-01-06 04:58:38.857000+00:00,2026-01-06 04:58:38.927247+00:00,818.857,0.275,0.27,0.28,0.725,0.72,0.73,,,,
2026-01-06 04:58:39.858000+00:00,2026-01-06 04:58:39.940955+00:00,819.858,0.265,0.26,0.27,0.735,0.73,0.74,,,,
2026-01-06 04:58:40.875000+00:00,2026-01-06 04:58:40.941631+00:00,820.875,0.265,0.26,0.27,0.745,0.74,0.75,,,,
2026-01-06 04:58:41.864000+00:00,2026-01-06 04:58:41.943811+00:00,821.864,0.255,0.25,0.26,0.745,0.74,0.75,,,,
2026-01-06 04:58:42.872000+00:00,2026-01-06 04:58:42.943915+00:00,822.872,0.255,0.25,0.26,0.745,0.74,0.75,,,,
2026-01-06 04:58:43.866000+00:00,2026-01-06 04:58:43.934889+00:00,823.866,0.095,0.08,0.11,0.905,0.9,0.91,,,,
2026-01-06 04:58:44.880000+00:00,2026-01-06 04:58:44.946806+00:00,824.88,0.1,0.09,0.11,0.9,0.89,0.91,,,,
2026-01-06 04:58:45.888000+00:00,2026-01-06 04:58:45.958384+00:00,825.888,0.09,0.08,0.1,0.915,0.91,0.92,,,,
2026-01-06 04:58:46.878000+00:00,2026-01-06 04:58:46.959643+00:00,826.878,0.095,0.09,0.1,0.905,0.9,0.91,,,,
2026-01-06 04:58:47.893000+00:00,2026-01-06 04:58:47.963271+00:00,827.893,0.095,0.09,0.1,0.91,0.9,0.92,,,,
2026-01-06 04:58:48.891000+00:00,2026-01-06 04:58:48.960719+00:00,828.891,0.09,0.08,0.1,0.91,0.9,0.92,,,,
2026-01-06 04:58:49.885000+00:00,2026-01-06 04:58:49.967821+00:00,829.885,0.09,0.08,0.1,0.91,0.9,0.92,,,,
2026-01-06 04:58:50.887000+00:00,2026-01-06 04:58:50.967974+00:00,830.887,0.105,0.08,0.13,0.9,0.88,0.92,,,,
2026-01-06 04:58:51.900000+00:00,2026-01-06 04:58:51.967970+00:00,831.9,0.11,0.1,0.12,0.89,0.88,0.9,,,,
2026-01-06 04:58:52.907000+00:00,2026-01-06 04:58:52.976041+00:00,832.907,0.0849999999999999,0.08,0.09,0.92,0.91,0.93,,,,
2026-01-06 04:58:53.837000+00:00,2026-01-06 04:58:53.968096+00:00,833.837,0.0849999999999999,0.08,0.09,0.91,0.9,0.92,,,,
2026-01-06 04:58:54.904000+00:00,2026-01-06 04:58:54.968348+00:00,834.904,0.075,0.07,0.08,0.945,0.94,0.95,,,,
2026-01-06 04:58:55.897000+00:00,2026-01-06 04:58:55.975959+00:00,835.897,0.055,0.05,0.06,0.945,0.94,0.95,,,,
2026-01-06 04:58:56.901000+00:00,2026-01-06 04:58:56.984386+00:00,836.901,0.055,0.05,0.06,0.945,0.94,0.95,,,,
2026-01-06 04:58:57.922000+00:00,2026-01-06 04:58:58.002306+00:00,837.922,0.04,0.03,0.05,0.965,0.96,0.97,,,,
2026-01-06 04:58:58.920000+00:00,2026-01-06 04:58:59.006325+00:00,838.92,0.045,0.04,0.05,0.96,0.95,0.97,,,,
2026-01-06 04:59:00.934000+00:00,2026-01-06 04:59:01.008344+00:00,840.934,0.045,0.04,0.05,0.965,0.96,0.97,,,,
2026-01-06 04:59:01.950000+00:00,2026-01-06 04:59:02.017713+00:00,841.95,0.045,0.03,0.06,0.955,0.94,0.97,,,,
2026-01-06 04:59:02.933000+00:00,2026-01-06 04:59:03.026942+00:00,842.933,0.035,0.03,0.04,0.965,0.96,0.97,,,,
2026-01-06 04:59:03.970000+00:00,2026-01-06 04:59:04.017698+00:00,843.97,0.025,0.02,0.03,0.975,0.97,0.98,,,,
2026-01-06 04:59:04.754000+00:00,2026-01-06 04:59:05.008171+00:00,844.754,0.025,0.02,0.03,0.975,0.97,0.98,,,,
2026-01-06 04:59:05.944000+00:00,2026-01-06 04:59:06.011821+00:00,845.944,0.015,0.01,0.02,0.985,0.98,0.99,,,,
2026-01-06 04:59:06.947000+00:00,2026-01-06 04:59:07.035706+00:00,846.947,0.02,0.01,0.03,0.98,0.97,0.99,,,,
2026-01-06 04:59:07.967000+00:00,2026-01-06 04:59:08.045007+00:00,847.967,0.02,0.01,0.03,0.98,0.97,0.99,,,,
2026-01-06 04:59:08.963000+00:00,2026-01-06 04:59:09.050660+00:00,848.963,0.015,0.01,0.02,0.985,0.98,0.99,,,,
2026-01-06 04:59:09.950000+00:00,2026-01-06 04:59:10.059792+00:00,849.95,0.02,0.01,0.03,0.985,0.98,0.99,,,,
2026-01-06 04:59:10.940000+00:00,2026-01-06 04:59:11.058308+00:00,850.94,0.025,0.01,0.04,0.975,0.96,0.99,,,,
2026-01-06 04:59:11.931000+00:00,2026-01-06 04:59:12.070333+00:00,851.931,0.02,0.01,0.03,0.98,0.97,0.99,,,,
2026-01-06 04:59:12.902000+00:00,2026-01-06 04:59:13.086169+00:00,852.902,0.015,0.01,0.02,0.985,0.98,0.99,,,,
2026-01-06 04:59:14.959000+00:00,2026-01-06 04:59:15.084122+00:00,854.959,0.015,0.01,0.02,0.985,0.98,0.99,,,,
2026-01-06 04:59:15.805000+00:00,2026-01-06 04:59:16.102440+00:00,855.805,0.015,0.01,0.02,0.985,0.98,0.99,,,,
2026-01-06 04:59:16.936000+00:00,2026-01-06 04:59:17.103220+00:00,856.936,0.02,0.01,0.03,0.97,0.95,0.99,,,,
2026-01-06 04:59:17.596000+00:00,2026-01-06 04:59:18.117312+00:00,857.596,0.02,0.01,0.03,0.98,0.97,0.99,,,,
2026-01-06 04:59:18.446000+00:00,2026-01-06 04:59:19.133660+00:00,858.446,0.02,0.01,0.03,0.98,0.97,0.99,,,,
2026-01-06 04:59:19.945000+00:00,2026-01-06 04:59:20.133372+00:00,859.945,0.02,0.01,0.03,0.98,0.97,0.99,,,,
2026-01-06 04:59:20.872000+00:00,2026-01-06 04:59:21.148970+00:00,860.872,0.015,0.01,0.02,0.985,0.98,0.99,,,,
2026-01-06 04:59:21.675000+00:00,2026-01-06 04:59:22.165301+00:00,861.675,0.015,0.01,0.02,0.985,0.98,0.99,,,,
2026-01-06 04:59:23.093000+00:00,2026-01-06 04:59:23.182829+00:00,863.093,0.025,0.02,0.03,0.975,0.97,0.98,,,,
2026-01-06 04:59:24.993000+00:00,2026-01-06 04:59:25.182638+00:00,864.993,0.025,0.02,0.03,0.975,0.97,0.98,,,,
2026-01-06 04:59:25.948000+00:00,2026-01-06 04:59:26.183035+00:00,865.948,0.025,0.02,0.03,0.975,0.97,0.98,,,,
2026-01-06 04:59:27.111000+00:00,2026-01-06 04:59:27.183596+00:00,867.111,0.025,0.02,0.03,0.975,0.97,0.98,,,,
2026-01-06 04:59:28.093000+00:00,2026-01-06 04:59:28.182142+00:00,868.093,0.025,0.02,0.03,0.975,0.97,0.98,,,,
2026-01-06 04:59:29.077000+00:00,2026-01-06 04:59:29.175443+00:00,869.077,0.025,0.02,0.03,0.975,0.97,0.98,,,,
2026-01-06 04:59:30.077000+00:00,2026-01-06 04:59:30.171115+00:00,870.077,0.025,0.02,0.03,0.975,0.97,0.98,,,,
2026-01-06 04:59:31.090000+00:00,2026-01-06 04:59:31.166069+00:00,871.09,0.025,0.02,0.03,0.975,0.97,0.98,,,,
2026-01-06 04:59:32.986000+00:00,2026-01-06 04:59:33.173823+00:00,872.986,0.025,0.02,0.03,0.975,0.97,0.98,,,,
2026-01-06 04:59:33.782000+00:00,2026-01-06 04:59:34.172328+00:00,873.782,0.015,0.01,0.02,0.985,0.98,0.99,,,,
2026-01-06 04:59:35.044000+00:00,2026-01-06 04:59:35.184510+00:00,875.044,0.015,0.01,0.02,0.985,0.98,0.99,,,,
2026-01-06 04:59:36.012000+00:00,2026-01-06 04:59:36.180954+00:00,876.012,0.015,0.01,0.02,0.985,0.98,0.99,,,,
2026-01-06 04:59:37.917000+00:00,2026-01-06 04:59:38.202387+00:00,877.917,0.015,0.01,0.02,0.985,0.98,0.99,,,,
2026-01-06 04:59:39.065000+00:00,2026-01-06 04:59:39.205785+00:00,879.065,0.01,,0.01,0.99,0.99,,,,,
2026-01-06 04:59:40.938000+00:00,2026-01-06 04:59:41.233801+00:00,880.938,0.01,,0.01,0.99,0.99,,,,,
2026-01-06 04:59:42.158000+00:00,2026-01-06 04:59:42.232271+00:00,882.158,0.01,,0.01,0.99,0.99,,,,,
2026-01-06 04:59:43.636000+00:00,2026-01-06 04:59:44.275369+00:00,883.636,0.01,,0.01,0.99,0.99,,,,,
2026-01-06 04:59:45.688000+00:00,2026-01-06 04:59:46.289792+00:00,885.688,0.01,,0.01,0.99,0.99,,,,,
2026-01-06 04:59:46.898000+00:00,2026-01-06 04:59:47.301157+00:00,886.898,0.01,,0.01,0.99,0.99,,,,,
2026-01-06 04:59:47.896000+00:00,2026-01-06 04:59:48.315951+00:00,887.896,0.01,,0.01,0.99,0.99,,,,,
2026-01-06 04:59:49.912000+00:00,2026-01-06 04:59:50.326481+00:00,889.912,0.01,,0.01,0.99,0.99,,,,,
2026-01-06 04:59:51.783000+00:00,2026-01-06 04:59:52.348973+00:00,891.783,0.01,,0.01,0.99,0.99,,,,,
2026-01-06 04:59:52.789000+00:00,2026-01-06 04:59:53.366588+00:00,892.789,0.01,,0.01,0.99,0.99,,,,,
2026-01-06 04:59:53.828000+00:00,2026-01-06 04:59:54.371168+00:00,893.828,0.01,,0.01,0.99,0.99,,,,,
2026-01-06 04:59:55.225000+00:00,2026-01-06 04:59:55.383390+00:00,895.225,0.01,,0.01,0.99,0.99,,,,,
2026-01-06 04:59:56.020000+00:00,2026-01-06 04:59:56.386391+00:00,896.02,0.01,,0.01,0.99,0.99,,,,,
2026-01-06 04:59:57.041000+00:00,2026-01-06 04:59:57.399900+00:00,897.041,0.01,,0.01,0.99,0.99,,,,,
2026-01-06 04:59:58.869000+00:00,2026-01-06 04:59:59.398924+00:00,898.869,0.01,,0.01,0.99,0.99,,,,,
