timestamp,collected_at,seconds,mid,bid,ask,asset
2026-01-06 16:45:00+00:00,,0.0,ETH,3238.291,3238.13,16:45:00
2026-01-06 16:45:01+00:00,,1.0,ETH,3238.081,3237.98,16:45:01
2026-01-06 16:45:02+00:00,,2.0,ETH,3237.661,3237.56,16:45:02
2026-01-06 16:45:03+00:00,,3.0,ETH,3237.491,3237.33,16:45:03
2026-01-06 16:45:04+00:00,,4.0,ETH,3237.491,3237.19,16:45:04
2026-01-06 16:45:05+00:00,,5.0,ETH,3237.281,3237.05,16:45:05
2026-01-06 16:45:06+00:00,,6.0,ETH,3237.181,3237.13,16:45:06
2026-01-06 16:45:07+00:00,,7.0,ETH,3237.211,3237.09,16:45:07
2026-01-06 16:45:08+00:00,,8.0,ETH,3237.231,3237.12,16:45:08
2026-01-06 16:45:09+00:00,,9.0,ETH,3237.231,3237.08,16:45:09
2026-01-06 16:45:10+00:00,,10.0,ETH,3237.171,3236.68,16:45:10
2026-01-06 16:45:11+00:00,,11.0,ETH,3236.461,3235.95,16:45:11
2026-01-06 16:45:12+00:00,,12.0,ETH,3235.681,3235.46,16:45:12
2026-01-06 16:45:13+00:00,,13.0,ETH,3235.701,3235.62,16:45:13
2026-01-06 16:45:14+00:00,,14.0,ETH,3235.921,3235.89,16:45:14
2026-01-06 16:45:15+00:00,,15.0,ETH,3236.371,3236.21,16:45:15
2026-01-06 16:45:16+00:00,,16.0,ETH,3236.861,3236.67,16:45:16
2026-01-06 16:45:17+00:00,,17.0,ETH,3237.001,3236.9,16:45:17
2026-01-06 16:45:18+00:00,,18.0,ETH,3237.341,3237.21,16:45:18
2026-01-06 16:45:19+00:00,,19.0,ETH,3237.681,3237.55,16:45:19
2026-01-06 16:45:20+00:00,,20.0,ETH,3237.911,3237.6,16:45:20
2026-01-06 16:45:21+00:00,,21.0,ETH,3237.921,3237.67,16:45:21
2026-01-06 16:45:22+00:00,,22.0,ETH,3237.751,3237.32,16:45:22
2026-01-06 16:45:23+00:00,,23.0,ETH,3237.441,3237.22,16:45:23
2026-01-06 16:45:24+00:00,,24.0,ETH,3237.221,3237.14,16:45:24
2026-01-06 16:45:25+00:00,,25.0,ETH,3237.391,3237.28,16:45:25
2026-01-06 16:45:26+00:00,,26.0,ETH,3237.551,3237.3,16:45:26
2026-01-06 16:45:27+00:00,,27.0,ETH,3237.551,3237.23,16:45:27
2026-01-06 16:45:28+00:00,,28.0,ETH,3237.821,3237.71,16:45:28
2026-01-06 16:45:29+00:00,,29.0,ETH,3237.781,3237.71,16:45:29
2026-01-06 16:45:30+00:00,,30.0,ETH,3237.781,3237.62,16:45:30
2026-01-06 16:45:31+00:00,,31.0,ETH,3237.651,3237.59,16:45:31
2026-01-06 16:45:32+00:00,,32.0,ETH,3237.941,3237.53,16:45:32
2026-01-06 16:45:33+00:00,,33.0,ETH,3237.751,3237.67,16:45:33
2026-01-06 16:45:34+00:00,,34.0,ETH,3238.301,3238.23,16:45:34
2026-01-06 16:45:35+00:00,,35.0,ETH,3238.621,3238.11,16:45:35
2026-01-06 16:45:36+00:00,,36.0,ETH,3238.371,3238.29,16:45:36
2026-01-06 16:45:37+00:00,,37.0,ETH,3238.471,3238.14,16:45:37
2026-01-06 16:45:38+00:00,,38.0,ETH,3238.431,3238.01,16:45:38
2026-01-06 16:45:39+00:00,,39.0,ETH,3238.241,3237.97,16:45:39
2026-01-06 16:45:40+00:00,,40.0,ETH,3238.371,3238.18,16:45:40
2026-01-06 16:45:41+00:00,,41.0,ETH,3238.661,3238.22,16:45:41
2026-01-06 16:45:42+00:00,,42.0,ETH,3238.711,3238.09,16:45:42
2026-01-06 16:45:43+00:00,,43.0,ETH,3238.131,3238.08,16:45:43
2026-01-06 16:45:44+00:00,,44.0,ETH,3238.481,3238.32,16:45:44
2026-01-06 16:45:45+00:00,,45.0,ETH,3238.931,3238.87,16:45:45
2026-01-06 16:45:46+00:00,,46.0,ETH,3239.271,3239.01,16:45:46
2026-01-06 16:45:47+00:00,,47.0,ETH,3239.261,3239.01,16:45:47
2026-01-06 16:45:48+00:00,,48.0,ETH,3239.231,3238.82,16:45:48
2026-01-06 16:45:49+00:00,,49.0,ETH,3239.261,3239.0,16:45:49
2026-01-06 16:45:50+00:00,,50.0,ETH,3239.291,3239.1,16:45:50
2026-01-06 16:45:51+00:00,,51.0,ETH,3239.481,3239.1,16:45:51
2026-01-06 16:45:52+00:00,,52.0,ETH,3239.401,3239.31,16:45:52
2026-01-06 16:45:53+00:00,,53.0,ETH,3239.631,3239.5,16:45:53
2026-01-06 16:45:54+00:00,,54.0,ETH,3239.471,3239.39,16:45:54
2026-01-06 16:45:55+00:00,,55.0,ETH,3239.481,3239.4,16:45:55
2026-01-06 16:45:56+00:00,,56.0,ETH,3239.561,3239.4,16:45:56
2026-01-06 16:45:57+00:00,,57.0,ETH,3239.651,3239.27,16:45:57
2026-01-06 16:45:58+00:00,,58.0,ETH,3239.831,3239.48,16:45:58
2026-01-06 16:45:59+00:00,,59.0,ETH,3240.241,3239.99,16:45:59
2026-01-06 16:46:00+00:00,,60.0,ETH,3240.401,3239.96,16:46:00
2026-01-06 16:46:01+00:00,,61.0,ETH,3239.501,3239.1,16:46:01
2026-01-06 16:46:02+00:00,,62.0,ETH,3238.521,3238.24,16:46:02
2026-01-06 16:46:03+00:00,,63.0,ETH,3238.471,3238.23,16:46:03
2026-01-06 16:46:04+00:00,,64.0,ETH,3238.221,3238.05,16:46:04
2026-01-06 16:46:05+00:00,,65.0,ETH,3238.041,3237.87,16:46:05
2026-01-06 16:46:06+00:00,,66.0,ETH,3238.191,3238.05,16:46:06
2026-01-06 16:46:07+00:00,,67.0,ETH,3238.721,3238.64,16:46:07
2026-01-06 16:46:08+00:00,,68.0,ETH,3239.271,3239.12,16:46:08
2026-01-06 16:46:09+00:00,,69.0,ETH,3240.851,3240.73,16:46:09
2026-01-06 16:46:10+00:00,,70.0,ETH,3241.631,3241.54,16:46:10
2026-01-06 16:46:11+00:00,,71.0,ETH,3242.171,3242.0,16:46:11
2026-01-06 16:46:12+00:00,,72.0,ETH,3242.031,3241.69,16:46:12
2026-01-06 16:46:13+00:00,,73.0,ETH,3242.031,3241.83,16:46:13
2026-01-06 16:46:14+00:00,,74.0,ETH,3242.261,3241.75,16:46:14
2026-01-06 16:46:15+00:00,,75.0,ETH,3242.061,3241.75,16:46:15
2026-01-06 16:46:16+00:00,,76.0,ETH,3241.831,3241.7,16:46:16
2026-01-06 16:46:17+00:00,,77.0,ETH,3240.211,3239.92,16:46:17
2026-01-06 16:46:18+00:00,,78.0,ETH,3239.651,3239.54,16:46:18
2026-01-06 16:46:19+00:00,,79.0,ETH,3238.601,3238.46,16:46:19
2026-01-06 16:46:20+00:00,,80.0,ETH,3238.531,3238.48,16:46:20
2026-01-06 16:46:21+00:00,,81.0,ETH,3238.241,3237.95,16:46:21
2026-01-06 16:46:22+00:00,,82.0,ETH,3238.191,3238.11,16:46:22
2026-01-06 16:46:23+00:00,,83.0,ETH,3238.251,3238.15,16:46:23
2026-01-06 16:46:24+00:00,,84.0,ETH,3238.161,3237.93,16:46:24
2026-01-06 16:46:25+00:00,,85.0,ETH,3237.631,3237.25,16:46:25
2026-01-06 16:46:26+00:00,,86.0,ETH,3237.381,3237.25,16:46:26
2026-01-06 16:46:27+00:00,,87.0,ETH,3237.391,3237.27,16:46:27
2026-01-06 16:46:28+00:00,,88.0,ETH,3237.291,3237.09,16:46:28
2026-01-06 16:46:29+00:00,,89.0,ETH,3237.821,3237.7,16:46:29
2026-01-06 16:46:30+00:00,,90.0,ETH,3237.841,3237.58,16:46:30
2026-01-06 16:46:31+00:00,,91.0,ETH,3237.861,3237.62,16:46:31
2026-01-06 16:46:32+00:00,,92.0,ETH,3237.791,3237.61,16:46:32
2026-01-06 16:46:33+00:00,,93.0,ETH,3237.721,3237.62,16:46:33
2026-01-06 16:46:34+00:00,,94.0,ETH,3237.671,3237.55,16:46:34
2026-01-06 16:46:35+00:00,,95.0,ETH,3237.761,3237.63,16:46:35
2026-01-06 16:46:37+00:00,,97.0,ETH,3237.831,3237.68,16:46:37
2026-01-06 16:46:38+00:00,,98.0,ETH,3237.771,3237.72,16:46:38
2026-01-06 16:46:39+00:00,,99.0,ETH,3237.731,3237.49,16:46:39
2026-01-06 16:46:40+00:00,,100.0,ETH,3237.491,3237.44,16:46:40
2026-01-06 16:46:41+00:00,,101.0,ETH,3237.541,3237.52,16:46:41
2026-01-06 16:46:42+00:00,,102.0,ETH,3237.541,3237.51,16:46:42
2026-01-06 16:46:43+00:00,,103.0,ETH,3237.601,3237.58,16:46:43
2026-01-06 16:46:44+00:00,,104.0,ETH,3237.481,3237.43,16:46:44
2026-01-06 16:46:45+00:00,,105.0,ETH,3237.571,3237.51,16:46:45
2026-01-06 16:46:46+00:00,,106.0,ETH,3237.571,3237.34,16:46:46
2026-01-06 16:46:47+00:00,,107.0,ETH,3237.641,3237.59,16:46:47
2026-01-06 16:46:48+00:00,,108.0,ETH,3237.591,3237.48,16:46:48
2026-01-06 16:46:49+00:00,,109.0,ETH,3237.161,3236.86,16:46:49
2026-01-06 16:46:50+00:00,,110.0,ETH,3236.921,3236.9,16:46:50
2026-01-06 16:46:51+00:00,,111.0,ETH,3236.931,3236.91,16:46:51
2026-01-06 16:46:52+00:00,,112.0,ETH,3237.421,3237.32,16:46:52
2026-01-06 16:46:53+00:00,,113.0,ETH,3237.311,3236.77,16:46:53
2026-01-06 16:46:54+00:00,,114.0,ETH,3236.981,3236.32,16:46:54
2026-01-06 16:46:55+00:00,,115.0,ETH,3235.961,3235.8,16:46:55
2026-01-06 16:46:56+00:00,,116.0,ETH,3235.951,3235.83,16:46:56
2026-01-06 16:46:57+00:00,,117.0,ETH,3235.371,3235.29,16:46:57
2026-01-06 16:46:58+00:00,,118.0,ETH,3235.371,3235.34,16:46:58
2026-01-06 16:46:59+00:00,,119.0,ETH,3235.571,3235.56,16:46:59
2026-01-06 16:47:00+00:00,,120.0,ETH,3235.741,3235.72,16:47:00
2026-01-06 16:47:01+00:00,,121.0,ETH,3236.111,3236.05,16:47:01
2026-01-06 16:47:02+00:00,,122.0,ETH,3236.461,3236.41,16:47:02
2026-01-06 16:47:03+00:00,,123.0,ETH,3237.221,3237.04,16:47:03
2026-01-06 16:47:04+00:00,,124.0,ETH,3237.361,3237.29,16:47:04
2026-01-06 16:47:05+00:00,,125.0,ETH,3237.461,3237.25,16:47:05
2026-01-06 16:47:06+00:00,,126.0,ETH,3237.311,3237.19,16:47:06
2026-01-06 16:47:07+00:00,,127.0,ETH,3237.301,3237.25,16:47:07
2026-01-06 16:47:08+00:00,,128.0,ETH,3237.471,3237.26,16:47:08
2026-01-06 16:47:09+00:00,,129.0,ETH,3237.341,3237.22,16:47:09
2026-01-06 16:47:10+00:00,,130.0,ETH,3237.341,3237.22,16:47:10
2026-01-06 16:47:11+00:00,,131.0,ETH,3237.651,3237.6,16:47:11
2026-01-06 16:47:12+00:00,,132.0,ETH,3237.891,3237.61,16:47:12
2026-01-06 16:47:13+00:00,,133.0,ETH,3237.891,3237.83,16:47:13
2026-01-06 16:47:14+00:00,,134.0,ETH,3238.131,3237.89,16:47:14
2026-01-06 16:47:15+00:00,,135.0,ETH,3238.011,3237.84,16:47:15
2026-01-06 16:47:16+00:00,,136.0,ETH,3237.891,3237.88,16:47:16
2026-01-06 16:47:17+00:00,,137.0,ETH,3237.931,3237.88,16:47:17
2026-01-06 16:47:18+00:00,,138.0,ETH,3238.441,3238.36,16:47:18
2026-01-06 16:47:19+00:00,,139.0,ETH,3239.321,3239.0,16:47:19
2026-01-06 16:47:20+00:00,,140.0,ETH,3239.581,3239.19,16:47:20
2026-01-06 16:47:21+00:00,,141.0,ETH,3239.331,3238.87,16:47:21
2026-01-06 16:47:22+00:00,,142.0,ETH,3238.751,3238.23,16:47:22
2026-01-06 16:47:23+00:00,,143.0,ETH,3238.031,3237.68,16:47:23
2026-01-06 16:47:24+00:00,,144.0,ETH,3237.531,3237.33,16:47:24
2026-01-06 16:47:25+00:00,,145.0,ETH,3237.291,3237.24,16:47:25
2026-01-06 16:47:26+00:00,,146.0,ETH,3237.291,3237.22,16:47:26
2026-01-06 16:47:27+00:00,,147.0,ETH,3237.271,3237.2,16:47:27
2026-01-06 16:47:28+00:00,,148.0,ETH,3236.891,3236.85,16:47:28
2026-01-06 16:47:29+00:00,,149.0,ETH,3236.531,3236.5,16:47:29
2026-01-06 16:47:30+00:00,,150.0,ETH,3236.581,3236.54,16:47:30
2026-01-06 16:47:31+00:00,,151.0,ETH,3236.591,3236.54,16:47:31
2026-01-06 16:47:32+00:00,,152.0,ETH,3236.681,3236.52,16:47:32
2026-01-06 16:47:33+00:00,,153.0,ETH,3236.821,3236.51,16:47:33
2026-01-06 16:47:34+00:00,,154.0,ETH,3236.601,3236.41,16:47:34
2026-01-06 16:47:35+00:00,,155.0,ETH,3236.371,3236.34,16:47:35
2026-01-06 16:47:36+00:00,,156.0,ETH,3236.361,3236.32,16:47:36
2026-01-06 16:47:37+00:00,,157.0,ETH,3236.301,3236.26,16:47:37
2026-01-06 16:47:38+00:00,,158.0,ETH,3236.241,3236.16,16:47:38
2026-01-06 16:47:39+00:00,,159.0,ETH,3235.981,3235.9,16:47:39
2026-01-06 16:47:40+00:00,,160.0,ETH,3235.141,3235.09,16:47:40
2026-01-06 16:47:41+00:00,,161.0,ETH,3234.611,3234.56,16:47:41
2026-01-06 16:47:42+00:00,,162.0,ETH,3234.771,3234.74,16:47:42
2026-01-06 16:47:43+00:00,,163.0,ETH,3234.741,3234.49,16:47:43
2026-01-06 16:47:44+00:00,,164.0,ETH,3234.451,3234.18,16:47:44
2026-01-06 16:47:45+00:00,,165.0,ETH,3234.301,3234.23,16:47:45
2026-01-06 16:47:46+00:00,,166.0,ETH,3234.421,3234.35,16:47:46
2026-01-06 16:47:47+00:00,,167.0,ETH,3234.511,3234.4,16:47:47
2026-01-06 16:47:48+00:00,,168.0,ETH,3234.691,3234.6,16:47:48
2026-01-06 16:47:49+00:00,,169.0,ETH,3235.091,3235.07,16:47:49
2026-01-06 16:47:50+00:00,,170.0,ETH,3235.571,3235.53,16:47:50
2026-01-06 16:47:51+00:00,,171.0,ETH,3236.391,3236.28,16:47:51
2026-01-06 16:47:52+00:00,,172.0,ETH,3236.751,3236.52,16:47:52
2026-01-06 16:47:53+00:00,,173.0,ETH,3236.311,3236.13,16:47:53
2026-01-06 16:47:54+00:00,,174.0,ETH,3236.061,3235.95,16:47:54
2026-01-06 16:47:55+00:00,,175.0,ETH,3235.981,3235.83,16:47:55
2026-01-06 16:47:56+00:00,,176.0,ETH,3235.881,3235.8,16:47:56
2026-01-06 16:47:57+00:00,,177.0,ETH,3236.001,3235.95,16:47:57
2026-01-06 16:47:58+00:00,,178.0,ETH,3236.191,3236.1,16:47:58
2026-01-06 16:47:59+00:00,,179.0,ETH,3236.301,3236.14,16:47:59
2026-01-06 16:48:00+00:00,,180.0,ETH,3236.521,3236.3,16:48:00
2026-01-06 16:48:01+00:00,,181.0,ETH,3236.751,3236.48,16:48:01
2026-01-06 16:48:02+00:00,,182.0,ETH,3236.711,3236.44,16:48:02
2026-01-06 16:48:03+00:00,,183.0,ETH,3236.411,3236.18,16:48:03
2026-01-06 16:48:04+00:00,,184.0,ETH,3236.081,3235.94,16:48:04
2026-01-06 16:48:05+00:00,,185.0,ETH,3235.891,3235.84,16:48:05
2026-01-06 16:48:06+00:00,,186.0,ETH,3235.831,3235.81,16:48:06
2026-01-06 16:48:07+00:00,,187.0,ETH,3235.591,3235.35,16:48:07
2026-01-06 16:48:08+00:00,,188.0,ETH,3235.401,3235.23,16:48:08
2026-01-06 16:48:09+00:00,,189.0,ETH,3235.561,3235.53,16:48:09
2026-01-06 16:48:10+00:00,,190.0,ETH,3235.921,3235.85,16:48:10
2026-01-06 16:48:11+00:00,,191.0,ETH,3237.141,3237.0,16:48:11
2026-01-06 16:48:12+00:00,,192.0,ETH,3237.271,3237.07,16:48:12
2026-01-06 16:48:13+00:00,,193.0,ETH,3237.481,3237.25,16:48:13
2026-01-06 16:48:14+00:00,,194.0,ETH,3237.251,3237.19,16:48:14
2026-01-06 16:48:15+00:00,,195.0,ETH,3237.431,3237.39,16:48:15
2026-01-06 16:48:16+00:00,,196.0,ETH,3237.481,3237.01,16:48:16
2026-01-06 16:48:17+00:00,,197.0,ETH,3236.991,3236.77,16:48:17
2026-01-06 16:48:18+00:00,,198.0,ETH,3236.871,3236.8,16:48:18
2026-01-06 16:48:19+00:00,,199.0,ETH,3236.571,3236.44,16:48:19
2026-01-06 16:48:20+00:00,,200.0,ETH,3236.621,3236.59,16:48:20
2026-01-06 16:48:21+00:00,,201.0,ETH,3236.721,3236.7,16:48:21
2026-01-06 16:48:22+00:00,,202.0,ETH,3236.851,3236.66,16:48:22
2026-01-06 16:48:23+00:00,,203.0,ETH,3236.881,3236.7,16:48:23
2026-01-06 16:48:24+00:00,,204.0,ETH,3236.911,3236.75,16:48:24
2026-01-06 16:48:25+00:00,,205.0,ETH,3236.911,3236.71,16:48:25
2026-01-06 16:48:26+00:00,,206.0,ETH,3236.911,3236.62,16:48:26
2026-01-06 16:48:27+00:00,,207.0,ETH,3236.911,3236.71,16:48:27
2026-01-06 16:48:28+00:00,,208.0,ETH,3237.011,3236.93,16:48:28
2026-01-06 16:48:29+00:00,,209.0,ETH,3237.371,3237.2,16:48:29
2026-01-06 16:48:30+00:00,,210.0,ETH,3237.791,3237.65,16:48:30
2026-01-06 16:48:31+00:00,,211.0,ETH,3238.081,3237.9,16:48:31
2026-01-06 16:48:32+00:00,,212.0,ETH,3238.341,3238.07,16:48:32
2026-01-06 16:48:33+00:00,,213.0,ETH,3238.551,3238.37,16:48:33
2026-01-06 16:48:35+00:00,,215.0,ETH,3238.731,3238.62,16:48:35
2026-01-06 16:48:36+00:00,,216.0,ETH,3239.091,3238.8,16:48:36
2026-01-06 16:48:37+00:00,,217.0,ETH,3239.151,3239.07,16:48:37
2026-01-06 16:48:38+00:00,,218.0,ETH,3240.831,3240.59,16:48:38
2026-01-06 16:48:39+00:00,,219.0,ETH,3240.881,3240.69,16:48:39
2026-01-06 16:48:40+00:00,,220.0,ETH,3240.941,3240.8,16:48:40
2026-01-06 16:48:41+00:00,,221.0,ETH,3240.991,3240.9,16:48:41
2026-01-06 16:48:42+00:00,,222.0,ETH,3241.261,3240.76,16:48:42
2026-01-06 16:48:43+00:00,,223.0,ETH,3241.241,3241.0,16:48:43
2026-01-06 16:48:44+00:00,,224.0,ETH,3241.541,3241.0,16:48:44
2026-01-06 16:48:45+00:00,,225.0,ETH,3241.261,3240.92,16:48:45
2026-01-06 16:48:46+00:00,,226.0,ETH,3241.531,3241.15,16:48:46
2026-01-06 16:48:47+00:00,,227.0,ETH,3241.581,3241.08,16:48:47
2026-01-06 16:48:48+00:00,,228.0,ETH,3241.291,3240.93,16:48:48
2026-01-06 16:48:49+00:00,,229.0,ETH,3241.171,3240.9,16:48:49
2026-01-06 16:48:50+00:00,,230.0,ETH,3240.261,3240.23,16:48:50
2026-01-06 16:48:51+00:00,,231.0,ETH,3240.181,3240.12,16:48:51
2026-01-06 16:48:52+00:00,,232.0,ETH,3240.031,3239.8,16:48:52
2026-01-06 16:48:53+00:00,,233.0,ETH,3239.821,3239.15,16:48:53
2026-01-06 16:48:54+00:00,,234.0,ETH,3239.461,3239.15,16:48:54
2026-01-06 16:48:55+00:00,,235.0,ETH,3239.341,3239.07,16:48:55
2026-01-06 16:48:56+00:00,,236.0,ETH,3239.421,3239.16,16:48:56
2026-01-06 16:48:57+00:00,,237.0,ETH,3239.551,3239.31,16:48:57
2026-01-06 16:48:58+00:00,,238.0,ETH,3239.871,3239.44,16:48:58
2026-01-06 16:48:59+00:00,,239.0,ETH,3239.871,3239.52,16:48:59
2026-01-06 16:49:00+00:00,,240.0,ETH,3239.791,3239.75,16:49:00
2026-01-06 16:49:01+00:00,,241.0,ETH,3240.601,3240.47,16:49:01
2026-01-06 16:49:02+00:00,,242.0,ETH,3241.191,3240.9,16:49:02
2026-01-06 16:49:03+00:00,,243.0,ETH,3241.681,3241.46,16:49:03
2026-01-06 16:49:04+00:00,,244.0,ETH,3241.681,3241.37,16:49:04
2026-01-06 16:49:05+00:00,,245.0,ETH,3240.991,3240.35,16:49:05
2026-01-06 16:49:06+00:00,,246.0,ETH,3239.631,3239.56,16:49:06
2026-01-06 16:49:07+00:00,,247.0,ETH,3239.351,3239.05,16:49:07
2026-01-06 16:49:08+00:00,,248.0,ETH,3239.301,3239.05,16:49:08
2026-01-06 16:49:09+00:00,,249.0,ETH,3239.321,3238.92,16:49:09
2026-01-06 16:49:10+00:00,,250.0,ETH,3239.061,3238.99,16:49:10
2026-01-06 16:49:11+00:00,,251.0,ETH,3239.231,3238.76,16:49:11
2026-01-06 16:49:12+00:00,,252.0,ETH,3239.191,3239.13,16:49:12
2026-01-06 16:49:13+00:00,,253.0,ETH,3239.381,3239.18,16:49:13
2026-01-06 16:49:14+00:00,,254.0,ETH,3239.331,3239.18,16:49:14
2026-01-06 16:49:15+00:00,,255.0,ETH,3239.631,3239.55,16:49:15
2026-01-06 16:49:16+00:00,,256.0,ETH,3239.951,3239.47,16:49:16
2026-01-06 16:49:17+00:00,,257.0,ETH,3239.781,3239.34,16:49:17
2026-01-06 16:49:18+00:00,,258.0,ETH,3239.711,3239.36,16:49:18
2026-01-06 16:49:19+00:00,,259.0,ETH,3239.561,3239.26,16:49:19
2026-01-06 16:49:21+00:00,,261.0,ETH,3239.371,3238.96,16:49:21
2026-01-06 16:49:22+00:00,,262.0,ETH,3239.161,3239.04,16:49:22
2026-01-06 16:49:23+00:00,,263.0,ETH,3239.321,3239.18,16:49:23
2026-01-06 16:49:24+00:00,,264.0,ETH,3239.321,3239.2,16:49:24
2026-01-06 16:49:25+00:00,,265.0,ETH,3239.611,3239.45,16:49:25
2026-01-06 16:49:26+00:00,,266.0,ETH,3239.531,3239.3,16:49:26
2026-01-06 16:49:27+00:00,,267.0,ETH,3239.621,3239.48,16:49:27
2026-01-06 16:49:28+00:00,,268.0,ETH,3239.521,3239.45,16:49:28
2026-01-06 16:49:29+00:00,,269.0,ETH,3240.501,3240.39,16:49:29
2026-01-06 16:49:30+00:00,,270.0,ETH,3240.791,3240.4,16:49:30
2026-01-06 16:49:31+00:00,,271.0,ETH,3240.551,3240.33,16:49:31
2026-01-06 16:49:32+00:00,,272.0,ETH,3240.801,3240.58,16:49:32
2026-01-06 16:49:33+00:00,,273.0,ETH,3240.801,3240.53,16:49:33
2026-01-06 16:49:34+00:00,,274.0,ETH,3240.861,3240.59,16:49:34
2026-01-06 16:49:35+00:00,,275.0,ETH,3240.851,3240.16,16:49:35
2026-01-06 16:49:36+00:00,,276.0,ETH,3240.771,3240.47,16:49:36
2026-01-06 16:49:37+00:00,,277.0,ETH,3240.841,3240.57,16:49:37
2026-01-06 16:49:38+00:00,,278.0,ETH,3240.861,3240.54,16:49:38
2026-01-06 16:49:39+00:00,,279.0,ETH,3240.861,3240.22,16:49:39
2026-01-06 16:49:40+00:00,,280.0,ETH,3240.621,3240.45,16:49:40
2026-01-06 16:49:41+00:00,,281.0,ETH,3241.121,3240.99,16:49:41
2026-01-06 16:49:42+00:00,,282.0,ETH,3241.421,3241.06,16:49:42
2026-01-06 16:49:43+00:00,,283.0,ETH,3241.391,3241.06,16:49:43
2026-01-06 16:49:44+00:00,,284.0,ETH,3241.341,3240.99,16:49:44
2026-01-06 16:49:45+00:00,,285.0,ETH,3241.331,3240.94,16:49:45
2026-01-06 16:49:46+00:00,,286.0,ETH,3241.331,3240.99,16:49:46
2026-01-06 16:49:47+00:00,,287.0,ETH,3241.421,3241.36,16:49:47
2026-01-06 16:49:48+00:00,,288.0,ETH,3241.501,3241.12,16:49:48
2026-01-06 16:49:49+00:00,,289.0,ETH,3241.731,3241.41,16:49:49
2026-01-06 16:49:50+00:00,,290.0,ETH,3241.771,3241.49,16:49:50
2026-01-06 16:49:51+00:00,,291.0,ETH,3242.001,3241.5,16:49:51
2026-01-06 16:49:52+00:00,,292.0,ETH,3242.011,3241.78,16:49:52
2026-01-06 16:49:53+00:00,,293.0,ETH,3242.151,3242.0,16:49:53
2026-01-06 16:49:54+00:00,,294.0,ETH,3242.161,3241.79,16:49:54
2026-01-06 16:49:55+00:00,,295.0,ETH,3242.151,3241.84,16:49:55
2026-01-06 16:49:56+00:00,,296.0,ETH,3242.191,3241.84,16:49:56
2026-01-06 16:49:57+00:00,,297.0,ETH,3242.451,3242.39,16:49:57
2026-01-06 16:49:58+00:00,,298.0,ETH,3242.941,3242.71,16:49:58
2026-01-06 16:49:59+00:00,,299.0,ETH,3243.121,3242.76,16:49:59
2026-01-06 16:50:00+00:00,,300.0,ETH,3243.621,3243.44,16:50:00
2026-01-06 16:50:01+00:00,,301.0,ETH,3244.241,3244.23,16:50:01
2026-01-06 16:50:02+00:00,,302.0,ETH,3244.441,3244.36,16:50:02
2026-01-06 16:50:03+00:00,,303.0,ETH,3244.601,3244.51,16:50:03
2026-01-06 16:50:04+00:00,,304.0,ETH,3245.181,3245.16,16:50:04
2026-01-06 16:50:05+00:00,,305.0,ETH,3245.761,3245.61,16:50:05
2026-01-06 16:50:06+00:00,,306.0,ETH,3245.631,3245.38,16:50:06
2026-01-06 16:50:07+00:00,,307.0,ETH,3245.441,3245.22,16:50:07
2026-01-06 16:50:08+00:00,,308.0,ETH,3245.781,3245.75,16:50:08
2026-01-06 16:50:09+00:00,,309.0,ETH,3246.241,3246.09,16:50:09
2026-01-06 16:50:10+00:00,,310.0,ETH,3246.551,3246.24,16:50:10
2026-01-06 16:50:11+00:00,,311.0,ETH,3246.181,3245.95,16:50:11
2026-01-06 16:50:12+00:00,,312.0,ETH,3246.591,3246.21,16:50:12
2026-01-06 16:50:13+00:00,,313.0,ETH,3247.262,3247.01,16:50:13
2026-01-06 16:50:14+00:00,,314.0,ETH,3247.712,3247.7,16:50:14
2026-01-06 16:50:15+00:00,,315.0,ETH,3248.922,3248.68,16:50:15
2026-01-06 16:50:16+00:00,,316.0,ETH,3248.592,3248.45,16:50:16
2026-01-06 16:50:17+00:00,,317.0,ETH,3248.222,3247.47,16:50:17
2026-01-06 16:50:18+00:00,,318.0,ETH,3248.022,3247.47,16:50:18
2026-01-06 16:50:19+00:00,,319.0,ETH,3247.532,3247.03,16:50:19
2026-01-06 16:50:20+00:00,,320.0,ETH,3247.542,3247.51,16:50:20
2026-01-06 16:50:21+00:00,,321.0,ETH,3248.012,3247.8,16:50:21
2026-01-06 16:50:22+00:00,,322.0,ETH,3248.012,3247.65,16:50:22
2026-01-06 16:50:23+00:00,,323.0,ETH,3247.552,3246.85,16:50:23
2026-01-06 16:50:24+00:00,,324.0,ETH,3246.952,3246.84,16:50:24
2026-01-06 16:50:25+00:00,,325.0,ETH,3247.362,3247.35,16:50:25
2026-01-06 16:50:26+00:00,,326.0,ETH,3247.752,3247.73,16:50:26
2026-01-06 16:50:27+00:00,,327.0,ETH,3248.062,3247.99,16:50:27
2026-01-06 16:50:28+00:00,,328.0,ETH,3248.282,3247.86,16:50:28
2026-01-06 16:50:29+00:00,,329.0,ETH,3248.372,3247.92,16:50:29
2026-01-06 16:50:30+00:00,,330.0,ETH,3248.292,3248.13,16:50:30
2026-01-06 16:50:31+00:00,,331.0,ETH,3248.392,3248.38,16:50:31
2026-01-06 16:50:32+00:00,,332.0,ETH,3248.702,3247.96,16:50:32
2026-01-06 16:50:33+00:00,,333.0,ETH,3247.932,3247.8,16:50:33
2026-01-06 16:50:34+00:00,,334.0,ETH,3247.932,3247.72,16:50:34
2026-01-06 16:50:35+00:00,,335.0,ETH,3247.832,3247.73,16:50:35
2026-01-06 16:50:36+00:00,,336.0,ETH,3247.882,3247.8,16:50:36
2026-01-06 16:50:37+00:00,,337.0,ETH,3247.882,3247.8,16:50:37
2026-01-06 16:50:38+00:00,,338.0,ETH,3248.102,3247.64,16:50:38
2026-01-06 16:50:39+00:00,,339.0,ETH,3248.012,3248.01,16:50:39
2026-01-06 16:50:40+00:00,,340.0,ETH,3248.192,3247.83,16:50:40
2026-01-06 16:50:41+00:00,,341.0,ETH,3247.462,3246.81,16:50:41
2026-01-06 16:50:42+00:00,,342.0,ETH,3246.852,3246.28,16:50:42
2026-01-06 16:50:43+00:00,,343.0,ETH,3246.651,3246.65,16:50:43
2026-01-06 16:50:44+00:00,,344.0,ETH,3246.972,3246.88,16:50:44
2026-01-06 16:50:45+00:00,,345.0,ETH,3247.162,3247.11,16:50:45
2026-01-06 16:50:46+00:00,,346.0,ETH,3247.622,3247.42,16:50:46
2026-01-06 16:50:47+00:00,,347.0,ETH,3247.812,3247.21,16:50:47
2026-01-06 16:50:48+00:00,,348.0,ETH,3247.382,3247.06,16:50:48
2026-01-06 16:50:49+00:00,,349.0,ETH,3247.312,3247.28,16:50:49
2026-01-06 16:50:50+00:00,,350.0,ETH,3248.332,3248.3,16:50:50
2026-01-06 16:50:51+00:00,,351.0,ETH,3248.072,3247.55,16:50:51
2026-01-06 16:50:52+00:00,,352.0,ETH,3247.782,3247.21,16:50:52
2026-01-06 16:50:53+00:00,,353.0,ETH,3247.492,3246.87,16:50:53
2026-01-06 16:50:54+00:00,,354.0,ETH,3247.732,3247.37,16:50:54
2026-01-06 16:50:55+00:00,,355.0,ETH,3247.722,3247.13,16:50:55
2026-01-06 16:50:56+00:00,,356.0,ETH,3247.082,3246.53,16:50:56
2026-01-06 16:50:57+00:00,,357.0,ETH,3247.122,3246.9,16:50:57
2026-01-06 16:50:58+00:00,,358.0,ETH,3247.512,3247.45,16:50:58
2026-01-06 16:50:59+00:00,,359.0,ETH,3247.822,3247.45,16:50:59
2026-01-06 16:51:00+00:00,,360.0,ETH,3247.582,3246.96,16:51:00
2026-01-06 16:51:01+00:00,,361.0,ETH,3247.072,3246.78,16:51:01
2026-01-06 16:51:02+00:00,,362.0,ETH,3247.222,3247.12,16:51:02
2026-01-06 16:51:03+00:00,,363.0,ETH,3246.842,3246.68,16:51:03
2026-01-06 16:51:04+00:00,,364.0,ETH,3245.851,3245.68,16:51:04
2026-01-06 16:51:05+00:00,,365.0,ETH,3245.691,3245.44,16:51:05
2026-01-06 16:51:06+00:00,,366.0,ETH,3245.691,3245.43,16:51:06
2026-01-06 16:51:07+00:00,,367.0,ETH,3245.641,3245.35,16:51:07
2026-01-06 16:51:08+00:00,,368.0,ETH,3245.641,3245.35,16:51:08
2026-01-06 16:51:09+00:00,,369.0,ETH,3245.441,3245.17,16:51:09
2026-01-06 16:51:10+00:00,,370.0,ETH,3245.331,3245.06,16:51:10
2026-01-06 16:51:11+00:00,,371.0,ETH,3245.191,3244.71,16:51:11
2026-01-06 16:51:12+00:00,,372.0,ETH,3245.031,3244.99,16:51:12
2026-01-06 16:51:13+00:00,,373.0,ETH,3245.311,3245.17,16:51:13
2026-01-06 16:51:14+00:00,,374.0,ETH,3245.311,3245.3,16:51:14
2026-01-06 16:51:15+00:00,,375.0,ETH,3245.491,3245.02,16:51:15
2026-01-06 16:51:16+00:00,,376.0,ETH,3245.131,3244.89,16:51:16
2026-01-06 16:51:17+00:00,,377.0,ETH,3245.321,3245.3,16:51:17
2026-01-06 16:51:18+00:00,,378.0,ETH,3245.521,3245.49,16:51:18
2026-01-06 16:51:19+00:00,,379.0,ETH,3245.961,3245.95,16:51:19
2026-01-06 16:51:20+00:00,,380.0,ETH,3245.751,3245.5,16:51:20
2026-01-06 16:51:21+00:00,,381.0,ETH,3245.921,3245.81,16:51:21
2026-01-06 16:51:22+00:00,,382.0,ETH,3246.171,3245.91,16:51:22
2026-01-06 16:51:23+00:00,,383.0,ETH,3246.281,3246.11,16:51:23
2026-01-06 16:51:24+00:00,,384.0,ETH,3246.281,3246.1,16:51:24
2026-01-06 16:51:25+00:00,,385.0,ETH,3246.171,3245.57,16:51:25
2026-01-06 16:51:26+00:00,,386.0,ETH,3245.811,3245.63,16:51:26
2026-01-06 16:51:27+00:00,,387.0,ETH,3245.811,3245.63,16:51:27
2026-01-06 16:51:28+00:00,,388.0,ETH,3245.851,3245.72,16:51:28
2026-01-06 16:51:29+00:00,,389.0,ETH,3244.931,3244.7,16:51:29
2026-01-06 16:51:30+00:00,,390.0,ETH,3244.931,3244.71,16:51:30
2026-01-06 16:51:31+00:00,,391.0,ETH,3245.261,3245.16,16:51:31
2026-01-06 16:51:32+00:00,,392.0,ETH,3245.201,3245.09,16:51:32
2026-01-06 16:51:33+00:00,,393.0,ETH,3245.251,3245.1,16:51:33
2026-01-06 16:51:34+00:00,,394.0,ETH,3245.581,3244.98,16:51:34
2026-01-06 16:51:35+00:00,,395.0,ETH,3245.321,3245.26,16:51:35
2026-01-06 16:51:36+00:00,,396.0,ETH,3245.481,3245.27,16:51:36
2026-01-06 16:51:37+00:00,,397.0,ETH,3245.571,3245.55,16:51:37
2026-01-06 16:51:38+00:00,,398.0,ETH,3245.801,3245.55,16:51:38
2026-01-06 16:51:39+00:00,,399.0,ETH,3245.631,3245.41,16:51:39
2026-01-06 16:51:40+00:00,,400.0,ETH,3245.481,3245.41,16:51:40
2026-01-06 16:51:41+00:00,,401.0,ETH,3245.551,3245.54,16:51:41
2026-01-06 16:51:42+00:00,,402.0,ETH,3245.721,3245.52,16:51:42
2026-01-06 16:51:43+00:00,,403.0,ETH,3245.731,3245.52,16:51:43
2026-01-06 16:51:44+00:00,,404.0,ETH,3245.441,3245.29,16:51:44
2026-01-06 16:51:45+00:00,,405.0,ETH,3245.441,3245.29,16:51:45
2026-01-06 16:51:46+00:00,,406.0,ETH,3245.471,3245.16,16:51:46
2026-01-06 16:51:47+00:00,,407.0,ETH,3244.891,3244.42,16:51:47
2026-01-06 16:51:48+00:00,,408.0,ETH,3244.431,3244.24,16:51:48
2026-01-06 16:51:49+00:00,,409.0,ETH,3244.061,3243.77,16:51:49
2026-01-06 16:51:50+00:00,,410.0,ETH,3243.521,3243.36,16:51:50
2026-01-06 16:51:51+00:00,,411.0,ETH,3243.461,3243.13,16:51:51
2026-01-06 16:51:52+00:00,,412.0,ETH,3243.071,3243.04,16:51:52
2026-01-06 16:51:53+00:00,,413.0,ETH,3243.631,3243.62,16:51:53
2026-01-06 16:51:54+00:00,,414.0,ETH,3244.201,3243.82,16:51:54
2026-01-06 16:51:55+00:00,,415.0,ETH,3244.261,3244.09,16:51:55
2026-01-06 16:51:56+00:00,,416.0,ETH,3244.301,3244.01,16:51:56
2026-01-06 16:51:57+00:00,,417.0,ETH,3244.321,3244.11,16:51:57
2026-01-06 16:51:58+00:00,,418.0,ETH,3244.481,3244.36,16:51:58
2026-01-06 16:51:59+00:00,,419.0,ETH,3244.941,3244.62,16:51:59
2026-01-06 16:52:00+00:00,,420.0,ETH,3245.061,3244.82,16:52:00
2026-01-06 16:52:01+00:00,,421.0,ETH,3245.071,3244.88,16:52:01
2026-01-06 16:52:02+00:00,,422.0,ETH,3245.651,3245.4,16:52:02
2026-01-06 16:52:03+00:00,,423.0,ETH,3245.591,3244.87,16:52:03
2026-01-06 16:52:04+00:00,,424.0,ETH,3245.481,3245.0,16:52:04
2026-01-06 16:52:05+00:00,,425.0,ETH,3245.371,3245.13,16:52:05
2026-01-06 16:52:06+00:00,,426.0,ETH,3245.261,3245.25,16:52:06
2026-01-06 16:52:07+00:00,,427.0,ETH,3245.751,3245.68,16:52:07
2026-01-06 16:52:08+00:00,,428.0,ETH,3246.281,3246.18,16:52:08
2026-01-06 16:52:09+00:00,,429.0,ETH,3247.222,3247.01,16:52:09
2026-01-06 16:52:10+00:00,,430.0,ETH,3247.302,3247.01,16:52:10
2026-01-06 16:52:11+00:00,,431.0,ETH,3247.252,3247.01,16:52:11
2026-01-06 16:52:12+00:00,,432.0,ETH,3246.972,3246.75,16:52:12
2026-01-06 16:52:13+00:00,,433.0,ETH,3247.252,3247.23,16:52:13
2026-01-06 16:52:14+00:00,,434.0,ETH,3247.442,3247.3,16:52:14
2026-01-06 16:52:15+00:00,,435.0,ETH,3247.662,3246.94,16:52:15
2026-01-06 16:52:16+00:00,,436.0,ETH,3247.062,3246.85,16:52:16
2026-01-06 16:52:17+00:00,,437.0,ETH,3246.902,3246.89,16:52:17
2026-01-06 16:52:18+00:00,,438.0,ETH,3247.422,3246.93,16:52:18
2026-01-06 16:52:19+00:00,,439.0,ETH,3247.412,3246.88,16:52:19
2026-01-06 16:52:20+00:00,,440.0,ETH,3247.322,3247.12,16:52:20
2026-01-06 16:52:21+00:00,,441.0,ETH,3247.722,3247.46,16:52:21
2026-01-06 16:53:54+00:00,,534.0,ETH,3249.242,3248.98,16:53:54
2026-01-06 16:52:22+00:00,,442.0,ETH,3247.602,3247.24,16:52:22
2026-01-06 16:53:55+00:00,,535.0,ETH,3249.262,3248.85,16:53:54
2026-01-06 16:52:23+00:00,,443.0,ETH,3247.402,3247.13,16:52:23
2026-01-06 16:53:56+00:00,,536.0,ETH,3249.192,3248.69,16:53:54
2026-01-06 16:52:24+00:00,,444.0,ETH,3247.402,3247.12,16:52:24
2026-01-06 16:53:57+00:00,,537.0,ETH,3248.892,3248.64,16:53:54
2026-01-06 16:52:25+00:00,,445.0,ETH,3247.592,3247.13,16:52:25
2026-01-06 16:53:58+00:00,,538.0,ETH,3248.802,3248.75,16:53:54
2026-01-06 16:52:26+00:00,,446.0,ETH,3247.712,3247.27,16:52:26
2026-01-06 16:53:59+00:00,,539.0,ETH,3248.982,3248.8,16:53:54
2026-01-06 16:52:27+00:00,,447.0,ETH,3247.762,3247.56,16:52:27
2026-01-06 16:54:00+00:00,,540.0,ETH,3248.842,3248.55,16:53:54
2026-01-06 16:52:28+00:00,,448.0,ETH,3248.162,3247.97,16:52:28
2026-01-06 16:54:01+00:00,,541.0,ETH,3248.832,3248.66,16:53:54
2026-01-06 16:52:29+00:00,,449.0,ETH,3248.582,3248.32,16:52:29
2026-01-06 16:54:02+00:00,,542.0,ETH,3249.162,3249.13,16:53:54
2026-01-06 16:52:30+00:00,,450.0,ETH,3248.612,3248.39,16:52:30
2026-01-06 16:54:03+00:00,,543.0,ETH,3249.572,3249.47,16:53:54
2026-01-06 16:52:31+00:00,,451.0,ETH,3248.602,3248.39,16:52:31
2026-01-06 16:54:04+00:00,,544.0,ETH,3249.942,3249.76,16:53:54
2026-01-06 16:54:05+00:00,,545.0,ETH,3250.022,3249.9,16:53:54
2026-01-06 16:52:32+00:00,,452.0,ETH,3248.662,3248.53,16:52:32
2026-01-06 16:52:33+00:00,,453.0,ETH,3248.752,3248.54,16:52:33
2026-01-06 16:54:06+00:00,,546.0,ETH,3249.902,3249.68,16:53:54
2026-01-06 16:52:34+00:00,,454.0,ETH,3248.772,3248.54,16:52:34
2026-01-06 16:54:07+00:00,,547.0,ETH,3249.692,3249.41,16:53:54
2026-01-06 16:52:35+00:00,,455.0,ETH,3248.892,3248.55,16:52:35
2026-01-06 16:54:08+00:00,,548.0,ETH,3249.482,3249.19,16:53:54
2026-01-06 16:52:36+00:00,,456.0,ETH,3248.862,3248.4,16:52:36
2026-01-06 16:54:09+00:00,,549.0,ETH,3249.382,3249.04,16:53:54
2026-01-06 16:52:37+00:00,,457.0,ETH,3248.632,3248.4,16:52:37
2026-01-06 16:54:10+00:00,,550.0,ETH,3249.362,3249.1,16:53:54
2026-01-06 16:52:38+00:00,,458.0,ETH,3248.592,3248.56,16:52:38
2026-01-06 16:54:11+00:00,,551.0,ETH,3249.462,3249.34,16:53:54
2026-01-06 16:52:39+00:00,,459.0,ETH,3248.862,3248.56,16:52:39
2026-01-06 16:54:12+00:00,,552.0,ETH,3249.842,3249.42,16:53:54
2026-01-06 16:52:40+00:00,,460.0,ETH,3248.662,3248.43,16:52:40
2026-01-06 16:54:13+00:00,,553.0,ETH,3250.122,3249.38,16:53:54
2026-01-06 16:52:41+00:00,,461.0,ETH,3248.662,3248.42,16:52:41
2026-01-06 16:54:14+00:00,,554.0,ETH,3249.832,3249.38,16:53:54
2026-01-06 16:52:42+00:00,,462.0,ETH,3248.742,3248.48,16:52:42
2026-01-06 16:54:15+00:00,,555.0,ETH,3249.442,3249.32,16:53:54
2026-01-06 16:52:43+00:00,,463.0,ETH,3248.742,3248.48,16:52:43
2026-01-06 16:54:16+00:00,,556.0,ETH,3249.422,3249.31,16:53:54
2026-01-06 16:54:17+00:00,,557.0,ETH,3249.462,3249.31,16:53:54
2026-01-06 16:52:44+00:00,,464.0,ETH,3248.822,3248.53,16:52:44
2026-01-06 16:52:45+00:00,,465.0,ETH,3248.882,3248.63,16:52:45
2026-01-06 16:54:18+00:00,,558.0,ETH,3249.502,3249.45,16:53:54
2026-01-06 16:52:46+00:00,,466.0,ETH,3249.102,3249.01,16:52:46
2026-01-06 16:54:19+00:00,,559.0,ETH,3249.752,3249.7,16:53:54
2026-01-06 16:52:47+00:00,,467.0,ETH,3249.542,3249.23,16:52:47
2026-01-06 16:54:20+00:00,,560.0,ETH,3250.172,3250.08,16:53:54
2026-01-06 16:52:48+00:00,,468.0,ETH,3249.522,3249.16,16:52:48
2026-01-06 16:54:21+00:00,,561.0,ETH,3250.342,3249.62,16:53:54
2026-01-06 16:52:49+00:00,,469.0,ETH,3249.332,3249.15,16:52:49
2026-01-06 16:54:22+00:00,,562.0,ETH,3249.752,3249.46,16:53:54
2026-01-06 16:52:50+00:00,,470.0,ETH,3249.252,3249.07,16:52:50
2026-01-06 16:54:23+00:00,,563.0,ETH,3249.712,3249.46,16:53:54
2026-01-06 16:52:51+00:00,,471.0,ETH,3249.152,3248.97,16:52:51
2026-01-06 16:54:24+00:00,,564.0,ETH,3249.272,3249.22,16:53:54
2026-01-06 16:52:52+00:00,,472.0,ETH,3249.202,3249.0,16:52:52
2026-01-06 16:54:25+00:00,,565.0,ETH,3249.332,3249.2,16:53:54
2026-01-06 16:52:53+00:00,,473.0,ETH,3249.252,3249.01,16:52:53
2026-01-06 16:54:26+00:00,,566.0,ETH,3249.722,3249.63,16:53:54
2026-01-06 16:52:54+00:00,,474.0,ETH,3249.242,3248.98,16:52:54
2026-01-06 16:54:27+00:00,,567.0,ETH,3250.082,3249.61,16:53:54
2026-01-06 16:52:56+00:00,,476.0,ETH,3249.272,3248.73,16:52:56
2026-01-06 16:54:28+00:00,,568.0,ETH,3250.012,3249.72,16:53:54
2026-01-06 16:54:29+00:00,,569.0,ETH,3250.172,3250.05,16:53:54
2026-01-06 16:54:30+00:00,,570.0,ETH,3250.222,3250.2,16:53:54
2026-01-06 16:52:57+00:00,,477.0,ETH,3249.102,3248.65,16:52:57
2026-01-06 16:52:59+00:00,,479.0,ETH,3248.802,3248.75,16:52:59
2026-01-06 16:54:31+00:00,,571.0,ETH,3250.222,3249.62,16:53:54
2026-01-06 16:54:32+00:00,,572.0,ETH,3250.012,3249.62,16:53:54
2026-01-06 16:53:00+00:00,,480.0,ETH,3249.032,3248.74,16:53:00
2026-01-06 16:54:33+00:00,,573.0,ETH,3249.712,3249.63,16:53:54
2026-01-06 16:53:01+00:00,,481.0,ETH,3248.652,3248.37,16:53:01
2026-01-06 16:54:34+00:00,,574.0,ETH,3249.712,3249.63,16:53:54
2026-01-06 16:54:35+00:00,,575.0,ETH,3249.762,3249.63,16:53:54
2026-01-06 16:53:02+00:00,,482.0,ETH,3249.002,3248.95,16:53:02
2026-01-06 16:54:36+00:00,,576.0,ETH,3249.642,3249.63,16:53:54
2026-01-06 16:53:04+00:00,,484.0,ETH,3249.572,3249.47,16:53:04
2026-01-06 16:54:37+00:00,,577.0,ETH,3249.742,3249.63,16:53:54
2026-01-06 16:53:05+00:00,,485.0,ETH,3249.942,3249.76,16:53:05
2026-01-06 16:53:06+00:00,,486.0,ETH,3250.022,3249.9,16:53:06
2026-01-06 16:54:38+00:00,,578.0,ETH,3249.532,3249.47,16:53:54
2026-01-06 16:53:07+00:00,,487.0,ETH,3249.902,3249.68,16:53:07
2026-01-06 16:54:39+00:00,,579.0,ETH,3248.482,3248.28,16:53:54
2026-01-06 16:53:08+00:00,,488.0,ETH,3249.692,3249.41,16:53:08
2026-01-06 16:54:40+00:00,,580.0,ETH,3248.482,3248.28,16:53:54
2026-01-06 16:54:41+00:00,,581.0,ETH,3248.412,3248.28,16:53:54
2026-01-06 16:53:09+00:00,,489.0,ETH,3249.482,3249.19,16:53:09
2026-01-06 16:54:42+00:00,,582.0,ETH,3248.482,3248.41,16:53:54
2026-01-06 16:53:10+00:00,,490.0,ETH,3249.342,3249.04,16:53:10
2026-01-06 16:54:43+00:00,,583.0,ETH,3248.812,3248.45,16:53:54
2026-01-06 16:53:11+00:00,,491.0,ETH,3249.382,3249.17,16:53:11
2026-01-06 16:54:44+00:00,,584.0,ETH,3248.812,3248.45,16:53:54
2026-01-06 16:53:12+00:00,,492.0,ETH,3249.552,3249.52,16:53:12
2026-01-06 16:54:45+00:00,,585.0,ETH,3248.582,3247.98,16:53:54
2026-01-06 16:53:13+00:00,,493.0,ETH,3250.132,3249.32,16:53:13
2026-01-06 16:54:46+00:00,,586.0,ETH,3248.102,3247.98,16:53:54
2026-01-06 16:53:14+00:00,,494.0,ETH,3250.112,3249.44,16:53:14
2026-01-06 16:54:47+00:00,,587.0,ETH,3247.812,3247.69,16:53:54
2026-01-06 16:53:15+00:00,,495.0,ETH,3249.552,3249.31,16:53:15
2026-01-06 16:54:48+00:00,,588.0,ETH,3247.812,3247.7,16:53:54
2026-01-06 16:53:16+00:00,,496.0,ETH,3249.322,3249.32,16:53:16
2026-01-06 16:54:49+00:00,,589.0,ETH,3247.682,3247.34,16:53:54
2026-01-06 16:53:17+00:00,,497.0,ETH,3249.522,3249.31,16:53:17
2026-01-06 16:54:50+00:00,,590.0,ETH,3247.672,3247.63,16:53:54
2026-01-06 16:53:18+00:00,,498.0,ETH,3249.402,3249.31,16:53:18
2026-01-06 16:54:51+00:00,,591.0,ETH,3247.632,3247.09,16:53:54
2026-01-06 16:53:19+00:00,,499.0,ETH,3249.602,3249.6,16:53:19
2026-01-06 16:54:52+00:00,,592.0,ETH,3246.912,3246.82,16:53:54
2026-01-06 16:53:20+00:00,,500.0,ETH,3249.752,3249.7,16:53:20
2026-01-06 16:53:21+00:00,,501.0,ETH,3249.962,3249.89,16:53:21
2026-01-06 16:53:22+00:00,,502.0,ETH,3250.342,3249.62,16:53:22
2026-01-06 16:53:23+00:00,,503.0,ETH,3249.752,3249.46,16:53:23
2026-01-06 16:53:24+00:00,,504.0,ETH,3249.712,3249.46,16:53:24
2026-01-06 16:53:25+00:00,,505.0,ETH,3249.272,3249.22,16:53:25
2026-01-06 16:53:26+00:00,,506.0,ETH,3249.332,3249.2,16:53:26
2026-01-06 16:53:27+00:00,,507.0,ETH,3249.722,3249.63,16:53:27
2026-01-06 16:53:28+00:00,,508.0,ETH,3250.082,3249.61,16:53:28
2026-01-06 16:53:29+00:00,,509.0,ETH,3250.012,3249.72,16:53:29
2026-01-06 16:53:30+00:00,,510.0,ETH,3250.172,3250.05,16:53:30
2026-01-06 16:53:31+00:00,,511.0,ETH,3250.222,3250.2,16:53:31
2026-01-06 16:53:32+00:00,,512.0,ETH,3250.222,3249.62,16:53:32
2026-01-06 16:53:34+00:00,,514.0,ETH,3249.862,3249.62,16:53:34
2026-01-06 16:53:35+00:00,,515.0,ETH,3249.712,3249.63,16:53:35
2026-01-06 16:53:36+00:00,,516.0,ETH,3249.742,3249.63,16:53:36
2026-01-06 16:53:37+00:00,,517.0,ETH,3249.702,3249.63,16:53:37
2026-01-06 16:53:38+00:00,,518.0,ETH,3249.692,3249.63,16:53:38
2026-01-06 16:53:39+00:00,,519.0,ETH,3249.632,3249.55,16:53:39
2026-01-06 16:53:40+00:00,,520.0,ETH,3249.002,3248.88,16:53:40
2026-01-06 16:53:41+00:00,,521.0,ETH,3248.482,3248.28,16:53:41
2026-01-06 16:53:42+00:00,,522.0,ETH,3248.412,3248.28,16:53:42
2026-01-06 16:53:43+00:00,,523.0,ETH,3248.482,3248.41,16:53:43
2026-01-06 16:53:44+00:00,,524.0,ETH,3248.812,3248.45,16:53:44
2026-01-06 16:53:45+00:00,,525.0,ETH,3248.812,3248.45,16:53:45
2026-01-06 16:53:46+00:00,,526.0,ETH,3248.692,3248.21,16:53:46
2026-01-06 16:53:47+00:00,,527.0,ETH,3248.342,3247.98,16:53:47
2026-01-06 16:53:48+00:00,,528.0,ETH,3247.962,3247.84,16:53:48
2026-01-06 16:53:49+00:00,,529.0,ETH,3247.812,3247.69,16:53:49
2026-01-06 16:53:50+00:00,,530.0,ETH,3247.752,3247.52,16:53:50
2026-01-06 16:53:51+00:00,,531.0,ETH,3247.682,3247.49,16:53:51
2026-01-06 16:53:52+00:00,,532.0,ETH,3247.652,3247.36,16:53:52
2026-01-06 16:53:53+00:00,,533.0,ETH,3247.272,3246.95,16:53:53
2026-01-06 16:53:54+00:00,,534.0,ETH,3246.982,3246.8,16:53:54
2026-01-06 16:53:55+00:00,,535.0,ETH,3247.032,3246.86,16:53:55
2026-01-06 16:53:56+00:00,,536.0,ETH,3246.962,3246.86,16:53:56
2026-01-06 16:53:57+00:00,,537.0,ETH,3247.142,3246.98,16:53:57
2026-01-06 16:53:58+00:00,,538.0,ETH,3247.372,3247.29,16:53:58
2026-01-06 16:53:59+00:00,,539.0,ETH,3247.452,3247.39,16:53:59
2026-01-06 16:54:01+00:00,,541.0,ETH,3246.932,3246.84,16:54:01
2026-01-06 16:54:02+00:00,,542.0,ETH,3246.932,3246.7,16:54:02
2026-01-06 16:54:03+00:00,,543.0,ETH,3246.962,3246.62,16:54:03
2026-01-06 16:54:04+00:00,,544.0,ETH,3245.871,3245.78,16:54:04
2026-01-06 16:54:05+00:00,,545.0,ETH,3245.641,3245.08,16:54:05
2026-01-06 16:54:06+00:00,,546.0,ETH,3245.081,3244.58,16:54:06
2026-01-06 16:54:07+00:00,,547.0,ETH,3244.801,3244.58,16:54:07
2026-01-06 16:54:08+00:00,,548.0,ETH,3245.011,3244.52,16:54:08
2026-01-06 16:54:09+00:00,,549.0,ETH,3244.651,3244.6,16:54:09
2026-01-06 16:54:10+00:00,,550.0,ETH,3244.461,3244.41,16:54:10
2026-01-06 16:54:11+00:00,,551.0,ETH,3244.141,3244.05,16:54:11
2026-01-06 16:54:12+00:00,,552.0,ETH,3244.051,3243.96,16:54:12
2026-01-06 16:54:13+00:00,,553.0,ETH,3244.041,3243.89,16:54:13
2026-01-06 16:54:14+00:00,,554.0,ETH,3243.981,3243.85,16:54:14
2026-01-06 16:54:15+00:00,,555.0,ETH,3244.001,3243.96,16:54:15
2026-01-06 16:54:16+00:00,,556.0,ETH,3243.691,3243.64,16:54:16
2026-01-06 16:54:17+00:00,,557.0,ETH,3243.371,3243.34,16:54:17
2026-01-06 16:54:18+00:00,,558.0,ETH,3243.401,3243.29,16:54:18
2026-01-06 16:54:53+00:00,,593.0,ETH,3244.021,3243.99,16:54:53
2026-01-06 16:54:19+00:00,,559.0,ETH,3243.581,3243.47,16:54:19
2026-01-06 16:54:54+00:00,,594.0,ETH,3244.041,3244.0,16:54:54
2026-01-06 16:54:20+00:00,,560.0,ETH,3243.701,3243.68,16:54:20
2026-01-06 16:54:55+00:00,,595.0,ETH,3244.041,3244.0,16:54:55
2026-01-06 16:54:22+00:00,,562.0,ETH,3244.411,3244.25,16:54:22
2026-01-06 16:54:56+00:00,,596.0,ETH,3243.961,3243.93,16:54:56
2026-01-06 16:54:23+00:00,,563.0,ETH,3244.451,3244.35,16:54:23
2026-01-06 16:54:57+00:00,,597.0,ETH,3243.851,3243.82,16:54:57
2026-01-06 16:54:24+00:00,,564.0,ETH,3244.071,3243.85,16:54:24
2026-01-06 16:54:58+00:00,,598.0,ETH,3243.811,3243.8,16:54:58
2026-01-06 16:54:25+00:00,,565.0,ETH,3243.901,3243.85,16:54:25
2026-01-06 16:54:59+00:00,,599.0,ETH,3243.751,3243.72,16:54:59
2026-01-06 16:54:26+00:00,,566.0,ETH,3244.101,3244.1,16:54:26
2026-01-06 16:55:00+00:00,,600.0,ETH,3243.721,3243.68,16:55:00
2026-01-06 16:54:27+00:00,,567.0,ETH,3244.271,3244.21,16:54:27
2026-01-06 16:55:01+00:00,,601.0,ETH,3243.731,3243.71,16:55:01
2026-01-06 16:54:28+00:00,,568.0,ETH,3244.221,3244.17,16:54:28
2026-01-06 16:55:03+00:00,,603.0,ETH,3243.821,3243.81,16:55:03
2026-01-06 16:54:29+00:00,,569.0,ETH,3244.261,3244.16,16:54:29
2026-01-06 16:55:04+00:00,,604.0,ETH,3243.911,3243.9,16:55:04
2026-01-06 16:54:30+00:00,,570.0,ETH,3244.291,3244.2,16:54:30
2026-01-06 16:55:05+00:00,,605.0,ETH,3244.121,3244.1,16:55:05
2026-01-06 16:54:31+00:00,,571.0,ETH,3244.241,3244.19,16:54:31
2026-01-06 16:55:06+00:00,,606.0,ETH,3244.241,3244.22,16:55:06
2026-01-06 16:54:32+00:00,,572.0,ETH,3244.241,3244.19,16:54:32
2026-01-06 16:55:07+00:00,,607.0,ETH,3244.351,3244.34,16:55:07
2026-01-06 16:54:33+00:00,,573.0,ETH,3244.271,3244.21,16:54:33
2026-01-06 16:55:08+00:00,,608.0,ETH,3244.621,3244.55,16:55:08
2026-01-06 16:54:34+00:00,,574.0,ETH,3244.181,3244.14,16:54:34
2026-01-06 16:55:09+00:00,,609.0,ETH,3245.031,3244.94,16:55:09
2026-01-06 16:54:35+00:00,,575.0,ETH,3244.051,3243.98,16:54:35
2026-01-06 16:55:10+00:00,,610.0,ETH,3245.291,3245.24,16:55:10
2026-01-06 16:54:36+00:00,,576.0,ETH,3243.921,3243.87,16:54:36
2026-01-06 16:55:11+00:00,,611.0,ETH,3245.341,3245.26,16:55:11
2026-01-06 16:54:37+00:00,,577.0,ETH,3243.881,3243.85,16:54:37
2026-01-06 16:55:12+00:00,,612.0,ETH,3245.521,3245.31,16:55:12
2026-01-06 16:55:13+00:00,,613.0,ETH,3245.381,3245.27,16:55:13
2026-01-06 16:54:38+00:00,,578.0,ETH,3243.861,3243.83,16:54:38
2026-01-06 16:54:40+00:00,,580.0,ETH,3243.861,3243.85,16:54:40
2026-01-06 16:55:14+00:00,,614.0,ETH,3245.351,3245.32,16:55:14
2026-01-06 16:54:41+00:00,,581.0,ETH,3243.571,3243.52,16:54:41
2026-01-06 16:55:15+00:00,,615.0,ETH,3245.231,3245.19,16:55:15
2026-01-06 16:54:42+00:00,,582.0,ETH,3243.891,3243.88,16:54:42
2026-01-06 16:55:16+00:00,,616.0,ETH,3245.131,3245.12,16:55:16
2026-01-06 16:54:43+00:00,,583.0,ETH,3244.001,3243.88,16:54:43
2026-01-06 16:55:17+00:00,,617.0,ETH,3245.161,3245.1,16:55:17
2026-01-06 16:54:44+00:00,,584.0,ETH,3244.011,3243.96,16:54:44
2026-01-06 16:55:18+00:00,,618.0,ETH,3245.061,3244.96,16:55:18
2026-01-06 16:54:45+00:00,,585.0,ETH,3244.071,3244.04,16:54:45
2026-01-06 16:54:46+00:00,,586.0,ETH,3244.081,3244.04,16:54:46
2026-01-06 16:55:19+00:00,,619.0,ETH,3245.051,3244.93,16:55:19
2026-01-06 16:55:20+00:00,,620.0,ETH,3245.051,3244.93,16:55:20
2026-01-06 16:54:47+00:00,,587.0,ETH,3244.071,3244.03,16:54:47
2026-01-06 16:55:21+00:00,,621.0,ETH,3245.081,3244.98,16:55:21
2026-01-06 16:54:48+00:00,,588.0,ETH,3244.091,3244.04,16:54:48
2026-01-06 16:55:22+00:00,,622.0,ETH,3245.171,3245.1,16:55:22
2026-01-06 16:54:49+00:00,,589.0,ETH,3244.101,3244.09,16:54:49
2026-01-06 16:55:23+00:00,,623.0,ETH,3245.211,3245.17,16:55:23
2026-01-06 16:54:50+00:00,,590.0,ETH,3244.101,3244.09,16:54:50
2026-01-06 16:55:25+00:00,,625.0,ETH,3245.231,3245.2,16:55:25
2026-01-06 16:54:51+00:00,,591.0,ETH,3244.111,3244.09,16:54:51
2026-01-06 16:55:26+00:00,,626.0,ETH,3245.141,3245.1,16:55:25
2026-01-06 16:54:52+00:00,,592.0,ETH,3244.111,3244.09,16:54:52
2026-01-06 16:55:27+00:00,,627.0,ETH,3244.861,3244.81,16:55:27
2026-01-06 16:54:53+00:00,,593.0,ETH,3243.981,3243.93,16:54:53
2026-01-06 16:55:28+00:00,,628.0,ETH,3244.991,3244.92,16:55:28
2026-01-06 16:54:54+00:00,,594.0,ETH,3244.071,3244.04,16:54:54
2026-01-06 16:55:29+00:00,,629.0,ETH,3244.991,3244.94,16:55:29
2026-01-06 16:54:55+00:00,,595.0,ETH,3244.011,3243.96,16:54:55
2026-01-06 16:55:30+00:00,,630.0,ETH,3245.051,3244.96,16:55:30
2026-01-06 16:54:56+00:00,,596.0,ETH,3244.071,3244.04,16:54:56
2026-01-06 16:55:31+00:00,,631.0,ETH,3245.691,3245.49,16:55:31
2026-01-06 16:54:57+00:00,,597.0,ETH,3243.861,3243.82,16:54:57
2026-01-06 16:55:32+00:00,,632.0,ETH,3245.801,3245.69,16:55:32
2026-01-06 16:54:58+00:00,,598.0,ETH,3243.841,3243.82,16:54:58
2026-01-06 16:55:33+00:00,,633.0,ETH,3247.032,3246.95,16:55:33
2026-01-06 16:55:34+00:00,,634.0,ETH,3247.182,3246.6,16:55:34
2026-01-06 16:54:59+00:00,,599.0,ETH,3243.751,3243.72,16:54:59
2026-01-06 16:55:35+00:00,,635.0,ETH,3246.872,3246.25,16:55:35
2026-01-06 16:55:00+00:00,,600.0,ETH,3243.721,3243.68,16:55:00
2026-01-06 16:55:36+00:00,,636.0,ETH,3246.671,3246.54,16:55:36
2026-01-06 16:55:01+00:00,,601.0,ETH,3243.731,3243.71,16:55:01
2026-01-06 16:55:37+00:00,,637.0,ETH,3246.521,3246.49,16:55:37
2026-01-06 16:55:02+00:00,,602.0,ETH,3243.781,3243.77,16:55:02
2026-01-06 16:55:38+00:00,,638.0,ETH,3247.492,3247.33,16:55:38
2026-01-06 16:55:04+00:00,,604.0,ETH,3243.911,3243.9,16:55:04
2026-01-06 16:55:39+00:00,,639.0,ETH,3247.562,3247.42,16:55:39
2026-01-06 16:55:05+00:00,,605.0,ETH,3244.121,3244.1,16:55:05
2026-01-06 16:55:40+00:00,,640.0,ETH,3247.622,3247.52,16:55:40
2026-01-06 16:55:06+00:00,,606.0,ETH,3244.241,3244.22,16:55:06
2026-01-06 16:55:41+00:00,,641.0,ETH,3247.722,3247.66,16:55:41
2026-01-06 16:55:07+00:00,,607.0,ETH,3244.481,3244.44,16:55:07
2026-01-06 16:55:42+00:00,,642.0,ETH,3247.792,3247.73,16:55:42
2026-01-06 16:55:09+00:00,,609.0,ETH,3245.031,3244.94,16:55:09
2026-01-06 16:55:43+00:00,,643.0,ETH,3247.852,3247.76,16:55:43
2026-01-06 16:55:10+00:00,,610.0,ETH,3245.291,3245.24,16:55:10
2026-01-06 16:55:44+00:00,,644.0,ETH,3247.862,3247.78,16:55:44
2026-01-06 16:55:11+00:00,,611.0,ETH,3245.341,3245.26,16:55:11
2026-01-06 16:55:45+00:00,,645.0,ETH,3247.002,3247.0,16:55:45
2026-01-06 16:55:12+00:00,,612.0,ETH,3245.521,3245.31,16:55:12
2026-01-06 16:55:46+00:00,,646.0,ETH,3246.982,3246.97,16:55:46
2026-01-06 16:55:13+00:00,,613.0,ETH,3245.381,3245.27,16:55:13
2026-01-06 16:55:47+00:00,,647.0,ETH,3246.832,3246.81,16:55:47
2026-01-06 16:55:14+00:00,,614.0,ETH,3245.351,3245.32,16:55:14
2026-01-06 16:55:48+00:00,,648.0,ETH,3246.852,3246.83,16:55:48
2026-01-06 16:55:15+00:00,,615.0,ETH,3245.231,3245.19,16:55:15
2026-01-06 16:55:49+00:00,,649.0,ETH,3246.832,3246.79,16:55:49
2026-01-06 16:55:16+00:00,,616.0,ETH,3245.131,3245.12,16:55:16
2026-01-06 16:55:50+00:00,,650.0,ETH,3246.842,3246.8,16:55:50
2026-01-06 16:55:51+00:00,,651.0,ETH,3246.862,3246.81,16:55:51
2026-01-06 16:55:17+00:00,,617.0,ETH,3245.161,3245.1,16:55:17
2026-01-06 16:55:52+00:00,,652.0,ETH,3246.661,3246.07,16:55:52
2026-01-06 16:55:18+00:00,,618.0,ETH,3245.061,3244.96,16:55:18
2026-01-06 16:55:53+00:00,,653.0,ETH,3246.371,3245.99,16:55:53
2026-01-06 16:55:19+00:00,,619.0,ETH,3245.051,3244.93,16:55:19
2026-01-06 16:55:54+00:00,,654.0,ETH,3246.081,3245.91,16:55:54
2026-01-06 16:55:20+00:00,,620.0,ETH,3245.051,3244.93,16:55:20
2026-01-06 16:55:55+00:00,,655.0,ETH,3245.861,3245.83,16:55:55
2026-01-06 16:55:21+00:00,,621.0,ETH,3245.081,3244.98,16:55:21
2026-01-06 16:55:56+00:00,,656.0,ETH,3245.491,3245.44,16:55:56
2026-01-06 16:55:57+00:00,,657.0,ETH,3245.771,3245.74,16:55:57
2026-01-06 16:55:22+00:00,,622.0,ETH,3245.121,3245.03,16:55:22
2026-01-06 16:55:23+00:00,,623.0,ETH,3245.221,3245.17,16:55:23
2026-01-06 16:55:58+00:00,,658.0,ETH,3245.771,3245.73,16:55:58
2026-01-06 16:55:24+00:00,,624.0,ETH,3245.211,3245.17,16:55:24
2026-01-06 16:55:59+00:00,,659.0,ETH,3245.741,3245.7,16:55:59
2026-01-06 16:55:25+00:00,,625.0,ETH,3245.141,3245.1,16:55:25
2026-01-06 16:56:00+00:00,,660.0,ETH,3245.671,3245.62,16:56:00
2026-01-06 16:55:26+00:00,,626.0,ETH,3244.961,3244.9,16:55:26
2026-01-06 16:56:01+00:00,,661.0,ETH,3245.721,3245.67,16:56:01
2026-01-06 16:55:27+00:00,,627.0,ETH,3244.931,3244.87,16:55:27
2026-01-06 16:56:02+00:00,,662.0,ETH,3245.771,3245.71,16:56:02
2026-01-06 16:55:28+00:00,,628.0,ETH,3244.991,3244.93,16:55:28
2026-01-06 16:56:03+00:00,,663.0,ETH,3245.821,3245.76,16:56:03
2026-01-06 16:55:29+00:00,,629.0,ETH,3245.021,3244.95,16:55:29
2026-01-06 16:56:04+00:00,,664.0,ETH,3245.871,3245.81,16:56:04
2026-01-06 16:56:05+00:00,,665.0,ETH,3245.841,3245.79,16:56:05
2026-01-06 16:55:31+00:00,,631.0,ETH,3245.691,3245.49,16:55:31
2026-01-06 16:55:32+00:00,,632.0,ETH,3245.801,3245.69,16:55:32
2026-01-06 16:56:06+00:00,,666.0,ETH,3245.851,3245.81,16:56:06
2026-01-06 16:56:07+00:00,,667.0,ETH,3245.771,3245.73,16:56:07
2026-01-06 16:55:33+00:00,,633.0,ETH,3247.032,3246.95,16:55:33
2026-01-06 16:55:34+00:00,,634.0,ETH,3247.182,3246.6,16:55:34
2026-01-06 16:56:08+00:00,,668.0,ETH,3245.951,3245.92,16:56:08
2026-01-06 16:55:35+00:00,,635.0,ETH,3246.872,3246.25,16:55:35
2026-01-06 16:56:09+00:00,,669.0,ETH,3246.031,3245.98,16:56:09
2026-01-06 16:55:36+00:00,,636.0,ETH,3246.671,3246.54,16:55:36
2026-01-06 16:56:10+00:00,,670.0,ETH,3246.061,3245.97,16:56:10
2026-01-06 16:55:37+00:00,,637.0,ETH,3246.521,3246.49,16:55:37
2026-01-06 16:56:11+00:00,,671.0,ETH,3246.041,3245.96,16:56:11
2026-01-06 16:55:38+00:00,,638.0,ETH,3247.492,3247.33,16:55:38
2026-01-06 16:56:12+00:00,,672.0,ETH,3245.971,3245.91,16:56:12
2026-01-06 16:55:39+00:00,,639.0,ETH,3247.562,3247.42,16:55:39
2026-01-06 16:56:13+00:00,,673.0,ETH,3245.931,3245.82,16:56:13
2026-01-06 16:55:40+00:00,,640.0,ETH,3247.622,3247.52,16:55:40
2026-01-06 16:55:41+00:00,,641.0,ETH,3247.692,3247.61,16:55:41
2026-01-06 16:56:14+00:00,,674.0,ETH,3245.781,3245.54,16:56:14
2026-01-06 16:55:42+00:00,,642.0,ETH,3247.752,3247.71,16:55:42
2026-01-06 16:56:16+00:00,,676.0,ETH,3245.531,3245.51,16:56:16
2026-01-06 16:56:17+00:00,,677.0,ETH,3245.331,3245.28,16:56:17
2026-01-06 16:55:43+00:00,,643.0,ETH,3247.832,3247.75,16:55:43
2026-01-06 16:56:18+00:00,,678.0,ETH,3245.411,3245.39,16:56:18
2026-01-06 16:55:44+00:00,,644.0,ETH,3247.862,3247.78,16:55:44
2026-01-06 16:56:19+00:00,,679.0,ETH,3245.411,3245.39,16:56:19
2026-01-06 16:55:45+00:00,,645.0,ETH,3247.002,3247.0,16:55:45
2026-01-06 16:56:20+00:00,,680.0,ETH,3245.451,3245.41,16:56:20
2026-01-06 16:55:46+00:00,,646.0,ETH,3246.982,3246.97,16:55:46
2026-01-06 16:56:21+00:00,,681.0,ETH,3245.541,3245.51,16:56:21
2026-01-06 16:55:47+00:00,,647.0,ETH,3246.832,3246.81,16:55:47
2026-01-06 16:56:22+00:00,,682.0,ETH,3245.551,3245.54,16:56:22
2026-01-06 16:55:48+00:00,,648.0,ETH,3246.852,3246.83,16:55:48
2026-01-06 16:56:23+00:00,,683.0,ETH,3245.951,3245.82,16:56:23
2026-01-06 16:55:49+00:00,,649.0,ETH,3246.832,3246.79,16:55:49
2026-01-06 16:56:24+00:00,,684.0,ETH,3246.061,3246.05,16:56:24
2026-01-06 16:55:50+00:00,,650.0,ETH,3246.842,3246.8,16:55:50
2026-01-06 16:56:25+00:00,,685.0,ETH,3246.271,3246.24,16:56:25
2026-01-06 16:55:51+00:00,,651.0,ETH,3246.862,3246.81,16:55:51
2026-01-06 16:56:26+00:00,,686.0,ETH,3246.271,3246.26,16:56:26
2026-01-06 16:55:52+00:00,,652.0,ETH,3246.661,3246.07,16:55:52
2026-01-06 16:56:27+00:00,,687.0,ETH,3246.271,3246.26,16:56:27
2026-01-06 16:55:53+00:00,,653.0,ETH,3246.231,3245.95,16:55:53
2026-01-06 16:56:28+00:00,,688.0,ETH,3246.601,3246.53,16:56:28
2026-01-06 16:55:54+00:00,,654.0,ETH,3246.081,3245.91,16:55:54
2026-01-06 16:56:29+00:00,,689.0,ETH,3246.611,3246.28,16:56:29
2026-01-06 16:55:55+00:00,,655.0,ETH,3245.861,3245.83,16:55:55
2026-01-06 16:56:30+00:00,,690.0,ETH,3246.281,3246.28,16:56:30
2026-01-06 16:55:56+00:00,,656.0,ETH,3245.631,3245.59,16:55:56
2026-01-06 16:56:31+00:00,,691.0,ETH,3246.411,3246.32,16:56:31
2026-01-06 16:55:57+00:00,,657.0,ETH,3245.771,3245.74,16:55:57
2026-01-06 16:56:32+00:00,,692.0,ETH,3246.541,3246.53,16:56:32
2026-01-06 16:55:58+00:00,,658.0,ETH,3245.761,3245.71,16:55:58
2026-01-06 16:55:59+00:00,,659.0,ETH,3245.701,3245.66,16:55:59
2026-01-06 16:56:33+00:00,,693.0,ETH,3246.611,3246.57,16:56:33
2026-01-06 16:56:00+00:00,,660.0,ETH,3245.701,3245.64,16:56:00
2026-01-06 16:56:34+00:00,,694.0,ETH,3246.611,3246.6,16:56:34
2026-01-06 16:56:01+00:00,,661.0,ETH,3245.751,3245.69,16:56:01
2026-01-06 16:56:35+00:00,,695.0,ETH,3246.681,3246.63,16:56:35
2026-01-06 16:56:02+00:00,,662.0,ETH,3245.801,3245.74,16:56:02
2026-01-06 16:56:03+00:00,,663.0,ETH,3245.851,3245.79,16:56:03
2026-01-06 16:56:36+00:00,,696.0,ETH,3246.892,3246.81,16:56:36
2026-01-06 16:56:04+00:00,,664.0,ETH,3245.861,3245.8,16:56:04
2026-01-06 16:56:37+00:00,,697.0,ETH,3247.082,3247.03,16:56:37
2026-01-06 16:56:05+00:00,,665.0,ETH,3245.841,3245.8,16:56:05
2026-01-06 16:56:38+00:00,,698.0,ETH,3247.212,3247.1,16:56:38
2026-01-06 16:56:06+00:00,,666.0,ETH,3245.811,3245.77,16:56:06
2026-01-06 16:56:39+00:00,,699.0,ETH,3247.292,3247.17,16:56:39
2026-01-06 16:56:40+00:00,,700.0,ETH,3247.382,3247.29,16:56:40
2026-01-06 16:56:07+00:00,,667.0,ETH,3245.801,3245.77,16:56:07
2026-01-06 16:56:41+00:00,,701.0,ETH,3247.682,3247.56,16:56:41
2026-01-06 16:56:08+00:00,,668.0,ETH,3245.951,3245.92,16:56:08
2026-01-06 16:56:42+00:00,,702.0,ETH,3247.902,3247.82,16:56:42
2026-01-06 16:56:09+00:00,,669.0,ETH,3246.031,3245.98,16:56:09
2026-01-06 16:56:44+00:00,,704.0,ETH,3248.052,3247.97,16:56:44
2026-01-06 16:56:10+00:00,,670.0,ETH,3246.061,3245.97,16:56:10
2026-01-06 16:56:45+00:00,,705.0,ETH,3248.292,3248.1,16:56:45
2026-01-06 16:56:11+00:00,,671.0,ETH,3246.041,3245.96,16:56:11
2026-01-06 16:56:46+00:00,,706.0,ETH,3248.392,3248.09,16:56:46
2026-01-06 16:56:12+00:00,,672.0,ETH,3245.981,3245.91,16:56:12
2026-01-06 16:56:47+00:00,,707.0,ETH,3248.482,3248.1,16:56:47
2026-01-06 16:56:13+00:00,,673.0,ETH,3245.961,3245.92,16:56:13
2026-01-06 16:56:14+00:00,,674.0,ETH,3245.891,3245.73,16:56:14
2026-01-06 16:56:48+00:00,,708.0,ETH,3248.302,3248.29,16:56:48
2026-01-06 16:56:15+00:00,,675.0,ETH,3245.661,3245.35,16:56:15
2026-01-06 16:56:49+00:00,,709.0,ETH,3248.512,3248.38,16:56:49
2026-01-06 16:56:50+00:00,,710.0,ETH,3248.382,3248.31,16:56:50
2026-01-06 16:56:16+00:00,,676.0,ETH,3245.531,3245.51,16:56:16
2026-01-06 16:56:51+00:00,,711.0,ETH,3248.342,3248.29,16:56:51
2026-01-06 16:56:17+00:00,,677.0,ETH,3245.371,3245.33,16:56:17
2026-01-06 16:56:52+00:00,,712.0,ETH,3248.132,3247.95,16:56:52
2026-01-06 16:56:18+00:00,,678.0,ETH,3245.411,3245.39,16:56:18
2026-01-06 16:56:53+00:00,,713.0,ETH,3247.972,3247.91,16:56:53
2026-01-06 16:56:19+00:00,,679.0,ETH,3245.431,3245.4,16:56:19
2026-01-06 16:56:54+00:00,,714.0,ETH,3248.102,3248.06,16:56:54
2026-01-06 16:56:20+00:00,,680.0,ETH,3245.501,3245.46,16:56:20
2026-01-06 16:56:55+00:00,,715.0,ETH,3248.302,3248.27,16:56:55
2026-01-06 16:56:21+00:00,,681.0,ETH,3245.541,3245.52,16:56:21
2026-01-06 16:56:22+00:00,,682.0,ETH,3245.751,3245.68,16:56:22
2026-01-06 16:56:56+00:00,,716.0,ETH,3248.312,3248.28,16:56:56
2026-01-06 16:56:57+00:00,,717.0,ETH,3248.362,3248.28,16:56:57
2026-01-06 16:56:23+00:00,,683.0,ETH,3246.001,3245.94,16:56:23
2026-01-06 16:56:24+00:00,,684.0,ETH,3246.161,3246.14,16:56:24
2026-01-06 16:56:58+00:00,,718.0,ETH,3248.482,3248.43,16:56:58
2026-01-06 16:56:25+00:00,,685.0,ETH,3246.271,3246.25,16:56:25
2026-01-06 16:56:59+00:00,,719.0,ETH,3248.642,3248.57,16:56:59
2026-01-06 16:56:26+00:00,,686.0,ETH,3246.271,3246.26,16:56:26
2026-01-06 16:57:00+00:00,,720.0,ETH,3248.682,3248.62,16:57:00
2026-01-06 16:57:01+00:00,,721.0,ETH,3248.652,3248.54,16:57:01
2026-01-06 16:56:27+00:00,,687.0,ETH,3246.431,3246.4,16:56:27
2026-01-06 16:57:02+00:00,,722.0,ETH,3248.772,3248.58,16:57:02
2026-01-06 16:56:28+00:00,,688.0,ETH,3246.611,3246.4,16:56:28
2026-01-06 16:57:03+00:00,,723.0,ETH,3249.012,3248.82,16:57:03
2026-01-06 16:56:30+00:00,,690.0,ETH,3246.281,3246.28,16:56:30
2026-01-06 16:57:04+00:00,,724.0,ETH,3249.342,3249.3,16:57:04
2026-01-06 16:56:31+00:00,,691.0,ETH,3246.411,3246.32,16:56:31
2026-01-06 16:57:05+00:00,,725.0,ETH,3249.212,3249.21,16:57:05
2026-01-06 16:56:32+00:00,,692.0,ETH,3246.541,3246.53,16:56:32
2026-01-06 16:57:06+00:00,,726.0,ETH,3249.492,3249.45,16:57:06
2026-01-06 16:56:33+00:00,,693.0,ETH,3246.611,3246.53,16:56:33
2026-01-06 16:56:34+00:00,,694.0,ETH,3246.611,3246.6,16:56:34
2026-01-06 16:57:07+00:00,,727.0,ETH,3249.462,3249.42,16:57:07
2026-01-06 16:56:35+00:00,,695.0,ETH,3246.611,3246.6,16:56:35
2026-01-06 16:57:08+00:00,,728.0,ETH,3249.462,3249.43,16:57:08
2026-01-06 16:57:09+00:00,,729.0,ETH,3249.512,3249.48,16:57:09
2026-01-06 16:56:36+00:00,,696.0,ETH,3246.751,3246.66,16:56:36
2026-01-06 16:57:10+00:00,,730.0,ETH,3249.562,3249.49,16:57:10
2026-01-06 16:56:37+00:00,,697.0,ETH,3247.042,3246.97,16:56:37
2026-01-06 16:57:11+00:00,,731.0,ETH,3249.602,3249.49,16:57:11
2026-01-06 16:56:38+00:00,,698.0,ETH,3247.132,3247.1,16:56:38
2026-01-06 16:56:39+00:00,,699.0,ETH,3247.292,3247.1,16:56:39
2026-01-06 16:57:12+00:00,,732.0,ETH,3249.592,3249.53,16:57:12
2026-01-06 16:57:13+00:00,,733.0,ETH,3249.592,3249.58,16:57:13
2026-01-06 16:56:40+00:00,,700.0,ETH,3247.292,3247.23,16:56:40
2026-01-06 16:57:14+00:00,,734.0,ETH,3249.582,3249.57,16:57:14
2026-01-06 16:56:41+00:00,,701.0,ETH,3247.482,3247.36,16:56:41
2026-01-06 16:57:15+00:00,,735.0,ETH,3249.532,3249.53,16:57:15
2026-01-06 16:56:42+00:00,,702.0,ETH,3247.892,3247.77,16:56:42
2026-01-06 16:56:43+00:00,,703.0,ETH,3247.912,3247.88,16:56:43
2026-01-06 16:57:16+00:00,,736.0,ETH,3249.532,3249.53,16:57:16
2026-01-06 16:56:44+00:00,,704.0,ETH,3248.052,3247.97,16:56:44
2026-01-06 16:57:17+00:00,,737.0,ETH,3249.562,3249.56,16:57:17
2026-01-06 16:57:18+00:00,,738.0,ETH,3249.562,3249.56,16:57:18
2026-01-06 16:56:45+00:00,,705.0,ETH,3248.292,3248.1,16:56:45
2026-01-06 16:57:19+00:00,,739.0,ETH,3249.562,3249.53,16:57:19
2026-01-06 16:56:46+00:00,,706.0,ETH,3248.392,3248.09,16:56:46
2026-01-06 16:57:20+00:00,,740.0,ETH,3249.562,3249.5,16:57:20
2026-01-06 16:56:47+00:00,,707.0,ETH,3248.482,3248.1,16:56:47
2026-01-06 16:57:21+00:00,,741.0,ETH,3249.222,3249.1,16:57:21
2026-01-06 16:56:48+00:00,,708.0,ETH,3248.302,3248.29,16:56:48
2026-01-06 16:57:22+00:00,,742.0,ETH,3248.872,3248.86,16:57:22
2026-01-06 16:56:49+00:00,,709.0,ETH,3248.512,3248.38,16:56:49
2026-01-06 16:57:23+00:00,,743.0,ETH,3248.732,3248.72,16:57:23
2026-01-06 16:56:50+00:00,,710.0,ETH,3248.382,3248.31,16:56:50
2026-01-06 16:56:51+00:00,,711.0,ETH,3248.342,3248.29,16:56:51
2026-01-06 16:57:24+00:00,,744.0,ETH,3248.832,3248.81,16:57:24
2026-01-06 16:56:52+00:00,,712.0,ETH,3248.132,3247.95,16:56:52
2026-01-06 16:56:53+00:00,,713.0,ETH,3247.972,3247.91,16:56:53
2026-01-06 16:57:25+00:00,,745.0,ETH,3248.822,3248.81,16:57:25
2026-01-06 16:57:27+00:00,,747.0,ETH,3248.562,3248.55,16:57:27
2026-01-06 16:56:54+00:00,,714.0,ETH,3248.102,3248.06,16:56:54
2026-01-06 16:57:28+00:00,,748.0,ETH,3248.412,3248.41,16:57:28
2026-01-06 16:56:55+00:00,,715.0,ETH,3248.302,3248.27,16:56:55
2026-01-06 16:57:29+00:00,,749.0,ETH,3248.412,3248.41,16:57:29
2026-01-06 16:56:56+00:00,,716.0,ETH,3248.312,3248.28,16:56:56
2026-01-06 16:57:30+00:00,,750.0,ETH,3248.692,3248.65,16:57:30
2026-01-06 16:56:57+00:00,,717.0,ETH,3248.362,3248.28,16:56:57
2026-01-06 16:57:31+00:00,,751.0,ETH,3249.052,3248.98,16:57:31
2026-01-06 16:56:58+00:00,,718.0,ETH,3248.482,3248.43,16:56:58
2026-01-06 16:57:32+00:00,,752.0,ETH,3249.492,3249.34,16:57:32
2026-01-06 16:57:33+00:00,,753.0,ETH,3249.712,3249.62,16:57:33
2026-01-06 16:56:59+00:00,,719.0,ETH,3248.662,3248.6,16:56:59
2026-01-06 16:57:34+00:00,,754.0,ETH,3249.752,3249.69,16:57:34
2026-01-06 16:57:01+00:00,,721.0,ETH,3248.652,3248.54,16:57:01
2026-01-06 16:57:35+00:00,,755.0,ETH,3249.712,3249.67,16:57:35
2026-01-06 16:57:02+00:00,,722.0,ETH,3248.772,3248.58,16:57:02
2026-01-06 16:57:36+00:00,,756.0,ETH,3249.712,3249.68,16:57:36
2026-01-06 16:57:03+00:00,,723.0,ETH,3249.012,3248.82,16:57:03
2026-01-06 16:57:37+00:00,,757.0,ETH,3249.712,3249.69,16:57:37
2026-01-06 16:57:04+00:00,,724.0,ETH,3249.342,3249.3,16:57:04
2026-01-06 16:57:38+00:00,,758.0,ETH,3249.902,3249.71,16:57:38
2026-01-06 16:57:05+00:00,,725.0,ETH,3249.212,3249.21,16:57:05
2026-01-06 16:57:39+00:00,,759.0,ETH,3249.922,3249.74,16:57:39
2026-01-06 16:57:06+00:00,,726.0,ETH,3249.492,3249.45,16:57:06
2026-01-06 16:57:40+00:00,,760.0,ETH,3249.822,3249.69,16:57:40
2026-01-06 16:57:07+00:00,,727.0,ETH,3249.492,3249.44,16:57:07
2026-01-06 16:57:41+00:00,,761.0,ETH,3249.632,3249.53,16:57:41
2026-01-06 16:57:08+00:00,,728.0,ETH,3249.432,3249.39,16:57:08
2026-01-06 16:57:42+00:00,,762.0,ETH,3249.532,3249.44,16:57:42
2026-01-06 16:57:09+00:00,,729.0,ETH,3249.492,3249.48,16:57:09
2026-01-06 16:57:43+00:00,,763.0,ETH,3249.522,3249.48,16:57:43
2026-01-06 16:57:10+00:00,,730.0,ETH,3249.522,3249.48,16:57:10
2026-01-06 16:57:44+00:00,,764.0,ETH,3249.542,3249.53,16:57:44
2026-01-06 16:57:11+00:00,,731.0,ETH,3249.602,3249.49,16:57:11
2026-01-06 16:57:45+00:00,,765.0,ETH,3249.612,3249.49,16:57:45
2026-01-06 16:57:12+00:00,,732.0,ETH,3249.602,3249.49,16:57:12
2026-01-06 16:57:46+00:00,,766.0,ETH,3249.612,3249.61,16:57:46
2026-01-06 16:57:13+00:00,,733.0,ETH,3249.582,3249.57,16:57:13
2026-01-06 16:57:47+00:00,,767.0,ETH,3249.632,3249.62,16:57:47
2026-01-06 16:57:14+00:00,,734.0,ETH,3249.592,3249.58,16:57:14
2026-01-06 16:57:48+00:00,,768.0,ETH,3249.722,3249.64,16:57:48
2026-01-06 16:57:15+00:00,,735.0,ETH,3249.562,3249.56,16:57:15
2026-01-06 16:57:49+00:00,,769.0,ETH,3249.612,3249.61,16:57:49
2026-01-06 16:57:16+00:00,,736.0,ETH,3249.502,3249.5,16:57:16
2026-01-06 16:57:50+00:00,,770.0,ETH,3249.402,3249.4,16:57:50
2026-01-06 16:57:17+00:00,,737.0,ETH,3249.562,3249.56,16:57:17
2026-01-06 16:57:51+00:00,,771.0,ETH,3249.462,3249.46,16:57:51
2026-01-06 16:57:18+00:00,,738.0,ETH,3249.562,3249.56,16:57:18
2026-01-06 16:57:52+00:00,,772.0,ETH,3249.532,3249.52,16:57:52
2026-01-06 16:57:19+00:00,,739.0,ETH,3249.562,3249.53,16:57:19
2026-01-06 16:57:53+00:00,,773.0,ETH,3249.532,3249.52,16:57:53
2026-01-06 16:57:20+00:00,,740.0,ETH,3249.562,3249.5,16:57:20
2026-01-06 16:57:54+00:00,,774.0,ETH,3249.592,3249.49,16:57:54
2026-01-06 16:57:21+00:00,,741.0,ETH,3249.222,3249.1,16:57:21
2026-01-06 16:57:55+00:00,,775.0,ETH,3249.502,3249.41,16:57:55
2026-01-06 16:57:22+00:00,,742.0,ETH,3249.022,3249.01,16:57:22
2026-01-06 16:57:56+00:00,,776.0,ETH,3249.672,3249.61,16:57:56
2026-01-06 16:57:23+00:00,,743.0,ETH,3248.722,3248.72,16:57:23
2026-01-06 16:57:57+00:00,,777.0,ETH,3249.742,3249.67,16:57:57
2026-01-06 16:57:24+00:00,,744.0,ETH,3248.732,3248.72,16:57:24
2026-01-06 16:57:58+00:00,,778.0,ETH,3249.952,3249.67,16:57:58
2026-01-06 16:57:25+00:00,,745.0,ETH,3248.922,3248.91,16:57:25
2026-01-06 16:57:59+00:00,,779.0,ETH,3249.902,3249.64,16:57:59
2026-01-06 16:57:26+00:00,,746.0,ETH,3248.722,3248.72,16:57:26
2026-01-06 16:58:00+00:00,,780.0,ETH,3249.532,3249.45,16:58:00
2026-01-06 16:57:27+00:00,,747.0,ETH,3248.562,3248.55,16:57:27
2026-01-06 16:58:01+00:00,,781.0,ETH,3249.442,3249.37,16:58:01
2026-01-06 16:57:28+00:00,,748.0,ETH,3248.412,3248.41,16:57:28
2026-01-06 16:58:02+00:00,,782.0,ETH,3249.592,3249.56,16:58:02
2026-01-06 16:57:29+00:00,,749.0,ETH,3248.552,3248.53,16:57:29
2026-01-06 16:58:03+00:00,,783.0,ETH,3249.772,3249.76,16:58:03
2026-01-06 16:58:04+00:00,,784.0,ETH,3249.972,3249.95,16:58:04
2026-01-06 16:57:30+00:00,,750.0,ETH,3248.872,3248.81,16:57:30
2026-01-06 16:57:32+00:00,,752.0,ETH,3249.602,3249.48,16:57:32
2026-01-06 16:58:06+00:00,,786.0,ETH,3250.332,3250.22,16:58:06
2026-01-06 16:57:33+00:00,,753.0,ETH,3249.712,3249.62,16:57:33
2026-01-06 16:58:07+00:00,,787.0,ETH,3250.122,3250.05,16:58:07
2026-01-06 16:58:08+00:00,,788.0,ETH,3250.062,3250.05,16:58:08
2026-01-06 16:57:34+00:00,,754.0,ETH,3249.752,3249.69,16:57:34
2026-01-06 16:57:35+00:00,,755.0,ETH,3249.712,3249.68,16:57:35
2026-01-06 16:58:09+00:00,,789.0,ETH,3250.422,3250.34,16:58:09
2026-01-06 16:57:36+00:00,,756.0,ETH,3249.712,3249.68,16:57:36
2026-01-06 16:58:10+00:00,,790.0,ETH,3250.412,3250.36,16:58:10
2026-01-06 16:57:37+00:00,,757.0,ETH,3249.802,3249.68,16:57:37
2026-01-06 16:58:11+00:00,,791.0,ETH,3250.392,3250.36,16:58:11
2026-01-06 16:57:38+00:00,,758.0,ETH,3249.902,3249.71,16:57:38
2026-01-06 16:58:12+00:00,,792.0,ETH,3250.642,3250.45,16:58:12
2026-01-06 16:57:39+00:00,,759.0,ETH,3249.922,3249.74,16:57:39
2026-01-06 16:58:13+00:00,,793.0,ETH,3250.942,3250.92,16:58:13
2026-01-06 16:57:40+00:00,,760.0,ETH,3249.822,3249.69,16:57:40
2026-01-06 16:58:14+00:00,,794.0,ETH,3250.932,3250.87,16:58:14
2026-01-06 16:58:15+00:00,,795.0,ETH,3250.832,3250.79,16:58:15
2026-01-06 16:57:41+00:00,,761.0,ETH,3249.632,3249.53,16:57:41
2026-01-06 16:57:42+00:00,,762.0,ETH,3249.532,3249.44,16:57:42
2026-01-06 16:58:16+00:00,,796.0,ETH,3250.882,3250.81,16:58:16
2026-01-06 16:58:17+00:00,,797.0,ETH,3250.922,3250.85,16:58:17
2026-01-06 16:57:43+00:00,,763.0,ETH,3249.522,3249.48,16:57:43
2026-01-06 16:58:18+00:00,,798.0,ETH,3251.062,3250.93,16:58:18
2026-01-06 16:57:45+00:00,,765.0,ETH,3249.612,3249.49,16:57:45
2026-01-06 16:58:19+00:00,,799.0,ETH,3251.232,3251.14,16:58:19
2026-01-06 16:57:46+00:00,,766.0,ETH,3249.612,3249.61,16:57:46
2026-01-06 16:58:20+00:00,,800.0,ETH,3251.302,3251.17,16:58:20
2026-01-06 16:58:21+00:00,,801.0,ETH,3251.382,3251.28,16:58:21
2026-01-06 16:57:47+00:00,,767.0,ETH,3249.682,3249.63,16:57:47
2026-01-06 16:58:22+00:00,,802.0,ETH,3251.592,3251.54,16:58:22
2026-01-06 16:57:48+00:00,,768.0,ETH,3249.672,3249.62,16:57:48
2026-01-06 16:58:23+00:00,,803.0,ETH,3251.652,3251.51,16:58:23
2026-01-06 16:57:49+00:00,,769.0,ETH,3249.512,3249.5,16:57:49
2026-01-06 16:58:24+00:00,,804.0,ETH,3251.532,3251.37,16:58:24
2026-01-06 16:57:50+00:00,,770.0,ETH,3249.432,3249.43,16:57:50
2026-01-06 16:58:25+00:00,,805.0,ETH,3251.602,3251.48,16:58:25
2026-01-06 16:57:51+00:00,,771.0,ETH,3249.502,3249.49,16:57:51
2026-01-06 16:58:26+00:00,,806.0,ETH,3251.632,3251.53,16:58:26
2026-01-06 16:57:52+00:00,,772.0,ETH,3249.532,3249.52,16:57:52
2026-01-06 16:58:27+00:00,,807.0,ETH,3251.702,3251.54,16:58:27
2026-01-06 16:57:53+00:00,,773.0,ETH,3249.562,3249.51,16:57:53
2026-01-06 16:58:28+00:00,,808.0,ETH,3251.782,3251.65,16:58:28
2026-01-06 16:57:54+00:00,,774.0,ETH,3249.542,3249.45,16:57:54
2026-01-06 16:58:29+00:00,,809.0,ETH,3251.802,3251.74,16:58:29
2026-01-06 16:57:55+00:00,,775.0,ETH,3249.592,3249.51,16:57:55
2026-01-06 16:58:30+00:00,,810.0,ETH,3251.502,3251.4,16:58:30
2026-01-06 16:57:56+00:00,,776.0,ETH,3249.672,3249.64,16:57:56
2026-01-06 16:58:31+00:00,,811.0,ETH,3251.122,3251.0,16:58:31
2026-01-06 16:57:57+00:00,,777.0,ETH,3249.742,3249.67,16:57:57
2026-01-06 16:58:32+00:00,,812.0,ETH,3251.042,3250.94,16:58:32
2026-01-06 16:57:58+00:00,,778.0,ETH,3249.952,3249.67,16:57:58
2026-01-06 16:58:33+00:00,,813.0,ETH,3250.842,3250.76,16:58:33
2026-01-06 16:57:59+00:00,,779.0,ETH,3249.902,3249.64,16:57:59
2026-01-06 16:58:34+00:00,,814.0,ETH,3250.672,3250.64,16:58:34
2026-01-06 16:58:00+00:00,,780.0,ETH,3249.532,3249.45,16:58:00
2026-01-06 16:58:35+00:00,,815.0,ETH,3250.682,3250.66,16:58:35
2026-01-06 16:58:01+00:00,,781.0,ETH,3249.442,3249.37,16:58:01
2026-01-06 16:58:36+00:00,,816.0,ETH,3250.792,3250.77,16:58:36
2026-01-06 16:58:02+00:00,,782.0,ETH,3249.592,3249.56,16:58:02
2026-01-06 16:58:37+00:00,,817.0,ETH,3250.792,3250.77,16:58:37
2026-01-06 16:58:03+00:00,,783.0,ETH,3249.772,3249.76,16:58:03
2026-01-06 16:58:38+00:00,,818.0,ETH,3250.832,3250.83,16:58:38
2026-01-06 16:58:05+00:00,,785.0,ETH,3250.062,3250.04,16:58:05
2026-01-06 16:58:39+00:00,,819.0,ETH,3250.822,3250.72,16:58:39
2026-01-06 16:58:06+00:00,,786.0,ETH,3250.332,3250.22,16:58:06
2026-01-06 16:58:40+00:00,,820.0,ETH,3250.732,3250.72,16:58:40
2026-01-06 16:58:07+00:00,,787.0,ETH,3250.122,3250.05,16:58:07
2026-01-06 16:58:41+00:00,,821.0,ETH,3250.732,3250.72,16:58:41
2026-01-06 16:58:08+00:00,,788.0,ETH,3250.062,3250.05,16:58:08
2026-01-06 16:58:42+00:00,,822.0,ETH,3250.732,3250.72,16:58:42
2026-01-06 16:58:09+00:00,,789.0,ETH,3250.422,3250.34,16:58:09
2026-01-06 16:58:43+00:00,,823.0,ETH,3250.522,3250.5,16:58:43
2026-01-06 16:58:10+00:00,,790.0,ETH,3250.412,3250.36,16:58:10
2026-01-06 16:58:44+00:00,,824.0,ETH,3250.522,3250.5,16:58:44
2026-01-06 16:58:45+00:00,,825.0,ETH,3250.672,3250.55,16:58:45
2026-01-06 16:58:11+00:00,,791.0,ETH,3250.522,3250.4,16:58:11
2026-01-06 16:58:46+00:00,,826.0,ETH,3250.442,3250.38,16:58:46
2026-01-06 16:58:12+00:00,,792.0,ETH,3250.792,3250.68,16:58:12
2026-01-06 16:58:47+00:00,,827.0,ETH,3250.212,3250.2,16:58:47
2026-01-06 16:58:13+00:00,,793.0,ETH,3250.932,3250.89,16:58:13
2026-01-06 16:58:48+00:00,,828.0,ETH,3250.212,3250.2,16:58:48
2026-01-06 16:58:14+00:00,,794.0,ETH,3250.882,3250.83,16:58:14
2026-01-06 16:58:49+00:00,,829.0,ETH,3250.062,3250.05,16:58:49
2026-01-06 16:58:15+00:00,,795.0,ETH,3250.852,3250.8,16:58:15
2026-01-06 16:58:50+00:00,,830.0,ETH,3249.962,3249.86,16:58:50
2026-01-06 16:58:16+00:00,,796.0,ETH,3250.902,3250.83,16:58:16
2026-01-06 16:58:51+00:00,,831.0,ETH,3249.942,3249.77,16:58:51
2026-01-06 16:58:17+00:00,,797.0,ETH,3250.992,3250.89,16:58:17
2026-01-06 16:58:52+00:00,,832.0,ETH,3250.362,3250.34,16:58:52
2026-01-06 16:58:18+00:00,,798.0,ETH,3251.142,3251.03,16:58:18
2026-01-06 16:58:53+00:00,,833.0,ETH,3250.612,3250.35,16:58:53
2026-01-06 16:58:19+00:00,,799.0,ETH,3251.232,3251.14,16:58:19
2026-01-06 16:58:54+00:00,,834.0,ETH,3250.662,3250.35,16:58:54
2026-01-06 16:58:20+00:00,,800.0,ETH,3251.302,3251.17,16:58:20
2026-01-06 16:58:55+00:00,,835.0,ETH,3250.482,3250.35,16:58:55
2026-01-06 16:58:21+00:00,,801.0,ETH,3251.382,3251.28,16:58:21
2026-01-06 16:58:56+00:00,,836.0,ETH,3250.502,3250.45,16:58:56
2026-01-06 16:58:22+00:00,,802.0,ETH,3251.592,3251.54,16:58:22
2026-01-06 16:58:57+00:00,,837.0,ETH,3250.642,3250.53,16:58:57
2026-01-06 16:58:23+00:00,,803.0,ETH,3251.652,3251.51,16:58:23
2026-01-06 16:58:58+00:00,,838.0,ETH,3250.592,3250.53,16:58:58
2026-01-06 16:58:24+00:00,,804.0,ETH,3251.532,3251.37,16:58:24
2026-01-06 16:58:59+00:00,,839.0,ETH,3250.592,3250.53,16:58:59
2026-01-06 16:58:25+00:00,,805.0,ETH,3251.602,3251.48,16:58:25
2026-01-06 16:59:00+00:00,,840.0,ETH,3250.372,3250.21,16:59:00
2026-01-06 16:58:26+00:00,,806.0,ETH,3251.632,3251.53,16:58:26
2026-01-06 16:59:01+00:00,,841.0,ETH,3250.172,3249.5,16:59:01
2026-01-06 16:58:27+00:00,,807.0,ETH,3251.702,3251.54,16:58:27
2026-01-06 16:59:02+00:00,,842.0,ETH,3249.102,3248.97,16:59:02
2026-01-06 16:58:28+00:00,,808.0,ETH,3251.782,3251.65,16:58:28
2026-01-06 16:59:03+00:00,,843.0,ETH,3248.792,3248.65,16:59:03
2026-01-06 16:58:29+00:00,,809.0,ETH,3251.802,3251.74,16:58:29
2026-01-06 16:59:04+00:00,,844.0,ETH,3248.752,3248.69,16:59:04
2026-01-06 16:58:30+00:00,,810.0,ETH,3251.502,3251.4,16:58:30
2026-01-06 16:59:05+00:00,,845.0,ETH,3248.542,3248.48,16:59:05
2026-01-06 16:58:31+00:00,,811.0,ETH,3251.122,3251.0,16:58:31
2026-01-06 16:59:06+00:00,,846.0,ETH,3248.482,3248.43,16:59:06
2026-01-06 16:58:32+00:00,,812.0,ETH,3250.942,3250.85,16:58:32
2026-01-06 16:59:07+00:00,,847.0,ETH,3248.282,3248.24,16:59:07
2026-01-06 16:58:33+00:00,,813.0,ETH,3250.752,3250.7,16:58:33
2026-01-06 16:59:08+00:00,,848.0,ETH,3248.112,3248.02,16:59:08
2026-01-06 16:58:34+00:00,,814.0,ETH,3250.682,3250.65,16:58:34
2026-01-06 16:59:09+00:00,,849.0,ETH,3247.922,3247.75,16:59:09
2026-01-06 16:58:35+00:00,,815.0,ETH,3250.742,3250.71,16:58:35
2026-01-06 16:59:10+00:00,,850.0,ETH,3247.612,3247.44,16:59:10
2026-01-06 16:58:36+00:00,,816.0,ETH,3250.792,3250.77,16:58:36
2026-01-06 16:59:11+00:00,,851.0,ETH,3247.442,3247.37,16:59:11
2026-01-06 16:58:37+00:00,,817.0,ETH,3250.812,3250.8,16:58:37
2026-01-06 16:59:12+00:00,,852.0,ETH,3247.422,3247.4,16:59:12
2026-01-06 16:58:38+00:00,,818.0,ETH,3250.832,3250.77,16:58:38
2026-01-06 16:59:13+00:00,,853.0,ETH,3247.372,3247.32,16:59:13
2026-01-06 16:58:39+00:00,,819.0,ETH,3250.772,3250.72,16:58:39
2026-01-06 16:59:14+00:00,,854.0,ETH,3247.402,3247.29,16:59:14
2026-01-06 16:58:40+00:00,,820.0,ETH,3250.732,3250.72,16:58:40
2026-01-06 16:58:41+00:00,,821.0,ETH,3250.732,3250.72,16:58:41
2026-01-06 16:58:42+00:00,,822.0,ETH,3250.622,3250.61,16:58:42
2026-01-06 16:58:43+00:00,,823.0,ETH,3250.522,3250.5,16:58:43
2026-01-06 16:58:44+00:00,,824.0,ETH,3250.602,3250.53,16:58:44
2026-01-06 16:58:45+00:00,,825.0,ETH,3250.552,3250.46,16:58:45
2026-01-06 16:58:46+00:00,,826.0,ETH,3250.322,3250.29,16:58:46
2026-01-06 16:58:47+00:00,,827.0,ETH,3250.212,3250.2,16:58:47
2026-01-06 16:58:48+00:00,,828.0,ETH,3250.132,3250.13,16:58:48
2026-01-06 16:58:49+00:00,,829.0,ETH,3250.012,3249.96,16:58:49
2026-01-06 16:58:50+00:00,,830.0,ETH,3249.952,3249.82,16:58:50
2026-01-06 16:58:51+00:00,,831.0,ETH,3250.152,3250.05,16:58:51
2026-01-06 16:58:52+00:00,,832.0,ETH,3250.482,3250.35,16:58:52
2026-01-06 16:58:53+00:00,,833.0,ETH,3250.642,3250.35,16:58:53
2026-01-06 16:58:54+00:00,,834.0,ETH,3250.572,3250.35,16:58:54
2026-01-06 16:58:55+00:00,,835.0,ETH,3250.492,3250.4,16:58:55
2026-01-06 16:58:56+00:00,,836.0,ETH,3250.572,3250.49,16:58:56
2026-01-06 16:58:57+00:00,,837.0,ETH,3250.622,3250.53,16:58:57
2026-01-06 16:58:58+00:00,,838.0,ETH,3250.592,3250.53,16:58:58
2026-01-06 16:58:59+00:00,,839.0,ETH,3250.482,3250.37,16:58:59
2026-01-06 16:59:00+00:00,,840.0,ETH,3250.272,3249.86,16:59:00
2026-01-06 16:59:01+00:00,,841.0,ETH,3249.642,3249.24,16:59:01
2026-01-06 16:59:02+00:00,,842.0,ETH,3248.952,3248.81,16:59:02
2026-01-06 16:59:03+00:00,,843.0,ETH,3248.772,3248.67,16:59:03
2026-01-06 16:59:04+00:00,,844.0,ETH,3248.642,3248.59,16:59:04
2026-01-06 16:59:05+00:00,,845.0,ETH,3248.542,3248.48,16:59:05
2026-01-06 16:59:06+00:00,,846.0,ETH,3248.482,3248.43,16:59:06
2026-01-06 16:59:07+00:00,,847.0,ETH,3248.282,3248.24,16:59:07
2026-01-06 16:59:08+00:00,,848.0,ETH,3248.112,3248.02,16:59:08
2026-01-06 16:59:09+00:00,,849.0,ETH,3247.922,3247.75,16:59:09
2026-01-06 16:59:10+00:00,,850.0,ETH,3247.612,3247.44,16:59:10
2026-01-06 16:59:11+00:00,,851.0,ETH,3247.442,3247.37,16:59:11
2026-01-06 16:59:12+00:00,,852.0,ETH,3247.422,3247.4,16:59:12
2026-01-06 16:59:13+00:00,,853.0,ETH,3247.372,3247.32,16:59:13
2026-01-06 16:59:14+00:00,,854.0,ETH,3247.402,3247.29,16:59:14
2026-01-06 16:59:15+00:00,,855.0,ETH,3247.442,3247.35,16:59:15
2026-01-06 16:59:16+00:00,,856.0,ETH,3247.452,3247.35,16:59:16
2026-01-06 16:59:17+00:00,,857.0,ETH,3247.542,3247.42,16:59:17
2026-01-06 16:59:18+00:00,,858.0,ETH,3247.582,3247.49,16:59:18
2026-01-06 16:59:19+00:00,,859.0,ETH,3247.582,3247.48,16:59:19
2026-01-06 16:59:20+00:00,,860.0,ETH,3247.522,3247.47,16:59:20
2026-01-06 16:59:21+00:00,,861.0,ETH,3247.592,3247.58,16:59:21
2026-01-06 16:59:22+00:00,,862.0,ETH,3247.832,3247.82,16:59:22
2026-01-06 16:59:23+00:00,,863.0,ETH,3247.952,3247.93,16:59:23
2026-01-06 16:59:24+00:00,,864.0,ETH,3247.802,3247.71,16:59:24
2026-01-06 16:59:25+00:00,,865.0,ETH,3247.562,3247.45,16:59:25
2026-01-06 16:59:26+00:00,,866.0,ETH,3247.522,3247.41,16:59:26
2026-01-06 16:59:27+00:00,,867.0,ETH,3247.602,3247.42,16:59:27
2026-01-06 16:59:28+00:00,,868.0,ETH,3247.552,3247.43,16:59:28
2026-01-06 16:59:29+00:00,,869.0,ETH,3247.472,3247.44,16:59:29
2026-01-06 16:59:30+00:00,,870.0,ETH,3247.362,3247.27,16:59:30
2026-01-06 16:59:31+00:00,,871.0,ETH,3247.162,3247.06,16:59:31
2026-01-06 16:59:32+00:00,,872.0,ETH,3247.212,3247.11,16:59:32
2026-01-06 16:59:33+00:00,,873.0,ETH,3247.342,3247.09,16:59:33
2026-01-06 16:59:34+00:00,,874.0,ETH,3247.292,3247.04,16:59:34
2026-01-06 16:59:35+00:00,,875.0,ETH,3247.222,3247.07,16:59:35
2026-01-06 16:59:36+00:00,,876.0,ETH,3247.132,3247.05,16:59:36
2026-01-06 16:59:37+00:00,,877.0,ETH,3246.932,3246.81,16:59:37
2026-01-06 16:59:38+00:00,,878.0,ETH,3246.622,3246.5,16:59:38
2026-01-06 16:59:39+00:00,,879.0,ETH,3246.432,3246.22,16:59:39
2026-01-06 16:59:40+00:00,,880.0,ETH,3246.242,3246.01,16:59:40
2026-01-06 16:59:41+00:00,,881.0,ETH,3245.972,3245.86,16:59:41
2026-01-06 16:59:42+00:00,,882.0,ETH,3245.942,3245.82,16:59:42
2026-01-06 16:59:43+00:00,,883.0,ETH,3245.852,3245.8,16:59:43
2026-01-06 16:59:44+00:00,,884.0,ETH,3245.742,3245.71,16:59:44
2026-01-06 16:59:45+00:00,,885.0,ETH,3245.772,3245.75,16:59:45
2026-01-06 16:59:46+00:00,,886.0,ETH,3245.772,3245.75,16:59:46
2026-01-06 16:59:47+00:00,,887.0,ETH,3245.712,3245.66,16:59:47
2026-01-06 16:59:48+00:00,,888.0,ETH,3245.672,3245.66,16:59:48
2026-01-06 16:59:49+00:00,,889.0,ETH,3245.682,3245.65,16:59:49
2026-01-06 16:59:50+00:00,,890.0,ETH,3245.532,3245.48,16:59:50
2026-01-06 16:59:51+00:00,,891.0,ETH,3245.612,3245.57,16:59:51
2026-01-06 16:59:52+00:00,,892.0,ETH,3245.692,3245.67,16:59:52
2026-01-06 16:59:53+00:00,,893.0,ETH,3245.712,3245.7,16:59:53
2026-01-06 16:59:54+00:00,,894.0,ETH,3245.822,3245.77,16:59:54
2026-01-06 16:59:55+00:00,,895.0,ETH,3246.522,3246.44,16:59:55
2026-01-06 16:59:56+00:00,,896.0,ETH,3246.462,3246.38,16:59:56
2026-01-06 16:59:57+00:00,,897.0,ETH,3246.662,3246.52,16:59:57
2026-01-06 16:59:58+00:00,,898.0,ETH,3246.982,3246.97,16:59:58
2026-01-06 16:59:59+00:00,,899.0,ETH,3247.292,3247.2,16:59:59
