timestamp,collected_at,seconds,up_mid,up_best_bid,up_best_ask,down_mid,down_best_bid,down_best_ask,up_best_bid_size,up_best_ask_size,down_best_bid_size,down_best_ask_size,up_bid_2,up_bid_2_size,up_ask_2,up_ask_2_size,down_bid_2,down_bid_2_size,down_ask_2,down_ask_2_size
2026-01-06 16:45:00.196201+00:00,2026-01-06 16:45:00.196201+00:00,0.196201,0.01,,0.01,0.99,0.99,,,27910.84,27909.57,,,,0.02,1172.99,0.98,1172.99,,
2026-01-06 16:45:01.239605+00:00,2026-01-06 16:45:01.239605+00:00,1.239605,0.01,,0.01,0.99,0.99,,,27910.84,27909.57,,,,0.02,1172.99,0.98,1172.99,,
2026-01-06 16:45:02.281509+00:00,2026-01-06 16:45:02.281509+00:00,2.281509,0.01,,0.01,0.99,0.99,,,27910.84,27909.57,,,,0.02,1172.99,0.98,1172.99,,
2026-01-06 16:45:03.254281+00:00,2026-01-06 16:45:03.254281+00:00,3.254281,0.01,,0.01,0.99,0.99,,,27910.84,27909.57,,,,0.02,1172.99,0.98,1172.99,,
2026-01-06 16:45:04.238161+00:00,2026-01-06 16:45:04.238161+00:00,4.238161,0.01,,0.01,0.99,0.99,,,27910.84,27909.57,,,,0.02,1172.99,0.98,1172.99,,
2026-01-06 16:45:05.241949+00:00,2026-01-06 16:45:05.241949+00:00,5.241949,0.01,,0.01,0.99,0.99,,,27910.84,27909.57,,,,0.02,1172.99,0.98,1172.99,,
2026-01-06 16:45:06.286723+00:00,2026-01-06 16:45:06.286723+00:00,6.286723,0.01,,0.01,0.99,0.99,,,27910.84,27909.57,,,,0.02,1172.99,0.98,1172.99,,
2026-01-06 16:45:07.262523+00:00,2026-01-06 16:45:07.262523+00:00,7.262523,0.01,,0.01,0.99,0.99,,,27910.84,27909.57,,,,0.02,1172.99,0.98,1172.99,,
2026-01-06 16:45:08.261628+00:00,2026-01-06 16:45:08.261628+00:00,8.261628,0.01,,0.01,0.99,0.99,,,27910.84,27909.57,,,,0.02,1172.99,0.98,1172.99,,
2026-01-06 16:45:09.295976+00:00,2026-01-06 16:45:09.295976+00:00,9.295976,0.01,,0.01,0.99,0.99,,,27910.84,27909.57,,,,0.02,1172.99,0.98,1172.99,,
2026-01-06 16:45:10.350799+00:00,2026-01-06 16:45:10.350799+00:00,10.350799,0.01,,0.01,0.99,0.99,,,27910.84,27909.57,,,,0.02,1172.99,0.98,1172.99,,
2026-01-06 16:45:11.332289+00:00,2026-01-06 16:45:11.332289+00:00,11.332289,0.01,,0.01,0.99,0.99,,,27910.84,27909.57,,,,0.02,1172.99,0.98,1172.99,,
2026-01-06 16:45:12.327951+00:00,2026-01-06 16:45:12.327951+00:00,12.327951,0.01,,0.01,0.99,0.99,,,27910.84,27909.57,,,,0.02,1172.99,0.98,1172.99,,
2026-01-06 16:45:13.338115+00:00,2026-01-06 16:45:13.338115+00:00,13.338115,0.01,,0.01,0.99,0.99,,,27910.84,27909.57,,,,0.02,1172.99,0.98,1172.99,,
2026-01-06 16:45:14.348044+00:00,2026-01-06 16:45:14.348044+00:00,14.348044,0.01,,0.01,0.99,0.99,,,27910.84,27909.57,,,,0.02,1172.99,0.98,1172.99,,
2026-01-06 16:45:15.388621+00:00,2026-01-06 16:45:15.388621+00:00,15.388621,0.01,,0.01,0.99,0.99,,,27910.84,27909.57,,,,0.02,1172.99,0.98,1172.99,,
2026-01-06 16:45:16.404850+00:00,2026-01-06 16:45:16.404850+00:00,16.40485,0.01,,0.01,0.99,0.99,,,27910.84,27909.57,,,,0.02,1172.99,0.98,1172.99,,
2026-01-06 16:45:17.354367+00:00,2026-01-06 16:45:17.354367+00:00,17.354367,0.01,,0.01,0.99,0.99,,,27910.84,27909.57,,,,0.02,1172.99,0.98,1172.99,,
2026-01-06 16:45:18.365683+00:00,2026-01-06 16:45:18.365683+00:00,18.365683,0.01,,0.01,0.99,0.99,,,27910.84,27909.57,,,,0.02,1172.99,0.98,1172.99,,
2026-01-06 16:45:19.404778+00:00,2026-01-06 16:45:19.404778+00:00,19.404778,0.01,,0.01,0.99,0.99,,,27910.84,27909.57,,,,0.02,1172.99,0.98,1172.99,,
2026-01-06 16:45:20.384357+00:00,2026-01-06 16:45:20.384357+00:00,20.384357,0.01,,0.01,0.99,0.99,,,27910.84,27909.57,,,,0.02,1172.99,0.98,1172.99,,
2026-01-06 16:45:21.385551+00:00,2026-01-06 16:45:21.385551+00:00,21.385551,0.01,,0.01,0.99,0.99,,,27910.84,27909.57,,,,0.02,1172.99,0.98,1172.99,,
2026-01-06 16:45:22.487472+00:00,2026-01-06 16:45:22.487472+00:00,22.487472,0.01,,0.01,0.99,0.99,,,27910.84,27909.57,,,,0.02,1172.99,0.98,1172.99,,
2026-01-06 16:45:23.402560+00:00,2026-01-06 16:45:23.402560+00:00,23.40256,0.01,,0.01,0.99,0.99,,,27910.84,27909.57,,,,0.02,1172.99,0.98,1172.99,,
2026-01-06 16:45:24.413857+00:00,2026-01-06 16:45:24.413857+00:00,24.413857,0.01,,0.01,0.99,0.99,,,27910.84,27909.57,,,,0.02,1172.99,0.98,1172.99,,
2026-01-06 16:45:25.415912+00:00,2026-01-06 16:45:25.415912+00:00,25.415912,0.01,,0.01,0.99,0.99,,,27910.84,27909.57,,,,0.02,1172.99,0.98,1172.99,,
2026-01-06 16:45:26.445421+00:00,2026-01-06 16:45:26.445421+00:00,26.445421,0.01,,0.01,0.99,0.99,,,27910.84,27909.57,,,,0.02,1172.99,0.98,1172.99,,
2026-01-06 16:45:27.417733+00:00,2026-01-06 16:45:27.417733+00:00,27.417733,0.01,,0.01,0.99,0.99,,,27910.84,27909.57,,,,0.02,1172.99,0.98,1172.99,,
2026-01-06 16:45:28.429192+00:00,2026-01-06 16:45:28.429192+00:00,28.429192,0.01,,0.01,0.99,0.99,,,27910.84,27909.57,,,,0.02,1172.99,0.98,1172.99,,
2026-01-06 16:45:29.438552+00:00,2026-01-06 16:45:29.438552+00:00,29.438552,0.01,,0.01,0.99,0.99,,,27910.84,27909.57,,,,0.02,1172.99,0.98,1172.99,,
2026-01-06 16:45:30.466586+00:00,2026-01-06 16:45:30.466586+00:00,30.466586,0.01,,0.01,0.99,0.99,,,27910.84,27909.57,,,,0.02,1172.99,0.98,1172.99,,
2026-01-06 16:45:31.448339+00:00,2026-01-06 16:45:31.448339+00:00,31.448339,0.01,,0.01,0.99,0.99,,,27910.84,27909.57,,,,0.02,1172.99,0.98,1172.99,,
2026-01-06 16:45:32.477517+00:00,2026-01-06 16:45:32.477517+00:00,32.477517,0.01,,0.01,0.99,0.99,,,27910.84,27909.57,,,,0.02,1172.99,0.98,1172.99,,
2026-01-06 16:45:33.480217+00:00,2026-01-06 16:45:33.480217+00:00,33.480217,0.01,,0.01,0.99,0.99,,,27910.84,27909.57,,,,0.02,1172.99,0.98,1172.99,,
2026-01-06 16:45:34.515642+00:00,2026-01-06 16:45:34.515642+00:00,34.515642,0.01,,0.01,0.99,0.99,,,27910.84,27909.57,,,,0.02,1172.99,0.98,1172.99,,
2026-01-06 16:45:35.500083+00:00,2026-01-06 16:45:35.500083+00:00,35.500083,0.01,,0.01,0.99,0.99,,,27910.84,27909.57,,,,0.02,1172.99,0.98,1172.99,,
2026-01-06 16:45:36.511103+00:00,2026-01-06 16:45:36.511103+00:00,36.511103,0.01,,0.01,0.99,0.99,,,27910.84,27909.57,,,,0.02,1172.99,0.98,1172.99,,
2026-01-06 16:45:37.527588+00:00,2026-01-06 16:45:37.527588+00:00,37.527588,0.01,,0.01,0.99,0.99,,,27910.84,27909.57,,,,0.02,1172.99,0.98,1172.99,,
2026-01-06 16:45:38.553683+00:00,2026-01-06 16:45:38.553683+00:00,38.553683,0.01,,0.01,0.99,0.99,,,27910.84,27909.57,,,,0.02,1172.99,0.98,1172.99,,
2026-01-06 16:45:39.554285+00:00,2026-01-06 16:45:39.554285+00:00,39.554285,0.01,,0.01,0.99,0.99,,,27910.84,27909.57,,,,0.02,1172.99,0.98,1172.99,,
2026-01-06 16:45:40.571054+00:00,2026-01-06 16:45:40.571054+00:00,40.571054,0.01,,0.01,0.99,0.99,,,27910.84,27909.57,,,,0.02,1172.99,0.98,1172.99,,
2026-01-06 16:45:41.535947+00:00,2026-01-06 16:45:41.535947+00:00,41.535947,0.01,,0.01,0.99,0.99,,,27910.84,27909.57,,,,0.02,1172.99,0.98,1172.99,,
2026-01-06 16:45:42.547677+00:00,2026-01-06 16:45:42.547677+00:00,42.547677,0.01,,0.01,0.99,0.99,,,27910.84,27909.57,,,,0.02,1172.99,0.98,1172.99,,
2026-01-06 16:45:43.583911+00:00,2026-01-06 16:45:43.583911+00:00,43.583911,0.01,,0.01,0.99,0.99,,,27910.84,27909.57,,,,0.02,1172.99,0.98,1172.99,,
2026-01-06 16:45:44.570886+00:00,2026-01-06 16:45:44.570886+00:00,44.570886,0.01,,0.01,0.99,0.99,,,27910.84,27909.57,,,,0.02,1172.99,0.98,1172.99,,
2026-01-06 16:45:45.586830+00:00,2026-01-06 16:45:45.586830+00:00,45.58683,0.01,,0.01,0.99,0.99,,,27910.84,27909.57,,,,0.02,1172.99,0.98,1172.99,,
2026-01-06 16:45:46.600237+00:00,2026-01-06 16:45:46.600237+00:00,46.600237,0.01,,0.01,0.99,0.99,,,27910.84,27909.57,,,,0.02,1172.99,0.98,1172.99,,
2026-01-06 16:45:47.612288+00:00,2026-01-06 16:45:47.612288+00:00,47.612288,0.01,,0.01,0.99,0.99,,,27910.84,27909.57,,,,0.02,1172.99,0.98,1172.99,,
2026-01-06 16:45:48.632762+00:00,2026-01-06 16:45:48.632762+00:00,48.632762,0.01,,0.01,0.99,0.99,,,27910.84,27909.57,,,,0.02,1172.99,0.98,1172.99,,
2026-01-06 16:45:49.625649+00:00,2026-01-06 16:45:49.625649+00:00,49.625649,0.01,,0.01,0.99,0.99,,,27910.84,27909.57,,,,0.02,1172.99,0.98,1172.99,,
2026-01-06 16:45:50.637636+00:00,2026-01-06 16:45:50.637636+00:00,50.637636,0.01,,0.01,0.99,0.99,,,27910.84,27909.57,,,,0.02,1172.99,0.98,1172.99,,
2026-01-06 16:45:51.652097+00:00,2026-01-06 16:45:51.652097+00:00,51.652097,0.01,,0.01,0.99,0.99,,,27910.84,27909.57,,,,0.02,1172.99,0.98,1172.99,,
2026-01-06 16:45:52.671625+00:00,2026-01-06 16:45:52.671625+00:00,52.671625,0.01,,0.01,0.99,0.99,,,27910.84,27909.57,,,,0.02,1172.99,0.98,1172.99,,
2026-01-06 16:45:53.679148+00:00,2026-01-06 16:45:53.679148+00:00,53.679148,0.01,,0.01,0.99,0.99,,,27910.84,27909.57,,,,0.02,1172.99,0.98,1172.99,,
2026-01-06 16:45:54.701007+00:00,2026-01-06 16:45:54.701007+00:00,54.701007,0.01,,0.01,0.99,0.99,,,27910.84,27909.57,,,,0.02,1172.99,0.98,1172.99,,
2026-01-06 16:45:55.725191+00:00,2026-01-06 16:45:55.725191+00:00,55.725191,0.01,,0.01,0.99,0.99,,,27910.84,27909.57,,,,0.02,1172.99,0.98,1172.99,,
2026-01-06 16:45:56.718324+00:00,2026-01-06 16:45:56.718324+00:00,56.718324,0.01,,0.01,0.99,0.99,,,27910.84,27909.57,,,,0.02,1172.99,0.98,1172.99,,
2026-01-06 16:45:57.735189+00:00,2026-01-06 16:45:57.735189+00:00,57.735189,0.01,,0.01,0.99,0.99,,,27910.84,27909.57,,,,0.02,1172.99,0.98,1172.99,,
2026-01-06 16:45:58.736797+00:00,2026-01-06 16:45:58.736797+00:00,58.736797,0.01,,0.01,0.99,0.99,,,27910.84,27909.57,,,,0.02,1172.99,0.98,1172.99,,
2026-01-06 16:45:59.766256+00:00,2026-01-06 16:45:59.766256+00:00,59.766256,0.01,,0.01,0.99,0.99,,,27910.84,27909.57,,,,0.02,1172.99,0.98,1172.99,,
2026-01-06 16:46:00.781849+00:00,2026-01-06 16:46:00.781849+00:00,60.781849,0.01,,0.01,0.99,0.99,,,27910.84,27909.57,,,,0.02,1172.99,0.98,1172.99,,
2026-01-06 16:46:01.785526+00:00,2026-01-06 16:46:01.785526+00:00,61.785526,0.01,,0.01,0.99,0.99,,,27910.84,27909.57,,,,0.02,1172.99,0.98,1172.99,,
2026-01-06 16:46:02.795090+00:00,2026-01-06 16:46:02.795090+00:00,62.79509,0.01,,0.01,0.99,0.99,,,27910.84,27909.57,,,,0.02,1172.99,0.98,1172.99,,
2026-01-06 16:46:03.794874+00:00,2026-01-06 16:46:03.794874+00:00,63.794874,0.01,,0.01,0.99,0.99,,,27910.84,27909.57,,,,0.02,1172.99,0.98,1172.99,,
2026-01-06 16:46:04.836128+00:00,2026-01-06 16:46:04.836128+00:00,64.836128,0.01,,0.01,0.99,0.99,,,27910.84,27909.57,,,,0.02,1172.99,0.98,1172.99,,
2026-01-06 16:46:05.818502+00:00,2026-01-06 16:46:05.818502+00:00,65.818502,0.01,,0.01,0.99,0.99,,,27910.84,27909.57,,,,0.02,1172.99,0.98,1172.99,,
2026-01-06 16:46:06.821383+00:00,2026-01-06 16:46:06.821383+00:00,66.821383,0.01,,0.01,0.99,0.99,,,27910.84,27909.57,,,,0.02,1172.99,0.98,1172.99,,
2026-01-06 16:46:07.813250+00:00,2026-01-06 16:46:07.813250+00:00,67.81325,0.01,,0.01,0.99,0.99,,,27910.84,27909.57,,,,0.02,1172.99,0.98,1172.99,,
2026-01-06 16:46:08.845561+00:00,2026-01-06 16:46:08.845561+00:00,68.845561,0.01,,0.01,0.99,0.99,,,27910.84,27909.57,,,,0.02,1172.99,0.98,1172.99,,
2026-01-06 16:46:09.844595+00:00,2026-01-06 16:46:09.844595+00:00,69.844595,0.01,,0.01,0.99,0.99,,,27910.84,27909.57,,,,0.02,1172.99,0.98,1172.99,,
2026-01-06 16:46:10.836155+00:00,2026-01-06 16:46:10.836155+00:00,70.836155,0.01,,0.01,0.99,0.99,,,27910.84,27909.57,,,,0.02,1172.99,0.98,1172.99,,
2026-01-06 16:46:11.869436+00:00,2026-01-06 16:46:11.869436+00:00,71.869436,0.01,,0.01,0.99,0.99,,,27910.84,27909.57,,,,0.02,1172.99,0.98,1172.99,,
2026-01-06 16:46:12.868143+00:00,2026-01-06 16:46:12.868143+00:00,72.868143,0.01,,0.01,0.99,0.99,,,27910.84,27909.57,,,,0.02,1172.99,0.98,1172.99,,
2026-01-06 16:46:13.862984+00:00,2026-01-06 16:46:13.862984+00:00,73.862984,0.01,,0.01,0.99,0.99,,,27910.84,27909.57,,,,0.02,1172.99,0.98,1172.99,,
2026-01-06 16:46:14.965007+00:00,2026-01-06 16:46:14.965007+00:00,74.965007,0.01,,0.01,0.99,0.99,,,27910.84,27909.57,,,,0.02,1172.99,0.98,1172.99,,
2026-01-06 16:46:15.916615+00:00,2026-01-06 16:46:15.916615+00:00,75.916615,0.01,,0.01,0.99,0.99,,,27910.84,27909.57,,,,0.02,1172.99,0.98,1172.99,,
2026-01-06 16:46:16.905100+00:00,2026-01-06 16:46:16.905100+00:00,76.9051,0.01,,0.01,0.99,0.99,,,27910.84,27909.57,,,,0.02,1172.99,0.98,1172.99,,
2026-01-06 16:46:17.911348+00:00,2026-01-06 16:46:17.911348+00:00,77.911348,0.01,,0.01,0.99,0.99,,,27910.84,27909.57,,,,0.02,1172.99,0.98,1172.99,,
2026-01-06 16:46:18.930264+00:00,2026-01-06 16:46:18.930264+00:00,78.930264,0.01,,0.01,0.99,0.99,,,27910.84,27909.57,,,,0.02,1172.99,0.98,1172.99,,
2026-01-06 16:46:19.962307+00:00,2026-01-06 16:46:19.962307+00:00,79.962307,0.01,,0.01,0.99,0.99,,,27910.84,27909.57,,,,0.02,1172.99,0.98,1172.99,,
2026-01-06 16:46:20.977991+00:00,2026-01-06 16:46:20.977991+00:00,80.977991,0.01,,0.01,0.99,0.99,,,27910.84,27909.57,,,,0.02,1172.99,0.98,1172.99,,
2026-01-06 16:46:22.000160+00:00,2026-01-06 16:46:22.000160+00:00,82.00016,0.01,,0.01,0.99,0.99,,,27910.84,27909.57,,,,0.02,1172.99,0.98,1172.99,,
2026-01-06 16:46:22.982607+00:00,2026-01-06 16:46:22.982607+00:00,82.982607,0.01,,0.01,0.99,0.99,,,27910.84,27909.57,,,,0.02,1172.99,0.98,1172.99,,
2026-01-06 16:46:23.985101+00:00,2026-01-06 16:46:23.985101+00:00,83.985101,0.01,,0.01,0.99,0.99,,,27910.84,27909.57,,,,0.02,1172.99,0.98,1172.99,,
2026-01-06 16:46:25.026869+00:00,2026-01-06 16:46:25.026869+00:00,85.026869,0.01,,0.01,0.99,0.99,,,27910.84,27909.57,,,,0.02,1172.99,0.98,1172.99,,
2026-01-06 16:46:26.027030+00:00,2026-01-06 16:46:26.027030+00:00,86.02703,0.01,,0.01,0.99,0.99,,,27910.84,27909.57,,,,0.02,1172.99,0.98,1172.99,,
2026-01-06 16:46:27.052379+00:00,2026-01-06 16:46:27.052379+00:00,87.052379,0.01,,0.01,0.99,0.99,,,27910.84,27909.57,,,,0.02,1172.99,0.98,1172.99,,
2026-01-06 16:46:28.069189+00:00,2026-01-06 16:46:28.069189+00:00,88.069189,0.01,,0.01,0.99,0.99,,,27910.84,27909.57,,,,0.02,1172.99,0.98,1172.99,,
2026-01-06 16:46:29.088196+00:00,2026-01-06 16:46:29.088196+00:00,89.088196,0.01,,0.01,0.99,0.99,,,27910.84,27909.57,,,,0.02,1172.99,0.98,1172.99,,
2026-01-06 16:46:30.065732+00:00,2026-01-06 16:46:30.065732+00:00,90.065732,0.01,,0.01,0.99,0.99,,,27910.84,27909.57,,,,0.02,1172.99,0.98,1172.99,,
2026-01-06 16:46:31.065352+00:00,2026-01-06 16:46:31.065352+00:00,91.065352,0.01,,0.01,0.99,0.99,,,27910.84,27909.57,,,,0.02,1172.99,0.98,1172.99,,
2026-01-06 16:46:32.101362+00:00,2026-01-06 16:46:32.101362+00:00,92.101362,0.01,,0.01,0.99,0.99,,,27910.84,27909.57,,,,0.02,1172.99,0.98,1172.99,,
2026-01-06 16:46:33.081519+00:00,2026-01-06 16:46:33.081519+00:00,93.081519,0.01,,0.01,0.99,0.99,,,27910.84,27909.57,,,,0.02,1172.99,0.98,1172.99,,
2026-01-06 16:46:34.139601+00:00,2026-01-06 16:46:34.139601+00:00,94.139601,0.01,,0.01,0.99,0.99,,,27910.84,27909.57,,,,0.02,1172.99,0.98,1172.99,,
2026-01-06 16:46:35.084474+00:00,2026-01-06 16:46:35.084474+00:00,95.084474,0.01,,0.01,0.99,0.99,,,27910.84,27909.57,,,,0.02,1172.99,0.98,1172.99,,
2026-01-06 16:46:36.066998+00:00,2026-01-06 16:46:36.066998+00:00,96.066998,0.01,,0.01,0.99,0.99,,,27910.84,27909.57,,,,0.02,1172.99,0.98,1172.99,,
2026-01-06 16:46:37.115472+00:00,2026-01-06 16:46:37.115472+00:00,97.115472,0.01,,0.01,0.99,0.99,,,27910.84,27909.57,,,,0.02,1172.99,0.98,1172.99,,
2026-01-06 16:46:38.101885+00:00,2026-01-06 16:46:38.101885+00:00,98.101885,0.01,,0.01,0.99,0.99,,,27910.84,27909.57,,,,0.02,1172.99,0.98,1172.99,,
2026-01-06 16:46:39.097528+00:00,2026-01-06 16:46:39.097528+00:00,99.097528,0.01,,0.01,0.99,0.99,,,27910.84,27909.57,,,,0.02,1172.99,0.98,1172.99,,
2026-01-06 16:46:40.103399+00:00,2026-01-06 16:46:40.103399+00:00,100.103399,0.01,,0.01,0.99,0.99,,,27910.84,27909.57,,,,0.02,1172.99,0.98,1172.99,,
2026-01-06 16:46:41.116144+00:00,2026-01-06 16:46:41.116144+00:00,101.116144,0.01,,0.01,0.99,0.99,,,27910.84,27909.57,,,,0.02,1172.99,0.98,1172.99,,
2026-01-06 16:46:42.166114+00:00,2026-01-06 16:46:42.166114+00:00,102.166114,0.01,,0.01,0.99,0.99,,,27910.84,27909.57,,,,0.02,1172.99,0.98,1172.99,,
2026-01-06 16:46:43.141250+00:00,2026-01-06 16:46:43.141250+00:00,103.14125,0.01,,0.01,0.99,0.99,,,27910.84,27909.57,,,,0.02,1172.99,0.98,1172.99,,
2026-01-06 16:46:44.113224+00:00,2026-01-06 16:46:44.113224+00:00,104.113224,0.01,,0.01,0.99,0.99,,,27910.84,27909.57,,,,0.02,1172.99,0.98,1172.99,,
2026-01-06 16:46:45.103463+00:00,2026-01-06 16:46:45.103463+00:00,105.103463,0.01,,0.01,0.99,0.99,,,27910.84,27909.57,,,,0.02,1172.99,0.98,1172.99,,
2026-01-06 16:46:46.129380+00:00,2026-01-06 16:46:46.129380+00:00,106.12938,0.01,,0.01,0.99,0.99,,,27910.84,27909.57,,,,0.02,1172.99,0.98,1172.99,,
2026-01-06 16:46:47.128955+00:00,2026-01-06 16:46:47.128955+00:00,107.128955,0.01,,0.01,0.99,0.99,,,27910.84,27909.57,,,,0.02,1172.99,0.98,1172.99,,
2026-01-06 16:46:48.133461+00:00,2026-01-06 16:46:48.133461+00:00,108.133461,0.01,,0.01,0.99,0.99,,,27910.84,27909.57,,,,0.02,1172.99,0.98,1172.99,,
2026-01-06 16:46:49.147845+00:00,2026-01-06 16:46:49.147845+00:00,109.147845,0.01,,0.01,0.99,0.99,,,27910.84,27909.57,,,,0.02,1172.99,0.98,1172.99,,
2026-01-06 16:46:50.208717+00:00,2026-01-06 16:46:50.208717+00:00,110.208717,0.01,,0.01,0.99,0.99,,,27910.84,27909.57,,,,0.02,1172.99,0.98,1172.99,,
2026-01-06 16:46:51.195135+00:00,2026-01-06 16:46:51.195135+00:00,111.195135,0.01,,0.01,0.99,0.99,,,27910.84,27909.57,,,,0.02,1172.99,0.98,1172.99,,
2026-01-06 16:46:52.215253+00:00,2026-01-06 16:46:52.215253+00:00,112.215253,0.01,,0.01,0.99,0.99,,,27910.84,27909.57,,,,0.02,1172.99,0.98,1172.99,,
2026-01-06 16:46:53.180029+00:00,2026-01-06 16:46:53.180029+00:00,113.180029,0.01,,0.01,0.99,0.99,,,27910.84,27909.57,,,,0.02,1172.99,0.98,1172.99,,
2026-01-06 16:46:54.202150+00:00,2026-01-06 16:46:54.202150+00:00,114.20215,0.01,,0.01,0.99,0.99,,,27910.84,27909.57,,,,0.02,1172.99,0.98,1172.99,,
2026-01-06 16:46:55.190462+00:00,2026-01-06 16:46:55.190462+00:00,115.190462,0.01,,0.01,0.99,0.99,,,27910.84,27909.57,,,,0.02,1172.99,0.98,1172.99,,
2026-01-06 16:46:56.208417+00:00,2026-01-06 16:46:56.208417+00:00,116.208417,0.01,,0.01,0.99,0.99,,,27910.84,27909.57,,,,0.02,1172.99,0.98,1172.99,,
2026-01-06 16:46:57.181502+00:00,2026-01-06 16:46:57.181502+00:00,117.181502,0.01,,0.01,0.99,0.99,,,27910.84,27909.57,,,,0.02,1172.99,0.98,1172.99,,
2026-01-06 16:46:58.193329+00:00,2026-01-06 16:46:58.193329+00:00,118.193329,0.01,,0.01,0.99,0.99,,,27910.84,27909.57,,,,0.02,1172.99,0.98,1172.99,,
2026-01-06 16:46:59.189329+00:00,2026-01-06 16:46:59.189329+00:00,119.189329,0.01,,0.01,0.99,0.99,,,27910.84,27909.57,,,,0.02,1172.99,0.98,1172.99,,
2026-01-06 16:47:00.211510+00:00,2026-01-06 16:47:00.211510+00:00,120.21151,0.01,,0.01,0.99,0.99,,,27910.84,27909.57,,,,0.02,1172.99,0.98,1172.99,,
2026-01-06 16:47:01.274650+00:00,2026-01-06 16:47:01.274650+00:00,121.27465,0.01,,0.01,0.99,0.99,,,27910.84,27909.57,,,,0.02,1172.99,0.98,1172.99,,
2026-01-06 16:47:02.215746+00:00,2026-01-06 16:47:02.215746+00:00,122.215746,0.01,,0.01,0.99,0.99,,,27910.84,27909.57,,,,0.02,1172.99,0.98,1172.99,,
2026-01-06 16:47:03.248819+00:00,2026-01-06 16:47:03.248819+00:00,123.248819,0.01,,0.01,0.99,0.99,,,27910.84,27909.57,,,,0.02,1172.99,0.98,1172.99,,
2026-01-06 16:47:04.239671+00:00,2026-01-06 16:47:04.239671+00:00,124.239671,0.01,,0.01,0.99,0.99,,,27910.84,27909.57,,,,0.02,1172.99,0.98,1172.99,,
2026-01-06 16:47:05.255571+00:00,2026-01-06 16:47:05.255571+00:00,125.255571,0.01,,0.01,0.99,0.99,,,27910.84,27909.57,,,,0.02,1172.99,0.98,1172.99,,
2026-01-06 16:47:06.236504+00:00,2026-01-06 16:47:06.236504+00:00,126.236504,0.01,,0.01,0.99,0.99,,,27910.84,27909.57,,,,0.02,1172.99,0.98,1172.99,,
2026-01-06 16:47:07.250477+00:00,2026-01-06 16:47:07.250477+00:00,127.250477,0.01,,0.01,0.99,0.99,,,27910.84,27909.57,,,,0.02,1172.99,0.98,1172.99,,
2026-01-06 16:47:08.372186+00:00,2026-01-06 16:47:08.372186+00:00,128.372186,0.01,,0.01,0.99,0.99,,,27910.84,27909.57,,,,0.02,1172.99,0.98,1172.99,,
2026-01-06 16:47:09.265858+00:00,2026-01-06 16:47:09.265858+00:00,129.265858,0.01,,0.01,0.99,0.99,,,27910.84,27909.57,,,,0.02,1172.99,0.98,1172.99,,
2026-01-06 16:47:10.281718+00:00,2026-01-06 16:47:10.281718+00:00,130.281718,0.01,,0.01,0.99,0.99,,,27910.84,27909.57,,,,0.02,1172.99,0.98,1172.99,,
2026-01-06 16:47:11.314787+00:00,2026-01-06 16:47:11.314787+00:00,131.314787,0.01,,0.01,0.99,0.99,,,27910.84,27909.57,,,,0.02,1172.99,0.98,1172.99,,
2026-01-06 16:47:12.280303+00:00,2026-01-06 16:47:12.280303+00:00,132.280303,0.01,,0.01,0.99,0.99,,,27910.84,27909.57,,,,0.02,1172.99,0.98,1172.99,,
2026-01-06 16:47:13.311260+00:00,2026-01-06 16:47:13.311260+00:00,133.31126,0.01,,0.01,0.99,0.99,,,27910.84,27909.57,,,,0.02,1172.99,0.98,1172.99,,
2026-01-06 16:47:14.303770+00:00,2026-01-06 16:47:14.303770+00:00,134.30377,0.01,,0.01,0.99,0.99,,,27910.84,27909.57,,,,0.02,1172.99,0.98,1172.99,,
2026-01-06 16:47:15.336007+00:00,2026-01-06 16:47:15.336007+00:00,135.336007,0.01,,0.01,0.99,0.99,,,27910.84,27909.57,,,,0.02,1172.99,0.98,1172.99,,
2026-01-06 16:47:16.329933+00:00,2026-01-06 16:47:16.329933+00:00,136.329933,0.01,,0.01,0.99,0.99,,,27910.84,27909.57,,,,0.02,1172.99,0.98,1172.99,,
2026-01-06 16:47:17.350570+00:00,2026-01-06 16:47:17.350570+00:00,137.35057,0.01,,0.01,0.99,0.99,,,27910.84,27909.57,,,,0.02,1172.99,0.98,1172.99,,
2026-01-06 16:47:18.363365+00:00,2026-01-06 16:47:18.363365+00:00,138.363365,0.01,,0.01,0.99,0.99,,,27910.84,27909.57,,,,0.02,1172.99,0.98,1172.99,,
2026-01-06 16:47:19.350957+00:00,2026-01-06 16:47:19.350957+00:00,139.350957,0.01,,0.01,0.99,0.99,,,27910.84,27909.57,,,,0.02,1172.99,0.98,1172.99,,
2026-01-06 16:47:20.356446+00:00,2026-01-06 16:47:20.356446+00:00,140.356446,0.01,,0.01,0.99,0.99,,,27910.84,27909.57,,,,0.02,1172.99,0.98,1172.99,,
2026-01-06 16:47:21.377669+00:00,2026-01-06 16:47:21.377669+00:00,141.377669,0.01,,0.01,0.99,0.99,,,27910.84,27909.57,,,,0.02,1172.99,0.98,1172.99,,
2026-01-06 16:47:22.446009+00:00,2026-01-06 16:47:22.446009+00:00,142.446009,0.01,,0.01,0.99,0.99,,,27910.84,27909.57,,,,0.02,1172.99,0.98,1172.99,,
2026-01-06 16:47:23.399715+00:00,2026-01-06 16:47:23.399715+00:00,143.399715,0.01,,0.01,0.99,0.99,,,27910.84,27909.57,,,,0.02,1172.99,0.98,1172.99,,
2026-01-06 16:47:24.395513+00:00,2026-01-06 16:47:24.395513+00:00,144.395513,0.01,,0.01,0.99,0.99,,,27910.84,27909.57,,,,0.02,1172.99,0.98,1172.99,,
2026-01-06 16:47:25.410439+00:00,2026-01-06 16:47:25.410439+00:00,145.410439,0.01,,0.01,0.99,0.99,,,27910.84,27909.57,,,,0.02,1172.99,0.98,1172.99,,
2026-01-06 16:47:26.414587+00:00,2026-01-06 16:47:26.414587+00:00,146.414587,0.01,,0.01,0.99,0.99,,,27910.84,27909.57,,,,0.02,1172.99,0.98,1172.99,,
2026-01-06 16:47:27.406645+00:00,2026-01-06 16:47:27.406645+00:00,147.406645,0.01,,0.01,0.99,0.99,,,27910.84,27909.57,,,,0.02,1172.99,0.98,1172.99,,
2026-01-06 16:47:28.441496+00:00,2026-01-06 16:47:28.441496+00:00,148.441496,0.01,,0.01,0.99,0.99,,,27910.84,27909.57,,,,0.02,1172.99,0.98,1172.99,,
2026-01-06 16:47:29.423817+00:00,2026-01-06 16:47:29.423817+00:00,149.423817,0.01,,0.01,0.99,0.99,,,27910.84,27909.57,,,,0.02,1172.99,0.98,1172.99,,
2026-01-06 16:47:30.483710+00:00,2026-01-06 16:47:30.483710+00:00,150.48371,0.01,,0.01,0.99,0.99,,,27910.84,27909.57,,,,0.02,1172.99,0.98,1172.99,,
2026-01-06 16:47:31.466376+00:00,2026-01-06 16:47:31.466376+00:00,151.466376,0.01,,0.01,0.99,0.99,,,27910.84,27909.57,,,,0.02,1172.99,0.98,1172.99,,
2026-01-06 16:47:32.466454+00:00,2026-01-06 16:47:32.466454+00:00,152.466454,0.01,,0.01,0.99,0.99,,,27910.84,27909.57,,,,0.02,1172.99,0.98,1172.99,,
2026-01-06 16:47:33.495635+00:00,2026-01-06 16:47:33.495635+00:00,153.495635,0.01,,0.01,0.99,0.99,,,27910.84,27909.57,,,,0.02,1172.99,0.98,1172.99,,
2026-01-06 16:47:34.481864+00:00,2026-01-06 16:47:34.481864+00:00,154.481864,0.01,,0.01,0.99,0.99,,,27910.84,27909.57,,,,0.02,1172.99,0.98,1172.99,,
2026-01-06 16:47:35.507648+00:00,2026-01-06 16:47:35.507648+00:00,155.507648,0.01,,0.01,0.99,0.99,,,27910.84,27909.57,,,,0.02,1172.99,0.98,1172.99,,
2026-01-06 16:47:36.536543+00:00,2026-01-06 16:47:36.536543+00:00,156.536543,0.01,,0.01,0.99,0.99,,,27910.84,27909.57,,,,0.02,1172.99,0.98,1172.99,,
2026-01-06 16:47:37.511544+00:00,2026-01-06 16:47:37.511544+00:00,157.511544,0.01,,0.01,0.99,0.99,,,27910.84,27909.57,,,,0.02,1172.99,0.98,1172.99,,
2026-01-06 16:47:38.541681+00:00,2026-01-06 16:47:38.541681+00:00,158.541681,0.01,,0.01,0.99,0.99,,,27910.84,27909.57,,,,0.02,1172.99,0.98,1172.99,,
2026-01-06 16:47:39.536735+00:00,2026-01-06 16:47:39.536735+00:00,159.536735,0.01,,0.01,0.99,0.99,,,27910.84,27909.57,,,,0.02,1172.99,0.98,1172.99,,
2026-01-06 16:47:40.500050+00:00,2026-01-06 16:47:40.500050+00:00,160.50005,0.01,,0.01,0.99,0.99,,,27910.84,27909.57,,,,0.02,1172.99,0.98,1172.99,,
2026-01-06 16:47:41.668015+00:00,2026-01-06 16:47:41.668015+00:00,161.668015,0.01,,0.01,0.99,0.99,,,27910.84,27909.57,,,,0.02,1172.99,0.98,1172.99,,
2026-01-06 16:47:42.576000+00:00,2026-01-06 16:47:42.576000+00:00,162.576,0.01,,0.01,0.99,0.99,,,27910.84,27909.57,,,,0.02,1172.99,0.98,1172.99,,
2026-01-06 16:47:43.555447+00:00,2026-01-06 16:47:43.555447+00:00,163.555447,0.01,,0.01,0.99,0.99,,,27910.84,27909.57,,,,0.02,1172.99,0.98,1172.99,,
2026-01-06 16:47:44.579500+00:00,2026-01-06 16:47:44.579500+00:00,164.5795,0.01,,0.01,0.99,0.99,,,27910.84,27909.57,,,,0.02,1172.99,0.98,1172.99,,
2026-01-06 16:47:45.560661+00:00,2026-01-06 16:47:45.560661+00:00,165.560661,0.01,,0.01,0.99,0.99,,,27910.84,27909.57,,,,0.02,1172.99,0.98,1172.99,,
2026-01-06 16:47:46.568587+00:00,2026-01-06 16:47:46.568587+00:00,166.568587,0.01,,0.01,0.99,0.99,,,27910.84,27909.57,,,,0.02,1172.99,0.98,1172.99,,
2026-01-06 16:47:47.627826+00:00,2026-01-06 16:47:47.627826+00:00,167.627826,0.01,,0.01,0.99,0.99,,,27910.84,27909.57,,,,0.02,1172.99,0.98,1172.99,,
2026-01-06 16:47:48.606350+00:00,2026-01-06 16:47:48.606350+00:00,168.60635,0.01,,0.01,0.99,0.99,,,27910.84,27909.57,,,,0.02,1172.99,0.98,1172.99,,
2026-01-06 16:47:49.610929+00:00,2026-01-06 16:47:49.610929+00:00,169.610929,0.01,,0.01,0.99,0.99,,,27910.84,27909.57,,,,0.02,1172.99,0.98,1172.99,,
2026-01-06 16:47:50.621403+00:00,2026-01-06 16:47:50.621403+00:00,170.621403,0.01,,0.01,0.99,0.99,,,27910.84,27909.57,,,,0.02,1172.99,0.98,1172.99,,
2026-01-06 16:47:51.645987+00:00,2026-01-06 16:47:51.645987+00:00,171.645987,0.01,,0.01,0.99,0.99,,,27910.84,27909.57,,,,0.02,1172.99,0.98,1172.99,,
2026-01-06 16:47:52.641205+00:00,2026-01-06 16:47:52.641205+00:00,172.641205,0.01,,0.01,0.99,0.99,,,27910.84,27909.57,,,,0.02,1172.99,0.98,1172.99,,
2026-01-06 16:47:53.644926+00:00,2026-01-06 16:47:53.644926+00:00,173.644926,0.01,,0.01,0.99,0.99,,,27910.84,27909.57,,,,0.02,1172.99,0.98,1172.99,,
2026-01-06 16:47:54.648626+00:00,2026-01-06 16:47:54.648626+00:00,174.648626,0.01,,0.01,0.99,0.99,,,27910.84,27909.57,,,,0.02,1172.99,0.98,1172.99,,
2026-01-06 16:47:55.649265+00:00,2026-01-06 16:47:55.649265+00:00,175.649265,0.01,,0.01,0.99,0.99,,,27910.84,27909.57,,,,0.02,1172.99,0.98,1172.99,,
2026-01-06 16:47:56.676381+00:00,2026-01-06 16:47:56.676381+00:00,176.676381,0.01,,0.01,0.99,0.99,,,27910.84,27909.57,,,,0.02,1172.99,0.98,1172.99,,
2026-01-06 16:47:57.674567+00:00,2026-01-06 16:47:57.674567+00:00,177.674567,0.01,,0.01,0.99,0.99,,,27910.84,27909.57,,,,0.02,1172.99,0.98,1172.99,,
2026-01-06 16:47:58.707420+00:00,2026-01-06 16:47:58.707420+00:00,178.70742,0.01,,0.01,0.99,0.99,,,27910.84,27909.57,,,,0.02,1172.99,0.98,1172.99,,
2026-01-06 16:47:59.740239+00:00,2026-01-06 16:47:59.740239+00:00,179.740239,0.01,,0.01,0.99,0.99,,,27910.84,27909.57,,,,0.02,1172.99,0.98,1172.99,,
2026-01-06 16:48:00.724836+00:00,2026-01-06 16:48:00.724836+00:00,180.724836,0.01,,0.01,0.99,0.99,,,27910.84,27909.57,,,,0.02,1172.99,0.98,1172.99,,
2026-01-06 16:48:01.700736+00:00,2026-01-06 16:48:01.700736+00:00,181.700736,0.01,,0.01,0.99,0.99,,,27910.84,27909.57,,,,0.02,1172.99,0.98,1172.99,,
2026-01-06 16:48:02.721357+00:00,2026-01-06 16:48:02.721357+00:00,182.721357,0.01,,0.01,0.99,0.99,,,27910.84,27909.57,,,,0.02,1172.99,0.98,1172.99,,
2026-01-06 16:48:03.729206+00:00,2026-01-06 16:48:03.729206+00:00,183.729206,0.01,,0.01,0.99,0.99,,,27910.84,27909.57,,,,0.02,1172.99,0.98,1172.99,,
2026-01-06 16:48:04.709898+00:00,2026-01-06 16:48:04.709898+00:00,184.709898,0.01,,0.01,0.99,0.99,,,27910.84,27909.57,,,,0.02,1172.99,0.98,1172.99,,
2026-01-06 16:48:05.737442+00:00,2026-01-06 16:48:05.737442+00:00,185.737442,0.01,,0.01,0.99,0.99,,,27910.84,27909.57,,,,0.02,1172.99,0.98,1172.99,,
2026-01-06 16:48:06.761651+00:00,2026-01-06 16:48:06.761651+00:00,186.761651,0.01,,0.01,0.99,0.99,,,27910.84,27909.57,,,,0.02,1172.99,0.98,1172.99,,
2026-01-06 16:48:07.747949+00:00,2026-01-06 16:48:07.747949+00:00,187.747949,0.01,,0.01,0.99,0.99,,,27910.84,27909.57,,,,0.02,1172.99,0.98,1172.99,,
2026-01-06 16:48:08.779988+00:00,2026-01-06 16:48:08.779988+00:00,188.779988,0.01,,0.01,0.99,0.99,,,27910.84,27909.57,,,,0.02,1172.99,0.98,1172.99,,
2026-01-06 16:48:09.823109+00:00,2026-01-06 16:48:09.823109+00:00,189.823109,0.01,,0.01,0.99,0.99,,,27910.84,27909.57,,,,0.02,1172.99,0.98,1172.99,,
2026-01-06 16:48:10.806835+00:00,2026-01-06 16:48:10.806835+00:00,190.806835,0.01,,0.01,0.99,0.99,,,27910.84,27909.57,,,,0.02,1172.99,0.98,1172.99,,
2026-01-06 16:48:11.802258+00:00,2026-01-06 16:48:11.802258+00:00,191.802258,0.01,,0.01,0.99,0.99,,,27910.84,27909.57,,,,0.02,1172.99,0.98,1172.99,,
2026-01-06 16:48:12.814688+00:00,2026-01-06 16:48:12.814688+00:00,192.814688,0.01,,0.01,0.99,0.99,,,27910.84,27909.57,,,,0.02,1172.99,0.98,1172.99,,
2026-01-06 16:48:13.812952+00:00,2026-01-06 16:48:13.812952+00:00,193.812952,0.01,,0.01,0.99,0.99,,,27910.84,27909.57,,,,0.02,1172.99,0.98,1172.99,,
2026-01-06 16:48:14.908472+00:00,2026-01-06 16:48:14.908472+00:00,194.908472,0.01,,0.01,0.99,0.99,,,27910.84,27909.57,,,,0.02,1172.99,0.98,1172.99,,
2026-01-06 16:48:15.859937+00:00,2026-01-06 16:48:15.859937+00:00,195.859937,0.01,,0.01,0.99,0.99,,,27910.84,27909.57,,,,0.02,1172.99,0.98,1172.99,,
2026-01-06 16:48:16.857456+00:00,2026-01-06 16:48:16.857456+00:00,196.857456,0.01,,0.01,0.99,0.99,,,27910.84,27909.57,,,,0.02,1172.99,0.98,1172.99,,
2026-01-06 16:48:17.894877+00:00,2026-01-06 16:48:17.894877+00:00,197.894877,0.01,,0.01,0.99,0.99,,,27910.84,27909.57,,,,0.02,1172.99,0.98,1172.99,,
2026-01-06 16:48:18.880824+00:00,2026-01-06 16:48:18.880824+00:00,198.880824,0.01,,0.01,0.99,0.99,,,27910.84,27909.57,,,,0.02,1172.99,0.98,1172.99,,
2026-01-06 16:48:19.888002+00:00,2026-01-06 16:48:19.888002+00:00,199.888002,0.01,,0.01,0.99,0.99,,,27910.84,27909.57,,,,0.02,1172.99,0.98,1172.99,,
2026-01-06 16:48:20.888599+00:00,2026-01-06 16:48:20.888599+00:00,200.888599,0.01,,0.01,0.99,0.99,,,27910.84,27909.57,,,,0.02,1172.99,0.98,1172.99,,
2026-01-06 16:48:21.989897+00:00,2026-01-06 16:48:21.989897+00:00,201.989897,0.01,,0.01,0.99,0.99,,,27910.84,27909.57,,,,0.02,1172.99,0.98,1172.99,,
2026-01-06 16:48:22.906483+00:00,2026-01-06 16:48:22.906483+00:00,202.906483,0.01,,0.01,0.99,0.99,,,27910.84,27909.57,,,,0.02,1172.99,0.98,1172.99,,
2026-01-06 16:48:23.913709+00:00,2026-01-06 16:48:23.913709+00:00,203.913709,0.01,,0.01,0.99,0.99,,,27910.84,27909.57,,,,0.02,1172.99,0.98,1172.99,,
2026-01-06 16:48:24.947434+00:00,2026-01-06 16:48:24.947434+00:00,204.947434,0.01,,0.01,0.99,0.99,,,27910.84,27909.57,,,,0.02,1172.99,0.98,1172.99,,
2026-01-06 16:48:25.914643+00:00,2026-01-06 16:48:25.914643+00:00,205.914643,0.01,,0.01,0.99,0.99,,,27910.84,27909.57,,,,0.02,1172.99,0.98,1172.99,,
2026-01-06 16:48:26.947966+00:00,2026-01-06 16:48:26.947966+00:00,206.947966,0.01,,0.01,0.99,0.99,,,27910.84,27909.57,,,,0.02,1172.99,0.98,1172.99,,
2026-01-06 16:48:27.966027+00:00,2026-01-06 16:48:27.966027+00:00,207.966027,0.01,,0.01,0.99,0.99,,,27910.84,27909.57,,,,0.02,1172.99,0.98,1172.99,,
2026-01-06 16:48:28.924875+00:00,2026-01-06 16:48:28.924875+00:00,208.924875,0.01,,0.01,0.99,0.99,,,27910.84,27909.57,,,,0.02,1172.99,0.98,1172.99,,
2026-01-06 16:48:29.939347+00:00,2026-01-06 16:48:29.939347+00:00,209.939347,0.01,,0.01,0.99,0.99,,,27910.84,27909.57,,,,0.02,1172.99,0.98,1172.99,,
2026-01-06 16:48:30.963530+00:00,2026-01-06 16:48:30.963530+00:00,210.96353,0.01,,0.01,0.99,0.99,,,27910.84,27909.57,,,,0.02,1172.99,0.98,1172.99,,
2026-01-06 16:48:31.978713+00:00,2026-01-06 16:48:31.978713+00:00,211.978713,0.01,,0.01,0.99,0.99,,,27910.84,27909.57,,,,0.02,1172.99,0.98,1172.99,,
2026-01-06 16:48:32.970798+00:00,2026-01-06 16:48:32.970798+00:00,212.970798,0.01,,0.01,0.99,0.99,,,27910.84,27909.57,,,,0.02,1172.99,0.98,1172.99,,
2026-01-06 16:48:34.039078+00:00,2026-01-06 16:48:34.039078+00:00,214.039078,0.01,,0.01,0.99,0.99,,,27910.84,27909.57,,,,0.02,1172.99,0.98,1172.99,,
2026-01-06 16:48:34.980282+00:00,2026-01-06 16:48:34.980282+00:00,214.980282,0.01,,0.01,0.99,0.99,,,27910.84,27909.57,,,,0.02,1172.99,0.98,1172.99,,
2026-01-06 16:48:35.959733+00:00,2026-01-06 16:48:35.959733+00:00,215.959733,0.01,,0.01,0.99,0.99,,,27910.84,27909.57,,,,0.02,1172.99,0.98,1172.99,,
2026-01-06 16:48:36.971106+00:00,2026-01-06 16:48:36.971106+00:00,216.971106,0.01,,0.01,0.99,0.99,,,27910.84,27909.57,,,,0.02,1172.99,0.98,1172.99,,
2026-01-06 16:48:38.004705+00:00,2026-01-06 16:48:38.004705+00:00,218.004705,0.01,,0.01,0.99,0.99,,,27910.84,27909.57,,,,0.02,1172.99,0.98,1172.99,,
2026-01-06 16:48:39.020724+00:00,2026-01-06 16:48:39.020724+00:00,219.020724,0.01,,0.01,0.99,0.99,,,27910.84,27909.57,,,,0.02,1172.99,0.98,1172.99,,
2026-01-06 16:48:40.013243+00:00,2026-01-06 16:48:40.013243+00:00,220.013243,0.01,,0.01,0.99,0.99,,,27910.84,27909.57,,,,0.02,1172.99,0.98,1172.99,,
2026-01-06 16:48:41.030518+00:00,2026-01-06 16:48:41.030518+00:00,221.030518,0.01,,0.01,0.99,0.99,,,27910.84,27909.57,,,,0.02,1172.99,0.98,1172.99,,
2026-01-06 16:48:42.041222+00:00,2026-01-06 16:48:42.041222+00:00,222.041222,0.01,,0.01,0.99,0.99,,,27910.84,27909.57,,,,0.02,1172.99,0.98,1172.99,,
2026-01-06 16:48:43.046702+00:00,2026-01-06 16:48:43.046702+00:00,223.046702,0.01,,0.01,0.99,0.99,,,27910.84,27909.57,,,,0.02,1172.99,0.98,1172.99,,
2026-01-06 16:48:44.096864+00:00,2026-01-06 16:48:44.096864+00:00,224.096864,0.01,,0.01,0.99,0.99,,,27910.84,27909.57,,,,0.02,1172.99,0.98,1172.99,,
2026-01-06 16:48:45.155231+00:00,2026-01-06 16:48:45.155231+00:00,225.155231,0.01,,0.01,0.99,0.99,,,27910.84,27909.57,,,,0.02,1172.99,0.98,1172.99,,
2026-01-06 16:48:46.095247+00:00,2026-01-06 16:48:46.095247+00:00,226.095247,0.01,,0.01,0.99,0.99,,,27910.84,27909.57,,,,0.02,1172.99,0.98,1172.99,,
2026-01-06 16:48:47.103633+00:00,2026-01-06 16:48:47.103633+00:00,227.103633,0.01,,0.01,0.99,0.99,,,27910.84,27909.57,,,,0.02,1172.99,0.98,1172.99,,
2026-01-06 16:48:48.094742+00:00,2026-01-06 16:48:48.094742+00:00,228.094742,0.01,,0.01,0.99,0.99,,,27910.84,27909.57,,,,0.02,1172.99,0.98,1172.99,,
2026-01-06 16:48:49.112923+00:00,2026-01-06 16:48:49.112923+00:00,229.112923,0.01,,0.01,0.99,0.99,,,27910.84,27909.57,,,,0.02,1172.99,0.98,1172.99,,
2026-01-06 16:48:50.136105+00:00,2026-01-06 16:48:50.136105+00:00,230.136105,0.01,,0.01,0.99,0.99,,,27910.84,27909.57,,,,0.02,1172.99,0.98,1172.99,,
2026-01-06 16:48:51.127649+00:00,2026-01-06 16:48:51.127649+00:00,231.127649,0.01,,0.01,0.99,0.99,,,27910.84,27909.57,,,,0.02,1172.99,0.98,1172.99,,
2026-01-06 16:48:52.124275+00:00,2026-01-06 16:48:52.124275+00:00,232.124275,0.01,,0.01,0.99,0.99,,,27910.84,27909.57,,,,0.02,1172.99,0.98,1172.99,,
2026-01-06 16:48:53.152449+00:00,2026-01-06 16:48:53.152449+00:00,233.152449,0.01,,0.01,0.99,0.99,,,27910.84,27909.57,,,,0.02,1172.99,0.98,1172.99,,
2026-01-06 16:48:54.157512+00:00,2026-01-06 16:48:54.157512+00:00,234.157512,0.01,,0.01,0.99,0.99,,,27910.84,27909.57,,,,0.02,1172.99,0.98,1172.99,,
2026-01-06 16:48:55.172174+00:00,2026-01-06 16:48:55.172174+00:00,235.172174,0.01,,0.01,0.99,0.99,,,27910.84,27909.57,,,,0.02,1172.99,0.98,1172.99,,
2026-01-06 16:48:56.181494+00:00,2026-01-06 16:48:56.181494+00:00,236.181494,0.01,,0.01,0.99,0.99,,,27910.84,27909.57,,,,0.02,1172.99,0.98,1172.99,,
2026-01-06 16:48:57.176604+00:00,2026-01-06 16:48:57.176604+00:00,237.176604,0.01,,0.01,0.99,0.99,,,27910.84,27909.57,,,,0.02,1172.99,0.98,1172.99,,
2026-01-06 16:48:58.157881+00:00,2026-01-06 16:48:58.157881+00:00,238.157881,0.01,,0.01,0.99,0.99,,,27910.84,27909.57,,,,0.02,1172.99,0.98,1172.99,,
2026-01-06 16:48:59.177114+00:00,2026-01-06 16:48:59.177114+00:00,239.177114,0.01,,0.01,0.99,0.99,,,27910.84,27909.57,,,,0.02,1172.99,0.98,1172.99,,
2026-01-06 16:49:00.168423+00:00,2026-01-06 16:49:00.168423+00:00,240.168423,0.01,,0.01,0.99,0.99,,,27910.84,27909.57,,,,0.02,1172.99,0.98,1172.99,,
2026-01-06 16:49:01.176868+00:00,2026-01-06 16:49:01.176868+00:00,241.176868,0.01,,0.01,0.99,0.99,,,27910.84,27909.57,,,,0.02,1172.99,0.98,1172.99,,
2026-01-06 16:49:02.194318+00:00,2026-01-06 16:49:02.194318+00:00,242.194318,0.01,,0.01,0.99,0.99,,,27910.84,27909.57,,,,0.02,1172.99,0.98,1172.99,,
2026-01-06 16:49:03.211770+00:00,2026-01-06 16:49:03.211770+00:00,243.21177,0.01,,0.01,0.99,0.99,,,27910.84,27909.57,,,,0.02,1172.99,0.98,1172.99,,
2026-01-06 16:49:04.195424+00:00,2026-01-06 16:49:04.195424+00:00,244.195424,0.01,,0.01,0.99,0.99,,,27910.84,27909.57,,,,0.02,1172.99,0.98,1172.99,,
2026-01-06 16:49:05.199198+00:00,2026-01-06 16:49:05.199198+00:00,245.199198,0.01,,0.01,0.99,0.99,,,27910.84,27909.57,,,,0.02,1172.99,0.98,1172.99,,
2026-01-06 16:49:06.214229+00:00,2026-01-06 16:49:06.214229+00:00,246.214229,0.01,,0.01,0.99,0.99,,,27910.84,27909.57,,,,0.02,1172.99,0.98,1172.99,,
2026-01-06 16:49:07.213877+00:00,2026-01-06 16:49:07.213877+00:00,247.213877,0.01,,0.01,0.99,0.99,,,27910.84,27909.57,,,,0.02,1172.99,0.98,1172.99,,
2026-01-06 16:49:08.218591+00:00,2026-01-06 16:49:08.218591+00:00,248.218591,0.01,,0.01,0.99,0.99,,,27910.84,27909.57,,,,0.02,1172.99,0.98,1172.99,,
2026-01-06 16:49:09.236821+00:00,2026-01-06 16:49:09.236821+00:00,249.236821,0.01,,0.01,0.99,0.99,,,27910.84,27909.57,,,,0.02,1172.99,0.98,1172.99,,
2026-01-06 16:49:10.253577+00:00,2026-01-06 16:49:10.253577+00:00,250.253577,0.01,,0.01,0.99,0.99,,,27910.84,27909.57,,,,0.02,1172.99,0.98,1172.99,,
2026-01-06 16:49:11.258223+00:00,2026-01-06 16:49:11.258223+00:00,251.258223,0.01,,0.01,0.99,0.99,,,27910.84,27909.57,,,,0.02,1172.99,0.98,1172.99,,
2026-01-06 16:49:12.281166+00:00,2026-01-06 16:49:12.281166+00:00,252.281166,0.01,,0.01,0.99,0.99,,,27910.84,27909.57,,,,0.02,1172.99,0.98,1172.99,,
2026-01-06 16:49:13.268489+00:00,2026-01-06 16:49:13.268489+00:00,253.268489,0.01,,0.01,0.99,0.99,,,27910.84,27909.57,,,,0.02,1172.99,0.98,1172.99,,
2026-01-06 16:49:14.324414+00:00,2026-01-06 16:49:14.324414+00:00,254.324414,0.01,,0.01,0.99,0.99,,,27910.84,27909.57,,,,0.02,1172.99,0.98,1172.99,,
2026-01-06 16:49:15.309208+00:00,2026-01-06 16:49:15.309208+00:00,255.309208,0.01,,0.01,0.99,0.99,,,27910.84,27909.57,,,,0.02,1172.99,0.98,1172.99,,
2026-01-06 16:49:16.336421+00:00,2026-01-06 16:49:16.336421+00:00,256.336421,0.01,,0.01,0.99,0.99,,,27910.84,27909.57,,,,0.02,1172.99,0.98,1172.99,,
2026-01-06 16:49:17.336955+00:00,2026-01-06 16:49:17.336955+00:00,257.336955,0.01,,0.01,0.99,0.99,,,27910.84,27909.57,,,,0.02,1172.99,0.98,1172.99,,
2026-01-06 16:49:18.336462+00:00,2026-01-06 16:49:18.336462+00:00,258.336462,0.01,,0.01,0.99,0.99,,,27910.84,27909.57,,,,0.02,1172.99,0.98,1172.99,,
2026-01-06 16:49:19.355027+00:00,2026-01-06 16:49:19.355027+00:00,259.355027,0.01,,0.01,0.99,0.99,,,27910.84,27909.57,,,,0.02,1172.99,0.98,1172.99,,
2026-01-06 16:49:20.359156+00:00,2026-01-06 16:49:20.359156+00:00,260.359156,0.01,,0.01,0.99,0.99,,,27910.84,27909.57,,,,0.02,1172.99,0.98,1172.99,,
2026-01-06 16:49:21.349992+00:00,2026-01-06 16:49:21.349992+00:00,261.349992,0.01,,0.01,0.99,0.99,,,27910.84,27909.57,,,,0.02,1172.99,0.98,1172.99,,
2026-01-06 16:49:22.366116+00:00,2026-01-06 16:49:22.366116+00:00,262.366116,0.01,,0.01,0.99,0.99,,,27910.84,27909.57,,,,0.02,1172.99,0.98,1172.99,,
2026-01-06 16:49:23.385999+00:00,2026-01-06 16:49:23.385999+00:00,263.385999,0.01,,0.01,0.99,0.99,,,27910.84,27909.57,,,,0.02,1172.99,0.98,1172.99,,
2026-01-06 16:49:24.387867+00:00,2026-01-06 16:49:24.387867+00:00,264.387867,0.01,,0.01,0.99,0.99,,,27910.84,27909.57,,,,0.02,1172.99,0.98,1172.99,,
2026-01-06 16:49:25.384932+00:00,2026-01-06 16:49:25.384932+00:00,265.384932,0.01,,0.01,0.99,0.99,,,27910.84,27909.57,,,,0.02,1172.99,0.98,1172.99,,
2026-01-06 16:49:26.401840+00:00,2026-01-06 16:49:26.401840+00:00,266.40184,0.01,,0.01,0.99,0.99,,,27910.84,27909.57,,,,0.02,1172.99,0.98,1172.99,,
2026-01-06 16:49:27.420161+00:00,2026-01-06 16:49:27.420161+00:00,267.420161,0.01,,0.01,0.99,0.99,,,27910.84,27909.57,,,,0.02,1172.99,0.98,1172.99,,
2026-01-06 16:49:28.441736+00:00,2026-01-06 16:49:28.441736+00:00,268.441736,0.01,,0.01,0.99,0.99,,,27910.84,27909.57,,,,0.02,1172.99,0.98,1172.99,,
2026-01-06 16:49:29.467527+00:00,2026-01-06 16:49:29.467527+00:00,269.467527,0.01,,0.01,0.99,0.99,,,27910.84,27909.57,,,,0.02,1172.99,0.98,1172.99,,
2026-01-06 16:49:30.504912+00:00,2026-01-06 16:49:30.504912+00:00,270.504912,0.01,,0.01,0.99,0.99,,,27910.84,27909.57,,,,0.02,1172.99,0.98,1172.99,,
2026-01-06 16:49:31.478186+00:00,2026-01-06 16:49:31.478186+00:00,271.478186,0.01,,0.01,0.99,0.99,,,27910.84,27909.57,,,,0.02,1172.99,0.98,1172.99,,
2026-01-06 16:49:32.489721+00:00,2026-01-06 16:49:32.489721+00:00,272.489721,0.01,,0.01,0.99,0.99,,,27910.84,27909.57,,,,0.02,1172.99,0.98,1172.99,,
2026-01-06 16:49:33.505826+00:00,2026-01-06 16:49:33.505826+00:00,273.505826,0.01,,0.01,0.99,0.99,,,27910.84,27909.57,,,,0.02,1172.99,0.98,1172.99,,
2026-01-06 16:49:34.504552+00:00,2026-01-06 16:49:34.504552+00:00,274.504552,0.01,,0.01,0.99,0.99,,,27910.84,27909.57,,,,0.02,1172.99,0.98,1172.99,,
2026-01-06 16:49:35.509740+00:00,2026-01-06 16:49:35.509740+00:00,275.50974,0.01,,0.01,0.99,0.99,,,27910.84,27909.57,,,,0.02,1172.99,0.98,1172.99,,
2026-01-06 16:49:36.521144+00:00,2026-01-06 16:49:36.521144+00:00,276.521144,0.01,,0.01,0.99,0.99,,,27910.84,27909.57,,,,0.02,1172.99,0.98,1172.99,,
2026-01-06 16:49:37.507396+00:00,2026-01-06 16:49:37.507396+00:00,277.507396,0.01,,0.01,0.99,0.99,,,27910.84,27909.57,,,,0.02,1172.99,0.98,1172.99,,
2026-01-06 16:49:38.540153+00:00,2026-01-06 16:49:38.540153+00:00,278.540153,0.01,,0.01,0.99,0.99,,,27910.84,27909.57,,,,0.02,1172.99,0.98,1172.99,,
2026-01-06 16:49:39.526775+00:00,2026-01-06 16:49:39.526775+00:00,279.526775,0.01,,0.01,0.99,0.99,,,27910.84,27909.57,,,,0.02,1172.99,0.98,1172.99,,
2026-01-06 16:49:40.554146+00:00,2026-01-06 16:49:40.554146+00:00,280.554146,0.01,,0.01,0.99,0.99,,,27910.84,27909.57,,,,0.02,1172.99,0.98,1172.99,,
2026-01-06 16:49:41.558596+00:00,2026-01-06 16:49:41.558596+00:00,281.558596,0.01,,0.01,0.99,0.99,,,27910.84,27909.57,,,,0.02,1172.99,0.98,1172.99,,
2026-01-06 16:49:42.567793+00:00,2026-01-06 16:49:42.567793+00:00,282.567793,0.01,,0.01,0.99,0.99,,,27910.84,27909.57,,,,0.02,1172.99,0.98,1172.99,,
2026-01-06 16:49:43.552480+00:00,2026-01-06 16:49:43.552480+00:00,283.55248,0.01,,0.01,0.99,0.99,,,27910.84,27909.57,,,,0.02,1172.99,0.98,1172.99,,
2026-01-06 16:49:44.603131+00:00,2026-01-06 16:49:44.603131+00:00,284.603131,0.01,,0.01,0.99,0.99,,,27910.84,27909.57,,,,0.02,1172.99,0.98,1172.99,,
2026-01-06 16:49:45.587397+00:00,2026-01-06 16:49:45.587397+00:00,285.587397,0.01,,0.01,0.99,0.99,,,27910.84,27909.57,,,,0.02,1172.99,0.98,1172.99,,
2026-01-06 16:49:46.582958+00:00,2026-01-06 16:49:46.582958+00:00,286.582958,0.01,,0.01,0.99,0.99,,,27910.84,27909.57,,,,0.02,1172.99,0.98,1172.99,,
2026-01-06 16:49:47.588840+00:00,2026-01-06 16:49:47.588840+00:00,287.58884,0.01,,0.01,0.99,0.99,,,27910.84,27909.57,,,,0.02,1172.99,0.98,1172.99,,
2026-01-06 16:49:48.584781+00:00,2026-01-06 16:49:48.584781+00:00,288.584781,0.01,,0.01,0.99,0.99,,,27910.84,27909.57,,,,0.02,1172.99,0.98,1172.99,,
2026-01-06 16:49:49.588492+00:00,2026-01-06 16:49:49.588492+00:00,289.588492,0.01,,0.01,0.99,0.99,,,27910.84,27909.57,,,,0.02,1172.99,0.98,1172.99,,
2026-01-06 16:49:50.581181+00:00,2026-01-06 16:49:50.581181+00:00,290.581181,0.01,,0.01,0.99,0.99,,,27910.84,27909.57,,,,0.02,1172.99,0.98,1172.99,,
2026-01-06 16:49:51.606329+00:00,2026-01-06 16:49:51.606329+00:00,291.606329,0.01,,0.01,0.99,0.99,,,27910.84,27909.57,,,,0.02,1172.99,0.98,1172.99,,
2026-01-06 16:49:52.603009+00:00,2026-01-06 16:49:52.603009+00:00,292.603009,0.01,,0.01,0.99,0.99,,,27910.84,27909.57,,,,0.02,1172.99,0.98,1172.99,,
2026-01-06 16:49:53.619640+00:00,2026-01-06 16:49:53.619640+00:00,293.61964,0.01,,0.01,0.99,0.99,,,27910.84,27909.57,,,,0.02,1172.99,0.98,1172.99,,
2026-01-06 16:49:54.633801+00:00,2026-01-06 16:49:54.633801+00:00,294.633801,0.01,,0.01,0.99,0.99,,,27910.84,27909.57,,,,0.02,1172.99,0.98,1172.99,,
2026-01-06 16:49:55.612754+00:00,2026-01-06 16:49:55.612754+00:00,295.612754,0.01,,0.01,0.99,0.99,,,27910.84,27909.57,,,,0.02,1172.99,0.98,1172.99,,
2026-01-06 16:49:56.652613+00:00,2026-01-06 16:49:56.652613+00:00,296.652613,0.01,,0.01,0.99,0.99,,,27910.84,27909.57,,,,0.02,1172.99,0.98,1172.99,,
2026-01-06 16:49:57.634468+00:00,2026-01-06 16:49:57.634468+00:00,297.634468,0.01,,0.01,0.99,0.99,,,27910.84,27909.57,,,,0.02,1172.99,0.98,1172.99,,
2026-01-06 16:49:58.646626+00:00,2026-01-06 16:49:58.646626+00:00,298.646626,0.01,,0.01,0.99,0.99,,,27910.84,27909.57,,,,0.02,1172.99,0.98,1172.99,,
2026-01-06 16:49:59.647566+00:00,2026-01-06 16:49:59.647566+00:00,299.647566,0.01,,0.01,0.99,0.99,,,27910.84,27909.57,,,,0.02,1172.99,0.98,1172.99,,
2026-01-06 16:50:00.657459+00:00,2026-01-06 16:50:00.657459+00:00,300.657459,0.01,,0.01,0.99,0.99,,,27910.84,27909.57,,,,0.02,1172.99,0.98,1172.99,,
2026-01-06 16:50:01.689419+00:00,2026-01-06 16:50:01.689419+00:00,301.689419,0.01,,0.01,0.99,0.99,,,27910.84,27909.57,,,,0.02,1172.99,0.98,1172.99,,
2026-01-06 16:50:02.715140+00:00,2026-01-06 16:50:02.715140+00:00,302.71514,0.01,,0.01,0.99,0.99,,,27910.84,27909.57,,,,0.02,1172.99,0.98,1172.99,,
2026-01-06 16:50:03.753690+00:00,2026-01-06 16:50:03.753690+00:00,303.75369,0.01,,0.01,0.99,0.99,,,27910.84,27909.57,,,,0.02,1172.99,0.98,1172.99,,
2026-01-06 16:50:04.701487+00:00,2026-01-06 16:50:04.701487+00:00,304.701487,0.01,,0.01,0.99,0.99,,,27910.84,27909.57,,,,0.02,1172.99,0.98,1172.99,,
2026-01-06 16:50:05.733016+00:00,2026-01-06 16:50:05.733016+00:00,305.733016,0.01,,0.01,0.99,0.99,,,27910.84,27909.57,,,,0.02,1172.99,0.98,1172.99,,
2026-01-06 16:50:06.725388+00:00,2026-01-06 16:50:06.725388+00:00,306.725388,0.01,,0.01,0.99,0.99,,,27910.84,27909.57,,,,0.02,1172.99,0.98,1172.99,,
2026-01-06 16:50:07.794099+00:00,2026-01-06 16:50:07.794099+00:00,307.794099,0.01,,0.01,0.99,0.99,,,27910.84,27909.57,,,,0.02,1172.99,0.98,1172.99,,
2026-01-06 16:50:08.730356+00:00,2026-01-06 16:50:08.730356+00:00,308.730356,0.01,,0.01,0.99,0.99,,,27910.84,27909.57,,,,0.02,1172.99,0.98,1172.99,,
2026-01-06 16:50:09.796831+00:00,2026-01-06 16:50:09.796831+00:00,309.796831,0.01,,0.01,0.99,0.99,,,27910.84,27909.57,,,,0.02,1172.99,0.98,1172.99,,
2026-01-06 16:50:10.765567+00:00,2026-01-06 16:50:10.765567+00:00,310.765567,0.01,,0.01,0.99,0.99,,,27910.84,27909.57,,,,0.02,1172.99,0.98,1172.99,,
2026-01-06 16:50:11.775149+00:00,2026-01-06 16:50:11.775149+00:00,311.775149,0.01,,0.01,0.99,0.99,,,27910.84,27909.57,,,,0.02,1172.99,0.98,1172.99,,
2026-01-06 16:50:12.800263+00:00,2026-01-06 16:50:12.800263+00:00,312.800263,0.01,,0.01,0.99,0.99,,,27910.84,27909.57,,,,0.02,1172.99,0.98,1172.99,,
2026-01-06 16:50:13.806285+00:00,2026-01-06 16:50:13.806285+00:00,313.806285,0.01,,0.01,0.99,0.99,,,27910.84,27909.57,,,,0.02,1172.99,0.98,1172.99,,
2026-01-06 16:50:14.808518+00:00,2026-01-06 16:50:14.808518+00:00,314.808518,0.01,,0.01,0.99,0.99,,,27910.84,27909.57,,,,0.02,1172.99,0.98,1172.99,,
2026-01-06 16:50:15.814484+00:00,2026-01-06 16:50:15.814484+00:00,315.814484,0.01,,0.01,0.99,0.99,,,27910.84,27909.57,,,,0.02,1172.99,0.98,1172.99,,
2026-01-06 16:50:16.882937+00:00,2026-01-06 16:50:16.882937+00:00,316.882937,0.01,,0.01,0.99,0.99,,,27910.84,27909.57,,,,0.02,1172.99,0.98,1172.99,,
2026-01-06 16:50:17.816915+00:00,2026-01-06 16:50:17.816915+00:00,317.816915,0.01,,0.01,0.99,0.99,,,27910.84,27909.57,,,,0.02,1172.99,0.98,1172.99,,
2026-01-06 16:50:18.876184+00:00,2026-01-06 16:50:18.876184+00:00,318.876184,0.01,,0.01,0.99,0.99,,,27910.84,27909.57,,,,0.02,1172.99,0.98,1172.99,,
2026-01-06 16:50:19.802511+00:00,2026-01-06 16:50:19.802511+00:00,319.802511,0.01,,0.01,0.99,0.99,,,27910.84,27909.57,,,,0.02,1172.99,0.98,1172.99,,
2026-01-06 16:50:20.828490+00:00,2026-01-06 16:50:20.828490+00:00,320.82849,0.01,,0.01,0.99,0.99,,,27910.84,27909.57,,,,0.02,1172.99,0.98,1172.99,,
2026-01-06 16:50:21.796667+00:00,2026-01-06 16:50:21.796667+00:00,321.796667,0.01,,0.01,0.99,0.99,,,27910.84,27909.57,,,,0.02,1172.99,0.98,1172.99,,
2026-01-06 16:50:22.805280+00:00,2026-01-06 16:50:22.805280+00:00,322.80528,0.01,,0.01,0.99,0.99,,,27910.84,27909.57,,,,0.02,1172.99,0.98,1172.99,,
2026-01-06 16:50:23.815296+00:00,2026-01-06 16:50:23.815296+00:00,323.815296,0.01,,0.01,0.99,0.99,,,27910.84,27909.57,,,,0.02,1172.99,0.98,1172.99,,
2026-01-06 16:50:24.833071+00:00,2026-01-06 16:50:24.833071+00:00,324.833071,0.01,,0.01,0.99,0.99,,,27910.84,27909.57,,,,0.02,1172.99,0.98,1172.99,,
2026-01-06 16:50:25.839339+00:00,2026-01-06 16:50:25.839339+00:00,325.839339,0.01,,0.01,0.99,0.99,,,27910.84,27909.57,,,,0.02,1172.99,0.98,1172.99,,
2026-01-06 16:50:26.833115+00:00,2026-01-06 16:50:26.833115+00:00,326.833115,0.01,,0.01,0.99,0.99,,,27910.84,27909.57,,,,0.02,1172.99,0.98,1172.99,,
2026-01-06 16:50:27.852383+00:00,2026-01-06 16:50:27.852383+00:00,327.852383,0.01,,0.01,0.99,0.99,,,27910.84,27909.57,,,,0.02,1172.99,0.98,1172.99,,
2026-01-06 16:50:28.862987+00:00,2026-01-06 16:50:28.862987+00:00,328.862987,0.01,,0.01,0.99,0.99,,,27910.84,27909.57,,,,0.02,1172.99,0.98,1172.99,,
2026-01-06 16:50:29.850704+00:00,2026-01-06 16:50:29.850704+00:00,329.850704,0.01,,0.01,0.99,0.99,,,27910.84,27909.57,,,,0.02,1172.99,0.98,1172.99,,
2026-01-06 16:50:30.868543+00:00,2026-01-06 16:50:30.868543+00:00,330.868543,0.01,,0.01,0.99,0.99,,,27910.84,27909.57,,,,0.02,1172.99,0.98,1172.99,,
2026-01-06 16:50:31.855720+00:00,2026-01-06 16:50:31.855720+00:00,331.85572,0.01,,0.01,0.99,0.99,,,27910.84,27909.57,,,,0.02,1172.99,0.98,1172.99,,
2026-01-06 16:50:32.870661+00:00,2026-01-06 16:50:32.870661+00:00,332.870661,0.01,,0.01,0.99,0.99,,,27910.84,27909.57,,,,0.02,1172.99,0.98,1172.99,,
2026-01-06 16:50:33.913783+00:00,2026-01-06 16:50:33.913783+00:00,333.913783,0.01,,0.01,0.99,0.99,,,27910.84,27909.57,,,,0.02,1172.99,0.98,1172.99,,
2026-01-06 16:50:34.924260+00:00,2026-01-06 16:50:34.924260+00:00,334.92426,0.01,,0.01,0.99,0.99,,,27910.84,27909.57,,,,0.02,1172.99,0.98,1172.99,,
2026-01-06 16:50:35.927878+00:00,2026-01-06 16:50:35.927878+00:00,335.927878,0.01,,0.01,0.99,0.99,,,27910.84,27909.57,,,,0.02,1172.99,0.98,1172.99,,
2026-01-06 16:50:36.941011+00:00,2026-01-06 16:50:36.941011+00:00,336.941011,0.01,,0.01,0.99,0.99,,,27910.84,27909.57,,,,0.02,1172.99,0.98,1172.99,,
2026-01-06 16:50:37.919637+00:00,2026-01-06 16:50:37.919637+00:00,337.919637,0.01,,0.01,0.99,0.99,,,27910.84,27909.57,,,,0.02,1172.99,0.98,1172.99,,
2026-01-06 16:50:38.934583+00:00,2026-01-06 16:50:38.934583+00:00,338.934583,0.01,,0.01,0.99,0.99,,,27910.84,27909.57,,,,0.02,1172.99,0.98,1172.99,,
2026-01-06 16:50:39.931162+00:00,2026-01-06 16:50:39.931162+00:00,339.931162,0.01,,0.01,0.99,0.99,,,27910.84,27909.57,,,,0.02,1172.99,0.98,1172.99,,
2026-01-06 16:50:40.992973+00:00,2026-01-06 16:50:40.992973+00:00,340.992973,0.01,,0.01,0.99,0.99,,,27910.84,27909.57,,,,0.02,1172.99,0.98,1172.99,,
2026-01-06 16:50:41.957988+00:00,2026-01-06 16:50:41.957988+00:00,341.957988,0.01,,0.01,0.99,0.99,,,27910.84,27909.57,,,,0.02,1172.99,0.98,1172.99,,
2026-01-06 16:50:42.941437+00:00,2026-01-06 16:50:42.941437+00:00,342.941437,0.01,,0.01,0.99,0.99,,,27910.84,27909.57,,,,0.02,1172.99,0.98,1172.99,,
2026-01-06 16:50:43.964291+00:00,2026-01-06 16:50:43.964291+00:00,343.964291,0.01,,0.01,0.99,0.99,,,27910.84,27909.57,,,,0.02,1172.99,0.98,1172.99,,
2026-01-06 16:50:44.986684+00:00,2026-01-06 16:50:44.986684+00:00,344.986684,0.01,,0.01,0.99,0.99,,,27910.84,27909.57,,,,0.02,1172.99,0.98,1172.99,,
2026-01-06 16:50:46.023455+00:00,2026-01-06 16:50:46.023455+00:00,346.023455,0.01,,0.01,0.99,0.99,,,27910.84,27909.57,,,,0.02,1172.99,0.98,1172.99,,
2026-01-06 16:50:47.024807+00:00,2026-01-06 16:50:47.024807+00:00,347.024807,0.01,,0.01,0.99,0.99,,,27910.84,27909.57,,,,0.02,1172.99,0.98,1172.99,,
2026-01-06 16:50:48.041241+00:00,2026-01-06 16:50:48.041241+00:00,348.041241,0.01,,0.01,0.99,0.99,,,27910.84,27909.57,,,,0.02,1172.99,0.98,1172.99,,
2026-01-06 16:50:49.008608+00:00,2026-01-06 16:50:49.008608+00:00,349.008608,0.01,,0.01,0.99,0.99,,,27910.84,27909.57,,,,0.02,1172.99,0.98,1172.99,,
2026-01-06 16:50:50.041632+00:00,2026-01-06 16:50:50.041632+00:00,350.041632,0.01,,0.01,0.99,0.99,,,27910.84,27909.57,,,,0.02,1172.99,0.98,1172.99,,
2026-01-06 16:50:51.020264+00:00,2026-01-06 16:50:51.020264+00:00,351.020264,0.01,,0.01,0.99,0.99,,,27910.84,27909.57,,,,0.02,1172.99,0.98,1172.99,,
2026-01-06 16:50:52.007852+00:00,2026-01-06 16:50:52.007852+00:00,352.007852,0.01,,0.01,0.99,0.99,,,27910.84,27909.57,,,,0.02,1172.99,0.98,1172.99,,
2026-01-06 16:50:53.024468+00:00,2026-01-06 16:50:53.024468+00:00,353.024468,0.01,,0.01,0.99,0.99,,,27910.84,27909.57,,,,0.02,1172.99,0.98,1172.99,,
2026-01-06 16:50:54.030495+00:00,2026-01-06 16:50:54.030495+00:00,354.030495,0.01,,0.01,0.99,0.99,,,27910.84,27909.57,,,,0.02,1172.99,0.98,1172.99,,
2026-01-06 16:50:55.044447+00:00,2026-01-06 16:50:55.044447+00:00,355.044447,0.01,,0.01,0.99,0.99,,,27910.84,27909.57,,,,0.02,1172.99,0.98,1172.99,,
2026-01-06 16:50:56.057884+00:00,2026-01-06 16:50:56.057884+00:00,356.057884,0.01,,0.01,0.99,0.99,,,27910.84,27909.57,,,,0.02,1172.99,0.98,1172.99,,
2026-01-06 16:50:57.099237+00:00,2026-01-06 16:50:57.099237+00:00,357.099237,0.01,,0.01,0.99,0.99,,,27910.84,27909.57,,,,0.02,1172.99,0.98,1172.99,,
2026-01-06 16:50:58.083502+00:00,2026-01-06 16:50:58.083502+00:00,358.083502,0.01,,0.01,0.99,0.99,,,27910.84,27909.57,,,,0.02,1172.99,0.98,1172.99,,
2026-01-06 16:50:59.100835+00:00,2026-01-06 16:50:59.100835+00:00,359.100835,0.01,,0.01,0.99,0.99,,,27910.84,27909.57,,,,0.02,1172.99,0.98,1172.99,,
2026-01-06 16:51:00.113371+00:00,2026-01-06 16:51:00.113371+00:00,360.113371,0.01,,0.01,0.99,0.99,,,27910.84,27909.57,,,,0.02,1172.99,0.98,1172.99,,
2026-01-06 16:51:01.132016+00:00,2026-01-06 16:51:01.132016+00:00,361.132016,0.01,,0.01,0.99,0.99,,,27910.84,27909.57,,,,0.02,1172.99,0.98,1172.99,,
2026-01-06 16:51:02.129296+00:00,2026-01-06 16:51:02.129296+00:00,362.129296,0.01,,0.01,0.99,0.99,,,27910.84,27909.57,,,,0.02,1172.99,0.98,1172.99,,
2026-01-06 16:51:03.141881+00:00,2026-01-06 16:51:03.141881+00:00,363.141881,0.01,,0.01,0.99,0.99,,,27910.84,27909.57,,,,0.02,1172.99,0.98,1172.99,,
2026-01-06 16:51:04.214319+00:00,2026-01-06 16:51:04.214319+00:00,364.214319,0.01,,0.01,0.99,0.99,,,27910.84,27909.57,,,,0.02,1172.99,0.98,1172.99,,
2026-01-06 16:51:05.154759+00:00,2026-01-06 16:51:05.154759+00:00,365.154759,0.01,,0.01,0.99,0.99,,,27910.84,27909.57,,,,0.02,1172.99,0.98,1172.99,,
2026-01-06 16:51:06.159941+00:00,2026-01-06 16:51:06.159941+00:00,366.159941,0.01,,0.01,0.99,0.99,,,27910.84,27909.57,,,,0.02,1172.99,0.98,1172.99,,
2026-01-06 16:51:07.223964+00:00,2026-01-06 16:51:07.223964+00:00,367.223964,0.01,,0.01,0.99,0.99,,,27910.84,27909.57,,,,0.02,1172.99,0.98,1172.99,,
2026-01-06 16:51:08.183558+00:00,2026-01-06 16:51:08.183558+00:00,368.183558,0.01,,0.01,0.99,0.99,,,27910.84,27909.57,,,,0.02,1172.99,0.98,1172.99,,
2026-01-06 16:51:09.178568+00:00,2026-01-06 16:51:09.178568+00:00,369.178568,0.01,,0.01,0.99,0.99,,,27910.84,27909.57,,,,0.02,1172.99,0.98,1172.99,,
2026-01-06 16:51:10.199935+00:00,2026-01-06 16:51:10.199935+00:00,370.199935,0.01,,0.01,0.99,0.99,,,27910.84,27909.57,,,,0.02,1172.99,0.98,1172.99,,
2026-01-06 16:51:11.195399+00:00,2026-01-06 16:51:11.195399+00:00,371.195399,0.01,,0.01,0.99,0.99,,,27910.84,27909.57,,,,0.02,1172.99,0.98,1172.99,,
2026-01-06 16:51:12.224138+00:00,2026-01-06 16:51:12.224138+00:00,372.224138,0.01,,0.01,0.99,0.99,,,27910.84,27909.57,,,,0.02,1172.99,0.98,1172.99,,
2026-01-06 16:51:13.226515+00:00,2026-01-06 16:51:13.226515+00:00,373.226515,0.01,,0.01,0.99,0.99,,,27910.84,27909.57,,,,0.02,1172.99,0.98,1172.99,,
2026-01-06 16:51:14.219413+00:00,2026-01-06 16:51:14.219413+00:00,374.219413,0.01,,0.01,0.99,0.99,,,27910.84,27909.57,,,,0.02,1172.99,0.98,1172.99,,
2026-01-06 16:51:15.225482+00:00,2026-01-06 16:51:15.225482+00:00,375.225482,0.01,,0.01,0.99,0.99,,,27910.84,27909.57,,,,0.02,1172.99,0.98,1172.99,,
2026-01-06 16:51:16.257180+00:00,2026-01-06 16:51:16.257180+00:00,376.25718,0.01,,0.01,0.99,0.99,,,27910.84,27909.57,,,,0.02,1172.99,0.98,1172.99,,
2026-01-06 16:51:17.274404+00:00,2026-01-06 16:51:17.274404+00:00,377.274404,0.01,,0.01,0.99,0.99,,,27910.84,27909.57,,,,0.02,1172.99,0.98,1172.99,,
2026-01-06 16:51:18.290202+00:00,2026-01-06 16:51:18.290202+00:00,378.290202,0.01,,0.01,0.99,0.99,,,27910.84,27909.57,,,,0.02,1172.99,0.98,1172.99,,
2026-01-06 16:51:19.317308+00:00,2026-01-06 16:51:19.317308+00:00,379.317308,0.01,,0.01,0.99,0.99,,,27910.84,27909.57,,,,0.02,1172.99,0.98,1172.99,,
2026-01-06 16:51:20.307668+00:00,2026-01-06 16:51:20.307668+00:00,380.307668,0.01,,0.01,0.99,0.99,,,27910.84,27909.57,,,,0.02,1172.99,0.98,1172.99,,
2026-01-06 16:51:21.306522+00:00,2026-01-06 16:51:21.306522+00:00,381.306522,0.01,,0.01,0.99,0.99,,,27910.84,27909.57,,,,0.02,1172.99,0.98,1172.99,,
2026-01-06 16:51:22.330328+00:00,2026-01-06 16:51:22.330328+00:00,382.330328,0.01,,0.01,0.99,0.99,,,27910.84,27909.57,,,,0.02,1172.99,0.98,1172.99,,
2026-01-06 16:51:23.357170+00:00,2026-01-06 16:51:23.357170+00:00,383.35717,0.01,,0.01,0.99,0.99,,,27910.84,27909.57,,,,0.02,1172.99,0.98,1172.99,,
2026-01-06 16:51:24.318405+00:00,2026-01-06 16:51:24.318405+00:00,384.318405,0.01,,0.01,0.99,0.99,,,27910.84,27909.57,,,,0.02,1172.99,0.98,1172.99,,
2026-01-06 16:51:25.356740+00:00,2026-01-06 16:51:25.356740+00:00,385.35674,0.01,,0.01,0.99,0.99,,,27910.84,27909.57,,,,0.02,1172.99,0.98,1172.99,,
2026-01-06 16:51:26.335582+00:00,2026-01-06 16:51:26.335582+00:00,386.335582,0.01,,0.01,0.99,0.99,,,27910.84,27909.57,,,,0.02,1172.99,0.98,1172.99,,
2026-01-06 16:51:27.362486+00:00,2026-01-06 16:51:27.362486+00:00,387.362486,0.01,,0.01,0.99,0.99,,,27910.84,27909.57,,,,0.02,1172.99,0.98,1172.99,,
2026-01-06 16:51:28.370814+00:00,2026-01-06 16:51:28.370814+00:00,388.370814,0.01,,0.01,0.99,0.99,,,27910.84,27909.57,,,,0.02,1172.99,0.98,1172.99,,
2026-01-06 16:51:29.389939+00:00,2026-01-06 16:51:29.389939+00:00,389.389939,0.01,,0.01,0.99,0.99,,,27910.84,27909.57,,,,0.02,1172.99,0.98,1172.99,,
2026-01-06 16:51:30.381205+00:00,2026-01-06 16:51:30.381205+00:00,390.381205,0.01,,0.01,0.99,0.99,,,27910.84,27909.57,,,,0.02,1172.99,0.98,1172.99,,
2026-01-06 16:51:31.405182+00:00,2026-01-06 16:51:31.405182+00:00,391.405182,0.01,,0.01,0.99,0.99,,,27910.84,27909.57,,,,0.02,1172.99,0.98,1172.99,,
2026-01-06 16:51:32.396038+00:00,2026-01-06 16:51:32.396038+00:00,392.396038,0.01,,0.01,0.99,0.99,,,27910.84,27909.57,,,,0.02,1172.99,0.98,1172.99,,
2026-01-06 16:51:33.440575+00:00,2026-01-06 16:51:33.440575+00:00,393.440575,0.01,,0.01,0.99,0.99,,,27910.84,27909.57,,,,0.02,1172.99,0.98,1172.99,,
2026-01-06 16:51:34.451184+00:00,2026-01-06 16:51:34.451184+00:00,394.451184,0.01,,0.01,0.99,0.99,,,27910.84,27909.57,,,,0.02,1172.99,0.98,1172.99,,
2026-01-06 16:51:35.432823+00:00,2026-01-06 16:51:35.432823+00:00,395.432823,0.01,,0.01,0.99,0.99,,,27910.84,27909.57,,,,0.02,1172.99,0.98,1172.99,,
2026-01-06 16:51:36.441021+00:00,2026-01-06 16:51:36.441021+00:00,396.441021,0.01,,0.01,0.99,0.99,,,27910.84,27909.57,,,,0.02,1172.99,0.98,1172.99,,
2026-01-06 16:51:37.473841+00:00,2026-01-06 16:51:37.473841+00:00,397.473841,0.01,,0.01,0.99,0.99,,,27910.84,27909.57,,,,0.02,1172.99,0.98,1172.99,,
2026-01-06 16:51:38.475483+00:00,2026-01-06 16:51:38.475483+00:00,398.475483,0.01,,0.01,0.99,0.99,,,27910.84,27909.57,,,,0.02,1172.99,0.98,1172.99,,
2026-01-06 16:51:39.455832+00:00,2026-01-06 16:51:39.455832+00:00,399.455832,0.01,,0.01,0.99,0.99,,,27910.84,27909.57,,,,0.02,1172.99,0.98,1172.99,,
2026-01-06 16:51:40.495019+00:00,2026-01-06 16:51:40.495019+00:00,400.495019,0.01,,0.01,0.99,0.99,,,27910.84,27909.57,,,,0.02,1172.99,0.98,1172.99,,
2026-01-06 16:51:41.466303+00:00,2026-01-06 16:51:41.466303+00:00,401.466303,0.01,,0.01,0.99,0.99,,,27910.84,27909.57,,,,0.02,1172.99,0.98,1172.99,,
2026-01-06 16:51:42.465230+00:00,2026-01-06 16:51:42.465230+00:00,402.46523,0.01,,0.01,0.99,0.99,,,27910.84,27909.57,,,,0.02,1172.99,0.98,1172.99,,
2026-01-06 16:51:43.489756+00:00,2026-01-06 16:51:43.489756+00:00,403.489756,0.01,,0.01,0.99,0.99,,,27910.84,27909.57,,,,0.02,1172.99,0.98,1172.99,,
2026-01-06 16:51:44.484527+00:00,2026-01-06 16:51:44.484527+00:00,404.484527,0.01,,0.01,0.99,0.99,,,27910.84,27909.57,,,,0.02,1172.99,0.98,1172.99,,
2026-01-06 16:51:45.632435+00:00,2026-01-06 16:51:45.632435+00:00,405.632435,0.01,,0.01,0.99,0.99,,,27910.84,27909.57,,,,0.02,1172.99,0.98,1172.99,,
2026-01-06 16:51:46.522487+00:00,2026-01-06 16:51:46.522487+00:00,406.522487,0.01,,0.01,0.99,0.99,,,27910.84,27909.57,,,,0.02,1172.99,0.98,1172.99,,
2026-01-06 16:51:47.517444+00:00,2026-01-06 16:51:47.517444+00:00,407.517444,0.01,,0.01,0.99,0.99,,,27910.84,27909.57,,,,0.02,1172.99,0.98,1172.99,,
2026-01-06 16:51:48.556268+00:00,2026-01-06 16:51:48.556268+00:00,408.556268,0.01,,0.01,0.99,0.99,,,27910.84,27909.57,,,,0.02,1172.99,0.98,1172.99,,
2026-01-06 16:51:49.526965+00:00,2026-01-06 16:51:49.526965+00:00,409.526965,0.01,,0.01,0.99,0.99,,,27910.84,27909.57,,,,0.02,1172.99,0.98,1172.99,,
2026-01-06 16:51:50.582532+00:00,2026-01-06 16:51:50.582532+00:00,410.582532,0.01,,0.01,0.99,0.99,,,27910.84,27909.57,,,,0.02,1172.99,0.98,1172.99,,
2026-01-06 16:51:51.563350+00:00,2026-01-06 16:51:51.563350+00:00,411.56335,0.01,,0.01,0.99,0.99,,,27910.84,27909.57,,,,0.02,1172.99,0.98,1172.99,,
2026-01-06 16:51:52.565071+00:00,2026-01-06 16:51:52.565071+00:00,412.565071,0.01,,0.01,0.99,0.99,,,27910.84,27909.57,,,,0.02,1172.99,0.98,1172.99,,
2026-01-06 16:51:53.622127+00:00,2026-01-06 16:51:53.622127+00:00,413.622127,0.01,,0.01,0.99,0.99,,,27910.84,27909.57,,,,0.02,1172.99,0.98,1172.99,,
2026-01-06 16:51:54.605412+00:00,2026-01-06 16:51:54.605412+00:00,414.605412,0.01,,0.01,0.99,0.99,,,27910.84,27909.57,,,,0.02,1172.99,0.98,1172.99,,
2026-01-06 16:51:55.611872+00:00,2026-01-06 16:51:55.611872+00:00,415.611872,0.01,,0.01,0.99,0.99,,,27910.84,27909.57,,,,0.02,1172.99,0.98,1172.99,,
2026-01-06 16:51:56.601928+00:00,2026-01-06 16:51:56.601928+00:00,416.601928,0.01,,0.01,0.99,0.99,,,27910.84,27909.57,,,,0.02,1172.99,0.98,1172.99,,
2026-01-06 16:51:57.622597+00:00,2026-01-06 16:51:57.622597+00:00,417.622597,0.01,,0.01,0.99,0.99,,,27910.84,27909.57,,,,0.02,1172.99,0.98,1172.99,,
2026-01-06 16:51:58.638543+00:00,2026-01-06 16:51:58.638543+00:00,418.638543,0.01,,0.01,0.99,0.99,,,27910.84,27909.57,,,,0.02,1172.99,0.98,1172.99,,
2026-01-06 16:51:59.682499+00:00,2026-01-06 16:51:59.682499+00:00,419.682499,0.01,,0.01,0.99,0.99,,,27910.84,27909.57,,,,0.02,1172.99,0.98,1172.99,,
2026-01-06 16:52:00.633028+00:00,2026-01-06 16:52:00.633028+00:00,420.633028,0.01,,0.01,0.99,0.99,,,27910.84,27909.57,,,,0.02,1172.99,0.98,1172.99,,
2026-01-06 16:52:01.647906+00:00,2026-01-06 16:52:01.647906+00:00,421.647906,0.01,,0.01,0.99,0.99,,,27910.84,27909.57,,,,0.02,1172.99,0.98,1172.99,,
2026-01-06 16:52:02.663970+00:00,2026-01-06 16:52:02.663970+00:00,422.66397,0.01,,0.01,0.99,0.99,,,27910.84,27909.57,,,,0.02,1172.99,0.98,1172.99,,
2026-01-06 16:52:03.659022+00:00,2026-01-06 16:52:03.659022+00:00,423.659022,0.01,,0.01,0.99,0.99,,,27910.84,27909.57,,,,0.02,1172.99,0.98,1172.99,,
2026-01-06 16:52:04.661044+00:00,2026-01-06 16:52:04.661044+00:00,424.661044,0.01,,0.01,0.99,0.99,,,27910.84,27909.57,,,,0.02,1172.99,0.98,1172.99,,
2026-01-06 16:52:05.672134+00:00,2026-01-06 16:52:05.672134+00:00,425.672134,0.01,,0.01,0.99,0.99,,,27910.84,27909.57,,,,0.02,1172.99,0.98,1172.99,,
2026-01-06 16:52:06.706472+00:00,2026-01-06 16:52:06.706472+00:00,426.706472,0.01,,0.01,0.99,0.99,,,27910.84,27909.57,,,,0.02,1172.99,0.98,1172.99,,
2026-01-06 16:52:07.709356+00:00,2026-01-06 16:52:07.709356+00:00,427.709356,0.01,,0.01,0.99,0.99,,,27910.84,27909.57,,,,0.02,1172.99,0.98,1172.99,,
2026-01-06 16:52:08.725206+00:00,2026-01-06 16:52:08.725206+00:00,428.725206,0.01,,0.01,0.99,0.99,,,27910.84,27909.57,,,,0.02,1172.99,0.98,1172.99,,
2026-01-06 16:52:09.686143+00:00,2026-01-06 16:52:09.686143+00:00,429.686143,0.01,,0.01,0.99,0.99,,,27910.84,27909.57,,,,0.02,1172.99,0.98,1172.99,,
2026-01-06 16:52:10.716686+00:00,2026-01-06 16:52:10.716686+00:00,430.716686,0.01,,0.01,0.99,0.99,,,27910.84,27909.57,,,,0.02,1172.99,0.98,1172.99,,
2026-01-06 16:52:11.719582+00:00,2026-01-06 16:52:11.719582+00:00,431.719582,0.01,,0.01,0.99,0.99,,,27910.84,27909.57,,,,0.02,1172.99,0.98,1172.99,,
2026-01-06 16:52:12.735237+00:00,2026-01-06 16:52:12.735237+00:00,432.735237,0.01,,0.01,0.99,0.99,,,27910.84,27909.57,,,,0.02,1172.99,0.98,1172.99,,
2026-01-06 16:52:13.761965+00:00,2026-01-06 16:52:13.761965+00:00,433.761965,0.01,,0.01,0.99,0.99,,,27910.84,27909.57,,,,0.02,1172.99,0.98,1172.99,,
2026-01-06 16:52:14.765413+00:00,2026-01-06 16:52:14.765413+00:00,434.765413,0.01,,0.01,0.99,0.99,,,27910.84,27909.57,,,,0.02,1172.99,0.98,1172.99,,
2026-01-06 16:52:15.860368+00:00,2026-01-06 16:52:15.860368+00:00,435.860368,0.01,,0.01,0.99,0.99,,,27910.84,27909.57,,,,0.02,1172.99,0.98,1172.99,,
2026-01-06 16:52:16.780353+00:00,2026-01-06 16:52:16.780353+00:00,436.780353,0.01,,0.01,0.99,0.99,,,27910.84,27909.57,,,,0.02,1172.99,0.98,1172.99,,
2026-01-06 16:52:17.784433+00:00,2026-01-06 16:52:17.784433+00:00,437.784433,0.01,,0.01,0.99,0.99,,,27910.84,27909.57,,,,0.02,1172.99,0.98,1172.99,,
2026-01-06 16:52:18.827827+00:00,2026-01-06 16:52:18.827827+00:00,438.827827,0.01,,0.01,0.99,0.99,,,27910.84,27909.57,,,,0.02,1172.99,0.98,1172.99,,
2026-01-06 16:52:19.796819+00:00,2026-01-06 16:52:19.796819+00:00,439.796819,0.01,,0.01,0.99,0.99,,,27910.84,27909.57,,,,0.02,1172.99,0.98,1172.99,,
2026-01-06 16:52:20.813400+00:00,2026-01-06 16:52:20.813400+00:00,440.8134,0.01,,0.01,0.99,0.99,,,27910.84,27909.57,,,,0.02,1172.99,0.98,1172.99,,
2026-01-06 16:52:21.808084+00:00,2026-01-06 16:52:21.808084+00:00,441.808084,0.01,,0.01,0.99,0.99,,,27910.84,27909.57,,,,0.02,1172.99,0.98,1172.99,,
2026-01-06 16:52:22.834159+00:00,2026-01-06 16:52:22.834159+00:00,442.834159,0.01,,0.01,0.99,0.99,,,27910.84,27909.57,,,,0.02,1172.99,0.98,1172.99,,
2026-01-06 16:52:23.849321+00:00,2026-01-06 16:52:23.849321+00:00,443.849321,0.01,,0.01,0.99,0.99,,,27910.84,27909.57,,,,0.02,1172.99,0.98,1172.99,,
2026-01-06 16:52:24.838984+00:00,2026-01-06 16:52:24.838984+00:00,444.838984,0.01,,0.01,0.99,0.99,,,27910.84,27909.57,,,,0.02,1172.99,0.98,1172.99,,
2026-01-06 16:52:25.795824+00:00,2026-01-06 16:52:25.795824+00:00,445.795824,0.01,,0.01,0.99,0.99,,,27910.84,27909.57,,,,0.02,1172.99,0.98,1172.99,,
2026-01-06 16:52:26.827561+00:00,2026-01-06 16:52:26.827561+00:00,446.827561,0.01,,0.01,0.99,0.99,,,27910.84,27909.57,,,,0.02,1172.99,0.98,1172.99,,
2026-01-06 16:52:27.818298+00:00,2026-01-06 16:52:27.818298+00:00,447.818298,0.01,,0.01,0.99,0.99,,,27910.84,27909.57,,,,0.02,1172.99,0.98,1172.99,,
2026-01-06 16:52:28.847953+00:00,2026-01-06 16:52:28.847953+00:00,448.847953,0.01,,0.01,0.99,0.99,,,27910.84,27909.57,,,,0.02,1172.99,0.98,1172.99,,
2026-01-06 16:52:29.836642+00:00,2026-01-06 16:52:29.836642+00:00,449.836642,0.01,,0.01,0.99,0.99,,,27910.84,27909.57,,,,0.02,1172.99,0.98,1172.99,,
2026-01-06 16:52:30.845607+00:00,2026-01-06 16:52:30.845607+00:00,450.845607,0.01,,0.01,0.99,0.99,,,27910.84,27909.57,,,,0.02,1172.99,0.98,1172.99,,
2026-01-06 16:52:31.829737+00:00,2026-01-06 16:52:31.829737+00:00,451.829737,0.01,,0.01,0.99,0.99,,,27910.84,27909.57,,,,0.02,1172.99,0.98,1172.99,,
2026-01-06 16:52:32.849416+00:00,2026-01-06 16:52:32.849416+00:00,452.849416,0.01,,0.01,0.99,0.99,,,27910.84,27909.57,,,,0.02,1172.99,0.98,1172.99,,
2026-01-06 16:52:33.850307+00:00,2026-01-06 16:52:33.850307+00:00,453.850307,0.01,,0.01,0.99,0.99,,,27910.84,27909.57,,,,0.02,1172.99,0.98,1172.99,,
2026-01-06 16:52:34.828177+00:00,2026-01-06 16:52:34.828177+00:00,454.828177,0.01,,0.01,0.99,0.99,,,27910.84,27909.57,,,,0.02,1172.99,0.98,1172.99,,
2026-01-06 16:52:35.853825+00:00,2026-01-06 16:52:35.853825+00:00,455.853825,0.01,,0.01,0.99,0.99,,,27910.84,27909.57,,,,0.02,1172.99,0.98,1172.99,,
2026-01-06 16:52:36.861016+00:00,2026-01-06 16:52:36.861016+00:00,456.861016,0.01,,0.01,0.99,0.99,,,27910.84,27909.57,,,,0.02,1172.99,0.98,1172.99,,
2026-01-06 16:52:37.882962+00:00,2026-01-06 16:52:37.882962+00:00,457.882962,0.01,,0.01,0.99,0.99,,,27910.84,27909.57,,,,0.02,1172.99,0.98,1172.99,,
2026-01-06 16:52:38.878316+00:00,2026-01-06 16:52:38.878316+00:00,458.878316,0.01,,0.01,0.99,0.99,,,27910.84,27909.57,,,,0.02,1172.99,0.98,1172.99,,
2026-01-06 16:52:39.879011+00:00,2026-01-06 16:52:39.879011+00:00,459.879011,0.01,,0.01,0.99,0.99,,,27910.84,27909.57,,,,0.02,1172.99,0.98,1172.99,,
2026-01-06 16:52:40.895755+00:00,2026-01-06 16:52:40.895755+00:00,460.895755,0.01,,0.01,0.99,0.99,,,27910.84,27909.57,,,,0.02,1172.99,0.98,1172.99,,
2026-01-06 16:52:41.881648+00:00,2026-01-06 16:52:41.881648+00:00,461.881648,0.01,,0.01,0.99,0.99,,,27910.84,27909.57,,,,0.02,1172.99,0.98,1172.99,,
2026-01-06 16:52:42.902110+00:00,2026-01-06 16:52:42.902110+00:00,462.90211,0.01,,0.01,0.99,0.99,,,27910.84,27909.57,,,,0.02,1172.99,0.98,1172.99,,
2026-01-06 16:52:43.930798+00:00,2026-01-06 16:52:43.930798+00:00,463.930798,0.01,,0.01,0.99,0.99,,,27910.84,27909.57,,,,0.02,1172.99,0.98,1172.99,,
2026-01-06 16:52:44.968047+00:00,2026-01-06 16:52:44.968047+00:00,464.968047,0.01,,0.01,0.99,0.99,,,27910.84,27909.57,,,,0.02,1172.99,0.98,1172.99,,
2026-01-06 16:52:45.918714+00:00,2026-01-06 16:52:45.918714+00:00,465.918714,0.01,,0.01,0.99,0.99,,,27910.84,27909.57,,,,0.02,1172.99,0.98,1172.99,,
2026-01-06 16:52:46.983248+00:00,2026-01-06 16:52:46.983248+00:00,466.983248,0.01,,0.01,0.99,0.99,,,27910.84,27909.57,,,,0.02,1172.99,0.98,1172.99,,
2026-01-06 16:52:47.948181+00:00,2026-01-06 16:52:47.948181+00:00,467.948181,0.01,,0.01,0.99,0.99,,,27910.84,27909.57,,,,0.02,1172.99,0.98,1172.99,,
2026-01-06 16:52:48.962130+00:00,2026-01-06 16:52:48.962130+00:00,468.96213,0.01,,0.01,0.99,0.99,,,27910.84,27909.57,,,,0.02,1172.99,0.98,1172.99,,
2026-01-06 16:52:49.960520+00:00,2026-01-06 16:52:49.960520+00:00,469.96052,0.01,,0.01,0.99,0.99,,,27910.84,27909.57,,,,0.02,1172.99,0.98,1172.99,,
2026-01-06 16:52:50.960303+00:00,2026-01-06 16:52:50.960303+00:00,470.960303,0.01,,0.01,0.99,0.99,,,27910.84,27909.57,,,,0.02,1172.99,0.98,1172.99,,
2026-01-06 16:52:52.011620+00:00,2026-01-06 16:52:52.011620+00:00,472.01162,0.01,,0.01,0.99,0.99,,,27910.84,27909.57,,,,0.02,1172.99,0.98,1172.99,,
2026-01-06 16:52:53.010173+00:00,2026-01-06 16:52:53.010173+00:00,473.010173,0.01,,0.01,0.99,0.99,,,27910.84,27909.57,,,,0.02,1172.99,0.98,1172.99,,
2026-01-06 16:52:53.963979+00:00,2026-01-06 16:52:53.963979+00:00,473.963979,0.01,,0.01,0.99,0.99,,,27910.84,27909.57,,,,0.02,1172.99,0.98,1172.99,,
2026-01-06 16:52:54.995887+00:00,2026-01-06 16:52:54.995887+00:00,474.995887,0.01,,0.01,0.99,0.99,,,27910.84,27909.57,,,,0.02,1172.99,0.98,1172.99,,
2026-01-06 16:52:56.012925+00:00,2026-01-06 16:52:56.012925+00:00,476.012925,0.01,,0.01,0.99,0.99,,,27910.84,27909.57,,,,0.02,1172.99,0.98,1172.99,,
2026-01-06 16:52:57.036373+00:00,2026-01-06 16:52:57.036373+00:00,477.036373,0.01,,0.01,0.99,0.99,,,27910.84,27909.57,,,,0.02,1172.99,0.98,1172.99,,
2026-01-06 16:52:58.014519+00:00,2026-01-06 16:52:58.014519+00:00,478.014519,0.01,,0.01,0.99,0.99,,,27910.84,27909.57,,,,0.02,1172.99,0.98,1172.99,,
2026-01-06 16:52:59.032428+00:00,2026-01-06 16:52:59.032428+00:00,479.032428,0.01,,0.01,0.99,0.99,,,27910.84,27909.57,,,,0.02,1172.99,0.98,1172.99,,
2026-01-06 16:53:00.062699+00:00,2026-01-06 16:53:00.062699+00:00,480.062699,0.01,,0.01,0.99,0.99,,,27910.84,27909.57,,,,0.02,1172.99,0.98,1172.99,,
2026-01-06 16:53:01.057016+00:00,2026-01-06 16:53:01.057016+00:00,481.057016,0.01,,0.01,0.99,0.99,,,27910.84,27909.57,,,,0.02,1172.99,0.98,1172.99,,
2026-01-06 16:53:02.047522+00:00,2026-01-06 16:53:02.047522+00:00,482.047522,0.01,,0.01,0.99,0.99,,,27910.84,27909.57,,,,0.02,1172.99,0.98,1172.99,,
2026-01-06 16:53:03.046541+00:00,2026-01-06 16:53:03.046541+00:00,483.046541,0.01,,0.01,0.99,0.99,,,27910.84,27909.57,,,,0.02,1172.99,0.98,1172.99,,
2026-01-06 16:53:04.095502+00:00,2026-01-06 16:53:04.095502+00:00,484.095502,0.01,,0.01,0.99,0.99,,,27910.84,27909.57,,,,0.02,1172.99,0.98,1172.99,,
2026-01-06 16:53:05.100834+00:00,2026-01-06 16:53:05.100834+00:00,485.100834,0.01,,0.01,0.99,0.99,,,27910.84,27909.57,,,,0.02,1172.99,0.98,1172.99,,
2026-01-06 16:53:06.127971+00:00,2026-01-06 16:53:06.127971+00:00,486.127971,0.01,,0.01,0.99,0.99,,,27910.84,27909.57,,,,0.02,1172.99,0.98,1172.99,,
2026-01-06 16:53:07.120719+00:00,2026-01-06 16:53:07.120719+00:00,487.120719,0.01,,0.01,0.99,0.99,,,27910.84,27909.57,,,,0.02,1172.99,0.98,1172.99,,
2026-01-06 16:53:08.097889+00:00,2026-01-06 16:53:08.097889+00:00,488.097889,0.01,,0.01,0.99,0.99,,,27910.84,27909.57,,,,0.02,1172.99,0.98,1172.99,,
2026-01-06 16:53:09.127832+00:00,2026-01-06 16:53:09.127832+00:00,489.127832,0.01,,0.01,0.99,0.99,,,27910.84,27909.57,,,,0.02,1172.99,0.98,1172.99,,
2026-01-06 16:53:10.144128+00:00,2026-01-06 16:53:10.144128+00:00,490.144128,0.01,,0.01,0.99,0.99,,,27910.84,27909.57,,,,0.02,1172.99,0.98,1172.99,,
2026-01-06 16:53:11.146872+00:00,2026-01-06 16:53:11.146872+00:00,491.146872,0.01,,0.01,0.99,0.99,,,27910.84,27909.57,,,,0.02,1172.99,0.98,1172.99,,
2026-01-06 16:53:12.157214+00:00,2026-01-06 16:53:12.157214+00:00,492.157214,0.01,,0.01,0.99,0.99,,,27910.84,27909.57,,,,0.02,1172.99,0.98,1172.99,,
2026-01-06 16:53:13.242727+00:00,2026-01-06 16:53:13.242727+00:00,493.242727,0.01,,0.01,0.99,0.99,,,27910.84,27909.57,,,,0.02,1172.99,0.98,1172.99,,
2026-01-06 16:53:14.176231+00:00,2026-01-06 16:53:14.176231+00:00,494.176231,0.01,,0.01,0.99,0.99,,,27910.84,27909.57,,,,0.02,1172.99,0.98,1172.99,,
2026-01-06 16:53:15.191990+00:00,2026-01-06 16:53:15.191990+00:00,495.19199,0.01,,0.01,0.99,0.99,,,27910.84,27909.57,,,,0.02,1172.99,0.98,1172.99,,
2026-01-06 16:53:16.225505+00:00,2026-01-06 16:53:16.225505+00:00,496.225505,0.01,,0.01,0.99,0.99,,,27910.84,27909.57,,,,0.02,1172.99,0.98,1172.99,,
2026-01-06 16:53:17.209976+00:00,2026-01-06 16:53:17.209976+00:00,497.209976,0.01,,0.01,0.99,0.99,,,27910.84,27909.57,,,,0.02,1172.99,0.98,1172.99,,
2026-01-06 16:53:18.197509+00:00,2026-01-06 16:53:18.197509+00:00,498.197509,0.01,,0.01,0.99,0.99,,,27910.84,27909.57,,,,0.02,1172.99,0.98,1172.99,,
2026-01-06 16:53:19.230190+00:00,2026-01-06 16:53:19.230190+00:00,499.23019,0.01,,0.01,0.99,0.99,,,27910.84,27909.57,,,,0.02,1172.99,0.98,1172.99,,
2026-01-06 16:53:20.264625+00:00,2026-01-06 16:53:20.264625+00:00,500.264625,0.01,,0.01,0.99,0.99,,,27910.84,27909.57,,,,0.02,1172.99,0.98,1172.99,,
2026-01-06 16:53:21.310875+00:00,2026-01-06 16:53:21.310875+00:00,501.310875,0.01,,0.01,0.99,0.99,,,27910.84,27909.57,,,,0.02,1172.99,0.98,1172.99,,
2026-01-06 16:53:22.277969+00:00,2026-01-06 16:53:22.277969+00:00,502.277969,0.01,,0.01,0.99,0.99,,,27910.84,27909.57,,,,0.02,1172.99,0.98,1172.99,,
2026-01-06 16:53:23.279007+00:00,2026-01-06 16:53:23.279007+00:00,503.279007,0.01,,0.01,0.99,0.99,,,27910.84,27909.57,,,,0.02,1172.99,0.98,1172.99,,
2026-01-06 16:53:24.296291+00:00,2026-01-06 16:53:24.296291+00:00,504.296291,0.01,,0.01,0.99,0.99,,,27910.84,27909.57,,,,0.02,1172.99,0.98,1172.99,,
2026-01-06 16:53:25.302348+00:00,2026-01-06 16:53:25.302348+00:00,505.302348,0.01,,0.01,0.99,0.99,,,27910.84,27909.57,,,,0.02,1172.99,0.98,1172.99,,
2026-01-06 16:53:26.328792+00:00,2026-01-06 16:53:26.328792+00:00,506.328792,0.01,,0.01,0.99,0.99,,,27910.84,27909.57,,,,0.02,1172.99,0.98,1172.99,,
2026-01-06 16:53:27.312956+00:00,2026-01-06 16:53:27.312956+00:00,507.312956,0.01,,0.01,0.99,0.99,,,27910.84,27909.57,,,,0.02,1172.99,0.98,1172.99,,
2026-01-06 16:53:28.344530+00:00,2026-01-06 16:53:28.344530+00:00,508.34453,0.01,,0.01,0.99,0.99,,,27910.84,27909.57,,,,0.02,1172.99,0.98,1172.99,,
2026-01-06 16:53:29.331414+00:00,2026-01-06 16:53:29.331414+00:00,509.331414,0.01,,0.01,0.99,0.99,,,27910.84,27909.57,,,,0.02,1172.99,0.98,1172.99,,
2026-01-06 16:53:30.326858+00:00,2026-01-06 16:53:30.326858+00:00,510.326858,0.01,,0.01,0.99,0.99,,,27910.84,27909.57,,,,0.02,1172.99,0.98,1172.99,,
2026-01-06 16:53:31.447966+00:00,2026-01-06 16:53:31.447966+00:00,511.447966,0.01,,0.01,0.99,0.99,,,27910.84,27909.57,,,,0.02,1172.99,0.98,1172.99,,
2026-01-06 16:53:32.366585+00:00,2026-01-06 16:53:32.366585+00:00,512.366585,0.01,,0.01,0.99,0.99,,,27910.84,27909.57,,,,0.02,1172.99,0.98,1172.99,,
2026-01-06 16:53:33.444629+00:00,2026-01-06 16:53:33.444629+00:00,513.444629,0.01,,0.01,0.99,0.99,,,27910.84,27909.57,,,,0.02,1172.99,0.98,1172.99,,
2026-01-06 16:53:34.375607+00:00,2026-01-06 16:53:34.375607+00:00,514.375607,0.01,,0.01,0.99,0.99,,,27910.84,27909.57,,,,0.02,1172.99,0.98,1172.99,,
2026-01-06 16:53:35.380120+00:00,2026-01-06 16:53:35.380120+00:00,515.38012,0.01,,0.01,0.99,0.99,,,27910.84,27909.57,,,,0.02,1172.99,0.98,1172.99,,
2026-01-06 16:53:36.401912+00:00,2026-01-06 16:53:36.401912+00:00,516.401912,0.01,,0.01,0.99,0.99,,,27910.84,27909.57,,,,0.02,1172.99,0.98,1172.99,,
2026-01-06 16:53:37.391160+00:00,2026-01-06 16:53:37.391160+00:00,517.39116,0.01,,0.01,0.99,0.99,,,27910.84,27909.57,,,,0.02,1172.99,0.98,1172.99,,
2026-01-06 16:53:38.408462+00:00,2026-01-06 16:53:38.408462+00:00,518.408462,0.01,,0.01,0.99,0.99,,,27910.84,27909.57,,,,0.02,1172.99,0.98,1172.99,,
2026-01-06 16:53:39.426606+00:00,2026-01-06 16:53:39.426606+00:00,519.426606,0.01,,0.01,0.99,0.99,,,27910.84,27909.57,,,,0.02,1172.99,0.98,1172.99,,
2026-01-06 16:53:40.425773+00:00,2026-01-06 16:53:40.425773+00:00,520.425773,0.01,,0.01,0.99,0.99,,,27910.84,27909.57,,,,0.02,1172.99,0.98,1172.99,,
2026-01-06 16:53:41.461229+00:00,2026-01-06 16:53:41.461229+00:00,521.461229,0.01,,0.01,0.99,0.99,,,27910.84,27909.57,,,,0.02,1172.99,0.98,1172.99,,
2026-01-06 16:53:42.441439+00:00,2026-01-06 16:53:42.441439+00:00,522.441439,0.01,,0.01,0.99,0.99,,,27910.84,27909.57,,,,0.02,1172.99,0.98,1172.99,,
2026-01-06 16:53:43.472970+00:00,2026-01-06 16:53:43.472970+00:00,523.47297,0.01,,0.01,0.99,0.99,,,27910.84,27909.57,,,,0.02,1172.99,0.98,1172.99,,
2026-01-06 16:53:44.549854+00:00,2026-01-06 16:53:44.549854+00:00,524.549854,0.01,,0.01,0.99,0.99,,,27910.84,27909.57,,,,0.02,1172.99,0.98,1172.99,,
2026-01-06 16:53:45.456134+00:00,2026-01-06 16:53:45.456134+00:00,525.456134,0.01,,0.01,0.99,0.99,,,27910.84,27909.57,,,,0.02,1172.99,0.98,1172.99,,
2026-01-06 16:53:46.481063+00:00,2026-01-06 16:53:46.481063+00:00,526.481063,0.01,,0.01,0.99,0.99,,,27910.84,27909.57,,,,0.02,1172.99,0.98,1172.99,,
2026-01-06 16:53:47.504375+00:00,2026-01-06 16:53:47.504375+00:00,527.504375,0.01,,0.01,0.99,0.99,,,27910.84,27909.57,,,,0.02,1172.99,0.98,1172.99,,
2026-01-06 16:53:48.499302+00:00,2026-01-06 16:53:48.499302+00:00,528.499302,0.01,,0.01,0.99,0.99,,,27910.84,27909.57,,,,0.02,1172.99,0.98,1172.99,,
2026-01-06 16:53:49.532795+00:00,2026-01-06 16:53:49.532795+00:00,529.532795,0.01,,0.01,0.99,0.99,,,27910.84,27909.57,,,,0.02,1172.99,0.98,1172.99,,
2026-01-06 16:53:50.513030+00:00,2026-01-06 16:53:50.513030+00:00,530.51303,0.01,,0.01,0.99,0.99,,,27910.84,27909.57,,,,0.02,1172.99,0.98,1172.99,,
2026-01-06 16:53:51.524308+00:00,2026-01-06 16:53:51.524308+00:00,531.524308,0.01,,0.01,0.99,0.99,,,27910.84,27909.57,,,,0.02,1172.99,0.98,1172.99,,
2026-01-06 16:53:52.520598+00:00,2026-01-06 16:53:52.520598+00:00,532.520598,0.01,,0.01,0.99,0.99,,,27910.84,27909.57,,,,0.02,1172.99,0.98,1172.99,,
2026-01-06 16:53:53.557549+00:00,2026-01-06 16:53:53.557549+00:00,533.557549,0.01,,0.01,0.99,0.99,,,27910.84,27909.57,,,,0.02,1172.99,0.98,1172.99,,
2026-01-06 16:53:54.511735+00:00,2026-01-06 16:53:54.511735+00:00,534.511735,0.01,,0.01,0.99,0.99,,,27910.84,27909.57,,,,0.02,1172.99,0.98,1172.99,,
2026-01-06 16:53:55.532642+00:00,2026-01-06 16:53:55.532642+00:00,535.532642,0.01,,0.01,0.99,0.99,,,27910.84,27909.57,,,,0.02,1172.99,0.98,1172.99,,
2026-01-06 16:53:56.547126+00:00,2026-01-06 16:53:56.547126+00:00,536.547126,0.01,,0.01,0.99,0.99,,,27910.84,27909.57,,,,0.02,1172.99,0.98,1172.99,,
2026-01-06 16:53:57.550262+00:00,2026-01-06 16:53:57.550262+00:00,537.550262,0.01,,0.01,0.99,0.99,,,27910.84,27909.57,,,,0.02,1172.99,0.98,1172.99,,
2026-01-06 16:53:58.546868+00:00,2026-01-06 16:53:58.546868+00:00,538.546868,0.01,,0.01,0.99,0.99,,,27910.84,27909.57,,,,0.02,1172.99,0.98,1172.99,,
2026-01-06 16:53:59.584414+00:00,2026-01-06 16:53:59.584414+00:00,539.584414,0.01,,0.01,0.99,0.99,,,27910.84,27909.57,,,,0.02,1172.99,0.98,1172.99,,
2026-01-06 16:54:00.572190+00:00,2026-01-06 16:54:00.572190+00:00,540.57219,0.01,,0.01,0.99,0.99,,,27910.84,27909.57,,,,0.02,1172.99,0.98,1172.99,,
2026-01-06 16:54:01.581407+00:00,2026-01-06 16:54:01.581407+00:00,541.581407,0.01,,0.01,0.99,0.99,,,27910.84,27909.57,,,,0.02,1172.99,0.98,1172.99,,
2026-01-06 16:54:02.592581+00:00,2026-01-06 16:54:02.592581+00:00,542.592581,0.01,,0.01,0.99,0.99,,,27910.84,27909.57,,,,0.02,1172.99,0.98,1172.99,,
2026-01-06 16:54:03.606623+00:00,2026-01-06 16:54:03.606623+00:00,543.606623,0.01,,0.01,0.99,0.99,,,27910.84,27909.57,,,,0.02,1172.99,0.98,1172.99,,
2026-01-06 16:54:04.630308+00:00,2026-01-06 16:54:04.630308+00:00,544.630308,0.01,,0.01,0.99,0.99,,,27910.84,27909.57,,,,0.02,1172.99,0.98,1172.99,,
2026-01-06 16:54:05.638583+00:00,2026-01-06 16:54:05.638583+00:00,545.638583,0.01,,0.01,0.99,0.99,,,27910.84,27909.57,,,,0.02,1172.99,0.98,1172.99,,
2026-01-06 16:54:06.650456+00:00,2026-01-06 16:54:06.650456+00:00,546.650456,0.01,,0.01,0.99,0.99,,,27910.84,27909.57,,,,0.02,1172.99,0.98,1172.99,,
2026-01-06 16:54:07.643496+00:00,2026-01-06 16:54:07.643496+00:00,547.643496,0.01,,0.01,0.99,0.99,,,27910.84,27909.57,,,,0.02,1172.99,0.98,1172.99,,
2026-01-06 16:54:08.683520+00:00,2026-01-06 16:54:08.683520+00:00,548.68352,0.01,,0.01,0.99,0.99,,,27910.84,27909.57,,,,0.02,1172.99,0.98,1172.99,,
2026-01-06 16:54:09.657737+00:00,2026-01-06 16:54:09.657737+00:00,549.657737,0.01,,0.01,0.99,0.99,,,27910.84,27909.57,,,,0.02,1172.99,0.98,1172.99,,
2026-01-06 16:54:10.653599+00:00,2026-01-06 16:54:10.653599+00:00,550.653599,0.01,,0.01,0.99,0.99,,,27910.84,27909.57,,,,0.02,1172.99,0.98,1172.99,,
2026-01-06 16:54:11.750390+00:00,2026-01-06 16:54:11.750390+00:00,551.75039,0.01,,0.01,0.99,0.99,,,27910.84,27909.57,,,,0.02,1172.99,0.98,1172.99,,
2026-01-06 16:54:12.728413+00:00,2026-01-06 16:54:12.728413+00:00,552.728413,0.01,,0.01,0.99,0.99,,,27910.84,27909.57,,,,0.02,1172.99,0.98,1172.99,,
2026-01-06 16:54:13.728734+00:00,2026-01-06 16:54:13.728734+00:00,553.728734,0.01,,0.01,0.99,0.99,,,27910.84,27909.57,,,,0.02,1172.99,0.98,1172.99,,
2026-01-06 16:54:14.713350+00:00,2026-01-06 16:54:14.713350+00:00,554.71335,0.01,,0.01,0.99,0.99,,,27910.84,27909.57,,,,0.02,1172.99,0.98,1172.99,,
2026-01-06 16:54:15.714424+00:00,2026-01-06 16:54:15.714424+00:00,555.714424,0.01,,0.01,0.99,0.99,,,27910.84,27909.57,,,,0.02,1172.99,0.98,1172.99,,
2026-01-06 16:54:16.762922+00:00,2026-01-06 16:54:16.762922+00:00,556.762922,0.01,,0.01,0.99,0.99,,,27910.84,27909.57,,,,0.02,1172.99,0.98,1172.99,,
2026-01-06 16:54:17.758495+00:00,2026-01-06 16:54:17.758495+00:00,557.758495,0.01,,0.01,0.99,0.99,,,27910.84,27909.57,,,,0.02,1172.99,0.98,1172.99,,
2026-01-06 16:54:18.731200+00:00,2026-01-06 16:54:18.731200+00:00,558.7312,0.01,,0.01,0.99,0.99,,,27910.84,27909.57,,,,0.02,1172.99,0.98,1172.99,,
2026-01-06 16:54:19.760181+00:00,2026-01-06 16:54:19.760181+00:00,559.760181,0.01,,0.01,0.99,0.99,,,27910.84,27909.57,,,,0.02,1172.99,0.98,1172.99,,
2026-01-06 16:54:20.740783+00:00,2026-01-06 16:54:20.740783+00:00,560.740783,0.01,,0.01,0.99,0.99,,,27910.84,27909.57,,,,0.02,1172.99,0.98,1172.99,,
2026-01-06 16:54:21.773659+00:00,2026-01-06 16:54:21.773659+00:00,561.773659,0.01,,0.01,0.99,0.99,,,27910.84,27909.57,,,,0.02,1172.99,0.98,1172.99,,
2026-01-06 16:54:22.763241+00:00,2026-01-06 16:54:22.763241+00:00,562.763241,0.01,,0.01,0.99,0.99,,,27910.84,27909.57,,,,0.02,1172.99,0.98,1172.99,,
2026-01-06 16:54:23.756159+00:00,2026-01-06 16:54:23.756159+00:00,563.756159,0.01,,0.01,0.99,0.99,,,27910.84,27909.57,,,,0.02,1172.99,0.98,1172.99,,
2026-01-06 16:54:24.820580+00:00,2026-01-06 16:54:24.820580+00:00,564.82058,0.01,,0.01,0.99,0.99,,,27910.84,27909.57,,,,0.02,1172.99,0.98,1172.99,,
2026-01-06 16:54:25.808515+00:00,2026-01-06 16:54:25.808515+00:00,565.808515,0.01,,0.01,0.99,0.99,,,27910.84,27909.57,,,,0.02,1172.99,0.98,1172.99,,
2026-01-06 16:54:26.829915+00:00,2026-01-06 16:54:26.829915+00:00,566.829915,0.01,,0.01,0.99,0.99,,,27910.84,27909.57,,,,0.02,1172.99,0.98,1172.99,,
2026-01-06 16:54:27.832221+00:00,2026-01-06 16:54:27.832221+00:00,567.832221,0.01,,0.01,0.99,0.99,,,27910.84,27909.57,,,,0.02,1172.99,0.98,1172.99,,
2026-01-06 16:54:28.832726+00:00,2026-01-06 16:54:28.832726+00:00,568.832726,0.01,,0.01,0.99,0.99,,,27910.84,27909.57,,,,0.02,1172.99,0.98,1172.99,,
2026-01-06 16:54:29.836115+00:00,2026-01-06 16:54:29.836115+00:00,569.836115,0.01,,0.01,0.99,0.99,,,27910.84,27909.57,,,,0.02,1172.99,0.98,1172.99,,
2026-01-06 16:54:30.833438+00:00,2026-01-06 16:54:30.833438+00:00,570.833438,0.01,,0.01,0.99,0.99,,,27910.84,27909.57,,,,0.02,1172.99,0.98,1172.99,,
2026-01-06 16:54:31.864802+00:00,2026-01-06 16:54:31.864802+00:00,571.864802,0.01,,0.01,0.99,0.99,,,27910.84,27909.57,,,,0.02,1172.99,0.98,1172.99,,
2026-01-06 16:54:32.848561+00:00,2026-01-06 16:54:32.848561+00:00,572.848561,0.01,,0.01,0.99,0.99,,,27910.84,27909.57,,,,0.02,1172.99,0.98,1172.99,,
2026-01-06 16:54:33.850305+00:00,2026-01-06 16:54:33.850305+00:00,573.850305,0.01,,0.01,0.99,0.99,,,27910.84,27909.57,,,,0.02,1172.99,0.98,1172.99,,
2026-01-06 16:54:34.873225+00:00,2026-01-06 16:54:34.873225+00:00,574.873225,0.01,,0.01,0.99,0.99,,,27910.84,27909.57,,,,0.02,1172.99,0.98,1172.99,,
2026-01-06 16:54:35.876931+00:00,2026-01-06 16:54:35.876931+00:00,575.876931,0.01,,0.01,0.99,0.99,,,27910.84,27909.57,,,,0.02,1172.99,0.98,1172.99,,
2026-01-06 16:54:36.933927+00:00,2026-01-06 16:54:36.933927+00:00,576.933927,0.01,,0.01,0.99,0.99,,,27910.84,27909.57,,,,0.02,1172.99,0.98,1172.99,,
2026-01-06 16:54:37.907973+00:00,2026-01-06 16:54:37.907973+00:00,577.907973,0.01,,0.01,0.99,0.99,,,27910.84,27909.57,,,,0.02,1172.99,0.98,1172.99,,
2026-01-06 16:54:38.992766+00:00,2026-01-06 16:54:38.992766+00:00,578.992766,0.01,,0.01,0.99,0.99,,,27910.84,27909.57,,,,0.02,1172.99,0.98,1172.99,,
2026-01-06 16:54:39.975739+00:00,2026-01-06 16:54:39.975739+00:00,579.975739,0.01,,0.01,0.99,0.99,,,27910.84,27909.57,,,,0.02,1172.99,0.98,1172.99,,
2026-01-06 16:54:40.939964+00:00,2026-01-06 16:54:40.939964+00:00,580.939964,0.01,,0.01,0.99,0.99,,,27910.84,27909.57,,,,0.02,1172.99,0.98,1172.99,,
2026-01-06 16:54:42.082939+00:00,2026-01-06 16:54:42.082939+00:00,582.082939,0.01,,0.01,0.99,0.99,,,27910.84,27909.57,,,,0.02,1172.99,0.98,1172.99,,
2026-01-06 16:54:42.958902+00:00,2026-01-06 16:54:42.958902+00:00,582.958902,0.01,,0.01,0.99,0.99,,,27910.84,27909.57,,,,0.02,1172.99,0.98,1172.99,,
2026-01-06 16:54:43.974337+00:00,2026-01-06 16:54:43.974337+00:00,583.974337,0.01,,0.01,0.99,0.99,,,27910.84,27909.57,,,,0.02,1172.99,0.98,1172.99,,
2026-01-06 16:54:44.998142+00:00,2026-01-06 16:54:44.998142+00:00,584.998142,0.01,,0.01,0.99,0.99,,,27910.84,27909.57,,,,0.02,1172.99,0.98,1172.99,,
2026-01-06 16:54:45.988858+00:00,2026-01-06 16:54:45.988858+00:00,585.988858,0.01,,0.01,0.99,0.99,,,27910.84,27909.57,,,,0.02,1172.99,0.98,1172.99,,
2026-01-06 16:54:47.027874+00:00,2026-01-06 16:54:47.027874+00:00,587.027874,0.01,,0.01,0.99,0.99,,,27910.84,27909.57,,,,0.02,1172.99,0.98,1172.99,,
2026-01-06 16:54:48.196622+00:00,2026-01-06 16:54:48.196622+00:00,588.196622,0.01,,0.01,0.99,0.99,,,27910.84,27909.57,,,,0.02,1172.99,0.98,1172.99,,
2026-01-06 16:54:49.052320+00:00,2026-01-06 16:54:49.052320+00:00,589.05232,0.01,,0.01,0.99,0.99,,,27910.84,27909.57,,,,0.02,1172.99,0.98,1172.99,,
2026-01-06 16:54:50.113454+00:00,2026-01-06 16:54:50.113454+00:00,590.113454,0.01,,0.01,0.99,0.99,,,27910.84,27909.57,,,,0.02,1172.99,0.98,1172.99,,
2026-01-06 16:54:50.983010+00:00,2026-01-06 16:54:50.983010+00:00,590.98301,0.01,,0.01,0.99,0.99,,,27910.84,27909.57,,,,0.02,1172.99,0.98,1172.99,,
2026-01-06 16:54:52.032489+00:00,2026-01-06 16:54:52.032489+00:00,592.032489,0.01,,0.01,0.99,0.99,,,27910.84,27909.57,,,,0.02,1172.99,0.98,1172.99,,
2026-01-06 16:54:53.007868+00:00,2026-01-06 16:54:53.007868+00:00,593.007868,0.01,,0.01,0.99,0.99,,,27910.84,27909.57,,,,0.02,1172.99,0.98,1172.99,,
2026-01-06 16:54:54.031819+00:00,2026-01-06 16:54:54.031819+00:00,594.031819,0.01,,0.01,0.99,0.99,,,27910.84,27909.57,,,,0.02,1172.99,0.98,1172.99,,
2026-01-06 16:54:55.008831+00:00,2026-01-06 16:54:55.008831+00:00,595.008831,0.01,,0.01,0.99,0.99,,,27910.84,27909.57,,,,0.02,1172.99,0.98,1172.99,,
2026-01-06 16:54:56.011051+00:00,2026-01-06 16:54:56.011051+00:00,596.011051,0.01,,0.01,0.99,0.99,,,27910.84,27909.57,,,,0.02,1172.99,0.98,1172.99,,
2026-01-06 16:54:57.041600+00:00,2026-01-06 16:54:57.041600+00:00,597.0416,0.01,,0.01,0.99,0.99,,,27910.84,27909.57,,,,0.02,1172.99,0.98,1172.99,,
2026-01-06 16:54:53.970000+00:00,2026-01-06 16:54:56.076976+00:00,593.97,0.525,0.51,0.54,0.475,0.46,0.49,166.78,563.0,563.0,166.78,0.5,534.3,0.55,23.66,0.45,23.66,0.5,534.3
2026-01-06 16:54:58.067442+00:00,2026-01-06 16:54:58.067442+00:00,598.067442,0.01,,0.01,0.99,0.99,,,27910.84,27909.57,,,,0.02,1172.99,0.98,1172.99,,
2026-01-06 16:54:59.124753+00:00,2026-01-06 16:54:59.124753+00:00,599.124753,0.01,,0.01,0.99,0.99,,,27910.84,27909.57,,,,0.02,1172.99,0.98,1172.99,,
2026-01-06 16:54:56.748000+00:00,2026-01-06 16:54:58.091909+00:00,596.748,0.53,0.51,0.55,0.47,0.45,0.49,165.78,23.66,23.66,165.78,0.5,534.3,0.56,5656.94,0.44,5656.94,0.5,793.3
2026-01-06 16:55:00.105912+00:00,2026-01-06 16:55:00.105912+00:00,600.105912,0.01,,0.01,0.99,0.99,,,27910.84,27909.57,,,,0.02,1172.99,0.98,1172.99,,
2026-01-06 16:55:01.089099+00:00,2026-01-06 16:55:01.089099+00:00,601.089099,0.01,,0.01,0.99,0.99,,,27910.84,27909.57,,,,0.02,1172.99,0.98,1172.99,,
2026-01-06 16:55:02.120914+00:00,2026-01-06 16:55:02.120914+00:00,602.120914,0.01,,0.01,0.99,0.99,,,27910.84,27909.57,,,,0.02,1172.99,0.98,1172.99,,
2026-01-06 16:54:58.451000+00:00,2026-01-06 16:55:01.217118+00:00,598.451,0.53,0.51,0.55,0.47,0.45,0.49,165.78,23.66,23.66,165.78,0.5,793.3,0.56,5656.94,0.44,5656.94,0.5,793.3
2026-01-06 16:55:03.185427+00:00,2026-01-06 16:55:03.185427+00:00,603.185427,0.01,,0.01,0.99,0.99,,,27910.84,27909.57,,,,0.02,1172.99,0.98,1172.99,,
2026-01-06 16:55:01+00:00,2026-01-06 16:55:02.223143+00:00,601.0,0.53,0.51,0.55,0.47,0.45,0.49,165.78,23.66,23.66,165.78,0.5,793.3,0.56,5656.94,0.44,5656.94,0.5,793.3
2026-01-06 16:55:04.193800+00:00,2026-01-06 16:55:04.193800+00:00,604.1938,0.01,,0.01,0.99,0.99,,,27910.84,27909.57,,,,0.02,1172.99,0.98,1172.99,,
2026-01-06 16:55:02.578000+00:00,2026-01-06 16:55:03.237372+00:00,602.578,0.53,0.51,0.55,0.47,0.45,0.49,165.78,23.66,23.66,165.78,0.5,793.3,0.56,5656.94,0.44,5656.94,0.5,793.3
2026-01-06 16:55:05.195145+00:00,2026-01-06 16:55:05.195145+00:00,605.195145,0.01,,0.01,0.99,0.99,,,27910.84,27909.57,,,,0.02,1172.99,0.98,1172.99,,
2026-01-06 16:55:06.173076+00:00,2026-01-06 16:55:06.173076+00:00,606.173076,0.01,,0.01,0.99,0.99,,,27910.84,27909.57,,,,0.02,1172.99,0.98,1172.99,,
2026-01-06 16:55:03.932000+00:00,2026-01-06 16:55:05.232557+00:00,603.932,0.52,0.51,0.53,0.48,0.47,0.49,165.78,10.65,10.65,165.78,0.5,793.3,0.55,22.66,0.45,22.66,0.5,793.3
2026-01-06 16:55:07.230059+00:00,2026-01-06 16:55:07.230059+00:00,607.230059,0.01,,0.01,0.99,0.99,,,27910.84,27909.57,,,,0.02,1172.99,0.98,1172.99,,
2026-01-06 16:55:05.001000+00:00,2026-01-06 16:55:06.246564+00:00,605.001,0.52,0.51,0.53,0.48,0.47,0.49,165.78,10.65,10.65,165.78,0.5,793.3,0.55,22.66,0.45,22.66,0.5,793.3
2026-01-06 16:55:08.183063+00:00,2026-01-06 16:55:08.183063+00:00,608.183063,0.01,,0.01,0.99,0.99,,,27910.84,27909.57,,,,0.02,1172.99,0.98,1172.99,,
2026-01-06 16:55:06.575000+00:00,2026-01-06 16:55:07.254633+00:00,606.575,0.525,0.52,0.53,0.475,0.47,0.48,15.46,10.65,10.65,15.46,0.51,165.78,0.54,15.46,0.46,15.46,0.49,165.78
2026-01-06 16:55:09.308463+00:00,2026-01-06 16:55:09.308463+00:00,609.308463,0.01,,0.01,0.99,0.99,,,27910.84,27909.57,,,,0.02,1172.99,0.98,1172.99,,
2026-01-06 16:55:10.209178+00:00,2026-01-06 16:55:10.209178+00:00,610.209178,0.01,,0.01,0.99,0.99,,,27910.84,27909.57,,,,0.02,1172.99,0.98,1172.99,,
2026-01-06 16:55:07.658000+00:00,2026-01-06 16:55:09.268428+00:00,607.658,0.525,0.52,0.53,0.475,0.47,0.48,15.46,10.65,10.65,15.46,0.51,165.78,0.54,15.46,0.46,15.46,0.49,165.78
2026-01-06 16:55:11.218813+00:00,2026-01-06 16:55:11.218813+00:00,611.218813,0.01,,0.01,0.99,0.99,,,27910.84,27909.57,,,,0.02,1172.99,0.98,1172.99,,
2026-01-06 16:55:12.409614+00:00,2026-01-06 16:55:12.409614+00:00,612.409614,0.01,,0.01,0.99,0.99,,,27910.84,27909.57,,,,0.02,1172.99,0.98,1172.99,,
2026-01-06 16:55:09.424000+00:00,2026-01-06 16:55:11.280586+00:00,609.424,0.525,0.52,0.53,0.475,0.47,0.48,15.46,10.65,10.65,15.46,0.51,165.78,0.54,15.46,0.46,15.46,0.49,165.78
2026-01-06 16:55:13.243888+00:00,2026-01-06 16:55:13.243888+00:00,613.243888,0.01,,0.01,0.99,0.99,,,27910.84,27909.57,,,,0.02,1172.99,0.98,1172.99,,
2026-01-06 16:55:14.254106+00:00,2026-01-06 16:55:14.254106+00:00,614.254106,0.01,,0.01,0.99,0.99,,,27910.84,27909.57,,,,0.02,1172.99,0.98,1172.99,,
2026-01-06 16:55:11.958000+00:00,2026-01-06 16:55:13.310210+00:00,611.958,0.525,0.52,0.53,0.475,0.47,0.48,15.46,10.65,10.65,15.46,0.51,165.78,0.54,15.46,0.46,15.46,0.49,165.78
2026-01-06 16:55:15.246027+00:00,2026-01-06 16:55:15.246027+00:00,615.246027,0.01,,0.01,0.99,0.99,,,27910.84,27909.57,,,,0.02,1172.99,0.98,1172.99,,
2026-01-06 16:55:13.150000+00:00,2026-01-06 16:55:14.322151+00:00,613.15,0.525,0.52,0.53,0.475,0.47,0.48,15.46,10.65,10.65,15.46,0.51,165.78,0.54,15.46,0.46,15.46,0.49,165.78
2026-01-06 16:55:16.251251+00:00,2026-01-06 16:55:16.251251+00:00,616.251251,0.01,,0.01,0.99,0.99,,,27910.84,27909.57,,,,0.02,1172.99,0.98,1172.99,,
2026-01-06 16:55:14.685000+00:00,2026-01-06 16:55:15.329276+00:00,614.685,0.525,0.52,0.53,0.475,0.47,0.48,15.46,10.65,10.65,15.46,0.51,165.78,0.54,15.46,0.46,15.46,0.49,165.78
2026-01-06 16:55:17.303610+00:00,2026-01-06 16:55:17.303610+00:00,617.30361,0.01,,0.01,0.99,0.99,,,27910.84,27909.57,,,,0.02,1172.99,0.98,1172.99,,
2026-01-06 16:55:15.173000+00:00,2026-01-06 16:55:16.339270+00:00,615.173,0.525,0.52,0.53,0.475,0.47,0.48,15.46,10.65,10.65,15.46,0.51,165.78,0.54,15.46,0.46,15.46,0.49,165.78
2026-01-06 16:55:18.313126+00:00,2026-01-06 16:55:18.313126+00:00,618.313126,0.01,,0.01,0.99,0.99,,,27910.84,27909.57,,,,0.02,1172.99,0.98,1172.99,,
2026-01-06 16:55:16.858000+00:00,2026-01-06 16:55:17.344570+00:00,616.858,0.51,0.5,0.52,0.49,0.48,0.5,5078.6,15.46,15.46,5078.6,0.49,403.19,0.53,10.65,0.47,10.65,0.51,403.19
2026-01-06 16:55:19.287323+00:00,2026-01-06 16:55:19.287323+00:00,619.287323,0.01,,0.01,0.99,0.99,,,27910.84,27909.57,,,,0.02,1172.99,0.98,1172.99,,
2026-01-06 16:55:17.373000+00:00,2026-01-06 16:55:18.351179+00:00,617.373,0.51,0.5,0.52,0.49,0.48,0.5,5641.6,15.46,15.46,5641.6,0.49,403.19,0.53,10.65,0.47,10.65,0.51,403.19
2026-01-06 16:55:20.295829+00:00,2026-01-06 16:55:20.295829+00:00,620.295829,0.01,,0.01,0.99,0.99,,,27910.84,27909.57,,,,0.02,1172.99,0.98,1172.99,,
2026-01-06 16:55:21.328331+00:00,2026-01-06 16:55:21.328331+00:00,621.328331,0.01,,0.01,0.99,0.99,,,27910.84,27909.57,,,,0.02,1172.99,0.98,1172.99,,
2026-01-06 16:55:18.636000+00:00,2026-01-06 16:55:20.625088+00:00,618.636,0.51,0.5,0.52,0.49,0.48,0.5,5641.6,15.46,15.46,5641.6,0.49,403.19,0.53,10.65,0.47,10.65,0.51,403.19
2026-01-06 16:55:22.323821+00:00,2026-01-06 16:55:22.323821+00:00,622.323821,0.01,,0.01,0.99,0.99,,,27910.84,27909.57,,,,0.02,1172.99,0.98,1172.99,,
2026-01-06 16:55:23.332948+00:00,2026-01-06 16:55:23.332948+00:00,623.332948,0.01,,0.01,0.99,0.99,,,27910.84,27909.57,,,,0.02,1172.99,0.98,1172.99,,
2026-01-06 16:55:21.400000+00:00,2026-01-06 16:55:22.726536+00:00,621.4,0.51,0.5,0.52,0.49,0.48,0.5,5641.6,15.46,15.46,5641.6,0.49,403.19,0.53,10.65,0.47,10.65,0.51,403.19
2026-01-06 16:55:24.368671+00:00,2026-01-06 16:55:24.368671+00:00,624.368671,0.01,,0.01,0.99,0.99,,,27910.84,27909.57,,,,0.02,1172.99,0.98,1172.99,,
2026-01-06 16:55:23.001000+00:00,2026-01-06 16:55:23.773078+00:00,623.001,0.51,0.5,0.52,0.49,0.48,0.5,5641.6,15.46,15.46,5641.6,0.49,403.19,0.53,10.65,0.47,10.65,0.51,403.19
2026-01-06 16:55:25.478805+00:00,2026-01-06 16:55:25.478805+00:00,625.478805,0.01,,0.01,0.99,0.99,,,27910.84,27909.57,,,,0.02,1172.99,0.98,1172.99,,
2026-01-06 16:55:26.458397+00:00,2026-01-06 16:55:26.458397+00:00,626.458397,0.01,,0.01,0.99,0.99,,,27910.84,27909.57,,,,0.02,1172.99,0.98,1172.99,,
2026-01-06 16:55:24.141000+00:00,2026-01-06 16:55:25.874987+00:00,624.141,0.51,0.5,0.52,0.49,0.48,0.5,5641.6,15.46,15.46,5641.6,0.49,403.19,0.53,10.65,0.47,10.65,0.51,403.19
2026-01-06 16:55:27.508536+00:00,2026-01-06 16:55:27.508536+00:00,627.508536,0.01,,0.01,0.99,0.99,,,27910.84,27909.57,,,,0.02,1172.99,0.98,1172.99,,
2026-01-06 16:55:28.510016+00:00,2026-01-06 16:55:28.510016+00:00,628.510016,0.01,,0.01,0.99,0.99,,,27910.84,27909.57,,,,0.02,1172.99,0.98,1172.99,,
2026-01-06 16:55:25.909000+00:00,2026-01-06 16:55:27.889919+00:00,625.909,0.51,0.5,0.52,0.49,0.48,0.5,5641.6,15.46,15.46,5641.6,0.49,403.19,0.53,10.65,0.47,10.65,0.51,403.19
2026-01-06 16:55:29.488178+00:00,2026-01-06 16:55:29.488178+00:00,629.488178,0.01,,0.01,0.99,0.99,,,27910.84,27909.57,,,,0.02,1172.99,0.98,1172.99,,
2026-01-06 16:55:28.130000+00:00,2026-01-06 16:55:28.896279+00:00,628.13,0.51,0.5,0.52,0.49,0.48,0.5,5641.6,15.46,15.46,5641.6,0.49,403.19,0.53,10.65,0.47,10.65,0.51,403.19
2026-01-06 16:55:30.541935+00:00,2026-01-06 16:55:30.541935+00:00,630.541935,0.01,,0.01,0.99,0.99,,,27910.84,27909.57,,,,0.02,1172.99,0.98,1172.99,,
2026-01-06 16:55:31.563805+00:00,2026-01-06 16:55:31.563805+00:00,631.563805,0.01,,0.01,0.99,0.99,,,27910.84,27909.57,,,,0.02,1172.99,0.98,1172.99,,
2026-01-06 16:55:29.664000+00:00,2026-01-06 16:55:30.925795+00:00,629.664,0.51,0.5,0.52,0.49,0.48,0.5,5641.6,15.46,15.46,5641.6,0.49,403.19,0.53,10.65,0.47,10.65,0.51,403.19
2026-01-06 16:55:32.601672+00:00,2026-01-06 16:55:32.601672+00:00,632.601672,0.01,,0.01,0.99,0.99,,,27910.84,27909.57,,,,0.02,1172.99,0.98,1172.99,,
2026-01-06 16:55:33.524986+00:00,2026-01-06 16:55:33.524986+00:00,633.524986,0.01,,0.01,0.99,0.99,,,27910.84,27909.57,,,,0.02,1172.99,0.98,1172.99,,
2026-01-06 16:55:34.546816+00:00,2026-01-06 16:55:34.546816+00:00,634.546816,0.01,,0.01,0.99,0.99,,,27910.84,27909.57,,,,0.02,1172.99,0.98,1172.99,,
2026-01-06 16:55:35.589791+00:00,2026-01-06 16:55:35.589791+00:00,635.589791,0.01,,0.01,0.99,0.99,,,27910.84,27909.57,,,,0.02,1172.99,0.98,1172.99,,
2026-01-06 16:55:31.396000+00:00,2026-01-06 16:55:34.926893+00:00,631.396,0.51,0.5,0.52,0.49,0.48,0.5,5641.6,15.46,15.46,5641.6,0.49,403.19,0.53,10.65,0.47,10.65,0.51,403.19
2026-01-06 16:55:36.580277+00:00,2026-01-06 16:55:36.580277+00:00,636.580277,0.01,,0.01,0.99,0.99,,,27910.84,27909.57,,,,0.02,1172.99,0.98,1172.99,,
2026-01-06 16:55:37.659221+00:00,2026-01-06 16:55:37.659221+00:00,637.659221,0.01,,0.01,0.99,0.99,,,27910.84,27909.57,,,,0.02,1172.99,0.98,1172.99,,
2026-01-06 16:55:35.249000+00:00,2026-01-06 16:55:36.953890+00:00,635.249,0.51,0.5,0.52,0.49,0.48,0.5,5641.6,15.46,15.46,5641.6,0.49,403.19,0.53,10.65,0.47,10.65,0.51,403.19
2026-01-06 16:55:38.686101+00:00,2026-01-06 16:55:38.686101+00:00,638.686101,0.01,,0.01,0.99,0.99,,,27910.84,27909.57,,,,0.02,1172.99,0.98,1172.99,,
2026-01-06 16:55:39.672597+00:00,2026-01-06 16:55:39.672597+00:00,639.672597,0.01,,0.01,0.99,0.99,,,27910.84,27909.57,,,,0.02,1172.99,0.98,1172.99,,
2026-01-06 16:55:36.899000+00:00,2026-01-06 16:55:38.968999+00:00,636.899,0.51,0.5,0.52,0.49,0.48,0.5,5641.6,15.46,15.46,5641.6,0.49,403.19,0.53,10.65,0.47,10.65,0.51,403.19
2026-01-06 16:55:40.680963+00:00,2026-01-06 16:55:40.680963+00:00,640.680963,0.01,,0.01,0.99,0.99,,,27910.84,27909.57,,,,0.02,1172.99,0.98,1172.99,,
2026-01-06 16:55:39.454000+00:00,2026-01-06 16:55:39.974675+00:00,639.454,0.51,0.5,0.52,0.49,0.48,0.5,5629.6,15.46,15.46,5629.6,0.49,403.19,0.53,10.65,0.47,10.65,0.51,403.19
2026-01-06 16:55:41.680381+00:00,2026-01-06 16:55:41.680381+00:00,641.680381,0.01,,0.01,0.99,0.99,,,27910.84,27909.57,,,,0.02,1172.99,0.98,1172.99,,
2026-01-06 16:55:40.496000+00:00,2026-01-06 16:55:40.981657+00:00,640.496,0.51,0.5,0.52,0.49,0.48,0.5,5629.6,15.46,15.46,5629.6,0.49,403.19,0.53,10.65,0.47,10.65,0.51,403.19
