timestamp,collected_at,seconds,mid,bid,ask,asset
2026-01-06 08:30:00+00:00,2026-01-06 08:36:18.921171+00:00,0.0,3215.131,3215.01,3215.4,ETH
2026-01-06 08:30:01+00:00,2026-01-06 08:36:19.925875+00:00,1.0,3215.201,3215.06,3215.41,ETH
2026-01-06 08:30:02+00:00,2026-01-06 08:36:20.937598+00:00,2.0,3215.261,3215.12,3215.41,ETH
2026-01-06 08:30:03+00:00,2026-01-06 08:36:21.928394+00:00,3.0,3215.261,3215.12,3215.41,ETH
2026-01-06 08:30:04+00:00,2026-01-06 08:36:22.981964+00:00,4.0,3215.261,3215.11,3215.39,ETH
2026-01-06 08:30:05+00:00,2026-01-06 08:36:23.960212+00:00,5.0,3215.761,3215.47,3215.87,ETH
2026-01-06 08:30:06+00:00,2026-01-06 08:36:24.962890+00:00,6.0,3215.761,3215.47,3216.0,ETH
2026-01-06 08:30:07+00:00,2026-01-06 08:36:25.968624+00:00,7.0,3215.811,3215.51,3216.05,ETH
2026-01-06 08:30:08+00:00,2026-01-06 08:36:27.993420+00:00,8.0,3215.951,3215.65,3216.06,ETH
2026-01-06 08:30:09+00:00,2026-01-06 08:36:29.015261+00:00,9.0,3215.941,3215.64,3216.03,ETH
2026-01-06 08:30:10+00:00,2026-01-06 08:36:30.011305+00:00,10.0,3215.921,3215.65,3215.97,ETH
2026-01-06 08:30:11+00:00,2026-01-06 08:36:31.025863+00:00,11.0,3215.841,3215.65,3215.95,ETH
2026-01-06 08:30:12+00:00,2026-01-06 08:36:32.043775+00:00,12.0,3215.831,3215.65,3215.95,ETH
2026-01-06 08:30:13+00:00,2026-01-06 08:36:33.041061+00:00,13.0,3215.881,3215.66,3215.95,ETH
2026-01-06 08:30:14+00:00,2026-01-06 08:36:34.047149+00:00,14.0,3215.871,3215.66,3215.95,ETH
2026-01-06 08:30:15+00:00,2026-01-06 08:36:35.055559+00:00,15.0,3215.911,3215.66,3215.97,ETH
2026-01-06 08:30:16+00:00,2026-01-06 08:36:36.077338+00:00,16.0,3215.871,3215.68,3215.98,ETH
2026-01-06 08:30:17+00:00,2026-01-06 08:36:37.075964+00:00,17.0,3215.811,3215.7,3215.98,ETH
2026-01-06 08:30:18+00:00,2026-01-06 08:36:38.090291+00:00,18.0,3215.811,3215.69,3215.91,ETH
2026-01-06 08:30:19+00:00,2026-01-06 08:36:39.096847+00:00,19.0,3215.801,3215.67,3215.85,ETH
2026-01-06 08:30:20+00:00,2026-01-06 08:36:40.110935+00:00,20.0,3215.771,3215.67,3215.85,ETH
2026-01-06 08:30:21+00:00,2026-01-06 08:36:41.127710+00:00,21.0,3215.571,3215.49,3215.63,ETH
2026-01-06 08:30:22+00:00,2026-01-06 08:36:42.127814+00:00,22.0,3215.401,3215.28,3215.43,ETH
2026-01-06 08:30:23+00:00,2026-01-06 08:36:43.135203+00:00,23.0,3215.371,3215.25,3215.42,ETH
2026-01-06 08:30:24+00:00,2026-01-06 08:36:44.138501+00:00,24.0,3215.361,3215.24,3215.41,ETH
2026-01-06 08:30:25+00:00,2026-01-06 08:36:45.143154+00:00,25.0,3215.361,3215.25,3215.41,ETH
2026-01-06 08:30:26+00:00,2026-01-06 08:36:46.156419+00:00,26.0,3215.351,3215.26,3215.4,ETH
2026-01-06 08:30:27+00:00,2026-01-06 08:36:47.160464+00:00,27.0,3215.371,3215.26,3215.41,ETH
2026-01-06 08:30:28+00:00,2026-01-06 08:36:48.157898+00:00,28.0,3215.321,3215.2,3215.36,ETH
2026-01-06 08:30:30+00:00,2026-01-06 08:36:49.208785+00:00,30.0,3215.191,3215.14,3215.27,ETH
2026-01-06 08:30:31+00:00,2026-01-06 08:36:51.233336+00:00,31.0,3214.861,3214.8,3215.18,ETH
2026-01-06 08:30:32+00:00,2026-01-06 08:36:52.233092+00:00,32.0,3214.631,3214.58,3215.09,ETH
2026-01-06 08:30:33+00:00,2026-01-06 08:36:53.237816+00:00,33.0,3214.631,3214.59,3215.01,ETH
2026-01-06 08:30:34+00:00,2026-01-06 08:36:54.237189+00:00,34.0,3214.781,3214.62,3214.99,ETH
2026-01-06 08:30:35+00:00,2026-01-06 08:36:55.249658+00:00,35.0,3214.761,3214.6,3214.99,ETH
2026-01-06 08:30:36+00:00,2026-01-06 08:36:56.245479+00:00,36.0,3214.601,3214.56,3214.86,ETH
2026-01-06 08:30:37+00:00,2026-01-06 08:36:57.252450+00:00,37.0,3214.641,3214.51,3214.8,ETH
2026-01-06 08:30:38+00:00,2026-01-06 08:36:58.253141+00:00,38.0,3214.491,3214.37,3214.75,ETH
2026-01-06 08:30:39+00:00,2026-01-06 08:36:59.257308+00:00,39.0,3214.331,3214.29,3214.66,ETH
2026-01-06 08:30:40+00:00,2026-01-06 08:37:00.287618+00:00,40.0,3214.361,3214.3,3214.66,ETH
2026-01-06 08:30:41+00:00,2026-01-06 08:37:01.252668+00:00,41.0,3214.391,3214.3,3214.66,ETH
2026-01-06 08:30:42+00:00,2026-01-06 08:37:02.291248+00:00,42.0,3214.431,3214.37,3214.67,ETH
2026-01-06 08:30:43+00:00,2026-01-06 08:37:03.309557+00:00,43.0,3214.471,3214.43,3214.67,ETH
2026-01-06 08:30:44+00:00,2026-01-06 08:37:04.326158+00:00,44.0,3214.461,3214.42,3214.67,ETH
2026-01-06 08:30:45+00:00,2026-01-06 08:37:05.329050+00:00,45.0,3214.451,3214.41,3214.67,ETH
2026-01-06 08:30:46+00:00,2026-01-06 08:37:06.325177+00:00,46.0,3214.441,3214.4,3214.67,ETH
2026-01-06 08:30:47+00:00,2026-01-06 08:37:07.338357+00:00,47.0,3214.441,3214.4,3214.67,ETH
2026-01-06 08:30:48+00:00,2026-01-06 08:37:08.342149+00:00,48.0,3214.441,3214.41,3214.67,ETH
2026-01-06 08:30:49+00:00,2026-01-06 08:37:09.341712+00:00,49.0,3214.661,3214.48,3214.88,ETH
2026-01-06 08:30:50+00:00,2026-01-06 08:37:10.355789+00:00,50.0,3214.941,3214.72,3215.09,ETH
2026-01-06 08:30:51+00:00,2026-01-06 08:37:11.339083+00:00,51.0,3215.021,3214.89,3215.13,ETH
2026-01-06 08:30:52+00:00,2026-01-06 08:37:12.361465+00:00,52.0,3215.011,3214.9,3215.18,ETH
2026-01-06 08:30:53+00:00,2026-01-06 08:37:13.374274+00:00,53.0,3215.001,3214.9,3215.18,ETH
2026-01-06 08:30:54+00:00,2026-01-06 08:37:14.370684+00:00,54.0,3215.041,3214.9,3215.18,ETH
2026-01-06 08:30:55+00:00,2026-01-06 08:37:15.378846+00:00,55.0,3215.081,3214.9,3215.19,ETH
2026-01-06 08:30:56+00:00,2026-01-06 08:37:16.377282+00:00,56.0,3215.081,3214.94,3215.37,ETH
2026-01-06 08:30:57+00:00,2026-01-06 08:37:17.391793+00:00,57.0,3215.091,3214.95,3215.37,ETH
2026-01-06 08:30:58+00:00,2026-01-06 08:37:18.393026+00:00,58.0,3215.251,3215.02,3215.37,ETH
2026-01-06 08:30:59+00:00,2026-01-06 08:37:19.407533+00:00,59.0,3215.331,3215.02,3215.43,ETH
2026-01-06 08:31:00+00:00,2026-01-06 08:37:20.406243+00:00,60.0,3215.331,3215.02,3215.42,ETH
2026-01-06 08:31:01+00:00,2026-01-06 08:37:21.421801+00:00,61.0,3215.331,3215.02,3215.39,ETH
2026-01-06 08:31:02+00:00,2026-01-06 08:37:22.421534+00:00,62.0,3215.331,3215.02,3215.38,ETH
2026-01-06 08:31:03+00:00,2026-01-06 08:37:23.425414+00:00,63.0,3215.311,3215.02,3215.37,ETH
2026-01-06 08:31:04+00:00,2026-01-06 08:37:24.438268+00:00,64.0,3215.291,3215.02,3215.37,ETH
2026-01-06 08:31:05+00:00,2026-01-06 08:37:25.437339+00:00,65.0,3215.331,3215.02,3215.45,ETH
2026-01-06 08:31:06+00:00,2026-01-06 08:37:26.437993+00:00,66.0,3215.331,3215.02,3215.46,ETH
2026-01-06 08:31:07+00:00,2026-01-06 08:37:27.456634+00:00,67.0,3215.581,3215.25,3215.8,ETH
2026-01-06 08:31:08+00:00,2026-01-06 08:37:28.452735+00:00,68.0,3215.841,3215.53,3215.96,ETH
2026-01-06 08:31:09+00:00,2026-01-06 08:37:29.458637+00:00,69.0,3215.871,3215.54,3216.03,ETH
2026-01-06 08:31:10+00:00,2026-01-06 08:37:30.453411+00:00,70.0,3215.891,3215.71,3216.2,ETH
2026-01-06 08:31:11+00:00,2026-01-06 08:37:31.454249+00:00,71.0,3216.171,3215.93,3216.45,ETH
2026-01-06 08:31:12+00:00,2026-01-06 08:37:32.457528+00:00,72.0,3216.281,3215.99,3216.45,ETH
2026-01-06 08:31:13+00:00,2026-01-06 08:37:33.485944+00:00,73.0,3216.311,3215.99,3216.45,ETH
2026-01-06 08:31:14+00:00,2026-01-06 08:37:34.488116+00:00,74.0,3216.681,3216.35,3216.8,ETH
2026-01-06 08:31:15+00:00,2026-01-06 08:37:35.506510+00:00,75.0,3216.611,3216.47,3217.02,ETH
2026-01-06 08:31:20+00:00,2026-01-06 08:37:41.318882+00:00,80.0,3217.721,3217.43,3217.77,ETH
2026-01-06 08:31:21+00:00,2026-01-06 08:37:42.322836+00:00,81.0,3217.691,3217.44,3217.77,ETH
2026-01-06 08:31:22+00:00,2026-01-06 08:37:43.325218+00:00,82.0,3217.601,3217.36,3217.7,ETH
2026-01-06 08:31:23+00:00,2026-01-06 08:37:44.334495+00:00,83.0,3217.551,3217.28,3217.75,ETH
2026-01-06 08:31:24+00:00,2026-01-06 08:37:45.336509+00:00,84.0,3217.721,3217.48,3218.02,ETH
2026-01-06 08:31:25+00:00,2026-01-06 08:37:46.341841+00:00,85.0,3217.881,3217.74,3218.29,ETH
2026-01-06 08:31:26+00:00,2026-01-06 08:37:47.343712+00:00,86.0,3218.001,3217.92,3218.41,ETH
2026-01-06 08:31:27+00:00,2026-01-06 08:37:48.371272+00:00,87.0,3218.181,3218.04,3218.46,ETH
2026-01-06 08:31:28+00:00,2026-01-06 08:37:49.373134+00:00,88.0,3218.311,3218.05,3218.49,ETH
2026-01-06 08:31:29+00:00,2026-01-06 08:37:50.401811+00:00,89.0,3218.271,3218.06,3218.49,ETH
2026-01-06 08:31:30+00:00,2026-01-06 08:37:51.422089+00:00,90.0,3218.051,3217.89,3218.22,ETH
2026-01-06 08:31:31+00:00,2026-01-06 08:37:52.421270+00:00,91.0,3217.861,3217.67,3217.95,ETH
2026-01-06 08:31:32+00:00,2026-01-06 08:37:53.439299+00:00,92.0,3217.761,3217.64,3217.95,ETH
2026-01-06 08:31:33+00:00,2026-01-06 08:37:54.454896+00:00,93.0,3217.701,3217.62,3217.88,ETH
2026-01-06 08:31:34+00:00,2026-01-06 08:37:55.453303+00:00,94.0,3217.611,3217.49,3217.8,ETH
2026-01-06 08:31:35+00:00,2026-01-06 08:37:56.472145+00:00,95.0,3217.561,3217.41,3217.8,ETH
2026-01-06 08:31:36+00:00,2026-01-06 08:37:57.469985+00:00,96.0,3217.541,3217.39,3217.79,ETH
2026-01-06 08:31:37+00:00,2026-01-06 08:37:58.485958+00:00,97.0,3217.501,3217.37,3217.79,ETH
2026-01-06 08:31:38+00:00,2026-01-06 08:37:59.507228+00:00,98.0,3217.491,3217.37,3217.72,ETH
2026-01-06 08:31:39+00:00,2026-01-06 08:38:00.492916+00:00,99.0,3217.421,3217.27,3217.53,ETH
2026-01-06 08:31:40+00:00,2026-01-06 08:38:01.506586+00:00,100.0,3217.271,3217.13,3217.32,ETH
2026-01-06 08:31:41+00:00,2026-01-06 08:38:02.504898+00:00,101.0,3217.161,3217.02,3217.22,ETH
2026-01-06 08:31:42+00:00,2026-01-06 08:38:03.505103+00:00,102.0,3216.971,3216.86,3217.13,ETH
2026-01-06 08:31:43+00:00,2026-01-06 08:38:04.510372+00:00,103.0,3216.811,3216.76,3217.05,ETH
2026-01-06 08:31:44+00:00,2026-01-06 08:38:05.519579+00:00,104.0,3216.651,3216.53,3217.05,ETH
2026-01-06 08:31:45+00:00,2026-01-06 08:38:06.522669+00:00,105.0,3216.621,3216.58,3217.04,ETH
2026-01-06 08:31:46+00:00,2026-01-06 08:38:07.535654+00:00,106.0,3217.001,3216.81,3217.05,ETH
2026-01-06 08:31:47+00:00,2026-01-06 08:38:08.540800+00:00,107.0,3217.011,3216.81,3217.05,ETH
2026-01-06 08:31:48+00:00,2026-01-06 08:38:09.551362+00:00,108.0,3217.001,3216.81,3217.05,ETH
2026-01-06 08:31:49+00:00,2026-01-06 08:38:10.559109+00:00,109.0,3216.901,3216.79,3217.05,ETH
2026-01-06 08:31:50+00:00,2026-01-06 08:38:11.576119+00:00,110.0,3217.081,3216.83,3217.33,ETH
2026-01-06 08:31:51+00:00,2026-01-06 08:38:12.586577+00:00,111.0,3217.171,3216.95,3217.34,ETH
2026-01-06 08:31:52+00:00,2026-01-06 08:38:13.586583+00:00,112.0,3217.171,3216.95,3217.34,ETH
2026-01-06 08:31:53+00:00,2026-01-06 08:38:14.587632+00:00,113.0,3217.201,3216.95,3217.4,ETH
2026-01-06 08:31:54+00:00,2026-01-06 08:38:15.585025+00:00,114.0,3217.161,3216.95,3217.34,ETH
2026-01-06 08:31:55+00:00,2026-01-06 08:38:16.602533+00:00,115.0,3217.211,3216.95,3217.34,ETH
2026-01-06 08:31:56+00:00,2026-01-06 08:38:17.598968+00:00,116.0,3217.231,3217.02,3217.45,ETH
2026-01-06 08:31:57+00:00,2026-01-06 08:38:18.618457+00:00,117.0,3217.331,3217.03,3217.45,ETH
2026-01-06 08:31:58+00:00,2026-01-06 08:38:19.647837+00:00,118.0,3217.401,3217.1,3217.6,ETH
2026-01-06 08:31:59+00:00,2026-01-06 08:38:20.653708+00:00,119.0,3217.431,3217.1,3217.75,ETH
2026-01-06 08:32:00+00:00,2026-01-06 08:38:21.657719+00:00,120.0,3217.551,3217.22,3217.79,ETH
2026-01-06 08:32:01+00:00,2026-01-06 08:38:22.721189+00:00,121.0,3217.661,3217.33,3217.83,ETH
2026-01-06 08:32:02+00:00,2026-01-06 08:38:23.667702+00:00,122.0,3217.661,3217.33,3217.83,ETH
2026-01-06 08:32:03+00:00,2026-01-06 08:38:24.667796+00:00,123.0,3217.661,3217.33,3217.79,ETH
2026-01-06 08:32:04+00:00,2026-01-06 08:38:25.712598+00:00,124.0,3217.461,3217.26,3217.58,ETH
2026-01-06 08:32:05+00:00,2026-01-06 08:38:26.730703+00:00,125.0,3217.181,3217.07,3217.3,ETH
2026-01-06 08:32:06+00:00,2026-01-06 08:38:27.699927+00:00,126.0,3217.111,3216.95,3217.2,ETH
2026-01-06 08:32:07+00:00,2026-01-06 08:38:28.719831+00:00,127.0,3217.151,3216.96,3217.2,ETH
2026-01-06 08:32:08+00:00,2026-01-06 08:38:29.734474+00:00,128.0,3217.171,3216.96,3217.2,ETH
2026-01-06 08:32:09+00:00,2026-01-06 08:38:30.729752+00:00,129.0,3217.251,3216.96,3217.44,ETH
2026-01-06 08:32:10+00:00,2026-01-06 08:38:31.829497+00:00,130.0,3217.341,3217.11,3217.52,ETH
2026-01-06 08:32:11+00:00,2026-01-06 08:38:32.804251+00:00,131.0,3217.331,3217.19,3217.49,ETH
2026-01-06 08:32:12+00:00,2026-01-06 08:38:33.731512+00:00,132.0,3217.291,3217.19,3217.49,ETH
2026-01-06 08:32:13+00:00,2026-01-06 08:38:34.782182+00:00,133.0,3217.281,3217.04,3217.46,ETH
2026-01-06 08:32:14+00:00,2026-01-06 08:38:35.786135+00:00,134.0,3217.211,3217.04,3217.43,ETH
2026-01-06 08:32:15+00:00,2026-01-06 08:38:36.798504+00:00,135.0,3217.211,3217.04,3217.45,ETH
2026-01-06 08:32:16+00:00,2026-01-06 08:38:37.785478+00:00,136.0,3217.211,3217.04,3217.46,ETH
2026-01-06 08:32:17+00:00,2026-01-06 08:38:38.806496+00:00,137.0,3217.211,3217.04,3217.44,ETH
2026-01-06 08:32:18+00:00,2026-01-06 08:38:39.797440+00:00,138.0,3217.211,3217.04,3217.47,ETH
2026-01-06 08:32:19+00:00,2026-01-06 08:38:40.816663+00:00,139.0,3217.201,3217.0,3217.45,ETH
2026-01-06 08:32:20+00:00,2026-01-06 08:38:41.819480+00:00,140.0,3217.191,3216.97,3217.37,ETH
2026-01-06 08:32:21+00:00,2026-01-06 08:38:42.819727+00:00,141.0,3217.201,3216.97,3217.38,ETH
2026-01-06 08:32:22+00:00,2026-01-06 08:38:43.817542+00:00,142.0,3217.201,3216.97,3217.38,ETH
2026-01-06 08:32:23+00:00,2026-01-06 08:38:44.816058+00:00,143.0,3217.201,3216.97,3217.38,ETH
2026-01-06 08:32:24+00:00,2026-01-06 08:38:45.818279+00:00,144.0,3217.201,3216.98,3217.39,ETH
2026-01-06 08:32:25+00:00,2026-01-06 08:38:46.833996+00:00,145.0,3217.201,3216.98,3217.39,ETH
2026-01-06 08:32:26+00:00,2026-01-06 08:38:47.837552+00:00,146.0,3217.201,3216.98,3217.38,ETH
2026-01-06 08:32:27+00:00,2026-01-06 08:38:48.874820+00:00,147.0,3217.201,3216.98,3217.39,ETH
2026-01-06 08:32:28+00:00,2026-01-06 08:38:49.893404+00:00,148.0,3217.201,3216.98,3217.39,ETH
2026-01-06 08:32:29+00:00,2026-01-06 08:38:50.880351+00:00,149.0,3217.201,3216.98,3217.38,ETH
2026-01-06 08:32:30+00:00,2026-01-06 08:38:51.888842+00:00,150.0,3217.191,3216.98,3217.37,ETH
2026-01-06 08:32:31+00:00,2026-01-06 08:38:52.904272+00:00,151.0,3217.191,3216.97,3217.33,ETH
2026-01-06 08:32:32+00:00,2026-01-06 08:38:53.905367+00:00,152.0,3217.191,3216.97,3217.29,ETH
2026-01-06 08:32:33+00:00,2026-01-06 08:38:54.921257+00:00,153.0,3217.191,3216.98,3217.33,ETH
2026-01-06 08:32:34+00:00,2026-01-06 08:38:55.920068+00:00,154.0,3217.191,3216.98,3217.26,ETH
2026-01-06 08:32:35+00:00,2026-01-06 08:38:56.922631+00:00,155.0,3217.191,3216.98,3217.25,ETH
2026-01-06 08:32:36+00:00,2026-01-06 08:38:57.921803+00:00,156.0,3217.191,3216.98,3217.24,ETH
2026-01-06 08:32:37+00:00,2026-01-06 08:38:58.925755+00:00,157.0,3217.191,3216.98,3217.24,ETH
2026-01-06 08:32:38+00:00,2026-01-06 08:38:59.920788+00:00,158.0,3217.191,3216.98,3217.26,ETH
2026-01-06 08:32:39+00:00,2026-01-06 08:39:00.939800+00:00,159.0,3217.191,3216.98,3217.32,ETH
2026-01-06 08:32:40+00:00,2026-01-06 08:39:01.939192+00:00,160.0,3217.191,3216.98,3217.33,ETH
2026-01-06 08:32:41+00:00,2026-01-06 08:39:02.954512+00:00,161.0,3217.071,3216.97,3217.29,ETH
2026-01-06 08:32:42+00:00,2026-01-06 08:39:03.969174+00:00,162.0,3217.051,3216.9,3217.38,ETH
2026-01-06 08:32:43+00:00,2026-01-06 08:39:04.969192+00:00,163.0,3217.051,3216.91,3217.29,ETH
2026-01-06 08:32:44+00:00,2026-01-06 08:39:05.969927+00:00,164.0,3217.051,3216.91,3217.3,ETH
2026-01-06 08:32:45+00:00,2026-01-06 08:39:06.971478+00:00,165.0,3217.051,3216.93,3217.27,ETH
2026-01-06 08:32:46+00:00,2026-01-06 08:39:07.967119+00:00,166.0,3217.051,3216.93,3217.29,ETH
2026-01-06 08:32:47+00:00,2026-01-06 08:39:08.972069+00:00,167.0,3217.051,3216.9,3217.16,ETH
2026-01-06 08:32:48+00:00,2026-01-06 08:39:09.987588+00:00,168.0,3217.051,3216.9,3217.28,ETH
2026-01-06 08:32:49+00:00,2026-01-06 08:39:10.998954+00:00,169.0,3217.171,3216.91,3217.31,ETH
2026-01-06 08:32:50+00:00,2026-01-06 08:39:11.999877+00:00,170.0,3217.171,3216.96,3217.3,ETH
2026-01-06 08:32:51+00:00,2026-01-06 08:39:13.000664+00:00,171.0,3217.161,3216.96,3217.3,ETH
2026-01-06 08:32:52+00:00,2026-01-06 08:39:14.000191+00:00,172.0,3217.161,3216.96,3217.28,ETH
2026-01-06 08:32:53+00:00,2026-01-06 08:39:15.013804+00:00,173.0,3217.161,3216.96,3217.31,ETH
2026-01-06 08:32:54+00:00,2026-01-06 08:39:16.014396+00:00,174.0,3217.161,3216.96,3217.31,ETH
2026-01-06 08:32:55+00:00,2026-01-06 08:39:17.038058+00:00,175.0,3217.241,3217.08,3217.36,ETH
2026-01-06 08:32:56+00:00,2026-01-06 08:39:18.035125+00:00,176.0,3217.341,3217.08,3217.38,ETH
2026-01-06 08:32:57+00:00,2026-01-06 08:39:19.050006+00:00,177.0,3217.351,3217.08,3217.41,ETH
2026-01-06 08:32:58+00:00,2026-01-06 08:39:20.053547+00:00,178.0,3217.351,3217.08,3217.4,ETH
2026-01-06 08:32:59+00:00,2026-01-06 08:39:21.038498+00:00,179.0,3217.351,3217.08,3217.41,ETH
2026-01-06 08:33:00+00:00,2026-01-06 08:39:22.034048+00:00,180.0,3217.321,3217.03,3217.4,ETH
2026-01-06 08:33:01+00:00,2026-01-06 08:39:23.040031+00:00,181.0,3217.321,3217.03,3217.37,ETH
2026-01-06 08:33:02+00:00,2026-01-06 08:39:24.048482+00:00,182.0,3217.311,3217.03,3217.37,ETH
2026-01-06 08:33:03+00:00,2026-01-06 08:39:25.071881+00:00,183.0,3217.301,3217.01,3217.4,ETH
2026-01-06 08:33:04+00:00,2026-01-06 08:39:26.079056+00:00,184.0,3217.301,3217.0,3217.41,ETH
2026-01-06 08:33:05+00:00,2026-01-06 08:39:27.086674+00:00,185.0,3217.301,3217.0,3217.41,ETH
2026-01-06 08:33:06+00:00,2026-01-06 08:39:28.082682+00:00,186.0,3217.321,3217.03,3217.4,ETH
2026-01-06 08:33:07+00:00,2026-01-06 08:39:29.084886+00:00,187.0,3217.311,3217.03,3217.39,ETH
2026-01-06 08:33:08+00:00,2026-01-06 08:39:30.085909+00:00,188.0,3216.991,3216.96,3217.21,ETH
2026-01-06 08:33:09+00:00,2026-01-06 08:39:31.080916+00:00,189.0,3216.971,3216.94,3217.41,ETH
2026-01-06 08:33:10+00:00,2026-01-06 08:39:32.084821+00:00,190.0,3217.221,3216.91,3217.4,ETH
2026-01-06 08:33:11+00:00,2026-01-06 08:39:33.091959+00:00,191.0,3217.251,3216.98,3217.46,ETH
2026-01-06 08:33:12+00:00,2026-01-06 08:39:34.099539+00:00,192.0,3217.271,3216.98,3217.45,ETH
2026-01-06 08:33:13+00:00,2026-01-06 08:39:35.117461+00:00,193.0,3217.281,3216.99,3217.46,ETH
2026-01-06 08:33:14+00:00,2026-01-06 08:39:36.138038+00:00,194.0,3217.281,3216.99,3217.44,ETH
2026-01-06 08:33:15+00:00,2026-01-06 08:39:37.147364+00:00,195.0,3217.281,3216.99,3217.44,ETH
2026-01-06 08:33:16+00:00,2026-01-06 08:39:38.161035+00:00,196.0,3217.281,3216.99,3217.43,ETH
2026-01-06 08:33:17+00:00,2026-01-06 08:39:39.151638+00:00,197.0,3217.281,3216.99,3217.42,ETH
2026-01-06 08:33:18+00:00,2026-01-06 08:39:40.165539+00:00,198.0,3217.271,3216.99,3217.43,ETH
2026-01-06 08:33:19+00:00,2026-01-06 08:39:41.179865+00:00,199.0,3217.271,3216.99,3217.44,ETH
2026-01-06 08:33:20+00:00,2026-01-06 08:39:42.197821+00:00,200.0,3217.271,3216.99,3217.42,ETH
2026-01-06 08:33:21+00:00,2026-01-06 08:39:43.194982+00:00,201.0,3217.101,3216.93,3217.4,ETH
2026-01-06 08:33:22+00:00,2026-01-06 08:39:44.219640+00:00,202.0,3217.101,3216.92,3217.38,ETH
2026-01-06 08:33:23+00:00,2026-01-06 08:39:45.204281+00:00,203.0,3217.101,3216.93,3217.39,ETH
2026-01-06 08:33:24+00:00,2026-01-06 08:39:46.211463+00:00,204.0,3217.101,3216.93,3217.39,ETH
2026-01-06 08:33:25+00:00,2026-01-06 08:39:47.211204+00:00,205.0,3217.101,3216.92,3217.41,ETH
2026-01-06 08:33:26+00:00,2026-01-06 08:39:48.207838+00:00,206.0,3217.101,3216.92,3217.42,ETH
2026-01-06 08:33:27+00:00,2026-01-06 08:39:49.227038+00:00,207.0,3217.211,3216.97,3217.38,ETH
2026-01-06 08:33:28+00:00,2026-01-06 08:39:50.260730+00:00,208.0,3217.211,3216.97,3217.38,ETH
2026-01-06 08:33:29+00:00,2026-01-06 08:39:51.271649+00:00,209.0,3217.141,3216.93,3217.38,ETH
2026-01-06 08:33:30+00:00,2026-01-06 08:39:52.254571+00:00,210.0,3217.141,3216.93,3217.38,ETH
2026-01-06 08:33:31+00:00,2026-01-06 08:39:53.267792+00:00,211.0,3217.141,3216.93,3217.41,ETH
2026-01-06 08:33:32+00:00,2026-01-06 08:39:54.283851+00:00,212.0,3217.141,3216.93,3217.28,ETH
2026-01-06 08:33:33+00:00,2026-01-06 08:39:55.300931+00:00,213.0,3217.141,3216.92,3217.38,ETH
2026-01-06 08:33:34+00:00,2026-01-06 08:39:56.305318+00:00,214.0,3217.141,3216.93,3217.39,ETH
2026-01-06 08:33:35+00:00,2026-01-06 08:39:57.304510+00:00,215.0,3217.141,3216.94,3217.39,ETH
2026-01-06 08:33:36+00:00,2026-01-06 08:39:58.307171+00:00,216.0,3217.141,3216.94,3217.28,ETH
2026-01-06 08:33:37+00:00,2026-01-06 08:39:59.304933+00:00,217.0,3217.101,3216.94,3217.38,ETH
2026-01-06 08:33:38+00:00,2026-01-06 08:40:00.318683+00:00,218.0,3217.101,3216.94,3217.37,ETH
2026-01-06 08:33:39+00:00,2026-01-06 08:40:01.313882+00:00,219.0,3217.101,3216.94,3217.39,ETH
2026-01-06 08:33:40+00:00,2026-01-06 08:40:02.327705+00:00,220.0,3217.041,3216.95,3217.38,ETH
2026-01-06 08:33:41+00:00,2026-01-06 08:40:03.332601+00:00,221.0,3217.041,3216.94,3217.23,ETH
2026-01-06 08:33:42+00:00,2026-01-06 08:40:04.330900+00:00,222.0,3217.041,3216.92,3217.2,ETH
2026-01-06 08:33:43+00:00,2026-01-06 08:40:05.335450+00:00,223.0,3217.041,3216.92,3217.22,ETH
2026-01-06 08:33:44+00:00,2026-01-06 08:40:07.345946+00:00,224.0,3217.041,3216.95,3217.3,ETH
2026-01-06 08:33:45+00:00,2026-01-06 08:40:08.348120+00:00,225.0,3217.041,3216.95,3217.35,ETH
2026-01-06 08:33:46+00:00,2026-01-06 08:40:09.352827+00:00,226.0,3217.041,3216.95,3217.29,ETH
2026-01-06 08:33:47+00:00,2026-01-06 08:40:10.335741+00:00,227.0,3217.041,3216.95,3217.29,ETH
2026-01-06 08:33:48+00:00,2026-01-06 08:40:11.345779+00:00,228.0,3217.041,3216.94,3217.37,ETH
2026-01-06 08:33:49+00:00,2026-01-06 08:40:12.380624+00:00,229.0,3217.041,3216.97,3217.38,ETH
2026-01-06 08:33:50+00:00,2026-01-06 08:40:13.396657+00:00,230.0,3217.071,3217.0,3217.32,ETH
2026-01-06 08:33:51+00:00,2026-01-06 08:40:14.400810+00:00,231.0,3217.091,3217.0,3217.26,ETH
2026-01-06 08:33:52+00:00,2026-01-06 08:40:15.403447+00:00,232.0,3217.091,3217.01,3217.32,ETH
2026-01-06 08:33:53+00:00,2026-01-06 08:40:16.433392+00:00,233.0,3217.091,3217.01,3217.28,ETH
2026-01-06 08:33:54+00:00,2026-01-06 08:40:17.446258+00:00,234.0,3217.091,3217.01,3217.29,ETH
2026-01-06 08:33:55+00:00,2026-01-06 08:40:18.433448+00:00,235.0,3217.091,3217.0,3217.39,ETH
2026-01-06 08:33:56+00:00,2026-01-06 08:40:19.466217+00:00,236.0,3217.091,3216.98,3217.38,ETH
2026-01-06 08:33:57+00:00,2026-01-06 08:40:20.466222+00:00,237.0,3217.111,3216.99,3217.4,ETH
2026-01-06 08:33:58+00:00,2026-01-06 08:40:21.479441+00:00,238.0,3217.141,3217.0,3217.38,ETH
2026-01-06 08:33:59+00:00,2026-01-06 08:40:22.527389+00:00,239.0,3217.141,3217.01,3217.32,ETH
2026-01-06 08:34:00+00:00,2026-01-06 08:40:23.531593+00:00,240.0,3217.141,3217.01,3217.33,ETH
2026-01-06 08:34:01+00:00,2026-01-06 08:40:24.531279+00:00,241.0,3217.131,3217.02,3217.31,ETH
2026-01-06 08:34:02+00:00,2026-01-06 08:40:25.530778+00:00,242.0,3217.101,3216.98,3217.22,ETH
2026-01-06 08:34:03+00:00,2026-01-06 08:40:26.550428+00:00,243.0,3216.991,3216.93,3217.18,ETH
2026-01-06 08:34:04+00:00,2026-01-06 08:40:27.545655+00:00,244.0,3216.821,3216.75,3216.97,ETH
2026-01-06 08:34:05+00:00,2026-01-06 08:40:28.550922+00:00,245.0,3216.511,3216.44,3216.67,ETH
2026-01-06 08:34:06+00:00,2026-01-06 08:40:29.562187+00:00,246.0,3216.231,3216.22,3216.53,ETH
2026-01-06 08:34:07+00:00,2026-01-06 08:40:30.581242+00:00,247.0,3216.161,3216.15,3216.47,ETH
2026-01-06 08:34:08+00:00,2026-01-06 08:40:31.569062+00:00,248.0,3216.161,3216.15,3216.5,ETH
2026-01-06 08:34:09+00:00,2026-01-06 08:40:32.596843+00:00,249.0,3216.301,3216.23,3216.34,ETH
2026-01-06 08:34:10+00:00,2026-01-06 08:40:33.600615+00:00,250.0,3216.291,3216.23,3216.33,ETH
2026-01-06 08:34:11+00:00,2026-01-06 08:40:34.614044+00:00,251.0,3216.301,3216.24,3216.34,ETH
2026-01-06 08:34:12+00:00,2026-01-06 08:40:35.611826+00:00,252.0,3216.301,3216.23,3216.4,ETH
2026-01-06 08:34:13+00:00,2026-01-06 08:40:36.616534+00:00,253.0,3216.301,3216.23,3216.36,ETH
2026-01-06 08:34:14+00:00,2026-01-06 08:40:37.639022+00:00,254.0,3216.301,3216.23,3216.34,ETH
2026-01-06 08:34:15+00:00,2026-01-06 08:40:38.628828+00:00,255.0,3216.301,3216.23,3216.34,ETH
2026-01-06 08:34:16+00:00,2026-01-06 08:40:39.630990+00:00,256.0,3216.301,3216.23,3216.34,ETH
2026-01-06 08:34:17+00:00,2026-01-06 08:40:40.634875+00:00,257.0,3216.301,3216.23,3216.39,ETH
2026-01-06 08:34:18+00:00,2026-01-06 08:40:41.649966+00:00,258.0,3216.301,3216.24,3216.41,ETH
2026-01-06 08:34:19+00:00,2026-01-06 08:40:42.665967+00:00,259.0,3216.301,3216.24,3216.41,ETH
2026-01-06 08:34:20+00:00,2026-01-06 08:40:43.704449+00:00,260.0,3216.301,3216.24,3216.4,ETH
2026-01-06 08:34:21+00:00,2026-01-06 08:40:44.713928+00:00,261.0,3216.301,3216.24,3216.4,ETH
2026-01-06 08:34:22+00:00,2026-01-06 08:40:45.713895+00:00,262.0,3216.301,3216.24,3216.4,ETH
2026-01-06 08:34:23+00:00,2026-01-06 08:40:46.717309+00:00,263.0,3216.301,3216.24,3216.4,ETH
2026-01-06 08:34:24+00:00,2026-01-06 08:40:47.728143+00:00,264.0,3216.301,3216.24,3216.41,ETH
2026-01-06 08:34:25+00:00,2026-01-06 08:40:48.730290+00:00,265.0,3216.301,3216.23,3216.41,ETH
2026-01-06 08:34:26+00:00,2026-01-06 08:40:49.748766+00:00,266.0,3216.301,3216.23,3216.41,ETH
2026-01-06 08:34:27+00:00,2026-01-06 08:40:50.763588+00:00,267.0,3216.301,3216.23,3216.4,ETH
2026-01-06 08:34:28+00:00,2026-01-06 08:40:51.786336+00:00,268.0,3216.301,3216.23,3216.42,ETH
2026-01-06 08:34:29+00:00,2026-01-06 08:40:52.777975+00:00,269.0,3216.301,3216.23,3216.44,ETH
2026-01-06 08:34:30+00:00,2026-01-06 08:40:53.784761+00:00,270.0,3216.301,3216.24,3216.42,ETH
2026-01-06 08:34:31+00:00,2026-01-06 08:40:54.793774+00:00,271.0,3216.301,3216.25,3216.42,ETH
2026-01-06 08:34:32+00:00,2026-01-06 08:40:55.800713+00:00,272.0,3216.301,3216.22,3216.41,ETH
2026-01-06 08:34:33+00:00,2026-01-06 08:40:56.813605+00:00,273.0,3216.301,3216.22,3216.42,ETH
2026-01-06 08:34:34+00:00,2026-01-06 08:40:57.821527+00:00,274.0,3216.301,3216.22,3216.4,ETH
2026-01-06 08:34:35+00:00,2026-01-06 08:40:58.836052+00:00,275.0,3216.301,3216.22,3216.41,ETH
2026-01-06 08:34:36+00:00,2026-01-06 08:40:59.869688+00:00,276.0,3216.421,3216.25,3216.46,ETH
2026-01-06 08:34:37+00:00,2026-01-06 08:41:00.867879+00:00,277.0,3216.581,3216.35,3216.61,ETH
2026-01-06 08:34:38+00:00,2026-01-06 08:41:01.886741+00:00,278.0,3216.611,3216.38,3216.88,ETH
2026-01-06 08:34:39+00:00,2026-01-06 08:41:02.896012+00:00,279.0,3216.961,3216.69,3217.16,ETH
2026-01-06 08:34:40+00:00,2026-01-06 08:41:03.899396+00:00,280.0,3216.981,3216.81,3217.16,ETH
2026-01-06 08:34:41+00:00,2026-01-06 08:41:04.886021+00:00,281.0,3217.101,3216.81,3217.25,ETH
2026-01-06 08:34:42+00:00,2026-01-06 08:41:05.896751+00:00,282.0,3217.101,3216.82,3217.17,ETH
2026-01-06 08:34:43+00:00,2026-01-06 08:41:06.902898+00:00,283.0,3217.091,3216.83,3217.21,ETH
2026-01-06 08:34:44+00:00,2026-01-06 08:41:07.906196+00:00,284.0,3217.111,3216.82,3217.25,ETH
2026-01-06 08:34:45+00:00,2026-01-06 08:41:08.897487+00:00,285.0,3216.881,3216.77,3216.92,ETH
2026-01-06 08:34:46+00:00,2026-01-06 08:41:09.899285+00:00,286.0,3216.881,3216.77,3216.92,ETH
2026-01-06 08:34:47+00:00,2026-01-06 08:41:10.894295+00:00,287.0,3216.911,3216.76,3217.1,ETH
2026-01-06 08:34:48+00:00,2026-01-06 08:41:11.895995+00:00,288.0,3216.911,3216.76,3217.13,ETH
2026-01-06 08:34:49+00:00,2026-01-06 08:41:12.900253+00:00,289.0,3216.911,3216.76,3217.02,ETH
2026-01-06 08:34:50+00:00,2026-01-06 08:41:13.903469+00:00,290.0,3216.911,3216.76,3217.04,ETH
2026-01-06 08:34:51+00:00,2026-01-06 08:41:14.910995+00:00,291.0,3216.601,3216.6,3216.96,ETH
2026-01-06 08:34:52+00:00,2026-01-06 08:41:15.922028+00:00,292.0,3216.621,3216.62,3216.81,ETH
2026-01-06 08:34:53+00:00,2026-01-06 08:41:16.918747+00:00,293.0,3216.621,3216.62,3216.75,ETH
2026-01-06 08:34:54+00:00,2026-01-06 08:41:17.930193+00:00,294.0,3216.621,3216.62,3216.76,ETH
2026-01-06 08:34:55+00:00,2026-01-06 08:41:18.938948+00:00,295.0,3216.621,3216.62,3216.74,ETH
2026-01-06 08:34:56+00:00,2026-01-06 08:41:21.055235+00:00,296.0,3216.621,3216.62,3216.74,ETH
2026-01-06 08:34:57+00:00,2026-01-06 08:41:22.043600+00:00,297.0,3216.621,3216.61,3216.72,ETH
2026-01-06 08:34:58+00:00,2026-01-06 08:41:23.067055+00:00,298.0,3216.611,3216.59,3216.71,ETH
2026-01-06 08:34:59+00:00,2026-01-06 08:41:24.061449+00:00,299.0,3216.611,3216.56,3216.73,ETH
2026-01-06 08:35:00+00:00,2026-01-06 08:41:25.081422+00:00,300.0,3216.611,3216.56,3216.74,ETH
2026-01-06 08:35:01+00:00,2026-01-06 08:41:26.077166+00:00,301.0,3216.611,3216.57,3216.73,ETH
2026-01-06 08:35:02+00:00,2026-01-06 08:41:27.078911+00:00,302.0,3216.611,3216.56,3216.72,ETH
2026-01-06 08:35:03+00:00,2026-01-06 08:41:28.082584+00:00,303.0,3216.611,3216.54,3216.74,ETH
2026-01-06 08:35:04+00:00,2026-01-06 08:41:29.079576+00:00,304.0,3216.611,3216.54,3216.74,ETH
2026-01-06 08:35:05+00:00,2026-01-06 08:41:30.096668+00:00,305.0,3216.611,3216.54,3216.73,ETH
2026-01-06 08:35:06+00:00,2026-01-06 08:41:31.096171+00:00,306.0,3216.611,3216.55,3216.71,ETH
2026-01-06 08:35:07+00:00,2026-01-06 08:41:32.112391+00:00,307.0,3216.611,3216.55,3216.69,ETH
2026-01-06 08:35:08+00:00,2026-01-06 08:41:33.117857+00:00,308.0,3216.601,3216.55,3216.67,ETH
2026-01-06 08:35:09+00:00,2026-01-06 08:41:34.116166+00:00,309.0,3216.601,3216.54,3216.69,ETH
2026-01-06 08:35:10+00:00,2026-01-06 08:41:35.114492+00:00,310.0,3216.611,3216.54,3216.75,ETH
2026-01-06 08:35:11+00:00,2026-01-06 08:41:36.129887+00:00,311.0,3216.611,3216.54,3216.71,ETH
2026-01-06 08:35:12+00:00,2026-01-06 08:41:37.126618+00:00,312.0,3216.611,3216.57,3216.72,ETH
2026-01-06 08:35:13+00:00,2026-01-06 08:41:38.126180+00:00,313.0,3216.661,3216.59,3216.85,ETH
2026-01-06 08:35:14+00:00,2026-01-06 08:41:39.135184+00:00,314.0,3216.771,3216.62,3216.98,ETH
2026-01-06 08:35:15+00:00,2026-01-06 08:41:40.127947+00:00,315.0,3216.801,3216.63,3216.93,ETH
2026-01-06 08:35:16+00:00,2026-01-06 08:41:41.134223+00:00,316.0,3216.781,3216.63,3216.89,ETH
2026-01-06 08:35:17+00:00,2026-01-06 08:41:42.143636+00:00,317.0,3216.801,3216.64,3217.05,ETH
2026-01-06 08:35:19+00:00,2026-01-06 08:41:43.192593+00:00,319.0,3216.811,3216.63,3217.12,ETH
2026-01-06 08:35:20+00:00,2026-01-06 08:41:45.197550+00:00,320.0,3216.811,3216.63,3217.11,ETH
2026-01-06 08:35:21+00:00,2026-01-06 08:41:46.197486+00:00,321.0,3216.811,3216.63,3217.1,ETH
2026-01-06 08:35:22+00:00,2026-01-06 08:41:47.200650+00:00,322.0,3216.811,3216.63,3217.08,ETH
2026-01-06 08:35:23+00:00,2026-01-06 08:41:48.197705+00:00,323.0,3216.811,3216.63,3216.98,ETH
2026-01-06 08:35:24+00:00,2026-01-06 08:41:49.182275+00:00,324.0,3216.811,3216.63,3216.98,ETH
2026-01-06 08:35:25+00:00,2026-01-06 08:41:50.210031+00:00,325.0,3216.811,3216.63,3217.02,ETH
2026-01-06 08:35:26+00:00,2026-01-06 08:41:51.201429+00:00,326.0,3216.811,3216.62,3216.94,ETH
2026-01-06 08:35:27+00:00,2026-01-06 08:41:52.199319+00:00,327.0,3216.811,3216.61,3217.03,ETH
2026-01-06 08:35:28+00:00,2026-01-06 08:41:53.192547+00:00,328.0,3216.811,3216.61,3217.12,ETH
2026-01-06 08:35:29+00:00,2026-01-06 08:41:54.197678+00:00,329.0,3216.811,3216.61,3217.03,ETH
2026-01-06 08:35:30+00:00,2026-01-06 08:41:55.194939+00:00,330.0,3216.811,3216.61,3216.96,ETH
2026-01-06 08:35:31+00:00,2026-01-06 08:41:56.202617+00:00,331.0,3216.911,3216.69,3217.06,ETH
2026-01-06 08:35:32+00:00,2026-01-06 08:41:57.190182+00:00,332.0,3217.061,3216.83,3217.23,ETH
2026-01-06 08:35:33+00:00,2026-01-06 08:41:58.181149+00:00,333.0,3217.181,3216.92,3217.32,ETH
2026-01-06 08:35:34+00:00,2026-01-06 08:41:59.191406+00:00,334.0,3217.231,3216.93,3217.36,ETH
2026-01-06 08:35:35+00:00,2026-01-06 08:42:00.199100+00:00,335.0,3217.231,3216.93,3217.39,ETH
2026-01-06 08:35:36+00:00,2026-01-06 08:42:01.221212+00:00,336.0,3217.101,3216.89,3217.32,ETH
2026-01-06 08:35:37+00:00,2026-01-06 08:42:02.226485+00:00,337.0,3216.971,3216.83,3217.24,ETH
2026-01-06 08:35:38+00:00,2026-01-06 08:42:03.228695+00:00,338.0,3216.971,3216.79,3217.25,ETH
2026-01-06 08:35:39+00:00,2026-01-06 08:42:04.239752+00:00,339.0,3216.971,3216.78,3217.26,ETH
2026-01-06 08:35:40+00:00,2026-01-06 08:42:05.243438+00:00,340.0,3216.971,3216.78,3217.26,ETH
2026-01-06 08:35:41+00:00,2026-01-06 08:42:06.247802+00:00,341.0,3217.021,3216.87,3217.3,ETH
2026-01-06 08:35:42+00:00,2026-01-06 08:42:07.246710+00:00,342.0,3217.121,3216.98,3217.38,ETH
2026-01-06 08:35:43+00:00,2026-01-06 08:42:08.257603+00:00,343.0,3217.181,3217.0,3217.41,ETH
2026-01-06 08:35:44+00:00,2026-01-06 08:42:09.264735+00:00,344.0,3217.501,3217.28,3217.7,ETH
2026-01-06 08:35:45+00:00,2026-01-06 08:42:10.264402+00:00,345.0,3217.561,3217.3,3217.71,ETH
2026-01-06 08:35:46+00:00,2026-01-06 08:42:11.275297+00:00,346.0,3217.561,3217.3,3217.75,ETH
2026-01-06 08:35:47+00:00,2026-01-06 08:42:12.273510+00:00,347.0,3217.571,3217.31,3217.77,ETH
2026-01-06 08:35:48+00:00,2026-01-06 08:42:13.278611+00:00,348.0,3217.581,3217.31,3217.78,ETH
2026-01-06 08:35:49+00:00,2026-01-06 08:42:14.300141+00:00,349.0,3217.581,3217.31,3217.82,ETH
2026-01-06 08:35:50+00:00,2026-01-06 08:42:15.324778+00:00,350.0,3217.611,3217.32,3217.82,ETH
2026-01-06 08:35:51+00:00,2026-01-06 08:42:16.363758+00:00,351.0,3217.611,3217.31,3217.88,ETH
2026-01-06 08:35:52+00:00,2026-01-06 08:42:17.362026+00:00,352.0,3217.601,3217.34,3217.79,ETH
2026-01-06 08:35:53+00:00,2026-01-06 08:42:18.378949+00:00,353.0,3217.591,3217.33,3217.8,ETH
2026-01-06 08:35:54+00:00,2026-01-06 08:42:19.375387+00:00,354.0,3217.591,3217.33,3217.81,ETH
2026-01-06 08:35:55+00:00,2026-01-06 08:42:20.377310+00:00,355.0,3217.591,3217.34,3217.84,ETH
2026-01-06 08:35:56+00:00,2026-01-06 08:42:21.392370+00:00,356.0,3217.581,3217.34,3217.83,ETH
2026-01-06 08:35:57+00:00,2026-01-06 08:42:22.385047+00:00,357.0,3217.581,3217.34,3217.82,ETH
2026-01-06 08:35:58+00:00,2026-01-06 08:42:23.391835+00:00,358.0,3217.581,3217.34,3217.81,ETH
2026-01-06 08:35:59+00:00,2026-01-06 08:42:24.399687+00:00,359.0,3217.581,3217.34,3217.8,ETH
2026-01-06 08:36:00+00:00,2026-01-06 08:42:25.430387+00:00,360.0,3217.581,3217.34,3217.83,ETH
2026-01-06 08:36:01+00:00,2026-01-06 08:42:26.423895+00:00,361.0,3217.571,3217.34,3217.68,ETH
2026-01-06 08:36:02+00:00,2026-01-06 08:42:27.428421+00:00,362.0,3217.571,3217.34,3217.77,ETH
2026-01-06 08:36:03+00:00,2026-01-06 08:42:28.441806+00:00,363.0,3216.951,3216.76,3217.09,ETH
2026-01-06 08:36:04+00:00,2026-01-06 08:42:29.439872+00:00,364.0,3216.751,3216.63,3216.98,ETH
2026-01-06 08:36:05+00:00,2026-01-06 08:42:30.441639+00:00,365.0,3216.751,3216.63,3217.0,ETH
2026-01-06 08:36:06+00:00,2026-01-06 08:42:31.444956+00:00,366.0,3216.751,3216.66,3216.79,ETH
2026-01-06 08:36:07+00:00,2026-01-06 08:42:32.439988+00:00,367.0,3216.751,3216.67,3216.87,ETH
2026-01-06 08:36:08+00:00,2026-01-06 08:42:33.448430+00:00,368.0,3216.751,3216.68,3216.89,ETH
2026-01-06 08:36:09+00:00,2026-01-06 08:42:34.457693+00:00,369.0,3216.901,3216.75,3217.05,ETH
2026-01-06 08:36:10+00:00,2026-01-06 08:42:35.460717+00:00,370.0,3217.011,3216.75,3217.11,ETH
2026-01-06 08:36:11+00:00,2026-01-06 08:42:36.462348+00:00,371.0,3216.901,3216.77,3217.0,ETH
2026-01-06 08:36:12+00:00,2026-01-06 08:42:37.460884+00:00,372.0,3216.911,3216.77,3217.0,ETH
2026-01-06 08:36:13+00:00,2026-01-06 08:42:38.458924+00:00,373.0,3216.941,3216.77,3217.25,ETH
2026-01-06 08:36:14+00:00,2026-01-06 08:42:39.462120+00:00,374.0,3217.341,3217.1,3217.42,ETH
2026-01-06 08:36:15+00:00,2026-01-06 08:42:40.477139+00:00,375.0,3217.371,3217.18,3217.56,ETH
2026-01-06 08:36:16+00:00,2026-01-06 08:42:41.460741+00:00,376.0,3217.451,3217.18,3217.57,ETH
2026-01-06 08:36:17+00:00,2026-01-06 08:42:42.462224+00:00,377.0,3217.521,3217.24,3217.59,ETH
2026-01-06 08:36:18+00:00,2026-01-06 08:42:43.450521+00:00,378.0,3217.521,3217.25,3217.56,ETH
2026-01-06 08:36:19+00:00,2026-01-06 08:42:44.460187+00:00,379.0,3217.521,3217.25,3217.6,ETH
2026-01-06 08:36:20+00:00,2026-01-06 08:42:45.468294+00:00,380.0,3217.521,3217.25,3217.61,ETH
2026-01-06 08:36:21+00:00,2026-01-06 08:42:46.478690+00:00,381.0,3217.461,3217.25,3217.54,ETH
2026-01-06 08:36:22+00:00,2026-01-06 08:42:47.477223+00:00,382.0,3217.191,3217.09,3217.22,ETH
2026-01-06 08:36:23+00:00,2026-01-06 08:42:48.510532+00:00,383.0,3217.061,3216.93,3217.31,ETH
2026-01-06 08:36:24+00:00,2026-01-06 08:42:49.525534+00:00,384.0,3217.051,3216.95,3217.29,ETH
2026-01-06 08:36:25+00:00,2026-01-06 08:42:50.548409+00:00,385.0,3217.051,3216.95,3217.28,ETH
2026-01-06 08:36:26+00:00,2026-01-06 08:42:51.547948+00:00,386.0,3217.051,3216.95,3217.32,ETH
2026-01-06 08:36:27+00:00,2026-01-06 08:42:52.560963+00:00,387.0,3217.061,3216.95,3217.26,ETH
2026-01-06 08:36:28+00:00,2026-01-06 08:42:53.575651+00:00,388.0,3217.071,3216.97,3217.25,ETH
2026-01-06 08:36:29+00:00,2026-01-06 08:42:54.591341+00:00,389.0,3217.071,3216.95,3217.25,ETH
2026-01-06 08:36:30+00:00,2026-01-06 08:42:55.589428+00:00,390.0,3217.071,3216.95,3217.3,ETH
2026-01-06 08:36:31+00:00,2026-01-06 08:42:56.588593+00:00,391.0,3217.071,3216.95,3217.27,ETH
2026-01-06 08:36:32+00:00,2026-01-06 08:42:58.588217+00:00,392.0,3216.831,3216.77,3216.96,ETH
2026-01-06 08:36:33+00:00,2026-01-06 08:42:59.590508+00:00,393.0,3216.701,3216.68,3216.87,ETH
2026-01-06 08:36:34+00:00,2026-01-06 08:43:00.597709+00:00,394.0,3216.621,3216.55,3216.74,ETH
2026-01-06 08:36:35+00:00,2026-01-06 08:43:01.619133+00:00,395.0,3216.631,3216.5,3216.77,ETH
2026-01-06 08:36:36+00:00,2026-01-06 08:43:02.631374+00:00,396.0,3216.651,3216.52,3216.78,ETH
2026-01-06 08:36:37+00:00,2026-01-06 08:43:03.626398+00:00,397.0,3216.651,3216.52,3216.79,ETH
2026-01-06 08:36:38+00:00,2026-01-06 08:43:04.649647+00:00,398.0,3216.661,3216.52,3216.84,ETH
2026-01-06 08:36:39+00:00,2026-01-06 08:43:05.655427+00:00,399.0,3216.661,3216.52,3216.77,ETH
2026-01-06 08:36:40+00:00,2026-01-06 08:43:06.661285+00:00,400.0,3216.661,3216.52,3216.77,ETH
2026-01-06 08:36:41+00:00,2026-01-06 08:43:07.661855+00:00,401.0,3216.651,3216.52,3216.82,ETH
2026-01-06 08:36:42+00:00,2026-01-06 08:43:08.645847+00:00,402.0,3216.651,3216.52,3216.79,ETH
2026-01-06 08:36:43+00:00,2026-01-06 08:43:09.658982+00:00,403.0,3216.661,3216.54,3216.8,ETH
2026-01-06 08:36:45+00:00,2026-01-06 08:43:10.722680+00:00,405.0,3216.661,3216.57,3216.87,ETH
2026-01-06 08:36:46+00:00,2026-01-06 08:43:11.726449+00:00,406.0,3216.661,3216.57,3216.71,ETH
2026-01-06 08:36:47+00:00,2026-01-06 08:43:12.736703+00:00,407.0,3216.661,3216.57,3216.69,ETH
2026-01-06 08:36:48+00:00,2026-01-06 08:43:13.747084+00:00,408.0,3216.641,3216.49,3216.81,ETH
2026-01-06 08:36:49+00:00,2026-01-06 08:43:14.748977+00:00,409.0,3216.941,3216.72,3217.03,ETH
2026-01-06 08:36:50+00:00,2026-01-06 08:43:15.756245+00:00,410.0,3216.901,3216.75,3217.02,ETH
2026-01-06 08:36:51+00:00,2026-01-06 08:43:16.760920+00:00,411.0,3217.001,3216.77,3217.12,ETH
2026-01-06 08:36:52+00:00,2026-01-06 08:43:17.795572+00:00,412.0,3217.031,3216.79,3217.17,ETH
2026-01-06 08:36:53+00:00,2026-01-06 08:43:18.791139+00:00,413.0,3217.251,3217.01,3217.31,ETH
2026-01-06 08:36:54+00:00,2026-01-06 08:43:19.795774+00:00,414.0,3217.251,3217.07,3217.38,ETH
2026-01-06 08:36:55+00:00,2026-01-06 08:43:20.845367+00:00,415.0,3217.251,3217.07,3217.46,ETH
2026-01-06 08:36:56+00:00,2026-01-06 08:43:22.851358+00:00,416.0,3217.251,3217.07,3217.48,ETH
2026-01-06 08:36:57+00:00,2026-01-06 08:43:23.875018+00:00,417.0,3217.251,3217.07,3217.48,ETH
2026-01-06 08:36:58+00:00,2026-01-06 08:43:24.876826+00:00,418.0,3217.251,3217.07,3217.47,ETH
2026-01-06 08:36:59+00:00,2026-01-06 08:43:25.880230+00:00,419.0,3217.251,3217.07,3217.44,ETH
2026-01-06 08:37:00+00:00,2026-01-06 08:43:26.901435+00:00,420.0,3217.251,3217.07,3217.43,ETH
2026-01-06 08:37:01+00:00,2026-01-06 08:43:27.907415+00:00,421.0,3217.251,3217.07,3217.42,ETH
2026-01-06 08:37:02+00:00,2026-01-06 08:43:28.915776+00:00,422.0,3217.251,3217.06,3217.43,ETH
2026-01-06 08:37:03+00:00,2026-01-06 08:43:29.909436+00:00,423.0,3217.251,3217.07,3217.46,ETH
2026-01-06 08:37:04+00:00,2026-01-06 08:43:30.921660+00:00,424.0,3217.251,3217.08,3217.46,ETH
2026-01-06 08:37:05+00:00,2026-01-06 08:43:31.927393+00:00,425.0,3217.251,3217.08,3217.46,ETH
2026-01-06 08:37:06+00:00,2026-01-06 08:43:32.925649+00:00,426.0,3217.251,3217.08,3217.41,ETH
2026-01-06 08:37:07+00:00,2026-01-06 08:43:33.923181+00:00,427.0,3217.171,3217.08,3217.36,ETH
2026-01-06 08:37:08+00:00,2026-01-06 08:43:34.941883+00:00,428.0,3217.101,3217.05,3217.35,ETH
2026-01-06 08:37:09+00:00,2026-01-06 08:43:35.940309+00:00,429.0,3217.111,3217.03,3217.37,ETH
2026-01-06 08:37:10+00:00,2026-01-06 08:43:36.944200+00:00,430.0,3217.111,3217.04,3217.39,ETH
2026-01-06 08:37:11+00:00,2026-01-06 08:43:37.931712+00:00,431.0,3217.111,3217.04,3217.35,ETH
2026-01-06 08:37:12+00:00,2026-01-06 08:43:38.940008+00:00,432.0,3217.161,3217.04,3217.37,ETH
2026-01-06 08:37:13+00:00,2026-01-06 08:43:39.961114+00:00,433.0,3217.221,3217.05,3217.4,ETH
2026-01-06 08:37:14+00:00,2026-01-06 08:43:40.973980+00:00,434.0,3217.221,3217.05,3217.39,ETH
2026-01-06 08:37:15+00:00,2026-01-06 08:43:41.973714+00:00,435.0,3217.221,3217.05,3217.4,ETH
2026-01-06 08:37:16+00:00,2026-01-06 08:43:42.957958+00:00,436.0,3217.221,3217.06,3217.39,ETH
2026-01-06 08:37:17+00:00,2026-01-06 08:43:43.961240+00:00,437.0,3217.221,3217.06,3217.39,ETH
2026-01-06 08:37:18+00:00,2026-01-06 08:43:44.956719+00:00,438.0,3217.221,3217.07,3217.35,ETH
2026-01-06 08:37:19+00:00,2026-01-06 08:43:45.960110+00:00,439.0,3217.221,3217.06,3217.37,ETH
2026-01-06 08:37:20+00:00,2026-01-06 08:43:46.962790+00:00,440.0,3217.261,3217.07,3217.45,ETH
2026-01-06 08:37:21+00:00,2026-01-06 08:43:47.987893+00:00,441.0,3217.311,3217.08,3217.48,ETH
2026-01-06 08:37:22+00:00,2026-01-06 08:43:48.994358+00:00,442.0,3217.461,3217.25,3217.61,ETH
2026-01-06 08:37:23+00:00,2026-01-06 08:43:50.035280+00:00,443.0,3217.511,3217.25,3217.56,ETH
2026-01-06 08:37:24+00:00,2026-01-06 08:43:51.042282+00:00,444.0,3217.751,3217.55,3217.93,ETH
2026-01-06 08:37:25+00:00,2026-01-06 08:43:52.043828+00:00,445.0,3217.771,3217.71,3218.14,ETH
2026-01-06 08:37:26+00:00,2026-01-06 08:43:53.057753+00:00,446.0,3217.911,3217.73,3218.18,ETH
2026-01-06 08:37:27+00:00,2026-01-06 08:43:54.075130+00:00,447.0,3217.901,3217.74,3217.94,ETH
2026-01-06 08:37:28+00:00,2026-01-06 08:43:55.074153+00:00,448.0,3217.771,3217.74,3217.94,ETH
2026-01-06 08:37:29+00:00,2026-01-06 08:43:56.081525+00:00,449.0,3217.771,3217.64,3217.94,ETH
2026-01-06 08:37:30+00:00,2026-01-06 08:43:57.093100+00:00,450.0,3217.771,3217.64,3217.93,ETH
2026-01-06 08:37:31+00:00,2026-01-06 08:43:58.103600+00:00,451.0,3217.771,3217.64,3217.92,ETH
2026-01-06 08:37:32+00:00,2026-01-06 08:43:59.107144+00:00,452.0,3217.771,3217.64,3217.92,ETH
2026-01-06 08:37:33+00:00,2026-01-06 08:44:00.113292+00:00,453.0,3217.771,3217.64,3217.84,ETH
2026-01-06 08:37:34+00:00,2026-01-06 08:44:01.356051+00:00,454.0,3217.771,3217.64,3217.92,ETH
2026-01-06 08:37:35+00:00,2026-01-06 08:44:02.364850+00:00,455.0,3217.771,3217.64,3217.91,ETH
2026-01-06 08:37:36+00:00,2026-01-06 08:44:03.364262+00:00,456.0,3217.771,3217.64,3217.91,ETH
2026-01-06 08:37:37+00:00,2026-01-06 08:44:04.360368+00:00,457.0,3217.771,3217.64,3217.9,ETH
2026-01-06 08:37:38+00:00,2026-01-06 08:44:05.372789+00:00,458.0,3217.771,3217.64,3217.89,ETH
2026-01-06 08:37:39+00:00,2026-01-06 08:44:06.389037+00:00,459.0,3217.771,3217.63,3217.89,ETH
2026-01-06 08:37:40+00:00,2026-01-06 08:44:07.392224+00:00,460.0,3217.771,3217.63,3217.9,ETH
2026-01-06 08:37:41+00:00,2026-01-06 08:44:08.392952+00:00,461.0,3217.781,3217.63,3217.91,ETH
2026-01-06 08:37:42+00:00,2026-01-06 08:44:09.396783+00:00,462.0,3217.781,3217.63,3217.9,ETH
2026-01-06 08:37:43+00:00,2026-01-06 08:44:10.396750+00:00,463.0,3217.701,3217.58,3217.88,ETH
2026-01-06 08:37:44+00:00,2026-01-06 08:44:11.395011+00:00,464.0,3217.631,3217.52,3217.88,ETH
2026-01-06 08:37:45+00:00,2026-01-06 08:44:12.406250+00:00,465.0,3217.661,3217.6,3217.89,ETH
2026-01-06 08:37:46+00:00,2026-01-06 08:44:13.406232+00:00,466.0,3217.681,3217.61,3217.88,ETH
2026-01-06 08:37:47+00:00,2026-01-06 08:44:14.420986+00:00,467.0,3217.721,3217.61,3217.79,ETH
2026-01-06 08:37:48+00:00,2026-01-06 08:44:15.423785+00:00,468.0,3217.721,3217.61,3217.78,ETH
2026-01-06 08:37:49+00:00,2026-01-06 08:44:16.427240+00:00,469.0,3217.721,3217.62,3217.77,ETH
2026-01-06 08:37:50+00:00,2026-01-06 08:44:17.425402+00:00,470.0,3217.701,3217.64,3217.78,ETH
2026-01-06 08:37:51+00:00,2026-01-06 08:44:18.423051+00:00,471.0,3217.711,3217.64,3217.78,ETH
2026-01-06 08:37:52+00:00,2026-01-06 08:44:19.429433+00:00,472.0,3217.711,3217.65,3217.78,ETH
2026-01-06 08:37:53+00:00,2026-01-06 08:44:20.442901+00:00,473.0,3217.711,3217.65,3217.78,ETH
2026-01-06 08:37:54+00:00,2026-01-06 08:44:21.437538+00:00,474.0,3217.711,3217.66,3217.78,ETH
2026-01-06 08:37:55+00:00,2026-01-06 08:44:22.454151+00:00,475.0,3217.711,3217.66,3217.78,ETH
2026-01-06 08:37:56+00:00,2026-01-06 08:44:23.458562+00:00,476.0,3217.631,3217.58,3217.67,ETH
2026-01-06 08:37:57+00:00,2026-01-06 08:44:24.475979+00:00,477.0,3217.671,3217.62,3217.7,ETH
2026-01-06 08:37:58+00:00,2026-01-06 08:44:25.490089+00:00,478.0,3217.671,3217.61,3217.7,ETH
2026-01-06 08:37:59+00:00,2026-01-06 08:44:26.489249+00:00,479.0,3217.631,3217.59,3217.68,ETH
2026-01-06 08:38:00+00:00,2026-01-06 08:44:27.487192+00:00,480.0,3217.641,3217.59,3217.68,ETH
2026-01-06 08:38:01+00:00,2026-01-06 08:44:28.502463+00:00,481.0,3217.461,3217.19,3217.5,ETH
2026-01-06 08:38:02+00:00,2026-01-06 08:44:29.504265+00:00,482.0,3217.521,3217.21,3217.59,ETH
2026-01-06 08:38:03+00:00,2026-01-06 08:44:30.506359+00:00,483.0,3217.461,3217.34,3217.54,ETH
2026-01-06 08:38:04+00:00,2026-01-06 08:44:31.518499+00:00,484.0,3217.461,3217.32,3217.56,ETH
2026-01-06 08:38:05+00:00,2026-01-06 08:44:32.517918+00:00,485.0,3217.461,3217.32,3217.52,ETH
2026-01-06 08:38:06+00:00,2026-01-06 08:44:33.521982+00:00,486.0,3217.461,3217.32,3217.51,ETH
2026-01-06 08:38:07+00:00,2026-01-06 08:44:34.518163+00:00,487.0,3217.451,3217.32,3217.53,ETH
2026-01-06 08:38:08+00:00,2026-01-06 08:44:35.524420+00:00,488.0,3217.461,3217.33,3217.59,ETH
2026-01-06 08:38:09+00:00,2026-01-06 08:44:36.519895+00:00,489.0,3217.451,3217.38,3217.6,ETH
2026-01-06 08:38:10+00:00,2026-01-06 08:44:37.527450+00:00,490.0,3217.421,3217.38,3217.59,ETH
2026-01-06 08:38:11+00:00,2026-01-06 08:44:38.522021+00:00,491.0,3217.361,3217.34,3217.5,ETH
2026-01-06 08:38:12+00:00,2026-01-06 08:44:39.527682+00:00,492.0,3217.361,3217.25,3217.42,ETH
2026-01-06 08:38:13+00:00,2026-01-06 08:44:40.520832+00:00,493.0,3217.361,3217.25,3217.52,ETH
2026-01-06 08:38:14+00:00,2026-01-06 08:44:41.540746+00:00,494.0,3217.581,3217.27,3217.67,ETH
2026-01-06 08:38:15+00:00,2026-01-06 08:44:42.535958+00:00,495.0,3217.621,3217.47,3217.67,ETH
2026-01-06 08:38:16+00:00,2026-01-06 08:44:43.542002+00:00,496.0,3217.611,3217.48,3217.67,ETH
2026-01-06 08:38:17+00:00,2026-01-06 08:44:44.541360+00:00,497.0,3217.661,3217.47,3217.71,ETH
2026-01-06 08:38:18+00:00,2026-01-06 08:44:45.558058+00:00,498.0,3217.611,3217.47,3217.67,ETH
2026-01-06 08:38:19+00:00,2026-01-06 08:44:46.565507+00:00,499.0,3217.671,3217.47,3217.71,ETH
2026-01-06 08:38:20+00:00,2026-01-06 08:44:47.569867+00:00,500.0,3217.591,3217.49,3217.67,ETH
2026-01-06 08:38:21+00:00,2026-01-06 08:44:48.588274+00:00,501.0,3217.661,3217.49,3217.8,ETH
2026-01-06 08:38:22+00:00,2026-01-06 08:44:49.586716+00:00,502.0,3217.671,3217.48,3217.78,ETH
2026-01-06 08:38:23+00:00,2026-01-06 08:44:50.572887+00:00,503.0,3217.491,3217.43,3217.53,ETH
2026-01-06 08:38:24+00:00,2026-01-06 08:44:51.584867+00:00,504.0,3217.401,3217.37,3217.49,ETH
2026-01-06 08:38:25+00:00,2026-01-06 08:44:52.586226+00:00,505.0,3217.401,3217.36,3217.44,ETH
2026-01-06 08:38:26+00:00,2026-01-06 08:44:53.589663+00:00,506.0,3217.381,3217.35,3217.42,ETH
2026-01-06 08:38:27+00:00,2026-01-06 08:44:54.586342+00:00,507.0,3217.361,3217.32,3217.41,ETH
2026-01-06 08:38:28+00:00,2026-01-06 08:44:55.586722+00:00,508.0,3217.331,3217.27,3217.37,ETH
2026-01-06 08:38:29+00:00,2026-01-06 08:44:56.582075+00:00,509.0,3217.291,3217.23,3217.37,ETH
2026-01-06 08:38:30+00:00,2026-01-06 08:44:57.603568+00:00,510.0,3217.281,3217.23,3217.37,ETH
2026-01-06 08:38:31+00:00,2026-01-06 08:44:58.605078+00:00,511.0,3217.331,3217.24,3217.37,ETH
2026-01-06 08:38:32+00:00,2026-01-06 08:44:59.609739+00:00,512.0,3217.371,3217.22,3217.47,ETH
2026-01-06 08:38:33+00:00,2026-01-06 08:45:01.620501+00:00,513.0,3217.381,3217.2,3217.47,ETH
2026-01-06 08:38:34+00:00,2026-01-06 08:45:02.639049+00:00,514.0,3217.091,3216.97,3217.32,ETH
2026-01-06 08:38:35+00:00,2026-01-06 08:45:03.656634+00:00,515.0,3216.801,3216.75,3217.15,ETH
2026-01-06 08:38:36+00:00,2026-01-06 08:45:04.654658+00:00,516.0,3216.781,3216.74,3217.06,ETH
2026-01-06 08:38:37+00:00,2026-01-06 08:45:05.659789+00:00,517.0,3216.761,3216.72,3216.98,ETH
2026-01-06 08:38:38+00:00,2026-01-06 08:45:06.671659+00:00,518.0,3216.761,3216.71,3216.97,ETH
2026-01-06 08:38:39+00:00,2026-01-06 08:45:07.682858+00:00,519.0,3216.761,3216.7,3216.97,ETH
2026-01-06 08:38:41+00:00,2026-01-06 08:45:08.756701+00:00,521.0,3216.761,3216.7,3216.95,ETH
2026-01-06 08:38:42+00:00,2026-01-06 08:45:09.770498+00:00,522.0,3216.761,3216.7,3216.92,ETH
2026-01-06 08:38:43+00:00,2026-01-06 08:45:10.735176+00:00,523.0,3216.531,3216.46,3216.57,ETH
2026-01-06 08:38:44+00:00,2026-01-06 08:45:11.742948+00:00,524.0,3216.331,3216.28,3216.46,ETH
2026-01-06 08:38:45+00:00,2026-01-06 08:45:12.741968+00:00,525.0,3216.421,3216.31,3216.43,ETH
2026-01-06 08:38:46+00:00,2026-01-06 08:45:13.745697+00:00,526.0,3216.421,3216.31,3216.43,ETH
2026-01-06 08:38:47+00:00,2026-01-06 08:45:14.765881+00:00,527.0,3216.421,3216.34,3216.43,ETH
2026-01-06 08:38:48+00:00,2026-01-06 08:45:15.769151+00:00,528.0,3216.421,3216.32,3216.43,ETH
2026-01-06 08:38:49+00:00,2026-01-06 08:45:16.770098+00:00,529.0,3216.421,3216.28,3216.43,ETH
2026-01-06 08:38:50+00:00,2026-01-06 08:45:17.770171+00:00,530.0,3216.221,3216.17,3216.26,ETH
2026-01-06 08:38:51+00:00,2026-01-06 08:45:18.773287+00:00,531.0,3216.171,3216.15,3216.35,ETH
2026-01-06 08:38:52+00:00,2026-01-06 08:45:19.807040+00:00,532.0,3216.331,3216.15,3216.48,ETH
2026-01-06 08:38:53+00:00,2026-01-06 08:45:20.809374+00:00,533.0,3216.331,3216.15,3216.51,ETH
2026-01-06 08:38:54+00:00,2026-01-06 08:45:21.807147+00:00,534.0,3216.331,3216.15,3216.53,ETH
2026-01-06 08:38:55+00:00,2026-01-06 08:45:22.805200+00:00,535.0,3216.331,3216.15,3216.56,ETH
2026-01-06 08:38:56+00:00,2026-01-06 08:45:23.799301+00:00,536.0,3216.331,3216.15,3216.55,ETH
2026-01-06 08:38:57+00:00,2026-01-06 08:45:24.803519+00:00,537.0,3216.331,3216.15,3216.45,ETH
2026-01-06 08:38:58+00:00,2026-01-06 08:45:26.835478+00:00,538.0,3216.251,3216.15,3216.5,ETH
2026-01-06 08:38:59+00:00,2026-01-06 08:45:27.834589+00:00,539.0,3216.231,3216.15,3216.38,ETH
2026-01-06 08:39:00+00:00,2026-01-06 08:45:28.825745+00:00,540.0,3216.211,3216.15,3216.25,ETH
2026-01-06 08:39:01+00:00,2026-01-06 08:45:29.851082+00:00,541.0,3215.991,3215.89,3216.03,ETH
2026-01-06 08:39:02+00:00,2026-01-06 08:45:30.854416+00:00,542.0,3215.571,3215.44,3215.7,ETH
2026-01-06 08:39:03+00:00,2026-01-06 08:45:31.869786+00:00,543.0,3215.321,3215.25,3215.57,ETH
2026-01-06 08:39:04+00:00,2026-01-06 08:45:32.873037+00:00,544.0,3215.261,3215.25,3215.59,ETH
2026-01-06 08:39:05+00:00,2026-01-06 08:45:33.887385+00:00,545.0,3215.251,3215.25,3215.58,ETH
2026-01-06 08:39:06+00:00,2026-01-06 08:45:34.885253+00:00,546.0,3215.251,3215.25,3215.53,ETH
2026-01-06 08:39:07+00:00,2026-01-06 08:45:35.902968+00:00,547.0,3215.251,3215.25,3215.52,ETH
2026-01-06 08:39:08+00:00,2026-01-06 08:45:36.909379+00:00,548.0,3215.251,3215.25,3215.52,ETH
2026-01-06 08:39:09+00:00,2026-01-06 08:45:37.904239+00:00,549.0,3215.321,3215.29,3215.55,ETH
2026-01-06 08:39:10+00:00,2026-01-06 08:45:38.918846+00:00,550.0,3215.521,3215.4,3215.69,ETH
2026-01-06 08:39:11+00:00,2026-01-06 08:45:39.917695+00:00,551.0,3215.721,3215.53,3215.8,ETH
2026-01-06 08:39:12+00:00,2026-01-06 08:45:40.937076+00:00,552.0,3215.781,3215.57,3215.8,ETH
2026-01-06 08:39:13+00:00,2026-01-06 08:45:41.950403+00:00,553.0,3215.791,3215.58,3215.88,ETH
2026-01-06 08:39:14+00:00,2026-01-06 08:45:42.970200+00:00,554.0,3215.801,3215.58,3215.93,ETH
2026-01-06 08:39:15+00:00,2026-01-06 08:45:43.974007+00:00,555.0,3215.791,3215.64,3215.99,ETH
2026-01-06 08:39:16+00:00,2026-01-06 08:45:44.971310+00:00,556.0,3215.771,3215.6,3215.99,ETH
2026-01-06 08:39:17+00:00,2026-01-06 08:45:45.974256+00:00,557.0,3215.601,3215.44,3215.8,ETH
2026-01-06 08:39:18+00:00,2026-01-06 08:45:46.982827+00:00,558.0,3215.501,3215.45,3215.68,ETH
2026-01-06 08:39:19+00:00,2026-01-06 08:45:48.008155+00:00,559.0,3215.591,3215.52,3215.68,ETH
2026-01-06 08:39:20+00:00,2026-01-06 08:45:49.005118+00:00,560.0,3215.681,3215.56,3215.73,ETH
2026-01-06 08:39:21+00:00,2026-01-06 08:45:50.001762+00:00,561.0,3215.731,3215.6,3215.8,ETH
2026-01-06 08:39:22+00:00,2026-01-06 08:45:51.023313+00:00,562.0,3215.731,3215.6,3215.81,ETH
2026-01-06 08:39:23+00:00,2026-01-06 08:45:52.034181+00:00,563.0,3215.721,3215.58,3215.82,ETH
2026-01-06 08:39:24+00:00,2026-01-06 08:45:53.037389+00:00,564.0,3215.741,3215.59,3215.83,ETH
2026-01-06 08:39:25+00:00,2026-01-06 08:45:54.051723+00:00,565.0,3215.781,3215.65,3215.89,ETH
2026-01-06 08:39:26+00:00,2026-01-06 08:45:55.041175+00:00,566.0,3215.851,3215.69,3215.93,ETH
2026-01-06 08:39:27+00:00,2026-01-06 08:45:56.052773+00:00,567.0,3215.861,3215.7,3215.91,ETH
2026-01-06 08:39:28+00:00,2026-01-06 08:45:57.067880+00:00,568.0,3215.841,3215.71,3215.89,ETH
2026-01-06 08:39:29+00:00,2026-01-06 08:45:58.069825+00:00,569.0,3215.881,3215.72,3215.98,ETH
2026-01-06 08:39:30+00:00,2026-01-06 08:45:59.069998+00:00,570.0,3215.921,3215.76,3216.05,ETH
2026-01-06 08:39:31+00:00,2026-01-06 08:46:00.073605+00:00,571.0,3215.951,3215.8,3216.03,ETH
2026-01-06 08:39:32+00:00,2026-01-06 08:46:01.072089+00:00,572.0,3215.991,3215.81,3216.15,ETH
2026-01-06 08:39:33+00:00,2026-01-06 08:46:02.088772+00:00,573.0,3215.991,3215.8,3216.24,ETH
2026-01-06 08:39:34+00:00,2026-01-06 08:46:03.090248+00:00,574.0,3215.851,3215.72,3216.0,ETH
2026-01-06 08:39:35+00:00,2026-01-06 08:46:04.103610+00:00,575.0,3215.571,3215.51,3215.64,ETH
2026-01-06 08:39:36+00:00,2026-01-06 08:46:05.103026+00:00,576.0,3215.421,3215.34,3215.5,ETH
2026-01-06 08:39:37+00:00,2026-01-06 08:46:06.127283+00:00,577.0,3215.321,3215.27,3215.45,ETH
2026-01-06 08:39:38+00:00,2026-01-06 08:46:07.121556+00:00,578.0,3215.251,3215.24,3215.37,ETH
2026-01-06 08:39:39+00:00,2026-01-06 08:46:08.120954+00:00,579.0,3215.311,3215.27,3215.39,ETH
2026-01-06 08:39:40+00:00,2026-01-06 08:46:09.132270+00:00,580.0,3215.371,3215.3,3215.44,ETH
2026-01-06 08:39:41+00:00,2026-01-06 08:46:10.138266+00:00,581.0,3215.371,3215.3,3215.44,ETH
2026-01-06 08:39:42+00:00,2026-01-06 08:46:11.141874+00:00,582.0,3215.491,3215.42,3215.55,ETH
2026-01-06 08:39:43+00:00,2026-01-06 08:46:12.137153+00:00,583.0,3215.621,3215.53,3215.68,ETH
2026-01-06 08:39:44+00:00,2026-01-06 08:46:13.153481+00:00,584.0,3215.671,3215.53,3215.74,ETH
2026-01-06 08:39:45+00:00,2026-01-06 08:46:14.135272+00:00,585.0,3215.691,3215.54,3215.79,ETH
2026-01-06 08:39:46+00:00,2026-01-06 08:46:15.159158+00:00,586.0,3215.691,3215.54,3215.79,ETH
2026-01-06 08:39:47+00:00,2026-01-06 08:46:16.148021+00:00,587.0,3215.751,3215.63,3215.91,ETH
2026-01-06 08:39:48+00:00,2026-01-06 08:46:17.151201+00:00,588.0,3215.911,3215.78,3215.95,ETH
2026-01-06 08:39:49+00:00,2026-01-06 08:46:18.146796+00:00,589.0,3215.911,3215.78,3216.01,ETH
2026-01-06 08:39:50+00:00,2026-01-06 08:46:19.186802+00:00,590.0,3215.911,3215.78,3216.0,ETH
2026-01-06 08:39:51+00:00,2026-01-06 08:46:20.200766+00:00,591.0,3215.911,3215.78,3216.01,ETH
2026-01-06 08:39:52+00:00,2026-01-06 08:46:21.217217+00:00,592.0,3215.801,3215.71,3216.01,ETH
2026-01-06 08:39:53+00:00,2026-01-06 08:46:22.223354+00:00,593.0,3215.791,3215.68,3216.02,ETH
2026-01-06 08:39:54+00:00,2026-01-06 08:46:23.215773+00:00,594.0,3215.831,3215.71,3215.91,ETH
2026-01-06 08:39:55+00:00,2026-01-06 08:46:24.288728+00:00,595.0,3215.831,3215.71,3215.87,ETH
2026-01-06 08:39:56+00:00,2026-01-06 08:46:25.331846+00:00,596.0,3215.721,3215.67,3215.83,ETH
2026-01-06 08:39:57+00:00,2026-01-06 08:46:26.334468+00:00,597.0,3215.821,3215.67,3215.84,ETH
2026-01-06 08:39:58+00:00,2026-01-06 08:46:27.353016+00:00,598.0,3216.001,3215.84,3216.03,ETH
2026-01-06 08:39:59+00:00,2026-01-06 08:46:28.357790+00:00,599.0,3216.101,3216.01,3216.14,ETH
2026-01-06 08:40:00+00:00,2026-01-06 08:46:29.606035+00:00,600.0,3216.141,3216.02,3216.14,ETH
2026-01-06 08:40:01+00:00,2026-01-06 08:46:30.616589+00:00,601.0,3216.251,3216.16,3216.27,ETH
2026-01-06 08:40:02+00:00,2026-01-06 08:46:31.631889+00:00,602.0,3216.361,3216.29,3216.39,ETH
2026-01-06 08:40:03+00:00,2026-01-06 08:46:32.662223+00:00,603.0,3216.781,3216.61,3216.82,ETH
2026-01-06 08:40:04+00:00,2026-01-06 08:46:33.619766+00:00,604.0,3217.201,3217.05,3217.3,ETH
2026-01-06 08:40:05+00:00,2026-01-06 08:46:34.633181+00:00,605.0,3217.271,3217.2,3217.4,ETH
2026-01-06 08:40:06+00:00,2026-01-06 08:46:35.692129+00:00,606.0,3217.341,3217.24,3217.45,ETH
2026-01-06 08:40:07+00:00,2026-01-06 08:46:36.659448+00:00,607.0,3217.341,3217.24,3217.45,ETH
2026-01-06 08:40:08+00:00,2026-01-06 08:46:37.715552+00:00,608.0,3217.341,3217.24,3217.46,ETH
2026-01-06 08:40:09+00:00,2026-01-06 08:46:38.646355+00:00,609.0,3217.341,3217.24,3217.46,ETH
2026-01-06 08:40:10+00:00,2026-01-06 08:46:39.645138+00:00,610.0,3217.341,3217.24,3217.46,ETH
2026-01-06 08:40:11+00:00,2026-01-06 08:46:40.714380+00:00,611.0,3217.341,3217.24,3217.45,ETH
2026-01-06 08:40:12+00:00,2026-01-06 08:46:41.723189+00:00,612.0,3217.341,3217.24,3217.45,ETH
2026-01-06 08:40:13+00:00,2026-01-06 08:46:42.755979+00:00,613.0,3217.301,3217.23,3217.45,ETH
2026-01-06 08:40:14+00:00,2026-01-06 08:46:43.786746+00:00,614.0,3217.261,3217.23,3217.41,ETH
2026-01-06 08:40:15+00:00,2026-01-06 08:46:44.770169+00:00,615.0,3217.191,3217.16,3217.37,ETH
2026-01-06 08:40:16+00:00,2026-01-06 08:46:45.801301+00:00,616.0,3217.111,3217.09,3217.32,ETH
2026-01-06 08:40:17+00:00,2026-01-06 08:46:46.805523+00:00,617.0,3216.981,3216.95,3217.18,ETH
2026-01-06 08:40:18+00:00,2026-01-06 08:46:47.866532+00:00,618.0,3216.841,3216.72,3216.97,ETH
2026-01-06 08:40:19+00:00,2026-01-06 08:46:48.851213+00:00,619.0,3216.711,3216.61,3216.81,ETH
2026-01-06 08:40:20+00:00,2026-01-06 08:46:49.848800+00:00,620.0,3216.601,3216.6,3216.75,ETH
2026-01-06 08:40:21+00:00,2026-01-06 08:46:50.855311+00:00,621.0,3216.621,3216.6,3216.73,ETH
2026-01-06 08:40:22+00:00,2026-01-06 08:46:51.883058+00:00,622.0,3216.631,3216.61,3216.73,ETH
2026-01-06 08:40:23+00:00,2026-01-06 08:46:52.881164+00:00,623.0,3216.621,3216.61,3216.72,ETH
2026-01-06 08:40:24+00:00,2026-01-06 08:46:53.897715+00:00,624.0,3216.631,3216.61,3216.69,ETH
2026-01-06 08:40:25+00:00,2026-01-06 08:46:54.902339+00:00,625.0,3216.651,3216.61,3216.69,ETH
2026-01-06 08:40:26+00:00,2026-01-06 08:46:55.914466+00:00,626.0,3216.731,3216.65,3216.79,ETH
2026-01-06 08:40:27+00:00,2026-01-06 08:46:56.969280+00:00,627.0,3216.771,3216.68,3216.86,ETH
2026-01-06 08:40:28+00:00,2026-01-06 08:46:57.915417+00:00,628.0,3216.761,3216.69,3216.84,ETH
2026-01-06 08:40:29+00:00,2026-01-06 08:46:58.930650+00:00,629.0,3216.771,3216.69,3216.81,ETH
2026-01-06 08:40:30+00:00,2026-01-06 08:46:59.952372+00:00,630.0,3216.771,3216.71,3216.82,ETH
2026-01-06 08:40:31+00:00,2026-01-06 08:47:00.958791+00:00,631.0,3216.891,3216.74,3217.0,ETH
2026-01-06 08:40:32+00:00,2026-01-06 08:47:01.948790+00:00,632.0,3217.011,3216.86,3217.13,ETH
2026-01-06 08:40:33+00:00,2026-01-06 08:47:02.965239+00:00,633.0,3217.011,3216.91,3217.06,ETH
2026-01-06 08:40:34+00:00,2026-01-06 08:47:03.984062+00:00,634.0,3216.971,3216.85,3217.02,ETH
2026-01-06 08:40:35+00:00,2026-01-06 08:47:04.999573+00:00,635.0,3216.841,3216.82,3216.92,ETH
2026-01-06 08:40:36+00:00,2026-01-06 08:47:05.999510+00:00,636.0,3216.851,3216.81,3216.89,ETH
2026-01-06 08:40:37+00:00,2026-01-06 08:47:06.998579+00:00,637.0,3217.001,3216.91,3217.09,ETH
2026-01-06 08:40:38+00:00,2026-01-06 08:47:08.017239+00:00,638.0,3217.001,3216.93,3217.09,ETH
2026-01-06 08:40:39+00:00,2026-01-06 08:47:09.032245+00:00,639.0,3217.091,3217.02,3217.1,ETH
2026-01-06 08:40:40+00:00,2026-01-06 08:47:10.019041+00:00,640.0,3217.151,3217.06,3217.2,ETH
2026-01-06 08:40:41+00:00,2026-01-06 08:47:11.032021+00:00,641.0,3217.321,3217.23,3217.34,ETH
2026-01-06 08:40:42+00:00,2026-01-06 08:47:12.032609+00:00,642.0,3217.331,3217.3,3217.56,ETH
2026-01-06 08:40:43+00:00,2026-01-06 08:47:13.033182+00:00,643.0,3217.341,3217.32,3217.58,ETH
2026-01-06 08:40:44+00:00,2026-01-06 08:47:14.031758+00:00,644.0,3218.221,3218.02,3218.31,ETH
2026-01-06 08:40:45+00:00,2026-01-06 08:47:15.031710+00:00,645.0,3218.541,3218.37,3218.73,ETH
2026-01-06 08:40:46+00:00,2026-01-06 08:47:16.095127+00:00,646.0,3218.541,3218.41,3218.81,ETH
2026-01-06 08:40:47+00:00,2026-01-06 08:47:17.087343+00:00,647.0,3218.561,3218.41,3218.8,ETH
2026-01-06 08:40:48+00:00,2026-01-06 08:47:18.098822+00:00,648.0,3218.601,3218.43,3218.81,ETH
2026-01-06 08:40:49+00:00,2026-01-06 08:47:19.099903+00:00,649.0,3218.591,3218.43,3218.81,ETH
2026-01-06 08:40:50+00:00,2026-01-06 08:47:20.104228+00:00,650.0,3218.561,3218.43,3218.81,ETH
2026-01-06 08:40:51+00:00,2026-01-06 08:47:21.115340+00:00,651.0,3218.591,3218.43,3218.69,ETH
2026-01-06 08:40:52+00:00,2026-01-06 08:47:22.174968+00:00,652.0,3218.591,3218.43,3218.63,ETH
2026-01-06 08:40:53+00:00,2026-01-06 08:47:23.096361+00:00,653.0,3218.551,3218.43,3218.76,ETH
2026-01-06 08:40:54+00:00,2026-01-06 08:47:24.149250+00:00,654.0,3218.551,3218.43,3218.75,ETH
2026-01-06 08:40:55+00:00,2026-01-06 08:47:25.152233+00:00,655.0,3218.541,3218.43,3218.71,ETH
2026-01-06 08:40:56+00:00,2026-01-06 08:47:26.207640+00:00,656.0,3218.541,3218.41,3218.8,ETH
2026-01-06 08:40:57+00:00,2026-01-06 08:47:27.179469+00:00,657.0,3218.541,3218.39,3218.79,ETH
2026-01-06 08:40:58+00:00,2026-01-06 08:47:28.229384+00:00,658.0,3218.541,3218.36,3218.76,ETH
2026-01-06 08:40:59+00:00,2026-01-06 08:47:29.278114+00:00,659.0,3218.541,3218.36,3218.78,ETH
2026-01-06 08:41:00+00:00,2026-01-06 08:47:30.234895+00:00,660.0,3218.541,3218.36,3218.75,ETH
2026-01-06 08:41:01+00:00,2026-01-06 08:47:31.231184+00:00,661.0,3218.541,3218.35,3218.75,ETH
2026-01-06 08:41:02+00:00,2026-01-06 08:47:32.229938+00:00,662.0,3218.541,3218.35,3218.77,ETH
2026-01-06 08:41:03+00:00,2026-01-06 08:47:33.246239+00:00,663.0,3218.541,3218.35,3218.75,ETH
2026-01-06 08:41:04+00:00,2026-01-06 08:47:34.266076+00:00,664.0,3218.541,3218.35,3218.75,ETH
2026-01-06 08:41:05+00:00,2026-01-06 08:47:35.281645+00:00,665.0,3218.541,3218.35,3218.62,ETH
2026-01-06 08:41:06+00:00,2026-01-06 08:47:36.282887+00:00,666.0,3218.541,3218.36,3218.62,ETH
2026-01-06 08:41:07+00:00,2026-01-06 08:47:37.298473+00:00,667.0,3218.421,3218.28,3218.55,ETH
2026-01-06 08:41:08+00:00,2026-01-06 08:47:38.284471+00:00,668.0,3218.071,3217.87,3218.22,ETH
2026-01-06 08:41:09+00:00,2026-01-06 08:47:39.283792+00:00,669.0,3218.091,3217.87,3218.13,ETH
2026-01-06 08:41:10+00:00,2026-01-06 08:47:40.287406+00:00,670.0,3217.891,3217.86,3218.13,ETH
2026-01-06 08:41:11+00:00,2026-01-06 08:47:41.295088+00:00,671.0,3217.891,3217.86,3218.01,ETH
2026-01-06 08:41:12+00:00,2026-01-06 08:47:42.303142+00:00,672.0,3217.871,3217.86,3217.99,ETH
2026-01-06 08:41:13+00:00,2026-01-06 08:47:43.315604+00:00,673.0,3217.871,3217.86,3217.99,ETH
2026-01-06 08:41:14+00:00,2026-01-06 08:47:44.315650+00:00,674.0,3217.871,3217.87,3218.04,ETH
2026-01-06 08:41:15+00:00,2026-01-06 08:47:45.315649+00:00,675.0,3217.921,3217.87,3218.01,ETH
2026-01-06 08:41:16+00:00,2026-01-06 08:47:46.317217+00:00,676.0,3217.871,3217.85,3218.06,ETH
2026-01-06 08:41:17+00:00,2026-01-06 08:47:47.366391+00:00,677.0,3217.911,3217.8,3218.0,ETH
2026-01-06 08:41:18+00:00,2026-01-06 08:47:48.365362+00:00,678.0,3217.991,3217.85,3218.03,ETH
2026-01-06 08:41:19+00:00,2026-01-06 08:47:49.366864+00:00,679.0,3218.191,3217.91,3218.39,ETH
2026-01-06 08:41:20+00:00,2026-01-06 08:47:50.366626+00:00,680.0,3218.441,3218.22,3218.57,ETH
2026-01-06 08:41:21+00:00,2026-01-06 08:47:51.398543+00:00,681.0,3218.781,3218.67,3218.82,ETH
2026-01-06 08:41:22+00:00,2026-01-06 08:47:53.399883+00:00,682.0,3219.071,3218.85,3219.18,ETH
2026-01-06 08:41:23+00:00,2026-01-06 08:47:54.402765+00:00,683.0,3219.161,3219.05,3219.23,ETH
2026-01-06 08:41:24+00:00,2026-01-06 08:47:55.400835+00:00,684.0,3219.251,3219.1,3219.45,ETH
2026-01-06 08:41:25+00:00,2026-01-06 08:47:56.416622+00:00,685.0,3219.281,3219.11,3219.47,ETH
2026-01-06 08:41:26+00:00,2026-01-06 08:47:57.444026+00:00,686.0,3219.201,3219.12,3219.36,ETH
2026-01-06 08:41:27+00:00,2026-01-06 08:47:58.453137+00:00,687.0,3219.151,3219.09,3219.41,ETH
2026-01-06 08:41:28+00:00,2026-01-06 08:47:59.433251+00:00,688.0,3219.191,3219.07,3219.44,ETH
2026-01-06 08:41:29+00:00,2026-01-06 08:48:00.454077+00:00,689.0,3219.191,3219.06,3219.49,ETH
2026-01-06 08:41:30+00:00,2026-01-06 08:48:01.512749+00:00,690.0,3219.191,3219.06,3219.42,ETH
2026-01-06 08:41:31+00:00,2026-01-06 08:48:02.512157+00:00,691.0,3219.181,3219.05,3219.32,ETH
2026-01-06 08:41:32+00:00,2026-01-06 08:48:03.519753+00:00,692.0,3219.181,3219.02,3219.35,ETH
2026-01-06 08:41:33+00:00,2026-01-06 08:48:04.532545+00:00,693.0,3219.161,3219.0,3219.29,ETH
2026-01-06 08:41:34+00:00,2026-01-06 08:48:05.529531+00:00,694.0,3219.231,3219.08,3219.3,ETH
2026-01-06 08:41:35+00:00,2026-01-06 08:48:06.533942+00:00,695.0,3219.381,3219.21,3219.42,ETH
2026-01-06 08:41:36+00:00,2026-01-06 08:48:07.549014+00:00,696.0,3219.381,3219.23,3219.44,ETH
2026-01-06 08:41:37+00:00,2026-01-06 08:48:08.558463+00:00,697.0,3219.281,3219.17,3219.45,ETH
2026-01-06 08:41:38+00:00,2026-01-06 08:48:09.570445+00:00,698.0,3219.191,3219.1,3219.46,ETH
2026-01-06 08:41:39+00:00,2026-01-06 08:48:10.577611+00:00,699.0,3219.081,3219.03,3219.37,ETH
2026-01-06 08:41:40+00:00,2026-01-06 08:48:11.585389+00:00,700.0,3219.011,3218.93,3219.26,ETH
2026-01-06 08:41:41+00:00,2026-01-06 08:48:12.599589+00:00,701.0,3219.001,3218.88,3219.24,ETH
2026-01-06 08:41:42+00:00,2026-01-06 08:48:13.597943+00:00,702.0,3219.211,3219.02,3219.37,ETH
2026-01-06 08:41:43+00:00,2026-01-06 08:48:14.598283+00:00,703.0,3219.421,3219.2,3219.47,ETH
2026-01-06 08:41:44+00:00,2026-01-06 08:48:15.614281+00:00,704.0,3219.431,3219.31,3219.53,ETH
2026-01-06 08:41:45+00:00,2026-01-06 08:48:16.627167+00:00,705.0,3219.431,3219.38,3219.63,ETH
2026-01-06 08:41:46+00:00,2026-01-06 08:48:17.625231+00:00,706.0,3219.431,3219.38,3219.63,ETH
2026-01-06 08:41:47+00:00,2026-01-06 08:48:18.644963+00:00,707.0,3219.431,3219.31,3219.51,ETH
2026-01-06 08:41:48+00:00,2026-01-06 08:48:19.649103+00:00,708.0,3219.171,3219.09,3219.42,ETH
2026-01-06 08:41:49+00:00,2026-01-06 08:48:20.651637+00:00,709.0,3219.151,3219.02,3219.4,ETH
2026-01-06 08:41:50+00:00,2026-01-06 08:48:21.665212+00:00,710.0,3219.151,3219.02,3219.4,ETH
2026-01-06 08:41:51+00:00,2026-01-06 08:48:22.728911+00:00,711.0,3219.151,3219.01,3219.39,ETH
2026-01-06 08:41:52+00:00,2026-01-06 08:48:23.701445+00:00,712.0,3219.151,3219.01,3219.39,ETH
2026-01-06 08:41:53+00:00,2026-01-06 08:48:24.717822+00:00,713.0,3219.081,3219.0,3219.27,ETH
2026-01-06 08:41:54+00:00,2026-01-06 08:48:25.736187+00:00,714.0,3218.991,3218.95,3219.08,ETH
2026-01-06 08:41:55+00:00,2026-01-06 08:48:26.735990+00:00,715.0,3218.981,3218.86,3219.03,ETH
2026-01-06 08:41:56+00:00,2026-01-06 08:48:27.737203+00:00,716.0,3218.991,3218.81,3219.11,ETH
2026-01-06 08:41:57+00:00,2026-01-06 08:48:28.748100+00:00,717.0,3218.841,3218.74,3218.96,ETH
2026-01-06 08:41:58+00:00,2026-01-06 08:48:29.749503+00:00,718.0,3218.681,3218.68,3218.81,ETH
2026-01-06 08:41:59+00:00,2026-01-06 08:48:30.760001+00:00,719.0,3218.681,3218.68,3218.83,ETH
2026-01-06 08:42:00+00:00,2026-01-06 08:48:31.780993+00:00,720.0,3218.731,3218.69,3218.98,ETH
2026-01-06 08:42:01+00:00,2026-01-06 08:48:32.795749+00:00,721.0,3218.971,3218.84,3219.15,ETH
2026-01-06 08:42:02+00:00,2026-01-06 08:48:33.812761+00:00,722.0,3219.191,3219.04,3219.24,ETH
2026-01-06 08:42:03+00:00,2026-01-06 08:48:35.213591+00:00,723.0,3219.221,3219.11,3219.3,ETH
2026-01-06 08:42:04+00:00,2026-01-06 08:48:35.826755+00:00,724.0,3219.211,3219.1,3219.29,ETH
2026-01-06 08:42:05+00:00,2026-01-06 08:48:37.165493+00:00,725.0,3219.221,3219.1,3219.3,ETH
2026-01-06 08:42:06+00:00,2026-01-06 08:48:38.139487+00:00,726.0,3219.241,3219.1,3219.3,ETH
2026-01-06 08:42:07+00:00,2026-01-06 08:48:39.147420+00:00,727.0,3219.211,3219.11,3219.41,ETH
2026-01-06 08:42:09+00:00,2026-01-06 08:48:40.247198+00:00,729.0,3219.171,3219.1,3219.54,ETH
2026-01-06 08:42:10+00:00,2026-01-06 08:48:42.220797+00:00,730.0,3219.251,3219.1,3219.43,ETH
2026-01-06 08:42:11+00:00,2026-01-06 08:48:43.232293+00:00,731.0,3219.271,3219.1,3219.46,ETH
2026-01-06 08:42:12+00:00,2026-01-06 08:48:44.211426+00:00,732.0,3219.251,3219.1,3219.37,ETH
2026-01-06 08:42:13+00:00,2026-01-06 08:48:45.220040+00:00,733.0,3219.261,3219.1,3219.37,ETH
2026-01-06 08:42:14+00:00,2026-01-06 08:48:46.231208+00:00,734.0,3219.291,3219.1,3219.46,ETH
2026-01-06 08:42:15+00:00,2026-01-06 08:48:47.248347+00:00,735.0,3219.341,3219.15,3219.46,ETH
2026-01-06 08:42:16+00:00,2026-01-06 08:48:48.228951+00:00,736.0,3219.381,3219.2,3219.47,ETH
2026-01-06 08:42:17+00:00,2026-01-06 08:48:49.248577+00:00,737.0,3219.381,3219.21,3219.5,ETH
2026-01-06 08:42:18+00:00,2026-01-06 08:48:50.264100+00:00,738.0,3219.441,3219.22,3219.52,ETH
2026-01-06 08:42:19+00:00,2026-01-06 08:48:51.278559+00:00,739.0,3219.431,3219.23,3219.46,ETH
2026-01-06 08:42:20+00:00,2026-01-06 08:48:52.274978+00:00,740.0,3219.431,3219.28,3219.52,ETH
2026-01-06 08:42:21+00:00,2026-01-06 08:48:53.277079+00:00,741.0,3219.501,3219.32,3219.63,ETH
2026-01-06 08:42:22+00:00,2026-01-06 08:48:54.295931+00:00,742.0,3219.541,3219.33,3219.64,ETH
2026-01-06 08:42:23+00:00,2026-01-06 08:48:55.298246+00:00,743.0,3219.581,3219.33,3219.64,ETH
2026-01-06 08:42:24+00:00,2026-01-06 08:48:56.328536+00:00,744.0,3219.571,3219.32,3219.61,ETH
2026-01-06 08:42:25+00:00,2026-01-06 08:48:57.327944+00:00,745.0,3219.461,3219.3,3219.52,ETH
2026-01-06 08:42:26+00:00,2026-01-06 08:48:58.333550+00:00,746.0,3219.381,3219.31,3219.53,ETH
2026-01-06 08:42:27+00:00,2026-01-06 08:48:59.354425+00:00,747.0,3219.381,3219.32,3219.58,ETH
2026-01-06 08:42:28+00:00,2026-01-06 08:49:00.360604+00:00,748.0,3219.381,3219.32,3219.51,ETH
2026-01-06 08:42:29+00:00,2026-01-06 08:49:01.361214+00:00,749.0,3219.371,3219.31,3219.46,ETH
2026-01-06 08:42:30+00:00,2026-01-06 08:49:02.362024+00:00,750.0,3219.371,3219.31,3219.56,ETH
2026-01-06 08:42:31+00:00,2026-01-06 08:49:03.363218+00:00,751.0,3219.371,3219.31,3219.6,ETH
2026-01-06 08:42:32+00:00,2026-01-06 08:49:04.360352+00:00,752.0,3219.371,3219.31,3219.56,ETH
2026-01-06 08:42:33+00:00,2026-01-06 08:49:05.375676+00:00,753.0,3219.401,3219.32,3219.56,ETH
2026-01-06 08:42:34+00:00,2026-01-06 08:49:06.396939+00:00,754.0,3219.421,3219.32,3219.56,ETH
2026-01-06 08:42:35+00:00,2026-01-06 08:49:07.400058+00:00,755.0,3219.431,3219.32,3219.54,ETH
2026-01-06 08:42:36+00:00,2026-01-06 08:49:08.412690+00:00,756.0,3219.461,3219.32,3219.55,ETH
2026-01-06 08:42:37+00:00,2026-01-06 08:49:09.407957+00:00,757.0,3219.471,3219.32,3219.55,ETH
2026-01-06 08:42:38+00:00,2026-01-06 08:49:10.416265+00:00,758.0,3219.461,3219.32,3219.49,ETH
2026-01-06 08:42:39+00:00,2026-01-06 08:49:11.429181+00:00,759.0,3219.451,3219.32,3219.48,ETH
2026-01-06 08:42:40+00:00,2026-01-06 08:49:12.440163+00:00,760.0,3219.421,3219.3,3219.5,ETH
2026-01-06 08:42:41+00:00,2026-01-06 08:49:13.445808+00:00,761.0,3219.351,3219.25,3219.47,ETH
2026-01-06 08:42:42+00:00,2026-01-06 08:49:14.457756+00:00,762.0,3219.321,3219.25,3219.4,ETH
2026-01-06 08:42:43+00:00,2026-01-06 08:49:15.460114+00:00,763.0,3219.401,3219.29,3219.45,ETH
2026-01-06 08:42:44+00:00,2026-01-06 08:49:16.459391+00:00,764.0,3219.441,3219.31,3219.48,ETH
2026-01-06 08:42:45+00:00,2026-01-06 08:49:17.460470+00:00,765.0,3219.451,3219.31,3219.48,ETH
2026-01-06 08:42:46+00:00,2026-01-06 08:49:18.460882+00:00,766.0,3219.471,3219.3,3219.58,ETH
2026-01-06 08:42:47+00:00,2026-01-06 08:49:19.462731+00:00,767.0,3219.481,3219.28,3219.65,ETH
2026-01-06 08:42:48+00:00,2026-01-06 08:49:20.466779+00:00,768.0,3219.431,3219.29,3219.62,ETH
2026-01-06 08:42:49+00:00,2026-01-06 08:49:21.460566+00:00,769.0,3219.381,3219.29,3219.56,ETH
2026-01-06 08:42:50+00:00,2026-01-06 08:49:22.467075+00:00,770.0,3219.381,3219.29,3219.47,ETH
2026-01-06 08:42:51+00:00,2026-01-06 08:49:23.460300+00:00,771.0,3219.381,3219.3,3219.48,ETH
2026-01-06 08:42:52+00:00,2026-01-06 08:49:24.479985+00:00,772.0,3219.371,3219.23,3219.52,ETH
2026-01-06 08:42:53+00:00,2026-01-06 08:49:25.481062+00:00,773.0,3219.491,3219.27,3219.66,ETH
2026-01-06 08:42:54+00:00,2026-01-06 08:49:26.495412+00:00,774.0,3219.621,3219.39,3219.8,ETH
2026-01-06 08:42:55+00:00,2026-01-06 08:49:27.501542+00:00,775.0,3219.621,3219.39,3219.8,ETH
2026-01-06 08:42:56+00:00,2026-01-06 08:49:28.497107+00:00,776.0,3219.621,3219.39,3219.8,ETH
2026-01-06 08:42:57+00:00,2026-01-06 08:49:29.499187+00:00,777.0,3219.621,3219.38,3219.81,ETH
2026-01-06 08:42:58+00:00,2026-01-06 08:49:30.497014+00:00,778.0,3219.621,3219.37,3219.83,ETH
2026-01-06 08:42:59+00:00,2026-01-06 08:49:31.507279+00:00,779.0,3219.621,3219.37,3219.83,ETH
2026-01-06 08:43:00+00:00,2026-01-06 08:49:32.511910+00:00,780.0,3219.621,3219.37,3219.78,ETH
2026-01-06 08:43:01+00:00,2026-01-06 08:49:33.513615+00:00,781.0,3219.591,3219.37,3219.63,ETH
2026-01-06 08:43:02+00:00,2026-01-06 08:49:34.526701+00:00,782.0,3219.581,3219.38,3219.63,ETH
2026-01-06 08:43:03+00:00,2026-01-06 08:49:35.543558+00:00,783.0,3219.571,3219.37,3219.63,ETH
2026-01-06 08:43:04+00:00,2026-01-06 08:49:36.558300+00:00,784.0,3219.541,3219.38,3219.63,ETH
2026-01-06 08:43:05+00:00,2026-01-06 08:49:37.560444+00:00,785.0,3219.511,3219.38,3219.63,ETH
2026-01-06 08:43:06+00:00,2026-01-06 08:49:38.562182+00:00,786.0,3219.511,3219.38,3219.63,ETH
2026-01-06 08:43:07+00:00,2026-01-06 08:49:39.556812+00:00,787.0,3219.521,3219.37,3219.62,ETH
2026-01-06 08:43:08+00:00,2026-01-06 08:49:40.563521+00:00,788.0,3219.521,3219.37,3219.62,ETH
2026-01-06 08:43:09+00:00,2026-01-06 08:49:41.561573+00:00,789.0,3219.501,3219.37,3219.62,ETH
2026-01-06 08:43:10+00:00,2026-01-06 08:49:42.592043+00:00,790.0,3219.581,3219.37,3219.62,ETH
2026-01-06 08:43:11+00:00,2026-01-06 08:49:43.595223+00:00,791.0,3219.571,3219.37,3219.62,ETH
2026-01-06 08:43:12+00:00,2026-01-06 08:49:44.596655+00:00,792.0,3219.511,3219.37,3219.62,ETH
2026-01-06 08:43:13+00:00,2026-01-06 08:49:45.612430+00:00,793.0,3219.511,3219.37,3219.62,ETH
2026-01-06 08:43:14+00:00,2026-01-06 08:49:46.607722+00:00,794.0,3219.621,3219.36,3219.66,ETH
2026-01-06 08:43:15+00:00,2026-01-06 08:49:47.612179+00:00,795.0,3219.611,3219.36,3219.67,ETH
2026-01-06 08:43:16+00:00,2026-01-06 08:49:48.638823+00:00,796.0,3219.611,3219.36,3219.65,ETH
2026-01-06 08:43:17+00:00,2026-01-06 08:49:49.641027+00:00,797.0,3219.611,3219.36,3219.67,ETH
2026-01-06 08:43:18+00:00,2026-01-06 08:49:50.643301+00:00,798.0,3219.611,3219.36,3219.66,ETH
2026-01-06 08:43:19+00:00,2026-01-06 08:49:51.641284+00:00,799.0,3219.611,3219.36,3219.71,ETH
2026-01-06 08:43:20+00:00,2026-01-06 08:49:52.660492+00:00,800.0,3219.611,3219.36,3219.66,ETH
2026-01-06 08:43:21+00:00,2026-01-06 08:49:53.661626+00:00,801.0,3219.611,3219.37,3219.67,ETH
2026-01-06 08:43:22+00:00,2026-01-06 08:49:54.751709+00:00,802.0,3219.611,3219.37,3219.67,ETH
2026-01-06 08:43:23+00:00,2026-01-06 08:49:55.750442+00:00,803.0,3219.611,3219.37,3219.69,ETH
2026-01-06 08:43:24+00:00,2026-01-06 08:49:56.759434+00:00,804.0,3219.611,3219.37,3219.69,ETH
2026-01-06 08:43:25+00:00,2026-01-06 08:49:57.743438+00:00,805.0,3219.621,3219.37,3219.7,ETH
2026-01-06 08:43:26+00:00,2026-01-06 08:49:58.777150+00:00,806.0,3219.621,3219.37,3219.73,ETH
2026-01-06 08:43:27+00:00,2026-01-06 08:49:59.790172+00:00,807.0,3219.621,3219.4,3219.72,ETH
2026-01-06 08:43:28+00:00,2026-01-06 08:50:00.793988+00:00,808.0,3219.621,3219.4,3219.69,ETH
2026-01-06 08:43:29+00:00,2026-01-06 08:50:01.805784+00:00,809.0,3219.621,3219.4,3219.7,ETH
2026-01-06 08:43:30+00:00,2026-01-06 08:50:02.813541+00:00,810.0,3219.621,3219.4,3219.69,ETH
2026-01-06 08:43:31+00:00,2026-01-06 08:50:03.815996+00:00,811.0,3219.581,3219.34,3219.68,ETH
2026-01-06 08:43:32+00:00,2026-01-06 08:50:04.828896+00:00,812.0,3219.221,3219.06,3219.26,ETH
2026-01-06 08:43:33+00:00,2026-01-06 08:50:05.832358+00:00,813.0,3219.081,3218.98,3219.36,ETH
2026-01-06 08:43:34+00:00,2026-01-06 08:50:06.827187+00:00,814.0,3219.081,3218.98,3219.35,ETH
2026-01-06 08:43:35+00:00,2026-01-06 08:50:07.845103+00:00,815.0,3219.041,3218.98,3219.33,ETH
2026-01-06 08:43:36+00:00,2026-01-06 08:50:08.862352+00:00,816.0,3219.041,3218.98,3219.25,ETH
2026-01-06 08:43:37+00:00,2026-01-06 08:50:09.828132+00:00,817.0,3218.991,3218.8,3219.06,ETH
2026-01-06 08:43:38+00:00,2026-01-06 08:50:10.844801+00:00,818.0,3218.981,3218.75,3219.1,ETH
2026-01-06 08:43:39+00:00,2026-01-06 08:50:11.848589+00:00,819.0,3218.881,3218.74,3218.98,ETH
2026-01-06 08:43:40+00:00,2026-01-06 08:50:12.863675+00:00,820.0,3218.971,3218.74,3219.0,ETH
2026-01-06 08:43:41+00:00,2026-01-06 08:50:13.855491+00:00,821.0,3218.871,3218.72,3218.99,ETH
2026-01-06 08:43:42+00:00,2026-01-06 08:50:14.891136+00:00,822.0,3218.821,3218.74,3218.99,ETH
2026-01-06 08:43:43+00:00,2026-01-06 08:50:15.874963+00:00,823.0,3218.881,3218.74,3218.99,ETH
2026-01-06 08:43:44+00:00,2026-01-06 08:50:16.897048+00:00,824.0,3218.661,3218.66,3218.89,ETH
2026-01-06 08:43:45+00:00,2026-01-06 08:50:17.893130+00:00,825.0,3218.661,3218.66,3218.89,ETH
2026-01-06 08:43:46+00:00,2026-01-06 08:50:18.896524+00:00,826.0,3218.661,3218.66,3218.83,ETH
2026-01-06 08:43:47+00:00,2026-01-06 08:50:19.896707+00:00,827.0,3218.661,3218.66,3218.85,ETH
2026-01-06 08:43:48+00:00,2026-01-06 08:50:20.890514+00:00,828.0,3218.691,3218.66,3219.04,ETH
2026-01-06 08:43:49+00:00,2026-01-06 08:50:21.897029+00:00,829.0,3218.711,3218.66,3219.08,ETH
2026-01-06 08:43:50+00:00,2026-01-06 08:50:22.892216+00:00,830.0,3218.721,3218.66,3219.07,ETH
2026-01-06 08:43:51+00:00,2026-01-06 08:50:23.894095+00:00,831.0,3218.721,3218.66,3219.25,ETH
2026-01-06 08:43:52+00:00,2026-01-06 08:50:24.892700+00:00,832.0,3218.731,3218.66,3219.3,ETH
2026-01-06 08:43:53+00:00,2026-01-06 08:50:25.894069+00:00,833.0,3218.711,3218.67,3219.21,ETH
2026-01-06 08:43:54+00:00,2026-01-06 08:50:26.890864+00:00,834.0,3218.711,3218.66,3219.22,ETH
2026-01-06 08:43:55+00:00,2026-01-06 08:50:27.906754+00:00,835.0,3218.721,3218.66,3219.3,ETH
2026-01-06 08:43:56+00:00,2026-01-06 08:50:28.931927+00:00,836.0,3218.711,3218.67,3219.22,ETH
2026-01-06 08:43:57+00:00,2026-01-06 08:50:29.926237+00:00,837.0,3218.671,3218.67,3219.23,ETH
2026-01-06 08:43:58+00:00,2026-01-06 08:50:30.926571+00:00,838.0,3218.701,3218.66,3219.28,ETH
2026-01-06 08:43:59+00:00,2026-01-06 08:50:31.940474+00:00,839.0,3218.731,3218.67,3219.01,ETH
2026-01-06 08:44:00+00:00,2026-01-06 08:50:32.940169+00:00,840.0,3218.731,3218.67,3218.93,ETH
2026-01-06 08:44:01+00:00,2026-01-06 08:50:33.956855+00:00,841.0,3218.951,3218.75,3218.99,ETH
2026-01-06 08:44:02+00:00,2026-01-06 08:50:34.975422+00:00,842.0,3219.181,3219.05,3219.44,ETH
2026-01-06 08:44:03+00:00,2026-01-06 08:50:35.977412+00:00,843.0,3219.191,3219.15,3219.22,ETH
2026-01-06 08:44:04+00:00,2026-01-06 08:50:36.973000+00:00,844.0,3219.171,3219.13,3219.2,ETH
2026-01-06 08:44:05+00:00,2026-01-06 08:50:37.970834+00:00,845.0,3219.171,3219.14,3219.29,ETH
2026-01-06 08:44:06+00:00,2026-01-06 08:50:38.984809+00:00,846.0,3219.271,3219.14,3219.3,ETH
2026-01-06 08:44:07+00:00,2026-01-06 08:50:39.975902+00:00,847.0,3219.561,3219.48,3219.91,ETH
2026-01-06 08:44:08+00:00,2026-01-06 08:50:40.989089+00:00,848.0,3219.671,3219.48,3220.05,ETH
2026-01-06 08:44:09+00:00,2026-01-06 08:50:41.992320+00:00,849.0,3219.701,3219.46,3219.92,ETH
2026-01-06 08:44:10+00:00,2026-01-06 08:50:43.037820+00:00,850.0,3219.461,3219.34,3219.68,ETH
2026-01-06 08:44:11+00:00,2026-01-06 08:50:45.060418+00:00,851.0,3219.461,3219.26,3219.74,ETH
2026-01-06 08:44:12+00:00,2026-01-06 08:50:46.058016+00:00,852.0,3219.461,3219.25,3219.66,ETH
2026-01-06 08:44:13+00:00,2026-01-06 08:50:47.055728+00:00,853.0,3219.461,3219.24,3219.64,ETH
2026-01-06 08:44:14+00:00,2026-01-06 08:50:48.058288+00:00,854.0,3219.461,3219.24,3219.63,ETH
2026-01-06 08:44:15+00:00,2026-01-06 08:50:49.072541+00:00,855.0,3219.461,3219.24,3219.65,ETH
2026-01-06 08:44:16+00:00,2026-01-06 08:50:50.090556+00:00,856.0,3219.461,3219.26,3219.67,ETH
2026-01-06 08:44:17+00:00,2026-01-06 08:50:51.107616+00:00,857.0,3219.461,3219.29,3219.66,ETH
2026-01-06 08:44:18+00:00,2026-01-06 08:50:52.114992+00:00,858.0,3219.491,3219.34,3219.64,ETH
2026-01-06 08:44:19+00:00,2026-01-06 08:50:53.112440+00:00,859.0,3219.551,3219.41,3219.62,ETH
2026-01-06 08:44:20+00:00,2026-01-06 08:50:54.110080+00:00,860.0,3219.551,3219.43,3219.76,ETH
2026-01-06 08:44:21+00:00,2026-01-06 08:50:55.108512+00:00,861.0,3219.511,3219.42,3219.91,ETH
2026-01-06 08:44:22+00:00,2026-01-06 08:50:56.123240+00:00,862.0,3219.501,3219.42,3219.82,ETH
2026-01-06 08:44:23+00:00,2026-01-06 08:50:57.141477+00:00,863.0,3219.491,3219.42,3219.8,ETH
2026-01-06 08:44:24+00:00,2026-01-06 08:50:58.157983+00:00,864.0,3219.491,3219.42,3219.88,ETH
2026-01-06 08:44:25+00:00,2026-01-06 08:50:59.159600+00:00,865.0,3219.481,3219.41,3219.89,ETH
2026-01-06 08:44:26+00:00,2026-01-06 08:51:00.152486+00:00,866.0,3219.481,3219.3,3219.7,ETH
2026-01-06 08:44:27+00:00,2026-01-06 08:51:01.154744+00:00,867.0,3219.341,3219.17,3219.49,ETH
2026-01-06 08:44:29+00:00,2026-01-06 08:51:02.237973+00:00,869.0,3219.191,3219.16,3219.52,ETH
2026-01-06 08:44:30+00:00,2026-01-06 08:51:03.237012+00:00,870.0,3219.141,3219.13,3219.41,ETH
2026-01-06 08:44:31+00:00,2026-01-06 08:51:04.251514+00:00,871.0,3219.081,3218.96,3219.15,ETH
2026-01-06 08:44:32+00:00,2026-01-06 08:51:05.250859+00:00,872.0,3219.081,3218.95,3219.16,ETH
2026-01-06 08:44:33+00:00,2026-01-06 08:51:06.267677+00:00,873.0,3218.991,3218.95,3219.19,ETH
2026-01-06 08:44:34+00:00,2026-01-06 08:51:08.250161+00:00,874.0,3219.031,3218.95,3219.17,ETH
2026-01-06 08:44:35+00:00,2026-01-06 08:51:09.259184+00:00,875.0,3218.991,3218.93,3219.17,ETH
2026-01-06 08:44:36+00:00,2026-01-06 08:51:10.272235+00:00,876.0,3218.991,3218.92,3219.17,ETH
2026-01-06 08:44:37+00:00,2026-01-06 08:51:11.290945+00:00,877.0,3218.991,3218.9,3219.21,ETH
2026-01-06 08:44:38+00:00,2026-01-06 08:51:12.308559+00:00,878.0,3218.991,3218.9,3219.18,ETH
2026-01-06 08:44:39+00:00,2026-01-06 08:51:13.319687+00:00,879.0,3218.991,3218.91,3219.12,ETH
2026-01-06 08:44:40+00:00,2026-01-06 08:51:14.325724+00:00,880.0,3218.991,3218.91,3219.13,ETH
2026-01-06 08:44:41+00:00,2026-01-06 08:51:15.344521+00:00,881.0,3219.011,3218.92,3219.17,ETH
2026-01-06 08:44:42+00:00,2026-01-06 08:51:16.342290+00:00,882.0,3219.011,3218.93,3219.14,ETH
2026-01-06 08:44:43+00:00,2026-01-06 08:51:17.346688+00:00,883.0,3219.011,3218.93,3219.08,ETH
2026-01-06 08:44:44+00:00,2026-01-06 08:51:18.354936+00:00,884.0,3219.001,3218.94,3219.06,ETH
2026-01-06 08:44:45+00:00,2026-01-06 08:51:19.356030+00:00,885.0,3219.001,3218.94,3219.06,ETH
2026-01-06 08:44:46+00:00,2026-01-06 08:51:20.363569+00:00,886.0,3219.001,3218.94,3219.06,ETH
2026-01-06 08:44:47+00:00,2026-01-06 08:51:21.375086+00:00,887.0,3219.001,3218.94,3219.05,ETH
2026-01-06 08:44:48+00:00,2026-01-06 08:51:22.378922+00:00,888.0,3218.821,3218.72,3218.88,ETH
2026-01-06 08:44:49+00:00,2026-01-06 08:51:23.401526+00:00,889.0,3218.601,3218.45,3218.64,ETH
2026-01-06 08:44:50+00:00,2026-01-06 08:51:24.410577+00:00,890.0,3218.501,3218.41,3218.55,ETH
2026-01-06 08:44:51+00:00,2026-01-06 08:51:25.405891+00:00,891.0,3218.421,3218.33,3218.45,ETH
2026-01-06 08:44:52+00:00,2026-01-06 08:51:26.409045+00:00,892.0,3218.311,3218.18,3218.33,ETH
2026-01-06 08:44:53+00:00,2026-01-06 08:51:27.425809+00:00,893.0,3218.171,3218.1,3218.33,ETH
2026-01-06 08:44:54+00:00,2026-01-06 08:51:28.456877+00:00,894.0,3218.141,3218.09,3218.39,ETH
2026-01-06 08:44:55+00:00,2026-01-06 08:51:29.473196+00:00,895.0,3217.931,3217.79,3218.05,ETH
2026-01-06 08:44:56+00:00,2026-01-06 08:51:30.474405+00:00,896.0,3217.521,3217.42,3217.63,ETH
2026-01-06 08:44:57+00:00,2026-01-06 08:51:31.488642+00:00,897.0,3217.371,3217.36,3217.53,ETH
2026-01-06 08:44:58+00:00,2026-01-06 08:51:32.486992+00:00,898.0,3217.371,3217.36,3217.52,ETH
2026-01-06 08:44:59+00:00,2026-01-06 08:51:33.491294+00:00,899.0,3217.371,3217.36,3217.52,ETH
