timestamp,collected_at,seconds,up_mid,up_best_bid,up_best_ask,down_mid,down_best_bid,down_best_ask,up_best_bid_size,up_best_ask_size,down_best_bid_size,down_best_ask_size
2026-01-06 08:30:00.900000+00:00,2026-01-06 08:30:01.144237+00:00,0.9,0.54,0.53,0.55,0.4649999999999999,0.46,0.47,,,,
2026-01-06 08:30:01.884000+00:00,2026-01-06 08:30:02.160261+00:00,1.884,0.535,0.52,0.55,0.4599999999999999,0.45,0.47,,,,
2026-01-06 08:30:02.973000+00:00,2026-01-06 08:30:03.175617+00:00,2.973,0.525,0.52,0.53,0.475,0.47,0.48,,,,
2026-01-06 08:30:04.993000+00:00,2026-01-06 08:30:05.177490+00:00,4.993,0.485,0.48,0.49,0.515,0.51,0.52,,,,
2026-01-06 08:30:05.984000+00:00,2026-01-06 08:30:06.177005+00:00,5.984,0.485,0.48,0.49,0.525,0.52,0.53,,,,
2026-01-06 08:30:06.946000+00:00,2026-01-06 08:30:07.176849+00:00,6.946,0.475,0.47,0.48,0.525,0.52,0.53,,,,
2026-01-06 08:30:07.891000+00:00,2026-01-06 08:30:08.176492+00:00,7.891,0.475,0.47,0.48,0.525,0.52,0.53,,,,
2026-01-06 08:30:08.844000+00:00,2026-01-06 08:30:09.177824+00:00,8.844,0.475,0.47,0.48,0.525,0.52,0.53,,,,
2026-01-06 08:30:09.990000+00:00,2026-01-06 08:30:10.178164+00:00,9.99,0.485,0.48,0.49,0.515,0.51,0.52,,,,
2026-01-06 08:30:10.989000+00:00,2026-01-06 08:30:11.192904+00:00,10.989,0.485,0.48,0.49,0.515,0.51,0.52,,,,
2026-01-06 08:30:12.995000+00:00,2026-01-06 08:30:13.210109+00:00,12.995,0.475,0.47,0.48,0.525,0.52,0.53,,,,
2026-01-06 08:30:14.027000+00:00,2026-01-06 08:30:14.216222+00:00,14.027,0.4649999999999999,0.46,0.47,0.545,0.54,0.55,,,,
2026-01-06 08:30:15.028000+00:00,2026-01-06 08:30:15.212094+00:00,15.028,0.4649999999999999,0.46,0.47,0.535,0.53,0.54,,,,
2026-01-06 08:30:16.042000+00:00,2026-01-06 08:30:16.224586+00:00,16.042,0.4649999999999999,0.46,0.47,0.535,0.53,0.54,,,,
2026-01-06 08:30:17.029000+00:00,2026-01-06 08:30:17.225067+00:00,17.029,0.455,0.45,0.46,0.535,0.53,0.54,,,,
2026-01-06 08:30:18.044000+00:00,2026-01-06 08:30:18.227167+00:00,18.044,0.515,0.51,0.52,0.485,0.48,0.49,,,,
2026-01-06 08:30:19.041000+00:00,2026-01-06 08:30:19.229832+00:00,19.041,0.545,0.54,0.55,0.455,0.45,0.46,,,,
2026-01-06 08:30:20.072000+00:00,2026-01-06 08:30:20.245665+00:00,20.072,0.545,0.54,0.55,0.4599999999999999,0.45,0.47,,,,
2026-01-06 08:30:21.059000+00:00,2026-01-06 08:30:21.243150+00:00,21.059,0.535,0.53,0.54,0.4649999999999999,0.46,0.47,,,,
2026-01-06 08:30:22.031000+00:00,2026-01-06 08:30:22.267246+00:00,22.031,0.545,0.54,0.55,0.455,0.45,0.46,,,,
2026-01-06 08:30:23.033000+00:00,2026-01-06 08:30:23.278441+00:00,23.033,0.535,0.53,0.54,0.485,0.48,0.49,,,,
2026-01-06 08:30:24.076000+00:00,2026-01-06 08:30:24.278295+00:00,24.076,0.495,0.49,0.5,0.505,0.5,0.51,,,,
2026-01-06 08:30:25.109000+00:00,2026-01-06 08:30:25.293948+00:00,25.109,0.505,0.5,0.51,0.495,0.49,0.5,,,,
2026-01-06 08:30:26.101000+00:00,2026-01-06 08:30:26.303715+00:00,26.101,0.505,0.5,0.51,0.495,0.49,0.5,,,,
2026-01-06 08:30:27.100000+00:00,2026-01-06 08:30:27.303809+00:00,27.1,0.525,0.52,0.53,0.475,0.47,0.48,,,,
2026-01-06 08:30:28.116000+00:00,2026-01-06 08:30:28.306472+00:00,28.116,0.525,0.52,0.53,0.475,0.47,0.48,,,,
2026-01-06 08:30:29.095000+00:00,2026-01-06 08:30:29.323814+00:00,29.095,0.525,0.52,0.53,0.475,0.47,0.48,,,,
2026-01-06 08:30:30.748000+00:00,2026-01-06 08:30:31.362403+00:00,30.748,0.515,0.51,0.52,0.485,0.48,0.49,,,,
2026-01-06 08:30:31.935000+00:00,2026-01-06 08:30:32.366452+00:00,31.935,0.525,0.52,0.53,0.475,0.47,0.48,,,,
2026-01-06 08:30:33.075000+00:00,2026-01-06 08:30:33.367062+00:00,33.075,0.525,0.52,0.53,0.475,0.47,0.48,,,,
2026-01-06 08:30:34.192000+00:00,2026-01-06 08:30:34.375056+00:00,34.192,0.52,0.51,0.53,0.48,0.47,0.49,,,,
2026-01-06 08:30:35.158000+00:00,2026-01-06 08:30:35.380879+00:00,35.158,0.515,0.51,0.52,0.485,0.48,0.49,,,,
2026-01-06 08:30:36.200000+00:00,2026-01-06 08:30:36.386376+00:00,36.2,0.515,0.51,0.52,0.495,0.49,0.5,,,,
2026-01-06 08:30:37.193000+00:00,2026-01-06 08:30:37.398945+00:00,37.193,0.505,0.5,0.51,0.495,0.49,0.5,,,,
2026-01-06 08:30:38.120000+00:00,2026-01-06 08:30:38.396281+00:00,38.12,0.505,0.5,0.51,0.495,0.49,0.5,,,,
2026-01-06 08:30:39.209000+00:00,2026-01-06 08:30:39.393855+00:00,39.209,0.505,0.5,0.51,0.495,0.49,0.5,,,,
2026-01-06 08:30:40.991000+00:00,2026-01-06 08:30:41.403226+00:00,40.991,0.49,0.48,0.5,0.51,0.5,0.52,,,,
2026-01-06 08:30:42.051000+00:00,2026-01-06 08:30:42.393539+00:00,42.051,0.485,0.48,0.49,0.515,0.51,0.52,,,,
2026-01-06 08:30:43.206000+00:00,2026-01-06 08:30:43.392650+00:00,43.206,0.435,0.43,0.44,0.565,0.56,0.57,,,,
2026-01-06 08:30:44.854000+00:00,2026-01-06 08:30:45.415822+00:00,44.854,0.435,0.43,0.44,0.565,0.56,0.57,,,,
2026-01-06 08:30:46.198000+00:00,2026-01-06 08:30:46.426485+00:00,46.198,0.435,0.43,0.44,0.565,0.56,0.57,,,,
2026-01-06 08:30:47.246000+00:00,2026-01-06 08:30:47.431668+00:00,47.246,0.435,0.43,0.44,0.565,0.56,0.57,,,,
2026-01-06 08:30:48.256000+00:00,2026-01-06 08:30:48.443526+00:00,48.256,0.435,0.43,0.44,0.565,0.56,0.57,,,,
2026-01-06 08:30:49.259000+00:00,2026-01-06 08:30:49.450045+00:00,49.259,0.435,0.43,0.44,0.565,0.56,0.57,,,,
2026-01-06 08:30:50.223000+00:00,2026-01-06 08:30:50.452529+00:00,50.223,0.435,0.43,0.44,0.565,0.56,0.57,,,,
2026-01-06 08:30:51.003000+00:00,2026-01-06 08:30:51.451616+00:00,51.003,0.435,0.43,0.44,0.565,0.56,0.57,,,,
2026-01-06 08:30:52.065000+00:00,2026-01-06 08:30:52.453246+00:00,52.065,0.435,0.43,0.44,0.565,0.56,0.57,,,,
2026-01-06 08:30:53.876000+00:00,2026-01-06 08:30:54.464864+00:00,53.876,0.435,0.43,0.44,0.565,0.56,0.57,,,,
2026-01-06 08:30:54.625000+00:00,2026-01-06 08:30:55.468355+00:00,54.625,0.435,0.43,0.44,0.565,0.56,0.57,,,,
2026-01-06 08:30:56.908000+00:00,2026-01-06 08:30:57.481805+00:00,56.908,0.435,0.43,0.44,0.565,0.56,0.57,,,,
2026-01-06 08:30:58.289000+00:00,2026-01-06 08:30:58.480202+00:00,58.289,0.435,0.43,0.44,0.565,0.56,0.57,,,,
2026-01-06 08:30:59.246000+00:00,2026-01-06 08:30:59.480167+00:00,59.246,0.425,0.42,0.43,0.575,0.57,0.58,,,,
2026-01-06 08:31:00.272000+00:00,2026-01-06 08:31:00.484934+00:00,60.272,0.43,0.42,0.44,0.5700000000000001,0.56,0.58,,,,
2026-01-06 08:31:01.266000+00:00,2026-01-06 08:31:01.482735+00:00,61.266,0.415,0.41,0.42,0.585,0.58,0.59,,,,
2026-01-06 08:31:02.304000+00:00,2026-01-06 08:31:02.497161+00:00,62.304,0.41,0.4,0.42,0.595,0.59,0.6,,,,
2026-01-06 08:31:03.230000+00:00,2026-01-06 08:31:03.499668+00:00,63.23,0.415,0.41,0.42,0.585,0.58,0.59,,,,
2026-01-06 08:31:04.317000+00:00,2026-01-06 08:31:04.502314+00:00,64.317,0.415,0.41,0.42,0.565,0.56,0.57,,,,
2026-01-06 08:31:05.323000+00:00,2026-01-06 08:31:05.512361+00:00,65.323,0.455,0.45,0.46,0.545,0.54,0.55,,,,
2026-01-06 08:31:06.280000+00:00,2026-01-06 08:31:06.520179+00:00,66.28,0.4649999999999999,0.46,0.47,0.535,0.53,0.54,,,,
2026-01-06 08:31:07.327000+00:00,2026-01-06 08:31:07.530409+00:00,67.327,0.47,0.46,0.48,0.53,0.52,0.54,,,,
2026-01-06 08:31:08.325000+00:00,2026-01-06 08:31:08.542289+00:00,68.325,0.47,0.46,0.48,0.53,0.52,0.54,,,,
2026-01-06 08:31:09.343000+00:00,2026-01-06 08:31:09.542116+00:00,69.343,0.47,0.46,0.48,0.525,0.52,0.53,,,,
2026-01-06 08:31:10.407000+00:00,2026-01-06 08:31:10.546447+00:00,70.407,0.47,0.46,0.48,0.53,0.52,0.54,,,,
2026-01-06 08:31:11.374000+00:00,2026-01-06 08:31:11.557164+00:00,71.374,0.47,0.46,0.48,0.53,0.52,0.54,,,,
2026-01-06 08:31:12.295000+00:00,2026-01-06 08:31:12.565278+00:00,72.295,0.4649999999999999,0.46,0.47,0.535,0.53,0.54,,,,
2026-01-06 08:31:13.384000+00:00,2026-01-06 08:31:13.582408+00:00,73.384,0.4649999999999999,0.46,0.47,0.535,0.53,0.54,,,,
2026-01-06 08:31:14.405000+00:00,2026-01-06 08:31:14.593452+00:00,74.405,0.4649999999999999,0.46,0.47,0.535,0.53,0.54,,,,
2026-01-06 08:31:15.331000+00:00,2026-01-06 08:31:15.596502+00:00,75.331,0.4649999999999999,0.46,0.47,0.535,0.53,0.54,,,,
2026-01-06 08:31:16.421000+00:00,2026-01-06 08:31:16.607434+00:00,76.421,0.4649999999999999,0.46,0.47,0.535,0.53,0.54,,,,
2026-01-06 08:31:17.399000+00:00,2026-01-06 08:31:17.609030+00:00,77.399,0.4649999999999999,0.46,0.47,0.535,0.53,0.54,,,,
2026-01-06 08:31:18.449000+00:00,2026-01-06 08:31:18.633286+00:00,78.449,0.4599999999999999,0.45,0.47,0.54,0.53,0.55,,,,
2026-01-06 08:31:19.308000+00:00,2026-01-06 08:31:19.630980+00:00,79.308,0.455,0.45,0.46,0.545,0.54,0.55,,,,
2026-01-06 08:31:20.289000+00:00,2026-01-06 08:31:20.631019+00:00,80.289,0.4599999999999999,0.45,0.47,0.54,0.53,0.55,,,,
2026-01-06 08:31:21.463000+00:00,2026-01-06 08:31:21.644757+00:00,81.463,0.455,0.45,0.46,0.545,0.54,0.55,,,,
2026-01-06 08:31:22.465000+00:00,2026-01-06 08:31:22.655609+00:00,82.465,0.425,0.42,0.43,0.58,0.57,0.59,,,,
2026-01-06 08:31:23.444000+00:00,2026-01-06 08:31:23.657644+00:00,83.444,0.415,0.41,0.42,0.585,0.58,0.59,,,,
2026-01-06 08:31:24.351000+00:00,2026-01-06 08:31:24.662855+00:00,84.351,0.415,0.41,0.42,0.585,0.58,0.59,,,,
2026-01-06 08:31:25.394000+00:00,2026-01-06 08:31:25.674566+00:00,85.394,0.41,0.4,0.42,0.59,0.58,0.6,,,,
2026-01-06 08:31:26.385000+00:00,2026-01-06 08:31:26.673705+00:00,86.385,0.415,0.41,0.42,0.585,0.58,0.59,,,,
2026-01-06 08:31:27.401000+00:00,2026-01-06 08:31:27.683950+00:00,87.401,0.415,0.41,0.42,0.585,0.58,0.59,,,,
2026-01-06 08:31:28.515000+00:00,2026-01-06 08:31:28.708616+00:00,88.515,0.415,0.41,0.42,0.585,0.58,0.59,,,,
2026-01-06 08:31:29.453000+00:00,2026-01-06 08:31:29.720723+00:00,89.453,0.405,0.4,0.41,0.595,0.59,0.6,,,,
2026-01-06 08:31:30.438000+00:00,2026-01-06 08:31:30.724555+00:00,90.438,0.405,0.4,0.41,0.595,0.59,0.6,,,,
2026-01-06 08:31:31.544000+00:00,2026-01-06 08:31:31.730159+00:00,91.544,0.405,0.4,0.41,0.595,0.59,0.6,,,,
2026-01-06 08:31:32.542000+00:00,2026-01-06 08:31:32.737027+00:00,92.542,0.375,0.37,0.38,0.625,0.62,0.63,,,,
2026-01-06 08:31:33.568000+00:00,2026-01-06 08:31:33.751692+00:00,93.568,0.375,0.37,0.38,0.625,0.62,0.63,,,,
2026-01-06 08:31:34.500000+00:00,2026-01-06 08:31:34.760670+00:00,94.5,0.375,0.37,0.38,0.625,0.62,0.63,,,,
2026-01-06 08:31:35.564000+00:00,2026-01-06 08:31:35.772270+00:00,95.564,0.375,0.37,0.38,0.625,0.62,0.63,,,,
2026-01-06 08:31:36.587000+00:00,2026-01-06 08:31:36.776211+00:00,96.587,0.375,0.37,0.38,0.625,0.62,0.63,,,,
2026-01-06 08:31:37.584000+00:00,2026-01-06 08:31:37.793447+00:00,97.584,0.355,0.35,0.36,0.645,0.64,0.65,,,,
2026-01-06 08:31:38.351000+00:00,2026-01-06 08:31:38.808896+00:00,98.351,0.365,0.36,0.37,0.635,0.63,0.64,,,,
2026-01-06 08:31:39.619000+00:00,2026-01-06 08:31:39.815398+00:00,99.619,0.365,0.36,0.37,0.635,0.63,0.64,,,,
2026-01-06 08:31:40.623000+00:00,2026-01-06 08:31:40.835313+00:00,100.623,0.365,0.36,0.37,0.635,0.63,0.64,,,,
2026-01-06 08:31:41.370000+00:00,2026-01-06 08:31:41.830452+00:00,101.37,0.365,0.36,0.37,0.635,0.63,0.64,,,,
2026-01-06 08:31:42.641000+00:00,2026-01-06 08:31:42.842017+00:00,102.641,0.365,0.36,0.37,0.635,0.63,0.64,,,,
2026-01-06 08:31:43.648000+00:00,2026-01-06 08:31:43.850487+00:00,103.648,0.36,0.35,0.37,0.64,0.63,0.65,,,,
2026-01-06 08:31:44.646000+00:00,2026-01-06 08:31:44.850002+00:00,104.646,0.365,0.35,0.38,0.63,0.62,0.64,,,,
2026-01-06 08:31:45.624000+00:00,2026-01-06 08:31:45.850852+00:00,105.624,0.355,0.35,0.36,0.645,0.64,0.65,,,,
2026-01-06 08:31:46.549000+00:00,2026-01-06 08:31:46.857053+00:00,106.549,0.355,0.35,0.36,0.645,0.64,0.65,,,,
2026-01-06 08:31:47.675000+00:00,2026-01-06 08:31:47.863838+00:00,107.675,0.355,0.35,0.36,0.645,0.64,0.65,,,,
2026-01-06 08:31:48.584000+00:00,2026-01-06 08:31:48.863164+00:00,108.584,0.355,0.35,0.36,0.645,0.64,0.65,,,,
2026-01-06 08:31:49.692000+00:00,2026-01-06 08:31:49.878522+00:00,109.692,0.345,0.34,0.35,0.595,0.59,0.6,,,,
2026-01-06 08:31:50.634000+00:00,2026-01-06 08:31:50.881436+00:00,110.634,0.39,0.38,0.4,0.615,0.61,0.62,,,,
2026-01-06 08:31:51.666000+00:00,2026-01-06 08:31:51.882644+00:00,111.666,0.395,0.39,0.4,0.605,0.6,0.61,,,,
2026-01-06 08:31:52.699000+00:00,2026-01-06 08:31:52.897632+00:00,112.699,0.4,0.39,0.41,0.6,0.59,0.61,,,,
2026-01-06 08:31:53.644000+00:00,2026-01-06 08:31:53.906735+00:00,113.644,0.4,0.39,0.41,0.6,0.59,0.61,,,,
2026-01-06 08:31:54.716000+00:00,2026-01-06 08:31:54.928261+00:00,114.716,0.41,0.4,0.42,0.585,0.58,0.59,,,,
2026-01-06 08:31:55.691000+00:00,2026-01-06 08:31:55.947959+00:00,115.691,0.42,0.41,0.43,0.58,0.57,0.59,,,,
2026-01-06 08:31:56.759000+00:00,2026-01-06 08:31:56.958217+00:00,116.759,0.415,0.41,0.42,0.585,0.58,0.59,,,,
2026-01-06 08:31:57.750000+00:00,2026-01-06 08:31:57.974869+00:00,117.75,0.415,0.41,0.42,0.585,0.58,0.59,,,,
2026-01-06 08:31:58.784000+00:00,2026-01-06 08:31:58.980439+00:00,118.784,0.415,0.41,0.42,0.585,0.58,0.59,,,,
2026-01-06 08:31:59.741000+00:00,2026-01-06 08:31:59.980069+00:00,119.741,0.415,0.41,0.42,0.585,0.58,0.59,,,,
2026-01-06 08:32:00.795000+00:00,2026-01-06 08:32:00.996553+00:00,120.795,0.415,0.41,0.42,0.585,0.58,0.59,,,,
2026-01-06 08:32:01.832000+00:00,2026-01-06 08:32:02.011755+00:00,121.832,0.415,0.41,0.42,0.585,0.58,0.59,,,,
2026-01-06 08:32:02.816000+00:00,2026-01-06 08:32:03.007450+00:00,122.816,0.415,0.41,0.42,0.585,0.58,0.59,,,,
2026-01-06 08:32:03.795000+00:00,2026-01-06 08:32:04.007835+00:00,123.795,0.415,0.41,0.42,0.585,0.58,0.59,,,,
2026-01-06 08:32:04.185000+00:00,2026-01-06 08:32:04.997013+00:00,124.185,0.415,0.41,0.42,0.585,0.58,0.59,,,,
2026-01-06 08:32:05.568000+00:00,2026-01-06 08:32:06.004854+00:00,125.568,0.415,0.41,0.42,0.585,0.58,0.59,,,,
2026-01-06 08:32:06.829000+00:00,2026-01-06 08:32:07.010267+00:00,126.829,0.415,0.41,0.42,0.585,0.58,0.59,,,,
2026-01-06 08:32:07.819000+00:00,2026-01-06 08:32:08.012197+00:00,127.819,0.455,0.45,0.46,0.545,0.54,0.55,,,,
2026-01-06 08:32:08.717000+00:00,2026-01-06 08:32:09.029894+00:00,128.717,0.455,0.45,0.46,0.545,0.54,0.55,,,,
2026-01-06 08:32:09.849000+00:00,2026-01-06 08:32:10.045115+00:00,129.849,0.455,0.45,0.46,0.545,0.54,0.55,,,,
2026-01-06 08:32:10.851000+00:00,2026-01-06 08:32:11.046191+00:00,130.851,0.485,0.48,0.49,0.515,0.51,0.52,,,,
2026-01-06 08:32:11.868000+00:00,2026-01-06 08:32:12.051154+00:00,131.868,0.485,0.48,0.49,0.515,0.51,0.52,,,,
2026-01-06 08:32:12.861000+00:00,2026-01-06 08:32:13.066129+00:00,132.861,0.49,0.48,0.5,0.505,0.5,0.51,,,,
2026-01-06 08:32:13.894000+00:00,2026-01-06 08:32:14.083602+00:00,133.894,0.495,0.49,0.5,0.505,0.5,0.51,,,,
2026-01-06 08:32:14.897000+00:00,2026-01-06 08:32:15.096983+00:00,134.897,0.525,0.52,0.53,0.475,0.47,0.48,,,,
2026-01-06 08:32:15.894000+00:00,2026-01-06 08:32:16.116698+00:00,135.894,0.525,0.52,0.53,0.475,0.47,0.48,,,,
2026-01-06 08:32:16.946000+00:00,2026-01-06 08:32:17.131526+00:00,136.946,0.53,0.52,0.54,0.4649999999999999,0.46,0.47,,,,
2026-01-06 08:32:17.941000+00:00,2026-01-06 08:32:18.129395+00:00,137.941,0.58,0.57,0.59,0.42,0.41,0.43,,,,
2026-01-06 08:32:18.940000+00:00,2026-01-06 08:32:19.133410+00:00,138.94,0.575,0.57,0.58,0.415,0.41,0.42,,,,
2026-01-06 08:32:19.922000+00:00,2026-01-06 08:32:20.132257+00:00,139.922,0.595,0.59,0.6,0.405,0.4,0.41,,,,
2026-01-06 08:32:20.952000+00:00,2026-01-06 08:32:21.146401+00:00,140.952,0.595,0.59,0.6,0.405,0.4,0.41,,,,
2026-01-06 08:32:21.960000+00:00,2026-01-06 08:32:22.147535+00:00,141.96,0.585,0.58,0.59,0.415,0.41,0.42,,,,
2026-01-06 08:32:22.969000+00:00,2026-01-06 08:32:23.160959+00:00,142.969,0.545,0.54,0.55,0.455,0.45,0.46,,,,
2026-01-06 08:32:23.990000+00:00,2026-01-06 08:32:24.176385+00:00,143.99,0.565,0.56,0.57,0.435,0.43,0.44,,,,
2026-01-06 08:32:24.964000+00:00,2026-01-06 08:32:25.178558+00:00,144.964,0.605,0.6,0.61,0.395,0.39,0.4,,,,
2026-01-06 08:32:25.976000+00:00,2026-01-06 08:32:26.177751+00:00,145.976,0.605,0.6,0.61,0.39,0.38,0.4,,,,
2026-01-06 08:32:26.995000+00:00,2026-01-06 08:32:27.188676+00:00,146.995,0.635,0.63,0.64,0.365,0.36,0.37,,,,
2026-01-06 08:32:28.002000+00:00,2026-01-06 08:32:28.204515+00:00,148.002,0.615,0.61,0.62,0.385,0.38,0.39,,,,
2026-01-06 08:32:29.020000+00:00,2026-01-06 08:32:29.205521+00:00,149.02,0.615,0.61,0.62,0.385,0.38,0.39,,,,
2026-01-06 08:32:30.043000+00:00,2026-01-06 08:32:30.230336+00:00,150.043,0.615,0.61,0.62,0.395,0.39,0.4,,,,
2026-01-06 08:32:31.065000+00:00,2026-01-06 08:32:31.244135+00:00,151.065,0.5700000000000001,0.56,0.58,0.43,0.42,0.44,,,,
2026-01-06 08:32:32.047000+00:00,2026-01-06 08:32:32.262877+00:00,152.047,0.5700000000000001,0.56,0.58,0.425,0.42,0.43,,,,
2026-01-06 08:32:33.060000+00:00,2026-01-06 08:32:33.260481+00:00,153.06,0.5700000000000001,0.56,0.58,0.43,0.42,0.44,,,,
2026-01-06 08:32:34.088000+00:00,2026-01-06 08:32:34.272182+00:00,154.088,0.565,0.56,0.57,0.435,0.43,0.44,,,,
2026-01-06 08:32:35.980000+00:00,2026-01-06 08:32:36.287957+00:00,155.98,0.545,0.54,0.55,0.455,0.45,0.46,,,,
2026-01-06 08:32:37.828000+00:00,2026-01-06 08:32:38.314305+00:00,157.828,0.545,0.54,0.55,0.455,0.45,0.46,,,,
2026-01-06 08:32:39.099000+00:00,2026-01-06 08:32:39.317982+00:00,159.099,0.54,0.53,0.55,0.4649999999999999,0.46,0.47,,,,
2026-01-06 08:32:40.171000+00:00,2026-01-06 08:32:40.331222+00:00,160.171,0.525,0.52,0.53,0.485,0.48,0.49,,,,
2026-01-06 08:32:41.069000+00:00,2026-01-06 08:32:41.345231+00:00,161.069,0.515,0.51,0.52,0.495,0.49,0.5,,,,
2026-01-06 08:32:42.153000+00:00,2026-01-06 08:32:42.344352+00:00,162.153,0.495,0.49,0.5,0.515,0.51,0.52,,,,
2026-01-06 08:32:43.159000+00:00,2026-01-06 08:32:43.352257+00:00,163.159,0.48,0.47,0.49,0.515,0.51,0.52,,,,
2026-01-06 08:32:44.188000+00:00,2026-01-06 08:32:44.376621+00:00,164.188,0.495,0.49,0.5,0.505,0.5,0.51,,,,
2026-01-06 08:32:45.186000+00:00,2026-01-06 08:32:45.381487+00:00,165.186,0.495,0.49,0.5,0.5,0.49,0.51,,,,
2026-01-06 08:32:46.145000+00:00,2026-01-06 08:32:46.393146+00:00,166.145,0.51,0.5,0.52,0.49,0.48,0.5,,,,
2026-01-06 08:32:47.167000+00:00,2026-01-06 08:32:47.403588+00:00,167.167,0.51,0.5,0.52,0.49,0.48,0.5,,,,
2026-01-06 08:32:48.210000+00:00,2026-01-06 08:32:48.413921+00:00,168.21,0.51,0.5,0.52,0.49,0.48,0.5,,,,
2026-01-06 08:32:49.160000+00:00,2026-01-06 08:32:49.419540+00:00,169.16,0.51,0.5,0.52,0.485,0.48,0.49,,,,
2026-01-06 08:32:50.186000+00:00,2026-01-06 08:32:50.424060+00:00,170.186,0.525,0.52,0.53,0.47,0.46,0.48,,,,
2026-01-06 08:32:51.240000+00:00,2026-01-06 08:32:51.436540+00:00,171.24,0.535,0.53,0.54,0.4649999999999999,0.46,0.47,,,,
2026-01-06 08:32:52.091000+00:00,2026-01-06 08:32:52.461266+00:00,172.091,0.535,0.53,0.54,0.4649999999999999,0.46,0.47,,,,
2026-01-06 08:32:53.256000+00:00,2026-01-06 08:32:53.477502+00:00,173.256,0.535,0.53,0.54,0.4649999999999999,0.46,0.47,,,,
2026-01-06 08:32:54.288000+00:00,2026-01-06 08:32:54.477929+00:00,174.288,0.535,0.53,0.54,0.4649999999999999,0.46,0.47,,,,
2026-01-06 08:32:55.249000+00:00,2026-01-06 08:32:55.471247+00:00,175.249,0.535,0.53,0.54,0.4649999999999999,0.46,0.47,,,,
2026-01-06 08:32:56.233000+00:00,2026-01-06 08:32:56.483907+00:00,176.233,0.535,0.53,0.54,0.4649999999999999,0.46,0.47,,,,
2026-01-06 08:32:57.301000+00:00,2026-01-06 08:32:57.491398+00:00,177.301,0.535,0.53,0.54,0.4649999999999999,0.46,0.47,,,,
2026-01-06 08:32:58.288000+00:00,2026-01-06 08:32:58.511062+00:00,178.288,0.535,0.53,0.54,0.4649999999999999,0.46,0.47,,,,
2026-01-06 08:32:59.311000+00:00,2026-01-06 08:32:59.527748+00:00,179.311,0.535,0.53,0.54,0.4649999999999999,0.46,0.47,,,,
2026-01-06 08:33:00.360000+00:00,2026-01-06 08:33:00.545014+00:00,180.36,0.555,0.55,0.56,0.445,0.44,0.45,,,,
2026-01-06 08:33:01.333000+00:00,2026-01-06 08:33:01.541938+00:00,181.333,0.565,0.56,0.57,0.435,0.43,0.44,,,,
2026-01-06 08:33:02.351000+00:00,2026-01-06 08:33:02.541854+00:00,182.351,0.56,0.55,0.57,0.44,0.43,0.45,,,,
2026-01-06 08:33:03.304000+00:00,2026-01-06 08:33:03.542333+00:00,183.304,0.565,0.56,0.57,0.45,0.44,0.46,,,,
2026-01-06 08:33:04.360000+00:00,2026-01-06 08:33:04.549482+00:00,184.36,0.545,0.54,0.55,0.455,0.45,0.46,,,,
2026-01-06 08:33:05.373000+00:00,2026-01-06 08:33:05.560468+00:00,185.373,0.515,0.51,0.52,0.5,0.49,0.51,,,,
2026-01-06 08:33:06.374000+00:00,2026-01-06 08:33:06.576589+00:00,186.374,0.5,0.49,0.51,0.5,0.49,0.51,,,,
2026-01-06 08:33:07.367000+00:00,2026-01-06 08:33:07.587751+00:00,187.367,0.505,0.5,0.51,0.495,0.49,0.5,,,,
2026-01-06 08:33:08.380000+00:00,2026-01-06 08:33:08.586359+00:00,188.38,0.515,0.51,0.52,0.485,0.48,0.49,,,,
2026-01-06 08:33:09.409000+00:00,2026-01-06 08:33:09.592596+00:00,189.409,0.535,0.53,0.54,0.4649999999999999,0.46,0.47,,,,
2026-01-06 08:33:10.406000+00:00,2026-01-06 08:33:10.608362+00:00,190.406,0.545,0.54,0.55,0.455,0.45,0.46,,,,
2026-01-06 08:33:11.398000+00:00,2026-01-06 08:33:11.618600+00:00,191.398,0.545,0.54,0.55,0.455,0.45,0.46,,,,
2026-01-06 08:33:12.465000+00:00,2026-01-06 08:33:12.642519+00:00,192.465,0.525,0.52,0.53,0.475,0.47,0.48,,,,
2026-01-06 08:33:13.318000+00:00,2026-01-06 08:33:13.647001+00:00,193.318,0.525,0.52,0.53,0.475,0.47,0.48,,,,
2026-01-06 08:33:14.442000+00:00,2026-01-06 08:33:14.658618+00:00,194.442,0.515,0.51,0.52,0.485,0.48,0.49,,,,
2026-01-06 08:33:15.449000+00:00,2026-01-06 08:33:15.658924+00:00,195.449,0.515,0.51,0.52,0.485,0.48,0.49,,,,
2026-01-06 08:33:16.356000+00:00,2026-01-06 08:33:16.675509+00:00,196.356,0.515,0.51,0.52,0.485,0.48,0.49,,,,
2026-01-06 08:33:17.437000+00:00,2026-01-06 08:33:17.677717+00:00,197.437,0.52,0.51,0.53,0.48,0.47,0.49,,,,
2026-01-06 08:33:18.447000+00:00,2026-01-06 08:33:18.675137+00:00,198.447,0.525,0.52,0.53,0.475,0.47,0.48,,,,
2026-01-06 08:33:19.446000+00:00,2026-01-06 08:33:19.675796+00:00,199.446,0.525,0.52,0.53,0.475,0.47,0.48,,,,
2026-01-06 08:33:20.509000+00:00,2026-01-06 08:33:20.696554+00:00,200.509,0.515,0.51,0.52,0.5,0.49,0.51,,,,
2026-01-06 08:33:21.500000+00:00,2026-01-06 08:33:21.708231+00:00,201.5,0.5,0.49,0.51,0.5,0.49,0.51,,,,
2026-01-06 08:33:22.516000+00:00,2026-01-06 08:33:22.724487+00:00,202.516,0.505,0.5,0.51,0.495,0.49,0.5,,,,
2026-01-06 08:33:23.510000+00:00,2026-01-06 08:33:23.741189+00:00,203.51,0.505,0.5,0.51,0.495,0.49,0.5,,,,
2026-01-06 08:33:24.545000+00:00,2026-01-06 08:33:24.740955+00:00,204.545,0.52,0.51,0.53,0.48,0.47,0.49,,,,
2026-01-06 08:33:25.561000+00:00,2026-01-06 08:33:25.756873+00:00,205.561,0.52,0.51,0.53,0.48,0.47,0.49,,,,
2026-01-06 08:33:26.520000+00:00,2026-01-06 08:33:26.761039+00:00,206.52,0.52,0.51,0.53,0.48,0.47,0.49,,,,
2026-01-06 08:33:27.851000+00:00,2026-01-06 08:33:28.766999+00:00,207.851,0.515,0.51,0.52,0.485,0.48,0.49,,,,
2026-01-06 08:33:28.847000+00:00,2026-01-06 08:33:29.777802+00:00,208.847,0.515,0.51,0.52,0.485,0.48,0.49,,,,
2026-01-06 08:33:30.596000+00:00,2026-01-06 08:33:30.789065+00:00,210.596,0.505,0.5,0.51,0.495,0.49,0.5,,,,
2026-01-06 08:33:31.539000+00:00,2026-01-06 08:33:31.780997+00:00,211.539,0.505,0.5,0.51,0.5,0.49,0.51,,,,
2026-01-06 08:33:32.587000+00:00,2026-01-06 08:33:32.784120+00:00,212.587,0.495,0.49,0.5,0.505,0.5,0.51,,,,
2026-01-06 08:33:33.594000+00:00,2026-01-06 08:33:33.787395+00:00,213.594,0.495,0.49,0.5,0.505,0.5,0.51,,,,
2026-01-06 08:33:34.592000+00:00,2026-01-06 08:33:34.782973+00:00,214.592,0.495,0.48,0.51,0.505,0.49,0.52,,,,
2026-01-06 08:33:35.603000+00:00,2026-01-06 08:33:35.801319+00:00,215.603,0.5,0.49,0.51,0.505,0.5,0.51,,,,
2026-01-06 08:33:36.608000+00:00,2026-01-06 08:33:36.802035+00:00,216.608,0.495,0.49,0.5,0.505,0.5,0.51,,,,
2026-01-06 08:33:37.596000+00:00,2026-01-06 08:33:37.818638+00:00,217.596,0.5,0.49,0.51,0.5,0.49,0.51,,,,
2026-01-06 08:33:38.603000+00:00,2026-01-06 08:33:38.834702+00:00,218.603,0.5,0.49,0.51,0.5,0.49,0.51,,,,
2026-01-06 08:33:39.640000+00:00,2026-01-06 08:33:39.834342+00:00,219.64,0.505,0.5,0.51,0.495,0.49,0.5,,,,
2026-01-06 08:33:40.536000+00:00,2026-01-06 08:33:40.852215+00:00,220.536,0.505,0.5,0.51,0.495,0.49,0.5,,,,
2026-01-06 08:33:41.558000+00:00,2026-01-06 08:33:41.851232+00:00,221.558,0.5,0.49,0.51,0.5,0.49,0.51,,,,
2026-01-06 08:33:42.673000+00:00,2026-01-06 08:33:42.864379+00:00,222.673,0.49,0.48,0.5,0.51,0.5,0.52,,,,
2026-01-06 08:33:43.650000+00:00,2026-01-06 08:33:43.865109+00:00,223.65,0.495,0.48,0.51,0.505,0.49,0.52,,,,
2026-01-06 08:33:44.448000+00:00,2026-01-06 08:33:44.873797+00:00,224.448,0.495,0.49,0.5,0.505,0.5,0.51,,,,
2026-01-06 08:33:45.617000+00:00,2026-01-06 08:33:45.884530+00:00,225.617,0.495,0.49,0.5,0.505,0.5,0.51,,,,
2026-01-06 08:33:46.575000+00:00,2026-01-06 08:33:46.901395+00:00,226.575,0.495,0.49,0.5,0.51,0.5,0.52,,,,
2026-01-06 08:33:47.642000+00:00,2026-01-06 08:33:47.914792+00:00,227.642,0.495,0.49,0.5,0.505,0.5,0.51,,,,
2026-01-06 08:33:48.714000+00:00,2026-01-06 08:33:48.910070+00:00,228.714,0.505,0.5,0.51,0.495,0.49,0.5,,,,
2026-01-06 08:33:49.736000+00:00,2026-01-06 08:33:49.922079+00:00,229.736,0.5,0.49,0.51,0.5,0.49,0.51,,,,
2026-01-06 08:33:50.575000+00:00,2026-01-06 08:33:50.935420+00:00,230.575,0.505,0.5,0.51,0.495,0.49,0.5,,,,
2026-01-06 08:33:51.731000+00:00,2026-01-06 08:33:51.940512+00:00,231.731,0.5,0.49,0.51,0.5,0.49,0.51,,,,
2026-01-06 08:33:52.772000+00:00,2026-01-06 08:33:52.947681+00:00,232.772,0.5,0.49,0.51,0.5,0.49,0.51,,,,
2026-01-06 08:33:53.372000+00:00,2026-01-06 08:33:53.956432+00:00,233.372,0.495,0.49,0.5,0.505,0.5,0.51,,,,
2026-01-06 08:33:54.749000+00:00,2026-01-06 08:33:54.953856+00:00,234.749,0.525,0.52,0.53,0.475,0.47,0.48,,,,
2026-01-06 08:33:55.640000+00:00,2026-01-06 08:33:55.947126+00:00,235.64,0.51,0.5,0.52,0.49,0.48,0.5,,,,
2026-01-06 08:33:56.769000+00:00,2026-01-06 08:33:56.967639+00:00,236.769,0.51,0.5,0.52,0.49,0.48,0.5,,,,
2026-01-06 08:33:57.624000+00:00,2026-01-06 08:33:57.968841+00:00,237.624,0.51,0.5,0.52,0.49,0.48,0.5,,,,
2026-01-06 08:33:58.769000+00:00,2026-01-06 08:33:58.962653+00:00,238.769,0.49,0.48,0.5,0.51,0.5,0.52,,,,
2026-01-06 08:33:59.790000+00:00,2026-01-06 08:33:59.987104+00:00,239.79,0.485,0.48,0.49,0.515,0.51,0.52,,,,
2026-01-06 08:34:00.821000+00:00,2026-01-06 08:34:01.007749+00:00,240.821,0.475,0.47,0.48,0.525,0.52,0.53,,,,
2026-01-06 08:34:01.795000+00:00,2026-01-06 08:34:02.011377+00:00,241.795,0.475,0.47,0.48,0.52,0.51,0.53,,,,
2026-01-06 08:34:02.828000+00:00,2026-01-06 08:34:03.022697+00:00,242.828,0.48,0.47,0.49,0.52,0.51,0.53,,,,
2026-01-06 08:34:03.837000+00:00,2026-01-06 08:34:04.038302+00:00,243.837,0.48,0.47,0.49,0.52,0.51,0.53,,,,
2026-01-06 08:34:04.864000+00:00,2026-01-06 08:34:05.059103+00:00,244.864,0.485,0.48,0.49,0.515,0.51,0.52,,,,
2026-01-06 08:34:05.860000+00:00,2026-01-06 08:34:06.060103+00:00,245.86,0.505,0.5,0.51,0.495,0.49,0.5,,,,
2026-01-06 08:34:06.835000+00:00,2026-01-06 08:34:07.072833+00:00,246.835,0.51,0.5,0.52,0.49,0.48,0.5,,,,
2026-01-06 08:34:07.883000+00:00,2026-01-06 08:34:08.075195+00:00,247.883,0.505,0.5,0.51,0.495,0.49,0.5,,,,
2026-01-06 08:34:08.894000+00:00,2026-01-06 08:34:09.089705+00:00,248.894,0.475,0.47,0.48,0.525,0.52,0.53,,,,
2026-01-06 08:34:09.910000+00:00,2026-01-06 08:34:10.108198+00:00,249.91,0.485,0.48,0.49,0.515,0.51,0.52,,,,
2026-01-06 08:34:10.877000+00:00,2026-01-06 08:34:11.126858+00:00,250.877,0.495,0.49,0.5,0.505,0.5,0.51,,,,
2026-01-06 08:34:11.946000+00:00,2026-01-06 08:34:12.127079+00:00,251.946,0.495,0.49,0.5,0.505,0.5,0.51,,,,
2026-01-06 08:34:12.888000+00:00,2026-01-06 08:34:13.141519+00:00,252.888,0.495,0.49,0.5,0.505,0.5,0.51,,,,
2026-01-06 08:34:13.933000+00:00,2026-01-06 08:34:14.152627+00:00,253.933,0.5,0.49,0.51,0.5,0.49,0.51,,,,
2026-01-06 08:34:14.864000+00:00,2026-01-06 08:34:15.158916+00:00,254.864,0.5,0.49,0.51,0.5,0.49,0.51,,,,
2026-01-06 08:34:15.980000+00:00,2026-01-06 08:34:16.169167+00:00,255.98,0.5,0.49,0.51,0.5,0.49,0.51,,,,
2026-01-06 08:34:16.967000+00:00,2026-01-06 08:34:17.185635+00:00,256.967,0.495,0.49,0.5,0.505,0.5,0.51,,,,
2026-01-06 08:34:18.976000+00:00,2026-01-06 08:34:19.190616+00:00,258.976,0.495,0.49,0.5,0.505,0.5,0.51,,,,
2026-01-06 08:34:19.989000+00:00,2026-01-06 08:34:20.201594+00:00,259.989,0.495,0.49,0.5,0.505,0.5,0.51,,,,
2026-01-06 08:34:21.964000+00:00,2026-01-06 08:34:22.205721+00:00,261.964,0.475,0.47,0.48,0.525,0.52,0.53,,,,
2026-01-06 08:34:22.835000+00:00,2026-01-06 08:34:23.217206+00:00,262.835,0.475,0.47,0.48,0.525,0.52,0.53,,,,
2026-01-06 08:34:24.988000+00:00,2026-01-06 08:34:25.216973+00:00,264.988,0.485,0.48,0.49,0.515,0.51,0.52,,,,
2026-01-06 08:34:26.044000+00:00,2026-01-06 08:34:26.234336+00:00,266.044,0.49,0.48,0.5,0.505,0.5,0.51,,,,
2026-01-06 08:34:27.059000+00:00,2026-01-06 08:34:27.250988+00:00,267.059,0.495,0.49,0.5,0.505,0.5,0.51,,,,
2026-01-06 08:34:28.025000+00:00,2026-01-06 08:34:28.266317+00:00,268.025,0.495,0.49,0.5,0.505,0.5,0.51,,,,
2026-01-06 08:34:29.009000+00:00,2026-01-06 08:34:29.269524+00:00,269.009,0.49,0.48,0.5,0.51,0.5,0.52,,,,
2026-01-06 08:34:30.043000+00:00,2026-01-06 08:34:30.269005+00:00,270.043,0.49,0.48,0.5,0.51,0.5,0.52,,,,
2026-01-06 08:34:31.956000+00:00,2026-01-06 08:34:32.283803+00:00,271.956,0.485,0.48,0.49,0.515,0.51,0.52,,,,
2026-01-06 08:34:33.080000+00:00,2026-01-06 08:34:33.276170+00:00,273.08,0.485,0.48,0.49,0.515,0.51,0.52,,,,
2026-01-06 08:34:34.024000+00:00,2026-01-06 08:34:34.290055+00:00,274.024,0.485,0.48,0.49,0.515,0.51,0.52,,,,
2026-01-06 08:34:35.035000+00:00,2026-01-06 08:34:35.309457+00:00,275.035,0.48,0.47,0.49,0.52,0.51,0.53,,,,
2026-01-06 08:34:36.845000+00:00,2026-01-06 08:34:37.322926+00:00,276.845,0.48,0.47,0.49,0.52,0.51,0.53,,,,
2026-01-06 08:34:38.129000+00:00,2026-01-06 08:34:38.332920+00:00,278.129,0.48,0.47,0.49,0.52,0.51,0.53,,,,
2026-01-06 08:34:39.113000+00:00,2026-01-06 08:34:39.341659+00:00,279.113,0.48,0.47,0.49,0.52,0.51,0.53,,,,
2026-01-06 08:34:40.174000+00:00,2026-01-06 08:34:40.359375+00:00,280.174,0.48,0.47,0.49,0.525,0.52,0.53,,,,
2026-01-06 08:34:41.122000+00:00,2026-01-06 08:34:41.371822+00:00,281.122,0.4649999999999999,0.46,0.47,0.535,0.53,0.54,,,,
2026-01-06 08:34:42.181000+00:00,2026-01-06 08:34:42.377775+00:00,282.181,0.4649999999999999,0.46,0.47,0.535,0.53,0.54,,,,
2026-01-06 08:34:43.194000+00:00,2026-01-06 08:34:43.388185+00:00,283.194,0.4649999999999999,0.46,0.47,0.535,0.53,0.54,,,,
2026-01-06 08:34:44.173000+00:00,2026-01-06 08:34:44.390314+00:00,284.173,0.4649999999999999,0.46,0.47,0.535,0.53,0.54,,,,
2026-01-06 08:34:45.215000+00:00,2026-01-06 08:34:45.405693+00:00,285.215,0.4649999999999999,0.46,0.47,0.535,0.53,0.54,,,,
2026-01-06 08:34:46.205000+00:00,2026-01-06 08:34:46.406541+00:00,286.205,0.47,0.46,0.48,0.535,0.53,0.54,,,,
2026-01-06 08:34:47.159000+00:00,2026-01-06 08:34:47.426901+00:00,287.159,0.4649999999999999,0.46,0.47,0.53,0.52,0.54,,,,
2026-01-06 08:34:48.239000+00:00,2026-01-06 08:34:48.438208+00:00,288.239,0.4649999999999999,0.46,0.47,0.535,0.53,0.54,,,,
2026-01-06 08:34:49.245000+00:00,2026-01-06 08:34:49.436230+00:00,289.245,0.475,0.47,0.48,0.525,0.52,0.53,,,,
2026-01-06 08:34:50.235000+00:00,2026-01-06 08:34:50.444859+00:00,290.235,0.475,0.47,0.48,0.525,0.52,0.53,,,,
2026-01-06 08:34:51.246000+00:00,2026-01-06 08:34:51.457878+00:00,291.246,0.475,0.47,0.48,0.525,0.52,0.53,,,,
2026-01-06 08:34:52.283000+00:00,2026-01-06 08:34:52.473825+00:00,292.283,0.475,0.47,0.48,0.525,0.52,0.53,,,,
2026-01-06 08:34:53.256000+00:00,2026-01-06 08:34:53.489370+00:00,293.256,0.475,0.47,0.48,0.525,0.52,0.53,,,,
2026-01-06 08:34:54.195000+00:00,2026-01-06 08:34:54.488267+00:00,294.195,0.475,0.47,0.48,0.525,0.52,0.53,,,,
2026-01-06 08:34:55.195000+00:00,2026-01-06 08:34:55.483678+00:00,295.195,0.475,0.47,0.48,0.525,0.52,0.53,,,,
2026-01-06 08:34:56.305000+00:00,2026-01-06 08:34:56.491272+00:00,296.305,0.485,0.48,0.49,0.515,0.51,0.52,,,,
2026-01-06 08:34:57.305000+00:00,2026-01-06 08:34:57.500432+00:00,297.305,0.485,0.48,0.49,0.515,0.51,0.52,,,,
2026-01-06 08:34:58.337000+00:00,2026-01-06 08:34:58.524270+00:00,298.337,0.485,0.48,0.49,0.515,0.51,0.52,,,,
2026-01-06 08:34:59.353000+00:00,2026-01-06 08:34:59.525484+00:00,299.353,0.485,0.48,0.49,0.515,0.51,0.52,,,,
2026-01-06 08:35:00.343000+00:00,2026-01-06 08:35:00.538758+00:00,300.343,0.485,0.48,0.49,0.515,0.51,0.52,,,,
2026-01-06 08:35:01.309000+00:00,2026-01-06 08:35:01.556987+00:00,301.309,0.49,0.48,0.5,0.51,0.5,0.52,,,,
2026-01-06 08:35:02.358000+00:00,2026-01-06 08:35:02.572186+00:00,302.358,0.485,0.48,0.49,0.515,0.51,0.52,,,,
2026-01-06 08:35:03.370000+00:00,2026-01-06 08:35:03.575371+00:00,303.37,0.455,0.45,0.46,0.545,0.54,0.55,,,,
2026-01-06 08:35:04.397000+00:00,2026-01-06 08:35:04.587775+00:00,304.397,0.445,0.43,0.46,0.565,0.56,0.57,,,,
2026-01-06 08:35:05.353000+00:00,2026-01-06 08:35:05.576881+00:00,305.353,0.41,0.4,0.42,0.59,0.58,0.6,,,,
2026-01-06 08:35:06.371000+00:00,2026-01-06 08:35:06.576776+00:00,306.371,0.395,0.39,0.4,0.605,0.6,0.61,,,,
2026-01-06 08:35:07.410000+00:00,2026-01-06 08:35:07.592796+00:00,307.41,0.385,0.38,0.39,0.615,0.61,0.62,,,,
2026-01-06 08:35:08.447000+00:00,2026-01-06 08:35:08.605998+00:00,308.447,0.405,0.4,0.41,0.595,0.59,0.6,,,,
2026-01-06 08:35:09.330000+00:00,2026-01-06 08:35:09.604356+00:00,309.33,0.395,0.39,0.4,0.605,0.6,0.61,,,,
2026-01-06 08:35:10.429000+00:00,2026-01-06 08:35:10.623377+00:00,310.429,0.39,0.38,0.4,0.61,0.6,0.62,,,,
2026-01-06 08:35:11.399000+00:00,2026-01-06 08:35:11.633964+00:00,311.399,0.39,0.38,0.4,0.61,0.6,0.62,,,,
2026-01-06 08:35:12.316000+00:00,2026-01-06 08:35:12.638730+00:00,312.316,0.39,0.38,0.4,0.61,0.6,0.62,,,,
2026-01-06 08:35:13.468000+00:00,2026-01-06 08:35:13.647131+00:00,313.468,0.39,0.38,0.4,0.605,0.59,0.62,,,,
2026-01-06 08:35:14.453000+00:00,2026-01-06 08:35:14.654575+00:00,314.453,0.4,0.39,0.41,0.6,0.59,0.61,,,,
2026-01-06 08:35:15.348000+00:00,2026-01-06 08:35:15.655305+00:00,315.348,0.4,0.39,0.41,0.6,0.59,0.61,,,,
2026-01-06 08:35:16.403000+00:00,2026-01-06 08:35:16.670220+00:00,316.403,0.395,0.39,0.4,0.605,0.6,0.61,,,,
2026-01-06 08:35:17.460000+00:00,2026-01-06 08:35:17.666132+00:00,317.46,0.395,0.39,0.4,0.6,0.59,0.61,,,,
2026-01-06 08:35:18.447000+00:00,2026-01-06 08:35:18.664369+00:00,318.447,0.4,0.39,0.41,0.6,0.59,0.61,,,,
2026-01-06 08:35:19.189000+00:00,2026-01-06 08:35:19.665959+00:00,319.189,0.4,0.39,0.41,0.6,0.59,0.61,,,,
2026-01-06 08:35:20.430000+00:00,2026-01-06 08:35:20.687507+00:00,320.43,0.4,0.39,0.41,0.6,0.59,0.61,,,,
2026-01-06 08:35:21.503000+00:00,2026-01-06 08:35:21.693356+00:00,321.503,0.395,0.39,0.4,0.605,0.6,0.61,,,,
2026-01-06 08:35:22.403000+00:00,2026-01-06 08:35:22.682698+00:00,322.403,0.4,0.39,0.41,0.6,0.59,0.61,,,,
2026-01-06 08:35:23.422000+00:00,2026-01-06 08:35:23.683244+00:00,323.422,0.4,0.39,0.41,0.6,0.59,0.61,,,,
2026-01-06 08:35:24.291000+00:00,2026-01-06 08:35:24.674039+00:00,324.291,0.4,0.39,0.41,0.6,0.59,0.61,,,,
2026-01-06 08:35:25.484000+00:00,2026-01-06 08:35:25.677099+00:00,325.484,0.4,0.39,0.41,0.6,0.59,0.61,,,,
2026-01-06 08:35:26.343000+00:00,2026-01-06 08:35:26.676072+00:00,326.343,0.395,0.39,0.4,0.605,0.6,0.61,,,,
2026-01-06 08:35:27.516000+00:00,2026-01-06 08:35:27.688734+00:00,327.516,0.395,0.39,0.4,0.605,0.6,0.61,,,,
2026-01-06 08:35:28.478000+00:00,2026-01-06 08:35:28.687726+00:00,328.478,0.4,0.39,0.41,0.6,0.59,0.61,,,,
2026-01-06 08:35:29.418000+00:00,2026-01-06 08:35:29.691397+00:00,329.418,0.4,0.39,0.41,0.6,0.59,0.61,,,,
2026-01-06 08:35:30.370000+00:00,2026-01-06 08:35:30.697372+00:00,330.37,0.4,0.39,0.41,0.6,0.59,0.61,,,,
2026-01-06 08:35:31.499000+00:00,2026-01-06 08:35:31.709024+00:00,331.499,0.39,0.38,0.4,0.61,0.6,0.62,,,,
2026-01-06 08:35:32.485000+00:00,2026-01-06 08:35:32.704623+00:00,332.485,0.395,0.38,0.41,0.6,0.59,0.61,,,,
2026-01-06 08:35:33.465000+00:00,2026-01-06 08:35:33.721718+00:00,333.465,0.39,0.38,0.4,0.61,0.6,0.62,,,,
2026-01-06 08:35:34.543000+00:00,2026-01-06 08:35:34.735273+00:00,334.543,0.4,0.39,0.41,0.6,0.59,0.61,,,,
2026-01-06 08:35:35.532000+00:00,2026-01-06 08:35:35.732776+00:00,335.532,0.405,0.4,0.41,0.595,0.59,0.6,,,,
2026-01-06 08:35:36.506000+00:00,2026-01-06 08:35:36.740966+00:00,336.506,0.425,0.42,0.43,0.58,0.57,0.59,,,,
2026-01-06 08:35:37.576000+00:00,2026-01-06 08:35:37.757650+00:00,337.576,0.435,0.43,0.44,0.565,0.56,0.57,,,,
2026-01-06 08:35:38.594000+00:00,2026-01-06 08:35:38.770279+00:00,338.594,0.475,0.47,0.48,0.525,0.52,0.53,,,,
2026-01-06 08:35:39.541000+00:00,2026-01-06 08:35:39.798931+00:00,339.541,0.48,0.47,0.49,0.52,0.51,0.53,,,,
2026-01-06 08:35:40.571000+00:00,2026-01-06 08:35:40.808755+00:00,340.571,0.48,0.47,0.49,0.52,0.51,0.53,,,,
2026-01-06 08:35:41.590000+00:00,2026-01-06 08:35:41.804239+00:00,341.59,0.485,0.48,0.49,0.52,0.51,0.53,,,,
2026-01-06 08:35:42.602000+00:00,2026-01-06 08:35:42.821247+00:00,342.602,0.48,0.47,0.49,0.52,0.51,0.53,,,,
2026-01-06 08:35:43.161000+00:00,2026-01-06 08:35:43.823831+00:00,343.161,0.475,0.47,0.48,0.525,0.52,0.53,,,,
2026-01-06 08:35:44.653000+00:00,2026-01-06 08:35:44.839562+00:00,344.653,0.455,0.45,0.46,0.545,0.54,0.55,,,,
2026-01-06 08:35:45.553000+00:00,2026-01-06 08:35:45.835301+00:00,345.553,0.455,0.45,0.46,0.545,0.54,0.55,,,,
2026-01-06 08:35:46.599000+00:00,2026-01-06 08:35:46.848665+00:00,346.599,0.455,0.45,0.46,0.545,0.54,0.55,,,,
2026-01-06 08:35:47.676000+00:00,2026-01-06 08:35:47.863768+00:00,347.676,0.455,0.45,0.46,0.545,0.54,0.55,,,,
2026-01-06 08:35:48.642000+00:00,2026-01-06 08:35:48.854565+00:00,348.642,0.45,0.44,0.46,0.555,0.55,0.56,,,,
2026-01-06 08:35:49.666000+00:00,2026-01-06 08:35:49.856870+00:00,349.666,0.445,0.44,0.45,0.555,0.55,0.56,,,,
2026-01-06 08:35:50.658000+00:00,2026-01-06 08:35:50.860413+00:00,350.658,0.425,0.42,0.43,0.575,0.57,0.58,,,,
2026-01-06 08:35:51.650000+00:00,2026-01-06 08:35:51.864428+00:00,351.65,0.425,0.42,0.43,0.575,0.57,0.58,,,,
2026-01-06 08:35:52.661000+00:00,2026-01-06 08:35:52.855414+00:00,352.661,0.425,0.42,0.43,0.575,0.57,0.58,,,,
2026-01-06 08:35:53.625000+00:00,2026-01-06 08:35:53.867012+00:00,353.625,0.425,0.42,0.43,0.575,0.57,0.58,,,,
2026-01-06 08:35:54.659000+00:00,2026-01-06 08:35:54.867311+00:00,354.659,0.425,0.42,0.43,0.575,0.57,0.58,,,,
2026-01-06 08:35:55.148000+00:00,2026-01-06 08:35:55.871981+00:00,355.148,0.425,0.42,0.43,0.575,0.57,0.58,,,,
2026-01-06 08:35:56.692000+00:00,2026-01-06 08:35:56.886153+00:00,356.692,0.425,0.42,0.43,0.575,0.57,0.58,,,,
2026-01-06 08:35:57.645000+00:00,2026-01-06 08:35:57.888394+00:00,357.645,0.415,0.41,0.42,0.585,0.58,0.59,,,,
2026-01-06 08:35:58.607000+00:00,2026-01-06 08:35:58.905295+00:00,358.607,0.415,0.41,0.42,0.585,0.58,0.59,,,,
2026-01-06 08:35:59.352000+00:00,2026-01-06 08:35:59.932533+00:00,359.352,0.415,0.41,0.42,0.585,0.58,0.59,,,,
2026-01-06 08:36:00.760000+00:00,2026-01-06 08:36:00.937331+00:00,360.76,0.42,0.41,0.43,0.58,0.57,0.59,,,,
2026-01-06 08:36:01.712000+00:00,2026-01-06 08:36:01.935927+00:00,361.712,0.42,0.41,0.43,0.58,0.57,0.59,,,,
2026-01-06 08:36:02.599000+00:00,2026-01-06 08:36:02.944731+00:00,362.599,0.425,0.42,0.43,0.575,0.57,0.58,,,,
2026-01-06 08:36:03.575000+00:00,2026-01-06 08:36:03.946318+00:00,363.575,0.41,0.4,0.42,0.59,0.58,0.6,,,,
2026-01-06 08:36:04.706000+00:00,2026-01-06 08:36:04.963096+00:00,364.706,0.41,0.4,0.42,0.59,0.58,0.6,,,,
2026-01-06 08:36:05.791000+00:00,2026-01-06 08:36:05.981003+00:00,365.791,0.41,0.4,0.42,0.585,0.58,0.59,,,,
2026-01-06 08:36:06.711000+00:00,2026-01-06 08:36:06.976527+00:00,366.711,0.42,0.41,0.43,0.58,0.57,0.59,,,,
2026-01-06 08:36:07.795000+00:00,2026-01-06 08:36:07.980820+00:00,367.795,0.42,0.41,0.43,0.59,0.58,0.6,,,,
2026-01-06 08:36:08.796000+00:00,2026-01-06 08:36:08.982750+00:00,368.796,0.42,0.41,0.43,0.58,0.57,0.59,,,,
2026-01-06 08:36:09.805000+00:00,2026-01-06 08:36:09.996470+00:00,369.805,0.42,0.41,0.43,0.58,0.57,0.59,,,,
2026-01-06 08:36:10.818000+00:00,2026-01-06 08:36:11.001039+00:00,370.818,0.415,0.41,0.42,0.59,0.58,0.6,,,,
2026-01-06 08:36:11.224000+00:00,2026-01-06 08:36:12.013064+00:00,371.224,0.41,0.4,0.42,0.59,0.58,0.6,,,,
2026-01-06 08:36:12.738000+00:00,2026-01-06 08:36:13.026746+00:00,372.738,0.415,0.41,0.42,0.585,0.58,0.59,,,,
2026-01-06 08:36:13.757000+00:00,2026-01-06 08:36:14.015214+00:00,373.757,0.415,0.41,0.42,0.575,0.57,0.58,,,,
2026-01-06 08:36:14.846000+00:00,2026-01-06 08:36:15.036224+00:00,374.846,0.435,0.43,0.44,0.565,0.56,0.57,,,,
2026-01-06 08:36:15.855000+00:00,2026-01-06 08:36:16.035174+00:00,375.855,0.44,0.43,0.45,0.56,0.55,0.57,,,,
2026-01-06 08:36:16.752000+00:00,2026-01-06 08:36:17.030236+00:00,376.752,0.445,0.44,0.45,0.56,0.55,0.57,,,,
2026-01-06 08:36:17.772000+00:00,2026-01-06 08:36:18.041448+00:00,377.772,0.435,0.43,0.44,0.565,0.56,0.57,,,,
2026-01-06 08:36:18.737000+00:00,2026-01-06 08:36:19.054285+00:00,378.737,0.435,0.43,0.44,0.565,0.56,0.57,,,,
2026-01-06 08:36:19.572000+00:00,2026-01-06 08:36:20.064019+00:00,379.572,0.435,0.43,0.44,0.565,0.56,0.57,,,,
2026-01-06 08:36:20.938000+00:00,2026-01-06 08:36:21.068142+00:00,380.938,0.435,0.43,0.44,0.565,0.56,0.57,,,,
2026-01-06 08:36:21.902000+00:00,2026-01-06 08:36:22.079025+00:00,381.902,0.435,0.43,0.44,0.565,0.56,0.57,,,,
2026-01-06 08:36:22.846000+00:00,2026-01-06 08:36:23.080421+00:00,382.846,0.435,0.43,0.44,0.565,0.56,0.57,,,,
2026-01-06 08:36:23.909000+00:00,2026-01-06 08:36:24.099228+00:00,383.909,0.435,0.43,0.44,0.565,0.56,0.57,,,,
2026-01-06 08:36:24.924000+00:00,2026-01-06 08:36:25.108411+00:00,384.924,0.435,0.43,0.44,0.565,0.56,0.57,,,,
2026-01-06 08:36:25.881000+00:00,2026-01-06 08:36:26.118279+00:00,385.881,0.44,0.43,0.45,0.56,0.55,0.57,,,,
2026-01-06 08:36:26.868000+00:00,2026-01-06 08:36:27.134608+00:00,386.868,0.44,0.43,0.45,0.56,0.55,0.57,,,,
2026-01-06 08:36:27.655000+00:00,2026-01-06 08:36:28.132658+00:00,387.655,0.44,0.43,0.45,0.56,0.55,0.57,,,,
2026-01-06 08:36:28.410000+00:00,2026-01-06 08:36:29.148320+00:00,388.41,0.44,0.43,0.45,0.56,0.55,0.57,,,,
2026-01-06 08:36:29.419000+00:00,2026-01-06 08:36:30.135929+00:00,389.419,0.44,0.43,0.45,0.56,0.55,0.57,,,,
2026-01-06 08:36:30.859000+00:00,2026-01-06 08:36:31.137083+00:00,390.859,0.44,0.43,0.45,0.56,0.55,0.57,,,,
2026-01-06 08:36:31.967000+00:00,2026-01-06 08:36:32.149916+00:00,391.967,0.475,0.47,0.48,0.525,0.52,0.53,,,,
2026-01-06 08:36:32.964000+00:00,2026-01-06 08:36:33.157950+00:00,392.964,0.495,0.49,0.5,0.505,0.5,0.51,,,,
2026-01-06 08:36:33.958000+00:00,2026-01-06 08:36:34.170724+00:00,393.958,0.495,0.49,0.5,0.505,0.5,0.51,,,,
2026-01-06 08:36:34.934000+00:00,2026-01-06 08:36:35.194673+00:00,394.934,0.485,0.48,0.49,0.515,0.51,0.52,,,,
2026-01-06 08:36:36.802000+00:00,2026-01-06 08:36:37.199044+00:00,396.802,0.455,0.45,0.46,0.545,0.54,0.55,,,,
2026-01-06 08:36:38.008000+00:00,2026-01-06 08:36:38.208154+00:00,398.008,0.455,0.45,0.46,0.545,0.54,0.55,,,,
2026-01-06 08:36:39.011000+00:00,2026-01-06 08:36:39.207857+00:00,399.011,0.45,0.44,0.46,0.55,0.54,0.56,,,,
2026-01-06 08:36:40.015000+00:00,2026-01-06 08:36:40.210719+00:00,400.015,0.4649999999999999,0.46,0.47,0.535,0.53,0.54,,,,
2026-01-06 08:36:41.001000+00:00,2026-01-06 08:36:41.210069+00:00,401.001,0.4649999999999999,0.46,0.47,0.535,0.53,0.54,,,,
2026-01-06 08:36:42.030000+00:00,2026-01-06 08:36:42.225126+00:00,402.03,0.495,0.49,0.5,0.505,0.5,0.51,,,,
2026-01-06 08:36:43.046000+00:00,2026-01-06 08:36:43.250867+00:00,403.046,0.495,0.49,0.5,0.505,0.5,0.51,,,,
2026-01-06 08:36:44.069000+00:00,2026-01-06 08:36:44.265919+00:00,404.069,0.515,0.5,0.53,0.475,0.47,0.48,,,,
2026-01-06 08:36:45.042000+00:00,2026-01-06 08:36:45.268043+00:00,405.042,0.525,0.52,0.53,0.475,0.47,0.48,,,,
2026-01-06 08:36:46.989000+00:00,2026-01-06 08:36:47.303812+00:00,406.989,0.525,0.52,0.53,0.475,0.47,0.48,,,,
2026-01-06 08:36:48.103000+00:00,2026-01-06 08:36:48.310730+00:00,408.103,0.535,0.53,0.54,0.4649999999999999,0.46,0.47,,,,
2026-01-06 08:36:49.951000+00:00,2026-01-06 08:36:50.339618+00:00,409.951,0.535,0.53,0.54,0.4649999999999999,0.46,0.47,,,,
2026-01-06 08:36:51.156000+00:00,2026-01-06 08:36:51.352284+00:00,411.156,0.535,0.53,0.54,0.475,0.47,0.48,,,,
2026-01-06 08:36:52.171000+00:00,2026-01-06 08:36:52.369276+00:00,412.171,0.515,0.51,0.52,0.48,0.47,0.49,,,,
2026-01-06 08:36:53.409000+00:00,2026-01-06 08:36:54.399965+00:00,413.409,0.525,0.52,0.53,0.475,0.47,0.48,,,,
2026-01-06 08:36:54.789000+00:00,2026-01-06 08:36:55.419032+00:00,414.789,0.525,0.52,0.53,0.475,0.47,0.48,,,,
2026-01-06 08:36:56.201000+00:00,2026-01-06 08:36:56.420046+00:00,416.201,0.525,0.52,0.53,0.475,0.47,0.48,,,,
2026-01-06 08:36:57.250000+00:00,2026-01-06 08:36:57.433222+00:00,417.25,0.53,0.52,0.54,0.47,0.46,0.48,,,,
2026-01-06 08:36:58.234000+00:00,2026-01-06 08:36:58.439509+00:00,418.234,0.52,0.51,0.53,0.48,0.47,0.49,,,,
2026-01-06 08:36:59.258000+00:00,2026-01-06 08:36:59.452476+00:00,419.258,0.52,0.51,0.53,0.48,0.47,0.49,,,,
2026-01-06 08:37:00.285000+00:00,2026-01-06 08:37:00.471986+00:00,420.285,0.525,0.52,0.53,0.475,0.47,0.48,,,,
2026-01-06 08:37:01.286000+00:00,2026-01-06 08:37:01.478706+00:00,421.286,0.515,0.51,0.52,0.485,0.48,0.49,,,,
2026-01-06 08:37:02.290000+00:00,2026-01-06 08:37:02.478937+00:00,422.29,0.505,0.5,0.51,0.5,0.49,0.51,,,,
2026-01-06 08:37:03.282000+00:00,2026-01-06 08:37:03.478864+00:00,423.282,0.415,0.41,0.42,0.585,0.58,0.59,,,,
2026-01-06 08:37:04.282000+00:00,2026-01-06 08:37:04.481408+00:00,424.282,0.425,0.42,0.43,0.575,0.57,0.58,,,,
2026-01-06 08:37:05.308000+00:00,2026-01-06 08:37:05.495078+00:00,425.308,0.425,0.42,0.43,0.575,0.57,0.58,,,,
2026-01-06 08:37:06.288000+00:00,2026-01-06 08:37:06.501667+00:00,426.288,0.425,0.42,0.43,0.575,0.57,0.58,,,,
2026-01-06 08:37:07.307000+00:00,2026-01-06 08:37:07.499906+00:00,427.307,0.435,0.43,0.44,0.565,0.56,0.57,,,,
2026-01-06 08:37:08.301000+00:00,2026-01-06 08:37:08.501214+00:00,428.301,0.445,0.44,0.45,0.555,0.55,0.56,,,,
2026-01-06 08:37:09.295000+00:00,2026-01-06 08:37:09.500563+00:00,429.295,0.4649999999999999,0.46,0.47,0.535,0.53,0.54,,,,
2026-01-06 08:37:10.207000+00:00,2026-01-06 08:37:10.497842+00:00,430.207,0.4599999999999999,0.45,0.47,0.54,0.53,0.55,,,,
2026-01-06 08:37:11.324000+00:00,2026-01-06 08:37:11.508961+00:00,431.324,0.4649999999999999,0.46,0.47,0.535,0.53,0.54,,,,
2026-01-06 08:37:12.340000+00:00,2026-01-06 08:37:12.528988+00:00,432.34,0.4649999999999999,0.46,0.47,0.535,0.53,0.54,,,,
2026-01-06 08:37:13.335000+00:00,2026-01-06 08:37:13.528277+00:00,433.335,0.485,0.48,0.49,0.5,0.48,0.52,,,,
2026-01-06 08:37:14.335000+00:00,2026-01-06 08:37:14.516567+00:00,434.335,0.525,0.52,0.53,0.475,0.47,0.48,,,,
2026-01-06 08:37:15.318000+00:00,2026-01-06 08:37:15.529402+00:00,435.318,0.53,0.52,0.54,0.47,0.46,0.48,,,,
2026-01-06 08:37:16.279000+00:00,2026-01-06 08:37:16.543241+00:00,436.279,0.535,0.53,0.54,0.4649999999999999,0.46,0.47,,,,
2026-01-06 08:37:17.220000+00:00,2026-01-06 08:37:17.542925+00:00,437.22,0.535,0.53,0.54,0.4649999999999999,0.46,0.47,,,,
2026-01-06 08:37:18.306000+00:00,2026-01-06 08:37:18.545625+00:00,438.306,0.535,0.53,0.54,0.4649999999999999,0.46,0.47,,,,
2026-01-06 08:37:19.256000+00:00,2026-01-06 08:37:19.555141+00:00,439.256,0.53,0.52,0.54,0.47,0.46,0.48,,,,
2026-01-06 08:37:20.344000+00:00,2026-01-06 08:37:20.560064+00:00,440.344,0.525,0.52,0.53,0.475,0.47,0.48,,,,
2026-01-06 08:37:21.380000+00:00,2026-01-06 08:37:21.576332+00:00,441.38,0.525,0.52,0.53,0.495,0.49,0.5,,,,
2026-01-06 08:37:22.366000+00:00,2026-01-06 08:37:22.576813+00:00,442.366,0.455,0.45,0.46,0.545,0.54,0.55,,,,
2026-01-06 08:37:23.362000+00:00,2026-01-06 08:37:23.594515+00:00,443.362,0.455,0.45,0.46,0.545,0.54,0.55,,,,
2026-01-06 08:37:24.378000+00:00,2026-01-06 08:37:24.596131+00:00,444.378,0.455,0.45,0.46,0.545,0.54,0.55,,,,
2026-01-06 08:37:25.247000+00:00,2026-01-06 08:37:25.603677+00:00,445.247,0.455,0.45,0.46,0.545,0.54,0.55,,,,
2026-01-06 08:37:26.391000+00:00,2026-01-06 08:37:26.608963+00:00,446.391,0.455,0.45,0.46,0.545,0.54,0.55,,,,
2026-01-06 08:37:27.389000+00:00,2026-01-06 08:37:27.628934+00:00,447.389,0.455,0.45,0.46,0.545,0.54,0.55,,,,
2026-01-06 08:37:28.446000+00:00,2026-01-06 08:37:28.639064+00:00,448.446,0.4649999999999999,0.46,0.47,0.535,0.53,0.54,,,,
2026-01-06 08:37:29.461000+00:00,2026-01-06 08:37:29.660680+00:00,449.461,0.455,0.45,0.46,0.545,0.54,0.55,,,,
2026-01-06 08:37:30.352000+00:00,2026-01-06 08:37:30.659206+00:00,450.352,0.455,0.45,0.46,0.535,0.53,0.54,,,,
2026-01-06 08:37:31.484000+00:00,2026-01-06 08:37:31.674335+00:00,451.484,0.455,0.45,0.46,0.545,0.54,0.55,,,,
2026-01-06 08:37:32.508000+00:00,2026-01-06 08:37:32.692539+00:00,452.508,0.405,0.4,0.41,0.595,0.59,0.6,,,,
2026-01-06 08:37:33.506000+00:00,2026-01-06 08:37:33.694698+00:00,453.506,0.405,0.4,0.41,0.605,0.6,0.61,,,,
2026-01-06 08:37:34.465000+00:00,2026-01-06 08:37:34.697823+00:00,454.465,0.385,0.38,0.39,0.615,0.61,0.62,,,,
2026-01-06 08:37:35.521000+00:00,2026-01-06 08:37:35.714551+00:00,455.521,0.385,0.38,0.39,0.585,0.58,0.59,,,,
2026-01-06 08:37:40.417000+00:00,2026-01-06 08:37:40.972133+00:00,460.417,0.415,0.41,0.42,0.585,0.58,0.59,,,,
2026-01-06 08:37:41.774000+00:00,2026-01-06 08:37:41.976047+00:00,461.774,0.415,0.41,0.42,0.585,0.58,0.59,,,,
2026-01-06 08:37:42.780000+00:00,2026-01-06 08:37:42.988061+00:00,462.78,0.415,0.41,0.42,0.585,0.58,0.59,,,,
2026-01-06 08:37:43.677000+00:00,2026-01-06 08:37:43.994204+00:00,463.677,0.42,0.41,0.43,0.58,0.57,0.59,,,,
2026-01-06 08:37:44.744000+00:00,2026-01-06 08:37:45.010860+00:00,464.744,0.435,0.43,0.44,0.565,0.56,0.57,,,,
2026-01-06 08:37:45.784000+00:00,2026-01-06 08:37:46.010584+00:00,465.784,0.435,0.43,0.44,0.565,0.56,0.57,,,,
2026-01-06 08:37:46.720000+00:00,2026-01-06 08:37:47.031115+00:00,466.72,0.43,0.42,0.44,0.5700000000000001,0.56,0.58,,,,
2026-01-06 08:37:47.856000+00:00,2026-01-06 08:37:48.043521+00:00,467.856,0.435,0.43,0.44,0.565,0.56,0.57,,,,
2026-01-06 08:37:48.855000+00:00,2026-01-06 08:37:49.046036+00:00,468.855,0.455,0.45,0.46,0.545,0.54,0.55,,,,
2026-01-06 08:37:49.699000+00:00,2026-01-06 08:37:50.042739+00:00,469.699,0.4599999999999999,0.45,0.47,0.54,0.53,0.55,,,,
2026-01-06 08:37:50.848000+00:00,2026-01-06 08:37:51.045390+00:00,470.848,0.4649999999999999,0.46,0.47,0.535,0.53,0.54,,,,
2026-01-06 08:37:51.855000+00:00,2026-01-06 08:37:52.050406+00:00,471.855,0.4649999999999999,0.46,0.47,0.535,0.53,0.54,,,,
2026-01-06 08:37:52.862000+00:00,2026-01-06 08:37:53.052982+00:00,472.862,0.495,0.49,0.5,0.505,0.5,0.51,,,,
2026-01-06 08:37:53.873000+00:00,2026-01-06 08:37:54.059835+00:00,473.873,0.495,0.49,0.5,0.505,0.5,0.51,,,,
2026-01-06 08:37:54.849000+00:00,2026-01-06 08:37:55.076954+00:00,474.849,0.515,0.51,0.52,0.485,0.48,0.49,,,,
2026-01-06 08:37:55.895000+00:00,2026-01-06 08:37:56.091674+00:00,475.895,0.505,0.5,0.51,0.495,0.49,0.5,,,,
2026-01-06 08:37:56.688000+00:00,2026-01-06 08:37:57.097277+00:00,476.688,0.505,0.5,0.51,0.495,0.49,0.5,,,,
2026-01-06 08:37:57.893000+00:00,2026-01-06 08:37:58.097217+00:00,477.893,0.495,0.49,0.5,0.505,0.5,0.51,,,,
2026-01-06 08:37:58.898000+00:00,2026-01-06 08:37:59.105614+00:00,478.898,0.485,0.48,0.49,0.515,0.51,0.52,,,,
2026-01-06 08:37:59.908000+00:00,2026-01-06 08:38:00.124378+00:00,479.908,0.475,0.47,0.48,0.525,0.52,0.53,,,,
2026-01-06 08:38:00.941000+00:00,2026-01-06 08:38:01.132471+00:00,480.941,0.475,0.47,0.48,0.525,0.52,0.53,,,,
2026-01-06 08:38:01.907000+00:00,2026-01-06 08:38:02.124713+00:00,481.907,0.485,0.48,0.49,0.515,0.51,0.52,,,,
2026-01-06 08:38:02.947000+00:00,2026-01-06 08:38:03.133431+00:00,482.947,0.49,0.48,0.5,0.51,0.5,0.52,,,,
2026-01-06 08:38:03.918000+00:00,2026-01-06 08:38:04.138893+00:00,483.918,0.49,0.48,0.5,0.51,0.5,0.52,,,,
2026-01-06 08:38:04.893000+00:00,2026-01-06 08:38:05.139765+00:00,484.893,0.49,0.48,0.5,0.505,0.5,0.51,,,,
2026-01-06 08:38:05.948000+00:00,2026-01-06 08:38:06.137923+00:00,485.948,0.485,0.48,0.49,0.515,0.51,0.52,,,,
2026-01-06 08:38:06.949000+00:00,2026-01-06 08:38:07.159564+00:00,486.949,0.485,0.48,0.49,0.515,0.51,0.52,,,,
2026-01-06 08:38:07.970000+00:00,2026-01-06 08:38:08.161535+00:00,487.97,0.485,0.48,0.49,0.515,0.51,0.52,,,,
2026-01-06 08:38:08.981000+00:00,2026-01-06 08:38:09.176455+00:00,488.981,0.4649999999999999,0.46,0.47,0.535,0.53,0.54,,,,
2026-01-06 08:38:09.828000+00:00,2026-01-06 08:38:10.185282+00:00,489.828,0.4649999999999999,0.46,0.47,0.535,0.53,0.54,,,,
2026-01-06 08:38:11.016000+00:00,2026-01-06 08:38:11.207184+00:00,491.016,0.4649999999999999,0.46,0.47,0.535,0.53,0.54,,,,
2026-01-06 08:38:12.969000+00:00,2026-01-06 08:38:13.211475+00:00,492.969,0.4649999999999999,0.46,0.47,0.535,0.53,0.54,,,,
2026-01-06 08:38:13.920000+00:00,2026-01-06 08:38:14.225801+00:00,493.92,0.47,0.46,0.48,0.53,0.52,0.54,,,,
2026-01-06 08:38:14.994000+00:00,2026-01-06 08:38:15.251457+00:00,494.994,0.485,0.48,0.49,0.515,0.51,0.52,,,,
2026-01-06 08:38:15.868000+00:00,2026-01-06 08:38:16.262181+00:00,495.868,0.48,0.47,0.49,0.52,0.51,0.53,,,,
2026-01-06 08:38:17.058000+00:00,2026-01-06 08:38:17.262360+00:00,497.058,0.48,0.47,0.49,0.52,0.51,0.53,,,,
2026-01-06 08:38:18.924000+00:00,2026-01-06 08:38:19.282924+00:00,498.924,0.4649999999999999,0.46,0.47,0.535,0.53,0.54,,,,
2026-01-06 08:38:20.061000+00:00,2026-01-06 08:38:20.300918+00:00,500.061,0.475,0.47,0.48,0.525,0.52,0.53,,,,
2026-01-06 08:38:21.110000+00:00,2026-01-06 08:38:21.301570+00:00,501.11,0.485,0.48,0.49,0.515,0.51,0.52,,,,
2026-01-06 08:38:22.137000+00:00,2026-01-06 08:38:22.303093+00:00,502.137,0.535,0.53,0.54,0.4649999999999999,0.46,0.47,,,,
2026-01-06 08:38:23.109000+00:00,2026-01-06 08:38:23.307410+00:00,503.109,0.53,0.52,0.54,0.4649999999999999,0.46,0.47,,,,
2026-01-06 08:38:24.121000+00:00,2026-01-06 08:38:24.297762+00:00,504.121,0.575,0.57,0.58,0.425,0.42,0.43,,,,
2026-01-06 08:38:25.109000+00:00,2026-01-06 08:38:25.296181+00:00,505.109,0.575,0.57,0.58,0.425,0.42,0.43,,,,
2026-01-06 08:38:26.102000+00:00,2026-01-06 08:38:26.297951+00:00,506.102,0.575,0.57,0.58,0.425,0.42,0.43,,,,
2026-01-06 08:38:27.106000+00:00,2026-01-06 08:38:27.293690+00:00,507.106,0.565,0.56,0.57,0.435,0.43,0.44,,,,
2026-01-06 08:38:28.049000+00:00,2026-01-06 08:38:28.302784+00:00,508.049,0.535,0.53,0.54,0.4649999999999999,0.46,0.47,,,,
2026-01-06 08:38:29.966000+00:00,2026-01-06 08:38:30.280003+00:00,509.966,0.535,0.53,0.54,0.455,0.45,0.46,,,,
2026-01-06 08:38:31.016000+00:00,2026-01-06 08:38:31.277526+00:00,511.016,0.545,0.54,0.55,0.455,0.45,0.46,,,,
2026-01-06 08:38:32.188000+00:00,2026-01-06 08:38:32.295629+00:00,512.188,0.54,0.53,0.55,0.4599999999999999,0.45,0.47,,,,
2026-01-06 08:38:33.868000+00:00,2026-01-06 08:38:34.308699+00:00,513.868,0.54,0.53,0.55,0.4599999999999999,0.45,0.47,,,,
2026-01-06 08:38:35.094000+00:00,2026-01-06 08:38:35.313771+00:00,515.094,0.545,0.54,0.55,0.455,0.45,0.46,,,,
2026-01-06 08:38:36.122000+00:00,2026-01-06 08:38:36.312375+00:00,516.122,0.545,0.54,0.55,0.455,0.45,0.46,,,,
2026-01-06 08:38:37.109000+00:00,2026-01-06 08:38:37.322850+00:00,517.109,0.55,0.54,0.56,0.45,0.44,0.46,,,,
2026-01-06 08:38:38.162000+00:00,2026-01-06 08:38:38.341519+00:00,518.162,0.555,0.55,0.56,0.445,0.44,0.45,,,,
2026-01-06 08:38:39.161000+00:00,2026-01-06 08:38:39.358214+00:00,519.161,0.545,0.54,0.55,0.455,0.45,0.46,,,,
2026-01-06 08:38:40.068000+00:00,2026-01-06 08:38:40.358086+00:00,520.068,0.535,0.53,0.54,0.4649999999999999,0.46,0.47,,,,
2026-01-06 08:38:41.184000+00:00,2026-01-06 08:38:41.378913+00:00,521.184,0.545,0.54,0.55,0.455,0.45,0.46,,,,
2026-01-06 08:38:42.199000+00:00,2026-01-06 08:38:42.391968+00:00,522.199,0.545,0.54,0.55,0.455,0.45,0.46,,,,
2026-01-06 08:38:43.204000+00:00,2026-01-06 08:38:43.397916+00:00,523.204,0.545,0.54,0.55,0.455,0.45,0.46,,,,
2026-01-06 08:38:44.171000+00:00,2026-01-06 08:38:44.406916+00:00,524.171,0.535,0.53,0.54,0.4649999999999999,0.46,0.47,,,,
2026-01-06 08:38:45.217000+00:00,2026-01-06 08:38:45.406510+00:00,525.217,0.545,0.54,0.55,0.455,0.45,0.46,,,,
2026-01-06 08:38:46.221000+00:00,2026-01-06 08:38:46.407386+00:00,526.221,0.545,0.54,0.55,0.455,0.45,0.46,,,,
2026-01-06 08:38:47.224000+00:00,2026-01-06 08:38:47.419175+00:00,527.224,0.545,0.54,0.55,0.455,0.45,0.46,,,,
2026-01-06 08:38:48.228000+00:00,2026-01-06 08:38:48.428165+00:00,528.228,0.545,0.54,0.55,0.455,0.45,0.46,,,,
2026-01-06 08:38:49.207000+00:00,2026-01-06 08:38:49.440607+00:00,529.207,0.545,0.54,0.55,0.455,0.45,0.46,,,,
2026-01-06 08:38:50.219000+00:00,2026-01-06 08:38:50.439813+00:00,530.219,0.555,0.55,0.56,0.445,0.44,0.45,,,,
2026-01-06 08:38:51.242000+00:00,2026-01-06 08:38:51.449382+00:00,531.242,0.555,0.55,0.56,0.445,0.44,0.45,,,,
2026-01-06 08:38:52.238000+00:00,2026-01-06 08:38:52.457926+00:00,532.238,0.555,0.55,0.56,0.445,0.44,0.45,,,,
2026-01-06 08:38:53.213000+00:00,2026-01-06 08:38:53.473214+00:00,533.213,0.555,0.55,0.56,0.445,0.44,0.45,,,,
2026-01-06 08:38:54.201000+00:00,2026-01-06 08:38:54.480480+00:00,534.201,0.555,0.55,0.56,0.445,0.44,0.45,,,,
2026-01-06 08:38:55.293000+00:00,2026-01-06 08:38:55.494423+00:00,535.293,0.555,0.55,0.56,0.445,0.44,0.45,,,,
2026-01-06 08:38:56.318000+00:00,2026-01-06 08:38:56.509704+00:00,536.318,0.545,0.54,0.55,0.455,0.45,0.46,,,,
2026-01-06 08:38:57.322000+00:00,2026-01-06 08:38:57.514997+00:00,537.322,0.525,0.52,0.53,0.475,0.47,0.48,,,,
2026-01-06 08:38:58.317000+00:00,2026-01-06 08:38:58.514485+00:00,538.317,0.525,0.52,0.53,0.475,0.47,0.48,,,,
2026-01-06 08:38:59.227000+00:00,2026-01-06 08:38:59.523747+00:00,539.227,0.525,0.52,0.53,0.475,0.47,0.48,,,,
2026-01-06 08:39:00.359000+00:00,2026-01-06 08:39:00.529172+00:00,540.359,0.525,0.52,0.53,0.475,0.47,0.48,,,,
2026-01-06 08:39:01.333000+00:00,2026-01-06 08:39:01.529414+00:00,541.333,0.4649999999999999,0.46,0.47,0.535,0.53,0.54,,,,
2026-01-06 08:39:02.343000+00:00,2026-01-06 08:39:02.538914+00:00,542.343,0.53,0.52,0.54,0.475,0.47,0.48,,,,
2026-01-06 08:39:03.354000+00:00,2026-01-06 08:39:03.550573+00:00,543.354,0.525,0.52,0.53,0.475,0.47,0.48,,,,
2026-01-06 08:39:04.326000+00:00,2026-01-06 08:39:04.547067+00:00,544.326,0.525,0.52,0.53,0.475,0.47,0.48,,,,
2026-01-06 08:39:05.370000+00:00,2026-01-06 08:39:05.572805+00:00,545.37,0.515,0.51,0.52,0.485,0.48,0.49,,,,
2026-01-06 08:39:06.384000+00:00,2026-01-06 08:39:06.588494+00:00,546.384,0.515,0.51,0.52,0.485,0.48,0.49,,,,
2026-01-06 08:39:07.377000+00:00,2026-01-06 08:39:07.590708+00:00,547.377,0.52,0.51,0.53,0.48,0.47,0.49,,,,
2026-01-06 08:39:08.379000+00:00,2026-01-06 08:39:08.607724+00:00,548.379,0.525,0.52,0.53,0.475,0.47,0.48,,,,
2026-01-06 08:39:09.315000+00:00,2026-01-06 08:39:09.621387+00:00,549.315,0.515,0.51,0.52,0.485,0.48,0.49,,,,
2026-01-06 08:39:10.413000+00:00,2026-01-06 08:39:10.624403+00:00,550.413,0.515,0.51,0.52,0.485,0.48,0.49,,,,
2026-01-06 08:39:11.412000+00:00,2026-01-06 08:39:11.625663+00:00,551.412,0.4599999999999999,0.45,0.47,0.535,0.53,0.54,,,,
2026-01-06 08:39:12.428000+00:00,2026-01-06 08:39:12.637956+00:00,552.428,0.4649999999999999,0.46,0.47,0.535,0.53,0.54,,,,
2026-01-06 08:39:13.466000+00:00,2026-01-06 08:39:13.655104+00:00,553.466,0.475,0.47,0.48,0.52,0.51,0.53,,,,
2026-01-06 08:39:14.457000+00:00,2026-01-06 08:39:14.654789+00:00,554.457,0.545,0.54,0.55,0.435,0.43,0.44,,,,
2026-01-06 08:39:15.463000+00:00,2026-01-06 08:39:15.655025+00:00,555.463,0.56,0.55,0.57,0.44,0.43,0.45,,,,
2026-01-06 08:39:16.477000+00:00,2026-01-06 08:39:16.672538+00:00,556.477,0.56,0.55,0.57,0.445,0.44,0.45,,,,
2026-01-06 08:39:17.488000+00:00,2026-01-06 08:39:17.673461+00:00,557.488,0.545,0.54,0.55,0.455,0.45,0.46,,,,
2026-01-06 08:39:18.416000+00:00,2026-01-06 08:39:18.673290+00:00,558.416,0.545,0.54,0.55,0.455,0.45,0.46,,,,
2026-01-06 08:39:19.366000+00:00,2026-01-06 08:39:19.679348+00:00,559.366,0.545,0.54,0.55,0.455,0.45,0.46,,,,
2026-01-06 08:39:20.446000+00:00,2026-01-06 08:39:20.689991+00:00,560.446,0.54,0.53,0.55,0.4599999999999999,0.45,0.47,,,,
2026-01-06 08:39:21.464000+00:00,2026-01-06 08:39:21.688897+00:00,561.464,0.545,0.54,0.55,0.455,0.45,0.46,,,,
2026-01-06 08:39:22.473000+00:00,2026-01-06 08:39:22.689743+00:00,562.473,0.535,0.53,0.54,0.4649999999999999,0.46,0.47,,,,
2026-01-06 08:39:23.517000+00:00,2026-01-06 08:39:23.705601+00:00,563.517,0.505,0.5,0.51,0.495,0.49,0.5,,,,
2026-01-06 08:39:24.531000+00:00,2026-01-06 08:39:24.727732+00:00,564.531,0.505,0.5,0.51,0.49,0.48,0.5,,,,
2026-01-06 08:39:25.542000+00:00,2026-01-06 08:39:25.733206+00:00,565.542,0.495,0.49,0.5,0.515,0.51,0.52,,,,
2026-01-06 08:39:26.531000+00:00,2026-01-06 08:39:26.738092+00:00,566.531,0.47,0.46,0.48,0.53,0.52,0.54,,,,
2026-01-06 08:39:27.485000+00:00,2026-01-06 08:39:27.742703+00:00,567.485,0.47,0.46,0.48,0.53,0.52,0.54,,,,
2026-01-06 08:39:28.571000+00:00,2026-01-06 08:39:28.759355+00:00,568.571,0.47,0.46,0.48,0.525,0.52,0.53,,,,
2026-01-06 08:39:29.540000+00:00,2026-01-06 08:39:29.754481+00:00,569.54,0.475,0.47,0.48,0.525,0.52,0.53,,,,
2026-01-06 08:39:30.553000+00:00,2026-01-06 08:39:30.765632+00:00,570.553,0.505,0.5,0.51,0.5,0.49,0.51,,,,
2026-01-06 08:39:31.569000+00:00,2026-01-06 08:39:31.772843+00:00,571.569,0.51,0.5,0.52,0.49,0.48,0.5,,,,
2026-01-06 08:39:32.590000+00:00,2026-01-06 08:39:32.776012+00:00,572.59,0.51,0.5,0.52,0.49,0.48,0.5,,,,
2026-01-06 08:39:33.598000+00:00,2026-01-06 08:39:33.786603+00:00,573.598,0.505,0.5,0.51,0.495,0.49,0.5,,,,
2026-01-06 08:39:34.592000+00:00,2026-01-06 08:39:34.799593+00:00,574.592,0.425,0.42,0.43,0.575,0.57,0.58,,,,
2026-01-06 08:39:35.613000+00:00,2026-01-06 08:39:35.805742+00:00,575.613,0.395,0.39,0.4,0.63,0.62,0.64,,,,
2026-01-06 08:39:36.606000+00:00,2026-01-06 08:39:36.803599+00:00,576.606,0.375,0.37,0.38,0.62,0.61,0.63,,,,
2026-01-06 08:39:37.471000+00:00,2026-01-06 08:39:37.803557+00:00,577.471,0.385,0.38,0.39,0.62,0.61,0.63,,,,
2026-01-06 08:39:38.607000+00:00,2026-01-06 08:39:38.823765+00:00,578.607,0.38,0.37,0.39,0.62,0.61,0.63,,,,
2026-01-06 08:39:39.594000+00:00,2026-01-06 08:39:39.821975+00:00,579.594,0.375,0.37,0.38,0.625,0.62,0.63,,,,
2026-01-06 08:39:40.635000+00:00,2026-01-06 08:39:40.838894+00:00,580.635,0.385,0.37,0.4,0.615,0.61,0.62,,,,
2026-01-06 08:39:41.621000+00:00,2026-01-06 08:39:41.839740+00:00,581.621,0.395,0.39,0.4,0.605,0.6,0.61,,,,
2026-01-06 08:39:42.665000+00:00,2026-01-06 08:39:42.853902+00:00,582.665,0.365,0.36,0.37,0.645,0.64,0.65,,,,
2026-01-06 08:39:43.605000+00:00,2026-01-06 08:39:43.872148+00:00,583.605,0.335,0.33,0.34,0.665,0.66,0.67,,,,
2026-01-06 08:39:44.696000+00:00,2026-01-06 08:39:44.888098+00:00,584.696,0.345,0.34,0.35,0.655,0.65,0.66,,,,
2026-01-06 08:39:45.619000+00:00,2026-01-06 08:39:45.894097+00:00,585.619,0.35,0.34,0.36,0.65,0.64,0.66,,,,
2026-01-06 08:39:46.689000+00:00,2026-01-06 08:39:46.888175+00:00,586.689,0.35,0.34,0.36,0.645,0.64,0.65,,,,
2026-01-06 08:39:47.703000+00:00,2026-01-06 08:39:47.897071+00:00,587.703,0.35,0.34,0.36,0.655,0.65,0.66,,,,
2026-01-06 08:39:48.705000+00:00,2026-01-06 08:39:48.903234+00:00,588.705,0.335,0.33,0.34,0.665,0.66,0.67,,,,
2026-01-06 08:39:49.734000+00:00,2026-01-06 08:39:49.925446+00:00,589.734,0.325,0.32,0.33,0.675,0.67,0.68,,,,
2026-01-06 08:39:50.697000+00:00,2026-01-06 08:39:50.923972+00:00,590.697,0.31,0.3,0.32,0.69,0.68,0.7,,,,
2026-01-06 08:39:51.730000+00:00,2026-01-06 08:39:51.922449+00:00,591.73,0.31,0.3,0.32,0.69,0.68,0.7,,,,
2026-01-06 08:39:52.732000+00:00,2026-01-06 08:39:52.939272+00:00,592.732,0.345,0.33,0.36,0.66,0.65,0.67,,,,
2026-01-06 08:39:53.643000+00:00,2026-01-06 08:39:53.947543+00:00,593.643,0.3399999999999999,0.33,0.35,0.655,0.65,0.66,,,,
2026-01-06 08:39:54.738000+00:00,2026-01-06 08:39:54.948462+00:00,594.738,0.345,0.34,0.35,0.655,0.65,0.66,,,,
2026-01-06 08:39:55.745000+00:00,2026-01-06 08:39:55.954082+00:00,595.745,0.3399999999999999,0.33,0.35,0.66,0.65,0.67,,,,
2026-01-06 08:39:56.772000+00:00,2026-01-06 08:39:56.967245+00:00,596.772,0.3399999999999999,0.33,0.35,0.675,0.67,0.68,,,,
2026-01-06 08:39:57.760000+00:00,2026-01-06 08:39:57.970488+00:00,597.76,0.33,0.32,0.34,0.67,0.66,0.68,,,,
2026-01-06 08:39:58.624000+00:00,2026-01-06 08:39:58.970583+00:00,598.624,0.33,0.32,0.34,0.67,0.66,0.68,,,,
2026-01-06 08:39:59.759000+00:00,2026-01-06 08:39:59.966262+00:00,599.759,0.335,0.33,0.34,0.67,0.66,0.68,,,,
2026-01-06 08:40:00.675000+00:00,2026-01-06 08:40:00.984791+00:00,600.675,0.32,0.31,0.33,0.6799999999999999,0.67,0.69,,,,
2026-01-06 08:40:01.813000+00:00,2026-01-06 08:40:01.987200+00:00,601.813,0.255,0.25,0.26,0.745,0.74,0.75,,,,
2026-01-06 08:40:02.802000+00:00,2026-01-06 08:40:02.990905+00:00,602.802,0.24,0.23,0.25,0.76,0.75,0.77,,,,
2026-01-06 08:40:03.808000+00:00,2026-01-06 08:40:03.999859+00:00,603.808,0.215,0.21,0.22,0.785,0.78,0.79,,,,
2026-01-06 08:40:04.809000+00:00,2026-01-06 08:40:04.997157+00:00,604.809,0.235,0.22,0.25,0.76,0.75,0.77,,,,
2026-01-06 08:40:05.807000+00:00,2026-01-06 08:40:06.009279+00:00,605.807,0.22,0.21,0.23,0.78,0.77,0.79,,,,
2026-01-06 08:40:06.824000+00:00,2026-01-06 08:40:07.020390+00:00,606.824,0.235,0.23,0.24,0.765,0.76,0.77,,,,
2026-01-06 08:40:07.800000+00:00,2026-01-06 08:40:08.019684+00:00,607.8,0.225,0.22,0.23,0.78,0.77,0.79,,,,
2026-01-06 08:40:08.773000+00:00,2026-01-06 08:40:09.019657+00:00,608.773,0.22,0.21,0.23,0.78,0.77,0.79,,,,
2026-01-06 08:40:09.839000+00:00,2026-01-06 08:40:10.037095+00:00,609.839,0.25,0.24,0.26,0.75,0.74,0.76,,,,
2026-01-06 08:40:10.858000+00:00,2026-01-06 08:40:11.051567+00:00,610.858,0.285,0.28,0.29,0.715,0.71,0.72,,,,
2026-01-06 08:40:11.869000+00:00,2026-01-06 08:40:12.071510+00:00,611.869,0.295,0.29,0.3,0.715,0.71,0.72,,,,
2026-01-06 08:40:12.886000+00:00,2026-01-06 08:40:13.077958+00:00,612.886,0.28,0.27,0.29,0.715,0.71,0.72,,,,
2026-01-06 08:40:13.867000+00:00,2026-01-06 08:40:14.089990+00:00,613.867,0.295,0.28,0.31,0.7,0.69,0.71,,,,
2026-01-06 08:40:14.910000+00:00,2026-01-06 08:40:15.102670+00:00,614.91,0.315,0.3,0.33,0.685,0.67,0.7,,,,
2026-01-06 08:40:15.902000+00:00,2026-01-06 08:40:16.104140+00:00,615.902,0.295,0.29,0.3,0.705,0.7,0.71,,,,
2026-01-06 08:40:16.883000+00:00,2026-01-06 08:40:17.094109+00:00,616.883,0.285,0.28,0.29,0.715,0.71,0.72,,,,
2026-01-06 08:40:17.905000+00:00,2026-01-06 08:40:18.102898+00:00,617.905,0.235,0.23,0.24,0.765,0.76,0.77,,,,
2026-01-06 08:40:18.898000+00:00,2026-01-06 08:40:19.117887+00:00,618.898,0.235,0.23,0.24,0.755,0.75,0.76,,,,
2026-01-06 08:40:19.945000+00:00,2026-01-06 08:40:20.135596+00:00,619.945,0.255,0.25,0.26,0.745,0.74,0.75,,,,
2026-01-06 08:40:20.945000+00:00,2026-01-06 08:40:21.139799+00:00,620.945,0.285,0.28,0.29,0.715,0.71,0.72,,,,
2026-01-06 08:40:21.962000+00:00,2026-01-06 08:40:22.152760+00:00,621.962,0.28,0.27,0.29,0.72,0.71,0.73,,,,
2026-01-06 08:40:22.958000+00:00,2026-01-06 08:40:23.152890+00:00,622.958,0.28,0.27,0.29,0.72,0.71,0.73,,,,
2026-01-06 08:40:23.882000+00:00,2026-01-06 08:40:24.167935+00:00,623.882,0.275,0.27,0.28,0.725,0.72,0.73,,,,
2026-01-06 08:40:24.991000+00:00,2026-01-06 08:40:25.184448+00:00,624.991,0.285,0.28,0.29,0.715,0.71,0.72,,,,
2026-01-06 08:40:25.994000+00:00,2026-01-06 08:40:26.191254+00:00,625.994,0.31,0.3,0.32,0.685,0.68,0.69,,,,
2026-01-06 08:40:26.840000+00:00,2026-01-06 08:40:27.208388+00:00,626.84,0.31,0.3,0.32,0.69,0.68,0.7,,,,
2026-01-06 08:40:27.940000+00:00,2026-01-06 08:40:28.208419+00:00,627.94,0.305,0.3,0.31,0.695,0.69,0.7,,,,
2026-01-06 08:40:28.997000+00:00,2026-01-06 08:40:29.226462+00:00,628.997,0.305,0.3,0.31,0.695,0.69,0.7,,,,
2026-01-06 08:40:30.055000+00:00,2026-01-06 08:40:30.247804+00:00,630.055,0.305,0.3,0.31,0.695,0.69,0.7,,,,
2026-01-06 08:40:31.037000+00:00,2026-01-06 08:40:31.252103+00:00,631.037,0.305,0.3,0.31,0.695,0.69,0.7,,,,
2026-01-06 08:40:32.073000+00:00,2026-01-06 08:40:32.262625+00:00,632.073,0.315,0.31,0.32,0.7,0.69,0.71,,,,
2026-01-06 08:40:33.044000+00:00,2026-01-06 08:40:33.264887+00:00,633.044,0.295,0.29,0.3,0.705,0.7,0.71,,,,
2026-01-06 08:40:34.083000+00:00,2026-01-06 08:40:34.272874+00:00,634.083,0.28,0.26,0.3,0.73,0.72,0.74,,,,
2026-01-06 08:40:35.072000+00:00,2026-01-06 08:40:35.270633+00:00,635.072,0.235,0.23,0.24,0.765,0.76,0.77,,,,
2026-01-06 08:40:36.060000+00:00,2026-01-06 08:40:36.271638+00:00,636.06,0.21,0.2,0.22,0.79,0.78,0.8,,,,
2026-01-06 08:40:37.097000+00:00,2026-01-06 08:40:37.287308+00:00,637.097,0.21,0.2,0.22,0.79,0.78,0.8,,,,
2026-01-06 08:40:38.060000+00:00,2026-01-06 08:40:38.286990+00:00,638.06,0.21,0.2,0.22,0.795,0.79,0.8,,,,
2026-01-06 08:40:39.044000+00:00,2026-01-06 08:40:39.296271+00:00,639.044,0.22,0.21,0.23,0.78,0.77,0.79,,,,
2026-01-06 08:40:40.123000+00:00,2026-01-06 08:40:40.319206+00:00,640.123,0.22,0.21,0.23,0.78,0.77,0.79,,,,
2026-01-06 08:40:41.121000+00:00,2026-01-06 08:40:41.323840+00:00,641.121,0.215,0.21,0.22,0.785,0.78,0.79,,,,
2026-01-06 08:40:42.105000+00:00,2026-01-06 08:40:42.332093+00:00,642.105,0.215,0.21,0.22,0.74,0.73,0.75,,,,
2026-01-06 08:40:43.141000+00:00,2026-01-06 08:40:43.336251+00:00,643.141,0.28,0.27,0.29,0.72,0.71,0.73,,,,
2026-01-06 08:40:44.141000+00:00,2026-01-06 08:40:44.335714+00:00,644.141,0.285,0.28,0.29,0.715,0.71,0.72,,,,
2026-01-06 08:40:45.138000+00:00,2026-01-06 08:40:45.343114+00:00,645.138,0.27,0.26,0.28,0.735,0.73,0.74,,,,
2026-01-06 08:40:46.147000+00:00,2026-01-06 08:40:46.343424+00:00,646.147,0.265,0.26,0.27,0.725,0.72,0.73,,,,
2026-01-06 08:40:47.153000+00:00,2026-01-06 08:40:47.344908+00:00,647.153,0.29,0.28,0.3,0.715,0.71,0.72,,,,
2026-01-06 08:40:48.119000+00:00,2026-01-06 08:40:48.352165+00:00,648.119,0.27,0.26,0.28,0.73,0.72,0.74,,,,
2026-01-06 08:40:49.047000+00:00,2026-01-06 08:40:49.360400+00:00,649.047,0.27,0.26,0.28,0.73,0.72,0.74,,,,
2026-01-06 08:40:50.101000+00:00,2026-01-06 08:40:50.368718+00:00,650.101,0.27,0.26,0.28,0.73,0.72,0.74,,,,
2026-01-06 08:40:51.093000+00:00,2026-01-06 08:40:51.373914+00:00,651.093,0.265,0.26,0.27,0.735,0.73,0.74,,,,
2026-01-06 08:40:52.134000+00:00,2026-01-06 08:40:52.368973+00:00,652.134,0.275,0.26,0.29,0.725,0.71,0.74,,,,
2026-01-06 08:40:53.189000+00:00,2026-01-06 08:40:53.385579+00:00,653.189,0.27,0.26,0.28,0.73,0.72,0.74,,,,
2026-01-06 08:40:54.180000+00:00,2026-01-06 08:40:54.384713+00:00,654.18,0.285,0.28,0.29,0.715,0.71,0.72,,,,
2026-01-06 08:40:55.202000+00:00,2026-01-06 08:40:55.394503+00:00,655.202,0.275,0.27,0.28,0.725,0.72,0.73,,,,
2026-01-06 08:40:56.965000+00:00,2026-01-06 08:40:57.385809+00:00,656.965,0.3,0.29,0.31,0.7,0.69,0.71,,,,
2026-01-06 08:40:58.216000+00:00,2026-01-06 08:40:58.382537+00:00,658.216,0.305,0.3,0.31,0.665,0.65,0.68,,,,
2026-01-06 08:40:59.180000+00:00,2026-01-06 08:40:59.384370+00:00,659.18,0.3399999999999999,0.33,0.35,0.66,0.65,0.67,,,,
2026-01-06 08:41:00.186000+00:00,2026-01-06 08:41:00.378389+00:00,660.186,0.33,0.32,0.34,0.675,0.67,0.68,,,,
2026-01-06 08:41:01.205000+00:00,2026-01-06 08:41:01.386256+00:00,661.205,0.375,0.37,0.38,0.625,0.62,0.63,,,,
2026-01-06 08:41:02.198000+00:00,2026-01-06 08:41:02.396126+00:00,662.198,0.395,0.39,0.4,0.605,0.6,0.61,,,,
2026-01-06 08:41:03.236000+00:00,2026-01-06 08:41:03.409479+00:00,663.236,0.395,0.39,0.4,0.605,0.6,0.61,,,,
2026-01-06 08:41:04.231000+00:00,2026-01-06 08:41:04.419469+00:00,664.231,0.52,0.51,0.53,0.4599999999999999,0.45,0.47,,,,
2026-01-06 08:41:05.246000+00:00,2026-01-06 08:41:05.442969+00:00,665.246,0.53,0.52,0.54,0.4649999999999999,0.46,0.47,,,,
2026-01-06 08:41:06.250000+00:00,2026-01-06 08:41:06.451431+00:00,666.25,0.545,0.54,0.55,0.455,0.45,0.46,,,,
2026-01-06 08:41:07.264000+00:00,2026-01-06 08:41:07.466118+00:00,667.264,0.515,0.51,0.52,0.485,0.48,0.49,,,,
2026-01-06 08:41:08.219000+00:00,2026-01-06 08:41:08.457838+00:00,668.219,0.515,0.51,0.52,0.485,0.48,0.49,,,,
2026-01-06 08:41:09.259000+00:00,2026-01-06 08:41:09.451211+00:00,669.259,0.515,0.51,0.52,0.485,0.48,0.49,,,,
2026-01-06 08:41:10.243000+00:00,2026-01-06 08:41:10.460155+00:00,670.243,0.515,0.5,0.53,0.485,0.47,0.5,,,,
2026-01-06 08:41:11.236000+00:00,2026-01-06 08:41:11.466336+00:00,671.236,0.505,0.5,0.51,0.495,0.49,0.5,,,,
2026-01-06 08:41:12.279000+00:00,2026-01-06 08:41:12.468059+00:00,672.279,0.505,0.49,0.52,0.495,0.48,0.51,,,,
2026-01-06 08:41:13.225000+00:00,2026-01-06 08:41:13.467599+00:00,673.225,0.5,0.49,0.51,0.5,0.49,0.51,,,,
2026-01-06 08:41:14.300000+00:00,2026-01-06 08:41:14.476143+00:00,674.3,0.495,0.49,0.5,0.515,0.51,0.52,,,,
2026-01-06 08:41:15.292000+00:00,2026-01-06 08:41:15.492200+00:00,675.292,0.435,0.43,0.44,0.565,0.56,0.57,,,,
2026-01-06 08:41:16.312000+00:00,2026-01-06 08:41:16.498972+00:00,676.312,0.45,0.44,0.46,0.55,0.54,0.56,,,,
2026-01-06 08:41:17.300000+00:00,2026-01-06 08:41:17.497276+00:00,677.3,0.43,0.41,0.45,0.575,0.57,0.58,,,,
2026-01-06 08:41:18.264000+00:00,2026-01-06 08:41:18.500755+00:00,678.264,0.415,0.41,0.42,0.585,0.58,0.59,,,,
2026-01-06 08:41:19.320000+00:00,2026-01-06 08:41:19.516851+00:00,679.32,0.35,0.34,0.36,0.65,0.64,0.66,,,,
2026-01-06 08:41:20.319000+00:00,2026-01-06 08:41:20.524641+00:00,680.319,0.365,0.36,0.37,0.605,0.6,0.61,,,,
2026-01-06 08:41:21.329000+00:00,2026-01-06 08:41:21.532863+00:00,681.329,0.4,0.39,0.41,0.595,0.59,0.6,,,,
2026-01-06 08:41:22.324000+00:00,2026-01-06 08:41:22.533926+00:00,682.324,0.395,0.39,0.4,0.605,0.6,0.61,,,,
2026-01-06 08:41:23.292000+00:00,2026-01-06 08:41:23.548854+00:00,683.292,0.395,0.39,0.4,0.625,0.61,0.64,,,,
2026-01-06 08:41:24.356000+00:00,2026-01-06 08:41:24.552157+00:00,684.356,0.365,0.36,0.37,0.635,0.63,0.64,,,,
2026-01-06 08:41:25.353000+00:00,2026-01-06 08:41:25.566727+00:00,685.353,0.365,0.36,0.37,0.63,0.62,0.64,,,,
2026-01-06 08:41:26.349000+00:00,2026-01-06 08:41:26.570499+00:00,686.349,0.37,0.36,0.38,0.625,0.62,0.63,,,,
2026-01-06 08:41:27.393000+00:00,2026-01-06 08:41:27.585262+00:00,687.393,0.405,0.4,0.41,0.595,0.59,0.6,,,,
2026-01-06 08:41:28.352000+00:00,2026-01-06 08:41:28.585269+00:00,688.352,0.405,0.4,0.41,0.595,0.59,0.6,,,,
2026-01-06 08:41:29.399000+00:00,2026-01-06 08:41:29.601076+00:00,689.399,0.405,0.4,0.41,0.595,0.59,0.6,,,,
2026-01-06 08:41:30.400000+00:00,2026-01-06 08:41:30.601744+00:00,690.4,0.405,0.4,0.41,0.595,0.59,0.6,,,,
2026-01-06 08:41:31.406000+00:00,2026-01-06 08:41:31.600110+00:00,691.406,0.425,0.42,0.43,0.575,0.57,0.58,,,,
2026-01-06 08:41:32.397000+00:00,2026-01-06 08:41:32.618027+00:00,692.397,0.4649999999999999,0.45,0.48,0.54,0.53,0.55,,,,
2026-01-06 08:41:33.442000+00:00,2026-01-06 08:41:33.631911+00:00,693.442,0.455,0.45,0.46,0.575,0.57,0.58,,,,
2026-01-06 08:41:34.441000+00:00,2026-01-06 08:41:34.640624+00:00,694.441,0.41,0.4,0.42,0.585,0.58,0.59,,,,
2026-01-06 08:41:35.441000+00:00,2026-01-06 08:41:35.650368+00:00,695.441,0.415,0.41,0.42,0.585,0.58,0.59,,,,
2026-01-06 08:41:36.460000+00:00,2026-01-06 08:41:36.650390+00:00,696.46,0.44,0.43,0.45,0.565,0.55,0.58,,,,
2026-01-06 08:41:37.462000+00:00,2026-01-06 08:41:37.649584+00:00,697.462,0.4649999999999999,0.46,0.47,0.54,0.53,0.55,,,,
2026-01-06 08:41:38.479000+00:00,2026-01-06 08:41:38.668197+00:00,698.479,0.47,0.46,0.48,0.53,0.52,0.54,,,,
2026-01-06 08:41:39.496000+00:00,2026-01-06 08:41:39.687553+00:00,699.496,0.495,0.49,0.5,0.505,0.5,0.51,,,,
2026-01-06 08:41:40.490000+00:00,2026-01-06 08:41:40.687643+00:00,700.49,0.52,0.51,0.53,0.495,0.48,0.51,,,,
2026-01-06 08:41:41.506000+00:00,2026-01-06 08:41:41.701116+00:00,701.506,0.53,0.52,0.54,0.47,0.46,0.48,,,,
2026-01-06 08:41:42.525000+00:00,2026-01-06 08:41:42.718009+00:00,702.525,0.535,0.52,0.55,0.4599999999999999,0.44,0.48,,,,
2026-01-06 08:41:43.526000+00:00,2026-01-06 08:41:43.715252+00:00,703.526,0.56,0.55,0.57,0.44,0.43,0.45,,,,
2026-01-06 08:41:44.540000+00:00,2026-01-06 08:41:44.731647+00:00,704.54,0.705,0.69,0.72,0.29,0.28,0.3,,,,
2026-01-06 08:41:45.550000+00:00,2026-01-06 08:41:45.735947+00:00,705.55,0.71,0.69,0.73,0.285,0.27,0.3,,,,
2026-01-06 08:41:46.561000+00:00,2026-01-06 08:41:46.751593+00:00,706.561,0.7,0.68,0.72,0.295,0.27,0.32,,,,
2026-01-06 08:41:47.556000+00:00,2026-01-06 08:41:47.750161+00:00,707.556,0.7,0.69,0.71,0.28,0.26,0.3,,,,
2026-01-06 08:41:48.536000+00:00,2026-01-06 08:41:48.750659+00:00,708.536,0.725,0.72,0.73,0.275,0.27,0.28,,,,
2026-01-06 08:41:49.539000+00:00,2026-01-06 08:41:49.750970+00:00,709.539,0.715,0.7,0.73,0.285,0.27,0.3,,,,
2026-01-06 08:41:50.575000+00:00,2026-01-06 08:41:50.767223+00:00,710.575,0.735,0.73,0.74,0.265,0.26,0.27,,,,
2026-01-06 08:41:51.567000+00:00,2026-01-06 08:41:51.765790+00:00,711.567,0.715,0.71,0.72,0.285,0.28,0.29,,,,
2026-01-06 08:41:52.519000+00:00,2026-01-06 08:41:52.784060+00:00,712.519,0.72,0.7,0.74,0.295,0.29,0.3,,,,
2026-01-06 08:41:53.591000+00:00,2026-01-06 08:41:53.791953+00:00,713.591,0.735,0.73,0.74,0.27,0.26,0.28,,,,
2026-01-06 08:41:54.610000+00:00,2026-01-06 08:41:54.799680+00:00,714.61,0.725,0.72,0.73,0.275,0.27,0.28,,,,
2026-01-06 08:41:55.618000+00:00,2026-01-06 08:41:55.814630+00:00,715.618,0.695,0.69,0.7,0.305,0.3,0.31,,,,
2026-01-06 08:41:56.582000+00:00,2026-01-06 08:41:56.832835+00:00,716.582,0.695,0.69,0.7,0.305,0.3,0.31,,,,
2026-01-06 08:41:57.654000+00:00,2026-01-06 08:41:57.847973+00:00,717.654,0.695,0.69,0.7,0.31,0.3,0.32,,,,
2026-01-06 08:41:58.644000+00:00,2026-01-06 08:41:58.852247+00:00,718.644,0.685,0.68,0.69,0.31,0.3,0.32,,,,
2026-01-06 08:41:59.670000+00:00,2026-01-06 08:41:59.858280+00:00,719.67,0.685,0.68,0.69,0.315,0.31,0.32,,,,
2026-01-06 08:42:00.519000+00:00,2026-01-06 08:42:00.865420+00:00,720.519,0.675,0.67,0.68,0.325,0.32,0.33,,,,
2026-01-06 08:42:01.599000+00:00,2026-01-06 08:42:01.872023+00:00,721.599,0.675,0.67,0.68,0.335,0.33,0.34,,,,
2026-01-06 08:42:02.672000+00:00,2026-01-06 08:42:02.866838+00:00,722.672,0.665,0.66,0.67,0.335,0.33,0.34,,,,
2026-01-06 08:42:03.632000+00:00,2026-01-06 08:42:03.882857+00:00,723.632,0.665,0.66,0.67,0.335,0.33,0.34,,,,
2026-01-06 08:42:04.663000+00:00,2026-01-06 08:42:04.900114+00:00,724.663,0.665,0.66,0.67,0.335,0.33,0.34,,,,
2026-01-06 08:42:05.706000+00:00,2026-01-06 08:42:05.896317+00:00,725.706,0.665,0.66,0.67,0.335,0.33,0.34,,,,
2026-01-06 08:42:06.719000+00:00,2026-01-06 08:42:06.914673+00:00,726.719,0.655,0.64,0.67,0.355,0.35,0.36,,,,
2026-01-06 08:42:07.722000+00:00,2026-01-06 08:42:07.912358+00:00,727.722,0.555,0.55,0.56,0.445,0.44,0.45,,,,
2026-01-06 08:42:08.731000+00:00,2026-01-06 08:42:08.927438+00:00,728.731,0.555,0.55,0.56,0.445,0.44,0.45,,,,
2026-01-06 08:42:09.714000+00:00,2026-01-06 08:42:09.918991+00:00,729.714,0.56,0.55,0.57,0.44,0.43,0.45,,,,
2026-01-06 08:42:10.715000+00:00,2026-01-06 08:42:10.939903+00:00,730.715,0.565,0.56,0.57,0.435,0.43,0.44,,,,
2026-01-06 08:42:11.752000+00:00,2026-01-06 08:42:11.957988+00:00,731.752,0.555,0.55,0.56,0.445,0.44,0.45,,,,
2026-01-06 08:42:12.764000+00:00,2026-01-06 08:42:12.965505+00:00,732.764,0.565,0.55,0.58,0.435,0.43,0.44,,,,
2026-01-06 08:42:13.788000+00:00,2026-01-06 08:42:13.980681+00:00,733.788,0.61,0.6,0.62,0.39,0.38,0.4,,,,
2026-01-06 08:42:14.761000+00:00,2026-01-06 08:42:14.993109+00:00,734.761,0.595,0.59,0.6,0.405,0.4,0.41,,,,
2026-01-06 08:42:15.811000+00:00,2026-01-06 08:42:16.002527+00:00,735.811,0.585,0.58,0.59,0.41,0.4,0.42,,,,
2026-01-06 08:42:16.778000+00:00,2026-01-06 08:42:16.999117+00:00,736.778,0.585,0.58,0.59,0.415,0.41,0.42,,,,
2026-01-06 08:42:17.805000+00:00,2026-01-06 08:42:17.995810+00:00,737.805,0.575,0.57,0.58,0.425,0.42,0.43,,,,
2026-01-06 08:42:18.801000+00:00,2026-01-06 08:42:18.997414+00:00,738.801,0.675,0.67,0.68,0.325,0.32,0.33,,,,
2026-01-06 08:42:19.807000+00:00,2026-01-06 08:42:19.998957+00:00,739.807,0.715,0.71,0.72,0.285,0.28,0.29,,,,
2026-01-06 08:42:20.802000+00:00,2026-01-06 08:42:20.997503+00:00,740.802,0.79,0.78,0.8,0.21,0.2,0.22,,,,
2026-01-06 08:42:21.802000+00:00,2026-01-06 08:42:21.999609+00:00,741.802,0.795,0.79,0.8,0.195,0.19,0.2,,,,
2026-01-06 08:42:22.807000+00:00,2026-01-06 08:42:23.017781+00:00,742.807,0.835,0.83,0.84,0.165,0.16,0.17,,,,
2026-01-06 08:42:23.819000+00:00,2026-01-06 08:42:24.031844+00:00,743.819,0.815,0.81,0.82,0.185,0.18,0.19,,,,
2026-01-06 08:42:24.804000+00:00,2026-01-06 08:42:25.036068+00:00,744.804,0.835,0.83,0.84,0.1699999999999999,0.16,0.18,,,,
2026-01-06 08:42:25.820000+00:00,2026-01-06 08:42:26.031984+00:00,745.82,0.815,0.81,0.82,0.195,0.19,0.2,,,,
2026-01-06 08:42:26.832000+00:00,2026-01-06 08:42:27.030681+00:00,746.832,0.81,0.79,0.83,0.2,0.19,0.21,,,,
2026-01-06 08:42:27.819000+00:00,2026-01-06 08:42:28.026092+00:00,747.819,0.81,0.8,0.82,0.185,0.18,0.19,,,,
2026-01-06 08:42:28.839000+00:00,2026-01-06 08:42:29.037770+00:00,748.839,0.805,0.8,0.81,0.195,0.18,0.21,,,,
2026-01-06 08:42:29.871000+00:00,2026-01-06 08:42:30.053877+00:00,749.871,0.815,0.81,0.82,0.185,0.18,0.19,,,,
2026-01-06 08:42:30.872000+00:00,2026-01-06 08:42:31.064924+00:00,750.872,0.785,0.78,0.79,0.215,0.21,0.22,,,,
2026-01-06 08:42:31.846000+00:00,2026-01-06 08:42:32.065084+00:00,751.846,0.765,0.76,0.77,0.235,0.23,0.24,,,,
2026-01-06 08:42:32.873000+00:00,2026-01-06 08:42:33.069800+00:00,752.873,0.77,0.76,0.78,0.245,0.24,0.25,,,,
2026-01-06 08:42:33.882000+00:00,2026-01-06 08:42:34.074228+00:00,753.882,0.78,0.77,0.79,0.22,0.21,0.23,,,,
2026-01-06 08:42:34.864000+00:00,2026-01-06 08:42:35.079924+00:00,754.864,0.815,0.81,0.82,0.185,0.18,0.19,,,,
2026-01-06 08:42:35.787000+00:00,2026-01-06 08:42:36.081298+00:00,755.787,0.815,0.81,0.82,0.185,0.18,0.19,,,,
2026-01-06 08:42:36.881000+00:00,2026-01-06 08:42:37.080181+00:00,756.881,0.84,0.83,0.85,0.16,0.15,0.17,,,,
2026-01-06 08:42:37.897000+00:00,2026-01-06 08:42:38.090583+00:00,757.897,0.815,0.81,0.82,0.185,0.18,0.19,,,,
2026-01-06 08:42:38.908000+00:00,2026-01-06 08:42:39.102344+00:00,758.908,0.775,0.77,0.78,0.225,0.22,0.23,,,,
2026-01-06 08:42:39.926000+00:00,2026-01-06 08:42:40.111091+00:00,759.926,0.765,0.76,0.77,0.235,0.23,0.24,,,,
2026-01-06 08:42:40.917000+00:00,2026-01-06 08:42:41.113301+00:00,760.917,0.765,0.76,0.77,0.235,0.23,0.24,,,,
2026-01-06 08:42:41.909000+00:00,2026-01-06 08:42:42.115024+00:00,761.909,0.775,0.77,0.78,0.225,0.22,0.23,,,,
2026-01-06 08:42:42.927000+00:00,2026-01-06 08:42:43.116848+00:00,762.927,0.775,0.77,0.78,0.21,0.19,0.23,,,,
2026-01-06 08:42:43.869000+00:00,2026-01-06 08:42:44.130790+00:00,763.869,0.835,0.83,0.84,0.165,0.16,0.17,,,,
2026-01-06 08:42:44.946000+00:00,2026-01-06 08:42:45.146405+00:00,764.946,0.835,0.83,0.84,0.165,0.16,0.17,,,,
2026-01-06 08:42:45.962000+00:00,2026-01-06 08:42:46.156711+00:00,765.962,0.8200000000000001,0.81,0.83,0.18,0.17,0.19,,,,
2026-01-06 08:42:46.967000+00:00,2026-01-06 08:42:47.164212+00:00,766.967,0.805,0.8,0.81,0.2,0.19,0.21,,,,
2026-01-06 08:42:47.972000+00:00,2026-01-06 08:42:48.169148+00:00,767.972,0.795,0.79,0.8,0.22,0.21,0.23,,,,
2026-01-06 08:42:48.991000+00:00,2026-01-06 08:42:49.182368+00:00,768.991,0.775,0.77,0.78,0.215,0.21,0.22,,,,
2026-01-06 08:42:49.986000+00:00,2026-01-06 08:42:50.179812+00:00,769.986,0.785,0.78,0.79,0.215,0.21,0.22,,,,
2026-01-06 08:42:50.966000+00:00,2026-01-06 08:42:51.180750+00:00,770.966,0.79,0.78,0.8,0.215,0.21,0.22,,,,
2026-01-06 08:42:51.545000+00:00,2026-01-06 08:42:52.197814+00:00,771.545,0.785,0.78,0.79,0.215,0.21,0.22,,,,
2026-01-06 08:42:52.862000+00:00,2026-01-06 08:42:53.221048+00:00,772.862,0.78,0.77,0.79,0.22,0.21,0.23,,,,
2026-01-06 08:42:54.035000+00:00,2026-01-06 08:42:54.230143+00:00,774.035,0.775,0.77,0.78,0.225,0.22,0.23,,,,
2026-01-06 08:42:55.022000+00:00,2026-01-06 08:42:55.244489+00:00,775.022,0.755,0.75,0.76,0.245,0.24,0.25,,,,
2026-01-06 08:42:56.822000+00:00,2026-01-06 08:42:57.271280+00:00,776.822,0.735,0.72,0.75,0.265,0.26,0.27,,,,
2026-01-06 08:42:58.080000+00:00,2026-01-06 08:42:58.279310+00:00,778.08,0.73,0.72,0.74,0.27,0.26,0.28,,,,
2026-01-06 08:42:59.011000+00:00,2026-01-06 08:42:59.284565+00:00,779.011,0.73,0.72,0.74,0.27,0.26,0.28,,,,
2026-01-06 08:43:00.091000+00:00,2026-01-06 08:43:00.301722+00:00,780.091,0.73,0.72,0.74,0.27,0.26,0.28,,,,
2026-01-06 08:43:01.119000+00:00,2026-01-06 08:43:01.306923+00:00,781.119,0.74,0.73,0.75,0.185,0.18,0.19,,,,
2026-01-06 08:43:02.112000+00:00,2026-01-06 08:43:02.307207+00:00,782.112,0.835,0.83,0.84,0.165,0.16,0.17,,,,
2026-01-06 08:43:03.068000+00:00,2026-01-06 08:43:03.314253+00:00,783.068,0.835,0.83,0.84,0.165,0.16,0.17,,,,
2026-01-06 08:43:04.092000+00:00,2026-01-06 08:43:04.313776+00:00,784.092,0.835,0.83,0.84,0.165,0.16,0.17,,,,
2026-01-06 08:43:05.962000+00:00,2026-01-06 08:43:06.330960+00:00,785.962,0.855,0.85,0.86,0.145,0.14,0.15,,,,
2026-01-06 08:43:07.128000+00:00,2026-01-06 08:43:07.322291+00:00,787.128,0.855,0.85,0.86,0.145,0.14,0.15,,,,
2026-01-06 08:43:08.133000+00:00,2026-01-06 08:43:08.330415+00:00,788.133,0.85,0.84,0.86,0.15,0.14,0.16,,,,
2026-01-06 08:43:09.085000+00:00,2026-01-06 08:43:09.333031+00:00,789.085,0.855,0.84,0.87,0.145,0.13,0.16,,,,
2026-01-06 08:43:10.199000+00:00,2026-01-06 08:43:10.330242+00:00,790.199,0.855,0.84,0.87,0.145,0.13,0.16,,,,
2026-01-06 08:43:11.131000+00:00,2026-01-06 08:43:11.342518+00:00,791.131,0.855,0.85,0.86,0.135,0.13,0.14,,,,
2026-01-06 08:43:12.166000+00:00,2026-01-06 08:43:12.358370+00:00,792.166,0.855,0.85,0.86,0.13,0.12,0.14,,,,
2026-01-06 08:43:13.125000+00:00,2026-01-06 08:43:13.360791+00:00,793.125,0.875,0.87,0.88,0.125,0.12,0.13,,,,
2026-01-06 08:43:14.194000+00:00,2026-01-06 08:43:14.383789+00:00,794.194,0.87,0.86,0.88,0.125,0.11,0.14,,,,
2026-01-06 08:43:15.131000+00:00,2026-01-06 08:43:15.380385+00:00,795.131,0.87,0.86,0.88,0.13,0.12,0.14,,,,
2026-01-06 08:43:16.172000+00:00,2026-01-06 08:43:16.380416+00:00,796.172,0.89,0.88,0.9,0.11,0.1,0.12,,,,
2026-01-06 08:43:17.190000+00:00,2026-01-06 08:43:17.401127+00:00,797.19,0.89,0.88,0.9,0.1149999999999999,0.11,0.12,,,,
2026-01-06 08:43:18.251000+00:00,2026-01-06 08:43:18.418582+00:00,798.251,0.895,0.89,0.9,0.105,0.1,0.11,,,,
2026-01-06 08:43:19.217000+00:00,2026-01-06 08:43:19.421051+00:00,799.217,0.905,0.9,0.91,0.095,0.09,0.1,,,,
2026-01-06 08:43:20.255000+00:00,2026-01-06 08:43:20.429241+00:00,800.255,0.9,0.89,0.91,0.1,0.09,0.11,,,,
2026-01-06 08:43:21.234000+00:00,2026-01-06 08:43:21.428765+00:00,801.234,0.905,0.9,0.91,0.095,0.09,0.1,,,,
2026-01-06 08:43:22.222000+00:00,2026-01-06 08:43:22.436299+00:00,802.222,0.905,0.9,0.91,0.095,0.09,0.1,,,,
2026-01-06 08:43:23.323000+00:00,2026-01-06 08:43:23.445703+00:00,803.323,0.92,0.91,0.93,0.08,0.07,0.09,,,,
2026-01-06 08:43:24.256000+00:00,2026-01-06 08:43:24.454357+00:00,804.256,0.905,0.9,0.91,0.095,0.09,0.1,,,,
2026-01-06 08:43:25.266000+00:00,2026-01-06 08:43:25.462995+00:00,805.266,0.885,0.88,0.89,0.1149999999999999,0.11,0.12,,,,
2026-01-06 08:43:26.278000+00:00,2026-01-06 08:43:26.471589+00:00,806.278,0.905,0.89,0.92,0.095,0.08,0.11,,,,
2026-01-06 08:43:27.276000+00:00,2026-01-06 08:43:27.478740+00:00,807.276,0.895,0.88,0.91,0.105,0.09,0.12,,,,
2026-01-06 08:43:28.302000+00:00,2026-01-06 08:43:28.493428+00:00,808.302,0.895,0.88,0.91,0.105,0.09,0.12,,,,
2026-01-06 08:43:29.314000+00:00,2026-01-06 08:43:29.512235+00:00,809.314,0.905,0.9,0.91,0.095,0.09,0.1,,,,
2026-01-06 08:43:30.322000+00:00,2026-01-06 08:43:30.520790+00:00,810.322,0.905,0.9,0.91,0.095,0.09,0.1,,,,
2026-01-06 08:43:31.342000+00:00,2026-01-06 08:43:31.539481+00:00,811.342,0.91,0.9,0.92,0.1,0.08,0.12,,,,
2026-01-06 08:43:32.306000+00:00,2026-01-06 08:43:32.538041+00:00,812.306,0.915,0.91,0.92,0.0849999999999999,0.08,0.09,,,,
2026-01-06 08:43:33.354000+00:00,2026-01-06 08:43:33.545585+00:00,813.354,0.91,0.9,0.92,0.09,0.08,0.1,,,,
2026-01-06 08:43:34.284000+00:00,2026-01-06 08:43:34.562023+00:00,814.284,0.91,0.9,0.92,0.09,0.08,0.1,,,,
2026-01-06 08:43:35.244000+00:00,2026-01-06 08:43:35.566929+00:00,815.244,0.915,0.91,0.92,0.0849999999999999,0.08,0.09,,,,
2026-01-06 08:43:36.362000+00:00,2026-01-06 08:43:36.579299+00:00,816.362,0.915,0.91,0.92,0.0849999999999999,0.08,0.09,,,,
2026-01-06 08:43:37.387000+00:00,2026-01-06 08:43:37.577898+00:00,817.387,0.915,0.91,0.92,0.0849999999999999,0.08,0.09,,,,
2026-01-06 08:43:38.376000+00:00,2026-01-06 08:43:38.577744+00:00,818.376,0.915,0.91,0.92,0.0849999999999999,0.08,0.09,,,,
2026-01-06 08:43:39.402000+00:00,2026-01-06 08:43:39.592963+00:00,819.402,0.915,0.91,0.92,0.0849999999999999,0.08,0.09,,,,
2026-01-06 08:43:40.399000+00:00,2026-01-06 08:43:40.596940+00:00,820.399,0.91,0.9,0.92,0.095,0.09,0.1,,,,
2026-01-06 08:43:41.220000+00:00,2026-01-06 08:43:41.595502+00:00,821.22,0.915,0.91,0.92,0.0849999999999999,0.08,0.09,,,,
2026-01-06 08:43:42.255000+00:00,2026-01-06 08:43:42.599804+00:00,822.255,0.915,0.91,0.92,0.09,0.08,0.1,,,,
2026-01-06 08:43:43.392000+00:00,2026-01-06 08:43:43.614322+00:00,823.392,0.915,0.91,0.92,0.0849999999999999,0.08,0.09,,,,
2026-01-06 08:43:44.411000+00:00,2026-01-06 08:43:44.628545+00:00,824.411,0.915,0.91,0.92,0.075,0.07,0.08,,,,
2026-01-06 08:43:45.383000+00:00,2026-01-06 08:43:45.629131+00:00,825.383,0.93,0.92,0.94,0.07,0.06,0.08,,,,
2026-01-06 08:43:46.360000+00:00,2026-01-06 08:43:46.644290+00:00,826.36,0.93,0.92,0.94,0.07,0.06,0.08,,,,
2026-01-06 08:43:47.465000+00:00,2026-01-06 08:43:47.656223+00:00,827.465,0.925,0.92,0.93,0.075,0.07,0.08,,,,
2026-01-06 08:43:48.472000+00:00,2026-01-06 08:43:48.667284+00:00,828.472,0.945,0.94,0.95,0.055,0.05,0.06,,,,
2026-01-06 08:43:49.526000+00:00,2026-01-06 08:43:49.662854+00:00,829.526,0.93,0.91,0.95,0.07,0.05,0.09,,,,
2026-01-06 08:43:50.450000+00:00,2026-01-06 08:43:50.675029+00:00,830.45,0.915,0.91,0.92,0.0849999999999999,0.08,0.09,,,,
2026-01-06 08:43:51.446000+00:00,2026-01-06 08:43:51.680873+00:00,831.446,0.925,0.92,0.93,0.075,0.07,0.08,,,,
2026-01-06 08:43:52.152000+00:00,2026-01-06 08:43:52.685259+00:00,832.152,0.925,0.92,0.93,0.075,0.07,0.08,,,,
2026-01-06 08:43:53.492000+00:00,2026-01-06 08:43:53.698267+00:00,833.492,0.945,0.94,0.95,0.055,0.05,0.06,,,,
2026-01-06 08:43:54.445000+00:00,2026-01-06 08:43:54.715949+00:00,834.445,0.94,0.93,0.95,0.06,0.05,0.07,,,,
2026-01-06 08:43:55.391000+00:00,2026-01-06 08:43:55.726748+00:00,835.391,0.94,0.93,0.95,0.06,0.05,0.07,,,,
2026-01-06 08:43:56.523000+00:00,2026-01-06 08:43:56.726034+00:00,836.523,0.945,0.94,0.95,0.055,0.05,0.06,,,,
2026-01-06 08:43:57.455000+00:00,2026-01-06 08:43:57.745407+00:00,837.455,0.955,0.95,0.96,0.045,0.04,0.05,,,,
2026-01-06 08:43:58.513000+00:00,2026-01-06 08:43:58.762858+00:00,838.513,0.96,0.95,0.97,0.04,0.03,0.05,,,,
2026-01-06 08:43:59.579000+00:00,2026-01-06 08:43:59.779268+00:00,839.579,0.965,0.96,0.97,0.035,0.03,0.04,,,,
2026-01-06 08:44:00.842000+00:00,2026-01-06 08:44:01.026709+00:00,840.842,0.965,0.96,0.97,0.035,0.03,0.04,,,,
2026-01-06 08:44:01.702000+00:00,2026-01-06 08:44:01.831180+00:00,841.702,0.97,0.96,0.98,0.025,0.02,0.03,,,,
2026-01-06 08:44:02.411000+00:00,2026-01-06 08:44:02.836197+00:00,842.411,0.975,0.97,0.98,0.025,0.02,0.03,,,,
2026-01-06 08:44:03.608000+00:00,2026-01-06 08:44:03.836777+00:00,843.608,0.975,0.97,0.98,0.025,0.02,0.03,,,,
2026-01-06 08:44:04.590000+00:00,2026-01-06 08:44:04.844332+00:00,844.59,0.965,0.95,0.98,0.035,0.02,0.05,,,,
2026-01-06 08:44:05.593000+00:00,2026-01-06 08:44:05.841761+00:00,845.593,0.965,0.95,0.98,0.035,0.02,0.05,,,,
2026-01-06 08:44:06.612000+00:00,2026-01-06 08:44:06.836780+00:00,846.612,0.975,0.97,0.98,0.025,0.02,0.03,,,,
2026-01-06 08:44:07.502000+00:00,2026-01-06 08:44:07.848225+00:00,847.502,0.975,0.97,0.98,0.025,0.02,0.03,,,,
2026-01-06 08:44:08.575000+00:00,2026-01-06 08:44:08.844484+00:00,848.575,0.975,0.97,0.98,0.025,0.02,0.03,,,,
2026-01-06 08:44:09.657000+00:00,2026-01-06 08:44:09.854372+00:00,849.657,0.975,0.97,0.98,0.025,0.02,0.03,,,,
2026-01-06 08:44:10.530000+00:00,2026-01-06 08:44:10.869408+00:00,850.53,0.975,0.97,0.98,0.025,0.02,0.03,,,,
2026-01-06 08:44:11.664000+00:00,2026-01-06 08:44:11.884397+00:00,851.664,0.975,0.97,0.98,0.025,0.02,0.03,,,,
2026-01-06 08:44:12.626000+00:00,2026-01-06 08:44:12.912071+00:00,852.626,0.975,0.97,0.98,0.025,0.02,0.03,,,,
2026-01-06 08:44:13.645000+00:00,2026-01-06 08:44:13.916391+00:00,853.645,0.975,0.97,0.98,0.025,0.02,0.03,,,,
2026-01-06 08:44:14.712000+00:00,2026-01-06 08:44:14.930373+00:00,854.712,0.97,0.96,0.98,0.03,0.02,0.04,,,,
2026-01-06 08:44:15.721000+00:00,2026-01-06 08:44:15.927226+00:00,855.721,0.975,0.97,0.98,0.025,0.02,0.03,,,,
2026-01-06 08:44:16.723000+00:00,2026-01-06 08:44:16.938495+00:00,856.723,0.985,0.98,0.99,0.015,0.01,0.02,,,,
2026-01-06 08:44:17.658000+00:00,2026-01-06 08:44:17.963160+00:00,857.658,0.985,0.98,0.99,0.015,0.01,0.02,,,,
2026-01-06 08:44:18.737000+00:00,2026-01-06 08:44:18.963794+00:00,858.737,0.98,0.97,0.99,0.02,0.01,0.03,,,,
2026-01-06 08:44:19.774000+00:00,2026-01-06 08:44:19.979135+00:00,859.774,0.98,0.97,0.99,0.015,0.01,0.02,,,,
2026-01-06 08:44:20.794000+00:00,2026-01-06 08:44:20.994058+00:00,860.794,0.985,0.98,0.99,0.015,0.01,0.02,,,,
2026-01-06 08:44:21.719000+00:00,2026-01-06 08:44:22.000879+00:00,861.719,0.985,0.98,0.99,0.025,0.02,0.03,,,,
2026-01-06 08:44:22.778000+00:00,2026-01-06 08:44:23.005663+00:00,862.778,0.98,0.97,0.99,0.02,0.01,0.03,,,,
2026-01-06 08:44:23.273000+00:00,2026-01-06 08:44:24.013962+00:00,863.273,0.98,0.97,0.99,0.02,0.01,0.03,,,,
2026-01-06 08:44:24.305000+00:00,2026-01-06 08:44:25.019257+00:00,864.305,0.98,0.97,0.99,0.02,0.01,0.03,,,,
2026-01-06 08:44:25.769000+00:00,2026-01-06 08:44:26.010600+00:00,865.769,0.98,0.97,0.99,0.02,0.01,0.03,,,,
2026-01-06 08:44:26.824000+00:00,2026-01-06 08:44:27.020315+00:00,866.824,0.985,0.98,0.99,0.015,0.01,0.02,,,,
2026-01-06 08:44:27.712000+00:00,2026-01-06 08:44:28.030825+00:00,867.712,0.99,0.99,,0.01,,0.01,,,,
2026-01-06 08:44:28.812000+00:00,2026-01-06 08:44:29.047082+00:00,868.812,0.99,0.99,,0.01,,0.01,,,,
2026-01-06 08:44:29.859000+00:00,2026-01-06 08:44:30.066803+00:00,869.859,0.99,0.99,,0.01,,0.01,,,,
2026-01-06 08:44:30.868000+00:00,2026-01-06 08:44:31.085417+00:00,870.868,0.99,0.99,,0.01,,0.01,,,,
2026-01-06 08:44:31.980000+00:00,2026-01-06 08:44:32.093247+00:00,871.98,0.99,0.99,,0.01,,0.01,,,,
2026-01-06 08:44:32.767000+00:00,2026-01-06 08:44:33.109778+00:00,872.767,0.99,0.99,,0.01,,0.01,,,,
2026-01-06 08:44:33.880000+00:00,2026-01-06 08:44:34.111803+00:00,873.88,0.99,0.99,,0.01,,0.01,,,,
2026-01-06 08:44:34.870000+00:00,2026-01-06 08:44:35.113013+00:00,874.87,0.99,0.99,,0.01,,0.01,,,,
2026-01-06 08:44:35.905000+00:00,2026-01-06 08:44:36.115305+00:00,875.905,0.99,0.99,,0.01,,0.01,,,,
2026-01-06 08:44:36.859000+00:00,2026-01-06 08:44:37.122361+00:00,876.859,0.99,0.99,,0.01,,0.01,,,,
2026-01-06 08:44:37.862000+00:00,2026-01-06 08:44:38.134468+00:00,877.862,0.985,0.98,0.99,0.015,0.01,0.02,,,,
2026-01-06 08:44:38.894000+00:00,2026-01-06 08:44:39.148092+00:00,878.894,0.985,0.98,0.99,0.02,0.01,0.03,,,,
2026-01-06 08:44:39.910000+00:00,2026-01-06 08:44:40.141765+00:00,879.91,0.985,0.98,0.99,0.015,0.01,0.02,,,,
2026-01-06 08:44:40.948000+00:00,2026-01-06 08:44:41.151508+00:00,880.948,0.98,0.97,0.99,0.015,0.01,0.02,,,,
2026-01-06 08:44:41.844000+00:00,2026-01-06 08:44:42.151853+00:00,881.844,0.985,0.98,0.99,0.015,0.01,0.02,,,,
2026-01-06 08:44:42.769000+00:00,2026-01-06 08:44:43.167065+00:00,882.769,0.985,0.98,0.99,0.025,0.01,0.04,,,,
2026-01-06 08:44:43.955000+00:00,2026-01-06 08:44:44.165240+00:00,883.955,0.975,0.96,0.99,0.03,0.02,0.04,,,,
2026-01-06 08:44:44.934000+00:00,2026-01-06 08:44:45.167903+00:00,884.934,0.99,0.99,,0.01,,0.01,,,,
2026-01-06 08:44:45.901000+00:00,2026-01-06 08:44:46.164722+00:00,885.901,0.99,0.99,,0.01,,0.01,,,,
2026-01-06 08:44:46.924000+00:00,2026-01-06 08:44:47.180187+00:00,886.924,0.99,0.99,,0.01,,0.01,,,,
2026-01-06 08:44:47.975000+00:00,2026-01-06 08:44:48.198292+00:00,887.975,0.99,0.99,,0.02,,0.02,,,,
2026-01-06 08:44:49.975000+00:00,2026-01-06 08:44:50.212408+00:00,889.975,0.99,0.99,,0.01,,0.01,,,,
2026-01-06 08:44:50.918000+00:00,2026-01-06 08:44:51.204146+00:00,890.918,0.99,0.99,,0.01,,0.01,,,,
2026-01-06 08:44:51.678000+00:00,2026-01-06 08:44:52.210064+00:00,891.678,0.99,0.99,,0.01,,0.01,,,,
2026-01-06 08:44:52.641000+00:00,2026-01-06 08:44:53.214355+00:00,892.641,0.98,0.98,,0.02,,0.02,,,,
2026-01-06 08:44:53.984000+00:00,2026-01-06 08:44:54.216938+00:00,893.984,0.99,0.99,,0.01,,0.01,,,,
2026-01-06 08:44:55.020000+00:00,2026-01-06 08:44:55.216852+00:00,895.02,0.99,0.99,,0.01,,0.01,,,,
2026-01-06 08:44:56.811000+00:00,2026-01-06 08:44:57.240933+00:00,896.811,0.99,0.99,,0.01,,0.01,,,,
2026-01-06 08:44:57.868000+00:00,2026-01-06 08:44:58.245989+00:00,897.868,0.99,0.99,,0.01,,0.01,,,,
2026-01-06 08:44:59.005000+00:00,2026-01-06 08:44:59.263511+00:00,899.005,0.99,0.99,,0.01,,0.01,,,,
