timestamp,collected_at,seconds,mid,bid,ask,asset
2026-01-06 09:30:00+00:00,2026-01-06 09:37:17.503623+00:00,0.0,3225.141,3224.93,3225.19,ETH
2026-01-06 09:30:01+00:00,2026-01-06 09:37:18.498020+00:00,1.0,3225.081,3224.86,3225.15,ETH
2026-01-06 09:30:02+00:00,2026-01-06 09:37:19.614366+00:00,2.0,3225.121,3224.84,3225.17,ETH
2026-01-06 09:30:03+00:00,2026-01-06 09:37:20.627483+00:00,3.0,3225.141,3224.86,3225.2,ETH
2026-01-06 09:30:04+00:00,2026-01-06 09:37:21.629610+00:00,4.0,3225.141,3224.86,3225.21,ETH
2026-01-06 09:30:05+00:00,2026-01-06 09:37:22.629910+00:00,5.0,3225.161,3224.88,3225.2,ETH
2026-01-06 09:30:06+00:00,2026-01-06 09:37:23.648995+00:00,6.0,3225.331,3225.12,3225.56,ETH
2026-01-06 09:30:07+00:00,2026-01-06 09:37:24.650641+00:00,7.0,3225.511,3225.27,3225.67,ETH
2026-01-06 09:30:08+00:00,2026-01-06 09:37:25.714669+00:00,8.0,3225.521,3225.27,3225.67,ETH
2026-01-06 09:30:09+00:00,2026-01-06 09:37:26.717626+00:00,9.0,3225.511,3225.26,3225.67,ETH
2026-01-06 09:30:10+00:00,2026-01-06 09:37:27.713653+00:00,10.0,3225.501,3225.25,3225.67,ETH
2026-01-06 09:30:11+00:00,2026-01-06 09:37:28.711038+00:00,11.0,3225.501,3225.26,3225.67,ETH
2026-01-06 09:30:12+00:00,2026-01-06 09:37:29.715205+00:00,12.0,3225.411,3225.26,3225.54,ETH
2026-01-06 09:30:13+00:00,2026-01-06 09:37:30.714817+00:00,13.0,3225.261,3225.21,3225.36,ETH
2026-01-06 09:30:14+00:00,2026-01-06 09:37:31.715625+00:00,14.0,3225.171,3225.09,3225.29,ETH
2026-01-06 09:30:15+00:00,2026-01-06 09:37:32.710475+00:00,15.0,3225.111,3225.02,3225.27,ETH
2026-01-06 09:30:16+00:00,2026-01-06 09:37:33.711696+00:00,16.0,3225.071,3225.01,3225.26,ETH
2026-01-06 09:30:17+00:00,2026-01-06 09:37:34.710807+00:00,17.0,3225.051,3225.0,3225.24,ETH
2026-01-06 09:30:18+00:00,2026-01-06 09:37:35.724572+00:00,18.0,3225.091,3224.99,3225.19,ETH
2026-01-06 09:30:19+00:00,2026-01-06 09:37:36.738554+00:00,19.0,3225.141,3224.98,3225.15,ETH
2026-01-06 09:30:20+00:00,2026-01-06 09:37:37.724587+00:00,20.0,3225.141,3224.94,3225.15,ETH
2026-01-06 09:30:21+00:00,2026-01-06 09:37:38.727421+00:00,21.0,3225.101,3224.9,3225.11,ETH
2026-01-06 09:30:22+00:00,2026-01-06 09:37:39.724891+00:00,22.0,3225.061,3224.9,3225.07,ETH
2026-01-06 09:30:23+00:00,2026-01-06 09:37:40.733245+00:00,23.0,3225.061,3224.88,3225.07,ETH
2026-01-06 09:30:24+00:00,2026-01-06 09:37:41.729891+00:00,24.0,3225.061,3224.88,3225.07,ETH
2026-01-06 09:30:25+00:00,2026-01-06 09:37:42.723555+00:00,25.0,3225.061,3224.88,3225.07,ETH
2026-01-06 09:30:26+00:00,2026-01-06 09:37:43.745888+00:00,26.0,3225.061,3224.88,3225.07,ETH
2026-01-06 09:30:27+00:00,2026-01-06 09:37:44.745333+00:00,27.0,3225.061,3224.88,3225.07,ETH
2026-01-06 09:30:28+00:00,2026-01-06 09:37:45.765293+00:00,28.0,3225.061,3224.88,3225.07,ETH
2026-01-06 09:30:29+00:00,2026-01-06 09:37:46.777335+00:00,29.0,3225.041,3224.88,3225.07,ETH
2026-01-06 09:30:30+00:00,2026-01-06 09:37:47.802964+00:00,30.0,3224.851,3224.84,3224.97,ETH
2026-01-06 09:30:31+00:00,2026-01-06 09:37:48.832467+00:00,31.0,3224.851,3224.77,3224.85,ETH
2026-01-06 09:30:32+00:00,2026-01-06 09:37:49.835726+00:00,32.0,3224.851,3224.74,3224.85,ETH
2026-01-06 09:30:33+00:00,2026-01-06 09:37:50.830867+00:00,33.0,3224.851,3224.74,3224.85,ETH
2026-01-06 09:30:34+00:00,2026-01-06 09:37:51.827114+00:00,34.0,3224.851,3224.67,3224.85,ETH
2026-01-06 09:30:35+00:00,2026-01-06 09:37:52.831643+00:00,35.0,3224.851,3224.67,3224.85,ETH
2026-01-06 09:30:36+00:00,2026-01-06 09:37:53.847089+00:00,36.0,3224.801,3224.67,3224.85,ETH
2026-01-06 09:30:37+00:00,2026-01-06 09:37:54.847278+00:00,37.0,3224.811,3224.68,3224.84,ETH
2026-01-06 09:30:38+00:00,2026-01-06 09:37:55.843144+00:00,38.0,3224.791,3224.67,3224.83,ETH
2026-01-06 09:30:39+00:00,2026-01-06 09:37:56.856312+00:00,39.0,3224.751,3224.67,3224.79,ETH
2026-01-06 09:30:40+00:00,2026-01-06 09:37:57.877610+00:00,40.0,3224.771,3224.69,3224.81,ETH
2026-01-06 09:30:41+00:00,2026-01-06 09:37:58.880381+00:00,41.0,3224.731,3224.69,3224.76,ETH
2026-01-06 09:30:42+00:00,2026-01-06 09:37:59.898458+00:00,42.0,3224.701,3224.6,3224.73,ETH
2026-01-06 09:30:43+00:00,2026-01-06 09:38:00.908466+00:00,43.0,3224.701,3224.58,3224.71,ETH
2026-01-06 09:30:44+00:00,2026-01-06 09:38:01.916620+00:00,44.0,3224.701,3224.58,3224.7,ETH
2026-01-06 09:30:45+00:00,2026-01-06 09:38:02.925481+00:00,45.0,3224.681,3224.57,3224.71,ETH
2026-01-06 09:30:46+00:00,2026-01-06 09:38:03.945869+00:00,46.0,3224.671,3224.57,3224.71,ETH
2026-01-06 09:30:47+00:00,2026-01-06 09:38:04.943324+00:00,47.0,3224.661,3224.58,3224.7,ETH
2026-01-06 09:30:48+00:00,2026-01-06 09:38:05.929310+00:00,48.0,3224.671,3224.58,3224.7,ETH
2026-01-06 09:30:49+00:00,2026-01-06 09:38:06.944303+00:00,49.0,3224.671,3224.57,3224.71,ETH
2026-01-06 09:30:50+00:00,2026-01-06 09:38:07.944293+00:00,50.0,3224.651,3224.57,3224.71,ETH
2026-01-06 09:30:51+00:00,2026-01-06 09:38:08.944150+00:00,51.0,3224.651,3224.57,3224.71,ETH
2026-01-06 09:30:52+00:00,2026-01-06 09:38:10.941272+00:00,52.0,3224.661,3224.57,3224.71,ETH
2026-01-06 09:30:53+00:00,2026-01-06 09:38:11.943627+00:00,53.0,3224.651,3224.58,3224.7,ETH
2026-01-06 09:30:54+00:00,2026-01-06 09:38:12.958531+00:00,54.0,3224.641,3224.58,3224.7,ETH
2026-01-06 09:30:55+00:00,2026-01-06 09:38:13.962645+00:00,55.0,3224.671,3224.58,3224.71,ETH
2026-01-06 09:30:56+00:00,2026-01-06 09:38:15.125778+00:00,56.0,3224.701,3224.58,3224.73,ETH
2026-01-06 09:30:57+00:00,2026-01-06 09:38:16.141312+00:00,57.0,3224.701,3224.58,3224.73,ETH
2026-01-06 09:30:58+00:00,2026-01-06 09:38:17.160228+00:00,58.0,3224.621,3224.54,3224.71,ETH
2026-01-06 09:30:59+00:00,2026-01-06 09:38:18.162648+00:00,59.0,3224.621,3224.53,3224.7,ETH
2026-01-06 09:31:00+00:00,2026-01-06 09:38:19.163368+00:00,60.0,3224.591,3224.51,3224.7,ETH
2026-01-06 09:31:01+00:00,2026-01-06 09:38:20.161454+00:00,61.0,3224.591,3224.48,3224.7,ETH
2026-01-06 09:31:03+00:00,2026-01-06 09:38:21.201400+00:00,63.0,3224.701,3224.53,3224.7,ETH
2026-01-06 09:31:04+00:00,2026-01-06 09:38:22.238913+00:00,64.0,3224.701,3224.53,3224.7,ETH
2026-01-06 09:31:05+00:00,2026-01-06 09:38:23.205518+00:00,65.0,3224.701,3224.52,3224.7,ETH
2026-01-06 09:31:06+00:00,2026-01-06 09:38:24.228296+00:00,66.0,3224.701,3224.52,3224.7,ETH
2026-01-06 09:31:07+00:00,2026-01-06 09:38:25.225422+00:00,67.0,3224.701,3224.52,3224.7,ETH
2026-01-06 09:31:08+00:00,2026-01-06 09:38:26.220808+00:00,68.0,3224.701,3224.57,3224.7,ETH
2026-01-06 09:31:09+00:00,2026-01-06 09:38:27.241104+00:00,69.0,3224.701,3224.58,3224.75,ETH
2026-01-06 09:31:10+00:00,2026-01-06 09:38:28.241020+00:00,70.0,3224.541,3224.44,3224.55,ETH
2026-01-06 09:31:11+00:00,2026-01-06 09:38:29.233857+00:00,71.0,3224.461,3224.37,3224.5,ETH
2026-01-06 09:31:12+00:00,2026-01-06 09:38:30.247421+00:00,72.0,3224.441,3224.38,3224.54,ETH
2026-01-06 09:31:13+00:00,2026-01-06 09:38:31.242588+00:00,73.0,3224.451,3224.38,3224.52,ETH
2026-01-06 09:31:14+00:00,2026-01-06 09:38:32.253414+00:00,74.0,3224.441,3224.38,3224.51,ETH
2026-01-06 09:31:15+00:00,2026-01-06 09:38:33.262094+00:00,75.0,3224.411,3224.37,3224.49,ETH
2026-01-06 09:31:16+00:00,2026-01-06 09:38:34.276145+00:00,76.0,3224.431,3224.37,3224.49,ETH
2026-01-06 09:31:17+00:00,2026-01-06 09:38:35.273637+00:00,77.0,3224.431,3224.37,3224.5,ETH
2026-01-06 09:31:18+00:00,2026-01-06 09:38:36.321512+00:00,78.0,3224.441,3224.37,3224.53,ETH
2026-01-06 09:31:19+00:00,2026-01-06 09:38:37.313015+00:00,79.0,3224.581,3224.37,3224.75,ETH
2026-01-06 09:31:20+00:00,2026-01-06 09:38:38.343339+00:00,80.0,3224.711,3224.54,3224.89,ETH
2026-01-06 09:31:21+00:00,2026-01-06 09:38:39.323902+00:00,81.0,3224.801,3224.69,3224.93,ETH
2026-01-06 09:31:22+00:00,2026-01-06 09:38:40.322571+00:00,82.0,3224.891,3224.69,3224.97,ETH
2026-01-06 09:31:23+00:00,2026-01-06 09:38:41.329730+00:00,83.0,3224.891,3224.69,3224.94,ETH
2026-01-06 09:31:24+00:00,2026-01-06 09:38:42.340460+00:00,84.0,3224.881,3224.68,3224.99,ETH
2026-01-06 09:31:25+00:00,2026-01-06 09:38:43.337927+00:00,85.0,3224.881,3224.68,3224.97,ETH
2026-01-06 09:31:26+00:00,2026-01-06 09:38:44.345427+00:00,86.0,3224.871,3224.66,3224.93,ETH
2026-01-06 09:31:27+00:00,2026-01-06 09:38:45.356783+00:00,87.0,3224.891,3224.68,3225.01,ETH
2026-01-06 09:31:28+00:00,2026-01-06 09:38:46.357612+00:00,88.0,3224.921,3224.71,3225.35,ETH
2026-01-06 09:31:29+00:00,2026-01-06 09:38:47.361783+00:00,89.0,3225.321,3225.09,3225.44,ETH
2026-01-06 09:31:30+00:00,2026-01-06 09:38:48.376362+00:00,90.0,3225.321,3225.09,3225.41,ETH
2026-01-06 09:31:31+00:00,2026-01-06 09:38:49.374605+00:00,91.0,3225.321,3225.09,3225.44,ETH
2026-01-06 09:31:32+00:00,2026-01-06 09:38:50.389663+00:00,92.0,3225.311,3225.09,3225.39,ETH
2026-01-06 09:31:33+00:00,2026-01-06 09:38:51.396803+00:00,93.0,3225.321,3225.09,3225.44,ETH
2026-01-06 09:31:34+00:00,2026-01-06 09:38:52.411495+00:00,94.0,3225.351,3225.16,3225.51,ETH
2026-01-06 09:31:35+00:00,2026-01-06 09:38:53.393221+00:00,95.0,3225.831,3225.6,3225.87,ETH
2026-01-06 09:31:36+00:00,2026-01-06 09:38:54.411540+00:00,96.0,3225.871,3225.74,3225.94,ETH
2026-01-06 09:31:37+00:00,2026-01-06 09:38:55.408719+00:00,97.0,3225.871,3225.67,3225.91,ETH
2026-01-06 09:31:38+00:00,2026-01-06 09:38:56.408847+00:00,98.0,3225.871,3225.67,3226.01,ETH
2026-01-06 09:31:39+00:00,2026-01-06 09:38:57.411399+00:00,99.0,3225.871,3225.67,3225.96,ETH
2026-01-06 09:31:40+00:00,2026-01-06 09:38:59.427907+00:00,100.0,3225.741,3225.56,3225.92,ETH
2026-01-06 09:31:41+00:00,2026-01-06 09:39:00.433798+00:00,101.0,3225.611,3225.39,3225.83,ETH
2026-01-06 09:31:42+00:00,2026-01-06 09:39:01.443032+00:00,102.0,3225.601,3225.31,3225.82,ETH
2026-01-06 09:31:43+00:00,2026-01-06 09:39:02.455116+00:00,103.0,3225.601,3225.38,3225.75,ETH
2026-01-06 09:31:44+00:00,2026-01-06 09:39:03.459524+00:00,104.0,3225.551,3225.45,3225.66,ETH
2026-01-06 09:31:45+00:00,2026-01-06 09:39:04.463066+00:00,105.0,3225.501,3225.41,3225.6,ETH
2026-01-06 09:31:46+00:00,2026-01-06 09:39:05.454568+00:00,106.0,3225.501,3225.37,3225.54,ETH
2026-01-06 09:31:47+00:00,2026-01-06 09:39:06.456581+00:00,107.0,3225.501,3225.37,3225.5,ETH
2026-01-06 09:31:48+00:00,2026-01-06 09:39:07.463306+00:00,108.0,3225.501,3225.36,3225.5,ETH
2026-01-06 09:31:49+00:00,2026-01-06 09:39:08.472924+00:00,109.0,3225.501,3225.35,3225.51,ETH
2026-01-06 09:31:51+00:00,2026-01-06 09:39:10.557960+00:00,111.0,3225.501,3225.36,3225.56,ETH
2026-01-06 09:31:52+00:00,2026-01-06 09:39:11.558718+00:00,112.0,3225.501,3225.36,3225.6,ETH
2026-01-06 09:31:53+00:00,2026-01-06 09:39:12.620961+00:00,113.0,3225.511,3225.36,3225.59,ETH
2026-01-06 09:31:56+00:00,2026-01-06 09:39:15.190631+00:00,116.0,3225.481,3225.33,3225.52,ETH
2026-01-06 09:31:57+00:00,2026-01-06 09:39:16.181893+00:00,117.0,3225.511,3225.33,3225.69,ETH
2026-01-06 09:31:58+00:00,2026-01-06 09:39:17.263221+00:00,118.0,3225.511,3225.33,3225.66,ETH
2026-01-06 09:31:59+00:00,2026-01-06 09:39:18.283741+00:00,119.0,3225.431,3225.33,3225.63,ETH
2026-01-06 09:32:00+00:00,2026-01-06 09:39:19.276722+00:00,120.0,3225.341,3225.33,3225.63,ETH
2026-01-06 09:32:01+00:00,2026-01-06 09:39:20.339703+00:00,121.0,3225.331,3225.31,3225.58,ETH
2026-01-06 09:32:02+00:00,2026-01-06 09:39:21.360217+00:00,122.0,3225.311,3225.29,3225.51,ETH
2026-01-06 09:32:03+00:00,2026-01-06 09:39:22.370756+00:00,123.0,3225.311,3225.29,3225.48,ETH
2026-01-06 09:32:04+00:00,2026-01-06 09:39:23.402350+00:00,124.0,3225.001,3225.0,3225.19,ETH
2026-01-06 09:32:05+00:00,2026-01-06 09:39:24.393379+00:00,125.0,3225.001,3225.0,3225.1,ETH
2026-01-06 09:32:06+00:00,2026-01-06 09:39:25.398350+00:00,126.0,3225.001,3224.91,3225.07,ETH
2026-01-06 09:32:07+00:00,2026-01-06 09:39:26.373358+00:00,127.0,3225.001,3224.91,3225.26,ETH
2026-01-06 09:32:08+00:00,2026-01-06 09:39:27.398333+00:00,128.0,3225.001,3224.91,3225.27,ETH
2026-01-06 09:32:09+00:00,2026-01-06 09:39:28.375459+00:00,129.0,3225.051,3224.91,3225.23,ETH
2026-01-06 09:32:10+00:00,2026-01-06 09:39:29.403648+00:00,130.0,3225.031,3224.94,3225.22,ETH
2026-01-06 09:32:11+00:00,2026-01-06 09:39:30.407517+00:00,131.0,3225.001,3224.93,3225.18,ETH
2026-01-06 09:32:12+00:00,2026-01-06 09:39:31.427176+00:00,132.0,3225.011,3224.94,3225.23,ETH
2026-01-06 09:32:13+00:00,2026-01-06 09:39:32.422099+00:00,133.0,3224.881,3224.86,3225.25,ETH
2026-01-06 09:32:14+00:00,2026-01-06 09:39:33.440696+00:00,134.0,3224.891,3224.89,3225.16,ETH
2026-01-06 09:32:15+00:00,2026-01-06 09:39:34.440256+00:00,135.0,3224.891,3224.87,3225.12,ETH
2026-01-06 09:32:16+00:00,2026-01-06 09:39:35.442821+00:00,136.0,3224.891,3224.87,3225.2,ETH
2026-01-06 09:32:17+00:00,2026-01-06 09:39:36.439140+00:00,137.0,3224.891,3224.88,3225.23,ETH
2026-01-06 09:32:18+00:00,2026-01-06 09:39:37.466253+00:00,138.0,3224.891,3224.88,3225.21,ETH
2026-01-06 09:32:19+00:00,2026-01-06 09:39:38.478848+00:00,139.0,3224.891,3224.88,3225.22,ETH
2026-01-06 09:32:20+00:00,2026-01-06 09:39:39.461386+00:00,140.0,3224.891,3224.82,3225.21,ETH
2026-01-06 09:32:21+00:00,2026-01-06 09:39:40.480220+00:00,141.0,3224.891,3224.89,3225.25,ETH
2026-01-06 09:32:22+00:00,2026-01-06 09:39:41.473195+00:00,142.0,3224.891,3224.89,3225.21,ETH
2026-01-06 09:32:23+00:00,2026-01-06 09:39:42.473926+00:00,143.0,3224.891,3224.88,3225.17,ETH
2026-01-06 09:32:24+00:00,2026-01-06 09:39:43.459264+00:00,144.0,3224.891,3224.88,3225.16,ETH
2026-01-06 09:32:25+00:00,2026-01-06 09:39:44.478774+00:00,145.0,3224.701,3224.7,3224.82,ETH
2026-01-06 09:32:26+00:00,2026-01-06 09:39:45.491611+00:00,146.0,3224.681,3224.45,3224.7,ETH
2026-01-06 09:32:27+00:00,2026-01-06 09:39:47.509824+00:00,147.0,3224.301,3224.3,3224.5,ETH
2026-01-06 09:32:28+00:00,2026-01-06 09:39:48.531381+00:00,148.0,3224.301,3224.29,3224.4,ETH
2026-01-06 09:32:29+00:00,2026-01-06 09:39:49.527229+00:00,149.0,3224.301,3224.29,3224.31,ETH
2026-01-06 09:32:30+00:00,2026-01-06 09:39:50.541197+00:00,150.0,3224.301,3224.29,3224.31,ETH
2026-01-06 09:32:31+00:00,2026-01-06 09:39:51.545509+00:00,151.0,3224.301,3224.29,3224.31,ETH
2026-01-06 09:32:32+00:00,2026-01-06 09:39:52.558567+00:00,152.0,3224.411,3224.32,3224.41,ETH
2026-01-06 09:32:33+00:00,2026-01-06 09:39:53.569188+00:00,153.0,3224.511,3224.35,3224.6,ETH
2026-01-06 09:32:34+00:00,2026-01-06 09:39:54.576040+00:00,154.0,3224.441,3224.34,3224.68,ETH
2026-01-06 09:32:35+00:00,2026-01-06 09:39:55.605395+00:00,155.0,3224.371,3224.34,3224.65,ETH
2026-01-06 09:32:36+00:00,2026-01-06 09:39:56.605747+00:00,156.0,3224.371,3224.32,3224.5,ETH
2026-01-06 09:32:37+00:00,2026-01-06 09:39:57.610477+00:00,157.0,3224.371,3224.3,3224.39,ETH
2026-01-06 09:32:38+00:00,2026-01-06 09:39:58.607081+00:00,158.0,3224.361,3224.3,3224.41,ETH
2026-01-06 09:32:39+00:00,2026-01-06 09:39:59.616457+00:00,159.0,3224.341,3224.29,3224.49,ETH
2026-01-06 09:32:40+00:00,2026-01-06 09:40:00.613659+00:00,160.0,3224.331,3224.29,3224.57,ETH
2026-01-06 09:32:41+00:00,2026-01-06 09:40:01.618548+00:00,161.0,3224.321,3224.29,3224.56,ETH
2026-01-06 09:32:42+00:00,2026-01-06 09:40:02.630940+00:00,162.0,3224.301,3224.29,3224.49,ETH
2026-01-06 09:32:43+00:00,2026-01-06 09:40:03.644313+00:00,163.0,3224.311,3224.29,3224.45,ETH
2026-01-06 09:32:44+00:00,2026-01-06 09:40:04.656961+00:00,164.0,3224.311,3224.29,3224.46,ETH
2026-01-06 09:32:45+00:00,2026-01-06 09:40:05.673563+00:00,165.0,3224.311,3224.29,3224.47,ETH
2026-01-06 09:32:46+00:00,2026-01-06 09:40:06.675554+00:00,166.0,3224.101,3224.07,3224.39,ETH
2026-01-06 09:32:47+00:00,2026-01-06 09:40:07.681496+00:00,167.0,3224.101,3224.07,3224.38,ETH
2026-01-06 09:32:49+00:00,2026-01-06 09:40:08.738151+00:00,169.0,3224.311,3224.29,3224.44,ETH
2026-01-06 09:32:50+00:00,2026-01-06 09:40:10.717661+00:00,170.0,3224.311,3224.29,3224.41,ETH
2026-01-06 09:32:51+00:00,2026-01-06 09:40:11.700297+00:00,171.0,3224.061,3223.91,3224.26,ETH
2026-01-06 09:32:52+00:00,2026-01-06 09:40:12.684354+00:00,172.0,3223.701,3223.53,3224.02,ETH
2026-01-06 09:32:53+00:00,2026-01-06 09:40:13.701875+00:00,173.0,3223.591,3223.47,3223.88,ETH
2026-01-06 09:32:54+00:00,2026-01-06 09:40:14.714418+00:00,174.0,3223.591,3223.43,3223.82,ETH
2026-01-06 09:32:55+00:00,2026-01-06 09:40:15.736675+00:00,175.0,3223.591,3223.44,3223.82,ETH
2026-01-06 09:32:56+00:00,2026-01-06 09:40:16.736995+00:00,176.0,3223.631,3223.43,3223.85,ETH
2026-01-06 09:32:57+00:00,2026-01-06 09:40:17.742001+00:00,177.0,3223.681,3223.48,3223.88,ETH
2026-01-06 09:32:58+00:00,2026-01-06 09:40:18.749995+00:00,178.0,3223.691,3223.55,3223.88,ETH
2026-01-06 09:32:59+00:00,2026-01-06 09:40:19.755564+00:00,179.0,3223.641,3223.55,3223.89,ETH
2026-01-06 09:33:00+00:00,2026-01-06 09:40:20.758156+00:00,180.0,3223.591,3223.52,3223.74,ETH
2026-01-06 09:33:01+00:00,2026-01-06 09:40:21.753704+00:00,181.0,3223.591,3223.49,3223.59,ETH
2026-01-06 09:33:02+00:00,2026-01-06 09:40:22.746614+00:00,182.0,3223.591,3223.5,3223.63,ETH
2026-01-06 09:33:03+00:00,2026-01-06 09:40:23.774316+00:00,183.0,3223.501,3223.37,3223.69,ETH
2026-01-06 09:33:04+00:00,2026-01-06 09:40:24.773294+00:00,184.0,3223.311,3223.22,3223.61,ETH
2026-01-06 09:33:05+00:00,2026-01-06 09:40:25.757548+00:00,185.0,3223.211,3223.19,3223.4,ETH
2026-01-06 09:33:06+00:00,2026-01-06 09:40:26.770058+00:00,186.0,3223.211,3223.19,3223.31,ETH
2026-01-06 09:33:07+00:00,2026-01-06 09:40:27.772599+00:00,187.0,3223.211,3223.19,3223.31,ETH
2026-01-06 09:33:08+00:00,2026-01-06 09:40:28.779554+00:00,188.0,3223.201,3223.19,3223.33,ETH
2026-01-06 09:33:09+00:00,2026-01-06 09:40:29.790855+00:00,189.0,3223.201,3223.19,3223.36,ETH
2026-01-06 09:33:10+00:00,2026-01-06 09:40:30.809138+00:00,190.0,3223.201,3223.17,3223.35,ETH
2026-01-06 09:33:11+00:00,2026-01-06 09:40:31.828473+00:00,191.0,3223.201,3223.16,3223.29,ETH
2026-01-06 09:33:12+00:00,2026-01-06 09:40:32.827526+00:00,192.0,3223.201,3223.16,3223.23,ETH
2026-01-06 09:33:13+00:00,2026-01-06 09:40:33.836306+00:00,193.0,3223.201,3223.16,3223.22,ETH
2026-01-06 09:33:14+00:00,2026-01-06 09:40:34.820895+00:00,194.0,3223.211,3223.17,3223.25,ETH
2026-01-06 09:33:15+00:00,2026-01-06 09:40:35.817895+00:00,195.0,3223.201,3223.17,3223.29,ETH
2026-01-06 09:33:16+00:00,2026-01-06 09:40:36.821098+00:00,196.0,3223.201,3223.17,3223.31,ETH
2026-01-06 09:33:17+00:00,2026-01-06 09:40:37.815809+00:00,197.0,3223.201,3223.17,3223.32,ETH
2026-01-06 09:33:18+00:00,2026-01-06 09:40:38.820250+00:00,198.0,3223.201,3223.17,3223.32,ETH
2026-01-06 09:33:19+00:00,2026-01-06 09:40:39.814477+00:00,199.0,3223.201,3223.16,3223.32,ETH
2026-01-06 09:33:20+00:00,2026-01-06 09:40:40.836164+00:00,200.0,3223.201,3223.16,3223.32,ETH
2026-01-06 09:33:21+00:00,2026-01-06 09:40:41.833736+00:00,201.0,3223.201,3223.17,3223.29,ETH
2026-01-06 09:33:22+00:00,2026-01-06 09:40:42.850413+00:00,202.0,3223.081,3223.07,3223.17,ETH
2026-01-06 09:33:23+00:00,2026-01-06 09:40:43.848758+00:00,203.0,3222.931,3222.93,3223.02,ETH
2026-01-06 09:33:24+00:00,2026-01-06 09:40:44.859428+00:00,204.0,3222.831,3222.82,3222.92,ETH
2026-01-06 09:33:25+00:00,2026-01-06 09:40:45.871023+00:00,205.0,3222.761,3222.75,3222.87,ETH
2026-01-06 09:33:26+00:00,2026-01-06 09:40:46.893831+00:00,206.0,3222.761,3222.75,3222.88,ETH
2026-01-06 09:33:27+00:00,2026-01-06 09:40:47.967120+00:00,207.0,3222.761,3222.75,3222.89,ETH
2026-01-06 09:33:28+00:00,2026-01-06 09:40:48.971046+00:00,208.0,3222.681,3222.67,3222.78,ETH
2026-01-06 09:33:29+00:00,2026-01-06 09:40:49.975719+00:00,209.0,3222.601,3222.6,3222.68,ETH
2026-01-06 09:33:30+00:00,2026-01-06 09:40:50.975852+00:00,210.0,3222.621,3222.61,3222.76,ETH
2026-01-06 09:33:31+00:00,2026-01-06 09:40:51.992532+00:00,211.0,3222.631,3222.63,3222.82,ETH
2026-01-06 09:33:32+00:00,2026-01-06 09:40:52.989115+00:00,212.0,3222.631,3222.63,3222.79,ETH
2026-01-06 09:33:33+00:00,2026-01-06 09:40:53.994301+00:00,213.0,3222.631,3222.63,3222.77,ETH
2026-01-06 09:33:34+00:00,2026-01-06 09:40:55.029179+00:00,214.0,3222.631,3222.63,3222.77,ETH
2026-01-06 09:33:35+00:00,2026-01-06 09:40:56.023450+00:00,215.0,3222.451,3222.42,3222.62,ETH
2026-01-06 09:33:36+00:00,2026-01-06 09:40:57.023631+00:00,216.0,3222.261,3222.22,3222.38,ETH
2026-01-06 09:33:37+00:00,2026-01-06 09:40:58.039624+00:00,217.0,3222.231,3222.21,3222.31,ETH
2026-01-06 09:33:38+00:00,2026-01-06 09:40:59.052783+00:00,218.0,3222.251,3222.23,3222.36,ETH
2026-01-06 09:33:39+00:00,2026-01-06 09:41:00.055584+00:00,219.0,3222.301,3222.26,3222.44,ETH
2026-01-06 09:33:40+00:00,2026-01-06 09:41:01.051087+00:00,220.0,3222.301,3222.26,3222.47,ETH
2026-01-06 09:33:41+00:00,2026-01-06 09:41:02.070142+00:00,221.0,3222.341,3222.31,3222.59,ETH
2026-01-06 09:33:42+00:00,2026-01-06 09:41:03.069155+00:00,222.0,3222.321,3222.29,3222.5,ETH
2026-01-06 09:33:43+00:00,2026-01-06 09:41:04.071288+00:00,223.0,3222.371,3222.33,3222.5,ETH
2026-01-06 09:33:44+00:00,2026-01-06 09:41:05.162740+00:00,224.0,3222.381,3222.35,3222.5,ETH
2026-01-06 09:33:45+00:00,2026-01-06 09:41:06.182026+00:00,225.0,3222.361,3222.33,3222.5,ETH
2026-01-06 09:33:46+00:00,2026-01-06 09:41:07.186408+00:00,226.0,3222.361,3222.33,3222.5,ETH
2026-01-06 09:33:47+00:00,2026-01-06 09:41:08.183307+00:00,227.0,3222.431,3222.39,3222.5,ETH
2026-01-06 09:33:48+00:00,2026-01-06 09:41:09.189627+00:00,228.0,3222.461,3222.44,3222.5,ETH
2026-01-06 09:33:49+00:00,2026-01-06 09:41:10.198290+00:00,229.0,3222.451,3222.42,3222.5,ETH
2026-01-06 09:33:50+00:00,2026-01-06 09:41:11.262842+00:00,230.0,3222.371,3222.35,3222.5,ETH
2026-01-06 09:33:51+00:00,2026-01-06 09:41:12.274938+00:00,231.0,3222.261,3222.24,3222.4,ETH
2026-01-06 09:33:52+00:00,2026-01-06 09:41:13.278154+00:00,232.0,3222.141,3222.08,3222.19,ETH
2026-01-06 09:33:53+00:00,2026-01-06 09:41:14.265329+00:00,233.0,3222.111,3222.05,3222.19,ETH
2026-01-06 09:33:54+00:00,2026-01-06 09:41:15.264115+00:00,234.0,3222.131,3222.05,3222.2,ETH
2026-01-06 09:33:55+00:00,2026-01-06 09:41:16.261048+00:00,235.0,3221.531,3221.4,3221.68,ETH
2026-01-06 09:33:56+00:00,2026-01-06 09:41:17.270662+00:00,236.0,3220.791,3220.7,3221.02,ETH
2026-01-06 09:33:57+00:00,2026-01-06 09:41:18.270762+00:00,237.0,3220.691,3220.68,3220.82,ETH
2026-01-06 09:33:58+00:00,2026-01-06 09:41:19.265044+00:00,238.0,3220.621,3220.62,3220.74,ETH
2026-01-06 09:33:59+00:00,2026-01-06 09:41:20.272425+00:00,239.0,3220.421,3220.39,3220.67,ETH
2026-01-06 09:34:00+00:00,2026-01-06 09:41:21.271464+00:00,240.0,3220.281,3220.23,3220.48,ETH
2026-01-06 09:34:01+00:00,2026-01-06 09:41:22.271905+00:00,241.0,3220.291,3220.25,3220.35,ETH
2026-01-06 09:34:02+00:00,2026-01-06 09:41:23.284842+00:00,242.0,3220.341,3220.3,3220.43,ETH
2026-01-06 09:34:03+00:00,2026-01-06 09:41:24.279667+00:00,243.0,3220.441,3220.41,3220.56,ETH
2026-01-06 09:34:04+00:00,2026-01-06 09:41:25.300759+00:00,244.0,3220.491,3220.47,3220.6,ETH
2026-01-06 09:34:05+00:00,2026-01-06 09:41:26.299613+00:00,245.0,3220.601,3220.6,3220.69,ETH
2026-01-06 09:34:06+00:00,2026-01-06 09:41:27.310010+00:00,246.0,3220.601,3220.6,3220.71,ETH
2026-01-06 09:34:07+00:00,2026-01-06 09:41:28.305454+00:00,247.0,3220.211,3220.2,3220.57,ETH
2026-01-06 09:34:08+00:00,2026-01-06 09:41:29.305668+00:00,248.0,3220.051,3220.04,3220.24,ETH
2026-01-06 09:34:09+00:00,2026-01-06 09:41:30.318615+00:00,249.0,3220.051,3220.03,3220.24,ETH
2026-01-06 09:34:10+00:00,2026-01-06 09:41:31.323011+00:00,250.0,3219.521,3219.37,3219.78,ETH
2026-01-06 09:34:11+00:00,2026-01-06 09:41:32.349359+00:00,251.0,3219.741,3219.52,3219.74,ETH
2026-01-06 09:34:12+00:00,2026-01-06 09:41:33.354756+00:00,252.0,3219.651,3219.63,3219.68,ETH
2026-01-06 09:34:13+00:00,2026-01-06 09:41:34.373702+00:00,253.0,3219.521,3219.51,3219.68,ETH
2026-01-06 09:34:14+00:00,2026-01-06 09:41:35.370532+00:00,254.0,3219.521,3219.51,3219.69,ETH
2026-01-06 09:34:15+00:00,2026-01-06 09:41:36.399596+00:00,255.0,3219.511,3219.51,3219.69,ETH
2026-01-06 09:34:16+00:00,2026-01-06 09:41:37.401025+00:00,256.0,3219.511,3219.51,3219.63,ETH
2026-01-06 09:34:17+00:00,2026-01-06 09:41:38.404988+00:00,257.0,3219.061,3219.02,3219.09,ETH
2026-01-06 09:34:18+00:00,2026-01-06 09:41:39.405375+00:00,258.0,3219.151,3219.07,3219.15,ETH
2026-01-06 09:34:19+00:00,2026-01-06 09:41:40.417418+00:00,259.0,3219.151,3219.07,3219.15,ETH
2026-01-06 09:34:20+00:00,2026-01-06 09:41:41.403623+00:00,260.0,3219.221,3219.13,3219.25,ETH
2026-01-06 09:34:21+00:00,2026-01-06 09:41:42.425124+00:00,261.0,3219.221,3219.17,3219.33,ETH
2026-01-06 09:34:22+00:00,2026-01-06 09:41:43.440647+00:00,262.0,3219.341,3219.17,3219.51,ETH
2026-01-06 09:34:23+00:00,2026-01-06 09:41:44.548622+00:00,263.0,3219.421,3219.37,3219.57,ETH
2026-01-06 09:34:24+00:00,2026-01-06 09:41:45.554960+00:00,264.0,3219.451,3219.36,3219.57,ETH
2026-01-06 09:34:25+00:00,2026-01-06 09:41:46.553994+00:00,265.0,3219.721,3219.56,3219.75,ETH
2026-01-06 09:34:26+00:00,2026-01-06 09:41:47.557174+00:00,266.0,3219.731,3219.66,3219.8,ETH
2026-01-06 09:34:27+00:00,2026-01-06 09:41:48.565194+00:00,267.0,3219.921,3219.89,3219.96,ETH
2026-01-06 09:34:28+00:00,2026-01-06 09:41:50.585037+00:00,268.0,3220.341,3220.14,3220.5,ETH
2026-01-06 09:34:29+00:00,2026-01-06 09:41:51.586970+00:00,269.0,3220.591,3220.48,3220.72,ETH
2026-01-06 09:34:30+00:00,2026-01-06 09:41:52.588114+00:00,270.0,3220.641,3220.61,3220.79,ETH
2026-01-06 09:34:31+00:00,2026-01-06 09:41:53.599388+00:00,271.0,3220.641,3220.61,3220.8,ETH
2026-01-06 09:34:32+00:00,2026-01-06 09:41:54.623594+00:00,272.0,3220.641,3220.6,3220.77,ETH
2026-01-06 09:34:33+00:00,2026-01-06 09:41:55.630193+00:00,273.0,3220.591,3220.55,3220.66,ETH
2026-01-06 09:34:34+00:00,2026-01-06 09:41:56.631286+00:00,274.0,3220.541,3220.46,3220.65,ETH
2026-01-06 09:34:35+00:00,2026-01-06 09:41:57.633240+00:00,275.0,3220.481,3220.4,3220.63,ETH
2026-01-06 09:34:36+00:00,2026-01-06 09:41:58.637322+00:00,276.0,3220.411,3220.37,3220.56,ETH
2026-01-06 09:34:38+00:00,2026-01-06 09:41:59.720810+00:00,278.0,3220.521,3220.43,3220.56,ETH
2026-01-06 09:34:39+00:00,2026-01-06 09:42:00.718198+00:00,279.0,3220.371,3220.32,3220.56,ETH
2026-01-06 09:34:40+00:00,2026-01-06 09:42:01.711135+00:00,280.0,3220.361,3220.32,3220.56,ETH
2026-01-06 09:34:41+00:00,2026-01-06 09:42:02.710267+00:00,281.0,3220.481,3220.42,3220.56,ETH
2026-01-06 09:34:42+00:00,2026-01-06 09:42:03.695260+00:00,282.0,3220.501,3220.44,3220.56,ETH
2026-01-06 09:34:43+00:00,2026-01-06 09:42:04.696085+00:00,283.0,3220.451,3220.4,3220.49,ETH
2026-01-06 09:34:44+00:00,2026-01-06 09:42:05.700500+00:00,284.0,3220.401,3220.36,3220.48,ETH
2026-01-06 09:34:45+00:00,2026-01-06 09:42:06.710585+00:00,285.0,3220.451,3220.4,3220.5,ETH
2026-01-06 09:34:46+00:00,2026-01-06 09:42:07.737815+00:00,286.0,3220.451,3220.42,3220.53,ETH
2026-01-06 09:34:47+00:00,2026-01-06 09:42:08.751920+00:00,287.0,3220.451,3220.42,3220.54,ETH
2026-01-06 09:34:48+00:00,2026-01-06 09:42:09.771418+00:00,288.0,3220.451,3220.42,3220.5,ETH
2026-01-06 09:34:49+00:00,2026-01-06 09:42:10.774966+00:00,289.0,3220.451,3220.44,3220.53,ETH
2026-01-06 09:34:50+00:00,2026-01-06 09:42:11.780216+00:00,290.0,3220.451,3220.43,3220.51,ETH
2026-01-06 09:34:51+00:00,2026-01-06 09:42:12.785053+00:00,291.0,3220.411,3220.39,3220.44,ETH
2026-01-06 09:34:52+00:00,2026-01-06 09:42:13.789575+00:00,292.0,3220.231,3220.21,3220.26,ETH
2026-01-06 09:34:53+00:00,2026-01-06 09:42:15.769366+00:00,293.0,3220.191,3220.18,3220.21,ETH
2026-01-06 09:34:54+00:00,2026-01-06 09:42:16.763407+00:00,294.0,3220.091,3220.06,3220.19,ETH
2026-01-06 09:34:55+00:00,2026-01-06 09:42:17.784776+00:00,295.0,3219.781,3219.59,3220.08,ETH
2026-01-06 09:34:56+00:00,2026-01-06 09:42:18.787402+00:00,296.0,3219.281,3219.05,3219.53,ETH
2026-01-06 09:34:57+00:00,2026-01-06 09:42:19.797754+00:00,297.0,3218.971,3218.85,3219.08,ETH
2026-01-06 09:34:58+00:00,2026-01-06 09:42:20.807504+00:00,298.0,3218.971,3218.85,3219.1,ETH
2026-01-06 09:34:59+00:00,2026-01-06 09:42:21.802182+00:00,299.0,3218.951,3218.84,3219.04,ETH
2026-01-06 09:35:00+00:00,2026-01-06 09:42:22.792848+00:00,300.0,3218.951,3218.86,3219.01,ETH
2026-01-06 09:35:01+00:00,2026-01-06 09:42:23.803485+00:00,301.0,3219.081,3219.02,3219.13,ETH
2026-01-06 09:35:02+00:00,2026-01-06 09:42:24.802658+00:00,302.0,3219.181,3219.16,3219.22,ETH
2026-01-06 09:35:03+00:00,2026-01-06 09:42:25.851646+00:00,303.0,3219.171,3219.15,3219.21,ETH
2026-01-06 09:35:04+00:00,2026-01-06 09:42:26.854713+00:00,304.0,3219.161,3219.13,3219.2,ETH
2026-01-06 09:35:05+00:00,2026-01-06 09:42:27.866092+00:00,305.0,3219.151,3219.12,3219.2,ETH
2026-01-06 09:35:06+00:00,2026-01-06 09:42:28.888672+00:00,306.0,3219.141,3219.1,3219.19,ETH
2026-01-06 09:35:07+00:00,2026-01-06 09:42:29.881551+00:00,307.0,3219.161,3219.14,3219.26,ETH
2026-01-06 09:35:08+00:00,2026-01-06 09:42:30.884327+00:00,308.0,3219.191,3219.18,3219.33,ETH
2026-01-06 09:35:09+00:00,2026-01-06 09:42:31.895422+00:00,309.0,3219.171,3219.14,3219.38,ETH
2026-01-06 09:35:10+00:00,2026-01-06 09:42:32.969797+00:00,310.0,3219.141,3219.1,3219.39,ETH
2026-01-06 09:35:11+00:00,2026-01-06 09:42:33.972650+00:00,311.0,3219.151,3219.12,3219.37,ETH
2026-01-06 09:35:12+00:00,2026-01-06 09:42:34.969211+00:00,312.0,3219.241,3219.16,3219.38,ETH
2026-01-06 09:35:13+00:00,2026-01-06 09:42:35.967157+00:00,313.0,3219.321,3219.21,3219.37,ETH
2026-01-06 09:35:14+00:00,2026-01-06 09:42:36.969015+00:00,314.0,3219.151,3219.1,3219.26,ETH
2026-01-06 09:35:15+00:00,2026-01-06 09:42:38.002899+00:00,315.0,3218.941,3218.94,3219.13,ETH
2026-01-06 09:35:16+00:00,2026-01-06 09:42:38.998453+00:00,316.0,3218.911,3218.91,3219.08,ETH
2026-01-06 09:35:17+00:00,2026-01-06 09:42:40.002775+00:00,317.0,3218.851,3218.85,3219.0,ETH
2026-01-06 09:35:18+00:00,2026-01-06 09:42:41.000272+00:00,318.0,3218.851,3218.84,3218.96,ETH
2026-01-06 09:35:19+00:00,2026-01-06 09:42:42.015170+00:00,319.0,3218.711,3218.7,3218.95,ETH
2026-01-06 09:35:20+00:00,2026-01-06 09:42:43.029766+00:00,320.0,3218.711,3218.71,3218.91,ETH
2026-01-06 09:35:21+00:00,2026-01-06 09:42:44.032822+00:00,321.0,3218.711,3218.7,3218.86,ETH
2026-01-06 09:35:22+00:00,2026-01-06 09:42:45.034946+00:00,322.0,3218.711,3218.7,3218.86,ETH
2026-01-06 09:35:23+00:00,2026-01-06 09:42:46.030986+00:00,323.0,3218.711,3218.7,3218.84,ETH
2026-01-06 09:35:24+00:00,2026-01-06 09:42:47.033620+00:00,324.0,3218.711,3218.7,3218.82,ETH
2026-01-06 09:35:25+00:00,2026-01-06 09:42:48.035566+00:00,325.0,3218.711,3218.64,3218.82,ETH
2026-01-06 09:35:26+00:00,2026-01-06 09:42:49.036556+00:00,326.0,3218.711,3218.64,3218.86,ETH
2026-01-06 09:35:27+00:00,2026-01-06 09:42:50.033856+00:00,327.0,3218.711,3218.64,3218.85,ETH
2026-01-06 09:35:28+00:00,2026-01-06 09:42:51.036318+00:00,328.0,3218.711,3218.64,3218.78,ETH
2026-01-06 09:35:29+00:00,2026-01-06 09:42:52.031591+00:00,329.0,3218.661,3218.61,3218.74,ETH
2026-01-06 09:35:30+00:00,2026-01-06 09:42:53.035676+00:00,330.0,3218.621,3218.58,3218.71,ETH
2026-01-06 09:35:31+00:00,2026-01-06 09:42:54.050522+00:00,331.0,3218.651,3218.61,3218.71,ETH
2026-01-06 09:35:32+00:00,2026-01-06 09:42:55.051919+00:00,332.0,3218.861,3218.66,3219.07,ETH
2026-01-06 09:35:33+00:00,2026-01-06 09:42:56.047633+00:00,333.0,3219.161,3219.06,3219.25,ETH
2026-01-06 09:35:34+00:00,2026-01-06 09:42:57.051955+00:00,334.0,3219.151,3219.09,3219.2,ETH
2026-01-06 09:35:35+00:00,2026-01-06 09:42:58.059820+00:00,335.0,3219.191,3219.12,3219.24,ETH
2026-01-06 09:35:36+00:00,2026-01-06 09:42:59.066680+00:00,336.0,3219.181,3219.12,3219.23,ETH
2026-01-06 09:35:37+00:00,2026-01-06 09:43:00.062510+00:00,337.0,3218.921,3218.8,3219.0,ETH
2026-01-06 09:35:38+00:00,2026-01-06 09:43:01.078716+00:00,338.0,3218.711,3218.71,3218.97,ETH
2026-01-06 09:35:39+00:00,2026-01-06 09:43:02.080605+00:00,339.0,3218.701,3218.7,3218.9,ETH
2026-01-06 09:35:40+00:00,2026-01-06 09:43:03.090663+00:00,340.0,3218.711,3218.71,3218.87,ETH
2026-01-06 09:35:41+00:00,2026-01-06 09:43:04.103230+00:00,341.0,3218.711,3218.71,3218.9,ETH
2026-01-06 09:35:42+00:00,2026-01-06 09:43:05.112216+00:00,342.0,3218.711,3218.71,3218.96,ETH
2026-01-06 09:35:43+00:00,2026-01-06 09:43:06.125837+00:00,343.0,3218.711,3218.71,3218.96,ETH
2026-01-06 09:35:44+00:00,2026-01-06 09:43:07.120033+00:00,344.0,3218.711,3218.71,3218.97,ETH
2026-01-06 09:35:45+00:00,2026-01-06 09:43:08.132991+00:00,345.0,3218.711,3218.71,3218.97,ETH
2026-01-06 09:35:46+00:00,2026-01-06 09:43:09.134046+00:00,346.0,3218.711,3218.71,3218.92,ETH
2026-01-06 09:35:47+00:00,2026-01-06 09:43:10.161904+00:00,347.0,3218.701,3218.69,3218.87,ETH
2026-01-06 09:35:48+00:00,2026-01-06 09:43:11.176516+00:00,348.0,3218.311,3218.1,3218.44,ETH
2026-01-06 09:35:49+00:00,2026-01-06 09:43:12.197755+00:00,349.0,3218.111,3218.1,3218.43,ETH
2026-01-06 09:35:50+00:00,2026-01-06 09:43:13.203351+00:00,350.0,3218.571,3218.57,3218.58,ETH
2026-01-06 09:35:51+00:00,2026-01-06 09:43:14.194964+00:00,351.0,3218.571,3218.57,3218.69,ETH
2026-01-06 09:35:52+00:00,2026-01-06 09:43:15.196388+00:00,352.0,3218.571,3218.57,3218.81,ETH
2026-01-06 09:35:53+00:00,2026-01-06 09:43:16.213314+00:00,353.0,3218.571,3218.57,3218.91,ETH
2026-01-06 09:35:54+00:00,2026-01-06 09:43:17.231925+00:00,354.0,3218.571,3218.57,3218.77,ETH
2026-01-06 09:35:55+00:00,2026-01-06 09:43:18.230418+00:00,355.0,3218.571,3218.52,3218.75,ETH
2026-01-06 09:35:56+00:00,2026-01-06 09:43:19.245675+00:00,356.0,3218.571,3218.52,3218.75,ETH
2026-01-06 09:35:57+00:00,2026-01-06 09:43:20.251151+00:00,357.0,3218.461,3218.42,3218.58,ETH
2026-01-06 09:35:58+00:00,2026-01-06 09:43:21.244821+00:00,358.0,3218.461,3218.43,3218.58,ETH
2026-01-06 09:35:59+00:00,2026-01-06 09:43:22.301228+00:00,359.0,3218.571,3218.52,3218.68,ETH
2026-01-06 09:36:00+00:00,2026-01-06 09:43:23.359734+00:00,360.0,3218.311,3218.24,3218.35,ETH
2026-01-06 09:36:01+00:00,2026-01-06 09:43:24.400496+00:00,361.0,3218.001,3217.93,3218.05,ETH
2026-01-06 09:36:02+00:00,2026-01-06 09:43:25.403188+00:00,362.0,3217.941,3217.89,3218.04,ETH
2026-01-06 09:36:03+00:00,2026-01-06 09:43:26.400086+00:00,363.0,3217.921,3217.89,3218.08,ETH
2026-01-06 09:36:04+00:00,2026-01-06 09:43:27.419652+00:00,364.0,3218.051,3218.01,3218.17,ETH
2026-01-06 09:36:05+00:00,2026-01-06 09:43:28.413944+00:00,365.0,3218.201,3218.12,3218.25,ETH
2026-01-06 09:36:06+00:00,2026-01-06 09:43:29.410498+00:00,366.0,3218.651,3218.5,3218.7,ETH
2026-01-06 09:36:07+00:00,2026-01-06 09:43:30.411925+00:00,367.0,3218.671,3218.5,3218.7,ETH
2026-01-06 09:36:08+00:00,2026-01-06 09:43:31.417088+00:00,368.0,3218.611,3218.49,3218.65,ETH
2026-01-06 09:36:09+00:00,2026-01-06 09:43:32.441660+00:00,369.0,3218.581,3218.48,3218.77,ETH
2026-01-06 09:36:10+00:00,2026-01-06 09:43:33.454606+00:00,370.0,3218.581,3218.48,3218.66,ETH
2026-01-06 09:36:11+00:00,2026-01-06 09:43:34.461804+00:00,371.0,3218.581,3218.47,3218.64,ETH
2026-01-06 09:36:12+00:00,2026-01-06 09:43:35.463376+00:00,372.0,3218.581,3218.47,3218.65,ETH
2026-01-06 09:36:13+00:00,2026-01-06 09:43:36.468924+00:00,373.0,3218.571,3218.38,3218.74,ETH
2026-01-06 09:36:14+00:00,2026-01-06 09:43:37.480216+00:00,374.0,3218.571,3218.38,3218.69,ETH
2026-01-06 09:36:15+00:00,2026-01-06 09:43:38.484787+00:00,375.0,3218.571,3218.42,3218.69,ETH
2026-01-06 09:36:16+00:00,2026-01-06 09:43:39.496100+00:00,376.0,3218.571,3218.42,3218.84,ETH
2026-01-06 09:36:17+00:00,2026-01-06 09:43:40.497753+00:00,377.0,3218.571,3218.44,3218.8,ETH
2026-01-06 09:36:18+00:00,2026-01-06 09:43:41.502382+00:00,378.0,3218.571,3218.44,3218.78,ETH
2026-01-06 09:36:19+00:00,2026-01-06 09:43:42.501076+00:00,379.0,3218.571,3218.42,3218.68,ETH
2026-01-06 09:36:20+00:00,2026-01-06 09:43:43.516855+00:00,380.0,3218.571,3218.42,3218.67,ETH
2026-01-06 09:36:21+00:00,2026-01-06 09:43:44.505661+00:00,381.0,3218.571,3218.42,3218.78,ETH
2026-01-06 09:36:22+00:00,2026-01-06 09:43:45.498894+00:00,382.0,3218.571,3218.42,3218.8,ETH
2026-01-06 09:36:23+00:00,2026-01-06 09:43:46.499629+00:00,383.0,3218.571,3218.47,3218.77,ETH
2026-01-06 09:36:24+00:00,2026-01-06 09:43:47.498852+00:00,384.0,3218.571,3218.47,3218.82,ETH
2026-01-06 09:36:25+00:00,2026-01-06 09:43:48.511400+00:00,385.0,3218.571,3218.47,3218.82,ETH
2026-01-06 09:36:26+00:00,2026-01-06 09:43:49.519458+00:00,386.0,3218.571,3218.49,3218.83,ETH
2026-01-06 09:36:27+00:00,2026-01-06 09:43:50.538924+00:00,387.0,3218.571,3218.47,3218.75,ETH
2026-01-06 09:36:28+00:00,2026-01-06 09:43:51.526800+00:00,388.0,3218.571,3218.47,3218.71,ETH
2026-01-06 09:36:29+00:00,2026-01-06 09:43:52.547928+00:00,389.0,3218.711,3218.56,3218.8,ETH
2026-01-06 09:36:30+00:00,2026-01-06 09:43:54.576825+00:00,390.0,3218.761,3218.59,3218.82,ETH
2026-01-06 09:36:31+00:00,2026-01-06 09:43:55.568224+00:00,391.0,3218.761,3218.58,3218.84,ETH
2026-01-06 09:36:32+00:00,2026-01-06 09:43:56.562112+00:00,392.0,3218.741,3218.58,3218.81,ETH
2026-01-06 09:36:33+00:00,2026-01-06 09:43:57.576502+00:00,393.0,3218.741,3218.57,3218.82,ETH
2026-01-06 09:36:34+00:00,2026-01-06 09:43:58.582695+00:00,394.0,3218.761,3218.56,3218.88,ETH
2026-01-06 09:36:35+00:00,2026-01-06 09:43:59.580510+00:00,395.0,3218.761,3218.56,3218.85,ETH
2026-01-06 09:36:37+00:00,2026-01-06 09:44:00.831858+00:00,397.0,3218.761,3218.56,3218.83,ETH
2026-01-06 09:36:38+00:00,2026-01-06 09:44:01.827306+00:00,398.0,3218.761,3218.56,3218.89,ETH
2026-01-06 09:36:39+00:00,2026-01-06 09:44:02.849481+00:00,399.0,3218.761,3218.56,3218.8,ETH
2026-01-06 09:36:40+00:00,2026-01-06 09:44:03.835143+00:00,400.0,3217.831,3217.8,3218.04,ETH
2026-01-06 09:36:41+00:00,2026-01-06 09:44:04.832441+00:00,401.0,3218.081,3217.79,3218.09,ETH
2026-01-06 09:36:42+00:00,2026-01-06 09:44:05.849537+00:00,402.0,3218.071,3217.8,3218.09,ETH
2026-01-06 09:36:43+00:00,2026-01-06 09:44:06.853669+00:00,403.0,3217.801,3217.79,3217.91,ETH
2026-01-06 09:36:44+00:00,2026-01-06 09:44:07.861955+00:00,404.0,3217.801,3217.72,3217.87,ETH
2026-01-06 09:36:45+00:00,2026-01-06 09:44:08.862836+00:00,405.0,3217.801,3217.72,3217.82,ETH
2026-01-06 09:36:46+00:00,2026-01-06 09:44:09.864903+00:00,406.0,3217.801,3217.7,3217.84,ETH
2026-01-06 09:36:47+00:00,2026-01-06 09:44:10.867527+00:00,407.0,3217.731,3217.68,3217.8,ETH
2026-01-06 09:36:48+00:00,2026-01-06 09:44:11.867410+00:00,408.0,3217.611,3217.57,3217.7,ETH
2026-01-06 09:36:49+00:00,2026-01-06 09:44:12.869393+00:00,409.0,3217.691,3217.57,3217.73,ETH
2026-01-06 09:36:50+00:00,2026-01-06 09:44:13.881908+00:00,410.0,3217.541,3217.5,3217.64,ETH
2026-01-06 09:36:51+00:00,2026-01-06 09:44:14.894640+00:00,411.0,3217.551,3217.51,3217.62,ETH
2026-01-06 09:36:52+00:00,2026-01-06 09:44:15.913769+00:00,412.0,3217.581,3217.53,3217.62,ETH
2026-01-06 09:36:53+00:00,2026-01-06 09:44:16.917321+00:00,413.0,3217.531,3217.48,3217.61,ETH
2026-01-06 09:36:54+00:00,2026-01-06 09:44:18.914526+00:00,414.0,3217.551,3217.52,3217.73,ETH
2026-01-06 09:36:55+00:00,2026-01-06 09:44:19.917354+00:00,415.0,3217.561,3217.52,3217.8,ETH
2026-01-06 09:36:56+00:00,2026-01-06 09:44:20.928892+00:00,416.0,3217.621,3217.54,3217.8,ETH
2026-01-06 09:36:57+00:00,2026-01-06 09:44:21.943576+00:00,417.0,3217.691,3217.57,3217.8,ETH
2026-01-06 09:36:58+00:00,2026-01-06 09:44:22.928624+00:00,418.0,3217.661,3217.58,3217.8,ETH
2026-01-06 09:36:59+00:00,2026-01-06 09:44:23.931711+00:00,419.0,3217.651,3217.58,3217.8,ETH
2026-01-06 09:37:00+00:00,2026-01-06 09:44:24.933417+00:00,420.0,3217.711,3217.57,3217.8,ETH
2026-01-06 09:37:01+00:00,2026-01-06 09:44:25.946251+00:00,421.0,3217.751,3217.58,3217.8,ETH
2026-01-06 09:37:02+00:00,2026-01-06 09:44:26.947755+00:00,422.0,3217.741,3217.58,3217.8,ETH
2026-01-06 09:37:03+00:00,2026-01-06 09:44:27.969637+00:00,423.0,3217.721,3217.62,3217.79,ETH
2026-01-06 09:37:04+00:00,2026-01-06 09:44:28.984036+00:00,424.0,3217.481,3217.43,3217.64,ETH
2026-01-06 09:37:05+00:00,2026-01-06 09:44:29.967092+00:00,425.0,3217.101,3217.07,3217.31,ETH
2026-01-06 09:37:06+00:00,2026-01-06 09:44:30.981154+00:00,426.0,3216.931,3216.91,3217.12,ETH
2026-01-06 09:37:07+00:00,2026-01-06 09:44:31.981438+00:00,427.0,3216.901,3216.9,3217.07,ETH
2026-01-06 09:37:08+00:00,2026-01-06 09:44:32.982806+00:00,428.0,3216.901,3216.9,3217.07,ETH
2026-01-06 09:37:09+00:00,2026-01-06 09:44:34.015252+00:00,429.0,3216.911,3216.9,3217.09,ETH
2026-01-06 09:37:10+00:00,2026-01-06 09:44:35.016987+00:00,430.0,3216.911,3216.9,3217.09,ETH
2026-01-06 09:37:11+00:00,2026-01-06 09:44:36.010124+00:00,431.0,3216.911,3216.9,3217.08,ETH
2026-01-06 09:37:12+00:00,2026-01-06 09:44:37.033755+00:00,432.0,3216.911,3216.9,3217.08,ETH
2026-01-06 09:37:13+00:00,2026-01-06 09:44:38.041928+00:00,433.0,3216.921,3216.91,3217.07,ETH
2026-01-06 09:37:14+00:00,2026-01-06 09:44:39.041022+00:00,434.0,3216.931,3216.92,3217.08,ETH
2026-01-06 09:37:15+00:00,2026-01-06 09:44:40.036648+00:00,435.0,3216.931,3216.93,3217.1,ETH
2026-01-06 09:37:16+00:00,2026-01-06 09:44:41.030008+00:00,436.0,3216.931,3216.93,3217.09,ETH
2026-01-06 09:37:17+00:00,2026-01-06 09:44:42.031274+00:00,437.0,3216.931,3216.93,3217.08,ETH
2026-01-06 09:37:18+00:00,2026-01-06 09:44:43.033311+00:00,438.0,3216.931,3216.93,3217.09,ETH
2026-01-06 09:37:19+00:00,2026-01-06 09:44:44.038496+00:00,439.0,3216.601,3216.46,3216.64,ETH
2026-01-06 09:37:20+00:00,2026-01-06 09:44:45.034729+00:00,440.0,3216.471,3216.46,3216.76,ETH
2026-01-06 09:37:21+00:00,2026-01-06 09:44:46.041411+00:00,441.0,3216.471,3216.46,3216.76,ETH
2026-01-06 09:37:22+00:00,2026-01-06 09:44:47.066547+00:00,442.0,3216.461,3216.45,3216.74,ETH
2026-01-06 09:37:23+00:00,2026-01-06 09:44:48.064111+00:00,443.0,3216.721,3216.63,3216.8,ETH
2026-01-06 09:37:24+00:00,2026-01-06 09:44:49.075202+00:00,444.0,3216.501,3216.49,3216.84,ETH
2026-01-06 09:37:25+00:00,2026-01-06 09:44:50.083405+00:00,445.0,3216.501,3216.49,3216.82,ETH
2026-01-06 09:37:26+00:00,2026-01-06 09:44:51.090432+00:00,446.0,3216.501,3216.49,3216.85,ETH
2026-01-06 09:37:27+00:00,2026-01-06 09:44:52.101939+00:00,447.0,3216.501,3216.49,3216.85,ETH
2026-01-06 09:37:28+00:00,2026-01-06 09:44:53.099630+00:00,448.0,3217.101,3217.0,3217.13,ETH
2026-01-06 09:37:29+00:00,2026-01-06 09:44:54.113989+00:00,449.0,3216.831,3216.78,3217.03,ETH
2026-01-06 09:37:30+00:00,2026-01-06 09:44:55.130159+00:00,450.0,3216.721,3216.68,3216.89,ETH
2026-01-06 09:37:31+00:00,2026-01-06 09:44:56.132563+00:00,451.0,3216.731,3216.64,3216.9,ETH
2026-01-06 09:37:32+00:00,2026-01-06 09:44:57.142202+00:00,452.0,3216.731,3216.64,3216.96,ETH
2026-01-06 09:37:33+00:00,2026-01-06 09:44:58.141426+00:00,453.0,3216.731,3216.63,3217.0,ETH
2026-01-06 09:37:34+00:00,2026-01-06 09:44:59.141950+00:00,454.0,3216.731,3216.64,3216.83,ETH
2026-01-06 09:37:35+00:00,2026-01-06 09:45:00.161141+00:00,455.0,3216.731,3216.63,3216.94,ETH
2026-01-06 09:37:36+00:00,2026-01-06 09:45:01.157634+00:00,456.0,3216.731,3216.63,3216.99,ETH
2026-01-06 09:37:37+00:00,2026-01-06 09:45:02.155108+00:00,457.0,3216.731,3216.66,3217.1,ETH
2026-01-06 09:37:38+00:00,2026-01-06 09:45:03.162358+00:00,458.0,3216.731,3216.71,3216.84,ETH
2026-01-06 09:37:39+00:00,2026-01-06 09:45:04.154566+00:00,459.0,3216.731,3216.67,3217.13,ETH
2026-01-06 09:37:40+00:00,2026-01-06 09:45:05.163632+00:00,460.0,3216.791,3216.73,3217.13,ETH
2026-01-06 09:37:41+00:00,2026-01-06 09:45:06.193136+00:00,461.0,3217.031,3216.79,3217.18,ETH
2026-01-06 09:37:42+00:00,2026-01-06 09:45:08.175548+00:00,462.0,3216.951,3216.91,3217.03,ETH
2026-01-06 09:37:43+00:00,2026-01-06 09:45:09.177117+00:00,463.0,3217.041,3217.02,3217.15,ETH
2026-01-06 09:37:44+00:00,2026-01-06 09:45:10.180244+00:00,464.0,3217.161,3217.14,3217.28,ETH
2026-01-06 09:37:45+00:00,2026-01-06 09:45:11.180045+00:00,465.0,3217.241,3217.2,3217.31,ETH
2026-01-06 09:37:46+00:00,2026-01-06 09:45:12.196819+00:00,466.0,3217.301,3217.25,3217.34,ETH
2026-01-06 09:37:48+00:00,2026-01-06 09:45:13.250634+00:00,468.0,3217.321,3217.3,3217.72,ETH
2026-01-06 09:37:49+00:00,2026-01-06 09:45:14.255015+00:00,469.0,3217.321,3217.3,3217.37,ETH
2026-01-06 09:37:50+00:00,2026-01-06 09:45:15.236858+00:00,470.0,3217.321,3217.3,3217.37,ETH
2026-01-06 09:37:51+00:00,2026-01-06 09:45:16.248758+00:00,471.0,3217.321,3217.3,3217.72,ETH
2026-01-06 09:37:52+00:00,2026-01-06 09:45:17.247408+00:00,472.0,3217.321,3217.32,3217.71,ETH
2026-01-06 09:37:53+00:00,2026-01-06 09:45:18.260901+00:00,473.0,3217.221,3217.19,3217.33,ETH
2026-01-06 09:37:54+00:00,2026-01-06 09:45:19.268886+00:00,474.0,3217.241,3217.21,3217.33,ETH
2026-01-06 09:37:55+00:00,2026-01-06 09:45:20.277724+00:00,475.0,3217.321,3217.32,3217.71,ETH
2026-01-06 09:37:56+00:00,2026-01-06 09:45:21.290567+00:00,476.0,3217.321,3217.32,3217.44,ETH
2026-01-06 09:37:57+00:00,2026-01-06 09:45:22.306238+00:00,477.0,3217.321,3217.32,3217.46,ETH
2026-01-06 09:37:58+00:00,2026-01-06 09:45:23.305059+00:00,478.0,3217.321,3217.32,3217.46,ETH
2026-01-06 09:37:59+00:00,2026-01-06 09:45:24.308568+00:00,479.0,3217.321,3217.32,3217.67,ETH
2026-01-06 09:38:00+00:00,2026-01-06 09:45:25.323943+00:00,480.0,3217.321,3217.32,3217.67,ETH
2026-01-06 09:38:01+00:00,2026-01-06 09:45:26.343138+00:00,481.0,3217.321,3217.32,3217.66,ETH
2026-01-06 09:38:02+00:00,2026-01-06 09:45:27.365108+00:00,482.0,3217.321,3217.32,3217.56,ETH
2026-01-06 09:38:03+00:00,2026-01-06 09:45:28.344393+00:00,483.0,3217.321,3217.32,3217.58,ETH
2026-01-06 09:38:04+00:00,2026-01-06 09:45:29.362760+00:00,484.0,3217.301,3217.27,3217.34,ETH
2026-01-06 09:38:05+00:00,2026-01-06 09:45:30.379442+00:00,485.0,3217.321,3217.32,3217.59,ETH
2026-01-06 09:38:06+00:00,2026-01-06 09:45:32.399848+00:00,486.0,3217.301,3217.28,3217.47,ETH
2026-01-06 09:38:07+00:00,2026-01-06 09:45:33.392061+00:00,487.0,3217.301,3217.27,3217.34,ETH
2026-01-06 09:38:08+00:00,2026-01-06 09:45:34.414250+00:00,488.0,3217.321,3217.3,3217.49,ETH
2026-01-06 09:38:09+00:00,2026-01-06 09:45:35.409931+00:00,489.0,3217.321,3217.32,3217.63,ETH
2026-01-06 09:38:10+00:00,2026-01-06 09:45:36.399399+00:00,490.0,3217.311,3217.29,3217.49,ETH
2026-01-06 09:38:11+00:00,2026-01-06 09:45:37.409067+00:00,491.0,3217.311,3217.29,3217.46,ETH
2026-01-06 09:38:12+00:00,2026-01-06 09:45:38.425579+00:00,492.0,3217.321,3217.32,3217.59,ETH
2026-01-06 09:38:13+00:00,2026-01-06 09:45:39.424306+00:00,493.0,3217.321,3217.32,3217.61,ETH
2026-01-06 09:38:14+00:00,2026-01-06 09:45:40.429406+00:00,494.0,3217.281,3217.24,3217.54,ETH
2026-01-06 09:38:15+00:00,2026-01-06 09:45:41.426638+00:00,495.0,3217.231,3217.17,3217.58,ETH
2026-01-06 09:38:16+00:00,2026-01-06 09:45:42.425771+00:00,496.0,3217.221,3217.16,3217.52,ETH
2026-01-06 09:38:17+00:00,2026-01-06 09:45:43.446645+00:00,497.0,3217.201,3217.14,3217.52,ETH
2026-01-06 09:38:18+00:00,2026-01-06 09:45:44.442595+00:00,498.0,3217.421,3217.25,3217.67,ETH
2026-01-06 09:38:19+00:00,2026-01-06 09:45:45.524743+00:00,499.0,3217.691,3217.42,3217.76,ETH
2026-01-06 09:38:20+00:00,2026-01-06 09:45:46.513596+00:00,500.0,3217.821,3217.55,3217.93,ETH
2026-01-06 09:38:21+00:00,2026-01-06 09:45:47.510786+00:00,501.0,3218.061,3217.92,3218.17,ETH
2026-01-06 09:38:22+00:00,2026-01-06 09:45:48.528683+00:00,502.0,3218.221,3218.19,3218.35,ETH
2026-01-06 09:38:23+00:00,2026-01-06 09:45:49.533662+00:00,503.0,3218.191,3218.15,3218.38,ETH
2026-01-06 09:38:24+00:00,2026-01-06 09:45:50.542982+00:00,504.0,3218.161,3218.13,3218.41,ETH
2026-01-06 09:38:25+00:00,2026-01-06 09:45:51.558863+00:00,505.0,3218.161,3218.13,3218.43,ETH
2026-01-06 09:38:26+00:00,2026-01-06 09:45:52.572167+00:00,506.0,3218.181,3218.15,3218.46,ETH
2026-01-06 09:38:27+00:00,2026-01-06 09:45:53.573410+00:00,507.0,3218.211,3218.19,3218.46,ETH
2026-01-06 09:38:28+00:00,2026-01-06 09:45:54.593818+00:00,508.0,3218.261,3218.23,3218.44,ETH
2026-01-06 09:38:29+00:00,2026-01-06 09:45:55.595065+00:00,509.0,3218.341,3218.28,3218.45,ETH
2026-01-06 09:38:30+00:00,2026-01-06 09:45:56.593406+00:00,510.0,3218.451,3218.35,3218.5,ETH
2026-01-06 09:38:31+00:00,2026-01-06 09:45:57.606051+00:00,511.0,3218.521,3218.41,3218.66,ETH
2026-01-06 09:38:32+00:00,2026-01-06 09:45:58.607577+00:00,512.0,3218.531,3218.41,3218.77,ETH
2026-01-06 09:38:33+00:00,2026-01-06 09:45:59.620614+00:00,513.0,3218.521,3218.42,3218.75,ETH
2026-01-06 09:38:34+00:00,2026-01-06 09:46:00.607309+00:00,514.0,3218.521,3218.42,3218.74,ETH
2026-01-06 09:38:35+00:00,2026-01-06 09:46:01.612776+00:00,515.0,3218.521,3218.42,3218.74,ETH
2026-01-06 09:38:36+00:00,2026-01-06 09:46:02.611695+00:00,516.0,3218.441,3218.37,3218.73,ETH
2026-01-06 09:38:37+00:00,2026-01-06 09:46:03.604534+00:00,517.0,3218.291,3218.26,3218.74,ETH
2026-01-06 09:38:39+00:00,2026-01-06 09:46:05.619952+00:00,519.0,3218.321,3218.32,3218.56,ETH
2026-01-06 09:38:40+00:00,2026-01-06 09:46:06.645194+00:00,520.0,3218.321,3218.32,3218.55,ETH
2026-01-06 09:38:41+00:00,2026-01-06 09:46:07.683692+00:00,521.0,3218.321,3218.32,3218.55,ETH
2026-01-06 09:38:42+00:00,2026-01-06 09:46:08.689927+00:00,522.0,3218.321,3218.32,3218.56,ETH
2026-01-06 09:38:43+00:00,2026-01-06 09:46:09.726761+00:00,523.0,3218.321,3218.32,3218.58,ETH
2026-01-06 09:38:44+00:00,2026-01-06 09:46:10.721684+00:00,524.0,3218.321,3218.32,3218.6,ETH
2026-01-06 09:38:46+00:00,2026-01-06 09:46:11.775730+00:00,526.0,3218.461,3218.39,3218.69,ETH
2026-01-06 09:38:47+00:00,2026-01-06 09:46:12.776304+00:00,527.0,3218.461,3218.45,3218.65,ETH
2026-01-06 09:38:48+00:00,2026-01-06 09:46:13.785980+00:00,528.0,3218.461,3218.45,3218.74,ETH
2026-01-06 09:38:49+00:00,2026-01-06 09:46:14.782890+00:00,529.0,3218.461,3218.45,3218.73,ETH
2026-01-06 09:38:50+00:00,2026-01-06 09:46:15.807441+00:00,530.0,3218.461,3218.45,3218.65,ETH
2026-01-06 09:38:51+00:00,2026-01-06 09:46:16.804171+00:00,531.0,3218.461,3218.45,3218.71,ETH
2026-01-06 09:38:52+00:00,2026-01-06 09:46:17.822984+00:00,532.0,3218.461,3218.45,3218.66,ETH
2026-01-06 09:38:53+00:00,2026-01-06 09:46:18.824852+00:00,533.0,3218.461,3218.45,3218.54,ETH
2026-01-06 09:38:54+00:00,2026-01-06 09:46:19.842798+00:00,534.0,3218.461,3218.45,3218.66,ETH
2026-01-06 09:38:55+00:00,2026-01-06 09:46:20.840080+00:00,535.0,3218.461,3218.45,3218.71,ETH
2026-01-06 09:38:56+00:00,2026-01-06 09:46:22.861643+00:00,536.0,3218.461,3218.45,3218.72,ETH
2026-01-06 09:38:57+00:00,2026-01-06 09:46:23.844000+00:00,537.0,3218.481,3218.47,3218.77,ETH
2026-01-06 09:38:58+00:00,2026-01-06 09:46:24.856837+00:00,538.0,3218.511,3218.5,3218.82,ETH
2026-01-06 09:38:59+00:00,2026-01-06 09:46:25.872921+00:00,539.0,3218.431,3218.37,3218.84,ETH
2026-01-06 09:39:00+00:00,2026-01-06 09:46:26.862393+00:00,540.0,3218.371,3218.27,3218.87,ETH
2026-01-06 09:39:01+00:00,2026-01-06 09:46:27.875718+00:00,541.0,3218.421,3218.38,3218.86,ETH
2026-01-06 09:39:02+00:00,2026-01-06 09:46:28.867821+00:00,542.0,3218.461,3218.46,3218.87,ETH
2026-01-06 09:39:03+00:00,2026-01-06 09:46:29.868200+00:00,543.0,3218.471,3218.46,3218.82,ETH
2026-01-06 09:39:04+00:00,2026-01-06 09:46:30.857167+00:00,544.0,3218.471,3218.46,3218.8,ETH
2026-01-06 09:39:05+00:00,2026-01-06 09:46:31.911439+00:00,545.0,3218.471,3218.46,3218.83,ETH
2026-01-06 09:39:06+00:00,2026-01-06 09:46:32.923862+00:00,546.0,3218.471,3218.46,3218.83,ETH
2026-01-06 09:39:07+00:00,2026-01-06 09:46:33.922162+00:00,547.0,3218.471,3218.46,3218.81,ETH
2026-01-06 09:39:08+00:00,2026-01-06 09:46:34.927864+00:00,548.0,3218.471,3218.46,3218.82,ETH
2026-01-06 09:39:09+00:00,2026-01-06 09:46:35.938797+00:00,549.0,3218.471,3218.46,3218.88,ETH
2026-01-06 09:39:10+00:00,2026-01-06 09:46:36.937243+00:00,550.0,3218.471,3218.46,3218.89,ETH
2026-01-06 09:39:11+00:00,2026-01-06 09:46:37.960517+00:00,551.0,3218.471,3218.46,3218.87,ETH
2026-01-06 09:39:12+00:00,2026-01-06 09:46:38.968876+00:00,552.0,3218.471,3218.46,3218.83,ETH
2026-01-06 09:39:13+00:00,2026-01-06 09:46:39.994293+00:00,553.0,3218.471,3218.46,3218.8,ETH
2026-01-06 09:39:14+00:00,2026-01-06 09:46:40.988891+00:00,554.0,3218.471,3218.46,3218.85,ETH
2026-01-06 09:39:15+00:00,2026-01-06 09:46:41.992418+00:00,555.0,3218.611,3218.55,3218.91,ETH
2026-01-06 09:39:16+00:00,2026-01-06 09:46:42.974425+00:00,556.0,3218.781,3218.72,3218.97,ETH
2026-01-06 09:39:17+00:00,2026-01-06 09:46:43.989609+00:00,557.0,3218.871,3218.8,3219.12,ETH
2026-01-06 09:39:18+00:00,2026-01-06 09:46:45.056344+00:00,558.0,3218.951,3218.84,3219.25,ETH
2026-01-06 09:39:19+00:00,2026-01-06 09:46:46.064811+00:00,559.0,3218.971,3218.88,3219.25,ETH
2026-01-06 09:39:20+00:00,2026-01-06 09:46:47.068052+00:00,560.0,3219.081,3219.05,3219.25,ETH
2026-01-06 09:39:21+00:00,2026-01-06 09:46:48.060316+00:00,561.0,3219.081,3219.03,3219.3,ETH
2026-01-06 09:39:22+00:00,2026-01-06 09:46:49.068031+00:00,562.0,3219.081,3219.04,3219.3,ETH
2026-01-06 09:39:23+00:00,2026-01-06 09:46:50.063830+00:00,563.0,3219.081,3219.03,3219.33,ETH
2026-01-06 09:39:24+00:00,2026-01-06 09:46:51.073281+00:00,564.0,3219.081,3219.03,3219.32,ETH
2026-01-06 09:39:25+00:00,2026-01-06 09:46:52.089149+00:00,565.0,3219.091,3219.04,3219.35,ETH
2026-01-06 09:39:26+00:00,2026-01-06 09:46:53.105597+00:00,566.0,3219.091,3219.07,3219.3,ETH
2026-01-06 09:39:27+00:00,2026-01-06 09:46:54.106848+00:00,567.0,3219.091,3219.07,3219.34,ETH
2026-01-06 09:39:28+00:00,2026-01-06 09:46:55.123074+00:00,568.0,3219.091,3219.07,3219.33,ETH
2026-01-06 09:39:29+00:00,2026-01-06 09:46:56.135927+00:00,569.0,3219.091,3219.01,3219.26,ETH
2026-01-06 09:39:30+00:00,2026-01-06 09:46:57.153683+00:00,570.0,3219.091,3219.02,3219.34,ETH
2026-01-06 09:39:31+00:00,2026-01-06 09:46:58.206863+00:00,571.0,3219.091,3219.02,3219.34,ETH
2026-01-06 09:39:32+00:00,2026-01-06 09:46:59.203244+00:00,572.0,3219.091,3219.02,3219.3,ETH
2026-01-06 09:39:33+00:00,2026-01-06 09:47:00.209890+00:00,573.0,3219.091,3219.03,3219.35,ETH
2026-01-06 09:39:34+00:00,2026-01-06 09:47:01.206267+00:00,574.0,3219.091,3219.03,3219.4,ETH
2026-01-06 09:39:35+00:00,2026-01-06 09:47:02.209163+00:00,575.0,3219.091,3219.03,3219.41,ETH
2026-01-06 09:39:36+00:00,2026-01-06 09:47:03.219045+00:00,576.0,3219.091,3219.03,3219.36,ETH
2026-01-06 09:39:37+00:00,2026-01-06 09:47:04.234431+00:00,577.0,3219.091,3219.04,3219.37,ETH
2026-01-06 09:39:38+00:00,2026-01-06 09:47:05.240346+00:00,578.0,3219.091,3219.04,3219.42,ETH
2026-01-06 09:39:39+00:00,2026-01-06 09:47:06.232414+00:00,579.0,3219.251,3219.05,3219.51,ETH
2026-01-06 09:39:40+00:00,2026-01-06 09:47:07.242049+00:00,580.0,3219.421,3219.23,3219.53,ETH
2026-01-06 09:39:41+00:00,2026-01-06 09:47:08.252370+00:00,581.0,3219.431,3219.41,3219.47,ETH
2026-01-06 09:39:42+00:00,2026-01-06 09:47:09.252245+00:00,582.0,3219.431,3219.42,3219.48,ETH
2026-01-06 09:39:43+00:00,2026-01-06 09:47:10.254160+00:00,583.0,3219.731,3219.59,3219.87,ETH
2026-01-06 09:39:44+00:00,2026-01-06 09:47:11.257969+00:00,584.0,3219.841,3219.75,3219.89,ETH
2026-01-06 09:39:45+00:00,2026-01-06 09:47:12.267465+00:00,585.0,3219.881,3219.75,3219.98,ETH
2026-01-06 09:39:46+00:00,2026-01-06 09:47:13.278216+00:00,586.0,3219.881,3219.74,3219.94,ETH
2026-01-06 09:39:47+00:00,2026-01-06 09:47:14.289291+00:00,587.0,3219.881,3219.75,3219.93,ETH
2026-01-06 09:39:48+00:00,2026-01-06 09:47:15.290788+00:00,588.0,3219.881,3219.74,3219.92,ETH
2026-01-06 09:39:49+00:00,2026-01-06 09:47:16.305601+00:00,589.0,3219.881,3219.74,3219.92,ETH
2026-01-06 09:39:50+00:00,2026-01-06 09:47:17.304096+00:00,590.0,3220.241,3220.2,3220.3,ETH
2026-01-06 09:39:51+00:00,2026-01-06 09:47:18.304458+00:00,591.0,3220.261,3220.22,3220.47,ETH
2026-01-06 09:39:52+00:00,2026-01-06 09:47:19.305957+00:00,592.0,3220.331,3220.29,3220.47,ETH
2026-01-06 09:39:53+00:00,2026-01-06 09:47:20.307920+00:00,593.0,3220.321,3220.29,3220.47,ETH
2026-01-06 09:39:54+00:00,2026-01-06 09:47:21.321194+00:00,594.0,3220.341,3220.31,3220.47,ETH
2026-01-06 09:39:55+00:00,2026-01-06 09:47:22.310884+00:00,595.0,3220.351,3220.3,3220.47,ETH
2026-01-06 09:39:56+00:00,2026-01-06 09:47:23.326474+00:00,596.0,3220.291,3220.25,3220.47,ETH
2026-01-06 09:39:57+00:00,2026-01-06 09:47:24.320638+00:00,597.0,3220.261,3220.23,3220.47,ETH
2026-01-06 09:39:58+00:00,2026-01-06 09:47:25.323727+00:00,598.0,3220.191,3220.18,3220.4,ETH
2026-01-06 09:39:59+00:00,2026-01-06 09:47:26.343962+00:00,599.0,3220.191,3220.02,3220.29,ETH
2026-01-06 09:40:00+00:00,2026-01-06 09:47:27.336108+00:00,600.0,3220.041,3219.99,3220.17,ETH
2026-01-06 09:40:01+00:00,2026-01-06 09:47:28.339349+00:00,601.0,3220.041,3220.04,3220.14,ETH
2026-01-06 09:40:02+00:00,2026-01-06 09:47:29.342207+00:00,602.0,3220.041,3220.04,3220.17,ETH
2026-01-06 09:40:03+00:00,2026-01-06 09:47:30.337198+00:00,603.0,3220.041,3219.99,3220.17,ETH
2026-01-06 09:40:04+00:00,2026-01-06 09:47:31.351477+00:00,604.0,3220.041,3219.99,3220.13,ETH
2026-01-06 09:40:05+00:00,2026-01-06 09:47:32.355725+00:00,605.0,3220.371,3220.15,3220.44,ETH
2026-01-06 09:40:06+00:00,2026-01-06 09:47:33.438388+00:00,606.0,3220.291,3220.26,3220.47,ETH
2026-01-06 09:40:07+00:00,2026-01-06 09:47:35.455582+00:00,607.0,3220.761,3220.58,3220.92,ETH
2026-01-06 09:40:08+00:00,2026-01-06 09:47:36.460104+00:00,608.0,3220.761,3220.62,3220.95,ETH
2026-01-06 09:40:09+00:00,2026-01-06 09:47:37.460478+00:00,609.0,3220.761,3220.66,3220.98,ETH
2026-01-06 09:40:10+00:00,2026-01-06 09:47:38.453817+00:00,610.0,3220.761,3220.68,3221.0,ETH
2026-01-06 09:40:11+00:00,2026-01-06 09:47:39.467578+00:00,611.0,3220.761,3220.68,3221.03,ETH
2026-01-06 09:40:12+00:00,2026-01-06 09:47:40.473857+00:00,612.0,3220.761,3220.68,3220.98,ETH
2026-01-06 09:40:13+00:00,2026-01-06 09:47:41.471948+00:00,613.0,3220.771,3220.68,3220.94,ETH
2026-01-06 09:40:14+00:00,2026-01-06 09:47:42.475771+00:00,614.0,3220.771,3220.69,3220.95,ETH
2026-01-06 09:40:15+00:00,2026-01-06 09:47:43.476496+00:00,615.0,3220.771,3220.69,3220.95,ETH
2026-01-06 09:40:16+00:00,2026-01-06 09:47:44.474609+00:00,616.0,3220.771,3220.68,3220.95,ETH
2026-01-06 09:40:17+00:00,2026-01-06 09:47:45.475517+00:00,617.0,3220.771,3220.68,3220.95,ETH
2026-01-06 09:40:18+00:00,2026-01-06 09:47:46.485821+00:00,618.0,3220.771,3220.68,3220.92,ETH
2026-01-06 09:40:19+00:00,2026-01-06 09:47:47.491109+00:00,619.0,3220.621,3220.57,3220.87,ETH
2026-01-06 09:40:20+00:00,2026-01-06 09:47:48.503745+00:00,620.0,3220.381,3220.38,3220.65,ETH
2026-01-06 09:40:21+00:00,2026-01-06 09:47:49.521364+00:00,621.0,3220.251,3220.24,3220.47,ETH
2026-01-06 09:40:22+00:00,2026-01-06 09:47:50.521216+00:00,622.0,3220.191,3220.19,3220.43,ETH
2026-01-06 09:40:23+00:00,2026-01-06 09:47:51.519518+00:00,623.0,3220.241,3220.18,3220.43,ETH
2026-01-06 09:40:24+00:00,2026-01-06 09:47:52.520758+00:00,624.0,3220.291,3220.22,3220.47,ETH
2026-01-06 09:40:25+00:00,2026-01-06 09:47:53.546175+00:00,625.0,3220.281,3220.27,3220.47,ETH
2026-01-06 09:40:26+00:00,2026-01-06 09:47:54.533662+00:00,626.0,3220.281,3220.27,3220.47,ETH
2026-01-06 09:40:27+00:00,2026-01-06 09:47:55.533042+00:00,627.0,3220.281,3220.27,3220.48,ETH
2026-01-06 09:40:28+00:00,2026-01-06 09:47:56.537010+00:00,628.0,3220.281,3220.27,3220.48,ETH
2026-01-06 09:40:29+00:00,2026-01-06 09:47:57.546171+00:00,629.0,3220.281,3220.27,3220.48,ETH
2026-01-06 09:40:30+00:00,2026-01-06 09:47:58.535043+00:00,630.0,3220.281,3220.27,3220.48,ETH
2026-01-06 09:40:31+00:00,2026-01-06 09:47:59.554183+00:00,631.0,3220.281,3220.27,3220.5,ETH
2026-01-06 09:40:32+00:00,2026-01-06 09:48:00.571384+00:00,632.0,3220.281,3220.27,3220.5,ETH
2026-01-06 09:40:33+00:00,2026-01-06 09:48:01.566851+00:00,633.0,3220.281,3220.27,3220.5,ETH
2026-01-06 09:40:34+00:00,2026-01-06 09:48:02.584123+00:00,634.0,3220.381,3220.38,3220.51,ETH
2026-01-06 09:40:35+00:00,2026-01-06 09:48:03.588493+00:00,635.0,3220.381,3220.38,3220.54,ETH
2026-01-06 09:40:36+00:00,2026-01-06 09:48:04.619350+00:00,636.0,3220.381,3220.38,3220.59,ETH
2026-01-06 09:40:37+00:00,2026-01-06 09:48:05.619298+00:00,637.0,3220.381,3220.38,3220.58,ETH
2026-01-06 09:40:38+00:00,2026-01-06 09:48:06.620760+00:00,638.0,3220.381,3220.38,3220.66,ETH
2026-01-06 09:40:39+00:00,2026-01-06 09:48:07.622951+00:00,639.0,3220.381,3220.38,3220.56,ETH
2026-01-06 09:40:40+00:00,2026-01-06 09:48:08.629647+00:00,640.0,3220.381,3220.38,3220.57,ETH
2026-01-06 09:40:41+00:00,2026-01-06 09:48:09.629575+00:00,641.0,3220.381,3220.38,3220.56,ETH
2026-01-06 09:40:42+00:00,2026-01-06 09:48:10.654868+00:00,642.0,3220.381,3220.38,3220.63,ETH
2026-01-06 09:40:43+00:00,2026-01-06 09:48:11.706541+00:00,643.0,3220.381,3220.37,3220.61,ETH
2026-01-06 09:40:44+00:00,2026-01-06 09:48:12.698776+00:00,644.0,3220.381,3220.36,3220.58,ETH
2026-01-06 09:40:45+00:00,2026-01-06 09:48:13.697766+00:00,645.0,3220.381,3220.35,3220.58,ETH
2026-01-06 09:40:46+00:00,2026-01-06 09:48:14.700685+00:00,646.0,3220.381,3220.34,3220.59,ETH
2026-01-06 09:40:47+00:00,2026-01-06 09:48:15.740685+00:00,647.0,3220.381,3220.34,3220.6,ETH
2026-01-06 09:40:48+00:00,2026-01-06 09:48:16.722705+00:00,648.0,3220.381,3220.34,3220.6,ETH
2026-01-06 09:40:49+00:00,2026-01-06 09:48:17.711011+00:00,649.0,3220.381,3220.36,3220.59,ETH
2026-01-06 09:40:50+00:00,2026-01-06 09:48:18.718694+00:00,650.0,3220.491,3220.47,3220.6,ETH
2026-01-06 09:40:51+00:00,2026-01-06 09:48:19.716382+00:00,651.0,3220.531,3220.5,3220.62,ETH
2026-01-06 09:40:52+00:00,2026-01-06 09:48:20.731208+00:00,652.0,3220.461,3220.43,3220.62,ETH
2026-01-06 09:40:53+00:00,2026-01-06 09:48:21.737705+00:00,653.0,3220.451,3220.42,3220.62,ETH
2026-01-06 09:40:54+00:00,2026-01-06 09:48:22.735294+00:00,654.0,3220.461,3220.42,3220.63,ETH
2026-01-06 09:40:55+00:00,2026-01-06 09:48:23.739618+00:00,655.0,3220.351,3220.3,3220.69,ETH
2026-01-06 09:40:56+00:00,2026-01-06 09:48:24.736065+00:00,656.0,3220.581,3220.58,3220.83,ETH
2026-01-06 09:40:57+00:00,2026-01-06 09:48:25.743677+00:00,657.0,3220.581,3220.58,3220.89,ETH
2026-01-06 09:40:58+00:00,2026-01-06 09:48:26.742930+00:00,658.0,3220.581,3220.58,3220.85,ETH
2026-01-06 09:40:59+00:00,2026-01-06 09:48:27.749745+00:00,659.0,3220.581,3220.58,3220.81,ETH
2026-01-06 09:41:00+00:00,2026-01-06 09:48:28.773006+00:00,660.0,3220.581,3220.58,3220.76,ETH
2026-01-06 09:41:01+00:00,2026-01-06 09:48:29.771767+00:00,661.0,3220.581,3220.52,3220.72,ETH
2026-01-06 09:41:02+00:00,2026-01-06 09:48:30.781219+00:00,662.0,3220.251,3220.2,3220.6,ETH
2026-01-06 09:41:03+00:00,2026-01-06 09:48:31.804996+00:00,663.0,3220.191,3220.19,3220.48,ETH
2026-01-06 09:41:04+00:00,2026-01-06 09:48:32.950490+00:00,664.0,3220.061,3220.05,3220.2,ETH
2026-01-06 09:41:05+00:00,2026-01-06 09:48:33.971961+00:00,665.0,3220.051,3220.05,3220.22,ETH
2026-01-06 09:41:06+00:00,2026-01-06 09:48:34.973882+00:00,666.0,3219.891,3219.89,3220.12,ETH
2026-01-06 09:41:07+00:00,2026-01-06 09:48:35.969497+00:00,667.0,3219.901,3219.89,3220.05,ETH
2026-01-06 09:41:08+00:00,2026-01-06 09:48:36.992619+00:00,668.0,3219.941,3219.94,3220.03,ETH
2026-01-06 09:41:09+00:00,2026-01-06 09:48:37.988566+00:00,669.0,3219.941,3219.94,3220.09,ETH
2026-01-06 09:41:10+00:00,2026-01-06 09:48:39.002790+00:00,670.0,3219.941,3219.94,3220.07,ETH
2026-01-06 09:41:11+00:00,2026-01-06 09:48:40.002074+00:00,671.0,3219.941,3219.94,3220.05,ETH
2026-01-06 09:41:12+00:00,2026-01-06 09:48:41.031982+00:00,672.0,3219.781,3219.77,3220.01,ETH
2026-01-06 09:41:13+00:00,2026-01-06 09:48:42.019651+00:00,673.0,3219.631,3219.62,3219.67,ETH
2026-01-06 09:41:14+00:00,2026-01-06 09:48:43.021219+00:00,674.0,3219.631,3219.63,3219.69,ETH
2026-01-06 09:41:15+00:00,2026-01-06 09:48:44.040197+00:00,675.0,3219.621,3219.58,3219.65,ETH
2026-01-06 09:41:16+00:00,2026-01-06 09:48:45.052262+00:00,676.0,3219.621,3219.59,3219.65,ETH
2026-01-06 09:41:17+00:00,2026-01-06 09:48:46.049039+00:00,677.0,3219.581,3219.55,3219.61,ETH
2026-01-06 09:41:18+00:00,2026-01-06 09:48:47.052183+00:00,678.0,3219.611,3219.6,3219.66,ETH
2026-01-06 09:41:19+00:00,2026-01-06 09:48:48.073916+00:00,679.0,3219.591,3219.56,3219.64,ETH
2026-01-06 09:41:20+00:00,2026-01-06 09:48:49.081943+00:00,680.0,3219.611,3219.6,3219.65,ETH
2026-01-06 09:41:21+00:00,2026-01-06 09:48:50.073483+00:00,681.0,3219.551,3219.51,3219.61,ETH
2026-01-06 09:41:22+00:00,2026-01-06 09:48:51.094424+00:00,682.0,3219.451,3219.44,3219.58,ETH
2026-01-06 09:41:23+00:00,2026-01-06 09:48:52.101252+00:00,683.0,3219.451,3219.44,3219.55,ETH
2026-01-06 09:41:24+00:00,2026-01-06 09:48:53.089999+00:00,684.0,3219.451,3219.43,3219.5,ETH
2026-01-06 09:41:25+00:00,2026-01-06 09:48:54.096709+00:00,685.0,3219.451,3219.42,3219.5,ETH
2026-01-06 09:41:26+00:00,2026-01-06 09:48:55.099800+00:00,686.0,3219.451,3219.44,3219.51,ETH
2026-01-06 09:41:27+00:00,2026-01-06 09:48:56.100245+00:00,687.0,3219.401,3219.4,3219.51,ETH
2026-01-06 09:41:28+00:00,2026-01-06 09:48:57.100982+00:00,688.0,3219.451,3219.44,3219.54,ETH
2026-01-06 09:41:29+00:00,2026-01-06 09:48:58.109553+00:00,689.0,3219.451,3219.44,3219.61,ETH
2026-01-06 09:41:30+00:00,2026-01-06 09:48:59.113395+00:00,690.0,3219.451,3219.44,3219.58,ETH
2026-01-06 09:41:31+00:00,2026-01-06 09:49:00.127620+00:00,691.0,3219.451,3219.43,3219.51,ETH
2026-01-06 09:41:32+00:00,2026-01-06 09:49:01.132261+00:00,692.0,3219.451,3219.42,3219.48,ETH
2026-01-06 09:41:33+00:00,2026-01-06 09:49:02.132507+00:00,693.0,3219.451,3219.42,3219.48,ETH
2026-01-06 09:41:34+00:00,2026-01-06 09:49:03.146384+00:00,694.0,3219.331,3219.32,3219.48,ETH
2026-01-06 09:41:35+00:00,2026-01-06 09:49:04.155854+00:00,695.0,3219.311,3219.27,3219.35,ETH
2026-01-06 09:41:36+00:00,2026-01-06 09:49:05.182307+00:00,696.0,3219.161,3219.16,3219.28,ETH
2026-01-06 09:41:37+00:00,2026-01-06 09:49:06.169416+00:00,697.0,3219.101,3219.1,3219.4,ETH
2026-01-06 09:41:38+00:00,2026-01-06 09:49:07.165240+00:00,698.0,3219.141,3219.1,3219.39,ETH
2026-01-06 09:41:39+00:00,2026-01-06 09:49:08.161079+00:00,699.0,3219.361,3219.31,3219.54,ETH
2026-01-06 09:41:40+00:00,2026-01-06 09:49:09.168316+00:00,700.0,3220.071,3220.04,3220.1,ETH
2026-01-06 09:41:41+00:00,2026-01-06 09:49:10.169840+00:00,701.0,3220.181,3220.17,3220.45,ETH
2026-01-06 09:41:42+00:00,2026-01-06 09:49:11.180012+00:00,702.0,3220.181,3220.17,3220.46,ETH
2026-01-06 09:41:43+00:00,2026-01-06 09:49:12.203934+00:00,703.0,3220.191,3220.17,3220.4,ETH
2026-01-06 09:41:44+00:00,2026-01-06 09:49:13.221106+00:00,704.0,3220.041,3219.87,3220.15,ETH
2026-01-06 09:41:45+00:00,2026-01-06 09:49:14.232994+00:00,705.0,3219.951,3219.92,3219.99,ETH
2026-01-06 09:41:46+00:00,2026-01-06 09:49:15.219652+00:00,706.0,3219.951,3219.92,3219.99,ETH
2026-01-06 09:41:47+00:00,2026-01-06 09:49:16.234689+00:00,707.0,3219.961,3219.96,3220.14,ETH
2026-01-06 09:41:48+00:00,2026-01-06 09:49:17.252283+00:00,708.0,3220.111,3219.96,3220.14,ETH
2026-01-06 09:41:49+00:00,2026-01-06 09:49:18.251125+00:00,709.0,3220.181,3220.17,3220.31,ETH
2026-01-06 09:41:50+00:00,2026-01-06 09:49:19.261701+00:00,710.0,3220.181,3220.17,3220.29,ETH
2026-01-06 09:41:51+00:00,2026-01-06 09:49:20.262865+00:00,711.0,3220.181,3220.17,3220.29,ETH
2026-01-06 09:41:52+00:00,2026-01-06 09:49:21.283856+00:00,712.0,3220.181,3220.18,3220.32,ETH
2026-01-06 09:41:53+00:00,2026-01-06 09:49:22.307209+00:00,713.0,3220.181,3220.17,3220.27,ETH
2026-01-06 09:41:54+00:00,2026-01-06 09:49:23.321476+00:00,714.0,3220.181,3220.18,3220.27,ETH
2026-01-06 09:41:55+00:00,2026-01-06 09:49:24.334355+00:00,715.0,3220.181,3220.18,3220.28,ETH
2026-01-06 09:41:56+00:00,2026-01-06 09:49:25.335258+00:00,716.0,3220.181,3220.18,3220.29,ETH
2026-01-06 09:41:57+00:00,2026-01-06 09:49:26.333823+00:00,717.0,3220.181,3220.18,3220.28,ETH
2026-01-06 09:41:58+00:00,2026-01-06 09:49:27.351113+00:00,718.0,3220.181,3220.16,3220.22,ETH
2026-01-06 09:41:59+00:00,2026-01-06 09:49:28.352810+00:00,719.0,3220.221,3220.19,3220.26,ETH
2026-01-06 09:42:00+00:00,2026-01-06 09:49:29.366420+00:00,720.0,3220.221,3220.19,3220.26,ETH
2026-01-06 09:42:01+00:00,2026-01-06 09:49:30.355501+00:00,721.0,3220.251,3220.21,3220.34,ETH
2026-01-06 09:42:02+00:00,2026-01-06 09:49:31.385097+00:00,722.0,3220.231,3220.2,3220.28,ETH
2026-01-06 09:42:03+00:00,2026-01-06 09:49:32.381706+00:00,723.0,3220.241,3220.21,3220.27,ETH
2026-01-06 09:42:04+00:00,2026-01-06 09:49:33.387986+00:00,724.0,3220.251,3220.22,3220.38,ETH
2026-01-06 09:42:05+00:00,2026-01-06 09:49:34.400610+00:00,725.0,3220.251,3220.22,3220.38,ETH
2026-01-06 09:42:06+00:00,2026-01-06 09:49:35.406214+00:00,726.0,3220.251,3220.22,3220.38,ETH
2026-01-06 09:42:07+00:00,2026-01-06 09:49:36.402512+00:00,727.0,3220.291,3220.25,3220.38,ETH
2026-01-06 09:42:08+00:00,2026-01-06 09:49:37.414779+00:00,728.0,3220.211,3220.19,3220.32,ETH
2026-01-06 09:42:09+00:00,2026-01-06 09:49:38.399102+00:00,729.0,3220.131,3220.13,3220.26,ETH
2026-01-06 09:42:10+00:00,2026-01-06 09:49:39.394917+00:00,730.0,3220.161,3220.14,3220.26,ETH
2026-01-06 09:42:11+00:00,2026-01-06 09:49:40.400636+00:00,731.0,3220.151,3220.15,3220.24,ETH
2026-01-06 09:42:12+00:00,2026-01-06 09:49:41.414618+00:00,732.0,3220.151,3220.15,3220.24,ETH
2026-01-06 09:42:13+00:00,2026-01-06 09:49:42.411730+00:00,733.0,3220.151,3220.15,3220.24,ETH
2026-01-06 09:42:14+00:00,2026-01-06 09:49:43.415011+00:00,734.0,3220.151,3220.15,3220.24,ETH
2026-01-06 09:42:15+00:00,2026-01-06 09:49:44.429496+00:00,735.0,3220.231,3220.2,3220.28,ETH
2026-01-06 09:42:16+00:00,2026-01-06 09:49:45.431468+00:00,736.0,3220.251,3220.23,3220.29,ETH
2026-01-06 09:42:17+00:00,2026-01-06 09:49:46.430193+00:00,737.0,3220.221,3220.19,3220.25,ETH
2026-01-06 09:42:18+00:00,2026-01-06 09:49:47.448027+00:00,738.0,3220.251,3220.23,3220.28,ETH
2026-01-06 09:42:19+00:00,2026-01-06 09:49:48.456838+00:00,739.0,3220.231,3220.19,3220.27,ETH
2026-01-06 09:42:20+00:00,2026-01-06 09:49:49.449062+00:00,740.0,3220.481,3220.44,3220.5,ETH
2026-01-06 09:42:21+00:00,2026-01-06 09:49:50.449780+00:00,741.0,3220.481,3220.45,3220.51,ETH
2026-01-06 09:42:22+00:00,2026-01-06 09:49:51.464883+00:00,742.0,3220.501,3220.48,3220.54,ETH
2026-01-06 09:42:23+00:00,2026-01-06 09:49:52.445211+00:00,743.0,3220.501,3220.48,3220.53,ETH
2026-01-06 09:42:24+00:00,2026-01-06 09:49:53.452267+00:00,744.0,3220.541,3220.51,3220.77,ETH
2026-01-06 09:42:25+00:00,2026-01-06 09:49:54.452124+00:00,745.0,3220.731,3220.7,3220.77,ETH
2026-01-06 09:42:26+00:00,2026-01-06 09:49:55.448664+00:00,746.0,3220.721,3220.69,3220.77,ETH
2026-01-06 09:42:27+00:00,2026-01-06 09:49:56.462596+00:00,747.0,3220.721,3220.69,3220.77,ETH
2026-01-06 09:42:28+00:00,2026-01-06 09:49:57.472662+00:00,748.0,3220.701,3220.67,3220.77,ETH
2026-01-06 09:42:29+00:00,2026-01-06 09:49:58.468723+00:00,749.0,3220.771,3220.76,3220.91,ETH
2026-01-06 09:42:30+00:00,2026-01-06 09:49:59.485443+00:00,750.0,3220.761,3220.76,3220.91,ETH
2026-01-06 09:42:31+00:00,2026-01-06 09:50:01.547924+00:00,751.0,3220.761,3220.75,3220.84,ETH
2026-01-06 09:42:32+00:00,2026-01-06 09:50:02.561523+00:00,752.0,3220.761,3220.76,3220.87,ETH
2026-01-06 09:42:33+00:00,2026-01-06 09:50:03.576170+00:00,753.0,3220.761,3220.76,3220.87,ETH
2026-01-06 09:42:34+00:00,2026-01-06 09:50:04.580817+00:00,754.0,3220.731,3220.71,3220.82,ETH
2026-01-06 09:42:35+00:00,2026-01-06 09:50:05.584378+00:00,755.0,3220.731,3220.71,3220.81,ETH
2026-01-06 09:42:36+00:00,2026-01-06 09:50:06.596993+00:00,756.0,3220.761,3220.75,3220.82,ETH
2026-01-06 09:42:37+00:00,2026-01-06 09:50:07.598025+00:00,757.0,3220.761,3220.75,3220.8,ETH
2026-01-06 09:42:38+00:00,2026-01-06 09:50:08.599304+00:00,758.0,3220.631,3220.6,3220.78,ETH
2026-01-06 09:42:39+00:00,2026-01-06 09:50:09.601378+00:00,759.0,3220.521,3220.5,3220.81,ETH
2026-01-06 09:42:40+00:00,2026-01-06 09:50:10.601418+00:00,760.0,3220.621,3220.59,3220.8,ETH
2026-01-06 09:42:41+00:00,2026-01-06 09:50:11.611870+00:00,761.0,3220.691,3220.63,3220.82,ETH
2026-01-06 09:42:42+00:00,2026-01-06 09:50:12.614809+00:00,762.0,3220.691,3220.63,3220.88,ETH
2026-01-06 09:42:43+00:00,2026-01-06 09:50:13.616865+00:00,763.0,3220.681,3220.63,3220.79,ETH
2026-01-06 09:42:44+00:00,2026-01-06 09:50:14.625549+00:00,764.0,3220.661,3220.63,3220.7,ETH
2026-01-06 09:42:45+00:00,2026-01-06 09:50:15.639748+00:00,765.0,3220.631,3220.6,3220.69,ETH
2026-01-06 09:42:46+00:00,2026-01-06 09:50:16.653313+00:00,766.0,3220.601,3220.56,3220.68,ETH
2026-01-06 09:42:47+00:00,2026-01-06 09:50:17.662957+00:00,767.0,3220.611,3220.57,3220.68,ETH
2026-01-06 09:42:48+00:00,2026-01-06 09:50:18.676430+00:00,768.0,3220.621,3220.59,3220.68,ETH
2026-01-06 09:42:49+00:00,2026-01-06 09:50:19.669950+00:00,769.0,3220.621,3220.59,3220.67,ETH
2026-01-06 09:42:50+00:00,2026-01-06 09:50:20.663817+00:00,770.0,3220.551,3220.51,3220.64,ETH
2026-01-06 09:42:51+00:00,2026-01-06 09:50:21.676100+00:00,771.0,3220.571,3220.53,3220.65,ETH
2026-01-06 09:42:53+00:00,2026-01-06 09:50:22.736685+00:00,773.0,3220.601,3220.57,3220.64,ETH
2026-01-06 09:42:54+00:00,2026-01-06 09:50:23.738866+00:00,774.0,3220.601,3220.57,3220.64,ETH
2026-01-06 09:42:55+00:00,2026-01-06 09:50:24.735675+00:00,775.0,3220.621,3220.58,3220.66,ETH
2026-01-06 09:42:56+00:00,2026-01-06 09:50:26.709554+00:00,776.0,3220.571,3220.54,3220.64,ETH
2026-01-06 09:42:57+00:00,2026-01-06 09:50:27.715797+00:00,777.0,3220.621,3220.6,3220.68,ETH
2026-01-06 09:42:58+00:00,2026-01-06 09:50:28.715468+00:00,778.0,3220.581,3220.56,3220.68,ETH
2026-01-06 09:42:59+00:00,2026-01-06 09:50:29.746780+00:00,779.0,3220.581,3220.56,3220.67,ETH
2026-01-06 09:43:00+00:00,2026-01-06 09:50:30.750533+00:00,780.0,3220.631,3220.63,3220.71,ETH
2026-01-06 09:43:01+00:00,2026-01-06 09:50:31.743464+00:00,781.0,3220.631,3220.63,3220.71,ETH
2026-01-06 09:43:02+00:00,2026-01-06 09:50:32.748809+00:00,782.0,3220.631,3220.63,3220.72,ETH
2026-01-06 09:43:03+00:00,2026-01-06 09:50:33.816850+00:00,783.0,3220.491,3220.39,3220.6,ETH
2026-01-06 09:43:04+00:00,2026-01-06 09:50:34.820200+00:00,784.0,3220.311,3220.17,3220.49,ETH
2026-01-06 09:43:05+00:00,2026-01-06 09:50:35.817348+00:00,785.0,3220.281,3220.2,3220.54,ETH
2026-01-06 09:43:06+00:00,2026-01-06 09:50:36.829701+00:00,786.0,3220.361,3220.29,3220.55,ETH
2026-01-06 09:43:07+00:00,2026-01-06 09:50:37.830716+00:00,787.0,3220.461,3220.41,3220.55,ETH
2026-01-06 09:43:08+00:00,2026-01-06 09:50:38.848399+00:00,788.0,3220.501,3220.45,3220.61,ETH
2026-01-06 09:43:09+00:00,2026-01-06 09:50:39.863280+00:00,789.0,3220.491,3220.42,3220.62,ETH
2026-01-06 09:43:10+00:00,2026-01-06 09:50:40.862693+00:00,790.0,3220.441,3220.39,3220.6,ETH
2026-01-06 09:43:11+00:00,2026-01-06 09:50:41.864641+00:00,791.0,3220.361,3220.31,3220.52,ETH
2026-01-06 09:43:12+00:00,2026-01-06 09:50:42.865764+00:00,792.0,3220.331,3220.25,3220.51,ETH
2026-01-06 09:43:13+00:00,2026-01-06 09:50:43.863910+00:00,793.0,3220.401,3220.36,3220.58,ETH
2026-01-06 09:43:14+00:00,2026-01-06 09:50:44.866922+00:00,794.0,3220.451,3220.45,3220.59,ETH
2026-01-06 09:43:15+00:00,2026-01-06 09:50:45.866369+00:00,795.0,3220.471,3220.46,3220.52,ETH
2026-01-06 09:43:16+00:00,2026-01-06 09:50:46.884170+00:00,796.0,3220.471,3220.46,3220.55,ETH
2026-01-06 09:43:17+00:00,2026-01-06 09:50:47.896613+00:00,797.0,3220.471,3220.46,3220.57,ETH
2026-01-06 09:43:18+00:00,2026-01-06 09:50:48.900249+00:00,798.0,3220.471,3220.45,3220.51,ETH
2026-01-06 09:43:19+00:00,2026-01-06 09:50:49.895201+00:00,799.0,3220.471,3220.45,3220.5,ETH
2026-01-06 09:43:20+00:00,2026-01-06 09:50:50.894296+00:00,800.0,3220.591,3220.55,3220.67,ETH
2026-01-06 09:43:21+00:00,2026-01-06 09:50:51.898518+00:00,801.0,3220.551,3220.49,3220.67,ETH
2026-01-06 09:43:22+00:00,2026-01-06 09:50:52.897814+00:00,802.0,3220.501,3220.43,3220.66,ETH
2026-01-06 09:43:23+00:00,2026-01-06 09:50:53.901910+00:00,803.0,3220.461,3220.37,3220.66,ETH
2026-01-06 09:43:24+00:00,2026-01-06 09:50:54.913640+00:00,804.0,3220.511,3220.48,3220.67,ETH
2026-01-06 09:43:25+00:00,2026-01-06 09:50:55.912669+00:00,805.0,3220.511,3220.48,3220.67,ETH
2026-01-06 09:43:26+00:00,2026-01-06 09:50:56.915483+00:00,806.0,3220.531,3220.53,3220.68,ETH
2026-01-06 09:43:27+00:00,2026-01-06 09:50:57.911954+00:00,807.0,3220.531,3220.53,3220.67,ETH
2026-01-06 09:43:28+00:00,2026-01-06 09:50:58.911275+00:00,808.0,3220.511,3220.48,3220.68,ETH
2026-01-06 09:43:29+00:00,2026-01-06 09:50:59.961006+00:00,809.0,3220.551,3220.45,3220.69,ETH
2026-01-06 09:43:30+00:00,2026-01-06 09:51:00.985117+00:00,810.0,3220.611,3220.54,3220.69,ETH
2026-01-06 09:43:31+00:00,2026-01-06 09:51:01.999269+00:00,811.0,3220.601,3220.56,3220.67,ETH
2026-01-06 09:43:32+00:00,2026-01-06 09:51:03.026643+00:00,812.0,3220.701,3220.6,3220.74,ETH
2026-01-06 09:43:33+00:00,2026-01-06 09:51:04.045605+00:00,813.0,3220.631,3220.57,3220.75,ETH
2026-01-06 09:43:34+00:00,2026-01-06 09:51:05.060126+00:00,814.0,3220.671,3220.66,3220.83,ETH
2026-01-06 09:43:35+00:00,2026-01-06 09:51:06.060167+00:00,815.0,3220.671,3220.66,3220.83,ETH
2026-01-06 09:43:36+00:00,2026-01-06 09:51:07.078494+00:00,816.0,3220.671,3220.66,3220.86,ETH
2026-01-06 09:43:37+00:00,2026-01-06 09:51:08.079887+00:00,817.0,3220.631,3220.57,3220.87,ETH
2026-01-06 09:43:38+00:00,2026-01-06 09:51:09.078075+00:00,818.0,3220.631,3220.57,3220.79,ETH
2026-01-06 09:43:39+00:00,2026-01-06 09:51:10.077160+00:00,819.0,3220.631,3220.57,3220.78,ETH
2026-01-06 09:43:40+00:00,2026-01-06 09:51:11.100133+00:00,820.0,3220.631,3220.57,3220.76,ETH
2026-01-06 09:43:41+00:00,2026-01-06 09:51:12.111993+00:00,821.0,3220.631,3220.57,3220.78,ETH
2026-01-06 09:43:42+00:00,2026-01-06 09:51:13.115810+00:00,822.0,3220.641,3220.58,3220.78,ETH
2026-01-06 09:43:43+00:00,2026-01-06 09:51:15.122305+00:00,823.0,3220.671,3220.63,3220.81,ETH
2026-01-06 09:43:44+00:00,2026-01-06 09:51:16.147396+00:00,824.0,3220.641,3220.58,3220.8,ETH
2026-01-06 09:43:45+00:00,2026-01-06 09:51:17.158341+00:00,825.0,3220.641,3220.58,3220.79,ETH
2026-01-06 09:43:47+00:00,2026-01-06 09:51:18.218106+00:00,827.0,3220.641,3220.58,3220.79,ETH
2026-01-06 09:43:48+00:00,2026-01-06 09:51:19.221295+00:00,828.0,3220.671,3220.67,3220.79,ETH
2026-01-06 09:43:49+00:00,2026-01-06 09:51:20.225088+00:00,829.0,3220.641,3220.58,3220.8,ETH
2026-01-06 09:43:50+00:00,2026-01-06 09:51:21.212887+00:00,830.0,3220.641,3220.58,3220.8,ETH
2026-01-06 09:43:51+00:00,2026-01-06 09:51:22.219905+00:00,831.0,3220.691,3220.67,3220.83,ETH
2026-01-06 09:43:52+00:00,2026-01-06 09:51:23.214909+00:00,832.0,3220.641,3220.59,3220.83,ETH
2026-01-06 09:43:53+00:00,2026-01-06 09:51:24.213235+00:00,833.0,3220.691,3220.67,3220.83,ETH
2026-01-06 09:43:54+00:00,2026-01-06 09:51:25.226689+00:00,834.0,3220.701,3220.68,3220.83,ETH
2026-01-06 09:43:55+00:00,2026-01-06 09:51:26.232023+00:00,835.0,3220.701,3220.68,3220.82,ETH
2026-01-06 09:43:56+00:00,2026-01-06 09:51:27.235770+00:00,836.0,3220.651,3220.6,3220.82,ETH
2026-01-06 09:43:57+00:00,2026-01-06 09:51:28.234441+00:00,837.0,3220.651,3220.6,3220.76,ETH
2026-01-06 09:43:58+00:00,2026-01-06 09:51:29.241499+00:00,838.0,3220.701,3220.68,3220.8,ETH
2026-01-06 09:43:59+00:00,2026-01-06 09:51:30.244863+00:00,839.0,3220.701,3220.68,3220.79,ETH
2026-01-06 09:44:00+00:00,2026-01-06 09:51:31.313573+00:00,840.0,3220.701,3220.68,3220.76,ETH
2026-01-06 09:44:01+00:00,2026-01-06 09:51:32.308635+00:00,841.0,3220.701,3220.69,3220.76,ETH
2026-01-06 09:44:02+00:00,2026-01-06 09:51:33.314338+00:00,842.0,3220.481,3220.42,3220.71,ETH
2026-01-06 09:44:03+00:00,2026-01-06 09:51:34.316935+00:00,843.0,3220.351,3220.35,3220.57,ETH
2026-01-06 09:44:04+00:00,2026-01-06 09:51:35.319139+00:00,844.0,3220.351,3220.35,3220.57,ETH
2026-01-06 09:44:05+00:00,2026-01-06 09:51:36.314575+00:00,845.0,3220.351,3220.35,3220.55,ETH
2026-01-06 09:44:06+00:00,2026-01-06 09:51:37.339569+00:00,846.0,3220.351,3220.35,3220.5,ETH
2026-01-06 09:44:07+00:00,2026-01-06 09:51:38.343966+00:00,847.0,3220.351,3220.35,3220.55,ETH
2026-01-06 09:44:08+00:00,2026-01-06 09:51:39.373325+00:00,848.0,3220.351,3220.35,3220.55,ETH
2026-01-06 09:44:09+00:00,2026-01-06 09:51:40.412583+00:00,849.0,3220.351,3220.35,3220.5,ETH
2026-01-06 09:44:10+00:00,2026-01-06 09:51:41.428829+00:00,850.0,3220.351,3220.35,3220.53,ETH
2026-01-06 09:44:11+00:00,2026-01-06 09:51:42.459506+00:00,851.0,3220.081,3219.91,3220.28,ETH
2026-01-06 09:44:12+00:00,2026-01-06 09:51:43.443182+00:00,852.0,3219.671,3219.56,3219.85,ETH
2026-01-06 09:44:13+00:00,2026-01-06 09:51:44.438926+00:00,853.0,3219.611,3219.57,3219.68,ETH
2026-01-06 09:44:14+00:00,2026-01-06 09:51:45.453953+00:00,854.0,3219.671,3219.66,3219.81,ETH
2026-01-06 09:44:15+00:00,2026-01-06 09:51:46.449868+00:00,855.0,3219.671,3219.66,3219.83,ETH
2026-01-06 09:44:16+00:00,2026-01-06 09:51:47.461638+00:00,856.0,3219.671,3219.66,3219.79,ETH
2026-01-06 09:44:17+00:00,2026-01-06 09:51:48.460625+00:00,857.0,3219.671,3219.64,3219.7,ETH
2026-01-06 09:44:18+00:00,2026-01-06 09:51:49.445283+00:00,858.0,3219.651,3219.62,3219.69,ETH
2026-01-06 09:44:19+00:00,2026-01-06 09:51:50.449094+00:00,859.0,3219.561,3219.55,3219.63,ETH
2026-01-06 09:44:20+00:00,2026-01-06 09:51:51.465365+00:00,860.0,3219.561,3219.55,3219.73,ETH
2026-01-06 09:44:21+00:00,2026-01-06 09:51:52.464609+00:00,861.0,3219.561,3219.55,3219.86,ETH
2026-01-06 09:44:22+00:00,2026-01-06 09:51:53.479456+00:00,862.0,3219.561,3219.55,3219.85,ETH
2026-01-06 09:44:23+00:00,2026-01-06 09:51:54.482880+00:00,863.0,3219.561,3219.55,3219.83,ETH
2026-01-06 09:44:24+00:00,2026-01-06 09:51:55.496236+00:00,864.0,3219.561,3219.55,3219.85,ETH
2026-01-06 09:44:25+00:00,2026-01-06 09:51:56.476951+00:00,865.0,3219.561,3219.54,3219.6,ETH
2026-01-06 09:44:26+00:00,2026-01-06 09:51:57.494287+00:00,866.0,3219.561,3219.55,3219.83,ETH
2026-01-06 09:44:27+00:00,2026-01-06 09:51:58.495958+00:00,867.0,3219.531,3219.5,3219.56,ETH
2026-01-06 09:44:28+00:00,2026-01-06 09:51:59.499097+00:00,868.0,3219.561,3219.55,3219.73,ETH
2026-01-06 09:44:29+00:00,2026-01-06 09:52:00.532591+00:00,869.0,3219.561,3219.55,3219.73,ETH
2026-01-06 09:44:30+00:00,2026-01-06 09:52:01.523380+00:00,870.0,3219.561,3219.55,3219.76,ETH
2026-01-06 09:44:31+00:00,2026-01-06 09:52:03.596722+00:00,871.0,3219.601,3219.58,3219.77,ETH
2026-01-06 09:44:32+00:00,2026-01-06 09:52:04.596911+00:00,872.0,3219.641,3219.62,3219.79,ETH
2026-01-06 09:44:33+00:00,2026-01-06 09:52:05.587510+00:00,873.0,3219.641,3219.62,3219.74,ETH
2026-01-06 09:44:34+00:00,2026-01-06 09:52:06.596719+00:00,874.0,3219.641,3219.62,3219.85,ETH
2026-01-06 09:44:35+00:00,2026-01-06 09:52:07.608613+00:00,875.0,3219.651,3219.62,3219.9,ETH
2026-01-06 09:44:36+00:00,2026-01-06 09:52:08.621628+00:00,876.0,3219.661,3219.64,3219.86,ETH
2026-01-06 09:44:37+00:00,2026-01-06 09:52:09.626872+00:00,877.0,3219.671,3219.66,3219.86,ETH
2026-01-06 09:44:38+00:00,2026-01-06 09:52:10.628532+00:00,878.0,3219.661,3219.64,3219.86,ETH
2026-01-06 09:44:39+00:00,2026-01-06 09:52:11.629455+00:00,879.0,3220.031,3219.88,3220.22,ETH
2026-01-06 09:44:40+00:00,2026-01-06 09:52:12.622809+00:00,880.0,3220.551,3220.36,3220.84,ETH
2026-01-06 09:44:41+00:00,2026-01-06 09:52:13.656460+00:00,881.0,3220.801,3220.68,3221.04,ETH
2026-01-06 09:44:42+00:00,2026-01-06 09:52:14.666398+00:00,882.0,3220.921,3220.8,3220.99,ETH
2026-01-06 09:44:44+00:00,2026-01-06 09:52:15.711254+00:00,884.0,3220.951,3220.8,3220.98,ETH
2026-01-06 09:44:45+00:00,2026-01-06 09:52:16.728606+00:00,885.0,3221.051,3220.8,3221.08,ETH
2026-01-06 09:44:46+00:00,2026-01-06 09:52:17.721457+00:00,886.0,3221.031,3220.8,3221.05,ETH
2026-01-06 09:44:47+00:00,2026-01-06 09:52:18.749996+00:00,887.0,3221.021,3220.8,3221.05,ETH
2026-01-06 09:44:48+00:00,2026-01-06 09:52:19.712636+00:00,888.0,3221.011,3220.8,3221.07,ETH
2026-01-06 09:44:49+00:00,2026-01-06 09:52:20.744222+00:00,889.0,3220.941,3220.8,3220.97,ETH
2026-01-06 09:44:50+00:00,2026-01-06 09:52:21.720149+00:00,890.0,3220.941,3220.8,3220.97,ETH
2026-01-06 09:44:51+00:00,2026-01-06 09:52:22.742501+00:00,891.0,3221.031,3220.8,3221.1,ETH
2026-01-06 09:44:52+00:00,2026-01-06 09:52:23.720909+00:00,892.0,3220.841,3220.8,3220.88,ETH
2026-01-06 09:44:53+00:00,2026-01-06 09:52:24.734076+00:00,893.0,3220.821,3220.79,3220.86,ETH
2026-01-06 09:44:54+00:00,2026-01-06 09:52:25.729280+00:00,894.0,3220.911,3220.8,3220.95,ETH
2026-01-06 09:44:55+00:00,2026-01-06 09:52:26.722234+00:00,895.0,3220.941,3220.8,3220.97,ETH
2026-01-06 09:44:56+00:00,2026-01-06 09:52:28.725352+00:00,896.0,3221.021,3220.8,3221.32,ETH
2026-01-06 09:44:57+00:00,2026-01-06 09:52:29.729089+00:00,897.0,3221.001,3220.8,3221.29,ETH
2026-01-06 09:44:58+00:00,2026-01-06 09:52:30.736242+00:00,898.0,3220.961,3220.8,3221.27,ETH
2026-01-06 09:44:59+00:00,2026-01-06 09:52:31.728452+00:00,899.0,3220.951,3220.8,3221.2,ETH
