timestamp,collected_at,seconds,up_mid,up_best_bid,up_best_ask,down_mid,down_best_bid,down_best_ask,up_best_bid_size,up_best_ask_size,down_best_bid_size,down_best_ask_size
2026-01-06 09:30:00.368000+00:00,2026-01-06 09:30:00.577083+00:00,0.368,0.4649999999999999,0.46,0.47,0.535,0.53,0.54,,,,
2026-01-06 09:30:01.356000+00:00,2026-01-06 09:30:01.573293+00:00,1.356,0.4649999999999999,0.46,0.47,0.535,0.53,0.54,,,,
2026-01-06 09:30:02.310000+00:00,2026-01-06 09:30:02.583464+00:00,2.31,0.4649999999999999,0.46,0.47,0.535,0.53,0.54,,,,
2026-01-06 09:30:03.353000+00:00,2026-01-06 09:30:03.597349+00:00,3.353,0.4649999999999999,0.46,0.47,0.53,0.52,0.54,,,,
2026-01-06 09:30:04.380000+00:00,2026-01-06 09:30:04.602280+00:00,4.38,0.47,0.46,0.48,0.53,0.52,0.54,,,,
2026-01-06 09:30:05.266000+00:00,2026-01-06 09:30:05.619157+00:00,5.266,0.475,0.47,0.48,0.515,0.51,0.52,,,,
2026-01-06 09:30:06.415000+00:00,2026-01-06 09:30:06.634624+00:00,6.415,0.485,0.48,0.49,0.515,0.51,0.52,,,,
2026-01-06 09:30:07.410000+00:00,2026-01-06 09:30:07.658890+00:00,7.41,0.485,0.48,0.49,0.515,0.51,0.52,,,,
2026-01-06 09:30:08.387000+00:00,2026-01-06 09:30:08.670299+00:00,8.387,0.515,0.51,0.52,0.485,0.48,0.49,,,,
2026-01-06 09:30:09.461000+00:00,2026-01-06 09:30:09.677056+00:00,9.461,0.515,0.51,0.52,0.485,0.48,0.49,,,,
2026-01-06 09:30:10.460000+00:00,2026-01-06 09:30:10.685313+00:00,10.46,0.505,0.5,0.51,0.505,0.49,0.52,,,,
2026-01-06 09:30:11.441000+00:00,2026-01-06 09:30:11.698772+00:00,11.441,0.5,0.49,0.51,0.5,0.49,0.51,,,,
2026-01-06 09:30:12.413000+00:00,2026-01-06 09:30:12.699490+00:00,12.413,0.495,0.48,0.51,0.505,0.49,0.52,,,,
2026-01-06 09:30:13.468000+00:00,2026-01-06 09:30:13.686088+00:00,13.468,0.49,0.48,0.5,0.51,0.5,0.52,,,,
2026-01-06 09:30:14.460000+00:00,2026-01-06 09:30:14.689591+00:00,14.46,0.505,0.5,0.51,0.495,0.49,0.5,,,,
2026-01-06 09:30:15.496000+00:00,2026-01-06 09:30:15.709365+00:00,15.496,0.515,0.51,0.52,0.495,0.49,0.5,,,,
2026-01-06 09:30:16.500000+00:00,2026-01-06 09:30:16.715661+00:00,16.5,0.535,0.53,0.54,0.4649999999999999,0.46,0.47,,,,
2026-01-06 09:30:17.499000+00:00,2026-01-06 09:30:17.714218+00:00,17.499,0.555,0.55,0.56,0.445,0.44,0.45,,,,
2026-01-06 09:30:18.489000+00:00,2026-01-06 09:30:18.718378+00:00,18.489,0.555,0.55,0.56,0.455,0.45,0.46,,,,
2026-01-06 09:30:19.507000+00:00,2026-01-06 09:30:19.727165+00:00,19.507,0.545,0.54,0.55,0.455,0.45,0.46,,,,
2026-01-06 09:30:20.511000+00:00,2026-01-06 09:30:20.730900+00:00,20.511,0.545,0.54,0.55,0.455,0.45,0.46,,,,
2026-01-06 09:30:21.491000+00:00,2026-01-06 09:30:21.733217+00:00,21.491,0.545,0.54,0.55,0.455,0.45,0.46,,,,
2026-01-06 09:30:22.263000+00:00,2026-01-06 09:30:22.748948+00:00,22.263,0.545,0.54,0.55,0.455,0.45,0.46,,,,
2026-01-06 09:30:23.511000+00:00,2026-01-06 09:30:23.749461+00:00,23.511,0.545,0.54,0.55,0.455,0.45,0.46,,,,
2026-01-06 09:30:24.535000+00:00,2026-01-06 09:30:24.752303+00:00,24.535,0.545,0.54,0.55,0.455,0.45,0.46,,,,
2026-01-06 09:30:25.556000+00:00,2026-01-06 09:30:25.767491+00:00,25.556,0.595,0.59,0.6,0.405,0.4,0.41,,,,
2026-01-06 09:30:26.431000+00:00,2026-01-06 09:30:26.765544+00:00,26.431,0.595,0.59,0.6,0.405,0.4,0.41,,,,
2026-01-06 09:30:27.481000+00:00,2026-01-06 09:30:27.781949+00:00,27.481,0.595,0.59,0.6,0.405,0.4,0.41,,,,
2026-01-06 09:30:28.378000+00:00,2026-01-06 09:30:28.783074+00:00,28.378,0.595,0.59,0.6,0.405,0.4,0.41,,,,
2026-01-06 09:30:29.580000+00:00,2026-01-06 09:30:29.800845+00:00,29.58,0.595,0.59,0.6,0.405,0.4,0.41,,,,
2026-01-06 09:30:30.576000+00:00,2026-01-06 09:30:30.800963+00:00,30.576,0.595,0.59,0.6,0.405,0.4,0.41,,,,
2026-01-06 09:30:31.514000+00:00,2026-01-06 09:30:31.799982+00:00,31.514,0.595,0.59,0.6,0.405,0.4,0.41,,,,
2026-01-06 09:30:32.581000+00:00,2026-01-06 09:30:32.801441+00:00,32.581,0.595,0.59,0.6,0.405,0.4,0.41,,,,
2026-01-06 09:30:33.600000+00:00,2026-01-06 09:30:33.816852+00:00,33.6,0.59,0.58,0.6,0.41,0.4,0.42,,,,
2026-01-06 09:30:34.569000+00:00,2026-01-06 09:30:34.818912+00:00,34.569,0.59,0.58,0.6,0.41,0.4,0.42,,,,
2026-01-06 09:30:35.615000+00:00,2026-01-06 09:30:35.835153+00:00,35.615,0.595,0.59,0.6,0.405,0.4,0.41,,,,
2026-01-06 09:30:36.620000+00:00,2026-01-06 09:30:36.845986+00:00,36.62,0.595,0.59,0.6,0.405,0.4,0.41,,,,
2026-01-06 09:30:37.623000+00:00,2026-01-06 09:30:37.848780+00:00,37.623,0.595,0.59,0.6,0.405,0.4,0.41,,,,
2026-01-06 09:30:38.586000+00:00,2026-01-06 09:30:38.860288+00:00,38.586,0.595,0.59,0.6,0.405,0.4,0.41,,,,
2026-01-06 09:30:39.569000+00:00,2026-01-06 09:30:39.848741+00:00,39.569,0.59,0.58,0.6,0.41,0.4,0.42,,,,
2026-01-06 09:30:40.600000+00:00,2026-01-06 09:30:40.867262+00:00,40.6,0.59,0.58,0.6,0.41,0.4,0.42,,,,
2026-01-06 09:30:41.574000+00:00,2026-01-06 09:30:41.861254+00:00,41.574,0.595,0.59,0.6,0.405,0.4,0.41,,,,
2026-01-06 09:30:42.650000+00:00,2026-01-06 09:30:42.871572+00:00,42.65,0.59,0.58,0.6,0.41,0.4,0.42,,,,
2026-01-06 09:30:43.597000+00:00,2026-01-06 09:30:43.878893+00:00,43.597,0.59,0.58,0.6,0.415,0.41,0.42,,,,
2026-01-06 09:30:44.503000+00:00,2026-01-06 09:30:44.882793+00:00,44.503,0.575,0.57,0.58,0.425,0.42,0.43,,,,
2026-01-06 09:30:45.657000+00:00,2026-01-06 09:30:45.898785+00:00,45.657,0.58,0.57,0.59,0.42,0.41,0.43,,,,
2026-01-06 09:30:46.646000+00:00,2026-01-06 09:30:46.916608+00:00,46.646,0.58,0.57,0.59,0.42,0.41,0.43,,,,
2026-01-06 09:30:47.537000+00:00,2026-01-06 09:30:47.915394+00:00,47.537,0.58,0.57,0.59,0.42,0.41,0.43,,,,
2026-01-06 09:30:48.654000+00:00,2026-01-06 09:30:48.916456+00:00,48.654,0.575,0.57,0.58,0.425,0.42,0.43,,,,
2026-01-06 09:30:49.684000+00:00,2026-01-06 09:30:49.915068+00:00,49.684,0.58,0.57,0.59,0.42,0.41,0.43,,,,
2026-01-06 09:30:50.641000+00:00,2026-01-06 09:30:50.921150+00:00,50.641,0.58,0.57,0.59,0.42,0.41,0.43,,,,
2026-01-06 09:30:51.471000+00:00,2026-01-06 09:30:51.915574+00:00,51.471,0.585,0.58,0.59,0.415,0.41,0.42,,,,
2026-01-06 09:30:52.714000+00:00,2026-01-06 09:30:52.933639+00:00,52.714,0.585,0.58,0.59,0.415,0.41,0.42,,,,
2026-01-06 09:30:53.614000+00:00,2026-01-06 09:30:53.940733+00:00,53.614,0.585,0.58,0.59,0.415,0.41,0.42,,,,
2026-01-06 09:30:54.314000+00:00,2026-01-06 09:30:54.949755+00:00,54.314,0.585,0.58,0.59,0.415,0.41,0.42,,,,
2026-01-06 09:30:55.555000+00:00,2026-01-06 09:30:55.967054+00:00,55.555,0.585,0.58,0.59,0.415,0.41,0.42,,,,
2026-01-06 09:30:56.601000+00:00,2026-01-06 09:30:56.982832+00:00,56.601,0.585,0.58,0.59,0.415,0.41,0.42,,,,
2026-01-06 09:30:57.763000+00:00,2026-01-06 09:30:57.999231+00:00,57.763,0.585,0.58,0.59,0.415,0.41,0.42,,,,
2026-01-06 09:30:58.302000+00:00,2026-01-06 09:30:59.011786+00:00,58.302,0.585,0.58,0.59,0.415,0.41,0.42,,,,
2026-01-06 09:30:59.814000+00:00,2026-01-06 09:31:00.022951+00:00,59.814,0.585,0.58,0.59,0.415,0.41,0.42,,,,
2026-01-06 09:31:00.741000+00:00,2026-01-06 09:31:01.030547+00:00,60.741,0.485,0.48,0.49,0.515,0.51,0.52,,,,
2026-01-06 09:31:01.802000+00:00,2026-01-06 09:31:02.048961+00:00,61.802,0.495,0.49,0.5,0.505,0.5,0.51,,,,
2026-01-06 09:31:02.843000+00:00,2026-01-06 09:31:03.068299+00:00,62.843,0.505,0.5,0.51,0.495,0.49,0.5,,,,
2026-01-06 09:31:03.860000+00:00,2026-01-06 09:31:04.066183+00:00,63.86,0.5,0.49,0.51,0.495,0.49,0.5,,,,
2026-01-06 09:31:04.872000+00:00,2026-01-06 09:31:05.070736+00:00,64.872,0.505,0.5,0.51,0.495,0.49,0.5,,,,
2026-01-06 09:31:05.863000+00:00,2026-01-06 09:31:06.081445+00:00,65.863,0.5700000000000001,0.56,0.58,0.43,0.42,0.44,,,,
2026-01-06 09:31:06.865000+00:00,2026-01-06 09:31:07.088282+00:00,66.865,0.585,0.58,0.59,0.415,0.41,0.42,,,,
2026-01-06 09:31:07.876000+00:00,2026-01-06 09:31:08.098977+00:00,67.876,0.585,0.58,0.59,0.415,0.41,0.42,,,,
2026-01-06 09:31:08.881000+00:00,2026-01-06 09:31:09.115224+00:00,68.881,0.575,0.57,0.58,0.425,0.42,0.43,,,,
2026-01-06 09:31:09.597000+00:00,2026-01-06 09:31:10.116200+00:00,69.597,0.575,0.57,0.58,0.425,0.42,0.43,,,,
2026-01-06 09:31:10.858000+00:00,2026-01-06 09:31:11.130165+00:00,70.858,0.575,0.57,0.58,0.425,0.42,0.43,,,,
2026-01-06 09:31:11.853000+00:00,2026-01-06 09:31:12.150559+00:00,71.853,0.575,0.57,0.58,0.425,0.42,0.43,,,,
2026-01-06 09:31:12.924000+00:00,2026-01-06 09:31:13.151989+00:00,72.924,0.555,0.55,0.56,0.4649999999999999,0.46,0.47,,,,
2026-01-06 09:31:13.920000+00:00,2026-01-06 09:31:14.163139+00:00,73.92,0.515,0.51,0.52,0.485,0.48,0.49,,,,
2026-01-06 09:31:14.962000+00:00,2026-01-06 09:31:15.180401+00:00,74.962,0.515,0.51,0.52,0.485,0.48,0.49,,,,
2026-01-06 09:31:15.928000+00:00,2026-01-06 09:31:16.190945+00:00,75.928,0.515,0.51,0.52,0.485,0.48,0.49,,,,
2026-01-06 09:31:16.945000+00:00,2026-01-06 09:31:17.205956+00:00,76.945,0.515,0.51,0.52,0.485,0.48,0.49,,,,
2026-01-06 09:31:17.868000+00:00,2026-01-06 09:31:18.216003+00:00,77.868,0.515,0.51,0.52,0.485,0.48,0.49,,,,
2026-01-06 09:31:18.924000+00:00,2026-01-06 09:31:19.232641+00:00,78.924,0.505,0.5,0.51,0.515,0.51,0.52,,,,
2026-01-06 09:31:20.012000+00:00,2026-01-06 09:31:20.232888+00:00,80.012,0.485,0.48,0.49,0.515,0.51,0.52,,,,
2026-01-06 09:31:21.003000+00:00,2026-01-06 09:31:21.235619+00:00,81.003,0.485,0.48,0.49,0.515,0.51,0.52,,,,
2026-01-06 09:31:22.892000+00:00,2026-01-06 09:31:23.261738+00:00,82.892,0.485,0.48,0.49,0.515,0.51,0.52,,,,
2026-01-06 09:31:23.979000+00:00,2026-01-06 09:31:24.262276+00:00,83.979,0.485,0.48,0.49,0.515,0.51,0.52,,,,
2026-01-06 09:31:25.033000+00:00,2026-01-06 09:31:25.272240+00:00,85.033,0.485,0.48,0.49,0.515,0.51,0.52,,,,
2026-01-06 09:31:26.036000+00:00,2026-01-06 09:31:26.279575+00:00,86.036,0.495,0.49,0.5,0.505,0.5,0.51,,,,
2026-01-06 09:31:27.017000+00:00,2026-01-06 09:31:27.297098+00:00,87.017,0.495,0.49,0.5,0.505,0.5,0.51,,,,
2026-01-06 09:31:28.079000+00:00,2026-01-06 09:31:28.303621+00:00,88.079,0.495,0.49,0.5,0.505,0.5,0.51,,,,
2026-01-06 09:31:29.075000+00:00,2026-01-06 09:31:29.311591+00:00,89.075,0.495,0.49,0.5,0.505,0.5,0.51,,,,
2026-01-06 09:31:30.949000+00:00,2026-01-06 09:31:31.325112+00:00,90.949,0.475,0.47,0.48,0.525,0.52,0.53,,,,
2026-01-06 09:31:31.790000+00:00,2026-01-06 09:31:32.327876+00:00,91.79,0.475,0.47,0.48,0.525,0.52,0.53,,,,
2026-01-06 09:31:33.114000+00:00,2026-01-06 09:31:33.328977+00:00,93.114,0.475,0.47,0.48,0.525,0.52,0.53,,,,
2026-01-06 09:31:34.096000+00:00,2026-01-06 09:31:34.330150+00:00,94.096,0.4649999999999999,0.46,0.47,0.535,0.53,0.54,,,,
2026-01-06 09:31:35.070000+00:00,2026-01-06 09:31:35.330255+00:00,95.07,0.4649999999999999,0.46,0.47,0.535,0.53,0.54,,,,
2026-01-06 09:31:36.046000+00:00,2026-01-06 09:31:36.342089+00:00,96.046,0.455,0.45,0.46,0.545,0.54,0.55,,,,
2026-01-06 09:31:37.950000+00:00,2026-01-06 09:31:38.350200+00:00,97.95,0.455,0.45,0.46,0.545,0.54,0.55,,,,
2026-01-06 09:31:38.988000+00:00,2026-01-06 09:31:39.362988+00:00,98.988,0.455,0.45,0.46,0.545,0.54,0.55,,,,
2026-01-06 09:31:40.139000+00:00,2026-01-06 09:31:40.371515+00:00,100.139,0.455,0.45,0.46,0.545,0.54,0.55,,,,
2026-01-06 09:31:41.167000+00:00,2026-01-06 09:31:41.381304+00:00,101.167,0.455,0.45,0.46,0.545,0.54,0.55,,,,
2026-01-06 09:31:42.153000+00:00,2026-01-06 09:31:42.396650+00:00,102.153,0.455,0.45,0.46,0.545,0.54,0.55,,,,
2026-01-06 09:31:43.155000+00:00,2026-01-06 09:31:43.404046+00:00,103.155,0.445,0.44,0.45,0.555,0.55,0.56,,,,
2026-01-06 09:31:44.144000+00:00,2026-01-06 09:31:44.406886+00:00,104.144,0.45,0.44,0.46,0.545,0.54,0.55,,,,
2026-01-06 09:31:45.172000+00:00,2026-01-06 09:31:45.413916+00:00,105.172,0.4649999999999999,0.46,0.47,0.535,0.53,0.54,,,,
2026-01-06 09:31:46.196000+00:00,2026-01-06 09:31:46.432043+00:00,106.196,0.445,0.44,0.45,0.555,0.55,0.56,,,,
2026-01-06 09:31:47.299000+00:00,2026-01-06 09:31:47.447201+00:00,107.299,0.445,0.44,0.45,0.555,0.55,0.56,,,,
2026-01-06 09:31:48.223000+00:00,2026-01-06 09:31:48.452368+00:00,108.223,0.445,0.44,0.45,0.555,0.55,0.56,,,,
2026-01-06 09:31:49.229000+00:00,2026-01-06 09:31:49.466265+00:00,109.229,0.445,0.44,0.45,0.555,0.55,0.56,,,,
2026-01-06 09:31:50.209000+00:00,2026-01-06 09:31:50.472865+00:00,110.209,0.445,0.44,0.45,0.555,0.55,0.56,,,,
2026-01-06 09:31:51.227000+00:00,2026-01-06 09:31:51.469801+00:00,111.227,0.445,0.44,0.45,0.555,0.55,0.56,,,,
2026-01-06 09:31:52.242000+00:00,2026-01-06 09:31:52.480004+00:00,112.242,0.445,0.44,0.45,0.555,0.55,0.56,,,,
2026-01-06 09:31:53.078000+00:00,2026-01-06 09:31:53.497145+00:00,113.078,0.445,0.44,0.45,0.555,0.55,0.56,,,,
2026-01-06 09:31:54.273000+00:00,2026-01-06 09:31:54.496307+00:00,114.273,0.445,0.44,0.45,0.555,0.55,0.56,,,,
2026-01-06 09:31:55.086000+00:00,2026-01-06 09:31:55.505163+00:00,115.086,0.445,0.44,0.45,0.555,0.55,0.56,,,,
2026-01-06 09:31:56.175000+00:00,2026-01-06 09:31:56.517506+00:00,116.175,0.445,0.44,0.45,0.555,0.55,0.56,,,,
2026-01-06 09:31:57.266000+00:00,2026-01-06 09:31:57.515356+00:00,117.266,0.445,0.44,0.45,0.555,0.55,0.56,,,,
2026-01-06 09:31:58.115000+00:00,2026-01-06 09:31:58.528925+00:00,118.115,0.445,0.44,0.45,0.555,0.55,0.56,,,,
2026-01-06 09:31:59.222000+00:00,2026-01-06 09:31:59.532358+00:00,119.222,0.445,0.44,0.45,0.555,0.55,0.56,,,,
2026-01-06 09:32:00.271000+00:00,2026-01-06 09:32:00.530051+00:00,120.271,0.445,0.44,0.45,0.555,0.55,0.56,,,,
2026-01-06 09:32:01.198000+00:00,2026-01-06 09:32:01.546733+00:00,121.198,0.445,0.44,0.45,0.555,0.55,0.56,,,,
2026-01-06 09:32:02.295000+00:00,2026-01-06 09:32:02.563267+00:00,122.295,0.445,0.44,0.45,0.555,0.55,0.56,,,,
2026-01-06 09:32:03.243000+00:00,2026-01-06 09:32:03.561089+00:00,123.243,0.445,0.44,0.45,0.555,0.55,0.56,,,,
2026-01-06 09:32:04.312000+00:00,2026-01-06 09:32:04.561660+00:00,124.312,0.445,0.44,0.45,0.555,0.55,0.56,,,,
2026-01-06 09:32:05.134000+00:00,2026-01-06 09:32:05.569159+00:00,125.134,0.445,0.44,0.45,0.555,0.55,0.56,,,,
2026-01-06 09:32:06.037000+00:00,2026-01-06 09:32:06.579222+00:00,126.037,0.445,0.44,0.45,0.555,0.55,0.56,,,,
2026-01-06 09:32:07.827000+00:00,2026-01-06 09:32:08.595543+00:00,127.827,0.445,0.44,0.45,0.555,0.55,0.56,,,,
2026-01-06 09:32:09.389000+00:00,2026-01-06 09:32:09.617016+00:00,129.389,0.445,0.44,0.45,0.56,0.55,0.57,,,,
2026-01-06 09:32:10.340000+00:00,2026-01-06 09:32:10.611315+00:00,130.34,0.425,0.42,0.43,0.575,0.57,0.58,,,,
2026-01-06 09:32:11.022000+00:00,2026-01-06 09:32:11.612705+00:00,131.022,0.435,0.43,0.44,0.565,0.56,0.57,,,,
2026-01-06 09:32:12.404000+00:00,2026-01-06 09:32:12.627954+00:00,132.404,0.44,0.43,0.45,0.56,0.55,0.57,,,,
2026-01-06 09:32:13.418000+00:00,2026-01-06 09:32:13.644707+00:00,133.418,0.445,0.44,0.45,0.555,0.55,0.56,,,,
2026-01-06 09:32:14.431000+00:00,2026-01-06 09:32:14.661052+00:00,134.431,0.445,0.44,0.45,0.555,0.55,0.56,,,,
2026-01-06 09:32:15.330000+00:00,2026-01-06 09:32:15.678431+00:00,135.33,0.44,0.43,0.45,0.56,0.55,0.57,,,,
2026-01-06 09:32:16.475000+00:00,2026-01-06 09:32:16.693814+00:00,136.475,0.44,0.43,0.45,0.56,0.55,0.57,,,,
2026-01-06 09:32:17.316000+00:00,2026-01-06 09:32:17.702495+00:00,137.316,0.44,0.43,0.45,0.56,0.55,0.57,,,,
2026-01-06 09:32:18.470000+00:00,2026-01-06 09:32:18.706031+00:00,138.47,0.445,0.44,0.45,0.555,0.55,0.56,,,,
2026-01-06 09:32:19.490000+00:00,2026-01-06 09:32:19.709740+00:00,139.49,0.495,0.49,0.5,0.485,0.48,0.49,,,,
2026-01-06 09:32:20.481000+00:00,2026-01-06 09:32:20.709946+00:00,140.481,0.525,0.52,0.53,0.475,0.47,0.48,,,,
2026-01-06 09:32:21.500000+00:00,2026-01-06 09:32:21.724703+00:00,141.5,0.515,0.51,0.52,0.485,0.48,0.49,,,,
2026-01-06 09:32:22.456000+00:00,2026-01-06 09:32:22.732854+00:00,142.456,0.505,0.5,0.51,0.495,0.49,0.5,,,,
2026-01-06 09:32:23.524000+00:00,2026-01-06 09:32:23.743120+00:00,143.524,0.505,0.5,0.51,0.495,0.49,0.5,,,,
2026-01-06 09:32:24.538000+00:00,2026-01-06 09:32:24.762014+00:00,144.538,0.5,0.49,0.51,0.5,0.49,0.51,,,,
2026-01-06 09:32:25.494000+00:00,2026-01-06 09:32:25.763771+00:00,145.494,0.495,0.49,0.5,0.505,0.5,0.51,,,,
2026-01-06 09:32:26.488000+00:00,2026-01-06 09:32:26.778877+00:00,146.488,0.495,0.49,0.5,0.5,0.49,0.51,,,,
2026-01-06 09:32:27.557000+00:00,2026-01-06 09:32:27.778420+00:00,147.557,0.51,0.5,0.52,0.48,0.47,0.49,,,,
2026-01-06 09:32:28.557000+00:00,2026-01-06 09:32:28.779892+00:00,148.557,0.58,0.57,0.59,0.42,0.41,0.43,,,,
2026-01-06 09:32:29.533000+00:00,2026-01-06 09:32:29.778336+00:00,149.533,0.565,0.56,0.57,0.435,0.43,0.44,,,,
2026-01-06 09:32:30.559000+00:00,2026-01-06 09:32:30.793559+00:00,150.559,0.585,0.58,0.59,0.415,0.41,0.42,,,,
2026-01-06 09:32:31.394000+00:00,2026-01-06 09:32:31.812557+00:00,151.394,0.585,0.58,0.59,0.415,0.41,0.42,,,,
2026-01-06 09:32:32.409000+00:00,2026-01-06 09:32:32.819660+00:00,152.409,0.59,0.58,0.6,0.41,0.4,0.42,,,,
2026-01-06 09:32:33.603000+00:00,2026-01-06 09:32:33.829387+00:00,153.603,0.595,0.59,0.6,0.405,0.4,0.41,,,,
2026-01-06 09:32:34.617000+00:00,2026-01-06 09:32:34.836585+00:00,154.617,0.58,0.57,0.59,0.405,0.4,0.41,,,,
2026-01-06 09:32:35.603000+00:00,2026-01-06 09:32:35.845239+00:00,155.603,0.615,0.61,0.62,0.385,0.38,0.39,,,,
2026-01-06 09:32:36.654000+00:00,2026-01-06 09:32:36.845939+00:00,156.654,0.615,0.61,0.62,0.385,0.38,0.39,,,,
2026-01-06 09:32:37.640000+00:00,2026-01-06 09:32:37.861738+00:00,157.64,0.615,0.61,0.62,0.385,0.38,0.39,,,,
2026-01-06 09:32:38.659000+00:00,2026-01-06 09:32:38.875494+00:00,158.659,0.625,0.62,0.63,0.375,0.37,0.38,,,,
2026-01-06 09:32:39.640000+00:00,2026-01-06 09:32:39.866310+00:00,159.64,0.625,0.62,0.63,0.375,0.37,0.38,,,,
2026-01-06 09:32:40.651000+00:00,2026-01-06 09:32:40.871601+00:00,160.651,0.585,0.58,0.59,0.42,0.41,0.43,,,,
2026-01-06 09:32:41.594000+00:00,2026-01-06 09:32:41.878342+00:00,161.594,0.525,0.5,0.55,0.4549999999999999,0.44,0.47,,,,
2026-01-06 09:32:42.671000+00:00,2026-01-06 09:32:42.895302+00:00,162.671,0.56,0.55,0.57,0.435,0.43,0.44,,,,
2026-01-06 09:32:43.670000+00:00,2026-01-06 09:32:43.895632+00:00,163.67,0.555,0.55,0.56,0.445,0.44,0.45,,,,
2026-01-06 09:32:44.588000+00:00,2026-01-06 09:32:44.901668+00:00,164.588,0.555,0.55,0.56,0.445,0.44,0.45,,,,
2026-01-06 09:32:45.655000+00:00,2026-01-06 09:32:45.923624+00:00,165.655,0.585,0.58,0.59,0.415,0.41,0.42,,,,
2026-01-06 09:32:46.639000+00:00,2026-01-06 09:32:46.936782+00:00,166.639,0.555,0.55,0.56,0.445,0.44,0.45,,,,
2026-01-06 09:32:47.724000+00:00,2026-01-06 09:32:47.945066+00:00,167.724,0.545,0.54,0.55,0.455,0.45,0.46,,,,
2026-01-06 09:32:48.738000+00:00,2026-01-06 09:32:48.951088+00:00,168.738,0.55,0.54,0.56,0.45,0.44,0.46,,,,
2026-01-06 09:32:49.737000+00:00,2026-01-06 09:32:49.959861+00:00,169.737,0.56,0.55,0.57,0.44,0.43,0.45,,,,
2026-01-06 09:32:50.746000+00:00,2026-01-06 09:32:50.968528+00:00,170.746,0.56,0.55,0.57,0.44,0.43,0.45,,,,
2026-01-06 09:32:51.703000+00:00,2026-01-06 09:32:51.969308+00:00,171.703,0.5700000000000001,0.56,0.58,0.43,0.42,0.44,,,,
2026-01-06 09:32:52.739000+00:00,2026-01-06 09:32:52.979968+00:00,172.739,0.575,0.57,0.58,0.43,0.42,0.44,,,,
2026-01-06 09:32:53.697000+00:00,2026-01-06 09:32:53.997429+00:00,173.697,0.565,0.56,0.57,0.435,0.43,0.44,,,,
2026-01-06 09:32:54.746000+00:00,2026-01-06 09:32:55.010109+00:00,174.746,0.585,0.58,0.59,0.415,0.41,0.42,,,,
2026-01-06 09:32:55.798000+00:00,2026-01-06 09:32:56.026309+00:00,175.798,0.58,0.57,0.59,0.42,0.41,0.43,,,,
2026-01-06 09:32:56.808000+00:00,2026-01-06 09:32:57.028270+00:00,176.808,0.575,0.57,0.58,0.425,0.42,0.43,,,,
2026-01-06 09:32:57.781000+00:00,2026-01-06 09:32:58.026784+00:00,177.781,0.575,0.57,0.58,0.425,0.42,0.43,,,,
2026-01-06 09:32:58.641000+00:00,2026-01-06 09:32:59.036699+00:00,178.641,0.575,0.57,0.58,0.425,0.42,0.43,,,,
2026-01-06 09:32:59.806000+00:00,2026-01-06 09:33:00.028397+00:00,179.806,0.575,0.57,0.58,0.425,0.42,0.43,,,,
2026-01-06 09:33:00.799000+00:00,2026-01-06 09:33:01.030105+00:00,180.799,0.595,0.59,0.6,0.41,0.4,0.42,,,,
2026-01-06 09:33:01.813000+00:00,2026-01-06 09:33:02.038816+00:00,181.813,0.5700000000000001,0.56,0.58,0.435,0.43,0.44,,,,
2026-01-06 09:33:02.807000+00:00,2026-01-06 09:33:03.027127+00:00,182.807,0.565,0.56,0.57,0.435,0.43,0.44,,,,
2026-01-06 09:33:03.813000+00:00,2026-01-06 09:33:04.044030+00:00,183.813,0.52,0.51,0.53,0.48,0.47,0.49,,,,
2026-01-06 09:33:04.824000+00:00,2026-01-06 09:33:05.041116+00:00,184.824,0.515,0.51,0.52,0.48,0.47,0.49,,,,
2026-01-06 09:33:05.801000+00:00,2026-01-06 09:33:06.044217+00:00,185.801,0.535,0.53,0.54,0.4649999999999999,0.46,0.47,,,,
2026-01-06 09:33:06.830000+00:00,2026-01-06 09:33:07.049705+00:00,186.83,0.535,0.53,0.54,0.4649999999999999,0.46,0.47,,,,
2026-01-06 09:33:07.821000+00:00,2026-01-06 09:33:08.049572+00:00,187.821,0.535,0.53,0.54,0.4649999999999999,0.46,0.47,,,,
2026-01-06 09:33:08.814000+00:00,2026-01-06 09:33:09.061078+00:00,188.814,0.535,0.53,0.54,0.455,0.45,0.46,,,,
2026-01-06 09:33:09.803000+00:00,2026-01-06 09:33:10.060024+00:00,189.803,0.54,0.53,0.55,0.4599999999999999,0.45,0.47,,,,
2026-01-06 09:33:10.766000+00:00,2026-01-06 09:33:11.052724+00:00,190.766,0.535,0.53,0.54,0.47,0.46,0.48,,,,
2026-01-06 09:33:11.823000+00:00,2026-01-06 09:33:12.052211+00:00,191.823,0.525,0.51,0.54,0.485,0.48,0.49,,,,
2026-01-06 09:33:12.816000+00:00,2026-01-06 09:33:13.066289+00:00,192.816,0.515,0.51,0.52,0.485,0.48,0.49,,,,
2026-01-06 09:33:13.741000+00:00,2026-01-06 09:33:14.065136+00:00,193.741,0.525,0.52,0.53,0.475,0.47,0.48,,,,
2026-01-06 09:33:14.854000+00:00,2026-01-06 09:33:15.086982+00:00,194.854,0.535,0.53,0.54,0.4649999999999999,0.46,0.47,,,,
2026-01-06 09:33:15.806000+00:00,2026-01-06 09:33:16.092950+00:00,195.806,0.535,0.53,0.54,0.4649999999999999,0.46,0.47,,,,
2026-01-06 09:33:16.827000+00:00,2026-01-06 09:33:17.108413+00:00,196.827,0.535,0.53,0.54,0.4649999999999999,0.46,0.47,,,,
2026-01-06 09:33:17.792000+00:00,2026-01-06 09:33:18.110346+00:00,197.792,0.53,0.52,0.54,0.47,0.46,0.48,,,,
2026-01-06 09:33:18.683000+00:00,2026-01-06 09:33:19.109128+00:00,198.683,0.535,0.53,0.54,0.4649999999999999,0.46,0.47,,,,
2026-01-06 09:33:19.866000+00:00,2026-01-06 09:33:20.129613+00:00,199.866,0.535,0.53,0.54,0.4649999999999999,0.46,0.47,,,,
2026-01-06 09:33:20.895000+00:00,2026-01-06 09:33:21.130889+00:00,200.895,0.515,0.51,0.52,0.485,0.48,0.49,,,,
2026-01-06 09:33:21.869000+00:00,2026-01-06 09:33:22.142098+00:00,201.869,0.515,0.51,0.52,0.495,0.49,0.5,,,,
2026-01-06 09:33:22.920000+00:00,2026-01-06 09:33:23.141349+00:00,202.92,0.505,0.5,0.51,0.495,0.49,0.5,,,,
2026-01-06 09:33:23.907000+00:00,2026-01-06 09:33:24.158179+00:00,203.907,0.505,0.5,0.51,0.495,0.49,0.5,,,,
2026-01-06 09:33:24.921000+00:00,2026-01-06 09:33:25.155618+00:00,204.921,0.505,0.5,0.51,0.535,0.53,0.54,,,,
2026-01-06 09:33:25.927000+00:00,2026-01-06 09:33:26.173160+00:00,205.927,0.425,0.42,0.43,0.575,0.57,0.58,,,,
2026-01-06 09:33:26.963000+00:00,2026-01-06 09:33:27.190683+00:00,206.963,0.425,0.42,0.43,0.575,0.57,0.58,,,,
2026-01-06 09:33:27.955000+00:00,2026-01-06 09:33:28.183468+00:00,207.955,0.425,0.42,0.43,0.585,0.58,0.59,,,,
2026-01-06 09:33:29.965000+00:00,2026-01-06 09:33:30.187478+00:00,209.965,0.425,0.42,0.43,0.575,0.56,0.59,,,,
2026-01-06 09:33:30.950000+00:00,2026-01-06 09:33:31.191230+00:00,210.95,0.42,0.41,0.43,0.58,0.57,0.59,,,,
2026-01-06 09:33:31.992000+00:00,2026-01-06 09:33:32.206876+00:00,211.992,0.43,0.42,0.44,0.565,0.56,0.57,,,,
2026-01-06 09:33:32.972000+00:00,2026-01-06 09:33:33.215059+00:00,212.972,0.455,0.45,0.46,0.525,0.52,0.53,,,,
2026-01-06 09:33:34.005000+00:00,2026-01-06 09:33:34.228510+00:00,214.005,0.48,0.47,0.49,0.52,0.51,0.53,,,,
2026-01-06 09:33:35.019000+00:00,2026-01-06 09:33:35.242369+00:00,215.019,0.475,0.47,0.48,0.535,0.53,0.54,,,,
2026-01-06 09:33:36.972000+00:00,2026-01-06 09:33:37.242966+00:00,216.972,0.44,0.43,0.45,0.56,0.55,0.57,,,,
2026-01-06 09:33:38.033000+00:00,2026-01-06 09:33:38.250373+00:00,218.033,0.445,0.44,0.45,0.55,0.54,0.56,,,,
2026-01-06 09:33:39.028000+00:00,2026-01-06 09:33:39.255496+00:00,219.028,0.455,0.45,0.46,0.55,0.54,0.56,,,,
2026-01-06 09:33:40.034000+00:00,2026-01-06 09:33:40.267997+00:00,220.034,0.455,0.45,0.46,0.545,0.54,0.55,,,,
2026-01-06 09:33:41.041000+00:00,2026-01-06 09:33:41.276284+00:00,221.041,0.455,0.45,0.46,0.545,0.54,0.55,,,,
2026-01-06 09:33:42.762000+00:00,2026-01-06 09:33:43.299272+00:00,222.762,0.4649999999999999,0.46,0.47,0.535,0.53,0.54,,,,
2026-01-06 09:33:43.965000+00:00,2026-01-06 09:33:44.308340+00:00,223.965,0.4649999999999999,0.46,0.47,0.535,0.53,0.54,,,,
2026-01-06 09:33:44.932000+00:00,2026-01-06 09:33:45.317829+00:00,224.932,0.4599999999999999,0.45,0.47,0.54,0.53,0.55,,,,
2026-01-06 09:33:46.092000+00:00,2026-01-06 09:33:46.309680+00:00,226.092,0.455,0.45,0.46,0.545,0.54,0.55,,,,
2026-01-06 09:33:47.708000+00:00,2026-01-06 09:33:48.335116+00:00,227.708,0.455,0.45,0.46,0.545,0.54,0.55,,,,
2026-01-06 09:33:49.059000+00:00,2026-01-06 09:33:49.342883+00:00,229.059,0.455,0.45,0.46,0.545,0.54,0.55,,,,
2026-01-06 09:33:50.124000+00:00,2026-01-06 09:33:50.357217+00:00,230.124,0.455,0.45,0.46,0.545,0.54,0.55,,,,
2026-01-06 09:33:51.108000+00:00,2026-01-06 09:33:51.352251+00:00,231.108,0.455,0.45,0.46,0.545,0.54,0.55,,,,
2026-01-06 09:33:52.128000+00:00,2026-01-06 09:33:52.361181+00:00,232.128,0.42,0.4,0.44,0.595,0.59,0.6,,,,
2026-01-06 09:33:53.131000+00:00,2026-01-06 09:33:53.363352+00:00,233.131,0.365,0.36,0.37,0.635,0.63,0.64,,,,
2026-01-06 09:33:54.080000+00:00,2026-01-06 09:33:54.381605+00:00,234.08,0.375,0.37,0.38,0.625,0.62,0.63,,,,
2026-01-06 09:33:55.172000+00:00,2026-01-06 09:33:55.398429+00:00,235.172,0.375,0.37,0.38,0.625,0.62,0.63,,,,
2026-01-06 09:33:56.085000+00:00,2026-01-06 09:33:56.412762+00:00,236.085,0.38,0.37,0.39,0.62,0.61,0.63,,,,
2026-01-06 09:33:57.191000+00:00,2026-01-06 09:33:57.413567+00:00,237.191,0.385,0.38,0.39,0.615,0.61,0.62,,,,
2026-01-06 09:33:58.211000+00:00,2026-01-06 09:33:58.424950+00:00,238.211,0.435,0.43,0.44,0.5700000000000001,0.56,0.58,,,,
2026-01-06 09:33:59.195000+00:00,2026-01-06 09:33:59.424885+00:00,239.195,0.435,0.43,0.44,0.565,0.56,0.57,,,,
2026-01-06 09:34:00.186000+00:00,2026-01-06 09:34:00.424827+00:00,240.186,0.415,0.41,0.42,0.59,0.58,0.6,,,,
2026-01-06 09:34:01.183000+00:00,2026-01-06 09:34:01.441344+00:00,241.183,0.38,0.37,0.39,0.625,0.61,0.64,,,,
2026-01-06 09:34:02.171000+00:00,2026-01-06 09:34:02.434826+00:00,242.171,0.38,0.37,0.39,0.615,0.61,0.62,,,,
2026-01-06 09:34:03.143000+00:00,2026-01-06 09:34:03.440575+00:00,243.143,0.375,0.37,0.38,0.625,0.62,0.63,,,,
2026-01-06 09:34:04.988000+00:00,2026-01-06 09:34:05.458265+00:00,244.988,0.36,0.35,0.37,0.64,0.63,0.65,,,,
2026-01-06 09:34:06.257000+00:00,2026-01-06 09:34:06.474856+00:00,246.257,0.3349999999999999,0.32,0.35,0.675,0.66,0.69,,,,
2026-01-06 09:34:07.156000+00:00,2026-01-06 09:34:07.473400+00:00,247.156,0.32,0.31,0.33,0.67,0.66,0.68,,,,
2026-01-06 09:34:08.216000+00:00,2026-01-06 09:34:08.481299+00:00,248.216,0.33,0.32,0.34,0.665,0.66,0.67,,,,
2026-01-06 09:34:09.267000+00:00,2026-01-06 09:34:09.492270+00:00,249.267,0.345,0.34,0.35,0.655,0.65,0.66,,,,
2026-01-06 09:34:10.226000+00:00,2026-01-06 09:34:10.510631+00:00,250.226,0.335,0.33,0.34,0.665,0.66,0.67,,,,
2026-01-06 09:34:11.271000+00:00,2026-01-06 09:34:11.508164+00:00,251.271,0.335,0.33,0.34,0.665,0.66,0.67,,,,
2026-01-06 09:34:12.143000+00:00,2026-01-06 09:34:12.507230+00:00,252.143,0.335,0.33,0.34,0.665,0.66,0.67,,,,
2026-01-06 09:34:13.292000+00:00,2026-01-06 09:34:13.515657+00:00,253.292,0.335,0.33,0.34,0.665,0.66,0.67,,,,
2026-01-06 09:34:14.186000+00:00,2026-01-06 09:34:14.527096+00:00,254.186,0.3399999999999999,0.33,0.35,0.66,0.65,0.67,,,,
2026-01-06 09:34:15.148000+00:00,2026-01-06 09:34:15.541386+00:00,255.148,0.3399999999999999,0.33,0.35,0.66,0.65,0.67,,,,
2026-01-06 09:34:16.228000+00:00,2026-01-06 09:34:16.565743+00:00,256.228,0.3399999999999999,0.33,0.35,0.66,0.65,0.67,,,,
2026-01-06 09:34:17.338000+00:00,2026-01-06 09:34:17.567454+00:00,257.338,0.345,0.34,0.35,0.65,0.64,0.66,,,,
2026-01-06 09:34:18.350000+00:00,2026-01-06 09:34:18.571966+00:00,258.35,0.35,0.34,0.36,0.655,0.65,0.66,,,,
2026-01-06 09:34:19.350000+00:00,2026-01-06 09:34:19.575076+00:00,259.35,0.345,0.34,0.35,0.66,0.65,0.67,,,,
2026-01-06 09:34:20.277000+00:00,2026-01-06 09:34:20.578507+00:00,260.277,0.3399999999999999,0.33,0.35,0.66,0.65,0.67,,,,
2026-01-06 09:34:21.296000+00:00,2026-01-06 09:34:21.591732+00:00,261.296,0.3399999999999999,0.33,0.35,0.66,0.65,0.67,,,,
2026-01-06 09:34:22.355000+00:00,2026-01-06 09:34:22.594094+00:00,262.355,0.325,0.32,0.33,0.675,0.67,0.68,,,,
2026-01-06 09:34:23.372000+00:00,2026-01-06 09:34:23.604355+00:00,263.372,0.305,0.3,0.31,0.705,0.7,0.71,,,,
2026-01-06 09:34:24.384000+00:00,2026-01-06 09:34:24.625066+00:00,264.384,0.295,0.29,0.3,0.705,0.7,0.71,,,,
2026-01-06 09:34:25.188000+00:00,2026-01-06 09:34:25.640278+00:00,265.188,0.295,0.29,0.3,0.705,0.7,0.71,,,,
2026-01-06 09:34:26.858000+00:00,2026-01-06 09:34:27.655141+00:00,266.858,0.3,0.29,0.31,0.7,0.69,0.71,,,,
2026-01-06 09:34:28.368000+00:00,2026-01-06 09:34:28.657599+00:00,268.368,0.295,0.29,0.3,0.705,0.7,0.71,,,,
2026-01-06 09:34:29.311000+00:00,2026-01-06 09:34:29.672655+00:00,269.311,0.28,0.27,0.29,0.715,0.71,0.72,,,,
2026-01-06 09:34:30.216000+00:00,2026-01-06 09:34:30.689995+00:00,270.216,0.295,0.29,0.3,0.705,0.7,0.71,,,,
2026-01-06 09:34:31.447000+00:00,2026-01-06 09:34:31.689055+00:00,271.447,0.295,0.29,0.3,0.705,0.7,0.71,,,,
2026-01-06 09:34:32.312000+00:00,2026-01-06 09:34:32.692493+00:00,272.312,0.295,0.29,0.3,0.705,0.7,0.71,,,,
2026-01-06 09:34:33.415000+00:00,2026-01-06 09:34:33.707764+00:00,273.415,0.295,0.29,0.3,0.705,0.7,0.71,,,,
2026-01-06 09:34:34.337000+00:00,2026-01-06 09:34:34.707231+00:00,274.337,0.295,0.29,0.3,0.705,0.7,0.71,,,,
2026-01-06 09:34:35.490000+00:00,2026-01-06 09:34:35.710757+00:00,275.49,0.295,0.29,0.3,0.705,0.7,0.71,,,,
2026-01-06 09:34:36.434000+00:00,2026-01-06 09:34:36.709778+00:00,276.434,0.26,0.25,0.27,0.74,0.73,0.75,,,,
2026-01-06 09:34:37.405000+00:00,2026-01-06 09:34:37.706592+00:00,277.405,0.255,0.24,0.27,0.745,0.73,0.76,,,,
2026-01-06 09:34:38.499000+00:00,2026-01-06 09:34:38.719475+00:00,278.499,0.255,0.24,0.27,0.74,0.73,0.75,,,,
2026-01-06 09:34:39.431000+00:00,2026-01-06 09:34:39.722687+00:00,279.431,0.27,0.26,0.28,0.73,0.72,0.74,,,,
2026-01-06 09:34:40.490000+00:00,2026-01-06 09:34:40.727263+00:00,280.49,0.275,0.27,0.28,0.725,0.72,0.73,,,,
2026-01-06 09:34:41.507000+00:00,2026-01-06 09:34:41.731266+00:00,281.507,0.285,0.28,0.29,0.705,0.7,0.71,,,,
2026-01-06 09:34:42.379000+00:00,2026-01-06 09:34:42.730886+00:00,282.379,0.305,0.3,0.31,0.7,0.69,0.71,,,,
2026-01-06 09:34:43.448000+00:00,2026-01-06 09:34:43.740433+00:00,283.448,0.3,0.29,0.31,0.7,0.69,0.71,,,,
2026-01-06 09:34:44.283000+00:00,2026-01-06 09:34:44.756879+00:00,284.283,0.3,0.29,0.31,0.7,0.69,0.71,,,,
2026-01-06 09:34:45.463000+00:00,2026-01-06 09:34:45.757943+00:00,285.463,0.3,0.29,0.31,0.7,0.69,0.71,,,,
2026-01-06 09:34:46.459000+00:00,2026-01-06 09:34:46.757391+00:00,286.459,0.29,0.28,0.3,0.71,0.7,0.72,,,,
2026-01-06 09:34:47.452000+00:00,2026-01-06 09:34:47.757201+00:00,287.452,0.29,0.28,0.3,0.71,0.7,0.72,,,,
2026-01-06 09:34:48.497000+00:00,2026-01-06 09:34:48.756387+00:00,288.497,0.3,0.29,0.31,0.7,0.69,0.71,,,,
2026-01-06 09:34:49.558000+00:00,2026-01-06 09:34:49.773106+00:00,289.558,0.285,0.28,0.29,0.715,0.71,0.72,,,,
2026-01-06 09:34:50.466000+00:00,2026-01-06 09:34:50.773162+00:00,290.466,0.265,0.26,0.27,0.735,0.73,0.74,,,,
2026-01-06 09:34:51.572000+00:00,2026-01-06 09:34:51.789539+00:00,291.572,0.255,0.25,0.26,0.745,0.74,0.75,,,,
2026-01-06 09:34:52.550000+00:00,2026-01-06 09:34:52.789136+00:00,292.55,0.235,0.23,0.24,0.765,0.76,0.77,,,,
2026-01-06 09:34:53.565000+00:00,2026-01-06 09:34:53.789646+00:00,293.565,0.2299999999999999,0.22,0.24,0.77,0.76,0.78,,,,
2026-01-06 09:34:54.576000+00:00,2026-01-06 09:34:54.799168+00:00,294.576,0.22,0.21,0.23,0.78,0.77,0.79,,,,
2026-01-06 09:34:55.585000+00:00,2026-01-06 09:34:55.810492+00:00,295.585,0.1699999999999999,0.16,0.18,0.845,0.84,0.85,,,,
2026-01-06 09:34:56.611000+00:00,2026-01-06 09:34:56.814632+00:00,296.611,0.1699999999999999,0.16,0.18,0.815,0.81,0.82,,,,
2026-01-06 09:34:57.583000+00:00,2026-01-06 09:34:57.821846+00:00,297.583,0.1699999999999999,0.16,0.18,0.835,0.83,0.84,,,,
2026-01-06 09:34:58.619000+00:00,2026-01-06 09:34:58.843268+00:00,298.619,0.16,0.15,0.17,0.84,0.83,0.85,,,,
2026-01-06 09:34:59.612000+00:00,2026-01-06 09:34:59.837416+00:00,299.612,0.155,0.15,0.16,0.845,0.84,0.85,,,,
2026-01-06 09:35:00.616000+00:00,2026-01-06 09:35:00.838576+00:00,300.616,0.155,0.15,0.16,0.845,0.84,0.85,,,,
2026-01-06 09:35:01.609000+00:00,2026-01-06 09:35:01.849466+00:00,301.609,0.165,0.16,0.17,0.835,0.83,0.84,,,,
2026-01-06 09:35:02.613000+00:00,2026-01-06 09:35:02.862866+00:00,302.613,0.155,0.15,0.16,0.84,0.83,0.85,,,,
2026-01-06 09:35:03.651000+00:00,2026-01-06 09:35:03.872033+00:00,303.651,0.16,0.15,0.17,0.835,0.83,0.84,,,,
2026-01-06 09:35:04.641000+00:00,2026-01-06 09:35:04.872393+00:00,304.641,0.175,0.17,0.18,0.825,0.82,0.83,,,,
2026-01-06 09:35:05.654000+00:00,2026-01-06 09:35:05.879309+00:00,305.654,0.1699999999999999,0.16,0.18,0.835,0.83,0.84,,,,
2026-01-06 09:35:06.651000+00:00,2026-01-06 09:35:06.880611+00:00,306.651,0.155,0.15,0.16,0.845,0.84,0.85,,,,
2026-01-06 09:35:07.563000+00:00,2026-01-06 09:35:07.883325+00:00,307.563,0.155,0.15,0.16,0.845,0.84,0.85,,,,
2026-01-06 09:35:08.608000+00:00,2026-01-06 09:35:08.895685+00:00,308.608,0.155,0.15,0.16,0.845,0.84,0.85,,,,
2026-01-06 09:35:09.666000+00:00,2026-01-06 09:35:09.888489+00:00,309.666,0.155,0.15,0.16,0.875,0.87,0.88,,,,
2026-01-06 09:35:10.645000+00:00,2026-01-06 09:35:10.889314+00:00,310.645,0.125,0.12,0.13,0.875,0.87,0.88,,,,
2026-01-06 09:35:11.668000+00:00,2026-01-06 09:35:11.894931+00:00,311.668,0.145,0.14,0.15,0.855,0.85,0.86,,,,
2026-01-06 09:35:12.674000+00:00,2026-01-06 09:35:12.904628+00:00,312.674,0.135,0.13,0.14,0.865,0.86,0.87,,,,
2026-01-06 09:35:13.684000+00:00,2026-01-06 09:35:13.912227+00:00,313.684,0.125,0.12,0.13,0.875,0.87,0.88,,,,
2026-01-06 09:35:14.652000+00:00,2026-01-06 09:35:14.921649+00:00,314.652,0.12,0.11,0.13,0.885,0.88,0.89,,,,
2026-01-06 09:35:15.528000+00:00,2026-01-06 09:35:15.923968+00:00,315.528,0.12,0.11,0.13,0.885,0.88,0.89,,,,
2026-01-06 09:35:16.717000+00:00,2026-01-06 09:35:16.938989+00:00,316.717,0.105,0.1,0.11,0.895,0.89,0.9,,,,
2026-01-06 09:35:17.715000+00:00,2026-01-06 09:35:17.946258+00:00,317.715,0.105,0.1,0.11,0.895,0.89,0.9,,,,
2026-01-06 09:35:18.726000+00:00,2026-01-06 09:35:18.955401+00:00,318.726,0.105,0.1,0.11,0.895,0.89,0.9,,,,
2026-01-06 09:35:19.730000+00:00,2026-01-06 09:35:19.974028+00:00,319.73,0.11,0.1,0.12,0.89,0.88,0.9,,,,
2026-01-06 09:35:20.755000+00:00,2026-01-06 09:35:20.981929+00:00,320.755,0.11,0.1,0.12,0.89,0.88,0.9,,,,
2026-01-06 09:35:21.769000+00:00,2026-01-06 09:35:22.005423+00:00,321.769,0.105,0.09,0.12,0.88,0.87,0.89,,,,
2026-01-06 09:35:22.761000+00:00,2026-01-06 09:35:23.031208+00:00,322.761,0.12,0.11,0.13,0.88,0.87,0.89,,,,
2026-01-06 09:35:23.833000+00:00,2026-01-06 09:35:24.055906+00:00,323.833,0.125,0.12,0.13,0.875,0.87,0.88,,,,
2026-01-06 09:35:24.845000+00:00,2026-01-06 09:35:25.066923+00:00,324.845,0.125,0.12,0.13,0.875,0.87,0.88,,,,
2026-01-06 09:35:25.847000+00:00,2026-01-06 09:35:26.071592+00:00,325.847,0.135,0.13,0.14,0.865,0.86,0.87,,,,
2026-01-06 09:35:26.832000+00:00,2026-01-06 09:35:27.074304+00:00,326.832,0.145,0.14,0.15,0.855,0.85,0.86,,,,
2026-01-06 09:35:27.861000+00:00,2026-01-06 09:35:28.088205+00:00,327.861,0.165,0.16,0.17,0.835,0.83,0.84,,,,
2026-01-06 09:35:28.892000+00:00,2026-01-06 09:35:29.104021+00:00,328.892,0.1699999999999999,0.16,0.18,0.825,0.82,0.83,,,,
2026-01-06 09:35:29.873000+00:00,2026-01-06 09:35:30.120846+00:00,329.873,0.175,0.17,0.18,0.825,0.82,0.83,,,,
2026-01-06 09:35:30.919000+00:00,2026-01-06 09:35:31.135884+00:00,330.919,0.205,0.2,0.21,0.795,0.79,0.8,,,,
2026-01-06 09:35:31.911000+00:00,2026-01-06 09:35:32.136017+00:00,331.911,0.205,0.2,0.21,0.795,0.79,0.8,,,,
2026-01-06 09:35:32.928000+00:00,2026-01-06 09:35:33.152972+00:00,332.928,0.205,0.2,0.21,0.795,0.79,0.8,,,,
2026-01-06 09:35:33.926000+00:00,2026-01-06 09:35:34.143702+00:00,333.926,0.185,0.18,0.19,0.8200000000000001,0.81,0.83,,,,
2026-01-06 09:35:34.899000+00:00,2026-01-06 09:35:35.153305+00:00,334.899,0.165,0.16,0.17,0.835,0.83,0.84,,,,
2026-01-06 09:35:35.955000+00:00,2026-01-06 09:35:36.170720+00:00,335.955,0.165,0.16,0.17,0.83,0.82,0.84,,,,
2026-01-06 09:35:36.943000+00:00,2026-01-06 09:35:37.186810+00:00,336.943,0.1699999999999999,0.16,0.18,0.83,0.82,0.84,,,,
2026-01-06 09:35:37.958000+00:00,2026-01-06 09:35:38.193679+00:00,337.958,0.165,0.16,0.17,0.84,0.83,0.85,,,,
2026-01-06 09:35:38.951000+00:00,2026-01-06 09:35:39.186835+00:00,338.951,0.165,0.16,0.17,0.835,0.83,0.84,,,,
2026-01-06 09:35:39.728000+00:00,2026-01-06 09:35:40.186585+00:00,339.728,0.155,0.15,0.16,0.84,0.83,0.85,,,,
2026-01-06 09:35:40.885000+00:00,2026-01-06 09:35:41.202921+00:00,340.885,0.15,0.14,0.16,0.85,0.84,0.86,,,,
2026-01-06 09:35:42.885000+00:00,2026-01-06 09:35:43.213083+00:00,342.885,0.15,0.14,0.16,0.85,0.84,0.86,,,,
2026-01-06 09:35:43.944000+00:00,2026-01-06 09:35:44.218791+00:00,343.944,0.155,0.14,0.17,0.845,0.83,0.86,,,,
2026-01-06 09:35:45.974000+00:00,2026-01-06 09:35:46.251797+00:00,345.974,0.175,0.17,0.18,0.825,0.82,0.83,,,,
2026-01-06 09:35:46.731000+00:00,2026-01-06 09:35:47.253231+00:00,346.731,0.1699999999999999,0.16,0.18,0.83,0.82,0.84,,,,
2026-01-06 09:35:48.016000+00:00,2026-01-06 09:35:48.254688+00:00,348.016,0.1699999999999999,0.16,0.18,0.83,0.82,0.84,,,,
2026-01-06 09:35:49.921000+00:00,2026-01-06 09:35:50.285514+00:00,349.921,0.15,0.14,0.16,0.85,0.84,0.86,,,,
2026-01-06 09:35:51.073000+00:00,2026-01-06 09:35:51.302452+00:00,351.073,0.145,0.14,0.15,0.855,0.85,0.86,,,,
2026-01-06 09:35:52.877000+00:00,2026-01-06 09:35:53.318804+00:00,352.877,0.14,0.13,0.15,0.86,0.85,0.87,,,,
2026-01-06 09:35:54.065000+00:00,2026-01-06 09:35:54.321542+00:00,354.065,0.14,0.13,0.15,0.86,0.85,0.87,,,,
2026-01-06 09:35:55.114000+00:00,2026-01-06 09:35:55.334151+00:00,355.114,0.135,0.13,0.14,0.865,0.86,0.87,,,,
2026-01-06 09:35:56.118000+00:00,2026-01-06 09:35:56.339668+00:00,356.118,0.105,0.1,0.11,0.895,0.89,0.9,,,,
2026-01-06 09:35:57.122000+00:00,2026-01-06 09:35:57.356280+00:00,357.122,0.105,0.1,0.11,0.895,0.89,0.9,,,,
2026-01-06 09:35:58.071000+00:00,2026-01-06 09:35:58.365668+00:00,358.071,0.105,0.1,0.11,0.895,0.89,0.9,,,,
2026-01-06 09:35:59.911000+00:00,2026-01-06 09:36:00.365247+00:00,359.911,0.105,0.1,0.11,0.895,0.89,0.9,,,,
2026-01-06 09:36:01.150000+00:00,2026-01-06 09:36:01.390272+00:00,361.15,0.105,0.1,0.11,0.895,0.89,0.9,,,,
2026-01-06 09:36:02.171000+00:00,2026-01-06 09:36:02.395548+00:00,362.171,0.1149999999999999,0.11,0.12,0.885,0.88,0.89,,,,
2026-01-06 09:36:03.164000+00:00,2026-01-06 09:36:03.403757+00:00,363.164,0.1149999999999999,0.11,0.12,0.88,0.87,0.89,,,,
2026-01-06 09:36:04.156000+00:00,2026-01-06 09:36:04.403091+00:00,364.156,0.12,0.11,0.13,0.875,0.87,0.88,,,,
2026-01-06 09:36:05.171000+00:00,2026-01-06 09:36:05.411640+00:00,365.171,0.125,0.12,0.13,0.875,0.87,0.88,,,,
2026-01-06 09:36:06.134000+00:00,2026-01-06 09:36:06.420738+00:00,366.134,0.12,0.11,0.13,0.88,0.87,0.89,,,,
2026-01-06 09:36:07.170000+00:00,2026-01-06 09:36:07.421088+00:00,367.17,0.125,0.12,0.13,0.875,0.87,0.88,,,,
2026-01-06 09:36:08.168000+00:00,2026-01-06 09:36:08.428550+00:00,368.168,0.125,0.12,0.13,0.875,0.87,0.88,,,,
2026-01-06 09:36:09.788000+00:00,2026-01-06 09:36:10.455694+00:00,369.788,0.125,0.12,0.13,0.875,0.87,0.88,,,,
2026-01-06 09:36:11.139000+00:00,2026-01-06 09:36:11.469777+00:00,371.139,0.125,0.12,0.13,0.875,0.87,0.88,,,,
2026-01-06 09:36:12.268000+00:00,2026-01-06 09:36:12.487286+00:00,372.268,0.12,0.11,0.13,0.88,0.87,0.89,,,,
2026-01-06 09:36:13.188000+00:00,2026-01-06 09:36:13.493286+00:00,373.188,0.125,0.12,0.13,0.875,0.87,0.88,,,,
2026-01-06 09:36:14.223000+00:00,2026-01-06 09:36:14.505587+00:00,374.223,0.125,0.12,0.13,0.875,0.87,0.88,,,,
2026-01-06 09:36:15.293000+00:00,2026-01-06 09:36:15.520936+00:00,375.293,0.1149999999999999,0.11,0.12,0.885,0.88,0.89,,,,
2026-01-06 09:36:16.286000+00:00,2026-01-06 09:36:16.518765+00:00,376.286,0.105,0.1,0.11,0.895,0.89,0.9,,,,
2026-01-06 09:36:17.252000+00:00,2026-01-06 09:36:17.528804+00:00,377.252,0.105,0.1,0.11,0.895,0.89,0.9,,,,
2026-01-06 09:36:18.277000+00:00,2026-01-06 09:36:18.551172+00:00,378.277,0.105,0.1,0.11,0.895,0.89,0.9,,,,
2026-01-06 09:36:19.327000+00:00,2026-01-06 09:36:19.550947+00:00,379.327,0.105,0.1,0.11,0.895,0.89,0.9,,,,
2026-01-06 09:36:20.307000+00:00,2026-01-06 09:36:20.558804+00:00,380.307,0.105,0.1,0.11,0.895,0.89,0.9,,,,
2026-01-06 09:36:21.283000+00:00,2026-01-06 09:36:21.573167+00:00,381.283,0.105,0.1,0.11,0.895,0.89,0.9,,,,
2026-01-06 09:36:22.314000+00:00,2026-01-06 09:36:22.578463+00:00,382.314,0.105,0.1,0.11,0.895,0.89,0.9,,,,
2026-01-06 09:36:23.364000+00:00,2026-01-06 09:36:23.585812+00:00,383.364,0.105,0.1,0.11,0.895,0.89,0.9,,,,
2026-01-06 09:36:24.303000+00:00,2026-01-06 09:36:24.603191+00:00,384.303,0.105,0.1,0.11,0.895,0.89,0.9,,,,
2026-01-06 09:36:25.874000+00:00,2026-01-06 09:36:26.618233+00:00,385.874,0.105,0.1,0.11,0.895,0.89,0.9,,,,
2026-01-06 09:36:26.891000+00:00,2026-01-06 09:36:27.633846+00:00,386.891,0.105,0.1,0.11,0.895,0.89,0.9,,,,
2026-01-06 09:36:28.419000+00:00,2026-01-06 09:36:28.638131+00:00,388.419,0.105,0.1,0.11,0.895,0.89,0.9,,,,
2026-01-06 09:36:29.426000+00:00,2026-01-06 09:36:29.650080+00:00,389.426,0.105,0.1,0.11,0.895,0.89,0.9,,,,
2026-01-06 09:36:30.312000+00:00,2026-01-06 09:36:30.668202+00:00,390.312,0.11,0.1,0.12,0.89,0.88,0.9,,,,
2026-01-06 09:36:31.233000+00:00,2026-01-06 09:36:31.685608+00:00,391.233,0.1149999999999999,0.11,0.12,0.885,0.88,0.89,,,,
2026-01-06 09:36:32.473000+00:00,2026-01-06 09:36:32.696024+00:00,392.473,0.12,0.11,0.13,0.88,0.87,0.89,,,,
2026-01-06 09:36:33.339000+00:00,2026-01-06 09:36:33.711180+00:00,393.339,0.13,0.12,0.14,0.87,0.86,0.88,,,,
2026-01-06 09:36:34.491000+00:00,2026-01-06 09:36:34.720004+00:00,394.491,0.125,0.12,0.13,0.875,0.87,0.88,,,,
2026-01-06 09:36:35.328000+00:00,2026-01-06 09:36:35.728239+00:00,395.328,0.1149999999999999,0.11,0.12,0.885,0.88,0.89,,,,
2026-01-06 09:36:36.488000+00:00,2026-01-06 09:36:36.753429+00:00,396.488,0.1149999999999999,0.11,0.12,0.885,0.88,0.89,,,,
2026-01-06 09:36:37.436000+00:00,2026-01-06 09:36:37.777096+00:00,397.436,0.105,0.1,0.11,0.895,0.89,0.9,,,,
2026-01-06 09:36:38.541000+00:00,2026-01-06 09:36:38.786298+00:00,398.541,0.11,0.1,0.12,0.895,0.89,0.9,,,,
2026-01-06 09:36:39.566000+00:00,2026-01-06 09:36:39.794892+00:00,399.566,0.105,0.1,0.11,0.895,0.89,0.9,,,,
2026-01-06 09:36:40.562000+00:00,2026-01-06 09:36:40.803010+00:00,400.562,0.105,0.1,0.11,0.895,0.89,0.9,,,,
2026-01-06 09:36:41.573000+00:00,2026-01-06 09:36:41.821661+00:00,401.573,0.105,0.1,0.11,0.895,0.89,0.9,,,,
2026-01-06 09:36:42.559000+00:00,2026-01-06 09:36:42.835994+00:00,402.559,0.105,0.1,0.11,0.895,0.89,0.9,,,,
2026-01-06 09:36:43.485000+00:00,2026-01-06 09:36:43.840108+00:00,403.485,0.105,0.1,0.11,0.895,0.89,0.9,,,,
2026-01-06 09:36:44.377000+00:00,2026-01-06 09:36:44.859477+00:00,404.377,0.105,0.1,0.11,0.895,0.89,0.9,,,,
2026-01-06 09:36:45.570000+00:00,2026-01-06 09:36:45.860484+00:00,405.57,0.105,0.1,0.11,0.895,0.89,0.9,,,,
2026-01-06 09:36:46.640000+00:00,2026-01-06 09:36:46.868617+00:00,406.64,0.105,0.1,0.11,0.895,0.89,0.9,,,,
2026-01-06 09:36:47.651000+00:00,2026-01-06 09:36:47.874556+00:00,407.651,0.105,0.1,0.11,0.895,0.89,0.9,,,,
2026-01-06 09:36:48.653000+00:00,2026-01-06 09:36:48.876634+00:00,408.653,0.105,0.1,0.11,0.895,0.89,0.9,,,,
2026-01-06 09:36:49.649000+00:00,2026-01-06 09:36:49.887955+00:00,409.649,0.105,0.1,0.11,0.895,0.89,0.9,,,,
2026-01-06 09:36:50.631000+00:00,2026-01-06 09:36:50.889476+00:00,410.631,0.11,0.1,0.12,0.89,0.88,0.9,,,,
2026-01-06 09:36:51.652000+00:00,2026-01-06 09:36:51.902086+00:00,411.652,0.11,0.1,0.12,0.89,0.88,0.9,,,,
2026-01-06 09:36:52.650000+00:00,2026-01-06 09:36:52.909611+00:00,412.65,0.11,0.1,0.12,0.89,0.88,0.9,,,,
2026-01-06 09:36:53.665000+00:00,2026-01-06 09:36:53.910613+00:00,413.665,0.105,0.1,0.11,0.895,0.89,0.9,,,,
2026-01-06 09:36:54.587000+00:00,2026-01-06 09:36:54.918279+00:00,414.587,0.105,0.1,0.11,0.895,0.89,0.9,,,,
2026-01-06 09:36:55.707000+00:00,2026-01-06 09:36:55.928506+00:00,415.707,0.105,0.1,0.11,0.895,0.89,0.9,,,,
2026-01-06 09:36:56.338000+00:00,2026-01-06 09:36:56.935504+00:00,416.338,0.105,0.1,0.11,0.895,0.89,0.9,,,,
2026-01-06 09:36:57.688000+00:00,2026-01-06 09:36:57.933678+00:00,417.688,0.105,0.1,0.11,0.895,0.89,0.9,,,,
2026-01-06 09:36:58.698000+00:00,2026-01-06 09:36:58.938275+00:00,418.698,0.105,0.1,0.11,0.895,0.89,0.9,,,,
2026-01-06 09:36:59.712000+00:00,2026-01-06 09:36:59.951228+00:00,419.712,0.105,0.1,0.11,0.895,0.89,0.9,,,,
2026-01-06 09:37:00.719000+00:00,2026-01-06 09:37:00.957993+00:00,420.719,0.105,0.1,0.11,0.895,0.89,0.9,,,,
2026-01-06 09:37:01.750000+00:00,2026-01-06 09:37:01.973500+00:00,421.75,0.105,0.1,0.11,0.895,0.89,0.9,,,,
2026-01-06 09:37:02.768000+00:00,2026-01-06 09:37:02.986971+00:00,422.768,0.105,0.1,0.11,0.895,0.89,0.9,,,,
2026-01-06 09:37:03.743000+00:00,2026-01-06 09:37:04.001117+00:00,423.743,0.105,0.1,0.11,0.895,0.89,0.9,,,,
2026-01-06 09:37:04.773000+00:00,2026-01-06 09:37:05.001458+00:00,424.773,0.105,0.1,0.11,0.895,0.89,0.9,,,,
2026-01-06 09:37:05.776000+00:00,2026-01-06 09:37:06.006903+00:00,425.776,0.125,0.12,0.13,0.875,0.87,0.88,,,,
2026-01-06 09:37:06.794000+00:00,2026-01-06 09:37:07.016391+00:00,426.794,0.1149999999999999,0.11,0.12,0.885,0.88,0.89,,,,
2026-01-06 09:37:07.796000+00:00,2026-01-06 09:37:08.036446+00:00,427.796,0.1149999999999999,0.11,0.12,0.885,0.88,0.89,,,,
2026-01-06 09:37:08.812000+00:00,2026-01-06 09:37:09.036404+00:00,428.812,0.1149999999999999,0.11,0.12,0.895,0.89,0.9,,,,
2026-01-06 09:37:09.730000+00:00,2026-01-06 09:37:10.051636+00:00,429.73,0.105,0.1,0.11,0.895,0.89,0.9,,,,
2026-01-06 09:37:10.734000+00:00,2026-01-06 09:37:11.072193+00:00,430.734,0.105,0.1,0.11,0.895,0.89,0.9,,,,
2026-01-06 09:37:11.832000+00:00,2026-01-06 09:37:12.084121+00:00,431.832,0.105,0.1,0.11,0.895,0.89,0.9,,,,
2026-01-06 09:37:12.769000+00:00,2026-01-06 09:37:13.092345+00:00,432.769,0.105,0.1,0.11,0.895,0.89,0.9,,,,
2026-01-06 09:37:13.695000+00:00,2026-01-06 09:37:14.103830+00:00,433.695,0.105,0.1,0.11,0.895,0.89,0.9,,,,
2026-01-06 09:37:14.902000+00:00,2026-01-06 09:37:15.116290+00:00,434.902,0.105,0.1,0.11,0.895,0.89,0.9,,,,
2026-01-06 09:37:15.832000+00:00,2026-01-06 09:37:16.133353+00:00,435.832,0.105,0.1,0.11,0.895,0.89,0.9,,,,
2026-01-06 09:37:16.696000+00:00,2026-01-06 09:37:17.133637+00:00,436.696,0.105,0.1,0.11,0.895,0.89,0.9,,,,
2026-01-06 09:37:17.915000+00:00,2026-01-06 09:37:18.150177+00:00,437.915,0.105,0.1,0.11,0.895,0.89,0.9,,,,
2026-01-06 09:37:18.967000+00:00,2026-01-06 09:37:19.167699+00:00,438.967,0.105,0.1,0.11,0.895,0.89,0.9,,,,
2026-01-06 09:37:19.867000+00:00,2026-01-06 09:37:20.174579+00:00,439.867,0.105,0.1,0.11,0.895,0.89,0.9,,,,
2026-01-06 09:37:20.948000+00:00,2026-01-06 09:37:21.182178+00:00,440.948,0.11,0.1,0.12,0.89,0.88,0.9,,,,
2026-01-06 09:37:21.910000+00:00,2026-01-06 09:37:22.186650+00:00,441.91,0.11,0.1,0.12,0.885,0.88,0.89,,,,
2026-01-06 09:37:22.664000+00:00,2026-01-06 09:37:23.190420+00:00,442.664,0.11,0.1,0.12,0.895,0.89,0.9,,,,
2026-01-06 09:37:23.845000+00:00,2026-01-06 09:37:24.217596+00:00,443.845,0.11,0.1,0.12,0.89,0.88,0.9,,,,
2026-01-06 09:37:24.893000+00:00,2026-01-06 09:37:25.233900+00:00,444.893,0.105,0.1,0.11,0.895,0.89,0.9,,,,
2026-01-06 09:37:25.857000+00:00,2026-01-06 09:37:26.232775+00:00,445.857,0.105,0.1,0.11,0.895,0.89,0.9,,,,
2026-01-06 09:37:26.936000+00:00,2026-01-06 09:37:27.238598+00:00,446.936,0.105,0.1,0.11,0.895,0.89,0.9,,,,
2026-01-06 09:37:27.740000+00:00,2026-01-06 09:37:28.249343+00:00,447.74,0.105,0.1,0.11,0.895,0.89,0.9,,,,
2026-01-06 09:37:29.029000+00:00,2026-01-06 09:37:29.263622+00:00,449.029,0.105,0.1,0.11,0.895,0.89,0.9,,,,
2026-01-06 09:37:30.780000+00:00,2026-01-06 09:37:31.305954+00:00,450.78,0.1149999999999999,0.11,0.12,0.885,0.88,0.89,,,,
2026-01-06 09:37:32.089000+00:00,2026-01-06 09:37:32.317278+00:00,452.089,0.12,0.11,0.13,0.88,0.87,0.89,,,,
2026-01-06 09:37:33.076000+00:00,2026-01-06 09:37:33.325563+00:00,453.076,0.1149999999999999,0.11,0.12,0.885,0.88,0.89,,,,
2026-01-06 09:37:34.779000+00:00,2026-01-06 09:37:35.325206+00:00,454.779,0.1149999999999999,0.11,0.12,0.885,0.88,0.89,,,,
2026-01-06 09:37:36.930000+00:00,2026-01-06 09:37:37.340004+00:00,456.93,0.11,0.1,0.12,0.89,0.88,0.9,,,,
2026-01-06 09:37:37.983000+00:00,2026-01-06 09:37:38.365091+00:00,457.983,0.105,0.1,0.11,0.895,0.89,0.9,,,,
2026-01-06 09:37:39.144000+00:00,2026-01-06 09:37:39.364715+00:00,459.144,0.105,0.1,0.11,0.895,0.89,0.9,,,,
2026-01-06 09:37:40.120000+00:00,2026-01-06 09:37:40.366540+00:00,460.12,0.0849999999999999,0.08,0.09,0.915,0.91,0.92,,,,
2026-01-06 09:37:41.096000+00:00,2026-01-06 09:37:41.366065+00:00,461.096,0.0849999999999999,0.08,0.09,0.915,0.91,0.92,,,,
2026-01-06 09:37:42.050000+00:00,2026-01-06 09:37:42.381935+00:00,462.05,0.0849999999999999,0.08,0.09,0.915,0.91,0.92,,,,
2026-01-06 09:37:43.766000+00:00,2026-01-06 09:37:44.403298+00:00,463.766,0.09,0.08,0.1,0.91,0.9,0.92,,,,
2026-01-06 09:37:45.146000+00:00,2026-01-06 09:37:45.414422+00:00,465.146,0.09,0.08,0.1,0.91,0.9,0.92,,,,
2026-01-06 09:37:46.070000+00:00,2026-01-06 09:37:46.411146+00:00,466.07,0.09,0.08,0.1,0.91,0.9,0.92,,,,
2026-01-06 09:37:47.139000+00:00,2026-01-06 09:37:47.433025+00:00,467.139,0.0849999999999999,0.08,0.09,0.915,0.91,0.92,,,,
2026-01-06 09:37:48.236000+00:00,2026-01-06 09:37:48.453311+00:00,468.236,0.055,0.05,0.06,0.945,0.94,0.95,,,,
2026-01-06 09:37:49.227000+00:00,2026-01-06 09:37:49.455426+00:00,469.227,0.075,0.07,0.08,0.925,0.92,0.93,,,,
2026-01-06 09:37:50.240000+00:00,2026-01-06 09:37:50.459576+00:00,470.24,0.075,0.07,0.08,0.925,0.92,0.93,,,,
2026-01-06 09:37:51.120000+00:00,2026-01-06 09:37:51.459179+00:00,471.12,0.06,0.05,0.07,0.94,0.93,0.95,,,,
2026-01-06 09:37:52.166000+00:00,2026-01-06 09:37:52.456836+00:00,472.166,0.065,0.05,0.08,0.93,0.92,0.94,,,,
2026-01-06 09:37:53.237000+00:00,2026-01-06 09:37:53.465473+00:00,473.237,0.07,0.06,0.08,0.93,0.92,0.94,,,,
2026-01-06 09:37:54.243000+00:00,2026-01-06 09:37:54.480904+00:00,474.243,0.06,0.05,0.07,0.94,0.93,0.95,,,,
2026-01-06 09:37:55.255000+00:00,2026-01-06 09:37:55.484267+00:00,475.255,0.065,0.05,0.08,0.935,0.92,0.95,,,,
2026-01-06 09:37:56.065000+00:00,2026-01-06 09:37:56.491183+00:00,476.065,0.055,0.05,0.06,0.945,0.94,0.95,,,,
2026-01-06 09:37:57.147000+00:00,2026-01-06 09:37:57.501962+00:00,477.147,0.055,0.05,0.06,0.945,0.94,0.95,,,,
2026-01-06 09:37:58.291000+00:00,2026-01-06 09:37:58.518035+00:00,478.291,0.045,0.04,0.05,0.955,0.95,0.96,,,,
2026-01-06 09:37:59.041000+00:00,2026-01-06 09:37:59.532707+00:00,479.041,0.045,0.04,0.05,0.955,0.95,0.96,,,,
2026-01-06 09:38:00.148000+00:00,2026-01-06 09:38:00.529237+00:00,480.148,0.045,0.04,0.05,0.955,0.95,0.96,,,,
2026-01-06 09:38:01.297000+00:00,2026-01-06 09:38:01.531673+00:00,481.297,0.04,0.03,0.05,0.96,0.95,0.97,,,,
2026-01-06 09:38:02.331000+00:00,2026-01-06 09:38:02.539187+00:00,482.331,0.04,0.03,0.05,0.96,0.95,0.97,,,,
2026-01-06 09:38:03.722000+00:00,2026-01-06 09:38:04.528739+00:00,483.722,0.04,0.03,0.05,0.965,0.96,0.97,,,,
2026-01-06 09:38:05.311000+00:00,2026-01-06 09:38:05.536040+00:00,485.311,0.03,0.02,0.04,0.97,0.96,0.98,,,,
2026-01-06 09:38:06.266000+00:00,2026-01-06 09:38:06.548972+00:00,486.266,0.025,0.02,0.03,0.975,0.97,0.98,,,,
2026-01-06 09:38:07.292000+00:00,2026-01-06 09:38:07.548135+00:00,487.292,0.025,0.02,0.03,0.975,0.97,0.98,,,,
2026-01-06 09:38:08.243000+00:00,2026-01-06 09:38:08.567093+00:00,488.243,0.03,0.02,0.04,0.97,0.96,0.98,,,,
2026-01-06 09:38:09.333000+00:00,2026-01-06 09:38:09.579325+00:00,489.333,0.035,0.02,0.05,0.965,0.95,0.98,,,,
2026-01-06 09:38:10.358000+00:00,2026-01-06 09:38:10.582479+00:00,490.358,0.04,0.03,0.05,0.96,0.95,0.97,,,,
2026-01-06 09:38:11.344000+00:00,2026-01-06 09:38:11.590090+00:00,491.344,0.04,0.03,0.05,0.96,0.95,0.97,,,,
2026-01-06 09:38:12.401000+00:00,2026-01-06 09:38:12.615278+00:00,492.401,0.035,0.03,0.04,0.965,0.96,0.97,,,,
2026-01-06 09:38:13.372000+00:00,2026-01-06 09:38:13.614116+00:00,493.372,0.035,0.03,0.04,0.965,0.96,0.97,,,,
2026-01-06 09:38:14.791000+00:00,2026-01-06 09:38:15.629160+00:00,494.791,0.04,0.03,0.05,0.96,0.95,0.97,,,,
2026-01-06 09:38:16.270000+00:00,2026-01-06 09:38:16.646833+00:00,496.27,0.04,0.03,0.05,0.96,0.95,0.97,,,,
2026-01-06 09:38:17.405000+00:00,2026-01-06 09:38:17.653326+00:00,497.405,0.04,0.03,0.05,0.96,0.95,0.97,,,,
2026-01-06 09:38:18.424000+00:00,2026-01-06 09:38:18.657942+00:00,498.424,0.035,0.03,0.04,0.965,0.96,0.97,,,,
2026-01-06 09:38:19.439000+00:00,2026-01-06 09:38:19.673338+00:00,499.439,0.035,0.03,0.04,0.965,0.96,0.97,,,,
2026-01-06 09:38:20.387000+00:00,2026-01-06 09:38:20.686524+00:00,500.387,0.035,0.03,0.04,0.965,0.96,0.97,,,,
2026-01-06 09:38:21.387000+00:00,2026-01-06 09:38:21.696932+00:00,501.387,0.035,0.03,0.04,0.965,0.96,0.97,,,,
2026-01-06 09:38:22.397000+00:00,2026-01-06 09:38:22.712476+00:00,502.397,0.035,0.03,0.04,0.965,0.96,0.97,,,,
2026-01-06 09:38:23.459000+00:00,2026-01-06 09:38:23.704938+00:00,503.459,0.03,0.02,0.04,0.97,0.96,0.98,,,,
2026-01-06 09:38:24.354000+00:00,2026-01-06 09:38:24.713324+00:00,504.354,0.03,0.02,0.04,0.97,0.96,0.98,,,,
2026-01-06 09:38:25.511000+00:00,2026-01-06 09:38:25.729833+00:00,505.511,0.03,0.02,0.04,0.97,0.96,0.98,,,,
2026-01-06 09:38:26.339000+00:00,2026-01-06 09:38:26.731768+00:00,506.339,0.03,0.02,0.04,0.97,0.96,0.98,,,,
2026-01-06 09:38:27.480000+00:00,2026-01-06 09:38:27.731607+00:00,507.48,0.035,0.03,0.04,0.965,0.96,0.97,,,,
2026-01-06 09:38:28.486000+00:00,2026-01-06 09:38:28.737740+00:00,508.486,0.03,0.02,0.04,0.97,0.96,0.98,,,,
2026-01-06 09:38:29.507000+00:00,2026-01-06 09:38:29.753189+00:00,509.507,0.035,0.03,0.04,0.965,0.96,0.97,,,,
2026-01-06 09:38:30.470000+00:00,2026-01-06 09:38:30.770605+00:00,510.47,0.035,0.03,0.04,0.96,0.95,0.97,,,,
2026-01-06 09:38:31.502000+00:00,2026-01-06 09:38:31.783479+00:00,511.502,0.04,0.03,0.05,0.96,0.95,0.97,,,,
2026-01-06 09:38:32.527000+00:00,2026-01-06 09:38:32.787353+00:00,512.527,0.04,0.03,0.05,0.96,0.95,0.97,,,,
2026-01-06 09:38:33.569000+00:00,2026-01-06 09:38:33.802741+00:00,513.569,0.03,0.02,0.04,0.97,0.96,0.98,,,,
2026-01-06 09:38:34.593000+00:00,2026-01-06 09:38:34.811523+00:00,514.593,0.03,0.02,0.04,0.97,0.96,0.98,,,,
2026-01-06 09:38:35.580000+00:00,2026-01-06 09:38:35.822823+00:00,515.58,0.035,0.03,0.04,0.965,0.96,0.97,,,,
2026-01-06 09:38:36.606000+00:00,2026-01-06 09:38:36.838406+00:00,516.606,0.04,0.03,0.05,0.96,0.95,0.97,,,,
2026-01-06 09:38:37.612000+00:00,2026-01-06 09:38:37.847422+00:00,517.612,0.035,0.02,0.05,0.965,0.95,0.98,,,,
2026-01-06 09:38:38.439000+00:00,2026-01-06 09:38:38.849431+00:00,518.439,0.04,0.03,0.05,0.96,0.95,0.97,,,,
2026-01-06 09:38:39.498000+00:00,2026-01-06 09:38:39.870852+00:00,519.498,0.045,0.04,0.05,0.955,0.95,0.96,,,,
2026-01-06 09:38:40.640000+00:00,2026-01-06 09:38:40.871458+00:00,520.64,0.045,0.04,0.05,0.955,0.95,0.96,,,,
2026-01-06 09:38:41.655000+00:00,2026-01-06 09:38:41.881055+00:00,521.655,0.045,0.04,0.05,0.955,0.95,0.96,,,,
2026-01-06 09:38:42.627000+00:00,2026-01-06 09:38:42.897960+00:00,522.627,0.025,0.02,0.03,0.975,0.97,0.98,,,,
2026-01-06 09:38:43.604000+00:00,2026-01-06 09:38:43.913951+00:00,523.604,0.025,0.02,0.03,0.975,0.97,0.98,,,,
2026-01-06 09:38:44.684000+00:00,2026-01-06 09:38:44.935764+00:00,524.684,0.025,0.02,0.03,0.975,0.97,0.98,,,,
2026-01-06 09:38:45.464000+00:00,2026-01-06 09:38:45.940297+00:00,525.464,0.03,0.02,0.04,0.965,0.96,0.97,,,,
2026-01-06 09:38:46.596000+00:00,2026-01-06 09:38:46.951416+00:00,526.596,0.035,0.02,0.05,0.965,0.95,0.98,,,,
2026-01-06 09:38:47.946000+00:00,2026-01-06 09:38:48.954527+00:00,527.946,0.04,0.03,0.05,0.96,0.95,0.97,,,,
2026-01-06 09:38:49.642000+00:00,2026-01-06 09:38:49.969602+00:00,529.642,0.04,0.03,0.05,0.96,0.95,0.97,,,,
2026-01-06 09:38:50.569000+00:00,2026-01-06 09:38:50.974123+00:00,530.569,0.04,0.03,0.05,0.96,0.95,0.97,,,,
2026-01-06 09:38:51.582000+00:00,2026-01-06 09:38:51.969658+00:00,531.582,0.04,0.03,0.05,0.96,0.95,0.97,,,,
2026-01-06 09:38:52.708000+00:00,2026-01-06 09:38:52.969419+00:00,532.708,0.035,0.02,0.05,0.965,0.95,0.98,,,,
2026-01-06 09:38:53.493000+00:00,2026-01-06 09:38:53.986153+00:00,533.493,0.025,0.02,0.03,0.975,0.97,0.98,,,,
2026-01-06 09:38:54.756000+00:00,2026-01-06 09:38:54.986578+00:00,534.756,0.025,0.02,0.03,0.975,0.97,0.98,,,,
2026-01-06 09:38:55.638000+00:00,2026-01-06 09:38:55.985642+00:00,535.638,0.025,0.02,0.03,0.975,0.97,0.98,,,,
2026-01-06 09:38:56.260000+00:00,2026-01-06 09:38:56.979443+00:00,536.26,0.025,0.02,0.03,0.975,0.97,0.98,,,,
2026-01-06 09:38:57.487000+00:00,2026-01-06 09:38:57.991127+00:00,537.487,0.025,0.02,0.03,0.975,0.97,0.98,,,,
2026-01-06 09:38:58.641000+00:00,2026-01-06 09:38:58.992779+00:00,538.641,0.025,0.02,0.03,0.975,0.97,0.98,,,,
2026-01-06 09:38:59.341000+00:00,2026-01-06 09:39:00.003221+00:00,539.341,0.025,0.02,0.03,0.975,0.97,0.98,,,,
2026-01-06 09:39:00.629000+00:00,2026-01-06 09:39:01.021213+00:00,540.629,0.025,0.02,0.03,0.975,0.97,0.98,,,,
2026-01-06 09:39:01.769000+00:00,2026-01-06 09:39:03.036422+00:00,541.769,0.02,0.01,0.03,0.98,0.97,0.99,,,,
2026-01-06 09:39:03.742000+00:00,2026-01-06 09:39:04.050375+00:00,543.742,0.02,0.01,0.03,0.98,0.97,0.99,,,,
2026-01-06 09:39:04.719000+00:00,2026-01-06 09:39:05.062510+00:00,544.719,0.025,0.02,0.03,0.975,0.97,0.98,,,,
2026-01-06 09:39:05.716000+00:00,2026-01-06 09:39:06.065604+00:00,545.716,0.02,0.01,0.03,0.98,0.97,0.99,,,,
2026-01-06 09:39:06.784000+00:00,2026-01-06 09:39:08.078748+00:00,546.784,0.02,0.01,0.03,0.98,0.97,0.99,,,,
2026-01-06 09:39:10.065000+00:00,2026-01-06 09:39:10.292952+00:00,550.065,0.025,0.02,0.03,0.975,0.97,0.98,,,,
2026-01-06 09:39:11.551000+00:00,2026-01-06 09:39:12.312703+00:00,551.551,0.02,0.01,0.03,0.98,0.97,0.99,,,,
2026-01-06 09:39:12.941000+00:00,2026-01-06 09:39:13.331831+00:00,552.941,0.02,0.01,0.03,0.98,0.97,0.99,,,,
2026-01-06 09:39:14.650000+00:00,2026-01-06 09:39:14.935806+00:00,554.65,0.025,0.02,0.03,0.975,0.97,0.98,,,,
2026-01-06 09:39:15.351000+00:00,2026-01-06 09:39:15.941446+00:00,555.351,0.025,0.02,0.03,0.975,0.97,0.98,,,,
2026-01-06 09:39:16.251000+00:00,2026-01-06 09:39:16.935890+00:00,556.251,0.02,0.01,0.03,0.98,0.97,0.99,,,,
2026-01-06 09:39:17.777000+00:00,2026-01-06 09:39:18.959821+00:00,557.777,0.02,0.01,0.03,0.98,0.97,0.99,,,,
2026-01-06 09:39:19.744000+00:00,2026-01-06 09:39:19.962221+00:00,559.744,0.02,0.01,0.03,0.98,0.97,0.99,,,,
2026-01-06 09:39:20.749000+00:00,2026-01-06 09:39:20.974263+00:00,560.749,0.02,0.01,0.03,0.98,0.97,0.99,,,,
2026-01-06 09:39:21.752000+00:00,2026-01-06 09:39:21.981854+00:00,561.752,0.025,0.02,0.03,0.975,0.97,0.98,,,,
2026-01-06 09:39:22.765000+00:00,2026-01-06 09:39:22.987384+00:00,562.765,0.035,0.03,0.04,0.965,0.96,0.97,,,,
2026-01-06 09:39:23.772000+00:00,2026-01-06 09:39:23.995480+00:00,563.772,0.035,0.03,0.04,0.965,0.96,0.97,,,,
2026-01-06 09:39:24.787000+00:00,2026-01-06 09:39:25.020216+00:00,564.787,0.035,0.03,0.04,0.965,0.96,0.97,,,,
2026-01-06 09:39:25.737000+00:00,2026-01-06 09:39:26.009092+00:00,565.737,0.03,0.02,0.04,0.97,0.96,0.98,,,,
2026-01-06 09:39:26.598000+00:00,2026-01-06 09:39:27.011308+00:00,566.598,0.03,0.02,0.04,0.97,0.96,0.98,,,,
2026-01-06 09:39:27.626000+00:00,2026-01-06 09:39:28.021704+00:00,567.626,0.035,0.03,0.04,0.965,0.96,0.97,,,,
2026-01-06 09:39:28.760000+00:00,2026-01-06 09:39:29.020646+00:00,568.76,0.035,0.03,0.04,0.965,0.96,0.97,,,,
2026-01-06 09:39:29.801000+00:00,2026-01-06 09:39:30.027070+00:00,569.801,0.04,0.03,0.05,0.965,0.96,0.97,,,,
2026-01-06 09:39:30.334000+00:00,2026-01-06 09:39:31.038143+00:00,570.334,0.035,0.03,0.04,0.965,0.96,0.97,,,,
2026-01-06 09:39:31.737000+00:00,2026-01-06 09:39:32.049318+00:00,571.737,0.035,0.03,0.04,0.965,0.96,0.97,,,,
2026-01-06 09:39:32.657000+00:00,2026-01-06 09:39:33.048601+00:00,572.657,0.035,0.03,0.04,0.965,0.96,0.97,,,,
2026-01-06 09:39:33.648000+00:00,2026-01-06 09:39:34.052098+00:00,573.648,0.035,0.03,0.04,0.965,0.96,0.97,,,,
2026-01-06 09:39:34.829000+00:00,2026-01-06 09:39:35.052818+00:00,574.829,0.03,0.02,0.04,0.97,0.96,0.98,,,,
2026-01-06 09:39:35.836000+00:00,2026-01-06 09:39:36.053318+00:00,575.836,0.03,0.02,0.04,0.97,0.96,0.98,,,,
2026-01-06 09:39:36.193000+00:00,2026-01-06 09:39:37.044176+00:00,576.193,0.03,0.02,0.04,0.97,0.96,0.98,,,,
2026-01-06 09:39:37.620000+00:00,2026-01-06 09:39:38.044298+00:00,577.62,0.025,0.02,0.03,0.975,0.97,0.98,,,,
2026-01-06 09:39:38.371000+00:00,2026-01-06 09:39:39.052092+00:00,578.371,0.025,0.02,0.03,0.975,0.97,0.98,,,,
2026-01-06 09:39:39.976000+00:00,2026-01-06 09:39:41.052628+00:00,579.976,0.025,0.02,0.03,0.975,0.97,0.98,,,,
2026-01-06 09:39:40.954000+00:00,2026-01-06 09:39:42.055054+00:00,580.954,0.025,0.02,0.03,0.975,0.97,0.98,,,,
2026-01-06 09:39:42.597000+00:00,2026-01-06 09:39:43.051535+00:00,582.597,0.025,0.02,0.03,0.975,0.97,0.98,,,,
2026-01-06 09:39:43.512000+00:00,2026-01-06 09:39:44.055228+00:00,583.512,0.025,0.02,0.03,0.975,0.97,0.98,,,,
2026-01-06 09:39:44.837000+00:00,2026-01-06 09:39:45.063089+00:00,584.837,0.025,0.02,0.03,0.975,0.97,0.98,,,,
2026-01-06 09:39:45.842000+00:00,2026-01-06 09:39:46.073272+00:00,585.842,0.025,0.02,0.03,0.975,0.97,0.98,,,,
2026-01-06 09:39:46.863000+00:00,2026-01-06 09:39:47.083301+00:00,586.863,0.035,0.03,0.04,0.965,0.96,0.97,,,,
2026-01-06 09:39:47.465000+00:00,2026-01-06 09:39:48.094291+00:00,587.465,0.035,0.03,0.04,0.965,0.96,0.97,,,,
2026-01-06 09:39:48.389000+00:00,2026-01-06 09:39:49.095882+00:00,588.389,0.035,0.03,0.04,0.965,0.96,0.97,,,,
2026-01-06 09:39:49.797000+00:00,2026-01-06 09:39:50.111086+00:00,589.797,0.025,0.02,0.03,0.975,0.97,0.98,,,,
2026-01-06 09:39:50.881000+00:00,2026-01-06 09:39:51.124993+00:00,590.881,0.025,0.02,0.03,0.975,0.97,0.98,,,,
2026-01-06 09:39:51.690000+00:00,2026-01-06 09:39:52.141717+00:00,591.69,0.035,0.03,0.04,0.965,0.96,0.97,,,,
2026-01-06 09:39:52.343000+00:00,2026-01-06 09:39:53.149815+00:00,592.343,0.035,0.03,0.04,0.965,0.96,0.97,,,,
2026-01-06 09:39:53.129000+00:00,2026-01-06 09:39:54.159823+00:00,593.129,0.035,0.03,0.04,0.965,0.96,0.97,,,,
2026-01-06 09:39:54.054000+00:00,2026-01-06 09:39:55.165182+00:00,594.054,0.035,0.03,0.04,0.965,0.96,0.97,,,,
2026-01-06 09:39:55.746000+00:00,2026-01-06 09:39:56.176732+00:00,595.746,0.025,0.02,0.03,0.975,0.97,0.98,,,,
2026-01-06 09:39:56.927000+00:00,2026-01-06 09:39:57.178280+00:00,596.927,0.025,0.02,0.03,0.975,0.97,0.98,,,,
2026-01-06 09:39:57.557000+00:00,2026-01-06 09:39:58.191075+00:00,597.557,0.025,0.02,0.03,0.975,0.97,0.98,,,,
2026-01-06 09:39:58.762000+00:00,2026-01-06 09:39:59.194124+00:00,598.762,0.025,0.02,0.03,0.975,0.97,0.98,,,,
2026-01-06 09:39:59.959000+00:00,2026-01-06 09:40:00.191099+00:00,599.959,0.03,0.02,0.04,0.97,0.96,0.98,,,,
2026-01-06 09:40:00.984000+00:00,2026-01-06 09:40:01.208814+00:00,600.984,0.025,0.02,0.03,0.975,0.97,0.98,,,,
2026-01-06 09:40:01.816000+00:00,2026-01-06 09:40:02.215929+00:00,601.816,0.025,0.02,0.03,0.975,0.97,0.98,,,,
2026-01-06 09:40:02.912000+00:00,2026-01-06 09:40:03.233757+00:00,602.912,0.015,0.01,0.02,0.98,0.97,0.99,,,,
2026-01-06 09:40:03.975000+00:00,2026-01-06 09:40:04.243202+00:00,603.975,0.02,0.01,0.03,0.98,0.97,0.99,,,,
2026-01-06 09:40:05.479000+00:00,2026-01-06 09:40:06.275175+00:00,605.479,0.02,0.01,0.03,0.98,0.97,0.99,,,,
2026-01-06 09:40:07.708000+00:00,2026-01-06 09:40:08.293826+00:00,607.708,0.02,0.01,0.03,0.98,0.97,0.99,,,,
2026-01-06 09:40:09.777000+00:00,2026-01-06 09:40:10.308550+00:00,609.777,0.025,0.01,0.04,0.975,0.96,0.99,,,,
2026-01-06 09:40:11.377000+00:00,2026-01-06 09:40:13.336704+00:00,611.377,0.025,0.01,0.04,0.975,0.96,0.99,,,,
2026-01-06 09:40:13.977000+00:00,2026-01-06 09:40:14.351185+00:00,613.977,0.025,0.01,0.04,0.975,0.96,0.99,,,,
2026-01-06 09:40:15.034000+00:00,2026-01-06 09:40:15.343930+00:00,615.034,0.025,0.02,0.03,0.975,0.97,0.98,,,,
2026-01-06 09:40:16.114000+00:00,2026-01-06 09:40:16.360764+00:00,616.114,0.035,0.03,0.04,0.965,0.96,0.97,,,,
2026-01-06 09:40:17.864000+00:00,2026-01-06 09:40:18.376982+00:00,617.864,0.03,0.02,0.04,0.97,0.96,0.98,,,,
2026-01-06 09:40:19.154000+00:00,2026-01-06 09:40:19.380920+00:00,619.154,0.02,0.01,0.03,0.98,0.97,0.99,,,,
2026-01-06 09:40:20.163000+00:00,2026-01-06 09:40:20.404534+00:00,620.163,0.015,0.01,0.02,0.985,0.98,0.99,,,,
2026-01-06 09:40:21.190000+00:00,2026-01-06 09:40:21.398049+00:00,621.19,0.035,0.03,0.04,0.965,0.96,0.97,,,,
2026-01-06 09:40:22.156000+00:00,2026-01-06 09:40:22.399126+00:00,622.156,0.035,0.03,0.04,0.965,0.96,0.97,,,,
2026-01-06 09:40:23.012000+00:00,2026-01-06 09:40:24.417260+00:00,623.012,0.025,0.01,0.04,0.975,0.96,0.99,,,,
2026-01-06 09:40:25.087000+00:00,2026-01-06 09:40:25.438020+00:00,625.087,0.025,0.01,0.04,0.975,0.96,0.99,,,,
2026-01-06 09:40:26.393000+00:00,2026-01-06 09:40:27.434026+00:00,626.393,0.035,0.03,0.04,0.965,0.96,0.97,,,,
2026-01-06 09:40:28.184000+00:00,2026-01-06 09:40:28.442673+00:00,628.184,0.035,0.03,0.04,0.965,0.96,0.97,,,,
2026-01-06 09:40:29.214000+00:00,2026-01-06 09:40:29.451273+00:00,629.214,0.035,0.03,0.04,0.975,0.96,0.99,,,,
2026-01-06 09:40:30.167000+00:00,2026-01-06 09:40:30.459179+00:00,630.167,0.025,0.01,0.04,0.975,0.96,0.99,,,,
2026-01-06 09:40:31.211000+00:00,2026-01-06 09:40:31.459014+00:00,631.211,0.035,0.03,0.04,0.965,0.96,0.97,,,,
2026-01-06 09:40:32.194000+00:00,2026-01-06 09:40:32.459274+00:00,632.194,0.02,0.01,0.03,0.98,0.97,0.99,,,,
2026-01-06 09:40:33.058000+00:00,2026-01-06 09:40:33.459054+00:00,633.058,0.035,0.03,0.04,0.965,0.96,0.97,,,,
2026-01-06 09:40:34.164000+00:00,2026-01-06 09:40:34.459940+00:00,634.164,0.035,0.03,0.04,0.965,0.96,0.97,,,,
2026-01-06 09:40:35.601000+00:00,2026-01-06 09:40:36.469366+00:00,635.601,0.035,0.03,0.04,0.965,0.96,0.97,,,,
2026-01-06 09:40:37.258000+00:00,2026-01-06 09:40:37.484213+00:00,637.258,0.035,0.03,0.04,0.965,0.96,0.97,,,,
2026-01-06 09:40:38.236000+00:00,2026-01-06 09:40:38.475334+00:00,638.236,0.03,0.02,0.04,0.97,0.96,0.98,,,,
2026-01-06 09:40:39.767000+00:00,2026-01-06 09:40:40.492396+00:00,639.767,0.035,0.03,0.04,0.965,0.96,0.97,,,,
2026-01-06 09:40:41.257000+00:00,2026-01-06 09:40:41.492434+00:00,641.257,0.045,0.03,0.06,0.9685,0.96,0.977,,,,
2026-01-06 09:40:42.264000+00:00,2026-01-06 09:40:42.491567+00:00,642.264,0.035,0.03,0.04,0.965,0.96,0.97,,,,
2026-01-06 09:40:43.227000+00:00,2026-01-06 09:40:43.496302+00:00,643.227,0.045,0.04,0.05,0.955,0.95,0.96,,,,
2026-01-06 09:40:44.054000+00:00,2026-01-06 09:40:44.515571+00:00,644.054,0.045,0.04,0.05,0.955,0.95,0.96,,,,
2026-01-06 09:40:45.287000+00:00,2026-01-06 09:40:45.527943+00:00,645.287,0.045,0.04,0.05,0.955,0.95,0.96,,,,
2026-01-06 09:40:46.303000+00:00,2026-01-06 09:40:46.532429+00:00,646.303,0.045,0.04,0.05,0.955,0.95,0.96,,,,
2026-01-06 09:40:47.346000+00:00,2026-01-06 09:40:47.539718+00:00,647.346,0.045,0.04,0.05,0.955,0.95,0.96,,,,
2026-01-06 09:40:48.318000+00:00,2026-01-06 09:40:48.552126+00:00,648.318,0.04,0.03,0.05,0.9585,0.947,0.97,,,,
2026-01-06 09:40:49.335000+00:00,2026-01-06 09:40:49.558869+00:00,649.335,0.05,0.04,0.06,0.945,0.94,0.95,,,,
2026-01-06 09:40:50.359000+00:00,2026-01-06 09:40:50.578021+00:00,650.359,0.07,0.06,0.08,0.935,0.92,0.95,,,,
2026-01-06 09:40:51.371000+00:00,2026-01-06 09:40:51.596622+00:00,651.371,0.06,0.04,0.08,0.945,0.93,0.96,,,,
2026-01-06 09:40:52.217000+00:00,2026-01-06 09:40:52.606052+00:00,652.217,0.051,0.042,0.06,0.949,0.94,0.958,,,,
2026-01-06 09:40:53.307000+00:00,2026-01-06 09:40:53.625256+00:00,653.307,0.055,0.04,0.07,0.945,0.93,0.96,,,,
2026-01-06 09:40:54.358000+00:00,2026-01-06 09:40:54.642699+00:00,654.358,0.055,0.04,0.07,0.945,0.93,0.96,,,,
2026-01-06 09:40:55.370000+00:00,2026-01-06 09:40:55.657453+00:00,655.37,0.0575,0.045,0.07,0.9425,0.93,0.955,,,,
2026-01-06 09:40:56.451000+00:00,2026-01-06 09:40:56.681421+00:00,656.451,0.055,0.04,0.07,0.945,0.93,0.96,,,,
2026-01-06 09:40:57.428000+00:00,2026-01-06 09:40:57.683054+00:00,657.428,0.055,0.04,0.07,0.945,0.93,0.96,,,,
2026-01-06 09:40:58.391000+00:00,2026-01-06 09:40:58.699854+00:00,658.391,0.055,0.04,0.07,0.945,0.93,0.96,,,,
2026-01-06 09:40:59.471000+00:00,2026-01-06 09:40:59.696934+00:00,659.471,0.045,0.04,0.05,0.955,0.95,0.96,,,,
2026-01-06 09:41:00.384000+00:00,2026-01-06 09:41:00.689917+00:00,660.384,0.04,0.03,0.05,0.965,0.96,0.97,,,,
2026-01-06 09:41:01.063000+00:00,2026-01-06 09:41:01.708823+00:00,661.063,0.035,0.03,0.04,0.965,0.96,0.97,,,,
2026-01-06 09:41:02.403000+00:00,2026-01-06 09:41:02.713732+00:00,662.403,0.035,0.03,0.04,0.965,0.96,0.97,,,,
2026-01-06 09:41:03.276000+00:00,2026-01-06 09:41:03.729772+00:00,663.276,0.05,0.04,0.06,0.95,0.94,0.96,,,,
2026-01-06 09:41:04.548000+00:00,2026-01-06 09:41:04.745171+00:00,664.548,0.065,0.06,0.07,0.935,0.93,0.94,,,,
2026-01-06 09:41:05.511000+00:00,2026-01-06 09:41:05.763848+00:00,665.511,0.06,0.05,0.07,0.935,0.93,0.94,,,,
2026-01-06 09:41:06.529000+00:00,2026-01-06 09:41:06.771673+00:00,666.529,0.06,0.05,0.07,0.945,0.93,0.96,,,,
2026-01-06 09:41:07.498000+00:00,2026-01-06 09:41:07.770418+00:00,667.498,0.055,0.04,0.07,0.945,0.93,0.96,,,,
2026-01-06 09:41:08.442000+00:00,2026-01-06 09:41:08.769379+00:00,668.442,0.06,0.05,0.07,0.935,0.93,0.94,,,,
2026-01-06 09:41:09.554000+00:00,2026-01-06 09:41:09.778818+00:00,669.554,0.0849999999999999,0.08,0.09,0.915,0.91,0.92,,,,
2026-01-06 09:41:10.368000+00:00,2026-01-06 09:41:10.799589+00:00,670.368,0.075,0.07,0.08,0.925,0.92,0.93,,,,
2026-01-06 09:41:11.538000+00:00,2026-01-06 09:41:11.799108+00:00,671.538,0.0695,0.06,0.079,0.9305,0.921,0.94,,,,
2026-01-06 09:41:12.522000+00:00,2026-01-06 09:41:12.803208+00:00,672.522,0.0695,0.06,0.079,0.9305,0.921,0.94,,,,
2026-01-06 09:41:13.534000+00:00,2026-01-06 09:41:13.815886+00:00,673.534,0.0695,0.06,0.079,0.931,0.921,0.941,,,,
2026-01-06 09:41:14.365000+00:00,2026-01-06 09:41:14.830914+00:00,674.365,0.0645,0.05,0.079,0.9355,0.921,0.95,,,,
2026-01-06 09:41:15.606000+00:00,2026-01-06 09:41:15.830146+00:00,675.606,0.0645,0.05,0.079,0.9355,0.921,0.95,,,,
2026-01-06 09:41:16.590000+00:00,2026-01-06 09:41:16.848017+00:00,676.59,0.0645,0.05,0.079,0.945,0.94,0.95,,,,
2026-01-06 09:41:17.610000+00:00,2026-01-06 09:41:17.849857+00:00,677.61,0.055,0.05,0.06,0.945,0.94,0.95,,,,
2026-01-06 09:41:18.614000+00:00,2026-01-06 09:41:18.863523+00:00,678.614,0.055,0.05,0.06,0.945,0.94,0.95,,,,
2026-01-06 09:41:19.658000+00:00,2026-01-06 09:41:19.863393+00:00,679.658,0.05,0.04,0.06,0.94,0.92,0.96,,,,
2026-01-06 09:41:20.555000+00:00,2026-01-06 09:41:20.880917+00:00,680.555,0.04,0.03,0.05,0.96,0.95,0.97,,,,
2026-01-06 09:41:21.675000+00:00,2026-01-06 09:41:21.896123+00:00,681.675,0.0409999999999999,0.03,0.052,0.959,0.948,0.97,,,,
2026-01-06 09:41:22.655000+00:00,2026-01-06 09:41:22.907173+00:00,682.655,0.045,0.03,0.06,0.955,0.94,0.97,,,,
2026-01-06 09:41:23.582000+00:00,2026-01-06 09:41:23.913421+00:00,683.582,0.05,0.04,0.06,0.95,0.94,0.96,,,,
2026-01-06 09:41:24.566000+00:00,2026-01-06 09:41:24.929144+00:00,684.566,0.05,0.04,0.06,0.95,0.94,0.96,,,,
2026-01-06 09:41:25.691000+00:00,2026-01-06 09:41:25.929392+00:00,685.691,0.045,0.03,0.06,0.955,0.94,0.97,,,,
2026-01-06 09:41:26.601000+00:00,2026-01-06 09:41:26.942945+00:00,686.601,0.045,0.03,0.06,0.955,0.94,0.97,,,,
2026-01-06 09:41:27.669000+00:00,2026-01-06 09:41:27.952899+00:00,687.669,0.05,0.04,0.06,0.95,0.94,0.96,,,,
2026-01-06 09:41:28.719000+00:00,2026-01-06 09:41:28.960902+00:00,688.719,0.045,0.03,0.06,0.955,0.94,0.97,,,,
2026-01-06 09:41:29.763000+00:00,2026-01-06 09:41:29.980659+00:00,689.763,0.035,0.03,0.04,0.965,0.96,0.97,,,,
2026-01-06 09:41:30.661000+00:00,2026-01-06 09:41:30.996739+00:00,690.661,0.03,0.02,0.04,0.97,0.96,0.98,,,,
2026-01-06 09:41:31.762000+00:00,2026-01-06 09:41:32.009453+00:00,691.762,0.025,0.02,0.03,0.975,0.97,0.98,,,,
2026-01-06 09:41:32.640000+00:00,2026-01-06 09:41:33.017166+00:00,692.64,0.025,0.02,0.03,0.975,0.97,0.98,,,,
2026-01-06 09:41:33.678000+00:00,2026-01-06 09:41:34.012477+00:00,693.678,0.039,0.03,0.048,0.961,0.952,0.97,,,,
2026-01-06 09:41:34.783000+00:00,2026-01-06 09:41:35.011175+00:00,694.783,0.04,0.03,0.05,0.96,0.95,0.97,,,,
2026-01-06 09:41:35.303000+00:00,2026-01-06 09:41:36.012748+00:00,695.303,0.045,0.04,0.05,0.955,0.95,0.96,,,,
2026-01-06 09:41:36.800000+00:00,2026-01-06 09:41:37.031251+00:00,696.8,0.0395,0.03,0.049,0.9605,0.951,0.97,,,,
2026-01-06 09:41:37.791000+00:00,2026-01-06 09:41:38.057631+00:00,697.791,0.036,0.032,0.04,0.964,0.96,0.968,,,,
2026-01-06 09:41:38.840000+00:00,2026-01-06 09:41:39.080250+00:00,698.84,0.0405,0.032,0.049,0.9625,0.951,0.974,,,,
2026-01-06 09:41:39.850000+00:00,2026-01-06 09:41:40.092433+00:00,699.85,0.0345,0.02,0.049,0.9655,0.951,0.98,,,,
2026-01-06 09:41:40.847000+00:00,2026-01-06 09:41:41.095757+00:00,700.847,0.0395,0.03,0.049,0.9605,0.951,0.97,,,,
2026-01-06 09:41:41.824000+00:00,2026-01-06 09:41:42.093687+00:00,701.824,0.0345,0.02,0.049,0.9655,0.951,0.98,,,,
2026-01-06 09:41:42.804000+00:00,2026-01-06 09:41:43.095290+00:00,702.804,0.0345,0.02,0.049,0.9655,0.951,0.98,,,,
2026-01-06 09:41:43.759000+00:00,2026-01-06 09:41:44.116777+00:00,703.759,0.0345,0.02,0.049,0.9655,0.951,0.98,,,,
2026-01-06 09:41:44.746000+00:00,2026-01-06 09:41:45.118575+00:00,704.746,0.0345,0.02,0.049,0.9655,0.951,0.98,,,,
2026-01-06 09:41:45.725000+00:00,2026-01-06 09:41:46.130265+00:00,705.725,0.025,0.02,0.03,0.975,0.97,0.98,,,,
2026-01-06 09:41:46.596000+00:00,2026-01-06 09:41:47.144007+00:00,706.596,0.025,0.01,0.04,0.975,0.96,0.99,,,,
2026-01-06 09:41:47.767000+00:00,2026-01-06 09:41:48.145229+00:00,707.767,0.025,0.01,0.04,0.975,0.96,0.99,,,,
2026-01-06 09:41:48.933000+00:00,2026-01-06 09:41:49.160856+00:00,708.933,0.025,0.01,0.04,0.975,0.96,0.99,,,,
2026-01-06 09:41:49.905000+00:00,2026-01-06 09:41:50.176608+00:00,709.905,0.025,0.01,0.04,0.975,0.96,0.99,,,,
2026-01-06 09:41:50.953000+00:00,2026-01-06 09:41:51.195482+00:00,710.953,0.015,0.01,0.02,0.985,0.98,0.99,,,,
2026-01-06 09:41:51.733000+00:00,2026-01-06 09:41:52.208891+00:00,711.733,0.015,0.01,0.02,0.985,0.98,0.99,,,,
2026-01-06 09:41:52.911000+00:00,2026-01-06 09:41:53.221150+00:00,712.911,0.015,0.01,0.02,0.985,0.98,0.99,,,,
2026-01-06 09:41:53.820000+00:00,2026-01-06 09:41:54.221772+00:00,713.82,0.0175,0.015,0.02,0.9825,0.98,0.985,,,,
2026-01-06 09:41:54.805000+00:00,2026-01-06 09:41:55.238908+00:00,714.805,0.0175,0.015,0.02,0.9825,0.98,0.985,,,,
2026-01-06 09:41:56.642000+00:00,2026-01-06 09:41:57.272676+00:00,716.642,0.0175,0.015,0.02,0.9825,0.98,0.985,,,,
2026-01-06 09:41:57.660000+00:00,2026-01-06 09:41:58.277865+00:00,717.66,0.0175,0.015,0.02,0.9825,0.98,0.985,,,,
2026-01-06 09:41:58.970000+00:00,2026-01-06 09:41:59.277296+00:00,718.97,0.0175,0.015,0.02,0.9825,0.98,0.985,,,,
2026-01-06 09:42:00.067000+00:00,2026-01-06 09:42:00.293297+00:00,720.067,0.0225,0.015,0.03,0.9775,0.97,0.985,,,,
2026-01-06 09:42:01.068000+00:00,2026-01-06 09:42:01.310073+00:00,721.068,0.0225,0.015,0.03,0.9775,0.97,0.985,,,,
2026-01-06 09:42:02.999000+00:00,2026-01-06 09:42:03.328301+00:00,722.999,0.0225,0.015,0.03,0.9775,0.97,0.985,,,,
2026-01-06 09:42:04.093000+00:00,2026-01-06 09:42:04.339200+00:00,724.093,0.0195,0.01,0.029,0.9805,0.971,0.99,,,,
2026-01-06 09:42:05.077000+00:00,2026-01-06 09:42:05.344618+00:00,725.077,0.0195,0.01,0.029,0.985,0.98,0.99,,,,
2026-01-06 09:42:06.117000+00:00,2026-01-06 09:42:06.363226+00:00,726.117,0.015,0.01,0.02,0.985,0.98,0.99,,,,
2026-01-06 09:42:07.943000+00:00,2026-01-06 09:42:08.379986+00:00,727.943,0.015,0.01,0.02,0.985,0.98,0.99,,,,
2026-01-06 09:42:08.927000+00:00,2026-01-06 09:42:09.389684+00:00,728.927,0.015,0.01,0.02,0.985,0.98,0.99,,,,
2026-01-06 09:42:10.114000+00:00,2026-01-06 09:42:10.389126+00:00,730.114,0.015,0.01,0.02,0.985,0.98,0.99,,,,
2026-01-06 09:42:11.027000+00:00,2026-01-06 09:42:11.388266+00:00,731.027,0.015,0.01,0.02,0.985,0.98,0.99,,,,
2026-01-06 09:42:12.163000+00:00,2026-01-06 09:42:12.388226+00:00,732.163,0.015,0.01,0.02,0.985,0.98,0.99,,,,
2026-01-06 09:42:13.158000+00:00,2026-01-06 09:42:13.389404+00:00,733.158,0.015,0.01,0.02,0.985,0.98,0.99,,,,
2026-01-06 09:42:14.017000+00:00,2026-01-06 09:42:14.394689+00:00,734.017,0.015,0.01,0.02,0.985,0.98,0.99,,,,
2026-01-06 09:42:15.176000+00:00,2026-01-06 09:42:15.408126+00:00,735.176,0.015,0.01,0.02,0.985,0.98,0.99,,,,
2026-01-06 09:42:16.080000+00:00,2026-01-06 09:42:16.409152+00:00,736.08,0.015,0.01,0.02,0.985,0.98,0.99,,,,
2026-01-06 09:42:17.125000+00:00,2026-01-06 09:42:17.418865+00:00,737.125,0.015,0.01,0.02,0.985,0.98,0.99,,,,
2026-01-06 09:42:18+00:00,2026-01-06 09:42:19.424718+00:00,738.0,0.015,0.01,0.02,0.985,0.98,0.99,,,,
2026-01-06 09:42:20.078000+00:00,2026-01-06 09:42:20.443079+00:00,740.078,0.0185,0.01,0.027,0.9815,0.973,0.99,,,,
2026-01-06 09:42:21.663000+00:00,2026-01-06 09:42:22.442253+00:00,741.663,0.0185,0.01,0.027,0.9815,0.973,0.99,,,,
2026-01-06 09:42:23.190000+00:00,2026-01-06 09:42:23.459204+00:00,743.19,0.0185,0.01,0.027,0.9815,0.973,0.99,,,,
2026-01-06 09:42:24.006000+00:00,2026-01-06 09:42:24.459903+00:00,744.006,0.0185,0.01,0.027,0.9815,0.973,0.99,,,,
2026-01-06 09:42:25.810000+00:00,2026-01-06 09:42:26.488661+00:00,745.81,0.0185,0.01,0.027,0.9815,0.973,0.99,,,,
2026-01-06 09:42:26.334000+00:00,2026-01-06 09:42:27.490540+00:00,746.334,0.0185,0.01,0.027,0.9815,0.973,0.99,,,,
2026-01-06 09:42:28.015000+00:00,2026-01-06 09:42:28.508361+00:00,748.015,0.0185,0.01,0.027,0.9815,0.973,0.99,,,,
2026-01-06 09:42:29.016000+00:00,2026-01-06 09:42:29.511938+00:00,749.016,0.0185,0.01,0.027,0.9815,0.973,0.99,,,,
2026-01-06 09:42:30.149000+00:00,2026-01-06 09:42:30.520822+00:00,750.149,0.0185,0.01,0.027,0.9815,0.973,0.99,,,,
2026-01-06 09:42:31.234000+00:00,2026-01-06 09:42:31.527856+00:00,751.234,0.0185,0.01,0.027,0.9815,0.973,0.99,,,,
2026-01-06 09:42:32.030000+00:00,2026-01-06 09:42:32.541857+00:00,752.03,0.0185,0.01,0.027,0.9815,0.973,0.99,,,,
2026-01-06 09:42:33.083000+00:00,2026-01-06 09:42:33.553235+00:00,753.083,0.0185,0.01,0.027,0.9815,0.973,0.99,,,,
2026-01-06 09:42:34.345000+00:00,2026-01-06 09:42:34.561559+00:00,754.345,0.0185,0.01,0.027,0.9815,0.973,0.99,,,,
2026-01-06 09:42:35.156000+00:00,2026-01-06 09:42:35.562742+00:00,755.156,0.0185,0.01,0.027,0.9815,0.973,0.99,,,,
2026-01-06 09:42:36.834000+00:00,2026-01-06 09:42:37.557995+00:00,756.834,0.0185,0.01,0.027,0.9815,0.973,0.99,,,,
2026-01-06 09:42:37.482000+00:00,2026-01-06 09:42:38.576271+00:00,757.482,0.0185,0.01,0.027,0.9815,0.973,0.99,,,,
2026-01-06 09:42:39.308000+00:00,2026-01-06 09:42:39.578746+00:00,759.308,0.02,0.01,0.03,0.9815,0.973,0.99,,,,
2026-01-06 09:42:40.338000+00:00,2026-01-06 09:42:40.593916+00:00,760.338,0.0185,0.01,0.027,0.9815,0.973,0.99,,,,
2026-01-06 09:42:41.339000+00:00,2026-01-06 09:42:41.604980+00:00,761.339,0.027,,0.027,0.973,0.973,,,,,
2026-01-06 09:42:42.206000+00:00,2026-01-06 09:42:42.625831+00:00,762.206,0.027,,0.027,0.973,0.973,,,,,
2026-01-06 09:42:43.282000+00:00,2026-01-06 09:42:43.635244+00:00,763.282,0.027,,0.027,0.973,0.973,,,,,
2026-01-06 09:42:44.393000+00:00,2026-01-06 09:42:44.635155+00:00,764.393,0.027,,0.027,0.973,0.973,,,,,
2026-01-06 09:42:45.141000+00:00,2026-01-06 09:42:45.652130+00:00,765.141,0.027,,0.027,0.973,0.973,,,,,
2026-01-06 09:42:46.363000+00:00,2026-01-06 09:42:46.652107+00:00,766.363,0.0144999999999999,0.002,0.027,0.9855,0.973,0.998,,,,
2026-01-06 09:42:47.232000+00:00,2026-01-06 09:42:47.668448+00:00,767.232,0.0144999999999999,0.002,0.027,0.9855,0.973,0.998,,,,
2026-01-06 09:42:48.385000+00:00,2026-01-06 09:42:48.669448+00:00,768.385,0.0144999999999999,0.002,0.027,0.9855,0.973,0.998,,,,
2026-01-06 09:42:49.490000+00:00,2026-01-06 09:42:49.685577+00:00,769.49,0.027,,0.027,0.973,0.973,,,,,
2026-01-06 09:42:50.416000+00:00,2026-01-06 09:42:50.685640+00:00,770.416,0.0185,0.01,0.027,0.9815,0.973,0.99,,,,
2026-01-06 09:42:51.411000+00:00,2026-01-06 09:42:51.695558+00:00,771.411,0.0185,0.01,0.027,0.9815,0.973,0.99,,,,
2026-01-06 09:42:52.471000+00:00,2026-01-06 09:42:52.700246+00:00,772.471,0.027,,0.027,0.973,0.973,,,,,
2026-01-06 09:42:53.455000+00:00,2026-01-06 09:42:53.700752+00:00,773.455,0.027,,0.027,0.973,0.973,,,,,
2026-01-06 09:42:54.365000+00:00,2026-01-06 09:42:54.692600+00:00,774.365,0.0185,0.01,0.027,0.9815,0.973,0.99,,,,
2026-01-06 09:42:55.135000+00:00,2026-01-06 09:42:55.693444+00:00,775.135,0.0185,0.01,0.027,0.9815,0.973,0.99,,,,
2026-01-06 09:42:56.092000+00:00,2026-01-06 09:42:56.706829+00:00,776.092,0.0185,0.01,0.027,0.9815,0.973,0.99,,,,
2026-01-06 09:42:57.434000+00:00,2026-01-06 09:42:57.718705+00:00,777.434,0.027,,0.027,0.973,0.973,,,,,
2026-01-06 09:42:58.463000+00:00,2026-01-06 09:42:58.717639+00:00,778.463,0.027,,0.027,0.973,0.973,,,,,
2026-01-06 09:42:59.793000+00:00,2026-01-06 09:43:00.746286+00:00,779.793,0.027,,0.027,0.973,0.973,,,,,
2026-01-06 09:43:01.176000+00:00,2026-01-06 09:43:01.760746+00:00,781.176,0.027,,0.027,0.973,0.973,,,,,
2026-01-06 09:43:02.224000+00:00,2026-01-06 09:43:03.785713+00:00,782.224,0.027,,0.027,0.973,0.973,,,,,
2026-01-06 09:43:03.880000+00:00,2026-01-06 09:43:04.800483+00:00,783.88,0.027,,0.027,0.973,0.973,,,,,
2026-01-06 09:43:05.548000+00:00,2026-01-06 09:43:05.799903+00:00,785.548,0.027,,0.027,0.973,0.973,,,,,
2026-01-06 09:43:06.999000+00:00,2026-01-06 09:43:07.799736+00:00,786.999,0.027,,0.027,0.973,0.973,,,,,
2026-01-06 09:43:08.386000+00:00,2026-01-06 09:43:08.801092+00:00,788.386,0.027,,0.027,0.973,0.973,,,,,
2026-01-06 09:43:09.476000+00:00,2026-01-06 09:43:09.815713+00:00,789.476,0.027,,0.027,0.973,0.973,,,,,
2026-01-06 09:43:10.472000+00:00,2026-01-06 09:43:10.823905+00:00,790.472,0.027,,0.027,0.973,0.973,,,,,
2026-01-06 09:43:11.072000+00:00,2026-01-06 09:43:11.845285+00:00,791.072,0.027,,0.027,0.973,0.973,,,,,
2026-01-06 09:43:12.566000+00:00,2026-01-06 09:43:13.869699+00:00,792.566,0.027,,0.027,0.973,0.973,,,,,
2026-01-06 09:43:14+00:00,2026-01-06 09:43:14.870058+00:00,794.0,0.027,,0.027,0.973,0.973,,,,,
2026-01-06 09:43:15.004000+00:00,2026-01-06 09:43:15.886206+00:00,795.004,0.027,,0.027,0.973,0.973,,,,,
2026-01-06 09:43:16.609000+00:00,2026-01-06 09:43:16.888845+00:00,796.609,0.027,,0.027,0.973,0.973,,,,,
2026-01-06 09:43:17.579000+00:00,2026-01-06 09:43:17.896020+00:00,797.579,0.027,,0.027,0.973,0.973,,,,,
2026-01-06 09:43:18.973000+00:00,2026-01-06 09:43:19.909519+00:00,798.973,0.027,,0.027,0.973,0.973,,,,,
2026-01-06 09:43:20.439000+00:00,2026-01-06 09:43:20.910452+00:00,800.439,0.027,,0.027,0.973,0.973,,,,,
2026-01-06 09:43:21.694000+00:00,2026-01-06 09:43:21.921923+00:00,801.694,0.027,,0.027,0.973,0.973,,,,,
2026-01-06 09:43:22.202000+00:00,2026-01-06 09:43:22.930518+00:00,802.202,0.027,,0.027,0.973,0.973,,,,,
2026-01-06 09:43:23.271000+00:00,2026-01-06 09:43:23.943233+00:00,803.271,0.027,,0.027,0.973,0.973,,,,,
2026-01-06 09:43:24.447000+00:00,2026-01-06 09:43:24.941950+00:00,804.447,0.027,,0.027,0.973,0.973,,,,,
2026-01-06 09:43:25.474000+00:00,2026-01-06 09:43:25.942151+00:00,805.474,0.027,,0.027,0.973,0.973,,,,,
2026-01-06 09:43:26.986000+00:00,2026-01-06 09:43:28.974194+00:00,806.986,0.027,,0.027,0.973,0.973,,,,,
2026-01-06 09:43:29.730000+00:00,2026-01-06 09:43:30.990564+00:00,809.73,0.027,,0.027,0.973,0.973,,,,,
2026-01-06 09:43:31.693000+00:00,2026-01-06 09:43:31.992603+00:00,811.693,0.027,,0.027,0.973,0.973,,,,,
2026-01-06 09:43:32+00:00,2026-01-06 09:43:33.007135+00:00,812.0,0.027,,0.027,0.973,0.973,,,,,
2026-01-06 09:43:33.584000+00:00,2026-01-06 09:43:34.013383+00:00,813.584,0.027,,0.027,0.973,0.973,,,,,
2026-01-06 09:43:34.167000+00:00,2026-01-06 09:43:35.025535+00:00,814.167,0.027,,0.027,0.973,0.973,,,,,
2026-01-06 09:43:35.288000+00:00,2026-01-06 09:43:38.051208+00:00,815.288,0.027,,0.027,0.973,0.973,,,,,
2026-01-06 09:43:38.815000+00:00,2026-01-06 09:43:39.051701+00:00,818.815,0.027,,0.027,0.973,0.973,,,,,
2026-01-06 09:43:39.809000+00:00,2026-01-06 09:43:40.058494+00:00,819.809,0.027,,0.027,0.973,0.973,,,,,
2026-01-06 09:43:40.662000+00:00,2026-01-06 09:43:41.061285+00:00,820.662,0.027,,0.027,0.973,0.973,,,,,
2026-01-06 09:43:41.801000+00:00,2026-01-06 09:43:42.067646+00:00,821.801,0.027,,0.027,0.973,0.973,,,,,
2026-01-06 09:43:42.264000+00:00,2026-01-06 09:43:45.096884+00:00,822.264,0.027,,0.027,0.973,0.973,,,,,
2026-01-06 09:43:45.702000+00:00,2026-01-06 09:43:46.091573+00:00,825.702,0.027,,0.027,0.973,0.973,,,,,
2026-01-06 09:43:46.681000+00:00,2026-01-06 09:43:47.083791+00:00,826.681,0.027,,0.027,0.973,0.973,,,,,
2026-01-06 09:43:47.133000+00:00,2026-01-06 09:43:50.107752+00:00,827.133,0.027,,0.027,0.973,0.973,,,,,
2026-01-06 09:43:50.274000+00:00,2026-01-06 09:43:51.117257+00:00,830.274,0.027,,0.027,0.973,0.973,,,,,
2026-01-06 09:43:51.901000+00:00,2026-01-06 09:43:52.123812+00:00,831.901,0.027,,0.027,0.973,0.973,,,,,
2026-01-06 09:43:52.797000+00:00,2026-01-06 09:43:53.139034+00:00,832.797,0.027,,0.027,0.973,0.973,,,,,
2026-01-06 09:43:53.797000+00:00,2026-01-06 09:43:54.140119+00:00,833.797,0.027,,0.027,0.973,0.973,,,,,
2026-01-06 09:43:54.799000+00:00,2026-01-06 09:43:55.148688+00:00,834.799,0.027,,0.027,0.973,0.973,,,,,
2026-01-06 09:43:55.802000+00:00,2026-01-06 09:43:56.165177+00:00,835.802,0.027,,0.027,0.973,0.973,,,,,
2026-01-06 09:43:56.921000+00:00,2026-01-06 09:43:57.170475+00:00,836.921,0.027,,0.027,0.973,0.973,,,,,
2026-01-06 09:43:57.873000+00:00,2026-01-06 09:43:58.188968+00:00,837.873,0.027,,0.027,0.973,0.973,,,,,
2026-01-06 09:43:58.815000+00:00,2026-01-06 09:44:00.452525+00:00,838.815,0.027,,0.027,0.973,0.973,,,,,
2026-01-06 09:44:01.095000+00:00,2026-01-06 09:44:02.283932+00:00,841.095,0.027,,0.027,0.973,0.973,,,,,
2026-01-06 09:44:02.593000+00:00,2026-01-06 09:44:03.283761+00:00,842.593,0.027,,0.027,0.973,0.973,,,,,
2026-01-06 09:44:03.753000+00:00,2026-01-06 09:44:04.292646+00:00,843.753,0.027,,0.027,0.973,0.973,,,,,
2026-01-06 09:44:04.796000+00:00,2026-01-06 09:44:05.298148+00:00,844.796,0.027,,0.027,0.973,0.973,,,,,
2026-01-06 09:44:05.665000+00:00,2026-01-06 09:44:06.312325+00:00,845.665,0.027,,0.027,0.973,0.973,,,,,
2026-01-06 09:44:06.974000+00:00,2026-01-06 09:44:07.310525+00:00,846.974,0.016,0.005,0.027,0.984,0.973,0.995,,,,
2026-01-06 09:44:07.890000+00:00,2026-01-06 09:44:08.316593+00:00,847.89,0.016,0.005,0.027,0.984,0.973,0.995,,,,
2026-01-06 09:44:09.398000+00:00,2026-01-06 09:44:10.327196+00:00,849.398,0.016,0.005,0.027,0.984,0.973,0.995,,,,
2026-01-06 09:44:11.380000+00:00,2026-01-06 09:44:14.357539+00:00,851.38,0.027,,0.027,0.973,0.973,,,,,
2026-01-06 09:44:14.188000+00:00,2026-01-06 09:44:17.371135+00:00,854.188,0.027,,0.027,0.973,0.973,,,,,
2026-01-06 09:44:17.357000+00:00,2026-01-06 09:44:18.389093+00:00,857.357,0.027,,0.027,0.973,0.973,,,,,
2026-01-06 09:44:19.894000+00:00,2026-01-06 09:44:20.420821+00:00,859.894,0.027,,0.027,0.973,0.973,,,,,
2026-01-06 09:44:20.861000+00:00,2026-01-06 09:44:21.443062+00:00,860.861,0.027,,0.027,0.973,0.973,,,,,
2026-01-06 09:44:22.023000+00:00,2026-01-06 09:44:23.454469+00:00,862.023,0.027,,0.027,0.973,0.973,,,,,
2026-01-06 09:44:23.756000+00:00,2026-01-06 09:44:24.472113+00:00,863.756,0.027,,0.027,0.973,0.973,,,,,
2026-01-06 09:44:25.869000+00:00,2026-01-06 09:44:26.471868+00:00,865.869,0.027,,0.027,0.973,0.973,,,,,
2026-01-06 09:44:27.686000+00:00,2026-01-06 09:44:28.489378+00:00,867.686,0.027,,0.027,0.973,0.973,,,,,
2026-01-06 09:44:29.150000+00:00,2026-01-06 09:44:29.486954+00:00,869.15,0.027,,0.027,0.973,0.973,,,,,
2026-01-06 09:44:30.122000+00:00,2026-01-06 09:44:31.509594+00:00,870.122,0.027,,0.027,0.973,0.973,,,,,
2026-01-06 09:44:31.894000+00:00,2026-01-06 09:44:32.515961+00:00,871.894,0.027,,0.027,0.973,0.973,,,,,
2026-01-06 09:44:33.025000+00:00,2026-01-06 09:44:34.521566+00:00,873.025,0.027,,0.027,0.973,0.973,,,,,
2026-01-06 09:44:34.482000+00:00,2026-01-06 09:44:35.522421+00:00,874.482,0.027,,0.027,0.973,0.973,,,,,
2026-01-06 09:44:36.085000+00:00,2026-01-06 09:44:37.548344+00:00,876.085,0.027,,0.027,0.973,0.973,,,,,
2026-01-06 09:44:37.433000+00:00,2026-01-06 09:44:40.566133+00:00,877.433,0.027,,0.027,0.973,0.973,,,,,
2026-01-06 09:44:41.262000+00:00,2026-01-06 09:44:44.586244+00:00,881.262,0.027,,0.027,0.973,0.973,,,,,
2026-01-06 09:44:45.327000+00:00,2026-01-06 09:44:47.634585+00:00,885.327,0.01,,0.01,0.99,0.99,,,,,
2026-01-06 09:44:48.242000+00:00,2026-01-06 09:44:49.641537+00:00,888.242,0.01,,0.01,0.99,0.99,,,,,
2026-01-06 09:44:50.654000+00:00,2026-01-06 09:44:51.664354+00:00,890.654,0.01,,0.01,0.99,0.99,,,,,
2026-01-06 09:44:52.962000+00:00,2026-01-06 09:44:53.671820+00:00,892.962,0.01,,0.01,0.99,0.99,,,,,
2026-01-06 09:44:54.455000+00:00,2026-01-06 09:44:54.679934+00:00,894.455,0.001,,0.001,0.999,0.999,,,,,
2026-01-06 09:44:55.461000+00:00,2026-01-06 09:44:55.691322+00:00,895.461,0.001,,0.001,0.999,0.999,,,,,
2026-01-06 09:44:56.138000+00:00,2026-01-06 09:44:56.697011+00:00,896.138,0.001,,0.001,0.999,0.999,,,,,
2026-01-06 09:44:57.272000+00:00,2026-01-06 09:44:57.697271+00:00,897.272,0.001,,0.001,0.999,0.999,,,,,
2026-01-06 09:44:58.384000+00:00,2026-01-06 09:44:58.696327+00:00,898.384,0.001,,0.001,0.999,0.999,,,,,
2026-01-06 09:44:59.280000+00:00,2026-01-06 09:44:59.697853+00:00,899.28,0.001,,0.001,0.999,0.999,,,,,
